2024-09-04 07:16:37,BTCUSDT,bid,57800,1001.345
2024-09-04 07:15:07,BTCUSDT,bid,57700,1006.438
2024-09-04 07:15:07,BTCUSDT,bid,57700,1003.688
2024-09-04 07:15:13,BTCUSDT,bid,57700,1003.712
2024-09-04 07:00:03,BTCUSDT,ask,57500,1002.67
2024-09-04 07:00:05,BTCUSDT,ask,57500,1002.77
2024-09-04 07:00:07,BTCUSDT,ask,57500,1002.9
2024-09-04 07:03:33,BTCUSDT,bid,57500,1002.393
2024-09-04 07:03:34,BTCUSDT,bid,57500,1002.4
2024-09-04 07:03:35,BTCUSDT,bid,57500,1002.403
2024-09-04 07:03:43,BTCUSDT,bid,57500,902.009
2024-09-04 07:03:43,BTCUSDT,bid,57500,1002.406
2024-09-04 07:03:43,BTCUSDT,bid,57500,902.011
2024-09-04 07:03:45,BTCUSDT,bid,57500,1002.426
2024-09-04 07:03:45,BTCUSDT,bid,57500,900.276
2024-09-04 07:03:45,BTCUSDT,bid,57500,900.62
2024-09-04 07:03:46,BTCUSDT,bid,57500,1003.631
2024-09-04 07:03:47,BTCUSDT,bid,57500,1003.633
2024-09-04 07:03:47,BTCUSDT,bid,57500,900.628
2024-09-04 07:03:48,BTCUSDT,bid,57500,1003.737
2024-09-04 07:03:48,BTCUSDT,bid,57500,1002.768
2024-09-04 07:03:49,BTCUSDT,bid,57500,1002.766
2024-09-04 07:03:49,BTCUSDT,bid,57500,901.167
2024-09-04 07:03:50,BTCUSDT,bid,57500,1002.773
2024-09-04 08:01:46,BTCUSDT,ask,56500,552.327
2024-09-04 08:38:10,BTCUSDT,ask,56700,817.954
2024-09-04 08:38:13,BTCUSDT,ask,56700,817.788
2024-09-04 08:38:14,BTCUSDT,ask,56700,817.759
2024-09-04 08:38:19,BTCUSDT,ask,56700,818.362
2024-09-04 08:38:23,BTCUSDT,ask,56700,818.37
2024-09-04 08:38:46,BTCUSDT,ask,56700,818.094
2024-09-04 08:38:53,BTCUSDT,ask,56700,818.126
2024-09-04 08:38:58,BTCUSDT,ask,56700,820.496
2024-09-04 08:39:02,BTCUSDT,ask,56700,820.488
2024-09-04 08:39:09,BTCUSDT,ask,56700,821.616
2024-09-04 08:39:11,BTCUSDT,ask,56700,818.089
2024-09-04 08:39:20,BTCUSDT,ask,56700,818.086
2024-09-04 08:39:35,BTCUSDT,ask,56700,818.417
2024-09-04 08:39:36,BTCUSDT,ask,56700,818.642
2024-09-04 08:39:48,BTCUSDT,ask,56700,819.197
2024-09-04 08:39:50,BTCUSDT,ask,56700,818.989
2024-09-04 08:39:53,BTCUSDT,ask,56700,819.227
2024-09-04 08:39:54,BTCUSDT,ask,56700,819.191
2024-09-04 08:39:55,BTCUSDT,ask,56700,819.377
2024-09-04 08:39:56,BTCUSDT,ask,56700,819.111
2024-09-04 08:39:57,BTCUSDT,ask,56700,819.121
2024-09-04 08:39:59,BTCUSDT,ask,56700,819.122
2024-09-04 08:40:00,BTCUSDT,ask,56700,819.122
2024-09-04 20:51:21,BTCUSDT,ask,56400,882.917
2024-09-04 20:51:21,BTCUSDT,ask,56400,883.985
2024-09-04 20:51:21,BTCUSDT,ask,56400,882.917
2024-09-04 20:51:22,BTCUSDT,ask,56400,882.925
2024-09-04 20:51:22,BTCUSDT,ask,56400,882.917
2024-09-04 20:51:23,BTCUSDT,ask,56400,882.917
2024-09-04 20:56:59,BTCUSDT,ask,56400,859.536
2024-09-04 20:56:59,BTCUSDT,ask,56400,860.055
2024-09-04 20:57:00,BTCUSDT,ask,56400,859.617
2024-09-04 20:57:00,BTCUSDT,ask,56400,859.481
2024-09-04 20:57:00,BTCUSDT,ask,56400,859.483
2024-09-04 20:57:01,BTCUSDT,ask,56400,859.483
2024-09-04 20:57:01,BTCUSDT,ask,56400,859.521
2024-09-04 20:57:01,BTCUSDT,ask,56400,859.481
2024-09-04 20:57:02,BTCUSDT,ask,56400,859.524
2024-09-04 20:57:02,BTCUSDT,ask,56400,859.522
2024-09-04 20:57:03,BTCUSDT,ask,56400,859.627
2024-09-04 20:57:04,BTCUSDT,ask,56400,860.055
2024-09-04 20:57:04,BTCUSDT,ask,56400,860.053
2024-09-04 20:57:07,BTCUSDT,ask,56400,859.522
2024-09-04 20:57:08,BTCUSDT,ask,56400,859.481
2024-09-04 20:57:08,BTCUSDT,ask,56400,859.498
2024-09-04 20:57:08,BTCUSDT,ask,56400,859.489
2024-09-04 20:57:08,BTCUSDT,ask,56400,859.481
2024-09-04 20:57:10,BTCUSDT,ask,56400,859.483
2024-09-04 20:57:11,BTCUSDT,ask,56400,859.485
2024-09-04 20:57:11,BTCUSDT,ask,56400,859.487
2024-09-04 20:57:11,BTCUSDT,ask,56400,859.483
2024-09-04 20:57:11,BTCUSDT,ask,56400,859.923
2024-09-04 20:57:11,BTCUSDT,ask,56400,859.483
2024-09-04 20:57:12,BTCUSDT,ask,56400,859.571
2024-09-04 20:57:12,BTCUSDT,ask,56400,859.569
2024-09-04 20:57:13,BTCUSDT,ask,56400,829.57
2024-09-04 20:57:13,BTCUSDT,ask,56400,826.743
2024-09-04 20:57:13,BTCUSDT,ask,56400,827.449
2024-09-04 20:57:13,BTCUSDT,ask,56400,826.741
2024-09-04 20:57:14,BTCUSDT,ask,56400,826.745
2024-09-04 20:57:14,BTCUSDT,ask,56400,826.743
2024-09-04 20:57:14,BTCUSDT,ask,56400,826.745
2024-09-04 20:57:17,BTCUSDT,ask,56400,826.743
2024-09-04 20:57:17,BTCUSDT,ask,56400,826.743
2024-09-04 20:57:17,BTCUSDT,ask,56400,826.741
2024-09-04 20:57:18,BTCUSDT,ask,56400,826.781
2024-09-04 20:57:18,BTCUSDT,ask,56400,826.741
2024-09-04 20:57:18,BTCUSDT,ask,56400,827.237
2024-09-04 20:57:19,BTCUSDT,ask,56400,826.741
2024-09-04 20:57:20,BTCUSDT,ask,56400,788.349
2024-09-04 20:57:21,BTCUSDT,ask,56400,784.455
2024-09-04 20:57:21,BTCUSDT,ask,56400,784.458
2024-09-04 20:57:22,BTCUSDT,ask,56400,784.525
2024-09-04 20:57:22,BTCUSDT,ask,56400,784.455
2024-09-04 20:57:22,BTCUSDT,ask,56400,781.675
2024-09-04 20:57:22,BTCUSDT,ask,56400,781.736
2024-09-04 20:57:22,BTCUSDT,ask,56400,781.726
2024-09-04 20:57:23,BTCUSDT,ask,56400,783.423
2024-09-04 20:57:23,BTCUSDT,ask,56400,783.425
2024-09-04 20:57:23,BTCUSDT,ask,56400,783.461
2024-09-04 20:57:23,BTCUSDT,ask,56400,783.814
2024-09-04 20:57:23,BTCUSDT,ask,56400,783.825
2024-09-04 20:57:23,BTCUSDT,ask,56400,783.829
2024-09-04 20:57:23,BTCUSDT,ask,56400,783.831
2024-09-04 20:57:23,BTCUSDT,ask,56400,783.821
2024-09-04 20:57:23,BTCUSDT,ask,56400,784.005
2024-09-04 20:57:23,BTCUSDT,ask,56400,783.293
2024-09-04 20:57:23,BTCUSDT,ask,56400,783.293
2024-09-04 20:57:24,BTCUSDT,ask,56400,784.022
2024-09-04 20:57:24,BTCUSDT,ask,56400,784.168
2024-09-04 20:57:24,BTCUSDT,ask,56400,784.164
2024-09-04 20:57:24,BTCUSDT,ask,56400,784.168
2024-09-04 20:57:24,BTCUSDT,ask,56400,784.684
2024-09-04 20:57:24,BTCUSDT,ask,56400,783.97
2024-09-04 20:57:24,BTCUSDT,ask,56400,784.677
2024-09-04 20:57:24,BTCUSDT,ask,56400,783.964
2024-09-04 20:57:24,BTCUSDT,ask,56400,784.675
2024-09-04 20:57:24,BTCUSDT,ask,56400,783.969
2024-09-04 20:57:25,BTCUSDT,ask,56400,784.678
2024-09-04 20:57:25,BTCUSDT,ask,56400,784.68
2024-09-04 20:57:25,BTCUSDT,ask,56400,782.185
2024-09-04 20:57:25,BTCUSDT,ask,56400,782.676
2024-09-04 20:57:25,BTCUSDT,ask,56400,782.603
2024-09-04 20:57:25,BTCUSDT,ask,56400,782.601
2024-09-04 20:57:25,BTCUSDT,ask,56400,782.59
2024-09-04 20:57:26,BTCUSDT,ask,56400,782.585
2024-09-04 20:57:26,BTCUSDT,ask,56400,782.596
2024-09-04 20:57:27,BTCUSDT,ask,56400,782.119
2024-09-04 20:57:27,BTCUSDT,ask,56400,782.019
2024-09-04 20:57:27,BTCUSDT,ask,56400,781.975
2024-09-04 20:57:27,BTCUSDT,ask,56400,782.019
2024-09-04 20:57:27,BTCUSDT,ask,56400,782.086
2024-09-04 20:57:27,BTCUSDT,ask,56400,782.019
2024-09-04 20:57:28,BTCUSDT,ask,56400,781.84
2024-09-04 20:57:28,BTCUSDT,ask,56400,781.83
2024-09-04 20:57:28,BTCUSDT,ask,56400,781.828
2024-09-04 20:57:28,BTCUSDT,ask,56400,781.83
2024-09-04 20:57:28,BTCUSDT,ask,56400,781.866
2024-09-04 20:57:30,BTCUSDT,ask,56400,781.864
2024-09-04 20:57:30,BTCUSDT,ask,56400,781.866
2024-09-04 20:57:30,BTCUSDT,ask,56400,781.862
2024-09-04 20:57:30,BTCUSDT,ask,56400,781.864
2024-09-04 20:57:30,BTCUSDT,ask,56400,781.884
2024-09-04 20:57:31,BTCUSDT,ask,56400,781.882
2024-09-04 20:57:32,BTCUSDT,ask,56400,781.821
2024-09-04 20:57:32,BTCUSDT,ask,56400,781.814
2024-09-04 20:57:32,BTCUSDT,ask,56400,782.121
2024-09-04 20:57:32,BTCUSDT,ask,56400,782.378
2024-09-04 20:57:33,BTCUSDT,ask,56400,782.431
2024-09-04 20:57:33,BTCUSDT,ask,56400,782.378
2024-09-04 20:57:34,BTCUSDT,ask,56400,782.035
2024-09-04 20:57:34,BTCUSDT,ask,56400,782.006
2024-09-04 20:57:35,BTCUSDT,ask,56400,781.962
2024-09-04 20:57:35,BTCUSDT,ask,56400,781.879
2024-09-04 20:57:35,BTCUSDT,ask,56400,771.99
2024-09-04 20:57:35,BTCUSDT,ask,56400,771.985
2024-09-04 20:57:35,BTCUSDT,ask,56400,771.996
2024-09-04 20:57:35,BTCUSDT,ask,56400,771.306
2024-09-04 20:57:36,BTCUSDT,ask,56400,771.32
2024-09-04 20:57:36,BTCUSDT,ask,56400,771.325
2024-09-04 20:57:36,BTCUSDT,ask,56400,771.313
2024-09-04 20:57:36,BTCUSDT,ask,56400,771.667
2024-09-04 20:57:36,BTCUSDT,ask,56400,771.671
2024-09-04 20:57:37,BTCUSDT,ask,56400,771.674
2024-09-04 20:57:37,BTCUSDT,ask,56400,771.778
2024-09-04 20:57:37,BTCUSDT,ask,56400,771.777
2024-09-04 20:57:37,BTCUSDT,ask,56400,771.788
2024-09-04 20:57:37,BTCUSDT,ask,56400,771.756
2024-09-04 20:57:37,BTCUSDT,ask,56400,771.77
2024-09-04 20:57:38,BTCUSDT,ask,56400,771.777
2024-09-04 20:57:38,BTCUSDT,ask,56400,772.705
2024-09-04 20:57:38,BTCUSDT,ask,56400,772.707
2024-09-04 20:57:38,BTCUSDT,ask,56400,772.696
2024-09-04 20:57:38,BTCUSDT,ask,56400,771.768
2024-09-04 20:57:38,BTCUSDT,ask,56400,771.693
2024-09-04 20:57:38,BTCUSDT,ask,56400,771.695
2024-09-04 20:57:39,BTCUSDT,ask,56400,771.248
2024-09-04 20:57:39,BTCUSDT,ask,56400,771.259
2024-09-04 20:57:39,BTCUSDT,ask,56400,771.632
2024-09-04 20:57:39,BTCUSDT,ask,56400,771.63
2024-09-04 20:57:39,BTCUSDT,ask,56400,771.632
2024-09-04 20:57:39,BTCUSDT,ask,56400,770.982
2024-09-04 20:57:39,BTCUSDT,ask,56400,770.879
2024-09-04 20:57:41,BTCUSDT,ask,56400,771.002
2024-09-04 20:57:41,BTCUSDT,ask,56400,770.882
2024-09-04 20:57:41,BTCUSDT,ask,56400,737.843
2024-09-04 20:57:41,BTCUSDT,ask,56400,737.821
2024-09-04 20:57:42,BTCUSDT,ask,56400,737.824
2024-09-04 20:57:42,BTCUSDT,ask,56400,737.82
2024-09-04 20:57:43,BTCUSDT,ask,56400,737.813
2024-09-04 20:57:43,BTCUSDT,ask,56400,737.815
2024-09-04 20:57:44,BTCUSDT,ask,56400,737.806
2024-09-04 20:57:44,BTCUSDT,ask,56400,737.804
2024-09-04 20:57:44,BTCUSDT,ask,56400,737.806
2024-09-04 20:57:45,BTCUSDT,ask,56400,737.797
2024-09-04 20:57:46,BTCUSDT,ask,56400,738.18
2024-09-04 20:57:46,BTCUSDT,ask,56400,738.166
2024-09-04 20:57:46,BTCUSDT,ask,56400,737.796
2024-09-04 20:57:46,BTCUSDT,ask,56400,737.794
2024-09-04 20:57:47,BTCUSDT,ask,56400,738.029
2024-09-04 20:57:47,BTCUSDT,ask,56400,738.02
2024-09-04 20:57:48,BTCUSDT,ask,56400,738.149
2024-09-04 20:57:48,BTCUSDT,ask,56400,738.185
2024-09-04 20:57:49,BTCUSDT,ask,56400,738.156
2024-09-04 20:57:49,BTCUSDT,ask,56400,738.154
2024-09-04 20:57:49,BTCUSDT,ask,56400,738.145
2024-09-04 20:57:51,BTCUSDT,ask,56400,738.109
2024-09-04 20:57:51,BTCUSDT,ask,56400,737.789
2024-09-04 20:57:51,BTCUSDT,ask,56400,737.809
2024-09-04 20:57:52,BTCUSDT,ask,56400,737.789
2024-09-04 20:57:52,BTCUSDT,ask,56400,737.791
2024-09-04 20:57:53,BTCUSDT,ask,56400,737.755
2024-09-04 20:57:54,BTCUSDT,ask,56400,738.286
2024-09-04 20:57:54,BTCUSDT,ask,56400,737.755
2024-09-04 20:57:54,BTCUSDT,ask,56400,737.852
2024-09-04 20:57:55,BTCUSDT,ask,56400,737.852
2024-09-04 20:57:58,BTCUSDT,ask,56400,737.856
2024-09-04 20:57:58,BTCUSDT,ask,56400,737.856
2024-09-04 20:57:59,BTCUSDT,ask,56400,737.852
2024-09-04 20:57:59,BTCUSDT,ask,56400,737.854
2024-09-04 20:57:59,BTCUSDT,ask,56400,737.852
2024-09-04 20:57:59,BTCUSDT,ask,56400,737.852
2024-09-04 20:57:59,BTCUSDT,ask,56400,737.852
2024-09-04 20:57:59,BTCUSDT,ask,56400,737.858
2024-09-04 20:58:00,BTCUSDT,ask,56400,737.864
2024-09-04 20:58:00,BTCUSDT,ask,56400,737.852
2024-09-04 20:58:00,BTCUSDT,ask,56400,737.888
2024-09-04 20:58:00,BTCUSDT,ask,56400,737.89
2024-09-04 20:58:01,BTCUSDT,ask,56400,737.892
2024-09-04 20:58:01,BTCUSDT,ask,56400,737.89
2024-09-04 20:58:03,BTCUSDT,ask,56400,737.89
2024-09-04 20:58:03,BTCUSDT,ask,56400,737.951
2024-09-04 20:58:04,BTCUSDT,ask,56400,737.953
2024-09-04 20:58:04,BTCUSDT,ask,56400,737.898
2024-09-04 20:58:04,BTCUSDT,ask,56400,737.896
2024-09-04 20:58:04,BTCUSDT,ask,56400,737.858
2024-09-04 20:58:06,BTCUSDT,ask,56400,737.856
2024-09-04 20:58:07,BTCUSDT,ask,56400,737.854
2024-09-04 20:58:08,BTCUSDT,ask,56400,737.856
2024-09-04 21:12:19,BTCUSDT,bid,56600,1004.757
2024-09-04 21:12:20,BTCUSDT,bid,56600,1004.721
2024-09-04 21:12:20,BTCUSDT,bid,56600,1005.074
2024-09-04 21:12:22,BTCUSDT,bid,56600,1005.074
2024-09-04 21:12:22,BTCUSDT,bid,56600,1004.661
2024-09-04 21:12:23,BTCUSDT,bid,56600,1004.566
2024-09-04 21:12:23,BTCUSDT,bid,56600,1004.554
2024-09-04 21:12:23,BTCUSDT,bid,56600,1004.137
