2024-08-25 14:18:55,BTCUSD_PERP,ask,64500,474.55
2024-08-25 14:19:03,BTCUSD_PERP,ask,64500,484.87
2024-08-25 14:37:46,BTCUSD_PERP,ask,64500,488.78
2024-08-25 14:37:48,BTCUSD_PERP,ask,64500,478.56
2024-08-25 14:37:49,BTCUSD_PERP,ask,64500,472.17
2024-08-25 14:55:58,BTCUSD_PERP,ask,64500,474.88
2024-08-25 14:56:02,BTCUSD_PERP,ask,64500,496.17
2024-08-25 14:56:03,BTCUSD_PERP,ask,64500,502.62
2024-08-25 14:56:06,BTCUSD_PERP,ask,64500,512.94
2024-08-25 14:56:58,BTCUSD_PERP,ask,64500,502.62
2024-08-25 14:57:04,BTCUSD_PERP,ask,64500,496.17
2024-08-25 14:57:06,BTCUSD_PERP,ask,64500,485.85
2024-08-25 14:57:31,BTCUSD_PERP,ask,64500,475.21
2024-08-25 15:01:41,BTCUSD_PERP,ask,64500,485.28
2024-08-25 15:01:42,BTCUSD_PERP,ask,64500,495.59
2024-08-25 15:01:47,BTCUSD_PERP,ask,64500,502.03
2024-08-25 15:04:11,BTCUSD_PERP,ask,64500,474.26
2024-08-25 16:20:24,BTCUSD_PERP,ask,64500,478.99
2024-08-25 16:20:24,BTCUSD_PERP,ask,64500,485.43
2024-08-25 16:20:26,BTCUSD_PERP,ask,64500,495.75
2024-08-25 16:21:21,BTCUSD_PERP,ask,64500,485.44
2024-08-25 16:21:26,BTCUSD_PERP,ask,64500,475.12
2024-08-25 16:24:28,BTCUSD_PERP,ask,64500,468.03
2024-08-25 16:24:39,BTCUSD_PERP,ask,64500,478.67
2024-08-25 16:24:42,BTCUSD_PERP,ask,64500,488.99
2024-08-25 16:24:43,BTCUSD_PERP,ask,64500,495.43
2024-08-25 16:24:50,BTCUSD_PERP,ask,64500,505.74
2024-08-25 16:24:53,BTCUSD_PERP,ask,64500,512.19
2024-08-25 16:24:53,BTCUSD_PERP,ask,64500,522.51
2024-08-25 16:24:58,BTCUSD_PERP,ask,64500,528.95
2024-08-25 16:24:58,BTCUSD_PERP,ask,64500,539.26
2024-08-25 16:25:08,BTCUSD_PERP,ask,64500,549.58
2024-08-25 16:25:08,BTCUSD_PERP,ask,64500,559.89
2024-08-25 16:25:12,BTCUSD_PERP,ask,64500,569.88
2024-08-25 16:25:13,BTCUSD_PERP,ask,64500,580.19
2024-08-25 16:25:16,BTCUSD_PERP,ask,64500,590.5
2024-08-25 16:25:19,BTCUSD_PERP,ask,64500,596.94
2024-08-25 16:25:24,BTCUSD_PERP,ask,64500,586.63
2024-08-25 16:25:24,BTCUSD_PERP,ask,64500,596.94
2024-08-25 16:25:25,BTCUSD_PERP,ask,64500,603.38
2024-08-25 16:25:28,BTCUSD_PERP,ask,64500,593.06
2024-08-25 16:25:29,BTCUSD_PERP,ask,64500,603.38
2024-08-25 16:25:29,BTCUSD_PERP,ask,64500,624.66
2024-08-25 16:25:43,BTCUSD_PERP,ask,64500,614.34
2024-08-25 16:25:50,BTCUSD_PERP,ask,64500,604.03
2024-08-25 16:25:53,BTCUSD_PERP,ask,64500,587.26
2024-08-25 16:25:58,BTCUSD_PERP,ask,64500,580.82
2024-08-25 16:25:59,BTCUSD_PERP,ask,64500,570.51
2024-08-25 16:26:08,BTCUSD_PERP,ask,64500,549.88
2024-08-25 16:26:12,BTCUSD_PERP,ask,64500,539.89
2024-08-25 16:26:13,BTCUSD_PERP,ask,64500,529.58
2024-08-25 16:26:16,BTCUSD_PERP,ask,64500,519.27
2024-08-25 16:26:19,BTCUSD_PERP,ask,64500,512.83
2024-08-25 16:26:20,BTCUSD_PERP,ask,64500,502.19
2024-08-25 16:26:24,BTCUSD_PERP,ask,64500,491.88
2024-08-25 16:26:25,BTCUSD_PERP,ask,64500,485.44
2024-08-25 16:26:29,BTCUSD_PERP,ask,64500,475.12
2024-08-25 16:27:06,BTCUSD_PERP,ask,64500,468.68
2024-08-25 16:30:56,BTCUSD_PERP,ask,64500,495.51
2024-08-25 16:31:01,BTCUSD_PERP,ask,64500,501.95
2024-08-25 16:31:02,BTCUSD_PERP,ask,64500,512.26
2024-08-25 16:31:06,BTCUSD_PERP,ask,64500,522.57
2024-08-25 16:31:11,BTCUSD_PERP,ask,64500,532.88
2024-08-25 16:31:11,BTCUSD_PERP,ask,64500,543.19
2024-08-25 16:31:14,BTCUSD_PERP,ask,64500,553.18
2024-08-25 16:31:16,BTCUSD_PERP,ask,64500,563.49
2024-08-25 16:31:20,BTCUSD_PERP,ask,64500,573.8
2024-08-25 16:31:21,BTCUSD_PERP,ask,64500,580.24
2024-08-25 16:31:22,BTCUSD_PERP,ask,64500,590.87
2024-08-25 16:31:25,BTCUSD_PERP,ask,64500,597.31
2024-08-25 16:31:28,BTCUSD_PERP,ask,64500,607.62
2024-08-25 16:31:31,BTCUSD_PERP,ask,64500,617.93
2024-08-25 16:31:54,BTCUSD_PERP,ask,64500,607.62
2024-08-25 16:31:55,BTCUSD_PERP,ask,64500,597.31
2024-08-25 16:31:56,BTCUSD_PERP,ask,64500,590.87
2024-08-25 16:32:02,BTCUSD_PERP,ask,64500,584.43
2024-08-25 16:32:02,BTCUSD_PERP,ask,64500,574.12
2024-08-25 16:32:06,BTCUSD_PERP,ask,64500,563.81
2024-08-25 16:32:11,BTCUSD_PERP,ask,64500,553.5
2024-08-25 16:32:12,BTCUSD_PERP,ask,64500,543.19
2024-08-25 16:32:15,BTCUSD_PERP,ask,64500,533.2
2024-08-25 16:32:17,BTCUSD_PERP,ask,64500,522.89
2024-08-25 16:32:20,BTCUSD_PERP,ask,64500,512.58
2024-08-25 16:32:20,BTCUSD_PERP,ask,64500,491.31
2024-08-25 16:32:21,BTCUSD_PERP,ask,64500,484.87
2024-08-25 17:08:49,BTCUSD_PERP,ask,64500,474.11
2024-08-25 17:08:51,BTCUSD_PERP,ask,64500,495.37
2024-08-25 17:08:53,BTCUSD_PERP,ask,64500,505.68
2024-08-25 17:08:55,BTCUSD_PERP,ask,64500,516.31
2024-08-25 17:08:56,BTCUSD_PERP,ask,64500,522.75
2024-08-25 17:08:59,BTCUSD_PERP,ask,64500,529.19
2024-08-25 17:09:46,BTCUSD_PERP,ask,64500,518.88
2024-08-25 17:09:49,BTCUSD_PERP,ask,64500,508.57
2024-08-25 17:09:49,BTCUSD_PERP,ask,64500,502.13
2024-08-25 17:09:53,BTCUSD_PERP,ask,64500,491.82
2024-08-25 17:09:56,BTCUSD_PERP,ask,64500,485.38
2024-08-26 04:28:51,BTCUSD_PERP,bid,64500,485.99
2024-08-26 04:28:51,BTCUSD_PERP,bid,64500,483.96
2024-08-26 04:28:51,BTCUSD_PERP,bid,64500,483.91
2024-08-26 04:28:51,BTCUSD_PERP,bid,64500,483.9
2024-08-26 04:28:51,BTCUSD_PERP,bid,64500,483.86
2024-08-26 04:28:51,BTCUSD_PERP,bid,64500,483.71
2024-08-26 04:28:51,BTCUSD_PERP,bid,64500,483.7
2024-08-26 04:28:52,BTCUSD_PERP,bid,64500,481.7
2024-08-26 04:28:52,BTCUSD_PERP,bid,64500,481.7
2024-08-26 04:28:52,BTCUSD_PERP,bid,64500,481.47
2024-08-26 04:28:52,BTCUSD_PERP,bid,64500,481.49
2024-08-26 04:28:53,BTCUSD_PERP,bid,64500,491.55
2024-08-26 04:28:53,BTCUSD_PERP,bid,64500,491.56
2024-08-26 04:28:53,BTCUSD_PERP,bid,64500,491.54
2024-08-26 04:28:53,BTCUSD_PERP,bid,64500,501.53
2024-08-26 04:28:53,BTCUSD_PERP,bid,64500,501.54
2024-08-26 04:28:54,BTCUSD_PERP,bid,64500,501.55
2024-08-26 04:28:54,BTCUSD_PERP,bid,64500,498.06
2024-08-26 04:28:54,BTCUSD_PERP,bid,64500,481.95
2024-08-26 04:28:54,BTCUSD_PERP,bid,64500,481.25
2024-08-26 04:28:54,BTCUSD_PERP,bid,64500,479.54
2024-08-26 04:28:54,BTCUSD_PERP,bid,64500,479.39
2024-08-26 04:28:55,BTCUSD_PERP,bid,64500,479.43
2024-08-26 04:28:55,BTCUSD_PERP,bid,64500,479.44
2024-08-26 04:28:55,BTCUSD_PERP,bid,64500,479.45
2024-08-26 04:28:56,BTCUSD_PERP,bid,64500,479.24
2024-08-26 04:28:56,BTCUSD_PERP,bid,64500,489.23
2024-08-26 04:28:56,BTCUSD_PERP,bid,64500,487.42
2024-08-26 04:28:57,BTCUSD_PERP,bid,64500,486.45
2024-08-26 04:28:58,BTCUSD_PERP,bid,64500,486.47
2024-08-26 04:28:58,BTCUSD_PERP,bid,64500,486.44
2024-08-26 04:28:58,BTCUSD_PERP,bid,64500,486.52
2024-08-26 04:28:59,BTCUSD_PERP,bid,64500,486.59
2024-08-26 04:28:59,BTCUSD_PERP,bid,64500,485.0
2024-08-26 04:28:59,BTCUSD_PERP,bid,64500,484.82
2024-08-26 04:29:00,BTCUSD_PERP,bid,64500,484.83
2024-08-26 04:29:00,BTCUSD_PERP,bid,64500,484.14
2024-08-26 04:29:00,BTCUSD_PERP,bid,64500,484.07
2024-08-26 04:29:00,BTCUSD_PERP,bid,64500,483.08
2024-08-26 04:29:00,BTCUSD_PERP,bid,64500,482.64
2024-08-26 04:29:01,BTCUSD_PERP,bid,64500,482.68
2024-08-26 04:29:01,BTCUSD_PERP,bid,64500,482.45
2024-08-26 04:29:01,BTCUSD_PERP,bid,64500,480.35
2024-08-26 04:29:01,BTCUSD_PERP,bid,64500,480.08
2024-08-26 04:29:01,BTCUSD_PERP,bid,64500,480.16
2024-08-26 04:29:01,BTCUSD_PERP,bid,64500,478.55
2024-08-26 04:29:01,BTCUSD_PERP,bid,64500,474.61
2024-08-26 04:29:02,BTCUSD_PERP,bid,64500,468.96
2024-08-26 04:29:03,BTCUSD_PERP,bid,64500,469.1
2024-08-26 04:29:03,BTCUSD_PERP,bid,64500,469.06
2024-08-26 04:29:03,BTCUSD_PERP,bid,64500,479.06
2024-08-26 04:29:04,BTCUSD_PERP,bid,64500,479.03
2024-08-26 04:29:04,BTCUSD_PERP,bid,64500,489.14
2024-08-26 04:29:04,BTCUSD_PERP,bid,64500,479.11
2024-08-26 04:29:04,BTCUSD_PERP,bid,64500,478.75
2024-08-26 04:29:04,BTCUSD_PERP,bid,64500,488.53
2024-08-26 04:29:04,BTCUSD_PERP,bid,64500,488.54
2024-08-26 04:29:04,BTCUSD_PERP,bid,64500,488.53
2024-08-26 04:29:04,BTCUSD_PERP,bid,64500,488.55
2024-08-26 04:29:05,BTCUSD_PERP,bid,64500,488.6
2024-08-26 04:29:05,BTCUSD_PERP,bid,64500,488.63
2024-08-26 04:29:05,BTCUSD_PERP,bid,64500,488.59
2024-08-26 04:29:05,BTCUSD_PERP,bid,64500,488.6
2024-08-26 04:29:05,BTCUSD_PERP,bid,64500,488.59
2024-08-26 04:29:06,BTCUSD_PERP,bid,64500,488.61
2024-08-26 04:29:06,BTCUSD_PERP,bid,64500,488.6
2024-08-26 04:29:07,BTCUSD_PERP,bid,64500,491.0
2024-08-26 04:29:07,BTCUSD_PERP,bid,64500,490.02
2024-08-26 04:29:07,BTCUSD_PERP,bid,64500,490.97
2024-08-26 04:29:07,BTCUSD_PERP,bid,64500,492.47
2024-08-26 04:29:07,BTCUSD_PERP,bid,64500,497.53
2024-08-26 04:29:08,BTCUSD_PERP,bid,64500,505.83
2024-08-26 04:29:08,BTCUSD_PERP,bid,64500,505.83
2024-08-26 04:29:08,BTCUSD_PERP,bid,64500,505.81
2024-08-26 04:29:08,BTCUSD_PERP,bid,64500,505.39
2024-08-26 04:29:08,BTCUSD_PERP,bid,64500,492.73
2024-08-26 04:29:08,BTCUSD_PERP,bid,64500,492.66
2024-08-26 04:29:08,BTCUSD_PERP,bid,64500,491.85
