2024-08-27 12:38:25,BTCUSDT,ask,63100,738.953
2024-08-27 12:38:25,BTCUSDT,ask,63100,740.748
2024-08-27 12:38:25,BTCUSDT,ask,63100,738.914
2024-08-27 12:38:25,BTCUSDT,ask,63100,738.738
2024-08-27 12:38:26,BTCUSDT,ask,63100,738.734
2024-08-27 12:38:26,BTCUSDT,ask,63100,738.738
2024-08-27 12:38:26,BTCUSDT,ask,63100,737.921
2024-08-27 12:38:26,BTCUSDT,ask,63100,737.919
2024-08-27 12:38:26,BTCUSDT,ask,63100,738.387
2024-08-27 12:38:26,BTCUSDT,ask,63100,738.385
2024-08-27 12:38:26,BTCUSDT,ask,63100,738.305
2024-08-27 12:38:26,BTCUSDT,ask,63100,738.508
2024-08-27 12:38:26,BTCUSDT,ask,63100,738.477
2024-08-27 12:38:27,BTCUSDT,ask,63100,738.479
2024-08-27 12:38:27,BTCUSDT,ask,63100,738.159
2024-08-27 12:38:27,BTCUSDT,ask,63100,738.079
2024-08-27 12:38:27,BTCUSDT,ask,63100,737.928
2024-08-27 12:38:27,BTCUSDT,ask,63100,737.926
2024-08-27 11:56:38,BTCUSD_PERP,bid,63000,491.63
2024-08-27 11:56:38,BTCUSD_PERP,bid,63000,491.63
2024-08-27 11:56:43,BTCUSD_PERP,bid,63000,489.21
2024-08-27 11:56:48,BTCUSD_PERP,bid,63000,487.71
2024-08-27 11:56:54,BTCUSD_PERP,bid,63000,487.96
2024-08-27 11:56:54,BTCUSD_PERP,bid,63000,487.71
2024-08-27 11:57:00,BTCUSD_PERP,bid,63000,487.71
2024-08-27 11:57:25,BTCUSD_PERP,bid,63000,487.96
2024-08-27 11:57:25,BTCUSD_PERP,bid,63000,487.71
2024-08-27 11:57:26,BTCUSD_PERP,bid,63000,487.71
2024-08-27 11:57:35,BTCUSD_PERP,bid,63000,487.32
2024-08-27 11:57:35,BTCUSD_PERP,bid,63000,487.31
2024-08-27 11:59:01,BTCUSD_PERP,bid,63000,487.48
2024-08-27 11:59:03,BTCUSD_PERP,bid,63000,486.51
2024-08-27 12:00:47,BTCUSD_PERP,bid,63000,486.76
2024-08-27 12:00:48,BTCUSD_PERP,bid,63000,486.51
2024-08-27 12:01:51,BTCUSD_PERP,bid,63000,486.52
2024-08-27 12:01:51,BTCUSD_PERP,bid,63000,486.51
2024-08-27 12:01:58,BTCUSD_PERP,bid,63000,486.61
2024-08-27 12:01:58,BTCUSD_PERP,bid,63000,486.61
2024-08-27 12:02:12,BTCUSD_PERP,bid,63000,487.36
2024-08-27 12:02:13,BTCUSD_PERP,bid,63000,486.61
2024-08-27 12:02:21,BTCUSD_PERP,bid,63000,486.51
2024-08-27 12:02:22,BTCUSD_PERP,bid,63000,486.51
2024-08-27 12:02:48,BTCUSD_PERP,bid,63000,486.51
2024-08-27 12:03:36,BTCUSD_PERP,bid,63000,486.8
2024-08-27 12:04:13,BTCUSD_PERP,bid,63000,486.81
2024-08-27 12:04:14,BTCUSD_PERP,bid,63000,486.8
2024-08-27 12:05:53,BTCUSD_PERP,bid,63000,486.52
2024-08-27 12:05:53,BTCUSD_PERP,bid,63000,486.51
2024-08-27 12:06:30,BTCUSD_PERP,bid,63000,486.51
2024-08-27 12:08:01,BTCUSD_PERP,bid,63000,487.01
2024-08-27 12:08:03,BTCUSD_PERP,bid,63000,486.51
2024-08-27 12:09:46,BTCUSD_PERP,bid,63000,486.52
2024-08-27 12:09:46,BTCUSD_PERP,bid,63000,486.51
2024-08-27 12:10:46,BTCUSD_PERP,bid,63000,496.51
2024-08-27 12:12:37,BTCUSD_PERP,bid,63000,496.97
2024-08-27 12:13:09,BTCUSD_PERP,bid,63000,486.97
2024-08-27 12:14:12,BTCUSD_PERP,bid,63000,486.97
2024-08-27 12:15:37,BTCUSD_PERP,bid,63000,486.51
2024-08-27 12:18:15,BTCUSD_PERP,bid,63000,486.91
2024-08-27 12:18:59,BTCUSD_PERP,bid,63000,510.91
2024-08-27 12:18:59,BTCUSD_PERP,bid,63000,486.91
2024-08-27 12:21:15,BTCUSD_PERP,bid,63000,486.51
2024-08-27 12:24:03,BTCUSD_PERP,bid,63000,487.51
2024-08-27 12:24:25,BTCUSD_PERP,bid,63000,486.99
2024-08-27 12:27:04,BTCUSD_PERP,bid,63000,486.51
2024-08-27 12:30:30,BTCUSD_PERP,bid,63000,486.88
2024-08-27 12:33:31,BTCUSD_PERP,bid,63000,486.51
2024-08-27 12:34:58,BTCUSD_PERP,bid,63000,486.84
2024-08-27 12:36:12,BTCUSD_PERP,bid,63000,486.51
2024-08-27 12:38:26,BTCUSD_PERP,bid,63000,486.99
2024-08-27 12:38:29,BTCUSD_PERP,bid,63000,486.51
2024-08-27 12:39:44,BTCUSD_PERP,bid,63000,498.51
2024-08-27 12:40:02,BTCUSD_PERP,bid,63000,486.51
2024-08-27 12:41:01,BTCUSD_PERP,bid,63000,487.41
2024-08-27 12:41:20,BTCUSD_PERP,bid,63000,486.96
2024-08-27 12:41:54,BTCUSD_PERP,bid,63000,486.51
2024-08-27 12:43:22,BTCUSD_PERP,bid,63000,486.99
2024-08-27 12:43:56,BTCUSD_PERP,bid,63000,487.44
2024-08-27 12:45:08,BTCUSD_PERP,bid,63000,486.99
2024-08-27 12:45:31,BTCUSD_PERP,bid,63000,487.93
2024-08-27 12:45:39,BTCUSD_PERP,bid,63000,487.48
2024-08-27 12:45:51,BTCUSD_PERP,bid,63000,489.48
2024-08-27 12:46:22,BTCUSD_PERP,bid,63000,489.0
2024-08-27 12:46:29,BTCUSD_PERP,bid,63000,489.48
2024-08-27 12:46:48,BTCUSD_PERP,bid,63000,487.48
2024-08-27 12:46:52,BTCUSD_PERP,bid,63000,487.48
2024-08-27 12:48:31,BTCUSD_PERP,bid,63000,486.99
2024-08-27 12:49:30,BTCUSD_PERP,bid,63000,486.51
2024-08-27 12:49:31,BTCUSD_PERP,bid,63000,552.51
2024-08-27 12:50:22,BTCUSD_PERP,bid,63000,486.51
2024-08-27 12:56:15,BTCUSD_PERP,bid,63000,486.91
2024-08-27 12:56:31,BTCUSD_PERP,bid,63000,486.78
2024-08-27 12:56:31,BTCUSD_PERP,bid,63000,486.51
2024-08-27 13:01:43,BTCUSD_PERP,bid,63000,486.53
2024-08-27 13:01:44,BTCUSD_PERP,bid,63000,486.51
2024-08-27 13:02:24,BTCUSD_PERP,bid,63000,486.51
2024-08-27 13:02:35,BTCUSD_PERP,bid,63000,486.76
2024-08-27 13:02:36,BTCUSD_PERP,bid,63000,486.51
2024-08-27 13:03:21,BTCUSD_PERP,bid,63000,486.53
2024-08-27 13:03:22,BTCUSD_PERP,bid,63000,486.51
2024-08-27 13:04:34,BTCUSD_PERP,bid,63000,487.26
2024-08-27 13:04:34,BTCUSD_PERP,bid,63000,486.51
2024-08-27 13:04:50,BTCUSD_PERP,bid,63000,488.51
2024-08-27 13:04:50,BTCUSD_PERP,bid,63000,486.51
2024-08-27 13:06:02,BTCUSD_PERP,bid,63000,486.76
2024-08-27 13:06:09,BTCUSD_PERP,bid,63000,486.51
2024-08-27 13:07:05,BTCUSD_PERP,bid,63000,630.5
2024-08-27 13:07:11,BTCUSD_PERP,bid,63000,486.52
2024-08-27 13:07:13,BTCUSD_PERP,bid,63000,486.51
2024-08-27 13:07:21,BTCUSD_PERP,bid,63000,630.51
2024-08-27 13:07:24,BTCUSD_PERP,bid,63000,487.01
2024-08-27 13:07:24,BTCUSD_PERP,bid,63000,486.51
2024-08-27 13:07:56,BTCUSD_PERP,bid,63000,630.53
2024-08-27 13:08:00,BTCUSD_PERP,bid,63000,486.51
2024-08-27 13:08:08,BTCUSD_PERP,bid,63000,486.52
2024-08-27 13:08:09,BTCUSD_PERP,bid,63000,486.51
2024-08-27 13:08:19,BTCUSD_PERP,bid,63000,630.51
2024-08-27 13:08:51,BTCUSD_PERP,bid,63000,630.51
2024-08-27 13:09:04,BTCUSD_PERP,bid,63000,486.52
2024-08-27 13:09:05,BTCUSD_PERP,bid,63000,486.51
2024-08-27 13:09:06,BTCUSD_PERP,bid,63000,631.26
2024-08-27 13:09:06,BTCUSD_PERP,bid,63000,631.26
2024-08-27 13:09:07,BTCUSD_PERP,bid,63000,631.26
2024-08-27 13:09:07,BTCUSD_PERP,bid,63000,630.51
2024-08-27 13:09:42,BTCUSD_PERP,bid,63000,630.8
2024-08-27 13:09:42,BTCUSD_PERP,bid,63000,631.11
2024-08-27 13:09:42,BTCUSD_PERP,bid,63000,631.12
2024-08-27 13:09:43,BTCUSD_PERP,bid,63000,631.11
2024-08-27 13:09:43,BTCUSD_PERP,bid,63000,631.36
2024-08-27 13:09:43,BTCUSD_PERP,bid,63000,631.11
2024-08-27 13:09:44,BTCUSD_PERP,bid,63000,631.12
2024-08-27 13:09:45,BTCUSD_PERP,bid,63000,631.11
2024-08-27 13:09:45,BTCUSD_PERP,bid,63000,629.71
2024-08-27 13:09:45,BTCUSD_PERP,bid,63000,629.7
2024-08-27 13:09:46,BTCUSD_PERP,bid,63000,628.65
2024-08-27 13:09:47,BTCUSD_PERP,bid,63000,628.64
2024-08-27 13:09:48,BTCUSD_PERP,bid,63000,627.24
2024-08-27 13:09:49,BTCUSD_PERP,bid,63000,627.23
2024-08-27 13:09:49,BTCUSD_PERP,bid,63000,627.22
2024-08-27 13:09:50,BTCUSD_PERP,bid,63000,626.92
2024-08-27 13:09:50,BTCUSD_PERP,bid,63000,627.04
2024-08-27 13:09:50,BTCUSD_PERP,bid,63000,628.77
2024-08-27 13:09:50,BTCUSD_PERP,bid,63000,627.27
2024-08-27 13:09:51,BTCUSD_PERP,bid,63000,627.26
2024-08-27 13:09:51,BTCUSD_PERP,bid,63000,627.23
2024-08-27 13:09:51,BTCUSD_PERP,bid,63000,627.26
2024-08-27 13:09:51,BTCUSD_PERP,bid,63000,625.86
2024-08-27 13:09:53,BTCUSD_PERP,bid,63000,625.85
2024-08-27 13:09:54,BTCUSD_PERP,bid,63000,626.02
2024-08-27 13:09:54,BTCUSD_PERP,bid,63000,624.62
2024-08-27 13:09:55,BTCUSD_PERP,bid,63000,624.61
2024-08-27 13:09:55,BTCUSD_PERP,bid,63000,624.6
2024-08-27 13:09:57,BTCUSD_PERP,bid,63000,624.59
2024-08-27 13:09:57,BTCUSD_PERP,bid,63000,624.58
2024-08-27 13:09:57,BTCUSD_PERP,bid,63000,624.59
2024-08-27 13:09:57,BTCUSD_PERP,bid,63000,623.19
2024-08-27 13:09:58,BTCUSD_PERP,bid,63000,623.02
2024-08-27 13:09:59,BTCUSD_PERP,bid,63000,623.01
2024-08-27 13:09:59,BTCUSD_PERP,bid,63000,623.02
2024-08-27 13:10:00,BTCUSD_PERP,bid,63000,621.62
2024-08-27 13:10:01,BTCUSD_PERP,bid,63000,621.6
2024-08-27 13:10:01,BTCUSD_PERP,bid,63000,621.61
2024-08-27 13:10:02,BTCUSD_PERP,bid,63000,621.11
2024-08-27 13:10:02,BTCUSD_PERP,bid,63000,621.1
2024-08-27 13:10:03,BTCUSD_PERP,bid,63000,621.09
2024-08-27 13:10:03,BTCUSD_PERP,bid,63000,621.08
2024-08-27 13:10:03,BTCUSD_PERP,bid,63000,621.1
2024-08-27 13:10:04,BTCUSD_PERP,bid,63000,619.7
2024-08-27 13:10:05,BTCUSD_PERP,bid,63000,619.86
2024-08-27 13:10:05,BTCUSD_PERP,bid,63000,619.85
2024-08-27 13:10:07,BTCUSD_PERP,bid,63000,617.05
2024-08-27 13:10:07,BTCUSD_PERP,bid,63000,617.04
2024-08-27 13:10:08,BTCUSD_PERP,bid,63000,617.05
2024-08-27 13:10:09,BTCUSD_PERP,bid,63000,617.04
2024-08-27 13:10:09,BTCUSD_PERP,bid,63000,617.03
2024-08-27 13:10:10,BTCUSD_PERP,bid,63000,617.04
2024-08-27 13:10:10,BTCUSD_PERP,bid,63000,615.64
2024-08-27 13:10:11,BTCUSD_PERP,bid,63000,615.63
2024-08-27 13:10:11,BTCUSD_PERP,bid,63000,619.04
2024-08-27 13:10:13,BTCUSD_PERP,bid,63000,619.94
2024-08-27 13:10:13,BTCUSD_PERP,bid,63000,619.93
2024-08-27 13:10:13,BTCUSD_PERP,bid,63000,618.53
2024-08-27 13:10:14,BTCUSD_PERP,bid,63000,620.98
2024-08-27 13:10:14,BTCUSD_PERP,bid,63000,623.2
2024-08-27 13:10:14,BTCUSD_PERP,bid,63000,624.79
2024-08-27 13:10:14,BTCUSD_PERP,bid,63000,638.59
2024-08-27 13:10:14,BTCUSD_PERP,bid,63000,638.1
2024-08-27 13:10:14,BTCUSD_PERP,bid,63000,638.1
2024-08-27 13:10:14,BTCUSD_PERP,bid,63000,638.14
2024-08-27 13:10:14,BTCUSD_PERP,bid,63000,636.64
2024-08-27 13:10:14,BTCUSD_PERP,bid,63000,638.13
2024-08-27 13:10:14,BTCUSD_PERP,bid,63000,638.63
2024-08-27 13:10:15,BTCUSD_PERP,bid,63000,638.63
2024-08-27 13:10:15,BTCUSD_PERP,bid,63000,638.64
2024-08-27 13:10:15,BTCUSD_PERP,bid,63000,638.14
2024-08-27 13:10:15,BTCUSD_PERP,bid,63000,638.16
2024-08-27 13:10:15,BTCUSD_PERP,bid,63000,638.91
2024-08-27 13:10:15,BTCUSD_PERP,bid,63000,638.91
2024-08-27 13:10:15,BTCUSD_PERP,bid,63000,638.91
2024-08-27 13:10:15,BTCUSD_PERP,bid,63000,637.66
2024-08-27 13:10:15,BTCUSD_PERP,bid,63000,636.91
2024-08-27 13:10:15,BTCUSD_PERP,bid,63000,638.41
2024-08-27 13:10:16,BTCUSD_PERP,bid,63000,638.41
2024-08-27 13:10:16,BTCUSD_PERP,bid,63000,641.21
2024-08-27 13:10:16,BTCUSD_PERP,bid,63000,641.21
2024-08-27 13:10:16,BTCUSD_PERP,bid,63000,641.21
2024-08-27 13:10:16,BTCUSD_PERP,bid,63000,641.22
2024-08-27 13:10:16,BTCUSD_PERP,bid,63000,640.47
2024-08-27 13:10:16,BTCUSD_PERP,bid,63000,637.57
2024-08-27 13:10:16,BTCUSD_PERP,bid,63000,639.07
2024-08-27 13:10:16,BTCUSD_PERP,bid,63000,639.07
2024-08-27 13:10:17,BTCUSD_PERP,bid,63000,639.81
2024-08-27 13:10:17,BTCUSD_PERP,bid,63000,639.07
2024-08-27 13:10:17,BTCUSD_PERP,bid,63000,639.82
2024-08-27 13:10:17,BTCUSD_PERP,bid,63000,639.82
2024-08-27 13:10:17,BTCUSD_PERP,bid,63000,639.07
2024-08-27 13:10:17,BTCUSD_PERP,bid,63000,639.82
2024-08-27 13:10:17,BTCUSD_PERP,bid,63000,639.07
2024-08-27 13:10:17,BTCUSD_PERP,bid,63000,628.32
2024-08-27 13:10:17,BTCUSD_PERP,bid,63000,629.8
2024-08-27 13:10:18,BTCUSD_PERP,bid,63000,629.8
2024-08-27 13:10:18,BTCUSD_PERP,bid,63000,629.8
2024-08-27 13:10:18,BTCUSD_PERP,bid,63000,629.8
2024-08-27 13:10:18,BTCUSD_PERP,bid,63000,629.8
2024-08-27 13:10:18,BTCUSD_PERP,bid,63000,629.8
2024-08-27 13:10:18,BTCUSD_PERP,bid,63000,629.8
2024-08-27 13:10:18,BTCUSD_PERP,bid,63000,629.8
2024-08-27 13:10:18,BTCUSD_PERP,bid,63000,629.05
2024-08-27 13:10:18,BTCUSD_PERP,bid,63000,629.8
2024-08-27 13:10:18,BTCUSD_PERP,bid,63000,629.8
2024-08-27 13:10:19,BTCUSD_PERP,bid,63000,629.8
2024-08-27 13:10:19,BTCUSD_PERP,bid,63000,629.8
2024-08-27 13:10:19,BTCUSD_PERP,bid,63000,629.8
2024-08-27 13:10:19,BTCUSD_PERP,bid,63000,629.79
2024-08-27 13:10:19,BTCUSD_PERP,bid,63000,629.8
2024-08-27 13:10:19,BTCUSD_PERP,bid,63000,629.8
2024-08-27 13:10:19,BTCUSD_PERP,bid,63000,629.8
2024-08-27 13:10:19,BTCUSD_PERP,bid,63000,628.4
2024-08-27 13:10:19,BTCUSD_PERP,bid,63000,628.4
2024-08-27 13:10:19,BTCUSD_PERP,bid,63000,628.4
2024-08-27 13:10:20,BTCUSD_PERP,bid,63000,628.4
2024-08-27 13:10:20,BTCUSD_PERP,bid,63000,627.34
2024-08-27 13:10:20,BTCUSD_PERP,bid,63000,627.34
2024-08-27 13:10:20,BTCUSD_PERP,bid,63000,628.09
2024-08-27 13:10:20,BTCUSD_PERP,bid,63000,627.34
2024-08-27 13:10:20,BTCUSD_PERP,bid,63000,627.34
2024-08-27 13:10:20,BTCUSD_PERP,bid,63000,627.34
2024-08-27 13:10:20,BTCUSD_PERP,bid,63000,627.34
2024-08-27 13:10:20,BTCUSD_PERP,bid,63000,627.34
2024-08-27 13:10:21,BTCUSD_PERP,bid,63000,627.33
2024-08-27 13:10:21,BTCUSD_PERP,bid,63000,627.33
2024-08-27 13:10:21,BTCUSD_PERP,bid,63000,637.57
2024-08-27 13:10:21,BTCUSD_PERP,bid,63000,638.07
2024-08-27 13:10:21,BTCUSD_PERP,bid,63000,638.06
2024-08-27 13:10:21,BTCUSD_PERP,bid,63000,637.96
2024-08-27 13:10:21,BTCUSD_PERP,bid,63000,638.07
2024-08-27 13:10:21,BTCUSD_PERP,bid,63000,638.07
2024-08-27 13:10:21,BTCUSD_PERP,bid,63000,638.06
2024-08-27 13:10:21,BTCUSD_PERP,bid,63000,638.06
2024-08-27 13:10:22,BTCUSD_PERP,bid,63000,638.06
2024-08-27 13:10:22,BTCUSD_PERP,bid,63000,638.06
2024-08-27 13:10:22,BTCUSD_PERP,bid,63000,627.31
2024-08-27 13:10:22,BTCUSD_PERP,bid,63000,627.31
2024-08-27 13:10:22,BTCUSD_PERP,bid,63000,627.31
2024-08-27 13:10:22,BTCUSD_PERP,bid,63000,628.06
2024-08-27 13:10:22,BTCUSD_PERP,bid,63000,627.31
2024-08-27 13:10:22,BTCUSD_PERP,bid,63000,625.91
2024-08-27 13:10:23,BTCUSD_PERP,bid,63000,626.66
2024-08-27 13:10:23,BTCUSD_PERP,bid,63000,625.91
2024-08-27 13:10:23,BTCUSD_PERP,bid,63000,626.66
2024-08-27 13:10:23,BTCUSD_PERP,bid,63000,625.8
2024-08-27 13:10:23,BTCUSD_PERP,bid,63000,625.93
2024-08-27 13:10:23,BTCUSD_PERP,bid,63000,626.68
2024-08-27 13:10:23,BTCUSD_PERP,bid,63000,625.93
2024-08-27 13:10:24,BTCUSD_PERP,bid,63000,624.43
2024-08-27 13:10:24,BTCUSD_PERP,bid,63000,626.68
2024-08-27 13:10:24,BTCUSD_PERP,bid,63000,626.68
2024-08-27 13:10:25,BTCUSD_PERP,bid,63000,625.93
2024-08-27 13:10:25,BTCUSD_PERP,bid,63000,626.68
2024-08-27 13:10:25,BTCUSD_PERP,bid,63000,625.93
2024-08-27 13:10:25,BTCUSD_PERP,bid,63000,626.67
2024-08-27 13:10:25,BTCUSD_PERP,bid,63000,625.18
2024-08-27 13:10:25,BTCUSD_PERP,bid,63000,624.43
2024-08-27 13:10:25,BTCUSD_PERP,bid,63000,624.44
2024-08-27 13:10:25,BTCUSD_PERP,bid,63000,624.44
2024-08-27 13:10:25,BTCUSD_PERP,bid,63000,624.44
2024-08-27 13:10:26,BTCUSD_PERP,bid,63000,623.04
2024-08-27 13:10:26,BTCUSD_PERP,bid,63000,623.04
2024-08-27 13:10:26,BTCUSD_PERP,bid,63000,623.79
2024-08-27 13:10:26,BTCUSD_PERP,bid,63000,623.79
2024-08-27 13:10:26,BTCUSD_PERP,bid,63000,623.04
2024-08-27 13:10:26,BTCUSD_PERP,bid,63000,623.04
2024-08-27 13:10:26,BTCUSD_PERP,bid,63000,623.05
2024-08-27 13:10:27,BTCUSD_PERP,bid,63000,623.05
2024-08-27 13:10:27,BTCUSD_PERP,bid,63000,623.8
2024-08-27 13:10:27,BTCUSD_PERP,bid,63000,623.8
2024-08-27 13:10:27,BTCUSD_PERP,bid,63000,623.8
2024-08-27 13:10:27,BTCUSD_PERP,bid,63000,623.05
2024-08-27 13:10:27,BTCUSD_PERP,bid,63000,633.04
2024-08-27 13:10:27,BTCUSD_PERP,bid,63000,633.05
2024-08-27 13:10:27,BTCUSD_PERP,bid,63000,633.3
2024-08-27 13:10:28,BTCUSD_PERP,bid,63000,633.05
2024-08-27 13:10:28,BTCUSD_PERP,bid,63000,633.8
2024-08-27 13:10:28,BTCUSD_PERP,bid,63000,623.8
2024-08-27 13:10:28,BTCUSD_PERP,bid,63000,623.8
2024-08-27 13:10:28,BTCUSD_PERP,bid,63000,623.8
2024-08-27 13:10:28,BTCUSD_PERP,bid,63000,623.8
2024-08-27 13:10:28,BTCUSD_PERP,bid,63000,623.8
2024-08-27 13:10:29,BTCUSD_PERP,bid,63000,622.39
2024-08-27 13:10:29,BTCUSD_PERP,bid,63000,622.39
2024-08-27 13:10:29,BTCUSD_PERP,bid,63000,622.39
2024-08-27 13:10:29,BTCUSD_PERP,bid,63000,622.39
2024-08-27 13:10:29,BTCUSD_PERP,bid,63000,622.39
2024-08-27 13:10:29,BTCUSD_PERP,bid,63000,621.64
2024-08-27 13:10:29,BTCUSD_PERP,bid,63000,622.39
2024-08-27 13:10:29,BTCUSD_PERP,bid,63000,622.39
2024-08-27 13:10:29,BTCUSD_PERP,bid,63000,622.39
2024-08-27 13:10:29,BTCUSD_PERP,bid,63000,622.39
2024-08-27 13:10:30,BTCUSD_PERP,bid,63000,622.39
2024-08-27 13:10:30,BTCUSD_PERP,bid,63000,622.39
2024-08-27 13:10:30,BTCUSD_PERP,bid,63000,622.39
2024-08-27 13:10:30,BTCUSD_PERP,bid,63000,621.64
2024-08-27 13:10:30,BTCUSD_PERP,bid,63000,622.39
2024-08-27 13:10:30,BTCUSD_PERP,bid,63000,621.77
2024-08-27 13:10:30,BTCUSD_PERP,bid,63000,621.77
2024-08-27 13:10:30,BTCUSD_PERP,bid,63000,621.77
2024-08-27 13:10:30,BTCUSD_PERP,bid,63000,622.52
2024-08-27 13:10:31,BTCUSD_PERP,bid,63000,622.27
2024-08-27 13:10:31,BTCUSD_PERP,bid,63000,622.52
2024-08-27 13:10:31,BTCUSD_PERP,bid,63000,621.77
2024-08-27 13:10:31,BTCUSD_PERP,bid,63000,622.53
2024-08-27 13:10:31,BTCUSD_PERP,bid,63000,622.53
2024-08-27 13:10:31,BTCUSD_PERP,bid,63000,622.53
2024-08-27 13:10:31,BTCUSD_PERP,bid,63000,622.53
2024-08-27 13:10:31,BTCUSD_PERP,bid,63000,622.53
2024-08-27 13:10:31,BTCUSD_PERP,bid,63000,624.03
2024-08-27 13:10:31,BTCUSD_PERP,bid,63000,624.03
2024-08-27 13:10:32,BTCUSD_PERP,bid,63000,624.03
2024-08-27 13:10:32,BTCUSD_PERP,bid,63000,624.03
2024-08-27 13:10:32,BTCUSD_PERP,bid,63000,622.62
2024-08-27 13:10:32,BTCUSD_PERP,bid,63000,622.62
2024-08-27 13:10:32,BTCUSD_PERP,bid,63000,622.12
2024-08-27 13:10:32,BTCUSD_PERP,bid,63000,622.62
2024-08-27 13:10:32,BTCUSD_PERP,bid,63000,622.62
2024-08-27 13:10:32,BTCUSD_PERP,bid,63000,622.62
2024-08-27 13:10:32,BTCUSD_PERP,bid,63000,622.62
2024-08-27 13:10:32,BTCUSD_PERP,bid,63000,622.62
2024-08-27 13:10:33,BTCUSD_PERP,bid,63000,622.62
2024-08-27 13:10:33,BTCUSD_PERP,bid,63000,622.62
2024-08-27 13:10:33,BTCUSD_PERP,bid,63000,622.62
2024-08-27 13:10:33,BTCUSD_PERP,bid,63000,622.68
2024-08-27 13:10:33,BTCUSD_PERP,bid,63000,622.68
2024-08-27 13:10:33,BTCUSD_PERP,bid,63000,622.68
2024-08-27 13:10:33,BTCUSD_PERP,bid,63000,622.68
2024-08-27 13:10:33,BTCUSD_PERP,bid,63000,622.68
2024-08-27 13:10:33,BTCUSD_PERP,bid,63000,622.68
2024-08-27 13:10:33,BTCUSD_PERP,bid,63000,622.68
2024-08-27 13:10:34,BTCUSD_PERP,bid,63000,622.68
2024-08-27 13:10:34,BTCUSD_PERP,bid,63000,622.68
2024-08-27 13:10:34,BTCUSD_PERP,bid,63000,622.67
2024-08-27 13:10:34,BTCUSD_PERP,bid,63000,622.68
2024-08-27 13:10:34,BTCUSD_PERP,bid,63000,622.68
2024-08-27 13:10:34,BTCUSD_PERP,bid,63000,622.99
2024-08-27 13:10:34,BTCUSD_PERP,bid,63000,622.99
2024-08-27 13:10:34,BTCUSD_PERP,bid,63000,623.02
2024-08-27 13:10:34,BTCUSD_PERP,bid,63000,623.77
2024-08-27 13:10:35,BTCUSD_PERP,bid,63000,623.04
2024-08-27 13:10:35,BTCUSD_PERP,bid,63000,623.04
2024-08-27 13:10:35,BTCUSD_PERP,bid,63000,623.04
2024-08-27 13:10:35,BTCUSD_PERP,bid,63000,620.13
2024-08-27 13:10:35,BTCUSD_PERP,bid,63000,620.88
2024-08-27 13:10:35,BTCUSD_PERP,bid,63000,621.63
2024-08-27 13:10:35,BTCUSD_PERP,bid,63000,621.62
2024-08-27 13:10:35,BTCUSD_PERP,bid,63000,621.62
2024-08-27 13:10:35,BTCUSD_PERP,bid,63000,621.62
2024-08-27 13:10:36,BTCUSD_PERP,bid,63000,622.37
2024-08-27 13:10:36,BTCUSD_PERP,bid,63000,621.39
2024-08-27 13:10:36,BTCUSD_PERP,bid,63000,618.66
2024-08-27 13:10:36,BTCUSD_PERP,bid,63000,617.89
2024-08-27 13:10:36,BTCUSD_PERP,bid,63000,617.89
2024-08-27 13:10:36,BTCUSD_PERP,bid,63000,618.64
2024-08-27 13:10:36,BTCUSD_PERP,bid,63000,618.6
2024-08-27 13:10:37,BTCUSD_PERP,bid,63000,618.6
2024-08-27 13:10:37,BTCUSD_PERP,bid,63000,618.6
2024-08-27 13:10:37,BTCUSD_PERP,bid,63000,617.85
2024-08-27 13:10:38,BTCUSD_PERP,bid,63000,617.83
2024-08-27 13:10:38,BTCUSD_PERP,bid,63000,616.42
2024-08-27 13:10:38,BTCUSD_PERP,bid,63000,617.17
2024-08-27 13:10:38,BTCUSD_PERP,bid,63000,617.17
2024-08-27 13:10:38,BTCUSD_PERP,bid,63000,616.42
2024-08-27 13:10:38,BTCUSD_PERP,bid,63000,617.17
2024-08-27 13:10:39,BTCUSD_PERP,bid,63000,616.42
2024-08-27 13:10:39,BTCUSD_PERP,bid,63000,617.17
2024-08-27 13:10:39,BTCUSD_PERP,bid,63000,616.42
2024-08-27 13:10:39,BTCUSD_PERP,bid,63000,616.41
2024-08-27 13:10:39,BTCUSD_PERP,bid,63000,617.16
2024-08-27 13:10:39,BTCUSD_PERP,bid,63000,616.42
2024-08-27 13:10:40,BTCUSD_PERP,bid,63000,616.43
2024-08-27 13:10:40,BTCUSD_PERP,bid,63000,617.15
2024-08-27 13:10:40,BTCUSD_PERP,bid,63000,616.4
2024-08-27 13:10:40,BTCUSD_PERP,bid,63000,616.84
2024-08-27 13:10:40,BTCUSD_PERP,bid,63000,616.09
2024-08-27 13:10:41,BTCUSD_PERP,bid,63000,617.41
2024-08-27 13:10:41,BTCUSD_PERP,bid,63000,616.66
2024-08-27 13:10:41,BTCUSD_PERP,bid,63000,616.65
2024-08-27 13:10:41,BTCUSD_PERP,bid,63000,616.64
2024-08-27 13:10:41,BTCUSD_PERP,bid,63000,615.27
2024-08-27 13:10:41,BTCUSD_PERP,bid,63000,616.02
2024-08-27 13:10:41,BTCUSD_PERP,bid,63000,615.27
2024-08-27 13:10:41,BTCUSD_PERP,bid,63000,615.27
2024-08-27 13:10:41,BTCUSD_PERP,bid,63000,615.27
2024-08-27 13:10:42,BTCUSD_PERP,bid,63000,620.38
2024-08-27 13:10:42,BTCUSD_PERP,bid,63000,620.36
2024-08-27 13:10:42,BTCUSD_PERP,bid,63000,618.12
2024-08-27 13:10:42,BTCUSD_PERP,bid,63000,618.12
2024-08-27 13:10:42,BTCUSD_PERP,bid,63000,618.12
2024-08-27 13:10:42,BTCUSD_PERP,bid,63000,618.87
2024-08-27 13:10:42,BTCUSD_PERP,bid,63000,620.37
2024-08-27 13:10:42,BTCUSD_PERP,bid,63000,620.38
2024-08-27 13:10:43,BTCUSD_PERP,bid,63000,619.64
2024-08-27 13:10:43,BTCUSD_PERP,bid,63000,620.14
2024-08-27 13:10:43,BTCUSD_PERP,bid,63000,620.38
2024-08-27 13:10:43,BTCUSD_PERP,bid,63000,619.63
2024-08-27 13:10:43,BTCUSD_PERP,bid,63000,619.62
2024-08-27 13:10:44,BTCUSD_PERP,bid,63000,619.62
2024-08-27 13:10:44,BTCUSD_PERP,bid,63000,619.62
2024-08-27 13:10:44,BTCUSD_PERP,bid,63000,626.26
2024-08-27 13:10:44,BTCUSD_PERP,bid,63000,622.41
2024-08-27 13:10:46,BTCUSD_PERP,bid,63000,622.66
2024-08-27 13:10:46,BTCUSD_PERP,bid,63000,621.76
2024-08-27 13:10:46,BTCUSD_PERP,bid,63000,620.94
2024-08-27 13:10:47,BTCUSD_PERP,bid,63000,600.94
2024-08-27 13:11:05,BTCUSD_PERP,bid,63000,602.32
2024-08-27 13:11:11,BTCUSD_PERP,bid,63000,600.94
2024-08-27 13:11:36,BTCUSD_PERP,bid,63000,575.3
2024-08-27 13:11:44,BTCUSD_PERP,bid,63000,486.52
2024-08-27 13:11:45,BTCUSD_PERP,bid,63000,486.51
2024-08-27 13:11:58,BTCUSD_PERP,bid,63000,574.55
2024-08-27 13:11:59,BTCUSD_PERP,bid,63000,575.03
2024-08-27 13:11:59,BTCUSD_PERP,bid,63000,574.55
2024-08-27 13:12:47,BTCUSD_PERP,bid,63000,486.52
2024-08-27 13:12:48,BTCUSD_PERP,bid,63000,486.51
2024-08-27 13:12:59,BTCUSD_PERP,bid,63000,575.52
2024-08-27 13:13:16,BTCUSD_PERP,bid,63000,574.55
2024-08-27 13:13:36,BTCUSD_PERP,bid,63000,487.77
2024-08-27 13:14:54,BTCUSD_PERP,bid,63000,486.51
2024-08-27 13:14:55,BTCUSD_PERP,bid,63000,572.53
2024-08-27 13:14:56,BTCUSD_PERP,bid,63000,571.6
2024-08-27 13:14:56,BTCUSD_PERP,bid,63000,571.61
2024-08-27 13:14:58,BTCUSD_PERP,bid,63000,568.89
2024-08-27 13:14:58,BTCUSD_PERP,bid,63000,569.03
2024-08-27 13:14:59,BTCUSD_PERP,bid,63000,557.11
2024-08-27 13:14:59,BTCUSD_PERP,bid,63000,555.1
2024-08-27 13:14:59,BTCUSD_PERP,bid,63000,555.04
2024-08-27 13:14:59,BTCUSD_PERP,bid,63000,554.79
2024-08-27 13:15:00,BTCUSD_PERP,bid,63000,513.57
2024-08-27 13:15:00,BTCUSD_PERP,bid,63000,513.5
2024-08-27 13:15:00,BTCUSD_PERP,bid,63000,494.39
2024-08-27 13:15:24,BTCUSD_PERP,bid,63000,486.51
2024-08-27 13:16:58,BTCUSD_PERP,bid,63000,496.51
2024-08-27 13:16:58,BTCUSD_PERP,bid,63000,486.51
2024-08-27 13:17:31,BTCUSD_PERP,bid,63000,486.51
2024-08-27 13:17:46,BTCUSD_PERP,bid,63000,486.51
2024-08-27 13:18:03,BTCUSD_PERP,bid,63000,488.32
2024-08-27 13:18:03,BTCUSD_PERP,bid,63000,488.3
2024-08-27 13:18:04,BTCUSD_PERP,bid,63000,488.32
2024-08-27 13:18:04,BTCUSD_PERP,bid,63000,488.3
2024-08-27 13:18:04,BTCUSD_PERP,bid,63000,486.51
2024-08-27 13:18:48,BTCUSD_PERP,bid,63000,486.76
2024-08-27 13:18:48,BTCUSD_PERP,bid,63000,486.51
2024-08-27 13:19:01,BTCUSD_PERP,bid,63000,487.01
2024-08-27 13:19:02,BTCUSD_PERP,bid,63000,486.51
2024-08-27 13:19:54,BTCUSD_PERP,bid,63000,486.71
2024-08-27 13:19:55,BTCUSD_PERP,bid,63000,486.51
2024-08-27 13:20:19,BTCUSD_PERP,bid,63000,486.76
2024-08-27 13:20:20,BTCUSD_PERP,bid,63000,486.51
2024-08-27 13:20:20,BTCUSD_PERP,bid,63000,486.76
2024-08-27 13:20:21,BTCUSD_PERP,bid,63000,486.51
2024-08-27 13:20:27,BTCUSD_PERP,bid,63000,486.51
2024-08-27 13:21:50,BTCUSD_PERP,bid,63000,487.05
2024-08-27 13:21:50,BTCUSD_PERP,bid,63000,486.51
2024-08-27 13:23:01,BTCUSD_PERP,bid,63000,483.66
2024-08-27 13:23:02,BTCUSD_PERP,bid,63000,483.66
2024-08-27 13:23:02,BTCUSD_PERP,bid,63000,483.79
2024-08-27 13:23:02,BTCUSD_PERP,bid,63000,485.29
2024-08-27 13:23:02,BTCUSD_PERP,bid,63000,483.67
2024-08-27 13:23:02,BTCUSD_PERP,bid,63000,485.82
2024-08-27 13:23:03,BTCUSD_PERP,bid,63000,485.92
2024-08-27 13:23:03,BTCUSD_PERP,bid,63000,485.86
2024-08-27 13:23:04,BTCUSD_PERP,bid,63000,485.87
2024-08-27 13:23:05,BTCUSD_PERP,bid,63000,485.83
2024-08-27 13:23:06,BTCUSD_PERP,bid,63000,485.84
2024-08-27 13:23:07,BTCUSD_PERP,bid,63000,485.95
2024-08-27 13:23:07,BTCUSD_PERP,bid,63000,485.9
2024-08-27 13:23:08,BTCUSD_PERP,bid,63000,485.23
2024-08-27 13:23:08,BTCUSD_PERP,bid,63000,485.24
2024-08-27 13:23:08,BTCUSD_PERP,bid,63000,485.18
2024-08-27 13:23:08,BTCUSD_PERP,bid,63000,485.06
2024-08-27 13:23:09,BTCUSD_PERP,bid,63000,485.03
2024-08-27 13:23:09,BTCUSD_PERP,bid,63000,484.95
2024-08-27 13:23:09,BTCUSD_PERP,bid,63000,484.85
2024-08-27 13:23:09,BTCUSD_PERP,bid,63000,484.81
2024-08-27 13:23:10,BTCUSD_PERP,bid,63000,484.82
2024-08-27 13:23:11,BTCUSD_PERP,bid,63000,484.81
2024-08-27 13:23:11,BTCUSD_PERP,bid,63000,484.76
2024-08-27 13:23:12,BTCUSD_PERP,bid,63000,484.88
2024-08-27 13:23:13,BTCUSD_PERP,bid,63000,484.87
2024-08-27 13:23:13,BTCUSD_PERP,bid,63000,484.97
2024-08-27 13:23:13,BTCUSD_PERP,bid,63000,484.93
2024-08-27 13:23:14,BTCUSD_PERP,bid,63000,486.43
2024-08-27 13:23:14,BTCUSD_PERP,bid,63000,484.93
2024-08-27 13:23:14,BTCUSD_PERP,bid,63000,483.43
2024-08-27 13:23:14,BTCUSD_PERP,bid,63000,483.42
2024-08-27 13:23:15,BTCUSD_PERP,bid,63000,483.38
2024-08-27 13:23:17,BTCUSD_PERP,bid,63000,483.28
2024-08-27 13:23:17,BTCUSD_PERP,bid,63000,483.23
2024-08-27 13:23:19,BTCUSD_PERP,bid,63000,483.12
2024-08-27 13:23:19,BTCUSD_PERP,bid,63000,483.08
2024-08-27 13:23:19,BTCUSD_PERP,bid,63000,483.09
2024-08-27 12:10:58,BTCUSD_PERP,bid,62600,492.61
2024-08-27 12:11:00,BTCUSD_PERP,bid,62600,492.66
2024-08-27 12:12:41,BTCUSD_PERP,bid,62600,497.05
2024-08-27 12:16:01,BTCUSD_PERP,bid,62600,494.18
2024-08-27 12:16:01,BTCUSD_PERP,bid,62600,555.52
2024-08-27 12:16:01,BTCUSD_PERP,bid,62600,616.86
2024-08-27 12:16:01,BTCUSD_PERP,bid,62600,678.83
2024-08-27 12:16:01,BTCUSD_PERP,bid,62600,740.17
2024-08-27 12:16:02,BTCUSD_PERP,bid,62600,863.38
2024-08-27 12:16:02,BTCUSD_PERP,bid,62600,925.35
2024-08-27 12:16:02,BTCUSD_PERP,bid,62600,987.32
2024-08-27 12:16:02,BTCUSD_PERP,bid,62600,1110.63
2024-08-27 12:16:02,BTCUSD_PERP,bid,62600,1172.6
2024-08-27 12:16:11,BTCUSD_PERP,bid,62600,1172.65
2024-08-27 12:16:47,BTCUSD_PERP,bid,62600,1172.7
2024-08-27 12:19:31,BTCUSD_PERP,bid,62600,1172.65
2024-08-27 12:20:17,BTCUSD_PERP,bid,62600,1172.6
2024-08-27 12:30:03,BTCUSD_PERP,bid,62600,555.84
2024-08-27 12:30:03,BTCUSD_PERP,bid,62600,617.82
2024-08-27 12:30:03,BTCUSD_PERP,bid,62600,617.87
2024-08-27 12:30:04,BTCUSD_PERP,bid,62600,679.22
2024-08-27 12:30:04,BTCUSD_PERP,bid,62600,741.2
2024-08-27 12:31:44,BTCUSD_PERP,bid,62600,741.25
2024-08-27 12:32:31,BTCUSD_PERP,bid,62600,741.3
2024-08-27 12:32:47,BTCUSD_PERP,bid,62600,741.35
2024-08-27 12:33:29,BTCUSD_PERP,bid,62600,741.3
2024-08-27 12:35:18,BTCUSD_PERP,bid,62600,741.25
2024-08-27 12:35:57,BTCUSD_PERP,bid,62600,679.9
2024-08-27 12:35:57,BTCUSD_PERP,bid,62600,618.55
2024-08-27 12:35:58,BTCUSD_PERP,bid,62600,556.57
2024-08-27 12:35:58,BTCUSD_PERP,bid,62600,494.59
2024-08-27 12:35:58,BTCUSD_PERP,bid,62600,494.21
2024-08-27 12:35:58,BTCUSD_PERP,bid,62600,556.23
2024-08-27 12:35:58,BTCUSD_PERP,bid,62600,618.25
2024-08-27 12:35:59,BTCUSD_PERP,bid,62600,680.27
2024-08-27 12:36:00,BTCUSD_PERP,bid,62600,680.32
2024-08-27 12:38:30,BTCUSD_PERP,bid,62600,494.24
2024-08-27 12:38:31,BTCUSD_PERP,bid,62600,556.26
2024-08-27 12:38:31,BTCUSD_PERP,bid,62600,802.96
2024-08-27 12:38:31,BTCUSD_PERP,bid,62600,925.73
2024-08-27 12:38:31,BTCUSD_PERP,bid,62600,987.11
2024-08-27 12:38:31,BTCUSD_PERP,bid,62600,1049.13
2024-08-27 12:38:44,BTCUSD_PERP,bid,62600,987.75
2024-08-27 12:38:45,BTCUSD_PERP,bid,62600,864.35
2024-08-27 12:38:45,BTCUSD_PERP,bid,62600,802.33
2024-08-27 12:38:45,BTCUSD_PERP,bid,62600,740.31
2024-08-27 12:38:45,BTCUSD_PERP,bid,62600,678.93
2024-08-27 12:38:45,BTCUSD_PERP,bid,62600,616.91
2024-08-27 12:38:45,BTCUSD_PERP,bid,62600,555.53
2024-08-27 12:38:45,BTCUSD_PERP,bid,62600,493.51
2024-08-27 12:38:46,BTCUSD_PERP,bid,62600,493.85
2024-08-27 12:38:46,BTCUSD_PERP,bid,62600,617.18
2024-08-27 12:38:46,BTCUSD_PERP,bid,62600,678.53
2024-08-27 12:38:46,BTCUSD_PERP,bid,62600,739.88
2024-08-27 12:38:46,BTCUSD_PERP,bid,62600,801.86
2024-08-27 12:38:50,BTCUSD_PERP,bid,62600,801.9
2024-08-27 12:42:19,BTCUSD_PERP,bid,62600,801.86
2024-08-27 12:43:24,BTCUSD_PERP,bid,62600,740.51
2024-08-27 12:43:24,BTCUSD_PERP,bid,62600,678.63
2024-08-27 12:43:25,BTCUSD_PERP,bid,62600,554.67
2024-08-27 12:43:25,BTCUSD_PERP,bid,62600,493.32
2024-08-27 12:43:25,BTCUSD_PERP,bid,62600,494.15
2024-08-27 12:43:25,BTCUSD_PERP,bid,62600,555.54
2024-08-27 12:43:25,BTCUSD_PERP,bid,62600,617.56
2024-08-27 12:43:25,BTCUSD_PERP,bid,62600,865.01
2024-08-27 12:43:25,BTCUSD_PERP,bid,62600,926.39
2024-08-27 12:43:26,BTCUSD_PERP,bid,62600,988.41
2024-08-27 12:43:26,BTCUSD_PERP,bid,62600,1050.43
2024-08-27 12:43:26,BTCUSD_PERP,bid,62600,1173.19
2024-08-27 12:43:28,BTCUSD_PERP,bid,62600,493.36
2024-08-27 12:43:28,BTCUSD_PERP,bid,62600,678.05
2024-08-27 12:43:29,BTCUSD_PERP,bid,62600,740.04
2024-08-27 12:45:33,BTCUSD_PERP,bid,62600,678.05
2024-08-27 12:45:34,BTCUSD_PERP,bid,62600,554.71
2024-08-27 12:45:34,BTCUSD_PERP,bid,62600,492.72
2024-08-27 12:48:13,BTCUSD_PERP,bid,62600,494.0
2024-08-27 12:48:13,BTCUSD_PERP,bid,62600,555.99
2024-08-27 12:48:13,BTCUSD_PERP,bid,62600,741.21
2024-08-27 12:48:14,BTCUSD_PERP,bid,62600,864.55
2024-08-27 12:48:14,BTCUSD_PERP,bid,62600,925.9
2024-08-27 12:48:14,BTCUSD_PERP,bid,62600,1049.24
2024-08-27 12:48:14,BTCUSD_PERP,bid,62600,1173.22
2024-08-27 12:48:47,BTCUSD_PERP,bid,62600,1173.27
2024-08-27 12:49:14,BTCUSD_PERP,bid,62600,1173.32
2024-08-27 12:50:41,BTCUSD_PERP,bid,62600,1111.33
2024-08-27 12:50:41,BTCUSD_PERP,bid,62600,1049.34
2024-08-27 12:50:41,BTCUSD_PERP,bid,62600,925.47
2024-08-27 12:50:42,BTCUSD_PERP,bid,62600,739.5
2024-08-27 12:50:42,BTCUSD_PERP,bid,62600,678.15
2024-08-27 12:50:42,BTCUSD_PERP,bid,62600,495.42
2024-08-27 12:50:42,BTCUSD_PERP,bid,62600,555.45
2024-08-27 12:50:42,BTCUSD_PERP,bid,62600,618.19
2024-08-27 12:50:42,BTCUSD_PERP,bid,62600,493.46
2024-08-27 12:50:42,BTCUSD_PERP,bid,62600,680.21
2024-08-27 12:50:42,BTCUSD_PERP,bid,62600,804.25
2024-08-27 12:50:42,BTCUSD_PERP,bid,62600,866.27
2024-08-27 12:50:42,BTCUSD_PERP,bid,62600,927.66
2024-08-27 12:51:50,BTCUSD_PERP,bid,62600,742.24
2024-08-27 12:51:50,BTCUSD_PERP,bid,62600,1111.13
2024-08-27 12:51:50,BTCUSD_PERP,bid,62600,1173.11
2024-08-27 12:56:31,BTCUSD_PERP,bid,62600,1111.76
2024-08-27 12:58:39,BTCUSD_PERP,bid,62600,493.94
2024-08-27 12:58:39,BTCUSD_PERP,bid,62600,617.26
2024-08-27 12:58:39,BTCUSD_PERP,bid,62600,679.24
2024-08-27 12:58:39,BTCUSD_PERP,bid,62600,740.59
2024-08-27 11:23:40,BTCUSD_PERP,bid,62400,491.98
2024-08-27 11:23:40,BTCUSD_PERP,bid,62400,553.79
2024-08-27 11:24:33,BTCUSD_PERP,bid,62400,492.61
2024-08-27 11:24:34,BTCUSD_PERP,bid,62400,492.35
2024-08-27 11:24:35,BTCUSD_PERP,bid,62400,553.5
2024-08-27 11:24:35,BTCUSD_PERP,bid,62400,553.55
2024-08-27 11:28:10,BTCUSD_PERP,bid,62400,553.5
2024-08-27 11:28:35,BTCUSD_PERP,bid,62400,497.68
2024-08-27 11:28:35,BTCUSD_PERP,bid,62400,558.87
2024-08-27 11:28:35,BTCUSD_PERP,bid,62400,620.06
2024-08-27 11:29:06,BTCUSD_PERP,bid,62400,615.68
2024-08-27 11:29:18,BTCUSD_PERP,bid,62400,492.04
2024-08-27 11:29:18,BTCUSD_PERP,bid,62400,491.78
2024-08-27 11:29:18,BTCUSD_PERP,bid,62400,615.36
2024-08-27 11:29:19,BTCUSD_PERP,bid,62400,676.52
2024-08-27 11:29:40,BTCUSD_PERP,bid,62400,676.57
2024-08-27 11:32:41,BTCUSD_PERP,bid,62400,614.78
2024-08-27 11:32:41,BTCUSD_PERP,bid,62400,553.62
2024-08-27 11:32:42,BTCUSD_PERP,bid,62400,492.04
2024-08-27 11:32:43,BTCUSD_PERP,bid,62400,553.86
2024-08-27 11:32:43,BTCUSD_PERP,bid,62400,615.05
2024-08-27 11:32:49,BTCUSD_PERP,bid,62400,615.1
2024-08-27 11:33:03,BTCUSD_PERP,bid,62400,493.29
2024-08-27 11:36:16,BTCUSD_PERP,bid,62400,615.05
2024-08-27 11:36:40,BTCUSD_PERP,bid,62400,492.04
2024-08-27 11:37:04,BTCUSD_PERP,bid,62500,493.86
2024-08-27 11:37:04,BTCUSD_PERP,bid,62500,555.12
2024-08-27 11:37:13,BTCUSD_PERP,bid,62500,555.17
2024-08-27 11:38:22,BTCUSD_PERP,bid,62500,554.44
2024-08-27 11:38:23,BTCUSD_PERP,bid,62500,615.7
2024-08-27 11:39:13,BTCUSD_PERP,bid,62500,493.28
2024-08-27 11:39:13,BTCUSD_PERP,bid,62500,554.44
2024-08-27 11:39:13,BTCUSD_PERP,bid,62500,492.65
2024-08-27 11:39:14,BTCUSD_PERP,bid,62400,492.87
2024-08-27 11:39:14,BTCUSD_PERP,bid,62400,616.59
2024-08-27 11:39:15,BTCUSD_PERP,bid,62400,491.7
2024-08-27 11:39:15,BTCUSD_PERP,bid,62400,553.56
2024-08-27 11:40:20,BTCUSD_PERP,bid,62400,492.33
2024-08-27 11:40:21,BTCUSD_PERP,bid,62400,555.37
2024-08-27 11:40:21,BTCUSD_PERP,bid,62400,493.51
2024-08-27 11:40:22,BTCUSD_PERP,bid,62500,553.86
2024-08-27 11:40:22,BTCUSD_PERP,bid,62500,615.75
2024-08-27 11:40:22,BTCUSD_PERP,bid,62500,677.64
2024-08-27 11:40:22,BTCUSD_PERP,bid,62500,800.69
2024-08-27 11:40:22,BTCUSD_PERP,bid,62500,862.58
2024-08-27 11:40:22,BTCUSD_PERP,bid,62500,924.47
2024-08-27 11:40:23,BTCUSD_PERP,bid,62500,1047.62
2024-08-27 11:45:36,BTCUSD_PERP,bid,62500,986.36
2024-08-27 11:45:36,BTCUSD_PERP,bid,62500,925.1
2024-08-27 11:45:36,BTCUSD_PERP,bid,62500,863.84
2024-08-27 11:45:36,BTCUSD_PERP,bid,62500,801.95
2024-08-27 11:45:37,BTCUSD_PERP,bid,62500,740.06
2024-08-27 11:45:37,BTCUSD_PERP,bid,62500,616.91
2024-08-27 11:45:37,BTCUSD_PERP,bid,62500,555.65
2024-08-27 11:45:37,BTCUSD_PERP,bid,62500,494.39
2024-08-27 11:45:37,BTCUSD_PERP,bid,62500,492.93
2024-08-27 11:45:38,BTCUSD_PERP,bid,62500,554.86
2024-08-27 11:45:38,BTCUSD_PERP,bid,62500,678.72
2024-08-27 11:45:38,BTCUSD_PERP,bid,62500,802.58
2024-08-27 11:45:38,BTCUSD_PERP,bid,62500,987.64
2024-08-27 11:45:38,BTCUSD_PERP,bid,62500,1049.57
2024-08-27 11:45:43,BTCUSD_PERP,bid,62500,1049.62
2024-08-27 11:46:49,BTCUSD_PERP,bid,62500,987.69
2024-08-27 11:46:49,BTCUSD_PERP,bid,62500,926.39
2024-08-27 11:46:49,BTCUSD_PERP,bid,62500,864.46
2024-08-27 11:46:49,BTCUSD_PERP,bid,62500,803.16
2024-08-27 11:46:50,BTCUSD_PERP,bid,62500,741.23
2024-08-27 11:46:50,BTCUSD_PERP,bid,62500,618.0
2024-08-27 11:46:50,BTCUSD_PERP,bid,62500,556.07
2024-08-27 11:46:51,BTCUSD_PERP,bid,62500,555.2
2024-08-27 11:46:51,BTCUSD_PERP,bid,62500,679.0
2024-08-27 11:46:51,BTCUSD_PERP,bid,62500,740.8
2024-08-27 11:46:51,BTCUSD_PERP,bid,62500,802.06
2024-08-27 11:47:11,BTCUSD_PERP,bid,62500,802.11
2024-08-27 11:47:40,BTCUSD_PERP,bid,62500,740.21
2024-08-27 11:47:40,BTCUSD_PERP,bid,62500,678.95
2024-08-27 11:47:40,BTCUSD_PERP,bid,62500,617.05
2024-08-27 11:47:41,BTCUSD_PERP,bid,62500,555.78
2024-08-27 11:47:41,BTCUSD_PERP,bid,62500,493.55
2024-08-27 11:47:41,BTCUSD_PERP,bid,62500,493.88
2024-08-27 11:47:41,BTCUSD_PERP,bid,62500,555.48
2024-08-27 11:47:41,BTCUSD_PERP,bid,62500,616.78
2024-08-27 11:52:25,BTCUSD_PERP,bid,62500,492.92
2024-08-27 11:52:25,BTCUSD_PERP,bid,62500,554.54
2024-08-27 11:52:26,BTCUSD_PERP,bid,62500,616.44
2024-08-27 11:53:29,BTCUSD_PERP,bid,62500,555.18
2024-08-27 11:53:31,BTCUSD_PERP,bid,62500,492.99
2024-08-27 11:53:31,BTCUSD_PERP,bid,62500,616.21
2024-08-27 11:53:31,BTCUSD_PERP,bid,62500,677.51
2024-08-27 11:53:31,BTCUSD_PERP,bid,62500,800.73
2024-08-27 11:53:45,BTCUSD_PERP,bid,62500,800.68
2024-08-27 11:54:07,BTCUSD_PERP,bid,62500,800.63
2024-08-27 11:54:26,BTCUSD_PERP,bid,62500,615.48
2024-08-27 11:54:26,BTCUSD_PERP,bid,62500,615.17
2024-08-27 11:54:26,BTCUSD_PERP,bid,62500,738.97
2024-08-27 11:54:27,BTCUSD_PERP,bid,62500,800.24
2024-08-27 12:07:05,BTCUSD_PERP,bid,62500,738.98
2024-08-27 12:07:05,BTCUSD_PERP,bid,62500,677.72
2024-08-27 12:07:05,BTCUSD_PERP,bid,62500,492.66
2024-08-27 12:07:06,BTCUSD_PERP,bid,62500,494.08
2024-08-27 12:07:06,BTCUSD_PERP,bid,62500,616.15
2024-08-27 12:07:07,BTCUSD_PERP,bid,62500,678.08
2024-08-27 12:10:47,BTCUSD_PERP,bid,62500,494.38
2024-08-27 12:10:48,BTCUSD_PERP,bid,62500,555.71
2024-08-27 12:10:57,BTCUSD_PERP,bid,62500,554.22
2024-08-27 12:10:57,BTCUSD_PERP,bid,62500,492.29
2024-08-27 12:13:01,BTCUSD_PERP,bid,62500,554.92
2024-08-27 12:13:01,BTCUSD_PERP,bid,62500,616.85
2024-08-27 12:13:01,BTCUSD_PERP,bid,62500,678.15
2024-08-27 12:13:04,BTCUSD_PERP,bid,62500,555.38
2024-08-27 12:13:12,BTCUSD_PERP,bid,62500,678.1
2024-08-27 12:16:00,BTCUSD_PERP,bid,62500,493.45
2024-08-27 12:16:00,BTCUSD_PERP,bid,62500,616.17
2024-08-27 12:16:01,BTCUSD_PERP,bid,62500,554.24
2024-08-27 12:16:01,BTCUSD_PERP,bid,62500,492.31
2024-08-27 12:28:52,BTCUSD_PERP,bid,62500,1110.23
2024-08-27 12:28:52,BTCUSD_PERP,bid,62500,1172.16
2024-08-27 12:30:02,BTCUSD_PERP,bid,62500,1048.3
2024-08-27 12:30:02,BTCUSD_PERP,bid,62500,987.0
2024-08-27 12:30:02,BTCUSD_PERP,bid,62500,801.84
2024-08-27 12:30:02,BTCUSD_PERP,bid,62500,740.54
2024-08-27 12:30:03,BTCUSD_PERP,bid,62500,679.24
2024-08-27 12:30:03,BTCUSD_PERP,bid,62500,555.38
2024-08-27 12:38:31,BTCUSD_PERP,bid,62500,540.93
2024-08-27 12:45:34,BTCUSD_PERP,bid,62500,493.98
2024-08-27 12:45:34,BTCUSD_PERP,bid,62500,616.98
2024-08-27 12:45:34,BTCUSD_PERP,bid,62500,540.4
2024-08-27 12:45:34,BTCUSD_PERP,bid,62500,1110.59
2024-08-27 12:45:34,BTCUSD_PERP,bid,62500,1172.54
2024-08-27 12:48:13,BTCUSD_PERP,bid,62500,863.42
2024-08-27 12:48:13,BTCUSD_PERP,bid,62500,740.15
2024-08-27 12:48:13,BTCUSD_PERP,bid,62500,678.83
2024-08-27 12:48:13,BTCUSD_PERP,bid,62500,555.56
2024-08-27 12:48:14,BTCUSD_PERP,bid,62500,540.67
2024-08-27 12:51:50,BTCUSD_PERP,bid,62500,540.67
2024-08-27 13:00:41,BTCUSD_PERP,bid,62500,493.65
2024-08-27 13:00:41,BTCUSD_PERP,bid,62500,616.9
2024-08-27 13:01:26,BTCUSD_PERP,bid,62500,493.39
2024-08-27 13:07:26,BTCUSD_PERP,bid,62500,503.42
2024-08-27 13:07:27,BTCUSD_PERP,bid,62500,565.36
2024-08-27 13:07:27,BTCUSD_PERP,bid,62500,627.3
2024-08-27 13:17:01,BTCUSD_PERP,bid,62500,565.36
2024-08-27 13:17:02,BTCUSD_PERP,bid,62500,616.58
2024-08-27 13:25:35,BTCUSD_PERP,bid,62500,555.3
2024-08-27 13:25:36,BTCUSD_PERP,bid,62500,616.26
2024-08-27 13:25:46,BTCUSD_PERP,bid,62500,616.3
2024-08-27 13:28:54,BTCUSD_PERP,bid,62400,493.22
2024-08-27 13:28:54,BTCUSD_PERP,bid,62400,555.03
2024-08-27 13:31:04,BTCUSD_PERP,bid,62400,492.98
2024-08-27 13:31:04,BTCUSD_PERP,bid,62400,554.76
2024-08-27 13:33:00,BTCUSD_PERP,bid,62400,559.14
2024-08-27 14:28:11,BTCUSD_PERP,bid,62400,491.14
2024-08-27 14:28:11,BTCUSD_PERP,bid,62400,614.72
2024-08-27 14:28:12,BTCUSD_PERP,bid,62400,737.66
2024-08-27 14:28:12,BTCUSD_PERP,bid,62400,799.45
2024-08-27 14:28:12,BTCUSD_PERP,bid,62400,861.24
2024-08-27 14:28:12,BTCUSD_PERP,bid,62400,923.03
2024-08-27 14:28:12,BTCUSD_PERP,bid,62400,1045.97
2024-08-27 14:28:14,BTCUSD_PERP,bid,62400,1047.27
2024-08-27 14:28:15,BTCUSD_PERP,bid,62400,1049.51
2024-08-27 14:28:16,BTCUSD_PERP,bid,62400,1064.46
2024-08-27 14:28:41,BTCUSD_PERP,bid,62400,1064.64
2024-08-27 14:29:41,BTCUSD_PERP,bid,62400,1063.34
2024-08-27 14:34:22,BTCUSD_PERP,bid,62400,493.04
2024-08-27 14:34:22,BTCUSD_PERP,bid,62400,615.38
2024-08-27 14:34:22,BTCUSD_PERP,bid,62400,800.15
2024-08-27 14:34:22,BTCUSD_PERP,bid,62400,861.95
2024-08-27 14:34:22,BTCUSD_PERP,bid,62400,923.75
2024-08-27 14:39:34,BTCUSD_PERP,bid,62400,738.45
2024-08-27 15:01:11,BTCUSD_PERP,bid,62400,491.09
2024-08-27 15:01:11,BTCUSD_PERP,bid,62400,675.17
2024-08-27 15:01:11,BTCUSD_PERP,bid,62400,736.95
2024-08-27 15:01:11,BTCUSD_PERP,bid,62400,859.78
2024-08-27 15:01:11,BTCUSD_PERP,bid,62400,921.56
2024-08-27 15:01:12,BTCUSD_PERP,bid,62400,983.34
2024-08-27 15:01:12,BTCUSD_PERP,bid,62400,1045.12
2024-08-27 15:01:12,BTCUSD_PERP,bid,62400,1106.9
2024-08-27 15:04:10,BTCUSD_PERP,bid,62400,983.97
2024-08-27 15:04:11,BTCUSD_PERP,bid,62400,860.41
2024-08-27 15:04:11,BTCUSD_PERP,bid,62400,738.11
2024-08-27 15:04:11,BTCUSD_PERP,bid,62400,676.33
2024-08-27 15:04:11,BTCUSD_PERP,bid,62400,503.13
2024-08-27 15:04:11,BTCUSD_PERP,bid,62400,614.65
2024-08-27 15:04:11,BTCUSD_PERP,bid,62400,687.2
2024-08-27 15:04:11,BTCUSD_PERP,bid,62400,810.84
2024-08-27 15:04:12,BTCUSD_PERP,bid,62400,933.84
2024-08-27 15:04:12,BTCUSD_PERP,bid,62400,995.66
2024-08-27 15:04:12,BTCUSD_PERP,bid,62400,1056.84
2024-08-27 15:04:13,BTCUSD_PERP,bid,62400,1179.84
2024-08-27 15:04:49,BTCUSD_PERP,bid,62400,1118.02
2024-08-27 15:04:49,BTCUSD_PERP,bid,62400,995.02
2024-08-27 15:04:49,BTCUSD_PERP,bid,62400,933.84
2024-08-27 15:04:49,BTCUSD_PERP,bid,62400,810.2
2024-08-27 15:04:49,BTCUSD_PERP,bid,62400,748.38
2024-08-27 15:04:49,BTCUSD_PERP,bid,62400,687.2
2024-08-27 15:04:50,BTCUSD_PERP,bid,62400,625.38
2024-08-27 15:04:50,BTCUSD_PERP,bid,62400,563.67
2024-08-27 15:04:50,BTCUSD_PERP,bid,62400,493.44
2024-08-27 15:04:50,BTCUSD_PERP,bid,62400,555.29
2024-08-27 15:05:28,BTCUSD_PERP,bid,62400,493.44
2024-08-27 15:05:29,BTCUSD_PERP,bid,62400,553.2
2024-08-27 15:05:29,BTCUSD_PERP,bid,62400,615.02
2024-08-27 15:07:18,BTCUSD_PERP,bid,62400,553.2
2024-08-27 15:07:18,BTCUSD_PERP,bid,62400,492.02
2024-08-27 15:07:19,BTCUSD_PERP,bid,62400,491.72
2024-08-27 16:33:01,BTCUSD_PERP,bid,62400,492.36
2024-08-27 16:33:02,BTCUSD_PERP,bid,62400,553.51
2024-08-27 16:33:02,BTCUSD_PERP,bid,62400,615.29
2024-08-27 16:33:02,BTCUSD_PERP,bid,62400,676.45
2024-08-27 16:34:58,BTCUSD_PERP,bid,62400,614.67
