2024-09-13 17:54:31,ETHUSDT,bid,2360,7040.144
2024-09-13 17:54:33,ETHUSDT,bid,2360,7040.413
2024-09-13 17:54:35,ETHUSDT,bid,2360,7049.953
2024-09-13 17:54:35,ETHUSDT,bid,2360,7040.413
2024-09-13 17:54:35,ETHUSDT,bid,2360,7041.35
2024-09-13 17:54:35,ETHUSDT,bid,2360,7041.36
2024-09-13 19:05:04,ETHUSDT,ask,2360,11024.775
2024-09-13 19:05:08,ETHUSDT,ask,2360,9908.914
2024-09-13 19:05:11,ETHUSDT,ask,2360,11092.498
2024-09-13 19:05:11,ETHUSDT,ask,2360,11024.764
2024-09-13 21:21:03,ETHUSDT,bid,2360,10030.043
2024-09-13 21:21:04,ETHUSDT,bid,2360,10030.052
2024-09-13 21:21:07,ETHUSDT,bid,2360,10030.331
2024-09-13 22:06:44,ETHUSDT,bid,2370,10015.966
2024-09-13 22:06:44,ETHUSDT,bid,2370,10024.392
2024-09-13 22:06:48,ETHUSDT,bid,2370,10034.468
2024-09-13 22:06:48,ETHUSDT,bid,2370,10033.968
2024-09-13 22:06:49,ETHUSDT,bid,2370,10449.789
2024-09-13 22:06:49,ETHUSDT,bid,2370,10033.968
2024-09-13 17:58:32,ETHUSDT,ask,2380,4330.496
2024-09-13 17:58:39,ETHUSDT,ask,2380,4330.42
2024-09-13 17:58:48,ETHUSDT,ask,2380,4326.228
2024-09-13 17:59:04,ETHUSDT,ask,2380,4323.078
2024-09-13 17:59:20,ETHUSDT,ask,2380,4331.754
2024-09-13 17:59:23,ETHUSDT,ask,2380,4332.0
2024-09-13 17:59:34,ETHUSDT,ask,2380,4331.326
2024-09-13 17:59:43,ETHUSDT,ask,2380,4330.908
2024-09-13 18:00:00,ETHUSDT,ask,2380,4330.917
2024-09-13 18:00:04,ETHUSDT,ask,2380,4330.908
2024-09-13 18:00:05,ETHUSDT,ask,2380,4336.127
2024-09-13 18:00:06,ETHUSDT,ask,2380,4336.136
2024-09-13 18:00:06,ETHUSDT,ask,2380,4336.127
2024-09-13 18:00:10,ETHUSDT,ask,2380,4336.004
2024-09-13 18:00:14,ETHUSDT,ask,2380,4337.004
2024-09-13 18:00:25,ETHUSDT,ask,2380,4340.004
2024-09-13 18:00:35,ETHUSDT,ask,2380,4370.004
2024-09-13 18:00:47,ETHUSDT,ask,2380,4346.397
2024-09-13 18:01:16,ETHUSDT,ask,2380,4354.56
2024-09-13 18:01:33,ETHUSDT,ask,2380,4354.76
2024-09-13 18:01:37,ETHUSDT,ask,2380,4354.865
2024-09-13 18:02:05,ETHUSDT,ask,2380,4990.374
2024-09-13 18:02:10,ETHUSDT,ask,2380,4384.374
2024-09-13 18:02:41,ETHUSDT,ask,2380,4383.374
2024-09-13 18:02:46,ETHUSDT,ask,2380,4382.834
2024-09-13 18:03:33,ETHUSDT,ask,2380,4382.077
2024-09-13 18:04:46,ETHUSDT,ask,2380,4378.724
2024-09-13 18:07:42,ETHUSDT,ask,2380,4378.735
2024-09-13 18:08:27,ETHUSDT,ask,2380,4378.835
2024-09-13 18:08:53,ETHUSDT,ask,2380,4378.635
2024-09-13 18:10:38,ETHUSDT,ask,2380,4379.635
2024-09-13 18:10:43,ETHUSDT,ask,2380,4371.472
2024-09-13 18:11:29,ETHUSDT,ask,2380,4361.472
2024-09-13 18:11:57,ETHUSDT,ask,2380,4363.472
2024-09-13 18:12:26,ETHUSDT,ask,2380,4363.601
2024-09-13 18:13:08,ETHUSDT,ask,2380,4362.601
2024-09-13 18:13:47,ETHUSDT,ask,2380,4362.472
2024-09-13 18:13:52,ETHUSDT,ask,2380,4364.196
2024-09-13 18:14:33,ETHUSDT,ask,2380,4355.813
2024-09-13 18:14:42,ETHUSDT,ask,2380,4355.665
2024-09-13 18:15:04,ETHUSDT,ask,2380,4350.446
2024-09-13 18:15:39,ETHUSDT,ask,2380,4323.197
2024-09-13 18:15:51,ETHUSDT,ask,2380,4239.34
2024-09-13 18:15:57,ETHUSDT,ask,2380,4281.266
2024-09-13 18:15:58,ETHUSDT,ask,2380,4283.929
2024-09-13 18:15:59,ETHUSDT,ask,2380,4284.34
2024-09-13 18:16:12,ETHUSDT,ask,2380,4281.677
2024-09-13 18:16:37,ETHUSDT,ask,2380,4281.657
2024-09-13 18:16:52,ETHUSDT,ask,2380,4281.45
2024-09-13 18:17:03,ETHUSDT,ask,2380,4291.441
2024-09-13 18:17:16,ETHUSDT,ask,2380,4291.596
2024-09-13 18:17:17,ETHUSDT,ask,2380,4292.856
2024-09-13 18:17:17,ETHUSDT,ask,2380,4297.949
2024-09-13 18:17:28,ETHUSDT,ask,2380,4297.824
2024-09-13 18:17:31,ETHUSDT,ask,2380,4290.037
2024-09-13 18:17:54,ETHUSDT,ask,2380,4294.227
2024-09-13 18:17:54,ETHUSDT,ask,2380,4289.134
2024-09-13 18:17:57,ETHUSDT,ask,2380,4290.134
2024-09-13 18:17:59,ETHUSDT,ask,2380,4293.134
2024-09-13 18:18:07,ETHUSDT,ask,2380,4293.334
2024-09-13 18:18:25,ETHUSDT,ask,2380,4289.034
2024-09-13 18:20:37,ETHUSDT,ask,2380,4289.368
2024-09-13 18:20:47,ETHUSDT,ask,2380,4294.616
2024-09-13 18:21:00,ETHUSDT,ask,2380,4289.368
2024-09-13 18:21:08,ETHUSDT,ask,2380,4291.992
2024-09-13 18:22:36,ETHUSDT,ask,2380,4287.802
2024-09-13 18:24:13,ETHUSDT,ask,2380,4288.149
2024-09-13 18:26:33,ETHUSDT,ask,2380,4288.112
2024-09-13 18:27:05,ETHUSDT,ask,2380,4303.112
2024-09-13 18:28:06,ETHUSDT,ask,2380,4493.402
2024-09-13 18:29:09,ETHUSDT,ask,2380,4493.444
2024-09-13 18:29:11,ETHUSDT,ask,2380,4493.229
2024-09-13 18:29:14,ETHUSDT,ask,2380,4493.207
2024-09-13 18:29:37,ETHUSDT,ask,2380,4520.872
2024-09-13 18:29:43,ETHUSDT,ask,2380,4510.872
2024-09-13 18:29:44,ETHUSDT,ask,2380,4506.148
2024-09-13 18:29:55,ETHUSDT,ask,2380,4518.446
2024-09-13 18:30:26,ETHUSDT,ask,2380,4517.946
2024-09-13 18:30:40,ETHUSDT,ask,2380,4517.936
2024-09-13 18:30:47,ETHUSDT,ask,2380,4517.946
2024-09-13 18:31:56,ETHUSDT,ask,2380,4492.281
2024-09-13 18:31:58,ETHUSDT,ask,2380,4490.281
2024-09-13 18:32:09,ETHUSDT,ask,2380,4490.685
2024-09-13 18:33:03,ETHUSDT,ask,2380,4490.37
2024-09-13 18:33:35,ETHUSDT,ask,2380,4489.554
2024-09-13 18:33:47,ETHUSDT,ask,2380,4490.554
2024-09-13 18:33:52,ETHUSDT,ask,2380,4490.604
2024-09-13 18:34:01,ETHUSDT,ask,2380,4490.793
2024-09-13 18:34:37,ETHUSDT,ask,2380,4490.914
2024-09-13 18:34:42,ETHUSDT,ask,2380,4489.914
2024-09-13 18:34:57,ETHUSDT,ask,2380,4491.174
2024-09-13 18:35:46,ETHUSDT,ask,2380,4491.395
2024-09-13 18:36:34,ETHUSDT,ask,2380,4492.173
2024-09-13 18:36:34,ETHUSDT,ask,2380,4492.385
2024-09-13 18:36:46,ETHUSDT,ask,2380,4492.164
2024-09-13 18:38:30,ETHUSDT,ask,2380,4487.269
2024-09-13 18:38:44,ETHUSDT,ask,2380,4487.899
2024-09-13 18:38:45,ETHUSDT,ask,2380,4487.62
2024-09-13 18:38:53,ETHUSDT,ask,2380,4480.62
2024-09-13 18:39:50,ETHUSDT,ask,2380,4480.566
2024-09-13 18:40:12,ETHUSDT,ask,2380,4480.666
2024-09-13 18:40:40,ETHUSDT,ask,2380,4480.916
2024-09-13 18:40:59,ETHUSDT,ask,2380,4480.866
2024-09-13 18:42:18,ETHUSDT,ask,2380,4476.74
2024-09-13 18:42:54,ETHUSDT,ask,2380,4448.137
2024-09-13 18:43:01,ETHUSDT,ask,2380,4447.845
2024-09-13 18:45:58,ETHUSDT,ask,2380,4446.845
2024-09-13 18:46:50,ETHUSDT,ask,2380,4447.845
2024-09-13 18:47:21,ETHUSDT,ask,2380,4447.904
2024-09-13 18:48:25,ETHUSDT,ask,2380,4447.917
2024-09-13 18:49:05,ETHUSDT,ask,2380,4450.325
2024-09-13 18:49:43,ETHUSDT,ask,2380,4450.334
2024-09-13 18:50:10,ETHUSDT,ask,2380,4450.321
2024-09-13 18:50:40,ETHUSDT,ask,2380,4450.531
2024-09-13 18:50:53,ETHUSDT,ask,2380,4450.384
2024-09-13 18:52:24,ETHUSDT,ask,2380,4450.483
2024-09-13 18:52:27,ETHUSDT,ask,2380,4450.384
2024-09-13 18:52:29,ETHUSDT,ask,2380,4450.263
2024-09-13 18:52:53,ETHUSDT,ask,2380,4437.965
2024-09-13 18:54:14,ETHUSDT,ask,2380,4456.099
2024-09-13 18:54:29,ETHUSDT,ask,2380,4455.978
2024-09-13 18:54:34,ETHUSDT,ask,2380,4455.829
2024-09-13 18:54:53,ETHUSDT,ask,2380,4437.665
2024-09-13 18:55:26,ETHUSDT,ask,2380,4390.078
2024-09-13 18:55:34,ETHUSDT,ask,2380,4389.986
2024-09-13 18:55:36,ETHUSDT,ask,2380,4389.959
2024-09-13 18:56:09,ETHUSDT,ask,2380,4389.95
2024-09-13 18:56:11,ETHUSDT,ask,2380,4390.069
2024-09-13 18:56:13,ETHUSDT,ask,2380,4383.137
2024-09-13 18:56:44,ETHUSDT,ask,2380,4383.051
2024-09-13 18:56:58,ETHUSDT,ask,2380,4380.143
2024-09-13 18:57:02,ETHUSDT,ask,2380,4380.098
2024-09-13 18:58:18,ETHUSDT,ask,2380,4380.004
2024-09-13 18:58:31,ETHUSDT,ask,2380,4374.542
2024-09-13 18:58:32,ETHUSDT,ask,2380,4375.542
2024-09-13 18:59:23,ETHUSDT,ask,2380,4374.542
2024-09-13 18:59:33,ETHUSDT,ask,2380,4373.111
2024-09-13 19:00:03,ETHUSDT,ask,2380,4372.911
2024-09-13 19:01:49,ETHUSDT,ask,2380,4373.311
2024-09-13 19:01:55,ETHUSDT,ask,2380,4373.33
2024-09-13 19:01:58,ETHUSDT,ask,2380,4373.089
2024-09-13 19:02:29,ETHUSDT,ask,2380,4417.264
2024-09-13 19:02:32,ETHUSDT,ask,2380,4373.089
2024-09-13 19:02:39,ETHUSDT,ask,2380,4417.202
2024-09-13 19:03:28,ETHUSDT,ask,2380,4417.352
2024-09-13 19:03:31,ETHUSDT,ask,2380,4373.177
2024-09-13 19:03:38,ETHUSDT,ask,2380,4373.277
2024-09-13 19:04:19,ETHUSDT,ask,2380,4372.437
2024-09-13 19:04:20,ETHUSDT,ask,2380,4372.227
2024-09-13 19:04:23,ETHUSDT,ask,2380,4372.437
2024-09-13 19:04:32,ETHUSDT,ask,2380,4382.05
2024-09-13 19:04:32,ETHUSDT,ask,2380,4381.724
2024-09-13 19:04:39,ETHUSDT,ask,2380,4382.224
2024-09-13 19:05:17,ETHUSDT,ask,2380,4381.174
2024-09-13 19:07:04,ETHUSDT,ask,2380,4382.174
2024-09-13 19:07:18,ETHUSDT,ask,2380,4382.153
2024-09-13 19:07:25,ETHUSDT,ask,2380,4383.249
2024-09-13 19:07:50,ETHUSDT,ask,2380,4383.134
2024-09-13 19:07:56,ETHUSDT,ask,2380,4382.134
2024-09-13 19:08:13,ETHUSDT,ask,2380,4382.634
2024-09-13 19:08:40,ETHUSDT,ask,2380,4382.613
2024-09-13 19:08:53,ETHUSDT,ask,2380,4381.613
2024-09-13 19:10:25,ETHUSDT,ask,2380,4381.624
2024-09-13 19:10:48,ETHUSDT,ask,2380,4381.505
2024-09-13 19:11:12,ETHUSDT,ask,2380,4380.864
2024-09-13 19:11:48,ETHUSDT,ask,2380,4380.939
2024-09-13 19:12:04,ETHUSDT,ask,2380,4378.526
2024-09-13 19:13:28,ETHUSDT,ask,2380,4378.734
2024-09-13 19:13:36,ETHUSDT,ask,2380,4379.154
2024-09-13 19:14:09,ETHUSDT,ask,2380,4374.154
2024-09-13 19:14:38,ETHUSDT,ask,2380,4374.054
2024-09-13 19:15:10,ETHUSDT,ask,2380,4373.787
2024-09-13 19:17:15,ETHUSDT,ask,2380,4373.009
2024-09-13 19:17:15,ETHUSDT,ask,2380,4373.034
2024-09-13 19:17:57,ETHUSDT,ask,2380,4372.845
2024-09-13 19:19:36,ETHUSDT,ask,2380,4372.045
2024-09-13 19:19:45,ETHUSDT,ask,2380,4347.286
2024-09-13 19:19:59,ETHUSDT,ask,2380,4347.261
2024-09-13 19:20:17,ETHUSDT,ask,2380,4347.235
2024-09-13 19:21:10,ETHUSDT,ask,2380,4338.744
2024-09-13 19:21:23,ETHUSDT,ask,2380,4339.001
2024-09-13 19:21:58,ETHUSDT,ask,2380,4321.001
2024-09-13 19:22:42,ETHUSDT,ask,2380,4322.261
2024-09-13 19:23:16,ETHUSDT,ask,2380,4322.112
2024-09-13 19:24:17,ETHUSDT,ask,2380,4311.902
2024-09-13 19:24:20,ETHUSDT,ask,2380,4310.222
2024-09-13 19:24:57,ETHUSDT,ask,2380,4310.147
2024-09-13 19:25:07,ETHUSDT,ask,2380,4311.197
2024-09-13 19:25:36,ETHUSDT,ask,2380,4313.197
2024-09-13 19:26:03,ETHUSDT,ask,2380,4313.097
2024-09-13 19:26:45,ETHUSDT,ask,2380,4313.172
2024-09-13 19:27:22,ETHUSDT,ask,2380,4314.362
2024-09-13 19:29:10,ETHUSDT,ask,2380,4321.491
2024-09-13 19:29:33,ETHUSDT,ask,2380,4312.752
2024-09-13 19:30:13,ETHUSDT,ask,2380,4304.349
2024-09-13 19:31:40,ETHUSDT,ask,2380,4305.467
2024-09-13 19:31:44,ETHUSDT,ask,2380,4393.701
2024-09-13 19:33:03,ETHUSDT,ask,2380,4393.722
2024-09-13 19:33:21,ETHUSDT,ask,2380,4393.411
2024-09-13 19:33:33,ETHUSDT,ask,2380,4383.432
2024-09-13 19:33:39,ETHUSDT,ask,2380,4383.441
2024-09-13 19:38:42,ETHUSDT,ask,2380,4391.707
2024-09-13 19:38:46,ETHUSDT,ask,2380,4391.561
2024-09-13 19:39:40,ETHUSDT,ask,2380,4391.721
2024-09-13 19:39:44,ETHUSDT,ask,2380,4383.402
2024-09-13 19:39:49,ETHUSDT,ask,2380,4383.421
2024-09-13 19:41:04,ETHUSDT,ask,2380,4383.402
2024-09-13 19:41:29,ETHUSDT,ask,2380,4383.318
2024-09-13 19:42:11,ETHUSDT,ask,2380,4383.402
2024-09-13 19:42:45,ETHUSDT,ask,2380,4383.192
2024-09-13 19:43:28,ETHUSDT,ask,2380,4383.292
2024-09-13 19:44:12,ETHUSDT,ask,2380,4384.917
2024-09-13 19:44:20,ETHUSDT,ask,2380,4383.292
2024-09-13 19:44:39,ETHUSDT,ask,2380,4383.26
2024-09-13 19:44:42,ETHUSDT,ask,2380,4382.294
2024-09-13 19:44:59,ETHUSDT,ask,2380,4382.294
2024-09-13 19:45:53,ETHUSDT,ask,2380,4382.275
2024-09-13 19:46:20,ETHUSDT,ask,2380,4384.275
2024-09-13 19:46:20,ETHUSDT,ask,2380,4384.376
2024-09-13 19:46:30,ETHUSDT,ask,2380,4384.114
2024-09-13 19:49:04,ETHUSDT,ask,2380,4383.026
2024-09-13 19:49:12,ETHUSDT,ask,2380,4383.007
2024-09-13 19:49:17,ETHUSDT,ask,2380,4383.044
2024-09-13 19:49:31,ETHUSDT,ask,2380,4383.064
2024-09-13 19:49:35,ETHUSDT,ask,2380,4383.753
2024-09-13 19:49:57,ETHUSDT,ask,2380,4383.879
2024-09-13 19:50:01,ETHUSDT,ask,2380,4392.744
2024-09-13 19:51:09,ETHUSDT,ask,2380,4392.753
2024-09-13 19:51:12,ETHUSDT,ask,2380,4392.762
2024-09-13 19:51:19,ETHUSDT,ask,2380,4392.771
2024-09-13 19:51:54,ETHUSDT,ask,2380,4394.326
2024-09-13 19:52:49,ETHUSDT,ask,2380,4306.092
2024-09-13 19:54:32,ETHUSDT,ask,2380,4368.074
2024-09-13 19:55:08,ETHUSDT,ask,2380,4368.846
2024-09-13 19:55:13,ETHUSDT,ask,2380,4369.346
2024-09-13 19:55:50,ETHUSDT,ask,2380,4369.355
2024-09-13 19:56:07,ETHUSDT,ask,2380,4369.502
2024-09-13 19:57:53,ETHUSDT,ask,2380,4369.745
2024-09-13 19:57:55,ETHUSDT,ask,2380,4369.703
2024-09-13 19:58:10,ETHUSDT,ask,2380,4371.095
2024-09-13 20:00:07,ETHUSDT,ask,2380,4321.17
2024-09-13 20:00:57,ETHUSDT,ask,2380,4320.17
2024-09-13 20:02:52,ETHUSDT,ask,2380,4332.601
2024-09-13 20:03:22,ETHUSDT,ask,2380,4332.611
2024-09-13 20:03:47,ETHUSDT,ask,2380,4333.611
2024-09-13 20:05:01,ETHUSDT,ask,2380,4328.611
2024-09-13 20:05:21,ETHUSDT,ask,2380,4327.925
2024-09-13 20:05:34,ETHUSDT,ask,2380,4327.951
2024-09-13 20:05:48,ETHUSDT,ask,2380,4327.708
2024-09-13 20:07:29,ETHUSDT,ask,2380,4328.208
2024-09-13 20:07:42,ETHUSDT,ask,2380,4325.488
2024-09-13 20:08:48,ETHUSDT,ask,2380,4314.996
2024-09-13 20:09:30,ETHUSDT,ask,2380,4315.038
2024-09-13 20:10:44,ETHUSDT,ask,2380,4314.538
2024-09-13 20:11:55,ETHUSDT,ask,2380,4314.523
2024-09-13 20:13:39,ETHUSDT,ask,2380,4318.315
2024-09-13 20:14:02,ETHUSDT,ask,2380,4318.342
2024-09-13 20:16:59,ETHUSDT,ask,2380,4313.007
2024-09-13 20:17:42,ETHUSDT,ask,2380,4312.986
2024-09-13 20:17:45,ETHUSDT,ask,2380,4313.986
2024-09-13 20:19:03,ETHUSDT,ask,2380,4314.26
2024-09-13 20:19:13,ETHUSDT,ask,2380,4252.567
2024-09-13 20:20:25,ETHUSDT,ask,2380,4252.987
2024-09-13 20:20:48,ETHUSDT,ask,2380,4247.269
2024-09-13 20:21:17,ETHUSDT,ask,2380,4247.279
2024-09-13 20:21:30,ETHUSDT,ask,2380,4247.269
2024-09-13 20:21:37,ETHUSDT,ask,2380,4245.33
2024-09-13 20:21:37,ETHUSDT,ask,2380,4245.342
2024-09-13 20:24:41,ETHUSDT,ask,2380,4245.292
2024-09-13 20:25:39,ETHUSDT,ask,2380,4245.208
2024-09-13 20:27:41,ETHUSDT,ask,2380,4249.208
2024-09-13 20:34:50,ETHUSDT,ask,2380,4248.998
2024-09-13 20:36:22,ETHUSDT,ask,2380,4251.096
2024-09-13 20:36:53,ETHUSDT,ask,2380,4259.444
2024-09-13 20:36:59,ETHUSDT,ask,2380,4259.415
2024-09-13 20:37:50,ETHUSDT,ask,2380,4259.457
2024-09-13 20:38:48,ETHUSDT,ask,2380,4262.457
2024-09-13 20:38:54,ETHUSDT,ask,2380,4255.698
2024-09-13 20:39:17,ETHUSDT,ask,2380,4255.984
2024-09-13 20:39:33,ETHUSDT,ask,2380,4255.942
2024-09-13 20:40:06,ETHUSDT,ask,2380,4255.929
2024-09-13 20:40:52,ETHUSDT,ask,2380,4255.299
2024-09-13 20:41:40,ETHUSDT,ask,2380,4255.18
2024-09-13 20:41:47,ETHUSDT,ask,2380,4256.179
2024-09-13 20:43:57,ETHUSDT,ask,2380,4256.393
2024-09-13 20:44:39,ETHUSDT,ask,2380,4247.8
2024-09-13 20:45:33,ETHUSDT,ask,2380,4257.702
2024-09-13 20:45:50,ETHUSDT,ask,2380,4263.192
2024-09-13 20:46:14,ETHUSDT,ask,2380,4263.217
2024-09-13 20:47:04,ETHUSDT,ask,2380,4413.217
2024-09-13 20:47:06,ETHUSDT,ask,2380,4428.217
2024-09-13 20:47:22,ETHUSDT,ask,2380,4383.217
2024-09-13 20:47:48,ETHUSDT,ask,2380,4279.217
2024-09-13 20:48:31,ETHUSDT,ask,2380,4322.105
2024-09-13 20:49:02,ETHUSDT,ask,2380,4321.991
2024-09-13 20:49:53,ETHUSDT,ask,2380,4321.991
2024-09-13 20:50:09,ETHUSDT,ask,2380,4364.022
2024-09-13 20:50:10,ETHUSDT,ask,2380,4366.0
2024-09-13 20:50:31,ETHUSDT,ask,2380,4364.271
2024-09-13 20:52:06,ETHUSDT,ask,2380,4365.045
2024-09-13 20:53:03,ETHUSDT,ask,2380,4368.698
2024-09-13 20:54:34,ETHUSDT,ask,2380,4371.198
2024-09-13 20:54:36,ETHUSDT,ask,2380,4371.207
2024-09-13 20:55:10,ETHUSDT,ask,2380,4368.079
2024-09-13 20:55:17,ETHUSDT,ask,2380,4368.07
2024-09-13 20:55:19,ETHUSDT,ask,2380,4368.112
2024-09-13 20:56:00,ETHUSDT,ask,2380,4353.112
2024-09-13 20:56:19,ETHUSDT,ask,2380,4352.062
2024-09-13 20:57:13,ETHUSDT,ask,2380,4352.923
2024-09-13 20:57:17,ETHUSDT,ask,2380,4355.023
2024-09-13 20:57:37,ETHUSDT,ask,2380,4355.233
2024-09-13 20:57:54,ETHUSDT,ask,2380,4356.233
2024-09-13 20:58:03,ETHUSDT,ask,2380,4354.733
2024-09-13 20:58:08,ETHUSDT,ask,2380,4354.887
2024-09-13 20:58:36,ETHUSDT,ask,2380,4350.887
2024-09-13 20:58:42,ETHUSDT,ask,2380,4350.903
2024-09-13 20:58:47,ETHUSDT,ask,2380,4360.903
2024-09-13 20:59:52,ETHUSDT,ask,2380,4365.104
2024-09-13 20:59:57,ETHUSDT,ask,2380,4322.216
2024-09-13 21:01:44,ETHUSDT,ask,2380,4317.995
2024-09-13 21:02:52,ETHUSDT,ask,2380,4318.995
2024-09-13 21:04:14,ETHUSDT,ask,2380,4320.995
2024-09-13 21:04:14,ETHUSDT,ask,2380,4321.005
2024-09-13 21:05:14,ETHUSDT,ask,2380,4339.734
2024-09-13 21:05:25,ETHUSDT,ask,2380,4341.834
2024-09-13 21:06:41,ETHUSDT,ask,2380,4325.116
2024-09-13 21:06:43,ETHUSDT,ask,2380,4322.812
2024-09-13 21:06:56,ETHUSDT,ask,2380,4326.173
2024-09-13 21:07:05,ETHUSDT,ask,2380,4342.173
2024-09-13 21:07:13,ETHUSDT,ask,2380,4335.524
2024-09-13 21:07:26,ETHUSDT,ask,2380,4339.659
2024-09-13 21:08:12,ETHUSDT,ask,2380,4343.272
2024-09-13 21:08:54,ETHUSDT,ask,2380,4343.51
2024-09-13 21:08:58,ETHUSDT,ask,2380,4345.51
2024-09-13 21:08:59,ETHUSDT,ask,2380,4347.866
2024-09-13 21:09:00,ETHUSDT,ask,2380,4357.866
2024-09-13 21:09:23,ETHUSDT,ask,2380,4357.027
2024-09-13 21:10:00,ETHUSDT,ask,2380,4356.397
2024-09-13 21:10:05,ETHUSDT,ask,2380,4350.871
2024-09-13 21:10:10,ETHUSDT,ask,2380,4350.913
2024-09-13 21:10:11,ETHUSDT,ask,2380,4359.316
2024-09-13 21:10:16,ETHUSDT,ask,2380,4360.843
2024-09-13 21:10:32,ETHUSDT,ask,2380,4360.862
2024-09-13 21:10:33,ETHUSDT,ask,2380,4381.407
2024-09-13 21:10:37,ETHUSDT,ask,2380,4385.181
2024-09-13 21:10:39,ETHUSDT,ask,2380,4407.988
2024-09-13 21:10:39,ETHUSDT,ask,2380,4408.988
2024-09-13 21:10:47,ETHUSDT,ask,2380,4405.214
2024-09-13 21:11:35,ETHUSDT,ask,2380,4406.059
2024-09-13 21:11:38,ETHUSDT,ask,2380,4406.232
2024-09-13 21:12:21,ETHUSDT,ask,2380,4406.561
2024-09-13 21:12:21,ETHUSDT,ask,2380,4404.461
2024-09-13 21:12:23,ETHUSDT,ask,2380,4403.461
2024-09-13 21:12:32,ETHUSDT,ask,2380,4408.461
2024-09-13 21:12:36,ETHUSDT,ask,2380,4409.175
2024-09-13 21:12:38,ETHUSDT,ask,2380,4429.175
2024-09-13 21:12:41,ETHUSDT,ask,2380,4408.63
2024-09-13 21:12:57,ETHUSDT,ask,2380,4408.689
2024-09-13 21:13:01,ETHUSDT,ask,2380,4408.798
2024-09-13 21:13:07,ETHUSDT,ask,2380,4409.024
2024-09-13 21:13:08,ETHUSDT,ask,2380,4409.224
2024-09-13 21:13:15,ETHUSDT,ask,2380,4406.843
2024-09-13 21:13:15,ETHUSDT,ask,2380,4406.89
2024-09-13 21:13:48,ETHUSDT,ask,2380,4407.39
2024-09-13 21:14:08,ETHUSDT,ask,2380,4522.905
2024-09-13 21:14:18,ETHUSDT,ask,2380,4523.115
2024-09-13 21:14:43,ETHUSDT,ask,2380,4519.754
2024-09-13 21:15:12,ETHUSDT,ask,2380,4520.754
2024-09-13 21:15:22,ETHUSDT,ask,2380,4522.754
2024-09-13 21:15:25,ETHUSDT,ask,2380,4520.754
2024-09-13 21:15:30,ETHUSDT,ask,2380,4522.754
2024-09-13 21:15:33,ETHUSDT,ask,2380,4520.754
2024-09-13 21:15:34,ETHUSDT,ask,2380,4520.964
2024-09-13 21:15:38,ETHUSDT,ask,2380,4520.955
2024-09-13 21:15:57,ETHUSDT,ask,2380,4521.205
2024-09-13 21:15:59,ETHUSDT,ask,2380,4520.205
2024-09-13 21:16:23,ETHUSDT,ask,2380,4521.049
2024-09-13 21:16:27,ETHUSDT,ask,2380,4522.549
2024-09-13 21:16:35,ETHUSDT,ask,2380,4523.692
2024-09-13 21:16:55,ETHUSDT,ask,2380,4522.857
2024-09-13 21:17:01,ETHUSDT,ask,2380,4522.815
2024-09-13 21:18:05,ETHUSDT,ask,2380,4523.728
2024-09-13 21:18:30,ETHUSDT,ask,2380,4530.084
2024-09-13 21:18:35,ETHUSDT,ask,2380,4530.28
2024-09-13 21:18:37,ETHUSDT,ask,2380,4552.628
2024-09-13 21:18:46,ETHUSDT,ask,2380,4554.376
2024-09-13 21:18:49,ETHUSDT,ask,2380,4554.276
2024-09-13 21:19:16,ETHUSDT,ask,2380,4569.987
2024-09-13 21:19:28,ETHUSDT,ask,2380,4570.987
2024-09-13 21:19:39,ETHUSDT,ask,2380,4555.276
2024-09-13 21:19:39,ETHUSDT,ask,2380,4556.276
2024-09-13 21:19:58,ETHUSDT,ask,2380,4561.276
2024-09-13 21:20:07,ETHUSDT,ask,2380,4625.276
2024-09-13 21:21:12,ETHUSDT,ask,2380,4631.69
2024-09-13 21:21:17,ETHUSDT,ask,2380,4630.69
2024-09-13 21:21:17,ETHUSDT,ask,2380,4632.69
2024-09-13 21:22:10,ETHUSDT,ask,2380,4632.513
2024-09-13 21:23:15,ETHUSDT,ask,2380,4633.266
2024-09-13 21:23:22,ETHUSDT,ask,2380,4633.245
2024-09-13 21:23:22,ETHUSDT,ask,2380,4633.226
2024-09-13 21:24:02,ETHUSDT,ask,2380,4632.89
2024-09-13 21:24:09,ETHUSDT,ask,2380,4636.041
2024-09-13 21:24:28,ETHUSDT,ask,2380,4636.251
2024-09-13 21:24:42,ETHUSDT,ask,2380,4635.994
2024-09-13 21:24:44,ETHUSDT,ask,2380,4636.213
2024-09-13 21:24:55,ETHUSDT,ask,2380,4638.107
2024-09-13 21:25:00,ETHUSDT,ask,2380,4636.107
2024-09-13 21:25:01,ETHUSDT,ask,2380,4640.364
2024-09-13 21:25:09,ETHUSDT,ask,2380,4634.035
2024-09-13 21:25:12,ETHUSDT,ask,2380,4638.339
2024-09-13 21:25:39,ETHUSDT,ask,2380,4640.339
2024-09-13 21:25:41,ETHUSDT,ask,2380,4640.451
2024-09-13 21:25:42,ETHUSDT,ask,2380,4638.951
2024-09-13 21:25:44,ETHUSDT,ask,2380,4639.513
2024-09-13 21:26:26,ETHUSDT,ask,2380,4643.705
2024-09-13 21:26:35,ETHUSDT,ask,2380,4642.905
2024-09-13 21:26:55,ETHUSDT,ask,2380,4645.725
2024-09-13 21:26:56,ETHUSDT,ask,2380,4645.515
2024-09-13 21:27:58,ETHUSDT,ask,2380,4653.165
2024-09-13 21:28:00,ETHUSDT,ask,2380,4651.638
2024-09-13 21:28:14,ETHUSDT,ask,2380,4649.422
2024-09-13 21:28:45,ETHUSDT,ask,2380,4649.835
2024-09-13 21:29:43,ETHUSDT,ask,2380,4629.835
2024-09-13 21:29:51,ETHUSDT,ask,2380,4629.844
2024-09-13 21:30:00,ETHUSDT,ask,2380,4607.496
2024-09-13 21:30:31,ETHUSDT,ask,2380,4607.487
2024-09-13 21:31:06,ETHUSDT,ask,2380,4541.739
2024-09-13 21:31:07,ETHUSDT,ask,2380,4541.529
2024-09-13 21:31:14,ETHUSDT,ask,2380,4541.319
2024-09-13 21:33:43,ETHUSDT,ask,2380,4535.149
2024-09-13 21:35:07,ETHUSDT,ask,2380,4534.19
2024-09-13 21:35:09,ETHUSDT,ask,2380,4534.09
2024-09-13 21:35:12,ETHUSDT,ask,2380,4533.99
2024-09-13 21:36:01,ETHUSDT,ask,2380,4533.59
2024-09-13 21:36:34,ETHUSDT,ask,2380,4533.39
2024-09-13 21:39:43,ETHUSDT,ask,2380,4526.254
2024-09-13 21:41:02,ETHUSDT,ask,2380,4522.997
2024-09-13 21:41:41,ETHUSDT,ask,2380,4533.997
2024-09-13 21:41:42,ETHUSDT,ask,2380,4544.997
2024-09-13 21:41:42,ETHUSDT,ask,2380,4555.997
2024-09-13 21:41:42,ETHUSDT,ask,2380,4566.997
2024-09-13 21:41:43,ETHUSDT,ask,2380,4577.997
2024-09-13 21:41:43,ETHUSDT,ask,2380,4588.997
2024-09-13 21:41:43,ETHUSDT,ask,2380,4599.997
2024-09-13 21:41:43,ETHUSDT,ask,2380,4610.997
2024-09-13 21:41:43,ETHUSDT,ask,2380,4621.997
2024-09-13 21:41:44,ETHUSDT,ask,2380,4632.997
2024-09-13 21:41:44,ETHUSDT,ask,2380,4643.997
2024-09-13 21:41:44,ETHUSDT,ask,2380,4644.18
2024-09-13 21:41:45,ETHUSDT,ask,2380,4645.032
2024-09-13 21:41:45,ETHUSDT,ask,2380,4524.032
2024-09-13 21:42:21,ETHUSDT,ask,2380,4527.939
2024-09-13 21:42:38,ETHUSDT,ask,2380,4527.609
2024-09-13 21:42:57,ETHUSDT,ask,2380,4528.006
2024-09-13 21:43:45,ETHUSDT,ask,2380,4530.083
2024-09-13 21:44:02,ETHUSDT,ask,2380,4530.251
2024-09-13 21:44:42,ETHUSDT,ask,2380,4530.451
2024-09-13 21:44:47,ETHUSDT,ask,2380,4533.768
2024-09-13 21:45:15,ETHUSDT,ask,2380,4534.013
2024-09-13 21:45:35,ETHUSDT,ask,2380,4535.157
2024-09-13 21:45:38,ETHUSDT,ask,2380,4533.756
2024-09-13 21:45:51,ETHUSDT,ask,2380,4535.971
2024-09-13 21:46:10,ETHUSDT,ask,2380,4536.051
2024-09-13 21:46:24,ETHUSDT,ask,2380,4534.791
2024-09-13 21:46:39,ETHUSDT,ask,2380,4547.151
2024-09-13 21:46:42,ETHUSDT,ask,2380,4547.516
2024-09-13 21:46:43,ETHUSDT,ask,2380,4546.664
2024-09-13 21:46:52,ETHUSDT,ask,2380,4546.102
2024-09-13 21:47:10,ETHUSDT,ask,2380,4547.225
2024-09-13 21:47:12,ETHUSDT,ask,2380,4547.425
2024-09-13 21:47:24,ETHUSDT,ask,2380,4548.241
2024-09-13 21:48:13,ETHUSDT,ask,2380,4549.869
2024-09-13 21:49:00,ETHUSDT,ask,2380,4549.569
2024-09-13 21:49:25,ETHUSDT,ask,2380,4549.419
2024-09-13 21:49:50,ETHUSDT,ask,2380,4549.409
2024-09-13 21:49:53,ETHUSDT,ask,2380,4549.554
2024-09-13 21:50:19,ETHUSDT,ask,2380,4549.712
2024-09-13 21:50:39,ETHUSDT,ask,2380,4549.46
2024-09-13 21:50:40,ETHUSDT,ask,2380,4550.137
2024-09-13 21:51:18,ETHUSDT,ask,2380,4550.147
2024-09-13 21:51:54,ETHUSDT,ask,2380,4537.542
2024-09-13 21:52:59,ETHUSDT,ask,2380,4538.163
2024-09-13 21:53:31,ETHUSDT,ask,2380,4538.396
2024-09-13 21:54:03,ETHUSDT,ask,2380,4536.296
2024-09-13 21:55:24,ETHUSDT,ask,2380,4540.594
2024-09-13 21:55:43,ETHUSDT,ask,2380,4540.197
2024-09-13 21:56:02,ETHUSDT,ask,2380,4540.207
2024-09-13 21:56:17,ETHUSDT,ask,2380,4531.804
2024-09-13 21:56:21,ETHUSDT,ask,2380,4532.804
2024-09-13 21:56:30,ETHUSDT,ask,2380,4532.384
2024-09-13 21:57:19,ETHUSDT,ask,2380,4531.508
2024-09-13 21:57:36,ETHUSDT,ask,2380,4533.004
2024-09-13 21:57:39,ETHUSDT,ask,2380,4532.995
2024-09-13 21:57:55,ETHUSDT,ask,2380,4532.415
2024-09-13 21:58:10,ETHUSDT,ask,2380,4533.415
2024-09-13 21:58:11,ETHUSDT,ask,2380,4533.898
2024-09-13 21:58:13,ETHUSDT,ask,2380,4533.415
2024-09-13 21:58:18,ETHUSDT,ask,2380,4534.703
2024-09-13 21:58:27,ETHUSDT,ask,2380,4535.543
2024-09-13 21:58:30,ETHUSDT,ask,2380,4543.945
2024-09-13 21:58:35,ETHUSDT,ask,2380,4543.955
2024-09-13 21:58:48,ETHUSDT,ask,2380,4553.358
2024-09-13 21:58:58,ETHUSDT,ask,2380,4554.419
2024-09-13 21:59:22,ETHUSDT,ask,2380,4556.519
2024-09-13 21:59:26,ETHUSDT,ask,2380,4556.575
2024-09-13 21:59:27,ETHUSDT,ask,2380,4556.475
2024-09-13 21:59:32,ETHUSDT,ask,2380,4556.694
2024-09-13 21:59:32,ETHUSDT,ask,2380,4557.114
2024-09-13 22:00:06,ETHUSDT,ask,2380,5196.458
2024-09-13 22:00:35,ETHUSDT,ask,2380,5196.861
2024-09-13 22:00:42,ETHUSDT,ask,2380,4560.517
2024-09-13 22:01:07,ETHUSDT,ask,2380,4561.663
2024-09-13 22:01:14,ETHUSDT,ask,2380,4558.663
2024-09-13 22:01:17,ETHUSDT,ask,2380,4554.462
2024-09-13 22:01:58,ETHUSDT,ask,2380,4554.485
2024-09-13 22:02:37,ETHUSDT,ask,2380,4554.653
2024-09-13 22:03:40,ETHUSDT,ask,2380,4554.517
2024-09-13 22:03:54,ETHUSDT,ask,2380,4550.61
2024-09-13 22:04:00,ETHUSDT,ask,2380,4551.302
2024-09-13 22:04:04,ETHUSDT,ask,2380,4561.979
2024-09-13 22:04:37,ETHUSDT,ask,2380,4563.806
2024-09-13 22:04:40,ETHUSDT,ask,2380,4564.645
2024-09-13 22:04:41,ETHUSDT,ask,2380,4563.806
2024-09-13 22:04:52,ETHUSDT,ask,2380,4564.184
2024-09-13 22:05:15,ETHUSDT,ask,2380,4567.683
2024-09-13 22:05:26,ETHUSDT,ask,2380,4619.674
2024-09-13 22:05:33,ETHUSDT,ask,2380,4620.513
2024-09-13 22:05:52,ETHUSDT,ask,2380,4620.518
2024-09-13 22:05:52,ETHUSDT,ask,2380,4621.518
2024-09-13 22:05:54,ETHUSDT,ask,2380,4621.528
2024-09-13 22:05:55,ETHUSDT,ask,2380,4628.841
2024-09-13 22:05:56,ETHUSDT,ask,2380,4629.093
2024-09-13 22:06:02,ETHUSDT,ask,2380,4628.343
2024-09-13 22:06:04,ETHUSDT,ask,2380,4605.536
2024-09-13 22:06:05,ETHUSDT,ask,2380,4611.342
2024-09-13 22:06:14,ETHUSDT,ask,2380,4606.008
2024-09-13 22:06:15,ETHUSDT,ask,2380,4607.202
2024-09-13 22:06:16,ETHUSDT,ask,2380,4607.345
2024-09-13 22:06:18,ETHUSDT,ask,2380,4597.345
2024-09-13 22:06:23,ETHUSDT,ask,2380,4599.494
2024-09-13 22:06:33,ETHUSDT,ask,2380,4606.744
2024-09-13 22:06:44,ETHUSDT,ask,2380,4616.744
2024-09-13 22:06:52,ETHUSDT,ask,2380,4598.492
2024-09-13 22:06:54,ETHUSDT,ask,2380,4603.502
2024-09-13 22:06:54,ETHUSDT,ask,2380,4600.767
2024-09-13 22:06:59,ETHUSDT,ask,2380,4599.767
2024-09-13 22:07:13,ETHUSDT,ask,2380,4614.521
2024-09-13 22:07:13,ETHUSDT,ask,2380,4614.521
2024-09-13 22:07:13,ETHUSDT,ask,2380,4614.841
2024-09-13 22:07:13,ETHUSDT,ask,2380,4613.987
2024-09-13 22:07:15,ETHUSDT,ask,2380,4687.301
2024-09-13 22:07:23,ETHUSDT,ask,2380,4642.653
2024-09-13 22:07:27,ETHUSDT,ask,2380,4642.544
2024-09-13 22:07:39,ETHUSDT,ask,2380,4642.527
2024-09-13 22:07:43,ETHUSDT,ask,2380,4634.215
2024-09-13 22:07:47,ETHUSDT,ask,2380,4634.194
2024-09-13 22:08:32,ETHUSDT,ask,2380,4632.514
2024-09-13 22:08:33,ETHUSDT,ask,2380,4632.724
2024-09-13 22:08:36,ETHUSDT,ask,2380,4632.89
2024-09-13 22:08:48,ETHUSDT,ask,2380,4641.4
2024-09-13 22:08:51,ETHUSDT,ask,2380,4641.409
2024-09-13 22:08:56,ETHUSDT,ask,2380,4641.909
2024-09-13 22:08:56,ETHUSDT,ask,2380,4641.9
2024-09-13 22:09:13,ETHUSDT,ask,2380,4642.051
2024-09-13 22:09:22,ETHUSDT,ask,2380,4642.042
2024-09-13 22:09:28,ETHUSDT,ask,2380,4642.259
2024-09-13 22:09:37,ETHUSDT,ask,2380,4642.04
2024-09-13 22:09:38,ETHUSDT,ask,2380,4642.031
2024-09-13 22:09:42,ETHUSDT,ask,2380,4642.493
2024-09-13 22:09:50,ETHUSDT,ask,2380,4642.777
2024-09-13 22:09:51,ETHUSDT,ask,2380,4644.457
2024-09-13 22:09:52,ETHUSDT,ask,2380,4644.856
2024-09-13 22:09:56,ETHUSDT,ask,2380,4654.856
2024-09-13 22:09:56,ETHUSDT,ask,2380,4654.846
2024-09-13 22:10:03,ETHUSDT,ask,2380,4654.701
2024-09-13 22:10:17,ETHUSDT,ask,2380,4655.701
2024-09-13 22:10:18,ETHUSDT,ask,2380,4656.639
2024-09-13 22:10:26,ETHUSDT,ask,2380,4656.661
2024-09-13 22:10:33,ETHUSDT,ask,2380,4658.768
2024-09-13 22:10:37,ETHUSDT,ask,2380,4658.987
2024-09-13 22:10:37,ETHUSDT,ask,2380,4659.002
2024-09-13 22:10:42,ETHUSDT,ask,2380,4658.002
2024-09-13 22:10:50,ETHUSDT,ask,2380,4658.388
2024-09-13 22:10:50,ETHUSDT,ask,2380,4658.353
2024-09-13 22:10:52,ETHUSDT,ask,2380,4658.396
2024-09-13 22:10:58,ETHUSDT,ask,2380,4659.58
2024-09-13 22:11:00,ETHUSDT,ask,2380,4659.57
2024-09-13 22:11:00,ETHUSDT,ask,2380,4659.736
2024-09-13 22:11:05,ETHUSDT,ask,2380,4652.423
2024-09-13 22:11:05,ETHUSDT,ask,2380,4674.56
2024-09-13 22:11:10,ETHUSDT,ask,2380,4674.402
2024-09-13 22:11:12,ETHUSDT,ask,2380,4673.94
2024-09-13 22:11:15,ETHUSDT,ask,2380,4677.093
2024-09-13 22:11:17,ETHUSDT,ask,2380,4675.093
2024-09-13 22:11:19,ETHUSDT,ask,2380,4678.324
2024-09-13 22:11:27,ETHUSDT,ask,2380,4678.65
2024-09-13 22:11:30,ETHUSDT,ask,2380,4679.65
2024-09-13 22:11:38,ETHUSDT,ask,2380,4657.513
2024-09-13 22:11:40,ETHUSDT,ask,2380,4657.513
2024-09-13 22:11:42,ETHUSDT,ask,2380,4655.513
2024-09-13 22:11:58,ETHUSDT,ask,2380,4655.347
2024-09-13 22:11:58,ETHUSDT,ask,2380,4655.356
2024-09-13 22:12:06,ETHUSDT,ask,2380,4656.002
2024-09-13 22:12:07,ETHUSDT,ask,2380,4656.649
2024-09-13 22:12:20,ETHUSDT,ask,2380,4656.64
2024-09-13 22:12:31,ETHUSDT,ask,2380,4667.64
2024-09-13 22:12:37,ETHUSDT,ask,2380,4667.682
2024-09-13 22:12:39,ETHUSDT,ask,2380,4666.99
2024-09-13 22:12:41,ETHUSDT,ask,2380,4794.704
2024-09-13 22:13:04,ETHUSDT,ask,2380,4795.093
2024-09-13 22:13:15,ETHUSDT,ask,2380,4795.193
2024-09-13 22:13:20,ETHUSDT,ask,2380,4795.203
2024-09-13 22:13:20,ETHUSDT,ask,2380,4669.154
2024-09-13 22:13:23,ETHUSDT,ask,2380,4668.988
2024-09-13 22:13:25,ETHUSDT,ask,2380,4664.684
2024-09-13 22:13:28,ETHUSDT,ask,2380,4663.019
2024-09-13 22:13:30,ETHUSDT,ask,2380,4663.269
2024-09-13 22:13:31,ETHUSDT,ask,2380,4662.849
2024-09-13 22:13:41,ETHUSDT,ask,2380,4664.342
2024-09-13 22:13:45,ETHUSDT,ask,2380,4664.092
2024-09-13 22:13:47,ETHUSDT,ask,2380,4664.162
2024-09-13 22:13:48,ETHUSDT,ask,2380,4664.662
2024-09-13 22:13:49,ETHUSDT,ask,2380,4663.403
2024-09-13 22:13:53,ETHUSDT,ask,2380,4662.782
2024-09-13 22:13:55,ETHUSDT,ask,2380,4662.811
2024-09-13 22:13:56,ETHUSDT,ask,2380,4663.507
2024-09-13 22:13:57,ETHUSDT,ask,2380,4661.371
2024-09-13 22:14:08,ETHUSDT,ask,2380,4660.371
2024-09-13 22:14:16,ETHUSDT,ask,2380,4660.854
2024-09-13 22:14:18,ETHUSDT,ask,2380,4660.371
2024-09-13 22:14:40,ETHUSDT,ask,2380,4659.985
2024-09-13 22:14:50,ETHUSDT,ask,2380,4660.424
2024-09-13 22:14:51,ETHUSDT,ask,2380,4650.424
2024-09-13 22:15:06,ETHUSDT,ask,2380,4700.424
2024-09-13 22:15:24,ETHUSDT,ask,2380,4891.607
2024-09-13 22:15:32,ETHUSDT,ask,2380,4892.607
2024-09-13 22:15:34,ETHUSDT,ask,2380,4891.607
2024-09-13 22:15:37,ETHUSDT,ask,2380,4907.607
2024-09-13 22:15:38,ETHUSDT,ask,2380,4891.607
2024-09-13 22:16:00,ETHUSDT,ask,2380,4892.607
2024-09-13 22:16:04,ETHUSDT,ask,2380,4894.302
2024-09-13 22:16:10,ETHUSDT,ask,2380,4894.076
2024-09-13 22:16:11,ETHUSDT,ask,2380,4896.076
2024-09-13 22:16:17,ETHUSDT,ask,2380,4895.076
2024-09-13 22:16:24,ETHUSDT,ask,2380,4707.5
2024-09-13 22:16:25,ETHUSDT,ask,2380,4707.216
2024-09-13 22:16:28,ETHUSDT,ask,2380,4706.966
2024-09-13 22:16:31,ETHUSDT,ask,2380,4706.966
2024-09-13 22:16:32,ETHUSDT,ask,2380,4704.966
2024-09-13 22:16:33,ETHUSDT,ask,2380,4712.193
2024-09-13 22:16:47,ETHUSDT,ask,2380,4704.966
2024-09-13 22:16:53,ETHUSDT,ask,2380,4705.966
2024-09-13 22:16:58,ETHUSDT,ask,2380,4710.866
2024-09-13 22:17:00,ETHUSDT,ask,2380,4709.866
2024-09-13 22:17:02,ETHUSDT,ask,2380,4714.123
2024-09-13 22:17:05,ETHUSDT,ask,2380,4714.144
2024-09-13 22:17:18,ETHUSDT,ask,2380,4715.425
2024-09-13 22:17:36,ETHUSDT,ask,2380,4715.117
2024-09-13 22:17:40,ETHUSDT,ask,2380,4715.096
2024-09-13 22:17:45,ETHUSDT,ask,2380,4710.096
2024-09-13 22:17:52,ETHUSDT,ask,2380,4709.731
2024-09-13 22:18:23,ETHUSDT,ask,2380,4709.741
2024-09-13 22:18:26,ETHUSDT,ask,2380,4708.902
2024-09-13 22:18:30,ETHUSDT,ask,2380,4834.95
2024-09-13 22:19:10,ETHUSDT,ask,2380,4824.95
2024-09-13 22:19:25,ETHUSDT,ask,2380,4825.0
2024-09-13 22:19:44,ETHUSDT,ask,2380,4820.743
2024-09-13 22:19:47,ETHUSDT,ask,2380,4820.533
2024-09-13 22:19:58,ETHUSDT,ask,2380,4821.533
2024-09-13 07:01:11,ETHUSDT,ask,2390,5127.788
2024-09-13 07:01:17,ETHUSDT,ask,2390,5128.624
2024-09-13 07:01:35,ETHUSDT,ask,2390,5129.179
2024-09-13 07:05:46,ETHUSDT,ask,2390,5129.19
2024-09-13 07:06:25,ETHUSDT,ask,2390,5138.028
2024-09-13 07:07:00,ETHUSDT,ask,2390,5136.536
2024-09-13 07:07:43,ETHUSDT,ask,2390,5127.698
2024-09-13 07:08:05,ETHUSDT,ask,2390,5127.687
2024-09-13 07:08:30,ETHUSDT,ask,2390,5127.673
2024-09-13 07:10:00,ETHUSDT,ask,2390,5127.74
2024-09-13 07:10:05,ETHUSDT,ask,2390,5139.428
2024-09-13 07:10:47,ETHUSDT,ask,2390,5142.366
2024-09-13 07:11:39,ETHUSDT,ask,2390,5142.299
2024-09-13 07:11:45,ETHUSDT,ask,2390,5142.621
2024-09-13 07:12:01,ETHUSDT,ask,2390,5142.612
2024-09-13 07:13:26,ETHUSDT,ask,2390,5146.612
2024-09-13 07:13:33,ETHUSDT,ask,2390,5141.362
2024-09-13 07:13:38,ETHUSDT,ask,2390,5141.336
2024-09-13 07:14:56,ETHUSDT,ask,2390,5191.346
2024-09-13 07:16:04,ETHUSDT,ask,2390,5188.408
2024-09-13 07:16:20,ETHUSDT,ask,2390,5190.5
2024-09-13 07:16:48,ETHUSDT,ask,2390,5190.3
2024-09-13 07:16:57,ETHUSDT,ask,2390,5190.31
2024-09-13 07:18:44,ETHUSDT,ask,2390,5190.29
2024-09-13 07:26:05,ETHUSDT,ask,2390,5139.705
2024-09-13 07:26:08,ETHUSDT,ask,2390,5143.705
2024-09-13 07:26:46,ETHUSDT,ask,2390,5132.017
2024-09-13 07:28:41,ETHUSDT,ask,2390,5130.017
2024-09-13 07:29:17,ETHUSDT,ask,2390,5130.853
2024-09-13 07:29:43,ETHUSDT,ask,2390,5131.094
2024-09-13 07:31:12,ETHUSDT,ask,2390,5134.094
2024-09-13 07:31:40,ETHUSDT,ask,2390,5134.407
2024-09-13 07:32:50,ETHUSDT,ask,2390,5132.699
2024-09-13 07:33:23,ETHUSDT,ask,2390,5133.535
2024-09-13 07:33:30,ETHUSDT,ask,2390,5183.535
2024-09-13 07:34:20,ETHUSDT,ask,2390,5181.412
2024-09-13 07:35:00,ETHUSDT,ask,2390,5180.412
2024-09-13 07:36:53,ETHUSDT,ask,2390,5180.212
2024-09-13 07:37:16,ETHUSDT,ask,2390,5180.012
2024-09-13 07:37:27,ETHUSDT,ask,2390,5178.812
2024-09-13 07:40:03,ETHUSDT,ask,2390,5178.787
2024-09-13 07:41:06,ETHUSDT,ask,2390,5178.758
2024-09-13 07:42:06,ETHUSDT,ask,2390,5180.757
2024-09-13 07:44:28,ETHUSDT,ask,2390,5181.257
2024-09-13 07:44:31,ETHUSDT,ask,2390,5184.046
2024-09-13 07:44:40,ETHUSDT,ask,2390,5186.046
2024-09-13 07:45:37,ETHUSDT,ask,2390,5190.23
2024-09-13 07:47:42,ETHUSDT,ask,2390,5193.23
2024-09-13 07:47:49,ETHUSDT,ask,2390,5193.021
2024-09-13 07:48:33,ETHUSDT,ask,2390,5194.276
2024-09-13 07:49:21,ETHUSDT,ask,2390,5193.066
2024-09-13 07:49:37,ETHUSDT,ask,2390,5189.066
2024-09-13 07:49:39,ETHUSDT,ask,2390,5139.066
2024-09-13 07:50:00,ETHUSDT,ask,2390,5140.066
2024-09-13 07:51:10,ETHUSDT,ask,2390,5140.482
2024-09-13 07:51:13,ETHUSDT,ask,2390,5140.227
2024-09-13 07:51:29,ETHUSDT,ask,2390,5140.672
2024-09-13 07:53:08,ETHUSDT,ask,2390,5132.304
2024-09-13 07:53:54,ETHUSDT,ask,2390,5132.655
2024-09-13 07:57:09,ETHUSDT,ask,2390,5131.655
2024-09-13 07:57:49,ETHUSDT,ask,2390,5132.073
2024-09-13 08:01:50,ETHUSDT,ask,2390,5102.073
2024-09-13 08:02:45,ETHUSDT,ask,2390,5170.654
2024-09-13 08:03:00,ETHUSDT,ask,2390,5170.303
2024-09-13 08:03:14,ETHUSDT,ask,2390,5170.654
2024-09-13 08:04:18,ETHUSDT,ask,2390,5178.921
2024-09-13 08:04:24,ETHUSDT,ask,2390,5173.067
2024-09-13 08:04:24,ETHUSDT,ask,2390,5164.782
2024-09-13 08:04:28,ETHUSDT,ask,2390,5164.741
2024-09-13 08:05:40,ETHUSDT,ask,2390,5158.6
2024-09-13 08:06:09,ETHUSDT,ask,2390,5158.676
2024-09-13 08:06:21,ETHUSDT,ask,2390,5108.676
2024-09-13 08:06:39,ETHUSDT,ask,2390,5112.86
2024-09-13 08:06:40,ETHUSDT,ask,2390,5112.851
2024-09-13 08:07:53,ETHUSDT,ask,2390,5115.054
2024-09-13 08:08:13,ETHUSDT,ask,2390,5115.783
2024-09-13 08:08:29,ETHUSDT,ask,2390,5115.664
2024-09-13 08:09:04,ETHUSDT,ask,2390,5115.802
2024-09-13 08:09:16,ETHUSDT,ask,2390,5115.451
2024-09-13 08:09:24,ETHUSDT,ask,2390,5095.451
2024-09-13 08:09:54,ETHUSDT,ask,2390,5095.802
2024-09-13 08:10:00,ETHUSDT,ask,2390,5095.664
2024-09-13 08:12:02,ETHUSDT,ask,2390,5116.344
2024-09-13 08:15:34,ETHUSDT,ask,2390,5116.358
2024-09-13 08:17:40,ETHUSDT,ask,2390,5113.358
2024-09-13 08:18:37,ETHUSDT,ask,2390,5030.055
2024-09-13 08:20:01,ETHUSDT,ask,2390,5030.046
2024-09-13 08:20:43,ETHUSDT,ask,2390,5030.107
2024-09-13 08:20:58,ETHUSDT,ask,2390,5010.107
2024-09-13 08:22:30,ETHUSDT,ask,2390,5010.031
2024-09-13 08:29:16,ETHUSDT,ask,2390,5009.195
2024-09-13 08:29:45,ETHUSDT,ask,2390,5049.195
2024-09-13 08:30:28,ETHUSDT,ask,2390,5049.258
2024-09-13 08:30:28,ETHUSDT,ask,2390,5048.529
2024-09-13 08:31:01,ETHUSDT,ask,2390,5048.519
2024-09-13 08:31:01,ETHUSDT,ask,2390,5048.728
2024-09-13 08:31:30,ETHUSDT,ask,2390,5047.892
2024-09-13 08:31:51,ETHUSDT,ask,2390,5047.883
2024-09-13 08:36:19,ETHUSDT,ask,2390,5047.873
2024-09-13 08:37:45,ETHUSDT,ask,2390,5047.455
2024-09-13 08:38:37,ETHUSDT,ask,2390,5047.425
2024-09-13 08:43:58,ETHUSDT,ask,2390,5047.508
2024-09-13 08:45:42,ETHUSDT,ask,2390,5048.255
2024-09-13 08:46:15,ETHUSDT,ask,2390,5049.255
2024-09-13 08:46:24,ETHUSDT,ask,2390,5049.298
2024-09-13 08:47:25,ETHUSDT,ask,2390,5049.25
2024-09-13 08:47:43,ETHUSDT,ask,2390,5040.882
2024-09-13 08:47:56,ETHUSDT,ask,2390,5044.642
2024-09-13 08:48:06,ETHUSDT,ask,2390,5044.652
2024-09-13 08:50:27,ETHUSDT,ask,2390,5044.652
2024-09-13 08:52:21,ETHUSDT,ask,2390,5040.892
2024-09-13 08:53:06,ETHUSDT,ask,2390,5040.901
2024-09-13 08:54:00,ETHUSDT,ask,2390,5041.11
2024-09-13 08:55:51,ETHUSDT,ask,2390,5033.728
2024-09-13 08:56:36,ETHUSDT,ask,2390,5033.894
2024-09-13 08:56:43,ETHUSDT,ask,2390,5029.71
2024-09-13 08:56:44,ETHUSDT,ask,2390,5029.651
2024-09-13 08:57:12,ETHUSDT,ask,2390,4988.81
2024-09-13 08:57:33,ETHUSDT,ask,2390,4988.459
2024-09-13 08:57:35,ETHUSDT,ask,2390,4988.55
2024-09-13 08:57:49,ETHUSDT,ask,2390,4988.132
2024-09-13 08:58:17,ETHUSDT,ask,2390,4988.936
2024-09-13 08:58:58,ETHUSDT,ask,2390,4988.945
2024-09-13 08:59:37,ETHUSDT,ask,2390,4988.936
2024-09-13 09:00:27,ETHUSDT,ask,2390,4993.936
2024-09-13 09:01:25,ETHUSDT,ask,2390,4995.936
2024-09-13 09:01:30,ETHUSDT,ask,2390,4999.941
2024-09-13 09:02:13,ETHUSDT,ask,2390,4999.751
2024-09-13 09:03:11,ETHUSDT,ask,2390,4999.668
2024-09-13 09:04:53,ETHUSDT,ask,2390,4992.456
2024-09-13 09:06:35,ETHUSDT,ask,2390,5015.479
2024-09-13 09:06:45,ETHUSDT,ask,2390,5017.979
2024-09-13 09:07:53,ETHUSDT,ask,2390,5017.702
2024-09-13 09:09:05,ETHUSDT,ask,2390,5016.519
2024-09-13 09:09:12,ETHUSDT,ask,2390,5016.465
2024-09-13 09:09:29,ETHUSDT,ask,2390,5016.455
2024-09-13 09:10:28,ETHUSDT,ask,2390,5021.455
2024-09-13 09:11:00,ETHUSDT,ask,2390,5021.048
2024-09-13 09:11:34,ETHUSDT,ask,2390,5021.158
2024-09-13 09:12:05,ETHUSDT,ask,2390,5021.095
2024-09-13 09:12:47,ETHUSDT,ask,2390,5021.116
2024-09-13 09:13:39,ETHUSDT,ask,2390,5021.146
2024-09-13 09:14:05,ETHUSDT,ask,2390,5021.271
2024-09-13 09:17:37,ETHUSDT,ask,2390,5021.228
2024-09-13 09:18:05,ETHUSDT,ask,2390,5019.136
2024-09-13 09:18:48,ETHUSDT,ask,2390,5019.933
2024-09-13 09:19:34,ETHUSDT,ask,2390,5019.995
2024-09-13 09:20:06,ETHUSDT,ask,2390,5020.187
2024-09-13 09:21:09,ETHUSDT,ask,2390,5019.994
2024-09-13 09:22:52,ETHUSDT,ask,2390,5019.977
2024-09-13 09:26:15,ETHUSDT,ask,2390,5019.477
2024-09-13 09:28:03,ETHUSDT,ask,2390,5019.059
2024-09-13 09:29:11,ETHUSDT,ask,2390,5019.001
2024-09-13 09:33:50,ETHUSDT,ask,2390,5019.101
2024-09-13 09:34:20,ETHUSDT,ask,2390,5029.649
2024-09-13 09:35:20,ETHUSDT,ask,2390,5019.101
2024-09-13 09:35:37,ETHUSDT,ask,2390,5017.846
2024-09-13 09:36:00,ETHUSDT,ask,2390,5017.832
2024-09-13 09:36:02,ETHUSDT,ask,2390,5019.217
2024-09-13 09:36:21,ETHUSDT,ask,2390,5018.772
2024-09-13 09:37:24,ETHUSDT,ask,2390,5019.36
2024-09-13 09:37:48,ETHUSDT,ask,2390,4996.337
2024-09-13 09:39:58,ETHUSDT,ask,2390,4996.296
2024-09-13 09:40:19,ETHUSDT,ask,2390,4996.307
2024-09-13 09:43:57,ETHUSDT,ask,2390,5015.557
2024-09-13 09:44:22,ETHUSDT,ask,2390,5015.598
2024-09-13 09:46:28,ETHUSDT,ask,2390,5015.348
2024-09-13 09:46:37,ETHUSDT,ask,2390,5014.348
2024-09-13 09:47:12,ETHUSDT,ask,2390,5015.348
2024-09-13 09:47:54,ETHUSDT,ask,2390,5016.848
2024-09-13 09:49:45,ETHUSDT,ask,2390,5015.848
2024-09-13 09:52:19,ETHUSDT,ask,2390,5015.838
2024-09-13 09:55:04,ETHUSDT,ask,2390,5015.872
2024-09-13 09:55:25,ETHUSDT,ask,2390,5003.977
2024-09-13 09:58:10,ETHUSDT,ask,2390,5003.995
2024-09-13 09:58:46,ETHUSDT,ask,2390,5002.815
2024-09-13 10:05:09,ETHUSDT,ask,2390,5002.785
2024-09-13 10:06:22,ETHUSDT,ask,2390,5002.994
2024-09-13 10:06:41,ETHUSDT,ask,2390,5003.014
2024-09-13 10:07:15,ETHUSDT,ask,2390,5005.745
2024-09-13 10:07:57,ETHUSDT,ask,2390,5004.745
2024-09-13 10:08:01,ETHUSDT,ask,2390,5003.573
2024-09-13 10:11:35,ETHUSDT,ask,2390,5003.533
2024-09-13 10:11:57,ETHUSDT,ask,2390,5003.507
2024-09-13 10:12:15,ETHUSDT,ask,2390,5003.497
2024-09-13 10:13:47,ETHUSDT,ask,2390,5003.326
2024-09-13 10:15:26,ETHUSDT,ask,2390,5003.217
2024-09-13 10:17:20,ETHUSDT,ask,2390,5003.155
2024-09-13 10:17:37,ETHUSDT,ask,2390,5003.782
2024-09-13 10:24:05,ETHUSDT,ask,2390,5003.798
2024-09-13 10:25:22,ETHUSDT,ask,2390,5004.798
2024-09-13 10:25:23,ETHUSDT,ask,2390,5004.898
2024-09-13 10:26:19,ETHUSDT,ask,2390,5005.398
2024-09-13 10:29:01,ETHUSDT,ask,2390,5005.429
2024-09-13 10:29:08,ETHUSDT,ask,2390,5005.512
2024-09-13 10:30:00,ETHUSDT,ask,2390,5007.576
2024-09-13 10:30:00,ETHUSDT,ask,2390,5007.56
2024-09-13 10:32:25,ETHUSDT,ask,2390,5007.592
2024-09-13 10:32:56,ETHUSDT,ask,2390,5005.911
2024-09-13 10:35:41,ETHUSDT,ask,2390,5005.911
2024-09-13 10:38:53,ETHUSDT,ask,2390,5006.162
2024-09-13 10:39:44,ETHUSDT,ask,2390,5003.162
2024-09-13 10:43:26,ETHUSDT,ask,2390,5003.112
2024-09-13 10:43:27,ETHUSDT,ask,2390,5003.406
2024-09-13 10:46:15,ETHUSDT,ask,2390,5002.151
2024-09-13 10:47:09,ETHUSDT,ask,2390,5002.238
2024-09-13 10:48:36,ETHUSDT,ask,2390,5535.737
2024-09-13 10:48:54,ETHUSDT,ask,2390,5536.572
2024-09-13 10:49:41,ETHUSDT,ask,2390,5536.541
2024-09-13 10:50:56,ETHUSDT,ask,2390,5534.541
2024-09-13 10:52:05,ETHUSDT,ask,2390,5534.614
2024-09-13 10:52:54,ETHUSDT,ask,2390,5534.657
2024-09-13 10:57:45,ETHUSDT,ask,2390,5520.988
2024-09-13 10:57:45,ETHUSDT,ask,2390,5493.65
2024-09-13 10:57:45,ETHUSDT,ask,2390,5466.312
2024-09-13 10:57:45,ETHUSDT,ask,2390,5411.636
2024-09-13 10:57:45,ETHUSDT,ask,2390,5370.629
2024-09-13 10:57:45,ETHUSDT,ask,2390,5356.96
2024-09-13 10:57:46,ETHUSDT,ask,2390,5302.284
2024-09-13 10:57:46,ETHUSDT,ask,2390,5274.946
2024-09-13 10:57:46,ETHUSDT,ask,2390,5179.263
2024-09-13 10:57:46,ETHUSDT,ask,2390,5138.256
2024-09-13 10:57:46,ETHUSDT,ask,2390,5110.918
2024-09-13 10:57:46,ETHUSDT,ask,2390,5083.58
2024-09-13 10:57:47,ETHUSDT,ask,2390,5042.573
2024-09-13 10:57:47,ETHUSDT,ask,2390,5028.904
2024-09-13 10:57:47,ETHUSDT,ask,2390,5001.566
2024-09-13 10:57:47,ETHUSDT,ask,2390,5000.832
2024-09-13 11:00:55,ETHUSDT,ask,2390,5000.725
2024-09-13 11:04:24,ETHUSDT,ask,2390,5000.8
2024-09-13 11:04:44,ETHUSDT,ask,2390,5001.19
2024-09-13 11:04:52,ETHUSDT,ask,2390,5001.243
2024-09-13 11:05:17,ETHUSDT,ask,2390,4997.243
2024-09-13 11:05:42,ETHUSDT,ask,2390,4998.914
2024-09-13 11:05:42,ETHUSDT,ask,2390,4997.243
2024-09-13 11:08:47,ETHUSDT,ask,2390,4982.599
2024-09-13 11:09:05,ETHUSDT,ask,2390,4983.599
2024-09-13 11:09:38,ETHUSDT,ask,2390,4983.044
2024-09-13 11:14:21,ETHUSDT,ask,2390,4983.023
2024-09-13 11:19:48,ETHUSDT,ask,2390,4982.226
2024-09-13 11:26:16,ETHUSDT,ask,2390,5037.404
2024-09-13 11:27:05,ETHUSDT,ask,2390,5056.404
2024-09-13 11:27:12,ETHUSDT,ask,2390,5005.04
2024-09-13 11:32:29,ETHUSDT,ask,2390,5056.404
2024-09-13 11:33:20,ETHUSDT,ask,2390,5005.04
2024-09-13 11:33:40,ETHUSDT,ask,2390,5004.905
2024-09-13 11:35:58,ETHUSDT,ask,2390,5004.696
2024-09-13 11:36:25,ETHUSDT,ask,2390,5003.696
2024-09-13 11:39:29,ETHUSDT,ask,2390,5003.758
2024-09-13 11:45:06,ETHUSDT,ask,2390,5004.929
2024-09-13 11:46:17,ETHUSDT,ask,2390,5004.523
2024-09-13 11:48:00,ETHUSDT,ask,2390,5004.201
2024-09-13 11:51:29,ETHUSDT,ask,2390,5004.901
2024-09-13 11:52:01,ETHUSDT,ask,2390,5004.201
2024-09-13 11:55:25,ETHUSDT,ask,2390,5002.529
2024-09-13 11:56:05,ETHUSDT,ask,2390,5001.766
2024-09-13 11:58:02,ETHUSDT,ask,2390,5002.166
2024-09-13 11:58:41,ETHUSDT,ask,2390,5002.566
2024-09-13 11:59:06,ETHUSDT,ask,2390,5016.496
2024-09-13 11:59:37,ETHUSDT,ask,2390,5030.426
2024-09-13 12:01:48,ETHUSDT,ask,2390,5028.164
2024-09-13 12:02:13,ETHUSDT,ask,2390,5022.164
2024-09-13 12:02:33,ETHUSDT,ask,2390,5021.756
2024-09-13 12:04:17,ETHUSDT,ask,2390,5022.214
2024-09-13 12:04:28,ETHUSDT,ask,2390,5021.41
2024-09-13 12:05:14,ETHUSDT,ask,2390,5021.087
2024-09-13 12:06:33,ETHUSDT,ask,2390,5020.087
2024-09-13 12:11:55,ETHUSDT,ask,2390,5020.068
2024-09-13 12:14:17,ETHUSDT,ask,2390,5016.063
2024-09-13 12:15:29,ETHUSDT,ask,2390,5016.563
2024-09-13 12:16:37,ETHUSDT,ask,2390,5016.49
2024-09-13 12:16:43,ETHUSDT,ask,2390,5015.985
2024-09-13 12:18:10,ETHUSDT,ask,2390,5016.485
2024-09-13 12:20:20,ETHUSDT,ask,2390,5015.549
2024-09-13 12:22:37,ETHUSDT,ask,2390,5001.619
2024-09-13 12:23:08,ETHUSDT,ask,2390,4987.689
2024-09-13 12:23:40,ETHUSDT,ask,2390,4994.573
2024-09-13 12:23:44,ETHUSDT,ask,2390,4996.662
2024-09-13 12:27:57,ETHUSDT,ask,2390,4994.573
2024-09-13 12:29:10,ETHUSDT,ask,2390,4994.582
2024-09-13 12:29:14,ETHUSDT,ask,2390,4993.582
2024-09-13 12:29:24,ETHUSDT,ask,2390,4993.08
2024-09-13 12:29:39,ETHUSDT,ask,2390,4992.527
2024-09-13 12:30:38,ETHUSDT,ask,2390,4990.463
2024-09-13 12:35:04,ETHUSDT,ask,2390,4981.667
2024-09-13 12:35:38,ETHUSDT,ask,2390,4980.832
2024-09-13 12:35:45,ETHUSDT,ask,2390,4976.832
2024-09-13 12:39:10,ETHUSDT,ask,2390,4977.308
2024-09-13 12:39:30,ETHUSDT,ask,2390,4969.308
2024-09-13 12:41:20,ETHUSDT,ask,2390,4967.308
2024-09-13 12:41:48,ETHUSDT,ask,2390,4967.158
2024-09-13 12:42:53,ETHUSDT,ask,2390,4967.168
2024-09-13 12:44:07,ETHUSDT,ask,2390,4967.268
2024-09-13 12:46:46,ETHUSDT,ask,2390,4965.269
2024-09-13 12:47:00,ETHUSDT,ask,2390,5115.269
2024-09-13 12:47:21,ETHUSDT,ask,2390,5115.512
2024-09-13 12:49:37,ETHUSDT,ask,2390,5120.512
2024-09-13 12:50:50,ETHUSDT,ask,2390,5119.987
2024-09-13 12:54:49,ETHUSDT,ask,2390,5123.567
2024-09-13 12:55:18,ETHUSDT,ask,2390,5124.067
2024-09-13 13:02:48,ETHUSDT,ask,2390,5123.275
2024-09-13 13:03:09,ETHUSDT,ask,2390,5124.254
2024-09-13 13:07:43,ETHUSDT,ask,2390,5144.254
2024-09-13 13:09:29,ETHUSDT,ask,2390,5144.013
2024-09-13 13:16:19,ETHUSDT,ask,2390,5151.492
2024-09-13 13:17:17,ETHUSDT,ask,2390,5151.192
2024-09-13 13:17:21,ETHUSDT,ask,2390,5151.61
2024-09-13 13:17:27,ETHUSDT,ask,2390,5151.389
2024-09-13 13:21:46,ETHUSDT,ask,2390,5151.378
2024-09-13 13:26:31,ETHUSDT,ask,2390,5131.378
2024-09-13 13:26:54,ETHUSDT,ask,2390,5139.748
2024-09-13 13:30:20,ETHUSDT,ask,2390,5138.702
2024-09-13 13:33:54,ETHUSDT,ask,2390,5138.682
2024-09-13 13:34:38,ETHUSDT,ask,2390,5138.673
2024-09-13 13:35:12,ETHUSDT,ask,2390,5139.204
2024-09-13 13:36:36,ETHUSDT,ask,2390,5137.932
2024-09-13 13:43:48,ETHUSDT,ask,2390,5137.902
2024-09-13 13:43:49,ETHUSDT,ask,2390,5142.086
2024-09-13 13:43:51,ETHUSDT,ask,2390,5141.586
2024-09-13 13:44:06,ETHUSDT,ask,2390,5141.273
2024-09-13 13:44:16,ETHUSDT,ask,2390,5122.023
2024-09-13 13:45:02,ETHUSDT,ask,2390,5122.123
2024-09-13 13:45:52,ETHUSDT,ask,2390,5122.623
2024-09-13 13:46:44,ETHUSDT,ask,2390,5118.623
2024-09-13 13:47:33,ETHUSDT,ask,2390,5118.54
2024-09-13 13:49:18,ETHUSDT,ask,2390,5118.374
2024-09-13 13:50:56,ETHUSDT,ask,2390,5118.324
2024-09-13 13:52:55,ETHUSDT,ask,2390,5108.324
2024-09-13 13:54:30,ETHUSDT,ask,2390,5103.324
2024-09-13 13:57:24,ETHUSDT,ask,2390,5103.249
2024-09-13 13:57:25,ETHUSDT,ask,2390,5104.295
2024-09-13 13:57:47,ETHUSDT,ask,2390,5104.286
2024-09-13 13:59:17,ETHUSDT,ask,2390,5097.601
2024-09-13 13:59:28,ETHUSDT,ask,2390,5097.613
2024-09-13 14:00:28,ETHUSDT,ask,2390,5096.957
2024-09-13 14:01:40,ETHUSDT,ask,2390,5096.945
2024-09-13 14:03:47,ETHUSDT,ask,2390,5096.711
2024-09-13 14:06:57,ETHUSDT,ask,2390,5096.723
2024-09-13 14:07:30,ETHUSDT,ask,2390,5097.099
2024-09-13 14:12:27,ETHUSDT,ask,2390,5096.819
2024-09-13 14:14:43,ETHUSDT,ask,2390,5096.79
2024-09-13 14:17:35,ETHUSDT,ask,2390,5096.925
2024-09-13 14:19:33,ETHUSDT,ask,2390,5143.242
2024-09-13 14:19:45,ETHUSDT,ask,2390,5138.242
2024-09-13 14:19:50,ETHUSDT,ask,2390,5140.334
2024-09-13 14:22:40,ETHUSDT,ask,2390,5135.334
2024-09-13 14:23:30,ETHUSDT,ask,2390,5136.17
2024-09-13 14:23:38,ETHUSDT,ask,2390,5130.835
2024-09-13 14:25:13,ETHUSDT,ask,2390,5129.999
2024-09-13 14:26:49,ETHUSDT,ask,2390,5131.423
2024-09-13 14:27:47,ETHUSDT,ask,2390,5131.34
2024-09-13 14:28:25,ETHUSDT,ask,2390,5187.739
2024-09-13 14:29:04,ETHUSDT,ask,2390,5151.34
2024-09-13 14:29:10,ETHUSDT,ask,2390,5169.539
2024-09-13 14:30:53,ETHUSDT,ask,2390,5169.08
2024-09-13 14:32:59,ETHUSDT,ask,2390,5169.13
2024-09-13 14:40:15,ETHUSDT,ask,2390,5168.787
2024-09-13 14:43:42,ETHUSDT,ask,2390,5168.16
2024-09-13 14:47:21,ETHUSDT,ask,2390,5168.216
2024-09-13 14:49:24,ETHUSDT,ask,2390,5167.117
2024-09-13 14:53:18,ETHUSDT,ask,2390,5167.064
2024-09-13 14:54:56,ETHUSDT,ask,2390,5183.792
2024-09-13 14:55:20,ETHUSDT,ask,2390,5182.813
2024-09-13 14:55:54,ETHUSDT,ask,2390,5182.437
2024-09-13 14:56:04,ETHUSDT,ask,2390,5182.451
2024-09-13 14:59:26,ETHUSDT,ask,2390,5165.734
2024-09-13 14:59:55,ETHUSDT,ask,2390,5162.154
2024-09-13 15:00:51,ETHUSDT,ask,2390,5162.054
2024-09-13 15:01:10,ETHUSDT,ask,2390,5120.972
2024-09-13 15:02:07,ETHUSDT,ask,2390,5121.172
2024-09-13 15:03:44,ETHUSDT,ask,2390,5116.988
2024-09-13 15:10:31,ETHUSDT,ask,2390,5117.268
2024-09-13 15:17:50,ETHUSDT,ask,2390,5117.286
2024-09-13 15:21:11,ETHUSDT,ask,2390,5117.295
2024-09-13 15:23:31,ETHUSDT,ask,2390,5116.295
2024-09-13 15:24:28,ETHUSDT,ask,2390,5117.967
2024-09-13 15:26:46,ETHUSDT,ask,2390,5117.716
2024-09-13 15:28:04,ETHUSDT,ask,2390,5117.705
2024-09-13 15:28:28,ETHUSDT,ask,2390,5117.112
2024-09-13 15:29:43,ETHUSDT,ask,2390,5117.094
2024-09-13 15:30:13,ETHUSDT,ask,2390,5117.08
2024-09-13 15:31:32,ETHUSDT,ask,2390,5118.08
2024-09-13 15:40:08,ETHUSDT,ask,2390,5123.646
2024-09-13 15:40:34,ETHUSDT,ask,2390,5123.669
2024-09-13 15:41:54,ETHUSDT,ask,2390,5120.22
2024-09-13 15:42:27,ETHUSDT,ask,2390,5120.191
2024-09-13 15:46:54,ETHUSDT,ask,2390,5118.099
2024-09-13 15:49:02,ETHUSDT,ask,2390,5118.599
2024-09-13 15:50:41,ETHUSDT,ask,2390,5118.557
2024-09-13 15:56:57,ETHUSDT,ask,2390,5118.453
2024-09-13 15:57:39,ETHUSDT,ask,2390,5118.482
2024-09-13 16:02:42,ETHUSDT,ask,2390,5118.496
2024-09-13 16:06:53,ETHUSDT,ask,2390,5118.533
2024-09-13 16:09:11,ETHUSDT,ask,2390,5119.533
2024-09-13 16:09:50,ETHUSDT,ask,2390,5118.533
2024-09-13 16:10:58,ETHUSDT,ask,2390,5115.533
2024-09-13 16:11:56,ETHUSDT,ask,2390,5120.988
2024-09-13 16:12:52,ETHUSDT,ask,2390,5115.533
2024-09-13 16:13:07,ETHUSDT,ask,2390,5117.715
2024-09-13 16:14:07,ETHUSDT,ask,2390,5117.345
2024-09-13 16:18:50,ETHUSDT,ask,2390,5004.752
2024-09-13 16:19:12,ETHUSDT,ask,2390,5003.752
2024-09-13 16:19:21,ETHUSDT,ask,2390,5004.1
2024-09-13 16:20:52,ETHUSDT,ask,2390,5002.614
2024-09-13 16:22:54,ETHUSDT,ask,2390,5005.871
2024-09-13 16:23:01,ETHUSDT,ask,2390,5003.668
2024-09-13 16:23:33,ETHUSDT,ask,2390,5004.337
2024-09-13 16:24:09,ETHUSDT,ask,2390,5006.429
2024-09-13 16:24:32,ETHUSDT,ask,2390,5008.929
2024-09-13 16:24:55,ETHUSDT,ask,2390,5003.929
2024-09-13 16:25:30,ETHUSDT,ask,2390,5003.511
2024-09-13 16:28:25,ETHUSDT,ask,2390,5003.474
2024-09-13 16:30:41,ETHUSDT,ask,2390,5003.811
2024-09-13 16:32:13,ETHUSDT,ask,2390,5002.694
2024-09-13 16:32:23,ETHUSDT,ask,2390,5003.111
2024-09-13 16:33:22,ETHUSDT,ask,2390,5002.694
2024-09-13 16:34:15,ETHUSDT,ask,2390,5001.857
2024-09-13 16:34:46,ETHUSDT,ask,2390,5002.107
2024-09-13 16:37:29,ETHUSDT,ask,2390,5002.069
2024-09-13 16:41:55,ETHUSDT,ask,2390,5004.161
2024-09-13 16:44:02,ETHUSDT,ask,2390,5004.461
2024-09-13 16:46:55,ETHUSDT,ask,2390,5004.461
2024-09-13 16:49:06,ETHUSDT,ask,2390,5004.991
2024-09-13 16:52:11,ETHUSDT,ask,2390,5004.941
2024-09-13 16:52:27,ETHUSDT,ask,2390,5019.941
2024-09-13 16:54:04,ETHUSDT,ask,2390,5021.598
2024-09-13 16:54:58,ETHUSDT,ask,2390,5022.853
2024-09-13 16:56:04,ETHUSDT,ask,2390,5043.747
2024-09-13 16:57:32,ETHUSDT,ask,2390,5043.571
2024-09-13 16:57:40,ETHUSDT,ask,2390,5044.071
2024-09-13 17:01:33,ETHUSDT,ask,2390,5051.593
2024-09-13 17:03:14,ETHUSDT,ask,2390,5059.217
2024-09-13 17:03:30,ETHUSDT,ask,2390,5058.687
2024-09-13 17:03:43,ETHUSDT,ask,2390,5059.238
2024-09-13 17:05:45,ETHUSDT,ask,2390,5051.716
2024-09-13 17:06:56,ETHUSDT,ask,2390,5050.716
2024-09-13 17:07:08,ETHUSDT,ask,2390,5052.14
2024-09-13 17:09:04,ETHUSDT,ask,2390,5050.048
2024-09-13 17:13:50,ETHUSDT,ask,2390,5075.428
2024-09-13 17:14:42,ETHUSDT,ask,2390,5068.428
2024-09-13 17:16:05,ETHUSDT,ask,2390,5047.534
2024-09-13 17:19:30,ETHUSDT,ask,2390,5047.642
2024-09-13 17:19:53,ETHUSDT,ask,2390,5047.534
2024-09-13 17:21:40,ETHUSDT,ask,2390,5047.563
2024-09-13 17:28:32,ETHUSDT,ask,2390,5049.563
2024-09-13 17:28:33,ETHUSDT,ask,2390,5050.696
2024-09-13 17:31:52,ETHUSDT,ask,2390,5051.159
2024-09-13 17:32:25,ETHUSDT,ask,2390,5051.059
2024-09-13 17:35:03,ETHUSDT,ask,2390,5052.059
2024-09-13 17:35:13,ETHUSDT,ask,2390,5057.059
2024-09-13 17:35:23,ETHUSDT,ask,2390,5062.059
2024-09-13 17:35:25,ETHUSDT,ask,2390,5063.063
2024-09-13 17:35:49,ETHUSDT,ask,2390,5063.899
2024-09-13 17:36:12,ETHUSDT,ask,2390,5062.899
2024-09-13 17:36:23,ETHUSDT,ask,2390,5061.137
2024-09-13 17:36:52,ETHUSDT,ask,2390,5059.137
2024-09-13 17:36:55,ETHUSDT,ask,2390,5109.137
2024-09-13 17:37:56,ETHUSDT,ask,2390,5125.862
2024-09-13 17:39:24,ETHUSDT,ask,2390,5134.279
2024-09-13 17:39:44,ETHUSDT,ask,2390,5128.187
2024-09-13 17:40:02,ETHUSDT,ask,2390,5127.187
2024-09-13 17:40:21,ETHUSDT,ask,2390,5130.187
2024-09-13 17:40:30,ETHUSDT,ask,2390,5130.165
2024-09-13 17:41:32,ETHUSDT,ask,2390,5132.812
2024-09-13 17:41:41,ETHUSDT,ask,2390,5130.139
2024-09-13 17:42:42,ETHUSDT,ask,2390,5126.325
2024-09-13 17:42:48,ETHUSDT,ask,2390,5126.225
2024-09-13 17:42:49,ETHUSDT,ask,2390,5124.629
2024-09-13 17:42:52,ETHUSDT,ask,2390,5123.934
2024-09-13 17:42:55,ETHUSDT,ask,2390,5173.934
2024-09-13 17:43:35,ETHUSDT,ask,2390,5173.888
2024-09-13 17:43:56,ETHUSDT,ask,2390,5174.772
2024-09-13 17:44:01,ETHUSDT,ask,2390,5175.209
2024-09-13 17:44:47,ETHUSDT,ask,2390,5175.472
2024-09-13 17:44:49,ETHUSDT,ask,2390,5175.509
2024-09-13 17:45:11,ETHUSDT,ask,2390,5175.718
2024-09-13 17:45:59,ETHUSDT,ask,2390,5190.274
2024-09-13 17:46:54,ETHUSDT,ask,2390,5191.518
2024-09-13 17:47:18,ETHUSDT,ask,2390,5174.293
2024-09-13 17:47:43,ETHUSDT,ask,2390,5171.646
2024-09-13 17:47:49,ETHUSDT,ask,2390,5173.738
2024-09-13 17:47:53,ETHUSDT,ask,2390,5173.644
2024-09-13 17:47:58,ETHUSDT,ask,2390,5174.644
2024-09-13 17:47:58,ETHUSDT,ask,2390,5176.317
2024-09-13 17:48:06,ETHUSDT,ask,2390,5176.667
2024-09-13 17:48:33,ETHUSDT,ask,2390,5177.411
2024-09-13 17:49:02,ETHUSDT,ask,2390,5177.061
2024-09-13 17:49:03,ETHUSDT,ask,2390,5182.061
2024-09-13 17:50:11,ETHUSDT,ask,2390,5182.411
2024-09-13 17:50:24,ETHUSDT,ask,2390,5181.411
2024-09-13 17:52:05,ETHUSDT,ask,2390,5181.311
2024-09-13 17:52:17,ETHUSDT,ask,2390,5183.403
2024-09-13 17:52:19,ETHUSDT,ask,2390,5162.483
2024-09-13 17:52:19,ETHUSDT,ask,2390,5159.483
2024-09-13 17:52:35,ETHUSDT,ask,2390,5159.454
2024-09-13 17:52:42,ETHUSDT,ask,2390,5159.104
2024-09-13 17:52:50,ETHUSDT,ask,2390,5160.604
2024-09-13 17:52:54,ETHUSDT,ask,2390,5162.175
2024-09-13 17:53:04,ETHUSDT,ask,2390,5162.475
2024-09-13 17:53:11,ETHUSDT,ask,2390,5157.475
2024-09-13 17:53:16,ETHUSDT,ask,2390,5156.675
2024-09-13 17:53:22,ETHUSDT,ask,2390,5154.583
2024-09-13 17:53:24,ETHUSDT,ask,2390,5144.197
2024-09-13 17:53:28,ETHUSDT,ask,2390,5144.497
2024-09-13 17:53:28,ETHUSDT,ask,2390,5139.497
2024-09-13 17:53:33,ETHUSDT,ask,2390,5139.365
2024-09-13 17:54:00,ETHUSDT,ask,2390,5141.457
2024-09-13 17:54:01,ETHUSDT,ask,2390,5141.497
2024-09-13 17:54:46,ETHUSDT,ask,2390,5139.717
2024-09-13 17:54:54,ETHUSDT,ask,2390,5153.384
2024-09-13 17:55:40,ETHUSDT,ask,2390,5152.548
2024-09-13 17:55:54,ETHUSDT,ask,2390,5152.589
2024-09-13 17:56:38,ETHUSDT,ask,2390,5152.997
2024-09-13 17:56:40,ETHUSDT,ask,2390,5153.08
2024-09-13 17:57:02,ETHUSDT,ask,2390,5152.809
2024-09-13 17:57:15,ETHUSDT,ask,2390,5154.148
2024-09-13 17:57:24,ETHUSDT,ask,2390,5158.086
2024-09-13 17:57:33,ETHUSDT,ask,2390,5161.528
2024-09-13 17:57:39,ETHUSDT,ask,2390,5163.62
2024-09-13 17:57:53,ETHUSDT,ask,2390,5164.373
2024-09-13 17:57:59,ETHUSDT,ask,2390,5166.873
2024-09-13 17:57:59,ETHUSDT,ask,2390,5162.935
2024-09-13 17:58:01,ETHUSDT,ask,2390,5161.411
2024-09-13 17:58:09,ETHUSDT,ask,2390,5159.911
2024-09-13 23:32:34,ETHUSDT,ask,2400,4800.211
2024-09-13 23:32:34,ETHUSDT,ask,2400,4796.76
2024-09-13 23:32:35,ETHUSDT,ask,2400,4796.77
2024-09-13 23:32:36,ETHUSDT,ask,2400,4797.183
2024-09-13 23:32:36,ETHUSDT,ask,2400,4808.501
2024-09-13 23:32:36,ETHUSDT,ask,2400,4797.183
2024-09-13 23:32:37,ETHUSDT,ask,2400,4797.583
2024-09-13 23:32:38,ETHUSDT,ask,2400,4799.519
2024-09-13 23:32:38,ETHUSDT,ask,2400,4799.246
2024-09-13 23:32:38,ETHUSDT,ask,2400,4802.698
2024-09-13 23:32:38,ETHUSDT,ask,2400,4803.861
2024-09-13 23:32:39,ETHUSDT,ask,2400,4798.063
2024-09-13 23:32:39,ETHUSDT,ask,2400,4796.71
2024-09-13 23:32:47,ETHUSDT,ask,2400,4796.84
2024-09-13 23:32:49,ETHUSDT,ask,2400,4813.438
2024-09-13 23:32:49,ETHUSDT,ask,2400,4813.853
2024-09-13 23:32:49,ETHUSDT,ask,2400,4813.862
2024-09-13 23:32:49,ETHUSDT,ask,2400,4819.994
2024-09-13 23:32:50,ETHUSDT,ask,2400,4809.624
2024-09-13 23:32:51,ETHUSDT,ask,2400,4809.633
2024-09-13 23:32:51,ETHUSDT,ask,2400,4811.111
2024-09-13 23:32:51,ETHUSDT,ask,2400,4811.239
2024-09-13 23:32:52,ETHUSDT,ask,2400,4811.739
2024-09-13 23:32:52,ETHUSDT,ask,2400,4784.688
2024-09-13 23:32:54,ETHUSDT,ask,2400,4783.21
2024-09-13 23:32:55,ETHUSDT,ask,2400,4783.21
2024-09-13 23:32:58,ETHUSDT,ask,2400,4777.124
2024-09-13 23:32:59,ETHUSDT,ask,2400,4777.747
2024-09-13 23:32:59,ETHUSDT,ask,2400,4777.605
2024-09-13 23:33:00,ETHUSDT,ask,2400,4777.605
2024-09-13 23:33:00,ETHUSDT,ask,2400,4777.708
2024-09-13 23:33:01,ETHUSDT,ask,2400,4777.806
2024-09-13 23:33:01,ETHUSDT,ask,2400,4778.436
2024-09-13 23:33:10,ETHUSDT,ask,2400,4779.196
2024-09-13 23:33:10,ETHUSDT,ask,2400,4779.196
2024-09-13 23:33:10,ETHUSDT,ask,2400,4779.205
2024-09-13 23:33:12,ETHUSDT,ask,2400,4779.196
2024-09-13 23:33:12,ETHUSDT,ask,2400,4778.996
2024-09-13 23:33:13,ETHUSDT,ask,2400,4779.448
2024-09-13 23:33:13,ETHUSDT,ask,2400,4779.408
2024-09-13 23:33:14,ETHUSDT,ask,2400,4780.389
2024-09-13 23:33:14,ETHUSDT,ask,2400,4780.398
2024-09-13 23:33:14,ETHUSDT,ask,2400,4780.429
2024-09-13 23:33:15,ETHUSDT,ask,2400,4780.398
2024-09-13 23:33:15,ETHUSDT,ask,2400,4796.996
2024-09-13 23:33:16,ETHUSDT,ask,2400,4796.544
2024-09-13 23:33:16,ETHUSDT,ask,2400,4791.86
2024-09-13 23:33:16,ETHUSDT,ask,2400,4790.87
2024-09-13 23:33:19,ETHUSDT,ask,2400,4790.912
2024-09-13 23:33:19,ETHUSDT,ask,2400,4790.87
2024-09-13 23:33:19,ETHUSDT,ask,2400,4791.37
2024-09-13 23:33:21,ETHUSDT,ask,2400,4788.047
2024-09-13 23:33:22,ETHUSDT,ask,2400,4771.348
2024-09-13 23:33:33,ETHUSDT,ask,2400,4784.425
2024-09-13 23:33:36,ETHUSDT,ask,2400,4798.168
2024-09-13 23:33:38,ETHUSDT,ask,2400,4787.748
2024-09-13 23:33:42,ETHUSDT,ask,2400,4787.748
2024-09-13 23:33:44,ETHUSDT,ask,2400,4787.901
2024-09-13 23:33:52,ETHUSDT,ask,2400,4787.943
2024-09-13 23:33:53,ETHUSDT,ask,2400,4787.901
2024-09-13 23:33:53,ETHUSDT,ask,2400,4787.943
2024-09-13 23:33:54,ETHUSDT,ask,2400,4787.901
2024-09-13 23:33:55,ETHUSDT,ask,2400,4772.981
2024-09-13 23:33:55,ETHUSDT,ask,2400,4769.658
2024-09-13 23:33:58,ETHUSDT,ask,2400,4769.7
2024-09-13 23:33:59,ETHUSDT,ask,2400,4769.7
2024-09-13 23:33:59,ETHUSDT,ask,2400,4770.988
2024-09-13 23:34:00,ETHUSDT,ask,2400,4771.818
2024-09-13 23:34:02,ETHUSDT,ask,2400,4771.849
2024-09-13 23:34:02,ETHUSDT,ask,2400,4771.818
2024-09-13 23:34:03,ETHUSDT,ask,2400,4771.836
2024-09-13 23:34:03,ETHUSDT,ask,2400,4771.336
2024-09-13 23:34:03,ETHUSDT,ask,2400,4771.327
2024-09-13 23:34:03,ETHUSDT,ask,2400,4772.565
2024-09-13 23:34:11,ETHUSDT,ask,2400,4771.327
2024-09-13 23:34:11,ETHUSDT,ask,2400,4771.818
2024-09-13 23:34:14,ETHUSDT,ask,2400,4771.36
2024-09-13 23:34:16,ETHUSDT,ask,2400,4770.53
2024-09-13 23:34:17,ETHUSDT,ask,2400,4769.658
2024-09-13 23:34:25,ETHUSDT,ask,2400,4770.911
2024-09-13 23:34:33,ETHUSDT,ask,2400,4770.899
2024-09-13 23:34:37,ETHUSDT,ask,2400,4770.899
2024-09-13 23:34:37,ETHUSDT,ask,2400,4770.276
2024-09-13 23:34:38,ETHUSDT,ask,2400,4769.646
2024-09-13 23:34:38,ETHUSDT,ask,2400,4770.476
2024-09-13 23:34:38,ETHUSDT,ask,2400,4773.848
2024-09-13 23:34:38,ETHUSDT,ask,2400,4773.897
2024-09-13 23:34:39,ETHUSDT,ask,2400,4773.897
2024-09-13 23:34:40,ETHUSDT,ask,2400,4773.939
2024-09-13 23:34:44,ETHUSDT,ask,2400,4773.897
2024-09-13 23:34:53,ETHUSDT,ask,2400,4773.848
2024-09-13 23:35:06,ETHUSDT,ask,2400,4791.446
2024-09-13 23:35:09,ETHUSDT,ask,2400,4792.277
2024-09-13 23:35:10,ETHUSDT,ask,2400,4792.235
2024-09-13 23:35:13,ETHUSDT,ask,2400,4793.265
2024-09-13 23:35:13,ETHUSDT,ask,2400,4792.765
2024-09-13 23:35:14,ETHUSDT,ask,2400,4792.75
2024-09-13 23:35:20,ETHUSDT,ask,2400,4789.229
2024-09-13 23:35:36,ETHUSDT,ask,2400,4789.229
2024-09-13 23:35:55,ETHUSDT,ask,2400,4789.229
2024-09-13 23:36:02,ETHUSDT,ask,2400,4807.237
2024-09-13 23:36:02,ETHUSDT,ask,2400,4789.239
2024-09-13 23:36:03,ETHUSDT,ask,2400,4789.281
2024-09-13 23:36:03,ETHUSDT,ask,2400,4769.683
2024-09-13 23:36:03,ETHUSDT,ask,2400,4769.89
2024-09-13 23:36:03,ETHUSDT,ask,2400,4769.683
2024-09-13 23:36:03,ETHUSDT,ask,2400,4769.683
2024-09-13 23:36:06,ETHUSDT,ask,2400,4771.293
2024-09-13 23:36:06,ETHUSDT,ask,2400,4771.335
2024-09-13 23:36:14,ETHUSDT,ask,2400,4804.899
2024-09-13 23:36:15,ETHUSDT,ask,2400,4770.519
2024-09-13 23:36:15,ETHUSDT,ask,2400,4770.477
2024-09-13 23:36:15,ETHUSDT,ask,2400,4770.519
2024-09-13 23:36:20,ETHUSDT,ask,2400,4777.774
2024-09-13 23:36:26,ETHUSDT,ask,2400,4779.258
2024-09-13 23:36:44,ETHUSDT,ask,2400,4844.561
2024-09-13 23:36:50,ETHUSDT,ask,2400,4844.551
2024-09-13 23:36:55,ETHUSDT,ask,2400,4847.665
2024-09-13 23:37:04,ETHUSDT,ask,2400,4872.665
2024-09-13 23:37:05,ETHUSDT,ask,2400,4806.577
2024-09-13 23:37:12,ETHUSDT,ask,2400,4803.474
2024-09-13 23:37:12,ETHUSDT,ask,2400,4803.463
2024-09-13 23:37:28,ETHUSDT,ask,2400,4778.436
2024-09-13 23:37:32,ETHUSDT,ask,2400,4771.421
2024-09-13 23:37:39,ETHUSDT,ask,2400,4773.697
2024-09-13 23:37:42,ETHUSDT,ask,2400,4773.364
2024-09-13 23:37:50,ETHUSDT,ask,2400,4771.428
2024-09-13 23:37:59,ETHUSDT,ask,2400,4771.428
2024-09-13 23:38:03,ETHUSDT,ask,2400,4769.944
2024-09-13 23:39:06,ETHUSDT,ask,2400,4832.398
2024-09-13 23:39:10,ETHUSDT,ask,2400,4874.675
2024-09-13 23:39:13,ETHUSDT,ask,2400,4832.181
2024-09-13 23:40:01,ETHUSDT,ask,2400,4769.604
2024-09-13 23:40:06,ETHUSDT,ask,2400,4769.944
2024-09-13 23:40:38,ETHUSDT,ask,2400,4769.944
2024-09-13 23:40:48,ETHUSDT,ask,2400,4769.604
2024-09-13 23:41:11,ETHUSDT,ask,2400,4785.604
2024-09-13 23:41:12,ETHUSDT,ask,2400,4769.604
2024-09-13 23:41:28,ETHUSDT,ask,2400,4785.604
2024-09-13 23:42:21,ETHUSDT,ask,2400,4771.083
2024-09-13 23:42:38,ETHUSDT,ask,2400,4787.083
2024-09-13 23:43:43,ETHUSDT,ask,2400,4769.604
2024-09-13 23:44:31,ETHUSDT,ask,2400,4769.633
2024-09-13 23:44:31,ETHUSDT,ask,2400,4769.604
2024-09-13 23:44:40,ETHUSDT,ask,2400,4785.604
2024-09-13 23:45:05,ETHUSDT,ask,2400,4785.604
2024-09-13 23:45:06,ETHUSDT,ask,2400,4769.604
2024-09-13 23:45:07,ETHUSDT,ask,2400,4785.604
2024-09-13 23:45:16,ETHUSDT,ask,2400,4771.177
2024-09-13 23:45:16,ETHUSDT,ask,2400,4771.394
2024-09-13 23:46:16,ETHUSDT,ask,2400,4769.604
2024-09-13 23:48:13,ETHUSDT,ask,2400,4769.604
2024-09-13 23:49:06,ETHUSDT,ask,2400,4772.104
2024-09-13 23:49:09,ETHUSDT,ask,2400,4772.104
2024-09-13 23:49:48,ETHUSDT,ask,2400,5021.232
