2024-08-26 00:57:17,SOLUSDT,bid,159,8725.0
2024-08-26 00:57:20,SOLUSDT,bid,159,8725.0
2024-08-26 00:57:21,SOLUSDT,bid,159,8725.0
2024-08-26 00:57:22,SOLUSDT,bid,159,8725.0
2024-08-26 00:57:23,SOLUSDT,bid,159,8853.0
2024-08-26 00:57:23,SOLUSDT,bid,159,8725.0
2024-08-26 00:57:24,SOLUSDT,bid,159,8646.0
2024-08-26 00:57:24,SOLUSDT,bid,159,8683.0
2024-08-26 00:57:26,SOLUSDT,bid,159,8646.0
2024-08-26 00:58:30,SOLUSDT,ask,159,6448.0
2024-08-26 00:58:31,SOLUSDT,ask,159,6438.0
2024-08-26 00:58:31,SOLUSDT,ask,159,6464.0
2024-08-26 00:58:31,SOLUSDT,ask,159,6438.0
2024-08-26 00:58:33,SOLUSDT,ask,159,6450.0
2024-08-26 00:58:35,SOLUSDT,ask,159,6544.0
2024-08-26 00:58:35,SOLUSDT,ask,159,6532.0
2024-08-26 00:58:35,SOLUSDT,ask,159,6468.0
2024-08-26 00:58:36,SOLUSDT,ask,159,6499.0
2024-08-26 00:58:36,SOLUSDT,ask,159,6438.0
2024-08-26 00:58:36,SOLUSDT,ask,159,6532.0
2024-08-26 00:58:36,SOLUSDT,ask,159,6438.0
2024-08-26 00:58:38,SOLUSDT,ask,159,6469.0
2024-08-26 00:58:41,SOLUSDT,ask,159,6438.0
2024-08-26 00:58:42,SOLUSDT,ask,159,6463.0
2024-08-26 00:58:42,SOLUSDT,ask,159,6466.0
2024-08-26 00:58:43,SOLUSDT,ask,159,6491.0
2024-08-26 00:58:43,SOLUSDT,ask,159,6472.0
2024-08-26 00:58:43,SOLUSDT,ask,159,6446.0
2024-08-26 00:58:43,SOLUSDT,ask,159,6471.0
2024-08-26 00:58:44,SOLUSDT,ask,159,6446.0
2024-08-26 00:58:44,SOLUSDT,ask,159,6452.0
2024-08-26 00:58:45,SOLUSDT,ask,159,6453.0
2024-08-26 00:58:46,SOLUSDT,ask,159,6443.0
2024-08-26 01:03:14,SOLUSDT,ask,159,6284.0
2024-08-26 01:03:16,SOLUSDT,ask,159,6282.0
2024-08-26 01:03:23,SOLUSDT,ask,159,6279.0
2024-08-26 01:03:23,SOLUSDT,ask,159,6279.0
2024-08-26 01:03:26,SOLUSDT,ask,159,6351.0
2024-08-26 01:03:31,SOLUSDT,ask,159,7435.0
2024-08-26 01:03:31,SOLUSDT,ask,159,7410.0
2024-08-26 01:03:33,SOLUSDT,ask,159,7410.0
2024-08-26 01:03:33,SOLUSDT,ask,159,7439.0
2024-08-26 01:03:33,SOLUSDT,ask,159,7410.0
2024-08-26 01:05:03,SOLUSDT,ask,159,7339.0
2024-08-26 01:05:03,SOLUSDT,ask,159,7339.0
2024-08-26 01:05:04,SOLUSDT,ask,159,7344.0
2024-08-26 01:05:04,SOLUSDT,ask,159,7339.0
2024-08-26 01:05:05,SOLUSDT,ask,159,7296.0
2024-08-26 01:05:09,SOLUSDT,ask,159,7297.0
2024-08-26 01:05:10,SOLUSDT,ask,159,7296.0
2024-08-26 01:05:10,SOLUSDT,ask,159,7317.0
2024-08-26 01:05:12,SOLUSDT,ask,159,7322.0
2024-08-26 01:05:12,SOLUSDT,ask,159,7317.0
2024-08-26 01:05:12,SOLUSDT,ask,159,7318.0
2024-08-26 01:05:13,SOLUSDT,ask,159,7318.0
2024-08-26 01:05:14,SOLUSDT,ask,159,7318.0
2024-08-26 01:05:15,SOLUSDT,ask,159,7323.0
2024-08-26 01:05:15,SOLUSDT,ask,159,7318.0
2024-08-26 01:05:16,SOLUSDT,ask,159,7323.0
2024-08-26 01:05:16,SOLUSDT,ask,159,7318.0
2024-08-26 01:05:17,SOLUSDT,ask,159,7318.0
2024-08-26 01:05:20,SOLUSDT,ask,159,7296.0
2024-08-26 01:05:21,SOLUSDT,ask,159,7301.0
2024-08-26 01:05:21,SOLUSDT,ask,159,7296.0
2024-08-26 01:05:22,SOLUSDT,ask,159,7296.0
2024-08-26 01:05:23,SOLUSDT,ask,159,7301.0
2024-08-26 01:05:23,SOLUSDT,ask,159,7296.0
2024-08-26 01:05:23,SOLUSDT,ask,159,7299.0
2024-08-26 01:05:24,SOLUSDT,ask,159,7295.0
2024-08-26 01:05:25,SOLUSDT,ask,159,7300.0
2024-08-26 01:05:25,SOLUSDT,ask,159,7295.0
2024-08-26 01:05:25,SOLUSDT,ask,159,7320.0
2024-08-26 01:05:26,SOLUSDT,ask,159,7320.0
2024-08-26 01:05:26,SOLUSDT,ask,159,7395.0
2024-08-26 01:05:27,SOLUSDT,ask,159,7395.0
2024-08-26 01:05:30,SOLUSDT,ask,159,7395.0
2024-08-26 01:05:31,SOLUSDT,ask,159,7295.0
2024-08-26 01:05:31,SOLUSDT,ask,159,7400.0
2024-08-26 01:05:31,SOLUSDT,ask,159,7395.0
2024-08-26 01:05:37,SOLUSDT,ask,159,7395.0
2024-08-26 01:05:38,SOLUSDT,ask,159,7395.0
2024-08-26 01:05:39,SOLUSDT,ask,159,7295.0
2024-08-26 01:05:39,SOLUSDT,ask,159,7320.0
2024-08-26 01:05:40,SOLUSDT,ask,159,7320.0
2024-08-26 01:05:40,SOLUSDT,ask,159,7316.0
2024-08-26 01:05:41,SOLUSDT,ask,159,7285.0
2024-08-26 01:06:20,SOLUSDT,ask,159,8249.0
2024-08-26 01:06:20,SOLUSDT,ask,159,8246.0
2024-08-26 01:06:20,SOLUSDT,ask,159,8260.0
2024-08-26 01:06:22,SOLUSDT,ask,159,8263.0
2024-08-26 01:06:24,SOLUSDT,ask,159,8260.0
2024-08-26 01:06:24,SOLUSDT,ask,159,8308.0
2024-08-26 01:06:24,SOLUSDT,ask,159,8238.0
2024-08-26 01:06:24,SOLUSDT,ask,159,8269.0
2024-08-26 01:06:26,SOLUSDT,ask,159,8219.0
2024-08-26 01:06:27,SOLUSDT,ask,159,8216.0
2024-08-26 01:06:29,SOLUSDT,ask,159,8217.0
2024-08-26 01:09:56,SOLUSDT,ask,159,6314.0
2024-08-26 01:10:13,SOLUSDT,ask,159,7866.0
2024-08-26 01:10:14,SOLUSDT,ask,159,6279.0
2024-08-26 01:10:16,SOLUSDT,ask,159,6352.0
2024-08-26 01:10:19,SOLUSDT,ask,159,6320.0
2024-08-26 01:10:20,SOLUSDT,ask,159,6313.0
2024-08-26 01:10:28,SOLUSDT,ask,159,6392.0
2024-08-26 01:10:28,SOLUSDT,ask,159,6346.0
2024-08-26 01:10:29,SOLUSDT,ask,159,6292.0
2024-08-26 01:10:33,SOLUSDT,ask,159,6521.0
2024-08-26 01:10:34,SOLUSDT,ask,159,6514.0
2024-08-26 01:10:34,SOLUSDT,ask,159,6460.0
2024-08-26 01:10:34,SOLUSDT,ask,159,6335.0
2024-08-26 01:10:35,SOLUSDT,ask,159,6524.0
2024-08-26 01:10:35,SOLUSDT,ask,159,6520.0
2024-08-26 01:10:37,SOLUSDT,ask,159,6479.0
2024-08-26 01:10:37,SOLUSDT,ask,159,6411.0
2024-08-26 01:10:37,SOLUSDT,ask,159,6589.0
2024-08-26 01:10:38,SOLUSDT,ask,159,6469.0
2024-08-26 01:10:40,SOLUSDT,ask,159,6430.0
2024-08-26 01:10:46,SOLUSDT,ask,159,6449.0
2024-08-26 01:29:10,SOLUSDT,bid,159,7721.0
2024-08-26 01:29:21,SOLUSDT,ask,159,12112.0
2024-08-26 01:29:21,SOLUSDT,ask,159,12058.0
2024-08-26 01:29:23,SOLUSDT,ask,159,6292.0
2024-08-26 01:29:26,SOLUSDT,ask,159,6304.0
2024-08-26 01:29:28,SOLUSDT,ask,159,6303.0
2024-08-26 01:29:29,SOLUSDT,ask,159,6331.0
2024-08-26 01:29:29,SOLUSDT,ask,159,6331.0
2024-08-26 01:29:29,SOLUSDT,ask,159,6331.0
2024-08-26 01:29:32,SOLUSDT,ask,159,6327.0
2024-08-26 01:29:32,SOLUSDT,ask,159,6310.0
2024-08-26 01:29:33,SOLUSDT,ask,159,6311.0
2024-08-26 01:29:37,SOLUSDT,ask,159,6376.0
2024-08-26 01:29:37,SOLUSDT,ask,159,6314.0
2024-08-26 01:29:39,SOLUSDT,ask,159,6829.0
2024-08-26 01:29:45,SOLUSDT,ask,159,6360.0
2024-08-26 01:29:47,SOLUSDT,ask,159,6321.0
2024-08-26 01:29:48,SOLUSDT,ask,159,6298.0
2024-08-26 01:29:57,SOLUSDT,ask,159,6465.0
2024-08-26 01:29:59,SOLUSDT,ask,159,6304.0
2024-08-26 01:36:24,SOLUSDT,bid,159,6757.0
2024-08-26 01:36:25,SOLUSDT,bid,159,6632.0
2024-08-26 01:36:26,SOLUSDT,bid,159,6607.0
2024-08-26 01:36:29,SOLUSDT,bid,159,6287.0
2024-08-26 01:36:33,SOLUSDT,bid,159,6302.0
2024-08-26 01:36:33,SOLUSDT,bid,159,6316.0
2024-08-26 01:36:34,SOLUSDT,bid,159,6579.0
2024-08-26 01:36:34,SOLUSDT,bid,159,6328.0
2024-08-26 01:36:35,SOLUSDT,bid,159,6304.0
2024-08-26 01:36:39,SOLUSDT,bid,159,6323.0
2024-08-26 01:36:39,SOLUSDT,bid,159,6558.0
2024-08-26 01:36:40,SOLUSDT,bid,159,6555.0
2024-08-26 01:36:42,SOLUSDT,bid,159,6510.0
2024-08-26 01:36:50,SOLUSDT,ask,159,6385.0
2024-08-26 01:36:54,SOLUSDT,ask,159,6549.0
2024-08-26 01:37:00,SOLUSDT,ask,159,6273.0
2024-08-26 01:37:00,SOLUSDT,ask,159,6732.0
2024-08-26 01:37:04,SOLUSDT,ask,159,6758.0
2024-08-26 01:44:47,SOLUSDT,bid,159,6280.0
2024-08-26 01:44:48,SOLUSDT,bid,159,6279.0
2024-08-26 01:44:50,SOLUSDT,bid,159,6469.0
2024-08-26 01:44:58,SOLUSDT,bid,159,6292.0
2024-08-26 01:44:58,SOLUSDT,bid,159,6286.0
2024-08-26 01:45:00,SOLUSDT,bid,159,6298.0
2024-08-26 01:45:02,SOLUSDT,bid,159,6276.0
2024-08-26 01:45:02,SOLUSDT,bid,159,6276.0
2024-08-26 01:45:13,SOLUSDT,ask,159,7353.0
2024-08-26 03:16:12,SOLUSDT,bid,159,6348.0
2024-08-26 03:16:14,SOLUSDT,bid,159,6357.0
2024-08-26 03:16:21,SOLUSDT,bid,159,6927.0
2024-08-26 03:16:24,SOLUSDT,bid,159,6351.0
2024-08-26 03:16:25,SOLUSDT,bid,159,6369.0
2024-08-26 03:16:26,SOLUSDT,bid,159,6319.0
2024-08-26 03:17:39,SOLUSDT,ask,159,10360.0
2024-08-26 03:24:55,SOLUSDT,ask,159,7110.0
2024-08-26 03:24:59,SOLUSDT,ask,159,6344.0
2024-08-26 03:25:01,SOLUSDT,ask,159,6547.0
2024-08-26 03:25:12,SOLUSDT,ask,159,6705.0
2024-08-26 03:28:45,SOLUSDT,ask,159,6315.0
2024-08-26 03:28:46,SOLUSDT,ask,159,6564.0
2024-08-26 03:28:46,SOLUSDT,ask,159,6562.0
2024-08-26 03:28:47,SOLUSDT,ask,159,6299.0
2024-08-26 03:35:14,SOLUSDT,ask,159,6287.0
2024-08-26 03:37:25,SOLUSDT,ask,159,6581.0
2024-08-26 03:37:30,SOLUSDT,ask,159,6381.0
2024-08-26 03:46:54,SOLUSDT,ask,159,6419.0
2024-08-26 03:46:54,SOLUSDT,ask,159,6332.0
2024-08-26 03:47:10,SOLUSDT,ask,159,6373.0
2024-08-26 03:47:10,SOLUSDT,ask,159,6436.0
2024-08-26 03:47:10,SOLUSDT,ask,159,6315.0
2024-08-26 03:47:15,SOLUSDT,ask,159,6396.0
2024-08-26 03:47:18,SOLUSDT,ask,159,6320.0
2024-08-26 03:47:18,SOLUSDT,ask,159,6508.0
2024-08-26 03:47:18,SOLUSDT,ask,159,6321.0
2024-08-26 03:47:18,SOLUSDT,ask,159,6520.0
2024-08-26 03:47:19,SOLUSDT,ask,159,6319.0
2024-08-26 03:47:19,SOLUSDT,ask,159,6321.0
2024-08-26 03:50:10,SOLUSDT,ask,159,6313.0
2024-08-26 03:50:23,SOLUSDT,ask,159,6459.0
2024-08-26 03:50:36,SOLUSDT,ask,159,6291.0
2024-08-26 03:50:37,SOLUSDT,ask,159,6280.0
2024-08-26 03:50:38,SOLUSDT,ask,159,6524.0
2024-08-26 03:50:42,SOLUSDT,ask,159,6350.0
2024-08-26 03:50:43,SOLUSDT,ask,159,6334.0
2024-08-26 03:50:45,SOLUSDT,ask,159,6521.0
2024-08-26 03:50:45,SOLUSDT,ask,159,6409.0
2024-08-26 03:50:46,SOLUSDT,ask,159,6288.0
2024-08-26 03:50:46,SOLUSDT,ask,159,6284.0
2024-08-26 03:50:49,SOLUSDT,ask,159,6298.0
2024-08-26 03:50:53,SOLUSDT,ask,159,6548.0
2024-08-26 03:50:59,SOLUSDT,ask,159,6356.0
2024-08-26 03:51:01,SOLUSDT,ask,159,6532.0
2024-08-26 03:55:36,SOLUSDT,bid,159,6336.0
2024-08-26 03:55:40,SOLUSDT,bid,159,6478.0
2024-08-26 03:55:40,SOLUSDT,bid,159,6503.0
2024-08-26 03:55:41,SOLUSDT,bid,159,6365.0
2024-08-26 03:55:41,SOLUSDT,bid,159,6365.0
2024-08-26 03:55:42,SOLUSDT,bid,159,6340.0
2024-08-26 03:55:51,SOLUSDT,bid,159,6326.0
2024-08-26 03:55:51,SOLUSDT,bid,159,6329.0
2024-08-26 03:55:54,SOLUSDT,bid,159,6335.0
2024-08-26 03:55:55,SOLUSDT,bid,159,6329.0
2024-08-26 03:55:56,SOLUSDT,bid,159,6329.0
2024-08-26 03:55:56,SOLUSDT,bid,159,6330.0
2024-08-26 03:55:56,SOLUSDT,bid,159,6379.0
2024-08-26 03:55:57,SOLUSDT,bid,159,6329.0
2024-08-26 03:55:59,SOLUSDT,bid,159,6354.0
2024-08-26 03:56:04,SOLUSDT,ask,159,6559.0
2024-08-26 03:56:09,SOLUSDT,ask,159,6370.0
2024-08-26 03:56:10,SOLUSDT,ask,159,6349.0
2024-08-26 03:56:18,SOLUSDT,ask,159,6356.0
2024-08-26 03:56:24,SOLUSDT,ask,159,6294.0
2024-08-26 03:56:27,SOLUSDT,ask,159,6309.0
2024-08-26 04:06:03,SOLUSDT,ask,159,6286.0
2024-08-26 04:06:07,SOLUSDT,ask,159,6369.0
2024-08-26 04:06:24,SOLUSDT,ask,159,6569.0
2024-08-26 04:06:24,SOLUSDT,ask,159,6769.0
2024-08-26 04:06:38,SOLUSDT,ask,159,6592.0
2024-08-26 04:06:38,SOLUSDT,ask,159,6283.0
2024-08-26 01:29:35,SOLUSDT,ask,160,7276.0
2024-08-26 01:30:51,SOLUSDT,ask,160,7278.0
2024-08-26 01:31:40,SOLUSDT,ask,160,7340.0
2024-08-26 04:15:59,SOLUSDT,ask,160,8701.0
2024-08-26 04:16:01,SOLUSDT,ask,160,8717.0
2024-08-26 04:16:01,SOLUSDT,ask,160,8742.0
2024-08-26 04:16:03,SOLUSDT,ask,160,8739.0
2024-08-26 04:16:03,SOLUSDT,ask,160,8742.0
2024-08-26 04:16:03,SOLUSDT,ask,160,8726.0
2024-08-26 04:16:05,SOLUSDT,ask,160,8701.0
2024-08-26 04:16:08,SOLUSDT,ask,160,8700.0
2024-08-26 04:16:14,SOLUSDT,ask,160,8697.0
2024-08-26 04:16:15,SOLUSDT,ask,160,8700.0
2024-08-26 04:16:20,SOLUSDT,ask,160,8750.0
2024-08-26 04:16:25,SOLUSDT,ask,160,8747.0
2024-08-26 04:16:44,SOLUSDT,ask,160,8805.0
2024-08-26 04:16:44,SOLUSDT,ask,160,8752.0
2024-08-26 04:16:44,SOLUSDT,ask,160,8698.0
2024-08-26 04:16:44,SOLUSDT,ask,160,8752.0
2024-08-26 04:16:48,SOLUSDT,ask,160,8695.0
2024-08-26 04:16:48,SOLUSDT,ask,160,8698.0
2024-08-26 04:16:50,SOLUSDT,ask,160,8750.0
2024-08-26 04:16:51,SOLUSDT,ask,160,8756.0
2024-08-26 04:16:51,SOLUSDT,ask,160,8750.0
2024-08-26 04:19:50,SOLUSDT,bid,160,6271.0
2024-08-26 04:19:50,SOLUSDT,bid,160,6517.0
2024-08-26 04:19:51,SOLUSDT,bid,160,6540.0
2024-08-26 04:19:51,SOLUSDT,bid,160,6772.0
2024-08-26 04:19:51,SOLUSDT,bid,160,6772.0
2024-08-26 04:19:55,SOLUSDT,bid,160,6369.0
2024-08-26 04:19:55,SOLUSDT,bid,160,6647.0
2024-08-26 04:19:58,SOLUSDT,bid,160,6270.0
2024-08-26 04:19:59,SOLUSDT,bid,160,6268.0
2024-08-26 04:19:59,SOLUSDT,bid,160,12013.0
2024-08-26 04:20:01,SOLUSDT,bid,160,6739.0
2024-08-26 04:20:01,SOLUSDT,bid,160,6583.0
2024-08-26 04:20:01,SOLUSDT,bid,160,12113.0
2024-08-26 04:20:01,SOLUSDT,bid,160,6607.0
2024-08-26 04:20:01,SOLUSDT,bid,160,6611.0
2024-08-26 04:20:01,SOLUSDT,bid,160,6275.0
2024-08-26 04:20:02,SOLUSDT,bid,160,6607.0
2024-08-26 04:20:02,SOLUSDT,bid,160,12013.0
2024-08-26 04:20:03,SOLUSDT,bid,160,12065.0
2024-08-26 04:20:03,SOLUSDT,bid,160,12066.0
2024-08-26 04:20:04,SOLUSDT,bid,160,12010.0
2024-08-26 04:20:04,SOLUSDT,bid,160,6591.0
2024-08-26 04:21:19,SOLUSDT,bid,160,6271.0
2024-08-26 04:21:21,SOLUSDT,bid,160,6791.0
2024-08-26 04:21:28,SOLUSDT,bid,160,7042.0
2024-08-26 04:21:31,SOLUSDT,bid,160,6301.0
2024-08-26 04:21:33,SOLUSDT,bid,160,6237.0
2024-08-26 04:21:38,SOLUSDT,bid,160,6324.0
2024-08-26 04:21:39,SOLUSDT,bid,160,6447.0
2024-08-26 04:21:39,SOLUSDT,bid,160,6308.0
2024-08-26 04:21:40,SOLUSDT,bid,160,6248.0
2024-08-26 04:21:40,SOLUSDT,bid,160,6249.0
2024-08-26 04:21:40,SOLUSDT,bid,160,6300.0
2024-08-26 04:21:41,SOLUSDT,bid,160,12012.0
2024-08-26 04:21:41,SOLUSDT,bid,160,11968.0
2024-08-26 04:21:42,SOLUSDT,bid,160,6444.0
2024-08-26 04:21:42,SOLUSDT,bid,160,6792.0
2024-08-26 04:21:42,SOLUSDT,bid,160,6291.0
2024-08-26 04:21:42,SOLUSDT,bid,160,11968.0
2024-08-26 04:21:42,SOLUSDT,bid,160,6268.0
2024-08-26 04:21:42,SOLUSDT,bid,160,6261.0
2024-08-26 04:21:43,SOLUSDT,bid,160,6270.0
2024-08-26 04:21:43,SOLUSDT,bid,160,11980.0
2024-08-26 04:21:44,SOLUSDT,bid,160,12100.0
2024-08-26 04:21:44,SOLUSDT,bid,160,12088.0
2024-08-26 04:21:44,SOLUSDT,bid,160,11968.0
2024-08-26 04:21:44,SOLUSDT,bid,160,6266.0
2024-08-26 04:21:45,SOLUSDT,bid,160,6240.0
2024-08-26 04:21:52,SOLUSDT,ask,161,6718.0
2024-08-26 04:21:55,SOLUSDT,ask,161,6536.0
2024-08-26 04:21:55,SOLUSDT,ask,161,6718.0
2024-08-26 04:21:57,SOLUSDT,ask,161,6429.0
2024-08-26 04:21:57,SOLUSDT,ask,161,6255.0
2024-08-26 04:40:53,SOLUSDT,ask,161,6450.0
2024-08-26 04:40:56,SOLUSDT,ask,161,6339.0
2024-08-26 04:40:56,SOLUSDT,ask,161,6575.0
2024-08-26 04:40:56,SOLUSDT,ask,161,6575.0
2024-08-26 04:40:58,SOLUSDT,ask,161,6229.0
2024-08-26 04:40:59,SOLUSDT,ask,161,6254.0
2024-08-26 04:41:01,SOLUSDT,ask,161,6285.0
2024-08-26 05:05:49,SOLUSDT,bid,161,6206.0
2024-08-26 05:27:42,SOLUSDT,ask,161,6753.0
2024-08-26 04:37:31,SOLUSDT,bid,160,6791.0
2024-08-26 04:37:39,SOLUSDT,bid,160,6224.0
2024-08-26 04:37:39,SOLUSDT,bid,160,6224.0
2024-08-26 04:37:44,SOLUSDT,bid,160,6225.0
2024-08-26 04:37:49,SOLUSDT,bid,160,6229.0
2024-08-26 04:37:56,SOLUSDT,ask,160,6338.0
2024-08-26 04:37:58,SOLUSDT,bid,160,6277.0
2024-08-26 04:37:58,SOLUSDT,ask,160,6410.0
2024-08-26 04:37:58,SOLUSDT,ask,160,6400.0
2024-08-26 04:37:59,SOLUSDT,ask,160,6555.0
2024-08-26 04:37:59,SOLUSDT,ask,160,6400.0
2024-08-26 04:37:59,SOLUSDT,ask,160,6555.0
2024-08-26 04:37:59,SOLUSDT,ask,160,6410.0
2024-08-26 04:38:00,SOLUSDT,ask,160,6400.0
2024-08-26 04:38:00,SOLUSDT,ask,160,6375.0
2024-08-26 04:38:14,SOLUSDT,bid,160,6269.0
2024-08-26 04:38:14,SOLUSDT,bid,160,6265.0
2024-08-26 04:38:16,SOLUSDT,bid,160,6266.0
2024-08-26 04:39:44,SOLUSDT,bid,160,6657.0
2024-08-26 04:39:44,SOLUSDT,bid,160,6528.0
2024-08-26 04:39:44,SOLUSDT,bid,160,6528.0
2024-08-26 04:39:45,SOLUSDT,bid,160,6580.0
2024-08-26 04:39:47,SOLUSDT,bid,160,6445.0
2024-08-26 04:39:48,SOLUSDT,bid,160,6439.0
2024-08-26 04:39:50,SOLUSDT,bid,160,6298.0
2024-08-26 04:40:01,SOLUSDT,bid,160,6255.0
2024-08-26 04:40:01,SOLUSDT,bid,160,6272.0
2024-08-26 04:40:02,SOLUSDT,bid,160,6317.0
2024-08-26 04:40:06,SOLUSDT,bid,160,6397.0
2024-08-26 04:40:07,SOLUSDT,bid,160,6329.0
2024-08-26 04:40:10,SOLUSDT,bid,160,6323.0
2024-08-26 04:40:10,SOLUSDT,bid,160,6318.0
2024-08-26 04:40:10,SOLUSDT,bid,160,6464.0
2024-08-26 04:40:10,SOLUSDT,bid,160,6266.0
2024-08-26 04:40:11,SOLUSDT,bid,160,6526.0
2024-08-26 04:40:12,SOLUSDT,bid,160,6423.0
2024-08-26 04:40:12,SOLUSDT,bid,160,6464.0
2024-08-26 04:40:14,SOLUSDT,bid,160,6290.0
2024-08-26 04:40:14,SOLUSDT,bid,160,6260.0
2024-08-26 04:40:14,SOLUSDT,bid,160,6320.0
2024-08-26 04:40:14,SOLUSDT,bid,160,6626.0
2024-08-26 04:40:14,SOLUSDT,bid,160,6277.0
2024-08-26 04:40:15,SOLUSDT,bid,160,6279.0
2024-08-26 04:40:15,SOLUSDT,bid,160,6336.0
2024-08-26 05:30:06,SOLUSDT,ask,161,6297.0
2024-08-26 05:36:27,SOLUSDT,bid,160,6454.0
2024-08-26 05:36:34,SOLUSDT,bid,160,6236.0
2024-08-26 05:36:34,SOLUSDT,bid,160,6475.0
2024-08-26 05:36:35,SOLUSDT,bid,160,6236.0
2024-08-26 05:36:37,SOLUSDT,bid,160,6258.0
2024-08-26 05:36:45,SOLUSDT,bid,160,6338.0
2024-08-26 05:36:49,SOLUSDT,bid,160,6257.0
2024-08-26 05:36:50,SOLUSDT,bid,160,6256.0
2024-08-26 05:37:00,SOLUSDT,bid,160,6337.0
2024-08-26 05:37:03,SOLUSDT,bid,160,11933.0
2024-08-26 05:37:04,SOLUSDT,bid,160,17895.0
2024-08-26 05:37:06,SOLUSDT,bid,160,6304.0
2024-08-26 05:37:06,SOLUSDT,bid,160,6284.0
2024-08-26 05:37:06,SOLUSDT,bid,160,17892.0
2024-08-26 05:37:07,SOLUSDT,bid,160,6971.0
2024-08-26 05:37:08,SOLUSDT,bid,160,6336.0
2024-08-26 05:37:08,SOLUSDT,bid,160,6863.0
2024-08-26 05:37:10,SOLUSDT,bid,160,6336.0
2024-08-26 05:37:12,SOLUSDT,bid,160,17916.0
2024-08-26 05:37:18,SOLUSDT,ask,160,11997.0
2024-08-26 05:37:20,SOLUSDT,ask,160,6776.0
2024-08-26 05:37:23,SOLUSDT,ask,160,6257.0
2024-08-26 05:37:26,SOLUSDT,ask,160,11994.0
2024-08-26 05:37:37,SOLUSDT,ask,160,6382.0
2024-08-26 05:37:38,SOLUSDT,ask,160,6231.0
2024-08-26 05:37:38,SOLUSDT,ask,160,6227.0
2024-08-26 05:37:39,SOLUSDT,ask,160,6451.0
2024-08-26 05:37:39,SOLUSDT,ask,160,6362.0
2024-08-26 05:37:39,SOLUSDT,ask,160,6448.0
2024-08-26 05:37:40,SOLUSDT,ask,160,6395.0
2024-08-26 05:37:43,SOLUSDT,ask,160,6396.0
2024-08-26 05:37:47,SOLUSDT,ask,160,6265.0
2024-08-26 05:38:17,SOLUSDT,ask,160,6253.0
2024-08-26 05:38:18,SOLUSDT,ask,160,6272.0
2024-08-26 05:38:18,SOLUSDT,ask,160,6654.0
2024-08-26 05:38:19,SOLUSDT,ask,160,6575.0
2024-08-26 05:38:19,SOLUSDT,ask,160,6494.0
2024-08-26 05:38:21,SOLUSDT,ask,160,6495.0
2024-08-26 05:38:21,SOLUSDT,ask,160,6247.0
2024-08-26 05:38:21,SOLUSDT,ask,160,6494.0
2024-08-26 05:38:21,SOLUSDT,ask,160,6261.0
2024-08-26 05:38:21,SOLUSDT,ask,160,6556.0
2024-08-26 05:38:22,SOLUSDT,ask,160,6322.0
2024-08-26 05:38:24,SOLUSDT,ask,160,6221.0
2024-08-26 05:38:25,SOLUSDT,ask,160,6267.0
2024-08-26 05:38:25,SOLUSDT,ask,160,6292.0
2024-08-26 05:38:26,SOLUSDT,ask,160,6310.0
2024-08-26 05:38:27,SOLUSDT,ask,160,6308.0
2024-08-26 05:38:27,SOLUSDT,ask,160,6309.0
2024-08-26 05:38:28,SOLUSDT,ask,160,6365.0
2024-08-26 05:38:29,SOLUSDT,ask,160,6309.0
2024-08-26 05:38:30,SOLUSDT,ask,160,6283.0
2024-08-26 05:38:31,SOLUSDT,ask,160,12086.0
2024-08-26 05:38:31,SOLUSDT,ask,160,11971.0
2024-08-26 05:38:31,SOLUSDT,ask,160,11983.0
2024-08-26 05:38:31,SOLUSDT,ask,160,11930.0
2024-08-26 05:38:32,SOLUSDT,ask,160,11918.0
2024-08-26 05:38:32,SOLUSDT,ask,160,11920.0
2024-08-26 05:38:32,SOLUSDT,ask,160,6258.0
2024-08-26 05:38:34,SOLUSDT,ask,160,11923.0
2024-08-26 05:38:35,SOLUSDT,ask,160,11923.0
2024-08-26 05:38:50,SOLUSDT,bid,160,6476.0
2024-08-26 05:38:50,SOLUSDT,bid,160,6363.0
2024-08-26 05:38:50,SOLUSDT,bid,160,6373.0
2024-08-26 05:38:52,SOLUSDT,bid,160,6799.0
2024-08-26 05:38:52,SOLUSDT,bid,160,6966.0
2024-08-26 05:38:52,SOLUSDT,bid,160,6966.0
2024-08-26 05:38:53,SOLUSDT,bid,160,6363.0
2024-08-26 05:38:53,SOLUSDT,bid,160,6472.0
2024-08-26 05:38:54,SOLUSDT,bid,160,6278.0
2024-08-26 05:38:54,SOLUSDT,bid,160,6278.0
2024-08-26 05:38:58,SOLUSDT,bid,160,6232.0
2024-08-26 05:38:59,SOLUSDT,bid,160,6287.0
2024-08-26 05:39:03,SOLUSDT,bid,160,6333.0
2024-08-26 05:39:06,SOLUSDT,bid,160,6381.0
2024-08-26 05:39:31,SOLUSDT,bid,160,6259.0
2024-08-26 05:39:33,SOLUSDT,bid,160,6314.0
2024-08-26 05:39:34,SOLUSDT,bid,160,6250.0
2024-08-26 05:39:34,SOLUSDT,bid,160,6455.0
2024-08-26 05:39:35,SOLUSDT,bid,160,6254.0
2024-08-26 05:39:36,SOLUSDT,bid,160,6280.0
2024-08-26 05:39:36,SOLUSDT,bid,160,6282.0
2024-08-26 05:39:39,SOLUSDT,bid,160,6358.0
2024-08-26 05:39:40,SOLUSDT,ask,160,6275.0
2024-08-26 05:39:40,SOLUSDT,ask,160,6329.0
2024-08-26 05:39:48,SOLUSDT,bid,160,6281.0
2024-08-26 05:39:49,SOLUSDT,bid,160,6286.0
2024-08-26 05:39:50,SOLUSDT,bid,160,6483.0
2024-08-26 05:39:50,SOLUSDT,bid,160,6480.0
2024-08-26 05:40:36,SOLUSDT,bid,160,6552.0
2024-08-26 05:40:36,SOLUSDT,bid,160,6555.0
2024-08-26 05:40:36,SOLUSDT,bid,160,6552.0
2024-08-26 05:40:37,SOLUSDT,bid,160,6535.0
2024-08-26 05:40:37,SOLUSDT,bid,160,6260.0
2024-08-26 05:40:37,SOLUSDT,bid,160,6538.0
2024-08-26 05:40:38,SOLUSDT,bid,160,6535.0
2024-08-26 05:40:38,SOLUSDT,bid,160,6538.0
2024-08-26 05:40:38,SOLUSDT,bid,160,6553.0
2024-08-26 05:40:38,SOLUSDT,bid,160,6253.0
2024-08-26 05:40:39,SOLUSDT,bid,160,6558.0
2024-08-26 05:40:39,SOLUSDT,bid,160,6319.0
2024-08-26 05:40:39,SOLUSDT,bid,160,6456.0
2024-08-26 05:40:39,SOLUSDT,bid,160,6413.0
2024-08-26 05:40:42,SOLUSDT,ask,160,6298.0
2024-08-26 05:42:56,SOLUSDT,bid,160,6529.0
2024-08-26 05:42:56,SOLUSDT,bid,160,6517.0
2024-08-26 05:42:56,SOLUSDT,bid,160,6520.0
2024-08-26 05:42:57,SOLUSDT,bid,160,6517.0
2024-08-26 05:42:57,SOLUSDT,bid,160,6520.0
2024-08-26 05:42:58,SOLUSDT,bid,160,6665.0
2024-08-26 05:42:58,SOLUSDT,bid,160,6658.0
2024-08-26 05:43:02,SOLUSDT,bid,160,6260.0
2024-08-26 05:43:17,SOLUSDT,bid,160,7218.0
2024-08-26 05:43:18,SOLUSDT,bid,160,7574.0
2024-08-26 05:43:19,SOLUSDT,bid,160,7460.0
2024-08-26 05:43:24,SOLUSDT,bid,160,6302.0
2024-08-26 05:43:24,SOLUSDT,bid,160,6244.0
2024-08-26 05:43:24,SOLUSDT,bid,160,6341.0
2024-08-26 05:43:25,SOLUSDT,bid,160,7574.0
2024-08-26 06:10:39,SOLUSDT,bid,160,6513.0
2024-08-26 06:10:41,SOLUSDT,bid,160,6244.0
2024-08-26 06:10:41,SOLUSDT,bid,160,6252.0
2024-08-26 06:10:42,SOLUSDT,bid,160,7599.0
2024-08-26 06:10:44,SOLUSDT,bid,160,6249.0
2024-08-26 06:10:51,SOLUSDT,bid,160,6238.0
2024-08-26 06:10:52,SOLUSDT,bid,160,6251.0
2024-08-26 06:10:55,SOLUSDT,ask,161,6807.0
2024-08-26 06:10:55,SOLUSDT,ask,161,7633.0
2024-08-26 06:10:56,SOLUSDT,ask,161,6221.0
2024-08-26 06:10:59,SOLUSDT,ask,160,6261.0
2024-08-26 06:11:02,SOLUSDT,ask,161,6220.0
2024-08-26 06:11:03,SOLUSDT,ask,161,6226.0
2024-08-26 06:11:05,SOLUSDT,ask,161,6661.0
2024-08-26 06:13:24,SOLUSDT,ask,161,6666.0
2024-08-26 06:13:26,SOLUSDT,ask,161,6616.0
2024-08-26 06:13:26,SOLUSDT,ask,161,6648.0
2024-08-26 06:13:56,SOLUSDT,ask,161,6622.0
2024-08-26 06:14:19,SOLUSDT,ask,161,6765.0
2024-08-26 06:14:31,SOLUSDT,ask,161,6347.0
2024-08-26 06:14:37,SOLUSDT,ask,161,6314.0
2024-08-26 06:14:39,SOLUSDT,ask,161,6341.0
2024-08-26 06:14:39,SOLUSDT,ask,161,6341.0
2024-08-26 06:14:40,SOLUSDT,ask,161,6334.0
2024-08-26 06:14:41,SOLUSDT,ask,161,6334.0
2024-08-26 06:14:41,SOLUSDT,ask,161,6352.0
2024-08-26 06:14:41,SOLUSDT,ask,161,6352.0
2024-08-26 06:14:42,SOLUSDT,ask,161,6365.0
2024-08-26 06:14:43,SOLUSDT,ask,161,6365.0
2024-08-26 06:14:44,SOLUSDT,ask,161,6353.0
2024-08-26 06:15:09,SOLUSDT,ask,161,6514.0
2024-08-26 06:15:13,SOLUSDT,ask,161,6371.0
2024-08-26 06:15:54,SOLUSDT,ask,161,6373.0
2024-08-26 06:15:55,SOLUSDT,ask,161,6312.0
2024-08-26 04:15:14,SOLUSDT,bid,159,6354.0
2024-08-26 04:15:21,SOLUSDT,bid,159,6284.0
2024-08-26 04:15:26,SOLUSDT,bid,159,7043.0
2024-08-26 04:15:27,SOLUSDT,bid,159,6441.0
2024-08-26 04:15:27,SOLUSDT,bid,159,6494.0
2024-08-26 04:15:27,SOLUSDT,bid,159,6431.0
2024-08-26 04:15:28,SOLUSDT,bid,159,6493.0
2024-08-26 04:15:28,SOLUSDT,bid,159,6474.0
2024-08-26 04:15:29,SOLUSDT,bid,159,6369.0
2024-08-26 04:15:36,SOLUSDT,bid,159,6274.0
2024-08-26 04:15:36,SOLUSDT,bid,159,6277.0
2024-08-26 04:15:36,SOLUSDT,bid,159,6525.0
2024-08-26 04:15:36,SOLUSDT,bid,159,7069.0
2024-08-26 04:15:36,SOLUSDT,bid,159,6410.0
2024-08-26 04:15:36,SOLUSDT,bid,159,6435.0
2024-08-26 04:15:37,SOLUSDT,bid,159,6438.0
2024-08-26 04:15:37,SOLUSDT,bid,159,6435.0
2024-08-26 04:15:37,SOLUSDT,bid,159,6276.0
2024-08-26 04:15:39,SOLUSDT,bid,159,6437.0
2024-08-26 04:15:39,SOLUSDT,bid,159,6273.0
2024-08-26 04:15:39,SOLUSDT,bid,159,6494.0
2024-08-26 04:15:41,SOLUSDT,bid,159,6733.0
2024-08-26 04:15:41,SOLUSDT,bid,159,6440.0
2024-08-26 04:15:42,SOLUSDT,bid,159,6437.0
2024-08-26 04:15:42,SOLUSDT,bid,159,6295.0
2024-08-26 04:15:44,SOLUSDT,bid,159,6473.0
2024-08-26 04:15:45,SOLUSDT,bid,159,6324.0
2024-08-26 04:15:47,SOLUSDT,bid,159,6292.0
2024-08-26 04:15:47,SOLUSDT,bid,159,6312.0
2024-08-26 04:15:47,SOLUSDT,bid,159,6310.0
2024-08-26 04:15:48,SOLUSDT,bid,159,6520.0
2024-08-26 04:15:48,SOLUSDT,bid,159,6508.0
2024-08-26 04:15:50,SOLUSDT,bid,159,6315.0
2024-08-26 04:15:53,SOLUSDT,bid,159,6307.0
2024-08-26 04:15:53,SOLUSDT,bid,159,6321.0
2024-08-26 04:15:53,SOLUSDT,bid,159,6412.0
2024-08-26 04:15:54,SOLUSDT,bid,159,6415.0
2024-08-26 04:15:54,SOLUSDT,bid,159,6320.0
2024-08-26 04:15:54,SOLUSDT,bid,159,6412.0
2024-08-26 04:15:54,SOLUSDT,bid,159,6433.0
2024-08-26 04:16:27,SOLUSDT,ask,159,6338.0
2024-08-26 04:16:33,SOLUSDT,ask,159,6318.0
2024-08-26 04:16:38,SOLUSDT,ask,159,6345.0
2024-08-26 04:16:48,SOLUSDT,ask,159,6286.0
2024-08-26 04:16:49,SOLUSDT,ask,159,6280.0
2024-08-26 04:16:50,SOLUSDT,ask,159,6276.0
2024-08-26 04:16:50,SOLUSDT,bid,159,6285.0
2024-08-26 04:16:51,SOLUSDT,ask,159,6273.0
2024-08-26 04:19:41,SOLUSDT,bid,159,6330.0
2024-08-26 04:19:45,SOLUSDT,bid,159,6296.0
2024-08-26 04:19:50,SOLUSDT,bid,159,6270.0
2024-08-26 06:36:34,SOLUSDT,bid,159,6484.0
2024-08-26 06:36:34,SOLUSDT,bid,159,6497.0
2024-08-26 06:36:34,SOLUSDT,bid,159,6505.0
2024-08-26 06:36:34,SOLUSDT,bid,159,6505.0
2024-08-26 06:36:35,SOLUSDT,bid,159,6505.0
2024-08-26 06:36:35,SOLUSDT,bid,159,6511.0
2024-08-26 06:36:35,SOLUSDT,bid,159,6505.0
2024-08-26 06:36:35,SOLUSDT,bid,159,6524.0
2024-08-26 06:36:35,SOLUSDT,bid,159,6505.0
2024-08-26 06:36:36,SOLUSDT,bid,159,6525.0
2024-08-26 06:36:40,SOLUSDT,bid,159,6296.0
2024-08-26 06:36:43,SOLUSDT,bid,160,6324.0
2024-08-26 06:36:44,SOLUSDT,bid,159,6493.0
2024-08-26 06:36:46,SOLUSDT,bid,159,6335.0
2024-08-26 06:36:47,SOLUSDT,bid,159,6335.0
2024-08-26 06:36:47,SOLUSDT,bid,160,12040.0
2024-08-26 06:36:48,SOLUSDT,bid,160,12028.0
2024-08-26 06:36:49,SOLUSDT,bid,159,6283.0
2024-08-26 06:36:49,SOLUSDT,bid,159,6285.0
2024-08-26 06:36:53,SOLUSDT,bid,160,6354.0
2024-08-26 06:36:53,SOLUSDT,bid,160,6345.0
2024-08-26 06:36:54,SOLUSDT,bid,160,6291.0
2024-08-26 06:36:54,SOLUSDT,bid,160,6315.0
2024-08-26 06:36:55,SOLUSDT,bid,159,6420.0
2024-08-26 06:36:55,SOLUSDT,bid,159,6425.0
2024-08-26 06:36:55,SOLUSDT,bid,159,6424.0
2024-08-26 06:36:55,SOLUSDT,bid,159,6426.0
2024-08-26 06:36:55,SOLUSDT,bid,159,6465.0
2024-08-26 06:36:55,SOLUSDT,bid,159,6426.0
2024-08-26 06:36:55,SOLUSDT,bid,159,6426.0
2024-08-26 06:36:56,SOLUSDT,bid,159,6548.0
2024-08-26 06:36:56,SOLUSDT,bid,159,6260.0
2024-08-26 06:36:57,SOLUSDT,bid,159,6308.0
2024-08-26 06:36:57,SOLUSDT,bid,159,6328.0
2024-08-26 06:37:04,SOLUSDT,bid,159,6383.0
2024-08-26 06:37:04,SOLUSDT,bid,159,6297.0
2024-08-26 06:37:04,SOLUSDT,bid,159,6383.0
2024-08-26 06:37:05,SOLUSDT,bid,159,6383.0
2024-08-26 06:37:07,SOLUSDT,bid,159,6390.0
2024-08-26 06:37:09,SOLUSDT,bid,159,6320.0
2024-08-26 06:37:10,SOLUSDT,bid,159,6304.0
2024-08-26 06:37:10,SOLUSDT,bid,159,6281.0
2024-08-26 06:37:10,SOLUSDT,bid,159,6319.0
2024-08-26 06:37:10,SOLUSDT,bid,160,12091.0
2024-08-26 06:37:10,SOLUSDT,bid,160,12236.0
2024-08-26 06:37:11,SOLUSDT,bid,160,12259.0
2024-08-26 06:37:11,SOLUSDT,bid,160,12260.0
2024-08-26 06:37:11,SOLUSDT,bid,160,12207.0
2024-08-26 06:37:12,SOLUSDT,bid,160,12216.0
2024-08-26 06:37:12,SOLUSDT,bid,160,12222.0
2024-08-26 06:37:12,SOLUSDT,bid,160,18099.0
2024-08-26 06:37:12,SOLUSDT,bid,160,12195.0
2024-08-26 06:37:13,SOLUSDT,bid,159,6726.0
2024-08-26 06:37:14,SOLUSDT,bid,159,6293.0
2024-08-26 06:37:14,SOLUSDT,bid,159,6340.0
2024-08-26 06:37:14,SOLUSDT,bid,159,6336.0
2024-08-26 06:37:14,SOLUSDT,bid,159,6337.0
2024-08-26 06:37:15,SOLUSDT,bid,159,6336.0
2024-08-26 06:37:15,SOLUSDT,bid,159,6350.0
2024-08-25 20:11:01,SOLUSDT,ask,158,36113.0
2024-08-25 20:11:01,SOLUSDT,ask,158,36193.0
2024-08-25 20:11:01,SOLUSDT,ask,158,36192.0
2024-08-25 20:11:01,SOLUSDT,ask,158,36223.0
2024-08-25 20:11:02,SOLUSDT,ask,158,36177.0
2024-08-25 20:11:02,SOLUSDT,ask,158,36114.0
2024-08-25 20:11:02,SOLUSDT,ask,158,36114.0
2024-08-25 20:11:03,SOLUSDT,ask,158,36120.0
2024-08-25 20:11:04,SOLUSDT,ask,158,36114.0
2024-08-25 20:11:07,SOLUSDT,ask,158,36117.0
2024-08-25 20:11:07,SOLUSDT,ask,158,36114.0
2024-08-25 20:11:07,SOLUSDT,ask,158,36123.0
2024-08-25 20:11:08,SOLUSDT,ask,158,36178.0
2024-08-25 20:11:08,SOLUSDT,ask,158,36180.0
2024-08-25 20:11:08,SOLUSDT,ask,158,36244.0
2024-08-25 20:11:08,SOLUSDT,ask,158,36233.0
2024-08-25 20:11:08,SOLUSDT,ask,158,36127.0
2024-08-25 20:11:09,SOLUSDT,ask,158,36114.0
2024-08-25 20:11:09,SOLUSDT,ask,158,36114.0
2024-08-25 20:11:09,SOLUSDT,ask,158,36114.0
2024-08-25 20:11:09,SOLUSDT,ask,158,36069.0
2024-08-25 20:11:10,SOLUSDT,ask,158,36088.0
2024-08-25 20:11:10,SOLUSDT,ask,158,36088.0
2024-08-25 20:11:11,SOLUSDT,ask,158,36069.0
2024-08-25 20:11:13,SOLUSDT,ask,158,36094.0
2024-08-25 20:11:13,SOLUSDT,ask,158,36312.0
2024-08-25 20:11:16,SOLUSDT,ask,158,36190.0
2024-08-25 20:11:16,SOLUSDT,ask,158,36113.0
2024-08-25 20:11:18,SOLUSDT,ask,158,36088.0
2024-08-25 20:11:19,SOLUSDT,ask,158,36072.0
2024-08-25 20:11:20,SOLUSDT,ask,158,36069.0
2024-08-25 20:11:22,SOLUSDT,ask,158,36101.0
2024-08-25 20:11:22,SOLUSDT,ask,158,36069.0
2024-08-25 20:11:25,SOLUSDT,ask,158,36101.0
2024-08-25 20:11:25,SOLUSDT,ask,158,36082.0
2024-08-25 20:11:25,SOLUSDT,ask,158,36069.0
2024-08-25 20:11:26,SOLUSDT,ask,158,36070.0
2024-08-25 20:11:28,SOLUSDT,ask,158,36069.0
2024-08-25 20:11:33,SOLUSDT,ask,158,36069.0
2024-08-25 20:11:35,SOLUSDT,ask,158,36073.0
2024-08-25 20:11:35,SOLUSDT,ask,158,36069.0
2024-08-25 20:11:36,SOLUSDT,ask,158,36069.0
2024-08-25 20:11:36,SOLUSDT,ask,158,36073.0
2024-08-25 20:11:36,SOLUSDT,ask,158,36069.0
2024-08-25 20:11:42,SOLUSDT,ask,158,36082.0
2024-08-25 20:11:48,SOLUSDT,ask,158,36075.0
2024-08-25 20:11:50,SOLUSDT,ask,158,36076.0
2024-08-25 20:12:02,SOLUSDT,ask,158,36090.0
2024-08-25 20:12:02,SOLUSDT,ask,158,36089.0
2024-08-25 20:12:08,SOLUSDT,ask,158,36075.0
2024-08-25 20:12:24,SOLUSDT,ask,158,36085.0
2024-08-25 20:13:05,SOLUSDT,ask,158,36088.0
2024-08-25 20:13:16,SOLUSDT,ask,158,36099.0
2024-08-25 20:13:16,SOLUSDT,ask,158,36088.0
2024-08-25 20:13:18,SOLUSDT,ask,158,36174.0
2024-08-25 20:13:18,SOLUSDT,ask,158,36089.0
2024-08-25 20:13:18,SOLUSDT,ask,158,36100.0
2024-08-25 20:13:18,SOLUSDT,ask,158,36090.0
2024-08-25 20:13:19,SOLUSDT,ask,158,36216.0
2024-08-25 20:13:19,SOLUSDT,ask,158,36216.0
2024-08-25 20:13:19,SOLUSDT,ask,158,36260.0
2024-08-25 20:13:20,SOLUSDT,ask,158,36229.0
2024-08-25 20:13:20,SOLUSDT,ask,158,36216.0
2024-08-25 20:13:21,SOLUSDT,ask,158,36242.0
2024-08-25 20:13:21,SOLUSDT,ask,158,36242.0
2024-08-25 20:13:21,SOLUSDT,ask,158,36241.0
2024-08-25 20:13:21,SOLUSDT,ask,158,36250.0
2024-08-25 20:13:22,SOLUSDT,ask,158,36205.0
2024-08-25 20:13:23,SOLUSDT,ask,158,36205.0
2024-08-25 20:13:27,SOLUSDT,ask,158,36208.0
2024-08-25 20:13:28,SOLUSDT,ask,158,36365.0
2024-08-25 20:13:28,SOLUSDT,ask,158,36208.0
2024-08-25 20:13:28,SOLUSDT,ask,158,36205.0
2024-08-25 20:13:37,SOLUSDT,ask,158,36227.0
2024-08-25 20:13:38,SOLUSDT,ask,158,36205.0
2024-08-25 20:13:38,SOLUSDT,ask,158,36227.0
2024-08-25 20:13:38,SOLUSDT,ask,158,36205.0
2024-08-25 20:13:39,SOLUSDT,ask,158,36240.0
2024-08-25 20:13:39,SOLUSDT,ask,158,36255.0
2024-08-25 20:13:39,SOLUSDT,ask,158,36252.0
2024-08-25 20:13:43,SOLUSDT,ask,158,36069.0
2024-08-25 20:13:43,SOLUSDT,ask,158,36101.0
2024-08-25 20:13:43,SOLUSDT,ask,158,35868.0
2024-08-25 20:13:43,SOLUSDT,ask,158,35902.0
2024-08-25 20:13:43,SOLUSDT,ask,158,35903.0
2024-08-25 20:13:43,SOLUSDT,ask,158,35894.0
2024-08-25 20:13:43,SOLUSDT,ask,158,35901.0
2024-08-25 20:13:44,SOLUSDT,ask,158,35902.0
2024-08-25 20:13:44,SOLUSDT,ask,158,35896.0
2024-08-25 20:13:44,SOLUSDT,ask,158,35897.0
2024-08-25 20:13:45,SOLUSDT,ask,158,35903.0
2024-08-25 20:13:45,SOLUSDT,ask,158,35903.0
2024-08-25 20:13:45,SOLUSDT,ask,158,35899.0
2024-08-25 20:13:45,SOLUSDT,ask,158,35905.0
2024-08-25 20:13:46,SOLUSDT,ask,158,35904.0
2024-08-25 20:13:46,SOLUSDT,ask,158,35898.0
2024-08-25 20:13:47,SOLUSDT,ask,158,35897.0
2024-08-25 20:13:47,SOLUSDT,ask,158,35895.0
2024-08-25 20:13:47,SOLUSDT,ask,158,35898.0
2024-08-25 20:13:48,SOLUSDT,ask,158,35899.0
2024-08-25 20:13:49,SOLUSDT,ask,158,35897.0
2024-08-25 20:13:49,SOLUSDT,ask,158,35902.0
2024-08-25 20:13:49,SOLUSDT,ask,158,35905.0
2024-08-25 20:13:49,SOLUSDT,ask,158,35906.0
2024-08-25 20:13:49,SOLUSDT,ask,158,35901.0
2024-08-25 20:13:49,SOLUSDT,ask,158,35905.0
2024-08-25 20:13:49,SOLUSDT,ask,158,35903.0
2024-08-25 20:13:50,SOLUSDT,ask,158,35901.0
2024-08-25 20:13:50,SOLUSDT,ask,158,35898.0
2024-08-25 20:13:50,SOLUSDT,ask,158,35899.0
2024-08-25 20:13:51,SOLUSDT,ask,158,35916.0
2024-08-25 20:13:51,SOLUSDT,ask,158,35914.0
2024-08-25 20:13:51,SOLUSDT,ask,158,35915.0
2024-08-25 20:13:51,SOLUSDT,ask,158,35802.0
2024-08-25 20:13:51,SOLUSDT,ask,158,35784.0
2024-08-25 20:13:52,SOLUSDT,ask,158,35764.0
2024-08-25 20:13:52,SOLUSDT,ask,158,35759.0
2024-08-25 20:13:52,SOLUSDT,ask,158,35763.0
2024-08-25 20:13:52,SOLUSDT,ask,158,35748.0
2024-08-25 20:13:53,SOLUSDT,ask,158,35686.0
2024-08-25 20:13:53,SOLUSDT,ask,158,35681.0
2024-08-25 20:13:53,SOLUSDT,ask,158,35673.0
2024-08-25 20:13:53,SOLUSDT,ask,158,35676.0
2024-08-25 20:13:53,SOLUSDT,ask,158,35670.0
2024-08-25 20:13:53,SOLUSDT,ask,158,35673.0
2024-08-25 20:13:53,SOLUSDT,ask,158,35633.0
2024-08-25 20:13:54,SOLUSDT,ask,158,35613.0
2024-08-25 20:13:54,SOLUSDT,ask,158,35610.0
2024-08-25 20:13:54,SOLUSDT,ask,158,35622.0
2024-08-25 20:13:55,SOLUSDT,ask,158,35619.0
2024-08-25 20:13:55,SOLUSDT,ask,158,35621.0
2024-08-25 20:13:56,SOLUSDT,ask,158,35620.0
2024-08-25 20:13:56,SOLUSDT,ask,158,35617.0
2024-08-25 20:13:56,SOLUSDT,ask,158,35611.0
2024-08-25 20:13:56,SOLUSDT,ask,158,35618.0
2024-08-25 20:13:58,SOLUSDT,ask,158,35568.0
2024-08-25 20:13:58,SOLUSDT,ask,158,35570.0
2024-08-25 20:13:59,SOLUSDT,ask,158,35561.0
2024-08-25 20:13:59,SOLUSDT,ask,158,35547.0
2024-08-25 20:13:59,SOLUSDT,ask,158,35544.0
2024-08-25 20:13:59,SOLUSDT,ask,158,35543.0
2024-08-25 20:14:00,SOLUSDT,ask,158,35540.0
2024-08-25 20:14:00,SOLUSDT,ask,158,35543.0
2024-08-25 20:14:00,SOLUSDT,ask,158,35544.0
2024-08-25 20:14:00,SOLUSDT,ask,158,35541.0
2024-08-25 20:14:00,SOLUSDT,ask,158,35545.0
2024-08-25 20:14:01,SOLUSDT,ask,158,35544.0
2024-08-25 20:14:02,SOLUSDT,ask,158,35543.0
2024-08-25 20:14:03,SOLUSDT,ask,158,35540.0
2024-08-25 20:14:03,SOLUSDT,ask,158,35499.0
2024-08-25 20:14:03,SOLUSDT,ask,158,35486.0
2024-08-25 20:14:03,SOLUSDT,ask,158,35574.0
2024-08-25 20:14:03,SOLUSDT,ask,158,35573.0
2024-08-25 20:14:03,SOLUSDT,ask,158,35571.0
2024-08-25 20:14:04,SOLUSDT,ask,158,35545.0
2024-08-25 20:14:04,SOLUSDT,ask,158,35527.0
2024-08-25 20:14:04,SOLUSDT,ask,158,35549.0
2024-08-25 20:14:04,SOLUSDT,ask,158,35551.0
2024-08-25 20:14:04,SOLUSDT,ask,158,35544.0
2024-08-25 20:14:04,SOLUSDT,ask,158,35539.0
2024-08-25 20:14:04,SOLUSDT,ask,158,35531.0
2024-08-25 20:14:05,SOLUSDT,ask,158,35530.0
2024-08-25 20:14:05,SOLUSDT,ask,158,35486.0
2024-08-25 20:14:05,SOLUSDT,ask,158,35390.0
2024-08-25 20:14:05,SOLUSDT,ask,158,35389.0
2024-08-25 20:14:05,SOLUSDT,ask,158,35383.0
2024-08-25 20:14:05,SOLUSDT,ask,158,35384.0
2024-08-25 20:14:06,SOLUSDT,ask,158,35386.0
2024-08-25 20:14:06,SOLUSDT,ask,158,35382.0
2024-08-25 20:14:07,SOLUSDT,ask,158,35397.0
2024-08-25 20:14:07,SOLUSDT,ask,158,35400.0
2024-08-25 20:14:08,SOLUSDT,ask,158,35400.0
2024-08-25 20:14:08,SOLUSDT,ask,158,35401.0
2024-08-25 20:14:08,SOLUSDT,ask,158,35353.0
2024-08-25 20:14:09,SOLUSDT,ask,158,35359.0
2024-08-25 20:14:09,SOLUSDT,ask,158,35453.0
2024-08-25 20:14:09,SOLUSDT,ask,158,35438.0
2024-08-25 20:14:09,SOLUSDT,ask,158,35475.0
2024-08-25 20:14:09,SOLUSDT,ask,158,35438.0
2024-08-25 20:14:09,SOLUSDT,ask,158,35435.0
2024-08-25 20:14:09,SOLUSDT,ask,158,35437.0
2024-08-25 20:14:10,SOLUSDT,ask,158,35435.0
2024-08-25 20:14:10,SOLUSDT,ask,158,35440.0
2024-08-25 20:14:10,SOLUSDT,ask,158,35445.0
2024-08-25 20:14:10,SOLUSDT,ask,158,35455.0
2024-08-25 20:14:11,SOLUSDT,ask,158,35449.0
2024-08-25 20:14:13,SOLUSDT,ask,158,35434.0
2024-08-25 20:14:15,SOLUSDT,ask,158,35466.0
2024-08-25 20:14:15,SOLUSDT,ask,158,35464.0
2024-08-25 20:14:17,SOLUSDT,ask,158,35459.0
2024-08-25 20:14:18,SOLUSDT,ask,158,35446.0
2024-08-25 20:14:19,SOLUSDT,ask,158,35432.0
2024-08-25 20:14:21,SOLUSDT,ask,158,35434.0
2024-08-25 20:14:23,SOLUSDT,ask,158,35426.0
2024-08-25 20:14:23,SOLUSDT,ask,158,35425.0
2024-08-25 20:14:23,SOLUSDT,ask,158,35405.0
2024-08-25 20:14:23,SOLUSDT,ask,158,35392.0
2024-08-25 20:14:27,SOLUSDT,ask,158,35392.0
2024-08-25 20:14:38,SOLUSDT,ask,158,35394.0
2024-08-25 20:14:40,SOLUSDT,ask,158,35396.0
2024-08-25 20:14:41,SOLUSDT,ask,158,35409.0
2024-08-25 20:14:47,SOLUSDT,ask,158,35407.0
2024-08-25 20:14:47,SOLUSDT,ask,158,35392.0
2024-08-25 20:14:47,SOLUSDT,ask,158,35395.0
2024-08-25 20:14:49,SOLUSDT,ask,158,35404.0
2024-08-25 20:14:50,SOLUSDT,ask,158,35401.0
2024-08-25 20:14:51,SOLUSDT,ask,158,35399.0
2024-08-25 20:14:52,SOLUSDT,ask,158,35390.0
2024-08-25 20:15:00,SOLUSDT,ask,158,35393.0
2024-08-25 20:15:01,SOLUSDT,ask,158,35338.0
2024-08-25 20:15:02,SOLUSDT,ask,158,35370.0
2024-08-25 20:15:02,SOLUSDT,ask,158,35338.0
2024-08-25 20:15:03,SOLUSDT,ask,158,35335.0
2024-08-25 20:15:10,SOLUSDT,ask,158,35346.0
2024-08-25 20:15:10,SOLUSDT,ask,158,35337.0
2024-08-25 20:15:10,SOLUSDT,ask,158,35335.0
2024-08-25 20:15:10,SOLUSDT,ask,158,35337.0
2024-08-25 20:15:11,SOLUSDT,ask,158,35335.0
2024-08-25 20:15:12,SOLUSDT,ask,158,35337.0
2024-08-25 20:15:13,SOLUSDT,ask,158,35339.0
2024-08-25 20:15:13,SOLUSDT,ask,158,35433.0
2024-08-25 20:15:14,SOLUSDT,ask,158,35339.0
2024-08-25 20:15:14,SOLUSDT,ask,158,35335.0
2024-08-25 20:15:14,SOLUSDT,ask,158,35338.0
2024-08-25 20:15:19,SOLUSDT,ask,158,35335.0
2024-08-25 20:15:19,SOLUSDT,ask,158,35337.0
2024-08-25 20:15:20,SOLUSDT,ask,158,35335.0
2024-08-25 20:15:21,SOLUSDT,ask,158,35337.0
2024-08-25 20:15:22,SOLUSDT,ask,158,35339.0
2024-08-25 20:15:23,SOLUSDT,ask,158,35335.0
2024-08-25 20:15:24,SOLUSDT,ask,158,35338.0
2024-08-25 20:15:26,SOLUSDT,ask,158,35335.0
2024-08-25 20:15:32,SOLUSDT,ask,158,35461.0
2024-08-25 20:15:32,SOLUSDT,ask,158,35335.0
2024-08-25 20:15:34,SOLUSDT,ask,158,35341.0
2024-08-25 20:15:34,SOLUSDT,ask,158,35344.0
2024-08-25 20:15:37,SOLUSDT,ask,158,35346.0
2024-08-25 20:15:39,SOLUSDT,ask,158,35313.0
2024-08-25 20:15:39,SOLUSDT,ask,158,35314.0
2024-08-25 20:15:49,SOLUSDT,ask,158,35308.0
2024-08-25 20:16:21,SOLUSDT,ask,158,35315.0
2024-08-25 20:16:22,SOLUSDT,ask,158,35308.0
2024-08-25 20:16:23,SOLUSDT,ask,158,35311.0
2024-08-25 20:16:31,SOLUSDT,ask,158,35307.0
2024-08-25 20:16:34,SOLUSDT,ask,158,35310.0
2024-08-25 20:16:34,SOLUSDT,ask,158,35307.0
2024-08-25 20:16:56,SOLUSDT,ask,158,35307.0
2024-08-25 20:17:03,SOLUSDT,ask,158,35307.0
2024-08-25 20:17:17,SOLUSDT,ask,158,35311.0
2024-08-25 20:17:22,SOLUSDT,ask,158,35307.0
2024-08-25 20:17:42,SOLUSDT,ask,158,35311.0
2024-08-25 20:17:42,SOLUSDT,ask,158,35307.0
2024-08-25 20:17:43,SOLUSDT,ask,158,35311.0
2024-08-25 20:17:44,SOLUSDT,ask,158,35351.0
2024-08-25 20:17:44,SOLUSDT,ask,158,35357.0
2024-08-25 20:17:44,SOLUSDT,ask,158,35307.0
2024-08-25 20:17:46,SOLUSDT,ask,158,35357.0
2024-08-25 20:17:47,SOLUSDT,ask,158,35307.0
2024-08-25 20:17:49,SOLUSDT,ask,158,35531.0
2024-08-25 20:17:49,SOLUSDT,ask,158,35307.0
2024-08-25 20:17:49,SOLUSDT,ask,158,35308.0
2024-08-25 20:17:49,SOLUSDT,ask,158,35312.0
2024-08-25 20:17:53,SOLUSDT,ask,158,35308.0
2024-08-25 20:17:56,SOLUSDT,ask,158,35352.0
2024-08-25 20:17:56,SOLUSDT,ask,158,35308.0
2024-08-25 20:17:58,SOLUSDT,ask,158,35310.0
2024-08-25 20:18:07,SOLUSDT,ask,158,35308.0
2024-08-25 20:18:07,SOLUSDT,ask,158,35339.0
2024-08-25 20:18:07,SOLUSDT,ask,158,35307.0
2024-08-25 20:18:09,SOLUSDT,ask,158,35262.0
2024-08-25 20:18:10,SOLUSDT,ask,158,35262.0
2024-08-25 20:18:11,SOLUSDT,ask,158,35294.0
2024-08-25 20:18:11,SOLUSDT,ask,158,35262.0
2024-08-25 20:18:14,SOLUSDT,ask,158,35266.0
2024-08-25 20:18:14,SOLUSDT,ask,158,35262.0
2024-08-25 20:18:15,SOLUSDT,ask,158,35266.0
2024-08-25 20:18:15,SOLUSDT,ask,158,35262.0
2024-08-25 20:18:15,SOLUSDT,ask,158,35268.0
2024-08-25 20:18:16,SOLUSDT,ask,158,35262.0
2024-08-25 20:18:17,SOLUSDT,ask,158,35268.0
2024-08-25 20:18:17,SOLUSDT,ask,158,35262.0
2024-08-25 20:18:17,SOLUSDT,ask,158,35268.0
2024-08-25 20:18:18,SOLUSDT,ask,158,35262.0
2024-08-25 20:18:18,SOLUSDT,ask,158,35268.0
2024-08-25 20:18:19,SOLUSDT,ask,158,35262.0
2024-08-25 20:18:20,SOLUSDT,ask,158,35268.0
2024-08-25 20:18:20,SOLUSDT,ask,158,35262.0
2024-08-25 20:18:21,SOLUSDT,ask,158,35262.0
2024-08-25 20:18:21,SOLUSDT,ask,158,35268.0
2024-08-25 20:18:21,SOLUSDT,ask,158,35262.0
2024-08-25 20:18:22,SOLUSDT,ask,158,34811.0
2024-08-25 20:18:22,SOLUSDT,ask,158,34871.0
2024-08-25 20:18:22,SOLUSDT,ask,158,34877.0
2024-08-25 20:18:22,SOLUSDT,ask,158,35035.0
2024-08-25 20:18:22,SOLUSDT,ask,158,35041.0
2024-08-25 20:18:22,SOLUSDT,ask,158,35200.0
2024-08-25 20:18:22,SOLUSDT,ask,158,35202.0
2024-08-25 20:18:22,SOLUSDT,ask,158,35044.0
2024-08-25 20:18:23,SOLUSDT,ask,158,35045.0
2024-08-25 20:18:23,SOLUSDT,ask,158,35019.0
2024-08-25 20:18:23,SOLUSDT,ask,158,35025.0
2024-08-25 20:18:23,SOLUSDT,ask,158,34867.0
2024-08-25 20:18:23,SOLUSDT,ask,158,34873.0
2024-08-25 20:18:23,SOLUSDT,ask,158,34867.0
2024-08-25 20:18:23,SOLUSDT,ask,158,34853.0
2024-08-25 20:18:24,SOLUSDT,ask,158,34832.0
2024-08-25 20:18:24,SOLUSDT,ask,158,34838.0
2024-08-25 20:18:24,SOLUSDT,ask,158,34838.0
2024-08-25 20:18:24,SOLUSDT,ask,158,34841.0
2024-08-25 20:18:24,SOLUSDT,ask,158,34844.0
2024-08-25 20:18:24,SOLUSDT,ask,158,34882.0
2024-08-25 20:18:25,SOLUSDT,ask,158,34861.0
2024-08-25 20:18:25,SOLUSDT,ask,158,34867.0
2024-08-25 20:18:25,SOLUSDT,ask,158,34861.0
2024-08-25 20:18:25,SOLUSDT,ask,158,34855.0
2024-08-25 20:18:26,SOLUSDT,ask,158,34849.0
2024-08-25 20:18:26,SOLUSDT,ask,158,34846.0
2024-08-25 20:18:26,SOLUSDT,ask,158,34846.0
2024-08-25 20:18:26,SOLUSDT,ask,158,34851.0
2024-08-25 20:18:26,SOLUSDT,ask,158,34813.0
2024-08-25 20:18:26,SOLUSDT,ask,158,34801.0
2024-08-25 20:18:27,SOLUSDT,ask,158,34801.0
2024-08-25 20:18:27,SOLUSDT,ask,158,34353.0
2024-08-25 20:18:27,SOLUSDT,ask,158,34359.0
2024-08-25 20:18:27,SOLUSDT,ask,158,34353.0
2024-08-25 20:18:27,SOLUSDT,ask,158,34359.0
2024-08-25 20:18:28,SOLUSDT,ask,158,34356.0
2024-08-25 20:18:28,SOLUSDT,ask,158,34350.0
2024-08-25 20:18:28,SOLUSDT,ask,158,34340.0
2024-08-25 20:18:28,SOLUSDT,ask,158,34337.0
2024-08-25 20:18:29,SOLUSDT,ask,158,34337.0
2024-08-25 20:18:29,SOLUSDT,ask,158,34327.0
2024-08-25 20:18:29,SOLUSDT,ask,158,34324.0
2024-08-25 20:18:29,SOLUSDT,ask,158,34383.0
2024-08-25 20:18:30,SOLUSDT,ask,158,34384.0
2024-08-25 20:18:30,SOLUSDT,ask,158,34408.0
2024-08-25 20:18:30,SOLUSDT,ask,158,34402.0
2024-08-25 20:18:30,SOLUSDT,ask,158,32289.0
2024-08-25 20:18:30,SOLUSDT,ask,158,32292.0
2024-08-25 20:18:31,SOLUSDT,ask,158,32290.0
2024-08-25 20:18:31,SOLUSDT,ask,158,32283.0
2024-08-25 20:18:31,SOLUSDT,ask,158,32292.0
2024-08-25 20:18:31,SOLUSDT,ask,158,32315.0
2024-08-25 20:18:32,SOLUSDT,ask,158,32321.0
2024-08-25 20:18:32,SOLUSDT,ask,158,32315.0
2024-08-25 20:18:32,SOLUSDT,ask,158,32318.0
2024-08-25 20:18:32,SOLUSDT,ask,158,32317.0
2024-08-25 20:18:32,SOLUSDT,ask,158,32318.0
2024-08-25 20:18:33,SOLUSDT,ask,158,32338.0
2024-08-25 20:18:33,SOLUSDT,ask,158,32337.0
2024-08-25 20:18:33,SOLUSDT,ask,158,32403.0
2024-08-25 20:18:34,SOLUSDT,ask,158,32287.0
2024-08-25 20:18:34,SOLUSDT,ask,158,32266.0
2024-08-25 20:18:34,SOLUSDT,ask,158,32235.0
2024-08-25 20:18:34,SOLUSDT,ask,158,32229.0
2024-08-25 20:18:34,SOLUSDT,ask,158,32224.0
2024-08-25 20:18:35,SOLUSDT,ask,158,32218.0
2024-08-25 20:18:35,SOLUSDT,ask,158,32212.0
2024-08-25 20:18:35,SOLUSDT,ask,158,32206.0
2024-08-25 20:18:35,SOLUSDT,ask,158,32163.0
2024-08-25 20:18:35,SOLUSDT,ask,158,32165.0
2024-08-25 20:18:36,SOLUSDT,ask,158,32161.0
2024-08-25 20:18:37,SOLUSDT,ask,158,32011.0
2024-08-25 20:18:37,SOLUSDT,ask,158,32009.0
2024-08-25 20:18:39,SOLUSDT,ask,158,32001.0
2024-08-25 20:18:39,SOLUSDT,ask,158,31995.0
2024-08-25 20:18:39,SOLUSDT,ask,158,31869.0
2024-08-25 20:18:39,SOLUSDT,ask,158,31863.0
2024-08-25 20:18:39,SOLUSDT,ask,158,31857.0
2024-08-25 20:18:39,SOLUSDT,ask,158,31851.0
2024-08-25 20:18:40,SOLUSDT,ask,158,31845.0
2024-08-25 20:18:40,SOLUSDT,ask,158,31838.0
2024-08-26 01:09:38,SOLUSDT,bid,158,6352.0
2024-08-26 01:09:47,SOLUSDT,bid,158,6453.0
2024-08-26 01:10:46,SOLUSDT,ask,158,6328.0
2024-08-26 01:10:46,SOLUSDT,ask,158,6341.0
2024-08-26 01:10:46,SOLUSDT,ask,158,6381.0
2024-08-26 01:28:55,SOLUSDT,bid,158,6318.0
2024-08-26 01:29:00,SOLUSDT,bid,158,6593.0
2024-08-26 01:29:05,SOLUSDT,bid,158,6309.0
2024-08-26 01:29:07,SOLUSDT,bid,158,6341.0
2024-08-26 01:29:08,SOLUSDT,bid,158,6363.0
2024-08-26 01:29:14,SOLUSDT,bid,158,6312.0
2024-08-26 01:29:15,SOLUSDT,bid,158,6312.0
2024-08-26 01:29:15,SOLUSDT,bid,158,6594.0
2024-08-26 01:29:16,SOLUSDT,bid,158,6595.0
2024-08-26 03:16:05,SOLUSDT,bid,158,6729.0
2024-08-26 03:16:23,SOLUSDT,bid,158,6724.0
2024-08-26 03:16:30,SOLUSDT,bid,158,6731.0
2024-08-26 03:16:30,SOLUSDT,bid,158,6300.0
2024-08-26 03:16:44,SOLUSDT,bid,158,6581.0
2024-08-26 03:16:53,SOLUSDT,bid,158,6340.0
2024-08-26 03:16:53,SOLUSDT,bid,158,6372.0
2024-08-26 03:16:54,SOLUSDT,bid,158,7515.0
2024-08-26 03:16:55,SOLUSDT,bid,158,6431.0
2024-08-26 03:16:58,SOLUSDT,bid,158,6296.0
2024-08-26 03:16:58,SOLUSDT,bid,158,6313.0
2024-08-26 03:16:59,SOLUSDT,bid,158,6372.0
2024-08-26 03:17:00,SOLUSDT,bid,158,6322.0
2024-08-26 03:17:00,SOLUSDT,bid,158,6361.0
2024-08-26 03:17:00,SOLUSDT,bid,158,6344.0
2024-08-26 03:17:00,SOLUSDT,bid,158,6340.0
2024-08-26 03:17:00,SOLUSDT,bid,158,6341.0
2024-08-26 03:17:01,SOLUSDT,bid,158,6343.0
2024-08-26 03:17:02,SOLUSDT,bid,158,6344.0
2024-08-26 03:17:09,SOLUSDT,bid,158,6516.0
2024-08-26 03:17:10,SOLUSDT,bid,158,6365.0
2024-08-26 03:17:10,SOLUSDT,bid,158,6465.0
2024-08-26 03:17:10,SOLUSDT,bid,158,6378.0
2024-08-26 03:17:10,SOLUSDT,bid,158,6344.0
2024-08-26 03:17:11,SOLUSDT,bid,158,6518.0
2024-08-26 03:17:11,SOLUSDT,bid,158,6448.0
2024-08-26 03:17:11,SOLUSDT,bid,158,6311.0
2024-08-26 03:17:11,SOLUSDT,bid,158,6312.0
2024-08-26 03:17:11,SOLUSDT,bid,158,6448.0
2024-08-26 03:17:12,SOLUSDT,bid,158,6311.0
2024-08-26 03:17:13,SOLUSDT,bid,158,6535.0
2024-08-26 03:17:16,SOLUSDT,bid,158,6555.0
2024-08-26 03:17:16,SOLUSDT,bid,158,6312.0
2024-08-26 03:17:16,SOLUSDT,bid,158,6352.0
2024-08-26 03:17:16,SOLUSDT,bid,158,6361.0
2024-08-26 03:17:17,SOLUSDT,bid,158,6392.0
2024-08-26 03:17:17,SOLUSDT,bid,158,6363.0
2024-08-26 03:17:18,SOLUSDT,bid,158,6513.0
2024-08-26 03:17:18,SOLUSDT,bid,158,6367.0
2024-08-26 03:17:18,SOLUSDT,bid,158,6392.0
2024-08-26 03:17:18,SOLUSDT,bid,158,6326.0
2024-08-26 03:17:18,SOLUSDT,bid,158,6325.0
2024-08-26 03:17:19,SOLUSDT,bid,158,6329.0
2024-08-26 03:17:19,SOLUSDT,bid,158,6357.0
2024-08-26 03:17:20,SOLUSDT,bid,158,6606.0
2024-08-26 03:17:24,SOLUSDT,bid,158,6797.0
2024-08-26 03:17:24,SOLUSDT,bid,158,6311.0
2024-08-26 03:17:24,SOLUSDT,bid,158,6357.0
2024-08-26 03:17:26,SOLUSDT,bid,158,6446.0
2024-08-26 03:17:29,SOLUSDT,bid,158,6325.0
2024-08-26 03:17:29,SOLUSDT,bid,158,6318.0
2024-08-26 03:17:29,SOLUSDT,bid,158,6317.0
2024-08-26 03:17:31,SOLUSDT,bid,158,6299.0
2024-08-26 03:17:32,SOLUSDT,bid,158,6354.0
2024-08-26 03:17:32,SOLUSDT,bid,158,6316.0
2024-08-26 03:17:33,SOLUSDT,bid,158,6304.0
2024-08-26 03:17:33,SOLUSDT,bid,158,6304.0
2024-08-26 03:17:35,SOLUSDT,bid,158,6495.0
2024-08-26 03:17:35,SOLUSDT,bid,158,6325.0
2024-08-26 03:17:37,SOLUSDT,bid,158,6325.0
2024-08-26 03:17:37,SOLUSDT,bid,158,6352.0
2024-08-26 03:17:37,SOLUSDT,bid,158,6356.0
2024-08-26 03:17:39,SOLUSDT,bid,158,6325.0
2024-08-26 03:17:44,SOLUSDT,bid,158,6387.0
2024-08-26 03:17:44,SOLUSDT,bid,158,6356.0
2024-08-26 03:17:44,SOLUSDT,bid,158,6325.0
2024-08-26 03:17:54,SOLUSDT,bid,158,12096.0
2024-08-26 03:17:54,SOLUSDT,bid,158,6325.0
2024-08-26 03:17:54,SOLUSDT,bid,158,6331.0
2024-08-26 03:17:55,SOLUSDT,bid,158,12109.0
2024-08-26 03:17:56,SOLUSDT,bid,158,6325.0
2024-08-26 03:17:57,SOLUSDT,bid,158,6340.0
2024-08-26 03:17:57,SOLUSDT,bid,158,6349.0
2024-08-26 03:17:59,SOLUSDT,bid,158,12121.0
2024-08-26 03:18:00,SOLUSDT,bid,158,12096.0
2024-08-26 03:18:00,SOLUSDT,bid,158,6323.0
2024-08-26 03:18:00,SOLUSDT,bid,158,12109.0
2024-08-26 03:18:01,SOLUSDT,bid,158,12119.0
2024-08-26 03:18:01,SOLUSDT,bid,158,12106.0
2024-08-26 03:18:01,SOLUSDT,bid,158,12146.0
2024-08-26 03:18:02,SOLUSDT,bid,158,12147.0
2024-08-26 03:18:02,SOLUSDT,bid,158,12122.0
2024-08-26 03:18:02,SOLUSDT,bid,158,12097.0
2024-08-26 03:18:02,SOLUSDT,bid,158,6405.0
2024-08-26 03:18:03,SOLUSDT,bid,158,12099.0
2024-08-26 03:18:03,SOLUSDT,bid,158,6380.0
2024-08-26 03:18:11,SOLUSDT,bid,158,6297.0
2024-08-26 03:18:11,SOLUSDT,bid,158,6296.0
2024-08-26 03:18:31,SOLUSDT,bid,158,6435.0
2024-08-26 03:18:39,SOLUSDT,bid,158,6300.0
2024-08-26 03:18:39,SOLUSDT,bid,158,6311.0
2024-08-26 03:18:41,SOLUSDT,bid,158,6345.0
2024-08-26 03:18:45,SOLUSDT,bid,158,6345.0
2024-08-26 03:18:46,SOLUSDT,bid,158,6344.0
2024-08-26 03:18:48,SOLUSDT,bid,158,6319.0
2024-08-26 03:18:49,SOLUSDT,bid,158,6320.0
2024-08-26 03:19:07,SOLUSDT,bid,158,6338.0
2024-08-26 03:19:08,SOLUSDT,bid,158,6498.0
2024-08-26 03:19:09,SOLUSDT,bid,158,6352.0
2024-08-26 03:19:11,SOLUSDT,bid,158,6499.0
2024-08-26 03:20:19,SOLUSDT,ask,158,6310.0
2024-08-26 03:20:29,SOLUSDT,ask,158,6738.0
2024-08-26 03:20:30,SOLUSDT,ask,158,6336.0
2024-08-26 03:20:30,SOLUSDT,ask,158,6838.0
2024-08-26 03:20:30,SOLUSDT,ask,158,6345.0
2024-08-26 03:20:30,SOLUSDT,ask,158,6334.0
2024-08-26 03:20:31,SOLUSDT,ask,158,6334.0
2024-08-26 03:20:32,SOLUSDT,ask,158,6526.0
2024-08-26 03:20:32,SOLUSDT,ask,158,6362.0
2024-08-26 03:20:32,SOLUSDT,ask,158,6334.0
2024-08-26 03:20:32,SOLUSDT,ask,158,6337.0
2024-08-26 03:20:32,SOLUSDT,ask,158,6347.0
2024-08-26 03:20:33,SOLUSDT,ask,158,6347.0
2024-08-26 03:20:33,SOLUSDT,ask,158,6344.0
2024-08-26 03:20:37,SOLUSDT,ask,158,6350.0
2024-08-26 03:20:38,SOLUSDT,ask,158,6444.0
2024-08-26 03:20:39,SOLUSDT,ask,158,6344.0
2024-08-26 03:20:43,SOLUSDT,ask,158,6334.0
2024-08-26 03:20:44,SOLUSDT,ask,158,6304.0
2024-08-26 03:20:45,SOLUSDT,ask,158,6504.0
2024-08-26 03:20:45,SOLUSDT,ask,158,6335.0
2024-08-26 03:20:45,SOLUSDT,ask,158,6334.0
2024-08-26 03:20:45,SOLUSDT,ask,158,6334.0
2024-08-26 03:20:47,SOLUSDT,ask,158,6475.0
2024-08-26 03:20:47,SOLUSDT,ask,158,6334.0
2024-08-26 03:20:47,SOLUSDT,ask,158,6407.0
2024-08-26 03:20:47,SOLUSDT,ask,158,6334.0
2024-08-26 03:20:50,SOLUSDT,ask,158,6334.0
2024-08-26 03:20:53,SOLUSDT,ask,158,6395.0
2024-08-26 03:20:53,SOLUSDT,ask,158,6323.0
2024-08-26 03:20:53,SOLUSDT,ask,158,6335.0
2024-08-26 03:20:53,SOLUSDT,ask,158,6306.0
2024-08-26 03:20:54,SOLUSDT,ask,158,6359.0
2024-08-26 03:20:57,SOLUSDT,ask,158,6519.0
2024-08-26 03:20:58,SOLUSDT,ask,158,12163.0
2024-08-26 03:20:58,SOLUSDT,ask,158,12110.0
2024-08-26 03:20:58,SOLUSDT,ask,158,6411.0
2024-08-26 03:20:58,SOLUSDT,ask,158,6624.0
2024-08-26 03:20:58,SOLUSDT,ask,158,6364.0
2024-08-26 03:20:58,SOLUSDT,ask,158,6397.0
2024-08-26 03:20:59,SOLUSDT,ask,158,6395.0
2024-08-26 03:20:59,SOLUSDT,ask,158,12211.0
2024-08-26 03:21:01,SOLUSDT,ask,158,12311.0
2024-08-26 03:21:02,SOLUSDT,ask,158,6586.0
2024-08-26 03:21:02,SOLUSDT,ask,158,12336.0
2024-08-26 03:21:02,SOLUSDT,ask,158,12135.0
2024-08-26 03:21:04,SOLUSDT,ask,158,6379.0
2024-08-26 03:21:04,SOLUSDT,ask,158,6341.0
2024-08-26 03:21:04,SOLUSDT,ask,158,6371.0
2024-08-26 03:21:04,SOLUSDT,ask,158,6371.0
2024-08-26 03:21:04,SOLUSDT,ask,158,6350.0
2024-08-26 03:21:04,SOLUSDT,ask,158,6486.0
2024-08-26 03:21:08,SOLUSDT,ask,158,6304.0
2024-08-26 03:21:08,SOLUSDT,ask,158,12110.0
2024-08-26 03:21:09,SOLUSDT,ask,158,6505.0
2024-08-26 03:21:09,SOLUSDT,ask,158,6298.0
2024-08-26 03:21:09,SOLUSDT,ask,158,6418.0
2024-08-26 03:21:10,SOLUSDT,ask,158,6313.0
2024-08-26 03:21:14,SOLUSDT,ask,158,12113.0
2024-08-26 03:21:14,SOLUSDT,ask,158,6416.0
2024-08-26 03:21:14,SOLUSDT,ask,158,6456.0
2024-08-26 03:21:14,SOLUSDT,ask,158,6381.0
2024-08-26 03:21:15,SOLUSDT,ask,158,6387.0
2024-08-26 03:21:16,SOLUSDT,ask,158,12110.0
2024-08-26 03:21:16,SOLUSDT,ask,158,12116.0
2024-08-26 03:21:16,SOLUSDT,ask,158,6310.0
2024-08-26 03:21:17,SOLUSDT,ask,158,6344.0
2024-08-26 03:21:17,SOLUSDT,ask,158,6326.0
2024-08-26 03:21:18,SOLUSDT,ask,158,6310.0
2024-08-26 03:24:35,SOLUSDT,bid,158,6375.0
2024-08-26 03:24:39,SOLUSDT,bid,158,6379.0
2024-08-26 03:24:41,SOLUSDT,bid,158,6404.0
2024-08-26 03:24:44,SOLUSDT,bid,158,6385.0
2024-08-26 03:24:44,SOLUSDT,bid,158,7599.0
2024-08-26 03:24:45,SOLUSDT,bid,158,7953.0
2024-08-26 03:24:46,SOLUSDT,bid,158,6443.0
2024-08-26 03:24:47,SOLUSDT,bid,158,6377.0
2024-08-26 03:24:49,SOLUSDT,bid,158,6344.0
2024-08-26 03:24:50,SOLUSDT,bid,158,6452.0
2024-08-26 03:24:51,SOLUSDT,bid,158,6356.0
2024-08-26 03:24:53,SOLUSDT,bid,158,6344.0
2024-08-26 03:25:07,SOLUSDT,ask,158,6540.0
2024-08-26 03:25:08,SOLUSDT,ask,158,6315.0
2024-08-26 03:25:10,SOLUSDT,ask,158,6316.0
2024-08-26 03:25:16,SOLUSDT,ask,158,6535.0
2024-08-26 03:25:17,SOLUSDT,ask,158,6608.0
2024-08-26 03:25:20,SOLUSDT,ask,158,6418.0
2024-08-26 03:25:20,SOLUSDT,ask,158,6413.0
2024-08-26 03:25:21,SOLUSDT,ask,158,6633.0
2024-08-26 03:25:21,SOLUSDT,ask,158,6582.0
2024-08-26 03:25:22,SOLUSDT,ask,158,6548.0
2024-08-26 03:25:22,SOLUSDT,ask,158,6532.0
2024-08-26 03:25:23,SOLUSDT,ask,158,6627.0
2024-08-26 03:25:24,SOLUSDT,ask,158,6834.0
2024-08-26 03:25:25,SOLUSDT,ask,158,6317.0
2024-08-26 03:25:25,SOLUSDT,ask,158,6840.0
2024-08-26 03:25:27,SOLUSDT,ask,158,6425.0
2024-08-26 03:25:28,SOLUSDT,ask,158,6371.0
2024-08-26 03:25:28,SOLUSDT,ask,158,6364.0
2024-08-26 03:25:39,SOLUSDT,ask,158,6837.0
2024-08-26 03:25:39,SOLUSDT,ask,158,6834.0
2024-08-26 03:25:45,SOLUSDT,ask,158,6608.0
2024-08-26 03:25:45,SOLUSDT,ask,158,6343.0
2024-08-26 03:28:08,SOLUSDT,bid,158,6510.0
2024-08-26 03:28:12,SOLUSDT,bid,158,6464.0
2024-08-26 03:28:16,SOLUSDT,bid,158,6437.0
2024-08-26 03:28:16,SOLUSDT,bid,158,6313.0
2024-08-26 03:28:18,SOLUSDT,bid,158,6340.0
2024-08-26 03:28:20,SOLUSDT,bid,158,6535.0
2024-08-26 03:28:20,SOLUSDT,bid,158,6342.0
2024-08-26 03:28:21,SOLUSDT,bid,158,6457.0
2024-08-26 03:28:21,SOLUSDT,bid,158,6451.0
2024-08-26 03:28:30,SOLUSDT,bid,158,6322.0
2024-08-26 03:28:35,SOLUSDT,bid,158,6443.0
2024-08-26 03:28:36,SOLUSDT,bid,158,6322.0
2024-08-26 03:28:36,SOLUSDT,bid,158,6340.0
2024-08-26 03:28:37,SOLUSDT,bid,158,6328.0
2024-08-26 03:28:58,SOLUSDT,ask,158,6421.0
2024-08-26 03:28:58,SOLUSDT,ask,158,6409.0
2024-08-26 03:28:58,SOLUSDT,ask,158,6410.0
2024-08-26 03:29:13,SOLUSDT,bid,158,6392.0
2024-08-26 03:29:14,SOLUSDT,bid,158,6331.0
2024-08-26 03:29:19,SOLUSDT,bid,158,7196.0
2024-08-26 03:29:21,SOLUSDT,bid,158,6367.0
2024-08-26 03:29:26,SOLUSDT,bid,158,6405.0
2024-08-26 03:29:26,SOLUSDT,bid,158,6408.0
2024-08-26 03:29:26,SOLUSDT,bid,158,6405.0
2024-08-26 03:34:39,SOLUSDT,bid,158,6406.0
2024-08-26 03:34:39,SOLUSDT,bid,158,6410.0
2024-08-26 03:34:40,SOLUSDT,bid,158,6534.0
2024-08-26 03:34:41,SOLUSDT,bid,158,6404.0
2024-08-26 03:34:56,SOLUSDT,bid,158,6436.0
2024-08-26 03:34:56,SOLUSDT,bid,158,6432.0
2024-08-26 03:35:32,SOLUSDT,ask,158,7689.0
2024-08-26 03:36:52,SOLUSDT,bid,158,6547.0
2024-08-26 03:36:52,SOLUSDT,bid,158,6548.0
2024-08-26 03:36:53,SOLUSDT,bid,158,6325.0
2024-08-26 03:36:54,SOLUSDT,bid,158,6547.0
2024-08-26 03:36:55,SOLUSDT,bid,158,6543.0
2024-08-26 03:36:55,SOLUSDT,bid,158,6326.0
2024-08-26 03:36:59,SOLUSDT,bid,158,6500.0
2024-08-26 03:37:22,SOLUSDT,ask,158,6307.0
2024-08-26 03:37:23,SOLUSDT,ask,158,6406.0
2024-08-26 03:37:25,SOLUSDT,ask,158,6313.0
2024-08-26 03:37:31,SOLUSDT,ask,158,6315.0
2024-08-26 03:37:32,SOLUSDT,ask,158,6459.0
2024-08-26 03:39:45,SOLUSDT,bid,158,6346.0
2024-08-26 03:39:45,SOLUSDT,bid,158,7608.0
2024-08-26 03:39:52,SOLUSDT,bid,158,6313.0
2024-08-26 03:39:53,SOLUSDT,bid,158,7575.0
2024-08-26 03:40:14,SOLUSDT,bid,158,6311.0
2024-08-26 03:40:14,SOLUSDT,bid,158,7572.0
2024-08-26 03:46:10,SOLUSDT,bid,158,6367.0
2024-08-26 03:46:13,SOLUSDT,bid,158,6314.0
2024-08-26 03:46:14,SOLUSDT,bid,158,6553.0
2024-08-26 03:46:15,SOLUSDT,bid,158,6306.0
2024-08-26 03:46:17,SOLUSDT,bid,158,6360.0
2024-08-26 03:46:17,SOLUSDT,bid,158,6539.0
2024-08-26 03:46:19,SOLUSDT,bid,158,6314.0
2024-08-26 03:46:20,SOLUSDT,bid,158,6322.0
2024-08-26 03:46:20,SOLUSDT,bid,158,6520.0
2024-08-26 03:46:20,SOLUSDT,bid,158,6323.0
2024-08-26 03:46:21,SOLUSDT,bid,158,6320.0
2024-08-26 03:46:21,SOLUSDT,bid,158,6562.0
2024-08-26 03:46:21,SOLUSDT,bid,158,6312.0
2024-08-26 03:46:22,SOLUSDT,bid,158,6424.0
2024-08-26 03:46:22,SOLUSDT,bid,158,6317.0
2024-08-26 03:46:22,SOLUSDT,bid,158,6423.0
2024-08-26 03:46:25,SOLUSDT,bid,158,6526.0
2024-08-26 03:46:36,SOLUSDT,bid,158,6326.0
2024-08-26 03:46:56,SOLUSDT,ask,158,6296.0
2024-08-26 03:47:02,SOLUSDT,ask,158,12251.0
2024-08-26 03:47:02,SOLUSDT,ask,158,12255.0
2024-08-26 03:47:03,SOLUSDT,ask,158,12125.0
2024-08-26 03:47:04,SOLUSDT,ask,158,12123.0
2024-08-26 03:47:04,SOLUSDT,ask,158,12123.0
2024-08-26 03:47:04,SOLUSDT,ask,158,6333.0
2024-08-26 03:47:05,SOLUSDT,ask,158,6345.0
2024-08-26 03:47:10,SOLUSDT,ask,158,6334.0
2024-08-26 03:47:10,SOLUSDT,ask,158,6327.0
2024-08-26 03:49:59,SOLUSDT,bid,158,6320.0
2024-08-26 03:50:03,SOLUSDT,bid,158,6329.0
2024-08-26 03:50:04,SOLUSDT,bid,158,6518.0
2024-08-26 03:50:04,SOLUSDT,bid,158,6308.0
2024-08-26 03:50:05,SOLUSDT,bid,158,6395.0
2024-08-26 03:55:16,SOLUSDT,bid,158,6861.0
2024-08-26 03:55:17,SOLUSDT,bid,158,6293.0
2024-08-26 03:55:18,SOLUSDT,bid,158,6414.0
2024-08-26 03:55:19,SOLUSDT,bid,158,6293.0
2024-08-26 03:55:22,SOLUSDT,bid,158,6898.0
2024-08-26 03:55:23,SOLUSDT,bid,158,6861.0
2024-08-26 03:55:32,SOLUSDT,bid,158,6325.0
2024-08-26 03:55:34,SOLUSDT,bid,158,6354.0
2024-08-26 03:55:38,SOLUSDT,bid,158,6322.0
2024-08-26 03:55:40,SOLUSDT,bid,158,6296.0
2024-08-26 03:55:40,SOLUSDT,bid,158,6880.0
2024-08-26 03:55:40,SOLUSDT,bid,158,6346.0
2024-08-26 03:55:40,SOLUSDT,bid,158,6318.0
2024-08-26 03:55:45,SOLUSDT,bid,158,6311.0
2024-08-26 03:55:49,SOLUSDT,bid,158,6292.0
2024-08-26 03:55:56,SOLUSDT,bid,158,6341.0
2024-08-26 03:55:56,SOLUSDT,bid,158,6313.0
2024-08-26 03:55:59,SOLUSDT,bid,158,6861.0
2024-08-26 03:55:59,SOLUSDT,bid,158,6322.0
2024-08-26 03:55:59,SOLUSDT,bid,158,6297.0
2024-08-26 03:55:59,SOLUSDT,bid,158,6341.0
2024-08-26 03:55:59,SOLUSDT,bid,158,6886.0
2024-08-26 03:55:59,SOLUSDT,bid,158,6342.0
2024-08-26 03:56:00,SOLUSDT,bid,158,6861.0
2024-08-26 03:56:00,SOLUSDT,bid,158,6880.0
2024-08-26 03:56:24,SOLUSDT,ask,158,6344.0
2024-08-26 03:56:25,SOLUSDT,ask,158,6343.0
2024-08-26 03:56:25,SOLUSDT,ask,158,6352.0
2024-08-26 03:56:26,SOLUSDT,ask,158,6352.0
2024-08-26 04:02:57,SOLUSDT,bid,158,6407.0
2024-08-26 04:02:57,SOLUSDT,bid,158,6321.0
2024-08-26 04:02:57,SOLUSDT,bid,158,6554.0
2024-08-26 04:02:57,SOLUSDT,bid,158,6463.0
2024-08-26 04:05:32,SOLUSDT,bid,158,6326.0
2024-08-26 04:05:33,SOLUSDT,bid,158,6324.0
2024-08-26 04:05:34,SOLUSDT,bid,158,6336.0
2024-08-26 04:05:37,SOLUSDT,bid,158,6298.0
2024-08-26 04:05:40,SOLUSDT,bid,158,6574.0
2024-08-26 04:05:44,SOLUSDT,bid,158,6367.0
2024-08-26 04:05:44,SOLUSDT,bid,158,6299.0
2024-08-26 04:05:44,SOLUSDT,bid,158,6299.0
2024-08-26 04:05:45,SOLUSDT,bid,158,6518.0
2024-08-26 04:05:55,SOLUSDT,bid,158,6456.0
2024-08-26 04:05:55,SOLUSDT,bid,158,6455.0
2024-08-26 04:05:55,SOLUSDT,bid,158,6386.0
2024-08-26 04:06:19,SOLUSDT,ask,158,6535.0
2024-08-26 04:06:20,SOLUSDT,ask,158,6481.0
2024-08-26 04:06:20,SOLUSDT,ask,158,6481.0
2024-08-26 04:06:23,SOLUSDT,ask,158,6518.0
2024-08-26 04:06:26,SOLUSDT,ask,158,6354.0
2024-08-26 06:36:52,SOLUSDT,bid,158,6653.0
2024-08-26 06:36:52,SOLUSDT,bid,158,6653.0
2024-08-26 06:36:54,SOLUSDT,bid,158,6358.0
2024-08-26 06:36:55,SOLUSDT,bid,158,6363.0
2024-08-26 06:36:55,SOLUSDT,bid,158,6358.0
2024-08-26 06:36:55,SOLUSDT,bid,158,6358.0
2024-08-26 06:37:13,SOLUSDT,bid,158,6322.0
2024-08-26 06:37:13,SOLUSDT,bid,158,6314.0
2024-08-26 06:58:47,SOLUSDT,bid,158,8838.0
2024-08-26 06:58:47,SOLUSDT,bid,158,8837.0
2024-08-26 06:58:48,SOLUSDT,bid,158,8839.0
2024-08-26 06:58:49,SOLUSDT,bid,158,8849.0
2024-08-26 06:58:49,SOLUSDT,bid,158,8839.0
2024-08-26 06:59:01,SOLUSDT,bid,158,8837.0
2024-08-26 06:59:02,SOLUSDT,bid,158,8839.0
2024-08-26 06:59:02,SOLUSDT,bid,158,8837.0
2024-08-26 06:59:04,SOLUSDT,bid,158,8826.0
2024-08-26 06:59:04,SOLUSDT,bid,158,8839.0
2024-08-26 06:59:04,SOLUSDT,bid,158,8849.0
2024-08-26 06:59:04,SOLUSDT,bid,158,8869.0
2024-08-26 06:59:06,SOLUSDT,bid,158,8856.0
2024-08-26 06:59:06,SOLUSDT,bid,158,8843.0
2024-08-26 06:59:07,SOLUSDT,bid,158,8856.0
2024-08-26 06:59:09,SOLUSDT,bid,158,8842.0
2024-08-26 06:59:10,SOLUSDT,bid,158,8829.0
2024-08-26 06:59:10,SOLUSDT,bid,158,8842.0
2024-08-26 06:59:11,SOLUSDT,bid,158,8814.0
2024-08-26 06:59:12,SOLUSDT,bid,158,8801.0
2024-08-26 06:59:12,SOLUSDT,bid,158,8814.0
2024-08-26 06:59:17,SOLUSDT,bid,158,8934.0
2024-08-26 06:59:17,SOLUSDT,bid,158,8814.0
2024-08-26 06:59:18,SOLUSDT,bid,158,8801.0
2024-08-26 06:59:19,SOLUSDT,bid,158,8814.0
2024-08-26 06:59:19,SOLUSDT,bid,158,8801.0
2024-08-26 06:59:20,SOLUSDT,bid,158,8801.0
2024-08-26 06:59:20,SOLUSDT,bid,158,8814.0
2024-08-26 06:59:20,SOLUSDT,bid,158,8968.0
2024-08-26 06:59:20,SOLUSDT,bid,158,8971.0
2024-08-26 06:59:20,SOLUSDT,bid,158,8814.0
2024-08-26 06:59:21,SOLUSDT,bid,158,8811.0
2024-08-26 06:59:21,SOLUSDT,bid,158,8798.0
2024-08-26 06:59:27,SOLUSDT,bid,158,8838.0
2024-08-26 06:59:27,SOLUSDT,bid,158,8839.0
2024-08-26 06:59:27,SOLUSDT,bid,158,8847.0
2024-08-26 06:59:28,SOLUSDT,bid,158,8839.0
2024-08-26 06:59:37,SOLUSDT,bid,158,8824.0
2024-08-26 06:59:38,SOLUSDT,bid,158,8803.0
2024-08-26 06:59:38,SOLUSDT,bid,158,8806.0
2024-08-26 06:59:39,SOLUSDT,bid,158,8803.0
2024-08-26 06:59:39,SOLUSDT,bid,158,8802.0
2024-08-26 06:59:40,SOLUSDT,bid,158,8811.0
2024-08-26 06:59:40,SOLUSDT,bid,158,8722.0
2024-08-26 06:59:40,SOLUSDT,bid,158,8717.0
2024-08-26 06:59:40,SOLUSDT,bid,158,8718.0
2024-08-26 06:59:40,SOLUSDT,bid,158,8687.0
2024-08-26 06:59:41,SOLUSDT,bid,158,8587.0
2024-08-26 06:59:41,SOLUSDT,bid,158,8571.0
2024-08-26 06:59:41,SOLUSDT,bid,158,8574.0
2024-08-26 06:59:42,SOLUSDT,bid,158,8600.0
2024-08-26 06:59:42,SOLUSDT,bid,158,8603.0
2024-08-26 06:59:42,SOLUSDT,bid,158,8573.0
2024-08-26 06:59:42,SOLUSDT,bid,158,8600.0
2024-08-26 06:59:42,SOLUSDT,bid,158,8600.0
2024-08-26 06:59:42,SOLUSDT,bid,158,8596.0
2024-08-26 06:59:43,SOLUSDT,bid,158,8599.0
2024-08-26 06:59:43,SOLUSDT,bid,158,8596.0
2024-08-26 06:59:43,SOLUSDT,bid,158,8599.0
2024-08-26 06:59:43,SOLUSDT,bid,158,8596.0
2024-08-26 06:59:43,SOLUSDT,bid,158,8599.0
2024-08-26 06:59:43,SOLUSDT,bid,158,8604.0
2024-08-26 06:59:44,SOLUSDT,bid,158,8494.0
2024-08-26 06:59:44,SOLUSDT,bid,158,8489.0
2024-08-26 06:59:44,SOLUSDT,bid,158,8396.0
2024-08-26 06:59:44,SOLUSDT,bid,158,8398.0
2024-08-26 06:59:44,SOLUSDT,bid,158,8398.0
2024-08-26 06:59:44,SOLUSDT,bid,158,8392.0
2024-08-26 06:59:44,SOLUSDT,bid,158,8390.0
2024-08-26 06:59:44,SOLUSDT,bid,158,8359.0
2024-08-26 06:59:45,SOLUSDT,bid,158,8361.0
2024-08-26 06:59:45,SOLUSDT,bid,158,8357.0
2024-08-26 06:59:45,SOLUSDT,bid,158,8259.0
2024-08-26 06:59:45,SOLUSDT,bid,158,8285.0
2024-08-26 06:59:45,SOLUSDT,bid,158,8265.0
2024-08-26 06:59:45,SOLUSDT,bid,158,8265.0
2024-08-26 06:59:46,SOLUSDT,bid,158,8262.0
2024-08-26 06:59:46,SOLUSDT,bid,158,8289.0
2024-08-26 06:59:46,SOLUSDT,bid,158,8286.0
2024-08-26 06:59:46,SOLUSDT,bid,158,8289.0
2024-08-26 06:59:46,SOLUSDT,bid,158,8125.0
2024-08-26 06:59:47,SOLUSDT,bid,158,8122.0
2024-08-26 06:59:47,SOLUSDT,bid,158,8075.0
2024-08-26 06:59:47,SOLUSDT,bid,158,8078.0
2024-08-26 06:59:47,SOLUSDT,bid,158,8079.0
2024-08-26 06:59:47,SOLUSDT,bid,158,8103.0
2024-08-26 06:59:47,SOLUSDT,bid,158,8077.0
2024-08-26 06:59:48,SOLUSDT,bid,158,8077.0
2024-08-26 06:59:48,SOLUSDT,bid,158,8101.0
2024-08-26 06:59:48,SOLUSDT,bid,158,8072.0
2024-08-26 06:59:48,SOLUSDT,bid,158,8074.0
2024-08-26 06:59:48,SOLUSDT,bid,158,8069.0
2024-08-26 06:59:48,SOLUSDT,bid,158,8096.0
2024-08-26 06:59:48,SOLUSDT,bid,158,8069.0
2024-08-26 06:59:48,SOLUSDT,bid,158,8067.0
2024-08-26 06:59:49,SOLUSDT,bid,158,8094.0
2024-08-26 06:59:49,SOLUSDT,bid,158,8096.0
2024-08-26 06:59:49,SOLUSDT,bid,158,8093.0
2024-08-26 06:59:49,SOLUSDT,bid,158,8069.0
2024-08-26 06:59:49,SOLUSDT,bid,158,8069.0
2024-08-26 06:59:49,SOLUSDT,bid,158,8077.0
2024-08-26 06:59:49,SOLUSDT,bid,158,8104.0
2024-08-26 06:59:49,SOLUSDT,bid,158,8101.0
2024-08-26 06:59:49,SOLUSDT,bid,158,8104.0
2024-08-26 06:59:50,SOLUSDT,bid,158,8088.0
2024-08-26 06:59:50,SOLUSDT,bid,158,8102.0
2024-08-26 06:59:50,SOLUSDT,bid,158,8105.0
2024-08-26 06:59:50,SOLUSDT,bid,158,8102.0
2024-08-26 06:59:50,SOLUSDT,bid,158,8078.0
2024-08-26 06:59:50,SOLUSDT,bid,158,8102.0
2024-08-26 06:59:50,SOLUSDT,bid,158,8038.0
2024-08-26 06:59:50,SOLUSDT,bid,158,8054.0
2024-08-26 06:59:50,SOLUSDT,bid,158,8038.0
2024-08-26 06:59:50,SOLUSDT,bid,158,8057.0
2024-08-26 06:59:51,SOLUSDT,bid,158,8030.0
2024-08-26 06:59:51,SOLUSDT,bid,158,7537.0
2024-08-26 06:59:51,SOLUSDT,bid,158,7583.0
2024-08-26 06:59:51,SOLUSDT,bid,158,7591.0
2024-08-26 06:59:52,SOLUSDT,bid,158,7583.0
2024-08-26 06:59:52,SOLUSDT,bid,158,7578.0
2024-08-26 06:59:52,SOLUSDT,bid,158,7576.0
2024-08-26 06:59:52,SOLUSDT,bid,158,7578.0
2024-08-26 06:59:52,SOLUSDT,bid,158,7574.0
2024-08-26 06:59:53,SOLUSDT,bid,158,7597.0
2024-08-26 06:59:53,SOLUSDT,bid,158,7573.0
2024-08-26 06:59:53,SOLUSDT,bid,158,7573.0
2024-08-26 06:59:53,SOLUSDT,bid,158,7639.0
2024-08-26 06:59:54,SOLUSDT,bid,158,7623.0
2024-08-26 06:59:54,SOLUSDT,bid,158,7615.0
2024-08-26 06:59:54,SOLUSDT,bid,158,7631.0
2024-08-26 06:59:54,SOLUSDT,bid,158,7615.0
2024-08-26 06:59:54,SOLUSDT,bid,158,7631.0
2024-08-26 06:59:55,SOLUSDT,bid,158,7602.0
2024-08-26 06:59:55,SOLUSDT,bid,158,7596.0
2024-08-26 06:59:55,SOLUSDT,bid,158,7599.0
2024-08-26 06:59:55,SOLUSDT,bid,158,7593.0
2024-08-26 06:59:55,SOLUSDT,bid,158,7593.0
2024-08-26 06:59:55,SOLUSDT,bid,158,7590.0
2024-08-26 06:59:55,SOLUSDT,bid,158,7617.0
2024-08-26 06:59:55,SOLUSDT,bid,158,7586.0
2024-08-26 06:59:55,SOLUSDT,bid,158,7583.0
2024-08-26 06:59:56,SOLUSDT,bid,158,7583.0
2024-08-26 06:59:56,SOLUSDT,bid,158,7591.0
2024-08-26 06:59:56,SOLUSDT,bid,158,7591.0
2024-08-26 06:59:56,SOLUSDT,bid,158,7591.0
2024-08-26 06:59:56,SOLUSDT,bid,158,7591.0
2024-08-26 06:59:56,SOLUSDT,bid,158,7583.0
2024-08-26 06:59:56,SOLUSDT,bid,158,7581.0
2024-08-26 06:59:57,SOLUSDT,bid,158,7584.0
2024-08-26 06:59:57,SOLUSDT,bid,158,7609.0
2024-08-26 06:59:57,SOLUSDT,bid,158,7609.0
2024-08-26 06:59:57,SOLUSDT,bid,158,7621.0
2024-08-26 06:59:57,SOLUSDT,bid,158,7679.0
2024-08-26 06:59:58,SOLUSDT,bid,158,7662.0
2024-08-26 06:59:58,SOLUSDT,bid,158,7661.0
2024-08-26 06:59:58,SOLUSDT,bid,158,7612.0
2024-08-26 06:59:58,SOLUSDT,bid,158,7635.0
2024-08-26 06:59:58,SOLUSDT,bid,158,7636.0
2024-08-26 06:59:58,SOLUSDT,bid,158,7616.0
2024-08-26 06:59:58,SOLUSDT,bid,158,7619.0
2024-08-26 06:59:58,SOLUSDT,bid,158,7618.0
2024-08-26 06:59:58,SOLUSDT,bid,158,7593.0
2024-08-26 06:59:58,SOLUSDT,bid,158,7573.0
2024-08-26 06:59:58,SOLUSDT,bid,158,7428.0
2024-08-26 06:59:59,SOLUSDT,bid,158,7447.0
2024-08-26 06:59:59,SOLUSDT,bid,158,7451.0
2024-08-26 06:59:59,SOLUSDT,bid,158,7435.0
2024-08-26 06:59:59,SOLUSDT,bid,158,7436.0
2024-08-26 06:59:59,SOLUSDT,bid,158,7491.0
2024-08-26 06:59:59,SOLUSDT,bid,158,7491.0
2024-08-26 06:59:59,SOLUSDT,bid,158,7472.0
2024-08-26 06:59:59,SOLUSDT,bid,158,7586.0
