2024-09-08 16:15:22,BTCUSD_PERP,bid,54200,641.75
2024-09-08 16:15:22,BTCUSD_PERP,bid,54200,694.87
2024-09-08 16:16:55,BTCUSD_PERP,bid,54200,641.2
2024-09-08 16:16:57,BTCUSD_PERP,bid,54200,587.31
2024-09-08 16:17:35,BTCUSD_PERP,bid,54100,588.22
2024-09-08 16:17:35,BTCUSD_PERP,bid,54100,694.4
2024-09-08 16:17:35,BTCUSD_PERP,bid,54100,748.03
2024-09-08 16:19:31,BTCUSD_PERP,bid,54100,586.48
2024-09-08 16:19:31,BTCUSD_PERP,bid,54100,640.05
2024-09-08 16:19:31,BTCUSD_PERP,bid,54100,693.62
2024-09-08 17:27:44,BTCUSD_PERP,bid,54100,588.0
2024-09-08 17:27:45,BTCUSD_PERP,bid,54100,641.61
2024-09-08 17:27:45,BTCUSD_PERP,bid,54100,694.68
2024-09-08 17:27:45,BTCUSD_PERP,bid,54100,747.75
2024-09-08 17:40:50,BTCUSD_PERP,bid,54100,586.19
2024-09-08 17:40:51,BTCUSD_PERP,bid,54100,693.37
2024-09-08 17:40:51,BTCUSD_PERP,bid,54100,853.59
2024-09-08 17:40:51,BTCUSD_PERP,bid,54100,907.18
2024-09-08 17:49:24,BTCUSD_PERP,bid,54100,853.59
2024-09-08 17:49:24,BTCUSD_PERP,bid,54100,800.0
2024-09-08 17:49:24,BTCUSD_PERP,bid,54100,746.96
2024-09-08 17:49:24,BTCUSD_PERP,bid,54100,587.29
2024-09-08 17:57:25,BTCUSD_PERP,bid,54100,853.43
2024-09-08 17:57:25,BTCUSD_PERP,bid,54100,907.01
2024-09-08 18:00:44,BTCUSD_PERP,bid,54100,853.43
2024-09-08 18:00:44,BTCUSD_PERP,bid,54100,746.82
2024-09-08 18:00:44,BTCUSD_PERP,bid,54100,693.24
2024-09-08 18:00:44,BTCUSD_PERP,bid,54100,639.66
2024-09-08 18:00:44,BTCUSD_PERP,bid,54100,586.08
2024-09-08 18:00:44,BTCUSD_PERP,bid,54100,587.62
2024-09-08 18:00:45,BTCUSD_PERP,bid,54100,693.76
2024-09-08 18:00:45,BTCUSD_PERP,bid,54100,800.45
2024-09-08 18:00:45,BTCUSD_PERP,bid,54100,854.07
2024-09-08 18:00:45,BTCUSD_PERP,bid,54100,907.69
2024-09-08 18:06:29,BTCUSD_PERP,bid,54100,854.07
2024-09-08 18:06:29,BTCUSD_PERP,bid,54100,693.21
2024-09-08 18:06:29,BTCUSD_PERP,bid,54100,639.59
2024-09-08 18:06:31,BTCUSD_PERP,bid,54100,585.97
2024-09-08 18:32:36,BTCUSD_PERP,bid,54100,586.4
2024-09-08 18:32:36,BTCUSD_PERP,bid,54100,640.01
2024-09-08 18:32:36,BTCUSD_PERP,bid,54100,652.99
2024-09-08 18:32:36,BTCUSD_PERP,bid,54100,654.93
2024-09-08 18:32:38,BTCUSD_PERP,bid,54100,655.06
2024-09-08 18:32:39,BTCUSD_PERP,bid,54100,656.19
2024-09-08 18:32:54,BTCUSD_PERP,bid,54100,656.32
2024-09-08 18:34:04,BTCUSD_PERP,bid,54100,655.19
2024-09-08 18:34:37,BTCUSD_PERP,bid,54100,653.25
2024-09-08 18:34:38,BTCUSD_PERP,bid,54100,640.27
2024-09-08 18:35:58,BTCUSD_PERP,bid,54100,640.14
2024-09-08 18:36:28,BTCUSD_PERP,bid,54100,640.01
