2024-08-26 00:57:17,SOLUSDT,bid,159,8725.0
2024-08-26 00:57:20,SOLUSDT,bid,159,8725.0
2024-08-26 00:57:21,SOLUSDT,bid,159,8725.0
2024-08-26 00:57:22,SOLUSDT,bid,159,8725.0
2024-08-26 00:57:23,SOLUSDT,bid,159,8853.0
2024-08-26 00:57:23,SOLUSDT,bid,159,8725.0
2024-08-26 00:57:24,SOLUSDT,bid,159,8646.0
2024-08-26 00:57:24,SOLUSDT,bid,159,8683.0
2024-08-26 00:57:26,SOLUSDT,bid,159,8646.0
2024-08-26 00:58:30,SOLUSDT,ask,159,6448.0
2024-08-26 00:58:31,SOLUSDT,ask,159,6438.0
2024-08-26 00:58:31,SOLUSDT,ask,159,6464.0
2024-08-26 00:58:31,SOLUSDT,ask,159,6438.0
2024-08-26 00:58:33,SOLUSDT,ask,159,6450.0
2024-08-26 00:58:35,SOLUSDT,ask,159,6544.0
2024-08-26 00:58:35,SOLUSDT,ask,159,6532.0
2024-08-26 00:58:35,SOLUSDT,ask,159,6468.0
2024-08-26 00:58:36,SOLUSDT,ask,159,6499.0
2024-08-26 00:58:36,SOLUSDT,ask,159,6438.0
2024-08-26 00:58:36,SOLUSDT,ask,159,6532.0
2024-08-26 00:58:36,SOLUSDT,ask,159,6438.0
2024-08-26 00:58:38,SOLUSDT,ask,159,6469.0
2024-08-26 00:58:41,SOLUSDT,ask,159,6438.0
2024-08-26 00:58:42,SOLUSDT,ask,159,6463.0
2024-08-26 00:58:42,SOLUSDT,ask,159,6466.0
2024-08-26 00:58:43,SOLUSDT,ask,159,6491.0
2024-08-26 00:58:43,SOLUSDT,ask,159,6472.0
2024-08-26 00:58:43,SOLUSDT,ask,159,6446.0
2024-08-26 00:58:43,SOLUSDT,ask,159,6471.0
2024-08-26 00:58:44,SOLUSDT,ask,159,6446.0
2024-08-26 00:58:44,SOLUSDT,ask,159,6452.0
2024-08-26 00:58:45,SOLUSDT,ask,159,6453.0
2024-08-26 00:58:46,SOLUSDT,ask,159,6443.0
2024-08-26 01:03:14,SOLUSDT,ask,159,6284.0
2024-08-26 01:03:16,SOLUSDT,ask,159,6282.0
2024-08-26 01:03:23,SOLUSDT,ask,159,6279.0
2024-08-26 01:03:23,SOLUSDT,ask,159,6279.0
2024-08-26 01:03:26,SOLUSDT,ask,159,6351.0
2024-08-26 01:03:31,SOLUSDT,ask,159,7435.0
2024-08-26 01:03:31,SOLUSDT,ask,159,7410.0
2024-08-26 01:03:33,SOLUSDT,ask,159,7410.0
2024-08-26 01:03:33,SOLUSDT,ask,159,7439.0
2024-08-26 01:03:33,SOLUSDT,ask,159,7410.0
2024-08-26 01:05:03,SOLUSDT,ask,159,7339.0
2024-08-26 01:05:03,SOLUSDT,ask,159,7339.0
2024-08-26 01:05:04,SOLUSDT,ask,159,7344.0
2024-08-26 01:05:04,SOLUSDT,ask,159,7339.0
2024-08-26 01:05:05,SOLUSDT,ask,159,7296.0
2024-08-26 01:05:09,SOLUSDT,ask,159,7297.0
2024-08-26 01:05:10,SOLUSDT,ask,159,7296.0
2024-08-26 01:05:10,SOLUSDT,ask,159,7317.0
2024-08-26 01:05:12,SOLUSDT,ask,159,7322.0
2024-08-26 01:05:12,SOLUSDT,ask,159,7317.0
2024-08-26 01:05:12,SOLUSDT,ask,159,7318.0
2024-08-26 01:05:13,SOLUSDT,ask,159,7318.0
2024-08-26 01:05:14,SOLUSDT,ask,159,7318.0
2024-08-26 01:05:15,SOLUSDT,ask,159,7323.0
2024-08-26 01:05:15,SOLUSDT,ask,159,7318.0
2024-08-26 01:05:16,SOLUSDT,ask,159,7323.0
2024-08-26 01:05:16,SOLUSDT,ask,159,7318.0
2024-08-26 01:05:17,SOLUSDT,ask,159,7318.0
2024-08-26 01:05:20,SOLUSDT,ask,159,7296.0
2024-08-26 01:05:21,SOLUSDT,ask,159,7301.0
2024-08-26 01:05:21,SOLUSDT,ask,159,7296.0
2024-08-26 01:05:22,SOLUSDT,ask,159,7296.0
2024-08-26 01:05:23,SOLUSDT,ask,159,7301.0
2024-08-26 01:05:23,SOLUSDT,ask,159,7296.0
2024-08-26 01:05:23,SOLUSDT,ask,159,7299.0
2024-08-26 01:05:24,SOLUSDT,ask,159,7295.0
2024-08-26 01:05:25,SOLUSDT,ask,159,7300.0
2024-08-26 01:05:25,SOLUSDT,ask,159,7295.0
2024-08-26 01:05:25,SOLUSDT,ask,159,7320.0
2024-08-26 01:05:26,SOLUSDT,ask,159,7320.0
2024-08-26 01:05:26,SOLUSDT,ask,159,7395.0
2024-08-26 01:05:27,SOLUSDT,ask,159,7395.0
2024-08-26 01:05:30,SOLUSDT,ask,159,7395.0
2024-08-26 01:05:31,SOLUSDT,ask,159,7295.0
2024-08-26 01:05:31,SOLUSDT,ask,159,7400.0
2024-08-26 01:05:31,SOLUSDT,ask,159,7395.0
2024-08-26 01:05:37,SOLUSDT,ask,159,7395.0
2024-08-26 01:05:38,SOLUSDT,ask,159,7395.0
2024-08-26 01:05:39,SOLUSDT,ask,159,7295.0
2024-08-26 01:05:39,SOLUSDT,ask,159,7320.0
2024-08-26 01:05:40,SOLUSDT,ask,159,7320.0
2024-08-26 01:05:40,SOLUSDT,ask,159,7316.0
2024-08-26 01:05:41,SOLUSDT,ask,159,7285.0
2024-08-26 01:06:20,SOLUSDT,ask,159,8249.0
2024-08-26 01:06:20,SOLUSDT,ask,159,8246.0
2024-08-26 01:06:20,SOLUSDT,ask,159,8260.0
2024-08-26 01:06:22,SOLUSDT,ask,159,8263.0
2024-08-26 01:06:24,SOLUSDT,ask,159,8260.0
2024-08-26 01:06:24,SOLUSDT,ask,159,8308.0
2024-08-26 01:06:24,SOLUSDT,ask,159,8238.0
2024-08-26 01:06:24,SOLUSDT,ask,159,8269.0
2024-08-26 01:06:26,SOLUSDT,ask,159,8219.0
2024-08-26 01:06:27,SOLUSDT,ask,159,8216.0
2024-08-26 01:06:29,SOLUSDT,ask,159,8217.0
2024-08-26 01:09:56,SOLUSDT,ask,159,6314.0
2024-08-26 01:10:13,SOLUSDT,ask,159,7866.0
2024-08-26 01:10:14,SOLUSDT,ask,159,6279.0
2024-08-26 01:10:16,SOLUSDT,ask,159,6352.0
2024-08-26 01:10:19,SOLUSDT,ask,159,6320.0
2024-08-26 01:10:20,SOLUSDT,ask,159,6313.0
2024-08-26 01:10:28,SOLUSDT,ask,159,6392.0
2024-08-26 01:10:28,SOLUSDT,ask,159,6346.0
2024-08-26 01:10:29,SOLUSDT,ask,159,6292.0
2024-08-26 01:10:33,SOLUSDT,ask,159,6521.0
2024-08-26 01:10:34,SOLUSDT,ask,159,6514.0
2024-08-26 01:10:34,SOLUSDT,ask,159,6460.0
2024-08-26 01:10:34,SOLUSDT,ask,159,6335.0
2024-08-26 01:10:35,SOLUSDT,ask,159,6524.0
2024-08-26 01:10:35,SOLUSDT,ask,159,6520.0
2024-08-26 01:10:37,SOLUSDT,ask,159,6479.0
2024-08-26 01:10:37,SOLUSDT,ask,159,6411.0
2024-08-26 01:10:37,SOLUSDT,ask,159,6589.0
2024-08-26 01:10:38,SOLUSDT,ask,159,6469.0
2024-08-26 01:10:40,SOLUSDT,ask,159,6430.0
2024-08-26 01:10:46,SOLUSDT,ask,159,6449.0
2024-08-26 01:29:10,SOLUSDT,bid,159,7721.0
2024-08-26 01:29:21,SOLUSDT,ask,159,12112.0
2024-08-26 01:29:21,SOLUSDT,ask,159,12058.0
2024-08-26 01:29:23,SOLUSDT,ask,159,6292.0
2024-08-26 01:29:26,SOLUSDT,ask,159,6304.0
2024-08-26 01:29:28,SOLUSDT,ask,159,6303.0
2024-08-26 01:29:29,SOLUSDT,ask,159,6331.0
2024-08-26 01:29:29,SOLUSDT,ask,159,6331.0
2024-08-26 01:29:29,SOLUSDT,ask,159,6331.0
2024-08-26 01:29:32,SOLUSDT,ask,159,6327.0
2024-08-26 01:29:32,SOLUSDT,ask,159,6310.0
2024-08-26 01:29:33,SOLUSDT,ask,159,6311.0
2024-08-26 01:29:37,SOLUSDT,ask,159,6376.0
2024-08-26 01:29:37,SOLUSDT,ask,159,6314.0
2024-08-26 01:29:39,SOLUSDT,ask,159,6829.0
2024-08-26 01:29:45,SOLUSDT,ask,159,6360.0
2024-08-26 01:29:47,SOLUSDT,ask,159,6321.0
2024-08-26 01:29:48,SOLUSDT,ask,159,6298.0
2024-08-26 01:29:57,SOLUSDT,ask,159,6465.0
2024-08-26 01:29:59,SOLUSDT,ask,159,6304.0
2024-08-26 01:36:24,SOLUSDT,bid,159,6757.0
2024-08-26 01:36:25,SOLUSDT,bid,159,6632.0
2024-08-26 01:36:26,SOLUSDT,bid,159,6607.0
2024-08-26 01:36:29,SOLUSDT,bid,159,6287.0
2024-08-26 01:36:33,SOLUSDT,bid,159,6302.0
2024-08-26 01:36:33,SOLUSDT,bid,159,6316.0
2024-08-26 01:36:34,SOLUSDT,bid,159,6579.0
2024-08-26 01:36:34,SOLUSDT,bid,159,6328.0
2024-08-26 01:36:35,SOLUSDT,bid,159,6304.0
2024-08-26 01:36:39,SOLUSDT,bid,159,6323.0
2024-08-26 01:36:39,SOLUSDT,bid,159,6558.0
2024-08-26 01:36:40,SOLUSDT,bid,159,6555.0
2024-08-26 01:36:42,SOLUSDT,bid,159,6510.0
2024-08-26 01:36:50,SOLUSDT,ask,159,6385.0
2024-08-26 01:36:54,SOLUSDT,ask,159,6549.0
2024-08-26 01:37:00,SOLUSDT,ask,159,6273.0
2024-08-26 01:37:00,SOLUSDT,ask,159,6732.0
2024-08-26 01:37:04,SOLUSDT,ask,159,6758.0
2024-08-26 01:44:47,SOLUSDT,bid,159,6280.0
2024-08-26 01:44:48,SOLUSDT,bid,159,6279.0
2024-08-26 01:44:50,SOLUSDT,bid,159,6469.0
2024-08-26 01:44:58,SOLUSDT,bid,159,6292.0
2024-08-26 01:44:58,SOLUSDT,bid,159,6286.0
2024-08-26 01:45:00,SOLUSDT,bid,159,6298.0
2024-08-26 01:45:02,SOLUSDT,bid,159,6276.0
2024-08-26 01:45:02,SOLUSDT,bid,159,6276.0
2024-08-26 01:45:13,SOLUSDT,ask,159,7353.0
2024-08-26 03:16:12,SOLUSDT,bid,159,6348.0
2024-08-26 03:16:14,SOLUSDT,bid,159,6357.0
2024-08-26 03:16:21,SOLUSDT,bid,159,6927.0
2024-08-26 03:16:24,SOLUSDT,bid,159,6351.0
2024-08-26 03:16:25,SOLUSDT,bid,159,6369.0
2024-08-26 03:16:26,SOLUSDT,bid,159,6319.0
2024-08-26 03:17:39,SOLUSDT,ask,159,10360.0
2024-08-26 03:24:55,SOLUSDT,ask,159,7110.0
2024-08-26 03:24:59,SOLUSDT,ask,159,6344.0
2024-08-26 03:25:01,SOLUSDT,ask,159,6547.0
2024-08-26 03:25:12,SOLUSDT,ask,159,6705.0
2024-08-26 03:28:45,SOLUSDT,ask,159,6315.0
2024-08-26 03:28:46,SOLUSDT,ask,159,6564.0
2024-08-26 03:28:46,SOLUSDT,ask,159,6562.0
2024-08-26 03:28:47,SOLUSDT,ask,159,6299.0
2024-08-26 03:35:14,SOLUSDT,ask,159,6287.0
2024-08-26 03:37:25,SOLUSDT,ask,159,6581.0
2024-08-26 03:37:30,SOLUSDT,ask,159,6381.0
2024-08-26 03:46:54,SOLUSDT,ask,159,6419.0
2024-08-26 03:46:54,SOLUSDT,ask,159,6332.0
2024-08-26 03:47:10,SOLUSDT,ask,159,6373.0
2024-08-26 03:47:10,SOLUSDT,ask,159,6436.0
2024-08-26 03:47:10,SOLUSDT,ask,159,6315.0
2024-08-26 03:47:15,SOLUSDT,ask,159,6396.0
2024-08-26 03:47:18,SOLUSDT,ask,159,6320.0
2024-08-26 03:47:18,SOLUSDT,ask,159,6508.0
2024-08-26 03:47:18,SOLUSDT,ask,159,6321.0
2024-08-26 03:47:18,SOLUSDT,ask,159,6520.0
2024-08-26 03:47:19,SOLUSDT,ask,159,6319.0
2024-08-26 03:47:19,SOLUSDT,ask,159,6321.0
2024-08-26 03:50:10,SOLUSDT,ask,159,6313.0
2024-08-26 03:50:23,SOLUSDT,ask,159,6459.0
2024-08-26 03:50:36,SOLUSDT,ask,159,6291.0
2024-08-26 03:50:37,SOLUSDT,ask,159,6280.0
2024-08-26 03:50:38,SOLUSDT,ask,159,6524.0
2024-08-26 03:50:42,SOLUSDT,ask,159,6350.0
2024-08-26 03:50:43,SOLUSDT,ask,159,6334.0
2024-08-26 03:50:45,SOLUSDT,ask,159,6521.0
2024-08-26 03:50:45,SOLUSDT,ask,159,6409.0
2024-08-26 03:50:46,SOLUSDT,ask,159,6288.0
2024-08-26 03:50:46,SOLUSDT,ask,159,6284.0
2024-08-26 03:50:49,SOLUSDT,ask,159,6298.0
2024-08-26 03:50:53,SOLUSDT,ask,159,6548.0
2024-08-26 03:50:59,SOLUSDT,ask,159,6356.0
2024-08-26 03:51:01,SOLUSDT,ask,159,6532.0
2024-08-26 03:55:36,SOLUSDT,bid,159,6336.0
2024-08-26 03:55:40,SOLUSDT,bid,159,6478.0
2024-08-26 03:55:40,SOLUSDT,bid,159,6503.0
2024-08-26 03:55:41,SOLUSDT,bid,159,6365.0
2024-08-26 03:55:41,SOLUSDT,bid,159,6365.0
2024-08-26 03:55:42,SOLUSDT,bid,159,6340.0
2024-08-26 03:55:51,SOLUSDT,bid,159,6326.0
2024-08-26 03:55:51,SOLUSDT,bid,159,6329.0
2024-08-26 03:55:54,SOLUSDT,bid,159,6335.0
2024-08-26 03:55:55,SOLUSDT,bid,159,6329.0
2024-08-26 03:55:56,SOLUSDT,bid,159,6329.0
2024-08-26 03:55:56,SOLUSDT,bid,159,6330.0
2024-08-26 03:55:56,SOLUSDT,bid,159,6379.0
2024-08-26 03:55:57,SOLUSDT,bid,159,6329.0
2024-08-26 03:55:59,SOLUSDT,bid,159,6354.0
2024-08-26 03:56:04,SOLUSDT,ask,159,6559.0
2024-08-26 03:56:09,SOLUSDT,ask,159,6370.0
2024-08-26 03:56:10,SOLUSDT,ask,159,6349.0
2024-08-26 03:56:18,SOLUSDT,ask,159,6356.0
2024-08-26 03:56:24,SOLUSDT,ask,159,6294.0
2024-08-26 03:56:27,SOLUSDT,ask,159,6309.0
2024-08-26 04:06:03,SOLUSDT,ask,159,6286.0
2024-08-26 04:06:07,SOLUSDT,ask,159,6369.0
2024-08-26 04:06:24,SOLUSDT,ask,159,6569.0
2024-08-26 04:06:24,SOLUSDT,ask,159,6769.0
2024-08-26 04:06:38,SOLUSDT,ask,159,6592.0
2024-08-26 04:06:38,SOLUSDT,ask,159,6283.0
2024-08-26 01:29:35,SOLUSDT,ask,160,7276.0
2024-08-26 01:30:51,SOLUSDT,ask,160,7278.0
2024-08-26 01:31:40,SOLUSDT,ask,160,7340.0
2024-08-26 04:15:59,SOLUSDT,ask,160,8701.0
2024-08-26 04:16:01,SOLUSDT,ask,160,8717.0
2024-08-26 04:16:01,SOLUSDT,ask,160,8742.0
2024-08-26 04:16:03,SOLUSDT,ask,160,8739.0
2024-08-26 04:16:03,SOLUSDT,ask,160,8742.0
2024-08-26 04:16:03,SOLUSDT,ask,160,8726.0
2024-08-26 04:16:05,SOLUSDT,ask,160,8701.0
2024-08-26 04:16:08,SOLUSDT,ask,160,8700.0
2024-08-26 04:16:14,SOLUSDT,ask,160,8697.0
2024-08-26 04:16:15,SOLUSDT,ask,160,8700.0
2024-08-26 04:16:20,SOLUSDT,ask,160,8750.0
2024-08-26 04:16:25,SOLUSDT,ask,160,8747.0
2024-08-26 04:16:44,SOLUSDT,ask,160,8805.0
2024-08-26 04:16:44,SOLUSDT,ask,160,8752.0
2024-08-26 04:16:44,SOLUSDT,ask,160,8698.0
2024-08-26 04:16:44,SOLUSDT,ask,160,8752.0
2024-08-26 04:16:48,SOLUSDT,ask,160,8695.0
2024-08-26 04:16:48,SOLUSDT,ask,160,8698.0
2024-08-26 04:16:50,SOLUSDT,ask,160,8750.0
2024-08-26 04:16:51,SOLUSDT,ask,160,8756.0
2024-08-26 04:16:51,SOLUSDT,ask,160,8750.0
2024-08-26 04:19:50,SOLUSDT,bid,160,6271.0
2024-08-26 04:19:50,SOLUSDT,bid,160,6517.0
2024-08-26 04:19:51,SOLUSDT,bid,160,6540.0
2024-08-26 04:19:51,SOLUSDT,bid,160,6772.0
2024-08-26 04:19:51,SOLUSDT,bid,160,6772.0
2024-08-26 04:19:55,SOLUSDT,bid,160,6369.0
2024-08-26 04:19:55,SOLUSDT,bid,160,6647.0
2024-08-26 04:19:58,SOLUSDT,bid,160,6270.0
2024-08-26 04:19:59,SOLUSDT,bid,160,6268.0
2024-08-26 04:19:59,SOLUSDT,bid,160,12013.0
2024-08-26 04:20:01,SOLUSDT,bid,160,6739.0
2024-08-26 04:20:01,SOLUSDT,bid,160,6583.0
2024-08-26 04:20:01,SOLUSDT,bid,160,12113.0
2024-08-26 04:20:01,SOLUSDT,bid,160,6607.0
2024-08-26 04:20:01,SOLUSDT,bid,160,6611.0
2024-08-26 04:20:01,SOLUSDT,bid,160,6275.0
2024-08-26 04:20:02,SOLUSDT,bid,160,6607.0
2024-08-26 04:20:02,SOLUSDT,bid,160,12013.0
2024-08-26 04:20:03,SOLUSDT,bid,160,12065.0
2024-08-26 04:20:03,SOLUSDT,bid,160,12066.0
2024-08-26 04:20:04,SOLUSDT,bid,160,12010.0
2024-08-26 04:20:04,SOLUSDT,bid,160,6591.0
2024-08-26 04:21:19,SOLUSDT,bid,160,6271.0
2024-08-26 04:21:21,SOLUSDT,bid,160,6791.0
2024-08-26 04:21:28,SOLUSDT,bid,160,7042.0
2024-08-26 04:21:31,SOLUSDT,bid,160,6301.0
2024-08-26 04:21:33,SOLUSDT,bid,160,6237.0
2024-08-26 04:21:38,SOLUSDT,bid,160,6324.0
2024-08-26 04:21:39,SOLUSDT,bid,160,6447.0
2024-08-26 04:21:39,SOLUSDT,bid,160,6308.0
2024-08-26 04:21:40,SOLUSDT,bid,160,6248.0
2024-08-26 04:21:40,SOLUSDT,bid,160,6249.0
2024-08-26 04:21:40,SOLUSDT,bid,160,6300.0
2024-08-26 04:21:41,SOLUSDT,bid,160,12012.0
2024-08-26 04:21:41,SOLUSDT,bid,160,11968.0
2024-08-26 04:21:42,SOLUSDT,bid,160,6444.0
2024-08-26 04:21:42,SOLUSDT,bid,160,6792.0
2024-08-26 04:21:42,SOLUSDT,bid,160,6291.0
2024-08-26 04:21:42,SOLUSDT,bid,160,11968.0
2024-08-26 04:21:42,SOLUSDT,bid,160,6268.0
2024-08-26 04:21:42,SOLUSDT,bid,160,6261.0
2024-08-26 04:21:43,SOLUSDT,bid,160,6270.0
2024-08-26 04:21:43,SOLUSDT,bid,160,11980.0
2024-08-26 04:21:44,SOLUSDT,bid,160,12100.0
2024-08-26 04:21:44,SOLUSDT,bid,160,12088.0
2024-08-26 04:21:44,SOLUSDT,bid,160,11968.0
2024-08-26 04:21:44,SOLUSDT,bid,160,6266.0
2024-08-26 04:21:45,SOLUSDT,bid,160,6240.0
2024-08-26 04:21:52,SOLUSDT,ask,161,6718.0
2024-08-26 04:21:55,SOLUSDT,ask,161,6536.0
2024-08-26 04:21:55,SOLUSDT,ask,161,6718.0
2024-08-26 04:21:57,SOLUSDT,ask,161,6429.0
2024-08-26 04:21:57,SOLUSDT,ask,161,6255.0
2024-08-26 04:40:53,SOLUSDT,ask,161,6450.0
2024-08-26 04:40:56,SOLUSDT,ask,161,6339.0
2024-08-26 04:40:56,SOLUSDT,ask,161,6575.0
2024-08-26 04:40:56,SOLUSDT,ask,161,6575.0
2024-08-26 04:40:58,SOLUSDT,ask,161,6229.0
2024-08-26 04:40:59,SOLUSDT,ask,161,6254.0
2024-08-26 04:41:01,SOLUSDT,ask,161,6285.0
2024-08-26 05:05:49,SOLUSDT,bid,161,6206.0
2024-08-26 05:27:42,SOLUSDT,ask,161,6753.0
2024-08-26 04:37:31,SOLUSDT,bid,160,6791.0
2024-08-26 04:37:39,SOLUSDT,bid,160,6224.0
2024-08-26 04:37:39,SOLUSDT,bid,160,6224.0
2024-08-26 04:37:44,SOLUSDT,bid,160,6225.0
2024-08-26 04:37:49,SOLUSDT,bid,160,6229.0
2024-08-26 04:37:56,SOLUSDT,ask,160,6338.0
2024-08-26 04:37:58,SOLUSDT,bid,160,6277.0
2024-08-26 04:37:58,SOLUSDT,ask,160,6410.0
2024-08-26 04:37:58,SOLUSDT,ask,160,6400.0
2024-08-26 04:37:59,SOLUSDT,ask,160,6555.0
2024-08-26 04:37:59,SOLUSDT,ask,160,6400.0
2024-08-26 04:37:59,SOLUSDT,ask,160,6555.0
2024-08-26 04:37:59,SOLUSDT,ask,160,6410.0
2024-08-26 04:38:00,SOLUSDT,ask,160,6400.0
2024-08-26 04:38:00,SOLUSDT,ask,160,6375.0
2024-08-26 04:38:14,SOLUSDT,bid,160,6269.0
2024-08-26 04:38:14,SOLUSDT,bid,160,6265.0
2024-08-26 04:38:16,SOLUSDT,bid,160,6266.0
2024-08-26 04:39:44,SOLUSDT,bid,160,6657.0
2024-08-26 04:39:44,SOLUSDT,bid,160,6528.0
2024-08-26 04:39:44,SOLUSDT,bid,160,6528.0
2024-08-26 04:39:45,SOLUSDT,bid,160,6580.0
2024-08-26 04:39:47,SOLUSDT,bid,160,6445.0
2024-08-26 04:39:48,SOLUSDT,bid,160,6439.0
2024-08-26 04:39:50,SOLUSDT,bid,160,6298.0
2024-08-26 04:40:01,SOLUSDT,bid,160,6255.0
2024-08-26 04:40:01,SOLUSDT,bid,160,6272.0
2024-08-26 04:40:02,SOLUSDT,bid,160,6317.0
2024-08-26 04:40:06,SOLUSDT,bid,160,6397.0
2024-08-26 04:40:07,SOLUSDT,bid,160,6329.0
2024-08-26 04:40:10,SOLUSDT,bid,160,6323.0
2024-08-26 04:40:10,SOLUSDT,bid,160,6318.0
2024-08-26 04:40:10,SOLUSDT,bid,160,6464.0
2024-08-26 04:40:10,SOLUSDT,bid,160,6266.0
2024-08-26 04:40:11,SOLUSDT,bid,160,6526.0
2024-08-26 04:40:12,SOLUSDT,bid,160,6423.0
2024-08-26 04:40:12,SOLUSDT,bid,160,6464.0
2024-08-26 04:40:14,SOLUSDT,bid,160,6290.0
2024-08-26 04:40:14,SOLUSDT,bid,160,6260.0
2024-08-26 04:40:14,SOLUSDT,bid,160,6320.0
2024-08-26 04:40:14,SOLUSDT,bid,160,6626.0
2024-08-26 04:40:14,SOLUSDT,bid,160,6277.0
2024-08-26 04:40:15,SOLUSDT,bid,160,6279.0
2024-08-26 04:40:15,SOLUSDT,bid,160,6336.0
2024-08-26 05:30:06,SOLUSDT,ask,161,6297.0
2024-08-26 05:36:27,SOLUSDT,bid,160,6454.0
2024-08-26 05:36:34,SOLUSDT,bid,160,6236.0
2024-08-26 05:36:34,SOLUSDT,bid,160,6475.0
2024-08-26 05:36:35,SOLUSDT,bid,160,6236.0
2024-08-26 05:36:37,SOLUSDT,bid,160,6258.0
2024-08-26 05:36:45,SOLUSDT,bid,160,6338.0
2024-08-26 05:36:49,SOLUSDT,bid,160,6257.0
2024-08-26 05:36:50,SOLUSDT,bid,160,6256.0
2024-08-26 05:37:00,SOLUSDT,bid,160,6337.0
2024-08-26 05:37:03,SOLUSDT,bid,160,11933.0
2024-08-26 05:37:04,SOLUSDT,bid,160,17895.0
2024-08-26 05:37:06,SOLUSDT,bid,160,6304.0
2024-08-26 05:37:06,SOLUSDT,bid,160,6284.0
2024-08-26 05:37:06,SOLUSDT,bid,160,17892.0
2024-08-26 05:37:07,SOLUSDT,bid,160,6971.0
2024-08-26 05:37:08,SOLUSDT,bid,160,6336.0
2024-08-26 05:37:08,SOLUSDT,bid,160,6863.0
2024-08-26 05:37:10,SOLUSDT,bid,160,6336.0
2024-08-26 05:37:12,SOLUSDT,bid,160,17916.0
2024-08-26 05:37:18,SOLUSDT,ask,160,11997.0
2024-08-26 05:37:20,SOLUSDT,ask,160,6776.0
2024-08-26 05:37:23,SOLUSDT,ask,160,6257.0
2024-08-26 05:37:26,SOLUSDT,ask,160,11994.0
2024-08-26 05:37:37,SOLUSDT,ask,160,6382.0
2024-08-26 05:37:38,SOLUSDT,ask,160,6231.0
2024-08-26 05:37:38,SOLUSDT,ask,160,6227.0
2024-08-26 05:37:39,SOLUSDT,ask,160,6451.0
2024-08-26 05:37:39,SOLUSDT,ask,160,6362.0
2024-08-26 05:37:39,SOLUSDT,ask,160,6448.0
2024-08-26 05:37:40,SOLUSDT,ask,160,6395.0
2024-08-26 05:37:43,SOLUSDT,ask,160,6396.0
2024-08-26 05:37:47,SOLUSDT,ask,160,6265.0
2024-08-26 05:38:17,SOLUSDT,ask,160,6253.0
2024-08-26 05:38:18,SOLUSDT,ask,160,6272.0
2024-08-26 05:38:18,SOLUSDT,ask,160,6654.0
2024-08-26 05:38:19,SOLUSDT,ask,160,6575.0
2024-08-26 05:38:19,SOLUSDT,ask,160,6494.0
2024-08-26 05:38:21,SOLUSDT,ask,160,6495.0
2024-08-26 05:38:21,SOLUSDT,ask,160,6247.0
2024-08-26 05:38:21,SOLUSDT,ask,160,6494.0
2024-08-26 05:38:21,SOLUSDT,ask,160,6261.0
2024-08-26 05:38:21,SOLUSDT,ask,160,6556.0
2024-08-26 05:38:22,SOLUSDT,ask,160,6322.0
2024-08-26 05:38:24,SOLUSDT,ask,160,6221.0
2024-08-26 05:38:25,SOLUSDT,ask,160,6267.0
2024-08-26 05:38:25,SOLUSDT,ask,160,6292.0
2024-08-26 05:38:26,SOLUSDT,ask,160,6310.0
2024-08-26 05:38:27,SOLUSDT,ask,160,6308.0
2024-08-26 05:38:27,SOLUSDT,ask,160,6309.0
2024-08-26 05:38:28,SOLUSDT,ask,160,6365.0
2024-08-26 05:38:29,SOLUSDT,ask,160,6309.0
2024-08-26 05:38:30,SOLUSDT,ask,160,6283.0
2024-08-26 05:38:31,SOLUSDT,ask,160,12086.0
2024-08-26 05:38:31,SOLUSDT,ask,160,11971.0
2024-08-26 05:38:31,SOLUSDT,ask,160,11983.0
2024-08-26 05:38:31,SOLUSDT,ask,160,11930.0
2024-08-26 05:38:32,SOLUSDT,ask,160,11918.0
2024-08-26 05:38:32,SOLUSDT,ask,160,11920.0
2024-08-26 05:38:32,SOLUSDT,ask,160,6258.0
2024-08-26 05:38:34,SOLUSDT,ask,160,11923.0
2024-08-26 05:38:35,SOLUSDT,ask,160,11923.0
2024-08-26 05:38:50,SOLUSDT,bid,160,6476.0
2024-08-26 05:38:50,SOLUSDT,bid,160,6363.0
2024-08-26 05:38:50,SOLUSDT,bid,160,6373.0
2024-08-26 05:38:52,SOLUSDT,bid,160,6799.0
2024-08-26 05:38:52,SOLUSDT,bid,160,6966.0
2024-08-26 05:38:52,SOLUSDT,bid,160,6966.0
2024-08-26 05:38:53,SOLUSDT,bid,160,6363.0
2024-08-26 05:38:53,SOLUSDT,bid,160,6472.0
2024-08-26 05:38:54,SOLUSDT,bid,160,6278.0
2024-08-26 05:38:54,SOLUSDT,bid,160,6278.0
2024-08-26 05:38:58,SOLUSDT,bid,160,6232.0
2024-08-26 05:38:59,SOLUSDT,bid,160,6287.0
2024-08-26 05:39:03,SOLUSDT,bid,160,6333.0
2024-08-26 05:39:06,SOLUSDT,bid,160,6381.0
2024-08-26 05:39:31,SOLUSDT,bid,160,6259.0
2024-08-26 05:39:33,SOLUSDT,bid,160,6314.0
2024-08-26 05:39:34,SOLUSDT,bid,160,6250.0
2024-08-26 05:39:34,SOLUSDT,bid,160,6455.0
2024-08-26 05:39:35,SOLUSDT,bid,160,6254.0
2024-08-26 05:39:36,SOLUSDT,bid,160,6280.0
2024-08-26 05:39:36,SOLUSDT,bid,160,6282.0
2024-08-26 05:39:39,SOLUSDT,bid,160,6358.0
2024-08-26 05:39:40,SOLUSDT,ask,160,6275.0
2024-08-26 05:39:40,SOLUSDT,ask,160,6329.0
2024-08-26 05:39:48,SOLUSDT,bid,160,6281.0
2024-08-26 05:39:49,SOLUSDT,bid,160,6286.0
2024-08-26 05:39:50,SOLUSDT,bid,160,6483.0
2024-08-26 05:39:50,SOLUSDT,bid,160,6480.0
2024-08-26 05:40:36,SOLUSDT,bid,160,6552.0
2024-08-26 05:40:36,SOLUSDT,bid,160,6555.0
2024-08-26 05:40:36,SOLUSDT,bid,160,6552.0
2024-08-26 05:40:37,SOLUSDT,bid,160,6535.0
2024-08-26 05:40:37,SOLUSDT,bid,160,6260.0
2024-08-26 05:40:37,SOLUSDT,bid,160,6538.0
2024-08-26 05:40:38,SOLUSDT,bid,160,6535.0
2024-08-26 05:40:38,SOLUSDT,bid,160,6538.0
2024-08-26 05:40:38,SOLUSDT,bid,160,6553.0
2024-08-26 05:40:38,SOLUSDT,bid,160,6253.0
2024-08-26 05:40:39,SOLUSDT,bid,160,6558.0
2024-08-26 05:40:39,SOLUSDT,bid,160,6319.0
2024-08-26 05:40:39,SOLUSDT,bid,160,6456.0
2024-08-26 05:40:39,SOLUSDT,bid,160,6413.0
2024-08-26 05:40:42,SOLUSDT,ask,160,6298.0
2024-08-26 05:42:56,SOLUSDT,bid,160,6529.0
2024-08-26 05:42:56,SOLUSDT,bid,160,6517.0
2024-08-26 05:42:56,SOLUSDT,bid,160,6520.0
2024-08-26 05:42:57,SOLUSDT,bid,160,6517.0
2024-08-26 05:42:57,SOLUSDT,bid,160,6520.0
2024-08-26 05:42:58,SOLUSDT,bid,160,6665.0
2024-08-26 05:42:58,SOLUSDT,bid,160,6658.0
2024-08-26 05:43:02,SOLUSDT,bid,160,6260.0
2024-08-26 05:43:17,SOLUSDT,bid,160,7218.0
2024-08-26 05:43:18,SOLUSDT,bid,160,7574.0
2024-08-26 05:43:19,SOLUSDT,bid,160,7460.0
2024-08-26 05:43:24,SOLUSDT,bid,160,6302.0
2024-08-26 05:43:24,SOLUSDT,bid,160,6244.0
2024-08-26 05:43:24,SOLUSDT,bid,160,6341.0
2024-08-26 05:43:25,SOLUSDT,bid,160,7574.0
2024-08-26 06:10:39,SOLUSDT,bid,160,6513.0
2024-08-26 06:10:41,SOLUSDT,bid,160,6244.0
2024-08-26 06:10:41,SOLUSDT,bid,160,6252.0
2024-08-26 06:10:42,SOLUSDT,bid,160,7599.0
2024-08-26 06:10:44,SOLUSDT,bid,160,6249.0
2024-08-26 06:10:51,SOLUSDT,bid,160,6238.0
2024-08-26 06:10:52,SOLUSDT,bid,160,6251.0
2024-08-26 06:10:55,SOLUSDT,ask,161,6807.0
2024-08-26 06:10:55,SOLUSDT,ask,161,7633.0
2024-08-26 06:10:56,SOLUSDT,ask,161,6221.0
2024-08-26 06:10:59,SOLUSDT,ask,160,6261.0
2024-08-26 06:11:02,SOLUSDT,ask,161,6220.0
2024-08-26 06:11:03,SOLUSDT,ask,161,6226.0
2024-08-26 06:11:05,SOLUSDT,ask,161,6661.0
2024-08-26 06:13:24,SOLUSDT,ask,161,6666.0
2024-08-26 06:13:26,SOLUSDT,ask,161,6616.0
2024-08-26 06:13:26,SOLUSDT,ask,161,6648.0
2024-08-26 06:13:56,SOLUSDT,ask,161,6622.0
2024-08-26 06:14:19,SOLUSDT,ask,161,6765.0
2024-08-26 06:14:31,SOLUSDT,ask,161,6347.0
2024-08-26 06:14:37,SOLUSDT,ask,161,6314.0
2024-08-26 06:14:39,SOLUSDT,ask,161,6341.0
2024-08-26 06:14:39,SOLUSDT,ask,161,6341.0
2024-08-26 06:14:40,SOLUSDT,ask,161,6334.0
2024-08-26 06:14:41,SOLUSDT,ask,161,6334.0
2024-08-26 06:14:41,SOLUSDT,ask,161,6352.0
2024-08-26 06:14:41,SOLUSDT,ask,161,6352.0
2024-08-26 06:14:42,SOLUSDT,ask,161,6365.0
2024-08-26 06:14:43,SOLUSDT,ask,161,6365.0
2024-08-26 06:14:44,SOLUSDT,ask,161,6353.0
2024-08-26 06:15:09,SOLUSDT,ask,161,6514.0
2024-08-26 06:15:13,SOLUSDT,ask,161,6371.0
2024-08-26 06:15:54,SOLUSDT,ask,161,6373.0
2024-08-26 06:15:55,SOLUSDT,ask,161,6312.0
2024-08-26 04:15:14,SOLUSDT,bid,159,6354.0
2024-08-26 04:15:21,SOLUSDT,bid,159,6284.0
2024-08-26 04:15:26,SOLUSDT,bid,159,7043.0
2024-08-26 04:15:27,SOLUSDT,bid,159,6441.0
2024-08-26 04:15:27,SOLUSDT,bid,159,6494.0
2024-08-26 04:15:27,SOLUSDT,bid,159,6431.0
2024-08-26 04:15:28,SOLUSDT,bid,159,6493.0
2024-08-26 04:15:28,SOLUSDT,bid,159,6474.0
2024-08-26 04:15:29,SOLUSDT,bid,159,6369.0
2024-08-26 04:15:36,SOLUSDT,bid,159,6274.0
2024-08-26 04:15:36,SOLUSDT,bid,159,6277.0
2024-08-26 04:15:36,SOLUSDT,bid,159,6525.0
2024-08-26 04:15:36,SOLUSDT,bid,159,7069.0
2024-08-26 04:15:36,SOLUSDT,bid,159,6410.0
2024-08-26 04:15:36,SOLUSDT,bid,159,6435.0
2024-08-26 04:15:37,SOLUSDT,bid,159,6438.0
2024-08-26 04:15:37,SOLUSDT,bid,159,6435.0
2024-08-26 04:15:37,SOLUSDT,bid,159,6276.0
2024-08-26 04:15:39,SOLUSDT,bid,159,6437.0
2024-08-26 04:15:39,SOLUSDT,bid,159,6273.0
2024-08-26 04:15:39,SOLUSDT,bid,159,6494.0
2024-08-26 04:15:41,SOLUSDT,bid,159,6733.0
2024-08-26 04:15:41,SOLUSDT,bid,159,6440.0
2024-08-26 04:15:42,SOLUSDT,bid,159,6437.0
2024-08-26 04:15:42,SOLUSDT,bid,159,6295.0
2024-08-26 04:15:44,SOLUSDT,bid,159,6473.0
2024-08-26 04:15:45,SOLUSDT,bid,159,6324.0
2024-08-26 04:15:47,SOLUSDT,bid,159,6292.0
2024-08-26 04:15:47,SOLUSDT,bid,159,6312.0
2024-08-26 04:15:47,SOLUSDT,bid,159,6310.0
2024-08-26 04:15:48,SOLUSDT,bid,159,6520.0
2024-08-26 04:15:48,SOLUSDT,bid,159,6508.0
2024-08-26 04:15:50,SOLUSDT,bid,159,6315.0
2024-08-26 04:15:53,SOLUSDT,bid,159,6307.0
2024-08-26 04:15:53,SOLUSDT,bid,159,6321.0
2024-08-26 04:15:53,SOLUSDT,bid,159,6412.0
2024-08-26 04:15:54,SOLUSDT,bid,159,6415.0
2024-08-26 04:15:54,SOLUSDT,bid,159,6320.0
2024-08-26 04:15:54,SOLUSDT,bid,159,6412.0
2024-08-26 04:15:54,SOLUSDT,bid,159,6433.0
2024-08-26 04:16:27,SOLUSDT,ask,159,6338.0
2024-08-26 04:16:33,SOLUSDT,ask,159,6318.0
2024-08-26 04:16:38,SOLUSDT,ask,159,6345.0
2024-08-26 04:16:48,SOLUSDT,ask,159,6286.0
2024-08-26 04:16:49,SOLUSDT,ask,159,6280.0
2024-08-26 04:16:50,SOLUSDT,ask,159,6276.0
2024-08-26 04:16:50,SOLUSDT,bid,159,6285.0
2024-08-26 04:16:51,SOLUSDT,ask,159,6273.0
2024-08-26 04:19:41,SOLUSDT,bid,159,6330.0
2024-08-26 04:19:45,SOLUSDT,bid,159,6296.0
2024-08-26 04:19:50,SOLUSDT,bid,159,6270.0
2024-08-26 06:36:34,SOLUSDT,bid,159,6484.0
2024-08-26 06:36:34,SOLUSDT,bid,159,6497.0
2024-08-26 06:36:34,SOLUSDT,bid,159,6505.0
2024-08-26 06:36:34,SOLUSDT,bid,159,6505.0
2024-08-26 06:36:35,SOLUSDT,bid,159,6505.0
2024-08-26 06:36:35,SOLUSDT,bid,159,6511.0
2024-08-26 06:36:35,SOLUSDT,bid,159,6505.0
2024-08-26 06:36:35,SOLUSDT,bid,159,6524.0
2024-08-26 06:36:35,SOLUSDT,bid,159,6505.0
2024-08-26 06:36:36,SOLUSDT,bid,159,6525.0
2024-08-26 06:36:40,SOLUSDT,bid,159,6296.0
2024-08-26 06:36:43,SOLUSDT,bid,160,6324.0
2024-08-26 06:36:44,SOLUSDT,bid,159,6493.0
2024-08-26 06:36:46,SOLUSDT,bid,159,6335.0
2024-08-26 06:36:47,SOLUSDT,bid,159,6335.0
2024-08-26 06:36:47,SOLUSDT,bid,160,12040.0
2024-08-26 06:36:48,SOLUSDT,bid,160,12028.0
2024-08-26 06:36:49,SOLUSDT,bid,159,6283.0
2024-08-26 06:36:49,SOLUSDT,bid,159,6285.0
2024-08-26 06:36:53,SOLUSDT,bid,160,6354.0
2024-08-26 06:36:53,SOLUSDT,bid,160,6345.0
2024-08-26 06:36:54,SOLUSDT,bid,160,6291.0
2024-08-26 06:36:54,SOLUSDT,bid,160,6315.0
2024-08-26 06:36:55,SOLUSDT,bid,159,6420.0
2024-08-26 06:36:55,SOLUSDT,bid,159,6425.0
2024-08-26 06:36:55,SOLUSDT,bid,159,6424.0
2024-08-26 06:36:55,SOLUSDT,bid,159,6426.0
2024-08-26 06:36:55,SOLUSDT,bid,159,6465.0
2024-08-26 06:36:55,SOLUSDT,bid,159,6426.0
2024-08-26 06:36:55,SOLUSDT,bid,159,6426.0
2024-08-26 06:36:56,SOLUSDT,bid,159,6548.0
2024-08-26 06:36:56,SOLUSDT,bid,159,6260.0
2024-08-26 06:36:57,SOLUSDT,bid,159,6308.0
2024-08-26 06:36:57,SOLUSDT,bid,159,6328.0
2024-08-26 06:37:04,SOLUSDT,bid,159,6383.0
2024-08-26 06:37:04,SOLUSDT,bid,159,6297.0
2024-08-26 06:37:04,SOLUSDT,bid,159,6383.0
2024-08-26 06:37:05,SOLUSDT,bid,159,6383.0
2024-08-26 06:37:07,SOLUSDT,bid,159,6390.0
2024-08-26 06:37:09,SOLUSDT,bid,159,6320.0
2024-08-26 06:37:10,SOLUSDT,bid,159,6304.0
2024-08-26 06:37:10,SOLUSDT,bid,159,6281.0
2024-08-26 06:37:10,SOLUSDT,bid,159,6319.0
2024-08-26 06:37:10,SOLUSDT,bid,160,12091.0
2024-08-26 06:37:10,SOLUSDT,bid,160,12236.0
2024-08-26 06:37:11,SOLUSDT,bid,160,12259.0
2024-08-26 06:37:11,SOLUSDT,bid,160,12260.0
2024-08-26 06:37:11,SOLUSDT,bid,160,12207.0
2024-08-26 06:37:12,SOLUSDT,bid,160,12216.0
2024-08-26 06:37:12,SOLUSDT,bid,160,12222.0
2024-08-26 06:37:12,SOLUSDT,bid,160,18099.0
2024-08-26 06:37:12,SOLUSDT,bid,160,12195.0
2024-08-26 06:37:13,SOLUSDT,bid,159,6726.0
2024-08-26 06:37:14,SOLUSDT,bid,159,6293.0
2024-08-26 06:37:14,SOLUSDT,bid,159,6340.0
2024-08-26 06:37:14,SOLUSDT,bid,159,6336.0
2024-08-26 06:37:14,SOLUSDT,bid,159,6337.0
2024-08-26 06:37:15,SOLUSDT,bid,159,6336.0
2024-08-26 06:37:15,SOLUSDT,bid,159,6350.0
