2024-08-16 13:09:29,ETHUSDT,bid,2600,4004.589
2024-08-16 13:09:30,ETHUSDT,bid,2600,4004.589
2024-08-16 13:09:30,ETHUSDT,bid,2600,4005.406
2024-08-16 13:09:32,ETHUSDT,bid,2600,4005.875
2024-08-16 13:09:32,ETHUSDT,bid,2600,4005.406
2024-08-16 13:09:32,ETHUSDT,bid,2600,4013.549
2024-08-16 13:09:32,ETHUSDT,bid,2600,4005.406
2024-08-16 13:09:37,ETHUSDT,bid,2600,4005.397
2024-08-16 13:09:39,ETHUSDT,bid,2600,4005.378
2024-08-16 13:09:39,ETHUSDT,bid,2600,4018.877
2024-08-16 13:09:40,ETHUSDT,bid,2600,4044.066
2024-08-16 13:09:40,ETHUSDT,bid,2600,4018.877
2024-08-16 13:09:41,ETHUSDT,bid,2600,4044.196
2024-08-16 13:09:42,ETHUSDT,bid,2600,4018.877
2024-08-16 13:09:43,ETHUSDT,bid,2600,4018.877
2024-08-16 13:09:43,ETHUSDT,bid,2600,4018.915
2024-08-16 13:10:17,ETHUSDT,bid,2600,5004.295
2024-08-16 13:10:19,ETHUSDT,bid,2600,5004.303
2024-08-16 13:10:20,ETHUSDT,bid,2600,5004.622
2024-08-16 13:10:20,ETHUSDT,bid,2600,5004.303
2024-08-16 13:10:21,ETHUSDT,bid,2600,5001.803
2024-08-16 13:10:21,ETHUSDT,bid,2600,5001.034
2024-08-16 13:10:22,ETHUSDT,bid,2600,5000.275
2024-08-16 13:10:22,ETHUSDT,bid,2600,5000.535
2024-08-16 13:37:02,ETHUSDT,bid,2610,9023.086
2024-08-16 13:37:03,ETHUSDT,bid,2610,9026.412
2024-08-16 13:37:03,ETHUSDT,bid,2610,9026.794
2024-08-16 13:37:03,ETHUSDT,bid,2610,9026.941
2024-08-16 13:37:04,ETHUSDT,bid,2610,9026.941
2024-08-16 13:37:04,ETHUSDT,bid,2610,9023.491
2024-08-16 13:37:04,ETHUSDT,bid,2610,9023.548
2024-08-16 13:37:05,ETHUSDT,bid,2610,9031.691
2024-08-16 13:37:05,ETHUSDT,bid,2610,9023.548
2024-08-16 13:37:06,ETHUSDT,bid,2610,9023.548
2024-08-16 13:37:06,ETHUSDT,bid,2610,9023.491
2024-08-16 13:37:06,ETHUSDT,bid,2610,9023.591
2024-08-16 13:37:07,ETHUSDT,bid,2610,9024.06
2024-08-16 13:37:07,ETHUSDT,bid,2610,9023.491
2024-08-16 13:37:08,ETHUSDT,bid,2610,9023.591
2024-08-16 13:37:08,ETHUSDT,bid,2610,9023.491
2024-08-16 13:37:08,ETHUSDT,bid,2610,9031.634
2024-08-16 13:37:08,ETHUSDT,bid,2610,9023.491
2024-08-16 13:37:10,ETHUSDT,bid,2610,9031.634
2024-08-16 13:37:10,ETHUSDT,bid,2610,9023.491
2024-08-16 13:37:11,ETHUSDT,bid,2610,9031.963
2024-08-16 13:37:11,ETHUSDT,bid,2610,9023.491
2024-08-16 13:37:11,ETHUSDT,bid,2610,9024.641
2024-08-16 13:37:12,ETHUSDT,bid,2610,9024.641
2024-08-16 13:37:12,ETHUSDT,bid,2610,9023.491
2024-08-16 13:37:13,ETHUSDT,bid,2610,9000.17
2024-08-16 13:37:13,ETHUSDT,bid,2610,9022.694
2024-08-16 13:37:13,ETHUSDT,bid,2610,9034.566
2024-08-16 13:37:14,ETHUSDT,bid,2610,9097.783
2024-08-16 17:33:52,ETHUSDT,bid,2610,7842.901
2024-08-16 17:33:52,ETHUSDT,bid,2610,7842.981
2024-08-16 17:33:52,ETHUSDT,bid,2610,7835.351
2024-08-16 17:33:52,ETHUSDT,bid,2610,7835.271
2024-08-16 17:33:53,ETHUSDT,bid,2610,7833.33
2024-08-16 17:33:53,ETHUSDT,bid,2610,7833.773
2024-08-16 17:33:54,ETHUSDT,bid,2610,7831.42
2024-08-16 17:33:54,ETHUSDT,bid,2610,7830.655
2024-08-16 17:33:56,ETHUSDT,bid,2610,7831.42
2024-08-16 17:33:57,ETHUSDT,bid,2610,7835.691
2024-08-16 17:33:57,ETHUSDT,bid,2610,7830.647
2024-08-16 17:33:57,ETHUSDT,bid,2610,7829.882
2024-08-16 17:33:57,ETHUSDT,bid,2610,7830.647
2024-08-16 17:33:59,ETHUSDT,bid,2610,7832.177
2024-08-16 17:34:00,ETHUSDT,bid,2610,7832.196
2024-08-16 17:34:01,ETHUSDT,bid,2610,7834.148
2024-08-16 17:34:01,ETHUSDT,bid,2610,7832.207
2024-08-16 17:34:01,ETHUSDT,bid,2610,7832.771
2024-08-16 17:34:04,ETHUSDT,bid,2610,7832.006
2024-08-16 17:34:04,ETHUSDT,bid,2610,7832.771
2024-08-16 17:34:05,ETHUSDT,bid,2610,7840.422
2024-08-16 17:34:06,ETHUSDT,bid,2610,7832.771
2024-08-16 17:34:07,ETHUSDT,bid,2610,6811.818
2024-08-16 17:34:07,ETHUSDT,bid,2610,6812.204
2024-08-16 17:34:07,ETHUSDT,bid,2610,6812.204
2024-08-16 17:34:07,ETHUSDT,bid,2610,6812.239
2024-08-16 17:34:07,ETHUSDT,bid,2610,6812.657
2024-08-16 17:34:07,ETHUSDT,bid,2610,6817.243
2024-08-16 17:34:07,ETHUSDT,bid,2610,6817.817
2024-08-16 17:34:08,ETHUSDT,bid,2610,6817.864
2024-08-16 17:34:08,ETHUSDT,bid,2610,6817.9
2024-08-16 17:34:08,ETHUSDT,bid,2610,6820.071
2024-08-16 17:34:08,ETHUSDT,bid,2610,6820.09
2024-08-16 17:34:08,ETHUSDT,bid,2610,6820.073
2024-08-16 17:34:08,ETHUSDT,bid,2610,6820.073
2024-08-16 17:34:09,ETHUSDT,bid,2610,6820.411
2024-08-16 17:34:09,ETHUSDT,bid,2610,6820.685
2024-08-16 17:34:09,ETHUSDT,bid,2610,6834.212
2024-08-16 17:34:09,ETHUSDT,bid,2610,6822.361
2024-08-16 17:34:09,ETHUSDT,bid,2610,6822.281
2024-08-16 17:34:09,ETHUSDT,bid,2610,6822.271
2024-08-16 17:34:10,ETHUSDT,bid,2610,6822.404
2024-08-16 17:34:10,ETHUSDT,bid,2610,6822.414
2024-08-16 17:34:10,ETHUSDT,bid,2610,6820.439
2024-08-16 17:34:10,ETHUSDT,bid,2610,6820.439
2024-08-16 17:34:10,ETHUSDT,bid,2610,6821.603
2024-08-16 17:34:10,ETHUSDT,bid,2610,6821.593
2024-08-16 17:34:11,ETHUSDT,bid,2610,6821.593
2024-08-16 17:34:11,ETHUSDT,bid,2610,6821.593
2024-08-16 17:34:11,ETHUSDT,bid,2610,6821.603
2024-08-16 17:34:11,ETHUSDT,bid,2610,6821.599
2024-08-16 17:34:11,ETHUSDT,bid,2610,6821.944
2024-08-16 17:34:11,ETHUSDT,bid,2610,6821.944
2024-08-16 17:34:11,ETHUSDT,bid,2610,6822.125
2024-08-16 17:34:11,ETHUSDT,bid,2610,6822.135
2024-08-16 17:34:11,ETHUSDT,bid,2610,6822.208
2024-08-16 17:34:11,ETHUSDT,bid,2610,6822.241
2024-08-16 17:34:12,ETHUSDT,bid,2610,6822.187
2024-08-16 17:34:12,ETHUSDT,bid,2610,6822.196
2024-08-16 17:34:12,ETHUSDT,bid,2610,6822.243
2024-08-16 17:34:12,ETHUSDT,bid,2610,6835.14
2024-08-16 17:34:12,ETHUSDT,bid,2610,6835.214
2024-08-16 17:34:12,ETHUSDT,bid,2610,6835.214
2024-08-16 17:34:12,ETHUSDT,bid,2610,6817.535
2024-08-16 17:34:13,ETHUSDT,bid,2610,6817.281
2024-08-16 17:34:13,ETHUSDT,bid,2610,6816.089
2024-08-16 17:34:13,ETHUSDT,bid,2610,6811.811
2024-08-16 17:34:14,ETHUSDT,bid,2610,6808.813
2024-08-16 17:34:14,ETHUSDT,bid,2610,6814.127
2024-08-16 17:34:18,ETHUSDT,bid,2610,6816.923
2024-08-16 17:34:18,ETHUSDT,bid,2610,6816.877
2024-08-16 17:34:18,ETHUSDT,bid,2610,6816.845
2024-08-16 17:34:20,ETHUSDT,bid,2610,6816.83
2024-08-16 17:34:21,ETHUSDT,bid,2610,6812.13
2024-08-16 17:34:22,ETHUSDT,bid,2610,6803.622
2024-08-16 17:34:22,ETHUSDT,bid,2610,6802.092
2024-08-16 17:34:22,ETHUSDT,bid,2610,6809.022
2024-08-16 17:34:22,ETHUSDT,bid,2610,6804.387
2024-08-16 17:34:23,ETHUSDT,bid,2610,6809.787
2024-08-16 17:34:23,ETHUSDT,bid,2610,6804.387
2024-08-16 17:34:23,ETHUSDT,bid,2610,6803.987
2024-08-16 17:34:29,ETHUSDT,bid,2610,6804.387
2024-08-16 17:34:29,ETHUSDT,bid,2610,6804.387
2024-08-16 17:34:29,ETHUSDT,bid,2610,6806.3
2024-08-16 17:34:30,ETHUSDT,bid,2610,6806.292
2024-08-16 17:34:30,ETHUSDT,bid,2610,6804.379
2024-08-16 17:34:30,ETHUSDT,bid,2610,6806.292
2024-08-16 17:34:30,ETHUSDT,bid,2610,6805.527
2024-08-16 17:34:30,ETHUSDT,bid,2610,6802.084
2024-08-16 17:34:31,ETHUSDT,bid,2610,6807.563
2024-08-16 17:34:31,ETHUSDT,bid,2610,6802.084
2024-08-16 17:34:31,ETHUSDT,bid,2610,6804.379
2024-08-16 17:34:32,ETHUSDT,bid,2610,6802.857
2024-08-16 17:34:32,ETHUSDT,bid,2610,6803.622
2024-08-16 17:34:32,ETHUSDT,bid,2610,6804.387
2024-08-16 17:34:34,ETHUSDT,bid,2610,6802.092
2024-08-16 17:34:34,ETHUSDT,bid,2610,6802.084
2024-08-16 17:34:39,ETHUSDT,bid,2610,6803.614
2024-08-16 17:34:39,ETHUSDT,bid,2610,6802.849
2024-08-16 17:34:39,ETHUSDT,bid,2610,6802.084
2024-08-16 17:34:40,ETHUSDT,bid,2610,6801.684
2024-08-16 17:34:43,ETHUSDT,bid,2610,6803.214
2024-08-16 17:34:43,ETHUSDT,bid,2610,6801.684
2024-08-16 17:34:44,ETHUSDT,bid,2610,6801.684
2024-08-16 17:34:44,ETHUSDT,bid,2610,6801.615
2024-08-16 17:34:45,ETHUSDT,bid,2610,6802.38
2024-08-16 17:34:45,ETHUSDT,bid,2610,6803.145
2024-08-16 17:34:47,ETHUSDT,bid,2610,6803.918
2024-08-16 17:34:47,ETHUSDT,bid,2610,6804.24
2024-08-16 17:34:48,ETHUSDT,bid,2610,6803.475
2024-08-16 17:34:49,ETHUSDT,bid,2610,6804.24
2024-08-16 17:34:51,ETHUSDT,bid,2610,6811.891
2024-08-16 17:34:59,ETHUSDT,bid,2610,6815.616
2024-08-16 17:35:06,ETHUSDT,bid,2610,6811.891
2024-08-16 17:35:08,ETHUSDT,bid,2610,6815.566
2024-08-16 17:35:10,ETHUSDT,bid,2610,6811.891
2024-08-16 17:35:16,ETHUSDT,bid,2610,6811.793
2024-08-16 17:35:16,ETHUSDT,bid,2610,6811.327
2024-08-16 17:35:16,ETHUSDT,bid,2610,6811.859
2024-08-16 17:35:17,ETHUSDT,bid,2610,6811.327
2024-08-16 17:35:17,ETHUSDT,bid,2610,6811.85
2024-08-16 17:35:17,ETHUSDT,bid,2610,6811.327
2024-08-16 17:35:18,ETHUSDT,bid,2610,6811.836
2024-08-16 17:35:18,ETHUSDT,bid,2610,6811.327
2024-08-16 17:35:18,ETHUSDT,bid,2610,6811.83
2024-08-16 17:35:18,ETHUSDT,bid,2610,6811.327
2024-08-16 17:35:19,ETHUSDT,bid,2610,6811.823
2024-08-16 17:35:19,ETHUSDT,bid,2610,6811.327
2024-08-16 17:35:19,ETHUSDT,bid,2610,6814.876
2024-08-16 17:35:19,ETHUSDT,bid,2610,6815.36
2024-08-16 17:35:20,ETHUSDT,bid,2610,6815.355
2024-08-16 17:35:20,ETHUSDT,bid,2610,6814.876
2024-08-16 17:35:20,ETHUSDT,bid,2610,6815.346
2024-08-16 17:35:20,ETHUSDT,bid,2610,6815.413
2024-08-16 17:35:21,ETHUSDT,bid,2610,6814.876
2024-08-16 17:35:21,ETHUSDT,bid,2610,6815.404
2024-08-16 17:35:21,ETHUSDT,bid,2610,6814.876
2024-08-16 17:35:22,ETHUSDT,bid,2610,6814.868
2024-08-16 17:35:22,ETHUSDT,bid,2610,6815.378
2024-08-16 17:35:23,ETHUSDT,bid,2610,6814.868
2024-08-16 17:35:23,ETHUSDT,bid,2610,6815.366
2024-08-16 17:35:23,ETHUSDT,bid,2610,6814.868
2024-08-16 17:35:23,ETHUSDT,bid,2610,6815.355
2024-08-16 17:35:24,ETHUSDT,bid,2610,6814.868
2024-08-16 17:35:24,ETHUSDT,bid,2610,6815.348
2024-08-16 17:35:24,ETHUSDT,bid,2610,6811.799
2024-08-16 17:35:25,ETHUSDT,bid,2610,6811.664
2024-08-16 17:35:25,ETHUSDT,bid,2610,6803.521
2024-08-16 17:35:25,ETHUSDT,bid,2610,6802.69
2024-08-16 17:35:26,ETHUSDT,bid,2610,6810.833
2024-08-16 17:35:26,ETHUSDT,bid,2610,6802.69
2024-08-16 17:35:27,ETHUSDT,bid,2610,6810.833
2024-08-16 17:35:27,ETHUSDT,bid,2610,6802.69
2024-08-16 17:35:28,ETHUSDT,bid,2610,6802.69
2024-08-16 17:35:30,ETHUSDT,bid,2610,6802.368
2024-08-16 17:35:30,ETHUSDT,bid,2610,6810.511
2024-08-16 17:35:30,ETHUSDT,bid,2610,6802.368
2024-08-16 17:35:32,ETHUSDT,bid,2610,6802.368
2024-08-16 17:35:33,ETHUSDT,bid,2610,6802.368
2024-08-16 17:35:34,ETHUSDT,bid,2610,6810.511
2024-08-16 17:35:35,ETHUSDT,bid,2610,6802.368
2024-08-16 17:35:36,ETHUSDT,bid,2610,6810.511
2024-08-16 17:35:36,ETHUSDT,bid,2610,6802.368
2024-08-16 17:35:37,ETHUSDT,bid,2610,6802.368
2024-08-16 17:35:38,ETHUSDT,bid,2610,6810.511
2024-08-16 17:35:38,ETHUSDT,bid,2610,6802.368
2024-08-16 17:35:39,ETHUSDT,bid,2610,6802.368
2024-08-16 17:35:40,ETHUSDT,bid,2610,6802.368
2024-08-16 17:35:43,ETHUSDT,bid,2610,6807.918
2024-08-16 17:35:43,ETHUSDT,bid,2610,6816.061
2024-08-16 17:35:43,ETHUSDT,bid,2610,6807.918
2024-08-16 17:35:44,ETHUSDT,bid,2610,6802.368
2024-08-16 17:35:45,ETHUSDT,bid,2610,6802.948
2024-08-16 17:35:46,ETHUSDT,bid,2610,6811.091
2024-08-16 17:35:46,ETHUSDT,bid,2610,6802.948
2024-08-16 17:35:48,ETHUSDT,bid,2610,6809.648
2024-08-16 17:35:48,ETHUSDT,bid,2610,6809.648
2024-08-16 17:35:48,ETHUSDT,bid,2610,6802.948
2024-08-16 17:35:49,ETHUSDT,bid,2610,6802.948
2024-08-16 17:35:50,ETHUSDT,bid,2610,6802.948
2024-08-16 17:35:52,ETHUSDT,bid,2610,6811.091
2024-08-16 17:35:52,ETHUSDT,bid,2610,6802.948
2024-08-16 17:35:53,ETHUSDT,bid,2610,6811.091
2024-08-16 17:35:53,ETHUSDT,bid,2610,6802.948
2024-08-16 17:35:54,ETHUSDT,bid,2610,6811.091
2024-08-16 17:35:54,ETHUSDT,bid,2610,6802.948
2024-08-16 17:35:55,ETHUSDT,bid,2610,6802.948
2024-08-16 17:35:59,ETHUSDT,bid,2610,6802.948
2024-08-16 17:36:00,ETHUSDT,bid,2610,6802.948
2024-08-16 17:36:01,ETHUSDT,bid,2610,6802.948
2024-08-16 17:36:03,ETHUSDT,bid,2610,6802.948
2024-08-16 17:36:04,ETHUSDT,bid,2610,6802.871
2024-08-16 17:36:04,ETHUSDT,bid,2610,6826.019
2024-08-16 17:36:04,ETHUSDT,bid,2610,6874.245
2024-08-16 17:36:05,ETHUSDT,bid,2610,6887.879
2024-08-16 17:36:06,ETHUSDT,bid,2610,6896.022
2024-08-16 17:36:06,ETHUSDT,bid,2610,6887.879
2024-08-16 17:36:07,ETHUSDT,bid,2610,6861.474
2024-08-16 17:36:07,ETHUSDT,bid,2610,6839.653
2024-08-16 17:36:07,ETHUSDT,bid,2610,6826.019
2024-08-16 17:36:07,ETHUSDT,bid,2610,6802.871
2024-08-16 17:36:08,ETHUSDT,bid,2610,6810.521
2024-08-16 17:36:08,ETHUSDT,bid,2610,6824.155
2024-08-16 17:36:09,ETHUSDT,bid,2610,6832.298
2024-08-16 17:36:09,ETHUSDT,bid,2610,6824.155
2024-08-16 17:36:10,ETHUSDT,bid,2610,6832.298
2024-08-16 17:36:10,ETHUSDT,bid,2610,6816.505
2024-08-16 17:36:11,ETHUSDT,bid,2610,6802.871
2024-08-16 17:36:12,ETHUSDT,bid,2610,6811.375
2024-08-16 17:36:12,ETHUSDT,bid,2610,6802.871
2024-08-16 17:36:12,ETHUSDT,bid,2610,6802.948
2024-08-16 17:36:13,ETHUSDT,bid,2610,6811.091
2024-08-16 17:36:13,ETHUSDT,bid,2610,6802.948
2024-08-16 17:36:14,ETHUSDT,bid,2610,6802.948
2024-08-16 17:36:15,ETHUSDT,bid,2610,6802.948
2024-08-16 17:36:16,ETHUSDT,bid,2610,6811.091
2024-08-16 17:36:16,ETHUSDT,bid,2610,6802.948
2024-08-16 17:36:17,ETHUSDT,bid,2610,6802.948
2024-08-16 17:36:17,ETHUSDT,bid,2610,6803.348
2024-08-16 17:36:18,ETHUSDT,bid,2610,6803.348
2024-08-16 17:36:19,ETHUSDT,bid,2610,6803.348
2024-08-16 17:36:21,ETHUSDT,bid,2610,6803.348
2024-08-16 17:36:22,ETHUSDT,bid,2610,6803.348
2024-08-16 17:36:22,ETHUSDT,bid,2610,6803.271
2024-08-16 17:36:22,ETHUSDT,bid,2610,6811.414
2024-08-16 17:36:22,ETHUSDT,bid,2610,6803.271
2024-08-16 17:36:23,ETHUSDT,bid,2610,6811.414
2024-08-16 17:36:23,ETHUSDT,bid,2610,6803.271
2024-08-16 17:36:24,ETHUSDT,bid,2610,6803.271
2024-08-16 17:36:25,ETHUSDT,bid,2610,6803.271
2024-08-16 17:36:25,ETHUSDT,bid,2610,6802.871
2024-08-16 17:36:26,ETHUSDT,bid,2610,6811.014
2024-08-16 17:36:26,ETHUSDT,bid,2610,6802.871
2024-08-16 17:36:27,ETHUSDT,bid,2610,6802.871
2024-08-16 17:36:27,ETHUSDT,bid,2610,6810.511
2024-08-16 17:36:28,ETHUSDT,bid,2610,6810.511
2024-08-16 17:36:29,ETHUSDT,bid,2610,6811.014
2024-08-16 17:36:29,ETHUSDT,bid,2610,6802.871
2024-08-16 17:36:30,ETHUSDT,bid,2610,6811.014
2024-08-16 17:36:30,ETHUSDT,bid,2610,6802.871
2024-08-16 17:36:31,ETHUSDT,bid,2610,6802.871
2024-08-16 17:36:32,ETHUSDT,bid,2610,6802.871
2024-08-16 17:36:33,ETHUSDT,bid,2610,6802.291
2024-08-16 17:36:33,ETHUSDT,bid,2610,6802.291
2024-08-16 17:36:33,ETHUSDT,bid,2610,6801.711
2024-08-16 17:36:34,ETHUSDT,bid,2610,6809.854
2024-08-16 17:36:34,ETHUSDT,bid,2610,6801.711
2024-08-16 17:36:35,ETHUSDT,bid,2610,6801.711
2024-08-16 17:36:35,ETHUSDT,bid,2610,6801.711
2024-08-16 17:36:35,ETHUSDT,bid,2610,6832.692
2024-08-16 17:36:36,ETHUSDT,bid,2610,6832.692
2024-08-16 17:36:37,ETHUSDT,bid,2610,6801.711
2024-08-16 17:36:45,ETHUSDT,bid,2610,6801.711
2024-08-16 17:36:45,ETHUSDT,bid,2610,6802.093
2024-08-16 17:36:46,ETHUSDT,bid,2610,6801.711
2024-08-16 17:36:49,ETHUSDT,bid,2610,6802.093
2024-08-16 17:36:50,ETHUSDT,bid,2610,6810.236
2024-08-16 17:36:50,ETHUSDT,bid,2610,6802.093
2024-08-16 17:36:50,ETHUSDT,bid,2610,6801.711
2024-08-16 17:36:50,ETHUSDT,bid,2610,6801.731
2024-08-16 17:36:51,ETHUSDT,bid,2610,6801.711
2024-08-16 17:36:52,ETHUSDT,bid,2610,6809.359
2024-08-16 17:36:54,ETHUSDT,bid,2610,6809.359
2024-08-16 17:36:56,ETHUSDT,bid,2610,6809.379
2024-08-16 17:36:56,ETHUSDT,bid,2610,6809.359
2024-08-16 17:36:57,ETHUSDT,bid,2610,6817.502
2024-08-16 17:36:57,ETHUSDT,bid,2610,6809.359
2024-08-16 17:36:57,ETHUSDT,bid,2610,6809.397
2024-08-16 17:36:58,ETHUSDT,bid,2610,6802.111
2024-08-16 17:36:58,ETHUSDT,bid,2610,6802.111
2024-08-16 17:36:58,ETHUSDT,bid,2610,6802.911
2024-08-16 17:36:59,ETHUSDT,bid,2610,6802.911
2024-08-16 17:37:00,ETHUSDT,bid,2610,6811.415
2024-08-16 17:37:00,ETHUSDT,bid,2610,6802.911
2024-08-16 17:37:00,ETHUSDT,bid,2610,6801.711
2024-08-16 17:37:01,ETHUSDT,bid,2610,6809.854
2024-08-16 17:37:01,ETHUSDT,bid,2610,6801.711
2024-08-16 17:37:02,ETHUSDT,bid,2610,6801.711
2024-08-16 17:37:02,ETHUSDT,bid,2610,6801.711
2024-08-16 17:37:03,ETHUSDT,bid,2610,6810.215
2024-08-16 17:37:03,ETHUSDT,bid,2610,6801.711
2024-08-16 17:37:04,ETHUSDT,bid,2610,6801.711
2024-08-16 17:37:04,ETHUSDT,bid,2610,6801.711
2024-08-16 17:37:05,ETHUSDT,bid,2610,6801.711
2024-08-16 17:37:05,ETHUSDT,bid,2610,6812.035
2024-08-16 17:37:07,ETHUSDT,bid,2610,6812.417
2024-08-16 17:37:07,ETHUSDT,bid,2610,6812.035
2024-08-16 17:37:07,ETHUSDT,bid,2610,6817.359
2024-08-16 17:37:07,ETHUSDT,bid,2610,6812.035
2024-08-16 17:37:08,ETHUSDT,bid,2610,6812.045
2024-08-16 17:37:09,ETHUSDT,bid,2610,6817.307
2024-08-16 17:37:09,ETHUSDT,bid,2610,6812.045
2024-08-16 17:37:09,ETHUSDT,bid,2610,6812.435
2024-08-16 17:37:09,ETHUSDT,bid,2610,6812.035
2024-08-16 17:37:10,ETHUSDT,bid,2610,6801.711
2024-08-16 17:37:12,ETHUSDT,bid,2610,6801.885
2024-08-16 17:37:13,ETHUSDT,bid,2610,6800.12
2024-08-16 17:37:13,ETHUSDT,bid,2610,6799.355
2024-08-16 17:37:18,ETHUSDT,bid,2610,6802.803
2024-08-16 17:37:19,ETHUSDT,bid,2610,6800.893
2024-08-16 17:37:19,ETHUSDT,bid,2610,6801.278
2024-08-16 17:37:19,ETHUSDT,bid,2610,6800.893
2024-08-16 17:37:19,ETHUSDT,bid,2610,6801.658
2024-08-16 17:37:24,ETHUSDT,bid,2610,6801.65
2024-08-16 17:37:24,ETHUSDT,bid,2610,6799.355
2024-08-16 17:37:25,ETHUSDT,bid,2610,6801.268
2024-08-16 17:37:26,ETHUSDT,bid,2610,6803.563
2024-08-16 17:37:26,ETHUSDT,bid,2610,6803.571
2024-08-16 17:37:28,ETHUSDT,bid,2610,6803.571
2024-08-16 17:37:28,ETHUSDT,bid,2610,6803.581
2024-08-16 17:37:28,ETHUSDT,bid,2610,6803.581
2024-08-16 17:37:30,ETHUSDT,bid,2610,6801.658
2024-08-16 17:37:31,ETHUSDT,bid,2610,6801.65
2024-08-16 17:37:31,ETHUSDT,bid,2610,6807.118
2024-08-16 17:37:31,ETHUSDT,bid,2610,6809.031
2024-08-16 17:37:31,ETHUSDT,bid,2610,6803.563
2024-08-16 17:37:31,ETHUSDT,bid,2610,6801.65
2024-08-16 17:37:32,ETHUSDT,bid,2610,6801.648
2024-08-16 17:37:32,ETHUSDT,bid,2610,6803.178
2024-08-16 17:37:32,ETHUSDT,bid,2610,6803.943
2024-08-16 17:37:32,ETHUSDT,bid,2610,6801.65
2024-08-16 17:37:34,ETHUSDT,bid,2610,6801.658
2024-08-16 17:37:36,ETHUSDT,bid,2610,6802.256
2024-08-16 17:37:37,ETHUSDT,bid,2610,6810.399
2024-08-16 17:37:37,ETHUSDT,bid,2610,6810.017
2024-08-16 17:37:41,ETHUSDT,bid,2610,6801.874
2024-08-16 17:37:41,ETHUSDT,bid,2610,6810.017
2024-08-16 17:37:44,ETHUSDT,bid,2610,6817.665
2024-08-16 17:37:44,ETHUSDT,bid,2610,6810.017
2024-08-16 17:37:52,ETHUSDT,bid,2610,6811.957
2024-08-16 17:37:53,ETHUSDT,bid,2610,6801.101
2024-08-16 17:37:53,ETHUSDT,bid,2610,6801.866
2024-08-16 17:37:53,ETHUSDT,bid,2610,6802.266
2024-08-16 17:37:53,ETHUSDT,bid,2610,6801.866
2024-08-16 17:37:54,ETHUSDT,bid,2610,6801.874
2024-08-16 17:37:55,ETHUSDT,bid,2610,6805.552
2024-08-16 17:37:55,ETHUSDT,bid,2610,6801.874
2024-08-16 17:37:55,ETHUSDT,bid,2610,6806.579
2024-08-16 17:37:56,ETHUSDT,bid,2610,6814.227
2024-08-16 17:37:58,ETHUSDT,bid,2610,6814.28
2024-08-16 17:37:58,ETHUSDT,bid,2610,6801.711
2024-08-16 17:37:59,ETHUSDT,bid,2610,6801.711
2024-08-16 17:38:00,ETHUSDT,bid,2610,6801.711
2024-08-16 17:38:00,ETHUSDT,bid,2610,6813.18
2024-08-16 17:38:01,ETHUSDT,bid,2610,6813.18
2024-08-16 17:38:01,ETHUSDT,bid,2610,6817.0
2024-08-16 17:38:05,ETHUSDT,bid,2610,6805.531
2024-08-16 17:38:06,ETHUSDT,bid,2610,6801.711
2024-08-16 17:38:06,ETHUSDT,bid,2610,6801.843
2024-08-16 17:38:08,ETHUSDT,bid,2610,6801.843
2024-08-16 17:38:09,ETHUSDT,bid,2610,6801.843
2024-08-16 17:38:11,ETHUSDT,bid,2610,6801.843
2024-08-16 17:38:13,ETHUSDT,bid,2610,6801.843
2024-08-16 17:38:15,ETHUSDT,bid,2610,6809.986
2024-08-16 17:38:15,ETHUSDT,bid,2610,6801.843
2024-08-16 17:38:20,ETHUSDT,bid,2610,6863.041
2024-08-16 17:38:21,ETHUSDT,bid,2610,6863.041
2024-08-16 17:38:22,ETHUSDT,bid,2610,6801.843
2024-08-16 17:38:22,ETHUSDT,bid,2610,6809.986
2024-08-16 17:38:22,ETHUSDT,bid,2610,6802.093
2024-08-16 17:38:23,ETHUSDT,bid,2610,6801.711
2024-08-16 17:38:23,ETHUSDT,bid,2610,6801.711
2024-08-16 17:38:24,ETHUSDT,bid,2610,6809.854
2024-08-16 17:38:24,ETHUSDT,bid,2610,6801.711
2024-08-16 17:38:25,ETHUSDT,bid,2610,6801.711
2024-08-16 17:38:25,ETHUSDT,bid,2610,6813.18
2024-08-16 17:38:28,ETHUSDT,bid,2610,6821.323
2024-08-16 17:38:28,ETHUSDT,bid,2610,6813.18
2024-08-16 17:38:29,ETHUSDT,bid,2610,6813.18
2024-08-16 17:38:30,ETHUSDT,bid,2610,6801.711
2024-08-16 17:38:33,ETHUSDT,bid,2610,6809.854
2024-08-16 17:38:33,ETHUSDT,bid,2610,6801.711
2024-08-16 17:38:34,ETHUSDT,bid,2610,6809.854
2024-08-16 17:38:34,ETHUSDT,bid,2610,6801.711
2024-08-16 17:38:35,ETHUSDT,bid,2610,6801.711
2024-08-16 17:38:36,ETHUSDT,bid,2610,6809.854
2024-08-16 17:38:36,ETHUSDT,bid,2610,6801.711
2024-08-16 17:38:37,ETHUSDT,bid,2610,6801.806
2024-08-16 17:38:37,ETHUSDT,bid,2610,6801.806
2024-08-16 17:38:37,ETHUSDT,bid,2610,6801.711
2024-08-16 17:38:38,ETHUSDT,bid,2610,6801.711
2024-08-16 17:38:39,ETHUSDT,bid,2610,6820.05
2024-08-16 17:38:39,ETHUSDT,bid,2610,6820.05
2024-08-16 17:38:40,ETHUSDT,bid,2610,6801.711
2024-08-16 17:38:40,ETHUSDT,bid,2610,6801.711
2024-08-16 17:38:41,ETHUSDT,bid,2610,6809.854
2024-08-16 17:38:41,ETHUSDT,bid,2610,6820.05
2024-08-16 17:38:41,ETHUSDT,bid,2610,6801.711
2024-08-16 17:38:42,ETHUSDT,bid,2610,6809.854
2024-08-16 17:38:42,ETHUSDT,bid,2610,6801.711
2024-08-16 17:38:43,ETHUSDT,bid,2610,6801.711
2024-08-16 17:38:44,ETHUSDT,bid,2610,6809.854
2024-08-16 17:38:44,ETHUSDT,bid,2610,6801.711
2024-08-16 17:38:44,ETHUSDT,bid,2610,6818.919
2024-08-16 17:38:45,ETHUSDT,bid,2610,6818.919
2024-08-16 17:38:46,ETHUSDT,bid,2610,6818.919
2024-08-16 17:38:46,ETHUSDT,bid,2610,6825.619
2024-08-16 17:38:47,ETHUSDT,bid,2610,6818.919
2024-08-16 17:38:48,ETHUSDT,bid,2610,6818.919
2024-08-16 17:38:58,ETHUSDT,bid,2610,6818.939
2024-08-16 17:38:59,ETHUSDT,bid,2610,6801.731
2024-08-16 17:39:01,ETHUSDT,bid,2610,6820.07
2024-08-16 17:39:01,ETHUSDT,bid,2610,6828.213
2024-08-16 17:39:01,ETHUSDT,bid,2610,6820.07
2024-08-16 17:39:01,ETHUSDT,bid,2610,6801.731
2024-08-16 17:39:02,ETHUSDT,bid,2610,6809.874
2024-08-16 17:39:02,ETHUSDT,bid,2610,6801.731
2024-08-16 17:39:03,ETHUSDT,bid,2610,6801.711
2024-08-16 17:39:03,ETHUSDT,bid,2610,6801.846
2024-08-16 17:39:04,ETHUSDT,bid,2610,6802.207
2024-08-16 17:39:04,ETHUSDT,bid,2610,6801.846
2024-08-16 17:39:05,ETHUSDT,bid,2610,6809.989
2024-08-16 17:39:05,ETHUSDT,bid,2610,6801.846
2024-08-16 17:39:06,ETHUSDT,bid,2610,6801.846
2024-08-16 17:39:07,ETHUSDT,bid,2610,6808.263
2024-08-16 17:39:07,ETHUSDT,bid,2610,6807.526
2024-08-16 17:39:08,ETHUSDT,bid,2610,6807.526
2024-08-16 17:39:09,ETHUSDT,bid,2610,6806.761
2024-08-16 17:39:11,ETHUSDT,bid,2610,6808.926
2024-08-16 17:39:12,ETHUSDT,bid,2610,6807.926
2024-08-16 17:39:13,ETHUSDT,bid,2610,6807.526
2024-08-16 17:39:13,ETHUSDT,bid,2610,6812.668
2024-08-16 17:39:14,ETHUSDT,bid,2610,6807.526
2024-08-16 17:39:14,ETHUSDT,bid,2610,6801.838
2024-08-16 17:39:14,ETHUSDT,bid,2610,6806.98
2024-08-16 17:39:14,ETHUSDT,bid,2610,6801.838
2024-08-16 17:39:15,ETHUSDT,bid,2610,6802.258
2024-08-16 17:39:17,ETHUSDT,bid,2610,6810.401
2024-08-16 17:39:17,ETHUSDT,bid,2610,6813.883
2024-08-16 17:39:19,ETHUSDT,bid,2610,6801.838
2024-08-16 17:39:20,ETHUSDT,bid,2610,6810.342
2024-08-16 17:39:20,ETHUSDT,bid,2610,6801.838
2024-08-16 17:39:21,ETHUSDT,bid,2610,6809.981
2024-08-16 17:39:21,ETHUSDT,bid,2610,6801.838
2024-08-16 17:39:22,ETHUSDT,bid,2610,6801.838
2024-08-16 17:39:22,ETHUSDT,bid,2610,6802.418
2024-08-16 17:39:23,ETHUSDT,bid,2610,6802.418
2024-08-16 17:39:24,ETHUSDT,bid,2610,6802.754
2024-08-16 17:39:24,ETHUSDT,bid,2610,6810.897
2024-08-16 17:39:24,ETHUSDT,bid,2610,6802.754
2024-08-16 17:39:24,ETHUSDT,bid,2610,6802.754
2024-08-16 17:39:24,ETHUSDT,bid,2610,6805.154
2024-08-16 17:39:25,ETHUSDT,bid,2610,6805.154
2024-08-16 17:39:26,ETHUSDT,bid,2610,6813.297
2024-08-16 17:39:26,ETHUSDT,bid,2610,6805.154
2024-08-16 17:39:27,ETHUSDT,bid,2610,6810.404
2024-08-16 17:39:28,ETHUSDT,bid,2610,6810.404
2024-08-16 17:39:28,ETHUSDT,bid,2610,6810.068
2024-08-16 17:39:29,ETHUSDT,bid,2610,6810.058
2024-08-16 17:39:31,ETHUSDT,bid,2610,6818.201
2024-08-16 17:39:31,ETHUSDT,bid,2610,6810.058
2024-08-16 17:39:32,ETHUSDT,bid,2610,6812.331
2024-08-16 17:39:32,ETHUSDT,bid,2610,6812.331
2024-08-16 17:39:34,ETHUSDT,bid,2610,6812.331
2024-08-16 17:39:36,ETHUSDT,bid,2610,6820.474
2024-08-16 17:39:36,ETHUSDT,bid,2610,6812.331
2024-08-16 17:39:37,ETHUSDT,bid,2610,6812.331
2024-08-16 17:39:38,ETHUSDT,bid,2610,6820.474
2024-08-16 17:39:38,ETHUSDT,bid,2610,6812.331
2024-08-16 17:39:40,ETHUSDT,bid,2610,6812.331
2024-08-16 17:39:41,ETHUSDT,bid,2610,6812.331
2024-08-16 17:39:42,ETHUSDT,bid,2610,6812.331
2024-08-16 17:39:44,ETHUSDT,bid,2610,6804.691
2024-08-16 17:39:44,ETHUSDT,bid,2610,6810.425
2024-08-16 17:39:44,ETHUSDT,bid,2610,6815.444
2024-08-16 17:39:44,ETHUSDT,bid,2610,6815.452
2024-08-16 17:39:45,ETHUSDT,bid,2610,6815.452
2024-08-16 17:39:46,ETHUSDT,bid,2610,6823.587
2024-08-16 17:39:46,ETHUSDT,bid,2610,6815.444
2024-08-16 17:39:46,ETHUSDT,bid,2610,6816.644
2024-08-16 17:39:47,ETHUSDT,bid,2610,6823.335
2024-08-16 17:39:47,ETHUSDT,bid,2610,6823.335
2024-08-16 17:39:48,ETHUSDT,bid,2610,6822.935
2024-08-16 17:39:48,ETHUSDT,bid,2610,6822.935
2024-08-16 17:39:49,ETHUSDT,bid,2610,6831.078
2024-08-16 17:39:49,ETHUSDT,bid,2610,6822.935
2024-08-16 17:39:49,ETHUSDT,bid,2610,6811.202
2024-08-16 17:39:49,ETHUSDT,bid,2610,6805.467
2024-08-16 17:39:50,ETHUSDT,bid,2610,6813.61
2024-08-16 17:39:50,ETHUSDT,bid,2610,6805.467
2024-08-16 17:39:51,ETHUSDT,bid,2610,6805.467
2024-08-16 17:39:52,ETHUSDT,bid,2610,6806.232
2024-08-16 17:39:52,ETHUSDT,bid,2610,6814.375
2024-08-16 17:39:52,ETHUSDT,bid,2610,6806.232
2024-08-16 17:39:53,ETHUSDT,bid,2610,6806.232
2024-08-16 17:39:53,ETHUSDT,bid,2610,6807.379
2024-08-16 17:39:54,ETHUSDT,bid,2610,6807.379
2024-08-16 17:39:55,ETHUSDT,bid,2610,6815.522
2024-08-16 17:39:55,ETHUSDT,bid,2610,6807.379
2024-08-16 17:39:56,ETHUSDT,bid,2610,6815.522
2024-08-16 17:39:56,ETHUSDT,bid,2610,6807.379
2024-08-16 17:39:57,ETHUSDT,bid,2610,6815.522
2024-08-16 17:39:57,ETHUSDT,bid,2610,6807.379
2024-08-16 17:39:58,ETHUSDT,bid,2610,6807.379
2024-08-16 17:39:58,ETHUSDT,bid,2610,6810.802
2024-08-16 17:39:59,ETHUSDT,bid,2610,6810.802
2024-08-16 17:40:00,ETHUSDT,bid,2610,6810.802
2024-08-16 17:40:01,ETHUSDT,bid,2610,6802.369
2024-08-16 17:40:01,ETHUSDT,bid,2610,6802.969
2024-08-16 17:40:01,ETHUSDT,bid,2610,6802.369
2024-08-16 17:40:01,ETHUSDT,bid,2610,6802.669
2024-08-16 17:40:01,ETHUSDT,bid,2610,6802.464
2024-08-16 17:40:01,ETHUSDT,bid,2610,6802.369
2024-08-16 17:40:01,ETHUSDT,bid,2610,6802.407
2024-08-16 17:40:02,ETHUSDT,bid,2610,6802.807
2024-08-16 17:40:02,ETHUSDT,bid,2610,6802.407
2024-08-16 17:40:02,ETHUSDT,bid,2610,6802.607
2024-08-16 17:40:02,ETHUSDT,bid,2610,6803.007
2024-08-16 17:40:03,ETHUSDT,bid,2610,6811.211
2024-08-16 17:40:03,ETHUSDT,bid,2610,6802.707
2024-08-16 17:40:03,ETHUSDT,bid,2610,6802.407
2024-08-16 17:40:03,ETHUSDT,bid,2610,6802.595
2024-08-16 17:40:04,ETHUSDT,bid,2610,6811.099
2024-08-16 17:40:04,ETHUSDT,bid,2610,6802.595
2024-08-16 17:40:10,ETHUSDT,bid,2610,6802.426
2024-08-16 17:40:10,ETHUSDT,bid,2610,6802.026
2024-08-16 17:40:12,ETHUSDT,bid,2610,6802.026
2024-08-16 17:40:13,ETHUSDT,bid,2610,6802.026
2024-08-16 17:40:14,ETHUSDT,bid,2610,6802.026
2024-08-16 17:40:14,ETHUSDT,bid,2610,6802.064
2024-08-16 17:40:15,ETHUSDT,bid,2610,6802.084
2024-08-16 17:40:15,ETHUSDT,bid,2610,6802.122
2024-08-16 17:40:16,ETHUSDT,bid,2610,6802.16
2024-08-16 17:40:16,ETHUSDT,bid,2610,6802.16
2024-08-16 17:40:17,ETHUSDT,bid,2610,6802.16
2024-08-16 17:40:17,ETHUSDT,bid,2610,6802.057
2024-08-16 17:40:18,ETHUSDT,bid,2610,6810.2
2024-08-16 17:40:18,ETHUSDT,bid,2610,6802.057
2024-08-16 17:40:18,ETHUSDT,bid,2610,6802.046
2024-08-16 17:40:19,ETHUSDT,bid,2610,6810.189
2024-08-16 17:40:19,ETHUSDT,bid,2610,6802.046
2024-08-16 17:40:20,ETHUSDT,bid,2610,6810.189
2024-08-16 17:40:20,ETHUSDT,bid,2610,6802.046
2024-08-16 17:40:21,ETHUSDT,bid,2610,6809.692
2024-08-16 17:40:21,ETHUSDT,bid,2610,6802.046
2024-08-16 17:40:22,ETHUSDT,bid,2610,6820.576
2024-08-16 17:40:22,ETHUSDT,bid,2610,6812.072
2024-08-16 17:40:22,ETHUSDT,bid,2610,6805.62
2024-08-16 17:40:22,ETHUSDT,bid,2610,6813.66
2024-08-16 17:40:23,ETHUSDT,bid,2610,6814.124
2024-08-16 17:40:23,ETHUSDT,bid,2610,6805.62
2024-08-16 17:40:24,ETHUSDT,bid,2610,6805.62
2024-08-16 17:40:25,ETHUSDT,bid,2610,6814.124
2024-08-16 17:40:25,ETHUSDT,bid,2610,6805.62
2024-08-16 17:40:25,ETHUSDT,bid,2610,6804.426
2024-08-16 17:40:26,ETHUSDT,bid,2610,6812.569
2024-08-16 17:40:26,ETHUSDT,bid,2610,6804.426
2024-08-16 17:40:27,ETHUSDT,bid,2610,6804.426
2024-08-16 17:40:28,ETHUSDT,bid,2610,6812.569
2024-08-16 17:40:28,ETHUSDT,bid,2610,6804.426
2024-08-16 17:40:28,ETHUSDT,bid,2610,6802.026
2024-08-16 17:40:29,ETHUSDT,bid,2610,6802.026
2024-08-16 17:40:30,ETHUSDT,bid,2610,6802.026
2024-08-16 17:40:31,ETHUSDT,bid,2610,6810.169
2024-08-16 17:40:31,ETHUSDT,bid,2610,6802.026
2024-08-16 17:40:32,ETHUSDT,bid,2610,6810.169
2024-08-16 17:40:32,ETHUSDT,bid,2610,6802.026
2024-08-16 17:40:32,ETHUSDT,bid,2610,6820.237
2024-08-16 17:40:33,ETHUSDT,bid,2610,6820.237
2024-08-16 17:40:34,ETHUSDT,bid,2610,6828.083
2024-08-16 17:40:34,ETHUSDT,bid,2610,6828.083
2024-08-16 17:40:35,ETHUSDT,bid,2610,6836.226
2024-08-16 17:40:35,ETHUSDT,bid,2610,6828.083
2024-08-16 17:40:35,ETHUSDT,bid,2610,6821.383
2024-08-16 17:40:36,ETHUSDT,bid,2610,6829.526
2024-08-16 17:40:36,ETHUSDT,bid,2610,6821.383
2024-08-16 17:40:37,ETHUSDT,bid,2610,6821.383
2024-08-16 17:40:38,ETHUSDT,bid,2610,6821.383
2024-08-16 17:40:39,ETHUSDT,bid,2610,6821.383
2024-08-16 17:40:40,ETHUSDT,bid,2610,6821.383
2024-08-16 17:40:41,ETHUSDT,bid,2610,6821.383
2024-08-16 17:40:42,ETHUSDT,bid,2610,6821.383
2024-08-16 17:40:43,ETHUSDT,bid,2610,6821.383
2024-08-16 17:40:44,ETHUSDT,bid,2610,6821.383
2024-08-16 17:40:45,ETHUSDT,bid,2610,6829.526
2024-08-16 17:40:45,ETHUSDT,bid,2610,6821.383
2024-08-16 17:40:46,ETHUSDT,bid,2610,6821.383
2024-08-16 17:40:47,ETHUSDT,bid,2610,6821.383
2024-08-16 17:40:47,ETHUSDT,bid,2610,6821.512
2024-08-16 17:40:47,ETHUSDT,bid,2610,6821.383
2024-08-16 17:40:48,ETHUSDT,bid,2610,6829.526
2024-08-16 17:40:48,ETHUSDT,bid,2610,6821.383
2024-08-16 17:40:48,ETHUSDT,bid,2610,6803.172
2024-08-16 17:40:50,ETHUSDT,bid,2610,6803.172
2024-08-16 17:40:52,ETHUSDT,bid,2610,6808.722
2024-08-16 17:40:52,ETHUSDT,bid,2610,6803.172
2024-08-16 17:40:52,ETHUSDT,bid,2610,6803.217
2024-08-16 17:40:53,ETHUSDT,bid,2610,6815.467
2024-08-16 17:40:53,ETHUSDT,bid,2610,6803.217
2024-08-16 17:40:54,ETHUSDT,bid,2610,6800.877
2024-08-16 17:41:00,ETHUSDT,bid,2610,6801.213
2024-08-16 17:41:04,ETHUSDT,bid,2610,6800.898
2024-08-16 17:41:05,ETHUSDT,bid,2610,6800.562
2024-08-16 17:41:07,ETHUSDT,bid,2610,6803.599
2024-08-16 17:41:08,ETHUSDT,bid,2610,6800.562
2024-08-16 17:41:08,ETHUSDT,bid,2610,6801.708
2024-08-16 17:41:11,ETHUSDT,bid,2610,6801.765
2024-08-16 17:42:11,ETHUSDT,bid,2610,6801.778
2024-08-16 17:42:37,ETHUSDT,bid,2610,6799.486
2024-08-16 17:44:17,ETHUSDT,bid,2610,6800.635
2024-08-16 17:44:21,ETHUSDT,bid,2610,6804.145
2024-08-16 17:44:26,ETHUSDT,bid,2610,6804.336
2024-08-16 17:44:32,ETHUSDT,bid,2610,6804.32
2024-08-16 17:44:38,ETHUSDT,bid,2610,6804.129
2024-08-16 17:44:50,ETHUSDT,bid,2610,6805.165
2024-08-16 17:44:50,ETHUSDT,bid,2610,6801.655
2024-08-16 17:44:56,ETHUSDT,bid,2610,6807.391
2024-08-16 17:45:16,ETHUSDT,bid,2610,6807.406
2024-08-16 17:45:20,ETHUSDT,bid,2610,6806.37
2024-08-16 17:45:30,ETHUSDT,bid,2610,6800.631
2024-08-16 17:45:34,ETHUSDT,bid,2610,6802.923
2024-08-16 17:45:38,ETHUSDT,bid,2610,6801.762
2024-08-16 17:45:48,ETHUSDT,bid,2610,6801.762
2024-08-16 17:45:52,ETHUSDT,bid,2610,6801.961
2024-08-16 17:45:56,ETHUSDT,bid,2610,6801.762
2024-08-16 17:45:57,ETHUSDT,bid,2610,6809.905
2024-08-16 17:45:57,ETHUSDT,bid,2610,6801.762
2024-08-16 17:45:57,ETHUSDT,bid,2610,6801.891
2024-08-16 17:45:58,ETHUSDT,bid,2610,6801.834
2024-08-16 17:45:58,ETHUSDT,bid,2610,6801.963
2024-08-16 17:45:58,ETHUSDT,bid,2610,6801.977
2024-08-16 17:46:00,ETHUSDT,bid,2610,6803.637
2024-08-16 17:46:01,ETHUSDT,bid,2610,6812.142
2024-08-16 17:46:01,ETHUSDT,bid,2610,6803.637
2024-08-16 17:46:02,ETHUSDT,bid,2610,6811.78
2024-08-16 17:46:03,ETHUSDT,bid,2610,6811.76
2024-08-16 17:46:04,ETHUSDT,bid,2610,6809.848
2024-08-16 17:46:04,ETHUSDT,bid,2610,6811.248
2024-08-16 17:46:04,ETHUSDT,bid,2610,6812.013
2024-08-16 17:46:05,ETHUSDT,bid,2610,6811.413
2024-08-16 17:46:05,ETHUSDT,bid,2610,6802.832
2024-08-16 17:46:05,ETHUSDT,bid,2610,6810.12
2024-08-16 17:46:05,ETHUSDT,bid,2610,6809.355
2024-08-16 17:46:06,ETHUSDT,bid,2610,6817.498
2024-08-16 17:46:06,ETHUSDT,bid,2610,6809.355
2024-08-16 17:46:07,ETHUSDT,bid,2610,6817.883
2024-08-16 17:46:07,ETHUSDT,bid,2610,6809.74
2024-08-16 17:46:08,ETHUSDT,bid,2610,6809.74
2024-08-16 17:46:08,ETHUSDT,bid,2610,6802.1
2024-08-16 17:46:08,ETHUSDT,bid,2610,6802.216
2024-08-16 17:46:09,ETHUSDT,bid,2610,6810.359
2024-08-16 17:46:09,ETHUSDT,bid,2610,6802.216
2024-08-16 17:46:10,ETHUSDT,bid,2610,6802.216
2024-08-16 17:46:11,ETHUSDT,bid,2610,6802.216
2024-08-16 17:46:12,ETHUSDT,bid,2610,6810.359
2024-08-16 17:46:12,ETHUSDT,bid,2610,6802.216
2024-08-16 17:46:13,ETHUSDT,bid,2610,6804.128
2024-08-16 17:46:13,ETHUSDT,bid,2610,6802.216
2024-08-16 17:46:13,ETHUSDT,bid,2610,6802.598
2024-08-16 17:46:14,ETHUSDT,bid,2610,6802.598
2024-08-16 17:46:15,ETHUSDT,bid,2610,6811.103
2024-08-16 17:46:15,ETHUSDT,bid,2610,6802.598
2024-08-16 17:46:16,ETHUSDT,bid,2610,6802.216
2024-08-16 17:46:16,ETHUSDT,bid,2610,6802.1
2024-08-16 17:46:16,ETHUSDT,bid,2610,6810.243
2024-08-16 17:46:16,ETHUSDT,bid,2610,6802.1
2024-08-16 17:46:17,ETHUSDT,bid,2610,6802.1
2024-08-16 17:46:18,ETHUSDT,bid,2610,6803.63
2024-08-16 17:46:18,ETHUSDT,bid,2610,6802.865
2024-08-16 17:46:19,ETHUSDT,bid,2610,6811.008
2024-08-16 17:46:19,ETHUSDT,bid,2610,6802.865
2024-08-16 17:46:20,ETHUSDT,bid,2610,6802.865
2024-08-16 17:46:21,ETHUSDT,bid,2610,6805.07
2024-08-16 17:46:21,ETHUSDT,bid,2610,6806.408
2024-08-16 17:46:21,ETHUSDT,bid,2610,6804.496
2024-08-16 17:46:22,ETHUSDT,bid,2610,6805.696
2024-08-16 17:46:22,ETHUSDT,bid,2610,6807.608
2024-08-16 17:46:22,ETHUSDT,bid,2610,6815.751
2024-08-16 17:46:22,ETHUSDT,bid,2610,6807.608
2024-08-16 17:46:23,ETHUSDT,bid,2610,6806.408
2024-08-16 17:46:23,ETHUSDT,bid,2610,6815.187
2024-08-16 17:46:24,ETHUSDT,bid,2610,6814.401
2024-08-16 17:46:24,ETHUSDT,bid,2610,6805.896
2024-08-16 17:46:25,ETHUSDT,bid,2610,6814.401
2024-08-16 17:46:25,ETHUSDT,bid,2610,6805.896
2024-08-16 17:46:25,ETHUSDT,bid,2610,6805.643
2024-08-16 17:46:26,ETHUSDT,bid,2610,6813.786
2024-08-16 17:46:26,ETHUSDT,bid,2610,6805.643
2024-08-16 17:46:27,ETHUSDT,bid,2610,6802.291
2024-08-16 17:46:28,ETHUSDT,bid,2610,6810.434
2024-08-16 17:46:28,ETHUSDT,bid,2610,6802.291
2024-08-16 17:46:29,ETHUSDT,bid,2610,6810.434
2024-08-16 17:46:29,ETHUSDT,bid,2610,6802.291
2024-08-16 17:46:30,ETHUSDT,bid,2610,6802.291
2024-08-16 17:46:31,ETHUSDT,bid,2610,6802.291
2024-08-16 17:46:33,ETHUSDT,bid,2610,6810.434
2024-08-16 17:46:33,ETHUSDT,bid,2610,6802.291
2024-08-16 17:46:34,ETHUSDT,bid,2610,6803.82
2024-08-16 17:46:34,ETHUSDT,bid,2610,6803.234
2024-08-16 17:46:34,ETHUSDT,bid,2610,6803.814
2024-08-16 17:46:35,ETHUSDT,bid,2610,6803.814
2024-08-16 17:46:35,ETHUSDT,bid,2610,6803.814
2024-08-16 17:46:36,ETHUSDT,bid,2610,6811.957
2024-08-16 17:46:36,ETHUSDT,bid,2610,6803.814
2024-08-16 17:46:37,ETHUSDT,bid,2610,6803.814
2024-08-16 17:46:38,ETHUSDT,bid,2610,6811.957
2024-08-16 17:46:39,ETHUSDT,bid,2610,6811.957
2024-08-16 17:46:39,ETHUSDT,bid,2610,6803.814
2024-08-16 17:46:40,ETHUSDT,bid,2610,6803.814
2024-08-16 17:46:41,ETHUSDT,bid,2610,6803.814
2024-08-16 17:46:42,ETHUSDT,bid,2610,6812.339
2024-08-16 17:46:42,ETHUSDT,bid,2610,6804.196
2024-08-16 17:46:43,ETHUSDT,bid,2610,6811.957
2024-08-16 17:46:43,ETHUSDT,bid,2610,6803.814
2024-08-16 17:46:44,ETHUSDT,bid,2610,6802.285
2024-08-16 17:46:44,ETHUSDT,bid,2610,6802.285
2024-08-16 17:46:46,ETHUSDT,bid,2610,6810.428
2024-08-16 17:46:46,ETHUSDT,bid,2610,6802.285
2024-08-16 17:46:47,ETHUSDT,bid,2610,6802.285
2024-08-16 17:46:47,ETHUSDT,bid,2610,6803.924
2024-08-16 17:46:53,ETHUSDT,bid,2610,6803.924
2024-08-16 17:46:54,ETHUSDT,bid,2610,6803.924
2024-08-16 17:46:55,ETHUSDT,bid,2610,6810.044
2024-08-16 17:46:57,ETHUSDT,bid,2610,6803.924
2024-08-16 17:47:03,ETHUSDT,bid,2610,6804.123
2024-08-16 17:47:21,ETHUSDT,bid,2610,6801.632
2024-08-16 17:47:23,ETHUSDT,bid,2610,6810.642
2024-08-16 17:47:39,ETHUSDT,bid,2610,6810.778
2024-08-16 17:47:42,ETHUSDT,bid,2610,6803.453
2024-08-16 17:47:42,ETHUSDT,bid,2610,6803.317
2024-08-16 17:47:43,ETHUSDT,bid,2610,6805.609
2024-08-16 17:47:45,ETHUSDT,bid,2610,6806.069
2024-08-16 17:47:54,ETHUSDT,bid,2610,6806.195
2024-08-16 17:47:56,ETHUSDT,bid,2610,6806.069
2024-08-16 17:47:57,ETHUSDT,bid,2610,6805.489
2024-08-16 17:47:58,ETHUSDT,bid,2610,6805.615
2024-08-16 17:48:00,ETHUSDT,bid,2610,6805.489
2024-08-16 17:48:11,ETHUSDT,bid,2610,6805.489
2024-08-16 17:48:12,ETHUSDT,bid,2610,6813.632
2024-08-16 17:48:12,ETHUSDT,bid,2610,6805.489
2024-08-16 17:48:13,ETHUSDT,bid,2610,6805.489
2024-08-16 17:48:14,ETHUSDT,bid,2610,6805.489
2024-08-16 17:48:15,ETHUSDT,bid,2610,6813.632
2024-08-16 17:48:15,ETHUSDT,bid,2610,6805.489
2024-08-16 17:48:17,ETHUSDT,bid,2610,6805.615
2024-08-16 17:48:18,ETHUSDT,bid,2610,6813.758
2024-08-16 17:48:18,ETHUSDT,bid,2610,6805.615
2024-08-16 17:48:19,ETHUSDT,bid,2610,6805.615
2024-08-16 17:48:19,ETHUSDT,bid,2610,6805.489
2024-08-16 17:48:34,ETHUSDT,bid,2610,6805.029
2024-08-16 17:48:34,ETHUSDT,bid,2610,6805.049
2024-08-16 17:48:34,ETHUSDT,bid,2610,6805.248
2024-08-16 17:48:34,ETHUSDT,bid,2610,6803.7
2024-08-16 17:48:34,ETHUSDT,bid,2610,6802.936
2024-08-16 17:48:34,ETHUSDT,bid,2610,6802.737
2024-08-16 17:48:46,ETHUSDT,bid,2610,6802.794
2024-08-16 17:49:00,ETHUSDT,bid,2610,6801.109
2024-08-16 17:49:38,ETHUSDT,bid,2610,6801.261
2024-08-16 17:49:38,ETHUSDT,bid,2610,6801.306
2024-08-16 17:49:39,ETHUSDT,bid,2610,6801.154
2024-08-16 17:49:48,ETHUSDT,bid,2610,6802.394
2024-08-16 17:49:53,ETHUSDT,bid,2610,6799.547
2024-08-16 17:50:14,ETHUSDT,bid,2610,6801.064
2024-08-16 17:50:15,ETHUSDT,bid,2610,6800.93
2024-08-16 17:50:17,ETHUSDT,bid,2610,6801.082
2024-08-16 17:50:18,ETHUSDT,bid,2610,6799.565
2024-08-16 17:50:24,ETHUSDT,bid,2610,6799.413
2024-08-16 17:50:36,ETHUSDT,bid,2610,6799.47
2024-08-16 17:50:51,ETHUSDT,bid,2610,6799.47
2024-08-16 17:51:01,ETHUSDT,bid,2610,6799.953
2024-08-16 17:51:03,ETHUSDT,bid,2610,6800.533
2024-08-16 17:51:15,ETHUSDT,bid,2610,6802.133
2024-08-16 17:51:17,ETHUSDT,bid,2610,6924.528
2024-08-16 17:51:19,ETHUSDT,bid,2610,6802.133
2024-08-16 17:51:20,ETHUSDT,bid,2610,6801.553
2024-08-16 17:51:31,ETHUSDT,bid,2610,6801.07
2024-08-16 17:51:45,ETHUSDT,bid,2610,6799.47
2024-08-16 17:51:46,ETHUSDT,bid,2610,6800.998
2024-08-16 17:51:47,ETHUSDT,bid,2610,6801.762
2024-08-16 17:51:47,ETHUSDT,bid,2610,6809.905
2024-08-16 17:51:47,ETHUSDT,bid,2610,6862.96
2024-08-16 17:52:06,ETHUSDT,bid,2610,6801.762
2024-08-16 17:52:13,ETHUSDT,bid,2610,6803.279
2024-08-16 17:52:14,ETHUSDT,bid,2610,6815.529
2024-08-16 17:52:15,ETHUSDT,bid,2610,6803.279
2024-08-16 17:52:15,ETHUSDT,bid,2610,6800.987
2024-08-16 17:52:17,ETHUSDT,bid,2610,6799.47
2024-08-16 17:52:19,ETHUSDT,bid,2610,6799.546
2024-08-16 17:53:10,ETHUSDT,bid,2610,6804.144
2024-08-16 17:53:35,ETHUSDT,bid,2610,6805.271
2024-08-16 17:53:37,ETHUSDT,bid,2610,6805.271
2024-08-16 17:53:40,ETHUSDT,bid,2610,6800.673
2024-08-16 17:53:44,ETHUSDT,bid,2610,7194.563
2024-08-16 17:53:44,ETHUSDT,bid,2610,6800.673
2024-08-16 17:53:44,ETHUSDT,bid,2610,6801.437
2024-08-16 17:53:45,ETHUSDT,bid,2610,6802.965
2024-08-16 17:53:45,ETHUSDT,bid,2610,6803.515
2024-08-16 17:53:46,ETHUSDT,bid,2610,6802.388
2024-08-16 17:53:52,ETHUSDT,bid,2610,6809.088
2024-08-16 17:53:53,ETHUSDT,bid,2610,6802.388
2024-08-16 17:53:53,ETHUSDT,bid,2610,6801.838
2024-08-16 17:53:55,ETHUSDT,bid,2610,6801.873
2024-08-16 17:53:56,ETHUSDT,bid,2610,6799.581
2024-08-16 17:54:05,ETHUSDT,bid,2610,6799.546
2024-08-16 17:54:19,ETHUSDT,bid,2610,6799.827
2024-08-16 17:54:31,ETHUSDT,bid,2610,6799.827
2024-08-16 17:54:32,ETHUSDT,bid,2610,6799.827
2024-08-16 17:54:32,ETHUSDT,bid,2610,6799.827
2024-08-16 17:54:32,ETHUSDT,bid,2610,6799.827
2024-08-16 17:54:44,ETHUSDT,bid,2610,6802.062
2024-08-16 17:54:49,ETHUSDT,bid,2610,6801.781
2024-08-16 17:55:05,ETHUSDT,bid,2610,6809.924
2024-08-16 17:55:05,ETHUSDT,bid,2610,6801.781
2024-08-16 17:55:06,ETHUSDT,bid,2610,6809.924
2024-08-16 17:55:06,ETHUSDT,bid,2610,6801.781
2024-08-16 17:55:08,ETHUSDT,bid,2610,6799.794
2024-08-16 17:55:12,ETHUSDT,bid,2610,6799.489
2024-08-16 17:55:27,ETHUSDT,bid,2610,6799.619
2024-08-16 17:55:27,ETHUSDT,bid,2610,6801.147
2024-08-16 17:55:27,ETHUSDT,bid,2610,6801.911
2024-08-16 17:55:35,ETHUSDT,bid,2610,6799.619
2024-08-16 17:55:36,ETHUSDT,bid,2610,6799.489
2024-08-16 17:55:43,ETHUSDT,bid,2610,6799.546
2024-08-16 17:56:02,ETHUSDT,bid,2610,6799.698
2024-08-16 17:56:06,ETHUSDT,bid,2610,6799.622
2024-08-16 17:56:15,ETHUSDT,bid,2610,6799.47
2024-08-16 17:56:21,ETHUSDT,bid,2610,6799.587
2024-08-16 17:56:29,ETHUSDT,bid,2610,6799.47
2024-08-16 17:56:37,ETHUSDT,bid,2610,6801.47
2024-08-16 17:56:40,ETHUSDT,bid,2610,6799.47
2024-08-16 17:56:44,ETHUSDT,bid,2610,6801.149
2024-08-16 17:56:45,ETHUSDT,bid,2610,6802.298
2024-08-16 17:57:27,ETHUSDT,bid,2610,6802.287
2024-08-16 17:57:31,ETHUSDT,bid,2610,6802.951
2024-08-16 17:57:37,ETHUSDT,bid,2610,6800.123
2024-08-16 17:57:40,ETHUSDT,bid,2610,6800.123
2024-08-16 17:58:01,ETHUSDT,bid,2610,6799.459
2024-08-16 17:58:51,ETHUSDT,bid,2610,6801.751
2024-08-16 17:58:54,ETHUSDT,bid,2610,6801.751
2024-08-16 17:58:58,ETHUSDT,bid,2610,6803.268
2024-08-16 17:58:58,ETHUSDT,bid,2610,6809.388
2024-08-16 17:58:59,ETHUSDT,bid,2610,6803.268
2024-08-16 17:59:03,ETHUSDT,bid,2610,6803.268
2024-08-16 17:59:07,ETHUSDT,bid,2610,6801.751
2024-08-16 17:59:13,ETHUSDT,bid,2610,6809.894
2024-08-16 17:59:13,ETHUSDT,bid,2610,6801.751
2024-08-16 17:59:16,ETHUSDT,bid,2610,6801.751
2024-08-16 17:59:17,ETHUSDT,bid,2610,6801.751
2024-08-16 17:59:18,ETHUSDT,bid,2610,6801.751
2024-08-16 17:59:19,ETHUSDT,bid,2610,6801.98
2024-08-16 17:59:21,ETHUSDT,bid,2610,6808.68
2024-08-16 17:59:23,ETHUSDT,bid,2610,6801.98
2024-08-16 17:59:30,ETHUSDT,bid,2610,6805.961
2024-08-16 17:59:30,ETHUSDT,bid,2610,6804.433
2024-08-16 17:59:31,ETHUSDT,bid,2610,6803.669
2024-08-16 17:59:54,ETHUSDT,bid,2610,6803.44
2024-08-16 17:59:55,ETHUSDT,bid,2610,6803.46
2024-08-16 18:00:02,ETHUSDT,bid,2610,6803.44
2024-08-16 18:00:02,ETHUSDT,bid,2610,6800.976
2024-08-16 18:00:03,ETHUSDT,bid,2610,6803.268
2024-08-16 18:00:03,ETHUSDT,bid,2610,6803.268
2024-08-16 18:00:03,ETHUSDT,bid,2610,6803.785
2024-08-16 18:00:05,ETHUSDT,bid,2610,6811.928
2024-08-16 18:00:05,ETHUSDT,bid,2610,6803.785
2024-08-16 18:00:05,ETHUSDT,bid,2610,6810.485
2024-08-16 18:00:06,ETHUSDT,bid,2610,6818.628
2024-08-16 18:00:06,ETHUSDT,bid,2610,6810.485
2024-08-16 18:00:06,ETHUSDT,bid,2610,6803.785
2024-08-16 18:00:07,ETHUSDT,bid,2610,6803.785
2024-08-16 18:00:07,ETHUSDT,bid,2610,6803.785
2024-08-16 18:00:10,ETHUSDT,bid,2610,6803.905
2024-08-16 18:00:12,ETHUSDT,bid,2610,6812.048
2024-08-16 18:00:12,ETHUSDT,bid,2610,6802.388
2024-08-16 18:00:13,ETHUSDT,bid,2610,6810.531
2024-08-16 18:00:13,ETHUSDT,bid,2610,6802.388
2024-08-16 18:00:14,ETHUSDT,bid,2610,6802.388
2024-08-16 18:00:15,ETHUSDT,bid,2610,6802.388
2024-08-16 18:00:16,ETHUSDT,bid,2610,6810.202
2024-08-16 18:00:16,ETHUSDT,bid,2610,6801.694
2024-08-16 18:00:17,ETHUSDT,bid,2610,6807.378
2024-08-16 18:00:18,ETHUSDT,bid,2610,6807.378
2024-08-16 18:00:19,ETHUSDT,bid,2610,6807.378
2024-08-16 18:00:20,ETHUSDT,bid,2610,6807.378
2024-08-16 18:00:22,ETHUSDT,bid,2610,6815.886
2024-08-16 18:00:22,ETHUSDT,bid,2610,6807.378
2024-08-16 18:00:22,ETHUSDT,bid,2610,6808.178
2024-08-16 18:00:24,ETHUSDT,bid,2610,6802.33
2024-08-16 18:00:24,ETHUSDT,bid,2610,6802.561
2024-08-16 18:00:25,ETHUSDT,bid,2610,6802.179
2024-08-16 18:00:26,ETHUSDT,bid,2610,6802.544
2024-08-16 18:00:26,ETHUSDT,bid,2610,6802.179
2024-08-16 18:00:27,ETHUSDT,bid,2610,6828.219
2024-08-16 18:00:28,ETHUSDT,bid,2610,6801.814
2024-08-16 18:00:28,ETHUSDT,bid,2610,6809.957
2024-08-16 18:00:28,ETHUSDT,bid,2610,6801.814
2024-08-16 18:00:29,ETHUSDT,bid,2610,6801.814
2024-08-16 18:00:30,ETHUSDT,bid,2610,6809.957
2024-08-16 18:00:30,ETHUSDT,bid,2610,6806.591
2024-08-16 18:00:30,ETHUSDT,bid,2610,6833.035
2024-08-16 18:00:31,ETHUSDT,bid,2610,6828.258
2024-08-16 18:00:31,ETHUSDT,bid,2610,6836.401
2024-08-16 18:00:31,ETHUSDT,bid,2610,6812.626
2024-08-16 18:00:31,ETHUSDT,bid,2610,6801.814
2024-08-16 18:00:31,ETHUSDT,bid,2610,6805.634
2024-08-16 18:00:31,ETHUSDT,bid,2610,6806.398
2024-08-16 18:00:32,ETHUSDT,bid,2610,6801.814
2024-08-16 18:00:33,ETHUSDT,bid,2610,6803.331
2024-08-16 18:00:33,ETHUSDT,bid,2610,6803.331
2024-08-16 18:00:33,ETHUSDT,bid,2610,6803.911
2024-08-16 18:00:34,ETHUSDT,bid,2610,6812.054
2024-08-16 18:00:34,ETHUSDT,bid,2610,6803.911
2024-08-16 18:00:35,ETHUSDT,bid,2610,6812.054
2024-08-16 18:00:35,ETHUSDT,bid,2610,6803.911
2024-08-16 18:00:36,ETHUSDT,bid,2610,6803.911
2024-08-16 18:00:37,ETHUSDT,bid,2610,6803.911
2024-08-16 18:00:37,ETHUSDT,bid,2610,6802.394
2024-08-16 18:00:40,ETHUSDT,bid,2610,6802.394
2024-08-16 18:00:40,ETHUSDT,bid,2610,6801.814
2024-08-16 18:00:41,ETHUSDT,bid,2610,6809.957
2024-08-16 18:00:41,ETHUSDT,bid,2610,6801.814
2024-08-16 18:00:41,ETHUSDT,bid,2610,6801.814
2024-08-16 18:00:42,ETHUSDT,bid,2610,6809.957
2024-08-16 18:00:42,ETHUSDT,bid,2610,6801.814
2024-08-16 18:00:43,ETHUSDT,bid,2610,6801.833
2024-08-16 18:00:43,ETHUSDT,bid,2610,6809.976
2024-08-16 18:00:43,ETHUSDT,bid,2610,6801.833
2024-08-16 18:00:45,ETHUSDT,bid,2610,6801.833
2024-08-16 18:00:46,ETHUSDT,bid,2610,6801.833
2024-08-16 18:00:47,ETHUSDT,bid,2610,6801.833
2024-08-16 18:00:49,ETHUSDT,bid,2610,6809.976
2024-08-16 18:00:49,ETHUSDT,bid,2610,6801.833
2024-08-16 18:00:50,ETHUSDT,bid,2610,6801.814
2024-08-16 18:00:50,ETHUSDT,bid,2610,6809.454
2024-08-16 18:00:50,ETHUSDT,bid,2610,6815.586
2024-08-16 18:00:55,ETHUSDT,bid,2610,6801.824
2024-08-16 18:00:57,ETHUSDT,bid,2610,6801.824
2024-08-16 18:00:57,ETHUSDT,bid,2610,6802.104
2024-08-16 18:00:58,ETHUSDT,bid,2610,6810.247
2024-08-16 18:00:58,ETHUSDT,bid,2610,6802.104
2024-08-16 18:00:59,ETHUSDT,bid,2610,6802.104
2024-08-16 18:00:59,ETHUSDT,bid,2610,6801.974
2024-08-16 18:00:59,ETHUSDT,bid,2610,6808.674
2024-08-16 18:01:01,ETHUSDT,bid,2610,6801.974
2024-08-16 18:01:05,ETHUSDT,bid,2610,6810.117
2024-08-16 18:01:05,ETHUSDT,bid,2610,6801.974
2024-08-16 18:01:05,ETHUSDT,bid,2610,6802.045
2024-08-16 18:01:07,ETHUSDT,bid,2610,6801.974
2024-08-16 18:01:08,ETHUSDT,bid,2610,6810.117
2024-08-16 18:01:08,ETHUSDT,bid,2610,6802.356
2024-08-16 18:01:08,ETHUSDT,bid,2610,6801.974
2024-08-16 18:01:08,ETHUSDT,bid,2610,6801.702
2024-08-16 18:01:08,ETHUSDT,bid,2610,6804.765
2024-08-16 18:01:09,ETHUSDT,bid,2610,6805.165
2024-08-16 18:01:09,ETHUSDT,bid,2610,6813.308
2024-08-16 18:01:09,ETHUSDT,bid,2610,6805.165
2024-08-16 18:01:10,ETHUSDT,bid,2610,6805.165
2024-08-16 18:01:10,ETHUSDT,bid,2610,6812.805
2024-08-16 18:01:11,ETHUSDT,bid,2610,6812.805
2024-08-16 18:01:12,ETHUSDT,bid,2610,6816.005
2024-08-16 18:01:12,ETHUSDT,bid,2610,6805.165
2024-08-16 18:01:12,ETHUSDT,bid,2610,6802.102
2024-08-16 18:01:13,ETHUSDT,bid,2610,6802.102
2024-08-16 18:01:14,ETHUSDT,bid,2610,6802.094
2024-08-16 18:01:14,ETHUSDT,bid,2610,6802.094
2024-08-16 18:01:15,ETHUSDT,bid,2610,6802.094
2024-08-16 18:01:16,ETHUSDT,bid,2610,6810.237
2024-08-16 18:01:16,ETHUSDT,bid,2610,6802.094
2024-08-16 18:01:17,ETHUSDT,bid,2610,6802.094
2024-08-16 18:01:18,ETHUSDT,bid,2610,6802.094
2024-08-16 18:01:19,ETHUSDT,bid,2610,6810.237
2024-08-16 18:01:19,ETHUSDT,bid,2610,6802.094
2024-08-16 18:01:20,ETHUSDT,bid,2610,6810.237
2024-08-16 18:01:20,ETHUSDT,bid,2610,6802.094
2024-08-16 18:01:21,ETHUSDT,bid,2610,6802.094
2024-08-16 18:01:21,ETHUSDT,bid,2610,6803.094
2024-08-16 18:01:21,ETHUSDT,bid,2610,6802.094
2024-08-16 18:01:22,ETHUSDT,bid,2610,6810.237
2024-08-16 18:01:22,ETHUSDT,bid,2610,6802.094
2024-08-16 18:01:22,ETHUSDT,bid,2610,6803.611
2024-08-16 18:01:23,ETHUSDT,bid,2610,6811.754
2024-08-16 18:01:23,ETHUSDT,bid,2610,6803.611
2024-08-16 18:01:24,ETHUSDT,bid,2610,6803.611
2024-08-16 18:01:25,ETHUSDT,bid,2610,6811.754
2024-08-16 18:01:25,ETHUSDT,bid,2610,6803.611
2024-08-16 18:01:26,ETHUSDT,bid,2610,6803.611
2024-08-16 18:01:27,ETHUSDT,bid,2610,6802.094
2024-08-16 18:01:31,ETHUSDT,bid,2610,6802.094
2024-08-16 18:01:32,ETHUSDT,bid,2610,6810.237
2024-08-16 18:01:32,ETHUSDT,bid,2610,6802.094
2024-08-16 18:01:33,ETHUSDT,bid,2610,6802.094
2024-08-16 18:01:34,ETHUSDT,bid,2610,6810.237
2024-08-16 18:01:34,ETHUSDT,bid,2610,6802.094
2024-08-16 18:01:34,ETHUSDT,bid,2610,6802.189
2024-08-16 18:01:34,ETHUSDT,bid,2610,6802.094
2024-08-16 18:01:35,ETHUSDT,bid,2610,6810.237
2024-08-16 18:01:35,ETHUSDT,bid,2610,6802.094
2024-08-16 18:01:38,ETHUSDT,bid,2610,6810.237
2024-08-16 18:01:38,ETHUSDT,bid,2610,6802.094
2024-08-16 18:01:39,ETHUSDT,bid,2610,6802.094
2024-08-16 18:01:41,ETHUSDT,bid,2610,6815.037
2024-08-16 18:01:41,ETHUSDT,bid,2610,6802.094
2024-08-16 18:01:41,ETHUSDT,bid,2610,6802.33
2024-08-16 18:01:41,ETHUSDT,bid,2610,6803.195
2024-08-16 18:01:42,ETHUSDT,bid,2610,6806.66
2024-08-16 18:01:42,ETHUSDT,bid,2610,6808.177
2024-08-16 18:01:42,ETHUSDT,bid,2610,6807.776
2024-08-16 18:01:42,ETHUSDT,bid,2610,6807.576
2024-08-16 18:01:44,ETHUSDT,bid,2610,6803.303
2024-08-16 18:01:44,ETHUSDT,bid,2610,6803.182
2024-08-16 18:01:45,ETHUSDT,bid,2610,6803.182
2024-08-16 18:01:46,ETHUSDT,bid,2610,6803.919
2024-08-16 18:01:47,ETHUSDT,bid,2610,6803.182
2024-08-16 18:01:48,ETHUSDT,bid,2610,6801.665
2024-08-16 18:01:49,ETHUSDT,bid,2610,6801.765
2024-08-16 18:01:50,ETHUSDT,bid,2610,6809.808
2024-08-16 18:01:52,ETHUSDT,bid,2610,6810.853
2024-08-16 18:01:53,ETHUSDT,bid,2610,6809.808
2024-08-16 18:01:54,ETHUSDT,bid,2610,6810.65
2024-08-16 18:01:54,ETHUSDT,bid,2610,6809.808
2024-08-16 18:01:54,ETHUSDT,bid,2610,6810.601
2024-08-16 18:01:55,ETHUSDT,bid,2610,6809.808
2024-08-16 18:01:56,ETHUSDT,bid,2610,6810.299
2024-08-16 18:01:57,ETHUSDT,bid,2610,6810.289
2024-08-16 18:02:00,ETHUSDT,bid,2610,6810.689
2024-08-16 18:02:01,ETHUSDT,bid,2610,6808.397
2024-08-16 18:02:03,ETHUSDT,bid,2610,6798.562
2024-08-16 18:02:05,ETHUSDT,bid,2610,6799.058
2024-08-16 18:02:05,ETHUSDT,bid,2610,6798.562
2024-08-16 18:02:05,ETHUSDT,bid,2610,6799.053
2024-08-16 18:02:06,ETHUSDT,bid,2610,6798.562
2024-08-16 18:02:06,ETHUSDT,bid,2610,6798.615
2024-08-16 18:02:06,ETHUSDT,bid,2610,6801.668
2024-08-16 18:02:06,ETHUSDT,bid,2610,6800.528
2024-08-16 18:02:07,ETHUSDT,bid,2610,6801.293
2024-08-16 18:02:07,ETHUSDT,bid,2610,6801.293
2024-08-16 18:02:09,ETHUSDT,bid,2610,6800.528
2024-08-16 18:02:10,ETHUSDT,bid,2610,6800.578
2024-08-16 18:02:11,ETHUSDT,bid,2610,6800.578
2024-08-16 18:02:12,ETHUSDT,bid,2610,6800.68
2024-08-16 18:02:13,ETHUSDT,bid,2610,6801.019
2024-08-16 18:02:13,ETHUSDT,bid,2610,6799.005
2024-08-16 18:02:13,ETHUSDT,bid,2610,6801.299
2024-08-16 18:02:14,ETHUSDT,bid,2610,6801.299
2024-08-16 18:02:14,ETHUSDT,bid,2610,6799.005
2024-08-16 18:02:14,ETHUSDT,bid,2610,6799.005
2024-08-16 18:02:15,ETHUSDT,bid,2610,6807.513
2024-08-16 18:02:15,ETHUSDT,bid,2610,6799.005
2024-08-16 18:02:16,ETHUSDT,bid,2610,6798.623
2024-08-16 18:02:16,ETHUSDT,bid,2610,6806.258
2024-08-16 18:02:17,ETHUSDT,bid,2610,6798.623
2024-08-16 18:02:18,ETHUSDT,bid,2610,6798.623
2024-08-16 18:02:19,ETHUSDT,bid,2610,6806.766
2024-08-16 18:02:19,ETHUSDT,bid,2610,6798.623
2024-08-16 18:02:20,ETHUSDT,bid,2610,6798.623
2024-08-16 18:02:21,ETHUSDT,bid,2610,6798.623
2024-08-16 18:02:22,ETHUSDT,bid,2610,6803.401
2024-08-16 18:02:22,ETHUSDT,bid,2610,6811.909
2024-08-16 18:02:22,ETHUSDT,bid,2610,6803.401
2024-08-16 18:02:23,ETHUSDT,bid,2610,6798.623
2024-08-16 18:02:24,ETHUSDT,bid,2610,6798.623
2024-08-16 18:02:25,ETHUSDT,bid,2610,6807.131
2024-08-16 18:02:25,ETHUSDT,bid,2610,6798.623
2024-08-16 18:02:25,ETHUSDT,bid,2610,6798.753
2024-08-16 18:02:25,ETHUSDT,bid,2610,6799.023
2024-08-16 18:02:25,ETHUSDT,bid,2610,6798.623
2024-08-16 18:02:26,ETHUSDT,bid,2610,6798.623
2024-08-16 18:02:26,ETHUSDT,bid,2610,6798.623
2024-08-16 18:02:27,ETHUSDT,bid,2610,6798.623
2024-08-16 18:02:28,ETHUSDT,bid,2610,6806.766
2024-08-16 18:02:28,ETHUSDT,bid,2610,6798.623
2024-08-16 18:02:29,ETHUSDT,bid,2610,6798.623
2024-08-16 18:02:29,ETHUSDT,bid,2610,6798.623
2024-08-16 18:02:30,ETHUSDT,bid,2610,6810.422
2024-08-16 18:02:30,ETHUSDT,bid,2610,6818.052
2024-08-16 18:02:31,ETHUSDT,bid,2610,6818.565
2024-08-16 18:02:31,ETHUSDT,bid,2610,6810.422
2024-08-16 18:02:32,ETHUSDT,bid,2610,6818.565
2024-08-16 18:02:32,ETHUSDT,bid,2610,6810.422
2024-08-16 18:02:33,ETHUSDT,bid,2610,6810.422
2024-08-16 18:02:34,ETHUSDT,bid,2610,6818.565
2024-08-16 18:02:34,ETHUSDT,bid,2610,6810.422
2024-08-16 18:02:35,ETHUSDT,bid,2610,6799.926
2024-08-16 18:02:39,ETHUSDT,bid,2610,6802.941
2024-08-16 18:02:39,ETHUSDT,bid,2610,6797.626
2024-08-16 18:02:39,ETHUSDT,bid,2610,6799.539
2024-08-16 18:02:40,ETHUSDT,bid,2610,6797.626
2024-08-16 18:02:40,ETHUSDT,bid,2610,6796.27
2024-08-16 18:02:42,ETHUSDT,bid,2610,6802.762
2024-08-16 18:02:42,ETHUSDT,bid,2610,6800.47
2024-08-16 18:02:44,ETHUSDT,bid,2610,6796.27
2024-08-16 18:02:46,ETHUSDT,bid,2610,6798.57
2024-08-16 18:02:46,ETHUSDT,bid,2610,6818.57
2024-08-16 18:02:47,ETHUSDT,bid,2610,6818.57
2024-08-16 18:02:47,ETHUSDT,bid,2610,6830.419
2024-08-16 18:02:47,ETHUSDT,bid,2610,6818.57
2024-08-16 18:02:47,ETHUSDT,bid,2610,6826.978
2024-08-16 18:02:48,ETHUSDT,bid,2610,6819.335
2024-08-16 18:02:49,ETHUSDT,bid,2610,6818.57
2024-08-16 18:02:53,ETHUSDT,bid,2610,6826.713
2024-08-16 18:02:53,ETHUSDT,bid,2610,6826.2
2024-08-16 18:02:53,ETHUSDT,bid,2610,6826.7
2024-08-16 18:02:53,ETHUSDT,bid,2610,6826.708
2024-08-16 18:02:54,ETHUSDT,bid,2610,6826.308
2024-08-16 18:02:54,ETHUSDT,bid,2610,6826.208
2024-08-16 18:02:54,ETHUSDT,bid,2610,6800.49
2024-08-16 18:02:55,ETHUSDT,bid,2610,6798.57
2024-08-16 18:02:56,ETHUSDT,bid,2610,6804.254
2024-08-16 18:02:58,ETHUSDT,bid,2610,6806.166
2024-08-16 18:03:00,ETHUSDT,bid,2610,6806.166
2024-08-16 18:03:01,ETHUSDT,bid,2610,6813.809
2024-08-16 18:03:01,ETHUSDT,bid,2610,6808.125
2024-08-16 18:03:02,ETHUSDT,bid,2610,6808.49
2024-08-16 18:03:02,ETHUSDT,bid,2610,6808.125
2024-08-16 18:03:07,ETHUSDT,bid,2610,6805.833
2024-08-16 18:03:10,ETHUSDT,bid,2610,6795.19
2024-08-16 18:03:10,ETHUSDT,bid,2610,6795.202
2024-08-16 18:03:10,ETHUSDT,bid,2610,6797.351
2024-08-16 18:03:10,ETHUSDT,bid,2610,6794.018
2024-08-16 18:03:10,ETHUSDT,bid,2610,6794.001
2024-08-16 18:03:11,ETHUSDT,bid,2610,6787.805
2024-08-16 18:03:11,ETHUSDT,bid,2610,6787.575
2024-08-16 18:03:11,ETHUSDT,bid,2610,6769.871
2024-08-16 18:03:11,ETHUSDT,bid,2610,6766.436
2024-08-16 18:03:11,ETHUSDT,bid,2610,6766.448
2024-08-16 18:03:11,ETHUSDT,bid,2610,6766.091
2024-08-16 18:03:11,ETHUSDT,bid,2610,6766.264
2024-08-16 18:03:12,ETHUSDT,bid,2610,6766.309
2024-08-16 18:03:12,ETHUSDT,bid,2610,6765.739
2024-08-16 18:03:12,ETHUSDT,bid,2610,6758.066
2024-08-16 18:03:12,ETHUSDT,bid,2610,6758.153
2024-08-16 18:03:13,ETHUSDT,bid,2610,6759.558
2024-08-16 18:03:13,ETHUSDT,bid,2610,6760.127
2024-08-16 18:03:13,ETHUSDT,bid,2610,6756.159
2024-08-16 18:03:13,ETHUSDT,bid,2610,6756.183
2024-08-16 18:03:13,ETHUSDT,bid,2610,6756.233
2024-08-16 18:03:13,ETHUSDT,bid,2610,6756.268
2024-08-16 18:03:13,ETHUSDT,bid,2610,6756.265
2024-08-16 18:03:14,ETHUSDT,bid,2610,6755.785
2024-08-16 18:03:14,ETHUSDT,bid,2610,6755.862
2024-08-16 18:03:14,ETHUSDT,bid,2610,6754.728
2024-08-16 18:03:14,ETHUSDT,bid,2610,6754.733
2024-08-16 18:03:14,ETHUSDT,bid,2610,6754.84
2024-08-16 18:03:14,ETHUSDT,bid,2610,6744.096
2024-08-16 18:03:14,ETHUSDT,bid,2610,6757.147
2024-08-16 18:03:14,ETHUSDT,bid,2610,6761.725
2024-08-16 18:03:14,ETHUSDT,bid,2610,6742.785
2024-08-16 18:03:15,ETHUSDT,bid,2610,6747.022
2024-08-16 18:03:15,ETHUSDT,bid,2610,6747.062
2024-08-16 18:03:15,ETHUSDT,bid,2610,6744.672
2024-08-16 18:03:15,ETHUSDT,bid,2610,6730.939
2024-08-16 18:03:15,ETHUSDT,bid,2610,6731.812
2024-08-16 18:03:15,ETHUSDT,bid,2610,6743.689
2024-08-16 18:03:15,ETHUSDT,bid,2610,6745.815
2024-08-16 18:03:16,ETHUSDT,bid,2610,6733.964
2024-08-16 18:03:16,ETHUSDT,bid,2610,6731.848
2024-08-16 18:03:16,ETHUSDT,bid,2610,6731.836
2024-08-16 18:03:16,ETHUSDT,bid,2610,6730.42
2024-08-16 18:03:16,ETHUSDT,bid,2610,6730.484
2024-08-16 18:03:16,ETHUSDT,bid,2610,6728.951
2024-08-16 18:03:16,ETHUSDT,bid,2610,6728.96
2024-08-16 18:03:16,ETHUSDT,bid,2610,6728.07
2024-08-16 18:03:17,ETHUSDT,bid,2610,6727.983
2024-08-16 18:03:17,ETHUSDT,bid,2610,6727.785
2024-08-16 18:03:17,ETHUSDT,bid,2610,6726.26
2024-08-16 18:03:17,ETHUSDT,bid,2610,6717.891
2024-08-16 18:03:17,ETHUSDT,bid,2610,6717.895
2024-08-16 18:03:17,ETHUSDT,bid,2610,6717.943
2024-08-16 18:03:17,ETHUSDT,bid,2610,6719.017
2024-08-16 18:03:17,ETHUSDT,bid,2610,6719.115
2024-08-16 18:03:17,ETHUSDT,bid,2610,6720.16
2024-08-16 18:03:17,ETHUSDT,bid,2610,6712.19
2024-08-16 18:03:18,ETHUSDT,bid,2610,6710.208
2024-08-16 18:03:18,ETHUSDT,bid,2610,6708.195
2024-08-16 18:03:18,ETHUSDT,bid,2610,6706.967
2024-08-16 18:03:18,ETHUSDT,bid,2610,6706.085
2024-08-16 18:03:19,ETHUSDT,bid,2610,6705.983
2024-08-16 18:03:19,ETHUSDT,bid,2610,6705.875
2024-08-16 18:03:21,ETHUSDT,bid,2610,6705.846
2024-08-16 18:03:21,ETHUSDT,bid,2610,6705.822
2024-08-16 18:03:21,ETHUSDT,bid,2610,6705.809
2024-08-16 18:03:21,ETHUSDT,bid,2610,6705.796
2024-08-16 18:03:24,ETHUSDT,bid,2610,6705.781
2024-08-16 18:03:24,ETHUSDT,bid,2610,6705.751
2024-08-16 18:03:24,ETHUSDT,bid,2610,6705.709
2024-08-16 18:03:25,ETHUSDT,bid,2610,6706.074
2024-08-16 18:03:25,ETHUSDT,bid,2610,6705.88
2024-08-16 18:03:25,ETHUSDT,bid,2610,6703.327
2024-08-16 18:03:26,ETHUSDT,bid,2610,6703.364
2024-08-16 18:03:26,ETHUSDT,bid,2610,6700.58
2024-08-16 18:03:26,ETHUSDT,bid,2610,6695.241
2024-08-16 18:03:26,ETHUSDT,bid,2610,6694.163
2024-08-16 18:03:26,ETHUSDT,bid,2610,6694.174
2024-08-16 18:03:27,ETHUSDT,bid,2610,6695.703
2024-08-16 18:03:27,ETHUSDT,bid,2610,6695.767
2024-08-16 18:03:27,ETHUSDT,bid,2610,6363.552
2024-08-16 18:03:27,ETHUSDT,bid,2610,6370.17
2024-08-16 18:03:27,ETHUSDT,bid,2610,6367.743
2024-08-16 18:03:27,ETHUSDT,bid,2610,6361.114
2024-08-16 18:03:27,ETHUSDT,bid,2610,6355.685
2024-08-16 18:03:27,ETHUSDT,bid,2610,6355.735
2024-08-16 18:03:27,ETHUSDT,bid,2610,6355.893
2024-08-16 18:03:27,ETHUSDT,bid,2610,6356.027
2024-08-16 18:03:27,ETHUSDT,bid,2610,6365.119
2024-08-16 18:03:28,ETHUSDT,bid,2610,6365.206
2024-08-16 18:03:28,ETHUSDT,bid,2610,6365.193
2024-08-16 18:03:28,ETHUSDT,bid,2610,6365.208
2024-08-16 18:03:28,ETHUSDT,bid,2610,6365.197
2024-08-16 18:03:28,ETHUSDT,bid,2610,6365.129
2024-08-16 18:03:29,ETHUSDT,bid,2610,6351.415
2024-08-16 18:03:29,ETHUSDT,bid,2610,6347.372
2024-08-16 18:03:29,ETHUSDT,bid,2610,6347.232
2024-08-16 18:03:29,ETHUSDT,bid,2610,6347.336
2024-08-16 18:03:29,ETHUSDT,bid,2610,6347.372
2024-08-16 18:03:29,ETHUSDT,bid,2610,6337.358
2024-08-16 18:03:29,ETHUSDT,bid,2610,6313.843
2024-08-16 18:03:29,ETHUSDT,bid,2610,6309.008
2024-08-16 18:03:29,ETHUSDT,bid,2610,6309.016
2024-08-16 18:03:29,ETHUSDT,bid,2610,6262.54
2024-08-16 18:03:30,ETHUSDT,bid,2610,6254.199
2024-08-16 18:03:30,ETHUSDT,bid,2610,6254.017
2024-08-16 18:03:30,ETHUSDT,bid,2610,6253.422
2024-08-16 18:03:30,ETHUSDT,bid,2610,6253.386
2024-08-16 18:03:30,ETHUSDT,bid,2610,6252.622
2024-08-16 18:03:30,ETHUSDT,bid,2610,6252.122
2024-08-16 18:03:30,ETHUSDT,bid,2610,6252.122
2024-08-16 18:03:31,ETHUSDT,bid,2610,6251.271
2024-08-16 18:03:31,ETHUSDT,bid,2610,6251.308
2024-08-16 18:03:31,ETHUSDT,bid,2610,6251.395
2024-08-16 18:03:31,ETHUSDT,bid,2610,6251.504
2024-08-16 18:03:31,ETHUSDT,bid,2610,6251.512
2024-08-16 18:03:31,ETHUSDT,bid,2610,6251.571
2024-08-16 18:03:31,ETHUSDT,bid,2610,6262.298
2024-08-16 18:03:31,ETHUSDT,bid,2610,6260.469
2024-08-16 18:03:32,ETHUSDT,bid,2610,6260.445
2024-08-16 18:03:32,ETHUSDT,bid,2610,6260.436
2024-08-16 18:03:32,ETHUSDT,bid,2610,6260.06
2024-08-16 18:03:32,ETHUSDT,bid,2610,6259.914
2024-08-16 18:03:32,ETHUSDT,bid,2610,6259.912
2024-08-16 18:03:33,ETHUSDT,bid,2610,6248.424
2024-08-16 18:03:33,ETHUSDT,bid,2610,6255.952
2024-08-16 18:03:33,ETHUSDT,bid,2610,6263.906
2024-08-16 18:03:33,ETHUSDT,bid,2610,6263.884
2024-08-16 18:03:33,ETHUSDT,bid,2610,6263.73
2024-08-16 18:03:33,ETHUSDT,bid,2610,6255.627
2024-08-16 18:03:33,ETHUSDT,bid,2610,6255.619
2024-08-16 18:03:33,ETHUSDT,bid,2610,6255.653
2024-08-16 18:03:33,ETHUSDT,bid,2610,6255.607
2024-08-16 18:03:34,ETHUSDT,bid,2610,6255.682
2024-08-16 18:03:34,ETHUSDT,bid,2610,6263.366
2024-08-16 18:03:34,ETHUSDT,bid,2610,6251.866
2024-08-16 18:03:34,ETHUSDT,bid,2610,6251.953
2024-08-16 18:03:34,ETHUSDT,bid,2610,6251.931
2024-08-16 18:03:35,ETHUSDT,bid,2610,6252.069
2024-08-16 18:03:35,ETHUSDT,bid,2610,6244.369
2024-08-16 18:03:35,ETHUSDT,bid,2610,6244.345
2024-08-16 18:03:35,ETHUSDT,bid,2610,6244.354
2024-08-16 18:03:35,ETHUSDT,bid,2610,6247.157
2024-08-16 18:03:35,ETHUSDT,bid,2610,6247.141
2024-08-16 18:03:35,ETHUSDT,bid,2610,6247.054
2024-08-16 18:03:35,ETHUSDT,bid,2610,6246.189
2024-08-16 18:03:35,ETHUSDT,bid,2610,6237.51
2024-08-16 18:03:35,ETHUSDT,bid,2610,6237.589
2024-08-16 18:03:35,ETHUSDT,bid,2610,6237.542
2024-08-16 18:03:35,ETHUSDT,bid,2610,6237.728
2024-08-16 18:03:35,ETHUSDT,bid,2610,6237.264
2024-08-16 18:03:35,ETHUSDT,bid,2610,6237.306
2024-08-16 18:03:35,ETHUSDT,bid,2610,6244.753
2024-08-16 18:03:36,ETHUSDT,bid,2610,6237.088
2024-08-16 18:03:36,ETHUSDT,bid,2610,6237.06
2024-08-16 18:03:36,ETHUSDT,bid,2610,6236.53
2024-08-16 18:03:37,ETHUSDT,bid,2610,6236.408
2024-08-16 18:03:37,ETHUSDT,bid,2610,6236.183
2024-08-16 18:03:37,ETHUSDT,bid,2610,6236.148
2024-08-16 18:03:37,ETHUSDT,bid,2610,6232.595
2024-08-16 18:03:37,ETHUSDT,bid,2610,6232.669
2024-08-16 18:03:37,ETHUSDT,bid,2610,6232.642
2024-08-16 18:03:38,ETHUSDT,bid,2610,6232.632
2024-08-16 18:03:38,ETHUSDT,bid,2610,6232.551
2024-08-16 18:03:38,ETHUSDT,bid,2610,6229.313
2024-08-16 18:03:38,ETHUSDT,bid,2610,6229.177
2024-08-16 18:03:38,ETHUSDT,bid,2610,6227.177
2024-08-16 18:03:38,ETHUSDT,bid,2610,6227.175
2024-08-16 18:03:38,ETHUSDT,bid,2610,6227.178
2024-08-16 18:03:38,ETHUSDT,bid,2610,6227.2
2024-08-16 18:03:39,ETHUSDT,bid,2610,6227.219
2024-08-16 18:03:39,ETHUSDT,bid,2610,6227.565
2024-08-16 18:03:39,ETHUSDT,bid,2610,6227.546
2024-08-16 18:03:39,ETHUSDT,bid,2610,6227.554
2024-08-16 18:03:39,ETHUSDT,bid,2610,6226.014
2024-08-16 18:03:39,ETHUSDT,bid,2610,6226.075
2024-08-16 18:03:39,ETHUSDT,bid,2610,6224.539
2024-08-16 18:03:39,ETHUSDT,bid,2610,6224.426
2024-08-16 18:03:39,ETHUSDT,bid,2610,6224.339
2024-08-16 18:03:40,ETHUSDT,bid,2610,6231.428
2024-08-16 18:03:40,ETHUSDT,bid,2610,6231.416
2024-08-16 18:03:40,ETHUSDT,bid,2610,6231.401
2024-08-16 18:03:40,ETHUSDT,bid,2610,6231.388
2024-08-16 18:03:40,ETHUSDT,bid,2610,6223.573
2024-08-16 18:03:40,ETHUSDT,bid,2610,6223.09
2024-08-16 18:03:41,ETHUSDT,bid,2610,5289.215
2024-08-16 18:03:41,ETHUSDT,bid,2610,5289.415
2024-08-16 18:03:41,ETHUSDT,bid,2610,5289.426
2024-08-16 18:03:41,ETHUSDT,bid,2610,5289.434
2024-08-16 18:03:41,ETHUSDT,bid,2610,5289.468
2024-08-16 18:03:41,ETHUSDT,bid,2610,5289.476
2024-08-16 18:03:42,ETHUSDT,bid,2610,5289.516
2024-08-16 18:03:42,ETHUSDT,bid,2610,5289.524
2024-08-16 18:03:42,ETHUSDT,bid,2610,5288.51
2024-08-16 18:03:42,ETHUSDT,bid,2610,5283.902
2024-08-16 18:03:42,ETHUSDT,bid,2610,5283.595
2024-08-16 18:03:42,ETHUSDT,bid,2610,5281.184
2024-08-16 18:03:42,ETHUSDT,bid,2610,5281.566
2024-08-16 18:03:42,ETHUSDT,bid,2610,5281.602
2024-08-16 18:03:42,ETHUSDT,bid,2610,5281.889
2024-08-16 18:03:43,ETHUSDT,bid,2610,5281.88
2024-08-16 18:03:43,ETHUSDT,bid,2610,5282.319
2024-08-16 18:03:43,ETHUSDT,bid,2610,5282.739
2024-08-16 18:03:43,ETHUSDT,bid,2610,5282.717
2024-08-16 18:03:43,ETHUSDT,bid,2610,5282.714
2024-08-16 18:03:43,ETHUSDT,bid,2610,5282.765
2024-08-16 18:03:43,ETHUSDT,bid,2610,5282.757
2024-08-16 18:03:43,ETHUSDT,bid,2610,5282.811
2024-08-16 18:03:43,ETHUSDT,bid,2610,5282.724
2024-08-16 18:03:44,ETHUSDT,bid,2610,5281.85
2024-08-16 18:03:44,ETHUSDT,bid,2610,5282.299
2024-08-16 18:03:44,ETHUSDT,bid,2610,5282.3
2024-08-16 18:03:44,ETHUSDT,bid,2610,5282.361
2024-08-16 18:03:44,ETHUSDT,bid,2610,5282.255
2024-08-16 18:03:44,ETHUSDT,bid,2610,5282.247
2024-08-16 18:03:44,ETHUSDT,bid,2610,5282.248
2024-08-16 18:03:45,ETHUSDT,bid,2610,5282.226
2024-08-16 18:03:45,ETHUSDT,bid,2610,5282.216
2024-08-16 18:03:45,ETHUSDT,bid,2610,5282.207
2024-08-16 18:03:45,ETHUSDT,bid,2610,5282.269
2024-08-16 18:03:45,ETHUSDT,bid,2610,5282.431
2024-08-16 18:03:45,ETHUSDT,bid,2610,5282.081
2024-08-16 18:03:45,ETHUSDT,bid,2610,5282.085
2024-08-16 18:03:45,ETHUSDT,bid,2610,5282.511
2024-08-16 18:03:45,ETHUSDT,bid,2610,5282.53
2024-08-16 18:03:46,ETHUSDT,bid,2610,5282.443
2024-08-16 18:03:46,ETHUSDT,bid,2610,5282.426
2024-08-16 18:03:46,ETHUSDT,bid,2610,5282.493
2024-08-16 18:03:46,ETHUSDT,bid,2610,5283.419
2024-08-16 18:03:46,ETHUSDT,bid,2610,5283.366
2024-08-16 18:03:46,ETHUSDT,bid,2610,5283.357
2024-08-16 18:03:47,ETHUSDT,bid,2610,5283.341
2024-08-16 18:03:47,ETHUSDT,bid,2610,5282.768
2024-08-16 18:03:47,ETHUSDT,bid,2610,5281.26
2024-08-16 18:03:47,ETHUSDT,bid,2610,5281.252
2024-08-16 18:03:47,ETHUSDT,bid,2610,5281.003
2024-08-16 18:03:47,ETHUSDT,bid,2610,5281.045
2024-08-16 18:03:47,ETHUSDT,bid,2610,5281.128
2024-08-16 18:03:47,ETHUSDT,bid,2610,5281.078
2024-08-16 18:03:47,ETHUSDT,bid,2610,5279.973
2024-08-16 18:03:48,ETHUSDT,bid,2610,5279.982
2024-08-16 18:03:48,ETHUSDT,bid,2610,5279.59
2024-08-16 18:03:48,ETHUSDT,bid,2610,5279.581
2024-08-16 18:03:48,ETHUSDT,bid,2610,5279.963
2024-08-16 18:03:48,ETHUSDT,bid,2610,5288.436
2024-08-16 18:03:48,ETHUSDT,bid,2610,5292.636
2024-08-16 18:03:49,ETHUSDT,bid,2610,5290.133
2024-08-16 18:03:49,ETHUSDT,bid,2610,5287.482
2024-08-16 18:03:49,ETHUSDT,bid,2610,5287.282
2024-08-16 18:03:49,ETHUSDT,bid,2610,5284.252
2024-08-16 18:03:49,ETHUSDT,bid,2610,5284.241
2024-08-16 18:03:49,ETHUSDT,bid,2610,5284.277
2024-08-16 18:03:50,ETHUSDT,bid,2610,5284.307
2024-08-16 18:03:50,ETHUSDT,bid,2610,5275.73
2024-08-17 00:14:22,ETHUSDT,bid,2570,4420.957
2024-08-17 00:14:51,ETHUSDT,bid,2570,4421.0
2024-08-17 00:15:03,ETHUSDT,bid,2570,4422.0
2024-08-17 00:15:08,ETHUSDT,bid,2570,4421.0
2024-08-17 00:15:17,ETHUSDT,bid,2570,4422.939
2024-08-17 00:15:18,ETHUSDT,bid,2570,4425.199
2024-08-16 19:02:31,ETHUSDT,ask,2620,8337.309
2024-08-16 19:02:32,ETHUSDT,ask,2620,8339.986
2024-08-16 19:02:52,ETHUSDT,ask,2620,8341.6
2024-08-16 19:03:04,ETHUSDT,ask,2620,8342.535
2024-08-16 19:03:26,ETHUSDT,ask,2620,8341.594
2024-08-16 19:03:34,ETHUSDT,ask,2620,8326.594
2024-08-16 19:04:03,ETHUSDT,ask,2620,8327.694
2024-08-16 19:04:21,ETHUSDT,ask,2620,8328.694
2024-08-16 19:04:34,ETHUSDT,ask,2620,8330.185
2024-08-16 19:04:39,ETHUSDT,ask,2620,8330.145
2024-08-16 19:05:34,ETHUSDT,ask,2620,8332.286
2024-08-16 19:06:01,ETHUSDT,ask,2620,8332.172
2024-08-16 19:06:10,ETHUSDT,ask,2620,8332.31
2024-08-16 19:06:22,ETHUSDT,ask,2620,8345.24
2024-08-16 19:06:46,ETHUSDT,ask,2620,8346.547
2024-08-16 19:07:05,ETHUSDT,ask,2620,8396.547
2024-08-16 19:08:16,ETHUSDT,ask,2620,8415.265
2024-08-16 19:08:21,ETHUSDT,ask,2620,8396.547
2024-08-16 19:08:27,ETHUSDT,ask,2620,8405.386
2024-08-16 19:08:34,ETHUSDT,ask,2620,8405.582
2024-08-16 19:08:37,ETHUSDT,ask,2620,8405.646
2024-08-16 19:08:44,ETHUSDT,ask,2620,8404.646
2024-08-16 19:08:49,ETHUSDT,ask,2620,8403.443
2024-08-16 19:09:20,ETHUSDT,ask,2620,8394.604
2024-08-16 19:09:26,ETHUSDT,ask,2620,8394.54
2024-08-16 19:09:41,ETHUSDT,ask,2620,8394.635
2024-08-16 19:09:45,ETHUSDT,ask,2620,8344.635
2024-08-16 19:11:25,ETHUSDT,ask,2620,8344.535
2024-08-16 19:11:38,ETHUSDT,ask,2620,8345.535
2024-08-16 19:12:04,ETHUSDT,ask,2620,8345.527
2024-08-16 19:12:05,ETHUSDT,ask,2620,8345.535
2024-08-16 19:12:05,ETHUSDT,ask,2620,8345.527
2024-08-16 19:12:08,ETHUSDT,ask,2620,8345.527
2024-08-16 19:12:10,ETHUSDT,ask,2620,8341.527
2024-08-16 19:12:11,ETHUSDT,ask,2620,8336.731
2024-08-16 19:12:26,ETHUSDT,ask,2620,8336.739
2024-08-16 19:13:08,ETHUSDT,ask,2620,8361.036
2024-08-16 19:13:18,ETHUSDT,ask,2620,8357.359
2024-08-16 19:13:21,ETHUSDT,ask,2620,8357.351
2024-08-16 19:13:41,ETHUSDT,ask,2620,8355.737
2024-08-16 19:13:45,ETHUSDT,ask,2620,8357.737
2024-08-16 19:13:48,ETHUSDT,ask,2620,8357.72
2024-08-16 19:13:48,ETHUSDT,ask,2620,8355.72
2024-08-16 19:14:13,ETHUSDT,ask,2620,8356.248
2024-08-16 19:14:19,ETHUSDT,ask,2620,8355.248
2024-08-16 19:14:43,ETHUSDT,ask,2620,8354.748
2024-08-16 19:14:48,ETHUSDT,ask,2620,8356.748
2024-08-16 19:15:17,ETHUSDT,ask,2620,8356.291
2024-08-16 19:15:20,ETHUSDT,ask,2620,8529.291
2024-08-16 19:15:25,ETHUSDT,ask,2620,8356.291
2024-08-16 19:15:28,ETHUSDT,ask,2620,8356.979
2024-08-16 19:15:38,ETHUSDT,ask,2620,8357.195
2024-08-16 19:15:58,ETHUSDT,ask,2620,8356.195
2024-08-16 19:16:34,ETHUSDT,ask,2620,8352.195
2024-08-16 19:16:38,ETHUSDT,ask,2620,8352.258
2024-08-16 19:18:09,ETHUSDT,ask,2620,8355.31
2024-08-16 19:18:31,ETHUSDT,ask,2620,8342.43
2024-08-16 19:19:23,ETHUSDT,ask,2620,8342.381
2024-08-16 19:19:49,ETHUSDT,ask,2620,8342.369
2024-08-16 19:20:38,ETHUSDT,ask,2620,8338.786
2024-08-16 19:20:46,ETHUSDT,ask,2620,8338.773
2024-08-16 19:21:23,ETHUSDT,ask,2620,8352.535
2024-08-16 19:21:39,ETHUSDT,ask,2620,8352.035
2024-08-16 19:21:40,ETHUSDT,ask,2620,8351.035
2024-08-16 19:22:34,ETHUSDT,ask,2620,8352.815
2024-08-16 19:22:35,ETHUSDT,ask,2620,8353.815
2024-08-16 19:22:50,ETHUSDT,ask,2620,8353.793
2024-08-16 19:22:53,ETHUSDT,ask,2620,8353.705
2024-08-16 19:22:55,ETHUSDT,ask,2620,8353.693
2024-08-16 19:23:37,ETHUSDT,ask,2620,8353.635
2024-08-16 19:24:34,ETHUSDT,ask,2620,8354.386
2024-08-16 19:24:48,ETHUSDT,ask,2620,8354.406
2024-08-16 19:25:26,ETHUSDT,ask,2620,8351.998
2024-08-16 19:25:42,ETHUSDT,ask,2620,8351.142
2024-08-16 19:26:17,ETHUSDT,ask,2620,8351.15
2024-08-16 19:26:42,ETHUSDT,ask,2620,8355.805
2024-08-16 19:26:49,ETHUSDT,ask,2620,8363.438
2024-08-16 19:27:17,ETHUSDT,ask,2620,8363.43
2024-08-16 19:27:47,ETHUSDT,ask,2620,8355.797
2024-08-16 19:28:07,ETHUSDT,ask,2620,8355.782
2024-08-16 19:28:53,ETHUSDT,ask,2620,8353.105
2024-08-16 19:30:03,ETHUSDT,ask,2620,8353.295
2024-08-16 19:30:44,ETHUSDT,ask,2620,8348.436
2024-08-16 19:31:41,ETHUSDT,ask,2620,8339.451
2024-08-16 19:31:57,ETHUSDT,ask,2620,8339.489
2024-08-16 19:31:58,ETHUSDT,ask,2620,8339.451
2024-08-16 19:32:24,ETHUSDT,ask,2620,8337.101
2024-08-16 19:32:40,ETHUSDT,ask,2620,8336.749
2024-08-16 19:32:58,ETHUSDT,ask,2620,8355.642
2024-08-16 19:32:59,ETHUSDT,ask,2620,8336.749
2024-08-16 19:33:50,ETHUSDT,ask,2620,8328.087
2024-08-16 19:33:53,ETHUSDT,ask,2620,8327.336
2024-08-16 19:34:06,ETHUSDT,ask,2620,8327.236
2024-08-16 19:34:19,ETHUSDT,ask,2620,8329.337
2024-08-16 19:35:30,ETHUSDT,ask,2620,8529.337
2024-08-16 19:35:46,ETHUSDT,ask,2620,8528.574
2024-08-16 19:35:47,ETHUSDT,ask,2620,8523.574
2024-08-16 19:36:02,ETHUSDT,ask,2620,8523.574
2024-08-16 19:36:30,ETHUSDT,ask,2620,8525.482
2024-08-16 19:36:43,ETHUSDT,ask,2620,8530.482
2024-08-16 19:37:01,ETHUSDT,ask,2620,8531.482
2024-08-16 19:37:57,ETHUSDT,ask,2620,8532.797
2024-08-16 19:38:29,ETHUSDT,ask,2620,8532.987
2024-08-16 19:41:41,ETHUSDT,ask,2620,8538.257
2024-08-16 19:43:38,ETHUSDT,ask,2620,8538.842
2024-08-16 19:44:23,ETHUSDT,ask,2620,8541.942
2024-08-16 19:45:46,ETHUSDT,ask,2620,8542.045
2024-08-16 19:45:52,ETHUSDT,ask,2620,8529.937
2024-08-16 19:46:33,ETHUSDT,ask,2620,8516.575
2024-08-16 19:46:40,ETHUSDT,ask,2620,8526.075
2024-08-16 19:47:04,ETHUSDT,ask,2620,8526.777
2024-08-16 19:47:43,ETHUSDT,ask,2620,8526.724
2024-08-16 19:50:07,ETHUSDT,ask,2620,8526.927
2024-08-16 19:51:38,ETHUSDT,ask,2620,8526.734
2024-08-16 19:52:44,ETHUSDT,ask,2620,8527.434
2024-08-16 19:52:53,ETHUSDT,ask,2620,8527.484
2024-08-16 19:53:31,ETHUSDT,ask,2620,8525.622
2024-08-16 19:54:51,ETHUSDT,ask,2620,8526.063
2024-08-16 19:55:28,ETHUSDT,ask,2620,8526.055
2024-08-16 19:56:53,ETHUSDT,ask,2620,8533.682
2024-08-16 19:57:00,ETHUSDT,ask,2620,8533.705
2024-08-16 19:57:01,ETHUSDT,ask,2620,8536.705
2024-08-16 19:59:17,ETHUSDT,ask,2620,8538.567
2024-08-16 20:00:07,ETHUSDT,ask,2620,8539.567
2024-08-16 20:00:52,ETHUSDT,ask,2620,8539.364
2024-08-16 20:01:07,ETHUSDT,ask,2620,8539.864
2024-08-16 20:01:17,ETHUSDT,ask,2620,8539.892
2024-08-16 20:01:51,ETHUSDT,ask,2620,8539.864
2024-08-16 20:04:24,ETHUSDT,ask,2620,8334.864
2024-08-16 20:04:29,ETHUSDT,ask,2620,8338.679
2024-08-16 20:06:21,ETHUSDT,ask,2620,8339.069
2024-08-16 20:06:36,ETHUSDT,ask,2620,8329.069
2024-08-16 20:07:49,ETHUSDT,ask,2620,8328.879
2024-08-16 20:08:24,ETHUSDT,ask,2620,8329.327
2024-08-16 20:08:55,ETHUSDT,ask,2620,8336.884
2024-08-16 20:09:06,ETHUSDT,ask,2620,8337.184
2024-08-16 20:09:36,ETHUSDT,ask,2620,8337.196
2024-08-16 20:10:26,ETHUSDT,ask,2620,8337.173
2024-08-16 20:10:46,ETHUSDT,ask,2620,8350.53
2024-08-16 20:11:07,ETHUSDT,ask,2620,8350.63
2024-08-16 20:11:12,ETHUSDT,ask,2620,8343.073
2024-08-16 20:12:12,ETHUSDT,ask,2620,8343.085
2024-08-16 20:15:11,ETHUSDT,ask,2620,8344.045
2024-08-16 20:17:48,ETHUSDT,ask,2620,8357.487
2024-08-16 20:17:58,ETHUSDT,ask,2620,8359.28
2024-08-16 20:17:58,ETHUSDT,ask,2620,8356.293
2024-08-16 20:18:00,ETHUSDT,ask,2620,8356.309
2024-08-16 20:18:00,ETHUSDT,ask,2620,8363.309
2024-08-16 20:18:05,ETHUSDT,ask,2620,8383.927
2024-08-16 20:18:08,ETHUSDT,ask,2620,8387.843
2024-08-16 20:18:15,ETHUSDT,ask,2620,8381.843
2024-08-16 20:18:18,ETHUSDT,ask,2620,8431.778
2024-08-16 20:18:25,ETHUSDT,ask,2620,8404.025
2024-08-16 20:18:27,ETHUSDT,ask,2620,8404.525
2024-08-16 20:18:28,ETHUSDT,ask,2620,8403.598
2024-08-16 20:18:29,ETHUSDT,ask,2620,8411.061
2024-08-16 20:18:29,ETHUSDT,ask,2620,8432.882
2024-08-16 20:18:31,ETHUSDT,ask,2620,8411.137
2024-08-16 20:18:31,ETHUSDT,ask,2620,8411.637
2024-08-16 20:18:34,ETHUSDT,ask,2620,8433.458
2024-08-16 20:18:38,ETHUSDT,ask,2620,8404.598
2024-08-16 20:18:42,ETHUSDT,ask,2620,8409.821
2024-08-16 20:18:45,ETHUSDT,ask,2620,8407.88
2024-08-16 20:18:48,ETHUSDT,ask,2620,8385.986
2024-08-16 20:18:48,ETHUSDT,ask,2620,8383.781
2024-08-16 20:18:50,ETHUSDT,ask,2620,8383.108
2024-08-16 20:18:51,ETHUSDT,ask,2620,8383.439
2024-08-16 20:18:52,ETHUSDT,ask,2620,8383.639
2024-08-16 20:18:53,ETHUSDT,ask,2620,8383.439
2024-08-16 20:18:54,ETHUSDT,ask,2620,8383.461
2024-08-16 20:18:57,ETHUSDT,ask,2620,8383.342
2024-08-16 20:19:04,ETHUSDT,ask,2620,8383.737
2024-08-16 20:19:06,ETHUSDT,ask,2620,8383.237
2024-08-16 20:19:18,ETHUSDT,ask,2620,8385.205
2024-08-16 20:19:27,ETHUSDT,ask,2620,8385.296
2024-08-16 20:19:28,ETHUSDT,ask,2620,8386.778
2024-08-16 20:19:46,ETHUSDT,ask,2620,9033.725
2024-08-16 20:19:50,ETHUSDT,ask,2620,9033.752
2024-08-16 20:19:53,ETHUSDT,ask,2620,9035.838
2024-08-16 20:19:56,ETHUSDT,ask,2620,9047.288
2024-08-16 20:19:56,ETHUSDT,ask,2620,9047.28
2024-08-16 20:19:58,ETHUSDT,ask,2620,9048.28
2024-08-16 20:20:08,ETHUSDT,ask,2620,9048.467
2024-08-16 20:20:16,ETHUSDT,ask,2620,9048.584
2024-08-16 20:20:26,ETHUSDT,ask,2620,9048.984
2024-08-16 20:20:49,ETHUSDT,ask,2620,9048.984
2024-08-16 20:20:50,ETHUSDT,ask,2620,9048.6
2024-08-16 20:20:51,ETHUSDT,ask,2620,9048.592
2024-08-16 20:20:55,ETHUSDT,ask,2620,9048.592
2024-08-16 20:20:58,ETHUSDT,ask,2620,9048.792
2024-08-16 20:21:15,ETHUSDT,ask,2620,9049.444
2024-08-16 20:21:20,ETHUSDT,ask,2620,9049.558
2024-08-16 20:21:45,ETHUSDT,ask,2620,9049.491
2024-08-16 20:21:50,ETHUSDT,ask,2620,9050.014
2024-08-16 20:21:59,ETHUSDT,ask,2620,9049.998
2024-08-16 20:22:13,ETHUSDT,ask,2620,9049.8
2024-08-16 20:22:17,ETHUSDT,ask,2620,9050.8
2024-08-16 20:22:21,ETHUSDT,ask,2620,9050.838
2024-08-16 20:22:25,ETHUSDT,ask,2620,9068.683
2024-08-16 20:22:39,ETHUSDT,ask,2620,9057.011
2024-08-16 20:22:42,ETHUSDT,ask,2620,9047.752
2024-08-16 20:22:46,ETHUSDT,ask,2620,9048.052
2024-08-16 20:22:46,ETHUSDT,ask,2620,9048.482
2024-08-16 20:22:49,ETHUSDT,ask,2620,9048.64
2024-08-16 20:22:57,ETHUSDT,ask,2620,9049.64
2024-08-16 20:23:00,ETHUSDT,ask,2620,9050.212
2024-08-16 20:23:02,ETHUSDT,ask,2620,9050.221
2024-08-16 20:23:09,ETHUSDT,ask,2620,9052.221
2024-08-16 20:23:14,ETHUSDT,ask,2620,9050.221
2024-08-16 20:23:26,ETHUSDT,ask,2620,9050.314
2024-08-16 20:23:30,ETHUSDT,ask,2620,9053.367
2024-08-16 20:23:34,ETHUSDT,ask,2620,9050.314
2024-08-16 20:24:02,ETHUSDT,ask,2620,9050.414
2024-08-16 20:24:10,ETHUSDT,ask,2620,9050.406
2024-08-16 20:24:15,ETHUSDT,ask,2620,9050.406
2024-08-16 20:24:16,ETHUSDT,ask,2620,9050.406
2024-08-16 20:24:20,ETHUSDT,ask,2620,8398.596
2024-08-16 20:24:26,ETHUSDT,ask,2620,8398.596
2024-08-16 20:24:34,ETHUSDT,ask,2620,8399.166
2024-08-16 20:24:37,ETHUSDT,ask,2620,8398.981
2024-08-16 20:24:38,ETHUSDT,ask,2620,8399.063
2024-08-16 20:24:45,ETHUSDT,ask,2620,8399.374
2024-08-16 20:24:55,ETHUSDT,ask,2620,8399.382
2024-08-16 20:24:56,ETHUSDT,ask,2620,8399.382
2024-08-16 20:25:04,ETHUSDT,ask,2620,8399.374
2024-08-16 20:25:04,ETHUSDT,ask,2620,8399.382
2024-08-16 20:25:11,ETHUSDT,ask,2620,8397.9
2024-08-16 20:25:14,ETHUSDT,ask,2620,8397.892
2024-08-16 20:25:14,ETHUSDT,ask,2620,8397.9
2024-08-16 20:25:22,ETHUSDT,ask,2620,8397.895
2024-08-16 20:25:42,ETHUSDT,ask,2620,8399.491
2024-08-16 20:25:45,ETHUSDT,ask,2620,8401.375
2024-08-16 20:25:49,ETHUSDT,ask,2620,8401.376
2024-08-16 20:25:55,ETHUSDT,ask,2620,8400.762
2024-08-16 20:26:36,ETHUSDT,ask,2620,8401.182
2024-08-16 20:26:39,ETHUSDT,ask,2620,8401.724
2024-08-16 20:26:51,ETHUSDT,ask,2620,8401.642
2024-08-16 20:26:51,ETHUSDT,ask,2620,8401.859
2024-08-16 20:26:58,ETHUSDT,ask,2620,8400.859
2024-08-16 20:27:01,ETHUSDT,ask,2620,8403.665
2024-08-16 20:27:16,ETHUSDT,ask,2620,8403.657
2024-08-16 20:27:21,ETHUSDT,ask,2620,8403.638
2024-08-16 20:27:21,ETHUSDT,ask,2620,8403.68
2024-08-16 20:27:22,ETHUSDT,ask,2620,8403.672
2024-08-16 20:27:23,ETHUSDT,ask,2620,8403.691
2024-08-16 20:27:31,ETHUSDT,ask,2620,8403.699
2024-08-16 20:27:36,ETHUSDT,ask,2620,8403.649
2024-08-16 20:27:37,ETHUSDT,ask,2620,8400.649
2024-08-16 20:27:49,ETHUSDT,ask,2620,8604.365
2024-08-16 20:27:51,ETHUSDT,ask,2620,8604.373
2024-08-16 20:27:51,ETHUSDT,ask,2620,8604.365
2024-08-16 20:27:55,ETHUSDT,ask,2620,8604.518
2024-08-16 20:28:04,ETHUSDT,ask,2620,8604.526
2024-08-16 20:28:05,ETHUSDT,ask,2620,8604.518
2024-08-16 20:28:09,ETHUSDT,ask,2620,8605.081
2024-08-16 20:28:10,ETHUSDT,ask,2620,8604.518
2024-08-16 20:28:27,ETHUSDT,ask,2620,8641.518
2024-08-16 20:29:02,ETHUSDT,ask,2620,8642.518
2024-08-16 20:29:10,ETHUSDT,ask,2620,8642.526
2024-08-16 20:29:16,ETHUSDT,ask,2620,8642.373
2024-08-16 20:29:21,ETHUSDT,ask,2620,8642.373
2024-08-16 20:29:26,ETHUSDT,ask,2620,8642.373
2024-08-16 20:29:27,ETHUSDT,ask,2620,8642.365
2024-08-16 20:29:38,ETHUSDT,ask,2620,8642.046
2024-08-16 20:30:04,ETHUSDT,ask,2620,8637.99
2024-08-16 20:30:28,ETHUSDT,ask,2620,8602.779
2024-08-16 20:30:43,ETHUSDT,ask,2620,8603.279
2024-08-16 20:30:46,ETHUSDT,ask,2620,8603.113
2024-08-16 20:30:46,ETHUSDT,ask,2620,8603.139
2024-08-16 20:30:46,ETHUSDT,ask,2620,8602.647
2024-08-16 20:31:20,ETHUSDT,ask,2620,8603.487
2024-08-16 20:31:22,ETHUSDT,ask,2620,8603.541
2024-08-16 20:31:52,ETHUSDT,ask,2620,8606.191
2024-08-16 20:32:02,ETHUSDT,ask,2620,8617.588
2024-08-16 20:32:13,ETHUSDT,ask,2620,8617.168
2024-08-16 20:32:26,ETHUSDT,ask,2620,8617.158
2024-08-16 20:32:38,ETHUSDT,ask,2620,8617.166
2024-08-16 20:32:59,ETHUSDT,ask,2620,8617.166
2024-08-16 20:32:59,ETHUSDT,ask,2620,8617.158
2024-08-16 20:33:01,ETHUSDT,ask,2620,8617.166
2024-08-16 20:33:01,ETHUSDT,ask,2620,8617.158
2024-08-16 20:33:01,ETHUSDT,ask,2620,8618.358
2024-08-16 20:33:28,ETHUSDT,ask,2620,8618.583
2024-08-16 20:33:29,ETHUSDT,ask,2620,8618.583
2024-08-16 20:33:29,ETHUSDT,ask,2620,8618.575
2024-08-16 20:33:30,ETHUSDT,ask,2620,8618.575
2024-08-16 20:33:31,ETHUSDT,ask,2620,8618.583
2024-08-16 20:33:34,ETHUSDT,ask,2620,8618.575
2024-08-16 20:33:47,ETHUSDT,ask,2620,8620.575
2024-08-16 20:33:48,ETHUSDT,ask,2620,8620.575
2024-08-16 20:33:48,ETHUSDT,ask,2620,8620.583
2024-08-16 20:33:49,ETHUSDT,ask,2620,8618.583
2024-08-16 20:33:51,ETHUSDT,ask,2620,8618.583
2024-08-16 20:34:11,ETHUSDT,ask,2620,8619.083
2024-08-16 20:34:21,ETHUSDT,ask,2620,8618.583
2024-08-16 20:34:33,ETHUSDT,ask,2620,8618.155
2024-08-16 20:34:41,ETHUSDT,ask,2620,8619.155
2024-08-16 20:34:46,ETHUSDT,ask,2620,8619.885
2024-08-16 20:34:54,ETHUSDT,ask,2620,8619.115
2024-08-16 20:34:55,ETHUSDT,ask,2620,8622.331
2024-08-16 20:34:58,ETHUSDT,ask,2620,8619.068
2024-08-16 20:34:59,ETHUSDT,ask,2620,8619.953
2024-08-16 20:35:02,ETHUSDT,ask,2620,8626.617
2024-08-16 20:35:06,ETHUSDT,ask,2620,8626.56
2024-08-16 20:35:13,ETHUSDT,ask,2620,8625.965
2024-08-16 20:35:14,ETHUSDT,ask,2620,8627.48
2024-08-16 20:35:15,ETHUSDT,ask,2620,8627.118
2024-08-16 20:35:19,ETHUSDT,ask,2620,8627.598
2024-08-16 20:35:21,ETHUSDT,ask,2620,8626.676
2024-08-16 20:35:21,ETHUSDT,ask,2620,8627.831
2024-08-16 20:35:22,ETHUSDT,ask,2620,8627.976
2024-08-16 20:35:23,ETHUSDT,ask,2620,8631.021
2024-08-16 20:35:25,ETHUSDT,ask,2620,8632.962
2024-08-16 20:35:26,ETHUSDT,ask,2620,8632.872
2024-08-16 20:35:26,ETHUSDT,ask,2620,8633.807
2024-08-16 20:35:26,ETHUSDT,ask,2620,8635.422
2024-08-16 20:35:30,ETHUSDT,ask,2620,8642.679
2024-08-16 20:35:30,ETHUSDT,ask,2620,8642.629
2024-08-16 20:35:33,ETHUSDT,ask,2620,8638.426
2024-08-16 20:35:37,ETHUSDT,ask,2620,8639.371
2024-08-16 20:35:38,ETHUSDT,ask,2620,8639.306
2024-08-16 20:35:38,ETHUSDT,ask,2620,8636.306
2024-08-16 20:35:47,ETHUSDT,ask,2620,8633.818
2024-08-16 20:35:49,ETHUSDT,ask,2620,8634.373
2024-08-16 20:35:51,ETHUSDT,ask,2620,8634.393
2024-08-16 20:35:54,ETHUSDT,ask,2620,8641.883
2024-08-16 20:35:54,ETHUSDT,ask,2620,8672.153
2024-08-16 20:35:55,ETHUSDT,ask,2620,8638.663
2024-08-16 20:36:00,ETHUSDT,ask,2620,8646.326
2024-08-16 20:36:00,ETHUSDT,ask,2620,8639.454
2024-08-16 20:36:03,ETHUSDT,ask,2620,8639.794
2024-08-16 20:36:09,ETHUSDT,ask,2620,8649.809
2024-08-16 20:36:15,ETHUSDT,ask,2620,8639.101
2024-08-16 20:36:17,ETHUSDT,ask,2620,8639.241
2024-08-16 20:36:20,ETHUSDT,ask,2620,8639.317
2024-08-16 20:36:21,ETHUSDT,ask,2620,8639.336
2024-08-16 20:36:26,ETHUSDT,ask,2620,8639.374
2024-08-16 20:36:29,ETHUSDT,ask,2620,8639.454
2024-08-16 20:36:36,ETHUSDT,ask,2620,8640.03
2024-08-16 20:36:40,ETHUSDT,ask,2620,8639.85
2024-08-16 20:36:44,ETHUSDT,ask,2620,8639.926
2024-08-16 20:36:44,ETHUSDT,ask,2620,8639.981
2024-08-16 20:36:46,ETHUSDT,ask,2620,8644.78
2024-08-16 20:36:52,ETHUSDT,ask,2620,8647.681
2024-08-16 20:36:59,ETHUSDT,ask,2620,8647.381
2024-08-16 20:37:20,ETHUSDT,ask,2620,8662.157
2024-08-16 20:37:22,ETHUSDT,ask,2620,8663.057
2024-08-16 20:38:03,ETHUSDT,ask,2620,8660.771
2024-08-16 20:38:25,ETHUSDT,ask,2620,8704.513
2024-08-16 20:38:26,ETHUSDT,ask,2620,8724.513
2024-08-16 20:38:27,ETHUSDT,ask,2620,8735.037
2024-08-16 20:38:34,ETHUSDT,ask,2620,8719.913
2024-08-16 20:38:38,ETHUSDT,ask,2620,8719.886
2024-08-16 20:38:49,ETHUSDT,ask,2620,8730.496
2024-08-16 20:38:53,ETHUSDT,ask,2620,8716.083
2024-08-16 20:38:59,ETHUSDT,ask,2620,8702.726
2024-08-16 20:38:59,ETHUSDT,ask,2620,8704.275
2024-08-16 20:39:00,ETHUSDT,ask,2620,8709.275
2024-08-16 20:39:16,ETHUSDT,ask,2620,8716.094
2024-08-16 20:39:20,ETHUSDT,ask,2620,8717.347
2024-08-16 20:39:20,ETHUSDT,ask,2620,8717.416
2024-08-16 20:39:30,ETHUSDT,ask,2620,8717.903
2024-08-16 20:39:33,ETHUSDT,ask,2620,8716.416
2024-08-16 20:39:35,ETHUSDT,ask,2620,8715.107
2024-08-16 20:40:24,ETHUSDT,ask,2620,8818.87
2024-08-16 20:40:26,ETHUSDT,ask,2620,8818.878
2024-08-16 20:40:28,ETHUSDT,ask,2620,8819.147
2024-08-16 20:40:31,ETHUSDT,ask,2620,8819.696
2024-08-16 20:40:37,ETHUSDT,ask,2620,8715.182
2024-08-16 20:40:40,ETHUSDT,ask,2620,8823.696
2024-08-16 20:40:44,ETHUSDT,ask,2620,8826.68
2024-08-16 20:40:53,ETHUSDT,ask,2620,8851.131
2024-08-16 20:40:53,ETHUSDT,ask,2620,8825.131
2024-08-16 20:41:09,ETHUSDT,ask,2620,8820.283
2024-08-16 20:41:12,ETHUSDT,ask,2620,8819.383
2024-08-16 20:41:20,ETHUSDT,ask,2620,8820.932
2024-08-16 20:41:21,ETHUSDT,ask,2620,8820.942
2024-08-16 20:41:24,ETHUSDT,ask,2620,8821.746
2024-08-16 20:41:31,ETHUSDT,ask,2620,8821.529
2024-08-16 20:41:33,ETHUSDT,ask,2620,8822.029
2024-08-16 20:42:05,ETHUSDT,ask,2620,8822.111
2024-08-16 20:42:05,ETHUSDT,ask,2620,8821.811
2024-08-16 20:42:29,ETHUSDT,ask,2620,8747.574
2024-08-16 20:42:32,ETHUSDT,ask,2620,8747.074
2024-08-16 20:42:40,ETHUSDT,ask,2620,8749.074
2024-08-16 20:42:41,ETHUSDT,ask,2620,8747.074
2024-08-16 20:42:44,ETHUSDT,ask,2620,8749.074
2024-08-16 20:42:49,ETHUSDT,ask,2620,8749.074
2024-08-16 20:42:52,ETHUSDT,ask,2620,8747.074
2024-08-16 20:42:59,ETHUSDT,ask,2620,8749.074
2024-08-16 20:43:00,ETHUSDT,ask,2620,8747.074
2024-08-16 20:43:04,ETHUSDT,ask,2620,8747.232
2024-08-16 20:43:34,ETHUSDT,ask,2620,8774.232
2024-08-16 20:43:34,ETHUSDT,ask,2620,8774.422
2024-08-16 20:43:39,ETHUSDT,ask,2620,8774.423
2024-08-16 20:44:02,ETHUSDT,ask,2620,8774.239
2024-08-16 20:44:12,ETHUSDT,ask,2620,8774.888
2024-08-16 20:44:12,ETHUSDT,ask,2620,8774.231
2024-08-16 20:44:27,ETHUSDT,ask,2620,8774.229
2024-08-16 20:45:09,ETHUSDT,ask,2620,8774.439
2024-08-16 20:45:20,ETHUSDT,ask,2620,8774.889
2024-08-16 20:45:20,ETHUSDT,ask,2620,8774.881
2024-08-16 20:45:21,ETHUSDT,ask,2620,8774.893
2024-08-16 20:45:33,ETHUSDT,ask,2620,8664.776
2024-08-16 20:45:49,ETHUSDT,ask,2620,8664.776
2024-08-16 20:45:50,ETHUSDT,ask,2620,8664.776
2024-08-16 20:45:50,ETHUSDT,ask,2620,8664.784
2024-08-16 20:45:54,ETHUSDT,ask,2620,8460.507
2024-08-16 20:45:57,ETHUSDT,ask,2620,8462.507
2024-08-16 20:45:58,ETHUSDT,ask,2620,8460.507
2024-08-16 20:45:59,ETHUSDT,ask,2620,8462.507
2024-08-16 20:45:59,ETHUSDT,ask,2620,8460.507
2024-08-16 20:46:09,ETHUSDT,ask,2620,8455.34
2024-08-16 20:46:10,ETHUSDT,ask,2620,8455.376
2024-08-16 20:46:14,ETHUSDT,ask,2620,8455.375
2024-08-16 20:46:17,ETHUSDT,ask,2620,8452.634
2024-08-16 20:46:26,ETHUSDT,ask,2620,8454.439
2024-08-16 20:46:46,ETHUSDT,ask,2620,8452.447
2024-08-16 20:46:48,ETHUSDT,ask,2620,8452.813
2024-08-16 20:46:56,ETHUSDT,ask,2620,8452.805
2024-08-16 20:47:33,ETHUSDT,ask,2620,8450.462
2024-08-16 20:47:41,ETHUSDT,ask,2620,8450.033
2024-08-16 20:47:50,ETHUSDT,ask,2620,8449.881
2024-08-16 20:48:01,ETHUSDT,ask,2620,8455.605
2024-08-16 20:48:05,ETHUSDT,ask,2620,8454.801
2024-08-16 20:49:02,ETHUSDT,ask,2620,8455.025
2024-08-16 20:49:24,ETHUSDT,ask,2620,8455.049
2024-08-16 20:49:28,ETHUSDT,ask,2620,8463.546
2024-08-16 20:51:30,ETHUSDT,ask,2620,8464.188
2024-08-16 20:51:47,ETHUSDT,ask,2620,8464.034
2024-08-16 20:52:06,ETHUSDT,ask,2620,8464.034
2024-08-16 20:52:26,ETHUSDT,ask,2620,8454.545
2024-08-16 20:53:13,ETHUSDT,ask,2620,8476.786
2024-08-16 20:53:13,ETHUSDT,ask,2620,8451.848
2024-08-16 20:54:19,ETHUSDT,ask,2620,8477.7
2024-08-16 20:54:26,ETHUSDT,ask,2620,8476.579
2024-08-16 20:54:46,ETHUSDT,ask,2620,8467.733
2024-08-16 20:56:03,ETHUSDT,ask,2620,8436.443
2024-08-16 20:56:07,ETHUSDT,ask,2620,8437.35
2024-08-16 20:57:06,ETHUSDT,ask,2620,8438.776
2024-08-16 20:58:04,ETHUSDT,ask,2620,8442.279
2024-08-16 20:58:06,ETHUSDT,ask,2620,8441.913
2024-08-16 20:58:28,ETHUSDT,ask,2620,8440.276
2024-08-16 20:58:43,ETHUSDT,ask,2620,8439.276
2024-08-16 20:58:45,ETHUSDT,ask,2620,8440.276
2024-08-16 20:58:56,ETHUSDT,ask,2620,8441.276
2024-08-16 20:59:09,ETHUSDT,ask,2620,8441.2
2024-08-16 20:59:23,ETHUSDT,ask,2620,8442.2
2024-08-16 20:59:39,ETHUSDT,ask,2620,8445.138
2024-08-16 20:59:48,ETHUSDT,ask,2620,8443.478
2024-08-16 21:00:25,ETHUSDT,ask,2620,8473.339
2024-08-16 21:00:28,ETHUSDT,ask,2620,8473.339
2024-08-16 21:01:25,ETHUSDT,ask,2620,8469.918
2024-08-16 21:02:17,ETHUSDT,ask,2620,8441.466
2024-08-16 21:03:37,ETHUSDT,ask,2620,8442.318
2024-08-16 21:04:56,ETHUSDT,ask,2620,8442.408
2024-08-16 21:05:18,ETHUSDT,ask,2620,8457.4
2024-08-16 21:05:24,ETHUSDT,ask,2620,8457.29
2024-08-16 21:05:38,ETHUSDT,ask,2620,8455.406
2024-08-16 21:05:51,ETHUSDT,ask,2620,8455.249
2024-08-16 21:06:03,ETHUSDT,ask,2620,8455.249
2024-08-16 21:06:04,ETHUSDT,ask,2620,8455.249
2024-08-16 21:06:13,ETHUSDT,ask,2620,8455.736
2024-08-16 21:07:45,ETHUSDT,ask,2620,8451.508
2024-08-16 21:07:54,ETHUSDT,ask,2620,8451.941
2024-08-16 21:07:55,ETHUSDT,ask,2620,8452.591
2024-08-16 21:07:56,ETHUSDT,ask,2620,8452.391
2024-08-16 21:10:54,ETHUSDT,ask,2620,8446.743
2024-08-16 21:12:01,ETHUSDT,ask,2620,8442.391
2024-08-16 21:12:35,ETHUSDT,ask,2620,8452.168
2024-08-16 21:13:54,ETHUSDT,ask,2620,8467.619
2024-08-16 21:13:58,ETHUSDT,ask,2620,8484.769
2024-08-16 21:14:02,ETHUSDT,ask,2620,8486.769
2024-08-16 21:14:04,ETHUSDT,ask,2620,8486.826
2024-08-16 21:14:12,ETHUSDT,ask,2620,8486.851
2024-08-16 21:14:17,ETHUSDT,ask,2620,8469.847
2024-08-16 21:15:24,ETHUSDT,ask,2620,8436.793
2024-08-16 21:17:49,ETHUSDT,ask,2620,8436.089
2024-08-16 21:18:07,ETHUSDT,ask,2620,8435.656
2024-08-16 21:18:11,ETHUSDT,ask,2620,8433.656
2024-08-16 21:18:13,ETHUSDT,ask,2620,8433.456
2024-08-16 21:18:19,ETHUSDT,ask,2620,8633.456
2024-08-16 21:18:41,ETHUSDT,ask,2620,8633.289
2024-08-16 21:19:22,ETHUSDT,ask,2620,8633.384
2024-08-16 21:19:28,ETHUSDT,ask,2620,8765.792
2024-08-16 21:19:38,ETHUSDT,ask,2620,8765.162
2024-08-16 21:19:56,ETHUSDT,ask,2620,8714.452
2024-08-16 21:20:23,ETHUSDT,ask,2620,8713.965
2024-08-16 21:21:19,ETHUSDT,ask,2620,8721.216
2024-08-16 21:21:20,ETHUSDT,ask,2620,8713.965
2024-08-16 21:21:28,ETHUSDT,ask,2620,8712.613
2024-08-16 21:22:21,ETHUSDT,ask,2620,8719.686
2024-08-16 21:22:49,ETHUSDT,ask,2620,8706.399
2024-08-16 21:24:55,ETHUSDT,ask,2620,8635.683
2024-08-16 21:26:20,ETHUSDT,ask,2620,8685.64
2024-08-16 21:27:03,ETHUSDT,ask,2620,8686.786
2024-08-16 21:27:50,ETHUSDT,ask,2620,8686.883
2024-08-16 21:29:49,ETHUSDT,ask,2620,8686.826
2024-08-16 21:32:23,ETHUSDT,ask,2620,8657.326
2024-08-16 21:32:25,ETHUSDT,ask,2620,8857.326
2024-08-16 21:32:25,ETHUSDT,ask,2620,8857.983
2024-08-16 21:32:25,ETHUSDT,ask,2620,8857.326
2024-08-16 21:32:29,ETHUSDT,ask,2620,8857.516
2024-08-16 21:32:45,ETHUSDT,ask,2620,8857.16
2024-08-16 21:33:23,ETHUSDT,ask,2620,8858.16
2024-08-16 21:33:42,ETHUSDT,ask,2620,8856.934
2024-08-16 21:33:52,ETHUSDT,ask,2620,8856.169
2024-08-16 21:34:04,ETHUSDT,ask,2620,8855.911
2024-08-16 21:35:35,ETHUSDT,ask,2620,8855.929
2024-08-16 21:35:45,ETHUSDT,ask,2620,8856.883
2024-08-16 21:36:02,ETHUSDT,ask,2620,8858.831
2024-08-16 21:36:09,ETHUSDT,ask,2620,8862.393
2024-08-16 21:36:26,ETHUSDT,ask,2620,8862.365
2024-08-16 21:36:48,ETHUSDT,ask,2620,8862.361
2024-08-16 21:37:10,ETHUSDT,ask,2620,8862.443
2024-08-16 21:37:30,ETHUSDT,ask,2620,8861.76
2024-08-16 21:37:42,ETHUSDT,ask,2620,8862.241
2024-08-16 21:37:48,ETHUSDT,ask,2620,8862.373
2024-08-16 21:39:01,ETHUSDT,ask,2620,8862.173
2024-08-16 21:39:17,ETHUSDT,ask,2620,8861.792
2024-08-16 21:39:19,ETHUSDT,ask,2620,8861.8
2024-08-16 21:39:56,ETHUSDT,ask,2620,8861.753
2024-08-16 21:40:00,ETHUSDT,ask,2620,8861.807
2024-08-16 21:40:52,ETHUSDT,ask,2620,8898.807
2024-08-16 21:41:26,ETHUSDT,ask,2620,8898.307
2024-08-16 21:41:48,ETHUSDT,ask,2620,8897.826
2024-08-16 21:42:43,ETHUSDT,ask,2620,8897.837
2024-08-16 21:44:28,ETHUSDT,ask,2620,8896.994
2024-08-16 21:45:34,ETHUSDT,ask,2620,8898.494
2024-08-16 21:45:43,ETHUSDT,ask,2620,8904.494
2024-08-16 21:45:43,ETHUSDT,ask,2620,8903.994
2024-08-16 21:45:50,ETHUSDT,ask,2620,8903.233
2024-08-16 21:46:59,ETHUSDT,ask,2620,8923.898
2024-08-16 21:48:04,ETHUSDT,ask,2620,8916.344
2024-08-16 21:48:24,ETHUSDT,ask,2620,8891.062
2024-08-16 21:50:41,ETHUSDT,ask,2620,8892.505
2024-08-16 21:50:42,ETHUSDT,ask,2620,8892.359
2024-08-16 21:56:52,ETHUSDT,ask,2620,8913.35
2024-08-16 21:56:59,ETHUSDT,ask,2620,8910.35
2024-08-16 21:57:43,ETHUSDT,ask,2620,8909.35
2024-08-16 21:57:55,ETHUSDT,ask,2620,8911.35
2024-08-16 21:58:20,ETHUSDT,ask,2620,8909.35
2024-08-16 21:58:24,ETHUSDT,ask,2620,8913.822
2024-08-16 21:58:51,ETHUSDT,ask,2620,8914.026
2024-08-16 21:59:44,ETHUSDT,ask,2620,8915.194
2024-08-16 21:59:54,ETHUSDT,ask,2620,8914.026
2024-08-16 22:00:41,ETHUSDT,ask,2620,8912.083
2024-08-16 22:02:25,ETHUSDT,ask,2620,8912.126
2024-08-16 22:02:43,ETHUSDT,ask,2620,8911.991
2024-08-16 22:03:09,ETHUSDT,ask,2620,8912.005
2024-08-16 22:03:55,ETHUSDT,ask,2620,8919.562
2024-08-16 22:03:56,ETHUSDT,ask,2620,8917.562
2024-08-16 22:04:01,ETHUSDT,ask,2620,8917.586
2024-08-16 22:05:33,ETHUSDT,ask,2620,8910.329
2024-08-16 22:06:50,ETHUSDT,ask,2620,8915.941
2024-08-16 22:09:03,ETHUSDT,ask,2620,8915.941
2024-08-16 22:11:07,ETHUSDT,ask,2620,8917.849
2024-08-16 22:11:14,ETHUSDT,ask,2620,8917.866
2024-08-16 22:11:31,ETHUSDT,ask,2620,8916.866
2024-08-16 22:11:52,ETHUSDT,ask,2620,8918.011
2024-08-16 22:13:03,ETHUSDT,ask,2620,8918.001
2024-08-16 22:13:06,ETHUSDT,ask,2620,8918.592
2024-08-16 22:13:45,ETHUSDT,ask,2620,8918.602
2024-08-16 22:14:04,ETHUSDT,ask,2620,8918.578
2024-08-16 22:14:15,ETHUSDT,ask,2620,8930.028
2024-08-16 22:14:28,ETHUSDT,ask,2620,8929.946
2024-08-16 22:14:29,ETHUSDT,ask,2620,8932.946
2024-08-16 22:14:37,ETHUSDT,ask,2620,8942.477
2024-08-16 22:14:52,ETHUSDT,ask,2620,8941.886
2024-08-16 22:15:00,ETHUSDT,ask,2620,8941.895
2024-08-16 22:15:22,ETHUSDT,ask,2620,8947.354
2024-08-16 22:15:23,ETHUSDT,ask,2620,8956.885
2024-08-16 22:15:29,ETHUSDT,ask,2620,8956.875
2024-08-16 22:17:06,ETHUSDT,ask,2620,8947.344
2024-08-16 22:17:07,ETHUSDT,ask,2620,8958.788
2024-08-16 22:17:43,ETHUSDT,ask,2620,8958.827
2024-08-16 22:17:44,ETHUSDT,ask,2620,8957.682
2024-08-16 22:18:02,ETHUSDT,ask,2620,8958.109
2024-08-16 22:18:51,ETHUSDT,ask,2620,8948.578
2024-08-16 22:18:52,ETHUSDT,ask,2620,8948.99
2024-08-16 22:19:51,ETHUSDT,ask,2620,8948.786
2024-08-16 22:19:52,ETHUSDT,ask,2620,8949.848
2024-08-16 22:20:07,ETHUSDT,ask,2620,8952.222
2024-08-16 22:21:52,ETHUSDT,ask,2620,8955.483
2024-08-16 22:23:24,ETHUSDT,ask,2620,8955.82
2024-08-16 22:23:37,ETHUSDT,ask,2620,8952.004
2024-08-16 22:23:53,ETHUSDT,ask,2620,8940.56
2024-08-16 22:25:05,ETHUSDT,ask,2620,8940.545
2024-08-16 22:29:25,ETHUSDT,ask,2620,8883.803
2024-08-16 22:29:28,ETHUSDT,ask,2620,8887.803
2024-08-16 22:29:37,ETHUSDT,ask,2620,8887.376
2024-08-16 22:31:39,ETHUSDT,ask,2620,8888.942
2024-08-16 22:32:42,ETHUSDT,ask,2620,8884.342
2024-08-16 22:33:08,ETHUSDT,ask,2620,8884.35
2024-08-16 22:34:16,ETHUSDT,ask,2620,8886.919
2024-08-16 22:37:15,ETHUSDT,ask,2620,8896.352
2024-08-16 22:38:46,ETHUSDT,ask,2620,8896.36
2024-08-16 22:41:00,ETHUSDT,ask,2620,8897.184
2024-08-16 22:41:08,ETHUSDT,ask,2620,8897.294
2024-08-16 22:41:38,ETHUSDT,ask,2620,8890.991
2024-08-16 22:41:39,ETHUSDT,ask,2620,8890.591
2024-08-16 22:42:16,ETHUSDT,ask,2620,8894.591
2024-08-16 22:42:31,ETHUSDT,ask,2620,8894.599
2024-08-16 22:43:17,ETHUSDT,ask,2620,8894.203
2024-08-16 22:43:17,ETHUSDT,ask,2620,8890.203
2024-08-16 22:43:41,ETHUSDT,ask,2620,8892.257
2024-08-16 22:43:47,ETHUSDT,ask,2620,8893.256
2024-08-16 22:44:03,ETHUSDT,ask,2620,8892.854
2024-08-16 22:44:08,ETHUSDT,ask,2620,8694.354
2024-08-16 22:44:08,ETHUSDT,ask,2620,8694.454
2024-08-16 22:44:26,ETHUSDT,ask,2620,8695.085
2024-08-16 22:46:10,ETHUSDT,ask,2620,8699.512
2024-08-16 22:47:27,ETHUSDT,ask,2620,8703.031
2024-08-16 22:47:40,ETHUSDT,ask,2620,8701.531
2024-08-16 22:47:54,ETHUSDT,ask,2620,8702.694
2024-08-16 22:48:26,ETHUSDT,ask,2620,8701.694
2024-08-16 22:48:37,ETHUSDT,ask,2620,8701.122
2024-08-16 22:48:41,ETHUSDT,ask,2620,8703.768
2024-08-16 22:50:03,ETHUSDT,ask,2620,8703.819
2024-08-16 22:51:37,ETHUSDT,ask,2620,8702.484
2024-08-16 22:51:53,ETHUSDT,ask,2620,8702.789
2024-08-16 22:52:10,ETHUSDT,ask,2620,8704.789
2024-08-16 22:53:13,ETHUSDT,ask,2620,8704.158
2024-08-16 22:53:23,ETHUSDT,ask,2620,8704.731
2024-08-16 22:53:24,ETHUSDT,ask,2620,8704.778
2024-08-16 22:53:30,ETHUSDT,ask,2620,8704.853
2024-08-16 22:55:28,ETHUSDT,ask,2620,8704.453
2024-08-16 22:57:04,ETHUSDT,ask,2620,8704.853
2024-08-16 23:01:14,ETHUSDT,ask,2620,8706.761
2024-08-16 23:05:54,ETHUSDT,ask,2620,8702.616
2024-08-16 23:06:05,ETHUSDT,ask,2620,8702.608
2024-08-16 23:08:02,ETHUSDT,ask,2620,8696.286
2024-08-16 23:08:51,ETHUSDT,ask,2620,8703.555
2024-08-16 23:09:10,ETHUSDT,ask,2620,8703.78
2024-08-16 23:09:34,ETHUSDT,ask,2620,8703.774
2024-08-16 23:09:56,ETHUSDT,ask,2620,8764.041
2024-08-16 23:10:18,ETHUSDT,ask,2620,8776.041
2024-08-16 23:13:01,ETHUSDT,ask,2620,8775.641
2024-08-16 23:13:19,ETHUSDT,ask,2620,8776.404
2024-08-16 23:13:55,ETHUSDT,ask,2620,8776.067
2024-08-16 23:14:01,ETHUSDT,ask,2620,8776.267
2024-08-16 23:14:28,ETHUSDT,ask,2620,8721.755
2024-08-16 23:14:39,ETHUSDT,ask,2620,8721.955
2024-08-16 23:15:41,ETHUSDT,ask,2620,8723.838
2024-08-16 23:15:46,ETHUSDT,ask,2620,8724.903
2024-08-16 23:16:53,ETHUSDT,ask,2620,8727.026
2024-08-16 23:17:10,ETHUSDT,ask,2620,8724.972
2024-08-16 23:17:16,ETHUSDT,ask,2620,8727.658
2024-08-16 23:17:17,ETHUSDT,ask,2620,8729.08
2024-08-16 23:17:19,ETHUSDT,ask,2620,8730.538
2024-08-16 23:17:19,ETHUSDT,ask,2620,8729.538
2024-08-16 23:17:25,ETHUSDT,ask,2620,8724.538
2024-08-16 23:17:40,ETHUSDT,ask,2620,8725.274
2024-08-16 23:17:50,ETHUSDT,ask,2620,8725.166
2024-08-16 23:18:30,ETHUSDT,ask,2620,8724.941
2024-08-16 23:18:37,ETHUSDT,ask,2620,8724.948
2024-08-16 23:18:59,ETHUSDT,ask,2620,8728.942
2024-08-16 23:19:19,ETHUSDT,ask,2620,8732.902
2024-08-16 23:19:21,ETHUSDT,ask,2620,8731.902
2024-08-16 23:19:44,ETHUSDT,ask,2620,8731.975
2024-08-16 23:19:45,ETHUSDT,ask,2620,8732.459
2024-08-16 23:19:45,ETHUSDT,ask,2620,8731.459
2024-08-16 23:20:22,ETHUSDT,ask,2620,8719.959
2024-08-16 23:20:53,ETHUSDT,ask,2620,8720.459
2024-08-16 23:21:27,ETHUSDT,ask,2620,8728.092
2024-08-16 23:21:29,ETHUSDT,ask,2620,8728.622
2024-08-16 23:22:25,ETHUSDT,ask,2620,8733.079
2024-08-16 23:23:20,ETHUSDT,ask,2620,8736.504
2024-08-16 23:23:29,ETHUSDT,ask,2620,8736.754
2024-08-16 23:24:01,ETHUSDT,ask,2620,8737.254
2024-08-16 23:25:25,ETHUSDT,ask,2620,8738.254
2024-08-16 23:26:05,ETHUSDT,ask,2620,8738.084
2024-08-16 23:26:28,ETHUSDT,ask,2620,8739.084
2024-08-16 23:26:47,ETHUSDT,ask,2620,8739.094
2024-08-16 23:26:50,ETHUSDT,ask,2620,8731.094
2024-08-16 23:27:32,ETHUSDT,ask,2620,8739.084
2024-08-16 23:27:40,ETHUSDT,ask,2620,8739.389
2024-08-16 23:27:44,ETHUSDT,ask,2620,8731.756
2024-08-16 23:27:55,ETHUSDT,ask,2620,8733.829
2024-08-16 23:27:58,ETHUSDT,ask,2620,8733.993
2024-08-16 23:28:59,ETHUSDT,ask,2620,8729.993
2024-08-16 23:29:24,ETHUSDT,ask,2620,8724.817
2024-08-16 23:29:59,ETHUSDT,ask,2620,8729.168
2024-08-16 23:30:00,ETHUSDT,ask,2620,8728.174
2024-08-16 23:30:06,ETHUSDT,ask,2620,8730.214
2024-08-16 23:30:09,ETHUSDT,ask,2620,8733.214
2024-08-16 23:30:28,ETHUSDT,ask,2620,8734.222
2024-08-16 23:30:31,ETHUSDT,ask,2620,8737.06
2024-08-16 23:30:33,ETHUSDT,ask,2620,8738.932
2024-08-16 23:30:35,ETHUSDT,ask,2620,8740.95
2024-08-16 23:30:35,ETHUSDT,ask,2620,8739.95
2024-08-16 23:30:36,ETHUSDT,ask,2620,8737.95
2024-08-16 23:30:53,ETHUSDT,ask,2620,8740.939
2024-08-16 23:31:12,ETHUSDT,ask,2620,8741.232
2024-08-16 23:31:15,ETHUSDT,ask,2620,8746.232
2024-08-16 23:31:18,ETHUSDT,ask,2620,8746.422
2024-08-16 23:31:19,ETHUSDT,ask,2620,8746.272
2024-08-16 23:31:29,ETHUSDT,ask,2620,8746.472
2024-08-16 23:31:38,ETHUSDT,ask,2620,8749.45
2024-08-16 23:31:49,ETHUSDT,ask,2620,8760.027
2024-08-16 23:31:50,ETHUSDT,ask,2620,8760.083
2024-08-16 23:31:56,ETHUSDT,ask,2620,8760.091
2024-08-16 23:31:57,ETHUSDT,ask,2620,8760.55
2024-08-16 23:32:00,ETHUSDT,ask,2620,8761.176
2024-08-16 23:32:14,ETHUSDT,ask,2620,8761.176
2024-08-16 23:32:15,ETHUSDT,ask,2620,8750.944
2024-08-16 23:32:23,ETHUSDT,ask,2620,8747.519
2024-08-16 23:32:25,ETHUSDT,ask,2620,8747.927
2024-08-16 23:32:31,ETHUSDT,ask,2620,8748.427
2024-08-16 23:32:34,ETHUSDT,ask,2620,8746.427
2024-08-16 23:32:37,ETHUSDT,ask,2620,8750.983
2024-08-16 23:32:38,ETHUSDT,ask,2620,8751.313
2024-08-16 23:32:47,ETHUSDT,ask,2620,8752.393
2024-08-16 23:32:56,ETHUSDT,ask,2620,8758.397
2024-08-16 23:33:34,ETHUSDT,ask,2620,8758.605
2024-08-16 23:33:44,ETHUSDT,ask,2620,8759.099
2024-08-16 23:33:52,ETHUSDT,ask,2620,8758.599
2024-08-16 23:33:57,ETHUSDT,ask,2620,8759.171
2024-08-16 23:34:06,ETHUSDT,ask,2620,8759.171
2024-08-16 23:34:32,ETHUSDT,ask,2620,8761.044
2024-08-16 23:34:32,ETHUSDT,ask,2620,8758.044
2024-08-16 23:34:35,ETHUSDT,ask,2620,8760.334
2024-08-16 23:34:36,ETHUSDT,ask,2620,8760.723
2024-08-16 23:34:37,ETHUSDT,ask,2620,8758.152
2024-08-16 23:34:42,ETHUSDT,ask,2620,8758.324
2024-08-16 23:34:43,ETHUSDT,ask,2620,8759.195
2024-08-16 23:34:43,ETHUSDT,ask,2620,8759.955
2024-08-16 23:34:49,ETHUSDT,ask,2620,8759.001
2024-08-16 23:35:01,ETHUSDT,ask,2620,8758.612
2024-08-16 23:35:14,ETHUSDT,ask,2620,8758.512
2024-08-16 23:35:36,ETHUSDT,ask,2620,8743.512
2024-08-16 23:35:36,ETHUSDT,ask,2620,8743.552
2024-08-16 23:35:37,ETHUSDT,ask,2620,8743.512
2024-08-16 23:35:40,ETHUSDT,ask,2620,8744.275
2024-08-16 23:36:12,ETHUSDT,ask,2620,8743.702
2024-08-16 23:36:16,ETHUSDT,ask,2620,8742.973
2024-08-16 23:36:18,ETHUSDT,ask,2620,8744.973
2024-08-16 23:36:37,ETHUSDT,ask,2620,8744.981
2024-08-16 23:36:45,ETHUSDT,ask,2620,8741.981
2024-08-16 23:36:48,ETHUSDT,ask,2620,8742.02
2024-08-16 23:37:16,ETHUSDT,ask,2620,8750.476
2024-08-16 23:37:22,ETHUSDT,ask,2620,8749.476
2024-08-16 23:37:36,ETHUSDT,ask,2620,8748.942
2024-08-16 23:37:42,ETHUSDT,ask,2620,8749.034
2024-08-16 23:37:47,ETHUSDT,ask,2620,8748.87
2024-08-16 23:37:54,ETHUSDT,ask,2620,8749.153
2024-08-16 23:38:26,ETHUSDT,ask,2620,8748.76
2024-08-16 23:38:39,ETHUSDT,ask,2620,8745.52
2024-08-16 23:38:46,ETHUSDT,ask,2620,8745.445
2024-08-16 23:39:08,ETHUSDT,ask,2620,8744.873
2024-08-16 23:39:19,ETHUSDT,ask,2620,8742.086
2024-08-16 23:40:41,ETHUSDT,ask,2620,8740.731
2024-08-16 23:41:16,ETHUSDT,ask,2620,8737.033
2024-08-16 23:41:17,ETHUSDT,ask,2620,8737.071
2024-08-16 23:41:18,ETHUSDT,ask,2620,8737.171
2024-08-16 23:41:47,ETHUSDT,ask,2620,8737.071
2024-08-16 23:42:03,ETHUSDT,ask,2620,8737.073
2024-08-16 23:42:25,ETHUSDT,ask,2620,8737.223
2024-08-16 23:42:26,ETHUSDT,ask,2620,8737.985
2024-08-16 23:42:57,ETHUSDT,ask,2620,8738.125
2024-08-16 23:43:23,ETHUSDT,ask,2620,8737.362
