2024-09-12 18:00:37,SOLUSDT,ask,135,8211.0
2024-09-12 18:06:38,SOLUSDT,ask,135,8211.0
2024-09-12 18:10:37,SOLUSDT,ask,135,8211.0
2024-09-12 18:10:47,SOLUSDT,ask,135,8223.0
2024-09-12 18:15:47,SOLUSDT,ask,135,8211.0
2024-09-12 19:33:52,SOLUSDT,ask,135,8211.0
2024-09-12 19:37:04,SOLUSDT,ask,135,8355.0
2024-09-12 19:37:04,SOLUSDT,ask,135,8307.0
2024-09-12 19:37:04,SOLUSDT,ask,135,8211.0
2024-09-12 19:44:20,SOLUSDT,ask,135,8311.0
2024-09-12 19:44:20,SOLUSDT,ask,135,8331.0
2024-09-12 19:44:21,SOLUSDT,ask,135,8211.0
2024-09-12 19:44:56,SOLUSDT,ask,135,8221.0
2024-09-12 19:45:17,SOLUSDT,ask,135,8211.0
2024-09-12 19:46:09,SOLUSDT,ask,135,8213.0
2024-09-12 19:46:09,SOLUSDT,ask,135,8211.0
2024-09-12 19:52:28,SOLUSDT,ask,135,8211.0
2024-09-12 19:54:34,SOLUSDT,ask,135,8212.0
2024-09-12 19:59:00,SOLUSDT,ask,135,8308.0
2024-09-12 19:59:00,SOLUSDT,ask,135,8260.0
2024-09-12 19:59:00,SOLUSDT,ask,135,8212.0
2024-09-12 20:00:18,SOLUSDT,ask,135,8308.0
2024-09-12 20:00:19,SOLUSDT,ask,135,8356.0
2024-09-12 20:01:38,SOLUSDT,ask,135,8211.0
2024-09-12 20:03:42,SOLUSDT,ask,135,8213.0
2024-09-12 20:03:44,SOLUSDT,ask,135,8211.0
2024-09-12 20:06:54,SOLUSDT,ask,135,8213.0
2024-09-12 20:06:56,SOLUSDT,ask,135,8211.0
2024-09-12 20:07:27,SOLUSDT,ask,135,8212.0
2024-09-12 20:12:28,SOLUSDT,ask,135,8220.0
2024-09-12 20:16:18,SOLUSDT,ask,135,8045.0
2024-09-12 20:16:38,SOLUSDT,ask,135,8043.0
2024-09-12 20:17:04,SOLUSDT,ask,135,8044.0
2024-09-12 20:17:18,SOLUSDT,ask,135,8046.0
2024-09-12 20:17:30,SOLUSDT,ask,135,8045.0
2024-09-12 20:17:43,SOLUSDT,ask,135,8048.0
2024-09-12 20:18:10,SOLUSDT,ask,135,8048.0
2024-09-12 20:18:43,SOLUSDT,ask,135,8093.0
2024-09-12 20:18:53,SOLUSDT,ask,135,8049.0
2024-09-12 20:19:30,SOLUSDT,ask,135,8275.0
2024-09-12 20:19:34,SOLUSDT,ask,135,8297.0
2024-09-12 20:19:43,SOLUSDT,ask,135,8275.0
2024-09-12 20:20:32,SOLUSDT,ask,135,8059.0
2024-09-12 20:20:32,SOLUSDT,ask,135,8060.0
2024-09-12 20:20:58,SOLUSDT,ask,135,8053.0
2024-09-12 20:21:15,SOLUSDT,ask,135,8054.0
2024-09-12 20:21:21,SOLUSDT,ask,135,8053.0
2024-09-12 20:21:26,SOLUSDT,ask,135,8052.0
2024-09-12 20:21:34,SOLUSDT,ask,135,8053.0
2024-09-12 20:21:35,SOLUSDT,ask,135,8052.0
2024-09-12 20:21:36,SOLUSDT,ask,135,8011.0
2024-09-12 20:21:42,SOLUSDT,ask,135,8012.0
2024-09-12 20:21:49,SOLUSDT,ask,135,8011.0
2024-09-12 20:21:58,SOLUSDT,ask,135,8011.0
2024-09-12 20:22:32,SOLUSDT,ask,135,8221.0
2024-09-12 20:23:46,SOLUSDT,ask,135,8010.0
2024-09-12 20:23:47,SOLUSDT,ask,135,7950.0
2024-09-12 20:24:15,SOLUSDT,ask,135,7951.0
2024-09-12 20:24:41,SOLUSDT,ask,135,7951.0
2024-09-12 20:24:57,SOLUSDT,ask,135,7954.0
2024-09-12 20:25:34,SOLUSDT,ask,135,8004.0
2024-09-12 20:25:50,SOLUSDT,ask,135,7994.0
2024-09-12 20:25:53,SOLUSDT,ask,135,7995.0
2024-09-12 20:26:17,SOLUSDT,ask,135,8000.0
2024-09-12 20:26:26,SOLUSDT,ask,135,8029.0
2024-09-12 20:26:39,SOLUSDT,ask,135,8000.0
2024-09-12 20:26:42,SOLUSDT,ask,135,7995.0
2024-09-12 20:26:48,SOLUSDT,ask,135,7992.0
2024-09-12 20:27:06,SOLUSDT,ask,135,9787.0
2024-09-12 20:27:06,SOLUSDT,ask,135,7992.0
2024-09-12 20:27:16,SOLUSDT,ask,135,8042.0
2024-09-12 20:27:16,SOLUSDT,ask,135,8211.0
2024-09-12 20:27:20,SOLUSDT,ask,135,9973.0
2024-09-12 20:27:20,SOLUSDT,ask,135,8042.0
2024-09-12 20:27:25,SOLUSDT,ask,135,7961.0
2024-09-12 20:27:26,SOLUSDT,ask,135,8061.0
2024-09-12 20:27:26,SOLUSDT,ask,135,8065.0
2024-09-12 20:27:31,SOLUSDT,ask,135,8065.0
2024-09-12 20:27:31,SOLUSDT,ask,135,9904.0
2024-09-12 20:27:31,SOLUSDT,ask,135,8065.0
2024-09-12 20:27:35,SOLUSDT,ask,135,9888.0
2024-09-12 20:27:35,SOLUSDT,ask,135,8065.0
2024-09-12 20:27:41,SOLUSDT,ask,135,8065.0
2024-09-12 20:27:47,SOLUSDT,ask,135,9769.0
2024-09-12 20:27:47,SOLUSDT,ask,135,8065.0
2024-09-12 20:27:50,SOLUSDT,ask,135,8065.0
2024-09-12 20:27:50,SOLUSDT,ask,135,8065.0
2024-09-12 20:27:54,SOLUSDT,ask,135,8065.0
2024-09-12 20:28:01,SOLUSDT,ask,135,8036.0
2024-09-12 20:28:10,SOLUSDT,ask,135,8050.0
2024-09-12 20:28:18,SOLUSDT,ask,135,8073.0
2024-09-12 20:28:40,SOLUSDT,ask,135,8080.0
2024-09-12 20:28:47,SOLUSDT,ask,135,8066.0
2024-09-12 20:28:49,SOLUSDT,ask,135,8106.0
2024-09-12 20:29:03,SOLUSDT,ask,135,8107.0
2024-09-12 20:29:08,SOLUSDT,ask,135,8067.0
2024-09-12 20:29:11,SOLUSDT,ask,135,8069.0
2024-09-12 20:29:12,SOLUSDT,ask,135,8067.0
2024-09-12 20:29:14,SOLUSDT,ask,135,8066.0
2024-09-12 20:29:17,SOLUSDT,ask,135,8068.0
2024-09-12 20:29:17,SOLUSDT,ask,135,8066.0
2024-09-12 20:29:21,SOLUSDT,ask,135,8070.0
2024-09-12 20:29:38,SOLUSDT,ask,135,9550.0
2024-09-12 20:29:39,SOLUSDT,ask,135,8070.0
2024-09-12 20:30:01,SOLUSDT,ask,135,8070.0
2024-09-12 20:30:03,SOLUSDT,ask,135,8072.0
2024-09-12 20:30:05,SOLUSDT,ask,135,8070.0
2024-09-12 20:30:22,SOLUSDT,ask,135,8355.0
2024-09-12 20:30:22,SOLUSDT,ask,135,8211.0
2024-09-12 20:30:22,SOLUSDT,ask,135,8355.0
2024-09-12 20:30:23,SOLUSDT,ask,135,8211.0
2024-09-12 20:30:25,SOLUSDT,ask,135,8355.0
2024-09-12 20:30:25,SOLUSDT,ask,135,8307.0
2024-09-12 20:30:25,SOLUSDT,ask,135,8211.0
2024-09-12 20:30:26,SOLUSDT,ask,135,8355.0
2024-09-12 20:30:26,SOLUSDT,ask,135,8307.0
2024-09-12 20:30:26,SOLUSDT,ask,135,8211.0
2024-09-12 20:30:41,SOLUSDT,ask,135,8094.0
2024-09-12 20:30:51,SOLUSDT,ask,135,8070.0
2024-09-12 20:30:51,SOLUSDT,ask,135,8069.0
2024-09-12 20:30:53,SOLUSDT,ask,135,8065.0
2024-09-12 20:31:13,SOLUSDT,ask,135,8069.0
2024-09-12 20:31:18,SOLUSDT,ask,135,8654.0
2024-09-12 20:31:34,SOLUSDT,ask,135,8072.0
2024-09-12 20:31:34,SOLUSDT,ask,135,7872.0
2024-09-12 20:31:35,SOLUSDT,ask,135,7870.0
2024-09-12 20:31:47,SOLUSDT,ask,135,7866.0
2024-09-12 20:31:55,SOLUSDT,ask,135,7889.0
2024-09-12 20:32:02,SOLUSDT,ask,135,7866.0
2024-09-12 20:32:04,SOLUSDT,ask,135,7870.0
2024-09-12 20:32:06,SOLUSDT,ask,135,7892.0
2024-09-12 20:32:06,SOLUSDT,ask,135,8103.0
2024-09-12 20:32:07,SOLUSDT,ask,135,7892.0
2024-09-12 20:32:08,SOLUSDT,ask,135,8016.0
2024-09-12 20:32:08,SOLUSDT,ask,135,8022.0
2024-09-12 20:32:08,SOLUSDT,ask,135,8101.0
2024-09-12 20:32:08,SOLUSDT,ask,135,8022.0
2024-09-12 20:32:09,SOLUSDT,ask,135,8016.0
2024-09-12 20:32:09,SOLUSDT,ask,135,8054.0
2024-09-12 20:32:09,SOLUSDT,ask,135,8016.0
2024-09-12 20:32:10,SOLUSDT,ask,135,8065.0
2024-09-12 20:32:10,SOLUSDT,ask,135,8067.0
2024-09-12 20:32:10,SOLUSDT,ask,135,8070.0
2024-09-12 20:32:11,SOLUSDT,ask,135,8097.0
2024-09-12 20:32:13,SOLUSDT,ask,135,8067.0
2024-09-12 20:32:13,SOLUSDT,ask,135,8090.0
2024-09-12 20:32:19,SOLUSDT,ask,135,8041.0
2024-09-12 20:32:19,SOLUSDT,ask,135,8043.0
2024-09-12 20:32:21,SOLUSDT,ask,135,8043.0
2024-09-12 20:32:25,SOLUSDT,ask,135,8044.0
2024-09-12 20:32:32,SOLUSDT,ask,135,8069.0
2024-09-12 20:32:37,SOLUSDT,ask,135,8025.0
2024-09-12 20:33:00,SOLUSDT,ask,135,8021.0
2024-09-12 20:33:05,SOLUSDT,ask,135,8050.0
2024-09-12 20:33:09,SOLUSDT,ask,135,9004.0
2024-09-12 20:33:09,SOLUSDT,ask,135,8053.0
2024-09-12 20:33:13,SOLUSDT,ask,135,8063.0
2024-09-12 20:33:22,SOLUSDT,ask,135,8034.0
2024-09-12 20:33:22,SOLUSDT,ask,135,8039.0
2024-09-12 20:33:22,SOLUSDT,ask,135,8045.0
2024-09-12 20:33:28,SOLUSDT,ask,135,8068.0
2024-09-12 20:33:28,SOLUSDT,ask,135,9093.0
2024-09-12 20:33:29,SOLUSDT,ask,135,8068.0
2024-09-12 20:33:29,SOLUSDT,ask,135,9108.0
2024-09-12 20:33:29,SOLUSDT,ask,135,8068.0
2024-09-12 20:33:29,SOLUSDT,ask,135,9108.0
2024-09-12 20:33:29,SOLUSDT,ask,135,8068.0
2024-09-12 20:33:30,SOLUSDT,ask,135,9129.0
2024-09-12 20:33:30,SOLUSDT,ask,135,8068.0
2024-09-12 20:33:30,SOLUSDT,ask,135,8068.0
2024-09-12 20:33:30,SOLUSDT,ask,135,9154.0
2024-09-12 20:33:30,SOLUSDT,ask,135,8068.0
2024-09-12 20:33:30,SOLUSDT,ask,135,8068.0
2024-09-12 20:33:31,SOLUSDT,ask,135,8068.0
2024-09-12 20:33:40,SOLUSDT,ask,135,9326.0
2024-09-12 20:33:40,SOLUSDT,ask,135,8068.0
2024-09-12 20:33:43,SOLUSDT,ask,135,9342.0
2024-09-12 20:33:43,SOLUSDT,ask,135,8068.0
2024-09-12 20:33:45,SOLUSDT,ask,135,8068.0
2024-09-12 20:33:49,SOLUSDT,ask,135,8074.0
2024-09-12 20:33:51,SOLUSDT,ask,135,8073.0
2024-09-12 20:33:53,SOLUSDT,ask,135,8096.0
2024-09-12 20:33:55,SOLUSDT,ask,135,9287.0
2024-09-12 20:33:56,SOLUSDT,ask,135,8096.0
2024-09-12 20:33:56,SOLUSDT,ask,135,8096.0
2024-09-12 20:33:59,SOLUSDT,ask,135,8050.0
2024-09-12 20:34:01,SOLUSDT,ask,135,8051.0
2024-09-12 20:34:06,SOLUSDT,ask,135,8063.0
2024-09-12 20:34:09,SOLUSDT,ask,135,8051.0
2024-09-12 20:34:13,SOLUSDT,ask,135,9234.0
2024-09-12 20:34:13,SOLUSDT,ask,135,8051.0
2024-09-12 20:34:14,SOLUSDT,ask,135,9250.0
2024-09-12 20:34:14,SOLUSDT,ask,135,8051.0
2024-09-12 20:34:14,SOLUSDT,ask,135,8091.0
2024-09-12 20:34:17,SOLUSDT,ask,135,8122.0
2024-09-12 20:34:20,SOLUSDT,ask,135,8145.0
2024-09-12 20:34:20,SOLUSDT,ask,135,8145.0
2024-09-12 20:34:21,SOLUSDT,ask,135,8145.0
2024-09-12 20:34:21,SOLUSDT,ask,135,8145.0
2024-09-12 20:34:21,SOLUSDT,ask,135,9431.0
2024-09-12 20:34:22,SOLUSDT,ask,135,8145.0
2024-09-12 20:34:22,SOLUSDT,ask,135,8145.0
2024-09-12 20:34:23,SOLUSDT,ask,135,9477.0
2024-09-12 20:34:23,SOLUSDT,ask,135,8145.0
2024-09-12 20:34:23,SOLUSDT,ask,135,8204.0
2024-09-12 20:34:24,SOLUSDT,ask,135,8169.0
2024-09-12 20:34:25,SOLUSDT,ask,135,8176.0
2024-09-12 20:34:28,SOLUSDT,ask,135,8175.0
2024-09-12 20:34:28,SOLUSDT,ask,135,8185.0
2024-09-12 20:34:28,SOLUSDT,ask,135,8506.0
2024-09-12 20:34:28,SOLUSDT,ask,135,8185.0
2024-09-12 20:34:29,SOLUSDT,ask,135,8190.0
2024-09-12 20:34:31,SOLUSDT,ask,135,8350.0
2024-09-12 20:34:35,SOLUSDT,ask,135,8671.0
2024-09-12 20:34:36,SOLUSDT,ask,135,8350.0
2024-09-12 20:34:36,SOLUSDT,ask,135,8671.0
2024-09-12 20:34:36,SOLUSDT,ask,135,8350.0
2024-09-12 20:34:36,SOLUSDT,ask,135,8350.0
2024-09-12 20:34:38,SOLUSDT,ask,135,8351.0
2024-09-12 20:34:39,SOLUSDT,ask,135,8350.0
2024-09-12 20:34:45,SOLUSDT,ask,135,8671.0
2024-09-12 20:34:45,SOLUSDT,ask,135,8350.0
2024-09-12 20:34:49,SOLUSDT,ask,135,8356.0
2024-09-12 20:34:50,SOLUSDT,ask,135,8352.0
2024-09-12 20:34:56,SOLUSDT,ask,135,8152.0
2024-09-12 20:34:59,SOLUSDT,ask,135,9261.0
2024-09-12 20:34:59,SOLUSDT,ask,135,8152.0
2024-09-12 20:35:00,SOLUSDT,ask,135,8159.0
2024-09-12 20:35:06,SOLUSDT,ask,135,8152.0
2024-09-12 20:35:24,SOLUSDT,ask,135,8157.0
2024-09-12 20:35:25,SOLUSDT,ask,135,8219.0
2024-09-12 20:35:26,SOLUSDT,ask,135,8219.0
2024-09-12 20:35:27,SOLUSDT,ask,135,9468.0
2024-09-12 20:35:27,SOLUSDT,ask,135,8219.0
2024-09-12 20:35:29,SOLUSDT,ask,135,8209.0
2024-09-12 20:35:41,SOLUSDT,ask,135,8216.0
2024-09-12 20:35:42,SOLUSDT,ask,135,8217.0
2024-09-12 20:35:42,SOLUSDT,ask,135,8210.0
2024-09-12 20:35:43,SOLUSDT,ask,135,8178.0
2024-09-12 20:35:50,SOLUSDT,ask,135,8392.0
2024-09-12 20:35:50,SOLUSDT,ask,135,8178.0
2024-09-12 20:35:59,SOLUSDT,ask,135,8179.0
2024-09-12 20:35:59,SOLUSDT,ask,135,8500.0
2024-09-12 20:36:00,SOLUSDT,ask,135,8179.0
2024-09-12 20:36:01,SOLUSDT,ask,135,8178.0
2024-09-12 20:36:33,SOLUSDT,ask,135,8185.0
2024-09-12 20:36:40,SOLUSDT,ask,135,9205.0
2024-09-12 20:36:41,SOLUSDT,ask,135,9228.0
2024-09-12 20:36:41,SOLUSDT,ask,135,8178.0
2024-09-12 20:36:41,SOLUSDT,ask,135,8874.0
2024-09-12 20:36:41,SOLUSDT,ask,135,9953.0
2024-09-12 20:36:41,SOLUSDT,ask,135,8874.0
2024-09-12 20:36:41,SOLUSDT,ask,135,8874.0
2024-09-12 20:36:42,SOLUSDT,ask,135,8873.0
2024-09-12 20:36:42,SOLUSDT,ask,135,9975.0
2024-09-12 20:36:42,SOLUSDT,ask,135,8873.0
2024-09-12 20:36:42,SOLUSDT,ask,135,9975.0
2024-09-12 20:36:42,SOLUSDT,ask,135,8873.0
2024-09-12 20:36:43,SOLUSDT,ask,135,8880.0
2024-09-12 20:36:48,SOLUSDT,ask,135,10148.0
2024-09-12 20:36:48,SOLUSDT,ask,135,8880.0
2024-09-12 20:36:48,SOLUSDT,ask,135,10148.0
2024-09-12 20:36:48,SOLUSDT,ask,135,8880.0
2024-09-12 20:36:49,SOLUSDT,ask,135,10163.0
2024-09-12 20:36:49,SOLUSDT,ask,135,8880.0
2024-09-12 20:36:51,SOLUSDT,ask,135,8873.0
2024-09-12 20:36:53,SOLUSDT,ask,135,8874.0
2024-09-12 20:36:53,SOLUSDT,ask,135,8881.0
2024-09-12 20:36:54,SOLUSDT,ask,135,8880.0
2024-09-12 20:36:55,SOLUSDT,ask,135,10192.0
2024-09-12 20:36:55,SOLUSDT,ask,135,8880.0
2024-09-12 20:36:58,SOLUSDT,ask,135,10193.0
2024-09-12 20:36:58,SOLUSDT,ask,135,8880.0
2024-09-12 20:37:03,SOLUSDT,ask,135,8851.0
2024-09-12 20:37:04,SOLUSDT,ask,135,8856.0
2024-09-12 20:37:06,SOLUSDT,ask,135,8863.0
2024-09-12 20:37:07,SOLUSDT,ask,135,8856.0
2024-09-12 20:37:09,SOLUSDT,ask,135,8857.0
2024-09-12 20:37:10,SOLUSDT,ask,135,8857.0
2024-09-12 20:37:11,SOLUSDT,ask,135,9217.0
2024-09-12 20:37:13,SOLUSDT,ask,135,9212.0
2024-09-12 20:37:16,SOLUSDT,ask,135,9211.0
2024-09-12 20:37:18,SOLUSDT,ask,135,9111.0
2024-09-12 20:37:18,SOLUSDT,ask,135,10344.0
2024-09-12 20:37:18,SOLUSDT,ask,135,9111.0
2024-09-12 20:37:18,SOLUSDT,ask,135,10344.0
2024-09-12 20:37:18,SOLUSDT,ask,135,9111.0
2024-09-12 20:37:22,SOLUSDT,ask,135,9716.0
2024-09-12 20:37:23,SOLUSDT,ask,135,9133.0
2024-09-12 20:37:24,SOLUSDT,ask,135,9295.0
2024-09-12 20:37:24,SOLUSDT,ask,135,9133.0
2024-09-12 20:37:25,SOLUSDT,ask,135,8437.0
2024-09-12 20:37:26,SOLUSDT,ask,135,8437.0
2024-09-12 20:37:26,SOLUSDT,ask,135,8444.0
2024-09-12 20:37:26,SOLUSDT,ask,135,8445.0
2024-09-12 20:37:27,SOLUSDT,ask,135,8455.0
2024-09-12 20:37:28,SOLUSDT,ask,135,8449.0
2024-09-12 20:37:30,SOLUSDT,ask,135,8453.0
2024-09-12 20:37:30,SOLUSDT,ask,135,8449.0
2024-09-12 20:37:30,SOLUSDT,ask,135,8635.0
2024-09-12 20:37:30,SOLUSDT,ask,135,8613.0
2024-09-12 20:37:31,SOLUSDT,ask,135,8598.0
2024-09-12 20:37:32,SOLUSDT,ask,135,8427.0
2024-09-12 20:37:34,SOLUSDT,ask,135,8427.0
2024-09-12 20:37:36,SOLUSDT,ask,135,8427.0
2024-09-12 20:37:37,SOLUSDT,ask,135,8457.0
2024-09-12 20:37:37,SOLUSDT,ask,135,8464.0
2024-09-12 20:37:37,SOLUSDT,ask,135,8464.0
2024-09-12 20:37:37,SOLUSDT,ask,135,8457.0
2024-09-12 20:37:39,SOLUSDT,ask,135,8457.0
2024-09-12 20:37:41,SOLUSDT,ask,135,8427.0
2024-09-12 20:37:45,SOLUSDT,ask,135,8434.0
2024-09-12 20:37:46,SOLUSDT,ask,135,8427.0
2024-09-12 20:37:50,SOLUSDT,ask,135,8452.0
2024-09-12 20:37:51,SOLUSDT,ask,135,8453.0
2024-09-12 20:37:51,SOLUSDT,ask,135,8468.0
2024-09-12 20:37:53,SOLUSDT,ask,135,8469.0
2024-09-12 20:37:53,SOLUSDT,ask,135,8468.0
2024-09-12 20:37:54,SOLUSDT,ask,135,8469.0
2024-09-12 20:37:54,SOLUSDT,ask,135,8468.0
2024-09-12 20:37:56,SOLUSDT,ask,135,8473.0
2024-09-12 20:37:56,SOLUSDT,ask,135,8443.0
2024-09-12 20:37:57,SOLUSDT,ask,135,8437.0
2024-09-12 20:37:57,SOLUSDT,ask,135,8436.0
2024-09-12 20:37:57,SOLUSDT,ask,135,8436.0
2024-09-12 20:37:59,SOLUSDT,ask,135,8621.0
2024-09-12 20:37:59,SOLUSDT,ask,135,8436.0
2024-09-12 20:38:00,SOLUSDT,ask,135,8443.0
2024-09-12 20:38:01,SOLUSDT,ask,135,8460.0
2024-09-12 20:38:01,SOLUSDT,ask,135,8453.0
2024-09-12 20:38:02,SOLUSDT,ask,135,8436.0
2024-09-12 20:38:02,SOLUSDT,ask,135,8441.0
2024-09-12 20:38:03,SOLUSDT,ask,135,8436.0
2024-09-12 20:38:03,SOLUSDT,ask,135,8453.0
2024-09-12 20:38:03,SOLUSDT,ask,135,8436.0
2024-09-12 20:38:04,SOLUSDT,ask,135,8453.0
2024-09-12 20:38:04,SOLUSDT,ask,135,8436.0
2024-09-12 20:38:05,SOLUSDT,ask,135,8437.0
2024-09-12 20:38:05,SOLUSDT,ask,135,8454.0
2024-09-12 20:38:05,SOLUSDT,ask,135,8454.0
2024-09-12 20:38:09,SOLUSDT,ask,135,8437.0
2024-09-12 20:38:09,SOLUSDT,ask,135,8454.0
2024-09-12 20:38:10,SOLUSDT,ask,135,8454.0
2024-09-12 20:38:11,SOLUSDT,ask,135,8459.0
2024-09-12 20:38:12,SOLUSDT,ask,135,8442.0
2024-09-12 20:38:12,SOLUSDT,ask,135,8459.0
2024-09-12 20:38:12,SOLUSDT,ask,135,8474.0
2024-09-12 20:38:12,SOLUSDT,ask,135,8459.0
2024-09-12 19:21:41,SOLUSDT,ask,134,8000.0
2024-09-12 19:21:41,SOLUSDT,ask,134,8000.0
2024-09-12 19:21:42,SOLUSDT,ask,134,8037.0
2024-09-12 19:21:42,SOLUSDT,ask,134,8000.0
2024-09-12 19:21:49,SOLUSDT,ask,134,8100.0
2024-09-12 19:21:50,SOLUSDT,ask,134,8000.0
2024-09-12 19:21:52,SOLUSDT,ask,134,8006.0
2024-09-12 19:21:53,SOLUSDT,ask,134,8000.0
2024-09-12 19:21:57,SOLUSDT,ask,134,8037.0
2024-09-12 19:22:01,SOLUSDT,ask,134,8044.0
2024-09-12 19:22:01,SOLUSDT,ask,134,8007.0
2024-09-12 19:22:02,SOLUSDT,ask,134,8334.0
2024-09-12 19:22:02,SOLUSDT,ask,134,8013.0
2024-09-12 19:22:03,SOLUSDT,ask,134,8007.0
2024-09-12 19:22:03,SOLUSDT,ask,134,8044.0
2024-09-12 19:22:08,SOLUSDT,ask,134,8007.0
2024-09-12 19:22:09,SOLUSDT,ask,134,8028.0
2024-09-12 19:22:10,SOLUSDT,ask,134,8000.0
2024-09-12 19:22:10,SOLUSDT,ask,134,8001.0
2024-09-12 19:22:10,SOLUSDT,ask,134,8000.0
2024-09-12 19:22:11,SOLUSDT,ask,134,8013.0
2024-09-12 19:22:12,SOLUSDT,ask,134,8000.0
2024-09-12 19:22:12,SOLUSDT,ask,134,8007.0
2024-09-12 19:22:12,SOLUSDT,ask,134,8000.0
2024-09-12 19:22:14,SOLUSDT,ask,134,8000.0
2024-09-12 19:22:20,SOLUSDT,ask,134,8185.0
2024-09-12 19:22:20,SOLUSDT,ask,134,8000.0
2024-09-12 19:22:26,SOLUSDT,ask,134,8185.0
2024-09-12 19:22:26,SOLUSDT,ask,134,8000.0
2024-09-12 19:22:31,SOLUSDT,ask,134,8001.0
2024-09-12 19:22:33,SOLUSDT,ask,134,8000.0
2024-09-12 19:22:38,SOLUSDT,ask,134,8124.0
2024-09-12 19:22:45,SOLUSDT,ask,134,8000.0
2024-09-12 19:22:46,SOLUSDT,ask,134,8000.0
2024-09-12 19:22:57,SOLUSDT,ask,134,8003.0
2024-09-12 19:22:59,SOLUSDT,ask,134,8000.0
2024-09-12 19:23:07,SOLUSDT,ask,134,8013.0
2024-09-12 19:23:08,SOLUSDT,ask,134,8001.0
2024-09-12 19:23:31,SOLUSDT,ask,134,8000.0
2024-09-12 19:23:33,SOLUSDT,ask,134,8006.0
2024-09-12 19:23:34,SOLUSDT,ask,134,8052.0
2024-09-12 19:23:34,SOLUSDT,ask,134,8071.0
2024-09-12 19:23:34,SOLUSDT,ask,134,8059.0
2024-09-12 19:23:35,SOLUSDT,ask,134,8087.0
2024-09-12 19:23:35,SOLUSDT,ask,134,8059.0
2024-09-12 19:23:35,SOLUSDT,ask,134,8066.0
2024-09-12 19:23:35,SOLUSDT,ask,134,8114.0
2024-09-12 19:23:35,SOLUSDT,ask,134,8038.0
2024-09-12 19:23:35,SOLUSDT,ask,134,8493.0
2024-09-12 19:23:36,SOLUSDT,ask,134,8122.0
2024-09-12 19:23:36,SOLUSDT,ask,134,8105.0
2024-09-12 19:23:36,SOLUSDT,ask,134,8106.0
2024-09-12 19:23:36,SOLUSDT,ask,134,8074.0
2024-09-12 19:23:36,SOLUSDT,ask,134,8107.0
2024-09-12 19:23:37,SOLUSDT,ask,134,8405.0
2024-09-12 19:23:37,SOLUSDT,ask,134,8408.0
2024-09-12 19:23:37,SOLUSDT,ask,134,8417.0
2024-09-12 19:23:37,SOLUSDT,ask,134,8185.0
2024-09-12 19:23:37,SOLUSDT,ask,134,8197.0
2024-09-12 19:23:37,SOLUSDT,ask,134,8185.0
2024-09-12 19:23:37,SOLUSDT,ask,134,8212.0
2024-09-12 19:23:37,SOLUSDT,ask,134,8202.0
2024-09-12 19:23:37,SOLUSDT,ask,134,8214.0
2024-09-12 19:23:38,SOLUSDT,ask,134,8201.0
2024-09-12 19:23:38,SOLUSDT,ask,134,8167.0
2024-09-12 19:23:38,SOLUSDT,ask,134,8167.0
2024-09-12 19:23:38,SOLUSDT,ask,134,8193.0
2024-09-12 19:23:38,SOLUSDT,ask,134,8196.0
2024-09-12 19:23:38,SOLUSDT,ask,134,8193.0
2024-09-12 19:23:38,SOLUSDT,ask,134,8193.0
2024-09-12 19:23:39,SOLUSDT,ask,134,8193.0
2024-09-12 19:23:39,SOLUSDT,ask,134,8194.0
2024-09-12 19:23:39,SOLUSDT,ask,134,8140.0
2024-09-12 19:23:39,SOLUSDT,ask,134,8081.0
2024-09-12 19:23:39,SOLUSDT,ask,134,8125.0
2024-09-12 19:23:39,SOLUSDT,ask,134,8116.0
2024-09-12 19:23:40,SOLUSDT,ask,134,8109.0
2024-09-12 19:23:40,SOLUSDT,ask,134,8106.0
2024-09-12 19:23:41,SOLUSDT,ask,134,8108.0
2024-09-12 19:23:41,SOLUSDT,ask,134,8067.0
2024-09-12 19:23:41,SOLUSDT,ask,134,8023.0
2024-09-12 19:23:42,SOLUSDT,ask,134,8015.0
2024-09-12 19:23:42,SOLUSDT,ask,134,8013.0
2024-09-12 19:23:43,SOLUSDT,ask,134,8016.0
2024-09-12 19:23:43,SOLUSDT,ask,134,8013.0
2024-09-12 19:26:14,SOLUSDT,ask,134,8008.0
2024-09-12 19:26:16,SOLUSDT,ask,134,8005.0
2024-09-12 19:26:19,SOLUSDT,ask,134,8031.0
2024-09-12 19:26:20,SOLUSDT,ask,134,8019.0
2024-09-12 19:26:20,SOLUSDT,ask,134,8024.0
2024-09-12 19:26:20,SOLUSDT,ask,134,8019.0
2024-09-12 19:26:21,SOLUSDT,ask,134,8001.0
2024-09-12 19:26:21,SOLUSDT,ask,134,8057.0
2024-09-12 19:26:21,SOLUSDT,ask,134,8193.0
2024-09-12 19:26:21,SOLUSDT,ask,134,8185.0
2024-09-12 19:26:22,SOLUSDT,ask,134,8197.0
2024-09-12 19:26:22,SOLUSDT,ask,134,8143.0
2024-09-12 19:26:22,SOLUSDT,ask,134,8084.0
2024-09-12 19:26:22,SOLUSDT,ask,134,8081.0
2024-09-12 19:26:22,SOLUSDT,ask,134,8010.0
2024-09-12 19:26:22,SOLUSDT,ask,134,8009.0
2024-09-12 19:26:22,SOLUSDT,ask,134,7994.0
2024-09-12 19:26:25,SOLUSDT,ask,134,7991.0
2024-09-12 19:26:25,SOLUSDT,ask,134,7994.0
2024-09-12 19:26:28,SOLUSDT,ask,134,7991.0
2024-09-12 19:26:28,SOLUSDT,ask,134,8045.0
2024-09-12 19:26:28,SOLUSDT,ask,134,8047.0
2024-09-12 19:26:28,SOLUSDT,ask,134,8046.0
2024-09-12 19:26:29,SOLUSDT,ask,134,8039.0
2024-09-12 19:27:56,SOLUSDT,bid,134,9848.0
2024-09-12 19:30:41,SOLUSDT,bid,134,9923.0
2024-09-12 19:31:05,SOLUSDT,bid,134,9925.0
2024-09-12 19:31:10,SOLUSDT,bid,134,9923.0
2024-09-12 19:31:15,SOLUSDT,bid,134,9929.0
2024-09-12 19:31:17,SOLUSDT,bid,134,9923.0
2024-09-12 19:31:42,SOLUSDT,bid,134,9848.0
2024-09-12 19:31:48,SOLUSDT,bid,134,9866.0
2024-09-12 19:31:57,SOLUSDT,bid,134,9848.0
2024-09-12 19:32:00,SOLUSDT,bid,134,9855.0
2024-09-12 19:32:14,SOLUSDT,bid,134,9850.0
2024-09-12 19:32:22,SOLUSDT,bid,134,10050.0
2024-09-12 19:32:23,SOLUSDT,bid,134,10074.0
2024-09-12 19:32:28,SOLUSDT,bid,134,10329.0
2024-09-12 19:32:32,SOLUSDT,bid,134,10327.0
2024-09-12 19:32:34,SOLUSDT,bid,134,10333.0
2024-09-12 19:32:36,SOLUSDT,bid,134,10072.0
2024-09-12 19:32:40,SOLUSDT,bid,134,10078.0
2024-09-12 19:32:40,SOLUSDT,bid,134,10072.0
2024-09-12 19:32:45,SOLUSDT,bid,134,10078.0
2024-09-12 19:32:45,SOLUSDT,bid,134,10072.0
2024-09-12 19:32:45,SOLUSDT,bid,134,10048.0
2024-09-12 19:32:59,SOLUSDT,bid,134,10303.0
2024-09-12 19:33:00,SOLUSDT,bid,134,10048.0
2024-09-12 19:33:00,SOLUSDT,bid,134,10303.0
2024-09-12 19:33:03,SOLUSDT,bid,134,10048.0
2024-09-12 19:33:03,SOLUSDT,bid,134,10303.0
2024-09-12 19:33:03,SOLUSDT,bid,134,10048.0
2024-09-12 19:33:05,SOLUSDT,bid,134,9848.0
2024-09-12 19:33:06,SOLUSDT,bid,134,9872.0
2024-09-12 19:33:08,SOLUSDT,bid,134,9848.0
2024-09-12 19:33:17,SOLUSDT,bid,134,9860.0
2024-09-12 19:33:26,SOLUSDT,bid,134,9867.0
2024-09-12 19:33:26,SOLUSDT,bid,134,9860.0
2024-09-12 19:33:37,SOLUSDT,bid,134,9882.0
2024-09-12 19:33:42,SOLUSDT,bid,134,9882.0
2024-09-12 19:33:49,SOLUSDT,bid,134,9889.0
2024-09-12 19:33:49,SOLUSDT,bid,134,9882.0
2024-09-12 19:33:54,SOLUSDT,bid,134,10096.0
2024-09-12 19:33:57,SOLUSDT,bid,134,9882.0
2024-09-12 19:33:58,SOLUSDT,bid,134,9870.0
2024-09-12 19:34:05,SOLUSDT,bid,134,9848.0
2024-09-12 19:34:11,SOLUSDT,bid,134,9888.0
2024-09-12 19:34:14,SOLUSDT,bid,134,9848.0
2024-09-12 19:34:24,SOLUSDT,bid,134,9888.0
2024-09-12 19:34:25,SOLUSDT,bid,134,9848.0
2024-09-12 19:34:40,SOLUSDT,bid,134,9849.0
2024-09-12 19:35:10,SOLUSDT,bid,134,10335.0
2024-09-12 19:35:21,SOLUSDT,bid,134,9849.0
2024-09-12 19:36:19,SOLUSDT,bid,134,9851.0
2024-09-12 19:36:25,SOLUSDT,bid,134,9849.0
2024-09-12 19:36:26,SOLUSDT,bid,134,10037.0
2024-09-12 19:36:27,SOLUSDT,bid,134,10067.0
2024-09-12 19:36:43,SOLUSDT,bid,134,10037.0
2024-09-12 19:36:56,SOLUSDT,bid,134,9849.0
2024-09-12 19:37:05,SOLUSDT,bid,134,9873.0
2024-09-12 19:37:05,SOLUSDT,bid,134,9908.0
2024-09-12 19:37:07,SOLUSDT,bid,134,9915.0
2024-09-12 19:37:07,SOLUSDT,bid,134,9908.0
2024-09-12 19:37:07,SOLUSDT,bid,134,9873.0
2024-09-12 19:37:08,SOLUSDT,bid,134,9873.0
2024-09-12 19:37:09,SOLUSDT,bid,134,9875.0
2024-09-12 19:37:10,SOLUSDT,bid,134,9908.0
2024-09-12 19:37:10,SOLUSDT,bid,134,9873.0
2024-09-12 19:37:11,SOLUSDT,bid,134,9851.0
2024-09-12 19:37:11,SOLUSDT,bid,134,9851.0
2024-09-12 19:37:15,SOLUSDT,bid,134,9852.0
2024-09-12 19:37:15,SOLUSDT,bid,134,9881.0
2024-09-12 19:37:17,SOLUSDT,bid,134,9878.0
2024-09-12 19:37:18,SOLUSDT,bid,134,9900.0
2024-09-12 19:37:20,SOLUSDT,bid,134,9878.0
2024-09-12 19:37:21,SOLUSDT,bid,134,9881.0
2024-09-12 19:37:21,SOLUSDT,bid,134,9878.0
2024-09-12 19:37:25,SOLUSDT,bid,134,9878.0
2024-09-12 19:37:25,SOLUSDT,bid,134,9900.0
2024-09-12 19:55:13,SOLUSDT,ask,134,7626.0
2024-09-12 19:55:14,SOLUSDT,ask,134,7608.0
2024-09-12 19:55:18,SOLUSDT,ask,134,7639.0
2024-09-12 19:55:20,SOLUSDT,ask,134,7630.0
2024-09-12 19:55:21,SOLUSDT,ask,134,7648.0
2024-09-12 19:55:21,SOLUSDT,ask,134,7626.0
2024-09-12 19:55:21,SOLUSDT,ask,134,7608.0
2024-09-12 19:55:22,SOLUSDT,ask,134,7609.0
2024-09-12 19:55:22,SOLUSDT,ask,134,7611.0
2024-09-12 19:55:22,SOLUSDT,ask,134,7608.0
2024-09-12 19:55:22,SOLUSDT,ask,134,7615.0
2024-09-12 19:55:25,SOLUSDT,ask,134,7616.0
2024-09-12 19:55:26,SOLUSDT,ask,134,7615.0
2024-09-12 19:55:26,SOLUSDT,ask,134,7616.0
2024-09-12 19:55:28,SOLUSDT,ask,134,7615.0
2024-09-12 19:55:28,SOLUSDT,ask,134,7615.0
2024-09-12 19:55:28,SOLUSDT,ask,134,7607.0
2024-09-12 19:55:29,SOLUSDT,ask,134,7607.0
2024-09-12 19:55:29,SOLUSDT,ask,134,7611.0
2024-09-12 19:55:29,SOLUSDT,ask,134,7608.0
2024-09-12 19:55:34,SOLUSDT,ask,134,7484.0
2024-09-12 19:55:34,SOLUSDT,ask,134,7599.0
2024-09-12 19:55:49,SOLUSDT,ask,134,7564.0
2024-09-12 19:55:49,SOLUSDT,ask,134,7565.0
2024-09-12 19:55:53,SOLUSDT,ask,134,7517.0
2024-09-12 19:55:54,SOLUSDT,ask,134,7521.0
2024-09-12 19:55:54,SOLUSDT,ask,134,7511.0
2024-09-12 19:56:07,SOLUSDT,ask,134,7488.0
2024-09-12 19:56:09,SOLUSDT,ask,134,7487.0
2024-09-12 19:56:09,SOLUSDT,ask,134,7486.0
2024-09-12 19:56:09,SOLUSDT,ask,134,7487.0
2024-09-12 19:56:10,SOLUSDT,ask,134,7490.0
2024-09-12 19:56:11,SOLUSDT,ask,134,7487.0
2024-09-12 19:56:11,SOLUSDT,ask,134,7485.0
2024-09-12 19:56:17,SOLUSDT,ask,134,7500.0
2024-09-12 19:56:18,SOLUSDT,ask,134,7518.0
2024-09-12 19:56:19,SOLUSDT,ask,134,7531.0
2024-09-12 19:56:20,SOLUSDT,ask,134,7518.0
2024-09-12 19:56:24,SOLUSDT,ask,134,7515.0
2024-09-12 19:56:24,SOLUSDT,ask,134,7507.0
2024-09-12 19:56:24,SOLUSDT,ask,134,7619.0
2024-09-12 19:56:24,SOLUSDT,ask,134,7719.0
2024-09-12 19:56:24,SOLUSDT,ask,134,7619.0
2024-09-12 19:56:25,SOLUSDT,ask,134,7612.0
2024-09-12 19:56:25,SOLUSDT,ask,134,7500.0
2024-09-12 19:56:25,SOLUSDT,ask,134,7500.0
2024-09-12 19:56:27,SOLUSDT,ask,134,7686.0
2024-09-12 19:56:27,SOLUSDT,ask,134,7502.0
2024-09-12 19:56:27,SOLUSDT,ask,134,7500.0
2024-09-12 19:56:28,SOLUSDT,ask,134,7482.0
2024-09-12 19:56:28,SOLUSDT,ask,134,7490.0
2024-09-12 19:56:28,SOLUSDT,ask,134,7546.0
2024-09-12 19:56:29,SOLUSDT,ask,134,7542.0
2024-09-12 19:56:29,SOLUSDT,ask,134,7542.0
2024-09-12 19:56:29,SOLUSDT,ask,134,7543.0
2024-09-12 19:56:30,SOLUSDT,ask,134,7542.0
2024-09-12 19:56:30,SOLUSDT,ask,134,7482.0
2024-09-12 19:56:30,SOLUSDT,ask,134,7484.0
2024-09-12 19:56:32,SOLUSDT,ask,134,7482.0
2024-09-12 19:56:34,SOLUSDT,ask,134,7485.0
2024-09-12 19:56:35,SOLUSDT,ask,134,7561.0
2024-09-12 19:56:35,SOLUSDT,ask,134,7559.0
2024-09-12 19:56:38,SOLUSDT,ask,134,7560.0
2024-09-12 19:56:38,SOLUSDT,ask,134,7559.0
2024-09-12 19:56:39,SOLUSDT,ask,134,7564.0
2024-09-12 19:56:39,SOLUSDT,ask,134,7559.0
2024-09-12 19:56:39,SOLUSDT,ask,134,7485.0
2024-09-12 19:56:39,SOLUSDT,ask,134,7490.0
2024-09-12 19:56:40,SOLUSDT,ask,134,7485.0
2024-09-12 19:56:43,SOLUSDT,ask,134,7490.0
2024-09-12 19:56:43,SOLUSDT,ask,134,7485.0
2024-09-12 19:56:43,SOLUSDT,ask,134,7489.0
2024-09-12 19:56:45,SOLUSDT,ask,134,7496.0
2024-09-12 19:56:46,SOLUSDT,ask,134,7489.0
2024-09-12 19:56:46,SOLUSDT,ask,134,7485.0
2024-09-12 19:56:47,SOLUSDT,ask,134,7487.0
2024-09-12 19:56:48,SOLUSDT,ask,134,7710.0
2024-09-12 19:56:48,SOLUSDT,ask,134,7747.0
2024-09-12 19:56:50,SOLUSDT,ask,134,7765.0
2024-09-12 19:56:50,SOLUSDT,ask,134,7710.0
2024-09-12 19:56:52,SOLUSDT,ask,134,7708.0
2024-09-12 19:56:59,SOLUSDT,ask,134,7745.0
2024-09-12 19:57:00,SOLUSDT,ask,134,7708.0
2024-09-12 19:57:00,SOLUSDT,ask,134,7699.0
2024-09-12 18:22:28,SOLUSDT,ask,136,8213.0
2024-09-12 18:42:27,SOLUSDT,ask,136,8230.0
2024-09-12 18:43:13,SOLUSDT,ask,136,8278.0
2024-09-12 18:43:14,SOLUSDT,ask,136,8230.0
2024-09-12 18:43:14,SOLUSDT,ask,136,8278.0
2024-09-12 18:43:14,SOLUSDT,ask,136,8230.0
2024-09-12 18:43:54,SOLUSDT,ask,136,8278.0
2024-09-12 18:43:54,SOLUSDT,ask,136,8230.0
2024-09-12 19:01:36,SOLUSDT,ask,136,8212.0
2024-09-12 19:12:31,SOLUSDT,ask,136,8211.0
2024-09-12 19:17:30,SOLUSDT,ask,136,8213.0
2024-09-12 19:17:30,SOLUSDT,ask,136,8211.0
2024-09-12 19:18:49,SOLUSDT,ask,136,8213.0
2024-09-12 19:22:28,SOLUSDT,ask,136,8211.0
2024-09-12 19:32:28,SOLUSDT,ask,136,8220.0
2024-09-12 20:32:31,SOLUSDT,ask,136,8214.0
2024-09-12 20:34:11,SOLUSDT,ask,136,8214.0
2024-09-12 20:37:14,SOLUSDT,ask,136,8358.0
2024-09-12 20:37:15,SOLUSDT,ask,136,8214.0
2024-09-12 20:38:30,SOLUSDT,ask,136,8334.0
2024-09-12 20:42:20,SOLUSDT,ask,136,8212.0
2024-09-12 20:43:13,SOLUSDT,ask,136,8260.0
2024-09-12 20:43:13,SOLUSDT,ask,136,8212.0
2024-09-12 20:44:10,SOLUSDT,ask,136,8260.0
2024-09-12 20:52:20,SOLUSDT,ask,136,8287.0
2024-09-12 20:52:35,SOLUSDT,ask,136,8226.0
2024-09-12 20:54:46,SOLUSDT,ask,136,8222.0
2024-09-12 21:12:29,SOLUSDT,ask,136,8211.0
2024-09-12 21:14:06,SOLUSDT,ask,136,8211.0
2024-09-12 21:14:27,SOLUSDT,ask,136,8231.0
2024-09-12 21:15:02,SOLUSDT,ask,136,8246.0
2024-09-12 21:19:02,SOLUSDT,ask,136,8212.0
2024-09-12 21:19:05,SOLUSDT,ask,136,8211.0
2024-09-12 21:33:51,SOLUSDT,bid,135,8236.0
2024-09-12 21:34:21,SOLUSDT,bid,135,8211.0
2024-09-12 21:34:37,SOLUSDT,bid,135,8223.0
2024-09-12 21:34:38,SOLUSDT,bid,135,8211.0
2024-09-12 21:37:53,SOLUSDT,ask,135,11853.0
2024-09-12 21:37:53,SOLUSDT,ask,135,11852.0
2024-09-12 21:37:53,SOLUSDT,ask,135,11853.0
2024-09-12 21:37:53,SOLUSDT,ask,135,11838.0
2024-09-12 21:37:54,SOLUSDT,ask,135,11838.0
2024-09-12 21:37:58,SOLUSDT,ask,135,11940.0
2024-09-12 21:37:59,SOLUSDT,ask,135,11843.0
2024-09-12 21:37:59,SOLUSDT,ask,135,11838.0
2024-09-12 21:37:59,SOLUSDT,ask,135,11864.0
2024-09-12 21:37:59,SOLUSDT,ask,135,11822.0
2024-09-12 21:37:59,SOLUSDT,ask,135,11645.0
2024-09-12 21:37:59,SOLUSDT,ask,135,11689.0
2024-09-12 21:38:00,SOLUSDT,ask,135,11686.0
2024-09-12 21:38:00,SOLUSDT,ask,135,11689.0
2024-09-12 21:38:00,SOLUSDT,ask,135,11683.0
2024-09-12 21:38:00,SOLUSDT,ask,135,11684.0
2024-09-12 21:39:08,SOLUSDT,bid,135,8212.0
2024-09-12 21:39:08,SOLUSDT,bid,135,8211.0
2024-09-12 21:39:12,SOLUSDT,bid,135,8212.0
2024-09-12 21:39:14,SOLUSDT,bid,135,8213.0
2024-09-12 21:39:19,SOLUSDT,bid,135,8213.0
2024-09-12 21:39:19,SOLUSDT,bid,135,8212.0
2024-09-12 21:39:19,SOLUSDT,bid,135,8213.0
2024-09-12 21:39:53,SOLUSDT,bid,135,8214.0
2024-09-12 21:39:55,SOLUSDT,bid,135,8213.0
2024-09-12 21:40:00,SOLUSDT,bid,135,8214.0
2024-09-12 21:40:01,SOLUSDT,bid,135,8213.0
2024-09-12 21:40:06,SOLUSDT,bid,135,8324.0
2024-09-12 21:40:08,SOLUSDT,bid,135,8213.0
2024-09-12 21:40:10,SOLUSDT,bid,135,8228.0
2024-09-12 21:40:10,SOLUSDT,bid,135,8245.0
2024-09-12 21:40:13,SOLUSDT,bid,135,8304.0
2024-09-12 21:40:20,SOLUSDT,bid,135,8272.0
2024-09-12 21:40:21,SOLUSDT,bid,135,8213.0
2024-09-12 21:40:34,SOLUSDT,ask,135,8070.0
2024-09-12 21:40:39,SOLUSDT,ask,135,20093.0
2024-09-12 21:40:47,SOLUSDT,ask,135,20070.0
2024-09-12 21:40:47,SOLUSDT,ask,135,20075.0
2024-09-12 21:40:51,SOLUSDT,ask,135,20100.0
2024-09-12 21:40:52,SOLUSDT,ask,135,20838.0
2024-09-12 21:41:01,SOLUSDT,ask,135,20814.0
2024-09-12 21:41:03,SOLUSDT,ask,135,20899.0
2024-09-12 21:41:04,SOLUSDT,ask,135,20900.0
2024-09-12 21:41:09,SOLUSDT,ask,135,20901.0
2024-09-12 21:41:10,SOLUSDT,ask,135,20163.0
2024-09-12 21:41:13,SOLUSDT,ask,135,20162.0
2024-09-12 21:41:14,SOLUSDT,ask,135,20170.0
2024-09-12 21:41:14,SOLUSDT,ask,135,20162.0
2024-09-12 21:41:21,SOLUSDT,ask,135,20161.0
2024-09-12 21:41:36,SOLUSDT,ask,135,20168.0
2024-09-12 21:41:37,SOLUSDT,ask,135,20161.0
2024-09-12 21:41:50,SOLUSDT,ask,135,20159.0
2024-09-12 21:42:00,SOLUSDT,ask,135,20074.0
2024-09-12 21:42:06,SOLUSDT,ask,135,8074.0
2024-09-12 21:43:24,SOLUSDT,ask,135,10045.0
2024-09-12 21:43:25,SOLUSDT,ask,135,10192.0
2024-09-12 21:43:25,SOLUSDT,ask,135,10206.0
2024-09-12 21:44:31,SOLUSDT,ask,135,10124.0
2024-09-12 21:44:33,SOLUSDT,ask,135,10305.0
2024-09-12 21:44:36,SOLUSDT,ask,135,10305.0
2024-09-12 21:44:40,SOLUSDT,ask,135,10125.0
2024-09-12 21:44:45,SOLUSDT,ask,135,10124.0
2024-09-12 21:44:46,SOLUSDT,ask,135,10125.0
2024-09-12 21:44:46,SOLUSDT,ask,135,10304.0
2024-09-12 21:44:47,SOLUSDT,ask,135,10123.0
2024-09-12 21:44:59,SOLUSDT,ask,135,10148.0
2024-09-12 21:44:59,SOLUSDT,ask,135,10051.0
2024-09-12 21:47:37,SOLUSDT,ask,135,8537.0
2024-09-12 21:47:37,SOLUSDT,ask,135,8532.0
2024-09-12 21:47:41,SOLUSDT,ask,135,8549.0
2024-09-12 21:47:41,SOLUSDT,ask,135,8550.0
2024-09-12 21:47:41,SOLUSDT,ask,135,8560.0
2024-09-12 21:47:47,SOLUSDT,ask,135,8305.0
2024-09-12 21:47:48,SOLUSDT,ask,135,8326.0
2024-09-12 21:47:48,SOLUSDT,ask,135,8356.0
2024-09-12 21:47:49,SOLUSDT,ask,135,8335.0
2024-09-12 21:47:50,SOLUSDT,ask,135,8353.0
2024-09-12 21:47:50,SOLUSDT,ask,135,8353.0
2024-09-12 21:47:52,SOLUSDT,ask,135,8353.0
2024-09-12 21:47:52,SOLUSDT,ask,135,8353.0
2024-09-12 21:47:54,SOLUSDT,ask,135,8323.0
2024-09-12 21:47:56,SOLUSDT,ask,135,8315.0
2024-09-12 21:47:59,SOLUSDT,ask,135,12388.0
2024-09-12 21:47:59,SOLUSDT,ask,135,12314.0
2024-09-12 21:47:59,SOLUSDT,ask,135,12388.0
2024-09-12 21:48:01,SOLUSDT,ask,135,12314.0
2024-09-12 21:48:02,SOLUSDT,ask,135,12323.0
2024-09-12 21:48:03,SOLUSDT,ask,135,12324.0
2024-09-12 21:48:03,SOLUSDT,ask,135,12323.0
2024-09-12 21:48:03,SOLUSDT,ask,135,12324.0
2024-09-12 21:48:03,SOLUSDT,ask,135,12324.0
2024-09-12 21:48:03,SOLUSDT,ask,135,8336.0
2024-09-12 21:48:03,SOLUSDT,ask,135,12301.0
2024-09-12 21:48:04,SOLUSDT,ask,135,12294.0
2024-09-12 21:48:04,SOLUSDT,ask,135,8329.0
2024-09-12 21:48:04,SOLUSDT,ask,135,12285.0
2024-09-12 21:48:04,SOLUSDT,ask,135,12292.0
2024-09-12 21:48:04,SOLUSDT,ask,135,8366.0
2024-09-12 21:48:07,SOLUSDT,ask,135,8358.0
2024-09-12 21:48:07,SOLUSDT,ask,135,8362.0
2024-09-12 21:48:07,SOLUSDT,ask,135,12402.0
2024-09-12 21:48:08,SOLUSDT,ask,135,14541.0
2024-09-12 21:48:08,SOLUSDT,ask,135,12303.0
2024-09-12 21:48:08,SOLUSDT,ask,135,8674.0
2024-09-12 21:48:09,SOLUSDT,ask,135,12503.0
2024-09-12 21:48:09,SOLUSDT,ask,135,12503.0
2024-09-12 21:48:10,SOLUSDT,ask,135,12503.0
2024-09-12 21:48:10,SOLUSDT,ask,135,12503.0
2024-09-12 21:48:11,SOLUSDT,ask,135,12504.0
2024-09-12 21:48:11,SOLUSDT,ask,135,12725.0
2024-09-12 21:48:11,SOLUSDT,ask,135,12725.0
2024-09-12 21:48:12,SOLUSDT,ask,135,9078.0
2024-09-12 21:48:12,SOLUSDT,ask,135,12725.0
2024-09-12 21:48:12,SOLUSDT,ask,135,9078.0
2024-09-12 21:48:13,SOLUSDT,ask,135,12725.0
2024-09-12 21:48:13,SOLUSDT,ask,135,9078.0
2024-09-12 21:48:14,SOLUSDT,ask,135,12725.0
2024-09-12 21:48:16,SOLUSDT,ask,135,12725.0
2024-09-12 21:48:16,SOLUSDT,ask,135,8634.0
2024-09-12 21:48:16,SOLUSDT,ask,135,8336.0
2024-09-12 21:48:16,SOLUSDT,ask,135,12725.0
2024-09-12 21:48:16,SOLUSDT,ask,135,8336.0
2024-09-12 21:48:17,SOLUSDT,ask,135,12525.0
2024-09-12 21:48:19,SOLUSDT,ask,135,12532.0
2024-09-12 21:48:20,SOLUSDT,ask,135,8315.0
2024-09-12 21:48:20,SOLUSDT,ask,135,12525.0
2024-09-12 21:48:20,SOLUSDT,ask,135,12518.0
2024-09-12 21:48:20,SOLUSDT,ask,135,8319.0
2024-09-12 21:48:20,SOLUSDT,ask,135,8617.0
2024-09-12 21:58:26,SOLUSDT,ask,135,8117.0
2024-09-12 21:58:29,SOLUSDT,ask,135,8118.0
2024-09-12 21:58:36,SOLUSDT,ask,135,8153.0
2024-09-12 21:58:39,SOLUSDT,ask,135,8153.0
2024-09-12 21:58:46,SOLUSDT,ask,135,8154.0
2024-09-12 21:58:47,SOLUSDT,ask,135,8153.0
2024-09-12 22:01:46,SOLUSDT,ask,135,10351.0
2024-09-12 22:01:48,SOLUSDT,ask,135,10350.0
2024-09-12 22:01:57,SOLUSDT,ask,135,10365.0
2024-09-12 22:01:59,SOLUSDT,ask,135,10367.0
2024-09-12 22:02:07,SOLUSDT,ask,135,10267.0
2024-09-12 22:02:08,SOLUSDT,ask,135,10268.0
2024-09-12 22:02:11,SOLUSDT,ask,135,10254.0
2024-09-12 22:02:19,SOLUSDT,ask,135,10254.0
2024-09-12 22:02:27,SOLUSDT,ask,135,10261.0
2024-09-12 22:02:29,SOLUSDT,ask,135,11761.0
2024-09-12 22:02:32,SOLUSDT,ask,135,11754.0
2024-09-12 22:02:33,SOLUSDT,ask,135,11748.0
2024-09-12 22:02:34,SOLUSDT,ask,135,11770.0
2024-09-12 22:02:42,SOLUSDT,ask,135,11770.0
2024-09-12 22:02:44,SOLUSDT,ask,135,11794.0
2024-09-12 22:02:45,SOLUSDT,ask,135,11799.0
2024-09-12 22:02:47,SOLUSDT,ask,135,11809.0
2024-09-12 22:06:06,SOLUSDT,ask,135,7476.0
2024-09-12 22:06:06,SOLUSDT,ask,135,7492.0
2024-09-12 22:06:06,SOLUSDT,ask,135,7476.0
2024-09-12 22:06:07,SOLUSDT,ask,135,7479.0
2024-09-12 22:06:07,SOLUSDT,ask,135,7476.0
2024-09-12 22:06:08,SOLUSDT,ask,135,7479.0
2024-09-12 22:06:08,SOLUSDT,ask,135,7476.0
2024-09-12 22:06:08,SOLUSDT,ask,135,7479.0
2024-09-12 22:06:08,SOLUSDT,ask,135,7481.0
2024-09-12 22:06:09,SOLUSDT,ask,135,7479.0
2024-09-12 22:06:10,SOLUSDT,ask,135,7479.0
2024-09-12 22:06:10,SOLUSDT,ask,135,7479.0
2024-09-12 22:06:11,SOLUSDT,ask,135,7479.0
2024-09-12 22:06:12,SOLUSDT,ask,135,7476.0
2024-09-12 22:06:12,SOLUSDT,ask,135,7479.0
2024-09-12 22:06:12,SOLUSDT,ask,135,7476.0
2024-09-12 22:06:13,SOLUSDT,ask,135,7479.0
2024-09-12 22:06:14,SOLUSDT,ask,135,7479.0
2024-09-12 22:06:14,SOLUSDT,ask,135,7479.0
2024-09-12 22:06:14,SOLUSDT,ask,135,7484.0
2024-09-12 22:06:15,SOLUSDT,ask,135,7484.0
2024-09-12 22:06:15,SOLUSDT,ask,135,7481.0
2024-09-12 22:06:15,SOLUSDT,ask,135,7486.0
2024-09-12 22:06:17,SOLUSDT,ask,135,7483.0
2024-09-12 22:06:17,SOLUSDT,ask,135,7486.0
2024-09-12 22:06:19,SOLUSDT,ask,135,7508.0
2024-09-12 22:06:19,SOLUSDT,ask,135,7635.0
2024-09-12 22:06:20,SOLUSDT,ask,135,7636.0
2024-09-12 22:06:20,SOLUSDT,ask,135,7641.0
2024-09-12 22:06:20,SOLUSDT,ask,135,7636.0
2024-09-12 22:06:21,SOLUSDT,ask,135,7633.0
2024-09-12 22:06:21,SOLUSDT,ask,135,7634.0
2024-09-12 22:06:21,SOLUSDT,ask,135,7684.0
2024-09-12 22:06:24,SOLUSDT,ask,135,7686.0
2024-09-12 22:06:24,SOLUSDT,ask,135,7558.0
2024-09-12 22:06:25,SOLUSDT,ask,135,7598.0
2024-09-12 22:06:27,SOLUSDT,ask,135,7596.0
2024-09-12 22:06:27,SOLUSDT,ask,135,7596.0
2024-09-12 22:06:27,SOLUSDT,ask,135,7595.0
2024-09-12 22:06:28,SOLUSDT,ask,135,7598.0
2024-09-12 22:06:29,SOLUSDT,ask,135,7599.0
2024-09-12 22:06:30,SOLUSDT,ask,135,7616.0
2024-09-12 22:06:30,SOLUSDT,ask,135,7636.0
2024-09-12 22:06:31,SOLUSDT,ask,135,7619.0
2024-09-12 22:06:32,SOLUSDT,ask,135,7616.0
2024-09-12 22:06:35,SOLUSDT,ask,135,7617.0
2024-09-12 22:06:35,SOLUSDT,ask,135,7618.0
2024-09-12 22:06:35,SOLUSDT,ask,135,7619.0
2024-09-12 22:06:36,SOLUSDT,ask,135,7617.0
2024-09-12 22:06:38,SOLUSDT,ask,135,7618.0
2024-09-12 22:06:38,SOLUSDT,ask,135,7621.0
2024-09-12 22:06:39,SOLUSDT,ask,135,7621.0
2024-09-12 22:06:39,SOLUSDT,ask,135,7623.0
2024-09-12 22:06:40,SOLUSDT,ask,135,7622.0
2024-09-12 22:06:41,SOLUSDT,ask,135,7704.0
2024-09-12 22:06:42,SOLUSDT,ask,135,7702.0
2024-09-12 22:06:42,SOLUSDT,ask,135,7702.0
2024-09-12 22:06:46,SOLUSDT,ask,135,7705.0
2024-09-12 22:06:47,SOLUSDT,ask,135,7729.0
2024-09-12 22:06:51,SOLUSDT,ask,135,7679.0
2024-09-12 22:06:51,SOLUSDT,ask,135,7619.0
2024-09-12 22:07:01,SOLUSDT,ask,135,8334.0
2024-09-12 22:07:02,SOLUSDT,ask,135,8364.0
2024-09-12 22:07:04,SOLUSDT,ask,135,8334.0
2024-09-12 22:07:15,SOLUSDT,ask,135,8344.0
2024-09-12 22:07:16,SOLUSDT,ask,135,8350.0
2024-09-12 22:07:16,SOLUSDT,ask,135,8344.0
2024-09-12 22:07:18,SOLUSDT,ask,135,8304.0
2024-09-12 22:07:20,SOLUSDT,ask,135,8310.0
2024-09-12 22:07:20,SOLUSDT,ask,135,8304.0
2024-09-12 22:07:20,SOLUSDT,ask,135,8310.0
2024-09-12 22:07:21,SOLUSDT,ask,135,8310.0
2024-09-12 22:07:22,SOLUSDT,ask,135,8326.0
2024-09-12 22:07:26,SOLUSDT,ask,135,8327.0
2024-09-12 22:07:27,SOLUSDT,ask,135,8325.0
2024-09-12 22:07:28,SOLUSDT,ask,135,8350.0
2024-09-12 22:13:41,SOLUSDT,ask,135,10435.0
2024-09-12 22:14:35,SOLUSDT,ask,135,10485.0
2024-09-12 22:14:56,SOLUSDT,ask,135,10489.0
2024-09-12 20:50:26,SOLUSDT,bid,134,8027.0
2024-09-12 20:50:28,SOLUSDT,bid,134,8028.0
2024-09-12 20:50:28,SOLUSDT,bid,134,8054.0
2024-09-12 20:50:28,SOLUSDT,bid,134,8028.0
2024-09-12 20:50:29,SOLUSDT,bid,134,8018.0
2024-09-12 20:50:29,SOLUSDT,bid,134,8021.0
2024-09-12 20:50:30,SOLUSDT,bid,134,8018.0
2024-09-12 20:50:30,SOLUSDT,bid,134,8018.0
2024-09-12 20:50:31,SOLUSDT,bid,134,8018.0
2024-09-12 20:50:31,SOLUSDT,bid,134,8176.0
2024-09-12 20:50:32,SOLUSDT,bid,134,8201.0
2024-09-12 20:50:32,SOLUSDT,bid,134,8176.0
2024-09-12 20:50:32,SOLUSDT,bid,134,8167.0
2024-09-12 20:50:32,SOLUSDT,bid,134,7868.0
2024-09-12 20:50:32,SOLUSDT,bid,134,7877.0
2024-09-12 20:50:32,SOLUSDT,bid,134,7868.0
2024-09-12 20:50:33,SOLUSDT,bid,134,7868.0
2024-09-12 20:50:33,SOLUSDT,bid,134,7869.0
2024-09-12 20:50:33,SOLUSDT,bid,134,7878.0
2024-09-12 20:50:33,SOLUSDT,bid,134,7869.0
2024-09-12 20:50:33,SOLUSDT,bid,134,7866.0
2024-09-12 20:50:33,SOLUSDT,bid,134,7662.0
2024-09-12 20:50:34,SOLUSDT,bid,134,7687.0
2024-09-12 20:50:34,SOLUSDT,bid,134,7678.0
2024-09-12 20:50:34,SOLUSDT,bid,134,7669.0
2024-09-12 20:50:34,SOLUSDT,bid,134,7644.0
2024-09-12 20:50:34,SOLUSDT,bid,134,7646.0
2024-09-12 21:20:36,SOLUSDT,bid,134,8211.0
2024-09-12 21:23:05,SOLUSDT,bid,134,8215.0
2024-09-12 21:24:56,SOLUSDT,bid,134,8211.0
2024-09-12 21:26:33,SOLUSDT,bid,134,8212.0
2024-09-12 21:32:27,SOLUSDT,bid,134,8211.0
2024-09-12 21:32:45,SOLUSDT,bid,134,8223.0
2024-09-12 21:33:40,SOLUSDT,bid,134,8211.0
2024-09-12 21:47:07,SOLUSDT,ask,134,12051.0
2024-09-12 21:47:07,SOLUSDT,ask,134,12079.0
2024-09-12 21:47:08,SOLUSDT,ask,134,12075.0
2024-09-12 21:47:09,SOLUSDT,ask,134,12077.0
2024-09-12 21:47:09,SOLUSDT,ask,134,12074.0
2024-09-12 21:47:09,SOLUSDT,ask,134,12081.0
2024-09-12 21:47:10,SOLUSDT,ask,134,12074.0
2024-09-12 21:47:10,SOLUSDT,ask,134,12083.0
2024-09-12 21:47:12,SOLUSDT,ask,134,12051.0
2024-09-12 21:47:12,SOLUSDT,ask,134,12044.0
2024-09-12 21:47:13,SOLUSDT,ask,134,12048.0
2024-09-12 21:47:13,SOLUSDT,ask,134,12047.0
2024-09-12 21:47:14,SOLUSDT,ask,134,12044.0
2024-09-12 21:47:15,SOLUSDT,ask,134,12044.0
2024-09-12 21:47:15,SOLUSDT,ask,134,12125.0
2024-09-12 21:47:16,SOLUSDT,ask,134,12051.0
2024-09-12 21:47:18,SOLUSDT,ask,134,12051.0
2024-09-12 21:47:18,SOLUSDT,ask,134,12007.0
2024-09-12 21:47:18,SOLUSDT,ask,134,12044.0
2024-09-12 21:47:18,SOLUSDT,ask,134,12014.0
2024-09-12 21:47:19,SOLUSDT,ask,134,12025.0
2024-09-12 21:47:20,SOLUSDT,ask,134,12014.0
2024-09-12 21:47:20,SOLUSDT,ask,134,12057.0
2024-09-12 21:47:21,SOLUSDT,ask,134,12063.0
2024-09-12 21:47:22,SOLUSDT,ask,134,12056.0
2024-09-12 21:47:22,SOLUSDT,ask,134,12013.0
2024-09-12 21:47:22,SOLUSDT,ask,134,12007.0
2024-09-12 21:47:23,SOLUSDT,ask,134,12051.0
2024-09-12 21:47:23,SOLUSDT,ask,134,12007.0
2024-09-12 21:47:23,SOLUSDT,ask,134,12053.0
2024-09-12 21:47:23,SOLUSDT,ask,134,12007.0
2024-09-12 21:47:24,SOLUSDT,ask,134,12007.0
2024-09-12 21:47:24,SOLUSDT,ask,134,12033.0
2024-09-12 21:47:24,SOLUSDT,ask,134,12007.0
2024-09-12 21:47:24,SOLUSDT,ask,134,12008.0
2024-09-12 21:47:24,SOLUSDT,ask,134,12007.0
2024-09-12 21:47:24,SOLUSDT,ask,134,12009.0
2024-09-12 21:47:25,SOLUSDT,ask,134,12007.0
2024-09-12 21:47:25,SOLUSDT,ask,134,12010.0
2024-09-12 21:47:26,SOLUSDT,ask,134,12007.0
2024-09-12 21:48:24,SOLUSDT,ask,134,12009.0
2024-09-12 21:48:25,SOLUSDT,ask,134,12009.0
2024-09-12 21:48:25,SOLUSDT,ask,134,12009.0
2024-09-12 21:48:25,SOLUSDT,ask,134,12009.0
2024-09-12 21:48:25,SOLUSDT,ask,134,12009.0
2024-09-12 21:48:25,SOLUSDT,ask,134,13861.0
2024-09-12 21:48:25,SOLUSDT,ask,134,12009.0
2024-09-12 21:48:26,SOLUSDT,ask,134,12014.0
2024-09-12 21:48:32,SOLUSDT,ask,134,12017.0
2024-09-12 21:48:33,SOLUSDT,ask,134,12022.0
2024-09-12 21:48:33,SOLUSDT,ask,134,12017.0
2024-09-12 21:48:35,SOLUSDT,ask,134,20341.0
2024-09-12 21:48:36,SOLUSDT,ask,134,20338.0
2024-09-12 21:48:37,SOLUSDT,ask,134,20341.0
2024-09-12 21:48:38,SOLUSDT,ask,134,20020.0
2024-09-12 21:48:39,SOLUSDT,ask,134,20050.0
2024-09-12 21:48:40,SOLUSDT,ask,134,20047.0
2024-09-12 21:48:43,SOLUSDT,ask,134,20017.0
2024-09-12 21:48:43,SOLUSDT,ask,134,20020.0
2024-09-12 21:48:44,SOLUSDT,ask,134,20017.0
2024-09-12 21:48:45,SOLUSDT,ask,134,20017.0
2024-09-12 21:48:46,SOLUSDT,ask,134,20017.0
2024-09-12 21:48:46,SOLUSDT,ask,134,20041.0
2024-09-12 21:48:47,SOLUSDT,ask,134,20031.0
2024-09-12 21:48:47,SOLUSDT,ask,134,20069.0
2024-09-12 21:48:47,SOLUSDT,ask,134,20065.0
2024-09-12 21:48:47,SOLUSDT,ask,134,20017.0
2024-09-12 21:48:47,SOLUSDT,ask,134,20014.0
2024-09-12 21:48:47,SOLUSDT,ask,134,20062.0
2024-09-12 21:48:47,SOLUSDT,ask,134,20055.0
2024-09-12 21:48:50,SOLUSDT,ask,134,20059.0
2024-09-12 21:48:50,SOLUSDT,ask,134,20062.0
2024-09-12 21:48:51,SOLUSDT,ask,134,20057.0
2024-09-12 21:48:51,SOLUSDT,ask,134,20007.0
2024-09-12 21:48:51,SOLUSDT,ask,134,20059.0
2024-09-12 21:48:52,SOLUSDT,ask,134,20066.0
2024-09-12 21:48:52,SOLUSDT,ask,134,20014.0
2024-09-12 21:48:52,SOLUSDT,ask,134,20116.0
2024-09-12 21:48:52,SOLUSDT,ask,134,20437.0
2024-09-12 21:48:52,SOLUSDT,ask,134,20301.0
2024-09-12 21:48:53,SOLUSDT,ask,134,20014.0
2024-09-12 21:48:53,SOLUSDT,ask,134,20199.0
2024-09-12 21:48:53,SOLUSDT,ask,134,20014.0
2024-09-12 21:48:54,SOLUSDT,ask,134,20009.0
2024-09-12 21:48:54,SOLUSDT,ask,134,20011.0
2024-09-12 21:48:54,SOLUSDT,ask,134,20009.0
2024-09-12 21:48:55,SOLUSDT,ask,134,20002.0
2024-09-12 21:48:55,SOLUSDT,ask,134,20102.0
2024-09-12 21:48:55,SOLUSDT,ask,134,20002.0
2024-09-12 21:48:56,SOLUSDT,ask,134,20009.0
2024-09-12 21:48:57,SOLUSDT,ask,134,20046.0
2024-09-12 21:48:57,SOLUSDT,ask,134,20050.0
2024-09-12 21:48:58,SOLUSDT,ask,134,20043.0
2024-09-12 21:48:58,SOLUSDT,ask,134,20042.0
2024-09-12 21:48:59,SOLUSDT,ask,134,20049.0
2024-09-12 21:48:59,SOLUSDT,ask,134,20046.0
2024-09-12 21:49:00,SOLUSDT,ask,134,20047.0
2024-09-12 21:49:00,SOLUSDT,ask,134,20009.0
2024-09-12 21:49:00,SOLUSDT,ask,134,20040.0
2024-09-12 21:49:00,SOLUSDT,ask,134,20047.0
2024-09-12 21:49:01,SOLUSDT,ask,134,20040.0
2024-09-12 21:49:01,SOLUSDT,ask,134,20010.0
2024-09-12 21:49:01,SOLUSDT,ask,134,20149.0
2024-09-12 21:49:01,SOLUSDT,ask,134,20042.0
2024-09-12 21:49:01,SOLUSDT,ask,134,20025.0
2024-09-12 21:49:02,SOLUSDT,ask,134,20173.0
2024-09-12 21:49:02,SOLUSDT,ask,134,20025.0
2024-09-12 21:49:02,SOLUSDT,ask,134,20018.0
2024-09-12 21:49:02,SOLUSDT,ask,134,20016.0
2024-09-12 21:49:03,SOLUSDT,ask,134,18475.0
2024-09-12 21:49:03,SOLUSDT,ask,134,18593.0
2024-09-12 21:49:03,SOLUSDT,ask,134,18587.0
2024-09-12 21:49:03,SOLUSDT,ask,134,18546.0
2024-09-12 21:49:03,SOLUSDT,ask,134,18563.0
2024-09-12 21:49:04,SOLUSDT,ask,134,18546.0
2024-09-12 21:49:04,SOLUSDT,ask,134,18550.0
2024-09-12 21:49:04,SOLUSDT,ask,134,18575.0
2024-09-12 21:49:04,SOLUSDT,ask,134,18550.0
2024-09-12 21:49:04,SOLUSDT,ask,134,18546.0
2024-09-12 21:49:05,SOLUSDT,ask,134,18545.0
2024-09-12 21:49:05,SOLUSDT,ask,134,18566.0
2024-09-12 21:49:06,SOLUSDT,ask,134,18545.0
2024-09-12 21:49:07,SOLUSDT,ask,134,18546.0
2024-09-12 21:49:08,SOLUSDT,ask,134,18545.0
2024-09-12 21:49:09,SOLUSDT,ask,134,18546.0
2024-09-12 21:49:10,SOLUSDT,ask,134,18549.0
2024-09-12 21:49:10,SOLUSDT,ask,134,18545.0
2024-09-12 21:49:11,SOLUSDT,ask,134,18545.0
2024-09-12 21:49:11,SOLUSDT,ask,134,18546.0
2024-09-12 21:49:12,SOLUSDT,ask,134,18545.0
2024-09-12 21:49:12,SOLUSDT,ask,134,18549.0
2024-09-12 21:49:13,SOLUSDT,ask,134,18558.0
2024-09-12 21:49:13,SOLUSDT,ask,134,18554.0
2024-09-12 21:49:13,SOLUSDT,ask,134,18569.0
2024-09-12 21:49:13,SOLUSDT,ask,134,18583.0
2024-09-12 21:49:13,SOLUSDT,ask,134,18623.0
2024-09-12 21:49:13,SOLUSDT,ask,134,18629.0
2024-09-12 21:49:13,SOLUSDT,ask,134,18623.0
2024-09-12 21:49:13,SOLUSDT,ask,134,18590.0
2024-09-12 21:49:13,SOLUSDT,ask,134,18582.0
2024-09-12 21:49:13,SOLUSDT,ask,134,18581.0
2024-09-12 21:49:13,SOLUSDT,ask,134,18509.0
2024-09-12 21:49:13,SOLUSDT,ask,134,18526.0
2024-09-12 21:49:14,SOLUSDT,ask,134,18558.0
2024-09-12 21:49:14,SOLUSDT,ask,134,18568.0
2024-09-12 21:49:14,SOLUSDT,ask,134,18537.0
2024-09-12 21:49:14,SOLUSDT,ask,134,18527.0
2024-09-12 21:49:15,SOLUSDT,ask,134,18487.0
2024-09-12 21:49:15,SOLUSDT,ask,134,18485.0
2024-09-12 21:49:15,SOLUSDT,ask,134,18417.0
2024-09-12 21:49:15,SOLUSDT,ask,134,16613.0
2024-09-12 21:49:15,SOLUSDT,ask,134,16173.0
2024-09-12 21:49:16,SOLUSDT,ask,134,15936.0
2024-09-12 21:49:16,SOLUSDT,ask,134,15938.0
2024-09-12 21:49:16,SOLUSDT,ask,134,15937.0
2024-09-12 21:49:16,SOLUSDT,ask,134,15939.0
2024-09-12 21:49:16,SOLUSDT,ask,134,15940.0
2024-09-12 21:49:16,SOLUSDT,ask,134,15919.0
2024-09-12 21:49:16,SOLUSDT,ask,134,15919.0
2024-09-12 21:49:17,SOLUSDT,ask,134,15932.0
2024-09-12 21:49:17,SOLUSDT,ask,134,15926.0
2024-09-12 21:49:17,SOLUSDT,ask,134,15927.0
2024-09-12 21:49:17,SOLUSDT,ask,134,15877.0
2024-09-12 21:49:17,SOLUSDT,ask,134,15878.0
2024-09-12 21:49:17,SOLUSDT,ask,134,15880.0
2024-09-12 21:49:17,SOLUSDT,ask,134,15900.0
2024-09-12 21:49:17,SOLUSDT,ask,134,15936.0
2024-09-12 21:49:17,SOLUSDT,ask,134,15903.0
2024-09-12 21:49:18,SOLUSDT,ask,134,15878.0
2024-09-12 21:49:18,SOLUSDT,ask,134,15891.0
2024-09-12 21:49:18,SOLUSDT,ask,134,15894.0
2024-09-12 21:49:18,SOLUSDT,ask,134,15895.0
2024-09-12 21:49:18,SOLUSDT,ask,134,15899.0
2024-09-12 21:49:18,SOLUSDT,ask,134,15903.0
2024-09-12 21:49:18,SOLUSDT,ask,134,15904.0
2024-09-12 21:49:18,SOLUSDT,ask,134,15887.0
2024-09-12 21:49:18,SOLUSDT,ask,134,15874.0
2024-09-12 21:49:18,SOLUSDT,ask,134,15860.0
2024-09-12 21:49:19,SOLUSDT,ask,134,15924.0
2024-09-12 21:49:19,SOLUSDT,ask,134,15924.0
2024-09-12 21:49:19,SOLUSDT,ask,134,15929.0
2024-09-12 21:49:19,SOLUSDT,ask,134,15611.0
2024-09-12 21:49:19,SOLUSDT,ask,134,14623.0
2024-09-12 21:49:19,SOLUSDT,ask,134,14604.0
2024-09-12 21:49:19,SOLUSDT,ask,134,13509.0
2024-09-12 21:49:19,SOLUSDT,ask,134,13515.0
2024-09-12 21:49:20,SOLUSDT,ask,134,13480.0
2024-09-12 21:49:20,SOLUSDT,ask,134,13529.0
2024-09-12 21:49:20,SOLUSDT,ask,134,13535.0
2024-09-12 21:49:20,SOLUSDT,ask,134,13537.0
2024-09-12 21:49:20,SOLUSDT,ask,134,13456.0
2024-09-12 21:49:20,SOLUSDT,ask,134,13455.0
2024-09-12 21:49:21,SOLUSDT,ask,134,13438.0
2024-09-12 21:49:21,SOLUSDT,ask,134,13330.0
2024-09-12 21:49:21,SOLUSDT,ask,134,13330.0
2024-09-12 21:49:21,SOLUSDT,ask,134,13339.0
2024-09-12 21:49:21,SOLUSDT,ask,134,12452.0
2024-09-12 21:49:21,SOLUSDT,ask,134,12453.0
2024-09-12 21:49:22,SOLUSDT,ask,134,12463.0
2024-09-12 21:49:22,SOLUSDT,ask,134,12452.0
2024-09-12 21:49:22,SOLUSDT,ask,134,12295.0
2024-09-12 21:49:22,SOLUSDT,ask,134,12296.0
2024-09-12 21:49:22,SOLUSDT,ask,134,12258.0
2024-09-12 21:49:22,SOLUSDT,ask,134,12266.0
2024-09-12 21:49:23,SOLUSDT,ask,134,12274.0
2024-09-12 21:49:23,SOLUSDT,ask,134,12260.0
2024-09-12 21:49:23,SOLUSDT,ask,134,12244.0
2024-09-12 21:49:23,SOLUSDT,ask,134,11903.0
2024-09-12 21:58:48,SOLUSDT,ask,134,8016.0
2024-09-12 21:58:48,SOLUSDT,ask,134,8004.0
2024-09-12 21:58:48,SOLUSDT,ask,134,8005.0
2024-09-12 21:58:48,SOLUSDT,ask,134,8005.0
2024-09-12 21:58:48,SOLUSDT,ask,134,8023.0
2024-09-12 21:58:48,SOLUSDT,ask,134,8005.0
2024-09-12 21:58:49,SOLUSDT,ask,134,8023.0
2024-09-12 21:58:49,SOLUSDT,ask,134,8005.0
2024-09-12 21:58:49,SOLUSDT,ask,134,8023.0
2024-09-12 21:58:49,SOLUSDT,ask,134,8005.0
2024-09-12 21:58:49,SOLUSDT,ask,134,8005.0
2024-09-12 21:58:50,SOLUSDT,ask,134,8023.0
2024-09-12 21:58:50,SOLUSDT,ask,134,8005.0
2024-09-12 21:58:50,SOLUSDT,ask,134,8023.0
2024-09-12 21:58:50,SOLUSDT,ask,134,8005.0
2024-09-12 21:58:50,SOLUSDT,ask,134,8023.0
2024-09-12 21:58:51,SOLUSDT,ask,134,8028.0
2024-09-12 21:58:51,SOLUSDT,ask,134,8000.0
2024-09-12 21:58:51,SOLUSDT,ask,134,8001.0
2024-09-12 21:58:52,SOLUSDT,ask,134,8002.0
2024-09-12 21:58:52,SOLUSDT,ask,134,8004.0
2024-09-12 21:58:52,SOLUSDT,ask,134,8007.0
2024-09-12 21:58:52,SOLUSDT,ask,134,8023.0
2024-09-12 21:58:53,SOLUSDT,ask,134,8005.0
2024-09-12 21:58:53,SOLUSDT,ask,134,8007.0
2024-09-12 21:58:54,SOLUSDT,ask,134,8005.0
2024-09-12 21:58:54,SOLUSDT,ask,134,8005.0
2024-09-12 21:58:54,SOLUSDT,ask,134,8010.0
2024-09-12 21:58:54,SOLUSDT,ask,134,8005.0
2024-09-12 21:58:54,SOLUSDT,ask,134,8004.0
2024-09-12 21:58:54,SOLUSDT,ask,134,8000.0
2024-09-12 21:58:54,SOLUSDT,ask,134,8003.0
2024-09-12 21:58:55,SOLUSDT,ask,134,8000.0
2024-09-12 21:58:55,SOLUSDT,ask,134,8003.0
2024-09-12 22:02:51,SOLUSDT,ask,134,10091.0
2024-09-12 22:02:51,SOLUSDT,ask,134,10028.0
2024-09-12 22:02:51,SOLUSDT,ask,134,10016.0
2024-09-12 22:02:52,SOLUSDT,ask,134,10070.0
2024-09-12 22:02:52,SOLUSDT,ask,134,10000.0
2024-09-12 22:02:52,SOLUSDT,ask,134,10015.0
2024-09-12 22:02:52,SOLUSDT,ask,134,10000.0
2024-09-12 22:02:53,SOLUSDT,ask,134,10000.0
2024-09-12 22:02:53,SOLUSDT,ask,134,10005.0
2024-09-12 22:02:54,SOLUSDT,ask,134,10006.0
2024-09-12 22:02:56,SOLUSDT,ask,134,10010.0
2024-09-12 22:02:56,SOLUSDT,ask,134,10006.0
2024-09-12 22:02:56,SOLUSDT,ask,134,10027.0
2024-09-12 22:02:57,SOLUSDT,ask,134,10000.0
2024-09-12 22:02:58,SOLUSDT,ask,134,10030.0
2024-09-12 22:02:59,SOLUSDT,ask,134,10053.0
2024-09-12 22:02:59,SOLUSDT,ask,134,10031.0
2024-09-12 22:02:59,SOLUSDT,ask,134,10031.0
2024-09-12 22:02:59,SOLUSDT,ask,134,10030.0
2024-09-12 22:07:15,SOLUSDT,bid,134,7427.0
2024-09-12 22:07:58,SOLUSDT,bid,134,7430.0
2024-09-12 22:07:58,SOLUSDT,bid,134,7444.0
2024-09-12 22:07:59,SOLUSDT,bid,134,7474.0
2024-09-12 22:08:01,SOLUSDT,bid,134,7444.0
2024-09-12 22:08:03,SOLUSDT,bid,134,7474.0
2024-09-12 22:08:04,SOLUSDT,bid,134,7450.0
2024-09-12 22:08:29,SOLUSDT,bid,134,7558.0
2024-09-12 22:10:01,SOLUSDT,bid,134,7445.0
2024-09-12 22:10:02,SOLUSDT,bid,134,7481.0
2024-09-12 22:10:02,SOLUSDT,bid,134,7445.0
2024-09-12 22:10:16,SOLUSDT,bid,134,7593.0
2024-09-12 22:10:16,SOLUSDT,bid,134,7622.0
2024-09-12 22:10:16,SOLUSDT,bid,134,7617.0
2024-09-12 22:10:23,SOLUSDT,bid,134,7425.0
2024-09-12 22:10:25,SOLUSDT,bid,134,7588.0
2024-09-12 22:10:25,SOLUSDT,bid,134,7563.0
2024-09-12 22:10:25,SOLUSDT,bid,134,7565.0
2024-09-12 22:10:26,SOLUSDT,bid,134,7427.0
2024-09-12 22:10:26,SOLUSDT,bid,134,7445.0
2024-09-12 22:10:29,SOLUSDT,bid,134,7588.0
2024-09-12 22:10:29,SOLUSDT,bid,134,7724.0
2024-09-12 22:10:29,SOLUSDT,bid,134,7470.0
2024-09-12 22:10:29,SOLUSDT,bid,134,7494.0
2024-09-12 22:10:29,SOLUSDT,bid,134,7501.0
2024-09-12 22:10:36,SOLUSDT,bid,134,7488.0
2024-09-12 22:10:36,SOLUSDT,bid,134,7481.0
2024-09-12 22:10:39,SOLUSDT,bid,134,7488.0
2024-09-12 22:10:40,SOLUSDT,bid,134,7486.0
2024-09-12 22:10:40,SOLUSDT,bid,134,7671.0
2024-09-12 22:10:41,SOLUSDT,bid,134,7647.0
2024-09-12 22:10:41,SOLUSDT,bid,134,7462.0
2024-09-12 22:10:41,SOLUSDT,bid,134,7457.0
2024-09-12 22:10:42,SOLUSDT,bid,134,7778.0
2024-09-12 22:10:42,SOLUSDT,bid,134,7457.0
2024-09-12 22:10:43,SOLUSDT,bid,134,7457.0
2024-09-12 22:10:43,SOLUSDT,bid,134,7778.0
2024-09-12 22:10:43,SOLUSDT,bid,134,7457.0
2024-09-12 22:10:45,SOLUSDT,bid,134,7494.0
2024-09-12 22:10:46,SOLUSDT,bid,134,7457.0
2024-09-12 22:10:47,SOLUSDT,bid,134,7481.0
2024-09-12 22:10:48,SOLUSDT,bid,134,7467.0
2024-09-12 22:11:03,SOLUSDT,bid,134,7468.0
2024-09-12 22:11:04,SOLUSDT,bid,134,7471.0
2024-09-12 22:11:04,SOLUSDT,bid,134,7470.0
2024-09-12 22:11:05,SOLUSDT,bid,134,7472.0
2024-09-12 22:11:06,SOLUSDT,bid,134,7425.0
2024-09-12 22:11:06,SOLUSDT,bid,134,7427.0
2024-09-12 22:11:09,SOLUSDT,bid,134,7428.0
2024-09-12 22:11:11,SOLUSDT,bid,134,7427.0
2024-09-12 22:11:15,SOLUSDT,bid,134,7520.0
2024-09-12 22:11:48,SOLUSDT,bid,134,7456.0
2024-09-12 22:15:04,SOLUSDT,bid,134,7537.0
2024-09-12 22:15:48,SOLUSDT,bid,134,7436.0
2024-09-12 22:15:50,SOLUSDT,bid,134,7442.0
2024-09-12 22:15:50,SOLUSDT,bid,134,7436.0
2024-09-12 22:15:56,SOLUSDT,bid,134,7437.0
2024-09-12 22:15:58,SOLUSDT,bid,134,7474.0
2024-09-12 22:16:00,SOLUSDT,bid,134,7427.0
2024-09-12 22:16:08,SOLUSDT,bid,134,7424.0
2024-09-12 22:16:08,SOLUSDT,bid,134,7424.0
2024-09-12 22:16:10,SOLUSDT,bid,134,7438.0
2024-09-12 22:16:50,SOLUSDT,bid,134,7459.0
2024-09-12 22:17:12,SOLUSDT,bid,134,7490.0
2024-09-12 22:17:18,SOLUSDT,bid,134,7476.0
2024-09-12 22:17:21,SOLUSDT,bid,134,7480.0
2024-09-12 22:17:22,SOLUSDT,bid,134,7482.0
2024-09-12 22:17:22,SOLUSDT,bid,134,7480.0
2024-09-12 22:17:31,SOLUSDT,bid,134,7445.0
2024-09-12 22:17:36,SOLUSDT,bid,134,7443.0
2024-09-12 22:17:37,SOLUSDT,bid,134,7473.0
2024-09-12 22:17:39,SOLUSDT,bid,134,7472.0
2024-09-12 22:17:51,SOLUSDT,bid,134,7996.0
2024-09-12 22:18:00,SOLUSDT,bid,134,7427.0
2024-09-12 22:18:44,SOLUSDT,bid,134,7489.0
2024-09-12 22:18:44,SOLUSDT,bid,134,7503.0
2024-09-12 22:18:46,SOLUSDT,bid,134,7489.0
2024-09-12 22:18:47,SOLUSDT,bid,134,7810.0
2024-09-12 22:18:47,SOLUSDT,bid,134,7489.0
2024-09-12 22:18:53,SOLUSDT,bid,134,7504.0
2024-09-12 22:18:54,SOLUSDT,bid,134,7543.0
2024-09-12 22:18:54,SOLUSDT,bid,134,7611.0
2024-09-12 22:18:54,SOLUSDT,bid,134,7605.0
2024-09-12 22:18:55,SOLUSDT,bid,134,7573.0
2024-09-12 22:18:55,SOLUSDT,bid,134,7578.0
2024-09-12 22:18:55,SOLUSDT,bid,134,7457.0
2024-09-12 22:18:56,SOLUSDT,bid,134,7452.0
2024-09-12 22:18:57,SOLUSDT,bid,134,7441.0
2024-09-12 22:18:59,SOLUSDT,bid,134,7431.0
2024-09-12 22:19:00,SOLUSDT,bid,134,7424.0
2024-09-12 22:19:00,SOLUSDT,bid,134,7424.0
2024-09-12 22:19:00,SOLUSDT,bid,134,7424.0
2024-09-12 22:19:01,SOLUSDT,bid,134,7424.0
2024-09-12 22:19:01,SOLUSDT,bid,134,7424.0
2024-09-12 22:19:04,SOLUSDT,bid,134,7428.0
2024-09-12 22:19:04,SOLUSDT,bid,134,7452.0
2024-09-12 22:19:04,SOLUSDT,bid,134,7453.0
2024-09-12 22:19:04,SOLUSDT,bid,134,7497.0
2024-09-12 22:19:04,SOLUSDT,bid,134,7453.0
2024-09-12 22:19:05,SOLUSDT,bid,134,7483.0
2024-09-12 22:19:05,SOLUSDT,bid,134,7479.0
2024-09-12 22:19:05,SOLUSDT,bid,134,7429.0
2024-09-12 22:19:05,SOLUSDT,bid,134,7430.0
2024-09-12 22:19:05,SOLUSDT,bid,134,7425.0
2024-09-12 22:19:06,SOLUSDT,bid,134,7437.0
2024-09-12 22:19:08,SOLUSDT,bid,134,7458.0
2024-09-12 22:19:09,SOLUSDT,bid,134,7437.0
2024-09-12 22:19:11,SOLUSDT,bid,134,7436.0
2024-09-12 22:19:13,SOLUSDT,bid,134,7444.0
2024-09-12 22:19:15,SOLUSDT,bid,134,7462.0
2024-09-12 22:19:15,SOLUSDT,bid,134,7464.0
2024-09-12 22:19:15,SOLUSDT,bid,134,7601.0
2024-09-12 22:19:16,SOLUSDT,bid,134,7593.0
2024-09-12 22:19:22,SOLUSDT,bid,134,7593.0
2024-09-12 22:19:22,SOLUSDT,bid,134,7600.0
2024-09-12 22:19:24,SOLUSDT,bid,134,7582.0
2024-09-12 22:19:24,SOLUSDT,bid,134,7445.0
2024-09-12 22:19:24,SOLUSDT,bid,134,7450.0
2024-09-12 22:19:24,SOLUSDT,bid,134,7465.0
2024-09-12 22:19:24,SOLUSDT,bid,134,7460.0
2024-09-12 22:19:25,SOLUSDT,bid,134,7443.0
2024-09-12 22:19:25,SOLUSDT,bid,134,7517.0
2024-09-12 22:19:26,SOLUSDT,bid,134,7517.0
2024-09-12 22:19:28,SOLUSDT,bid,134,7457.0
2024-09-12 22:19:28,SOLUSDT,bid,134,7457.0
2024-09-12 22:19:39,SOLUSDT,bid,134,8041.0
2024-09-12 22:19:39,SOLUSDT,bid,134,7457.0
2024-09-12 22:19:44,SOLUSDT,bid,134,7460.0
2024-09-12 22:19:45,SOLUSDT,bid,134,7457.0
2024-09-12 22:19:46,SOLUSDT,bid,134,7642.0
2024-09-12 22:19:46,SOLUSDT,bid,134,7457.0
2024-09-12 22:19:49,SOLUSDT,bid,134,7457.0
2024-09-12 22:19:51,SOLUSDT,bid,134,7459.0
2024-09-12 22:19:51,SOLUSDT,bid,134,7457.0
2024-09-12 22:19:52,SOLUSDT,bid,134,7489.0
2024-09-12 22:19:53,SOLUSDT,bid,134,7489.0
2024-09-12 22:19:54,SOLUSDT,bid,134,7489.0
2024-09-12 22:19:56,SOLUSDT,bid,134,7568.0
2024-09-12 22:19:57,SOLUSDT,bid,134,7569.0
2024-09-12 22:19:57,SOLUSDT,bid,134,7568.0
2024-09-12 22:19:58,SOLUSDT,bid,134,7570.0
2024-09-12 22:19:58,SOLUSDT,bid,134,7667.0
2024-09-12 22:20:00,SOLUSDT,bid,134,7568.0
2024-09-12 22:20:00,SOLUSDT,bid,134,7580.0
2024-09-12 22:20:01,SOLUSDT,bid,134,7588.0
2024-09-12 22:20:02,SOLUSDT,bid,134,7576.0
2024-09-12 22:20:03,SOLUSDT,bid,134,7580.0
2024-09-12 22:20:03,SOLUSDT,bid,134,7697.0
2024-09-12 22:20:04,SOLUSDT,bid,134,7693.0
2024-09-12 22:20:05,SOLUSDT,bid,134,7697.0
2024-09-12 22:20:05,SOLUSDT,bid,134,7693.0
2024-09-12 22:20:05,SOLUSDT,bid,134,7723.0
2024-09-12 22:20:06,SOLUSDT,bid,134,7611.0
2024-09-12 22:20:06,SOLUSDT,bid,134,7606.0
2024-09-12 22:20:06,SOLUSDT,bid,134,7604.0
2024-09-12 22:20:07,SOLUSDT,bid,134,7574.0
2024-09-12 22:20:07,SOLUSDT,bid,134,7564.0
2024-09-12 22:20:09,SOLUSDT,bid,134,7576.0
2024-09-12 22:20:09,SOLUSDT,bid,134,7591.0
2024-09-12 22:15:31,SOLUSDT,ask,135,10490.0
2024-09-12 22:15:33,SOLUSDT,ask,135,10489.0
2024-09-12 22:16:00,SOLUSDT,ask,135,10487.0
2024-09-12 22:16:03,SOLUSDT,ask,135,10489.0
2024-09-12 22:16:19,SOLUSDT,ask,135,10487.0
2024-09-12 22:19:00,SOLUSDT,ask,135,10488.0
2024-09-12 22:23:17,SOLUSDT,ask,135,10488.0
2024-09-12 22:25:17,SOLUSDT,ask,135,10487.0
2024-09-12 22:31:37,SOLUSDT,ask,135,8212.0
2024-09-12 22:37:28,SOLUSDT,ask,135,10497.0
2024-09-12 22:37:31,SOLUSDT,ask,135,10487.0
2024-09-12 22:38:12,SOLUSDT,ask,135,10437.0
2024-09-12 22:42:28,SOLUSDT,ask,135,8211.0
2024-09-12 22:42:44,SOLUSDT,ask,135,10485.0
2024-09-12 22:42:45,SOLUSDT,ask,135,10437.0
2024-09-12 22:44:04,SOLUSDT,ask,135,8505.0
2024-09-12 22:45:14,SOLUSDT,ask,135,10444.0
2024-09-12 22:45:24,SOLUSDT,ask,135,10437.0
2024-09-12 22:46:26,SOLUSDT,ask,135,8212.0
2024-09-12 22:47:37,SOLUSDT,ask,135,8211.0
2024-09-12 22:48:25,SOLUSDT,ask,135,8212.0
2024-09-12 22:49:13,SOLUSDT,ask,135,8211.0
2024-09-12 22:53:34,SOLUSDT,ask,135,8213.0
2024-09-12 22:54:14,SOLUSDT,ask,135,10438.0
2024-09-12 23:04:11,SOLUSDT,ask,135,10471.0
2024-09-12 23:12:19,SOLUSDT,ask,135,8212.0
2024-09-12 23:13:55,SOLUSDT,ask,135,10617.0
2024-09-12 23:15:33,SOLUSDT,ask,135,8219.0
2024-09-12 23:16:17,SOLUSDT,ask,135,8211.0
2024-09-12 23:16:50,SOLUSDT,ask,135,10580.0
2024-09-12 23:21:36,SOLUSDT,ask,135,8211.0
2024-09-12 23:32:28,SOLUSDT,ask,135,8211.0
2024-09-12 23:33:18,SOLUSDT,ask,135,8225.0
2024-09-12 23:33:50,SOLUSDT,ask,135,10581.0
2024-09-12 23:34:01,SOLUSDT,ask,135,8212.0
2024-09-12 23:37:28,SOLUSDT,ask,135,8260.0
2024-09-12 23:37:29,SOLUSDT,ask,135,8212.0
2024-09-12 23:43:23,SOLUSDT,ask,135,10582.0
2024-09-12 23:48:34,SOLUSDT,ask,135,10581.0
2024-09-12 23:50:35,SOLUSDT,ask,135,8289.0
2024-09-12 23:53:25,SOLUSDT,ask,135,10544.0
2024-09-13 00:02:28,SOLUSDT,ask,135,8211.0
2024-09-13 00:02:55,SOLUSDT,ask,135,8215.0
2024-09-13 00:04:27,SOLUSDT,ask,135,8008.0
2024-09-13 00:05:19,SOLUSDT,ask,135,8008.0
2024-09-13 00:10:07,SOLUSDT,ask,135,9166.0
2024-09-13 00:28:09,SOLUSDT,ask,135,8289.0
2024-09-13 00:32:18,SOLUSDT,ask,135,8253.0
2024-09-13 00:32:18,SOLUSDT,ask,135,8211.0
2024-09-13 00:39:55,SOLUSDT,ask,135,8213.0
2024-09-13 00:39:58,SOLUSDT,ask,135,8211.0
2024-09-13 00:48:30,SOLUSDT,ask,135,8604.0
2024-09-13 00:48:31,SOLUSDT,ask,135,8603.0
2024-09-13 00:48:31,SOLUSDT,ask,135,8596.0
2024-09-13 00:48:32,SOLUSDT,ask,135,8595.0
2024-09-13 00:48:32,SOLUSDT,ask,135,8599.0
2024-09-13 00:48:32,SOLUSDT,ask,135,8600.0
2024-09-13 00:48:35,SOLUSDT,ask,135,8593.0
2024-09-13 00:48:35,SOLUSDT,ask,135,8620.0
2024-09-13 00:48:36,SOLUSDT,ask,135,8624.0
2024-09-13 00:48:36,SOLUSDT,ask,135,8631.0
2024-09-13 00:48:40,SOLUSDT,ask,135,8662.0
2024-09-13 00:48:40,SOLUSDT,ask,135,8655.0
2024-09-13 00:48:41,SOLUSDT,ask,135,8662.0
2024-09-13 00:48:56,SOLUSDT,ask,135,8622.0
2024-09-13 00:48:59,SOLUSDT,ask,135,8623.0
2024-09-13 00:49:07,SOLUSDT,ask,135,8607.0
2024-09-13 00:49:10,SOLUSDT,ask,135,8586.0
2024-09-13 00:49:12,SOLUSDT,ask,135,8555.0
2024-09-13 00:49:14,SOLUSDT,ask,135,8555.0
2024-09-13 00:49:15,SOLUSDT,ask,135,8544.0
2024-09-13 00:49:15,SOLUSDT,ask,135,8581.0
2024-09-13 00:49:18,SOLUSDT,ask,135,8574.0
2024-09-13 00:49:19,SOLUSDT,ask,135,8581.0
2024-09-13 00:49:21,SOLUSDT,ask,135,8588.0
2024-09-13 00:49:22,SOLUSDT,ask,135,8581.0
2024-09-13 00:49:23,SOLUSDT,ask,135,8547.0
2024-09-13 00:49:23,SOLUSDT,ask,135,8540.0
2024-09-13 00:49:23,SOLUSDT,ask,135,8554.0
2024-09-13 00:49:24,SOLUSDT,ask,135,8533.0
2024-09-13 00:49:26,SOLUSDT,ask,135,8534.0
2024-09-13 00:49:26,SOLUSDT,ask,135,8538.0
2024-09-13 00:49:27,SOLUSDT,ask,135,8503.0
2024-09-13 00:49:27,SOLUSDT,ask,135,8527.0
2024-09-13 00:49:28,SOLUSDT,ask,135,8502.0
2024-09-13 00:49:28,SOLUSDT,ask,135,8606.0
2024-09-13 00:49:28,SOLUSDT,ask,135,8706.0
2024-09-13 00:49:29,SOLUSDT,ask,135,8606.0
2024-09-13 00:49:29,SOLUSDT,ask,135,8605.0
2024-09-13 00:49:30,SOLUSDT,ask,135,8501.0
2024-09-13 00:49:30,SOLUSDT,ask,135,8517.0
2024-09-13 00:49:34,SOLUSDT,ask,135,8501.0
2024-09-13 00:49:39,SOLUSDT,ask,135,8531.0
2024-09-13 00:49:40,SOLUSDT,ask,135,8558.0
2024-09-13 00:49:41,SOLUSDT,ask,135,8556.0
2024-09-13 00:49:41,SOLUSDT,ask,135,8531.0
2024-09-13 00:49:43,SOLUSDT,ask,135,8731.0
2024-09-13 00:49:45,SOLUSDT,ask,135,8731.0
2024-09-13 00:49:45,SOLUSDT,ask,135,8732.0
2024-09-13 00:49:46,SOLUSDT,ask,135,8731.0
2024-09-13 00:49:50,SOLUSDT,ask,135,8738.0
2024-09-13 00:49:50,SOLUSDT,ask,135,8745.0
2024-09-13 00:49:50,SOLUSDT,ask,135,8760.0
2024-09-13 00:49:51,SOLUSDT,ask,135,8745.0
2024-09-13 00:49:51,SOLUSDT,ask,135,8749.0
2024-09-13 00:49:54,SOLUSDT,ask,135,8750.0
2024-09-13 00:49:55,SOLUSDT,ask,135,8787.0
2024-09-13 00:49:55,SOLUSDT,ask,135,8742.0
2024-09-13 00:49:55,SOLUSDT,ask,135,8738.0
2024-09-13 00:49:57,SOLUSDT,ask,135,8738.0
2024-09-13 00:49:57,SOLUSDT,ask,135,8763.0
2024-09-13 00:49:57,SOLUSDT,ask,135,8755.0
2024-09-13 00:49:57,SOLUSDT,ask,135,8730.0
2024-09-13 00:49:58,SOLUSDT,ask,135,8730.0
2024-09-13 00:49:58,SOLUSDT,ask,135,8755.0
2024-09-13 00:49:59,SOLUSDT,ask,135,8730.0
2024-09-13 00:49:59,SOLUSDT,ask,135,8774.0
2024-09-13 00:50:00,SOLUSDT,ask,135,8774.0
2024-09-13 00:50:00,SOLUSDT,ask,135,8737.0
2024-09-13 00:50:00,SOLUSDT,ask,135,8762.0
2024-09-13 00:50:01,SOLUSDT,ask,135,8737.0
2024-09-13 00:50:01,SOLUSDT,ask,135,8762.0
2024-09-13 00:50:01,SOLUSDT,ask,135,8839.0
2024-09-13 00:50:01,SOLUSDT,ask,135,8839.0
2024-09-13 00:50:02,SOLUSDT,ask,135,8814.0
2024-09-13 00:50:02,SOLUSDT,ask,135,8839.0
2024-09-13 00:50:03,SOLUSDT,ask,135,8814.0
2024-09-13 00:50:03,SOLUSDT,ask,135,8839.0
2024-09-13 00:50:03,SOLUSDT,ask,135,8856.0
2024-09-13 00:50:03,SOLUSDT,ask,135,8849.0
2024-09-13 00:50:04,SOLUSDT,ask,135,8949.0
2024-09-13 00:50:07,SOLUSDT,ask,135,8924.0
2024-09-13 00:50:07,SOLUSDT,ask,135,8880.0
2024-09-13 00:50:08,SOLUSDT,ask,135,8880.0
2024-09-13 00:50:08,SOLUSDT,ask,135,8887.0
2024-09-13 00:50:09,SOLUSDT,ask,135,8887.0
2024-09-13 00:50:10,SOLUSDT,ask,135,8987.0
2024-09-13 00:50:13,SOLUSDT,ask,135,9003.0
2024-09-13 00:50:13,SOLUSDT,ask,135,8903.0
2024-09-13 00:50:13,SOLUSDT,ask,135,8903.0
2024-09-13 00:50:13,SOLUSDT,ask,135,8903.0
2024-09-13 00:50:14,SOLUSDT,ask,135,9003.0
2024-09-13 00:50:15,SOLUSDT,ask,135,9018.0
2024-09-13 00:50:16,SOLUSDT,ask,135,9020.0
2024-09-13 00:50:16,SOLUSDT,ask,135,8920.0
2024-09-13 00:50:17,SOLUSDT,ask,135,8904.0
2024-09-13 00:50:17,SOLUSDT,ask,135,8903.0
2024-09-13 00:50:19,SOLUSDT,ask,135,9051.0
2024-09-13 00:50:19,SOLUSDT,ask,135,8903.0
2024-09-13 00:50:20,SOLUSDT,ask,135,8903.0
2024-09-13 00:50:20,SOLUSDT,ask,135,8886.0
2024-09-13 00:50:20,SOLUSDT,ask,135,8884.0
2024-09-13 00:50:20,SOLUSDT,ask,135,8886.0
2024-09-13 00:50:21,SOLUSDT,ask,135,8879.0
2024-09-13 00:50:22,SOLUSDT,ask,135,8882.0
2024-09-13 00:50:22,SOLUSDT,ask,135,9028.0
2024-09-13 00:50:23,SOLUSDT,ask,135,9030.0
2024-09-13 00:50:24,SOLUSDT,ask,135,8882.0
2024-09-13 00:50:25,SOLUSDT,ask,135,8879.0
2024-09-13 00:50:25,SOLUSDT,ask,135,8896.0
2024-09-13 00:50:25,SOLUSDT,ask,135,8879.0
2024-09-13 00:50:25,SOLUSDT,ask,135,8896.0
2024-09-13 00:50:28,SOLUSDT,ask,135,8879.0
2024-09-13 00:50:28,SOLUSDT,ask,135,8880.0
2024-09-13 00:50:31,SOLUSDT,ask,135,8885.0
2024-09-13 00:50:31,SOLUSDT,ask,135,8887.0
2024-09-13 00:50:32,SOLUSDT,ask,135,8879.0
2024-09-13 00:50:33,SOLUSDT,ask,135,8880.0
2024-09-13 00:50:33,SOLUSDT,ask,135,8982.0
2024-09-13 00:50:34,SOLUSDT,ask,135,8981.0
2024-09-13 00:50:34,SOLUSDT,ask,135,8879.0
2024-09-13 00:50:35,SOLUSDT,ask,135,8877.0
2024-09-13 00:50:36,SOLUSDT,ask,135,8894.0
2024-09-13 00:50:37,SOLUSDT,ask,135,8877.0
2024-09-13 00:50:38,SOLUSDT,ask,135,8882.0
2024-09-13 00:50:38,SOLUSDT,ask,135,8877.0
2024-09-13 00:50:41,SOLUSDT,ask,135,8882.0
2024-09-13 00:50:42,SOLUSDT,ask,135,8877.0
2024-09-13 00:50:42,SOLUSDT,ask,135,8884.0
2024-09-13 00:50:42,SOLUSDT,ask,135,8889.0
2024-09-13 00:50:43,SOLUSDT,ask,135,8989.0
2024-09-13 00:50:44,SOLUSDT,ask,135,8891.0
2024-09-13 00:50:48,SOLUSDT,ask,135,8915.0
2024-09-13 01:31:38,SOLUSDT,bid,135,8179.0
2024-09-13 01:31:38,SOLUSDT,bid,135,7543.0
2024-09-13 01:31:39,SOLUSDT,bid,135,7883.0
2024-09-13 01:31:45,SOLUSDT,bid,135,8918.0
2024-09-13 01:31:49,SOLUSDT,bid,135,7408.0
2024-09-13 01:31:49,SOLUSDT,bid,135,7743.0
2024-09-13 01:31:50,SOLUSDT,bid,135,7410.0
2024-09-13 01:31:51,SOLUSDT,bid,135,7717.0
2024-09-13 01:31:51,SOLUSDT,bid,135,7455.0
2024-09-13 01:31:52,SOLUSDT,bid,135,7842.0
2024-09-13 01:31:52,SOLUSDT,bid,135,7403.0
2024-09-13 01:31:53,SOLUSDT,bid,135,7397.0
2024-09-13 01:31:54,SOLUSDT,bid,135,7404.0
2024-09-13 01:31:54,SOLUSDT,bid,135,7397.0
2024-09-13 01:31:55,SOLUSDT,bid,135,7418.0
2024-09-13 01:32:20,SOLUSDT,ask,135,7858.0
2024-09-13 01:32:23,SOLUSDT,ask,135,7405.0
2024-09-13 01:32:24,SOLUSDT,ask,135,7467.0
2024-09-13 01:32:28,SOLUSDT,ask,135,7694.0
2024-09-13 01:32:30,SOLUSDT,ask,135,7803.0
2024-09-13 01:32:31,SOLUSDT,ask,135,7730.0
2024-09-13 01:32:31,SOLUSDT,ask,135,7411.0
2024-09-13 01:32:32,SOLUSDT,ask,135,7786.0
2024-09-13 01:32:32,SOLUSDT,ask,135,7433.0
2024-09-13 01:32:33,SOLUSDT,ask,135,7620.0
2024-09-13 01:32:33,SOLUSDT,ask,135,7480.0
2024-09-13 01:32:34,SOLUSDT,ask,135,7449.0
2024-09-13 01:32:34,SOLUSDT,ask,135,7497.0
2024-09-13 01:32:34,SOLUSDT,ask,135,7468.0
2024-09-13 01:32:34,SOLUSDT,ask,135,8168.0
2024-09-13 01:32:34,SOLUSDT,ask,135,7470.0
2024-09-13 01:32:35,SOLUSDT,ask,135,7533.0
2024-09-13 01:32:37,SOLUSDT,ask,135,8141.0
2024-09-13 01:32:37,SOLUSDT,ask,135,7446.0
2024-09-13 01:32:37,SOLUSDT,ask,135,7625.0
2024-09-13 01:32:37,SOLUSDT,ask,135,7389.0
2024-09-13 01:32:39,SOLUSDT,ask,135,7388.0
2024-09-13 01:32:52,SOLUSDT,bid,135,7626.0
2024-09-13 01:32:52,SOLUSDT,bid,135,7625.0
2024-09-13 01:32:53,SOLUSDT,bid,135,7861.0
2024-09-13 01:32:54,SOLUSDT,bid,135,7825.0
2024-09-13 01:32:57,SOLUSDT,bid,135,7859.0
2024-09-13 01:32:57,SOLUSDT,bid,135,8598.0
2024-09-13 01:32:58,SOLUSDT,bid,135,7904.0
2024-09-13 01:32:58,SOLUSDT,bid,135,7409.0
2024-09-13 01:33:05,SOLUSDT,bid,135,8641.0
2024-09-13 01:33:05,SOLUSDT,bid,135,7422.0
2024-09-13 01:33:06,SOLUSDT,bid,135,8078.0
2024-09-13 01:33:14,SOLUSDT,bid,135,8937.0
2024-09-13 01:33:14,SOLUSDT,bid,135,8941.0
2024-09-13 01:33:14,SOLUSDT,bid,135,8815.0
2024-09-13 01:33:15,SOLUSDT,bid,135,7903.0
2024-09-13 01:33:15,SOLUSDT,bid,135,7830.0
2024-09-13 01:33:15,SOLUSDT,bid,135,8851.0
2024-09-13 01:33:16,SOLUSDT,bid,135,8077.0
2024-09-13 01:34:07,SOLUSDT,ask,135,7873.0
2024-09-13 01:34:09,SOLUSDT,ask,135,7592.0
2024-09-13 01:34:10,SOLUSDT,ask,135,7594.0
2024-09-13 01:34:10,SOLUSDT,ask,135,7623.0
2024-09-13 01:34:11,SOLUSDT,ask,135,7622.0
2024-09-13 01:34:17,SOLUSDT,ask,135,7464.0
2024-09-13 01:34:17,SOLUSDT,ask,135,7437.0
2024-09-13 01:34:17,SOLUSDT,ask,135,7496.0
2024-09-13 01:34:18,SOLUSDT,ask,135,7438.0
2024-09-13 01:34:21,SOLUSDT,ask,135,7378.0
2024-09-13 01:34:21,SOLUSDT,ask,135,7378.0
2024-09-13 01:34:21,SOLUSDT,ask,135,7380.0
2024-09-13 01:34:21,SOLUSDT,ask,135,7632.0
2024-09-13 01:34:22,SOLUSDT,ask,135,7379.0
2024-09-13 01:34:26,SOLUSDT,ask,135,7378.0
2024-09-13 01:34:26,SOLUSDT,ask,135,7385.0
2024-09-13 01:34:26,SOLUSDT,ask,135,7630.0
2024-09-13 01:34:27,SOLUSDT,ask,135,7392.0
2024-09-13 01:34:28,SOLUSDT,ask,135,7628.0
2024-09-13 01:34:37,SOLUSDT,ask,135,7684.0
2024-09-13 01:34:39,SOLUSDT,ask,135,7422.0
2024-09-13 01:34:39,SOLUSDT,ask,135,7370.0
2024-09-13 01:34:40,SOLUSDT,ask,135,7460.0
2024-09-13 02:03:29,SOLUSDT,ask,135,9880.0
2024-09-13 02:03:34,SOLUSDT,ask,135,9886.0
2024-09-13 02:03:35,SOLUSDT,ask,135,9886.0
2024-09-13 02:03:52,SOLUSDT,ask,135,9808.0
2024-09-13 02:04:29,SOLUSDT,ask,135,9833.0
2024-09-13 02:05:04,SOLUSDT,ask,135,9809.0
2024-09-13 02:05:05,SOLUSDT,ask,135,9823.0
2024-09-13 02:05:05,SOLUSDT,ask,135,9853.0
2024-09-13 02:05:05,SOLUSDT,ask,135,9839.0
2024-09-13 02:05:07,SOLUSDT,ask,135,9839.0
2024-09-13 02:05:10,SOLUSDT,ask,135,9839.0
2024-09-13 02:05:15,SOLUSDT,ask,135,9839.0
2024-09-13 02:05:17,SOLUSDT,ask,135,9839.0
2024-09-13 02:05:20,SOLUSDT,ask,135,9839.0
2024-09-13 02:05:22,SOLUSDT,ask,135,9839.0
2024-09-13 02:05:24,SOLUSDT,ask,135,9839.0
2024-09-13 02:05:26,SOLUSDT,ask,135,9809.0
2024-09-13 02:05:27,SOLUSDT,ask,135,10391.0
2024-09-13 02:05:27,SOLUSDT,ask,135,9809.0
2024-09-13 02:05:27,SOLUSDT,ask,135,9816.0
2024-09-13 02:05:28,SOLUSDT,ask,135,9817.0
2024-09-13 02:05:28,SOLUSDT,ask,135,9816.0
2024-09-13 02:05:28,SOLUSDT,ask,135,9809.0
2024-09-13 02:05:33,SOLUSDT,ask,135,9809.0
2024-09-13 02:05:33,SOLUSDT,ask,135,9810.0
2024-09-13 02:05:34,SOLUSDT,ask,135,9809.0
2024-09-13 02:05:34,SOLUSDT,ask,135,9809.0
2024-09-13 02:05:40,SOLUSDT,ask,135,9839.0
2024-09-13 02:05:42,SOLUSDT,ask,135,9809.0
2024-09-13 02:06:07,SOLUSDT,ask,135,9809.0
2024-09-13 02:06:11,SOLUSDT,ask,135,9761.0
2024-09-13 02:06:13,SOLUSDT,ask,135,9773.0
2024-09-13 02:06:57,SOLUSDT,ask,135,9800.0
2024-09-13 02:06:58,SOLUSDT,ask,135,9760.0
2024-09-13 02:07:09,SOLUSDT,ask,135,9762.0
2024-09-13 02:07:09,SOLUSDT,ask,135,9627.0
2024-09-13 02:07:15,SOLUSDT,ask,135,9621.0
2024-09-13 02:07:28,SOLUSDT,ask,135,9622.0
2024-09-13 02:07:33,SOLUSDT,ask,135,9622.0
2024-09-13 02:07:41,SOLUSDT,ask,135,9618.0
2024-09-13 02:07:58,SOLUSDT,ask,135,9645.0
2024-09-13 02:08:01,SOLUSDT,ask,135,9646.0
2024-09-13 02:08:01,SOLUSDT,ask,135,9647.0
2024-09-13 02:08:02,SOLUSDT,ask,135,9677.0
2024-09-13 02:08:05,SOLUSDT,ask,135,9647.0
2024-09-13 02:08:06,SOLUSDT,ask,135,9648.0
2024-09-13 02:08:06,SOLUSDT,ask,135,9647.0
2024-09-13 02:08:07,SOLUSDT,ask,135,10229.0
2024-09-13 02:08:07,SOLUSDT,ask,135,10236.0
2024-09-13 02:08:07,SOLUSDT,ask,135,9647.0
2024-09-13 02:08:07,SOLUSDT,ask,135,9620.0
2024-09-13 02:08:07,SOLUSDT,ask,135,9621.0
2024-09-13 02:08:07,SOLUSDT,ask,135,9622.0
2024-09-13 02:08:07,SOLUSDT,ask,135,9621.0
2024-09-13 02:08:07,SOLUSDT,ask,135,9620.0
2024-09-13 02:08:07,SOLUSDT,ask,135,9718.0
2024-09-13 02:08:08,SOLUSDT,ask,135,9717.0
2024-09-13 02:08:08,SOLUSDT,ask,135,9791.0
2024-09-13 02:08:08,SOLUSDT,ask,135,9717.0
2024-09-13 02:08:09,SOLUSDT,ask,135,9630.0
2024-09-13 02:08:10,SOLUSDT,ask,135,9631.0
2024-09-13 02:08:10,SOLUSDT,ask,135,9630.0
2024-09-13 02:08:10,SOLUSDT,ask,135,9638.0
2024-09-13 02:08:11,SOLUSDT,ask,135,9637.0
2024-09-13 02:08:11,SOLUSDT,ask,135,9643.0
2024-09-13 02:08:19,SOLUSDT,ask,135,9683.0
2024-09-13 02:08:20,SOLUSDT,ask,135,9636.0
2024-09-13 02:08:21,SOLUSDT,ask,135,9637.0
2024-09-13 02:08:21,SOLUSDT,ask,135,9636.0
2024-09-13 02:08:25,SOLUSDT,ask,135,9637.0
2024-09-13 02:08:26,SOLUSDT,ask,135,9689.0
2024-09-13 02:08:27,SOLUSDT,ask,135,9637.0
2024-09-13 02:08:27,SOLUSDT,ask,135,9636.0
2024-09-13 02:08:28,SOLUSDT,ask,135,9956.0
2024-09-13 02:08:29,SOLUSDT,ask,135,9710.0
2024-09-13 02:08:29,SOLUSDT,ask,135,9636.0
2024-09-13 02:08:34,SOLUSDT,ask,135,9849.0
2024-09-13 02:08:34,SOLUSDT,ask,135,9636.0
2024-09-13 02:08:39,SOLUSDT,ask,135,9607.0
2024-09-13 02:08:41,SOLUSDT,ask,135,9607.0
2024-09-13 02:08:42,SOLUSDT,ask,135,9610.0
2024-09-13 02:08:42,SOLUSDT,ask,135,9607.0
2024-09-13 02:08:42,SOLUSDT,ask,135,9607.0
2024-09-13 02:08:42,SOLUSDT,ask,135,9614.0
2024-09-13 02:08:44,SOLUSDT,ask,135,9611.0
2024-09-13 02:08:44,SOLUSDT,ask,135,9646.0
2024-09-13 02:08:44,SOLUSDT,ask,135,9645.0
2024-09-13 02:08:45,SOLUSDT,ask,135,9645.0
2024-09-13 02:08:45,SOLUSDT,ask,135,9645.0
2024-09-13 02:08:45,SOLUSDT,ask,135,9743.0
2024-09-13 02:08:45,SOLUSDT,ask,135,9642.0
2024-09-13 02:08:47,SOLUSDT,ask,135,9644.0
2024-09-13 02:08:47,SOLUSDT,ask,135,9645.0
2024-09-13 02:08:48,SOLUSDT,ask,135,9662.0
2024-09-13 02:08:49,SOLUSDT,ask,135,9675.0
2024-09-13 02:08:49,SOLUSDT,ask,135,9719.0
2024-09-13 02:08:49,SOLUSDT,ask,135,9675.0
2024-09-13 02:08:49,SOLUSDT,ask,135,9678.0
2024-09-13 02:08:49,SOLUSDT,ask,135,9675.0
2024-09-13 02:08:50,SOLUSDT,ask,135,9719.0
2024-09-13 02:08:50,SOLUSDT,ask,135,9675.0
2024-09-13 02:08:50,SOLUSDT,ask,135,9658.0
2024-09-13 02:08:51,SOLUSDT,ask,135,9606.0
2024-09-13 02:08:51,SOLUSDT,ask,135,9609.0
2024-09-13 02:08:51,SOLUSDT,ask,135,9610.0
2024-09-13 02:08:52,SOLUSDT,ask,135,9622.0
2024-09-13 02:08:53,SOLUSDT,ask,135,9640.0
2024-09-13 02:08:53,SOLUSDT,ask,135,9622.0
2024-09-13 02:08:54,SOLUSDT,ask,135,9640.0
2024-09-13 02:08:54,SOLUSDT,ask,135,9622.0
2024-09-13 02:08:55,SOLUSDT,ask,135,9355.0
2024-09-13 02:08:55,SOLUSDT,ask,135,9350.0
2024-09-13 02:08:55,SOLUSDT,ask,135,9367.0
2024-09-13 02:08:55,SOLUSDT,ask,135,9366.0
2024-09-13 02:08:56,SOLUSDT,ask,135,9364.0
2024-09-13 02:08:56,SOLUSDT,ask,135,9365.0
2024-09-13 02:08:56,SOLUSDT,ask,135,9366.0
2024-09-13 02:08:56,SOLUSDT,ask,135,9365.0
2024-09-13 02:08:56,SOLUSDT,ask,135,9368.0
2024-09-13 02:08:56,SOLUSDT,ask,135,9370.0
2024-09-13 02:08:56,SOLUSDT,ask,135,9373.0
2024-09-13 02:08:57,SOLUSDT,ask,135,9370.0
2024-09-13 02:08:57,SOLUSDT,ask,135,9370.0
2024-09-13 02:08:58,SOLUSDT,ask,135,9373.0
2024-09-13 02:08:58,SOLUSDT,ask,135,9370.0
2024-09-13 02:08:58,SOLUSDT,ask,135,9371.0
2024-09-13 02:08:58,SOLUSDT,ask,135,9370.0
2024-09-13 02:08:58,SOLUSDT,ask,135,9387.0
2024-09-13 02:08:58,SOLUSDT,ask,135,9388.0
2024-09-13 02:08:58,SOLUSDT,ask,135,9385.0
2024-09-13 02:08:59,SOLUSDT,ask,135,9388.0
2024-09-13 02:08:59,SOLUSDT,ask,135,9385.0
2024-09-13 02:08:59,SOLUSDT,ask,135,9381.0
2024-09-13 02:09:00,SOLUSDT,ask,135,9380.0
2024-09-13 02:09:00,SOLUSDT,ask,135,9379.0
2024-09-13 02:09:00,SOLUSDT,ask,135,9029.0
2024-09-13 02:09:01,SOLUSDT,ask,135,9028.0
2024-09-13 02:09:01,SOLUSDT,ask,135,9027.0
2024-09-13 02:09:01,SOLUSDT,ask,135,9023.0
2024-09-13 02:09:01,SOLUSDT,ask,135,9023.0
2024-09-13 02:09:01,SOLUSDT,ask,135,9020.0
2024-09-13 02:09:01,SOLUSDT,ask,135,9025.0
2024-09-13 02:09:02,SOLUSDT,ask,135,9015.0
2024-09-12 21:38:42,SOLUSDT,ask,136,13479.0
2024-09-12 21:38:43,SOLUSDT,ask,136,13487.0
2024-09-12 21:38:44,SOLUSDT,ask,136,14481.0
2024-09-12 21:38:44,SOLUSDT,ask,136,13487.0
2024-09-12 21:38:46,SOLUSDT,ask,136,13468.0
2024-09-12 21:38:47,SOLUSDT,ask,136,13446.0
2024-09-12 21:38:49,SOLUSDT,ask,136,13336.0
2024-09-12 21:38:50,SOLUSDT,ask,136,13316.0
2024-09-12 21:38:55,SOLUSDT,ask,136,13346.0
2024-09-12 21:38:57,SOLUSDT,ask,136,13316.0
2024-09-12 21:38:59,SOLUSDT,ask,136,13317.0
2024-09-12 21:39:02,SOLUSDT,ask,136,13307.0
2024-09-12 21:39:06,SOLUSDT,ask,136,13352.0
2024-09-12 21:39:09,SOLUSDT,ask,136,12383.0
2024-09-12 21:39:13,SOLUSDT,ask,136,12368.0
2024-09-12 21:45:01,SOLUSDT,ask,136,8216.0
2024-09-12 21:46:12,SOLUSDT,ask,136,8211.0
2024-09-12 21:52:29,SOLUSDT,ask,136,8211.0
2024-09-12 21:55:54,SOLUSDT,ask,136,8211.0
2024-09-12 21:57:09,SOLUSDT,ask,136,8428.0
2024-09-12 21:57:09,SOLUSDT,ask,136,8842.0
2024-09-12 21:57:09,SOLUSDT,ask,136,8907.0
2024-09-12 22:02:29,SOLUSDT,ask,136,8256.0
2024-09-12 22:03:36,SOLUSDT,ask,136,8735.0
2024-09-12 22:04:57,SOLUSDT,ask,136,8256.0
2024-09-12 22:05:02,SOLUSDT,ask,136,8211.0
2024-09-12 22:07:17,SOLUSDT,ask,136,8221.0
2024-09-12 22:09:13,SOLUSDT,ask,136,8211.0
2024-09-12 22:12:28,SOLUSDT,ask,136,8236.0
2024-09-12 22:12:40,SOLUSDT,ask,136,8326.0
2024-09-12 22:12:40,SOLUSDT,ask,136,8278.0
2024-09-12 22:12:40,SOLUSDT,ask,136,8236.0
2024-09-12 22:12:40,SOLUSDT,ask,136,8284.0
2024-09-12 22:12:41,SOLUSDT,ask,136,8326.0
2024-09-12 22:12:41,SOLUSDT,ask,136,8374.0
2024-09-12 22:12:42,SOLUSDT,ask,136,8236.0
2024-09-12 22:12:43,SOLUSDT,ask,136,8326.0
2024-09-12 22:12:44,SOLUSDT,ask,136,8236.0
2024-09-12 22:12:53,SOLUSDT,ask,136,8326.0
2024-09-12 22:12:53,SOLUSDT,ask,136,8374.0
2024-09-12 22:12:53,SOLUSDT,ask,136,8236.0
2024-09-12 22:12:54,SOLUSDT,ask,136,8326.0
2024-09-12 22:12:54,SOLUSDT,ask,136,8284.0
2024-09-12 22:12:55,SOLUSDT,ask,136,8236.0
2024-09-12 22:12:56,SOLUSDT,ask,136,8326.0
2024-09-12 22:12:56,SOLUSDT,ask,136,8284.0
2024-09-12 22:12:57,SOLUSDT,ask,136,8236.0
2024-09-12 22:12:58,SOLUSDT,ask,136,8326.0
2024-09-12 22:12:58,SOLUSDT,ask,136,8236.0
2024-09-12 22:13:16,SOLUSDT,ask,136,8213.0
2024-09-12 22:13:30,SOLUSDT,ask,136,8215.0
2024-09-12 22:13:31,SOLUSDT,ask,136,8213.0
2024-09-12 22:13:48,SOLUSDT,ask,136,8215.0
2024-09-12 22:13:49,SOLUSDT,ask,136,8213.0
2024-09-12 22:14:59,SOLUSDT,ask,136,8045.0
2024-09-12 22:15:13,SOLUSDT,ask,136,8021.0
2024-09-12 22:15:20,SOLUSDT,ask,136,8020.0
2024-09-12 22:16:24,SOLUSDT,ask,136,8008.0
2024-09-12 22:22:21,SOLUSDT,ask,136,8211.0
2024-09-12 22:32:32,SOLUSDT,ask,136,8213.0
2024-09-12 23:39:42,SOLUSDT,ask,136,8230.0
2024-09-12 23:41:46,SOLUSDT,ask,136,8231.0
2024-09-12 23:42:26,SOLUSDT,ask,136,8262.0
2024-09-12 23:43:17,SOLUSDT,ask,136,8345.0
2024-09-12 23:43:18,SOLUSDT,ask,136,8346.0
2024-09-12 23:44:18,SOLUSDT,ask,136,8345.0
2024-09-12 23:44:31,SOLUSDT,ask,136,8352.0
2024-09-12 23:45:14,SOLUSDT,ask,136,7356.0
2024-09-12 23:51:32,SOLUSDT,ask,136,8260.0
2024-09-13 00:04:23,SOLUSDT,ask,136,8213.0
2024-09-13 00:12:29,SOLUSDT,ask,136,8211.0
2024-09-13 00:13:25,SOLUSDT,ask,136,8355.0
2024-09-13 00:13:26,SOLUSDT,ask,136,8211.0
2024-09-13 00:19:01,SOLUSDT,ask,136,8213.0
2024-09-13 00:19:03,SOLUSDT,ask,136,8211.0
2024-09-13 00:22:28,SOLUSDT,ask,136,8213.0
2024-09-13 00:23:28,SOLUSDT,ask,136,8261.0
2024-09-13 00:23:29,SOLUSDT,ask,136,8213.0
2024-09-13 00:40:38,SOLUSDT,ask,136,8213.0
2024-09-13 00:42:20,SOLUSDT,ask,136,8217.0
2024-09-13 00:45:20,SOLUSDT,ask,136,8213.0
2024-09-13 00:50:50,SOLUSDT,ask,136,8215.0
2024-09-13 00:50:51,SOLUSDT,ask,136,8213.0
2024-09-13 00:52:44,SOLUSDT,ask,136,8211.0
2024-09-13 00:59:36,SOLUSDT,ask,136,8213.0
2024-09-13 00:59:38,SOLUSDT,ask,136,8211.0
2024-09-13 01:02:29,SOLUSDT,ask,136,8235.0
2024-09-13 01:06:11,SOLUSDT,ask,136,8213.0
2024-09-13 01:09:56,SOLUSDT,ask,136,8213.0
2024-09-13 01:12:31,SOLUSDT,ask,136,8212.0
2024-09-13 01:15:13,SOLUSDT,ask,136,8211.0
2024-09-13 01:20:36,SOLUSDT,ask,136,8211.0
2024-09-13 01:22:07,SOLUSDT,ask,136,8221.0
2024-09-13 01:22:25,SOLUSDT,ask,136,8225.0
2024-09-13 01:22:26,SOLUSDT,ask,136,8229.0
2024-09-13 01:22:27,SOLUSDT,ask,136,8233.0
2024-09-13 01:22:27,SOLUSDT,ask,136,8244.0
2024-09-13 01:22:28,SOLUSDT,ask,136,8255.0
2024-09-13 01:25:20,SOLUSDT,ask,136,8213.0
2024-09-13 01:37:06,SOLUSDT,ask,136,7550.0
2024-09-13 01:42:27,SOLUSDT,ask,136,8213.0
2024-09-13 01:50:35,SOLUSDT,ask,136,8216.0
2024-09-13 01:55:43,SOLUSDT,ask,136,8261.0
2024-09-13 01:55:43,SOLUSDT,ask,136,8213.0
2024-09-13 02:11:37,SOLUSDT,ask,136,8211.0
2024-09-13 02:21:35,SOLUSDT,ask,136,8213.0
2024-09-13 02:23:29,SOLUSDT,ask,136,8211.0
2024-09-13 02:42:44,SOLUSDT,ask,136,8211.0
2024-09-13 02:46:53,SOLUSDT,ask,136,8284.0
2024-09-13 02:47:36,SOLUSDT,ask,136,8211.0
2024-09-13 02:49:35,SOLUSDT,ask,136,8243.0
2024-09-13 02:50:35,SOLUSDT,ask,136,8211.0
2024-09-13 02:52:44,SOLUSDT,ask,136,8281.0
2024-09-13 03:00:44,SOLUSDT,ask,136,8283.0
2024-09-13 03:00:47,SOLUSDT,ask,136,8281.0
2024-09-13 03:02:28,SOLUSDT,ask,136,8211.0
2024-09-13 03:22:27,SOLUSDT,ask,136,8211.0
2024-09-13 03:23:56,SOLUSDT,ask,136,8447.0
2024-09-13 03:32:30,SOLUSDT,ask,136,7351.0
2024-09-13 03:32:43,SOLUSDT,ask,136,7376.0
2024-09-13 03:32:45,SOLUSDT,ask,136,7359.0
2024-09-13 03:32:54,SOLUSDT,ask,136,7380.0
2024-09-13 03:32:54,SOLUSDT,ask,136,7379.0
2024-09-13 03:33:42,SOLUSDT,ask,136,7690.0
2024-09-13 03:33:42,SOLUSDT,ask,136,7696.0
2024-09-13 03:33:43,SOLUSDT,ask,136,7833.0
2024-09-13 03:33:43,SOLUSDT,ask,136,7720.0
2024-09-13 03:34:09,SOLUSDT,ask,136,10963.0
2024-09-13 03:34:09,SOLUSDT,ask,136,10960.0
2024-09-13 03:34:11,SOLUSDT,ask,136,7737.0
2024-09-13 03:59:15,SOLUSDT,ask,136,7525.0
2024-09-13 04:12:27,SOLUSDT,ask,136,8212.0
2024-09-13 04:14:52,SOLUSDT,ask,136,7418.0
2024-09-13 04:20:36,SOLUSDT,ask,136,8228.0
2024-09-13 04:22:24,SOLUSDT,ask,136,8229.0
2024-09-13 04:22:25,SOLUSDT,ask,136,8228.0
2024-09-13 04:22:52,SOLUSDT,ask,136,8230.0
2024-09-13 04:23:02,SOLUSDT,ask,136,8228.0
2024-09-13 04:25:10,SOLUSDT,ask,136,8227.0
2024-09-13 04:32:28,SOLUSDT,ask,136,8211.0
2024-09-13 04:32:39,SOLUSDT,ask,136,8222.0
2024-09-13 04:32:47,SOLUSDT,ask,136,8583.0
2024-09-13 04:33:52,SOLUSDT,ask,136,8211.0
2024-09-13 04:34:00,SOLUSDT,ask,136,8218.0
2024-09-13 04:34:06,SOLUSDT,ask,136,8211.0
2024-09-13 04:46:23,SOLUSDT,ask,136,7556.0
2024-09-13 04:46:23,SOLUSDT,ask,136,7556.0
2024-09-13 04:46:24,SOLUSDT,ask,136,7655.0
2024-09-13 04:46:25,SOLUSDT,ask,136,7655.0
2024-09-13 04:46:25,SOLUSDT,ask,136,7730.0
2024-09-13 04:46:26,SOLUSDT,ask,136,7730.0
2024-09-13 04:46:27,SOLUSDT,ask,136,7698.0
2024-09-13 04:46:28,SOLUSDT,ask,136,7750.0
2024-09-13 04:47:49,SOLUSDT,ask,136,8374.0
2024-09-13 04:48:04,SOLUSDT,ask,136,7382.0
2024-09-13 04:48:07,SOLUSDT,ask,136,7707.0
2024-09-13 04:48:13,SOLUSDT,ask,136,8080.0
2024-09-13 04:48:13,SOLUSDT,ask,136,10035.0
2024-09-13 04:48:14,SOLUSDT,ask,136,10097.0
2024-09-13 04:48:14,SOLUSDT,ask,136,10153.0
2024-09-13 04:48:15,SOLUSDT,ask,136,10239.0
2024-09-13 04:48:19,SOLUSDT,ask,136,10349.0
2024-09-13 04:48:19,SOLUSDT,ask,136,10349.0
2024-09-13 04:48:22,SOLUSDT,ask,136,10427.0
2024-09-13 04:48:40,SOLUSDT,ask,136,9950.0
2024-09-13 04:49:11,SOLUSDT,ask,136,7594.0
2024-09-13 04:49:26,SOLUSDT,ask,136,7894.0
