2024-08-19 17:22:18,ETHUSDT,bid,2570,4217.54
2024-08-19 17:22:21,ETHUSDT,bid,2570,4217.424
2024-08-19 17:22:23,ETHUSDT,bid,2570,4227.681
2024-08-19 17:22:24,ETHUSDT,bid,2570,4227.681
2024-08-19 17:22:27,ETHUSDT,bid,2570,4227.881
2024-08-19 17:22:28,ETHUSDT,bid,2570,4227.681
2024-08-19 17:22:31,ETHUSDT,bid,2570,4227.681
2024-08-19 17:22:31,ETHUSDT,bid,2570,4227.681
2024-08-19 17:22:32,ETHUSDT,bid,2570,4229.959
2024-08-19 17:22:32,ETHUSDT,bid,2570,4219.12
2024-08-19 17:22:36,ETHUSDT,bid,2570,4217.72
2024-08-19 17:22:36,ETHUSDT,bid,2570,4217.72
2024-08-19 17:22:36,ETHUSDT,bid,2570,4217.74
2024-08-19 17:22:36,ETHUSDT,bid,2570,4218.14
2024-08-19 17:22:36,ETHUSDT,bid,2570,4217.72
2024-08-19 17:22:38,ETHUSDT,bid,2570,4218.931
2024-08-19 17:22:38,ETHUSDT,bid,2570,4248.931
2024-08-19 17:22:38,ETHUSDT,bid,2570,4247.72
2024-08-19 17:22:39,ETHUSDT,bid,2570,4247.72
2024-08-19 17:22:39,ETHUSDT,bid,2570,4259.37
2024-08-19 17:22:40,ETHUSDT,bid,2570,4259.389
2024-08-19 17:22:40,ETHUSDT,bid,2570,4282.485
2024-08-19 17:22:40,ETHUSDT,bid,2570,4259.389
2024-08-19 17:22:40,ETHUSDT,bid,2570,4259.389
2024-08-19 17:22:40,ETHUSDT,bid,2570,4282.485
2024-08-19 17:22:42,ETHUSDT,bid,2570,4282.495
2024-08-19 17:22:43,ETHUSDT,bid,2570,4282.495
2024-08-19 17:22:44,ETHUSDT,bid,2570,4282.485
2024-08-19 17:22:47,ETHUSDT,bid,2570,4282.507
2024-08-19 17:22:49,ETHUSDT,bid,2570,4288.304
2024-08-19 17:22:52,ETHUSDT,bid,2570,4259.559
2024-08-19 17:22:54,ETHUSDT,bid,2570,4277.968
2024-08-19 17:22:54,ETHUSDT,bid,2570,4278.034
2024-08-19 17:22:56,ETHUSDT,bid,2570,4276.881
2024-08-19 17:22:57,ETHUSDT,bid,2570,4275.185
2024-08-19 17:22:58,ETHUSDT,bid,2570,4275.185
2024-08-19 17:22:58,ETHUSDT,bid,2570,4275.555
2024-08-19 17:22:59,ETHUSDT,bid,2570,4276.145
2024-08-19 17:22:59,ETHUSDT,bid,2570,4277.145
2024-08-19 17:22:59,ETHUSDT,bid,2570,4277.079
2024-08-19 17:23:00,ETHUSDT,bid,2570,4277.175
2024-08-19 17:23:00,ETHUSDT,bid,2570,4277.079
2024-08-19 17:23:01,ETHUSDT,bid,2570,4282.079
2024-08-19 17:23:01,ETHUSDT,bid,2570,4281.912
2024-08-19 17:23:02,ETHUSDT,bid,2570,4281.322
2024-08-19 17:23:07,ETHUSDT,bid,2570,4281.252
2024-08-19 17:23:08,ETHUSDT,bid,2570,4262.913
2024-08-19 17:23:09,ETHUSDT,bid,2570,4263.043
2024-08-19 17:23:09,ETHUSDT,bid,2570,4270.923
2024-08-19 17:23:11,ETHUSDT,bid,2570,4262.543
2024-08-19 17:23:13,ETHUSDT,bid,2570,4232.543
2024-08-19 17:23:15,ETHUSDT,bid,2570,4232.631
2024-08-19 17:23:17,ETHUSDT,bid,2570,4233.201
2024-08-19 17:23:23,ETHUSDT,bid,2570,4221.551
2024-08-19 17:23:25,ETHUSDT,bid,2570,4220.981
2024-08-19 17:23:33,ETHUSDT,bid,2570,4221.368
2024-08-19 17:23:46,ETHUSDT,bid,2570,4221.755
2024-08-19 17:23:47,ETHUSDT,bid,2570,4221.368
2024-08-19 17:23:50,ETHUSDT,bid,2570,4221.758
2024-08-19 17:23:53,ETHUSDT,bid,2570,4221.368
2024-08-19 17:24:05,ETHUSDT,bid,2570,4221.384
2024-08-19 17:24:11,ETHUSDT,bid,2570,4218.184
2024-08-19 17:24:16,ETHUSDT,bid,2570,4218.185
2024-08-19 17:24:19,ETHUSDT,bid,2570,4243.185
2024-08-19 17:24:19,ETHUSDT,bid,2570,4247.099
2024-08-19 17:24:20,ETHUSDT,bid,2570,4222.099
2024-08-19 17:24:20,ETHUSDT,bid,2570,4222.569
2024-08-19 17:24:22,ETHUSDT,bid,2570,4222.099
2024-08-19 17:24:31,ETHUSDT,bid,2570,4222.123
2024-08-19 17:24:36,ETHUSDT,bid,2570,4222.131
2024-08-19 17:24:39,ETHUSDT,bid,2570,4223.921
2024-08-19 17:24:45,ETHUSDT,bid,2570,4224.021
2024-08-19 17:24:45,ETHUSDT,bid,2570,4249.021
2024-08-19 17:24:54,ETHUSDT,bid,2570,4224.021
2024-08-19 17:25:02,ETHUSDT,bid,2570,4223.921
2024-08-19 17:25:07,ETHUSDT,bid,2570,4223.921
2024-08-19 17:25:21,ETHUSDT,bid,2570,4224.285
2024-08-19 17:25:32,ETHUSDT,bid,2570,4224.325
2024-08-19 17:25:32,ETHUSDT,bid,2570,4224.712
2024-08-19 17:25:32,ETHUSDT,bid,2570,4224.325
2024-08-19 17:25:36,ETHUSDT,bid,2570,4228.99
2024-08-19 17:25:38,ETHUSDT,bid,2570,4224.325
2024-08-19 17:25:40,ETHUSDT,bid,2570,4224.915
2024-08-19 17:25:42,ETHUSDT,bid,2570,4224.915
2024-08-19 17:25:45,ETHUSDT,bid,2570,4225.011
2024-08-19 17:25:45,ETHUSDT,bid,2570,4224.915
2024-08-19 17:25:46,ETHUSDT,bid,2570,4225.756
2024-08-19 17:25:47,ETHUSDT,bid,2570,4226.346
2024-08-19 17:25:47,ETHUSDT,bid,2570,4226.936
2024-08-19 17:25:47,ETHUSDT,bid,2570,4226.095
2024-08-19 17:25:48,ETHUSDT,bid,2570,4226.852
2024-08-19 17:25:58,ETHUSDT,bid,2570,4226.262
2024-08-19 17:25:58,ETHUSDT,bid,2570,4226.354
2024-08-19 17:26:02,ETHUSDT,bid,2570,4226.741
2024-08-19 17:26:02,ETHUSDT,bid,2570,4226.354
2024-08-19 17:26:04,ETHUSDT,bid,2570,4226.262
2024-08-19 17:26:19,ETHUSDT,bid,2570,4222.348
2024-08-19 17:26:26,ETHUSDT,bid,2570,4221.348
2024-08-19 17:26:35,ETHUSDT,bid,2570,4221.478
2024-08-19 17:26:35,ETHUSDT,bid,2570,4221.39
2024-08-19 17:26:46,ETHUSDT,bid,2570,4220.21
2024-08-19 17:26:52,ETHUSDT,bid,2570,4225.495
2024-08-19 17:26:55,ETHUSDT,bid,2570,4220.21
2024-08-19 17:27:24,ETHUSDT,bid,2570,4220.195
2024-08-19 17:27:27,ETHUSDT,bid,2570,4220.395
2024-08-19 17:27:40,ETHUSDT,bid,2570,4220.583
2024-08-19 17:27:44,ETHUSDT,bid,2570,4222.583
2024-08-19 17:27:47,ETHUSDT,bid,2570,4222.591
2024-08-19 17:27:48,ETHUSDT,bid,2570,4222.461
2024-08-19 17:27:48,ETHUSDT,bid,2570,4220.461
2024-08-19 17:27:49,ETHUSDT,bid,2570,4220.453
2024-08-19 17:27:50,ETHUSDT,bid,2570,4222.453
2024-08-19 17:27:51,ETHUSDT,bid,2570,4220.453
2024-08-19 17:27:52,ETHUSDT,bid,2570,4222.453
2024-08-19 17:27:56,ETHUSDT,bid,2570,4220.453
2024-08-19 17:28:01,ETHUSDT,bid,2570,4220.725
2024-08-19 17:28:11,ETHUSDT,bid,2570,4221.105
2024-08-19 17:28:16,ETHUSDT,bid,2570,4220.833
2024-08-19 17:28:24,ETHUSDT,bid,2570,4220.933
2024-08-19 17:28:33,ETHUSDT,bid,2570,4220.569
2024-08-19 17:28:36,ETHUSDT,bid,2570,4222.069
2024-08-19 17:28:45,ETHUSDT,bid,2570,4245.021
2024-08-19 17:28:46,ETHUSDT,bid,2570,4222.069
2024-08-19 17:28:51,ETHUSDT,bid,2570,4222.191
2024-08-19 17:29:01,ETHUSDT,bid,2570,4221.991
2024-08-19 17:29:33,ETHUSDT,bid,2570,4222.004
2024-08-19 17:29:34,ETHUSDT,bid,2570,4221.624
2024-08-19 17:29:35,ETHUSDT,bid,2570,4685.49
2024-08-19 17:29:35,ETHUSDT,bid,2570,4221.624
2024-08-19 17:29:38,ETHUSDT,bid,2570,4221.644
2024-08-19 17:29:40,ETHUSDT,bid,2570,4224.874
2024-08-19 17:29:40,ETHUSDT,bid,2570,4227.139
2024-08-19 17:29:41,ETHUSDT,bid,2570,4225.666
2024-08-19 17:29:42,ETHUSDT,bid,2570,4223.401
2024-08-19 17:29:42,ETHUSDT,bid,2570,4226.221
2024-08-19 17:29:50,ETHUSDT,bid,2570,4228.787
2024-08-19 17:30:09,ETHUSDT,bid,2570,4225.952
2024-08-19 17:30:10,ETHUSDT,bid,2570,4226.152
2024-08-19 17:30:21,ETHUSDT,bid,2570,4226.345
2024-08-19 17:30:28,ETHUSDT,bid,2570,4221.99
2024-08-19 17:30:31,ETHUSDT,bid,2570,4222.998
2024-08-19 17:30:32,ETHUSDT,bid,2570,4221.998
2024-08-19 17:30:38,ETHUSDT,bid,2570,4233.522
2024-08-19 17:30:38,ETHUSDT,bid,2570,4237.4
2024-08-19 17:30:45,ETHUSDT,bid,2570,4238.175
2024-08-19 17:30:46,ETHUSDT,bid,2570,4271.09
2024-08-19 17:30:47,ETHUSDT,bid,2570,4253.67
2024-08-19 17:30:47,ETHUSDT,bid,2570,4238.175
2024-08-19 17:30:50,ETHUSDT,bid,2570,4253.67
2024-08-19 17:30:51,ETHUSDT,bid,2570,4238.175
2024-08-19 17:30:56,ETHUSDT,bid,2570,4239.339
2024-08-19 17:30:59,ETHUSDT,bid,2570,4243.253
2024-08-19 17:31:01,ETHUSDT,bid,2570,4237.437
2024-08-19 17:31:01,ETHUSDT,bid,2570,4237.291
2024-08-19 17:31:04,ETHUSDT,bid,2570,4227.669
2024-08-19 17:31:04,ETHUSDT,bid,2570,4240.824
2024-08-19 17:31:04,ETHUSDT,bid,2570,4243.164
2024-08-19 17:31:05,ETHUSDT,bid,2570,4235.009
2024-08-19 17:31:06,ETHUSDT,bid,2570,4227.669
2024-08-19 17:31:06,ETHUSDT,bid,2570,4227.669
2024-08-19 17:31:06,ETHUSDT,bid,2570,4239.686
2024-08-19 17:31:07,ETHUSDT,bid,2570,4227.669
2024-08-19 17:31:08,ETHUSDT,bid,2570,4228.338
2024-08-19 17:31:08,ETHUSDT,bid,2570,4228.346
2024-08-19 17:31:10,ETHUSDT,bid,2570,4241.851
2024-08-19 17:31:10,ETHUSDT,bid,2570,4239.912
2024-08-19 17:31:11,ETHUSDT,bid,2570,4240.502
2024-08-19 17:31:14,ETHUSDT,bid,2570,4230.157
2024-08-19 17:31:20,ETHUSDT,bid,2570,4230.18
2024-08-19 17:31:26,ETHUSDT,bid,2570,4234.481
2024-08-19 17:31:31,ETHUSDT,bid,2570,4234.446
2024-08-19 17:31:32,ETHUSDT,bid,2570,4233.267
2024-08-19 17:31:33,ETHUSDT,bid,2570,4235.012
2024-08-19 17:31:43,ETHUSDT,bid,2570,4235.302
2024-08-19 17:31:44,ETHUSDT,bid,2570,4235.802
2024-08-19 17:31:44,ETHUSDT,bid,2570,4236.335
2024-08-19 17:31:45,ETHUSDT,bid,2570,4236.925
2024-08-19 17:31:46,ETHUSDT,bid,2570,4236.425
2024-08-19 17:31:46,ETHUSDT,bid,2570,4242.251
2024-08-19 17:31:46,ETHUSDT,bid,2570,4250.002
2024-08-19 17:31:46,ETHUSDT,bid,2570,4251.719
2024-08-19 17:31:46,ETHUSDT,bid,2570,4245.904
2024-08-19 17:31:47,ETHUSDT,bid,2570,4235.516
2024-08-19 17:31:48,ETHUSDT,bid,2570,4235.616
2024-08-19 17:31:48,ETHUSDT,bid,2570,4234.983
2024-08-19 17:31:54,ETHUSDT,bid,2570,4234.972
2024-08-19 17:31:56,ETHUSDT,bid,2570,4235.241
2024-08-19 17:31:57,ETHUSDT,bid,2570,4235.041
2024-08-19 17:31:58,ETHUSDT,bid,2570,4235.741
2024-08-19 17:31:58,ETHUSDT,bid,2570,4235.141
2024-08-19 17:31:59,ETHUSDT,bid,2570,4237.112
2024-08-19 17:32:01,ETHUSDT,bid,2570,4242.212
2024-08-19 17:32:02,ETHUSDT,bid,2570,4237.112
2024-08-19 17:32:05,ETHUSDT,bid,2570,4233.029
2024-08-19 17:32:06,ETHUSDT,bid,2570,4233.165
2024-08-19 17:32:06,ETHUSDT,bid,2570,4233.291
2024-08-19 17:32:06,ETHUSDT,bid,2570,4233.945
2024-08-19 17:32:06,ETHUSDT,bid,2570,4233.927
2024-08-19 17:32:06,ETHUSDT,bid,2570,4233.935
2024-08-19 17:32:06,ETHUSDT,bid,2570,4233.843
2024-08-19 17:32:06,ETHUSDT,bid,2570,4233.751
2024-08-19 17:32:06,ETHUSDT,bid,2570,4233.902
2024-08-19 17:32:06,ETHUSDT,bid,2570,4233.958
2024-08-19 17:32:06,ETHUSDT,bid,2570,4233.967
2024-08-19 17:32:07,ETHUSDT,bid,2570,4233.98
2024-08-19 17:32:07,ETHUSDT,bid,2570,4231.395
2024-08-19 17:32:07,ETHUSDT,bid,2570,4216.803
2024-08-19 17:32:07,ETHUSDT,bid,2570,4212.081
2024-08-19 17:32:07,ETHUSDT,bid,2570,4210.966
2024-08-19 17:32:07,ETHUSDT,bid,2570,4218.42
2024-08-19 17:32:07,ETHUSDT,bid,2570,4219.909
2024-08-19 17:32:08,ETHUSDT,bid,2570,4217.502
2024-08-19 17:32:08,ETHUSDT,bid,2570,4216.265
2024-08-19 17:32:08,ETHUSDT,bid,2570,4216.236
2024-08-19 17:32:08,ETHUSDT,bid,2570,4213.908
2024-08-19 17:32:08,ETHUSDT,bid,2570,4212.527
2024-08-19 17:32:08,ETHUSDT,bid,2570,4212.325
2024-08-19 17:32:08,ETHUSDT,bid,2570,4212.31
2024-08-19 17:32:09,ETHUSDT,bid,2570,4213.06
2024-08-19 17:32:09,ETHUSDT,bid,2570,4203.413
2024-08-19 17:32:09,ETHUSDT,bid,2570,4179.706
2024-08-19 17:32:09,ETHUSDT,bid,2570,4179.668
2024-08-19 17:32:09,ETHUSDT,bid,2570,4179.68
2024-08-19 17:32:09,ETHUSDT,bid,2570,4179.635
2024-08-19 17:32:10,ETHUSDT,bid,2570,4179.664
2024-08-19 17:32:10,ETHUSDT,bid,2570,4179.404
2024-08-19 17:32:10,ETHUSDT,bid,2570,4179.412
2024-08-19 17:32:10,ETHUSDT,bid,2570,4177.112
2024-08-19 17:32:10,ETHUSDT,bid,2570,4175.173
2024-08-19 17:32:10,ETHUSDT,bid,2570,4175.306
2024-08-19 17:32:11,ETHUSDT,bid,2570,4175.299
2024-08-19 17:32:11,ETHUSDT,bid,2570,4175.077
2024-08-19 17:32:11,ETHUSDT,bid,2570,4169.942
2024-08-19 17:32:11,ETHUSDT,bid,2570,4169.447
2024-08-19 17:32:11,ETHUSDT,bid,2570,4169.458
2024-08-19 17:32:11,ETHUSDT,bid,2570,4169.42
2024-08-19 17:32:11,ETHUSDT,bid,2570,4169.417
2024-08-19 17:32:11,ETHUSDT,bid,2570,4169.394
2024-08-19 17:32:11,ETHUSDT,bid,2570,4175.104
2024-08-19 17:32:11,ETHUSDT,bid,2570,4175.89
2024-08-19 17:32:11,ETHUSDT,bid,2570,4175.611
2024-08-19 17:32:11,ETHUSDT,bid,2570,4169.67
2024-08-19 17:32:11,ETHUSDT,bid,2570,4142.965
2024-08-19 17:32:11,ETHUSDT,bid,2570,4144.52
2024-08-19 17:32:11,ETHUSDT,bid,2570,4144.491
2024-08-19 17:32:12,ETHUSDT,bid,2570,4141.673
2024-08-19 17:32:12,ETHUSDT,bid,2570,4140.247
2024-08-19 17:32:12,ETHUSDT,bid,2570,4149.197
2024-08-19 17:32:12,ETHUSDT,bid,2570,4152.408
2024-08-19 17:32:12,ETHUSDT,bid,2570,4161.792
2024-08-19 17:32:13,ETHUSDT,bid,2570,4179.547
2024-08-19 17:32:13,ETHUSDT,bid,2570,4192.671
2024-08-19 17:32:13,ETHUSDT,bid,2570,4156.99
2024-08-19 17:32:13,ETHUSDT,bid,2570,4154.99
2024-08-19 17:32:13,ETHUSDT,bid,2570,4146.575
2024-08-19 17:32:13,ETHUSDT,bid,2570,4144.824
2024-08-19 17:32:13,ETHUSDT,bid,2570,4150.284
2024-08-19 17:32:14,ETHUSDT,bid,2570,4140.569
2024-08-19 17:32:14,ETHUSDT,bid,2570,4140.709
2024-08-19 17:32:15,ETHUSDT,bid,2570,4140.959
2024-08-19 17:32:15,ETHUSDT,bid,2570,4140.762
2024-08-19 17:32:15,ETHUSDT,bid,2570,4141.762
2024-08-19 17:32:15,ETHUSDT,bid,2570,4141.751
2024-08-19 17:32:16,ETHUSDT,bid,2570,4141.743
2024-08-19 17:32:16,ETHUSDT,bid,2570,4142.234
2024-08-19 17:32:16,ETHUSDT,bid,2570,4141.934
2024-08-19 17:32:16,ETHUSDT,bid,2570,4142.094
2024-08-19 17:32:17,ETHUSDT,bid,2570,4141.513
2024-08-19 17:32:18,ETHUSDT,bid,2570,4141.505
2024-08-19 17:32:18,ETHUSDT,bid,2570,4141.489
2024-08-19 17:32:18,ETHUSDT,bid,2570,4141.456
2024-08-19 17:32:19,ETHUSDT,bid,2570,4141.339
2024-08-19 17:32:19,ETHUSDT,bid,2570,4141.203
2024-08-19 17:32:20,ETHUSDT,bid,2570,4140.72
2024-08-19 17:32:21,ETHUSDT,bid,2570,4141.494
2024-08-19 17:32:22,ETHUSDT,bid,2570,4141.412
2024-08-19 17:32:24,ETHUSDT,bid,2570,4148.01
2024-08-19 17:32:24,ETHUSDT,bid,2570,4148.398
2024-08-19 17:32:24,ETHUSDT,bid,2570,4148.291
2024-08-19 17:32:24,ETHUSDT,bid,2570,4142.474
2024-08-19 17:32:24,ETHUSDT,bid,2570,4148.291
2024-08-19 17:32:26,ETHUSDT,bid,2570,4147.127
2024-08-19 17:32:27,ETHUSDT,bid,2570,4144.964
2024-08-19 17:32:27,ETHUSDT,bid,2570,4147.337
2024-08-19 17:32:27,ETHUSDT,bid,2570,4147.23
2024-08-19 17:32:27,ETHUSDT,bid,2570,4143.576
2024-08-19 17:32:28,ETHUSDT,bid,2570,4141.223
2024-08-19 17:32:29,ETHUSDT,bid,2570,4141.103
2024-08-19 17:32:29,ETHUSDT,bid,2570,4136.903
2024-08-19 17:32:31,ETHUSDT,bid,2570,4137.903
2024-08-19 17:32:32,ETHUSDT,bid,2570,4137.834
2024-08-19 17:32:33,ETHUSDT,bid,2570,4137.674
2024-08-19 17:32:34,ETHUSDT,bid,2570,4139.614
2024-08-19 17:32:37,ETHUSDT,bid,2570,4142.956
2024-08-19 17:32:38,ETHUSDT,bid,2570,4142.875
2024-08-19 17:32:40,ETHUSDT,bid,2570,4142.375
2024-08-19 17:32:40,ETHUSDT,bid,2570,4140.435
2024-08-19 17:32:40,ETHUSDT,bid,2570,4137.593
2024-08-19 17:32:49,ETHUSDT,bid,2570,4137.645
2024-08-19 17:32:51,ETHUSDT,bid,2570,4139.045
2024-08-19 17:32:51,ETHUSDT,bid,2570,4139.045
2024-08-19 17:32:51,ETHUSDT,bid,2570,4139.145
2024-08-19 17:32:51,ETHUSDT,bid,2570,4137.645
2024-08-19 17:32:52,ETHUSDT,bid,2570,4138.045
2024-08-19 17:32:52,ETHUSDT,bid,2570,4137.645
2024-08-19 17:32:53,ETHUSDT,bid,2570,4137.745
2024-08-19 17:32:54,ETHUSDT,bid,2570,4137.822
2024-08-19 17:32:54,ETHUSDT,bid,2570,4137.622
2024-08-19 17:32:56,ETHUSDT,bid,2570,4137.622
2024-08-19 17:32:58,ETHUSDT,bid,2570,4143.951
2024-08-19 17:32:58,ETHUSDT,bid,2570,4137.622
2024-08-19 17:32:58,ETHUSDT,bid,2570,4138.093
2024-08-19 17:32:59,ETHUSDT,bid,2570,4138.113
2024-08-19 17:32:59,ETHUSDT,bid,2570,4138.061
2024-08-19 17:33:01,ETHUSDT,bid,2570,4137.941
2024-08-19 17:33:01,ETHUSDT,bid,2570,4137.941
2024-08-19 17:33:03,ETHUSDT,bid,2570,4137.941
2024-08-19 17:33:04,ETHUSDT,bid,2570,4137.941
2024-08-19 17:33:05,ETHUSDT,bid,2570,4138.441
2024-08-19 17:33:05,ETHUSDT,bid,2570,4139.461
2024-08-19 17:33:06,ETHUSDT,bid,2570,4138.725
2024-08-19 17:33:06,ETHUSDT,bid,2570,4138.745
2024-08-19 17:33:07,ETHUSDT,bid,2570,4139.506
2024-08-19 17:33:07,ETHUSDT,bid,2570,4139.145
2024-08-19 17:33:08,ETHUSDT,bid,2570,4139.926
2024-08-19 17:33:08,ETHUSDT,bid,2570,4139.455
2024-08-19 17:33:09,ETHUSDT,bid,2570,4139.456
2024-08-19 17:33:11,ETHUSDT,bid,2570,4139.534
2024-08-19 17:33:12,ETHUSDT,bid,2570,4139.535
2024-08-19 17:33:13,ETHUSDT,bid,2570,4139.635
2024-08-19 17:33:13,ETHUSDT,bid,2570,4140.035
2024-08-19 17:33:13,ETHUSDT,bid,2570,4139.535
2024-08-19 17:33:16,ETHUSDT,bid,2570,4143.267
2024-08-19 17:33:16,ETHUSDT,bid,2570,4139.535
2024-08-19 17:33:16,ETHUSDT,bid,2570,4139.536
2024-08-19 17:33:17,ETHUSDT,bid,2570,4149.233
2024-08-19 17:33:17,ETHUSDT,bid,2570,4149.253
2024-08-19 17:33:17,ETHUSDT,bid,2570,4149.233
2024-08-19 17:33:19,ETHUSDT,bid,2570,4146.435
2024-08-19 17:33:19,ETHUSDT,bid,2570,4136.708
2024-08-19 17:33:20,ETHUSDT,bid,2570,4136.47
2024-08-19 17:33:20,ETHUSDT,bid,2570,4135.867
2024-08-19 17:33:20,ETHUSDT,bid,2570,4136.021
2024-08-19 17:33:20,ETHUSDT,bid,2570,4133.199
2024-08-19 17:33:20,ETHUSDT,bid,2570,4133.343
2024-08-19 17:33:20,ETHUSDT,bid,2570,4134.038
2024-08-19 17:33:20,ETHUSDT,bid,2570,4134.106
2024-08-19 17:33:21,ETHUSDT,bid,2570,4133.015
2024-08-19 17:33:21,ETHUSDT,bid,2570,4135.209
2024-08-19 17:33:21,ETHUSDT,bid,2570,4135.189
2024-08-19 17:33:21,ETHUSDT,bid,2570,4135.242
2024-08-19 17:33:21,ETHUSDT,bid,2570,4135.154
2024-08-19 17:33:21,ETHUSDT,bid,2570,4135.149
2024-08-19 17:33:22,ETHUSDT,bid,2570,4132.135
2024-08-19 17:33:22,ETHUSDT,bid,2570,4063.005
2024-08-19 17:33:22,ETHUSDT,bid,2570,4062.985
2024-08-19 17:33:22,ETHUSDT,bid,2570,4063.004
2024-08-19 17:33:22,ETHUSDT,bid,2570,4063.013
2024-08-19 17:33:23,ETHUSDT,bid,2570,4062.936
2024-08-19 17:33:23,ETHUSDT,bid,2570,4063.288
2024-08-19 17:33:23,ETHUSDT,bid,2570,4063.534
2024-08-19 17:33:23,ETHUSDT,bid,2570,4063.545
2024-08-19 17:33:23,ETHUSDT,bid,2570,4064.377
2024-08-19 17:33:23,ETHUSDT,bid,2570,4068.961
2024-08-19 17:33:24,ETHUSDT,bid,2570,4068.952
2024-08-19 17:33:24,ETHUSDT,bid,2570,4068.702
2024-08-19 17:33:24,ETHUSDT,bid,2570,4068.546
2024-08-19 17:33:24,ETHUSDT,bid,2570,4068.548
2024-08-19 17:33:24,ETHUSDT,bid,2570,4068.552
2024-08-19 17:33:24,ETHUSDT,bid,2570,4068.673
2024-08-19 17:33:24,ETHUSDT,bid,2570,4068.733
2024-08-19 17:33:25,ETHUSDT,bid,2570,4038.442
2024-08-19 17:33:25,ETHUSDT,bid,2570,4033.183
2024-08-19 17:33:25,ETHUSDT,bid,2570,4033.045
2024-08-19 17:33:25,ETHUSDT,bid,2570,4032.014
2024-08-19 17:33:25,ETHUSDT,bid,2570,4031.988
2024-08-19 17:33:25,ETHUSDT,bid,2570,4031.983
2024-08-19 17:33:25,ETHUSDT,bid,2570,4031.884
2024-08-19 17:33:25,ETHUSDT,bid,2570,4032.633
2024-08-19 17:33:26,ETHUSDT,bid,2570,4032.251
2024-08-19 17:33:26,ETHUSDT,bid,2570,4036.807
2024-08-19 17:33:26,ETHUSDT,bid,2570,4037.856
2024-08-19 17:33:26,ETHUSDT,bid,2570,4055.864
2024-08-19 17:33:26,ETHUSDT,bid,2570,4068.728
2024-08-19 17:33:26,ETHUSDT,bid,2570,4068.666
2024-08-19 17:33:26,ETHUSDT,bid,2570,4068.668
2024-08-19 17:33:26,ETHUSDT,bid,2570,4069.094
2024-08-19 17:33:26,ETHUSDT,bid,2570,4069.094
2024-08-19 17:33:26,ETHUSDT,bid,2570,4068.986
2024-08-19 17:33:27,ETHUSDT,bid,2570,4068.976
2024-08-19 17:33:27,ETHUSDT,bid,2570,4037.113
2024-08-19 17:33:27,ETHUSDT,bid,2570,4035.233
2024-08-19 17:33:27,ETHUSDT,bid,2570,4035.382
2024-08-19 17:33:27,ETHUSDT,bid,2570,4035.424
2024-08-19 17:33:27,ETHUSDT,bid,2570,4030.613
2024-08-19 17:33:27,ETHUSDT,bid,2570,4030.413
2024-08-19 17:33:27,ETHUSDT,bid,2570,4030.249
2024-08-19 17:33:28,ETHUSDT,bid,2570,4029.919
2024-08-19 17:33:28,ETHUSDT,bid,2570,3928.07
2024-08-19 17:33:28,ETHUSDT,bid,2570,3928.149
2024-08-19 17:33:28,ETHUSDT,bid,2570,3928.158
2024-08-19 17:33:28,ETHUSDT,bid,2570,3928.047
2024-08-19 17:33:29,ETHUSDT,bid,2570,3928.041
2024-08-19 17:33:29,ETHUSDT,bid,2570,3927.937
2024-08-19 17:33:29,ETHUSDT,bid,2570,3926.754
2024-08-19 17:33:29,ETHUSDT,bid,2570,3926.689
2024-08-19 17:33:29,ETHUSDT,bid,2570,3926.71
2024-08-19 17:33:29,ETHUSDT,bid,2570,3931.335
2024-08-19 17:33:29,ETHUSDT,bid,2570,3931.333
2024-08-19 17:33:29,ETHUSDT,bid,2570,3930.996
2024-08-19 17:33:30,ETHUSDT,bid,2570,3930.936
2024-08-19 17:33:30,ETHUSDT,bid,2570,3922.447
2024-08-19 17:33:30,ETHUSDT,bid,2570,3922.206
2024-08-19 17:33:30,ETHUSDT,bid,2570,3922.198
2024-08-19 17:33:31,ETHUSDT,bid,2570,3922.029
2024-08-19 17:33:31,ETHUSDT,bid,2570,3922.988
2024-08-19 17:33:31,ETHUSDT,bid,2570,3924.319
2024-08-19 17:33:31,ETHUSDT,bid,2570,3924.302
2024-08-19 17:33:31,ETHUSDT,bid,2570,3916.544
2024-08-19 17:33:31,ETHUSDT,bid,2570,3917.573
2024-08-19 17:33:31,ETHUSDT,bid,2570,3917.56
2024-08-19 17:33:31,ETHUSDT,bid,2570,3914.566
2024-08-19 17:33:31,ETHUSDT,bid,2570,3913.609
2024-08-19 17:33:32,ETHUSDT,bid,2570,3913.651
2024-08-19 17:33:32,ETHUSDT,bid,2570,3913.394
2024-08-19 17:33:32,ETHUSDT,bid,2570,3918.121
2024-08-19 17:33:32,ETHUSDT,bid,2570,3916.338
2024-08-19 17:33:32,ETHUSDT,bid,2570,3916.299
2024-08-19 17:33:32,ETHUSDT,bid,2570,3886.823
2024-08-19 17:33:32,ETHUSDT,bid,2570,3886.935
2024-08-19 17:33:32,ETHUSDT,bid,2570,3880.721
2024-08-19 17:33:32,ETHUSDT,bid,2570,3880.3
2024-08-19 17:33:32,ETHUSDT,bid,2570,3880.414
2024-08-19 17:33:33,ETHUSDT,bid,2570,3880.426
2024-08-19 17:33:33,ETHUSDT,bid,2570,3879.229
2024-08-19 17:33:33,ETHUSDT,bid,2570,3879.189
2024-08-19 17:33:33,ETHUSDT,bid,2570,3879.16
2024-08-19 17:33:33,ETHUSDT,bid,2570,3881.007
2024-08-19 17:33:34,ETHUSDT,bid,2570,3879.987
2024-08-19 17:33:34,ETHUSDT,bid,2570,3879.949
2024-08-19 17:33:34,ETHUSDT,bid,2570,3884.815
2024-08-19 17:33:34,ETHUSDT,bid,2570,3885.827
2024-08-19 17:33:34,ETHUSDT,bid,2570,3885.924
2024-08-19 17:33:34,ETHUSDT,bid,2570,3885.817
2024-08-19 17:33:34,ETHUSDT,bid,2570,3885.43
2024-08-19 16:48:14,ETHUSDT,bid,2580,4937.119
2024-08-19 16:48:14,ETHUSDT,bid,2580,4939.738
2024-08-19 19:30:45,ETHUSDT,ask,2590,4574.081
2024-08-19 19:31:01,ETHUSDT,ask,2590,4575.823
2024-08-19 19:31:55,ETHUSDT,ask,2590,4574.092
2024-08-19 19:32:00,ETHUSDT,ask,2590,4584.092
2024-08-19 19:32:08,ETHUSDT,ask,2590,4583.474
2024-08-19 19:32:26,ETHUSDT,ask,2590,4583.614
2024-08-19 19:32:40,ETHUSDT,ask,2590,4584.073
2024-08-19 19:33:00,ETHUSDT,ask,2590,4571.115
2024-08-19 19:33:07,ETHUSDT,ask,2590,4571.191
2024-08-19 19:33:07,ETHUSDT,ask,2590,4561.191
2024-08-19 19:33:19,ETHUSDT,ask,2590,4561.306
2024-08-19 19:33:21,ETHUSDT,ask,2590,4564.598
2024-08-19 19:34:02,ETHUSDT,ask,2590,4564.118
2024-08-19 19:34:24,ETHUSDT,ask,2590,4571.714
2024-08-19 19:34:25,ETHUSDT,ask,2590,4564.118
2024-08-19 19:34:34,ETHUSDT,ask,2590,4564.281
2024-08-19 19:34:50,ETHUSDT,ask,2590,4564.474
2024-08-19 19:34:51,ETHUSDT,ask,2590,4560.45
2024-08-19 19:35:01,ETHUSDT,ask,2590,4561.671
2024-08-19 19:35:19,ETHUSDT,ask,2590,4561.681
2024-08-19 19:35:38,ETHUSDT,ask,2590,4560.46
2024-08-19 19:35:59,ETHUSDT,ask,2590,4561.483
2024-08-19 19:36:03,ETHUSDT,ask,2590,4562.668
2024-08-19 19:36:03,ETHUSDT,ask,2590,4561.491
2024-08-19 19:36:13,ETHUSDT,ask,2590,4567.353
2024-08-19 19:36:16,ETHUSDT,ask,2590,4561.491
2024-08-19 19:36:19,ETHUSDT,ask,2590,4561.351
2024-08-19 19:36:22,ETHUSDT,ask,2590,4562.548
2024-08-19 19:36:26,ETHUSDT,ask,2590,4562.648
2024-08-19 19:36:34,ETHUSDT,ask,2590,4562.628
2024-08-19 19:36:34,ETHUSDT,ask,2590,4561.451
2024-08-19 19:36:37,ETHUSDT,ask,2590,4563.406
2024-08-19 19:36:38,ETHUSDT,ask,2590,4564.583
2024-08-19 19:36:38,ETHUSDT,ask,2590,4563.406
2024-08-19 19:36:41,ETHUSDT,ask,2590,4567.267
2024-08-19 19:36:45,ETHUSDT,ask,2590,4566.28
2024-08-19 19:36:52,ETHUSDT,ask,2590,4566.267
2024-08-19 19:36:53,ETHUSDT,ask,2590,4566.707
2024-08-19 19:37:23,ETHUSDT,ask,2590,4567.915
2024-08-19 19:37:28,ETHUSDT,ask,2590,4568.1
2024-08-19 19:37:33,ETHUSDT,ask,2590,4568.112
2024-08-19 19:37:34,ETHUSDT,ask,2590,4568.1
2024-08-19 19:37:36,ETHUSDT,ask,2590,4575.68
2024-08-19 19:37:36,ETHUSDT,ask,2590,4568.1
2024-08-19 19:37:58,ETHUSDT,ask,2590,4571.092
2024-08-19 19:38:01,ETHUSDT,ask,2590,4571.082
2024-08-19 19:38:19,ETHUSDT,ask,2590,4589.043
2024-08-19 19:38:55,ETHUSDT,ask,2590,4604.279
2024-08-19 19:39:04,ETHUSDT,ask,2590,4589.043
2024-08-19 19:39:06,ETHUSDT,ask,2590,4589.043
2024-08-19 19:39:41,ETHUSDT,ask,2590,4594.923
2024-08-19 19:39:52,ETHUSDT,ask,2590,4594.985
2024-08-19 19:40:01,ETHUSDT,ask,2590,4597.373
2024-08-19 19:40:18,ETHUSDT,ask,2590,4599.688
2024-08-19 19:40:18,ETHUSDT,ask,2590,4592.093
2024-08-19 19:40:36,ETHUSDT,ask,2590,4591.011
2024-08-19 19:40:37,ETHUSDT,ask,2590,4589.133
2024-08-19 19:40:38,ETHUSDT,ask,2590,4588.693
2024-08-19 19:40:39,ETHUSDT,ask,2590,4588.693
2024-08-19 19:40:40,ETHUSDT,ask,2590,4588.903
2024-08-19 19:40:46,ETHUSDT,ask,2590,4590.688
2024-08-19 19:40:56,ETHUSDT,ask,2590,4598.258
2024-08-19 19:40:56,ETHUSDT,ask,2590,4590.673
2024-08-19 19:41:00,ETHUSDT,ask,2590,4608.169
2024-08-19 19:41:20,ETHUSDT,ask,2590,4630.062
2024-08-19 19:41:47,ETHUSDT,ask,2590,4630.202
2024-08-19 19:41:58,ETHUSDT,ask,2590,4630.542
2024-08-19 19:42:07,ETHUSDT,ask,2590,4630.542
2024-08-19 19:42:13,ETHUSDT,ask,2590,4630.202
2024-08-19 19:42:36,ETHUSDT,ask,2590,4631.206
2024-08-19 19:42:57,ETHUSDT,ask,2590,4715.7
2024-08-19 19:43:23,ETHUSDT,ask,2590,4715.624
2024-08-19 19:43:25,ETHUSDT,ask,2590,4713.986
2024-08-19 19:44:14,ETHUSDT,ask,2590,4713.986
2024-08-19 19:44:32,ETHUSDT,ask,2590,4715.539
2024-08-19 19:44:34,ETHUSDT,ask,2590,4717.092
2024-08-19 19:44:53,ETHUSDT,ask,2590,4715.539
2024-08-19 19:44:53,ETHUSDT,ask,2590,4713.986
2024-08-19 19:45:02,ETHUSDT,ask,2590,4713.996
2024-08-19 19:45:33,ETHUSDT,ask,2590,4713.934
2024-08-19 19:45:37,ETHUSDT,ask,2590,4713.943
2024-08-19 19:45:39,ETHUSDT,ask,2590,4714.009
2024-08-19 19:45:40,ETHUSDT,ask,2590,4713.985
2024-08-19 19:45:43,ETHUSDT,ask,2590,4714.085
2024-08-19 19:45:53,ETHUSDT,ask,2590,4721.034
2024-08-19 19:46:19,ETHUSDT,ask,2590,4721.224
2024-08-19 19:46:20,ETHUSDT,ask,2590,4721.219
2024-08-19 19:46:22,ETHUSDT,ask,2590,4721.215
2024-08-19 19:46:23,ETHUSDT,ask,2590,4721.015
2024-08-19 19:46:24,ETHUSDT,ask,2590,4720.915
2024-08-19 19:46:36,ETHUSDT,ask,2590,4720.948
2024-08-19 19:46:40,ETHUSDT,ask,2590,4720.953
2024-08-19 19:46:42,ETHUSDT,ask,2590,4681.92
2024-08-19 19:47:01,ETHUSDT,ask,2590,4682.151
2024-08-19 19:47:17,ETHUSDT,ask,2590,4681.151
2024-08-19 19:48:48,ETHUSDT,ask,2590,4726.771
2024-08-19 19:49:27,ETHUSDT,ask,2590,4701.143
2024-08-19 19:49:53,ETHUSDT,ask,2590,4700.95
2024-08-19 19:50:06,ETHUSDT,ask,2590,4700.95
2024-08-19 19:50:10,ETHUSDT,ask,2590,4702.567
2024-08-19 19:50:14,ETHUSDT,ask,2590,4707.557
2024-08-19 19:50:20,ETHUSDT,ask,2590,4706.321
2024-08-19 19:50:41,ETHUSDT,ask,2590,4706.401
2024-08-19 19:50:42,ETHUSDT,ask,2590,4706.409
2024-08-19 19:50:44,ETHUSDT,ask,2590,4708.028
2024-08-19 19:50:50,ETHUSDT,ask,2590,4711.595
2024-08-19 19:51:01,ETHUSDT,ask,2590,4715.038
2024-08-19 19:51:18,ETHUSDT,ask,2590,4733.706
2024-08-19 19:51:19,ETHUSDT,ask,2590,4734.913
2024-08-19 19:51:33,ETHUSDT,ask,2590,4760.559
2024-08-19 19:51:34,ETHUSDT,ask,2590,4758.323
2024-08-19 19:51:52,ETHUSDT,ask,2590,4720.445
2024-08-19 19:51:53,ETHUSDT,ask,2590,4723.437
2024-08-19 19:52:10,ETHUSDT,ask,2590,4731.57
2024-08-19 19:52:45,ETHUSDT,ask,2590,4731.07
2024-08-19 19:53:25,ETHUSDT,ask,2590,4731.07
2024-08-19 19:53:31,ETHUSDT,ask,2590,4731.27
2024-08-19 19:54:04,ETHUSDT,ask,2590,4731.028
2024-08-19 19:54:07,ETHUSDT,ask,2590,4731.02
2024-08-19 19:54:31,ETHUSDT,ask,2590,4729.178
2024-08-19 19:54:42,ETHUSDT,ask,2590,4736.757
2024-08-19 19:54:43,ETHUSDT,ask,2590,4729.178
2024-08-19 19:54:48,ETHUSDT,ask,2590,4719.399
2024-08-19 19:54:53,ETHUSDT,ask,2590,4718.182
2024-08-19 19:55:02,ETHUSDT,ask,2590,4718.375
2024-08-19 19:55:15,ETHUSDT,ask,2590,4718.365
2024-08-19 19:55:42,ETHUSDT,ask,2590,4718.407
2024-08-19 19:55:44,ETHUSDT,ask,2590,4718.418
2024-08-19 19:55:53,ETHUSDT,ask,2590,4718.407
2024-08-19 19:55:59,ETHUSDT,ask,2590,4718.415
2024-08-19 19:56:01,ETHUSDT,ask,2590,4718.407
2024-08-19 19:56:01,ETHUSDT,ask,2590,4718.207
2024-08-19 19:56:14,ETHUSDT,ask,2590,4718.731
2024-08-19 19:56:29,ETHUSDT,ask,2590,4718.391
2024-08-19 19:56:39,ETHUSDT,ask,2590,4718.401
2024-08-19 19:56:48,ETHUSDT,ask,2590,4720.401
2024-08-19 19:56:51,ETHUSDT,ask,2590,4718.401
2024-08-19 19:57:04,ETHUSDT,ask,2590,4719.561
2024-08-19 19:57:30,ETHUSDT,ask,2590,4735.561
2024-08-19 19:57:30,ETHUSDT,ask,2590,4745.561
2024-08-19 19:57:31,ETHUSDT,ask,2590,4719.561
2024-08-19 19:58:27,ETHUSDT,ask,2590,4723.083
2024-08-19 19:58:34,ETHUSDT,ask,2590,4721.017
2024-08-19 19:59:03,ETHUSDT,ask,2590,4722.703
2024-08-19 19:59:59,ETHUSDT,ask,2590,4719.331
2024-08-19 20:00:09,ETHUSDT,ask,2590,4719.321
2024-08-19 20:00:53,ETHUSDT,ask,2590,4719.282
2024-08-19 20:01:02,ETHUSDT,ask,2590,4719.582
2024-08-19 20:01:15,ETHUSDT,ask,2590,4721.311
2024-08-19 20:01:34,ETHUSDT,ask,2590,4722.989
2024-08-19 20:01:49,ETHUSDT,ask,2590,4722.989
2024-08-19 20:02:22,ETHUSDT,ask,2590,4721.197
2024-08-19 20:02:27,ETHUSDT,ask,2590,4721.178
2024-08-19 20:02:29,ETHUSDT,ask,2590,4721.086
2024-08-19 20:02:32,ETHUSDT,ask,2590,4721.078
2024-08-19 20:02:38,ETHUSDT,ask,2590,4721.418
2024-08-19 20:02:53,ETHUSDT,ask,2590,4721.078
2024-08-19 20:04:05,ETHUSDT,ask,2590,4637.403
2024-08-19 20:04:06,ETHUSDT,ask,2590,4642.047
2024-08-19 20:04:19,ETHUSDT,ask,2590,4642.058
2024-08-19 20:04:39,ETHUSDT,ask,2590,4642.047
2024-08-19 20:04:56,ETHUSDT,ask,2590,4649.626
2024-08-19 20:04:56,ETHUSDT,ask,2590,4642.047
2024-08-19 20:05:14,ETHUSDT,ask,2590,4642.627
2024-08-19 20:05:15,ETHUSDT,ask,2590,4642.64
2024-08-19 20:05:18,ETHUSDT,ask,2590,4642.627
2024-08-19 20:05:34,ETHUSDT,ask,2590,4640.787
2024-08-19 20:05:45,ETHUSDT,ask,2590,4640.787
2024-08-19 20:05:49,ETHUSDT,ask,2590,4640.067
2024-08-19 20:06:11,ETHUSDT,ask,2590,4640.067
2024-08-19 20:06:13,ETHUSDT,ask,2590,4644.873
2024-08-19 20:06:36,ETHUSDT,ask,2590,4649.477
2024-08-19 20:06:42,ETHUSDT,ask,2590,4649.487
2024-08-19 20:06:46,ETHUSDT,ask,2590,4645.03
2024-08-19 20:07:02,ETHUSDT,ask,2590,4644.891
2024-08-19 20:07:12,ETHUSDT,ask,2590,4644.891
2024-08-19 20:07:14,ETHUSDT,ask,2590,4645.277
2024-08-19 20:07:14,ETHUSDT,ask,2590,4645.277
2024-08-19 20:07:15,ETHUSDT,ask,2590,4644.891
2024-08-19 20:07:15,ETHUSDT,ask,2590,4644.911
2024-08-19 20:07:15,ETHUSDT,ask,2590,4644.911
2024-08-19 20:07:15,ETHUSDT,ask,2590,4650.856
2024-08-19 20:07:16,ETHUSDT,ask,2590,4650.836
2024-08-19 20:07:16,ETHUSDT,ask,2590,4656.63
2024-08-19 20:07:16,ETHUSDT,ask,2590,4650.836
2024-08-19 20:07:17,ETHUSDT,ask,2590,4645.042
2024-08-19 20:07:17,ETHUSDT,ask,2590,4656.547
2024-08-19 20:07:18,ETHUSDT,ask,2590,4662.34
2024-08-19 20:07:20,ETHUSDT,ask,2590,4668.133
2024-08-19 20:07:20,ETHUSDT,ask,2590,4656.547
2024-08-19 20:07:23,ETHUSDT,ask,2590,4658.478
2024-08-19 20:07:24,ETHUSDT,ask,2590,4656.547
2024-08-19 20:07:25,ETHUSDT,ask,2590,4656.623
2024-08-19 20:07:25,ETHUSDT,ask,2590,4656.547
2024-08-19 20:07:25,ETHUSDT,ask,2590,4668.137
2024-08-19 20:07:26,ETHUSDT,ask,2590,4668.267
2024-08-19 20:07:26,ETHUSDT,ask,2590,4668.847
2024-08-19 20:07:27,ETHUSDT,ask,2590,4657.257
2024-08-19 20:07:27,ETHUSDT,ask,2590,4653.965
2024-08-19 20:07:31,ETHUSDT,ask,2590,4647.674
2024-08-19 20:07:32,ETHUSDT,ask,2590,4641.75
2024-08-19 20:07:32,ETHUSDT,ask,2590,4669.053
2024-08-19 20:07:32,ETHUSDT,ask,2590,4670.397
2024-08-19 20:07:32,ETHUSDT,ask,2590,4670.246
2024-08-19 20:07:33,ETHUSDT,ask,2590,4669.046
2024-08-19 20:07:33,ETHUSDT,ask,2590,4641.917
2024-08-19 20:07:33,ETHUSDT,ask,2590,4642.517
2024-08-19 20:07:33,ETHUSDT,ask,2590,4641.917
2024-08-19 20:07:33,ETHUSDT,ask,2590,4641.599
2024-08-19 20:07:33,ETHUSDT,ask,2590,4642.999
2024-08-19 20:07:34,ETHUSDT,ask,2590,4642.799
2024-08-19 20:07:34,ETHUSDT,ask,2590,4642.699
2024-08-19 20:07:34,ETHUSDT,ask,2590,4642.399
2024-08-19 20:07:34,ETHUSDT,ask,2590,4641.599
2024-08-19 20:07:34,ETHUSDT,ask,2590,4641.599
2024-08-19 20:07:34,ETHUSDT,ask,2590,4641.599
2024-08-19 20:07:36,ETHUSDT,ask,2590,4641.599
2024-08-19 20:07:39,ETHUSDT,ask,2590,4643.531
2024-08-19 20:07:39,ETHUSDT,ask,2590,4643.931
2024-08-19 20:07:40,ETHUSDT,ask,2590,4641.999
2024-08-19 20:07:40,ETHUSDT,ask,2590,4642.077
2024-08-19 20:07:40,ETHUSDT,ask,2590,4641.599
2024-08-19 20:07:41,ETHUSDT,ask,2590,4642.599
2024-08-19 20:07:42,ETHUSDT,ask,2590,4641.599
2024-08-19 20:07:42,ETHUSDT,ask,2590,4646.725
2024-08-19 20:07:42,ETHUSDT,ask,2590,4641.599
2024-08-19 20:07:42,ETHUSDT,ask,2590,4642.112
2024-08-19 20:07:43,ETHUSDT,ask,2590,4641.599
2024-08-19 20:07:44,ETHUSDT,ask,2590,4641.599
2024-08-19 20:07:44,ETHUSDT,ask,2590,4641.999
2024-08-19 20:07:45,ETHUSDT,ask,2590,4641.599
2024-08-19 20:07:46,ETHUSDT,ask,2590,4646.851
2024-08-19 20:07:46,ETHUSDT,ask,2590,4641.599
2024-08-19 20:07:46,ETHUSDT,ask,2590,4641.699
2024-08-19 20:07:46,ETHUSDT,ask,2590,4642.599
2024-08-19 20:07:47,ETHUSDT,ask,2590,4641.599
2024-08-19 20:07:53,ETHUSDT,ask,2590,4642.099
2024-08-19 20:07:53,ETHUSDT,ask,2590,4641.699
2024-08-19 20:07:54,ETHUSDT,ask,2590,4641.599
2024-08-19 20:07:55,ETHUSDT,ask,2590,4641.599
2024-08-19 20:07:56,ETHUSDT,ask,2590,4642.399
2024-08-19 20:07:56,ETHUSDT,ask,2590,4641.599
2024-08-19 20:07:56,ETHUSDT,ask,2590,4647.199
2024-08-19 20:07:56,ETHUSDT,ask,2590,4651.136
2024-08-19 20:07:56,ETHUSDT,ask,2590,4647.199
2024-08-19 20:07:57,ETHUSDT,ask,2590,4653.189
2024-08-19 20:07:58,ETHUSDT,ask,2590,4641.599
2024-08-19 20:08:00,ETHUSDT,ask,2590,4642.43
2024-08-19 20:08:01,ETHUSDT,ask,2590,4641.599
2024-08-19 20:08:01,ETHUSDT,ask,2590,4642.599
2024-08-19 20:08:01,ETHUSDT,ask,2590,4641.599
2024-08-19 20:08:02,ETHUSDT,ask,2590,4636.793
2024-08-19 20:08:02,ETHUSDT,ask,2590,4638.0
2024-08-19 20:08:03,ETHUSDT,ask,2590,4638.4
2024-08-19 20:08:04,ETHUSDT,ask,2590,4637.193
2024-08-19 20:08:04,ETHUSDT,ask,2590,4637.193
2024-08-19 20:08:04,ETHUSDT,ask,2590,4637.212
2024-08-19 20:08:04,ETHUSDT,ask,2590,4655.551
2024-08-19 20:08:06,ETHUSDT,ask,2590,4661.344
2024-08-19 20:08:06,ETHUSDT,ask,2590,4655.551
2024-08-19 20:08:06,ETHUSDT,ask,2590,4678.712
2024-08-19 20:08:07,ETHUSDT,ask,2590,4637.386
2024-08-19 20:08:08,ETHUSDT,ask,2590,4637.193
2024-08-19 20:08:08,ETHUSDT,ask,2590,4637.193
2024-08-19 20:08:10,ETHUSDT,ask,2590,4636.793
2024-08-19 20:08:10,ETHUSDT,ask,2590,4636.831
2024-08-19 20:08:10,ETHUSDT,ask,2590,4637.427
2024-08-19 20:08:10,ETHUSDT,ask,2590,4637.331
2024-08-19 20:08:11,ETHUSDT,ask,2590,4637.807
2024-08-19 20:08:11,ETHUSDT,ask,2590,4637.787
2024-08-19 20:08:12,ETHUSDT,ask,2590,4637.287
2024-08-19 20:08:12,ETHUSDT,ask,2590,4637.837
2024-08-19 20:08:14,ETHUSDT,ask,2590,4637.381
2024-08-19 20:08:16,ETHUSDT,ask,2590,4637.343
2024-08-19 20:08:19,ETHUSDT,ask,2590,4637.363
2024-08-19 20:08:19,ETHUSDT,ask,2590,4637.363
2024-08-19 20:08:20,ETHUSDT,ask,2590,4637.363
2024-08-19 20:08:20,ETHUSDT,ask,2590,4637.363
2024-08-19 20:08:20,ETHUSDT,ask,2590,4652.832
2024-08-19 20:08:20,ETHUSDT,ask,2590,4652.832
2024-08-19 20:08:20,ETHUSDT,ask,2590,4652.812
2024-08-19 20:08:21,ETHUSDT,ask,2590,4654.381
2024-08-19 20:08:22,ETHUSDT,ask,2590,4654.381
2024-08-19 20:08:22,ETHUSDT,ask,2590,4654.458
2024-08-19 20:08:23,ETHUSDT,ask,2590,4653.908
2024-08-19 20:08:24,ETHUSDT,ask,2590,4638.439
2024-08-19 20:08:24,ETHUSDT,ask,2590,4638.439
2024-08-19 20:08:27,ETHUSDT,ask,2590,4638.639
2024-08-19 20:08:27,ETHUSDT,ask,2590,4638.739
2024-08-19 20:08:27,ETHUSDT,ask,2590,4638.439
2024-08-19 20:08:27,ETHUSDT,ask,2590,4638.439
2024-08-19 20:08:27,ETHUSDT,ask,2590,4638.593
2024-08-19 20:08:28,ETHUSDT,ask,2590,4638.744
2024-08-19 20:08:28,ETHUSDT,ask,2590,4638.593
2024-08-19 20:08:29,ETHUSDT,ask,2590,4638.786
2024-08-19 20:08:31,ETHUSDT,ask,2590,4638.986
2024-08-19 20:08:31,ETHUSDT,ask,2590,4638.786
2024-08-19 20:08:33,ETHUSDT,ask,2590,4642.986
2024-08-19 20:08:33,ETHUSDT,ask,2590,4638.786
2024-08-19 20:08:33,ETHUSDT,ask,2590,4642.986
2024-08-19 20:08:33,ETHUSDT,ask,2590,4638.786
2024-08-19 20:08:34,ETHUSDT,ask,2590,4638.786
2024-08-19 20:08:34,ETHUSDT,ask,2590,4649.185
2024-08-19 20:08:35,ETHUSDT,ask,2590,4652.619
2024-08-19 20:08:36,ETHUSDT,ask,2590,4642.297
2024-08-19 20:08:37,ETHUSDT,ask,2590,4638.863
2024-08-19 20:08:37,ETHUSDT,ask,2590,4638.863
2024-08-19 20:08:38,ETHUSDT,ask,2590,4639.863
2024-08-19 20:08:39,ETHUSDT,ask,2590,4642.863
2024-08-19 20:08:39,ETHUSDT,ask,2590,4642.863
2024-08-19 20:08:40,ETHUSDT,ask,2590,4642.863
2024-08-19 20:08:40,ETHUSDT,ask,2590,4642.056
2024-08-19 20:08:40,ETHUSDT,ask,2590,4642.256
2024-08-19 20:08:40,ETHUSDT,ask,2590,4642.056
2024-08-19 20:08:40,ETHUSDT,ask,2590,4641.863
2024-08-19 20:08:40,ETHUSDT,ask,2590,4642.063
2024-08-19 20:08:41,ETHUSDT,ask,2590,4641.863
2024-08-19 20:08:42,ETHUSDT,ask,2590,4641.786
2024-08-19 20:08:45,ETHUSDT,ask,2590,4643.717
2024-08-19 20:08:46,ETHUSDT,ask,2590,4643.717
2024-08-19 20:08:48,ETHUSDT,ask,2590,4642.086
2024-08-19 20:08:48,ETHUSDT,ask,2590,4642.086
2024-08-19 20:08:49,ETHUSDT,ask,2590,4644.017
2024-08-19 20:08:49,ETHUSDT,ask,2590,4642.086
2024-08-19 20:08:49,ETHUSDT,ask,2590,4641.786
2024-08-19 20:08:51,ETHUSDT,ask,2590,4641.632
2024-08-19 20:08:51,ETHUSDT,ask,2590,4645.832
2024-08-19 20:08:52,ETHUSDT,ask,2590,4647.763
2024-08-19 20:08:52,ETHUSDT,ask,2590,4645.832
2024-08-19 20:08:53,ETHUSDT,ask,2590,4641.632
2024-08-19 20:08:55,ETHUSDT,ask,2590,4641.632
2024-08-19 20:08:56,ETHUSDT,ask,2590,4645.832
2024-08-19 20:08:56,ETHUSDT,ask,2590,4646.632
2024-08-19 20:08:56,ETHUSDT,ask,2590,4646.632
2024-08-19 20:08:57,ETHUSDT,ask,2590,4645.832
2024-08-19 20:08:58,ETHUSDT,ask,2590,4641.632
2024-08-19 20:08:58,ETHUSDT,ask,2590,4282.418
2024-08-19 20:08:59,ETHUSDT,ask,2590,4279.237
2024-08-19 20:08:59,ETHUSDT,ask,2590,4076.673
2024-08-19 20:08:59,ETHUSDT,ask,2590,4076.48
2024-08-19 20:08:59,ETHUSDT,ask,2590,4076.488
2024-08-19 20:08:59,ETHUSDT,ask,2590,4077.496
2024-08-19 20:08:59,ETHUSDT,ask,2590,3983.979
2024-08-19 20:08:59,ETHUSDT,ask,2590,3986.885
2024-08-19 20:08:59,ETHUSDT,ask,2590,3986.508
2024-08-19 20:09:00,ETHUSDT,ask,2590,3986.517
2024-08-19 20:09:00,ETHUSDT,ask,2590,3952.667
2024-08-19 20:09:00,ETHUSDT,ask,2590,3950.235
2024-08-19 20:09:00,ETHUSDT,ask,2590,3952.753
2024-08-19 20:09:00,ETHUSDT,ask,2590,3960.335
2024-08-19 20:09:00,ETHUSDT,ask,2590,3959.349
2024-08-19 20:09:00,ETHUSDT,ask,2590,3959.716
2024-08-19 20:09:00,ETHUSDT,ask,2590,3958.557
2024-08-19 20:09:00,ETHUSDT,ask,2590,3952.491
2024-08-19 20:09:00,ETHUSDT,ask,2590,3952.57
2024-08-19 20:09:01,ETHUSDT,ask,2590,3949.336
2024-08-19 20:09:01,ETHUSDT,ask,2590,3950.69
2024-08-19 20:09:01,ETHUSDT,ask,2590,3932.375
2024-08-19 20:09:01,ETHUSDT,ask,2590,3938.564
2024-08-19 20:09:01,ETHUSDT,ask,2590,3939.721
2024-08-19 20:09:01,ETHUSDT,ask,2590,3934.18
2024-08-19 20:09:01,ETHUSDT,ask,2590,3934.13
2024-08-19 20:09:01,ETHUSDT,ask,2590,3934.131
2024-08-19 20:09:02,ETHUSDT,ask,2590,3935.155
2024-08-19 20:09:02,ETHUSDT,ask,2590,3935.518
2024-08-19 20:09:02,ETHUSDT,ask,2590,3933.324
2024-08-19 20:09:02,ETHUSDT,ask,2590,3934.038
2024-08-19 20:09:02,ETHUSDT,ask,2590,3929.897
2024-08-19 20:09:02,ETHUSDT,ask,2590,3928.182
2024-08-19 20:09:02,ETHUSDT,ask,2590,3921.278
2024-08-19 20:09:03,ETHUSDT,ask,2590,3925.358
2024-08-19 20:09:03,ETHUSDT,ask,2590,3925.343
2024-08-19 20:09:03,ETHUSDT,ask,2590,3922.888
2024-08-19 20:09:03,ETHUSDT,ask,2590,3921.855
2024-08-19 20:09:03,ETHUSDT,ask,2590,3918.685
2024-08-19 20:09:03,ETHUSDT,ask,2590,3917.685
2024-08-19 20:09:03,ETHUSDT,ask,2590,3913.972
2024-08-19 20:09:03,ETHUSDT,ask,2590,3913.977
2024-08-19 20:09:04,ETHUSDT,ask,2590,3916.129
2024-08-19 20:09:04,ETHUSDT,ask,2590,3916.108
2024-08-19 20:09:04,ETHUSDT,ask,2590,3915.625
2024-08-19 20:09:04,ETHUSDT,ask,2590,3915.625
2024-08-19 20:09:04,ETHUSDT,ask,2590,3916.625
2024-08-19 20:09:04,ETHUSDT,ask,2590,3914.947
2024-08-19 20:09:04,ETHUSDT,ask,2590,3914.904
2024-08-19 20:09:04,ETHUSDT,ask,2590,3914.884
2024-08-19 20:09:04,ETHUSDT,ask,2590,3914.894
2024-08-19 20:09:04,ETHUSDT,ask,2590,3915.249
2024-08-19 20:09:04,ETHUSDT,ask,2590,3916.207
2024-08-19 20:09:04,ETHUSDT,ask,2590,3915.087
2024-08-19 20:09:04,ETHUSDT,ask,2590,3915.069
2024-08-19 20:09:05,ETHUSDT,ask,2590,3914.987
2024-08-19 20:09:05,ETHUSDT,ask,2590,3914.987
2024-08-19 20:09:05,ETHUSDT,ask,2590,3915.987
2024-08-19 20:09:05,ETHUSDT,ask,2590,3914.894
2024-08-19 20:09:05,ETHUSDT,ask,2590,3915.586
2024-08-19 20:09:05,ETHUSDT,ask,2590,3914.815
2024-08-19 20:09:05,ETHUSDT,ask,2590,3913.765
2024-08-19 20:09:05,ETHUSDT,ask,2590,3913.806
2024-08-19 20:09:05,ETHUSDT,ask,2590,3913.766
2024-08-19 20:09:05,ETHUSDT,ask,2590,3913.417
2024-08-19 20:09:06,ETHUSDT,ask,2590,3912.739
2024-08-19 20:09:06,ETHUSDT,ask,2590,3912.691
2024-08-19 20:09:06,ETHUSDT,ask,2590,3911.972
2024-08-19 20:09:06,ETHUSDT,ask,2590,3912.972
2024-08-19 20:09:06,ETHUSDT,ask,2590,3912.586
2024-08-19 20:09:06,ETHUSDT,ask,2590,3912.487
2024-08-19 20:09:06,ETHUSDT,ask,2590,3912.005
2024-08-19 20:09:06,ETHUSDT,ask,2590,3881.993
2024-08-19 20:09:07,ETHUSDT,ask,2590,3881.654
2024-08-19 20:09:07,ETHUSDT,ask,2590,3871.544
2024-08-19 20:09:07,ETHUSDT,ask,2590,3871.531
2024-08-19 20:22:05,ETHUSDT,bid,2590,6071.155
2024-08-19 20:22:06,ETHUSDT,bid,2590,6071.285
2024-08-19 20:22:10,ETHUSDT,bid,2590,6426.636
2024-08-19 20:22:10,ETHUSDT,bid,2590,6071.285
2024-08-19 20:22:11,ETHUSDT,bid,2590,6071.863
2024-08-19 20:22:12,ETHUSDT,bid,2590,6072.669
2024-08-19 20:22:15,ETHUSDT,bid,2590,6073.32
2024-08-19 20:22:15,ETHUSDT,bid,2590,6072.842
2024-08-19 20:22:15,ETHUSDT,bid,2590,6072.677
2024-08-19 20:22:16,ETHUSDT,bid,2590,6072.805
2024-08-19 20:22:18,ETHUSDT,bid,2590,6073.181
2024-08-19 20:22:19,ETHUSDT,bid,2590,6072.797
2024-08-19 20:22:21,ETHUSDT,bid,2590,6073.181
2024-08-19 20:22:21,ETHUSDT,bid,2590,6072.797
2024-08-19 20:22:23,ETHUSDT,bid,2590,6082.797
2024-08-19 20:22:27,ETHUSDT,bid,2590,6094.387
2024-08-19 20:22:27,ETHUSDT,bid,2590,6082.797
2024-08-19 20:22:27,ETHUSDT,bid,2590,6082.669
2024-08-19 20:22:27,ETHUSDT,bid,2590,6082.091
2024-08-19 20:22:44,ETHUSDT,bid,2590,6084.032
2024-08-19 20:22:45,ETHUSDT,bid,2590,6082.091
2024-08-19 20:22:48,ETHUSDT,bid,2590,6083.247
2024-08-19 20:23:00,ETHUSDT,bid,2590,6083.127
2024-08-19 20:23:11,ETHUSDT,bid,2590,6002.845
2024-08-19 20:23:12,ETHUSDT,bid,2590,6004.769
2024-08-19 20:23:12,ETHUSDT,bid,2590,6002.845
2024-08-19 20:23:12,ETHUSDT,bid,2590,6008.711
2024-08-19 20:23:14,ETHUSDT,bid,2590,6008.615
2024-08-19 20:23:14,ETHUSDT,bid,2590,6008.732
2024-08-19 20:23:15,ETHUSDT,bid,2590,6002.962
2024-08-19 20:23:21,ETHUSDT,bid,2590,6003.112
2024-08-19 20:23:21,ETHUSDT,bid,2590,6016.758
2024-08-19 20:23:26,ETHUSDT,bid,2590,6028.195
2024-08-19 20:23:26,ETHUSDT,bid,2590,6060.97
2024-08-19 20:23:26,ETHUSDT,bid,2590,6061.463
2024-08-19 20:23:27,ETHUSDT,bid,2590,6061.478
2024-08-19 21:50:36,ETHUSDT,ask,2580,8389.325
2024-08-19 21:50:41,ETHUSDT,ask,2580,8389.325
2024-08-19 21:50:52,ETHUSDT,ask,2580,8389.333
2024-08-19 21:50:52,ETHUSDT,ask,2580,8390.333
2024-08-19 21:50:54,ETHUSDT,ask,2580,8390.325
2024-08-19 21:51:08,ETHUSDT,ask,2580,8392.017
2024-08-19 21:51:09,ETHUSDT,ask,2580,6142.621
2024-08-19 21:51:11,ETHUSDT,ask,2580,6146.007
2024-08-19 21:51:11,ETHUSDT,ask,2580,6144.314
2024-08-19 21:51:11,ETHUSDT,ask,2580,6142.621
2024-08-19 21:51:12,ETHUSDT,ask,2580,6142.11
2024-08-19 21:51:14,ETHUSDT,ask,2580,6151.802
2024-08-19 21:51:16,ETHUSDT,ask,2580,6142.11
2024-08-19 21:51:52,ETHUSDT,ask,2580,6140.94
2024-08-19 21:51:58,ETHUSDT,ask,2580,6156.376
2024-08-19 21:52:02,ETHUSDT,ask,2580,6140.929
2024-08-19 21:52:04,ETHUSDT,ask,2580,6108.013
2024-08-19 21:52:04,ETHUSDT,ask,2580,6106.013
2024-08-19 21:52:06,ETHUSDT,ask,2580,6106.013
2024-08-19 21:52:32,ETHUSDT,ask,2580,6132.013
2024-08-19 21:53:16,ETHUSDT,ask,2580,6106.568
2024-08-19 21:53:25,ETHUSDT,ask,2580,6106.768
2024-08-19 21:53:52,ETHUSDT,ask,2580,6108.768
2024-08-19 21:53:54,ETHUSDT,ask,2580,6106.768
2024-08-19 21:53:57,ETHUSDT,ask,2580,6108.768
2024-08-19 21:53:58,ETHUSDT,ask,2580,6106.768
2024-08-19 21:53:59,ETHUSDT,ask,2580,6108.768
2024-08-19 21:53:59,ETHUSDT,ask,2580,6106.768
2024-08-19 21:54:49,ETHUSDT,ask,2580,6138.989
2024-08-19 21:55:53,ETHUSDT,ask,2580,6140.989
2024-08-19 21:56:30,ETHUSDT,ask,2580,6142.222
2024-08-19 21:56:30,ETHUSDT,ask,2580,6141.834
2024-08-19 21:56:31,ETHUSDT,ask,2580,6142.222
2024-08-19 21:56:31,ETHUSDT,ask,2580,6141.834
2024-08-19 21:56:32,ETHUSDT,ask,2580,6136.544
2024-08-19 21:56:40,ETHUSDT,ask,2580,6131.84
2024-08-19 21:56:59,ETHUSDT,ask,2580,6133.84
2024-08-19 21:57:17,ETHUSDT,ask,2580,6101.619
2024-08-19 21:57:48,ETHUSDT,ask,2580,6102.972
2024-08-19 21:57:49,ETHUSDT,ask,2580,6103.286
2024-08-19 21:57:53,ETHUSDT,ask,2580,6102.286
2024-08-19 21:58:00,ETHUSDT,ask,2580,6102.648
2024-08-19 21:58:07,ETHUSDT,ask,2580,6134.663
2024-08-19 21:58:13,ETHUSDT,ask,2580,6135.818
2024-08-19 21:58:14,ETHUSDT,ask,2580,6137.385
2024-08-19 21:58:14,ETHUSDT,ask,2580,6135.818
2024-08-19 21:58:14,ETHUSDT,ask,2580,6137.385
2024-08-19 21:58:15,ETHUSDT,ask,2580,6135.818
2024-08-19 21:58:20,ETHUSDT,ask,2580,6155.818
2024-08-19 21:58:25,ETHUSDT,ask,2580,6155.818
2024-08-19 21:58:30,ETHUSDT,ask,2580,6135.818
2024-08-19 21:58:30,ETHUSDT,ask,2580,6137.385
2024-08-19 21:58:33,ETHUSDT,ask,2580,6134.663
2024-08-19 21:58:47,ETHUSDT,ask,2580,6134.663
2024-08-19 21:58:53,ETHUSDT,ask,2580,6136.889
2024-08-19 21:59:17,ETHUSDT,bid,2570,14883.066
2024-08-19 22:34:48,ETHUSDT,bid,2580,8814.349
2024-08-19 22:34:50,ETHUSDT,bid,2580,8822.332
2024-08-19 22:34:51,ETHUSDT,bid,2580,8821.467
2024-08-19 22:34:51,ETHUSDT,bid,2580,8821.021
2024-08-19 22:34:53,ETHUSDT,bid,2580,8821.041
2024-08-19 22:34:54,ETHUSDT,bid,2580,8821.021
2024-08-19 22:34:54,ETHUSDT,bid,2580,8817.201
2024-08-19 22:35:00,ETHUSDT,bid,2580,8819.34
2024-08-19 22:35:00,ETHUSDT,bid,2580,8815.005
2024-08-19 22:35:02,ETHUSDT,bid,2580,8828.099
2024-08-19 22:35:02,ETHUSDT,bid,2580,8817.341
2024-08-19 22:35:02,ETHUSDT,bid,2580,8827.953
2024-08-19 22:35:04,ETHUSDT,bid,2580,8837.919
2024-08-19 22:35:04,ETHUSDT,bid,2580,8827.307
2024-08-19 22:35:04,ETHUSDT,bid,2580,8814.299
2024-08-19 22:35:06,ETHUSDT,bid,2580,8815.75
2024-08-19 22:35:07,ETHUSDT,bid,2580,8814.299
2024-08-19 22:35:07,ETHUSDT,bid,2580,8824.477
2024-08-19 22:35:07,ETHUSDT,bid,2580,8814.509
2024-08-19 22:35:08,ETHUSDT,bid,2580,8814.299
2024-08-19 22:35:08,ETHUSDT,bid,2580,8815.072
2024-08-19 22:35:08,ETHUSDT,bid,2580,8814.299
2024-08-19 22:35:09,ETHUSDT,bid,2580,8814.323
2024-08-19 22:35:14,ETHUSDT,bid,2580,8814.723
2024-08-19 22:35:14,ETHUSDT,bid,2580,8815.457
2024-08-19 22:35:14,ETHUSDT,bid,2580,8814.323
2024-08-19 22:35:14,ETHUSDT,bid,2580,8815.457
2024-08-19 22:35:15,ETHUSDT,bid,2580,8814.323
2024-08-19 22:35:15,ETHUSDT,bid,2580,8815.457
2024-08-19 22:35:15,ETHUSDT,bid,2580,8814.323
2024-08-19 22:35:15,ETHUSDT,bid,2580,8815.457
2024-08-19 22:35:15,ETHUSDT,bid,2580,8815.457
2024-08-19 22:35:15,ETHUSDT,bid,2580,8814.323
2024-08-19 22:35:22,ETHUSDT,bid,2580,8876.004
2024-08-19 22:35:22,ETHUSDT,bid,2580,8873.829
2024-08-19 22:35:24,ETHUSDT,bid,2580,8816.498
2024-08-19 22:35:24,ETHUSDT,bid,2580,8816.498
2024-08-19 22:35:24,ETHUSDT,bid,2580,8816.498
2024-08-19 22:35:25,ETHUSDT,bid,2580,8814.323
2024-08-19 22:35:25,ETHUSDT,bid,2580,8814.323
2024-08-19 22:35:25,ETHUSDT,bid,2580,8814.323
2024-08-19 22:35:25,ETHUSDT,bid,2580,8816.498
2024-08-19 22:35:25,ETHUSDT,bid,2580,8816.498
2024-08-19 22:35:25,ETHUSDT,bid,2580,8816.498
2024-08-19 22:35:25,ETHUSDT,bid,2580,8814.323
2024-08-19 22:35:25,ETHUSDT,bid,2580,8814.323
2024-08-19 22:35:26,ETHUSDT,bid,2580,8816.499
2024-08-19 22:35:26,ETHUSDT,bid,2580,8814.323
2024-08-19 22:35:28,ETHUSDT,bid,2580,8814.323
2024-08-19 22:35:29,ETHUSDT,bid,2580,8814.323
2024-08-19 22:35:29,ETHUSDT,bid,2580,8820.851
2024-08-19 22:35:30,ETHUSDT,bid,2580,8845.74
2024-08-19 22:35:32,ETHUSDT,bid,2580,8837.594
2024-08-19 22:35:32,ETHUSDT,bid,2580,8828.265
2024-08-19 22:35:32,ETHUSDT,bid,2580,8827.465
2024-08-19 22:35:33,ETHUSDT,bid,2580,8815.957
2024-08-19 22:35:33,ETHUSDT,bid,2580,8816.757
2024-08-19 22:35:34,ETHUSDT,bid,2580,8816.564
2024-08-19 22:35:35,ETHUSDT,bid,2580,8815.764
2024-08-19 22:35:36,ETHUSDT,bid,2580,8816.899
2024-08-19 22:35:39,ETHUSDT,bid,2580,8818.034
2024-08-19 22:35:39,ETHUSDT,bid,2580,8816.899
2024-08-19 22:35:39,ETHUSDT,bid,2580,8818.034
2024-08-19 22:35:39,ETHUSDT,bid,2580,8816.899
2024-08-19 22:35:40,ETHUSDT,bid,2580,8816.899
2024-08-19 22:35:40,ETHUSDT,bid,2580,8818.034
2024-08-19 22:35:40,ETHUSDT,bid,2580,8816.899
2024-08-19 22:35:40,ETHUSDT,bid,2580,8818.034
2024-08-19 22:35:40,ETHUSDT,bid,2580,8816.899
2024-08-19 22:35:41,ETHUSDT,bid,2580,8815.764
2024-08-19 22:35:43,ETHUSDT,bid,2580,8816.064
2024-08-19 22:35:43,ETHUSDT,bid,2580,8815.964
2024-08-19 22:35:44,ETHUSDT,bid,2580,8815.764
2024-08-19 22:35:47,ETHUSDT,bid,2580,8833.072
2024-08-19 22:35:47,ETHUSDT,bid,2580,8825.831
2024-08-19 22:35:48,ETHUSDT,bid,2580,8836.222
2024-08-19 22:35:49,ETHUSDT,bid,2580,8836.772
2024-08-19 22:35:49,ETHUSDT,bid,2580,8836.222
2024-08-19 22:35:49,ETHUSDT,bid,2580,8825.831
2024-08-19 22:35:49,ETHUSDT,bid,2580,8826.218
2024-08-19 22:35:50,ETHUSDT,bid,2580,8825.831
2024-08-19 22:35:51,ETHUSDT,bid,2580,8825.831
2024-08-19 22:35:54,ETHUSDT,bid,2580,8826.421
2024-08-19 22:35:55,ETHUSDT,bid,2580,8825.831
2024-08-19 22:36:01,ETHUSDT,bid,2580,8816.697
2024-08-19 22:36:02,ETHUSDT,bid,2580,8818.631
2024-08-19 22:36:02,ETHUSDT,bid,2580,8818.593
2024-08-19 22:36:03,ETHUSDT,bid,2580,8816.659
2024-08-19 22:36:04,ETHUSDT,bid,2580,8816.779
2024-08-19 22:36:04,ETHUSDT,bid,2580,8828.487
2024-08-19 22:36:05,ETHUSDT,bid,2580,8839.875
2024-08-19 22:36:05,ETHUSDT,bid,2580,8840.262
2024-08-19 22:36:06,ETHUSDT,bid,2580,8839.875
2024-08-19 22:36:07,ETHUSDT,bid,2580,8839.875
2024-08-19 22:36:11,ETHUSDT,bid,2580,8839.995
2024-08-19 22:36:13,ETHUSDT,bid,2580,8839.795
2024-08-19 22:36:13,ETHUSDT,bid,2580,8837.459
2024-08-19 22:36:13,ETHUSDT,bid,2580,8825.951
2024-08-19 22:36:15,ETHUSDT,bid,2580,8826.751
2024-08-19 22:36:15,ETHUSDT,bid,2580,8827.151
2024-08-19 22:36:15,ETHUSDT,bid,2580,8825.951
2024-08-19 22:36:15,ETHUSDT,bid,2580,8826.251
2024-08-19 22:36:15,ETHUSDT,bid,2580,8826.151
2024-08-19 22:36:15,ETHUSDT,bid,2580,8825.951
2024-08-19 22:36:18,ETHUSDT,bid,2580,8826.151
2024-08-19 22:36:18,ETHUSDT,bid,2580,8825.951
2024-08-19 22:36:19,ETHUSDT,bid,2580,8826.251
2024-08-19 22:36:19,ETHUSDT,bid,2580,8825.951
2024-08-19 22:36:19,ETHUSDT,bid,2580,8826.251
2024-08-19 22:36:22,ETHUSDT,bid,2580,8825.951
2024-08-19 22:36:22,ETHUSDT,bid,2580,8826.951
2024-08-19 22:36:22,ETHUSDT,bid,2580,8825.951
2024-08-19 22:36:23,ETHUSDT,bid,2580,8825.951
2024-08-19 22:36:23,ETHUSDT,bid,2580,8825.951
2024-08-19 22:36:23,ETHUSDT,bid,2580,8826.338
2024-08-19 22:36:25,ETHUSDT,bid,2580,8825.951
2024-08-19 22:36:27,ETHUSDT,bid,2580,8826.082
2024-08-19 22:36:29,ETHUSDT,bid,2580,8826.253
2024-08-19 22:36:34,ETHUSDT,bid,2580,8827.053
2024-08-19 22:36:34,ETHUSDT,bid,2580,8827.153
2024-08-19 22:36:34,ETHUSDT,bid,2580,8826.353
2024-08-19 22:36:34,ETHUSDT,bid,2580,8826.253
2024-08-19 22:36:36,ETHUSDT,bid,2580,8827.459
2024-08-19 22:36:36,ETHUSDT,bid,2580,8826.253
2024-08-19 22:36:36,ETHUSDT,bid,2580,8826.253
2024-08-19 22:36:38,ETHUSDT,bid,2580,8826.253
2024-08-19 22:36:40,ETHUSDT,bid,2580,8826.353
2024-08-19 22:36:41,ETHUSDT,bid,2580,8816.908
2024-08-19 22:36:41,ETHUSDT,bid,2580,8816.508
2024-08-19 22:36:43,ETHUSDT,bid,2580,8814.574
2024-08-19 22:36:44,ETHUSDT,bid,2580,8816.536
2024-08-19 22:36:46,ETHUSDT,bid,2580,8814.574
2024-08-19 22:36:47,ETHUSDT,bid,2580,8814.974
2024-08-19 22:36:48,ETHUSDT,bid,2580,8814.574
2024-08-19 22:36:49,ETHUSDT,bid,2580,8814.974
2024-08-19 22:36:50,ETHUSDT,bid,2580,8814.574
2024-08-19 22:36:50,ETHUSDT,bid,2580,8818.229
2024-08-19 22:36:50,ETHUSDT,bid,2580,8814.574
2024-08-19 22:36:59,ETHUSDT,bid,2580,8816.69
2024-08-19 22:37:00,ETHUSDT,bid,2580,8814.343
2024-08-19 22:37:00,ETHUSDT,bid,2580,8814.73
2024-08-19 22:37:01,ETHUSDT,bid,2580,8814.73
2024-08-19 22:37:01,ETHUSDT,bid,2580,8814.73
2024-08-19 22:37:01,ETHUSDT,bid,2580,8814.73
2024-08-19 22:37:02,ETHUSDT,bid,2580,8814.73
2024-08-19 22:37:02,ETHUSDT,bid,2580,8814.323
2024-08-19 22:37:03,ETHUSDT,bid,2580,8814.323
2024-08-19 22:37:06,ETHUSDT,bid,2580,8814.333
2024-08-19 22:37:14,ETHUSDT,bid,2580,8814.623
2024-08-19 22:37:14,ETHUSDT,bid,2580,8814.323
2024-08-19 22:37:15,ETHUSDT,bid,2580,8814.443
2024-08-19 22:37:17,ETHUSDT,bid,2580,8814.443
2024-08-19 22:37:18,ETHUSDT,bid,2580,8814.463
2024-08-19 22:37:18,ETHUSDT,bid,2580,8814.463
2024-08-19 22:37:18,ETHUSDT,bid,2580,8814.463
2024-08-19 22:37:19,ETHUSDT,bid,2580,8814.443
2024-08-19 22:37:19,ETHUSDT,bid,2580,8814.443
2024-08-19 22:37:19,ETHUSDT,bid,2580,8814.743
2024-08-19 22:37:20,ETHUSDT,bid,2580,8818.838
2024-08-19 22:37:20,ETHUSDT,bid,2580,8838.454
2024-08-19 22:37:21,ETHUSDT,bid,2580,8814.527
2024-08-19 22:37:22,ETHUSDT,bid,2580,8815.327
2024-08-19 22:37:24,ETHUSDT,bid,2580,8814.527
2024-08-19 22:37:26,ETHUSDT,bid,2580,8816.9
2024-08-19 22:37:26,ETHUSDT,bid,2580,8815.3
2024-08-19 22:37:27,ETHUSDT,bid,2580,8816.1
2024-08-19 22:37:27,ETHUSDT,bid,2580,8815.3
2024-08-19 22:37:27,ETHUSDT,bid,2580,8826.592
2024-08-19 22:37:30,ETHUSDT,bid,2580,8815.3
2024-08-19 22:37:31,ETHUSDT,bid,2580,8815.3
2024-08-19 22:37:31,ETHUSDT,bid,2580,8815.292
2024-08-19 22:37:34,ETHUSDT,bid,2580,8826.584
2024-08-19 22:37:34,ETHUSDT,bid,2580,8827.384
2024-08-19 22:37:34,ETHUSDT,bid,2580,8826.611
2024-08-19 22:37:35,ETHUSDT,bid,2580,8825.811
2024-08-19 22:37:36,ETHUSDT,bid,2580,8814.519
2024-08-19 22:37:39,ETHUSDT,bid,2580,8815.069
2024-08-19 22:37:40,ETHUSDT,bid,2580,8815.069
2024-08-19 22:37:41,ETHUSDT,bid,2580,8815.469
2024-08-19 22:37:41,ETHUSDT,bid,2580,8815.069
2024-08-19 22:37:46,ETHUSDT,bid,2580,8814.519
2024-08-19 22:37:47,ETHUSDT,bid,2580,8829.916
2024-08-19 22:37:49,ETHUSDT,bid,2580,8814.443
2024-08-19 22:37:50,ETHUSDT,bid,2580,8825.735
2024-08-19 22:37:51,ETHUSDT,bid,2580,8825.735
2024-08-19 22:37:53,ETHUSDT,bid,2580,8814.443
2024-08-19 22:37:56,ETHUSDT,bid,2580,8814.513
2024-08-19 22:37:56,ETHUSDT,bid,2580,8814.641
2024-08-19 22:37:57,ETHUSDT,bid,2580,8814.571
2024-08-19 22:38:05,ETHUSDT,bid,2580,8814.393
2024-08-19 22:38:05,ETHUSDT,bid,2580,8814.323
2024-08-19 22:38:08,ETHUSDT,bid,2580,8814.453
2024-08-19 22:38:14,ETHUSDT,bid,2580,8814.453
2024-08-19 22:38:15,ETHUSDT,bid,2580,8814.323
2024-08-19 22:38:26,ETHUSDT,bid,2580,8814.336
2024-08-19 22:38:41,ETHUSDT,bid,2580,8814.336
2024-08-19 22:38:43,ETHUSDT,bid,2580,8816.751
2024-08-19 22:38:43,ETHUSDT,bid,2580,8814.336
2024-08-19 22:39:01,ETHUSDT,bid,2580,8816.028
2024-08-19 22:39:02,ETHUSDT,bid,2580,8814.336
2024-08-19 22:39:14,ETHUSDT,bid,2580,8816.506
2024-08-19 22:39:14,ETHUSDT,bid,2580,8814.336
2024-08-19 22:39:15,ETHUSDT,bid,2580,8814.336
2024-08-19 22:39:22,ETHUSDT,bid,2580,8816.506
2024-08-19 22:39:32,ETHUSDT,bid,2580,8816.526
2024-08-19 22:39:34,ETHUSDT,bid,2580,8814.336
2024-08-19 22:39:38,ETHUSDT,bid,2580,8816.506
2024-08-19 22:39:38,ETHUSDT,bid,2580,8816.506
2024-08-19 22:39:38,ETHUSDT,bid,2580,8816.506
2024-08-19 22:39:39,ETHUSDT,bid,2580,8814.336
2024-08-19 22:39:39,ETHUSDT,bid,2580,8816.506
2024-08-19 22:39:39,ETHUSDT,bid,2580,8816.506
2024-08-19 22:39:39,ETHUSDT,bid,2580,8816.506
2024-08-19 22:39:39,ETHUSDT,bid,2580,8814.336
2024-08-19 22:39:39,ETHUSDT,bid,2580,8814.336
2024-08-19 22:39:40,ETHUSDT,bid,2580,8816.506
2024-08-19 22:39:40,ETHUSDT,bid,2580,8816.506
2024-08-19 22:39:40,ETHUSDT,bid,2580,8816.506
2024-08-19 22:39:40,ETHUSDT,bid,2580,8816.506
2024-08-19 22:39:40,ETHUSDT,bid,2580,8814.336
2024-08-19 22:39:40,ETHUSDT,bid,2580,8814.336
2024-08-19 22:39:41,ETHUSDT,bid,2580,8814.336
2024-08-19 22:39:41,ETHUSDT,bid,2580,8814.336
2024-08-19 22:39:41,ETHUSDT,bid,2580,8814.336
2024-08-19 22:39:51,ETHUSDT,bid,2580,8815.498
2024-08-19 22:39:51,ETHUSDT,bid,2580,8816.66
2024-08-19 22:39:51,ETHUSDT,bid,2580,8816.66
2024-08-19 22:39:52,ETHUSDT,bid,2580,8814.336
2024-08-19 22:40:01,ETHUSDT,bid,2580,8814.336
2024-08-19 22:40:01,ETHUSDT,bid,2580,8814.336
2024-08-19 22:40:01,ETHUSDT,bid,2580,8814.336
2024-08-19 22:40:01,ETHUSDT,bid,2580,8815.498
2024-08-19 22:40:01,ETHUSDT,bid,2580,8815.498
2024-08-19 22:40:01,ETHUSDT,bid,2580,8814.336
2024-08-19 22:40:02,ETHUSDT,bid,2580,8814.336
2024-08-19 22:40:18,ETHUSDT,bid,2580,8817.508
2024-08-19 22:40:22,ETHUSDT,bid,2580,8817.508
2024-08-19 22:40:24,ETHUSDT,bid,2580,8818.089
2024-08-19 22:40:24,ETHUSDT,bid,2580,8818.097
2024-08-19 22:40:26,ETHUSDT,bid,2580,8818.089
2024-08-19 22:40:32,ETHUSDT,bid,2580,8819.271
2024-08-19 22:40:32,ETHUSDT,bid,2580,8819.271
2024-08-19 22:40:32,ETHUSDT,bid,2580,8818.089
2024-08-19 22:40:33,ETHUSDT,bid,2580,8821.754
2024-08-19 22:40:33,ETHUSDT,bid,2580,8822.936
2024-08-19 22:40:33,ETHUSDT,bid,2580,8818.089
2024-08-19 22:40:34,ETHUSDT,bid,2580,8814.893
2024-08-19 22:40:34,ETHUSDT,bid,2580,8816.102
2024-08-19 22:40:34,ETHUSDT,bid,2580,8816.586
2024-08-19 22:40:35,ETHUSDT,bid,2580,8818.279
2024-08-19 22:40:35,ETHUSDT,bid,2580,8819.488
2024-08-19 22:40:35,ETHUSDT,bid,2580,8818.279
2024-08-19 22:40:35,ETHUSDT,bid,2580,8819.488
2024-08-19 22:40:35,ETHUSDT,bid,2580,8818.279
2024-08-19 22:40:40,ETHUSDT,bid,2580,8818.279
2024-08-19 22:40:48,ETHUSDT,bid,2580,8818.279
2024-08-19 22:40:51,ETHUSDT,bid,2580,8821.948
2024-08-19 22:40:53,ETHUSDT,bid,2580,8818.279
2024-08-19 22:40:53,ETHUSDT,bid,2580,8818.279
2024-08-19 22:40:58,ETHUSDT,bid,2580,8821.948
2024-08-19 22:40:58,ETHUSDT,bid,2580,8818.279
2024-08-19 22:41:04,ETHUSDT,bid,2580,8814.893
2024-08-19 22:41:06,ETHUSDT,bid,2580,8818.562
2024-08-19 22:41:07,ETHUSDT,bid,2580,8814.893
2024-08-19 22:41:11,ETHUSDT,bid,2580,8818.562
2024-08-19 22:41:13,ETHUSDT,bid,2580,8814.893
2024-08-19 22:41:17,ETHUSDT,bid,2580,8839.893
2024-08-19 22:41:18,ETHUSDT,bid,2580,8841.102
2024-08-19 22:41:18,ETHUSDT,bid,2580,8841.102
2024-08-19 22:41:18,ETHUSDT,bid,2580,8842.311
2024-08-19 22:41:18,ETHUSDT,bid,2580,8839.893
2024-08-19 22:41:19,ETHUSDT,bid,2580,8839.893
2024-08-19 22:41:19,ETHUSDT,bid,2580,8839.893
2024-08-19 22:41:23,ETHUSDT,bid,2580,8839.893
2024-08-19 22:41:23,ETHUSDT,bid,2580,8839.893
2024-08-19 22:41:23,ETHUSDT,bid,2580,8839.893
2024-08-19 22:41:24,ETHUSDT,bid,2580,8821.568
2024-08-19 22:41:27,ETHUSDT,bid,2580,8814.471
2024-08-19 22:41:27,ETHUSDT,bid,2580,8814.471
2024-08-19 22:41:28,ETHUSDT,bid,2580,8819.181
2024-08-19 22:41:38,ETHUSDT,bid,2580,8850.036
2024-08-19 22:41:38,ETHUSDT,bid,2580,8850.171
2024-08-19 22:41:39,ETHUSDT,bid,2580,8849.171
2024-08-19 22:41:39,ETHUSDT,bid,2580,8815.683
2024-08-19 22:41:39,ETHUSDT,bid,2580,8815.297
2024-08-19 22:41:47,ETHUSDT,bid,2580,8814.462
2024-08-19 22:41:48,ETHUSDT,bid,2580,8814.327
2024-08-19 22:41:57,ETHUSDT,bid,2580,8814.327
2024-08-19 22:42:01,ETHUSDT,bid,2580,8814.337
2024-08-19 22:42:03,ETHUSDT,bid,2580,8829.786
2024-08-19 22:42:03,ETHUSDT,bid,2580,8814.335
2024-08-19 22:42:04,ETHUSDT,bid,2580,8814.327
2024-08-19 22:42:06,ETHUSDT,bid,2580,8814.327
2024-08-19 22:42:09,ETHUSDT,bid,2580,8825.619
2024-08-19 22:42:11,ETHUSDT,bid,2580,8814.327
2024-08-19 22:42:11,ETHUSDT,bid,2580,8815.327
2024-08-19 22:42:12,ETHUSDT,bid,2580,8814.327
2024-08-19 22:42:13,ETHUSDT,bid,2580,8814.447
2024-08-19 22:42:16,ETHUSDT,bid,2580,8814.562
2024-08-19 22:42:18,ETHUSDT,bid,2580,8814.447
2024-08-19 22:42:19,ETHUSDT,bid,2580,8814.447
2024-08-19 22:42:24,ETHUSDT,bid,2580,8815.082
2024-08-19 22:42:27,ETHUSDT,bid,2580,8816.381
2024-08-19 22:42:28,ETHUSDT,bid,2580,8814.447
2024-08-19 22:42:29,ETHUSDT,bid,2580,8820.247
2024-08-19 22:42:30,ETHUSDT,bid,2580,8820.619
2024-08-19 22:42:30,ETHUSDT,bid,2580,8820.232
2024-08-19 22:42:30,ETHUSDT,bid,2580,8824.318
2024-08-19 22:42:31,ETHUSDT,bid,2580,8820.328
2024-08-19 22:42:32,ETHUSDT,bid,2580,8824.417
2024-08-19 22:42:32,ETHUSDT,bid,2580,8824.321
2024-08-19 22:42:32,ETHUSDT,bid,2580,8824.708
2024-08-19 22:42:32,ETHUSDT,bid,2580,8824.321
2024-08-19 22:42:34,ETHUSDT,bid,2580,8814.322
2024-08-19 22:42:36,ETHUSDT,bid,2580,8829.763
2024-08-19 22:42:36,ETHUSDT,bid,2580,8814.312
2024-08-19 22:42:38,ETHUSDT,bid,2580,8820.299
2024-08-19 22:42:38,ETHUSDT,bid,2580,8819.912
2024-08-19 22:42:38,ETHUSDT,bid,2580,8819.931
2024-08-19 22:42:39,ETHUSDT,bid,2580,8820.331
2024-08-19 22:42:39,ETHUSDT,bid,2580,8814.731
2024-08-19 22:42:40,ETHUSDT,bid,2580,8814.712
2024-08-19 22:42:50,ETHUSDT,bid,2580,8828.127
2024-08-19 22:42:51,ETHUSDT,bid,2580,8828.714
2024-08-19 22:42:51,ETHUSDT,bid,2580,8828.031
2024-08-19 22:42:51,ETHUSDT,bid,2580,8826.204
2024-08-19 22:42:52,ETHUSDT,bid,2580,8814.712
2024-08-19 22:42:58,ETHUSDT,bid,2580,8818.722
2024-08-19 22:42:59,ETHUSDT,bid,2580,8814.712
2024-08-19 22:43:00,ETHUSDT,bid,2580,8818.723
2024-08-19 22:43:00,ETHUSDT,bid,2580,8814.712
2024-08-19 22:43:00,ETHUSDT,bid,2580,8826.0
2024-08-19 22:43:01,ETHUSDT,bid,2580,8820.512
2024-08-19 22:43:03,ETHUSDT,bid,2580,8814.712
2024-08-19 22:43:04,ETHUSDT,bid,2580,8814.731
2024-08-19 22:43:05,ETHUSDT,bid,2580,8814.712
2024-08-19 22:43:05,ETHUSDT,bid,2580,8814.732
2024-08-19 22:43:05,ETHUSDT,bid,2580,8815.119
2024-08-19 22:43:05,ETHUSDT,bid,2580,8815.119
2024-08-19 22:43:06,ETHUSDT,bid,2580,8815.119
2024-08-19 22:43:06,ETHUSDT,bid,2580,8815.119
2024-08-19 22:43:06,ETHUSDT,bid,2580,8820.532
2024-08-19 22:43:06,ETHUSDT,bid,2580,8820.532
2024-08-19 22:43:06,ETHUSDT,bid,2580,8814.732
2024-08-19 22:43:07,ETHUSDT,bid,2580,8814.712
2024-08-19 22:43:11,ETHUSDT,bid,2580,8814.742
2024-08-19 22:43:11,ETHUSDT,bid,2580,8815.828
2024-08-19 22:43:13,ETHUSDT,bid,2580,8815.798
2024-08-19 22:43:22,ETHUSDT,bid,2580,8815.798
2024-08-19 22:43:23,ETHUSDT,bid,2580,9265.163
2024-08-19 22:43:23,ETHUSDT,bid,2580,8815.798
2024-08-19 22:43:23,ETHUSDT,bid,2580,8815.398
2024-08-19 22:43:27,ETHUSDT,bid,2580,8816.545
2024-08-19 22:43:27,ETHUSDT,bid,2580,8815.398
2024-08-19 22:43:43,ETHUSDT,bid,2580,8825.824
2024-08-19 22:43:43,ETHUSDT,bid,2580,8825.824
2024-08-19 22:43:44,ETHUSDT,bid,2580,8825.824
2024-08-19 22:43:44,ETHUSDT,bid,2580,8825.824
2024-08-19 22:43:44,ETHUSDT,bid,2580,8825.824
2024-08-19 22:43:44,ETHUSDT,bid,2580,8825.824
2024-08-19 22:43:45,ETHUSDT,bid,2580,8825.824
2024-08-19 22:43:45,ETHUSDT,bid,2580,8825.824
2024-08-19 22:43:45,ETHUSDT,bid,2580,8825.824
2024-08-19 22:43:46,ETHUSDT,bid,2580,8825.824
2024-08-19 22:43:46,ETHUSDT,bid,2580,8825.824
2024-08-19 22:43:46,ETHUSDT,bid,2580,8825.824
2024-08-19 22:43:47,ETHUSDT,bid,2580,8825.824
2024-08-19 22:43:47,ETHUSDT,bid,2580,8825.824
2024-08-19 22:43:47,ETHUSDT,bid,2580,8825.824
2024-08-19 22:43:48,ETHUSDT,bid,2580,8825.824
2024-08-19 22:43:48,ETHUSDT,bid,2580,8825.824
2024-08-19 22:43:49,ETHUSDT,bid,2580,8825.824
2024-08-19 22:43:49,ETHUSDT,bid,2580,8825.824
2024-08-19 22:43:49,ETHUSDT,bid,2580,8825.824
2024-08-19 22:43:49,ETHUSDT,bid,2580,8826.024
2024-08-19 22:43:50,ETHUSDT,bid,2580,8826.024
2024-08-19 22:43:50,ETHUSDT,bid,2580,8826.024
2024-08-19 22:43:50,ETHUSDT,bid,2580,8826.024
2024-08-19 22:43:50,ETHUSDT,bid,2580,8826.024
2024-08-19 22:43:50,ETHUSDT,bid,2580,8825.824
2024-08-19 22:43:50,ETHUSDT,bid,2580,8825.824
2024-08-19 22:43:51,ETHUSDT,bid,2580,8825.824
2024-08-19 22:43:51,ETHUSDT,bid,2580,8825.824
2024-08-19 22:43:52,ETHUSDT,bid,2580,8825.824
2024-08-19 22:43:52,ETHUSDT,bid,2580,8825.824
2024-08-19 22:43:52,ETHUSDT,bid,2580,8825.824
2024-08-19 22:43:53,ETHUSDT,bid,2580,8825.824
2024-08-19 22:43:53,ETHUSDT,bid,2580,8825.804
2024-08-19 22:43:53,ETHUSDT,bid,2580,8825.824
2024-08-19 22:43:54,ETHUSDT,bid,2580,8825.824
2024-08-19 22:43:54,ETHUSDT,bid,2580,8825.824
2024-08-19 22:43:54,ETHUSDT,bid,2580,8825.924
2024-08-19 22:43:54,ETHUSDT,bid,2580,8825.924
2024-08-19 22:43:55,ETHUSDT,bid,2580,8825.924
2024-08-19 22:43:55,ETHUSDT,bid,2580,8825.924
2024-08-19 22:43:55,ETHUSDT,bid,2580,8825.924
2024-08-19 22:43:55,ETHUSDT,bid,2580,8825.924
2024-08-19 22:43:55,ETHUSDT,bid,2580,8825.924
2024-08-19 22:43:56,ETHUSDT,bid,2580,8825.924
2024-08-19 22:43:56,ETHUSDT,bid,2580,8825.924
2024-08-19 22:43:57,ETHUSDT,bid,2580,8825.924
2024-08-19 22:43:57,ETHUSDT,bid,2580,8825.824
2024-08-19 22:43:57,ETHUSDT,bid,2580,8825.824
2024-08-19 22:43:57,ETHUSDT,bid,2580,8825.824
2024-08-19 22:43:57,ETHUSDT,bid,2580,8825.824
2024-08-19 22:43:58,ETHUSDT,bid,2580,8825.824
2024-08-19 22:43:58,ETHUSDT,bid,2580,8825.804
2024-08-19 22:44:00,ETHUSDT,bid,2580,8814.312
2024-08-19 22:44:01,ETHUSDT,bid,2580,8891.363
2024-08-19 22:44:01,ETHUSDT,bid,2580,8814.312
2024-08-19 22:44:01,ETHUSDT,bid,2580,8822.863
2024-08-19 22:44:04,ETHUSDT,bid,2580,8822.883
2024-08-19 22:44:04,ETHUSDT,bid,2580,8822.883
2024-08-19 22:44:04,ETHUSDT,bid,2580,8822.883
2024-08-19 22:44:05,ETHUSDT,bid,2580,8822.883
2024-08-19 22:44:05,ETHUSDT,bid,2580,8822.883
2024-08-19 22:44:05,ETHUSDT,bid,2580,8822.883
2024-08-19 22:44:06,ETHUSDT,bid,2580,8822.863
2024-08-19 22:44:07,ETHUSDT,bid,2580,8843.099
2024-08-19 22:44:09,ETHUSDT,bid,2580,8822.863
2024-08-19 22:44:09,ETHUSDT,bid,2580,8822.863
2024-08-19 22:44:11,ETHUSDT,bid,2580,8815.135
2024-08-19 22:44:18,ETHUSDT,bid,2580,8815.712
2024-08-19 22:44:18,ETHUSDT,bid,2580,8819.129
2024-08-19 22:44:19,ETHUSDT,bid,2580,8815.712
2024-08-19 22:44:19,ETHUSDT,bid,2580,8815.731
2024-08-19 22:44:19,ETHUSDT,bid,2580,8815.712
2024-08-19 22:44:21,ETHUSDT,bid,2580,8817.674
2024-08-19 22:44:22,ETHUSDT,bid,2580,8817.674
2024-08-19 22:44:22,ETHUSDT,bid,2580,8814.312
2024-08-19 22:44:24,ETHUSDT,bid,2580,8814.32
2024-08-19 22:44:25,ETHUSDT,bid,2580,8814.312
2024-08-19 22:44:28,ETHUSDT,bid,2580,8816.043
2024-08-19 22:44:28,ETHUSDT,bid,2580,8827.148
2024-08-19 22:44:30,ETHUSDT,bid,2580,8827.167
2024-08-19 22:44:30,ETHUSDT,bid,2580,8827.554
2024-08-19 22:44:32,ETHUSDT,bid,2580,8829.081
2024-08-19 22:44:32,ETHUSDT,bid,2580,8827.148
2024-08-19 22:44:38,ETHUSDT,bid,2580,8842.599
2024-08-19 22:44:38,ETHUSDT,bid,2580,8827.148
2024-08-19 22:44:44,ETHUSDT,bid,2580,8827.148
2024-08-19 22:44:46,ETHUSDT,bid,2580,8827.244
2024-08-19 22:44:46,ETHUSDT,bid,2580,8827.148
2024-08-19 22:44:48,ETHUSDT,bid,2580,8816.149
2024-08-19 22:44:48,ETHUSDT,bid,2580,8814.312
2024-08-19 22:44:49,ETHUSDT,bid,2580,8814.312
2024-08-19 22:44:49,ETHUSDT,bid,2580,8816.149
2024-08-19 22:44:51,ETHUSDT,bid,2580,8827.341
2024-08-19 22:44:52,ETHUSDT,bid,2580,8816.149
2024-08-19 22:44:53,ETHUSDT,bid,2580,8814.312
2024-08-19 22:44:54,ETHUSDT,bid,2580,8829.763
2024-08-19 22:44:56,ETHUSDT,bid,2580,8814.312
2024-08-19 22:44:59,ETHUSDT,bid,2580,8814.32
2024-08-19 22:45:00,ETHUSDT,bid,2580,8814.312
2024-08-19 22:45:01,ETHUSDT,bid,2580,8814.312
2024-08-19 22:45:01,ETHUSDT,bid,2580,8816.247
2024-08-19 22:45:02,ETHUSDT,bid,2580,8817.358
2024-08-19 22:45:02,ETHUSDT,bid,2580,8815.823
2024-08-19 22:45:03,ETHUSDT,bid,2580,8815.842
2024-08-19 22:45:03,ETHUSDT,bid,2580,8815.423
2024-08-19 22:45:03,ETHUSDT,bid,2580,8830.892
2024-08-19 22:45:03,ETHUSDT,bid,2580,8815.423
2024-08-19 22:45:05,ETHUSDT,bid,2580,8818.972
2024-08-19 22:45:05,ETHUSDT,bid,2580,8815.423
2024-08-19 22:45:05,ETHUSDT,bid,2580,8826.555
2024-08-19 22:45:06,ETHUSDT,bid,2580,8826.655
2024-08-19 22:45:06,ETHUSDT,bid,2580,8826.555
2024-08-19 22:45:07,ETHUSDT,bid,2580,8815.519
2024-08-19 22:45:07,ETHUSDT,bid,2580,8826.193
2024-08-19 22:45:07,ETHUSDT,bid,2580,8826.097
2024-08-19 22:45:07,ETHUSDT,bid,2580,8826.678
2024-08-19 22:45:07,ETHUSDT,bid,2580,8826.774
2024-08-19 22:45:08,ETHUSDT,bid,2580,8826.678
2024-08-19 22:45:09,ETHUSDT,bid,2580,8816.004
2024-08-19 22:45:10,ETHUSDT,bid,2580,8815.423
2024-08-19 22:45:10,ETHUSDT,bid,2580,8815.423
2024-08-19 22:45:13,ETHUSDT,bid,2580,8815.81
2024-08-19 22:45:13,ETHUSDT,bid,2580,8816.683
2024-08-19 22:45:13,ETHUSDT,bid,2580,8816.583
2024-08-19 22:45:13,ETHUSDT,bid,2580,8815.423
2024-08-19 22:45:20,ETHUSDT,bid,2580,8816.003
2024-08-19 22:45:21,ETHUSDT,bid,2580,8815.443
2024-08-19 22:45:22,ETHUSDT,bid,2580,8815.443
2024-08-19 22:45:22,ETHUSDT,bid,2580,8817.376
2024-08-19 22:45:22,ETHUSDT,bid,2580,8817.376
2024-08-19 22:45:22,ETHUSDT,bid,2580,8817.376
2024-08-19 22:45:23,ETHUSDT,bid,2580,8817.376
2024-08-19 22:45:23,ETHUSDT,bid,2580,8817.376
2024-08-19 22:45:23,ETHUSDT,bid,2580,8817.376
2024-08-19 22:45:23,ETHUSDT,bid,2580,8817.376
2024-08-19 22:45:24,ETHUSDT,bid,2580,8815.443
2024-08-19 22:45:24,ETHUSDT,bid,2580,8815.443
2024-08-19 22:45:24,ETHUSDT,bid,2580,8815.443
2024-08-19 22:45:24,ETHUSDT,bid,2580,8815.443
2024-08-19 22:45:25,ETHUSDT,bid,2580,8815.443
2024-08-19 22:45:25,ETHUSDT,bid,2580,8815.443
2024-08-19 22:45:25,ETHUSDT,bid,2580,8815.423
2024-08-19 22:45:31,ETHUSDT,bid,2580,8815.858
2024-08-19 22:45:31,ETHUSDT,bid,2580,8814.312
2024-08-19 22:45:31,ETHUSDT,bid,2580,8817.741
2024-08-19 22:45:34,ETHUSDT,bid,2580,8814.312
2024-08-19 22:45:35,ETHUSDT,bid,2580,8817.741
2024-08-19 22:45:37,ETHUSDT,bid,2580,8818.141
2024-08-19 22:45:37,ETHUSDT,bid,2580,8814.312
2024-08-19 22:45:37,ETHUSDT,bid,2580,8815.085
2024-08-19 22:45:38,ETHUSDT,bid,2580,8816.085
2024-08-19 22:45:38,ETHUSDT,bid,2580,8815.085
2024-08-19 22:45:39,ETHUSDT,bid,2580,8815.085
2024-08-19 22:45:39,ETHUSDT,bid,2580,8814.312
2024-08-19 22:45:41,ETHUSDT,bid,2580,8814.312
2024-08-19 22:45:42,ETHUSDT,bid,2580,8815.312
2024-08-19 22:45:45,ETHUSDT,bid,2580,8814.312
2024-08-19 22:45:46,ETHUSDT,bid,2580,8815.312
2024-08-19 22:45:47,ETHUSDT,bid,2580,8816.474
2024-08-19 22:45:47,ETHUSDT,bid,2580,8815.474
2024-08-19 22:45:51,ETHUSDT,bid,2580,8815.577
2024-08-19 22:45:51,ETHUSDT,bid,2580,8815.589
2024-08-19 22:45:53,ETHUSDT,bid,2580,8815.474
2024-08-19 22:45:57,ETHUSDT,bid,2580,8815.474
2024-08-19 22:45:57,ETHUSDT,bid,2580,8815.494
2024-08-19 22:46:04,ETHUSDT,bid,2580,8814.913
2024-08-19 22:46:17,ETHUSDT,bid,2580,8814.893
2024-08-19 22:46:21,ETHUSDT,bid,2580,8820.692
2024-08-19 22:46:22,ETHUSDT,bid,2580,8814.893
2024-08-19 22:46:26,ETHUSDT,bid,2580,8816.826
2024-08-19 22:46:26,ETHUSDT,bid,2580,8826.049
2024-08-19 22:46:26,ETHUSDT,bid,2580,8816.493
2024-08-19 22:46:27,ETHUSDT,bid,2580,8816.589
2024-08-19 22:46:28,ETHUSDT,bid,2580,8816.008
2024-08-19 22:46:29,ETHUSDT,bid,2580,8817.8
2024-08-19 22:46:29,ETHUSDT,bid,2580,8818.0
2024-08-19 22:46:29,ETHUSDT,bid,2580,8814.729
2024-08-19 22:46:29,ETHUSDT,bid,2580,8814.629
2024-08-19 22:46:31,ETHUSDT,bid,2580,8814.429
2024-08-19 22:46:31,ETHUSDT,bid,2580,8820.229
2024-08-19 22:46:32,ETHUSDT,bid,2580,8848.237
2024-08-19 22:46:33,ETHUSDT,bid,2580,8849.237
2024-08-19 22:46:33,ETHUSDT,bid,2580,8848.237
2024-08-19 22:46:37,ETHUSDT,bid,2580,8832.768
2024-08-19 22:46:38,ETHUSDT,bid,2580,8833.768
2024-08-19 22:46:39,ETHUSDT,bid,2580,8815.429
2024-08-19 22:46:41,ETHUSDT,bid,2580,8833.768
2024-08-19 22:46:41,ETHUSDT,bid,2580,8832.768
2024-08-19 22:46:45,ETHUSDT,bid,2580,8833.349
2024-08-19 22:46:49,ETHUSDT,bid,2580,8834.349
2024-08-19 22:46:51,ETHUSDT,bid,2580,8833.349
2024-08-19 22:46:59,ETHUSDT,bid,2580,8816.829
2024-08-19 22:47:00,ETHUSDT,bid,2580,8818.229
2024-08-19 22:47:00,ETHUSDT,bid,2580,8818.616
2024-08-19 22:47:00,ETHUSDT,bid,2580,8818.229
2024-08-19 22:47:00,ETHUSDT,bid,2580,8821.629
2024-08-19 22:47:00,ETHUSDT,bid,2580,8821.649
2024-08-19 22:47:01,ETHUSDT,bid,2580,8821.649
2024-08-19 22:47:01,ETHUSDT,bid,2580,8821.649
2024-08-19 22:47:01,ETHUSDT,bid,2580,8815.849
2024-08-19 22:47:02,ETHUSDT,bid,2580,8819.678
2024-08-19 22:47:03,ETHUSDT,bid,2580,8815.815
2024-08-19 22:47:03,ETHUSDT,bid,2580,8814.429
2024-08-19 22:47:06,ETHUSDT,bid,2580,8816.047
2024-08-19 22:47:07,ETHUSDT,bid,2580,8816.247
2024-08-19 22:47:14,ETHUSDT,bid,2580,8816.047
2024-08-19 22:47:20,ETHUSDT,bid,2580,8820.023
2024-08-19 22:47:31,ETHUSDT,bid,2580,8831.612
2024-08-19 22:47:31,ETHUSDT,bid,2580,8820.023
2024-08-19 22:47:31,ETHUSDT,bid,2580,8821.185
2024-08-19 22:47:32,ETHUSDT,bid,2580,8821.766
2024-08-19 22:47:54,ETHUSDT,bid,2580,8823.306
2024-08-19 22:47:56,ETHUSDT,bid,2580,8834.441
2024-08-19 22:47:56,ETHUSDT,bid,2580,8833.86
2024-08-19 22:47:58,ETHUSDT,bid,2580,8822.853
2024-08-19 22:48:11,ETHUSDT,bid,2580,8821.691
2024-08-19 22:48:11,ETHUSDT,bid,2580,8821.11
2024-08-19 22:48:18,ETHUSDT,bid,2580,8822.711
2024-08-19 22:48:19,ETHUSDT,bid,2580,8822.583
2024-08-19 22:48:20,ETHUSDT,bid,2580,8824.279
2024-08-19 22:48:31,ETHUSDT,bid,2580,8824.279
2024-08-19 22:48:32,ETHUSDT,bid,2580,8879.295
2024-08-19 22:48:33,ETHUSDT,bid,2580,8820.982
2024-08-19 22:48:48,ETHUSDT,bid,2580,8822.583
2024-08-19 22:48:52,ETHUSDT,bid,2580,8820.982
2024-08-19 22:49:05,ETHUSDT,bid,2580,8821.175
2024-08-19 22:49:06,ETHUSDT,bid,2580,8822.776
2024-08-19 22:49:06,ETHUSDT,bid,2580,8821.175
2024-08-19 22:49:06,ETHUSDT,bid,2580,8822.776
2024-08-19 22:49:06,ETHUSDT,bid,2580,8821.175
2024-08-19 22:49:10,ETHUSDT,bid,2580,8820.982
2024-08-19 22:49:10,ETHUSDT,bid,2580,8820.982
2024-08-19 22:49:10,ETHUSDT,bid,2580,8831.989
2024-08-19 22:49:10,ETHUSDT,bid,2580,8820.982
2024-08-19 22:49:14,ETHUSDT,bid,2580,8822.481
2024-08-19 22:49:15,ETHUSDT,bid,2580,8823.254
2024-08-19 22:49:15,ETHUSDT,bid,2580,8822.481
2024-08-19 22:49:20,ETHUSDT,bid,2580,8820.982
2024-08-19 22:49:30,ETHUSDT,bid,2580,8821.241
2024-08-19 22:49:37,ETHUSDT,bid,2580,8820.982
2024-08-19 22:49:41,ETHUSDT,bid,2580,8820.995
2024-08-19 22:49:49,ETHUSDT,bid,2580,8822.596
2024-08-19 22:49:49,ETHUSDT,bid,2580,8820.995
2024-08-19 22:49:49,ETHUSDT,bid,2580,8822.596
2024-08-19 22:49:49,ETHUSDT,bid,2580,8822.596
2024-08-19 22:49:49,ETHUSDT,bid,2580,8822.596
2024-08-19 22:49:49,ETHUSDT,bid,2580,8822.596
2024-08-19 22:49:49,ETHUSDT,bid,2580,8820.995
2024-08-19 22:49:50,ETHUSDT,bid,2580,8822.596
2024-08-19 22:49:50,ETHUSDT,bid,2580,8822.596
2024-08-19 22:49:50,ETHUSDT,bid,2580,8822.596
2024-08-19 22:49:50,ETHUSDT,bid,2580,8820.995
2024-08-19 22:49:51,ETHUSDT,bid,2580,8823.411
2024-08-19 22:49:51,ETHUSDT,bid,2580,8825.012
2024-08-19 22:49:51,ETHUSDT,bid,2580,8823.398
2024-08-19 22:49:51,ETHUSDT,bid,2580,8824.999
2024-08-19 22:49:51,ETHUSDT,bid,2580,8820.982
2024-08-19 22:49:51,ETHUSDT,bid,2580,8822.583
2024-08-19 22:49:51,ETHUSDT,bid,2580,8820.982
2024-08-19 22:49:52,ETHUSDT,bid,2580,8822.583
2024-08-19 22:49:52,ETHUSDT,bid,2580,8822.583
2024-08-19 22:49:52,ETHUSDT,bid,2580,8820.982
2024-08-19 22:49:52,ETHUSDT,bid,2580,8822.583
2024-08-19 22:49:52,ETHUSDT,bid,2580,8822.583
2024-08-19 22:49:53,ETHUSDT,bid,2580,8820.982
2024-08-19 22:49:53,ETHUSDT,bid,2580,8822.583
2024-08-19 22:49:53,ETHUSDT,bid,2580,8822.583
2024-08-19 22:49:53,ETHUSDT,bid,2580,8822.583
2024-08-19 22:49:53,ETHUSDT,bid,2580,8822.583
2024-08-19 22:49:53,ETHUSDT,bid,2580,8820.982
2024-08-19 22:49:54,ETHUSDT,bid,2580,8822.583
2024-08-19 22:49:54,ETHUSDT,bid,2580,8820.982
2024-08-19 22:49:57,ETHUSDT,bid,2580,8822.583
2024-08-19 22:49:57,ETHUSDT,bid,2580,8820.982
2024-08-19 22:49:58,ETHUSDT,bid,2580,8822.583
2024-08-19 22:49:58,ETHUSDT,bid,2580,8820.982
2024-08-19 22:50:00,ETHUSDT,bid,2580,8822.583
2024-08-19 22:50:00,ETHUSDT,bid,2580,8820.982
2024-08-19 22:50:00,ETHUSDT,bid,2580,8822.583
2024-08-19 22:50:01,ETHUSDT,bid,2580,8820.982
2024-08-19 22:50:01,ETHUSDT,bid,2580,8822.583
2024-08-19 22:50:01,ETHUSDT,bid,2580,8820.982
2024-08-19 22:50:01,ETHUSDT,bid,2580,8822.583
2024-08-19 22:50:01,ETHUSDT,bid,2580,8822.583
2024-08-19 22:50:01,ETHUSDT,bid,2580,8820.982
2024-08-19 22:50:06,ETHUSDT,bid,2580,8819.247
2024-08-19 22:50:10,ETHUSDT,bid,2580,8823.115
2024-08-19 22:50:12,ETHUSDT,bid,2580,8823.115
2024-08-19 22:50:20,ETHUSDT,bid,2580,8821.514
2024-08-19 22:50:20,ETHUSDT,bid,2580,8816.48
2024-08-19 22:50:21,ETHUSDT,bid,2580,8816.48
2024-08-19 22:50:27,ETHUSDT,bid,2580,8826.14
2024-08-19 22:50:28,ETHUSDT,bid,2580,8816.48
2024-08-19 22:50:29,ETHUSDT,bid,2580,8818.08
2024-08-19 22:50:29,ETHUSDT,bid,2580,8816.48
2024-08-19 22:50:29,ETHUSDT,bid,2580,8816.48
2024-08-19 22:50:29,ETHUSDT,bid,2580,8816.97
2024-08-19 22:50:30,ETHUSDT,bid,2580,8814.802
2024-08-19 22:50:30,ETHUSDT,bid,2580,8814.802
2024-08-19 22:50:31,ETHUSDT,bid,2580,8814.802
2024-08-19 22:50:31,ETHUSDT,bid,2580,8816.498
2024-08-19 22:50:31,ETHUSDT,bid,2580,8814.802
2024-08-19 22:50:32,ETHUSDT,bid,2580,8816.015
2024-08-19 22:50:32,ETHUSDT,bid,2580,8816.015
2024-08-19 22:50:32,ETHUSDT,bid,2580,8816.015
2024-08-19 22:50:34,ETHUSDT,bid,2580,8814.312
2024-08-19 22:50:46,ETHUSDT,bid,2580,8824.556
2024-08-19 22:50:47,ETHUSDT,bid,2580,8825.146
2024-08-19 22:50:50,ETHUSDT,bid,2580,8816.073
2024-08-19 22:50:58,ETHUSDT,bid,2580,8816.663
2024-08-19 22:51:03,ETHUSDT,bid,2580,8818.359
2024-08-19 22:51:09,ETHUSDT,bid,2580,8820.055
2024-08-19 22:51:24,ETHUSDT,bid,2580,8818.359
2024-08-19 22:51:24,ETHUSDT,bid,2580,8816.663
2024-08-19 22:51:31,ETHUSDT,bid,2580,8817.876
2024-08-19 22:51:31,ETHUSDT,bid,2580,8817.876
2024-08-19 22:51:31,ETHUSDT,bid,2580,8817.876
2024-08-19 22:51:31,ETHUSDT,bid,2580,8816.663
2024-08-19 22:51:41,ETHUSDT,bid,2580,8819.173
2024-08-19 22:51:46,ETHUSDT,bid,2580,8822.838
2024-08-19 22:51:47,ETHUSDT,bid,2580,8819.173
2024-08-19 22:51:48,ETHUSDT,bid,2580,8822.838
2024-08-19 22:51:48,ETHUSDT,bid,2580,8819.173
2024-08-19 22:51:49,ETHUSDT,bid,2580,8819.173
2024-08-19 22:51:50,ETHUSDT,bid,2580,8816.663
2024-08-19 22:51:54,ETHUSDT,bid,2580,8817.837
2024-08-19 22:51:54,ETHUSDT,bid,2580,8816.663
2024-08-19 22:51:54,ETHUSDT,bid,2580,8817.837
2024-08-19 22:51:55,ETHUSDT,bid,2580,8816.663
2024-08-19 22:51:55,ETHUSDT,bid,2580,8816.663
2024-08-19 22:51:55,ETHUSDT,bid,2580,8817.837
2024-08-19 22:51:55,ETHUSDT,bid,2580,8816.663
2024-08-19 22:51:55,ETHUSDT,bid,2580,8816.663
2024-08-19 22:51:55,ETHUSDT,bid,2580,8817.837
2024-08-19 22:51:55,ETHUSDT,bid,2580,8816.663
2024-08-19 22:51:55,ETHUSDT,bid,2580,8817.837
2024-08-19 22:51:55,ETHUSDT,bid,2580,8816.663
2024-08-19 22:51:55,ETHUSDT,bid,2580,8816.663
2024-08-19 22:51:56,ETHUSDT,bid,2580,8817.837
2024-08-19 22:51:56,ETHUSDT,bid,2580,8816.663
2024-08-19 22:51:56,ETHUSDT,bid,2580,8816.663
2024-08-19 22:51:56,ETHUSDT,bid,2580,8816.663
2024-08-19 22:51:56,ETHUSDT,bid,2580,8817.837
2024-08-19 22:51:56,ETHUSDT,bid,2580,8817.837
2024-08-19 22:51:56,ETHUSDT,bid,2580,8817.837
2024-08-19 22:51:56,ETHUSDT,bid,2580,8817.837
2024-08-19 22:51:56,ETHUSDT,bid,2580,8817.837
2024-08-19 22:51:57,ETHUSDT,bid,2580,8817.837
2024-08-19 22:51:57,ETHUSDT,bid,2580,8817.837
2024-08-19 22:51:57,ETHUSDT,bid,2580,8817.837
2024-08-19 22:51:57,ETHUSDT,bid,2580,8817.837
2024-08-19 22:51:57,ETHUSDT,bid,2580,8816.663
2024-08-19 22:51:57,ETHUSDT,bid,2580,8816.663
2024-08-19 22:51:57,ETHUSDT,bid,2580,8817.837
2024-08-19 22:51:57,ETHUSDT,bid,2580,8817.837
2024-08-19 22:51:57,ETHUSDT,bid,2580,8816.663
2024-08-19 22:51:58,ETHUSDT,bid,2580,8817.837
2024-08-19 22:51:58,ETHUSDT,bid,2580,8816.663
2024-08-19 22:51:59,ETHUSDT,bid,2580,8816.073
2024-08-19 22:52:01,ETHUSDT,bid,2580,8818.014
2024-08-19 22:52:03,ETHUSDT,bid,2580,8816.073
2024-08-19 22:52:06,ETHUSDT,bid,2580,8815.483
2024-08-19 22:52:21,ETHUSDT,bid,2580,8816.39
2024-08-19 22:52:22,ETHUSDT,bid,2580,8816.63
2024-08-19 22:52:27,ETHUSDT,bid,2580,8817.79
2024-08-19 22:52:27,ETHUSDT,bid,2580,8818.95
2024-08-19 22:52:39,ETHUSDT,bid,2580,8818.97
2024-08-19 22:52:47,ETHUSDT,bid,2580,8821.132
2024-08-19 22:52:47,ETHUSDT,bid,2580,8821.132
2024-08-19 22:52:47,ETHUSDT,bid,2580,8818.97
2024-08-19 22:52:48,ETHUSDT,bid,2580,8821.132
2024-08-19 22:52:48,ETHUSDT,bid,2580,8821.132
2024-08-19 22:52:48,ETHUSDT,bid,2580,8821.132
2024-08-19 22:52:48,ETHUSDT,bid,2580,8818.97
2024-08-19 22:53:00,ETHUSDT,bid,2580,8818.95
2024-08-19 22:53:06,ETHUSDT,bid,2580,8815.723
2024-08-19 22:53:06,ETHUSDT,bid,2580,8869.66
2024-08-19 22:53:07,ETHUSDT,bid,2580,8869.66
2024-08-19 22:53:20,ETHUSDT,bid,2580,8869.66
2024-08-19 22:53:30,ETHUSDT,bid,2580,8868.489
2024-08-19 22:53:39,ETHUSDT,bid,2580,8870.076
2024-08-19 22:53:40,ETHUSDT,bid,2580,8816.139
2024-08-19 22:53:41,ETHUSDT,bid,2580,8814.552
2024-08-19 22:53:42,ETHUSDT,bid,2580,8816.139
2024-08-19 22:53:49,ETHUSDT,bid,2580,8817.834
2024-08-19 22:53:49,ETHUSDT,bid,2580,8816.139
2024-08-19 22:53:49,ETHUSDT,bid,2580,8817.834
2024-08-19 22:53:49,ETHUSDT,bid,2580,8817.834
2024-08-19 22:53:49,ETHUSDT,bid,2580,8816.139
2024-08-19 22:53:49,ETHUSDT,bid,2580,8817.834
2024-08-19 22:53:49,ETHUSDT,bid,2580,8816.139
2024-08-19 22:53:49,ETHUSDT,bid,2580,8817.834
2024-08-19 22:53:50,ETHUSDT,bid,2580,8816.139
2024-08-19 22:53:50,ETHUSDT,bid,2580,8817.834
2024-08-19 22:53:50,ETHUSDT,bid,2580,8817.834
2024-08-19 22:53:50,ETHUSDT,bid,2580,8817.834
2024-08-19 22:53:50,ETHUSDT,bid,2580,8817.834
2024-08-19 22:53:50,ETHUSDT,bid,2580,8816.139
2024-08-19 22:53:50,ETHUSDT,bid,2580,8817.834
2024-08-19 22:53:51,ETHUSDT,bid,2580,8816.139
2024-08-19 22:54:00,ETHUSDT,bid,2580,8817.74
2024-08-19 22:54:00,ETHUSDT,bid,2580,8816.139
2024-08-19 22:54:00,ETHUSDT,bid,2580,8817.74
2024-08-19 22:54:01,ETHUSDT,bid,2580,8816.139
2024-08-19 22:54:25,ETHUSDT,bid,2580,8817.312
2024-08-19 22:54:27,ETHUSDT,bid,2580,8817.584
2024-08-19 22:54:27,ETHUSDT,bid,2580,8816.411
2024-08-19 22:54:29,ETHUSDT,bid,2580,8814.824
2024-08-19 22:54:30,ETHUSDT,bid,2580,8815.987
2024-08-19 22:54:30,ETHUSDT,bid,2580,8814.824
2024-08-19 22:54:30,ETHUSDT,bid,2580,8815.987
2024-08-19 22:54:30,ETHUSDT,bid,2580,8814.824
2024-08-19 22:54:31,ETHUSDT,bid,2580,8815.987
2024-08-19 22:54:31,ETHUSDT,bid,2580,8817.625
2024-08-19 22:54:31,ETHUSDT,bid,2580,8814.824
2024-08-19 22:54:38,ETHUSDT,bid,2580,8814.552
2024-08-19 22:55:20,ETHUSDT,bid,2580,8816.153
2024-08-19 22:55:20,ETHUSDT,bid,2580,8816.153
2024-08-19 22:55:20,ETHUSDT,bid,2580,8816.153
2024-08-19 22:55:20,ETHUSDT,bid,2580,8816.153
2024-08-19 22:55:20,ETHUSDT,bid,2580,8814.552
2024-08-19 22:55:23,ETHUSDT,bid,2580,8816.153
2024-08-19 22:55:23,ETHUSDT,bid,2580,8814.552
2024-08-19 22:55:23,ETHUSDT,bid,2580,8816.153
2024-08-19 22:55:23,ETHUSDT,bid,2580,8814.552
2024-08-19 22:55:23,ETHUSDT,bid,2580,8816.153
2024-08-19 22:55:23,ETHUSDT,bid,2580,8814.552
2024-08-19 22:55:27,ETHUSDT,bid,2580,8816.714
2024-08-19 22:55:27,ETHUSDT,bid,2580,8816.714
2024-08-19 22:55:27,ETHUSDT,bid,2580,8814.552
2024-08-19 22:55:27,ETHUSDT,bid,2580,8814.552
2024-08-19 22:55:28,ETHUSDT,bid,2580,8816.714
2024-08-19 22:55:28,ETHUSDT,bid,2580,8816.714
2024-08-19 22:55:28,ETHUSDT,bid,2580,8814.552
2024-08-19 22:55:28,ETHUSDT,bid,2580,8814.552
2024-08-19 22:55:28,ETHUSDT,bid,2580,8816.247
2024-08-19 22:55:28,ETHUSDT,bid,2580,8816.247
2024-08-19 22:55:29,ETHUSDT,bid,2580,8816.247
2024-08-19 22:55:29,ETHUSDT,bid,2580,8814.552
2024-08-19 22:55:29,ETHUSDT,bid,2580,8816.247
2024-08-19 22:55:29,ETHUSDT,bid,2580,8816.247
2024-08-19 22:55:29,ETHUSDT,bid,2580,8814.552
2024-08-19 22:55:29,ETHUSDT,bid,2580,8816.247
2024-08-19 22:55:29,ETHUSDT,bid,2580,8814.552
2024-08-19 22:55:29,ETHUSDT,bid,2580,8816.247
2024-08-19 22:55:29,ETHUSDT,bid,2580,8814.552
2024-08-19 22:55:30,ETHUSDT,bid,2580,8816.247
2024-08-19 22:55:30,ETHUSDT,bid,2580,8816.247
2024-08-19 22:55:30,ETHUSDT,bid,2580,8814.552
2024-08-19 22:55:30,ETHUSDT,bid,2580,8816.247
2024-08-19 22:55:30,ETHUSDT,bid,2580,8814.552
2024-08-19 22:55:32,ETHUSDT,bid,2580,8815.775
2024-08-19 22:55:43,ETHUSDT,bid,2580,8816.047
2024-08-19 22:55:47,ETHUSDT,bid,2580,8816.002
2024-08-19 22:55:58,ETHUSDT,bid,2580,8815.73
2024-08-19 22:55:59,ETHUSDT,bid,2580,8817.893
2024-08-19 22:55:59,ETHUSDT,bid,2580,8815.73
2024-08-19 22:55:59,ETHUSDT,bid,2580,8814.552
2024-08-19 22:56:03,ETHUSDT,bid,2580,8821.414
2024-08-19 22:56:05,ETHUSDT,bid,2580,8818.184
2024-08-19 22:56:10,ETHUSDT,bid,2580,8820.125
2024-08-19 22:56:12,ETHUSDT,bid,2580,8819.971
2024-08-19 22:56:16,ETHUSDT,bid,2580,8819.785
2024-08-19 22:56:16,ETHUSDT,bid,2580,8818.089
2024-08-19 22:56:16,ETHUSDT,bid,2580,8821.388
2024-08-19 22:56:19,ETHUSDT,bid,2580,8821.38
2024-08-19 22:56:19,ETHUSDT,bid,2580,8819.439
2024-08-19 22:56:20,ETHUSDT,bid,2580,8822.317
2024-08-19 22:56:20,ETHUSDT,bid,2580,8821.15
2024-08-19 22:56:23,ETHUSDT,bid,2580,8837.695
2024-08-19 22:56:23,ETHUSDT,bid,2580,8837.695
2024-08-19 22:56:23,ETHUSDT,bid,2580,8837.695
2024-08-19 22:56:24,ETHUSDT,bid,2580,8853.141
2024-08-19 22:56:24,ETHUSDT,bid,2580,8837.675
2024-08-19 22:56:30,ETHUSDT,bid,2580,8815.472
2024-08-19 22:56:35,ETHUSDT,bid,2580,8814.312
2024-08-19 22:56:38,ETHUSDT,bid,2580,8815.456
2024-08-19 22:56:38,ETHUSDT,bid,2580,8815.456
2024-08-19 22:56:38,ETHUSDT,bid,2580,8815.456
2024-08-19 22:56:38,ETHUSDT,bid,2580,8815.456
2024-08-19 22:56:38,ETHUSDT,bid,2580,8815.456
2024-08-19 22:56:38,ETHUSDT,bid,2580,8815.61
2024-08-19 22:56:38,ETHUSDT,bid,2580,8815.61
2024-08-19 22:56:39,ETHUSDT,bid,2580,8814.466
2024-08-19 22:56:40,ETHUSDT,bid,2580,8814.596
2024-08-19 22:56:41,ETHUSDT,bid,2580,8814.635
2024-08-19 22:56:41,ETHUSDT,bid,2580,8815.779
2024-08-19 22:56:41,ETHUSDT,bid,2580,8815.779
2024-08-19 22:56:45,ETHUSDT,bid,2580,8815.909
2024-08-19 22:56:53,ETHUSDT,bid,2580,8814.635
2024-08-19 22:56:53,ETHUSDT,bid,2580,8820.305
2024-08-19 22:56:54,ETHUSDT,bid,2580,8814.892
2024-08-19 22:56:54,ETHUSDT,bid,2580,8814.505
2024-08-19 22:56:54,ETHUSDT,bid,2580,8816.439
2024-08-19 22:56:59,ETHUSDT,bid,2580,8814.738
2024-08-19 22:57:01,ETHUSDT,bid,2580,8825.322
2024-08-19 22:57:01,ETHUSDT,bid,2580,8814.351
2024-08-19 22:57:01,ETHUSDT,bid,2580,8814.312
2024-08-19 22:57:02,ETHUSDT,bid,2580,8814.326
2024-08-19 22:57:03,ETHUSDT,bid,2580,8825.307
2024-08-19 22:57:04,ETHUSDT,bid,2580,8814.326
2024-08-19 22:57:06,ETHUSDT,bid,2580,8814.726
2024-08-19 22:57:06,ETHUSDT,bid,2580,8814.326
2024-08-19 22:57:09,ETHUSDT,bid,2580,8819.528
2024-08-19 22:57:11,ETHUSDT,bid,2580,8818.151
2024-08-19 22:57:12,ETHUSDT,bid,2580,8816.216
2024-08-19 22:57:12,ETHUSDT,bid,2580,8814.326
2024-08-19 22:57:13,ETHUSDT,bid,2580,8814.312
2024-08-19 22:57:13,ETHUSDT,bid,2580,7837.975
2024-08-19 22:57:14,ETHUSDT,bid,2580,7840.721
2024-08-19 22:57:14,ETHUSDT,bid,2580,7628.978
2024-08-19 22:57:15,ETHUSDT,bid,2580,7630.177
2024-08-19 22:57:15,ETHUSDT,bid,2580,7630.094
2024-08-19 22:57:15,ETHUSDT,bid,2580,7627.259
2024-08-19 22:57:15,ETHUSDT,bid,2580,7630.29
2024-08-19 22:57:15,ETHUSDT,bid,2580,7630.091
2024-08-19 22:57:15,ETHUSDT,bid,2580,7629.318
2024-08-19 22:57:15,ETHUSDT,bid,2580,7629.327
2024-08-19 22:57:15,ETHUSDT,bid,2580,7629.9
2024-08-19 22:57:15,ETHUSDT,bid,2580,7629.874
2024-08-19 22:57:15,ETHUSDT,bid,2580,7630.134
2024-08-19 22:57:15,ETHUSDT,bid,2580,7634.117
2024-08-19 22:57:15,ETHUSDT,bid,2580,7634.256
2024-08-19 22:57:16,ETHUSDT,bid,2580,7639.425
2024-08-19 22:57:16,ETHUSDT,bid,2580,7638.301
2024-08-19 22:57:16,ETHUSDT,bid,2580,7628.826
2024-08-19 22:57:16,ETHUSDT,bid,2580,7623.643
2024-08-19 22:57:17,ETHUSDT,bid,2580,7620.381
2024-08-19 22:57:17,ETHUSDT,bid,2580,7620.359
2024-08-19 22:57:17,ETHUSDT,bid,2580,7620.238
2024-08-19 22:57:17,ETHUSDT,bid,2580,7620.889
2024-08-19 22:57:17,ETHUSDT,bid,2580,7626.057
2024-08-19 22:57:17,ETHUSDT,bid,2580,7620.889
2024-08-19 22:57:17,ETHUSDT,bid,2580,7620.87
2024-08-19 22:57:17,ETHUSDT,bid,2580,7626.053
2024-08-19 22:57:17,ETHUSDT,bid,2580,7620.219
2024-08-19 22:57:20,ETHUSDT,bid,2580,7620.219
2024-08-19 22:57:23,ETHUSDT,bid,2580,7604.499
2024-08-19 22:57:23,ETHUSDT,bid,2580,7604.561
2024-08-19 22:57:23,ETHUSDT,bid,2580,7604.569
2024-08-19 22:57:23,ETHUSDT,bid,2580,7604.617
2024-08-19 22:57:23,ETHUSDT,bid,2580,7604.617
2024-08-19 22:57:24,ETHUSDT,bid,2580,7604.451
2024-08-19 22:57:24,ETHUSDT,bid,2580,7603.493
2024-08-19 22:57:24,ETHUSDT,bid,2580,7603.492
2024-08-19 22:57:24,ETHUSDT,bid,2580,7603.529
2024-08-19 22:57:24,ETHUSDT,bid,2580,7603.598
2024-08-19 22:57:25,ETHUSDT,bid,2580,7603.586
2024-08-19 22:57:25,ETHUSDT,bid,2580,7603.585
2024-08-19 22:57:25,ETHUSDT,bid,2580,7603.744
2024-08-19 22:57:25,ETHUSDT,bid,2580,7603.756
2024-08-19 22:57:25,ETHUSDT,bid,2580,7603.754
2024-08-19 22:57:25,ETHUSDT,bid,2580,7603.938
2024-08-19 22:57:25,ETHUSDT,bid,2580,7604.83
2024-08-19 22:57:25,ETHUSDT,bid,2580,7601.686
2024-08-19 22:57:25,ETHUSDT,bid,2580,7604.756
2024-08-19 22:57:25,ETHUSDT,bid,2580,7604.816
2024-08-19 22:57:25,ETHUSDT,bid,2580,7605.086
2024-08-19 22:57:26,ETHUSDT,bid,2580,7605.16
2024-08-19 22:57:26,ETHUSDT,bid,2580,7601.493
2024-08-19 22:57:26,ETHUSDT,bid,2580,7604.333
2024-08-19 22:57:26,ETHUSDT,bid,2580,7604.451
2024-08-19 22:57:26,ETHUSDT,bid,2580,7604.45
2024-08-19 22:57:26,ETHUSDT,bid,2580,7603.252
2024-08-19 22:57:26,ETHUSDT,bid,2580,7603.327
2024-08-19 22:57:27,ETHUSDT,bid,2580,7603.309
2024-08-19 22:57:27,ETHUSDT,bid,2580,7603.313
2024-08-19 22:57:27,ETHUSDT,bid,2580,7603.407
2024-08-19 22:57:27,ETHUSDT,bid,2580,7603.374
2024-08-19 22:57:28,ETHUSDT,bid,2580,7603.535
2024-08-19 22:57:28,ETHUSDT,bid,2580,7603.574
2024-08-19 22:57:28,ETHUSDT,bid,2580,7601.322
2024-08-19 22:57:28,ETHUSDT,bid,2580,7601.092
2024-08-19 22:57:28,ETHUSDT,bid,2580,7600.706
2024-08-19 22:57:28,ETHUSDT,bid,2580,7600.883
2024-08-19 22:57:28,ETHUSDT,bid,2580,7600.828
2024-08-19 22:57:28,ETHUSDT,bid,2580,7600.41
2024-08-19 22:57:29,ETHUSDT,bid,2580,7600.36
2024-08-19 22:57:29,ETHUSDT,bid,2580,7600.379
2024-08-19 22:57:29,ETHUSDT,bid,2580,7599.874
2024-08-19 22:57:29,ETHUSDT,bid,2580,7599.877
2024-08-19 22:57:29,ETHUSDT,bid,2580,7599.876
2024-08-19 22:57:29,ETHUSDT,bid,2580,7599.903
2024-08-19 22:57:30,ETHUSDT,bid,2580,7599.89
2024-08-19 22:57:30,ETHUSDT,bid,2580,7599.697
2024-08-19 22:57:30,ETHUSDT,bid,2580,7593.691
2024-08-19 22:57:30,ETHUSDT,bid,2580,7593.729
2024-08-19 22:57:30,ETHUSDT,bid,2580,7593.669
2024-08-19 22:57:30,ETHUSDT,bid,2580,7593.655
2024-08-19 22:57:30,ETHUSDT,bid,2580,7594.486
2024-08-19 22:57:31,ETHUSDT,bid,2580,7594.595
2024-08-19 22:57:31,ETHUSDT,bid,2580,7594.559
2024-08-19 22:57:31,ETHUSDT,bid,2580,7593.622
2024-08-19 22:57:31,ETHUSDT,bid,2580,7593.626
2024-08-19 22:57:31,ETHUSDT,bid,2580,7593.578
2024-08-19 22:57:31,ETHUSDT,bid,2580,7593.784
2024-08-19 22:57:32,ETHUSDT,bid,2580,7593.757
2024-08-19 22:57:32,ETHUSDT,bid,2580,7594.259
2024-08-19 22:57:32,ETHUSDT,bid,2580,7594.253
2024-08-19 22:57:32,ETHUSDT,bid,2580,7628.077
2024-08-19 22:57:32,ETHUSDT,bid,2580,7640.982
2024-08-19 22:57:32,ETHUSDT,bid,2580,7628.497
2024-08-19 22:57:32,ETHUSDT,bid,2580,7624.989
2024-08-19 22:57:32,ETHUSDT,bid,2580,7624.988
2024-08-19 22:57:32,ETHUSDT,bid,2580,7624.984
2024-08-19 22:57:32,ETHUSDT,bid,2580,7624.866
2024-08-19 22:57:33,ETHUSDT,bid,2580,7624.878
2024-08-19 22:57:33,ETHUSDT,bid,2580,7611.943
2024-08-19 22:57:33,ETHUSDT,bid,2580,7611.316
2024-08-19 22:57:33,ETHUSDT,bid,2580,7611.162
2024-08-19 22:57:33,ETHUSDT,bid,2580,7608.662
2024-08-19 22:57:33,ETHUSDT,bid,2580,7583.662
2024-08-19 22:57:34,ETHUSDT,bid,2580,7583.874
2024-08-19 22:57:36,ETHUSDT,bid,2580,7583.71
2024-08-19 22:57:42,ETHUSDT,bid,2580,7583.724
2024-08-19 22:57:43,ETHUSDT,bid,2580,7583.71
2024-08-19 22:57:46,ETHUSDT,bid,2580,7583.925
2024-08-19 22:57:46,ETHUSDT,bid,2580,7583.755
2024-08-19 22:57:46,ETHUSDT,bid,2580,7583.764
2024-08-19 22:57:46,ETHUSDT,bid,2580,7583.083
2024-08-19 22:57:46,ETHUSDT,bid,2580,7582.984
2024-08-19 22:57:47,ETHUSDT,bid,2580,7319.694
2024-08-19 22:57:47,ETHUSDT,bid,2580,7305.93
2024-08-19 22:57:47,ETHUSDT,bid,2580,7305.876
2024-08-19 22:57:47,ETHUSDT,bid,2580,7304.893
2024-08-19 22:57:47,ETHUSDT,bid,2580,7304.885
2024-08-19 22:57:47,ETHUSDT,bid,2580,7304.92
2024-08-19 22:57:47,ETHUSDT,bid,2580,7304.949
2024-08-19 22:57:47,ETHUSDT,bid,2580,7304.96
2024-08-19 22:57:48,ETHUSDT,bid,2580,7300.892
2024-08-19 22:57:48,ETHUSDT,bid,2580,7300.692
2024-08-19 22:57:48,ETHUSDT,bid,2580,7300.646
2024-08-19 22:57:48,ETHUSDT,bid,2580,7295.501
2024-08-19 22:57:48,ETHUSDT,bid,2580,7295.455
2024-08-19 22:57:48,ETHUSDT,bid,2580,7295.519
2024-08-19 22:57:49,ETHUSDT,bid,2580,7300.36
2024-08-19 22:57:49,ETHUSDT,bid,2580,7299.605
2024-08-19 22:57:49,ETHUSDT,bid,2580,7311.765
2024-08-19 22:57:49,ETHUSDT,bid,2580,7311.378
2024-08-19 22:57:49,ETHUSDT,bid,2580,7299.391
2024-08-19 22:57:49,ETHUSDT,bid,2580,7299.362
2024-08-19 22:57:50,ETHUSDT,bid,2580,7299.358
2024-08-19 22:57:50,ETHUSDT,bid,2580,7299.011
2024-08-19 22:57:50,ETHUSDT,bid,2580,7299.047
2024-08-19 22:57:50,ETHUSDT,bid,2580,7294.647
2024-08-19 22:57:50,ETHUSDT,bid,2580,7294.551
2024-08-19 22:57:50,ETHUSDT,bid,2580,7292.478
2024-08-19 22:57:50,ETHUSDT,bid,2580,7292.52
2024-08-19 22:57:51,ETHUSDT,bid,2580,7292.742
2024-08-19 22:57:51,ETHUSDT,bid,2580,7292.712
2024-08-19 22:57:51,ETHUSDT,bid,2580,7290.934
2024-08-19 22:57:51,ETHUSDT,bid,2580,7290.931
2024-08-19 22:57:51,ETHUSDT,bid,2580,7291.131
2024-08-19 22:57:51,ETHUSDT,bid,2580,7291.185
2024-08-19 22:57:51,ETHUSDT,bid,2580,7291.198
2024-08-19 22:57:52,ETHUSDT,bid,2580,7291.267
2024-08-19 22:57:52,ETHUSDT,bid,2580,7291.271
2024-08-19 22:57:52,ETHUSDT,bid,2580,7291.311
2024-08-19 22:57:53,ETHUSDT,bid,2580,7291.202
2024-08-19 22:57:53,ETHUSDT,bid,2580,7286.334
2024-08-19 22:57:53,ETHUSDT,bid,2580,7286.332
2024-08-19 22:57:53,ETHUSDT,bid,2580,7286.334
2024-08-19 22:57:53,ETHUSDT,bid,2580,7286.242
2024-08-19 22:57:53,ETHUSDT,bid,2580,7284.696
2024-08-19 22:57:53,ETHUSDT,bid,2580,7283.126
2024-08-19 22:57:53,ETHUSDT,bid,2580,7283.272
2024-08-19 22:57:54,ETHUSDT,bid,2580,7283.292
2024-08-19 22:57:54,ETHUSDT,bid,2580,7283.285
2024-08-19 22:57:54,ETHUSDT,bid,2580,7282.941
2024-08-19 22:57:54,ETHUSDT,bid,2580,7282.948
2024-08-19 22:57:54,ETHUSDT,bid,2580,7282.85
2024-08-19 22:57:54,ETHUSDT,bid,2580,7282.772
2024-08-19 22:57:55,ETHUSDT,bid,2580,7282.763
2024-08-19 22:57:55,ETHUSDT,bid,2580,7282.741
2024-08-19 22:57:55,ETHUSDT,bid,2580,7282.835
2024-08-19 22:57:55,ETHUSDT,bid,2580,7282.378
2024-08-19 22:57:55,ETHUSDT,bid,2580,7282.911
2024-08-19 22:57:55,ETHUSDT,bid,2580,7264.869
2024-08-19 22:57:55,ETHUSDT,bid,2580,7267.264
2024-08-19 22:57:55,ETHUSDT,bid,2580,7266.534
2024-08-19 22:57:55,ETHUSDT,bid,2580,7265.52
2024-08-19 22:57:55,ETHUSDT,bid,2580,7262.87
2024-08-19 22:57:56,ETHUSDT,bid,2580,7265.499
2024-08-19 22:57:56,ETHUSDT,bid,2580,7265.523
2024-08-19 22:57:56,ETHUSDT,bid,2580,7265.454
2024-08-19 22:57:56,ETHUSDT,bid,2580,7265.496
2024-08-19 22:57:56,ETHUSDT,bid,2580,7265.722
2024-08-19 22:57:57,ETHUSDT,bid,2580,7265.669
2024-08-19 22:57:57,ETHUSDT,bid,2580,7265.551
2024-08-19 22:57:57,ETHUSDT,bid,2580,7248.114
2024-08-19 22:57:57,ETHUSDT,bid,2580,7248.113
2024-08-19 22:57:57,ETHUSDT,bid,2580,7248.173
2024-08-19 22:57:57,ETHUSDT,bid,2580,7249.139
2024-08-19 22:57:57,ETHUSDT,bid,2580,7249.598
2024-08-19 22:57:57,ETHUSDT,bid,2580,7249.542
2024-08-19 22:57:57,ETHUSDT,bid,2580,7249.625
2024-08-19 22:57:57,ETHUSDT,bid,2580,7249.548
2024-08-19 22:57:58,ETHUSDT,bid,2580,7247.768
2024-08-19 22:57:58,ETHUSDT,bid,2580,7194.637
2024-08-19 22:57:58,ETHUSDT,bid,2580,7194.639
2024-08-19 22:57:58,ETHUSDT,bid,2580,7194.657
2024-08-19 22:57:58,ETHUSDT,bid,2580,7194.643
2024-08-19 22:57:58,ETHUSDT,bid,2580,7194.276
2024-08-19 22:57:58,ETHUSDT,bid,2580,7194.39
2024-08-19 22:57:58,ETHUSDT,bid,2580,7194.288
2024-08-19 22:57:59,ETHUSDT,bid,2580,7194.276
2024-08-19 22:57:59,ETHUSDT,bid,2580,7194.288
2024-08-19 22:57:59,ETHUSDT,bid,2580,7194.292
2024-08-19 22:57:59,ETHUSDT,bid,2580,7194.138
2024-08-19 22:57:59,ETHUSDT,bid,2580,7194.037
2024-08-19 22:57:59,ETHUSDT,bid,2580,7194.034
2024-08-19 22:57:59,ETHUSDT,bid,2580,7194.056
2024-08-19 22:58:00,ETHUSDT,bid,2580,7193.928
2024-08-19 22:58:00,ETHUSDT,bid,2580,7193.764
2024-08-19 22:58:00,ETHUSDT,bid,2580,7193.791
2024-08-19 22:58:01,ETHUSDT,bid,2580,5399.767
2024-08-19 22:58:01,ETHUSDT,bid,2580,4430.004
2024-08-19 22:58:02,ETHUSDT,bid,2580,4414.505
2024-08-19 22:58:02,ETHUSDT,bid,2580,4321.081
2024-08-19 22:58:02,ETHUSDT,bid,2580,4271.564
2024-08-19 22:58:02,ETHUSDT,bid,2580,4254.757
2024-08-19 22:58:02,ETHUSDT,bid,2580,4254.574
2024-08-19 22:58:02,ETHUSDT,bid,2580,4129.452
2024-08-19 22:58:02,ETHUSDT,bid,2580,4127.86
2024-08-19 22:58:02,ETHUSDT,bid,2580,4127.903
2024-08-19 22:58:02,ETHUSDT,bid,2580,4127.827
2024-08-19 22:58:03,ETHUSDT,bid,2580,4127.547
2024-08-19 22:58:03,ETHUSDT,bid,2580,4094.964
2024-08-19 22:58:03,ETHUSDT,bid,2580,4094.907
2024-08-19 22:58:03,ETHUSDT,bid,2580,4088.887
2024-08-19 22:58:03,ETHUSDT,bid,2580,4088.582
2024-08-19 22:58:03,ETHUSDT,bid,2580,4088.598
2024-08-19 22:58:03,ETHUSDT,bid,2580,4088.644
2024-08-19 22:58:03,ETHUSDT,bid,2580,4088.648
2024-08-19 22:58:04,ETHUSDT,bid,2580,4088.651
2024-08-19 22:58:04,ETHUSDT,bid,2580,4088.662
2024-08-19 22:58:04,ETHUSDT,bid,2580,4063.123
2024-08-20 00:36:28,ETHUSDT,ask,2620,8787.182
2024-08-20 00:36:28,ETHUSDT,ask,2620,8762.035
2024-08-20 00:36:28,ETHUSDT,ask,2620,8784.284
2024-08-20 00:36:28,ETHUSDT,ask,2620,8783.17
2024-08-20 00:36:28,ETHUSDT,ask,2620,8783.181
2024-08-20 00:36:29,ETHUSDT,ask,2620,8783.947
2024-08-20 00:36:29,ETHUSDT,ask,2620,8795.27
2024-08-20 00:36:29,ETHUSDT,ask,2620,8796.05
2024-08-20 00:36:29,ETHUSDT,ask,2620,8795.85
2024-08-20 00:36:31,ETHUSDT,ask,2620,8820.85
2024-08-20 00:36:31,ETHUSDT,ask,2620,8795.85
2024-08-20 00:36:33,ETHUSDT,ask,2620,8795.842
2024-08-20 00:36:34,ETHUSDT,ask,2620,8795.842
2024-08-20 00:36:34,ETHUSDT,ask,2620,8807.282
2024-08-20 00:36:36,ETHUSDT,ask,2620,8783.87
2024-08-20 00:36:36,ETHUSDT,ask,2620,8786.54
2024-08-20 00:36:36,ETHUSDT,ask,2620,8767.107
2024-08-20 00:36:37,ETHUSDT,ask,2620,8767.107
2024-08-20 00:36:37,ETHUSDT,ask,2620,8764.437
2024-08-20 00:36:37,ETHUSDT,ask,2620,8764.437
2024-08-20 00:36:38,ETHUSDT,ask,2620,8767.107
2024-08-20 00:36:38,ETHUSDT,ask,2620,8764.437
2024-08-20 00:36:39,ETHUSDT,ask,2620,8764.437
2024-08-20 00:36:39,ETHUSDT,ask,2620,8767.107
2024-08-20 00:36:39,ETHUSDT,ask,2620,8767.107
2024-08-20 00:36:40,ETHUSDT,ask,2620,8766.195
2024-08-20 00:36:42,ETHUSDT,ask,2620,8765.615
2024-08-20 00:36:43,ETHUSDT,ask,2620,4283.226
2024-08-20 00:36:45,ETHUSDT,ask,2620,8779.276
2024-08-20 00:36:46,ETHUSDT,ask,2620,8765.926
2024-08-20 00:36:46,ETHUSDT,ask,2620,8779.276
2024-08-20 00:36:47,ETHUSDT,ask,2620,8765.926
2024-08-20 00:36:47,ETHUSDT,ask,2620,8766.506
2024-08-20 00:36:47,ETHUSDT,ask,2620,8779.856
2024-08-20 00:36:51,ETHUSDT,ask,2620,4283.284
2024-08-20 00:36:51,ETHUSDT,ask,2620,8778.781
2024-08-20 00:36:52,ETHUSDT,ask,2620,4283.248
2024-08-20 00:36:56,ETHUSDT,ask,2620,8764.896
2024-08-20 00:36:57,ETHUSDT,ask,2620,8760.867
2024-08-20 00:36:57,ETHUSDT,ask,2620,8765.069
2024-08-20 00:36:58,ETHUSDT,ask,2620,8765.649
2024-08-20 00:36:59,ETHUSDT,ask,2620,8766.126
2024-08-20 00:36:59,ETHUSDT,ask,2620,8766.031
2024-08-20 00:37:01,ETHUSDT,ask,2620,8762.604
2024-08-20 00:37:01,ETHUSDT,ask,2620,8762.584
2024-08-20 00:37:01,ETHUSDT,ask,2620,8765.254
2024-08-20 00:37:02,ETHUSDT,ask,2620,8765.254
2024-08-20 00:37:02,ETHUSDT,ask,2620,8765.254
2024-08-20 00:37:03,ETHUSDT,ask,2620,8763.95
2024-08-20 00:37:03,ETHUSDT,ask,2620,8763.147
2024-08-20 00:37:03,ETHUSDT,ask,2620,8762.765
2024-08-20 00:37:03,ETHUSDT,ask,2620,8764.673
2024-08-20 00:37:04,ETHUSDT,ask,2620,8765.673
2024-08-20 00:37:04,ETHUSDT,ask,2620,8763.765
2024-08-20 00:37:06,ETHUSDT,ask,2620,8763.765
2024-08-20 00:37:09,ETHUSDT,ask,2620,8766.691
2024-08-20 00:37:12,ETHUSDT,ask,2620,8765.138
2024-08-20 00:37:17,ETHUSDT,ask,2620,8783.209
2024-08-20 00:37:19,ETHUSDT,ask,2620,8782.443
2024-08-20 00:37:21,ETHUSDT,ask,2620,8783.205
2024-08-20 00:37:27,ETHUSDT,ask,2620,8766.419
2024-08-20 00:37:28,ETHUSDT,ask,2620,8764.6
2024-08-20 00:37:28,ETHUSDT,ask,2620,8774.149
2024-08-20 00:37:29,ETHUSDT,ask,2620,8764.6
2024-08-20 00:37:32,ETHUSDT,ask,2620,8781.909
2024-08-20 00:37:32,ETHUSDT,ask,2620,8781.909
2024-08-20 00:37:36,ETHUSDT,ask,2620,8783.844
2024-08-20 00:37:39,ETHUSDT,ask,2620,8783.844
2024-08-20 00:37:42,ETHUSDT,ask,2620,8783.844
2024-08-20 00:37:43,ETHUSDT,ask,2620,8780.64
2024-08-20 00:37:49,ETHUSDT,ask,2620,8781.389
2024-08-20 00:37:51,ETHUSDT,ask,2620,8781.389
2024-08-20 00:38:54,ETHUSDT,ask,2620,8585.102
2024-08-20 00:38:54,ETHUSDT,ask,2620,8585.867
2024-08-20 00:38:54,ETHUSDT,ask,2620,8587.775
2024-08-20 00:38:54,ETHUSDT,ask,2620,8594.027
2024-08-20 00:38:54,ETHUSDT,ask,2620,8594.792
2024-08-20 00:38:55,ETHUSDT,ask,2620,8594.027
2024-08-20 00:38:55,ETHUSDT,ask,2620,8585.867
2024-08-20 00:38:57,ETHUSDT,ask,2620,8594.792
2024-08-20 00:38:57,ETHUSDT,ask,2620,8587.397
2024-08-20 00:38:59,ETHUSDT,ask,2620,8585.867
2024-08-20 00:38:59,ETHUSDT,ask,2620,8585.152
2024-08-20 00:38:59,ETHUSDT,ask,2620,8585.152
2024-08-20 00:38:59,ETHUSDT,ask,2620,8585.094
2024-08-20 00:38:59,ETHUSDT,ask,2620,8585.094
2024-08-20 00:38:59,ETHUSDT,ask,2620,8586.426
2024-08-20 00:38:59,ETHUSDT,ask,2620,8590.261
2024-08-20 00:39:00,ETHUSDT,ask,2620,8585.661
2024-08-20 00:39:00,ETHUSDT,ask,2620,8586.426
2024-08-20 00:39:00,ETHUSDT,ask,2620,8586.434
2024-08-20 00:39:00,ETHUSDT,ask,2620,8585.669
2024-08-20 00:39:00,ETHUSDT,ask,2620,8585.867
2024-08-20 00:39:00,ETHUSDT,ask,2620,8585.102
2024-08-20 00:39:00,ETHUSDT,ask,2620,8585.094
2024-08-20 00:39:01,ETHUSDT,ask,2620,8585.859
2024-08-20 00:39:01,ETHUSDT,ask,2620,8585.859
2024-08-20 00:39:01,ETHUSDT,ask,2620,8586.632
2024-08-20 00:39:01,ETHUSDT,ask,2620,8585.867
2024-08-20 00:39:02,ETHUSDT,ask,2620,8587.397
2024-08-20 00:39:03,ETHUSDT,ask,2620,8585.867
2024-08-20 00:39:03,ETHUSDT,ask,2620,8585.102
2024-08-20 00:39:03,ETHUSDT,ask,2620,8585.094
2024-08-20 00:39:03,ETHUSDT,ask,2620,8596.62
2024-08-20 00:39:04,ETHUSDT,ask,2620,8597.385
2024-08-20 00:39:04,ETHUSDT,ask,2620,8585.859
2024-08-20 00:39:04,ETHUSDT,ask,2620,8587.397
2024-08-20 00:39:05,ETHUSDT,ask,2620,8585.867
2024-08-20 00:39:05,ETHUSDT,ask,2620,8587.397
2024-08-20 00:39:05,ETHUSDT,ask,2620,8585.102
2024-08-20 00:39:05,ETHUSDT,ask,2620,8585.102
2024-08-20 00:39:05,ETHUSDT,ask,2620,8585.094
2024-08-20 00:39:06,ETHUSDT,ask,2620,8590.69
2024-08-20 00:39:06,ETHUSDT,ask,2620,8590.52
2024-08-20 00:39:06,ETHUSDT,ask,2620,8591.408
2024-08-20 00:39:06,ETHUSDT,ask,2620,8591.594
2024-08-20 00:39:06,ETHUSDT,ask,2620,8596.215
2024-08-20 00:39:06,ETHUSDT,ask,2620,8596.221
2024-08-20 00:39:06,ETHUSDT,ask,2620,8596.252
2024-08-20 00:39:06,ETHUSDT,ask,2620,8596.306
2024-08-20 00:39:07,ETHUSDT,ask,2620,8581.422
2024-08-20 00:39:07,ETHUSDT,ask,2620,8581.422
2024-08-20 00:39:07,ETHUSDT,ask,2620,8519.222
2024-08-20 00:39:07,ETHUSDT,ask,2620,8518.977
2024-08-20 00:39:07,ETHUSDT,ask,2620,8521.498
2024-08-20 00:39:07,ETHUSDT,ask,2620,8522.542
2024-08-20 00:39:07,ETHUSDT,ask,2620,8522.44
2024-08-20 00:39:08,ETHUSDT,ask,2620,8522.44
2024-08-20 00:39:08,ETHUSDT,ask,2620,8529.681
2024-08-20 00:39:08,ETHUSDT,ask,2620,8527.055
2024-08-20 00:39:08,ETHUSDT,ask,2620,8527.097
2024-08-20 00:39:08,ETHUSDT,ask,2620,8527.094
2024-08-20 00:39:08,ETHUSDT,ask,2620,8527.232
2024-08-20 00:39:08,ETHUSDT,ask,2620,8527.034
