2024-09-09 15:46:36,BTCUSDT,ask,55200,802.672
2024-09-09 15:52:22,BTCUSDT,ask,55200,803.134
2024-09-09 15:52:32,BTCUSDT,ask,55200,803.136
2024-09-09 15:52:40,BTCUSDT,ask,55200,1002.787
2024-09-09 15:52:41,BTCUSDT,ask,55200,1002.8
2024-09-09 15:52:43,BTCUSDT,ask,55200,1002.798
2024-09-09 15:52:46,BTCUSDT,ask,55200,802.798
2024-09-09 15:32:12,BTCUSDT,ask,55300,932.359
2024-09-09 15:32:13,BTCUSDT,ask,55300,932.359
2024-09-09 15:32:17,BTCUSDT,ask,55300,932.449
2024-09-09 15:32:18,BTCUSDT,ask,55300,932.463
2024-09-09 15:32:26,BTCUSDT,ask,55300,932.465
2024-09-09 15:32:29,BTCUSDT,ask,55300,932.485
2024-09-09 15:32:35,BTCUSDT,ask,55300,932.513
2024-09-09 15:32:36,BTCUSDT,ask,55300,932.517
2024-09-09 15:32:43,BTCUSDT,ask,55300,932.527
2024-09-09 15:32:49,BTCUSDT,ask,55300,933.027
2024-09-09 15:32:53,BTCUSDT,ask,55300,934.431
2024-09-09 15:32:55,BTCUSDT,ask,55300,934.431
2024-09-09 15:32:56,BTCUSDT,ask,55300,934.395
2024-09-09 15:32:57,BTCUSDT,ask,55300,934.401
2024-09-09 15:39:37,BTCUSDT,ask,55100,802.426
2024-09-09 15:39:37,BTCUSDT,ask,55100,802.362
2024-09-09 15:39:37,BTCUSDT,ask,55100,802.407
2024-09-09 15:39:37,BTCUSDT,ask,55100,802.349
2024-09-09 15:39:42,BTCUSDT,ask,55100,802.347
2024-09-09 15:39:47,BTCUSDT,ask,55100,802.409
2024-09-09 15:39:53,BTCUSDT,ask,55100,802.399
2024-09-09 15:39:55,BTCUSDT,ask,55100,802.439
2024-09-09 15:39:55,BTCUSDT,ask,55100,802.399
2024-09-09 15:40:00,BTCUSDT,ask,55100,800.949
2024-09-09 15:40:00,BTCUSDT,ask,55100,800.952
2024-09-09 15:40:02,BTCUSDT,ask,55100,801.039
2024-09-09 15:40:02,BTCUSDT,ask,55100,801.066
2024-09-09 15:40:02,BTCUSDT,ask,55100,801.069
2024-09-09 15:40:02,BTCUSDT,ask,55100,803.069
2024-09-09 15:40:03,BTCUSDT,ask,55100,803.081
2024-09-09 15:40:03,BTCUSDT,ask,55100,803.078
2024-09-09 15:40:03,BTCUSDT,ask,55100,803.118
2024-09-09 15:40:03,BTCUSDT,ask,55100,801.118
2024-09-09 15:40:03,BTCUSDT,ask,55100,801.106
2024-09-09 15:40:04,BTCUSDT,ask,55100,801.066
2024-09-09 15:46:39,BTCUSDT,ask,55100,800.848
2024-09-09 15:46:39,BTCUSDT,ask,55100,800.113
2024-09-09 15:46:40,BTCUSDT,ask,55100,800.041
2024-09-09 15:46:40,BTCUSDT,ask,55100,800.004
2024-09-09 15:46:42,BTCUSDT,ask,55100,800.019
2024-09-09 15:46:42,BTCUSDT,ask,55100,800.004
2024-09-09 15:46:43,BTCUSDT,ask,55100,800.008
2024-09-09 15:46:55,BTCUSDT,ask,55100,800.004
2024-09-09 15:46:57,BTCUSDT,ask,55100,800.0
2024-09-09 15:46:59,BTCUSDT,ask,55100,800.174
2024-09-09 15:46:59,BTCUSDT,ask,55100,800.0
2024-09-09 15:52:55,BTCUSDT,ask,55100,1000.328
2024-09-09 15:53:17,BTCUSDT,ask,55100,1000.223
2024-09-09 15:53:18,BTCUSDT,ask,55100,1000.492
2024-09-09 15:53:18,BTCUSDT,ask,55100,1000.299
2024-09-09 18:52:31,BTCUSDT,ask,55300,609.962
2024-09-09 18:52:36,BTCUSDT,ask,55300,573.119
2024-09-09 20:38:14,BTCUSDT,bid,55400,1000.51
2024-09-09 20:38:14,BTCUSDT,bid,55400,1000.434
2024-09-09 20:38:15,BTCUSDT,bid,55400,1000.329
2024-09-09 20:38:15,BTCUSDT,bid,55400,1000.434
2024-09-09 20:38:16,BTCUSDT,bid,55400,1000.434
2024-09-09 20:38:17,BTCUSDT,bid,55400,1000.444
2024-09-09 20:38:17,BTCUSDT,bid,55400,1000.434
2024-09-09 20:38:18,BTCUSDT,bid,55400,1000.444
2024-09-09 20:38:18,BTCUSDT,bid,55400,1000.434
2024-09-09 20:38:19,BTCUSDT,bid,55400,1000.444
2024-09-09 20:38:19,BTCUSDT,bid,55400,1000.434
2024-09-09 20:38:20,BTCUSDT,bid,55400,1000.585
2024-09-09 20:38:21,BTCUSDT,bid,55400,1004.23
2024-09-09 20:38:32,BTCUSDT,bid,55400,1003.118
2024-09-09 20:38:33,BTCUSDT,bid,55400,1003.182
2024-09-09 20:38:40,BTCUSDT,bid,55400,1000.987
2024-09-09 20:38:40,BTCUSDT,bid,55400,1001.527
2024-09-09 20:38:41,BTCUSDT,bid,55400,1000.089
2024-09-09 20:38:42,BTCUSDT,bid,55400,1000.109
2024-09-09 20:39:05,BTCUSDT,bid,55500,1000.125
2024-09-09 20:39:06,BTCUSDT,bid,55500,1000.127
2024-09-09 20:39:06,BTCUSDT,bid,55500,1000.517
2024-09-09 20:39:08,BTCUSDT,bid,55500,1000.12
2024-09-09 20:39:08,BTCUSDT,bid,55500,1000.11
2024-09-09 20:39:11,BTCUSDT,bid,55500,1000.51
2024-09-09 20:39:12,BTCUSDT,bid,55500,1000.53
2024-09-09 20:39:12,BTCUSDT,bid,55500,1000.43
2024-09-09 20:39:13,BTCUSDT,bid,55500,1000.45
2024-09-09 20:39:17,BTCUSDT,bid,55500,1000.468
2024-09-09 20:39:18,BTCUSDT,bid,55500,1000.468
2024-09-09 20:39:20,BTCUSDT,bid,55500,1000.468
2024-09-09 20:39:21,BTCUSDT,bid,55500,1001.114
2024-09-09 20:39:22,BTCUSDT,bid,55500,1000.837
2024-09-09 20:39:23,BTCUSDT,bid,55500,1000.617
2024-09-09 20:39:23,BTCUSDT,bid,55500,1000.653
2024-09-09 16:07:43,BTCUSDT,ask,55600,579.871
2024-09-09 16:07:47,BTCUSDT,ask,55600,579.971
2024-09-09 16:07:51,BTCUSDT,ask,55600,579.964
2024-09-09 16:07:55,BTCUSDT,ask,55600,580.464
2024-09-09 07:21:01,BTCUSD_PERP,bid,54700,593.19
2024-09-09 07:21:01,BTCUSD_PERP,bid,54700,647.38
2024-09-09 07:21:02,BTCUSD_PERP,bid,54700,701.57
2024-09-09 07:21:02,BTCUSD_PERP,bid,54700,808.83
2024-09-09 07:21:17,BTCUSD_PERP,bid,54700,701.57
2024-09-09 07:21:17,BTCUSD_PERP,bid,54700,647.94
2024-09-09 07:21:17,BTCUSD_PERP,bid,54700,701.74
2024-09-09 07:21:28,BTCUSD_PERP,bid,54700,647.58
2024-09-09 07:21:29,BTCUSD_PERP,bid,54700,593.42
2024-09-09 08:02:49,BTCUSD_PERP,bid,54800,595.52
2024-09-09 08:02:49,BTCUSD_PERP,bid,54800,649.77
2024-09-09 08:02:50,BTCUSD_PERP,bid,54800,757.13
2024-09-09 08:03:00,BTCUSD_PERP,bid,54800,594.95
2024-09-09 08:04:14,BTCUSD_PERP,bid,54800,649.92
2024-09-09 08:04:14,BTCUSD_PERP,bid,54800,704.22
2024-09-09 08:04:19,BTCUSD_PERP,bid,54800,595.62
2024-09-09 08:04:19,BTCUSD_PERP,bid,54800,865.43
2024-09-09 08:04:19,BTCUSD_PERP,bid,54800,919.7
2024-09-09 08:04:19,BTCUSD_PERP,bid,54800,973.97
2024-09-09 08:04:33,BTCUSD_PERP,bid,54800,811.72
2024-09-09 08:04:40,BTCUSD_PERP,bid,54800,594.73
2024-09-09 08:06:05,BTCUSD_PERP,bid,54800,594.09
2024-09-09 08:06:05,BTCUSD_PERP,bid,54800,756.9
2024-09-09 08:06:05,BTCUSD_PERP,bid,54800,864.32
2024-09-09 08:06:05,BTCUSD_PERP,bid,54800,918.59
2024-09-09 08:06:05,BTCUSD_PERP,bid,54800,972.3
2024-09-09 08:06:17,BTCUSD_PERP,bid,54800,918.12
2024-09-09 08:06:17,BTCUSD_PERP,bid,54800,756.98
2024-09-09 08:08:00,BTCUSD_PERP,bid,54800,755.79
2024-09-09 08:08:00,BTCUSD_PERP,bid,54800,810.06
2024-09-09 08:08:15,BTCUSD_PERP,bid,54800,702.63
2024-09-09 08:08:15,BTCUSD_PERP,bid,54800,648.92
2024-09-09 08:50:43,BTCUSD_PERP,bid,54800,595.65
2024-09-09 08:50:43,BTCUSD_PERP,bid,54800,649.34
2024-09-09 08:50:43,BTCUSD_PERP,bid,54800,703.5
2024-09-09 08:51:44,BTCUSD_PERP,bid,54800,649.81
2024-09-09 08:02:43,BTCUSD_PERP,bid,54700,593.87
2024-09-09 08:02:43,BTCUSD_PERP,bid,54700,701.71
2024-09-09 08:02:49,BTCUSD_PERP,bid,54700,647.51
2024-09-09 08:05:48,BTCUSD_PERP,bid,54700,648.19
2024-09-09 08:05:58,BTCUSD_PERP,bid,54700,593.98
2024-09-09 08:05:59,BTCUSD_PERP,bid,54700,648.64
2024-09-09 08:06:04,BTCUSD_PERP,bid,54700,594.4
2024-09-09 08:06:18,BTCUSD_PERP,bid,54700,755.97
2024-09-09 08:06:18,BTCUSD_PERP,bid,54700,864.45
2024-09-09 08:06:28,BTCUSD_PERP,bid,54700,755.97
2024-09-09 08:06:28,BTCUSD_PERP,bid,54700,647.49
2024-09-09 08:06:28,BTCUSD_PERP,bid,54700,593.25
2024-09-09 08:08:15,BTCUSD_PERP,bid,54700,593.2
2024-09-09 08:08:16,BTCUSD_PERP,bid,54700,755.92
2024-09-09 08:08:16,BTCUSD_PERP,bid,54700,863.85
2024-09-09 08:08:42,BTCUSD_PERP,bid,54700,593.21
2024-09-09 08:08:42,BTCUSD_PERP,bid,54700,972.92
2024-09-09 08:08:51,BTCUSD_PERP,bid,54700,918.71
2024-09-09 08:08:51,BTCUSD_PERP,bid,54700,809.39
2024-09-09 08:09:22,BTCUSD_PERP,bid,54700,755.76
2024-09-09 08:12:37,BTCUSD_PERP,bid,54700,592.68
2024-09-09 08:40:47,BTCUSD_PERP,bid,54700,647.05
2024-09-09 08:40:47,BTCUSD_PERP,bid,54700,700.65
2024-09-09 08:40:47,BTCUSD_PERP,bid,54700,700.78
2024-09-09 08:40:47,BTCUSD_PERP,bid,54700,754.93
2024-09-09 08:40:57,BTCUSD_PERP,bid,54700,646.63
2024-09-09 08:40:57,BTCUSD_PERP,bid,54700,592.48
2024-09-09 08:40:58,BTCUSD_PERP,bid,54700,593.23
2024-09-09 08:40:58,BTCUSD_PERP,bid,54700,646.86
2024-09-09 08:41:11,BTCUSD_PERP,bid,54700,593.23
2024-09-09 08:43:33,BTCUSD_PERP,bid,54700,701.6
2024-09-09 08:44:41,BTCUSD_PERP,bid,54700,647.37
2024-09-09 08:45:25,BTCUSD_PERP,bid,54700,647.16
2024-09-09 08:45:25,BTCUSD_PERP,bid,54700,701.33
2024-09-09 08:46:39,BTCUSD_PERP,bid,54700,593.03
2024-09-09 08:47:23,BTCUSD_PERP,bid,54700,594.2
2024-09-09 08:47:26,BTCUSD_PERP,bid,54700,596.16
2024-09-09 08:51:44,BTCUSD_PERP,bid,54700,826.27
2024-09-09 08:51:44,BTCUSD_PERP,bid,54700,880.49
2024-09-09 08:51:46,BTCUSD_PERP,bid,54700,934.16
2024-09-09 08:52:41,BTCUSD_PERP,bid,54700,592.6
2024-09-09 08:52:41,BTCUSD_PERP,bid,54700,971.31
2024-09-09 08:52:41,BTCUSD_PERP,bid,54700,1025.49
2024-09-09 08:53:18,BTCUSD_PERP,bid,54700,755.69
2024-09-09 08:53:18,BTCUSD_PERP,bid,54700,1025.61
2024-09-09 08:53:18,BTCUSD_PERP,bid,54700,1079.83
2024-09-09 08:53:43,BTCUSD_PERP,bid,54700,1026.17
2024-09-09 08:53:43,BTCUSD_PERP,bid,54700,809.94
2024-09-09 10:44:28,BTCUSD_PERP,bid,54700,594.33
2024-09-09 10:44:28,BTCUSD_PERP,bid,54700,756.32
2024-09-09 10:44:28,BTCUSD_PERP,bid,54700,918.31
2024-09-09 10:44:28,BTCUSD_PERP,bid,54700,971.94
2024-09-09 10:45:01,BTCUSD_PERP,bid,54700,917.76
2024-09-09 10:45:01,BTCUSD_PERP,bid,54700,863.58
2024-09-09 10:45:02,BTCUSD_PERP,bid,54700,809.4
2024-09-09 10:45:02,BTCUSD_PERP,bid,54700,592.9
2024-09-09 10:45:02,BTCUSD_PERP,bid,54700,646.5
2024-09-09 07:17:09,BTCUSD_PERP,bid,54600,645.26
2024-09-09 07:17:09,BTCUSD_PERP,bid,54600,699.32
2024-09-09 07:17:27,BTCUSD_PERP,bid,54600,645.82
2024-09-09 07:18:31,BTCUSD_PERP,bid,54600,591.76
2024-09-09 07:18:40,BTCUSD_PERP,bid,54600,647.15
2024-09-09 07:18:40,BTCUSD_PERP,bid,54600,647.28
2024-09-09 07:21:29,BTCUSD_PERP,bid,54600,593.1
2024-09-09 08:10:05,BTCUSD_PERP,bid,54600,701.8
2024-09-09 08:10:27,BTCUSD_PERP,bid,54600,593.56
2024-09-09 08:30:17,BTCUSD_PERP,bid,54600,592.76
2024-09-09 08:30:32,BTCUSD_PERP,bid,54600,592.43
2024-09-09 08:40:31,BTCUSD_PERP,bid,54600,593.98
2024-09-09 08:40:31,BTCUSD_PERP,bid,54600,648.06
2024-09-09 08:40:31,BTCUSD_PERP,bid,54600,756.22
2024-09-09 08:40:37,BTCUSD_PERP,bid,54600,702.14
2024-09-09 08:40:37,BTCUSD_PERP,bid,54600,648.06
2024-09-09 08:40:37,BTCUSD_PERP,bid,54600,593.98
2024-09-09 08:42:16,BTCUSD_PERP,bid,54600,646.76
2024-09-09 08:42:47,BTCUSD_PERP,bid,54600,700.33
2024-09-09 08:42:52,BTCUSD_PERP,bid,54600,700.46
2024-09-09 08:43:11,BTCUSD_PERP,bid,54600,592.76
2024-09-09 08:45:45,BTCUSD_PERP,bid,54600,593.25
2024-09-09 08:45:45,BTCUSD_PERP,bid,54600,647.39
2024-09-09 08:53:47,BTCUSD_PERP,bid,54600,603.72
2024-09-09 08:53:47,BTCUSD_PERP,bid,54600,657.87
2024-09-09 09:01:45,BTCUSD_PERP,bid,54600,591.97
2024-09-09 09:01:45,BTCUSD_PERP,bid,54600,645.48
2024-09-09 09:01:45,BTCUSD_PERP,bid,54600,753.52
2024-09-09 09:01:45,BTCUSD_PERP,bid,54600,807.59
2024-09-09 09:02:41,BTCUSD_PERP,bid,54600,753.52
2024-09-09 09:02:41,BTCUSD_PERP,bid,54600,645.48
2024-09-09 09:02:42,BTCUSD_PERP,bid,54600,591.97
2024-09-09 09:11:59,BTCUSD_PERP,bid,54600,646.31
2024-09-09 10:11:16,BTCUSD_PERP,bid,54600,551.93
2024-09-09 10:11:16,BTCUSD_PERP,bid,54600,606.05
2024-09-09 10:12:05,BTCUSD_PERP,bid,54600,591.6
2024-09-09 10:12:57,BTCUSD_PERP,bid,54600,698.89
2024-09-09 10:13:26,BTCUSD_PERP,bid,54600,644.82
2024-09-09 10:13:26,BTCUSD_PERP,bid,54600,591.31
2024-09-09 10:34:12,BTCUSD_PERP,bid,54600,646.96
2024-09-09 10:34:12,BTCUSD_PERP,bid,54600,701.06
2024-09-09 10:34:12,BTCUSD_PERP,bid,54600,862.8
2024-09-09 10:34:12,BTCUSD_PERP,bid,54600,916.34
2024-09-09 10:34:12,BTCUSD_PERP,bid,54600,970.34
2024-09-09 10:34:12,BTCUSD_PERP,bid,54600,1077.98
2024-09-09 10:34:42,BTCUSD_PERP,bid,54600,1078.14
2024-09-09 10:35:15,BTCUSD_PERP,bid,54600,1024.04
2024-09-09 10:35:15,BTCUSD_PERP,bid,54600,969.94
2024-09-09 10:35:15,BTCUSD_PERP,bid,54600,808.2
2024-09-09 10:35:16,BTCUSD_PERP,bid,54600,754.66
2024-09-09 10:35:16,BTCUSD_PERP,bid,54600,647.02
2024-09-09 10:35:16,BTCUSD_PERP,bid,54600,592.92
2024-09-09 10:36:35,BTCUSD_PERP,bid,54600,593.12
2024-09-09 10:36:35,BTCUSD_PERP,bid,54600,647.19
2024-09-09 10:36:35,BTCUSD_PERP,bid,54600,808.21
2024-09-09 10:36:36,BTCUSD_PERP,bid,54600,861.73
2024-09-09 10:36:36,BTCUSD_PERP,bid,54600,915.8
2024-09-09 10:37:22,BTCUSD_PERP,bid,54600,646.55
2024-09-09 10:41:00,BTCUSD_PERP,bid,54600,591.33
2024-09-09 10:41:01,BTCUSD_PERP,bid,54600,753.54
2024-09-09 10:41:01,BTCUSD_PERP,bid,54600,915.19
2024-09-09 10:41:01,BTCUSD_PERP,bid,54600,969.26
2024-09-09 10:41:01,BTCUSD_PERP,bid,54600,1023.33
2024-09-09 10:41:01,BTCUSD_PERP,bid,54600,1077.4
2024-09-09 10:41:29,BTCUSD_PERP,bid,54600,969.26
2024-09-09 10:41:29,BTCUSD_PERP,bid,54600,915.19
2024-09-09 10:41:29,BTCUSD_PERP,bid,54600,807.05
2024-09-09 10:41:29,BTCUSD_PERP,bid,54600,752.98
2024-09-09 10:41:29,BTCUSD_PERP,bid,54600,699.47
2024-09-09 10:41:29,BTCUSD_PERP,bid,54600,645.4
2024-09-09 10:41:30,BTCUSD_PERP,bid,54600,646.91
2024-09-09 10:41:30,BTCUSD_PERP,bid,54600,700.46
2024-09-09 10:41:30,BTCUSD_PERP,bid,54600,754.56
2024-09-09 10:41:30,BTCUSD_PERP,bid,54600,862.76
2024-09-09 10:41:31,BTCUSD_PERP,bid,54600,1023.96
2024-09-09 10:41:31,BTCUSD_PERP,bid,54600,1078.06
2024-09-09 10:41:32,BTCUSD_PERP,bid,54600,1080.02
2024-09-09 10:41:32,BTCUSD_PERP,bid,54600,1081.16
2024-09-09 10:42:44,BTCUSD_PERP,bid,54600,1027.15
2024-09-09 10:42:45,BTCUSD_PERP,bid,54600,973.05
2024-09-09 10:42:45,BTCUSD_PERP,bid,54600,919.5
2024-09-09 10:42:45,BTCUSD_PERP,bid,54600,865.4
2024-09-09 10:42:45,BTCUSD_PERP,bid,54600,811.3
2024-09-09 10:42:45,BTCUSD_PERP,bid,54600,757.2
2024-09-09 10:42:45,BTCUSD_PERP,bid,54600,649.55
2024-09-09 10:42:45,BTCUSD_PERP,bid,54600,595.45
2024-09-09 10:42:46,BTCUSD_PERP,bid,54600,647.44
2024-09-09 10:42:46,BTCUSD_PERP,bid,54600,755.16
2024-09-09 10:42:46,BTCUSD_PERP,bid,54600,809.3
2024-09-09 10:42:47,BTCUSD_PERP,bid,54600,916.46
2024-09-09 10:42:47,BTCUSD_PERP,bid,54600,1024.18
2024-09-09 10:42:54,BTCUSD_PERP,bid,54600,1024.31
2024-09-09 10:42:57,BTCUSD_PERP,bid,54600,1024.44
2024-09-09 10:44:27,BTCUSD_PERP,bid,54600,970.86
2024-09-09 10:44:27,BTCUSD_PERP,bid,54600,917.28
2024-09-09 10:44:27,BTCUSD_PERP,bid,54600,809.0
2024-09-09 10:44:27,BTCUSD_PERP,bid,54600,754.86
2024-09-09 10:44:27,BTCUSD_PERP,bid,54600,700.72
2024-09-09 10:44:27,BTCUSD_PERP,bid,54600,647.14
2024-09-09 10:44:27,BTCUSD_PERP,bid,54600,593.0
2024-09-09 10:52:57,BTCUSD_PERP,bid,54600,646.69
2024-09-09 10:52:57,BTCUSD_PERP,bid,54600,700.26
2024-09-09 10:52:57,BTCUSD_PERP,bid,54600,916.74
2024-09-09 10:55:43,BTCUSD_PERP,bid,54600,809.6
2024-09-09 10:55:43,BTCUSD_PERP,bid,54600,701.91
2024-09-09 10:55:43,BTCUSD_PERP,bid,54600,647.79
2024-09-09 10:55:43,BTCUSD_PERP,bid,54600,808.6
2024-09-09 10:58:11,BTCUSD_PERP,bid,54600,754.51
2024-09-09 10:58:11,BTCUSD_PERP,bid,54600,593.34
2024-09-09 10:58:12,BTCUSD_PERP,bid,54600,592.68
2024-09-09 10:58:12,BTCUSD_PERP,bid,54600,646.81
2024-09-09 10:58:12,BTCUSD_PERP,bid,54600,700.94
2024-09-09 10:58:12,BTCUSD_PERP,bid,54600,809.2
2024-09-09 10:58:12,BTCUSD_PERP,bid,54600,863.33
2024-09-09 10:58:12,BTCUSD_PERP,bid,54600,916.9
2024-09-09 10:58:57,BTCUSD_PERP,bid,54600,702.06
2024-09-09 10:58:57,BTCUSD_PERP,bid,54600,969.81
2024-09-09 10:58:57,BTCUSD_PERP,bid,54600,1023.91
2024-09-09 11:03:04,BTCUSD_PERP,bid,54600,969.81
2024-09-09 11:03:04,BTCUSD_PERP,bid,54600,861.61
2024-09-09 11:03:04,BTCUSD_PERP,bid,54600,700.45
2024-09-09 11:03:04,BTCUSD_PERP,bid,54600,646.35
2024-09-09 11:03:18,BTCUSD_PERP,bid,54600,753.41
2024-09-09 11:03:18,BTCUSD_PERP,bid,54600,969.81
2024-09-09 11:03:18,BTCUSD_PERP,bid,54600,1023.91
2024-09-09 11:05:03,BTCUSD_PERP,bid,54600,915.71
2024-09-09 11:07:05,BTCUSD_PERP,bid,54600,862.18
2024-09-09 11:07:06,BTCUSD_PERP,bid,54600,754.55
2024-09-09 11:07:06,BTCUSD_PERP,bid,54600,646.35
2024-09-09 11:07:07,BTCUSD_PERP,bid,54600,646.04
2024-09-09 11:07:07,BTCUSD_PERP,bid,54600,659.13
2024-09-09 11:09:09,BTCUSD_PERP,bid,54600,646.04
2024-09-09 11:10:18,BTCUSD_PERP,bid,54600,591.97
2024-09-09 11:10:20,BTCUSD_PERP,bid,54600,592.24
2024-09-09 11:10:20,BTCUSD_PERP,bid,54600,646.33
2024-09-09 11:11:04,BTCUSD_PERP,bid,54600,592.79
2024-09-09 11:11:05,BTCUSD_PERP,bid,54600,592.46
2024-09-09 11:12:22,BTCUSD_PERP,bid,54600,591.98
2024-09-09 11:12:22,BTCUSD_PERP,bid,54600,699.56
2024-09-09 11:14:42,BTCUSD_PERP,bid,54600,700.65
2024-09-09 13:29:01,BTCUSD_PERP,ask,55300,561.88
2024-09-09 13:29:03,BTCUSD_PERP,ask,55300,580.14
2024-09-09 13:29:05,BTCUSD_PERP,ask,55300,598.39
2024-09-09 13:29:07,BTCUSD_PERP,ask,55300,620.51
2024-09-09 13:29:23,BTCUSD_PERP,ask,55300,611.66
2024-09-09 13:29:23,BTCUSD_PERP,ask,55300,604.47
2024-09-09 13:29:25,BTCUSD_PERP,ask,55300,596.73
2024-09-09 13:29:36,BTCUSD_PERP,ask,55300,578.47
2024-09-09 13:29:39,BTCUSD_PERP,ask,55300,570.73
2024-09-09 12:19:11,BTCUSD_PERP,ask,55400,548.06
2024-09-09 16:09:16,BTCUSD_PERP,bid,55000,559.09
2024-09-09 16:09:16,BTCUSD_PERP,bid,55000,613.0
2024-09-09 16:09:16,BTCUSD_PERP,bid,55000,666.9
2024-09-09 16:09:26,BTCUSD_PERP,bid,55000,613.0
2024-09-09 16:10:53,BTCUSD_PERP,bid,55000,704.96
2024-09-09 16:10:53,BTCUSD_PERP,bid,55000,759.41
2024-09-09 16:10:58,BTCUSD_PERP,bid,55000,704.96
2024-09-09 16:10:58,BTCUSD_PERP,bid,55000,650.51
2024-09-09 20:56:18,BTCUSD_PERP,bid,55200,600.38
2024-09-09 20:56:24,BTCUSD_PERP,bid,55200,545.39
2024-09-09 20:56:24,BTCUSD_PERP,bid,55200,600.05
2024-09-09 20:56:26,BTCUSD_PERP,bid,55200,600.18
2024-09-09 20:56:55,BTCUSD_PERP,bid,55200,546.08
2024-09-09 20:57:26,BTCUSD_PERP,bid,55200,545.95
2024-09-09 20:57:26,BTCUSD_PERP,bid,55200,600.61
2024-09-09 20:57:26,BTCUSD_PERP,bid,55200,709.93
2024-09-09 20:57:26,BTCUSD_PERP,bid,55200,764.59
2024-09-09 20:57:27,BTCUSD_PERP,bid,55200,872.79
2024-09-09 20:57:27,BTCUSD_PERP,bid,55200,926.89
2024-09-09 20:57:50,BTCUSD_PERP,bid,55200,762.91
2024-09-09 20:57:50,BTCUSD_PERP,bid,55200,708.81
2024-09-09 20:57:50,BTCUSD_PERP,bid,55200,545.39
2024-09-09 20:58:13,BTCUSD_PERP,bid,55200,546.16
2024-09-09 20:58:54,BTCUSD_PERP,bid,55300,545.83
2024-09-09 20:58:55,BTCUSD_PERP,bid,55200,599.69
2024-09-09 20:58:58,BTCUSD_PERP,bid,55200,545.52
2024-09-09 20:59:22,BTCUSD_PERP,bid,55200,653.26
2024-09-09 20:59:22,BTCUSD_PERP,bid,55200,707.94
2024-09-09 21:00:34,BTCUSD_PERP,bid,55200,653.26
2024-09-09 21:00:34,BTCUSD_PERP,bid,55200,544.17
2024-09-09 21:00:34,BTCUSD_PERP,bid,55200,652.91
2024-09-09 21:00:41,BTCUSD_PERP,bid,55200,598.82
2024-09-09 21:00:59,BTCUSD_PERP,bid,55200,544.17
2024-09-09 21:00:59,BTCUSD_PERP,bid,55200,708.09
2024-09-09 21:01:00,BTCUSD_PERP,bid,55200,762.64
2024-09-09 21:01:00,BTCUSD_PERP,bid,55200,871.92
2024-09-09 21:01:00,BTCUSD_PERP,bid,55200,926.0
2024-09-09 21:01:00,BTCUSD_PERP,bid,55200,980.08
2024-09-09 21:01:00,BTCUSD_PERP,bid,55200,1034.72
2024-09-09 21:01:08,BTCUSD_PERP,bid,55200,980.63
2024-09-09 21:01:08,BTCUSD_PERP,bid,55200,925.99
2024-09-09 21:04:08,BTCUSD_PERP,bid,55200,543.55
2024-09-09 21:04:08,BTCUSD_PERP,bid,55200,597.69
2024-09-09 21:04:31,BTCUSD_PERP,bid,55200,544.5
2024-09-09 21:10:38,BTCUSD_PERP,bid,55200,667.92
2024-09-09 20:51:37,BTCUSD_PERP,bid,55100,598.03
2024-09-09 20:52:21,BTCUSD_PERP,bid,55100,597.59
2024-09-09 20:54:23,BTCUSD_PERP,bid,55100,597.82
2024-09-09 20:54:23,BTCUSD_PERP,bid,55100,651.87
2024-09-09 20:54:24,BTCUSD_PERP,bid,55100,706.48
2024-09-09 20:55:23,BTCUSD_PERP,bid,55100,652.43
2024-09-09 20:55:23,BTCUSD_PERP,bid,55100,597.82
2024-09-09 20:56:55,BTCUSD_PERP,bid,55100,545.09
2024-09-09 20:56:55,BTCUSD_PERP,bid,55100,599.16
2024-09-09 20:56:56,BTCUSD_PERP,bid,55100,653.79
2024-09-09 20:57:25,BTCUSD_PERP,bid,55100,599.16
2024-09-09 20:57:26,BTCUSD_PERP,bid,55100,544.53
2024-09-09 21:00:41,BTCUSD_PERP,bid,55100,761.65
2024-09-09 21:00:42,BTCUSD_PERP,bid,55100,816.26
2024-09-09 21:00:59,BTCUSD_PERP,bid,55100,598.94
2024-09-09 21:00:59,BTCUSD_PERP,bid,55100,544.33
2024-09-09 21:01:08,BTCUSD_PERP,bid,55100,707.95
2024-09-09 21:01:20,BTCUSD_PERP,bid,55100,653.34
2024-09-09 21:01:21,BTCUSD_PERP,bid,55100,815.9
2024-09-09 21:01:40,BTCUSD_PERP,bid,55100,652.72
2024-09-09 21:01:40,BTCUSD_PERP,bid,55100,598.14
2024-09-09 21:01:40,BTCUSD_PERP,bid,55100,599.61
2024-09-09 21:01:41,BTCUSD_PERP,bid,55100,707.73
2024-09-09 21:01:41,BTCUSD_PERP,bid,55100,762.35
2024-09-09 21:01:41,BTCUSD_PERP,bid,55100,871.03
2024-09-09 21:01:41,BTCUSD_PERP,bid,55100,979.71
2024-09-09 21:01:48,BTCUSD_PERP,bid,55100,925.65
2024-09-09 21:01:48,BTCUSD_PERP,bid,55100,816.41
2024-09-09 21:01:48,BTCUSD_PERP,bid,55100,762.35
2024-09-09 21:01:48,BTCUSD_PERP,bid,55100,707.73
2024-09-09 21:01:54,BTCUSD_PERP,bid,55100,653.67
2024-09-09 21:01:54,BTCUSD_PERP,bid,55100,870.55
2024-09-09 21:01:54,BTCUSD_PERP,bid,55100,925.14
2024-09-09 21:02:12,BTCUSD_PERP,bid,55100,760.95
2024-09-09 21:02:12,BTCUSD_PERP,bid,55100,815.51
2024-09-09 21:02:47,BTCUSD_PERP,bid,55100,760.95
2024-09-09 21:02:47,BTCUSD_PERP,bid,55100,706.48
2024-09-09 21:02:47,BTCUSD_PERP,bid,55100,652.48
2024-09-09 21:02:47,BTCUSD_PERP,bid,55100,544.81
2024-09-09 21:02:48,BTCUSD_PERP,bid,55100,653.43
2024-09-09 21:02:48,BTCUSD_PERP,bid,55100,708.02
2024-09-09 21:02:49,BTCUSD_PERP,bid,55100,762.61
2024-09-09 21:02:49,BTCUSD_PERP,bid,55100,816.64
2024-09-09 21:02:52,BTCUSD_PERP,bid,55100,708.02
2024-09-09 21:02:52,BTCUSD_PERP,bid,55100,653.43
2024-09-09 21:02:52,BTCUSD_PERP,bid,55100,598.84
2024-09-09 21:02:52,BTCUSD_PERP,bid,55100,544.81
2024-09-09 21:02:53,BTCUSD_PERP,bid,55100,544.52
2024-09-09 21:04:32,BTCUSD_PERP,bid,55100,598.15
2024-09-09 21:04:46,BTCUSD_PERP,bid,55100,543.6
2024-09-09 21:05:06,BTCUSD_PERP,bid,55100,652.07
2024-09-09 21:05:10,BTCUSD_PERP,bid,55100,651.71
2024-09-09 21:10:06,BTCUSD_PERP,bid,55100,544.34
2024-09-09 21:10:06,BTCUSD_PERP,bid,55100,598.95
2024-09-09 21:10:36,BTCUSD_PERP,bid,55100,544.34
2024-09-09 21:12:08,BTCUSD_PERP,bid,55100,545.28
2024-09-09 21:12:09,BTCUSD_PERP,bid,55100,599.92
2024-09-09 21:12:09,BTCUSD_PERP,bid,55100,654.0
2024-09-09 21:12:13,BTCUSD_PERP,bid,55100,599.03
2024-09-09 21:12:13,BTCUSD_PERP,bid,55100,653.64
2024-09-09 21:12:14,BTCUSD_PERP,bid,55100,816.37
2024-09-09 21:12:28,BTCUSD_PERP,bid,55100,923.34
2024-09-09 21:12:28,BTCUSD_PERP,bid,55100,977.89
2024-09-09 21:12:49,BTCUSD_PERP,bid,55100,598.28
2024-09-09 21:12:49,BTCUSD_PERP,bid,55100,652.83
2024-09-09 21:13:53,BTCUSD_PERP,bid,55100,597.73
2024-09-09 21:13:53,BTCUSD_PERP,bid,55100,652.28
2024-09-09 21:14:23,BTCUSD_PERP,bid,55100,598.29
2024-09-09 15:31:56,BTCUSD_PERP,bid,54800,595.21
2024-09-09 15:31:56,BTCUSD_PERP,bid,54800,648.92
2024-09-09 15:32:09,BTCUSD_PERP,bid,54800,594.66
2024-09-09 15:32:39,BTCUSD_PERP,bid,54800,648.71
2024-09-09 15:32:40,BTCUSD_PERP,bid,54800,702.45
2024-09-09 15:32:40,BTCUSD_PERP,bid,54800,756.75
2024-09-09 15:32:40,BTCUSD_PERP,bid,54800,811.05
2024-09-09 16:03:10,BTCUSD_PERP,bid,54800,595.12
2024-09-09 16:03:10,BTCUSD_PERP,bid,54800,649.38
2024-09-09 16:04:20,BTCUSD_PERP,bid,54800,595.12
2024-09-09 16:05:52,BTCUSD_PERP,bid,54900,595.88
2024-09-09 16:06:14,BTCUSD_PERP,bid,54900,595.62
2024-09-09 16:06:23,BTCUSD_PERP,bid,54800,595.19
2024-09-09 16:06:55,BTCUSD_PERP,bid,54900,546.39
2024-09-09 16:12:48,BTCUSD_PERP,bid,54900,920.67
2024-09-09 16:12:48,BTCUSD_PERP,bid,54900,974.47
2024-09-09 16:13:03,BTCUSD_PERP,bid,54900,865.75
2024-09-09 16:13:04,BTCUSD_PERP,bid,54900,811.95
2024-09-09 16:13:04,BTCUSD_PERP,bid,54900,758.15
2024-09-09 16:13:04,BTCUSD_PERP,bid,54800,595.39
2024-09-09 16:13:04,BTCUSD_PERP,bid,54800,920.16
2024-09-09 16:17:09,BTCUSD_PERP,bid,54800,594.95
2024-09-09 16:17:09,BTCUSD_PERP,bid,54800,649.24
2024-09-09 16:17:27,BTCUSD_PERP,bid,54800,1028.06
2024-09-09 16:18:00,BTCUSD_PERP,bid,54800,757.32
2024-09-09 16:18:00,BTCUSD_PERP,bid,54800,648.8
2024-09-09 16:18:00,BTCUSD_PERP,bid,54800,594.88
2024-09-09 16:18:00,BTCUSD_PERP,bid,54800,649.16
2024-09-09 16:18:00,BTCUSD_PERP,bid,54800,702.89
2024-09-09 16:20:06,BTCUSD_PERP,bid,54800,594.72
2024-09-09 16:20:06,BTCUSD_PERP,bid,54800,649.04
2024-09-09 16:20:06,BTCUSD_PERP,bid,54800,703.36
2024-09-09 16:22:57,BTCUSD_PERP,bid,54800,649.6
2024-09-09 16:22:57,BTCUSD_PERP,bid,54800,595.84
2024-09-09 16:22:57,BTCUSD_PERP,bid,54800,594.95
2024-09-09 16:24:27,BTCUSD_PERP,bid,54800,595.2
2024-09-09 16:24:28,BTCUSD_PERP,bid,54800,649.52
2024-09-09 16:24:28,BTCUSD_PERP,bid,54800,703.84
2024-09-09 16:27:05,BTCUSD_PERP,bid,54800,650.08
2024-09-09 16:27:06,BTCUSD_PERP,bid,54800,596.32
2024-09-09 17:09:08,BTCUSD_PERP,bid,54800,648.22
2024-09-09 17:09:08,BTCUSD_PERP,bid,54800,756.16
2024-09-09 17:09:08,BTCUSD_PERP,bid,54800,810.41
2024-09-09 17:09:08,BTCUSD_PERP,bid,54800,864.66
2024-09-09 17:09:08,BTCUSD_PERP,bid,54800,972.61
2024-09-09 17:09:09,BTCUSD_PERP,bid,54800,1026.86
2024-09-09 17:09:27,BTCUSD_PERP,bid,54800,1039.99
2024-09-09 17:09:28,BTCUSD_PERP,bid,54800,1041.96
2024-09-09 17:10:44,BTCUSD_PERP,bid,54800,987.71
2024-09-09 17:13:30,BTCUSD_PERP,bid,54800,595.01
2024-09-09 17:13:30,BTCUSD_PERP,bid,54800,702.96
2024-09-09 17:13:30,BTCUSD_PERP,bid,54800,757.21
2024-09-09 17:13:30,BTCUSD_PERP,bid,54800,919.96
2024-09-09 17:13:31,BTCUSD_PERP,bid,54800,973.66
2024-09-09 17:15:34,BTCUSD_PERP,bid,54800,975.21
2024-09-09 17:15:34,BTCUSD_PERP,bid,54800,921.05
2024-09-09 17:15:34,BTCUSD_PERP,bid,54800,866.8
2024-09-09 17:15:34,BTCUSD_PERP,bid,54800,813.1
2024-09-09 17:15:35,BTCUSD_PERP,bid,54800,759.4
2024-09-09 17:15:35,BTCUSD_PERP,bid,54800,597.2
2024-09-09 17:15:35,BTCUSD_PERP,bid,54800,595.06
2024-09-09 17:15:35,BTCUSD_PERP,bid,54800,703.1
2024-09-09 17:15:35,BTCUSD_PERP,bid,54800,811.14
2024-09-09 17:15:35,BTCUSD_PERP,bid,54800,919.18
2024-09-09 17:15:35,BTCUSD_PERP,bid,54800,1027.22
2024-09-09 17:15:36,BTCUSD_PERP,bid,54800,1081.52
2024-09-09 17:15:36,BTCUSD_PERP,bid,54800,1094.66
2024-09-09 17:17:37,BTCUSD_PERP,bid,54800,1081.52
2024-09-09 17:20:26,BTCUSD_PERP,bid,54800,974.04
2024-09-09 17:20:26,BTCUSD_PERP,bid,54800,919.74
2024-09-09 17:20:27,BTCUSD_PERP,bid,54800,866.0
2024-09-09 17:20:27,BTCUSD_PERP,bid,54800,811.7
2024-09-09 17:20:27,BTCUSD_PERP,bid,54800,649.36
2024-09-09 17:20:27,BTCUSD_PERP,bid,54800,595.06
2024-09-09 17:20:28,BTCUSD_PERP,bid,54800,595.39
2024-09-09 17:20:28,BTCUSD_PERP,bid,54800,704.05
2024-09-09 17:20:28,BTCUSD_PERP,bid,54800,758.38
2024-09-09 17:20:28,BTCUSD_PERP,bid,54800,812.71
2024-09-09 17:20:28,BTCUSD_PERP,bid,54800,866.49
2024-09-09 17:22:09,BTCUSD_PERP,bid,54800,758.39
2024-09-09 17:22:09,BTCUSD_PERP,bid,54800,704.06
2024-09-09 17:22:09,BTCUSD_PERP,bid,54800,649.73
2024-09-09 17:22:09,BTCUSD_PERP,bid,54800,595.4
2024-09-09 17:22:11,BTCUSD_PERP,bid,54900,595.76
2024-09-09 17:22:43,BTCUSD_PERP,bid,54800,595.17
2024-09-09 17:26:45,BTCUSD_PERP,bid,54900,650.52
2024-09-09 17:26:45,BTCUSD_PERP,bid,54900,704.78
2024-09-09 17:27:41,BTCUSD_PERP,bid,54900,650.52
2024-09-09 17:27:41,BTCUSD_PERP,bid,54900,596.73
2024-09-09 17:28:36,BTCUSD_PERP,bid,54900,596.38
2024-09-09 17:28:36,BTCUSD_PERP,bid,54900,650.8
2024-09-09 17:28:36,BTCUSD_PERP,bid,54900,705.22
2024-09-09 17:28:36,BTCUSD_PERP,bid,54900,759.64
2024-09-09 17:31:44,BTCUSD_PERP,bid,54900,705.22
2024-09-09 17:31:44,BTCUSD_PERP,bid,54900,596.94
2024-09-09 17:31:45,BTCUSD_PERP,bid,54900,596.61
2024-09-09 17:31:45,BTCUSD_PERP,bid,54900,650.45
2024-09-09 17:31:45,BTCUSD_PERP,bid,54900,704.84
2024-09-09 17:31:46,BTCUSD_PERP,bid,54900,759.23
2024-09-09 17:32:23,BTCUSD_PERP,bid,54900,704.84
2024-09-09 17:32:24,BTCUSD_PERP,bid,54900,651.01
2024-09-09 17:36:39,BTCUSD_PERP,bid,54900,595.6
2024-09-09 17:36:39,BTCUSD_PERP,bid,54900,704.4
2024-09-09 17:36:39,BTCUSD_PERP,bid,54900,758.8
2024-09-09 17:37:02,BTCUSD_PERP,bid,54900,704.96
2024-09-09 17:37:02,BTCUSD_PERP,bid,54900,650.2
2024-09-09 17:37:02,BTCUSD_PERP,bid,54900,704.57
2024-09-09 17:40:59,BTCUSD_PERP,bid,54900,650.76
2024-09-09 17:42:27,BTCUSD_PERP,bid,54800,704.09
2024-09-09 17:42:27,BTCUSD_PERP,bid,54800,758.42
2024-09-09 17:46:28,BTCUSD_PERP,bid,54800,704.09
2024-09-09 17:46:28,BTCUSD_PERP,bid,54800,649.76
2024-09-09 17:46:28,BTCUSD_PERP,bid,54800,595.43
2024-09-09 17:46:29,BTCUSD_PERP,bid,54900,596.2
2024-09-09 17:46:29,BTCUSD_PERP,bid,54900,596.33
2024-09-09 17:46:29,BTCUSD_PERP,bid,54900,650.13
2024-09-09 17:46:29,BTCUSD_PERP,bid,54900,758.85
2024-09-09 17:46:30,BTCUSD_PERP,bid,54900,813.21
2024-09-09 17:49:59,BTCUSD_PERP,bid,54900,813.08
2024-09-09 17:51:08,BTCUSD_PERP,bid,54800,650.19
2024-09-09 17:51:08,BTCUSD_PERP,bid,54800,704.52
2024-09-09 17:51:35,BTCUSD_PERP,bid,54800,650.19
2024-09-09 17:51:35,BTCUSD_PERP,bid,54800,595.86
2024-09-09 17:51:36,BTCUSD_PERP,bid,54900,650.03
2024-09-09 17:51:36,BTCUSD_PERP,bid,54900,704.39
2024-09-09 17:51:36,BTCUSD_PERP,bid,54900,758.75
2024-09-09 17:52:57,BTCUSD_PERP,bid,54800,704.09
2024-09-09 17:52:57,BTCUSD_PERP,bid,54800,758.43
2024-09-09 18:00:33,BTCUSD_PERP,bid,54900,649.48
2024-09-09 18:00:33,BTCUSD_PERP,bid,54900,703.84
2024-09-09 18:00:33,BTCUSD_PERP,bid,54900,812.56
2024-09-09 18:00:51,BTCUSD_PERP,bid,54900,758.2
2024-09-09 18:00:51,BTCUSD_PERP,bid,54900,703.93
2024-09-09 18:00:51,BTCUSD_PERP,bid,54900,649.57
2024-09-09 18:00:52,BTCUSD_PERP,bid,54800,757.79
2024-09-09 18:00:52,BTCUSD_PERP,bid,54800,812.12
2024-09-09 18:01:02,BTCUSD_PERP,bid,54800,757.79
2024-09-09 18:01:02,BTCUSD_PERP,bid,54800,757.58
2024-09-09 18:01:02,BTCUSD_PERP,bid,54800,811.89
2024-09-09 18:01:03,BTCUSD_PERP,bid,54800,812.02
2024-09-09 18:01:03,BTCUSD_PERP,bid,54800,812.15
2024-09-09 18:03:14,BTCUSD_PERP,bid,54800,703.31
2024-09-09 18:03:14,BTCUSD_PERP,bid,54800,757.59
2024-09-09 18:03:15,BTCUSD_PERP,bid,54800,811.32
2024-09-09 18:05:42,BTCUSD_PERP,bid,54800,702.96
2024-09-09 18:05:42,BTCUSD_PERP,bid,54800,757.21
2024-09-09 18:07:13,BTCUSD_PERP,bid,54800,648.71
2024-09-09 18:27:13,BTCUSD_PERP,bid,54800,554.16
2024-09-09 18:27:13,BTCUSD_PERP,bid,54800,608.43
2024-09-09 18:27:13,BTCUSD_PERP,bid,54800,716.97
2024-09-09 18:27:13,BTCUSD_PERP,bid,54800,718.11
2024-09-09 18:28:41,BTCUSD_PERP,bid,54800,716.97
2024-09-09 18:29:15,BTCUSD_PERP,bid,54800,703.83
2024-09-09 18:29:18,BTCUSD_PERP,bid,54800,649.56
2024-09-09 18:29:19,BTCUSD_PERP,bid,54800,595.53
2024-09-09 18:29:19,BTCUSD_PERP,bid,54800,649.27
2024-09-09 18:29:19,BTCUSD_PERP,bid,54800,703.01
2024-09-09 18:29:19,BTCUSD_PERP,bid,54800,811.61
2024-09-09 18:29:20,BTCUSD_PERP,bid,54800,865.91
2024-09-09 18:30:10,BTCUSD_PERP,bid,54800,757.87
2024-09-09 18:30:10,BTCUSD_PERP,bid,54800,703.57
2024-09-09 18:30:10,BTCUSD_PERP,bid,54800,594.97
2024-09-09 18:41:08,BTCUSD_PERP,bid,54800,548.27
2024-09-09 18:41:08,BTCUSD_PERP,bid,54800,602.55
2024-09-09 18:41:08,BTCUSD_PERP,bid,54800,656.83
2024-09-09 18:44:37,BTCUSD_PERP,bid,54800,602.55
2024-09-09 18:44:37,BTCUSD_PERP,bid,54800,548.83
2024-09-09 18:44:38,BTCUSD_PERP,bid,54800,919.31
2024-09-09 18:47:03,BTCUSD_PERP,bid,54800,865.06
2024-09-09 19:00:15,BTCUSD_PERP,bid,54800,594.63
2024-09-09 19:00:15,BTCUSD_PERP,bid,54800,756.85
2024-09-09 19:00:15,BTCUSD_PERP,bid,54800,811.11
2024-09-09 19:00:15,BTCUSD_PERP,bid,54800,864.81
2024-09-09 19:00:15,BTCUSD_PERP,bid,54800,918.98
2024-09-09 19:00:15,BTCUSD_PERP,bid,54800,1026.39
2024-09-09 19:00:46,BTCUSD_PERP,bid,54800,972.69
2024-09-09 19:51:57,BTCUSD_PERP,bid,54800,555.58
2024-09-09 19:53:58,BTCUSD_PERP,bid,54800,553.61
2024-09-09 19:56:22,BTCUSD_PERP,bid,54800,594.55
2024-09-09 19:56:23,BTCUSD_PERP,bid,54800,648.85
2024-09-09 19:58:07,BTCUSD_PERP,bid,54800,648.87
2024-09-09 19:58:15,BTCUSD_PERP,bid,54800,648.66
2024-09-09 19:58:15,BTCUSD_PERP,bid,54800,702.99
2024-09-09 19:58:56,BTCUSD_PERP,bid,54800,649.21
2024-09-09 20:07:54,BTCUSD_PERP,bid,54800,594.61
2024-09-09 20:07:57,BTCUSD_PERP,bid,54800,594.74
2024-09-09 20:07:57,BTCUSD_PERP,bid,54800,594.87
2024-09-09 20:12:39,BTCUSD_PERP,bid,54800,594.17
2024-09-09 20:12:39,BTCUSD_PERP,bid,54800,702.15
2024-09-09 20:12:40,BTCUSD_PERP,bid,54800,756.42
2024-09-09 20:16:35,BTCUSD_PERP,bid,54800,702.15
2024-09-09 20:16:35,BTCUSD_PERP,bid,54800,648.44
2024-09-09 20:17:23,BTCUSD_PERP,bid,54900,595.41
2024-09-09 20:17:24,BTCUSD_PERP,bid,54900,649.8
2024-09-09 20:17:24,BTCUSD_PERP,bid,54900,704.19
2024-09-09 20:17:24,BTCUSD_PERP,bid,54900,758.58
2024-09-09 20:18:02,BTCUSD_PERP,bid,54900,704.19
2024-09-09 20:18:02,BTCUSD_PERP,bid,54900,649.8
2024-09-09 20:18:03,BTCUSD_PERP,bid,54900,595.97
2024-09-09 20:19:03,BTCUSD_PERP,bid,55000,613.11
2024-09-09 20:19:46,BTCUSD_PERP,bid,55000,614.69
2024-09-09 20:19:48,BTCUSD_PERP,bid,55000,596.39
2024-09-09 20:21:21,BTCUSD_PERP,bid,54900,597.16
2024-09-09 20:21:52,BTCUSD_PERP,bid,54800,649.75
2024-09-09 20:21:53,BTCUSD_PERP,bid,54800,704.09
2024-09-09 20:22:09,BTCUSD_PERP,bid,54800,649.75
2024-09-09 20:22:10,BTCUSD_PERP,bid,54800,595.41
2024-09-09 20:22:12,BTCUSD_PERP,bid,54900,595.85
2024-09-09 20:22:12,BTCUSD_PERP,bid,54900,650.23
2024-09-09 20:22:43,BTCUSD_PERP,bid,54900,649.31
2024-09-09 20:22:43,BTCUSD_PERP,bid,54900,703.66
2024-09-09 20:23:33,BTCUSD_PERP,bid,54900,649.87
2024-09-09 20:23:34,BTCUSD_PERP,bid,54900,595.87
2024-09-09 20:24:03,BTCUSD_PERP,bid,54900,703.97
2024-09-09 20:24:06,BTCUSD_PERP,bid,54900,649.69
2024-09-09 20:24:06,BTCUSD_PERP,bid,54900,595.87
2024-09-09 20:24:08,BTCUSD_PERP,bid,54900,595.52
2024-09-09 20:24:08,BTCUSD_PERP,bid,54900,649.87
2024-09-09 20:24:08,BTCUSD_PERP,bid,54900,703.66
2024-09-09 20:25:46,BTCUSD_PERP,bid,54900,649.87
2024-09-09 20:25:46,BTCUSD_PERP,bid,54900,974.26
2024-09-09 20:25:46,BTCUSD_PERP,bid,54900,976.23
2024-09-09 20:25:46,BTCUSD_PERP,bid,54900,1030.61
2024-09-09 20:25:47,BTCUSD_PERP,bid,54900,1043.76
2024-09-09 20:26:46,BTCUSD_PERP,bid,54900,1030.61
2024-09-09 20:26:48,BTCUSD_PERP,bid,54900,1028.64
2024-09-09 20:27:39,BTCUSD_PERP,bid,54900,974.82
2024-09-09 20:27:39,BTCUSD_PERP,bid,54900,812.24
2024-09-09 20:27:39,BTCUSD_PERP,bid,54900,757.86
2024-09-09 20:27:39,BTCUSD_PERP,bid,54900,703.48
2024-09-09 20:27:40,BTCUSD_PERP,bid,54900,649.1
2024-09-09 20:27:52,BTCUSD_PERP,bid,54900,595.38
2024-09-09 20:27:52,BTCUSD_PERP,bid,54900,649.76
2024-09-09 20:28:44,BTCUSD_PERP,bid,54900,595.62
2024-09-09 20:29:18,BTCUSD_PERP,bid,54900,975.01
2024-09-09 20:29:18,BTCUSD_PERP,bid,54900,1029.4
2024-09-09 20:30:03,BTCUSD_PERP,bid,54900,975.01
2024-09-09 20:30:03,BTCUSD_PERP,bid,54900,703.79
2024-09-09 20:30:03,BTCUSD_PERP,bid,54900,920.11
2024-09-09 20:30:03,BTCUSD_PERP,bid,54900,974.47
2024-09-09 20:30:12,BTCUSD_PERP,bid,54800,865.83
2024-09-09 20:30:12,BTCUSD_PERP,bid,54800,973.93
2024-09-09 20:30:12,BTCUSD_PERP,bid,54800,1028.26
2024-09-09 20:30:43,BTCUSD_PERP,bid,54800,1031.76
2024-09-09 20:30:43,BTCUSD_PERP,bid,54800,1028.26
2024-09-09 20:30:43,BTCUSD_PERP,bid,54800,973.93
2024-09-09 20:30:43,BTCUSD_PERP,bid,54800,865.83
2024-09-09 20:30:43,BTCUSD_PERP,bid,54800,757.73
2024-09-09 20:30:43,BTCUSD_PERP,bid,54800,703.4
2024-09-09 20:30:44,BTCUSD_PERP,bid,54800,649.07
2024-09-09 20:30:44,BTCUSD_PERP,bid,54800,594.83
2024-09-09 20:30:44,BTCUSD_PERP,bid,54900,596.2
2024-09-09 20:30:45,BTCUSD_PERP,bid,54900,650.56
2024-09-09 20:30:45,BTCUSD_PERP,bid,54900,758.72
2024-09-09 20:30:45,BTCUSD_PERP,bid,54900,974.48
2024-09-09 20:30:45,BTCUSD_PERP,bid,54900,1028.84
2024-09-09 20:30:52,BTCUSD_PERP,bid,54800,973.94
2024-09-09 20:30:52,BTCUSD_PERP,bid,54800,1028.27
2024-09-09 20:31:05,BTCUSD_PERP,bid,54800,920.17
2024-09-09 20:31:05,BTCUSD_PERP,bid,54800,865.93
2024-09-09 20:31:06,BTCUSD_PERP,bid,54800,811.6
2024-09-09 20:31:06,BTCUSD_PERP,bid,54800,757.83
2024-09-09 20:31:06,BTCUSD_PERP,bid,54800,649.17
2024-09-09 20:31:06,BTCUSD_PERP,bid,54800,595.4
2024-09-09 20:31:06,BTCUSD_PERP,bid,54900,704.48
2024-09-09 20:31:06,BTCUSD_PERP,bid,54900,812.66
2024-09-09 20:31:07,BTCUSD_PERP,bid,54900,866.47
2024-09-09 20:31:07,BTCUSD_PERP,bid,54900,975.21
2024-09-09 20:31:17,BTCUSD_PERP,bid,54900,978.71
2024-09-09 20:31:17,BTCUSD_PERP,bid,54900,762.35
2024-09-09 20:31:18,BTCUSD_PERP,bid,54900,599.8
2024-09-09 20:31:19,BTCUSD_PERP,bid,54900,555.29
2024-09-09 20:31:19,BTCUSD_PERP,bid,54900,609.69
2024-09-09 20:31:20,BTCUSD_PERP,bid,54900,555.29
2024-09-09 20:31:21,BTCUSD_PERP,bid,54900,596.4
2024-09-09 20:31:21,BTCUSD_PERP,bid,54900,650.83
2024-09-09 20:31:22,BTCUSD_PERP,bid,54900,758.57
2024-09-09 20:31:22,BTCUSD_PERP,bid,54900,813.0
2024-09-09 20:31:22,BTCUSD_PERP,bid,54900,921.3
2024-09-09 20:31:41,BTCUSD_PERP,bid,54900,759.13
2024-09-09 20:32:01,BTCUSD_PERP,bid,54800,649.36
2024-09-09 20:32:03,BTCUSD_PERP,bid,54800,918.67
2024-09-09 20:32:03,BTCUSD_PERP,bid,54800,972.94
2024-09-09 20:32:04,BTCUSD_PERP,bid,54800,1027.21
2024-09-09 20:32:14,BTCUSD_PERP,bid,54800,973.5
2024-09-09 20:32:14,BTCUSD_PERP,bid,54800,865.52
2024-09-09 20:32:14,BTCUSD_PERP,bid,54800,811.25
2024-09-09 20:32:14,BTCUSD_PERP,bid,54800,756.98
2024-09-09 20:32:14,BTCUSD_PERP,bid,54800,648.44
2024-09-09 20:32:15,BTCUSD_PERP,bid,54800,649.31
2024-09-09 20:35:15,BTCUSD_PERP,bid,54900,596.3
2024-09-09 20:35:17,BTCUSD_PERP,bid,54800,596.44
2024-09-09 20:35:42,BTCUSD_PERP,bid,54900,555.01
2024-09-09 20:35:42,BTCUSD_PERP,bid,54900,608.87
2024-09-09 20:35:43,BTCUSD_PERP,bid,54900,662.73
2024-09-09 20:35:43,BTCUSD_PERP,bid,54900,662.86
2024-09-09 20:35:49,BTCUSD_PERP,bid,54900,609.0
2024-09-09 20:35:50,BTCUSD_PERP,bid,54900,554.58
2024-09-09 20:35:50,BTCUSD_PERP,bid,55000,588.36
2024-09-09 20:35:50,BTCUSD_PERP,bid,55000,642.26
2024-09-09 20:36:01,BTCUSD_PERP,bid,54900,814.12
2024-09-09 20:36:08,BTCUSD_PERP,bid,54900,760.25
2024-09-09 20:36:08,BTCUSD_PERP,bid,55000,760.67
2024-09-09 20:36:34,BTCUSD_PERP,bid,55000,706.77
2024-09-09 20:38:21,BTCUSD_PERP,bid,54900,596.5
2024-09-09 20:39:06,BTCUSD_PERP,bid,55000,597.18
2024-09-09 20:39:06,BTCUSD_PERP,bid,55000,651.71
2024-09-09 20:39:06,BTCUSD_PERP,bid,55000,760.68
2024-09-09 20:39:06,BTCUSD_PERP,bid,55000,815.21
2024-09-09 20:39:07,BTCUSD_PERP,bid,55000,869.74
2024-09-09 20:39:07,BTCUSD_PERP,bid,55000,924.27
2024-09-09 20:39:32,BTCUSD_PERP,bid,55000,869.74
2024-09-09 20:39:32,BTCUSD_PERP,bid,55000,815.21
2024-09-09 20:39:32,BTCUSD_PERP,bid,55000,652.17
2024-09-09 20:39:41,BTCUSD_PERP,bid,55000,759.27
2024-09-09 20:39:41,BTCUSD_PERP,bid,55000,868.23
2024-09-09 20:39:41,BTCUSD_PERP,bid,55000,922.71
2024-09-09 20:39:45,BTCUSD_PERP,bid,55000,596.48
2024-09-09 20:39:52,BTCUSD_PERP,bid,55000,705.48
2024-09-09 20:39:52,BTCUSD_PERP,bid,55000,759.96
2024-09-09 20:40:06,BTCUSD_PERP,bid,55000,651.65
2024-09-09 20:40:06,BTCUSD_PERP,bid,55000,597.17
2024-09-09 20:40:08,BTCUSD_PERP,bid,55000,597.81
2024-09-09 20:40:17,BTCUSD_PERP,bid,55000,705.51
2024-09-09 20:40:17,BTCUSD_PERP,bid,55000,759.96
2024-09-09 20:41:45,BTCUSD_PERP,bid,54900,651.4
2024-09-09 20:41:45,BTCUSD_PERP,bid,54900,705.27
2024-09-09 20:41:45,BTCUSD_PERP,bid,54900,759.14
2024-09-09 20:41:54,BTCUSD_PERP,bid,54900,705.27
2024-09-09 20:41:55,BTCUSD_PERP,bid,54900,651.4
2024-09-09 20:41:55,BTCUSD_PERP,bid,54900,597.06
2024-09-09 20:41:55,BTCUSD_PERP,bid,55000,598.55
2024-09-09 20:41:56,BTCUSD_PERP,bid,55000,815.31
2024-09-09 20:41:59,BTCUSD_PERP,bid,55000,706.46
2024-09-09 20:41:59,BTCUSD_PERP,bid,55000,598.64
2024-09-09 20:42:00,BTCUSD_PERP,bid,55000,548.72
2024-09-09 20:42:00,BTCUSD_PERP,bid,55000,603.22
2024-09-09 20:42:00,BTCUSD_PERP,bid,55000,657.16
2024-09-09 20:42:00,BTCUSD_PERP,bid,55000,820.1
2024-09-09 20:42:11,BTCUSD_PERP,bid,55000,711.66
2024-09-09 20:42:11,BTCUSD_PERP,bid,55000,657.72
2024-09-09 20:42:12,BTCUSD_PERP,bid,55000,598.73
2024-09-09 20:42:13,BTCUSD_PERP,bid,55000,652.72
2024-09-09 20:42:30,BTCUSD_PERP,bid,55000,598.18
2024-09-09 20:43:32,BTCUSD_PERP,bid,55000,595.72
2024-09-09 20:44:15,BTCUSD_PERP,bid,55000,596.05
2024-09-09 20:44:44,BTCUSD_PERP,bid,55000,649.97
2024-09-09 20:44:45,BTCUSD_PERP,bid,55000,596.03
2024-09-09 20:44:45,BTCUSD_PERP,bid,55000,595.81
2024-09-09 20:45:49,BTCUSD_PERP,bid,55000,706.22
2024-09-09 20:45:50,BTCUSD_PERP,bid,55000,868.58
2024-09-09 20:45:50,BTCUSD_PERP,bid,55000,923.08
2024-09-09 20:45:55,BTCUSD_PERP,bid,55000,814.08
2024-09-09 20:45:55,BTCUSD_PERP,bid,55000,760.15
2024-09-09 20:45:55,BTCUSD_PERP,bid,55000,651.72
2024-09-09 20:45:55,BTCUSD_PERP,bid,55000,597.49
2024-09-09 20:46:01,BTCUSD_PERP,bid,54900,650.27
2024-09-09 20:46:01,BTCUSD_PERP,bid,54900,704.7
2024-09-09 20:47:23,BTCUSD_PERP,bid,55000,555.07
2024-09-09 20:47:40,BTCUSD_PERP,bid,55000,705.57
2024-09-09 20:48:25,BTCUSD_PERP,bid,55000,651.69
2024-09-09 20:48:25,BTCUSD_PERP,bid,55000,597.81
2024-09-09 20:50:18,BTCUSD_PERP,bid,54900,595.93
2024-09-09 20:50:41,BTCUSD_PERP,bid,55000,758.57
2024-09-09 20:50:48,BTCUSD_PERP,bid,55000,649.63
2024-09-09 20:50:48,BTCUSD_PERP,bid,55000,595.72
2024-09-09 21:05:22,BTCUSD_PERP,bid,55000,760.95
2024-09-09 21:05:35,BTCUSD_PERP,bid,55000,814.46
2024-09-09 21:05:58,BTCUSD_PERP,bid,55000,759.97
2024-09-09 21:05:58,BTCUSD_PERP,bid,55000,652.11
2024-09-09 21:05:59,BTCUSD_PERP,bid,55000,597.62
2024-09-09 21:06:19,BTCUSD_PERP,bid,55000,976.45
2024-09-09 21:06:20,BTCUSD_PERP,bid,55000,1030.36
2024-09-09 21:06:20,BTCUSD_PERP,bid,55000,1084.83
2024-09-09 21:06:36,BTCUSD_PERP,bid,55000,1030.36
2024-09-09 21:06:36,BTCUSD_PERP,bid,55000,975.89
2024-09-09 21:06:36,BTCUSD_PERP,bid,55000,921.98
2024-09-09 21:06:36,BTCUSD_PERP,bid,55000,759.13
2024-09-09 21:06:36,BTCUSD_PERP,bid,55000,705.22
2024-09-09 21:06:36,BTCUSD_PERP,bid,55000,651.31
2024-09-09 21:06:37,BTCUSD_PERP,bid,55000,596.84
2024-09-09 21:06:37,BTCUSD_PERP,bid,55000,597.37
2024-09-09 21:12:40,BTCUSD_PERP,bid,55000,977.35
2024-09-09 21:12:40,BTCUSD_PERP,bid,55000,1031.87
2024-09-09 21:13:24,BTCUSD_PERP,bid,55000,651.35
2024-09-09 21:13:24,BTCUSD_PERP,bid,55000,705.87
2024-09-09 21:14:24,BTCUSD_PERP,bid,55000,597.39
2024-09-09 21:14:24,BTCUSD_PERP,bid,55000,651.91
2024-09-09 21:14:28,BTCUSD_PERP,bid,55000,653.06
2024-09-09 21:14:29,BTCUSD_PERP,bid,55000,655.04
2024-09-09 21:15:22,BTCUSD_PERP,bid,55000,600.52
2024-09-09 21:15:22,BTCUSD_PERP,bid,55000,705.48
2024-09-09 21:15:23,BTCUSD_PERP,bid,55000,759.97
2024-09-09 21:15:38,BTCUSD_PERP,bid,55000,705.09
2024-09-09 21:15:39,BTCUSD_PERP,bid,55000,759.55
2024-09-09 21:15:41,BTCUSD_PERP,bid,55000,651.28
2024-09-09 21:15:41,BTCUSD_PERP,bid,54900,652.36
2024-09-09 21:23:12,BTCUSD_PERP,bid,54800,607.1
2024-09-09 21:23:44,BTCUSD_PERP,bid,54800,552.83
2024-09-09 21:27:16,BTCUSD_PERP,bid,54800,649.24
2024-09-09 21:27:16,BTCUSD_PERP,bid,54800,703.49
2024-09-09 21:27:16,BTCUSD_PERP,bid,54800,757.74
