2024-08-21 07:24:55,SOLUSDT,bid,142,65675.0
2024-08-21 07:25:01,SOLUSDT,bid,142,65498.0
2024-08-21 07:25:02,SOLUSDT,bid,142,65428.0
2024-08-21 07:25:20,SOLUSDT,bid,142,43632.0
2024-08-21 07:25:31,SOLUSDT,bid,142,43630.0
2024-08-21 09:15:53,SOLUSDT,bid,142,44329.0
2024-08-21 09:15:59,SOLUSDT,bid,142,44334.0
2024-08-21 09:16:21,SOLUSDT,bid,142,44334.0
2024-08-21 09:16:26,SOLUSDT,bid,142,44839.0
2024-08-21 09:16:26,SOLUSDT,bid,142,44334.0
2024-08-21 09:17:01,SOLUSDT,bid,142,44341.0
2024-08-21 09:17:30,SOLUSDT,bid,142,44334.0
2024-08-21 09:18:30,SOLUSDT,bid,142,44354.0
2024-08-21 09:18:30,SOLUSDT,bid,142,44334.0
2024-08-21 09:18:46,SOLUSDT,bid,142,44354.0
2024-08-21 09:19:02,SOLUSDT,bid,142,44599.0
2024-08-21 09:19:02,SOLUSDT,bid,142,44354.0
2024-08-21 09:19:03,SOLUSDT,bid,142,44354.0
2024-08-21 09:19:47,SOLUSDT,bid,142,44599.0
2024-08-21 09:19:47,SOLUSDT,bid,142,44354.0
2024-08-21 09:19:50,SOLUSDT,bid,142,44354.0
2024-08-21 09:20:15,SOLUSDT,bid,142,44368.0
2024-08-21 09:20:16,SOLUSDT,bid,142,44354.0
2024-08-21 09:20:22,SOLUSDT,bid,142,44599.0
2024-08-21 09:20:22,SOLUSDT,bid,142,44354.0
2024-08-21 09:20:27,SOLUSDT,bid,142,44368.0
2024-08-21 09:20:27,SOLUSDT,bid,142,44354.0
2024-08-21 09:20:48,SOLUSDT,bid,142,44368.0
2024-08-21 09:20:49,SOLUSDT,bid,142,44354.0
2024-08-21 09:21:47,SOLUSDT,bid,142,44334.0
2024-08-21 09:22:07,SOLUSDT,bid,142,44335.0
2024-08-21 09:22:12,SOLUSDT,bid,142,44335.0
2024-08-21 09:22:32,SOLUSDT,bid,142,44528.0
2024-08-21 09:22:40,SOLUSDT,bid,142,45019.0
2024-08-21 09:22:40,SOLUSDT,bid,142,44528.0
2024-08-21 09:22:42,SOLUSDT,bid,142,44528.0
2024-08-21 09:30:14,SOLUSDT,bid,142,44429.0
2024-08-21 09:30:14,SOLUSDT,bid,142,44379.0
2024-08-21 09:30:14,SOLUSDT,bid,142,44379.0
2024-08-21 09:30:21,SOLUSDT,bid,142,44382.0
2024-08-21 09:30:23,SOLUSDT,bid,142,44384.0
2024-08-21 09:30:23,SOLUSDT,bid,142,44434.0
2024-08-21 09:30:24,SOLUSDT,bid,142,44582.0
2024-08-21 09:30:28,SOLUSDT,bid,142,44561.0
2024-08-21 09:30:30,SOLUSDT,bid,142,44526.0
2024-08-21 09:30:30,SOLUSDT,bid,142,44631.0
2024-08-21 09:30:30,SOLUSDT,bid,142,44523.0
2024-08-21 09:30:39,SOLUSDT,bid,142,44525.0
2024-08-21 09:30:42,SOLUSDT,bid,142,44523.0
2024-08-21 09:30:43,SOLUSDT,bid,142,44628.0
2024-08-21 09:30:46,SOLUSDT,bid,142,44523.0
2024-08-21 09:30:47,SOLUSDT,bid,142,44628.0
2024-08-21 09:30:47,SOLUSDT,bid,142,44523.0
2024-08-21 09:30:47,SOLUSDT,bid,142,44628.0
2024-08-21 09:30:48,SOLUSDT,bid,142,44523.0
2024-08-21 09:30:49,SOLUSDT,bid,142,44573.0
2024-08-21 09:30:50,SOLUSDT,bid,142,44573.0
2024-08-21 09:30:50,SOLUSDT,bid,142,44573.0
2024-08-21 09:30:51,SOLUSDT,bid,142,44523.0
2024-08-21 09:30:51,SOLUSDT,bid,142,44573.0
2024-08-21 09:30:52,SOLUSDT,bid,142,44523.0
2024-08-21 09:30:52,SOLUSDT,bid,142,44573.0
2024-08-21 09:30:53,SOLUSDT,bid,142,44573.0
2024-08-21 09:30:53,SOLUSDT,bid,142,44523.0
2024-08-21 09:30:53,SOLUSDT,bid,142,44573.0
2024-08-21 09:30:54,SOLUSDT,bid,142,44523.0
2024-08-21 09:30:54,SOLUSDT,bid,142,44573.0
2024-08-21 09:30:54,SOLUSDT,bid,142,44523.0
2024-08-21 09:30:57,SOLUSDT,bid,142,44573.0
2024-08-21 09:30:57,SOLUSDT,bid,142,44523.0
2024-08-21 09:31:01,SOLUSDT,bid,142,44523.0
2024-08-21 09:33:25,SOLUSDT,bid,142,44186.0
2024-08-21 09:33:27,SOLUSDT,bid,142,44286.0
2024-08-21 09:33:27,SOLUSDT,bid,142,44186.0
2024-08-21 09:33:31,SOLUSDT,bid,142,44190.0
2024-08-21 09:33:34,SOLUSDT,bid,142,44211.0
2024-08-21 09:33:42,SOLUSDT,bid,142,44211.0
2024-08-21 09:33:52,SOLUSDT,bid,142,44207.0
2024-08-21 09:33:54,SOLUSDT,bid,142,44207.0
2024-08-21 09:33:54,SOLUSDT,bid,142,44208.0
2024-08-21 09:33:55,SOLUSDT,bid,142,44207.0
2024-08-21 09:33:57,SOLUSDT,bid,142,44206.0
2024-08-21 09:34:00,SOLUSDT,bid,142,44205.0
2024-08-21 09:34:00,SOLUSDT,bid,142,44209.0
2024-08-21 09:34:04,SOLUSDT,bid,142,44205.0
2024-08-21 09:34:04,SOLUSDT,bid,142,44210.0
2024-08-21 09:45:13,SOLUSDT,bid,142,44205.0
2024-08-21 09:45:14,SOLUSDT,bid,142,44208.0
2024-08-21 09:45:23,SOLUSDT,bid,142,44208.0
2024-08-21 09:45:43,SOLUSDT,bid,142,44205.0
2024-08-21 09:45:49,SOLUSDT,bid,142,44275.0
2024-08-21 09:46:00,SOLUSDT,bid,142,44276.0
2024-08-21 09:46:04,SOLUSDT,bid,142,44277.0
2024-08-21 09:46:11,SOLUSDT,bid,142,44274.0
2024-08-21 09:50:58,SOLUSDT,bid,142,43957.0
2024-08-21 09:50:59,SOLUSDT,bid,142,43836.0
2024-08-21 09:50:59,SOLUSDT,bid,142,43857.0
2024-08-21 09:51:01,SOLUSDT,bid,142,43856.0
2024-08-21 09:51:09,SOLUSDT,bid,142,43860.0
2024-08-21 09:51:13,SOLUSDT,bid,142,43860.0
2024-08-21 09:51:23,SOLUSDT,bid,142,43856.0
2024-08-21 09:51:27,SOLUSDT,bid,142,43869.0
2024-08-21 09:51:28,SOLUSDT,bid,142,43884.0
2024-08-21 09:51:28,SOLUSDT,bid,142,43869.0
2024-08-21 09:51:30,SOLUSDT,bid,142,43875.0
2024-08-21 09:51:31,SOLUSDT,bid,142,43878.0
2024-08-21 09:51:31,SOLUSDT,bid,142,43872.0
2024-08-21 09:51:31,SOLUSDT,bid,142,43871.0
2024-08-21 09:51:33,SOLUSDT,bid,142,43882.0
2024-08-21 09:51:34,SOLUSDT,bid,142,43869.0
2024-08-21 09:51:34,SOLUSDT,bid,142,44113.0
2024-08-21 09:51:34,SOLUSDT,bid,142,43869.0
2024-08-21 09:51:36,SOLUSDT,bid,142,43865.0
2024-08-21 09:51:37,SOLUSDT,bid,142,43844.0
2024-08-21 09:51:37,SOLUSDT,bid,142,43833.0
2024-08-21 09:51:37,SOLUSDT,bid,142,43905.0
2024-08-21 09:51:37,SOLUSDT,bid,142,43906.0
2024-08-21 09:51:37,SOLUSDT,bid,142,43904.0
2024-08-21 09:51:39,SOLUSDT,bid,142,43902.0
2024-08-21 09:51:45,SOLUSDT,bid,142,43901.0
2024-08-21 09:51:52,SOLUSDT,bid,142,43902.0
2024-08-21 09:51:52,SOLUSDT,bid,142,43901.0
2024-08-21 09:51:52,SOLUSDT,bid,142,43901.0
2024-08-21 09:51:52,SOLUSDT,bid,142,43831.0
2024-08-21 09:51:53,SOLUSDT,bid,142,43828.0
2024-08-21 09:52:01,SOLUSDT,bid,142,43828.0
2024-08-21 09:52:01,SOLUSDT,bid,142,43828.0
2024-08-21 09:52:07,SOLUSDT,bid,142,43845.0
2024-08-21 09:52:09,SOLUSDT,bid,142,43836.0
2024-08-21 09:52:09,SOLUSDT,bid,142,43828.0
2024-08-21 09:52:17,SOLUSDT,bid,142,43845.0
2024-08-21 09:52:19,SOLUSDT,bid,142,45196.0
2024-08-21 09:52:19,SOLUSDT,bid,142,43845.0
2024-08-21 09:52:25,SOLUSDT,bid,142,43828.0
2024-08-21 09:52:32,SOLUSDT,bid,142,43857.0
2024-08-21 09:52:33,SOLUSDT,bid,142,43893.0
2024-08-21 09:52:33,SOLUSDT,bid,142,43892.0
2024-08-21 09:52:35,SOLUSDT,bid,142,43910.0
2024-08-21 09:52:36,SOLUSDT,bid,142,43927.0
2024-08-21 09:52:37,SOLUSDT,bid,142,43928.0
2024-08-21 09:52:40,SOLUSDT,bid,142,43910.0
2024-08-21 09:52:50,SOLUSDT,bid,142,43911.0
2024-08-21 09:52:50,SOLUSDT,bid,142,43858.0
2024-08-21 09:53:05,SOLUSDT,bid,142,43857.0
2024-08-21 09:53:22,SOLUSDT,bid,142,44559.0
2024-08-21 09:53:28,SOLUSDT,bid,142,44829.0
2024-08-21 09:53:32,SOLUSDT,bid,142,44845.0
2024-08-21 09:53:34,SOLUSDT,bid,142,44846.0
2024-08-21 09:53:49,SOLUSDT,bid,142,44873.0
2024-08-21 09:53:51,SOLUSDT,bid,142,44890.0
2024-08-21 09:54:00,SOLUSDT,bid,142,44873.0
2024-08-21 09:54:00,SOLUSDT,bid,142,44872.0
2024-08-21 09:54:28,SOLUSDT,bid,142,44872.0
2024-08-21 09:54:56,SOLUSDT,bid,142,44875.0
2024-08-21 09:54:59,SOLUSDT,bid,142,44897.0
2024-08-21 09:55:00,SOLUSDT,bid,142,44919.0
2024-08-21 09:55:00,SOLUSDT,bid,142,44875.0
2024-08-21 09:55:00,SOLUSDT,bid,142,44872.0
2024-08-21 09:55:43,SOLUSDT,bid,142,44896.0
2024-08-21 09:55:52,SOLUSDT,bid,142,44872.0
2024-08-21 09:55:57,SOLUSDT,bid,142,44873.0
2024-08-21 09:56:33,SOLUSDT,bid,142,44873.0
2024-08-21 09:56:35,SOLUSDT,bid,142,45884.0
2024-08-21 09:56:35,SOLUSDT,bid,142,44873.0
2024-08-21 09:56:35,SOLUSDT,bid,142,44895.0
2024-08-21 09:56:39,SOLUSDT,bid,142,44873.0
2024-08-21 09:56:39,SOLUSDT,bid,142,44871.0
2024-08-21 09:56:41,SOLUSDT,bid,142,44883.0
2024-08-21 09:59:39,SOLUSDT,bid,142,44609.0
2024-08-21 09:59:45,SOLUSDT,bid,142,44611.0
2024-08-21 10:00:02,SOLUSDT,bid,142,44611.0
2024-08-21 10:00:02,SOLUSDT,bid,142,44611.0
2024-08-21 10:00:03,SOLUSDT,bid,142,44611.0
2024-08-21 10:00:04,SOLUSDT,bid,142,44612.0
2024-08-21 10:00:04,SOLUSDT,bid,142,44611.0
2024-08-21 10:00:05,SOLUSDT,bid,142,44614.0
2024-08-21 10:00:06,SOLUSDT,bid,142,44611.0
2024-08-21 10:00:20,SOLUSDT,bid,142,44611.0
2024-08-21 10:00:24,SOLUSDT,bid,142,44616.0
2024-08-21 10:00:52,SOLUSDT,bid,142,44616.0
2024-08-21 10:00:57,SOLUSDT,bid,142,44618.0
2024-08-21 10:00:57,SOLUSDT,bid,142,44863.0
2024-08-21 10:01:00,SOLUSDT,bid,142,44618.0
2024-08-21 10:01:01,SOLUSDT,bid,142,44619.0
2024-08-21 10:01:07,SOLUSDT,bid,142,44618.0
2024-08-21 10:01:23,SOLUSDT,bid,142,44619.0
2024-08-21 10:17:58,SOLUSDT,bid,142,53102.0
2024-08-21 10:18:00,SOLUSDT,bid,142,53108.0
2024-08-21 10:18:10,SOLUSDT,bid,142,53102.0
2024-08-21 10:18:23,SOLUSDT,bid,142,53593.0
2024-08-21 10:18:24,SOLUSDT,bid,142,53102.0
2024-08-21 10:18:26,SOLUSDT,bid,142,53103.0
2024-08-21 10:18:33,SOLUSDT,bid,142,53104.0
2024-08-21 10:18:34,SOLUSDT,bid,142,53103.0
2024-08-21 10:18:35,SOLUSDT,bid,142,53104.0
2024-08-21 10:18:35,SOLUSDT,bid,142,53103.0
2024-08-21 10:18:35,SOLUSDT,bid,142,53077.0
2024-08-21 10:18:39,SOLUSDT,bid,142,53078.0
2024-08-21 10:18:40,SOLUSDT,bid,142,53077.0
2024-08-21 10:18:46,SOLUSDT,bid,142,53974.0
2024-08-21 10:18:46,SOLUSDT,bid,142,53077.0
2024-08-21 10:18:46,SOLUSDT,bid,142,53076.0
2024-08-21 10:18:56,SOLUSDT,bid,142,54013.0
2024-08-21 10:18:56,SOLUSDT,bid,142,53076.0
2024-08-21 10:18:57,SOLUSDT,bid,142,53075.0
2024-08-21 10:19:09,SOLUSDT,bid,142,53321.0
2024-08-21 10:19:09,SOLUSDT,bid,142,53075.0
2024-08-21 10:19:10,SOLUSDT,bid,142,53321.0
2024-08-21 10:19:10,SOLUSDT,bid,142,53320.0
2024-08-21 10:19:11,SOLUSDT,bid,142,53075.0
2024-08-21 10:19:17,SOLUSDT,bid,142,53075.0
2024-08-21 10:19:22,SOLUSDT,bid,142,53075.0
2024-08-21 10:19:24,SOLUSDT,bid,142,53197.0
2024-08-21 10:19:25,SOLUSDT,bid,142,53075.0
2024-08-21 10:19:42,SOLUSDT,bid,142,53073.0
2024-08-21 10:19:50,SOLUSDT,bid,142,53072.0
2024-08-21 10:19:50,SOLUSDT,bid,142,53084.0
2024-08-21 10:19:50,SOLUSDT,bid,142,53085.0
2024-08-21 10:19:53,SOLUSDT,bid,142,53084.0
2024-08-21 10:19:53,SOLUSDT,bid,142,52834.0
2024-08-21 10:19:55,SOLUSDT,bid,142,52884.0
2024-08-21 10:19:55,SOLUSDT,bid,142,52834.0
2024-08-21 10:19:57,SOLUSDT,bid,142,52835.0
2024-08-21 10:20:01,SOLUSDT,bid,142,52826.0
2024-08-21 10:20:05,SOLUSDT,bid,142,52822.0
2024-08-21 10:20:10,SOLUSDT,bid,142,52927.0
2024-08-21 10:20:10,SOLUSDT,bid,142,52977.0
2024-08-21 10:20:11,SOLUSDT,bid,142,52872.0
2024-08-21 10:20:11,SOLUSDT,bid,142,52870.0
2024-08-21 10:20:11,SOLUSDT,bid,142,52855.0
2024-08-21 10:20:11,SOLUSDT,bid,142,52905.0
2024-08-21 10:20:12,SOLUSDT,bid,142,52905.0
2024-08-21 10:20:12,SOLUSDT,bid,142,52904.0
2024-08-21 10:20:12,SOLUSDT,bid,142,52904.0
2024-08-21 10:20:13,SOLUSDT,bid,142,52869.0
2024-08-21 10:20:14,SOLUSDT,bid,142,52869.0
2024-08-21 10:20:14,SOLUSDT,bid,142,52819.0
2024-08-21 10:20:14,SOLUSDT,bid,142,52869.0
2024-08-21 10:20:14,SOLUSDT,bid,142,52869.0
2024-08-21 10:20:15,SOLUSDT,bid,142,52819.0
2024-08-21 10:20:15,SOLUSDT,bid,142,52869.0
2024-08-21 10:20:15,SOLUSDT,bid,142,52869.0
2024-08-21 10:20:16,SOLUSDT,bid,142,52969.0
2024-08-21 10:20:16,SOLUSDT,bid,142,52919.0
2024-08-21 10:20:16,SOLUSDT,bid,142,52869.0
2024-08-21 10:20:16,SOLUSDT,bid,142,52969.0
2024-08-21 10:20:17,SOLUSDT,bid,142,52869.0
2024-08-21 10:20:17,SOLUSDT,bid,142,52819.0
2024-08-21 10:20:17,SOLUSDT,bid,142,52869.0
2024-08-21 10:20:17,SOLUSDT,bid,142,52869.0
2024-08-21 10:20:17,SOLUSDT,bid,142,52969.0
2024-08-21 10:20:17,SOLUSDT,bid,142,52969.0
2024-08-21 10:20:18,SOLUSDT,bid,142,52969.0
2024-08-21 10:20:18,SOLUSDT,bid,142,53069.0
2024-08-21 10:20:19,SOLUSDT,bid,142,52969.0
2024-08-21 10:20:19,SOLUSDT,bid,142,52919.0
2024-08-21 10:20:19,SOLUSDT,bid,142,52969.0
2024-08-21 10:20:20,SOLUSDT,bid,142,52969.0
2024-08-21 10:20:20,SOLUSDT,bid,142,52919.0
2024-08-21 10:20:20,SOLUSDT,bid,142,52969.0
2024-08-21 10:20:21,SOLUSDT,bid,142,52919.0
2024-08-21 10:20:21,SOLUSDT,bid,142,52969.0
2024-08-21 10:20:21,SOLUSDT,bid,142,52919.0
2024-08-21 10:20:21,SOLUSDT,bid,142,52969.0
2024-08-21 10:20:22,SOLUSDT,bid,142,52969.0
2024-08-21 10:20:22,SOLUSDT,bid,142,52869.0
2024-08-21 10:20:23,SOLUSDT,bid,142,52869.0
2024-08-21 10:20:25,SOLUSDT,bid,142,52974.0
2024-08-21 10:20:26,SOLUSDT,bid,142,52869.0
2024-08-21 10:20:28,SOLUSDT,bid,142,52819.0
2024-08-21 10:20:29,SOLUSDT,bid,142,52886.0
2024-08-21 10:20:29,SOLUSDT,bid,142,52836.0
2024-08-21 10:20:34,SOLUSDT,bid,142,52920.0
2024-08-21 10:20:35,SOLUSDT,bid,142,52970.0
2024-08-21 10:20:35,SOLUSDT,bid,142,52920.0
2024-08-21 10:20:36,SOLUSDT,bid,142,52818.0
2024-08-21 10:20:36,SOLUSDT,bid,142,52868.0
2024-08-21 10:20:36,SOLUSDT,bid,142,52818.0
2024-08-21 10:20:37,SOLUSDT,bid,142,52868.0
2024-08-21 10:20:37,SOLUSDT,bid,142,52818.0
2024-08-21 10:20:37,SOLUSDT,bid,142,52868.0
2024-08-21 10:20:38,SOLUSDT,bid,142,52868.0
2024-08-21 10:20:38,SOLUSDT,bid,142,52818.0
2024-08-21 10:20:39,SOLUSDT,bid,142,52818.0
2024-08-21 10:20:39,SOLUSDT,bid,142,52868.0
2024-08-21 10:20:40,SOLUSDT,bid,142,52818.0
2024-08-21 10:20:40,SOLUSDT,bid,142,52868.0
2024-08-21 10:20:41,SOLUSDT,bid,142,52818.0
2024-08-21 10:20:41,SOLUSDT,bid,142,52868.0
2024-08-21 10:20:41,SOLUSDT,bid,142,52818.0
2024-08-21 10:20:42,SOLUSDT,bid,142,52868.0
2024-08-21 10:20:42,SOLUSDT,bid,142,52818.0
2024-08-21 10:20:43,SOLUSDT,bid,142,52874.0
2024-08-21 10:20:44,SOLUSDT,bid,142,52868.0
2024-08-21 10:20:44,SOLUSDT,bid,142,52818.0
2024-08-21 10:20:46,SOLUSDT,bid,142,52868.0
2024-08-21 10:20:46,SOLUSDT,bid,142,52868.0
2024-08-21 10:20:46,SOLUSDT,bid,142,52868.0
2024-08-21 10:20:47,SOLUSDT,bid,142,52818.0
2024-08-21 10:20:47,SOLUSDT,bid,142,52868.0
2024-08-21 10:20:48,SOLUSDT,bid,142,52903.0
2024-08-21 10:20:48,SOLUSDT,bid,142,52853.0
2024-08-21 10:20:48,SOLUSDT,bid,142,52953.0
2024-08-21 10:20:49,SOLUSDT,bid,142,52853.0
2024-08-21 10:20:50,SOLUSDT,bid,142,52903.0
2024-08-21 10:20:50,SOLUSDT,bid,142,53003.0
2024-08-21 10:20:50,SOLUSDT,bid,142,53003.0
2024-08-21 10:20:50,SOLUSDT,bid,142,52953.0
2024-08-21 10:20:51,SOLUSDT,bid,142,52903.0
2024-08-21 10:20:51,SOLUSDT,bid,142,53003.0
2024-08-21 10:20:51,SOLUSDT,bid,142,52953.0
2024-08-21 10:20:52,SOLUSDT,bid,142,52903.0
2024-08-21 10:20:52,SOLUSDT,bid,142,52853.0
2024-08-21 10:20:53,SOLUSDT,bid,142,52818.0
2024-08-21 10:20:53,SOLUSDT,bid,142,52868.0
2024-08-21 10:20:53,SOLUSDT,bid,142,52892.0
2024-08-21 10:20:53,SOLUSDT,bid,142,52837.0
2024-08-21 10:20:54,SOLUSDT,bid,142,52813.0
2024-08-21 10:20:54,SOLUSDT,bid,142,52863.0
2024-08-21 10:20:54,SOLUSDT,bid,142,52813.0
2024-08-21 10:20:56,SOLUSDT,bid,142,52863.0
2024-08-21 10:20:57,SOLUSDT,bid,142,52863.0
2024-08-21 10:20:57,SOLUSDT,bid,142,52813.0
2024-08-21 10:20:58,SOLUSDT,bid,142,52813.0
2024-08-21 10:20:58,SOLUSDT,bid,142,52863.0
2024-08-21 10:20:59,SOLUSDT,bid,142,52813.0
2024-08-21 10:20:59,SOLUSDT,bid,142,52863.0
2024-08-21 10:20:59,SOLUSDT,bid,142,52813.0
2024-08-21 10:21:00,SOLUSDT,bid,142,52816.0
2024-08-21 10:21:00,SOLUSDT,bid,142,52866.0
2024-08-21 10:21:01,SOLUSDT,bid,142,52816.0
2024-08-21 10:21:10,SOLUSDT,bid,142,52843.0
2024-08-21 10:21:10,SOLUSDT,bid,142,52879.0
2024-08-21 10:21:10,SOLUSDT,bid,142,52816.0
2024-08-21 10:21:10,SOLUSDT,bid,142,52852.0
2024-08-21 10:21:11,SOLUSDT,bid,142,52816.0
2024-08-21 10:21:15,SOLUSDT,bid,142,52879.0
2024-08-21 10:21:17,SOLUSDT,bid,142,52843.0
2024-08-21 10:21:17,SOLUSDT,bid,142,52816.0
2024-08-21 10:21:20,SOLUSDT,bid,142,52815.0
2024-08-21 10:21:20,SOLUSDT,bid,142,52842.0
2024-08-21 10:21:20,SOLUSDT,bid,142,52812.0
2024-08-21 10:21:20,SOLUSDT,bid,142,52917.0
2024-08-21 10:21:21,SOLUSDT,bid,142,52917.0
2024-08-21 10:21:21,SOLUSDT,bid,142,52953.0
2024-08-21 10:21:21,SOLUSDT,bid,142,52980.0
2024-08-21 10:21:21,SOLUSDT,bid,142,52944.0
2024-08-21 10:21:22,SOLUSDT,bid,142,52917.0
2024-08-21 10:21:24,SOLUSDT,bid,142,52917.0
2024-08-21 10:21:26,SOLUSDT,bid,142,52940.0
2024-08-21 10:21:26,SOLUSDT,bid,142,52917.0
2024-08-21 10:21:27,SOLUSDT,bid,142,52919.0
2024-08-21 10:21:30,SOLUSDT,bid,142,52838.0
2024-08-21 10:21:31,SOLUSDT,bid,142,52812.0
2024-08-21 10:21:32,SOLUSDT,bid,142,52835.0
2024-08-21 10:21:32,SOLUSDT,bid,142,52837.0
2024-08-21 10:21:34,SOLUSDT,bid,142,52814.0
2024-08-21 10:21:34,SOLUSDT,bid,142,52829.0
2024-08-21 10:21:35,SOLUSDT,bid,142,52864.0
2024-08-21 10:21:35,SOLUSDT,bid,142,52969.0
2024-08-21 10:21:35,SOLUSDT,bid,142,52864.0
2024-08-21 10:21:36,SOLUSDT,bid,142,52829.0
2024-08-21 10:21:36,SOLUSDT,bid,142,52827.0
2024-08-21 10:21:39,SOLUSDT,bid,142,52828.0
2024-08-21 10:21:47,SOLUSDT,bid,142,52828.0
2024-08-21 10:21:53,SOLUSDT,bid,142,54786.0
2024-08-21 10:21:53,SOLUSDT,bid,142,52828.0
2024-08-21 10:21:57,SOLUSDT,bid,142,52813.0
2024-08-21 10:22:02,SOLUSDT,bid,142,52830.0
2024-08-21 10:22:02,SOLUSDT,bid,142,52813.0
2024-08-21 10:22:03,SOLUSDT,bid,142,52815.0
2024-08-21 10:22:09,SOLUSDT,bid,142,52832.0
2024-08-21 10:22:09,SOLUSDT,bid,142,52815.0
2024-08-21 10:22:09,SOLUSDT,bid,142,52829.0
2024-08-21 10:22:09,SOLUSDT,bid,142,52827.0
2024-08-21 10:22:09,SOLUSDT,bid,142,52831.0
2024-08-21 10:22:23,SOLUSDT,bid,142,52827.0
2024-08-21 10:22:27,SOLUSDT,bid,142,52829.0
2024-08-21 10:22:31,SOLUSDT,bid,142,52827.0
2024-08-21 10:22:31,SOLUSDT,bid,142,52813.0
2024-08-21 10:22:39,SOLUSDT,bid,142,52827.0
2024-08-21 10:22:55,SOLUSDT,bid,142,52827.0
2024-08-21 10:22:58,SOLUSDT,bid,142,52791.0
2024-08-21 10:23:02,SOLUSDT,bid,142,52791.0
2024-08-21 10:23:07,SOLUSDT,bid,142,52913.0
2024-08-21 10:23:07,SOLUSDT,bid,142,52791.0
2024-08-21 10:23:07,SOLUSDT,bid,142,52802.0
2024-08-21 10:23:08,SOLUSDT,bid,142,52924.0
2024-08-21 10:23:08,SOLUSDT,bid,142,52802.0
2024-08-21 10:23:08,SOLUSDT,bid,142,52924.0
2024-08-21 10:23:09,SOLUSDT,bid,142,52913.0
2024-08-21 10:23:11,SOLUSDT,bid,142,52791.0
2024-08-21 10:23:11,SOLUSDT,bid,142,52795.0
2024-08-21 10:23:15,SOLUSDT,bid,142,52781.0
2024-08-21 10:23:21,SOLUSDT,bid,142,52777.0
2024-08-21 10:23:33,SOLUSDT,bid,142,52799.0
2024-08-21 10:23:36,SOLUSDT,bid,142,52921.0
2024-08-21 10:23:37,SOLUSDT,bid,142,52799.0
2024-08-21 10:23:40,SOLUSDT,bid,142,52821.0
2024-08-21 10:23:41,SOLUSDT,bid,142,52777.0
2024-08-21 10:23:41,SOLUSDT,bid,142,52781.0
2024-08-21 10:23:45,SOLUSDT,bid,142,52806.0
2024-08-21 10:23:51,SOLUSDT,bid,142,52809.0
2024-08-21 10:23:59,SOLUSDT,bid,142,52806.0
2024-08-21 10:24:00,SOLUSDT,bid,142,52803.0
2024-08-21 10:24:02,SOLUSDT,bid,142,52851.0
2024-08-21 10:24:06,SOLUSDT,bid,142,52956.0
2024-08-21 10:24:07,SOLUSDT,bid,142,52851.0
2024-08-21 10:24:08,SOLUSDT,bid,142,52781.0
2024-08-21 10:24:08,SOLUSDT,bid,142,52778.0
2024-08-21 10:24:10,SOLUSDT,bid,142,52777.0
2024-08-21 10:24:17,SOLUSDT,bid,142,52812.0
2024-08-21 10:24:17,SOLUSDT,bid,142,52777.0
2024-08-21 10:24:21,SOLUSDT,bid,142,52779.0
2024-08-21 10:24:21,SOLUSDT,bid,142,52877.0
2024-08-21 10:24:21,SOLUSDT,bid,142,52777.0
2024-08-21 10:24:26,SOLUSDT,bid,142,52778.0
2024-08-21 10:24:32,SOLUSDT,bid,142,52778.0
2024-08-21 10:24:47,SOLUSDT,bid,142,56703.0
2024-08-21 10:25:33,SOLUSDT,bid,142,56720.0
2024-08-21 10:26:30,SOLUSDT,bid,142,56727.0
2024-08-21 10:26:38,SOLUSDT,bid,142,56731.0
2024-08-21 10:26:40,SOLUSDT,bid,142,56720.0
2024-08-21 10:26:40,SOLUSDT,bid,142,56748.0
2024-08-21 10:26:40,SOLUSDT,bid,142,56741.0
2024-08-21 10:26:44,SOLUSDT,bid,142,56741.0
2024-08-21 10:27:01,SOLUSDT,bid,142,56740.0
2024-08-21 10:27:10,SOLUSDT,bid,142,56747.0
2024-08-21 10:27:10,SOLUSDT,bid,142,56740.0
2024-08-21 10:27:32,SOLUSDT,bid,142,57232.0
2024-08-21 10:27:55,SOLUSDT,bid,142,56740.0
2024-08-21 10:28:15,SOLUSDT,bid,142,56741.0
2024-08-21 10:28:21,SOLUSDT,bid,142,56721.0
2024-08-21 10:28:37,SOLUSDT,bid,142,56723.0
2024-08-21 10:28:37,SOLUSDT,bid,142,56721.0
2024-08-21 10:30:00,SOLUSDT,bid,142,56722.0
2024-08-21 10:30:01,SOLUSDT,bid,142,56721.0
2024-08-21 10:30:21,SOLUSDT,bid,142,56729.0
2024-08-21 10:30:31,SOLUSDT,bid,142,56721.0
2024-08-21 10:30:56,SOLUSDT,bid,142,56720.0
2024-08-21 10:31:48,SOLUSDT,bid,142,56470.0
2024-08-21 10:32:10,SOLUSDT,bid,142,56493.0
2024-08-21 10:32:40,SOLUSDT,bid,142,56743.0
2024-08-21 10:32:45,SOLUSDT,bid,142,56720.0
2024-08-21 10:32:46,SOLUSDT,bid,142,56721.0
2024-08-21 10:32:46,SOLUSDT,bid,142,56843.0
2024-08-21 10:32:47,SOLUSDT,bid,142,56721.0
2024-08-21 10:33:08,SOLUSDT,bid,142,56723.0
2024-08-21 10:33:09,SOLUSDT,bid,142,56726.0
2024-08-21 10:33:14,SOLUSDT,bid,142,56732.0
2024-08-21 10:33:23,SOLUSDT,bid,142,56730.0
2024-08-21 10:33:23,SOLUSDT,bid,142,56736.0
2024-08-21 10:33:32,SOLUSDT,bid,142,56728.0
2024-08-21 10:33:33,SOLUSDT,bid,142,56734.0
2024-08-21 10:33:33,SOLUSDT,bid,142,56745.0
2024-08-21 10:33:53,SOLUSDT,bid,142,56750.0
2024-08-21 10:33:54,SOLUSDT,bid,142,56727.0
2024-08-21 10:33:55,SOLUSDT,bid,142,56902.0
2024-08-21 10:33:56,SOLUSDT,bid,142,56777.0
2024-08-21 10:33:56,SOLUSDT,bid,142,56777.0
2024-08-21 10:33:56,SOLUSDT,bid,142,56777.0
2024-08-21 10:33:57,SOLUSDT,bid,142,56727.0
2024-08-21 10:33:57,SOLUSDT,bid,142,56777.0
2024-08-21 10:33:58,SOLUSDT,bid,142,56727.0
2024-08-21 10:33:58,SOLUSDT,bid,142,56777.0
2024-08-21 10:33:58,SOLUSDT,bid,142,56727.0
2024-08-21 10:34:00,SOLUSDT,bid,142,56477.0
2024-08-21 10:34:00,SOLUSDT,bid,142,56479.0
2024-08-21 10:34:01,SOLUSDT,bid,142,56468.0
2024-08-21 10:34:08,SOLUSDT,bid,142,56467.0
2024-08-21 10:34:09,SOLUSDT,bid,142,56466.0
2024-08-21 10:34:10,SOLUSDT,bid,142,56571.0
2024-08-21 10:34:10,SOLUSDT,bid,142,56466.0
2024-08-21 10:34:11,SOLUSDT,bid,142,56468.0
2024-08-21 10:34:12,SOLUSDT,bid,142,56466.0
2024-08-21 10:34:12,SOLUSDT,bid,142,56516.0
2024-08-21 10:34:12,SOLUSDT,bid,142,56516.0
2024-08-21 10:34:12,SOLUSDT,bid,142,56621.0
2024-08-21 10:34:13,SOLUSDT,bid,142,56571.0
2024-08-21 10:34:13,SOLUSDT,bid,142,56466.0
2024-08-21 10:34:15,SOLUSDT,bid,142,56516.0
2024-08-21 10:34:15,SOLUSDT,bid,142,56526.0
2024-08-21 10:34:16,SOLUSDT,bid,142,56526.0
2024-08-21 10:34:16,SOLUSDT,bid,142,56526.0
2024-08-21 10:34:16,SOLUSDT,bid,142,56526.0
2024-08-21 10:34:17,SOLUSDT,bid,142,56476.0
2024-08-21 10:34:17,SOLUSDT,bid,142,56526.0
2024-08-21 10:34:17,SOLUSDT,bid,142,56476.0
2024-08-21 10:34:18,SOLUSDT,bid,142,56526.0
2024-08-21 10:34:18,SOLUSDT,bid,142,56526.0
2024-08-21 10:34:19,SOLUSDT,bid,142,56476.0
2024-08-21 10:34:22,SOLUSDT,bid,142,56486.0
2024-08-21 10:34:22,SOLUSDT,bid,142,56536.0
2024-08-21 10:34:23,SOLUSDT,bid,142,56486.0
2024-08-21 10:34:23,SOLUSDT,bid,142,56487.0
2024-08-21 10:34:23,SOLUSDT,bid,142,56488.0
2024-08-21 10:34:23,SOLUSDT,bid,142,56489.0
2024-08-21 10:34:24,SOLUSDT,bid,142,56490.0
2024-08-21 10:34:26,SOLUSDT,bid,142,56634.0
2024-08-21 10:34:26,SOLUSDT,bid,142,56684.0
2024-08-21 10:34:26,SOLUSDT,bid,142,56634.0
2024-08-21 10:34:26,SOLUSDT,bid,142,56684.0
2024-08-21 10:34:27,SOLUSDT,bid,142,56634.0
2024-08-21 10:34:27,SOLUSDT,bid,142,56684.0
2024-08-21 10:34:27,SOLUSDT,bid,142,56544.0
2024-08-21 10:34:27,SOLUSDT,bid,142,56537.0
2024-08-21 10:34:27,SOLUSDT,bid,142,56538.0
2024-08-21 10:34:28,SOLUSDT,bid,142,56488.0
2024-08-21 10:34:35,SOLUSDT,bid,142,56500.0
2024-08-21 10:34:38,SOLUSDT,bid,142,56488.0
2024-08-21 10:34:38,SOLUSDT,bid,142,56538.0
2024-08-21 10:34:39,SOLUSDT,bid,142,56488.0
2024-08-21 10:34:39,SOLUSDT,bid,142,56538.0
2024-08-21 10:34:40,SOLUSDT,bid,142,56488.0
2024-08-21 10:34:40,SOLUSDT,bid,142,56538.0
2024-08-21 10:34:40,SOLUSDT,bid,142,56488.0
2024-08-21 10:34:41,SOLUSDT,bid,142,56538.0
2024-08-21 10:34:41,SOLUSDT,bid,142,56488.0
2024-08-21 10:34:41,SOLUSDT,bid,142,56538.0
2024-08-21 10:34:42,SOLUSDT,bid,142,56488.0
2024-08-21 10:34:43,SOLUSDT,bid,142,56538.0
2024-08-21 10:34:44,SOLUSDT,bid,142,56488.0
2024-08-21 10:34:45,SOLUSDT,bid,142,56538.0
2024-08-21 10:34:46,SOLUSDT,bid,142,56538.0
2024-08-21 10:34:46,SOLUSDT,bid,142,56488.0
2024-08-21 10:34:46,SOLUSDT,bid,142,56538.0
2024-08-21 10:34:47,SOLUSDT,bid,142,56713.0
2024-08-21 10:34:47,SOLUSDT,bid,142,56538.0
2024-08-21 10:34:47,SOLUSDT,bid,142,56538.0
2024-08-21 10:34:48,SOLUSDT,bid,142,56488.0
2024-08-21 10:34:48,SOLUSDT,bid,142,56538.0
2024-08-21 10:34:48,SOLUSDT,bid,142,56488.0
2024-08-21 10:34:48,SOLUSDT,bid,142,56538.0
2024-08-21 10:34:49,SOLUSDT,bid,142,56538.0
2024-08-21 10:34:49,SOLUSDT,bid,142,56488.0
2024-08-21 10:34:50,SOLUSDT,bid,142,56538.0
2024-08-21 10:34:50,SOLUSDT,bid,142,56538.0
2024-08-21 10:34:51,SOLUSDT,bid,142,56488.0
2024-08-21 10:34:51,SOLUSDT,bid,142,56538.0
2024-08-21 10:34:52,SOLUSDT,bid,142,56488.0
2024-08-21 10:34:52,SOLUSDT,bid,142,56538.0
2024-08-21 10:34:53,SOLUSDT,bid,142,56488.0
2024-08-21 10:34:53,SOLUSDT,bid,142,56538.0
2024-08-21 10:34:53,SOLUSDT,bid,142,56488.0
2024-08-21 10:34:53,SOLUSDT,bid,142,56538.0
2024-08-21 10:34:54,SOLUSDT,bid,142,56538.0
2024-08-21 10:34:54,SOLUSDT,bid,142,56538.0
2024-08-21 10:34:55,SOLUSDT,bid,142,56528.0
2024-08-21 10:34:55,SOLUSDT,bid,142,56478.0
2024-08-21 10:34:55,SOLUSDT,bid,142,56528.0
2024-08-21 10:34:55,SOLUSDT,bid,142,56478.0
2024-08-21 10:34:55,SOLUSDT,bid,142,56528.0
2024-08-21 10:34:56,SOLUSDT,bid,142,56530.0
2024-08-21 10:34:56,SOLUSDT,bid,142,56587.0
2024-08-21 10:34:56,SOLUSDT,bid,142,56691.0
2024-08-21 10:34:56,SOLUSDT,bid,142,56586.0
2024-08-21 10:34:57,SOLUSDT,bid,142,56636.0
2024-08-21 10:34:58,SOLUSDT,bid,142,56586.0
2024-08-21 10:34:59,SOLUSDT,bid,142,56481.0
2024-08-21 10:34:59,SOLUSDT,bid,142,56531.0
2024-08-21 10:35:00,SOLUSDT,bid,142,56531.0
2024-08-21 10:35:00,SOLUSDT,bid,142,56530.0
2024-08-21 10:35:00,SOLUSDT,bid,142,56480.0
2024-08-21 10:35:01,SOLUSDT,bid,142,56530.0
2024-08-21 10:35:01,SOLUSDT,bid,142,56480.0
2024-08-21 10:35:01,SOLUSDT,bid,142,56530.0
2024-08-21 10:35:02,SOLUSDT,bid,142,56530.0
2024-08-21 10:35:02,SOLUSDT,bid,142,56480.0
2024-08-21 10:35:03,SOLUSDT,bid,142,56544.0
2024-08-21 10:35:03,SOLUSDT,bid,142,56594.0
2024-08-21 10:35:03,SOLUSDT,bid,142,56592.0
2024-08-21 10:35:04,SOLUSDT,bid,142,56542.0
2024-08-21 10:35:05,SOLUSDT,bid,142,56592.0
2024-08-21 10:35:05,SOLUSDT,bid,142,56528.0
2024-08-21 10:35:05,SOLUSDT,bid,142,56478.0
2024-08-21 10:35:10,SOLUSDT,bid,142,56494.0
2024-08-21 10:35:12,SOLUSDT,bid,142,56544.0
2024-08-21 10:35:13,SOLUSDT,bid,142,56545.0
2024-08-21 10:35:13,SOLUSDT,bid,142,56495.0
2024-08-21 10:35:14,SOLUSDT,bid,142,56545.0
2024-08-21 10:35:14,SOLUSDT,bid,142,56495.0
2024-08-21 10:35:15,SOLUSDT,bid,142,56479.0
2024-08-21 10:35:16,SOLUSDT,bid,142,56529.0
2024-08-21 10:35:16,SOLUSDT,bid,142,56479.0
2024-08-21 10:35:16,SOLUSDT,bid,142,56529.0
2024-08-21 10:35:18,SOLUSDT,bid,142,56479.0
2024-08-21 10:35:18,SOLUSDT,bid,142,56584.0
2024-08-21 10:35:19,SOLUSDT,bid,142,56486.0
2024-08-21 10:35:20,SOLUSDT,bid,142,56536.0
2024-08-21 10:35:21,SOLUSDT,bid,142,56536.0
2024-08-21 10:35:21,SOLUSDT,bid,142,56486.0
2024-08-21 10:35:21,SOLUSDT,bid,142,56536.0
2024-08-21 10:35:22,SOLUSDT,bid,142,56486.0
2024-08-21 10:35:22,SOLUSDT,bid,142,56536.0
2024-08-21 10:35:22,SOLUSDT,bid,142,56486.0
2024-08-21 10:35:22,SOLUSDT,bid,142,56536.0
2024-08-21 10:35:23,SOLUSDT,bid,142,56536.0
2024-08-21 10:35:23,SOLUSDT,bid,142,56536.0
2024-08-21 10:35:25,SOLUSDT,bid,142,56571.0
2024-08-21 10:35:25,SOLUSDT,bid,142,56521.0
2024-08-21 10:35:26,SOLUSDT,bid,142,56591.0
2024-08-21 10:35:28,SOLUSDT,bid,142,56486.0
2024-08-21 10:35:30,SOLUSDT,bid,142,56536.0
2024-08-21 10:35:31,SOLUSDT,bid,142,56536.0
2024-08-21 10:35:31,SOLUSDT,bid,142,56485.0
2024-08-21 10:35:31,SOLUSDT,bid,142,56497.0
2024-08-21 10:35:31,SOLUSDT,bid,142,56547.0
2024-08-21 10:35:32,SOLUSDT,bid,142,56497.0
2024-08-21 10:35:32,SOLUSDT,bid,142,56547.0
2024-08-21 10:35:32,SOLUSDT,bid,142,56535.0
2024-08-21 10:35:33,SOLUSDT,bid,142,56534.0
2024-08-21 10:35:33,SOLUSDT,bid,142,56527.0
2024-08-21 10:35:33,SOLUSDT,bid,142,56668.0
2024-08-21 10:35:35,SOLUSDT,bid,142,56489.0
2024-08-21 10:35:40,SOLUSDT,bid,142,56505.0
2024-08-21 10:35:41,SOLUSDT,bid,142,56507.0
2024-08-21 10:35:41,SOLUSDT,bid,142,56577.0
2024-08-21 10:35:42,SOLUSDT,bid,142,56682.0
2024-08-21 10:35:42,SOLUSDT,bid,142,56577.0
2024-08-21 10:35:42,SOLUSDT,bid,142,56507.0
2024-08-21 10:35:42,SOLUSDT,bid,142,56506.0
2024-08-21 10:35:44,SOLUSDT,bid,142,56505.0
2024-08-21 10:35:45,SOLUSDT,bid,142,56505.0
2024-08-21 10:35:46,SOLUSDT,bid,142,56555.0
2024-08-21 10:35:47,SOLUSDT,bid,142,56505.0
2024-08-21 10:35:50,SOLUSDT,bid,142,56489.0
2024-08-21 10:35:53,SOLUSDT,bid,142,56497.0
2024-08-21 10:35:54,SOLUSDT,bid,142,56597.0
2024-08-21 10:35:54,SOLUSDT,bid,142,56489.0
2024-08-21 10:35:58,SOLUSDT,bid,142,58211.0
2024-08-21 10:35:58,SOLUSDT,bid,142,58211.0
2024-08-21 10:35:58,SOLUSDT,bid,142,56489.0
2024-08-21 10:36:16,SOLUSDT,bid,142,56490.0
2024-08-21 10:36:24,SOLUSDT,bid,142,56493.0
2024-08-21 10:36:26,SOLUSDT,bid,142,56498.0
2024-08-21 10:36:29,SOLUSDT,bid,142,56497.0
2024-08-21 10:36:32,SOLUSDT,bid,142,56494.0
2024-08-21 10:36:32,SOLUSDT,bid,142,56494.0
2024-08-21 10:36:32,SOLUSDT,bid,142,56498.0
2024-08-21 10:36:32,SOLUSDT,bid,142,56510.0
2024-08-21 10:36:33,SOLUSDT,bid,142,56522.0
2024-08-21 10:36:34,SOLUSDT,bid,142,56523.0
2024-08-21 10:36:35,SOLUSDT,bid,142,56541.0
2024-08-21 10:36:35,SOLUSDT,bid,142,56517.0
2024-08-21 10:36:40,SOLUSDT,bid,142,56499.0
2024-08-21 10:36:43,SOLUSDT,bid,142,56495.0
2024-08-21 10:36:44,SOLUSDT,bid,142,56519.0
2024-08-21 10:36:44,SOLUSDT,bid,142,56520.0
2024-08-21 10:36:45,SOLUSDT,bid,142,56523.0
2024-08-21 10:36:50,SOLUSDT,bid,142,56523.0
2024-08-21 10:36:55,SOLUSDT,bid,142,56520.0
2024-08-21 10:36:55,SOLUSDT,bid,142,56536.0
2024-08-21 10:36:56,SOLUSDT,bid,142,56512.0
2024-08-21 10:36:57,SOLUSDT,bid,142,56511.0
2024-08-21 10:36:59,SOLUSDT,bid,142,56511.0
2024-08-21 10:37:00,SOLUSDT,bid,142,56495.0
2024-08-21 10:37:45,SOLUSDT,bid,142,56511.0
2024-08-21 10:37:50,SOLUSDT,bid,142,56496.0
2024-08-21 10:37:55,SOLUSDT,bid,142,56511.0
2024-08-21 10:37:56,SOLUSDT,bid,142,56561.0
2024-08-21 10:37:57,SOLUSDT,bid,142,56511.0
2024-08-21 10:38:00,SOLUSDT,bid,142,56511.0
2024-08-21 10:38:01,SOLUSDT,bid,142,56516.0
2024-08-21 10:38:05,SOLUSDT,bid,142,56521.0
2024-08-21 10:38:05,SOLUSDT,bid,142,56505.0
2024-08-21 10:38:09,SOLUSDT,bid,142,56610.0
2024-08-21 10:38:12,SOLUSDT,bid,142,56505.0
2024-08-21 10:38:23,SOLUSDT,bid,142,56504.0
2024-08-21 10:38:24,SOLUSDT,bid,142,56579.0
2024-08-21 10:38:24,SOLUSDT,bid,142,56574.0
2024-08-21 10:38:24,SOLUSDT,bid,142,56669.0
2024-08-21 10:38:24,SOLUSDT,bid,142,56619.0
2024-08-21 10:38:25,SOLUSDT,bid,142,56669.0
2024-08-21 10:38:25,SOLUSDT,bid,142,56619.0
2024-08-21 10:38:25,SOLUSDT,bid,142,56669.0
2024-08-21 10:38:26,SOLUSDT,bid,142,56619.0
2024-08-21 10:38:27,SOLUSDT,bid,142,56620.0
2024-08-21 10:38:28,SOLUSDT,bid,142,56670.0
2024-08-21 10:38:28,SOLUSDT,bid,142,56620.0
2024-08-21 10:38:30,SOLUSDT,bid,142,56678.0
2024-08-21 10:38:30,SOLUSDT,bid,142,56670.0
2024-08-21 10:38:30,SOLUSDT,bid,142,56600.0
2024-08-21 10:38:30,SOLUSDT,bid,142,56587.0
2024-08-21 10:38:32,SOLUSDT,bid,142,56567.0
2024-08-21 10:38:37,SOLUSDT,bid,142,56576.0
2024-08-21 10:38:37,SOLUSDT,bid,142,56576.0
2024-08-21 10:38:37,SOLUSDT,bid,142,56576.0
2024-08-21 10:38:39,SOLUSDT,bid,142,56578.0
2024-08-21 10:38:39,SOLUSDT,bid,142,56576.0
2024-08-21 10:38:40,SOLUSDT,bid,142,56567.0
2024-08-21 10:38:43,SOLUSDT,bid,142,56519.0
2024-08-21 10:38:43,SOLUSDT,bid,142,56567.0
2024-08-21 10:38:44,SOLUSDT,bid,142,56595.0
2024-08-21 10:38:44,SOLUSDT,bid,142,56567.0
2024-08-21 10:38:44,SOLUSDT,bid,142,56542.0
2024-08-21 10:38:44,SOLUSDT,bid,142,56519.0
2024-08-21 10:38:44,SOLUSDT,bid,142,56511.0
2024-08-21 10:38:45,SOLUSDT,bid,142,56522.0
2024-08-21 10:38:45,SOLUSDT,bid,142,56558.0
2024-08-21 10:38:45,SOLUSDT,bid,142,56533.0
2024-08-21 10:38:46,SOLUSDT,bid,142,56497.0
2024-08-21 10:38:48,SOLUSDT,bid,142,56486.0
2024-08-21 10:38:50,SOLUSDT,bid,142,56490.0
2024-08-21 10:38:54,SOLUSDT,bid,142,56486.0
2024-08-21 10:38:55,SOLUSDT,bid,142,56486.0
2024-08-21 10:38:58,SOLUSDT,bid,142,56512.0
2024-08-21 10:39:00,SOLUSDT,bid,142,56512.0
2024-08-21 10:39:01,SOLUSDT,bid,142,56486.0
2024-08-21 10:39:01,SOLUSDT,bid,142,56502.0
2024-08-21 10:39:01,SOLUSDT,bid,142,56486.0
2024-08-21 10:39:01,SOLUSDT,bid,142,56494.0
2024-08-21 10:39:01,SOLUSDT,bid,142,56486.0
2024-08-21 10:39:01,SOLUSDT,bid,142,56494.0
2024-08-21 10:39:01,SOLUSDT,bid,142,56494.0
2024-08-21 10:39:02,SOLUSDT,bid,142,56472.0
2024-08-21 10:39:02,SOLUSDT,bid,142,56468.0
2024-08-21 10:39:02,SOLUSDT,bid,142,56472.0
2024-08-21 10:39:02,SOLUSDT,bid,142,56472.0
2024-08-21 10:39:02,SOLUSDT,bid,142,56472.0
2024-08-21 10:39:02,SOLUSDT,bid,142,56468.0
2024-08-21 10:39:07,SOLUSDT,bid,142,53699.0
2024-08-21 10:39:11,SOLUSDT,bid,142,53699.0
2024-08-21 10:39:17,SOLUSDT,bid,142,53702.0
2024-08-21 10:39:18,SOLUSDT,bid,142,53740.0
2024-08-21 10:39:18,SOLUSDT,bid,142,53737.0
2024-08-21 10:39:20,SOLUSDT,bid,142,53822.0
2024-08-21 10:39:20,SOLUSDT,bid,142,53831.0
2024-08-21 10:39:20,SOLUSDT,bid,142,53797.0
2024-08-21 10:39:21,SOLUSDT,bid,142,53747.0
2024-08-21 10:39:21,SOLUSDT,bid,142,53764.0
2024-08-21 10:39:21,SOLUSDT,bid,142,53757.0
2024-08-21 10:39:21,SOLUSDT,bid,142,53758.0
2024-08-21 10:39:21,SOLUSDT,bid,142,53757.0
2024-08-21 10:39:21,SOLUSDT,bid,142,53806.0
2024-08-21 10:39:22,SOLUSDT,bid,142,53790.0
2024-08-21 10:39:22,SOLUSDT,bid,142,53740.0
2024-08-21 10:39:25,SOLUSDT,bid,142,53714.0
2024-08-21 10:39:31,SOLUSDT,bid,142,53764.0
2024-08-21 10:39:31,SOLUSDT,bid,142,53714.0
2024-08-21 10:39:31,SOLUSDT,bid,142,53713.0
2024-08-21 10:39:35,SOLUSDT,bid,142,53763.0
2024-08-21 10:39:35,SOLUSDT,bid,142,53763.0
2024-08-21 10:39:36,SOLUSDT,bid,142,53713.0
2024-08-21 10:39:38,SOLUSDT,bid,142,53763.0
2024-08-21 10:39:39,SOLUSDT,bid,142,53763.0
2024-08-21 10:39:39,SOLUSDT,bid,142,53797.0
2024-08-21 10:39:40,SOLUSDT,bid,142,53747.0
2024-08-21 10:39:40,SOLUSDT,bid,142,53797.0
2024-08-21 10:39:40,SOLUSDT,bid,142,53762.0
2024-08-21 10:39:40,SOLUSDT,bid,142,53712.0
2024-08-21 10:39:41,SOLUSDT,bid,142,53715.0
2024-08-21 10:39:42,SOLUSDT,bid,142,53765.0
2024-08-21 10:39:42,SOLUSDT,bid,142,53765.0
2024-08-21 10:39:43,SOLUSDT,bid,142,53765.0
2024-08-21 10:39:44,SOLUSDT,bid,142,53715.0
2024-08-21 10:39:44,SOLUSDT,bid,142,53765.0
2024-08-21 10:39:44,SOLUSDT,bid,142,53765.0
2024-08-21 10:39:44,SOLUSDT,bid,142,53765.0
2024-08-21 10:39:45,SOLUSDT,bid,142,53715.0
2024-08-21 10:39:45,SOLUSDT,bid,142,53765.0
2024-08-21 10:39:45,SOLUSDT,bid,142,53765.0
2024-08-21 10:39:46,SOLUSDT,bid,142,53765.0
2024-08-21 10:39:46,SOLUSDT,bid,142,53765.0
2024-08-21 10:39:47,SOLUSDT,bid,142,53799.0
2024-08-21 10:39:47,SOLUSDT,bid,142,53764.0
2024-08-21 10:39:47,SOLUSDT,bid,142,53771.0
2024-08-21 10:39:47,SOLUSDT,bid,142,53771.0
2024-08-21 10:39:47,SOLUSDT,bid,142,53771.0
2024-08-21 10:39:47,SOLUSDT,bid,142,53721.0
2024-08-21 10:39:48,SOLUSDT,bid,142,53714.0
2024-08-21 10:39:48,SOLUSDT,bid,142,53740.0
2024-08-21 10:39:51,SOLUSDT,bid,142,53764.0
2024-08-21 10:39:53,SOLUSDT,bid,142,53925.0
2024-08-21 10:39:53,SOLUSDT,bid,142,53925.0
2024-08-21 10:39:58,SOLUSDT,bid,142,53750.0
2024-08-21 10:40:02,SOLUSDT,bid,142,53820.0
2024-08-21 10:40:02,SOLUSDT,bid,142,53792.0
2024-08-21 10:40:03,SOLUSDT,bid,142,53768.0
2024-08-21 10:40:03,SOLUSDT,bid,142,53763.0
2024-08-21 10:40:04,SOLUSDT,bid,142,53797.0
2024-08-21 10:40:04,SOLUSDT,bid,142,53847.0
2024-08-21 10:40:04,SOLUSDT,bid,142,53721.0
2024-08-21 10:40:05,SOLUSDT,bid,142,53714.0
2024-08-21 10:40:08,SOLUSDT,bid,142,53721.0
2024-08-21 10:40:13,SOLUSDT,bid,142,53714.0
2024-08-21 10:40:16,SOLUSDT,bid,142,53749.0
2024-08-21 10:40:18,SOLUSDT,bid,142,53784.0
2024-08-21 10:40:19,SOLUSDT,bid,142,53792.0
2024-08-21 10:40:19,SOLUSDT,bid,142,53798.0
2024-08-21 10:40:19,SOLUSDT,bid,142,53728.0
2024-08-21 10:40:20,SOLUSDT,bid,142,53763.0
2024-08-21 10:40:20,SOLUSDT,bid,142,53798.0
2024-08-21 10:40:21,SOLUSDT,bid,142,53848.0
2024-08-21 10:40:21,SOLUSDT,bid,142,53798.0
2024-08-21 10:40:22,SOLUSDT,bid,142,53848.0
2024-08-21 10:40:22,SOLUSDT,bid,142,53798.0
2024-08-21 10:40:22,SOLUSDT,bid,142,53848.0
2024-08-21 10:40:23,SOLUSDT,bid,142,53798.0
2024-08-21 10:40:23,SOLUSDT,bid,142,53848.0
2024-08-21 10:40:24,SOLUSDT,bid,142,53848.0
2024-08-21 10:40:24,SOLUSDT,bid,142,53798.0
2024-08-21 10:40:24,SOLUSDT,bid,142,53848.0
2024-08-21 10:40:25,SOLUSDT,bid,142,53848.0
2024-08-21 10:40:25,SOLUSDT,bid,142,53798.0
2024-08-21 10:40:26,SOLUSDT,bid,142,53778.0
2024-08-21 10:40:26,SOLUSDT,bid,142,53728.0
2024-08-21 10:40:32,SOLUSDT,bid,142,53798.0
2024-08-21 10:40:32,SOLUSDT,bid,142,53728.0
2024-08-21 10:40:37,SOLUSDT,bid,142,53833.0
2024-08-21 10:40:44,SOLUSDT,bid,142,53728.0
2024-08-21 10:40:44,SOLUSDT,bid,142,53714.0
2024-08-21 10:40:44,SOLUSDT,bid,142,53721.0
2024-08-21 10:40:45,SOLUSDT,bid,142,53720.0
2024-08-21 10:40:46,SOLUSDT,bid,142,53724.0
2024-08-21 10:40:48,SOLUSDT,bid,142,53721.0
2024-08-21 10:40:52,SOLUSDT,bid,142,53720.0
2024-08-21 10:40:54,SOLUSDT,bid,142,54059.0
2024-08-21 10:41:04,SOLUSDT,bid,142,54068.0
2024-08-21 10:41:08,SOLUSDT,bid,142,54079.0
2024-08-21 10:41:12,SOLUSDT,bid,142,53729.0
2024-08-21 10:41:15,SOLUSDT,bid,142,53779.0
2024-08-21 10:41:16,SOLUSDT,bid,142,53779.0
2024-08-21 10:41:16,SOLUSDT,bid,142,53729.0
2024-08-21 10:41:16,SOLUSDT,bid,142,53779.0
2024-08-21 10:41:17,SOLUSDT,bid,142,53779.0
2024-08-21 10:41:17,SOLUSDT,bid,142,53729.0
2024-08-21 10:41:18,SOLUSDT,bid,142,53779.0
2024-08-21 10:41:18,SOLUSDT,bid,142,53729.0
2024-08-21 10:41:18,SOLUSDT,bid,142,53779.0
2024-08-21 10:41:18,SOLUSDT,bid,142,53729.0
2024-08-21 10:41:18,SOLUSDT,bid,142,53779.0
2024-08-21 10:41:19,SOLUSDT,bid,142,53729.0
2024-08-21 10:41:19,SOLUSDT,bid,142,53779.0
2024-08-21 10:41:19,SOLUSDT,bid,142,53729.0
2024-08-21 10:41:19,SOLUSDT,bid,142,53729.0
2024-08-21 10:41:20,SOLUSDT,bid,142,53779.0
2024-08-21 10:41:20,SOLUSDT,bid,142,53779.0
2024-08-21 10:41:20,SOLUSDT,bid,142,53729.0
2024-08-21 10:41:20,SOLUSDT,bid,142,53779.0
2024-08-21 10:41:21,SOLUSDT,bid,142,53779.0
2024-08-21 10:41:21,SOLUSDT,bid,142,53729.0
2024-08-21 10:41:22,SOLUSDT,bid,142,53779.0
2024-08-21 10:41:22,SOLUSDT,bid,142,53779.0
2024-08-21 10:41:23,SOLUSDT,bid,142,53729.0
2024-08-21 10:41:23,SOLUSDT,bid,142,53779.0
2024-08-21 10:41:23,SOLUSDT,bid,142,53729.0
2024-08-21 10:41:23,SOLUSDT,bid,142,53779.0
2024-08-21 10:41:24,SOLUSDT,bid,142,53779.0
2024-08-21 10:41:24,SOLUSDT,bid,142,53729.0
2024-08-21 10:41:25,SOLUSDT,bid,142,53731.0
2024-08-21 10:41:29,SOLUSDT,bid,142,53729.0
2024-08-21 10:41:33,SOLUSDT,bid,142,53773.0
2024-08-21 10:41:34,SOLUSDT,bid,142,53736.0
2024-08-21 10:41:39,SOLUSDT,bid,142,53764.0
2024-08-21 10:41:39,SOLUSDT,bid,142,53779.0
2024-08-21 10:41:41,SOLUSDT,bid,142,53789.0
2024-08-21 10:41:41,SOLUSDT,bid,142,53813.0
2024-08-21 10:41:42,SOLUSDT,bid,142,53810.0
2024-08-21 10:41:42,SOLUSDT,bid,142,53806.0
2024-08-21 10:41:43,SOLUSDT,bid,142,53756.0
2024-08-21 10:41:43,SOLUSDT,bid,142,53762.0
2024-08-21 10:41:44,SOLUSDT,bid,142,53756.0
2024-08-21 10:41:44,SOLUSDT,bid,142,53731.0
2024-08-21 10:41:45,SOLUSDT,bid,142,53745.0
2024-08-21 10:41:45,SOLUSDT,bid,142,53731.0
2024-08-21 10:41:45,SOLUSDT,bid,142,53766.0
2024-08-21 10:41:46,SOLUSDT,bid,142,53731.0
2024-08-21 10:41:48,SOLUSDT,bid,142,53781.0
2024-08-21 10:41:48,SOLUSDT,bid,142,53731.0
2024-08-21 10:41:48,SOLUSDT,bid,142,53729.0
2024-08-21 10:41:48,SOLUSDT,bid,142,53779.0
2024-08-21 10:41:49,SOLUSDT,bid,142,53729.0
2024-08-21 10:41:50,SOLUSDT,bid,142,53779.0
2024-08-21 10:41:51,SOLUSDT,bid,142,53779.0
2024-08-21 10:41:51,SOLUSDT,bid,142,53729.0
2024-08-21 10:41:52,SOLUSDT,bid,142,53779.0
2024-08-21 10:41:52,SOLUSDT,bid,142,53729.0
2024-08-21 10:41:52,SOLUSDT,bid,142,53736.0
2024-08-21 10:41:59,SOLUSDT,bid,142,53779.0
2024-08-21 10:41:59,SOLUSDT,bid,142,53729.0
2024-08-21 10:42:00,SOLUSDT,bid,142,53740.0
2024-08-21 10:42:05,SOLUSDT,bid,142,53743.0
2024-08-21 10:42:17,SOLUSDT,bid,142,53787.0
2024-08-21 10:42:17,SOLUSDT,bid,142,53752.0
2024-08-21 10:42:17,SOLUSDT,bid,142,53717.0
2024-08-21 10:42:18,SOLUSDT,bid,142,53749.0
2024-08-21 10:42:18,SOLUSDT,bid,142,53717.0
2024-08-21 10:42:19,SOLUSDT,bid,142,53716.0
2024-08-21 10:42:23,SOLUSDT,bid,142,53776.0
2024-08-21 10:42:25,SOLUSDT,bid,142,53779.0
2024-08-21 10:42:25,SOLUSDT,bid,142,53783.0
2024-08-21 10:42:27,SOLUSDT,bid,142,53779.0
2024-08-21 10:42:27,SOLUSDT,bid,142,53771.0
2024-08-21 10:42:27,SOLUSDT,bid,142,53780.0
2024-08-21 10:42:27,SOLUSDT,bid,142,53781.0
2024-08-21 10:42:28,SOLUSDT,bid,142,53250.0
2024-08-21 10:42:28,SOLUSDT,bid,142,53250.0
2024-08-21 10:42:28,SOLUSDT,bid,142,53250.0
2024-08-21 10:42:29,SOLUSDT,bid,142,53253.0
2024-08-21 10:42:29,SOLUSDT,bid,142,53250.0
2024-08-21 10:42:29,SOLUSDT,bid,142,53250.0
2024-08-21 10:42:30,SOLUSDT,bid,142,53253.0
2024-08-21 10:42:33,SOLUSDT,bid,142,53256.0
2024-08-21 10:42:33,SOLUSDT,bid,142,53259.0
2024-08-21 10:42:34,SOLUSDT,bid,142,53258.0
2024-08-21 10:42:36,SOLUSDT,bid,142,53257.0
2024-08-21 10:42:36,SOLUSDT,bid,142,53251.0
2024-08-21 10:42:37,SOLUSDT,bid,142,53255.0
2024-08-21 10:42:37,SOLUSDT,bid,142,53251.0
2024-08-21 10:42:39,SOLUSDT,bid,142,53265.0
2024-08-21 10:42:40,SOLUSDT,bid,142,53264.0
2024-08-21 10:42:40,SOLUSDT,bid,142,53425.0
2024-08-21 10:42:40,SOLUSDT,bid,142,53437.0
2024-08-21 10:42:42,SOLUSDT,bid,142,53425.0
2024-08-21 10:42:43,SOLUSDT,bid,142,53430.0
2024-08-21 10:42:47,SOLUSDT,bid,142,53425.0
2024-08-21 10:42:51,SOLUSDT,bid,142,53426.0
2024-08-21 10:43:01,SOLUSDT,bid,142,53251.0
2024-08-21 10:43:01,SOLUSDT,bid,142,53351.0
2024-08-21 10:43:01,SOLUSDT,bid,142,53451.0
2024-08-21 10:43:01,SOLUSDT,bid,142,53351.0
2024-08-21 10:43:02,SOLUSDT,bid,142,53251.0
2024-08-21 10:43:05,SOLUSDT,bid,142,53351.0
2024-08-21 10:43:05,SOLUSDT,bid,142,53251.0
2024-08-21 10:43:07,SOLUSDT,bid,142,53251.0
2024-08-21 10:43:07,SOLUSDT,bid,142,53301.0
2024-08-21 10:43:07,SOLUSDT,bid,142,53406.0
2024-08-21 10:43:08,SOLUSDT,bid,142,53356.0
2024-08-21 10:43:10,SOLUSDT,bid,142,53351.0
2024-08-21 10:43:10,SOLUSDT,bid,142,53251.0
2024-08-21 10:43:11,SOLUSDT,bid,142,53251.0
2024-08-21 10:43:11,SOLUSDT,bid,142,53351.0
2024-08-21 10:43:11,SOLUSDT,bid,142,53357.0
2024-08-21 10:43:12,SOLUSDT,bid,142,53257.0
2024-08-21 10:43:13,SOLUSDT,bid,142,53357.0
2024-08-21 10:43:13,SOLUSDT,bid,142,53257.0
2024-08-21 10:43:16,SOLUSDT,bid,142,53307.0
2024-08-21 10:43:16,SOLUSDT,bid,142,53410.0
2024-08-21 10:43:17,SOLUSDT,bid,142,53410.0
2024-08-21 10:43:22,SOLUSDT,bid,142,53360.0
2024-08-21 10:43:22,SOLUSDT,bid,142,53410.0
2024-08-21 10:43:22,SOLUSDT,bid,142,53360.0
2024-08-21 10:43:22,SOLUSDT,bid,142,53410.0
2024-08-21 10:43:23,SOLUSDT,bid,142,53257.0
2024-08-21 10:43:30,SOLUSDT,bid,142,53269.0
2024-08-21 10:43:34,SOLUSDT,bid,142,53274.0
2024-08-21 10:43:34,SOLUSDT,bid,142,53262.0
2024-08-21 10:43:35,SOLUSDT,bid,142,53312.0
2024-08-21 10:43:35,SOLUSDT,bid,142,53312.0
2024-08-21 10:43:36,SOLUSDT,bid,142,53312.0
2024-08-21 10:43:37,SOLUSDT,bid,142,53262.0
2024-08-21 10:43:40,SOLUSDT,bid,142,53256.0
2024-08-21 10:43:40,SOLUSDT,bid,142,53257.0
2024-08-21 10:43:41,SOLUSDT,bid,142,53287.0
2024-08-21 10:43:41,SOLUSDT,bid,142,53283.0
2024-08-21 10:43:43,SOLUSDT,bid,142,53289.0
2024-08-21 10:43:43,SOLUSDT,bid,142,53272.0
2024-08-21 10:43:45,SOLUSDT,bid,142,53265.0
2024-08-21 10:43:46,SOLUSDT,bid,142,53321.0
2024-08-21 10:43:58,SOLUSDT,bid,142,53391.0
2024-08-21 10:43:59,SOLUSDT,bid,142,53356.0
2024-08-21 10:43:59,SOLUSDT,bid,142,53356.0
2024-08-21 10:44:01,SOLUSDT,bid,142,53406.0
2024-08-21 10:44:01,SOLUSDT,bid,142,53356.0
2024-08-21 10:44:02,SOLUSDT,bid,142,53406.0
2024-08-21 10:44:02,SOLUSDT,bid,142,53356.0
2024-08-21 10:44:02,SOLUSDT,bid,142,53321.0
2024-08-21 10:44:03,SOLUSDT,bid,142,53330.0
2024-08-21 10:44:04,SOLUSDT,bid,142,53321.0
2024-08-21 10:44:04,SOLUSDT,bid,142,53292.0
2024-08-21 10:44:06,SOLUSDT,bid,142,53321.0
2024-08-21 10:44:06,SOLUSDT,bid,142,53321.0
2024-08-21 10:44:07,SOLUSDT,bid,142,53292.0
2024-08-21 10:44:08,SOLUSDT,bid,142,53293.0
2024-08-21 10:44:11,SOLUSDT,bid,142,53302.0
2024-08-21 10:44:14,SOLUSDT,bid,142,53293.0
2024-08-21 10:44:16,SOLUSDT,bid,142,53302.0
2024-08-21 10:44:21,SOLUSDT,bid,142,53307.0
2024-08-21 10:44:21,SOLUSDT,bid,142,53336.0
2024-08-21 10:44:21,SOLUSDT,bid,142,53336.0
2024-08-21 10:44:21,SOLUSDT,bid,142,53342.0
2024-08-21 10:44:21,SOLUSDT,bid,142,53307.0
2024-08-21 10:44:22,SOLUSDT,bid,142,53313.0
2024-08-21 10:44:22,SOLUSDT,bid,142,53307.0
2024-08-21 10:44:22,SOLUSDT,bid,142,53307.0
2024-08-21 10:44:24,SOLUSDT,bid,142,53307.0
2024-08-21 10:44:26,SOLUSDT,bid,142,53336.0
2024-08-21 10:44:27,SOLUSDT,bid,142,53327.0
2024-08-21 10:44:28,SOLUSDT,bid,142,53298.0
2024-08-21 10:44:28,SOLUSDT,bid,142,53327.0
2024-08-21 10:44:29,SOLUSDT,bid,142,53298.0
2024-08-21 10:44:29,SOLUSDT,bid,142,53327.0
2024-08-21 10:44:30,SOLUSDT,bid,142,53298.0
2024-08-21 10:44:30,SOLUSDT,bid,142,53327.0
2024-08-21 10:44:31,SOLUSDT,bid,142,53377.0
2024-08-21 10:44:31,SOLUSDT,bid,142,53327.0
2024-08-21 10:44:31,SOLUSDT,bid,142,53322.0
2024-08-21 10:44:32,SOLUSDT,bid,142,53293.0
2024-08-21 10:44:32,SOLUSDT,bid,142,53322.0
2024-08-21 10:44:32,SOLUSDT,bid,142,53261.0
2024-08-21 10:44:32,SOLUSDT,bid,142,53257.0
2024-08-21 10:44:37,SOLUSDT,bid,142,53268.0
2024-08-21 10:44:37,SOLUSDT,bid,142,53296.0
2024-08-21 10:44:37,SOLUSDT,bid,142,53289.0
2024-08-21 10:44:38,SOLUSDT,bid,142,53290.0
2024-08-21 10:44:38,SOLUSDT,bid,142,53319.0
2024-08-21 10:44:39,SOLUSDT,bid,142,53369.0
2024-08-21 10:44:40,SOLUSDT,bid,142,53319.0
2024-08-21 10:44:40,SOLUSDT,bid,142,53256.0
2024-08-21 10:44:48,SOLUSDT,bid,142,53259.0
2024-08-21 10:44:52,SOLUSDT,bid,142,53262.0
2024-08-21 10:44:52,SOLUSDT,bid,142,53265.0
2024-08-21 10:44:54,SOLUSDT,bid,142,53256.0
2024-08-21 10:44:59,SOLUSDT,bid,142,53259.0
2024-08-21 10:44:59,SOLUSDT,bid,142,53256.0
2024-08-21 10:44:59,SOLUSDT,bid,142,53265.0
2024-08-21 10:45:00,SOLUSDT,bid,142,53259.0
2024-08-21 10:45:00,SOLUSDT,bid,142,53256.0
2024-08-21 10:45:00,SOLUSDT,bid,142,53256.0
2024-08-21 10:45:00,SOLUSDT,bid,142,53256.0
2024-08-21 10:45:01,SOLUSDT,bid,142,53240.0
2024-08-21 10:45:01,SOLUSDT,bid,142,53244.0
2024-08-21 10:45:01,SOLUSDT,bid,142,53248.0
2024-08-21 10:45:01,SOLUSDT,bid,142,53249.0
2024-08-21 10:45:01,SOLUSDT,bid,142,53251.0
2024-08-21 10:45:01,SOLUSDT,bid,142,53261.0
2024-08-21 10:45:02,SOLUSDT,bid,142,53251.0
2024-08-21 10:45:02,SOLUSDT,bid,142,53252.0
2024-08-21 10:45:02,SOLUSDT,bid,142,53261.0
2024-08-21 10:45:02,SOLUSDT,bid,142,53262.0
2024-08-21 10:45:02,SOLUSDT,bid,142,53266.0
2024-08-21 10:45:02,SOLUSDT,bid,142,53267.0
2024-08-21 10:45:02,SOLUSDT,bid,142,53263.0
2024-08-21 10:45:02,SOLUSDT,bid,142,53268.0
2024-08-21 10:45:02,SOLUSDT,bid,142,53265.0
2024-08-21 10:45:03,SOLUSDT,bid,142,53267.0
2024-08-21 10:45:03,SOLUSDT,bid,142,53270.0
2024-08-21 10:45:03,SOLUSDT,bid,142,53281.0
2024-08-21 10:45:03,SOLUSDT,bid,142,53284.0
2024-08-21 10:45:03,SOLUSDT,bid,142,53286.0
2024-08-21 10:45:03,SOLUSDT,bid,142,53294.0
2024-08-21 10:45:03,SOLUSDT,bid,142,53294.0
2024-08-21 10:45:03,SOLUSDT,bid,142,53294.0
2024-08-21 10:45:03,SOLUSDT,bid,142,53306.0
2024-08-21 10:45:04,SOLUSDT,bid,142,53309.0
2024-08-21 10:45:04,SOLUSDT,bid,142,53312.0
2024-08-21 10:45:04,SOLUSDT,bid,142,53302.0
2024-08-21 10:45:04,SOLUSDT,bid,142,53305.0
2024-08-21 10:45:04,SOLUSDT,bid,142,53307.0
2024-08-21 10:45:04,SOLUSDT,bid,142,53348.0
2024-08-21 10:45:04,SOLUSDT,bid,142,53289.0
2024-08-21 10:45:05,SOLUSDT,bid,142,53292.0
2024-08-21 10:45:05,SOLUSDT,bid,142,53284.0
2024-08-21 10:45:05,SOLUSDT,bid,142,53278.0
2024-08-21 10:45:05,SOLUSDT,bid,142,53281.0
2024-08-21 10:45:06,SOLUSDT,bid,142,53278.0
2024-08-21 10:45:07,SOLUSDT,bid,142,53275.0
2024-08-21 10:45:07,SOLUSDT,bid,142,53274.0
2024-08-21 10:45:08,SOLUSDT,bid,142,53264.0
2024-08-21 10:45:09,SOLUSDT,bid,142,53262.0
2024-08-21 10:45:09,SOLUSDT,bid,142,53257.0
2024-08-21 10:45:09,SOLUSDT,bid,142,53254.0
2024-08-21 10:45:10,SOLUSDT,bid,142,53252.0
2024-08-21 10:45:10,SOLUSDT,bid,142,53254.0
2024-08-21 10:45:10,SOLUSDT,bid,142,53258.0
2024-08-21 10:45:11,SOLUSDT,bid,142,53254.0
2024-08-21 10:45:13,SOLUSDT,bid,142,53253.0
2024-08-21 10:45:14,SOLUSDT,bid,142,53252.0
2024-08-21 10:45:15,SOLUSDT,bid,142,53251.0
2024-08-21 10:45:16,SOLUSDT,bid,142,53249.0
2024-08-21 10:45:16,SOLUSDT,bid,142,53247.0
2024-08-21 10:45:17,SOLUSDT,bid,142,53251.0
2024-08-21 10:45:17,SOLUSDT,bid,142,53247.0
2024-08-21 10:45:20,SOLUSDT,bid,142,53244.0
2024-08-21 10:45:20,SOLUSDT,bid,142,53242.0
2024-08-21 10:45:20,SOLUSDT,bid,142,53268.0
2024-08-21 10:45:20,SOLUSDT,bid,142,53267.0
2024-08-21 10:45:21,SOLUSDT,bid,142,53241.0
2024-08-21 10:45:22,SOLUSDT,bid,142,53237.0
2024-08-21 10:45:24,SOLUSDT,bid,142,53287.0
2024-08-21 10:45:24,SOLUSDT,bid,142,53317.0
2024-08-21 10:45:24,SOLUSDT,bid,142,53318.0
2024-08-21 10:45:25,SOLUSDT,bid,142,53316.0
2024-08-21 10:45:25,SOLUSDT,bid,142,53316.0
2024-08-21 10:45:25,SOLUSDT,bid,142,53313.0
2024-08-21 10:45:26,SOLUSDT,bid,142,53313.0
2024-08-21 10:45:27,SOLUSDT,bid,142,53373.0
2024-08-21 10:45:27,SOLUSDT,bid,142,53337.0
2024-08-21 10:45:27,SOLUSDT,bid,142,53232.0
2024-08-21 10:45:27,SOLUSDT,bid,142,53232.0
2024-08-21 10:45:29,SOLUSDT,bid,142,53231.0
2024-08-21 10:45:29,SOLUSDT,bid,142,53280.0
2024-08-21 10:45:30,SOLUSDT,bid,142,53280.0
2024-08-21 10:45:30,SOLUSDT,bid,142,53283.0
2024-08-21 10:45:30,SOLUSDT,bid,142,53274.0
2024-08-21 10:45:31,SOLUSDT,bid,142,53224.0
2024-08-21 10:45:31,SOLUSDT,bid,142,53272.0
2024-08-21 10:45:31,SOLUSDT,bid,142,53272.0
2024-08-21 10:45:32,SOLUSDT,bid,142,53272.0
2024-08-21 10:45:32,SOLUSDT,bid,142,53269.0
2024-08-21 10:45:32,SOLUSDT,bid,142,53219.0
2024-08-21 10:45:32,SOLUSDT,bid,142,53269.0
2024-08-21 10:45:33,SOLUSDT,bid,142,53219.0
2024-08-21 10:45:33,SOLUSDT,bid,142,53269.0
2024-08-21 10:45:34,SOLUSDT,bid,142,53269.0
2024-08-21 10:45:34,SOLUSDT,bid,142,53269.0
2024-08-21 10:45:34,SOLUSDT,bid,142,53269.0
2024-08-21 10:45:35,SOLUSDT,bid,142,53267.0
2024-08-21 10:45:35,SOLUSDT,bid,142,53267.0
2024-08-21 10:45:35,SOLUSDT,bid,142,53266.0
2024-08-21 10:45:35,SOLUSDT,bid,142,53264.0
2024-08-21 10:45:36,SOLUSDT,bid,142,53214.0
2024-08-21 10:45:36,SOLUSDT,bid,142,53264.0
2024-08-21 10:45:36,SOLUSDT,bid,142,53214.0
2024-08-21 10:45:36,SOLUSDT,bid,142,53264.0
2024-08-21 10:45:37,SOLUSDT,bid,142,53214.0
2024-08-21 10:45:37,SOLUSDT,bid,142,53264.0
2024-08-21 10:45:37,SOLUSDT,bid,142,53214.0
2024-08-21 10:45:37,SOLUSDT,bid,142,53264.0
2024-08-21 10:45:38,SOLUSDT,bid,142,53214.0
2024-08-21 10:45:38,SOLUSDT,bid,142,53214.0
2024-08-21 10:45:38,SOLUSDT,bid,142,53264.0
2024-08-21 10:45:39,SOLUSDT,bid,142,53214.0
2024-08-21 10:45:40,SOLUSDT,bid,142,53211.0
2024-08-21 10:45:41,SOLUSDT,bid,142,53246.0
2024-08-21 10:45:41,SOLUSDT,bid,142,53281.0
2024-08-21 10:45:42,SOLUSDT,bid,142,53211.0
2024-08-21 10:45:42,SOLUSDT,bid,142,53261.0
2024-08-21 10:45:44,SOLUSDT,bid,142,53262.0
2024-08-21 10:45:45,SOLUSDT,bid,142,53367.0
2024-08-21 10:45:48,SOLUSDT,bid,142,53262.0
2024-08-21 10:45:48,SOLUSDT,bid,142,53212.0
2024-08-21 10:45:51,SOLUSDT,bid,142,53211.0
2024-08-21 10:45:53,SOLUSDT,bid,142,53211.0
2024-08-21 10:45:54,SOLUSDT,bid,142,53212.0
2024-08-21 10:46:14,SOLUSDT,bid,142,53211.0
2024-08-21 10:46:30,SOLUSDT,bid,142,53227.0
2024-08-21 10:46:32,SOLUSDT,bid,142,53277.0
2024-08-21 10:46:33,SOLUSDT,bid,142,53278.0
2024-08-21 10:46:33,SOLUSDT,bid,142,53228.0
2024-08-21 10:46:35,SOLUSDT,bid,142,53212.0
2024-08-21 10:46:51,SOLUSDT,bid,142,53462.0
2024-08-21 10:46:52,SOLUSDT,bid,142,53463.0
2024-08-21 10:46:53,SOLUSDT,bid,142,53462.0
2024-08-21 10:46:57,SOLUSDT,bid,142,53512.0
2024-08-21 10:46:58,SOLUSDT,bid,142,53462.0
2024-08-21 10:46:59,SOLUSDT,bid,142,53567.0
2024-08-21 10:46:59,SOLUSDT,bid,142,53462.0
2024-08-21 10:47:00,SOLUSDT,bid,142,53567.0
2024-08-21 10:47:01,SOLUSDT,bid,142,53461.0
2024-08-21 10:47:01,SOLUSDT,bid,142,53471.0
2024-08-21 10:47:02,SOLUSDT,bid,142,53499.0
2024-08-21 10:47:13,SOLUSDT,bid,142,53534.0
2024-08-21 10:47:16,SOLUSDT,bid,142,53284.0
2024-08-21 10:47:17,SOLUSDT,bid,142,53249.0
2024-08-21 10:47:18,SOLUSDT,bid,142,53269.0
2024-08-21 10:47:18,SOLUSDT,bid,142,53273.0
2024-08-21 10:47:18,SOLUSDT,bid,142,53217.0
2024-08-21 10:47:18,SOLUSDT,bid,142,53213.0
2024-08-21 10:47:18,SOLUSDT,bid,142,53217.0
2024-08-21 10:47:18,SOLUSDT,bid,142,53213.0
2024-08-21 10:47:19,SOLUSDT,bid,142,53213.0
2024-08-21 10:47:20,SOLUSDT,bid,142,53218.0
2024-08-21 10:47:21,SOLUSDT,bid,142,53253.0
2024-08-21 10:47:24,SOLUSDT,bid,142,53218.0
2024-08-21 10:47:27,SOLUSDT,bid,142,53288.0
2024-08-21 10:47:27,SOLUSDT,bid,142,53218.0
2024-08-21 10:47:29,SOLUSDT,bid,142,53253.0
2024-08-21 10:47:39,SOLUSDT,bid,142,53303.0
2024-08-21 10:47:39,SOLUSDT,bid,142,53253.0
2024-08-21 10:47:41,SOLUSDT,bid,142,53218.0
2024-08-21 10:47:45,SOLUSDT,bid,142,53217.0
2024-08-21 10:47:53,SOLUSDT,bid,142,53224.0
2024-08-21 10:47:53,SOLUSDT,bid,142,53215.0
2024-08-21 10:47:53,SOLUSDT,bid,142,53229.0
2024-08-21 10:47:53,SOLUSDT,bid,142,53230.0
2024-08-21 10:47:53,SOLUSDT,bid,142,53239.0
2024-08-21 10:47:54,SOLUSDT,bid,142,53230.0
2024-08-21 10:47:54,SOLUSDT,bid,142,53229.0
2024-08-21 10:47:54,SOLUSDT,bid,142,53230.0
2024-08-21 10:47:54,SOLUSDT,bid,142,53231.0
2024-08-21 10:47:55,SOLUSDT,bid,142,53231.0
2024-08-21 10:47:55,SOLUSDT,bid,142,53233.0
2024-08-21 10:47:55,SOLUSDT,bid,142,53230.0
2024-08-21 10:47:55,SOLUSDT,bid,142,53233.0
2024-08-21 10:47:55,SOLUSDT,bid,142,53231.0
2024-08-21 10:47:56,SOLUSDT,bid,142,53226.0
2024-08-21 10:47:56,SOLUSDT,bid,142,53232.0
2024-08-21 10:47:56,SOLUSDT,bid,142,53235.0
2024-08-21 10:47:56,SOLUSDT,bid,142,53234.0
2024-08-21 10:47:56,SOLUSDT,bid,142,53246.0
2024-08-21 10:47:56,SOLUSDT,bid,142,53109.0
2024-08-21 10:47:56,SOLUSDT,bid,142,53108.0
2024-08-21 10:47:56,SOLUSDT,bid,142,53106.0
2024-08-21 10:47:56,SOLUSDT,bid,142,53094.0
2024-08-21 10:47:57,SOLUSDT,bid,142,53033.0
2024-08-21 10:47:57,SOLUSDT,bid,142,53036.0
2024-08-21 10:47:57,SOLUSDT,bid,142,53023.0
2024-08-21 10:47:58,SOLUSDT,bid,142,53024.0
2024-08-21 10:47:59,SOLUSDT,bid,142,53023.0
2024-08-21 10:48:00,SOLUSDT,bid,142,53003.0
2024-08-21 10:48:00,SOLUSDT,bid,142,53003.0
2024-08-21 10:48:00,SOLUSDT,bid,142,53006.0
2024-08-21 10:48:00,SOLUSDT,bid,142,53028.0
2024-08-21 10:48:00,SOLUSDT,bid,142,53031.0
2024-08-21 10:48:01,SOLUSDT,bid,142,53011.0
2024-08-21 10:48:01,SOLUSDT,bid,142,53008.0
2024-08-21 10:48:01,SOLUSDT,bid,142,52756.0
2024-08-21 10:48:01,SOLUSDT,bid,142,52769.0
2024-08-21 10:48:01,SOLUSDT,bid,142,52772.0
2024-08-21 10:48:01,SOLUSDT,bid,142,52769.0
2024-08-21 10:48:01,SOLUSDT,bid,142,52734.0
2024-08-21 10:48:01,SOLUSDT,bid,142,52734.0
2024-08-21 10:48:01,SOLUSDT,bid,142,52738.0
2024-08-21 10:48:01,SOLUSDT,bid,142,52768.0
2024-08-21 10:48:01,SOLUSDT,bid,142,51313.0
2024-08-21 10:48:02,SOLUSDT,bid,142,51292.0
2024-08-21 10:48:02,SOLUSDT,bid,142,51156.0
2024-08-21 10:48:02,SOLUSDT,bid,142,51143.0
2024-08-21 10:48:02,SOLUSDT,bid,142,51146.0
2024-08-21 10:48:02,SOLUSDT,bid,142,51150.0
2024-08-21 10:48:02,SOLUSDT,bid,142,51148.0
2024-08-21 10:48:02,SOLUSDT,bid,142,51151.0
2024-08-21 10:48:02,SOLUSDT,bid,142,51155.0
2024-08-21 10:48:03,SOLUSDT,bid,142,51106.0
2024-08-21 10:48:03,SOLUSDT,bid,142,51110.0
2024-08-21 10:48:03,SOLUSDT,bid,142,51118.0
2024-08-21 10:48:03,SOLUSDT,bid,142,51112.0
2024-08-21 10:48:03,SOLUSDT,bid,142,51114.0
2024-08-21 10:48:03,SOLUSDT,bid,142,51116.0
2024-08-21 10:48:03,SOLUSDT,bid,142,51118.0
2024-08-21 10:48:03,SOLUSDT,bid,142,50753.0
2024-08-21 10:48:04,SOLUSDT,bid,142,50752.0
2024-08-21 10:48:04,SOLUSDT,bid,142,50753.0
2024-08-21 10:48:04,SOLUSDT,bid,142,50755.0
2024-08-21 10:48:04,SOLUSDT,bid,142,50751.0
2024-08-21 10:48:04,SOLUSDT,bid,142,50751.0
2024-08-21 10:48:04,SOLUSDT,bid,142,50759.0
2024-08-21 10:48:04,SOLUSDT,bid,142,50757.0
2024-08-21 10:48:05,SOLUSDT,bid,142,50755.0
2024-08-21 10:48:05,SOLUSDT,bid,142,50753.0
2024-08-21 10:48:05,SOLUSDT,bid,142,50634.0
2024-08-21 10:48:05,SOLUSDT,bid,142,50397.0
2024-08-21 10:48:05,SOLUSDT,bid,142,50403.0
2024-08-21 10:48:05,SOLUSDT,bid,142,50388.0
2024-08-21 10:48:05,SOLUSDT,bid,142,49502.0
2024-08-21 10:48:05,SOLUSDT,bid,142,49503.0
2024-08-21 10:48:06,SOLUSDT,bid,142,49500.0
2024-08-21 10:48:06,SOLUSDT,bid,142,49501.0
2024-08-21 10:48:07,SOLUSDT,bid,142,49502.0
2024-08-21 10:48:07,SOLUSDT,bid,142,49515.0
2024-08-21 10:48:07,SOLUSDT,bid,142,49518.0
2024-08-21 10:48:07,SOLUSDT,bid,142,49381.0
2024-08-21 10:48:08,SOLUSDT,bid,142,49382.0
2024-08-21 10:48:08,SOLUSDT,bid,142,49251.0
2024-08-21 10:48:08,SOLUSDT,bid,142,49250.0
2024-08-21 10:48:08,SOLUSDT,bid,142,49246.0
2024-08-21 10:48:09,SOLUSDT,bid,142,49244.0
2024-08-21 10:48:10,SOLUSDT,bid,142,49256.0
2024-08-21 10:48:10,SOLUSDT,bid,142,49237.0
2024-08-21 10:48:10,SOLUSDT,bid,142,49238.0
2024-08-21 10:48:10,SOLUSDT,bid,142,49237.0
2024-08-21 10:48:10,SOLUSDT,bid,142,49241.0
2024-08-21 10:48:10,SOLUSDT,bid,142,49240.0
2024-08-21 10:48:11,SOLUSDT,bid,142,49239.0
2024-08-21 10:48:11,SOLUSDT,bid,142,49240.0
2024-08-21 10:48:12,SOLUSDT,bid,142,48739.0
2024-08-21 10:48:12,SOLUSDT,bid,142,48729.0
2024-08-21 10:48:12,SOLUSDT,bid,142,48729.0
2024-08-21 10:48:12,SOLUSDT,bid,142,48729.0
2024-08-21 10:48:12,SOLUSDT,bid,142,48729.0
2024-08-21 10:48:12,SOLUSDT,bid,142,48724.0
2024-08-21 10:48:12,SOLUSDT,bid,142,48704.0
2024-08-21 10:48:12,SOLUSDT,bid,142,48707.0
2024-08-21 10:48:13,SOLUSDT,bid,142,48704.0
2024-08-21 10:48:14,SOLUSDT,bid,142,48699.0
2024-08-21 10:48:14,SOLUSDT,bid,142,48694.0
2024-08-21 10:48:15,SOLUSDT,bid,142,48690.0
2024-08-21 10:52:15,SOLUSDT,bid,142,48818.0
2024-08-21 10:52:15,SOLUSDT,bid,142,48804.0
2024-08-21 10:52:16,SOLUSDT,bid,142,48806.0
2024-08-21 10:52:18,SOLUSDT,bid,142,48809.0
2024-08-21 10:52:26,SOLUSDT,bid,142,49301.0
2024-08-21 10:52:26,SOLUSDT,bid,142,48809.0
2024-08-21 10:53:13,SOLUSDT,bid,142,48809.0
2024-08-21 10:53:21,SOLUSDT,bid,142,48809.0
2024-08-21 10:53:22,SOLUSDT,bid,142,48816.0
2024-08-21 10:53:22,SOLUSDT,bid,142,48809.0
2024-08-21 10:53:43,SOLUSDT,bid,142,48806.0
2024-08-21 10:54:11,SOLUSDT,bid,142,48819.0
2024-08-21 10:54:21,SOLUSDT,bid,142,48806.0
2024-08-21 10:54:53,SOLUSDT,bid,142,48805.0
2024-08-21 10:55:03,SOLUSDT,bid,142,48820.0
2024-08-21 10:55:03,SOLUSDT,bid,142,48805.0
2024-08-21 10:55:04,SOLUSDT,bid,142,48806.0
2024-08-21 10:55:20,SOLUSDT,bid,142,48805.0
2024-08-21 10:55:39,SOLUSDT,bid,142,48818.0
2024-08-21 10:55:39,SOLUSDT,bid,142,48805.0
2024-08-21 10:55:40,SOLUSDT,bid,142,48818.0
2024-08-21 10:55:41,SOLUSDT,bid,142,48805.0
2024-08-21 10:55:41,SOLUSDT,bid,142,48806.0
2024-08-21 10:56:18,SOLUSDT,bid,142,49036.0
2024-08-21 10:56:20,SOLUSDT,bid,142,49049.0
2024-08-21 10:56:21,SOLUSDT,bid,142,49036.0
2024-08-21 10:56:28,SOLUSDT,bid,142,49031.0
2024-08-21 10:56:45,SOLUSDT,bid,142,49030.0
2024-08-21 10:56:50,SOLUSDT,bid,142,49309.0
2024-08-21 10:56:56,SOLUSDT,bid,142,49344.0
2024-08-21 10:57:06,SOLUSDT,bid,142,49357.0
2024-08-21 10:57:08,SOLUSDT,bid,142,49344.0
2024-08-21 10:57:14,SOLUSDT,bid,142,49065.0
2024-08-21 10:57:15,SOLUSDT,bid,142,48835.0
2024-08-21 10:57:19,SOLUSDT,bid,142,48836.0
2024-08-21 10:58:20,SOLUSDT,bid,142,48856.0
2024-08-21 10:58:20,SOLUSDT,bid,142,48857.0
2024-08-21 10:58:21,SOLUSDT,bid,142,48857.0
2024-08-21 10:58:21,SOLUSDT,bid,142,48837.0
2024-08-21 10:58:22,SOLUSDT,bid,142,49074.0
2024-08-21 10:58:49,SOLUSDT,bid,142,49075.0
2024-08-21 10:58:49,SOLUSDT,bid,142,49074.0
2024-08-21 10:59:01,SOLUSDT,bid,142,49080.0
2024-08-21 10:59:13,SOLUSDT,bid,142,49079.0
2024-08-21 10:59:14,SOLUSDT,bid,142,49083.0
2024-08-21 10:59:24,SOLUSDT,bid,142,49091.0
2024-08-21 10:59:28,SOLUSDT,bid,142,49090.0
2024-08-21 10:59:29,SOLUSDT,bid,142,49103.0
2024-08-21 10:59:30,SOLUSDT,bid,142,49099.0
2024-08-21 10:59:30,SOLUSDT,bid,142,49086.0
2024-08-21 10:59:34,SOLUSDT,bid,142,49089.0
2024-08-21 11:00:21,SOLUSDT,bid,142,49099.0
2024-08-21 11:00:22,SOLUSDT,bid,142,49100.0
2024-08-21 11:00:31,SOLUSDT,bid,142,49090.0
2024-08-21 11:00:41,SOLUSDT,bid,142,49089.0
2024-08-21 11:00:42,SOLUSDT,bid,142,49102.0
2024-08-21 11:00:43,SOLUSDT,bid,142,49089.0
2024-08-21 11:00:48,SOLUSDT,bid,142,49102.0
2024-08-21 11:00:49,SOLUSDT,bid,142,49103.0
2024-08-21 11:00:50,SOLUSDT,bid,142,49090.0
2024-08-21 11:01:30,SOLUSDT,bid,142,49091.0
2024-08-21 11:01:37,SOLUSDT,bid,142,49090.0
2024-08-21 11:01:52,SOLUSDT,bid,142,49337.0
2024-08-21 11:01:58,SOLUSDT,bid,142,49090.0
2024-08-21 11:02:11,SOLUSDT,bid,142,49084.0
2024-08-21 11:02:39,SOLUSDT,bid,142,49085.0
2024-08-21 11:02:41,SOLUSDT,bid,142,49080.0
2024-08-21 11:03:21,SOLUSDT,bid,142,49086.0
2024-08-21 11:03:21,SOLUSDT,bid,142,49080.0
2024-08-21 11:03:22,SOLUSDT,bid,142,48843.0
2024-08-21 11:03:31,SOLUSDT,bid,142,48850.0
2024-08-21 11:03:31,SOLUSDT,bid,142,48843.0
2024-08-21 11:03:32,SOLUSDT,bid,142,48866.0
2024-08-21 11:03:38,SOLUSDT,bid,142,48873.0
2024-08-21 11:03:39,SOLUSDT,bid,142,48866.0
2024-08-21 11:03:42,SOLUSDT,bid,142,48867.0
2024-08-21 11:03:42,SOLUSDT,bid,142,49142.0
2024-08-21 11:03:42,SOLUSDT,bid,142,49156.0
2024-08-21 11:03:43,SOLUSDT,bid,142,49142.0
2024-08-21 11:03:46,SOLUSDT,bid,142,49150.0
2024-08-21 11:03:51,SOLUSDT,bid,142,49164.0
2024-08-21 11:03:52,SOLUSDT,bid,142,49150.0
2024-08-21 11:03:53,SOLUSDT,bid,142,49164.0
2024-08-21 11:03:54,SOLUSDT,bid,142,49150.0
2024-08-21 11:03:57,SOLUSDT,bid,142,49164.0
2024-08-21 11:04:01,SOLUSDT,bid,142,49286.0
2024-08-21 11:04:01,SOLUSDT,bid,142,49170.0
2024-08-21 11:04:01,SOLUSDT,bid,142,49123.0
2024-08-21 11:04:01,SOLUSDT,bid,142,49130.0
2024-08-21 11:04:02,SOLUSDT,bid,142,49123.0
2024-08-21 11:04:03,SOLUSDT,bid,142,49126.0
2024-08-21 11:04:08,SOLUSDT,bid,142,49129.0
2024-08-21 11:04:08,SOLUSDT,bid,142,49126.0
2024-08-21 11:04:17,SOLUSDT,bid,142,49129.0
2024-08-21 11:04:17,SOLUSDT,bid,142,49112.0
2024-08-21 11:04:19,SOLUSDT,bid,142,49126.0
2024-08-21 11:04:19,SOLUSDT,bid,142,49129.0
2024-08-21 11:04:22,SOLUSDT,bid,142,49126.0
2024-08-21 11:04:24,SOLUSDT,bid,142,49112.0
2024-08-21 11:04:26,SOLUSDT,bid,142,49113.0
2024-08-21 11:04:29,SOLUSDT,bid,142,49127.0
2024-08-21 11:04:32,SOLUSDT,bid,142,49113.0
2024-08-21 11:04:39,SOLUSDT,bid,142,49127.0
2024-08-21 11:04:40,SOLUSDT,bid,142,49141.0
2024-08-21 11:04:42,SOLUSDT,bid,142,49127.0
2024-08-21 11:04:44,SOLUSDT,bid,142,49113.0
2024-08-21 11:05:18,SOLUSDT,bid,142,49114.0
2024-08-21 11:05:20,SOLUSDT,bid,142,49360.0
2024-08-21 11:05:21,SOLUSDT,bid,142,49114.0
2024-08-21 11:05:21,SOLUSDT,bid,142,49115.0
2024-08-21 11:05:23,SOLUSDT,bid,142,49114.0
2024-08-21 11:06:44,SOLUSDT,bid,142,49429.0
2024-08-21 11:06:44,SOLUSDT,bid,142,49114.0
2024-08-21 11:06:44,SOLUSDT,bid,142,49429.0
2024-08-21 11:06:48,SOLUSDT,bid,142,49114.0
2024-08-21 11:07:00,SOLUSDT,bid,142,49122.0
2024-08-21 11:07:01,SOLUSDT,bid,142,49122.0
2024-08-21 11:07:02,SOLUSDT,bid,142,49125.0
2024-08-21 11:07:05,SOLUSDT,bid,142,49141.0
2024-08-21 11:07:10,SOLUSDT,bid,142,49133.0
2024-08-21 11:07:18,SOLUSDT,bid,142,50139.0
2024-08-21 11:07:18,SOLUSDT,bid,142,49133.0
2024-08-21 11:07:35,SOLUSDT,bid,142,49137.0
2024-08-21 11:07:41,SOLUSDT,bid,142,49133.0
2024-08-21 11:07:42,SOLUSDT,bid,142,49116.0
2024-08-21 11:07:42,SOLUSDT,bid,142,49113.0
2024-08-21 11:08:00,SOLUSDT,bid,142,49112.0
2024-08-21 11:08:46,SOLUSDT,bid,142,49104.0
2024-08-21 11:08:48,SOLUSDT,bid,142,49175.0
2024-08-21 11:09:10,SOLUSDT,bid,142,49176.0
2024-08-21 11:09:11,SOLUSDT,bid,142,49175.0
2024-08-21 11:09:57,SOLUSDT,bid,142,49176.0
2024-08-21 11:09:57,SOLUSDT,bid,142,49196.0
2024-08-21 11:09:58,SOLUSDT,bid,142,49197.0
2024-08-21 11:09:58,SOLUSDT,bid,142,49196.0
2024-08-21 11:09:58,SOLUSDT,bid,142,49197.0
2024-08-21 11:10:01,SOLUSDT,bid,142,49197.0
2024-08-21 11:10:03,SOLUSDT,bid,142,49197.0
2024-08-21 11:10:07,SOLUSDT,bid,142,49196.0
2024-08-21 11:10:36,SOLUSDT,bid,142,49197.0
2024-08-21 11:10:37,SOLUSDT,bid,142,49196.0
2024-08-21 11:10:51,SOLUSDT,bid,142,49442.0
2024-08-21 11:10:51,SOLUSDT,bid,142,49196.0
2024-08-21 11:10:53,SOLUSDT,bid,142,49196.0
2024-08-21 11:10:57,SOLUSDT,bid,142,49175.0
2024-08-21 11:10:58,SOLUSDT,bid,142,49221.0
2024-08-21 11:10:59,SOLUSDT,bid,142,49244.0
2024-08-21 11:10:59,SOLUSDT,bid,142,49235.0
2024-08-21 11:10:59,SOLUSDT,bid,142,49238.0
2024-08-21 11:11:06,SOLUSDT,bid,142,49238.0
2024-08-21 11:11:08,SOLUSDT,bid,142,49224.0
2024-08-21 11:11:09,SOLUSDT,bid,142,49238.0
2024-08-21 11:11:13,SOLUSDT,bid,142,49361.0
2024-08-21 11:11:13,SOLUSDT,bid,142,49238.0
2024-08-21 11:11:13,SOLUSDT,bid,142,49361.0
2024-08-21 11:11:13,SOLUSDT,bid,142,49238.0
2024-08-21 11:11:19,SOLUSDT,bid,142,49214.0
2024-08-21 11:11:19,SOLUSDT,bid,142,49203.0
2024-08-21 11:11:23,SOLUSDT,bid,142,49207.0
2024-08-21 11:11:25,SOLUSDT,bid,142,49166.0
2024-08-21 11:11:25,SOLUSDT,bid,142,49180.0
2024-08-21 11:11:25,SOLUSDT,bid,142,49166.0
2024-08-21 11:11:27,SOLUSDT,bid,142,49163.0
2024-08-21 11:11:27,SOLUSDT,bid,142,49164.0
2024-08-21 11:11:30,SOLUSDT,bid,142,49159.0
2024-08-21 11:11:35,SOLUSDT,bid,142,49160.0
2024-08-21 11:11:35,SOLUSDT,bid,142,49159.0
2024-08-21 11:11:43,SOLUSDT,bid,142,49173.0
2024-08-21 11:11:43,SOLUSDT,bid,142,49159.0
2024-08-21 11:11:43,SOLUSDT,bid,142,49173.0
2024-08-21 11:11:45,SOLUSDT,bid,142,49176.0
2024-08-21 11:11:45,SOLUSDT,bid,142,49173.0
2024-08-21 11:11:45,SOLUSDT,bid,142,49159.0
2024-08-21 11:11:46,SOLUSDT,bid,142,49162.0
2024-08-21 11:11:46,SOLUSDT,bid,142,49173.0
2024-08-21 11:11:53,SOLUSDT,bid,142,49176.0
2024-08-21 11:11:53,SOLUSDT,bid,142,49173.0
2024-08-21 11:11:55,SOLUSDT,bid,142,49173.0
2024-08-21 11:11:56,SOLUSDT,bid,142,49176.0
2024-08-21 11:11:56,SOLUSDT,bid,142,49173.0
2024-08-21 11:12:00,SOLUSDT,bid,142,49163.0
2024-08-21 11:12:00,SOLUSDT,bid,142,49177.0
2024-08-21 11:12:00,SOLUSDT,bid,142,49163.0
2024-08-21 11:12:06,SOLUSDT,bid,142,49159.0
2024-08-21 11:12:06,SOLUSDT,bid,142,49145.0
2024-08-21 11:12:06,SOLUSDT,bid,142,49148.0
2024-08-21 11:12:07,SOLUSDT,bid,142,49159.0
2024-08-21 11:12:07,SOLUSDT,bid,142,49145.0
2024-08-21 11:12:08,SOLUSDT,bid,142,49145.0
2024-08-21 11:12:09,SOLUSDT,bid,142,49148.0
2024-08-21 11:12:09,SOLUSDT,bid,142,49145.0
2024-08-21 11:12:10,SOLUSDT,bid,142,49148.0
2024-08-21 11:12:12,SOLUSDT,bid,142,49145.0
2024-08-21 11:12:16,SOLUSDT,bid,142,49391.0
2024-08-21 11:12:18,SOLUSDT,bid,142,49145.0
2024-08-21 11:12:19,SOLUSDT,bid,142,49391.0
2024-08-21 11:12:19,SOLUSDT,bid,142,49391.0
2024-08-21 11:12:29,SOLUSDT,bid,142,49145.0
2024-08-21 11:12:37,SOLUSDT,bid,142,49144.0
2024-08-21 11:12:42,SOLUSDT,bid,142,49151.0
2024-08-21 11:12:43,SOLUSDT,bid,142,49144.0
2024-08-21 11:12:55,SOLUSDT,bid,142,49146.0
2024-08-21 11:12:57,SOLUSDT,bid,142,49146.0
2024-08-21 11:13:27,SOLUSDT,bid,142,49147.0
2024-08-21 11:13:34,SOLUSDT,bid,142,49146.0
2024-08-21 11:13:42,SOLUSDT,bid,142,49147.0
2024-08-21 11:13:42,SOLUSDT,bid,142,49146.0
2024-08-21 11:13:51,SOLUSDT,bid,142,49163.0
2024-08-21 11:13:54,SOLUSDT,bid,142,49163.0
2024-08-21 11:13:54,SOLUSDT,bid,142,49180.0
2024-08-21 11:13:58,SOLUSDT,bid,142,49163.0
2024-08-21 11:13:58,SOLUSDT,bid,142,49166.0
2024-08-21 11:13:59,SOLUSDT,bid,142,49163.0
2024-08-21 11:14:00,SOLUSDT,bid,142,49166.0
2024-08-21 11:14:00,SOLUSDT,bid,142,49163.0
2024-08-21 11:14:00,SOLUSDT,bid,142,49177.0
2024-08-21 11:14:01,SOLUSDT,bid,142,49163.0
2024-08-21 11:14:02,SOLUSDT,bid,142,49166.0
2024-08-21 11:14:05,SOLUSDT,bid,142,49163.0
2024-08-21 11:14:08,SOLUSDT,bid,142,49166.0
2024-08-21 11:14:09,SOLUSDT,bid,142,49163.0
2024-08-21 11:14:09,SOLUSDT,bid,142,49166.0
2024-08-21 11:14:11,SOLUSDT,bid,142,49163.0
2024-08-21 11:14:21,SOLUSDT,bid,142,49166.0
2024-08-21 11:14:23,SOLUSDT,bid,142,49163.0
2024-08-21 11:14:23,SOLUSDT,bid,142,49163.0
2024-08-21 11:14:23,SOLUSDT,bid,142,49163.0
2024-08-21 11:14:26,SOLUSDT,bid,142,50624.0
2024-08-21 11:14:26,SOLUSDT,bid,142,49163.0
2024-08-21 11:14:35,SOLUSDT,bid,142,50110.0
2024-08-21 11:14:35,SOLUSDT,bid,142,49163.0
2024-08-21 11:14:36,SOLUSDT,bid,142,50117.0
2024-08-21 11:14:36,SOLUSDT,bid,142,49163.0
2024-08-21 11:14:36,SOLUSDT,bid,142,49163.0
2024-08-21 11:14:36,SOLUSDT,bid,142,50117.0
2024-08-21 11:14:36,SOLUSDT,bid,142,49163.0
2024-08-21 11:14:37,SOLUSDT,bid,142,49163.0
2024-08-21 11:14:37,SOLUSDT,bid,142,49163.0
2024-08-21 11:14:44,SOLUSDT,bid,142,49170.0
2024-08-21 11:14:47,SOLUSDT,bid,142,49163.0
2024-08-21 11:14:54,SOLUSDT,bid,142,49163.0
2024-08-21 11:14:54,SOLUSDT,bid,142,49170.0
2024-08-21 11:14:56,SOLUSDT,bid,142,49163.0
2024-08-21 11:15:03,SOLUSDT,bid,142,49169.0
2024-08-21 11:15:06,SOLUSDT,bid,142,49169.0
2024-08-21 11:15:06,SOLUSDT,bid,142,49169.0
2024-08-21 11:15:12,SOLUSDT,bid,142,49170.0
2024-08-21 11:15:12,SOLUSDT,bid,142,49169.0
2024-08-21 11:15:13,SOLUSDT,bid,142,49169.0
2024-08-21 11:15:31,SOLUSDT,bid,142,49167.0
2024-08-21 11:16:03,SOLUSDT,bid,142,49182.0
2024-08-21 11:16:10,SOLUSDT,bid,142,49167.0
2024-08-21 11:17:33,SOLUSDT,bid,142,49187.0
2024-08-21 11:18:08,SOLUSDT,bid,142,49230.0
2024-08-21 11:18:33,SOLUSDT,bid,142,49242.0
2024-08-21 11:18:41,SOLUSDT,bid,142,49225.0
2024-08-21 11:19:01,SOLUSDT,bid,142,49246.0
2024-08-21 11:19:06,SOLUSDT,bid,142,49264.0
2024-08-21 11:19:18,SOLUSDT,bid,142,49243.0
2024-08-21 11:19:42,SOLUSDT,bid,142,49253.0
2024-08-21 11:19:48,SOLUSDT,bid,142,49252.0
2024-08-21 11:19:49,SOLUSDT,bid,142,49002.0
2024-08-21 11:19:50,SOLUSDT,bid,142,48992.0
2024-08-21 11:19:52,SOLUSDT,bid,142,49307.0
2024-08-21 11:19:53,SOLUSDT,bid,142,48992.0
2024-08-21 11:20:05,SOLUSDT,bid,142,48997.0
2024-08-21 11:20:38,SOLUSDT,bid,142,48992.0
2024-08-21 11:22:03,SOLUSDT,bid,142,49261.0
2024-08-21 11:22:08,SOLUSDT,bid,142,48992.0
2024-08-21 11:22:44,SOLUSDT,bid,142,48997.0
2024-08-21 11:23:06,SOLUSDT,bid,142,49590.0
2024-08-21 11:23:40,SOLUSDT,bid,142,48997.0
2024-08-21 11:25:14,SOLUSDT,bid,142,48992.0
2024-08-21 11:26:53,SOLUSDT,bid,142,48991.0
2024-08-21 11:27:01,SOLUSDT,bid,142,49021.0
2024-08-21 11:28:46,SOLUSDT,bid,142,49026.0
2024-08-21 11:29:16,SOLUSDT,bid,142,49021.0
2024-08-21 11:30:05,SOLUSDT,bid,142,64534.0
2024-08-21 11:30:08,SOLUSDT,bid,142,64580.0
2024-08-21 11:30:08,SOLUSDT,bid,142,64558.0
2024-08-21 11:30:09,SOLUSDT,bid,142,64508.0
2024-08-21 11:30:09,SOLUSDT,bid,142,64558.0
2024-08-21 11:30:09,SOLUSDT,bid,142,64558.0
2024-08-21 11:30:10,SOLUSDT,bid,142,64508.0
2024-08-21 11:30:10,SOLUSDT,bid,142,64558.0
2024-08-21 11:30:10,SOLUSDT,bid,142,64593.0
2024-08-21 11:30:10,SOLUSDT,bid,142,64558.0
2024-08-21 11:30:10,SOLUSDT,bid,142,64558.0
2024-08-21 11:30:11,SOLUSDT,bid,142,64558.0
2024-08-21 11:30:11,SOLUSDT,bid,142,64558.0
2024-08-21 11:30:12,SOLUSDT,bid,142,64508.0
2024-08-21 11:30:13,SOLUSDT,bid,142,64558.0
2024-08-21 11:30:13,SOLUSDT,bid,142,64628.0
2024-08-21 11:30:14,SOLUSDT,bid,142,64578.0
2024-08-21 11:30:14,SOLUSDT,bid,142,64628.0
2024-08-21 11:30:14,SOLUSDT,bid,142,64628.0
2024-08-21 11:30:14,SOLUSDT,bid,142,64733.0
2024-08-21 11:30:15,SOLUSDT,bid,142,64628.0
2024-08-21 11:30:15,SOLUSDT,bid,142,64578.0
2024-08-21 11:30:15,SOLUSDT,bid,142,64628.0
2024-08-21 11:30:15,SOLUSDT,bid,142,64508.0
2024-08-21 11:30:21,SOLUSDT,bid,142,64558.0
2024-08-21 11:30:21,SOLUSDT,bid,142,64508.0
2024-08-21 11:30:22,SOLUSDT,bid,142,64510.0
2024-08-21 11:30:24,SOLUSDT,bid,142,64499.0
2024-08-21 11:30:24,SOLUSDT,bid,142,64496.0
2024-08-21 11:30:24,SOLUSDT,bid,142,64546.0
2024-08-21 11:30:25,SOLUSDT,bid,142,64496.0
2024-08-21 11:30:25,SOLUSDT,bid,142,64546.0
2024-08-21 11:30:25,SOLUSDT,bid,142,64496.0
2024-08-21 11:30:26,SOLUSDT,bid,142,64546.0
2024-08-21 11:30:26,SOLUSDT,bid,142,64546.0
2024-08-21 11:30:26,SOLUSDT,bid,142,64547.0
2024-08-21 11:30:27,SOLUSDT,bid,142,64497.0
2024-08-21 11:30:27,SOLUSDT,bid,142,64498.0
2024-08-21 11:30:28,SOLUSDT,bid,142,64510.0
2024-08-21 11:30:37,SOLUSDT,bid,142,64544.0
2024-08-21 11:30:37,SOLUSDT,bid,142,64509.0
2024-08-21 11:30:37,SOLUSDT,bid,142,64559.0
2024-08-21 11:30:38,SOLUSDT,bid,142,64681.0
2024-08-21 11:30:38,SOLUSDT,bid,142,64681.0
2024-08-21 11:30:39,SOLUSDT,bid,142,64716.0
2024-08-21 11:30:39,SOLUSDT,bid,142,64666.0
2024-08-21 11:30:39,SOLUSDT,bid,142,64716.0
2024-08-21 11:30:40,SOLUSDT,bid,142,64666.0
2024-08-21 11:30:40,SOLUSDT,bid,142,64716.0
2024-08-21 11:30:40,SOLUSDT,bid,142,64740.0
2024-08-21 11:30:40,SOLUSDT,bid,142,64845.0
2024-08-21 11:30:40,SOLUSDT,bid,142,64740.0
2024-08-21 11:30:40,SOLUSDT,bid,142,64583.0
2024-08-21 11:30:41,SOLUSDT,bid,142,64559.0
2024-08-21 11:30:45,SOLUSDT,bid,142,64509.0
2024-08-21 11:30:55,SOLUSDT,bid,142,64580.0
2024-08-21 11:30:55,SOLUSDT,bid,142,64510.0
2024-08-21 11:30:58,SOLUSDT,bid,142,64556.0
2024-08-21 11:30:58,SOLUSDT,bid,142,64521.0
2024-08-21 11:30:58,SOLUSDT,bid,142,64510.0
2024-08-21 11:31:01,SOLUSDT,bid,142,64509.0
2024-08-21 11:31:07,SOLUSDT,bid,142,64509.0
2024-08-21 11:31:13,SOLUSDT,bid,142,64559.0
2024-08-21 11:31:14,SOLUSDT,bid,142,64509.0
2024-08-21 11:31:14,SOLUSDT,bid,142,64559.0
2024-08-21 11:31:15,SOLUSDT,bid,142,64559.0
2024-08-21 11:31:15,SOLUSDT,bid,142,64509.0
2024-08-21 11:31:15,SOLUSDT,bid,142,64509.0
2024-08-21 11:31:15,SOLUSDT,bid,142,64518.0
2024-08-21 11:31:16,SOLUSDT,bid,142,64518.0
2024-08-21 11:31:16,SOLUSDT,bid,142,64664.0
2024-08-21 11:31:17,SOLUSDT,bid,142,64664.0
2024-08-21 11:31:18,SOLUSDT,bid,142,64664.0
2024-08-21 11:31:19,SOLUSDT,bid,142,64664.0
2024-08-21 11:31:20,SOLUSDT,bid,142,64804.0
2024-08-21 11:31:20,SOLUSDT,bid,142,64664.0
2024-08-21 11:31:21,SOLUSDT,bid,142,64664.0
2024-08-21 11:31:22,SOLUSDT,bid,142,64664.0
2024-08-21 11:31:22,SOLUSDT,bid,142,64850.0
2024-08-21 11:31:22,SOLUSDT,bid,142,64800.0
2024-08-21 11:31:22,SOLUSDT,bid,142,64784.0
2024-08-21 11:31:23,SOLUSDT,bid,142,64734.0
2024-08-21 11:31:23,SOLUSDT,bid,142,64784.0
2024-08-21 11:31:23,SOLUSDT,bid,142,64734.0
2024-08-21 11:31:24,SOLUSDT,bid,142,64784.0
2024-08-21 11:31:24,SOLUSDT,bid,142,64734.0
2024-08-21 11:31:24,SOLUSDT,bid,142,64784.0
2024-08-21 11:31:25,SOLUSDT,bid,142,64784.0
2024-08-21 11:31:25,SOLUSDT,bid,142,64734.0
2024-08-21 11:31:25,SOLUSDT,bid,142,64784.0
2024-08-21 11:31:26,SOLUSDT,bid,142,64784.0
2024-08-21 11:31:26,SOLUSDT,bid,142,64662.0
2024-08-21 11:31:27,SOLUSDT,bid,142,64643.0
2024-08-21 11:31:28,SOLUSDT,bid,142,64818.0
2024-08-21 11:31:28,SOLUSDT,bid,142,64643.0
2024-08-21 11:31:28,SOLUSDT,bid,142,64685.0
2024-08-21 11:31:28,SOLUSDT,bid,142,64643.0
2024-08-21 11:31:32,SOLUSDT,bid,142,64655.0
2024-08-21 11:31:33,SOLUSDT,bid,142,64658.0
2024-08-21 11:31:37,SOLUSDT,bid,142,64833.0
2024-08-21 11:31:38,SOLUSDT,bid,142,64842.0
2024-08-21 11:31:38,SOLUSDT,bid,142,64845.0
2024-08-21 11:31:38,SOLUSDT,bid,142,64840.0
2024-08-21 11:31:38,SOLUSDT,bid,142,64870.0
2024-08-21 11:31:39,SOLUSDT,bid,142,64875.0
2024-08-21 11:31:40,SOLUSDT,bid,142,64975.0
2024-08-21 11:31:40,SOLUSDT,bid,142,64945.0
2024-08-21 11:31:42,SOLUSDT,bid,142,64758.0
2024-08-21 11:31:42,SOLUSDT,bid,142,64658.0
2024-08-21 11:31:42,SOLUSDT,bid,142,64773.0
2024-08-21 11:47:01,SOLUSDT,ask,142,199359.0
2024-08-21 11:47:02,SOLUSDT,ask,142,199337.0
2024-08-21 11:47:02,SOLUSDT,ask,142,199442.0
2024-08-21 11:47:02,SOLUSDT,ask,142,199337.0
2024-08-21 11:47:06,SOLUSDT,ask,142,199357.0
2024-08-21 11:47:25,SOLUSDT,ask,142,199358.0
2024-08-21 11:47:31,SOLUSDT,ask,142,199347.0
2024-08-21 11:47:32,SOLUSDT,ask,142,199469.0
2024-08-21 11:47:32,SOLUSDT,ask,142,199347.0
2024-08-21 11:47:40,SOLUSDT,ask,142,199347.0
2024-08-21 11:47:40,SOLUSDT,ask,142,199378.0
2024-08-21 11:47:43,SOLUSDT,ask,142,199500.0
2024-08-21 11:47:44,SOLUSDT,ask,142,199469.0
2024-08-21 11:47:46,SOLUSDT,ask,142,199347.0
2024-08-21 11:47:48,SOLUSDT,ask,142,199349.0
2024-08-21 11:47:50,SOLUSDT,ask,142,199347.0
2024-08-21 11:47:58,SOLUSDT,ask,142,199327.0
2024-08-21 11:48:00,SOLUSDT,ask,142,199328.0
2024-08-21 11:48:00,SOLUSDT,ask,142,199327.0
2024-08-21 11:48:11,SOLUSDT,ask,142,199328.0
2024-08-21 11:48:13,SOLUSDT,ask,142,199327.0
2024-08-21 11:48:15,SOLUSDT,ask,142,199331.0
2024-08-21 11:48:20,SOLUSDT,ask,142,199327.0
2024-08-21 11:48:21,SOLUSDT,ask,142,199402.0
2024-08-21 11:48:24,SOLUSDT,ask,142,199401.0
2024-08-21 11:48:25,SOLUSDT,ask,142,199405.0
2024-08-21 11:48:25,SOLUSDT,ask,142,199404.0
2024-08-21 11:48:25,SOLUSDT,ask,142,199407.0
2024-08-21 11:48:29,SOLUSDT,ask,142,199407.0
2024-08-21 11:48:30,SOLUSDT,ask,142,199403.0
2024-08-21 11:48:34,SOLUSDT,ask,142,199406.0
2024-08-21 11:48:34,SOLUSDT,ask,142,199403.0
2024-08-21 11:48:37,SOLUSDT,ask,142,199398.0
2024-08-21 11:48:39,SOLUSDT,ask,142,199403.0
2024-08-21 11:48:40,SOLUSDT,ask,142,199352.0
2024-08-21 11:48:51,SOLUSDT,ask,142,199356.0
2024-08-21 11:48:54,SOLUSDT,ask,142,199331.0
2024-08-21 11:49:00,SOLUSDT,ask,142,199335.0
2024-08-21 11:49:01,SOLUSDT,ask,142,199331.0
2024-08-21 11:49:01,SOLUSDT,ask,142,199327.0
2024-08-21 11:49:02,SOLUSDT,ask,142,199331.0
2024-08-21 11:49:03,SOLUSDT,ask,142,199340.0
2024-08-21 11:49:06,SOLUSDT,ask,142,199438.0
2024-08-21 11:49:06,SOLUSDT,ask,142,199522.0
2024-08-21 11:49:06,SOLUSDT,ask,142,199382.0
2024-08-21 11:49:07,SOLUSDT,ask,142,199327.0
2024-08-21 11:49:09,SOLUSDT,ask,142,199369.0
2024-08-21 11:49:10,SOLUSDT,ask,142,199370.0
2024-08-21 11:49:10,SOLUSDT,ask,142,199328.0
2024-08-21 11:49:12,SOLUSDT,ask,142,199328.0
2024-08-21 11:49:12,SOLUSDT,ask,142,199354.0
2024-08-21 11:49:13,SOLUSDT,ask,142,199328.0
2024-08-21 11:49:17,SOLUSDT,ask,142,199431.0
2024-08-21 11:49:17,SOLUSDT,ask,142,199328.0
2024-08-21 11:49:21,SOLUSDT,ask,142,199330.0
2024-08-21 11:49:22,SOLUSDT,ask,142,199365.0
2024-08-21 11:49:22,SOLUSDT,ask,142,199369.0
2024-08-21 11:49:22,SOLUSDT,ask,142,199330.0
2024-08-21 11:49:22,SOLUSDT,ask,142,199330.0
2024-08-21 11:49:24,SOLUSDT,ask,142,199365.0
2024-08-21 11:49:25,SOLUSDT,ask,142,199330.0
2024-08-21 11:49:25,SOLUSDT,ask,142,199330.0
2024-08-21 11:49:25,SOLUSDT,ask,142,199526.0
2024-08-21 11:49:25,SOLUSDT,ask,142,199624.0
2024-08-21 11:49:25,SOLUSDT,ask,142,199574.0
2024-08-21 11:49:26,SOLUSDT,ask,142,199587.0
2024-08-21 11:49:27,SOLUSDT,ask,142,199574.0
2024-08-21 11:49:28,SOLUSDT,ask,142,199476.0
2024-08-21 11:49:28,SOLUSDT,ask,142,199511.0
2024-08-21 11:49:34,SOLUSDT,ask,142,199476.0
2024-08-21 11:49:41,SOLUSDT,ask,142,199511.0
2024-08-21 11:49:41,SOLUSDT,ask,142,199369.0
2024-08-21 11:49:42,SOLUSDT,ask,142,199469.0
2024-08-21 11:49:42,SOLUSDT,ask,142,199404.0
2024-08-21 11:49:42,SOLUSDT,ask,142,199579.0
2024-08-21 11:49:43,SOLUSDT,ask,142,199504.0
2024-08-21 11:49:44,SOLUSDT,ask,142,199599.0
2024-08-21 11:49:44,SOLUSDT,ask,142,199699.0
2024-08-21 11:49:44,SOLUSDT,ask,142,199599.0
2024-08-21 11:49:45,SOLUSDT,ask,142,199437.0
2024-08-21 11:49:45,SOLUSDT,ask,142,199342.0
2024-08-21 11:49:46,SOLUSDT,ask,142,199331.0
2024-08-21 11:49:46,SOLUSDT,ask,142,199371.0
2024-08-21 11:49:50,SOLUSDT,ask,142,199369.0
2024-08-21 11:49:50,SOLUSDT,ask,142,199329.0
2024-08-21 11:49:51,SOLUSDT,ask,142,199369.0
2024-08-21 11:49:51,SOLUSDT,ask,142,199329.0
2024-08-21 11:49:52,SOLUSDT,ask,142,199337.0
2024-08-21 11:49:53,SOLUSDT,ask,142,199372.0
2024-08-21 11:49:58,SOLUSDT,ask,142,199337.0
2024-08-21 11:49:58,SOLUSDT,ask,142,199342.0
2024-08-21 11:49:59,SOLUSDT,ask,142,199372.0
2024-08-21 11:49:59,SOLUSDT,ask,142,199337.0
2024-08-21 11:50:00,SOLUSDT,ask,142,199342.0
2024-08-21 11:50:01,SOLUSDT,ask,142,199343.0
2024-08-21 11:50:02,SOLUSDT,ask,142,199338.0
2024-08-21 11:50:02,SOLUSDT,ask,142,199433.0
2024-08-21 11:50:02,SOLUSDT,ask,142,199328.0
2024-08-21 11:50:10,SOLUSDT,ask,142,199329.0
2024-08-21 11:50:12,SOLUSDT,ask,142,199328.0
2024-08-21 11:50:17,SOLUSDT,ask,142,199332.0
2024-08-21 11:50:17,SOLUSDT,ask,142,199328.0
2024-08-21 11:50:21,SOLUSDT,ask,142,199363.0
2024-08-21 11:50:22,SOLUSDT,ask,142,199328.0
2024-08-21 11:50:22,SOLUSDT,ask,142,199327.0
2024-08-21 11:50:25,SOLUSDT,ask,142,199328.0
2024-08-21 11:50:32,SOLUSDT,ask,142,199363.0
2024-08-21 11:50:32,SOLUSDT,ask,142,199367.0
2024-08-21 11:50:32,SOLUSDT,ask,142,199363.0
2024-08-21 11:50:35,SOLUSDT,ask,142,199327.0
2024-08-21 11:50:35,SOLUSDT,ask,142,199329.0
2024-08-21 11:50:35,SOLUSDT,ask,142,199327.0
2024-08-21 11:50:35,SOLUSDT,ask,142,199341.0
2024-08-21 11:50:40,SOLUSDT,ask,142,199327.0
2024-08-21 11:51:05,SOLUSDT,ask,142,199516.0
2024-08-21 11:51:05,SOLUSDT,ask,142,199411.0
2024-08-21 11:51:05,SOLUSDT,ask,142,199514.0
2024-08-21 11:51:05,SOLUSDT,ask,142,199516.0
2024-08-21 11:51:06,SOLUSDT,ask,142,199497.0
2024-08-21 11:51:06,SOLUSDT,ask,142,199485.0
2024-08-21 11:51:07,SOLUSDT,ask,142,199435.0
2024-08-21 11:51:07,SOLUSDT,ask,142,199483.0
2024-08-21 11:51:07,SOLUSDT,ask,142,199483.0
2024-08-21 11:51:07,SOLUSDT,ask,142,199482.0
2024-08-21 11:51:08,SOLUSDT,ask,142,199341.0
2024-08-21 11:51:08,SOLUSDT,ask,142,199341.0
2024-08-21 11:51:09,SOLUSDT,ask,142,199362.0
2024-08-21 11:51:12,SOLUSDT,ask,142,199397.0
2024-08-21 11:51:15,SOLUSDT,ask,142,199327.0
2024-08-21 11:51:16,SOLUSDT,ask,142,199327.0
2024-08-21 11:51:19,SOLUSDT,ask,142,199362.0
2024-08-21 11:51:19,SOLUSDT,ask,142,199327.0
2024-08-21 11:51:20,SOLUSDT,ask,142,199331.0
2024-08-21 11:51:20,SOLUSDT,ask,142,199327.0
2024-08-21 11:51:21,SOLUSDT,ask,142,199431.0
2024-08-21 11:51:21,SOLUSDT,ask,142,199327.0
2024-08-21 11:51:22,SOLUSDT,ask,142,199329.0
2024-08-21 11:51:22,SOLUSDT,ask,142,199338.0
2024-08-21 11:51:22,SOLUSDT,ask,142,199408.0
2024-08-21 11:51:23,SOLUSDT,ask,142,199338.0
2024-08-21 11:51:24,SOLUSDT,ask,142,199327.0
2024-08-21 11:51:25,SOLUSDT,ask,142,199397.0
2024-08-21 11:51:25,SOLUSDT,ask,142,199397.0
2024-08-21 11:51:26,SOLUSDT,ask,142,199422.0
2024-08-21 11:51:29,SOLUSDT,ask,142,199352.0
2024-08-21 11:51:32,SOLUSDT,ask,142,199402.0
2024-08-21 11:51:33,SOLUSDT,ask,142,199352.0
2024-08-21 11:51:34,SOLUSDT,ask,142,199352.0
2024-08-21 11:51:35,SOLUSDT,ask,142,199345.0
2024-08-21 11:51:35,SOLUSDT,ask,142,199377.0
2024-08-21 11:51:36,SOLUSDT,ask,142,199327.0
2024-08-21 11:51:36,SOLUSDT,ask,142,199327.0
2024-08-21 11:51:36,SOLUSDT,ask,142,199327.0
2024-08-21 11:51:36,SOLUSDT,ask,142,199327.0
2024-08-21 11:51:36,SOLUSDT,ask,142,199377.0
2024-08-21 11:51:37,SOLUSDT,ask,142,199327.0
2024-08-21 11:51:37,SOLUSDT,ask,142,199377.0
2024-08-21 11:51:37,SOLUSDT,ask,142,199327.0
2024-08-21 11:51:38,SOLUSDT,ask,142,199377.0
2024-08-21 11:51:38,SOLUSDT,ask,142,199377.0
2024-08-21 11:51:39,SOLUSDT,ask,142,199327.0
2024-08-21 11:51:39,SOLUSDT,ask,142,199377.0
2024-08-21 11:51:39,SOLUSDT,ask,142,199327.0
2024-08-21 11:51:40,SOLUSDT,ask,142,199377.0
2024-08-21 11:51:40,SOLUSDT,ask,142,199377.0
2024-08-21 11:51:40,SOLUSDT,ask,142,199327.0
2024-08-21 11:51:40,SOLUSDT,ask,142,199397.0
2024-08-21 11:51:40,SOLUSDT,ask,142,199327.0
2024-08-21 11:51:47,SOLUSDT,ask,142,199427.0
2024-08-21 11:51:47,SOLUSDT,ask,142,199327.0
2024-08-21 11:51:47,SOLUSDT,ask,142,199427.0
2024-08-21 11:51:52,SOLUSDT,ask,142,199327.0
2024-08-21 11:51:52,SOLUSDT,ask,142,199403.0
2024-08-21 11:51:53,SOLUSDT,ask,142,199368.0
2024-08-21 11:51:54,SOLUSDT,ask,142,199403.0
2024-08-21 11:51:58,SOLUSDT,ask,142,199327.0
2024-08-21 11:51:59,SOLUSDT,ask,142,199327.0
2024-08-21 11:51:59,SOLUSDT,ask,142,199427.0
2024-08-21 11:52:00,SOLUSDT,ask,142,199327.0
2024-08-21 11:52:00,SOLUSDT,ask,142,199327.0
2024-08-21 11:52:00,SOLUSDT,ask,142,199427.0
2024-08-21 11:52:01,SOLUSDT,ask,142,199327.0
2024-08-21 11:52:01,SOLUSDT,ask,142,199427.0
2024-08-21 11:52:03,SOLUSDT,ask,142,199327.0
2024-08-21 12:19:23,SOLUSDT,ask,142,209823.0
2024-08-21 12:19:25,SOLUSDT,ask,142,209830.0
2024-08-21 12:19:26,SOLUSDT,ask,142,209823.0
2024-08-21 12:19:27,SOLUSDT,ask,142,209823.0
2024-08-21 12:19:37,SOLUSDT,ask,142,209828.0
2024-08-21 12:19:37,SOLUSDT,ask,142,209823.0
2024-08-21 12:19:42,SOLUSDT,ask,142,209823.0
2024-08-21 12:19:47,SOLUSDT,ask,142,209835.0
2024-08-21 12:19:47,SOLUSDT,ask,142,209823.0
2024-08-21 12:19:47,SOLUSDT,ask,142,209830.0
2024-08-21 12:19:48,SOLUSDT,ask,142,209823.0
2024-08-21 12:20:42,SOLUSDT,ask,142,209823.0
2024-08-21 12:20:56,SOLUSDT,ask,142,209827.0
2024-08-21 12:20:57,SOLUSDT,ask,142,209823.0
2024-08-21 12:20:59,SOLUSDT,ask,142,209830.0
2024-08-21 12:21:00,SOLUSDT,ask,142,209823.0
2024-08-21 12:21:12,SOLUSDT,ask,142,209927.0
2024-08-21 12:21:24,SOLUSDT,ask,142,209823.0
2024-08-21 12:23:42,SOLUSDT,ask,142,205874.0
2024-08-21 12:23:44,SOLUSDT,ask,142,205875.0
2024-08-21 12:23:44,SOLUSDT,ask,142,205497.0
2024-08-21 12:23:44,SOLUSDT,ask,142,205875.0
2024-08-21 12:23:46,SOLUSDT,ask,142,205875.0
2024-08-21 12:23:57,SOLUSDT,ask,142,205895.0
2024-08-21 12:23:58,SOLUSDT,ask,142,205875.0
2024-08-21 12:24:06,SOLUSDT,ask,142,205497.0
2024-08-21 12:25:21,SOLUSDT,ask,142,205744.0
2024-08-21 12:25:21,SOLUSDT,ask,142,205499.0
2024-08-21 12:25:41,SOLUSDT,ask,142,205667.0
2024-08-21 12:25:41,SOLUSDT,ask,142,205497.0
2024-08-21 12:26:13,SOLUSDT,ask,142,205987.0
2024-08-21 12:26:19,SOLUSDT,ask,142,205497.0
2024-08-21 12:30:08,SOLUSDT,ask,142,205414.0
2024-08-21 12:31:07,SOLUSDT,ask,142,205438.0
2024-08-21 12:31:32,SOLUSDT,ask,142,205438.0
2024-08-21 12:33:17,SOLUSDT,ask,142,207587.0
2024-08-21 12:33:24,SOLUSDT,ask,142,207586.0
2024-08-21 12:34:02,SOLUSDT,ask,142,208076.0
2024-08-21 12:34:03,SOLUSDT,ask,142,207586.0
2024-08-21 12:34:14,SOLUSDT,ask,142,207583.0
2024-08-21 12:34:55,SOLUSDT,ask,142,207616.0
2024-08-21 12:34:56,SOLUSDT,ask,142,207617.0
2024-08-21 12:35:00,SOLUSDT,ask,142,207617.0
2024-08-21 12:35:07,SOLUSDT,ask,142,207617.0
2024-08-21 12:35:07,SOLUSDT,ask,142,207617.0
2024-08-21 12:35:12,SOLUSDT,ask,142,207617.0
2024-08-21 12:35:34,SOLUSDT,ask,142,207739.0
2024-08-21 12:35:36,SOLUSDT,ask,142,207617.0
2024-08-21 12:35:40,SOLUSDT,ask,142,207739.0
2024-08-21 12:35:40,SOLUSDT,ask,142,207617.0
2024-08-21 12:35:50,SOLUSDT,ask,142,207631.0
2024-08-21 12:35:51,SOLUSDT,ask,142,207617.0
2024-08-21 12:35:59,SOLUSDT,ask,142,207638.0
2024-08-21 12:37:57,SOLUSDT,ask,142,203096.0
2024-08-21 12:37:57,SOLUSDT,ask,142,203096.0
2024-08-21 12:38:31,SOLUSDT,ask,142,203263.0
2024-08-21 12:38:47,SOLUSDT,ask,142,203096.0
2024-08-21 12:39:45,SOLUSDT,ask,142,203095.0
2024-08-21 12:40:05,SOLUSDT,ask,142,203254.0
2024-08-21 12:41:12,SOLUSDT,ask,142,198080.0
2024-08-21 12:41:12,SOLUSDT,ask,142,198099.0
2024-08-21 12:41:12,SOLUSDT,ask,142,198084.0
2024-08-21 12:41:15,SOLUSDT,ask,142,198069.0
2024-08-21 12:41:15,SOLUSDT,ask,142,198070.0
2024-08-21 12:41:15,SOLUSDT,ask,142,198172.0
2024-08-21 12:41:20,SOLUSDT,ask,142,198183.0
2024-08-21 12:41:23,SOLUSDT,ask,142,198181.0
2024-08-21 12:41:24,SOLUSDT,ask,142,198174.0
2024-08-21 12:41:24,SOLUSDT,ask,142,198163.0
2024-08-21 12:41:38,SOLUSDT,ask,142,198169.0
2024-08-21 12:41:45,SOLUSDT,ask,142,198170.0
2024-08-21 12:41:47,SOLUSDT,ask,142,198169.0
2024-08-21 12:42:01,SOLUSDT,ask,142,198067.0
2024-08-21 12:42:34,SOLUSDT,ask,142,197463.0
2024-08-21 12:43:05,SOLUSDT,ask,142,197473.0
2024-08-21 12:43:42,SOLUSDT,ask,142,197473.0
2024-08-21 12:45:54,SOLUSDT,ask,142,197449.0
2024-08-21 12:46:11,SOLUSDT,ask,142,197469.0
2024-08-21 12:46:15,SOLUSDT,ask,142,197474.0
2024-08-21 12:46:23,SOLUSDT,ask,142,197475.0
2024-08-21 12:46:28,SOLUSDT,ask,142,197455.0
2024-08-21 12:46:33,SOLUSDT,ask,142,197456.0
2024-08-21 12:46:49,SOLUSDT,ask,142,197452.0
2024-08-21 12:46:58,SOLUSDT,ask,142,197458.0
2024-08-21 12:46:59,SOLUSDT,ask,142,197452.0
2024-08-21 12:46:59,SOLUSDT,ask,142,197455.0
2024-08-21 12:47:00,SOLUSDT,ask,142,197455.0
2024-08-21 12:47:00,SOLUSDT,ask,142,197577.0
2024-08-21 12:47:01,SOLUSDT,ask,142,197455.0
2024-08-21 12:47:05,SOLUSDT,ask,142,197577.0
2024-08-21 12:47:06,SOLUSDT,ask,142,197455.0
2024-08-21 12:47:10,SOLUSDT,ask,142,197463.0
2024-08-21 12:47:13,SOLUSDT,ask,142,197460.0
2024-08-21 12:47:14,SOLUSDT,ask,142,197452.0
2024-08-21 12:47:15,SOLUSDT,ask,142,197466.0
2024-08-21 12:47:16,SOLUSDT,ask,142,197466.0
2024-08-21 12:47:16,SOLUSDT,ask,142,197476.0
2024-08-21 12:47:19,SOLUSDT,ask,142,197490.0
2024-08-21 12:47:19,SOLUSDT,ask,142,197476.0
2024-08-21 12:47:21,SOLUSDT,ask,142,197482.0
2024-08-21 12:47:21,SOLUSDT,ask,142,197476.0
2024-08-21 12:47:33,SOLUSDT,ask,142,197476.0
2024-08-21 12:47:49,SOLUSDT,ask,142,197490.0
2024-08-21 12:47:49,SOLUSDT,ask,142,197490.0
2024-08-21 12:47:49,SOLUSDT,ask,142,197476.0
2024-08-21 12:47:54,SOLUSDT,ask,142,197476.0
2024-08-21 12:47:57,SOLUSDT,ask,142,197462.0
2024-08-21 12:47:58,SOLUSDT,ask,142,197462.0
2024-08-21 12:48:02,SOLUSDT,ask,142,197465.0
2024-08-21 12:48:05,SOLUSDT,ask,142,197465.0
2024-08-21 12:48:06,SOLUSDT,ask,142,197462.0
2024-08-21 12:48:10,SOLUSDT,ask,142,197465.0
2024-08-21 12:48:11,SOLUSDT,ask,142,197462.0
2024-08-21 12:48:13,SOLUSDT,ask,142,197462.0
2024-08-21 12:48:14,SOLUSDT,ask,142,197462.0
2024-08-21 12:48:15,SOLUSDT,ask,142,197468.0
2024-08-21 12:48:15,SOLUSDT,ask,142,197462.0
2024-08-21 12:48:19,SOLUSDT,ask,142,197462.0
2024-08-21 12:48:21,SOLUSDT,ask,142,197462.0
2024-08-21 12:48:21,SOLUSDT,ask,142,203297.0
2024-08-21 12:48:22,SOLUSDT,ask,142,197462.0
2024-08-21 12:48:25,SOLUSDT,ask,142,197468.0
2024-08-21 12:48:25,SOLUSDT,ask,142,197462.0
2024-08-21 12:48:39,SOLUSDT,ask,142,197564.0
2024-08-21 12:48:43,SOLUSDT,ask,142,197564.0
2024-08-21 12:48:45,SOLUSDT,ask,142,197462.0
2024-08-21 12:49:04,SOLUSDT,ask,142,197468.0
2024-08-21 12:49:06,SOLUSDT,ask,142,197462.0
2024-08-21 12:49:07,SOLUSDT,ask,142,197567.0
2024-08-21 12:49:08,SOLUSDT,ask,142,197462.0
2024-08-21 12:49:14,SOLUSDT,ask,142,197568.0
2024-08-21 12:49:15,SOLUSDT,ask,142,197462.0
2024-08-21 12:49:16,SOLUSDT,ask,142,197565.0
2024-08-21 12:49:19,SOLUSDT,ask,142,197462.0
2024-08-21 12:49:28,SOLUSDT,ask,142,197462.0
2024-08-21 12:49:29,SOLUSDT,ask,142,197458.0
2024-08-21 12:49:29,SOLUSDT,ask,142,197459.0
2024-08-21 12:49:32,SOLUSDT,ask,142,197458.0
2024-08-21 12:49:38,SOLUSDT,ask,142,197458.0
2024-08-21 12:49:40,SOLUSDT,ask,142,197562.0
2024-08-21 12:49:40,SOLUSDT,ask,142,197459.0
2024-08-21 12:49:41,SOLUSDT,ask,142,197458.0
2024-08-21 12:49:50,SOLUSDT,ask,142,197452.0
2024-08-21 12:49:53,SOLUSDT,ask,142,197556.0
2024-08-21 12:49:54,SOLUSDT,ask,142,197452.0
2024-08-21 12:49:57,SOLUSDT,ask,142,197502.0
2024-08-21 12:49:57,SOLUSDT,ask,142,197452.0
2024-08-21 12:49:57,SOLUSDT,ask,142,197502.0
2024-08-21 12:49:58,SOLUSDT,ask,142,197452.0
2024-08-21 12:49:58,SOLUSDT,ask,142,197502.0
2024-08-21 12:49:58,SOLUSDT,ask,142,197452.0
2024-08-21 12:50:00,SOLUSDT,ask,142,197502.0
2024-08-21 12:50:00,SOLUSDT,ask,142,197502.0
2024-08-21 12:50:00,SOLUSDT,ask,142,197519.0
2024-08-21 12:50:00,SOLUSDT,ask,142,197469.0
2024-08-21 12:50:00,SOLUSDT,ask,142,197519.0
2024-08-21 12:50:00,SOLUSDT,ask,142,197518.0
2024-08-21 12:50:00,SOLUSDT,ask,142,197518.0
2024-08-21 12:50:01,SOLUSDT,ask,142,197518.0
2024-08-21 12:50:02,SOLUSDT,ask,142,197468.0
2024-08-21 12:50:02,SOLUSDT,ask,142,197518.0
2024-08-21 12:50:02,SOLUSDT,ask,142,197518.0
2024-08-21 12:50:03,SOLUSDT,ask,142,197468.0
2024-08-21 12:50:03,SOLUSDT,ask,142,197518.0
2024-08-21 12:50:04,SOLUSDT,ask,142,197468.0
2024-08-21 12:50:05,SOLUSDT,ask,142,197451.0
2024-08-21 12:50:07,SOLUSDT,ask,142,197575.0
2024-08-21 12:50:07,SOLUSDT,ask,142,197625.0
2024-08-21 12:50:08,SOLUSDT,ask,142,197625.0
2024-08-21 12:50:08,SOLUSDT,ask,142,197525.0
2024-08-21 12:50:08,SOLUSDT,ask,142,197625.0
2024-08-21 12:50:08,SOLUSDT,ask,142,197575.0
2024-08-21 12:50:08,SOLUSDT,ask,142,197525.0
2024-08-21 12:50:09,SOLUSDT,ask,142,197525.0
2024-08-21 12:50:09,SOLUSDT,ask,142,197525.0
2024-08-21 12:50:09,SOLUSDT,ask,142,197625.0
2024-08-21 12:50:09,SOLUSDT,ask,142,197525.0
2024-08-21 12:50:09,SOLUSDT,ask,142,197525.0
2024-08-21 12:50:10,SOLUSDT,ask,142,197475.0
2024-08-21 12:50:10,SOLUSDT,ask,142,197525.0
2024-08-21 12:50:11,SOLUSDT,ask,142,197451.0
2024-08-21 12:50:11,SOLUSDT,ask,142,197455.0
2024-08-21 12:50:11,SOLUSDT,ask,142,197451.0
2024-08-21 12:50:12,SOLUSDT,ask,142,197501.0
2024-08-21 12:50:12,SOLUSDT,ask,142,197451.0
2024-08-21 12:56:08,SOLUSDT,bid,142,65433.0
2024-08-21 12:56:09,SOLUSDT,bid,142,65428.0
2024-08-21 12:56:13,SOLUSDT,bid,142,65589.0
2024-08-21 12:56:16,SOLUSDT,bid,142,65590.0
2024-08-21 12:56:49,SOLUSDT,bid,142,65429.0
2024-08-21 12:57:01,SOLUSDT,bid,142,65428.0
2024-08-21 12:57:02,SOLUSDT,bid,142,65429.0
2024-08-21 12:57:08,SOLUSDT,bid,142,65428.0
2024-08-21 12:57:40,SOLUSDT,bid,142,65429.0
2024-08-21 12:57:48,SOLUSDT,bid,142,65430.0
2024-08-21 12:58:04,SOLUSDT,bid,142,65432.0
2024-08-21 12:58:11,SOLUSDT,bid,142,65430.0
2024-08-21 12:58:20,SOLUSDT,bid,142,65429.0
2024-08-21 12:59:07,SOLUSDT,bid,142,65428.0
2024-08-21 12:59:17,SOLUSDT,bid,142,65428.0
2024-08-21 12:59:18,SOLUSDT,bid,142,65429.0
2024-08-21 12:59:42,SOLUSDT,bid,142,65449.0
2024-08-21 12:59:50,SOLUSDT,bid,142,65470.0
2024-08-21 12:59:52,SOLUSDT,bid,142,65492.0
2024-08-21 12:59:52,SOLUSDT,bid,142,65638.0
2024-08-21 12:59:53,SOLUSDT,bid,142,65680.0
2024-08-21 12:59:54,SOLUSDT,bid,142,65679.0
2024-08-21 12:59:59,SOLUSDT,bid,142,65637.0
2024-08-21 13:00:03,SOLUSDT,bid,142,65470.0
2024-08-21 13:00:14,SOLUSDT,bid,142,65469.0
2024-08-21 13:01:12,SOLUSDT,bid,142,65470.0
2024-08-21 13:01:12,SOLUSDT,bid,142,65490.0
2024-08-21 13:01:12,SOLUSDT,bid,142,65450.0
2024-08-21 13:01:24,SOLUSDT,bid,142,65453.0
2024-08-21 13:01:25,SOLUSDT,bid,142,65433.0
2024-08-21 13:01:25,SOLUSDT,bid,142,65450.0
2024-08-21 13:01:33,SOLUSDT,bid,142,65443.0
2024-08-21 13:01:47,SOLUSDT,bid,142,65442.0
2024-08-21 13:01:52,SOLUSDT,bid,142,65441.0
2024-08-21 13:02:22,SOLUSDT,bid,142,69989.0
2024-08-21 13:02:35,SOLUSDT,bid,142,69941.0
2024-08-21 13:02:38,SOLUSDT,bid,142,70376.0
2024-08-21 13:02:40,SOLUSDT,bid,142,69941.0
2024-08-21 13:03:04,SOLUSDT,bid,142,69938.0
2024-08-21 13:03:07,SOLUSDT,bid,142,69955.0
2024-08-21 13:03:07,SOLUSDT,bid,142,69938.0
2024-08-21 13:04:13,SOLUSDT,bid,142,69938.0
2024-08-21 13:04:30,SOLUSDT,bid,142,69938.0
2024-08-21 13:04:35,SOLUSDT,bid,142,69959.0
2024-08-21 13:04:40,SOLUSDT,bid,142,69979.0
2024-08-21 13:05:35,SOLUSDT,bid,142,69979.0
2024-08-21 13:06:20,SOLUSDT,bid,142,69987.0
2024-08-21 13:06:23,SOLUSDT,bid,142,70004.0
2024-08-21 13:06:23,SOLUSDT,bid,142,70198.0
2024-08-21 13:06:30,SOLUSDT,bid,142,70190.0
2024-08-21 13:06:32,SOLUSDT,bid,142,70173.0
2024-08-21 13:06:35,SOLUSDT,bid,142,69979.0
2024-08-21 13:06:40,SOLUSDT,bid,142,69979.0
2024-08-21 13:06:52,SOLUSDT,bid,142,69992.0
2024-08-21 13:07:00,SOLUSDT,bid,142,69979.0
2024-08-21 13:07:07,SOLUSDT,bid,142,69959.0
2024-08-21 13:07:08,SOLUSDT,bid,142,69938.0
2024-08-21 13:08:09,SOLUSDT,bid,142,69958.0
2024-08-21 13:08:12,SOLUSDT,bid,142,69938.0
2024-08-21 13:09:21,SOLUSDT,bid,142,69955.0
2024-08-21 13:09:22,SOLUSDT,bid,142,69938.0
2024-08-21 13:09:23,SOLUSDT,bid,142,69961.0
2024-08-21 13:09:25,SOLUSDT,bid,142,69962.0
2024-08-21 13:09:40,SOLUSDT,bid,142,69962.0
2024-08-21 13:09:43,SOLUSDT,bid,142,69962.0
2024-08-21 13:09:44,SOLUSDT,bid,142,69939.0
2024-08-21 13:09:52,SOLUSDT,bid,142,69941.0
2024-08-21 13:10:41,SOLUSDT,bid,142,69958.0
2024-08-21 13:10:48,SOLUSDT,bid,142,69978.0
2024-08-21 13:10:58,SOLUSDT,bid,142,69958.0
2024-08-21 13:11:01,SOLUSDT,bid,142,69941.0
2024-08-21 13:11:19,SOLUSDT,bid,142,69940.0
2024-08-21 13:11:31,SOLUSDT,bid,142,69946.0
2024-08-21 13:11:41,SOLUSDT,bid,142,69940.0
2024-08-21 13:11:47,SOLUSDT,bid,142,69940.0
2024-08-21 13:12:00,SOLUSDT,bid,142,69953.0
2024-08-21 13:12:01,SOLUSDT,bid,142,69940.0
2024-08-21 13:12:06,SOLUSDT,bid,142,70199.0
2024-08-21 13:12:49,SOLUSDT,bid,142,70220.0
2024-08-21 13:12:49,SOLUSDT,bid,142,70199.0
2024-08-21 13:12:49,SOLUSDT,bid,142,69940.0
2024-08-21 13:13:48,SOLUSDT,bid,142,69960.0
2024-08-21 13:13:48,SOLUSDT,bid,142,69940.0
2024-08-21 13:13:54,SOLUSDT,bid,142,71250.0
2024-08-21 13:13:54,SOLUSDT,bid,142,69940.0
2024-08-21 13:14:32,SOLUSDT,bid,142,70375.0
2024-08-21 13:14:33,SOLUSDT,bid,142,69940.0
2024-08-21 13:14:33,SOLUSDT,bid,142,70375.0
2024-08-21 13:14:33,SOLUSDT,bid,142,69940.0
2024-08-21 13:14:33,SOLUSDT,bid,142,70375.0
2024-08-21 13:26:31,SOLUSDT,bid,142,93132.0
2024-08-21 13:26:31,SOLUSDT,bid,142,93129.0
2024-08-21 13:26:59,SOLUSDT,bid,142,93128.0
2024-08-21 13:28:05,SOLUSDT,bid,142,93267.0
2024-08-21 13:28:06,SOLUSDT,bid,142,93542.0
2024-08-21 13:28:21,SOLUSDT,bid,142,93267.0
2024-08-21 13:28:32,SOLUSDT,bid,142,93128.0
2024-08-21 13:28:33,SOLUSDT,bid,142,93150.0
2024-08-21 13:28:36,SOLUSDT,bid,142,94022.0
2024-08-21 13:28:36,SOLUSDT,bid,142,93150.0
2024-08-21 13:29:13,SOLUSDT,bid,142,93150.0
2024-08-21 13:29:14,SOLUSDT,bid,142,93149.0
2024-08-21 13:29:16,SOLUSDT,bid,142,93149.0
2024-08-21 13:29:24,SOLUSDT,bid,142,93162.0
2024-08-21 13:29:25,SOLUSDT,bid,142,93149.0
2024-08-21 13:29:31,SOLUSDT,bid,142,93162.0
2024-08-21 13:29:31,SOLUSDT,bid,142,93149.0
2024-08-21 13:29:31,SOLUSDT,bid,142,93150.0
2024-08-21 13:30:26,SOLUSDT,bid,142,93149.0
2024-08-21 13:30:28,SOLUSDT,bid,142,93150.0
2024-08-21 13:30:58,SOLUSDT,bid,142,93171.0
2024-08-21 13:31:03,SOLUSDT,bid,142,93171.0
2024-08-21 13:31:05,SOLUSDT,bid,142,93171.0
2024-08-21 13:31:11,SOLUSDT,bid,142,93172.0
2024-08-21 13:31:13,SOLUSDT,bid,142,93195.0
2024-08-21 13:31:14,SOLUSDT,bid,142,94411.0
2024-08-21 13:31:14,SOLUSDT,bid,142,93195.0
2024-08-21 13:31:15,SOLUSDT,bid,142,93195.0
2024-08-21 13:31:16,SOLUSDT,bid,142,93195.0
2024-08-21 13:31:18,SOLUSDT,bid,142,93153.0
2024-08-21 13:31:19,SOLUSDT,bid,142,93154.0
2024-08-21 13:31:20,SOLUSDT,bid,142,94396.0
2024-08-21 13:31:20,SOLUSDT,bid,142,93154.0
2024-08-21 13:31:44,SOLUSDT,bid,142,94338.0
2024-08-21 13:31:44,SOLUSDT,bid,142,93154.0
2024-08-21 13:32:42,SOLUSDT,bid,142,93153.0
2024-08-21 13:36:45,SOLUSDT,bid,142,103114.0
2024-08-21 13:36:59,SOLUSDT,bid,142,103127.0
2024-08-21 13:36:59,SOLUSDT,bid,142,103127.0
2024-08-21 13:37:00,SOLUSDT,bid,142,103114.0
2024-08-21 13:37:59,SOLUSDT,bid,142,103114.0
2024-08-21 13:38:15,SOLUSDT,bid,142,103127.0
2024-08-21 13:38:15,SOLUSDT,bid,142,103114.0
2024-08-21 13:38:48,SOLUSDT,bid,142,103135.0
2024-08-21 13:38:53,SOLUSDT,bid,142,103114.0
2024-08-21 13:39:25,SOLUSDT,bid,142,103127.0
2024-08-21 13:39:25,SOLUSDT,bid,142,103114.0
2024-08-21 13:39:26,SOLUSDT,bid,142,104029.0
2024-08-21 13:39:26,SOLUSDT,bid,142,103114.0
2024-08-21 13:39:43,SOLUSDT,bid,142,103118.0
2024-08-21 13:40:09,SOLUSDT,bid,142,103114.0
2024-08-21 13:42:43,SOLUSDT,bid,142,103389.0
2024-08-21 13:43:07,SOLUSDT,bid,142,103114.0
2024-08-21 13:43:14,SOLUSDT,bid,142,103114.0
2024-08-21 13:46:55,SOLUSDT,bid,142,103114.0
2024-08-21 13:46:56,SOLUSDT,bid,142,103127.0
2024-08-21 13:46:58,SOLUSDT,bid,142,103114.0
2024-08-21 13:46:58,SOLUSDT,bid,142,104771.0
2024-08-21 13:46:58,SOLUSDT,bid,142,104784.0
2024-08-21 13:46:58,SOLUSDT,bid,142,103127.0
2024-08-21 13:47:02,SOLUSDT,bid,142,103114.0
2024-08-21 13:47:02,SOLUSDT,bid,142,103127.0
2024-08-21 13:47:03,SOLUSDT,bid,142,103114.0
2024-08-21 13:47:39,SOLUSDT,bid,142,112241.0
2024-08-21 13:48:02,SOLUSDT,bid,142,112254.0
2024-08-21 13:48:02,SOLUSDT,bid,142,112241.0
2024-08-21 13:48:27,SOLUSDT,bid,142,112254.0
2024-08-21 13:48:27,SOLUSDT,bid,142,112241.0
2024-08-21 13:48:28,SOLUSDT,bid,142,112254.0
2024-08-21 13:48:29,SOLUSDT,bid,142,112241.0
2024-08-21 13:48:35,SOLUSDT,bid,142,112245.0
2024-08-21 13:48:50,SOLUSDT,bid,142,112241.0
2024-08-21 13:49:24,SOLUSDT,bid,142,112731.0
2024-08-21 13:52:08,SOLUSDT,bid,142,113659.0
2024-08-21 14:01:26,SOLUSDT,bid,142,114355.0
2024-08-21 14:01:44,SOLUSDT,bid,142,114477.0
2024-08-21 14:01:44,SOLUSDT,bid,142,114355.0
2024-08-21 14:01:55,SOLUSDT,bid,142,108921.0
