2024-08-21 17:14:51,ETHUSDT,bid,2580,7582.423
2024-08-21 17:14:52,ETHUSDT,bid,2580,7582.673
2024-08-21 17:14:54,ETHUSDT,bid,2580,4290.252
2024-08-21 17:14:54,ETHUSDT,bid,2580,4290.041
2024-08-21 17:14:54,ETHUSDT,bid,2580,4290.001
2024-08-21 17:14:54,ETHUSDT,bid,2580,4289.992
2024-08-21 17:14:54,ETHUSDT,bid,2580,4289.975
2024-08-21 17:14:59,ETHUSDT,bid,2580,9038.92
2024-08-21 17:14:59,ETHUSDT,bid,2580,9038.914
2024-08-21 17:14:59,ETHUSDT,bid,2580,9038.501
2024-08-21 17:15:00,ETHUSDT,bid,2580,9038.48
2024-08-21 18:04:44,ETHUSDT,bid,2580,4055.422
2024-08-21 18:04:46,ETHUSDT,bid,2580,4020.783
2024-08-21 18:04:46,ETHUSDT,bid,2580,4020.903
2024-08-21 18:04:46,ETHUSDT,bid,2580,4020.903
2024-08-21 18:04:47,ETHUSDT,bid,2580,4021.023
2024-08-21 18:04:48,ETHUSDT,bid,2580,4021.023
2024-08-21 18:04:49,ETHUSDT,bid,2580,4021.023
2024-08-21 18:04:50,ETHUSDT,bid,2580,4021.223
2024-08-21 18:04:50,ETHUSDT,bid,2580,4032.258
2024-08-21 18:04:50,ETHUSDT,bid,2580,4017.823
2024-08-21 18:04:50,ETHUSDT,bid,2580,4017.788
2024-08-21 18:04:50,ETHUSDT,bid,2580,4017.428
2024-08-21 18:04:51,ETHUSDT,bid,2580,4028.663
2024-08-21 18:04:51,ETHUSDT,bid,2580,4017.428
2024-08-21 18:04:52,ETHUSDT,bid,2580,4017.428
2024-08-21 18:04:52,ETHUSDT,bid,2580,4017.041
2024-08-21 16:34:45,ETHUSDT,ask,2570,5029.549
2024-08-21 16:34:45,ETHUSDT,ask,2570,5029.549
2024-08-21 16:34:46,ETHUSDT,ask,2570,5040.784
2024-08-21 07:02:18,ETHUSDT,bid,2550,4002.312
2024-08-21 07:02:18,ETHUSDT,bid,2550,4198.16
2024-08-21 07:02:18,ETHUSDT,bid,2550,4394.008
2024-08-21 07:02:19,ETHUSDT,bid,2550,4589.856
2024-08-21 07:02:19,ETHUSDT,bid,2550,4785.704
2024-08-21 20:08:45,ETHUSDT,bid,2570,5068.36
2024-08-21 20:08:48,ETHUSDT,bid,2570,5068.36
2024-08-21 20:08:49,ETHUSDT,bid,2570,5093.178
2024-08-21 20:08:49,ETHUSDT,bid,2570,5081.943
2024-08-21 20:08:50,ETHUSDT,bid,2570,5071.494
2024-08-21 20:08:52,ETHUSDT,bid,2570,5071.502
2024-08-21 20:08:55,ETHUSDT,bid,2570,5071.54
2024-08-21 20:08:59,ETHUSDT,bid,2570,5072.54
2024-08-21 20:09:00,ETHUSDT,bid,2570,5069.406
2024-08-21 20:09:08,ETHUSDT,bid,2570,5069.438
2024-08-21 20:09:09,ETHUSDT,bid,2570,5069.406
2024-08-21 20:09:11,ETHUSDT,bid,2570,5069.794
2024-08-21 20:09:11,ETHUSDT,bid,2570,5070.843
2024-08-21 20:09:11,ETHUSDT,bid,2570,5070.843
2024-08-21 20:09:12,ETHUSDT,bid,2570,5070.973
2024-08-21 20:09:15,ETHUSDT,bid,2570,5071.109
2024-08-21 20:09:18,ETHUSDT,bid,2570,5071.569
2024-08-21 20:09:18,ETHUSDT,bid,2570,5133.705
2024-08-21 20:09:26,ETHUSDT,bid,2570,5145.365
2024-08-21 20:09:27,ETHUSDT,bid,2570,5083.229
2024-08-21 20:09:27,ETHUSDT,bid,2570,5070.002
2024-08-21 20:09:30,ETHUSDT,bid,2570,5069.866
2024-08-21 20:09:30,ETHUSDT,bid,2570,5069.866
2024-08-21 20:09:31,ETHUSDT,bid,2570,5069.866
2024-08-21 20:09:32,ETHUSDT,bid,2570,5081.101
2024-08-21 20:09:32,ETHUSDT,bid,2570,5069.866
2024-08-21 20:09:33,ETHUSDT,bid,2570,5070.474
2024-08-21 20:09:36,ETHUSDT,bid,2570,5070.014
2024-08-21 20:09:37,ETHUSDT,bid,2570,5070.05
2024-08-21 20:09:47,ETHUSDT,bid,2570,5070.014
2024-08-21 20:09:48,ETHUSDT,bid,2570,5070.144
2024-08-21 20:09:50,ETHUSDT,bid,2570,5070.164
2024-08-21 20:09:51,ETHUSDT,bid,2570,5070.243
2024-08-21 20:09:52,ETHUSDT,bid,2570,5070.631
2024-08-21 20:09:52,ETHUSDT,bid,2570,5070.243
2024-08-21 20:09:57,ETHUSDT,bid,2570,5069.995
2024-08-21 20:09:58,ETHUSDT,bid,2570,5069.975
2024-08-21 20:10:02,ETHUSDT,bid,2570,5069.845
2024-08-21 20:10:24,ETHUSDT,bid,2570,5069.872
2024-08-21 20:10:31,ETHUSDT,bid,2570,5069.845
2024-08-21 20:10:33,ETHUSDT,bid,2570,5070.621
2024-08-21 20:10:35,ETHUSDT,bid,2570,5070.641
2024-08-21 20:10:35,ETHUSDT,bid,2570,5084.223
2024-08-21 20:10:35,ETHUSDT,bid,2570,5070.641
2024-08-21 20:10:37,ETHUSDT,bid,2570,5070.621
2024-08-21 20:10:45,ETHUSDT,bid,2570,5074.504
2024-08-21 20:10:47,ETHUSDT,bid,2570,5074.814
2024-08-21 20:10:50,ETHUSDT,bid,2570,5074.857
2024-08-21 20:10:51,ETHUSDT,bid,2570,5073.164
2024-08-21 20:10:55,ETHUSDT,bid,2570,5070.974
2024-08-21 20:10:56,ETHUSDT,bid,2570,5070.664
2024-08-21 20:10:56,ETHUSDT,bid,2570,5081.899
2024-08-21 20:10:56,ETHUSDT,bid,2570,5070.664
2024-08-21 20:10:57,ETHUSDT,bid,2570,5070.664
2024-08-21 20:10:58,ETHUSDT,bid,2570,5070.664
2024-08-21 20:10:58,ETHUSDT,bid,2570,5070.672
2024-08-21 20:10:59,ETHUSDT,bid,2570,5081.907
2024-08-21 20:10:59,ETHUSDT,bid,2570,5070.672
2024-08-21 20:11:00,ETHUSDT,bid,2570,5070.664
2024-08-21 20:11:00,ETHUSDT,bid,2570,5081.899
2024-08-21 20:11:00,ETHUSDT,bid,2570,5070.664
2024-08-21 20:11:01,ETHUSDT,bid,2570,5070.664
2024-08-21 20:11:02,ETHUSDT,bid,2570,5081.899
2024-08-21 20:11:02,ETHUSDT,bid,2570,5070.664
2024-08-21 20:11:05,ETHUSDT,bid,2570,5081.899
2024-08-21 20:11:05,ETHUSDT,bid,2570,5070.664
2024-08-21 20:11:06,ETHUSDT,bid,2570,5081.899
2024-08-21 20:11:06,ETHUSDT,bid,2570,5070.664
2024-08-21 20:11:06,ETHUSDT,bid,2570,5109.498
2024-08-21 20:11:07,ETHUSDT,bid,2570,5109.498
2024-08-21 20:11:08,ETHUSDT,bid,2570,5109.498
2024-08-21 20:11:09,ETHUSDT,bid,2570,5109.498
2024-08-21 20:11:11,ETHUSDT,bid,2570,5109.498
2024-08-21 20:11:12,ETHUSDT,bid,2570,5112.41
2024-08-21 20:11:12,ETHUSDT,bid,2570,5112.41
2024-08-21 20:11:13,ETHUSDT,bid,2570,5112.41
2024-08-21 20:11:13,ETHUSDT,bid,2570,5113.575
2024-08-21 20:11:13,ETHUSDT,bid,2570,5113.445
2024-08-21 20:11:15,ETHUSDT,bid,2570,5124.68
2024-08-21 20:11:15,ETHUSDT,bid,2570,5113.445
2024-08-21 20:11:17,ETHUSDT,bid,2570,5113.445
2024-08-21 20:11:17,ETHUSDT,bid,2570,5116.55
2024-08-21 20:11:18,ETHUSDT,bid,2570,5127.785
2024-08-21 20:11:18,ETHUSDT,bid,2570,5116.55
2024-08-21 20:11:21,ETHUSDT,bid,2570,5116.55
2024-08-21 20:11:22,ETHUSDT,bid,2570,5116.55
2024-08-21 20:11:23,ETHUSDT,bid,2570,5116.55
2024-08-21 20:11:24,ETHUSDT,bid,2570,5116.55
2024-08-21 20:11:24,ETHUSDT,bid,2570,5116.558
2024-08-21 20:11:25,ETHUSDT,bid,2570,5127.793
2024-08-21 20:11:25,ETHUSDT,bid,2570,5116.558
2024-08-21 20:11:26,ETHUSDT,bid,2570,5116.558
2024-08-21 20:11:26,ETHUSDT,bid,2570,5116.55
2024-08-21 20:11:27,ETHUSDT,bid,2570,5116.55
2024-08-21 20:11:28,ETHUSDT,bid,2570,5116.55
2024-08-21 20:11:30,ETHUSDT,bid,2570,5116.55
2024-08-21 20:11:31,ETHUSDT,bid,2570,5127.785
2024-08-21 20:11:31,ETHUSDT,bid,2570,5116.55
2024-08-21 20:11:32,ETHUSDT,bid,2570,5116.55
2024-08-21 20:11:33,ETHUSDT,bid,2570,5116.55
2024-08-21 20:11:34,ETHUSDT,bid,2570,5127.785
2024-08-21 20:11:34,ETHUSDT,bid,2570,5116.55
2024-08-21 20:11:35,ETHUSDT,bid,2570,5116.55
2024-08-21 20:11:36,ETHUSDT,bid,2570,5116.563
2024-08-21 20:11:36,ETHUSDT,bid,2570,5116.563
2024-08-21 20:11:37,ETHUSDT,bid,2570,5127.798
2024-08-21 20:11:37,ETHUSDT,bid,2570,5116.563
2024-08-21 20:11:38,ETHUSDT,bid,2570,5116.563
2024-08-21 20:11:39,ETHUSDT,bid,2570,5116.563
2024-08-21 20:11:40,ETHUSDT,bid,2570,5116.563
2024-08-21 20:11:41,ETHUSDT,bid,2570,5116.563
2024-08-21 20:11:42,ETHUSDT,bid,2570,5116.563
2024-08-21 20:11:43,ETHUSDT,bid,2570,5116.693
2024-08-21 20:11:43,ETHUSDT,bid,2570,5127.928
2024-08-21 20:11:43,ETHUSDT,bid,2570,5116.693
2024-08-21 20:11:48,ETHUSDT,bid,2570,5116.693
2024-08-21 20:11:49,ETHUSDT,bid,2570,5127.928
2024-08-21 20:11:49,ETHUSDT,bid,2570,5116.693
2024-08-21 20:11:50,ETHUSDT,bid,2570,5116.693
2024-08-21 20:11:51,ETHUSDT,bid,2570,5127.928
2024-08-21 20:11:51,ETHUSDT,bid,2570,5116.693
2024-08-21 20:11:52,ETHUSDT,bid,2570,5127.928
2024-08-21 20:11:52,ETHUSDT,bid,2570,5116.693
2024-08-21 20:11:53,ETHUSDT,bid,2570,5132.233
2024-08-21 20:11:53,ETHUSDT,bid,2570,5132.233
2024-08-21 20:11:54,ETHUSDT,bid,2570,5132.233
2024-08-21 20:11:57,ETHUSDT,bid,2570,5143.468
2024-08-21 20:11:57,ETHUSDT,bid,2570,5132.233
2024-08-21 20:11:58,ETHUSDT,bid,2570,5132.233
2024-08-21 20:11:59,ETHUSDT,bid,2570,5143.468
2024-08-21 20:11:59,ETHUSDT,bid,2570,5132.233
2024-08-21 20:12:00,ETHUSDT,bid,2570,5143.468
2024-08-21 20:12:00,ETHUSDT,bid,2570,5132.233
2024-08-21 20:12:01,ETHUSDT,bid,2570,5116.693
2024-08-21 20:12:02,ETHUSDT,bid,2570,5127.928
2024-08-21 20:12:02,ETHUSDT,bid,2570,5116.693
2024-08-21 20:12:02,ETHUSDT,bid,2570,5116.563
2024-08-21 20:12:02,ETHUSDT,bid,2570,5115.563
2024-08-21 20:12:03,ETHUSDT,bid,2570,5126.798
2024-08-21 20:12:03,ETHUSDT,bid,2570,5115.563
2024-08-21 20:12:04,ETHUSDT,bid,2570,5115.563
2024-08-21 20:12:05,ETHUSDT,bid,2570,5115.563
2024-08-21 20:12:07,ETHUSDT,bid,2570,5115.563
2024-08-21 20:12:09,ETHUSDT,bid,2570,5126.798
2024-08-21 20:12:09,ETHUSDT,bid,2570,5115.563
2024-08-21 20:12:10,ETHUSDT,bid,2570,5115.563
2024-08-21 20:12:11,ETHUSDT,bid,2570,5115.563
2024-08-21 20:12:13,ETHUSDT,bid,2570,5115.563
2024-08-21 20:12:13,ETHUSDT,bid,2570,5127.223
2024-08-21 20:12:15,ETHUSDT,bid,2570,5115.563
2024-08-21 20:12:19,ETHUSDT,bid,2570,5115.563
2024-08-21 20:12:20,ETHUSDT,bid,2570,5115.563
2024-08-21 20:12:21,ETHUSDT,bid,2570,5115.61
2024-08-21 20:12:21,ETHUSDT,bid,2570,5115.61
2024-08-21 20:12:22,ETHUSDT,bid,2570,5127.27
2024-08-21 20:12:22,ETHUSDT,bid,2570,5138.505
2024-08-21 20:12:22,ETHUSDT,bid,2570,5115.61
2024-08-21 20:12:25,ETHUSDT,bid,2570,5126.845
2024-08-21 20:12:25,ETHUSDT,bid,2570,5115.61
2024-08-21 20:12:25,ETHUSDT,bid,2570,5117.553
2024-08-21 20:12:25,ETHUSDT,bid,2570,5115.61
2024-08-21 20:12:26,ETHUSDT,bid,2570,5115.946
2024-08-21 20:12:30,ETHUSDT,bid,2570,5127.181
2024-08-21 20:12:30,ETHUSDT,bid,2570,5115.946
2024-08-21 20:12:30,ETHUSDT,bid,2570,5118.121
2024-08-21 20:12:31,ETHUSDT,bid,2570,5118.121
2024-08-21 20:12:32,ETHUSDT,bid,2570,5118.121
2024-08-21 20:12:34,ETHUSDT,bid,2570,5117.275
2024-08-21 20:13:00,ETHUSDT,bid,2570,5117.228
2024-08-21 20:13:01,ETHUSDT,bid,2570,5117.324
2024-08-21 20:13:04,ETHUSDT,bid,2570,5117.228
2024-08-21 20:13:12,ETHUSDT,bid,2570,5116.228
2024-08-21 20:13:14,ETHUSDT,bid,2570,5118.214
2024-08-21 20:13:14,ETHUSDT,bid,2570,5131.192
2024-08-21 20:13:14,ETHUSDT,bid,2570,5118.214
2024-08-21 20:13:14,ETHUSDT,bid,2570,5118.198
2024-08-21 20:13:15,ETHUSDT,bid,2570,5121.394
2024-08-21 20:13:15,ETHUSDT,bid,2570,5137.778
2024-08-21 20:13:15,ETHUSDT,bid,2570,5136.113
2024-08-21 20:13:21,ETHUSDT,bid,2570,5125.782
2024-08-21 20:13:21,ETHUSDT,bid,2570,5118.56
2024-08-21 20:13:22,ETHUSDT,bid,2570,5114.547
2024-08-21 20:13:23,ETHUSDT,bid,2570,5128.131
2024-08-21 20:13:23,ETHUSDT,bid,2570,5114.547
2024-08-21 20:13:24,ETHUSDT,bid,2570,5114.547
2024-08-21 20:13:25,ETHUSDT,bid,2570,5114.547
2024-08-21 20:13:26,ETHUSDT,bid,2570,5125.782
2024-08-21 20:13:26,ETHUSDT,bid,2570,5114.547
2024-08-21 20:13:27,ETHUSDT,bid,2570,5125.782
2024-08-21 20:13:27,ETHUSDT,bid,2570,5114.547
2024-08-21 20:13:28,ETHUSDT,bid,2570,5114.547
2024-08-21 20:13:29,ETHUSDT,bid,2570,5114.547
2024-08-21 20:13:30,ETHUSDT,bid,2570,5114.547
2024-08-21 20:13:31,ETHUSDT,bid,2570,5114.547
2024-08-21 20:13:32,ETHUSDT,bid,2570,5114.547
2024-08-21 20:13:33,ETHUSDT,bid,2570,5125.782
2024-08-21 20:13:33,ETHUSDT,bid,2570,5114.547
2024-08-21 20:13:33,ETHUSDT,bid,2570,5114.944
2024-08-21 20:13:34,ETHUSDT,bid,2570,5126.179
2024-08-21 20:13:34,ETHUSDT,bid,2570,5114.944
2024-08-21 20:13:35,ETHUSDT,bid,2570,5114.547
2024-08-21 20:13:36,ETHUSDT,bid,2570,5114.547
2024-08-21 20:13:37,ETHUSDT,bid,2570,5114.547
2024-08-21 20:13:38,ETHUSDT,bid,2570,5125.782
2024-08-21 20:13:38,ETHUSDT,bid,2570,5114.547
2024-08-21 20:13:39,ETHUSDT,bid,2570,5114.547
2024-08-21 20:13:40,ETHUSDT,bid,2570,5125.782
2024-08-21 20:13:40,ETHUSDT,bid,2570,5114.547
2024-08-21 20:13:41,ETHUSDT,bid,2570,5125.782
2024-08-21 20:13:41,ETHUSDT,bid,2570,5114.547
2024-08-21 20:13:42,ETHUSDT,bid,2570,5115.137
2024-08-21 20:13:42,ETHUSDT,bid,2570,5115.137
2024-08-21 20:13:43,ETHUSDT,bid,2570,5126.372
2024-08-21 20:13:43,ETHUSDT,bid,2570,5115.137
2024-08-21 20:13:44,ETHUSDT,bid,2570,5115.137
2024-08-21 20:13:45,ETHUSDT,bid,2570,5126.678
2024-08-21 20:13:45,ETHUSDT,bid,2570,5126.678
2024-08-21 20:13:46,ETHUSDT,bid,2570,5137.913
2024-08-21 20:13:46,ETHUSDT,bid,2570,5126.678
2024-08-21 20:13:47,ETHUSDT,bid,2570,5137.913
2024-08-21 20:13:47,ETHUSDT,bid,2570,5126.678
2024-08-21 20:13:48,ETHUSDT,bid,2570,5137.913
2024-08-21 20:13:48,ETHUSDT,bid,2570,5126.678
2024-08-21 20:13:49,ETHUSDT,bid,2570,5137.913
2024-08-21 20:13:49,ETHUSDT,bid,2570,5126.678
2024-08-21 20:13:49,ETHUSDT,bid,2570,5155.492
2024-08-21 20:13:50,ETHUSDT,bid,2570,5155.492
2024-08-21 20:13:51,ETHUSDT,bid,2570,5155.492
2024-08-21 20:13:51,ETHUSDT,bid,2570,5167.152
2024-08-21 20:13:52,ETHUSDT,bid,2570,5178.387
2024-08-21 20:13:52,ETHUSDT,bid,2570,5167.152
2024-08-21 20:13:52,ETHUSDT,bid,2570,5178.693
2024-08-21 20:13:53,ETHUSDT,bid,2570,5178.693
2024-08-21 20:13:54,ETHUSDT,bid,2570,5178.693
2024-08-21 20:13:55,ETHUSDT,bid,2570,5189.928
2024-08-21 20:13:55,ETHUSDT,bid,2570,5178.693
2024-08-21 20:13:55,ETHUSDT,bid,2570,5167.033
2024-08-21 20:13:56,ETHUSDT,bid,2570,5167.033
2024-08-21 20:13:57,ETHUSDT,bid,2570,5167.033
2024-08-21 20:13:58,ETHUSDT,bid,2570,5143.951
2024-08-21 20:13:58,ETHUSDT,bid,2570,5154.814
2024-08-21 20:13:59,ETHUSDT,bid,2570,5154.814
2024-08-21 20:14:00,ETHUSDT,bid,2570,5166.049
2024-08-21 20:14:00,ETHUSDT,bid,2570,5155.014
2024-08-21 20:14:01,ETHUSDT,bid,2570,5166.249
2024-08-21 20:14:01,ETHUSDT,bid,2570,5155.814
2024-08-21 20:14:01,ETHUSDT,bid,2570,5143.361
2024-08-21 20:14:07,ETHUSDT,bid,2570,5154.596
2024-08-21 20:14:07,ETHUSDT,bid,2570,5143.361
2024-08-21 20:14:08,ETHUSDT,bid,2570,5143.361
2024-08-21 20:14:09,ETHUSDT,bid,2570,5154.596
2024-08-21 20:14:09,ETHUSDT,bid,2570,5143.361
2024-08-21 20:14:16,ETHUSDT,bid,2570,5158.224
2024-08-21 20:14:17,ETHUSDT,bid,2570,5147.361
2024-08-21 20:14:18,ETHUSDT,bid,2570,5149.761
2024-08-21 20:14:19,ETHUSDT,bid,2570,5147.361
2024-08-21 20:14:19,ETHUSDT,bid,2570,5148.913
2024-08-21 20:14:20,ETHUSDT,bid,2570,5148.913
2024-08-21 20:14:20,ETHUSDT,bid,2570,5148.913
2024-08-21 20:14:22,ETHUSDT,bid,2570,5149.527
2024-08-21 20:14:22,ETHUSDT,bid,2570,5147.975
2024-08-21 20:14:22,ETHUSDT,bid,2570,5148.169
2024-08-21 20:14:25,ETHUSDT,bid,2570,5163.493
2024-08-21 20:14:26,ETHUSDT,bid,2570,5147.975
2024-08-21 20:14:27,ETHUSDT,bid,2570,4691.901
2024-08-21 20:14:27,ETHUSDT,bid,2570,4691.879
2024-08-21 20:14:27,ETHUSDT,bid,2570,4691.906
2024-08-21 20:14:27,ETHUSDT,bid,2570,4691.896
2024-08-21 20:14:27,ETHUSDT,bid,2570,4697.731
2024-08-21 20:14:28,ETHUSDT,bid,2570,4697.717
2024-08-21 20:14:28,ETHUSDT,bid,2570,4697.99
2024-08-21 20:14:28,ETHUSDT,bid,2570,4698.025
2024-08-21 20:14:28,ETHUSDT,bid,2570,4698.019
2024-08-21 20:14:29,ETHUSDT,bid,2570,4697.669
2024-08-21 20:14:29,ETHUSDT,bid,2570,4668.855
2024-08-21 20:14:29,ETHUSDT,bid,2570,4668.855
2024-08-21 20:14:29,ETHUSDT,bid,2570,4668.849
2024-08-21 20:14:29,ETHUSDT,bid,2570,4668.858
2024-08-21 20:14:30,ETHUSDT,bid,2570,4668.885
2024-08-21 20:14:30,ETHUSDT,bid,2570,4670.991
2024-08-21 20:14:30,ETHUSDT,bid,2570,4668.885
2024-08-21 20:14:30,ETHUSDT,bid,2570,4669.003
2024-08-21 20:14:30,ETHUSDT,bid,2570,4669.368
2024-08-21 20:14:30,ETHUSDT,bid,2570,4669.356
2024-08-21 20:14:30,ETHUSDT,bid,2570,4669.368
2024-08-21 20:14:31,ETHUSDT,bid,2570,4669.368
2024-08-21 20:14:31,ETHUSDT,bid,2570,4673.568
2024-08-21 20:14:31,ETHUSDT,bid,2570,4652.934
2024-08-21 20:14:31,ETHUSDT,bid,2570,4652.912
2024-08-21 20:14:32,ETHUSDT,bid,2570,4652.867
2024-08-21 20:14:32,ETHUSDT,bid,2570,4652.892
2024-08-21 20:14:32,ETHUSDT,bid,2570,4652.882
2024-08-21 20:14:32,ETHUSDT,bid,2570,4654.089
2024-08-21 20:14:33,ETHUSDT,bid,2570,4654.077
2024-08-21 20:14:33,ETHUSDT,bid,2570,4654.089
2024-08-21 20:14:33,ETHUSDT,bid,2570,4654.079
2024-08-21 20:14:33,ETHUSDT,bid,2570,4653.982
2024-08-21 20:14:33,ETHUSDT,bid,2570,4648.041
2024-08-21 20:14:33,ETHUSDT,bid,2570,4648.023
2024-08-21 20:14:33,ETHUSDT,bid,2570,4648.619
2024-08-21 20:14:33,ETHUSDT,bid,2570,4644.836
2024-08-21 20:14:34,ETHUSDT,bid,2570,4644.851
2024-08-21 20:14:34,ETHUSDT,bid,2570,4644.863
2024-08-21 20:14:34,ETHUSDT,bid,2570,4644.854
2024-08-21 20:14:34,ETHUSDT,bid,2570,4645.255
2024-08-21 20:14:34,ETHUSDT,bid,2570,4645.209
2024-08-21 20:14:34,ETHUSDT,bid,2570,4645.036
2024-08-21 20:14:35,ETHUSDT,bid,2570,4645.046
2024-08-21 20:14:35,ETHUSDT,bid,2570,4645.046
2024-08-21 20:14:35,ETHUSDT,bid,2570,4646.171
2024-08-21 20:14:36,ETHUSDT,bid,2570,4646.186
2024-08-21 20:14:36,ETHUSDT,bid,2570,4646.196
2024-08-21 20:14:36,ETHUSDT,bid,2570,4640.084
2024-08-21 20:14:36,ETHUSDT,bid,2570,4639.464
2024-08-21 20:14:37,ETHUSDT,bid,2570,4637.522
2024-08-21 20:14:37,ETHUSDT,bid,2570,4635.022
2024-08-21 20:14:38,ETHUSDT,bid,2570,4634.995
2024-08-21 20:14:39,ETHUSDT,bid,2570,4634.881
2024-08-21 20:14:39,ETHUSDT,bid,2570,4634.87
2024-08-21 20:14:40,ETHUSDT,bid,2570,4634.843
2024-08-21 20:14:41,ETHUSDT,bid,2570,4635.585
2024-08-21 20:14:41,ETHUSDT,bid,2570,4635.56
2024-08-21 20:14:43,ETHUSDT,bid,2570,4635.533
2024-08-21 20:14:44,ETHUSDT,bid,2570,4637.47
2024-08-21 20:14:44,ETHUSDT,bid,2570,4633.328
2024-08-21 20:14:44,ETHUSDT,bid,2570,4633.319
2024-08-21 20:14:45,ETHUSDT,bid,2570,4633.309
2024-08-21 20:14:45,ETHUSDT,bid,2570,4633.297
2024-08-21 20:14:45,ETHUSDT,bid,2570,4633.282
2024-08-21 20:14:46,ETHUSDT,bid,2570,4635.679
2024-08-21 20:14:49,ETHUSDT,bid,2570,4639.879
2024-08-21 20:14:49,ETHUSDT,bid,2570,4638.068
2024-08-21 20:14:49,ETHUSDT,bid,2570,4643.647
2024-08-21 20:14:49,ETHUSDT,bid,2570,4639.447
2024-08-21 20:14:49,ETHUSDT,bid,2570,4633.868
2024-08-21 20:14:51,ETHUSDT,bid,2570,4639.439
2024-08-21 20:14:52,ETHUSDT,bid,2570,4633.868
2024-08-21 20:14:53,ETHUSDT,bid,2570,4638.868
2024-08-21 20:14:54,ETHUSDT,bid,2570,4639.847
2024-08-21 20:15:00,ETHUSDT,bid,2570,4638.879
2024-08-21 20:15:01,ETHUSDT,bid,2570,4638.879
2024-08-21 20:15:02,ETHUSDT,bid,2570,4639.279
2024-08-21 20:15:02,ETHUSDT,bid,2570,4638.879
2024-08-21 20:15:02,ETHUSDT,bid,2570,4645.73
2024-08-21 20:15:02,ETHUSDT,bid,2570,4647.33
2024-08-21 20:15:03,ETHUSDT,bid,2570,4640.479
2024-08-21 20:15:03,ETHUSDT,bid,2570,4641.479
2024-08-21 20:15:04,ETHUSDT,bid,2570,4641.479
2024-08-21 20:15:04,ETHUSDT,bid,2570,4641.479
2024-08-21 20:15:06,ETHUSDT,bid,2570,4641.479
2024-08-21 20:15:07,ETHUSDT,bid,2570,4642.279
2024-08-21 20:15:07,ETHUSDT,bid,2570,4642.679
2024-08-21 20:15:07,ETHUSDT,bid,2570,4642.002
2024-08-21 20:15:08,ETHUSDT,bid,2570,4641.802
2024-08-21 20:15:08,ETHUSDT,bid,2570,4652.27
2024-08-21 20:15:10,ETHUSDT,bid,2570,4641.902
2024-08-21 20:15:10,ETHUSDT,bid,2570,4641.802
2024-08-21 20:15:11,ETHUSDT,bid,2570,4642.228
2024-08-21 20:15:11,ETHUSDT,bid,2570,4642.277
2024-08-21 20:15:11,ETHUSDT,bid,2570,4641.851
2024-08-21 20:15:11,ETHUSDT,bid,2570,4641.851
2024-08-21 20:15:11,ETHUSDT,bid,2570,4653.882
2024-08-21 20:15:12,ETHUSDT,bid,2570,4653.92
2024-08-21 20:15:12,ETHUSDT,bid,2570,4655.12
2024-08-21 20:15:13,ETHUSDT,bid,2570,4642.689
2024-08-21 20:15:13,ETHUSDT,bid,2570,4654.72
2024-08-21 20:15:13,ETHUSDT,bid,2570,4652.323
2024-08-21 20:15:13,ETHUSDT,bid,2570,4640.292
2024-08-21 20:15:13,ETHUSDT,bid,2570,4639.492
2024-08-21 20:15:13,ETHUSDT,bid,2570,4651.523
2024-08-21 20:15:14,ETHUSDT,bid,2570,4639.492
2024-08-21 20:15:14,ETHUSDT,bid,2570,4639.454
2024-08-21 20:15:14,ETHUSDT,bid,2570,4637.854
2024-08-21 20:15:14,ETHUSDT,bid,2570,4639.106
2024-08-21 20:15:15,ETHUSDT,bid,2570,4638.718
2024-08-21 20:15:15,ETHUSDT,bid,2570,4638.838
2024-08-21 20:15:16,ETHUSDT,bid,2570,4650.073
2024-08-21 20:15:16,ETHUSDT,bid,2570,4638.838
2024-08-21 20:15:16,ETHUSDT,bid,2570,4638.955
2024-08-21 20:15:17,ETHUSDT,bid,2570,4650.19
2024-08-21 20:15:17,ETHUSDT,bid,2570,4638.955
2024-08-21 20:15:18,ETHUSDT,bid,2570,4643.023
2024-08-21 20:15:18,ETHUSDT,bid,2570,4643.386
2024-08-21 20:15:18,ETHUSDT,bid,2570,4639.318
2024-08-21 20:15:19,ETHUSDT,bid,2570,4650.553
2024-08-21 20:15:19,ETHUSDT,bid,2570,4639.318
2024-08-21 20:15:21,ETHUSDT,bid,2570,4639.318
2024-08-21 20:15:22,ETHUSDT,bid,2570,4639.318
2024-08-21 20:15:23,ETHUSDT,bid,2570,4639.471
2024-08-21 20:15:23,ETHUSDT,bid,2570,4639.471
2024-08-21 20:15:24,ETHUSDT,bid,2570,4639.471
2024-08-21 20:15:24,ETHUSDT,bid,2570,4639.481
2024-08-21 20:15:25,ETHUSDT,bid,2570,4639.481
2024-08-21 20:15:26,ETHUSDT,bid,2570,4639.341
2024-08-21 20:15:26,ETHUSDT,bid,2570,4651.166
2024-08-21 20:15:26,ETHUSDT,bid,2570,4639.931
2024-08-21 20:15:28,ETHUSDT,bid,2570,4641.356
2024-08-21 20:15:29,ETHUSDT,bid,2570,4652.591
2024-08-21 20:15:29,ETHUSDT,bid,2570,4641.356
2024-08-21 20:15:30,ETHUSDT,bid,2570,4652.591
2024-08-21 20:15:30,ETHUSDT,bid,2570,4641.356
2024-08-21 20:15:31,ETHUSDT,bid,2570,4641.236
2024-08-21 20:15:31,ETHUSDT,bid,2570,4641.236
2024-08-21 20:15:32,ETHUSDT,bid,2570,4641.236
2024-08-21 20:15:32,ETHUSDT,bid,2570,4643.206
2024-08-21 20:15:33,ETHUSDT,bid,2570,4654.441
2024-08-21 20:15:33,ETHUSDT,bid,2570,4643.206
2024-08-21 20:15:33,ETHUSDT,bid,2570,4641.236
2024-08-21 20:15:34,ETHUSDT,bid,2570,4641.236
2024-08-21 20:15:34,ETHUSDT,bid,2570,4641.626
2024-08-21 20:15:34,ETHUSDT,bid,2570,4639.684
2024-08-21 20:15:35,ETHUSDT,bid,2570,4650.927
2024-08-21 20:15:35,ETHUSDT,bid,2570,4639.102
2024-08-21 20:15:35,ETHUSDT,bid,2570,4639.121
2024-08-21 20:15:36,ETHUSDT,bid,2570,4650.356
2024-08-21 20:15:36,ETHUSDT,bid,2570,4639.121
2024-08-21 20:15:37,ETHUSDT,bid,2570,4639.113
2024-08-21 20:15:37,ETHUSDT,bid,2570,4639.113
2024-08-21 20:15:37,ETHUSDT,bid,2570,4641.055
2024-08-21 20:15:38,ETHUSDT,bid,2570,4642.689
2024-08-21 20:15:38,ETHUSDT,bid,2570,4641.036
2024-08-21 20:15:39,ETHUSDT,bid,2570,4654.633
2024-08-21 20:15:41,ETHUSDT,bid,2570,4654.633
2024-08-21 20:15:42,ETHUSDT,bid,2570,4676.958
2024-08-21 20:15:42,ETHUSDT,bid,2570,4676.957
2024-08-21 20:15:42,ETHUSDT,bid,2570,4661.426
2024-08-21 20:15:42,ETHUSDT,bid,2570,4661.426
2024-08-21 20:15:42,ETHUSDT,bid,2570,4656.603
2024-08-21 20:15:43,ETHUSDT,bid,2570,4656.723
2024-08-21 20:15:43,ETHUSDT,bid,2570,4663.516
2024-08-21 20:15:43,ETHUSDT,bid,2570,4663.867
2024-08-21 20:15:43,ETHUSDT,bid,2570,4664.317
2024-08-21 20:15:43,ETHUSDT,bid,2570,4664.317
2024-08-21 20:15:43,ETHUSDT,bid,2570,4662.347
2024-08-21 20:15:44,ETHUSDT,bid,2570,4664.347
2024-08-21 20:15:44,ETHUSDT,bid,2570,4675.582
2024-08-21 20:15:44,ETHUSDT,bid,2570,4664.347
2024-08-21 20:15:45,ETHUSDT,bid,2570,4664.347
2024-08-21 20:15:46,ETHUSDT,bid,2570,4664.347
2024-08-21 20:15:47,ETHUSDT,bid,2570,4664.347
2024-08-21 20:15:47,ETHUSDT,bid,2570,4669.105
2024-08-21 20:15:48,ETHUSDT,bid,2570,4669.105
2024-08-21 20:15:48,ETHUSDT,bid,2570,4653.691
2024-08-21 20:15:49,ETHUSDT,bid,2570,4642.16
2024-08-21 20:15:50,ETHUSDT,bid,2570,4653.395
2024-08-21 20:15:50,ETHUSDT,bid,2570,4642.16
2024-08-21 20:15:50,ETHUSDT,bid,2570,4640.223
2024-08-21 20:15:54,ETHUSDT,bid,2570,4640.203
2024-08-21 20:15:56,ETHUSDT,bid,2570,4641.166
2024-08-21 20:15:57,ETHUSDT,bid,2570,4642.118
2024-08-21 20:15:57,ETHUSDT,bid,2570,4643.676
2024-08-21 20:15:58,ETHUSDT,bid,2570,4643.726
2024-08-21 20:16:02,ETHUSDT,bid,2570,4643.92
2024-08-21 20:16:02,ETHUSDT,bid,2570,4702.376
2024-08-21 20:16:04,ETHUSDT,bid,2570,4702.764
2024-08-21 20:16:04,ETHUSDT,bid,2570,4702.376
2024-08-21 20:16:05,ETHUSDT,bid,2570,4713.611
2024-08-21 20:16:05,ETHUSDT,bid,2570,4702.376
2024-08-21 20:16:07,ETHUSDT,bid,2570,4702.376
2024-08-21 20:16:08,ETHUSDT,bid,2570,4713.611
2024-08-21 20:16:08,ETHUSDT,bid,2570,4702.376
2024-08-21 20:16:09,ETHUSDT,bid,2570,4702.376
2024-08-21 20:16:10,ETHUSDT,bid,2570,4702.376
2024-08-21 20:16:11,ETHUSDT,bid,2570,4713.611
2024-08-21 20:16:11,ETHUSDT,bid,2570,4702.376
2024-08-21 20:16:12,ETHUSDT,bid,2570,4702.376
2024-08-21 20:16:13,ETHUSDT,bid,2570,4702.376
2024-08-21 20:16:14,ETHUSDT,bid,2570,4702.259
2024-08-21 20:16:14,ETHUSDT,bid,2570,4725.154
2024-08-21 20:16:14,ETHUSDT,bid,2570,4713.919
2024-08-21 20:16:16,ETHUSDT,bid,2570,4702.259
2024-08-21 20:16:17,ETHUSDT,bid,2570,4702.414
2024-08-21 20:16:20,ETHUSDT,bid,2570,4700.856
2024-08-21 20:16:21,ETHUSDT,bid,2570,4702.116
2024-08-21 20:16:23,ETHUSDT,bid,2570,4700.116
2024-08-21 20:16:25,ETHUSDT,bid,2570,4710.973
2024-08-21 20:16:27,ETHUSDT,bid,2570,4710.938
2024-08-21 20:16:28,ETHUSDT,bid,2570,4712.517
2024-08-21 20:16:29,ETHUSDT,bid,2570,4710.995
2024-08-21 20:16:29,ETHUSDT,bid,2570,4722.23
2024-08-21 20:16:29,ETHUSDT,bid,2570,4710.995
2024-08-21 20:16:29,ETHUSDT,bid,2570,4700.138
2024-08-21 20:16:29,ETHUSDT,bid,2570,4699.138
2024-08-21 20:16:30,ETHUSDT,bid,2570,4697.878
2024-08-21 20:16:31,ETHUSDT,bid,2570,4697.969
2024-08-21 20:16:33,ETHUSDT,bid,2570,4697.969
2024-08-21 20:16:36,ETHUSDT,bid,2570,4697.814
2024-08-21 20:16:43,ETHUSDT,bid,2570,4697.806
2024-08-21 20:16:48,ETHUSDT,bid,2570,4711.02
2024-08-21 20:16:50,ETHUSDT,bid,2570,4707.915
2024-08-21 20:16:53,ETHUSDT,bid,2570,4709.871
2024-08-21 20:16:59,ETHUSDT,bid,2570,4711.554
2024-08-21 20:17:07,ETHUSDT,bid,2570,4709.871
2024-08-21 20:17:07,ETHUSDT,bid,2570,4721.106
2024-08-21 20:17:07,ETHUSDT,bid,2570,4709.871
2024-08-21 20:17:09,ETHUSDT,bid,2570,4709.871
2024-08-21 20:17:10,ETHUSDT,bid,2570,4709.871
2024-08-21 20:17:12,ETHUSDT,bid,2570,4709.871
2024-08-21 20:17:13,ETHUSDT,bid,2570,4709.871
2024-08-21 20:17:14,ETHUSDT,bid,2570,4721.106
2024-08-21 20:17:14,ETHUSDT,bid,2570,4709.871
2024-08-21 20:17:15,ETHUSDT,bid,2570,4709.871
2024-08-21 20:17:17,ETHUSDT,bid,2570,4708.3
2024-08-21 20:17:17,ETHUSDT,bid,2570,4708.3
2024-08-21 20:17:18,ETHUSDT,bid,2570,4708.3
2024-08-21 20:17:18,ETHUSDT,bid,2570,4708.251
2024-08-21 20:17:19,ETHUSDT,bid,2570,4708.243
2024-08-21 20:17:19,ETHUSDT,bid,2570,4708.243
2024-08-21 20:17:20,ETHUSDT,bid,2570,4709.243
2024-08-21 20:17:20,ETHUSDT,bid,2570,4709.243
2024-08-21 20:17:21,ETHUSDT,bid,2570,4719.478
2024-08-21 20:17:21,ETHUSDT,bid,2570,4708.243
2024-08-21 20:17:22,ETHUSDT,bid,2570,4719.478
2024-08-21 20:17:22,ETHUSDT,bid,2570,4708.243
2024-08-21 20:17:23,ETHUSDT,bid,2570,4708.243
2024-08-21 20:17:23,ETHUSDT,bid,2570,4721.827
2024-08-21 20:17:24,ETHUSDT,bid,2570,4708.243
2024-08-21 20:17:24,ETHUSDT,bid,2570,4708.243
2024-08-21 20:17:25,ETHUSDT,bid,2570,4719.478
2024-08-21 20:17:25,ETHUSDT,bid,2570,4708.243
2024-08-21 20:17:26,ETHUSDT,bid,2570,4719.903
2024-08-21 20:17:26,ETHUSDT,bid,2570,4731.138
2024-08-21 20:17:26,ETHUSDT,bid,2570,4719.903
2024-08-21 20:17:27,ETHUSDT,bid,2570,4719.903
2024-08-21 20:17:28,ETHUSDT,bid,2570,4719.903
2024-08-21 20:17:29,ETHUSDT,bid,2570,4719.903
2024-08-21 20:17:34,ETHUSDT,bid,2570,4710.178
2024-08-21 20:17:35,ETHUSDT,bid,2570,4721.413
2024-08-21 20:17:35,ETHUSDT,bid,2570,4710.178
2024-08-21 20:17:37,ETHUSDT,bid,2570,4721.413
2024-08-21 20:17:37,ETHUSDT,bid,2570,4710.178
2024-08-21 20:17:38,ETHUSDT,bid,2570,4721.413
2024-08-21 20:17:38,ETHUSDT,bid,2570,4710.178
2024-08-21 20:17:38,ETHUSDT,bid,2570,4710.186
2024-08-21 20:17:39,ETHUSDT,bid,2570,4710.186
2024-08-21 20:17:40,ETHUSDT,bid,2570,4711.097
2024-08-21 20:17:40,ETHUSDT,bid,2570,4711.089
2024-08-21 20:17:41,ETHUSDT,bid,2570,4715.36
2024-08-21 20:17:47,ETHUSDT,bid,2570,4715.36
2024-08-21 20:17:48,ETHUSDT,bid,2570,4726.595
2024-08-21 20:17:48,ETHUSDT,bid,2570,4715.36
2024-08-21 20:17:49,ETHUSDT,bid,2570,4715.36
2024-08-21 20:17:59,ETHUSDT,bid,2570,4715.36
2024-08-21 20:18:03,ETHUSDT,bid,2570,4715.36
2024-08-21 20:18:06,ETHUSDT,bid,2570,4715.36
2024-08-21 20:18:16,ETHUSDT,bid,2570,4716.494
2024-08-21 20:18:24,ETHUSDT,bid,2570,4717.494
2024-08-21 20:18:28,ETHUSDT,bid,2570,4724.717
2024-08-21 20:18:28,ETHUSDT,bid,2570,4726.207
2024-08-21 20:18:29,ETHUSDT,bid,2570,4727.372
2024-08-21 20:18:35,ETHUSDT,bid,2570,4720.149
2024-08-21 20:18:43,ETHUSDT,bid,2570,4718.659
2024-08-21 20:18:48,ETHUSDT,bid,2570,4714.659
2024-08-21 20:18:50,ETHUSDT,bid,2570,4714.969
2024-08-21 20:18:56,ETHUSDT,bid,2570,4714.659
2024-08-21 20:19:03,ETHUSDT,bid,2570,4714.296
2024-08-21 20:19:22,ETHUSDT,bid,2570,4714.305
2024-08-21 20:19:26,ETHUSDT,bid,2570,4712.364
2024-08-21 20:19:27,ETHUSDT,bid,2570,4711.364
2024-08-21 20:19:34,ETHUSDT,bid,2570,4710.23
2024-08-21 20:19:40,ETHUSDT,bid,2570,4707.318
2024-08-21 20:19:40,ETHUSDT,bid,2570,4707.331
2024-08-21 20:19:55,ETHUSDT,bid,2570,4707.603
2024-08-21 20:19:56,ETHUSDT,bid,2570,4707.818
2024-08-21 20:19:57,ETHUSDT,bid,2570,4708.203
2024-08-21 20:19:57,ETHUSDT,bid,2570,4707.931
2024-08-21 20:20:09,ETHUSDT,bid,2570,4708.431
2024-08-21 20:20:22,ETHUSDT,bid,2570,4707.823
2024-08-21 20:20:25,ETHUSDT,bid,2570,4709.526
2024-08-21 20:20:31,ETHUSDT,bid,2570,4707.591
2024-08-21 20:21:00,ETHUSDT,bid,2570,4709.295
2024-08-21 20:21:00,ETHUSDT,bid,2570,4708.13
2024-08-21 20:21:02,ETHUSDT,bid,2570,4707.63
2024-08-21 20:21:05,ETHUSDT,bid,2570,4709.73
2024-08-21 20:21:39,ETHUSDT,bid,2570,4714.73
2024-08-21 20:21:41,ETHUSDT,bid,2570,4714.743
2024-08-21 20:21:46,ETHUSDT,bid,2570,4714.73
2024-08-21 20:22:07,ETHUSDT,bid,2570,4713.73
2024-08-21 20:22:14,ETHUSDT,bid,2570,4711.399
2024-08-21 20:22:17,ETHUSDT,bid,2570,4712.945
2024-08-21 20:22:17,ETHUSDT,bid,2570,4713.053
2024-08-21 20:22:18,ETHUSDT,bid,2570,4714.794
2024-08-21 20:22:20,ETHUSDT,bid,2570,4715.104
2024-08-21 20:22:30,ETHUSDT,bid,2570,4709.279
2024-08-21 20:22:32,ETHUSDT,bid,2570,4709.459
2024-08-21 20:23:11,ETHUSDT,bid,2570,4714.207
2024-08-21 20:23:25,ETHUSDT,bid,2570,4712.504
2024-08-21 20:23:25,ETHUSDT,bid,2570,4714.207
2024-08-21 20:23:43,ETHUSDT,bid,2570,4714.218
2024-08-21 20:24:00,ETHUSDT,bid,2570,4712.514
2024-08-21 20:24:06,ETHUSDT,bid,2570,4712.729
2024-08-21 20:24:12,ETHUSDT,bid,2570,4713.319
2024-08-21 20:24:24,ETHUSDT,bid,2570,4713.125
2024-08-21 20:24:28,ETHUSDT,bid,2570,4713.265
2024-08-21 20:24:31,ETHUSDT,bid,2570,4715.418
2024-08-21 20:24:36,ETHUSDT,bid,2570,4716.293
2024-08-21 20:24:38,ETHUSDT,bid,2570,4716.382
2024-08-21 20:24:49,ETHUSDT,bid,2570,4716.76
2024-08-21 20:25:00,ETHUSDT,bid,2570,4716.76
2024-08-21 20:25:26,ETHUSDT,bid,2570,4716.62
2024-08-21 20:25:29,ETHUSDT,bid,2570,4717.418
2024-08-21 20:25:29,ETHUSDT,bid,2570,4719.123
2024-08-21 20:25:38,ETHUSDT,bid,2570,4719.141
2024-08-21 20:25:41,ETHUSDT,bid,2570,4718.343
2024-08-21 20:25:48,ETHUSDT,bid,2570,4721.343
2024-08-21 20:25:51,ETHUSDT,bid,2570,4717.973
2024-08-21 20:25:54,ETHUSDT,bid,2570,4722.141
2024-08-21 20:26:02,ETHUSDT,bid,2570,4721.522
2024-08-21 20:26:02,ETHUSDT,bid,2570,4721.558
2024-08-21 20:26:03,ETHUSDT,bid,2570,4721.248
2024-08-21 20:26:13,ETHUSDT,bid,2570,4721.212
2024-08-21 20:26:37,ETHUSDT,bid,2570,4720.622
2024-08-21 20:26:45,ETHUSDT,bid,2570,4968.195
2024-08-21 20:26:45,ETHUSDT,bid,2570,4720.622
2024-08-21 20:26:48,ETHUSDT,bid,2570,4738.595
2024-08-21 20:26:56,ETHUSDT,bid,2570,4740.957
2024-08-21 20:26:57,ETHUSDT,bid,2570,4737.957
2024-08-21 20:27:01,ETHUSDT,bid,2570,4719.984
2024-08-21 20:27:05,ETHUSDT,bid,2570,4720.011
2024-08-21 20:27:16,ETHUSDT,bid,2570,4719.984
2024-08-21 20:27:19,ETHUSDT,bid,2570,4720.001
2024-08-21 20:27:26,ETHUSDT,bid,2570,4720.101
2024-08-21 20:27:43,ETHUSDT,bid,2570,4717.739
2024-08-21 20:27:48,ETHUSDT,bid,2570,4717.65
2024-08-21 20:27:48,ETHUSDT,bid,2570,4716.687
2024-08-21 20:27:52,ETHUSDT,bid,2570,4732.227
2024-08-21 20:27:53,ETHUSDT,bid,2570,4716.687
2024-08-21 20:27:54,ETHUSDT,bid,2570,4718.246
2024-08-21 20:27:55,ETHUSDT,bid,2570,4718.634
2024-08-21 20:27:56,ETHUSDT,bid,2570,4718.246
2024-08-21 20:28:05,ETHUSDT,bid,2570,4740.007
2024-08-21 20:28:05,ETHUSDT,bid,2570,4716.687
2024-08-21 20:28:06,ETHUSDT,bid,2570,4716.687
2024-08-21 20:28:10,ETHUSDT,bid,2570,4723.478
2024-08-21 20:28:13,ETHUSDT,bid,2570,4716.687
2024-08-21 20:28:13,ETHUSDT,bid,2570,4717.65
2024-08-21 20:28:18,ETHUSDT,bid,2570,4718.411
2024-08-21 20:28:19,ETHUSDT,bid,2570,4719.001
2024-08-21 20:28:20,ETHUSDT,bid,2570,4719.001
2024-08-21 20:28:21,ETHUSDT,bid,2570,4719.048
2024-08-21 20:28:21,ETHUSDT,bid,2570,4730.283
2024-08-21 20:28:22,ETHUSDT,bid,2570,4730.283
2024-08-21 20:28:23,ETHUSDT,bid,2570,4719.048
2024-08-21 20:28:23,ETHUSDT,bid,2570,4719.048
2024-08-21 20:28:23,ETHUSDT,bid,2570,4719.068
2024-08-21 20:28:24,ETHUSDT,bid,2570,4719.048
2024-08-21 20:28:24,ETHUSDT,bid,2570,4719.048
2024-08-21 20:28:25,ETHUSDT,bid,2570,4730.283
2024-08-21 20:28:25,ETHUSDT,bid,2570,4719.048
2024-08-21 20:28:26,ETHUSDT,bid,2570,4730.283
2024-08-21 20:28:26,ETHUSDT,bid,2570,4719.048
2024-08-21 20:28:26,ETHUSDT,bid,2570,4719.145
2024-08-21 20:28:27,ETHUSDT,bid,2570,4730.38
2024-08-21 20:28:27,ETHUSDT,bid,2570,4719.145
2024-08-21 20:28:27,ETHUSDT,bid,2570,4719.058
2024-08-21 20:28:28,ETHUSDT,bid,2570,4719.058
2024-08-21 20:28:29,ETHUSDT,bid,2570,4730.293
2024-08-21 20:28:29,ETHUSDT,bid,2570,4719.058
2024-08-21 20:28:30,ETHUSDT,bid,2570,4730.293
2024-08-21 20:28:30,ETHUSDT,bid,2570,4719.058
2024-08-21 20:28:31,ETHUSDT,bid,2570,4714.178
2024-08-21 20:28:31,ETHUSDT,bid,2570,4714.178
2024-08-21 20:28:32,ETHUSDT,bid,2570,4714.178
2024-08-21 20:28:32,ETHUSDT,bid,2570,4714.178
2024-08-21 20:28:32,ETHUSDT,bid,2570,4714.178
2024-08-21 20:28:32,ETHUSDT,bid,2570,4714.178
2024-08-21 20:28:33,ETHUSDT,bid,2570,4714.178
2024-08-21 20:28:33,ETHUSDT,bid,2570,4725.413
2024-08-21 20:28:33,ETHUSDT,bid,2570,4714.178
2024-08-21 20:28:33,ETHUSDT,bid,2570,4714.178
2024-08-21 20:28:33,ETHUSDT,bid,2570,4714.178
2024-08-21 20:28:34,ETHUSDT,bid,2570,4714.178
2024-08-21 20:28:34,ETHUSDT,bid,2570,4714.178
2024-08-21 20:28:34,ETHUSDT,bid,2570,4714.178
2024-08-21 20:28:34,ETHUSDT,bid,2570,4714.178
2024-08-21 20:28:35,ETHUSDT,bid,2570,4714.178
2024-08-21 20:28:35,ETHUSDT,bid,2570,4714.178
2024-08-21 20:28:35,ETHUSDT,bid,2570,4714.178
2024-08-21 20:28:35,ETHUSDT,bid,2570,4714.178
2024-08-21 20:28:36,ETHUSDT,bid,2570,4714.178
2024-08-21 20:28:36,ETHUSDT,bid,2570,4714.178
2024-08-21 20:28:36,ETHUSDT,bid,2570,4714.178
2024-08-21 20:28:37,ETHUSDT,bid,2570,4714.178
2024-08-21 20:28:37,ETHUSDT,bid,2570,4700.964
2024-08-21 20:28:37,ETHUSDT,bid,2570,4700.964
2024-08-21 20:28:37,ETHUSDT,bid,2570,4700.964
2024-08-21 20:28:37,ETHUSDT,bid,2570,4700.964
2024-08-21 20:28:38,ETHUSDT,bid,2570,4700.964
2024-08-21 20:28:38,ETHUSDT,bid,2570,4700.964
2024-08-21 20:28:38,ETHUSDT,bid,2570,4700.964
2024-08-21 20:28:38,ETHUSDT,bid,2570,4700.641
2024-08-21 20:28:38,ETHUSDT,bid,2570,4700.688
2024-08-21 20:28:38,ETHUSDT,bid,2570,4701.27
2024-08-21 20:28:38,ETHUSDT,bid,2570,4707.09
2024-08-21 20:28:39,ETHUSDT,bid,2570,4706.508
2024-08-21 20:28:39,ETHUSDT,bid,2570,4711.903
2024-08-21 20:28:39,ETHUSDT,bid,2570,4700.668
2024-08-21 20:28:40,ETHUSDT,bid,2570,4700.668
2024-08-21 20:28:40,ETHUSDT,bid,2570,4702.065
2024-08-21 20:28:41,ETHUSDT,bid,2570,4702.065
2024-08-21 20:28:42,ETHUSDT,bid,2570,4702.065
2024-08-21 20:28:43,ETHUSDT,bid,2570,4702.285
2024-08-21 20:28:44,ETHUSDT,bid,2570,4713.52
2024-08-21 20:28:44,ETHUSDT,bid,2570,4702.285
2024-08-21 20:28:44,ETHUSDT,bid,2570,4702.285
2024-08-21 20:28:45,ETHUSDT,bid,2570,4702.065
2024-08-21 20:28:45,ETHUSDT,bid,2570,4700.668
2024-08-21 20:28:46,ETHUSDT,bid,2570,4711.903
2024-08-21 20:28:46,ETHUSDT,bid,2570,4700.668
2024-08-21 20:28:46,ETHUSDT,bid,2570,4700.688
2024-08-21 20:28:47,ETHUSDT,bid,2570,4700.688
2024-08-21 20:28:47,ETHUSDT,bid,2570,4700.688
2024-08-21 20:28:48,ETHUSDT,bid,2570,4703.007
2024-08-21 20:28:49,ETHUSDT,bid,2570,4700.658
2024-08-21 20:28:49,ETHUSDT,bid,2570,4700.658
2024-08-21 20:28:50,ETHUSDT,bid,2570,4701.24
2024-08-21 20:28:50,ETHUSDT,bid,2570,4712.475
2024-08-21 20:28:50,ETHUSDT,bid,2570,4701.24
2024-08-21 20:28:51,ETHUSDT,bid,2570,4701.24
2024-08-21 20:28:51,ETHUSDT,bid,2570,4700.658
2024-08-21 20:28:52,ETHUSDT,bid,2570,4700.678
2024-08-21 20:28:52,ETHUSDT,bid,2570,4700.678
2024-08-21 20:28:52,ETHUSDT,bid,2570,4700.678
2024-08-21 20:28:53,ETHUSDT,bid,2570,4700.678
2024-08-21 20:28:53,ETHUSDT,bid,2570,4700.697
2024-08-21 20:28:53,ETHUSDT,bid,2570,4700.677
2024-08-21 20:28:54,ETHUSDT,bid,2570,4711.912
2024-08-21 20:28:54,ETHUSDT,bid,2570,4700.677
2024-08-21 20:28:54,ETHUSDT,bid,2570,4700.658
2024-08-21 20:28:55,ETHUSDT,bid,2570,4711.893
2024-08-21 20:28:55,ETHUSDT,bid,2570,4700.658
2024-08-21 20:28:56,ETHUSDT,bid,2570,4700.658
2024-08-21 20:28:56,ETHUSDT,bid,2570,4716.166
2024-08-21 20:28:57,ETHUSDT,bid,2570,4727.401
2024-08-21 20:28:57,ETHUSDT,bid,2570,4716.166
2024-08-21 20:28:58,ETHUSDT,bid,2570,4700.658
2024-08-21 20:28:58,ETHUSDT,bid,2570,4700.658
2024-08-21 20:28:59,ETHUSDT,bid,2570,4700.658
2024-08-21 20:29:01,ETHUSDT,bid,2570,4701.046
2024-08-21 20:29:01,ETHUSDT,bid,2570,4701.046
2024-08-21 20:29:02,ETHUSDT,bid,2570,4700.658
2024-08-21 20:29:02,ETHUSDT,bid,2570,4711.893
2024-08-21 20:29:02,ETHUSDT,bid,2570,4700.658
2024-08-21 20:29:03,ETHUSDT,bid,2570,4707.451
2024-08-21 20:29:04,ETHUSDT,bid,2570,4718.886
2024-08-21 20:29:04,ETHUSDT,bid,2570,4707.651
2024-08-21 20:29:05,ETHUSDT,bid,2570,4700.858
2024-08-21 20:29:05,ETHUSDT,bid,2570,4700.858
2024-08-21 20:29:05,ETHUSDT,bid,2570,4700.858
2024-08-21 20:29:06,ETHUSDT,bid,2570,4712.102
2024-08-21 20:29:06,ETHUSDT,bid,2570,4700.867
2024-08-21 20:29:06,ETHUSDT,bid,2570,4714.451
2024-08-21 20:29:07,ETHUSDT,bid,2570,4700.867
2024-08-21 20:29:08,ETHUSDT,bid,2570,4700.867
2024-08-21 20:29:09,ETHUSDT,bid,2570,4700.867
2024-08-21 20:29:10,ETHUSDT,bid,2570,4700.867
2024-08-21 20:29:11,ETHUSDT,bid,2570,4712.102
2024-08-21 20:29:11,ETHUSDT,bid,2570,4700.867
2024-08-21 20:29:12,ETHUSDT,bid,2570,4700.867
2024-08-21 20:29:13,ETHUSDT,bid,2570,4700.867
2024-08-21 20:29:14,ETHUSDT,bid,2570,4700.867
2024-08-21 20:29:15,ETHUSDT,bid,2570,4700.867
2024-08-21 20:29:27,ETHUSDT,bid,2570,4701.367
2024-08-21 20:29:31,ETHUSDT,bid,2570,4703.698
2024-08-21 20:29:43,ETHUSDT,bid,2570,4704.085
2024-08-21 20:29:45,ETHUSDT,bid,2570,4703.698
2024-08-21 20:29:45,ETHUSDT,bid,2570,4827.97
2024-08-21 20:29:47,ETHUSDT,bid,2570,4704.61
2024-08-21 20:29:50,ETHUSDT,bid,2570,4704.222
2024-08-21 20:29:50,ETHUSDT,bid,2570,4703.834
2024-08-21 20:29:52,ETHUSDT,bid,2570,4722.356
2024-08-21 20:29:54,ETHUSDT,bid,2570,4722.176
2024-08-21 20:29:56,ETHUSDT,bid,2570,4722.292
2024-08-21 20:30:01,ETHUSDT,bid,2570,4722.156
2024-08-21 20:30:06,ETHUSDT,bid,2570,4729.467
2024-08-21 20:30:08,ETHUSDT,bid,2570,4722.156
2024-08-21 20:30:16,ETHUSDT,bid,2570,4749.311
2024-08-21 20:30:16,ETHUSDT,bid,2570,4760.294
2024-08-21 20:30:16,ETHUSDT,bid,2570,4733.139
2024-08-21 20:30:17,ETHUSDT,bid,2570,4729.441
2024-08-21 20:30:17,ETHUSDT,bid,2570,4722.156
2024-08-21 20:30:18,ETHUSDT,bid,2570,4722.746
2024-08-21 20:30:25,ETHUSDT,bid,2570,4728.55
2024-08-21 20:30:25,ETHUSDT,bid,2570,4722.746
2024-08-21 20:30:26,ETHUSDT,bid,2570,4704.224
2024-08-21 20:30:28,ETHUSDT,bid,2570,4704.224
2024-08-21 20:30:35,ETHUSDT,bid,2570,4704.294
2024-08-21 20:30:36,ETHUSDT,bid,2570,4704.722
2024-08-21 20:30:36,ETHUSDT,bid,2570,4704.916
2024-08-21 20:30:40,ETHUSDT,bid,2570,4729.46
2024-08-21 20:30:41,ETHUSDT,bid,2570,4729.596
2024-08-21 20:30:42,ETHUSDT,bid,2570,4729.46
2024-08-21 20:30:43,ETHUSDT,bid,2570,4728.87
2024-08-21 20:30:45,ETHUSDT,bid,2570,4728.87
2024-08-21 20:30:53,ETHUSDT,bid,2570,4728.906
2024-08-21 20:31:00,ETHUSDT,bid,2570,4728.929
2024-08-21 20:31:03,ETHUSDT,bid,2570,4853.201
2024-08-21 20:31:04,ETHUSDT,bid,2570,4728.929
2024-08-21 20:31:11,ETHUSDT,bid,2570,4729.159
2024-08-21 20:31:12,ETHUSDT,bid,2570,4726.828
2024-08-21 20:31:15,ETHUSDT,bid,2570,4726.45
2024-08-21 20:31:24,ETHUSDT,bid,2570,4726.022
2024-08-21 20:31:30,ETHUSDT,bid,2570,4726.177
2024-08-21 20:31:32,ETHUSDT,bid,2570,4726.177
2024-08-21 20:31:38,ETHUSDT,bid,2570,4725.947
2024-08-21 20:31:55,ETHUSDT,bid,2570,4727.48
2024-08-21 20:31:56,ETHUSDT,bid,2570,4727.48
2024-08-21 20:31:58,ETHUSDT,bid,2570,4732.785
2024-08-21 20:32:01,ETHUSDT,bid,2570,4726.257
2024-08-21 20:32:01,ETHUSDT,bid,2570,4727.857
2024-08-21 20:32:01,ETHUSDT,bid,2570,4727.857
2024-08-21 20:32:02,ETHUSDT,bid,2570,4751.476
2024-08-21 20:32:03,ETHUSDT,bid,2570,4749.403
2024-08-21 20:32:03,ETHUSDT,bid,2570,4749.203
2024-08-21 20:32:05,ETHUSDT,bid,2570,4011.522
2024-08-21 20:32:05,ETHUSDT,bid,2570,4020.536
2024-08-21 20:32:05,ETHUSDT,bid,2570,4014.411
2024-08-21 14:13:31,ETHUSDT,ask,2600,4281.73
2024-08-21 14:13:31,ETHUSDT,ask,2600,4281.73
2024-08-21 14:13:32,ETHUSDT,ask,2600,4292.965
2024-08-21 14:13:32,ETHUSDT,ask,2600,4281.73
2024-08-21 14:13:33,ETHUSDT,ask,2600,4281.73
2024-08-21 14:13:35,ETHUSDT,ask,2600,4281.73
2024-08-21 14:13:36,ETHUSDT,ask,2600,4292.965
2024-08-21 14:13:36,ETHUSDT,ask,2600,4281.73
2024-08-21 14:13:37,ETHUSDT,ask,2600,4281.73
2024-08-21 14:13:37,ETHUSDT,ask,2600,3893.184
2024-08-21 14:13:39,ETHUSDT,ask,2600,3892.547
2024-08-21 14:13:39,ETHUSDT,ask,2600,4293.183
2024-08-21 14:13:39,ETHUSDT,ask,2600,4282.528
2024-08-21 14:13:39,ETHUSDT,ask,2600,4284.967
2024-08-21 14:13:40,ETHUSDT,ask,2600,4284.929
2024-08-21 14:13:41,ETHUSDT,ask,2600,4284.929
2024-08-21 14:13:42,ETHUSDT,ask,2600,4296.044
2024-08-21 14:13:42,ETHUSDT,ask,2600,4284.809
2024-08-21 14:13:43,ETHUSDT,ask,2600,4284.809
2024-08-21 14:13:44,ETHUSDT,ask,2600,4285.001
2024-08-21 20:50:44,ETHUSDT,ask,2600,10743.405
2024-08-21 21:02:14,ETHUSDT,bid,2590,5021.611
2024-08-21 21:02:15,ETHUSDT,bid,2590,5009.922
2024-08-21 21:02:16,ETHUSDT,bid,2590,5009.802
2024-08-21 21:02:17,ETHUSDT,bid,2590,5010.002
2024-08-21 21:02:18,ETHUSDT,bid,2590,5012.001
2024-08-21 21:02:19,ETHUSDT,bid,2590,5024.039
2024-08-21 21:02:23,ETHUSDT,bid,2590,5025.993
2024-08-21 21:02:26,ETHUSDT,bid,2590,5031.379
2024-08-21 21:02:28,ETHUSDT,bid,2590,5021.835
2024-08-21 21:02:31,ETHUSDT,bid,2590,5019.733
2024-08-21 21:02:34,ETHUSDT,bid,2590,5019.753
2024-08-21 21:02:38,ETHUSDT,bid,2590,5029.733
2024-08-21 21:02:42,ETHUSDT,bid,2590,5029.347
2024-08-21 21:02:44,ETHUSDT,bid,2590,5029.678
2024-08-21 21:02:45,ETHUSDT,bid,2590,5042.11
2024-08-21 21:02:45,ETHUSDT,bid,2590,5042.123
2024-08-21 21:02:45,ETHUSDT,bid,2590,5042.176
2024-08-21 21:02:46,ETHUSDT,bid,2590,5044.176
2024-08-21 21:02:46,ETHUSDT,bid,2590,5035.888
2024-08-21 21:02:46,ETHUSDT,bid,2590,5033.816
2024-08-21 21:02:46,ETHUSDT,bid,2590,5031.744
2024-08-21 21:02:48,ETHUSDT,bid,2590,5031.772
2024-08-21 21:05:25,ETHUSDT,bid,2600,4587.915
2024-08-21 21:05:26,ETHUSDT,bid,2600,4587.915
2024-08-21 21:05:26,ETHUSDT,bid,2600,4582.514
2024-08-21 21:05:27,ETHUSDT,bid,2600,4593.749
2024-08-21 21:05:27,ETHUSDT,bid,2600,4582.514
2024-08-21 21:05:28,ETHUSDT,bid,2600,4587.751
2024-08-21 21:05:30,ETHUSDT,bid,2600,4593.383
2024-08-21 21:05:30,ETHUSDT,bid,2600,4590.383
2024-08-21 21:05:30,ETHUSDT,bid,2600,4594.079
2024-08-21 21:05:31,ETHUSDT,bid,2600,4586.546
2024-08-21 21:05:32,ETHUSDT,bid,2600,4586.646
2024-08-21 21:05:32,ETHUSDT,bid,2600,4598.043
2024-08-21 21:05:33,ETHUSDT,bid,2600,4598.038
2024-08-21 21:05:33,ETHUSDT,bid,2600,4798.533
2024-08-21 21:05:33,ETHUSDT,bid,2600,4798.825
2024-08-21 21:05:34,ETHUSDT,bid,2600,4798.925
2024-08-21 21:05:34,ETHUSDT,bid,2600,4787.834
2024-08-21 21:05:35,ETHUSDT,bid,2600,4790.594
2024-08-21 21:05:35,ETHUSDT,bid,2600,4787.834
2024-08-21 21:05:37,ETHUSDT,bid,2600,4789.276
2024-08-21 21:05:37,ETHUSDT,bid,2600,4788.134
2024-08-21 21:05:38,ETHUSDT,bid,2600,4811.696
2024-08-21 21:05:38,ETHUSDT,bid,2600,4811.496
2024-08-21 21:05:39,ETHUSDT,bid,2600,4811.496
2024-08-21 21:05:39,ETHUSDT,bid,2600,4812.384
2024-08-21 21:05:39,ETHUSDT,bid,2600,4789.766
2024-08-21 21:05:40,ETHUSDT,bid,2600,4796.166
2024-08-21 21:05:40,ETHUSDT,bid,2600,4796.156
2024-08-21 21:05:41,ETHUSDT,bid,2600,4796.206
2024-08-21 21:05:41,ETHUSDT,bid,2600,4796.156
2024-08-21 21:05:42,ETHUSDT,bid,2600,4795.576
2024-08-21 21:05:42,ETHUSDT,bid,2600,4795.663
2024-08-21 21:05:42,ETHUSDT,bid,2600,4796.523
2024-08-21 21:05:43,ETHUSDT,bid,2600,4795.663
2024-08-21 21:05:43,ETHUSDT,bid,2600,4795.576
2024-08-21 21:05:44,ETHUSDT,bid,2600,4798.481
2024-08-21 21:05:45,ETHUSDT,bid,2600,4799.816
2024-08-21 21:05:45,ETHUSDT,bid,2600,4799.854
2024-08-21 21:05:45,ETHUSDT,bid,2600,4797.14
2024-08-21 21:05:46,ETHUSDT,bid,2600,4799.261
2024-08-21 21:05:46,ETHUSDT,bid,2600,4799.389
2024-08-21 21:05:48,ETHUSDT,bid,2600,4799.59
2024-08-21 21:05:48,ETHUSDT,bid,2600,4797.628
2024-08-21 21:05:49,ETHUSDT,bid,2600,4819.745
2024-08-21 21:05:49,ETHUSDT,bid,2600,4809.246
2024-08-21 21:05:50,ETHUSDT,bid,2600,4809.246
2024-08-21 21:05:50,ETHUSDT,bid,2600,4797.799
