2024-09-11 16:24:44,BTCUSDT,ask,56500,1000.07
2024-09-11 16:24:50,BTCUSDT,ask,56500,1000.02
2024-09-11 16:28:48,BTCUSDT,ask,56500,1000.054
2024-09-11 16:28:49,BTCUSDT,ask,56500,1000.041
2024-09-11 16:32:22,BTCUSDT,bid,56500,1000.03
2024-09-11 16:32:31,BTCUSDT,bid,56500,1000.07
2024-09-11 16:32:31,BTCUSDT,bid,56500,1000.03
2024-09-11 17:00:38,BTCUSDT,bid,56600,1001.834
2024-09-11 17:00:39,BTCUSDT,bid,56600,1003.6
2024-09-11 17:00:45,BTCUSDT,bid,56600,1003.473
2024-09-11 17:00:49,BTCUSDT,bid,56600,1001.707
2024-09-11 17:00:51,BTCUSDT,bid,56600,600.107
2024-09-11 17:00:52,BTCUSDT,bid,56600,600.143
2024-09-11 17:00:54,BTCUSDT,bid,56600,600.168
2024-09-11 16:25:06,BTCUSDT,bid,56400,1000.052
2024-09-11 16:25:44,BTCUSDT,ask,56400,1000.012
2024-09-11 16:26:01,BTCUSDT,ask,56400,1000.116
2024-09-11 16:26:07,BTCUSDT,ask,56400,1000.106
2024-09-11 16:27:13,BTCUSDT,bid,56400,1000.004
2024-09-11 16:27:26,BTCUSDT,bid,56400,1000.044
2024-09-11 16:27:26,BTCUSDT,bid,56400,1000.004
2024-09-11 16:27:33,BTCUSDT,bid,56400,1000.098
2024-09-11 16:27:54,BTCUSDT,bid,56400,1000.12
2024-09-11 16:27:55,BTCUSDT,bid,56400,1000.201
2024-09-11 16:28:31,BTCUSDT,ask,56400,1001.335
2024-09-11 16:28:31,BTCUSDT,ask,56400,1000.653
2024-09-11 16:28:32,BTCUSDT,ask,56400,1000.582
2024-09-11 16:28:32,BTCUSDT,ask,56400,1000.44
2024-09-11 16:28:33,BTCUSDT,ask,56400,1000.44
2024-09-11 16:28:34,BTCUSDT,ask,56400,1000.23
2024-09-11 16:28:35,BTCUSDT,ask,56400,1000.212
2024-09-11 16:28:36,BTCUSDT,ask,56400,1000.275
2024-09-11 17:36:08,BTCUSDT,ask,56500,1000.078
2024-09-11 17:36:08,BTCUSDT,ask,56500,1000.113
2024-09-11 17:36:08,BTCUSDT,ask,56500,1000.116
2024-09-11 17:36:09,BTCUSDT,ask,56500,1000.118
2024-09-11 17:36:09,BTCUSDT,ask,56500,1000.115
2024-09-11 17:36:34,BTCUSDT,ask,56500,1000.055
2024-09-11 17:41:49,BTCUSDT,ask,56500,1000.609
2024-09-11 17:41:52,BTCUSDT,ask,56500,1000.607
2024-09-11 17:42:02,BTCUSDT,ask,56500,1000.927
2024-09-11 17:42:02,BTCUSDT,ask,56500,1000.544
2024-09-11 17:42:10,BTCUSDT,ask,56500,700.138
2024-09-11 17:45:02,BTCUSDT,ask,56400,1001.172
2024-09-11 17:45:02,BTCUSDT,ask,56400,1001.208
2024-09-11 17:45:02,BTCUSDT,ask,56400,1001.216
2024-09-11 17:45:09,BTCUSDT,ask,56400,700.368
2024-09-11 17:45:09,BTCUSDT,ask,56400,1001.143
2024-09-11 17:45:10,BTCUSDT,ask,56400,700.281
2024-09-11 17:45:11,BTCUSDT,ask,56400,700.228
2024-09-11 17:45:11,BTCUSDT,ask,56400,1001.211
2024-09-11 17:45:16,BTCUSDT,ask,56400,1001.035
2024-09-11 17:45:17,BTCUSDT,ask,56400,700.166
2024-09-11 17:45:17,BTCUSDT,ask,56400,700.202
2024-09-11 17:45:21,BTCUSDT,ask,56400,700.086
2024-09-11 17:45:23,BTCUSDT,ask,56400,700.08
2024-09-11 17:45:27,BTCUSDT,ask,56400,1001.035
2024-09-11 17:45:27,BTCUSDT,ask,56400,1001.028
2024-09-11 17:45:27,BTCUSDT,ask,56400,1001.038
2024-09-11 17:45:28,BTCUSDT,ask,56400,700.09
2024-09-11 17:45:29,BTCUSDT,ask,56400,1000.03
2024-09-11 17:45:29,BTCUSDT,ask,56400,1000.171
2024-09-11 17:45:29,BTCUSDT,ask,56400,1000.078
2024-09-11 17:45:30,BTCUSDT,ask,56400,1000.068
2024-09-11 17:45:30,BTCUSDT,ask,56400,700.079
2024-09-11 17:45:31,BTCUSDT,ask,56400,1000.082
2024-09-11 17:45:33,BTCUSDT,ask,56400,1000.034
2024-09-11 17:45:33,BTCUSDT,ask,56400,1000.044
2024-09-11 17:45:34,BTCUSDT,ask,56400,700.089
2024-09-11 17:45:35,BTCUSDT,ask,56400,1000.149
2024-09-11 17:45:35,BTCUSDT,ask,56400,1000.149
2024-09-11 17:45:39,BTCUSDT,ask,56400,1000.157
2024-09-11 17:45:39,BTCUSDT,ask,56400,1000.149
2024-09-11 17:45:41,BTCUSDT,ask,56400,1000.139
2024-09-11 17:45:41,BTCUSDT,ask,56400,700.079
2024-09-11 17:45:41,BTCUSDT,ask,56400,700.032
2024-09-11 17:45:42,BTCUSDT,ask,56400,700.054
2024-09-11 17:45:42,BTCUSDT,ask,56400,700.064
2024-09-11 17:46:01,BTCUSDT,ask,56500,1000.02
2024-09-11 17:46:03,BTCUSDT,ask,56500,1000.103
2024-09-11 17:46:03,BTCUSDT,ask,56500,1000.103
2024-09-11 17:46:03,BTCUSDT,ask,56500,1000.01
2024-09-11 17:32:07,BTCUSDT,ask,56600,1000.996
2024-09-11 17:32:09,BTCUSDT,ask,56600,1000.821
2024-09-11 17:32:10,BTCUSDT,ask,56600,1000.819
2024-09-11 17:32:15,BTCUSDT,ask,56600,1000.873
2024-09-11 17:32:17,BTCUSDT,ask,56600,600.028
2024-09-11 17:32:18,BTCUSDT,ask,56600,600.12
2024-09-11 17:32:20,BTCUSDT,ask,56600,600.029
2024-09-11 17:32:20,BTCUSDT,ask,56600,1000.855
2024-09-11 18:04:22,BTCUSDT,ask,56600,1001.736
2024-09-11 18:04:23,BTCUSDT,ask,56600,1001.817
2024-09-11 18:04:36,BTCUSDT,ask,56600,1001.367
2024-09-11 18:04:43,BTCUSDT,ask,56600,1001.417
