2024-08-25 23:16:39,ETHUSDT,bid,2760,3830.615
2024-08-25 23:16:39,ETHUSDT,bid,2760,3830.253
2024-08-25 23:16:42,ETHUSDT,bid,2760,3836.172
2024-08-25 23:16:46,ETHUSDT,bid,2760,3809.183
2024-08-25 23:16:46,ETHUSDT,bid,2760,3811.017
2024-08-25 23:16:47,ETHUSDT,bid,2760,3826.078
2024-08-25 23:16:48,ETHUSDT,bid,2760,3824.244
2024-08-25 23:16:49,ETHUSDT,bid,2760,3809.183
2024-08-25 23:16:51,ETHUSDT,bid,2760,3809.726
2024-08-25 23:16:52,ETHUSDT,bid,2760,3810.276
2024-08-25 23:16:57,ETHUSDT,bid,2760,3810.386
2024-08-25 23:17:10,ETHUSDT,bid,2760,3810.414
2024-08-25 23:17:11,ETHUSDT,bid,2760,3812.248
2024-08-25 23:17:12,ETHUSDT,bid,2760,3820.928
2024-08-25 23:17:12,ETHUSDT,bid,2760,3819.094
2024-08-25 23:17:13,ETHUSDT,bid,2760,3819.114
2024-08-25 23:17:13,ETHUSDT,bid,2760,3819.114
2024-08-25 23:17:13,ETHUSDT,bid,2760,3819.114
2024-08-25 23:17:14,ETHUSDT,bid,2760,3819.114
2024-08-25 23:17:14,ETHUSDT,bid,2760,3819.114
2024-08-25 23:17:14,ETHUSDT,bid,2760,3819.114
2024-08-25 23:17:14,ETHUSDT,bid,2760,3819.114
2024-08-25 23:17:15,ETHUSDT,bid,2760,3819.094
2024-08-25 23:17:19,ETHUSDT,bid,2760,3818.984
2024-08-25 23:17:19,ETHUSDT,bid,2760,3824.406
2024-08-25 23:17:21,ETHUSDT,bid,2760,3823.007
2024-08-25 23:17:21,ETHUSDT,bid,2760,3839.075
2024-08-25 23:17:22,ETHUSDT,bid,2760,3837.267
2024-08-25 23:17:22,ETHUSDT,bid,2760,3832.821
2024-08-25 23:17:23,ETHUSDT,bid,2760,3807.821
2024-08-25 23:17:25,ETHUSDT,bid,2760,3809.421
2024-08-25 23:17:25,ETHUSDT,bid,2760,3820.484
2024-08-25 23:17:27,ETHUSDT,bid,2760,3823.789
2024-08-25 23:17:28,ETHUSDT,bid,2760,3824.189
2024-08-25 23:17:29,ETHUSDT,bid,2760,3823.789
2024-08-25 23:17:29,ETHUSDT,bid,2760,3823.803
2024-08-25 23:17:30,ETHUSDT,bid,2760,3808.197
2024-08-25 23:17:32,ETHUSDT,bid,2760,3811.271
2024-08-25 23:17:33,ETHUSDT,bid,2760,3807.835
2024-08-25 23:17:35,ETHUSDT,bid,2760,3807.825
2024-08-25 23:17:37,ETHUSDT,bid,2760,3807.17
2024-08-25 23:17:37,ETHUSDT,bid,2760,3806.52
2024-08-25 23:17:40,ETHUSDT,bid,2760,3794.655
2024-08-25 23:17:41,ETHUSDT,bid,2760,3794.663
2024-08-25 23:17:41,ETHUSDT,bid,2760,3795.13
2024-08-25 23:17:41,ETHUSDT,bid,2760,3779.342
