2024-09-08 12:04:26,SOLUSDT,bid,128,8175.0
2024-09-08 12:04:31,SOLUSDT,bid,128,7817.0
2024-09-08 12:05:15,SOLUSDT,bid,128,7818.0
2024-09-08 12:05:15,SOLUSDT,bid,128,8176.0
2024-09-08 12:05:15,SOLUSDT,bid,128,8216.0
2024-09-08 12:05:15,SOLUSDT,bid,128,7820.0
2024-09-08 12:05:26,SOLUSDT,bid,128,8217.0
2024-09-08 12:05:27,SOLUSDT,bid,128,8216.0
2024-09-08 12:05:37,SOLUSDT,bid,128,8177.0
2024-09-08 12:05:37,SOLUSDT,bid,128,7846.0
2024-09-08 12:05:37,SOLUSDT,bid,128,7844.0
2024-09-08 12:05:51,SOLUSDT,bid,128,7841.0
2024-09-08 12:05:55,SOLUSDT,bid,128,7864.0
2024-09-08 12:05:55,SOLUSDT,bid,128,7864.0
2024-09-08 12:05:58,SOLUSDT,bid,128,7882.0
2024-09-08 12:05:59,SOLUSDT,bid,128,7897.0
2024-09-08 12:05:59,SOLUSDT,bid,128,7882.0
2024-09-08 12:06:09,SOLUSDT,bid,128,7864.0
2024-09-08 12:06:09,SOLUSDT,bid,128,7865.0
2024-09-08 12:06:13,SOLUSDT,bid,128,7864.0
2024-09-08 12:06:13,SOLUSDT,bid,128,7865.0
2024-09-08 12:06:17,SOLUSDT,bid,128,7864.0
2024-09-08 12:06:17,SOLUSDT,bid,128,7865.0
2024-09-08 12:06:24,SOLUSDT,bid,128,7864.0
2024-09-08 12:06:24,SOLUSDT,bid,128,7865.0
2024-09-08 12:06:27,SOLUSDT,bid,128,7864.0
2024-09-08 12:06:27,SOLUSDT,bid,128,7880.0
2024-09-08 12:06:27,SOLUSDT,bid,128,8176.0
2024-09-08 12:06:31,SOLUSDT,bid,128,8494.0
2024-09-08 12:06:31,SOLUSDT,bid,128,8177.0
2024-09-08 12:06:34,SOLUSDT,bid,128,8177.0
2024-09-08 12:06:38,SOLUSDT,bid,128,8176.0
2024-09-08 12:06:38,SOLUSDT,bid,128,8192.0
2024-09-08 12:06:38,SOLUSDT,bid,128,8059.0
2024-09-08 12:06:38,SOLUSDT,bid,128,8059.0
2024-09-08 12:06:41,SOLUSDT,bid,128,8066.0
2024-09-08 12:06:41,SOLUSDT,bid,128,8066.0
2024-09-08 12:06:41,SOLUSDT,bid,128,8059.0
2024-09-08 12:06:41,SOLUSDT,bid,128,8059.0
2024-09-08 12:06:41,SOLUSDT,bid,128,8059.0
2024-09-08 12:06:42,SOLUSDT,bid,128,8176.0
2024-09-08 12:06:42,SOLUSDT,bid,128,7818.0
2024-09-08 12:06:42,SOLUSDT,bid,128,8192.0
2024-09-08 12:06:42,SOLUSDT,bid,128,7834.0
2024-09-08 12:06:42,SOLUSDT,bid,128,7834.0
2024-09-08 12:06:42,SOLUSDT,bid,128,7841.0
2024-09-08 12:06:44,SOLUSDT,bid,128,7834.0
2024-09-08 12:06:44,SOLUSDT,bid,128,7870.0
2024-09-08 12:06:44,SOLUSDT,bid,128,7834.0
2024-09-08 12:06:45,SOLUSDT,bid,128,7834.0
2024-09-08 12:06:45,SOLUSDT,bid,128,7837.0
2024-09-08 12:06:48,SOLUSDT,bid,128,8431.0
2024-09-08 12:06:48,SOLUSDT,bid,128,8431.0
2024-09-08 12:06:48,SOLUSDT,bid,128,7821.0
2024-09-08 12:06:48,SOLUSDT,bid,128,7822.0
2024-09-08 12:06:48,SOLUSDT,bid,128,8176.0
2024-09-08 12:06:48,SOLUSDT,bid,128,7819.0
2024-09-08 12:06:48,SOLUSDT,bid,128,8175.0
2024-09-08 12:06:49,SOLUSDT,bid,128,8179.0
2024-09-08 12:06:53,SOLUSDT,bid,128,8177.0
2024-09-08 12:07:00,SOLUSDT,bid,128,8203.0
2024-09-08 12:07:00,SOLUSDT,bid,128,7840.0
2024-09-08 12:07:00,SOLUSDT,bid,128,8224.0
2024-09-08 12:07:12,SOLUSDT,bid,128,7816.0
2024-09-08 12:07:34,SOLUSDT,bid,128,7825.0
2024-09-08 12:07:34,SOLUSDT,bid,128,8249.0
2024-09-08 12:07:40,SOLUSDT,bid,128,8256.0
2024-09-08 12:07:40,SOLUSDT,bid,128,8247.0
2024-09-08 12:07:40,SOLUSDT,bid,128,7816.0
2024-09-08 12:07:40,SOLUSDT,bid,128,7825.0
2024-09-08 12:07:40,SOLUSDT,bid,128,9032.0
2024-09-08 12:07:40,SOLUSDT,bid,128,7825.0
2024-09-08 12:08:01,SOLUSDT,bid,128,7854.0
2024-09-08 12:08:05,SOLUSDT,bid,128,7852.0
2024-09-08 12:08:12,SOLUSDT,bid,128,7870.0
2024-09-08 12:08:15,SOLUSDT,bid,128,7871.0
2024-09-08 12:08:15,SOLUSDT,bid,128,8485.0
2024-09-08 12:08:16,SOLUSDT,bid,128,7871.0
2024-09-08 12:08:23,SOLUSDT,bid,128,7872.0
2024-09-08 12:08:26,SOLUSDT,bid,128,7871.0
2024-09-08 12:08:30,SOLUSDT,bid,128,7905.0
2024-09-08 12:08:34,SOLUSDT,bid,128,8251.0
2024-09-08 12:08:41,SOLUSDT,bid,128,7871.0
2024-09-08 12:08:48,SOLUSDT,bid,128,7878.0
2024-09-08 12:08:48,SOLUSDT,bid,128,7871.0
2024-09-08 12:08:55,SOLUSDT,bid,128,8253.0
2024-09-08 12:08:55,SOLUSDT,bid,128,7873.0
2024-09-08 12:08:58,SOLUSDT,bid,128,7888.0
2024-09-08 12:08:58,SOLUSDT,bid,128,7873.0
2024-09-08 12:09:02,SOLUSDT,bid,128,8251.0
2024-09-08 12:09:25,SOLUSDT,bid,128,7875.0
2024-09-08 12:09:25,SOLUSDT,bid,128,8230.0
2024-09-08 12:09:25,SOLUSDT,bid,128,7873.0
2024-09-08 12:09:25,SOLUSDT,bid,128,7874.0
2024-09-08 12:09:25,SOLUSDT,bid,128,8207.0
2024-09-08 12:09:25,SOLUSDT,bid,128,7875.0
2024-09-08 12:09:26,SOLUSDT,bid,128,7873.0
2024-09-08 12:09:26,SOLUSDT,bid,128,7872.0
2024-09-08 12:09:26,SOLUSDT,bid,128,7873.0
2024-09-08 12:09:27,SOLUSDT,bid,128,7873.0
2024-09-08 12:09:27,SOLUSDT,bid,128,7897.0
2024-09-08 12:09:28,SOLUSDT,bid,128,7897.0
2024-09-08 12:09:28,SOLUSDT,bid,128,7918.0
2024-09-08 12:09:28,SOLUSDT,bid,128,7920.0
2024-09-08 12:09:29,SOLUSDT,bid,128,7919.0
2024-09-08 12:09:29,SOLUSDT,bid,128,8619.0
2024-09-08 12:09:30,SOLUSDT,bid,128,8626.0
2024-09-08 12:09:30,SOLUSDT,bid,128,7917.0
2024-09-08 12:09:32,SOLUSDT,bid,128,7899.0
2024-09-08 12:09:35,SOLUSDT,bid,128,8619.0
2024-09-08 12:09:35,SOLUSDT,bid,128,7900.0
2024-09-08 12:09:36,SOLUSDT,bid,128,8619.0
2024-09-08 12:09:37,SOLUSDT,bid,128,7899.0
2024-09-08 12:09:41,SOLUSDT,bid,128,8207.0
2024-09-08 12:09:42,SOLUSDT,bid,128,8208.0
2024-09-08 12:09:45,SOLUSDT,bid,128,7900.0
2024-09-08 12:09:47,SOLUSDT,bid,128,7899.0
2024-09-08 12:09:48,SOLUSDT,bid,128,8182.0
2024-09-08 12:09:56,SOLUSDT,bid,128,7900.0
2024-09-08 12:09:57,SOLUSDT,bid,128,7899.0
2024-09-08 12:10:09,SOLUSDT,bid,128,7906.0
2024-09-08 12:10:09,SOLUSDT,bid,128,7899.0
2024-09-08 12:10:09,SOLUSDT,bid,128,7878.0
2024-09-08 12:10:10,SOLUSDT,bid,128,7879.0
2024-09-08 12:10:10,SOLUSDT,bid,128,7855.0
2024-09-08 12:10:12,SOLUSDT,bid,128,7854.0
2024-09-08 12:10:17,SOLUSDT,bid,128,7869.0
2024-09-08 12:10:17,SOLUSDT,bid,128,7854.0
2024-09-08 12:10:17,SOLUSDT,bid,128,7879.0
2024-09-08 12:10:17,SOLUSDT,bid,128,7904.0
2024-09-08 12:10:20,SOLUSDT,bid,128,8203.0
2024-09-08 12:10:20,SOLUSDT,bid,128,8182.0
2024-09-08 12:10:24,SOLUSDT,bid,128,7905.0
2024-09-08 12:10:35,SOLUSDT,bid,128,7904.0
2024-09-08 12:10:41,SOLUSDT,bid,128,7905.0
2024-09-08 12:10:43,SOLUSDT,bid,128,7878.0
2024-09-08 12:10:44,SOLUSDT,bid,128,7893.0
2024-09-08 12:10:47,SOLUSDT,bid,128,7878.0
2024-09-08 12:10:56,SOLUSDT,bid,128,7878.0
2024-09-08 12:11:25,SOLUSDT,bid,128,8181.0
2024-09-08 12:11:32,SOLUSDT,bid,128,7876.0
2024-09-08 12:11:33,SOLUSDT,bid,128,8180.0
2024-09-08 12:11:36,SOLUSDT,bid,128,7941.0
2024-09-08 12:11:41,SOLUSDT,bid,128,7877.0
2024-09-08 12:11:53,SOLUSDT,bid,128,7869.0
2024-09-08 12:11:53,SOLUSDT,bid,128,7962.0
2024-09-08 12:11:53,SOLUSDT,bid,128,7869.0
2024-09-08 12:11:53,SOLUSDT,bid,128,7941.0
2024-09-08 12:11:53,SOLUSDT,bid,128,7868.0
2024-09-08 12:12:14,SOLUSDT,bid,128,7867.0
2024-09-08 12:12:20,SOLUSDT,bid,128,7868.0
2024-09-08 12:12:30,SOLUSDT,bid,128,7867.0
2024-09-08 12:12:30,SOLUSDT,bid,128,7868.0
2024-09-08 12:12:31,SOLUSDT,bid,128,7867.0
2024-09-08 12:12:35,SOLUSDT,bid,128,7936.0
2024-09-08 12:12:54,SOLUSDT,bid,128,7935.0
2024-09-08 12:12:54,SOLUSDT,bid,128,7866.0
2024-09-08 12:13:02,SOLUSDT,bid,128,7936.0
2024-09-08 12:13:03,SOLUSDT,bid,128,7936.0
2024-09-08 12:13:03,SOLUSDT,bid,128,7949.0
2024-09-08 12:13:03,SOLUSDT,bid,128,7960.0
2024-09-08 12:13:08,SOLUSDT,bid,128,7967.0
2024-09-08 12:13:11,SOLUSDT,bid,128,7954.0
2024-09-08 12:13:11,SOLUSDT,bid,128,7866.0
2024-09-08 12:13:11,SOLUSDT,bid,128,8192.0
2024-09-08 12:13:12,SOLUSDT,bid,128,8185.0
2024-09-08 12:13:12,SOLUSDT,bid,128,7871.0
2024-09-08 12:13:12,SOLUSDT,bid,128,7873.0
2024-09-08 12:13:13,SOLUSDT,bid,128,7874.0
2024-09-08 12:13:13,SOLUSDT,bid,128,7877.0
2024-09-08 12:13:14,SOLUSDT,bid,128,7876.0
2024-09-08 12:13:15,SOLUSDT,bid,128,7877.0
2024-09-08 12:13:16,SOLUSDT,bid,128,7876.0
2024-09-08 12:13:18,SOLUSDT,bid,128,8174.0
2024-09-08 12:13:18,SOLUSDT,bid,128,7936.0
2024-09-08 12:13:18,SOLUSDT,bid,128,7821.0
2024-09-08 12:13:19,SOLUSDT,bid,128,7819.0
2024-09-08 12:13:24,SOLUSDT,bid,128,7819.0
2024-09-08 12:13:25,SOLUSDT,bid,128,7820.0
2024-09-08 12:13:25,SOLUSDT,bid,128,7821.0
2024-09-08 12:13:28,SOLUSDT,bid,128,7820.0
2024-09-08 12:13:28,SOLUSDT,bid,128,8187.0
2024-09-08 12:13:28,SOLUSDT,bid,128,7840.0
2024-09-08 12:13:30,SOLUSDT,bid,128,7841.0
2024-09-08 12:13:30,SOLUSDT,bid,128,7936.0
2024-09-08 12:13:31,SOLUSDT,bid,128,7840.0
2024-09-08 12:13:32,SOLUSDT,bid,128,7819.0
2024-09-08 12:13:44,SOLUSDT,bid,128,8015.0
2024-09-08 12:13:45,SOLUSDT,bid,128,8014.0
2024-09-08 12:13:45,SOLUSDT,bid,128,8025.0
2024-09-08 12:13:57,SOLUSDT,bid,128,8026.0
2024-09-08 12:14:21,SOLUSDT,bid,128,8071.0
2024-09-08 12:14:31,SOLUSDT,bid,128,8070.0
2024-09-08 12:14:31,SOLUSDT,bid,128,8025.0
2024-09-08 12:14:32,SOLUSDT,bid,128,8027.0
2024-09-08 12:14:32,SOLUSDT,bid,128,7818.0
2024-09-08 12:14:36,SOLUSDT,bid,128,7949.0
2024-09-08 12:15:21,SOLUSDT,bid,128,7819.0
2024-09-08 12:15:30,SOLUSDT,bid,128,7820.0
2024-09-08 12:15:30,SOLUSDT,bid,128,7950.0
2024-09-08 12:15:30,SOLUSDT,bid,128,7821.0
2024-09-08 12:15:35,SOLUSDT,bid,128,7951.0
2024-09-08 12:15:36,SOLUSDT,bid,128,7940.0
2024-09-08 12:15:36,SOLUSDT,bid,128,7938.0
2024-09-08 12:15:36,SOLUSDT,bid,128,7819.0
2024-09-08 12:15:37,SOLUSDT,bid,128,7852.0
2024-09-08 12:15:38,SOLUSDT,bid,128,7867.0
2024-09-08 12:15:38,SOLUSDT,bid,128,7852.0
2024-09-08 12:16:13,SOLUSDT,bid,128,7819.0
2024-09-08 12:16:13,SOLUSDT,bid,128,7951.0
2024-09-08 12:16:16,SOLUSDT,bid,128,8363.0
2024-09-08 12:16:25,SOLUSDT,bid,128,7951.0
2024-09-08 12:16:28,SOLUSDT,bid,128,7938.0
2024-09-08 12:16:28,SOLUSDT,bid,128,7832.0
2024-09-08 12:16:44,SOLUSDT,bid,128,7819.0
2024-09-08 12:16:44,SOLUSDT,bid,128,7937.0
2024-09-08 12:16:45,SOLUSDT,bid,128,7961.0
2024-09-08 12:16:45,SOLUSDT,bid,128,7819.0
2024-09-08 12:16:47,SOLUSDT,bid,128,7820.0
2024-09-08 12:16:48,SOLUSDT,bid,128,7819.0
2024-09-08 12:16:49,SOLUSDT,bid,128,7820.0
2024-09-08 12:16:53,SOLUSDT,bid,128,7819.0
2024-09-08 12:16:53,SOLUSDT,bid,128,7820.0
2024-09-08 12:17:07,SOLUSDT,bid,128,7819.0
2024-09-08 12:17:11,SOLUSDT,bid,128,7816.0
2024-09-08 12:17:11,SOLUSDT,bid,128,8209.0
2024-09-08 12:17:11,SOLUSDT,bid,128,7837.0
2024-09-08 12:17:12,SOLUSDT,bid,128,8210.0
2024-09-08 12:17:12,SOLUSDT,bid,128,8209.0
2024-09-08 12:17:14,SOLUSDT,bid,128,8546.0
2024-09-08 12:17:14,SOLUSDT,bid,128,8209.0
2024-09-08 12:17:16,SOLUSDT,bid,128,7838.0
2024-09-08 12:17:16,SOLUSDT,bid,128,7837.0
2024-09-08 12:17:21,SOLUSDT,bid,128,8174.0
2024-09-08 12:17:22,SOLUSDT,bid,128,8225.0
2024-09-08 12:17:22,SOLUSDT,bid,128,7837.0
2024-09-08 12:17:22,SOLUSDT,bid,128,7852.0
2024-09-08 12:17:22,SOLUSDT,bid,128,7847.0
2024-09-08 12:17:23,SOLUSDT,bid,128,8225.0
2024-09-08 12:17:23,SOLUSDT,bid,128,7864.0
2024-09-08 12:17:23,SOLUSDT,bid,128,8209.0
2024-09-08 12:17:26,SOLUSDT,bid,128,7860.0
2024-09-08 12:17:27,SOLUSDT,bid,128,7844.0
2024-09-08 12:17:30,SOLUSDT,bid,128,7839.0
2024-09-08 12:17:30,SOLUSDT,bid,128,7825.0
2024-09-08 12:17:30,SOLUSDT,bid,128,7823.0
2024-09-08 12:17:31,SOLUSDT,bid,128,7826.0
2024-09-08 12:17:33,SOLUSDT,bid,128,7823.0
2024-09-08 12:17:34,SOLUSDT,bid,128,7824.0
2024-09-08 12:17:56,SOLUSDT,bid,128,8204.0
2024-09-08 12:18:15,SOLUSDT,bid,128,7824.0
2024-09-08 12:18:19,SOLUSDT,bid,128,7847.0
2024-09-08 12:18:19,SOLUSDT,bid,128,8206.0
2024-09-08 12:18:19,SOLUSDT,bid,128,8204.0
2024-09-08 12:18:19,SOLUSDT,bid,128,8204.0
2024-09-08 12:18:19,SOLUSDT,bid,128,7864.0
2024-09-08 12:18:19,SOLUSDT,bid,128,7840.0
2024-09-08 12:18:19,SOLUSDT,bid,128,8282.0
2024-09-08 12:18:19,SOLUSDT,bid,128,7852.0
2024-09-08 12:18:19,SOLUSDT,bid,128,8303.0
2024-09-08 12:18:19,SOLUSDT,bid,128,7863.0
2024-09-08 12:18:20,SOLUSDT,bid,128,7913.0
2024-09-08 12:18:20,SOLUSDT,bid,128,7901.0
2024-09-08 12:18:20,SOLUSDT,bid,128,8287.0
2024-09-08 12:18:21,SOLUSDT,bid,128,7904.0
2024-09-08 12:18:30,SOLUSDT,bid,128,7893.0
2024-09-08 12:18:30,SOLUSDT,bid,128,8209.0
2024-09-08 12:18:30,SOLUSDT,bid,128,7881.0
2024-09-08 12:18:30,SOLUSDT,bid,128,7880.0
2024-09-08 12:18:34,SOLUSDT,bid,128,7882.0
2024-09-08 12:18:35,SOLUSDT,bid,128,7880.0
2024-09-08 12:18:36,SOLUSDT,bid,128,7887.0
2024-09-08 12:18:37,SOLUSDT,bid,128,7880.0
2024-09-08 12:18:38,SOLUSDT,bid,128,7901.0
2024-09-08 12:18:38,SOLUSDT,bid,128,7905.0
2024-09-08 12:18:40,SOLUSDT,bid,128,7908.0
2024-09-08 12:18:40,SOLUSDT,bid,128,7904.0
2024-09-08 12:18:40,SOLUSDT,bid,128,7902.0
2024-09-08 12:18:41,SOLUSDT,bid,128,7904.0
2024-09-08 12:18:41,SOLUSDT,bid,128,7883.0
2024-09-08 12:18:44,SOLUSDT,bid,128,7881.0
2024-09-08 12:18:51,SOLUSDT,bid,128,7888.0
2024-09-08 12:18:51,SOLUSDT,bid,128,7881.0
2024-09-08 12:18:51,SOLUSDT,bid,128,7883.0
2024-09-08 12:19:03,SOLUSDT,bid,128,7946.0
2024-09-08 12:19:05,SOLUSDT,bid,128,7944.0
2024-09-08 12:19:09,SOLUSDT,bid,128,7945.0
2024-09-08 12:19:11,SOLUSDT,bid,128,7944.0
2024-09-08 12:19:46,SOLUSDT,bid,128,8185.0
2024-09-08 12:20:06,SOLUSDT,bid,128,7908.0
2024-09-08 12:20:07,SOLUSDT,bid,128,7915.0
2024-09-08 12:20:07,SOLUSDT,bid,128,7915.0
2024-09-08 12:20:07,SOLUSDT,bid,128,7908.0
2024-09-08 12:20:10,SOLUSDT,bid,128,8186.0
2024-09-08 12:20:10,SOLUSDT,bid,128,8185.0
2024-09-08 12:20:16,SOLUSDT,bid,128,7910.0
2024-09-08 12:20:16,SOLUSDT,bid,128,8110.0
2024-09-08 12:20:21,SOLUSDT,bid,128,8108.0
2024-09-08 12:20:25,SOLUSDT,bid,128,7908.0
2024-09-08 12:20:29,SOLUSDT,bid,128,7909.0
2024-09-08 12:20:31,SOLUSDT,bid,128,7908.0
2024-09-08 12:20:38,SOLUSDT,bid,128,7910.0
2024-09-08 12:20:43,SOLUSDT,bid,128,7908.0
2024-09-08 12:21:00,SOLUSDT,bid,128,7915.0
2024-09-08 12:21:00,SOLUSDT,bid,128,7908.0
2024-09-08 12:21:02,SOLUSDT,bid,128,7907.0
2024-09-08 12:21:02,SOLUSDT,bid,128,8184.0
2024-09-08 12:21:02,SOLUSDT,bid,128,7906.0
2024-09-08 12:21:02,SOLUSDT,bid,128,8185.0
2024-09-08 12:21:02,SOLUSDT,bid,128,7907.0
2024-09-08 12:21:20,SOLUSDT,bid,128,8210.0
2024-09-08 12:21:20,SOLUSDT,bid,128,7907.0
2024-09-08 12:21:20,SOLUSDT,bid,128,8211.0
2024-09-08 12:21:23,SOLUSDT,bid,128,7914.0
2024-09-08 12:21:24,SOLUSDT,bid,128,7907.0
2024-09-08 12:21:25,SOLUSDT,bid,128,7914.0
2024-09-08 12:21:25,SOLUSDT,bid,128,7907.0
2024-09-08 12:21:27,SOLUSDT,bid,128,8218.0
2024-09-08 12:21:29,SOLUSDT,bid,128,7908.0
2024-09-08 12:21:31,SOLUSDT,bid,128,7907.0
2024-09-08 12:21:33,SOLUSDT,bid,128,8234.0
2024-09-08 12:21:33,SOLUSDT,bid,128,7857.0
2024-09-08 12:21:34,SOLUSDT,bid,128,8255.0
2024-09-08 12:21:34,SOLUSDT,bid,128,7841.0
2024-09-08 12:21:34,SOLUSDT,bid,128,8256.0
2024-09-08 12:21:34,SOLUSDT,bid,128,8255.0
2024-09-08 12:21:35,SOLUSDT,bid,128,8264.0
2024-09-08 12:21:35,SOLUSDT,bid,128,7849.0
2024-09-08 12:21:35,SOLUSDT,bid,128,8280.0
2024-09-08 12:21:36,SOLUSDT,bid,128,8271.0
2024-09-08 12:21:36,SOLUSDT,bid,128,7841.0
2024-09-08 12:21:36,SOLUSDT,bid,128,8248.0
2024-09-08 12:21:37,SOLUSDT,bid,128,7836.0
2024-09-08 12:21:40,SOLUSDT,bid,128,8232.0
2024-09-08 12:21:42,SOLUSDT,bid,128,8248.0
2024-09-08 12:21:42,SOLUSDT,bid,128,7836.0
2024-09-08 12:21:43,SOLUSDT,bid,128,7835.0
2024-09-08 12:21:43,SOLUSDT,bid,128,7842.0
2024-09-08 12:21:43,SOLUSDT,bid,128,8218.0
2024-09-08 12:21:43,SOLUSDT,bid,128,7839.0
2024-09-08 12:21:43,SOLUSDT,bid,128,8232.0
2024-09-08 12:21:44,SOLUSDT,bid,128,7839.0
2024-09-08 12:21:45,SOLUSDT,bid,128,7832.0
2024-09-08 12:21:46,SOLUSDT,bid,128,7868.0
2024-09-08 12:21:46,SOLUSDT,bid,128,7832.0
2024-09-08 12:21:47,SOLUSDT,bid,128,7832.0
2024-09-08 12:21:47,SOLUSDT,bid,128,7832.0
2024-09-08 12:21:48,SOLUSDT,bid,128,7839.0
2024-09-08 12:21:48,SOLUSDT,bid,128,7839.0
2024-09-08 12:21:50,SOLUSDT,bid,128,7839.0
2024-09-08 12:21:51,SOLUSDT,bid,128,8233.0
2024-09-08 12:21:51,SOLUSDT,bid,128,7832.0
2024-09-08 12:21:51,SOLUSDT,bid,128,7835.0
2024-09-08 12:21:52,SOLUSDT,bid,128,7832.0
2024-09-08 12:21:56,SOLUSDT,bid,128,7839.0
2024-09-08 12:21:56,SOLUSDT,bid,128,7832.0
2024-09-08 12:21:58,SOLUSDT,bid,128,8234.0
2024-09-08 12:21:58,SOLUSDT,bid,128,8237.0
2024-09-08 12:22:00,SOLUSDT,bid,128,8234.0
2024-09-08 12:22:02,SOLUSDT,bid,128,8221.0
2024-09-08 12:22:02,SOLUSDT,bid,128,7832.0
2024-09-08 12:22:02,SOLUSDT,bid,128,8237.0
2024-09-08 12:22:02,SOLUSDT,bid,128,7816.0
2024-09-08 12:22:02,SOLUSDT,bid,128,8215.0
2024-09-08 12:22:02,SOLUSDT,bid,128,7816.0
2024-09-08 12:22:02,SOLUSDT,bid,128,7832.0
2024-09-08 12:22:03,SOLUSDT,bid,128,7875.0
2024-09-08 12:22:03,SOLUSDT,bid,128,7839.0
2024-09-08 12:22:03,SOLUSDT,bid,128,7832.0
2024-09-08 12:22:04,SOLUSDT,bid,128,7832.0
2024-09-08 12:22:05,SOLUSDT,bid,128,7832.0
2024-09-08 12:22:06,SOLUSDT,bid,128,7839.0
2024-09-08 12:22:07,SOLUSDT,bid,128,7839.0
2024-09-08 12:22:07,SOLUSDT,bid,128,7832.0
2024-09-08 12:22:07,SOLUSDT,bid,128,7816.0
2024-09-08 12:22:08,SOLUSDT,bid,128,8196.0
2024-09-08 12:22:08,SOLUSDT,bid,128,7852.0
2024-09-08 12:22:10,SOLUSDT,bid,128,7816.0
2024-09-08 12:22:10,SOLUSDT,bid,128,7813.0
2024-09-08 12:22:10,SOLUSDT,bid,128,8203.0
2024-09-08 12:22:11,SOLUSDT,bid,128,7813.0
2024-09-08 12:22:11,SOLUSDT,bid,128,8196.0
2024-09-08 12:22:12,SOLUSDT,bid,128,7813.0
2024-09-08 12:22:13,SOLUSDT,bid,128,8203.0
2024-09-08 12:22:13,SOLUSDT,bid,128,8196.0
2024-09-08 12:22:13,SOLUSDT,bid,128,7813.0
2024-09-08 12:22:14,SOLUSDT,bid,128,8203.0
2024-09-08 12:22:14,SOLUSDT,bid,128,7855.0
2024-09-08 12:22:14,SOLUSDT,bid,128,7813.0
2024-09-08 12:22:15,SOLUSDT,bid,128,7855.0
2024-09-08 12:22:15,SOLUSDT,bid,128,7813.0
2024-09-08 12:22:15,SOLUSDT,bid,128,8187.0
2024-09-08 12:22:16,SOLUSDT,bid,128,7813.0
2024-09-08 12:22:18,SOLUSDT,bid,128,7813.0
2024-09-08 12:22:18,SOLUSDT,bid,128,8203.0
2024-09-08 12:22:19,SOLUSDT,bid,128,8187.0
2024-09-08 12:22:20,SOLUSDT,bid,128,7855.0
2024-09-08 12:22:20,SOLUSDT,bid,128,8203.0
2024-09-08 12:22:20,SOLUSDT,bid,128,7908.0
2024-09-08 12:22:21,SOLUSDT,bid,128,7908.0
2024-09-08 12:22:21,SOLUSDT,bid,128,7986.0
2024-09-08 12:22:21,SOLUSDT,bid,128,8196.0
2024-09-08 12:22:22,SOLUSDT,bid,128,8187.0
2024-09-08 12:22:22,SOLUSDT,bid,128,7986.0
2024-09-08 12:22:23,SOLUSDT,bid,128,7891.0
2024-09-08 12:22:23,SOLUSDT,bid,128,8202.0
2024-09-08 12:22:23,SOLUSDT,bid,128,7812.0
2024-09-08 12:22:23,SOLUSDT,bid,128,8210.0
2024-09-08 12:22:23,SOLUSDT,bid,128,7907.0
2024-09-08 12:22:24,SOLUSDT,bid,128,7911.0
2024-09-08 12:22:24,SOLUSDT,bid,128,7875.0
2024-09-08 12:22:24,SOLUSDT,bid,128,8310.0
2024-09-08 12:22:25,SOLUSDT,bid,128,7911.0
2024-09-08 12:22:25,SOLUSDT,bid,128,7875.0
2024-09-08 12:22:25,SOLUSDT,bid,128,8228.0
2024-09-08 12:22:26,SOLUSDT,bid,128,7875.0
2024-09-08 12:22:27,SOLUSDT,bid,128,8199.0
2024-09-08 12:22:27,SOLUSDT,bid,128,7875.0
2024-09-08 12:22:28,SOLUSDT,bid,128,7923.0
2024-09-08 12:22:28,SOLUSDT,bid,128,8299.0
2024-09-08 12:22:28,SOLUSDT,bid,128,7875.0
2024-09-08 12:22:29,SOLUSDT,bid,128,8199.0
2024-09-08 12:22:29,SOLUSDT,bid,128,7875.0
2024-09-08 12:22:29,SOLUSDT,bid,128,8299.0
2024-09-08 12:22:29,SOLUSDT,bid,128,8199.0
2024-09-08 12:22:30,SOLUSDT,bid,128,8031.0
2024-09-08 12:22:30,SOLUSDT,bid,128,7907.0
2024-09-08 12:22:30,SOLUSDT,bid,128,7910.0
2024-09-08 12:22:31,SOLUSDT,bid,128,8108.0
2024-09-08 12:22:31,SOLUSDT,bid,128,7910.0
2024-09-08 12:22:32,SOLUSDT,bid,128,7910.0
2024-09-08 12:22:32,SOLUSDT,bid,128,8299.0
2024-09-08 12:22:32,SOLUSDT,bid,128,8204.0
2024-09-08 12:22:33,SOLUSDT,bid,128,7812.0
2024-09-08 12:22:33,SOLUSDT,bid,128,7912.0
2024-09-08 12:22:34,SOLUSDT,bid,128,7912.0
2024-09-08 12:22:34,SOLUSDT,bid,128,7812.0
2024-09-08 12:22:35,SOLUSDT,bid,128,7854.0
2024-09-08 12:22:35,SOLUSDT,bid,128,7812.0
2024-09-08 12:22:35,SOLUSDT,bid,128,8321.0
2024-09-08 12:22:36,SOLUSDT,bid,128,8204.0
2024-09-08 12:22:36,SOLUSDT,bid,128,7848.0
2024-09-08 12:22:36,SOLUSDT,bid,128,7812.0
2024-09-08 12:22:36,SOLUSDT,bid,128,8321.0
2024-09-08 12:22:37,SOLUSDT,bid,128,7812.0
2024-09-08 12:22:37,SOLUSDT,bid,128,7912.0
2024-09-08 12:22:37,SOLUSDT,bid,128,7872.0
2024-09-08 12:22:37,SOLUSDT,bid,128,7865.0
2024-09-08 12:22:38,SOLUSDT,bid,128,7817.0
2024-09-08 12:22:38,SOLUSDT,bid,128,7872.0
2024-09-08 12:22:38,SOLUSDT,bid,128,7874.0
2024-09-08 12:22:38,SOLUSDT,bid,128,8195.0
2024-09-08 12:22:38,SOLUSDT,bid,128,7826.0
2024-09-08 12:22:38,SOLUSDT,bid,128,7825.0
2024-09-08 12:22:38,SOLUSDT,bid,128,7818.0
2024-09-08 12:22:39,SOLUSDT,bid,128,7861.0
2024-09-08 12:22:39,SOLUSDT,bid,128,7825.0
2024-09-08 12:22:40,SOLUSDT,bid,128,7861.0
2024-09-08 12:22:40,SOLUSDT,bid,128,7825.0
2024-09-08 12:22:40,SOLUSDT,bid,128,8180.0
2024-09-08 12:22:40,SOLUSDT,bid,128,7808.0
2024-09-08 12:22:41,SOLUSDT,bid,128,7825.0
2024-09-08 12:22:42,SOLUSDT,bid,128,7863.0
2024-09-08 12:22:42,SOLUSDT,bid,128,8187.0
2024-09-08 12:22:42,SOLUSDT,bid,128,7827.0
2024-09-08 12:22:42,SOLUSDT,bid,128,7808.0
2024-09-08 12:22:42,SOLUSDT,bid,128,7944.0
2024-09-08 12:22:42,SOLUSDT,bid,128,7824.0
2024-09-08 12:22:42,SOLUSDT,bid,128,8180.0
2024-09-08 12:22:42,SOLUSDT,bid,128,7858.0
2024-09-08 12:22:42,SOLUSDT,bid,128,7824.0
2024-09-08 12:22:42,SOLUSDT,bid,128,7827.0
2024-09-08 12:22:43,SOLUSDT,bid,128,7863.0
2024-09-08 12:22:43,SOLUSDT,bid,128,7827.0
2024-09-08 12:22:43,SOLUSDT,bid,128,8187.0
2024-09-08 12:22:43,SOLUSDT,bid,128,7924.0
2024-09-08 12:22:44,SOLUSDT,bid,128,7863.0
2024-09-08 12:22:44,SOLUSDT,bid,128,7827.0
2024-09-08 12:22:44,SOLUSDT,bid,128,7924.0
2024-09-08 12:22:44,SOLUSDT,bid,128,7943.0
2024-09-08 12:22:44,SOLUSDT,bid,128,7843.0
2024-09-08 12:22:45,SOLUSDT,bid,128,8180.0
2024-09-08 12:22:45,SOLUSDT,bid,128,7927.0
2024-09-08 12:22:45,SOLUSDT,bid,128,8196.0
2024-09-08 12:22:45,SOLUSDT,bid,128,7827.0
2024-09-08 12:22:45,SOLUSDT,bid,128,7926.0
2024-09-08 12:22:45,SOLUSDT,bid,128,7927.0
2024-09-08 12:22:45,SOLUSDT,bid,128,7936.0
2024-09-08 12:22:46,SOLUSDT,bid,128,7826.0
2024-09-08 12:22:46,SOLUSDT,bid,128,7936.0
2024-09-08 12:22:46,SOLUSDT,bid,128,8180.0
2024-09-08 12:22:46,SOLUSDT,bid,128,7836.0
2024-09-08 12:22:46,SOLUSDT,bid,128,7943.0
2024-09-08 12:22:46,SOLUSDT,bid,128,8203.0
2024-09-08 12:22:47,SOLUSDT,bid,128,7872.0
2024-09-08 12:22:47,SOLUSDT,bid,128,7943.0
2024-09-08 12:22:47,SOLUSDT,bid,128,7836.0
2024-09-08 12:22:48,SOLUSDT,bid,128,7979.0
2024-09-08 12:22:48,SOLUSDT,bid,128,7872.0
2024-09-08 12:22:48,SOLUSDT,bid,128,7943.0
2024-09-08 12:22:48,SOLUSDT,bid,128,7936.0
2024-09-08 12:22:48,SOLUSDT,bid,128,8187.0
2024-09-08 12:22:48,SOLUSDT,bid,128,7826.0
2024-09-08 12:22:48,SOLUSDT,bid,128,7836.0
2024-09-08 12:22:48,SOLUSDT,bid,128,8180.0
2024-09-08 12:22:48,SOLUSDT,bid,128,7904.0
2024-09-08 12:22:48,SOLUSDT,bid,128,8187.0
2024-09-08 12:22:49,SOLUSDT,bid,128,7904.0
2024-09-08 12:22:49,SOLUSDT,bid,128,7836.0
2024-09-08 12:22:49,SOLUSDT,bid,128,7943.0
2024-09-08 12:22:49,SOLUSDT,bid,128,8196.0
2024-09-08 12:22:49,SOLUSDT,bid,128,7824.0
2024-09-08 12:22:49,SOLUSDT,bid,128,7936.0
2024-09-08 12:22:49,SOLUSDT,bid,128,7939.0
2024-09-08 12:22:49,SOLUSDT,bid,128,7927.0
2024-09-08 12:22:49,SOLUSDT,bid,128,7848.0
2024-09-08 12:22:49,SOLUSDT,bid,128,7827.0
2024-09-08 12:22:50,SOLUSDT,bid,128,7828.0
2024-09-08 12:22:50,SOLUSDT,bid,128,7828.0
2024-09-08 12:22:50,SOLUSDT,bid,128,7828.0
2024-09-08 12:22:51,SOLUSDT,bid,128,7828.0
2024-09-08 12:22:53,SOLUSDT,bid,128,7864.0
2024-09-08 12:22:53,SOLUSDT,bid,128,7828.0
2024-09-08 12:22:53,SOLUSDT,bid,128,8199.0
2024-09-08 12:22:53,SOLUSDT,bid,128,8183.0
2024-09-08 12:22:53,SOLUSDT,bid,128,7832.0
2024-09-08 12:22:53,SOLUSDT,bid,128,7844.0
2024-09-08 12:22:53,SOLUSDT,bid,128,8183.0
2024-09-08 12:22:53,SOLUSDT,bid,128,7832.0
2024-09-08 12:22:53,SOLUSDT,bid,128,7860.0
2024-09-08 12:22:53,SOLUSDT,bid,128,8199.0
2024-09-08 12:22:54,SOLUSDT,bid,128,7848.0
2024-09-08 12:22:54,SOLUSDT,bid,128,7884.0
2024-09-08 12:22:54,SOLUSDT,bid,128,7896.0
2024-09-08 12:22:54,SOLUSDT,bid,128,8180.0
2024-09-08 12:22:54,SOLUSDT,bid,128,7868.0
2024-09-08 12:22:54,SOLUSDT,bid,128,8180.0
2024-09-08 12:22:54,SOLUSDT,bid,128,7948.0
2024-09-08 12:22:54,SOLUSDT,bid,128,8027.0
2024-09-08 12:22:54,SOLUSDT,bid,128,8196.0
2024-09-08 12:22:54,SOLUSDT,bid,128,8123.0
2024-09-08 12:22:54,SOLUSDT,bid,128,7854.0
2024-09-08 12:22:54,SOLUSDT,bid,128,8137.0
2024-09-08 12:22:55,SOLUSDT,bid,128,7854.0
2024-09-08 12:22:55,SOLUSDT,bid,128,8137.0
2024-09-08 12:22:55,SOLUSDT,bid,128,7855.0
2024-09-08 12:22:56,SOLUSDT,bid,128,8173.0
2024-09-08 12:22:56,SOLUSDT,bid,128,7855.0
2024-09-08 12:22:56,SOLUSDT,bid,128,8137.0
2024-09-08 12:22:56,SOLUSDT,bid,128,8199.0
2024-09-08 12:22:57,SOLUSDT,bid,128,7891.0
2024-09-08 12:22:57,SOLUSDT,bid,128,8173.0
2024-09-08 12:22:57,SOLUSDT,bid,128,7855.0
2024-09-08 12:22:57,SOLUSDT,bid,128,8137.0
2024-09-08 12:22:57,SOLUSDT,bid,128,8037.0
2024-09-08 12:22:58,SOLUSDT,bid,128,8206.0
2024-09-08 12:22:58,SOLUSDT,bid,128,7855.0
2024-09-08 12:22:58,SOLUSDT,bid,128,8037.0
2024-09-08 12:22:58,SOLUSDT,bid,128,8203.0
2024-09-08 12:22:58,SOLUSDT,bid,128,7854.0
2024-09-08 12:22:59,SOLUSDT,bid,128,8206.0
2024-09-08 12:22:59,SOLUSDT,bid,128,8073.0
2024-09-08 12:22:59,SOLUSDT,bid,128,7854.0
2024-09-08 12:22:59,SOLUSDT,bid,128,8037.0
2024-09-08 12:22:59,SOLUSDT,bid,128,8203.0
2024-09-08 12:23:00,SOLUSDT,bid,128,8037.0
2024-09-08 12:23:00,SOLUSDT,bid,128,8196.0
2024-09-08 12:23:01,SOLUSDT,bid,128,7854.0
2024-09-08 12:23:01,SOLUSDT,bid,128,7854.0
2024-09-08 12:23:01,SOLUSDT,bid,128,8037.0
2024-09-08 12:23:01,SOLUSDT,bid,128,7954.0
2024-09-08 12:23:01,SOLUSDT,bid,128,7954.0
2024-09-08 12:23:02,SOLUSDT,bid,128,7954.0
2024-09-08 12:23:02,SOLUSDT,bid,128,8037.0
2024-09-08 12:23:02,SOLUSDT,bid,128,7854.0
2024-09-08 12:23:02,SOLUSDT,bid,128,7815.0
2024-09-08 12:23:02,SOLUSDT,bid,128,8036.0
2024-09-08 12:23:02,SOLUSDT,bid,128,8217.0
2024-09-08 12:23:02,SOLUSDT,bid,128,7893.0
2024-09-08 12:23:03,SOLUSDT,bid,128,8217.0
2024-09-08 12:23:03,SOLUSDT,bid,128,7935.0
2024-09-08 12:23:03,SOLUSDT,bid,128,8078.0
2024-09-08 12:23:03,SOLUSDT,bid,128,7893.0
2024-09-08 12:23:03,SOLUSDT,bid,128,8036.0
2024-09-08 12:23:03,SOLUSDT,bid,128,7954.0
2024-09-08 12:23:03,SOLUSDT,bid,128,7854.0
2024-09-08 12:23:03,SOLUSDT,bid,128,7855.0
2024-09-08 12:23:04,SOLUSDT,bid,128,7855.0
2024-09-08 12:23:04,SOLUSDT,bid,128,8036.0
2024-09-08 12:23:04,SOLUSDT,bid,128,7955.0
2024-09-08 12:23:04,SOLUSDT,bid,128,7855.0
2024-09-08 12:23:05,SOLUSDT,bid,128,7855.0
2024-09-08 12:23:05,SOLUSDT,bid,128,8036.0
2024-09-08 12:23:06,SOLUSDT,bid,128,7855.0
2024-09-08 12:23:06,SOLUSDT,bid,128,8036.0
2024-09-08 12:23:07,SOLUSDT,bid,128,8224.0
2024-09-08 12:23:07,SOLUSDT,bid,128,8078.0
2024-09-08 12:23:07,SOLUSDT,bid,128,7855.0
2024-09-08 12:23:07,SOLUSDT,bid,128,8036.0
2024-09-08 12:23:07,SOLUSDT,bid,128,8217.0
2024-09-08 12:23:08,SOLUSDT,bid,128,7896.0
2024-09-08 12:23:08,SOLUSDT,bid,128,8078.0
2024-09-08 12:23:08,SOLUSDT,bid,128,7854.0
2024-09-08 12:23:08,SOLUSDT,bid,128,8036.0
2024-09-08 12:23:09,SOLUSDT,bid,128,7854.0
2024-09-08 12:23:09,SOLUSDT,bid,128,8036.0
2024-09-08 12:23:10,SOLUSDT,bid,128,7854.0
2024-09-08 12:23:10,SOLUSDT,bid,128,8036.0
2024-09-08 12:23:11,SOLUSDT,bid,128,8224.0
2024-09-08 12:23:11,SOLUSDT,bid,128,8217.0
2024-09-08 12:23:12,SOLUSDT,bid,128,7915.0
2024-09-08 12:23:12,SOLUSDT,bid,128,7957.0
2024-09-08 12:23:12,SOLUSDT,bid,128,8078.0
2024-09-08 12:23:12,SOLUSDT,bid,128,7915.0
2024-09-08 12:23:12,SOLUSDT,bid,128,8036.0
2024-09-08 12:23:13,SOLUSDT,bid,128,7915.0
2024-09-08 12:23:13,SOLUSDT,bid,128,8036.0
2024-09-08 12:23:14,SOLUSDT,bid,128,7915.0
2024-09-08 12:23:14,SOLUSDT,bid,128,8036.0
2024-09-08 12:23:14,SOLUSDT,bid,128,7815.0
2024-09-08 12:23:14,SOLUSDT,bid,128,7816.0
2024-09-08 12:23:15,SOLUSDT,bid,128,7916.0
2024-09-08 12:23:16,SOLUSDT,bid,128,7852.0
2024-09-08 12:23:16,SOLUSDT,bid,128,8072.0
2024-09-08 12:23:16,SOLUSDT,bid,128,7816.0
2024-09-08 12:23:16,SOLUSDT,bid,128,8036.0
2024-09-08 12:23:17,SOLUSDT,bid,128,7816.0
2024-09-08 12:23:17,SOLUSDT,bid,128,8036.0
2024-09-08 12:23:18,SOLUSDT,bid,128,7816.0
2024-09-08 12:23:18,SOLUSDT,bid,128,8036.0
2024-09-08 12:23:18,SOLUSDT,bid,128,8224.0
2024-09-08 12:23:18,SOLUSDT,bid,128,8217.0
2024-09-08 12:23:19,SOLUSDT,bid,128,7852.0
2024-09-08 12:23:19,SOLUSDT,bid,128,8078.0
2024-09-08 12:23:19,SOLUSDT,bid,128,7816.0
2024-09-08 12:23:19,SOLUSDT,bid,128,8036.0
2024-09-08 12:23:19,SOLUSDT,bid,128,8224.0
2024-09-08 12:23:19,SOLUSDT,bid,128,8217.0
2024-09-08 12:23:20,SOLUSDT,bid,128,7816.0
2024-09-08 12:23:20,SOLUSDT,bid,128,8036.0
2024-09-08 12:23:20,SOLUSDT,bid,128,7916.0
2024-09-08 12:23:20,SOLUSDT,bid,128,7816.0
2024-09-08 12:23:21,SOLUSDT,bid,128,7816.0
2024-09-08 12:23:21,SOLUSDT,bid,128,8036.0
2024-09-08 12:23:23,SOLUSDT,bid,128,8187.0
2024-09-08 12:23:23,SOLUSDT,bid,128,8160.0
2024-09-08 12:23:23,SOLUSDT,bid,128,8196.0
2024-09-08 12:23:23,SOLUSDT,bid,128,7899.0
2024-09-08 12:23:23,SOLUSDT,bid,128,7829.0
2024-09-08 12:23:23,SOLUSDT,bid,128,7857.0
2024-09-08 12:23:23,SOLUSDT,bid,128,7896.0
2024-09-08 12:23:24,SOLUSDT,bid,128,8203.0
2024-09-08 12:23:24,SOLUSDT,bid,128,7896.0
2024-09-08 12:23:24,SOLUSDT,bid,128,7895.0
2024-09-08 12:23:25,SOLUSDT,bid,128,7931.0
2024-09-08 12:23:25,SOLUSDT,bid,128,7895.0
2024-09-08 12:23:25,SOLUSDT,bid,128,8187.0
2024-09-08 12:23:25,SOLUSDT,bid,128,7859.0
2024-09-08 12:23:26,SOLUSDT,bid,128,8189.0
2024-09-08 12:23:26,SOLUSDT,bid,128,7901.0
2024-09-08 12:23:26,SOLUSDT,bid,128,7828.0
2024-09-08 12:23:26,SOLUSDT,bid,128,7943.0
2024-09-08 12:23:26,SOLUSDT,bid,128,8205.0
2024-09-08 12:23:26,SOLUSDT,bid,128,7901.0
2024-09-08 12:23:26,SOLUSDT,bid,128,8212.0
2024-09-08 12:23:26,SOLUSDT,bid,128,7940.0
2024-09-08 12:23:27,SOLUSDT,bid,128,8203.0
2024-09-08 12:23:27,SOLUSDT,bid,128,7941.0
2024-09-08 12:23:27,SOLUSDT,bid,128,7829.0
2024-09-08 12:23:28,SOLUSDT,bid,128,7941.0
2024-09-08 12:23:29,SOLUSDT,bid,128,7941.0
2024-09-08 12:23:29,SOLUSDT,bid,128,7929.0
2024-09-08 12:23:30,SOLUSDT,bid,128,7983.0
2024-09-08 12:23:30,SOLUSDT,bid,128,7941.0
2024-09-08 12:23:30,SOLUSDT,bid,128,8187.0
2024-09-08 12:23:30,SOLUSDT,bid,128,7906.0
2024-09-08 12:23:30,SOLUSDT,bid,128,7829.0
2024-09-08 12:23:30,SOLUSDT,bid,128,7867.0
2024-09-08 12:23:30,SOLUSDT,bid,128,8195.0
2024-09-08 12:23:30,SOLUSDT,bid,128,8211.0
2024-09-08 12:23:30,SOLUSDT,bid,128,8085.0
2024-09-08 12:23:30,SOLUSDT,bid,128,7833.0
2024-09-08 12:23:31,SOLUSDT,bid,128,8085.0
2024-09-08 12:23:31,SOLUSDT,bid,128,7933.0
2024-09-08 12:23:31,SOLUSDT,bid,128,8216.0
2024-09-08 12:23:31,SOLUSDT,bid,128,8046.0
2024-09-08 12:23:31,SOLUSDT,bid,128,7968.0
2024-09-08 12:23:31,SOLUSDT,bid,128,8209.0
2024-09-08 12:23:31,SOLUSDT,bid,128,8046.0
2024-09-08 12:23:31,SOLUSDT,bid,128,7860.0
2024-09-08 12:23:31,SOLUSDT,bid,128,7844.0
2024-09-08 12:23:31,SOLUSDT,bid,128,7821.0
2024-09-08 12:23:31,SOLUSDT,bid,128,7828.0
2024-09-08 12:23:31,SOLUSDT,bid,128,7828.0
2024-09-08 12:23:32,SOLUSDT,bid,128,7828.0
2024-09-08 12:23:32,SOLUSDT,bid,128,7828.0
2024-09-08 12:23:32,SOLUSDT,bid,128,7844.0
2024-09-08 12:23:32,SOLUSDT,bid,128,7837.0
2024-09-08 12:23:33,SOLUSDT,bid,128,7828.0
2024-09-08 12:23:34,SOLUSDT,bid,128,7871.0
2024-09-08 12:23:34,SOLUSDT,bid,128,7874.0
2024-09-08 12:23:34,SOLUSDT,bid,128,7819.0
2024-09-08 12:23:34,SOLUSDT,bid,128,7832.0
2024-09-08 12:23:34,SOLUSDT,bid,128,8057.0
2024-09-08 12:23:34,SOLUSDT,bid,128,7826.0
2024-09-08 12:23:35,SOLUSDT,bid,128,7878.0
2024-09-08 12:23:35,SOLUSDT,bid,128,8093.0
2024-09-08 12:23:35,SOLUSDT,bid,128,7842.0
2024-09-08 12:23:35,SOLUSDT,bid,128,8057.0
2024-09-08 12:23:35,SOLUSDT,bid,128,8251.0
2024-09-08 12:23:35,SOLUSDT,bid,128,8026.0
2024-09-08 12:23:35,SOLUSDT,bid,128,7832.0
2024-09-08 12:23:36,SOLUSDT,bid,128,7878.0
2024-09-08 12:23:36,SOLUSDT,bid,128,7868.0
2024-09-08 12:23:36,SOLUSDT,bid,128,7842.0
2024-09-08 12:23:36,SOLUSDT,bid,128,7832.0
2024-09-08 12:23:37,SOLUSDT,bid,128,7835.0
2024-09-08 12:23:37,SOLUSDT,bid,128,7858.0
2024-09-08 12:23:38,SOLUSDT,bid,128,7859.0
2024-09-08 12:23:38,SOLUSDT,bid,128,7858.0
2024-09-08 12:23:38,SOLUSDT,bid,128,7859.0
2024-09-08 12:23:38,SOLUSDT,bid,128,7866.0
2024-09-08 12:23:38,SOLUSDT,bid,128,7858.0
2024-09-08 12:23:39,SOLUSDT,bid,128,7844.0
2024-09-08 12:23:39,SOLUSDT,bid,128,8010.0
2024-09-08 12:23:39,SOLUSDT,bid,128,7935.0
2024-09-08 12:23:39,SOLUSDT,bid,128,7884.0
2024-09-08 12:23:39,SOLUSDT,bid,128,7892.0
2024-09-08 12:23:40,SOLUSDT,bid,128,8216.0
2024-09-08 12:23:40,SOLUSDT,bid,128,7971.0
2024-09-08 12:23:40,SOLUSDT,bid,128,7928.0
2024-09-08 12:23:40,SOLUSDT,bid,128,7935.0
2024-09-08 12:23:40,SOLUSDT,bid,128,7892.0
2024-09-08 12:23:41,SOLUSDT,bid,128,7935.0
2024-09-08 12:23:41,SOLUSDT,bid,128,7892.0
2024-09-08 12:23:41,SOLUSDT,bid,128,8209.0
2024-09-08 12:23:41,SOLUSDT,bid,128,7897.0
2024-09-08 12:23:41,SOLUSDT,bid,128,7888.0
2024-09-08 12:23:41,SOLUSDT,bid,128,8193.0
2024-09-08 12:23:41,SOLUSDT,bid,128,7936.0
2024-09-08 12:23:41,SOLUSDT,bid,128,8349.0
2024-09-08 12:23:41,SOLUSDT,bid,128,7865.0
2024-09-08 12:23:42,SOLUSDT,bid,128,7965.0
2024-09-08 12:23:42,SOLUSDT,bid,128,8232.0
2024-09-08 12:23:42,SOLUSDT,bid,128,7957.0
2024-09-08 12:23:42,SOLUSDT,bid,128,8239.0
2024-09-08 12:23:43,SOLUSDT,bid,128,8227.0
2024-09-08 12:23:43,SOLUSDT,bid,128,7857.0
2024-09-08 12:23:43,SOLUSDT,bid,128,8012.0
2024-09-08 12:23:43,SOLUSDT,bid,128,7844.0
2024-09-08 12:23:43,SOLUSDT,bid,128,7818.0
2024-09-08 12:23:43,SOLUSDT,bid,128,8232.0
2024-09-08 12:23:43,SOLUSDT,bid,128,8219.0
2024-09-08 12:23:43,SOLUSDT,bid,128,7834.0
2024-09-08 12:23:43,SOLUSDT,bid,128,7847.0
2024-09-08 12:23:44,SOLUSDT,bid,128,7846.0
2024-09-08 12:23:44,SOLUSDT,bid,128,8219.0
2024-09-08 12:23:44,SOLUSDT,bid,128,7845.0
2024-09-08 12:23:44,SOLUSDT,bid,128,7846.0
2024-09-08 12:23:44,SOLUSDT,bid,128,7828.0
2024-09-08 12:23:45,SOLUSDT,bid,128,7827.0
2024-09-08 12:23:45,SOLUSDT,bid,128,7870.0
2024-09-08 12:23:45,SOLUSDT,bid,128,7834.0
2024-09-08 12:23:45,SOLUSDT,bid,128,7873.0
2024-09-08 12:23:45,SOLUSDT,bid,128,7873.0
2024-09-08 12:23:46,SOLUSDT,bid,128,7873.0
2024-09-08 12:23:47,SOLUSDT,bid,128,8065.0
2024-09-08 12:23:47,SOLUSDT,bid,128,7873.0
2024-09-08 12:23:47,SOLUSDT,bid,128,7871.0
2024-09-08 12:23:47,SOLUSDT,bid,128,7828.0
2024-09-08 12:23:48,SOLUSDT,bid,128,7907.0
2024-09-08 12:23:48,SOLUSDT,bid,128,7871.0
2024-09-08 12:23:48,SOLUSDT,bid,128,7829.0
2024-09-08 12:23:49,SOLUSDT,bid,128,7871.0
2024-09-08 12:23:49,SOLUSDT,bid,128,7832.0
2024-09-08 12:23:49,SOLUSDT,bid,128,7828.0
2024-09-08 12:23:50,SOLUSDT,bid,128,7868.0
2024-09-08 12:23:50,SOLUSDT,bid,128,7832.0
2024-09-08 12:23:51,SOLUSDT,bid,128,7868.0
2024-09-08 12:23:51,SOLUSDT,bid,128,7832.0
2024-09-08 12:23:52,SOLUSDT,bid,128,7832.0
2024-09-08 12:23:53,SOLUSDT,bid,128,7832.0
2024-09-08 12:23:53,SOLUSDT,bid,128,7852.0
2024-09-08 12:23:54,SOLUSDT,bid,128,7888.0
2024-09-08 12:23:54,SOLUSDT,bid,128,8180.0
2024-09-08 12:23:54,SOLUSDT,bid,128,7829.0
2024-09-08 12:23:54,SOLUSDT,bid,128,7830.0
2024-09-08 12:23:54,SOLUSDT,bid,128,7830.0
2024-09-08 12:23:54,SOLUSDT,bid,128,7815.0
2024-09-08 12:23:54,SOLUSDT,bid,128,7816.0
2024-09-08 12:23:55,SOLUSDT,bid,128,7817.0
2024-09-08 12:23:56,SOLUSDT,bid,128,7807.0
2024-09-08 12:23:56,SOLUSDT,bid,128,7826.0
2024-09-08 12:23:56,SOLUSDT,bid,128,7817.0
2024-09-08 12:23:56,SOLUSDT,bid,128,8179.0
2024-09-08 12:23:56,SOLUSDT,bid,128,7812.0
2024-09-08 12:23:58,SOLUSDT,bid,128,8193.0
2024-09-08 12:23:58,SOLUSDT,bid,128,7811.0
2024-09-08 12:23:58,SOLUSDT,bid,128,7847.0
2024-09-08 12:24:00,SOLUSDT,bid,128,7865.0
2024-09-08 12:24:00,SOLUSDT,bid,128,7847.0
2024-09-08 12:24:01,SOLUSDT,bid,128,7853.0
2024-09-08 12:24:01,SOLUSDT,bid,128,7847.0
2024-09-08 12:24:02,SOLUSDT,bid,128,7853.0
2024-09-08 12:24:02,SOLUSDT,bid,128,7847.0
2024-09-08 12:24:02,SOLUSDT,bid,128,7847.0
2024-09-08 12:24:03,SOLUSDT,bid,128,7847.0
2024-09-08 12:24:03,SOLUSDT,bid,128,8207.0
2024-09-08 12:24:03,SOLUSDT,bid,128,7827.0
2024-09-08 12:24:03,SOLUSDT,bid,128,7811.0
2024-09-08 12:24:03,SOLUSDT,bid,128,8401.0
2024-09-08 12:24:07,SOLUSDT,bid,128,7814.0
2024-09-08 12:24:11,SOLUSDT,bid,128,7811.0
2024-09-08 12:24:12,SOLUSDT,bid,128,8207.0
2024-09-08 12:24:12,SOLUSDT,bid,128,8197.0
2024-09-08 12:24:12,SOLUSDT,bid,128,7812.0
2024-09-08 12:24:13,SOLUSDT,bid,128,7818.0
2024-09-08 12:24:13,SOLUSDT,bid,128,7848.0
2024-09-08 12:24:14,SOLUSDT,bid,128,7817.0
2024-09-08 12:24:14,SOLUSDT,bid,128,7812.0
2024-09-08 12:24:14,SOLUSDT,bid,128,8183.0
2024-09-08 12:24:15,SOLUSDT,bid,128,7812.0
2024-09-08 12:24:16,SOLUSDT,bid,128,7812.0
2024-09-08 12:24:17,SOLUSDT,bid,128,7818.0
2024-09-08 12:24:17,SOLUSDT,bid,128,7812.0
2024-09-08 12:24:18,SOLUSDT,bid,128,7812.0
2024-09-08 12:24:18,SOLUSDT,bid,128,7812.0
2024-09-08 12:24:19,SOLUSDT,bid,128,8189.0
2024-09-08 12:24:19,SOLUSDT,bid,128,7811.0
2024-09-08 12:24:21,SOLUSDT,bid,128,8183.0
2024-09-08 12:24:22,SOLUSDT,bid,128,7827.0
2024-09-08 12:24:23,SOLUSDT,bid,128,8189.0
2024-09-08 12:24:24,SOLUSDT,bid,128,7833.0
2024-09-08 12:24:24,SOLUSDT,bid,128,8185.0
2024-09-08 12:24:24,SOLUSDT,bid,128,7827.0
2024-09-08 12:24:28,SOLUSDT,bid,128,8201.0
2024-09-08 12:24:28,SOLUSDT,bid,128,8185.0
2024-09-08 12:24:28,SOLUSDT,bid,128,8185.0
2024-09-08 12:24:30,SOLUSDT,bid,128,7811.0
2024-09-08 12:24:30,SOLUSDT,bid,128,7827.0
2024-09-08 12:24:31,SOLUSDT,bid,128,8217.0
2024-09-08 12:24:31,SOLUSDT,bid,128,8185.0
2024-09-08 12:24:31,SOLUSDT,bid,128,8217.0
2024-09-08 12:24:32,SOLUSDT,bid,128,8185.0
2024-09-08 12:24:33,SOLUSDT,bid,128,8179.0
2024-09-08 12:24:33,SOLUSDT,bid,128,8181.0
2024-09-08 12:24:35,SOLUSDT,bid,128,8252.0
2024-09-08 12:24:38,SOLUSDT,bid,128,8220.0
2024-09-08 12:24:38,SOLUSDT,bid,128,8252.0
2024-09-08 12:24:39,SOLUSDT,bid,128,8220.0
2024-09-08 12:24:39,SOLUSDT,bid,128,8252.0
2024-09-08 12:24:45,SOLUSDT,bid,128,8220.0
2024-09-08 12:24:47,SOLUSDT,bid,128,8252.0
2024-09-08 12:24:47,SOLUSDT,bid,128,8268.0
2024-09-08 12:24:47,SOLUSDT,bid,128,8224.0
2024-09-08 12:24:47,SOLUSDT,bid,128,7809.0
2024-09-08 12:24:48,SOLUSDT,bid,128,8223.0
2024-09-08 12:24:49,SOLUSDT,bid,128,8194.0
2024-09-08 12:24:50,SOLUSDT,bid,128,7812.0
2024-09-08 12:24:51,SOLUSDT,bid,128,8194.0
2024-09-08 12:24:59,SOLUSDT,bid,128,7809.0
2024-09-08 12:24:59,SOLUSDT,bid,128,7827.0
2024-09-08 12:25:00,SOLUSDT,bid,128,7819.0
2024-09-08 12:25:01,SOLUSDT,bid,128,7809.0
2024-09-08 12:25:01,SOLUSDT,bid,128,8232.0
2024-09-08 12:25:01,SOLUSDT,bid,128,8231.0
2024-09-08 12:25:01,SOLUSDT,bid,128,7824.0
2024-09-08 12:25:02,SOLUSDT,bid,128,7987.0
2024-09-08 12:25:02,SOLUSDT,bid,128,7861.0
2024-09-08 12:25:02,SOLUSDT,bid,128,8270.0
2024-09-08 12:25:02,SOLUSDT,bid,128,8056.0
2024-09-08 12:25:02,SOLUSDT,bid,128,8020.0
2024-09-08 12:25:03,SOLUSDT,bid,128,8020.0
2024-09-08 12:25:04,SOLUSDT,bid,128,8005.0
2024-09-08 12:25:04,SOLUSDT,bid,128,8005.0
2024-09-08 12:25:04,SOLUSDT,bid,128,8006.0
2024-09-08 12:25:05,SOLUSDT,bid,128,8162.0
2024-09-08 12:25:05,SOLUSDT,bid,128,8006.0
2024-09-08 12:25:06,SOLUSDT,bid,128,8168.0
2024-09-08 12:25:06,SOLUSDT,bid,128,8006.0
2024-09-08 12:25:07,SOLUSDT,bid,128,8006.0
2024-09-08 12:25:08,SOLUSDT,bid,128,8006.0
2024-09-08 12:25:09,SOLUSDT,bid,128,8168.0
2024-09-08 12:25:09,SOLUSDT,bid,128,8006.0
2024-09-08 12:25:10,SOLUSDT,bid,128,8168.0
2024-09-08 12:25:10,SOLUSDT,bid,128,8006.0
2024-09-08 12:25:11,SOLUSDT,bid,128,8006.0
2024-09-08 12:25:11,SOLUSDT,bid,128,8005.0
2024-09-08 12:25:11,SOLUSDT,bid,128,8231.0
2024-09-08 12:25:12,SOLUSDT,bid,128,8005.0
2024-09-08 12:25:13,SOLUSDT,bid,128,8005.0
2024-09-08 12:25:13,SOLUSDT,bid,128,8277.0
2024-09-08 12:25:13,SOLUSDT,bid,128,8005.0
2024-09-08 12:25:13,SOLUSDT,bid,128,7810.0
2024-09-08 12:25:13,SOLUSDT,bid,128,8293.0
2024-09-08 12:25:14,SOLUSDT,bid,128,7809.0
2024-09-08 12:25:14,SOLUSDT,bid,128,8286.0
2024-09-08 12:25:15,SOLUSDT,bid,128,8370.0
2024-09-08 12:25:15,SOLUSDT,bid,128,7814.0
2024-09-08 12:25:15,SOLUSDT,bid,128,8270.0
2024-09-08 12:25:15,SOLUSDT,bid,128,8370.0
2024-09-08 12:25:16,SOLUSDT,bid,128,8370.0
2024-09-08 12:25:16,SOLUSDT,bid,128,8270.0
2024-09-08 12:25:16,SOLUSDT,bid,128,8370.0
2024-09-08 12:25:17,SOLUSDT,bid,128,8270.0
2024-09-08 12:25:17,SOLUSDT,bid,128,8370.0
2024-09-08 12:25:17,SOLUSDT,bid,128,8270.0
2024-09-08 12:25:17,SOLUSDT,bid,128,7810.0
2024-09-08 12:25:17,SOLUSDT,bid,128,8370.0
2024-09-08 12:25:17,SOLUSDT,bid,128,7813.0
2024-09-08 12:25:17,SOLUSDT,bid,128,8231.0
2024-09-08 12:25:17,SOLUSDT,bid,128,7812.0
2024-09-08 12:25:18,SOLUSDT,bid,128,21410.0
2024-09-08 12:25:18,SOLUSDT,bid,128,7811.0
2024-09-08 12:25:18,SOLUSDT,bid,128,7810.0
2024-09-08 12:25:20,SOLUSDT,bid,128,8262.0
2024-09-08 12:25:20,SOLUSDT,bid,128,8231.0
2024-09-08 12:25:20,SOLUSDT,bid,128,7810.0
2024-09-08 12:25:20,SOLUSDT,bid,128,8262.0
2024-09-08 12:25:22,SOLUSDT,bid,128,8231.0
2024-09-08 12:25:23,SOLUSDT,bid,128,21748.0
2024-09-08 12:25:24,SOLUSDT,bid,128,7808.0
2024-09-08 12:25:24,SOLUSDT,bid,128,7823.0
2024-09-08 12:25:24,SOLUSDT,bid,128,7824.0
2024-09-08 12:25:24,SOLUSDT,bid,128,21410.0
2024-09-08 12:25:24,SOLUSDT,bid,128,7822.0
2024-09-08 12:25:24,SOLUSDT,bid,128,7820.0
2024-09-08 12:25:25,SOLUSDT,bid,128,7821.0
2024-09-08 12:25:25,SOLUSDT,bid,128,7824.0
2024-09-08 12:25:25,SOLUSDT,bid,128,7824.0
2024-09-08 12:25:26,SOLUSDT,bid,128,7825.0
2024-09-08 12:25:28,SOLUSDT,bid,128,7809.0
2024-09-08 12:25:30,SOLUSDT,bid,128,21414.0
2024-09-08 12:25:36,SOLUSDT,bid,128,8247.0
2024-09-08 12:25:36,SOLUSDT,bid,128,8231.0
2024-09-08 12:25:36,SOLUSDT,bid,128,8232.0
2024-09-08 12:25:39,SOLUSDT,bid,128,8233.0
2024-09-08 12:25:41,SOLUSDT,bid,128,21415.0
2024-09-08 12:25:41,SOLUSDT,bid,128,21411.0
2024-09-08 12:25:52,SOLUSDT,bid,128,21413.0
2024-09-08 12:25:53,SOLUSDT,bid,128,21751.0
2024-09-08 12:25:53,SOLUSDT,bid,128,21413.0
2024-09-08 12:26:00,SOLUSDT,bid,128,8241.0
2024-09-08 12:26:02,SOLUSDT,bid,128,21428.0
2024-09-08 12:26:02,SOLUSDT,bid,128,8436.0
2024-09-08 12:26:02,SOLUSDT,bid,128,21413.0
2024-09-08 12:26:02,SOLUSDT,bid,128,8438.0
2024-09-08 12:26:03,SOLUSDT,bid,128,8474.0
2024-09-08 12:26:03,SOLUSDT,bid,128,8436.0
2024-09-08 12:26:04,SOLUSDT,bid,128,8438.0
2024-09-08 12:26:05,SOLUSDT,bid,128,8436.0
2024-09-08 12:26:09,SOLUSDT,bid,128,8438.0
2024-09-08 12:26:10,SOLUSDT,bid,128,8436.0
2024-09-08 12:26:13,SOLUSDT,bid,128,8430.0
2024-09-08 12:26:24,SOLUSDT,bid,128,8432.0
2024-09-08 12:26:25,SOLUSDT,bid,128,8428.0
2024-09-08 12:26:26,SOLUSDT,bid,128,21413.0
2024-09-08 12:26:26,SOLUSDT,bid,128,8430.0
2024-09-08 12:26:27,SOLUSDT,bid,128,8251.0
2024-09-08 12:26:27,SOLUSDT,bid,128,8274.0
2024-09-08 12:26:27,SOLUSDT,bid,128,8281.0
2024-09-08 12:26:29,SOLUSDT,bid,128,21427.0
2024-09-08 12:26:29,SOLUSDT,bid,128,8279.0
2024-09-08 12:26:31,SOLUSDT,bid,128,8272.0
2024-09-08 12:26:32,SOLUSDT,bid,128,8256.0
2024-09-08 12:26:35,SOLUSDT,bid,128,21413.0
2024-09-08 12:26:35,SOLUSDT,bid,128,8258.0
2024-09-08 12:26:36,SOLUSDT,bid,128,8256.0
2024-09-08 12:26:41,SOLUSDT,bid,128,8258.0
2024-09-08 12:26:41,SOLUSDT,bid,128,8262.0
2024-09-08 12:26:42,SOLUSDT,bid,128,21414.0
2024-09-08 12:26:42,SOLUSDT,bid,128,8260.0
2024-09-08 12:26:44,SOLUSDT,bid,128,8276.0
2024-09-08 12:26:45,SOLUSDT,bid,128,21413.0
2024-09-08 12:26:45,SOLUSDT,bid,128,8260.0
2024-09-08 12:26:45,SOLUSDT,bid,128,21414.0
2024-09-08 12:26:49,SOLUSDT,bid,128,21481.0
2024-09-08 12:26:50,SOLUSDT,bid,128,8276.0
2024-09-08 12:26:51,SOLUSDT,bid,128,8272.0
2024-09-08 12:27:00,SOLUSDT,bid,128,21480.0
2024-09-08 12:27:00,SOLUSDT,bid,128,8256.0
2024-09-08 12:27:00,SOLUSDT,bid,128,8272.0
2024-09-08 12:27:01,SOLUSDT,bid,128,21530.0
2024-09-08 12:27:05,SOLUSDT,bid,128,8233.0
2024-09-08 12:27:13,SOLUSDT,bid,128,8231.0
2024-09-08 12:27:13,SOLUSDT,bid,128,8232.0
2024-09-08 12:27:18,SOLUSDT,bid,128,8216.0
2024-09-08 12:27:19,SOLUSDT,bid,128,8250.0
2024-09-08 12:27:19,SOLUSDT,bid,128,8216.0
2024-09-08 12:27:19,SOLUSDT,bid,128,8333.0
2024-09-08 12:27:19,SOLUSDT,bid,128,8216.0
2024-09-08 12:27:21,SOLUSDT,bid,128,8232.0
2024-09-08 12:27:25,SOLUSDT,bid,128,21531.0
2024-09-08 12:27:25,SOLUSDT,bid,128,21524.0
2024-09-08 12:27:25,SOLUSDT,bid,128,8217.0
2024-09-08 12:27:25,SOLUSDT,bid,128,8242.0
2024-09-08 12:27:25,SOLUSDT,bid,128,21558.0
2024-09-08 12:27:25,SOLUSDT,bid,128,8292.0
2024-09-08 12:27:25,SOLUSDT,bid,128,8294.0
2024-09-08 12:27:27,SOLUSDT,bid,128,8310.0
2024-09-08 12:27:27,SOLUSDT,bid,128,8325.0
2024-09-08 12:27:28,SOLUSDT,bid,128,8324.0
2024-09-08 12:27:32,SOLUSDT,bid,128,21565.0
2024-09-08 12:27:32,SOLUSDT,bid,128,21558.0
2024-09-08 12:27:33,SOLUSDT,bid,128,21573.0
2024-09-08 12:27:34,SOLUSDT,bid,128,21558.0
2024-09-08 12:27:35,SOLUSDT,bid,128,8324.0
2024-09-08 12:27:35,SOLUSDT,bid,128,21524.0
2024-09-08 12:27:35,SOLUSDT,bid,128,8323.0
2024-09-08 12:27:36,SOLUSDT,bid,128,8330.0
2024-09-08 12:27:46,SOLUSDT,bid,128,8944.0
2024-09-08 12:27:46,SOLUSDT,bid,128,8330.0
2024-09-08 12:27:54,SOLUSDT,bid,128,8323.0
2024-09-08 12:27:54,SOLUSDT,bid,128,8307.0
2024-09-08 12:27:54,SOLUSDT,bid,128,8292.0
2024-09-08 12:27:55,SOLUSDT,bid,128,21528.0
2024-09-08 12:27:58,SOLUSDT,bid,128,21531.0
2024-09-08 12:27:59,SOLUSDT,bid,128,21717.0
2024-09-08 12:27:59,SOLUSDT,bid,128,8308.0
2024-09-08 12:27:59,SOLUSDT,bid,128,8315.0
2024-09-08 12:28:00,SOLUSDT,bid,128,8315.0
2024-09-08 12:28:00,SOLUSDT,bid,128,8314.0
2024-09-08 12:28:02,SOLUSDT,bid,128,21554.0
2024-09-08 12:28:10,SOLUSDT,bid,128,8308.0
2024-09-08 12:28:10,SOLUSDT,bid,128,8535.0
2024-09-08 12:28:10,SOLUSDT,bid,128,8554.0
2024-09-08 12:28:10,SOLUSDT,bid,128,21557.0
2024-09-08 12:28:10,SOLUSDT,bid,128,8259.0
2024-09-08 12:28:10,SOLUSDT,bid,128,8238.0
2024-09-08 12:28:11,SOLUSDT,bid,128,21534.0
2024-09-08 12:28:11,SOLUSDT,bid,128,8222.0
2024-09-08 12:28:11,SOLUSDT,bid,128,8238.0
2024-09-08 12:28:21,SOLUSDT,bid,128,21555.0
2024-09-08 12:28:21,SOLUSDT,bid,128,8222.0
2024-09-08 12:28:21,SOLUSDT,bid,128,8238.0
2024-09-08 12:28:24,SOLUSDT,bid,128,21554.0
2024-09-08 12:28:29,SOLUSDT,bid,128,8339.0
2024-09-08 12:28:31,SOLUSDT,bid,128,8222.0
2024-09-08 12:28:32,SOLUSDT,bid,128,21555.0
2024-09-08 12:28:33,SOLUSDT,bid,128,8339.0
2024-09-08 12:28:34,SOLUSDT,bid,128,21505.0
2024-09-08 12:28:37,SOLUSDT,bid,128,8222.0
2024-09-08 12:28:38,SOLUSDT,bid,128,8394.0
2024-09-08 12:28:38,SOLUSDT,bid,128,21484.0
2024-09-08 12:28:38,SOLUSDT,bid,128,21481.0
2024-09-08 12:28:38,SOLUSDT,bid,128,8433.0
2024-09-08 12:28:40,SOLUSDT,bid,128,8628.0
2024-09-08 12:28:42,SOLUSDT,bid,128,8584.0
2024-09-08 12:28:42,SOLUSDT,bid,128,8406.0
2024-09-08 12:28:42,SOLUSDT,bid,128,8213.0
2024-09-08 12:28:43,SOLUSDT,bid,128,8197.0
2024-09-08 12:28:47,SOLUSDT,bid,128,8535.0
2024-09-08 12:28:50,SOLUSDT,bid,128,21481.0
2024-09-08 12:28:50,SOLUSDT,bid,128,8532.0
2024-09-08 12:28:50,SOLUSDT,bid,128,8548.0
2024-09-08 12:28:51,SOLUSDT,bid,128,8555.0
2024-09-08 12:28:53,SOLUSDT,bid,128,8548.0
2024-09-08 12:28:53,SOLUSDT,bid,128,8532.0
2024-09-08 12:28:53,SOLUSDT,bid,128,8194.0
2024-09-08 12:28:53,SOLUSDT,bid,128,8210.0
2024-09-08 12:28:53,SOLUSDT,bid,128,8208.0
2024-09-08 12:28:55,SOLUSDT,bid,128,8192.0
2024-09-08 12:28:56,SOLUSDT,bid,128,8208.0
2024-09-08 12:28:59,SOLUSDT,bid,128,21480.0
2024-09-08 12:29:02,SOLUSDT,bid,128,8192.0
2024-09-08 12:29:03,SOLUSDT,bid,128,8208.0
2024-09-08 12:29:05,SOLUSDT,bid,128,21495.0
2024-09-08 12:29:09,SOLUSDT,bid,128,8215.0
2024-09-08 12:29:10,SOLUSDT,bid,128,8234.0
2024-09-08 12:29:10,SOLUSDT,bid,128,8215.0
2024-09-08 12:29:11,SOLUSDT,bid,128,8234.0
2024-09-08 12:29:11,SOLUSDT,bid,128,8215.0
2024-09-08 12:29:11,SOLUSDT,bid,128,8234.0
2024-09-08 12:29:11,SOLUSDT,bid,128,8215.0
2024-09-08 12:29:12,SOLUSDT,bid,128,8208.0
2024-09-08 12:29:12,SOLUSDT,bid,128,8215.0
2024-09-08 12:29:12,SOLUSDT,bid,128,8234.0
2024-09-08 12:29:13,SOLUSDT,bid,128,8215.0
2024-09-08 12:29:13,SOLUSDT,bid,128,8208.0
2024-09-08 12:29:14,SOLUSDT,bid,128,8215.0
2024-09-08 12:29:15,SOLUSDT,bid,128,8208.0
2024-09-08 12:29:15,SOLUSDT,bid,128,21496.0
2024-09-08 12:29:17,SOLUSDT,bid,128,8215.0
2024-09-08 12:29:17,SOLUSDT,bid,128,8208.0
2024-09-08 12:29:18,SOLUSDT,bid,128,21501.0
2024-09-08 12:29:19,SOLUSDT,bid,128,8215.0
2024-09-08 12:29:19,SOLUSDT,bid,128,8234.0
2024-09-08 12:29:20,SOLUSDT,bid,128,8215.0
2024-09-08 12:29:21,SOLUSDT,bid,128,8208.0
2024-09-08 12:29:22,SOLUSDT,bid,128,21502.0
2024-09-08 12:29:24,SOLUSDT,bid,128,21501.0
2024-09-08 12:29:24,SOLUSDT,bid,128,8209.0
2024-09-08 12:29:24,SOLUSDT,bid,128,8212.0
2024-09-08 12:29:25,SOLUSDT,bid,128,21552.0
2024-09-08 12:29:25,SOLUSDT,bid,128,21552.0
2024-09-08 12:29:26,SOLUSDT,bid,128,8196.0
2024-09-08 12:29:26,SOLUSDT,bid,128,21547.0
2024-09-08 12:29:28,SOLUSDT,bid,128,8212.0
2024-09-08 12:29:30,SOLUSDT,bid,128,21546.0
2024-09-08 12:29:30,SOLUSDT,bid,128,21547.0
2024-09-08 12:29:32,SOLUSDT,bid,128,21547.0
2024-09-08 12:29:33,SOLUSDT,bid,128,8196.0
2024-09-08 12:29:34,SOLUSDT,bid,128,8193.0
2024-09-08 12:29:34,SOLUSDT,bid,128,8209.0
2024-09-08 12:29:36,SOLUSDT,bid,128,8193.0
2024-09-08 12:29:39,SOLUSDT,bid,128,8196.0
2024-09-08 12:29:39,SOLUSDT,bid,128,8212.0
2024-09-08 12:29:41,SOLUSDT,bid,128,8203.0
2024-09-08 12:29:49,SOLUSDT,bid,128,21546.0
2024-09-08 12:29:50,SOLUSDT,bid,128,8196.0
2024-09-08 12:29:52,SOLUSDT,bid,128,21546.0
2024-09-08 12:29:57,SOLUSDT,bid,128,21550.0
2024-09-08 12:29:59,SOLUSDT,bid,128,21551.0
2024-09-08 12:30:00,SOLUSDT,bid,128,21550.0
2024-09-08 12:30:00,SOLUSDT,bid,128,8212.0
2024-09-08 12:30:00,SOLUSDT,bid,128,8230.0
2024-09-08 12:30:01,SOLUSDT,bid,128,8227.0
2024-09-08 12:30:01,SOLUSDT,bid,128,21573.0
2024-09-08 12:30:01,SOLUSDT,bid,128,21802.0
2024-09-08 12:30:01,SOLUSDT,bid,128,8243.0
2024-09-08 12:30:03,SOLUSDT,bid,128,8227.0
2024-09-08 12:30:05,SOLUSDT,bid,128,21827.0
2024-09-08 12:30:09,SOLUSDT,bid,128,8230.0
2024-09-08 12:30:10,SOLUSDT,bid,128,21827.0
2024-09-08 12:30:11,SOLUSDT,bid,128,8196.0
2024-09-08 12:30:14,SOLUSDT,bid,128,8212.0
2024-09-08 12:30:16,SOLUSDT,bid,128,8196.0
2024-09-08 12:30:17,SOLUSDT,bid,128,8212.0
2024-09-08 12:30:18,SOLUSDT,bid,128,21834.0
2024-09-08 12:30:18,SOLUSDT,bid,128,21827.0
2024-09-08 12:30:18,SOLUSDT,bid,128,21834.0
2024-09-08 12:30:18,SOLUSDT,bid,128,8227.0
2024-09-08 12:30:18,SOLUSDT,bid,128,21827.0
2024-09-08 12:30:18,SOLUSDT,bid,128,21599.0
2024-09-08 12:30:20,SOLUSDT,bid,128,8234.0
2024-09-08 12:30:20,SOLUSDT,bid,128,21598.0
2024-09-08 12:30:20,SOLUSDT,bid,128,21599.0
2024-09-08 12:30:20,SOLUSDT,bid,128,8240.0
2024-09-08 12:30:21,SOLUSDT,bid,128,21598.0
2024-09-08 12:30:21,SOLUSDT,bid,128,21599.0
2024-09-08 12:30:21,SOLUSDT,bid,128,21598.0
2024-09-08 12:30:22,SOLUSDT,bid,128,8233.0
2024-09-08 12:30:22,SOLUSDT,bid,128,8217.0
2024-09-08 12:30:23,SOLUSDT,bid,128,8217.0
2024-09-08 12:30:23,SOLUSDT,bid,128,8233.0
2024-09-08 12:30:23,SOLUSDT,bid,128,21617.0
2024-09-08 12:30:23,SOLUSDT,bid,128,8318.0
2024-09-08 12:30:23,SOLUSDT,bid,128,21594.0
2024-09-08 12:30:23,SOLUSDT,bid,128,8303.0
2024-09-08 12:30:25,SOLUSDT,bid,128,21569.0
2024-09-08 12:30:25,SOLUSDT,bid,128,21907.0
2024-09-08 12:30:25,SOLUSDT,bid,128,8205.0
2024-09-08 12:30:25,SOLUSDT,bid,128,21569.0
2024-09-08 12:30:25,SOLUSDT,bid,128,8202.0
2024-09-08 12:30:25,SOLUSDT,bid,128,8218.0
2024-09-08 12:30:30,SOLUSDT,bid,128,8212.0
2024-09-08 12:30:38,SOLUSDT,bid,128,22183.0
2024-09-08 12:30:38,SOLUSDT,bid,128,21569.0
2024-09-08 12:30:39,SOLUSDT,bid,128,21570.0
2024-09-08 12:30:39,SOLUSDT,bid,128,21570.0
2024-09-08 12:30:39,SOLUSDT,bid,128,8196.0
2024-09-08 12:30:39,SOLUSDT,bid,128,21551.0
2024-09-08 12:30:39,SOLUSDT,bid,128,21550.0
2024-09-08 12:30:41,SOLUSDT,bid,128,8199.0
2024-09-08 12:31:02,SOLUSDT,bid,128,21575.0
2024-09-08 12:31:03,SOLUSDT,bid,128,21576.0
2024-09-08 12:31:06,SOLUSDT,bid,128,21732.0
2024-09-08 12:31:08,SOLUSDT,bid,128,8215.0
2024-09-08 12:31:08,SOLUSDT,bid,128,8212.0
2024-09-08 12:31:14,SOLUSDT,bid,128,8196.0
2024-09-08 12:31:15,SOLUSDT,bid,128,21728.0
2024-09-08 12:31:18,SOLUSDT,bid,128,8212.0
2024-09-08 12:31:21,SOLUSDT,bid,128,8196.0
2024-09-08 12:31:21,SOLUSDT,bid,128,8212.0
2024-09-08 12:31:21,SOLUSDT,bid,128,8213.0
2024-09-08 12:31:21,SOLUSDT,bid,128,8212.0
2024-09-08 12:31:31,SOLUSDT,bid,128,8196.0
2024-09-08 12:31:33,SOLUSDT,bid,128,8212.0
2024-09-08 12:31:33,SOLUSDT,bid,128,21729.0
2024-09-08 12:31:36,SOLUSDT,bid,128,21732.0
2024-09-08 12:31:37,SOLUSDT,bid,128,8219.0
2024-09-08 12:31:37,SOLUSDT,bid,128,8212.0
2024-09-08 12:31:40,SOLUSDT,bid,128,8221.0
2024-09-08 12:31:40,SOLUSDT,bid,128,8242.0
2024-09-08 12:31:40,SOLUSDT,bid,128,8212.0
2024-09-08 12:31:41,SOLUSDT,bid,128,8219.0
2024-09-08 12:31:42,SOLUSDT,bid,128,8238.0
2024-09-08 12:31:42,SOLUSDT,bid,128,8231.0
2024-09-08 12:31:43,SOLUSDT,bid,128,21729.0
2024-09-08 12:31:43,SOLUSDT,bid,128,8219.0
2024-09-08 12:31:43,SOLUSDT,bid,128,8212.0
2024-09-08 12:31:45,SOLUSDT,bid,128,21730.0
2024-09-08 12:31:45,SOLUSDT,bid,128,8196.0
2024-09-08 12:31:46,SOLUSDT,bid,128,21729.0
2024-09-08 12:31:46,SOLUSDT,bid,128,8212.0
2024-09-08 12:31:48,SOLUSDT,bid,128,8312.0
2024-09-08 12:31:48,SOLUSDT,bid,128,8212.0
2024-09-08 12:31:48,SOLUSDT,bid,128,21736.0
2024-09-08 12:31:48,SOLUSDT,bid,128,21729.0
2024-09-08 12:31:48,SOLUSDT,bid,128,21736.0
2024-09-08 12:31:49,SOLUSDT,bid,128,8219.0
2024-09-08 12:31:51,SOLUSDT,bid,128,21765.0
2024-09-08 12:31:51,SOLUSDT,bid,128,21758.0
2024-09-08 12:31:51,SOLUSDT,bid,128,8212.0
2024-09-08 12:31:53,SOLUSDT,bid,128,8412.0
2024-09-08 12:31:55,SOLUSDT,bid,128,8403.0
2024-09-08 12:31:56,SOLUSDT,bid,128,8396.0
2024-09-08 12:31:58,SOLUSDT,bid,128,8196.0
2024-09-08 12:32:01,SOLUSDT,bid,128,8197.0
2024-09-08 12:32:02,SOLUSDT,bid,128,21770.0
2024-09-08 12:32:03,SOLUSDT,bid,128,8397.0
2024-09-08 12:32:04,SOLUSDT,bid,128,21769.0
2024-09-08 12:32:04,SOLUSDT,bid,128,8396.0
2024-09-08 12:32:04,SOLUSDT,bid,128,8667.0
2024-09-08 12:32:04,SOLUSDT,bid,128,8674.0
2024-09-08 12:32:05,SOLUSDT,bid,128,8658.0
2024-09-08 12:32:06,SOLUSDT,bid,128,9265.0
2024-09-08 12:32:06,SOLUSDT,bid,128,9281.0
2024-09-08 12:32:07,SOLUSDT,bid,128,9265.0
2024-09-08 12:32:08,SOLUSDT,bid,128,9281.0
2024-09-08 12:32:10,SOLUSDT,bid,128,21770.0
2024-09-08 12:32:11,SOLUSDT,bid,128,21771.0
2024-09-08 12:32:12,SOLUSDT,bid,128,21770.0
2024-09-08 12:32:15,SOLUSDT,bid,128,9081.0
2024-09-08 12:32:17,SOLUSDT,bid,128,21771.0
2024-09-08 12:32:18,SOLUSDT,bid,128,21770.0
2024-09-08 12:32:22,SOLUSDT,bid,128,21769.0
2024-09-08 12:32:22,SOLUSDT,bid,128,8826.0
2024-09-08 12:32:22,SOLUSDT,bid,128,21758.0
2024-09-08 12:32:23,SOLUSDT,bid,128,21765.0
2024-09-08 12:32:23,SOLUSDT,bid,128,8212.0
2024-09-08 12:32:23,SOLUSDT,bid,128,8228.0
2024-09-08 12:32:24,SOLUSDT,bid,128,21758.0
2024-09-08 12:32:24,SOLUSDT,bid,128,8842.0
2024-09-08 12:32:30,SOLUSDT,bid,128,8848.0
2024-09-08 12:32:36,SOLUSDT,bid,128,8234.0
2024-09-08 12:32:38,SOLUSDT,bid,128,8234.0
2024-09-08 12:32:38,SOLUSDT,bid,128,8241.0
2024-09-08 12:32:39,SOLUSDT,bid,128,8234.0
2024-09-08 12:32:40,SOLUSDT,bid,128,8228.0
2024-09-08 12:32:52,SOLUSDT,bid,128,21776.0
2024-09-08 12:32:56,SOLUSDT,bid,128,21774.0
2024-09-08 12:32:58,SOLUSDT,bid,128,8212.0
2024-09-08 12:32:58,SOLUSDT,bid,128,8228.0
2024-09-08 12:32:58,SOLUSDT,bid,128,8235.0
2024-09-08 12:32:59,SOLUSDT,bid,128,21780.0
2024-09-08 12:32:59,SOLUSDT,bid,128,8228.0
2024-09-08 12:33:00,SOLUSDT,bid,128,21781.0
2024-09-08 12:33:00,SOLUSDT,bid,128,8235.0
2024-09-08 12:33:00,SOLUSDT,bid,128,21790.0
2024-09-08 12:33:01,SOLUSDT,bid,128,21781.0
2024-09-08 12:33:02,SOLUSDT,bid,128,21774.0
2024-09-08 12:33:03,SOLUSDT,bid,128,8228.0
2024-09-08 12:33:08,SOLUSDT,bid,128,8229.0
2024-09-08 12:33:08,SOLUSDT,bid,128,8228.0
2024-09-08 12:33:09,SOLUSDT,bid,128,21772.0
2024-09-08 12:33:10,SOLUSDT,bid,128,8235.0
2024-09-08 12:33:10,SOLUSDT,bid,128,8228.0
2024-09-08 12:33:11,SOLUSDT,bid,128,8231.0
2024-09-08 12:33:11,SOLUSDT,bid,128,21771.0
2024-09-08 12:33:13,SOLUSDT,bid,128,8238.0
2024-09-08 12:33:15,SOLUSDT,bid,128,8231.0
2024-09-08 12:33:21,SOLUSDT,bid,128,8228.0
2024-09-08 12:33:29,SOLUSDT,bid,128,21771.0
2024-09-08 12:33:29,SOLUSDT,bid,128,24746.0
2024-09-08 12:33:29,SOLUSDT,bid,128,8196.0
2024-09-08 12:33:29,SOLUSDT,bid,128,21771.0
2024-09-08 12:33:29,SOLUSDT,bid,128,21771.0
2024-09-08 12:33:30,SOLUSDT,bid,128,24669.0
2024-09-08 12:33:30,SOLUSDT,bid,128,21771.0
2024-09-08 12:33:33,SOLUSDT,bid,128,8210.0
2024-09-08 12:33:33,SOLUSDT,bid,128,21772.0
2024-09-08 12:33:35,SOLUSDT,bid,128,21771.0
2024-09-08 12:33:36,SOLUSDT,bid,128,21776.0
2024-09-08 12:33:37,SOLUSDT,bid,128,21775.0
2024-09-08 12:33:39,SOLUSDT,bid,128,8196.0
2024-09-08 12:33:45,SOLUSDT,bid,128,21770.0
2024-09-08 12:34:00,SOLUSDT,bid,128,8220.0
2024-09-08 12:34:00,SOLUSDT,bid,128,8235.0
2024-09-08 12:34:17,SOLUSDT,bid,128,8236.0
2024-09-08 12:34:19,SOLUSDT,bid,128,8235.0
2024-09-08 12:34:23,SOLUSDT,bid,128,21842.0
2024-09-08 12:34:23,SOLUSDT,bid,128,8251.0
2024-09-08 12:34:23,SOLUSDT,bid,128,8235.0
2024-09-08 12:34:24,SOLUSDT,bid,128,8251.0
2024-09-08 12:34:24,SOLUSDT,bid,128,8252.0
2024-09-08 12:34:25,SOLUSDT,bid,128,8251.0
2024-09-08 12:34:27,SOLUSDT,bid,128,23543.0
2024-09-08 12:34:27,SOLUSDT,bid,128,21842.0
2024-09-08 12:34:28,SOLUSDT,bid,128,8251.0
2024-09-08 12:34:35,SOLUSDT,bid,128,21843.0
2024-09-08 12:34:37,SOLUSDT,bid,128,8238.0
2024-09-08 12:34:38,SOLUSDT,bid,128,8254.0
2024-09-08 12:34:40,SOLUSDT,bid,128,21844.0
2024-09-08 12:34:42,SOLUSDT,bid,128,8243.0
2024-09-08 12:34:42,SOLUSDT,bid,128,8250.0
2024-09-08 12:34:42,SOLUSDT,bid,128,21844.0
2024-09-08 12:34:42,SOLUSDT,bid,128,11120.0
2024-09-08 12:34:42,SOLUSDT,bid,128,8218.0
2024-09-08 12:34:44,SOLUSDT,bid,128,10947.0
2024-09-08 12:34:44,SOLUSDT,bid,128,8218.0
2024-09-08 12:34:44,SOLUSDT,bid,128,8211.0
2024-09-08 12:34:46,SOLUSDT,bid,128,21843.0
2024-09-08 12:34:53,SOLUSDT,bid,128,10386.0
2024-09-08 12:34:53,SOLUSDT,bid,128,8211.0
2024-09-08 12:34:53,SOLUSDT,bid,128,8227.0
2024-09-08 12:35:00,SOLUSDT,bid,128,21843.0
2024-09-08 12:35:00,SOLUSDT,bid,128,21843.0
2024-09-08 12:35:04,SOLUSDT,bid,128,10303.0
2024-09-08 12:35:04,SOLUSDT,bid,128,8227.0
2024-09-08 12:35:05,SOLUSDT,bid,128,10317.0
2024-09-08 12:35:05,SOLUSDT,bid,128,8227.0
2024-09-08 12:35:05,SOLUSDT,bid,128,8211.0
2024-09-08 12:35:05,SOLUSDT,bid,128,21819.0
2024-09-08 12:35:05,SOLUSDT,bid,128,8211.0
2024-09-08 12:35:14,SOLUSDT,bid,128,21826.0
2024-09-08 12:35:17,SOLUSDT,bid,128,21802.0
2024-09-08 12:35:22,SOLUSDT,bid,128,8220.0
2024-09-08 12:35:33,SOLUSDT,bid,128,22214.0
2024-09-08 12:35:34,SOLUSDT,bid,128,21802.0
2024-09-08 12:35:34,SOLUSDT,bid,128,22214.0
2024-09-08 12:35:34,SOLUSDT,bid,128,8221.0
2024-09-08 12:35:35,SOLUSDT,bid,128,8212.0
2024-09-08 12:35:38,SOLUSDT,bid,128,8213.0
2024-09-08 12:35:38,SOLUSDT,bid,128,8212.0
2024-09-08 12:35:39,SOLUSDT,bid,128,8211.0
2024-09-08 12:35:42,SOLUSDT,bid,128,8211.0
2024-09-08 12:35:45,SOLUSDT,bid,128,21802.0
2024-09-08 12:35:58,SOLUSDT,bid,128,21799.0
2024-09-08 12:35:59,SOLUSDT,bid,128,8212.0
2024-09-08 12:36:01,SOLUSDT,bid,128,8211.0
2024-09-08 12:36:01,SOLUSDT,bid,128,9628.0
2024-09-08 12:36:01,SOLUSDT,bid,128,8211.0
2024-09-08 12:36:01,SOLUSDT,bid,128,8218.0
2024-09-08 12:36:02,SOLUSDT,bid,128,8832.0
2024-09-08 12:36:03,SOLUSDT,bid,128,8832.0
2024-09-08 12:36:03,SOLUSDT,bid,128,8832.0
2024-09-08 12:36:04,SOLUSDT,bid,128,8832.0
2024-09-08 12:36:06,SOLUSDT,bid,128,10620.0
2024-09-08 12:36:06,SOLUSDT,bid,128,8832.0
2024-09-08 12:36:06,SOLUSDT,bid,128,8832.0
2024-09-08 12:36:06,SOLUSDT,bid,128,8218.0
2024-09-08 12:36:07,SOLUSDT,bid,128,8218.0
2024-09-08 12:36:07,SOLUSDT,bid,128,8243.0
2024-09-08 12:36:07,SOLUSDT,bid,128,21780.0
2024-09-08 12:36:07,SOLUSDT,bid,128,8226.0
2024-09-08 12:36:07,SOLUSDT,bid,128,8242.0
2024-09-08 12:36:08,SOLUSDT,bid,128,21787.0
2024-09-08 12:36:08,SOLUSDT,bid,128,21785.0
2024-09-08 12:36:08,SOLUSDT,bid,128,8234.0
2024-09-08 12:36:08,SOLUSDT,bid,128,8219.0
2024-09-08 12:36:09,SOLUSDT,bid,128,21787.0
2024-09-08 12:36:09,SOLUSDT,bid,128,8297.0
2024-09-08 12:36:09,SOLUSDT,bid,128,8281.0
2024-09-08 12:36:09,SOLUSDT,bid,128,8297.0
2024-09-08 12:36:10,SOLUSDT,bid,128,8304.0
2024-09-08 12:36:10,SOLUSDT,bid,128,21782.0
2024-09-08 12:36:10,SOLUSDT,bid,128,21794.0
2024-09-08 12:36:14,SOLUSDT,bid,128,21803.0
2024-09-08 12:36:14,SOLUSDT,bid,128,21785.0
2024-09-08 12:36:16,SOLUSDT,bid,128,21775.0
2024-09-08 12:36:16,SOLUSDT,bid,128,8297.0
2024-09-08 12:36:16,SOLUSDT,bid,128,8200.0
2024-09-08 12:36:17,SOLUSDT,bid,128,21778.0
2024-09-08 12:36:19,SOLUSDT,bid,128,21785.0
2024-09-08 12:36:21,SOLUSDT,bid,128,8216.0
2024-09-08 12:36:21,SOLUSDT,bid,128,8212.0
2024-09-08 12:36:21,SOLUSDT,bid,128,8219.0
2024-09-08 12:36:21,SOLUSDT,bid,128,8203.0
2024-09-08 12:36:21,SOLUSDT,bid,128,8196.0
2024-09-08 12:36:24,SOLUSDT,bid,128,8296.0
2024-09-08 12:36:24,SOLUSDT,bid,128,8303.0
2024-09-08 12:36:26,SOLUSDT,bid,128,8203.0
2024-09-08 12:36:26,SOLUSDT,bid,128,8303.0
2024-09-08 12:36:27,SOLUSDT,bid,128,8203.0
2024-09-08 12:36:31,SOLUSDT,bid,128,8303.0
2024-09-08 12:36:31,SOLUSDT,bid,128,8296.0
2024-09-08 12:36:31,SOLUSDT,bid,128,8196.0
2024-09-08 12:36:32,SOLUSDT,bid,128,8296.0
2024-09-08 12:36:32,SOLUSDT,bid,128,8303.0
2024-09-08 12:36:32,SOLUSDT,bid,128,8203.0
2024-09-08 12:36:33,SOLUSDT,bid,128,8196.0
2024-09-08 12:36:35,SOLUSDT,bid,128,8199.0
2024-09-08 12:36:38,SOLUSDT,bid,128,8205.0
2024-09-08 12:36:38,SOLUSDT,bid,128,8202.0
2024-09-08 12:36:39,SOLUSDT,bid,128,21782.0
2024-09-08 12:36:39,SOLUSDT,bid,128,8263.0
2024-09-08 12:36:39,SOLUSDT,bid,128,8247.0
2024-09-08 12:36:40,SOLUSDT,bid,128,8251.0
2024-09-08 12:36:40,SOLUSDT,bid,128,8208.0
2024-09-08 12:36:40,SOLUSDT,bid,128,8209.0
2024-09-08 12:36:40,SOLUSDT,bid,128,8202.0
2024-09-08 12:36:40,SOLUSDT,bid,128,8252.0
2024-09-08 12:36:41,SOLUSDT,bid,128,8283.0
2024-09-08 12:36:41,SOLUSDT,bid,128,8285.0
2024-09-08 12:36:41,SOLUSDT,bid,128,8300.0
2024-09-08 12:36:41,SOLUSDT,bid,128,8302.0
2024-09-08 12:36:41,SOLUSDT,bid,128,8305.0
2024-09-08 12:36:41,SOLUSDT,bid,128,21781.0
2024-09-08 12:36:41,SOLUSDT,bid,128,8304.0
2024-09-08 12:36:42,SOLUSDT,bid,128,8280.0
2024-09-08 12:36:42,SOLUSDT,bid,128,8380.0
2024-09-08 12:36:42,SOLUSDT,bid,128,8381.0
2024-09-08 12:36:43,SOLUSDT,bid,128,8281.0
2024-09-08 12:36:44,SOLUSDT,bid,128,21816.0
2024-09-08 12:36:44,SOLUSDT,bid,128,8250.0
2024-09-08 12:36:45,SOLUSDT,bid,128,8254.0
2024-09-08 12:36:45,SOLUSDT,bid,128,8302.0
2024-09-08 12:36:45,SOLUSDT,bid,128,8298.0
2024-09-08 12:36:46,SOLUSDT,bid,128,21816.0
2024-09-08 12:36:46,SOLUSDT,bid,128,8250.0
2024-09-08 12:36:46,SOLUSDT,bid,128,8298.0
2024-09-08 12:36:47,SOLUSDT,bid,128,8327.0
2024-09-08 12:36:47,SOLUSDT,bid,128,8391.0
2024-09-08 12:36:49,SOLUSDT,bid,128,21815.0
2024-09-08 12:36:50,SOLUSDT,bid,128,8295.0
2024-09-08 12:36:52,SOLUSDT,bid,128,8266.0
2024-09-08 12:36:52,SOLUSDT,bid,128,8267.0
2024-09-08 12:36:53,SOLUSDT,bid,128,8269.0
2024-09-08 12:36:54,SOLUSDT,bid,128,8308.0
2024-09-08 12:36:54,SOLUSDT,bid,128,8290.0
2024-09-08 12:36:54,SOLUSDT,bid,128,8289.0
2024-09-08 12:36:54,SOLUSDT,bid,128,8305.0
2024-09-08 12:36:54,SOLUSDT,bid,128,21854.0
2024-09-08 12:36:54,SOLUSDT,bid,128,8304.0
2024-09-08 12:36:55,SOLUSDT,bid,128,8308.0
2024-09-08 12:36:55,SOLUSDT,bid,128,8339.0
2024-09-08 12:36:55,SOLUSDT,bid,128,8341.0
2024-09-08 12:36:55,SOLUSDT,bid,128,8312.0
2024-09-08 12:36:56,SOLUSDT,bid,128,8312.0
2024-09-08 12:36:58,SOLUSDT,bid,128,7940.0
2024-09-08 12:36:58,SOLUSDT,bid,128,7952.0
2024-09-08 12:36:58,SOLUSDT,bid,128,7961.0
2024-09-08 12:36:58,SOLUSDT,bid,128,7962.0
2024-09-08 12:36:59,SOLUSDT,bid,128,7960.0
2024-09-08 12:36:59,SOLUSDT,bid,128,7957.0
2024-09-08 12:36:59,SOLUSDT,bid,128,7959.0
2024-09-08 12:36:59,SOLUSDT,bid,128,7958.0
2024-09-08 12:36:59,SOLUSDT,bid,128,7936.0
2024-09-08 12:37:00,SOLUSDT,bid,128,21950.0
2024-09-08 12:37:00,SOLUSDT,bid,128,21979.0
2024-09-08 12:37:00,SOLUSDT,bid,128,21931.0
2024-09-08 12:37:01,SOLUSDT,bid,128,21883.0
2024-09-08 12:37:02,SOLUSDT,bid,128,21916.0
2024-09-08 12:37:06,SOLUSDT,bid,128,22166.0
2024-09-08 12:37:08,SOLUSDT,bid,128,22205.0
2024-09-08 12:37:11,SOLUSDT,bid,128,22166.0
2024-09-08 12:37:11,SOLUSDT,bid,128,22161.0
2024-09-08 12:37:13,SOLUSDT,bid,128,22136.0
2024-09-08 12:37:18,SOLUSDT,bid,128,22101.0
2024-09-08 12:37:26,SOLUSDT,bid,128,22104.0
2024-09-08 12:37:26,SOLUSDT,bid,128,22231.0
2024-09-08 12:37:32,SOLUSDT,bid,128,22231.0
2024-09-08 12:37:32,SOLUSDT,bid,128,22247.0
2024-09-08 12:37:34,SOLUSDT,bid,128,22231.0
2024-09-08 12:37:34,SOLUSDT,bid,128,22235.0
2024-09-08 12:37:34,SOLUSDT,bid,128,22231.0
2024-09-08 12:37:34,SOLUSDT,bid,128,22289.0
2024-09-08 12:37:36,SOLUSDT,bid,128,22046.0
2024-09-08 12:37:37,SOLUSDT,bid,128,21851.0
2024-09-08 12:37:44,SOLUSDT,bid,128,21793.0
2024-09-08 12:37:46,SOLUSDT,bid,128,21873.0
2024-09-08 12:37:47,SOLUSDT,bid,128,21844.0
2024-09-08 12:37:47,SOLUSDT,bid,128,21793.0
2024-09-08 12:37:49,SOLUSDT,bid,128,21808.0
2024-09-08 12:37:49,SOLUSDT,bid,128,21839.0
2024-09-08 12:37:49,SOLUSDT,bid,128,21939.0
2024-09-08 12:37:50,SOLUSDT,bid,128,21839.0
2024-09-08 12:37:50,SOLUSDT,bid,128,21892.0
2024-09-08 12:37:50,SOLUSDT,bid,128,21894.0
2024-09-08 12:37:50,SOLUSDT,bid,128,21923.0
2024-09-08 12:37:52,SOLUSDT,bid,128,21894.0
2024-09-08 12:37:52,SOLUSDT,bid,128,21890.0
2024-09-08 12:37:52,SOLUSDT,bid,128,21892.0
2024-09-08 12:37:53,SOLUSDT,bid,128,21890.0
2024-09-08 12:37:54,SOLUSDT,bid,128,21892.0
2024-09-08 12:37:55,SOLUSDT,bid,128,21894.0
2024-09-08 12:37:55,SOLUSDT,bid,128,21890.0
2024-09-08 12:37:59,SOLUSDT,bid,128,21793.0
2024-09-08 12:38:01,SOLUSDT,bid,128,21783.0
2024-09-08 12:38:07,SOLUSDT,bid,128,21796.0
2024-09-08 12:38:12,SOLUSDT,bid,128,22422.0
2024-09-08 12:38:13,SOLUSDT,bid,128,22409.0
2024-09-08 12:38:14,SOLUSDT,bid,128,22412.0
2024-09-08 12:38:15,SOLUSDT,bid,128,22375.0
2024-09-08 12:38:16,SOLUSDT,bid,128,22422.0
2024-09-08 12:38:16,SOLUSDT,bid,128,22429.0
2024-09-08 12:38:16,SOLUSDT,bid,128,22426.0
2024-09-08 12:38:16,SOLUSDT,bid,128,22430.0
2024-09-08 12:38:17,SOLUSDT,bid,128,22423.0
2024-09-08 12:38:17,SOLUSDT,bid,128,22424.0
2024-09-08 12:38:17,SOLUSDT,bid,128,22404.0
2024-09-08 12:38:17,SOLUSDT,bid,128,22407.0
2024-09-08 12:38:17,SOLUSDT,bid,128,22375.0
2024-09-08 12:38:17,SOLUSDT,bid,128,22298.0
2024-09-08 12:38:18,SOLUSDT,bid,128,22293.0
2024-09-08 12:38:18,SOLUSDT,bid,128,20864.0
2024-09-08 12:38:18,SOLUSDT,bid,128,20861.0
2024-09-08 12:38:19,SOLUSDT,bid,128,20860.0
2024-09-08 12:38:19,SOLUSDT,bid,128,20853.0
2024-09-08 12:38:19,SOLUSDT,bid,128,20729.0
2024-09-08 12:38:19,SOLUSDT,bid,128,20103.0
2024-09-08 12:38:19,SOLUSDT,bid,128,20111.0
2024-09-08 12:38:20,SOLUSDT,bid,128,20033.0
2024-09-08 12:38:20,SOLUSDT,bid,128,20054.0
2024-09-08 12:38:20,SOLUSDT,bid,128,19919.0
2024-09-08 12:38:20,SOLUSDT,bid,128,19911.0
2024-09-08 12:38:21,SOLUSDT,bid,128,19578.0
2024-09-08 12:38:21,SOLUSDT,bid,128,19569.0
2024-09-08 12:38:22,SOLUSDT,bid,128,19554.0
2024-09-08 12:38:22,SOLUSDT,bid,128,19502.0
2024-09-08 12:38:22,SOLUSDT,bid,128,19511.0
2024-09-08 12:38:23,SOLUSDT,bid,128,19494.0
2024-09-08 12:38:23,SOLUSDT,bid,128,19324.0
2024-09-08 12:38:24,SOLUSDT,bid,128,19280.0
2024-09-08 12:38:24,SOLUSDT,bid,128,19248.0
2024-09-08 12:38:24,SOLUSDT,bid,128,19247.0
2024-09-08 12:38:24,SOLUSDT,bid,128,19172.0
2024-09-08 12:38:25,SOLUSDT,bid,128,19176.0
2024-09-08 12:38:25,SOLUSDT,bid,128,19178.0
2024-09-08 12:38:26,SOLUSDT,bid,128,19129.0
2024-09-08 12:38:26,SOLUSDT,bid,128,18342.0
2024-09-08 12:38:27,SOLUSDT,bid,128,18325.0
2024-09-08 12:38:28,SOLUSDT,bid,128,18327.0
2024-09-08 12:38:28,SOLUSDT,bid,128,18335.0
2024-09-08 12:38:29,SOLUSDT,bid,128,18251.0
2024-09-08 12:38:29,SOLUSDT,bid,128,18252.0
2024-09-08 12:38:29,SOLUSDT,bid,128,18275.0
2024-09-08 12:38:29,SOLUSDT,bid,128,18257.0
2024-09-08 12:38:29,SOLUSDT,bid,128,9775.0
2024-09-08 12:38:30,SOLUSDT,bid,128,9714.0
2024-09-08 12:38:30,SOLUSDT,bid,128,9712.0
2024-09-08 12:38:30,SOLUSDT,bid,128,9713.0
2024-09-08 12:38:30,SOLUSDT,bid,128,9710.0
2024-09-08 12:38:30,SOLUSDT,bid,128,9705.0
2024-09-08 12:38:31,SOLUSDT,bid,128,9647.0
2024-09-08 12:38:31,SOLUSDT,bid,128,9648.0
2024-09-08 12:38:31,SOLUSDT,bid,128,9647.0
2024-09-08 12:38:31,SOLUSDT,bid,128,9648.0
2024-09-08 12:38:31,SOLUSDT,bid,128,9656.0
2024-09-08 12:38:31,SOLUSDT,bid,128,9657.0
2024-09-08 12:38:31,SOLUSDT,bid,128,9397.0
2024-09-08 12:38:32,SOLUSDT,bid,128,9385.0
2024-09-08 12:38:33,SOLUSDT,bid,128,9386.0
2024-09-08 12:38:33,SOLUSDT,bid,128,9385.0
2024-09-08 12:38:33,SOLUSDT,bid,128,9386.0
2024-09-08 12:38:34,SOLUSDT,bid,128,9379.0
2024-09-08 12:38:34,SOLUSDT,bid,128,9378.0
2024-09-08 12:38:34,SOLUSDT,bid,128,9328.0
2024-09-08 12:38:35,SOLUSDT,bid,128,9327.0
2024-09-08 12:38:35,SOLUSDT,bid,128,9331.0
2024-09-08 12:38:35,SOLUSDT,bid,128,9327.0
2024-09-08 12:38:35,SOLUSDT,bid,128,9310.0
2024-09-08 12:38:36,SOLUSDT,bid,128,9314.0
2024-09-08 12:38:36,SOLUSDT,bid,128,9310.0
2024-09-08 12:38:37,SOLUSDT,bid,128,9309.0
2024-09-08 12:38:42,SOLUSDT,bid,128,9310.0
2024-09-08 12:38:43,SOLUSDT,bid,128,9359.0
2024-09-08 12:38:43,SOLUSDT,bid,128,9358.0
2024-09-08 12:38:43,SOLUSDT,bid,128,9304.0
2024-09-08 12:38:43,SOLUSDT,bid,128,9304.0
2024-09-08 12:38:44,SOLUSDT,bid,128,9306.0
2024-09-08 12:38:44,SOLUSDT,bid,128,9304.0
2024-09-08 12:38:45,SOLUSDT,bid,128,9306.0
2024-09-08 12:38:45,SOLUSDT,bid,128,9304.0
2024-09-08 12:38:47,SOLUSDT,bid,128,9307.0
2024-09-08 12:38:49,SOLUSDT,bid,128,9933.0
2024-09-08 12:38:53,SOLUSDT,bid,128,9925.0
2024-09-08 12:38:54,SOLUSDT,bid,128,9925.0
2024-09-08 12:38:55,SOLUSDT,bid,128,9922.0
2024-09-08 12:38:55,SOLUSDT,bid,128,9925.0
2024-09-08 12:38:55,SOLUSDT,bid,128,9922.0
2024-09-08 12:38:56,SOLUSDT,bid,128,9925.0
2024-09-08 12:38:57,SOLUSDT,bid,128,9922.0
2024-09-08 12:38:57,SOLUSDT,bid,128,9925.0
2024-09-08 12:38:59,SOLUSDT,bid,128,29347.0
2024-09-08 12:39:00,SOLUSDT,bid,128,29352.0
2024-09-08 12:39:00,SOLUSDT,bid,128,29392.0
2024-09-08 12:39:00,SOLUSDT,bid,128,29390.0
2024-09-08 12:39:00,SOLUSDT,bid,128,29414.0
2024-09-08 12:39:00,SOLUSDT,bid,128,29365.0
2024-09-08 12:39:01,SOLUSDT,bid,128,29364.0
2024-09-08 12:39:04,SOLUSDT,bid,128,29365.0
2024-09-08 12:39:07,SOLUSDT,bid,128,29362.0
2024-09-08 12:39:08,SOLUSDT,bid,128,29418.0
2024-09-08 12:39:09,SOLUSDT,bid,128,29457.0
2024-09-08 12:39:09,SOLUSDT,bid,128,29493.0
2024-09-08 12:39:09,SOLUSDT,bid,128,29387.0
2024-09-08 12:39:09,SOLUSDT,bid,128,29362.0
2024-09-08 12:39:12,SOLUSDT,bid,128,29587.0
2024-09-08 12:39:14,SOLUSDT,bid,128,29362.0
2024-09-08 12:39:14,SOLUSDT,bid,128,29402.0
2024-09-08 12:39:14,SOLUSDT,bid,128,29428.0
2024-09-08 12:39:19,SOLUSDT,bid,128,29424.0
2024-09-08 12:39:19,SOLUSDT,bid,128,29409.0
2024-09-08 12:39:22,SOLUSDT,bid,128,29399.0
2024-09-08 12:39:25,SOLUSDT,bid,128,29390.0
2024-09-08 12:39:28,SOLUSDT,bid,128,29396.0
2024-09-08 12:39:28,SOLUSDT,bid,128,29435.0
2024-09-08 12:39:28,SOLUSDT,bid,128,29433.0
2024-09-08 12:39:30,SOLUSDT,bid,128,29430.0
2024-09-08 12:39:30,SOLUSDT,bid,128,29430.0
2024-09-08 12:39:31,SOLUSDT,bid,128,29318.0
2024-09-08 12:39:31,SOLUSDT,bid,128,29319.0
2024-09-08 12:39:31,SOLUSDT,bid,128,29303.0
2024-09-08 12:39:31,SOLUSDT,bid,128,29298.0
2024-09-08 12:39:32,SOLUSDT,bid,128,29260.0
2024-09-08 12:39:32,SOLUSDT,bid,128,29247.0
2024-09-08 12:39:33,SOLUSDT,bid,128,29248.0
2024-09-08 12:39:33,SOLUSDT,bid,128,29270.0
2024-09-08 12:39:33,SOLUSDT,bid,128,29262.0
2024-09-08 12:39:34,SOLUSDT,bid,128,29224.0
2024-09-08 12:39:34,SOLUSDT,bid,128,29225.0
2024-09-08 12:39:35,SOLUSDT,bid,128,28256.0
2024-09-08 12:39:35,SOLUSDT,bid,128,28251.0
2024-09-08 12:39:37,SOLUSDT,bid,128,28206.0
2024-09-08 12:39:37,SOLUSDT,bid,128,28215.0
2024-09-08 12:39:37,SOLUSDT,bid,128,28201.0
2024-09-08 12:39:38,SOLUSDT,bid,128,28204.0
2024-09-08 12:39:38,SOLUSDT,bid,128,28201.0
2024-09-08 12:39:39,SOLUSDT,bid,128,28141.0
2024-09-08 12:39:40,SOLUSDT,bid,128,21304.0
2024-09-08 12:39:40,SOLUSDT,bid,128,21298.0
2024-09-08 12:39:41,SOLUSDT,bid,128,21213.0
2024-09-08 12:39:41,SOLUSDT,bid,128,21044.0
2024-09-08 12:39:41,SOLUSDT,bid,128,21045.0
2024-09-08 12:39:42,SOLUSDT,bid,128,21049.0
2024-09-08 12:39:42,SOLUSDT,bid,128,21048.0
2024-09-08 12:39:43,SOLUSDT,bid,128,21043.0
2024-09-08 12:39:43,SOLUSDT,bid,128,21005.0
2024-09-08 12:39:43,SOLUSDT,bid,128,20998.0
2024-09-08 12:39:43,SOLUSDT,bid,128,21001.0
2024-09-08 12:39:44,SOLUSDT,bid,128,20934.0
2024-09-08 12:39:44,SOLUSDT,bid,128,20933.0
2024-09-08 12:39:44,SOLUSDT,bid,128,20924.0
2024-09-08 12:39:45,SOLUSDT,bid,128,20926.0
2024-09-08 12:39:45,SOLUSDT,bid,128,20927.0
2024-09-08 12:39:45,SOLUSDT,bid,128,20787.0
2024-09-08 12:39:46,SOLUSDT,bid,128,20786.0
2024-09-08 12:39:46,SOLUSDT,bid,128,20783.0
2024-09-08 12:39:46,SOLUSDT,bid,128,20778.0
2024-09-08 12:39:46,SOLUSDT,bid,128,20779.0
2024-09-08 12:39:47,SOLUSDT,bid,128,20776.0
2024-09-08 12:39:47,SOLUSDT,bid,128,20773.0
2024-09-08 12:39:48,SOLUSDT,bid,128,20772.0
2024-09-08 12:39:48,SOLUSDT,bid,128,20774.0
2024-09-08 12:39:48,SOLUSDT,bid,128,20771.0
2024-09-08 12:39:48,SOLUSDT,bid,128,20774.0
2024-09-08 12:39:49,SOLUSDT,bid,128,20783.0
2024-09-08 12:39:49,SOLUSDT,bid,128,20787.0
2024-09-08 12:39:50,SOLUSDT,bid,128,20786.0
2024-09-08 12:39:50,SOLUSDT,bid,128,20787.0
2024-09-08 12:39:50,SOLUSDT,bid,128,20781.0
2024-09-08 12:39:52,SOLUSDT,bid,128,20727.0
2024-09-08 12:39:52,SOLUSDT,bid,128,20733.0
2024-09-08 12:39:53,SOLUSDT,bid,128,20728.0
2024-09-08 12:39:53,SOLUSDT,bid,128,20720.0
2024-09-08 12:39:53,SOLUSDT,bid,128,20723.0
2024-09-08 12:39:54,SOLUSDT,bid,128,20643.0
2024-09-08 12:39:54,SOLUSDT,bid,128,20646.0
2024-09-08 12:39:54,SOLUSDT,bid,128,20684.0
2024-09-08 12:39:54,SOLUSDT,bid,128,20694.0
2024-09-08 12:39:54,SOLUSDT,bid,128,20713.0
2024-09-08 12:39:55,SOLUSDT,bid,128,20714.0
2024-09-08 12:39:56,SOLUSDT,bid,128,20633.0
2024-09-08 12:39:56,SOLUSDT,bid,128,20615.0
2024-09-08 12:39:56,SOLUSDT,bid,128,20613.0
2024-09-08 12:39:58,SOLUSDT,bid,128,20577.0
2024-09-08 12:39:58,SOLUSDT,bid,128,20567.0
2024-09-08 12:39:58,SOLUSDT,bid,128,20574.0
2024-09-08 12:39:59,SOLUSDT,bid,128,20573.0
2024-09-08 12:40:00,SOLUSDT,bid,128,20556.0
2024-09-08 12:40:00,SOLUSDT,bid,128,20557.0
2024-09-08 12:40:01,SOLUSDT,bid,128,19931.0
2024-09-08 12:40:02,SOLUSDT,bid,128,19930.0
2024-09-08 12:40:03,SOLUSDT,bid,128,19921.0
2024-09-08 12:40:15,SOLUSDT,bid,128,19851.0
2024-09-08 12:40:18,SOLUSDT,bid,128,19890.0
2024-09-08 12:40:19,SOLUSDT,bid,128,19906.0
2024-09-08 12:40:21,SOLUSDT,bid,128,19907.0
2024-09-08 12:40:24,SOLUSDT,bid,128,19908.0
2024-09-08 12:40:26,SOLUSDT,bid,128,19868.0
2024-09-08 12:40:26,SOLUSDT,bid,128,19867.0
2024-09-08 12:40:34,SOLUSDT,bid,128,19864.0
2024-09-08 12:40:36,SOLUSDT,bid,128,19865.0
2024-09-08 12:40:37,SOLUSDT,bid,128,19856.0
2024-09-08 12:40:40,SOLUSDT,bid,128,19847.0
2024-09-08 12:40:42,SOLUSDT,bid,128,19846.0
2024-09-08 12:40:42,SOLUSDT,bid,128,19845.0
2024-09-08 12:40:45,SOLUSDT,bid,128,19795.0
2024-09-08 12:40:47,SOLUSDT,bid,128,19805.0
2024-09-08 12:40:47,SOLUSDT,bid,128,19841.0
2024-09-08 12:40:48,SOLUSDT,bid,128,19805.0
2024-09-08 12:40:50,SOLUSDT,bid,128,19795.0
2024-09-08 12:40:51,SOLUSDT,bid,128,19814.0
2024-09-08 12:40:52,SOLUSDT,bid,128,19809.0
2024-09-08 12:40:53,SOLUSDT,bid,128,20147.0
2024-09-08 12:40:55,SOLUSDT,bid,128,20140.0
2024-09-08 12:40:57,SOLUSDT,bid,128,19802.0
2024-09-08 12:41:01,SOLUSDT,bid,128,19795.0
2024-09-08 12:41:06,SOLUSDT,bid,128,19800.0
2024-09-08 12:41:13,SOLUSDT,bid,128,19790.0
2024-09-08 12:41:14,SOLUSDT,bid,128,19770.0
2024-09-08 12:41:18,SOLUSDT,bid,128,20004.0
2024-09-08 12:41:18,SOLUSDT,bid,128,19965.0
2024-09-08 12:41:22,SOLUSDT,bid,128,20019.0
2024-09-08 12:41:22,SOLUSDT,bid,128,20021.0
2024-09-08 12:41:22,SOLUSDT,bid,128,19983.0
2024-09-08 12:41:22,SOLUSDT,bid,128,19967.0
2024-09-08 12:41:23,SOLUSDT,bid,128,19965.0
2024-09-08 12:41:24,SOLUSDT,bid,128,19983.0
2024-09-08 12:41:24,SOLUSDT,bid,128,19788.0
2024-09-08 12:41:24,SOLUSDT,bid,128,19827.0
2024-09-08 12:41:24,SOLUSDT,bid,128,19788.0
2024-09-08 12:41:26,SOLUSDT,bid,128,19793.0
2024-09-08 12:41:28,SOLUSDT,bid,128,19795.0
2024-09-08 12:41:29,SOLUSDT,bid,128,19811.0
2024-09-08 12:41:29,SOLUSDT,bid,128,19772.0
2024-09-08 12:41:30,SOLUSDT,bid,128,19788.0
2024-09-08 12:41:33,SOLUSDT,bid,128,19772.0
2024-09-08 12:41:33,SOLUSDT,bid,128,19820.0
2024-09-08 12:41:33,SOLUSDT,bid,128,19868.0
2024-09-08 12:41:34,SOLUSDT,bid,128,19866.0
2024-09-08 12:41:37,SOLUSDT,bid,128,19818.0
2024-09-08 12:41:37,SOLUSDT,bid,128,19818.0
2024-09-08 12:41:37,SOLUSDT,bid,128,19866.0
2024-09-08 12:41:39,SOLUSDT,bid,128,19818.0
2024-09-08 12:41:39,SOLUSDT,bid,128,19857.0
2024-09-08 12:41:43,SOLUSDT,bid,128,19834.0
2024-09-08 12:41:44,SOLUSDT,bid,128,19818.0
2024-09-08 12:41:44,SOLUSDT,bid,128,19770.0
2024-09-08 12:41:49,SOLUSDT,bid,128,19754.0
2024-09-08 12:41:53,SOLUSDT,bid,128,19769.0
2024-09-08 12:41:58,SOLUSDT,bid,128,19754.0
2024-09-08 12:42:02,SOLUSDT,bid,128,19793.0
2024-09-08 12:42:02,SOLUSDT,bid,128,19793.0
2024-09-08 12:42:06,SOLUSDT,bid,128,19754.0
2024-09-08 12:42:07,SOLUSDT,bid,128,19771.0
2024-09-08 12:42:07,SOLUSDT,bid,128,19754.0
2024-09-08 12:42:15,SOLUSDT,bid,128,19770.0
2024-09-08 12:42:19,SOLUSDT,bid,128,19801.0
2024-09-08 12:42:19,SOLUSDT,bid,128,19794.0
2024-09-08 12:42:19,SOLUSDT,bid,128,19796.0
2024-09-08 12:42:20,SOLUSDT,bid,128,19794.0
2024-09-08 12:42:20,SOLUSDT,bid,128,19795.0
2024-09-08 12:42:29,SOLUSDT,bid,128,19796.0
2024-09-08 12:42:32,SOLUSDT,bid,128,19756.0
2024-09-08 12:42:32,SOLUSDT,bid,128,19755.0
2024-09-08 12:42:32,SOLUSDT,bid,128,19791.0
2024-09-08 12:42:33,SOLUSDT,bid,128,19755.0
2024-09-08 12:42:34,SOLUSDT,bid,128,19791.0
2024-09-08 12:42:34,SOLUSDT,bid,128,19755.0
2024-09-08 12:42:34,SOLUSDT,bid,128,19757.0
2024-09-08 12:42:35,SOLUSDT,bid,128,19793.0
2024-09-08 12:42:35,SOLUSDT,bid,128,19757.0
2024-09-08 12:42:36,SOLUSDT,bid,128,19758.0
2024-09-08 12:42:37,SOLUSDT,bid,128,19757.0
2024-09-08 12:42:39,SOLUSDT,bid,128,19793.0
2024-09-08 12:42:39,SOLUSDT,bid,128,19757.0
2024-09-08 12:42:39,SOLUSDT,bid,128,19793.0
2024-09-08 12:42:42,SOLUSDT,bid,128,19755.0
2024-09-08 12:42:43,SOLUSDT,bid,128,19743.0
2024-09-08 12:42:43,SOLUSDT,bid,128,19747.0
2024-09-08 12:42:43,SOLUSDT,bid,128,19748.0
2024-09-08 12:42:43,SOLUSDT,bid,128,19749.0
2024-09-08 12:42:44,SOLUSDT,bid,128,19766.0
2024-09-08 12:42:44,SOLUSDT,bid,128,19811.0
2024-09-08 12:42:45,SOLUSDT,bid,128,19809.0
2024-09-08 12:42:45,SOLUSDT,bid,128,19806.0
2024-09-08 12:42:46,SOLUSDT,bid,128,19816.0
2024-09-08 12:42:46,SOLUSDT,bid,128,19819.0
2024-09-08 12:42:53,SOLUSDT,bid,128,19778.0
2024-09-08 12:42:54,SOLUSDT,bid,128,19775.0
2024-09-08 12:42:58,SOLUSDT,bid,128,19767.0
2024-09-08 12:43:01,SOLUSDT,bid,128,19771.0
2024-09-08 12:43:01,SOLUSDT,bid,128,19769.0
2024-09-08 12:43:01,SOLUSDT,bid,128,19767.0
2024-09-08 12:43:04,SOLUSDT,bid,128,19770.0
2024-09-08 12:43:06,SOLUSDT,bid,128,19766.0
2024-09-08 12:43:06,SOLUSDT,bid,128,19763.0
2024-09-08 12:43:06,SOLUSDT,bid,128,19775.0
2024-09-08 12:43:08,SOLUSDT,bid,128,19777.0
2024-09-08 12:43:08,SOLUSDT,bid,128,19779.0
2024-09-08 12:43:08,SOLUSDT,bid,128,19783.0
2024-09-08 12:43:09,SOLUSDT,bid,128,19775.0
2024-09-08 12:43:09,SOLUSDT,bid,128,19763.0
2024-09-08 12:43:09,SOLUSDT,bid,128,19880.0
2024-09-08 12:43:13,SOLUSDT,bid,128,20218.0
2024-09-08 12:43:13,SOLUSDT,bid,128,19880.0
2024-09-08 12:43:20,SOLUSDT,bid,128,19997.0
2024-09-08 12:43:20,SOLUSDT,bid,128,19880.0
2024-09-08 12:43:21,SOLUSDT,bid,128,19841.0
2024-09-08 12:43:24,SOLUSDT,bid,128,19866.0
2024-09-08 12:43:24,SOLUSDT,bid,128,19866.0
2024-09-08 12:43:24,SOLUSDT,bid,128,19834.0
2024-09-08 12:43:25,SOLUSDT,bid,128,19795.0
2024-09-08 12:43:25,SOLUSDT,bid,128,19788.0
2024-09-08 12:43:46,SOLUSDT,bid,128,19834.0
2024-09-08 12:43:54,SOLUSDT,bid,128,19834.0
2024-09-08 12:43:57,SOLUSDT,bid,128,19835.0
2024-09-08 12:43:57,SOLUSDT,bid,128,19834.0
2024-09-08 12:44:14,SOLUSDT,bid,128,19835.0
2024-09-08 12:44:14,SOLUSDT,bid,128,19834.0
2024-09-08 12:44:18,SOLUSDT,bid,128,19829.0
2024-09-08 12:44:32,SOLUSDT,bid,128,19829.0
2024-09-08 12:44:32,SOLUSDT,bid,128,20084.0
2024-09-08 12:44:32,SOLUSDT,bid,128,19829.0
2024-09-08 12:44:37,SOLUSDT,bid,128,19829.0
2024-09-08 12:44:37,SOLUSDT,bid,128,19833.0
2024-09-08 12:44:39,SOLUSDT,bid,128,19833.0
2024-09-08 12:44:43,SOLUSDT,bid,128,21247.0
2024-09-08 12:44:43,SOLUSDT,bid,128,19833.0
2024-09-08 12:45:03,SOLUSDT,bid,128,19834.0
2024-09-08 12:45:05,SOLUSDT,bid,128,20074.0
2024-09-08 12:45:06,SOLUSDT,bid,128,20075.0
2024-09-08 12:45:06,SOLUSDT,bid,128,20071.0
2024-09-08 12:45:07,SOLUSDT,bid,128,20295.0
2024-09-08 12:45:07,SOLUSDT,bid,128,20070.0
2024-09-08 12:45:07,SOLUSDT,bid,128,20069.0
2024-09-08 12:45:09,SOLUSDT,bid,128,20069.0
2024-09-08 12:45:10,SOLUSDT,bid,128,20068.0
2024-09-08 12:46:00,SOLUSDT,bid,128,20069.0
2024-09-08 12:46:01,SOLUSDT,bid,128,20068.0
2024-09-08 12:46:07,SOLUSDT,bid,128,20067.0
2024-09-08 12:46:17,SOLUSDT,bid,128,20066.0
2024-09-08 12:46:21,SOLUSDT,bid,128,20404.0
2024-09-08 12:46:21,SOLUSDT,bid,128,20066.0
2024-09-08 12:46:23,SOLUSDT,bid,128,20072.0
2024-09-08 12:46:23,SOLUSDT,bid,128,20142.0
2024-09-08 12:46:23,SOLUSDT,bid,128,20143.0
2024-09-08 12:46:24,SOLUSDT,bid,128,20026.0
2024-09-08 12:46:24,SOLUSDT,bid,128,20027.0
2024-09-08 12:46:26,SOLUSDT,bid,128,20020.0
2024-09-08 12:46:30,SOLUSDT,bid,128,20037.0
2024-09-08 12:46:31,SOLUSDT,bid,128,20085.0
2024-09-08 12:46:33,SOLUSDT,bid,128,20037.0
2024-09-08 12:46:33,SOLUSDT,bid,128,20085.0
2024-09-08 12:46:34,SOLUSDT,bid,128,20037.0
2024-09-08 12:46:34,SOLUSDT,bid,128,20085.0
2024-09-08 12:46:34,SOLUSDT,bid,128,20132.0
2024-09-08 12:46:34,SOLUSDT,bid,128,20084.0
2024-09-08 12:46:34,SOLUSDT,bid,128,20132.0
2024-09-08 12:46:35,SOLUSDT,bid,128,20180.0
2024-09-08 12:46:35,SOLUSDT,bid,128,20132.0
2024-09-08 12:46:35,SOLUSDT,bid,128,20021.0
2024-09-08 12:46:35,SOLUSDT,bid,128,20135.0
2024-09-08 12:46:35,SOLUSDT,bid,128,20138.0
2024-09-08 12:46:35,SOLUSDT,bid,128,20186.0
2024-09-08 12:46:36,SOLUSDT,bid,128,20190.0
2024-09-08 12:46:36,SOLUSDT,bid,128,20188.0
2024-09-08 12:46:36,SOLUSDT,bid,128,20186.0
2024-09-08 12:46:37,SOLUSDT,bid,128,20090.0
2024-09-08 12:46:38,SOLUSDT,bid,128,20153.0
2024-09-08 12:46:38,SOLUSDT,bid,128,20201.0
2024-09-08 12:46:41,SOLUSDT,bid,128,20153.0
2024-09-08 12:46:41,SOLUSDT,bid,128,20149.0
2024-09-08 12:46:41,SOLUSDT,bid,128,20134.0
2024-09-08 12:46:41,SOLUSDT,bid,128,20182.0
2024-09-08 12:46:44,SOLUSDT,bid,128,20134.0
2024-09-08 12:46:44,SOLUSDT,bid,128,20086.0
2024-09-08 12:46:44,SOLUSDT,bid,128,20320.0
2024-09-08 12:46:45,SOLUSDT,bid,128,20274.0
2024-09-08 12:46:45,SOLUSDT,bid,128,20274.0
2024-09-08 12:46:45,SOLUSDT,bid,128,20322.0
2024-09-08 12:46:45,SOLUSDT,bid,128,20320.0
2024-09-08 12:46:47,SOLUSDT,bid,128,20272.0
2024-09-08 12:46:47,SOLUSDT,bid,128,20320.0
2024-09-08 12:46:48,SOLUSDT,bid,128,20322.0
2024-09-08 12:46:48,SOLUSDT,bid,128,20320.0
2024-09-08 12:46:51,SOLUSDT,bid,128,20320.0
2024-09-08 12:46:56,SOLUSDT,bid,128,20305.0
2024-09-08 12:46:56,SOLUSDT,bid,128,20257.0
2024-09-08 12:46:56,SOLUSDT,bid,128,20257.0
2024-09-08 12:46:56,SOLUSDT,bid,128,20282.0
2024-09-08 12:46:57,SOLUSDT,bid,128,20255.0
2024-09-08 12:46:57,SOLUSDT,bid,128,20254.0
2024-09-08 12:47:10,SOLUSDT,bid,128,20255.0
2024-09-08 12:47:12,SOLUSDT,bid,128,20254.0
2024-09-08 12:47:14,SOLUSDT,bid,128,20254.0
2024-09-08 12:47:14,SOLUSDT,bid,128,20321.0
2024-09-08 12:47:14,SOLUSDT,bid,128,20285.0
2024-09-08 12:47:15,SOLUSDT,bid,128,20287.0
2024-09-08 12:47:17,SOLUSDT,bid,128,20289.0
2024-09-08 12:47:17,SOLUSDT,bid,128,20292.0
2024-09-08 12:47:17,SOLUSDT,bid,128,20290.0
2024-09-08 12:47:18,SOLUSDT,bid,128,20285.0
2024-09-08 12:47:18,SOLUSDT,bid,128,20305.0
2024-09-08 12:47:18,SOLUSDT,bid,128,20293.0
2024-09-08 12:47:18,SOLUSDT,bid,128,20288.0
2024-09-08 12:47:19,SOLUSDT,bid,128,20296.0
2024-09-08 12:47:20,SOLUSDT,bid,128,20307.0
2024-09-08 12:47:22,SOLUSDT,bid,128,20276.0
2024-09-08 12:47:22,SOLUSDT,bid,128,20274.0
2024-09-08 12:47:25,SOLUSDT,bid,128,20281.0
2024-09-08 12:47:25,SOLUSDT,bid,128,20294.0
2024-09-08 12:47:27,SOLUSDT,bid,128,20310.0
2024-09-08 12:47:27,SOLUSDT,bid,128,20281.0
2024-09-08 12:47:28,SOLUSDT,bid,128,20360.0
2024-09-08 12:47:29,SOLUSDT,bid,128,20312.0
2024-09-08 12:47:29,SOLUSDT,bid,128,20360.0
2024-09-08 12:47:30,SOLUSDT,bid,128,20312.0
2024-09-08 12:47:30,SOLUSDT,bid,128,20360.0
2024-09-08 12:47:30,SOLUSDT,bid,128,20312.0
2024-09-08 12:47:30,SOLUSDT,bid,128,20296.0
2024-09-08 12:47:30,SOLUSDT,bid,128,20297.0
2024-09-08 12:47:33,SOLUSDT,bid,128,20323.0
2024-09-08 12:47:33,SOLUSDT,bid,128,20287.0
2024-09-08 12:47:33,SOLUSDT,bid,128,20255.0
2024-09-08 12:47:34,SOLUSDT,bid,128,20258.0
2024-09-08 12:47:36,SOLUSDT,bid,128,20261.0
2024-09-08 12:47:36,SOLUSDT,bid,128,20261.0
2024-09-08 12:47:40,SOLUSDT,bid,128,20258.0
2024-09-08 12:47:44,SOLUSDT,bid,128,20269.0
2024-09-08 12:47:45,SOLUSDT,bid,128,20303.0
2024-09-08 12:47:52,SOLUSDT,bid,128,20305.0
2024-09-08 12:47:53,SOLUSDT,bid,128,20321.0
2024-09-08 12:47:53,SOLUSDT,bid,128,20305.0
2024-09-08 12:47:54,SOLUSDT,bid,128,20321.0
2024-09-08 12:47:55,SOLUSDT,bid,128,20305.0
2024-09-08 12:47:56,SOLUSDT,bid,128,20039.0
2024-09-08 12:47:56,SOLUSDT,bid,128,20044.0
2024-09-08 12:47:59,SOLUSDT,bid,128,20025.0
2024-09-08 12:48:00,SOLUSDT,bid,128,20024.0
2024-09-08 12:48:00,SOLUSDT,bid,128,20027.0
2024-09-08 12:48:06,SOLUSDT,bid,128,15112.0
2024-09-08 12:48:06,SOLUSDT,bid,128,15114.0
2024-09-08 12:48:06,SOLUSDT,bid,128,15117.0
2024-09-08 12:48:07,SOLUSDT,bid,128,15126.0
2024-09-08 12:48:08,SOLUSDT,bid,128,15126.0
2024-09-08 12:48:08,SOLUSDT,bid,128,15161.0
2024-09-08 12:48:09,SOLUSDT,bid,128,15162.0
2024-09-08 12:48:09,SOLUSDT,bid,128,15138.0
2024-09-08 12:48:09,SOLUSDT,bid,128,15139.0
2024-09-08 12:48:09,SOLUSDT,bid,128,15163.0
2024-09-08 12:48:10,SOLUSDT,bid,128,15162.0
2024-09-08 12:48:10,SOLUSDT,bid,128,15161.0
2024-09-08 12:48:10,SOLUSDT,bid,128,15157.0
2024-09-08 12:48:10,SOLUSDT,bid,128,15167.0
2024-09-08 12:48:10,SOLUSDT,bid,128,15162.0
2024-09-08 12:48:11,SOLUSDT,bid,128,15127.0
2024-09-08 12:48:11,SOLUSDT,bid,128,15127.0
2024-09-08 12:48:12,SOLUSDT,bid,128,15127.0
2024-09-08 12:48:12,SOLUSDT,bid,128,15138.0
2024-09-08 12:48:12,SOLUSDT,bid,128,14910.0
2024-09-08 12:48:12,SOLUSDT,bid,128,14921.0
2024-09-08 12:48:12,SOLUSDT,bid,128,14910.0
2024-09-08 12:48:13,SOLUSDT,bid,128,14910.0
2024-09-08 12:48:13,SOLUSDT,bid,128,14922.0
2024-09-08 12:48:13,SOLUSDT,bid,128,14922.0
2024-09-08 12:48:14,SOLUSDT,bid,128,14911.0
2024-09-08 12:48:14,SOLUSDT,bid,128,14887.0
2024-09-08 12:48:15,SOLUSDT,bid,128,14898.0
2024-09-08 12:48:15,SOLUSDT,bid,128,14881.0
2024-09-08 12:48:15,SOLUSDT,bid,128,14905.0
2024-09-08 12:48:15,SOLUSDT,bid,128,14901.0
2024-09-08 12:48:15,SOLUSDT,bid,128,14886.0
2024-09-08 12:48:16,SOLUSDT,bid,128,14882.0
2024-09-08 12:48:16,SOLUSDT,bid,128,14883.0
2024-09-08 12:48:16,SOLUSDT,bid,128,14883.0
2024-09-08 12:48:16,SOLUSDT,bid,128,14894.0
2024-09-08 12:48:17,SOLUSDT,bid,128,14883.0
2024-09-08 12:48:17,SOLUSDT,bid,128,14894.0
2024-09-08 12:48:17,SOLUSDT,bid,128,14893.0
2024-09-08 12:48:18,SOLUSDT,bid,128,14864.0
2024-09-08 12:48:19,SOLUSDT,bid,128,14862.0
2024-09-08 12:48:19,SOLUSDT,bid,128,14838.0
2024-09-08 12:48:20,SOLUSDT,bid,128,14840.0
2024-09-08 12:48:20,SOLUSDT,bid,128,14831.0
2024-09-08 12:48:20,SOLUSDT,bid,128,14807.0
2024-09-08 12:48:21,SOLUSDT,bid,128,14831.0
2024-09-08 12:48:22,SOLUSDT,bid,128,14830.0
2024-09-08 12:48:22,SOLUSDT,bid,128,14839.0
2024-09-08 12:48:23,SOLUSDT,bid,128,14840.0
2024-09-08 12:48:24,SOLUSDT,bid,128,14837.0
2024-09-08 12:48:24,SOLUSDT,bid,128,14837.0
2024-09-08 12:48:25,SOLUSDT,bid,128,14832.0
2024-09-08 12:48:25,SOLUSDT,bid,128,14844.0
2024-09-08 12:48:26,SOLUSDT,bid,128,14801.0
2024-09-08 12:48:26,SOLUSDT,bid,128,14812.0
2024-09-08 12:48:26,SOLUSDT,bid,128,14788.0
2024-09-08 12:48:27,SOLUSDT,bid,128,14838.0
2024-09-08 12:48:27,SOLUSDT,bid,128,14862.0
2024-09-08 12:48:27,SOLUSDT,bid,128,14885.0
2024-09-08 12:48:28,SOLUSDT,bid,128,14912.0
2024-09-08 12:48:28,SOLUSDT,bid,128,14916.0
2024-09-08 12:48:29,SOLUSDT,bid,128,14924.0
2024-09-08 12:48:29,SOLUSDT,bid,128,14916.0
2024-09-08 12:48:29,SOLUSDT,bid,128,14893.0
2024-09-08 12:48:30,SOLUSDT,bid,128,14888.0
2024-09-08 12:48:30,SOLUSDT,bid,128,14885.0
2024-09-08 12:48:31,SOLUSDT,bid,128,14888.0
2024-09-08 12:48:31,SOLUSDT,bid,128,14877.0
2024-09-08 12:48:31,SOLUSDT,bid,128,14888.0
2024-09-08 12:48:32,SOLUSDT,bid,128,14864.0
2024-09-08 12:48:33,SOLUSDT,bid,128,14888.0
2024-09-08 12:48:33,SOLUSDT,bid,128,14914.0
2024-09-08 12:48:34,SOLUSDT,bid,128,14910.0
2024-09-08 12:48:34,SOLUSDT,bid,128,14915.0
2024-09-08 12:48:35,SOLUSDT,bid,128,14904.0
2024-09-08 12:48:35,SOLUSDT,bid,128,14907.0
2024-09-08 12:48:35,SOLUSDT,bid,128,14873.0
2024-09-08 12:48:35,SOLUSDT,bid,128,14867.0
2024-09-08 12:48:35,SOLUSDT,bid,128,14868.0
2024-09-08 12:48:36,SOLUSDT,bid,128,14878.0
2024-09-08 12:48:36,SOLUSDT,bid,128,14930.0
2024-09-08 12:48:36,SOLUSDT,bid,128,14930.0
2024-09-08 12:48:36,SOLUSDT,bid,128,14926.0
2024-09-08 12:48:36,SOLUSDT,bid,128,14879.0
2024-09-08 12:48:36,SOLUSDT,bid,128,14881.0
2024-09-08 12:48:37,SOLUSDT,bid,128,14888.0
2024-09-08 12:48:37,SOLUSDT,bid,128,14883.0
2024-09-08 12:48:38,SOLUSDT,bid,128,14871.0
2024-09-08 12:48:38,SOLUSDT,bid,128,14843.0
2024-09-08 12:48:38,SOLUSDT,bid,128,14814.0
2024-09-08 12:48:38,SOLUSDT,bid,128,14793.0
2024-09-08 12:48:38,SOLUSDT,bid,128,14773.0
2024-09-08 12:48:38,SOLUSDT,bid,128,14783.0
2024-09-08 12:48:39,SOLUSDT,bid,128,14776.0
2024-09-08 12:48:39,SOLUSDT,bid,128,14777.0
2024-09-08 12:48:39,SOLUSDT,bid,128,14775.0
2024-09-08 12:48:39,SOLUSDT,bid,128,14773.0
2024-09-08 12:48:40,SOLUSDT,bid,128,14771.0
2024-09-08 12:48:41,SOLUSDT,bid,128,14819.0
2024-09-08 12:48:41,SOLUSDT,bid,128,14771.0
2024-09-08 12:48:41,SOLUSDT,bid,128,14737.0
2024-09-08 12:48:41,SOLUSDT,bid,128,14785.0
2024-09-08 12:48:42,SOLUSDT,bid,128,14805.0
2024-09-08 12:48:42,SOLUSDT,bid,128,15000.0
2024-09-08 12:48:42,SOLUSDT,bid,128,14805.0
2024-09-08 12:48:42,SOLUSDT,bid,128,14746.0
2024-09-08 12:48:42,SOLUSDT,bid,128,14749.0
2024-09-08 12:48:43,SOLUSDT,bid,128,14775.0
2024-09-08 12:48:43,SOLUSDT,bid,128,14749.0
2024-09-08 12:48:45,SOLUSDT,bid,128,14752.0
2024-09-08 12:48:46,SOLUSDT,bid,128,14759.0
2024-09-08 12:48:46,SOLUSDT,bid,128,14752.0
2024-09-08 12:48:46,SOLUSDT,bid,128,14749.0
2024-09-08 12:48:46,SOLUSDT,bid,128,14746.0
2024-09-08 12:48:48,SOLUSDT,bid,128,14773.0
2024-09-08 12:48:50,SOLUSDT,bid,128,14776.0
2024-09-08 12:48:50,SOLUSDT,bid,128,14749.0
2024-09-08 12:48:51,SOLUSDT,bid,128,14748.0
2024-09-08 12:48:54,SOLUSDT,bid,128,14698.0
2024-09-08 12:48:54,SOLUSDT,bid,128,14721.0
2024-09-08 12:48:55,SOLUSDT,bid,128,14695.0
2024-09-08 12:48:56,SOLUSDT,bid,128,13937.0
2024-09-08 12:48:56,SOLUSDT,bid,128,13937.0
2024-09-08 12:48:56,SOLUSDT,bid,128,13962.0
2024-09-08 12:48:56,SOLUSDT,bid,128,13973.0
2024-09-08 12:48:56,SOLUSDT,bid,128,13949.0
2024-09-08 12:48:56,SOLUSDT,bid,128,13974.0
2024-09-08 12:48:56,SOLUSDT,bid,128,13950.0
2024-09-08 12:48:57,SOLUSDT,bid,128,13966.0
2024-09-08 12:48:57,SOLUSDT,bid,128,13966.0
2024-09-08 12:48:57,SOLUSDT,bid,128,14176.0
2024-09-08 12:48:57,SOLUSDT,bid,128,14212.0
2024-09-08 12:48:57,SOLUSDT,bid,128,14085.0
2024-09-08 12:48:57,SOLUSDT,bid,128,14060.0
2024-09-08 12:48:57,SOLUSDT,bid,128,14060.0
2024-09-08 12:48:58,SOLUSDT,bid,128,14045.0
2024-09-08 12:48:59,SOLUSDT,bid,128,14047.0
2024-09-08 12:48:59,SOLUSDT,bid,128,14056.0
2024-09-08 12:49:00,SOLUSDT,bid,128,14046.0
2024-09-08 12:49:00,SOLUSDT,bid,128,14035.0
2024-09-08 12:49:00,SOLUSDT,bid,128,14047.0
2024-09-08 12:49:00,SOLUSDT,bid,128,14042.0
2024-09-08 12:49:01,SOLUSDT,bid,128,14039.0
2024-09-08 12:49:01,SOLUSDT,bid,128,14040.0
2024-09-08 12:49:01,SOLUSDT,bid,128,14043.0
2024-09-08 12:49:01,SOLUSDT,bid,128,14007.0
2024-09-08 12:49:02,SOLUSDT,bid,128,14006.0
2024-09-08 12:49:03,SOLUSDT,bid,128,11902.0
2024-09-08 12:49:03,SOLUSDT,bid,128,11902.0
2024-09-08 12:49:03,SOLUSDT,bid,128,11902.0
2024-09-08 12:49:03,SOLUSDT,bid,128,11913.0
2024-09-08 12:49:04,SOLUSDT,bid,128,11902.0
2024-09-08 12:49:04,SOLUSDT,bid,128,11913.0
2024-09-08 12:49:04,SOLUSDT,bid,128,11902.0
2024-09-08 12:49:04,SOLUSDT,bid,128,11924.0
2024-09-08 12:49:05,SOLUSDT,bid,128,11923.0
2024-09-08 12:49:05,SOLUSDT,bid,128,11918.0
2024-09-08 12:49:06,SOLUSDT,bid,128,11903.0
2024-09-08 12:49:06,SOLUSDT,bid,128,11881.0
2024-09-08 12:49:06,SOLUSDT,bid,128,11836.0
2024-09-08 12:49:06,SOLUSDT,bid,128,11783.0
2024-09-08 12:49:07,SOLUSDT,bid,128,11729.0
2024-09-08 12:49:07,SOLUSDT,bid,128,10964.0
2024-09-08 12:49:07,SOLUSDT,bid,128,10949.0
2024-09-08 12:49:07,SOLUSDT,bid,128,10940.0
2024-09-08 12:49:07,SOLUSDT,bid,128,10932.0
2024-09-08 12:49:07,SOLUSDT,bid,128,10929.0
2024-09-08 12:49:07,SOLUSDT,bid,128,10926.0
2024-09-08 12:49:08,SOLUSDT,bid,128,10917.0
2024-09-08 12:49:08,SOLUSDT,bid,128,10914.0
2024-09-08 12:49:08,SOLUSDT,bid,128,10919.0
2024-09-08 12:49:08,SOLUSDT,bid,128,10928.0
2024-09-08 12:49:10,SOLUSDT,bid,128,10924.0
2024-09-08 12:49:10,SOLUSDT,bid,128,10921.0
2024-09-08 12:49:10,SOLUSDT,bid,128,10924.0
2024-09-08 12:49:10,SOLUSDT,bid,128,10923.0
2024-09-08 12:49:10,SOLUSDT,bid,128,10943.0
2024-09-08 12:49:11,SOLUSDT,bid,128,10937.0
2024-09-08 12:49:11,SOLUSDT,bid,128,10936.0
2024-09-08 12:49:12,SOLUSDT,bid,128,10790.0
2024-09-08 12:49:12,SOLUSDT,bid,128,10775.0
2024-09-08 12:49:12,SOLUSDT,bid,128,10745.0
2024-09-08 12:49:13,SOLUSDT,bid,128,10603.0
2024-09-08 12:49:13,SOLUSDT,bid,128,10602.0
2024-09-08 12:49:13,SOLUSDT,bid,128,10272.0
2024-09-08 12:49:13,SOLUSDT,bid,128,10271.0
2024-09-08 12:49:13,SOLUSDT,bid,128,10279.0
2024-09-08 12:49:13,SOLUSDT,bid,128,10270.0
2024-09-08 12:49:14,SOLUSDT,bid,128,10269.0
2024-09-08 12:49:14,SOLUSDT,bid,128,10270.0
2024-09-08 12:49:14,SOLUSDT,bid,128,10281.0
2024-09-08 12:49:14,SOLUSDT,bid,128,10277.0
2024-09-08 12:49:14,SOLUSDT,bid,128,10266.0
2024-09-08 12:49:15,SOLUSDT,bid,128,10263.0
2024-09-08 12:49:15,SOLUSDT,bid,128,10233.0
2024-09-08 12:49:15,SOLUSDT,bid,128,10213.0
2024-09-08 12:49:15,SOLUSDT,bid,128,10210.0
2024-09-08 12:49:16,SOLUSDT,bid,128,10145.0
2024-09-08 12:49:16,SOLUSDT,bid,128,10162.0
2024-09-08 12:49:16,SOLUSDT,bid,128,10173.0
2024-09-08 12:49:16,SOLUSDT,bid,128,10162.0
2024-09-08 12:49:17,SOLUSDT,bid,128,10123.0
2024-09-08 12:49:17,SOLUSDT,bid,128,10112.0
2024-09-08 12:49:17,SOLUSDT,bid,128,10111.0
2024-09-08 12:49:17,SOLUSDT,bid,128,10110.0
2024-09-08 12:49:17,SOLUSDT,bid,128,10106.0
2024-09-08 12:49:17,SOLUSDT,bid,128,10103.0
2024-09-08 12:49:17,SOLUSDT,bid,128,10092.0
2024-09-08 12:49:18,SOLUSDT,bid,128,10103.0
2024-09-08 12:49:18,SOLUSDT,bid,128,10101.0
2024-09-08 12:49:19,SOLUSDT,bid,128,10108.0
2024-09-08 12:49:19,SOLUSDT,bid,128,10086.0
2024-09-08 12:49:19,SOLUSDT,bid,128,10076.0
2024-09-08 12:49:19,SOLUSDT,bid,128,10084.0
2024-09-08 12:49:20,SOLUSDT,bid,128,10071.0
2024-09-08 12:49:20,SOLUSDT,bid,128,10068.0
2024-09-08 12:49:21,SOLUSDT,bid,128,10065.0
2024-09-08 12:49:22,SOLUSDT,bid,128,10083.0
2024-09-08 12:49:22,SOLUSDT,bid,128,10102.0
2024-09-08 12:49:22,SOLUSDT,bid,128,10105.0
2024-09-08 12:49:23,SOLUSDT,bid,128,10101.0
2024-09-08 12:49:23,SOLUSDT,bid,128,10101.0
2024-09-08 12:49:23,SOLUSDT,bid,128,10101.0
2024-09-08 12:49:23,SOLUSDT,bid,128,10100.0
2024-09-08 12:49:23,SOLUSDT,bid,128,10060.0
2024-09-08 12:49:24,SOLUSDT,bid,128,10056.0
2024-09-08 12:49:25,SOLUSDT,bid,128,9739.0
2024-09-08 12:49:25,SOLUSDT,bid,128,9736.0
2024-09-08 12:49:25,SOLUSDT,bid,128,9726.0
2024-09-08 12:49:25,SOLUSDT,bid,128,9743.0
2024-09-08 12:49:25,SOLUSDT,bid,128,9734.0
2024-09-08 12:49:25,SOLUSDT,bid,128,9700.0
2024-09-08 12:49:26,SOLUSDT,bid,128,9750.0
2024-09-08 12:49:26,SOLUSDT,bid,128,9761.0
2024-09-08 12:49:27,SOLUSDT,bid,128,9750.0
2024-09-08 12:49:27,SOLUSDT,bid,128,9750.0
2024-09-08 12:49:27,SOLUSDT,bid,128,9222.0
2024-09-08 14:15:42,SOLUSDT,ask,129,7925.0
2024-09-08 14:23:27,SOLUSDT,ask,129,15245.0
2024-09-08 14:23:27,SOLUSDT,ask,129,15261.0
2024-09-08 14:23:28,SOLUSDT,ask,129,15262.0
2024-09-08 14:23:28,SOLUSDT,ask,129,15262.0
2024-09-08 14:23:29,SOLUSDT,ask,129,15298.0
2024-09-08 14:23:29,SOLUSDT,ask,129,15297.0
2024-09-08 14:23:29,SOLUSDT,ask,129,15297.0
2024-09-08 14:23:29,SOLUSDT,ask,129,15300.0
2024-09-08 14:23:30,SOLUSDT,ask,129,15105.0
2024-09-08 14:23:32,SOLUSDT,ask,129,15137.0
2024-09-08 14:23:33,SOLUSDT,ask,129,15105.0
2024-09-08 14:23:34,SOLUSDT,ask,129,15108.0
2024-09-08 14:23:34,SOLUSDT,ask,129,15105.0
2024-09-08 14:23:35,SOLUSDT,ask,129,15102.0
2024-09-08 14:23:35,SOLUSDT,ask,129,15105.0
2024-09-08 14:23:35,SOLUSDT,ask,129,15102.0
2024-09-08 14:23:36,SOLUSDT,ask,129,15105.0
2024-09-08 14:23:39,SOLUSDT,ask,129,15102.0
2024-09-08 14:23:39,SOLUSDT,ask,129,15105.0
2024-09-08 14:23:40,SOLUSDT,ask,129,15102.0
2024-09-08 14:23:41,SOLUSDT,ask,129,15105.0
2024-09-08 14:23:42,SOLUSDT,ask,129,15128.0
2024-09-08 14:23:42,SOLUSDT,ask,129,15130.0
2024-09-08 14:23:43,SOLUSDT,ask,129,15128.0
2024-09-08 14:23:44,SOLUSDT,ask,129,15125.0
2024-09-08 14:23:44,SOLUSDT,ask,129,15126.0
2024-09-08 14:23:46,SOLUSDT,ask,129,15162.0
2024-09-08 14:23:46,SOLUSDT,ask,129,15126.0
2024-09-08 14:23:46,SOLUSDT,ask,129,15148.0
2024-09-08 14:23:47,SOLUSDT,ask,129,15189.0
2024-09-08 14:23:47,SOLUSDT,ask,129,15153.0
2024-09-08 14:23:47,SOLUSDT,ask,129,15152.0
2024-09-08 14:23:48,SOLUSDT,ask,129,15172.0
2024-09-08 14:23:48,SOLUSDT,ask,129,15208.0
2024-09-08 14:23:48,SOLUSDT,ask,129,15172.0
2024-09-08 14:23:48,SOLUSDT,ask,129,15172.0
2024-09-08 14:23:49,SOLUSDT,ask,129,15208.0
2024-09-08 14:23:49,SOLUSDT,ask,129,15172.0
2024-09-08 14:23:50,SOLUSDT,ask,129,15173.0
2024-09-08 14:41:44,SOLUSDT,ask,130,10330.0
2024-09-08 14:41:45,SOLUSDT,ask,130,10936.0
2024-09-08 14:41:46,SOLUSDT,ask,130,10937.0
2024-09-08 14:41:46,SOLUSDT,ask,130,10331.0
2024-09-08 14:41:50,SOLUSDT,ask,130,10311.0
2024-09-08 14:41:51,SOLUSDT,ask,130,10316.0
2024-09-08 14:41:51,SOLUSDT,ask,130,10314.0
2024-09-08 14:41:52,SOLUSDT,ask,130,10328.0
2024-09-08 14:41:55,SOLUSDT,ask,130,10329.0
2024-09-08 14:41:55,SOLUSDT,ask,130,10328.0
2024-09-08 14:42:01,SOLUSDT,ask,130,10555.0
2024-09-08 14:42:04,SOLUSDT,ask,130,10425.0
2024-09-08 14:42:04,SOLUSDT,ask,130,10430.0
2024-09-08 14:42:04,SOLUSDT,ask,130,10423.0
2024-09-08 14:42:05,SOLUSDT,ask,130,10418.0
2024-09-08 14:42:05,SOLUSDT,ask,130,10441.0
2024-09-08 14:42:18,SOLUSDT,ask,130,10541.0
2024-09-08 14:42:18,SOLUSDT,ask,130,10551.0
2024-09-08 14:42:20,SOLUSDT,ask,130,10871.0
2024-09-08 14:42:21,SOLUSDT,ask,130,10859.0
2024-09-08 14:42:22,SOLUSDT,ask,130,10858.0
2024-09-08 14:42:24,SOLUSDT,ask,130,11103.0
2024-09-08 14:42:24,SOLUSDT,ask,130,11123.0
2024-09-08 14:42:30,SOLUSDT,ask,130,11123.0
2024-09-08 14:42:30,SOLUSDT,ask,130,11124.0
2024-09-08 14:42:30,SOLUSDT,ask,130,11123.0
2024-09-08 14:42:33,SOLUSDT,ask,130,11127.0
2024-09-08 14:42:36,SOLUSDT,ask,130,11164.0
2024-09-08 14:42:37,SOLUSDT,ask,130,10846.0
2024-09-08 14:42:40,SOLUSDT,ask,130,10873.0
2024-09-08 14:42:41,SOLUSDT,ask,130,10874.0
2024-09-08 14:42:42,SOLUSDT,ask,130,10787.0
2024-09-08 14:42:47,SOLUSDT,ask,130,10794.0
2024-09-08 14:42:48,SOLUSDT,ask,130,10819.0
2024-09-08 14:43:05,SOLUSDT,ask,130,10803.0
2024-09-08 14:43:06,SOLUSDT,ask,130,10796.0
2024-09-08 14:43:07,SOLUSDT,ask,130,10795.0
2024-09-08 14:43:13,SOLUSDT,ask,130,11015.0
2024-09-08 14:43:22,SOLUSDT,ask,130,9937.0
2024-09-08 14:43:23,SOLUSDT,ask,130,9974.0
2024-09-08 14:43:24,SOLUSDT,ask,130,9973.0
2024-09-08 14:43:32,SOLUSDT,ask,130,9972.0
2024-09-08 14:43:51,SOLUSDT,ask,130,9984.0
2024-09-08 14:43:54,SOLUSDT,ask,130,9982.0
2024-09-08 14:43:55,SOLUSDT,ask,130,10326.0
2024-09-08 14:44:08,SOLUSDT,ask,130,10276.0
2024-09-08 14:44:10,SOLUSDT,ask,130,10277.0
2024-09-08 14:44:10,SOLUSDT,ask,130,9933.0
2024-09-08 14:44:12,SOLUSDT,ask,130,9932.0
2024-09-08 14:44:24,SOLUSDT,ask,130,9925.0
2024-09-08 14:44:24,SOLUSDT,ask,130,9932.0
2024-09-08 14:44:24,SOLUSDT,ask,130,9925.0
2024-09-08 14:44:30,SOLUSDT,ask,130,9926.0
2024-09-08 14:44:31,SOLUSDT,ask,130,9925.0
2024-09-08 14:44:36,SOLUSDT,ask,130,9906.0
2024-09-08 14:44:39,SOLUSDT,ask,130,9896.0
2024-09-08 14:44:49,SOLUSDT,ask,130,9885.0
2024-09-08 14:44:57,SOLUSDT,ask,130,9890.0
2024-09-08 14:44:57,SOLUSDT,ask,130,9890.0
2024-09-08 14:44:59,SOLUSDT,ask,130,9889.0
2024-09-08 14:45:06,SOLUSDT,ask,130,9912.0
2024-09-08 14:45:06,SOLUSDT,ask,130,9952.0
2024-09-08 14:45:07,SOLUSDT,ask,130,9974.0
2024-09-08 14:45:12,SOLUSDT,ask,130,9924.0
2024-09-08 14:45:13,SOLUSDT,ask,130,9925.0
2024-09-08 14:45:13,SOLUSDT,ask,130,9924.0
2024-09-08 14:45:15,SOLUSDT,ask,130,10143.0
2024-09-08 14:45:15,SOLUSDT,ask,130,10144.0
2024-09-08 14:45:18,SOLUSDT,ask,130,10098.0
2024-09-08 14:45:18,SOLUSDT,ask,130,10100.0
2024-09-08 14:45:19,SOLUSDT,ask,130,10124.0
2024-09-08 14:45:19,SOLUSDT,ask,130,10110.0
2024-09-08 14:45:20,SOLUSDT,ask,130,10116.0
2024-09-08 14:45:21,SOLUSDT,ask,130,10112.0
2024-09-08 14:45:21,SOLUSDT,ask,130,10113.0
2024-09-08 14:45:22,SOLUSDT,ask,130,10134.0
2024-09-08 14:45:23,SOLUSDT,ask,130,10111.0
2024-09-08 14:45:24,SOLUSDT,ask,130,10152.0
2024-09-08 14:45:26,SOLUSDT,ask,130,10154.0
2024-09-08 14:45:27,SOLUSDT,ask,130,10437.0
2024-09-08 14:45:28,SOLUSDT,ask,130,10422.0
2024-09-08 14:45:29,SOLUSDT,ask,130,10437.0
2024-09-08 14:45:30,SOLUSDT,ask,130,10602.0
2024-09-08 14:45:32,SOLUSDT,ask,130,10432.0
2024-09-08 14:45:32,SOLUSDT,ask,130,10432.0
2024-09-08 14:45:32,SOLUSDT,ask,130,10447.0
2024-09-08 14:45:33,SOLUSDT,ask,130,10451.0
2024-09-08 14:45:35,SOLUSDT,ask,130,10458.0
2024-09-08 14:45:35,SOLUSDT,ask,130,10451.0
2024-09-08 14:45:38,SOLUSDT,ask,130,10489.0
2024-09-08 14:45:38,SOLUSDT,ask,130,10485.0
2024-09-08 14:45:38,SOLUSDT,ask,130,10450.0
2024-09-08 14:45:38,SOLUSDT,ask,130,10435.0
2024-09-08 14:45:38,SOLUSDT,ask,130,10397.0
2024-09-08 14:45:39,SOLUSDT,ask,130,10412.0
2024-09-08 14:45:41,SOLUSDT,ask,130,10413.0
2024-09-08 14:45:41,SOLUSDT,ask,130,10398.0
2024-09-08 14:45:41,SOLUSDT,ask,130,10413.0
2024-09-08 14:45:43,SOLUSDT,ask,130,10406.0
2024-09-08 14:45:47,SOLUSDT,ask,130,10411.0
2024-09-08 14:45:47,SOLUSDT,ask,130,10412.0
2024-09-08 14:45:48,SOLUSDT,ask,130,10407.0
