2024-09-04 07:16:37,BTCUSDT,bid,57800,1001.345
2024-09-04 07:15:07,BTCUSDT,bid,57700,1006.438
2024-09-04 07:15:07,BTCUSDT,bid,57700,1003.688
2024-09-04 07:15:13,BTCUSDT,bid,57700,1003.712
2024-09-04 07:00:03,BTCUSDT,ask,57500,1002.67
2024-09-04 07:00:05,BTCUSDT,ask,57500,1002.77
2024-09-04 07:00:07,BTCUSDT,ask,57500,1002.9
2024-09-04 07:03:33,BTCUSDT,bid,57500,1002.393
2024-09-04 07:03:34,BTCUSDT,bid,57500,1002.4
2024-09-04 07:03:35,BTCUSDT,bid,57500,1002.403
2024-09-04 07:03:43,BTCUSDT,bid,57500,902.009
2024-09-04 07:03:43,BTCUSDT,bid,57500,1002.406
2024-09-04 07:03:43,BTCUSDT,bid,57500,902.011
2024-09-04 07:03:45,BTCUSDT,bid,57500,1002.426
2024-09-04 07:03:45,BTCUSDT,bid,57500,900.276
2024-09-04 07:03:45,BTCUSDT,bid,57500,900.62
2024-09-04 07:03:46,BTCUSDT,bid,57500,1003.631
2024-09-04 07:03:47,BTCUSDT,bid,57500,1003.633
2024-09-04 07:03:47,BTCUSDT,bid,57500,900.628
2024-09-04 07:03:48,BTCUSDT,bid,57500,1003.737
2024-09-04 07:03:48,BTCUSDT,bid,57500,1002.768
2024-09-04 07:03:49,BTCUSDT,bid,57500,1002.766
2024-09-04 07:03:49,BTCUSDT,bid,57500,901.167
2024-09-04 07:03:50,BTCUSDT,bid,57500,1002.773
2024-09-04 08:01:46,BTCUSDT,ask,56500,552.327
2024-09-04 08:38:10,BTCUSDT,ask,56700,817.954
2024-09-04 08:38:13,BTCUSDT,ask,56700,817.788
2024-09-04 08:38:14,BTCUSDT,ask,56700,817.759
2024-09-04 08:38:19,BTCUSDT,ask,56700,818.362
2024-09-04 08:38:23,BTCUSDT,ask,56700,818.37
2024-09-04 08:38:46,BTCUSDT,ask,56700,818.094
2024-09-04 08:38:53,BTCUSDT,ask,56700,818.126
2024-09-04 08:38:58,BTCUSDT,ask,56700,820.496
2024-09-04 08:39:02,BTCUSDT,ask,56700,820.488
2024-09-04 08:39:09,BTCUSDT,ask,56700,821.616
2024-09-04 08:39:11,BTCUSDT,ask,56700,818.089
2024-09-04 08:39:20,BTCUSDT,ask,56700,818.086
2024-09-04 08:39:35,BTCUSDT,ask,56700,818.417
2024-09-04 08:39:36,BTCUSDT,ask,56700,818.642
2024-09-04 08:39:48,BTCUSDT,ask,56700,819.197
2024-09-04 08:39:50,BTCUSDT,ask,56700,818.989
2024-09-04 08:39:53,BTCUSDT,ask,56700,819.227
2024-09-04 08:39:54,BTCUSDT,ask,56700,819.191
2024-09-04 08:39:55,BTCUSDT,ask,56700,819.377
2024-09-04 08:39:56,BTCUSDT,ask,56700,819.111
2024-09-04 08:39:57,BTCUSDT,ask,56700,819.121
2024-09-04 08:39:59,BTCUSDT,ask,56700,819.122
2024-09-04 08:40:00,BTCUSDT,ask,56700,819.122
