2024-08-23 13:50:38,BTCUSD_PERP,bid,60800,539.32
2024-08-23 13:50:38,BTCUSD_PERP,bid,60800,599.52
2024-08-23 13:50:38,BTCUSD_PERP,bid,60800,661.88
2024-08-23 13:50:38,BTCUSD_PERP,bid,60800,676.32
2024-08-23 13:50:50,BTCUSD_PERP,bid,60800,616.74
2024-08-23 13:50:51,BTCUSD_PERP,bid,60800,556.54
2024-08-23 13:50:54,BTCUSD_PERP,bid,60800,496.34
2024-08-23 13:51:06,BTCUSD_PERP,bid,60800,538.7
2024-08-23 16:03:07,BTCUSD_PERP,bid,60800,539.3
2024-08-23 16:03:07,BTCUSD_PERP,bid,60800,599.51
2024-08-23 16:03:07,BTCUSD_PERP,bid,60800,719.31
2024-08-23 16:03:08,BTCUSD_PERP,bid,60800,778.9
2024-08-23 16:03:08,BTCUSD_PERP,bid,60800,899.32
2024-08-23 16:03:08,BTCUSD_PERP,bid,60800,959.53
2024-08-23 16:03:08,BTCUSD_PERP,bid,60800,1019.74
2024-08-23 16:03:08,BTCUSD_PERP,bid,60800,1079.33
2024-08-23 16:04:51,BTCUSD_PERP,bid,60800,538.79
2024-08-23 16:04:51,BTCUSD_PERP,bid,60800,598.38
2024-08-23 16:04:51,BTCUSD_PERP,bid,60800,779.01
2024-08-23 16:04:51,BTCUSD_PERP,bid,60800,898.81
2024-08-23 16:04:51,BTCUSD_PERP,bid,60800,958.91
2024-08-23 16:06:39,BTCUSD_PERP,bid,60800,898.7
2024-08-23 16:06:39,BTCUSD_PERP,bid,60800,719.31
2024-08-23 16:20:45,BTCUSD_PERP,bid,60800,539.16
2024-08-23 16:20:45,BTCUSD_PERP,bid,60800,598.74
2024-08-23 16:20:45,BTCUSD_PERP,bid,60800,658.31
2024-08-23 16:20:45,BTCUSD_PERP,bid,60800,718.5
2024-08-23 16:20:45,BTCUSD_PERP,bid,60800,838.27
2024-08-23 13:50:06,BTCUSD_PERP,bid,60700,538.55
2024-08-23 13:50:06,BTCUSD_PERP,bid,60700,548.66
2024-08-23 13:50:06,BTCUSD_PERP,bid,60700,608.77
2024-08-23 13:50:21,BTCUSD_PERP,bid,60700,538.64
2024-08-23 13:50:35,BTCUSD_PERP,bid,60700,538.38
2024-08-23 13:50:35,BTCUSD_PERP,bid,60700,597.93
2024-08-23 13:50:36,BTCUSD_PERP,bid,60700,658.09
2024-08-23 13:50:37,BTCUSD_PERP,bid,60700,597.93
2024-08-23 13:50:37,BTCUSD_PERP,bid,60700,537.77
2024-08-23 13:51:19,BTCUSD_PERP,bid,60700,718.16
2024-08-23 13:51:19,BTCUSD_PERP,bid,60700,524.78
2024-08-23 13:52:34,BTCUSD_PERP,bid,60700,658.0
2024-08-23 13:52:34,BTCUSD_PERP,bid,60700,777.92
2024-08-23 13:52:39,BTCUSD_PERP,bid,60700,794.65
2024-08-23 13:53:33,BTCUSD_PERP,bid,60700,778.38
2024-08-23 13:53:33,BTCUSD_PERP,bid,60700,524.79
2024-08-23 13:54:23,BTCUSD_PERP,bid,60700,597.98
2024-08-23 14:02:07,BTCUSD_PERP,bid,60700,598.24
2024-08-23 14:02:07,BTCUSD_PERP,bid,60700,667.87
2024-08-23 14:02:07,BTCUSD_PERP,bid,60700,727.39
2024-08-23 14:02:07,BTCUSD_PERP,bid,60700,787.56
2024-08-23 14:02:10,BTCUSD_PERP,bid,60700,787.6
2024-08-23 14:02:15,BTCUSD_PERP,bid,60700,787.64
2024-08-23 14:03:14,BTCUSD_PERP,bid,60700,717.53
2024-08-23 14:07:55,BTCUSD_PERP,bid,60700,538.73
2024-08-23 14:08:58,BTCUSD_PERP,bid,60700,837.62
2024-08-23 14:09:08,BTCUSD_PERP,bid,60700,837.66
2024-08-23 14:09:13,BTCUSD_PERP,bid,60700,837.7
2024-08-23 14:09:21,BTCUSD_PERP,bid,60700,837.74
2024-08-23 14:09:22,BTCUSD_PERP,bid,60700,837.78
2024-08-23 14:10:14,BTCUSD_PERP,bid,60700,778.3
2024-08-23 15:17:53,BTCUSD_PERP,bid,60700,538.92
2024-08-23 15:17:53,BTCUSD_PERP,bid,60700,658.5
2024-08-23 15:17:53,BTCUSD_PERP,bid,60700,718.6
2024-08-23 15:17:53,BTCUSD_PERP,bid,60700,778.08
2024-08-23 15:17:54,BTCUSD_PERP,bid,60700,838.18
2024-08-23 15:17:54,BTCUSD_PERP,bid,60700,957.76
2024-08-23 15:17:54,BTCUSD_PERP,bid,60700,1017.24
2024-08-23 15:17:54,BTCUSD_PERP,bid,60700,1077.34
2024-08-23 15:17:54,BTCUSD_PERP,bid,60700,1137.44
2024-08-23 15:17:55,BTCUSD_PERP,bid,60700,1196.92
2024-08-23 15:22:48,BTCUSD_PERP,bid,60700,1136.82
2024-08-23 15:22:48,BTCUSD_PERP,bid,60700,1076.72
2024-08-23 15:22:48,BTCUSD_PERP,bid,60700,957.76
2024-08-23 15:22:48,BTCUSD_PERP,bid,60700,838.8
2024-08-23 15:22:48,BTCUSD_PERP,bid,60700,778.7
2024-08-23 15:22:49,BTCUSD_PERP,bid,60700,659.24
2024-08-23 15:22:49,BTCUSD_PERP,bid,60700,599.14
2024-08-23 15:23:32,BTCUSD_PERP,bid,60700,539.05
2024-08-23 15:23:33,BTCUSD_PERP,bid,60700,599.15
2024-08-23 15:23:33,BTCUSD_PERP,bid,60700,658.64
2024-08-23 15:23:33,BTCUSD_PERP,bid,60700,718.74
2024-08-23 15:24:19,BTCUSD_PERP,bid,60700,719.1
2024-08-23 15:28:59,BTCUSD_PERP,bid,60700,658.55
2024-08-23 15:34:45,BTCUSD_PERP,bid,60700,539.59
2024-08-23 15:34:45,BTCUSD_PERP,bid,60700,659.16
2024-08-23 15:45:40,BTCUSD_PERP,bid,60700,658.56
2024-08-23 15:45:41,BTCUSD_PERP,bid,60700,718.05
2024-08-23 15:45:41,BTCUSD_PERP,bid,60700,778.15
2024-08-23 15:45:41,BTCUSD_PERP,bid,60700,837.64
2024-08-23 15:45:42,BTCUSD_PERP,bid,60700,957.23
2024-08-23 15:45:42,BTCUSD_PERP,bid,60700,1017.33
2024-08-23 15:45:42,BTCUSD_PERP,bid,60700,1137.53
2024-08-23 15:45:55,BTCUSD_PERP,bid,60700,1137.57
2024-08-23 15:47:23,BTCUSD_PERP,bid,60700,897.27
2024-08-23 15:47:23,BTCUSD_PERP,bid,60700,658.09
2024-08-23 15:47:23,BTCUSD_PERP,bid,60700,598.6
2024-08-23 15:47:23,BTCUSD_PERP,bid,60700,539.29
2024-08-23 15:47:23,BTCUSD_PERP,bid,60700,598.81
2024-08-23 15:47:24,BTCUSD_PERP,bid,60700,718.47
2024-08-23 15:47:24,BTCUSD_PERP,bid,60700,777.99
2024-08-23 15:47:24,BTCUSD_PERP,bid,60700,957.79
2024-08-23 15:47:24,BTCUSD_PERP,bid,60700,1017.93
2024-08-23 15:47:25,BTCUSD_PERP,bid,60700,1078.07
2024-08-23 15:47:25,BTCUSD_PERP,bid,60700,1138.21
2024-08-23 15:47:56,BTCUSD_PERP,bid,60700,1078.07
2024-08-23 15:47:56,BTCUSD_PERP,bid,60700,1018.55
2024-08-23 15:47:57,BTCUSD_PERP,bid,60700,958.41
2024-08-23 15:47:57,BTCUSD_PERP,bid,60700,838.13
2024-08-23 15:47:57,BTCUSD_PERP,bid,60700,777.99
2024-08-23 15:47:57,BTCUSD_PERP,bid,60700,717.85
2024-08-23 15:47:57,BTCUSD_PERP,bid,60700,657.71
2024-08-23 15:47:57,BTCUSD_PERP,bid,60700,540.92
2024-08-23 15:47:57,BTCUSD_PERP,bid,60700,600.48
2024-08-23 15:47:57,BTCUSD_PERP,bid,60700,660.54
2024-08-23 15:47:58,BTCUSD_PERP,bid,60700,779.66
2024-08-23 15:47:58,BTCUSD_PERP,bid,60700,839.21
2024-08-23 15:47:58,BTCUSD_PERP,bid,60700,899.38
2024-08-23 15:47:58,BTCUSD_PERP,bid,60700,958.94
2024-08-23 15:47:58,BTCUSD_PERP,bid,60700,1078.67
2024-08-23 15:47:58,BTCUSD_PERP,bid,60700,525.36
2024-08-23 15:47:58,BTCUSD_PERP,bid,60700,585.45
2024-08-23 15:47:58,BTCUSD_PERP,bid,60700,1138.23
2024-08-23 15:50:10,BTCUSD_PERP,bid,60700,525.34
2024-08-23 15:50:10,BTCUSD_PERP,bid,60700,1018.5
2024-08-23 15:50:11,BTCUSD_PERP,bid,60700,958.33
2024-08-23 15:50:11,BTCUSD_PERP,bid,60700,838.87
2024-08-23 15:50:11,BTCUSD_PERP,bid,60700,1078.09
2024-08-23 15:50:11,BTCUSD_PERP,bid,60700,1138.23
2024-08-23 15:50:11,BTCUSD_PERP,bid,60700,1197.76
2024-08-23 15:54:47,BTCUSD_PERP,bid,60700,957.2
2024-08-23 15:54:47,BTCUSD_PERP,bid,60700,897.17
2024-08-23 15:54:48,BTCUSD_PERP,bid,60700,838.33
2024-08-23 15:54:48,BTCUSD_PERP,bid,60700,1077.53
2024-08-23 15:54:48,BTCUSD_PERP,bid,60700,1137.64
2024-08-23 15:54:48,BTCUSD_PERP,bid,60700,1197.13
2024-08-23 15:57:37,BTCUSD_PERP,bid,60700,1137.64
2024-08-23 15:57:37,BTCUSD_PERP,bid,60700,1018.04
2024-08-23 15:57:37,BTCUSD_PERP,bid,60700,958.55
2024-08-23 15:57:38,BTCUSD_PERP,bid,60700,898.44
2024-08-23 15:57:38,BTCUSD_PERP,bid,60700,778.84
2024-08-23 15:57:38,BTCUSD_PERP,bid,60700,719.35
2024-08-23 15:57:38,BTCUSD_PERP,bid,60700,659.24
2024-08-23 15:57:38,BTCUSD_PERP,bid,60700,539.64
2024-08-23 15:58:29,BTCUSD_PERP,bid,60700,668.94
2024-08-23 15:58:29,BTCUSD_PERP,bid,60700,728.5
2024-08-23 15:58:29,BTCUSD_PERP,bid,60700,909.01
2024-08-23 15:58:30,BTCUSD_PERP,bid,60700,969.18
2024-08-23 15:58:30,BTCUSD_PERP,bid,60700,1028.74
2024-08-23 15:58:30,BTCUSD_PERP,bid,60700,524.91
2024-08-23 15:58:30,BTCUSD_PERP,bid,60700,1148.37
2024-08-23 16:03:06,BTCUSD_PERP,bid,60700,969.08
2024-08-23 16:03:07,BTCUSD_PERP,bid,60700,789.28
2024-08-23 16:03:07,BTCUSD_PERP,bid,60700,669.55
2024-08-23 16:03:07,BTCUSD_PERP,bid,60700,609.38
2024-08-23 16:03:07,BTCUSD_PERP,bid,60700,549.21
2024-08-23 16:03:08,BTCUSD_PERP,bid,60700,525.18
2024-08-23 16:03:08,BTCUSD_PERP,bid,60700,585.28
2024-08-23 16:04:03,BTCUSD_PERP,bid,60700,524.91
2024-08-23 16:04:03,BTCUSD_PERP,bid,60700,958.35
2024-08-23 16:04:03,BTCUSD_PERP,bid,60700,584.98
2024-08-23 16:04:03,BTCUSD_PERP,bid,60700,1018.52
2024-08-23 16:04:50,BTCUSD_PERP,bid,60700,524.88
2024-08-23 16:04:50,BTCUSD_PERP,bid,60700,958.35
2024-08-23 16:04:51,BTCUSD_PERP,bid,60700,838.62
2024-08-23 16:04:51,BTCUSD_PERP,bid,60700,779.06
2024-08-23 16:04:51,BTCUSD_PERP,bid,60700,718.89
2024-08-23 16:04:51,BTCUSD_PERP,bid,60700,659.33
2024-08-23 16:04:51,BTCUSD_PERP,bid,60700,539.6
2024-08-23 16:06:39,BTCUSD_PERP,bid,60700,719.5
2024-08-23 16:06:39,BTCUSD_PERP,bid,60700,898.79
2024-08-23 16:06:40,BTCUSD_PERP,bid,60700,958.35
2024-08-23 16:15:46,BTCUSD_PERP,bid,60700,539.18
2024-08-23 16:15:46,BTCUSD_PERP,bid,60700,599.36
2024-08-23 16:15:46,BTCUSD_PERP,bid,60700,658.93
2024-08-23 16:15:47,BTCUSD_PERP,bid,60700,719.11
2024-08-23 16:24:23,BTCUSD_PERP,bid,60700,718.74
2024-08-23 16:24:23,BTCUSD_PERP,bid,60700,778.28
2024-08-23 16:25:09,BTCUSD_PERP,bid,60700,597.83
2024-08-23 16:25:09,BTCUSD_PERP,bid,60700,658.26
2024-08-23 16:25:36,BTCUSD_PERP,bid,60700,538.02
2024-08-23 16:25:36,BTCUSD_PERP,bid,60700,717.35
2024-08-23 16:27:22,BTCUSD_PERP,bid,60700,657.87
2024-08-23 16:27:22,BTCUSD_PERP,bid,60700,597.79
2024-08-23 16:27:23,BTCUSD_PERP,bid,60700,538.03
2024-08-23 16:27:23,BTCUSD_PERP,bid,60700,597.53
2024-08-23 16:27:24,BTCUSD_PERP,bid,60700,657.65
2024-08-23 16:27:24,BTCUSD_PERP,bid,60700,717.77
2024-08-23 16:28:46,BTCUSD_PERP,bid,60700,657.65
2024-08-23 16:28:49,BTCUSD_PERP,bid,60700,597.53
2024-08-23 16:29:00,BTCUSD_PERP,bid,60700,537.41
2024-08-23 16:29:26,BTCUSD_PERP,bid,60700,538.15
2024-08-23 16:29:26,BTCUSD_PERP,bid,60700,597.68
2024-08-23 16:29:26,BTCUSD_PERP,bid,60700,657.83
2024-08-23 16:29:26,BTCUSD_PERP,bid,60700,717.98
2024-08-23 16:29:26,BTCUSD_PERP,bid,60700,535.51
2024-08-23 16:29:26,BTCUSD_PERP,bid,60700,777.51
2024-08-23 16:30:30,BTCUSD_PERP,bid,60700,717.36
2024-08-23 16:30:30,BTCUSD_PERP,bid,60700,657.83
2024-08-23 16:30:30,BTCUSD_PERP,bid,60700,597.78
2024-08-23 16:30:30,BTCUSD_PERP,bid,60700,537.63
2024-08-23 16:30:31,BTCUSD_PERP,bid,60700,539.69
2024-08-23 16:30:31,BTCUSD_PERP,bid,60700,599.87
2024-08-23 16:30:31,BTCUSD_PERP,bid,60700,659.44
2024-08-23 16:33:12,BTCUSD_PERP,bid,60700,659.44
2024-08-23 16:33:57,BTCUSD_PERP,bid,60700,599.87
2024-08-23 16:33:58,BTCUSD_PERP,bid,60700,657.89
2024-08-23 16:33:58,BTCUSD_PERP,bid,60700,718.04
2024-08-23 16:36:41,BTCUSD_PERP,bid,60700,657.89
2024-08-23 16:38:34,BTCUSD_PERP,bid,60700,597.74
2024-08-23 16:38:34,BTCUSD_PERP,bid,60700,537.59
2024-08-23 16:38:35,BTCUSD_PERP,bid,60700,597.43
2024-08-23 16:39:50,BTCUSD_PERP,bid,60700,657.21
2024-08-23 14:26:07,BTCUSD_PERP,ask,61700,489.49
2024-08-23 14:29:16,BTCUSD_PERP,ask,61700,490.39
2024-08-23 14:30:34,BTCUSD_PERP,ask,61700,486.68
2024-08-23 14:30:37,BTCUSD_PERP,ask,61700,496.54
2024-08-23 14:30:37,BTCUSD_PERP,ask,61700,506.1
2024-08-23 14:30:38,BTCUSD_PERP,ask,61700,512.26
2024-08-23 14:30:39,BTCUSD_PERP,ask,61700,522.12
2024-08-23 14:30:43,BTCUSD_PERP,ask,61700,531.98
2024-08-23 14:31:34,BTCUSD_PERP,ask,61700,522.12
2024-08-23 14:31:34,BTCUSD_PERP,ask,61700,515.96
2024-08-23 14:31:36,BTCUSD_PERP,ask,61700,506.1
2024-08-23 14:31:37,BTCUSD_PERP,ask,61700,496.54
2024-08-23 14:31:38,BTCUSD_PERP,ask,61700,490.38
2024-08-23 14:39:44,BTCUSD_PERP,ask,61700,490.04
2024-08-23 14:39:44,BTCUSD_PERP,ask,61700,499.91
2024-08-23 14:39:48,BTCUSD_PERP,ask,61700,509.78
2024-08-23 14:39:54,BTCUSD_PERP,ask,61700,530.14
2024-08-23 14:39:58,BTCUSD_PERP,ask,61700,536.31
2024-08-23 14:40:40,BTCUSD_PERP,ask,61700,526.44
2024-08-23 14:40:41,BTCUSD_PERP,ask,61700,520.27
2024-08-23 14:40:42,BTCUSD_PERP,ask,61700,510.71
2024-08-23 14:40:43,BTCUSD_PERP,ask,61700,500.84
2024-08-23 14:40:44,BTCUSD_PERP,ask,61700,494.67
2024-08-23 14:57:51,BTCUSD_PERP,ask,61700,494.55
2024-08-23 14:57:51,BTCUSD_PERP,ask,61700,504.11
2024-08-23 14:57:53,BTCUSD_PERP,ask,61700,513.97
2024-08-23 14:57:59,BTCUSD_PERP,ask,61700,513.75
2024-08-23 14:58:10,BTCUSD_PERP,ask,61700,507.64
2024-08-23 14:58:51,BTCUSD_PERP,ask,61700,497.78
2024-08-23 14:58:51,BTCUSD_PERP,ask,61700,488.22
2024-08-23 16:25:15,BTCUSD_PERP,ask,61900,485.32
2024-08-23 16:25:18,BTCUSD_PERP,ask,61900,495.21
2024-08-23 16:25:41,BTCUSD_PERP,ask,61900,489.09
2024-08-23 16:25:45,BTCUSD_PERP,ask,61900,498.28
2024-08-23 20:40:01,BTCUSD_PERP,ask,61700,493.48
2024-08-23 20:40:12,BTCUSD_PERP,ask,61700,503.03
2024-08-23 21:02:50,BTCUSD_PERP,bid,61600,616.48
2024-08-23 21:02:53,BTCUSD_PERP,bid,61600,616.01
2024-08-23 21:02:53,BTCUSD_PERP,bid,61600,616.01
2024-08-23 21:02:55,BTCUSD_PERP,bid,61600,616.03
2024-08-23 21:02:55,BTCUSD_PERP,bid,61600,616.05
2024-08-23 21:02:55,BTCUSD_PERP,bid,61600,616.01
2024-08-23 21:02:55,BTCUSD_PERP,bid,61600,616.03
2024-08-23 21:02:55,BTCUSD_PERP,bid,61600,616.01
2024-08-23 21:02:56,BTCUSD_PERP,bid,61600,616.03
2024-08-23 21:02:56,BTCUSD_PERP,bid,61600,616.01
2024-08-23 21:02:57,BTCUSD_PERP,bid,61600,616.01
2024-08-23 21:02:57,BTCUSD_PERP,bid,61600,610.13
2024-08-23 21:02:57,BTCUSD_PERP,bid,61600,611.33
2024-08-23 21:02:58,BTCUSD_PERP,bid,61600,611.29
2024-08-23 21:02:58,BTCUSD_PERP,bid,61600,613.4
2024-08-23 21:02:58,BTCUSD_PERP,bid,61600,605.5
2024-08-23 21:02:58,BTCUSD_PERP,bid,61600,596.13
2024-08-23 21:02:59,BTCUSD_PERP,bid,61600,509.83
2024-08-23 21:02:59,BTCUSD_PERP,bid,61600,501.88
2024-08-23 21:15:03,BTCUSD_PERP,bid,61600,607.52
2024-08-23 21:15:06,BTCUSD_PERP,bid,61600,547.14
2024-08-23 21:15:12,BTCUSD_PERP,bid,61600,486.98
2024-08-23 21:15:12,BTCUSD_PERP,bid,61600,608.44
2024-08-23 21:15:18,BTCUSD_PERP,bid,61600,548.02
2024-08-23 21:15:19,BTCUSD_PERP,bid,61600,487.08
2024-08-23 21:15:24,BTCUSD_PERP,bid,61700,486.78
2024-08-23 21:15:59,BTCUSD_PERP,bid,61600,546.35
2024-08-23 21:16:00,BTCUSD_PERP,bid,61600,728.88
2024-08-23 21:16:00,BTCUSD_PERP,bid,61600,547.59
2024-08-23 21:30:36,BTCUSD_PERP,ask,61800,542.18
2024-08-23 21:30:36,BTCUSD_PERP,ask,61800,539.52
2024-08-23 21:30:36,BTCUSD_PERP,ask,61800,533.69
2024-08-23 21:30:36,BTCUSD_PERP,ask,61800,535.36
2024-08-23 21:30:37,BTCUSD_PERP,ask,61800,538.98
2024-08-23 21:30:37,BTCUSD_PERP,ask,61800,536.18
2024-08-23 21:30:37,BTCUSD_PERP,ask,61800,533.86
2024-08-23 21:30:37,BTCUSD_PERP,ask,61800,532.87
2024-08-23 21:30:37,BTCUSD_PERP,ask,61800,532.37
2024-08-23 21:30:38,BTCUSD_PERP,ask,61800,536.18
2024-08-23 21:30:38,BTCUSD_PERP,ask,61800,532.47
2024-08-23 21:30:38,BTCUSD_PERP,ask,61800,532.37
2024-08-23 21:30:38,BTCUSD_PERP,ask,61800,532.96
2024-08-23 21:30:38,BTCUSD_PERP,ask,61800,533.59
2024-08-23 21:30:39,BTCUSD_PERP,ask,61800,532.07
2024-08-23 21:30:40,BTCUSD_PERP,ask,61800,532.99
2024-08-23 21:30:40,BTCUSD_PERP,ask,61800,532.07
