2024-08-11 18:29:51,ETHUSDT,ask,2670,5148.758
2024-08-11 18:30:02,ETHUSDT,ask,2670,5150.758
2024-08-11 18:30:58,ETHUSDT,ask,2670,5181.798
2024-08-11 18:31:37,ETHUSDT,ask,2670,5183.798
2024-08-11 18:31:38,ETHUSDT,ask,2670,5181.798
2024-08-11 18:31:40,ETHUSDT,ask,2670,5183.798
2024-08-11 18:31:44,ETHUSDT,ask,2670,5181.798
2024-08-11 18:31:48,ETHUSDT,ask,2670,5183.798
2024-08-11 18:31:55,ETHUSDT,ask,2670,5183.798
2024-08-11 18:32:00,ETHUSDT,ask,2670,5181.798
2024-08-11 18:32:02,ETHUSDT,ask,2670,5200.902
2024-08-11 18:32:27,ETHUSDT,ask,2670,5195.893
2024-08-11 18:32:29,ETHUSDT,ask,2670,5196.08
2024-08-11 18:32:42,ETHUSDT,ask,2670,5196.08
2024-08-11 18:33:44,ETHUSDT,ask,2670,5197.07
2024-08-11 18:33:46,ETHUSDT,ask,2670,5197.257
2024-08-11 18:33:56,ETHUSDT,ask,2670,5197.076
2024-08-11 18:34:11,ETHUSDT,ask,2670,5197.488
2024-08-11 18:34:23,ETHUSDT,ask,2670,5196.498
2024-08-11 18:34:43,ETHUSDT,ask,2670,5196.124
2024-08-11 18:35:01,ETHUSDT,ask,2670,5190.124
2024-08-11 18:35:08,ETHUSDT,ask,2670,5191.83
2024-08-11 18:35:34,ETHUSDT,ask,2670,5211.915
2024-08-11 18:35:57,ETHUSDT,ask,2670,5212.158
2024-08-11 18:36:17,ETHUSDT,ask,2670,5223.785
2024-08-11 18:36:18,ETHUSDT,ask,2670,5212.399
2024-08-11 18:36:39,ETHUSDT,ask,2670,5216.204
2024-08-11 18:36:56,ETHUSDT,ask,2670,5216.58
2024-08-11 18:36:59,ETHUSDT,ask,2670,5217.58
2024-08-11 18:37:02,ETHUSDT,ask,2670,5217.68
2024-08-11 18:37:10,ETHUSDT,ask,2670,5227.671
2024-08-11 18:37:11,ETHUSDT,ask,2670,5217.671
2024-08-11 18:37:13,ETHUSDT,ask,2670,5220.311
2024-08-11 18:37:55,ETHUSDT,ask,2670,5236.311
2024-08-11 18:38:20,ETHUSDT,ask,2670,5221.89
2024-08-11 18:38:24,ETHUSDT,ask,2670,5220.311
2024-08-11 18:38:37,ETHUSDT,ask,2670,5225.311
2024-08-11 18:38:55,ETHUSDT,ask,2670,5235.311
2024-08-11 18:39:17,ETHUSDT,ask,2670,5225.325
2024-08-11 18:39:17,ETHUSDT,ask,2670,5241.325
2024-08-11 18:39:20,ETHUSDT,ask,2670,5225.325
2024-08-11 18:39:34,ETHUSDT,ask,2670,5240.531
2024-08-11 18:39:42,ETHUSDT,ask,2670,5239.531
2024-08-11 18:39:59,ETHUSDT,ask,2670,5239.523
2024-08-11 18:40:20,ETHUSDT,ask,2670,5232.019
2024-08-11 18:40:36,ETHUSDT,ask,2670,5231.6
2024-08-11 18:42:06,ETHUSDT,ask,2670,5230.019
2024-08-11 18:42:07,ETHUSDT,ask,2670,5230.269
2024-08-11 18:42:13,ETHUSDT,ask,2670,5230.277
2024-08-11 18:42:17,ETHUSDT,ask,2670,5230.277
2024-08-11 18:42:41,ETHUSDT,ask,2670,5211.165
2024-08-11 18:43:10,ETHUSDT,ask,2670,5212.294
2024-08-11 18:43:19,ETHUSDT,ask,2670,5215.986
2024-08-11 18:43:19,ETHUSDT,ask,2670,5216.186
2024-08-11 18:43:33,ETHUSDT,ask,2670,5216.163
2024-08-11 18:44:58,ETHUSDT,ask,2670,5216.202
2024-08-11 18:44:59,ETHUSDT,ask,2670,5216.163
2024-08-11 18:45:06,ETHUSDT,ask,2670,5218.593
2024-08-11 18:46:00,ETHUSDT,ask,2670,5235.02
2024-08-11 18:46:23,ETHUSDT,ask,2670,5218.177
2024-08-11 18:46:24,ETHUSDT,ask,2670,5168.177
2024-08-11 18:47:10,ETHUSDT,ask,2670,5169.409
2024-08-11 18:47:12,ETHUSDT,ask,2670,5169.596
2024-08-11 18:47:26,ETHUSDT,ask,2670,5171.031
2024-08-11 18:47:30,ETHUSDT,ask,2670,5169.756
2024-08-11 18:48:11,ETHUSDT,ask,2670,5169.804
2024-08-11 18:49:55,ETHUSDT,ask,2670,5172.305
2024-08-11 18:49:56,ETHUSDT,ask,2670,5172.212
2024-08-11 18:50:02,ETHUSDT,ask,2670,5172.772
2024-08-11 18:50:30,ETHUSDT,ask,2670,5172.212
2024-08-11 18:50:45,ETHUSDT,ask,2670,5172.025
2024-08-11 18:51:26,ETHUSDT,ask,2670,5172.586
2024-08-12 19:26:40,ETHUSDT,bid,2680,4473.893
2024-08-12 19:26:42,ETHUSDT,bid,2680,3748.241
2024-08-12 19:26:43,ETHUSDT,bid,2680,3746.36
2024-08-12 19:26:44,ETHUSDT,bid,2680,3734.879
2024-08-12 19:26:49,ETHUSDT,bid,2680,3736.291
2024-08-12 20:44:01,ETHUSDT,bid,2650,5297.674
2024-08-12 20:44:03,ETHUSDT,bid,2650,5297.774
2024-08-12 20:44:05,ETHUSDT,bid,2650,5300.588
2024-08-12 20:44:08,ETHUSDT,bid,2650,5387.487
2024-08-12 20:44:08,ETHUSDT,bid,2650,5372.477
2024-08-12 20:44:09,ETHUSDT,bid,2650,5372.797
2024-08-12 20:44:09,ETHUSDT,bid,2650,5373.797
2024-08-12 20:44:11,ETHUSDT,bid,2650,5373.807
2024-08-12 20:44:13,ETHUSDT,bid,2650,5374.033
2024-08-12 20:44:13,ETHUSDT,bid,2650,5373.033
2024-08-12 20:44:15,ETHUSDT,bid,2650,5371.524
2024-08-12 20:44:16,ETHUSDT,bid,2650,5380.345
2024-08-12 20:44:16,ETHUSDT,bid,2650,5371.872
2024-08-12 20:44:18,ETHUSDT,bid,2650,5372.872
2024-08-12 20:44:19,ETHUSDT,bid,2650,5372.146
2024-08-12 20:44:20,ETHUSDT,bid,2650,5371.826
2024-08-12 20:44:20,ETHUSDT,bid,2650,5373.783
2024-08-12 20:44:21,ETHUSDT,bid,2650,5374.35
2024-08-12 20:44:22,ETHUSDT,bid,2650,5375.376
2024-08-12 20:44:24,ETHUSDT,bid,2650,5379.385
2024-08-12 20:44:25,ETHUSDT,bid,2650,5379.025
2024-08-12 20:44:28,ETHUSDT,bid,2650,5379.654
2024-08-12 20:44:28,ETHUSDT,bid,2650,5379.654
2024-08-12 20:44:29,ETHUSDT,bid,2650,5383.454
2024-08-12 20:44:29,ETHUSDT,bid,2650,5379.654
2024-08-12 20:44:30,ETHUSDT,bid,2650,5378.984
2024-08-12 20:44:31,ETHUSDT,bid,2650,5399.016
2024-08-12 20:44:31,ETHUSDT,bid,2650,5399.016
2024-08-12 20:44:32,ETHUSDT,bid,2650,5398.911
2024-08-12 20:44:32,ETHUSDT,bid,2650,5398.861
2024-08-12 20:44:32,ETHUSDT,bid,2650,5398.383
2024-08-12 20:44:34,ETHUSDT,bid,2650,5410.074
2024-08-12 20:44:34,ETHUSDT,bid,2650,5398.383
2024-08-12 20:44:35,ETHUSDT,bid,2650,5410.074
2024-08-12 20:44:35,ETHUSDT,bid,2650,5398.383
2024-08-12 20:44:36,ETHUSDT,bid,2650,5401.951
2024-08-12 20:44:37,ETHUSDT,bid,2650,5408.081
2024-08-12 20:44:37,ETHUSDT,bid,2650,5402.177
2024-08-12 20:44:37,ETHUSDT,bid,2650,5402.597
2024-08-12 20:44:37,ETHUSDT,bid,2650,5402.371
2024-08-12 20:44:39,ETHUSDT,bid,2650,5405.453
2024-08-12 20:44:39,ETHUSDT,bid,2650,5406.085
2024-08-12 20:44:40,ETHUSDT,bid,2650,5398.524
2024-08-12 20:44:41,ETHUSDT,bid,2650,5398.534
2024-08-12 20:44:41,ETHUSDT,bid,2650,5398.018
2024-08-12 20:44:42,ETHUSDT,bid,2650,5397.898
2024-08-12 20:44:43,ETHUSDT,bid,2650,5397.883
2024-08-12 20:44:46,ETHUSDT,bid,2650,5397.883
2024-08-12 20:44:47,ETHUSDT,bid,2650,5397.242
2024-08-12 20:44:47,ETHUSDT,bid,2650,5397.279
2024-08-12 20:44:48,ETHUSDT,bid,2650,5397.279
2024-08-12 20:44:50,ETHUSDT,bid,2650,5406.335
2024-08-12 20:44:50,ETHUSDT,bid,2650,5405.92
2024-08-12 20:44:51,ETHUSDT,bid,2650,5406.674
2024-08-12 20:44:51,ETHUSDT,bid,2650,5406.884
2024-08-12 20:44:53,ETHUSDT,bid,2650,5406.684
2024-08-12 20:44:53,ETHUSDT,bid,2650,5410.93
2024-08-12 20:44:54,ETHUSDT,bid,2650,5412.825
2024-08-12 20:44:55,ETHUSDT,bid,2650,5412.805
2024-08-12 20:44:55,ETHUSDT,bid,2650,5418.709
2024-08-12 20:44:55,ETHUSDT,bid,2650,5412.805
2024-08-12 20:44:56,ETHUSDT,bid,2650,5410.946
2024-08-12 20:44:57,ETHUSDT,bid,2650,5410.935
2024-08-12 20:44:57,ETHUSDT,bid,2650,5411.149
2024-08-12 20:44:57,ETHUSDT,bid,2650,5417.053
2024-08-12 20:44:57,ETHUSDT,bid,2650,5411.149
2024-08-12 20:44:58,ETHUSDT,bid,2650,5420.472
2024-08-12 20:44:58,ETHUSDT,bid,2650,5418.637
2024-08-12 20:44:58,ETHUSDT,bid,2650,5409.403
2024-08-12 20:44:58,ETHUSDT,bid,2650,5410.912
2024-08-12 20:44:59,ETHUSDT,bid,2650,5410.969
2024-08-12 20:44:59,ETHUSDT,bid,2650,5414.742
2024-08-12 20:44:59,ETHUSDT,bid,2650,5414.722
2024-08-12 20:44:59,ETHUSDT,bid,2650,5414.742
2024-08-12 20:44:59,ETHUSDT,bid,2650,5414.722
2024-08-12 20:45:00,ETHUSDT,bid,2650,5414.742
2024-08-12 20:45:00,ETHUSDT,bid,2650,5416.779
2024-08-12 20:45:02,ETHUSDT,bid,2650,5416.71
2024-08-12 20:45:02,ETHUSDT,bid,2650,5416.893
2024-08-12 20:45:04,ETHUSDT,bid,2650,5416.71
2024-08-12 20:45:04,ETHUSDT,bid,2650,5417.21
2024-08-12 20:45:05,ETHUSDT,bid,2650,5417.21
2024-08-12 20:45:05,ETHUSDT,bid,2650,5417.211
2024-08-12 20:45:05,ETHUSDT,bid,2650,5417.196
2024-08-12 20:45:05,ETHUSDT,bid,2650,5416.887
2024-08-12 20:45:06,ETHUSDT,bid,2650,5417.09
2024-08-12 20:45:08,ETHUSDT,bid,2650,5414.09
2024-08-12 20:45:08,ETHUSDT,bid,2650,5414.09
2024-08-12 20:45:08,ETHUSDT,bid,2650,5410.895
2024-08-12 20:45:09,ETHUSDT,bid,2650,5412.713
2024-08-12 20:45:09,ETHUSDT,bid,2650,5414.128
2024-08-12 20:45:09,ETHUSDT,bid,2650,5414.528
2024-08-12 20:45:09,ETHUSDT,bid,2650,5425.528
2024-08-12 20:45:10,ETHUSDT,bid,2650,5434.892
2024-08-12 20:45:10,ETHUSDT,bid,2650,5433.075
2024-08-12 20:45:10,ETHUSDT,bid,2650,5427.955
2024-08-12 20:45:10,ETHUSDT,bid,2650,5429.156
2024-08-12 20:45:11,ETHUSDT,bid,2650,5424.156
2024-08-12 20:45:11,ETHUSDT,bid,2650,5426.84
2024-08-12 20:45:11,ETHUSDT,bid,2650,5429.516
2024-08-12 20:45:12,ETHUSDT,bid,2650,5420.569
2024-08-12 20:45:12,ETHUSDT,bid,2650,5420.719
2024-08-12 20:45:13,ETHUSDT,bid,2650,5418.901
2024-08-12 20:45:13,ETHUSDT,bid,2650,5417.621
2024-08-12 20:45:13,ETHUSDT,bid,2650,5417.621
2024-08-12 20:45:13,ETHUSDT,bid,2650,5409.412
2024-08-12 20:45:14,ETHUSDT,bid,2650,5420.279
2024-08-12 20:45:15,ETHUSDT,bid,2650,5417.824
2024-08-12 20:45:15,ETHUSDT,bid,2650,5419.824
2024-08-12 20:45:17,ETHUSDT,bid,2650,5422.068
2024-08-12 20:45:17,ETHUSDT,bid,2650,5418.868
2024-08-12 20:45:18,ETHUSDT,bid,2650,5431.902
2024-08-12 20:45:18,ETHUSDT,bid,2650,5431.302
2024-08-12 20:45:18,ETHUSDT,bid,2650,5427.538
2024-08-12 20:45:18,ETHUSDT,bid,2650,5416.222
2024-08-12 20:45:19,ETHUSDT,bid,2650,5417.688
2024-08-12 20:45:20,ETHUSDT,bid,2650,5417.709
2024-08-12 20:45:21,ETHUSDT,bid,2650,5417.522
2024-08-12 20:45:21,ETHUSDT,bid,2650,5417.512
2024-08-12 20:45:21,ETHUSDT,bid,2650,5433.653
2024-08-12 20:45:22,ETHUSDT,bid,2650,5417.512
2024-08-12 20:45:23,ETHUSDT,bid,2650,5417.512
2024-08-12 20:45:23,ETHUSDT,bid,2650,5416.233
2024-08-12 20:45:23,ETHUSDT,bid,2650,5427.619
2024-08-12 20:45:24,ETHUSDT,bid,2650,5423.763
2024-08-12 20:45:24,ETHUSDT,bid,2650,5423.863
2024-08-12 20:45:24,ETHUSDT,bid,2650,5423.863
2024-08-12 20:45:24,ETHUSDT,bid,2650,5416.71
2024-08-12 20:45:24,ETHUSDT,bid,2650,5416.71
2024-08-12 20:45:24,ETHUSDT,bid,2650,5416.71
2024-08-12 20:45:25,ETHUSDT,bid,2650,5416.71
2024-08-12 20:45:25,ETHUSDT,bid,2650,5417.51
2024-08-12 20:45:25,ETHUSDT,bid,2650,5416.718
2024-08-12 20:45:26,ETHUSDT,bid,2650,5416.71
2024-08-12 20:45:26,ETHUSDT,bid,2650,5428.401
2024-08-12 20:45:27,ETHUSDT,bid,2650,4518.507
2024-08-12 20:45:27,ETHUSDT,bid,2650,4503.21
2024-08-12 20:45:27,ETHUSDT,bid,2650,4503.568
2024-08-12 20:45:27,ETHUSDT,bid,2650,4389.785
2024-08-12 20:45:27,ETHUSDT,bid,2650,4389.137
2024-08-12 20:45:27,ETHUSDT,bid,2650,4366.791
2024-08-12 20:45:28,ETHUSDT,bid,2650,3909.445
2024-08-12 20:45:28,ETHUSDT,bid,2650,3879.047
2024-08-12 04:18:00,ETHUSDT,ask,2600,5491.542
2024-08-12 22:29:53,ETHUSDT,bid,2660,10002.343
2024-08-12 22:29:54,ETHUSDT,bid,2660,10005.919
2024-08-12 22:29:54,ETHUSDT,bid,2660,10000.015
2024-08-12 22:29:54,ETHUSDT,bid,2660,10000.315
2024-08-12 22:29:55,ETHUSDT,bid,2660,10005.919
2024-08-12 22:29:55,ETHUSDT,bid,2660,10000.015
2024-08-12 22:29:55,ETHUSDT,bid,2660,10000.265
2024-08-12 22:29:56,ETHUSDT,bid,2660,10006.169
2024-08-12 22:29:56,ETHUSDT,bid,2660,10000.265
2024-08-12 22:58:22,ETHUSDT,bid,2680,10004.908
2024-08-12 22:58:22,ETHUSDT,bid,2680,10004.888
2024-08-12 22:58:23,ETHUSDT,bid,2680,10005.632
2024-08-12 22:58:23,ETHUSDT,bid,2680,10004.908
2024-08-12 22:58:23,ETHUSDT,bid,2680,10004.888
2024-08-12 22:58:57,ETHUSDT,bid,2680,10003.37
2024-08-12 22:58:59,ETHUSDT,bid,2680,10004.776
2024-08-12 22:59:00,ETHUSDT,bid,2680,10001.894
2024-08-12 22:59:00,ETHUSDT,bid,2680,10001.148
2024-08-12 22:59:00,ETHUSDT,bid,2680,10001.894
2024-08-12 22:59:01,ETHUSDT,bid,2680,10002.64
2024-08-12 22:59:01,ETHUSDT,bid,2680,10002.162
2024-08-12 22:59:01,ETHUSDT,bid,2680,10003.386
2024-08-12 22:59:01,ETHUSDT,bid,2680,10003.118
2024-08-12 22:59:01,ETHUSDT,bid,2680,10002.372
2024-08-12 22:59:01,ETHUSDT,bid,2680,10001.894
2024-08-12 22:59:01,ETHUSDT,bid,2680,10002.372
2024-08-12 22:59:01,ETHUSDT,bid,2680,10001.626
2024-08-12 22:59:02,ETHUSDT,bid,2680,10002.372
2024-08-12 23:36:58,ETHUSDT,ask,2670,4893.763
2024-08-12 22:17:58,ETHUSDT,bid,2640,5421.742
2024-08-12 22:20:06,ETHUSDT,bid,2640,11759.026
2024-08-12 22:21:52,ETHUSDT,bid,2640,11760.856
2024-08-13 02:57:25,ETHUSDT,bid,2650,7869.725
2024-08-13 02:57:25,ETHUSDT,bid,2650,7869.733
2024-08-13 02:57:28,ETHUSDT,bid,2650,7869.748
2024-08-13 02:57:29,ETHUSDT,bid,2650,10489.875
2024-08-13 02:57:29,ETHUSDT,bid,2650,10481.33
2024-08-13 02:57:34,ETHUSDT,bid,2650,10481.374
2024-08-13 02:57:35,ETHUSDT,bid,2650,10480.506
2024-08-13 02:57:35,ETHUSDT,bid,2650,10480.566
2024-08-13 02:57:38,ETHUSDT,bid,2650,10480.566
2024-08-13 02:57:39,ETHUSDT,bid,2650,10495.858
2024-08-13 02:57:40,ETHUSDT,bid,2650,10495.798
2024-08-13 02:57:41,ETHUSDT,bid,2650,10496.228
2024-08-13 02:57:44,ETHUSDT,bid,2650,10496.108
2024-08-13 02:57:44,ETHUSDT,bid,2650,10480.816
2024-08-13 02:57:45,ETHUSDT,bid,2650,10481.192
2024-08-13 02:57:45,ETHUSDT,bid,2650,10480.816
2024-08-13 02:57:46,ETHUSDT,bid,2650,10480.936
2024-08-13 02:57:53,ETHUSDT,bid,2650,10480.816
2024-08-13 02:57:58,ETHUSDT,bid,2650,10481.186
2024-08-13 02:58:01,ETHUSDT,bid,2650,10480.756
2024-08-13 02:58:01,ETHUSDT,bid,2650,10480.756
2024-08-13 02:58:02,ETHUSDT,bid,2650,10480.748
2024-08-13 02:58:11,ETHUSDT,bid,2650,10480.767
2024-08-13 02:58:13,ETHUSDT,bid,2650,10480.748
2024-08-13 02:58:15,ETHUSDT,bid,2650,10480.378
2024-08-13 02:58:33,ETHUSDT,bid,2650,10480.498
2024-08-13 02:58:36,ETHUSDT,bid,2650,10485.204
2024-08-13 02:58:40,ETHUSDT,bid,2650,10480.508
2024-08-13 02:58:41,ETHUSDT,bid,2650,10480.772
2024-08-13 02:58:42,ETHUSDT,bid,2650,10480.396
2024-08-13 02:58:45,ETHUSDT,bid,2650,10556.177
2024-08-13 02:58:46,ETHUSDT,bid,2650,10558.061
2024-08-13 02:58:46,ETHUSDT,bid,2650,10482.28
2024-08-13 02:58:49,ETHUSDT,bid,2650,10482.28
2024-08-13 02:58:49,ETHUSDT,bid,2650,10486.8
2024-08-13 02:58:50,ETHUSDT,bid,2650,10482.28
2024-08-13 02:58:55,ETHUSDT,bid,2650,10490.825
2024-08-13 02:58:55,ETHUSDT,bid,2650,10488.941
2024-08-13 02:58:56,ETHUSDT,bid,2650,10488.941
2024-08-13 02:58:57,ETHUSDT,bid,2650,10488.931
2024-08-13 02:58:59,ETHUSDT,bid,2650,10480.782
2024-08-13 02:58:59,ETHUSDT,bid,2650,10480.746
2024-08-13 02:59:00,ETHUSDT,bid,2650,10493.93
2024-08-13 02:59:01,ETHUSDT,bid,2650,10492.045
2024-08-13 02:59:01,ETHUSDT,bid,2650,10480.746
2024-08-13 02:59:03,ETHUSDT,bid,2650,10480.386
2024-08-13 02:59:06,ETHUSDT,bid,2650,10480.851
2024-08-13 02:59:06,ETHUSDT,bid,2650,10480.386
2024-08-13 02:59:09,ETHUSDT,bid,2650,10480.386
2024-08-13 02:59:11,ETHUSDT,bid,2650,10480.378
2024-08-13 02:59:12,ETHUSDT,bid,2650,10480.944
2024-08-13 02:59:13,ETHUSDT,bid,2650,10494.504
2024-08-13 02:59:13,ETHUSDT,bid,2650,10480.944
2024-08-13 02:59:15,ETHUSDT,bid,2650,10480.944
2024-08-13 02:59:15,ETHUSDT,bid,2650,10481.971
2024-08-13 02:59:17,ETHUSDT,bid,2650,10482.971
2024-08-13 02:59:17,ETHUSDT,bid,2650,10481.971
2024-08-13 02:59:19,ETHUSDT,bid,2650,10480.386
2024-08-13 02:59:23,ETHUSDT,bid,2650,10480.378
2024-08-13 02:59:28,ETHUSDT,bid,2650,10545.076
2024-08-13 02:59:28,ETHUSDT,bid,2650,10480.378
2024-08-13 02:59:31,ETHUSDT,bid,2650,10480.363
2024-08-13 02:59:44,ETHUSDT,bid,2650,10480.376
2024-08-13 02:59:44,ETHUSDT,bid,2650,10481.5
2024-08-13 02:59:45,ETHUSDT,bid,2650,10481.487
2024-08-13 02:59:48,ETHUSDT,bid,2650,10481.521
2024-08-13 02:59:49,ETHUSDT,bid,2650,10491.521
2024-08-13 02:59:50,ETHUSDT,bid,2650,10481.521
2024-08-13 02:59:55,ETHUSDT,bid,2650,10482.645
2024-08-13 02:59:56,ETHUSDT,bid,2650,10481.521
2024-08-13 03:40:58,ETHUSDT,bid,2680,5609.643
2024-08-13 03:40:59,ETHUSDT,bid,2680,5610.599
2024-08-13 03:40:59,ETHUSDT,bid,2680,5611.483
2024-08-13 03:41:00,ETHUSDT,bid,2680,5610.599
2024-08-13 03:41:00,ETHUSDT,bid,2680,5609.829
2024-08-13 03:41:01,ETHUSDT,bid,2680,5609.829
2024-08-13 03:41:01,ETHUSDT,bid,2680,5609.829
2024-08-13 03:41:01,ETHUSDT,bid,2680,5609.829
2024-08-13 03:41:01,ETHUSDT,bid,2680,5610.575
2024-08-13 03:41:03,ETHUSDT,bid,2680,5610.872
2024-08-13 03:41:04,ETHUSDT,bid,2680,5610.575
2024-08-13 03:41:04,ETHUSDT,bid,2680,5617.275
2024-08-13 03:41:11,ETHUSDT,bid,2680,5605.216
2024-08-13 03:41:12,ETHUSDT,bid,2680,5605.216
2024-08-13 03:41:13,ETHUSDT,bid,2680,5605.201
2024-08-13 03:41:13,ETHUSDT,bid,2680,5605.216
2024-08-13 03:41:16,ETHUSDT,bid,2680,5605.201
2024-08-13 03:41:17,ETHUSDT,bid,2680,5605.321
2024-08-13 03:41:21,ETHUSDT,bid,2680,5606.038
2024-08-13 03:41:22,ETHUSDT,bid,2680,5605.321
2024-08-13 03:41:25,ETHUSDT,bid,2680,5605.741
2024-08-13 03:41:26,ETHUSDT,bid,2680,5605.321
2024-08-13 03:41:27,ETHUSDT,bid,2680,5613.29
2024-08-13 03:41:49,ETHUSDT,bid,2680,5605.613
2024-08-13 03:41:52,ETHUSDT,bid,2680,5605.321
2024-08-13 03:42:01,ETHUSDT,bid,2680,5682.005
2024-08-13 03:42:03,ETHUSDT,bid,2680,5607.576
2024-08-13 03:42:04,ETHUSDT,bid,2680,5607.584
2024-08-13 03:42:04,ETHUSDT,bid,2680,5607.574
2024-08-13 03:42:06,ETHUSDT,bid,2680,5606.464
2024-08-13 03:42:12,ETHUSDT,bid,2680,5605.351
2024-08-13 03:42:14,ETHUSDT,bid,2680,5605.397
2024-08-13 03:42:22,ETHUSDT,bid,2680,5605.412
2024-08-13 03:42:24,ETHUSDT,bid,2680,5605.472
2024-08-13 03:42:26,ETHUSDT,bid,2680,5605.412
2024-08-13 03:42:31,ETHUSDT,bid,2680,5605.397
2024-08-13 03:42:37,ETHUSDT,bid,2680,5608.683
2024-08-13 03:42:42,ETHUSDT,bid,2680,5607.569
2024-08-13 03:42:43,ETHUSDT,bid,2680,5608.237
2024-08-13 03:42:43,ETHUSDT,bid,2680,5615.818
2024-08-13 03:42:43,ETHUSDT,bid,2680,5608.279
2024-08-13 03:42:44,ETHUSDT,bid,2680,5594.46
2024-08-13 03:42:44,ETHUSDT,bid,2680,5594.449
2024-08-13 03:42:45,ETHUSDT,bid,2680,5607.949
2024-08-13 03:42:47,ETHUSDT,bid,2680,5594.449
2024-08-13 03:42:47,ETHUSDT,bid,2680,5593.335
2024-08-13 03:42:47,ETHUSDT,bid,2680,5592.221
2024-08-13 03:42:48,ETHUSDT,bid,2680,5591.553
2024-08-13 03:42:52,ETHUSDT,bid,2680,5592.72
2024-08-13 03:42:53,ETHUSDT,bid,2680,5591.553
2024-08-13 03:42:54,ETHUSDT,bid,2680,5591.571
2024-08-13 03:42:55,ETHUSDT,bid,2680,5591.58
2024-08-13 03:42:56,ETHUSDT,bid,2680,5591.593
2024-08-13 03:42:57,ETHUSDT,bid,2680,5591.602
2024-08-13 03:43:00,ETHUSDT,bid,2680,5591.562
2024-08-13 03:43:09,ETHUSDT,bid,2680,5591.586
2024-08-13 03:43:29,ETHUSDT,bid,2680,5592.086
2024-08-13 03:43:33,ETHUSDT,bid,2680,5591.586
2024-08-13 03:43:46,ETHUSDT,bid,2680,5591.628
2024-08-13 03:43:59,ETHUSDT,bid,2680,5592.461
2024-08-13 03:44:01,ETHUSDT,bid,2680,5592.419
2024-08-13 03:44:03,ETHUSDT,bid,2680,5593.98
2024-08-13 03:44:07,ETHUSDT,bid,2680,5594.13
2024-08-13 03:44:24,ETHUSDT,bid,2680,5592.419
2024-08-13 03:44:25,ETHUSDT,bid,2680,5595.287
2024-08-13 03:44:26,ETHUSDT,bid,2680,5596.85
2024-08-13 03:44:28,ETHUSDT,bid,2680,5595.287
2024-08-13 03:44:29,ETHUSDT,bid,2680,5592.419
2024-08-13 03:44:33,ETHUSDT,bid,2680,5592.534
2024-08-13 03:44:33,ETHUSDT,bid,2680,5592.534
2024-08-13 03:44:40,ETHUSDT,bid,2680,5606.013
2024-08-13 03:44:41,ETHUSDT,bid,2680,5606.569
2024-08-13 03:44:44,ETHUSDT,bid,2680,5608.835
2024-08-13 03:44:46,ETHUSDT,bid,2680,5608.279
2024-08-13 03:44:46,ETHUSDT,bid,2680,5607.107
2024-08-13 03:44:50,ETHUSDT,bid,2680,5609.652
2024-08-13 03:44:56,ETHUSDT,bid,2680,5607.107
2024-08-13 03:44:57,ETHUSDT,bid,2680,5608.629
2024-08-13 03:45:03,ETHUSDT,bid,2680,5606.021
2024-08-13 03:45:05,ETHUSDT,bid,2680,5606.021
2024-08-13 03:45:10,ETHUSDT,bid,2680,5606.04
2024-08-13 03:45:11,ETHUSDT,bid,2680,5606.04
2024-08-13 03:45:23,ETHUSDT,bid,2680,5606.096
2024-08-13 03:45:29,ETHUSDT,bid,2680,5607.269
2024-08-13 03:45:30,ETHUSDT,bid,2680,5875.603
2024-08-13 03:45:30,ETHUSDT,bid,2680,5607.269
2024-08-13 03:45:31,ETHUSDT,bid,2680,5607.25
2024-08-13 03:45:31,ETHUSDT,bid,2680,5761.126
2024-08-13 03:45:32,ETHUSDT,bid,2680,5593.715
2024-08-13 03:45:33,ETHUSDT,bid,2680,5595.237
2024-08-13 03:45:33,ETHUSDT,bid,2680,5595.237
2024-08-13 03:45:34,ETHUSDT,bid,2680,5593.715
2024-08-13 03:45:37,ETHUSDT,bid,2680,5592.542
2024-08-13 03:45:37,ETHUSDT,bid,2680,5592.534
2024-08-13 03:46:02,ETHUSDT,bid,2680,5606.361
2024-08-13 03:46:02,ETHUSDT,bid,2680,5592.534
2024-08-13 03:46:02,ETHUSDT,bid,2680,5606.382
2024-08-13 03:46:03,ETHUSDT,bid,2680,5592.534
2024-08-13 03:46:03,ETHUSDT,bid,2680,5606.322
2024-08-13 03:46:04,ETHUSDT,bid,2680,5606.322
2024-08-13 03:46:04,ETHUSDT,bid,2680,5606.33
2024-08-13 03:46:06,ETHUSDT,bid,2680,5606.338
2024-08-13 03:46:07,ETHUSDT,bid,2680,5606.33
2024-08-13 03:46:07,ETHUSDT,bid,2680,5607.443
2024-08-13 03:46:10,ETHUSDT,bid,2680,5608.541
2024-08-13 03:46:10,ETHUSDT,bid,2680,5607.443
2024-08-13 03:46:10,ETHUSDT,bid,2680,5593.655
2024-08-13 03:46:11,ETHUSDT,bid,2680,5593.647
2024-08-13 03:46:15,ETHUSDT,bid,2680,5608.887
2024-08-13 03:46:18,ETHUSDT,bid,2680,5608.468
2024-08-13 03:46:21,ETHUSDT,bid,2680,5608.476
2024-08-13 03:46:22,ETHUSDT,bid,2680,5608.461
2024-08-13 03:46:22,ETHUSDT,bid,2680,5607.333
2024-08-13 03:46:27,ETHUSDT,bid,2680,5607.325
2024-08-13 03:46:27,ETHUSDT,bid,2680,5607.289
2024-08-13 03:46:29,ETHUSDT,bid,2680,5607.297
2024-08-13 03:46:31,ETHUSDT,bid,2680,5607.289
2024-08-13 03:46:35,ETHUSDT,bid,2680,5595.976
2024-08-13 03:46:35,ETHUSDT,bid,2680,5609.383
2024-08-13 03:46:36,ETHUSDT,bid,2680,5595.976
2024-08-13 03:46:37,ETHUSDT,bid,2680,5594.878
2024-08-13 03:46:37,ETHUSDT,bid,2680,5609.477
2024-08-13 03:46:39,ETHUSDT,bid,2680,5642.885
2024-08-13 03:46:39,ETHUSDT,bid,2680,5594.878
2024-08-13 03:46:41,ETHUSDT,bid,2680,5609.032
2024-08-13 03:46:43,ETHUSDT,bid,2680,5606.66
2024-08-13 03:46:48,ETHUSDT,bid,2680,5626.421
2024-08-13 03:46:54,ETHUSDT,bid,2680,5606.96
2024-08-13 03:46:54,ETHUSDT,bid,2680,5640.368
2024-08-13 03:46:58,ETHUSDT,bid,2680,5606.96
2024-08-13 03:46:59,ETHUSDT,bid,2680,5616.96
2024-08-13 03:47:03,ETHUSDT,bid,2680,5609.411
2024-08-13 03:47:09,ETHUSDT,bid,2680,5611.898
2024-08-13 03:47:12,ETHUSDT,bid,2680,5609.411
2024-08-13 03:47:22,ETHUSDT,bid,2680,5609.43
2024-08-13 03:47:25,ETHUSDT,bid,2680,5609.486
2024-08-13 03:47:33,ETHUSDT,bid,2680,5609.538
2024-08-13 03:47:34,ETHUSDT,bid,2680,5609.538
2024-08-13 03:47:38,ETHUSDT,bid,2680,5669.823
2024-08-13 03:47:38,ETHUSDT,bid,2680,5669.786
2024-08-13 03:47:39,ETHUSDT,bid,2680,5609.501
2024-08-13 03:47:41,ETHUSDT,bid,2680,5608.668
2024-08-13 03:47:43,ETHUSDT,bid,2680,5618.456
2024-08-13 03:47:44,ETHUSDT,bid,2680,5613.098
2024-08-13 03:47:45,ETHUSDT,bid,2680,5608.668
2024-08-13 03:47:48,ETHUSDT,bid,2680,5622.138
2024-08-13 03:47:49,ETHUSDT,bid,2680,5608.668
2024-08-13 03:47:51,ETHUSDT,bid,2680,5684.449
2024-08-13 03:47:52,ETHUSDT,bid,2680,5684.837
2024-08-13 03:47:52,ETHUSDT,bid,2680,5685.209
2024-08-13 03:47:53,ETHUSDT,bid,2680,5684.837
2024-08-13 03:47:56,ETHUSDT,bid,2680,5615.574
2024-08-13 03:47:56,ETHUSDT,bid,2680,5609.67
2024-08-13 03:47:56,ETHUSDT,bid,2680,5610.413
2024-08-13 03:47:57,ETHUSDT,bid,2680,5616.317
2024-08-13 03:47:57,ETHUSDT,bid,2680,5610.025
2024-08-13 03:48:08,ETHUSDT,bid,2680,5607.574
2024-08-13 03:48:09,ETHUSDT,bid,2680,5606.981
2024-08-13 03:48:18,ETHUSDT,bid,2680,5606.981
2024-08-13 03:48:20,ETHUSDT,bid,2680,5607.037
2024-08-13 03:48:25,ETHUSDT,bid,2680,5610.072
2024-08-13 03:48:25,ETHUSDT,bid,2680,5607.672
2024-08-13 03:48:26,ETHUSDT,bid,2680,5607.682
2024-08-13 03:48:26,ETHUSDT,bid,2680,5607.697
2024-08-13 03:48:26,ETHUSDT,bid,2680,5606.897
2024-08-13 03:48:27,ETHUSDT,bid,2680,5611.897
2024-08-13 03:48:33,ETHUSDT,bid,2680,5611.897
2024-08-13 03:48:33,ETHUSDT,bid,2680,5612.697
2024-08-13 03:48:34,ETHUSDT,bid,2680,5611.897
2024-08-13 03:48:34,ETHUSDT,bid,2680,5611.902
2024-08-13 03:48:36,ETHUSDT,bid,2680,5612.38
2024-08-13 03:48:37,ETHUSDT,bid,2680,5611.902
2024-08-13 03:48:40,ETHUSDT,bid,2680,5612.38
2024-08-13 03:48:42,ETHUSDT,bid,2680,5611.902
2024-08-13 03:48:42,ETHUSDT,bid,2680,5612.032
2024-08-13 03:48:43,ETHUSDT,bid,2680,5612.51
2024-08-13 03:48:43,ETHUSDT,bid,2680,5612.032
2024-08-13 03:48:44,ETHUSDT,bid,2680,5613.593
2024-08-13 03:48:45,ETHUSDT,bid,2680,5612.915
2024-08-13 03:48:45,ETHUSDT,bid,2680,5612.915
2024-08-13 03:48:47,ETHUSDT,bid,2680,5625.242
2024-08-13 03:48:59,ETHUSDT,bid,2680,5803.043
2024-08-13 03:49:00,ETHUSDT,bid,2680,5612.254
2024-08-13 03:49:00,ETHUSDT,bid,2680,5624.209
2024-08-13 03:49:00,ETHUSDT,bid,2680,5626.067
2024-08-13 03:49:01,ETHUSDT,bid,2680,5613.74
2024-08-13 03:49:01,ETHUSDT,bid,2680,5611.882
2024-08-13 03:49:05,ETHUSDT,bid,2680,5611.902
2024-08-13 03:49:07,ETHUSDT,bid,2680,5611.882
2024-08-13 03:49:11,ETHUSDT,bid,2680,5611.897
2024-08-13 03:49:22,ETHUSDT,bid,2680,5611.882
2024-08-13 03:49:26,ETHUSDT,bid,2680,5612.625
2024-08-13 03:49:27,ETHUSDT,bid,2680,5611.882
2024-08-13 03:49:36,ETHUSDT,bid,2680,5611.882
2024-08-13 03:49:59,ETHUSDT,bid,2680,5611.928
2024-08-13 03:50:00,ETHUSDT,bid,2680,5611.928
2024-08-13 03:50:00,ETHUSDT,bid,2680,5616.928
2024-08-13 03:50:04,ETHUSDT,bid,2680,5621.334
2024-08-13 03:50:05,ETHUSDT,bid,2680,5623.553
2024-08-13 03:50:06,ETHUSDT,bid,2680,5624.113
2024-08-13 03:50:10,ETHUSDT,bid,2680,5637.583
2024-08-13 03:50:11,ETHUSDT,bid,2680,5623.553
2024-08-13 03:50:24,ETHUSDT,bid,2680,5619.147
2024-08-13 03:50:24,ETHUSDT,bid,2680,5616.918
2024-08-13 03:50:24,ETHUSDT,bid,2680,5617.618
2024-08-13 03:50:29,ETHUSDT,bid,2680,5616.918
2024-08-13 03:50:37,ETHUSDT,bid,2680,5616.918
2024-08-13 03:50:40,ETHUSDT,bid,2680,5616.918
2024-08-13 03:50:40,ETHUSDT,bid,2680,5621.38
2024-08-13 03:50:42,ETHUSDT,bid,2680,5622.866
2024-08-13 03:50:42,ETHUSDT,bid,2680,5623.609
2024-08-13 03:50:45,ETHUSDT,bid,2680,5619.147
2024-08-13 03:50:45,ETHUSDT,bid,2680,5619.707
2024-08-13 03:50:46,ETHUSDT,bid,2680,5619.707
2024-08-13 03:50:46,ETHUSDT,bid,2680,5630.897
2024-08-13 03:50:46,ETHUSDT,bid,2680,5619.727
2024-08-13 03:50:49,ETHUSDT,bid,2680,5378.913
2024-08-13 03:50:50,ETHUSDT,bid,2680,5376.779
2024-08-13 03:50:50,ETHUSDT,bid,2680,5371.066
2024-08-13 03:50:50,ETHUSDT,bid,2680,5366.123
2024-08-13 03:50:51,ETHUSDT,bid,2680,5357.924
2024-08-13 03:50:51,ETHUSDT,bid,2680,5366.621
2024-08-13 03:50:51,ETHUSDT,bid,2680,5378.18
2024-08-13 03:50:51,ETHUSDT,bid,2680,5380.191
2024-08-13 03:50:51,ETHUSDT,bid,2680,5377.78
2024-08-13 03:50:51,ETHUSDT,bid,2680,5376.78
2024-08-13 03:50:52,ETHUSDT,bid,2680,5376.603
2024-08-13 03:50:52,ETHUSDT,bid,2680,5373.841
2024-08-13 03:50:52,ETHUSDT,bid,2680,5373.865
2024-08-13 03:50:52,ETHUSDT,bid,2680,5384.931
2024-08-13 03:50:52,ETHUSDT,bid,2680,5384.743
2024-08-13 03:50:52,ETHUSDT,bid,2680,5381.688
2024-08-13 03:50:52,ETHUSDT,bid,2680,5381.743
2024-08-13 03:50:53,ETHUSDT,bid,2680,5381.568
2024-08-13 03:50:53,ETHUSDT,bid,2680,5370.312
2024-08-13 03:50:53,ETHUSDT,bid,2680,5361.521
2024-08-13 03:50:53,ETHUSDT,bid,2680,5360.594
2024-08-13 03:50:53,ETHUSDT,bid,2680,5357.54
2024-08-13 03:50:53,ETHUSDT,bid,2680,5346.073
2024-08-13 03:50:53,ETHUSDT,bid,2680,5330.835
2024-08-13 03:50:53,ETHUSDT,bid,2680,5330.827
2024-08-13 03:50:54,ETHUSDT,bid,2680,5319.627
2024-08-13 03:50:54,ETHUSDT,bid,2680,5316.656
2024-08-13 03:50:54,ETHUSDT,bid,2680,5316.646
2024-08-13 03:50:54,ETHUSDT,bid,2680,5309.527
2024-08-13 03:50:55,ETHUSDT,bid,2680,5308.786
2024-08-13 03:50:55,ETHUSDT,bid,2680,5308.229
2024-08-13 03:50:55,ETHUSDT,bid,2680,5308.243
2024-08-13 03:50:55,ETHUSDT,bid,2680,5308.768
2024-08-13 03:50:55,ETHUSDT,bid,2680,5308.145
2024-08-13 03:50:55,ETHUSDT,bid,2680,5308.192
2024-08-13 03:50:55,ETHUSDT,bid,2680,5303.192
2024-08-13 03:50:55,ETHUSDT,bid,2680,5303.013
2024-08-13 03:50:56,ETHUSDT,bid,2680,5302.914
2024-08-13 03:50:56,ETHUSDT,bid,2680,5244.387
2024-08-13 03:50:56,ETHUSDT,bid,2680,5237.2
2024-08-13 03:50:56,ETHUSDT,bid,2680,5237.159
2024-08-13 03:50:56,ETHUSDT,bid,2680,5174.307
2024-08-13 03:50:56,ETHUSDT,bid,2680,4404.165
2024-08-13 03:50:57,ETHUSDT,bid,2680,4399.187
2024-08-13 03:50:57,ETHUSDT,bid,2680,4403.687
2024-08-13 03:50:57,ETHUSDT,bid,2680,4402.55
2024-08-13 03:50:57,ETHUSDT,bid,2680,4398.05
2024-08-13 03:50:58,ETHUSDT,bid,2680,4390.008
2024-08-13 03:50:58,ETHUSDT,bid,2680,4177.772
2024-08-13 03:55:21,ETHUSDT,bid,2680,10000.023
2024-08-13 03:55:22,ETHUSDT,bid,2680,10015.305
2024-08-13 03:55:22,ETHUSDT,bid,2680,10009.401
2024-08-13 03:55:22,ETHUSDT,bid,2680,10009.705
2024-08-13 03:55:23,ETHUSDT,bid,2680,10009.814
2024-08-13 03:55:23,ETHUSDT,bid,2680,10000.042
2024-08-13 03:55:23,ETHUSDT,bid,2680,10000.034
2024-08-13 03:55:24,ETHUSDT,bid,2680,10000.034
2024-08-13 03:55:25,ETHUSDT,bid,2680,10000.034
2024-08-13 03:55:26,ETHUSDT,bid,2680,10005.938
2024-08-13 03:55:26,ETHUSDT,bid,2680,10000.034
2024-08-13 03:55:26,ETHUSDT,bid,2680,10000.779
2024-08-13 03:55:26,ETHUSDT,bid,2680,10002.434
2024-08-13 03:55:26,ETHUSDT,bid,2680,10000.034
2024-08-13 03:55:27,ETHUSDT,bid,2680,10000.034
2024-08-13 03:55:28,ETHUSDT,bid,2680,10000.034
2024-08-13 03:55:29,ETHUSDT,bid,2680,10000.034
2024-08-13 03:55:30,ETHUSDT,bid,2680,10001.175
2024-08-13 05:17:18,ETHUSDT,bid,2690,10004.311
2024-08-13 05:17:19,ETHUSDT,bid,2690,10004.311
2024-08-13 05:17:20,ETHUSDT,bid,2690,10004.311
2024-08-12 00:00:23,ETHUSDT,ask,2730,3851.169
2024-08-12 00:01:03,ETHUSDT,ask,2730,3851.686
2024-08-12 00:08:43,ETHUSDT,ask,2730,3851.467
2024-08-12 00:10:19,ETHUSDT,ask,2730,3851.767
2024-08-12 00:10:32,ETHUSDT,ask,2730,3670.535
2024-08-12 00:10:46,ETHUSDT,ask,2730,3852.106
2024-08-12 00:18:14,ETHUSDT,ask,2730,3690.098
2024-08-12 00:18:25,ETHUSDT,ask,2730,3680.316
2024-08-12 00:19:17,ETHUSDT,ask,2730,3680.292
2024-08-12 00:23:12,ETHUSDT,ask,2730,3852.133
2024-08-12 00:30:05,ETHUSDT,ask,2730,3857.248
2024-08-12 00:34:27,ETHUSDT,ask,2730,3852.146
2024-08-12 00:34:40,ETHUSDT,ask,2730,3680.309
2024-08-12 00:36:03,ETHUSDT,ask,2730,3658.503
2024-08-12 00:37:03,ETHUSDT,ask,2730,3864.341
2024-08-12 00:45:44,ETHUSDT,ask,2730,3865.06
2024-08-12 00:46:12,ETHUSDT,ask,2730,3863.229
2024-08-12 00:53:55,ETHUSDT,ask,2730,3851.01
2024-08-12 00:55:50,ETHUSDT,ask,2730,3851.041
2024-08-12 01:02:28,ETHUSDT,ask,2730,3851.099
2024-08-12 01:05:04,ETHUSDT,ask,2730,3680.309
2024-08-12 01:10:22,ETHUSDT,ask,2730,3680.292
2024-08-12 01:17:58,ETHUSDT,ask,2730,3680.392
2024-08-12 01:17:58,ETHUSDT,ask,2730,3657.93
2024-08-12 01:24:46,ETHUSDT,ask,2730,3851.221
2024-08-12 01:32:57,ETHUSDT,ask,2730,3851.257
2024-08-12 01:34:07,ETHUSDT,ask,2730,3851.135
2024-08-12 01:37:08,ETHUSDT,ask,2730,3851.328
2024-08-12 01:43:15,ETHUSDT,ask,2730,3850.963
2024-08-12 01:46:43,ETHUSDT,ask,2730,3657.939
2024-08-12 01:46:44,ETHUSDT,ask,2730,3657.948
2024-08-12 01:51:43,ETHUSDT,ask,2730,3680.383
2024-08-12 01:52:50,ETHUSDT,ask,2730,3690.383
2024-08-12 02:04:20,ETHUSDT,ask,2730,3690.374
2024-08-12 02:06:41,ETHUSDT,ask,2730,3864.634
2024-08-12 02:22:46,ETHUSDT,ask,2730,3864.648
2024-08-12 02:28:37,ETHUSDT,ask,2730,3864.459
2024-08-12 02:28:37,ETHUSDT,ask,2730,3657.759
2024-08-12 02:30:26,ETHUSDT,ask,2730,3864.439
2024-08-12 02:34:00,ETHUSDT,ask,2730,3864.425
2024-08-12 02:34:04,ETHUSDT,ask,2730,3824.425
2024-08-12 02:46:39,ETHUSDT,ask,2730,3824.425
2024-08-12 02:47:29,ETHUSDT,ask,2730,3824.417
2024-08-12 03:03:25,ETHUSDT,ask,2730,3824.392
2024-08-12 03:18:04,ETHUSDT,ask,2730,3657.768
2024-08-12 03:23:32,ETHUSDT,ask,2730,3679.93
2024-08-12 03:25:43,ETHUSDT,ask,2730,3657.759
2024-08-12 03:25:46,ETHUSDT,ask,2730,3823.867
2024-08-12 03:25:58,ETHUSDT,ask,2730,3823.88
2024-08-12 03:37:01,ETHUSDT,ask,2730,3823.9
2024-08-12 03:40:14,ETHUSDT,ask,2730,3822.709
2024-08-12 03:52:18,ETHUSDT,ask,2730,3823.334
2024-08-12 03:55:42,ETHUSDT,ask,2730,3823.364
2024-08-12 04:00:27,ETHUSDT,ask,2730,3819.816
2024-08-12 04:00:55,ETHUSDT,ask,2730,3822.364
2024-08-12 04:05:03,ETHUSDT,ask,2730,3822.243
2024-08-12 04:10:07,ETHUSDT,ask,2730,3821.389
2024-08-12 04:18:13,ETHUSDT,ask,2730,3679.935
2024-08-12 04:29:12,ETHUSDT,ask,2730,3821.381
2024-08-12 04:33:10,ETHUSDT,ask,2730,3821.416
2024-08-12 04:52:19,ETHUSDT,ask,2730,3820.916
2024-08-12 05:02:33,ETHUSDT,ask,2730,3820.399
2024-08-12 05:31:54,ETHUSDT,ask,2730,3818.399
2024-08-12 05:32:29,ETHUSDT,ask,2730,3818.39
2024-08-12 05:35:57,ETHUSDT,ask,2730,3657.733
2024-08-12 05:37:57,ETHUSDT,ask,2730,3804.744
2024-08-12 06:04:06,ETHUSDT,ask,2730,3804.719
2024-08-12 06:07:39,ETHUSDT,ask,2730,3803.621
2024-08-12 06:16:43,ETHUSDT,ask,2730,3803.666
2024-08-12 06:19:42,ETHUSDT,ask,2730,3802.666
2024-08-12 06:20:06,ETHUSDT,ask,2730,3679.835
2024-08-12 06:24:25,ETHUSDT,ask,2730,3679.825
2024-08-12 06:25:04,ETHUSDT,ask,2730,3802.63
2024-08-12 06:25:09,ETHUSDT,ask,2730,3802.33
2024-08-12 06:51:31,ETHUSDT,ask,2730,3787.435
2024-08-12 06:53:42,ETHUSDT,ask,2730,3787.514
2024-08-12 06:53:53,ETHUSDT,ask,2730,3787.435
2024-08-12 06:58:27,ETHUSDT,ask,2730,3787.192
2024-08-12 07:12:17,ETHUSDT,ask,2730,3786.094
2024-08-12 07:19:30,ETHUSDT,ask,2730,3786.155
2024-08-12 07:24:41,ETHUSDT,ask,2730,3786.18
2024-08-12 07:26:57,ETHUSDT,ask,2730,3786.155
2024-08-12 07:29:13,ETHUSDT,ask,2730,3786.184
2024-08-12 07:32:04,ETHUSDT,ask,2730,3782.724
2024-08-12 07:36:03,ETHUSDT,ask,2730,3782.72
2024-08-12 07:37:34,ETHUSDT,ask,2730,3775.394
2024-08-12 07:41:33,ETHUSDT,ask,2730,3775.459
2024-08-12 07:41:48,ETHUSDT,ask,2730,3775.394
2024-08-12 07:51:58,ETHUSDT,ask,2730,3774.662
2024-08-12 07:52:36,ETHUSDT,ask,2730,3774.887
2024-08-12 07:55:37,ETHUSDT,ask,2730,3774.874
2024-08-12 07:55:55,ETHUSDT,ask,2730,3774.883
2024-08-12 07:58:13,ETHUSDT,ask,2730,3773.703
2024-08-12 07:58:16,ETHUSDT,ask,2730,3670.044
2024-08-12 08:05:06,ETHUSDT,ask,2730,3773.355
2024-08-12 08:08:54,ETHUSDT,ask,2730,3774.355
2024-08-12 08:15:36,ETHUSDT,ask,2730,3770.428
2024-08-12 08:20:22,ETHUSDT,ask,2730,3671.141
2024-08-12 08:28:50,ETHUSDT,ask,2730,3770.385
2024-08-12 08:41:48,ETHUSDT,ask,2730,3770.275
2024-08-12 09:01:08,ETHUSDT,ask,2730,3770.353
2024-08-12 09:12:44,ETHUSDT,ask,2730,3769.567
2024-08-12 09:14:34,ETHUSDT,ask,2730,3769.625
2024-08-12 10:31:59,ETHUSDT,ask,2730,3768.762
2024-08-12 11:15:07,ETHUSDT,ask,2730,3768.884
2024-08-12 11:23:33,ETHUSDT,ask,2730,3768.875
2024-08-12 12:11:04,ETHUSDT,ask,2730,3768.77
2024-08-12 12:32:46,ETHUSDT,ask,2730,3768.786
2024-08-12 13:20:43,ETHUSDT,ask,2730,3768.02
2024-08-12 13:33:51,ETHUSDT,ask,2730,3768.031
2024-08-12 13:33:51,ETHUSDT,ask,2730,3768.045
2024-08-12 13:34:32,ETHUSDT,ask,2730,3768.034
2024-08-12 13:54:10,ETHUSDT,ask,2730,3767.938
2024-08-12 13:54:51,ETHUSDT,ask,2730,3766.06
2024-08-12 14:06:31,ETHUSDT,ask,2730,3765.96
2024-08-12 14:35:52,ETHUSDT,ask,2730,3765.728
2024-08-12 14:36:48,ETHUSDT,ask,2730,3765.693
2024-08-12 14:55:55,ETHUSDT,ask,2730,3765.17
2024-08-12 14:56:10,ETHUSDT,ask,2730,3765.179
2024-08-12 15:04:55,ETHUSDT,ask,2730,3765.205
2024-08-12 15:20:53,ETHUSDT,ask,2730,3659.733
2024-08-12 15:21:10,ETHUSDT,ask,2730,3657.733
2024-08-12 15:26:48,ETHUSDT,ask,2730,3764.938
2024-08-12 15:28:50,ETHUSDT,ask,2730,3764.913
2024-08-12 15:31:48,ETHUSDT,ask,2730,3765.913
2024-08-12 15:36:58,ETHUSDT,ask,2730,3671.141
2024-08-12 15:38:00,ETHUSDT,ask,2730,3766.147
2024-08-12 15:42:14,ETHUSDT,ask,2730,3765.147
2024-08-12 15:57:05,ETHUSDT,ask,2730,3767.872
2024-08-12 15:57:27,ETHUSDT,ask,2730,3767.886
2024-08-12 16:36:48,ETHUSDT,ask,2730,3832.865
2024-08-12 16:43:15,ETHUSDT,ask,2730,3832.655
2024-08-12 16:46:16,ETHUSDT,ask,2730,3765.546
2024-08-12 16:51:36,ETHUSDT,ask,2730,3765.802
2024-08-12 16:53:21,ETHUSDT,ask,2730,3765.792
2024-08-12 16:54:47,ETHUSDT,ask,2730,3671.142
2024-08-12 16:55:12,ETHUSDT,ask,2730,3765.793
2024-08-12 16:55:26,ETHUSDT,ask,2730,3765.792
2024-08-12 16:55:32,ETHUSDT,ask,2730,3671.141
2024-08-12 16:58:03,ETHUSDT,ask,2730,3765.807
2024-08-12 17:00:59,ETHUSDT,ask,2730,3765.82
2024-08-12 17:07:58,ETHUSDT,ask,2730,3765.807
2024-08-12 19:04:35,ETHUSDT,ask,2730,4027.794
2024-08-12 19:06:25,ETHUSDT,ask,2730,4027.805
2024-08-12 19:06:59,ETHUSDT,ask,2730,4027.791
2024-08-12 19:07:18,ETHUSDT,ask,2730,4031.414
2024-08-12 19:07:58,ETHUSDT,ask,2730,3671.752
2024-08-12 19:08:35,ETHUSDT,ask,2730,3687.331
2024-08-12 19:08:42,ETHUSDT,ask,2730,3684.331
2024-08-12 19:10:47,ETHUSDT,ask,2730,4031.633
2024-08-12 19:11:01,ETHUSDT,ask,2730,4031.699
2024-08-12 19:11:41,ETHUSDT,ask,2730,4032.506
2024-08-12 19:12:31,ETHUSDT,ask,2730,3684.131
2024-08-12 19:12:52,ETHUSDT,ask,2730,4038.208
2024-08-12 19:15:00,ETHUSDT,ask,2730,4038.142
2024-08-12 19:15:26,ETHUSDT,ask,2730,4038.131
2024-08-12 19:17:19,ETHUSDT,ask,2730,4038.323
2024-08-12 19:17:34,ETHUSDT,ask,2730,4037.821
2024-08-12 19:19:08,ETHUSDT,ask,2730,3671.955
2024-08-12 19:20:46,ETHUSDT,ask,2730,4035.274
2024-08-12 19:21:02,ETHUSDT,ask,2730,4035.284
2024-08-12 19:21:28,ETHUSDT,ask,2730,4035.273
2024-08-12 19:22:31,ETHUSDT,ask,2730,4035.073
2024-08-12 19:24:22,ETHUSDT,ask,2730,3815.293
2024-08-12 19:24:39,ETHUSDT,ask,2730,3671.827
2024-08-12 19:25:12,ETHUSDT,ask,2730,3815.205
2024-08-12 19:25:38,ETHUSDT,ask,2730,3815.216
2024-08-12 19:26:32,ETHUSDT,ask,2730,3811.216
2024-08-12 19:26:46,ETHUSDT,ask,2730,3847.461
2024-08-12 19:27:32,ETHUSDT,ask,2730,3810.402
2024-08-12 19:28:00,ETHUSDT,ask,2730,3810.452
2024-08-12 19:28:49,ETHUSDT,ask,2730,3807.744
2024-08-12 19:28:55,ETHUSDT,ask,2730,3807.653
2024-08-12 19:29:26,ETHUSDT,ask,2730,3807.856
2024-08-12 19:29:47,ETHUSDT,ask,2730,3671.955
2024-08-12 19:30:52,ETHUSDT,ask,2730,3816.986
2024-08-12 19:31:27,ETHUSDT,ask,2730,3817.986
2024-08-12 19:31:42,ETHUSDT,ask,2730,3818.986
2024-08-12 19:31:54,ETHUSDT,ask,2730,3818.978
2024-08-12 19:32:48,ETHUSDT,ask,2730,3659.256
2024-08-12 19:32:57,ETHUSDT,ask,2730,3662.903
2024-08-12 19:33:27,ETHUSDT,ask,2730,3662.895
2024-08-12 19:33:35,ETHUSDT,ask,2730,3839.054
2024-08-12 19:33:57,ETHUSDT,ask,2730,3659.248
2024-08-12 19:35:06,ETHUSDT,ask,2730,3659.767
2024-08-12 19:35:15,ETHUSDT,ask,2730,3834.516
2024-08-12 19:36:43,ETHUSDT,ask,2730,3834.939
2024-08-12 19:36:59,ETHUSDT,ask,2730,3834.639
2024-08-12 19:39:10,ETHUSDT,ask,2730,3834.9
2024-08-12 19:39:57,ETHUSDT,ask,2730,3835.873
2024-08-12 19:40:10,ETHUSDT,ask,2730,3855.993
2024-08-12 19:40:15,ETHUSDT,ask,2730,3850.291
2024-08-12 19:40:16,ETHUSDT,ask,2730,3676.163
2024-08-12 19:40:18,ETHUSDT,ask,2730,3659.756
2024-08-12 19:40:46,ETHUSDT,ask,2730,3851.389
2024-08-12 19:41:17,ETHUSDT,ask,2730,3857.091
2024-08-12 19:42:20,ETHUSDT,ask,2730,3865.561
2024-08-12 19:43:20,ETHUSDT,ask,2730,3857.091
2024-08-12 19:44:16,ETHUSDT,ask,2730,3860.091
2024-08-12 19:44:21,ETHUSDT,ask,2730,3857.091
2024-08-12 19:45:11,ETHUSDT,ask,2730,3836.971
2024-08-12 19:46:12,ETHUSDT,ask,2730,3839.711
2024-08-12 19:47:34,ETHUSDT,ask,2730,3839.802
2024-08-12 19:55:16,ETHUSDT,ask,2730,3860.215
2024-08-12 19:55:31,ETHUSDT,ask,2730,3854.513
2024-08-12 19:55:32,ETHUSDT,ask,2730,3854.479
2024-08-12 19:56:47,ETHUSDT,ask,2730,3681.288
2024-08-12 19:57:21,ETHUSDT,ask,2730,3854.709
2024-08-12 19:58:19,ETHUSDT,ask,2730,3874.409
2024-08-12 19:59:24,ETHUSDT,ask,2730,3874.417
2024-08-12 19:59:50,ETHUSDT,ask,2730,3874.517
2024-08-12 19:59:59,ETHUSDT,ask,2730,3875.715
2024-08-12 20:00:20,ETHUSDT,ask,2730,3663.21
2024-08-12 20:00:33,ETHUSDT,ask,2730,3876.209
2024-08-12 20:00:33,ETHUSDT,ask,2730,3875.209
2024-08-12 20:00:52,ETHUSDT,ask,2730,3873.928
2024-08-12 20:01:13,ETHUSDT,ask,2730,3874.111
2024-08-12 20:01:24,ETHUSDT,ask,2730,3874.294
2024-08-12 20:01:37,ETHUSDT,ask,2730,3879.294
2024-08-12 20:04:29,ETHUSDT,ask,2730,3894.538
2024-08-12 20:06:10,ETHUSDT,ask,2730,3910.778
2024-08-12 20:06:37,ETHUSDT,ask,2730,3681.379
2024-08-12 20:06:47,ETHUSDT,ask,2730,3910.786
2024-08-12 20:06:58,ETHUSDT,ask,2730,3681.288
2024-08-12 20:07:20,ETHUSDT,ask,2730,3910.796
2024-08-12 20:08:36,ETHUSDT,ask,2730,3919.587
2024-08-12 20:08:42,ETHUSDT,ask,2730,3654.867
2024-08-12 20:09:41,ETHUSDT,ask,2730,3936.006
2024-08-12 20:09:46,ETHUSDT,ask,2730,3686.964
2024-08-12 20:10:41,ETHUSDT,ask,2730,3919.687
2024-08-12 20:10:41,ETHUSDT,ask,2730,3922.434
2024-08-12 20:10:41,ETHUSDT,ask,2730,3927.562
2024-08-12 20:11:06,ETHUSDT,ask,2730,3925.562
2024-08-12 20:11:47,ETHUSDT,ask,2730,3899.184
2024-08-12 20:11:49,ETHUSDT,ask,2730,3898.761
2024-08-12 20:11:57,ETHUSDT,ask,2730,3899.761
2024-08-12 20:12:44,ETHUSDT,ask,2730,3899.267
2024-08-12 20:12:57,ETHUSDT,ask,2730,3900.182
2024-08-12 20:13:26,ETHUSDT,ask,2730,3918.486
2024-08-12 20:13:38,ETHUSDT,ask,2730,3917.388
2024-08-12 20:13:55,ETHUSDT,ask,2730,3918.388
2024-08-12 20:14:13,ETHUSDT,ask,2730,3918.754
2024-08-12 20:14:13,ETHUSDT,ask,2730,3654.867
2024-08-12 20:14:56,ETHUSDT,ask,2730,3919.852
2024-08-12 20:17:25,ETHUSDT,ask,2730,3901.841
2024-08-12 20:17:25,ETHUSDT,ask,2730,3902.341
2024-08-12 20:19:12,ETHUSDT,ask,2730,3872.341
2024-08-12 20:19:57,ETHUSDT,ask,2730,3872.707
2024-08-12 20:24:24,ETHUSDT,ask,2730,3873.032
2024-08-12 20:24:44,ETHUSDT,ask,2730,3872.955
2024-08-12 20:24:59,ETHUSDT,ask,2730,3872.43
2024-08-12 20:25:03,ETHUSDT,ask,2730,3703.401
2024-08-12 20:26:26,ETHUSDT,ask,2730,3871.827
2024-08-12 20:26:51,ETHUSDT,ask,2730,3901.827
2024-08-12 20:27:19,ETHUSDT,ask,2730,3871.827
2024-08-12 20:28:15,ETHUSDT,ask,2730,3908.459
2024-08-12 20:29:01,ETHUSDT,ask,2730,3909.059
2024-08-12 20:29:21,ETHUSDT,ask,2730,3686.964
2024-08-12 20:30:51,ETHUSDT,ask,2730,3665.462
2024-08-12 20:31:32,ETHUSDT,ask,2730,3877.918
2024-08-12 20:32:45,ETHUSDT,ask,2730,3872.436
2024-08-12 20:33:23,ETHUSDT,ask,2730,3870.28
2024-08-12 20:33:54,ETHUSDT,ask,2730,3655.132
2024-08-12 20:34:44,ETHUSDT,ask,2730,3870.259
2024-08-12 20:36:01,ETHUSDT,ask,2730,3686.984
2024-08-12 20:37:51,ETHUSDT,ask,2730,3686.984
2024-08-12 20:38:28,ETHUSDT,ask,2730,3655.238
2024-08-12 20:42:09,ETHUSDT,ask,2730,3900.517
2024-08-12 20:43:11,ETHUSDT,ask,2730,3900.503
2024-08-12 20:44:09,ETHUSDT,ask,2730,3899.703
2024-08-12 20:44:13,ETHUSDT,ask,2730,3894.611
2024-08-12 20:44:39,ETHUSDT,ask,2730,3895.968
2024-08-12 20:45:11,ETHUSDT,ask,2730,3874.794
2024-08-12 20:46:16,ETHUSDT,ask,2730,3904.757
2024-08-12 20:49:46,ETHUSDT,ask,2730,3886.016
2024-08-12 20:50:55,ETHUSDT,ask,2730,3883.264
2024-08-12 20:51:48,ETHUSDT,ask,2730,3877.279
2024-08-12 20:52:35,ETHUSDT,ask,2730,3868.488
2024-08-12 20:53:57,ETHUSDT,ask,2730,3867.796
2024-08-12 20:53:57,ETHUSDT,ask,2730,3671.962
2024-08-12 20:54:36,ETHUSDT,ask,2730,3867.936
2024-08-12 20:55:57,ETHUSDT,ask,2730,3858.086
2024-08-12 20:57:24,ETHUSDT,ask,2730,3857.208
2024-08-12 20:59:28,ETHUSDT,ask,2730,3836.815
2024-08-12 21:06:03,ETHUSDT,ask,2730,3831.093
2024-08-12 21:07:38,ETHUSDT,ask,2730,3839.796
2024-08-12 21:09:34,ETHUSDT,ask,2730,3674.562
2024-08-12 21:12:18,ETHUSDT,ask,2730,3870.576
2024-08-12 21:12:21,ETHUSDT,ask,2730,3655.183
2024-08-12 21:12:21,ETHUSDT,ask,2730,3654.271
2024-08-12 21:13:11,ETHUSDT,ask,2730,3870.559
2024-08-12 21:14:27,ETHUSDT,ask,2730,3874.863
2024-08-12 21:16:59,ETHUSDT,ask,2730,3875.104
2024-08-12 21:16:59,ETHUSDT,ask,2730,3670.121
2024-08-12 21:16:59,ETHUSDT,ask,2730,3654.727
2024-08-12 21:17:42,ETHUSDT,ask,2730,3875.365
2024-08-12 21:17:52,ETHUSDT,ask,2730,3875.165
2024-08-12 21:17:56,ETHUSDT,ask,2730,3874.647
2024-08-12 21:19:31,ETHUSDT,ask,2730,3670.079
2024-08-12 21:25:21,ETHUSDT,ask,2730,3881.536
2024-08-12 21:27:18,ETHUSDT,ask,2730,3670.639
2024-08-12 21:27:18,ETHUSDT,ask,2730,3883.454
2024-08-12 21:27:57,ETHUSDT,ask,2730,3670.091
2024-08-12 21:28:36,ETHUSDT,ask,2730,3883.477
2024-08-12 21:29:24,ETHUSDT,ask,2730,3884.67
2024-08-12 21:29:41,ETHUSDT,ask,2730,3670.091
2024-08-12 21:30:08,ETHUSDT,ask,2730,3884.67
2024-08-12 21:32:37,ETHUSDT,ask,2730,3952.954
2024-08-12 21:33:19,ETHUSDT,ask,2730,3953.586
2024-08-12 21:33:49,ETHUSDT,ask,2730,3953.644
2024-08-12 21:33:57,ETHUSDT,ask,2730,3953.655
2024-08-12 21:34:06,ETHUSDT,ask,2730,3882.345
2024-08-12 21:35:58,ETHUSDT,ask,2730,3670.109
2024-08-12 21:36:01,ETHUSDT,ask,2730,3868.694
2024-08-12 21:36:35,ETHUSDT,ask,2730,3654.3
2024-08-12 21:38:17,ETHUSDT,ask,2730,3830.892
2024-08-12 21:38:38,ETHUSDT,ask,2730,3840.127
2024-08-12 21:39:03,ETHUSDT,ask,2730,3829.839
2024-08-12 21:39:14,ETHUSDT,ask,2730,3830.024
2024-08-12 21:39:25,ETHUSDT,ask,2730,3830.248
2024-08-12 21:39:39,ETHUSDT,ask,2730,3835.377
2024-08-12 21:39:47,ETHUSDT,ask,2730,3835.648
2024-08-12 21:39:47,ETHUSDT,ask,2730,3660.892
2024-08-12 21:39:49,ETHUSDT,ask,2730,3836.156
2024-08-12 21:39:51,ETHUSDT,ask,2730,3835.662
2024-08-12 21:40:31,ETHUSDT,ask,2730,3837.481
2024-08-12 21:40:41,ETHUSDT,ask,2730,3840.906
2024-08-12 21:40:56,ETHUSDT,ask,2730,3846.325
2024-08-12 21:41:06,ETHUSDT,ask,2730,3850.098
2024-08-12 21:41:37,ETHUSDT,ask,2730,3734.037
2024-08-12 21:41:46,ETHUSDT,ask,2730,3810.845
2024-08-12 21:41:49,ETHUSDT,ask,2730,3814.417
2024-08-12 21:42:06,ETHUSDT,ask,2730,3818.742
2024-08-12 21:42:26,ETHUSDT,ask,2730,3687.138
2024-08-12 21:42:34,ETHUSDT,ask,2730,3814.678
2024-08-12 21:43:15,ETHUSDT,ask,2730,3836.573
2024-08-12 21:43:16,ETHUSDT,ask,2730,3705.225
2024-08-12 21:43:33,ETHUSDT,ask,2730,3854.544
2024-08-12 21:43:46,ETHUSDT,ask,2730,3853.607
2024-08-12 21:44:21,ETHUSDT,ask,2730,3820.25
2024-08-12 21:44:21,ETHUSDT,ask,2730,3820.067
2024-08-12 21:44:28,ETHUSDT,ask,2730,3820.117
2024-08-12 21:44:34,ETHUSDT,ask,2730,3820.044
2024-08-12 21:45:37,ETHUSDT,ask,2730,3818.872
2024-08-12 21:45:52,ETHUSDT,ask,2730,3752.2
2024-08-12 21:46:06,ETHUSDT,ask,2730,3819.559
2024-08-12 21:46:18,ETHUSDT,ask,2730,3734.128
2024-08-12 21:46:32,ETHUSDT,ask,2730,3735.356
2024-08-12 21:46:58,ETHUSDT,ask,2730,3821.157
2024-08-12 21:47:14,ETHUSDT,ask,2730,3735.392
2024-08-12 21:47:27,ETHUSDT,ask,2730,3828.539
2024-08-12 21:47:41,ETHUSDT,ask,2730,3828.722
2024-08-12 21:47:46,ETHUSDT,ask,2730,3848.722
2024-08-12 21:47:53,ETHUSDT,ask,2730,3843.279
2024-08-12 21:48:05,ETHUSDT,ask,2730,3861.411
2024-08-12 21:48:06,ETHUSDT,ask,2730,3879.543
2024-08-12 21:48:07,ETHUSDT,ask,2730,3933.939
2024-08-12 21:48:51,ETHUSDT,ask,2730,3845.434
2024-08-12 21:49:04,ETHUSDT,ask,2730,3843.622
2024-08-12 21:50:38,ETHUSDT,ask,2730,3710.387
2024-08-12 21:50:55,ETHUSDT,ask,2730,3843.662
2024-08-12 21:50:56,ETHUSDT,ask,2730,3879.926
2024-08-12 21:50:58,ETHUSDT,ask,2730,3922.032
2024-08-12 21:50:59,ETHUSDT,ask,2730,3710.377
2024-08-12 21:50:59,ETHUSDT,ask,2730,3922.09
2024-08-12 21:51:01,ETHUSDT,ask,2730,3922.13
2024-08-12 21:51:12,ETHUSDT,ask,2730,3843.8
2024-08-12 21:51:23,ETHUSDT,ask,2730,3843.355
2024-08-12 21:51:39,ETHUSDT,ask,2730,3845.22
2024-08-12 21:51:48,ETHUSDT,ask,2730,3845.336
2024-08-12 21:52:12,ETHUSDT,ask,2730,3850.59
2024-08-12 21:52:59,ETHUSDT,ask,2730,3834.954
2024-08-12 21:53:13,ETHUSDT,ask,2730,3826.902
2024-08-12 21:53:54,ETHUSDT,ask,2730,3829.246
2024-08-12 21:55:03,ETHUSDT,ask,2730,3826.812
2024-08-12 21:55:04,ETHUSDT,ask,2730,3825.812
2024-08-12 21:55:22,ETHUSDT,ask,2730,3825.82
2024-08-12 21:56:05,ETHUSDT,ask,2730,3826.551
2024-08-12 21:56:12,ETHUSDT,ask,2730,3826.963
2024-08-12 21:56:48,ETHUSDT,ask,2730,3826.428
2024-08-12 21:56:57,ETHUSDT,ask,2730,3826.528
2024-08-12 21:57:00,ETHUSDT,ask,2730,3828.385
2024-08-12 21:57:03,ETHUSDT,ask,2730,3827.385
2024-08-12 21:57:13,ETHUSDT,ask,2730,3827.494
2024-08-12 21:57:42,ETHUSDT,ask,2730,3826.787
2024-08-12 21:58:28,ETHUSDT,ask,2730,3826.678
2024-08-12 21:58:39,ETHUSDT,ask,2730,3828.627
2024-08-12 21:58:39,ETHUSDT,ask,2730,3749.115
2024-08-12 21:58:46,ETHUSDT,ask,2730,3828.993
2024-08-12 21:58:48,ETHUSDT,ask,2730,3829.102
2024-08-12 21:58:49,ETHUSDT,ask,2730,3829.484
2024-08-12 21:58:50,ETHUSDT,ask,2730,3687.12
2024-08-12 21:59:11,ETHUSDT,ask,2730,3830.038
2024-08-12 21:59:21,ETHUSDT,ask,2730,3829.795
2024-08-12 21:59:47,ETHUSDT,ask,2730,3829.802
2024-08-12 21:59:48,ETHUSDT,ask,2730,3829.62
2024-08-12 22:00:18,ETHUSDT,ask,2730,3687.12
2024-08-12 22:00:32,ETHUSDT,ask,2730,3830.243
2024-08-12 22:00:55,ETHUSDT,ask,2730,3830.458
2024-08-12 22:01:17,ETHUSDT,ask,2730,3846.777
2024-08-12 22:01:35,ETHUSDT,ask,2730,3687.102
2024-08-12 22:01:45,ETHUSDT,ask,2730,3849.663
2024-08-12 22:03:19,ETHUSDT,ask,2730,3834.545
2024-08-12 22:03:23,ETHUSDT,ask,2730,3840.12
2024-08-12 22:03:33,ETHUSDT,ask,2730,3840.22
2024-08-12 22:03:43,ETHUSDT,ask,2730,3840.607
2024-08-12 22:04:29,ETHUSDT,ask,2730,3666.969
2024-08-12 22:04:31,ETHUSDT,ask,2730,3842.863
2024-08-12 22:04:44,ETHUSDT,ask,2730,3703.397
2024-08-12 22:04:58,ETHUSDT,ask,2730,3842.823
2024-08-12 22:05:06,ETHUSDT,ask,2730,3843.189
2024-08-12 22:05:22,ETHUSDT,ask,2730,3843.455
2024-08-12 22:05:24,ETHUSDT,ask,2730,3687.467
2024-08-12 22:05:27,ETHUSDT,ask,2730,3840.955
2024-08-12 22:05:27,ETHUSDT,ask,2730,3687.102
2024-08-12 22:05:45,ETHUSDT,ask,2730,3856.257
2024-08-12 22:05:58,ETHUSDT,ask,2730,3856.517
2024-08-12 22:06:05,ETHUSDT,ask,2730,3856.151
2024-08-12 22:06:12,ETHUSDT,ask,2730,3856.202
2024-08-12 22:06:22,ETHUSDT,ask,2730,3858.202
2024-08-12 22:07:01,ETHUSDT,ask,2730,3858.691
2024-08-12 22:07:08,ETHUSDT,ask,2730,3859.584
2024-08-12 22:07:13,ETHUSDT,ask,2730,3859.734
2024-08-12 22:07:15,ETHUSDT,ask,2730,3695.344
2024-08-12 22:07:26,ETHUSDT,ask,2730,3860.734
2024-08-12 22:07:33,ETHUSDT,ask,2730,3860.553
2024-08-12 22:07:37,ETHUSDT,ask,2730,3860.313
2024-08-12 22:07:41,ETHUSDT,ask,2730,3670.689
2024-08-12 22:07:41,ETHUSDT,ask,2730,3860.313
2024-08-12 22:08:05,ETHUSDT,ask,2730,3860.679
2024-08-12 22:08:25,ETHUSDT,ask,2730,3882.657
2024-08-12 22:08:50,ETHUSDT,ask,2730,3857.0
2024-08-12 22:08:54,ETHUSDT,ask,2730,3855.051
2024-08-12 22:09:53,ETHUSDT,ask,2730,3851.876
2024-08-12 22:10:02,ETHUSDT,ask,2730,3853.217
2024-08-12 22:10:05,ETHUSDT,ask,2730,3853.164
2024-08-12 22:10:15,ETHUSDT,ask,2730,3852.623
2024-08-12 22:10:58,ETHUSDT,ask,2730,3853.989
2024-08-12 22:11:25,ETHUSDT,ask,2730,3854.489
2024-08-12 22:11:28,ETHUSDT,ask,2730,3854.562
2024-08-12 22:11:31,ETHUSDT,ask,2730,3854.196
2024-08-12 22:11:32,ETHUSDT,ask,2730,3854.928
2024-08-12 22:11:37,ETHUSDT,ask,2730,3855.038
2024-08-12 22:11:38,ETHUSDT,ask,2730,3855.048
2024-08-12 22:11:39,ETHUSDT,ask,2730,3854.316
2024-08-12 22:11:59,ETHUSDT,ask,2730,3864.309
2024-08-12 22:12:08,ETHUSDT,ask,2730,3672.317
2024-08-12 22:12:24,ETHUSDT,ask,2730,3864.288
2024-08-12 22:12:59,ETHUSDT,ask,2730,3860.853
2024-08-12 22:13:27,ETHUSDT,ask,2730,3860.843
2024-08-12 22:13:27,ETHUSDT,ask,2730,3860.833
2024-08-12 22:13:40,ETHUSDT,ask,2730,3860.813
2024-08-12 22:14:33,ETHUSDT,ask,2730,3860.62
2024-08-12 22:15:03,ETHUSDT,ask,2730,3681.898
2024-08-12 22:15:25,ETHUSDT,ask,2730,3855.393
2024-08-12 22:15:36,ETHUSDT,ask,2730,3869.898
2024-08-12 22:16:04,ETHUSDT,ask,2730,3872.246
2024-08-12 22:16:52,ETHUSDT,ask,2730,3708.722
2024-08-12 22:16:58,ETHUSDT,ask,2730,3672.225
2024-08-12 22:17:10,ETHUSDT,ask,2730,3845.123
2024-08-12 22:17:19,ETHUSDT,ask,2730,3844.025
2024-08-12 22:17:20,ETHUSDT,ask,2730,3847.688
2024-08-12 22:17:26,ETHUSDT,ask,2730,3851.351
2024-08-12 22:18:21,ETHUSDT,ask,2730,3851.865
2024-08-12 22:18:30,ETHUSDT,ask,2730,3852.231
2024-08-12 22:18:56,ETHUSDT,ask,2730,3683.068
2024-08-12 22:18:57,ETHUSDT,ask,2730,3858.057
2024-08-12 22:19:08,ETHUSDT,ask,2730,3856.164
2024-08-12 22:19:16,ETHUSDT,ask,2730,3851.99
2024-08-12 22:19:21,ETHUSDT,ask,2730,3852.864
2024-08-12 22:19:21,ETHUSDT,ask,2730,3853.364
2024-08-12 22:19:58,ETHUSDT,ask,2730,3854.621
2024-08-12 22:20:08,ETHUSDT,ask,2730,3854.987
2024-08-12 22:20:21,ETHUSDT,ask,2730,3683.25
2024-08-12 22:20:27,ETHUSDT,ask,2730,3863.4
2024-08-12 22:20:28,ETHUSDT,ask,2730,3863.41
2024-08-12 22:20:47,ETHUSDT,ask,2730,3683.068
2024-08-12 22:20:51,ETHUSDT,ask,2730,3683.078
2024-08-12 22:22:10,ETHUSDT,ask,2730,3861.863
2024-08-12 22:22:18,ETHUSDT,ask,2730,3861.481
2024-08-12 22:22:20,ETHUSDT,ask,2730,3685.632
2024-08-12 22:22:26,ETHUSDT,ask,2730,3860.981
2024-08-12 22:23:38,ETHUSDT,ask,2730,3851.273
2024-08-12 22:23:52,ETHUSDT,ask,2730,3851.284
2024-08-12 22:24:17,ETHUSDT,ask,2730,3851.256
2024-08-12 22:26:30,ETHUSDT,ask,2730,3837.658
2024-08-12 22:26:58,ETHUSDT,ask,2730,3837.196
2024-08-12 22:27:58,ETHUSDT,ask,2730,3836.708
2024-08-12 22:28:00,ETHUSDT,ask,2730,3836.697
2024-08-12 22:28:02,ETHUSDT,ask,2730,3836.683
2024-08-12 22:29:04,ETHUSDT,ask,2730,3831.35
2024-08-12 22:29:15,ETHUSDT,ask,2730,3921.768
2024-08-12 22:29:22,ETHUSDT,ask,2730,3920.926
2024-08-12 22:29:50,ETHUSDT,ask,2730,3920.916
2024-08-12 22:29:50,ETHUSDT,ask,2730,3672.214
2024-08-12 22:29:59,ETHUSDT,ask,2730,3670.986
2024-08-12 22:30:55,ETHUSDT,ask,2730,3919.563
2024-08-12 22:30:59,ETHUSDT,ask,2730,3919.014
2024-08-12 22:31:08,ETHUSDT,ask,2730,3919.001
2024-08-12 22:31:58,ETHUSDT,ask,2730,3919.032
2024-08-12 22:32:59,ETHUSDT,ask,2730,3670.986
2024-08-12 22:35:37,ETHUSDT,ask,2730,3669.222
2024-08-12 22:36:48,ETHUSDT,ask,2730,3921.348
2024-08-12 22:39:39,ETHUSDT,ask,2730,3921.839
2024-08-12 22:39:44,ETHUSDT,ask,2730,3923.67
2024-08-12 22:39:49,ETHUSDT,ask,2730,3668.922
2024-08-12 22:40:55,ETHUSDT,ask,2730,3923.702
2024-08-12 22:41:31,ETHUSDT,ask,2730,3949.611
2024-08-12 22:43:18,ETHUSDT,ask,2730,3949.733
2024-08-12 22:49:41,ETHUSDT,ask,2730,3949.893
2024-08-12 22:49:41,ETHUSDT,ask,2730,3679.191
2024-08-12 22:49:49,ETHUSDT,ask,2730,3665.538
2024-08-12 22:50:13,ETHUSDT,ask,2730,3664.809
2024-08-12 22:50:17,ETHUSDT,ask,2730,3948.292
2024-08-12 22:51:37,ETHUSDT,ask,2730,3766.821
2024-08-12 22:52:17,ETHUSDT,ask,2730,3948.142
2024-08-12 22:52:37,ETHUSDT,ask,2730,3947.912
2024-08-12 22:52:39,ETHUSDT,ask,2730,3679.191
2024-08-12 22:52:41,ETHUSDT,ask,2730,3949.999
2024-08-12 22:52:46,ETHUSDT,ask,2730,3950.249
2024-08-12 22:53:40,ETHUSDT,ask,2730,3948.951
2024-08-12 22:53:53,ETHUSDT,ask,2730,3949.151
2024-08-12 22:54:57,ETHUSDT,ask,2730,3947.065
2024-08-12 22:55:40,ETHUSDT,ask,2730,3947.092
2024-08-12 22:56:19,ETHUSDT,ask,2730,3948.092
2024-08-12 22:56:20,ETHUSDT,ask,2730,3679.191
2024-08-12 22:56:49,ETHUSDT,ask,2730,3948.038
2024-08-12 22:57:22,ETHUSDT,ask,2730,3947.038
2024-08-12 23:00:40,ETHUSDT,ask,2730,3970.962
2024-08-12 23:00:46,ETHUSDT,ask,2730,3980.962
2024-08-12 23:01:22,ETHUSDT,ask,2730,3762.573
2024-08-12 23:01:26,ETHUSDT,ask,2730,3675.499
2024-08-12 23:01:28,ETHUSDT,ask,2730,3762.537
2024-08-12 23:02:24,ETHUSDT,ask,2730,3980.978
2024-08-12 23:03:05,ETHUSDT,ask,2730,3668.2
2024-08-12 23:03:28,ETHUSDT,ask,2730,3977.43
2024-08-12 23:04:00,ETHUSDT,ask,2730,3975.633
2024-08-12 23:04:19,ETHUSDT,ask,2730,3683.697
2024-08-12 23:04:21,ETHUSDT,ask,2730,3974.527
2024-08-12 23:04:42,ETHUSDT,ask,2730,3975.633
2024-08-12 23:04:49,ETHUSDT,ask,2730,3975.813
2024-08-12 23:04:57,ETHUSDT,ask,2730,3975.803
2024-08-12 23:05:14,ETHUSDT,ask,2730,3975.803
2024-08-12 23:05:53,ETHUSDT,ask,2730,4006.309
2024-08-12 23:05:54,ETHUSDT,ask,2730,4004.846
2024-08-12 23:06:23,ETHUSDT,ask,2730,4005.395
2024-08-12 23:07:49,ETHUSDT,ask,2730,4004.386
2024-08-12 23:08:17,ETHUSDT,ask,2730,4004.366
2024-08-12 23:08:42,ETHUSDT,ask,2730,4004.326
2024-08-12 23:08:43,ETHUSDT,ask,2730,3995.169
2024-08-12 23:09:03,ETHUSDT,ask,2730,3995.206
2024-08-12 23:09:12,ETHUSDT,ask,2730,3995.198
2024-08-12 23:10:16,ETHUSDT,ask,2730,3666.375
2024-08-12 23:12:47,ETHUSDT,ask,2730,3684.257
2024-08-12 23:12:49,ETHUSDT,ask,2730,3993.74
2024-08-12 23:14:56,ETHUSDT,ask,2730,3993.397
2024-08-12 23:15:23,ETHUSDT,ask,2730,3698.352
2024-08-12 23:16:26,ETHUSDT,ask,2730,3666.364
2024-08-12 23:16:32,ETHUSDT,ask,2730,4001.104
2024-08-12 23:19:23,ETHUSDT,ask,2730,3678.337
2024-08-12 23:20:48,ETHUSDT,ask,2730,4002.113
2024-08-12 23:21:58,ETHUSDT,ask,2730,4001.692
2024-08-12 23:22:06,ETHUSDT,ask,2730,3981.692
2024-08-12 23:22:18,ETHUSDT,ask,2730,3981.681
2024-08-12 23:22:32,ETHUSDT,ask,2730,3981.592
2024-08-12 23:22:36,ETHUSDT,ask,2730,3981.574
2024-08-12 23:22:42,ETHUSDT,ask,2730,3981.584
2024-08-12 23:22:46,ETHUSDT,ask,2730,3981.161
2024-08-12 23:22:58,ETHUSDT,ask,2730,3950.814
2024-08-12 23:25:04,ETHUSDT,ask,2730,3950.777
2024-08-12 23:26:39,ETHUSDT,ask,2730,3920.634
2024-08-12 23:26:46,ETHUSDT,ask,2730,3927.624
2024-08-12 23:27:32,ETHUSDT,ask,2730,3920.624
2024-08-12 23:28:22,ETHUSDT,ask,2730,3926.894
2024-08-12 23:30:16,ETHUSDT,ask,2730,3926.337
2024-08-12 23:30:39,ETHUSDT,ask,2730,3926.914
2024-08-12 23:35:19,ETHUSDT,ask,2730,3931.108
2024-08-12 23:35:22,ETHUSDT,ask,2730,3931.072
2024-08-12 23:35:27,ETHUSDT,ask,2730,3675.873
2024-08-12 23:35:27,ETHUSDT,ask,2730,3675.909
2024-08-12 23:35:29,ETHUSDT,ask,2730,3675.945
2024-08-12 23:35:32,ETHUSDT,ask,2730,3675.837
2024-08-12 23:35:32,ETHUSDT,ask,2730,3666.364
2024-08-12 23:38:24,ETHUSDT,ask,2730,3931.641
2024-08-12 23:38:29,ETHUSDT,ask,2730,3927.932
2024-08-12 23:38:46,ETHUSDT,ask,2730,3927.842
2024-08-12 23:39:13,ETHUSDT,ask,2730,3927.784
2024-08-12 23:40:21,ETHUSDT,ask,2730,3666.375
2024-08-12 23:40:40,ETHUSDT,ask,2730,3666.449
2024-08-12 23:41:22,ETHUSDT,ask,2730,3927.353
2024-08-12 23:44:02,ETHUSDT,ask,2730,3929.403
2024-08-12 23:45:35,ETHUSDT,ask,2730,3930.31
2024-08-12 23:46:14,ETHUSDT,ask,2730,3929.403
2024-08-12 23:46:26,ETHUSDT,ask,2730,3931.742
2024-08-12 23:47:27,ETHUSDT,ask,2730,3928.189
2024-08-12 23:49:40,ETHUSDT,ask,2730,3677.665
2024-08-12 23:50:45,ETHUSDT,ask,2730,3666.438
2024-08-12 23:52:23,ETHUSDT,ask,2730,3929.606
2024-08-12 23:52:29,ETHUSDT,ask,2730,3928.106
2024-08-12 23:52:46,ETHUSDT,ask,2730,3929.606
2024-08-12 23:54:40,ETHUSDT,ask,2730,3930.606
2024-08-12 23:56:47,ETHUSDT,ask,2730,3930.595
2024-08-12 23:58:05,ETHUSDT,ask,2730,3666.474
2024-08-12 23:58:07,ETHUSDT,ask,2730,3666.438
2024-08-13 00:00:15,ETHUSDT,ask,2730,3931.448
2024-08-13 00:02:06,ETHUSDT,ask,2730,3930.907
2024-08-13 00:02:31,ETHUSDT,ask,2730,3930.998
2024-08-13 00:02:47,ETHUSDT,ask,2730,3931.009
2024-08-13 00:04:40,ETHUSDT,ask,2730,3707.147
2024-08-13 00:05:55,ETHUSDT,ask,2730,3931.691
2024-08-13 00:06:12,ETHUSDT,ask,2730,3931.636
2024-08-13 00:08:50,ETHUSDT,ask,2730,3666.438
2024-08-13 00:08:50,ETHUSDT,ask,2730,3681.322
2024-08-13 00:09:09,ETHUSDT,ask,2730,3932.734
2024-08-13 00:10:10,ETHUSDT,ask,2730,3922.734
2024-08-13 00:13:33,ETHUSDT,ask,2730,3922.629
2024-08-13 00:14:16,ETHUSDT,ask,2730,3942.543
2024-08-13 00:17:09,ETHUSDT,ask,2730,3942.534
2024-08-13 00:17:29,ETHUSDT,ask,2730,3944.534
2024-08-13 00:18:45,ETHUSDT,ask,2730,3944.542
2024-08-13 00:20:11,ETHUSDT,ask,2730,3854.124
2024-08-13 00:20:59,ETHUSDT,ask,2730,3851.85
2024-08-13 00:21:27,ETHUSDT,ask,2730,3688.637
2024-08-13 00:21:28,ETHUSDT,ask,2730,3677.665
2024-08-13 00:21:29,ETHUSDT,ask,2730,3718.796
2024-08-13 00:21:30,ETHUSDT,ask,2730,3707.844
2024-08-13 00:21:54,ETHUSDT,ask,2730,3677.756
2024-08-13 00:23:03,ETHUSDT,ask,2730,3707.88
2024-08-13 00:23:04,ETHUSDT,ask,2730,3707.916
2024-08-13 00:23:17,ETHUSDT,ask,2730,3855.949
2024-08-13 00:23:22,ETHUSDT,ask,2730,3707.88
2024-08-13 00:23:56,ETHUSDT,ask,2730,3717.904
2024-08-13 00:24:36,ETHUSDT,ask,2730,3851.85
2024-08-13 00:24:39,ETHUSDT,ask,2730,3851.9
2024-08-13 00:24:43,ETHUSDT,ask,2730,3851.912
2024-08-13 00:25:07,ETHUSDT,ask,2730,3851.9
2024-08-13 00:25:37,ETHUSDT,ask,2730,3725.205
2024-08-13 00:26:01,ETHUSDT,ask,2730,3851.881
2024-08-13 00:26:02,ETHUSDT,ask,2730,3851.867
2024-08-13 00:30:05,ETHUSDT,ask,2730,3865.538
2024-08-13 00:30:33,ETHUSDT,ask,2730,3865.538
2024-08-13 00:30:36,ETHUSDT,ask,2730,3725.205
2024-08-13 00:31:27,ETHUSDT,ask,2730,3851.867
2024-08-13 00:33:24,ETHUSDT,ask,2730,3851.937
2024-08-13 00:33:42,ETHUSDT,ask,2730,3851.948
2024-08-13 00:34:25,ETHUSDT,ask,2730,3851.996
2024-08-13 00:34:26,ETHUSDT,ask,2730,3677.804
2024-08-13 00:34:26,ETHUSDT,ask,2730,3725.253
2024-08-13 00:34:36,ETHUSDT,ask,2730,3851.948
2024-08-13 00:34:36,ETHUSDT,ask,2730,3677.756
2024-08-13 00:34:36,ETHUSDT,ask,2730,3725.205
2024-08-13 00:38:28,ETHUSDT,ask,2730,3868.409
2024-08-13 00:38:54,ETHUSDT,ask,2730,3868.5
2024-08-13 00:38:54,ETHUSDT,ask,2730,3868.409
2024-08-13 00:42:05,ETHUSDT,ask,2730,3880.604
2024-08-13 00:42:06,ETHUSDT,ask,2730,3892.799
2024-08-13 00:42:42,ETHUSDT,ask,2730,3876.338
2024-08-13 00:43:14,ETHUSDT,ask,2730,3677.871
2024-08-13 00:43:16,ETHUSDT,ask,2730,3876.162
2024-08-13 00:46:15,ETHUSDT,ask,2730,3875.664
2024-08-13 00:47:03,ETHUSDT,ask,2730,3875.653
2024-08-13 00:47:51,ETHUSDT,ask,2730,3876.436
2024-08-13 00:50:55,ETHUSDT,ask,2730,3852.046
2024-08-13 00:54:50,ETHUSDT,ask,2730,3852.028
2024-08-13 00:54:58,ETHUSDT,ask,2730,3853.259
2024-08-13 00:55:04,ETHUSDT,ask,2730,3853.109
2024-08-13 00:55:59,ETHUSDT,ask,2730,3853.223
2024-08-13 00:58:19,ETHUSDT,ask,2730,3852.223
2024-08-13 00:58:40,ETHUSDT,ask,2730,3852.199
2024-08-13 00:59:30,ETHUSDT,ask,2730,3719.428
2024-08-13 01:04:28,ETHUSDT,ask,2730,3850.552
2024-08-13 01:05:08,ETHUSDT,ask,2730,3850.412
2024-08-13 01:05:58,ETHUSDT,ask,2730,3850.411
2024-08-13 01:06:45,ETHUSDT,ask,2730,3850.423
2024-08-13 01:07:05,ETHUSDT,ask,2730,3850.273
2024-08-13 01:09:12,ETHUSDT,ask,2730,3850.373
2024-08-13 01:09:59,ETHUSDT,ask,2730,3850.273
2024-08-13 01:12:11,ETHUSDT,ask,2730,3852.399
2024-08-13 01:13:03,ETHUSDT,ask,2730,3848.72
2024-08-13 01:13:05,ETHUSDT,ask,2730,3844.325
2024-08-13 01:13:59,ETHUSDT,ask,2730,3844.336
2024-08-13 01:14:28,ETHUSDT,ask,2730,3840.752
2024-08-13 01:15:51,ETHUSDT,ask,2730,3677.771
2024-08-13 01:16:25,ETHUSDT,ask,2730,3840.762
2024-08-13 01:16:27,ETHUSDT,ask,2730,3719.866
2024-08-13 01:18:05,ETHUSDT,ask,2730,3719.428
2024-08-13 01:18:31,ETHUSDT,ask,2730,3840.673
2024-08-13 01:25:01,ETHUSDT,ask,2730,3840.662
2024-08-13 01:25:10,ETHUSDT,ask,2730,3840.604
2024-08-13 01:25:14,ETHUSDT,ask,2730,3839.889
2024-08-13 01:32:07,ETHUSDT,ask,2730,3677.771
2024-08-13 01:32:07,ETHUSDT,ask,2730,3719.428
2024-08-13 01:32:30,ETHUSDT,ask,2730,3719.793
2024-08-13 01:32:38,ETHUSDT,ask,2730,3719.428
2024-08-13 01:32:59,ETHUSDT,ask,2730,3839.889
2024-08-13 01:34:12,ETHUSDT,ask,2730,3839.9
2024-08-13 01:37:03,ETHUSDT,ask,2730,3839.889
2024-08-13 01:39:24,ETHUSDT,ask,2730,3838.658
2024-08-13 01:43:46,ETHUSDT,ask,2730,3838.633
2024-08-13 01:45:05,ETHUSDT,ask,2730,3839.41
2024-08-13 01:48:11,ETHUSDT,ask,2730,3838.617
2024-08-13 01:50:47,ETHUSDT,ask,2730,3839.118
2024-08-13 01:53:32,ETHUSDT,ask,2730,3839.068
2024-08-13 01:53:57,ETHUSDT,ask,2730,3675.943
2024-08-13 01:56:28,ETHUSDT,ask,2730,3839.068
2024-08-13 01:56:35,ETHUSDT,ask,2730,3838.702
2024-08-13 01:56:35,ETHUSDT,ask,2730,3675.797
2024-08-13 01:58:08,ETHUSDT,ask,2730,3675.797
2024-08-13 01:58:11,ETHUSDT,ask,2730,3675.806
2024-08-13 01:58:11,ETHUSDT,ask,2730,3675.806
2024-08-13 02:01:43,ETHUSDT,ask,2730,3721.314
2024-08-13 02:05:06,ETHUSDT,ask,2730,3840.283
2024-08-13 02:06:18,ETHUSDT,ask,2730,3716.85
2024-08-13 02:10:25,ETHUSDT,ask,2730,3840.293
2024-08-13 02:14:28,ETHUSDT,ask,2730,3675.076
2024-08-13 02:16:19,ETHUSDT,ask,2730,3843.493
2024-08-13 02:17:21,ETHUSDT,ask,2730,3716.83
2024-08-13 02:20:14,ETHUSDT,ask,2730,3843.517
2024-08-13 02:26:13,ETHUSDT,ask,2730,3844.517
2024-08-13 02:28:26,ETHUSDT,ask,2730,3844.617
2024-08-13 02:28:48,ETHUSDT,ask,2730,3844.117
2024-08-13 02:34:04,ETHUSDT,ask,2730,3842.26
2024-08-13 02:34:17,ETHUSDT,ask,2730,3839.89
2024-08-13 02:38:06,ETHUSDT,ask,2730,3839.926
2024-08-13 02:38:08,ETHUSDT,ask,2730,3839.89
2024-08-13 02:39:14,ETHUSDT,ask,2730,3840.296
2024-08-13 02:43:17,ETHUSDT,ask,2730,3840.296
2024-08-13 02:50:42,ETHUSDT,ask,2730,3840.32
2024-08-13 02:51:59,ETHUSDT,ask,2730,3840.121
2024-08-13 02:51:59,ETHUSDT,ask,2730,3675.258
2024-08-13 03:01:34,ETHUSDT,ask,2730,3840.25
2024-08-13 03:04:39,ETHUSDT,ask,2730,3840.262
2024-08-13 03:04:41,ETHUSDT,ask,2730,3840.133
2024-08-13 03:05:46,ETHUSDT,ask,2730,3840.137
2024-08-13 03:06:06,ETHUSDT,ask,2730,3841.668
2024-08-13 03:06:07,ETHUSDT,ask,2730,3843.233
2024-08-13 03:08:07,ETHUSDT,ask,2730,3716.814
2024-08-13 03:09:52,ETHUSDT,ask,2730,3841.668
2024-08-13 03:12:24,ETHUSDT,ask,2730,3839.542
2024-08-13 03:13:46,ETHUSDT,ask,2730,3857.95
2024-08-13 03:15:33,ETHUSDT,ask,2730,3857.767
2024-08-13 03:16:52,ETHUSDT,ask,2730,3857.793
2024-08-13 03:20:17,ETHUSDT,ask,2730,3857.989
2024-08-13 03:22:37,ETHUSDT,ask,2730,3878.106
2024-08-13 03:22:37,ETHUSDT,ask,2730,3903.713
2024-08-13 03:22:37,ETHUSDT,ask,2730,3929.325
2024-08-13 03:22:37,ETHUSDT,ask,2730,3936.64
2024-08-13 03:22:42,ETHUSDT,ask,2730,3716.814
2024-08-13 03:26:50,ETHUSDT,ask,2730,3843.445
2024-08-13 03:28:26,ETHUSDT,ask,2730,3674.258
2024-08-13 03:30:28,ETHUSDT,ask,2730,3716.814
2024-08-13 03:30:47,ETHUSDT,ask,2730,3717.462
2024-08-13 03:31:28,ETHUSDT,ask,2730,3717.473
2024-08-13 03:32:44,ETHUSDT,ask,2730,3868.445
2024-08-13 03:33:12,ETHUSDT,ask,2730,3867.445
2024-08-13 03:34:37,ETHUSDT,ask,2730,3860.063
2024-08-13 03:34:40,ETHUSDT,ask,2730,3885.063
2024-08-13 03:35:22,ETHUSDT,ask,2730,3860.063
2024-08-13 03:36:12,ETHUSDT,ask,2730,3785.425
2024-08-13 03:36:21,ETHUSDT,ask,2730,3860.05
2024-08-13 03:37:15,ETHUSDT,ask,2730,3860.093
2024-08-13 03:38:35,ETHUSDT,ask,2730,3864.829
2024-08-13 03:38:49,ETHUSDT,ask,2730,3678.988
2024-08-13 03:39:58,ETHUSDT,ask,2730,3905.854
2024-08-13 03:42:24,ETHUSDT,ask,2730,3905.864
2024-08-13 03:42:42,ETHUSDT,ask,2730,3902.102
2024-08-13 03:42:44,ETHUSDT,ask,2730,3903.102
2024-08-13 03:43:28,ETHUSDT,ask,2730,3717.473
2024-08-13 03:43:29,ETHUSDT,ask,2730,3900.002
2024-08-13 03:44:06,ETHUSDT,ask,2730,3897.975
2024-08-13 03:44:16,ETHUSDT,ask,2730,3679.061
2024-08-13 03:44:23,ETHUSDT,ask,2730,3900.021
2024-08-13 03:44:23,ETHUSDT,ask,2730,4082.569
2024-08-13 03:44:24,ETHUSDT,ask,2730,3678.879
2024-08-13 03:45:10,ETHUSDT,ask,2730,3678.879
2024-08-13 03:45:30,ETHUSDT,ask,2730,3897.682
2024-08-13 03:45:56,ETHUSDT,ask,2730,3719.663
2024-08-13 03:45:58,ETHUSDT,ask,2730,3710.879
2024-08-13 03:46:38,ETHUSDT,ask,2730,3897.682
2024-08-13 03:46:49,ETHUSDT,ask,2730,3708.879
2024-08-13 03:47:58,ETHUSDT,ask,2730,3708.806
2024-08-13 03:48:06,ETHUSDT,ask,2730,3708.842
2024-08-13 03:48:11,ETHUSDT,ask,2730,3719.015
2024-08-13 03:48:19,ETHUSDT,ask,2730,3910.354
2024-08-13 03:48:19,ETHUSDT,ask,2730,3910.362
2024-08-13 03:48:47,ETHUSDT,ask,2730,3708.806
2024-08-13 03:48:53,ETHUSDT,ask,2730,3708.842
2024-08-13 03:51:19,ETHUSDT,ask,2730,3900.352
2024-08-13 03:51:28,ETHUSDT,ask,2730,4083.502
2024-08-13 03:51:34,ETHUSDT,ask,2730,3887.68
2024-08-13 03:51:48,ETHUSDT,ask,2730,3724.224
2024-08-13 03:53:07,ETHUSDT,ask,2730,3875.02
2024-08-13 03:53:36,ETHUSDT,ask,2730,3703.016
2024-08-13 03:54:03,ETHUSDT,ask,2730,3690.947
2024-08-13 03:54:06,ETHUSDT,ask,2730,4057.068
2024-08-13 03:54:36,ETHUSDT,ask,2730,4033.134
2024-08-13 03:55:36,ETHUSDT,ask,2730,3692.775
2024-08-13 03:56:14,ETHUSDT,ask,2730,3692.766
2024-08-13 03:57:46,ETHUSDT,ask,2730,4033.39
2024-08-13 03:57:47,ETHUSDT,ask,2730,4033.134
2024-08-13 03:58:22,ETHUSDT,ask,2730,3733.305
2024-08-13 03:58:54,ETHUSDT,ask,2730,4033.098
2024-08-13 03:58:55,ETHUSDT,ask,2730,3692.73
2024-08-13 04:00:27,ETHUSDT,ask,2730,4034.245
2024-08-13 04:01:02,ETHUSDT,ask,2730,4034.071
2024-08-13 04:01:18,ETHUSDT,ask,2730,4034.119
2024-08-13 04:01:19,ETHUSDT,ask,2730,3692.778
2024-08-13 04:01:19,ETHUSDT,ask,2730,3733.353
2024-08-13 04:01:22,ETHUSDT,ask,2730,4034.167
2024-08-13 04:02:29,ETHUSDT,ask,2730,3716.887
2024-08-13 04:03:55,ETHUSDT,ask,2730,3723.931
2024-08-13 04:08:41,ETHUSDT,ask,2730,4033.96
2024-08-13 04:09:44,ETHUSDT,ask,2730,4008.96
2024-08-13 04:12:16,ETHUSDT,ask,2730,4009.01
2024-08-13 04:14:14,ETHUSDT,ask,2730,3862.49
2024-08-13 04:14:32,ETHUSDT,ask,2730,3862.501
2024-08-13 04:16:04,ETHUSDT,ask,2730,3861.465
2024-08-13 04:16:20,ETHUSDT,ask,2730,3861.486
2024-08-13 04:19:51,ETHUSDT,ask,2730,3861.375
2024-08-13 04:19:51,ETHUSDT,ask,2730,3723.851
2024-08-13 04:19:58,ETHUSDT,ask,2730,3680.625
2024-08-13 04:24:19,ETHUSDT,ask,2730,3863.464
2024-08-13 04:24:32,ETHUSDT,ask,2730,3861.375
2024-08-13 04:24:43,ETHUSDT,ask,2730,3867.454
2024-08-13 04:24:53,ETHUSDT,ask,2730,3865.923
2024-08-13 04:25:14,ETHUSDT,ask,2730,3867.117
2024-08-13 04:31:59,ETHUSDT,ask,2730,3892.117
2024-08-13 04:34:16,ETHUSDT,ask,2730,3892.245
2024-08-13 04:34:29,ETHUSDT,ask,2730,3892.253
2024-08-13 04:35:31,ETHUSDT,ask,2730,3716.818
2024-08-13 04:36:16,ETHUSDT,ask,2730,3892.263
2024-08-13 04:39:39,ETHUSDT,ask,2730,3680.625
2024-08-13 04:40:47,ETHUSDT,ask,2730,3678.797
2024-08-13 04:41:19,ETHUSDT,ask,2730,3892.24
2024-08-13 04:42:14,ETHUSDT,ask,2730,3716.789
2024-08-13 04:42:44,ETHUSDT,ask,2730,3678.979
2024-08-13 04:42:54,ETHUSDT,ask,2730,3716.971
2024-08-13 04:46:11,ETHUSDT,ask,2730,3892.44
2024-08-13 04:47:42,ETHUSDT,ask,2730,3726.098
2024-08-13 04:47:43,ETHUSDT,ask,2730,3716.971
2024-08-13 04:49:42,ETHUSDT,ask,2730,3892.253
2024-08-13 04:51:38,ETHUSDT,ask,2730,3894.172
2024-08-13 04:52:44,ETHUSDT,ask,2730,3724.015
2024-08-13 04:53:28,ETHUSDT,ask,2730,3930.436
2024-08-13 04:53:33,ETHUSDT,ask,2730,3724.38
2024-08-13 04:55:11,ETHUSDT,ask,2730,3911.304
2024-08-13 04:55:12,ETHUSDT,ask,2730,3893.172
2024-08-13 04:56:41,ETHUSDT,ask,2730,3893.164
2024-08-13 04:56:41,ETHUSDT,ask,2730,3893.139
2024-08-13 04:57:35,ETHUSDT,ask,2730,3906.928
2024-08-13 04:57:39,ETHUSDT,ask,2730,3724.38
2024-08-13 04:58:11,ETHUSDT,ask,2730,3893.148
2024-08-13 04:58:26,ETHUSDT,ask,2730,3724.405
2024-08-13 05:02:16,ETHUSDT,ask,2730,3906.953
2024-08-13 05:02:19,ETHUSDT,ask,2730,3724.405
2024-08-13 05:02:29,ETHUSDT,ask,2730,3893.148
2024-08-13 05:04:18,ETHUSDT,ask,2740,5768.775
2024-08-13 05:04:22,ETHUSDT,ask,2730,3724.38
2024-08-13 05:04:27,ETHUSDT,ask,2730,3679.161
2024-08-13 05:06:00,ETHUSDT,ask,2730,3898.466
2024-08-13 05:06:00,ETHUSDT,ask,2730,3893.148
2024-08-13 05:06:03,ETHUSDT,ask,2730,3724.38
2024-08-13 05:06:55,ETHUSDT,ask,2730,3929.778
2024-08-13 05:06:55,ETHUSDT,ask,2730,3724.562
2024-08-13 05:06:55,ETHUSDT,ask,2730,3893.148
2024-08-13 05:06:57,ETHUSDT,ask,2730,3724.38
2024-08-13 05:07:00,ETHUSDT,ask,2730,3679.271
2024-08-13 05:07:00,ETHUSDT,ask,2730,3679.563
2024-08-13 05:07:03,ETHUSDT,ask,2730,3724.672
2024-08-13 05:07:05,ETHUSDT,ask,2730,3893.148
2024-08-13 05:07:05,ETHUSDT,ask,2730,3678.979
2024-08-13 05:07:05,ETHUSDT,ask,2730,3724.38
2024-08-13 05:08:52,ETHUSDT,ask,2730,3893.196
2024-08-13 05:08:54,ETHUSDT,ask,2730,3893.308
2024-08-13 05:08:58,ETHUSDT,ask,2730,3724.428
2024-08-13 05:09:00,ETHUSDT,ask,2730,3893.26
2024-08-13 05:09:00,ETHUSDT,ask,2730,3724.38
2024-08-13 05:09:01,ETHUSDT,ask,2730,3679.015
2024-08-13 05:10:57,ETHUSDT,ask,2730,3880.526
2024-08-13 05:10:57,ETHUSDT,ask,2730,3834.901
2024-08-13 05:11:00,ETHUSDT,ask,2730,3827.659
2024-08-13 05:11:00,ETHUSDT,ask,2730,3708.164
2024-08-13 05:11:11,ETHUSDT,ask,2730,3689.878
2024-08-13 05:12:13,ETHUSDT,ask,2730,3893.947
2024-08-13 05:12:21,ETHUSDT,ask,2730,3742.634
2024-08-13 05:14:33,ETHUSDT,ask,2730,3894.862
2024-08-13 05:15:28,ETHUSDT,ask,2730,3895.228
2024-08-13 05:15:58,ETHUSDT,ask,2730,3689.842
2024-08-13 05:16:11,ETHUSDT,ask,2730,3895.337
2024-08-13 05:16:25,ETHUSDT,ask,2730,3894.944
2024-08-13 05:17:36,ETHUSDT,ask,2730,3888.865
2024-08-13 05:17:48,ETHUSDT,ask,2730,3891.484
2024-08-13 05:17:49,ETHUSDT,ask,2730,3689.878
2024-08-13 05:17:50,ETHUSDT,ask,2730,3689.842
2024-08-13 05:17:53,ETHUSDT,ask,2730,3888.865
2024-08-13 05:17:55,ETHUSDT,ask,2730,3889.011
2024-08-13 05:17:56,ETHUSDT,ask,2730,3742.67
2024-08-13 05:17:57,ETHUSDT,ask,2730,3742.634
2024-08-13 05:19:36,ETHUSDT,ask,2730,3891.606
2024-08-13 05:20:24,ETHUSDT,ask,2730,3896.606
2024-08-13 05:20:27,ETHUSDT,ask,2730,3976.606
2024-08-13 05:21:04,ETHUSDT,ask,2730,3976.631
2024-08-13 05:21:12,ETHUSDT,ask,2730,3678.979
2024-08-13 05:21:13,ETHUSDT,ask,2730,3682.631
2024-08-13 05:21:47,ETHUSDT,ask,2730,3742.67
2024-08-13 05:22:07,ETHUSDT,ask,2730,3683.535
2024-08-13 05:22:12,ETHUSDT,ask,2730,3983.884
2024-08-13 05:24:25,ETHUSDT,ask,2730,3977.194
2024-08-13 05:25:39,ETHUSDT,ask,2730,3742.634
2024-08-13 05:27:13,ETHUSDT,ask,2730,3897.194
2024-08-13 05:27:34,ETHUSDT,ask,2730,3897.276
2024-08-13 05:27:59,ETHUSDT,ask,2730,3897.277
2024-08-13 05:32:11,ETHUSDT,ask,2730,3897.289
2024-08-13 05:32:23,ETHUSDT,ask,2730,3753.586
2024-08-13 05:32:23,ETHUSDT,ask,2730,3742.634
2024-08-13 05:32:25,ETHUSDT,ask,2730,3897.268
2024-08-13 05:32:52,ETHUSDT,ask,2730,3897.472
2024-08-13 05:33:11,ETHUSDT,ask,2730,3894.731
2024-08-13 05:36:15,ETHUSDT,ask,2730,3894.767
2024-08-13 05:36:19,ETHUSDT,ask,2730,3679.919
2024-08-13 05:36:39,ETHUSDT,ask,2730,3679.883
2024-08-13 05:36:41,ETHUSDT,ask,2730,3679.919
2024-08-13 05:37:02,ETHUSDT,ask,2730,3905.756
2024-08-13 05:37:53,ETHUSDT,ask,2730,3742.636
2024-08-13 05:38:13,ETHUSDT,ask,2730,3905.72
2024-08-13 05:38:13,ETHUSDT,ask,2730,3679.883
2024-08-13 05:38:26,ETHUSDT,ask,2730,3905.559
2024-08-13 05:38:55,ETHUSDT,ask,2730,3903.071
2024-08-13 05:43:11,ETHUSDT,ask,2730,3743.366
2024-08-13 05:44:18,ETHUSDT,ask,2730,3903.803
2024-08-13 05:46:04,ETHUSDT,ask,2730,3907.253
2024-08-13 05:47:04,ETHUSDT,ask,2730,3690.855
2024-08-13 05:47:04,ETHUSDT,ask,2730,3679.883
2024-08-13 05:47:05,ETHUSDT,ask,2730,3754.318
2024-08-13 05:47:05,ETHUSDT,ask,2730,3743.366
2024-08-13 05:48:53,ETHUSDT,ask,2730,3896.264
2024-08-13 05:49:38,ETHUSDT,ask,2730,3992.549
2024-08-13 05:49:42,ETHUSDT,ask,2730,3992.915
2024-08-13 05:49:44,ETHUSDT,ask,2730,3980.948
2024-08-13 05:49:44,ETHUSDT,ask,2730,3957.014
2024-08-13 05:49:44,ETHUSDT,ask,2730,3945.047
2024-08-13 05:49:45,ETHUSDT,ask,2730,3921.113
2024-08-13 05:49:45,ETHUSDT,ask,2730,3909.146
2024-08-13 05:49:45,ETHUSDT,ask,2730,3897.179
2024-08-13 05:51:20,ETHUSDT,ask,2730,3893.804
2024-08-13 05:53:34,ETHUSDT,ask,2730,3679.873
2024-08-13 05:54:18,ETHUSDT,ask,2730,3893.889
2024-08-13 05:55:58,ETHUSDT,ask,2730,3759.776
2024-08-13 05:58:18,ETHUSDT,ask,2730,3893.912
2024-08-13 05:58:51,ETHUSDT,ask,2730,3892.912
2024-08-13 05:59:34,ETHUSDT,ask,2730,3888.176
2024-08-13 05:59:34,ETHUSDT,ask,2730,3675.143
2024-08-13 06:00:40,ETHUSDT,ask,2730,3888.216
2024-08-13 06:01:16,ETHUSDT,ask,2730,4001.014
2024-08-13 06:01:27,ETHUSDT,ask,2730,3968.216
2024-08-13 06:01:47,ETHUSDT,ask,2730,3684.968
2024-08-13 06:02:10,ETHUSDT,ask,2730,3744.278
2024-08-13 06:02:23,ETHUSDT,ask,2730,3968.126
2024-08-13 06:03:02,ETHUSDT,ask,2730,3968.858
2024-08-13 06:03:17,ETHUSDT,ask,2730,3744.387
2024-08-13 06:03:22,ETHUSDT,ask,2730,3968.73
2024-08-13 06:03:24,ETHUSDT,ask,2730,3888.73
2024-08-13 06:03:25,ETHUSDT,ask,2730,3889.096
2024-08-13 06:03:41,ETHUSDT,ask,2730,3900.022
2024-08-13 06:04:00,ETHUSDT,ask,2730,3760.652
2024-08-13 06:04:01,ETHUSDT,ask,2730,3776.917
2024-08-13 06:04:06,ETHUSDT,ask,2730,3899.779
2024-08-13 06:04:17,ETHUSDT,ask,2730,3784.195
2024-08-13 06:04:28,ETHUSDT,ask,2730,3889.721
2024-08-13 06:04:52,ETHUSDT,ask,2730,3793.637
2024-08-13 06:05:06,ETHUSDT,ask,2730,3889.806
2024-08-13 06:05:51,ETHUSDT,ask,2730,3889.826
2024-08-13 06:06:56,ETHUSDT,ask,2730,3889.826
2024-08-13 06:07:40,ETHUSDT,ask,2730,3745.102
2024-08-13 06:07:50,ETHUSDT,ask,2730,3676.25
2024-08-13 06:08:14,ETHUSDT,ask,2730,3969.826
2024-08-13 06:08:21,ETHUSDT,ask,2730,3746.014
2024-08-13 06:08:33,ETHUSDT,ask,2730,3745.102
2024-08-13 06:08:49,ETHUSDT,ask,2730,3969.986
2024-08-13 06:08:53,ETHUSDT,ask,2730,3750.572
2024-08-13 06:08:59,ETHUSDT,ask,2730,3971.473
2024-08-13 06:09:04,ETHUSDT,ask,2730,3969.973
2024-08-13 06:09:10,ETHUSDT,ask,2730,3970.053
2024-08-13 06:09:16,ETHUSDT,ask,2730,3750.608
2024-08-13 06:09:27,ETHUSDT,ask,2730,3980.053
2024-08-13 06:09:49,ETHUSDT,ask,2730,3751.703
2024-08-13 06:10:03,ETHUSDT,ask,2730,3980.309
2024-08-13 06:10:17,ETHUSDT,ask,2730,3676.506
2024-08-13 06:10:42,ETHUSDT,ask,2730,3980.327
2024-08-13 06:10:44,ETHUSDT,ask,2730,3985.327
2024-08-13 06:11:00,ETHUSDT,ask,2730,3986.608
2024-08-13 06:11:03,ETHUSDT,ask,2730,3986.352
2024-08-13 06:11:04,ETHUSDT,ask,2730,3675.775
2024-08-13 06:11:05,ETHUSDT,ask,2730,3763.631
2024-08-13 06:11:08,ETHUSDT,ask,2730,3986.373
2024-08-13 06:11:08,ETHUSDT,ask,2730,3763.161
2024-08-13 06:11:35,ETHUSDT,ask,2730,3985.873
2024-08-13 06:11:38,ETHUSDT,ask,2730,3975.873
2024-08-13 06:11:41,ETHUSDT,ask,2730,3675.774
2024-08-13 06:11:45,ETHUSDT,ask,2730,3977.701
2024-08-13 06:11:50,ETHUSDT,ask,2730,3783.57
2024-08-13 06:11:55,ETHUSDT,ask,2730,3784.321
2024-08-13 06:12:07,ETHUSDT,ask,2730,3977.847
2024-08-13 06:12:09,ETHUSDT,ask,2730,3675.92
2024-08-13 06:12:24,ETHUSDT,ask,2730,3897.855
2024-08-13 06:12:42,ETHUSDT,ask,2730,3676.651
2024-08-13 06:12:52,ETHUSDT,ask,2730,3897.848
2024-08-13 06:13:18,ETHUSDT,ask,2730,3676.285
2024-08-13 06:13:50,ETHUSDT,ask,2730,3897.881
2024-08-13 06:13:52,ETHUSDT,ask,2730,3897.84
2024-08-13 06:14:08,ETHUSDT,ask,2730,3892.84
2024-08-13 06:14:09,ETHUSDT,ask,2730,3676.059
2024-08-13 06:14:18,ETHUSDT,ask,2730,3893.755
2024-08-13 06:14:21,ETHUSDT,ask,2730,3893.395
2024-08-13 06:14:32,ETHUSDT,ask,2730,3893.49
2024-08-13 06:14:32,ETHUSDT,ask,2730,3891.734
2024-08-13 06:14:57,ETHUSDT,ask,2730,3680.448
2024-08-13 06:14:58,ETHUSDT,ask,2730,3676.059
2024-08-13 06:15:04,ETHUSDT,ask,2730,3893.931
2024-08-13 06:15:26,ETHUSDT,ask,2730,3680.448
2024-08-13 06:15:26,ETHUSDT,ask,2730,3676.059
2024-08-13 06:15:27,ETHUSDT,ask,2730,3680.448
2024-08-13 06:15:28,ETHUSDT,ask,2730,3676.059
2024-08-13 06:15:32,ETHUSDT,ask,2730,3751.984
2024-08-13 06:15:40,ETHUSDT,ask,2730,3891.884
2024-08-13 06:15:45,ETHUSDT,ask,2730,3921.88
2024-08-13 06:15:48,ETHUSDT,ask,2730,3921.73
2024-08-13 06:15:51,ETHUSDT,ask,2730,3750.889
2024-08-13 06:15:56,ETHUSDT,ask,2730,3922.76
2024-08-13 06:16:21,ETHUSDT,ask,2730,3741.447
2024-08-13 06:16:22,ETHUSDT,ask,2730,3923.859
2024-08-13 06:16:31,ETHUSDT,ask,2730,3927.815
2024-08-13 06:16:40,ETHUSDT,ask,2730,3928.365
2024-08-13 06:16:42,ETHUSDT,ask,2730,3706.072
2024-08-13 06:16:42,ETHUSDT,ask,2730,3928.465
2024-08-13 06:16:49,ETHUSDT,ask,2730,3928.474
2024-08-13 06:16:53,ETHUSDT,ask,2730,3968.474
2024-08-13 06:16:59,ETHUSDT,ask,2730,3928.965
2024-08-13 06:17:05,ETHUSDT,ask,2730,3929.165
2024-08-13 06:17:05,ETHUSDT,ask,2730,3930.165
2024-08-13 06:17:11,ETHUSDT,ask,2730,3899.25
2024-08-13 06:17:13,ETHUSDT,ask,2730,3676.113
2024-08-13 06:17:27,ETHUSDT,ask,2730,3685.257
2024-08-13 06:17:29,ETHUSDT,ask,2730,3676.662
2024-08-13 06:17:41,ETHUSDT,ask,2730,3899.886
2024-08-13 06:17:51,ETHUSDT,ask,2730,3899.922
2024-08-13 06:17:56,ETHUSDT,ask,2730,3929.922
2024-08-13 06:17:57,ETHUSDT,ask,2730,3706.662
2024-08-13 06:18:07,ETHUSDT,ask,2730,3930.087
2024-08-13 06:18:10,ETHUSDT,ask,2730,3930.08
2024-08-13 06:18:11,ETHUSDT,ask,2730,3930.139
2024-08-13 06:18:14,ETHUSDT,ask,2730,3932.196
2024-08-13 06:18:15,ETHUSDT,ask,2730,3929.437
2024-08-13 06:18:16,ETHUSDT,ask,2730,3946.475
2024-08-13 06:18:17,ETHUSDT,ask,2730,3940.571
2024-08-13 06:18:17,ETHUSDT,ask,2730,3936.049
2024-08-13 06:18:17,ETHUSDT,ask,2730,3936.049
2024-08-13 06:18:18,ETHUSDT,ask,2730,3937.522
2024-08-13 06:18:21,ETHUSDT,ask,2730,3934.571
2024-08-13 06:18:22,ETHUSDT,ask,2730,4007.831
2024-08-13 06:18:22,ETHUSDT,ask,2730,3977.831
2024-08-13 06:18:22,ETHUSDT,ask,2730,3675.676
2024-08-13 06:18:24,ETHUSDT,ask,2730,3999.671
2024-08-13 06:18:24,ETHUSDT,ask,2730,3997.831
2024-08-13 06:18:25,ETHUSDT,ask,2730,3926.135
2024-08-13 06:18:25,ETHUSDT,ask,2730,3925.735
2024-08-13 06:18:25,ETHUSDT,ask,2730,3906.104
2024-08-13 06:18:25,ETHUSDT,ask,2730,3906.124
2024-08-13 06:18:26,ETHUSDT,ask,2730,3895.541
2024-08-13 06:18:29,ETHUSDT,ask,2730,3676.759
2024-08-13 06:18:29,ETHUSDT,ask,2730,3895.125
2024-08-13 06:18:31,ETHUSDT,ask,2730,3896.704
2024-08-13 06:18:32,ETHUSDT,ask,2730,3895.492
2024-08-13 06:18:32,ETHUSDT,ask,2730,3896.191
2024-08-13 06:18:33,ETHUSDT,ask,2730,3746.699
2024-08-13 06:18:33,ETHUSDT,ask,2730,3895.191
2024-08-13 06:18:36,ETHUSDT,ask,2730,3740.368
2024-08-13 06:18:38,ETHUSDT,ask,2730,3970.512
2024-08-13 06:18:39,ETHUSDT,ask,2730,3903.888
2024-08-13 06:18:40,ETHUSDT,ask,2730,3903.979
2024-08-13 06:18:40,ETHUSDT,ask,2730,3903.888
2024-08-13 06:18:41,ETHUSDT,ask,2730,3903.942
2024-08-13 06:18:41,ETHUSDT,ask,2730,3686.147
2024-08-13 06:18:41,ETHUSDT,ask,2730,3680.707
2024-08-13 06:18:41,ETHUSDT,ask,2730,3904.009
2024-08-13 06:18:41,ETHUSDT,ask,2730,3675.266
2024-08-13 06:18:42,ETHUSDT,ask,2730,3904.009
2024-08-13 06:18:44,ETHUSDT,ask,2730,3904.559
2024-08-13 06:18:45,ETHUSDT,ask,2730,3904.492
2024-08-13 06:18:47,ETHUSDT,ask,2730,3903.277
2024-08-13 06:18:47,ETHUSDT,ask,2730,3676.844
2024-08-13 06:18:48,ETHUSDT,ask,2730,3903.112
2024-08-13 06:18:52,ETHUSDT,ask,2730,3903.175
2024-08-13 06:18:55,ETHUSDT,ask,2730,3903.121
2024-08-13 06:18:56,ETHUSDT,ask,2730,3905.031
2024-08-13 06:19:01,ETHUSDT,ask,2730,3906.742
2024-08-13 06:19:01,ETHUSDT,ask,2730,3906.622
2024-08-13 06:19:01,ETHUSDT,ask,2730,3920.869
2024-08-13 06:19:01,ETHUSDT,ask,2730,3920.502
2024-08-13 06:19:02,ETHUSDT,ask,2730,3912.232
2024-08-13 06:19:02,ETHUSDT,ask,2730,3912.232
2024-08-13 06:19:03,ETHUSDT,ask,2730,3912.232
2024-08-13 06:19:03,ETHUSDT,ask,2730,3912.965
2024-08-13 06:19:04,ETHUSDT,ask,2730,3912.965
2024-08-13 06:19:04,ETHUSDT,ask,2730,3678.493
2024-08-13 06:19:04,ETHUSDT,ask,2730,3912.232
2024-08-13 06:19:04,ETHUSDT,ask,2730,3912.969
2024-08-13 06:19:04,ETHUSDT,ask,2730,3913.706
2024-08-13 06:19:05,ETHUSDT,ask,2730,3913.706
2024-08-13 06:19:05,ETHUSDT,ask,2730,3914.249
2024-08-13 06:19:06,ETHUSDT,ask,2730,3914.249
2024-08-13 06:19:06,ETHUSDT,ask,2730,3937.192
2024-08-13 06:19:06,ETHUSDT,ask,2730,3727.594
2024-08-13 06:19:06,ETHUSDT,ask,2730,3728.673
2024-08-13 06:19:07,ETHUSDT,ask,2730,3728.79
2024-08-13 06:19:07,ETHUSDT,ask,2730,3672.974
2024-08-13 06:19:09,ETHUSDT,ask,2730,3682.883
2024-08-13 06:19:10,ETHUSDT,ask,2730,3676.501
2024-08-13 06:19:17,ETHUSDT,ask,2730,3675.959
2024-08-13 06:19:23,ETHUSDT,ask,2730,3742.338
2024-08-13 06:19:27,ETHUSDT,ask,2730,3742.521
2024-08-13 06:19:27,ETHUSDT,ask,2730,3740.456
2024-08-13 06:19:28,ETHUSDT,ask,2730,3740.464
2024-08-13 06:34:50,ETHUSDT,bid,2720,3839.046
2024-08-13 06:26:49,ETHUSDT,bid,2700,3713.936
2024-08-13 06:27:05,ETHUSDT,bid,2700,3713.945
2024-08-13 06:27:06,ETHUSDT,bid,2700,3713.936
2024-08-13 06:27:11,ETHUSDT,bid,2700,3713.974
2024-08-13 06:28:01,ETHUSDT,bid,2700,3713.958
2024-08-13 06:28:18,ETHUSDT,bid,2700,3714.458
2024-08-13 06:28:49,ETHUSDT,bid,2700,3713.458
2024-08-13 06:29:56,ETHUSDT,bid,2700,3715.458
2024-08-13 06:30:35,ETHUSDT,bid,2700,3715.55
2024-08-13 06:30:41,ETHUSDT,bid,2700,3716.55
2024-08-13 06:31:10,ETHUSDT,bid,2700,3716.512
2024-08-13 06:31:20,ETHUSDT,bid,2700,3725.073
2024-08-13 06:32:11,ETHUSDT,bid,2700,3724.981
2024-08-13 06:32:20,ETHUSDT,bid,2700,3716.42
2024-08-13 06:37:53,ETHUSDT,bid,2700,3734.747
2024-08-13 06:37:53,ETHUSDT,bid,2700,3753.074
2024-08-13 06:38:38,ETHUSDT,bid,2700,3716.42
2024-08-13 06:41:12,ETHUSDT,bid,2700,3721.599
2024-08-13 06:41:45,ETHUSDT,bid,2700,3716.42
2024-08-13 06:43:19,ETHUSDT,bid,2700,3706.121
2024-08-13 03:00:10,ETHUSDT,bid,2650,10480.363
2024-08-13 03:00:15,ETHUSDT,bid,2650,10480.352
2024-08-13 03:00:17,ETHUSDT,bid,2650,10481.498
2024-08-13 03:00:17,ETHUSDT,bid,2650,10482.618
2024-08-13 03:00:18,ETHUSDT,bid,2650,10483.747
2024-08-13 03:00:24,ETHUSDT,bid,2650,10483.739
2024-08-13 03:00:30,ETHUSDT,bid,2650,10506.637
2024-08-13 03:00:30,ETHUSDT,bid,2650,10484.107
2024-08-13 03:00:32,ETHUSDT,bid,2650,10506.637
2024-08-13 03:00:33,ETHUSDT,bid,2650,10484.107
2024-08-13 03:00:35,ETHUSDT,bid,2650,10506.637
2024-08-13 03:00:35,ETHUSDT,bid,2650,10484.107
2024-08-13 03:00:37,ETHUSDT,bid,2650,10480.344
2024-08-13 03:00:38,ETHUSDT,bid,2650,10481.85
2024-08-13 03:00:45,ETHUSDT,bid,2650,10485.619
2024-08-13 03:00:45,ETHUSDT,bid,2650,10486.765
2024-08-13 03:00:49,ETHUSDT,bid,2650,10482.996
2024-08-13 03:00:53,ETHUSDT,bid,2650,10481.85
2024-08-13 03:00:58,ETHUSDT,bid,2650,10515.68
2024-08-13 03:01:06,ETHUSDT,bid,2650,10481.85
2024-08-13 03:01:06,ETHUSDT,bid,2650,10480.344
2024-08-13 03:01:55,ETHUSDT,bid,2650,10480.72
2024-08-13 03:01:56,ETHUSDT,bid,2650,10480.344
2024-08-13 03:01:56,ETHUSDT,bid,2650,10480.72
2024-08-13 03:01:57,ETHUSDT,bid,2650,10480.72
2024-08-13 03:01:57,ETHUSDT,bid,2650,10480.344
2024-08-13 03:01:57,ETHUSDT,bid,2650,10480.72
2024-08-13 03:01:58,ETHUSDT,bid,2650,10480.344
2024-08-13 03:02:04,ETHUSDT,bid,2650,10507.635
2024-08-13 03:02:04,ETHUSDT,bid,2650,10480.344
2024-08-13 03:02:08,ETHUSDT,bid,2650,10481.715
2024-08-13 03:02:08,ETHUSDT,bid,2650,10483.086
2024-08-13 03:02:39,ETHUSDT,bid,2650,10481.715
2024-08-13 03:02:40,ETHUSDT,bid,2650,10480.344
2024-08-13 03:03:31,ETHUSDT,bid,2650,10480.355
2024-08-13 03:03:36,ETHUSDT,bid,2650,10480.344
2024-08-13 03:03:50,ETHUSDT,bid,2650,10485.658
2024-08-13 03:03:52,ETHUSDT,bid,2650,10487.033
2024-08-13 03:03:54,ETHUSDT,bid,2650,10485.658
2024-08-13 03:04:11,ETHUSDT,bid,2650,10480.344
2024-08-13 03:04:37,ETHUSDT,bid,2650,10481.854
2024-08-13 03:04:54,ETHUSDT,bid,2650,10480.344
2024-08-13 03:05:38,ETHUSDT,bid,2650,10482.21
2024-08-13 03:05:48,ETHUSDT,bid,2650,10480.344
2024-08-13 03:07:01,ETHUSDT,bid,2650,10482.296
2024-08-13 03:07:09,ETHUSDT,bid,2650,10484.646
2024-08-13 03:07:10,ETHUSDT,bid,2650,10482.694
2024-08-13 03:07:16,ETHUSDT,bid,2650,10484.081
2024-08-13 03:07:18,ETHUSDT,bid,2650,10481.731
2024-08-13 03:07:21,ETHUSDT,bid,2650,10481.457
2024-08-13 03:07:24,ETHUSDT,bid,2650,10482.027
2024-08-13 03:07:31,ETHUSDT,bid,2650,10490.529
2024-08-13 03:07:33,ETHUSDT,bid,2650,10489.959
2024-08-13 03:07:39,ETHUSDT,bid,2650,10481.821
2024-08-13 03:07:46,ETHUSDT,bid,2650,10483.701
2024-08-13 03:07:53,ETHUSDT,bid,2650,10510.958
2024-08-13 03:07:54,ETHUSDT,bid,2650,10533.538
2024-08-13 03:07:54,ETHUSDT,bid,2650,10506.281
2024-08-13 03:07:55,ETHUSDT,bid,2650,10504.804
2024-08-13 03:08:29,ETHUSDT,bid,2650,10504.804
2024-08-13 03:08:32,ETHUSDT,bid,2650,10482.224
2024-08-13 03:08:44,ETHUSDT,bid,2650,10504.804
2024-08-13 03:09:04,ETHUSDT,bid,2650,10482.224
2024-08-13 03:09:05,ETHUSDT,bid,2650,10483.599
2024-08-13 03:09:12,ETHUSDT,bid,2650,10485.004
2024-08-13 03:09:51,ETHUSDT,bid,2650,10486.145
2024-08-13 03:09:52,ETHUSDT,bid,2650,10485.004
2024-08-13 03:10:02,ETHUSDT,bid,2650,10483.629
2024-08-13 03:10:25,ETHUSDT,bid,2650,10482.224
2024-08-13 03:10:36,ETHUSDT,bid,2650,10482.235
2024-08-13 03:10:41,ETHUSDT,bid,2650,10482.224
2024-08-13 03:17:08,ETHUSDT,bid,2650,10480.344
2024-08-13 03:21:19,ETHUSDT,bid,2650,10480.385
2024-08-13 03:21:20,ETHUSDT,bid,2650,10480.344
2024-08-13 03:23:01,ETHUSDT,bid,2650,10482.039
2024-08-13 03:25:22,ETHUSDT,bid,2650,10480.344
2024-08-13 03:29:25,ETHUSDT,bid,2650,10480.531
2024-08-13 03:30:00,ETHUSDT,bid,2650,10480.344
2024-08-13 03:39:26,ETHUSDT,bid,2650,10489.758
2024-08-13 03:39:27,ETHUSDT,bid,2650,10493.523
2024-08-11 22:01:12,ETHUSD_PERP,ask,2630,130453.0
2024-08-11 22:01:41,ETHUSD_PERP,ask,2630,156542.0
2024-08-11 22:02:01,ETHUSD_PERP,ask,2630,130418.0
2024-08-11 22:02:49,ETHUSD_PERP,ask,2630,182695.0
2024-08-11 22:02:49,ETHUSD_PERP,ask,2630,208826.0
2024-08-11 22:02:57,ETHUSD_PERP,ask,2630,156564.0
2024-08-11 22:02:57,ETHUSD_PERP,ask,2630,130346.0
2024-08-11 22:05:09,ETHUSD_PERP,ask,2630,156148.0
2024-08-11 22:05:15,ETHUSD_PERP,ask,2630,156319.0
2024-08-11 22:05:20,ETHUSD_PERP,ask,2630,156398.0
2024-08-11 22:05:26,ETHUSD_PERP,ask,2630,130320.0
2024-08-11 22:05:51,ETHUSD_PERP,ask,2630,130319.0
2024-08-11 22:05:54,ETHUSD_PERP,ask,2630,130229.0
2024-08-11 22:06:22,ETHUSD_PERP,ask,2630,130294.0
2024-08-11 22:06:58,ETHUSD_PERP,ask,2630,130373.0
2024-08-11 22:06:59,ETHUSD_PERP,ask,2630,130225.0
2024-08-11 22:09:11,ETHUSD_PERP,ask,2630,130258.0
2024-08-11 22:09:11,ETHUSD_PERP,ask,2630,156204.0
2024-08-11 22:10:10,ETHUSD_PERP,ask,2630,130250.0
2024-08-11 22:10:10,ETHUSD_PERP,ask,2630,130365.0
2024-08-11 22:10:15,ETHUSD_PERP,ask,2630,130318.0
2024-08-11 22:10:15,ETHUSD_PERP,ask,2630,130170.0
2024-08-11 22:10:17,ETHUSD_PERP,ask,2630,130383.0
2024-08-11 22:10:18,ETHUSD_PERP,ask,2630,130235.0
2024-08-11 22:12:39,ETHUSD_PERP,ask,2630,130313.0
2024-08-11 22:12:39,ETHUSD_PERP,ask,2630,156420.0
2024-08-11 22:12:39,ETHUSD_PERP,ask,2630,208634.0
2024-08-11 22:12:53,ETHUSD_PERP,ask,2630,182623.0
2024-08-11 22:12:53,ETHUSD_PERP,ask,2630,156516.0
2024-08-11 22:12:54,ETHUSD_PERP,ask,2630,130409.0
2024-08-11 22:13:02,ETHUSD_PERP,ask,2630,130474.0
2024-08-11 22:13:41,ETHUSD_PERP,ask,2630,156487.0
2024-08-11 22:13:42,ETHUSD_PERP,ask,2630,182605.0
2024-08-11 22:13:42,ETHUSD_PERP,ask,2630,208723.0
2024-08-11 22:13:50,ETHUSD_PERP,ask,2630,156565.0
2024-08-11 22:13:50,ETHUSD_PERP,ask,2630,182696.0
2024-08-11 22:15:05,ETHUSD_PERP,ask,2630,130434.0
2024-08-11 22:15:30,ETHUSD_PERP,ask,2630,156553.0
2024-08-11 22:15:30,ETHUSD_PERP,ask,2630,182682.0
2024-08-11 22:16:13,ETHUSD_PERP,ask,2630,156678.0
2024-08-11 22:20:42,ETHUSD_PERP,ask,2630,130433.0
2024-08-11 22:20:42,ETHUSD_PERP,ask,2630,182695.0
2024-08-11 22:20:42,ETHUSD_PERP,ask,2630,208826.0
2024-08-11 22:20:44,ETHUSD_PERP,ask,2630,182695.0
2024-08-11 22:20:45,ETHUSD_PERP,ask,2630,156564.0
2024-08-11 22:20:45,ETHUSD_PERP,ask,2630,130559.0
2024-08-11 22:56:04,ETHUSD_PERP,ask,2630,156518.0
2024-08-11 22:56:04,ETHUSD_PERP,ask,2630,208764.0
2024-08-11 22:56:12,ETHUSD_PERP,ask,2630,182766.0
2024-08-11 22:56:12,ETHUSD_PERP,ask,2630,130615.0
2024-08-11 22:56:12,ETHUSD_PERP,ask,2630,156416.0
2024-08-11 22:56:18,ETHUSD_PERP,ask,2630,130368.0
2024-08-11 22:56:18,ETHUSD_PERP,ask,2630,130116.0
2024-08-11 22:56:40,ETHUSD_PERP,ask,2630,130544.0
2024-08-11 23:01:03,ETHUSD_PERP,ask,2630,130433.0
2024-08-11 23:01:28,ETHUSD_PERP,ask,2630,156563.0
2024-08-11 23:01:28,ETHUSD_PERP,ask,2630,182694.0
2024-08-11 23:01:28,ETHUSD_PERP,ask,2630,208825.0
2024-08-11 23:01:43,ETHUSD_PERP,ask,2630,182790.0
2024-08-11 23:01:43,ETHUSD_PERP,ask,2630,130528.0
2024-08-11 23:02:06,ETHUSD_PERP,ask,2630,130437.0
2024-08-11 23:02:06,ETHUSD_PERP,ask,2630,156569.0
2024-08-11 23:03:17,ETHUSD_PERP,ask,2630,130437.0
2024-08-11 23:10:40,ETHUSD_PERP,ask,2630,156558.0
2024-08-11 23:10:51,ETHUSD_PERP,ask,2630,130365.0
2024-08-11 23:11:02,ETHUSD_PERP,ask,2630,130439.0
2024-08-11 23:12:10,ETHUSD_PERP,ask,2630,130243.0
2024-08-11 23:12:10,ETHUSD_PERP,ask,2630,156336.0
2024-08-11 23:12:10,ETHUSD_PERP,ask,2630,182429.0
2024-08-11 23:12:10,ETHUSD_PERP,ask,2630,208522.0
2024-08-11 23:12:35,ETHUSD_PERP,ask,2630,182429.0
2024-08-11 23:12:36,ETHUSD_PERP,ask,2630,130369.0
2024-08-11 23:12:36,ETHUSD_PERP,ask,2630,130249.0
2024-08-11 23:12:36,ETHUSD_PERP,ask,2630,156324.0
2024-08-11 23:12:36,ETHUSD_PERP,ask,2630,130395.0
2024-08-11 23:12:36,ETHUSD_PERP,ask,2630,182399.0
2024-08-11 23:12:51,ETHUSD_PERP,ask,2630,156324.0
2024-08-11 23:12:51,ETHUSD_PERP,ask,2630,130249.0
2024-08-11 23:12:52,ETHUSD_PERP,ask,2630,130319.0
2024-08-11 23:12:56,ETHUSD_PERP,ask,2630,156503.0
2024-08-11 23:16:29,ETHUSD_PERP,ask,2630,156486.0
2024-08-11 23:16:38,ETHUSD_PERP,ask,2630,130451.0
2024-08-11 23:16:38,ETHUSD_PERP,ask,2630,156582.0
2024-08-11 23:17:01,ETHUSD_PERP,ask,2630,156444.0
2024-08-11 23:17:06,ETHUSD_PERP,ask,2630,130407.0
2024-08-11 23:17:07,ETHUSD_PERP,ask,2630,156533.0
2024-08-11 23:17:29,ETHUSD_PERP,ask,2630,130503.0
2024-08-11 23:18:12,ETHUSD_PERP,ask,2630,130409.0
2024-08-11 23:18:12,ETHUSD_PERP,ask,2630,156535.0
2024-08-11 21:53:43,ETHUSD_PERP,ask,2640,183388.0
2024-08-11 21:53:43,ETHUSD_PERP,ask,2640,209618.0
2024-08-11 21:54:05,ETHUSD_PERP,ask,2640,183388.0
2024-08-11 21:54:05,ETHUSD_PERP,ask,2640,157158.0
2024-08-11 21:54:53,ETHUSD_PERP,ask,2640,130783.0
2024-08-11 21:54:53,ETHUSD_PERP,ask,2640,183009.0
2024-08-11 21:54:53,ETHUSD_PERP,ask,2640,156897.0
2024-08-11 21:54:53,ETHUSD_PERP,ask,2640,130904.0
2024-08-11 21:54:53,ETHUSD_PERP,ask,2640,157137.0
2024-08-11 21:54:54,ETHUSD_PERP,ask,2640,182981.0
2024-08-11 21:54:54,ETHUSD_PERP,ask,2640,209185.0
2024-08-11 21:55:06,ETHUSD_PERP,ask,2640,183106.0
2024-08-11 21:55:06,ETHUSD_PERP,ask,2640,130880.0
2024-08-11 21:55:06,ETHUSD_PERP,ask,2640,156897.0
2024-08-11 21:55:06,ETHUSD_PERP,ask,2640,130833.0
2024-08-11 21:55:07,ETHUSD_PERP,ask,2640,157052.0
2024-08-11 21:55:07,ETHUSD_PERP,ask,2640,182912.0
2024-08-11 21:55:09,ETHUSD_PERP,ask,2640,156750.0
2024-08-11 21:55:09,ETHUSD_PERP,ask,2640,182799.0
2024-08-11 21:55:09,ETHUSD_PERP,ask,2640,156711.0
2024-08-11 21:55:25,ETHUSD_PERP,ask,2640,130387.0
2024-08-11 21:55:25,ETHUSD_PERP,ask,2640,156543.0
2024-08-11 21:55:30,ETHUSD_PERP,ask,2640,130518.0
2024-08-11 21:56:06,ETHUSD_PERP,ask,2640,156836.0
2024-08-11 21:56:08,ETHUSD_PERP,ask,2640,130859.0
2024-08-11 21:56:08,ETHUSD_PERP,ask,2640,130614.0
2024-08-11 21:56:08,ETHUSD_PERP,ask,2640,156756.0
2024-08-11 21:56:09,ETHUSD_PERP,ask,2640,141647.0
2024-08-11 21:56:15,ETHUSD_PERP,ask,2640,115595.0
2024-08-11 21:56:29,ETHUSD_PERP,ask,2640,130503.0
2024-08-11 21:56:29,ETHUSD_PERP,ask,2640,182793.0
2024-08-11 21:56:29,ETHUSD_PERP,ask,2640,130879.0
2024-08-11 21:56:50,ETHUSD_PERP,ask,2640,156648.0
2024-08-11 21:56:50,ETHUSD_PERP,ask,2640,130629.0
2024-08-11 21:56:51,ETHUSD_PERP,ask,2640,182906.0
2024-08-11 21:56:51,ETHUSD_PERP,ask,2640,157046.0
2024-08-11 21:56:51,ETHUSD_PERP,ask,2640,209067.0
2024-08-11 21:57:13,ETHUSD_PERP,ask,2640,183004.0
2024-08-11 21:57:13,ETHUSD_PERP,ask,2640,157130.0
2024-08-11 21:57:14,ETHUSD_PERP,ask,2640,209179.0
2024-08-11 21:57:28,ETHUSD_PERP,ask,2640,130898.0
2024-08-11 21:57:28,ETHUSD_PERP,ask,2640,156925.0
2024-08-11 21:57:29,ETHUSD_PERP,ask,2640,130818.0
2024-08-11 21:57:29,ETHUSD_PERP,ask,2640,182995.0
2024-08-11 21:57:35,ETHUSD_PERP,ask,2640,156962.0
2024-08-11 21:57:36,ETHUSD_PERP,ask,2640,130898.0
2024-08-11 21:57:36,ETHUSD_PERP,ask,2640,130744.0
2024-08-11 21:57:36,ETHUSD_PERP,ask,2640,156918.0
2024-08-11 21:57:36,ETHUSD_PERP,ask,2640,183092.0
2024-08-11 21:57:37,ETHUSD_PERP,ask,2640,209171.0
2024-08-11 21:58:05,ETHUSD_PERP,ask,2640,183123.0
2024-08-11 21:58:05,ETHUSD_PERP,ask,2640,156949.0
2024-08-11 21:58:06,ETHUSD_PERP,ask,2640,130775.0
2024-08-11 21:58:07,ETHUSD_PERP,ask,2640,183096.0
2024-08-11 21:58:08,ETHUSD_PERP,ask,2640,209284.0
2024-08-11 21:58:18,ETHUSD_PERP,ask,2640,183096.0
2024-08-11 21:58:18,ETHUSD_PERP,ask,2640,130770.0
2024-08-11 21:58:18,ETHUSD_PERP,ask,2640,183116.0
2024-08-11 21:58:24,ETHUSD_PERP,ask,2640,130770.0
2024-08-11 21:58:24,ETHUSD_PERP,ask,2640,130649.0
2024-08-11 21:58:24,ETHUSD_PERP,ask,2640,156804.0
2024-08-11 21:58:24,ETHUSD_PERP,ask,2640,157008.0
2024-08-11 21:58:24,ETHUSD_PERP,ask,2640,182863.0
2024-08-11 21:58:25,ETHUSD_PERP,ask,2640,209018.0
2024-08-11 21:58:54,ETHUSD_PERP,ask,2640,182863.0
2024-08-11 21:58:55,ETHUSD_PERP,ask,2640,156708.0
2024-08-11 21:58:55,ETHUSD_PERP,ask,2640,130679.0
2024-08-11 21:58:55,ETHUSD_PERP,ask,2640,130867.0
2024-08-11 21:58:55,ETHUSD_PERP,ask,2640,130715.0
2024-08-11 22:00:30,ETHUSD_PERP,ask,2640,156978.0
2024-08-11 22:00:30,ETHUSD_PERP,ask,2640,183178.0
2024-08-11 22:00:33,ETHUSD_PERP,ask,2640,157104.0
2024-08-11 22:00:34,ETHUSD_PERP,ask,2640,131066.0
2024-08-11 22:00:45,ETHUSD_PERP,ask,2640,130679.0
2024-08-11 22:00:45,ETHUSD_PERP,ask,2640,183039.0
2024-08-11 22:00:45,ETHUSD_PERP,ask,2640,209219.0
2024-08-11 22:00:49,ETHUSD_PERP,ask,2640,156859.0
2024-08-11 22:00:49,ETHUSD_PERP,ask,2640,130679.0
2024-08-11 22:01:19,ETHUSD_PERP,ask,2640,130519.0
2024-08-11 22:01:22,ETHUSD_PERP,ask,2640,130587.0
2024-08-11 22:02:00,ETHUSD_PERP,ask,2640,156842.0
2024-08-11 22:02:25,ETHUSD_PERP,ask,2640,130610.0
2024-08-11 22:02:49,ETHUSD_PERP,ask,2640,130678.0
2024-08-11 22:02:57,ETHUSD_PERP,ask,2640,130593.0
2024-08-11 22:07:03,ETHUSD_PERP,ask,2640,130443.0
2024-08-11 22:10:33,ETHUSD_PERP,ask,2640,130450.0
2024-08-11 22:10:38,ETHUSD_PERP,ask,2640,130520.0
2024-08-11 22:11:08,ETHUSD_PERP,ask,2640,156674.0
2024-08-11 22:11:10,ETHUSD_PERP,ask,2640,130986.0
2024-08-11 22:11:18,ETHUSD_PERP,ask,2640,130653.0
2024-08-11 22:11:23,ETHUSD_PERP,ask,2640,156916.0
2024-08-11 22:11:35,ETHUSD_PERP,ask,2640,130850.0
2024-08-11 22:11:35,ETHUSD_PERP,ask,2640,130750.0
2024-08-11 22:12:39,ETHUSD_PERP,ask,2640,156720.0
2024-08-11 22:12:54,ETHUSD_PERP,ask,2640,130556.0
2024-08-11 22:13:01,ETHUSD_PERP,ask,2640,130754.0
2024-08-11 22:13:01,ETHUSD_PERP,ask,2640,156800.0
2024-08-11 22:13:41,ETHUSD_PERP,ask,2640,130744.0
2024-08-11 22:13:42,ETHUSD_PERP,ask,2640,156788.0
2024-08-11 22:13:50,ETHUSD_PERP,ask,2640,156868.0
2024-08-11 22:15:04,ETHUSD_PERP,ask,2640,130680.0
2024-08-11 22:15:05,ETHUSD_PERP,ask,2640,156650.0
2024-08-11 22:15:05,ETHUSD_PERP,ask,2640,182795.0
2024-08-11 22:15:30,ETHUSD_PERP,ask,2640,156775.0
2024-08-11 22:15:30,ETHUSD_PERP,ask,2640,156852.0
2024-08-11 22:16:13,ETHUSD_PERP,ask,2640,130666.0
2024-08-11 22:16:13,ETHUSD_PERP,ask,2640,156631.0
2024-08-11 22:16:46,ETHUSD_PERP,ask,2640,130549.0
2024-08-11 22:16:46,ETHUSD_PERP,ask,2640,156703.0
2024-08-11 22:16:55,ETHUSD_PERP,ask,2640,130646.0
2024-08-11 22:16:56,ETHUSD_PERP,ask,2640,130619.0
2024-08-11 22:17:07,ETHUSD_PERP,ask,2640,130816.0
2024-08-11 22:17:07,ETHUSD_PERP,ask,2640,130549.0
2024-08-11 22:17:22,ETHUSD_PERP,ask,2640,130624.0
2024-08-11 22:17:24,ETHUSD_PERP,ask,2640,130883.0
2024-08-11 22:17:24,ETHUSD_PERP,ask,2640,130753.0
2024-08-11 22:17:57,ETHUSD_PERP,ask,2640,156932.0
2024-08-11 22:17:57,ETHUSD_PERP,ask,2640,182976.0
2024-08-11 22:17:57,ETHUSD_PERP,ask,2640,130869.0
2024-08-11 22:17:58,ETHUSD_PERP,ask,2640,209145.0
2024-08-11 22:19:16,ETHUSD_PERP,ask,2640,182976.0
2024-08-11 22:19:17,ETHUSD_PERP,ask,2640,130733.0
2024-08-11 22:19:17,ETHUSD_PERP,ask,2640,159494.0
2024-08-11 22:19:18,ETHUSD_PERP,ask,2640,185677.0
2024-08-11 22:19:18,ETHUSD_PERP,ask,2640,211860.0
2024-08-11 22:19:27,ETHUSD_PERP,ask,2640,185677.0
2024-08-11 22:19:27,ETHUSD_PERP,ask,2640,130592.0
2024-08-11 22:19:27,ETHUSD_PERP,ask,2640,182918.0
2024-08-11 22:19:27,ETHUSD_PERP,ask,2640,209081.0
2024-08-11 22:19:27,ETHUSD_PERP,ask,2640,159157.0
2024-08-11 22:20:11,ETHUSD_PERP,ask,2640,182918.0
2024-08-11 22:20:11,ETHUSD_PERP,ask,2640,156755.0
2024-08-11 22:20:11,ETHUSD_PERP,ask,2640,130592.0
2024-08-11 22:20:11,ETHUSD_PERP,ask,2640,132937.0
2024-08-11 22:20:11,ETHUSD_PERP,ask,2640,130624.0
2024-08-11 22:20:11,ETHUSD_PERP,ask,2640,208930.0
2024-08-11 22:20:11,ETHUSD_PERP,ask,2640,156944.0
2024-08-11 22:20:25,ETHUSD_PERP,ask,2640,130498.0
2024-08-11 22:20:25,ETHUSD_PERP,ask,2640,130743.0
2024-08-11 22:20:42,ETHUSD_PERP,ask,2640,130805.0
2024-08-11 22:21:33,ETHUSD_PERP,ask,2640,130639.0
2024-08-11 22:24:46,ETHUSD_PERP,ask,2640,157169.0
2024-08-11 22:24:46,ETHUSD_PERP,ask,2640,183401.0
2024-08-11 22:24:46,ETHUSD_PERP,ask,2640,209633.0
2024-08-11 22:25:06,ETHUSD_PERP,ask,2640,157169.0
2024-08-11 22:25:06,ETHUSD_PERP,ask,2640,130994.0
2024-08-11 22:25:19,ETHUSD_PERP,ask,2640,130790.0
2024-08-11 22:25:19,ETHUSD_PERP,ask,2640,183194.0
2024-08-11 22:25:19,ETHUSD_PERP,ask,2640,209396.0
2024-08-11 22:25:43,ETHUSD_PERP,ask,2640,157088.0
2024-08-11 22:25:43,ETHUSD_PERP,ask,2640,183306.0
2024-08-11 22:25:43,ETHUSD_PERP,ask,2640,209524.0
2024-08-11 22:28:46,ETHUSD_PERP,ask,2640,130943.0
2024-08-11 22:28:46,ETHUSD_PERP,ask,2640,157176.0
2024-08-11 22:28:46,ETHUSD_PERP,ask,2640,209642.0
2024-08-11 22:29:20,ETHUSD_PERP,ask,2640,130943.0
2024-08-11 22:32:02,ETHUSD_PERP,ask,2640,131074.0
2024-08-11 22:32:02,ETHUSD_PERP,ask,2640,183416.0
2024-08-11 22:32:29,ETHUSD_PERP,ask,2640,130948.0
2024-08-11 22:32:40,ETHUSD_PERP,ask,2640,157151.0
2024-08-11 22:32:51,ETHUSD_PERP,ask,2640,157151.0
2024-08-11 22:32:51,ETHUSD_PERP,ask,2640,130922.0
2024-08-11 22:33:48,ETHUSD_PERP,ask,2640,130913.0
2024-08-11 22:33:49,ETHUSD_PERP,ask,2640,157140.0
2024-08-11 22:33:49,ETHUSD_PERP,ask,2640,183367.0
2024-08-11 22:33:49,ETHUSD_PERP,ask,2640,209594.0
2024-08-11 22:34:35,ETHUSD_PERP,ask,2640,157420.0
2024-08-11 22:34:35,ETHUSD_PERP,ask,2640,183634.0
2024-08-11 22:34:57,ETHUSD_PERP,ask,2640,157420.0
2024-08-11 22:34:57,ETHUSD_PERP,ask,2640,157236.0
2024-08-11 22:34:57,ETHUSD_PERP,ask,2640,183367.0
2024-08-11 22:34:57,ETHUSD_PERP,ask,2640,209594.0
2024-08-11 22:35:11,ETHUSD_PERP,ask,2640,157266.0
2024-08-11 22:35:12,ETHUSD_PERP,ask,2640,183277.0
2024-08-11 22:35:12,ETHUSD_PERP,ask,2640,209491.0
2024-08-11 22:36:21,ETHUSD_PERP,ask,2640,183368.0
2024-08-11 22:36:21,ETHUSD_PERP,ask,2640,209595.0
2024-08-11 22:37:26,ETHUSD_PERP,ask,2640,130908.0
2024-08-11 22:37:27,ETHUSD_PERP,ask,2640,157134.0
2024-08-11 22:38:20,ETHUSD_PERP,ask,2640,130908.0
2024-08-11 22:38:21,ETHUSD_PERP,ask,2640,183268.0
2024-08-11 22:38:21,ETHUSD_PERP,ask,2640,209481.0
2024-08-11 22:38:33,ETHUSD_PERP,ask,2640,183268.0
2024-08-11 22:38:33,ETHUSD_PERP,ask,2640,130968.0
2024-08-11 22:38:38,ETHUSD_PERP,ask,2640,156852.0
2024-08-11 22:38:46,ETHUSD_PERP,ask,2640,130754.0
2024-08-11 22:39:18,ETHUSD_PERP,ask,2640,156878.0
2024-08-11 22:39:18,ETHUSD_PERP,ask,2640,183061.0
2024-08-11 22:39:18,ETHUSD_PERP,ask,2640,209244.0
2024-08-11 22:40:10,ETHUSD_PERP,ask,2640,156878.0
2024-08-11 22:40:10,ETHUSD_PERP,ask,2640,156804.0
2024-08-11 22:40:10,ETHUSD_PERP,ask,2640,133088.0
2024-08-11 22:40:10,ETHUSD_PERP,ask,2640,182975.0
2024-08-11 22:40:10,ETHUSD_PERP,ask,2640,209146.0
2024-08-11 22:40:28,ETHUSD_PERP,ask,2640,183071.0
2024-08-11 22:40:28,ETHUSD_PERP,ask,2640,156900.0
2024-08-11 22:40:28,ETHUSD_PERP,ask,2640,130729.0
2024-08-11 22:40:29,ETHUSD_PERP,ask,2640,130698.0
2024-08-11 22:40:29,ETHUSD_PERP,ask,2640,156882.0
2024-08-11 22:40:39,ETHUSD_PERP,ask,2640,130698.0
2024-08-11 22:40:40,ETHUSD_PERP,ask,2640,130760.0
2024-08-11 22:41:28,ETHUSD_PERP,ask,2640,130929.0
2024-08-11 22:41:28,ETHUSD_PERP,ask,2640,157045.0
2024-08-11 22:42:28,ETHUSD_PERP,ask,2640,134437.0
2024-08-11 22:42:28,ETHUSD_PERP,ask,2640,160566.0
2024-08-11 22:43:09,ETHUSD_PERP,ask,2640,130834.0
2024-08-11 22:43:09,ETHUSD_PERP,ask,2640,157045.0
2024-08-11 22:45:59,ETHUSD_PERP,ask,2640,130929.0
2024-08-11 22:45:59,ETHUSD_PERP,ask,2640,183351.0
2024-08-11 22:46:33,ETHUSD_PERP,ask,2640,157284.0
2024-08-11 22:46:33,ETHUSD_PERP,ask,2640,183509.0
2024-08-11 22:47:06,ETHUSD_PERP,ask,2640,157410.0
2024-08-11 22:47:28,ETHUSD_PERP,ask,2640,130874.0
2024-08-11 22:47:47,ETHUSD_PERP,ask,2640,130792.0
2024-08-11 22:47:47,ETHUSD_PERP,ask,2640,156939.0
2024-08-11 22:47:47,ETHUSD_PERP,ask,2640,183160.0
2024-08-11 22:47:47,ETHUSD_PERP,ask,2640,183030.0
2024-08-11 22:48:50,ETHUSD_PERP,ask,2640,130792.0
2024-08-11 22:48:50,ETHUSD_PERP,ask,2640,156939.0
2024-08-11 22:48:50,ETHUSD_PERP,ask,2640,156901.0
2024-08-11 22:48:50,ETHUSD_PERP,ask,2640,183070.0
2024-08-11 22:48:56,ETHUSD_PERP,ask,2640,156901.0
2024-08-11 22:48:56,ETHUSD_PERP,ask,2640,130791.0
2024-08-11 22:48:56,ETHUSD_PERP,ask,2640,156974.0
