2024-08-27 12:38:25,BTCUSDT,ask,63100,738.953
2024-08-27 12:38:25,BTCUSDT,ask,63100,740.748
2024-08-27 12:38:25,BTCUSDT,ask,63100,738.914
2024-08-27 12:38:25,BTCUSDT,ask,63100,738.738
2024-08-27 12:38:26,BTCUSDT,ask,63100,738.734
2024-08-27 12:38:26,BTCUSDT,ask,63100,738.738
2024-08-27 12:38:26,BTCUSDT,ask,63100,737.921
2024-08-27 12:38:26,BTCUSDT,ask,63100,737.919
2024-08-27 12:38:26,BTCUSDT,ask,63100,738.387
2024-08-27 12:38:26,BTCUSDT,ask,63100,738.385
2024-08-27 12:38:26,BTCUSDT,ask,63100,738.305
2024-08-27 12:38:26,BTCUSDT,ask,63100,738.508
2024-08-27 12:38:26,BTCUSDT,ask,63100,738.477
2024-08-27 12:38:27,BTCUSDT,ask,63100,738.479
2024-08-27 12:38:27,BTCUSDT,ask,63100,738.159
2024-08-27 12:38:27,BTCUSDT,ask,63100,738.079
2024-08-27 12:38:27,BTCUSDT,ask,63100,737.928
2024-08-27 12:38:27,BTCUSDT,ask,63100,737.926
2024-08-27 19:11:06,BTCUSDT,bid,62200,482.251
2024-08-27 19:11:16,BTCUSDT,bid,62200,482.331
2024-08-27 19:11:16,BTCUSDT,bid,62200,482.251
2024-08-27 19:47:41,BTCUSDT,bid,62100,482.628
2024-08-27 10:17:09,BTCUSDT,bid,62000,490.747
2024-08-27 10:17:23,BTCUSDT,bid,62000,490.799
2024-08-27 10:17:31,BTCUSDT,bid,62000,490.969
2024-08-27 10:17:58,BTCUSDT,bid,62000,491.086
2024-08-27 10:18:01,BTCUSDT,bid,62000,491.144
2024-08-27 10:18:07,BTCUSDT,bid,62000,491.34
2024-08-27 10:18:18,BTCUSDT,bid,62000,491.343
2024-08-27 10:18:29,BTCUSDT,bid,62000,491.244
2024-08-27 10:18:32,BTCUSDT,bid,62000,491.284
2024-08-27 10:18:34,BTCUSDT,bid,62000,491.288
2024-08-27 10:18:59,BTCUSDT,bid,62000,491.272
2024-08-27 10:18:59,BTCUSDT,bid,62000,491.29
2024-08-27 10:19:58,BTCUSDT,bid,62000,491.26
2024-08-27 10:20:04,BTCUSDT,bid,62000,491.272
2024-08-27 10:20:09,BTCUSDT,bid,62000,491.267
2024-08-27 10:20:17,BTCUSDT,bid,62000,491.27
2024-08-27 10:20:20,BTCUSDT,bid,62000,491.268
2024-08-27 10:20:29,BTCUSDT,bid,62000,491.276
2024-08-27 10:20:29,BTCUSDT,bid,62000,491.302
2024-08-27 10:20:30,BTCUSDT,bid,62000,491.366
2024-08-27 10:20:45,BTCUSDT,bid,62000,491.368
2024-08-27 10:21:01,BTCUSDT,bid,62000,491.402
2024-08-27 10:21:31,BTCUSDT,bid,62000,511.402
2024-08-27 10:22:03,BTCUSDT,bid,62000,611.402
2024-08-27 10:23:40,BTCUSDT,bid,62000,510.792
2024-08-27 10:23:44,BTCUSDT,bid,62000,511.29
2024-08-27 10:23:48,BTCUSDT,bid,62000,511.288
2024-08-27 10:24:06,BTCUSDT,bid,62000,511.364
2024-08-27 10:24:14,BTCUSDT,bid,62000,506.526
2024-08-27 10:24:38,BTCUSDT,bid,62000,506.63
2024-08-27 10:24:58,BTCUSDT,bid,62000,508.242
2024-08-27 10:25:08,BTCUSDT,bid,62000,508.25
2024-08-27 10:25:14,BTCUSDT,bid,62000,508.282
2024-08-27 10:25:14,BTCUSDT,bid,62000,508.285
2024-08-27 10:25:43,BTCUSDT,bid,62000,508.302
2024-08-27 10:25:44,BTCUSDT,bid,62000,508.29
2024-08-27 10:25:45,BTCUSDT,bid,62000,508.284
2024-08-27 10:25:56,BTCUSDT,bid,62000,508.923
2024-08-27 10:25:57,BTCUSDT,bid,62000,509.322
2024-08-27 10:25:57,BTCUSDT,bid,62000,509.721
2024-08-27 10:25:58,BTCUSDT,bid,62000,510.12
2024-08-27 10:26:21,BTCUSDT,bid,62000,510.102
2024-08-27 10:26:22,BTCUSDT,bid,62000,510.075
2024-08-27 10:26:43,BTCUSDT,bid,62000,510.065
2024-08-27 10:26:45,BTCUSDT,bid,62000,510.068
2024-08-27 10:27:01,BTCUSDT,bid,62000,510.072
2024-08-27 10:27:02,BTCUSDT,bid,62000,509.996
2024-08-27 10:27:06,BTCUSDT,bid,62000,510.002
2024-08-27 10:27:12,BTCUSDT,bid,62000,510.05
2024-08-27 10:27:14,BTCUSDT,bid,62000,510.016
2024-08-27 10:27:17,BTCUSDT,bid,62000,510.116
2024-08-27 10:27:53,BTCUSDT,bid,62000,510.113
2024-08-27 10:27:53,BTCUSDT,bid,62000,510.116
2024-08-27 10:28:12,BTCUSDT,bid,62000,510.12
2024-08-27 10:28:16,BTCUSDT,bid,62000,510.118
2024-08-27 10:28:30,BTCUSDT,bid,62000,510.116
2024-08-27 10:28:37,BTCUSDT,bid,62000,510.066
2024-08-27 21:26:37,BTCUSDT,bid,61800,484.795
2024-08-27 11:56:38,BTCUSD_PERP,bid,63000,491.63
2024-08-27 11:56:38,BTCUSD_PERP,bid,63000,491.63
2024-08-27 11:56:43,BTCUSD_PERP,bid,63000,489.21
2024-08-27 11:56:48,BTCUSD_PERP,bid,63000,487.71
2024-08-27 11:56:54,BTCUSD_PERP,bid,63000,487.96
2024-08-27 11:56:54,BTCUSD_PERP,bid,63000,487.71
2024-08-27 11:57:00,BTCUSD_PERP,bid,63000,487.71
2024-08-27 11:57:25,BTCUSD_PERP,bid,63000,487.96
2024-08-27 11:57:25,BTCUSD_PERP,bid,63000,487.71
2024-08-27 11:57:26,BTCUSD_PERP,bid,63000,487.71
2024-08-27 11:57:35,BTCUSD_PERP,bid,63000,487.32
2024-08-27 11:57:35,BTCUSD_PERP,bid,63000,487.31
2024-08-27 11:59:01,BTCUSD_PERP,bid,63000,487.48
2024-08-27 11:59:03,BTCUSD_PERP,bid,63000,486.51
2024-08-27 12:00:47,BTCUSD_PERP,bid,63000,486.76
2024-08-27 12:00:48,BTCUSD_PERP,bid,63000,486.51
2024-08-27 12:01:51,BTCUSD_PERP,bid,63000,486.52
2024-08-27 12:01:51,BTCUSD_PERP,bid,63000,486.51
2024-08-27 12:01:58,BTCUSD_PERP,bid,63000,486.61
2024-08-27 12:01:58,BTCUSD_PERP,bid,63000,486.61
2024-08-27 12:02:12,BTCUSD_PERP,bid,63000,487.36
2024-08-27 12:02:13,BTCUSD_PERP,bid,63000,486.61
2024-08-27 12:02:21,BTCUSD_PERP,bid,63000,486.51
2024-08-27 12:02:22,BTCUSD_PERP,bid,63000,486.51
2024-08-27 12:02:48,BTCUSD_PERP,bid,63000,486.51
2024-08-27 12:03:36,BTCUSD_PERP,bid,63000,486.8
2024-08-27 12:04:13,BTCUSD_PERP,bid,63000,486.81
2024-08-27 12:04:14,BTCUSD_PERP,bid,63000,486.8
2024-08-27 12:05:53,BTCUSD_PERP,bid,63000,486.52
2024-08-27 12:05:53,BTCUSD_PERP,bid,63000,486.51
2024-08-27 12:06:30,BTCUSD_PERP,bid,63000,486.51
2024-08-27 12:08:01,BTCUSD_PERP,bid,63000,487.01
2024-08-27 12:08:03,BTCUSD_PERP,bid,63000,486.51
2024-08-27 12:09:46,BTCUSD_PERP,bid,63000,486.52
2024-08-27 12:09:46,BTCUSD_PERP,bid,63000,486.51
2024-08-27 12:10:46,BTCUSD_PERP,bid,63000,496.51
2024-08-27 12:12:37,BTCUSD_PERP,bid,63000,496.97
2024-08-27 12:13:09,BTCUSD_PERP,bid,63000,486.97
2024-08-27 12:14:12,BTCUSD_PERP,bid,63000,486.97
2024-08-27 12:15:37,BTCUSD_PERP,bid,63000,486.51
2024-08-27 12:18:15,BTCUSD_PERP,bid,63000,486.91
2024-08-27 12:18:59,BTCUSD_PERP,bid,63000,510.91
2024-08-27 12:18:59,BTCUSD_PERP,bid,63000,486.91
2024-08-27 12:21:15,BTCUSD_PERP,bid,63000,486.51
2024-08-27 12:24:03,BTCUSD_PERP,bid,63000,487.51
2024-08-27 12:24:25,BTCUSD_PERP,bid,63000,486.99
2024-08-27 12:27:04,BTCUSD_PERP,bid,63000,486.51
2024-08-27 12:30:30,BTCUSD_PERP,bid,63000,486.88
2024-08-27 12:33:31,BTCUSD_PERP,bid,63000,486.51
2024-08-27 12:34:58,BTCUSD_PERP,bid,63000,486.84
2024-08-27 12:36:12,BTCUSD_PERP,bid,63000,486.51
2024-08-27 12:38:26,BTCUSD_PERP,bid,63000,486.99
2024-08-27 12:38:29,BTCUSD_PERP,bid,63000,486.51
2024-08-27 12:39:44,BTCUSD_PERP,bid,63000,498.51
2024-08-27 12:40:02,BTCUSD_PERP,bid,63000,486.51
2024-08-27 12:41:01,BTCUSD_PERP,bid,63000,487.41
2024-08-27 12:41:20,BTCUSD_PERP,bid,63000,486.96
2024-08-27 12:41:54,BTCUSD_PERP,bid,63000,486.51
2024-08-27 12:43:22,BTCUSD_PERP,bid,63000,486.99
2024-08-27 12:43:56,BTCUSD_PERP,bid,63000,487.44
2024-08-27 12:45:08,BTCUSD_PERP,bid,63000,486.99
2024-08-27 12:45:31,BTCUSD_PERP,bid,63000,487.93
2024-08-27 12:45:39,BTCUSD_PERP,bid,63000,487.48
2024-08-27 12:45:51,BTCUSD_PERP,bid,63000,489.48
2024-08-27 12:46:22,BTCUSD_PERP,bid,63000,489.0
2024-08-27 12:46:29,BTCUSD_PERP,bid,63000,489.48
2024-08-27 12:46:48,BTCUSD_PERP,bid,63000,487.48
2024-08-27 12:46:52,BTCUSD_PERP,bid,63000,487.48
2024-08-27 12:48:31,BTCUSD_PERP,bid,63000,486.99
2024-08-27 12:49:30,BTCUSD_PERP,bid,63000,486.51
2024-08-27 12:49:31,BTCUSD_PERP,bid,63000,552.51
2024-08-27 12:50:22,BTCUSD_PERP,bid,63000,486.51
2024-08-27 12:56:15,BTCUSD_PERP,bid,63000,486.91
2024-08-27 12:56:31,BTCUSD_PERP,bid,63000,486.78
2024-08-27 12:56:31,BTCUSD_PERP,bid,63000,486.51
2024-08-27 13:01:43,BTCUSD_PERP,bid,63000,486.53
2024-08-27 13:01:44,BTCUSD_PERP,bid,63000,486.51
2024-08-27 13:02:24,BTCUSD_PERP,bid,63000,486.51
2024-08-27 13:02:35,BTCUSD_PERP,bid,63000,486.76
2024-08-27 13:02:36,BTCUSD_PERP,bid,63000,486.51
2024-08-27 13:03:21,BTCUSD_PERP,bid,63000,486.53
2024-08-27 13:03:22,BTCUSD_PERP,bid,63000,486.51
2024-08-27 13:04:34,BTCUSD_PERP,bid,63000,487.26
2024-08-27 13:04:34,BTCUSD_PERP,bid,63000,486.51
2024-08-27 13:04:50,BTCUSD_PERP,bid,63000,488.51
2024-08-27 13:04:50,BTCUSD_PERP,bid,63000,486.51
2024-08-27 13:06:02,BTCUSD_PERP,bid,63000,486.76
2024-08-27 13:06:09,BTCUSD_PERP,bid,63000,486.51
2024-08-27 13:07:05,BTCUSD_PERP,bid,63000,630.5
2024-08-27 13:07:11,BTCUSD_PERP,bid,63000,486.52
2024-08-27 13:07:13,BTCUSD_PERP,bid,63000,486.51
2024-08-27 13:07:21,BTCUSD_PERP,bid,63000,630.51
2024-08-27 13:07:24,BTCUSD_PERP,bid,63000,487.01
2024-08-27 13:07:24,BTCUSD_PERP,bid,63000,486.51
2024-08-27 13:07:56,BTCUSD_PERP,bid,63000,630.53
2024-08-27 13:08:00,BTCUSD_PERP,bid,63000,486.51
2024-08-27 13:08:08,BTCUSD_PERP,bid,63000,486.52
2024-08-27 13:08:09,BTCUSD_PERP,bid,63000,486.51
2024-08-27 13:08:19,BTCUSD_PERP,bid,63000,630.51
2024-08-27 13:08:51,BTCUSD_PERP,bid,63000,630.51
2024-08-27 13:09:04,BTCUSD_PERP,bid,63000,486.52
2024-08-27 13:09:05,BTCUSD_PERP,bid,63000,486.51
2024-08-27 13:09:06,BTCUSD_PERP,bid,63000,631.26
2024-08-27 13:09:06,BTCUSD_PERP,bid,63000,631.26
2024-08-27 13:09:07,BTCUSD_PERP,bid,63000,631.26
2024-08-27 13:09:07,BTCUSD_PERP,bid,63000,630.51
2024-08-27 13:09:42,BTCUSD_PERP,bid,63000,630.8
2024-08-27 13:09:42,BTCUSD_PERP,bid,63000,631.11
2024-08-27 13:09:42,BTCUSD_PERP,bid,63000,631.12
2024-08-27 13:09:43,BTCUSD_PERP,bid,63000,631.11
2024-08-27 13:09:43,BTCUSD_PERP,bid,63000,631.36
2024-08-27 13:09:43,BTCUSD_PERP,bid,63000,631.11
2024-08-27 13:09:44,BTCUSD_PERP,bid,63000,631.12
2024-08-27 13:09:45,BTCUSD_PERP,bid,63000,631.11
2024-08-27 13:09:45,BTCUSD_PERP,bid,63000,629.71
2024-08-27 13:09:45,BTCUSD_PERP,bid,63000,629.7
2024-08-27 13:09:46,BTCUSD_PERP,bid,63000,628.65
2024-08-27 13:09:47,BTCUSD_PERP,bid,63000,628.64
2024-08-27 13:09:48,BTCUSD_PERP,bid,63000,627.24
2024-08-27 13:09:49,BTCUSD_PERP,bid,63000,627.23
2024-08-27 13:09:49,BTCUSD_PERP,bid,63000,627.22
2024-08-27 13:09:50,BTCUSD_PERP,bid,63000,626.92
2024-08-27 13:09:50,BTCUSD_PERP,bid,63000,627.04
2024-08-27 13:09:50,BTCUSD_PERP,bid,63000,628.77
2024-08-27 13:09:50,BTCUSD_PERP,bid,63000,627.27
2024-08-27 13:09:51,BTCUSD_PERP,bid,63000,627.26
2024-08-27 13:09:51,BTCUSD_PERP,bid,63000,627.23
2024-08-27 13:09:51,BTCUSD_PERP,bid,63000,627.26
2024-08-27 13:09:51,BTCUSD_PERP,bid,63000,625.86
2024-08-27 13:09:53,BTCUSD_PERP,bid,63000,625.85
2024-08-27 13:09:54,BTCUSD_PERP,bid,63000,626.02
2024-08-27 13:09:54,BTCUSD_PERP,bid,63000,624.62
2024-08-27 13:09:55,BTCUSD_PERP,bid,63000,624.61
2024-08-27 13:09:55,BTCUSD_PERP,bid,63000,624.6
2024-08-27 13:09:57,BTCUSD_PERP,bid,63000,624.59
2024-08-27 13:09:57,BTCUSD_PERP,bid,63000,624.58
2024-08-27 13:09:57,BTCUSD_PERP,bid,63000,624.59
2024-08-27 13:09:57,BTCUSD_PERP,bid,63000,623.19
2024-08-27 13:09:58,BTCUSD_PERP,bid,63000,623.02
2024-08-27 13:09:59,BTCUSD_PERP,bid,63000,623.01
2024-08-27 13:09:59,BTCUSD_PERP,bid,63000,623.02
2024-08-27 13:10:00,BTCUSD_PERP,bid,63000,621.62
2024-08-27 13:10:01,BTCUSD_PERP,bid,63000,621.6
2024-08-27 13:10:01,BTCUSD_PERP,bid,63000,621.61
2024-08-27 13:10:02,BTCUSD_PERP,bid,63000,621.11
2024-08-27 13:10:02,BTCUSD_PERP,bid,63000,621.1
2024-08-27 13:10:03,BTCUSD_PERP,bid,63000,621.09
2024-08-27 13:10:03,BTCUSD_PERP,bid,63000,621.08
2024-08-27 13:10:03,BTCUSD_PERP,bid,63000,621.1
2024-08-27 13:10:04,BTCUSD_PERP,bid,63000,619.7
2024-08-27 13:10:05,BTCUSD_PERP,bid,63000,619.86
2024-08-27 13:10:05,BTCUSD_PERP,bid,63000,619.85
2024-08-27 13:10:07,BTCUSD_PERP,bid,63000,617.05
2024-08-27 13:10:07,BTCUSD_PERP,bid,63000,617.04
2024-08-27 13:10:08,BTCUSD_PERP,bid,63000,617.05
2024-08-27 13:10:09,BTCUSD_PERP,bid,63000,617.04
2024-08-27 13:10:09,BTCUSD_PERP,bid,63000,617.03
2024-08-27 13:10:10,BTCUSD_PERP,bid,63000,617.04
2024-08-27 13:10:10,BTCUSD_PERP,bid,63000,615.64
2024-08-27 13:10:11,BTCUSD_PERP,bid,63000,615.63
2024-08-27 13:10:11,BTCUSD_PERP,bid,63000,619.04
2024-08-27 13:10:13,BTCUSD_PERP,bid,63000,619.94
2024-08-27 13:10:13,BTCUSD_PERP,bid,63000,619.93
2024-08-27 13:10:13,BTCUSD_PERP,bid,63000,618.53
2024-08-27 13:10:14,BTCUSD_PERP,bid,63000,620.98
2024-08-27 13:10:14,BTCUSD_PERP,bid,63000,623.2
2024-08-27 13:10:14,BTCUSD_PERP,bid,63000,624.79
2024-08-27 13:10:14,BTCUSD_PERP,bid,63000,638.59
2024-08-27 13:10:14,BTCUSD_PERP,bid,63000,638.1
2024-08-27 13:10:14,BTCUSD_PERP,bid,63000,638.1
2024-08-27 13:10:14,BTCUSD_PERP,bid,63000,638.14
2024-08-27 13:10:14,BTCUSD_PERP,bid,63000,636.64
2024-08-27 13:10:14,BTCUSD_PERP,bid,63000,638.13
2024-08-27 13:10:14,BTCUSD_PERP,bid,63000,638.63
2024-08-27 13:10:15,BTCUSD_PERP,bid,63000,638.63
2024-08-27 13:10:15,BTCUSD_PERP,bid,63000,638.64
2024-08-27 13:10:15,BTCUSD_PERP,bid,63000,638.14
2024-08-27 13:10:15,BTCUSD_PERP,bid,63000,638.16
2024-08-27 13:10:15,BTCUSD_PERP,bid,63000,638.91
2024-08-27 13:10:15,BTCUSD_PERP,bid,63000,638.91
2024-08-27 13:10:15,BTCUSD_PERP,bid,63000,638.91
2024-08-27 13:10:15,BTCUSD_PERP,bid,63000,637.66
2024-08-27 13:10:15,BTCUSD_PERP,bid,63000,636.91
2024-08-27 13:10:15,BTCUSD_PERP,bid,63000,638.41
2024-08-27 13:10:16,BTCUSD_PERP,bid,63000,638.41
2024-08-27 13:10:16,BTCUSD_PERP,bid,63000,641.21
2024-08-27 13:10:16,BTCUSD_PERP,bid,63000,641.21
2024-08-27 13:10:16,BTCUSD_PERP,bid,63000,641.21
2024-08-27 13:10:16,BTCUSD_PERP,bid,63000,641.22
2024-08-27 13:10:16,BTCUSD_PERP,bid,63000,640.47
2024-08-27 13:10:16,BTCUSD_PERP,bid,63000,637.57
2024-08-27 13:10:16,BTCUSD_PERP,bid,63000,639.07
2024-08-27 13:10:16,BTCUSD_PERP,bid,63000,639.07
2024-08-27 13:10:17,BTCUSD_PERP,bid,63000,639.81
2024-08-27 13:10:17,BTCUSD_PERP,bid,63000,639.07
2024-08-27 13:10:17,BTCUSD_PERP,bid,63000,639.82
2024-08-27 13:10:17,BTCUSD_PERP,bid,63000,639.82
2024-08-27 13:10:17,BTCUSD_PERP,bid,63000,639.07
2024-08-27 13:10:17,BTCUSD_PERP,bid,63000,639.82
2024-08-27 13:10:17,BTCUSD_PERP,bid,63000,639.07
2024-08-27 13:10:17,BTCUSD_PERP,bid,63000,628.32
2024-08-27 13:10:17,BTCUSD_PERP,bid,63000,629.8
2024-08-27 13:10:18,BTCUSD_PERP,bid,63000,629.8
2024-08-27 13:10:18,BTCUSD_PERP,bid,63000,629.8
2024-08-27 13:10:18,BTCUSD_PERP,bid,63000,629.8
2024-08-27 13:10:18,BTCUSD_PERP,bid,63000,629.8
2024-08-27 13:10:18,BTCUSD_PERP,bid,63000,629.8
2024-08-27 13:10:18,BTCUSD_PERP,bid,63000,629.8
2024-08-27 13:10:18,BTCUSD_PERP,bid,63000,629.8
2024-08-27 13:10:18,BTCUSD_PERP,bid,63000,629.05
2024-08-27 13:10:18,BTCUSD_PERP,bid,63000,629.8
2024-08-27 13:10:18,BTCUSD_PERP,bid,63000,629.8
2024-08-27 13:10:19,BTCUSD_PERP,bid,63000,629.8
2024-08-27 13:10:19,BTCUSD_PERP,bid,63000,629.8
2024-08-27 13:10:19,BTCUSD_PERP,bid,63000,629.8
2024-08-27 13:10:19,BTCUSD_PERP,bid,63000,629.79
2024-08-27 13:10:19,BTCUSD_PERP,bid,63000,629.8
2024-08-27 13:10:19,BTCUSD_PERP,bid,63000,629.8
2024-08-27 13:10:19,BTCUSD_PERP,bid,63000,629.8
2024-08-27 13:10:19,BTCUSD_PERP,bid,63000,628.4
2024-08-27 13:10:19,BTCUSD_PERP,bid,63000,628.4
2024-08-27 13:10:19,BTCUSD_PERP,bid,63000,628.4
2024-08-27 13:10:20,BTCUSD_PERP,bid,63000,628.4
2024-08-27 13:10:20,BTCUSD_PERP,bid,63000,627.34
2024-08-27 13:10:20,BTCUSD_PERP,bid,63000,627.34
2024-08-27 13:10:20,BTCUSD_PERP,bid,63000,628.09
2024-08-27 13:10:20,BTCUSD_PERP,bid,63000,627.34
2024-08-27 13:10:20,BTCUSD_PERP,bid,63000,627.34
2024-08-27 13:10:20,BTCUSD_PERP,bid,63000,627.34
2024-08-27 13:10:20,BTCUSD_PERP,bid,63000,627.34
2024-08-27 13:10:20,BTCUSD_PERP,bid,63000,627.34
2024-08-27 13:10:21,BTCUSD_PERP,bid,63000,627.33
2024-08-27 13:10:21,BTCUSD_PERP,bid,63000,627.33
2024-08-27 13:10:21,BTCUSD_PERP,bid,63000,637.57
2024-08-27 13:10:21,BTCUSD_PERP,bid,63000,638.07
2024-08-27 13:10:21,BTCUSD_PERP,bid,63000,638.06
2024-08-27 13:10:21,BTCUSD_PERP,bid,63000,637.96
2024-08-27 13:10:21,BTCUSD_PERP,bid,63000,638.07
2024-08-27 13:10:21,BTCUSD_PERP,bid,63000,638.07
2024-08-27 13:10:21,BTCUSD_PERP,bid,63000,638.06
2024-08-27 13:10:21,BTCUSD_PERP,bid,63000,638.06
2024-08-27 13:10:22,BTCUSD_PERP,bid,63000,638.06
2024-08-27 13:10:22,BTCUSD_PERP,bid,63000,638.06
2024-08-27 13:10:22,BTCUSD_PERP,bid,63000,627.31
2024-08-27 13:10:22,BTCUSD_PERP,bid,63000,627.31
2024-08-27 13:10:22,BTCUSD_PERP,bid,63000,627.31
2024-08-27 13:10:22,BTCUSD_PERP,bid,63000,628.06
2024-08-27 13:10:22,BTCUSD_PERP,bid,63000,627.31
2024-08-27 13:10:22,BTCUSD_PERP,bid,63000,625.91
2024-08-27 13:10:23,BTCUSD_PERP,bid,63000,626.66
2024-08-27 13:10:23,BTCUSD_PERP,bid,63000,625.91
2024-08-27 13:10:23,BTCUSD_PERP,bid,63000,626.66
2024-08-27 13:10:23,BTCUSD_PERP,bid,63000,625.8
2024-08-27 13:10:23,BTCUSD_PERP,bid,63000,625.93
2024-08-27 13:10:23,BTCUSD_PERP,bid,63000,626.68
2024-08-27 13:10:23,BTCUSD_PERP,bid,63000,625.93
2024-08-27 13:10:24,BTCUSD_PERP,bid,63000,624.43
2024-08-27 13:10:24,BTCUSD_PERP,bid,63000,626.68
2024-08-27 13:10:24,BTCUSD_PERP,bid,63000,626.68
2024-08-27 13:10:25,BTCUSD_PERP,bid,63000,625.93
2024-08-27 13:10:25,BTCUSD_PERP,bid,63000,626.68
2024-08-27 13:10:25,BTCUSD_PERP,bid,63000,625.93
2024-08-27 13:10:25,BTCUSD_PERP,bid,63000,626.67
2024-08-27 13:10:25,BTCUSD_PERP,bid,63000,625.18
2024-08-27 13:10:25,BTCUSD_PERP,bid,63000,624.43
2024-08-27 13:10:25,BTCUSD_PERP,bid,63000,624.44
2024-08-27 13:10:25,BTCUSD_PERP,bid,63000,624.44
2024-08-27 13:10:25,BTCUSD_PERP,bid,63000,624.44
2024-08-27 13:10:26,BTCUSD_PERP,bid,63000,623.04
2024-08-27 13:10:26,BTCUSD_PERP,bid,63000,623.04
2024-08-27 13:10:26,BTCUSD_PERP,bid,63000,623.79
2024-08-27 13:10:26,BTCUSD_PERP,bid,63000,623.79
2024-08-27 13:10:26,BTCUSD_PERP,bid,63000,623.04
2024-08-27 13:10:26,BTCUSD_PERP,bid,63000,623.04
2024-08-27 13:10:26,BTCUSD_PERP,bid,63000,623.05
2024-08-27 13:10:27,BTCUSD_PERP,bid,63000,623.05
2024-08-27 13:10:27,BTCUSD_PERP,bid,63000,623.8
2024-08-27 13:10:27,BTCUSD_PERP,bid,63000,623.8
2024-08-27 13:10:27,BTCUSD_PERP,bid,63000,623.8
2024-08-27 13:10:27,BTCUSD_PERP,bid,63000,623.05
2024-08-27 13:10:27,BTCUSD_PERP,bid,63000,633.04
2024-08-27 13:10:27,BTCUSD_PERP,bid,63000,633.05
2024-08-27 13:10:27,BTCUSD_PERP,bid,63000,633.3
2024-08-27 13:10:28,BTCUSD_PERP,bid,63000,633.05
2024-08-27 13:10:28,BTCUSD_PERP,bid,63000,633.8
2024-08-27 13:10:28,BTCUSD_PERP,bid,63000,623.8
2024-08-27 13:10:28,BTCUSD_PERP,bid,63000,623.8
2024-08-27 13:10:28,BTCUSD_PERP,bid,63000,623.8
2024-08-27 13:10:28,BTCUSD_PERP,bid,63000,623.8
2024-08-27 13:10:28,BTCUSD_PERP,bid,63000,623.8
2024-08-27 13:10:29,BTCUSD_PERP,bid,63000,622.39
2024-08-27 13:10:29,BTCUSD_PERP,bid,63000,622.39
2024-08-27 13:10:29,BTCUSD_PERP,bid,63000,622.39
2024-08-27 13:10:29,BTCUSD_PERP,bid,63000,622.39
2024-08-27 13:10:29,BTCUSD_PERP,bid,63000,622.39
2024-08-27 13:10:29,BTCUSD_PERP,bid,63000,621.64
2024-08-27 13:10:29,BTCUSD_PERP,bid,63000,622.39
2024-08-27 13:10:29,BTCUSD_PERP,bid,63000,622.39
2024-08-27 13:10:29,BTCUSD_PERP,bid,63000,622.39
2024-08-27 13:10:29,BTCUSD_PERP,bid,63000,622.39
2024-08-27 13:10:30,BTCUSD_PERP,bid,63000,622.39
2024-08-27 13:10:30,BTCUSD_PERP,bid,63000,622.39
2024-08-27 13:10:30,BTCUSD_PERP,bid,63000,622.39
2024-08-27 13:10:30,BTCUSD_PERP,bid,63000,621.64
2024-08-27 13:10:30,BTCUSD_PERP,bid,63000,622.39
2024-08-27 13:10:30,BTCUSD_PERP,bid,63000,621.77
2024-08-27 13:10:30,BTCUSD_PERP,bid,63000,621.77
2024-08-27 13:10:30,BTCUSD_PERP,bid,63000,621.77
2024-08-27 13:10:30,BTCUSD_PERP,bid,63000,622.52
2024-08-27 13:10:31,BTCUSD_PERP,bid,63000,622.27
2024-08-27 13:10:31,BTCUSD_PERP,bid,63000,622.52
2024-08-27 13:10:31,BTCUSD_PERP,bid,63000,621.77
2024-08-27 13:10:31,BTCUSD_PERP,bid,63000,622.53
2024-08-27 13:10:31,BTCUSD_PERP,bid,63000,622.53
2024-08-27 13:10:31,BTCUSD_PERP,bid,63000,622.53
2024-08-27 13:10:31,BTCUSD_PERP,bid,63000,622.53
2024-08-27 13:10:31,BTCUSD_PERP,bid,63000,622.53
2024-08-27 13:10:31,BTCUSD_PERP,bid,63000,624.03
2024-08-27 13:10:31,BTCUSD_PERP,bid,63000,624.03
2024-08-27 13:10:32,BTCUSD_PERP,bid,63000,624.03
2024-08-27 13:10:32,BTCUSD_PERP,bid,63000,624.03
2024-08-27 13:10:32,BTCUSD_PERP,bid,63000,622.62
2024-08-27 13:10:32,BTCUSD_PERP,bid,63000,622.62
2024-08-27 13:10:32,BTCUSD_PERP,bid,63000,622.12
2024-08-27 13:10:32,BTCUSD_PERP,bid,63000,622.62
2024-08-27 13:10:32,BTCUSD_PERP,bid,63000,622.62
2024-08-27 13:10:32,BTCUSD_PERP,bid,63000,622.62
2024-08-27 13:10:32,BTCUSD_PERP,bid,63000,622.62
2024-08-27 13:10:32,BTCUSD_PERP,bid,63000,622.62
2024-08-27 13:10:33,BTCUSD_PERP,bid,63000,622.62
2024-08-27 13:10:33,BTCUSD_PERP,bid,63000,622.62
2024-08-27 13:10:33,BTCUSD_PERP,bid,63000,622.62
2024-08-27 13:10:33,BTCUSD_PERP,bid,63000,622.68
2024-08-27 13:10:33,BTCUSD_PERP,bid,63000,622.68
2024-08-27 13:10:33,BTCUSD_PERP,bid,63000,622.68
2024-08-27 13:10:33,BTCUSD_PERP,bid,63000,622.68
2024-08-27 13:10:33,BTCUSD_PERP,bid,63000,622.68
2024-08-27 13:10:33,BTCUSD_PERP,bid,63000,622.68
2024-08-27 13:10:33,BTCUSD_PERP,bid,63000,622.68
2024-08-27 13:10:34,BTCUSD_PERP,bid,63000,622.68
2024-08-27 13:10:34,BTCUSD_PERP,bid,63000,622.68
2024-08-27 13:10:34,BTCUSD_PERP,bid,63000,622.67
2024-08-27 13:10:34,BTCUSD_PERP,bid,63000,622.68
2024-08-27 13:10:34,BTCUSD_PERP,bid,63000,622.68
2024-08-27 13:10:34,BTCUSD_PERP,bid,63000,622.99
2024-08-27 13:10:34,BTCUSD_PERP,bid,63000,622.99
2024-08-27 13:10:34,BTCUSD_PERP,bid,63000,623.02
2024-08-27 13:10:34,BTCUSD_PERP,bid,63000,623.77
2024-08-27 13:10:35,BTCUSD_PERP,bid,63000,623.04
2024-08-27 13:10:35,BTCUSD_PERP,bid,63000,623.04
2024-08-27 13:10:35,BTCUSD_PERP,bid,63000,623.04
2024-08-27 13:10:35,BTCUSD_PERP,bid,63000,620.13
2024-08-27 13:10:35,BTCUSD_PERP,bid,63000,620.88
2024-08-27 13:10:35,BTCUSD_PERP,bid,63000,621.63
2024-08-27 13:10:35,BTCUSD_PERP,bid,63000,621.62
2024-08-27 13:10:35,BTCUSD_PERP,bid,63000,621.62
2024-08-27 13:10:35,BTCUSD_PERP,bid,63000,621.62
2024-08-27 13:10:36,BTCUSD_PERP,bid,63000,622.37
2024-08-27 13:10:36,BTCUSD_PERP,bid,63000,621.39
2024-08-27 13:10:36,BTCUSD_PERP,bid,63000,618.66
2024-08-27 13:10:36,BTCUSD_PERP,bid,63000,617.89
2024-08-27 13:10:36,BTCUSD_PERP,bid,63000,617.89
2024-08-27 13:10:36,BTCUSD_PERP,bid,63000,618.64
2024-08-27 13:10:36,BTCUSD_PERP,bid,63000,618.6
2024-08-27 13:10:37,BTCUSD_PERP,bid,63000,618.6
2024-08-27 13:10:37,BTCUSD_PERP,bid,63000,618.6
2024-08-27 13:10:37,BTCUSD_PERP,bid,63000,617.85
2024-08-27 13:10:38,BTCUSD_PERP,bid,63000,617.83
2024-08-27 13:10:38,BTCUSD_PERP,bid,63000,616.42
2024-08-27 13:10:38,BTCUSD_PERP,bid,63000,617.17
2024-08-27 13:10:38,BTCUSD_PERP,bid,63000,617.17
2024-08-27 13:10:38,BTCUSD_PERP,bid,63000,616.42
2024-08-27 13:10:38,BTCUSD_PERP,bid,63000,617.17
2024-08-27 13:10:39,BTCUSD_PERP,bid,63000,616.42
2024-08-27 13:10:39,BTCUSD_PERP,bid,63000,617.17
2024-08-27 13:10:39,BTCUSD_PERP,bid,63000,616.42
2024-08-27 13:10:39,BTCUSD_PERP,bid,63000,616.41
2024-08-27 13:10:39,BTCUSD_PERP,bid,63000,617.16
2024-08-27 13:10:39,BTCUSD_PERP,bid,63000,616.42
2024-08-27 13:10:40,BTCUSD_PERP,bid,63000,616.43
2024-08-27 13:10:40,BTCUSD_PERP,bid,63000,617.15
2024-08-27 13:10:40,BTCUSD_PERP,bid,63000,616.4
2024-08-27 13:10:40,BTCUSD_PERP,bid,63000,616.84
2024-08-27 13:10:40,BTCUSD_PERP,bid,63000,616.09
2024-08-27 13:10:41,BTCUSD_PERP,bid,63000,617.41
2024-08-27 13:10:41,BTCUSD_PERP,bid,63000,616.66
2024-08-27 13:10:41,BTCUSD_PERP,bid,63000,616.65
2024-08-27 13:10:41,BTCUSD_PERP,bid,63000,616.64
2024-08-27 13:10:41,BTCUSD_PERP,bid,63000,615.27
2024-08-27 13:10:41,BTCUSD_PERP,bid,63000,616.02
2024-08-27 13:10:41,BTCUSD_PERP,bid,63000,615.27
2024-08-27 13:10:41,BTCUSD_PERP,bid,63000,615.27
2024-08-27 13:10:41,BTCUSD_PERP,bid,63000,615.27
2024-08-27 13:10:42,BTCUSD_PERP,bid,63000,620.38
2024-08-27 13:10:42,BTCUSD_PERP,bid,63000,620.36
2024-08-27 13:10:42,BTCUSD_PERP,bid,63000,618.12
2024-08-27 13:10:42,BTCUSD_PERP,bid,63000,618.12
2024-08-27 13:10:42,BTCUSD_PERP,bid,63000,618.12
2024-08-27 13:10:42,BTCUSD_PERP,bid,63000,618.87
2024-08-27 13:10:42,BTCUSD_PERP,bid,63000,620.37
2024-08-27 13:10:42,BTCUSD_PERP,bid,63000,620.38
2024-08-27 13:10:43,BTCUSD_PERP,bid,63000,619.64
2024-08-27 13:10:43,BTCUSD_PERP,bid,63000,620.14
2024-08-27 13:10:43,BTCUSD_PERP,bid,63000,620.38
2024-08-27 13:10:43,BTCUSD_PERP,bid,63000,619.63
2024-08-27 13:10:43,BTCUSD_PERP,bid,63000,619.62
2024-08-27 13:10:44,BTCUSD_PERP,bid,63000,619.62
2024-08-27 13:10:44,BTCUSD_PERP,bid,63000,619.62
2024-08-27 13:10:44,BTCUSD_PERP,bid,63000,626.26
2024-08-27 13:10:44,BTCUSD_PERP,bid,63000,622.41
2024-08-27 13:10:46,BTCUSD_PERP,bid,63000,622.66
2024-08-27 13:10:46,BTCUSD_PERP,bid,63000,621.76
2024-08-27 13:10:46,BTCUSD_PERP,bid,63000,620.94
2024-08-27 13:10:47,BTCUSD_PERP,bid,63000,600.94
2024-08-27 13:11:05,BTCUSD_PERP,bid,63000,602.32
2024-08-27 13:11:11,BTCUSD_PERP,bid,63000,600.94
2024-08-27 13:11:36,BTCUSD_PERP,bid,63000,575.3
2024-08-27 13:11:44,BTCUSD_PERP,bid,63000,486.52
2024-08-27 13:11:45,BTCUSD_PERP,bid,63000,486.51
2024-08-27 13:11:58,BTCUSD_PERP,bid,63000,574.55
2024-08-27 13:11:59,BTCUSD_PERP,bid,63000,575.03
2024-08-27 13:11:59,BTCUSD_PERP,bid,63000,574.55
2024-08-27 13:12:47,BTCUSD_PERP,bid,63000,486.52
2024-08-27 13:12:48,BTCUSD_PERP,bid,63000,486.51
2024-08-27 13:12:59,BTCUSD_PERP,bid,63000,575.52
2024-08-27 13:13:16,BTCUSD_PERP,bid,63000,574.55
2024-08-27 13:13:36,BTCUSD_PERP,bid,63000,487.77
2024-08-27 13:14:54,BTCUSD_PERP,bid,63000,486.51
2024-08-27 13:14:55,BTCUSD_PERP,bid,63000,572.53
2024-08-27 13:14:56,BTCUSD_PERP,bid,63000,571.6
2024-08-27 13:14:56,BTCUSD_PERP,bid,63000,571.61
2024-08-27 13:14:58,BTCUSD_PERP,bid,63000,568.89
2024-08-27 13:14:58,BTCUSD_PERP,bid,63000,569.03
2024-08-27 13:14:59,BTCUSD_PERP,bid,63000,557.11
2024-08-27 13:14:59,BTCUSD_PERP,bid,63000,555.1
2024-08-27 13:14:59,BTCUSD_PERP,bid,63000,555.04
2024-08-27 13:14:59,BTCUSD_PERP,bid,63000,554.79
2024-08-27 13:15:00,BTCUSD_PERP,bid,63000,513.57
2024-08-27 13:15:00,BTCUSD_PERP,bid,63000,513.5
2024-08-27 13:15:00,BTCUSD_PERP,bid,63000,494.39
2024-08-27 13:15:24,BTCUSD_PERP,bid,63000,486.51
2024-08-27 13:16:58,BTCUSD_PERP,bid,63000,496.51
2024-08-27 13:16:58,BTCUSD_PERP,bid,63000,486.51
2024-08-27 13:17:31,BTCUSD_PERP,bid,63000,486.51
2024-08-27 13:17:46,BTCUSD_PERP,bid,63000,486.51
2024-08-27 13:18:03,BTCUSD_PERP,bid,63000,488.32
2024-08-27 13:18:03,BTCUSD_PERP,bid,63000,488.3
2024-08-27 13:18:04,BTCUSD_PERP,bid,63000,488.32
2024-08-27 13:18:04,BTCUSD_PERP,bid,63000,488.3
2024-08-27 13:18:04,BTCUSD_PERP,bid,63000,486.51
2024-08-27 13:18:48,BTCUSD_PERP,bid,63000,486.76
2024-08-27 13:18:48,BTCUSD_PERP,bid,63000,486.51
2024-08-27 13:19:01,BTCUSD_PERP,bid,63000,487.01
2024-08-27 13:19:02,BTCUSD_PERP,bid,63000,486.51
2024-08-27 13:19:54,BTCUSD_PERP,bid,63000,486.71
2024-08-27 13:19:55,BTCUSD_PERP,bid,63000,486.51
2024-08-27 13:20:19,BTCUSD_PERP,bid,63000,486.76
2024-08-27 13:20:20,BTCUSD_PERP,bid,63000,486.51
2024-08-27 13:20:20,BTCUSD_PERP,bid,63000,486.76
2024-08-27 13:20:21,BTCUSD_PERP,bid,63000,486.51
2024-08-27 13:20:27,BTCUSD_PERP,bid,63000,486.51
2024-08-27 13:21:50,BTCUSD_PERP,bid,63000,487.05
2024-08-27 13:21:50,BTCUSD_PERP,bid,63000,486.51
2024-08-27 13:23:01,BTCUSD_PERP,bid,63000,483.66
2024-08-27 13:23:02,BTCUSD_PERP,bid,63000,483.66
2024-08-27 13:23:02,BTCUSD_PERP,bid,63000,483.79
2024-08-27 13:23:02,BTCUSD_PERP,bid,63000,485.29
2024-08-27 13:23:02,BTCUSD_PERP,bid,63000,483.67
2024-08-27 13:23:02,BTCUSD_PERP,bid,63000,485.82
2024-08-27 13:23:03,BTCUSD_PERP,bid,63000,485.92
2024-08-27 13:23:03,BTCUSD_PERP,bid,63000,485.86
2024-08-27 13:23:04,BTCUSD_PERP,bid,63000,485.87
2024-08-27 13:23:05,BTCUSD_PERP,bid,63000,485.83
2024-08-27 13:23:06,BTCUSD_PERP,bid,63000,485.84
2024-08-27 13:23:07,BTCUSD_PERP,bid,63000,485.95
2024-08-27 13:23:07,BTCUSD_PERP,bid,63000,485.9
2024-08-27 13:23:08,BTCUSD_PERP,bid,63000,485.23
2024-08-27 13:23:08,BTCUSD_PERP,bid,63000,485.24
2024-08-27 13:23:08,BTCUSD_PERP,bid,63000,485.18
2024-08-27 13:23:08,BTCUSD_PERP,bid,63000,485.06
2024-08-27 13:23:09,BTCUSD_PERP,bid,63000,485.03
2024-08-27 13:23:09,BTCUSD_PERP,bid,63000,484.95
2024-08-27 13:23:09,BTCUSD_PERP,bid,63000,484.85
2024-08-27 13:23:09,BTCUSD_PERP,bid,63000,484.81
2024-08-27 13:23:10,BTCUSD_PERP,bid,63000,484.82
2024-08-27 13:23:11,BTCUSD_PERP,bid,63000,484.81
2024-08-27 13:23:11,BTCUSD_PERP,bid,63000,484.76
2024-08-27 13:23:12,BTCUSD_PERP,bid,63000,484.88
2024-08-27 13:23:13,BTCUSD_PERP,bid,63000,484.87
2024-08-27 13:23:13,BTCUSD_PERP,bid,63000,484.97
2024-08-27 13:23:13,BTCUSD_PERP,bid,63000,484.93
2024-08-27 13:23:14,BTCUSD_PERP,bid,63000,486.43
2024-08-27 13:23:14,BTCUSD_PERP,bid,63000,484.93
2024-08-27 13:23:14,BTCUSD_PERP,bid,63000,483.43
2024-08-27 13:23:14,BTCUSD_PERP,bid,63000,483.42
2024-08-27 13:23:15,BTCUSD_PERP,bid,63000,483.38
2024-08-27 13:23:17,BTCUSD_PERP,bid,63000,483.28
2024-08-27 13:23:17,BTCUSD_PERP,bid,63000,483.23
2024-08-27 13:23:19,BTCUSD_PERP,bid,63000,483.12
2024-08-27 13:23:19,BTCUSD_PERP,bid,63000,483.08
2024-08-27 13:23:19,BTCUSD_PERP,bid,63000,483.09
2024-08-27 12:10:58,BTCUSD_PERP,bid,62600,492.61
2024-08-27 12:11:00,BTCUSD_PERP,bid,62600,492.66
2024-08-27 12:12:41,BTCUSD_PERP,bid,62600,497.05
2024-08-27 12:16:01,BTCUSD_PERP,bid,62600,494.18
2024-08-27 12:16:01,BTCUSD_PERP,bid,62600,555.52
2024-08-27 12:16:01,BTCUSD_PERP,bid,62600,616.86
2024-08-27 12:16:01,BTCUSD_PERP,bid,62600,678.83
2024-08-27 12:16:01,BTCUSD_PERP,bid,62600,740.17
2024-08-27 12:16:02,BTCUSD_PERP,bid,62600,863.38
2024-08-27 12:16:02,BTCUSD_PERP,bid,62600,925.35
2024-08-27 12:16:02,BTCUSD_PERP,bid,62600,987.32
2024-08-27 12:16:02,BTCUSD_PERP,bid,62600,1110.63
2024-08-27 12:16:02,BTCUSD_PERP,bid,62600,1172.6
2024-08-27 12:16:11,BTCUSD_PERP,bid,62600,1172.65
2024-08-27 12:16:47,BTCUSD_PERP,bid,62600,1172.7
2024-08-27 12:19:31,BTCUSD_PERP,bid,62600,1172.65
2024-08-27 12:20:17,BTCUSD_PERP,bid,62600,1172.6
2024-08-27 12:30:03,BTCUSD_PERP,bid,62600,555.84
2024-08-27 12:30:03,BTCUSD_PERP,bid,62600,617.82
2024-08-27 12:30:03,BTCUSD_PERP,bid,62600,617.87
2024-08-27 12:30:04,BTCUSD_PERP,bid,62600,679.22
2024-08-27 12:30:04,BTCUSD_PERP,bid,62600,741.2
2024-08-27 12:31:44,BTCUSD_PERP,bid,62600,741.25
2024-08-27 12:32:31,BTCUSD_PERP,bid,62600,741.3
2024-08-27 12:32:47,BTCUSD_PERP,bid,62600,741.35
2024-08-27 12:33:29,BTCUSD_PERP,bid,62600,741.3
2024-08-27 12:35:18,BTCUSD_PERP,bid,62600,741.25
2024-08-27 12:35:57,BTCUSD_PERP,bid,62600,679.9
2024-08-27 12:35:57,BTCUSD_PERP,bid,62600,618.55
2024-08-27 12:35:58,BTCUSD_PERP,bid,62600,556.57
2024-08-27 12:35:58,BTCUSD_PERP,bid,62600,494.59
2024-08-27 12:35:58,BTCUSD_PERP,bid,62600,494.21
2024-08-27 12:35:58,BTCUSD_PERP,bid,62600,556.23
2024-08-27 12:35:58,BTCUSD_PERP,bid,62600,618.25
2024-08-27 12:35:59,BTCUSD_PERP,bid,62600,680.27
2024-08-27 12:36:00,BTCUSD_PERP,bid,62600,680.32
2024-08-27 12:38:30,BTCUSD_PERP,bid,62600,494.24
2024-08-27 12:38:31,BTCUSD_PERP,bid,62600,556.26
2024-08-27 12:38:31,BTCUSD_PERP,bid,62600,802.96
2024-08-27 12:38:31,BTCUSD_PERP,bid,62600,925.73
2024-08-27 12:38:31,BTCUSD_PERP,bid,62600,987.11
2024-08-27 12:38:31,BTCUSD_PERP,bid,62600,1049.13
2024-08-27 12:38:44,BTCUSD_PERP,bid,62600,987.75
2024-08-27 12:38:45,BTCUSD_PERP,bid,62600,864.35
2024-08-27 12:38:45,BTCUSD_PERP,bid,62600,802.33
2024-08-27 12:38:45,BTCUSD_PERP,bid,62600,740.31
2024-08-27 12:38:45,BTCUSD_PERP,bid,62600,678.93
2024-08-27 12:38:45,BTCUSD_PERP,bid,62600,616.91
2024-08-27 12:38:45,BTCUSD_PERP,bid,62600,555.53
2024-08-27 12:38:45,BTCUSD_PERP,bid,62600,493.51
2024-08-27 12:38:46,BTCUSD_PERP,bid,62600,493.85
2024-08-27 12:38:46,BTCUSD_PERP,bid,62600,617.18
2024-08-27 12:38:46,BTCUSD_PERP,bid,62600,678.53
2024-08-27 12:38:46,BTCUSD_PERP,bid,62600,739.88
2024-08-27 12:38:46,BTCUSD_PERP,bid,62600,801.86
2024-08-27 12:38:50,BTCUSD_PERP,bid,62600,801.9
2024-08-27 12:42:19,BTCUSD_PERP,bid,62600,801.86
2024-08-27 12:43:24,BTCUSD_PERP,bid,62600,740.51
2024-08-27 12:43:24,BTCUSD_PERP,bid,62600,678.63
2024-08-27 12:43:25,BTCUSD_PERP,bid,62600,554.67
2024-08-27 12:43:25,BTCUSD_PERP,bid,62600,493.32
2024-08-27 12:43:25,BTCUSD_PERP,bid,62600,494.15
2024-08-27 12:43:25,BTCUSD_PERP,bid,62600,555.54
2024-08-27 12:43:25,BTCUSD_PERP,bid,62600,617.56
2024-08-27 12:43:25,BTCUSD_PERP,bid,62600,865.01
2024-08-27 12:43:25,BTCUSD_PERP,bid,62600,926.39
2024-08-27 12:43:26,BTCUSD_PERP,bid,62600,988.41
2024-08-27 12:43:26,BTCUSD_PERP,bid,62600,1050.43
2024-08-27 12:43:26,BTCUSD_PERP,bid,62600,1173.19
2024-08-27 12:43:28,BTCUSD_PERP,bid,62600,493.36
2024-08-27 12:43:28,BTCUSD_PERP,bid,62600,678.05
2024-08-27 12:43:29,BTCUSD_PERP,bid,62600,740.04
2024-08-27 12:45:33,BTCUSD_PERP,bid,62600,678.05
2024-08-27 12:45:34,BTCUSD_PERP,bid,62600,554.71
2024-08-27 12:45:34,BTCUSD_PERP,bid,62600,492.72
2024-08-27 12:48:13,BTCUSD_PERP,bid,62600,494.0
2024-08-27 12:48:13,BTCUSD_PERP,bid,62600,555.99
2024-08-27 12:48:13,BTCUSD_PERP,bid,62600,741.21
2024-08-27 12:48:14,BTCUSD_PERP,bid,62600,864.55
2024-08-27 12:48:14,BTCUSD_PERP,bid,62600,925.9
2024-08-27 12:48:14,BTCUSD_PERP,bid,62600,1049.24
2024-08-27 12:48:14,BTCUSD_PERP,bid,62600,1173.22
2024-08-27 12:48:47,BTCUSD_PERP,bid,62600,1173.27
2024-08-27 12:49:14,BTCUSD_PERP,bid,62600,1173.32
2024-08-27 12:50:41,BTCUSD_PERP,bid,62600,1111.33
2024-08-27 12:50:41,BTCUSD_PERP,bid,62600,1049.34
2024-08-27 12:50:41,BTCUSD_PERP,bid,62600,925.47
2024-08-27 12:50:42,BTCUSD_PERP,bid,62600,739.5
2024-08-27 12:50:42,BTCUSD_PERP,bid,62600,678.15
2024-08-27 12:50:42,BTCUSD_PERP,bid,62600,495.42
2024-08-27 12:50:42,BTCUSD_PERP,bid,62600,555.45
2024-08-27 12:50:42,BTCUSD_PERP,bid,62600,618.19
2024-08-27 12:50:42,BTCUSD_PERP,bid,62600,493.46
2024-08-27 12:50:42,BTCUSD_PERP,bid,62600,680.21
2024-08-27 12:50:42,BTCUSD_PERP,bid,62600,804.25
2024-08-27 12:50:42,BTCUSD_PERP,bid,62600,866.27
2024-08-27 12:50:42,BTCUSD_PERP,bid,62600,927.66
2024-08-27 12:51:50,BTCUSD_PERP,bid,62600,742.24
2024-08-27 12:51:50,BTCUSD_PERP,bid,62600,1111.13
2024-08-27 12:51:50,BTCUSD_PERP,bid,62600,1173.11
2024-08-27 12:56:31,BTCUSD_PERP,bid,62600,1111.76
2024-08-27 12:58:39,BTCUSD_PERP,bid,62600,493.94
2024-08-27 12:58:39,BTCUSD_PERP,bid,62600,617.26
2024-08-27 12:58:39,BTCUSD_PERP,bid,62600,679.24
2024-08-27 12:58:39,BTCUSD_PERP,bid,62600,740.59
2024-08-27 11:23:40,BTCUSD_PERP,bid,62400,491.98
2024-08-27 11:23:40,BTCUSD_PERP,bid,62400,553.79
2024-08-27 11:24:33,BTCUSD_PERP,bid,62400,492.61
2024-08-27 11:24:34,BTCUSD_PERP,bid,62400,492.35
2024-08-27 11:24:35,BTCUSD_PERP,bid,62400,553.5
2024-08-27 11:24:35,BTCUSD_PERP,bid,62400,553.55
2024-08-27 11:28:10,BTCUSD_PERP,bid,62400,553.5
2024-08-27 11:28:35,BTCUSD_PERP,bid,62400,497.68
2024-08-27 11:28:35,BTCUSD_PERP,bid,62400,558.87
2024-08-27 11:28:35,BTCUSD_PERP,bid,62400,620.06
2024-08-27 11:29:06,BTCUSD_PERP,bid,62400,615.68
2024-08-27 11:29:18,BTCUSD_PERP,bid,62400,492.04
2024-08-27 11:29:18,BTCUSD_PERP,bid,62400,491.78
2024-08-27 11:29:18,BTCUSD_PERP,bid,62400,615.36
2024-08-27 11:29:19,BTCUSD_PERP,bid,62400,676.52
2024-08-27 11:29:40,BTCUSD_PERP,bid,62400,676.57
2024-08-27 11:32:41,BTCUSD_PERP,bid,62400,614.78
2024-08-27 11:32:41,BTCUSD_PERP,bid,62400,553.62
2024-08-27 11:32:42,BTCUSD_PERP,bid,62400,492.04
2024-08-27 11:32:43,BTCUSD_PERP,bid,62400,553.86
2024-08-27 11:32:43,BTCUSD_PERP,bid,62400,615.05
2024-08-27 11:32:49,BTCUSD_PERP,bid,62400,615.1
2024-08-27 11:33:03,BTCUSD_PERP,bid,62400,493.29
2024-08-27 11:36:16,BTCUSD_PERP,bid,62400,615.05
2024-08-27 11:36:40,BTCUSD_PERP,bid,62400,492.04
2024-08-27 11:37:04,BTCUSD_PERP,bid,62500,493.86
2024-08-27 11:37:04,BTCUSD_PERP,bid,62500,555.12
2024-08-27 11:37:13,BTCUSD_PERP,bid,62500,555.17
2024-08-27 11:38:22,BTCUSD_PERP,bid,62500,554.44
2024-08-27 11:38:23,BTCUSD_PERP,bid,62500,615.7
2024-08-27 11:39:13,BTCUSD_PERP,bid,62500,493.28
2024-08-27 11:39:13,BTCUSD_PERP,bid,62500,554.44
2024-08-27 11:39:13,BTCUSD_PERP,bid,62500,492.65
2024-08-27 11:39:14,BTCUSD_PERP,bid,62400,492.87
2024-08-27 11:39:14,BTCUSD_PERP,bid,62400,616.59
2024-08-27 11:39:15,BTCUSD_PERP,bid,62400,491.7
2024-08-27 11:39:15,BTCUSD_PERP,bid,62400,553.56
2024-08-27 11:40:20,BTCUSD_PERP,bid,62400,492.33
2024-08-27 11:40:21,BTCUSD_PERP,bid,62400,555.37
2024-08-27 11:40:21,BTCUSD_PERP,bid,62400,493.51
2024-08-27 11:40:22,BTCUSD_PERP,bid,62500,553.86
2024-08-27 11:40:22,BTCUSD_PERP,bid,62500,615.75
2024-08-27 11:40:22,BTCUSD_PERP,bid,62500,677.64
2024-08-27 11:40:22,BTCUSD_PERP,bid,62500,800.69
2024-08-27 11:40:22,BTCUSD_PERP,bid,62500,862.58
2024-08-27 11:40:22,BTCUSD_PERP,bid,62500,924.47
2024-08-27 11:40:23,BTCUSD_PERP,bid,62500,1047.62
2024-08-27 11:45:36,BTCUSD_PERP,bid,62500,986.36
2024-08-27 11:45:36,BTCUSD_PERP,bid,62500,925.1
2024-08-27 11:45:36,BTCUSD_PERP,bid,62500,863.84
2024-08-27 11:45:36,BTCUSD_PERP,bid,62500,801.95
2024-08-27 11:45:37,BTCUSD_PERP,bid,62500,740.06
2024-08-27 11:45:37,BTCUSD_PERP,bid,62500,616.91
2024-08-27 11:45:37,BTCUSD_PERP,bid,62500,555.65
2024-08-27 11:45:37,BTCUSD_PERP,bid,62500,494.39
2024-08-27 11:45:37,BTCUSD_PERP,bid,62500,492.93
2024-08-27 11:45:38,BTCUSD_PERP,bid,62500,554.86
2024-08-27 11:45:38,BTCUSD_PERP,bid,62500,678.72
2024-08-27 11:45:38,BTCUSD_PERP,bid,62500,802.58
2024-08-27 11:45:38,BTCUSD_PERP,bid,62500,987.64
2024-08-27 11:45:38,BTCUSD_PERP,bid,62500,1049.57
2024-08-27 11:45:43,BTCUSD_PERP,bid,62500,1049.62
2024-08-27 11:46:49,BTCUSD_PERP,bid,62500,987.69
2024-08-27 11:46:49,BTCUSD_PERP,bid,62500,926.39
2024-08-27 11:46:49,BTCUSD_PERP,bid,62500,864.46
2024-08-27 11:46:49,BTCUSD_PERP,bid,62500,803.16
2024-08-27 11:46:50,BTCUSD_PERP,bid,62500,741.23
2024-08-27 11:46:50,BTCUSD_PERP,bid,62500,618.0
2024-08-27 11:46:50,BTCUSD_PERP,bid,62500,556.07
2024-08-27 11:46:51,BTCUSD_PERP,bid,62500,555.2
2024-08-27 11:46:51,BTCUSD_PERP,bid,62500,679.0
2024-08-27 11:46:51,BTCUSD_PERP,bid,62500,740.8
2024-08-27 11:46:51,BTCUSD_PERP,bid,62500,802.06
2024-08-27 11:47:11,BTCUSD_PERP,bid,62500,802.11
2024-08-27 11:47:40,BTCUSD_PERP,bid,62500,740.21
2024-08-27 11:47:40,BTCUSD_PERP,bid,62500,678.95
2024-08-27 11:47:40,BTCUSD_PERP,bid,62500,617.05
2024-08-27 11:47:41,BTCUSD_PERP,bid,62500,555.78
2024-08-27 11:47:41,BTCUSD_PERP,bid,62500,493.55
2024-08-27 11:47:41,BTCUSD_PERP,bid,62500,493.88
2024-08-27 11:47:41,BTCUSD_PERP,bid,62500,555.48
2024-08-27 11:47:41,BTCUSD_PERP,bid,62500,616.78
2024-08-27 11:52:25,BTCUSD_PERP,bid,62500,492.92
2024-08-27 11:52:25,BTCUSD_PERP,bid,62500,554.54
2024-08-27 11:52:26,BTCUSD_PERP,bid,62500,616.44
2024-08-27 11:53:29,BTCUSD_PERP,bid,62500,555.18
2024-08-27 11:53:31,BTCUSD_PERP,bid,62500,492.99
2024-08-27 11:53:31,BTCUSD_PERP,bid,62500,616.21
2024-08-27 11:53:31,BTCUSD_PERP,bid,62500,677.51
2024-08-27 11:53:31,BTCUSD_PERP,bid,62500,800.73
2024-08-27 11:53:45,BTCUSD_PERP,bid,62500,800.68
2024-08-27 11:54:07,BTCUSD_PERP,bid,62500,800.63
2024-08-27 11:54:26,BTCUSD_PERP,bid,62500,615.48
2024-08-27 11:54:26,BTCUSD_PERP,bid,62500,615.17
2024-08-27 11:54:26,BTCUSD_PERP,bid,62500,738.97
2024-08-27 11:54:27,BTCUSD_PERP,bid,62500,800.24
2024-08-27 12:07:05,BTCUSD_PERP,bid,62500,738.98
2024-08-27 12:07:05,BTCUSD_PERP,bid,62500,677.72
2024-08-27 12:07:05,BTCUSD_PERP,bid,62500,492.66
2024-08-27 12:07:06,BTCUSD_PERP,bid,62500,494.08
2024-08-27 12:07:06,BTCUSD_PERP,bid,62500,616.15
2024-08-27 12:07:07,BTCUSD_PERP,bid,62500,678.08
2024-08-27 12:10:47,BTCUSD_PERP,bid,62500,494.38
2024-08-27 12:10:48,BTCUSD_PERP,bid,62500,555.71
2024-08-27 12:10:57,BTCUSD_PERP,bid,62500,554.22
2024-08-27 12:10:57,BTCUSD_PERP,bid,62500,492.29
2024-08-27 12:13:01,BTCUSD_PERP,bid,62500,554.92
2024-08-27 12:13:01,BTCUSD_PERP,bid,62500,616.85
2024-08-27 12:13:01,BTCUSD_PERP,bid,62500,678.15
2024-08-27 12:13:04,BTCUSD_PERP,bid,62500,555.38
2024-08-27 12:13:12,BTCUSD_PERP,bid,62500,678.1
2024-08-27 12:16:00,BTCUSD_PERP,bid,62500,493.45
2024-08-27 12:16:00,BTCUSD_PERP,bid,62500,616.17
2024-08-27 12:16:01,BTCUSD_PERP,bid,62500,554.24
2024-08-27 12:16:01,BTCUSD_PERP,bid,62500,492.31
2024-08-27 12:28:52,BTCUSD_PERP,bid,62500,1110.23
2024-08-27 12:28:52,BTCUSD_PERP,bid,62500,1172.16
2024-08-27 12:30:02,BTCUSD_PERP,bid,62500,1048.3
2024-08-27 12:30:02,BTCUSD_PERP,bid,62500,987.0
2024-08-27 12:30:02,BTCUSD_PERP,bid,62500,801.84
2024-08-27 12:30:02,BTCUSD_PERP,bid,62500,740.54
2024-08-27 12:30:03,BTCUSD_PERP,bid,62500,679.24
2024-08-27 12:30:03,BTCUSD_PERP,bid,62500,555.38
2024-08-27 12:38:31,BTCUSD_PERP,bid,62500,540.93
2024-08-27 12:45:34,BTCUSD_PERP,bid,62500,493.98
2024-08-27 12:45:34,BTCUSD_PERP,bid,62500,616.98
2024-08-27 12:45:34,BTCUSD_PERP,bid,62500,540.4
2024-08-27 12:45:34,BTCUSD_PERP,bid,62500,1110.59
2024-08-27 12:45:34,BTCUSD_PERP,bid,62500,1172.54
2024-08-27 12:48:13,BTCUSD_PERP,bid,62500,863.42
2024-08-27 12:48:13,BTCUSD_PERP,bid,62500,740.15
2024-08-27 12:48:13,BTCUSD_PERP,bid,62500,678.83
2024-08-27 12:48:13,BTCUSD_PERP,bid,62500,555.56
2024-08-27 12:48:14,BTCUSD_PERP,bid,62500,540.67
2024-08-27 12:51:50,BTCUSD_PERP,bid,62500,540.67
2024-08-27 13:00:41,BTCUSD_PERP,bid,62500,493.65
2024-08-27 13:00:41,BTCUSD_PERP,bid,62500,616.9
2024-08-27 13:01:26,BTCUSD_PERP,bid,62500,493.39
2024-08-27 13:07:26,BTCUSD_PERP,bid,62500,503.42
2024-08-27 13:07:27,BTCUSD_PERP,bid,62500,565.36
2024-08-27 13:07:27,BTCUSD_PERP,bid,62500,627.3
2024-08-27 13:17:01,BTCUSD_PERP,bid,62500,565.36
2024-08-27 13:17:02,BTCUSD_PERP,bid,62500,616.58
2024-08-27 13:25:35,BTCUSD_PERP,bid,62500,555.3
2024-08-27 13:25:36,BTCUSD_PERP,bid,62500,616.26
2024-08-27 13:25:46,BTCUSD_PERP,bid,62500,616.3
2024-08-27 13:28:54,BTCUSD_PERP,bid,62400,493.22
2024-08-27 13:28:54,BTCUSD_PERP,bid,62400,555.03
2024-08-27 13:31:04,BTCUSD_PERP,bid,62400,492.98
2024-08-27 13:31:04,BTCUSD_PERP,bid,62400,554.76
2024-08-27 13:33:00,BTCUSD_PERP,bid,62400,559.14
2024-08-27 14:28:11,BTCUSD_PERP,bid,62400,491.14
2024-08-27 14:28:11,BTCUSD_PERP,bid,62400,614.72
2024-08-27 14:28:12,BTCUSD_PERP,bid,62400,737.66
2024-08-27 14:28:12,BTCUSD_PERP,bid,62400,799.45
2024-08-27 14:28:12,BTCUSD_PERP,bid,62400,861.24
2024-08-27 14:28:12,BTCUSD_PERP,bid,62400,923.03
2024-08-27 14:28:12,BTCUSD_PERP,bid,62400,1045.97
2024-08-27 14:28:14,BTCUSD_PERP,bid,62400,1047.27
2024-08-27 14:28:15,BTCUSD_PERP,bid,62400,1049.51
2024-08-27 14:28:16,BTCUSD_PERP,bid,62400,1064.46
2024-08-27 14:28:41,BTCUSD_PERP,bid,62400,1064.64
2024-08-27 14:29:41,BTCUSD_PERP,bid,62400,1063.34
2024-08-27 14:34:22,BTCUSD_PERP,bid,62400,493.04
2024-08-27 14:34:22,BTCUSD_PERP,bid,62400,615.38
2024-08-27 14:34:22,BTCUSD_PERP,bid,62400,800.15
2024-08-27 14:34:22,BTCUSD_PERP,bid,62400,861.95
2024-08-27 14:34:22,BTCUSD_PERP,bid,62400,923.75
2024-08-27 14:39:34,BTCUSD_PERP,bid,62400,738.45
2024-08-27 15:01:11,BTCUSD_PERP,bid,62400,491.09
2024-08-27 15:01:11,BTCUSD_PERP,bid,62400,675.17
2024-08-27 15:01:11,BTCUSD_PERP,bid,62400,736.95
2024-08-27 15:01:11,BTCUSD_PERP,bid,62400,859.78
2024-08-27 15:01:11,BTCUSD_PERP,bid,62400,921.56
2024-08-27 15:01:12,BTCUSD_PERP,bid,62400,983.34
2024-08-27 15:01:12,BTCUSD_PERP,bid,62400,1045.12
2024-08-27 15:01:12,BTCUSD_PERP,bid,62400,1106.9
2024-08-27 15:04:10,BTCUSD_PERP,bid,62400,983.97
2024-08-27 15:04:11,BTCUSD_PERP,bid,62400,860.41
2024-08-27 15:04:11,BTCUSD_PERP,bid,62400,738.11
2024-08-27 15:04:11,BTCUSD_PERP,bid,62400,676.33
2024-08-27 15:04:11,BTCUSD_PERP,bid,62400,503.13
2024-08-27 15:04:11,BTCUSD_PERP,bid,62400,614.65
2024-08-27 15:04:11,BTCUSD_PERP,bid,62400,687.2
2024-08-27 15:04:11,BTCUSD_PERP,bid,62400,810.84
2024-08-27 15:04:12,BTCUSD_PERP,bid,62400,933.84
2024-08-27 15:04:12,BTCUSD_PERP,bid,62400,995.66
2024-08-27 15:04:12,BTCUSD_PERP,bid,62400,1056.84
2024-08-27 15:04:13,BTCUSD_PERP,bid,62400,1179.84
2024-08-27 15:04:49,BTCUSD_PERP,bid,62400,1118.02
2024-08-27 15:04:49,BTCUSD_PERP,bid,62400,995.02
2024-08-27 15:04:49,BTCUSD_PERP,bid,62400,933.84
2024-08-27 15:04:49,BTCUSD_PERP,bid,62400,810.2
2024-08-27 15:04:49,BTCUSD_PERP,bid,62400,748.38
2024-08-27 15:04:49,BTCUSD_PERP,bid,62400,687.2
2024-08-27 15:04:50,BTCUSD_PERP,bid,62400,625.38
2024-08-27 15:04:50,BTCUSD_PERP,bid,62400,563.67
2024-08-27 15:04:50,BTCUSD_PERP,bid,62400,493.44
2024-08-27 15:04:50,BTCUSD_PERP,bid,62400,555.29
2024-08-27 15:05:28,BTCUSD_PERP,bid,62400,493.44
2024-08-27 15:05:29,BTCUSD_PERP,bid,62400,553.2
2024-08-27 15:05:29,BTCUSD_PERP,bid,62400,615.02
2024-08-27 15:07:18,BTCUSD_PERP,bid,62400,553.2
2024-08-27 15:07:18,BTCUSD_PERP,bid,62400,492.02
2024-08-27 15:07:19,BTCUSD_PERP,bid,62400,491.72
2024-08-27 16:33:01,BTCUSD_PERP,bid,62400,492.36
2024-08-27 16:33:02,BTCUSD_PERP,bid,62400,553.51
2024-08-27 16:33:02,BTCUSD_PERP,bid,62400,615.29
2024-08-27 16:33:02,BTCUSD_PERP,bid,62400,676.45
2024-08-27 16:34:58,BTCUSD_PERP,bid,62400,614.67
2024-08-27 13:34:23,BTCUSD_PERP,bid,62300,800.66
2024-08-27 13:34:23,BTCUSD_PERP,bid,62300,861.77
2024-08-27 13:34:23,BTCUSD_PERP,bid,62300,923.51
2024-08-27 13:34:41,BTCUSD_PERP,bid,62300,861.77
2024-08-27 13:34:42,BTCUSD_PERP,bid,62300,553.39
2024-08-27 13:34:42,BTCUSD_PERP,bid,62300,615.09
2024-08-27 13:36:48,BTCUSD_PERP,bid,62300,491.48
2024-08-27 13:36:48,BTCUSD_PERP,bid,62300,614.82
2024-08-27 13:36:49,BTCUSD_PERP,bid,62300,675.87
2024-08-27 13:36:49,BTCUSD_PERP,bid,62300,737.54
2024-08-27 13:36:50,BTCUSD_PERP,bid,62300,798.58
2024-08-27 13:37:46,BTCUSD_PERP,bid,62300,675.24
2024-08-27 13:38:56,BTCUSD_PERP,bid,62300,490.27
2024-08-27 13:38:57,BTCUSD_PERP,bid,62300,675.34
2024-08-27 13:38:57,BTCUSD_PERP,bid,62300,798.72
2024-08-27 13:51:27,BTCUSD_PERP,bid,62300,490.93
2024-08-27 13:51:27,BTCUSD_PERP,bid,62300,736.4
2024-08-27 13:51:27,BTCUSD_PERP,bid,62300,798.08
2024-08-27 13:51:28,BTCUSD_PERP,bid,62300,921.34
2024-08-27 13:51:28,BTCUSD_PERP,bid,62300,1044.7
2024-08-27 13:51:28,BTCUSD_PERP,bid,62300,1106.38
2024-08-27 13:51:28,BTCUSD_PERP,bid,62300,1167.43
2024-08-27 13:52:47,BTCUSD_PERP,bid,62300,1105.75
2024-08-27 13:52:48,BTCUSD_PERP,bid,62300,1044.7
2024-08-27 13:52:48,BTCUSD_PERP,bid,62300,983.64
2024-08-27 13:52:48,BTCUSD_PERP,bid,62300,921.96
2024-08-27 13:52:48,BTCUSD_PERP,bid,62300,860.28
2024-08-27 13:52:48,BTCUSD_PERP,bid,62300,490.93
2024-08-27 14:08:16,BTCUSD_PERP,bid,62300,490.98
2024-08-27 14:08:16,BTCUSD_PERP,bid,62300,552.05
2024-08-27 14:08:16,BTCUSD_PERP,bid,62300,613.75
2024-08-27 14:11:45,BTCUSD_PERP,bid,62300,491.08
2024-08-27 14:11:46,BTCUSD_PERP,bid,62300,492.41
2024-08-27 14:14:47,BTCUSD_PERP,bid,62300,551.81
2024-08-27 14:14:57,BTCUSD_PERP,bid,62300,503.63
2024-08-27 14:14:57,BTCUSD_PERP,bid,62300,564.74
2024-08-27 14:15:19,BTCUSD_PERP,bid,62300,492.32
2024-08-27 14:16:40,BTCUSD_PERP,bid,62300,491.14
2024-08-27 14:22:25,BTCUSD_PERP,bid,62300,491.77
2024-08-27 14:22:26,BTCUSD_PERP,bid,62300,614.56
2024-08-27 14:22:26,BTCUSD_PERP,bid,62300,737.34
2024-08-27 14:22:26,BTCUSD_PERP,bid,62300,921.72
2024-08-27 14:22:26,BTCUSD_PERP,bid,62300,982.79
2024-08-27 14:22:26,BTCUSD_PERP,bid,62300,1044.5
2024-08-27 14:22:29,BTCUSD_PERP,bid,62300,1044.55
2024-08-27 14:25:53,BTCUSD_PERP,bid,62300,1044.5
2024-08-27 14:27:16,BTCUSD_PERP,bid,62300,922.22
2024-08-27 14:27:16,BTCUSD_PERP,bid,62300,983.33
2024-08-27 14:27:17,BTCUSD_PERP,bid,62300,1045.07
2024-08-27 14:28:10,BTCUSD_PERP,bid,62300,983.43
2024-08-27 14:28:10,BTCUSD_PERP,bid,62300,922.32
2024-08-27 14:28:11,BTCUSD_PERP,bid,62300,860.58
2024-08-27 14:28:11,BTCUSD_PERP,bid,62300,737.73
2024-08-27 14:28:11,BTCUSD_PERP,bid,62300,676.62
2024-08-27 14:28:11,BTCUSD_PERP,bid,62300,614.88
2024-08-27 14:28:11,BTCUSD_PERP,bid,62300,492.66
2024-08-27 14:29:57,BTCUSD_PERP,bid,62300,860.72
2024-08-27 14:29:58,BTCUSD_PERP,bid,62300,922.47
2024-08-27 14:34:21,BTCUSD_PERP,bid,62300,799.6
2024-08-27 14:34:21,BTCUSD_PERP,bid,62300,737.85
2024-08-27 14:34:21,BTCUSD_PERP,bid,62300,676.1
2024-08-27 14:34:21,BTCUSD_PERP,bid,62300,614.35
2024-08-27 14:34:22,BTCUSD_PERP,bid,62300,552.6
2024-08-27 14:39:35,BTCUSD_PERP,bid,62300,676.93
2024-08-27 14:41:17,BTCUSD_PERP,bid,62300,491.85
2024-08-27 14:46:38,BTCUSD_PERP,bid,62300,490.29
2024-08-27 14:46:38,BTCUSD_PERP,bid,62300,797.43
2024-08-27 14:46:38,BTCUSD_PERP,bid,62300,859.11
2024-08-27 14:49:13,BTCUSD_PERP,bid,62300,674.42
2024-08-27 14:49:13,BTCUSD_PERP,bid,62300,797.84
2024-08-27 14:49:13,BTCUSD_PERP,bid,62300,859.55
2024-08-27 14:49:16,BTCUSD_PERP,bid,62300,859.6
2024-08-27 14:52:47,BTCUSD_PERP,bid,62300,859.55
2024-08-27 14:56:00,BTCUSD_PERP,bid,62300,798.46
2024-08-27 14:56:00,BTCUSD_PERP,bid,62300,675.67
2024-08-27 14:56:00,BTCUSD_PERP,bid,62300,552.88
2024-08-27 14:56:01,BTCUSD_PERP,bid,62300,553.14
2024-08-27 14:56:01,BTCUSD_PERP,bid,62300,676.62
2024-08-27 14:56:01,BTCUSD_PERP,bid,62300,738.26
2024-08-27 14:56:02,BTCUSD_PERP,bid,62300,861.74
2024-08-27 14:56:02,BTCUSD_PERP,bid,62300,1045.09
2024-08-27 14:56:02,BTCUSD_PERP,bid,62300,1106.83
2024-08-27 14:56:02,BTCUSD_PERP,bid,62300,492.33
2024-08-27 14:56:15,BTCUSD_PERP,bid,62300,1106.87
2024-08-27 14:59:41,BTCUSD_PERP,bid,62300,1106.83
2024-08-27 15:01:10,BTCUSD_PERP,bid,62300,1045.09
2024-08-27 15:01:10,BTCUSD_PERP,bid,62300,922.24
2024-08-27 15:01:10,BTCUSD_PERP,bid,62300,861.13
2024-08-27 15:01:10,BTCUSD_PERP,bid,62300,800.01
2024-08-27 15:01:10,BTCUSD_PERP,bid,62300,738.27
2024-08-27 15:01:10,BTCUSD_PERP,bid,62300,676.53
2024-08-27 15:01:11,BTCUSD_PERP,bid,62300,615.42
2024-08-27 15:01:11,BTCUSD_PERP,bid,62300,554.31
2024-08-27 15:01:12,BTCUSD_PERP,bid,62300,538.94
2024-08-27 15:04:12,BTCUSD_PERP,bid,62300,487.97
2024-08-27 15:09:48,BTCUSD_PERP,bid,62300,614.98
2024-08-27 15:09:49,BTCUSD_PERP,bid,62300,676.1
2024-08-27 15:11:17,BTCUSD_PERP,bid,62300,614.02
2024-08-27 15:11:17,BTCUSD_PERP,bid,62300,675.74
2024-08-27 16:07:22,BTCUSD_PERP,bid,62300,492.41
2024-08-27 16:07:22,BTCUSD_PERP,bid,62300,554.12
2024-08-27 16:07:22,BTCUSD_PERP,bid,62300,615.83
2024-08-27 16:07:23,BTCUSD_PERP,bid,62300,737.97
2024-08-27 16:07:23,BTCUSD_PERP,bid,62300,799.68
2024-08-27 16:07:23,BTCUSD_PERP,bid,62300,861.39
2024-08-27 16:07:23,BTCUSD_PERP,bid,62300,984.07
2024-08-27 16:08:38,BTCUSD_PERP,bid,62300,922.36
2024-08-27 16:08:38,BTCUSD_PERP,bid,62300,861.28
2024-08-27 16:08:38,BTCUSD_PERP,bid,62300,799.68
2024-08-27 16:08:38,BTCUSD_PERP,bid,62300,615.18
2024-08-27 16:08:38,BTCUSD_PERP,bid,62300,491.44
2024-08-27 16:08:38,BTCUSD_PERP,bid,62300,553.47
2024-08-27 16:08:39,BTCUSD_PERP,bid,62300,491.76
2024-08-27 16:08:39,BTCUSD_PERP,bid,62300,614.15
2024-08-27 16:08:39,BTCUSD_PERP,bid,62300,675.83
2024-08-27 16:08:39,BTCUSD_PERP,bid,62300,737.51
2024-08-27 16:08:40,BTCUSD_PERP,bid,62300,860.87
2024-08-27 16:08:40,BTCUSD_PERP,bid,62300,1044.61
2024-08-27 16:09:15,BTCUSD_PERP,bid,62300,1048.98
2024-08-27 16:10:12,BTCUSD_PERP,bid,62300,497.18
2024-08-27 16:14:06,BTCUSD_PERP,bid,62300,552.97
2024-08-27 16:14:06,BTCUSD_PERP,bid,62300,614.05
2024-08-27 16:14:06,BTCUSD_PERP,bid,62300,675.77
2024-08-27 16:14:07,BTCUSD_PERP,bid,62300,797.94
2024-08-27 16:14:07,BTCUSD_PERP,bid,62300,859.66
2024-08-27 16:14:07,BTCUSD_PERP,bid,62300,921.38
2024-08-27 16:14:07,BTCUSD_PERP,bid,62300,982.46
2024-08-27 16:14:07,BTCUSD_PERP,bid,62300,1044.18
2024-08-27 16:14:07,BTCUSD_PERP,bid,62300,1105.9
2024-08-27 16:16:37,BTCUSD_PERP,bid,62300,1044.29
2024-08-27 16:16:37,BTCUSD_PERP,bid,62300,983.21
2024-08-27 16:16:38,BTCUSD_PERP,bid,62300,859.77
2024-08-27 16:16:38,BTCUSD_PERP,bid,62300,737.6
2024-08-27 16:16:38,BTCUSD_PERP,bid,62300,614.8
2024-08-27 16:16:39,BTCUSD_PERP,bid,62300,491.99
2024-08-27 16:16:39,BTCUSD_PERP,bid,62300,491.49
2024-08-27 16:16:39,BTCUSD_PERP,bid,62300,614.36
2024-08-27 16:16:39,BTCUSD_PERP,bid,62300,675.48
2024-08-27 16:16:39,BTCUSD_PERP,bid,62300,798.35
2024-08-27 16:16:39,BTCUSD_PERP,bid,62300,921.85
2024-08-27 16:16:39,BTCUSD_PERP,bid,62300,983.6
2024-08-27 16:33:00,BTCUSD_PERP,bid,62300,922.48
2024-08-27 16:33:00,BTCUSD_PERP,bid,62300,799.61
2024-08-27 16:33:00,BTCUSD_PERP,bid,62300,737.86
2024-08-27 16:33:00,BTCUSD_PERP,bid,62300,676.74
2024-08-27 16:33:00,BTCUSD_PERP,bid,62300,614.99
2024-08-27 16:33:01,BTCUSD_PERP,bid,62300,553.24
2024-08-27 16:34:58,BTCUSD_PERP,bid,62300,678.43
2024-08-27 16:34:58,BTCUSD_PERP,bid,62300,985.92
2024-08-27 16:34:58,BTCUSD_PERP,bid,62300,1047.67
2024-08-27 16:36:19,BTCUSD_PERP,bid,62300,863.04
2024-08-27 16:36:19,BTCUSD_PERP,bid,62300,552.14
2024-08-27 16:36:20,BTCUSD_PERP,bid,62300,674.93
2024-08-27 16:36:20,BTCUSD_PERP,bid,62300,736.64
2024-08-27 16:36:34,BTCUSD_PERP,bid,62300,674.93
2024-08-27 16:36:34,BTCUSD_PERP,bid,62300,490.79
2024-08-27 16:36:34,BTCUSD_PERP,bid,62300,1043.99
2024-08-27 16:37:51,BTCUSD_PERP,bid,62300,982.95
2024-08-27 16:37:51,BTCUSD_PERP,bid,62300,798.55
2024-08-27 16:37:51,BTCUSD_PERP,bid,62300,675.82
2024-08-27 16:37:51,BTCUSD_PERP,bid,62300,614.14
2024-08-27 16:37:52,BTCUSD_PERP,bid,62300,552.57
2024-08-27 17:40:03,BTCUSD_PERP,bid,62300,992.39
2024-08-27 17:40:04,BTCUSD_PERP,bid,62300,992.4
2024-08-27 17:40:04,BTCUSD_PERP,bid,62300,992.39
2024-08-27 17:40:06,BTCUSD_PERP,bid,62300,992.39
2024-08-27 17:40:09,BTCUSD_PERP,bid,62300,991.59
2024-08-27 17:40:09,BTCUSD_PERP,bid,62300,991.67
2024-08-27 17:40:10,BTCUSD_PERP,bid,62300,991.59
2024-08-27 17:40:10,BTCUSD_PERP,bid,62300,991.71
2024-08-27 17:40:10,BTCUSD_PERP,bid,62300,993.7
2024-08-27 17:40:10,BTCUSD_PERP,bid,62300,993.71
2024-08-27 17:40:11,BTCUSD_PERP,bid,62300,993.91
2024-08-27 17:40:11,BTCUSD_PERP,bid,62300,994.03
2024-08-27 17:40:11,BTCUSD_PERP,bid,62300,994.53
2024-08-27 17:40:12,BTCUSD_PERP,bid,62300,994.03
2024-08-27 17:40:12,BTCUSD_PERP,bid,62300,994.53
2024-08-27 17:40:13,BTCUSD_PERP,bid,62300,995.53
2024-08-27 17:40:13,BTCUSD_PERP,bid,62300,995.57
2024-08-27 17:40:13,BTCUSD_PERP,bid,62300,995.55
2024-08-27 17:40:14,BTCUSD_PERP,bid,62300,995.57
2024-08-27 17:40:14,BTCUSD_PERP,bid,62300,992.89
2024-08-27 17:40:14,BTCUSD_PERP,bid,62300,992.41
2024-08-27 17:40:14,BTCUSD_PERP,bid,62300,992.37
2024-08-27 17:40:17,BTCUSD_PERP,bid,62300,501.05
2024-08-27 17:40:19,BTCUSD_PERP,bid,62300,501.05
2024-08-27 17:40:21,BTCUSD_PERP,bid,62300,992.37
2024-08-27 17:40:21,BTCUSD_PERP,bid,62300,992.08
2024-08-27 17:40:21,BTCUSD_PERP,bid,62300,500.0
2024-08-27 17:40:39,BTCUSD_PERP,bid,62300,1000.16
2024-08-27 17:40:39,BTCUSD_PERP,bid,62300,1001.06
2024-08-27 17:40:39,BTCUSD_PERP,bid,62300,1000.0
2024-08-27 17:40:42,BTCUSD_PERP,bid,62300,1001.99
2024-08-27 17:40:43,BTCUSD_PERP,bid,62300,1001.99
2024-08-27 17:40:43,BTCUSD_PERP,bid,62300,1000.0
2024-08-27 17:40:44,BTCUSD_PERP,bid,62300,1000.08
2024-08-27 17:40:45,BTCUSD_PERP,bid,62300,1000.0
2024-08-27 17:41:00,BTCUSD_PERP,bid,62300,991.28
2024-08-27 17:41:00,BTCUSD_PERP,bid,62300,998.05
2024-08-27 17:41:01,BTCUSD_PERP,bid,62300,956.72
2024-08-27 17:41:01,BTCUSD_PERP,bid,62300,953.53
2024-08-27 17:41:01,BTCUSD_PERP,bid,62300,953.25
2024-08-27 17:41:01,BTCUSD_PERP,bid,62300,953.12
2024-08-27 17:41:01,BTCUSD_PERP,bid,62300,951.53
2024-08-27 17:41:01,BTCUSD_PERP,bid,62300,950.76
2024-08-27 17:41:01,BTCUSD_PERP,bid,62300,949.94
2024-08-27 17:41:02,BTCUSD_PERP,bid,62300,946.04
2024-08-27 17:41:02,BTCUSD_PERP,bid,62300,946.0
2024-08-27 17:41:02,BTCUSD_PERP,bid,62300,941.66
2024-08-27 17:41:02,BTCUSD_PERP,bid,62300,941.51
2024-08-27 17:41:02,BTCUSD_PERP,bid,62300,941.5
2024-08-27 17:41:02,BTCUSD_PERP,bid,62300,941.17
2024-08-27 17:41:03,BTCUSD_PERP,bid,62300,941.04
2024-08-27 17:41:03,BTCUSD_PERP,bid,62300,937.55
2024-08-27 17:41:03,BTCUSD_PERP,bid,62300,929.72
2024-08-27 17:41:03,BTCUSD_PERP,bid,62300,929.68
2024-08-27 17:41:04,BTCUSD_PERP,bid,62300,929.32
2024-08-27 17:41:04,BTCUSD_PERP,bid,62300,929.43
2024-08-27 17:41:04,BTCUSD_PERP,bid,62300,929.09
2024-08-27 17:41:04,BTCUSD_PERP,bid,62300,929.02
2024-08-27 17:41:04,BTCUSD_PERP,bid,62300,915.13
2024-08-27 17:41:04,BTCUSD_PERP,bid,62300,991.36
2024-08-27 17:41:04,BTCUSD_PERP,bid,62300,899.34
2024-08-27 17:41:05,BTCUSD_PERP,bid,62300,895.34
2024-08-27 17:41:05,BTCUSD_PERP,bid,62300,893.97
2024-08-27 17:41:05,BTCUSD_PERP,bid,62300,991.28
2024-08-27 17:41:05,BTCUSD_PERP,bid,62300,893.1
2024-08-27 17:41:05,BTCUSD_PERP,bid,62300,895.14
2024-08-27 17:41:05,BTCUSD_PERP,bid,62300,894.64
2024-08-27 17:41:06,BTCUSD_PERP,bid,62300,894.6
2024-08-27 17:41:06,BTCUSD_PERP,bid,62300,893.6
2024-08-27 17:41:06,BTCUSD_PERP,bid,62300,893.6
2024-08-27 17:41:06,BTCUSD_PERP,bid,62300,893.59
2024-08-27 17:41:07,BTCUSD_PERP,bid,62300,893.6
2024-08-27 17:41:07,BTCUSD_PERP,bid,62300,893.59
2024-08-27 17:41:07,BTCUSD_PERP,bid,62300,892.97
2024-08-27 17:41:07,BTCUSD_PERP,bid,62300,875.77
2024-08-27 17:41:07,BTCUSD_PERP,bid,62300,875.89
2024-08-27 17:41:08,BTCUSD_PERP,bid,62300,875.97
2024-08-27 17:41:08,BTCUSD_PERP,bid,62300,875.93
2024-08-27 17:41:08,BTCUSD_PERP,bid,62300,865.83
2024-08-27 17:41:08,BTCUSD_PERP,bid,62300,865.75
2024-08-27 17:41:08,BTCUSD_PERP,bid,62300,865.74
2024-08-27 17:41:09,BTCUSD_PERP,bid,62300,865.82
2024-08-27 17:41:09,BTCUSD_PERP,bid,62300,865.9
2024-08-27 17:41:10,BTCUSD_PERP,bid,62300,865.86
2024-08-27 17:41:10,BTCUSD_PERP,bid,62300,865.85
2024-08-27 17:41:12,BTCUSD_PERP,bid,62300,865.8
2024-08-27 17:41:12,BTCUSD_PERP,bid,62300,865.79
2024-08-27 17:41:12,BTCUSD_PERP,bid,62300,865.71
2024-08-27 17:41:12,BTCUSD_PERP,bid,62300,865.83
2024-08-27 17:41:12,BTCUSD_PERP,bid,62300,865.82
2024-08-27 17:41:13,BTCUSD_PERP,bid,62300,865.83
2024-08-27 17:41:14,BTCUSD_PERP,bid,62300,865.79
2024-08-27 17:41:14,BTCUSD_PERP,bid,62300,865.62
2024-08-27 17:41:14,BTCUSD_PERP,bid,62300,865.6
2024-08-27 17:41:16,BTCUSD_PERP,bid,62300,865.56
2024-08-27 17:41:16,BTCUSD_PERP,bid,62300,864.85
2024-08-27 17:41:16,BTCUSD_PERP,bid,62300,864.83
2024-08-27 17:41:16,BTCUSD_PERP,bid,62300,864.82
2024-08-27 17:41:17,BTCUSD_PERP,bid,62300,865.94
2024-08-27 17:41:17,BTCUSD_PERP,bid,62300,864.94
2024-08-27 17:41:18,BTCUSD_PERP,bid,62300,864.9
2024-08-27 17:41:18,BTCUSD_PERP,bid,62300,864.89
2024-08-27 17:41:18,BTCUSD_PERP,bid,62300,986.3
2024-08-27 17:41:18,BTCUSD_PERP,bid,62300,983.91
2024-08-27 17:41:19,BTCUSD_PERP,bid,62300,988.61
2024-08-27 17:41:19,BTCUSD_PERP,bid,62300,988.6
2024-08-27 17:41:19,BTCUSD_PERP,bid,62300,986.35
2024-08-27 17:41:19,BTCUSD_PERP,bid,62300,987.35
2024-08-27 17:41:20,BTCUSD_PERP,bid,62300,986.35
2024-08-27 17:41:20,BTCUSD_PERP,bid,62300,986.4
2024-08-27 17:41:20,BTCUSD_PERP,bid,62300,986.36
2024-08-27 17:41:20,BTCUSD_PERP,bid,62300,986.32
2024-08-27 17:41:20,BTCUSD_PERP,bid,62300,986.21
2024-08-27 17:41:20,BTCUSD_PERP,bid,62300,986.13
2024-08-27 17:41:21,BTCUSD_PERP,bid,62300,986.07
2024-08-27 17:41:21,BTCUSD_PERP,bid,62300,986.05
2024-08-27 17:41:21,BTCUSD_PERP,bid,62300,986.04
2024-08-27 17:41:21,BTCUSD_PERP,bid,62300,986.03
2024-08-27 17:41:21,BTCUSD_PERP,bid,62300,985.78
2024-08-27 17:41:21,BTCUSD_PERP,bid,62300,985.61
2024-08-27 17:41:23,BTCUSD_PERP,bid,62300,985.58
2024-08-27 17:41:24,BTCUSD_PERP,bid,62300,985.57
2024-08-27 17:41:24,BTCUSD_PERP,bid,62300,985.51
2024-08-27 17:41:24,BTCUSD_PERP,bid,62300,985.39
2024-08-27 17:41:25,BTCUSD_PERP,bid,62300,985.4
2024-08-27 17:41:26,BTCUSD_PERP,bid,62300,985.23
2024-08-27 17:41:29,BTCUSD_PERP,bid,62300,985.21
2024-08-27 17:41:29,BTCUSD_PERP,bid,62300,985.03
2024-08-27 17:41:30,BTCUSD_PERP,bid,62300,985.02
2024-08-27 17:41:31,BTCUSD_PERP,bid,62300,985.03
2024-08-27 17:41:31,BTCUSD_PERP,bid,62300,988.38
2024-08-27 17:41:31,BTCUSD_PERP,bid,62300,989.88
2024-08-27 17:41:33,BTCUSD_PERP,bid,62300,988.27
2024-08-27 17:41:34,BTCUSD_PERP,bid,62300,984.21
2024-08-27 17:41:35,BTCUSD_PERP,bid,62300,984.2
2024-08-27 17:41:37,BTCUSD_PERP,bid,62300,984.2
2024-08-27 17:41:39,BTCUSD_PERP,bid,62300,982.7
2024-08-27 13:35:00,BTCUSD_PERP,bid,62200,553.07
2024-08-27 13:35:01,BTCUSD_PERP,bid,62200,860.11
2024-08-27 13:35:01,BTCUSD_PERP,bid,62200,921.77
2024-08-27 13:35:33,BTCUSD_PERP,bid,62200,799.07
2024-08-27 13:35:43,BTCUSD_PERP,bid,62200,490.29
2024-08-27 13:35:43,BTCUSD_PERP,bid,62200,551.87
2024-08-27 13:35:43,BTCUSD_PERP,bid,62200,613.45
2024-08-27 13:35:53,BTCUSD_PERP,bid,62200,552.5
2024-08-27 13:35:54,BTCUSD_PERP,bid,62200,491.55
2024-08-27 13:36:11,BTCUSD_PERP,bid,62200,490.83
2024-08-27 13:36:11,BTCUSD_PERP,bid,62200,552.42
2024-08-27 13:36:22,BTCUSD_PERP,bid,62200,491.76
2024-08-27 13:36:23,BTCUSD_PERP,bid,62200,552.75
2024-08-27 13:36:47,BTCUSD_PERP,bid,62200,491.76
2024-08-27 13:36:49,BTCUSD_PERP,bid,62200,502.13
2024-08-27 13:36:49,BTCUSD_PERP,bid,62200,563.74
2024-08-27 13:37:46,BTCUSD_PERP,bid,62200,491.54
2024-08-27 13:37:46,BTCUSD_PERP,bid,62200,736.55
2024-08-27 13:37:46,BTCUSD_PERP,bid,62200,553.08
2024-08-27 13:37:46,BTCUSD_PERP,bid,62200,798.19
2024-08-27 13:38:56,BTCUSD_PERP,bid,62200,491.96
2024-08-27 13:38:56,BTCUSD_PERP,bid,62200,736.55
2024-08-27 13:38:56,BTCUSD_PERP,bid,62200,614.51
2024-08-27 13:38:56,BTCUSD_PERP,bid,62200,491.86
2024-08-27 13:42:53,BTCUSD_PERP,bid,62200,491.08
2024-08-27 13:42:53,BTCUSD_PERP,bid,62200,674.69
2024-08-27 13:46:38,BTCUSD_PERP,bid,62200,490.6
2024-08-27 13:46:49,BTCUSD_PERP,bid,62200,490.36
2024-08-27 13:47:57,BTCUSD_PERP,bid,62200,613.98
2024-08-27 13:47:57,BTCUSD_PERP,bid,62200,675.0
2024-08-27 13:47:57,BTCUSD_PERP,bid,62200,736.65
2024-08-27 13:47:57,BTCUSD_PERP,bid,62200,798.3
2024-08-27 13:47:58,BTCUSD_PERP,bid,62200,1043.54
2024-08-27 13:51:26,BTCUSD_PERP,bid,62200,920.24
2024-08-27 13:51:27,BTCUSD_PERP,bid,62200,859.22
2024-08-27 13:51:27,BTCUSD_PERP,bid,62200,797.57
2024-08-27 13:51:27,BTCUSD_PERP,bid,62200,675.53
2024-08-27 13:51:27,BTCUSD_PERP,bid,62200,553.49
2024-08-27 13:51:29,BTCUSD_PERP,bid,62200,491.86
2024-08-27 13:52:48,BTCUSD_PERP,bid,62200,491.6
2024-08-27 13:52:48,BTCUSD_PERP,bid,62200,1044.18
2024-08-27 13:52:48,BTCUSD_PERP,bid,62200,1105.83
2024-08-27 13:52:49,BTCUSD_PERP,bid,62200,1166.85
2024-08-27 13:53:25,BTCUSD_PERP,bid,62200,1044.18
2024-08-27 13:53:25,BTCUSD_PERP,bid,62200,921.51
2024-08-27 13:53:25,BTCUSD_PERP,bid,62200,737.82
2024-08-27 13:53:25,BTCUSD_PERP,bid,62200,676.17
2024-08-27 13:53:26,BTCUSD_PERP,bid,62200,551.97
2024-08-27 13:53:26,BTCUSD_PERP,bid,62200,614.62
2024-08-27 13:53:26,BTCUSD_PERP,bid,62200,552.97
2024-08-27 13:53:26,BTCUSD_PERP,bid,62200,736.83
2024-08-27 13:53:26,BTCUSD_PERP,bid,62200,1104.66
2024-08-27 13:53:26,BTCUSD_PERP,bid,62200,1166.28
2024-08-27 14:01:31,BTCUSD_PERP,bid,62200,1043.67
2024-08-27 14:01:31,BTCUSD_PERP,bid,62200,982.05
2024-08-27 14:01:32,BTCUSD_PERP,bid,62200,920.43
2024-08-27 14:01:32,BTCUSD_PERP,bid,62200,858.81
2024-08-27 14:01:32,BTCUSD_PERP,bid,62200,797.82
2024-08-27 14:01:32,BTCUSD_PERP,bid,62200,674.68
2024-08-27 14:01:32,BTCUSD_PERP,bid,62200,613.06
2024-08-27 14:01:32,BTCUSD_PERP,bid,62200,552.07
2024-08-27 14:01:33,BTCUSD_PERP,bid,62200,491.08
2024-08-27 14:01:33,BTCUSD_PERP,bid,62200,490.03
2024-08-27 14:01:33,BTCUSD_PERP,bid,62200,551.69
2024-08-27 14:01:33,BTCUSD_PERP,bid,62200,675.01
2024-08-27 14:01:33,BTCUSD_PERP,bid,62200,798.33
2024-08-27 14:01:33,BTCUSD_PERP,bid,62200,859.36
2024-08-27 14:01:34,BTCUSD_PERP,bid,62200,920.39
2024-08-27 14:01:39,BTCUSD_PERP,bid,62200,920.44
2024-08-27 14:05:02,BTCUSD_PERP,bid,62200,920.39
2024-08-27 14:08:14,BTCUSD_PERP,bid,62200,858.73
2024-08-27 14:08:14,BTCUSD_PERP,bid,62200,797.07
2024-08-27 14:08:14,BTCUSD_PERP,bid,62200,735.41
2024-08-27 14:08:14,BTCUSD_PERP,bid,62200,673.75
2024-08-27 14:08:14,BTCUSD_PERP,bid,62200,612.72
2024-08-27 14:08:15,BTCUSD_PERP,bid,62200,551.06
2024-08-27 14:08:15,BTCUSD_PERP,bid,62200,490.03
2024-08-27 14:08:58,BTCUSD_PERP,bid,62200,859.49
2024-08-27 14:08:58,BTCUSD_PERP,bid,62200,921.16
2024-08-27 14:11:44,BTCUSD_PERP,bid,62200,859.49
2024-08-27 14:11:44,BTCUSD_PERP,bid,62200,614.7
2024-08-27 14:11:45,BTCUSD_PERP,bid,62200,553.03
2024-08-27 14:17:41,BTCUSD_PERP,bid,62200,490.84
2024-08-27 14:44:49,BTCUSD_PERP,bid,62200,797.04
2024-08-27 14:44:49,BTCUSD_PERP,bid,62200,858.69
2024-08-27 15:18:54,BTCUSD_PERP,bid,62200,490.42
2024-08-27 15:18:54,BTCUSD_PERP,bid,62200,552.04
2024-08-27 15:20:06,BTCUSD_PERP,bid,62200,490.42
2024-08-27 15:20:07,BTCUSD_PERP,bid,62200,491.46
2024-08-27 15:20:07,BTCUSD_PERP,bid,62200,491.51
2024-08-27 15:20:07,BTCUSD_PERP,bid,62200,553.17
2024-08-27 15:20:07,BTCUSD_PERP,bid,62200,537.86
2024-08-27 15:20:07,BTCUSD_PERP,bid,62200,614.83
2024-08-27 15:20:07,BTCUSD_PERP,bid,62200,738.15
2024-08-27 15:20:07,BTCUSD_PERP,bid,62200,860.84
2024-08-27 15:20:08,BTCUSD_PERP,bid,62200,922.5
2024-08-27 15:20:08,BTCUSD_PERP,bid,62200,1106.22
2024-08-27 15:20:14,BTCUSD_PERP,bid,62200,1106.27
2024-08-27 15:21:29,BTCUSD_PERP,bid,62200,1044.61
2024-08-27 15:21:29,BTCUSD_PERP,bid,62200,982.95
2024-08-27 15:21:29,BTCUSD_PERP,bid,62200,737.67
2024-08-27 15:21:29,BTCUSD_PERP,bid,62200,490.42
2024-08-27 15:21:29,BTCUSD_PERP,bid,62200,615.61
2024-08-27 15:21:30,BTCUSD_PERP,bid,62200,551.42
2024-08-27 15:21:30,BTCUSD_PERP,bid,62200,554.58
2024-08-27 15:21:30,BTCUSD_PERP,bid,62200,674.05
2024-08-27 15:21:30,BTCUSD_PERP,bid,62200,735.68
2024-08-27 15:21:30,BTCUSD_PERP,bid,62200,796.68
2024-08-27 15:21:30,BTCUSD_PERP,bid,62200,919.99
2024-08-27 15:21:31,BTCUSD_PERP,bid,62200,981.62
2024-08-27 15:21:31,BTCUSD_PERP,bid,62200,1104.88
2024-08-27 15:25:05,BTCUSD_PERP,bid,62200,1104.83
2024-08-27 15:25:09,BTCUSD_PERP,bid,62200,1043.83
2024-08-27 15:25:10,BTCUSD_PERP,bid,62200,921.83
2024-08-27 15:25:10,BTCUSD_PERP,bid,62200,860.83
2024-08-27 15:25:10,BTCUSD_PERP,bid,62200,799.2
2024-08-27 15:25:10,BTCUSD_PERP,bid,62200,737.57
2024-08-27 15:25:10,BTCUSD_PERP,bid,62200,675.94
2024-08-27 15:25:10,BTCUSD_PERP,bid,62200,490.14
2024-08-27 15:25:10,BTCUSD_PERP,bid,62200,614.41
2024-08-27 15:25:10,BTCUSD_PERP,bid,62200,551.73
2024-08-27 15:25:10,BTCUSD_PERP,bid,62200,981.6
2024-08-27 15:25:10,BTCUSD_PERP,bid,62200,1043.19
2024-08-27 15:25:11,BTCUSD_PERP,bid,62200,1104.16
2024-08-27 15:29:10,BTCUSD_PERP,bid,62200,981.61
2024-08-27 15:29:10,BTCUSD_PERP,bid,62200,858.43
2024-08-27 15:29:10,BTCUSD_PERP,bid,62200,674.29
2024-08-27 15:32:16,BTCUSD_PERP,bid,62200,490.19
2024-08-27 15:32:16,BTCUSD_PERP,bid,62200,613.41
2024-08-27 15:32:16,BTCUSD_PERP,bid,62200,675.02
2024-08-27 15:32:17,BTCUSD_PERP,bid,62200,736.63
2024-08-27 15:39:32,BTCUSD_PERP,bid,62200,614.74
2024-08-27 15:39:32,BTCUSD_PERP,bid,62200,676.35
2024-08-27 15:39:32,BTCUSD_PERP,bid,62200,798.94
2024-08-27 15:39:33,BTCUSD_PERP,bid,62200,859.92
2024-08-27 15:39:33,BTCUSD_PERP,bid,62200,921.53
2024-08-27 15:40:32,BTCUSD_PERP,bid,62200,859.92
2024-08-27 15:40:32,BTCUSD_PERP,bid,62200,614.74
2024-08-27 15:40:32,BTCUSD_PERP,bid,62200,859.52
2024-08-27 15:40:32,BTCUSD_PERP,bid,62200,921.1
2024-08-27 15:44:17,BTCUSD_PERP,bid,62200,490.84
2024-08-27 15:44:17,BTCUSD_PERP,bid,62200,552.42
2024-08-27 15:44:17,BTCUSD_PERP,bid,62200,797.38
2024-08-27 15:44:18,BTCUSD_PERP,bid,62200,858.96
2024-08-27 15:44:18,BTCUSD_PERP,bid,62200,982.12
2024-08-27 15:44:53,BTCUSD_PERP,bid,62200,982.16
2024-08-27 15:46:37,BTCUSD_PERP,bid,62200,921.21
2024-08-27 15:46:37,BTCUSD_PERP,bid,62200,859.63
2024-08-27 15:46:37,BTCUSD_PERP,bid,62200,737.1
2024-08-27 15:46:37,BTCUSD_PERP,bid,62200,615.2
2024-08-27 15:46:37,BTCUSD_PERP,bid,62200,553.62
2024-08-27 15:46:37,BTCUSD_PERP,bid,62200,492.04
2024-08-27 15:46:37,BTCUSD_PERP,bid,62200,490.46
2024-08-27 15:46:38,BTCUSD_PERP,bid,62200,552.08
2024-08-27 15:46:38,BTCUSD_PERP,bid,62200,674.7
2024-08-27 15:46:38,BTCUSD_PERP,bid,62200,736.32
2024-08-27 15:46:38,BTCUSD_PERP,bid,62200,797.94
2024-08-27 15:46:38,BTCUSD_PERP,bid,62200,859.46
2024-08-27 15:46:38,BTCUSD_PERP,bid,62200,869.82
2024-08-27 15:46:38,BTCUSD_PERP,bid,62200,930.81
2024-08-27 15:46:38,BTCUSD_PERP,bid,62200,1054.05
2024-08-27 15:48:25,BTCUSD_PERP,bid,62200,869.19
2024-08-27 15:48:25,BTCUSD_PERP,bid,62200,798.69
2024-08-27 15:49:23,BTCUSD_PERP,bid,62200,737.1
2024-08-27 15:49:24,BTCUSD_PERP,bid,62200,675.51
2024-08-27 15:49:24,BTCUSD_PERP,bid,62200,553.06
2024-08-27 15:49:24,BTCUSD_PERP,bid,62200,492.1
2024-08-27 15:49:24,BTCUSD_PERP,bid,62200,489.72
2024-08-27 15:49:25,BTCUSD_PERP,bid,62200,674.58
2024-08-27 15:49:25,BTCUSD_PERP,bid,62200,735.58
2024-08-27 15:57:58,BTCUSD_PERP,bid,62200,674.59
2024-08-27 15:57:58,BTCUSD_PERP,bid,62200,612.97
2024-08-27 15:57:58,BTCUSD_PERP,bid,62200,551.98
2024-08-27 15:57:59,BTCUSD_PERP,bid,62200,490.99
2024-08-27 15:57:59,BTCUSD_PERP,bid,62200,552.38
2024-08-27 15:57:59,BTCUSD_PERP,bid,62200,614.04
2024-08-27 15:57:59,BTCUSD_PERP,bid,62200,737.36
2024-08-27 15:58:00,BTCUSD_PERP,bid,62200,799.02
2024-08-27 15:58:00,BTCUSD_PERP,bid,62200,921.72
2024-08-27 15:58:00,BTCUSD_PERP,bid,62200,982.76
2024-08-27 16:01:30,BTCUSD_PERP,bid,62200,982.71
2024-08-27 16:01:33,BTCUSD_PERP,bid,62200,921.2
2024-08-27 16:04:31,BTCUSD_PERP,bid,62200,798.57
2024-08-27 16:04:31,BTCUSD_PERP,bid,62200,737.57
2024-08-27 16:04:31,BTCUSD_PERP,bid,62200,675.94
2024-08-27 16:04:32,BTCUSD_PERP,bid,62200,614.31
2024-08-27 16:04:32,BTCUSD_PERP,bid,62200,552.78
2024-08-27 16:04:32,BTCUSD_PERP,bid,62200,491.78
2024-08-27 16:04:32,BTCUSD_PERP,bid,62200,491.37
2024-08-27 16:04:32,BTCUSD_PERP,bid,62200,552.41
2024-08-27 16:04:32,BTCUSD_PERP,bid,62200,736.79
2024-08-27 16:04:32,BTCUSD_PERP,bid,62200,798.46
2024-08-27 16:04:32,BTCUSD_PERP,bid,62200,860.13
2024-08-27 16:04:32,BTCUSD_PERP,bid,62200,921.8
2024-08-27 16:04:33,BTCUSD_PERP,bid,62200,982.84
2024-08-27 16:04:33,BTCUSD_PERP,bid,62200,1044.51
2024-08-27 16:04:55,BTCUSD_PERP,bid,62200,1044.56
2024-08-27 16:07:21,BTCUSD_PERP,bid,62200,983.52
2024-08-27 16:07:21,BTCUSD_PERP,bid,62200,921.85
2024-08-27 16:07:21,BTCUSD_PERP,bid,62200,798.51
2024-08-27 16:07:22,BTCUSD_PERP,bid,62200,737.47
2024-08-27 16:07:22,BTCUSD_PERP,bid,62200,675.8
2024-08-27 16:07:22,BTCUSD_PERP,bid,62200,614.13
2024-08-27 16:07:22,BTCUSD_PERP,bid,62200,553.09
2024-08-27 16:07:22,BTCUSD_PERP,bid,62200,491.42
2024-08-27 16:10:13,BTCUSD_PERP,bid,62200,983.01
2024-08-27 16:10:13,BTCUSD_PERP,bid,62200,1044.03
2024-08-27 16:10:14,BTCUSD_PERP,bid,62200,1045.33
2024-08-27 16:10:15,BTCUSD_PERP,bid,62200,1045.38
2024-08-27 16:10:16,BTCUSD_PERP,bid,62200,1060.3
2024-08-27 16:10:18,BTCUSD_PERP,bid,62200,1062.53
2024-08-27 16:10:25,BTCUSD_PERP,bid,62200,1062.58
2024-08-27 16:11:43,BTCUSD_PERP,bid,62200,1061.28
2024-08-27 16:12:17,BTCUSD_PERP,bid,62200,1046.36
2024-08-27 16:12:20,BTCUSD_PERP,bid,62200,1044.13
2024-08-27 16:13:48,BTCUSD_PERP,bid,62200,1044.08
2024-08-27 16:13:54,BTCUSD_PERP,bid,62200,1044.03
2024-08-27 16:14:05,BTCUSD_PERP,bid,62200,920.75
2024-08-27 16:14:05,BTCUSD_PERP,bid,62200,798.72
2024-08-27 16:14:06,BTCUSD_PERP,bid,62200,614.53
2024-08-27 16:14:06,BTCUSD_PERP,bid,62200,552.89
2024-08-27 16:14:06,BTCUSD_PERP,bid,62200,491.25
2024-08-27 16:37:52,BTCUSD_PERP,bid,62200,736.44
2024-08-27 16:37:52,BTCUSD_PERP,bid,62200,1043.39
2024-08-27 16:40:08,BTCUSD_PERP,bid,62200,858.47
2024-08-27 16:40:08,BTCUSD_PERP,bid,62200,920.27
2024-08-27 16:40:08,BTCUSD_PERP,bid,62200,981.88
2024-08-27 16:40:37,BTCUSD_PERP,bid,62200,920.9
2024-08-27 16:40:37,BTCUSD_PERP,bid,62200,797.29
2024-08-27 16:40:37,BTCUSD_PERP,bid,62200,858.87
2024-08-27 16:41:21,BTCUSD_PERP,bid,62200,797.29
2024-08-27 16:41:21,BTCUSD_PERP,bid,62200,735.71
2024-08-27 16:41:21,BTCUSD_PERP,bid,62200,674.76
2024-08-27 16:45:41,BTCUSD_PERP,bid,62200,551.88
2024-08-27 16:45:41,BTCUSD_PERP,bid,62200,613.48
2024-08-27 16:45:41,BTCUSD_PERP,bid,62200,675.08
2024-08-27 16:45:42,BTCUSD_PERP,bid,62200,798.28
2024-08-27 16:45:42,BTCUSD_PERP,bid,62200,859.88
2024-08-27 16:45:42,BTCUSD_PERP,bid,62200,921.48
2024-08-27 16:45:58,BTCUSD_PERP,bid,62200,798.91
2024-08-27 18:53:57,BTCUSD_PERP,ask,62400,500.58
2024-08-27 18:54:07,BTCUSD_PERP,ask,62400,500.58
2024-08-27 18:54:21,BTCUSD_PERP,ask,62400,500.0
2024-08-27 18:54:43,BTCUSD_PERP,ask,62400,500.0
2024-08-27 18:54:48,BTCUSD_PERP,ask,62400,500.35
2024-08-27 18:55:02,BTCUSD_PERP,ask,62400,507.48
2024-08-27 18:55:16,BTCUSD_PERP,ask,62400,500.02
2024-08-27 18:55:16,BTCUSD_PERP,ask,62400,500.02
2024-08-27 18:55:17,BTCUSD_PERP,ask,62400,500.02
2024-08-27 18:55:22,BTCUSD_PERP,ask,62400,500.01
2024-08-27 18:55:22,BTCUSD_PERP,ask,62400,500.02
2024-08-27 18:55:23,BTCUSD_PERP,ask,62400,500.01
2024-08-27 18:55:29,BTCUSD_PERP,ask,62400,500.02
2024-08-27 18:55:29,BTCUSD_PERP,ask,62400,500.01
2024-08-27 18:55:29,BTCUSD_PERP,ask,62400,500.02
2024-08-27 18:55:32,BTCUSD_PERP,ask,62400,500.83
2024-08-27 18:55:48,BTCUSD_PERP,ask,62400,511.23
2024-08-27 18:56:01,BTCUSD_PERP,ask,62400,500.0
2024-08-27 18:56:26,BTCUSD_PERP,ask,62300,489.66
2024-08-27 18:56:36,BTCUSD_PERP,ask,62300,490.17
2024-08-27 18:56:44,BTCUSD_PERP,ask,62300,489.77
2024-08-27 18:56:44,BTCUSD_PERP,ask,62300,489.61
2024-08-27 13:53:26,BTCUSD_PERP,bid,62100,492.25
2024-08-27 15:21:31,BTCUSD_PERP,bid,62100,537.58
2024-08-27 15:25:10,BTCUSD_PERP,bid,62100,537.28
2024-08-27 15:29:11,BTCUSD_PERP,bid,62100,485.97
2024-08-27 15:29:11,BTCUSD_PERP,bid,62100,745.82
2024-08-27 15:29:11,BTCUSD_PERP,bid,62100,547.43
2024-08-27 15:29:11,BTCUSD_PERP,bid,62100,868.94
2024-08-27 15:29:12,BTCUSD_PERP,bid,62100,547.44
2024-08-27 15:29:56,BTCUSD_PERP,bid,62100,868.99
2024-08-27 15:32:14,BTCUSD_PERP,bid,62100,486.4
2024-08-27 15:32:14,BTCUSD_PERP,bid,62100,746.5
2024-08-27 15:32:15,BTCUSD_PERP,bid,62100,685.57
2024-08-27 15:32:15,BTCUSD_PERP,bid,62100,624.01
2024-08-27 15:32:15,BTCUSD_PERP,bid,62100,562.45
2024-08-27 15:32:15,BTCUSD_PERP,bid,62100,500.99
2024-08-27 15:32:46,BTCUSD_PERP,bid,62100,613.14
2024-08-27 15:32:46,BTCUSD_PERP,bid,62100,797.75
2024-08-27 15:32:46,BTCUSD_PERP,bid,62100,859.32
2024-08-27 15:36:04,BTCUSD_PERP,bid,62100,613.41
2024-08-27 15:36:04,BTCUSD_PERP,bid,62100,797.4
2024-08-27 15:36:04,BTCUSD_PERP,bid,62100,858.94
2024-08-27 15:37:00,BTCUSD_PERP,bid,62100,798.03
2024-08-27 15:37:00,BTCUSD_PERP,bid,62100,736.49
2024-08-27 15:37:00,BTCUSD_PERP,bid,62100,674.95
2024-08-27 15:37:00,BTCUSD_PERP,bid,62100,553.13
2024-08-27 15:37:01,BTCUSD_PERP,bid,62100,491.59
2024-08-27 15:37:01,BTCUSD_PERP,bid,62100,613.68
2024-08-27 15:37:01,BTCUSD_PERP,bid,62100,736.82
2024-08-27 15:37:02,BTCUSD_PERP,bid,62100,798.39
2024-08-27 15:37:02,BTCUSD_PERP,bid,62100,859.32
2024-08-27 15:39:31,BTCUSD_PERP,bid,62100,798.39
2024-08-27 15:39:31,BTCUSD_PERP,bid,62100,736.92
2024-08-27 15:39:32,BTCUSD_PERP,bid,62100,675.35
2024-08-27 15:39:32,BTCUSD_PERP,bid,62100,613.78
2024-08-27 15:39:32,BTCUSD_PERP,bid,62100,552.21
2024-08-27 15:39:32,BTCUSD_PERP,bid,62100,490.64
2024-08-27 15:39:33,BTCUSD_PERP,bid,62100,486.69
2024-08-27 15:42:38,BTCUSD_PERP,bid,62100,920.13
2024-08-27 15:42:38,BTCUSD_PERP,bid,62100,486.15
2024-08-27 15:42:38,BTCUSD_PERP,bid,62100,981.68
2024-08-27 15:44:16,BTCUSD_PERP,bid,62100,920.76
2024-08-27 15:44:16,BTCUSD_PERP,bid,62100,859.21
2024-08-27 15:44:16,BTCUSD_PERP,bid,62100,798.29
2024-08-27 15:44:16,BTCUSD_PERP,bid,62100,736.74
2024-08-27 15:44:17,BTCUSD_PERP,bid,62100,614.27
2024-08-27 15:44:17,BTCUSD_PERP,bid,62100,491.17
2024-08-27 15:46:38,BTCUSD_PERP,bid,62100,496.84
2024-08-27 16:41:21,BTCUSD_PERP,bid,62100,796.85
2024-08-27 16:41:21,BTCUSD_PERP,bid,62100,858.4
2024-08-27 16:43:07,BTCUSD_PERP,bid,62100,735.3
2024-08-27 16:43:07,BTCUSD_PERP,bid,62100,488.83
2024-08-27 16:43:07,BTCUSD_PERP,bid,62100,918.14
2024-08-27 16:43:07,BTCUSD_PERP,bid,62100,979.65
2024-08-27 16:43:08,BTCUSD_PERP,bid,62100,918.77
2024-08-27 16:45:24,BTCUSD_PERP,bid,62100,490.83
2024-08-27 16:45:25,BTCUSD_PERP,bid,62100,552.34
2024-08-27 16:45:25,BTCUSD_PERP,bid,62100,613.85
2024-08-27 16:45:25,BTCUSD_PERP,bid,62100,674.73
2024-08-27 16:45:25,BTCUSD_PERP,bid,62100,735.61
2024-08-27 16:45:25,BTCUSD_PERP,bid,62100,796.5
2024-08-27 16:45:30,BTCUSD_PERP,bid,62100,734.99
2024-08-27 16:45:30,BTCUSD_PERP,bid,62100,611.97
2024-08-27 16:45:30,BTCUSD_PERP,bid,62100,490.2
2024-08-27 16:45:32,BTCUSD_PERP,bid,62100,490.51
2024-08-27 16:45:42,BTCUSD_PERP,bid,62100,537.79
2024-08-27 16:45:59,BTCUSD_PERP,bid,62100,490.64
2024-08-27 16:45:59,BTCUSD_PERP,bid,62100,858.78
2024-08-27 16:46:24,BTCUSD_PERP,bid,62100,735.64
2024-08-27 16:47:52,BTCUSD_PERP,bid,62100,491.98
2024-08-27 16:47:57,BTCUSD_PERP,bid,62100,491.73
2024-08-27 16:48:09,BTCUSD_PERP,bid,62100,552.87
2024-08-27 16:49:57,BTCUSD_PERP,bid,62100,489.48
2024-08-27 16:49:57,BTCUSD_PERP,bid,62100,550.35
2024-08-27 16:49:58,BTCUSD_PERP,bid,62100,611.22
2024-08-27 16:50:06,BTCUSD_PERP,bid,62100,550.35
2024-08-27 16:50:06,BTCUSD_PERP,bid,62100,489.48
2024-08-27 16:55:27,BTCUSD_PERP,bid,62100,490.2
2024-08-27 16:55:27,BTCUSD_PERP,bid,62100,673.47
2024-08-27 16:55:27,BTCUSD_PERP,bid,62100,734.35
2024-08-27 16:55:27,BTCUSD_PERP,bid,62100,795.24
2024-08-27 16:55:27,BTCUSD_PERP,bid,62100,856.75
2024-08-27 16:55:29,BTCUSD_PERP,bid,62100,674.1
2024-08-27 16:56:12,BTCUSD_PERP,bid,62100,488.95
2024-08-27 16:57:40,BTCUSD_PERP,bid,62100,504.08
2024-08-27 16:57:42,BTCUSD_PERP,bid,62100,505.38
2024-08-27 16:57:42,BTCUSD_PERP,bid,62100,507.61
2024-08-27 16:59:08,BTCUSD_PERP,bid,62100,506.31
2024-08-27 16:59:41,BTCUSD_PERP,bid,62100,491.42
2024-08-27 16:59:43,BTCUSD_PERP,bid,62100,489.19
2024-08-27 17:00:07,BTCUSD_PERP,bid,62100,735.49
2024-08-27 17:01:24,BTCUSD_PERP,bid,62100,490.12
2024-08-27 16:44:31,BTCUSD_PERP,bid,62000,489.63
2024-08-27 16:44:40,BTCUSD_PERP,bid,62000,489.88
2024-08-27 16:47:36,BTCUSD_PERP,bid,62000,489.84
2024-08-27 16:47:36,BTCUSD_PERP,bid,62000,612.14
2024-08-27 16:47:50,BTCUSD_PERP,bid,62000,489.84
2024-08-27 16:48:37,BTCUSD_PERP,bid,62000,550.06
2024-08-27 16:48:38,BTCUSD_PERP,bid,62000,550.11
2024-08-27 16:48:38,BTCUSD_PERP,bid,62000,550.16
2024-08-27 16:50:07,BTCUSD_PERP,bid,62000,549.45
2024-08-27 16:50:07,BTCUSD_PERP,bid,62000,610.92
2024-08-27 16:53:43,BTCUSD_PERP,bid,62000,549.45
2024-08-27 16:53:43,BTCUSD_PERP,bid,62000,487.98
2024-08-27 17:01:24,BTCUSD_PERP,bid,62000,612.07
2024-08-27 17:01:24,BTCUSD_PERP,bid,62000,734.38
2024-08-27 17:02:41,BTCUSD_PERP,bid,62000,1039.82
2024-08-27 17:02:41,BTCUSD_PERP,bid,62000,1101.25
2024-08-27 17:03:40,BTCUSD_PERP,bid,62000,734.55
2024-08-27 17:03:40,BTCUSD_PERP,bid,62000,1100.71
2024-08-27 17:03:50,BTCUSD_PERP,bid,62000,917.13
2024-08-27 17:03:50,BTCUSD_PERP,bid,62000,856.36
2024-08-27 17:03:50,BTCUSD_PERP,bid,62000,794.96
2024-08-27 17:03:50,BTCUSD_PERP,bid,62000,734.19
2024-08-27 17:03:50,BTCUSD_PERP,bid,62000,611.39
2024-08-27 17:03:50,BTCUSD_PERP,bid,62000,489.63
2024-08-27 17:03:51,BTCUSD_PERP,bid,62000,550.62
2024-08-27 17:03:51,BTCUSD_PERP,bid,62000,489.22
2024-08-27 17:03:51,BTCUSD_PERP,bid,62000,611.88
2024-08-27 17:03:51,BTCUSD_PERP,bid,62000,673.32
2024-08-27 17:03:51,BTCUSD_PERP,bid,62000,734.13
2024-08-27 17:03:51,BTCUSD_PERP,bid,62000,918.34
2024-08-27 17:03:51,BTCUSD_PERP,bid,62000,1101.4
2024-08-27 17:05:38,BTCUSD_PERP,bid,62000,794.96
2024-08-27 17:05:39,BTCUSD_PERP,bid,62000,978.53
2024-08-27 17:05:39,BTCUSD_PERP,bid,62000,1039.93
2024-08-27 17:06:36,BTCUSD_PERP,bid,62000,979.16
2024-08-27 17:08:19,BTCUSD_PERP,bid,61900,489.01
2024-08-27 17:08:19,BTCUSD_PERP,bid,61900,549.74
2024-08-27 17:08:40,BTCUSD_PERP,bid,61900,488.38
2024-08-27 17:08:40,BTCUSD_PERP,bid,62000,489.86
2024-08-27 17:08:40,BTCUSD_PERP,bid,62000,612.02
2024-08-27 17:08:40,BTCUSD_PERP,bid,62000,672.78
2024-08-27 17:08:41,BTCUSD_PERP,bid,62000,733.55
2024-08-27 17:08:41,BTCUSD_PERP,bid,62000,855.71
2024-08-27 17:08:44,BTCUSD_PERP,bid,62000,857.93
2024-08-27 17:08:53,BTCUSD_PERP,bid,62000,673.76
2024-08-27 17:08:53,BTCUSD_PERP,bid,61900,550.98
2024-08-27 17:08:53,BTCUSD_PERP,bid,61900,611.71
2024-08-27 17:08:53,BTCUSD_PERP,bid,61900,672.45
2024-08-27 17:08:54,BTCUSD_PERP,bid,61900,733.19
2024-08-27 17:08:54,BTCUSD_PERP,bid,61900,855.29
2024-08-27 17:09:35,BTCUSD_PERP,bid,61900,793.93
2024-08-27 17:09:35,BTCUSD_PERP,bid,61900,610.08
2024-08-27 17:09:35,BTCUSD_PERP,bid,61900,671.4
2024-08-27 17:09:52,BTCUSD_PERP,bid,61900,548.5
2024-08-27 17:09:53,BTCUSD_PERP,bid,61900,609.79
2024-08-27 17:10:09,BTCUSD_PERP,bid,61900,549.12
2024-08-27 17:10:09,BTCUSD_PERP,bid,61900,487.83
2024-08-27 17:10:19,BTCUSD_PERP,bid,61900,489.0
2024-08-27 17:10:19,BTCUSD_PERP,bid,61900,549.73
2024-08-27 17:10:19,BTCUSD_PERP,bid,61900,610.46
2024-08-27 17:10:20,BTCUSD_PERP,bid,61900,671.82
2024-08-27 17:10:28,BTCUSD_PERP,bid,61900,549.73
2024-08-27 17:10:28,BTCUSD_PERP,bid,61900,489.0
2024-08-27 17:10:29,BTCUSD_PERP,bid,61900,489.32
2024-08-27 17:10:29,BTCUSD_PERP,bid,61900,610.72
2024-08-27 17:10:39,BTCUSD_PERP,bid,61900,854.93
2024-08-27 17:10:39,BTCUSD_PERP,bid,61800,534.63
2024-08-27 17:10:45,BTCUSD_PERP,bid,61900,489.06
2024-08-27 17:11:02,BTCUSD_PERP,bid,61900,488.87
2024-08-27 17:11:02,BTCUSD_PERP,bid,61900,610.8
2024-08-27 17:12:30,BTCUSD_PERP,bid,61800,671.77
2024-08-27 17:13:54,BTCUSD_PERP,bid,61800,610.53
2024-08-27 17:13:55,BTCUSD_PERP,bid,61800,488.67
2024-08-27 17:14:06,BTCUSD_PERP,bid,61900,498.98
2024-08-27 17:15:17,BTCUSD_PERP,bid,61900,488.36
2024-08-27 17:27:06,BTCUSD_PERP,bid,61800,488.43
2024-08-27 17:27:06,BTCUSD_PERP,bid,61800,549.64
2024-08-27 17:27:08,BTCUSD_PERP,bid,61800,487.18
2024-08-27 17:27:30,BTCUSD_PERP,bid,61800,488.43
2024-08-27 17:27:31,BTCUSD_PERP,bid,61800,488.02
2024-08-27 17:27:32,BTCUSD_PERP,bid,61800,488.75
2024-08-27 17:27:32,BTCUSD_PERP,bid,61800,549.37
2024-08-27 17:27:32,BTCUSD_PERP,bid,61800,610.0
2024-08-27 17:28:20,BTCUSD_PERP,bid,61800,548.75
2024-08-27 17:28:20,BTCUSD_PERP,bid,61800,1036.88
2024-08-27 17:28:20,BTCUSD_PERP,bid,61800,1097.47
2024-08-27 17:28:21,BTCUSD_PERP,bid,61800,1158.69
2024-08-27 17:30:11,BTCUSD_PERP,bid,61800,731.41
2024-08-27 17:30:11,BTCUSD_PERP,bid,61800,853.32
2024-08-27 17:30:11,BTCUSD_PERP,bid,61800,913.88
2024-08-27 17:30:11,BTCUSD_PERP,bid,61800,975.06
2024-08-27 17:30:21,BTCUSD_PERP,bid,61800,792.14
2024-08-27 17:30:21,BTCUSD_PERP,bid,61800,671.02
2024-08-27 17:30:22,BTCUSD_PERP,bid,61800,609.84
2024-08-27 17:30:22,BTCUSD_PERP,bid,61800,610.17
2024-08-27 17:30:23,BTCUSD_PERP,bid,61800,487.87
2024-08-27 17:30:43,BTCUSD_PERP,bid,61800,487.84
2024-08-27 17:30:44,BTCUSD_PERP,bid,61800,486.94
2024-08-27 17:30:45,BTCUSD_PERP,bid,61800,608.84
2024-08-27 17:30:45,BTCUSD_PERP,bid,61800,670.1
2024-08-27 17:30:45,BTCUSD_PERP,bid,61800,791.99
2024-08-27 17:30:45,BTCUSD_PERP,bid,61800,853.25
2024-08-27 17:30:45,BTCUSD_PERP,bid,61800,545.22
2024-08-27 17:30:51,BTCUSD_PERP,bid,61800,731.98
2024-08-27 17:30:51,BTCUSD_PERP,bid,61800,670.72
2024-08-27 17:30:52,BTCUSD_PERP,bid,61800,672.94
2024-08-27 17:30:52,BTCUSD_PERP,bid,61800,687.76
2024-08-27 17:30:52,BTCUSD_PERP,bid,61800,626.5
2024-08-27 17:30:52,BTCUSD_PERP,bid,61800,505.24
2024-08-27 17:30:52,BTCUSD_PERP,bid,61900,549.65
2024-08-27 17:30:52,BTCUSD_PERP,bid,61900,610.94
2024-08-27 17:30:53,BTCUSD_PERP,bid,61900,672.23
2024-08-27 17:30:53,BTCUSD_PERP,bid,61900,793.57
2024-08-27 17:30:53,BTCUSD_PERP,bid,61900,854.24
2024-08-27 17:30:53,BTCUSD_PERP,bid,61900,915.53
2024-08-27 17:30:53,BTCUSD_PERP,bid,61900,976.82
2024-08-27 17:30:53,BTCUSD_PERP,bid,61900,1038.11
2024-08-27 17:32:22,BTCUSD_PERP,bid,61900,733.52
2024-08-27 17:32:22,BTCUSD_PERP,bid,61800,671.87
2024-08-27 17:32:22,BTCUSD_PERP,bid,61800,793.76
2024-08-27 17:32:23,BTCUSD_PERP,bid,61800,855.02
2024-08-27 17:32:27,BTCUSD_PERP,bid,61800,733.76
2024-08-27 17:32:27,BTCUSD_PERP,bid,61800,673.13
2024-08-27 17:32:27,BTCUSD_PERP,bid,61800,549.02
2024-08-27 17:32:27,BTCUSD_PERP,bid,61800,793.9
2024-08-27 17:32:27,BTCUSD_PERP,bid,61800,855.12
2024-08-27 17:33:40,BTCUSD_PERP,bid,61800,924.9
2024-08-27 17:33:40,BTCUSD_PERP,bid,61800,986.09
2024-08-27 17:33:40,BTCUSD_PERP,bid,61800,1046.65
2024-08-27 17:33:44,BTCUSD_PERP,bid,61800,1046.7
2024-08-27 17:35:28,BTCUSD_PERP,bid,61800,986.14
2024-08-27 17:35:28,BTCUSD_PERP,bid,61800,803.2
2024-08-27 17:35:28,BTCUSD_PERP,bid,61800,680.92
2024-08-27 17:35:28,BTCUSD_PERP,bid,61800,619.73
2024-08-27 17:35:28,BTCUSD_PERP,bid,61800,558.54
2024-08-27 17:35:28,BTCUSD_PERP,bid,61800,497.97
2024-08-27 17:35:29,BTCUSD_PERP,bid,61800,487.96
2024-08-27 17:35:29,BTCUSD_PERP,bid,61800,549.19
2024-08-27 17:35:30,BTCUSD_PERP,bid,61800,609.79
2024-08-27 17:35:55,BTCUSD_PERP,bid,61800,549.19
2024-08-27 17:35:55,BTCUSD_PERP,bid,61800,488.59
2024-08-27 17:35:56,BTCUSD_PERP,bid,61800,488.34
2024-08-27 17:35:56,BTCUSD_PERP,bid,61800,548.91
2024-08-27 17:39:30,BTCUSD_PERP,bid,61800,505.97
2024-08-27 17:39:30,BTCUSD_PERP,bid,61800,577.54
2024-08-27 17:39:33,BTCUSD_PERP,bid,61800,548.64
2024-08-27 17:41:37,BTCUSD_PERP,bid,61800,488.03
2024-08-27 17:42:24,BTCUSD_PERP,bid,61800,498.92
2024-08-27 17:45:16,BTCUSD_PERP,bid,61800,488.33
2024-08-27 18:00:42,BTCUSD_PERP,bid,61800,488.1
2024-08-27 18:00:42,BTCUSD_PERP,bid,61800,548.66
2024-08-27 18:02:08,BTCUSD_PERP,bid,61800,487.87
2024-08-27 18:02:26,BTCUSD_PERP,bid,61800,487.58
2024-08-27 18:05:47,BTCUSD_PERP,bid,61800,488.81
2024-08-27 18:05:47,BTCUSD_PERP,bid,61800,610.57
2024-08-27 18:06:38,BTCUSD_PERP,bid,61800,549.38
2024-08-27 18:06:38,BTCUSD_PERP,bid,61800,488.19
2024-08-27 18:06:39,BTCUSD_PERP,bid,61800,488.04
2024-08-27 18:06:39,BTCUSD_PERP,bid,61800,549.29
2024-08-27 18:06:39,BTCUSD_PERP,bid,61800,610.54
2024-08-27 18:06:39,BTCUSD_PERP,bid,61800,732.42
2024-08-27 18:06:39,BTCUSD_PERP,bid,61800,916.17
2024-08-27 18:06:39,BTCUSD_PERP,bid,61800,976.8
2024-08-27 18:06:40,BTCUSD_PERP,bid,61800,544.54
2024-08-27 18:06:40,BTCUSD_PERP,bid,61800,1098.06
2024-08-27 18:06:40,BTCUSD_PERP,bid,61800,605.72
2024-08-27 18:07:19,BTCUSD_PERP,bid,61800,1036.81
2024-08-27 18:07:19,BTCUSD_PERP,bid,61800,544.99
2024-08-27 18:07:19,BTCUSD_PERP,bid,61800,976.18
2024-08-27 18:07:19,BTCUSD_PERP,bid,61800,853.68
2024-08-27 18:07:19,BTCUSD_PERP,bid,61800,793.05
2024-08-27 18:07:20,BTCUSD_PERP,bid,61800,731.8
2024-08-27 18:07:20,BTCUSD_PERP,bid,61800,671.17
2024-08-27 18:07:20,BTCUSD_PERP,bid,61800,609.92
2024-08-27 18:07:20,BTCUSD_PERP,bid,61800,548.67
2024-08-27 18:09:01,BTCUSD_PERP,bid,61800,548.71
2024-08-27 18:09:23,BTCUSD_PERP,bid,62000,485.81
2024-08-27 18:10:32,BTCUSD_PERP,bid,61800,487.45
2024-08-27 18:10:32,BTCUSD_PERP,bid,61800,670.81
2024-08-27 18:11:08,BTCUSD_PERP,bid,62000,485.82
2024-08-27 18:11:25,BTCUSD_PERP,bid,62000,486.0
2024-08-27 18:11:40,BTCUSD_PERP,bid,62000,485.82
2024-08-27 18:11:41,BTCUSD_PERP,bid,61800,610.21
2024-08-27 18:11:42,BTCUSD_PERP,bid,61800,488.5
2024-08-27 18:11:44,BTCUSD_PERP,bid,61800,549.55
2024-08-27 18:11:44,BTCUSD_PERP,bid,61800,610.19
2024-08-27 18:11:44,BTCUSD_PERP,bid,61800,671.46
2024-08-27 18:13:02,BTCUSD_PERP,bid,61800,610.19
2024-08-27 18:13:03,BTCUSD_PERP,bid,61800,548.92
2024-08-27 18:14:03,BTCUSD_PERP,bid,62000,490.91
2024-08-27 18:15:16,BTCUSD_PERP,bid,61900,488.35
2024-08-27 18:15:16,BTCUSD_PERP,bid,61900,549.63
2024-08-27 18:15:17,BTCUSD_PERP,bid,61900,610.28
2024-08-27 18:15:17,BTCUSD_PERP,bid,61900,671.56
2024-08-27 18:16:47,BTCUSD_PERP,bid,61900,610.91
2024-08-27 18:16:47,BTCUSD_PERP,bid,61900,550.26
2024-08-27 18:16:47,BTCUSD_PERP,bid,61900,488.98
2024-08-27 18:16:48,BTCUSD_PERP,bid,61900,488.59
2024-08-27 18:16:48,BTCUSD_PERP,bid,61900,549.27
2024-08-27 18:16:48,BTCUSD_PERP,bid,61900,610.58
2024-08-27 18:16:49,BTCUSD_PERP,bid,61900,671.89
2024-08-27 18:18:07,BTCUSD_PERP,bid,61900,549.27
2024-08-27 18:18:08,BTCUSD_PERP,bid,61900,488.59
2024-08-27 18:19:52,BTCUSD_PERP,bid,62000,491.16
2024-08-27 18:19:58,BTCUSD_PERP,bid,62000,491.14
2024-08-27 18:20:05,BTCUSD_PERP,bid,62000,490.89
2024-08-27 18:20:17,BTCUSD_PERP,bid,62000,491.16
2024-08-27 18:20:29,BTCUSD_PERP,bid,62000,497.35
2024-08-27 18:20:48,BTCUSD_PERP,bid,62000,497.32
2024-08-27 18:21:08,BTCUSD_PERP,bid,62000,497.05
2024-08-27 18:22:32,BTCUSD_PERP,bid,61900,488.5
2024-08-27 18:23:01,BTCUSD_PERP,bid,62000,509.45
2024-08-27 18:23:02,BTCUSD_PERP,bid,62000,509.47
2024-08-27 18:25:23,BTCUSD_PERP,bid,62000,503.05
2024-08-27 18:25:29,BTCUSD_PERP,bid,62000,496.86
2024-08-27 18:29:09,BTCUSD_PERP,bid,62000,489.15
2024-08-27 18:29:09,BTCUSD_PERP,bid,62000,550.53
2024-08-27 18:29:09,BTCUSD_PERP,bid,62000,611.29
2024-08-27 18:29:09,BTCUSD_PERP,bid,62000,672.04
2024-08-27 18:29:09,BTCUSD_PERP,bid,62000,794.7
2024-08-27 18:29:45,BTCUSD_PERP,bid,62000,733.32
2024-08-27 18:29:45,BTCUSD_PERP,bid,62000,671.94
2024-08-27 18:29:45,BTCUSD_PERP,bid,61900,671.61
2024-08-27 18:29:45,BTCUSD_PERP,bid,61900,732.96
2024-08-27 18:30:59,BTCUSD_PERP,bid,61900,610.99
2024-08-27 18:31:00,BTCUSD_PERP,bid,61900,732.6
2024-08-27 18:31:00,BTCUSD_PERP,bid,61900,793.92
2024-08-27 18:31:35,BTCUSD_PERP,bid,61900,732.7
2024-08-27 18:31:35,BTCUSD_PERP,bid,61900,671.38
2024-08-27 18:31:35,BTCUSD_PERP,bid,61900,549.37
2024-08-27 18:31:35,BTCUSD_PERP,bid,61900,488.68
2024-08-27 18:32:25,BTCUSD_PERP,bid,62000,496.87
2024-08-27 18:32:30,BTCUSD_PERP,bid,61900,549.37
2024-08-27 18:32:31,BTCUSD_PERP,bid,61900,610.69
2024-08-27 18:32:57,BTCUSD_PERP,bid,62000,497.0
2024-08-27 18:33:11,BTCUSD_PERP,bid,61900,609.76
2024-08-27 18:33:11,BTCUSD_PERP,bid,61900,671.05
2024-08-27 18:34:06,BTCUSD_PERP,bid,61900,609.76
2024-08-27 18:34:06,BTCUSD_PERP,bid,61900,487.81
2024-08-27 18:34:52,BTCUSD_PERP,bid,62000,496.99
2024-08-27 18:35:22,BTCUSD_PERP,bid,61900,670.95
2024-08-27 18:35:22,BTCUSD_PERP,bid,61900,732.24
2024-08-27 18:35:23,BTCUSD_PERP,bid,61900,792.9
2024-08-27 18:35:47,BTCUSD_PERP,bid,62000,497.01
2024-08-27 18:36:27,BTCUSD_PERP,bid,62000,506.79
2024-08-27 18:36:56,BTCUSD_PERP,bid,62000,506.8
2024-08-27 18:37:00,BTCUSD_PERP,bid,61900,732.24
2024-08-27 18:37:01,BTCUSD_PERP,bid,61900,670.95
2024-08-27 18:37:01,BTCUSD_PERP,bid,61900,549.1
2024-08-27 18:37:02,BTCUSD_PERP,bid,61900,488.64
2024-08-27 18:37:02,BTCUSD_PERP,bid,61900,610.67
2024-08-27 18:37:02,BTCUSD_PERP,bid,61900,672.0
2024-08-27 18:37:02,BTCUSD_PERP,bid,61900,732.7
2024-08-27 18:37:03,BTCUSD_PERP,bid,61900,794.03
2024-08-27 18:37:20,BTCUSD_PERP,bid,61900,732.7
2024-08-27 18:37:20,BTCUSD_PERP,bid,61900,488.36
2024-08-27 18:37:20,BTCUSD_PERP,bid,61900,671.61
2024-08-27 18:37:20,BTCUSD_PERP,bid,61900,732.9
2024-08-27 18:38:12,BTCUSD_PERP,bid,61900,671.61
2024-08-27 18:38:12,BTCUSD_PERP,bid,61900,610.32
2024-08-27 18:38:13,BTCUSD_PERP,bid,61900,549.03
2024-08-27 18:38:13,BTCUSD_PERP,bid,61900,488.36
2024-08-27 18:38:14,BTCUSD_PERP,bid,61900,610.06
2024-08-27 18:38:14,BTCUSD_PERP,bid,61900,670.77
2024-08-27 18:38:14,BTCUSD_PERP,bid,61900,732.1
2024-08-27 18:38:15,BTCUSD_PERP,bid,61900,793.43
2024-08-27 18:38:32,BTCUSD_PERP,bid,61900,549.37
2024-08-27 18:38:32,BTCUSD_PERP,bid,61900,671.06
2024-08-27 18:38:32,BTCUSD_PERP,bid,61900,732.36
2024-08-27 18:38:46,BTCUSD_PERP,bid,61900,671.69
2024-08-27 18:38:47,BTCUSD_PERP,bid,61900,611.02
2024-08-27 18:38:47,BTCUSD_PERP,bid,61900,549.72
2024-08-27 18:38:48,BTCUSD_PERP,bid,61900,488.42
2024-08-27 18:38:48,BTCUSD_PERP,bid,61900,488.11
2024-08-27 18:38:48,BTCUSD_PERP,bid,61900,548.82
2024-08-27 18:38:48,BTCUSD_PERP,bid,61900,609.53
2024-08-27 18:38:48,BTCUSD_PERP,bid,61900,670.87
2024-08-27 18:38:48,BTCUSD_PERP,bid,61800,535.45
2024-08-27 18:38:48,BTCUSD_PERP,bid,61900,793.55
2024-08-27 18:38:49,BTCUSD_PERP,bid,61900,854.89
2024-08-27 18:38:49,BTCUSD_PERP,bid,61900,915.6
2024-08-27 18:39:19,BTCUSD_PERP,bid,61900,670.97
2024-08-27 18:39:19,BTCUSD_PERP,bid,61900,611.08
2024-08-27 18:39:19,BTCUSD_PERP,bid,61900,671.81
2024-08-27 18:39:19,BTCUSD_PERP,bid,61900,793.29
2024-08-27 18:39:19,BTCUSD_PERP,bid,61900,854.66
2024-08-27 18:39:20,BTCUSD_PERP,bid,61900,916.03
2024-08-27 18:39:20,BTCUSD_PERP,bid,61900,535.78
2024-08-27 18:42:03,BTCUSD_PERP,bid,61900,855.28
2024-08-27 18:42:03,BTCUSD_PERP,bid,61900,794.01
2024-08-27 18:42:03,BTCUSD_PERP,bid,61900,549.81
2024-08-27 18:42:03,BTCUSD_PERP,bid,61900,610.2
2024-08-27 18:42:43,BTCUSD_PERP,bid,62000,506.34
2024-08-27 18:45:33,BTCUSD_PERP,bid,62000,506.57
2024-08-27 18:46:13,BTCUSD_PERP,bid,61900,548.87
2024-08-27 18:46:14,BTCUSD_PERP,bid,61900,487.54
2024-08-27 18:46:15,BTCUSD_PERP,bid,61900,609.76
2024-08-27 18:46:15,BTCUSD_PERP,bid,61900,671.06
2024-08-27 18:46:15,BTCUSD_PERP,bid,61900,793.66
2024-08-27 18:46:15,BTCUSD_PERP,bid,61900,854.33
2024-08-27 18:47:41,BTCUSD_PERP,bid,61800,609.44
2024-08-27 18:47:41,BTCUSD_PERP,bid,61800,914.51
2024-08-27 18:49:37,BTCUSD_PERP,bid,61800,853.88
2024-08-27 18:49:37,BTCUSD_PERP,bid,61800,793.23
2024-08-27 18:49:37,BTCUSD_PERP,bid,61800,732.58
2024-08-27 18:49:37,BTCUSD_PERP,bid,61800,671.95
2024-08-27 18:49:38,BTCUSD_PERP,bid,61800,550.05
2024-08-27 18:49:38,BTCUSD_PERP,bid,61900,487.27
2024-08-27 18:51:01,BTCUSD_PERP,bid,61800,914.58
2024-08-27 18:51:01,BTCUSD_PERP,bid,61800,534.91
2024-08-27 18:51:14,BTCUSD_PERP,bid,62000,506.58
2024-08-27 18:54:00,BTCUSD_PERP,bid,62000,554.63
2024-08-27 18:55:17,BTCUSD_PERP,bid,61800,670.76
2024-08-27 18:55:17,BTCUSD_PERP,bid,61800,609.49
2024-08-27 18:55:17,BTCUSD_PERP,bid,61800,487.67
2024-08-27 18:55:18,BTCUSD_PERP,bid,61900,609.18
2024-08-27 18:55:18,BTCUSD_PERP,bid,61900,731.78
2024-08-27 18:55:53,BTCUSD_PERP,bid,62000,554.64
2024-08-27 18:56:11,BTCUSD_PERP,bid,61800,548.82
2024-08-27 18:56:11,BTCUSD_PERP,bid,61800,792.64
2024-08-27 18:56:11,BTCUSD_PERP,bid,61800,534.91
2024-08-27 18:57:05,BTCUSD_PERP,bid,61800,487.33
2024-08-27 18:57:05,BTCUSD_PERP,bid,61800,609.16
2024-08-27 18:57:06,BTCUSD_PERP,bid,62000,555.62
2024-08-27 18:57:10,BTCUSD_PERP,bid,62000,554.64
2024-08-27 18:57:21,BTCUSD_PERP,bid,62000,555.62
2024-08-27 18:58:19,BTCUSD_PERP,bid,61800,853.02
2024-08-27 18:58:19,BTCUSD_PERP,bid,61800,914.22
2024-08-27 18:58:32,BTCUSD_PERP,bid,61800,731.25
2024-08-27 18:58:32,BTCUSD_PERP,bid,61800,548.91
2024-08-27 18:58:32,BTCUSD_PERP,bid,61800,487.71
2024-08-27 19:00:29,BTCUSD_PERP,bid,62000,555.39
2024-08-27 19:01:07,BTCUSD_PERP,bid,62000,555.62
2024-08-27 19:01:29,BTCUSD_PERP,bid,61800,488.34
2024-08-27 19:02:18,BTCUSD_PERP,bid,61800,486.71
2024-08-27 19:02:18,BTCUSD_PERP,bid,61800,547.94
2024-08-27 19:02:18,BTCUSD_PERP,bid,61800,609.17
2024-08-27 19:02:19,BTCUSD_PERP,bid,61800,670.4
2024-08-27 19:02:19,BTCUSD_PERP,bid,61800,792.86
2024-08-27 19:02:33,BTCUSD_PERP,bid,62000,554.51
2024-08-27 19:03:30,BTCUSD_PERP,bid,61800,732.26
2024-08-27 19:03:30,BTCUSD_PERP,bid,61800,671.65
2024-08-27 19:03:30,BTCUSD_PERP,bid,61800,549.19
2024-08-27 19:03:32,BTCUSD_PERP,bid,61800,488.1
2024-08-27 19:03:32,BTCUSD_PERP,bid,61800,670.45
2024-08-27 19:03:32,BTCUSD_PERP,bid,61800,854.05
2024-08-27 19:03:45,BTCUSD_PERP,bid,61800,854.1
2024-08-27 19:03:48,BTCUSD_PERP,bid,61800,854.15
2024-08-27 19:03:54,BTCUSD_PERP,bid,61800,854.2
2024-08-27 19:04:28,BTCUSD_PERP,bid,62000,554.28
2024-08-27 19:06:52,BTCUSD_PERP,bid,62000,529.48
2024-08-27 19:08:02,BTCUSD_PERP,bid,62000,529.47
2024-08-27 19:09:07,BTCUSD_PERP,bid,62000,529.48
2024-08-27 19:09:13,BTCUSD_PERP,bid,62000,529.66
2024-08-27 19:09:40,BTCUSD_PERP,bid,62000,529.48
2024-08-27 19:09:43,BTCUSD_PERP,bid,62000,530.1
2024-08-27 19:09:47,BTCUSD_PERP,bid,62000,529.48
2024-08-27 19:09:58,BTCUSD_PERP,bid,62000,530.1
2024-08-27 19:10:25,BTCUSD_PERP,bid,62000,530.22
2024-08-27 19:11:48,BTCUSD_PERP,bid,61800,488.83
2024-08-27 19:11:48,BTCUSD_PERP,bid,61800,550.09
2024-08-27 19:16:04,BTCUSD_PERP,bid,62000,530.23
2024-08-27 19:16:35,BTCUSD_PERP,bid,62000,530.22
2024-08-27 19:18:23,BTCUSD_PERP,bid,62000,537.04
2024-08-27 19:20:04,BTCUSD_PERP,bid,61800,488.97
2024-08-27 19:22:50,BTCUSD_PERP,bid,61800,488.89
2024-08-27 19:23:03,BTCUSD_PERP,bid,62000,536.94
2024-08-27 19:25:05,BTCUSD_PERP,bid,62000,512.14
2024-08-27 19:25:51,BTCUSD_PERP,bid,61800,487.82
2024-08-27 19:25:52,BTCUSD_PERP,bid,61800,549.01
2024-08-27 19:25:52,BTCUSD_PERP,bid,61800,609.57
2024-08-27 19:25:52,BTCUSD_PERP,bid,61800,670.76
2024-08-27 19:25:52,BTCUSD_PERP,bid,61800,731.95
2024-08-27 19:25:58,BTCUSD_PERP,bid,62000,512.04
2024-08-27 19:26:21,BTCUSD_PERP,bid,62000,511.92
2024-08-27 19:26:35,BTCUSD_PERP,bid,61800,731.04
2024-08-27 19:30:05,BTCUSD_PERP,bid,61800,669.85
2024-08-27 19:30:05,BTCUSD_PERP,bid,61800,608.66
2024-08-27 19:30:05,BTCUSD_PERP,bid,61800,547.57
2024-08-27 19:31:14,BTCUSD_PERP,bid,62000,511.84
2024-08-27 19:31:37,BTCUSD_PERP,bid,62000,536.84
2024-08-27 19:33:28,BTCUSD_PERP,bid,61800,487.92
2024-08-27 19:34:59,BTCUSD_PERP,bid,62000,536.83
2024-08-27 19:35:33,BTCUSD_PERP,bid,61800,791.78
2024-08-27 19:35:33,BTCUSD_PERP,bid,61800,852.98
2024-08-27 19:37:04,BTCUSD_PERP,bid,61800,791.78
2024-08-27 19:37:05,BTCUSD_PERP,bid,61800,731.2
2024-08-27 19:37:05,BTCUSD_PERP,bid,61800,610.04
2024-08-27 19:37:05,BTCUSD_PERP,bid,61800,488.88
2024-08-27 19:37:06,BTCUSD_PERP,bid,61800,486.68
2024-08-27 19:37:06,BTCUSD_PERP,bid,61800,547.92
2024-08-27 19:37:06,BTCUSD_PERP,bid,61800,670.4
2024-08-27 19:37:32,BTCUSD_PERP,bid,61800,609.16
2024-08-27 19:37:32,BTCUSD_PERP,bid,61800,548.55
2024-08-27 19:38:00,BTCUSD_PERP,bid,61800,487.31
2024-08-27 19:38:00,BTCUSD_PERP,bid,61800,791.63
2024-08-27 19:38:00,BTCUSD_PERP,bid,61800,852.87
2024-08-27 19:38:34,BTCUSD_PERP,bid,61800,731.64
2024-08-27 19:38:34,BTCUSD_PERP,bid,61800,974.85
2024-08-27 19:38:34,BTCUSD_PERP,bid,61800,1036.06
2024-08-27 19:38:34,BTCUSD_PERP,bid,61800,1097.27
2024-08-27 19:39:48,BTCUSD_PERP,bid,61800,669.53
2024-08-27 19:39:48,BTCUSD_PERP,bid,61800,610.41
2024-08-27 19:39:49,BTCUSD_PERP,bid,61800,671.65
2024-08-27 19:39:49,BTCUSD_PERP,bid,61800,732.26
2024-08-27 19:39:49,BTCUSD_PERP,bid,61800,854.74
2024-08-27 19:39:49,BTCUSD_PERP,bid,61800,1037.2
2024-08-27 19:39:49,BTCUSD_PERP,bid,61800,1097.81
2024-08-27 19:40:23,BTCUSD_PERP,bid,61800,1037.73
2024-08-27 19:40:23,BTCUSD_PERP,bid,61800,1159.02
2024-08-27 19:40:23,BTCUSD_PERP,bid,61800,1220.29
2024-08-27 19:40:44,BTCUSD_PERP,bid,61800,732.3
2024-08-27 19:40:44,BTCUSD_PERP,bid,61800,1097.72
2024-08-27 19:40:44,BTCUSD_PERP,bid,61800,1158.95
2024-08-27 19:41:13,BTCUSD_PERP,bid,61800,731.88
2024-08-27 19:41:13,BTCUSD_PERP,bid,61800,793.08
2024-08-27 19:41:14,BTCUSD_PERP,bid,62000,511.83
2024-08-27 19:41:21,BTCUSD_PERP,bid,62000,561.83
2024-08-27 19:43:13,BTCUSD_PERP,bid,62000,511.83
2024-08-27 19:43:30,BTCUSD_PERP,bid,62000,536.83
2024-08-27 19:43:32,BTCUSD_PERP,bid,62000,525.79
2024-08-27 19:43:36,BTCUSD_PERP,bid,62000,550.79
2024-08-27 19:44:19,BTCUSD_PERP,bid,62000,551.23
2024-08-27 19:44:19,BTCUSD_PERP,bid,62000,552.51
2024-08-27 19:44:19,BTCUSD_PERP,bid,62000,552.07
2024-08-27 19:44:19,BTCUSD_PERP,bid,62000,550.79
2024-08-27 19:44:28,BTCUSD_PERP,bid,62000,551.43
2024-08-27 19:44:28,BTCUSD_PERP,bid,62000,550.79
2024-08-27 19:45:52,BTCUSD_PERP,bid,62000,550.78
2024-08-27 19:46:04,BTCUSD_PERP,bid,62000,550.79
2024-08-27 19:47:44,BTCUSD_PERP,bid,62000,549.24
2024-08-27 19:47:54,BTCUSD_PERP,bid,61800,547.08
2024-08-27 19:47:54,BTCUSD_PERP,bid,61800,608.28
2024-08-27 19:48:08,BTCUSD_PERP,bid,62000,544.15
2024-08-27 19:48:22,BTCUSD_PERP,bid,61800,547.08
2024-08-27 19:48:22,BTCUSD_PERP,bid,61800,485.88
2024-08-27 19:48:32,BTCUSD_PERP,bid,62000,543.17
2024-08-27 19:48:33,BTCUSD_PERP,bid,61800,489.14
2024-08-27 19:49:48,BTCUSD_PERP,bid,62000,548.17
2024-08-27 19:50:04,BTCUSD_PERP,bid,61800,488.2
2024-08-27 19:50:32,BTCUSD_PERP,bid,62000,523.17
2024-08-27 19:50:34,BTCUSD_PERP,bid,62000,498.17
2024-08-27 19:50:47,BTCUSD_PERP,bid,62000,491.35
2024-08-27 19:51:21,BTCUSD_PERP,bid,62000,491.44
2024-08-27 19:51:34,BTCUSD_PERP,bid,62000,491.99
2024-08-27 19:52:12,BTCUSD_PERP,bid,61800,487.05
2024-08-27 19:52:13,BTCUSD_PERP,bid,61800,548.26
2024-08-27 19:52:13,BTCUSD_PERP,bid,61800,608.84
2024-08-27 19:52:13,BTCUSD_PERP,bid,61800,730.63
2024-08-27 19:53:45,BTCUSD_PERP,bid,61800,608.84
2024-08-27 19:53:45,BTCUSD_PERP,bid,61800,547.63
2024-08-27 19:53:55,BTCUSD_PERP,bid,62000,492.0
2024-08-27 19:54:46,BTCUSD_PERP,bid,61800,488.18
2024-08-27 19:54:46,BTCUSD_PERP,bid,61800,548.82
2024-08-27 19:54:58,BTCUSD_PERP,bid,62000,498.2
2024-08-27 19:55:13,BTCUSD_PERP,bid,62000,497.65
2024-08-27 19:55:24,BTCUSD_PERP,bid,62000,497.71
2024-08-27 19:55:26,BTCUSD_PERP,bid,61800,488.17
2024-08-27 19:55:27,BTCUSD_PERP,bid,61900,488.44
2024-08-27 19:55:27,BTCUSD_PERP,bid,61900,549.12
2024-08-27 19:57:19,BTCUSD_PERP,bid,62000,497.65
2024-08-27 19:57:48,BTCUSD_PERP,bid,62000,497.75
2024-08-27 19:58:25,BTCUSD_PERP,bid,61900,489.09
2024-08-27 19:58:32,BTCUSD_PERP,bid,61800,498.44
2024-08-27 19:59:57,BTCUSD_PERP,bid,62000,497.7
2024-08-27 20:00:55,BTCUSD_PERP,bid,61800,488.82
2024-08-27 20:01:39,BTCUSD_PERP,bid,61800,488.19
2024-08-27 20:01:40,BTCUSD_PERP,bid,61800,548.82
2024-08-27 20:01:40,BTCUSD_PERP,bid,61800,853.86
2024-08-27 20:01:40,BTCUSD_PERP,bid,61800,915.12
2024-08-27 20:02:42,BTCUSD_PERP,bid,61800,854.49
2024-08-27 20:02:42,BTCUSD_PERP,bid,61800,670.94
2024-08-27 20:02:42,BTCUSD_PERP,bid,61800,732.16
2024-08-27 20:03:36,BTCUSD_PERP,bid,61800,488.52
2024-08-27 20:03:36,BTCUSD_PERP,bid,61800,487.64
2024-08-27 20:03:36,BTCUSD_PERP,bid,61800,548.83
2024-08-27 20:05:54,BTCUSD_PERP,bid,62000,497.65
2024-08-27 20:11:26,BTCUSD_PERP,bid,62000,499.49
2024-08-27 20:11:28,BTCUSD_PERP,bid,61800,486.67
2024-08-27 20:11:28,BTCUSD_PERP,bid,61800,547.91
2024-08-27 20:13:03,BTCUSD_PERP,bid,61800,730.42
2024-08-27 20:13:34,BTCUSD_PERP,bid,61800,669.86
2024-08-27 20:13:34,BTCUSD_PERP,bid,61800,609.3
2024-08-27 20:13:34,BTCUSD_PERP,bid,61800,488.17
2024-08-27 20:13:37,BTCUSD_PERP,bid,61800,548.08
2024-08-27 20:15:20,BTCUSD_PERP,bid,62000,498.87
2024-08-27 20:15:49,BTCUSD_PERP,bid,61800,550.0
2024-08-27 20:15:49,BTCUSD_PERP,bid,61800,610.63
2024-08-27 20:15:49,BTCUSD_PERP,bid,61800,671.25
2024-08-27 20:15:49,BTCUSD_PERP,bid,61800,732.5
2024-08-27 20:15:50,BTCUSD_PERP,bid,61800,534.74
2024-08-27 20:15:50,BTCUSD_PERP,bid,61800,793.13
2024-08-27 20:16:40,BTCUSD_PERP,bid,61800,732.12
2024-08-27 20:18:42,BTCUSD_PERP,bid,61800,670.9
2024-08-27 20:18:43,BTCUSD_PERP,bid,61800,731.76
2024-08-27 20:19:13,BTCUSD_PERP,bid,61800,670.57
2024-08-27 20:19:13,BTCUSD_PERP,bid,61800,610.01
2024-08-27 20:19:13,BTCUSD_PERP,bid,61800,548.82
2024-08-27 20:22:03,BTCUSD_PERP,bid,61800,487.26
