2024-08-21 18:59:52,BTCUSDT,ask,60000,536.574
2024-08-21 19:00:35,BTCUSDT,ask,60000,536.563
2024-08-21 19:00:42,BTCUSDT,ask,60000,536.713
2024-08-21 19:02:31,BTCUSDT,ask,60000,536.747
2024-08-21 19:02:46,BTCUSDT,ask,60000,536.713
2024-08-21 19:03:03,BTCUSDT,ask,60000,536.721
2024-08-21 19:03:31,BTCUSDT,ask,60000,536.723
2024-08-21 19:03:45,BTCUSDT,ask,60000,536.813
2024-08-21 19:04:49,BTCUSDT,ask,60000,536.723
2024-08-21 19:06:41,BTCUSDT,ask,60000,536.474
2024-08-21 19:07:01,BTCUSDT,ask,60000,536.477
2024-08-21 19:08:27,BTCUSDT,ask,60000,536.48
2024-08-21 19:09:31,BTCUSDT,ask,60000,536.562
2024-08-21 19:10:38,BTCUSDT,ask,60000,536.594
2024-08-21 19:10:40,BTCUSDT,ask,60000,536.605
2024-08-21 19:10:41,BTCUSDT,ask,60000,536.615
2024-08-21 19:11:23,BTCUSDT,ask,60000,536.599
2024-08-21 19:12:36,BTCUSDT,ask,60000,537.265
2024-08-21 19:12:53,BTCUSDT,ask,60000,537.263
2024-08-21 19:13:58,BTCUSDT,ask,60000,537.274
2024-08-21 19:14:07,BTCUSDT,ask,60000,537.297
2024-08-21 19:14:09,BTCUSDT,ask,60000,537.963
2024-08-21 19:15:54,BTCUSDT,ask,60000,538.123
2024-08-21 19:17:01,BTCUSDT,ask,60000,537.457
2024-08-21 19:18:10,BTCUSDT,ask,60000,537.482
2024-08-21 19:19:16,BTCUSDT,ask,60000,537.45
2024-08-21 19:19:37,BTCUSDT,ask,60000,537.357
2024-08-21 19:19:41,BTCUSDT,ask,60000,537.3
2024-08-21 19:19:48,BTCUSDT,ask,60000,537.2
2024-08-21 19:20:11,BTCUSDT,ask,60000,537.203
2024-08-21 19:20:22,BTCUSDT,ask,60000,537.201
2024-08-21 19:20:54,BTCUSDT,ask,60000,537.135
2024-08-21 19:21:35,BTCUSDT,ask,60000,537.119
2024-08-21 19:21:47,BTCUSDT,ask,60000,536.959
2024-08-21 19:22:36,BTCUSDT,ask,60000,536.953
2024-08-21 19:23:53,BTCUSDT,ask,60000,537.039
2024-08-21 19:24:04,BTCUSDT,ask,60000,537.029
2024-08-21 19:25:25,BTCUSDT,ask,60000,537.158
2024-08-21 19:26:30,BTCUSDT,ask,60000,537.133
2024-08-21 19:26:55,BTCUSDT,ask,60000,537.144
2024-08-21 19:27:46,BTCUSDT,ask,60000,537.129
2024-08-21 19:28:04,BTCUSDT,ask,60000,537.125
2024-08-21 19:29:16,BTCUSDT,ask,60000,537.127
2024-08-21 19:29:26,BTCUSDT,ask,60000,537.096
2024-08-21 19:29:38,BTCUSDT,ask,60000,537.094
2024-08-21 19:29:38,BTCUSDT,ask,60000,537.097
2024-08-21 07:15:26,BTCUSD_PERP,bid,59100,1097.06
2024-08-21 07:15:27,BTCUSD_PERP,bid,59100,1096.69
2024-08-21 07:15:34,BTCUSD_PERP,bid,59100,1096.81
2024-08-21 07:15:37,BTCUSD_PERP,bid,59200,808.89
2024-08-21 07:15:37,BTCUSD_PERP,bid,59200,808.87
2024-08-21 07:15:38,BTCUSD_PERP,bid,59200,809.29
2024-08-21 07:15:38,BTCUSD_PERP,bid,59200,808.87
2024-08-21 07:15:38,BTCUSD_PERP,bid,59200,811.98
2024-08-21 07:15:40,BTCUSD_PERP,bid,59200,813.48
2024-08-21 07:15:41,BTCUSD_PERP,bid,59200,813.89
2024-08-21 09:01:16,BTCUSD_PERP,bid,58800,638.17
2024-08-21 09:01:16,BTCUSD_PERP,bid,58800,696.4
2024-08-21 09:03:03,BTCUSD_PERP,bid,58800,638.17
2024-08-21 09:03:41,BTCUSD_PERP,bid,58800,579.94
2024-08-21 09:03:41,BTCUSD_PERP,bid,58800,522.3
2024-08-21 09:03:45,BTCUSD_PERP,bid,58800,590.04
2024-08-21 09:04:06,BTCUSD_PERP,bid,58800,580.53
2024-08-21 09:04:23,BTCUSD_PERP,bid,58800,522.3
2024-08-21 09:16:48,BTCUSD_PERP,bid,58800,521.93
2024-08-21 09:16:48,BTCUSD_PERP,bid,58800,580.2
2024-08-21 09:16:48,BTCUSD_PERP,bid,58800,638.47
2024-08-21 09:18:46,BTCUSD_PERP,bid,58800,580.4
2024-08-21 09:26:30,BTCUSD_PERP,bid,58800,522.12
2024-08-21 09:29:42,BTCUSD_PERP,bid,58800,522.16
2024-08-21 09:50:06,BTCUSD_PERP,bid,58900,532.94
2024-08-21 09:50:28,BTCUSD_PERP,bid,59000,523.98
2024-08-21 09:50:28,BTCUSD_PERP,bid,59000,582.4
2024-08-21 09:50:28,BTCUSD_PERP,bid,59000,640.23
2024-08-21 09:50:29,BTCUSD_PERP,bid,59000,698.05
2024-08-21 09:50:29,BTCUSD_PERP,bid,58900,509.58
2024-08-21 09:51:39,BTCUSD_PERP,bid,59000,640.23
2024-08-21 09:51:40,BTCUSD_PERP,bid,59000,582.41
2024-08-21 09:51:40,BTCUSD_PERP,bid,58900,755.99
2024-08-21 09:51:40,BTCUSD_PERP,bid,58900,509.31
2024-08-21 09:52:18,BTCUSD_PERP,bid,58900,582.62
2024-08-21 09:52:18,BTCUSD_PERP,bid,58900,639.49
2024-08-21 09:53:00,BTCUSD_PERP,bid,58900,581.14
2024-08-21 09:53:06,BTCUSD_PERP,bid,58900,522.79
2024-08-21 09:54:14,BTCUSD_PERP,bid,58900,580.84
2024-08-21 09:54:15,BTCUSD_PERP,bid,58900,638.57
2024-08-21 09:56:35,BTCUSD_PERP,bid,58800,580.54
2024-08-21 10:01:34,BTCUSD_PERP,bid,58800,522.25
2024-08-21 10:01:35,BTCUSD_PERP,bid,58800,580.24
2024-08-21 10:02:48,BTCUSD_PERP,bid,58800,522.57
2024-08-21 10:02:49,BTCUSD_PERP,bid,58800,579.94
2024-08-21 10:04:40,BTCUSD_PERP,bid,58800,521.71
2024-08-21 10:06:33,BTCUSD_PERP,bid,58800,579.91
2024-08-21 10:06:33,BTCUSD_PERP,bid,58800,696.51
2024-08-21 10:06:33,BTCUSD_PERP,bid,58800,523.07
2024-08-21 10:06:33,BTCUSD_PERP,bid,58800,812.51
2024-08-21 10:06:33,BTCUSD_PERP,bid,58800,566.75
2024-08-21 10:06:33,BTCUSD_PERP,bid,58800,870.81
2024-08-21 10:09:58,BTCUSD_PERP,bid,58800,521.89
2024-08-21 10:09:58,BTCUSD_PERP,bid,58800,870.27
2024-08-21 10:10:41,BTCUSD_PERP,bid,58800,753.75
2024-08-21 10:10:41,BTCUSD_PERP,bid,58800,696.08
2024-08-21 10:10:42,BTCUSD_PERP,bid,58800,580.15
2024-08-21 10:10:42,BTCUSD_PERP,bid,58800,521.89
2024-08-21 10:10:42,BTCUSD_PERP,bid,58800,522.31
2024-08-21 10:10:42,BTCUSD_PERP,bid,58800,580.61
2024-08-21 10:10:42,BTCUSD_PERP,bid,58800,638.31
2024-08-21 10:10:43,BTCUSD_PERP,bid,58800,696.51
2024-08-21 10:10:43,BTCUSD_PERP,bid,58800,566.76
2024-08-21 10:10:43,BTCUSD_PERP,bid,58800,754.21
2024-08-21 10:10:43,BTCUSD_PERP,bid,58800,812.51
2024-08-21 10:14:40,BTCUSD_PERP,bid,58800,523.08
2024-08-21 10:14:40,BTCUSD_PERP,bid,58800,697.11
2024-08-21 10:14:40,BTCUSD_PERP,bid,58800,581.1
2024-08-21 10:14:40,BTCUSD_PERP,bid,58800,522.8
2024-08-21 10:14:42,BTCUSD_PERP,bid,58900,523.18
2024-08-21 10:14:42,BTCUSD_PERP,bid,58900,581.41
2024-08-21 10:14:42,BTCUSD_PERP,bid,58900,639.74
2024-08-21 10:14:42,BTCUSD_PERP,bid,58900,649.55
2024-08-21 10:14:43,BTCUSD_PERP,bid,58900,649.59
2024-08-21 10:15:00,BTCUSD_PERP,bid,58900,649.63
2024-08-21 10:16:49,BTCUSD_PERP,bid,58800,581.11
2024-08-21 10:19:45,BTCUSD_PERP,bid,58800,639.07
2024-08-21 10:20:53,BTCUSD_PERP,bid,58800,753.95
2024-08-21 10:22:01,BTCUSD_PERP,bid,58800,580.15
2024-08-21 10:22:01,BTCUSD_PERP,bid,58800,638.41
2024-08-21 10:22:02,BTCUSD_PERP,bid,58800,753.75
2024-08-21 10:22:02,BTCUSD_PERP,bid,58800,812.01
2024-08-21 10:22:51,BTCUSD_PERP,bid,58800,811.57
2024-08-21 10:28:08,BTCUSD_PERP,bid,58800,753.34
2024-08-21 10:28:08,BTCUSD_PERP,bid,58800,695.11
2024-08-21 10:28:08,BTCUSD_PERP,bid,58800,637.48
2024-08-21 10:28:08,BTCUSD_PERP,bid,58800,579.84
2024-08-21 10:28:08,BTCUSD_PERP,bid,58800,521.61
2024-08-21 10:28:37,BTCUSD_PERP,bid,58800,579.8
2024-08-21 10:28:37,BTCUSD_PERP,bid,58800,869.75
2024-08-21 10:31:52,BTCUSD_PERP,bid,58800,811.52
2024-08-21 11:02:29,BTCUSD_PERP,bid,58800,638.67
2024-08-21 11:02:29,BTCUSD_PERP,bid,58800,755.13
2024-08-21 11:02:29,BTCUSD_PERP,bid,58800,813.36
2024-08-21 11:03:32,BTCUSD_PERP,bid,58800,755.72
2024-08-21 11:20:00,BTCUSD_PERP,bid,58800,522.21
2024-08-21 11:20:00,BTCUSD_PERP,bid,58800,754.54
2024-08-21 11:20:00,BTCUSD_PERP,bid,58800,870.41
2024-08-21 11:20:00,BTCUSD_PERP,bid,58800,928.05
2024-08-21 11:20:00,BTCUSD_PERP,bid,58800,986.28
2024-08-21 11:20:00,BTCUSD_PERP,bid,58800,1043.92
2024-08-21 11:20:00,BTCUSD_PERP,bid,58800,1102.15
2024-08-21 11:20:01,BTCUSD_PERP,bid,58800,1159.79
2024-08-21 11:20:03,BTCUSD_PERP,bid,58800,1173.88
2024-08-21 11:21:09,BTCUSD_PERP,bid,58800,1116.24
2024-08-21 11:21:11,BTCUSD_PERP,bid,58800,700.77
2024-08-21 11:21:11,BTCUSD_PERP,bid,58800,1108.0
2024-08-21 11:21:11,BTCUSD_PERP,bid,58800,1166.26
2024-08-21 11:21:12,BTCUSD_PERP,bid,58800,1166.3
2024-08-21 11:21:24,BTCUSD_PERP,bid,58800,1166.34
2024-08-21 11:21:36,BTCUSD_PERP,bid,58800,1160.47
2024-08-21 11:24:40,BTCUSD_PERP,bid,58800,1160.43
2024-08-21 11:24:55,BTCUSD_PERP,bid,58800,1160.39
2024-08-21 11:28:46,BTCUSD_PERP,bid,58800,1102.13
2024-08-21 11:28:46,BTCUSD_PERP,bid,58800,1043.87
2024-08-21 11:28:46,BTCUSD_PERP,bid,58800,927.94
2024-08-21 11:28:46,BTCUSD_PERP,bid,58800,812.01
2024-08-21 11:28:46,BTCUSD_PERP,bid,58800,753.84
2024-08-21 11:28:47,BTCUSD_PERP,bid,58800,928.05
2024-08-21 11:28:47,BTCUSD_PERP,bid,58800,1101.56
2024-08-21 11:28:47,BTCUSD_PERP,bid,58800,1159.79
2024-08-21 11:32:06,BTCUSD_PERP,bid,58800,1102.15
2024-08-21 11:32:06,BTCUSD_PERP,bid,58800,1043.92
2024-08-21 11:32:06,BTCUSD_PERP,bid,58800,985.69
2024-08-21 11:32:06,BTCUSD_PERP,bid,58800,927.46
2024-08-21 11:32:06,BTCUSD_PERP,bid,58800,869.23
2024-08-21 11:32:06,BTCUSD_PERP,bid,58800,753.36
2024-08-21 11:32:07,BTCUSD_PERP,bid,58800,637.49
2024-08-21 11:32:07,BTCUSD_PERP,bid,58800,579.85
2024-08-21 11:32:07,BTCUSD_PERP,bid,58800,522.21
2024-08-21 11:32:07,BTCUSD_PERP,bid,58800,580.24
2024-08-21 11:32:07,BTCUSD_PERP,bid,58800,638.5
2024-08-21 11:32:08,BTCUSD_PERP,bid,58800,755.02
2024-08-21 11:32:08,BTCUSD_PERP,bid,58800,929.12
2024-08-21 11:32:08,BTCUSD_PERP,bid,58800,986.79
2024-08-21 11:32:09,BTCUSD_PERP,bid,58800,986.83
2024-08-21 11:35:36,BTCUSD_PERP,bid,58800,986.79
2024-08-21 11:36:11,BTCUSD_PERP,bid,58800,871.45
2024-08-21 11:36:11,BTCUSD_PERP,bid,58800,754.93
2024-08-21 11:36:12,BTCUSD_PERP,bid,58800,638.41
2024-08-21 11:36:12,BTCUSD_PERP,bid,58800,580.74
2024-08-21 11:36:12,BTCUSD_PERP,bid,58800,522.48
2024-08-21 11:36:12,BTCUSD_PERP,bid,58800,523.29
2024-08-21 11:36:12,BTCUSD_PERP,bid,58800,581.6
2024-08-21 11:36:12,BTCUSD_PERP,bid,58800,698.12
2024-08-21 11:36:12,BTCUSD_PERP,bid,58800,756.43
2024-08-21 11:36:13,BTCUSD_PERP,bid,58800,871.85
2024-08-21 11:36:13,BTCUSD_PERP,bid,58800,929.56
2024-08-21 11:36:13,BTCUSD_PERP,bid,58800,987.87
2024-08-21 11:36:13,BTCUSD_PERP,bid,58800,1045.58
2024-08-21 11:37:04,BTCUSD_PERP,bid,58800,928.69
2024-08-21 11:37:04,BTCUSD_PERP,bid,58800,986.96
2024-08-21 11:50:33,BTCUSD_PERP,bid,58800,871.01
2024-08-21 11:50:33,BTCUSD_PERP,bid,58800,812.74
2024-08-21 11:50:33,BTCUSD_PERP,bid,58800,754.47
2024-08-21 11:50:33,BTCUSD_PERP,bid,58800,580.84
2024-08-21 11:50:33,BTCUSD_PERP,bid,58800,638.94
2024-08-21 11:50:33,BTCUSD_PERP,bid,58800,697.24
2024-08-21 11:50:34,BTCUSD_PERP,bid,58800,755.54
2024-08-21 11:50:34,BTCUSD_PERP,bid,58800,813.25
2024-08-21 11:50:34,BTCUSD_PERP,bid,58800,871.55
2024-08-21 11:50:34,BTCUSD_PERP,bid,58800,929.26
2024-08-21 11:50:35,BTCUSD_PERP,bid,58800,987.47
2024-08-21 11:54:19,BTCUSD_PERP,bid,58800,929.17
2024-08-21 11:54:19,BTCUSD_PERP,bid,58800,870.87
2024-08-21 11:54:19,BTCUSD_PERP,bid,58800,754.86
2024-08-21 11:54:19,BTCUSD_PERP,bid,58800,696.56
2024-08-21 11:54:19,BTCUSD_PERP,bid,58800,522.25
2024-08-21 11:54:19,BTCUSD_PERP,bid,58800,523.18
2024-08-21 11:54:20,BTCUSD_PERP,bid,58800,580.86
2024-08-21 11:54:20,BTCUSD_PERP,bid,58800,638.54
2024-08-21 11:54:20,BTCUSD_PERP,bid,58800,696.21
2024-08-21 11:54:20,BTCUSD_PERP,bid,58800,1045.15
2024-08-21 11:54:38,BTCUSD_PERP,bid,58800,1045.19
2024-08-21 11:54:41,BTCUSD_PERP,bid,58800,1045.23
2024-08-21 11:58:01,BTCUSD_PERP,bid,58800,1045.19
2024-08-21 11:58:09,BTCUSD_PERP,bid,58800,1045.15
2024-08-21 12:01:03,BTCUSD_PERP,bid,58800,986.88
2024-08-21 12:01:03,BTCUSD_PERP,bid,58800,928.61
2024-08-21 12:01:03,BTCUSD_PERP,bid,58800,870.34
2024-08-21 12:01:04,BTCUSD_PERP,bid,58800,812.66
2024-08-21 12:01:04,BTCUSD_PERP,bid,58800,696.71
2024-08-21 12:01:04,BTCUSD_PERP,bid,58800,639.03
2024-08-21 12:01:04,BTCUSD_PERP,bid,58800,580.76
2024-08-21 12:01:04,BTCUSD_PERP,bid,58800,522.49
2024-08-21 12:01:04,BTCUSD_PERP,bid,58900,522.99
2024-08-21 12:01:05,BTCUSD_PERP,bid,58900,697.82
2024-08-21 12:01:05,BTCUSD_PERP,bid,58900,755.53
2024-08-21 12:01:05,BTCUSD_PERP,bid,58900,813.24
2024-08-21 12:01:05,BTCUSD_PERP,bid,58900,871.55
2024-08-21 12:01:05,BTCUSD_PERP,bid,58900,987.57
2024-08-21 12:04:38,BTCUSD_PERP,bid,58900,929.86
2024-08-21 12:04:38,BTCUSD_PERP,bid,58900,871.55
2024-08-21 12:04:38,BTCUSD_PERP,bid,58800,928.78
2024-08-21 12:04:38,BTCUSD_PERP,bid,58800,987.06
2024-08-21 12:04:38,BTCUSD_PERP,bid,58800,1044.74
2024-08-21 12:06:03,BTCUSD_PERP,bid,58800,987.06
2024-08-21 12:06:04,BTCUSD_PERP,bid,58800,986.97
2024-08-21 12:06:04,BTCUSD_PERP,bid,58800,1045.28
2024-08-21 12:06:37,BTCUSD_PERP,bid,58800,1045.32
2024-08-21 12:07:47,BTCUSD_PERP,bid,58800,870.99
2024-08-21 12:07:47,BTCUSD_PERP,bid,58800,812.68
2024-08-21 12:07:47,BTCUSD_PERP,bid,58800,754.97
2024-08-21 12:07:47,BTCUSD_PERP,bid,58800,696.76
2024-08-21 12:07:47,BTCUSD_PERP,bid,58800,580.14
2024-08-21 12:07:47,BTCUSD_PERP,bid,58800,580.25
2024-08-21 12:07:47,BTCUSD_PERP,bid,58800,637.93
2024-08-21 12:07:47,BTCUSD_PERP,bid,58800,753.88
2024-08-21 12:07:48,BTCUSD_PERP,bid,58800,928.69
2024-08-21 12:07:48,BTCUSD_PERP,bid,58800,1044.64
2024-08-21 12:19:44,BTCUSD_PERP,bid,58800,928.69
2024-08-21 12:19:44,BTCUSD_PERP,bid,58800,870.51
2024-08-21 12:19:45,BTCUSD_PERP,bid,58800,812.83
2024-08-21 12:19:45,BTCUSD_PERP,bid,58800,754.56
2024-08-21 12:19:45,BTCUSD_PERP,bid,58800,523.25
2024-08-21 12:26:57,BTCUSD_PERP,bid,58800,521.39
2024-08-21 12:26:57,BTCUSD_PERP,bid,58800,579.66
2024-08-21 12:36:21,BTCUSD_PERP,bid,58800,521.48
2024-08-21 12:36:23,BTCUSD_PERP,bid,58800,522.59
2024-08-21 12:36:23,BTCUSD_PERP,bid,58800,638.61
2024-08-21 12:39:43,BTCUSD_PERP,bid,58800,580.9
2024-08-21 12:39:44,BTCUSD_PERP,bid,58800,579.68
2024-08-21 12:39:44,BTCUSD_PERP,bid,58800,637.95
2024-08-21 12:44:14,BTCUSD_PERP,bid,58800,521.71
2024-08-21 13:00:10,BTCUSD_PERP,bid,58900,523.01
2024-08-21 13:00:10,BTCUSD_PERP,bid,58900,581.32
2024-08-21 13:06:06,BTCUSD_PERP,bid,58900,523.01
2024-08-21 13:06:41,BTCUSD_PERP,bid,58900,523.71
2024-08-21 13:07:14,BTCUSD_PERP,bid,59000,522.78
2024-08-21 13:07:14,BTCUSD_PERP,bid,59000,639.62
2024-08-21 13:07:14,BTCUSD_PERP,bid,59000,756.46
2024-08-21 13:07:14,BTCUSD_PERP,bid,59000,814.28
2024-08-21 13:07:14,BTCUSD_PERP,bid,59000,872.7
2024-08-21 13:07:14,BTCUSD_PERP,bid,59000,930.52
2024-08-21 13:07:15,BTCUSD_PERP,bid,59000,988.94
2024-08-21 13:08:12,BTCUSD_PERP,bid,58900,522.51
2024-08-21 13:08:12,BTCUSD_PERP,bid,58900,872.25
2024-08-21 13:08:12,BTCUSD_PERP,bid,58900,930.64
2024-08-21 13:08:12,BTCUSD_PERP,bid,58900,988.43
2024-08-21 13:08:14,BTCUSD_PERP,bid,58900,990.55
2024-08-21 13:08:15,BTCUSD_PERP,bid,58900,1004.68
2024-08-21 13:08:17,BTCUSD_PERP,bid,58900,1005.91
2024-08-21 13:08:59,BTCUSD_PERP,bid,58900,1005.95
2024-08-21 13:09:25,BTCUSD_PERP,bid,58900,773.59
2024-08-21 13:09:25,BTCUSD_PERP,bid,58900,697.32
2024-08-21 13:09:26,BTCUSD_PERP,bid,58900,871.8
2024-08-21 13:09:26,BTCUSD_PERP,bid,58900,930.16
2024-08-21 13:09:26,BTCUSD_PERP,bid,58900,987.92
2024-08-21 13:11:59,BTCUSD_PERP,bid,58900,929.56
2024-08-21 13:11:59,BTCUSD_PERP,bid,58900,813.44
2024-08-21 13:11:59,BTCUSD_PERP,bid,58900,755.08
2024-08-21 13:11:59,BTCUSD_PERP,bid,58900,697.32
2024-08-21 13:11:59,BTCUSD_PERP,bid,58900,638.96
2024-08-21 13:11:59,BTCUSD_PERP,bid,58900,581.2
2024-08-21 13:12:00,BTCUSD_PERP,bid,58900,523.2
2024-08-21 13:12:00,BTCUSD_PERP,bid,58900,581.6
2024-08-21 13:12:01,BTCUSD_PERP,bid,58900,697.8
2024-08-21 13:12:06,BTCUSD_PERP,bid,59000,524.07
2024-08-21 13:12:06,BTCUSD_PERP,bid,59000,581.9
2024-08-21 13:12:06,BTCUSD_PERP,bid,59000,639.73
2024-08-21 13:12:06,BTCUSD_PERP,bid,59000,698.16
2024-08-21 13:12:08,BTCUSD_PERP,bid,59000,699.39
2024-08-21 13:12:10,BTCUSD_PERP,bid,59000,640.96
2024-08-21 13:12:10,BTCUSD_PERP,bid,59000,582.53
2024-08-21 13:12:12,BTCUSD_PERP,bid,59000,523.74
2024-08-21 13:12:12,BTCUSD_PERP,bid,59000,582.2
2024-08-21 13:12:12,BTCUSD_PERP,bid,59000,640.06
2024-08-21 13:12:46,BTCUSD_PERP,bid,59000,581.6
2024-08-21 13:12:46,BTCUSD_PERP,bid,59000,523.14
2024-08-21 13:16:42,BTCUSD_PERP,bid,59000,523.7
2024-08-21 13:16:42,BTCUSD_PERP,bid,59000,581.54
2024-08-21 13:16:42,BTCUSD_PERP,bid,59000,639.97
2024-08-21 13:16:43,BTCUSD_PERP,bid,59000,698.4
2024-08-21 13:17:22,BTCUSD_PERP,bid,59000,524.29
2024-08-21 13:17:24,BTCUSD_PERP,bid,59000,640.17
2024-08-21 13:17:25,BTCUSD_PERP,bid,59000,698.64
2024-08-21 13:17:45,BTCUSD_PERP,bid,59000,582.0
2024-08-21 13:17:45,BTCUSD_PERP,bid,59000,640.44
2024-08-21 13:18:42,BTCUSD_PERP,bid,59000,640.19
2024-08-21 13:18:42,BTCUSD_PERP,bid,59000,698.66
2024-08-21 13:19:39,BTCUSD_PERP,bid,59000,640.19
2024-08-21 13:19:39,BTCUSD_PERP,bid,59000,581.72
2024-08-21 13:19:39,BTCUSD_PERP,bid,59000,523.85
2024-08-21 13:19:40,BTCUSD_PERP,bid,59100,523.67
2024-08-21 13:19:40,BTCUSD_PERP,bid,59100,581.6
2024-08-21 13:19:40,BTCUSD_PERP,bid,59100,639.53
2024-08-21 13:19:41,BTCUSD_PERP,bid,59100,815.12
2024-08-21 13:19:41,BTCUSD_PERP,bid,59100,873.65
2024-08-21 13:19:43,BTCUSD_PERP,bid,59100,524.27
2024-08-21 13:19:46,BTCUSD_PERP,bid,59000,524.6
2024-08-21 13:19:46,BTCUSD_PERP,bid,59000,582.5
2024-08-21 13:20:12,BTCUSD_PERP,bid,59000,524.6
2024-08-21 13:20:13,BTCUSD_PERP,bid,59100,698.66
2024-08-21 13:20:23,BTCUSD_PERP,bid,59100,640.73
2024-08-21 13:20:24,BTCUSD_PERP,bid,59100,582.2
2024-08-21 13:21:21,BTCUSD_PERP,bid,59100,524.27
2024-08-21 13:21:21,BTCUSD_PERP,bid,59100,523.94
2024-08-21 13:21:21,BTCUSD_PERP,bid,59100,640.46
2024-08-21 13:21:21,BTCUSD_PERP,bid,59100,699.02
2024-08-21 13:27:38,BTCUSD_PERP,bid,59100,641.06
2024-08-21 13:27:38,BTCUSD_PERP,bid,59100,583.1
2024-08-21 13:27:38,BTCUSD_PERP,bid,59100,524.54
2024-08-21 13:27:39,BTCUSD_PERP,bid,59100,524.81
2024-08-21 13:27:39,BTCUSD_PERP,bid,59100,582.8
2024-08-21 13:27:40,BTCUSD_PERP,bid,59100,641.39
2024-08-21 13:27:40,BTCUSD_PERP,bid,59100,699.38
2024-08-21 13:27:42,BTCUSD_PERP,bid,59100,582.8
2024-08-21 13:28:01,BTCUSD_PERP,bid,59200,524.49
2024-08-21 13:28:01,BTCUSD_PERP,bid,59200,583.1
2024-08-21 13:28:35,BTCUSD_PERP,bid,59100,884.26
2024-08-21 13:28:35,BTCUSD_PERP,bid,59100,511.0
2024-08-21 13:28:35,BTCUSD_PERP,bid,59100,569.48
2024-08-21 13:28:35,BTCUSD_PERP,bid,59100,942.84
2024-08-21 13:28:36,BTCUSD_PERP,bid,59100,1000.82
2024-08-21 13:29:12,BTCUSD_PERP,bid,59100,942.84
2024-08-21 13:29:14,BTCUSD_PERP,bid,59100,511.26
2024-08-21 13:29:14,BTCUSD_PERP,bid,59200,932.86
2024-08-21 13:29:14,BTCUSD_PERP,bid,59200,991.47
2024-08-21 13:29:14,BTCUSD_PERP,bid,59100,569.77
2024-08-21 13:31:03,BTCUSD_PERP,bid,59100,874.4
2024-08-21 13:31:03,BTCUSD_PERP,bid,59100,932.98
2024-08-21 13:33:17,BTCUSD_PERP,bid,59100,640.35
2024-08-21 13:33:17,BTCUSD_PERP,bid,59100,873.95
2024-08-21 13:33:17,BTCUSD_PERP,bid,59100,932.5
2024-08-21 13:34:27,BTCUSD_PERP,bid,59100,816.0
2024-08-21 13:34:27,BTCUSD_PERP,bid,59100,699.6
2024-08-21 13:34:28,BTCUSD_PERP,bid,59100,583.1
2024-08-21 13:34:28,BTCUSD_PERP,bid,59100,525.15
2024-08-21 13:34:28,BTCUSD_PERP,bid,59100,523.58
2024-08-21 13:34:28,BTCUSD_PERP,bid,59100,883.34
2024-08-21 13:34:28,BTCUSD_PERP,bid,59100,941.86
2024-08-21 13:36:40,BTCUSD_PERP,bid,59100,883.94
2024-08-21 13:36:40,BTCUSD_PERP,bid,59100,766.9
2024-08-21 13:36:41,BTCUSD_PERP,bid,59100,591.44
2024-08-21 13:36:41,BTCUSD_PERP,bid,59100,532.92
2024-08-21 13:36:41,BTCUSD_PERP,bid,59100,526.25
2024-08-21 13:36:41,BTCUSD_PERP,bid,59100,642.15
2024-08-21 13:36:41,BTCUSD_PERP,bid,59100,758.65
2024-08-21 13:36:41,BTCUSD_PERP,bid,59100,816.6
2024-08-21 13:36:41,BTCUSD_PERP,bid,59100,874.55
2024-08-21 13:36:41,BTCUSD_PERP,bid,59100,932.5
2024-08-21 13:36:41,BTCUSD_PERP,bid,59100,991.05
2024-08-21 13:36:42,BTCUSD_PERP,bid,59100,1049.0
2024-08-21 13:37:15,BTCUSD_PERP,bid,59100,932.5
2024-08-21 13:37:15,BTCUSD_PERP,bid,59100,757.45
2024-08-21 13:37:15,BTCUSD_PERP,bid,59100,699.5
2024-08-21 13:37:16,BTCUSD_PERP,bid,59100,525.05
2024-08-21 13:37:16,BTCUSD_PERP,bid,59100,534.08
2024-08-21 13:37:16,BTCUSD_PERP,bid,59100,592.06
2024-08-21 13:37:16,BTCUSD_PERP,bid,59100,709.13
2024-08-21 13:37:16,BTCUSD_PERP,bid,59100,767.11
2024-08-21 13:38:37,BTCUSD_PERP,bid,59100,767.15
2024-08-21 13:38:53,BTCUSD_PERP,bid,59100,593.2
2024-08-21 13:38:53,BTCUSD_PERP,bid,59100,525.08
2024-08-21 13:38:54,BTCUSD_PERP,bid,59100,583.63
2024-08-21 13:39:09,BTCUSD_PERP,bid,59100,525.08
2024-08-21 13:39:10,BTCUSD_PERP,bid,59100,525.64
2024-08-21 13:39:10,BTCUSD_PERP,bid,59100,584.13
2024-08-21 13:39:20,BTCUSD_PERP,bid,59100,584.17
2024-08-21 13:40:34,BTCUSD_PERP,bid,59100,525.58
2024-08-21 13:40:34,BTCUSD_PERP,bid,59100,700.74
2024-08-21 13:40:34,BTCUSD_PERP,bid,59000,511.37
2024-08-21 13:40:34,BTCUSD_PERP,bid,59100,759.29
2024-08-21 13:41:21,BTCUSD_PERP,bid,59100,642.28
2024-08-21 13:41:21,BTCUSD_PERP,bid,59100,583.73
2024-08-21 13:41:22,BTCUSD_PERP,bid,59100,524.82
2024-08-21 13:41:22,BTCUSD_PERP,bid,59100,583.4
2024-08-21 13:41:23,BTCUSD_PERP,bid,59100,641.98
2024-08-21 13:42:36,BTCUSD_PERP,bid,59100,583.4
2024-08-21 13:42:36,BTCUSD_PERP,bid,59100,700.15
2024-08-21 13:42:36,BTCUSD_PERP,bid,59000,511.37
2024-08-21 13:42:36,BTCUSD_PERP,bid,59100,758.7
2024-08-21 13:47:22,BTCUSD_PERP,bid,59100,710.21
2024-08-21 13:47:22,BTCUSD_PERP,bid,59000,511.05
2024-08-21 13:47:22,BTCUSD_PERP,bid,59100,826.66
2024-08-21 13:48:13,BTCUSD_PERP,bid,59000,757.91
2024-08-21 13:48:13,BTCUSD_PERP,bid,59000,816.4
2024-08-21 13:49:48,BTCUSD_PERP,bid,59000,830.55
2024-08-21 13:49:50,BTCUSD_PERP,bid,59000,832.67
2024-08-21 13:49:56,BTCUSD_PERP,bid,59000,832.71
2024-08-21 13:51:20,BTCUSD_PERP,bid,59000,830.59
2024-08-21 13:51:20,BTCUSD_PERP,bid,59000,816.44
2024-08-21 13:53:17,BTCUSD_PERP,bid,59000,816.4
2024-08-21 13:57:45,BTCUSD_PERP,bid,59000,758.51
2024-08-21 13:57:45,BTCUSD_PERP,bid,59000,641.53
2024-08-21 13:57:45,BTCUSD_PERP,bid,59000,583.04
2024-08-21 13:57:46,BTCUSD_PERP,bid,59100,524.8
2024-08-21 13:57:46,BTCUSD_PERP,bid,59100,582.72
2024-08-21 13:57:46,BTCUSD_PERP,bid,59100,758.28
2024-08-21 13:57:46,BTCUSD_PERP,bid,59100,816.8
2024-08-21 13:58:21,BTCUSD_PERP,bid,59100,758.28
2024-08-21 13:58:21,BTCUSD_PERP,bid,59100,700.36
2024-08-21 13:58:21,BTCUSD_PERP,bid,59100,641.84
2024-08-21 13:58:22,BTCUSD_PERP,bid,59100,525.39
2024-08-21 13:58:22,BTCUSD_PERP,bid,59100,525.09
2024-08-21 13:58:22,BTCUSD_PERP,bid,59100,642.19
2024-08-21 13:58:22,BTCUSD_PERP,bid,59100,700.15
2024-08-21 13:58:22,BTCUSD_PERP,bid,59100,758.11
2024-08-21 13:58:23,BTCUSD_PERP,bid,59100,875.21
2024-08-21 13:58:23,BTCUSD_PERP,bid,59100,991.72
2024-08-21 13:58:23,BTCUSD_PERP,bid,59100,1049.68
2024-08-21 13:58:23,BTCUSD_PERP,bid,59000,510.7
2024-08-21 14:02:04,BTCUSD_PERP,bid,59100,991.72
2024-08-21 14:02:07,BTCUSD_PERP,bid,59100,701.33
2024-08-21 14:02:07,BTCUSD_PERP,bid,59100,511.08
2024-08-21 14:02:07,BTCUSD_PERP,bid,59100,1050.32
2024-08-21 14:02:07,BTCUSD_PERP,bid,59100,569.57
2024-08-21 14:02:07,BTCUSD_PERP,bid,59100,1108.91
2024-08-21 14:05:53,BTCUSD_PERP,bid,59100,933.14
2024-08-21 14:05:53,BTCUSD_PERP,bid,59100,511.08
2024-08-21 14:05:53,BTCUSD_PERP,bid,59100,874.65
2024-08-21 14:05:53,BTCUSD_PERP,bid,59100,816.66
2024-08-21 14:05:54,BTCUSD_PERP,bid,59100,699.48
2024-08-21 14:05:54,BTCUSD_PERP,bid,59100,640.89
2024-08-21 14:05:54,BTCUSD_PERP,bid,59100,523.71
2024-08-21 14:05:54,BTCUSD_PERP,bid,59200,525.68
2024-08-21 14:05:54,BTCUSD_PERP,bid,59200,583.7
2024-08-21 14:05:54,BTCUSD_PERP,bid,59200,642.32
2024-08-21 14:05:55,BTCUSD_PERP,bid,59200,817.58
2024-08-21 14:05:55,BTCUSD_PERP,bid,59100,511.31
2024-08-21 14:05:55,BTCUSD_PERP,bid,59200,875.6
2024-08-21 14:05:55,BTCUSD_PERP,bid,59100,569.87
2024-08-21 14:05:55,BTCUSD_PERP,bid,59200,991.64
2024-08-21 14:11:00,BTCUSD_PERP,bid,59200,1003.43
2024-08-21 14:11:09,BTCUSD_PERP,bid,59200,991.64
2024-08-21 14:12:12,BTCUSD_PERP,bid,59100,511.08
2024-08-21 14:12:12,BTCUSD_PERP,bid,59100,933.58
2024-08-21 14:12:12,BTCUSD_PERP,bid,59100,569.57
2024-08-21 14:12:12,BTCUSD_PERP,bid,59100,992.16
2024-08-21 14:12:14,BTCUSD_PERP,bid,59100,511.04
2024-08-21 14:12:14,BTCUSD_PERP,bid,59100,933.58
2024-08-21 14:12:14,BTCUSD_PERP,bid,59100,875.1
2024-08-21 14:12:14,BTCUSD_PERP,bid,59000,919.04
2024-08-21 14:12:14,BTCUSD_PERP,bid,59100,933.26
2024-08-21 14:12:15,BTCUSD_PERP,bid,59000,977.5
2024-08-21 14:12:15,BTCUSD_PERP,bid,59100,991.82
2024-08-21 14:12:15,BTCUSD_PERP,bid,59000,627.76
2024-08-21 14:12:15,BTCUSD_PERP,bid,59000,569.28
2024-08-21 14:13:14,BTCUSD_PERP,bid,59100,526.58
2024-08-21 14:13:14,BTCUSD_PERP,bid,59000,510.62
2024-08-21 14:13:14,BTCUSD_PERP,bid,59100,884.54
2024-08-21 14:13:14,BTCUSD_PERP,bid,59000,569.04
2024-08-21 14:13:14,BTCUSD_PERP,bid,59100,943.06
2024-08-21 14:14:44,BTCUSD_PERP,bid,59000,641.59
2024-08-21 14:15:22,BTCUSD_PERP,bid,59000,583.1
2024-08-21 14:15:23,BTCUSD_PERP,bid,59100,524.88
2024-08-21 14:15:23,BTCUSD_PERP,bid,59100,583.4
2024-08-21 14:20:48,BTCUSD_PERP,bid,59100,525.17
2024-08-21 14:22:41,BTCUSD_PERP,bid,59100,525.5
2024-08-21 14:22:41,BTCUSD_PERP,bid,59100,583.43
2024-08-21 14:22:41,BTCUSD_PERP,bid,59100,816.24
2024-08-21 14:22:41,BTCUSD_PERP,bid,59000,510.48
2024-08-21 14:22:41,BTCUSD_PERP,bid,59100,1107.66
2024-08-21 14:22:42,BTCUSD_PERP,bid,59100,1165.59
2024-08-21 14:26:41,BTCUSD_PERP,bid,59100,1107.66
2024-08-21 14:26:42,BTCUSD_PERP,bid,59000,510.44
2024-08-21 14:26:42,BTCUSD_PERP,bid,59100,816.83
2024-08-21 14:26:42,BTCUSD_PERP,bid,59000,568.9
2024-08-21 14:26:42,BTCUSD_PERP,bid,59000,525.05
2024-08-21 14:26:42,BTCUSD_PERP,bid,59100,758.9
2024-08-21 14:26:42,BTCUSD_PERP,bid,59100,642.45
2024-08-21 14:26:42,BTCUSD_PERP,bid,59100,583.93
2024-08-21 14:26:43,BTCUSD_PERP,bid,59100,525.15
2024-08-21 14:26:43,BTCUSD_PERP,bid,59100,642.27
2024-08-21 14:26:43,BTCUSD_PERP,bid,59100,700.83
2024-08-21 14:29:37,BTCUSD_PERP,bid,59100,642.86
2024-08-21 14:29:44,BTCUSD_PERP,bid,59100,584.3
2024-08-21 14:29:44,BTCUSD_PERP,bid,59100,526.14
2024-08-21 14:29:45,BTCUSD_PERP,bid,59100,584.73
2024-08-21 14:29:45,BTCUSD_PERP,bid,59100,700.71
2024-08-21 14:29:45,BTCUSD_PERP,bid,59100,817.89
2024-08-21 14:29:45,BTCUSD_PERP,bid,59100,875.88
2024-08-21 14:33:36,BTCUSD_PERP,bid,59100,700.71
2024-08-21 14:33:36,BTCUSD_PERP,bid,59100,642.12
2024-08-21 14:33:36,BTCUSD_PERP,bid,59100,584.13
2024-08-21 14:34:49,BTCUSD_PERP,bid,59100,524.83
2024-08-21 14:34:49,BTCUSD_PERP,bid,59100,583.41
2024-08-21 14:35:18,BTCUSD_PERP,bid,59100,641.56
2024-08-21 14:35:18,BTCUSD_PERP,bid,59100,758.07
2024-08-21 14:35:18,BTCUSD_PERP,bid,59100,816.62
2024-08-21 14:36:35,BTCUSD_PERP,bid,59100,767.5
2024-08-21 14:36:35,BTCUSD_PERP,bid,59100,826.02
2024-08-21 14:37:41,BTCUSD_PERP,bid,59100,767.5
2024-08-21 14:37:41,BTCUSD_PERP,bid,59100,534.02
2024-08-21 14:37:41,BTCUSD_PERP,bid,59100,524.55
2024-08-21 14:39:20,BTCUSD_PERP,bid,59100,583.4
2024-08-21 14:39:21,BTCUSD_PERP,bid,59100,641.33
2024-08-21 14:40:24,BTCUSD_PERP,bid,59100,524.87
2024-08-21 14:40:25,BTCUSD_PERP,bid,59100,525.83
2024-08-21 14:40:25,BTCUSD_PERP,bid,59100,583.8
2024-08-21 14:45:18,BTCUSD_PERP,bid,59100,524.6
2024-08-21 14:48:13,BTCUSD_PERP,bid,59100,524.82
2024-08-21 15:00:13,BTCUSD_PERP,bid,59200,524.85
2024-08-21 15:00:13,BTCUSD_PERP,bid,59200,583.5
2024-08-21 15:00:13,BTCUSD_PERP,bid,59200,642.05
2024-08-21 15:00:13,BTCUSD_PERP,bid,59200,651.91
2024-08-21 15:00:14,BTCUSD_PERP,bid,59200,710.56
2024-08-21 15:00:17,BTCUSD_PERP,bid,59200,593.26
2024-08-21 15:00:17,BTCUSD_PERP,bid,59200,534.61
2024-08-21 15:09:39,BTCUSD_PERP,bid,59000,523.96
2024-08-21 15:09:40,BTCUSD_PERP,bid,59000,582.45
2024-08-21 15:10:40,BTCUSD_PERP,bid,59000,522.68
2024-08-21 15:11:17,BTCUSD_PERP,bid,59000,522.37
2024-08-21 15:11:30,BTCUSD_PERP,bid,59000,580.5
2024-08-21 15:11:30,BTCUSD_PERP,bid,59000,638.92
2024-08-21 15:11:56,BTCUSD_PERP,bid,59000,580.6
2024-08-21 15:11:56,BTCUSD_PERP,bid,58900,754.66
2024-08-21 15:11:56,BTCUSD_PERP,bid,58900,813.04
2024-08-21 15:12:35,BTCUSD_PERP,bid,58900,579.9
2024-08-21 15:12:35,BTCUSD_PERP,bid,58900,638.26
2024-08-21 15:13:34,BTCUSD_PERP,bid,58900,580.6
2024-08-21 15:13:34,BTCUSD_PERP,bid,58900,638.96
2024-08-21 15:13:44,BTCUSD_PERP,bid,58900,522.52
2024-08-21 15:13:58,BTCUSD_PERP,bid,58900,522.52
2024-08-21 15:14:01,BTCUSD_PERP,bid,58800,522.16
2024-08-21 15:14:02,BTCUSD_PERP,bid,58800,580.44
2024-08-21 15:14:11,BTCUSD_PERP,bid,58800,522.16
2024-08-21 15:14:12,BTCUSD_PERP,bid,58900,523.2
2024-08-21 15:14:12,BTCUSD_PERP,bid,58900,581.44
2024-08-21 15:14:12,BTCUSD_PERP,bid,58900,639.18
2024-08-21 15:14:13,BTCUSD_PERP,bid,58900,696.92
2024-08-21 15:14:34,BTCUSD_PERP,bid,58800,812.65
2024-08-21 15:14:34,BTCUSD_PERP,bid,58800,870.95
2024-08-21 15:14:38,BTCUSD_PERP,bid,58800,813.24
2024-08-21 15:15:22,BTCUSD_PERP,bid,58800,695.99
2024-08-21 15:15:22,BTCUSD_PERP,bid,58800,566.78
2024-08-21 15:15:22,BTCUSD_PERP,bid,58800,754.29
2024-08-21 15:15:30,BTCUSD_PERP,bid,58800,753.87
2024-08-21 15:15:30,BTCUSD_PERP,bid,58800,566.49
2024-08-21 15:15:30,BTCUSD_PERP,bid,58800,812.14
2024-08-21 15:17:10,BTCUSD_PERP,bid,58800,580.72
2024-08-21 15:17:28,BTCUSD_PERP,bid,58800,523.06
2024-08-21 15:18:41,BTCUSD_PERP,bid,58900,523.08
2024-08-21 15:19:45,BTCUSD_PERP,bid,58800,522.02
2024-08-21 15:19:45,BTCUSD_PERP,bid,58800,579.7
2024-08-21 15:19:46,BTCUSD_PERP,bid,58800,637.98
2024-08-21 15:19:46,BTCUSD_PERP,bid,58800,696.26
2024-08-21 15:20:02,BTCUSD_PERP,bid,58800,638.08
2024-08-21 15:20:02,BTCUSD_PERP,bid,58800,579.8
2024-08-21 15:20:03,BTCUSD_PERP,bid,58900,522.3
2024-08-21 15:20:03,BTCUSD_PERP,bid,58900,580.61
2024-08-21 15:20:03,BTCUSD_PERP,bid,58900,638.32
2024-08-21 15:20:03,BTCUSD_PERP,bid,58900,696.03
2024-08-21 15:20:03,BTCUSD_PERP,bid,58900,754.34
2024-08-21 15:20:20,BTCUSD_PERP,bid,58900,696.63
2024-08-21 15:20:20,BTCUSD_PERP,bid,58900,638.32
2024-08-21 15:20:20,BTCUSD_PERP,bid,58900,580.6
2024-08-21 15:20:21,BTCUSD_PERP,bid,58900,522.89
2024-08-21 15:20:21,BTCUSD_PERP,bid,58900,522.57
2024-08-21 15:20:21,BTCUSD_PERP,bid,58900,639.25
2024-08-21 15:20:22,BTCUSD_PERP,bid,58900,754.73
2024-08-21 15:22:05,BTCUSD_PERP,bid,58900,696.39
2024-08-21 15:22:06,BTCUSD_PERP,bid,58900,638.64
2024-08-21 15:22:06,BTCUSD_PERP,bid,58900,580.9
2024-08-21 15:22:48,BTCUSD_PERP,bid,58900,754.33
2024-08-21 15:23:20,BTCUSD_PERP,bid,58900,696.12
2024-08-21 15:23:21,BTCUSD_PERP,bid,58900,580.1
2024-08-21 15:23:21,BTCUSD_PERP,bid,58900,521.79
2024-08-21 15:23:49,BTCUSD_PERP,bid,58800,696.62
2024-08-21 15:25:32,BTCUSD_PERP,bid,58800,638.94
2024-08-21 15:26:47,BTCUSD_PERP,bid,58800,522.93
2024-08-21 15:26:47,BTCUSD_PERP,bid,58800,581.23
2024-08-21 15:28:03,BTCUSD_PERP,bid,58900,523.18
2024-08-21 15:28:03,BTCUSD_PERP,bid,58900,581.51
2024-08-21 15:28:03,BTCUSD_PERP,bid,58900,639.24
2024-08-21 15:28:51,BTCUSD_PERP,bid,58900,580.91
2024-08-21 15:28:51,BTCUSD_PERP,bid,58900,523.18
2024-08-21 15:28:52,BTCUSD_PERP,bid,58900,523.38
2024-08-21 15:28:52,BTCUSD_PERP,bid,58900,639.51
2024-08-21 15:28:52,BTCUSD_PERP,bid,58900,697.28
2024-08-21 15:29:12,BTCUSD_PERP,bid,58900,639.51
2024-08-21 15:29:12,BTCUSD_PERP,bid,58900,523.47
2024-08-21 15:29:13,BTCUSD_PERP,bid,58900,523.11
2024-08-21 15:29:13,BTCUSD_PERP,bid,58900,580.85
2024-08-21 15:29:13,BTCUSD_PERP,bid,58900,638.59
2024-08-21 15:29:14,BTCUSD_PERP,bid,58900,696.92
2024-08-21 15:29:58,BTCUSD_PERP,bid,58900,638.59
2024-08-21 15:29:58,BTCUSD_PERP,bid,58900,522.52
2024-08-21 15:29:59,BTCUSD_PERP,bid,58900,581.83
2024-08-21 15:30:00,BTCUSD_PERP,bid,58900,522.23
2024-08-21 15:30:03,BTCUSD_PERP,bid,58900,523.47
2024-08-21 15:30:03,BTCUSD_PERP,bid,58900,929.06
2024-08-21 15:31:38,BTCUSD_PERP,bid,58900,639.27
2024-08-21 15:31:38,BTCUSD_PERP,bid,58900,638.97
2024-08-21 15:31:38,BTCUSD_PERP,bid,58900,697.34
2024-08-21 15:31:38,BTCUSD_PERP,bid,58900,755.71
2024-08-21 15:31:38,BTCUSD_PERP,bid,58900,813.48
2024-08-21 15:31:38,BTCUSD_PERP,bid,58900,509.56
2024-08-21 15:31:38,BTCUSD_PERP,bid,58900,871.25
2024-08-21 15:31:39,BTCUSD_PERP,bid,58900,987.99
2024-08-21 15:31:39,BTCUSD_PERP,bid,58900,1162.5
2024-08-21 15:32:30,BTCUSD_PERP,bid,58900,1104.73
2024-08-21 15:32:30,BTCUSD_PERP,bid,58900,988.59
2024-08-21 15:32:31,BTCUSD_PERP,bid,58900,872.45
2024-08-21 15:32:31,BTCUSD_PERP,bid,58900,756.31
2024-08-21 15:32:31,BTCUSD_PERP,bid,58900,581.8
2024-08-21 15:32:31,BTCUSD_PERP,bid,59000,581.1
2024-08-21 15:32:31,BTCUSD_PERP,bid,58900,524.03
2024-08-21 15:32:31,BTCUSD_PERP,bid,59000,638.91
2024-08-21 15:32:31,BTCUSD_PERP,bid,59000,755.73
2024-08-21 15:32:31,BTCUSD_PERP,bid,59000,814.04
2024-08-21 15:33:04,BTCUSD_PERP,bid,59000,697.22
2024-08-21 15:33:04,BTCUSD_PERP,bid,58900,813.62
2024-08-21 15:34:05,BTCUSD_PERP,bid,58900,755.24
2024-08-21 15:34:05,BTCUSD_PERP,bid,58900,638.48
2024-08-21 15:34:06,BTCUSD_PERP,bid,58900,580.7
2024-08-21 15:34:06,BTCUSD_PERP,bid,58900,522.92
2024-08-21 15:35:23,BTCUSD_PERP,bid,59000,533.43
2024-08-21 15:35:23,BTCUSD_PERP,bid,59000,591.87
2024-08-21 15:35:35,BTCUSD_PERP,bid,59000,581.74
2024-08-21 15:36:05,BTCUSD_PERP,bid,59000,523.92
2024-08-21 15:43:54,BTCUSD_PERP,bid,59000,525.55
2024-08-21 15:45:07,BTCUSD_PERP,bid,59000,525.9
2024-08-21 15:45:21,BTCUSD_PERP,bid,59000,525.63
2024-08-21 15:47:08,BTCUSD_PERP,bid,59000,525.36
2024-08-21 15:49:51,BTCUSD_PERP,bid,59000,525.63
2024-08-21 15:50:50,BTCUSD_PERP,bid,59000,525.27
2024-08-21 15:50:50,BTCUSD_PERP,bid,59000,583.7
2024-08-21 15:50:52,BTCUSD_PERP,bid,59000,583.74
2024-08-21 15:53:42,BTCUSD_PERP,bid,58900,525.01
2024-08-21 15:53:42,BTCUSD_PERP,bid,58900,583.41
2024-08-21 15:59:34,BTCUSD_PERP,bid,58900,524.74
2024-08-21 16:00:10,BTCUSD_PERP,bid,58900,525.69
2024-08-21 16:00:12,BTCUSD_PERP,bid,58900,539.81
2024-08-21 16:00:43,BTCUSD_PERP,bid,58900,525.01
2024-08-21 16:01:46,BTCUSD_PERP,bid,58900,582.5
2024-08-21 16:01:46,BTCUSD_PERP,bid,58900,640.87
2024-08-21 16:02:05,BTCUSD_PERP,bid,58900,582.5
2024-08-21 16:02:05,BTCUSD_PERP,bid,58900,756.35
2024-08-21 16:02:05,BTCUSD_PERP,bid,58900,873.01
2024-08-21 16:02:05,BTCUSD_PERP,bid,58900,931.34
2024-08-21 16:02:09,BTCUSD_PERP,bid,58900,815.28
2024-08-21 16:02:09,BTCUSD_PERP,bid,58900,524.93
2024-08-21 16:02:10,BTCUSD_PERP,bid,58800,581.73
2024-08-21 16:02:10,BTCUSD_PERP,bid,58800,640.03
2024-08-21 16:03:22,BTCUSD_PERP,bid,58800,582.32
2024-08-21 16:03:22,BTCUSD_PERP,bid,58800,812.55
2024-08-21 16:03:23,BTCUSD_PERP,bid,58800,870.81
2024-08-21 16:04:01,BTCUSD_PERP,bid,58800,697.23
2024-08-21 16:04:01,BTCUSD_PERP,bid,58800,771.56
2024-08-21 16:04:01,BTCUSD_PERP,bid,58800,829.77
2024-08-21 16:04:20,BTCUSD_PERP,bid,58800,713.44
2024-08-21 16:04:21,BTCUSD_PERP,bid,58800,655.23
2024-08-21 16:04:21,BTCUSD_PERP,bid,58800,597.02
2024-08-21 16:04:21,BTCUSD_PERP,bid,58800,539.4
2024-08-21 16:04:22,BTCUSD_PERP,bid,58800,522.34
2024-08-21 16:04:22,BTCUSD_PERP,bid,58800,579.99
2024-08-21 16:04:22,BTCUSD_PERP,bid,58800,696.47
2024-08-21 16:04:22,BTCUSD_PERP,bid,58800,754.71
2024-08-21 16:04:22,BTCUSD_PERP,bid,58800,812.95
2024-08-21 16:04:34,BTCUSD_PERP,bid,58800,755.3
2024-08-21 16:04:35,BTCUSD_PERP,bid,58800,754.28
2024-08-21 16:04:35,BTCUSD_PERP,bid,58800,812.49
2024-08-21 16:05:35,BTCUSD_PERP,bid,58800,754.67
2024-08-21 16:05:35,BTCUSD_PERP,bid,58800,812.91
2024-08-21 16:06:41,BTCUSD_PERP,bid,58800,639.37
2024-08-21 16:06:41,BTCUSD_PERP,bid,58800,522.1
2024-08-21 16:06:41,BTCUSD_PERP,bid,58800,696.03
2024-08-21 16:06:41,BTCUSD_PERP,bid,58800,754.24
2024-08-21 16:08:21,BTCUSD_PERP,bid,58800,696.03
2024-08-21 16:08:21,BTCUSD_PERP,bid,58800,638.42
2024-08-21 16:08:22,BTCUSD_PERP,bid,58800,522.0
2024-08-21 16:08:22,BTCUSD_PERP,bid,58800,531.65
2024-08-21 16:08:23,BTCUSD_PERP,bid,58800,706.3
2024-08-21 16:08:23,BTCUSD_PERP,bid,58800,763.95
2024-08-21 16:08:23,BTCUSD_PERP,bid,58800,822.2
2024-08-21 16:08:23,BTCUSD_PERP,bid,58800,880.45
2024-08-21 16:08:30,BTCUSD_PERP,bid,58800,822.8
2024-08-21 16:08:30,BTCUSD_PERP,bid,58800,649.25
2024-08-21 16:08:30,BTCUSD_PERP,bid,58800,591.0
2024-08-21 16:08:31,BTCUSD_PERP,bid,58800,532.75
2024-08-21 16:08:31,BTCUSD_PERP,bid,58800,522.14
2024-08-21 16:08:31,BTCUSD_PERP,bid,58800,580.42
2024-08-21 16:08:32,BTCUSD_PERP,bid,58800,696.39
2024-08-21 16:08:32,BTCUSD_PERP,bid,58800,812.85
2024-08-21 16:08:50,BTCUSD_PERP,bid,58800,638.28
2024-08-21 16:08:51,BTCUSD_PERP,bid,58800,696.52
2024-08-21 16:10:07,BTCUSD_PERP,bid,58800,580.21
2024-08-21 16:10:08,BTCUSD_PERP,bid,58800,638.42
2024-08-21 16:11:03,BTCUSD_PERP,bid,58800,580.31
2024-08-21 16:11:03,BTCUSD_PERP,bid,58800,522.69
2024-08-21 16:11:44,BTCUSD_PERP,bid,58800,580.21
2024-08-21 16:11:44,BTCUSD_PERP,bid,58800,638.42
2024-08-21 16:11:44,BTCUSD_PERP,bid,58800,696.04
2024-08-21 16:11:50,BTCUSD_PERP,bid,58800,710.13
2024-08-21 16:11:53,BTCUSD_PERP,bid,58800,712.24
2024-08-21 16:12:26,BTCUSD_PERP,bid,58800,654.62
2024-08-21 16:12:28,BTCUSD_PERP,bid,58800,638.16
2024-08-21 16:12:28,BTCUSD_PERP,bid,58800,696.4
2024-08-21 16:13:40,BTCUSD_PERP,bid,58800,754.24
2024-08-21 16:13:40,BTCUSD_PERP,bid,58800,812.45
2024-08-21 16:14:02,BTCUSD_PERP,bid,58800,754.84
2024-08-21 16:15:20,BTCUSD_PERP,bid,58800,523.16
2024-08-21 16:15:20,BTCUSD_PERP,bid,58800,581.43
2024-08-21 16:15:20,BTCUSD_PERP,bid,58800,697.38
2024-08-21 16:15:21,BTCUSD_PERP,bid,58800,812.74
2024-08-21 16:15:21,BTCUSD_PERP,bid,58800,871.01
2024-08-21 16:16:35,BTCUSD_PERP,bid,58800,812.74
2024-08-21 16:16:35,BTCUSD_PERP,bid,58800,696.2
2024-08-21 16:16:36,BTCUSD_PERP,bid,58800,579.66
2024-08-21 16:16:36,BTCUSD_PERP,bid,58900,590.42
2024-08-21 16:16:37,BTCUSD_PERP,bid,58900,648.73
2024-08-21 16:16:37,BTCUSD_PERP,bid,58900,707.04
2024-08-21 16:16:37,BTCUSD_PERP,bid,58900,764.76
2024-08-21 16:17:28,BTCUSD_PERP,bid,58900,706.45
2024-08-21 16:17:29,BTCUSD_PERP,bid,58900,648.14
2024-08-21 16:17:29,BTCUSD_PERP,bid,58800,580.25
2024-08-21 16:17:29,BTCUSD_PERP,bid,58800,638.52
2024-08-21 16:17:42,BTCUSD_PERP,bid,58800,580.25
2024-08-21 16:17:42,BTCUSD_PERP,bid,58800,521.98
2024-08-21 17:21:29,BTCUSD_PERP,bid,58800,522.3
2024-08-21 17:21:30,BTCUSD_PERP,bid,58800,533.31
2024-08-21 17:21:36,BTCUSD_PERP,bid,58800,535.42
2024-08-21 17:21:37,BTCUSD_PERP,bid,58800,549.51
2024-08-21 17:22:31,BTCUSD_PERP,bid,58800,547.4
2024-08-21 17:22:32,BTCUSD_PERP,bid,58800,533.31
2024-08-21 17:30:33,BTCUSD_PERP,bid,58800,522.07
2024-08-21 17:50:11,BTCUSD_PERP,bid,58800,579.91
2024-08-21 17:51:00,BTCUSD_PERP,bid,58800,522.21
2024-08-21 18:01:50,BTCUSD_PERP,bid,58900,581.2
2024-08-21 18:01:51,BTCUSD_PERP,bid,58900,755.58
2024-08-21 18:01:51,BTCUSD_PERP,bid,58900,813.94
2024-08-21 18:03:49,BTCUSD_PERP,bid,58900,882.04
2024-08-21 18:03:50,BTCUSD_PERP,bid,58900,940.43
2024-08-21 18:05:27,BTCUSD_PERP,bid,58900,871.7
2024-08-21 18:05:27,BTCUSD_PERP,bid,58900,930.06
2024-08-21 18:11:03,BTCUSD_PERP,bid,58900,930.1
2024-08-21 18:13:22,BTCUSD_PERP,bid,58900,871.74
2024-08-21 18:13:22,BTCUSD_PERP,bid,58900,697.26
2024-08-21 18:13:22,BTCUSD_PERP,bid,58900,638.9
2024-08-21 18:13:22,BTCUSD_PERP,bid,58900,580.54
2024-08-21 18:13:22,BTCUSD_PERP,bid,58900,524.33
2024-08-21 18:13:23,BTCUSD_PERP,bid,58900,582.13
2024-08-21 18:13:23,BTCUSD_PERP,bid,58900,639.93
2024-08-21 18:13:23,BTCUSD_PERP,bid,58900,697.73
2024-08-21 18:13:23,BTCUSD_PERP,bid,58900,814.51
2024-08-21 18:13:23,BTCUSD_PERP,bid,58900,872.81
2024-08-21 18:13:24,BTCUSD_PERP,bid,58900,941.02
2024-08-21 18:13:24,BTCUSD_PERP,bid,58900,998.82
2024-08-21 18:13:52,BTCUSD_PERP,bid,58900,590.68
2024-08-21 18:13:52,BTCUSD_PERP,bid,58900,814.0
2024-08-21 18:13:52,BTCUSD_PERP,bid,58900,872.36
2024-08-21 18:19:56,BTCUSD_PERP,bid,58900,698.46
2024-08-21 18:19:56,BTCUSD_PERP,bid,58900,823.39
2024-08-21 18:19:56,BTCUSD_PERP,bid,58900,881.72
2024-08-21 18:19:56,BTCUSD_PERP,bid,58900,940.05
2024-08-21 18:22:45,BTCUSD_PERP,bid,58800,523.4
2024-08-21 18:22:45,BTCUSD_PERP,bid,58800,581.7
2024-08-21 18:28:08,BTCUSD_PERP,bid,58800,523.65
2024-08-21 18:42:29,BTCUSD_PERP,bid,58800,522.74
2024-08-21 18:43:10,BTCUSD_PERP,bid,58800,522.45
2024-08-21 18:43:10,BTCUSD_PERP,bid,58800,522.49
2024-08-21 18:43:59,BTCUSD_PERP,bid,58800,580.4
2024-08-21 18:46:26,BTCUSD_PERP,bid,58800,522.12
2024-08-21 18:46:26,BTCUSD_PERP,bid,58800,580.34
2024-08-21 18:47:17,BTCUSD_PERP,bid,58800,522.71
2024-08-21 18:47:19,BTCUSD_PERP,bid,58800,591.89
2024-08-21 18:47:19,BTCUSD_PERP,bid,58800,650.15
2024-08-21 18:52:11,BTCUSD_PERP,bid,58800,582.21
2024-08-21 18:52:11,BTCUSD_PERP,bid,58800,639.91
2024-08-21 18:52:12,BTCUSD_PERP,bid,58800,697.61
2024-08-21 18:54:00,BTCUSD_PERP,bid,58800,697.65
2024-08-21 18:54:58,BTCUSD_PERP,bid,58900,581.92
2024-08-21 18:54:58,BTCUSD_PERP,bid,58900,639.65
2024-08-21 18:54:59,BTCUSD_PERP,bid,58900,697.97
2024-08-21 18:58:13,BTCUSD_PERP,bid,58900,698.01
2024-08-21 19:10:36,BTCUSD_PERP,bid,58800,578.8
2024-08-21 19:10:36,BTCUSD_PERP,bid,58800,578.84
2024-08-21 19:14:02,BTCUSD_PERP,bid,58800,578.8
2024-08-21 19:19:41,BTCUSD_PERP,bid,58800,521.16
2024-08-21 19:22:36,BTCUSD_PERP,bid,58800,521.12
2024-08-21 19:22:36,BTCUSD_PERP,bid,58800,636.98
2024-08-21 19:22:54,BTCUSD_PERP,bid,58800,521.12
2024-08-21 19:22:55,BTCUSD_PERP,bid,58800,521.36
2024-08-21 19:22:55,BTCUSD_PERP,bid,58800,579.62
2024-08-21 19:22:55,BTCUSD_PERP,bid,58800,637.28
2024-08-21 19:22:55,BTCUSD_PERP,bid,58800,694.94
2024-08-21 19:24:25,BTCUSD_PERP,bid,58800,521.36
2024-08-21 19:24:26,BTCUSD_PERP,bid,58800,522.25
2024-08-21 19:24:26,BTCUSD_PERP,bid,58800,579.95
2024-08-21 19:25:41,BTCUSD_PERP,bid,58800,521.35
2024-08-21 19:25:41,BTCUSD_PERP,bid,58800,579.61
2024-08-21 19:28:21,BTCUSD_PERP,bid,58800,581.1
2024-08-21 19:28:21,BTCUSD_PERP,bid,58800,697.1
2024-08-21 19:28:21,BTCUSD_PERP,bid,58800,755.4
2024-08-21 19:28:22,BTCUSD_PERP,bid,58800,813.7
2024-08-21 19:29:11,BTCUSD_PERP,bid,58800,755.4
2024-08-21 19:29:11,BTCUSD_PERP,bid,58800,697.1
2024-08-21 19:29:12,BTCUSD_PERP,bid,58800,580.5
2024-08-21 19:29:12,BTCUSD_PERP,bid,58900,590.76
2024-08-21 19:29:12,BTCUSD_PERP,bid,58900,706.26
2024-08-21 19:29:12,BTCUSD_PERP,bid,58900,764.6
2024-08-21 19:29:12,BTCUSD_PERP,bid,58900,822.94
2024-08-21 19:29:12,BTCUSD_PERP,bid,58900,939.03
2024-08-21 19:29:13,BTCUSD_PERP,bid,58900,1055.71
2024-08-21 19:29:14,BTCUSD_PERP,bid,58900,1057.82
2024-08-21 19:29:15,BTCUSD_PERP,bid,58900,1059.05
2024-08-21 19:29:16,BTCUSD_PERP,bid,58900,1073.17
2024-08-21 19:29:18,BTCUSD_PERP,bid,58900,1073.21
2024-08-21 19:30:31,BTCUSD_PERP,bid,58900,1014.87
2024-08-21 19:30:31,BTCUSD_PERP,bid,58900,898.78
2024-08-21 19:30:31,BTCUSD_PERP,bid,58900,841.03
2024-08-21 19:30:32,BTCUSD_PERP,bid,58900,783.28
2024-08-21 19:30:32,BTCUSD_PERP,bid,58900,724.94
2024-08-21 19:30:32,BTCUSD_PERP,bid,58900,667.19
2024-08-21 19:30:32,BTCUSD_PERP,bid,58900,551.1
2024-08-21 19:30:41,BTCUSD_PERP,bid,59000,930.27
2024-08-21 19:30:41,BTCUSD_PERP,bid,59000,988.68
2024-08-21 19:31:12,BTCUSD_PERP,bid,59000,580.51
2024-08-21 19:31:13,BTCUSD_PERP,bid,58900,872.0
2024-08-21 19:31:13,BTCUSD_PERP,bid,58900,930.38
2024-08-21 19:31:33,BTCUSD_PERP,bid,58900,639.78
2024-08-21 19:31:33,BTCUSD_PERP,bid,59000,756.23
2024-08-21 19:31:33,BTCUSD_PERP,bid,59000,814.05
2024-08-21 19:31:33,BTCUSD_PERP,bid,59000,930.87
2024-08-21 19:31:37,BTCUSD_PERP,bid,59000,872.56
2024-08-21 19:31:37,BTCUSD_PERP,bid,59000,814.15
2024-08-21 19:31:37,BTCUSD_PERP,bid,59000,697.92
2024-08-21 19:31:37,BTCUSD_PERP,bid,59000,639.51
2024-08-21 19:31:38,BTCUSD_PERP,bid,59000,523.65
2024-08-21 19:31:39,BTCUSD_PERP,bid,59000,582.14
2024-08-21 19:31:39,BTCUSD_PERP,bid,59000,756.89
2024-08-21 19:31:43,BTCUSD_PERP,bid,59000,756.85
2024-08-21 19:35:25,BTCUSD_PERP,bid,59000,698.4
2024-08-21 19:35:25,BTCUSD_PERP,bid,59000,698.54
2024-08-21 19:35:25,BTCUSD_PERP,bid,59000,814.78
2024-08-21 19:36:26,BTCUSD_PERP,bid,59000,640.12
2024-08-21 19:42:23,BTCUSD_PERP,bid,59100,524.19
2024-08-21 19:42:23,BTCUSD_PERP,bid,59100,582.7
2024-08-21 19:42:24,BTCUSD_PERP,bid,59100,641.21
2024-08-21 19:43:01,BTCUSD_PERP,bid,59000,582.4
2024-08-21 19:43:01,BTCUSD_PERP,bid,59000,640.88
2024-08-21 19:43:15,BTCUSD_PERP,bid,59000,524.52
2024-08-21 19:43:16,BTCUSD_PERP,bid,59100,524.79
2024-08-21 19:43:16,BTCUSD_PERP,bid,59100,641.21
2024-08-21 19:44:39,BTCUSD_PERP,bid,59000,582.4
2024-08-21 19:44:39,BTCUSD_PERP,bid,59000,640.88
2024-08-21 19:46:37,BTCUSD_PERP,bid,59000,640.92
2024-08-21 19:47:54,BTCUSD_PERP,bid,59000,582.44
2024-08-21 19:47:55,BTCUSD_PERP,bid,59000,523.65
2024-08-21 19:47:55,BTCUSD_PERP,bid,59000,582.1
2024-08-21 19:50:12,BTCUSD_PERP,bid,59000,524.25
2024-08-21 19:55:42,BTCUSD_PERP,bid,58900,524.31
2024-08-21 19:57:35,BTCUSD_PERP,bid,59000,524.01
2024-08-21 19:57:35,BTCUSD_PERP,bid,59000,582.43
2024-08-21 19:57:36,BTCUSD_PERP,bid,59000,582.47
2024-08-21 20:00:46,BTCUSD_PERP,bid,59000,524.05
2024-08-21 20:02:11,BTCUSD_PERP,bid,59000,523.47
2024-08-21 20:02:11,BTCUSD_PERP,bid,59000,581.9
2024-08-21 20:02:49,BTCUSD_PERP,bid,58900,523.2
2024-08-21 20:02:49,BTCUSD_PERP,bid,58900,581.6
2024-08-21 20:03:41,BTCUSD_PERP,bid,59000,524.01
2024-08-21 20:03:41,BTCUSD_PERP,bid,59000,582.44
2024-08-21 20:03:41,BTCUSD_PERP,bid,59000,640.28
2024-08-21 20:03:41,BTCUSD_PERP,bid,59000,698.12
2024-08-21 20:04:41,BTCUSD_PERP,bid,59000,639.69
2024-08-21 20:04:41,BTCUSD_PERP,bid,59000,581.85
2024-08-21 20:04:42,BTCUSD_PERP,bid,59000,524.01
2024-08-21 20:04:42,BTCUSD_PERP,bid,59000,523.1
2024-08-21 20:04:42,BTCUSD_PERP,bid,59000,581.56
2024-08-21 20:04:43,BTCUSD_PERP,bid,59000,640.02
2024-08-21 20:05:55,BTCUSD_PERP,bid,59000,582.15
2024-08-21 20:05:55,BTCUSD_PERP,bid,59000,582.45
2024-08-21 20:05:56,BTCUSD_PERP,bid,59000,640.35
2024-08-21 20:05:56,BTCUSD_PERP,bid,59000,698.84
2024-08-21 20:05:56,BTCUSD_PERP,bid,59000,757.33
2024-08-21 20:05:56,BTCUSD_PERP,bid,59000,815.82
2024-08-21 20:05:56,BTCUSD_PERP,bid,59000,510.85
2024-08-21 20:08:25,BTCUSD_PERP,bid,59000,757.33
2024-08-21 20:08:26,BTCUSD_PERP,bid,59000,699.43
2024-08-21 20:08:26,BTCUSD_PERP,bid,59000,641.53
2024-08-21 20:08:26,BTCUSD_PERP,bid,59000,524.55
2024-08-21 20:08:26,BTCUSD_PERP,bid,59000,582.83
2024-08-21 20:08:26,BTCUSD_PERP,bid,59000,641.2
2024-08-21 20:08:27,BTCUSD_PERP,bid,59000,699.66
2024-08-21 20:08:27,BTCUSD_PERP,bid,58900,510.53
2024-08-21 20:08:27,BTCUSD_PERP,bid,59000,757.53
2024-08-21 20:08:27,BTCUSD_PERP,bid,59000,815.4
2024-08-21 20:08:35,BTCUSD_PERP,bid,59000,581.8
2024-08-21 20:08:36,BTCUSD_PERP,bid,58900,510.25
2024-08-21 20:13:02,BTCUSD_PERP,bid,59000,640.58
2024-08-21 20:13:02,BTCUSD_PERP,bid,58900,510.53
2024-08-21 20:13:15,BTCUSD_PERP,bid,59000,640.23
2024-08-21 20:13:15,BTCUSD_PERP,bid,58900,510.25
2024-08-21 20:14:22,BTCUSD_PERP,bid,58900,582.1
2024-08-21 20:14:23,BTCUSD_PERP,bid,58900,509.92
2024-08-21 20:15:50,BTCUSD_PERP,bid,58900,523.8
2024-08-21 20:22:46,BTCUSD_PERP,bid,59000,523.97
2024-08-21 20:23:44,BTCUSD_PERP,bid,59000,581.65
2024-08-21 20:23:44,BTCUSD_PERP,bid,59000,639.52
2024-08-21 20:23:44,BTCUSD_PERP,bid,59000,873.36
2024-08-21 20:23:45,BTCUSD_PERP,bid,59000,931.23
2024-08-21 20:25:00,BTCUSD_PERP,bid,59000,523.47
2024-08-21 20:26:02,BTCUSD_PERP,bid,58900,582.1
2024-08-21 20:26:02,BTCUSD_PERP,bid,58900,698.3
2024-08-21 20:26:02,BTCUSD_PERP,bid,58900,872.3
2024-08-21 20:26:02,BTCUSD_PERP,bid,58900,509.38
2024-08-21 20:26:02,BTCUSD_PERP,bid,58900,930.7
2024-08-21 20:26:02,BTCUSD_PERP,bid,58900,988.5
2024-08-21 20:26:02,BTCUSD_PERP,bid,58900,567.72
2024-08-21 20:26:03,BTCUSD_PERP,bid,58900,1046.9
2024-08-21 20:26:03,BTCUSD_PERP,bid,58900,1105.3
2024-08-21 20:31:05,BTCUSD_PERP,bid,58900,523.15
2024-08-21 20:31:05,BTCUSD_PERP,bid,58900,581.55
2024-08-21 20:31:05,BTCUSD_PERP,bid,58900,697.76
2024-08-21 20:31:05,BTCUSD_PERP,bid,58900,755.57
2024-08-21 20:31:05,BTCUSD_PERP,bid,58900,813.97
2024-08-21 20:31:05,BTCUSD_PERP,bid,58900,872.37
2024-08-21 20:31:14,BTCUSD_PERP,bid,58900,813.97
2024-08-21 20:31:30,BTCUSD_PERP,bid,58900,871.78
2024-08-21 20:31:55,BTCUSD_PERP,bid,58900,522.42
2024-08-21 20:32:03,BTCUSD_PERP,bid,58800,695.9
2024-08-21 20:32:04,BTCUSD_PERP,bid,58800,754.2
2024-08-21 20:32:09,BTCUSD_PERP,bid,58800,579.9
2024-08-21 20:32:09,BTCUSD_PERP,bid,58800,637.79
2024-08-21 20:32:10,BTCUSD_PERP,bid,58800,696.05
2024-08-21 20:33:08,BTCUSD_PERP,bid,58800,520.97
2024-08-21 09:30:03,BTCUSD_PERP,ask,59900,504.6
2024-08-21 09:30:14,BTCUSD_PERP,ask,59900,514.18
2024-08-21 09:30:21,BTCUSD_PERP,ask,59900,524.06
2024-08-21 09:30:51,BTCUSD_PERP,ask,59900,514.48
2024-08-21 09:30:54,BTCUSD_PERP,ask,59900,504.9
2024-08-21 11:15:58,BTCUSD_PERP,ask,59900,514.12
2024-08-21 11:15:59,BTCUSD_PERP,ask,59900,520.1
2024-08-21 11:15:59,BTCUSD_PERP,ask,59900,529.67
2024-08-21 11:16:03,BTCUSD_PERP,ask,59900,539.24
2024-08-21 11:16:08,BTCUSD_PERP,ask,59900,545.22
2024-08-21 11:16:49,BTCUSD_PERP,ask,59900,535.65
2024-08-21 11:16:51,BTCUSD_PERP,ask,59900,526.08
2024-08-21 11:16:54,BTCUSD_PERP,ask,59900,516.51
2024-08-21 11:16:56,BTCUSD_PERP,ask,59900,506.94
2024-08-21 17:22:10,BTCUSD_PERP,ask,59900,501.49
2024-08-21 17:22:11,BTCUSD_PERP,ask,59900,511.07
2024-08-21 17:22:19,BTCUSD_PERP,ask,59900,517.06
2024-08-21 17:22:27,BTCUSD_PERP,ask,59900,526.64
2024-08-21 17:22:42,BTCUSD_PERP,ask,59900,507.48
2024-08-21 17:22:47,BTCUSD_PERP,ask,59900,501.49
2024-08-21 18:50:31,BTCUSD_PERP,ask,59900,508.45
2024-08-21 18:50:32,BTCUSD_PERP,ask,59900,518.03
2024-08-21 18:50:33,BTCUSD_PERP,ask,59900,527.61
2024-08-21 18:50:33,BTCUSD_PERP,ask,59900,537.19
2024-08-21 18:50:34,BTCUSD_PERP,ask,59900,546.77
2024-08-21 19:56:22,BTCUSD_PERP,ask,60100,499.46
2024-08-21 19:56:26,BTCUSD_PERP,ask,60100,509.07
2024-08-21 19:57:08,BTCUSD_PERP,ask,60100,499.46
2024-08-21 20:57:36,BTCUSD_PERP,bid,59300,586.4
2024-08-21 20:57:36,BTCUSD_PERP,bid,59300,645.17
2024-08-21 20:57:37,BTCUSD_PERP,bid,59300,527.63
2024-08-21 20:57:43,BTCUSD_PERP,bid,59300,528.5
2024-08-21 20:57:44,BTCUSD_PERP,bid,59300,528.23
2024-08-21 20:57:47,BTCUSD_PERP,bid,59300,527.61
2024-08-21 20:57:52,BTCUSD_PERP,bid,59200,525.21
2024-08-21 20:57:54,BTCUSD_PERP,bid,59200,583.5
2024-08-21 20:58:01,BTCUSD_PERP,bid,59200,524.85
2024-08-21 20:58:23,BTCUSD_PERP,bid,59300,585.21
2024-08-21 20:58:24,BTCUSD_PERP,bid,59300,760.14
2024-08-21 20:58:24,BTCUSD_PERP,bid,59300,876.96
2024-08-21 20:58:30,BTCUSD_PERP,bid,59200,759.14
2024-08-21 20:58:33,BTCUSD_PERP,bid,59200,701.06
2024-08-21 20:58:34,BTCUSD_PERP,bid,59200,583.7
2024-08-21 20:58:34,BTCUSD_PERP,bid,59200,525.62
2024-08-21 20:58:38,BTCUSD_PERP,bid,59800,739.06
2024-08-21 20:58:39,BTCUSD_PERP,bid,59800,733.96
2024-08-21 20:58:39,BTCUSD_PERP,bid,59800,730.52
2024-08-21 20:58:39,BTCUSD_PERP,bid,59800,686.03
2024-08-21 20:58:39,BTCUSD_PERP,bid,59800,687.41
2024-08-21 20:58:39,BTCUSD_PERP,bid,59800,683.62
2024-08-21 20:58:39,BTCUSD_PERP,bid,59800,605.17
2024-08-21 20:58:39,BTCUSD_PERP,bid,59800,588.06
2024-08-21 20:58:40,BTCUSD_PERP,bid,59800,583.77
2024-08-21 20:58:40,BTCUSD_PERP,bid,59800,582.18
2024-08-21 20:58:40,BTCUSD_PERP,bid,59800,558.65
2024-08-21 20:58:40,BTCUSD_PERP,bid,59800,531.18
2024-08-21 20:58:40,BTCUSD_PERP,bid,59800,515.95
2024-08-21 20:58:40,BTCUSD_PERP,bid,59800,515.91
2024-08-21 20:58:40,BTCUSD_PERP,bid,59800,515.5
2024-08-21 20:58:40,BTCUSD_PERP,bid,59800,515.64
2024-08-21 20:58:41,BTCUSD_PERP,bid,59800,511.64
2024-08-21 20:58:50,BTCUSD_PERP,bid,59200,643.23
2024-08-21 20:58:52,BTCUSD_PERP,bid,59200,527.03
2024-08-21 20:58:52,BTCUSD_PERP,bid,59200,584.21
2024-08-21 20:58:52,BTCUSD_PERP,bid,59200,642.87
2024-08-21 20:59:07,BTCUSD_PERP,bid,59200,525.55
2024-08-21 20:59:30,BTCUSD_PERP,bid,59400,526.56
2024-08-21 20:59:31,BTCUSD_PERP,bid,59400,585.4
2024-08-21 20:59:32,BTCUSD_PERP,bid,59400,527.16
2024-08-21 20:59:55,BTCUSD_PERP,bid,59400,586.6
2024-08-21 20:59:55,BTCUSD_PERP,bid,59400,645.45
2024-08-21 20:50:44,BTCUSD_PERP,ask,60200,1112.36
2024-08-21 21:07:07,BTCUSD_PERP,bid,59500,587.3
2024-08-21 21:07:32,BTCUSD_PERP,bid,59500,527.24
2024-08-21 21:09:00,BTCUSD_PERP,bid,59500,704.28
2024-08-21 21:09:00,BTCUSD_PERP,bid,59500,763.22
2024-08-21 21:09:01,BTCUSD_PERP,bid,59500,704.88
2024-08-21 21:09:03,BTCUSD_PERP,bid,59500,529.62
2024-08-21 21:09:03,BTCUSD_PERP,bid,59500,529.66
2024-08-21 21:10:42,BTCUSD_PERP,bid,59600,588.5
2024-08-21 21:10:46,BTCUSD_PERP,bid,59600,611.67
2024-08-21 21:10:46,BTCUSD_PERP,bid,59600,905.97
2024-08-21 21:10:46,BTCUSD_PERP,bid,59600,964.97
2024-08-21 21:10:53,BTCUSD_PERP,bid,59600,824.03
2024-08-21 21:10:53,BTCUSD_PERP,bid,59600,883.07
2024-08-21 21:11:03,BTCUSD_PERP,bid,59600,824.03
2024-08-21 21:11:04,BTCUSD_PERP,bid,59600,882.02
2024-08-21 21:11:04,BTCUSD_PERP,bid,59600,941.03
2024-08-21 21:11:10,BTCUSD_PERP,bid,59600,882.62
2024-08-21 21:11:10,BTCUSD_PERP,bid,59600,706.19
2024-08-21 21:11:10,BTCUSD_PERP,bid,59600,647.18
2024-08-21 21:11:32,BTCUSD_PERP,bid,59600,529.29
2024-08-21 21:11:32,BTCUSD_PERP,bid,59600,587.76
2024-08-21 21:11:38,BTCUSD_PERP,bid,59600,528.69
2024-08-21 21:12:20,BTCUSD_PERP,bid,59500,703.72
2024-08-21 21:12:20,BTCUSD_PERP,bid,59500,762.67
2024-08-21 21:12:21,BTCUSD_PERP,bid,59500,586.6
2024-08-21 21:12:21,BTCUSD_PERP,bid,59500,881.1
2024-08-21 21:12:21,BTCUSD_PERP,bid,59500,940.02
2024-08-21 21:12:24,BTCUSD_PERP,bid,59500,881.1
2024-08-21 21:12:24,BTCUSD_PERP,bid,59500,763.36
2024-08-21 21:12:25,BTCUSD_PERP,bid,59500,645.52
2024-08-21 21:12:25,BTCUSD_PERP,bid,59500,587.2
2024-08-21 21:13:01,BTCUSD_PERP,bid,59500,587.1
2024-08-21 21:00:01,BTCUSD_PERP,bid,59400,527.75
2024-08-21 21:00:18,BTCUSD_PERP,bid,59400,820.9
2024-08-21 21:00:18,BTCUSD_PERP,bid,59400,879.76
2024-08-21 21:00:18,BTCUSD_PERP,bid,59400,938.62
2024-08-21 21:00:23,BTCUSD_PERP,bid,59400,820.9
2024-08-21 21:00:23,BTCUSD_PERP,bid,59400,762.65
2024-08-21 21:00:23,BTCUSD_PERP,bid,59400,703.79
2024-08-21 21:00:23,BTCUSD_PERP,bid,59400,586.68
2024-08-21 21:00:23,BTCUSD_PERP,bid,59400,528.43
2024-08-21 21:00:25,BTCUSD_PERP,bid,59400,527.7
2024-08-21 21:00:25,BTCUSD_PERP,bid,59400,645.4
2024-08-21 21:00:27,BTCUSD_PERP,bid,59400,586.21
2024-08-21 21:00:27,BTCUSD_PERP,bid,59400,645.08
2024-08-21 21:00:27,BTCUSD_PERP,bid,59400,703.95
2024-08-21 21:00:29,BTCUSD_PERP,bid,59400,527.06
2024-08-21 21:00:29,BTCUSD_PERP,bid,59400,644.74
2024-08-21 21:00:29,BTCUSD_PERP,bid,59400,703.58
2024-08-21 21:00:39,BTCUSD_PERP,bid,59400,586.5
2024-08-21 21:00:44,BTCUSD_PERP,bid,59300,527.03
2024-08-21 21:00:44,BTCUSD_PERP,bid,59300,585.8
2024-08-21 21:01:05,BTCUSD_PERP,bid,59300,527.63
2024-08-21 21:01:35,BTCUSD_PERP,bid,59200,526.73
2024-08-21 21:02:13,BTCUSD_PERP,bid,59300,643.75
2024-08-21 21:02:13,BTCUSD_PERP,bid,59300,702.5
2024-08-21 21:02:13,BTCUSD_PERP,bid,59300,761.25
2024-08-21 21:02:16,BTCUSD_PERP,bid,59300,702.5
2024-08-21 21:02:16,BTCUSD_PERP,bid,59300,643.85
2024-08-21 21:02:16,BTCUSD_PERP,bid,59300,526.35
2024-08-21 21:02:35,BTCUSD_PERP,bid,59300,586.1
2024-08-21 21:03:02,BTCUSD_PERP,bid,59300,586.1
2024-08-21 21:03:11,BTCUSD_PERP,bid,59300,760.99
2024-08-21 21:03:14,BTCUSD_PERP,bid,59300,643.63
2024-08-21 21:03:14,BTCUSD_PERP,bid,59300,526.17
2024-08-21 21:03:33,BTCUSD_PERP,bid,59300,527.23
2024-08-21 21:03:39,BTCUSD_PERP,bid,59300,877.55
2024-08-21 21:03:39,BTCUSD_PERP,bid,59300,936.3
2024-08-21 21:04:00,BTCUSD_PERP,bid,59300,878.15
2024-08-21 21:04:00,BTCUSD_PERP,bid,59300,643.75
2024-08-21 21:04:00,BTCUSD_PERP,bid,59300,526.85
2024-08-21 21:04:15,BTCUSD_PERP,bid,59400,518.53
2024-08-21 21:05:15,BTCUSD_PERP,bid,59300,526.55
2024-08-21 21:07:00,BTCUSD_PERP,bid,59400,588.08
2024-08-21 21:07:01,BTCUSD_PERP,bid,59400,646.93
2024-08-21 21:07:23,BTCUSD_PERP,bid,59400,645.88
2024-08-21 21:07:30,BTCUSD_PERP,bid,59400,587.0
2024-08-21 21:07:40,BTCUSD_PERP,bid,59400,761.92
2024-08-21 21:07:56,BTCUSD_PERP,bid,59400,703.63
2024-08-21 21:07:56,BTCUSD_PERP,bid,59400,586.46
2024-08-21 21:07:56,BTCUSD_PERP,bid,59400,527.57
2024-08-21 21:12:21,BTCUSD_PERP,bid,59400,513.95
2024-08-21 21:13:52,BTCUSD_PERP,bid,59300,645.43
2024-08-21 21:14:03,BTCUSD_PERP,bid,59300,587.24
2024-08-21 21:14:05,BTCUSD_PERP,bid,59300,526.95
2024-08-21 21:21:13,BTCUSD_PERP,bid,59200,582.95
2024-08-21 21:21:17,BTCUSD_PERP,bid,59200,524.35
2024-08-21 21:21:17,BTCUSD_PERP,bid,59200,583.3
2024-08-21 21:21:31,BTCUSD_PERP,bid,59200,525.26
2024-08-21 21:37:13,BTCUSD_PERP,bid,59300,527.19
2024-08-21 21:39:58,BTCUSD_PERP,bid,59300,526.07
2024-08-21 21:39:58,BTCUSD_PERP,bid,59300,584.8
2024-08-21 21:39:58,BTCUSD_PERP,bid,59300,642.93
2024-08-21 21:40:01,BTCUSD_PERP,bid,59300,584.2
2024-08-21 21:40:02,BTCUSD_PERP,bid,59300,525.83
2024-08-21 21:40:02,BTCUSD_PERP,bid,59300,584.6
2024-08-21 21:40:03,BTCUSD_PERP,bid,59300,526.43
2024-08-21 21:40:03,BTCUSD_PERP,bid,59300,643.54
2024-08-21 21:40:04,BTCUSD_PERP,bid,59300,702.27
2024-08-21 21:40:44,BTCUSD_PERP,bid,59300,759.89
2024-08-21 21:40:45,BTCUSD_PERP,bid,59300,818.62
2024-08-21 21:41:09,BTCUSD_PERP,bid,59300,759.89
2024-08-21 21:41:09,BTCUSD_PERP,bid,59300,643.03
2024-08-21 21:41:09,BTCUSD_PERP,bid,59300,584.3
2024-08-21 21:41:09,BTCUSD_PERP,bid,59300,525.57
2024-08-21 21:41:25,BTCUSD_PERP,bid,59400,526.91
2024-08-21 21:44:35,BTCUSD_PERP,bid,59400,586.62
2024-08-21 21:44:35,BTCUSD_PERP,bid,59400,645.42
2024-08-21 21:44:46,BTCUSD_PERP,bid,59400,586.62
2024-08-21 21:44:46,BTCUSD_PERP,bid,59300,644.59
2024-08-21 21:45:06,BTCUSD_PERP,bid,59300,527.22
2024-08-21 21:45:06,BTCUSD_PERP,bid,59300,586.0
2024-08-21 21:45:07,BTCUSD_PERP,bid,59300,644.78
2024-08-21 21:45:07,BTCUSD_PERP,bid,59300,702.96
2024-08-21 21:45:07,BTCUSD_PERP,bid,59300,761.74
2024-08-21 21:45:07,BTCUSD_PERP,bid,59300,820.42
2024-08-21 21:45:29,BTCUSD_PERP,bid,59300,821.59
2024-08-21 21:45:38,BTCUSD_PERP,bid,59300,820.42
2024-08-21 21:45:47,BTCUSD_PERP,bid,59300,761.64
2024-08-21 21:45:47,BTCUSD_PERP,bid,59300,819.4
2024-08-21 21:45:47,BTCUSD_PERP,bid,59300,878.15
2024-08-21 21:45:54,BTCUSD_PERP,bid,59300,760.36
2024-08-21 21:45:55,BTCUSD_PERP,bid,59300,819.08
2024-08-21 21:46:04,BTCUSD_PERP,bid,59300,584.2
