2024-09-11 16:24:44,BTCUSDT,ask,56500,1000.07
2024-09-11 16:24:50,BTCUSDT,ask,56500,1000.02
2024-09-11 16:28:48,BTCUSDT,ask,56500,1000.054
2024-09-11 16:28:49,BTCUSDT,ask,56500,1000.041
2024-09-11 16:32:22,BTCUSDT,bid,56500,1000.03
2024-09-11 16:32:31,BTCUSDT,bid,56500,1000.07
2024-09-11 16:32:31,BTCUSDT,bid,56500,1000.03
2024-09-11 17:00:38,BTCUSDT,bid,56600,1001.834
2024-09-11 17:00:39,BTCUSDT,bid,56600,1003.6
2024-09-11 17:00:45,BTCUSDT,bid,56600,1003.473
2024-09-11 17:00:49,BTCUSDT,bid,56600,1001.707
2024-09-11 17:00:51,BTCUSDT,bid,56600,600.107
2024-09-11 17:00:52,BTCUSDT,bid,56600,600.143
2024-09-11 17:00:54,BTCUSDT,bid,56600,600.168
2024-09-11 16:25:06,BTCUSDT,bid,56400,1000.052
2024-09-11 16:25:44,BTCUSDT,ask,56400,1000.012
2024-09-11 16:26:01,BTCUSDT,ask,56400,1000.116
2024-09-11 16:26:07,BTCUSDT,ask,56400,1000.106
2024-09-11 16:27:13,BTCUSDT,bid,56400,1000.004
2024-09-11 16:27:26,BTCUSDT,bid,56400,1000.044
2024-09-11 16:27:26,BTCUSDT,bid,56400,1000.004
2024-09-11 16:27:33,BTCUSDT,bid,56400,1000.098
2024-09-11 16:27:54,BTCUSDT,bid,56400,1000.12
2024-09-11 16:27:55,BTCUSDT,bid,56400,1000.201
2024-09-11 16:28:31,BTCUSDT,ask,56400,1001.335
2024-09-11 16:28:31,BTCUSDT,ask,56400,1000.653
2024-09-11 16:28:32,BTCUSDT,ask,56400,1000.582
2024-09-11 16:28:32,BTCUSDT,ask,56400,1000.44
2024-09-11 16:28:33,BTCUSDT,ask,56400,1000.44
2024-09-11 16:28:34,BTCUSDT,ask,56400,1000.23
2024-09-11 16:28:35,BTCUSDT,ask,56400,1000.212
2024-09-11 16:28:36,BTCUSDT,ask,56400,1000.275
2024-09-11 17:36:08,BTCUSDT,ask,56500,1000.078
2024-09-11 17:36:08,BTCUSDT,ask,56500,1000.113
2024-09-11 17:36:08,BTCUSDT,ask,56500,1000.116
2024-09-11 17:36:09,BTCUSDT,ask,56500,1000.118
2024-09-11 17:36:09,BTCUSDT,ask,56500,1000.115
2024-09-11 17:36:34,BTCUSDT,ask,56500,1000.055
2024-09-11 17:41:49,BTCUSDT,ask,56500,1000.609
2024-09-11 17:41:52,BTCUSDT,ask,56500,1000.607
2024-09-11 17:42:02,BTCUSDT,ask,56500,1000.927
2024-09-11 17:42:02,BTCUSDT,ask,56500,1000.544
2024-09-11 17:42:10,BTCUSDT,ask,56500,700.138
2024-09-11 17:45:02,BTCUSDT,ask,56400,1001.172
2024-09-11 17:45:02,BTCUSDT,ask,56400,1001.208
2024-09-11 17:45:02,BTCUSDT,ask,56400,1001.216
2024-09-11 17:45:09,BTCUSDT,ask,56400,700.368
2024-09-11 17:45:09,BTCUSDT,ask,56400,1001.143
2024-09-11 17:45:10,BTCUSDT,ask,56400,700.281
2024-09-11 17:45:11,BTCUSDT,ask,56400,700.228
2024-09-11 17:45:11,BTCUSDT,ask,56400,1001.211
2024-09-11 17:45:16,BTCUSDT,ask,56400,1001.035
2024-09-11 17:45:17,BTCUSDT,ask,56400,700.166
2024-09-11 17:45:17,BTCUSDT,ask,56400,700.202
2024-09-11 17:45:21,BTCUSDT,ask,56400,700.086
2024-09-11 17:45:23,BTCUSDT,ask,56400,700.08
2024-09-11 17:45:27,BTCUSDT,ask,56400,1001.035
2024-09-11 17:45:27,BTCUSDT,ask,56400,1001.028
2024-09-11 17:45:27,BTCUSDT,ask,56400,1001.038
2024-09-11 17:45:28,BTCUSDT,ask,56400,700.09
2024-09-11 17:45:29,BTCUSDT,ask,56400,1000.03
2024-09-11 17:45:29,BTCUSDT,ask,56400,1000.171
2024-09-11 17:45:29,BTCUSDT,ask,56400,1000.078
2024-09-11 17:45:30,BTCUSDT,ask,56400,1000.068
2024-09-11 17:45:30,BTCUSDT,ask,56400,700.079
2024-09-11 17:45:31,BTCUSDT,ask,56400,1000.082
2024-09-11 17:45:33,BTCUSDT,ask,56400,1000.034
2024-09-11 17:45:33,BTCUSDT,ask,56400,1000.044
2024-09-11 17:45:34,BTCUSDT,ask,56400,700.089
2024-09-11 17:45:35,BTCUSDT,ask,56400,1000.149
2024-09-11 17:45:35,BTCUSDT,ask,56400,1000.149
2024-09-11 17:45:39,BTCUSDT,ask,56400,1000.157
2024-09-11 17:45:39,BTCUSDT,ask,56400,1000.149
2024-09-11 17:45:41,BTCUSDT,ask,56400,1000.139
2024-09-11 17:45:41,BTCUSDT,ask,56400,700.079
2024-09-11 17:45:41,BTCUSDT,ask,56400,700.032
2024-09-11 17:45:42,BTCUSDT,ask,56400,700.054
2024-09-11 17:45:42,BTCUSDT,ask,56400,700.064
2024-09-11 17:46:01,BTCUSDT,ask,56500,1000.02
2024-09-11 17:46:03,BTCUSDT,ask,56500,1000.103
2024-09-11 17:46:03,BTCUSDT,ask,56500,1000.103
2024-09-11 17:46:03,BTCUSDT,ask,56500,1000.01
2024-09-11 17:32:07,BTCUSDT,ask,56600,1000.996
2024-09-11 17:32:09,BTCUSDT,ask,56600,1000.821
2024-09-11 17:32:10,BTCUSDT,ask,56600,1000.819
2024-09-11 17:32:15,BTCUSDT,ask,56600,1000.873
2024-09-11 17:32:17,BTCUSDT,ask,56600,600.028
2024-09-11 17:32:18,BTCUSDT,ask,56600,600.12
2024-09-11 17:32:20,BTCUSDT,ask,56600,600.029
2024-09-11 17:32:20,BTCUSDT,ask,56600,1000.855
2024-09-11 18:04:22,BTCUSDT,ask,56600,1001.736
2024-09-11 18:04:23,BTCUSDT,ask,56600,1001.817
2024-09-11 18:04:36,BTCUSDT,ask,56600,1001.367
2024-09-11 18:04:43,BTCUSDT,ask,56600,1001.417
2024-09-11 18:13:07,BTCUSDT,ask,56700,1001.037
2024-09-11 18:13:07,BTCUSDT,ask,56700,1001.027
2024-09-11 18:13:09,BTCUSDT,ask,56700,1001.097
2024-09-11 18:13:10,BTCUSDT,ask,56700,1000.145
2024-09-11 18:13:10,BTCUSDT,ask,56700,1000.245
2024-09-11 18:13:10,BTCUSDT,ask,56700,1000.251
2024-09-11 18:13:19,BTCUSDT,ask,56700,1001.214
2024-09-11 18:13:22,BTCUSDT,ask,56700,1001.222
2024-09-11 18:13:31,BTCUSDT,ask,56700,1001.24
2024-09-11 18:13:35,BTCUSDT,ask,56700,1001.25
2024-09-11 18:13:42,BTCUSDT,ask,56700,1001.24
2024-09-11 18:13:44,BTCUSDT,ask,56700,1001.257
2024-09-11 18:13:44,BTCUSDT,ask,56700,1001.264
2024-09-11 18:13:47,BTCUSDT,ask,56700,1001.172
2024-09-11 18:13:55,BTCUSDT,ask,56700,1013.193
2024-09-11 18:13:55,BTCUSDT,ask,56700,1012.312
2024-09-11 18:13:58,BTCUSDT,ask,56700,1012.237
2024-09-11 18:14:01,BTCUSDT,ask,56700,1012.095
2024-09-11 18:14:02,BTCUSDT,ask,56700,1012.261
2024-09-11 18:14:03,BTCUSDT,ask,56700,1011.761
2024-09-11 18:14:04,BTCUSDT,ask,56700,1011.966
2024-09-11 18:25:17,BTCUSDT,bid,56700,1500.889
2024-09-11 18:25:18,BTCUSDT,bid,56700,1501.508
2024-09-11 18:25:18,BTCUSDT,bid,56700,1500.886
2024-09-11 18:25:21,BTCUSDT,bid,56700,1503.546
2024-09-11 18:25:21,BTCUSDT,bid,56700,1501.049
2024-09-11 18:25:21,BTCUSDT,bid,56700,1500.501
2024-09-11 18:25:23,BTCUSDT,bid,56700,1435.638
2024-09-11 18:25:23,BTCUSDT,bid,56700,1435.728
2024-09-11 18:25:23,BTCUSDT,bid,56700,1435.626
2024-09-11 18:25:23,BTCUSDT,bid,56700,1435.636
2024-09-11 18:25:23,BTCUSDT,bid,56700,1435.653
2024-09-11 18:25:23,BTCUSDT,bid,56700,1435.468
2024-09-11 18:25:24,BTCUSDT,bid,56700,1435.539
2024-09-11 18:25:24,BTCUSDT,bid,56700,1000.256
2024-09-11 18:25:24,BTCUSDT,bid,56700,1000.183
2024-09-11 18:40:07,BTCUSDT,bid,56800,1000.205
2024-09-11 18:40:08,BTCUSDT,bid,56800,1000.136
2024-09-11 18:40:08,BTCUSDT,bid,56800,1000.116
2024-09-11 18:40:10,BTCUSDT,bid,56800,1000.292
2024-09-11 18:40:10,BTCUSDT,bid,56800,1000.296
2024-09-11 18:36:45,BTCUSDT,bid,56700,1000.051
2024-09-11 18:36:45,BTCUSDT,bid,56700,1000.051
2024-09-11 18:36:46,BTCUSDT,bid,56700,1000.183
2024-09-11 18:36:47,BTCUSDT,bid,56700,1000.143
2024-09-11 18:36:55,BTCUSDT,bid,56700,1003.448
2024-09-11 18:37:54,BTCUSDT,bid,56700,1000.361
2024-09-11 18:37:55,BTCUSDT,bid,56700,1000.277
2024-09-11 18:37:56,BTCUSDT,bid,56700,1000.317
2024-09-11 18:37:57,BTCUSDT,bid,56700,1000.321
2024-09-11 18:37:57,BTCUSDT,bid,56700,1000.281
2024-09-11 18:37:58,BTCUSDT,bid,56700,1000.151
2024-09-11 18:38:00,BTCUSDT,bid,56700,1000.679
2024-09-11 18:38:01,BTCUSDT,bid,56700,1000.142
2024-09-11 18:47:49,BTCUSDT,ask,56700,1000.397
2024-09-11 18:47:49,BTCUSDT,ask,56700,1000.433
2024-09-11 18:47:50,BTCUSDT,ask,56700,1000.473
2024-09-11 18:47:50,BTCUSDT,ask,56700,1000.509
2024-09-11 18:47:50,BTCUSDT,ask,56700,1000.52
2024-09-11 18:47:51,BTCUSDT,ask,56700,1000.602
2024-09-11 18:47:53,BTCUSDT,ask,56700,800.181
2024-09-11 18:47:53,BTCUSDT,ask,56700,800.183
2024-09-11 18:48:19,BTCUSDT,bid,56700,1000.04
2024-09-11 18:48:20,BTCUSDT,bid,56700,1000.068
2024-09-11 18:48:20,BTCUSDT,bid,56700,1000.095
2024-09-11 18:48:22,BTCUSDT,bid,56700,1000.092
2024-09-11 18:49:16,BTCUSDT,ask,56700,1000.076
2024-09-11 18:49:16,BTCUSDT,ask,56700,1000.074
2024-09-11 18:49:17,BTCUSDT,ask,56700,1000.004
2024-09-11 18:49:22,BTCUSDT,ask,56700,900.179
2024-09-11 18:49:22,BTCUSDT,ask,56700,900.229
2024-09-11 18:49:24,BTCUSDT,ask,56700,1000.047
2024-09-11 18:49:24,BTCUSDT,ask,56700,900.002
2024-09-11 18:49:49,BTCUSDT,ask,56700,1011.179
2024-09-11 18:49:55,BTCUSDT,ask,56700,1010.228
2024-09-11 18:49:56,BTCUSDT,ask,56700,900.439
2024-09-11 18:49:56,BTCUSDT,ask,56700,900.179
2024-09-11 18:49:56,BTCUSDT,ask,56700,900.181
2024-09-11 18:49:58,BTCUSDT,ask,56700,1010.348
2024-09-11 18:49:58,BTCUSDT,ask,56700,900.181
2024-09-11 18:49:58,BTCUSDT,ask,56700,1010.228
2024-09-11 18:49:58,BTCUSDT,ask,56700,900.183
2024-09-11 18:50:00,BTCUSDT,ask,56700,900.183
2024-09-11 18:50:00,BTCUSDT,ask,56700,1010.233
2024-09-11 18:50:02,BTCUSDT,ask,56700,1010.194
2024-09-11 18:50:38,BTCUSDT,bid,56700,1000.012
2024-09-11 18:50:38,BTCUSDT,bid,56700,1000.002
2024-09-11 18:50:41,BTCUSDT,bid,56700,1000.27
2024-09-11 18:50:41,BTCUSDT,bid,56700,1000.28
2024-09-11 18:50:42,BTCUSDT,bid,56700,1000.012
2024-09-11 18:52:17,BTCUSDT,bid,56700,1000.053
2024-09-11 18:52:18,BTCUSDT,bid,56700,1000.013
2024-09-11 18:52:29,BTCUSDT,bid,56700,1000.674
2024-09-11 18:52:31,BTCUSDT,bid,56700,1001.314
2024-09-11 18:52:35,BTCUSDT,bid,56700,1001.316
2024-09-11 18:52:36,BTCUSDT,bid,56700,1000.682
2024-09-11 18:52:36,BTCUSDT,bid,56700,1000.848
2024-09-11 18:52:36,BTCUSDT,bid,56700,1000.768
2024-09-11 18:52:38,BTCUSDT,bid,56700,1000.107
2024-09-11 18:53:01,BTCUSDT,bid,56700,987.465
2024-09-11 18:53:01,BTCUSDT,bid,56700,987.471
2024-09-11 18:53:01,BTCUSDT,bid,56700,987.465
2024-09-11 18:53:01,BTCUSDT,bid,56700,987.473
2024-09-11 18:53:02,BTCUSDT,bid,56700,987.373
2024-09-11 18:53:02,BTCUSDT,bid,56700,987.712
2024-09-11 18:53:03,BTCUSDT,bid,56700,987.373
2024-09-11 18:53:03,BTCUSDT,bid,56700,987.383
2024-09-11 18:53:03,BTCUSDT,bid,56700,987.383
2024-09-11 18:53:04,BTCUSDT,bid,56700,987.91
2024-09-11 18:53:04,BTCUSDT,bid,56700,987.3
2024-09-11 18:53:05,BTCUSDT,bid,56700,987.292
2024-09-11 18:53:05,BTCUSDT,bid,56700,987.297
2024-09-11 18:53:09,BTCUSDT,bid,56700,987.337
2024-09-11 18:53:09,BTCUSDT,bid,56700,987.457
2024-09-11 18:53:10,BTCUSDT,bid,56700,987.337
2024-09-11 18:53:10,BTCUSDT,bid,56700,987.297
2024-09-11 18:53:13,BTCUSDT,bid,56700,987.307
2024-09-11 18:53:14,BTCUSDT,bid,56700,987.315
2024-09-11 18:53:14,BTCUSDT,bid,56700,987.925
2024-09-11 18:53:14,BTCUSDT,bid,56700,987.315
2024-09-11 18:53:14,BTCUSDT,bid,56700,987.307
2024-09-11 18:53:16,BTCUSDT,bid,56700,987.34
2024-09-11 18:53:17,BTCUSDT,bid,56700,987.617
2024-09-11 18:53:18,BTCUSDT,bid,56700,988.278
2024-09-11 18:53:18,BTCUSDT,bid,56700,988.248
2024-09-11 18:53:22,BTCUSDT,bid,56700,988.245
2024-09-11 18:53:26,BTCUSDT,bid,56700,987.407
2024-09-11 18:54:25,BTCUSDT,bid,56700,1000.997
2024-09-11 18:54:25,BTCUSDT,bid,56700,1000.006
2024-09-11 18:54:25,BTCUSDT,bid,56700,1000.356
2024-09-11 18:54:28,BTCUSDT,bid,56700,1000.006
2024-09-11 18:57:10,BTCUSDT,ask,56700,1000.014
2024-09-11 18:57:12,BTCUSDT,ask,56700,1000.014
2024-09-11 18:57:12,BTCUSDT,ask,56700,1000.374
2024-09-11 18:57:12,BTCUSDT,ask,56700,1000.374
2024-09-11 18:57:12,BTCUSDT,ask,56700,1000.014
2024-09-11 18:57:12,BTCUSDT,ask,56700,1000.014
2024-09-11 18:57:12,BTCUSDT,ask,56700,1000.014
2024-09-11 18:57:12,BTCUSDT,ask,56700,1000.374
2024-09-11 18:57:12,BTCUSDT,ask,56700,1000.374
2024-09-11 18:57:12,BTCUSDT,ask,56700,1000.377
2024-09-11 18:57:12,BTCUSDT,ask,56700,1000.374
2024-09-11 18:57:12,BTCUSDT,ask,56700,1000.014
2024-09-11 18:57:17,BTCUSDT,ask,56700,1000.333
2024-09-11 18:57:17,BTCUSDT,ask,56700,800.179
2024-09-11 18:57:17,BTCUSDT,ask,56700,1000.321
2024-09-11 18:57:18,BTCUSDT,ask,56700,800.181
2024-09-11 18:57:18,BTCUSDT,ask,56700,800.184
2024-09-11 18:57:18,BTCUSDT,ask,56700,800.181
2024-09-11 18:57:18,BTCUSDT,ask,56700,800.183
2024-09-11 18:57:19,BTCUSDT,ask,56700,1000.331
2024-09-11 18:57:20,BTCUSDT,ask,56700,1000.321
2024-09-11 18:57:20,BTCUSDT,ask,56700,1000.321
2024-09-11 18:57:20,BTCUSDT,ask,56700,1000.323
2024-09-11 18:58:01,BTCUSDT,ask,56700,1000.002
2024-09-11 18:58:05,BTCUSDT,ask,56700,1000.002
2024-09-11 18:58:06,BTCUSDT,ask,56700,800.179
2024-09-11 18:58:06,BTCUSDT,ask,56700,800.529
2024-09-11 18:58:06,BTCUSDT,ask,56700,1000.383
2024-09-11 18:58:08,BTCUSDT,ask,56700,800.179
2024-09-11 18:58:10,BTCUSDT,ask,56700,1000.603
2024-09-11 18:58:10,BTCUSDT,ask,56700,1000.383
2024-09-11 18:58:10,BTCUSDT,ask,56700,1000.383
2024-09-11 18:58:10,BTCUSDT,ask,56700,1000.383
2024-09-11 18:58:11,BTCUSDT,ask,56700,1000.603
2024-09-11 18:58:11,BTCUSDT,ask,56700,1000.383
2024-09-11 18:58:12,BTCUSDT,ask,56700,800.219
2024-09-11 18:58:13,BTCUSDT,ask,56700,800.181
2024-09-11 18:58:13,BTCUSDT,ask,56700,1000.002
2024-09-11 18:58:13,BTCUSDT,ask,56700,800.269
2024-09-11 18:58:14,BTCUSDT,ask,56700,1000.008
2024-09-11 18:58:14,BTCUSDT,ask,56700,1000.002
2024-09-11 18:58:18,BTCUSDT,ask,56700,1000.004
2024-09-11 18:58:18,BTCUSDT,ask,56700,1000.09
2024-09-11 18:58:18,BTCUSDT,ask,56700,1000.09
2024-09-11 18:58:40,BTCUSDT,bid,56700,1000.004
2024-09-11 18:58:41,BTCUSDT,bid,56700,1000.224
2024-09-11 18:59:09,BTCUSDT,bid,56700,997.322
2024-09-11 18:59:10,BTCUSDT,bid,56700,997.554
2024-09-11 19:03:34,BTCUSDT,ask,56700,1000.002
2024-09-11 19:03:37,BTCUSDT,ask,56700,800.002
2024-09-11 19:03:37,BTCUSDT,ask,56700,800.017
2024-09-11 19:03:38,BTCUSDT,ask,56700,800.01
2024-09-11 19:03:38,BTCUSDT,ask,56700,800.024
2024-09-11 19:03:38,BTCUSDT,ask,56700,800.017
2024-09-11 19:03:38,BTCUSDT,ask,56700,800.01
2024-09-11 19:03:39,BTCUSDT,ask,56700,800.002
2024-09-11 19:03:39,BTCUSDT,ask,56700,800.002
2024-09-11 19:03:39,BTCUSDT,ask,56700,800.002
2024-09-11 19:03:40,BTCUSDT,ask,56700,800.002
2024-09-11 19:03:42,BTCUSDT,ask,56700,801.945
2024-09-11 19:03:43,BTCUSDT,ask,56700,1000.25
2024-09-11 19:03:58,BTCUSDT,bid,56700,1001.332
2024-09-11 19:04:07,BTCUSDT,bid,56700,1001.395
2024-09-11 19:04:12,BTCUSDT,bid,56700,1001.435
2024-09-11 19:04:13,BTCUSDT,bid,56700,1002.3
2024-09-11 19:04:15,BTCUSDT,bid,56700,1002.304
2024-09-11 19:13:05,BTCUSDT,bid,56700,1003.587
2024-09-11 19:13:05,BTCUSDT,bid,56700,1003.982
2024-09-11 19:13:06,BTCUSDT,bid,56700,1000.455
2024-09-11 19:13:07,BTCUSDT,bid,56700,1003.788
2024-09-11 18:01:14,BTCUSDT,bid,56500,1000.2
2024-09-11 18:01:16,BTCUSDT,bid,56500,1000.002
2024-09-11 18:01:17,BTCUSDT,bid,56500,1000.008
2024-09-11 18:03:31,BTCUSDT,bid,56500,1000.357
2024-09-11 18:03:32,BTCUSDT,bid,56500,1000.384
2024-09-11 18:03:34,BTCUSDT,bid,56500,1000.357
2024-09-11 18:03:40,BTCUSDT,bid,56500,1000.02
2024-09-11 18:03:40,BTCUSDT,bid,56500,1000.006
2024-09-11 18:03:43,BTCUSDT,bid,56500,1000.042
2024-09-11 18:03:46,BTCUSDT,bid,56500,1038.321
2024-09-11 18:03:46,BTCUSDT,bid,56500,1000.042
2024-09-11 18:03:47,BTCUSDT,bid,56500,1038.463
2024-09-11 18:03:47,BTCUSDT,bid,56500,1000.042
2024-09-11 18:03:50,BTCUSDT,bid,56500,1000.044
2024-09-11 18:03:51,BTCUSDT,bid,56500,1000.008
2024-09-11 18:03:53,BTCUSDT,bid,56500,1000.01
2024-09-11 18:03:53,BTCUSDT,bid,56500,1038.382
2024-09-11 18:03:53,BTCUSDT,bid,56500,1000.01
2024-09-11 18:04:26,BTCUSDT,ask,56500,600.199
2024-09-11 18:04:43,BTCUSDT,ask,56500,600.002
2024-09-11 18:04:48,BTCUSDT,ask,56500,600.005
2024-09-11 18:05:31,BTCUSDT,ask,56500,1001.426
2024-09-11 18:05:32,BTCUSDT,ask,56500,1001.24
2024-09-11 18:05:40,BTCUSDT,ask,56500,600.532
2024-09-11 18:05:40,BTCUSDT,ask,56500,600.179
2024-09-11 18:05:40,BTCUSDT,ask,56500,600.379
2024-09-11 18:05:44,BTCUSDT,ask,56500,600.379
2024-09-11 18:05:46,BTCUSDT,ask,56500,600.379
2024-09-11 18:05:46,BTCUSDT,ask,56500,600.379
2024-09-11 18:05:46,BTCUSDT,ask,56500,600.379
2024-09-11 18:05:50,BTCUSDT,ask,56500,600.187
2024-09-11 18:05:50,BTCUSDT,ask,56500,1001.258
2024-09-11 18:05:51,BTCUSDT,ask,56500,600.179
2024-09-11 18:12:00,BTCUSDT,ask,56600,1021.198
2024-09-11 18:12:00,BTCUSDT,ask,56600,1021.118
2024-09-11 18:12:04,BTCUSDT,ask,56600,1021.124
2024-09-11 18:12:05,BTCUSDT,ask,56600,1021.134
2024-09-11 18:12:06,BTCUSDT,ask,56600,1021.124
2024-09-11 18:12:07,BTCUSDT,ask,56600,622.227
2024-09-11 18:12:07,BTCUSDT,ask,56600,1021.111
2024-09-11 18:12:07,BTCUSDT,ask,56600,622.253
2024-09-11 18:12:09,BTCUSDT,ask,56600,1021.141
2024-09-11 18:12:11,BTCUSDT,ask,56600,622.227
2024-09-11 18:12:13,BTCUSDT,ask,56600,622.237
2024-09-11 18:12:14,BTCUSDT,ask,56600,622.157
2024-09-11 18:12:14,BTCUSDT,ask,56600,1021.151
2024-09-11 18:12:14,BTCUSDT,ask,56600,1021.141
2024-09-11 18:12:14,BTCUSDT,ask,56600,1025.362
2024-09-11 18:12:14,BTCUSDT,ask,56600,1025.027
2024-09-11 18:12:14,BTCUSDT,ask,56600,1025.393
2024-09-11 18:12:40,BTCUSDT,ask,56600,1000.39
2024-09-11 18:12:42,BTCUSDT,ask,56600,1000.523
2024-09-11 18:12:43,BTCUSDT,ask,56600,1000.519
2024-09-11 18:12:43,BTCUSDT,ask,56600,1000.411
2024-09-11 18:12:44,BTCUSDT,ask,56600,700.194
2024-09-11 18:12:45,BTCUSDT,ask,56600,1000.885
2024-09-11 18:12:46,BTCUSDT,ask,56600,1000.885
2024-09-11 18:12:46,BTCUSDT,ask,56600,1000.665
2024-09-11 18:12:48,BTCUSDT,ask,56600,703.293
2024-09-11 18:12:48,BTCUSDT,ask,56600,700.194
2024-09-11 18:12:49,BTCUSDT,ask,56600,700.179
2024-09-11 18:12:49,BTCUSDT,ask,56600,1001.209
2024-09-11 18:12:50,BTCUSDT,ask,56600,1000.629
2024-09-11 18:13:15,BTCUSDT,ask,56600,700.691
2024-09-11 18:13:21,BTCUSDT,ask,56600,701.191
2024-09-11 18:13:30,BTCUSDT,ask,56600,701.201
2024-09-11 18:13:32,BTCUSDT,ask,56600,701.203
2024-09-11 18:13:35,BTCUSDT,ask,56600,700.541
2024-09-11 18:13:35,BTCUSDT,ask,56600,700.544
2024-09-11 18:13:36,BTCUSDT,ask,56600,700.552
2024-09-11 18:13:36,BTCUSDT,ask,56600,700.549
2024-09-11 18:13:37,BTCUSDT,ask,56600,700.544
2024-09-11 18:13:38,BTCUSDT,ask,56600,700.544
2024-09-11 18:13:39,BTCUSDT,ask,56600,700.541
2024-09-11 18:13:39,BTCUSDT,ask,56600,700.544
2024-09-11 18:13:40,BTCUSDT,ask,56600,700.552
2024-09-11 18:13:40,BTCUSDT,ask,56600,700.541
2024-09-11 18:13:41,BTCUSDT,ask,56600,700.549
2024-09-11 18:13:42,BTCUSDT,ask,56600,700.539
2024-09-11 18:13:44,BTCUSDT,ask,56600,700.549
2024-09-11 18:13:44,BTCUSDT,ask,56600,700.569
2024-09-11 18:13:44,BTCUSDT,ask,56600,700.549
2024-09-11 18:13:45,BTCUSDT,ask,56600,700.899
2024-09-11 18:13:45,BTCUSDT,ask,56600,700.535
2024-09-11 18:13:59,BTCUSDT,ask,56600,700.179
2024-09-11 18:14:00,BTCUSDT,ask,56600,700.189
2024-09-11 18:14:01,BTCUSDT,ask,56600,703.181
2024-09-11 18:14:02,BTCUSDT,ask,56600,700.189
2024-09-11 18:14:03,BTCUSDT,ask,56600,700.269
2024-09-11 18:14:03,BTCUSDT,ask,56600,700.179
2024-09-11 18:14:22,BTCUSDT,bid,56600,1000.1
2024-09-11 18:14:22,BTCUSDT,bid,56600,1000.052
2024-09-11 18:14:56,BTCUSDT,ask,56600,1000.215
2024-09-11 18:14:57,BTCUSDT,ask,56600,1000.685
2024-09-11 18:14:57,BTCUSDT,ask,56600,1000.605
2024-09-11 18:15:00,BTCUSDT,ask,56600,1000.223
2024-09-11 18:15:12,BTCUSDT,ask,56600,1000.075
2024-09-11 18:15:12,BTCUSDT,ask,56600,1000.131
2024-09-11 18:15:12,BTCUSDT,ask,56600,1000.134
2024-09-11 18:15:13,BTCUSDT,ask,56600,1000.143
2024-09-11 18:15:13,BTCUSDT,ask,56600,1000.124
2024-09-11 18:15:13,BTCUSDT,ask,56600,1000.08
2024-09-11 18:15:14,BTCUSDT,ask,56600,1000.078
2024-09-11 18:16:14,BTCUSDT,ask,56600,1000.306
2024-09-11 18:16:14,BTCUSDT,ask,56600,1000.266
2024-09-11 18:16:15,BTCUSDT,ask,56600,1000.381
2024-09-11 18:16:29,BTCUSDT,ask,56600,804.725
2024-09-11 18:16:32,BTCUSDT,ask,56600,1000.441
2024-09-11 18:16:33,BTCUSDT,ask,56600,804.75
2024-09-11 18:16:35,BTCUSDT,ask,56600,1000.007
2024-09-11 18:16:36,BTCUSDT,ask,56600,1000.004
2024-09-11 18:16:36,BTCUSDT,ask,56600,1000.008
2024-09-11 18:16:37,BTCUSDT,ask,56600,804.75
2024-09-11 18:16:37,BTCUSDT,ask,56600,1000.012
2024-09-11 18:16:37,BTCUSDT,ask,56600,1000.004
2024-09-11 18:16:43,BTCUSDT,ask,56600,1000.982
2024-09-11 18:16:43,BTCUSDT,ask,56600,1000.004
2024-09-11 18:16:44,BTCUSDT,ask,56600,1000.366
2024-09-11 18:16:44,BTCUSDT,ask,56600,1000.376
2024-09-11 18:16:47,BTCUSDT,ask,56600,1000.366
2024-09-11 18:16:48,BTCUSDT,ask,56600,1000.004
2024-09-11 18:16:48,BTCUSDT,ask,56600,804.767
2024-09-11 18:16:50,BTCUSDT,ask,56600,1000.007
2024-09-11 18:16:50,BTCUSDT,ask,56600,1000.007
2024-09-11 18:16:50,BTCUSDT,ask,56600,1000.391
2024-09-11 18:16:50,BTCUSDT,ask,56600,1000.007
2024-09-11 18:16:54,BTCUSDT,ask,56600,1000.004
2024-09-11 18:16:55,BTCUSDT,ask,56600,804.75
2024-09-11 18:17:02,BTCUSDT,ask,56600,804.767
2024-09-11 18:17:03,BTCUSDT,ask,56600,804.761
2024-09-11 18:17:03,BTCUSDT,ask,56600,804.725
2024-09-11 18:23:01,BTCUSDT,bid,56600,1000.898
2024-09-11 18:23:02,BTCUSDT,bid,56600,1000.2
2024-09-11 18:23:03,BTCUSDT,bid,56600,1000.191
2024-09-11 18:23:04,BTCUSDT,bid,56600,1000.261
2024-09-11 18:23:05,BTCUSDT,bid,56600,1000.191
2024-09-11 18:23:07,BTCUSDT,bid,56600,1000.191
2024-09-11 18:23:09,BTCUSDT,bid,56600,1000.208
2024-09-11 18:23:09,BTCUSDT,bid,56600,1000.191
2024-09-11 18:23:10,BTCUSDT,bid,56600,1000.204
2024-09-11 18:23:13,BTCUSDT,bid,56600,1000.187
2024-09-11 18:23:14,BTCUSDT,bid,56600,1000.227
2024-09-11 18:23:14,BTCUSDT,bid,56600,1000.224
2024-09-11 18:23:15,BTCUSDT,bid,56600,1000.234
2024-09-11 18:23:15,BTCUSDT,bid,56600,1000.194
2024-09-11 18:23:16,BTCUSDT,bid,56600,1000.196
2024-09-11 18:23:16,BTCUSDT,bid,56600,1000.31
2024-09-11 18:23:17,BTCUSDT,bid,56600,1000.56
2024-09-11 18:23:20,BTCUSDT,bid,56600,1000.6
2024-09-11 18:23:21,BTCUSDT,bid,56600,1000.56
2024-09-11 18:23:28,BTCUSDT,bid,56600,1000.549
2024-09-11 18:23:29,BTCUSDT,bid,56600,1000.539
2024-09-11 18:23:29,BTCUSDT,bid,56600,1000.529
2024-09-11 18:23:36,BTCUSDT,bid,56600,1001.049
2024-09-11 18:23:40,BTCUSDT,bid,56600,1001.036
2024-09-11 18:23:43,BTCUSDT,bid,56600,1001.046
2024-09-11 18:23:46,BTCUSDT,bid,56600,1000.932
2024-09-11 18:23:48,BTCUSDT,bid,56600,1000.922
2024-09-11 18:23:49,BTCUSDT,bid,56600,1000.454
2024-09-11 18:23:49,BTCUSDT,bid,56600,1000.402
2024-09-11 18:23:55,BTCUSDT,bid,56600,1000.492
2024-09-11 18:23:56,BTCUSDT,bid,56600,1000.544
2024-09-11 18:23:57,BTCUSDT,bid,56600,1000.454
2024-09-11 18:23:58,BTCUSDT,bid,56600,1000.402
2024-09-11 18:24:00,BTCUSDT,bid,56600,1000.412
2024-09-11 18:24:00,BTCUSDT,bid,56600,1000.402
2024-09-11 18:24:47,BTCUSDT,bid,56600,1011.24
2024-09-11 18:24:47,BTCUSDT,bid,56600,1011.24
2024-09-11 18:24:53,BTCUSDT,bid,56600,1011.28
2024-09-11 18:24:53,BTCUSDT,bid,56600,1011.24
2024-09-11 18:24:55,BTCUSDT,bid,56600,1011.251
2024-09-11 18:25:01,BTCUSDT,bid,56600,1011.302
2024-09-11 18:25:04,BTCUSDT,bid,56600,1011.354
2024-09-11 18:25:04,BTCUSDT,bid,56600,1011.394
2024-09-11 18:25:04,BTCUSDT,bid,56600,1011.33
2024-09-11 18:25:04,BTCUSDT,bid,56600,1011.29
2024-09-11 18:25:05,BTCUSDT,bid,56600,1011.238
2024-09-11 18:25:05,BTCUSDT,bid,56600,1011.273
2024-09-11 18:25:55,BTCUSDT,ask,56600,1000.846
2024-09-11 18:26:01,BTCUSDT,ask,56600,900.301
2024-09-11 18:26:06,BTCUSDT,ask,56600,900.304
2024-09-11 18:26:08,BTCUSDT,ask,56600,900.314
2024-09-11 18:26:09,BTCUSDT,ask,56600,900.278
2024-09-11 18:26:09,BTCUSDT,ask,56600,1000.266
2024-09-11 18:26:10,BTCUSDT,ask,56600,1000.28
2024-09-11 18:26:11,BTCUSDT,ask,56600,901.285
2024-09-11 18:26:11,BTCUSDT,ask,56600,900.278
2024-09-11 18:29:47,BTCUSDT,bid,56600,1000.776
2024-09-11 18:29:48,BTCUSDT,bid,56600,1000.774
2024-09-11 18:33:58,BTCUSDT,bid,56600,1000.362
2024-09-11 18:33:58,BTCUSDT,bid,56600,1000.398
2024-09-11 18:34:00,BTCUSDT,bid,56600,1000.038
2024-09-11 18:34:01,BTCUSDT,bid,56600,1000.04
2024-09-11 18:34:02,BTCUSDT,bid,56600,1000.05
2024-09-11 18:34:03,BTCUSDT,bid,56600,1000.048
2024-09-11 18:34:04,BTCUSDT,bid,56600,1000.048
2024-09-11 18:34:06,BTCUSDT,bid,56600,1000.048
2024-09-11 18:34:06,BTCUSDT,bid,56600,1000.012
2024-09-11 19:20:38,BTCUSDT,bid,56800,1001.264
2024-09-11 19:20:39,BTCUSDT,bid,56800,1002.189
2024-09-11 19:20:39,BTCUSDT,bid,56800,1002.201
2024-09-11 19:20:40,BTCUSDT,bid,56800,1002.193
2024-09-11 19:20:41,BTCUSDT,bid,56800,1002.175
2024-09-11 19:20:41,BTCUSDT,bid,56800,1002.872
2024-09-11 19:20:42,BTCUSDT,bid,56800,987.837
2024-09-11 19:20:42,BTCUSDT,bid,56800,990.64
2024-09-11 19:20:42,BTCUSDT,bid,56800,990.648
2024-09-11 19:20:42,BTCUSDT,bid,56800,990.648
2024-09-11 19:20:42,BTCUSDT,bid,56800,984.914
2024-09-11 19:20:43,BTCUSDT,bid,56800,985.243
2024-09-11 19:20:43,BTCUSDT,bid,56800,984.16
2024-09-11 19:20:43,BTCUSDT,bid,56800,984.154
2024-09-11 19:20:43,BTCUSDT,bid,56800,983.815
2024-09-11 19:22:00,BTCUSDT,bid,56800,1008.682
2024-09-11 19:22:04,BTCUSDT,bid,56800,1008.655
2024-09-11 19:22:05,BTCUSDT,bid,56800,1008.665
2024-09-11 19:22:07,BTCUSDT,bid,56800,1008.655
2024-09-11 19:22:09,BTCUSDT,bid,56800,1008.674
2024-09-11 19:22:12,BTCUSDT,bid,56800,1508.674
2024-09-11 19:22:13,BTCUSDT,bid,56800,1508.693
2024-09-11 19:22:16,BTCUSDT,bid,56800,1008.693
2024-09-11 19:22:16,BTCUSDT,bid,56800,1008.695
2024-09-11 19:38:57,BTCUSDT,bid,56500,1002.502
2024-09-11 19:38:58,BTCUSDT,bid,56500,1002.492
2024-09-11 19:39:02,BTCUSDT,bid,56500,1002.509
2024-09-11 19:39:02,BTCUSDT,bid,56500,1002.546
2024-09-11 17:58:59,BTCUSDT,ask,56400,1000.222
2024-09-11 17:58:59,BTCUSDT,ask,56400,1000.249
2024-09-11 17:59:05,BTCUSDT,ask,56400,700.485
2024-09-11 17:59:05,BTCUSDT,ask,56400,700.136
2024-09-11 17:59:05,BTCUSDT,ask,56400,700.126
2024-09-11 17:59:05,BTCUSDT,ask,56400,700.126
2024-09-11 17:59:10,BTCUSDT,ask,56400,700.128
2024-09-11 17:59:13,BTCUSDT,ask,56400,1000.149
2024-09-11 17:59:17,BTCUSDT,ask,56400,700.136
2024-09-11 17:59:19,BTCUSDT,ask,56400,700.105
2024-09-11 17:59:20,BTCUSDT,ask,56400,700.022
2024-09-11 17:59:20,BTCUSDT,ask,56400,1000.159
2024-09-11 19:24:06,BTCUSDT,bid,56300,550.163
2024-09-11 20:06:46,BTCUSDT,bid,56900,1005.685
2024-09-11 20:06:47,BTCUSDT,bid,56900,1005.664
2024-09-11 20:06:48,BTCUSDT,bid,56900,1005.666
2024-09-11 20:06:49,BTCUSDT,bid,56900,1002.328
2024-09-11 20:07:42,BTCUSDT,bid,56900,1015.933
2024-09-11 20:07:43,BTCUSDT,bid,56900,1015.876
2024-09-11 20:07:43,BTCUSDT,bid,56900,1015.876
2024-09-11 20:07:45,BTCUSDT,bid,56900,1015.789
2024-09-11 20:07:45,BTCUSDT,bid,56900,1015.859
2024-09-11 20:07:46,BTCUSDT,bid,56900,1015.813
2024-09-11 18:38:52,BTCUSD_PERP,bid,56300,555.0
2024-09-11 18:39:03,BTCUSD_PERP,bid,56300,554.7
2024-09-11 18:39:03,BTCUSD_PERP,bid,56300,609.89
2024-09-11 18:39:18,BTCUSD_PERP,bid,56300,554.7
2024-09-11 18:39:21,BTCUSD_PERP,bid,56300,999.55
2024-09-11 18:40:10,BTCUSD_PERP,bid,56300,944.33
2024-09-11 18:40:10,BTCUSD_PERP,bid,56300,722.89
2024-09-11 18:40:10,BTCUSD_PERP,bid,56300,667.11
2024-09-11 18:40:11,BTCUSD_PERP,bid,56300,611.9
2024-09-11 18:40:11,BTCUSD_PERP,bid,56300,610.65
2024-09-11 18:40:11,BTCUSD_PERP,bid,56300,777.55
2024-09-11 18:40:11,BTCUSD_PERP,bid,56300,833.37
2024-09-11 18:40:12,BTCUSD_PERP,bid,56300,945.01
2024-09-11 18:40:12,BTCUSD_PERP,bid,56300,1000.27
2024-09-11 18:40:56,BTCUSD_PERP,bid,56300,833.94
2024-09-11 18:40:56,BTCUSD_PERP,bid,56300,667.6
2024-09-11 18:40:56,BTCUSD_PERP,bid,56300,888.62
2024-09-11 18:40:56,BTCUSD_PERP,bid,56300,944.4
2024-09-11 18:41:55,BTCUSD_PERP,bid,56300,722.38
2024-09-11 18:41:55,BTCUSD_PERP,bid,56300,943.98
2024-09-11 18:43:49,BTCUSD_PERP,bid,56300,888.22
2024-09-11 18:43:49,BTCUSD_PERP,bid,56300,833.02
2024-09-11 18:43:49,BTCUSD_PERP,bid,56300,777.26
2024-09-11 18:43:49,BTCUSD_PERP,bid,56300,665.74
2024-09-11 18:48:04,BTCUSD_PERP,bid,56300,554.13
2024-09-11 18:48:04,BTCUSD_PERP,bid,56300,609.88
2024-09-11 18:48:16,BTCUSD_PERP,bid,56300,554.69
2024-09-11 18:51:40,BTCUSD_PERP,bid,56300,555.73
2024-09-11 18:51:40,BTCUSD_PERP,bid,56300,611.48
2024-09-11 18:51:40,BTCUSD_PERP,bid,56300,721.85
2024-09-11 18:51:40,BTCUSD_PERP,bid,56300,832.23
2024-09-11 18:52:16,BTCUSD_PERP,bid,56300,720.73
2024-09-11 18:52:16,BTCUSD_PERP,bid,56300,609.32
2024-09-11 18:52:16,BTCUSD_PERP,bid,56300,553.57
2024-09-11 18:52:17,BTCUSD_PERP,bid,56300,556.01
2024-09-11 18:52:17,BTCUSD_PERP,bid,56300,666.45
2024-09-11 18:52:17,BTCUSD_PERP,bid,56300,721.67
2024-09-11 18:52:17,BTCUSD_PERP,bid,56300,777.45
2024-09-11 18:52:17,BTCUSD_PERP,bid,56300,832.67
2024-09-11 18:53:42,BTCUSD_PERP,bid,56300,776.89
2024-09-11 18:53:42,BTCUSD_PERP,bid,56300,721.21
2024-09-11 18:53:42,BTCUSD_PERP,bid,56300,610.21
2024-09-11 18:53:42,BTCUSD_PERP,bid,56300,554.43
2024-09-11 18:53:42,BTCUSD_PERP,bid,56300,776.48
2024-09-11 18:53:43,BTCUSD_PERP,bid,56300,832.23
2024-09-11 18:54:08,BTCUSD_PERP,bid,56300,834.25
2024-09-11 18:56:04,BTCUSD_PERP,bid,56300,779.06
2024-09-11 19:13:08,BTCUSD_PERP,bid,56300,554.7
2024-09-11 19:13:08,BTCUSD_PERP,bid,56300,665.66
2024-09-11 19:18:09,BTCUSD_PERP,bid,56300,610.46
2024-09-11 19:18:11,BTCUSD_PERP,bid,56300,582.81
2024-09-11 19:29:49,BTCUSD_PERP,bid,56300,611.11
2024-09-11 19:29:49,BTCUSD_PERP,bid,56300,666.31
2024-09-11 19:29:50,BTCUSD_PERP,bid,56300,722.07
2024-09-11 19:29:50,BTCUSD_PERP,bid,56300,777.73
2024-09-11 19:30:00,BTCUSD_PERP,bid,56300,722.07
2024-09-11 19:30:01,BTCUSD_PERP,bid,56300,611.11
