2024-08-14 00:52:57,BTCUSDT,bid,61000,529.736
2024-08-14 00:52:59,BTCUSDT,bid,61000,532.736
2024-08-14 00:52:59,BTCUSDT,bid,61000,532.85
2024-08-14 00:53:01,BTCUSDT,bid,61000,533.1
2024-08-14 00:53:05,BTCUSDT,bid,61000,533.108
2024-08-14 00:53:05,BTCUSDT,bid,61000,533.108
2024-08-14 00:53:05,BTCUSDT,bid,61000,533.11
2024-08-14 00:53:05,BTCUSDT,bid,61000,533.108
2024-08-14 00:53:06,BTCUSDT,bid,61000,533.11
2024-08-14 00:53:07,BTCUSDT,bid,61000,533.173
2024-08-14 00:53:07,BTCUSDT,bid,61000,928.171
2024-08-14 00:53:07,BTCUSDT,bid,61000,928.044
2024-08-14 00:53:08,BTCUSDT,bid,61000,927.889
2024-08-14 00:53:09,BTCUSDT,bid,61000,927.895
2024-08-14 00:53:10,BTCUSDT,bid,61000,927.895
2024-08-14 00:53:10,BTCUSDT,bid,61000,927.893
2024-08-14 00:53:11,BTCUSDT,bid,61000,927.895
2024-08-14 00:53:11,BTCUSDT,bid,61000,927.74
2024-08-14 00:53:11,BTCUSDT,bid,61000,927.738
2024-08-14 00:53:13,BTCUSDT,bid,61000,927.763
2024-08-14 00:53:14,BTCUSDT,bid,61000,927.765
2024-08-14 00:53:15,BTCUSDT,bid,61000,927.765
2024-08-14 00:53:16,BTCUSDT,bid,61000,927.767
2024-08-14 00:53:16,BTCUSDT,bid,61000,927.765
2024-08-14 00:53:16,BTCUSDT,bid,61000,929.767
2024-08-14 00:53:18,BTCUSDT,bid,61000,929.775
2024-08-14 00:53:18,BTCUSDT,bid,61000,929.749
2024-08-14 00:53:19,BTCUSDT,bid,61000,929.747
2024-08-14 00:53:19,BTCUSDT,bid,61000,929.772
2024-08-14 00:53:19,BTCUSDT,bid,61000,929.774
2024-08-14 00:53:20,BTCUSDT,bid,61000,929.772
2024-08-14 00:53:24,BTCUSDT,bid,61000,924.522
2024-08-14 00:53:27,BTCUSDT,bid,61000,924.602
2024-08-14 00:53:29,BTCUSDT,bid,61000,924.514
2024-08-14 00:53:29,BTCUSDT,bid,61000,924.517
2024-08-14 00:53:30,BTCUSDT,bid,61000,924.525
2024-08-14 00:53:31,BTCUSDT,bid,61000,924.536
2024-08-14 00:53:31,BTCUSDT,bid,61000,924.539
2024-08-14 00:53:33,BTCUSDT,bid,61000,924.544
2024-08-14 00:53:34,BTCUSDT,bid,61000,925.539
2024-08-14 00:53:34,BTCUSDT,bid,61000,930.539
2024-08-14 00:53:34,BTCUSDT,bid,61000,930.476
2024-08-14 00:53:36,BTCUSDT,bid,61000,930.484
2024-08-14 00:53:36,BTCUSDT,bid,61000,930.49
2024-08-14 00:53:38,BTCUSDT,bid,61000,930.485
2024-08-14 00:53:39,BTCUSDT,bid,61000,930.486
2024-08-14 00:53:39,BTCUSDT,bid,61000,930.469
2024-08-14 00:53:41,BTCUSDT,bid,61000,930.484
2024-08-14 00:53:42,BTCUSDT,bid,61000,930.484
2024-08-14 00:53:43,BTCUSDT,bid,61000,930.484
2024-08-14 00:53:44,BTCUSDT,bid,61000,930.494
2024-08-14 00:53:48,BTCUSDT,bid,61000,930.498
2024-08-14 00:53:48,BTCUSDT,bid,61000,930.547
2024-08-14 00:53:48,BTCUSDT,bid,61000,930.498
2024-08-14 00:53:49,BTCUSDT,bid,61000,930.522
2024-08-14 00:53:50,BTCUSDT,bid,61000,930.518
2024-08-14 00:53:50,BTCUSDT,bid,61000,930.523
2024-08-14 00:53:50,BTCUSDT,bid,61000,930.523
2024-08-14 00:53:51,BTCUSDT,bid,61000,930.529
2024-08-14 00:53:52,BTCUSDT,bid,61000,930.564
2024-08-14 00:53:52,BTCUSDT,bid,61000,930.566
2024-08-14 00:53:52,BTCUSDT,bid,61000,930.564
2024-08-14 00:53:54,BTCUSDT,bid,61000,930.546
2024-08-14 00:53:54,BTCUSDT,bid,61000,930.555
2024-08-14 00:53:55,BTCUSDT,bid,61000,930.567
2024-08-14 00:53:55,BTCUSDT,bid,61000,930.555
2024-08-14 00:53:55,BTCUSDT,bid,61000,930.676
2024-08-14 00:53:56,BTCUSDT,bid,61000,930.678
2024-08-14 00:53:56,BTCUSDT,bid,61000,930.68
2024-08-14 00:53:56,BTCUSDT,bid,61000,930.676
2024-08-14 00:53:57,BTCUSDT,bid,61000,930.678
2024-08-14 00:53:59,BTCUSDT,bid,61000,930.417
2024-08-14 00:54:00,BTCUSDT,bid,61000,930.42
2024-08-14 00:54:01,BTCUSDT,bid,61000,930.417
2024-08-14 00:54:03,BTCUSDT,bid,61000,930.716
2024-08-14 00:54:05,BTCUSDT,bid,61000,930.67
2024-08-14 00:54:05,BTCUSDT,bid,61000,930.693
2024-08-14 00:54:05,BTCUSDT,bid,61000,930.695
2024-08-14 00:54:06,BTCUSDT,bid,61000,930.695
2024-08-14 00:54:07,BTCUSDT,bid,61000,931.186
2024-08-14 00:54:08,BTCUSDT,bid,61000,931.189
2024-08-14 00:54:09,BTCUSDT,bid,61000,931.212
2024-08-14 00:54:09,BTCUSDT,bid,61000,931.209
2024-08-14 00:54:09,BTCUSDT,bid,61000,932.857
2024-08-14 00:54:09,BTCUSDT,bid,61000,932.862
2024-08-14 00:54:09,BTCUSDT,bid,61000,932.862
2024-08-14 00:54:10,BTCUSDT,bid,61000,931.214
2024-08-14 00:54:10,BTCUSDT,bid,61000,931.232
2024-08-14 00:54:11,BTCUSDT,bid,61000,932.732
2024-08-14 00:54:12,BTCUSDT,bid,61000,932.709
2024-08-14 00:54:13,BTCUSDT,bid,61000,932.717
2024-08-14 00:54:15,BTCUSDT,bid,61000,932.709
2024-08-14 00:54:17,BTCUSDT,bid,61000,932.783
2024-08-14 00:54:19,BTCUSDT,bid,61000,932.896
2024-08-14 00:54:21,BTCUSDT,bid,61000,932.898
2024-08-14 00:54:21,BTCUSDT,bid,61000,932.896
2024-08-14 00:54:21,BTCUSDT,bid,61000,932.903
2024-08-14 00:54:21,BTCUSDT,bid,61000,932.91
2024-08-14 00:54:23,BTCUSDT,bid,61000,932.912
2024-08-14 00:54:23,BTCUSDT,bid,61000,932.91
2024-08-14 00:54:23,BTCUSDT,bid,61000,932.923
2024-08-14 00:54:24,BTCUSDT,bid,61000,932.925
2024-08-14 00:54:25,BTCUSDT,bid,61000,932.923
2024-08-14 00:54:25,BTCUSDT,bid,61000,932.925
2024-08-14 00:54:27,BTCUSDT,bid,61000,932.909
2024-08-14 00:54:27,BTCUSDT,bid,61000,932.915
2024-08-14 00:54:31,BTCUSDT,bid,61000,933.273
2024-08-14 00:54:32,BTCUSDT,bid,61000,933.373
2024-08-14 00:54:33,BTCUSDT,bid,61000,933.378
2024-08-14 00:54:33,BTCUSDT,bid,61000,933.38
2024-08-14 00:54:35,BTCUSDT,bid,61000,933.453
2024-08-14 00:54:36,BTCUSDT,bid,61000,933.485
2024-08-14 00:54:38,BTCUSDT,bid,61000,933.561
2024-08-14 00:54:39,BTCUSDT,bid,61000,933.538
2024-08-14 00:54:39,BTCUSDT,bid,61000,933.459
2024-08-14 00:54:40,BTCUSDT,bid,61000,933.468
2024-08-14 00:54:40,BTCUSDT,bid,61000,883.468
2024-08-14 00:54:44,BTCUSDT,bid,61000,883.519
2024-08-14 00:54:47,BTCUSDT,bid,61000,883.468
2024-08-14 00:54:53,BTCUSDT,bid,61000,883.47
2024-08-14 00:54:57,BTCUSDT,bid,61000,883.445
2024-08-14 00:55:57,BTCUSDT,bid,61100,563.344
2024-08-14 00:56:01,BTCUSDT,bid,61100,563.444
2024-08-14 00:56:02,BTCUSDT,bid,61100,563.357
2024-08-14 00:56:02,BTCUSDT,bid,61100,563.354
2024-08-14 00:56:03,BTCUSDT,bid,61100,563.356
2024-08-14 00:56:04,BTCUSDT,bid,61100,563.358
2024-08-14 00:56:05,BTCUSDT,bid,61100,563.358
2024-08-14 00:56:07,BTCUSDT,bid,61100,563.356
2024-08-13 07:07:06,BTCUSD_PERP,bid,59100,525.01
2024-08-13 07:07:06,BTCUSD_PERP,bid,59100,583.54
2024-08-13 07:25:48,BTCUSD_PERP,bid,59100,641.36
2024-08-13 07:25:53,BTCUSD_PERP,bid,59100,524.91
2024-08-13 07:26:23,BTCUSD_PERP,bid,59100,534.16
2024-08-13 07:26:23,BTCUSD_PERP,bid,59100,592.68
2024-08-13 07:27:07,BTCUSD_PERP,bid,59100,990.62
2024-08-13 07:27:07,BTCUSD_PERP,bid,59100,1049.18
2024-08-13 07:27:19,BTCUSD_PERP,bid,59100,932.66
2024-08-13 07:27:19,BTCUSD_PERP,bid,59100,874.1
2024-08-13 07:27:19,BTCUSD_PERP,bid,59100,757.58
2024-08-13 07:27:19,BTCUSD_PERP,bid,59100,699.62
2024-08-13 07:27:20,BTCUSD_PERP,bid,59100,641.06
2024-08-13 07:27:20,BTCUSD_PERP,bid,59100,525.14
2024-08-13 07:28:36,BTCUSD_PERP,bid,59100,525.32
2024-08-13 07:31:41,BTCUSD_PERP,bid,59200,584.7
2024-08-13 07:31:56,BTCUSD_PERP,bid,59200,526.05
2024-08-13 07:31:56,BTCUSD_PERP,bid,59200,525.18
2024-08-13 07:31:56,BTCUSD_PERP,bid,59200,641.82
2024-08-13 07:33:18,BTCUSD_PERP,bid,59100,524.91
2024-08-13 07:33:18,BTCUSD_PERP,bid,59100,641.49
2024-08-13 07:33:18,BTCUSD_PERP,bid,59100,758.67
2024-08-13 07:33:34,BTCUSD_PERP,bid,59100,700.68
2024-08-13 07:33:34,BTCUSD_PERP,bid,59100,584.1
2024-08-13 07:33:35,BTCUSD_PERP,bid,59100,525.51
2024-08-13 07:33:35,BTCUSD_PERP,bid,59100,758.19
2024-08-13 07:33:43,BTCUSD_PERP,bid,59100,708.26
2024-08-13 07:33:43,BTCUSD_PERP,bid,59100,766.77
2024-08-13 07:35:41,BTCUSD_PERP,bid,59100,534.02
2024-08-13 07:49:27,BTCUSD_PERP,bid,59100,583.1
2024-08-13 07:49:27,BTCUSD_PERP,bid,59100,592.95
2024-08-13 07:50:20,BTCUSD_PERP,bid,59200,525.45
2024-08-13 07:50:20,BTCUSD_PERP,bid,59200,584.1
2024-08-13 07:50:39,BTCUSD_PERP,bid,59200,525.45
2024-08-13 07:50:56,BTCUSD_PERP,bid,59200,525.25
2024-08-13 07:50:56,BTCUSD_PERP,bid,59200,583.94
2024-08-13 07:54:00,BTCUSD_PERP,bid,59200,525.9
2024-08-13 07:55:41,BTCUSD_PERP,bid,59200,642.32
2024-08-13 07:55:41,BTCUSD_PERP,bid,59200,700.99
2024-08-13 07:56:02,BTCUSD_PERP,bid,59200,583.65
2024-08-13 07:56:03,BTCUSD_PERP,bid,59200,524.98
2024-08-13 08:04:50,BTCUSD_PERP,bid,59200,522.13
2024-08-13 08:04:50,BTCUSD_PERP,bid,59200,580.74
2024-08-13 08:04:51,BTCUSD_PERP,bid,59200,642.41
2024-08-13 08:04:51,BTCUSD_PERP,bid,59200,875.91
2024-08-13 08:04:52,BTCUSD_PERP,bid,59200,934.58
2024-08-13 08:04:58,BTCUSD_PERP,bid,59200,759.75
2024-08-13 08:04:58,BTCUSD_PERP,bid,59200,758.18
2024-08-13 08:04:59,BTCUSD_PERP,bid,59200,816.82
2024-08-13 08:05:13,BTCUSD_PERP,bid,59200,525.77
2024-08-13 08:05:16,BTCUSD_PERP,bid,59200,594.17
2024-08-13 08:05:16,BTCUSD_PERP,bid,59200,652.24
2024-08-13 08:05:37,BTCUSD_PERP,bid,59200,535.5
2024-08-13 08:05:37,BTCUSD_PERP,bid,59200,525.9
2024-08-13 08:05:38,BTCUSD_PERP,bid,59200,584.0
2024-08-13 08:05:38,BTCUSD_PERP,bid,59200,701.3
2024-08-13 08:05:56,BTCUSD_PERP,bid,59200,525.63
2024-08-13 08:05:56,BTCUSD_PERP,bid,59200,584.3
2024-08-13 08:06:27,BTCUSD_PERP,bid,59200,526.23
2024-08-13 08:06:27,BTCUSD_PERP,bid,59200,525.96
2024-08-13 08:06:27,BTCUSD_PERP,bid,59200,584.6
2024-08-13 08:06:32,BTCUSD_PERP,bid,59200,526.56
2024-08-13 08:06:33,BTCUSD_PERP,bid,59200,525.62
2024-08-13 08:06:33,BTCUSD_PERP,bid,59200,584.22
2024-08-13 08:06:46,BTCUSD_PERP,bid,59100,525.33
2024-08-13 08:06:46,BTCUSD_PERP,bid,59100,583.9
2024-08-13 08:06:50,BTCUSD_PERP,bid,59100,525.33
2024-08-13 08:06:50,BTCUSD_PERP,bid,59100,524.49
2024-08-13 08:09:52,BTCUSD_PERP,bid,59100,526.35
2024-08-13 08:10:16,BTCUSD_PERP,bid,59100,642.18
2024-08-13 08:10:16,BTCUSD_PERP,bid,59100,700.14
2024-08-13 08:10:17,BTCUSD_PERP,bid,59100,758.69
2024-08-13 08:10:36,BTCUSD_PERP,bid,59100,990.61
2024-08-13 08:10:37,BTCUSD_PERP,bid,59100,1098.32
2024-08-13 08:11:00,BTCUSD_PERP,bid,59100,1049.13
2024-08-13 08:12:21,BTCUSD_PERP,bid,59100,582.74
2024-08-13 08:12:22,BTCUSD_PERP,bid,59100,641.25
2024-08-13 08:12:22,BTCUSD_PERP,bid,59100,758.18
2024-08-13 08:12:22,BTCUSD_PERP,bid,59100,816.1
2024-08-13 08:12:36,BTCUSD_PERP,bid,59100,757.59
2024-08-13 08:12:37,BTCUSD_PERP,bid,59100,699.08
2024-08-13 08:18:26,BTCUSD_PERP,bid,59100,582.81
2024-08-13 08:18:27,BTCUSD_PERP,bid,59100,641.33
2024-08-13 08:19:20,BTCUSD_PERP,bid,59100,525.33
2024-08-13 08:25:51,BTCUSD_PERP,bid,59200,536.14
2024-08-13 08:25:56,BTCUSD_PERP,bid,59200,536.18
2024-08-13 08:27:38,BTCUSD_PERP,bid,59100,526.01
2024-08-13 08:28:52,BTCUSD_PERP,bid,59100,599.87
2024-08-13 08:28:52,BTCUSD_PERP,bid,59100,773.6
2024-08-13 08:28:53,BTCUSD_PERP,bid,59100,832.1
2024-08-13 08:29:00,BTCUSD_PERP,bid,59100,773.6
2024-08-13 08:29:00,BTCUSD_PERP,bid,59100,599.28
2024-08-13 08:37:21,BTCUSD_PERP,bid,59100,526.02
2024-08-13 08:37:21,BTCUSD_PERP,bid,59100,584.0
2024-08-13 08:37:21,BTCUSD_PERP,bid,59100,641.98
2024-08-13 08:37:21,BTCUSD_PERP,bid,59100,699.96
2024-08-13 08:37:22,BTCUSD_PERP,bid,59100,758.44
2024-08-13 08:40:16,BTCUSD_PERP,bid,59100,699.86
2024-08-13 08:40:16,BTCUSD_PERP,bid,59100,524.72
2024-08-13 08:40:17,BTCUSD_PERP,bid,59200,583.1
2024-08-13 08:40:17,BTCUSD_PERP,bid,59200,641.71
2024-08-13 08:40:17,BTCUSD_PERP,bid,59200,699.72
2024-08-13 08:40:17,BTCUSD_PERP,bid,59200,816.84
2024-08-13 08:40:31,BTCUSD_PERP,bid,59200,641.61
2024-08-13 08:40:31,BTCUSD_PERP,bid,59200,525.59
2024-08-13 08:40:32,BTCUSD_PERP,bid,59200,525.45
2024-08-13 08:42:13,BTCUSD_PERP,bid,59200,525.18
2024-08-13 08:42:14,BTCUSD_PERP,bid,59200,583.8
2024-08-13 08:46:40,BTCUSD_PERP,bid,59200,524.9
2024-08-13 08:46:40,BTCUSD_PERP,bid,59200,583.56
2024-08-13 08:46:41,BTCUSD_PERP,bid,59200,642.22
2024-08-13 08:49:15,BTCUSD_PERP,bid,59200,525.17
2024-08-13 08:50:09,BTCUSD_PERP,bid,59200,525.49
2024-08-13 08:50:28,BTCUSD_PERP,bid,59200,585.2
2024-08-13 08:50:29,BTCUSD_PERP,bid,59200,701.4
2024-08-13 08:50:29,BTCUSD_PERP,bid,59200,818.2
2024-08-13 08:50:29,BTCUSD_PERP,bid,59200,876.3
2024-08-13 08:51:02,BTCUSD_PERP,bid,59200,759.5
2024-08-13 08:51:02,BTCUSD_PERP,bid,59200,700.8
2024-08-13 08:51:02,BTCUSD_PERP,bid,59200,583.7
2024-08-13 08:51:02,BTCUSD_PERP,bid,59200,641.77
2024-08-13 08:51:02,BTCUSD_PERP,bid,59200,700.44
2024-08-13 08:51:41,BTCUSD_PERP,bid,59200,583.4
2024-08-13 08:51:41,BTCUSD_PERP,bid,59200,759.5
2024-08-13 08:51:41,BTCUSD_PERP,bid,59200,818.2
2024-08-13 08:51:41,BTCUSD_PERP,bid,59200,876.3
2024-08-13 08:51:41,BTCUSD_PERP,bid,59200,934.4
2024-08-13 08:52:07,BTCUSD_PERP,bid,59200,875.7
2024-08-13 08:52:07,BTCUSD_PERP,bid,59200,817.6
2024-08-13 08:52:07,BTCUSD_PERP,bid,59200,758.9
2024-08-13 08:52:07,BTCUSD_PERP,bid,59200,700.2
2024-08-13 08:52:08,BTCUSD_PERP,bid,59200,584.0
2024-08-13 08:52:08,BTCUSD_PERP,bid,59200,525.9
2024-08-13 08:52:08,BTCUSD_PERP,bid,59200,525.03
2024-08-13 08:52:08,BTCUSD_PERP,bid,59200,875.25
2024-08-13 08:52:08,BTCUSD_PERP,bid,59200,933.92
2024-08-13 08:53:02,BTCUSD_PERP,bid,59200,875.85
2024-08-13 08:53:05,BTCUSD_PERP,bid,59200,699.84
2024-08-13 08:56:35,BTCUSD_PERP,bid,59200,524.84
2024-08-13 08:56:43,BTCUSD_PERP,bid,59200,524.88
2024-08-13 09:01:29,BTCUSD_PERP,bid,59200,643.08
2024-08-13 09:01:29,BTCUSD_PERP,bid,59200,769.71
2024-08-13 09:01:29,BTCUSD_PERP,bid,59200,828.39
2024-08-13 09:01:31,BTCUSD_PERP,bid,59200,829.63
2024-08-13 09:01:33,BTCUSD_PERP,bid,59200,538.03
2024-08-13 09:01:33,BTCUSD_PERP,bid,59200,642.15
2024-08-13 09:01:34,BTCUSD_PERP,bid,59200,700.8
2024-08-13 09:01:52,BTCUSD_PERP,bid,59200,642.75
2024-08-13 09:01:52,BTCUSD_PERP,bid,59200,584.7
2024-08-13 09:01:52,BTCUSD_PERP,bid,59200,526.05
2024-08-13 09:01:53,BTCUSD_PERP,bid,59200,526.92
2024-08-13 09:03:05,BTCUSD_PERP,bid,59100,526.04
2024-08-13 09:03:05,BTCUSD_PERP,bid,59100,642.63
2024-08-13 09:03:05,BTCUSD_PERP,bid,59100,701.22
2024-08-13 09:03:11,BTCUSD_PERP,bid,59100,642.29
2024-08-13 09:03:11,BTCUSD_PERP,bid,59100,511.4
2024-08-13 09:03:11,BTCUSD_PERP,bid,59100,700.85
2024-08-13 09:03:41,BTCUSD_PERP,bid,59100,525.77
2024-08-13 07:51:47,BTCUSD_PERP,bid,59300,525.57
2024-08-13 07:51:47,BTCUSD_PERP,bid,59300,584.3
2024-08-13 07:51:54,BTCUSD_PERP,bid,59300,525.57
2024-08-13 07:52:09,BTCUSD_PERP,bid,59300,527.45
2024-08-13 07:52:10,BTCUSD_PERP,bid,59300,527.49
2024-08-13 07:52:44,BTCUSD_PERP,bid,59300,526.2
2024-08-13 07:53:04,BTCUSD_PERP,bid,59300,525.92
2024-08-13 07:53:41,BTCUSD_PERP,bid,59300,525.96
2024-08-13 07:53:43,BTCUSD_PERP,bid,59300,536.23
2024-08-13 07:53:59,BTCUSD_PERP,bid,59300,527.09
2024-08-13 07:54:42,BTCUSD_PERP,bid,59300,526.17
2024-08-13 07:54:42,BTCUSD_PERP,bid,59300,584.3
2024-08-13 07:54:42,BTCUSD_PERP,bid,59300,642.43
2024-08-13 07:54:45,BTCUSD_PERP,bid,59300,527.45
2024-08-13 07:55:04,BTCUSD_PERP,bid,59300,525.57
2024-08-13 07:55:31,BTCUSD_PERP,bid,59300,525.89
2024-08-13 07:55:32,BTCUSD_PERP,bid,59300,584.6
2024-08-13 07:55:41,BTCUSD_PERP,bid,59300,526.49
2024-08-13 07:56:04,BTCUSD_PERP,bid,59300,525.39
2024-08-13 07:56:04,BTCUSD_PERP,bid,59300,584.0
2024-08-13 07:56:18,BTCUSD_PERP,bid,59300,525.29
2024-08-13 08:00:39,BTCUSD_PERP,bid,59300,599.53
2024-08-13 08:00:40,BTCUSD_PERP,bid,59300,599.57
2024-08-13 08:01:48,BTCUSD_PERP,bid,59300,586.27
2024-08-13 08:01:48,BTCUSD_PERP,bid,59300,645.05
2024-08-13 08:01:59,BTCUSD_PERP,bid,59300,586.27
2024-08-13 08:01:59,BTCUSD_PERP,bid,59300,527.49
2024-08-13 08:02:00,BTCUSD_PERP,bid,59300,526.77
2024-08-13 08:02:00,BTCUSD_PERP,bid,59300,585.51
2024-08-13 08:02:13,BTCUSD_PERP,bid,59300,526.77
2024-08-13 08:02:43,BTCUSD_PERP,bid,59300,512.99
2024-08-13 08:02:43,BTCUSD_PERP,bid,59300,571.74
2024-08-13 08:03:06,BTCUSD_PERP,bid,59300,512.99
2024-08-13 08:03:06,BTCUSD_PERP,bid,59300,644.21
2024-08-13 08:03:07,BTCUSD_PERP,bid,59300,702.99
2024-08-13 08:03:24,BTCUSD_PERP,bid,59300,644.21
2024-08-13 08:03:25,BTCUSD_PERP,bid,59300,513.43
2024-08-13 08:03:26,BTCUSD_PERP,bid,59300,571.74
2024-08-13 08:04:22,BTCUSD_PERP,bid,59300,513.43
2024-08-13 08:04:22,BTCUSD_PERP,bid,59300,701.72
2024-08-13 08:04:22,BTCUSD_PERP,bid,59300,1053.22
2024-08-13 08:04:22,BTCUSD_PERP,bid,59300,571.45
2024-08-13 08:04:22,BTCUSD_PERP,bid,59300,1112.0
2024-08-13 08:04:44,BTCUSD_PERP,bid,59300,512.73
2024-08-13 08:04:44,BTCUSD_PERP,bid,59300,1053.82
2024-08-13 08:04:44,BTCUSD_PERP,bid,59300,644.22
2024-08-13 08:04:44,BTCUSD_PERP,bid,59300,643.85
2024-08-13 08:04:44,BTCUSD_PERP,bid,59300,702.6
2024-08-13 08:04:50,BTCUSD_PERP,bid,59300,643.85
2024-08-13 08:04:50,BTCUSD_PERP,bid,59300,642.72
2024-08-13 08:04:50,BTCUSD_PERP,bid,59300,935.07
2024-08-13 08:04:50,BTCUSD_PERP,bid,59300,993.78
2024-08-13 08:04:51,BTCUSD_PERP,bid,59300,935.67
2024-08-13 08:53:05,BTCUSD_PERP,bid,59300,700.92
2024-08-13 08:53:05,BTCUSD_PERP,bid,59300,875.85
2024-08-13 08:53:05,BTCUSD_PERP,bid,59300,934.56
2024-08-13 08:54:51,BTCUSD_PERP,bid,59300,817.74
2024-08-13 08:54:51,BTCUSD_PERP,bid,59300,700.92
2024-08-13 08:54:51,BTCUSD_PERP,bid,59300,584.1
2024-08-13 08:54:51,BTCUSD_PERP,bid,59300,525.99
2024-08-13 08:54:52,BTCUSD_PERP,bid,59300,583.89
2024-08-13 08:54:52,BTCUSD_PERP,bid,59300,642.04
2024-08-13 08:54:52,BTCUSD_PERP,bid,59300,700.19
2024-08-13 08:54:52,BTCUSD_PERP,bid,59300,817.69
2024-08-13 08:54:52,BTCUSD_PERP,bid,59300,876.44
2024-08-13 08:54:52,BTCUSD_PERP,bid,59300,935.19
2024-08-13 08:54:55,BTCUSD_PERP,bid,59300,936.43
2024-08-13 08:54:56,BTCUSD_PERP,bid,59300,950.65
2024-08-13 08:55:22,BTCUSD_PERP,bid,59300,891.9
2024-08-13 08:55:22,BTCUSD_PERP,bid,59300,833.15
2024-08-13 08:55:22,BTCUSD_PERP,bid,59300,716.25
2024-08-13 08:55:22,BTCUSD_PERP,bid,59300,657.5
2024-08-13 08:55:23,BTCUSD_PERP,bid,59300,598.75
2024-08-13 08:55:23,BTCUSD_PERP,bid,59300,540.6
2024-08-13 08:55:23,BTCUSD_PERP,bid,59300,526.17
2024-08-13 08:55:23,BTCUSD_PERP,bid,59300,584.89
2024-08-13 08:55:23,BTCUSD_PERP,bid,59300,643.01
2024-08-13 08:55:24,BTCUSD_PERP,bid,59300,701.73
2024-08-13 08:55:24,BTCUSD_PERP,bid,59300,818.57
2024-08-13 08:55:24,BTCUSD_PERP,bid,59300,876.69
2024-08-13 08:56:34,BTCUSD_PERP,bid,59300,817.97
2024-08-13 07:06:17,BTCUSD_PERP,bid,59000,581.84
2024-08-13 07:06:17,BTCUSD_PERP,bid,59000,640.26
2024-08-13 07:06:18,BTCUSD_PERP,bid,59000,698.08
2024-08-13 07:06:18,BTCUSD_PERP,bid,59000,756.5
2024-08-13 07:06:25,BTCUSD_PERP,bid,59000,756.46
2024-08-13 07:06:40,BTCUSD_PERP,bid,59000,698.04
2024-08-13 07:06:40,BTCUSD_PERP,bid,59000,581.2
2024-08-13 07:06:40,BTCUSD_PERP,bid,59000,522.78
2024-08-13 07:07:12,BTCUSD_PERP,bid,59000,525.3
2024-08-13 07:07:23,BTCUSD_PERP,bid,59000,525.03
2024-08-13 07:11:14,BTCUSD_PERP,bid,59000,523.92
2024-08-13 07:11:15,BTCUSD_PERP,bid,59000,582.4
2024-08-13 07:11:15,BTCUSD_PERP,bid,59000,640.88
2024-08-13 07:11:15,BTCUSD_PERP,bid,59000,757.24
2024-08-13 07:11:15,BTCUSD_PERP,bid,59000,815.12
2024-08-13 07:11:15,BTCUSD_PERP,bid,59000,873.0
2024-08-13 07:11:17,BTCUSD_PERP,bid,59000,922.17
2024-08-13 07:11:47,BTCUSD_PERP,bid,59000,805.81
2024-08-13 07:11:48,BTCUSD_PERP,bid,59000,690.05
2024-08-13 07:11:48,BTCUSD_PERP,bid,59000,573.69
2024-08-13 07:24:27,BTCUSD_PERP,bid,59000,523.98
2024-08-13 07:24:27,BTCUSD_PERP,bid,59000,640.12
2024-08-13 07:24:27,BTCUSD_PERP,bid,59000,697.94
2024-08-13 07:24:28,BTCUSD_PERP,bid,59000,872.6
2024-08-13 07:25:04,BTCUSD_PERP,bid,59000,814.18
2024-08-13 07:25:04,BTCUSD_PERP,bid,59000,755.76
2024-08-13 07:25:04,BTCUSD_PERP,bid,59000,697.94
2024-08-13 07:25:04,BTCUSD_PERP,bid,59000,640.12
2024-08-13 07:25:04,BTCUSD_PERP,bid,59000,582.3
2024-08-13 07:25:04,BTCUSD_PERP,bid,59000,523.88
2024-08-13 07:25:05,BTCUSD_PERP,bid,59000,534.14
2024-08-13 07:33:49,BTCUSD_PERP,bid,59000,699.32
2024-08-13 07:33:49,BTCUSD_PERP,bid,59000,757.79
2024-08-13 07:33:52,BTCUSD_PERP,bid,59000,591.27
2024-08-13 07:33:52,BTCUSD_PERP,bid,59000,707.46
2024-08-13 07:33:52,BTCUSD_PERP,bid,59000,765.9
2024-08-13 07:33:57,BTCUSD_PERP,bid,59000,650.2
2024-08-13 07:33:57,BTCUSD_PERP,bid,59000,591.76
2024-08-13 07:33:58,BTCUSD_PERP,bid,59000,533.91
2024-08-13 07:35:22,BTCUSD_PERP,bid,59000,539.69
2024-08-13 07:35:22,BTCUSD_PERP,bid,59000,598.17
2024-08-13 07:35:40,BTCUSD_PERP,bid,59000,539.69
2024-08-13 07:38:32,BTCUSD_PERP,bid,59000,640.45
2024-08-13 07:38:35,BTCUSD_PERP,bid,59000,582.0
2024-08-13 07:38:35,BTCUSD_PERP,bid,59000,524.15
2024-08-13 07:38:36,BTCUSD_PERP,bid,59000,523.88
2024-08-13 07:38:36,BTCUSD_PERP,bid,59000,582.3
2024-08-13 07:38:53,BTCUSD_PERP,bid,59000,524.48
2024-08-13 07:38:55,BTCUSD_PERP,bid,59000,814.6
2024-08-13 07:40:00,BTCUSD_PERP,bid,59000,524.48
2024-08-13 07:40:58,BTCUSD_PERP,bid,59000,524.33
2024-08-13 07:40:58,BTCUSD_PERP,bid,59000,582.2
2024-08-13 07:40:58,BTCUSD_PERP,bid,59000,640.67
2024-08-13 07:40:59,BTCUSD_PERP,bid,59000,756.41
2024-08-13 07:40:59,BTCUSD_PERP,bid,59000,824.71
2024-08-13 07:41:35,BTCUSD_PERP,bid,59000,766.24
2024-08-13 07:41:35,BTCUSD_PERP,bid,59000,707.77
2024-08-13 07:41:35,BTCUSD_PERP,bid,59000,592.03
2024-08-13 07:41:35,BTCUSD_PERP,bid,59000,534.16
2024-08-13 07:48:33,BTCUSD_PERP,bid,59000,522.92
2024-08-13 07:49:15,BTCUSD_PERP,bid,59000,524.54
2024-08-13 07:49:16,BTCUSD_PERP,bid,59000,525.77
2024-08-13 08:07:09,BTCUSD_PERP,bid,59000,524.53
2024-08-13 08:07:09,BTCUSD_PERP,bid,59000,583.01
2024-08-13 08:07:16,BTCUSD_PERP,bid,59000,583.3
2024-08-13 08:07:59,BTCUSD_PERP,bid,59000,582.9
2024-08-13 08:07:59,BTCUSD_PERP,bid,59000,640.77
2024-08-13 08:08:30,BTCUSD_PERP,bid,59000,523.83
2024-08-13 08:08:31,BTCUSD_PERP,bid,59000,525.3
2024-08-13 08:08:31,BTCUSD_PERP,bid,59000,641.1
2024-08-13 08:10:16,BTCUSD_PERP,bid,59000,510.69
2024-08-13 08:10:36,BTCUSD_PERP,bid,59000,510.47
2024-08-13 08:11:21,BTCUSD_PERP,bid,59000,699.31
2024-08-13 08:11:21,BTCUSD_PERP,bid,59000,1058.25
2024-08-13 08:11:21,BTCUSD_PERP,bid,59000,1116.73
2024-08-13 08:12:01,BTCUSD_PERP,bid,59000,1058.25
2024-08-13 08:12:01,BTCUSD_PERP,bid,59000,825.51
2024-08-13 08:12:01,BTCUSD_PERP,bid,59000,767.03
2024-08-13 08:12:02,BTCUSD_PERP,bid,59000,989.42
2024-08-13 08:12:02,BTCUSD_PERP,bid,59000,1047.87
2024-08-13 08:12:10,BTCUSD_PERP,bid,59000,931.56
2024-08-13 08:12:10,BTCUSD_PERP,bid,59000,873.11
2024-08-13 08:12:10,BTCUSD_PERP,bid,59000,815.25
2024-08-13 08:12:10,BTCUSD_PERP,bid,59000,757.4
2024-08-13 08:12:10,BTCUSD_PERP,bid,59000,641.09
2024-08-13 08:12:11,BTCUSD_PERP,bid,59000,524.19
2024-08-13 08:12:11,BTCUSD_PERP,bid,59000,699.26
2024-08-13 08:12:11,BTCUSD_PERP,bid,59000,757.74
2024-08-13 08:12:11,BTCUSD_PERP,bid,59000,815.62
2024-08-13 08:12:11,BTCUSD_PERP,bid,59000,510.13
2024-08-13 08:12:20,BTCUSD_PERP,bid,59000,699.26
2024-08-13 08:12:21,BTCUSD_PERP,bid,59000,641.38
2024-08-13 08:12:21,BTCUSD_PERP,bid,59000,582.9
2024-08-13 08:12:21,BTCUSD_PERP,bid,59000,525.02
2024-08-13 08:12:37,BTCUSD_PERP,bid,59000,510.12
2024-08-13 08:12:37,BTCUSD_PERP,bid,59000,757.19
2024-08-13 08:12:37,BTCUSD_PERP,bid,59000,815.67
2024-08-13 08:12:38,BTCUSD_PERP,bid,59000,829.82
2024-08-13 08:12:55,BTCUSD_PERP,bid,59000,524.87
2024-08-13 08:12:55,BTCUSD_PERP,bid,59000,756.79
2024-08-13 08:12:55,BTCUSD_PERP,bid,59000,815.24
2024-08-13 08:14:13,BTCUSD_PERP,bid,59000,698.34
2024-08-13 08:15:12,BTCUSD_PERP,bid,59000,523.96
2024-08-13 08:15:12,BTCUSD_PERP,bid,59000,582.44
2024-08-13 08:15:13,BTCUSD_PERP,bid,59000,640.33
2024-08-13 08:15:18,BTCUSD_PERP,bid,59000,523.96
2024-08-13 08:15:18,BTCUSD_PERP,bid,59000,699.04
2024-08-13 08:15:18,BTCUSD_PERP,bid,59000,815.24
2024-08-13 08:15:18,BTCUSD_PERP,bid,59000,873.69
2024-08-13 08:16:23,BTCUSD_PERP,bid,59000,757.38
2024-08-13 08:16:23,BTCUSD_PERP,bid,59000,583.22
2024-08-13 08:16:24,BTCUSD_PERP,bid,59000,525.2
2024-08-13 08:16:24,BTCUSD_PERP,bid,59000,583.7
2024-08-13 08:29:00,BTCUSD_PERP,bid,59000,814.94
2024-08-13 08:29:00,BTCUSD_PERP,bid,59000,872.82
2024-08-13 08:29:00,BTCUSD_PERP,bid,59000,931.29
2024-08-13 08:30:35,BTCUSD_PERP,bid,59000,872.92
2024-08-13 08:30:35,BTCUSD_PERP,bid,59000,931.8
2024-08-13 08:30:36,BTCUSD_PERP,bid,59000,990.23
2024-08-13 08:31:09,BTCUSD_PERP,bid,59000,931.9
2024-08-13 08:31:09,BTCUSD_PERP,bid,59000,873.47
2024-08-13 08:31:10,BTCUSD_PERP,bid,59000,815.04
2024-08-13 08:31:10,BTCUSD_PERP,bid,59000,699.38
2024-08-13 08:31:10,BTCUSD_PERP,bid,59000,582.52
2024-08-13 08:31:10,BTCUSD_PERP,bid,59000,524.69
2024-08-13 08:31:11,BTCUSD_PERP,bid,59000,639.63
2024-08-13 08:31:11,BTCUSD_PERP,bid,59000,814.45
2024-08-13 08:32:04,BTCUSD_PERP,bid,59000,756.57
2024-08-13 08:32:04,BTCUSD_PERP,bid,59000,581.16
2024-08-13 08:32:05,BTCUSD_PERP,bid,59000,523.28
2024-08-13 07:05:37,BTCUSD_PERP,bid,58900,582.61
2024-08-13 07:05:37,BTCUSD_PERP,bid,58900,640.4
2024-08-13 07:05:37,BTCUSD_PERP,bid,58900,755.98
2024-08-13 07:06:16,BTCUSD_PERP,bid,58900,698.19
2024-08-13 07:06:17,BTCUSD_PERP,bid,58900,524.23
2024-08-13 07:12:09,BTCUSD_PERP,bid,58900,523.71
2024-08-13 07:12:37,BTCUSD_PERP,bid,58900,523.44
2024-08-13 07:12:45,BTCUSD_PERP,bid,58900,523.14
2024-08-13 07:14:52,BTCUSD_PERP,bid,58900,590.54
2024-08-13 07:14:53,BTCUSD_PERP,bid,58900,648.86
2024-08-13 07:14:53,BTCUSD_PERP,bid,58900,707.18
2024-08-13 07:15:34,BTCUSD_PERP,bid,58900,533.51
2024-08-13 07:16:16,BTCUSD_PERP,bid,58900,640.19
2024-08-13 07:16:34,BTCUSD_PERP,bid,58900,580.93
2024-08-13 07:18:21,BTCUSD_PERP,bid,58900,522.6
2024-08-13 07:23:27,BTCUSD_PERP,bid,58900,580.64
2024-08-13 07:23:27,BTCUSD_PERP,bid,58900,638.95
2024-08-13 07:23:38,BTCUSD_PERP,bid,58900,638.7
2024-08-13 07:23:38,BTCUSD_PERP,bid,58900,697.04
2024-08-13 07:24:11,BTCUSD_PERP,bid,58900,872.0
2024-08-13 07:24:11,BTCUSD_PERP,bid,58900,930.38
2024-08-13 07:24:26,BTCUSD_PERP,bid,58900,814.22
2024-08-13 07:24:26,BTCUSD_PERP,bid,58900,755.84
2024-08-13 07:24:26,BTCUSD_PERP,bid,58900,697.46
2024-08-13 07:24:27,BTCUSD_PERP,bid,58900,522.92
2024-08-13 07:24:28,BTCUSD_PERP,bid,58900,519.47
2024-08-13 08:07:32,BTCUSD_PERP,bid,58900,523.64
2024-08-13 08:12:02,BTCUSD_PERP,bid,58900,509.83
2024-08-13 08:12:02,BTCUSD_PERP,bid,58900,568.18
2024-08-13 08:12:10,BTCUSD_PERP,bid,58900,510.37
2024-08-13 08:12:55,BTCUSD_PERP,bid,58900,509.85
2024-08-13 14:14:50,BTCUSD_PERP,bid,58900,521.16
2024-08-13 14:14:50,BTCUSD_PERP,bid,58900,695.5
2024-08-13 14:15:41,BTCUSD_PERP,bid,58900,532.42
2024-08-13 14:16:49,BTCUSD_PERP,bid,58900,523.16
2024-08-13 14:16:49,BTCUSD_PERP,bid,58900,581.5
2024-08-13 14:19:24,BTCUSD_PERP,bid,58900,523.76
2024-08-13 14:19:26,BTCUSD_PERP,bid,58900,523.49
2024-08-13 14:19:26,BTCUSD_PERP,bid,58900,581.2
2024-08-13 14:19:26,BTCUSD_PERP,bid,58900,639.51
2024-08-13 14:19:26,BTCUSD_PERP,bid,58900,755.53
2024-08-13 14:19:26,BTCUSD_PERP,bid,58900,813.24
2024-08-13 14:20:32,BTCUSD_PERP,bid,58900,755.53
2024-08-13 14:20:34,BTCUSD_PERP,bid,58900,697.58
2024-08-13 14:21:50,BTCUSD_PERP,bid,58900,639.84
2024-08-13 14:21:51,BTCUSD_PERP,bid,58900,523.16
2024-08-13 14:21:52,BTCUSD_PERP,bid,58900,640.88
2024-08-13 14:21:52,BTCUSD_PERP,bid,58900,698.66
2024-08-13 14:22:14,BTCUSD_PERP,bid,58900,698.3
2024-08-13 14:23:00,BTCUSD_PERP,bid,58900,582.2
2024-08-13 14:23:01,BTCUSD_PERP,bid,58900,523.85
2024-08-13 14:23:01,BTCUSD_PERP,bid,58900,522.94
2024-08-13 14:23:02,BTCUSD_PERP,bid,58900,581.25
2024-08-13 14:23:02,BTCUSD_PERP,bid,58900,697.87
2024-08-13 14:23:47,BTCUSD_PERP,bid,58900,639.56
2024-08-13 14:23:47,BTCUSD_PERP,bid,58900,581.25
2024-08-13 14:23:47,BTCUSD_PERP,bid,58900,522.94
2024-08-13 07:01:07,BTCUSD_PERP,bid,58800,754.21
2024-08-13 07:01:07,BTCUSD_PERP,bid,58800,696.55
2024-08-13 07:01:07,BTCUSD_PERP,bid,58800,638.3
2024-08-13 07:01:07,BTCUSD_PERP,bid,58800,580.05
2024-08-13 07:01:07,BTCUSD_PERP,bid,58800,522.39
2024-08-13 07:01:08,BTCUSD_PERP,bid,58800,521.03
2024-08-13 07:01:08,BTCUSD_PERP,bid,58800,636.78
2024-08-13 07:01:09,BTCUSD_PERP,bid,58800,753.22
2024-08-13 07:01:09,BTCUSD_PERP,bid,58800,811.44
2024-08-13 07:01:53,BTCUSD_PERP,bid,58800,695.59
2024-08-13 07:01:53,BTCUSD_PERP,bid,58800,637.96
2024-08-13 07:01:53,BTCUSD_PERP,bid,58800,580.33
2024-08-13 07:01:55,BTCUSD_PERP,bid,58800,522.39
2024-08-13 07:02:53,BTCUSD_PERP,bid,58800,522.12
2024-08-13 07:02:53,BTCUSD_PERP,bid,58800,579.75
2024-08-13 07:03:49,BTCUSD_PERP,bid,58800,521.53
2024-08-13 07:03:50,BTCUSD_PERP,bid,58800,580.14
2024-08-13 07:03:50,BTCUSD_PERP,bid,58800,638.4
2024-08-13 07:03:50,BTCUSD_PERP,bid,58800,696.66
2024-08-13 07:03:50,BTCUSD_PERP,bid,58800,754.33
2024-08-13 07:03:50,BTCUSD_PERP,bid,58800,812.0
2024-08-13 07:03:51,BTCUSD_PERP,bid,58800,869.67
2024-08-13 07:03:51,BTCUSD_PERP,bid,58800,927.93
2024-08-13 07:04:05,BTCUSD_PERP,bid,58800,869.67
2024-08-13 07:04:05,BTCUSD_PERP,bid,58800,812.0
2024-08-13 07:04:06,BTCUSD_PERP,bid,58800,696.66
2024-08-13 07:04:06,BTCUSD_PERP,bid,58800,638.4
2024-08-13 07:04:06,BTCUSD_PERP,bid,58800,580.14
2024-08-13 07:13:57,BTCUSD_PERP,bid,58800,754.21
2024-08-13 07:13:57,BTCUSD_PERP,bid,58800,812.46
2024-08-13 07:14:14,BTCUSD_PERP,bid,58800,754.8
2024-08-13 07:14:14,BTCUSD_PERP,bid,58800,638.3
2024-08-13 07:14:15,BTCUSD_PERP,bid,58800,521.8
2024-08-13 07:14:15,BTCUSD_PERP,bid,58800,581.1
2024-08-13 07:14:52,BTCUSD_PERP,bid,58800,522.81
2024-08-13 07:15:16,BTCUSD_PERP,bid,58800,754.67
2024-08-13 07:15:16,BTCUSD_PERP,bid,58800,812.96
2024-08-13 07:15:33,BTCUSD_PERP,bid,58800,638.79
2024-08-13 07:15:34,BTCUSD_PERP,bid,58800,523.41
2024-08-13 07:18:22,BTCUSD_PERP,bid,58800,696.0
2024-08-13 07:18:22,BTCUSD_PERP,bid,58800,754.3
2024-08-13 07:20:46,BTCUSD_PERP,bid,58800,522.2
2024-08-13 07:20:46,BTCUSD_PERP,bid,58800,580.5
2024-08-13 07:21:09,BTCUSD_PERP,bid,58800,522.8
2024-08-13 07:21:54,BTCUSD_PERP,bid,58800,580.53
2024-08-13 07:22:29,BTCUSD_PERP,bid,58800,522.03
2024-08-13 14:05:48,BTCUSD_PERP,bid,58800,579.25
2024-08-13 14:05:48,BTCUSD_PERP,bid,58800,637.53
2024-08-13 14:05:48,BTCUSD_PERP,bid,58800,647.33
2024-08-13 14:07:10,BTCUSD_PERP,bid,58800,521.75
2024-08-13 14:08:44,BTCUSD_PERP,bid,58800,579.7
2024-08-13 14:09:08,BTCUSD_PERP,bid,58800,521.42
2024-08-13 14:09:09,BTCUSD_PERP,bid,58800,521.16
2024-08-13 14:09:09,BTCUSD_PERP,bid,58800,579.4
2024-08-13 14:11:10,BTCUSD_PERP,bid,58800,579.36
2024-08-13 14:14:02,BTCUSD_PERP,bid,58800,521.71
2024-08-13 14:14:05,BTCUSD_PERP,bid,58800,753.34
2024-08-13 14:14:05,BTCUSD_PERP,bid,58800,566.55
2024-08-13 14:14:13,BTCUSD_PERP,bid,58800,753.38
2024-08-13 14:14:37,BTCUSD_PERP,bid,58800,695.1
2024-08-13 14:14:48,BTCUSD_PERP,bid,58800,636.82
2024-08-13 14:14:49,BTCUSD_PERP,bid,58800,521.46
2024-08-13 14:16:22,BTCUSD_PERP,bid,58800,523.43
2024-08-13 14:23:48,BTCUSD_PERP,bid,58800,764.99
2024-08-13 14:24:05,BTCUSD_PERP,bid,58800,707.3
2024-08-13 14:24:05,BTCUSD_PERP,bid,58800,590.74
2024-08-13 14:24:06,BTCUSD_PERP,bid,58800,522.39
2024-08-13 14:24:06,BTCUSD_PERP,bid,58800,754.8
2024-08-13 14:24:36,BTCUSD_PERP,bid,58800,639.48
2024-08-13 14:24:36,BTCUSD_PERP,bid,58800,581.23
2024-08-13 14:24:37,BTCUSD_PERP,bid,58800,648.35
2024-08-13 14:24:37,BTCUSD_PERP,bid,58800,764.2
2024-08-13 14:24:41,BTCUSD_PERP,bid,58700,811.62
2024-08-13 14:25:13,BTCUSD_PERP,bid,58700,647.32
2024-08-13 14:25:13,BTCUSD_PERP,bid,58700,1052.56
2024-08-13 14:25:13,BTCUSD_PERP,bid,58700,1110.72
2024-08-13 14:25:20,BTCUSD_PERP,bid,58700,936.83
2024-08-13 14:25:20,BTCUSD_PERP,bid,58700,752.59
2024-08-13 14:25:20,BTCUSD_PERP,bid,58700,868.25
2024-08-13 14:25:20,BTCUSD_PERP,bid,58700,926.38
2024-08-13 14:25:56,BTCUSD_PERP,bid,58700,868.85
2024-08-13 14:25:56,BTCUSD_PERP,bid,58700,811.32
2024-08-13 14:25:56,BTCUSD_PERP,bid,58700,753.19
2024-08-13 14:25:56,BTCUSD_PERP,bid,58700,637.53
2024-08-13 14:25:56,BTCUSD_PERP,bid,58700,579.4
2024-08-13 14:25:56,BTCUSD_PERP,bid,58700,521.27
2024-08-13 14:26:15,BTCUSD_PERP,bid,58700,520.12
2024-08-13 14:26:15,BTCUSD_PERP,bid,58700,635.19
2024-08-13 14:26:15,BTCUSD_PERP,bid,58700,693.32
2024-08-13 14:26:15,BTCUSD_PERP,bid,58700,751.45
2024-08-13 14:26:15,BTCUSD_PERP,bid,58700,867.71
2024-08-13 14:26:16,BTCUSD_PERP,bid,58700,925.84
2024-08-13 14:26:42,BTCUSD_PERP,bid,58700,867.81
2024-08-13 14:26:42,BTCUSD_PERP,bid,58700,810.27
2024-08-13 14:26:42,BTCUSD_PERP,bid,58700,752.73
2024-08-13 14:26:42,BTCUSD_PERP,bid,58700,695.19
2024-08-13 14:35:20,BTCUSD_PERP,bid,58700,521.77
2024-08-13 14:47:31,BTCUSD_PERP,bid,58800,812.16
2024-08-13 14:47:31,BTCUSD_PERP,bid,58800,870.39
2024-08-13 14:50:37,BTCUSD_PERP,bid,58700,754.15
2024-08-13 14:50:37,BTCUSD_PERP,bid,58700,812.35
2024-08-13 14:51:39,BTCUSD_PERP,bid,58700,753.74
2024-08-13 14:51:39,BTCUSD_PERP,bid,58700,811.91
2024-08-13 14:54:13,BTCUSD_PERP,bid,58700,753.74
2024-08-13 14:54:13,BTCUSD_PERP,bid,58700,695.21
2024-08-13 14:54:14,BTCUSD_PERP,bid,58700,753.35
2024-08-13 14:56:10,BTCUSD_PERP,bid,58700,695.31
2024-08-13 14:56:10,BTCUSD_PERP,bid,58700,579.63
2024-08-13 14:58:02,BTCUSD_PERP,bid,58700,521.49
2024-08-13 14:58:02,BTCUSD_PERP,bid,58700,579.63
2024-08-13 14:58:02,BTCUSD_PERP,bid,58700,637.18
2024-08-13 15:00:37,BTCUSD_PERP,bid,58700,520.9
2024-08-13 15:00:38,BTCUSD_PERP,bid,58700,637.34
2024-08-13 15:00:38,BTCUSD_PERP,bid,58700,752.97
2024-08-13 15:00:39,BTCUSD_PERP,bid,58700,810.48
2024-08-13 15:00:39,BTCUSD_PERP,bid,58700,926.7
2024-08-13 15:00:52,BTCUSD_PERP,bid,58700,869.06
2024-08-13 15:00:52,BTCUSD_PERP,bid,58700,927.2
2024-08-13 15:01:25,BTCUSD_PERP,bid,58700,812.1
2024-08-13 15:01:26,BTCUSD_PERP,bid,58700,753.96
2024-08-13 15:01:26,BTCUSD_PERP,bid,58700,695.82
2024-08-13 15:01:26,BTCUSD_PERP,bid,58700,638.27
2024-08-13 15:01:26,BTCUSD_PERP,bid,58700,694.87
2024-08-13 15:01:26,BTCUSD_PERP,bid,58700,868.61
2024-08-13 15:01:26,BTCUSD_PERP,bid,58700,926.72
2024-08-13 15:04:48,BTCUSD_PERP,bid,58700,580.0
2024-08-13 15:04:48,BTCUSD_PERP,bid,58700,696.14
2024-08-13 15:05:32,BTCUSD_PERP,bid,58700,580.5
2024-08-13 15:11:06,BTCUSD_PERP,bid,58700,868.15
2024-08-13 15:11:06,BTCUSD_PERP,bid,58700,926.27
2024-08-13 15:11:06,BTCUSD_PERP,bid,58700,984.39
2024-08-13 15:11:14,BTCUSD_PERP,bid,58700,636.86
2024-08-13 15:13:47,BTCUSD_PERP,bid,58700,578.73
2024-08-13 15:13:47,BTCUSD_PERP,bid,58700,636.85
2024-08-13 15:13:47,BTCUSD_PERP,bid,58700,752.5
2024-08-13 15:13:47,BTCUSD_PERP,bid,58700,810.62
2024-08-13 15:13:47,BTCUSD_PERP,bid,58700,868.74
2024-08-13 15:13:47,BTCUSD_PERP,bid,58700,984.39
2024-08-13 15:14:13,BTCUSD_PERP,bid,58700,868.74
2024-08-13 15:14:13,BTCUSD_PERP,bid,58700,810.62
2024-08-13 15:14:13,BTCUSD_PERP,bid,58700,753.09
2024-08-13 15:14:13,BTCUSD_PERP,bid,58700,636.85
2024-08-13 15:14:14,BTCUSD_PERP,bid,58700,579.32
2024-08-13 15:14:14,BTCUSD_PERP,bid,58700,520.99
2024-08-13 15:14:14,BTCUSD_PERP,bid,58700,579.14
2024-08-13 15:14:15,BTCUSD_PERP,bid,58700,752.91
2024-08-13 15:14:15,BTCUSD_PERP,bid,58700,811.06
2024-08-13 15:14:15,BTCUSD_PERP,bid,58700,869.21
2024-08-13 15:14:15,BTCUSD_PERP,bid,58700,870.44
2024-08-13 15:14:58,BTCUSD_PERP,bid,58700,696.58
2024-08-13 15:14:58,BTCUSD_PERP,bid,58700,638.43
2024-08-13 15:14:58,BTCUSD_PERP,bid,58700,580.28
2024-08-13 15:14:59,BTCUSD_PERP,bid,58700,522.72
2024-08-13 15:14:59,BTCUSD_PERP,bid,58700,521.26
2024-08-13 15:14:59,BTCUSD_PERP,bid,58700,579.44
2024-08-13 15:15:00,BTCUSD_PERP,bid,58700,695.71
2024-08-13 15:15:58,BTCUSD_PERP,bid,58700,579.94
2024-08-13 15:15:58,BTCUSD_PERP,bid,58700,521.76
2024-08-13 15:15:59,BTCUSD_PERP,bid,58800,521.53
2024-08-13 15:20:00,BTCUSD_PERP,bid,58700,927.23
2024-08-13 15:20:00,BTCUSD_PERP,bid,58700,985.41
2024-08-13 15:20:07,BTCUSD_PERP,bid,58700,520.89
2024-08-13 15:20:17,BTCUSD_PERP,bid,58700,530.36
2024-08-13 15:20:17,BTCUSD_PERP,bid,58700,588.47
2024-08-13 15:20:28,BTCUSD_PERP,bid,58700,530.36
2024-08-13 14:25:57,BTCUSD_PERP,bid,58600,530.3
2024-08-13 14:25:57,BTCUSD_PERP,bid,58600,588.4
2024-08-13 14:25:57,BTCUSD_PERP,bid,58600,645.91
2024-08-13 14:25:57,BTCUSD_PERP,bid,58600,704.01
2024-08-13 14:25:57,BTCUSD_PERP,bid,58600,819.52
2024-08-13 14:25:57,BTCUSD_PERP,bid,58600,877.03
2024-08-13 14:25:57,BTCUSD_PERP,bid,58600,993.23
2024-08-13 14:25:57,BTCUSD_PERP,bid,58600,516.99
2024-08-13 14:25:57,BTCUSD_PERP,bid,58600,574.59
2024-08-13 14:25:57,BTCUSD_PERP,bid,58600,994.45
2024-08-13 14:26:13,BTCUSD_PERP,bid,58600,516.55
2024-08-13 14:26:13,BTCUSD_PERP,bid,58600,936.35
2024-08-13 14:26:14,BTCUSD_PERP,bid,58600,763.33
2024-08-13 14:26:14,BTCUSD_PERP,bid,58600,705.23
2024-08-13 14:26:14,BTCUSD_PERP,bid,58600,647.72
2024-08-13 14:26:14,BTCUSD_PERP,bid,58600,531.52
2024-08-13 14:26:42,BTCUSD_PERP,bid,58600,693.71
2024-08-13 14:26:42,BTCUSD_PERP,bid,58600,751.8
2024-08-13 14:26:42,BTCUSD_PERP,bid,58600,809.89
2024-08-13 14:26:49,BTCUSD_PERP,bid,58600,693.71
2024-08-13 14:26:50,BTCUSD_PERP,bid,58600,519.5
2024-08-13 14:26:50,BTCUSD_PERP,bid,58600,577.56
2024-08-13 14:30:14,BTCUSD_PERP,bid,58500,520.9
2024-08-13 14:30:15,BTCUSD_PERP,bid,58500,578.91
2024-08-13 14:32:26,BTCUSD_PERP,bid,58600,520.35
2024-08-13 14:32:33,BTCUSD_PERP,bid,58600,520.39
2024-08-13 14:34:13,BTCUSD_PERP,bid,58600,520.08
2024-08-13 14:34:21,BTCUSD_PERP,bid,58600,520.35
2024-08-13 14:35:02,BTCUSD_PERP,bid,58600,520.62
2024-08-13 14:35:29,BTCUSD_PERP,bid,58600,530.3
2024-08-13 14:35:29,BTCUSD_PERP,bid,58600,530.34
2024-08-13 14:56:11,BTCUSD_PERP,bid,58600,714.38
2024-08-13 14:56:11,BTCUSD_PERP,bid,58600,772.48
2024-08-13 14:56:12,BTCUSD_PERP,bid,58600,762.71
2024-08-13 14:58:00,BTCUSD_PERP,bid,58600,589.0
2024-08-13 14:58:00,BTCUSD_PERP,bid,58600,530.9
2024-08-13 15:04:27,BTCUSD_PERP,bid,58600,635.92
2024-08-13 15:04:27,BTCUSD_PERP,bid,58600,694.0
2024-08-13 15:04:48,BTCUSD_PERP,bid,58600,635.92
2024-08-13 15:06:43,BTCUSD_PERP,bid,58600,925.65
2024-08-13 15:06:43,BTCUSD_PERP,bid,58600,983.73
2024-08-13 15:07:38,BTCUSD_PERP,bid,58600,867.12
2024-08-13 15:07:38,BTCUSD_PERP,bid,58600,925.17
2024-08-13 15:08:19,BTCUSD_PERP,bid,58600,867.21
2024-08-13 15:08:20,BTCUSD_PERP,bid,58600,808.74
2024-08-13 15:08:20,BTCUSD_PERP,bid,58600,866.76
2024-08-13 15:09:06,BTCUSD_PERP,bid,58600,809.33
2024-08-13 15:09:06,BTCUSD_PERP,bid,58600,751.31
2024-08-13 15:09:06,BTCUSD_PERP,bid,58600,635.27
2024-08-13 15:09:06,BTCUSD_PERP,bid,58600,577.84
2024-08-13 15:09:06,BTCUSD_PERP,bid,58600,519.82
2024-08-13 15:09:07,BTCUSD_PERP,bid,58600,577.46
2024-08-13 15:09:07,BTCUSD_PERP,bid,58600,693.56
2024-08-13 15:09:07,BTCUSD_PERP,bid,58600,751.61
2024-08-13 15:09:08,BTCUSD_PERP,bid,58600,867.71
2024-08-13 15:09:08,BTCUSD_PERP,bid,58600,925.17
2024-08-13 15:10:34,BTCUSD_PERP,bid,58600,520.44
2024-08-13 15:10:35,BTCUSD_PERP,bid,58600,577.94
2024-08-13 15:11:06,BTCUSD_PERP,bid,58600,520.44
2024-08-13 15:11:14,BTCUSD_PERP,bid,58600,578.44
2024-08-13 15:11:14,BTCUSD_PERP,bid,58600,636.53
2024-08-13 15:13:46,BTCUSD_PERP,bid,58600,521.53
2024-08-13 15:25:31,BTCUSD_PERP,bid,58500,529.07
2024-08-13 15:26:09,BTCUSD_PERP,bid,58600,520.5
2024-08-13 15:26:29,BTCUSD_PERP,bid,58500,519.1
2024-08-13 15:32:05,BTCUSD_PERP,bid,58500,519.45
2024-08-13 15:33:27,BTCUSD_PERP,bid,58500,519.0
2024-08-13 15:33:37,BTCUSD_PERP,bid,58400,519.32
2024-08-13 15:33:37,BTCUSD_PERP,bid,58400,865.44
2024-08-13 15:33:37,BTCUSD_PERP,bid,58400,923.34
2024-08-13 15:34:35,BTCUSD_PERP,bid,58500,807.48
2024-08-13 15:34:35,BTCUSD_PERP,bid,58500,923.24
2024-08-13 15:34:35,BTCUSD_PERP,bid,58500,1038.51
2024-08-13 15:34:39,BTCUSD_PERP,bid,58500,1038.55
2024-08-13 15:36:04,BTCUSD_PERP,bid,58500,981.21
2024-08-13 15:36:04,BTCUSD_PERP,bid,58500,865.94
2024-08-13 15:36:05,BTCUSD_PERP,bid,58500,808.01
2024-08-13 15:36:05,BTCUSD_PERP,bid,58500,576.98
2024-08-13 15:36:06,BTCUSD_PERP,bid,58500,520.37
2024-08-13 15:36:06,BTCUSD_PERP,bid,58500,693.07
2024-08-13 15:36:06,BTCUSD_PERP,bid,58500,750.44
2024-08-13 15:36:47,BTCUSD_PERP,bid,58500,692.48
2024-08-13 15:36:47,BTCUSD_PERP,bid,58500,634.61
2024-08-13 15:36:48,BTCUSD_PERP,bid,58500,576.65
2024-08-13 15:36:48,BTCUSD_PERP,bid,58500,518.69
2024-08-13 15:36:48,BTCUSD_PERP,bid,58500,520.64
2024-08-13 15:36:48,BTCUSD_PERP,bid,58500,694.02
2024-08-13 15:36:49,BTCUSD_PERP,bid,58500,751.42
2024-08-13 15:36:49,BTCUSD_PERP,bid,58500,809.41
2024-08-13 15:36:49,BTCUSD_PERP,bid,58500,924.8
2024-08-13 15:36:54,BTCUSD_PERP,bid,58500,982.2
2024-08-13 15:37:28,BTCUSD_PERP,bid,58500,866.81
2024-08-13 15:37:29,BTCUSD_PERP,bid,58500,808.82
2024-08-13 15:37:29,BTCUSD_PERP,bid,58500,750.83
2024-08-13 15:37:29,BTCUSD_PERP,bid,58500,634.85
2024-08-13 15:37:29,BTCUSD_PERP,bid,58500,576.86
2024-08-13 15:37:29,BTCUSD_PERP,bid,58500,521.05
2024-08-13 15:37:29,BTCUSD_PERP,bid,58500,578.42
2024-08-13 15:37:30,BTCUSD_PERP,bid,58500,635.79
2024-08-13 15:37:30,BTCUSD_PERP,bid,58500,693.16
2024-08-13 15:37:30,BTCUSD_PERP,bid,58500,751.12
2024-08-13 15:37:30,BTCUSD_PERP,bid,58500,866.45
2024-08-13 15:37:30,BTCUSD_PERP,bid,58500,924.32
2024-08-13 15:39:07,BTCUSD_PERP,bid,58500,808.4
2024-08-13 15:39:08,BTCUSD_PERP,bid,58500,577.54
2024-08-13 15:40:15,BTCUSD_PERP,bid,58600,520.58
2024-08-13 15:43:10,BTCUSD_PERP,bid,58500,751.55
2024-08-13 15:43:10,BTCUSD_PERP,bid,58500,809.55
2024-08-13 15:45:09,BTCUSD_PERP,bid,58500,751.16
2024-08-13 15:45:09,BTCUSD_PERP,bid,58500,809.13
2024-08-13 15:45:55,BTCUSD_PERP,bid,58500,808.37
2024-08-13 15:45:55,BTCUSD_PERP,bid,58500,981.78
2024-08-13 15:45:56,BTCUSD_PERP,bid,58500,1039.78
2024-08-13 15:46:36,BTCUSD_PERP,bid,58500,867.55
2024-08-13 15:46:36,BTCUSD_PERP,bid,58500,865.33
2024-08-13 15:46:37,BTCUSD_PERP,bid,58500,981.27
2024-08-13 15:46:37,BTCUSD_PERP,bid,58500,1039.24
2024-08-13 15:47:13,BTCUSD_PERP,bid,58500,923.89
2024-08-13 15:47:14,BTCUSD_PERP,bid,58500,980.76
2024-08-13 15:47:14,BTCUSD_PERP,bid,58500,1038.7
2024-08-13 15:48:56,BTCUSD_PERP,bid,58500,923.5
2024-08-13 15:48:56,BTCUSD_PERP,bid,58500,866.15
2024-08-13 15:48:56,BTCUSD_PERP,bid,58500,808.21
2024-08-13 15:48:56,BTCUSD_PERP,bid,58500,750.86
2024-08-13 15:48:57,BTCUSD_PERP,bid,58500,692.92
2024-08-13 15:48:57,BTCUSD_PERP,bid,58500,635.57
2024-08-13 15:48:57,BTCUSD_PERP,bid,58500,577.63
2024-08-13 15:48:57,BTCUSD_PERP,bid,58500,519.69
2024-08-13 15:48:57,BTCUSD_PERP,bid,58500,519.28
2024-08-13 15:48:57,BTCUSD_PERP,bid,58500,692.6
2024-08-13 15:48:57,BTCUSD_PERP,bid,58500,749.98
2024-08-13 15:48:57,BTCUSD_PERP,bid,58500,807.36
2024-08-13 15:48:57,BTCUSD_PERP,bid,58500,981.27
2024-08-13 15:48:58,BTCUSD_PERP,bid,58500,1039.24
2024-08-13 15:49:38,BTCUSD_PERP,bid,58500,981.86
2024-08-13 15:49:38,BTCUSD_PERP,bid,58500,923.89
2024-08-13 15:49:39,BTCUSD_PERP,bid,58500,865.92
2024-08-13 15:49:39,BTCUSD_PERP,bid,58500,750.07
2024-08-13 15:49:39,BTCUSD_PERP,bid,58500,692.69
2024-08-13 15:49:39,BTCUSD_PERP,bid,58500,635.31
2024-08-13 15:49:39,BTCUSD_PERP,bid,58500,577.34
2024-08-13 15:49:39,BTCUSD_PERP,bid,58500,576.96
2024-08-13 15:49:40,BTCUSD_PERP,bid,58500,980.77
2024-08-13 15:49:40,BTCUSD_PERP,bid,58500,1038.71
2024-08-13 15:50:49,BTCUSD_PERP,bid,58400,749.19
2024-08-13 15:51:03,BTCUSD_PERP,bid,58400,691.87
2024-08-13 15:51:03,BTCUSD_PERP,bid,58400,576.05
2024-08-13 15:51:03,BTCUSD_PERP,bid,58400,576.34
2024-08-13 15:51:04,BTCUSD_PERP,bid,58400,691.51
2024-08-13 15:53:43,BTCUSD_PERP,bid,58400,634.22
2024-08-13 15:53:43,BTCUSD_PERP,bid,58400,576.34
2024-08-13 15:53:44,BTCUSD_PERP,bid,58500,519.42
2024-08-13 15:53:44,BTCUSD_PERP,bid,58500,577.33
2024-08-13 15:53:44,BTCUSD_PERP,bid,58500,635.24
2024-08-13 15:53:44,BTCUSD_PERP,bid,58500,751.06
2024-08-13 15:53:45,BTCUSD_PERP,bid,58500,865.7
2024-08-13 15:53:45,BTCUSD_PERP,bid,58500,923.52
2024-08-13 15:53:45,BTCUSD_PERP,bid,58500,980.84
2024-08-13 15:55:04,BTCUSD_PERP,bid,58500,923.52
2024-08-13 15:55:04,BTCUSD_PERP,bid,58500,808.88
2024-08-13 15:55:04,BTCUSD_PERP,bid,58500,693.65
2024-08-13 15:55:05,BTCUSD_PERP,bid,58500,635.74
2024-08-13 15:55:05,BTCUSD_PERP,bid,58500,577.83
2024-08-13 15:55:05,BTCUSD_PERP,bid,58500,520.51
2024-08-13 15:55:05,BTCUSD_PERP,bid,58500,517.92
2024-08-13 15:58:25,BTCUSD_PERP,bid,58500,520.04
2024-08-13 15:58:25,BTCUSD_PERP,bid,58500,636.0
2024-08-13 15:58:25,BTCUSD_PERP,bid,58500,693.39
2024-08-13 15:58:25,BTCUSD_PERP,bid,58500,751.37
2024-08-13 15:58:26,BTCUSD_PERP,bid,58500,867.23
2024-08-13 15:58:26,BTCUSD_PERP,bid,58500,924.62
2024-08-13 15:58:26,BTCUSD_PERP,bid,58500,982.01
2024-08-13 15:58:55,BTCUSD_PERP,bid,58500,924.03
2024-08-13 15:58:55,BTCUSD_PERP,bid,58500,808.66
2024-08-13 15:58:55,BTCUSD_PERP,bid,58500,750.68
2024-08-13 15:58:55,BTCUSD_PERP,bid,58500,634.72
2024-08-13 15:58:55,BTCUSD_PERP,bid,58500,518.76
2024-08-13 15:58:57,BTCUSD_PERP,bid,58600,519.06
2024-08-13 15:58:57,BTCUSD_PERP,bid,58600,634.49
2024-08-13 15:58:57,BTCUSD_PERP,bid,58600,691.91
2024-08-13 15:58:57,BTCUSD_PERP,bid,58500,516.29
2024-08-13 16:00:36,BTCUSD_PERP,bid,58600,633.99
2024-08-13 16:00:37,BTCUSD_PERP,bid,58500,807.52
2024-08-13 16:00:37,BTCUSD_PERP,bid,58500,865.5
2024-08-13 16:01:24,BTCUSD_PERP,bid,58500,807.52
2024-08-13 16:01:24,BTCUSD_PERP,bid,58500,749.54
2024-08-13 16:01:24,BTCUSD_PERP,bid,58500,634.78
2024-08-13 16:01:25,BTCUSD_PERP,bid,58500,576.8
2024-08-13 16:01:25,BTCUSD_PERP,bid,58500,518.82
2024-08-13 16:01:25,BTCUSD_PERP,bid,58500,519.78
2024-08-13 16:03:40,BTCUSD_PERP,bid,58500,519.52
2024-08-13 16:03:41,BTCUSD_PERP,bid,58500,635.36
2024-08-13 16:03:41,BTCUSD_PERP,bid,58500,692.69
2024-08-13 16:03:41,BTCUSD_PERP,bid,58500,750.02
2024-08-13 16:03:41,BTCUSD_PERP,bid,58400,519.66
2024-08-13 16:03:41,BTCUSD_PERP,bid,58400,563.05
2024-08-13 16:03:41,BTCUSD_PERP,bid,58500,807.84
2024-08-13 16:03:41,BTCUSD_PERP,bid,58500,865.17
2024-08-13 16:03:42,BTCUSD_PERP,bid,58500,980.42
2024-08-13 16:04:20,BTCUSD_PERP,bid,58400,634.21
2024-08-13 16:04:21,BTCUSD_PERP,bid,58400,692.08
2024-08-13 16:04:29,BTCUSD_PERP,bid,58400,633.88
2024-08-13 16:04:29,BTCUSD_PERP,bid,58400,691.72
2024-08-13 16:04:49,BTCUSD_PERP,bid,58400,576.34
2024-08-13 16:04:49,BTCUSD_PERP,bid,58400,634.21
2024-08-13 16:05:32,BTCUSD_PERP,bid,58400,634.05
2024-08-13 16:05:32,BTCUSD_PERP,bid,58400,691.96
2024-08-13 16:06:39,BTCUSD_PERP,bid,58400,634.65
2024-08-13 16:06:39,BTCUSD_PERP,bid,58400,520.01
2024-08-13 16:06:41,BTCUSD_PERP,bid,58400,519.65
2024-08-13 16:06:55,BTCUSD_PERP,bid,58400,519.94
2024-08-13 16:07:10,BTCUSD_PERP,bid,58400,633.62
2024-08-13 16:07:10,BTCUSD_PERP,bid,58400,691.49
2024-08-13 16:07:39,BTCUSD_PERP,bid,58400,633.62
2024-08-13 16:07:40,BTCUSD_PERP,bid,58400,575.75
2024-08-13 16:07:40,BTCUSD_PERP,bid,58400,518.47
2024-08-13 16:07:40,BTCUSD_PERP,bid,58400,576.79
2024-08-13 16:07:40,BTCUSD_PERP,bid,58400,634.62
2024-08-13 16:10:06,BTCUSD_PERP,bid,58400,518.23
2024-08-13 16:11:21,BTCUSD_PERP,bid,58400,518.55
2024-08-13 16:28:30,BTCUSD_PERP,bid,58400,575.84
2024-08-13 16:28:42,BTCUSD_PERP,bid,58400,518.6
2024-08-13 16:28:53,BTCUSD_PERP,bid,58400,518.66
2024-08-13 16:28:53,BTCUSD_PERP,bid,58400,575.96
2024-08-13 16:28:53,BTCUSD_PERP,bid,58400,691.74
2024-08-13 16:28:53,BTCUSD_PERP,bid,58400,749.04
2024-08-13 16:29:02,BTCUSD_PERP,bid,58400,690.78
2024-08-13 16:29:03,BTCUSD_PERP,bid,58400,748.64
2024-08-13 16:29:39,BTCUSD_PERP,bid,58400,691.14
2024-08-13 16:29:39,BTCUSD_PERP,bid,58400,749.03
2024-08-13 16:30:54,BTCUSD_PERP,bid,58400,633.84
2024-08-13 16:30:54,BTCUSD_PERP,bid,58400,518.65
2024-08-13 16:35:31,BTCUSD_PERP,bid,58400,528.52
2024-08-13 16:36:03,BTCUSD_PERP,bid,58400,518.52
2024-08-13 16:42:54,BTCUSD_PERP,bid,58400,518.63
2024-08-13 16:42:54,BTCUSD_PERP,bid,58400,576.46
2024-08-13 16:43:26,BTCUSD_PERP,bid,58400,518.63
2024-08-13 16:53:05,BTCUSD_PERP,bid,58400,522.31
2024-08-13 16:53:05,BTCUSD_PERP,bid,58400,579.59
2024-08-13 16:53:06,BTCUSD_PERP,bid,58400,637.47
2024-08-13 16:53:06,BTCUSD_PERP,bid,58400,695.35
2024-08-13 16:55:05,BTCUSD_PERP,bid,58400,694.14
2024-08-13 16:55:06,BTCUSD_PERP,bid,58400,692.06
2024-08-13 16:56:28,BTCUSD_PERP,bid,58400,691.63
2024-08-13 16:56:28,BTCUSD_PERP,bid,58400,749.47
2024-08-13 16:57:31,BTCUSD_PERP,bid,58400,691.63
2024-08-13 16:57:31,BTCUSD_PERP,bid,58400,576.54
2024-08-13 16:57:32,BTCUSD_PERP,bid,58400,691.27
2024-08-13 16:57:32,BTCUSD_PERP,bid,58400,749.08
2024-08-13 16:58:55,BTCUSD_PERP,bid,58400,691.74
2024-08-13 16:58:56,BTCUSD_PERP,bid,58400,749.59
2024-08-13 16:59:03,BTCUSD_PERP,bid,58400,691.74
2024-08-13 16:59:04,BTCUSD_PERP,bid,58400,519.15
2024-08-13 17:01:04,BTCUSD_PERP,bid,58400,519.68
2024-08-13 17:01:04,BTCUSD_PERP,bid,58400,576.91
2024-08-13 17:01:04,BTCUSD_PERP,bid,58400,691.96
2024-08-13 17:01:04,BTCUSD_PERP,bid,58400,749.19
2024-08-13 17:01:04,BTCUSD_PERP,bid,58400,807.01
2024-08-13 17:01:11,BTCUSD_PERP,bid,58400,749.19
2024-08-13 17:01:23,BTCUSD_PERP,bid,58400,518.02
2024-08-13 17:01:24,BTCUSD_PERP,bid,58400,748.71
2024-08-13 17:01:36,BTCUSD_PERP,bid,58400,634.25
2024-08-13 17:01:37,BTCUSD_PERP,bid,58400,576.63
2024-08-13 17:01:37,BTCUSD_PERP,bid,58400,749.63
2024-08-13 17:01:38,BTCUSD_PERP,bid,58400,807.48
2024-08-13 17:02:34,BTCUSD_PERP,bid,58400,750.22
2024-08-13 17:02:34,BTCUSD_PERP,bid,58400,634.52
2024-08-13 17:02:34,BTCUSD_PERP,bid,58400,576.67
2024-08-13 17:02:35,BTCUSD_PERP,bid,58400,518.82
2024-08-13 17:02:35,BTCUSD_PERP,bid,58400,519.06
2024-08-13 17:02:35,BTCUSD_PERP,bid,58400,576.35
2024-08-13 17:03:15,BTCUSD_PERP,bid,58400,519.06
2024-08-13 17:03:15,BTCUSD_PERP,bid,58400,864.56
2024-08-13 17:03:15,BTCUSD_PERP,bid,58400,922.4
2024-08-13 17:03:31,BTCUSD_PERP,bid,58400,748.88
2024-08-13 17:03:31,BTCUSD_PERP,bid,58400,634.38
2024-08-13 17:03:31,BTCUSD_PERP,bid,58400,576.54
2024-08-13 17:03:31,BTCUSD_PERP,bid,58400,519.29
2024-08-13 17:03:32,BTCUSD_PERP,bid,58400,518.52
2024-08-13 17:03:32,BTCUSD_PERP,bid,58400,633.55
2024-08-13 17:03:32,BTCUSD_PERP,bid,58400,690.77
2024-08-13 17:03:32,BTCUSD_PERP,bid,58400,805.21
2024-08-13 17:03:33,BTCUSD_PERP,bid,58400,920.83
2024-08-13 17:03:33,BTCUSD_PERP,bid,58400,978.64
2024-08-13 17:03:33,BTCUSD_PERP,bid,58400,1036.36
2024-08-13 17:04:36,BTCUSD_PERP,bid,58400,979.14
2024-08-13 17:04:40,BTCUSD_PERP,bid,58400,979.12
2024-08-13 17:04:40,BTCUSD_PERP,bid,58400,1036.96
2024-08-13 17:05:22,BTCUSD_PERP,bid,58400,979.12
2024-08-13 17:05:22,BTCUSD_PERP,bid,58400,921.37
2024-08-13 17:05:22,BTCUSD_PERP,bid,58400,863.53
2024-08-13 17:05:22,BTCUSD_PERP,bid,58400,690.59
2024-08-13 17:05:23,BTCUSD_PERP,bid,58400,632.75
2024-08-13 17:05:23,BTCUSD_PERP,bid,58400,518.23
2024-08-13 17:05:34,BTCUSD_PERP,bid,58400,518.55
2024-08-13 17:06:12,BTCUSD_PERP,bid,58400,518.78
2024-08-13 17:06:24,BTCUSD_PERP,bid,58400,518.51
2024-08-13 17:11:27,BTCUSD_PERP,bid,58400,517.33
2024-08-13 17:11:27,BTCUSD_PERP,bid,58400,575.15
2024-08-13 17:11:27,BTCUSD_PERP,bid,58400,632.38
2024-08-13 17:11:27,BTCUSD_PERP,bid,58400,690.2
2024-08-13 17:11:27,BTCUSD_PERP,bid,58400,748.02
2024-08-13 17:11:27,BTCUSD_PERP,bid,58400,863.07
2024-08-13 17:11:42,BTCUSD_PERP,bid,58400,805.84
2024-08-13 17:11:42,BTCUSD_PERP,bid,58400,690.79
2024-08-13 17:11:43,BTCUSD_PERP,bid,58400,575.84
2024-08-13 17:12:49,BTCUSD_PERP,bid,58400,977.96
2024-08-13 17:12:49,BTCUSD_PERP,bid,58400,1035.77
2024-08-13 17:13:29,BTCUSD_PERP,bid,58400,977.96
2024-08-13 17:13:29,BTCUSD_PERP,bid,58400,920.15
2024-08-13 17:13:29,BTCUSD_PERP,bid,58400,746.72
2024-08-13 17:13:29,BTCUSD_PERP,bid,58400,689.5
2024-08-13 17:13:30,BTCUSD_PERP,bid,58400,574.47
2024-08-13 17:13:30,BTCUSD_PERP,bid,58400,517.25
2024-08-13 08:01:11,BTCUSD_PERP,bid,59400,528.07
2024-08-13 08:01:11,BTCUSD_PERP,bid,59400,586.29
2024-08-13 08:01:12,BTCUSD_PERP,bid,59400,645.11
2024-08-13 08:01:12,BTCUSD_PERP,bid,59400,703.33
2024-08-13 08:02:42,BTCUSD_PERP,bid,59400,586.97
2024-08-13 08:02:42,BTCUSD_PERP,bid,59400,645.78
2024-08-13 08:02:42,BTCUSD_PERP,bid,59400,704.59
2024-08-13 08:02:42,BTCUSD_PERP,bid,59400,763.4
2024-08-13 08:02:42,BTCUSD_PERP,bid,59400,821.62
2024-08-13 08:02:43,BTCUSD_PERP,bid,59400,879.84
2024-08-13 08:02:43,BTCUSD_PERP,bid,59400,938.06
2024-08-13 08:02:43,BTCUSD_PERP,bid,59400,996.28
2024-08-13 08:02:43,BTCUSD_PERP,bid,59400,1113.81
2024-08-13 08:03:06,BTCUSD_PERP,bid,59400,996.78
2024-08-13 08:03:06,BTCUSD_PERP,bid,59400,937.97
2024-08-13 08:03:06,BTCUSD_PERP,bid,59400,879.75
2024-08-13 08:03:24,BTCUSD_PERP,bid,59400,528.75
2024-08-13 08:03:25,BTCUSD_PERP,bid,59400,586.97
2024-08-13 08:03:25,BTCUSD_PERP,bid,59400,704.59
2024-08-13 08:03:25,BTCUSD_PERP,bid,59400,762.81
2024-08-13 08:03:25,BTCUSD_PERP,bid,59400,821.62
2024-08-13 08:03:25,BTCUSD_PERP,bid,59400,996.87
2024-08-13 08:03:25,BTCUSD_PERP,bid,59400,1055.09
2024-08-13 08:03:26,BTCUSD_PERP,bid,59400,1113.81
2024-08-13 08:04:11,BTCUSD_PERP,bid,59400,1112.57
2024-08-13 08:04:21,BTCUSD_PERP,bid,59400,1053.85
2024-08-13 08:04:21,BTCUSD_PERP,bid,59400,995.63
2024-08-13 08:04:22,BTCUSD_PERP,bid,59400,937.41
2024-08-13 21:15:50,BTCUSD_PERP,bid,59100,583.3
2024-08-13 21:15:52,BTCUSD_PERP,bid,59100,524.88
2024-08-13 21:15:53,BTCUSD_PERP,bid,59100,525.65
2024-08-13 21:15:54,BTCUSD_PERP,bid,59100,700.7
2024-08-13 21:16:07,BTCUSD_PERP,bid,59100,642.25
2024-08-13 21:16:08,BTCUSD_PERP,bid,59100,525.15
2024-08-13 21:16:16,BTCUSD_PERP,bid,59100,583.43
2024-08-13 21:16:30,BTCUSD_PERP,bid,59100,524.91
2024-08-13 21:16:39,BTCUSD_PERP,bid,59100,525.68
2024-08-13 21:16:43,BTCUSD_PERP,bid,59100,524.73
2024-08-13 21:17:07,BTCUSD_PERP,bid,59100,524.14
2024-08-13 08:05:15,BTCUSD_PERP,ask,60400,505.13
2024-08-13 08:05:28,BTCUSD_PERP,ask,60400,499.15
2024-08-13 08:42:57,BTCUSD_PERP,ask,60300,503.82
2024-08-13 08:42:57,BTCUSD_PERP,ask,60300,513.47
2024-08-13 08:43:25,BTCUSD_PERP,ask,60300,507.44
2024-08-13 08:59:50,BTCUSD_PERP,ask,60400,502.78
2024-08-13 08:59:50,BTCUSD_PERP,ask,60400,512.43
2024-08-13 08:59:51,BTCUSD_PERP,ask,60400,518.46
2024-08-13 08:59:53,BTCUSD_PERP,ask,60400,528.11
2024-08-13 08:59:58,BTCUSD_PERP,ask,60400,537.76
2024-08-13 09:00:00,BTCUSD_PERP,ask,60400,518.03
2024-08-13 09:00:01,BTCUSD_PERP,ask,60400,537.94
2024-08-13 09:00:02,BTCUSD_PERP,ask,60400,547.29
2024-08-13 09:00:06,BTCUSD_PERP,ask,60400,537.64
2024-08-13 09:00:40,BTCUSD_PERP,ask,60400,528.04
2024-08-13 09:00:45,BTCUSD_PERP,ask,60400,518.39
2024-08-13 09:00:46,BTCUSD_PERP,ask,60400,498.48
2024-08-13 23:39:39,BTCUSD_PERP,bid,59900,532.86
2024-08-13 23:39:39,BTCUSD_PERP,bid,59900,592.2
2024-08-13 23:39:39,BTCUSD_PERP,bid,59900,650.94
2024-08-13 23:39:40,BTCUSD_PERP,bid,59900,709.68
2024-08-13 23:39:40,BTCUSD_PERP,bid,59900,768.42
2024-08-13 23:39:40,BTCUSD_PERP,bid,59900,827.16
2024-08-13 23:39:41,BTCUSD_PERP,bid,59900,767.82
2024-08-13 23:39:41,BTCUSD_PERP,bid,59900,827.15
2024-08-13 23:39:41,BTCUSD_PERP,bid,59900,768.41
2024-08-13 23:39:41,BTCUSD_PERP,bid,59900,709.67
2024-08-13 23:39:41,BTCUSD_PERP,bid,59900,650.93
2024-08-13 23:39:42,BTCUSD_PERP,bid,59900,592.19
2024-08-13 23:39:42,BTCUSD_PERP,bid,59900,533.45
2024-08-13 23:42:58,BTCUSD_PERP,bid,60100,533.73
2024-08-13 23:42:58,BTCUSD_PERP,bid,60100,593.21
2024-08-13 23:42:58,BTCUSD_PERP,bid,60100,652.78
2024-08-13 23:42:59,BTCUSD_PERP,bid,60100,711.75
2024-08-13 23:43:02,BTCUSD_PERP,bid,60100,898.9
2024-08-13 23:43:02,BTCUSD_PERP,bid,60100,1076.82
2024-08-13 23:43:02,BTCUSD_PERP,bid,60000,530.86
2024-08-13 23:43:54,BTCUSD_PERP,bid,60100,839.39
2024-08-13 23:44:01,BTCUSD_PERP,bid,60000,532.74
2024-08-13 23:44:24,BTCUSD_PERP,bid,60100,533.15
2024-08-13 23:44:24,BTCUSD_PERP,bid,60100,651.56
2024-08-13 23:44:24,BTCUSD_PERP,bid,60100,710.97
2024-08-13 23:44:25,BTCUSD_PERP,bid,60100,829.99
2024-08-13 23:44:25,BTCUSD_PERP,bid,60100,888.89
2024-08-13 23:44:25,BTCUSD_PERP,bid,60100,948.4
2024-08-13 23:44:25,BTCUSD_PERP,bid,60000,519.08
2024-08-13 23:44:25,BTCUSD_PERP,bid,60100,1007.3
2024-08-13 23:44:25,BTCUSD_PERP,bid,60000,578.53
2024-08-13 23:44:25,BTCUSD_PERP,bid,60100,1066.81
2024-08-13 23:44:39,BTCUSD_PERP,bid,60000,519.12
2024-08-13 23:44:39,BTCUSD_PERP,bid,60100,888.99
2024-08-13 23:44:39,BTCUSD_PERP,bid,60100,829.48
2024-08-13 23:44:39,BTCUSD_PERP,bid,60100,769.97
2024-08-13 23:44:39,BTCUSD_PERP,bid,60100,711.07
2024-08-13 23:44:45,BTCUSD_PERP,bid,60100,592.66
2024-08-13 23:44:46,BTCUSD_PERP,bid,60100,533.42
2024-08-13 23:56:18,BTCUSD_PERP,bid,60600,548.18
2024-08-13 23:57:38,BTCUSD_PERP,bid,60600,597.15
2024-08-13 23:57:38,BTCUSD_PERP,bid,60600,657.18
2024-08-13 23:57:38,BTCUSD_PERP,bid,60600,716.6
2024-08-13 23:57:44,BTCUSD_PERP,bid,60600,657.18
2024-08-13 23:57:44,BTCUSD_PERP,bid,60600,536.9
2024-08-13 23:59:11,BTCUSD_PERP,bid,60600,537.05
2024-08-14 00:15:14,BTCUSD_PERP,bid,60900,540.86
2024-08-14 00:15:17,BTCUSD_PERP,bid,60900,540.24
2024-08-14 00:15:17,BTCUSD_PERP,bid,60900,660.25
2024-08-14 00:15:17,BTCUSD_PERP,bid,60900,719.95
2024-08-14 00:15:18,BTCUSD_PERP,bid,60900,780.26
2024-08-14 00:15:18,BTCUSD_PERP,bid,60900,840.57
2024-08-14 00:15:18,BTCUSD_PERP,bid,60900,1020.89
2024-08-14 00:15:18,BTCUSD_PERP,bid,60900,1080.59
2024-08-14 00:15:21,BTCUSD_PERP,bid,60900,900.27
2024-08-14 00:15:47,BTCUSD_PERP,bid,60900,541.63
2024-08-14 00:16:22,BTCUSD_PERP,bid,60900,541.31
2024-08-14 00:16:22,BTCUSD_PERP,bid,60900,601.06
2024-08-14 00:16:23,BTCUSD_PERP,bid,60900,661.42
2024-08-14 00:36:09,BTCUSD_PERP,bid,60900,542.15
2024-08-14 00:36:10,BTCUSD_PERP,bid,60900,662.17
2024-08-14 00:36:10,BTCUSD_PERP,bid,60900,781.58
2024-08-14 00:36:10,BTCUSD_PERP,bid,60900,841.9
2024-08-14 00:36:10,BTCUSD_PERP,bid,60900,902.22
2024-08-14 00:36:10,BTCUSD_PERP,bid,60900,961.92
2024-08-14 00:36:10,BTCUSD_PERP,bid,60900,1021.62
2024-08-14 00:36:11,BTCUSD_PERP,bid,60900,1081.94
2024-08-14 00:36:15,BTCUSD_PERP,bid,60900,901.6
2024-08-14 00:38:24,BTCUSD_PERP,bid,60900,540.87
2024-08-14 00:41:38,BTCUSD_PERP,bid,60900,540.51
