2024-09-05 07:30:06,ETHUSDT,bid,2450,4083.035
2024-09-05 07:30:19,ETHUSDT,bid,2450,4081.182
2024-09-05 07:31:02,ETHUSDT,bid,2450,4081.308
2024-09-05 07:31:25,ETHUSDT,bid,2450,4304.67
2024-09-05 07:31:47,ETHUSDT,bid,2450,4119.021
2024-09-05 07:31:50,ETHUSDT,bid,2450,4119.373
2024-09-05 10:45:03,ETHUSDT,ask,2410,8170.564
2024-09-05 10:45:03,ETHUSDT,ask,2410,8166.44
2024-09-05 10:45:03,ETHUSDT,ask,2410,8141.156
2024-09-05 10:45:03,ETHUSDT,ask,2410,8160.965
2024-09-05 10:45:03,ETHUSDT,ask,2410,8147.594
2024-09-05 10:45:03,ETHUSDT,ask,2410,8149.113
2024-09-05 10:45:03,ETHUSDT,ask,2410,8161.658
2024-09-05 10:45:03,ETHUSDT,ask,2410,8160.978
2024-09-05 10:45:03,ETHUSDT,ask,2410,8158.978
2024-09-05 10:45:07,ETHUSDT,ask,2410,8158.978
2024-09-05 10:45:28,ETHUSDT,ask,2410,7046.794
2024-09-05 10:45:28,ETHUSDT,ask,2410,7035.319
2024-09-05 10:45:28,ETHUSDT,ask,2410,7013.766
2024-09-05 10:45:28,ETHUSDT,ask,2410,7013.99
2024-09-05 10:45:29,ETHUSDT,ask,2410,7015.647
2024-09-05 10:45:30,ETHUSDT,ask,2410,7013.99
2024-09-05 10:45:32,ETHUSDT,ask,2410,7014.79
2024-09-05 10:45:32,ETHUSDT,ask,2410,7013.99
2024-09-05 10:46:07,ETHUSDT,ask,2410,6011.447
2024-09-05 10:46:07,ETHUSDT,ask,2410,5997.506
2024-09-05 10:46:08,ETHUSDT,ask,2410,5997.025
2024-09-05 10:46:09,ETHUSDT,ask,2410,5997.061
2024-09-05 10:46:09,ETHUSDT,ask,2410,5998.459
2024-09-05 10:46:10,ETHUSDT,ask,2410,6007.308
2024-09-05 10:46:10,ETHUSDT,ask,2410,6005.91
2024-09-05 09:33:09,ETHUSDT,bid,2400,4169.301
2024-09-05 09:35:16,ETHUSDT,bid,2390,12524.913
2024-09-05 09:35:44,ETHUSDT,bid,2390,10000.01
2024-09-05 09:35:44,ETHUSDT,bid,2390,14841.628
2024-09-05 09:44:29,ETHUSDT,bid,2400,14839.48
2024-09-05 09:44:34,ETHUSDT,bid,2400,14858.48
2024-09-05 09:44:37,ETHUSDT,bid,2400,14897.48
2024-09-05 09:44:39,ETHUSDT,bid,2400,14839.48
2024-09-05 12:19:05,ETHUSDT,bid,2400,4967.841
2024-09-05 12:19:17,ETHUSDT,bid,2400,4967.851
2024-09-05 12:19:23,ETHUSDT,bid,2400,4968.008
2024-09-05 12:19:27,ETHUSDT,bid,2400,4967.069
2024-09-05 12:19:28,ETHUSDT,bid,2400,4967.049
2024-09-05 12:19:35,ETHUSDT,bid,2400,4967.149
2024-09-05 12:19:42,ETHUSDT,bid,2400,4981.313
2024-09-05 12:19:42,ETHUSDT,bid,2400,5031.149
2024-09-05 12:19:43,ETHUSDT,bid,2400,4981.313
2024-09-05 12:19:43,ETHUSDT,bid,2400,4990.092
2024-09-05 12:19:55,ETHUSDT,bid,2400,4988.559
2024-09-05 12:19:58,ETHUSDT,bid,2400,4979.78
2024-09-05 12:20:00,ETHUSDT,bid,2400,4954.78
2024-09-05 12:20:00,ETHUSDT,bid,2400,4954.46
2024-09-05 12:20:01,ETHUSDT,bid,2400,4954.415
2024-09-05 12:20:01,ETHUSDT,bid,2400,4940.251
2024-09-05 12:20:02,ETHUSDT,bid,2400,4950.251
2024-09-05 12:20:03,ETHUSDT,bid,2400,4940.251
2024-09-05 12:20:13,ETHUSDT,bid,2400,4940.194
2024-09-05 12:20:37,ETHUSDT,bid,2400,4941.794
2024-09-05 12:20:39,ETHUSDT,bid,2400,4941.784
2024-09-05 12:20:41,ETHUSDT,bid,2400,4944.784
2024-09-05 12:20:42,ETHUSDT,bid,2400,4944.745
2024-09-05 12:20:47,ETHUSDT,bid,2400,4941.745
2024-09-05 12:20:47,ETHUSDT,bid,2400,4941.645
2024-09-05 12:21:05,ETHUSDT,bid,2400,4942.145
2024-09-05 19:41:05,ETHUSDT,bid,2380,8261.865
2024-09-05 07:09:08,ETHUSDT,bid,2370,4364.689
2024-09-05 07:09:37,ETHUSDT,bid,2370,4364.781
2024-09-05 07:18:07,ETHUSDT,bid,2370,4364.571
2024-09-05 07:22:35,ETHUSDT,bid,2370,4364.58
2024-09-05 07:22:54,ETHUSDT,bid,2370,4366.9
2024-09-05 07:23:54,ETHUSDT,bid,2370,4366.915
2024-09-05 07:26:53,ETHUSDT,bid,2370,4366.906
2024-09-05 07:40:11,ETHUSDT,bid,2370,4365.634
2024-09-05 07:41:09,ETHUSDT,bid,2370,4365.722
2024-09-05 07:42:54,ETHUSDT,bid,2370,4368.83
2024-09-05 07:46:05,ETHUSDT,bid,2370,4368.871
2024-09-05 07:56:07,ETHUSDT,bid,2370,4366.652
2024-09-05 08:00:06,ETHUSDT,bid,2370,4367.916
2024-09-05 08:01:21,ETHUSDT,bid,2370,4367.917
2024-09-05 08:01:23,ETHUSDT,bid,2370,4365.597
2024-09-05 08:01:48,ETHUSDT,bid,2370,4364.333
2024-09-05 08:02:04,ETHUSDT,bid,2370,4364.543
2024-09-05 08:05:11,ETHUSDT,bid,2370,4364.542
2024-09-05 08:07:11,ETHUSDT,bid,2370,4364.563
2024-09-05 08:19:36,ETHUSDT,bid,2370,4364.914
2024-09-05 08:26:05,ETHUSDT,bid,2370,4364.953
2024-09-05 08:28:47,ETHUSDT,bid,2370,4365.015
2024-09-05 08:30:41,ETHUSDT,bid,2370,4364.927
2024-09-05 08:51:32,ETHUSDT,bid,2370,4364.721
2024-09-05 09:02:17,ETHUSDT,bid,2370,4364.691
2024-09-05 09:07:30,ETHUSDT,bid,2370,4365.197
2024-09-05 09:10:37,ETHUSDT,bid,2370,4365.412
2024-09-05 09:11:50,ETHUSDT,bid,2370,4368.412
2024-09-05 09:12:46,ETHUSDT,bid,2370,4368.371
2024-09-05 09:13:01,ETHUSDT,bid,2370,4368.949
2024-09-05 09:17:55,ETHUSDT,bid,2370,4370.542
2024-09-05 09:29:40,ETHUSDT,bid,2370,4370.642
2024-09-05 09:30:04,ETHUSDT,bid,2370,4370.558
2024-09-05 09:30:36,ETHUSDT,bid,2370,4370.576
2024-09-05 09:31:25,ETHUSDT,bid,2370,4370.533
2024-09-05 09:39:23,ETHUSDT,bid,2370,4370.548
2024-09-05 09:48:16,ETHUSDT,bid,2370,4370.536
2024-09-05 10:01:08,ETHUSDT,bid,2370,4370.569
2024-09-05 10:01:08,ETHUSDT,bid,2370,4370.536
2024-09-05 10:01:08,ETHUSDT,bid,2370,4370.569
2024-09-05 10:01:08,ETHUSDT,bid,2370,4370.536
2024-09-05 10:02:33,ETHUSDT,bid,2370,4372.681
2024-09-05 10:03:11,ETHUSDT,bid,2370,4372.714
2024-09-05 10:03:11,ETHUSDT,bid,2370,4372.681
2024-09-05 10:05:02,ETHUSDT,bid,2370,4371.681
2024-09-05 10:07:43,ETHUSDT,bid,2370,4371.691
2024-09-05 10:09:03,ETHUSDT,bid,2370,4372.691
2024-09-05 10:09:05,ETHUSDT,bid,2370,4377.102
2024-09-05 10:09:46,ETHUSDT,bid,2370,4377.945
2024-09-05 10:09:57,ETHUSDT,bid,2370,4377.93
2024-09-05 10:09:59,ETHUSDT,bid,2370,4377.83
2024-09-05 10:10:45,ETHUSDT,bid,2370,4427.83
2024-09-05 10:10:56,ETHUSDT,bid,2370,4428.83
2024-09-05 10:11:07,ETHUSDT,bid,2370,4428.815
2024-09-05 10:11:17,ETHUSDT,bid,2370,4428.753
2024-09-05 10:11:34,ETHUSDT,bid,2370,4428.7
2024-09-05 10:11:47,ETHUSDT,bid,2370,4429.058
2024-09-05 10:11:59,ETHUSDT,bid,2370,4434.533
2024-09-05 10:12:21,ETHUSDT,bid,2370,4434.803
2024-09-05 10:13:00,ETHUSDT,bid,2370,4434.445
2024-09-05 10:13:16,ETHUSDT,bid,2370,4434.508
2024-09-05 10:14:31,ETHUSDT,bid,2370,4436.617
2024-09-05 10:15:03,ETHUSDT,bid,2370,4437.239
2024-09-05 10:15:03,ETHUSDT,bid,2370,4387.239
2024-09-05 10:16:38,ETHUSDT,bid,2370,4387.039
2024-09-05 10:18:55,ETHUSDT,bid,2370,4381.564
2024-09-05 10:19:12,ETHUSDT,bid,2370,4381.69
2024-09-05 10:21:59,ETHUSDT,bid,2370,4381.9
2024-09-05 10:22:45,ETHUSDT,bid,2370,4383.9
2024-09-05 10:22:48,ETHUSDT,bid,2370,4384.039
2024-09-05 10:23:30,ETHUSDT,bid,2370,4383.417
2024-09-05 10:23:37,ETHUSDT,bid,2370,4383.472
2024-09-05 10:24:10,ETHUSDT,bid,2370,4383.572
2024-09-05 10:25:13,ETHUSDT,bid,2370,4383.854
2024-09-05 10:26:36,ETHUSDT,bid,2370,4383.919
2024-09-05 10:29:29,ETHUSDT,bid,2370,4384.762
2024-09-05 10:32:24,ETHUSDT,bid,2370,4384.789
2024-09-05 10:33:13,ETHUSDT,bid,2370,4384.809
2024-09-05 10:33:19,ETHUSDT,bid,2370,4384.77
2024-09-05 10:33:20,ETHUSDT,bid,2370,4385.82
2024-09-05 10:33:47,ETHUSDT,bid,2370,4411.106
2024-09-05 10:34:09,ETHUSDT,bid,2370,4416.456
2024-09-05 10:35:02,ETHUSDT,bid,2370,4416.381
2024-09-05 10:35:26,ETHUSDT,bid,2370,4416.316
2024-09-05 10:36:17,ETHUSDT,bid,2370,4416.338
2024-09-05 10:36:58,ETHUSDT,bid,2370,4416.533
2024-09-05 10:37:03,ETHUSDT,bid,2370,4416.338
2024-09-05 10:37:34,ETHUSDT,bid,2370,4445.356
2024-09-05 10:37:39,ETHUSDT,bid,2370,4444.606
2024-09-05 10:38:00,ETHUSDT,bid,2370,4390.302
2024-09-05 10:39:14,ETHUSDT,bid,2370,4390.502
2024-09-05 10:40:38,ETHUSDT,bid,2370,4389.502
2024-09-05 10:40:39,ETHUSDT,bid,2370,4389.646
2024-09-05 10:43:40,ETHUSDT,bid,2370,4394.646
2024-09-05 10:44:15,ETHUSDT,bid,2370,4394.828
2024-09-05 10:44:22,ETHUSDT,bid,2370,4391.447
2024-09-05 10:44:27,ETHUSDT,bid,2370,4391.306
2024-09-05 10:44:30,ETHUSDT,bid,2370,4391.512
2024-09-05 10:44:42,ETHUSDT,bid,2370,4391.431
2024-09-05 10:44:51,ETHUSDT,bid,2370,4391.421
2024-09-05 10:44:55,ETHUSDT,bid,2370,4391.521
2024-09-05 10:45:17,ETHUSDT,bid,2370,4391.741
2024-09-05 10:45:21,ETHUSDT,bid,2370,4391.521
2024-09-05 10:46:18,ETHUSDT,bid,2370,4391.577
2024-09-05 10:46:21,ETHUSDT,bid,2370,4392.42
2024-09-05 10:46:27,ETHUSDT,bid,2370,4392.929
2024-09-05 10:46:53,ETHUSDT,bid,2370,4399.258
2024-09-05 10:46:55,ETHUSDT,bid,2370,4399.327
2024-09-05 10:47:22,ETHUSDT,bid,2370,4398.818
2024-09-05 10:47:59,ETHUSDT,bid,2370,4395.71
2024-09-05 10:48:19,ETHUSDT,bid,2370,4402.039
2024-09-05 10:48:28,ETHUSDT,bid,2370,4395.71
2024-09-05 10:48:33,ETHUSDT,bid,2370,4396.136
2024-09-05 10:49:28,ETHUSDT,bid,2370,4396.146
2024-09-05 10:49:35,ETHUSDT,bid,2370,4395.94
2024-09-05 10:49:49,ETHUSDT,bid,2370,4397.725
2024-09-05 10:49:54,ETHUSDT,bid,2370,4397.777
2024-09-05 10:50:45,ETHUSDT,bid,2370,4398.777
2024-09-05 10:51:04,ETHUSDT,bid,2370,4399.198
2024-09-05 10:51:04,ETHUSDT,bid,2370,4399.619
2024-09-05 10:52:13,ETHUSDT,bid,2370,4395.208
2024-09-05 10:52:34,ETHUSDT,bid,2370,4394.787
2024-09-05 10:53:40,ETHUSDT,bid,2370,4395.787
2024-09-05 10:53:50,ETHUSDT,bid,2370,4395.987
2024-09-05 10:54:04,ETHUSDT,bid,2370,4395.566
2024-09-05 10:54:29,ETHUSDT,bid,2370,4395.613
2024-09-05 10:54:36,ETHUSDT,bid,2370,4395.566
2024-09-05 10:54:38,ETHUSDT,bid,2370,4396.566
2024-09-05 10:55:31,ETHUSDT,bid,2370,4399.477
2024-09-05 10:56:43,ETHUSDT,bid,2370,4399.506
2024-09-05 10:56:45,ETHUSDT,bid,2370,4399.634
2024-09-05 10:56:56,ETHUSDT,bid,2370,4399.364
2024-09-05 10:57:05,ETHUSDT,bid,2370,4399.464
2024-09-05 10:57:20,ETHUSDT,bid,2370,4401.931
2024-09-05 10:58:03,ETHUSDT,bid,2370,4404.533
2024-09-05 10:59:16,ETHUSDT,bid,2370,4404.597
2024-09-05 10:59:18,ETHUSDT,bid,2370,4406.597
2024-09-05 10:59:44,ETHUSDT,bid,2370,4406.623
2024-09-05 11:00:28,ETHUSDT,bid,2370,4408.278
2024-09-05 11:00:30,ETHUSDT,bid,2370,4408.287
2024-09-05 11:00:52,ETHUSDT,bid,2370,4408.814
2024-09-05 11:01:05,ETHUSDT,bid,2370,4408.929
2024-09-05 11:01:37,ETHUSDT,bid,2370,4408.814
2024-09-05 11:02:24,ETHUSDT,bid,2370,4408.934
2024-09-05 11:02:41,ETHUSDT,bid,2370,4404.715
2024-09-05 11:02:58,ETHUSDT,bid,2370,4406.489
2024-09-05 11:03:15,ETHUSDT,bid,2370,4401.489
2024-09-05 11:03:42,ETHUSDT,bid,2370,4401.462
2024-09-05 11:03:55,ETHUSDT,bid,2370,4401.471
2024-09-05 11:04:24,ETHUSDT,bid,2370,4404.471
2024-09-05 11:05:04,ETHUSDT,bid,2370,4402.471
2024-09-05 11:05:06,ETHUSDT,bid,2370,4402.271
2024-09-05 11:05:15,ETHUSDT,bid,2370,4402.571
2024-09-05 11:05:17,ETHUSDT,bid,2370,4402.516
2024-09-05 11:05:25,ETHUSDT,bid,2370,4403.016
2024-09-05 11:06:02,ETHUSDT,bid,2370,4409.134
2024-09-05 11:06:38,ETHUSDT,bid,2370,4410.188
2024-09-05 11:06:48,ETHUSDT,bid,2370,4404.07
2024-09-05 11:07:07,ETHUSDT,bid,2370,4403.97
2024-09-05 11:07:23,ETHUSDT,bid,2370,4403.989
2024-09-05 11:07:32,ETHUSDT,bid,2370,4403.948
2024-09-05 11:07:35,ETHUSDT,bid,2370,4402.293
2024-09-05 11:07:49,ETHUSDT,bid,2370,4402.377
2024-09-05 11:07:52,ETHUSDT,bid,2370,4400.377
2024-09-05 11:08:09,ETHUSDT,bid,2370,4404.596
2024-09-05 11:08:41,ETHUSDT,bid,2370,4404.496
2024-09-05 11:11:49,ETHUSDT,bid,2370,4408.381
2024-09-05 11:12:46,ETHUSDT,bid,2370,4408.803
2024-09-05 11:13:19,ETHUSDT,bid,2370,4363.803
2024-09-05 11:13:46,ETHUSDT,bid,2370,4364.803
2024-09-05 11:16:00,ETHUSDT,bid,2370,4359.453
2024-09-05 11:17:00,ETHUSDT,bid,2370,4359.489
2024-09-05 11:18:39,ETHUSDT,bid,2370,4425.489
2024-09-05 11:19:04,ETHUSDT,bid,2370,4359.489
2024-09-05 11:19:07,ETHUSDT,bid,2370,4380.574
2024-09-05 11:20:01,ETHUSDT,bid,2370,4377.972
2024-09-05 11:20:02,ETHUSDT,bid,2370,4356.887
2024-09-05 11:20:45,ETHUSDT,bid,2370,4356.868
2024-09-05 11:21:33,ETHUSDT,bid,2370,4365.306
2024-09-05 11:21:59,ETHUSDT,bid,2370,4377.306
2024-09-05 11:22:05,ETHUSDT,bid,2370,4377.326
2024-09-05 11:22:52,ETHUSDT,bid,2370,4377.348
2024-09-05 11:23:36,ETHUSDT,bid,2370,4377.448
2024-09-05 11:26:25,ETHUSDT,bid,2370,4377.248
2024-09-05 11:28:43,ETHUSDT,bid,2370,4377.274
2024-09-05 11:31:12,ETHUSDT,bid,2370,4377.283
2024-09-05 11:32:19,ETHUSDT,bid,2370,4377.325
2024-09-05 11:33:45,ETHUSDT,bid,2370,4427.325
2024-09-05 11:35:36,ETHUSDT,bid,2370,4427.504
2024-09-05 11:36:42,ETHUSDT,bid,2370,4425.504
2024-09-05 11:37:55,ETHUSDT,bid,2370,4425.531
2024-09-05 11:38:25,ETHUSDT,bid,2370,4425.568
2024-09-05 11:39:13,ETHUSDT,bid,2370,4425.577
2024-09-05 11:40:15,ETHUSDT,bid,2370,4426.184
2024-09-05 11:40:17,ETHUSDT,bid,2370,4426.284
2024-09-05 11:42:26,ETHUSDT,bid,2370,4429.614
2024-09-05 11:44:34,ETHUSDT,bid,2370,4439.614
2024-09-05 11:45:16,ETHUSDT,bid,2370,4439.605
2024-09-05 11:45:59,ETHUSDT,bid,2370,4439.583
2024-09-05 11:46:25,ETHUSDT,bid,2370,4439.625
2024-09-05 11:46:38,ETHUSDT,bid,2370,4439.634
2024-09-05 11:47:09,ETHUSDT,bid,2370,4453.419
2024-09-05 11:47:09,ETHUSDT,bid,2370,4467.204
2024-09-05 11:47:19,ETHUSDT,bid,2370,4481.251
2024-09-05 11:48:50,ETHUSDT,bid,2370,4481.295
2024-09-05 11:48:59,ETHUSDT,bid,2370,4481.116
2024-09-05 11:50:34,ETHUSDT,bid,2370,4481.389
2024-09-05 11:57:38,ETHUSDT,bid,2370,4481.32
2024-09-05 11:59:00,ETHUSDT,bid,2370,4453.75
2024-09-05 11:59:14,ETHUSDT,bid,2370,4453.785
2024-09-05 12:03:08,ETHUSDT,bid,2370,4454.628
2024-09-05 12:04:44,ETHUSDT,bid,2370,4454.555
2024-09-05 12:04:57,ETHUSDT,bid,2370,4454.665
2024-09-05 12:06:45,ETHUSDT,bid,2370,4441.618
2024-09-05 12:07:45,ETHUSDT,bid,2370,4441.345
2024-09-05 12:08:24,ETHUSDT,bid,2370,4441.235
2024-09-05 12:08:31,ETHUSDT,bid,2370,4441.279
2024-09-05 12:09:21,ETHUSDT,bid,2370,4441.291
2024-09-05 12:09:45,ETHUSDT,bid,2370,4441.163
2024-09-05 12:09:54,ETHUSDT,bid,2370,4441.463
2024-09-05 12:10:00,ETHUSDT,bid,2370,4441.763
2024-09-05 12:10:05,ETHUSDT,bid,2370,4441.463
2024-09-05 12:10:06,ETHUSDT,bid,2370,4441.716
2024-09-05 12:10:42,ETHUSDT,bid,2370,4429.716
2024-09-05 12:10:53,ETHUSDT,bid,2370,4430.949
2024-09-05 12:11:10,ETHUSDT,bid,2370,4428.804
2024-09-05 12:11:31,ETHUSDT,bid,2370,4428.964
2024-09-05 12:11:34,ETHUSDT,bid,2370,4429.27
2024-09-05 12:11:38,ETHUSDT,bid,2370,4429.258
2024-09-05 12:11:38,ETHUSDT,bid,2370,4429.408
2024-09-05 12:11:41,ETHUSDT,bid,2370,4428.175
2024-09-05 12:11:44,ETHUSDT,bid,2370,4430.398
2024-09-05 12:12:23,ETHUSDT,bid,2370,4429.133
2024-09-05 12:12:57,ETHUSDT,bid,2370,4429.089
2024-09-05 12:13:41,ETHUSDT,bid,2370,4429.11
2024-09-05 12:14:18,ETHUSDT,bid,2370,4428.8
2024-09-05 12:18:53,ETHUSDT,bid,2370,4429.3
2024-09-05 12:19:30,ETHUSDT,bid,2370,4479.3
2024-09-05 12:23:08,ETHUSDT,bid,2370,4479.472
2024-09-05 12:24:08,ETHUSDT,bid,2370,4479.482
2024-09-05 12:28:18,ETHUSDT,bid,2370,4479.503
2024-09-05 12:28:20,ETHUSDT,bid,2370,4479.403
2024-09-05 12:28:28,ETHUSDT,bid,2370,4479.259
2024-09-05 12:31:19,ETHUSDT,bid,2370,4479.095
2024-09-05 12:31:59,ETHUSDT,bid,2370,4510.695
2024-09-05 12:31:59,ETHUSDT,bid,2370,4531.761
2024-09-05 12:32:01,ETHUSDT,bid,2370,4542.296
2024-09-05 12:33:35,ETHUSDT,bid,2370,4541.296
2024-09-05 12:34:41,ETHUSDT,bid,2370,4544.296
2024-09-05 12:36:59,ETHUSDT,bid,2370,4512.696
2024-09-05 12:37:00,ETHUSDT,bid,2370,4491.63
2024-09-05 12:37:01,ETHUSDT,bid,2370,4481.095
2024-09-05 12:37:11,ETHUSDT,bid,2370,4481.071
2024-09-05 12:37:16,ETHUSDT,bid,2370,4481.055
2024-09-05 12:39:05,ETHUSDT,bid,2370,4480.426
2024-09-05 12:41:21,ETHUSDT,bid,2370,4481.426
2024-09-05 12:45:23,ETHUSDT,bid,2370,4481.568
2024-09-05 12:45:52,ETHUSDT,bid,2370,4483.131
2024-09-05 12:47:27,ETHUSDT,bid,2370,4483.726
2024-09-05 12:47:45,ETHUSDT,bid,2370,4483.131
2024-09-05 12:48:22,ETHUSDT,bid,2370,4527.005
2024-09-05 12:50:47,ETHUSDT,bid,2370,4528.038
2024-09-05 12:50:49,ETHUSDT,bid,2370,4529.071
2024-09-05 12:51:08,ETHUSDT,bid,2370,4528.038
2024-09-05 12:51:08,ETHUSDT,bid,2370,4527.005
2024-09-05 12:52:16,ETHUSDT,bid,2370,4527.026
2024-09-05 12:53:06,ETHUSDT,bid,2370,4527.574
2024-09-05 12:53:08,ETHUSDT,bid,2370,4528.122
2024-09-05 12:53:26,ETHUSDT,bid,2370,4528.172
2024-09-05 12:55:31,ETHUSDT,bid,2370,4527.78
2024-09-05 12:56:28,ETHUSDT,bid,2370,4528.834
2024-09-05 12:57:41,ETHUSDT,bid,2370,4529.361
2024-09-05 12:57:43,ETHUSDT,bid,2370,4529.453
2024-09-05 12:58:06,ETHUSDT,bid,2370,4528.905
2024-09-05 12:58:09,ETHUSDT,bid,2370,4528.357
2024-09-05 12:59:09,ETHUSDT,bid,2370,4532.571
2024-09-05 12:59:42,ETHUSDT,bid,2370,4532.852
2024-09-05 13:00:10,ETHUSDT,bid,2370,4528.638
2024-09-05 13:00:58,ETHUSDT,bid,2370,4529.638
2024-09-05 13:01:29,ETHUSDT,bid,2370,4529.111
2024-09-05 13:07:03,ETHUSDT,bid,2370,4529.113
2024-09-05 13:11:18,ETHUSDT,bid,2370,4529.123
2024-09-05 13:11:23,ETHUSDT,bid,2370,4530.156
2024-09-05 13:11:28,ETHUSDT,bid,2370,4531.189
2024-09-05 13:11:33,ETHUSDT,bid,2370,4530.156
2024-09-05 13:11:43,ETHUSDT,bid,2370,4529.123
2024-09-05 13:13:13,ETHUSDT,bid,2370,4529.113
2024-09-05 13:13:35,ETHUSDT,bid,2370,4529.092
2024-09-05 13:13:37,ETHUSDT,bid,2370,4529.818
2024-09-05 13:14:12,ETHUSDT,bid,2370,4529.24
2024-09-05 13:15:40,ETHUSDT,bid,2370,4529.22
2024-09-05 13:15:45,ETHUSDT,bid,2370,4529.198
2024-09-05 13:16:31,ETHUSDT,bid,2370,4529.338
2024-09-05 13:16:53,ETHUSDT,bid,2370,4529.348
2024-09-05 13:17:04,ETHUSDT,bid,2370,4531.546
2024-09-05 13:17:13,ETHUSDT,bid,2370,4556.208
2024-09-05 13:17:23,ETHUSDT,bid,2370,4531.546
2024-09-05 13:17:39,ETHUSDT,bid,2370,4531.567
2024-09-05 13:17:46,ETHUSDT,bid,2370,4531.598
2024-09-05 13:19:26,ETHUSDT,bid,2370,4533.992
2024-09-05 13:19:45,ETHUSDT,bid,2370,4533.852
2024-09-05 13:21:50,ETHUSDT,bid,2370,4533.87
2024-09-05 13:22:36,ETHUSDT,bid,2370,4535.979
2024-09-05 13:22:58,ETHUSDT,bid,2370,4535.988
2024-09-05 13:23:30,ETHUSDT,bid,2370,4538.774
2024-09-05 13:23:56,ETHUSDT,bid,2370,4538.801
2024-09-05 13:24:00,ETHUSDT,bid,2370,4549.349
2024-09-05 13:24:03,ETHUSDT,bid,2370,4549.299
2024-09-05 13:24:06,ETHUSDT,bid,2370,4549.383
2024-09-05 13:24:08,ETHUSDT,bid,2370,4551.383
2024-09-05 13:24:09,ETHUSDT,bid,2370,4549.383
2024-09-05 13:24:10,ETHUSDT,bid,2370,4551.383
2024-09-05 13:24:11,ETHUSDT,bid,2370,4549.383
2024-09-05 13:24:12,ETHUSDT,bid,2370,4549.438
2024-09-05 13:24:13,ETHUSDT,bid,2370,4546.108
2024-09-05 13:24:13,ETHUSDT,bid,2370,4548.108
2024-09-05 13:24:15,ETHUSDT,bid,2370,4546.108
2024-09-05 13:24:16,ETHUSDT,bid,2370,4545.108
2024-09-05 13:24:16,ETHUSDT,bid,2370,4544.382
2024-09-05 13:24:20,ETHUSDT,bid,2370,4542.273
2024-09-05 13:24:29,ETHUSDT,bid,2370,4542.571
2024-09-05 13:24:30,ETHUSDT,bid,2370,4542.534
2024-09-05 13:24:31,ETHUSDT,bid,2370,4542.392
2024-09-05 13:24:36,ETHUSDT,bid,2370,4543.392
2024-09-05 13:24:39,ETHUSDT,bid,2370,4543.892
2024-09-05 13:24:39,ETHUSDT,bid,2370,4548.102
2024-09-05 13:24:40,ETHUSDT,bid,2370,4547.892
2024-09-05 13:24:43,ETHUSDT,bid,2370,4547.934
2024-09-05 13:24:44,ETHUSDT,bid,2370,4548.355
2024-09-05 13:24:45,ETHUSDT,bid,2370,4548.442
2024-09-05 13:24:45,ETHUSDT,bid,2370,4549.075
2024-09-05 13:24:46,ETHUSDT,bid,2370,4549.201
2024-09-05 13:24:47,ETHUSDT,bid,2370,4549.114
2024-09-05 13:24:47,ETHUSDT,bid,2370,4550.652
2024-09-05 13:24:48,ETHUSDT,bid,2370,4550.862
2024-09-05 13:24:48,ETHUSDT,bid,2370,4681.394
2024-09-05 13:24:48,ETHUSDT,bid,2370,4547.862
2024-09-05 13:24:49,ETHUSDT,bid,2370,4546.324
2024-09-05 13:24:51,ETHUSDT,bid,2370,4546.745
2024-09-05 13:24:52,ETHUSDT,bid,2370,4546.743
2024-09-05 13:24:53,ETHUSDT,bid,2370,4548.331
2024-09-05 13:24:53,ETHUSDT,bid,2370,4564.776
2024-09-05 13:24:54,ETHUSDT,bid,2370,4563.319
2024-09-05 13:24:54,ETHUSDT,bid,2370,4563.419
2024-09-05 13:24:54,ETHUSDT,bid,2370,4563.428
2024-09-05 13:24:54,ETHUSDT,bid,2370,4563.419
2024-09-05 13:24:54,ETHUSDT,bid,2370,4564.929
2024-09-05 13:24:56,ETHUSDT,bid,2370,4581.57
2024-09-05 13:24:57,ETHUSDT,bid,2370,4564.296
2024-09-05 13:24:58,ETHUSDT,bid,2370,4565.902
2024-09-05 13:24:58,ETHUSDT,bid,2370,4567.772
2024-09-05 13:24:59,ETHUSDT,bid,2370,4553.199
2024-09-05 13:24:59,ETHUSDT,bid,2370,4675.099
2024-09-05 13:25:00,ETHUSDT,bid,2370,4671.357
2024-09-05 13:25:00,ETHUSDT,bid,2370,4667.357
2024-09-05 13:25:01,ETHUSDT,bid,2370,4667.527
2024-09-05 13:25:01,ETHUSDT,bid,2370,4667.106
2024-09-05 13:25:01,ETHUSDT,bid,2370,4665.596
2024-09-05 13:25:02,ETHUSDT,bid,2370,4663.99
2024-09-05 13:25:04,ETHUSDT,bid,2370,4663.996
2024-09-05 13:25:04,ETHUSDT,bid,2370,4665.496
2024-09-05 13:25:05,ETHUSDT,bid,2370,4665.656
2024-09-05 13:25:08,ETHUSDT,bid,2370,4665.614
2024-09-05 13:25:09,ETHUSDT,bid,2370,4665.65
2024-09-05 13:25:10,ETHUSDT,bid,2370,4665.614
2024-09-05 13:25:11,ETHUSDT,bid,2370,4666.752
2024-09-05 13:25:14,ETHUSDT,bid,2370,4666.794
2024-09-05 13:25:16,ETHUSDT,bid,2370,4666.624
2024-09-05 13:25:17,ETHUSDT,bid,2370,4666.582
2024-09-05 13:25:17,ETHUSDT,bid,2370,4668.582
2024-09-05 13:25:18,ETHUSDT,bid,2370,4668.591
2024-09-05 13:25:20,ETHUSDT,bid,2370,4668.431
2024-09-05 13:25:22,ETHUSDT,bid,2370,4669.431
2024-09-05 13:25:22,ETHUSDT,bid,2370,4669.421
2024-09-05 13:25:24,ETHUSDT,bid,2370,4677.524
2024-09-05 13:25:27,ETHUSDT,bid,2370,4678.509
2024-09-05 13:25:27,ETHUSDT,bid,2370,4677.009
2024-09-05 13:25:28,ETHUSDT,bid,2370,4677.093
2024-09-05 13:25:29,ETHUSDT,bid,2370,4676.962
2024-09-05 13:25:32,ETHUSDT,bid,2370,4626.962
2024-09-05 13:25:34,ETHUSDT,bid,2370,4626.992
2024-09-05 13:25:36,ETHUSDT,bid,2370,4636.992
2024-09-05 13:25:42,ETHUSDT,bid,2370,4634.598
2024-09-05 13:25:48,ETHUSDT,bid,2370,4636.878
2024-09-05 13:25:49,ETHUSDT,bid,2370,4637.009
2024-09-05 13:25:54,ETHUSDT,bid,2370,4636.909
2024-09-05 13:25:59,ETHUSDT,bid,2370,4636.609
2024-09-05 13:26:06,ETHUSDT,bid,2370,4636.579
2024-09-05 13:26:08,ETHUSDT,bid,2370,4637.716
2024-09-05 13:26:08,ETHUSDT,bid,2370,4639.861
2024-09-05 13:26:08,ETHUSDT,bid,2370,4639.93
2024-09-05 13:26:12,ETHUSDT,bid,2370,4631.827
2024-09-05 13:26:13,ETHUSDT,bid,2370,4637.695
2024-09-05 13:26:14,ETHUSDT,bid,2370,4636.695
2024-09-05 13:26:15,ETHUSDT,bid,2370,4634.55
2024-09-05 13:26:21,ETHUSDT,bid,2370,4627.799
2024-09-05 13:26:23,ETHUSDT,bid,2370,4628.22
2024-09-05 13:26:32,ETHUSDT,bid,2370,4615.563
2024-09-05 13:26:35,ETHUSDT,bid,2370,4616.627
2024-09-05 13:26:43,ETHUSDT,bid,2370,4616.127
2024-09-05 13:26:46,ETHUSDT,bid,2370,4616.556
2024-09-05 13:26:57,ETHUSDT,bid,2370,4614.771
2024-09-05 13:27:02,ETHUSDT,bid,2370,4614.815
2024-09-05 13:27:04,ETHUSDT,bid,2370,4615.658
2024-09-05 13:27:10,ETHUSDT,bid,2370,4616.658
2024-09-05 13:27:11,ETHUSDT,bid,2370,4616.338
2024-09-05 13:27:15,ETHUSDT,bid,2370,4616.156
2024-09-05 13:27:17,ETHUSDT,bid,2370,4613.37
2024-09-05 13:27:21,ETHUSDT,bid,2370,4614.213
2024-09-05 13:27:25,ETHUSDT,bid,2370,4614.845
2024-09-05 13:27:25,ETHUSDT,bid,2370,4614.931
2024-09-05 13:27:30,ETHUSDT,bid,2370,4615.231
2024-09-05 13:27:31,ETHUSDT,bid,2370,4565.231
2024-09-05 13:27:34,ETHUSDT,bid,2370,4595.231
2024-09-05 13:27:41,ETHUSDT,bid,2370,4595.268
2024-09-05 13:27:47,ETHUSDT,bid,2370,4595.318
2024-09-05 13:27:50,ETHUSDT,bid,2370,4595.309
2024-09-05 13:27:57,ETHUSDT,bid,2370,4596.309
2024-09-05 13:28:04,ETHUSDT,bid,2370,4596.73
2024-09-05 13:28:12,ETHUSDT,bid,2370,4596.309
2024-09-05 13:28:18,ETHUSDT,bid,2370,4596.178
2024-09-05 13:28:19,ETHUSDT,bid,2370,4596.078
2024-09-05 13:28:25,ETHUSDT,bid,2370,4596.014
2024-09-05 13:28:26,ETHUSDT,bid,2370,4596.075
2024-09-05 13:28:32,ETHUSDT,bid,2370,4594.938
2024-09-05 13:28:39,ETHUSDT,bid,2370,4551.064
2024-09-05 13:28:43,ETHUSDT,bid,2370,4548.784
2024-09-05 13:28:49,ETHUSDT,bid,2370,4548.734
2024-09-05 13:29:15,ETHUSDT,bid,2370,4548.759
2024-09-05 13:29:15,ETHUSDT,bid,2370,4549.759
2024-09-05 13:29:36,ETHUSDT,bid,2370,4550.185
2024-09-05 13:29:47,ETHUSDT,bid,2370,4550.194
2024-09-05 13:29:50,ETHUSDT,bid,2370,4550.615
2024-09-05 13:30:09,ETHUSDT,bid,2370,4550.755
2024-09-05 13:30:10,ETHUSDT,bid,2370,4520.755
2024-09-05 13:30:12,ETHUSDT,bid,2370,4519.162
2024-09-05 13:30:14,ETHUSDT,bid,2370,4525.204
2024-09-05 13:30:20,ETHUSDT,bid,2370,4526.204
2024-09-05 13:30:22,ETHUSDT,bid,2370,4525.361
2024-09-05 13:30:24,ETHUSDT,bid,2370,4525.376
2024-09-05 13:30:24,ETHUSDT,bid,2370,4526.43
2024-09-05 13:30:46,ETHUSDT,bid,2370,4526.369
2024-09-05 13:31:03,ETHUSDT,bid,2370,4526.319
2024-09-05 13:31:08,ETHUSDT,bid,2370,4526.339
2024-09-05 13:31:11,ETHUSDT,bid,2370,4526.539
2024-09-05 13:31:12,ETHUSDT,bid,2370,4525.539
2024-09-05 13:31:12,ETHUSDT,bid,2370,4515.539
2024-09-05 13:31:16,ETHUSDT,bid,2370,4515.579
2024-09-05 13:31:26,ETHUSDT,bid,2370,4515.909
2024-09-05 13:31:33,ETHUSDT,bid,2370,4555.909
2024-09-05 13:32:19,ETHUSDT,bid,2370,4555.48
2024-09-05 13:32:21,ETHUSDT,bid,2370,4554.48
2024-09-05 13:32:27,ETHUSDT,bid,2370,4569.48
2024-09-05 13:32:37,ETHUSDT,bid,2370,4569.682
2024-09-05 13:32:43,ETHUSDT,bid,2370,4569.782
2024-09-05 13:33:03,ETHUSDT,bid,2370,4569.829
2024-09-05 13:33:06,ETHUSDT,bid,2370,4569.809
2024-09-05 13:33:11,ETHUSDT,bid,2370,4569.177
2024-09-05 13:33:19,ETHUSDT,bid,2370,4569.189
2024-09-05 13:33:40,ETHUSDT,bid,2370,4568.189
2024-09-05 13:33:43,ETHUSDT,bid,2370,4568.198
2024-09-05 13:33:46,ETHUSDT,bid,2370,4568.15
2024-09-05 13:34:08,ETHUSDT,bid,2370,4553.15
2024-09-05 13:34:14,ETHUSDT,bid,2370,4554.837
2024-09-05 13:35:17,ETHUSDT,bid,2370,4555.005
2024-09-05 13:36:02,ETHUSDT,bid,2370,4554.949
2024-09-05 13:36:05,ETHUSDT,bid,2370,4555.378
2024-09-05 13:36:41,ETHUSDT,bid,2370,4553.691
2024-09-05 13:36:47,ETHUSDT,bid,2370,4553.591
2024-09-05 13:37:34,ETHUSDT,bid,2370,4555.137
2024-09-05 13:37:39,ETHUSDT,bid,2370,4556.137
2024-09-05 13:37:42,ETHUSDT,bid,2370,4555.839
2024-09-05 13:38:03,ETHUSDT,bid,2370,4555.869
2024-09-05 13:38:04,ETHUSDT,bid,2370,4555.44
2024-09-05 13:38:08,ETHUSDT,bid,2370,4555.46
2024-09-05 13:38:23,ETHUSDT,bid,2370,4555.502
2024-09-05 13:38:39,ETHUSDT,bid,2370,4554.364
2024-09-05 13:38:45,ETHUSDT,bid,2370,4553.364
2024-09-05 13:38:48,ETHUSDT,bid,2370,4552.464
2024-09-05 13:40:41,ETHUSDT,bid,2370,4552.664
2024-09-05 13:40:50,ETHUSDT,bid,2370,4552.874
2024-09-05 13:40:56,ETHUSDT,bid,2370,4551.874
2024-09-05 13:40:56,ETHUSDT,bid,2370,4551.267
2024-09-05 13:41:14,ETHUSDT,bid,2370,4551.667
2024-09-05 13:41:19,ETHUSDT,bid,2370,4551.698
2024-09-05 13:41:23,ETHUSDT,bid,2370,4551.558
2024-09-05 13:41:23,ETHUSDT,bid,2370,4551.567
2024-09-05 13:42:05,ETHUSDT,bid,2370,4559.939
2024-09-05 13:42:37,ETHUSDT,bid,2370,4560.139
2024-09-05 13:42:44,ETHUSDT,bid,2370,4560.181
2024-09-05 13:43:37,ETHUSDT,bid,2370,4560.208
2024-09-05 13:43:48,ETHUSDT,bid,2370,4557.208
2024-09-05 13:44:02,ETHUSDT,bid,2370,4557.508
2024-09-05 13:44:21,ETHUSDT,bid,2370,4556.454
2024-09-05 13:45:03,ETHUSDT,bid,2370,4555.611
2024-09-05 13:45:16,ETHUSDT,bid,2370,4556.111
2024-09-05 13:45:20,ETHUSDT,bid,2370,4596.111
2024-09-05 13:45:31,ETHUSDT,bid,2370,4596.069
2024-09-05 13:45:55,ETHUSDT,bid,2370,4596.089
2024-09-05 13:47:06,ETHUSDT,bid,2370,4593.622
2024-09-05 13:47:13,ETHUSDT,bid,2370,4585.25
2024-09-05 13:47:57,ETHUSDT,bid,2370,4587.685
2024-09-05 13:48:21,ETHUSDT,bid,2370,4601.591
2024-09-05 13:48:41,ETHUSDT,bid,2370,4601.571
2024-09-05 13:48:50,ETHUSDT,bid,2370,4587.665
2024-09-05 13:48:57,ETHUSDT,bid,2370,4588.165
2024-09-05 13:49:14,ETHUSDT,bid,2370,4588.282
2024-09-05 13:49:21,ETHUSDT,bid,2370,4588.374
2024-09-05 13:49:37,ETHUSDT,bid,2370,4588.466
2024-09-05 13:50:47,ETHUSDT,bid,2370,4588.266
2024-09-05 13:50:50,ETHUSDT,bid,2370,4589.266
2024-09-05 13:50:52,ETHUSDT,bid,2370,4589.316
2024-09-05 13:50:53,ETHUSDT,bid,2370,4589.378
2024-09-05 13:50:55,ETHUSDT,bid,2370,4589.391
2024-09-05 13:50:57,ETHUSDT,bid,2370,4589.483
2024-09-05 13:51:36,ETHUSDT,bid,2370,4589.715
2024-09-05 13:51:36,ETHUSDT,bid,2370,4589.856
2024-09-05 13:52:20,ETHUSDT,bid,2370,4589.956
2024-09-05 13:52:25,ETHUSDT,bid,2370,4592.487
2024-09-05 13:52:39,ETHUSDT,bid,2370,4592.315
2024-09-05 13:52:50,ETHUSDT,bid,2370,4594.411
2024-09-05 13:53:19,ETHUSDT,bid,2370,4591.976
2024-09-05 13:53:40,ETHUSDT,bid,2370,4596.195
2024-09-05 13:53:49,ETHUSDT,bid,2370,4595.352
2024-09-05 13:54:11,ETHUSDT,bid,2370,4596.352
2024-09-05 13:54:14,ETHUSDT,bid,2370,4595.352
2024-09-05 13:55:59,ETHUSDT,bid,2370,4595.365
2024-09-05 13:56:06,ETHUSDT,bid,2370,4595.352
2024-09-05 13:57:16,ETHUSDT,bid,2370,4595.773
2024-09-05 13:57:35,ETHUSDT,bid,2370,4595.942
2024-09-05 13:57:50,ETHUSDT,bid,2370,4595.521
2024-09-05 13:58:16,ETHUSDT,bid,2370,4595.352
2024-09-05 13:58:42,ETHUSDT,bid,2370,4595.602
2024-09-05 13:59:04,ETHUSDT,bid,2370,4595.181
2024-09-05 13:59:46,ETHUSDT,bid,2370,4595.168
2024-09-05 14:00:15,ETHUSDT,bid,2370,4595.181
2024-09-05 14:00:45,ETHUSDT,bid,2370,4595.946
2024-09-05 14:00:50,ETHUSDT,bid,2370,4597.374
2024-09-05 14:01:20,ETHUSDT,bid,2370,4597.361
2024-09-05 14:02:06,ETHUSDT,bid,2370,4597.374
2024-09-05 14:02:29,ETHUSDT,bid,2370,4595.946
2024-09-05 14:02:33,ETHUSDT,bid,2370,4595.933
2024-09-05 14:03:21,ETHUSDT,bid,2370,4595.833
2024-09-05 14:03:34,ETHUSDT,bid,2370,4595.846
2024-09-05 14:04:05,ETHUSDT,bid,2370,4601.046
2024-09-05 14:04:46,ETHUSDT,bid,2370,4601.037
2024-09-05 14:05:11,ETHUSDT,bid,2370,4601.458
2024-09-05 14:05:16,ETHUSDT,bid,2370,4602.211
2024-09-05 14:05:37,ETHUSDT,bid,2370,4602.223
2024-09-05 14:05:47,ETHUSDT,bid,2370,4598.338
2024-09-05 14:06:37,ETHUSDT,bid,2370,4597.916
2024-09-05 14:06:52,ETHUSDT,bid,2370,4618.802
2024-09-05 14:07:44,ETHUSDT,bid,2370,4610.364
2024-09-05 14:07:52,ETHUSDT,bid,2370,4610.343
2024-09-05 14:08:11,ETHUSDT,bid,2370,4609.922
2024-09-05 14:08:26,ETHUSDT,bid,2370,4488.022
2024-09-05 14:08:28,ETHUSDT,bid,2370,4467.136
2024-09-05 14:09:37,ETHUSDT,bid,2370,4467.536
2024-09-05 14:10:28,ETHUSDT,bid,2370,4467.615
2024-09-05 14:10:47,ETHUSDT,bid,2370,4475.134
2024-09-05 14:11:10,ETHUSDT,bid,2370,4473.134
2024-09-05 14:11:18,ETHUSDT,bid,2370,4471.038
2024-09-05 14:12:27,ETHUSDT,bid,2370,4465.17
2024-09-05 14:12:30,ETHUSDT,bid,2370,4465.11
2024-09-05 14:12:33,ETHUSDT,bid,2370,4465.199
2024-09-05 14:12:35,ETHUSDT,bid,2370,4465.185
2024-09-05 14:12:58,ETHUSDT,bid,2370,4457.666
2024-09-05 14:13:03,ETHUSDT,bid,2370,4457.166
2024-09-05 14:14:06,ETHUSDT,bid,2370,4456.323
2024-09-05 14:16:03,ETHUSDT,bid,2370,4456.197
2024-09-05 14:16:54,ETHUSDT,bid,2370,4456.188
2024-09-05 14:17:30,ETHUSDT,bid,2370,4455.788
2024-09-05 14:17:43,ETHUSDT,bid,2370,4455.821
2024-09-05 14:18:05,ETHUSDT,bid,2370,4453.623
2024-09-05 14:19:10,ETHUSDT,bid,2370,4453.657
2024-09-05 14:19:23,ETHUSDT,bid,2370,4507.961
2024-09-05 14:20:03,ETHUSDT,bid,2370,4508.155
2024-09-05 14:21:13,ETHUSDT,bid,2370,4591.432
2024-09-05 14:21:25,ETHUSDT,bid,2370,4508.155
2024-09-05 14:21:37,ETHUSDT,bid,2370,4508.176
2024-09-05 14:21:46,ETHUSDT,bid,2370,4620.876
2024-09-05 14:22:02,ETHUSDT,bid,2370,4620.887
2024-09-05 14:22:20,ETHUSDT,bid,2370,4566.583
2024-09-05 14:22:20,ETHUSDT,bid,2370,4566.574
2024-09-05 14:22:26,ETHUSDT,bid,2370,4566.559
2024-09-05 14:24:03,ETHUSDT,bid,2370,4453.859
2024-09-05 14:25:39,ETHUSDT,bid,2370,4453.849
2024-09-05 14:26:09,ETHUSDT,bid,2370,4454.049
2024-09-05 14:26:59,ETHUSDT,bid,2370,4453.96
2024-09-05 14:31:00,ETHUSDT,bid,2370,4452.896
2024-09-05 14:31:32,ETHUSDT,bid,2370,4460.418
2024-09-05 14:34:40,ETHUSDT,bid,2370,4460.318
2024-09-05 14:34:43,ETHUSDT,bid,2370,4464.532
2024-09-05 14:35:05,ETHUSDT,bid,2370,4464.544
2024-09-05 14:35:05,ETHUSDT,bid,2370,4464.403
2024-09-05 14:35:23,ETHUSDT,bid,2370,4465.138
2024-09-05 14:35:28,ETHUSDT,bid,2370,4465.361
2024-09-05 14:39:02,ETHUSDT,bid,2370,4461.147
2024-09-05 14:40:39,ETHUSDT,bid,2370,4460.093
2024-09-05 14:41:06,ETHUSDT,bid,2370,4461.093
2024-09-05 14:41:36,ETHUSDT,bid,2370,4460.093
2024-09-05 14:42:47,ETHUSDT,bid,2370,4730.626
2024-09-05 14:43:46,ETHUSDT,bid,2370,4730.416
2024-09-05 14:44:24,ETHUSDT,bid,2370,4731.259
2024-09-05 14:46:06,ETHUSDT,bid,2370,4731.238
2024-09-05 14:47:34,ETHUSDT,bid,2370,4731.248
2024-09-05 14:49:23,ETHUSDT,bid,2370,4731.348
2024-09-05 14:49:35,ETHUSDT,bid,2370,4731.361
2024-09-05 14:50:12,ETHUSDT,bid,2370,4731.381
2024-09-05 14:51:24,ETHUSDT,bid,2370,4731.075
2024-09-05 14:51:24,ETHUSDT,bid,2370,4731.168
2024-09-05 14:51:39,ETHUSDT,bid,2370,4730.518
2024-09-05 14:52:22,ETHUSDT,bid,2370,4730.609
2024-09-05 14:55:37,ETHUSDT,bid,2370,4730.862
2024-09-05 14:56:20,ETHUSDT,bid,2370,4732.462
2024-09-05 14:57:20,ETHUSDT,bid,2370,4734.748
2024-09-05 15:00:25,ETHUSDT,bid,2370,4739.748
2024-09-05 15:00:28,ETHUSDT,bid,2370,4738.202
2024-09-05 15:01:30,ETHUSDT,bid,2370,4738.623
2024-09-05 15:01:39,ETHUSDT,bid,2370,4738.723
2024-09-05 15:02:43,ETHUSDT,bid,2370,4738.71
2024-09-05 15:03:51,ETHUSDT,bid,2370,4738.289
2024-09-05 15:04:55,ETHUSDT,bid,2370,4736.689
2024-09-05 15:04:57,ETHUSDT,bid,2370,4736.489
2024-09-05 15:06:02,ETHUSDT,bid,2370,4736.579
2024-09-05 15:06:05,ETHUSDT,bid,2370,4736.158
2024-09-05 15:06:44,ETHUSDT,bid,2370,4740.372
2024-09-05 15:07:24,ETHUSDT,bid,2370,4740.583
2024-09-05 15:09:43,ETHUSDT,bid,2370,4740.677
2024-09-05 15:09:51,ETHUSDT,bid,2370,4738.677
2024-09-05 15:10:53,ETHUSDT,bid,2370,4737.942
2024-09-05 15:10:57,ETHUSDT,bid,2370,4733.728
2024-09-05 15:15:36,ETHUSDT,bid,2370,4733.746
2024-09-05 15:15:57,ETHUSDT,bid,2370,4733.653
2024-09-05 15:15:58,ETHUSDT,bid,2370,4733.758
2024-09-05 15:16:00,ETHUSDT,bid,2370,4733.653
2024-09-05 15:18:31,ETHUSDT,bid,2370,4733.753
2024-09-05 15:21:27,ETHUSDT,bid,2370,4746.394
2024-09-05 15:21:27,ETHUSDT,bid,2370,4748.394
2024-09-05 15:21:29,ETHUSDT,bid,2370,4765.247
2024-09-05 15:22:40,ETHUSDT,bid,2370,4764.847
2024-09-05 15:24:15,ETHUSDT,bid,2370,4764.875
2024-09-05 15:24:36,ETHUSDT,bid,2370,4764.755
2024-09-05 15:25:14,ETHUSDT,bid,2370,4762.981
2024-09-05 15:26:28,ETHUSDT,bid,2370,4750.34
2024-09-05 15:26:29,ETHUSDT,bid,2370,4733.487
2024-09-05 15:28:19,ETHUSDT,bid,2370,4733.496
2024-09-05 15:33:01,ETHUSDT,bid,2370,4733.996
2024-09-05 15:34:05,ETHUSDT,bid,2370,4734.122
2024-09-05 15:35:37,ETHUSDT,bid,2370,4734.094
2024-09-05 15:36:06,ETHUSDT,bid,2370,4737.964
2024-09-05 15:36:26,ETHUSDT,bid,2370,4739.018
2024-09-05 15:38:15,ETHUSDT,bid,2370,4739.65
2024-09-05 15:38:23,ETHUSDT,bid,2370,4740.915
2024-09-05 15:39:29,ETHUSDT,bid,2370,4740.871
2024-09-05 15:39:38,ETHUSDT,bid,2370,4740.921
2024-09-05 15:39:45,ETHUSDT,bid,2370,4733.399
2024-09-05 15:40:24,ETHUSDT,bid,2370,4733.384
2024-09-05 15:41:02,ETHUSDT,bid,2370,4734.384
2024-09-05 15:41:03,ETHUSDT,bid,2370,4734.921
2024-09-05 15:41:03,ETHUSDT,bid,2370,4755.807
2024-09-05 15:42:02,ETHUSDT,bid,2370,4734.921
2024-09-05 15:44:34,ETHUSDT,bid,2370,4738.718
2024-09-05 15:46:04,ETHUSDT,bid,2370,4738.728
2024-09-05 15:46:19,ETHUSDT,bid,2370,4739.028
2024-09-05 15:48:43,ETHUSDT,bid,2370,4739.046
2024-09-05 15:48:55,ETHUSDT,bid,2370,4739.419
2024-09-05 15:50:11,ETHUSDT,bid,2370,4739.521
2024-09-05 15:51:26,ETHUSDT,bid,2370,4739.561
2024-09-05 15:53:38,ETHUSDT,bid,2370,4738.929
2024-09-05 15:54:34,ETHUSDT,bid,2370,4738.838
2024-09-05 15:56:54,ETHUSDT,bid,2370,4759.724
2024-09-05 16:01:18,ETHUSDT,bid,2370,4738.838
2024-09-05 16:02:29,ETHUSDT,bid,2370,4739.338
2024-09-05 16:06:09,ETHUSDT,bid,2370,4739.433
2024-09-05 16:08:57,ETHUSDT,bid,2370,4739.331
2024-09-05 16:11:02,ETHUSDT,bid,2370,4738.831
2024-09-05 16:18:16,ETHUSDT,bid,2370,4738.736
2024-09-05 16:18:58,ETHUSDT,bid,2370,4740.736
2024-09-05 16:19:33,ETHUSDT,bid,2370,4741.736
2024-09-05 16:19:37,ETHUSDT,bid,2370,4742.059
2024-09-05 16:19:45,ETHUSDT,bid,2370,4741.736
2024-09-05 16:20:52,ETHUSDT,bid,2370,4742.036
2024-09-05 16:21:05,ETHUSDT,bid,2370,4742.147
2024-09-05 16:21:21,ETHUSDT,bid,2370,4743.147
2024-09-05 16:21:54,ETHUSDT,bid,2370,4743.212
2024-09-05 16:22:26,ETHUSDT,bid,2370,4743.229
2024-09-05 16:22:44,ETHUSDT,bid,2370,4743.65
2024-09-05 16:22:55,ETHUSDT,bid,2370,4744.002
2024-09-05 16:24:05,ETHUSDT,bid,2370,4744.227
2024-09-05 16:24:58,ETHUSDT,bid,2370,4748.222
2024-09-05 16:25:19,ETHUSDT,bid,2370,4748.643
2024-09-05 16:25:20,ETHUSDT,bid,2370,4748.774
2024-09-05 16:25:32,ETHUSDT,bid,2370,4762.106
2024-09-05 16:25:39,ETHUSDT,bid,2370,4763.106
2024-09-05 16:25:49,ETHUSDT,bid,2370,4779.369
2024-09-05 16:25:56,ETHUSDT,bid,2370,4779.479
2024-09-05 16:25:59,ETHUSDT,bid,2370,4781.221
2024-09-05 16:26:08,ETHUSDT,bid,2370,4767.889
2024-09-05 16:26:45,ETHUSDT,bid,2370,4770.945
2024-09-05 16:26:59,ETHUSDT,bid,2370,4771.496
