2024-08-19 07:11:41,BTCUSDT,bid,58100,516.032
2024-08-19 07:13:21,BTCUSDT,bid,58200,519.964
2024-08-19 07:13:26,BTCUSDT,bid,58200,519.962
2024-08-19 21:59:17,BTCUSDT,bid,58300,647.062
2024-08-19 21:59:21,BTCUSDT,bid,58300,647.088
2024-08-19 21:59:21,BTCUSDT,bid,58300,647.062
2024-08-19 21:59:22,BTCUSDT,bid,58300,647.066
2024-08-19 07:18:14,BTCUSD_PERP,bid,58100,572.86
2024-08-19 07:18:31,BTCUSD_PERP,bid,58100,630.19
2024-08-19 07:18:31,BTCUSD_PERP,bid,58100,802.87
2024-08-19 07:18:31,BTCUSD_PERP,bid,58100,859.85
2024-08-19 07:18:56,BTCUSD_PERP,bid,58100,802.29
2024-08-19 07:18:56,BTCUSD_PERP,bid,58100,687.75
2024-08-19 07:18:56,BTCUSD_PERP,bid,58100,573.21
2024-08-19 07:18:56,BTCUSD_PERP,bid,58100,572.45
2024-08-19 07:18:56,BTCUSD_PERP,bid,58100,687.41
2024-08-19 07:18:57,BTCUSD_PERP,bid,58100,744.94
2024-08-19 07:18:57,BTCUSD_PERP,bid,58100,801.89
2024-08-19 07:18:57,BTCUSD_PERP,bid,58100,859.42
2024-08-19 07:20:23,BTCUSD_PERP,bid,58100,744.36
2024-08-19 07:20:24,BTCUSD_PERP,bid,58100,572.94
2024-08-19 07:38:29,BTCUSD_PERP,bid,58000,629.89
2024-08-19 07:38:44,BTCUSD_PERP,bid,58000,572.46
2024-08-19 07:43:28,BTCUSD_PERP,bid,58000,571.84
2024-08-19 07:43:45,BTCUSD_PERP,bid,58000,524.94
2024-08-19 07:43:45,BTCUSD_PERP,bid,58000,581.81
2024-08-19 07:43:55,BTCUSD_PERP,bid,58000,524.94
2024-08-19 07:46:29,BTCUSD_PERP,bid,58000,572.1
2024-08-19 07:47:29,BTCUSD_PERP,bid,58100,571.86
2024-08-19 07:47:29,BTCUSD_PERP,bid,58100,629.39
2024-08-19 07:47:31,BTCUSD_PERP,bid,58100,629.43
2024-08-19 07:47:38,BTCUSD_PERP,bid,58100,571.9
2024-08-19 07:47:39,BTCUSD_PERP,bid,58100,515.88
2024-08-19 07:47:39,BTCUSD_PERP,bid,58100,687.36
2024-08-19 07:47:39,BTCUSD_PERP,bid,58100,744.94
2024-08-19 07:47:39,BTCUSD_PERP,bid,58100,802.52
2024-08-19 07:47:39,BTCUSD_PERP,bid,58100,869.78
2024-08-19 07:47:39,BTCUSD_PERP,bid,58100,984.94
2024-08-19 07:47:40,BTCUSD_PERP,bid,58100,1042.52
2024-08-19 07:47:40,BTCUSD_PERP,bid,58100,1099.52
2024-08-19 07:48:35,BTCUSD_PERP,bid,58100,1042.52
2024-08-19 07:48:35,BTCUSD_PERP,bid,58100,927.94
2024-08-19 07:48:35,BTCUSD_PERP,bid,58100,812.78
2024-08-19 07:48:35,BTCUSD_PERP,bid,58100,573.63
2024-08-19 07:48:35,BTCUSD_PERP,bid,58100,1032.26
2024-08-19 07:50:47,BTCUSD_PERP,bid,58100,689.32
2024-08-19 07:50:47,BTCUSD_PERP,bid,58100,859.75
2024-08-19 07:50:47,BTCUSD_PERP,bid,58100,974.2
2024-08-19 07:50:47,BTCUSD_PERP,bid,58100,1031.72
2024-08-19 07:50:47,BTCUSD_PERP,bid,58100,1088.65
2024-08-19 07:50:50,BTCUSD_PERP,bid,58100,1088.69
2024-08-19 07:51:12,BTCUSD_PERP,bid,58100,1031.17
2024-08-19 07:51:12,BTCUSD_PERP,bid,58100,973.65
2024-08-19 07:51:12,BTCUSD_PERP,bid,58100,916.13
2024-08-19 07:51:12,BTCUSD_PERP,bid,58100,801.68
2024-08-19 07:51:12,BTCUSD_PERP,bid,58100,744.16
2024-08-19 07:51:13,BTCUSD_PERP,bid,58100,687.23
2024-08-19 07:51:13,BTCUSD_PERP,bid,58100,573.37
2024-08-19 07:51:13,BTCUSD_PERP,bid,58100,629.66
2024-08-19 07:51:13,BTCUSD_PERP,bid,58100,686.64
2024-08-19 07:51:14,BTCUSD_PERP,bid,58100,801.66
2024-08-19 07:51:14,BTCUSD_PERP,bid,58100,859.22
2024-08-19 07:51:23,BTCUSD_PERP,bid,58100,802.24
2024-08-19 07:51:23,BTCUSD_PERP,bid,58100,744.68
2024-08-19 07:51:23,BTCUSD_PERP,bid,58100,687.71
2024-08-19 07:51:24,BTCUSD_PERP,bid,58100,573.75
2024-08-19 07:51:24,BTCUSD_PERP,bid,58100,686.95
2024-08-19 07:51:25,BTCUSD_PERP,bid,58100,858.86
2024-08-19 07:51:35,BTCUSD_PERP,bid,58100,743.8
2024-08-19 07:51:35,BTCUSD_PERP,bid,58100,572.96
2024-08-19 07:52:37,BTCUSD_PERP,bid,58000,858.32
2024-08-19 07:52:38,BTCUSD_PERP,bid,58000,915.23
2024-08-19 07:54:11,BTCUSD_PERP,bid,58000,857.73
2024-08-19 07:54:11,BTCUSD_PERP,bid,58000,800.23
2024-08-19 07:54:11,BTCUSD_PERP,bid,58000,743.32
2024-08-19 07:54:11,BTCUSD_PERP,bid,58000,857.87
2024-08-19 07:54:12,BTCUSD_PERP,bid,58000,914.75
2024-08-19 07:54:17,BTCUSD_PERP,bid,58000,914.79
2024-08-19 07:55:42,BTCUSD_PERP,bid,58000,801.01
2024-08-19 07:55:42,BTCUSD_PERP,bid,58000,743.05
2024-08-19 07:55:58,BTCUSD_PERP,bid,58000,628.76
2024-08-19 07:55:58,BTCUSD_PERP,bid,58000,571.91
2024-08-19 07:57:52,BTCUSD_PERP,bid,58000,571.91
2024-08-19 07:57:53,BTCUSD_PERP,bid,58000,686.19
2024-08-19 07:58:07,BTCUSD_PERP,bid,58000,628.76
2024-08-19 08:13:56,BTCUSD_PERP,bid,58000,525.26
2024-08-19 08:32:43,BTCUSD_PERP,bid,58000,571.01
2024-08-19 08:32:43,BTCUSD_PERP,bid,58000,800.27
2024-08-19 08:32:43,BTCUSD_PERP,bid,58000,857.73
2024-08-19 08:32:43,BTCUSD_PERP,bid,58000,915.19
2024-08-19 08:32:45,BTCUSD_PERP,bid,58000,916.4
2024-08-19 08:34:47,BTCUSD_PERP,bid,58000,915.19
2024-08-19 08:35:16,BTCUSD_PERP,bid,58000,686.51
2024-08-19 08:35:16,BTCUSD_PERP,bid,58000,572.18
2024-08-19 08:35:17,BTCUSD_PERP,bid,58000,571.94
2024-08-19 08:35:17,BTCUSD_PERP,bid,58000,628.84
2024-08-19 08:35:17,BTCUSD_PERP,bid,58000,685.74
2024-08-19 08:35:17,BTCUSD_PERP,bid,58000,858.18
2024-08-19 08:35:57,BTCUSD_PERP,bid,58000,800.7
2024-08-19 08:35:57,BTCUSD_PERP,bid,58000,743.79
2024-08-19 08:35:58,BTCUSD_PERP,bid,58000,686.31
2024-08-19 08:35:58,BTCUSD_PERP,bid,58000,629.41
2024-08-19 08:35:58,BTCUSD_PERP,bid,58100,525.58
2024-08-19 08:35:58,BTCUSD_PERP,bid,58100,583.0
2024-08-19 08:35:59,BTCUSD_PERP,bid,58100,640.52
2024-08-19 08:36:02,BTCUSD_PERP,bid,58100,525.48
2024-08-19 08:38:02,BTCUSD_PERP,bid,58000,572.49
2024-08-19 08:38:02,BTCUSD_PERP,bid,58000,629.4
2024-08-19 08:38:02,BTCUSD_PERP,bid,58000,801.29
2024-08-19 08:38:02,BTCUSD_PERP,bid,58000,858.78
2024-08-19 08:38:02,BTCUSD_PERP,bid,58000,916.27
2024-08-19 08:39:10,BTCUSD_PERP,bid,58000,858.87
2024-08-19 08:39:10,BTCUSD_PERP,bid,58000,801.43
2024-08-19 08:39:11,BTCUSD_PERP,bid,58000,811.09
2024-08-19 08:39:11,BTCUSD_PERP,bid,58000,868.55
2024-08-19 08:39:29,BTCUSD_PERP,bid,58000,811.09
2024-08-19 08:39:30,BTCUSD_PERP,bid,58000,753.63
2024-08-19 08:39:30,BTCUSD_PERP,bid,58000,638.71
2024-08-19 08:39:30,BTCUSD_PERP,bid,58000,581.25
2024-08-19 08:39:30,BTCUSD_PERP,bid,58000,524.37
2024-08-19 08:45:46,BTCUSD_PERP,bid,58000,538.85
2024-08-19 08:57:03,BTCUSD_PERP,bid,58000,572.45
2024-08-19 08:57:03,BTCUSD_PERP,bid,58000,629.3
2024-08-19 08:57:07,BTCUSD_PERP,bid,58000,581.91
2024-08-19 09:01:24,BTCUSD_PERP,bid,58000,524.44
2024-08-19 09:01:24,BTCUSD_PERP,bid,58000,686.16
2024-08-19 09:01:24,BTCUSD_PERP,bid,58000,743.59
2024-08-19 09:01:24,BTCUSD_PERP,bid,58000,801.02
2024-08-19 09:01:44,BTCUSD_PERP,bid,58000,686.74
2024-08-19 09:01:44,BTCUSD_PERP,bid,58000,629.41
2024-08-19 09:01:45,BTCUSD_PERP,bid,58000,571.98
2024-08-19 09:01:45,BTCUSD_PERP,bid,58000,571.03
2024-08-19 09:01:45,BTCUSD_PERP,bid,58000,628.49
2024-08-19 09:01:46,BTCUSD_PERP,bid,58000,743.41
2024-08-19 09:01:46,BTCUSD_PERP,bid,58000,800.87
2024-08-19 09:01:46,BTCUSD_PERP,bid,58000,915.79
2024-08-19 09:01:46,BTCUSD_PERP,bid,58000,973.25
2024-08-19 09:06:27,BTCUSD_PERP,bid,58000,916.19
2024-08-19 09:06:27,BTCUSD_PERP,bid,58000,973.67
2024-08-19 09:10:17,BTCUSD_PERP,bid,58000,1030.16
2024-08-19 09:10:17,BTCUSD_PERP,bid,58000,1087.62
2024-08-19 09:11:02,BTCUSD_PERP,bid,58000,1030.16
2024-08-19 09:11:02,BTCUSD_PERP,bid,58000,914.71
2024-08-19 09:11:02,BTCUSD_PERP,bid,58000,1087.0
2024-08-19 09:11:31,BTCUSD_PERP,bid,58000,801.7
2024-08-19 09:15:46,BTCUSD_PERP,bid,58000,572.45
2024-08-19 09:15:46,BTCUSD_PERP,bid,58000,629.3
2024-08-19 09:15:46,BTCUSD_PERP,bid,58000,857.86
2024-08-19 09:15:46,BTCUSD_PERP,bid,58000,914.71
2024-08-19 09:15:46,BTCUSD_PERP,bid,58000,1029.57
2024-08-19 09:15:47,BTCUSD_PERP,bid,58000,1087.0
2024-08-19 09:15:51,BTCUSD_PERP,bid,58000,973.31
2024-08-19 09:19:29,BTCUSD_PERP,bid,58000,571.97
2024-08-19 09:19:29,BTCUSD_PERP,bid,58000,628.83
2024-08-19 09:19:30,BTCUSD_PERP,bid,58000,686.27
2024-08-19 09:19:30,BTCUSD_PERP,bid,58000,743.71
2024-08-19 09:19:30,BTCUSD_PERP,bid,58000,800.57
2024-08-19 09:19:30,BTCUSD_PERP,bid,58000,915.45
2024-08-19 09:19:30,BTCUSD_PERP,bid,58000,972.89
2024-08-19 09:23:36,BTCUSD_PERP,bid,58000,915.45
2024-08-19 09:23:36,BTCUSD_PERP,bid,58000,801.16
2024-08-19 09:23:36,BTCUSD_PERP,bid,58000,743.72
2024-08-19 09:23:36,BTCUSD_PERP,bid,58000,686.86
2024-08-19 09:23:37,BTCUSD_PERP,bid,58000,572.08
2024-08-19 09:23:37,BTCUSD_PERP,bid,58000,525.12
2024-08-19 09:23:37,BTCUSD_PERP,bid,58000,582.01
2024-08-19 09:23:38,BTCUSD_PERP,bid,58000,753.86
2024-08-19 09:23:38,BTCUSD_PERP,bid,58000,811.34
2024-08-19 09:23:38,BTCUSD_PERP,bid,58000,868.23
2024-08-19 09:26:06,BTCUSD_PERP,bid,58000,639.49
2024-08-19 09:26:06,BTCUSD_PERP,bid,58000,582.01
2024-08-19 09:26:06,BTCUSD_PERP,bid,58000,524.53
2024-08-19 09:29:26,BTCUSD_PERP,bid,58100,630.63
2024-08-19 09:29:51,BTCUSD_PERP,bid,58100,573.08
2024-08-19 09:29:53,BTCUSD_PERP,bid,58100,572.82
2024-08-19 09:29:53,BTCUSD_PERP,bid,58100,630.34
2024-08-19 09:30:02,BTCUSD_PERP,bid,58100,630.38
2024-08-19 09:30:43,BTCUSD_PERP,bid,58100,572.86
2024-08-19 09:30:45,BTCUSD_PERP,bid,58100,573.18
2024-08-19 09:30:45,BTCUSD_PERP,bid,58100,630.63
2024-08-19 09:32:15,BTCUSD_PERP,bid,58100,573.08
2024-08-19 09:32:17,BTCUSD_PERP,bid,58100,515.99
2024-08-19 09:38:01,BTCUSD_PERP,bid,58100,573.54
2024-08-19 09:38:01,BTCUSD_PERP,bid,58100,631.14
2024-08-19 09:38:01,BTCUSD_PERP,bid,58100,559.87
2024-08-19 09:40:56,BTCUSD_PERP,bid,58100,572.88
2024-08-19 09:43:44,BTCUSD_PERP,bid,58000,572.58
2024-08-19 09:44:00,BTCUSD_PERP,bid,58000,572.44
2024-08-19 09:44:00,BTCUSD_PERP,bid,58000,629.91
2024-08-19 09:44:00,BTCUSD_PERP,bid,58000,643.81
2024-08-19 09:44:00,BTCUSD_PERP,bid,58000,645.02
2024-08-19 09:45:21,BTCUSD_PERP,bid,58000,587.65
2024-08-19 09:45:21,BTCUSD_PERP,bid,58000,530.77
2024-08-19 09:45:22,BTCUSD_PERP,bid,58000,572.68
2024-08-19 09:45:30,BTCUSD_PERP,bid,58000,572.72
2024-08-19 09:46:03,BTCUSD_PERP,bid,58000,589.67
2024-08-19 09:46:03,BTCUSD_PERP,bid,58000,647.14
2024-08-19 09:46:46,BTCUSD_PERP,bid,58000,559.04
2024-08-19 09:46:46,BTCUSD_PERP,bid,58000,572.58
2024-08-19 09:46:49,BTCUSD_PERP,bid,58000,559.45
2024-08-19 09:46:50,BTCUSD_PERP,bid,58100,572.4
2024-08-19 09:46:50,BTCUSD_PERP,bid,58100,629.97
2024-08-19 09:48:57,BTCUSD_PERP,bid,58000,525.15
2024-08-19 09:50:23,BTCUSD_PERP,bid,58100,629.93
2024-08-19 09:52:23,BTCUSD_PERP,bid,58100,572.98
2024-08-19 09:52:26,BTCUSD_PERP,bid,58100,572.75
2024-08-19 09:52:26,BTCUSD_PERP,bid,58100,630.32
2024-08-19 09:53:07,BTCUSD_PERP,bid,58100,572.75
2024-08-19 09:59:49,BTCUSD_PERP,bid,58100,630.55
2024-08-19 09:59:49,BTCUSD_PERP,bid,58100,688.15
2024-08-19 10:02:20,BTCUSD_PERP,bid,58100,515.94
2024-08-19 10:02:21,BTCUSD_PERP,bid,58100,573.54
2024-08-19 10:08:32,BTCUSD_PERP,bid,58100,631.17
2024-08-19 10:08:32,BTCUSD_PERP,bid,58100,688.77
2024-08-19 10:09:58,BTCUSD_PERP,bid,58100,574.16
2024-08-19 10:09:58,BTCUSD_PERP,bid,58100,516.56
2024-08-19 10:10:31,BTCUSD_PERP,bid,58100,516.56
2024-08-19 10:10:31,BTCUSD_PERP,bid,58100,574.16
2024-08-19 10:10:42,BTCUSD_PERP,bid,58100,574.2
2024-08-19 10:18:40,BTCUSD_PERP,bid,58100,744.81
2024-08-19 10:18:40,BTCUSD_PERP,bid,58100,801.74
2024-08-19 10:18:44,BTCUSD_PERP,bid,58100,801.78
2024-08-19 10:19:06,BTCUSD_PERP,bid,58000,525.96
2024-08-19 10:19:06,BTCUSD_PERP,bid,58000,583.44
2024-08-19 10:19:48,BTCUSD_PERP,bid,58000,573.36
2024-08-19 10:19:49,BTCUSD_PERP,bid,58000,630.87
2024-08-19 10:21:06,BTCUSD_PERP,bid,58000,573.36
2024-08-19 10:21:08,BTCUSD_PERP,bid,58000,687.41
2024-08-19 10:21:28,BTCUSD_PERP,bid,58000,630.52
2024-08-19 10:21:29,BTCUSD_PERP,bid,58000,516.73
2024-08-19 10:21:29,BTCUSD_PERP,bid,58000,630.27
2024-08-19 10:22:31,BTCUSD_PERP,bid,58000,630.31
2024-08-19 10:23:52,BTCUSD_PERP,bid,58000,573.38
2024-08-19 10:23:52,BTCUSD_PERP,bid,58000,516.46
2024-08-19 10:23:53,BTCUSD_PERP,bid,58100,516.7
2024-08-19 10:23:54,BTCUSD_PERP,bid,58100,631.19
2024-08-19 10:27:39,BTCUSD_PERP,bid,58100,573.65
2024-08-19 10:27:39,BTCUSD_PERP,bid,58100,516.7
2024-08-19 10:27:41,BTCUSD_PERP,bid,58100,573.95
2024-08-19 10:27:41,BTCUSD_PERP,bid,58100,631.52
2024-08-19 10:27:55,BTCUSD_PERP,bid,58100,631.56
2024-08-19 10:29:17,BTCUSD_PERP,bid,58100,574.27
2024-08-19 10:31:15,BTCUSD_PERP,bid,58100,574.54
2024-08-19 10:33:12,BTCUSD_PERP,bid,58100,516.97
2024-08-19 10:38:03,BTCUSD_PERP,bid,58100,517.31
2024-08-19 10:38:03,BTCUSD_PERP,bid,58100,574.92
2024-08-19 10:39:48,BTCUSD_PERP,bid,58100,803.5
2024-08-19 10:39:48,BTCUSD_PERP,bid,58100,861.1
2024-08-19 10:39:48,BTCUSD_PERP,bid,58100,560.03
2024-08-19 10:39:49,BTCUSD_PERP,bid,58100,918.12
2024-08-19 10:42:45,BTCUSD_PERP,bid,58100,745.9
2024-08-19 10:42:46,BTCUSD_PERP,bid,58100,631.86
2024-08-19 10:42:46,BTCUSD_PERP,bid,58100,574.84
2024-08-19 10:42:46,BTCUSD_PERP,bid,58100,517.24
2024-08-19 11:27:24,BTCUSD_PERP,bid,58000,915.29
2024-08-19 11:27:24,BTCUSD_PERP,bid,58000,972.76
2024-08-19 11:28:23,BTCUSD_PERP,bid,58000,915.29
2024-08-19 11:28:23,BTCUSD_PERP,bid,58000,858.41
2024-08-19 11:28:23,BTCUSD_PERP,bid,58000,743.47
2024-08-19 11:28:23,BTCUSD_PERP,bid,58000,629.12
2024-08-19 11:28:24,BTCUSD_PERP,bid,58000,571.75
2024-08-19 11:28:24,BTCUSD_PERP,bid,58000,573.13
2024-08-19 11:28:24,BTCUSD_PERP,bid,58000,630.04
2024-08-19 11:28:24,BTCUSD_PERP,bid,58000,686.95
2024-08-19 11:28:24,BTCUSD_PERP,bid,58000,744.45
2024-08-19 11:28:24,BTCUSD_PERP,bid,58000,801.36
2024-08-19 11:28:24,BTCUSD_PERP,bid,58000,915.77
2024-08-19 11:28:25,BTCUSD_PERP,bid,58000,1030.18
2024-08-19 11:28:25,BTCUSD_PERP,bid,58000,1087.68
2024-08-19 11:28:53,BTCUSD_PERP,bid,58000,1087.72
2024-08-19 11:28:53,BTCUSD_PERP,bid,58000,1087.76
2024-08-19 11:28:54,BTCUSD_PERP,bid,58000,1087.8
2024-08-19 11:29:50,BTCUSD_PERP,bid,58000,972.76
2024-08-19 11:29:51,BTCUSD_PERP,bid,58000,1030.23
2024-08-19 11:30:39,BTCUSD_PERP,bid,58000,973.35
2024-08-19 11:30:39,BTCUSD_PERP,bid,58000,915.88
2024-08-19 11:30:39,BTCUSD_PERP,bid,58000,858.41
2024-08-19 11:30:39,BTCUSD_PERP,bid,58000,801.53
2024-08-19 11:30:40,BTCUSD_PERP,bid,58000,630.3
2024-08-19 11:30:40,BTCUSD_PERP,bid,58000,573.42
2024-08-19 11:30:40,BTCUSD_PERP,bid,58000,686.17
2024-08-19 11:30:40,BTCUSD_PERP,bid,58000,743.02
2024-08-19 11:30:41,BTCUSD_PERP,bid,58000,914.73
2024-08-19 11:30:41,BTCUSD_PERP,bid,58000,1029.59
2024-08-19 11:32:00,BTCUSD_PERP,bid,58000,628.26
2024-08-19 11:32:00,BTCUSD_PERP,bid,58000,743.14
2024-08-19 11:32:00,BTCUSD_PERP,bid,58000,800.58
2024-08-19 11:32:00,BTCUSD_PERP,bid,58000,914.88
2024-08-19 11:32:01,BTCUSD_PERP,bid,58000,972.32
2024-08-19 11:32:20,BTCUSD_PERP,bid,58000,857.44
2024-08-19 11:32:20,BTCUSD_PERP,bid,58000,800.58
2024-08-19 11:32:21,BTCUSD_PERP,bid,58000,743.24
2024-08-19 11:32:21,BTCUSD_PERP,bid,58000,685.8
2024-08-19 11:32:21,BTCUSD_PERP,bid,58000,628.94
2024-08-19 11:32:21,BTCUSD_PERP,bid,58000,629.23
2024-08-19 11:32:21,BTCUSD_PERP,bid,58000,686.12
2024-08-19 11:32:22,BTCUSD_PERP,bid,58000,743.6
2024-08-19 11:32:22,BTCUSD_PERP,bid,58000,801.08
2024-08-19 11:32:22,BTCUSD_PERP,bid,58000,858.56
2024-08-19 11:32:22,BTCUSD_PERP,bid,58000,972.93
2024-08-19 11:32:22,BTCUSD_PERP,bid,58000,1030.41
2024-08-19 11:32:53,BTCUSD_PERP,bid,58000,915.45
2024-08-19 11:32:53,BTCUSD_PERP,bid,58000,858.56
2024-08-19 11:32:53,BTCUSD_PERP,bid,58000,801.08
2024-08-19 11:32:53,BTCUSD_PERP,bid,58000,686.22
2024-08-19 11:32:53,BTCUSD_PERP,bid,58000,629.33
2024-08-19 11:32:53,BTCUSD_PERP,bid,58000,572.44
2024-08-19 11:32:54,BTCUSD_PERP,bid,58000,629.6
2024-08-19 11:32:54,BTCUSD_PERP,bid,58000,686.52
2024-08-19 11:36:11,BTCUSD_PERP,bid,58000,629.01
2024-08-19 11:36:13,BTCUSD_PERP,bid,58100,573.08
2024-08-19 11:36:13,BTCUSD_PERP,bid,58100,630.04
2024-08-19 11:38:59,BTCUSD_PERP,bid,58100,572.78
2024-08-19 11:39:32,BTCUSD_PERP,bid,58000,915.52
2024-08-19 11:39:32,BTCUSD_PERP,bid,58000,973.0
2024-08-19 11:39:36,BTCUSD_PERP,bid,58000,800.56
2024-08-19 11:39:36,BTCUSD_PERP,bid,58000,857.59
2024-08-19 11:39:37,BTCUSD_PERP,bid,58000,915.04
2024-08-19 11:39:37,BTCUSD_PERP,bid,58000,972.49
2024-08-19 11:40:15,BTCUSD_PERP,bid,58000,914.56
2024-08-19 11:40:15,BTCUSD_PERP,bid,58000,971.98
2024-08-19 11:46:47,BTCUSD_PERP,bid,58000,629.2
2024-08-19 11:46:47,BTCUSD_PERP,bid,58000,572.36
2024-08-19 12:18:25,BTCUSD_PERP,bid,58000,628.71
2024-08-19 12:18:25,BTCUSD_PERP,bid,58000,686.14
2024-08-19 12:18:25,BTCUSD_PERP,bid,58000,743.57
2024-08-19 12:18:26,BTCUSD_PERP,bid,58000,800.41
2024-08-19 12:18:28,BTCUSD_PERP,bid,58000,802.49
2024-08-19 12:18:29,BTCUSD_PERP,bid,58000,816.39
2024-08-19 12:20:29,BTCUSD_PERP,bid,58000,814.31
2024-08-19 12:20:30,BTCUSD_PERP,bid,58000,800.41
2024-08-19 12:22:24,BTCUSD_PERP,bid,58000,742.98
2024-08-19 12:22:24,BTCUSD_PERP,bid,58000,571.27
2024-08-19 12:38:20,BTCUSD_PERP,bid,58000,629.22
2024-08-19 12:38:21,BTCUSD_PERP,bid,58000,686.69
2024-08-19 12:38:27,BTCUSD_PERP,bid,58000,686.73
2024-08-19 12:38:35,BTCUSD_PERP,bid,58000,700.64
2024-08-19 12:38:52,BTCUSD_PERP,bid,58000,586.88
2024-08-19 12:38:52,BTCUSD_PERP,bid,58000,529.41
2024-08-19 12:44:03,BTCUSD_PERP,bid,58000,571.78
2024-08-19 12:44:03,BTCUSD_PERP,bid,58000,628.67
2024-08-19 12:44:03,BTCUSD_PERP,bid,58000,686.14
2024-08-19 12:44:03,BTCUSD_PERP,bid,58000,858.55
2024-08-19 12:45:35,BTCUSD_PERP,bid,58000,801.08
2024-08-19 12:45:35,BTCUSD_PERP,bid,58000,743.61
2024-08-19 12:45:35,BTCUSD_PERP,bid,58000,686.72
2024-08-19 12:45:35,BTCUSD_PERP,bid,58000,572.36
2024-08-19 12:45:36,BTCUSD_PERP,bid,58000,572.04
2024-08-19 12:45:36,BTCUSD_PERP,bid,58000,628.89
2024-08-19 12:45:37,BTCUSD_PERP,bid,58000,686.33
2024-08-19 13:22:23,BTCUSD_PERP,bid,58000,571.98
2024-08-19 13:22:23,BTCUSD_PERP,bid,58000,629.41
2024-08-19 13:22:23,BTCUSD_PERP,bid,58000,743.68
2024-08-19 13:22:24,BTCUSD_PERP,bid,58000,800.53
2024-08-19 13:22:24,BTCUSD_PERP,bid,58000,801.74
2024-08-19 13:22:24,BTCUSD_PERP,bid,58000,803.82
2024-08-19 13:24:25,BTCUSD_PERP,bid,58000,801.74
2024-08-19 13:24:25,BTCUSD_PERP,bid,58000,800.53
2024-08-19 13:32:28,BTCUSD_PERP,bid,58000,629.98
2024-08-19 13:32:28,BTCUSD_PERP,bid,58000,743.68
2024-08-19 13:32:29,BTCUSD_PERP,bid,58000,800.53
2024-08-19 13:33:09,BTCUSD_PERP,bid,58000,572.55
2024-08-19 13:33:10,BTCUSD_PERP,bid,58000,571.71
2024-08-19 13:33:10,BTCUSD_PERP,bid,58000,629.17
2024-08-19 13:33:10,BTCUSD_PERP,bid,58000,744.09
2024-08-19 13:33:10,BTCUSD_PERP,bid,58000,800.96
2024-08-19 13:33:30,BTCUSD_PERP,bid,58000,801.0
2024-08-19 13:33:42,BTCUSD_PERP,bid,58000,801.04
2024-08-19 13:33:49,BTCUSD_PERP,bid,58000,801.08
2024-08-19 13:37:01,BTCUSD_PERP,bid,58000,801.04
2024-08-19 13:37:05,BTCUSD_PERP,bid,58000,801.0
2024-08-19 13:37:18,BTCUSD_PERP,bid,58000,800.96
2024-08-19 13:38:22,BTCUSD_PERP,bid,58000,628.58
2024-08-19 13:38:22,BTCUSD_PERP,bid,58000,571.12
2024-08-19 13:38:24,BTCUSD_PERP,bid,58000,628.9
2024-08-19 13:42:52,BTCUSD_PERP,bid,58100,572.3
2024-08-19 13:42:53,BTCUSD_PERP,bid,58100,629.24
2024-08-19 13:49:12,BTCUSD_PERP,bid,58100,572.06
2024-08-19 13:49:12,BTCUSD_PERP,bid,58100,629.62
2024-08-19 13:49:25,BTCUSD_PERP,bid,58100,572.65
2024-08-19 13:49:27,BTCUSD_PERP,bid,58100,525.05
2024-08-19 13:49:27,BTCUSD_PERP,bid,58100,697.23
2024-08-19 13:50:39,BTCUSD_PERP,bid,58100,687.18
2024-08-19 13:57:15,BTCUSD_PERP,bid,58100,629.62
2024-08-19 13:57:16,BTCUSD_PERP,bid,58100,686.82
2024-08-19 14:02:54,BTCUSD_PERP,bid,58100,573.45
2024-08-19 14:02:54,BTCUSD_PERP,bid,58100,687.93
2024-08-19 14:02:55,BTCUSD_PERP,bid,58100,802.99
2024-08-19 14:02:55,BTCUSD_PERP,bid,58100,860.52
2024-08-19 14:02:55,BTCUSD_PERP,bid,58100,974.99
2024-08-19 14:02:55,BTCUSD_PERP,bid,58100,1088.88
2024-08-19 14:02:55,BTCUSD_PERP,bid,58100,1145.83
2024-08-19 14:07:35,BTCUSD_PERP,bid,58100,916.88
2024-08-19 14:07:35,BTCUSD_PERP,bid,58100,859.35
2024-08-19 14:07:36,BTCUSD_PERP,bid,58100,802.4
2024-08-19 14:07:36,BTCUSD_PERP,bid,58100,744.97
2024-08-19 14:07:36,BTCUSD_PERP,bid,58100,631.07
2024-08-19 14:15:07,BTCUSD_PERP,bid,58100,516.55
2024-08-19 14:17:32,BTCUSD_PERP,bid,58100,516.26
2024-08-19 14:17:33,BTCUSD_PERP,bid,58100,573.24
2024-08-19 14:36:00,BTCUSD_PERP,bid,58000,573.36
2024-08-19 14:36:01,BTCUSD_PERP,bid,58000,687.22
2024-08-19 14:36:01,BTCUSD_PERP,bid,58000,744.14
2024-08-19 14:36:01,BTCUSD_PERP,bid,58000,801.55
2024-08-19 14:37:28,BTCUSD_PERP,bid,58000,744.62
2024-08-19 14:37:28,BTCUSD_PERP,bid,58000,687.11
2024-08-19 14:37:28,BTCUSD_PERP,bid,58000,630.18
2024-08-19 14:37:28,BTCUSD_PERP,bid,58100,630.52
2024-08-19 14:37:28,BTCUSD_PERP,bid,58100,688.06
2024-08-19 14:37:29,BTCUSD_PERP,bid,58100,745.01
2024-08-19 14:37:29,BTCUSD_PERP,bid,58100,801.97
2024-08-19 14:37:30,BTCUSD_PERP,bid,58100,802.01
2024-08-19 14:37:30,BTCUSD_PERP,bid,58100,804.1
2024-08-19 14:38:23,BTCUSD_PERP,bid,58000,744.03
2024-08-19 14:38:24,BTCUSD_PERP,bid,58000,801.54
2024-08-19 14:40:08,BTCUSD_PERP,bid,58100,744.43
2024-08-19 14:40:08,BTCUSD_PERP,bid,58100,801.97
2024-08-19 14:40:44,BTCUSD_PERP,bid,58000,744.08
2024-08-19 14:40:44,BTCUSD_PERP,bid,58000,801.59
2024-08-19 14:42:18,BTCUSD_PERP,bid,58000,744.08
2024-08-19 14:42:18,BTCUSD_PERP,bid,58000,629.65
2024-08-19 14:42:18,BTCUSD_PERP,bid,58000,572.72
2024-08-19 14:42:20,BTCUSD_PERP,bid,58100,629.35
2024-08-19 14:42:20,BTCUSD_PERP,bid,58100,686.89
2024-08-19 14:42:20,BTCUSD_PERP,bid,58100,744.43
2024-08-19 14:44:01,BTCUSD_PERP,bid,58100,629.45
2024-08-19 14:44:01,BTCUSD_PERP,bid,58100,572.5
2024-08-19 14:44:02,BTCUSD_PERP,bid,58100,573.24
2024-08-19 14:44:02,BTCUSD_PERP,bid,58100,630.22
2024-08-19 14:44:02,BTCUSD_PERP,bid,58100,687.79
2024-08-19 14:44:02,BTCUSD_PERP,bid,58100,802.34
2024-08-19 14:44:03,BTCUSD_PERP,bid,58100,802.38
2024-08-19 14:45:12,BTCUSD_PERP,bid,58100,745.4
2024-08-19 14:45:13,BTCUSD_PERP,bid,58100,687.83
2024-08-19 14:45:13,BTCUSD_PERP,bid,58100,630.85
2024-08-19 14:45:13,BTCUSD_PERP,bid,58100,573.28
2024-08-19 14:45:13,BTCUSD_PERP,bid,58100,686.9
2024-08-19 14:45:13,BTCUSD_PERP,bid,58100,744.44
2024-08-19 14:45:14,BTCUSD_PERP,bid,58100,801.98
2024-08-19 14:50:48,BTCUSD_PERP,bid,58000,638.51
2024-08-19 14:50:48,BTCUSD_PERP,bid,58000,695.99
2024-08-19 14:50:48,BTCUSD_PERP,bid,58000,753.47
2024-08-19 14:52:37,BTCUSD_PERP,bid,58000,571.55
2024-08-19 15:02:19,BTCUSD_PERP,bid,58000,637.78
2024-08-19 15:02:20,BTCUSD_PERP,bid,58000,695.2
2024-08-19 15:07:42,BTCUSD_PERP,bid,58000,598.65
2024-08-19 15:07:42,BTCUSD_PERP,bid,58000,656.14
2024-08-19 15:09:43,BTCUSD_PERP,bid,58000,654.08
2024-08-19 15:09:44,BTCUSD_PERP,bid,58000,640.29
2024-08-19 15:09:47,BTCUSD_PERP,bid,58000,583.39
2024-08-19 15:09:50,BTCUSD_PERP,bid,58100,630.95
2024-08-19 15:11:50,BTCUSD_PERP,bid,58000,686.86
2024-08-19 15:11:50,BTCUSD_PERP,bid,58000,744.3
2024-08-19 15:13:27,BTCUSD_PERP,bid,58000,687.44
2024-08-19 15:13:27,BTCUSD_PERP,bid,58000,630.0
2024-08-19 15:13:28,BTCUSD_PERP,bid,58000,572.93
2024-08-19 15:13:29,BTCUSD_PERP,bid,58000,687.3
2024-08-19 15:13:29,BTCUSD_PERP,bid,58000,801.67
2024-08-19 15:16:02,BTCUSD_PERP,bid,58000,687.1
2024-08-19 15:16:02,BTCUSD_PERP,bid,58000,916.55
2024-08-19 15:16:02,BTCUSD_PERP,bid,58000,974.06
2024-08-19 15:28:28,BTCUSD_PERP,bid,58000,688.26
2024-08-19 15:28:28,BTCUSD_PERP,bid,58000,630.75
2024-08-19 15:28:30,BTCUSD_PERP,bid,58100,573.55
2024-08-19 15:28:30,BTCUSD_PERP,bid,58100,631.09
2024-08-19 15:31:13,BTCUSD_PERP,bid,58000,573.25
2024-08-19 15:31:13,BTCUSD_PERP,bid,58000,630.76
2024-08-19 15:31:13,BTCUSD_PERP,bid,58000,688.27
2024-08-19 15:33:18,BTCUSD_PERP,bid,58000,630.76
2024-08-19 15:33:20,BTCUSD_PERP,bid,58100,525.8
2024-08-19 15:35:28,BTCUSD_PERP,bid,58100,515.93
2024-08-19 15:35:29,BTCUSD_PERP,bid,58100,572.92
2024-08-19 15:35:29,BTCUSD_PERP,bid,58100,630.4
2024-08-19 15:35:29,BTCUSD_PERP,bid,58100,802.55
2024-08-19 15:37:05,BTCUSD_PERP,bid,58100,745.56
2024-08-19 15:37:05,BTCUSD_PERP,bid,58100,630.99
2024-08-19 15:37:05,BTCUSD_PERP,bid,58100,573.41
2024-08-19 15:37:06,BTCUSD_PERP,bid,58100,515.83
2024-08-19 15:37:07,BTCUSD_PERP,bid,58100,516.19
2024-08-19 15:37:07,BTCUSD_PERP,bid,58100,630.7
2024-08-19 15:37:07,BTCUSD_PERP,bid,58100,744.62
2024-08-19 15:37:07,BTCUSD_PERP,bid,58100,802.07
2024-08-19 15:40:59,BTCUSD_PERP,bid,58100,744.71
2024-08-19 15:40:59,BTCUSD_PERP,bid,58100,802.23
2024-08-19 15:47:15,BTCUSD_PERP,bid,58000,630.4
2024-08-19 15:47:15,BTCUSD_PERP,bid,58000,520.83
2024-08-19 15:47:15,BTCUSD_PERP,bid,58000,916.64
2024-08-19 15:47:15,BTCUSD_PERP,bid,58000,578.21
2024-08-19 15:47:15,BTCUSD_PERP,bid,58000,974.12
2024-08-19 15:48:03,BTCUSD_PERP,bid,58000,520.79
2024-08-19 15:48:03,BTCUSD_PERP,bid,58000,744.8
2024-08-19 15:48:03,BTCUSD_PERP,bid,58000,687.32
2024-08-19 15:48:03,BTCUSD_PERP,bid,58000,630.44
2024-08-19 15:48:03,BTCUSD_PERP,bid,58000,573.54
2024-08-19 15:50:19,BTCUSD_PERP,bid,58100,516.59
2024-08-19 15:50:19,BTCUSD_PERP,bid,58100,574.13
2024-08-19 15:50:19,BTCUSD_PERP,bid,58100,631.09
2024-08-19 15:50:19,BTCUSD_PERP,bid,58100,698.31
2024-08-19 15:50:20,BTCUSD_PERP,bid,58100,755.27
2024-08-19 15:50:25,BTCUSD_PERP,bid,58100,755.31
2024-08-19 15:50:28,BTCUSD_PERP,bid,58100,755.35
2024-08-19 15:53:49,BTCUSD_PERP,bid,58100,755.31
2024-08-19 15:53:56,BTCUSD_PERP,bid,58100,755.27
2024-08-19 15:54:29,BTCUSD_PERP,bid,58100,583.23
2024-08-19 15:54:29,BTCUSD_PERP,bid,58000,687.69
2024-08-19 15:54:29,BTCUSD_PERP,bid,58000,745.2
2024-08-19 15:55:00,BTCUSD_PERP,bid,58000,630.18
2024-08-19 15:55:01,BTCUSD_PERP,bid,58000,744.8
2024-08-19 15:56:05,BTCUSD_PERP,bid,58000,687.32
2024-08-19 15:56:05,BTCUSD_PERP,bid,58000,630.43
2024-08-19 15:56:05,BTCUSD_PERP,bid,58000,573.54
2024-08-19 15:56:06,BTCUSD_PERP,bid,58000,572.68
2024-08-19 15:56:07,BTCUSD_PERP,bid,58000,630.19
2024-08-19 15:56:07,BTCUSD_PERP,bid,58000,745.21
2024-08-19 15:57:25,BTCUSD_PERP,bid,58000,688.28
2024-08-19 15:57:25,BTCUSD_PERP,bid,58000,630.77
2024-08-19 15:57:25,BTCUSD_PERP,bid,58000,573.26
2024-08-19 15:57:26,BTCUSD_PERP,bid,58100,526.28
2024-08-19 15:57:26,BTCUSD_PERP,bid,58100,583.82
2024-08-19 15:57:26,BTCUSD_PERP,bid,58100,640.77
2024-08-19 15:57:27,BTCUSD_PERP,bid,58100,698.31
2024-08-19 15:58:51,BTCUSD_PERP,bid,58000,745.78
2024-08-19 15:58:51,BTCUSD_PERP,bid,58000,802.71
2024-08-19 15:58:51,BTCUSD_PERP,bid,58000,860.22
2024-08-19 16:00:46,BTCUSD_PERP,bid,58000,745.3
2024-08-19 16:00:46,BTCUSD_PERP,bid,58000,687.79
2024-08-19 16:00:46,BTCUSD_PERP,bid,58000,630.28
2024-08-19 16:00:46,BTCUSD_PERP,bid,58000,573.35
2024-08-19 16:00:47,BTCUSD_PERP,bid,58100,516.16
2024-08-19 16:00:47,BTCUSD_PERP,bid,58100,573.7
2024-08-19 16:00:47,BTCUSD_PERP,bid,58100,630.66
2024-08-19 16:00:52,BTCUSD_PERP,bid,58100,630.7
2024-08-19 16:02:28,BTCUSD_PERP,bid,58000,687.69
2024-08-19 16:04:42,BTCUSD_PERP,bid,58000,630.18
2024-08-19 16:04:42,BTCUSD_PERP,bid,58000,573.25
2024-08-19 16:04:44,BTCUSD_PERP,bid,58100,516.69
2024-08-19 16:04:44,BTCUSD_PERP,bid,58100,574.24
2024-08-19 16:04:44,BTCUSD_PERP,bid,58100,688.75
2024-08-19 16:06:20,BTCUSD_PERP,bid,58100,631.79
2024-08-19 16:06:20,BTCUSD_PERP,bid,58100,517.28
2024-08-19 16:06:22,BTCUSD_PERP,bid,58100,573.92
2024-08-19 16:06:22,BTCUSD_PERP,bid,58100,631.44
2024-08-19 16:08:30,BTCUSD_PERP,bid,58100,516.5
2024-08-19 16:08:31,BTCUSD_PERP,bid,58100,516.09
2024-08-19 16:08:31,BTCUSD_PERP,bid,58100,573.64
2024-08-19 16:08:31,BTCUSD_PERP,bid,58100,631.19
2024-08-19 16:08:31,BTCUSD_PERP,bid,58100,688.16
2024-08-19 16:08:31,BTCUSD_PERP,bid,58100,745.71
2024-08-19 16:12:59,BTCUSD_PERP,bid,58100,688.16
2024-08-19 16:12:59,BTCUSD_PERP,bid,58100,631.2
2024-08-19 16:12:59,BTCUSD_PERP,bid,58100,573.75
2024-08-19 16:12:59,BTCUSD_PERP,bid,58100,516.2
2024-08-19 16:13:00,BTCUSD_PERP,bid,58100,520.42
2024-08-19 16:13:00,BTCUSD_PERP,bid,58100,635.58
2024-08-19 16:13:00,BTCUSD_PERP,bid,58100,693.16
2024-08-19 16:13:00,BTCUSD_PERP,bid,58100,750.16
2024-08-19 16:13:22,BTCUSD_PERP,bid,58100,746.08
2024-08-19 16:17:10,BTCUSD_PERP,bid,58100,688.5
2024-08-19 16:17:10,BTCUSD_PERP,bid,58100,631.5
2024-08-19 16:17:11,BTCUSD_PERP,bid,58100,517.02
2024-08-19 16:17:11,BTCUSD_PERP,bid,58100,572.99
2024-08-19 16:17:11,BTCUSD_PERP,bid,58100,630.53
2024-08-19 16:17:11,BTCUSD_PERP,bid,58100,687.49
2024-08-19 16:17:12,BTCUSD_PERP,bid,58100,745.03
2024-08-19 16:17:12,BTCUSD_PERP,bid,58100,801.99
2024-08-19 16:17:12,BTCUSD_PERP,bid,58100,859.53
2024-08-19 16:17:12,BTCUSD_PERP,bid,58100,974.61
2024-08-19 16:19:19,BTCUSD_PERP,bid,58100,974.65
2024-08-19 16:22:12,BTCUSD_PERP,bid,58100,802.61
2024-08-19 16:40:34,BTCUSD_PERP,bid,58100,572.84
2024-08-19 16:45:28,BTCUSD_PERP,bid,58000,572.68
2024-08-19 16:45:28,BTCUSD_PERP,bid,58000,629.54
2024-08-19 16:45:35,BTCUSD_PERP,bid,58000,629.58
2024-08-19 16:45:36,BTCUSD_PERP,bid,58000,629.62
2024-08-19 09:32:55,BTCUSD_PERP,bid,58200,516.26
2024-08-19 10:09:59,BTCUSD_PERP,bid,58200,516.82
2024-08-19 10:09:59,BTCUSD_PERP,bid,58200,574.45
2024-08-19 10:09:59,BTCUSD_PERP,bid,58200,631.5
2024-08-19 10:10:31,BTCUSD_PERP,bid,58200,573.87
2024-08-19 10:39:13,BTCUSD_PERP,bid,58200,518.14
2024-08-19 10:39:13,BTCUSD_PERP,bid,58200,575.78
2024-08-19 10:39:13,BTCUSD_PERP,bid,58200,632.83
2024-08-19 10:39:13,BTCUSD_PERP,bid,58200,690.47
2024-08-19 10:39:14,BTCUSD_PERP,bid,58200,748.11
2024-08-19 10:39:14,BTCUSD_PERP,bid,58200,862.8
2024-08-19 10:39:17,BTCUSD_PERP,bid,58200,876.75
2024-08-19 10:39:18,BTCUSD_PERP,bid,58200,878.84
2024-08-19 10:39:20,BTCUSD_PERP,bid,58200,877.1
2024-08-19 10:39:23,BTCUSD_PERP,bid,58200,877.14
2024-08-19 10:39:48,BTCUSD_PERP,bid,58200,647.17
2024-08-19 10:42:46,BTCUSD_PERP,bid,58200,516.94
2024-08-19 10:42:47,BTCUSD_PERP,bid,58200,574.57
2024-08-19 10:42:47,BTCUSD_PERP,bid,58200,632.2
2024-08-19 10:42:47,BTCUSD_PERP,bid,58200,689.25
2024-08-19 10:42:47,BTCUSD_PERP,bid,58200,746.31
2024-08-19 10:42:55,BTCUSD_PERP,bid,58200,746.35
2024-08-19 10:43:20,BTCUSD_PERP,bid,58200,746.39
2024-08-19 10:44:50,BTCUSD_PERP,bid,58200,688.76
2024-08-19 10:44:51,BTCUSD_PERP,bid,58200,631.71
2024-08-19 10:44:51,BTCUSD_PERP,bid,58200,574.08
2024-08-19 10:44:51,BTCUSD_PERP,bid,58200,517.02
2024-08-19 10:44:51,BTCUSD_PERP,bid,58200,516.17
2024-08-19 10:44:52,BTCUSD_PERP,bid,58200,527.63
2024-08-19 10:44:52,BTCUSD_PERP,bid,58200,584.73
2024-08-19 10:45:18,BTCUSD_PERP,bid,58200,517.17
2024-08-19 10:47:58,BTCUSD_PERP,bid,58200,526.46
2024-08-19 10:47:59,BTCUSD_PERP,bid,58200,584.09
2024-08-19 10:48:06,BTCUSD_PERP,bid,58200,584.13
2024-08-19 10:51:28,BTCUSD_PERP,bid,58200,517.07
2024-08-19 10:51:28,BTCUSD_PERP,bid,58200,574.73
2024-08-19 10:56:25,BTCUSD_PERP,bid,58200,517.07
2024-08-19 10:56:27,BTCUSD_PERP,bid,58200,517.39
2024-08-19 10:56:27,BTCUSD_PERP,bid,58200,574.43
2024-08-19 10:56:43,BTCUSD_PERP,bid,58200,574.47
2024-08-19 14:08:35,BTCUSD_PERP,bid,58200,573.98
2024-08-19 14:08:35,BTCUSD_PERP,bid,58200,631.61
2024-08-19 14:08:35,BTCUSD_PERP,bid,58200,689.24
2024-08-19 14:10:29,BTCUSD_PERP,bid,58200,632.19
2024-08-19 14:10:30,BTCUSD_PERP,bid,58200,574.56
2024-08-19 14:10:31,BTCUSD_PERP,bid,58200,516.77
2024-08-19 14:10:31,BTCUSD_PERP,bid,58200,574.44
2024-08-19 14:13:02,BTCUSD_PERP,bid,58200,516.82
2024-08-19 17:10:07,BTCUSD_PERP,ask,58500,520.69
2024-08-19 17:10:07,BTCUSD_PERP,ask,58500,530.05
2024-08-19 18:27:04,BTCUSD_PERP,ask,58600,515.96
2024-08-19 18:27:09,BTCUSD_PERP,ask,58600,521.81
2024-08-19 18:27:10,BTCUSD_PERP,ask,58600,531.18
2024-08-19 18:27:11,BTCUSD_PERP,ask,58600,540.84
2024-08-19 18:27:12,BTCUSD_PERP,ask,58600,550.21
2024-08-19 18:27:13,BTCUSD_PERP,ask,58600,559.58
2024-08-19 18:27:22,BTCUSD_PERP,ask,58600,550.22
2024-08-19 18:27:22,BTCUSD_PERP,ask,58600,559.58
2024-08-19 18:27:24,BTCUSD_PERP,ask,58600,550.21
2024-08-19 18:27:25,BTCUSD_PERP,ask,58600,559.58
2024-08-19 18:27:31,BTCUSD_PERP,ask,58600,550.21
2024-08-19 18:27:32,BTCUSD_PERP,ask,58600,559.58
2024-08-19 18:27:32,BTCUSD_PERP,ask,58600,553.73
2024-08-19 18:27:32,BTCUSD_PERP,ask,58600,559.58
2024-08-19 18:27:34,BTCUSD_PERP,ask,58600,550.21
2024-08-19 18:27:35,BTCUSD_PERP,ask,58600,559.58
2024-08-19 18:27:41,BTCUSD_PERP,ask,58600,550.51
2024-08-19 18:27:42,BTCUSD_PERP,ask,58600,559.58
2024-08-19 18:27:47,BTCUSD_PERP,ask,58600,578.9
2024-08-19 18:27:49,BTCUSD_PERP,ask,58600,598.22
2024-08-19 18:27:52,BTCUSD_PERP,ask,58600,588.85
2024-08-19 18:27:53,BTCUSD_PERP,ask,58600,608.17
2024-08-19 18:27:53,BTCUSD_PERP,ask,58600,598.8
2024-08-19 18:27:53,BTCUSD_PERP,ask,58600,608.17
2024-08-19 18:27:54,BTCUSD_PERP,ask,58600,617.54
2024-08-19 18:27:56,BTCUSD_PERP,ask,58600,611.69
2024-08-19 18:27:56,BTCUSD_PERP,ask,58600,617.54
2024-08-19 18:28:00,BTCUSD_PERP,ask,58600,611.69
2024-08-19 18:28:01,BTCUSD_PERP,ask,58600,617.54
2024-08-19 18:28:01,BTCUSD_PERP,ask,58600,611.69
2024-08-19 18:28:01,BTCUSD_PERP,ask,58600,617.54
2024-08-19 18:28:05,BTCUSD_PERP,ask,58600,608.17
2024-08-19 18:28:07,BTCUSD_PERP,ask,58600,617.54
2024-08-19 18:28:10,BTCUSD_PERP,ask,58600,611.69
2024-08-19 18:28:10,BTCUSD_PERP,ask,58600,617.54
2024-08-19 18:28:11,BTCUSD_PERP,ask,58600,608.17
2024-08-19 18:28:11,BTCUSD_PERP,ask,58600,617.54
2024-08-19 18:28:13,BTCUSD_PERP,ask,58600,608.17
2024-08-19 18:28:13,BTCUSD_PERP,ask,58600,608.17
2024-08-19 18:28:13,BTCUSD_PERP,ask,58600,617.54
2024-08-19 18:28:22,BTCUSD_PERP,ask,58600,611.69
2024-08-19 18:28:22,BTCUSD_PERP,ask,58600,602.33
2024-08-19 18:28:25,BTCUSD_PERP,ask,58600,592.96
2024-08-19 18:28:32,BTCUSD_PERP,ask,58600,583.59
2024-08-19 18:28:33,BTCUSD_PERP,ask,58600,577.74
2024-08-19 18:28:35,BTCUSD_PERP,ask,58600,568.37
2024-08-19 18:28:43,BTCUSD_PERP,ask,58600,559.3
2024-08-19 18:28:49,BTCUSD_PERP,ask,58600,549.64
2024-08-19 18:28:53,BTCUSD_PERP,ask,58600,540.27
2024-08-19 18:28:53,BTCUSD_PERP,ask,58600,534.42
2024-08-19 18:28:54,BTCUSD_PERP,ask,58600,525.05
2024-08-19 18:28:57,BTCUSD_PERP,ask,58600,519.2
2024-08-19 18:29:01,BTCUSD_PERP,ask,58600,513.35
2024-08-19 20:08:32,BTCUSD_PERP,bid,58100,572.2
2024-08-19 20:08:33,BTCUSD_PERP,bid,58100,629.71
2024-08-19 20:08:33,BTCUSD_PERP,bid,58100,687.22
2024-08-19 20:08:33,BTCUSD_PERP,bid,58100,801.66
2024-08-19 20:08:33,BTCUSD_PERP,bid,58100,916.68
2024-08-19 20:08:33,BTCUSD_PERP,bid,58100,973.61
2024-08-19 20:08:33,BTCUSD_PERP,bid,58100,1031.03
2024-08-19 20:09:59,BTCUSD_PERP,bid,58100,859.08
2024-08-19 20:12:05,BTCUSD_PERP,bid,58100,572.28
2024-08-19 20:12:05,BTCUSD_PERP,bid,58100,629.8
2024-08-19 20:12:05,BTCUSD_PERP,bid,58100,686.74
2024-08-19 20:12:05,BTCUSD_PERP,bid,58100,744.16
2024-08-19 20:12:06,BTCUSD_PERP,bid,58100,801.68
2024-08-19 20:12:06,BTCUSD_PERP,bid,58100,859.2
2024-08-19 20:12:06,BTCUSD_PERP,bid,58100,1031.76
2024-08-19 20:12:48,BTCUSD_PERP,bid,58100,687.9
2024-08-19 20:16:28,BTCUSD_PERP,bid,58200,575.02
2024-08-19 20:16:28,BTCUSD_PERP,bid,58200,632.06
2024-08-19 20:18:08,BTCUSD_PERP,bid,58200,574.44
2024-08-19 20:18:08,BTCUSD_PERP,bid,58200,516.82
2024-08-19 20:18:09,BTCUSD_PERP,bid,58200,517.1
2024-08-19 20:18:09,BTCUSD_PERP,bid,58200,631.71
2024-08-19 20:18:09,BTCUSD_PERP,bid,58200,689.36
2024-08-19 20:18:09,BTCUSD_PERP,bid,58200,746.43
2024-08-19 20:18:10,BTCUSD_PERP,bid,58200,803.5
2024-08-19 20:18:10,BTCUSD_PERP,bid,58200,918.21
2024-08-19 20:18:10,BTCUSD_PERP,bid,58200,1090.58
2024-08-19 20:18:41,BTCUSD_PERP,bid,58200,1032.93
2024-08-19 20:18:41,BTCUSD_PERP,bid,58200,918.79
2024-08-19 20:18:41,BTCUSD_PERP,bid,58200,804.08
2024-08-19 20:18:41,BTCUSD_PERP,bid,58200,688.78
2024-08-19 20:18:41,BTCUSD_PERP,bid,58200,574.17
2024-08-19 20:20:07,BTCUSD_PERP,bid,58400,575.07
2024-08-19 20:20:26,BTCUSD_PERP,bid,58400,517.84
2024-08-19 20:20:27,BTCUSD_PERP,bid,58300,574.78
2024-08-19 20:20:27,BTCUSD_PERP,bid,58300,631.97
2024-08-19 20:20:27,BTCUSD_PERP,bid,58300,689.75
2024-08-19 20:20:27,BTCUSD_PERP,bid,58300,747.53
2024-08-19 20:20:27,BTCUSD_PERP,bid,58300,805.31
2024-08-19 20:20:27,BTCUSD_PERP,bid,58300,863.09
2024-08-19 20:20:47,BTCUSD_PERP,bid,58300,748.11
2024-08-19 20:20:47,BTCUSD_PERP,bid,58300,690.56
2024-08-19 20:20:48,BTCUSD_PERP,bid,58300,748.31
2024-08-19 20:20:59,BTCUSD_PERP,bid,58300,517.62
2024-08-19 20:21:00,BTCUSD_PERP,bid,58300,805.06
2024-08-19 20:21:00,BTCUSD_PERP,bid,58300,862.78
2024-08-19 20:21:21,BTCUSD_PERP,bid,58300,805.06
2024-08-19 20:21:21,BTCUSD_PERP,bid,58300,747.34
2024-08-19 20:21:22,BTCUSD_PERP,bid,58300,689.62
2024-08-19 20:21:22,BTCUSD_PERP,bid,58300,517.05
2024-08-19 20:21:24,BTCUSD_PERP,bid,58300,633.0
2024-08-19 20:21:24,BTCUSD_PERP,bid,58300,747.83
2024-08-19 20:21:24,BTCUSD_PERP,bid,58300,805.59
2024-08-19 20:21:24,BTCUSD_PERP,bid,58300,862.76
2024-08-19 20:21:52,BTCUSD_PERP,bid,58300,805.0
2024-08-19 20:21:52,BTCUSD_PERP,bid,58300,690.07
2024-08-19 20:21:52,BTCUSD_PERP,bid,58300,632.31
2024-08-19 20:21:52,BTCUSD_PERP,bid,58300,516.79
2024-08-19 20:23:29,BTCUSD_PERP,bid,58300,574.65
2024-08-19 20:23:30,BTCUSD_PERP,bid,58300,632.41
2024-08-19 20:23:51,BTCUSD_PERP,bid,58300,804.58
2024-08-19 20:23:51,BTCUSD_PERP,bid,58300,862.31
2024-08-19 20:24:19,BTCUSD_PERP,bid,58300,690.3
2024-08-19 20:24:19,BTCUSD_PERP,bid,58200,813.86
2024-08-19 20:24:19,BTCUSD_PERP,bid,58200,871.56
2024-08-19 20:24:28,BTCUSD_PERP,bid,58200,516.5
2024-08-19 20:24:28,BTCUSD_PERP,bid,58200,803.64
2024-08-19 20:24:28,BTCUSD_PERP,bid,58200,861.3
2024-08-19 20:24:34,BTCUSD_PERP,bid,58200,804.23
2024-08-19 20:24:34,BTCUSD_PERP,bid,58200,747.15
2024-08-19 20:24:34,BTCUSD_PERP,bid,58200,689.49
2024-08-19 20:24:35,BTCUSD_PERP,bid,58200,631.83
2024-08-19 20:24:35,BTCUSD_PERP,bid,58200,516.61
2024-08-19 20:24:35,BTCUSD_PERP,bid,58200,575.0
2024-08-19 20:24:35,BTCUSD_PERP,bid,58200,632.11
2024-08-19 20:24:35,BTCUSD_PERP,bid,58200,689.22
2024-08-19 20:24:35,BTCUSD_PERP,bid,58200,746.32
2024-08-19 20:24:36,BTCUSD_PERP,bid,58200,804.0
2024-08-19 20:24:36,BTCUSD_PERP,bid,58200,861.68
2024-08-19 20:24:43,BTCUSD_PERP,bid,58200,804.0
2024-08-19 20:24:44,BTCUSD_PERP,bid,58200,632.1
2024-08-19 20:24:44,BTCUSD_PERP,bid,58200,574.42
2024-08-19 20:24:44,BTCUSD_PERP,bid,58200,517.31
2024-08-19 20:24:44,BTCUSD_PERP,bid,58300,516.62
2024-08-19 20:24:44,BTCUSD_PERP,bid,58300,574.35
2024-08-19 20:25:42,BTCUSD_PERP,bid,58200,526.54
2024-08-19 20:25:53,BTCUSD_PERP,bid,58200,516.57
2024-08-19 20:25:53,BTCUSD_PERP,bid,58200,574.24
2024-08-19 20:26:16,BTCUSD_PERP,bid,58200,517.43
2024-08-19 20:26:16,BTCUSD_PERP,bid,58200,631.65
2024-08-19 20:26:16,BTCUSD_PERP,bid,58200,689.35
2024-08-19 20:26:16,BTCUSD_PERP,bid,58200,747.05
2024-08-19 20:26:16,BTCUSD_PERP,bid,58200,804.16
2024-08-19 20:26:17,BTCUSD_PERP,bid,58200,861.86
2024-08-19 20:26:42,BTCUSD_PERP,bid,58200,573.65
2024-08-19 20:26:43,BTCUSD_PERP,bid,58200,631.32
2024-08-19 20:26:43,BTCUSD_PERP,bid,58200,688.99
2024-08-19 20:27:02,BTCUSD_PERP,bid,58200,516.94
2024-08-19 20:27:02,BTCUSD_PERP,bid,58200,574.65
2024-08-19 20:27:02,BTCUSD_PERP,bid,58200,747.19
2024-08-19 20:28:18,BTCUSD_PERP,bid,58200,689.7
2024-08-19 20:28:48,BTCUSD_PERP,bid,58200,632.02
2024-08-19 20:28:48,BTCUSD_PERP,bid,58200,516.76
2024-08-19 20:28:48,BTCUSD_PERP,bid,58200,516.92
2024-08-19 20:28:48,BTCUSD_PERP,bid,58200,574.04
2024-08-19 20:28:49,BTCUSD_PERP,bid,58200,688.86
2024-08-19 20:28:49,BTCUSD_PERP,bid,58200,861.4
2024-08-19 20:28:49,BTCUSD_PERP,bid,58200,919.11
2024-08-19 20:28:49,BTCUSD_PERP,bid,58200,1033.94
2024-08-19 20:29:19,BTCUSD_PERP,bid,58200,631.85
2024-08-19 20:29:19,BTCUSD_PERP,bid,58200,860.92
2024-08-19 20:29:19,BTCUSD_PERP,bid,58200,918.59
2024-08-19 20:30:00,BTCUSD_PERP,bid,58200,860.92
2024-08-19 20:30:00,BTCUSD_PERP,bid,58200,745.58
2024-08-19 20:30:03,BTCUSD_PERP,bid,58200,688.5
2024-08-19 20:30:03,BTCUSD_PERP,bid,58200,630.83
2024-08-19 20:30:03,BTCUSD_PERP,bid,58200,516.08
2024-08-19 20:30:04,BTCUSD_PERP,bid,58200,573.46
2024-08-19 20:30:04,BTCUSD_PERP,bid,58200,630.57
2024-08-19 20:30:04,BTCUSD_PERP,bid,58200,688.27
2024-08-19 20:30:04,BTCUSD_PERP,bid,58200,745.97
2024-08-19 20:30:04,BTCUSD_PERP,bid,58200,860.78
2024-08-19 20:30:07,BTCUSD_PERP,bid,58200,803.67
2024-08-19 20:30:07,BTCUSD_PERP,bid,58200,746.56
2024-08-19 20:30:07,BTCUSD_PERP,bid,58200,689.45
2024-08-19 20:30:08,BTCUSD_PERP,bid,58200,632.34
2024-08-19 20:30:08,BTCUSD_PERP,bid,58200,575.23
2024-08-19 20:30:08,BTCUSD_PERP,bid,58200,517.53
2024-08-19 20:30:08,BTCUSD_PERP,bid,58200,515.49
2024-08-19 20:30:08,BTCUSD_PERP,bid,58200,688.4
2024-08-19 20:30:11,BTCUSD_PERP,bid,58200,745.48
2024-08-19 20:30:36,BTCUSD_PERP,bid,58200,688.4
2024-08-19 20:30:37,BTCUSD_PERP,bid,58200,631.32
2024-08-19 20:30:37,BTCUSD_PERP,bid,58200,574.24
2024-08-19 20:30:37,BTCUSD_PERP,bid,58200,516.95
2024-08-19 20:30:38,BTCUSD_PERP,bid,58200,517.16
2024-08-19 20:30:38,BTCUSD_PERP,bid,58200,631.77
2024-08-19 20:30:38,BTCUSD_PERP,bid,58200,746.01
2024-08-19 20:30:38,BTCUSD_PERP,bid,58200,918.53
2024-08-19 20:30:38,BTCUSD_PERP,bid,58200,1033.83
2024-08-19 20:30:56,BTCUSD_PERP,bid,58200,976.13
2024-08-19 20:30:56,BTCUSD_PERP,bid,58200,918.43
2024-08-19 20:30:56,BTCUSD_PERP,bid,58200,803.62
2024-08-19 20:30:56,BTCUSD_PERP,bid,58200,631.11
2024-08-19 20:30:57,BTCUSD_PERP,bid,58200,573.99
2024-08-19 20:30:57,BTCUSD_PERP,bid,58200,516.68
2024-08-19 20:30:57,BTCUSD_PERP,bid,58200,516.87
2024-08-19 20:30:57,BTCUSD_PERP,bid,58200,631.43
2024-08-19 20:30:57,BTCUSD_PERP,bid,58200,746.18
2024-08-19 20:30:57,BTCUSD_PERP,bid,58200,861.52
2024-08-19 20:30:57,BTCUSD_PERP,bid,58200,919.09
2024-08-19 20:30:58,BTCUSD_PERP,bid,58200,976.17
2024-08-19 20:30:58,BTCUSD_PERP,bid,58200,1033.25
2024-08-19 20:31:08,BTCUSD_PERP,bid,58100,631.11
2024-08-19 20:31:08,BTCUSD_PERP,bid,58100,732.46
2024-08-19 20:31:08,BTCUSD_PERP,bid,58200,860.29
2024-08-19 20:31:08,BTCUSD_PERP,bid,58200,917.92
2024-08-19 20:31:21,BTCUSD_PERP,bid,58200,860.87
2024-08-19 20:31:22,BTCUSD_PERP,bid,58200,631.51
2024-08-19 20:31:22,BTCUSD_PERP,bid,58200,573.88
2024-08-19 20:31:22,BTCUSD_PERP,bid,58200,516.25
2024-08-19 20:31:29,BTCUSD_PERP,bid,58300,517.1
2024-08-19 20:31:29,BTCUSD_PERP,bid,58300,574.82
2024-08-19 08:56:49,BTCUSD_PERP,ask,59100,515.3
2024-08-19 08:56:49,BTCUSD_PERP,ask,59100,524.75
2024-08-19 08:56:53,BTCUSD_PERP,ask,59100,534.2
2024-08-19 08:56:53,BTCUSD_PERP,ask,59100,540.1
2024-08-19 08:56:54,BTCUSD_PERP,ask,59100,559.29
2024-08-19 08:56:55,BTCUSD_PERP,ask,59100,568.74
2024-08-19 08:56:56,BTCUSD_PERP,ask,59100,578.19
2024-08-20 00:40:07,BTCUSD_PERP,bid,58900,1300.35
2024-08-20 00:41:47,BTCUSD_PERP,bid,58900,1300.64
2024-08-20 00:41:54,BTCUSD_PERP,bid,58900,1300.35
2024-08-20 00:41:55,BTCUSD_PERP,bid,58900,1300.96
2024-08-20 00:42:30,BTCUSD_PERP,bid,58900,1301.4
2024-08-20 00:42:35,BTCUSD_PERP,bid,58900,1300.96
2024-08-20 00:42:38,BTCUSD_PERP,bid,58900,1301.54
2024-08-20 00:42:41,BTCUSD_PERP,bid,58900,1300.96
2024-08-20 00:42:42,BTCUSD_PERP,bid,58900,1300.35
2024-08-20 00:42:47,BTCUSD_PERP,bid,58900,1300.67
2024-08-20 00:42:48,BTCUSD_PERP,bid,58900,1300.35
2024-08-20 00:43:08,BTCUSD_PERP,bid,59000,903.11
2024-08-20 00:43:08,BTCUSD_PERP,bid,59000,906.13
2024-08-20 00:43:09,BTCUSD_PERP,bid,59000,904.02
2024-08-20 00:43:09,BTCUSD_PERP,bid,59000,904.17
2024-08-20 00:43:09,BTCUSD_PERP,bid,59000,906.32
2024-08-20 00:43:09,BTCUSD_PERP,bid,59000,906.29
2024-08-20 00:43:09,BTCUSD_PERP,bid,59000,906.73
2024-08-20 00:43:10,BTCUSD_PERP,bid,59000,881.73
2024-08-20 00:43:10,BTCUSD_PERP,bid,59000,881.84
2024-08-20 00:43:10,BTCUSD_PERP,bid,59000,881.88
2024-08-20 00:43:11,BTCUSD_PERP,bid,59000,889.38
2024-08-20 00:43:11,BTCUSD_PERP,bid,59000,889.6
2024-08-20 00:43:11,BTCUSD_PERP,bid,59000,886.58
2024-08-20 00:43:12,BTCUSD_PERP,bid,59000,886.02
2024-08-20 00:43:12,BTCUSD_PERP,bid,59000,885.21
2024-08-20 00:43:13,BTCUSD_PERP,bid,59000,885.17
2024-08-20 00:43:13,BTCUSD_PERP,bid,59000,885.54
2024-08-20 00:43:19,BTCUSD_PERP,bid,59000,885.39
2024-08-20 00:43:19,BTCUSD_PERP,bid,59000,885.35
2024-08-20 00:43:21,BTCUSD_PERP,bid,59000,885.18
2024-08-20 00:43:21,BTCUSD_PERP,bid,59000,885.13
2024-08-20 00:43:27,BTCUSD_PERP,bid,59000,885.13
2024-08-20 00:43:31,BTCUSD_PERP,bid,59000,885.14
2024-08-20 00:43:32,BTCUSD_PERP,bid,59000,885.13
2024-08-20 00:43:32,BTCUSD_PERP,bid,59000,885.14
2024-08-20 00:43:35,BTCUSD_PERP,bid,59000,888.02
2024-08-20 00:43:38,BTCUSD_PERP,bid,59000,880.52
2024-08-20 00:43:38,BTCUSD_PERP,bid,59000,879.72
2024-08-20 00:43:40,BTCUSD_PERP,bid,59000,876.46
2024-08-20 00:43:40,BTCUSD_PERP,bid,59000,879.35
2024-08-20 00:43:42,BTCUSD_PERP,bid,59000,879.36
2024-08-20 00:43:51,BTCUSD_PERP,bid,59000,879.35
2024-08-20 00:43:55,BTCUSD_PERP,bid,59000,876.71
2024-08-20 00:43:55,BTCUSD_PERP,bid,59000,876.46
2024-08-20 00:43:59,BTCUSD_PERP,bid,59000,876.46
2024-08-20 00:44:00,BTCUSD_PERP,bid,59000,876.47
2024-08-20 00:44:00,BTCUSD_PERP,bid,59000,879.35
2024-08-20 00:44:00,BTCUSD_PERP,bid,59000,876.47
2024-08-20 00:44:00,BTCUSD_PERP,bid,59000,876.47
2024-08-20 00:44:00,BTCUSD_PERP,bid,59000,876.46
2024-08-20 00:44:01,BTCUSD_PERP,bid,59000,876.47
2024-08-20 00:44:02,BTCUSD_PERP,bid,59000,876.46
2024-08-20 00:44:04,BTCUSD_PERP,bid,59000,876.46
2024-08-20 00:44:05,BTCUSD_PERP,bid,59000,876.47
2024-08-20 00:44:05,BTCUSD_PERP,bid,59000,879.35
2024-08-20 00:44:13,BTCUSD_PERP,bid,59000,876.46
2024-08-20 00:44:13,BTCUSD_PERP,bid,59000,876.47
2024-08-20 00:44:16,BTCUSD_PERP,bid,59000,876.46
2024-08-20 00:44:17,BTCUSD_PERP,bid,59000,876.46
2024-08-20 00:44:31,BTCUSD_PERP,bid,59000,876.46
2024-08-20 00:44:32,BTCUSD_PERP,bid,59000,876.36
2024-08-20 00:44:32,BTCUSD_PERP,bid,59000,825.69
2024-08-20 00:44:32,BTCUSD_PERP,bid,59000,825.65
2024-08-20 00:44:32,BTCUSD_PERP,bid,59000,825.66
2024-08-20 00:44:33,BTCUSD_PERP,bid,59000,825.7
2024-08-20 00:44:33,BTCUSD_PERP,bid,59000,827.81
2024-08-20 00:44:34,BTCUSD_PERP,bid,59000,827.94
2024-08-20 00:44:34,BTCUSD_PERP,bid,59000,828.44
2024-08-20 00:44:34,BTCUSD_PERP,bid,59000,828.34
2024-08-20 00:44:35,BTCUSD_PERP,bid,59000,828.38
2024-08-20 00:44:35,BTCUSD_PERP,bid,59000,828.32
2024-08-20 00:44:35,BTCUSD_PERP,bid,59000,827.73
2024-08-20 00:44:35,BTCUSD_PERP,bid,59000,823.63
2024-08-20 00:44:35,BTCUSD_PERP,bid,59000,823.61
2024-08-20 00:44:36,BTCUSD_PERP,bid,59000,823.65
2024-08-20 00:44:36,BTCUSD_PERP,bid,59000,823.65
2024-08-20 00:44:36,BTCUSD_PERP,bid,59000,823.61
2024-08-20 00:44:36,BTCUSD_PERP,bid,59000,823.74
2024-08-20 00:44:36,BTCUSD_PERP,bid,59000,823.68
2024-08-20 00:44:37,BTCUSD_PERP,bid,59000,822.55
2024-08-20 00:44:37,BTCUSD_PERP,bid,59000,818.33
2024-08-20 00:44:38,BTCUSD_PERP,bid,59000,818.24
2024-08-20 00:44:38,BTCUSD_PERP,bid,59000,818.23
2024-08-20 00:44:38,BTCUSD_PERP,bid,59000,818.26
2024-08-20 00:44:38,BTCUSD_PERP,bid,59000,818.39
2024-08-20 00:44:39,BTCUSD_PERP,bid,59000,815.39
2024-08-20 00:44:39,BTCUSD_PERP,bid,59000,815.43
2024-08-20 00:44:39,BTCUSD_PERP,bid,59000,815.85
2024-08-20 00:44:39,BTCUSD_PERP,bid,59000,815.81
2024-08-20 00:44:39,BTCUSD_PERP,bid,59000,815.42
2024-08-20 00:44:40,BTCUSD_PERP,bid,59000,815.46
2024-08-20 00:44:40,BTCUSD_PERP,bid,59000,815.36
2024-08-20 00:44:41,BTCUSD_PERP,bid,59000,815.41
2024-08-20 00:44:41,BTCUSD_PERP,bid,59000,815.31
2024-08-20 00:44:42,BTCUSD_PERP,bid,59000,815.12
2024-08-20 00:44:42,BTCUSD_PERP,bid,59000,815.1
2024-08-20 00:44:42,BTCUSD_PERP,bid,59000,815.24
2024-08-20 00:44:43,BTCUSD_PERP,bid,59000,815.27
2024-08-20 00:44:43,BTCUSD_PERP,bid,59000,815.31
2024-08-20 00:44:43,BTCUSD_PERP,bid,59000,815.27
2024-08-20 00:44:43,BTCUSD_PERP,bid,59000,816.05
2024-08-20 00:44:43,BTCUSD_PERP,bid,59000,816.71
2024-08-20 00:44:44,BTCUSD_PERP,bid,59000,816.28
2024-08-20 00:44:44,BTCUSD_PERP,bid,59000,815.89
2024-08-20 00:44:44,BTCUSD_PERP,bid,59000,816.02
2024-08-20 00:44:44,BTCUSD_PERP,bid,59000,815.89
2024-08-20 00:44:45,BTCUSD_PERP,bid,59000,815.93
2024-08-20 00:44:45,BTCUSD_PERP,bid,59000,815.98
2024-08-20 00:44:45,BTCUSD_PERP,bid,59000,815.94
2024-08-20 00:44:46,BTCUSD_PERP,bid,59000,815.66
2024-08-20 00:44:46,BTCUSD_PERP,bid,59000,815.69
2024-08-20 00:44:46,BTCUSD_PERP,bid,59000,815.82
2024-08-20 00:44:46,BTCUSD_PERP,bid,59000,815.69
2024-08-20 00:44:47,BTCUSD_PERP,bid,59000,811.34
2024-08-20 00:44:47,BTCUSD_PERP,bid,59000,810.57
2024-08-20 00:44:47,BTCUSD_PERP,bid,59000,810.61
2024-08-20 00:44:47,BTCUSD_PERP,bid,59000,810.56
2024-08-20 00:44:47,BTCUSD_PERP,bid,59000,811.06
2024-08-20 00:44:48,BTCUSD_PERP,bid,59000,811.76
2024-08-20 00:44:48,BTCUSD_PERP,bid,59000,809.0
2024-08-20 00:44:48,BTCUSD_PERP,bid,59000,808.53
2024-08-20 00:44:48,BTCUSD_PERP,bid,59000,808.66
2024-08-20 00:44:49,BTCUSD_PERP,bid,59000,808.53
2024-08-20 00:44:49,BTCUSD_PERP,bid,59000,807.6
2024-08-20 00:44:49,BTCUSD_PERP,bid,59000,807.57
2024-08-20 00:44:49,BTCUSD_PERP,bid,59000,807.5
2024-08-20 00:44:50,BTCUSD_PERP,bid,59000,807.65
2024-08-20 00:44:50,BTCUSD_PERP,bid,59000,807.01
2024-08-20 00:44:50,BTCUSD_PERP,bid,59000,806.51
2024-08-20 00:44:51,BTCUSD_PERP,bid,59000,807.59
2024-08-20 00:44:51,BTCUSD_PERP,bid,59000,807.7
2024-08-20 00:44:51,BTCUSD_PERP,bid,59000,807.74
2024-08-20 00:44:51,BTCUSD_PERP,bid,59000,814.8
2024-08-20 00:44:51,BTCUSD_PERP,bid,59000,814.76
2024-08-20 00:44:51,BTCUSD_PERP,bid,59000,814.02
2024-08-20 00:44:51,BTCUSD_PERP,bid,59000,813.91
2024-08-20 00:44:52,BTCUSD_PERP,bid,59000,813.77
2024-08-20 00:44:53,BTCUSD_PERP,bid,59000,813.74
2024-08-20 00:44:54,BTCUSD_PERP,bid,59000,813.61
2024-08-20 00:44:55,BTCUSD_PERP,bid,59000,812.7
2024-08-20 00:44:55,BTCUSD_PERP,bid,59000,812.3
2024-08-20 00:44:56,BTCUSD_PERP,bid,59000,803.87
2024-08-20 00:44:57,BTCUSD_PERP,bid,59000,805.58
2024-08-20 00:44:57,BTCUSD_PERP,bid,59000,805.54
2024-08-20 00:44:57,BTCUSD_PERP,bid,59000,805.55
2024-08-20 00:44:58,BTCUSD_PERP,bid,59000,805.59
2024-08-20 00:44:58,BTCUSD_PERP,bid,59000,805.73
2024-08-20 00:44:58,BTCUSD_PERP,bid,59000,805.6
2024-08-20 00:44:59,BTCUSD_PERP,bid,59000,806.2
2024-08-20 00:44:59,BTCUSD_PERP,bid,59000,807.67
2024-08-20 00:44:59,BTCUSD_PERP,bid,59000,807.69
2024-08-20 00:44:59,BTCUSD_PERP,bid,59000,807.73
2024-08-20 00:44:59,BTCUSD_PERP,bid,59000,807.69
2024-08-20 00:45:00,BTCUSD_PERP,bid,59000,805.28
2024-08-20 00:45:00,BTCUSD_PERP,bid,59000,805.28
2024-08-20 00:45:00,BTCUSD_PERP,bid,59000,805.17
2024-08-20 00:45:00,BTCUSD_PERP,bid,59000,805.16
2024-08-20 00:45:01,BTCUSD_PERP,bid,59000,805.02
2024-08-20 00:45:02,BTCUSD_PERP,bid,59000,804.51
2024-08-20 00:45:02,BTCUSD_PERP,bid,59000,804.5
2024-08-20 00:45:02,BTCUSD_PERP,bid,59000,804.51
2024-08-20 00:45:03,BTCUSD_PERP,bid,59000,807.39
2024-08-20 00:45:03,BTCUSD_PERP,bid,59000,806.59
2024-08-20 00:45:06,BTCUSD_PERP,bid,59000,803.7
