2024-09-13 19:21:26,BTCUSDT,ask,57800,702.873
2024-09-13 20:46:21,BTCUSDT,bid,58000,1015.119
2024-09-13 20:46:21,BTCUSDT,bid,58000,1013.139
2024-09-13 20:46:22,BTCUSDT,bid,58000,1004.157
2024-09-13 20:46:22,BTCUSDT,bid,58000,1004.239
2024-09-13 20:46:22,BTCUSDT,bid,58000,1004.228
2024-09-13 20:46:22,BTCUSDT,bid,58000,1006.208
2024-09-13 20:46:22,BTCUSDT,bid,58000,1004.228
2024-09-13 20:46:23,BTCUSDT,bid,58000,1004.228
2024-09-13 20:46:24,BTCUSDT,bid,58000,1004.238
2024-09-13 20:46:24,BTCUSDT,bid,58000,1004.47
2024-09-13 20:46:24,BTCUSDT,bid,58000,1002.659
2024-09-13 20:46:24,BTCUSDT,bid,58000,1002.669
2024-09-13 20:46:25,BTCUSDT,bid,58000,1002.86
2024-09-13 20:46:25,BTCUSDT,bid,58000,1002.87
2024-09-13 20:46:25,BTCUSDT,bid,58000,1002.86
2024-09-13 20:46:26,BTCUSDT,bid,58000,1002.86
2024-09-13 20:46:26,BTCUSDT,bid,58000,1003.845
2024-09-13 20:46:26,BTCUSDT,bid,58000,1005.833
2024-09-13 20:46:26,BTCUSDT,bid,58000,1003.859
2024-09-13 20:46:27,BTCUSDT,bid,58000,1004.84
2024-09-13 20:46:28,BTCUSDT,bid,58000,1002.616
2024-09-13 20:46:29,BTCUSDT,bid,58000,1002.616
2024-09-13 20:46:30,BTCUSDT,bid,58000,1004.604
2024-09-13 20:46:30,BTCUSDT,bid,58000,1002.616
2024-09-13 20:46:30,BTCUSDT,bid,58000,1002.582
2024-09-13 20:46:30,BTCUSDT,bid,58000,1002.888
2024-09-13 20:46:30,BTCUSDT,bid,58000,1002.883
2024-09-13 20:46:31,BTCUSDT,bid,58000,1004.902
2024-09-13 20:46:31,BTCUSDT,bid,58000,1002.922
2024-09-13 20:46:31,BTCUSDT,bid,58000,1004.786
2024-09-13 20:46:32,BTCUSDT,bid,58000,1004.82
2024-09-13 20:46:32,BTCUSDT,bid,58000,1004.82
2024-09-13 20:46:32,BTCUSDT,bid,58000,1005.82
2024-09-13 20:46:33,BTCUSDT,bid,58000,1005.82
2024-09-13 20:46:34,BTCUSDT,bid,58000,1005.873
2024-09-13 20:46:35,BTCUSDT,bid,58000,1007.853
2024-09-13 20:46:35,BTCUSDT,bid,58000,1005.873
2024-09-13 20:46:36,BTCUSDT,bid,58000,1005.822
2024-09-13 20:46:36,BTCUSDT,bid,58000,1007.763
2024-09-13 20:46:36,BTCUSDT,bid,58000,1005.788
2024-09-13 20:46:36,BTCUSDT,bid,58000,1005.822
2024-09-13 20:46:36,BTCUSDT,bid,58000,1005.82
2024-09-13 20:46:36,BTCUSDT,bid,58000,1005.823
2024-09-13 20:46:37,BTCUSDT,bid,58000,1005.823
2024-09-13 20:46:38,BTCUSDT,bid,58000,1005.832
2024-09-13 20:46:39,BTCUSDT,bid,58000,1005.791
2024-09-13 20:46:39,BTCUSDT,bid,58000,1005.793
2024-09-13 20:46:39,BTCUSDT,bid,58000,1005.791
2024-09-13 20:46:40,BTCUSDT,bid,58000,1005.794
2024-09-13 20:46:40,BTCUSDT,bid,58000,1005.796
2024-09-13 20:46:40,BTCUSDT,bid,58000,1005.835
2024-09-13 20:46:40,BTCUSDT,bid,58000,1005.833
2024-09-13 20:46:41,BTCUSDT,bid,58000,1005.895
2024-09-13 20:46:41,BTCUSDT,bid,58000,1005.897
2024-09-13 20:46:42,BTCUSDT,bid,58000,1005.899
2024-09-13 20:46:44,BTCUSDT,bid,58000,1005.909
2024-09-13 20:46:44,BTCUSDT,bid,58000,1005.907
2024-09-13 20:46:44,BTCUSDT,bid,58000,1005.873
2024-09-13 20:46:44,BTCUSDT,bid,58000,1005.859
2024-09-13 20:46:45,BTCUSDT,bid,58000,1006.141
2024-09-13 20:46:46,BTCUSDT,bid,58000,1006.109
2024-09-13 20:46:46,BTCUSDT,bid,58000,1006.209
2024-09-13 20:46:47,BTCUSDT,bid,58000,1006.209
2024-09-13 20:46:48,BTCUSDT,bid,58000,1006.204
2024-09-13 20:46:49,BTCUSDT,bid,58000,1005.856
2024-09-13 20:46:49,BTCUSDT,bid,58000,1005.908
2024-09-13 20:46:49,BTCUSDT,bid,58000,1005.91
2024-09-13 20:46:49,BTCUSDT,bid,58000,1005.716
2024-09-13 20:46:49,BTCUSDT,bid,58000,1005.753
2024-09-13 20:46:50,BTCUSDT,bid,58000,1005.753
2024-09-13 20:46:50,BTCUSDT,bid,58000,1005.755
2024-09-13 20:46:50,BTCUSDT,bid,58000,1005.977
2024-09-13 20:50:27,BTCUSDT,bid,58000,1006.259
2024-09-13 20:50:28,BTCUSDT,bid,58000,1008.239
2024-09-13 20:50:28,BTCUSDT,bid,58000,1005.21
2024-09-13 20:50:28,BTCUSDT,bid,58000,1005.25
2024-09-13 20:50:29,BTCUSDT,bid,58000,1007.23
2024-09-13 20:50:29,BTCUSDT,bid,58000,1005.25
2024-09-13 20:50:29,BTCUSDT,bid,58000,1005.21
2024-09-13 20:50:30,BTCUSDT,bid,58000,1005.244
2024-09-13 20:50:30,BTCUSDT,bid,58000,1007.324
2024-09-13 20:50:30,BTCUSDT,bid,58000,1005.344
2024-09-13 20:50:31,BTCUSDT,bid,58000,1005.547
2024-09-13 20:50:31,BTCUSDT,bid,58000,1005.547
2024-09-13 20:50:32,BTCUSDT,bid,58000,1005.512
2024-09-13 20:50:33,BTCUSDT,bid,58000,1005.512
2024-09-13 20:50:33,BTCUSDT,bid,58000,1007.657
2024-09-13 20:50:34,BTCUSDT,bid,58000,1005.677
2024-09-13 20:50:35,BTCUSDT,bid,58000,1005.677
2024-09-13 20:50:35,BTCUSDT,bid,58000,1006.05
2024-09-13 20:50:36,BTCUSDT,bid,58000,1005.677
2024-09-13 20:50:36,BTCUSDT,bid,58000,1005.682
2024-09-13 20:50:36,BTCUSDT,bid,58000,1005.677
2024-09-13 20:50:38,BTCUSDT,bid,58000,1005.677
2024-09-13 20:50:38,BTCUSDT,bid,58000,1005.682
2024-09-13 20:50:38,BTCUSDT,bid,58000,1005.716
2024-09-13 20:50:38,BTCUSDT,bid,58000,1005.619
2024-09-13 20:50:39,BTCUSDT,bid,58000,1007.599
2024-09-13 20:50:39,BTCUSDT,bid,58000,1005.619
2024-09-13 20:50:40,BTCUSDT,bid,58000,1005.585
2024-09-13 20:50:40,BTCUSDT,bid,58000,1005.674
2024-09-13 20:50:40,BTCUSDT,bid,58000,1005.707
2024-09-13 20:50:40,BTCUSDT,bid,58000,1005.702
2024-09-13 20:50:40,BTCUSDT,bid,58000,1007.0
2024-09-13 20:50:42,BTCUSDT,bid,58000,1007.0
2024-09-13 20:50:42,BTCUSDT,bid,58000,1006.839
2024-09-13 20:50:42,BTCUSDT,bid,58000,1006.837
2024-09-13 20:50:42,BTCUSDT,bid,58000,1008.598
2024-09-13 20:50:43,BTCUSDT,bid,58000,1006.952
2024-09-13 20:50:43,BTCUSDT,bid,58000,1006.671
2024-09-13 20:51:04,BTCUSDT,bid,57900,1001.087
2024-09-13 20:51:05,BTCUSDT,bid,57900,1001.112
2024-09-13 20:51:07,BTCUSDT,bid,57900,1001.06
2024-09-13 20:51:07,BTCUSDT,bid,57900,1001.062
2024-09-13 20:51:11,BTCUSDT,bid,57900,1001.58
2024-09-13 20:51:13,BTCUSDT,bid,57900,1000.972
2024-09-13 20:51:44,BTCUSDT,bid,58000,1003.068
2024-09-13 20:51:44,BTCUSDT,bid,58000,1003.165
2024-09-13 20:51:45,BTCUSDT,bid,58000,1003.165
2024-09-13 20:51:45,BTCUSDT,bid,58000,1003.17
2024-09-13 20:51:46,BTCUSDT,bid,58000,1005.053
2024-09-13 20:51:46,BTCUSDT,bid,58000,1003.073
2024-09-13 20:51:46,BTCUSDT,bid,58000,1003.096
2024-09-13 20:51:47,BTCUSDT,bid,58000,1003.096
2024-09-13 20:51:47,BTCUSDT,bid,58000,1003.062
2024-09-13 20:51:48,BTCUSDT,bid,58000,1003.039
2024-09-13 20:51:48,BTCUSDT,bid,58000,1003.039
2024-09-13 20:51:49,BTCUSDT,bid,58000,1003.005
2024-09-13 20:51:49,BTCUSDT,bid,58000,1003.005
2024-09-13 20:51:49,BTCUSDT,bid,58000,1003.028
2024-09-13 20:51:49,BTCUSDT,bid,58000,1003.023
2024-09-13 20:51:49,BTCUSDT,bid,58000,1003.0
2024-09-13 20:51:50,BTCUSDT,bid,58000,1003.0
2024-09-13 20:51:51,BTCUSDT,bid,58000,1003.0
2024-09-13 20:51:51,BTCUSDT,bid,58000,1003.0
2024-09-13 20:51:52,BTCUSDT,bid,58000,1003.0
2024-09-13 20:51:52,BTCUSDT,bid,58000,1003.05
2024-09-13 20:51:53,BTCUSDT,bid,58000,1005.03
2024-09-13 20:51:53,BTCUSDT,bid,58000,1003.05
2024-09-13 20:51:53,BTCUSDT,bid,58000,1003.055
2024-09-13 20:51:54,BTCUSDT,bid,58000,1003.055
2024-09-13 20:51:54,BTCUSDT,bid,58000,1003.428
2024-09-13 20:51:54,BTCUSDT,bid,58000,1003.055
2024-09-13 20:51:55,BTCUSDT,bid,58000,1003.055
2024-09-13 20:51:56,BTCUSDT,bid,58000,1005.035
2024-09-13 20:51:56,BTCUSDT,bid,58000,1003.055
2024-09-13 20:51:57,BTCUSDT,bid,58000,1005.4
2024-09-13 20:51:57,BTCUSDT,bid,58000,1003.42
2024-09-13 20:51:58,BTCUSDT,bid,58000,1003.42
2024-09-13 20:51:59,BTCUSDT,bid,58000,1003.18
2024-09-13 20:52:00,BTCUSDT,bid,58000,1003.18
2024-09-13 20:52:00,BTCUSDT,bid,58000,1003.37
2024-09-13 20:52:01,BTCUSDT,bid,58000,1005.358
2024-09-13 20:52:01,BTCUSDT,bid,58000,1003.37
2024-09-13 20:52:02,BTCUSDT,bid,58000,1003.37
2024-09-13 20:52:02,BTCUSDT,bid,58000,1004.21
2024-09-13 20:52:03,BTCUSDT,bid,58000,1003.89
2024-09-13 20:52:03,BTCUSDT,bid,58000,1003.89
2024-09-13 20:52:04,BTCUSDT,bid,58000,1003.37
2024-09-13 20:52:05,BTCUSDT,bid,58000,1005.358
2024-09-13 20:52:05,BTCUSDT,bid,58000,1003.37
2024-09-13 21:06:51,BTCUSDT,bid,58200,1003.139
2024-09-13 21:06:52,BTCUSDT,bid,58200,1003.139
2024-09-13 21:06:52,BTCUSDT,bid,58200,1003.139
2024-09-13 21:06:52,BTCUSDT,bid,58200,1003.189
2024-09-13 21:06:52,BTCUSDT,bid,58200,1008.342
2024-09-13 21:06:53,BTCUSDT,bid,58200,1003.189
2024-09-13 21:06:54,BTCUSDT,bid,58200,1003.205
2024-09-13 21:06:55,BTCUSDT,bid,58200,1003.219
2024-09-13 21:06:55,BTCUSDT,bid,58200,1003.225
2024-09-13 21:06:57,BTCUSDT,bid,58200,1003.254
2024-09-13 21:06:57,BTCUSDT,bid,58200,1003.331
2024-09-13 21:06:58,BTCUSDT,bid,58200,1003.333
2024-09-13 21:06:58,BTCUSDT,bid,58200,1003.333
2024-09-13 21:06:58,BTCUSDT,bid,58200,1007.193
2024-09-13 21:06:58,BTCUSDT,bid,58200,1007.191
2024-09-13 21:06:58,BTCUSDT,bid,58200,1003.331
2024-09-13 21:06:58,BTCUSDT,bid,58200,1008.399
2024-09-13 21:06:59,BTCUSDT,bid,58200,1003.331
2024-09-13 21:06:59,BTCUSDT,bid,58200,1008.44
2024-09-13 21:07:00,BTCUSDT,bid,58200,1003.331
2024-09-13 21:07:00,BTCUSDT,bid,58200,1003.244
2024-09-13 21:07:01,BTCUSDT,bid,58200,1003.23
2024-09-13 21:07:01,BTCUSDT,bid,58200,1007.201
2024-09-13 21:07:02,BTCUSDT,bid,58200,1003.244
2024-09-13 21:07:02,BTCUSDT,bid,58200,1003.244
2024-09-13 21:07:02,BTCUSDT,bid,58200,1008.38
2024-09-13 21:07:03,BTCUSDT,bid,58200,1003.244
2024-09-13 21:07:03,BTCUSDT,bid,58200,1003.249
2024-09-13 21:07:03,BTCUSDT,bid,58200,1003.244
2024-09-13 21:07:04,BTCUSDT,bid,58200,1003.26
2024-09-13 21:07:05,BTCUSDT,bid,58200,1003.246
2024-09-13 21:07:07,BTCUSDT,bid,58200,1003.287
2024-09-13 21:07:08,BTCUSDT,bid,58200,1003.287
2024-09-13 21:07:11,BTCUSDT,bid,58200,1003.497
2024-09-13 21:07:12,BTCUSDT,bid,58200,1003.497
2024-09-13 21:07:12,BTCUSDT,bid,58200,1003.497
2024-09-13 21:07:12,BTCUSDT,bid,58200,1003.753
2024-09-13 21:07:12,BTCUSDT,bid,58200,1003.497
2024-09-13 21:07:12,BTCUSDT,bid,58200,1003.754
2024-09-13 21:07:13,BTCUSDT,bid,58200,1003.497
2024-09-13 21:07:13,BTCUSDT,bid,58200,1003.754
2024-09-13 21:07:13,BTCUSDT,bid,58200,1003.497
2024-09-13 21:07:14,BTCUSDT,bid,58200,1003.507
2024-09-13 21:07:14,BTCUSDT,bid,58200,1003.511
2024-09-13 21:07:15,BTCUSDT,bid,58200,1303.511
2024-09-13 21:07:19,BTCUSDT,bid,58200,1304.613
2024-09-13 21:07:20,BTCUSDT,bid,58200,1304.603
2024-09-13 21:07:24,BTCUSDT,bid,58200,1303.34
2024-09-13 21:07:24,BTCUSDT,bid,58200,1304.54
2024-09-13 21:07:24,BTCUSDT,bid,58200,1304.554
2024-09-13 21:07:25,BTCUSDT,bid,58200,1303.351
2024-09-13 21:07:31,BTCUSDT,bid,58200,1303.357
2024-09-13 21:07:32,BTCUSDT,bid,58200,1303.397
2024-09-13 21:07:32,BTCUSDT,bid,58200,1303.357
2024-09-13 21:07:34,BTCUSDT,bid,58200,1303.548
2024-09-13 21:07:34,BTCUSDT,bid,58200,1303.591
2024-09-13 21:08:04,BTCUSDT,bid,58200,1000.993
2024-09-13 21:08:41,BTCUSDT,bid,58200,1015.436
2024-09-13 21:08:41,BTCUSDT,bid,58200,1015.476
2024-09-13 21:08:41,BTCUSDT,bid,58200,1015.436
2024-09-13 21:08:42,BTCUSDT,bid,58200,1015.447
2024-09-13 21:08:42,BTCUSDT,bid,58200,1015.437
2024-09-13 21:08:43,BTCUSDT,bid,58200,1015.327
2024-09-13 21:08:46,BTCUSDT,bid,58200,1015.327
2024-09-13 21:08:47,BTCUSDT,bid,58200,1015.341
2024-09-13 21:08:47,BTCUSDT,bid,58200,1020.341
2024-09-13 21:08:47,BTCUSDT,bid,58200,1020.344
2024-09-13 21:08:48,BTCUSDT,bid,58200,1020.341
2024-09-13 21:08:48,BTCUSDT,bid,58200,1020.355
2024-09-13 21:08:52,BTCUSDT,bid,58200,1010.555
2024-09-13 21:08:52,BTCUSDT,bid,58200,1010.506
2024-09-13 21:08:52,BTCUSDT,bid,58200,1010.54
2024-09-13 21:08:57,BTCUSDT,bid,58200,1010.542
2024-09-13 21:08:58,BTCUSDT,bid,58200,1010.626
2024-09-13 21:08:59,BTCUSDT,bid,58200,1010.628
2024-09-13 21:08:59,BTCUSDT,bid,58200,1005.613
2024-09-13 21:09:00,BTCUSDT,bid,58200,1005.415
2024-09-13 21:09:00,BTCUSDT,bid,58200,1005.383
2024-09-13 21:09:01,BTCUSDT,bid,58200,1005.353
2024-09-13 21:09:04,BTCUSDT,bid,58200,1005.279
2024-09-13 21:09:07,BTCUSDT,bid,58200,1005.349
2024-09-13 21:09:07,BTCUSDT,bid,58200,1005.329
2024-09-13 21:09:08,BTCUSDT,bid,58200,1005.269
2024-09-13 21:10:02,BTCUSDT,bid,58100,1019.957
2024-09-13 21:10:05,BTCUSDT,bid,58100,1019.955
2024-09-13 21:10:05,BTCUSDT,bid,58100,1019.957
2024-09-13 21:10:05,BTCUSDT,bid,58100,1019.955
2024-09-13 21:10:12,BTCUSDT,bid,58100,1019.957
2024-09-13 21:10:13,BTCUSDT,bid,58100,1019.977
2024-09-13 21:10:14,BTCUSDT,bid,58100,1019.977
2024-09-13 21:10:16,BTCUSDT,bid,58100,1019.957
2024-09-13 21:10:16,BTCUSDT,bid,58100,1004.957
2024-09-13 21:10:17,BTCUSDT,bid,58100,1004.965
2024-09-13 21:10:22,BTCUSDT,bid,58100,1004.963
2024-09-13 21:10:34,BTCUSDT,bid,58100,1005.048
2024-09-13 21:10:36,BTCUSDT,bid,58100,1005.05
2024-09-13 21:10:45,BTCUSDT,bid,58100,1005.07
2024-09-13 21:11:11,BTCUSDT,bid,58100,1005.116
2024-09-13 21:11:11,BTCUSDT,bid,58100,1006.406
2024-09-13 21:11:12,BTCUSDT,bid,58100,1006.386
2024-09-13 21:11:16,BTCUSDT,bid,58100,1006.514
2024-09-13 21:11:17,BTCUSDT,bid,58100,1005.224
2024-09-13 21:11:17,BTCUSDT,bid,58100,1005.401
2024-09-13 21:11:17,BTCUSDT,bid,58100,1005.399
2024-09-13 21:11:18,BTCUSDT,bid,58100,1005.227
2024-09-13 21:11:19,BTCUSDT,bid,58100,1005.267
2024-09-13 21:11:20,BTCUSDT,bid,58100,1005.227
2024-09-13 21:11:21,BTCUSDT,bid,58100,1005.222
2024-09-13 21:11:22,BTCUSDT,bid,58100,1005.214
2024-09-13 21:11:22,BTCUSDT,bid,58100,1005.216
2024-09-13 21:11:26,BTCUSDT,bid,58100,1005.225
2024-09-13 21:11:30,BTCUSDT,bid,58100,1005.351
2024-09-13 21:11:37,BTCUSDT,bid,58100,1005.266
2024-09-13 21:11:39,BTCUSDT,bid,58100,1005.264
2024-09-13 21:11:42,BTCUSDT,bid,58100,1005.255
2024-09-13 21:04:06,BTCUSDT,bid,57800,1002.937
2024-09-13 21:04:07,BTCUSDT,bid,57800,1002.935
2024-09-13 21:04:07,BTCUSDT,bid,57800,1002.933
2024-09-13 21:04:08,BTCUSDT,bid,57800,1002.935
2024-09-13 21:04:19,BTCUSDT,bid,57800,1002.933
2024-09-13 21:04:50,BTCUSDT,bid,57800,1003.035
2024-09-13 21:04:55,BTCUSDT,bid,57800,1003.037
2024-09-13 21:04:59,BTCUSDT,bid,57800,1003.151
2024-09-13 21:05:02,BTCUSDT,bid,57800,1003.159
2024-09-13 21:05:02,BTCUSDT,bid,57800,1003.678
2024-09-13 21:05:03,BTCUSDT,bid,57800,1003.684
2024-09-13 21:05:16,BTCUSDT,bid,58000,1000.545
2024-09-13 21:05:16,BTCUSDT,bid,58000,1000.651
2024-09-13 21:05:17,BTCUSDT,bid,58000,1000.373
2024-09-13 21:05:18,BTCUSDT,bid,58000,1000.267
2024-09-13 21:05:23,BTCUSDT,bid,58000,1000.244
2024-09-13 21:05:24,BTCUSDT,bid,58000,1000.22
2024-09-13 21:48:40,BTCUSDT,bid,58200,1000.39
2024-09-13 21:48:41,BTCUSDT,bid,58200,1000.389
2024-09-13 21:48:48,BTCUSDT,bid,58200,1000.403
2024-09-13 21:48:51,BTCUSDT,bid,58200,1000.405
2024-09-13 21:48:54,BTCUSDT,bid,58200,1000.606
2024-09-13 21:48:55,BTCUSDT,bid,58200,600.022
2024-09-13 21:48:55,BTCUSDT,bid,58200,1000.608
2024-09-13 21:48:57,BTCUSDT,bid,58200,1000.418
2024-09-13 21:49:01,BTCUSDT,bid,58200,600.039
2024-09-13 21:49:01,BTCUSDT,bid,58200,600.022
2024-09-13 21:49:01,BTCUSDT,bid,58200,1000.429
2024-09-13 21:49:02,BTCUSDT,bid,58200,1000.685
2024-09-13 21:49:02,BTCUSDT,bid,58200,1000.429
2024-09-13 21:49:04,BTCUSDT,bid,58200,600.027
2024-09-13 21:49:04,BTCUSDT,bid,58200,600.044
2024-09-13 21:49:04,BTCUSDT,bid,58200,1000.394
2024-09-13 21:49:05,BTCUSDT,bid,58200,600.039
2024-09-13 21:49:06,BTCUSDT,bid,58200,1000.399
2024-09-13 21:49:08,BTCUSDT,bid,58200,1002.029
2024-09-13 21:49:08,BTCUSDT,bid,58200,600.039
2024-09-13 21:49:08,BTCUSDT,bid,58200,1002.806
2024-09-13 21:49:08,BTCUSDT,bid,58200,600.03
2024-09-13 21:49:08,BTCUSDT,bid,58200,600.022
2024-09-13 21:49:08,BTCUSDT,bid,58200,1001.176
2024-09-13 21:49:09,BTCUSDT,bid,58200,1000.623
2024-09-13 21:49:09,BTCUSDT,bid,58200,600.022
2024-09-13 21:49:09,BTCUSDT,bid,58200,1000.399
2024-09-13 21:49:10,BTCUSDT,bid,58200,600.062
2024-09-13 21:49:10,BTCUSDT,bid,58200,600.066
2024-09-13 21:49:10,BTCUSDT,bid,58200,600.022
2024-09-13 21:49:11,BTCUSDT,bid,58200,600.533
2024-09-13 21:49:12,BTCUSDT,bid,58200,600.022
2024-09-13 21:49:14,BTCUSDT,bid,58200,1000.744
2024-09-13 21:49:14,BTCUSDT,bid,58200,1000.488
2024-09-13 21:49:15,BTCUSDT,bid,58200,1000.415
2024-09-13 21:49:16,BTCUSDT,bid,58200,1001.38
2024-09-13 21:49:50,BTCUSDT,bid,58200,1000.408
2024-09-13 21:49:51,BTCUSDT,bid,58200,1002.388
2024-09-13 21:49:51,BTCUSDT,bid,58200,1001.578
2024-09-13 21:49:51,BTCUSDT,bid,58200,1000.408
2024-09-13 21:49:52,BTCUSDT,bid,58200,1002.388
2024-09-13 21:49:52,BTCUSDT,bid,58200,1000.408
2024-09-13 21:49:53,BTCUSDT,bid,58200,1000.408
2024-09-13 21:49:54,BTCUSDT,bid,58200,1000.408
2024-09-13 21:49:55,BTCUSDT,bid,58200,1002.388
2024-09-13 21:49:55,BTCUSDT,bid,58200,1000.408
2024-09-13 21:49:56,BTCUSDT,bid,58200,1002.388
2024-09-13 21:49:56,BTCUSDT,bid,58200,1000.408
2024-09-13 21:49:57,BTCUSDT,bid,58200,1000.408
2024-09-13 21:49:59,BTCUSDT,bid,58200,1000.408
2024-09-13 21:49:59,BTCUSDT,bid,58200,1002.388
2024-09-13 21:50:00,BTCUSDT,bid,58200,1000.408
2024-09-13 21:50:00,BTCUSDT,bid,58200,1000.448
2024-09-13 22:03:52,BTCUSDT,bid,58400,1000.825
2024-09-13 22:03:52,BTCUSDT,bid,58400,1000.835
2024-09-13 22:03:53,BTCUSDT,bid,58400,1000.807
2024-09-13 22:03:53,BTCUSDT,bid,58400,1000.803
2024-09-13 22:03:53,BTCUSDT,bid,58400,1000.807
2024-09-13 22:03:53,BTCUSDT,bid,58400,1000.835
2024-09-13 22:03:53,BTCUSDT,bid,58400,1000.807
2024-09-13 22:03:54,BTCUSDT,bid,58400,1000.803
2024-09-13 22:03:54,BTCUSDT,bid,58400,1000.807
2024-09-13 22:03:54,BTCUSDT,bid,58400,1000.803
2024-09-13 22:03:55,BTCUSDT,bid,58400,1000.801
2024-09-13 22:03:55,BTCUSDT,bid,58400,1000.797
2024-09-13 22:03:56,BTCUSDT,bid,58400,1000.797
2024-09-13 22:03:56,BTCUSDT,bid,58400,1001.107
2024-09-13 22:03:56,BTCUSDT,bid,58400,1000.797
2024-09-13 22:03:57,BTCUSDT,bid,58400,1000.8
2024-09-13 22:05:21,BTCUSDT,bid,58400,1009.511
2024-09-13 22:05:21,BTCUSDT,bid,58400,1009.483
2024-09-13 22:05:21,BTCUSDT,bid,58400,1009.511
2024-09-13 22:05:23,BTCUSDT,bid,58400,1009.767
2024-09-13 22:05:24,BTCUSDT,bid,58400,1001.206
2024-09-13 22:05:25,BTCUSDT,bid,58400,1001.206
2024-09-13 22:05:26,BTCUSDT,bid,58400,1001.206
2024-09-13 22:05:26,BTCUSDT,bid,58400,1001.22
2024-09-13 22:05:26,BTCUSDT,bid,58400,1001.42
2024-09-13 22:05:27,BTCUSDT,bid,58400,1001.32
2024-09-13 22:05:30,BTCUSDT,bid,58400,1001.12
2024-09-13 22:05:30,BTCUSDT,bid,58400,1001.31
2024-09-13 22:05:30,BTCUSDT,bid,58400,1001.12
2024-09-13 22:05:31,BTCUSDT,bid,58400,1001.078
2024-09-13 22:05:31,BTCUSDT,bid,58400,1001.106
2024-09-13 22:05:33,BTCUSDT,bid,58400,1001.102
2024-09-13 22:05:33,BTCUSDT,bid,58400,1001.112
2024-09-13 22:05:33,BTCUSDT,bid,58400,1001.078
2024-09-13 22:05:35,BTCUSDT,bid,58400,1001.106
2024-09-13 22:05:35,BTCUSDT,bid,58400,1001.078
2024-09-13 22:05:36,BTCUSDT,bid,58400,1001.123
2024-09-13 22:05:36,BTCUSDT,bid,58400,1001.126
2024-09-13 22:05:36,BTCUSDT,bid,58400,1001.154
2024-09-13 22:05:37,BTCUSDT,bid,58400,1001.156
2024-09-13 22:05:38,BTCUSDT,bid,58400,1001.157
2024-09-13 22:05:39,BTCUSDT,bid,58400,1001.147
2024-09-13 22:05:41,BTCUSDT,bid,58400,1001.234
2024-09-13 22:05:41,BTCUSDT,bid,58400,1001.206
2024-09-13 22:05:42,BTCUSDT,bid,58400,1001.202
2024-09-13 22:05:43,BTCUSDT,bid,58400,1001.209
2024-09-13 22:05:43,BTCUSDT,bid,58400,1001.834
2024-09-13 22:05:44,BTCUSDT,bid,58400,1001.874
2024-09-13 22:05:44,BTCUSDT,bid,58400,1001.249
2024-09-13 22:05:44,BTCUSDT,bid,58400,1001.406
2024-09-13 22:05:44,BTCUSDT,bid,58400,1001.462
2024-09-13 22:05:44,BTCUSDT,bid,58400,1001.422
2024-09-13 22:05:46,BTCUSDT,bid,58400,1001.425
2024-09-13 22:05:46,BTCUSDT,bid,58400,1001.436
2024-09-13 22:05:49,BTCUSDT,bid,58400,600.986
2024-09-13 22:05:49,BTCUSDT,bid,58400,601.102
2024-09-13 22:05:49,BTCUSDT,bid,58400,1001.518
2024-09-13 22:07:02,BTCUSDT,bid,58400,1002.812
2024-09-13 22:07:03,BTCUSDT,bid,58400,1002.814
2024-09-13 22:36:33,BTCUSDT,bid,59300,1012.365
2024-09-13 22:36:33,BTCUSDT,bid,59300,1012.359
2024-09-13 22:36:33,BTCUSDT,bid,59300,1012.339
2024-09-13 22:36:51,BTCUSDT,bid,59400,1000.079
2024-09-13 22:36:51,BTCUSDT,bid,59400,1000.131
2024-09-13 22:36:52,BTCUSDT,bid,59400,1000.133
2024-09-13 22:36:53,BTCUSDT,bid,59400,1000.162
2024-09-13 22:36:53,BTCUSDT,bid,59400,1000.179
2024-09-13 22:36:54,BTCUSDT,bid,59400,1003.179
2024-09-13 23:34:37,BTCUSDT,bid,59500,1013.941
2024-09-13 23:34:50,BTCUSDT,bid,59500,1015.463
2024-09-13 23:34:51,BTCUSDT,bid,59500,1013.941
2024-09-13 23:34:56,BTCUSDT,bid,59500,1014.941
2024-09-13 23:34:56,BTCUSDT,bid,59500,1015.196
2024-09-13 23:35:01,BTCUSDT,bid,59500,1015.112
2024-09-13 23:35:01,BTCUSDT,bid,59500,1015.151
2024-09-13 23:35:09,BTCUSDT,bid,59500,1011.154
2024-09-13 23:35:12,BTCUSDT,bid,59500,1011.161
2024-09-13 23:35:12,BTCUSDT,bid,59500,1018.161
2024-09-13 23:35:13,BTCUSDT,bid,59500,1018.154
2024-09-13 07:05:34,BTCUSD_PERP,bid,57700,528.85
2024-09-13 07:07:34,BTCUSD_PERP,bid,57700,526.78
2024-09-13 07:09:32,BTCUSD_PERP,bid,57700,569.28
2024-09-13 07:12:17,BTCUSD_PERP,bid,57700,569.28
2024-09-13 07:12:17,BTCUSD_PERP,bid,57700,626.44
2024-09-13 07:12:17,BTCUSD_PERP,bid,57700,683.6
2024-09-13 07:12:17,BTCUSD_PERP,bid,57700,797.35
2024-09-13 07:12:18,BTCUSD_PERP,bid,57700,854.51
2024-09-13 07:16:32,BTCUSD_PERP,bid,57700,797.35
2024-09-13 07:16:32,BTCUSD_PERP,bid,57700,682.67
2024-09-13 07:16:32,BTCUSD_PERP,bid,57700,796.93
2024-09-13 07:16:33,BTCUSD_PERP,bid,57700,854.06
2024-09-13 07:47:30,BTCUSD_PERP,bid,57700,569.46
2024-09-13 08:57:10,BTCUSD_PERP,bid,57700,525.03
2024-09-13 08:57:10,BTCUSD_PERP,bid,57700,638.81
2024-09-13 08:57:24,BTCUSD_PERP,bid,57700,525.03
2024-09-13 08:57:25,BTCUSD_PERP,bid,57700,569.66
2024-09-13 08:57:34,BTCUSD_PERP,bid,57700,795.45
2024-09-13 08:57:34,BTCUSD_PERP,bid,57700,852.57
2024-09-13 08:57:34,BTCUSD_PERP,bid,57700,909.69
2024-09-13 16:23:51,BTCUSD_PERP,bid,58100,764.38
2024-09-13 16:23:51,BTCUSD_PERP,bid,58100,769.46
2024-09-13 16:23:52,BTCUSD_PERP,bid,58100,769.76
2024-09-13 16:23:52,BTCUSD_PERP,bid,58100,769.46
2024-09-13 16:23:53,BTCUSD_PERP,bid,58100,764.45
2024-09-13 16:23:53,BTCUSD_PERP,bid,58100,763.77
2024-09-13 16:23:57,BTCUSD_PERP,bid,58100,764.15
2024-09-13 16:23:57,BTCUSD_PERP,bid,58100,763.77
2024-09-13 16:24:39,BTCUSD_PERP,bid,58100,764.44
2024-09-13 16:24:40,BTCUSD_PERP,bid,58100,765.1
2024-09-13 16:24:42,BTCUSD_PERP,bid,58100,764.44
2024-09-13 16:24:58,BTCUSD_PERP,bid,58100,676.05
2024-09-13 16:24:58,BTCUSD_PERP,bid,58100,678.27
2024-09-13 16:24:58,BTCUSD_PERP,bid,58100,678.28
2024-09-13 16:24:58,BTCUSD_PERP,bid,58100,678.38
2024-09-13 16:24:59,BTCUSD_PERP,bid,58100,678.42
2024-09-13 16:24:59,BTCUSD_PERP,bid,58100,678.45
2024-09-13 16:25:00,BTCUSD_PERP,bid,58100,678.41
2024-09-13 16:25:00,BTCUSD_PERP,bid,58100,678.4
2024-09-13 16:25:00,BTCUSD_PERP,bid,58100,678.3
2024-09-13 16:25:01,BTCUSD_PERP,bid,58100,678.12
2024-09-13 16:25:01,BTCUSD_PERP,bid,58100,678.1
2024-09-13 16:25:01,BTCUSD_PERP,bid,58100,678.07
2024-09-13 16:25:02,BTCUSD_PERP,bid,58100,678.06
2024-09-13 16:25:03,BTCUSD_PERP,bid,58100,678.67
2024-09-13 16:25:04,BTCUSD_PERP,bid,58100,678.5
2024-09-13 16:25:05,BTCUSD_PERP,bid,58100,678.16
2024-09-13 16:25:05,BTCUSD_PERP,bid,58100,678.04
2024-09-13 16:25:06,BTCUSD_PERP,bid,58100,678.0
2024-09-13 16:25:06,BTCUSD_PERP,bid,58100,678.12
2024-09-13 16:25:06,BTCUSD_PERP,bid,58100,678.11
2024-09-13 16:25:07,BTCUSD_PERP,bid,58100,678.07
2024-09-13 16:25:08,BTCUSD_PERP,bid,58100,678.06
2024-09-13 16:25:09,BTCUSD_PERP,bid,58100,677.5
2024-09-13 16:25:10,BTCUSD_PERP,bid,58100,677.47
2024-09-13 16:25:10,BTCUSD_PERP,bid,58100,677.4
2024-09-13 16:25:10,BTCUSD_PERP,bid,58100,677.39
2024-09-13 16:25:11,BTCUSD_PERP,bid,58100,677.27
2024-09-13 16:25:11,BTCUSD_PERP,bid,58100,677.23
2024-09-13 16:25:12,BTCUSD_PERP,bid,58100,677.19
2024-09-13 16:25:12,BTCUSD_PERP,bid,58100,677.15
2024-09-13 16:25:12,BTCUSD_PERP,bid,58100,589.41
2024-09-13 16:25:12,BTCUSD_PERP,bid,58100,589.36
2024-09-13 16:25:12,BTCUSD_PERP,bid,58100,592.2
2024-09-13 16:25:12,BTCUSD_PERP,bid,58100,593.78
2024-09-13 16:25:13,BTCUSD_PERP,bid,58100,593.77
2024-09-13 16:25:13,BTCUSD_PERP,bid,58100,593.76
2024-09-13 16:25:13,BTCUSD_PERP,bid,58100,593.76
2024-09-13 16:25:13,BTCUSD_PERP,bid,58100,593.82
2024-09-13 16:25:13,BTCUSD_PERP,bid,58100,592.32
2024-09-13 16:25:13,BTCUSD_PERP,bid,58100,592.32
2024-09-13 16:25:13,BTCUSD_PERP,bid,58100,593.86
2024-09-13 16:25:14,BTCUSD_PERP,bid,58100,593.92
2024-09-13 16:25:14,BTCUSD_PERP,bid,58100,594.57
2024-09-13 16:25:14,BTCUSD_PERP,bid,58100,593.07
2024-09-13 16:25:14,BTCUSD_PERP,bid,58100,593.07
2024-09-13 16:25:14,BTCUSD_PERP,bid,58100,593.07
2024-09-13 16:25:14,BTCUSD_PERP,bid,58100,594.57
2024-09-13 16:25:14,BTCUSD_PERP,bid,58100,593.07
2024-09-13 16:25:14,BTCUSD_PERP,bid,58100,592.34
2024-09-13 16:25:16,BTCUSD_PERP,bid,58100,592.17
2024-09-13 16:25:16,BTCUSD_PERP,bid,58100,591.52
2024-09-13 16:25:16,BTCUSD_PERP,bid,58100,591.35
2024-09-13 16:25:17,BTCUSD_PERP,bid,58100,591.25
2024-09-13 16:25:17,BTCUSD_PERP,bid,58100,591.19
2024-09-13 16:25:18,BTCUSD_PERP,bid,58100,591.07
2024-09-13 16:25:20,BTCUSD_PERP,bid,58100,591.12
2024-09-13 16:25:22,BTCUSD_PERP,bid,58100,591.22
2024-09-13 16:25:22,BTCUSD_PERP,bid,58100,592.58
2024-09-13 16:25:23,BTCUSD_PERP,bid,58100,592.41
2024-09-13 16:25:23,BTCUSD_PERP,bid,58100,592.42
2024-09-13 16:25:23,BTCUSD_PERP,bid,58100,592.38
2024-09-13 16:25:24,BTCUSD_PERP,bid,58100,592.5
2024-09-13 16:25:24,BTCUSD_PERP,bid,58100,594.38
2024-09-13 16:25:24,BTCUSD_PERP,bid,58100,595.02
2024-09-13 16:25:24,BTCUSD_PERP,bid,58100,595.02
2024-09-13 16:25:24,BTCUSD_PERP,bid,58100,593.52
2024-09-13 16:25:25,BTCUSD_PERP,bid,58100,593.34
2024-09-13 16:25:26,BTCUSD_PERP,bid,58100,593.73
2024-09-13 16:25:27,BTCUSD_PERP,bid,58100,593.35
2024-09-13 16:25:27,BTCUSD_PERP,bid,58100,593.32
2024-09-13 16:25:28,BTCUSD_PERP,bid,58100,593.31
2024-09-13 16:25:28,BTCUSD_PERP,bid,58100,593.3
2024-09-13 16:25:29,BTCUSD_PERP,bid,58100,592.66
2024-09-13 16:25:29,BTCUSD_PERP,bid,58100,592.73
2024-09-13 16:25:29,BTCUSD_PERP,bid,58100,592.7
2024-09-13 16:25:31,BTCUSD_PERP,bid,58100,592.35
2024-09-13 16:25:31,BTCUSD_PERP,bid,58100,589.83
2024-09-13 16:25:31,BTCUSD_PERP,bid,58100,589.81
2024-09-13 16:25:32,BTCUSD_PERP,bid,58100,589.8
2024-09-13 16:25:33,BTCUSD_PERP,bid,58100,589.79
2024-09-13 16:25:33,BTCUSD_PERP,bid,58100,589.78
2024-09-13 16:25:33,BTCUSD_PERP,bid,58100,589.68
2024-09-13 16:25:33,BTCUSD_PERP,bid,58100,589.65
2024-09-13 16:25:34,BTCUSD_PERP,bid,58100,589.44
2024-09-13 16:25:34,BTCUSD_PERP,bid,58100,569.09
2024-09-13 16:25:34,BTCUSD_PERP,bid,58100,568.26
2024-09-13 16:25:34,BTCUSD_PERP,bid,58100,568.21
2024-09-13 16:25:34,BTCUSD_PERP,bid,58100,568.2
2024-09-13 16:25:34,BTCUSD_PERP,bid,58100,568.12
2024-09-13 16:25:34,BTCUSD_PERP,bid,58100,568.01
2024-09-13 16:25:34,BTCUSD_PERP,bid,58100,568.0
2024-09-13 16:25:35,BTCUSD_PERP,bid,58100,566.92
2024-09-13 16:25:35,BTCUSD_PERP,bid,58100,564.56
2024-09-13 16:25:35,BTCUSD_PERP,bid,58100,562.51
2024-09-13 16:25:35,BTCUSD_PERP,bid,58100,562.37
2024-09-13 16:25:35,BTCUSD_PERP,bid,58100,562.32
2024-09-13 16:25:35,BTCUSD_PERP,bid,58100,562.31
2024-09-13 16:25:35,BTCUSD_PERP,bid,58100,562.18
2024-09-13 16:25:35,BTCUSD_PERP,bid,58100,562.17
2024-09-13 16:25:36,BTCUSD_PERP,bid,58100,562.08
2024-09-13 16:25:36,BTCUSD_PERP,bid,58100,562.07
2024-09-13 16:25:36,BTCUSD_PERP,bid,58100,561.98
2024-09-13 16:25:36,BTCUSD_PERP,bid,58100,561.89
2024-09-13 16:25:37,BTCUSD_PERP,bid,58100,561.88
2024-09-13 16:25:37,BTCUSD_PERP,bid,58100,560.81
2024-09-13 16:25:37,BTCUSD_PERP,bid,58100,560.72
2024-09-13 16:25:37,BTCUSD_PERP,bid,58100,560.6
2024-09-13 16:25:37,BTCUSD_PERP,bid,58100,560.59
2024-09-13 16:25:38,BTCUSD_PERP,bid,58100,560.56
2024-09-13 16:25:38,BTCUSD_PERP,bid,58100,560.55
2024-09-13 16:25:38,BTCUSD_PERP,bid,58100,559.74
2024-09-13 16:25:38,BTCUSD_PERP,bid,58100,559.5
2024-09-13 16:25:38,BTCUSD_PERP,bid,58100,559.49
2024-09-13 16:25:39,BTCUSD_PERP,bid,58100,559.14
2024-09-13 16:25:39,BTCUSD_PERP,bid,58100,559.05
2024-09-13 16:25:39,BTCUSD_PERP,bid,58100,559.04
2024-09-13 16:25:39,BTCUSD_PERP,bid,58100,558.92
2024-09-13 16:25:39,BTCUSD_PERP,bid,58100,558.0
2024-09-13 16:25:39,BTCUSD_PERP,bid,58100,557.99
2024-09-13 16:25:39,BTCUSD_PERP,bid,58100,557.98
2024-09-13 16:25:40,BTCUSD_PERP,bid,58100,557.08
2024-09-13 16:25:40,BTCUSD_PERP,bid,58100,556.99
2024-09-13 16:25:40,BTCUSD_PERP,bid,58100,556.12
2024-09-13 16:25:40,BTCUSD_PERP,bid,58100,555.9
2024-09-13 16:25:40,BTCUSD_PERP,bid,58100,536.03
2024-09-13 16:25:40,BTCUSD_PERP,bid,58100,530.44
2024-09-13 16:25:40,BTCUSD_PERP,bid,58100,524.75
2024-09-13 16:25:40,BTCUSD_PERP,bid,58100,519.73
2024-09-13 16:22:49,BTCUSD_PERP,bid,58000,1052.45
2024-09-13 16:22:50,BTCUSD_PERP,bid,58000,1057.52
2024-09-13 16:22:50,BTCUSD_PERP,bid,58000,1062.52
2024-09-13 16:22:51,BTCUSD_PERP,bid,58000,1062.77
2024-09-13 16:22:51,BTCUSD_PERP,bid,58000,1062.52
2024-09-13 16:22:51,BTCUSD_PERP,bid,58000,1057.52
2024-09-13 16:22:51,BTCUSD_PERP,bid,58000,1057.77
2024-09-13 16:22:51,BTCUSD_PERP,bid,58000,1058.02
2024-09-13 16:22:51,BTCUSD_PERP,bid,58000,1058.52
2024-09-13 16:22:51,BTCUSD_PERP,bid,58000,1057.77
2024-09-13 16:22:52,BTCUSD_PERP,bid,58000,1057.52
2024-09-13 16:22:55,BTCUSD_PERP,bid,58000,1057.77
2024-09-13 16:22:55,BTCUSD_PERP,bid,58000,1057.52
2024-09-13 16:23:02,BTCUSD_PERP,bid,58000,1058.98
2024-09-13 16:23:06,BTCUSD_PERP,bid,58000,1057.52
2024-09-13 16:23:06,BTCUSD_PERP,bid,58000,1057.52
2024-09-13 16:23:13,BTCUSD_PERP,bid,58000,1058.97
2024-09-13 16:23:17,BTCUSD_PERP,bid,58000,1057.52
2024-09-13 16:23:24,BTCUSD_PERP,bid,58000,1059.09
2024-09-13 16:23:26,BTCUSD_PERP,bid,58000,1057.52
2024-09-13 16:23:32,BTCUSD_PERP,bid,58000,1052.16
2024-09-13 16:23:34,BTCUSD_PERP,bid,58000,1052.41
2024-09-13 16:23:35,BTCUSD_PERP,bid,58000,1052.41
2024-09-13 16:23:36,BTCUSD_PERP,bid,58000,1052.16
2024-09-13 17:47:17,BTCUSD_PERP,bid,57800,626.53
2024-09-13 17:47:18,BTCUSD_PERP,bid,57800,683.18
2024-09-13 17:47:18,BTCUSD_PERP,bid,57800,740.41
2024-09-13 17:47:18,BTCUSD_PERP,bid,57800,797.06
2024-09-13 17:49:53,BTCUSD_PERP,bid,57800,797.06
2024-09-13 17:49:53,BTCUSD_PERP,bid,57800,911.52
2024-09-13 17:49:55,BTCUSD_PERP,bid,57800,911.66
2024-09-13 17:49:56,BTCUSD_PERP,bid,57800,911.8
2024-09-13 17:52:34,BTCUSD_PERP,bid,57800,854.57
2024-09-13 17:52:35,BTCUSD_PERP,bid,57800,797.44
2024-09-13 17:52:35,BTCUSD_PERP,bid,57800,740.21
2024-09-13 17:52:35,BTCUSD_PERP,bid,57800,682.98
2024-09-13 17:52:35,BTCUSD_PERP,bid,57800,626.33
2024-09-13 17:52:35,BTCUSD_PERP,bid,57800,569.68
2024-09-13 17:52:36,BTCUSD_PERP,bid,57800,568.58
2024-09-13 17:52:36,BTCUSD_PERP,bid,57800,625.85
2024-09-13 17:54:58,BTCUSD_PERP,bid,57800,569.17
2024-09-13 17:54:59,BTCUSD_PERP,bid,57800,568.87
2024-09-13 17:54:59,BTCUSD_PERP,bid,57800,626.11
2024-09-13 17:54:59,BTCUSD_PERP,bid,57800,682.76
2024-09-13 17:54:59,BTCUSD_PERP,bid,57800,740.0
2024-09-13 17:54:59,BTCUSD_PERP,bid,57800,796.65
2024-09-13 17:59:06,BTCUSD_PERP,bid,57800,624.93
2024-09-13 17:59:06,BTCUSD_PERP,bid,57800,567.69
2024-09-13 17:59:07,BTCUSD_PERP,bid,57800,569.71
2024-09-13 17:59:07,BTCUSD_PERP,bid,57800,626.97
2024-09-13 18:01:19,BTCUSD_PERP,bid,57800,569.99
2024-09-13 18:01:19,BTCUSD_PERP,bid,57800,740.52
2024-09-13 18:01:20,BTCUSD_PERP,bid,57800,797.75
2024-09-13 18:13:10,BTCUSD_PERP,bid,57800,569.98
2024-09-13 18:13:10,BTCUSD_PERP,bid,57800,683.87
2024-09-13 18:13:10,BTCUSD_PERP,bid,57800,741.1
2024-09-13 18:13:11,BTCUSD_PERP,bid,57800,798.23
2024-09-13 18:13:11,BTCUSD_PERP,bid,57800,854.88
2024-09-13 18:13:11,BTCUSD_PERP,bid,57800,912.11
2024-09-13 18:13:11,BTCUSD_PERP,bid,57800,1025.99
2024-09-13 18:13:11,BTCUSD_PERP,bid,57800,1026.13
2024-09-13 18:13:12,BTCUSD_PERP,bid,57800,1083.36
2024-09-13 18:13:12,BTCUSD_PERP,bid,57800,1140.01
2024-09-13 18:13:12,BTCUSD_PERP,bid,57800,1197.24
2024-09-13 18:14:26,BTCUSD_PERP,bid,57800,1140.01
2024-09-13 18:14:26,BTCUSD_PERP,bid,57800,1026.71
2024-09-13 18:14:26,BTCUSD_PERP,bid,57800,912.25
2024-09-13 18:14:27,BTCUSD_PERP,bid,57800,741.14
2024-09-13 18:14:27,BTCUSD_PERP,bid,57800,683.91
2024-09-13 18:14:27,BTCUSD_PERP,bid,57800,626.68
2024-09-13 17:45:09,BTCUSD_PERP,bid,57700,568.52
2024-09-13 17:45:09,BTCUSD_PERP,bid,57700,682.24
2024-09-13 17:45:09,BTCUSD_PERP,bid,57700,739.44
2024-09-13 17:47:16,BTCUSD_PERP,bid,57700,682.24
2024-09-13 17:47:16,BTCUSD_PERP,bid,57700,625.14
2024-09-13 17:47:16,BTCUSD_PERP,bid,57700,568.52
2024-09-13 17:48:04,BTCUSD_PERP,bid,57700,797.22
2024-09-13 17:48:04,BTCUSD_PERP,bid,57700,854.42
2024-09-13 17:48:05,BTCUSD_PERP,bid,57700,911.04
2024-09-13 17:49:50,BTCUSD_PERP,bid,57700,854.42
2024-09-13 17:49:53,BTCUSD_PERP,bid,57700,626.78
2024-09-13 18:03:46,BTCUSD_PERP,bid,57700,796.75
2024-09-13 18:03:46,BTCUSD_PERP,bid,57700,853.95
2024-09-13 18:13:09,BTCUSD_PERP,bid,57700,797.33
2024-09-13 18:13:09,BTCUSD_PERP,bid,57700,682.93
2024-09-13 18:13:10,BTCUSD_PERP,bid,57700,626.31
2024-09-13 18:14:27,BTCUSD_PERP,bid,57700,570.33
2024-09-13 18:14:27,BTCUSD_PERP,bid,57700,683.57
2024-09-13 18:14:27,BTCUSD_PERP,bid,57700,740.78
2024-09-13 18:14:28,BTCUSD_PERP,bid,57700,797.4
2024-09-13 18:14:47,BTCUSD_PERP,bid,57700,740.78
2024-09-13 18:14:47,BTCUSD_PERP,bid,57700,626.95
2024-09-13 18:14:48,BTCUSD_PERP,bid,57700,570.33
2024-09-13 11:34:08,BTCUSD_PERP,ask,58500,519.66
2024-09-13 11:34:11,BTCUSD_PERP,ask,58500,538.95
2024-09-13 11:34:14,BTCUSD_PERP,ask,58500,548.3
2024-09-13 11:34:14,BTCUSD_PERP,ask,58500,557.65
2024-09-13 11:34:14,BTCUSD_PERP,ask,58500,567.0
2024-09-13 11:34:21,BTCUSD_PERP,ask,58500,576.35
2024-09-13 11:34:27,BTCUSD_PERP,ask,58500,567.0
2024-09-13 11:34:30,BTCUSD_PERP,ask,58500,557.65
2024-09-13 11:34:31,BTCUSD_PERP,ask,58500,551.81
2024-09-13 11:34:32,BTCUSD_PERP,ask,58500,542.75
2024-09-13 11:34:38,BTCUSD_PERP,ask,58500,533.4
2024-09-13 11:34:41,BTCUSD_PERP,ask,58500,524.05
2024-09-13 11:34:56,BTCUSD_PERP,ask,58500,518.21
2024-09-13 09:56:30,BTCUSD_PERP,ask,58600,515.5
2024-09-13 09:56:33,BTCUSD_PERP,ask,58600,524.87
2024-09-13 09:56:34,BTCUSD_PERP,ask,58600,530.73
2024-09-13 09:56:36,BTCUSD_PERP,ask,58600,539.81
2024-09-13 09:57:00,BTCUSD_PERP,ask,58600,533.95
2024-09-13 09:57:01,BTCUSD_PERP,ask,58600,528.09
2024-09-13 09:57:18,BTCUSD_PERP,ask,58600,518.72
