2024-09-03 21:00:10,SOLUSDT,bid,131,13966.0
2024-09-03 21:00:11,SOLUSDT,bid,131,13989.0
2024-09-03 21:00:12,SOLUSDT,bid,131,13990.0
2024-09-03 21:00:12,SOLUSDT,bid,131,13989.0
2024-09-03 21:00:12,SOLUSDT,bid,131,13989.0
2024-09-03 21:00:13,SOLUSDT,bid,131,13889.0
2024-09-03 21:00:17,SOLUSDT,bid,131,13865.0
2024-09-03 21:00:17,SOLUSDT,bid,131,13825.0
2024-09-03 21:00:17,SOLUSDT,bid,131,13823.0
2024-09-03 21:00:18,SOLUSDT,bid,131,13857.0
2024-09-03 21:00:18,SOLUSDT,bid,131,13906.0
2024-09-03 21:00:18,SOLUSDT,bid,131,13875.0
2024-09-03 21:00:21,SOLUSDT,bid,131,13880.0
2024-09-03 21:00:21,SOLUSDT,bid,131,13840.0
2024-09-03 21:00:21,SOLUSDT,bid,131,13837.0
2024-09-03 21:00:21,SOLUSDT,bid,131,13838.0
2024-09-03 21:00:21,SOLUSDT,bid,131,13829.0
2024-09-03 21:00:21,SOLUSDT,bid,131,13866.0
2024-09-03 21:00:22,SOLUSDT,bid,131,13828.0
2024-09-03 21:00:26,SOLUSDT,bid,131,13829.0
2024-09-03 21:00:26,SOLUSDT,bid,131,14015.0
2024-09-03 21:00:26,SOLUSDT,bid,131,13977.0
2024-09-03 21:00:26,SOLUSDT,bid,131,13829.0
2024-09-03 21:00:26,SOLUSDT,bid,131,13837.0
2024-09-03 21:00:26,SOLUSDT,bid,131,13829.0
2024-09-03 21:00:28,SOLUSDT,bid,131,14044.0
2024-09-03 21:00:28,SOLUSDT,bid,131,14028.0
2024-09-03 21:00:29,SOLUSDT,bid,131,13832.0
2024-09-03 21:00:29,SOLUSDT,bid,131,13855.0
2024-09-03 21:00:29,SOLUSDT,bid,131,14295.0
2024-09-03 21:00:29,SOLUSDT,bid,131,13855.0
2024-09-03 21:00:29,SOLUSDT,bid,131,13849.0
2024-09-03 21:00:29,SOLUSDT,bid,131,14345.0
2024-09-03 21:00:32,SOLUSDT,bid,131,13851.0
2024-09-03 21:00:32,SOLUSDT,bid,131,13846.0
2024-09-03 21:00:32,SOLUSDT,bid,131,13855.0
2024-09-03 21:00:32,SOLUSDT,bid,131,13856.0
2024-09-03 21:00:32,SOLUSDT,bid,131,13854.0
2024-09-03 21:00:33,SOLUSDT,bid,131,13295.0
2024-09-03 21:00:36,SOLUSDT,bid,131,13070.0
2024-09-03 21:00:36,SOLUSDT,bid,131,13072.0
2024-09-03 21:00:37,SOLUSDT,bid,131,13079.0
2024-09-03 21:00:37,SOLUSDT,bid,131,13108.0
2024-09-03 21:00:37,SOLUSDT,bid,131,13086.0
2024-09-03 21:00:38,SOLUSDT,bid,131,13124.0
2024-09-03 21:00:38,SOLUSDT,bid,131,13063.0
2024-09-03 21:00:38,SOLUSDT,bid,131,13086.0
2024-09-03 21:00:43,SOLUSDT,bid,131,13085.0
2024-09-03 21:00:43,SOLUSDT,bid,131,13233.0
2024-09-03 21:00:43,SOLUSDT,bid,131,13252.0
2024-09-03 21:00:43,SOLUSDT,bid,131,13233.0
2024-09-03 21:00:43,SOLUSDT,bid,131,13085.0
2024-09-03 21:00:43,SOLUSDT,bid,131,13087.0
2024-09-03 21:00:46,SOLUSDT,bid,131,13110.0
2024-09-03 21:00:46,SOLUSDT,bid,131,13110.0
2024-09-03 21:00:46,SOLUSDT,bid,131,13117.0
2024-09-03 21:00:46,SOLUSDT,bid,131,13110.0
2024-09-03 21:00:46,SOLUSDT,bid,131,13111.0
2024-09-03 21:00:46,SOLUSDT,bid,131,13110.0
2024-09-03 21:00:47,SOLUSDT,bid,131,13114.0
2024-09-03 21:00:51,SOLUSDT,bid,131,13113.0
2024-09-03 21:00:51,SOLUSDT,bid,131,13090.0
2024-09-03 21:00:51,SOLUSDT,bid,131,13081.0
2024-09-03 21:00:52,SOLUSDT,bid,131,13597.0
2024-09-03 21:00:53,SOLUSDT,bid,131,13602.0
2024-09-03 21:00:58,SOLUSDT,bid,131,13607.0
2024-09-03 21:00:59,SOLUSDT,bid,131,13599.0
2024-09-03 21:00:59,SOLUSDT,bid,131,13600.0
2024-09-03 21:00:59,SOLUSDT,bid,131,13676.0
2024-09-03 21:01:03,SOLUSDT,bid,131,13160.0
2024-09-03 21:01:03,SOLUSDT,bid,131,13159.0
2024-09-03 21:01:04,SOLUSDT,bid,131,13181.0
2024-09-03 21:01:04,SOLUSDT,bid,131,13105.0
2024-09-03 21:01:08,SOLUSDT,bid,131,13181.0
2024-09-03 21:01:12,SOLUSDT,bid,131,13225.0
2024-09-03 21:01:12,SOLUSDT,bid,131,13159.0
2024-09-03 21:01:12,SOLUSDT,bid,131,13156.0
2024-09-03 21:01:12,SOLUSDT,bid,131,13163.0
2024-09-03 21:01:16,SOLUSDT,bid,131,13185.0
2024-09-03 21:01:17,SOLUSDT,bid,131,13109.0
2024-09-03 21:01:17,SOLUSDT,bid,131,13783.0
2024-09-03 21:01:17,SOLUSDT,bid,131,13109.0
2024-09-03 21:01:19,SOLUSDT,bid,131,13087.0
2024-09-03 21:01:20,SOLUSDT,bid,131,13086.0
2024-09-03 21:01:20,SOLUSDT,bid,131,13061.0
2024-09-03 21:01:20,SOLUSDT,bid,131,13096.0
2024-09-03 21:01:23,SOLUSDT,bid,131,13061.0
2024-09-03 21:01:27,SOLUSDT,bid,131,13064.0
2024-09-03 21:01:27,SOLUSDT,bid,131,13077.0
2024-09-03 21:01:31,SOLUSDT,bid,131,13127.0
2024-09-03 21:01:31,SOLUSDT,bid,131,13128.0
2024-09-03 21:01:32,SOLUSDT,bid,131,13128.0
2024-09-03 21:01:34,SOLUSDT,bid,131,13114.0
2024-09-03 21:01:38,SOLUSDT,bid,131,13187.0
2024-09-03 21:01:38,SOLUSDT,bid,131,13209.0
2024-09-03 21:01:38,SOLUSDT,bid,131,13186.0
2024-09-03 21:01:41,SOLUSDT,bid,131,13164.0
2024-09-03 21:01:41,SOLUSDT,bid,131,13156.0
2024-09-03 21:01:42,SOLUSDT,bid,131,13229.0
2024-09-03 21:01:42,SOLUSDT,bid,131,13249.0
2024-09-03 21:01:46,SOLUSDT,bid,131,13176.0
2024-09-03 21:01:50,SOLUSDT,bid,131,13103.0
2024-09-03 21:01:51,SOLUSDT,bid,131,13053.0
2024-09-03 21:01:51,SOLUSDT,bid,131,13055.0
2024-09-03 21:01:55,SOLUSDT,bid,131,13066.0
2024-09-03 21:01:58,SOLUSDT,bid,131,13088.0
2024-09-03 21:01:59,SOLUSDT,bid,131,13074.0
