2024-09-03 21:02:00,BTCUSDT,bid,58200,1416.663
2024-09-03 21:02:00,BTCUSDT,bid,58200,1416.665
2024-09-03 21:02:00,BTCUSDT,bid,58200,1416.58
2024-09-03 21:02:00,BTCUSDT,bid,58200,1416.622
2024-09-03 21:02:00,BTCUSDT,bid,58200,1416.822
2024-09-03 21:02:01,BTCUSDT,bid,58200,1416.828
2024-09-03 21:22:51,BTCUSDT,bid,57900,1001.56
2024-09-03 21:22:55,BTCUSDT,bid,57900,1000.741
2024-09-03 21:22:58,BTCUSDT,bid,57900,1000.748
2024-09-03 21:23:03,BTCUSDT,bid,57900,1000.746
2024-09-03 21:23:06,BTCUSDT,bid,57900,1000.751
2024-09-03 21:23:35,BTCUSDT,bid,57900,1012.9
2024-09-03 21:23:35,BTCUSDT,bid,57900,1012.878
2024-09-03 21:23:36,BTCUSDT,bid,57900,1012.898
2024-09-03 21:23:36,BTCUSDT,bid,57900,1012.933
2024-09-03 21:24:15,BTCUSDT,bid,57900,1014.741
2024-09-03 21:24:16,BTCUSDT,bid,57900,1014.769
2024-09-03 21:24:17,BTCUSDT,bid,57900,1014.813
2024-09-03 21:24:18,BTCUSDT,bid,57900,1014.815
2024-09-03 21:16:20,BTCUSDT,bid,57800,1006.71
2024-09-03 21:16:21,BTCUSDT,bid,57800,1007.222
2024-09-03 21:16:21,BTCUSDT,bid,57800,1007.227
2024-09-03 21:16:21,BTCUSDT,bid,57800,1007.135
2024-09-03 21:16:22,BTCUSDT,bid,57800,1006.617
2024-09-03 21:16:23,BTCUSDT,bid,57800,1006.636
2024-09-03 21:16:25,BTCUSDT,bid,57800,1006.548
2024-09-03 21:16:27,BTCUSDT,bid,57800,1006.655
2024-09-03 21:16:28,BTCUSDT,bid,57800,1006.681
2024-09-03 21:16:28,BTCUSDT,bid,57800,1006.673
2024-09-03 21:16:30,BTCUSDT,bid,57800,1006.92
2024-09-03 21:16:30,BTCUSDT,bid,57800,1006.921
2024-09-03 21:16:31,BTCUSDT,bid,57800,1006.966
2024-09-03 21:16:31,BTCUSDT,bid,57800,1006.969
2024-09-03 21:16:31,BTCUSDT,bid,57800,1006.966
2024-09-03 21:16:34,BTCUSDT,bid,57800,1006.968
2024-09-03 21:16:35,BTCUSDT,bid,57800,1006.976
2024-09-03 21:16:35,BTCUSDT,bid,57800,1007.044
2024-09-03 21:16:38,BTCUSDT,bid,57800,1007.019
2024-09-03 21:16:38,BTCUSDT,bid,57800,1007.055
2024-09-03 21:16:38,BTCUSDT,bid,57800,1007.072
2024-09-03 21:16:40,BTCUSDT,bid,57800,1007.248
2024-09-03 21:16:43,BTCUSDT,bid,57800,1007.358
2024-09-03 21:16:43,BTCUSDT,bid,57800,1007.355
2024-09-03 21:16:44,BTCUSDT,bid,57800,1007.432
2024-09-03 21:16:44,BTCUSDT,bid,57800,1007.453
2024-09-03 21:16:44,BTCUSDT,bid,57800,1007.515
2024-09-03 21:16:45,BTCUSDT,bid,57800,1007.532
2024-09-03 21:16:46,BTCUSDT,bid,57800,1007.533
2024-09-03 21:16:46,BTCUSDT,bid,57800,1007.602
2024-09-03 21:16:48,BTCUSDT,bid,57800,1007.616
2024-09-03 21:16:49,BTCUSDT,bid,57800,1007.45
2024-09-03 21:16:49,BTCUSDT,bid,57800,1007.536
2024-09-03 21:16:49,BTCUSDT,bid,57800,1007.562
2024-09-03 21:16:50,BTCUSDT,bid,57800,1007.567
2024-09-03 21:16:51,BTCUSDT,bid,57800,610.502
2024-09-03 21:18:35,BTCUSDT,bid,57800,839.917
2024-09-03 21:18:35,BTCUSDT,bid,57800,840.044
2024-09-03 21:18:35,BTCUSDT,bid,57800,841.588
2024-09-03 21:18:35,BTCUSDT,bid,57800,841.671
2024-09-03 21:18:36,BTCUSDT,bid,57800,841.604
2024-09-03 21:18:38,BTCUSDT,bid,57800,841.604
2024-09-03 21:18:38,BTCUSDT,bid,57800,861.749
2024-09-03 21:18:39,BTCUSDT,bid,57800,861.751
2024-09-03 21:18:39,BTCUSDT,bid,57800,861.768
2024-09-03 21:19:10,BTCUSDT,bid,57800,865.168
2024-09-03 21:19:12,BTCUSDT,bid,57800,865.257
2024-09-03 21:19:13,BTCUSDT,bid,57800,865.441
2024-09-03 21:19:13,BTCUSDT,bid,57800,868.768
2024-09-03 21:19:15,BTCUSDT,bid,57800,868.687
2024-09-03 21:19:17,BTCUSDT,bid,57800,868.689
2024-09-03 21:19:17,BTCUSDT,bid,57800,868.76
2024-09-03 21:19:19,BTCUSDT,bid,57800,868.757
2024-09-03 21:19:20,BTCUSDT,bid,57800,868.845
2024-09-03 21:19:20,BTCUSDT,bid,57800,868.93
2024-09-03 21:19:21,BTCUSDT,bid,57800,868.916
2024-09-03 21:19:21,BTCUSDT,bid,57800,868.927
2024-09-03 21:19:23,BTCUSDT,bid,57800,868.897
2024-09-03 21:19:27,BTCUSDT,bid,57800,868.983
2024-09-03 21:19:27,BTCUSDT,bid,57800,869.156
2024-09-03 21:19:28,BTCUSDT,bid,57800,874.458
2024-09-03 21:19:30,BTCUSDT,bid,57800,874.631
2024-09-03 21:19:30,BTCUSDT,bid,57800,874.656
2024-09-03 21:19:31,BTCUSDT,bid,57800,874.657
2024-09-03 21:19:31,BTCUSDT,bid,57800,874.661
2024-09-03 21:19:31,BTCUSDT,bid,57800,874.663
2024-09-03 21:19:33,BTCUSDT,bid,57800,874.661
2024-09-03 21:19:33,BTCUSDT,bid,57800,874.663
2024-09-03 21:19:33,BTCUSDT,bid,57800,874.67
2024-09-03 21:19:35,BTCUSDT,bid,57800,874.626
2024-09-03 21:19:35,BTCUSDT,bid,57800,874.654
2024-09-03 21:19:36,BTCUSDT,bid,57800,869.352
2024-09-03 21:19:37,BTCUSDT,bid,57800,869.381
2024-09-03 21:19:37,BTCUSDT,bid,57800,869.425
2024-09-03 21:19:38,BTCUSDT,bid,57800,866.831
2024-09-03 21:19:55,BTCUSDT,bid,57800,1003.499
2024-09-03 21:19:58,BTCUSDT,bid,57800,1003.565
2024-09-03 21:19:59,BTCUSDT,bid,57800,1003.568
2024-09-03 21:20:00,BTCUSDT,bid,57800,1004.764
2024-09-03 21:20:01,BTCUSDT,bid,57800,1000.139
2024-09-03 21:20:04,BTCUSDT,bid,57800,1000.142
2024-09-03 21:20:05,BTCUSDT,bid,57800,1000.147
2024-09-03 21:20:05,BTCUSDT,bid,57800,1000.337
2024-09-03 21:20:05,BTCUSDT,bid,57800,1000.356
2024-09-03 21:20:06,BTCUSDT,bid,57800,1000.356
2024-09-03 21:20:07,BTCUSDT,bid,57800,1001.183
2024-09-03 21:20:07,BTCUSDT,bid,57800,1001.226
2024-09-03 21:20:07,BTCUSDT,bid,57800,1001.426
2024-09-03 21:20:09,BTCUSDT,bid,57800,1000.779
2024-09-03 21:20:09,BTCUSDT,bid,57800,1000.746
2024-09-03 21:20:19,BTCUSDT,bid,57800,1074.594
2024-09-03 21:20:24,BTCUSDT,bid,57800,1073.861
2024-09-03 21:21:01,BTCUSDT,bid,57800,1078.393
2024-09-03 21:21:01,BTCUSDT,bid,57800,1078.333
2024-09-03 21:21:02,BTCUSDT,bid,57800,1079.108
2024-09-03 21:21:02,BTCUSDT,bid,57800,1079.115
2024-09-03 21:21:02,BTCUSDT,bid,57800,1079.117
2024-09-03 21:21:03,BTCUSDT,bid,57800,1078.958
2024-09-03 21:21:03,BTCUSDT,bid,57800,1078.95
2024-09-03 21:21:05,BTCUSDT,bid,57800,1079.644
2024-09-03 21:21:05,BTCUSDT,bid,57800,1079.649
2024-09-03 21:21:06,BTCUSDT,bid,57800,1079.669
2024-09-03 21:21:07,BTCUSDT,bid,57800,1079.581
2024-09-03 21:21:07,BTCUSDT,bid,57800,1079.583
2024-09-03 21:21:08,BTCUSDT,bid,57800,1079.603
2024-09-03 21:21:14,BTCUSDT,bid,57800,1079.608
2024-09-03 21:21:15,BTCUSDT,bid,57800,1079.733
2024-09-03 21:21:15,BTCUSDT,bid,57800,1079.833
2024-09-03 21:21:16,BTCUSDT,bid,57800,1081.526
2024-09-03 21:21:16,BTCUSDT,bid,57800,1081.685
2024-09-03 21:21:16,BTCUSDT,bid,57800,1081.675
2024-09-03 21:21:17,BTCUSDT,bid,57800,1081.692
2024-09-03 21:21:17,BTCUSDT,bid,57800,1081.727
2024-09-03 21:21:18,BTCUSDT,bid,57800,1081.732
2024-09-03 21:21:18,BTCUSDT,bid,57800,1081.773
2024-09-03 21:21:19,BTCUSDT,bid,57800,1081.785
2024-09-03 21:21:19,BTCUSDT,bid,57800,1081.713
2024-09-03 21:21:19,BTCUSDT,bid,57800,1081.715
2024-09-03 21:21:20,BTCUSDT,bid,57800,1081.718
2024-09-03 21:21:21,BTCUSDT,bid,57800,1081.696
2024-09-03 21:21:23,BTCUSDT,bid,57800,1081.645
2024-09-03 21:21:25,BTCUSDT,bid,57800,1081.128
2024-09-03 21:21:26,BTCUSDT,bid,57800,1081.161
2024-09-03 21:21:26,BTCUSDT,bid,57800,1081.141
2024-09-03 21:21:27,BTCUSDT,bid,57800,1081.139
2024-09-03 21:21:27,BTCUSDT,bid,57800,1081.089
2024-09-03 21:21:28,BTCUSDT,bid,57800,1081.129
2024-09-03 21:21:28,BTCUSDT,bid,57800,1081.137
2024-09-03 21:21:28,BTCUSDT,bid,57800,1081.219
2024-09-03 21:21:28,BTCUSDT,bid,57800,1081.179
2024-09-03 21:21:29,BTCUSDT,bid,57800,1080.708
2024-09-03 21:21:30,BTCUSDT,bid,57800,1080.715
2024-09-03 21:21:33,BTCUSDT,bid,57800,1080.725
2024-09-03 21:21:35,BTCUSDT,bid,57800,1080.897
2024-09-03 21:21:35,BTCUSDT,bid,57800,1080.971
2024-09-03 21:21:36,BTCUSDT,bid,57800,1080.973
2024-09-03 21:21:37,BTCUSDT,bid,57800,1080.971
2024-09-03 21:21:37,BTCUSDT,bid,57800,1080.953
2024-09-03 21:21:38,BTCUSDT,bid,57800,1080.912
2024-09-03 21:34:23,BTCUSDT,bid,57800,1006.258
2024-09-03 21:34:25,BTCUSDT,bid,57800,1006.256
2024-09-03 21:34:32,BTCUSDT,bid,57800,1006.258
2024-09-03 21:34:36,BTCUSDT,bid,57800,1006.69
2024-09-03 21:34:37,BTCUSDT,bid,57800,1006.76
2024-09-03 21:34:37,BTCUSDT,bid,57800,1006.763
2024-09-03 21:34:38,BTCUSDT,bid,57800,1006.863
2024-09-03 21:34:38,BTCUSDT,bid,57800,1006.926
2024-09-03 21:34:40,BTCUSDT,bid,57800,1006.928
2024-09-03 21:50:50,BTCUSDT,bid,57700,703.29
2024-09-03 21:50:52,BTCUSDT,bid,57700,702.294
2024-09-03 21:50:52,BTCUSDT,bid,57700,702.354
2024-09-03 21:50:52,BTCUSDT,bid,57700,702.294
2024-09-03 21:50:53,BTCUSDT,bid,57700,702.344
2024-09-03 21:50:55,BTCUSDT,bid,57700,702.444
2024-09-03 21:50:56,BTCUSDT,bid,57700,702.454
2024-09-03 21:50:57,BTCUSDT,bid,57700,702.454
2024-09-03 21:50:59,BTCUSDT,bid,57700,702.475
2024-09-03 21:51:01,BTCUSDT,bid,57700,702.575
2024-09-03 21:51:01,BTCUSDT,bid,57700,702.949
2024-09-03 21:51:02,BTCUSDT,bid,57700,703.087
2024-09-03 21:51:03,BTCUSDT,bid,57700,703.131
2024-09-03 21:51:05,BTCUSDT,bid,57700,705.693
2024-09-03 21:51:05,BTCUSDT,bid,57700,703.131
2024-09-03 21:51:06,BTCUSDT,bid,57700,703.508
2024-09-03 21:51:06,BTCUSDT,bid,57700,702.933
2024-09-03 21:51:08,BTCUSDT,bid,57700,702.988
2024-09-03 21:51:09,BTCUSDT,bid,57700,702.991
2024-09-03 21:56:52,BTCUSDT,bid,57600,700.258
2024-09-03 21:56:54,BTCUSDT,bid,57600,700.298
2024-09-03 21:56:54,BTCUSDT,bid,57600,700.258
2024-09-03 22:13:45,BTCUSDT,bid,57800,1006.416
2024-09-03 22:13:45,BTCUSDT,bid,57800,1006.414
2024-09-03 22:13:49,BTCUSDT,bid,57800,1006.338
2024-09-03 22:13:52,BTCUSDT,bid,57800,1006.252
2024-09-03 22:13:53,BTCUSDT,bid,57800,1006.258
2024-09-03 22:13:53,BTCUSDT,bid,57800,1006.278
2024-09-03 22:13:55,BTCUSDT,bid,57800,1006.28
2024-09-03 22:13:57,BTCUSDT,bid,57800,1006.282
2024-09-03 22:13:59,BTCUSDT,bid,57800,1006.339
2024-09-03 22:13:59,BTCUSDT,bid,57800,1006.43
2024-09-03 22:13:59,BTCUSDT,bid,57800,1006.428
2024-09-03 22:14:01,BTCUSDT,bid,57800,1006.337
2024-09-03 22:14:03,BTCUSDT,bid,57800,1006.335
2024-09-03 22:14:06,BTCUSDT,bid,57800,1006.161
2024-09-03 22:14:07,BTCUSDT,bid,57800,1006.163
2024-09-03 22:14:08,BTCUSDT,bid,57800,1006.486
2024-09-03 22:14:08,BTCUSDT,bid,57800,1006.161
2024-09-03 22:14:12,BTCUSDT,bid,57800,1006.164
2024-09-03 22:14:14,BTCUSDT,bid,57800,1006.167
2024-09-03 22:14:15,BTCUSDT,bid,57800,1006.187
2024-09-03 22:14:17,BTCUSDT,bid,57800,1006.101
2024-09-03 22:14:17,BTCUSDT,bid,57800,1006.111
2024-09-03 22:14:18,BTCUSDT,bid,57800,1006.141
2024-09-03 22:14:19,BTCUSDT,bid,57800,1006.148
2024-09-03 22:14:20,BTCUSDT,bid,57800,1006.144
2024-09-03 22:14:21,BTCUSDT,bid,57800,1006.147
2024-09-03 22:14:22,BTCUSDT,bid,57800,1006.247
2024-09-03 22:14:24,BTCUSDT,bid,57800,1006.333
2024-09-03 22:14:27,BTCUSDT,bid,57800,1006.233
2024-09-03 22:14:29,BTCUSDT,bid,57800,1006.138
2024-09-03 22:14:36,BTCUSDT,bid,57800,1006.14
2024-09-03 22:14:41,BTCUSDT,bid,57800,1006.24
2024-09-03 22:14:41,BTCUSDT,bid,57800,1006.323
2024-09-03 22:14:44,BTCUSDT,bid,57800,1006.306
2024-09-03 22:14:48,BTCUSDT,bid,57800,1006.308
2024-09-03 22:14:54,BTCUSDT,bid,57800,1006.049
2024-09-03 22:14:56,BTCUSDT,bid,57800,1006.059
2024-09-03 22:14:57,BTCUSDT,bid,57800,1006.061
2024-09-03 22:09:28,BTCUSDT,bid,57700,1003.771
2024-09-03 22:09:42,BTCUSDT,bid,57700,1003.859
2024-09-03 22:09:42,BTCUSDT,bid,57700,1003.683
2024-09-03 22:09:46,BTCUSDT,bid,57700,1003.681
2024-09-03 22:09:50,BTCUSDT,bid,57700,1003.698
2024-09-03 22:09:52,BTCUSDT,bid,57700,1003.733
2024-09-03 22:09:52,BTCUSDT,bid,57700,1003.768
2024-09-03 22:09:53,BTCUSDT,bid,57700,1003.718
2024-09-03 22:09:57,BTCUSDT,bid,57700,1003.72
2024-09-03 22:09:57,BTCUSDT,bid,57700,1003.718
2024-09-03 22:09:58,BTCUSDT,bid,57700,1003.72
2024-09-03 22:10:00,BTCUSDT,bid,57700,1003.718
2024-09-03 22:10:00,BTCUSDT,bid,57700,1003.804
2024-09-03 22:10:57,BTCUSDT,bid,57700,1003.904
2024-09-03 22:11:05,BTCUSDT,bid,57700,1003.973
2024-09-03 22:11:09,BTCUSDT,bid,57700,1003.971
2024-09-03 22:11:11,BTCUSDT,bid,57700,1003.973
2024-09-03 22:15:07,BTCUSDT,bid,57800,1006.063
2024-09-03 22:15:13,BTCUSDT,bid,57800,1006.099
2024-09-03 22:15:16,BTCUSDT,bid,57800,1006.139
2024-09-03 22:15:16,BTCUSDT,bid,57800,1006.141
2024-09-03 22:15:23,BTCUSDT,bid,57800,1006.137
2024-09-03 22:15:27,BTCUSDT,bid,57800,1006.129
2024-09-03 22:15:28,BTCUSDT,bid,57800,1006.131
2024-09-03 22:43:50,BTCUSDT,ask,57700,1000.204
2024-09-03 22:43:52,BTCUSDT,ask,57700,1011.908
2024-09-03 23:20:50,BTCUSDT,bid,57700,1006.24
2024-09-03 23:20:54,BTCUSDT,bid,57700,1006.255
2024-09-03 23:20:59,BTCUSDT,bid,57700,1006.837
2024-09-03 23:21:07,BTCUSDT,bid,57700,1007.025
2024-09-03 23:21:09,BTCUSDT,bid,57700,1007.044
2024-09-03 23:21:10,BTCUSDT,bid,57700,1007.029
2024-09-03 23:44:33,BTCUSDT,bid,57700,618.556
2024-09-03 23:44:34,BTCUSDT,bid,57700,619.928
2024-09-03 23:44:36,BTCUSDT,bid,57700,619.938
2024-09-03 23:44:37,BTCUSDT,bid,57700,621.075
2024-09-03 23:47:23,BTCUSDT,bid,57700,1002.323
2024-09-03 23:47:24,BTCUSDT,bid,57700,1002.321
2024-09-03 23:47:26,BTCUSDT,bid,57700,1002.341
2024-09-03 23:47:30,BTCUSDT,bid,57700,1002.349
2024-09-03 23:47:31,BTCUSDT,bid,57700,1002.351
2024-09-03 23:47:31,BTCUSDT,bid,57700,1002.343
2024-09-03 23:48:26,BTCUSDT,bid,57700,1000.311
2024-09-03 23:48:35,BTCUSDT,bid,57700,1000.83
2024-09-03 23:48:35,BTCUSDT,bid,57700,1001.03
2024-09-03 23:48:41,BTCUSDT,bid,57700,1000.511
2024-09-03 23:48:41,BTCUSDT,bid,57700,1000.276
2024-09-03 23:49:11,BTCUSDT,bid,57700,1001.867
2024-09-03 23:49:12,BTCUSDT,bid,57700,1001.974
2024-09-03 23:49:14,BTCUSDT,bid,57700,1001.972
2024-09-03 23:49:17,BTCUSDT,bid,57700,1001.974
2024-09-03 23:49:28,BTCUSDT,bid,57700,1002.015
2024-09-03 23:49:30,BTCUSDT,bid,57700,1002.059
2024-09-03 23:49:37,BTCUSDT,bid,57700,1001.96
2024-09-03 23:49:38,BTCUSDT,bid,57700,1002.018
2024-09-03 23:49:38,BTCUSDT,bid,57700,1002.036
2024-09-03 23:50:20,BTCUSDT,bid,57700,1002.689
2024-09-03 23:50:28,BTCUSDT,bid,57700,1002.639
2024-09-03 23:50:38,BTCUSDT,bid,57700,1002.679
2024-09-03 23:50:38,BTCUSDT,bid,57700,1002.639
2024-09-03 23:50:41,BTCUSDT,bid,57700,1002.636
2024-09-03 23:50:44,BTCUSDT,bid,57700,1002.644
2024-09-03 23:50:44,BTCUSDT,bid,57700,1000.487
2024-09-03 23:50:46,BTCUSDT,bid,57700,1000.489
2024-09-03 23:50:46,BTCUSDT,bid,57700,1000.491
2024-09-03 23:50:47,BTCUSDT,bid,57700,1000.489
2024-09-03 23:50:47,BTCUSDT,bid,57700,1000.491
2024-09-03 23:50:47,BTCUSDT,bid,57700,1000.501
2024-09-03 23:50:48,BTCUSDT,bid,57700,1000.506
2024-09-03 23:50:48,BTCUSDT,bid,57700,1000.515
2024-09-03 23:50:49,BTCUSDT,bid,57700,1000.525
2024-09-03 23:50:53,BTCUSDT,bid,57700,1000.528
2024-09-03 23:50:54,BTCUSDT,bid,57700,1000.523
2024-09-03 23:51:01,BTCUSDT,bid,57700,1000.574
2024-09-03 23:51:01,BTCUSDT,bid,57700,1000.523
2024-09-03 23:51:01,BTCUSDT,bid,57700,1000.505
2024-09-03 23:51:03,BTCUSDT,bid,57700,1000.495
2024-09-04 00:04:47,BTCUSDT,ask,58000,1252.531
2024-09-04 00:05:18,BTCUSDT,ask,58000,1252.541
2024-09-04 00:05:26,BTCUSDT,ask,58000,1252.617
2024-09-04 00:05:33,BTCUSDT,ask,58000,1252.572
2024-09-04 00:05:37,BTCUSDT,ask,58000,1252.496
2024-09-04 00:05:45,BTCUSDT,ask,58000,1252.514
2024-09-04 00:28:40,BTCUSDT,bid,57900,1003.304
2024-09-04 00:28:44,BTCUSDT,bid,57900,1003.304
2024-09-04 00:28:44,BTCUSDT,bid,57900,1003.313
2024-09-04 00:28:49,BTCUSDT,bid,57900,1003.307
2024-09-04 00:28:52,BTCUSDT,bid,57900,1003.31
2024-09-04 00:28:52,BTCUSDT,bid,57900,1003.307
2024-09-04 00:28:53,BTCUSDT,bid,57900,1003.313
2024-09-04 00:29:03,BTCUSDT,bid,57900,1003.322
2024-09-04 00:29:05,BTCUSDT,bid,57900,1003.356
2024-09-04 00:29:05,BTCUSDT,bid,57900,1003.322
2024-09-04 00:29:06,BTCUSDT,bid,57900,1003.258
2024-09-04 00:29:07,BTCUSDT,bid,57900,1003.292
2024-09-04 00:29:08,BTCUSDT,bid,57900,1003.258
2024-09-04 00:29:14,BTCUSDT,bid,57900,1003.264
2024-09-04 00:29:15,BTCUSDT,bid,57900,1003.26
2024-09-04 00:29:21,BTCUSDT,bid,57900,1003.251
2024-09-04 00:29:21,BTCUSDT,bid,57900,1003.256
2024-09-04 00:29:21,BTCUSDT,bid,57900,1003.258
2024-09-04 00:29:23,BTCUSDT,bid,57900,1003.26
2024-09-04 00:29:38,BTCUSDT,bid,57900,1003.258
2024-09-04 00:29:41,BTCUSDT,bid,57900,1003.26
2024-09-04 00:30:14,BTCUSDT,bid,57900,1000.942
2024-09-04 00:30:15,BTCUSDT,bid,57900,1000.967
2024-09-04 00:30:16,BTCUSDT,bid,57900,1000.969
2024-09-04 00:30:20,BTCUSDT,bid,57900,1001.303
2024-09-04 00:30:21,BTCUSDT,bid,57900,1001.337
2024-09-04 00:30:21,BTCUSDT,bid,57900,1001.303
2024-09-04 00:30:21,BTCUSDT,bid,57900,1000.969
2024-09-04 00:30:22,BTCUSDT,bid,57900,1001.003
2024-09-04 00:30:25,BTCUSDT,bid,57900,1001.537
2024-09-04 00:30:25,BTCUSDT,bid,57900,1001.192
2024-09-04 00:30:29,BTCUSDT,bid,57900,1001.447
2024-09-04 00:30:29,BTCUSDT,bid,57900,1001.194
2024-09-04 00:30:33,BTCUSDT,bid,57900,1003.059
2024-09-04 00:30:37,BTCUSDT,bid,57900,1003.061
2024-09-04 00:30:41,BTCUSDT,bid,57900,1003.042
2024-09-04 00:30:45,BTCUSDT,bid,57900,1002.999
2024-09-04 00:30:46,BTCUSDT,bid,57900,1002.974
2024-09-04 00:30:46,BTCUSDT,bid,57900,1003.056
2024-09-04 00:25:24,BTCUSDT,bid,57800,1000.757
2024-09-04 00:25:32,BTCUSDT,bid,57800,1000.799
2024-09-04 00:25:32,BTCUSDT,bid,57800,1000.729
2024-09-04 00:25:39,BTCUSDT,bid,57800,1000.763
2024-09-04 00:25:39,BTCUSDT,bid,57800,1001.016
2024-09-04 00:25:41,BTCUSDT,bid,57800,1001.175
2024-09-04 00:25:50,BTCUSDT,bid,57800,1000.911
2024-09-04 00:25:52,BTCUSDT,bid,57800,1001.285
2024-09-04 00:25:52,BTCUSDT,bid,57800,1000.911
2024-09-04 00:25:54,BTCUSDT,bid,57800,1000.911
2024-09-04 00:25:57,BTCUSDT,bid,57800,1000.93
2024-09-04 00:25:59,BTCUSDT,bid,57800,1000.771
2024-09-04 00:25:59,BTCUSDT,bid,57800,1000.783
2024-09-04 00:26:00,BTCUSDT,bid,57800,1000.94
2024-09-04 00:26:03,BTCUSDT,bid,57800,1003.699
2024-09-04 00:26:06,BTCUSDT,bid,57800,1000.94
2024-09-04 00:26:08,BTCUSDT,bid,57800,1000.942
2024-09-04 00:26:09,BTCUSDT,bid,57800,1000.52
2024-09-04 00:26:10,BTCUSDT,bid,57800,1000.555
2024-09-04 00:45:10,BTCUSDT,bid,57800,1002.258
2024-09-04 00:45:11,BTCUSDT,bid,57800,1002.258
2024-09-04 00:45:13,BTCUSDT,bid,57800,1002.26
2024-09-04 00:45:13,BTCUSDT,bid,57800,1002.273
2024-09-04 00:45:16,BTCUSDT,bid,57800,1002.285
2024-09-04 00:45:17,BTCUSDT,bid,57800,1002.288
2024-09-04 00:45:24,BTCUSDT,bid,57800,1002.308
2024-09-04 00:45:25,BTCUSDT,bid,57800,1002.321
2024-09-04 00:21:32,BTCUSDT,bid,57700,1000.203
2024-09-04 00:21:32,BTCUSDT,bid,57700,1000.303
2024-09-04 00:21:42,BTCUSDT,bid,57700,1000.225
2024-09-04 00:21:43,BTCUSDT,bid,57700,1000.247
2024-09-04 00:21:46,BTCUSDT,bid,57700,1000.621
2024-09-04 00:21:47,BTCUSDT,bid,57700,1000.247
2024-09-04 00:21:53,BTCUSDT,bid,57700,1000.223
2024-09-04 00:21:55,BTCUSDT,bid,57700,1000.201
2024-09-04 00:21:55,BTCUSDT,bid,57700,1000.144
2024-09-03 22:06:11,BTCUSDT,bid,57600,814.79
2024-09-03 22:06:11,BTCUSDT,bid,57600,814.574
2024-09-03 22:06:12,BTCUSDT,bid,57600,814.58
2024-09-03 22:06:13,BTCUSDT,bid,57600,814.571
2024-09-03 22:06:13,BTCUSDT,bid,57600,814.244
2024-09-03 22:06:13,BTCUSDT,bid,57600,813.92
2024-09-03 22:06:13,BTCUSDT,bid,57600,813.418
2024-09-03 22:06:15,BTCUSDT,bid,57600,813.408
2024-09-03 22:06:15,BTCUSDT,bid,57600,813.418
2024-09-03 22:06:17,BTCUSDT,bid,57600,814.286
2024-09-03 22:06:19,BTCUSDT,bid,57600,814.466
2024-09-03 22:06:19,BTCUSDT,bid,57600,814.557
2024-09-03 22:06:20,BTCUSDT,bid,57600,814.466
2024-09-03 22:06:20,BTCUSDT,bid,57600,814.375
2024-09-03 22:06:21,BTCUSDT,bid,57600,814.286
2024-09-03 22:06:22,BTCUSDT,bid,57600,814.298
2024-09-03 22:06:22,BTCUSDT,bid,57600,814.303
2024-09-03 22:06:23,BTCUSDT,bid,57600,814.283
2024-09-03 22:06:24,BTCUSDT,bid,57600,814.11
2024-09-03 22:06:26,BTCUSDT,bid,57600,814.114
2024-09-03 22:06:27,BTCUSDT,bid,57600,814.14
2024-09-03 22:06:28,BTCUSDT,bid,57600,814.138
2024-09-03 22:06:32,BTCUSDT,bid,57600,814.133
2024-09-03 22:06:35,BTCUSDT,bid,57600,814.608
2024-09-03 22:06:36,BTCUSDT,bid,57600,814.602
2024-09-03 22:06:36,BTCUSDT,bid,57600,814.636
2024-09-03 22:06:37,BTCUSDT,bid,57600,814.624
2024-09-03 22:06:39,BTCUSDT,bid,57600,814.674
2024-09-03 22:25:54,BTCUSDT,bid,57600,907.869
2024-09-03 22:25:59,BTCUSDT,bid,57600,907.783
2024-09-03 22:26:03,BTCUSDT,bid,57600,907.74
2024-09-03 22:26:03,BTCUSDT,bid,57600,907.742
2024-09-03 22:26:04,BTCUSDT,bid,57600,907.602
2024-09-03 22:26:05,BTCUSDT,bid,57600,907.608
2024-09-03 22:26:06,BTCUSDT,bid,57600,907.602
2024-09-03 22:26:09,BTCUSDT,bid,57600,907.559
2024-09-03 22:26:09,BTCUSDT,bid,57600,907.459
2024-09-03 22:26:10,BTCUSDT,bid,57600,906.659
2024-09-03 22:26:17,BTCUSDT,bid,57600,1019.632
2024-09-03 22:26:21,BTCUSDT,bid,57600,1019.332
2024-09-03 22:26:25,BTCUSDT,bid,57600,1019.34
2024-09-03 22:26:26,BTCUSDT,bid,57600,1019.317
2024-09-03 22:26:30,BTCUSDT,bid,57600,1019.302
2024-09-03 22:26:31,BTCUSDT,bid,57600,1019.36
2024-09-03 22:26:36,BTCUSDT,bid,57600,1019.76
2024-09-03 22:26:44,BTCUSDT,bid,57600,1019.71
2024-09-03 22:27:08,BTCUSDT,bid,57600,1019.715
2024-09-03 22:27:10,BTCUSDT,bid,57600,1019.801
2024-09-03 22:27:10,BTCUSDT,bid,57600,1019.803
2024-09-03 22:46:33,BTCUSDT,bid,57600,1140.058
2024-09-03 22:46:39,BTCUSDT,bid,57600,1140.054
2024-09-03 22:46:40,BTCUSDT,bid,57600,1139.978
2024-09-03 23:33:22,BTCUSDT,bid,57600,1022.599
2024-09-03 23:33:23,BTCUSDT,bid,57600,1022.788
2024-09-03 23:33:25,BTCUSDT,bid,57600,1022.828
2024-09-03 23:33:26,BTCUSDT,bid,57600,1022.788
2024-09-03 23:33:28,BTCUSDT,bid,57600,1022.828
2024-09-03 23:33:28,BTCUSDT,bid,57600,1022.788
2024-09-03 23:33:31,BTCUSDT,bid,57600,1022.805
2024-09-03 23:33:32,BTCUSDT,bid,57600,1022.809
2024-09-03 23:33:33,BTCUSDT,bid,57600,1022.794
2024-09-03 23:33:34,BTCUSDT,bid,57600,1022.812
2024-09-03 23:33:39,BTCUSDT,bid,57600,1022.862
2024-09-03 23:33:40,BTCUSDT,bid,57600,1022.837
2024-09-03 23:33:42,BTCUSDT,bid,57600,1022.223
2024-09-03 23:33:42,BTCUSDT,bid,57600,1022.214
2024-09-03 23:33:44,BTCUSDT,bid,57600,1022.184
2024-09-03 23:33:45,BTCUSDT,bid,57600,1022.224
2024-09-03 23:33:46,BTCUSDT,bid,57600,1022.184
2024-09-03 23:55:14,BTCUSDT,bid,57600,829.46
2024-09-03 23:55:16,BTCUSDT,bid,57600,829.41
2024-09-03 23:55:16,BTCUSDT,bid,57600,829.513
2024-09-03 23:55:16,BTCUSDT,bid,57600,827.898
2024-09-03 23:55:18,BTCUSDT,bid,57600,827.9
2024-09-03 23:55:18,BTCUSDT,bid,57600,827.878
2024-09-03 23:55:20,BTCUSDT,bid,57600,827.88
2024-09-03 23:55:25,BTCUSDT,bid,57600,827.805
2024-09-03 23:55:53,BTCUSDT,bid,57600,1029.454
2024-09-03 23:55:55,BTCUSDT,bid,57600,1029.45
2024-09-03 23:55:56,BTCUSDT,bid,57600,1029.286
2024-09-03 23:56:00,BTCUSDT,bid,57600,1029.335
2024-09-03 23:56:06,BTCUSDT,bid,57600,1009.335
2024-09-03 23:57:00,BTCUSDT,bid,57600,834.869
2024-09-03 23:57:05,BTCUSDT,bid,57600,834.969
2024-09-03 23:57:48,BTCUSDT,bid,57600,810.069
2024-09-03 23:57:48,BTCUSDT,bid,57600,809.871
2024-09-04 01:00:39,BTCUSDT,ask,57700,1001.352
2024-09-04 01:34:19,BTCUSDT,bid,57900,1000.417
2024-09-04 01:49:21,BTCUSDT,bid,57900,1002.805
2024-09-04 01:49:23,BTCUSDT,bid,57900,1002.811
2024-09-04 01:49:25,BTCUSDT,bid,57900,1002.809
2024-09-04 01:49:37,BTCUSDT,bid,57900,1002.803
2024-09-04 01:49:38,BTCUSDT,bid,57900,1002.768
2024-09-04 01:49:43,BTCUSDT,bid,57900,1003.116
2024-09-04 01:49:45,BTCUSDT,bid,57900,1002.768
2024-09-04 01:49:53,BTCUSDT,bid,57900,1002.811
2024-09-04 02:09:00,BTCUSDT,bid,58000,801.733
2024-09-04 02:09:05,BTCUSDT,bid,58000,801.749
2024-09-04 02:13:08,BTCUSDT,bid,58000,1001.475
2024-09-04 02:13:08,BTCUSDT,bid,58000,1001.473
2024-09-04 02:13:13,BTCUSDT,bid,58000,1001.475
2024-09-04 02:13:37,BTCUSDT,bid,58000,1001.473
2024-09-04 02:13:38,BTCUSDT,bid,58000,1001.513
2024-09-04 02:13:39,BTCUSDT,bid,58000,1001.473
2024-09-04 02:13:40,BTCUSDT,bid,58000,1000.2
2024-09-04 02:13:41,BTCUSDT,bid,58000,1000.589
2024-09-04 02:13:41,BTCUSDT,bid,58000,1000.549
2024-09-04 02:13:47,BTCUSDT,bid,58000,1000.951
2024-09-04 02:13:50,BTCUSDT,bid,58000,1000.741
2024-09-04 02:13:51,BTCUSDT,bid,58000,1000.632
2024-09-04 02:13:52,BTCUSDT,bid,58000,1000.24
2024-09-04 02:13:58,BTCUSDT,bid,58000,1000.635
2024-09-04 02:13:59,BTCUSDT,bid,58000,1000.24
2024-09-04 02:14:02,BTCUSDT,bid,58000,1000.274
2024-09-04 02:14:04,BTCUSDT,bid,58000,1000.276
2024-09-04 02:14:06,BTCUSDT,bid,58000,1000.274
2024-09-04 02:14:08,BTCUSDT,bid,58000,1001.441
2024-09-04 02:17:19,BTCUSDT,bid,58000,1002.531
2024-09-04 02:17:24,BTCUSDT,bid,58000,1002.538
2024-09-04 02:17:28,BTCUSDT,bid,58000,1002.552
2024-09-04 02:23:45,BTCUSDT,bid,58100,1003.557
2024-09-04 02:23:51,BTCUSDT,bid,58100,1003.389
2024-09-04 02:23:59,BTCUSDT,bid,58100,1000.097
2024-09-04 02:24:06,BTCUSDT,bid,58100,1003.46
2024-09-04 02:24:09,BTCUSDT,bid,58100,1000.137
2024-09-04 02:24:09,BTCUSDT,bid,58100,1000.137
2024-09-04 02:24:10,BTCUSDT,bid,58100,1000.097
2024-09-04 02:24:11,BTCUSDT,bid,58100,1000.102
2024-09-04 02:24:12,BTCUSDT,bid,58100,1000.126
2024-09-04 02:24:16,BTCUSDT,bid,58100,1000.102
2024-09-04 02:24:17,BTCUSDT,bid,58100,1000.097
2024-09-04 02:24:17,BTCUSDT,bid,58100,1003.356
2024-09-04 02:24:21,BTCUSDT,bid,58100,1000.088
2024-09-04 02:24:25,BTCUSDT,bid,58100,1000.116
2024-09-04 02:24:28,BTCUSDT,bid,58100,1003.46
2024-09-04 02:24:32,BTCUSDT,bid,58100,1000.156
2024-09-04 02:24:33,BTCUSDT,bid,58100,1000.116
2024-09-04 02:24:33,BTCUSDT,bid,58100,1003.57
2024-09-04 02:08:50,BTCUSDT,bid,57900,1000.522
2024-09-04 02:08:53,BTCUSDT,bid,57900,1000.25
2024-09-04 02:09:18,BTCUSDT,bid,57900,1000.195
2024-09-04 02:25:48,BTCUSDT,bid,58000,1004.567
2024-09-04 02:25:52,BTCUSDT,bid,58000,1004.562
2024-09-04 02:25:53,BTCUSDT,bid,58000,1004.601
2024-09-04 02:25:55,BTCUSDT,bid,58000,1004.629
2024-09-04 03:23:27,BTCUSDT,bid,58100,1005.134
2024-09-04 03:26:57,BTCUSDT,bid,58100,1008.47
2024-09-04 03:26:57,BTCUSDT,bid,58100,1008.53
2024-09-04 03:26:57,BTCUSDT,bid,58100,1008.47
2024-09-04 03:26:58,BTCUSDT,bid,58100,1004.93
2024-09-04 03:27:03,BTCUSDT,bid,58100,1005.77
2024-09-04 03:27:04,BTCUSDT,bid,58100,1005.04
2024-09-04 03:38:00,BTCUSDT,bid,58100,1008.197
2024-09-04 03:38:03,BTCUSDT,bid,58100,1008.194
2024-09-04 03:38:05,BTCUSDT,bid,58100,1008.196
2024-09-04 03:38:18,BTCUSDT,bid,58100,1008.198
2024-09-04 03:38:24,BTCUSDT,bid,58100,1008.196
2024-09-04 03:38:45,BTCUSDT,bid,58100,1008.219
2024-09-04 03:38:54,BTCUSDT,bid,58100,1000.164
2024-09-04 03:38:55,BTCUSDT,bid,58100,1000.196
2024-09-04 03:39:00,BTCUSDT,bid,58100,1008.273
2024-09-04 03:39:03,BTCUSDT,bid,58100,1000.199
2024-09-04 03:39:05,BTCUSDT,bid,58100,1000.207
2024-09-04 03:39:05,BTCUSDT,bid,58100,1000.199
2024-09-04 03:39:28,BTCUSDT,bid,58100,1000.097
2024-09-04 03:39:28,BTCUSDT,bid,58100,1000.015
2024-09-04 03:39:29,BTCUSDT,bid,58100,1000.015
2024-09-04 03:39:31,BTCUSDT,bid,58100,1000.155
2024-09-04 03:39:34,BTCUSDT,bid,58100,1000.29
2024-09-04 03:39:35,BTCUSDT,bid,58100,1000.289
2024-09-04 03:39:36,BTCUSDT,bid,58100,1000.155
2024-09-04 03:39:38,BTCUSDT,bid,58100,1000.279
2024-09-04 03:39:39,BTCUSDT,bid,58100,1000.035
2024-09-04 03:39:39,BTCUSDT,bid,58100,1000.018
2024-09-04 03:39:40,BTCUSDT,bid,58100,1000.015
2024-09-04 03:39:48,BTCUSDT,bid,58100,2000.015
2024-09-04 03:39:49,BTCUSDT,bid,58100,2000.345
2024-09-04 03:55:25,BTCUSDT,bid,58100,1000.051
2024-09-04 03:55:44,BTCUSDT,bid,58100,1000.07
2024-09-04 03:55:45,BTCUSDT,bid,58100,1000.08
2024-09-04 03:55:48,BTCUSDT,bid,58100,1000.07
2024-09-04 03:55:48,BTCUSDT,bid,58100,1000.08
2024-09-04 03:55:49,BTCUSDT,bid,58100,1000.029
2024-09-04 03:55:49,BTCUSDT,bid,58100,1000.004
2024-09-04 03:55:50,BTCUSDT,bid,58100,1001.596
2024-09-04 03:55:50,BTCUSDT,bid,58100,1000.007
2024-09-04 03:55:50,BTCUSDT,bid,58100,1000.059
2024-09-04 03:55:51,BTCUSDT,bid,58100,1000.072
2024-09-04 03:20:23,BTCUSDT,bid,58000,1005.33
2024-09-04 03:28:23,BTCUSDT,bid,58000,1004.18
2024-09-04 03:28:32,BTCUSDT,bid,58000,1003.18
2024-09-04 03:37:52,BTCUSDT,bid,58000,1001.282
2024-09-04 03:37:53,BTCUSDT,bid,58000,1001.28
2024-09-04 03:38:01,BTCUSDT,bid,58000,1001.17
2024-09-04 03:38:16,BTCUSDT,bid,58000,1001.263
2024-09-04 03:46:27,BTCUSDT,bid,58000,1000.803
2024-09-04 03:46:28,BTCUSDT,bid,58000,1000.057
2024-09-04 03:46:28,BTCUSDT,bid,58000,1000.002
2024-09-04 03:46:39,BTCUSDT,bid,58000,1000.898
2024-09-04 03:46:44,BTCUSDT,bid,58000,1000.935
2024-09-04 04:23:31,BTCUSDT,bid,58000,1006.005
2024-09-04 04:23:33,BTCUSDT,bid,58000,1006.407
2024-09-04 04:23:39,BTCUSDT,bid,58000,1006.375
2024-09-04 04:25:04,BTCUSDT,bid,58000,1006.463
2024-09-04 04:25:08,BTCUSDT,bid,58000,1006.853
2024-09-04 04:25:10,BTCUSDT,bid,58000,1006.855
2024-09-04 04:25:10,BTCUSDT,bid,58000,1006.853
2024-09-04 04:25:10,BTCUSDT,bid,58000,1006.855
2024-09-04 04:25:11,BTCUSDT,bid,58000,1006.853
2024-09-04 04:25:12,BTCUSDT,bid,58000,1006.855
2024-09-04 04:25:12,BTCUSDT,bid,58000,1006.853
2024-09-04 04:25:14,BTCUSDT,bid,58000,1006.893
2024-09-04 04:25:14,BTCUSDT,bid,58000,1006.853
2024-09-04 04:25:16,BTCUSDT,bid,58000,1006.853
2024-09-04 04:25:16,BTCUSDT,bid,58000,1006.855
2024-09-04 04:25:18,BTCUSDT,bid,58000,1006.859
2024-09-04 04:25:18,BTCUSDT,bid,58000,1006.857
2024-09-04 04:25:18,BTCUSDT,bid,58000,1006.859
2024-09-04 04:25:19,BTCUSDT,bid,58000,1006.855
2024-09-04 04:25:19,BTCUSDT,bid,58000,1006.87
2024-09-04 04:25:21,BTCUSDT,bid,58000,1006.855
2024-09-04 04:25:23,BTCUSDT,bid,58000,1006.855
2024-09-04 04:25:24,BTCUSDT,bid,58000,1006.853
2024-09-04 04:25:25,BTCUSDT,bid,58000,1006.855
2024-09-04 04:25:25,BTCUSDT,bid,58000,1006.853
2024-09-04 04:25:30,BTCUSDT,bid,58000,1006.905
2024-09-04 04:25:32,BTCUSDT,bid,58000,1006.948
2024-09-04 04:27:03,BTCUSDT,bid,58000,1000.695
2024-09-04 04:27:03,BTCUSDT,bid,58000,1000.695
2024-09-04 04:27:03,BTCUSDT,bid,58000,1000.782
2024-09-04 04:27:04,BTCUSDT,bid,58000,1000.778
2024-09-04 04:27:06,BTCUSDT,bid,58000,951.336
2024-09-04 04:27:51,BTCUSDT,bid,58000,1000.373
2024-09-04 04:27:52,BTCUSDT,bid,58000,1000.975
2024-09-04 04:27:53,BTCUSDT,bid,58000,1000.97
2024-09-04 04:28:00,BTCUSDT,bid,58000,1000.972
2024-09-04 04:28:01,BTCUSDT,bid,58000,1000.97
2024-09-04 04:28:04,BTCUSDT,bid,58000,1001.005
2024-09-04 04:28:04,BTCUSDT,bid,58000,1001.01
2024-09-04 04:28:06,BTCUSDT,bid,58000,1001.016
2024-09-04 04:28:08,BTCUSDT,bid,58000,1001.076
2024-09-04 04:28:09,BTCUSDT,bid,58000,1001.071
2024-09-04 04:28:09,BTCUSDT,bid,58000,1000.773
2024-09-04 04:28:10,BTCUSDT,bid,58000,1000.446
2024-09-04 04:42:45,BTCUSDT,bid,58000,1001.796
2024-09-04 04:42:53,BTCUSDT,bid,58000,1001.705
2024-09-04 04:42:55,BTCUSDT,bid,58000,1000.029
2024-09-04 04:42:55,BTCUSDT,bid,58000,1001.67
2024-09-04 04:43:00,BTCUSDT,bid,58000,1000.021
2024-09-04 04:43:01,BTCUSDT,bid,58000,1000.029
2024-09-04 04:43:01,BTCUSDT,bid,58000,1000.021
2024-09-04 04:43:03,BTCUSDT,bid,58000,1000.093
2024-09-04 04:43:04,BTCUSDT,bid,58000,1000.021
2024-09-04 04:43:04,BTCUSDT,bid,58000,1001.687
2024-09-04 04:43:04,BTCUSDT,bid,58000,1000.049
2024-09-04 04:43:04,BTCUSDT,bid,58000,1000.019
2024-09-04 04:43:08,BTCUSDT,bid,58000,1000.021
2024-09-04 04:43:13,BTCUSDT,bid,58000,1000.029
2024-09-04 04:43:15,BTCUSDT,bid,58000,1000.021
2024-09-04 04:43:18,BTCUSDT,bid,58000,833.08
2024-09-04 04:43:18,BTCUSDT,bid,58000,833.048
2024-09-04 04:43:18,BTCUSDT,bid,58000,833.045
2024-09-04 04:43:18,BTCUSDT,bid,58000,833.069
2024-09-04 04:43:18,BTCUSDT,bid,58000,833.45
2024-09-04 04:43:18,BTCUSDT,bid,58000,833.452
2024-09-04 04:43:18,BTCUSDT,bid,58000,834.366
2024-09-04 04:43:19,BTCUSDT,bid,58000,833.473
2024-09-04 04:43:19,BTCUSDT,bid,58000,834.375
2024-09-04 04:43:19,BTCUSDT,bid,58000,831.264
2024-09-04 04:43:19,BTCUSDT,bid,58000,832.208
2024-09-04 04:43:19,BTCUSDT,bid,58000,832.564
2024-09-04 04:43:19,BTCUSDT,bid,58000,832.562
2024-09-04 04:43:19,BTCUSDT,bid,58000,832.562
2024-09-04 04:43:19,BTCUSDT,bid,58000,833.774
2024-09-04 04:43:19,BTCUSDT,bid,58000,833.778
2024-09-04 04:43:19,BTCUSDT,bid,58000,833.782
2024-09-04 04:43:49,BTCUSDT,bid,58000,1000.27
2024-09-04 04:43:52,BTCUSDT,bid,58000,838.0
2024-09-04 04:43:52,BTCUSDT,bid,58000,838.003
2024-09-04 04:43:52,BTCUSDT,bid,58000,838.061
2024-09-04 04:43:52,BTCUSDT,bid,58000,838.061
2024-09-04 04:43:52,BTCUSDT,bid,58000,838.088
2024-09-04 04:43:52,BTCUSDT,bid,58000,838.085
2024-09-04 04:43:52,BTCUSDT,bid,58000,838.09
2024-09-04 04:43:52,BTCUSDT,bid,58000,838.097
2024-09-04 04:43:52,BTCUSDT,bid,58000,837.406
2024-09-04 04:43:53,BTCUSDT,bid,58000,837.419
2024-09-04 04:43:53,BTCUSDT,bid,58000,837.419
2024-09-04 04:43:53,BTCUSDT,bid,58000,837.424
2024-09-04 04:43:53,BTCUSDT,bid,58000,837.373
2024-09-04 04:43:54,BTCUSDT,bid,58000,837.428
2024-09-04 04:43:54,BTCUSDT,bid,58000,837.424
2024-09-04 04:43:54,BTCUSDT,bid,58000,837.409
2024-09-04 04:43:54,BTCUSDT,bid,58000,837.407
2024-09-04 04:43:54,BTCUSDT,bid,58000,837.409
2024-09-04 04:43:54,BTCUSDT,bid,58000,837.407
2024-09-04 04:43:54,BTCUSDT,bid,58000,837.411
2024-09-04 04:43:54,BTCUSDT,bid,58000,837.407
2024-09-04 04:43:54,BTCUSDT,bid,58000,837.41
2024-09-04 04:43:54,BTCUSDT,bid,58000,837.412
2024-09-04 04:43:55,BTCUSDT,bid,58000,837.412
2024-09-04 04:43:55,BTCUSDT,bid,58000,837.41
2024-09-04 04:43:55,BTCUSDT,bid,58000,837.412
2024-09-04 04:43:55,BTCUSDT,bid,58000,837.412
2024-09-04 04:43:55,BTCUSDT,bid,58000,837.141
2024-09-04 04:43:55,BTCUSDT,bid,58000,837.142
2024-09-04 04:43:55,BTCUSDT,bid,58000,837.138
2024-09-04 04:43:55,BTCUSDT,bid,58000,837.487
2024-09-04 04:43:55,BTCUSDT,bid,58000,837.484
2024-09-04 04:48:29,BTCUSDT,bid,58000,900.615
2024-09-04 05:01:51,BTCUSDT,bid,58000,1000.393
2024-09-04 05:02:13,BTCUSDT,bid,58000,1000.133
2024-09-04 05:02:14,BTCUSDT,bid,58000,1000.216
2024-09-04 05:02:27,BTCUSDT,bid,58000,1000.286
2024-09-04 05:02:52,BTCUSDT,bid,58000,1000.248
2024-09-04 05:02:53,BTCUSDT,bid,58000,1000.248
2024-09-04 05:03:00,BTCUSDT,bid,58000,1000.37
2024-09-04 05:03:03,BTCUSDT,bid,58000,1002.09
2024-09-04 05:03:03,BTCUSDT,bid,58000,1000.207
2024-09-04 05:03:04,BTCUSDT,bid,58000,1000.789
2024-09-04 05:03:04,BTCUSDT,bid,58000,1000.789
2024-09-04 05:04:20,BTCUSDT,bid,58100,1000.526
2024-09-04 05:04:21,BTCUSDT,bid,58100,1000.133
2024-09-04 05:04:24,BTCUSDT,bid,58100,1000.233
2024-09-04 05:04:25,BTCUSDT,bid,58100,1000.241
2024-09-04 05:04:29,BTCUSDT,bid,58100,1000.237
2024-09-04 05:04:29,BTCUSDT,bid,58100,1000.233
2024-09-04 05:04:29,BTCUSDT,bid,58100,1000.138
2024-09-04 05:04:29,BTCUSDT,bid,58100,1000.15
2024-09-04 05:04:30,BTCUSDT,bid,58100,1000.14
2024-09-04 05:04:30,BTCUSDT,bid,58100,1000.13
2024-09-04 05:04:32,BTCUSDT,bid,58100,1000.143
2024-09-04 05:04:32,BTCUSDT,bid,58100,1000.156
2024-09-04 05:04:32,BTCUSDT,bid,58100,1000.146
2024-09-04 05:04:33,BTCUSDT,bid,58100,1000.104
2024-09-04 05:04:34,BTCUSDT,bid,58100,1000.167
2024-09-04 05:04:38,BTCUSDT,bid,58100,1000.249
2024-09-04 05:04:40,BTCUSDT,bid,58100,1000.311
2024-09-04 05:04:40,BTCUSDT,bid,58100,1000.108
2024-09-04 05:04:40,BTCUSDT,bid,58100,1000.114
2024-09-04 05:04:41,BTCUSDT,bid,58100,1000.249
2024-09-04 05:04:41,BTCUSDT,bid,58100,1000.214
2024-09-04 05:04:42,BTCUSDT,bid,58100,1002.089
2024-09-04 05:04:43,BTCUSDT,bid,58100,1002.095
2024-09-04 03:54:00,BTCUSDT,bid,57900,1003.685
2024-09-04 03:54:07,BTCUSDT,bid,57900,1003.768
2024-09-04 03:54:07,BTCUSDT,bid,57900,1003.682
2024-09-04 03:54:11,BTCUSDT,bid,57900,1003.582
2024-09-04 04:24:53,BTCUSDT,bid,57900,1002.293
2024-09-04 04:25:21,BTCUSDT,bid,57900,1002.275
2024-09-04 04:25:29,BTCUSDT,bid,57900,1002.279
2024-09-04 04:26:49,BTCUSDT,bid,57900,1001.026
2024-09-04 04:26:49,BTCUSDT,bid,57900,1001.034
2024-09-04 04:27:37,BTCUSDT,bid,57900,1000.002
2024-09-04 04:27:37,BTCUSDT,bid,57900,1000.002
2024-09-04 04:27:38,BTCUSDT,bid,57900,1000.037
2024-09-04 04:28:35,BTCUSDT,bid,57900,1000.004
2024-09-04 04:28:36,BTCUSDT,bid,57900,1000.002
2024-09-04 04:28:44,BTCUSDT,bid,57900,1000.002
2024-09-04 04:28:47,BTCUSDT,bid,57900,1000.088
2024-09-04 04:29:04,BTCUSDT,bid,57900,1000.122
2024-09-04 04:29:06,BTCUSDT,bid,57900,1000.004
2024-09-04 04:29:06,BTCUSDT,bid,57900,1000.004
2024-09-04 04:29:07,BTCUSDT,bid,57900,1000.004
2024-09-04 04:29:07,BTCUSDT,bid,57900,1000.002
2024-09-04 04:29:07,BTCUSDT,bid,57900,1000.004
2024-09-04 04:29:08,BTCUSDT,bid,57900,1000.002
2024-09-04 04:29:09,BTCUSDT,bid,57900,1000.149
2024-09-04 04:29:09,BTCUSDT,bid,57900,1000.002
2024-09-04 04:29:31,BTCUSDT,bid,57900,1018.913
2024-09-04 04:29:32,BTCUSDT,bid,57900,1039.504
2024-09-04 04:29:32,BTCUSDT,bid,57900,1018.913
2024-09-04 04:29:33,BTCUSDT,bid,57900,1018.96
2024-09-04 04:29:52,BTCUSDT,bid,57900,1018.443
2024-09-04 04:29:55,BTCUSDT,bid,57900,1018.419
2024-09-04 04:30:06,BTCUSDT,bid,57900,1001.804
2024-09-04 04:30:07,BTCUSDT,bid,57900,1001.802
2024-09-04 04:30:07,BTCUSDT,bid,57900,1018.33
2024-09-04 04:30:08,BTCUSDT,bid,57900,1001.922
2024-09-04 04:30:09,BTCUSDT,bid,57900,1018.416
2024-09-04 04:30:09,BTCUSDT,bid,57900,1001.802
2024-09-04 04:30:12,BTCUSDT,bid,57900,1018.414
2024-09-04 04:32:53,BTCUSDT,bid,57900,593.771
2024-09-04 04:32:54,BTCUSDT,bid,57900,593.785
2024-09-04 04:32:55,BTCUSDT,bid,57900,593.787
2024-09-04 04:32:55,BTCUSDT,bid,57900,593.785
2024-09-04 04:34:56,BTCUSDT,bid,57900,1000.119
2024-09-04 04:35:18,BTCUSDT,bid,57900,1001.014
2024-09-04 04:40:05,BTCUSDT,bid,57900,1000.086
2024-09-04 04:40:06,BTCUSDT,bid,57900,1000.676
2024-09-04 04:40:06,BTCUSDT,bid,57900,1000.679
2024-09-04 04:40:06,BTCUSDT,bid,57900,1000.676
2024-09-04 04:40:33,BTCUSDT,bid,57900,1001.185
2024-09-04 04:40:51,BTCUSDT,bid,57900,1001.202
2024-09-04 04:40:52,BTCUSDT,bid,57900,1001.185
2024-09-04 04:40:55,BTCUSDT,bid,57900,1000.019
2024-09-04 04:48:13,BTCUSDT,bid,57900,1003.738
2024-09-04 04:48:14,BTCUSDT,bid,57900,1003.729
2024-09-04 04:48:29,BTCUSDT,bid,57900,1003.727
2024-09-04 01:27:19,BTCUSDT,bid,57800,1000.251
2024-09-04 01:27:20,BTCUSDT,bid,57800,1000.211
2024-09-04 01:27:21,BTCUSDT,bid,57800,1000.291
2024-09-04 01:27:35,BTCUSDT,bid,57800,1500.291
2024-09-04 01:27:45,BTCUSDT,bid,57800,1500.308
2024-09-04 01:27:45,BTCUSDT,bid,57800,1500.291
2024-09-04 01:27:59,BTCUSDT,bid,57800,1500.498
2024-09-04 01:28:02,BTCUSDT,bid,57800,1500.501
2024-09-04 01:28:03,BTCUSDT,bid,57800,1500.498
2024-09-04 01:28:03,BTCUSDT,bid,57800,1500.298
2024-09-04 01:28:05,BTCUSDT,bid,57800,1500.333
2024-09-04 01:28:21,BTCUSDT,bid,57800,1500.368
2024-09-04 01:28:35,BTCUSDT,bid,57800,1500.373
2024-09-04 01:28:37,BTCUSDT,bid,57800,1500.338
2024-09-04 01:28:38,BTCUSDT,bid,57800,1500.538
2024-09-04 01:28:39,BTCUSDT,bid,57800,1500.531
2024-09-04 01:28:40,BTCUSDT,bid,57800,1500.526
2024-09-04 01:28:42,BTCUSDT,bid,57800,1500.54
2024-09-04 01:28:57,BTCUSDT,bid,57800,1500.656
2024-09-04 01:29:00,BTCUSDT,bid,57800,1500.716
2024-09-04 01:29:03,BTCUSDT,bid,57800,1500.656
2024-09-04 01:29:23,BTCUSDT,bid,57800,1500.456
2024-09-04 01:29:27,BTCUSDT,bid,57800,1500.94
2024-09-04 01:29:27,BTCUSDT,bid,57800,1500.456
2024-09-04 01:29:27,BTCUSDT,bid,57800,1503.222
2024-09-04 01:29:28,BTCUSDT,bid,57800,1500.456
2024-09-04 01:29:29,BTCUSDT,bid,57800,1500.496
2024-09-04 01:29:32,BTCUSDT,bid,57800,1500.456
2024-09-04 01:29:43,BTCUSDT,bid,57800,1500.421
2024-09-04 01:29:43,BTCUSDT,bid,57800,1500.386
2024-09-04 01:29:45,BTCUSDT,bid,57800,1500.269
2024-09-04 01:29:45,BTCUSDT,bid,57800,1500.252
2024-09-04 05:12:43,BTCUSDT,bid,57800,1002.706
2024-09-04 05:12:54,BTCUSDT,bid,57800,1002.699
2024-09-04 05:13:03,BTCUSDT,bid,57800,1002.719
2024-09-04 05:13:17,BTCUSDT,bid,57800,1002.717
2024-09-04 05:13:18,BTCUSDT,bid,57800,1002.61
2024-09-04 05:29:43,BTCUSDT,bid,57800,1002.844
2024-09-04 05:29:43,BTCUSDT,bid,57800,1002.737
2024-09-04 05:29:46,BTCUSDT,bid,57800,1002.732
2024-09-04 01:10:55,BTCUSDT,bid,57700,901.971
2024-09-04 01:10:55,BTCUSDT,bid,57700,901.977
2024-09-04 01:10:56,BTCUSDT,bid,57700,902.017
2024-09-04 01:10:57,BTCUSDT,bid,57700,901.977
2024-09-04 01:10:58,BTCUSDT,bid,57700,901.771
2024-09-04 01:11:00,BTCUSDT,bid,57700,901.774
2024-09-04 01:11:01,BTCUSDT,bid,57700,902.269
2024-09-04 01:11:02,BTCUSDT,bid,57700,902.226
2024-09-04 01:11:02,BTCUSDT,bid,57700,902.228
2024-09-04 01:11:02,BTCUSDT,bid,57700,902.228
2024-09-04 01:11:03,BTCUSDT,bid,57700,902.288
2024-09-04 01:11:03,BTCUSDT,bid,57700,902.228
2024-09-04 01:11:03,BTCUSDT,bid,57700,902.226
2024-09-04 01:11:04,BTCUSDT,bid,57700,902.426
2024-09-04 01:11:04,BTCUSDT,bid,57700,902.461
2024-09-04 01:11:05,BTCUSDT,bid,57700,901.966
2024-09-04 01:11:06,BTCUSDT,bid,57700,901.968
2024-09-04 01:11:08,BTCUSDT,bid,57700,903.237
2024-09-04 01:11:13,BTCUSDT,bid,57700,902.519
2024-09-04 01:11:15,BTCUSDT,bid,57700,903.05
2024-09-04 01:11:15,BTCUSDT,bid,57700,903.047
2024-09-04 01:11:16,BTCUSDT,bid,57700,902.047
2024-09-04 01:11:16,BTCUSDT,bid,57700,902.045
2024-09-04 01:11:21,BTCUSDT,bid,57700,902.05
2024-09-04 01:11:26,BTCUSDT,bid,57700,902.09
2024-09-04 01:11:27,BTCUSDT,bid,57700,902.05
2024-09-04 01:11:32,BTCUSDT,bid,57700,902.055
2024-09-04 01:11:36,BTCUSDT,bid,57700,902.075
2024-09-04 01:11:39,BTCUSDT,bid,57700,902.264
2024-09-04 01:11:39,BTCUSDT,bid,57700,902.353
2024-09-04 01:12:54,BTCUSDT,bid,57700,1000.002
2024-09-04 01:13:00,BTCUSDT,bid,57700,1000.106
2024-09-04 01:13:12,BTCUSDT,bid,57700,1000.17
2024-09-04 01:13:12,BTCUSDT,bid,57700,1000.032
2024-09-04 01:13:13,BTCUSDT,bid,57700,1000.49
2024-09-04 01:13:14,BTCUSDT,bid,57700,1000.55
2024-09-04 01:13:15,BTCUSDT,bid,57700,1000.55
2024-09-04 01:13:15,BTCUSDT,bid,57700,1000.49
2024-09-04 01:13:17,BTCUSDT,bid,57700,1000.74
2024-09-04 01:13:21,BTCUSDT,bid,57700,1000.784
2024-09-04 01:13:21,BTCUSDT,bid,57700,1000.719
2024-09-04 01:13:25,BTCUSDT,bid,57700,1000.779
2024-09-04 01:13:26,BTCUSDT,bid,57700,1000.719
2024-09-04 01:13:27,BTCUSDT,bid,57700,1000.803
2024-09-04 01:13:27,BTCUSDT,bid,57700,1000.803
2024-09-04 01:13:28,BTCUSDT,bid,57700,1000.808
2024-09-04 01:13:30,BTCUSDT,bid,57700,1000.803
2024-09-04 01:13:30,BTCUSDT,bid,57700,1000.973
2024-09-04 01:13:32,BTCUSDT,bid,57700,1001.013
2024-09-04 01:13:32,BTCUSDT,bid,57700,1000.973
2024-09-04 01:13:34,BTCUSDT,bid,57700,1001.057
2024-09-04 01:13:40,BTCUSDT,bid,57700,1001.059
2024-09-04 01:13:41,BTCUSDT,bid,57700,1000.821
2024-09-04 01:13:42,BTCUSDT,bid,57700,1000.819
2024-09-04 01:13:46,BTCUSDT,bid,57700,1000.852
2024-09-04 01:13:47,BTCUSDT,bid,57700,1000.857
2024-09-04 01:13:47,BTCUSDT,bid,57700,1000.852
2024-09-04 01:14:15,BTCUSDT,bid,57700,1001.705
2024-09-04 01:14:15,BTCUSDT,bid,57700,1001.711
2024-09-04 01:14:15,BTCUSDT,bid,57700,1001.705
2024-09-04 01:14:35,BTCUSDT,bid,57700,1001.71
2024-09-04 01:14:37,BTCUSDT,bid,57700,1001.69
2024-09-04 01:14:47,BTCUSDT,bid,57700,1001.697
2024-09-04 01:14:47,BTCUSDT,bid,57700,1002.072
2024-09-04 01:14:48,BTCUSDT,bid,57700,1002.115
2024-09-04 01:14:56,BTCUSDT,bid,57700,1002.25
2024-09-04 01:14:57,BTCUSDT,bid,57700,1002.285
2024-09-04 01:15:28,BTCUSDT,bid,57700,1002.647
2024-09-04 01:15:28,BTCUSDT,bid,57700,1002.443
2024-09-04 01:15:28,BTCUSDT,bid,57700,1002.308
2024-09-04 01:15:29,BTCUSDT,bid,57700,1002.273
2024-09-04 01:15:33,BTCUSDT,bid,57700,1002.187
2024-09-04 01:15:37,BTCUSDT,bid,57700,1002.188
2024-09-04 01:15:38,BTCUSDT,bid,57700,1002.582
2024-09-04 01:15:42,BTCUSDT,bid,57700,1002.585
2024-09-04 01:15:44,BTCUSDT,bid,57700,1002.587
2024-09-04 01:15:52,BTCUSDT,bid,57700,1002.466
2024-09-04 01:15:57,BTCUSDT,bid,57700,1002.177
2024-09-04 01:15:58,BTCUSDT,bid,57700,1002.072
2024-09-04 01:15:59,BTCUSDT,bid,57700,1001.987
2024-09-04 01:16:01,BTCUSDT,bid,57700,1001.903
2024-09-04 01:16:01,BTCUSDT,bid,57700,1001.989
2024-09-04 01:16:03,BTCUSDT,bid,57700,1001.991
2024-09-04 01:16:43,BTCUSDT,bid,57700,1002.184
2024-09-04 01:16:43,BTCUSDT,bid,57700,1000.045
2024-09-04 01:16:44,BTCUSDT,bid,57700,1000.245
2024-09-04 01:16:46,BTCUSDT,bid,57700,814.981
2024-09-04 01:16:46,BTCUSDT,bid,57700,814.928
2024-09-04 01:16:46,BTCUSDT,bid,57700,814.997
2024-09-04 01:16:46,BTCUSDT,bid,57700,814.988
2024-09-04 01:16:52,BTCUSDT,bid,57700,814.663
2024-09-04 01:17:24,BTCUSDT,bid,57700,1001.675
2024-09-04 01:17:24,BTCUSDT,bid,57700,1000.479
2024-09-04 01:17:29,BTCUSDT,bid,57700,1000.481
2024-09-04 01:17:30,BTCUSDT,bid,57700,1000.481
2024-09-04 01:17:33,BTCUSDT,bid,57700,1000.558
2024-09-04 01:17:34,BTCUSDT,bid,57700,1000.567
2024-09-04 01:17:38,BTCUSDT,bid,57700,1000.558
2024-09-04 01:17:41,BTCUSDT,bid,57700,1000.211
2024-09-04 01:17:46,BTCUSDT,bid,57700,1000.61
2024-09-04 01:17:47,BTCUSDT,bid,57700,1000.608
2024-09-04 01:18:36,BTCUSDT,bid,57700,1008.512
2024-09-04 01:18:46,BTCUSDT,bid,57700,1008.536
2024-09-04 01:18:55,BTCUSDT,bid,57700,1008.606
2024-09-04 01:18:58,BTCUSDT,bid,57700,1008.571
2024-09-04 01:18:59,BTCUSDT,bid,57700,1008.583
2024-09-04 01:19:21,BTCUSDT,bid,57700,1000.01
2024-09-04 01:19:22,BTCUSDT,bid,57700,1000.111
2024-09-04 01:19:24,BTCUSDT,bid,57700,1002.882
2024-09-04 01:19:51,BTCUSDT,bid,57700,1000.053
2024-09-04 01:19:55,BTCUSDT,bid,57700,1000.018
2024-09-04 01:19:57,BTCUSDT,bid,57700,1000.02
2024-09-04 01:19:57,BTCUSDT,bid,57700,1000.04
2024-09-04 01:19:59,BTCUSDT,bid,57700,1000.043
2024-09-04 01:20:05,BTCUSDT,bid,57700,1005.588
2024-09-04 01:20:10,BTCUSDT,bid,57700,1000.044
2024-09-04 01:23:16,BTCUSDT,bid,57700,1000.983
2024-09-04 01:23:33,BTCUSDT,bid,57700,1001.593
2024-09-04 01:23:36,BTCUSDT,bid,57700,1005.855
2024-09-04 01:23:43,BTCUSDT,bid,57700,1005.51
2024-09-04 01:23:49,BTCUSDT,bid,57700,1001.378
2024-09-04 01:23:49,BTCUSDT,bid,57700,1001.271
2024-09-04 01:23:51,BTCUSDT,bid,57700,1005.074
2024-09-03 20:50:18,BTCUSD_PERP,bid,57800,855.49
2024-09-03 20:50:18,BTCUSD_PERP,bid,57800,912.8
2024-09-03 20:50:32,BTCUSD_PERP,bid,57800,626.93
2024-09-03 20:50:36,BTCUSD_PERP,bid,57800,969.08
2024-09-03 20:50:36,BTCUSD_PERP,bid,57800,1026.33
2024-09-03 20:51:02,BTCUSD_PERP,bid,57800,684.09
2024-09-03 20:51:02,BTCUSD_PERP,bid,57800,797.64
2024-09-03 20:51:02,BTCUSD_PERP,bid,57800,911.5
2024-09-03 20:51:02,BTCUSD_PERP,bid,57800,968.72
2024-09-03 20:51:30,BTCUSD_PERP,bid,57800,912.08
2024-09-03 20:51:30,BTCUSD_PERP,bid,57800,854.96
2024-09-03 20:51:30,BTCUSD_PERP,bid,57800,741.1
2024-09-03 20:51:30,BTCUSD_PERP,bid,57800,627.25
2024-09-03 20:57:29,BTCUSD_PERP,bid,57800,569.41
2024-09-03 21:02:39,BTCUSD_PERP,bid,57800,626.85
2024-09-03 21:02:39,BTCUSD_PERP,bid,57800,683.52
2024-09-03 21:02:39,BTCUSD_PERP,bid,57800,740.77
2024-09-03 21:02:43,BTCUSD_PERP,bid,57800,570.18
2024-09-03 21:02:43,BTCUSD_PERP,bid,57800,683.74
2024-09-03 20:57:24,BTCUSD_PERP,bid,57700,570.15
2024-09-03 20:57:24,BTCUSD_PERP,bid,57700,626.77
2024-09-03 20:57:24,BTCUSD_PERP,bid,57700,556.05
2024-09-03 20:57:25,BTCUSD_PERP,bid,57700,683.39
2024-09-03 21:02:03,BTCUSD_PERP,bid,57700,625.82
2024-09-03 21:02:48,BTCUSD_PERP,bid,57700,739.99
2024-09-03 21:02:49,BTCUSD_PERP,bid,57700,797.18
2024-09-03 21:03:08,BTCUSD_PERP,bid,57700,739.99
2024-09-03 21:03:08,BTCUSD_PERP,bid,57700,682.8
2024-09-03 21:03:08,BTCUSD_PERP,bid,57700,625.61
2024-09-03 21:03:29,BTCUSD_PERP,bid,57700,568.77
2024-09-03 21:03:29,BTCUSD_PERP,bid,57700,625.93
2024-09-03 21:04:05,BTCUSD_PERP,bid,57700,567.8
2024-09-03 21:04:06,BTCUSD_PERP,bid,57600,681.62
2024-09-03 21:04:07,BTCUSD_PERP,bid,57600,738.71
2024-09-03 21:04:19,BTCUSD_PERP,bid,57600,681.62
2024-09-03 21:04:19,BTCUSD_PERP,bid,57600,624.53
2024-09-03 21:04:19,BTCUSD_PERP,bid,57600,567.44
2024-09-03 21:04:23,BTCUSD_PERP,bid,57600,568.59
2024-09-03 21:04:23,BTCUSD_PERP,bid,57600,568.59
2024-09-03 21:06:02,BTCUSD_PERP,bid,57600,626.27
2024-09-03 21:06:02,BTCUSD_PERP,bid,57600,683.32
2024-09-03 21:06:13,BTCUSD_PERP,bid,57600,626.27
2024-09-03 21:06:13,BTCUSD_PERP,bid,57600,569.22
2024-09-03 21:06:19,BTCUSD_PERP,bid,57600,568.96
2024-09-03 21:06:20,BTCUSD_PERP,bid,57600,625.46
2024-09-03 21:06:22,BTCUSD_PERP,bid,57600,568.96
2024-09-03 21:06:23,BTCUSD_PERP,bid,57600,568.08
2024-09-03 21:06:23,BTCUSD_PERP,bid,57600,625.13
2024-09-03 21:06:23,BTCUSD_PERP,bid,57600,682.18
2024-09-03 21:06:41,BTCUSD_PERP,bid,57600,625.71
2024-09-03 21:06:42,BTCUSD_PERP,bid,57600,568.66
2024-09-03 21:07:02,BTCUSD_PERP,bid,57600,625.24
2024-09-03 21:07:02,BTCUSD_PERP,bid,57600,739.36
2024-09-03 21:07:43,BTCUSD_PERP,bid,57600,682.4
2024-09-03 21:07:43,BTCUSD_PERP,bid,57600,568.86
2024-09-03 21:07:44,BTCUSD_PERP,bid,57600,568.68
2024-09-03 21:07:44,BTCUSD_PERP,bid,57600,625.19
2024-09-03 21:07:44,BTCUSD_PERP,bid,57600,682.28
2024-09-03 21:07:44,BTCUSD_PERP,bid,57600,739.37
2024-09-03 21:07:44,BTCUSD_PERP,bid,57600,795.88
2024-09-03 21:07:45,BTCUSD_PERP,bid,57600,852.39
2024-09-03 21:07:59,BTCUSD_PERP,bid,57600,795.3
2024-09-03 21:07:59,BTCUSD_PERP,bid,57600,738.79
2024-09-03 21:07:59,BTCUSD_PERP,bid,57600,966.42
2024-09-03 21:08:00,BTCUSD_PERP,bid,57600,1023.48
2024-09-03 21:08:08,BTCUSD_PERP,bid,57600,682.29
2024-09-03 21:08:39,BTCUSD_PERP,bid,57600,568.66
2024-09-03 21:08:39,BTCUSD_PERP,bid,57600,625.13
2024-09-03 21:08:39,BTCUSD_PERP,bid,57600,739.23
2024-09-03 21:08:39,BTCUSD_PERP,bid,57600,853.33
2024-09-03 21:08:39,BTCUSD_PERP,bid,57600,966.85
2024-09-03 21:08:39,BTCUSD_PERP,bid,57600,1023.31
2024-09-03 21:08:52,BTCUSD_PERP,bid,57600,966.84
2024-09-03 21:08:52,BTCUSD_PERP,bid,57600,796.86
2024-09-03 21:08:52,BTCUSD_PERP,bid,57600,682.76
2024-09-03 21:08:52,BTCUSD_PERP,bid,57600,625.71
2024-09-03 21:08:52,BTCUSD_PERP,bid,57600,569.24
2024-09-03 21:09:21,BTCUSD_PERP,bid,57600,626.2
2024-09-03 21:10:21,BTCUSD_PERP,bid,57600,569.05
2024-09-03 21:26:20,BTCUSD_PERP,bid,57600,568.36
2024-09-03 21:26:22,BTCUSD_PERP,bid,57600,624.8
2024-09-03 21:26:22,BTCUSD_PERP,bid,57600,681.82
2024-09-03 21:26:52,BTCUSD_PERP,bid,57600,567.78
2024-09-03 21:26:53,BTCUSD_PERP,bid,57600,569.24
2024-09-03 21:26:53,BTCUSD_PERP,bid,57600,626.29
2024-09-03 21:26:53,BTCUSD_PERP,bid,57600,683.34
2024-09-03 21:26:53,BTCUSD_PERP,bid,57600,740.39
2024-09-03 21:26:53,BTCUSD_PERP,bid,57600,796.86
2024-09-03 21:26:53,BTCUSD_PERP,bid,57600,853.34
2024-09-03 21:26:53,BTCUSD_PERP,bid,57600,909.81
2024-09-03 21:26:53,BTCUSD_PERP,bid,57600,966.28
2024-09-03 21:26:58,BTCUSD_PERP,bid,57600,909.23
2024-09-03 21:26:58,BTCUSD_PERP,bid,57600,852.18
2024-09-03 21:26:58,BTCUSD_PERP,bid,57600,795.13
2024-09-03 21:26:58,BTCUSD_PERP,bid,57600,624.56
2024-09-03 21:26:59,BTCUSD_PERP,bid,57600,568.09
2024-09-03 21:26:59,BTCUSD_PERP,bid,57600,568.94
2024-09-03 21:26:59,BTCUSD_PERP,bid,57600,625.38
2024-09-03 21:26:59,BTCUSD_PERP,bid,57600,682.4
2024-09-03 21:26:59,BTCUSD_PERP,bid,57600,739.42
2024-09-03 21:27:00,BTCUSD_PERP,bid,57600,852.31
2024-09-03 21:27:06,BTCUSD_PERP,bid,57600,738.84
2024-09-03 21:27:19,BTCUSD_PERP,bid,57600,624.86
2024-09-03 21:27:29,BTCUSD_PERP,bid,57600,567.84
2024-09-03 22:58:08,BTCUSD_PERP,ask,58200,523.45
2024-09-04 02:21:02,BTCUSD_PERP,bid,57700,569.22
2024-09-04 02:22:13,BTCUSD_PERP,bid,57700,796.04
2024-09-04 02:23:04,BTCUSD_PERP,bid,57700,738.92
2024-09-04 02:23:04,BTCUSD_PERP,bid,57700,625.86
2024-09-04 03:22:40,BTCUSD_PERP,bid,57700,569.66
2024-09-04 03:22:40,BTCUSD_PERP,bid,57700,682.77
2024-09-04 03:55:32,BTCUSD_PERP,bid,57700,569.58
2024-09-04 03:55:32,BTCUSD_PERP,bid,57700,626.72
2024-09-04 03:55:32,BTCUSD_PERP,bid,57700,683.29
