2024-09-13 07:05:34,BTCUSD_PERP,bid,57700,528.85
2024-09-13 07:07:34,BTCUSD_PERP,bid,57700,526.78
2024-09-13 07:09:32,BTCUSD_PERP,bid,57700,569.28
2024-09-13 07:12:17,BTCUSD_PERP,bid,57700,569.28
2024-09-13 07:12:17,BTCUSD_PERP,bid,57700,626.44
2024-09-13 07:12:17,BTCUSD_PERP,bid,57700,683.6
2024-09-13 07:12:17,BTCUSD_PERP,bid,57700,797.35
2024-09-13 07:12:18,BTCUSD_PERP,bid,57700,854.51
2024-09-13 07:16:32,BTCUSD_PERP,bid,57700,797.35
2024-09-13 07:16:32,BTCUSD_PERP,bid,57700,682.67
2024-09-13 07:16:32,BTCUSD_PERP,bid,57700,796.93
2024-09-13 07:16:33,BTCUSD_PERP,bid,57700,854.06
2024-09-13 07:47:30,BTCUSD_PERP,bid,57700,569.46
2024-09-13 08:57:10,BTCUSD_PERP,bid,57700,525.03
2024-09-13 08:57:10,BTCUSD_PERP,bid,57700,638.81
2024-09-13 08:57:24,BTCUSD_PERP,bid,57700,525.03
2024-09-13 08:57:25,BTCUSD_PERP,bid,57700,569.66
2024-09-13 08:57:34,BTCUSD_PERP,bid,57700,795.45
2024-09-13 08:57:34,BTCUSD_PERP,bid,57700,852.57
2024-09-13 08:57:34,BTCUSD_PERP,bid,57700,909.69
2024-09-13 16:23:51,BTCUSD_PERP,bid,58100,764.38
2024-09-13 16:23:51,BTCUSD_PERP,bid,58100,769.46
2024-09-13 16:23:52,BTCUSD_PERP,bid,58100,769.76
2024-09-13 16:23:52,BTCUSD_PERP,bid,58100,769.46
2024-09-13 16:23:53,BTCUSD_PERP,bid,58100,764.45
2024-09-13 16:23:53,BTCUSD_PERP,bid,58100,763.77
2024-09-13 16:23:57,BTCUSD_PERP,bid,58100,764.15
2024-09-13 16:23:57,BTCUSD_PERP,bid,58100,763.77
2024-09-13 16:24:39,BTCUSD_PERP,bid,58100,764.44
2024-09-13 16:24:40,BTCUSD_PERP,bid,58100,765.1
2024-09-13 16:24:42,BTCUSD_PERP,bid,58100,764.44
2024-09-13 16:24:58,BTCUSD_PERP,bid,58100,676.05
2024-09-13 16:24:58,BTCUSD_PERP,bid,58100,678.27
2024-09-13 16:24:58,BTCUSD_PERP,bid,58100,678.28
2024-09-13 16:24:58,BTCUSD_PERP,bid,58100,678.38
2024-09-13 16:24:59,BTCUSD_PERP,bid,58100,678.42
2024-09-13 16:24:59,BTCUSD_PERP,bid,58100,678.45
2024-09-13 16:25:00,BTCUSD_PERP,bid,58100,678.41
2024-09-13 16:25:00,BTCUSD_PERP,bid,58100,678.4
2024-09-13 16:25:00,BTCUSD_PERP,bid,58100,678.3
2024-09-13 16:25:01,BTCUSD_PERP,bid,58100,678.12
2024-09-13 16:25:01,BTCUSD_PERP,bid,58100,678.1
2024-09-13 16:25:01,BTCUSD_PERP,bid,58100,678.07
2024-09-13 16:25:02,BTCUSD_PERP,bid,58100,678.06
2024-09-13 16:25:03,BTCUSD_PERP,bid,58100,678.67
2024-09-13 16:25:04,BTCUSD_PERP,bid,58100,678.5
2024-09-13 16:25:05,BTCUSD_PERP,bid,58100,678.16
2024-09-13 16:25:05,BTCUSD_PERP,bid,58100,678.04
2024-09-13 16:25:06,BTCUSD_PERP,bid,58100,678.0
2024-09-13 16:25:06,BTCUSD_PERP,bid,58100,678.12
2024-09-13 16:25:06,BTCUSD_PERP,bid,58100,678.11
2024-09-13 16:25:07,BTCUSD_PERP,bid,58100,678.07
2024-09-13 16:25:08,BTCUSD_PERP,bid,58100,678.06
2024-09-13 16:25:09,BTCUSD_PERP,bid,58100,677.5
2024-09-13 16:25:10,BTCUSD_PERP,bid,58100,677.47
2024-09-13 16:25:10,BTCUSD_PERP,bid,58100,677.4
2024-09-13 16:25:10,BTCUSD_PERP,bid,58100,677.39
2024-09-13 16:25:11,BTCUSD_PERP,bid,58100,677.27
2024-09-13 16:25:11,BTCUSD_PERP,bid,58100,677.23
2024-09-13 16:25:12,BTCUSD_PERP,bid,58100,677.19
2024-09-13 16:25:12,BTCUSD_PERP,bid,58100,677.15
2024-09-13 16:25:12,BTCUSD_PERP,bid,58100,589.41
2024-09-13 16:25:12,BTCUSD_PERP,bid,58100,589.36
2024-09-13 16:25:12,BTCUSD_PERP,bid,58100,592.2
2024-09-13 16:25:12,BTCUSD_PERP,bid,58100,593.78
2024-09-13 16:25:13,BTCUSD_PERP,bid,58100,593.77
2024-09-13 16:25:13,BTCUSD_PERP,bid,58100,593.76
2024-09-13 16:25:13,BTCUSD_PERP,bid,58100,593.76
2024-09-13 16:25:13,BTCUSD_PERP,bid,58100,593.82
2024-09-13 16:25:13,BTCUSD_PERP,bid,58100,592.32
2024-09-13 16:25:13,BTCUSD_PERP,bid,58100,592.32
2024-09-13 16:25:13,BTCUSD_PERP,bid,58100,593.86
2024-09-13 16:25:14,BTCUSD_PERP,bid,58100,593.92
2024-09-13 16:25:14,BTCUSD_PERP,bid,58100,594.57
2024-09-13 16:25:14,BTCUSD_PERP,bid,58100,593.07
2024-09-13 16:25:14,BTCUSD_PERP,bid,58100,593.07
2024-09-13 16:25:14,BTCUSD_PERP,bid,58100,593.07
2024-09-13 16:25:14,BTCUSD_PERP,bid,58100,594.57
2024-09-13 16:25:14,BTCUSD_PERP,bid,58100,593.07
2024-09-13 16:25:14,BTCUSD_PERP,bid,58100,592.34
2024-09-13 16:25:16,BTCUSD_PERP,bid,58100,592.17
2024-09-13 16:25:16,BTCUSD_PERP,bid,58100,591.52
2024-09-13 16:25:16,BTCUSD_PERP,bid,58100,591.35
2024-09-13 16:25:17,BTCUSD_PERP,bid,58100,591.25
2024-09-13 16:25:17,BTCUSD_PERP,bid,58100,591.19
2024-09-13 16:25:18,BTCUSD_PERP,bid,58100,591.07
2024-09-13 16:25:20,BTCUSD_PERP,bid,58100,591.12
2024-09-13 16:25:22,BTCUSD_PERP,bid,58100,591.22
2024-09-13 16:25:22,BTCUSD_PERP,bid,58100,592.58
2024-09-13 16:25:23,BTCUSD_PERP,bid,58100,592.41
2024-09-13 16:25:23,BTCUSD_PERP,bid,58100,592.42
2024-09-13 16:25:23,BTCUSD_PERP,bid,58100,592.38
2024-09-13 16:25:24,BTCUSD_PERP,bid,58100,592.5
2024-09-13 16:25:24,BTCUSD_PERP,bid,58100,594.38
2024-09-13 16:25:24,BTCUSD_PERP,bid,58100,595.02
2024-09-13 16:25:24,BTCUSD_PERP,bid,58100,595.02
2024-09-13 16:25:24,BTCUSD_PERP,bid,58100,593.52
2024-09-13 16:25:25,BTCUSD_PERP,bid,58100,593.34
2024-09-13 16:25:26,BTCUSD_PERP,bid,58100,593.73
2024-09-13 16:25:27,BTCUSD_PERP,bid,58100,593.35
2024-09-13 16:25:27,BTCUSD_PERP,bid,58100,593.32
2024-09-13 16:25:28,BTCUSD_PERP,bid,58100,593.31
2024-09-13 16:25:28,BTCUSD_PERP,bid,58100,593.3
2024-09-13 16:25:29,BTCUSD_PERP,bid,58100,592.66
2024-09-13 16:25:29,BTCUSD_PERP,bid,58100,592.73
2024-09-13 16:25:29,BTCUSD_PERP,bid,58100,592.7
2024-09-13 16:25:31,BTCUSD_PERP,bid,58100,592.35
2024-09-13 16:25:31,BTCUSD_PERP,bid,58100,589.83
2024-09-13 16:25:31,BTCUSD_PERP,bid,58100,589.81
2024-09-13 16:25:32,BTCUSD_PERP,bid,58100,589.8
2024-09-13 16:25:33,BTCUSD_PERP,bid,58100,589.79
2024-09-13 16:25:33,BTCUSD_PERP,bid,58100,589.78
2024-09-13 16:25:33,BTCUSD_PERP,bid,58100,589.68
2024-09-13 16:25:33,BTCUSD_PERP,bid,58100,589.65
2024-09-13 16:25:34,BTCUSD_PERP,bid,58100,589.44
2024-09-13 16:25:34,BTCUSD_PERP,bid,58100,569.09
2024-09-13 16:25:34,BTCUSD_PERP,bid,58100,568.26
2024-09-13 16:25:34,BTCUSD_PERP,bid,58100,568.21
2024-09-13 16:25:34,BTCUSD_PERP,bid,58100,568.2
2024-09-13 16:25:34,BTCUSD_PERP,bid,58100,568.12
2024-09-13 16:25:34,BTCUSD_PERP,bid,58100,568.01
2024-09-13 16:25:34,BTCUSD_PERP,bid,58100,568.0
2024-09-13 16:25:35,BTCUSD_PERP,bid,58100,566.92
2024-09-13 16:25:35,BTCUSD_PERP,bid,58100,564.56
2024-09-13 16:25:35,BTCUSD_PERP,bid,58100,562.51
2024-09-13 16:25:35,BTCUSD_PERP,bid,58100,562.37
2024-09-13 16:25:35,BTCUSD_PERP,bid,58100,562.32
2024-09-13 16:25:35,BTCUSD_PERP,bid,58100,562.31
2024-09-13 16:25:35,BTCUSD_PERP,bid,58100,562.18
2024-09-13 16:25:35,BTCUSD_PERP,bid,58100,562.17
2024-09-13 16:25:36,BTCUSD_PERP,bid,58100,562.08
2024-09-13 16:25:36,BTCUSD_PERP,bid,58100,562.07
2024-09-13 16:25:36,BTCUSD_PERP,bid,58100,561.98
2024-09-13 16:25:36,BTCUSD_PERP,bid,58100,561.89
2024-09-13 16:25:37,BTCUSD_PERP,bid,58100,561.88
2024-09-13 16:25:37,BTCUSD_PERP,bid,58100,560.81
2024-09-13 16:25:37,BTCUSD_PERP,bid,58100,560.72
2024-09-13 16:25:37,BTCUSD_PERP,bid,58100,560.6
2024-09-13 16:25:37,BTCUSD_PERP,bid,58100,560.59
2024-09-13 16:25:38,BTCUSD_PERP,bid,58100,560.56
2024-09-13 16:25:38,BTCUSD_PERP,bid,58100,560.55
2024-09-13 16:25:38,BTCUSD_PERP,bid,58100,559.74
2024-09-13 16:25:38,BTCUSD_PERP,bid,58100,559.5
2024-09-13 16:25:38,BTCUSD_PERP,bid,58100,559.49
2024-09-13 16:25:39,BTCUSD_PERP,bid,58100,559.14
2024-09-13 16:25:39,BTCUSD_PERP,bid,58100,559.05
2024-09-13 16:25:39,BTCUSD_PERP,bid,58100,559.04
2024-09-13 16:25:39,BTCUSD_PERP,bid,58100,558.92
2024-09-13 16:25:39,BTCUSD_PERP,bid,58100,558.0
2024-09-13 16:25:39,BTCUSD_PERP,bid,58100,557.99
2024-09-13 16:25:39,BTCUSD_PERP,bid,58100,557.98
2024-09-13 16:25:40,BTCUSD_PERP,bid,58100,557.08
2024-09-13 16:25:40,BTCUSD_PERP,bid,58100,556.99
2024-09-13 16:25:40,BTCUSD_PERP,bid,58100,556.12
2024-09-13 16:25:40,BTCUSD_PERP,bid,58100,555.9
2024-09-13 16:25:40,BTCUSD_PERP,bid,58100,536.03
2024-09-13 16:25:40,BTCUSD_PERP,bid,58100,530.44
2024-09-13 16:25:40,BTCUSD_PERP,bid,58100,524.75
2024-09-13 16:25:40,BTCUSD_PERP,bid,58100,519.73
