2024-09-08 13:06:36,BNBUSDT,ask,499,9843.26
2024-09-08 13:06:59,BNBUSDT,ask,499,9841.61
2024-09-08 13:06:59,BNBUSDT,ask,499,9840.56
2024-09-08 13:07:00,BNBUSDT,ask,499,9840.56
2024-09-08 13:07:00,BNBUSDT,ask,499,9841.56
2024-09-08 13:07:01,BNBUSDT,ask,499,9841.56
2024-09-08 13:07:02,BNBUSDT,ask,499,9841.56
2024-09-08 13:07:03,BNBUSDT,ask,499,9841.56
2024-09-08 13:07:04,BNBUSDT,ask,499,9841.56
2024-09-08 13:07:04,BNBUSDT,ask,499,9842.36
2024-09-08 13:07:05,BNBUSDT,ask,499,9842.36
2024-09-08 13:07:06,BNBUSDT,ask,499,9842.36
2024-09-08 13:07:08,BNBUSDT,ask,499,9842.68
2024-09-08 13:07:08,BNBUSDT,ask,499,9842.68
2024-09-08 13:07:09,BNBUSDT,ask,499,9842.68
2024-09-08 13:07:09,BNBUSDT,ask,499,9842.36
2024-09-08 13:07:09,BNBUSDT,ask,499,9838.72
2024-09-08 13:07:10,BNBUSDT,ask,499,9838.72
2024-09-08 13:07:11,BNBUSDT,ask,499,9838.79
2024-09-08 13:07:11,BNBUSDT,ask,499,9838.72
2024-09-08 13:07:11,BNBUSDT,ask,499,9837.92
2024-09-08 13:07:12,BNBUSDT,ask,499,9837.92
2024-09-08 13:07:15,BNBUSDT,ask,499,9837.99
2024-09-08 13:07:15,BNBUSDT,ask,499,9837.92
2024-09-08 13:07:16,BNBUSDT,ask,499,9837.92
2024-09-08 13:07:17,BNBUSDT,ask,499,9837.92
2024-09-08 13:07:18,BNBUSDT,ask,499,9837.99
2024-09-08 13:07:18,BNBUSDT,ask,499,9837.92
2024-09-08 13:07:19,BNBUSDT,ask,499,9837.92
2024-09-08 13:07:20,BNBUSDT,ask,499,9837.92
2024-09-08 13:07:21,BNBUSDT,ask,499,12235.77
2024-09-08 13:07:23,BNBUSDT,ask,499,12235.77
2024-09-08 13:07:25,BNBUSDT,ask,499,12235.77
2024-09-08 13:07:26,BNBUSDT,ask,499,12237.27
2024-09-08 13:07:27,BNBUSDT,ask,499,12237.34
2024-09-08 13:07:27,BNBUSDT,ask,499,12237.27
2024-09-08 13:07:28,BNBUSDT,ask,499,12237.27
2024-09-08 13:07:30,BNBUSDT,ask,499,12237.27
2024-09-08 13:07:31,BNBUSDT,ask,499,12237.27
2024-09-08 13:07:31,BNBUSDT,ask,499,12237.62
2024-09-08 13:07:32,BNBUSDT,ask,499,12237.27
2024-09-08 13:07:32,BNBUSDT,ask,499,12237.27
2024-09-08 13:07:33,BNBUSDT,ask,499,12237.27
2024-09-08 13:07:34,BNBUSDT,ask,499,12237.34
2024-09-08 13:07:34,BNBUSDT,ask,499,12237.27
2024-09-08 13:07:36,BNBUSDT,ask,499,12237.34
2024-09-08 13:07:36,BNBUSDT,ask,499,12237.27
2024-09-08 13:07:49,BNBUSDT,ask,499,12330.49
2024-09-08 13:07:50,BNBUSDT,ask,499,12355.57
2024-09-08 13:07:50,BNBUSDT,ask,499,12327.99
2024-09-08 13:07:53,BNBUSDT,ask,499,12353.07
2024-09-08 13:07:54,BNBUSDT,ask,499,12327.99
2024-09-08 13:08:02,BNBUSDT,ask,499,12327.99
2024-09-08 13:08:03,BNBUSDT,ask,499,12327.99
2024-09-08 13:08:04,BNBUSDT,ask,499,12324.95
2024-09-08 13:08:04,BNBUSDT,ask,499,12325.43
2024-09-08 13:08:05,BNBUSDT,ask,499,12325.43
2024-09-08 13:08:07,BNBUSDT,ask,499,12325.43
2024-09-08 13:08:08,BNBUSDT,ask,499,12325.43
2024-09-08 13:08:09,BNBUSDT,ask,499,12325.43
2024-09-08 13:08:10,BNBUSDT,ask,499,12325.43
2024-09-08 13:08:11,BNBUSDT,ask,499,12325.43
2024-09-08 13:08:12,BNBUSDT,ask,499,12325.43
2024-09-08 13:08:13,BNBUSDT,ask,499,12325.43
2024-09-08 13:08:14,BNBUSDT,ask,499,12325.43
2024-09-08 13:08:15,BNBUSDT,ask,499,12325.5
2024-09-08 13:08:15,BNBUSDT,ask,499,12325.43
2024-09-08 13:08:16,BNBUSDT,ask,499,12325.43
2024-09-08 13:08:17,BNBUSDT,ask,499,12325.43
2024-09-08 13:08:18,BNBUSDT,ask,499,12325.5
2024-09-08 13:08:18,BNBUSDT,ask,499,12325.43
2024-09-08 13:08:19,BNBUSDT,ask,499,12325.43
2024-09-08 13:08:20,BNBUSDT,ask,499,12325.5
2024-09-08 13:08:20,BNBUSDT,ask,499,12325.43
2024-09-08 13:08:23,BNBUSDT,ask,499,12325.43
2024-09-08 13:08:23,BNBUSDT,ask,499,12325.62
2024-09-08 13:08:25,BNBUSDT,ask,499,12325.43
2024-09-08 13:08:29,BNBUSDT,ask,499,12325.78
2024-09-08 13:08:34,BNBUSDT,ask,499,12325.43
2024-09-08 13:08:35,BNBUSDT,ask,499,12325.63
2024-09-08 13:08:41,BNBUSDT,ask,499,12325.83
2024-09-08 13:08:42,BNBUSDT,ask,499,12335.88
2024-09-08 13:08:44,BNBUSDT,ask,499,12335.68
2024-09-08 13:08:45,BNBUSDT,ask,499,12335.48
2024-09-08 13:08:49,BNBUSDT,ask,499,12336.28
2024-09-08 13:08:56,BNBUSDT,ask,499,7541.0
2024-09-08 13:08:56,BNBUSDT,ask,499,7496.7
2024-09-08 13:08:56,BNBUSDT,ask,499,7494.23
2024-09-08 13:08:59,BNBUSDT,ask,499,7494.43
2024-09-08 13:08:59,BNBUSDT,ask,499,7494.23
2024-09-08 13:09:00,BNBUSDT,ask,499,7495.35
2024-09-08 13:09:00,BNBUSDT,ask,499,7505.97
2024-09-08 13:09:55,BNBUSDT,ask,499,8173.15
2024-09-08 13:09:55,BNBUSDT,ask,499,8161.26
2024-09-08 13:09:55,BNBUSDT,ask,499,8186.34
2024-09-08 13:09:56,BNBUSDT,ask,499,8185.84
2024-09-08 13:09:56,BNBUSDT,ask,499,8160.76
2024-09-08 13:09:58,BNBUSDT,ask,499,8160.74
2024-09-08 13:10:00,BNBUSDT,ask,499,8160.74
2024-09-08 13:10:01,BNBUSDT,ask,499,8160.74
2024-09-08 13:10:02,BNBUSDT,ask,499,8160.74
2024-09-08 13:10:03,BNBUSDT,ask,499,8160.81
2024-09-08 13:10:03,BNBUSDT,ask,499,8160.74
2024-09-08 13:10:05,BNBUSDT,ask,499,8160.74
2024-09-08 13:10:05,BNBUSDT,ask,499,8150.51
2024-09-08 13:10:05,BNBUSDT,ask,499,8151.51
2024-09-08 13:10:10,BNBUSDT,ask,499,8150.51
2024-09-08 13:14:31,BNBUSDT,ask,499,14300.03
2024-09-08 13:14:31,BNBUSDT,ask,499,14295.54
2024-09-08 13:14:31,BNBUSDT,ask,499,14295.35
2024-09-08 13:14:33,BNBUSDT,ask,499,14295.45
2024-09-08 13:14:33,BNBUSDT,ask,499,14297.05
2024-09-08 13:14:35,BNBUSDT,ask,499,14297.12
2024-09-08 13:14:36,BNBUSDT,ask,499,14297.14
2024-09-08 13:14:37,BNBUSDT,ask,499,14297.74
2024-09-08 13:14:38,BNBUSDT,ask,499,14297.14
2024-09-08 13:15:04,BNBUSDT,ask,499,14296.98
2024-09-08 13:15:06,BNBUSDT,ask,499,14296.38
2024-09-08 13:09:32,BNBUSDT,ask,500,7048.81
2024-09-08 13:09:42,BNBUSDT,ask,500,7045.75
2024-09-08 13:10:05,BNBUSDT,ask,500,7045.73
2024-09-08 13:10:07,BNBUSDT,ask,500,7046.34
2024-09-08 13:10:07,BNBUSDT,ask,500,7046.54
2024-09-08 13:10:10,BNBUSDT,ask,500,7046.56
2024-09-08 13:10:10,BNBUSDT,ask,500,7046.58
2024-09-08 15:05:47,BNBUSDT,ask,504,10748.85
2024-09-08 15:05:48,BNBUSDT,ask,504,10718.76
2024-09-08 15:05:48,BNBUSDT,ask,504,10721.7
2024-09-08 15:05:51,BNBUSDT,ask,504,10721.72
2024-09-08 15:05:55,BNBUSDT,ask,504,10726.44
2024-09-08 15:05:55,BNBUSDT,ask,504,10721.72
2024-09-08 15:05:55,BNBUSDT,ask,504,10726.44
2024-09-08 15:05:55,BNBUSDT,ask,504,10721.72
2024-09-08 15:05:55,BNBUSDT,ask,504,10726.44
2024-09-08 15:05:56,BNBUSDT,ask,504,10721.72
2024-09-08 15:06:01,BNBUSDT,ask,504,10726.44
2024-09-08 15:06:01,BNBUSDT,ask,504,10721.72
2024-09-08 15:06:02,BNBUSDT,ask,504,10721.72
2024-09-08 15:06:02,BNBUSDT,ask,504,10726.44
2024-09-08 15:06:02,BNBUSDT,ask,504,10726.44
2024-09-08 15:06:02,BNBUSDT,ask,504,10721.72
2024-09-08 15:06:04,BNBUSDT,ask,504,10726.44
2024-09-08 15:06:05,BNBUSDT,ask,504,10721.72
2024-09-08 15:06:07,BNBUSDT,ask,504,10715.72
2024-09-08 15:06:08,BNBUSDT,ask,504,10715.66
2024-09-08 15:06:13,BNBUSDT,ask,504,10711.74
2024-09-08 15:06:13,BNBUSDT,ask,504,10712.34
2024-09-08 15:06:14,BNBUSDT,ask,504,10712.3
2024-09-08 15:06:16,BNBUSDT,ask,504,10712.33
2024-09-08 15:06:17,BNBUSDT,ask,504,10712.31
2024-09-08 15:06:45,BNBUSDT,ask,504,9744.53
2024-09-08 15:06:46,BNBUSDT,ask,504,9744.54
2024-09-08 15:07:10,BNBUSDT,ask,504,9745.11
2024-09-08 15:22:03,BNBUSDT,ask,503,9733.44
2024-09-08 15:22:05,BNBUSDT,ask,503,9729.42
2024-09-08 15:22:06,BNBUSDT,ask,503,9733.44
2024-09-08 15:22:06,BNBUSDT,ask,503,9733.44
2024-09-08 15:22:08,BNBUSDT,ask,503,9729.42
2024-09-08 15:22:10,BNBUSDT,ask,503,9733.44
2024-09-08 15:22:10,BNBUSDT,ask,503,9729.42
2024-09-08 15:22:11,BNBUSDT,ask,503,9696.47
2024-09-08 15:22:11,BNBUSDT,ask,503,9699.48
2024-09-08 15:22:11,BNBUSDT,ask,503,9695.66
2024-09-08 15:22:11,BNBUSDT,ask,503,9695.48
2024-09-08 15:22:13,BNBUSDT,ask,503,9697.65
2024-09-08 15:22:13,BNBUSDT,ask,503,9698.25
2024-09-08 15:22:14,BNBUSDT,ask,503,9696.08
2024-09-08 15:22:14,BNBUSDT,ask,503,9699.08
2024-09-08 15:22:15,BNBUSDT,ask,503,9723.92
2024-09-08 15:22:16,BNBUSDT,ask,503,9724.1
2024-09-08 15:22:16,BNBUSDT,ask,503,9723.92
2024-09-08 15:22:17,BNBUSDT,ask,503,9726.18
2024-09-08 15:22:17,BNBUSDT,ask,503,9723.92
2024-09-08 15:22:23,BNBUSDT,ask,503,9699.08
2024-09-08 15:22:29,BNBUSDT,ask,503,9698.48
2024-09-08 15:22:29,BNBUSDT,ask,503,9710.48
2024-09-08 15:22:33,BNBUSDT,ask,503,9714.48
2024-09-08 15:22:33,BNBUSDT,ask,503,9710.48
2024-09-08 15:22:34,BNBUSDT,ask,503,9710.48
2024-09-08 15:22:34,BNBUSDT,ask,503,9695.48
2024-09-08 15:22:37,BNBUSDT,ask,503,9721.28
2024-09-08 15:22:37,BNBUSDT,ask,503,9721.77
2024-09-08 15:22:40,BNBUSDT,ask,503,9721.95
2024-09-08 15:22:41,BNBUSDT,ask,503,9723.14
2024-09-08 15:22:42,BNBUSDT,ask,503,9721.95
2024-09-08 15:22:48,BNBUSDT,ask,503,9722.7
2024-09-08 15:22:48,BNBUSDT,ask,503,9697.37
2024-09-08 15:22:48,BNBUSDT,ask,503,9696.41
2024-09-08 15:23:02,BNBUSDT,ask,503,9697.22
2024-09-08 15:23:03,BNBUSDT,ask,503,9722.06
2024-09-08 15:23:03,BNBUSDT,ask,503,9697.22
2024-09-08 15:23:13,BNBUSDT,ask,503,9698.21
2024-09-08 16:28:39,BNBUSDT,bid,503,10828.5
2024-09-08 16:28:49,BNBUSDT,bid,503,10828.59
2024-09-08 16:28:49,BNBUSDT,bid,503,10816.48
2024-09-08 16:28:56,BNBUSDT,bid,503,10816.45
2024-09-08 16:29:00,BNBUSDT,bid,503,10815.46
2024-09-08 16:29:02,BNBUSDT,bid,503,10816.19
2024-09-08 16:29:13,BNBUSDT,bid,503,10815.48
2024-09-08 16:29:22,BNBUSDT,bid,503,10819.36
2024-09-08 16:29:23,BNBUSDT,bid,503,10822.35
2024-09-08 16:29:23,BNBUSDT,bid,503,10825.34
2024-09-08 16:29:25,BNBUSDT,bid,503,10849.19
2024-09-08 16:29:26,BNBUSDT,bid,503,10825.34
2024-09-08 16:29:32,BNBUSDT,bid,503,10825.36
2024-09-08 16:29:51,BNBUSDT,bid,503,12030.82
2024-09-08 16:29:53,BNBUSDT,bid,503,12054.51
2024-09-08 16:30:01,BNBUSDT,bid,503,12030.82
2024-09-08 16:30:01,BNBUSDT,bid,503,12030.84
2024-09-08 16:30:02,BNBUSDT,bid,503,12034.56
2024-09-08 16:30:02,BNBUSDT,bid,503,12030.84
2024-09-08 16:30:03,BNBUSDT,bid,503,12030.84
2024-09-08 16:30:03,BNBUSDT,bid,503,12054.47
2024-09-08 16:30:04,BNBUSDT,bid,503,12054.47
2024-09-08 16:30:04,BNBUSDT,bid,503,12054.47
2024-09-08 16:30:05,BNBUSDT,bid,503,12056.1
2024-09-08 16:30:05,BNBUSDT,bid,503,12054.47
2024-09-08 16:30:06,BNBUSDT,bid,503,12054.47
2024-09-08 16:30:08,BNBUSDT,bid,503,12014.61
2024-09-08 16:30:09,BNBUSDT,bid,503,12014.61
2024-09-08 16:30:10,BNBUSDT,bid,503,12014.61
2024-09-08 16:30:11,BNBUSDT,bid,503,12016.24
2024-09-08 16:30:11,BNBUSDT,bid,503,12014.61
2024-09-08 16:30:11,BNBUSDT,bid,503,12014.61
2024-09-08 16:30:12,BNBUSDT,bid,503,12014.61
2024-09-08 16:30:14,BNBUSDT,bid,503,12014.61
2024-09-08 16:30:15,BNBUSDT,bid,503,12014.61
2024-09-08 16:30:16,BNBUSDT,bid,503,12014.61
2024-09-08 16:30:16,BNBUSDT,bid,503,12015.02
2024-09-08 16:30:16,BNBUSDT,bid,503,12015.02
2024-09-08 16:30:17,BNBUSDT,bid,503,12014.61
2024-09-08 16:30:17,BNBUSDT,bid,503,12014.61
2024-09-08 16:30:18,BNBUSDT,bid,503,12014.61
2024-09-08 16:30:18,BNBUSDT,bid,503,12015.02
2024-09-08 16:30:18,BNBUSDT,bid,503,12014.61
2024-09-08 16:30:19,BNBUSDT,bid,503,12016.24
2024-09-08 16:30:19,BNBUSDT,bid,503,12014.61
2024-09-08 16:30:20,BNBUSDT,bid,503,12033.83
2024-09-08 16:30:20,BNBUSDT,bid,503,12033.83
2024-09-08 16:30:21,BNBUSDT,bid,503,12033.83
2024-09-08 16:30:22,BNBUSDT,bid,503,12033.83
2024-09-08 16:30:23,BNBUSDT,bid,503,12033.83
2024-09-08 16:30:24,BNBUSDT,bid,503,12035.46
2024-09-08 16:30:24,BNBUSDT,bid,503,12033.83
2024-09-08 16:30:25,BNBUSDT,bid,503,12035.46
2024-09-08 16:30:25,BNBUSDT,bid,503,12033.83
2024-09-08 16:30:26,BNBUSDT,bid,503,12057.46
2024-09-08 16:30:26,BNBUSDT,bid,503,12057.46
2024-09-08 16:30:27,BNBUSDT,bid,503,12057.46
2024-09-08 16:30:27,BNBUSDT,bid,503,12033.83
2024-09-08 16:30:28,BNBUSDT,bid,503,12033.83
2024-09-08 16:30:29,BNBUSDT,bid,503,12033.83
2024-09-08 16:30:30,BNBUSDT,bid,503,12035.46
2024-09-08 16:30:30,BNBUSDT,bid,503,12033.83
2024-09-08 16:30:31,BNBUSDT,bid,503,12057.46
2024-09-08 16:30:31,BNBUSDT,bid,503,12033.83
2024-09-08 16:30:48,BNBUSDT,bid,503,12033.81
2024-09-08 16:30:52,BNBUSDT,bid,503,12030.81
2024-09-08 16:30:52,BNBUSDT,bid,503,12035.31
2024-09-08 16:30:52,BNBUSDT,bid,503,12030.81
2024-09-08 16:30:55,BNBUSDT,bid,503,12035.31
2024-09-08 16:30:55,BNBUSDT,bid,503,12030.81
2024-09-08 16:30:59,BNBUSDT,bid,503,12011.59
2024-09-08 16:31:03,BNBUSDT,bid,503,12013.22
2024-09-08 16:31:03,BNBUSDT,bid,503,12011.59
2024-09-08 16:31:04,BNBUSDT,bid,503,12011.59
2024-09-08 16:31:05,BNBUSDT,bid,503,12011.59
2024-09-08 16:31:06,BNBUSDT,bid,503,12013.22
2024-09-08 16:31:06,BNBUSDT,bid,503,12011.59
2024-09-08 16:31:07,BNBUSDT,bid,503,12011.59
2024-09-08 16:31:08,BNBUSDT,bid,503,12011.59
2024-09-08 16:31:09,BNBUSDT,bid,503,12011.59
2024-09-08 16:31:10,BNBUSDT,bid,503,12013.22
2024-09-08 16:31:10,BNBUSDT,bid,503,12011.59
2024-09-08 16:31:11,BNBUSDT,bid,503,12010.83
2024-09-08 16:31:11,BNBUSDT,bid,503,12034.46
2024-09-08 16:31:12,BNBUSDT,bid,503,12010.83
2024-09-08 16:31:14,BNBUSDT,bid,503,12010.83
2024-09-08 16:31:15,BNBUSDT,bid,503,12012.46
2024-09-08 16:31:15,BNBUSDT,bid,503,12010.83
2024-09-08 16:31:16,BNBUSDT,bid,503,12010.83
2024-09-08 16:31:17,BNBUSDT,bid,503,12010.83
2024-09-08 16:31:18,BNBUSDT,bid,503,12010.83
2024-09-08 16:31:19,BNBUSDT,bid,503,12034.46
2024-09-08 16:31:19,BNBUSDT,bid,503,12014.5
2024-09-08 16:31:20,BNBUSDT,bid,503,12012.52
2024-09-08 16:31:22,BNBUSDT,bid,503,12012.54
2024-09-08 16:31:22,BNBUSDT,bid,503,12012.52
2024-09-08 16:31:23,BNBUSDT,bid,503,12012.7
2024-09-08 16:31:23,BNBUSDT,bid,503,12012.52
2024-09-08 16:31:27,BNBUSDT,bid,503,12012.54
2024-09-08 16:31:28,BNBUSDT,bid,503,12022.51
2024-09-08 16:31:29,BNBUSDT,bid,503,12023.3
2024-09-08 16:31:31,BNBUSDT,bid,503,12022.51
2024-09-08 16:31:32,BNBUSDT,bid,503,12023.3
2024-09-08 16:31:32,BNBUSDT,bid,503,12022.51
2024-09-08 16:31:33,BNBUSDT,bid,503,12022.49
2024-09-08 16:31:34,BNBUSDT,bid,503,12026.99
2024-09-08 16:31:38,BNBUSDT,bid,503,12022.49
2024-09-08 22:58:16,BNBUSDT,bid,492,5853.81
2024-09-08 22:58:16,BNBUSDT,bid,492,5851.78
2024-09-08 22:58:16,BNBUSDT,bid,492,5848.42
2024-09-08 22:58:17,BNBUSDT,bid,492,5850.45
2024-09-08 22:58:17,BNBUSDT,bid,492,5850.47
2024-09-08 22:58:17,BNBUSDT,bid,492,5851.48
2024-09-08 22:58:17,BNBUSDT,bid,492,5849.45
2024-09-08 22:58:17,BNBUSDT,bid,492,5851.48
2024-09-08 22:58:17,BNBUSDT,bid,492,5851.98
2024-09-08 22:58:19,BNBUSDT,bid,492,5851.48
2024-09-08 22:58:19,BNBUSDT,bid,492,5846.44
2024-09-08 22:58:19,BNBUSDT,bid,492,5856.35
2024-09-08 22:58:19,BNBUSDT,bid,492,5846.44
2024-09-08 22:58:21,BNBUSDT,bid,492,5846.44
2024-09-08 22:58:21,BNBUSDT,bid,492,5846.44
