2024-09-16 15:31:45,BTCUSDT,bid,59000,519.005
2024-09-16 15:31:47,BTCUSDT,bid,59000,519.013
2024-09-16 15:31:51,BTCUSDT,bid,59000,519.478
2024-09-16 15:31:52,BTCUSDT,bid,59000,519.476
2024-09-16 15:31:53,BTCUSDT,bid,59000,519.478
2024-09-16 23:54:01,BTCUSDT,ask,57800,1000.519
2024-09-16 23:54:03,BTCUSDT,ask,57800,1000.545
2024-09-16 23:54:03,BTCUSDT,ask,57800,1000.541
2024-09-16 23:54:06,BTCUSDT,ask,57800,1000.555
2024-09-16 23:54:12,BTCUSDT,ask,57800,1000.574
2024-09-16 23:54:13,BTCUSDT,ask,57800,1000.58
2024-09-16 23:54:35,BTCUSDT,ask,57800,1000.944
2024-09-16 23:54:36,BTCUSDT,ask,57800,1000.57
2024-09-16 23:54:37,BTCUSDT,ask,57800,1001.054
2024-09-16 12:04:24,BTCUSDT,bid,57500,527.352
2024-09-16 12:04:40,BTCUSDT,bid,57500,527.348
2024-09-16 12:04:46,BTCUSDT,bid,57500,528.348
2024-09-16 12:05:06,BTCUSDT,bid,57500,528.35
2024-09-16 12:05:10,BTCUSDT,bid,57500,528.333
2024-09-16 12:05:10,BTCUSDT,bid,57500,529.891
2024-09-16 12:05:32,BTCUSDT,bid,57500,529.908
2024-09-16 12:05:50,BTCUSDT,bid,57500,529.903
2024-09-16 12:05:56,BTCUSDT,bid,57500,529.89
2024-09-16 12:06:06,BTCUSDT,bid,57500,529.895
2024-09-16 12:06:39,BTCUSDT,bid,57500,530.066
2024-09-16 12:06:49,BTCUSDT,bid,57500,530.101
2024-09-16 12:06:51,BTCUSDT,bid,57500,529.58
2024-09-16 12:07:33,BTCUSDT,bid,57500,529.578
2024-09-16 12:08:07,BTCUSDT,bid,57500,529.573
2024-09-17 00:04:40,BTCUSDT,ask,57600,1002.504
2024-09-17 00:04:40,BTCUSDT,ask,57600,1002.507
2024-09-17 00:04:44,BTCUSDT,ask,57600,1002.504
2024-09-17 00:06:55,BTCUSDT,ask,57600,1000.039
2024-09-17 00:04:24,BTCUSDT,ask,57700,1000.897
2024-09-17 00:04:26,BTCUSDT,ask,57700,1000.897
2024-09-17 00:04:26,BTCUSDT,ask,57700,1000.877
2024-09-17 00:04:43,BTCUSDT,ask,57700,1000.854
2024-09-17 00:05:17,BTCUSDT,ask,57700,1000.027
2024-09-17 00:05:17,BTCUSDT,ask,57700,1000.039
2024-09-17 00:05:18,BTCUSDT,ask,57700,1000.027
2024-09-17 00:05:26,BTCUSDT,ask,57700,1000.034
2024-09-17 00:05:28,BTCUSDT,ask,57700,1000.345
2024-09-17 00:05:30,BTCUSDT,ask,57700,1000.353
2024-09-17 00:00:31,BTCUSDT,ask,57800,1000.277
2024-09-17 00:00:33,BTCUSDT,ask,57800,1000.235
2024-09-17 00:00:34,BTCUSDT,ask,57800,1000.735
2024-09-17 00:00:38,BTCUSDT,ask,57800,1000.737
2024-09-17 00:00:41,BTCUSDT,ask,57800,1000.754
2024-09-17 00:00:46,BTCUSDT,ask,57800,1000.794
2024-09-17 00:00:47,BTCUSDT,ask,57800,1000.754
2024-09-17 00:00:57,BTCUSDT,ask,57800,1000.757
2024-09-17 00:01:00,BTCUSDT,ask,57800,1000.756
2024-09-17 00:55:49,BTCUSDT,bid,58100,900.296
2024-09-17 00:55:49,BTCUSDT,bid,58100,900.887
2024-09-17 00:55:49,BTCUSDT,bid,58100,900.296
2024-09-17 00:55:50,BTCUSDT,bid,58100,900.901
2024-09-17 00:55:50,BTCUSDT,bid,58100,900.296
2024-09-17 00:55:51,BTCUSDT,bid,58100,900.921
2024-09-17 00:55:53,BTCUSDT,bid,58100,900.296
2024-09-17 00:55:53,BTCUSDT,bid,58100,900.303
2024-09-17 00:55:53,BTCUSDT,bid,58100,900.926
2024-09-17 00:55:54,BTCUSDT,bid,58100,900.303
2024-09-17 00:55:54,BTCUSDT,bid,58100,900.931
2024-09-17 00:55:55,BTCUSDT,bid,58100,900.303
2024-09-17 00:55:56,BTCUSDT,bid,58100,900.915
2024-09-17 00:55:56,BTCUSDT,bid,58100,901.775
2024-09-17 00:55:57,BTCUSDT,bid,58100,901.752
2024-09-17 00:55:57,BTCUSDT,bid,58100,902.612
2024-09-17 00:55:57,BTCUSDT,bid,58100,901.752
2024-09-17 00:56:01,BTCUSDT,bid,58100,901.752
2024-09-17 00:56:01,BTCUSDT,bid,58100,902.992
2024-09-17 00:56:01,BTCUSDT,bid,58100,901.766
2024-09-17 00:58:42,BTCUSDT,bid,58100,901.901
2024-09-17 00:58:43,BTCUSDT,bid,58100,901.896
2024-09-17 00:58:45,BTCUSDT,bid,58100,901.896
2024-09-17 00:58:46,BTCUSDT,bid,58100,902.532
2024-09-17 00:58:46,BTCUSDT,bid,58100,902.732
2024-09-17 00:58:47,BTCUSDT,bid,58100,902.73
2024-09-17 00:58:47,BTCUSDT,bid,58100,902.724
2024-09-17 00:58:47,BTCUSDT,bid,58100,904.228
2024-09-17 00:58:47,BTCUSDT,bid,58100,904.357
2024-09-17 00:58:47,BTCUSDT,bid,58100,904.352
2024-09-17 00:58:48,BTCUSDT,bid,58100,904.354
2024-09-17 00:58:48,BTCUSDT,bid,58100,902.85
2024-09-17 00:58:50,BTCUSDT,bid,58100,902.935
2024-09-17 00:58:51,BTCUSDT,bid,58100,902.921
2024-09-17 00:58:53,BTCUSDT,bid,58100,902.955
2024-09-17 00:58:54,BTCUSDT,bid,58100,903.024
2024-09-17 00:58:55,BTCUSDT,bid,58100,903.034
2024-09-17 00:58:58,BTCUSDT,bid,58100,903.442
2024-09-17 00:59:17,BTCUSDT,bid,58100,904.254
2024-09-17 00:59:18,BTCUSDT,bid,58100,904.248
2024-09-17 00:59:19,BTCUSDT,bid,58100,909.377
2024-09-17 00:59:19,BTCUSDT,bid,58100,904.248
2024-09-17 00:59:24,BTCUSDT,bid,58100,904.25
2024-09-17 00:56:17,BTCUSDT,bid,58000,802.72
2024-09-17 00:56:17,BTCUSDT,bid,58000,802.758
2024-09-17 00:56:18,BTCUSDT,bid,58000,802.71
2024-09-17 00:56:18,BTCUSDT,bid,58000,802.72
2024-09-17 00:56:19,BTCUSDT,bid,58000,802.727
2024-09-17 00:56:19,BTCUSDT,bid,58000,802.767
2024-09-17 00:56:19,BTCUSDT,bid,58000,802.792
2024-09-17 00:56:20,BTCUSDT,bid,58000,802.752
2024-09-17 00:56:20,BTCUSDT,bid,58000,802.727
2024-09-17 00:56:20,BTCUSDT,bid,58000,802.702
2024-09-17 00:49:51,BTCUSDT,bid,57900,705.267
2024-09-17 00:49:52,BTCUSDT,bid,57900,705.242
2024-09-17 00:49:52,BTCUSDT,bid,57900,705.217
2024-09-17 00:49:52,BTCUSDT,bid,57900,711.766
2024-09-17 00:49:52,BTCUSDT,bid,57900,711.746
2024-09-17 00:49:56,BTCUSDT,bid,57900,711.723
2024-09-17 00:49:57,BTCUSDT,bid,57900,705.174
2024-09-17 00:49:57,BTCUSDT,bid,57900,705.381
2024-09-17 00:49:59,BTCUSDT,bid,57900,705.386
2024-09-17 00:50:00,BTCUSDT,bid,57900,705.406
2024-09-17 00:50:00,BTCUSDT,bid,57900,705.409
2024-09-17 00:50:00,BTCUSDT,bid,57900,705.404
2024-09-17 00:50:01,BTCUSDT,bid,57900,705.41
2024-09-17 00:50:01,BTCUSDT,bid,57900,705.435
2024-09-17 00:50:01,BTCUSDT,bid,57900,705.409
2024-09-17 00:50:02,BTCUSDT,bid,57900,705.384
2024-09-17 00:50:02,BTCUSDT,bid,57900,705.177
2024-09-17 00:50:32,BTCUSDT,bid,57900,700.104
2024-09-17 00:50:33,BTCUSDT,bid,57900,700.174
2024-09-17 00:50:33,BTCUSDT,bid,57900,700.104
2024-09-17 00:50:34,BTCUSDT,bid,57900,700.144
2024-09-17 00:50:34,BTCUSDT,bid,57900,700.104
2024-09-17 00:50:35,BTCUSDT,bid,57900,700.182
2024-09-17 00:50:36,BTCUSDT,bid,57900,700.168
2024-09-17 00:50:48,BTCUSDT,bid,57900,700.228
2024-09-17 00:50:49,BTCUSDT,bid,57900,700.308
2024-09-17 00:50:54,BTCUSDT,bid,57900,700.535
2024-09-17 00:50:55,BTCUSDT,bid,57900,701.228
2024-09-17 00:50:55,BTCUSDT,bid,57900,703.41
2024-09-17 00:51:42,BTCUSDT,bid,57900,703.381
2024-09-17 00:51:44,BTCUSDT,bid,57900,703.898
2024-09-17 00:51:46,BTCUSDT,bid,57900,703.387
2024-09-17 00:51:50,BTCUSDT,bid,57900,703.381
2024-09-17 00:51:51,BTCUSDT,bid,57900,704.381
2024-09-17 00:51:52,BTCUSDT,bid,57900,708.965
2024-09-17 00:51:52,BTCUSDT,bid,57900,708.969
2024-09-17 00:51:52,BTCUSDT,bid,57900,704.385
2024-09-17 00:51:53,BTCUSDT,bid,57900,704.379
2024-09-17 00:52:01,BTCUSDT,bid,57900,703.379
2024-09-17 00:52:12,BTCUSDT,bid,57900,704.155
2024-09-17 00:52:20,BTCUSDT,bid,57900,704.158
2024-09-17 00:52:21,BTCUSDT,bid,57900,704.155
2024-09-17 00:52:23,BTCUSDT,bid,57900,704.314
2024-09-17 00:52:25,BTCUSDT,bid,57900,705.014
2024-09-17 00:52:25,BTCUSDT,bid,57900,704.855
2024-09-17 00:52:38,BTCUSDT,bid,57900,704.858
2024-09-17 01:00:04,BTCUSDT,bid,58100,901.521
2024-09-17 01:00:05,BTCUSDT,bid,58100,901.521
2024-09-17 01:00:05,BTCUSDT,bid,58100,901.401
2024-09-17 01:00:05,BTCUSDT,bid,58100,901.301
2024-09-17 01:00:06,BTCUSDT,bid,58100,901.306
2024-09-17 01:00:07,BTCUSDT,bid,58100,901.17
2024-09-17 01:00:07,BTCUSDT,bid,58100,900.784
2024-09-17 01:00:07,BTCUSDT,bid,58100,901.144
2024-09-17 01:00:08,BTCUSDT,bid,58100,900.97
2024-09-17 01:00:09,BTCUSDT,bid,58100,900.845
2024-09-17 01:00:09,BTCUSDT,bid,58100,900.659
2024-09-17 01:00:10,BTCUSDT,bid,58100,900.751
2024-09-17 01:00:10,BTCUSDT,bid,58100,900.691
2024-09-17 01:00:10,BTCUSDT,bid,58100,900.657
2024-09-17 01:00:11,BTCUSDT,bid,58100,900.665
2024-09-17 01:00:13,BTCUSDT,bid,58100,900.676
2024-09-17 01:00:13,BTCUSDT,bid,58100,903.619
2024-09-17 01:00:13,BTCUSDT,bid,58100,903.962
2024-09-17 01:00:14,BTCUSDT,bid,58100,901.019
2024-09-17 01:00:14,BTCUSDT,bid,58100,900.684
2024-09-17 01:00:15,BTCUSDT,bid,58100,900.657
2024-09-17 01:00:15,BTCUSDT,bid,58100,900.989
2024-09-17 01:00:15,BTCUSDT,bid,58100,900.655
2024-09-17 01:00:16,BTCUSDT,bid,58100,900.72
2024-09-17 00:57:48,BTCUSDT,bid,58200,902.11
2024-09-17 00:57:49,BTCUSDT,bid,58200,902.265
2024-09-17 00:57:49,BTCUSDT,bid,58200,902.267
2024-09-17 00:57:52,BTCUSDT,bid,58200,902.265
2024-09-17 00:57:53,BTCUSDT,bid,58200,902.487
2024-09-17 00:57:53,BTCUSDT,bid,58200,903.346
2024-09-17 00:57:54,BTCUSDT,bid,58200,903.351
2024-09-17 00:57:54,BTCUSDT,bid,58200,903.351
2024-09-17 00:57:55,BTCUSDT,bid,58200,903.351
2024-09-17 00:57:58,BTCUSDT,bid,58200,903.4
2024-09-17 00:57:58,BTCUSDT,bid,58200,903.403
2024-09-17 00:57:59,BTCUSDT,bid,58200,903.903
2024-09-17 00:57:59,BTCUSDT,bid,58200,903.97
2024-09-17 00:58:00,BTCUSDT,bid,58200,903.972
2024-09-17 00:58:00,BTCUSDT,bid,58200,903.967
2024-09-17 00:58:01,BTCUSDT,bid,58200,904.012
2024-09-17 00:58:02,BTCUSDT,bid,58200,904.062
2024-09-17 00:58:02,BTCUSDT,bid,58200,904.07
2024-09-17 00:58:03,BTCUSDT,bid,58200,904.02
2024-09-17 00:58:04,BTCUSDT,bid,58200,903.992
2024-09-17 00:58:04,BTCUSDT,bid,58200,904.022
2024-09-17 00:58:05,BTCUSDT,bid,58200,904.135
2024-09-17 00:58:05,BTCUSDT,bid,58200,904.092
2024-09-17 00:58:05,BTCUSDT,bid,58200,904.062
2024-09-17 00:58:06,BTCUSDT,bid,58200,904.068
2024-09-17 00:58:07,BTCUSDT,bid,58200,904.162
2024-09-17 00:58:09,BTCUSDT,bid,58200,904.176
2024-09-17 00:58:09,BTCUSDT,bid,58200,904.178
2024-09-17 00:58:11,BTCUSDT,bid,58200,904.164
2024-09-17 00:58:12,BTCUSDT,bid,58200,904.189
2024-09-17 00:58:12,BTCUSDT,bid,58200,904.589
2024-09-17 00:58:13,BTCUSDT,bid,58200,904.589
2024-09-17 00:58:13,BTCUSDT,bid,58200,904.632
2024-09-17 00:58:14,BTCUSDT,bid,58200,904.589
2024-09-17 00:58:19,BTCUSDT,bid,58200,904.602
2024-09-17 00:58:21,BTCUSDT,bid,58200,903.931
2024-09-17 00:58:21,BTCUSDT,bid,58200,903.938
2024-09-17 00:58:22,BTCUSDT,bid,58200,904.113
2024-09-17 00:58:22,BTCUSDT,bid,58200,904.213
2024-09-17 00:58:22,BTCUSDT,bid,58200,904.113
2024-09-17 00:58:22,BTCUSDT,bid,58200,904.115
2024-09-17 00:58:23,BTCUSDT,bid,58200,903.941
2024-09-17 00:58:23,BTCUSDT,bid,58200,903.942
2024-09-17 00:58:23,BTCUSDT,bid,58200,903.944
2024-09-17 00:58:23,BTCUSDT,bid,58200,903.962
2024-09-16 08:12:46,BTCUSD_PERP,bid,58100,917.64
2024-09-16 08:12:47,BTCUSD_PERP,bid,58100,860.19
2024-09-16 08:12:47,BTCUSD_PERP,bid,58100,745.69
2024-09-16 08:12:47,BTCUSD_PERP,bid,58100,630.61
2024-09-16 08:12:47,BTCUSD_PERP,bid,58100,573.66
2024-09-16 08:12:47,BTCUSD_PERP,bid,58100,516.12
2024-09-16 08:12:47,BTCUSD_PERP,bid,58100,573.27
2024-09-16 08:12:48,BTCUSD_PERP,bid,58100,630.84
2024-09-16 08:12:48,BTCUSD_PERP,bid,58100,688.41
2024-09-16 08:12:48,BTCUSD_PERP,bid,58100,803.55
2024-09-16 08:12:48,BTCUSD_PERP,bid,58100,860.54
2024-09-16 08:12:48,BTCUSD_PERP,bid,58100,975.1
2024-09-16 08:13:10,BTCUSD_PERP,bid,58100,861.13
2024-09-16 08:13:10,BTCUSD_PERP,bid,58100,688.42
2024-09-16 08:13:10,BTCUSD_PERP,bid,58100,630.85
2024-09-16 08:13:11,BTCUSD_PERP,bid,58100,860.78
2024-09-16 08:13:11,BTCUSD_PERP,bid,58100,918.33
2024-09-16 08:13:47,BTCUSD_PERP,bid,58100,803.23
2024-09-16 08:18:55,BTCUSD_PERP,bid,58100,572.25
2024-09-16 08:23:19,BTCUSD_PERP,bid,58200,551.64
2024-09-16 08:23:19,BTCUSD_PERP,bid,58200,609.26
2024-09-16 08:24:15,BTCUSD_PERP,bid,58200,574.92
2024-09-16 08:24:30,BTCUSD_PERP,bid,58100,516.37
2024-09-16 08:24:30,BTCUSD_PERP,bid,58100,573.95
2024-09-16 08:25:34,BTCUSD_PERP,bid,58100,631.2
2024-09-16 08:25:34,BTCUSD_PERP,bid,58100,688.75
2024-09-16 08:27:39,BTCUSD_PERP,bid,58100,516.78
2024-09-16 08:27:40,BTCUSD_PERP,bid,58100,517.03
2024-09-16 08:27:40,BTCUSD_PERP,bid,58100,574.03
2024-09-16 08:28:13,BTCUSD_PERP,bid,58100,516.54
2024-09-16 08:32:12,BTCUSD_PERP,bid,58200,516.85
2024-09-16 08:33:00,BTCUSD_PERP,bid,58200,573.67
2024-09-16 08:33:00,BTCUSD_PERP,bid,58200,631.28
2024-09-16 08:33:05,BTCUSD_PERP,bid,58100,573.46
2024-09-16 08:34:27,BTCUSD_PERP,bid,58200,516.23
2024-09-16 08:35:24,BTCUSD_PERP,bid,58100,516.29
2024-09-16 08:35:37,BTCUSD_PERP,bid,58100,527.8
2024-09-16 08:36:27,BTCUSD_PERP,bid,58100,572.43
2024-09-16 08:57:11,BTCUSD_PERP,bid,58100,516.28
2024-09-16 08:57:11,BTCUSD_PERP,bid,58100,573.27
2024-09-16 08:57:11,BTCUSD_PERP,bid,58100,630.25
2024-09-16 08:57:53,BTCUSD_PERP,bid,58100,572.78
2024-09-16 09:00:14,BTCUSD_PERP,bid,58100,516.33
2024-09-16 09:00:14,BTCUSD_PERP,bid,58100,688.48
2024-09-16 09:00:14,BTCUSD_PERP,bid,58100,746.06
2024-09-16 09:00:15,BTCUSD_PERP,bid,58100,803.64
2024-09-16 09:00:29,BTCUSD_PERP,bid,58100,746.06
2024-09-16 09:00:29,BTCUSD_PERP,bid,58100,689.08
2024-09-16 09:00:29,BTCUSD_PERP,bid,58100,631.5
2024-09-16 09:00:29,BTCUSD_PERP,bid,58100,574.02
2024-09-16 09:00:45,BTCUSD_PERP,bid,58100,631.07
2024-09-16 09:00:46,BTCUSD_PERP,bid,58100,745.64
2024-09-16 09:00:46,BTCUSD_PERP,bid,58100,802.63
2024-09-16 09:00:46,BTCUSD_PERP,bid,58100,860.21
2024-09-16 09:00:46,BTCUSD_PERP,bid,58100,917.21
2024-09-16 09:00:47,BTCUSD_PERP,bid,58100,974.69
2024-09-16 09:00:53,BTCUSD_PERP,bid,58100,917.11
2024-09-16 09:00:53,BTCUSD_PERP,bid,58100,860.12
2024-09-16 09:00:54,BTCUSD_PERP,bid,58100,630.39
2024-09-16 09:00:54,BTCUSD_PERP,bid,58100,515.81
2024-09-16 09:00:54,BTCUSD_PERP,bid,58100,585.28
2024-09-16 09:01:00,BTCUSD_PERP,bid,58100,585.56
2024-09-16 09:01:00,BTCUSD_PERP,bid,58100,585.7
2024-09-16 09:01:01,BTCUSD_PERP,bid,58100,585.84
2024-09-16 09:01:03,BTCUSD_PERP,bid,58100,528.29
2024-09-16 09:01:04,BTCUSD_PERP,bid,58100,572.78
2024-09-16 09:01:31,BTCUSD_PERP,bid,58100,586.7
2024-09-16 09:01:55,BTCUSD_PERP,bid,58100,529.76
2024-09-16 09:01:56,BTCUSD_PERP,bid,58100,630.03
2024-09-16 09:01:56,BTCUSD_PERP,bid,58100,745.13
2024-09-16 09:01:56,BTCUSD_PERP,bid,58100,802.68
2024-09-16 09:01:56,BTCUSD_PERP,bid,58100,860.23
2024-09-16 09:02:14,BTCUSD_PERP,bid,58100,744.74
2024-09-16 09:02:14,BTCUSD_PERP,bid,58100,802.26
2024-09-16 15:24:58,BTCUSD_PERP,bid,58600,581.79
2024-09-16 15:24:58,BTCUSD_PERP,bid,58600,639.8
2024-09-16 15:25:14,BTCUSD_PERP,bid,58600,523.78
2024-09-16 15:28:32,BTCUSD_PERP,bid,58600,520.76
2024-09-16 15:23:54,BTCUSD_PERP,bid,58500,519.33
2024-09-16 15:23:54,BTCUSD_PERP,bid,58500,576.65
2024-09-16 15:23:55,BTCUSD_PERP,bid,58500,634.56
2024-09-16 15:23:55,BTCUSD_PERP,bid,58500,692.47
2024-09-16 15:23:55,BTCUSD_PERP,bid,58500,807.71
2024-09-16 15:23:55,BTCUSD_PERP,bid,58500,865.62
2024-09-16 15:24:17,BTCUSD_PERP,bid,58500,807.71
2024-09-16 15:24:17,BTCUSD_PERP,bid,58500,750.38
2024-09-16 15:24:18,BTCUSD_PERP,bid,58500,692.57
2024-09-16 15:24:18,BTCUSD_PERP,bid,58500,635.25
2024-09-16 15:24:18,BTCUSD_PERP,bid,58500,520.01
2024-09-16 15:24:27,BTCUSD_PERP,bid,58500,577.41
2024-09-16 15:24:27,BTCUSD_PERP,bid,58500,635.39
2024-09-16 15:24:57,BTCUSD_PERP,bid,58500,577.41
2024-09-16 15:25:14,BTCUSD_PERP,bid,58500,520.63
2024-09-16 15:25:14,BTCUSD_PERP,bid,58500,578.01
2024-09-16 15:26:14,BTCUSD_PERP,bid,58500,578.41
2024-09-16 15:26:14,BTCUSD_PERP,bid,58500,636.42
2024-09-16 15:26:52,BTCUSD_PERP,bid,58500,579.01
2024-09-16 15:26:52,BTCUSD_PERP,bid,58500,521.0
2024-09-16 15:29:14,BTCUSD_PERP,bid,58500,577.25
2024-09-16 15:29:14,BTCUSD_PERP,bid,58500,635.22
2024-09-16 15:29:18,BTCUSD_PERP,bid,58500,635.36
2024-09-16 15:30:01,BTCUSD_PERP,bid,58500,577.49
2024-09-16 15:30:02,BTCUSD_PERP,bid,58500,519.52
2024-09-16 15:34:23,BTCUSD_PERP,bid,58500,576.84
2024-09-16 15:34:23,BTCUSD_PERP,bid,58500,634.17
2024-09-16 15:34:23,BTCUSD_PERP,bid,58500,692.09
2024-09-16 15:34:23,BTCUSD_PERP,bid,58500,706.11
2024-09-16 15:36:05,BTCUSD_PERP,bid,58500,648.19
2024-09-16 15:36:06,BTCUSD_PERP,bid,58500,590.27
2024-09-16 15:36:06,BTCUSD_PERP,bid,58500,532.35
2024-09-16 15:36:07,BTCUSD_PERP,bid,58500,577.26
2024-09-16 15:36:07,BTCUSD_PERP,bid,58500,577.4
2024-09-16 15:36:07,BTCUSD_PERP,bid,58500,634.78
2024-09-16 15:36:07,BTCUSD_PERP,bid,58500,692.15
2024-09-16 15:37:15,BTCUSD_PERP,bid,58500,692.74
2024-09-16 15:37:30,BTCUSD_PERP,bid,58500,519.03
2024-09-16 15:37:30,BTCUSD_PERP,bid,58500,576.96
2024-09-16 14:48:08,BTCUSD_PERP,bid,58400,533.31
2024-09-16 14:48:08,BTCUSD_PERP,bid,58400,591.14
2024-09-16 14:51:26,BTCUSD_PERP,bid,58400,518.71
2024-09-16 14:51:26,BTCUSD_PERP,bid,58400,575.96
2024-09-16 14:51:54,BTCUSD_PERP,bid,58400,518.12
2024-09-16 14:51:54,BTCUSD_PERP,bid,58400,575.66
2024-09-16 14:54:22,BTCUSD_PERP,bid,58400,518.79
2024-09-16 14:54:22,BTCUSD_PERP,bid,58400,576.63
2024-09-16 14:54:22,BTCUSD_PERP,bid,58400,633.88
2024-09-16 14:54:37,BTCUSD_PERP,bid,58400,517.85
2024-09-16 14:54:39,BTCUSD_PERP,bid,58400,518.78
2024-09-16 14:54:39,BTCUSD_PERP,bid,58400,576.04
2024-09-16 14:58:38,BTCUSD_PERP,bid,58400,575.72
2024-09-16 15:00:03,BTCUSD_PERP,bid,58400,518.2
2024-09-16 15:02:29,BTCUSD_PERP,bid,58400,518.71
2024-09-16 15:02:29,BTCUSD_PERP,bid,58400,576.54
2024-09-16 15:02:34,BTCUSD_PERP,bid,58400,519.29
2024-09-16 15:09:18,BTCUSD_PERP,bid,58400,576.12
2024-09-16 15:09:18,BTCUSD_PERP,bid,58400,633.97
2024-09-16 15:22:04,BTCUSD_PERP,bid,58400,518.29
2024-09-16 15:22:04,BTCUSD_PERP,bid,58400,633.4
2024-09-16 15:22:04,BTCUSD_PERP,bid,58400,691.25
2024-09-16 15:22:04,BTCUSD_PERP,bid,58400,749.1
2024-09-16 15:22:27,BTCUSD_PERP,bid,58400,633.99
2024-09-16 15:22:27,BTCUSD_PERP,bid,58400,576.14
2024-09-16 15:22:27,BTCUSD_PERP,bid,58400,518.88
2024-09-16 15:39:55,BTCUSD_PERP,bid,58400,518.5
2024-09-16 15:40:48,BTCUSD_PERP,bid,58400,518.22
2024-09-16 15:56:20,BTCUSD_PERP,bid,58400,518.29
2024-09-16 13:14:47,BTCUSD_PERP,bid,58300,517.9
2024-09-16 13:14:48,BTCUSD_PERP,bid,58300,575.64
2024-09-16 13:14:48,BTCUSD_PERP,bid,58300,691.12
2024-09-16 13:14:48,BTCUSD_PERP,bid,58300,748.86
2024-09-16 13:14:48,BTCUSD_PERP,bid,58300,749.0
2024-09-16 13:14:48,BTCUSD_PERP,bid,58300,806.15
2024-09-16 13:17:15,BTCUSD_PERP,bid,58300,517.22
2024-09-16 13:17:21,BTCUSD_PERP,bid,58300,518.09
2024-09-16 13:17:21,BTCUSD_PERP,bid,58300,575.26
2024-09-16 13:17:43,BTCUSD_PERP,bid,58300,518.59
2024-09-16 13:17:43,BTCUSD_PERP,bid,58300,575.76
2024-09-16 13:18:57,BTCUSD_PERP,bid,58300,517.22
2024-09-16 13:18:57,BTCUSD_PERP,bid,58300,574.95
2024-09-16 13:19:12,BTCUSD_PERP,bid,58300,518.47
2024-09-16 13:19:13,BTCUSD_PERP,bid,58300,575.62
2024-09-16 13:19:13,BTCUSD_PERP,bid,58300,632.76
2024-09-16 13:19:14,BTCUSD_PERP,bid,58300,517.27
2024-09-16 14:21:03,BTCUSD_PERP,bid,58300,517.82
2024-09-16 14:21:03,BTCUSD_PERP,bid,58300,575.55
2024-09-16 14:21:03,BTCUSD_PERP,bid,58300,634.5
2024-09-16 14:23:06,BTCUSD_PERP,bid,58300,633.28
2024-09-16 14:27:25,BTCUSD_PERP,bid,58300,575.84
2024-09-16 14:27:25,BTCUSD_PERP,bid,58300,633.6
2024-09-16 14:30:54,BTCUSD_PERP,bid,58300,575.84
2024-09-16 14:30:54,BTCUSD_PERP,bid,58300,518.66
2024-09-16 14:39:32,BTCUSD_PERP,bid,58300,633.09
2024-09-16 14:39:33,BTCUSD_PERP,bid,58300,690.26
2024-09-16 14:40:29,BTCUSD_PERP,bid,58300,806.03
2024-09-16 14:46:02,BTCUSD_PERP,bid,58300,748.29
2024-09-16 14:46:02,BTCUSD_PERP,bid,58300,632.81
2024-09-16 14:46:02,BTCUSD_PERP,bid,58300,575.07
2024-09-16 14:46:29,BTCUSD_PERP,bid,58300,576.24
2024-09-16 14:46:30,BTCUSD_PERP,bid,58300,633.45
2024-09-16 14:46:32,BTCUSD_PERP,bid,58300,633.59
2024-09-16 14:46:36,BTCUSD_PERP,bid,58300,633.73
2024-09-16 14:46:36,BTCUSD_PERP,bid,58300,633.87
2024-09-16 14:46:56,BTCUSD_PERP,bid,58300,576.07
2024-09-16 14:46:56,BTCUSD_PERP,bid,58300,518.85
2024-09-16 15:00:03,BTCUSD_PERP,bid,58300,575.72
2024-09-16 15:00:04,BTCUSD_PERP,bid,58300,633.53
2024-09-16 15:00:30,BTCUSD_PERP,bid,58300,575.42
2024-09-16 15:02:27,BTCUSD_PERP,bid,58300,517.91
2024-09-16 15:02:34,BTCUSD_PERP,bid,58300,518.51
2024-09-16 15:02:35,BTCUSD_PERP,bid,58300,576.32
2024-09-16 15:03:11,BTCUSD_PERP,bid,58300,519.1
2024-09-16 16:00:52,BTCUSD_PERP,bid,58300,518.5
2024-09-16 16:01:01,BTCUSD_PERP,bid,58300,518.78
2024-09-16 16:01:01,BTCUSD_PERP,bid,58300,518.92
2024-09-16 16:01:01,BTCUSD_PERP,bid,58300,519.06
2024-09-16 16:22:22,BTCUSD_PERP,bid,58300,517.89
2024-09-16 16:30:05,BTCUSD_PERP,bid,58300,517.8
2024-09-16 12:23:10,BTCUSD_PERP,bid,58100,529.73
2024-09-16 12:23:10,BTCUSD_PERP,bid,58100,586.67
2024-09-16 12:23:10,BTCUSD_PERP,bid,58100,700.57
2024-09-16 12:25:09,BTCUSD_PERP,bid,58100,686.77
2024-09-16 12:25:16,BTCUSD_PERP,bid,58100,571.8
2024-09-16 12:52:21,BTCUSD_PERP,bid,58100,630.28
2024-09-16 12:52:21,BTCUSD_PERP,bid,58100,687.22
2024-09-16 12:52:21,BTCUSD_PERP,bid,58100,744.74
2024-09-16 12:52:21,BTCUSD_PERP,bid,58100,802.26
2024-09-16 12:52:22,BTCUSD_PERP,bid,58100,859.19
2024-09-16 12:52:22,BTCUSD_PERP,bid,58100,916.12
2024-09-16 12:52:22,BTCUSD_PERP,bid,58100,1088.1
2024-09-16 12:52:45,BTCUSD_PERP,bid,58100,1088.24
2024-09-16 12:53:14,BTCUSD_PERP,bid,58100,1088.38
2024-09-16 12:53:19,BTCUSD_PERP,bid,58100,1089.59
2024-09-16 12:53:21,BTCUSD_PERP,bid,58100,1091.67
2024-09-16 12:54:49,BTCUSD_PERP,bid,58100,1090.46
2024-09-16 12:55:22,BTCUSD_PERP,bid,58100,1088.38
2024-09-16 12:56:19,BTCUSD_PERP,bid,58100,1088.24
2024-09-16 12:56:41,BTCUSD_PERP,bid,58100,1088.1
2024-09-16 12:57:18,BTCUSD_PERP,bid,58100,1030.58
2024-09-16 12:57:18,BTCUSD_PERP,bid,58100,915.54
2024-09-16 12:57:18,BTCUSD_PERP,bid,58100,858.02
2024-09-16 12:57:18,BTCUSD_PERP,bid,58100,743.66
2024-09-16 12:57:18,BTCUSD_PERP,bid,58100,686.73
2024-09-16 12:57:18,BTCUSD_PERP,bid,58100,629.8
2024-09-16 12:57:18,BTCUSD_PERP,bid,58100,573.06
2024-09-16 12:57:19,BTCUSD_PERP,bid,58100,687.57
2024-09-16 13:00:26,BTCUSD_PERP,bid,58100,630.61
2024-09-16 13:00:26,BTCUSD_PERP,bid,58100,573.06
2024-09-16 13:00:27,BTCUSD_PERP,bid,58100,515.78
2024-09-16 13:00:27,BTCUSD_PERP,bid,58100,573.36
2024-09-16 13:00:27,BTCUSD_PERP,bid,58100,630.94
2024-09-16 13:01:06,BTCUSD_PERP,bid,58100,630.02
2024-09-16 13:01:06,BTCUSD_PERP,bid,58100,687.57
2024-09-16 13:07:24,BTCUSD_PERP,bid,58100,573.64
2024-09-16 13:07:25,BTCUSD_PERP,bid,58100,629.78
2024-09-16 13:07:26,BTCUSD_PERP,bid,58100,516.69
2024-09-16 13:07:26,BTCUSD_PERP,bid,58100,802.52
2024-09-16 13:07:26,BTCUSD_PERP,bid,58100,1031.67
2024-09-16 13:07:26,BTCUSD_PERP,bid,58100,1089.25
2024-09-16 13:07:26,BTCUSD_PERP,bid,58100,1146.83
2024-09-16 13:07:28,BTCUSD_PERP,bid,58100,1160.77
2024-09-16 13:07:29,BTCUSD_PERP,bid,58100,519.84
2024-09-16 13:08:24,BTCUSD_PERP,bid,58100,1103.78
2024-09-16 13:08:24,BTCUSD_PERP,bid,58100,701.89
2024-09-16 13:08:24,BTCUSD_PERP,bid,58100,644.89
2024-09-16 13:08:24,BTCUSD_PERP,bid,58100,587.31
2024-09-16 13:08:25,BTCUSD_PERP,bid,58200,516.83
2024-09-16 13:08:38,BTCUSD_PERP,bid,58200,517.17
2024-09-16 13:08:38,BTCUSD_PERP,bid,58200,746.69
2024-09-16 13:08:38,BTCUSD_PERP,bid,58200,804.36
2024-09-16 13:08:38,BTCUSD_PERP,bid,58200,862.03
2024-09-16 13:08:38,BTCUSD_PERP,bid,58200,919.11
2024-09-16 13:08:39,BTCUSD_PERP,bid,58200,976.19
2024-09-16 13:08:39,BTCUSD_PERP,bid,58200,1033.27
2024-09-16 13:08:39,BTCUSD_PERP,bid,58200,1090.94
2024-09-16 13:09:09,BTCUSD_PERP,bid,58200,976.78
2024-09-16 13:09:09,BTCUSD_PERP,bid,58200,746.86
2024-09-16 13:09:09,BTCUSD_PERP,bid,58200,976.24
2024-09-16 13:09:09,BTCUSD_PERP,bid,58200,1033.88
2024-09-16 13:09:13,BTCUSD_PERP,bid,58200,630.99
2024-09-16 13:09:13,BTCUSD_PERP,bid,58100,1090.39
2024-09-16 13:09:13,BTCUSD_PERP,bid,58100,563.2
2024-09-16 13:09:13,BTCUSD_PERP,bid,58100,1148.0
2024-09-16 13:10:40,BTCUSD_PERP,bid,58100,1090.39
2024-09-16 13:10:40,BTCUSD_PERP,bid,58100,1033.37
2024-09-16 13:10:41,BTCUSD_PERP,bid,58100,861.72
2024-09-16 13:10:41,BTCUSD_PERP,bid,58100,804.69
2024-09-16 13:10:41,BTCUSD_PERP,bid,58100,574.83
2024-09-16 13:10:41,BTCUSD_PERP,bid,58200,688.73
2024-09-16 13:10:42,BTCUSD_PERP,bid,58200,745.78
2024-09-16 13:10:42,BTCUSD_PERP,bid,58100,560.34
2024-09-16 13:10:42,BTCUSD_PERP,bid,58200,803.42
2024-09-16 13:10:42,BTCUSD_PERP,bid,58200,860.47
2024-09-16 13:10:42,BTCUSD_PERP,bid,58200,975.75
2024-09-16 13:10:42,BTCUSD_PERP,bid,58200,1148.57
2024-09-16 13:11:01,BTCUSD_PERP,bid,58200,1091.52
2024-09-16 13:11:01,BTCUSD_PERP,bid,58200,1033.88
2024-09-16 13:11:01,BTCUSD_PERP,bid,58200,976.24
2024-09-16 13:11:01,BTCUSD_PERP,bid,58200,919.19
2024-09-16 13:11:01,BTCUSD_PERP,bid,58200,803.91
2024-09-16 13:11:01,BTCUSD_PERP,bid,58200,746.37
2024-09-16 13:11:02,BTCUSD_PERP,bid,58200,631.68
2024-09-16 13:11:02,BTCUSD_PERP,bid,58200,517.16
2024-09-16 13:11:11,BTCUSD_PERP,bid,58200,574.04
2024-09-16 13:11:11,BTCUSD_PERP,bid,58200,516.99
2024-09-16 13:11:36,BTCUSD_PERP,bid,58200,575.15
2024-09-16 13:11:36,BTCUSD_PERP,bid,58200,632.27
2024-09-16 13:11:36,BTCUSD_PERP,bid,58200,689.97
2024-09-16 13:13:09,BTCUSD_PERP,bid,58200,517.45
2024-09-16 13:13:09,BTCUSD_PERP,bid,58200,919.11
2024-09-16 13:13:09,BTCUSD_PERP,bid,58200,976.78
2024-09-16 13:13:34,BTCUSD_PERP,bid,58200,919.7
2024-09-16 13:13:34,BTCUSD_PERP,bid,58200,862.03
2024-09-16 13:13:34,BTCUSD_PERP,bid,58200,747.28
2024-09-16 13:13:34,BTCUSD_PERP,bid,58200,632.52
2024-09-16 13:13:35,BTCUSD_PERP,bid,58200,574.85
2024-09-16 13:13:36,BTCUSD_PERP,bid,58200,575.23
2024-09-16 13:14:46,BTCUSD_PERP,bid,58200,517.62
2024-09-16 13:15:07,BTCUSD_PERP,bid,58200,805.01
2024-09-16 13:15:07,BTCUSD_PERP,bid,58200,862.72
2024-09-16 13:15:07,BTCUSD_PERP,bid,58200,561.04
2024-09-16 13:16:55,BTCUSD_PERP,bid,58200,632.47
2024-09-16 13:16:55,BTCUSD_PERP,bid,58200,861.69
2024-09-16 13:16:56,BTCUSD_PERP,bid,58200,517.53
2024-09-16 13:16:56,BTCUSD_PERP,bid,58200,919.37
2024-09-16 13:17:11,BTCUSD_PERP,bid,58200,861.69
2024-09-16 13:17:12,BTCUSD_PERP,bid,58200,746.33
2024-09-16 13:17:12,BTCUSD_PERP,bid,58200,574.46
2024-09-16 13:19:30,BTCUSD_PERP,bid,58200,632.43
2024-09-16 13:19:47,BTCUSD_PERP,bid,58200,575.31
2024-09-16 13:19:47,BTCUSD_PERP,bid,58200,517.93
2024-09-16 13:23:08,BTCUSD_PERP,bid,58200,516.8
2024-09-16 13:24:21,BTCUSD_PERP,bid,58200,575.12
2024-09-16 13:24:21,BTCUSD_PERP,bid,58200,632.22
2024-09-16 13:25:06,BTCUSD_PERP,bid,58200,517.43
2024-09-16 13:25:07,BTCUSD_PERP,bid,58200,747.02
2024-09-16 13:31:23,BTCUSD_PERP,bid,58200,689.95
2024-09-16 13:31:23,BTCUSD_PERP,bid,58200,574.65
2024-09-16 13:31:23,BTCUSD_PERP,bid,58200,803.76
2024-09-16 13:31:23,BTCUSD_PERP,bid,58200,861.39
2024-09-16 13:37:43,BTCUSD_PERP,bid,58200,746.82
2024-09-16 13:37:43,BTCUSD_PERP,bid,58200,632.16
2024-09-16 13:37:43,BTCUSD_PERP,bid,58200,574.53
2024-09-16 13:37:44,BTCUSD_PERP,bid,58200,574.72
2024-09-16 13:37:44,BTCUSD_PERP,bid,58200,631.79
2024-09-16 13:37:44,BTCUSD_PERP,bid,58200,746.52
2024-09-16 13:37:44,BTCUSD_PERP,bid,58200,804.18
2024-09-16 13:37:44,BTCUSD_PERP,bid,58200,861.84
2024-09-16 13:39:57,BTCUSD_PERP,bid,58200,804.18
2024-09-16 13:39:57,BTCUSD_PERP,bid,58200,861.39
2024-09-16 13:44:08,BTCUSD_PERP,bid,58200,746.72
2024-09-16 13:44:08,BTCUSD_PERP,bid,58100,688.73
2024-09-16 13:44:08,BTCUSD_PERP,bid,58100,860.94
2024-09-16 13:45:39,BTCUSD_PERP,bid,58100,630.54
2024-09-16 13:45:39,BTCUSD_PERP,bid,58100,803.51
2024-09-16 13:45:39,BTCUSD_PERP,bid,58100,860.49
2024-09-16 13:45:58,BTCUSD_PERP,bid,58100,864.46
2024-09-16 13:46:00,BTCUSD_PERP,bid,58100,860.49
2024-09-16 13:46:32,BTCUSD_PERP,bid,58100,688.38
2024-09-16 13:46:32,BTCUSD_PERP,bid,58100,630.81
2024-09-16 13:46:32,BTCUSD_PERP,bid,58100,516.26
2024-09-16 13:46:33,BTCUSD_PERP,bid,58100,516.66
2024-09-16 13:46:33,BTCUSD_PERP,bid,58100,688.29
2024-09-16 13:46:33,BTCUSD_PERP,bid,58100,745.79
2024-09-16 13:47:09,BTCUSD_PERP,bid,58100,688.41
2024-09-16 13:55:37,BTCUSD_PERP,bid,58100,630.84
2024-09-16 13:55:38,BTCUSD_PERP,bid,58100,517.34
2024-09-16 13:55:38,BTCUSD_PERP,bid,58100,574.36
2024-09-16 14:07:33,BTCUSD_PERP,bid,58200,517.16
2024-09-16 14:07:50,BTCUSD_PERP,bid,58200,531.11
2024-09-16 14:12:32,BTCUSD_PERP,bid,58200,516.64
2024-09-16 14:12:32,BTCUSD_PERP,bid,58200,573.71
2024-09-16 14:13:28,BTCUSD_PERP,bid,58200,516.64
2024-09-16 14:13:30,BTCUSD_PERP,bid,58200,518.16
2024-09-16 14:15:31,BTCUSD_PERP,bid,58200,516.94
2024-09-16 14:16:42,BTCUSD_PERP,bid,58200,689.11
2024-09-16 14:20:35,BTCUSD_PERP,bid,58200,632.03
2024-09-16 14:20:35,BTCUSD_PERP,bid,58200,517.28
2024-09-16 14:20:37,BTCUSD_PERP,bid,58200,517.54
2024-09-16 16:40:08,BTCUSD_PERP,bid,58200,516.5
2024-09-16 16:41:31,BTCUSD_PERP,bid,58100,516.85
2024-09-16 16:42:06,BTCUSD_PERP,bid,58100,515.93
2024-09-16 16:48:43,BTCUSD_PERP,bid,58100,516.1
2024-09-16 16:48:44,BTCUSD_PERP,bid,58100,573.54
2024-09-16 16:48:44,BTCUSD_PERP,bid,58100,587.47
2024-09-16 16:51:01,BTCUSD_PERP,bid,58100,573.54
2024-09-16 16:51:59,BTCUSD_PERP,bid,58100,516.58
2024-09-16 16:52:23,BTCUSD_PERP,bid,58100,573.54
2024-09-16 16:52:45,BTCUSD_PERP,bid,58100,516.86
2024-09-16 16:52:45,BTCUSD_PERP,bid,58100,573.85
2024-09-16 16:52:47,BTCUSD_PERP,bid,58100,587.78
2024-09-16 16:53:53,BTCUSD_PERP,bid,58100,530.8
2024-09-16 16:53:53,BTCUSD_PERP,bid,58100,516.69
2024-09-16 17:35:36,BTCUSD_PERP,bid,58100,629.41
2024-09-16 17:35:36,BTCUSD_PERP,bid,58100,686.94
2024-09-16 17:35:36,BTCUSD_PERP,bid,58100,801.4
2024-09-16 17:35:36,BTCUSD_PERP,bid,58100,858.93
2024-09-16 17:41:28,BTCUSD_PERP,bid,58100,915.86
2024-09-16 17:41:28,BTCUSD_PERP,bid,58100,973.39
2024-09-16 17:41:36,BTCUSD_PERP,bid,58100,916.46
2024-09-16 17:41:36,BTCUSD_PERP,bid,58100,916.12
2024-09-16 17:41:36,BTCUSD_PERP,bid,58100,973.67
2024-09-16 17:41:37,BTCUSD_PERP,bid,58100,974.88
2024-09-16 17:41:39,BTCUSD_PERP,bid,58100,975.02
2024-09-16 17:41:50,BTCUSD_PERP,bid,58100,917.47
2024-09-16 17:41:50,BTCUSD_PERP,bid,58100,516.38
2024-09-16 17:41:50,BTCUSD_PERP,bid,58100,515.93
2024-09-16 17:41:50,BTCUSD_PERP,bid,58100,630.52
2024-09-16 17:41:51,BTCUSD_PERP,bid,58100,802.09
2024-09-16 17:41:51,BTCUSD_PERP,bid,58100,916.68
2024-09-16 17:41:51,BTCUSD_PERP,bid,58100,974.27
2024-09-16 17:45:32,BTCUSD_PERP,bid,58100,916.68
2024-09-16 17:45:32,BTCUSD_PERP,bid,58100,744.51
2024-09-16 17:45:33,BTCUSD_PERP,bid,58100,686.92
2024-09-16 17:49:40,BTCUSD_PERP,bid,58200,517.09
2024-09-16 17:49:40,BTCUSD_PERP,bid,58200,574.16
2024-09-16 17:49:40,BTCUSD_PERP,bid,58200,631.23
2024-09-16 17:49:40,BTCUSD_PERP,bid,58200,688.3
2024-09-16 17:49:40,BTCUSD_PERP,bid,58200,803.01
2024-09-16 17:56:31,BTCUSD_PERP,bid,58100,516.34
2024-09-16 17:58:37,BTCUSD_PERP,bid,58200,516.69
2024-09-16 17:58:38,BTCUSD_PERP,bid,58200,518.78
2024-09-16 18:12:38,BTCUSD_PERP,bid,58200,517.24
2024-09-16 18:12:39,BTCUSD_PERP,bid,58200,688.48
2024-09-16 18:12:39,BTCUSD_PERP,bid,58200,746.16
2024-09-16 18:17:20,BTCUSD_PERP,bid,58200,689.08
2024-09-16 18:17:20,BTCUSD_PERP,bid,58200,631.4
2024-09-16 18:17:21,BTCUSD_PERP,bid,58200,573.72
2024-09-16 18:17:21,BTCUSD_PERP,bid,58200,516.64
2024-09-16 18:17:22,BTCUSD_PERP,bid,58200,516.35
2024-09-16 18:17:22,BTCUSD_PERP,bid,58200,688.89
2024-09-16 18:17:22,BTCUSD_PERP,bid,58200,746.6
2024-09-16 18:17:24,BTCUSD_PERP,bid,58200,760.57
2024-09-16 18:19:25,BTCUSD_PERP,bid,58200,746.6
2024-09-16 18:20:35,BTCUSD_PERP,bid,58200,689.48
2024-09-16 18:20:35,BTCUSD_PERP,bid,58200,631.77
2024-09-16 18:20:36,BTCUSD_PERP,bid,58200,517.52
2024-09-16 18:35:04,BTCUSD_PERP,bid,58200,517.93
2024-09-16 18:35:04,BTCUSD_PERP,bid,58200,632.72
2024-09-16 18:35:04,BTCUSD_PERP,bid,58200,690.41
2024-09-16 18:35:04,BTCUSD_PERP,bid,58200,748.1
2024-09-16 18:35:04,BTCUSD_PERP,bid,58200,805.79
2024-09-16 18:35:04,BTCUSD_PERP,bid,58200,862.89
2024-09-16 18:35:05,BTCUSD_PERP,bid,58200,920.58
2024-09-16 18:35:16,BTCUSD_PERP,bid,58200,518.03
2024-09-16 18:35:16,BTCUSD_PERP,bid,58200,920.09
2024-09-16 18:35:16,BTCUSD_PERP,bid,58200,977.75
2024-09-16 18:41:46,BTCUSD_PERP,bid,58200,862.43
2024-09-16 18:41:46,BTCUSD_PERP,bid,58200,804.77
2024-09-16 18:41:46,BTCUSD_PERP,bid,58200,690.14
2024-09-16 18:41:46,BTCUSD_PERP,bid,58200,576.0
2024-09-16 18:41:46,BTCUSD_PERP,bid,58200,518.34
2024-09-16 18:41:46,BTCUSD_PERP,bid,58200,517.34
2024-09-16 18:41:47,BTCUSD_PERP,bid,58200,575.03
2024-09-16 18:41:47,BTCUSD_PERP,bid,58200,632.72
2024-09-16 18:41:47,BTCUSD_PERP,bid,58200,690.41
2024-09-16 18:41:47,BTCUSD_PERP,bid,58200,747.5
2024-09-16 18:41:47,BTCUSD_PERP,bid,58200,805.19
2024-09-16 18:41:47,BTCUSD_PERP,bid,58200,862.88
2024-09-16 18:41:47,BTCUSD_PERP,bid,58200,920.57
2024-09-16 18:41:48,BTCUSD_PERP,bid,58200,978.26
2024-09-16 18:42:15,BTCUSD_PERP,bid,58200,863.47
2024-09-16 18:42:15,BTCUSD_PERP,bid,58200,574.83
2024-09-16 18:42:17,BTCUSD_PERP,bid,58200,517.17
2024-09-16 18:42:18,BTCUSD_PERP,bid,58200,574.53
2024-09-16 18:43:30,BTCUSD_PERP,bid,58100,574.23
2024-09-16 18:43:30,BTCUSD_PERP,bid,58100,631.24
2024-09-16 18:56:54,BTCUSD_PERP,bid,58100,573.64
2024-09-16 18:56:54,BTCUSD_PERP,bid,58100,573.93
2024-09-16 18:56:55,BTCUSD_PERP,bid,58100,630.91
2024-09-16 18:57:02,BTCUSD_PERP,bid,58100,631.05
2024-09-16 18:59:00,BTCUSD_PERP,bid,58100,630.91
2024-09-16 19:01:29,BTCUSD_PERP,bid,58100,573.93
2024-09-16 19:01:29,BTCUSD_PERP,bid,58100,516.36
2024-09-16 19:01:31,BTCUSD_PERP,bid,58100,517.23
2024-09-16 19:01:31,BTCUSD_PERP,bid,58100,574.25
2024-09-16 19:01:31,BTCUSD_PERP,bid,58100,631.27
2024-09-16 19:01:42,BTCUSD_PERP,bid,58100,645.21
2024-09-16 19:03:28,BTCUSD_PERP,bid,58100,588.2
2024-09-16 19:12:34,BTCUSD_PERP,bid,58200,574.08
2024-09-16 19:14:23,BTCUSD_PERP,bid,58200,516.38
2024-09-16 19:14:23,BTCUSD_PERP,bid,58200,632.05
2024-09-16 19:14:54,BTCUSD_PERP,bid,58200,631.91
2024-09-16 19:14:56,BTCUSD_PERP,bid,58200,631.77
2024-09-16 19:15:01,BTCUSD_PERP,bid,58200,631.63
2024-09-16 19:15:01,BTCUSD_PERP,bid,58200,631.49
2024-09-16 19:15:05,BTCUSD_PERP,bid,58200,631.35
2024-09-16 19:20:47,BTCUSD_PERP,bid,58200,573.98
2024-09-16 19:20:48,BTCUSD_PERP,bid,58200,631.02
2024-09-16 19:24:16,BTCUSD_PERP,bid,58100,861.75
2024-09-16 19:24:16,BTCUSD_PERP,bid,58100,919.32
2024-09-16 19:25:04,BTCUSD_PERP,bid,58100,803.59
2024-09-16 19:25:04,BTCUSD_PERP,bid,58100,861.12
2024-09-16 19:26:53,BTCUSD_PERP,bid,58100,572.39
2024-09-16 19:31:50,BTCUSD_PERP,bid,58100,571.9
2024-09-16 19:32:12,BTCUSD_PERP,bid,58100,515.85
2024-09-16 19:32:12,BTCUSD_PERP,bid,58100,517.06
2024-09-16 19:32:12,BTCUSD_PERP,bid,58100,574.06
2024-09-16 19:32:13,BTCUSD_PERP,bid,58100,631.05
2024-09-16 19:32:13,BTCUSD_PERP,bid,58100,688.04
2024-09-16 19:32:15,BTCUSD_PERP,bid,58100,690.12
2024-09-16 19:32:21,BTCUSD_PERP,bid,58100,690.26
2024-09-16 19:33:14,BTCUSD_PERP,bid,58100,633.26
2024-09-16 19:33:14,BTCUSD_PERP,bid,58100,571.9
2024-09-16 19:33:14,BTCUSD_PERP,bid,58100,629.45
2024-09-16 19:34:29,BTCUSD_PERP,bid,58100,572.48
2024-09-16 19:34:29,BTCUSD_PERP,bid,58100,571.6
2024-09-16 19:34:29,BTCUSD_PERP,bid,58100,629.12
2024-09-16 19:36:02,BTCUSD_PERP,bid,58100,571.6
2024-09-16 19:45:23,BTCUSD_PERP,bid,58100,630.35
2024-09-16 19:45:24,BTCUSD_PERP,bid,58100,687.93
2024-09-16 19:45:24,BTCUSD_PERP,bid,58100,802.51
2024-09-16 19:47:22,BTCUSD_PERP,bid,58100,687.45
2024-09-16 19:47:22,BTCUSD_PERP,bid,58100,572.29
2024-09-16 19:48:08,BTCUSD_PERP,bid,58100,629.67
2024-09-16 19:48:08,BTCUSD_PERP,bid,58100,801.05
2024-09-16 19:48:09,BTCUSD_PERP,bid,58100,858.57
2024-09-16 19:59:01,BTCUSD_PERP,bid,58100,572.74
2024-09-16 19:59:01,BTCUSD_PERP,bid,58100,629.67
2024-09-16 19:59:01,BTCUSD_PERP,bid,58100,687.19
2024-09-16 19:59:02,BTCUSD_PERP,bid,58100,859.16
2024-09-16 19:59:02,BTCUSD_PERP,bid,58100,916.68
2024-09-16 08:13:47,BTCUSD_PERP,bid,58000,744.13
2024-09-16 08:13:47,BTCUSD_PERP,bid,58000,562.24
2024-09-16 08:13:59,BTCUSD_PERP,bid,58000,572.34
2024-09-16 08:13:59,BTCUSD_PERP,bid,58000,629.82
2024-09-16 08:14:59,BTCUSD_PERP,bid,58000,572.16
2024-09-16 08:14:59,BTCUSD_PERP,bid,58000,743.92
2024-09-16 08:15:01,BTCUSD_PERP,bid,58000,687.05
2024-09-16 08:15:01,BTCUSD_PERP,bid,58000,687.27
2024-09-16 08:15:01,BTCUSD_PERP,bid,58000,744.1
2024-09-16 08:15:07,BTCUSD_PERP,bid,58000,629.85
2024-09-16 08:15:10,BTCUSD_PERP,bid,58000,573.43
2024-09-16 08:15:23,BTCUSD_PERP,bid,58000,572.55
2024-09-16 08:17:07,BTCUSD_PERP,bid,58000,571.86
2024-09-16 08:17:07,BTCUSD_PERP,bid,58000,628.69
2024-09-16 08:17:08,BTCUSD_PERP,bid,58000,685.52
2024-09-16 08:18:59,BTCUSD_PERP,bid,58000,686.95
2024-09-16 08:18:59,BTCUSD_PERP,bid,58000,743.85
2024-09-16 08:19:37,BTCUSD_PERP,bid,58000,685.89
2024-09-16 08:19:37,BTCUSD_PERP,bid,58000,743.34
2024-09-16 08:20:04,BTCUSD_PERP,bid,58000,685.89
2024-09-16 08:20:05,BTCUSD_PERP,bid,58000,570.7
2024-09-16 08:37:54,BTCUSD_PERP,bid,58000,574.49
2024-09-16 08:47:46,BTCUSD_PERP,bid,58000,516.72
2024-09-16 08:48:02,BTCUSD_PERP,bid,58000,687.66
2024-09-16 08:54:19,BTCUSD_PERP,bid,58000,572.94
2024-09-16 08:54:19,BTCUSD_PERP,bid,58000,629.83
2024-09-16 08:55:39,BTCUSD_PERP,bid,58000,572.94
2024-09-16 09:02:40,BTCUSD_PERP,bid,58000,629.95
2024-09-16 09:02:40,BTCUSD_PERP,bid,58000,687.44
2024-09-16 09:02:48,BTCUSD_PERP,bid,58000,629.95
2024-09-16 09:02:48,BTCUSD_PERP,bid,58000,573.05
2024-09-16 09:03:03,BTCUSD_PERP,bid,58000,572.45
2024-09-16 09:04:30,BTCUSD_PERP,bid,58000,628.92
2024-09-16 09:04:30,BTCUSD_PERP,bid,58000,743.22
2024-09-16 09:04:30,BTCUSD_PERP,bid,58000,800.66
2024-09-16 09:04:30,BTCUSD_PERP,bid,58000,858.1
2024-09-16 09:04:30,BTCUSD_PERP,bid,58000,915.54
2024-09-16 09:04:30,BTCUSD_PERP,bid,58000,972.98
2024-09-16 09:04:31,BTCUSD_PERP,bid,58000,1030.56
2024-09-16 09:07:12,BTCUSD_PERP,bid,58000,572.43
2024-09-16 09:07:12,BTCUSD_PERP,bid,58000,629.85
2024-09-16 09:11:23,BTCUSD_PERP,bid,58000,742.97
2024-09-16 09:11:23,BTCUSD_PERP,bid,58000,857.25
2024-09-16 09:11:23,BTCUSD_PERP,bid,58000,972.11
2024-09-16 09:11:54,BTCUSD_PERP,bid,58000,800.99
2024-09-16 10:34:20,BTCUSD_PERP,bid,58000,573.22
2024-09-16 10:34:20,BTCUSD_PERP,bid,58000,630.08
2024-09-16 10:34:20,BTCUSD_PERP,bid,58000,686.94
2024-09-16 10:40:20,BTCUSD_PERP,bid,58000,572.14
2024-09-16 11:04:20,BTCUSD_PERP,bid,58000,572.36
2024-09-16 11:04:20,BTCUSD_PERP,bid,58000,629.83
2024-09-16 11:04:41,BTCUSD_PERP,bid,58000,572.06
2024-09-16 11:04:41,BTCUSD_PERP,bid,58000,629.5
2024-09-16 11:17:49,BTCUSD_PERP,bid,58000,571.25
2024-09-16 11:17:49,BTCUSD_PERP,bid,58000,685.5
2024-09-16 11:17:49,BTCUSD_PERP,bid,58000,742.92
2024-09-16 11:17:50,BTCUSD_PERP,bid,58000,800.34
2024-09-16 11:17:50,BTCUSD_PERP,bid,58000,857.17
2024-09-16 11:19:42,BTCUSD_PERP,bid,58000,800.34
2024-09-16 12:09:32,BTCUSD_PERP,bid,58000,573.14
2024-09-16 12:09:32,BTCUSD_PERP,bid,58000,630.0
2024-09-16 12:09:32,BTCUSD_PERP,bid,58000,687.44
2024-09-16 12:11:19,BTCUSD_PERP,bid,58000,630.0
2024-09-16 12:11:21,BTCUSD_PERP,bid,58000,573.62
2024-09-16 12:11:21,BTCUSD_PERP,bid,58000,631.0
2024-09-16 12:11:21,BTCUSD_PERP,bid,58000,687.89
2024-09-16 12:11:21,BTCUSD_PERP,bid,58000,745.37
2024-09-16 12:16:16,BTCUSD_PERP,bid,58000,699.12
2024-09-16 12:16:16,BTCUSD_PERP,bid,58000,756.57
2024-09-16 12:20:24,BTCUSD_PERP,bid,58000,527.36
2024-09-16 12:22:10,BTCUSD_PERP,bid,58000,572.54
2024-09-16 12:22:10,BTCUSD_PERP,bid,58000,629.45
2024-09-16 12:23:08,BTCUSD_PERP,bid,58000,572.05
2024-09-16 12:25:16,BTCUSD_PERP,bid,58000,629.56
2024-09-16 12:25:23,BTCUSD_PERP,bid,58000,629.7
2024-09-16 12:25:58,BTCUSD_PERP,bid,58000,572.19
2024-09-16 12:25:58,BTCUSD_PERP,bid,58000,629.64
2024-09-16 12:25:58,BTCUSD_PERP,bid,58000,686.53
2024-09-16 12:27:47,BTCUSD_PERP,bid,58000,572.02
2024-09-16 12:27:47,BTCUSD_PERP,bid,58000,743.63
2024-09-16 12:28:34,BTCUSD_PERP,bid,58000,743.77
2024-09-16 12:28:47,BTCUSD_PERP,bid,58000,743.91
2024-09-16 12:28:57,BTCUSD_PERP,bid,58000,744.05
2024-09-16 12:29:01,BTCUSD_PERP,bid,58000,744.19
2024-09-16 12:46:23,BTCUSD_PERP,bid,58000,628.67
2024-09-16 12:46:33,BTCUSD_PERP,bid,58000,628.81
2024-09-16 12:46:37,BTCUSD_PERP,bid,58000,628.95
2024-09-16 12:49:59,BTCUSD_PERP,bid,58000,628.81
2024-09-16 12:50:07,BTCUSD_PERP,bid,58000,628.67
2024-09-16 12:50:11,BTCUSD_PERP,bid,58000,571.82
2024-09-16 12:50:12,BTCUSD_PERP,bid,58000,686.49
2024-09-16 12:50:12,BTCUSD_PERP,bid,58000,743.36
2024-09-16 12:50:13,BTCUSD_PERP,bid,58000,858.28
2024-09-16 12:50:13,BTCUSD_PERP,bid,58000,915.15
2024-09-16 12:50:13,BTCUSD_PERP,bid,58000,972.61
2024-09-16 12:51:14,BTCUSD_PERP,bid,58000,915.15
2024-09-16 12:51:14,BTCUSD_PERP,bid,58000,858.28
2024-09-16 12:51:14,BTCUSD_PERP,bid,58000,743.36
2024-09-16 12:51:15,BTCUSD_PERP,bid,58000,686.49
2024-09-16 12:51:15,BTCUSD_PERP,bid,58000,629.61
2024-09-16 12:51:15,BTCUSD_PERP,bid,58000,572.15
2024-09-16 12:51:16,BTCUSD_PERP,bid,58000,629.95
2024-09-16 12:51:16,BTCUSD_PERP,bid,58000,687.44
2024-09-16 12:51:16,BTCUSD_PERP,bid,58000,744.34
2024-09-16 12:52:20,BTCUSD_PERP,bid,58000,686.95
2024-09-16 12:52:20,BTCUSD_PERP,bid,58000,629.46
2024-09-16 16:50:06,BTCUSD_PERP,bid,58000,573.24
2024-09-16 16:52:00,BTCUSD_PERP,bid,58000,573.24
2024-09-16 17:06:22,BTCUSD_PERP,bid,58000,572.84
2024-09-16 17:11:27,BTCUSD_PERP,bid,58000,572.54
2024-09-16 17:11:27,BTCUSD_PERP,bid,58000,629.98
2024-09-16 17:12:44,BTCUSD_PERP,bid,58000,572.54
2024-09-16 17:12:45,BTCUSD_PERP,bid,58000,629.82
2024-09-16 17:15:30,BTCUSD_PERP,bid,58000,630.97
2024-09-16 17:17:08,BTCUSD_PERP,bid,58000,629.82
2024-09-16 17:17:35,BTCUSD_PERP,bid,58000,572.93
2024-09-16 17:30:52,BTCUSD_PERP,bid,58000,630.06
2024-09-16 17:33:01,BTCUSD_PERP,bid,58000,629.73
2024-09-16 17:35:20,BTCUSD_PERP,bid,58000,630.06
2024-09-16 17:35:27,BTCUSD_PERP,bid,58000,630.2
2024-09-16 17:35:34,BTCUSD_PERP,bid,58000,573.29
2024-09-16 17:36:03,BTCUSD_PERP,bid,58000,743.86
2024-09-16 17:36:03,BTCUSD_PERP,bid,58000,801.35
2024-09-16 17:38:04,BTCUSD_PERP,bid,58000,802.51
2024-09-16 17:39:47,BTCUSD_PERP,bid,58000,801.35
2024-09-16 19:31:17,BTCUSD_PERP,bid,58000,628.68
2024-09-16 19:31:17,BTCUSD_PERP,bid,58000,686.16
2024-09-16 19:31:38,BTCUSD_PERP,bid,58000,628.68
2024-09-16 19:36:02,BTCUSD_PERP,bid,58000,571.3
2024-09-16 19:36:03,BTCUSD_PERP,bid,58000,628.79
2024-09-16 19:36:32,BTCUSD_PERP,bid,58000,571.55
2024-09-16 19:40:07,BTCUSD_PERP,bid,58000,627.53
2024-09-16 19:40:07,BTCUSD_PERP,bid,58000,684.96
2024-09-16 19:42:28,BTCUSD_PERP,bid,58000,571.7
2024-09-16 19:42:29,BTCUSD_PERP,bid,58000,629.15
2024-09-16 19:42:29,BTCUSD_PERP,bid,58000,686.02
2024-09-16 19:42:29,BTCUSD_PERP,bid,58000,743.47
2024-09-16 19:42:47,BTCUSD_PERP,bid,58000,686.26
2024-09-16 19:42:47,BTCUSD_PERP,bid,58000,743.74
2024-09-16 19:42:50,BTCUSD_PERP,bid,58000,743.88
2024-09-16 19:48:57,BTCUSD_PERP,bid,58000,743.75
2024-09-16 19:48:57,BTCUSD_PERP,bid,58000,800.66
2024-09-16 19:48:57,BTCUSD_PERP,bid,58000,858.15
2024-09-16 19:49:27,BTCUSD_PERP,bid,58000,915.13
2024-09-16 19:49:28,BTCUSD_PERP,bid,58000,972.59
2024-09-16 19:50:36,BTCUSD_PERP,bid,58000,800.8
2024-09-16 19:55:23,BTCUSD_PERP,bid,58000,629.61
2024-09-16 19:55:23,BTCUSD_PERP,bid,58000,687.07
2024-09-16 19:55:23,BTCUSD_PERP,bid,58000,744.53
2024-09-16 19:55:23,BTCUSD_PERP,bid,58000,858.87
2024-09-16 19:55:23,BTCUSD_PERP,bid,58000,916.33
2024-09-16 19:55:41,BTCUSD_PERP,bid,58000,744.53
2024-09-16 19:55:42,BTCUSD_PERP,bid,58000,630.19
2024-09-16 19:55:42,BTCUSD_PERP,bid,58000,572.73
2024-09-16 19:59:34,BTCUSD_PERP,bid,58000,687.56
2024-09-16 19:59:35,BTCUSD_PERP,bid,58000,745.01
2024-09-16 19:59:41,BTCUSD_PERP,bid,58000,687.29
2024-09-16 19:59:41,BTCUSD_PERP,bid,58000,744.72
2024-09-16 20:02:02,BTCUSD_PERP,bid,58000,572.43
2024-09-16 20:02:04,BTCUSD_PERP,bid,58000,571.65
2024-09-16 20:13:21,BTCUSD_PERP,bid,58000,571.97
2024-09-16 20:13:22,BTCUSD_PERP,bid,58000,629.4
2024-09-16 20:13:29,BTCUSD_PERP,bid,58000,571.97
2024-09-16 20:13:30,BTCUSD_PERP,bid,58000,571.75
2024-09-16 20:13:30,BTCUSD_PERP,bid,58000,629.22
2024-09-16 20:13:30,BTCUSD_PERP,bid,58000,686.69
2024-09-16 20:15:17,BTCUSD_PERP,bid,58000,629.22
2024-09-16 20:15:17,BTCUSD_PERP,bid,58000,571.75
2024-09-16 20:15:19,BTCUSD_PERP,bid,58000,630.06
2024-09-16 20:15:19,BTCUSD_PERP,bid,58000,686.97
2024-09-16 20:18:23,BTCUSD_PERP,bid,58000,629.48
2024-09-16 20:18:23,BTCUSD_PERP,bid,58000,578.84
2024-09-16 20:18:23,BTCUSD_PERP,bid,58000,636.3
2024-09-16 20:20:15,BTCUSD_PERP,bid,58000,578.84
2024-09-16 20:20:15,BTCUSD_PERP,bid,58000,521.38
2024-09-16 20:20:16,BTCUSD_PERP,bid,58000,571.97
2024-09-16 20:20:16,BTCUSD_PERP,bid,58000,628.82
2024-09-16 20:24:42,BTCUSD_PERP,bid,58000,571.96
2024-09-16 20:24:43,BTCUSD_PERP,bid,58000,629.39
2024-09-16 20:24:44,BTCUSD_PERP,bid,58000,643.29
2024-09-16 20:25:29,BTCUSD_PERP,bid,58000,586.45
2024-09-16 20:25:29,BTCUSD_PERP,bid,58000,529.6
2024-09-16 20:30:07,BTCUSD_PERP,bid,58000,594.83
2024-09-16 20:30:07,BTCUSD_PERP,bid,58000,651.67
2024-09-16 08:16:34,BTCUSD_PERP,bid,57900,571.58
2024-09-16 08:16:41,BTCUSD_PERP,bid,57900,571.28
2024-09-16 08:50:13,BTCUSD_PERP,bid,57900,629.21
2024-09-16 09:03:08,BTCUSD_PERP,bid,57900,686.94
2024-09-16 09:03:29,BTCUSD_PERP,bid,57900,572.73
2024-09-16 09:03:42,BTCUSD_PERP,bid,57900,571.77
2024-09-16 09:03:42,BTCUSD_PERP,bid,57900,743.41
2024-09-16 09:03:42,BTCUSD_PERP,bid,57900,800.82
2024-09-16 09:04:29,BTCUSD_PERP,bid,57900,743.99
2024-09-16 09:04:29,BTCUSD_PERP,bid,57900,629.17
2024-09-16 09:04:29,BTCUSD_PERP,bid,57900,572.35
2024-09-16 09:05:34,BTCUSD_PERP,bid,57900,972.47
2024-09-16 09:05:34,BTCUSD_PERP,bid,57900,1029.88
2024-09-16 09:05:45,BTCUSD_PERP,bid,57900,572.93
2024-09-16 09:05:45,BTCUSD_PERP,bid,57900,572.63
2024-09-16 09:06:57,BTCUSD_PERP,bid,57900,573.21
2024-09-16 09:07:33,BTCUSD_PERP,bid,57900,572.14
2024-09-16 09:07:33,BTCUSD_PERP,bid,57900,629.53
2024-09-16 09:10:17,BTCUSD_PERP,bid,57900,629.55
2024-09-16 09:10:17,BTCUSD_PERP,bid,57900,686.36
2024-09-16 09:10:17,BTCUSD_PERP,bid,57900,743.17
2024-09-16 09:10:18,BTCUSD_PERP,bid,57900,800.57
2024-09-16 09:11:54,BTCUSD_PERP,bid,57900,686.24
2024-09-16 09:11:54,BTCUSD_PERP,bid,57900,743.63
2024-09-16 09:12:24,BTCUSD_PERP,bid,57900,572.63
2024-09-16 09:12:26,BTCUSD_PERP,bid,57900,685.89
2024-09-16 09:12:26,BTCUSD_PERP,bid,57900,743.25
2024-09-16 09:12:44,BTCUSD_PERP,bid,57900,573.06
2024-09-16 09:14:50,BTCUSD_PERP,bid,57900,571.64
2024-09-16 09:14:50,BTCUSD_PERP,bid,57900,628.99
2024-09-16 09:14:50,BTCUSD_PERP,bid,57900,685.76
2024-09-16 09:14:51,BTCUSD_PERP,bid,57900,743.11
2024-09-16 09:14:51,BTCUSD_PERP,bid,57900,800.46
2024-09-16 09:14:51,BTCUSD_PERP,bid,57900,800.6
2024-09-16 09:15:03,BTCUSD_PERP,bid,57900,629.72
2024-09-16 09:22:58,BTCUSD_PERP,bid,57900,570.88
2024-09-16 09:22:58,BTCUSD_PERP,bid,57900,628.26
2024-09-16 09:27:24,BTCUSD_PERP,bid,57900,571.46
2024-09-16 09:27:48,BTCUSD_PERP,bid,57900,628.18
2024-09-16 09:43:04,BTCUSD_PERP,bid,57900,686.6
2024-09-16 09:43:42,BTCUSD_PERP,bid,57900,571.96
2024-09-16 09:44:08,BTCUSD_PERP,bid,57900,573.26
2024-09-16 09:44:08,BTCUSD_PERP,bid,57900,630.0
2024-09-16 09:44:08,BTCUSD_PERP,bid,57900,686.73
2024-09-16 09:44:08,BTCUSD_PERP,bid,57900,744.05
2024-09-16 09:44:08,BTCUSD_PERP,bid,57900,801.37
2024-09-16 09:44:08,BTCUSD_PERP,bid,57900,858.69
2024-09-16 09:45:38,BTCUSD_PERP,bid,57900,745.22
2024-09-16 09:45:38,BTCUSD_PERP,bid,57900,687.9
2024-09-16 09:45:39,BTCUSD_PERP,bid,57900,630.68
2024-09-16 09:45:39,BTCUSD_PERP,bid,57900,573.36
2024-09-16 10:29:32,BTCUSD_PERP,bid,57900,570.47
2024-09-16 10:31:26,BTCUSD_PERP,bid,57900,572.63
2024-09-16 10:31:26,BTCUSD_PERP,bid,57900,573.84
2024-09-16 10:37:29,BTCUSD_PERP,bid,57900,629.17
2024-09-16 10:37:29,BTCUSD_PERP,bid,57900,686.58
2024-09-16 10:40:18,BTCUSD_PERP,bid,57900,571.76
2024-09-16 10:41:09,BTCUSD_PERP,bid,57900,686.58
2024-09-16 10:41:47,BTCUSD_PERP,bid,57900,629.43
2024-09-16 10:41:47,BTCUSD_PERP,bid,57900,686.81
2024-09-16 10:45:58,BTCUSD_PERP,bid,57900,629.43
2024-09-16 11:12:28,BTCUSD_PERP,bid,57900,571.48
2024-09-16 11:19:43,BTCUSD_PERP,bid,57900,570.95
2024-09-16 11:19:43,BTCUSD_PERP,bid,57900,742.53
2024-09-16 11:19:43,BTCUSD_PERP,bid,57900,799.92
2024-09-16 11:19:44,BTCUSD_PERP,bid,57900,856.72
2024-09-16 11:23:29,BTCUSD_PERP,bid,57900,629.44
2024-09-16 11:23:29,BTCUSD_PERP,bid,57900,743.61
2024-09-16 11:25:45,BTCUSD_PERP,bid,57900,686.23
2024-09-16 11:25:45,BTCUSD_PERP,bid,57900,628.85
2024-09-16 11:25:45,BTCUSD_PERP,bid,57900,571.57
2024-09-16 11:25:46,BTCUSD_PERP,bid,57900,571.65
2024-09-16 11:25:46,BTCUSD_PERP,bid,57900,629.06
2024-09-16 11:25:46,BTCUSD_PERP,bid,57900,686.47
2024-09-16 11:25:47,BTCUSD_PERP,bid,57900,743.88
2024-09-16 11:30:30,BTCUSD_PERP,bid,57900,571.64
2024-09-16 11:30:30,BTCUSD_PERP,bid,57900,628.99
2024-09-16 11:35:39,BTCUSD_PERP,bid,57900,571.64
2024-09-16 11:35:40,BTCUSD_PERP,bid,57900,628.93
2024-09-16 11:35:40,BTCUSD_PERP,bid,57900,743.71
2024-09-16 11:35:41,BTCUSD_PERP,bid,57900,743.85
2024-09-16 11:39:08,BTCUSD_PERP,bid,57900,743.71
2024-09-16 11:40:00,BTCUSD_PERP,bid,57900,628.53
2024-09-16 11:40:00,BTCUSD_PERP,bid,57900,685.88
2024-09-16 11:40:59,BTCUSD_PERP,bid,57900,572.34
2024-09-16 11:40:59,BTCUSD_PERP,bid,57900,571.54
2024-09-16 11:40:59,BTCUSD_PERP,bid,57900,628.87
2024-09-16 11:40:59,BTCUSD_PERP,bid,57900,686.2
2024-09-16 11:46:03,BTCUSD_PERP,bid,57900,628.87
2024-09-16 11:46:03,BTCUSD_PERP,bid,57900,571.54
2024-09-16 12:02:17,BTCUSD_PERP,bid,57900,571.86
2024-09-16 12:02:17,BTCUSD_PERP,bid,57900,628.64
2024-09-16 12:02:17,BTCUSD_PERP,bid,57900,743.36
2024-09-16 12:02:17,BTCUSD_PERP,bid,57900,914.76
2024-09-16 12:02:17,BTCUSD_PERP,bid,57900,972.12
2024-09-16 12:03:02,BTCUSD_PERP,bid,57900,857.53
2024-09-16 12:03:02,BTCUSD_PERP,bid,57900,971.61
2024-09-16 12:05:01,BTCUSD_PERP,bid,57900,914.28
2024-09-16 12:05:01,BTCUSD_PERP,bid,57900,857.53
2024-09-16 12:05:01,BTCUSD_PERP,bid,57900,800.2
2024-09-16 12:05:02,BTCUSD_PERP,bid,57900,686.12
2024-09-16 12:05:02,BTCUSD_PERP,bid,57900,628.79
2024-09-16 12:05:02,BTCUSD_PERP,bid,57900,571.46
2024-09-16 12:05:03,BTCUSD_PERP,bid,57900,531.9
2024-09-16 12:05:03,BTCUSD_PERP,bid,57900,588.7
2024-09-16 12:05:03,BTCUSD_PERP,bid,57900,645.5
2024-09-16 12:05:15,BTCUSD_PERP,bid,57900,588.7
2024-09-16 12:05:16,BTCUSD_PERP,bid,57900,531.32
2024-09-16 12:05:16,BTCUSD_PERP,bid,57900,571.07
2024-09-16 12:05:16,BTCUSD_PERP,bid,57900,584.95
2024-09-16 12:05:39,BTCUSD_PERP,bid,57900,528.19
2024-09-16 12:05:40,BTCUSD_PERP,bid,57900,571.38
2024-09-16 12:07:04,BTCUSD_PERP,bid,57900,571.68
2024-09-16 12:33:30,BTCUSD_PERP,bid,57900,741.87
2024-09-16 12:33:30,BTCUSD_PERP,bid,57900,856.65
2024-09-16 12:33:30,BTCUSD_PERP,bid,57900,914.04
2024-09-16 12:36:21,BTCUSD_PERP,bid,57900,742.45
2024-09-16 12:36:21,BTCUSD_PERP,bid,57900,856.79
2024-09-16 12:36:21,BTCUSD_PERP,bid,57900,914.15
2024-09-16 12:39:37,BTCUSD_PERP,bid,57900,742.65
2024-09-16 12:39:37,BTCUSD_PERP,bid,57900,856.34
2024-09-16 12:39:38,BTCUSD_PERP,bid,57900,913.67
2024-09-16 12:40:55,BTCUSD_PERP,bid,57900,856.34
2024-09-16 12:40:55,BTCUSD_PERP,bid,57900,742.26
2024-09-16 12:40:56,BTCUSD_PERP,bid,57900,627.6
2024-09-16 12:40:56,BTCUSD_PERP,bid,57900,570.85
2024-09-16 12:40:57,BTCUSD_PERP,bid,57900,627.93
2024-09-16 12:40:57,BTCUSD_PERP,bid,57900,685.29
2024-09-16 12:40:57,BTCUSD_PERP,bid,57900,742.65
2024-09-16 12:40:57,BTCUSD_PERP,bid,57900,856.2
2024-09-16 12:43:44,BTCUSD_PERP,bid,57900,798.84
2024-09-16 12:43:44,BTCUSD_PERP,bid,57900,742.07
2024-09-16 12:43:44,BTCUSD_PERP,bid,57900,684.71
2024-09-16 19:41:06,BTCUSD_PERP,bid,57900,805.68
2024-09-16 19:41:06,BTCUSD_PERP,bid,57900,863.03
2024-09-16 19:41:14,BTCUSD_PERP,bid,57900,748.91
2024-09-16 19:41:14,BTCUSD_PERP,bid,57900,692.14
2024-09-16 19:41:14,BTCUSD_PERP,bid,57900,577.44
2024-09-16 19:41:14,BTCUSD_PERP,bid,57900,520.68
2024-09-16 19:41:15,BTCUSD_PERP,bid,57900,570.84
2024-09-16 19:41:15,BTCUSD_PERP,bid,57900,628.22
2024-09-16 19:41:15,BTCUSD_PERP,bid,57900,742.4
2024-09-16 19:41:15,BTCUSD_PERP,bid,57900,799.78
2024-09-16 19:41:16,BTCUSD_PERP,bid,57900,856.58
2024-09-16 19:41:25,BTCUSD_PERP,bid,57900,799.8
2024-09-16 19:41:25,BTCUSD_PERP,bid,57900,742.42
2024-09-16 19:41:25,BTCUSD_PERP,bid,57900,685.64
2024-09-16 19:41:25,BTCUSD_PERP,bid,57900,628.86
2024-09-16 20:21:23,BTCUSD_PERP,bid,57900,685.89
2024-09-16 20:22:45,BTCUSD_PERP,bid,57900,685.49
2024-09-16 20:22:50,BTCUSD_PERP,bid,57900,628.12
2024-09-16 20:30:20,BTCUSD_PERP,bid,57900,571.52
2024-09-16 20:30:32,BTCUSD_PERP,bid,57900,571.28
2024-09-16 20:31:24,BTCUSD_PERP,bid,57900,572.23
2024-09-16 20:53:23,BTCUSD_PERP,bid,57900,627.09
2024-09-16 20:53:24,BTCUSD_PERP,bid,57900,684.42
2024-09-16 20:53:24,BTCUSD_PERP,bid,57900,741.17
2024-09-16 20:53:46,BTCUSD_PERP,bid,57900,627.18
2024-09-16 20:54:32,BTCUSD_PERP,bid,57900,570.96
2024-09-16 20:54:32,BTCUSD_PERP,bid,57900,627.77
2024-09-16 20:54:37,BTCUSD_PERP,bid,57900,572.63
2024-09-16 20:55:01,BTCUSD_PERP,bid,57900,570.38
2024-09-16 20:55:26,BTCUSD_PERP,bid,57900,686.13
2024-09-16 20:55:26,BTCUSD_PERP,bid,57900,857.09
2024-09-16 20:55:26,BTCUSD_PERP,bid,57900,914.47
2024-09-16 20:55:39,BTCUSD_PERP,bid,57900,743.14
2024-09-16 20:56:40,BTCUSD_PERP,bid,57900,1028.18
2024-09-16 20:56:40,BTCUSD_PERP,bid,57900,1085.5
2024-09-16 20:56:43,BTCUSD_PERP,bid,57900,742.74
2024-09-16 20:56:43,BTCUSD_PERP,bid,57900,571.46
2024-09-16 20:56:44,BTCUSD_PERP,bid,57900,571.76
2024-09-16 20:56:44,BTCUSD_PERP,bid,57900,629.12
2024-09-16 20:56:44,BTCUSD_PERP,bid,57900,743.25
2024-09-16 20:56:45,BTCUSD_PERP,bid,57900,800.61
2024-09-16 20:56:46,BTCUSD_PERP,bid,57900,685.99
2024-09-16 20:56:46,BTCUSD_PERP,bid,57900,628.63
2024-09-16 20:56:46,BTCUSD_PERP,bid,57900,571.85
2024-09-16 20:58:03,BTCUSD_PERP,bid,57900,686.32
2024-09-16 20:58:03,BTCUSD_PERP,bid,57900,800.51
2024-09-16 20:58:14,BTCUSD_PERP,bid,57900,743.12
2024-09-16 20:58:14,BTCUSD_PERP,bid,57900,686.32
2024-09-16 20:58:15,BTCUSD_PERP,bid,57900,742.65
2024-09-16 20:58:15,BTCUSD_PERP,bid,57900,800.0
2024-09-16 20:59:24,BTCUSD_PERP,bid,57900,742.65
2024-09-16 20:59:25,BTCUSD_PERP,bid,57900,628.53
2024-09-16 20:59:25,BTCUSD_PERP,bid,57900,571.18
2024-09-16 20:59:25,BTCUSD_PERP,bid,57900,572.14
2024-09-16 20:59:25,BTCUSD_PERP,bid,57900,628.94
2024-09-16 20:59:25,BTCUSD_PERP,bid,57900,685.74
2024-09-16 20:59:26,BTCUSD_PERP,bid,57900,743.13
2024-09-16 20:59:26,BTCUSD_PERP,bid,57900,857.32
2024-09-16 20:59:52,BTCUSD_PERP,bid,57900,800.52
2024-09-16 20:59:52,BTCUSD_PERP,bid,57900,685.74
2024-09-16 20:59:53,BTCUSD_PERP,bid,57900,571.55
2024-09-16 20:59:53,BTCUSD_PERP,bid,58000,572.44
2024-09-16 20:59:53,BTCUSD_PERP,bid,58000,686.69
2024-09-16 20:59:53,BTCUSD_PERP,bid,58000,800.94
2024-09-16 20:59:54,BTCUSD_PERP,bid,58000,858.36
2024-09-16 20:59:54,BTCUSD_PERP,bid,58000,915.19
2024-09-16 20:59:54,BTCUSD_PERP,bid,58000,972.03
2024-09-16 21:00:05,BTCUSD_PERP,bid,58000,915.2
2024-09-16 21:00:05,BTCUSD_PERP,bid,57900,570.97
2024-09-16 21:00:29,BTCUSD_PERP,bid,58000,572.75
2024-09-16 21:00:30,BTCUSD_PERP,bid,58000,630.2
2024-09-16 21:00:30,BTCUSD_PERP,bid,58000,687.65
2024-09-16 21:00:30,BTCUSD_PERP,bid,58000,801.38
2024-09-16 21:00:50,BTCUSD_PERP,bid,58000,687.06
2024-09-16 21:00:51,BTCUSD_PERP,bid,58000,629.61
2024-09-16 21:00:51,BTCUSD_PERP,bid,58000,571.85
2024-09-16 21:00:51,BTCUSD_PERP,bid,58000,629.27
2024-09-16 21:00:51,BTCUSD_PERP,bid,58000,686.69
2024-09-16 21:00:52,BTCUSD_PERP,bid,58000,800.95
2024-09-16 21:00:52,BTCUSD_PERP,bid,58000,857.78
2024-09-16 21:00:52,BTCUSD_PERP,bid,58000,914.61
2024-09-16 21:00:57,BTCUSD_PERP,bid,58000,800.94
2024-09-16 21:00:57,BTCUSD_PERP,bid,57900,571.49
2024-09-16 21:02:14,BTCUSD_PERP,bid,57900,570.18
2024-09-16 21:02:14,BTCUSD_PERP,bid,57900,627.5
2024-09-16 09:12:54,BTCUSD_PERP,bid,57800,583.25
2024-09-16 09:12:55,BTCUSD_PERP,bid,57800,640.55
2024-09-16 09:13:03,BTCUSD_PERP,bid,57800,626.82
2024-09-16 09:13:43,BTCUSD_PERP,bid,57800,684.21
2024-09-16 09:15:03,BTCUSD_PERP,bid,57800,571.83
2024-09-16 09:15:03,BTCUSD_PERP,bid,57800,629.14
2024-09-16 09:15:23,BTCUSD_PERP,bid,57800,571.83
2024-09-16 09:15:23,BTCUSD_PERP,bid,57800,802.45
2024-09-16 09:15:23,BTCUSD_PERP,bid,57800,859.72
2024-09-16 09:16:20,BTCUSD_PERP,bid,57800,856.08
2024-09-16 09:16:34,BTCUSD_PERP,bid,57800,798.81
2024-09-16 09:17:14,BTCUSD_PERP,bid,57800,570.64
2024-09-16 09:18:42,BTCUSD_PERP,bid,57800,627.42
2024-09-16 09:18:42,BTCUSD_PERP,bid,57800,740.77
2024-09-16 09:18:43,BTCUSD_PERP,bid,57800,797.45
2024-09-16 09:18:43,BTCUSD_PERP,bid,57800,854.71
2024-09-16 09:18:43,BTCUSD_PERP,bid,57800,911.97
2024-09-16 09:19:09,BTCUSD_PERP,bid,57800,855.3
2024-09-16 09:19:09,BTCUSD_PERP,bid,57800,741.36
2024-09-16 09:19:10,BTCUSD_PERP,bid,57800,684.69
2024-09-16 09:30:06,BTCUSD_PERP,bid,57800,571.06
2024-09-16 09:30:07,BTCUSD_PERP,bid,57800,570.75
2024-09-16 09:30:08,BTCUSD_PERP,bid,57800,570.89
2024-09-16 09:31:13,BTCUSD_PERP,bid,57800,570.44
2024-09-16 09:32:25,BTCUSD_PERP,bid,57800,571.14
2024-09-16 09:32:25,BTCUSD_PERP,bid,57800,628.43
2024-09-16 09:32:25,BTCUSD_PERP,bid,57800,742.43
2024-09-16 09:32:25,BTCUSD_PERP,bid,57800,799.72
2024-09-16 09:32:41,BTCUSD_PERP,bid,57800,742.43
2024-09-16 09:32:41,BTCUSD_PERP,bid,57800,742.04
2024-09-16 09:32:41,BTCUSD_PERP,bid,57800,799.3
2024-09-16 09:32:45,BTCUSD_PERP,bid,57800,742.63
2024-09-16 09:32:45,BTCUSD_PERP,bid,57800,685.96
2024-09-16 09:33:19,BTCUSD_PERP,bid,57800,628.7
2024-09-16 09:33:19,BTCUSD_PERP,bid,57800,571.44
2024-09-16 09:33:19,BTCUSD_PERP,bid,57800,570.48
2024-09-16 09:43:42,BTCUSD_PERP,bid,57800,628.35
2024-09-16 09:43:42,BTCUSD_PERP,bid,57800,685.63
2024-09-16 09:44:07,BTCUSD_PERP,bid,57800,628.35
2024-09-16 09:54:44,BTCUSD_PERP,bid,57700,570.84
2024-09-16 10:03:19,BTCUSD_PERP,bid,57700,569.66
2024-09-16 10:03:19,BTCUSD_PERP,bid,57700,626.86
2024-09-16 10:04:42,BTCUSD_PERP,bid,57700,626.53
2024-09-16 10:06:14,BTCUSD_PERP,bid,57700,569.36
2024-09-16 10:06:15,BTCUSD_PERP,bid,57700,626.85
2024-09-16 10:06:15,BTCUSD_PERP,bid,57700,683.47
2024-09-16 10:07:24,BTCUSD_PERP,bid,57700,626.86
2024-09-16 10:07:25,BTCUSD_PERP,bid,57800,627.18
2024-09-16 10:07:25,BTCUSD_PERP,bid,57800,683.83
2024-09-16 10:07:25,BTCUSD_PERP,bid,57800,741.06
2024-09-16 10:07:25,BTCUSD_PERP,bid,57800,797.71
2024-09-16 10:07:25,BTCUSD_PERP,bid,57800,911.58
2024-09-16 10:07:26,BTCUSD_PERP,bid,57700,556.36
2024-09-16 10:07:32,BTCUSD_PERP,bid,57800,912.79
2024-09-16 10:08:19,BTCUSD_PERP,bid,57800,855.56
2024-09-16 10:08:19,BTCUSD_PERP,bid,57700,854.49
2024-09-16 10:08:20,BTCUSD_PERP,bid,57700,556.07
2024-09-16 10:08:20,BTCUSD_PERP,bid,57700,911.1
2024-09-16 10:08:58,BTCUSD_PERP,bid,57700,911.18
2024-09-16 10:08:58,BTCUSD_PERP,bid,57600,555.77
2024-09-16 10:09:09,BTCUSD_PERP,bid,57700,739.89
2024-09-16 10:12:06,BTCUSD_PERP,bid,57700,569.75
2024-09-16 10:12:07,BTCUSD_PERP,bid,57700,626.96
2024-09-16 10:12:08,BTCUSD_PERP,bid,57700,628.17
2024-09-16 10:12:58,BTCUSD_PERP,bid,57700,571.55
2024-09-16 10:13:00,BTCUSD_PERP,bid,57800,683.94
2024-09-16 10:13:00,BTCUSD_PERP,bid,57800,741.18
2024-09-16 10:14:07,BTCUSD_PERP,bid,57800,569.99
2024-09-16 10:21:41,BTCUSD_PERP,bid,57800,627.12
2024-09-16 10:25:02,BTCUSD_PERP,bid,57800,627.48
2024-09-16 11:46:03,BTCUSD_PERP,bid,57800,570.56
2024-09-16 11:46:03,BTCUSD_PERP,bid,57800,627.85
2024-09-16 11:46:22,BTCUSD_PERP,bid,57800,627.99
2024-09-16 11:49:54,BTCUSD_PERP,bid,57800,627.85
2024-09-16 11:55:37,BTCUSD_PERP,bid,57800,684.78
2024-09-16 11:55:37,BTCUSD_PERP,bid,57800,742.04
2024-09-16 12:01:01,BTCUSD_PERP,bid,57800,570.85
2024-09-16 20:33:05,BTCUSD_PERP,bid,57800,570.76
2024-09-16 20:34:01,BTCUSD_PERP,bid,57700,626.41
2024-09-16 20:34:02,BTCUSD_PERP,bid,57700,683.58
2024-09-16 20:34:09,BTCUSD_PERP,bid,57700,626.41
2024-09-16 20:34:10,BTCUSD_PERP,bid,57700,569.24
2024-09-16 20:34:10,BTCUSD_PERP,bid,57700,626.99
2024-09-16 20:34:14,BTCUSD_PERP,bid,57700,569.78
2024-09-16 20:34:15,BTCUSD_PERP,bid,57700,570.06
2024-09-16 20:34:15,BTCUSD_PERP,bid,57700,626.66
2024-09-16 20:34:27,BTCUSD_PERP,bid,57700,569.48
2024-09-16 20:35:11,BTCUSD_PERP,bid,57600,569.33
2024-09-16 20:35:50,BTCUSD_PERP,bid,57600,685.41
2024-09-16 20:35:58,BTCUSD_PERP,bid,57600,628.94
2024-09-16 20:35:58,BTCUSD_PERP,bid,57600,572.47
2024-09-16 20:36:00,BTCUSD_PERP,bid,57600,569.74
2024-09-16 20:36:00,BTCUSD_PERP,bid,57600,626.74
2024-09-16 20:36:00,BTCUSD_PERP,bid,57600,683.83
2024-09-16 20:36:00,BTCUSD_PERP,bid,57600,797.43
2024-09-16 20:36:26,BTCUSD_PERP,bid,57600,740.34
2024-09-16 20:36:27,BTCUSD_PERP,bid,57700,567.89
2024-09-16 20:36:27,BTCUSD_PERP,bid,57700,625.02
2024-09-16 20:36:27,BTCUSD_PERP,bid,57700,795.82
2024-09-16 20:36:57,BTCUSD_PERP,bid,57600,569.26
2024-09-16 20:38:16,BTCUSD_PERP,bid,57800,569.38
2024-09-16 20:38:17,BTCUSD_PERP,bid,57800,626.61
2024-09-16 20:38:27,BTCUSD_PERP,bid,57800,569.38
2024-09-16 20:38:27,BTCUSD_PERP,bid,57800,628.01
2024-09-16 20:38:27,BTCUSD_PERP,bid,57800,684.68
2024-09-16 20:38:27,BTCUSD_PERP,bid,57800,741.36
2024-09-16 20:38:27,BTCUSD_PERP,bid,57800,912.56
2024-09-16 20:38:27,BTCUSD_PERP,bid,57800,969.23
2024-09-16 20:38:28,BTCUSD_PERP,bid,57800,1026.49
2024-09-16 20:38:44,BTCUSD_PERP,bid,57800,969.23
2024-09-16 20:38:48,BTCUSD_PERP,bid,57700,854.24
2024-09-16 20:38:48,BTCUSD_PERP,bid,57700,1026.43
2024-09-16 20:38:49,BTCUSD_PERP,bid,57700,1083.62
2024-09-16 20:38:52,BTCUSD_PERP,bid,57700,855.45
2024-09-16 20:38:52,BTCUSD_PERP,bid,57700,798.26
2024-09-16 20:38:52,BTCUSD_PERP,bid,57700,683.88
2024-09-16 20:38:52,BTCUSD_PERP,bid,57700,570.08
2024-09-16 20:38:52,BTCUSD_PERP,bid,57800,570.94
2024-09-16 20:38:52,BTCUSD_PERP,bid,57800,742.02
2024-09-16 20:38:53,BTCUSD_PERP,bid,57800,799.24
2024-09-16 20:38:53,BTCUSD_PERP,bid,57800,855.88
2024-09-16 20:40:04,BTCUSD_PERP,bid,57800,742.12
2024-09-16 20:40:04,BTCUSD_PERP,bid,57700,627.84
2024-09-16 20:40:04,BTCUSD_PERP,bid,57700,684.45
2024-09-16 20:40:04,BTCUSD_PERP,bid,57700,741.64
2024-09-16 20:40:53,BTCUSD_PERP,bid,57700,741.24
2024-09-16 20:40:53,BTCUSD_PERP,bid,57700,797.82
2024-09-16 20:40:53,BTCUSD_PERP,bid,57700,854.98
2024-09-16 20:41:02,BTCUSD_PERP,bid,57700,683.5
2024-09-16 20:41:02,BTCUSD_PERP,bid,57700,854.51
2024-09-16 20:41:02,BTCUSD_PERP,bid,57700,911.64
2024-09-16 20:41:30,BTCUSD_PERP,bid,57700,854.51
2024-09-16 20:41:30,BTCUSD_PERP,bid,57600,796.17
2024-09-16 20:41:30,BTCUSD_PERP,bid,57600,853.25
2024-09-16 20:41:57,BTCUSD_PERP,bid,57600,739.09
2024-09-16 20:41:57,BTCUSD_PERP,bid,57600,682.01
2024-09-16 20:41:57,BTCUSD_PERP,bid,57600,625.5
2024-09-16 20:41:57,BTCUSD_PERP,bid,57600,568.99
2024-09-16 20:41:58,BTCUSD_PERP,bid,57700,625.41
2024-09-16 20:41:58,BTCUSD_PERP,bid,57700,739.67
2024-09-16 20:41:59,BTCUSD_PERP,bid,57700,796.8
2024-09-16 20:43:13,BTCUSD_PERP,bid,57700,568.96
2024-09-16 20:43:13,BTCUSD_PERP,bid,57600,796.39
2024-09-16 20:43:14,BTCUSD_PERP,bid,57600,853.49
2024-09-16 20:44:27,BTCUSD_PERP,bid,57600,796.39
2024-09-16 20:44:27,BTCUSD_PERP,bid,57600,740.06
2024-09-16 20:44:27,BTCUSD_PERP,bid,57600,853.03
2024-09-16 20:44:27,BTCUSD_PERP,bid,57600,910.1
2024-09-16 20:44:54,BTCUSD_PERP,bid,57600,739.47
2024-09-16 20:44:54,BTCUSD_PERP,bid,57600,568.57
2024-09-16 20:45:16,BTCUSD_PERP,bid,57600,567.29
2024-09-16 20:45:35,BTCUSD_PERP,bid,57600,567.39
2024-09-16 20:45:35,BTCUSD_PERP,bid,57600,680.76
2024-09-16 20:45:41,BTCUSD_PERP,bid,57600,624.32
2024-09-16 20:45:41,BTCUSD_PERP,bid,57600,567.29
2024-09-16 20:46:17,BTCUSD_PERP,bid,57600,682.17
2024-09-16 20:49:03,BTCUSD_PERP,bid,57700,569.45
2024-09-16 20:49:03,BTCUSD_PERP,bid,57700,626.64
2024-09-16 20:49:03,BTCUSD_PERP,bid,57700,684.44
2024-09-16 20:49:04,BTCUSD_PERP,bid,57700,741.05
2024-09-16 20:49:36,BTCUSD_PERP,bid,57700,683.86
2024-09-16 20:49:36,BTCUSD_PERP,bid,57700,626.67
2024-09-16 20:49:37,BTCUSD_PERP,bid,57700,570.07
2024-09-16 20:50:12,BTCUSD_PERP,bid,57700,569.07
2024-09-16 20:51:47,BTCUSD_PERP,bid,57800,626.93
2024-09-16 20:51:47,BTCUSD_PERP,bid,57800,684.19
2024-09-16 20:51:47,BTCUSD_PERP,bid,57800,740.87
2024-09-16 20:51:48,BTCUSD_PERP,bid,57800,797.55
2024-09-16 20:51:48,BTCUSD_PERP,bid,57800,854.81
2024-09-16 20:52:48,BTCUSD_PERP,bid,57800,798.14
2024-09-16 20:52:49,BTCUSD_PERP,bid,57800,740.88
2024-09-16 20:52:49,BTCUSD_PERP,bid,57800,626.94
2024-09-16 20:52:49,BTCUSD_PERP,bid,57800,569.68
2024-09-16 20:53:46,BTCUSD_PERP,bid,57800,570.1
2024-09-16 21:02:28,BTCUSD_PERP,bid,57800,855.66
2024-09-16 21:02:28,BTCUSD_PERP,bid,57800,912.36
2024-09-16 21:02:28,BTCUSD_PERP,bid,57800,969.64
2024-09-16 21:02:40,BTCUSD_PERP,bid,57800,856.22
2024-09-16 21:02:40,BTCUSD_PERP,bid,57800,798.94
2024-09-16 21:02:41,BTCUSD_PERP,bid,57800,741.66
2024-09-16 21:02:41,BTCUSD_PERP,bid,57800,684.96
2024-09-16 21:02:41,BTCUSD_PERP,bid,57800,627.68
2024-09-16 21:02:41,BTCUSD_PERP,bid,57800,570.27
2024-09-16 21:02:41,BTCUSD_PERP,bid,57800,626.95
2024-09-16 21:02:42,BTCUSD_PERP,bid,57800,683.62
2024-09-16 21:02:42,BTCUSD_PERP,bid,57800,740.88
2024-09-16 21:02:42,BTCUSD_PERP,bid,57800,797.55
2024-09-16 21:02:42,BTCUSD_PERP,bid,57800,854.81
2024-09-16 21:02:46,BTCUSD_PERP,bid,57800,740.29
2024-09-16 21:02:46,BTCUSD_PERP,bid,57800,854.71
2024-09-16 21:03:08,BTCUSD_PERP,bid,57800,797.42
2024-09-16 21:04:07,BTCUSD_PERP,bid,57800,569.96
2024-09-16 21:04:07,BTCUSD_PERP,bid,57800,626.62
2024-09-16 21:04:08,BTCUSD_PERP,bid,57800,683.27
2024-09-16 21:04:08,BTCUSD_PERP,bid,57800,740.51
2024-09-16 21:05:33,BTCUSD_PERP,bid,57800,683.86
2024-09-16 21:05:33,BTCUSD_PERP,bid,57800,626.62
2024-09-16 21:05:33,BTCUSD_PERP,bid,57700,626.87
2024-09-16 21:05:34,BTCUSD_PERP,bid,57700,740.12
2024-09-16 21:05:45,BTCUSD_PERP,bid,57700,625.7
2024-09-16 21:05:45,BTCUSD_PERP,bid,57800,570.69
2024-09-16 21:05:45,BTCUSD_PERP,bid,57800,627.35
2024-09-16 21:06:20,BTCUSD_PERP,bid,57700,570.26
2024-09-16 21:06:20,BTCUSD_PERP,bid,57700,626.88
2024-09-16 21:06:23,BTCUSD_PERP,bid,57700,569.67
2024-09-16 21:06:23,BTCUSD_PERP,bid,57700,626.55
2024-09-16 21:06:39,BTCUSD_PERP,bid,57700,569.96
2024-09-16 21:07:17,BTCUSD_PERP,bid,57700,569.08
2024-09-16 21:08:17,BTCUSD_PERP,bid,57700,569.68
2024-09-16 21:09:18,BTCUSD_PERP,bid,57700,569.37
2024-09-16 21:09:28,BTCUSD_PERP,bid,57700,682.7
2024-09-16 21:10:34,BTCUSD_PERP,bid,57700,626.13
2024-09-16 21:10:34,BTCUSD_PERP,bid,57700,568.99
2024-09-16 21:10:43,BTCUSD_PERP,bid,57700,569.07
2024-09-16 21:10:43,BTCUSD_PERP,bid,57700,626.28
2024-09-16 21:10:43,BTCUSD_PERP,bid,57700,682.91
2024-09-16 21:11:11,BTCUSD_PERP,bid,57700,569.08
2024-09-16 21:20:56,BTCUSD_PERP,bid,57600,566.89
2024-09-16 21:22:28,BTCUSD_PERP,bid,57700,570.04
2024-09-16 21:22:28,BTCUSD_PERP,bid,57700,741.4
2024-09-16 21:22:28,BTCUSD_PERP,bid,57700,797.94
2024-09-16 21:22:32,BTCUSD_PERP,bid,57700,741.4
2024-09-16 21:22:33,BTCUSD_PERP,bid,57700,684.28
2024-09-16 21:22:33,BTCUSD_PERP,bid,57700,570.04
2024-09-16 21:23:10,BTCUSD_PERP,bid,57600,738.89
2024-09-16 21:23:47,BTCUSD_PERP,bid,57600,682.4
2024-09-16 21:23:47,BTCUSD_PERP,bid,57600,568.84
2024-09-16 21:23:48,BTCUSD_PERP,bid,57600,568.08
2024-09-16 21:23:48,BTCUSD_PERP,bid,57600,624.53
2024-09-16 21:24:12,BTCUSD_PERP,bid,57600,568.07
2024-09-16 21:24:17,BTCUSD_PERP,bid,57600,965.64
2024-09-16 21:24:18,BTCUSD_PERP,bid,57600,1022.58
2024-09-16 21:25:19,BTCUSD_PERP,bid,57600,909.18
2024-09-16 21:25:19,BTCUSD_PERP,bid,57600,738.64
2024-09-16 21:25:19,BTCUSD_PERP,bid,57600,682.18
2024-09-16 21:25:19,BTCUSD_PERP,bid,57600,568.1
2024-09-16 21:25:19,BTCUSD_PERP,bid,57600,625.93
2024-09-16 21:25:19,BTCUSD_PERP,bid,57600,797.14
2024-09-16 21:25:20,BTCUSD_PERP,bid,57600,853.62
2024-09-16 21:25:20,BTCUSD_PERP,bid,57600,966.59
2024-09-16 21:25:20,BTCUSD_PERP,bid,57600,1023.66
2024-09-16 21:26:11,BTCUSD_PERP,bid,57600,965.96
2024-09-16 21:26:11,BTCUSD_PERP,bid,57600,1022.99
2024-09-16 21:26:26,BTCUSD_PERP,bid,57600,909.51
2024-09-16 21:26:26,BTCUSD_PERP,bid,57600,852.48
2024-09-16 20:44:56,BTCUSD_PERP,bid,57500,852.23
2024-09-16 20:45:05,BTCUSD_PERP,bid,57500,681.2
2024-09-16 20:45:05,BTCUSD_PERP,bid,57500,571.29
2024-09-16 20:45:05,BTCUSD_PERP,bid,57500,684.67
2024-09-16 20:45:05,BTCUSD_PERP,bid,57500,628.27
2024-09-16 20:45:11,BTCUSD_PERP,bid,57500,623.4
2024-09-16 20:45:15,BTCUSD_PERP,bid,57500,566.98
2024-09-16 20:45:20,BTCUSD_PERP,bid,57500,623.99
2024-09-16 20:45:21,BTCUSD_PERP,bid,57500,680.99
2024-09-16 20:45:21,BTCUSD_PERP,bid,57500,737.4
2024-09-16 20:45:33,BTCUSD_PERP,bid,57500,680.4
2024-09-16 20:45:34,BTCUSD_PERP,bid,57500,623.98
2024-09-16 20:45:34,BTCUSD_PERP,bid,57500,566.98
2024-09-16 21:24:12,BTCUSD_PERP,bid,57500,747.23
2024-09-16 21:24:12,BTCUSD_PERP,bid,57500,861.25
2024-09-16 21:27:39,BTCUSD_PERP,bid,57500,795.13
2024-09-16 21:27:39,BTCUSD_PERP,bid,57500,852.13
2024-09-16 21:28:59,BTCUSD_PERP,bid,57500,624.71
2024-09-16 21:28:59,BTCUSD_PERP,bid,57500,567.22
2024-09-17 00:56:57,BTCUSD_PERP,bid,58100,518.12
2024-09-17 00:56:59,BTCUSD_PERP,bid,58100,518.12
2024-09-17 00:57:07,BTCUSD_PERP,bid,58100,517.29
2024-09-17 00:57:16,BTCUSD_PERP,bid,57700,573.31
2024-09-17 00:57:32,BTCUSD_PERP,bid,57700,683.11
2024-09-17 00:57:43,BTCUSD_PERP,bid,57700,626.56
2024-09-17 00:57:43,BTCUSD_PERP,bid,57700,569.43
2024-09-17 00:57:44,BTCUSD_PERP,bid,57700,569.84
2024-09-17 00:57:45,BTCUSD_PERP,bid,57700,683.47
2024-09-17 00:58:25,BTCUSD_PERP,bid,57700,683.11
2024-09-17 00:55:37,BTCUSD_PERP,bid,57600,625.54
2024-09-17 00:55:44,BTCUSD_PERP,bid,57600,568.18
2024-09-17 00:57:05,BTCUSD_PERP,bid,57600,569.23
2024-09-17 00:57:06,BTCUSD_PERP,bid,57600,626.23
2024-09-17 00:57:06,BTCUSD_PERP,bid,57600,683.33
2024-09-17 00:57:06,BTCUSD_PERP,bid,57600,740.43
2024-09-17 00:57:15,BTCUSD_PERP,bid,57600,683.33
2024-09-17 00:57:16,BTCUSD_PERP,bid,57600,569.72
2024-09-17 01:00:37,BTCUSD_PERP,bid,57600,625.36
2024-09-17 01:00:37,BTCUSD_PERP,bid,57600,681.84
2024-09-17 01:00:49,BTCUSD_PERP,bid,57600,568.53
2024-09-17 01:02:42,BTCUSD_PERP,bid,57600,567.5
2024-09-17 03:12:35,BTCUSD_PERP,bid,57600,569.0
2024-09-17 03:12:58,BTCUSD_PERP,bid,57600,682.15
2024-09-17 03:13:05,BTCUSD_PERP,bid,57600,625.1
2024-09-17 03:13:05,BTCUSD_PERP,bid,57600,568.05
2024-09-17 03:13:29,BTCUSD_PERP,bid,57600,569.22
2024-09-17 03:13:29,BTCUSD_PERP,bid,57600,625.68
2024-09-17 03:13:29,BTCUSD_PERP,bid,57600,682.73
2024-09-17 03:13:38,BTCUSD_PERP,bid,57600,626.27
2024-09-17 03:13:38,BTCUSD_PERP,bid,57600,569.32
2024-09-17 03:13:39,BTCUSD_PERP,bid,57600,544.68
2024-09-17 03:13:39,BTCUSD_PERP,bid,57600,715.33
2024-09-17 03:13:39,BTCUSD_PERP,bid,57600,772.41
2024-09-17 03:13:39,BTCUSD_PERP,bid,57600,829.49
2024-09-17 03:15:32,BTCUSD_PERP,bid,57600,715.92
2024-09-17 03:15:32,BTCUSD_PERP,bid,57600,659.43
2024-09-17 03:15:32,BTCUSD_PERP,bid,57600,602.35
2024-09-17 03:15:32,BTCUSD_PERP,bid,57600,545.85
2024-09-17 03:15:33,BTCUSD_PERP,bid,57600,625.62
2024-09-17 03:22:24,BTCUSD_PERP,bid,57600,624.22
2024-09-17 03:22:24,BTCUSD_PERP,bid,57600,681.24
2024-09-17 03:23:56,BTCUSD_PERP,bid,57600,567.2
