2024-09-09 05:05:19,BTCUSDT,ask,54500,648.968
2024-09-09 05:05:19,BTCUSDT,ask,54500,645.682
2024-09-09 05:05:20,BTCUSDT,ask,54500,645.712
2024-09-09 05:05:20,BTCUSDT,ask,54500,645.528
2024-09-09 05:05:20,BTCUSDT,ask,54500,646.253
2024-09-09 05:05:22,BTCUSDT,ask,54500,646.333
2024-09-09 05:05:22,BTCUSDT,ask,54500,646.253
2024-09-09 05:05:34,BTCUSDT,ask,54500,646.255
2024-09-09 05:05:36,BTCUSDT,ask,54500,646.313
2024-09-09 05:05:48,BTCUSDT,ask,54500,646.277
2024-09-09 05:05:49,BTCUSDT,ask,54500,646.314
2024-09-09 05:05:49,BTCUSDT,ask,54500,646.321
2024-09-09 05:05:53,BTCUSDT,ask,54500,646.314
2024-09-09 05:05:55,BTCUSDT,ask,54500,646.277
2024-09-09 05:06:01,BTCUSDT,ask,54500,646.268
2024-09-09 05:06:31,BTCUSDT,ask,54500,646.206
2024-09-09 05:06:33,BTCUSDT,ask,54500,653.825
2024-09-09 05:06:48,BTCUSDT,ask,54500,646.476
2024-09-09 05:07:07,BTCUSDT,ask,54500,646.438
2024-09-09 05:07:08,BTCUSDT,ask,54500,646.483
2024-09-09 05:07:37,BTCUSDT,ask,54500,651.483
2024-09-09 05:09:04,BTCUSDT,ask,54500,651.5
2024-09-09 05:09:30,BTCUSDT,ask,54500,651.692
2024-09-08 22:23:26,BTCUSDT,ask,54800,892.189
2024-09-08 22:23:27,BTCUSDT,ask,54800,892.135
2024-09-08 22:23:39,BTCUSDT,ask,54800,892.142
2024-09-08 22:24:01,BTCUSDT,ask,54800,892.143
2024-09-08 22:24:46,BTCUSDT,ask,54800,934.936
2024-09-08 22:25:11,BTCUSDT,ask,54800,935.036
2024-09-08 22:25:53,BTCUSDT,ask,54800,934.949
2024-09-08 22:25:59,BTCUSDT,ask,54800,934.22
2024-09-08 22:26:38,BTCUSDT,ask,54800,934.32
2024-09-08 22:26:56,BTCUSDT,ask,54800,934.22
2024-09-08 22:27:00,BTCUSDT,ask,54800,934.238
2024-09-08 22:27:08,BTCUSDT,ask,54800,934.235
2024-09-08 22:27:31,BTCUSDT,ask,54800,934.215
2024-09-08 22:27:55,BTCUSDT,ask,54800,934.211
2024-09-08 22:28:42,BTCUSDT,ask,54800,933.582
2024-09-08 22:29:17,BTCUSDT,ask,54800,932.214
2024-09-08 22:29:51,BTCUSDT,ask,54800,932.224
2024-09-08 22:29:54,BTCUSDT,ask,54800,932.221
2024-09-08 22:30:18,BTCUSDT,ask,54800,931.911
2024-09-08 22:31:00,BTCUSDT,ask,54800,931.908
2024-09-08 22:31:07,BTCUSDT,ask,54800,931.898
2024-09-08 22:31:30,BTCUSDT,ask,54800,931.895
2024-09-08 22:32:41,BTCUSDT,ask,54800,931.868
2024-09-08 22:33:31,BTCUSDT,ask,54800,932.075
2024-09-08 22:33:55,BTCUSDT,ask,54800,932.056
2024-09-08 22:34:07,BTCUSDT,ask,54800,932.238
2024-09-08 22:34:20,BTCUSDT,ask,54800,932.056
2024-09-08 22:34:40,BTCUSDT,ask,54800,932.238
2024-09-08 22:34:41,BTCUSDT,ask,54800,932.236
2024-09-08 22:35:04,BTCUSDT,ask,54800,932.387
2024-09-08 22:35:26,BTCUSDT,ask,54900,817.803
2024-09-08 22:35:50,BTCUSDT,ask,54900,817.803
2024-09-08 22:36:56,BTCUSDT,ask,54900,817.775
2024-09-08 22:37:13,BTCUSDT,ask,54900,817.773
2024-09-08 22:41:00,BTCUSDT,ask,54900,817.771
2024-09-08 22:42:57,BTCUSDT,ask,54900,817.762
2024-09-08 22:43:27,BTCUSDT,ask,54900,817.761
2024-09-08 22:45:21,BTCUSDT,ask,54900,817.786
2024-09-08 22:46:12,BTCUSDT,ask,54900,818.859
2024-09-08 22:46:13,BTCUSDT,ask,54900,819.932
2024-09-08 22:46:42,BTCUSDT,ask,54900,818.859
2024-09-08 22:46:43,BTCUSDT,ask,54900,817.786
2024-09-08 22:47:32,BTCUSDT,ask,54900,817.765
2024-09-08 22:48:51,BTCUSDT,ask,54900,817.783
2024-09-08 22:49:27,BTCUSDT,ask,54900,816.727
2024-09-08 22:49:36,BTCUSDT,ask,54900,816.717
2024-09-08 22:50:53,BTCUSDT,ask,54900,816.817
2024-09-08 22:51:31,BTCUSDT,ask,54900,816.844
2024-09-08 22:52:20,BTCUSDT,ask,54900,816.832
2024-09-08 22:52:36,BTCUSDT,ask,54900,816.841
2024-09-08 22:53:27,BTCUSDT,ask,54900,816.859
2024-09-08 22:53:30,BTCUSDT,ask,54900,816.855
2024-09-08 22:53:36,BTCUSDT,ask,54900,816.846
2024-09-08 22:53:48,BTCUSDT,ask,54900,816.828
2024-09-08 22:56:19,BTCUSDT,ask,54900,816.68
2024-09-08 22:56:19,BTCUSDT,ask,54900,816.678
2024-09-08 22:56:45,BTCUSDT,ask,54900,816.664
2024-09-08 22:56:51,BTCUSDT,ask,54900,815.572
2024-09-08 22:56:59,BTCUSDT,ask,54900,815.568
2024-09-08 22:57:56,BTCUSDT,ask,54900,815.564
2024-09-08 22:58:24,BTCUSDT,ask,54900,815.547
2024-09-08 22:58:44,BTCUSDT,ask,54900,815.545
2024-09-08 22:59:15,BTCUSDT,ask,54900,815.135
2024-09-08 23:00:31,BTCUSDT,ask,54900,815.133
2024-09-08 23:00:34,BTCUSDT,ask,54900,815.142
2024-09-08 23:00:42,BTCUSDT,ask,54900,815.133
2024-09-08 23:02:58,BTCUSDT,ask,54900,815.042
2024-09-08 23:05:05,BTCUSDT,ask,54900,816.495
2024-09-08 23:05:15,BTCUSDT,ask,54900,813.495
2024-09-08 23:07:53,BTCUSDT,ask,54900,813.496
2024-09-08 23:08:25,BTCUSDT,ask,54900,813.46
2024-09-08 23:08:54,BTCUSDT,ask,54900,813.462
2024-09-08 23:11:36,BTCUSDT,ask,54900,813.457
2024-09-08 23:11:46,BTCUSDT,ask,54900,813.366
2024-09-08 23:12:33,BTCUSDT,ask,54900,813.324
2024-09-08 23:12:37,BTCUSDT,ask,54900,813.05
2024-09-08 23:14:16,BTCUSDT,ask,54900,812.844
2024-09-08 23:15:47,BTCUSDT,ask,54900,812.82
2024-09-08 23:20:18,BTCUSDT,ask,54900,813.065
2024-09-08 23:22:35,BTCUSDT,ask,54900,813.085
2024-09-08 23:26:37,BTCUSDT,ask,54900,813.087
2024-09-08 23:27:02,BTCUSDT,ask,54900,812.963
2024-09-08 23:28:44,BTCUSDT,ask,54900,812.968
2024-09-08 23:30:46,BTCUSDT,ask,54900,812.972
2024-09-08 23:30:46,BTCUSDT,ask,54900,812.968
2024-09-08 23:30:47,BTCUSDT,ask,54900,812.972
2024-09-08 23:30:49,BTCUSDT,ask,54900,812.976
2024-09-08 23:30:49,BTCUSDT,ask,54900,812.98
2024-09-08 23:30:49,BTCUSDT,ask,54900,812.972
2024-09-08 23:30:49,BTCUSDT,ask,54900,812.968
2024-09-08 23:30:50,BTCUSDT,ask,54900,812.972
2024-09-08 23:30:51,BTCUSDT,ask,54900,812.968
2024-09-08 23:32:10,BTCUSDT,ask,54900,812.966
2024-09-08 23:34:05,BTCUSDT,ask,54900,812.952
2024-09-08 23:34:19,BTCUSDT,ask,54900,812.979
2024-09-08 23:34:31,BTCUSDT,ask,54900,812.679
2024-09-08 23:36:27,BTCUSDT,ask,54900,812.659
2024-09-08 23:36:50,BTCUSDT,ask,54900,812.686
2024-09-08 23:37:26,BTCUSDT,ask,54900,813.686
2024-09-08 23:39:48,BTCUSDT,ask,54900,813.696
2024-09-08 23:40:19,BTCUSDT,ask,54900,813.882
2024-09-08 23:42:29,BTCUSDT,ask,54900,813.828
2024-09-08 23:42:53,BTCUSDT,ask,54900,813.848
2024-09-08 23:42:55,BTCUSDT,ask,54900,813.828
2024-09-08 23:48:33,BTCUSDT,ask,54900,813.642
2024-09-08 23:50:07,BTCUSDT,ask,54900,815.642
2024-09-08 23:50:15,BTCUSDT,ask,54900,815.663
2024-09-08 23:51:38,BTCUSDT,ask,54900,815.66
2024-09-08 23:51:38,BTCUSDT,ask,54900,815.46
2024-09-08 23:53:36,BTCUSDT,ask,54900,814.46
2024-09-08 23:55:31,BTCUSDT,ask,54900,814.454
2024-09-09 00:04:50,BTCUSDT,ask,54900,814.616
2024-09-09 00:05:10,BTCUSDT,ask,54900,815.016
2024-09-09 00:05:19,BTCUSDT,ask,54900,814.616
2024-09-09 00:06:09,BTCUSDT,ask,54900,814.615
2024-09-09 00:07:41,BTCUSDT,ask,54900,814.628
2024-09-09 00:08:08,BTCUSDT,ask,54900,814.653
2024-09-09 00:09:41,BTCUSDT,ask,54900,814.64
2024-09-09 00:09:51,BTCUSDT,ask,54900,815.713
2024-09-09 00:09:52,BTCUSDT,ask,54900,816.786
2024-09-09 00:09:52,BTCUSDT,ask,54900,817.859
2024-09-09 00:10:21,BTCUSDT,ask,54900,816.786
2024-09-09 00:10:22,BTCUSDT,ask,54900,815.713
2024-09-09 00:10:23,BTCUSDT,ask,54900,814.64
2024-09-09 00:13:48,BTCUSDT,ask,54900,814.642
2024-09-09 00:14:16,BTCUSDT,ask,54900,814.742
2024-09-09 00:15:10,BTCUSDT,ask,54900,815.242
2024-09-09 00:16:49,BTCUSDT,ask,54900,815.042
2024-09-09 00:16:59,BTCUSDT,ask,54900,817.248
2024-09-09 00:17:40,BTCUSDT,ask,54900,817.262
2024-09-09 00:17:42,BTCUSDT,ask,54900,815.056
2024-09-09 00:17:55,BTCUSDT,ask,54900,815.059
2024-09-09 00:18:33,BTCUSDT,ask,54900,816.042
2024-09-09 00:20:51,BTCUSDT,ask,54900,815.942
2024-09-09 00:20:56,BTCUSDT,ask,54900,815.945
2024-09-09 00:21:10,BTCUSDT,ask,54900,815.445
2024-09-09 00:22:08,BTCUSDT,ask,54900,815.491
2024-09-09 00:24:08,BTCUSDT,ask,54900,815.493
2024-09-09 00:24:08,BTCUSDT,ask,54900,815.495
2024-09-09 00:25:22,BTCUSDT,ask,54900,815.53
2024-09-09 00:25:40,BTCUSDT,ask,54900,815.539
2024-09-09 00:26:04,BTCUSDT,ask,54900,815.537
2024-09-09 00:27:44,BTCUSDT,ask,54900,815.54
2024-09-09 00:29:56,BTCUSDT,ask,54900,815.528
2024-09-09 00:30:26,BTCUSDT,ask,54900,815.512
2024-09-09 00:30:56,BTCUSDT,ask,54900,815.494
2024-09-09 00:31:38,BTCUSDT,ask,54900,815.497
2024-09-09 00:32:31,BTCUSDT,ask,54900,815.502
2024-09-09 00:32:54,BTCUSDT,ask,54900,815.602
2024-09-09 00:33:39,BTCUSDT,ask,54900,815.599
2024-09-09 00:34:07,BTCUSDT,ask,54900,815.695
2024-09-09 00:36:01,BTCUSDT,ask,54900,815.688
2024-09-09 00:36:03,BTCUSDT,ask,54900,816.416
2024-09-09 00:36:13,BTCUSDT,ask,54900,816.316
2024-09-09 00:37:23,BTCUSDT,ask,54900,818.379
2024-09-09 00:37:46,BTCUSDT,ask,54900,818.391
2024-09-09 00:38:16,BTCUSDT,ask,54900,818.388
2024-09-09 00:39:17,BTCUSDT,ask,54900,818.411
2024-09-09 00:40:14,BTCUSDT,ask,54900,817.685
2024-09-09 00:40:50,BTCUSDT,ask,54900,817.74
2024-09-09 00:40:55,BTCUSDT,ask,54900,817.922
2024-09-09 00:41:04,BTCUSDT,ask,54900,817.927
2024-09-09 00:41:13,BTCUSDT,ask,54900,817.925
2024-09-09 00:41:22,BTCUSDT,ask,54900,817.897
2024-09-09 00:41:35,BTCUSDT,ask,54900,817.913
2024-09-09 00:42:06,BTCUSDT,ask,54900,818.193
2024-09-09 00:42:11,BTCUSDT,ask,54900,818.17
2024-09-09 00:42:43,BTCUSDT,ask,54900,818.22
2024-09-09 00:43:17,BTCUSDT,ask,54900,818.218
2024-09-09 00:45:00,BTCUSDT,ask,54900,818.272
2024-09-09 00:45:29,BTCUSDT,ask,54900,818.288
2024-09-09 00:46:33,BTCUSDT,ask,54900,818.3
2024-09-09 00:47:30,BTCUSDT,ask,54900,818.677
2024-09-09 00:48:40,BTCUSDT,ask,54900,818.857
2024-09-09 00:48:41,BTCUSDT,ask,54900,818.478
2024-09-09 00:48:59,BTCUSDT,ask,54900,818.488
2024-09-09 00:51:10,BTCUSDT,ask,54900,818.317
2024-09-09 00:51:13,BTCUSDT,ask,54900,818.308
2024-09-09 00:51:28,BTCUSDT,ask,54900,818.281
2024-09-09 00:52:35,BTCUSDT,ask,54900,821.392
2024-09-09 00:52:37,BTCUSDT,ask,54900,821.41
2024-09-09 00:52:53,BTCUSDT,ask,54900,821.774
2024-09-09 00:54:20,BTCUSDT,ask,54900,821.75
2024-09-09 00:54:29,BTCUSDT,ask,54900,821.47
2024-09-09 00:55:37,BTCUSDT,ask,54900,821.452
2024-09-09 00:56:01,BTCUSDT,ask,54900,822.003
2024-09-09 00:56:02,BTCUSDT,ask,54900,822.406
2024-09-09 00:56:03,BTCUSDT,ask,54900,821.855
2024-09-09 00:56:23,BTCUSDT,ask,54900,820.573
2024-09-09 00:57:06,BTCUSDT,ask,54900,820.598
2024-09-09 00:57:18,BTCUSDT,ask,54900,820.825
2024-09-09 00:57:29,BTCUSDT,ask,54900,820.829
2024-09-09 00:57:34,BTCUSDT,ask,54900,820.833
2024-09-09 00:57:49,BTCUSDT,ask,54900,821.201
2024-09-09 00:58:13,BTCUSDT,ask,54900,821.243
2024-09-09 00:58:15,BTCUSDT,ask,54900,821.319
2024-09-09 00:58:15,BTCUSDT,ask,54900,821.327
2024-09-09 00:58:29,BTCUSDT,ask,54900,821.329
2024-09-09 00:58:36,BTCUSDT,ask,54900,821.253
2024-09-09 00:59:31,BTCUSDT,ask,54900,819.352
2024-09-09 00:59:51,BTCUSDT,ask,54900,818.988
2024-09-09 00:59:53,BTCUSDT,ask,54900,818.986
2024-09-09 01:00:16,BTCUSDT,ask,54900,818.968
2024-09-09 01:00:45,BTCUSDT,ask,54900,818.972
2024-09-09 01:00:46,BTCUSDT,ask,54900,818.765
2024-09-09 01:00:48,BTCUSDT,ask,54900,818.815
2024-09-09 01:01:48,BTCUSDT,ask,54900,818.812
2024-09-09 01:02:21,BTCUSDT,ask,54900,818.829
2024-09-09 01:03:50,BTCUSDT,ask,54900,818.825
2024-09-09 01:03:51,BTCUSDT,ask,54900,819.575
2024-09-09 01:04:54,BTCUSDT,ask,54900,821.008
2024-09-09 01:04:54,BTCUSDT,ask,54900,822.451
2024-09-09 01:04:54,BTCUSDT,ask,54900,825.337
2024-09-09 01:04:54,BTCUSDT,ask,54900,826.78
2024-09-09 01:06:10,BTCUSDT,ask,54900,826.772
2024-09-09 01:06:19,BTCUSDT,ask,54900,826.822
2024-09-09 01:07:49,BTCUSDT,ask,54900,826.732
2024-09-09 01:08:02,BTCUSDT,ask,54900,827.732
2024-09-09 01:08:41,BTCUSDT,ask,54900,827.685
2024-09-09 01:09:32,BTCUSDT,ask,54900,827.692
2024-09-09 01:09:38,BTCUSDT,ask,54900,827.698
2024-09-09 01:09:53,BTCUSDT,ask,54900,827.701
2024-09-09 01:10:40,BTCUSDT,ask,54900,827.705
2024-09-09 01:10:40,BTCUSDT,ask,54900,827.701
2024-09-09 01:11:51,BTCUSDT,ask,54900,827.697
2024-09-09 01:12:44,BTCUSDT,ask,54900,827.67
2024-09-09 01:14:44,BTCUSDT,ask,54900,827.682
2024-09-09 01:15:47,BTCUSDT,ask,54900,827.692
2024-09-09 01:16:13,BTCUSDT,ask,54900,827.701
2024-09-09 01:16:36,BTCUSDT,ask,54900,820.481
2024-09-09 01:16:39,BTCUSDT,ask,54900,820.493
2024-09-09 01:20:21,BTCUSDT,ask,54900,820.495
2024-09-09 01:20:42,BTCUSDT,ask,54900,820.474
2024-09-09 01:23:17,BTCUSDT,ask,54900,820.464
2024-09-09 01:23:30,BTCUSDT,ask,54900,820.454
2024-09-09 01:23:35,BTCUSDT,ask,54900,820.954
2024-09-09 01:24:35,BTCUSDT,ask,54900,821.054
2024-09-09 01:26:15,BTCUSDT,ask,54900,820.827
2024-09-09 01:27:16,BTCUSDT,ask,54900,820.89
2024-09-09 01:27:35,BTCUSDT,ask,54900,817.779
2024-09-09 01:29:37,BTCUSDT,ask,54900,817.279
2024-09-09 01:29:44,BTCUSDT,ask,54900,817.274
2024-09-09 01:30:43,BTCUSDT,ask,54900,817.379
2024-09-09 01:30:52,BTCUSDT,ask,54900,817.38
2024-09-09 01:31:01,BTCUSDT,ask,54900,817.383
2024-09-09 01:32:30,BTCUSDT,ask,54900,817.38
2024-09-09 01:32:46,BTCUSDT,ask,54900,817.382
2024-09-09 01:33:34,BTCUSDT,ask,54900,817.385
2024-09-09 01:35:10,BTCUSDT,ask,54900,817.387
2024-09-09 01:35:41,BTCUSDT,ask,54900,817.478
2024-09-09 01:36:08,BTCUSDT,ask,54900,817.466
2024-09-09 01:38:29,BTCUSDT,ask,54900,817.484
2024-09-09 01:39:23,BTCUSDT,ask,54900,817.513
2024-09-09 01:40:16,BTCUSDT,ask,54900,817.484
2024-09-09 01:40:39,BTCUSDT,ask,54900,817.467
2024-09-09 01:41:04,BTCUSDT,ask,54900,817.731
2024-09-09 01:41:11,BTCUSDT,ask,54900,818.641
2024-09-09 01:41:37,BTCUSDT,ask,54900,818.648
2024-09-09 01:42:20,BTCUSDT,ask,54900,818.69
2024-09-09 01:42:29,BTCUSDT,ask,54900,818.714
2024-09-09 01:43:24,BTCUSDT,ask,54900,818.716
2024-09-09 01:44:42,BTCUSDT,ask,54900,818.724
2024-09-09 01:44:53,BTCUSDT,ask,54900,818.7
2024-09-09 01:45:05,BTCUSDT,ask,54900,818.71
2024-09-09 01:45:24,BTCUSDT,ask,54900,817.8
2024-09-09 01:45:41,BTCUSDT,ask,54900,817.824
2024-09-09 01:48:32,BTCUSDT,ask,54900,817.924
2024-09-09 01:48:48,BTCUSDT,ask,54900,817.882
2024-09-09 01:48:55,BTCUSDT,ask,54900,817.946
2024-09-09 01:49:26,BTCUSDT,ask,54900,817.944
2024-09-09 01:51:00,BTCUSDT,ask,54900,817.907
2024-09-09 01:51:24,BTCUSDT,ask,54900,817.973
2024-09-09 01:51:43,BTCUSDT,ask,54900,818.038
2024-09-09 01:53:15,BTCUSDT,ask,54900,818.288
2024-09-09 01:55:39,BTCUSDT,ask,54900,818.356
2024-09-09 01:55:47,BTCUSDT,ask,54900,818.372
2024-09-09 01:56:20,BTCUSDT,ask,54900,818.376
2024-09-09 01:58:19,BTCUSDT,ask,54900,818.378
2024-09-09 01:58:57,BTCUSDT,ask,54900,818.376
2024-09-09 01:58:57,BTCUSDT,ask,54900,818.404
2024-09-09 02:01:35,BTCUSDT,ask,54900,818.402
2024-09-09 02:04:26,BTCUSDT,ask,54900,818.337
2024-09-09 02:04:51,BTCUSDT,ask,54900,818.339
2024-09-09 02:07:04,BTCUSDT,ask,54900,818.337
2024-09-09 02:07:23,BTCUSDT,ask,54900,818.335
2024-09-09 02:09:09,BTCUSDT,ask,54900,818.085
2024-09-09 02:12:38,BTCUSDT,ask,54900,818.114
2024-09-09 02:12:43,BTCUSDT,ask,54900,818.112
2024-09-09 02:15:06,BTCUSDT,ask,54900,818.003
2024-09-09 02:15:23,BTCUSDT,ask,54900,817.827
2024-09-09 02:16:25,BTCUSDT,ask,54900,818.646
2024-09-09 02:17:00,BTCUSDT,ask,54900,818.592
2024-09-09 02:17:03,BTCUSDT,ask,54900,818.328
2024-09-09 02:17:23,BTCUSDT,ask,54900,818.528
2024-09-09 02:17:33,BTCUSDT,ask,54900,818.367
2024-09-09 02:18:29,BTCUSDT,ask,54900,818.467
2024-09-09 02:18:33,BTCUSDT,ask,54900,818.469
2024-09-09 02:19:21,BTCUSDT,ask,54900,817.659
2024-09-09 02:20:02,BTCUSDT,ask,54900,817.725
2024-09-09 02:20:03,BTCUSDT,ask,54900,817.659
2024-09-09 02:20:27,BTCUSDT,ask,54900,817.677
2024-09-09 02:20:56,BTCUSDT,ask,54900,817.665
2024-09-09 02:22:35,BTCUSDT,ask,54900,817.565
2024-09-09 02:22:35,BTCUSDT,ask,54900,815.565
2024-09-09 02:22:54,BTCUSDT,ask,54900,815.555
2024-09-09 02:24:43,BTCUSDT,ask,54900,818.84
2024-09-09 02:25:28,BTCUSDT,ask,54900,818.766
2024-09-09 02:26:47,BTCUSDT,ask,54900,818.866
2024-09-09 02:26:57,BTCUSDT,ask,54900,818.616
2024-09-09 02:31:48,BTCUSDT,ask,54900,818.643
2024-09-09 02:32:06,BTCUSDT,ask,54900,818.543
2024-09-09 02:32:36,BTCUSDT,ask,54900,818.525
2024-09-09 02:34:02,BTCUSDT,ask,54900,818.523
2024-09-09 02:35:38,BTCUSDT,ask,54900,818.507
2024-09-09 02:36:58,BTCUSDT,ask,54900,818.547
2024-09-09 02:37:41,BTCUSDT,ask,54900,818.549
2024-09-09 02:45:11,BTCUSDT,ask,54900,818.483
2024-09-09 02:45:13,BTCUSDT,ask,54900,818.333
2024-09-09 02:47:05,BTCUSDT,ask,54900,818.425
2024-09-09 02:49:29,BTCUSDT,ask,54900,818.428
2024-09-09 02:54:13,BTCUSDT,ask,54900,818.339
2024-09-09 02:56:08,BTCUSDT,ask,54900,818.332
2024-09-09 02:56:30,BTCUSDT,ask,54900,818.35
2024-09-09 02:58:28,BTCUSDT,ask,54900,820.35
2024-09-09 03:00:14,BTCUSDT,ask,54900,820.336
2024-09-09 03:00:25,BTCUSDT,ask,54900,820.326
2024-09-09 03:04:24,BTCUSDT,ask,54900,820.69
2024-09-09 03:05:25,BTCUSDT,ask,54900,820.686
2024-09-09 03:07:34,BTCUSDT,ask,54900,820.748
2024-09-09 03:08:37,BTCUSDT,ask,54900,820.384
2024-09-09 03:10:52,BTCUSDT,ask,54900,820.394
2024-09-09 03:12:12,BTCUSDT,ask,54900,819.991
2024-09-09 03:13:01,BTCUSDT,ask,54900,820.34
2024-09-09 03:15:16,BTCUSDT,ask,54900,820.35
2024-09-09 03:16:13,BTCUSDT,ask,54900,820.501
2024-09-09 03:16:20,BTCUSDT,ask,54900,820.506
2024-09-09 03:16:40,BTCUSDT,ask,54900,820.531
2024-09-09 03:16:46,BTCUSDT,ask,54900,820.544
2024-09-09 03:19:28,BTCUSDT,ask,54900,820.519
2024-09-09 03:20:15,BTCUSDT,ask,54900,820.492
2024-09-09 03:20:29,BTCUSDT,ask,54900,820.685
2024-09-09 03:21:56,BTCUSDT,ask,54900,820.676
2024-09-09 03:22:35,BTCUSDT,ask,54900,824.318
2024-09-09 03:22:35,BTCUSDT,ask,54900,820.676
2024-09-09 03:25:15,BTCUSDT,ask,54900,820.652
2024-09-09 03:30:48,BTCUSDT,ask,54900,820.67
2024-09-09 03:32:00,BTCUSDT,ask,54900,820.745
2024-09-09 03:32:06,BTCUSDT,ask,54900,820.67
2024-09-09 03:33:26,BTCUSDT,ask,54900,820.628
2024-09-09 03:34:17,BTCUSDT,ask,54900,820.782
2024-09-09 03:34:50,BTCUSDT,ask,54900,820.705
2024-09-09 03:36:10,BTCUSDT,ask,54900,820.724
2024-09-09 03:36:26,BTCUSDT,ask,54900,820.767
2024-09-09 03:41:31,BTCUSDT,ask,54900,820.14
2024-09-09 03:42:15,BTCUSDT,ask,54900,820.133
2024-09-09 03:44:34,BTCUSDT,ask,54900,820.065
2024-09-09 03:53:33,BTCUSDT,ask,54900,819.315
2024-09-09 03:54:10,BTCUSDT,ask,54900,819.265
2024-09-09 03:56:00,BTCUSDT,ask,54900,819.269
2024-09-09 03:56:57,BTCUSDT,ask,54900,819.355
2024-09-09 04:02:44,BTCUSDT,ask,54900,819.365
2024-09-09 04:05:01,BTCUSDT,ask,54900,819.355
2024-09-09 04:08:09,BTCUSDT,ask,54900,819.339
2024-09-09 04:08:33,BTCUSDT,ask,54900,819.493
2024-09-09 04:08:52,BTCUSDT,ask,54900,819.635
2024-09-09 04:10:25,BTCUSDT,ask,54900,819.487
2024-09-09 04:10:30,BTCUSDT,ask,54900,819.587
2024-09-09 04:10:44,BTCUSDT,ask,54900,819.698
2024-09-09 04:11:02,BTCUSDT,ask,54900,819.708
2024-09-09 04:11:39,BTCUSDT,ask,54900,819.71
2024-09-09 04:13:06,BTCUSDT,ask,54900,817.712
2024-09-09 04:13:18,BTCUSDT,ask,54900,817.784
2024-09-09 04:14:01,BTCUSDT,ask,54900,817.966
2024-09-09 04:14:07,BTCUSDT,ask,54900,817.812
2024-09-09 04:14:08,BTCUSDT,ask,54900,817.814
2024-09-09 04:14:10,BTCUSDT,ask,54900,817.665
2024-09-09 04:14:19,BTCUSDT,ask,54900,817.965
2024-09-09 04:14:31,BTCUSDT,ask,54900,817.971
2024-09-09 04:14:38,BTCUSDT,ask,54900,817.977
2024-09-09 04:15:00,BTCUSDT,ask,54900,817.987
2024-09-09 04:15:02,BTCUSDT,ask,54900,818.485
2024-09-09 04:15:28,BTCUSDT,ask,54900,818.501
2024-09-09 04:15:45,BTCUSDT,ask,54900,818.537
2024-09-09 04:16:03,BTCUSDT,ask,54900,818.465
2024-09-09 04:16:17,BTCUSDT,ask,54900,818.559
2024-09-09 04:16:22,BTCUSDT,ask,54900,818.923
2024-09-09 04:16:52,BTCUSDT,ask,54900,818.995
2024-09-09 04:17:50,BTCUSDT,ask,54900,818.909
2024-09-09 04:19:49,BTCUSDT,ask,54900,818.832
2024-09-09 04:20:15,BTCUSDT,ask,54900,818.807
2024-09-09 04:20:39,BTCUSDT,ask,54900,818.718
2024-09-09 04:21:05,BTCUSDT,ask,54900,818.909
2024-09-09 04:21:19,BTCUSDT,ask,54900,818.929
2024-09-09 04:21:30,BTCUSDT,ask,54900,818.919
2024-09-09 04:21:50,BTCUSDT,ask,54900,818.903
2024-09-09 04:22:21,BTCUSDT,ask,54900,818.893
2024-09-09 04:22:37,BTCUSDT,ask,54900,818.91
2024-09-09 04:25:31,BTCUSDT,ask,54900,818.933
2024-09-09 04:25:42,BTCUSDT,ask,54900,818.742
2024-09-09 04:28:05,BTCUSDT,ask,54900,818.763
2024-09-09 04:28:08,BTCUSDT,ask,54900,818.742
2024-09-09 04:29:28,BTCUSDT,ask,54900,818.764
2024-09-09 04:30:32,BTCUSDT,ask,54900,818.766
2024-09-09 04:31:33,BTCUSDT,ask,54900,815.481
2024-09-09 04:33:31,BTCUSDT,ask,54900,815.481
2024-09-09 04:34:54,BTCUSDT,ask,54900,817.016
2024-09-09 04:35:09,BTCUSDT,ask,54900,816.994
2024-09-09 04:35:46,BTCUSDT,ask,54900,816.999
2024-09-09 04:36:06,BTCUSDT,ask,54900,817.072
2024-09-09 04:36:24,BTCUSDT,ask,54900,817.075
2024-09-09 04:36:39,BTCUSDT,ask,54900,817.065
2024-09-09 04:37:23,BTCUSDT,ask,54900,817.003
2024-09-09 04:37:30,BTCUSDT,ask,54900,816.892
2024-09-09 04:38:48,BTCUSDT,ask,54900,816.869
2024-09-09 04:39:04,BTCUSDT,ask,54900,816.796
2024-09-09 04:39:04,BTCUSDT,ask,54900,816.432
2024-09-09 04:39:36,BTCUSDT,ask,54900,816.44
2024-09-09 04:42:59,BTCUSDT,ask,54900,816.442
2024-09-09 04:46:59,BTCUSDT,ask,54900,816.445
2024-09-09 04:53:48,BTCUSDT,ask,54900,816.442
2024-09-09 04:54:45,BTCUSDT,ask,54900,816.445
2024-09-09 04:54:53,BTCUSDT,ask,54900,816.627
2024-09-09 04:55:16,BTCUSDT,ask,54900,816.445
2024-09-09 04:57:49,BTCUSDT,ask,54900,816.57
2024-09-09 04:59:09,BTCUSDT,ask,54900,816.624
2024-09-09 04:59:47,BTCUSDT,ask,54900,816.771
2024-09-09 05:00:45,BTCUSDT,ask,54900,816.735
2024-09-09 05:01:13,BTCUSDT,ask,54900,816.733
2024-09-09 05:01:52,BTCUSDT,ask,54900,816.608
2024-09-09 05:02:49,BTCUSDT,ask,54900,816.612
2024-09-09 05:03:19,BTCUSDT,ask,54900,816.622
2024-09-09 05:04:09,BTCUSDT,ask,54900,816.64
2024-09-09 05:10:01,BTCUSDT,ask,54500,654.745
2024-09-09 05:10:13,BTCUSDT,ask,54500,651.713
2024-09-09 05:10:28,BTCUSDT,ask,54500,651.733
2024-09-09 05:10:42,BTCUSDT,ask,54500,651.661
2024-09-09 05:10:55,BTCUSDT,ask,54500,651.799
2024-09-09 05:11:06,BTCUSDT,ask,54500,651.783
2024-09-09 05:11:09,BTCUSDT,ask,54500,651.783
2024-09-09 05:11:11,BTCUSDT,ask,54500,651.783
2024-09-09 05:11:14,BTCUSDT,ask,54500,651.783
2024-09-09 05:11:16,BTCUSDT,ask,54500,651.751
2024-09-09 05:11:20,BTCUSDT,ask,54500,651.801
2024-09-09 05:11:21,BTCUSDT,ask,54500,651.751
2024-09-09 05:11:22,BTCUSDT,ask,54500,651.901
2024-09-09 05:11:32,BTCUSDT,ask,54500,652.051
2024-09-09 05:11:41,BTCUSDT,ask,54500,651.945
2024-09-09 05:11:52,BTCUSDT,ask,54500,656.998
2024-09-09 05:12:02,BTCUSDT,ask,54500,657.07
2024-09-09 05:12:12,BTCUSDT,ask,54500,656.965
2024-09-09 05:12:13,BTCUSDT,ask,54500,656.965
2024-09-09 05:12:47,BTCUSDT,ask,54500,657.072
2024-09-09 05:13:12,BTCUSDT,ask,54500,656.981
2024-09-09 05:13:37,BTCUSDT,ask,54500,657.168
2024-09-09 05:13:54,BTCUSDT,ask,54500,657.066
2024-09-09 05:13:55,BTCUSDT,ask,54500,657.011
2024-09-09 05:13:57,BTCUSDT,ask,54500,657.051
2024-09-09 05:13:58,BTCUSDT,ask,54500,657.011
2024-09-09 05:13:58,BTCUSDT,ask,54500,657.011
2024-09-09 05:13:59,BTCUSDT,ask,54500,657.647
2024-09-09 05:14:00,BTCUSDT,ask,54500,657.597
2024-09-09 05:14:00,BTCUSDT,ask,54500,657.609
2024-09-09 05:14:01,BTCUSDT,ask,54500,657.6
2024-09-09 05:14:01,BTCUSDT,ask,54500,657.65
2024-09-09 05:14:03,BTCUSDT,ask,54500,657.652
2024-09-09 05:14:04,BTCUSDT,ask,54500,657.689
2024-09-09 05:14:05,BTCUSDT,ask,54500,657.739
2024-09-09 05:14:09,BTCUSDT,ask,54500,657.859
2024-09-09 05:14:09,BTCUSDT,ask,54500,657.647
2024-09-09 05:14:09,BTCUSDT,ask,54500,657.597
2024-09-09 05:14:10,BTCUSDT,ask,54500,657.679
2024-09-09 05:14:10,BTCUSDT,ask,54500,656.945
2024-09-09 05:14:11,BTCUSDT,ask,54500,656.909
2024-09-09 05:14:11,BTCUSDT,ask,54500,656.929
2024-09-09 05:14:12,BTCUSDT,ask,54500,660.011
2024-09-09 05:14:13,BTCUSDT,ask,54500,656.929
2024-09-09 05:14:13,BTCUSDT,ask,54500,656.935
2024-09-09 05:14:14,BTCUSDT,ask,54500,656.929
2024-09-09 05:14:15,BTCUSDT,ask,54500,656.984
2024-09-09 05:14:15,BTCUSDT,ask,54500,657.054
2024-09-09 05:14:16,BTCUSDT,ask,54500,657.16
2024-09-09 05:14:16,BTCUSDT,ask,54500,657.06
2024-09-09 05:14:16,BTCUSDT,ask,54500,657.057
2024-09-09 05:14:16,BTCUSDT,ask,54500,657.058
2024-09-09 05:14:17,BTCUSDT,ask,54500,657.158
2024-09-09 05:14:18,BTCUSDT,ask,54500,657.14
2024-09-09 05:14:18,BTCUSDT,ask,54500,657.14
2024-09-09 05:14:21,BTCUSDT,ask,54500,657.07
2024-09-09 05:14:21,BTCUSDT,ask,54500,656.99
2024-09-09 05:14:22,BTCUSDT,ask,54500,656.996
2024-09-09 05:14:23,BTCUSDT,ask,54500,656.99
2024-09-09 05:14:23,BTCUSDT,ask,54500,657.034
2024-09-09 05:14:23,BTCUSDT,ask,54500,656.97
2024-09-09 05:14:23,BTCUSDT,ask,54500,656.967
2024-09-09 05:14:24,BTCUSDT,ask,54500,613.382
2024-09-09 05:14:24,BTCUSDT,ask,54500,613.389
2024-09-09 05:14:24,BTCUSDT,ask,54500,613.401
2024-09-09 05:14:24,BTCUSDT,ask,54500,613.411
2024-09-09 05:14:24,BTCUSDT,ask,54500,613.413
2024-09-09 05:14:25,BTCUSDT,ask,54500,613.599
2024-09-09 05:14:25,BTCUSDT,ask,54500,613.618
2024-09-09 05:14:25,BTCUSDT,ask,54500,613.631
2024-09-09 05:14:25,BTCUSDT,ask,54500,613.634
2024-09-09 05:14:25,BTCUSDT,ask,54500,613.632
2024-09-09 05:14:26,BTCUSDT,ask,54500,613.494
2024-09-09 05:14:26,BTCUSDT,ask,54500,613.491
2024-09-09 05:14:26,BTCUSDT,ask,54500,613.351
2024-09-09 05:14:26,BTCUSDT,ask,54500,613.354
2024-09-09 05:14:27,BTCUSDT,ask,54500,613.347
2024-09-09 05:14:27,BTCUSDT,ask,54500,608.366
2024-09-09 05:14:27,BTCUSDT,ask,54500,608.179
2024-09-09 05:14:27,BTCUSDT,ask,54500,608.18
2024-09-09 05:14:27,BTCUSDT,ask,54500,608.179
2024-09-09 05:14:27,BTCUSDT,ask,54500,608.182
2024-09-09 05:14:27,BTCUSDT,ask,54500,608.185
2024-09-09 05:14:27,BTCUSDT,ask,54500,608.186
2024-09-09 05:14:27,BTCUSDT,ask,54500,608.181
2024-09-09 05:14:27,BTCUSDT,ask,54500,608.169
2024-09-09 05:14:27,BTCUSDT,ask,54500,608.172
2024-09-09 05:14:28,BTCUSDT,ask,54500,608.166
2024-09-09 05:14:28,BTCUSDT,ask,54500,608.169
2024-09-09 05:14:28,BTCUSDT,ask,54500,603.536
2024-09-09 05:14:28,BTCUSDT,ask,54500,603.42
2024-09-09 05:14:29,BTCUSDT,ask,54500,603.771
2024-09-09 05:14:29,BTCUSDT,ask,54500,603.768
2024-09-09 05:14:29,BTCUSDT,ask,54500,603.768
2024-09-09 05:14:29,BTCUSDT,ask,54500,603.771
2024-09-09 05:14:29,BTCUSDT,ask,54500,603.776
2024-09-09 05:14:29,BTCUSDT,ask,54500,603.458
2024-09-09 05:14:30,BTCUSDT,ask,54500,603.828
2024-09-09 05:14:30,BTCUSDT,ask,54500,604.189
2024-09-09 05:14:30,BTCUSDT,ask,54500,604.183
2024-09-09 05:14:30,BTCUSDT,ask,54500,604.454
2024-09-09 05:14:30,BTCUSDT,ask,54500,604.477
2024-09-09 05:14:30,BTCUSDT,ask,54500,604.475
2024-09-09 05:14:30,BTCUSDT,ask,54500,604.014
2024-09-09 05:14:30,BTCUSDT,ask,54500,604.321
2024-09-09 05:14:30,BTCUSDT,ask,54500,604.321
2024-09-09 05:14:30,BTCUSDT,ask,54500,603.114
2024-09-09 05:14:30,BTCUSDT,ask,54500,602.808
2024-09-09 05:14:30,BTCUSDT,ask,54500,602.799
2024-09-09 05:14:31,BTCUSDT,ask,54500,602.743
2024-09-09 05:14:31,BTCUSDT,ask,54500,602.691
2024-09-09 05:14:32,BTCUSDT,ask,54500,602.689
2024-09-09 05:14:32,BTCUSDT,ask,54500,602.649
2024-09-09 05:14:34,BTCUSDT,ask,54500,602.781
2024-09-09 05:14:35,BTCUSDT,ask,54500,602.784
2024-09-09 05:14:36,BTCUSDT,ask,54500,602.786
2024-09-09 05:14:36,BTCUSDT,ask,54500,602.038
2024-09-09 05:14:37,BTCUSDT,ask,54500,601.813
2024-09-09 05:14:37,BTCUSDT,ask,54500,601.813
2024-09-09 05:14:37,BTCUSDT,ask,54500,601.7
2024-09-09 05:14:37,BTCUSDT,ask,54500,601.695
2024-09-09 05:14:37,BTCUSDT,ask,54500,601.702
2024-09-09 05:14:37,BTCUSDT,ask,54500,601.804
2024-09-08 16:15:22,BTCUSD_PERP,bid,54200,641.75
2024-09-08 16:15:22,BTCUSD_PERP,bid,54200,694.87
2024-09-08 16:16:55,BTCUSD_PERP,bid,54200,641.2
2024-09-08 16:16:57,BTCUSD_PERP,bid,54200,587.31
2024-09-08 16:17:35,BTCUSD_PERP,bid,54100,588.22
2024-09-08 16:17:35,BTCUSD_PERP,bid,54100,694.4
2024-09-08 16:17:35,BTCUSD_PERP,bid,54100,748.03
2024-09-08 16:19:31,BTCUSD_PERP,bid,54100,586.48
2024-09-08 16:19:31,BTCUSD_PERP,bid,54100,640.05
2024-09-08 16:19:31,BTCUSD_PERP,bid,54100,693.62
2024-09-08 17:27:44,BTCUSD_PERP,bid,54100,588.0
2024-09-08 17:27:45,BTCUSD_PERP,bid,54100,641.61
2024-09-08 17:27:45,BTCUSD_PERP,bid,54100,694.68
2024-09-08 17:27:45,BTCUSD_PERP,bid,54100,747.75
2024-09-08 17:40:50,BTCUSD_PERP,bid,54100,586.19
2024-09-08 17:40:51,BTCUSD_PERP,bid,54100,693.37
2024-09-08 17:40:51,BTCUSD_PERP,bid,54100,853.59
2024-09-08 17:40:51,BTCUSD_PERP,bid,54100,907.18
2024-09-08 17:49:24,BTCUSD_PERP,bid,54100,853.59
2024-09-08 17:49:24,BTCUSD_PERP,bid,54100,800.0
2024-09-08 17:49:24,BTCUSD_PERP,bid,54100,746.96
2024-09-08 17:49:24,BTCUSD_PERP,bid,54100,587.29
2024-09-08 17:57:25,BTCUSD_PERP,bid,54100,853.43
2024-09-08 17:57:25,BTCUSD_PERP,bid,54100,907.01
2024-09-08 18:00:44,BTCUSD_PERP,bid,54100,853.43
2024-09-08 18:00:44,BTCUSD_PERP,bid,54100,746.82
2024-09-08 18:00:44,BTCUSD_PERP,bid,54100,693.24
2024-09-08 18:00:44,BTCUSD_PERP,bid,54100,639.66
2024-09-08 18:00:44,BTCUSD_PERP,bid,54100,586.08
2024-09-08 18:00:44,BTCUSD_PERP,bid,54100,587.62
2024-09-08 18:00:45,BTCUSD_PERP,bid,54100,693.76
2024-09-08 18:00:45,BTCUSD_PERP,bid,54100,800.45
2024-09-08 18:00:45,BTCUSD_PERP,bid,54100,854.07
2024-09-08 18:00:45,BTCUSD_PERP,bid,54100,907.69
2024-09-08 18:06:29,BTCUSD_PERP,bid,54100,854.07
2024-09-08 18:06:29,BTCUSD_PERP,bid,54100,693.21
2024-09-08 18:06:29,BTCUSD_PERP,bid,54100,639.59
2024-09-08 18:06:31,BTCUSD_PERP,bid,54100,585.97
2024-09-08 18:32:36,BTCUSD_PERP,bid,54100,586.4
2024-09-08 18:32:36,BTCUSD_PERP,bid,54100,640.01
2024-09-08 18:32:36,BTCUSD_PERP,bid,54100,652.99
2024-09-08 18:32:36,BTCUSD_PERP,bid,54100,654.93
2024-09-08 18:32:38,BTCUSD_PERP,bid,54100,655.06
2024-09-08 18:32:39,BTCUSD_PERP,bid,54100,656.19
2024-09-08 18:32:54,BTCUSD_PERP,bid,54100,656.32
2024-09-08 18:34:04,BTCUSD_PERP,bid,54100,655.19
2024-09-08 18:34:37,BTCUSD_PERP,bid,54100,653.25
2024-09-08 18:34:38,BTCUSD_PERP,bid,54100,640.27
2024-09-08 18:35:58,BTCUSD_PERP,bid,54100,640.14
2024-09-08 18:36:28,BTCUSD_PERP,bid,54100,640.01
2024-09-08 12:27:27,BTCUSD_PERP,bid,54000,586.86
2024-09-08 12:27:27,BTCUSD_PERP,bid,54000,640.32
2024-09-08 14:11:27,BTCUSD_PERP,bid,54000,585.44
2024-09-08 14:11:27,BTCUSD_PERP,bid,54000,691.85
2024-09-08 14:11:27,BTCUSD_PERP,bid,54000,745.33
2024-09-08 14:11:28,BTCUSD_PERP,bid,54000,746.46
2024-09-08 14:12:33,BTCUSD_PERP,bid,54000,639.59
2024-09-08 14:12:34,BTCUSD_PERP,bid,54000,585.9
2024-09-08 14:12:35,BTCUSD_PERP,bid,54000,639.41
2024-09-08 14:12:35,BTCUSD_PERP,bid,54000,745.89
2024-09-08 14:12:35,BTCUSD_PERP,bid,54000,799.4
2024-09-08 14:13:04,BTCUSD_PERP,bid,54000,799.53
2024-09-08 14:13:20,BTCUSD_PERP,bid,54000,693.05
2024-09-08 14:16:29,BTCUSD_PERP,bid,54000,692.92
2024-09-08 14:16:30,BTCUSD_PERP,bid,54000,693.05
2024-09-08 14:17:53,BTCUSD_PERP,bid,54000,585.55
2024-09-08 14:17:53,BTCUSD_PERP,bid,54000,639.04
2024-09-08 14:39:41,BTCUSD_PERP,bid,54000,639.47
2024-09-08 14:39:44,BTCUSD_PERP,bid,54000,639.6
2024-09-08 14:39:48,BTCUSD_PERP,bid,54000,639.73
2024-09-08 14:39:55,BTCUSD_PERP,bid,54000,639.86
2024-09-08 14:40:04,BTCUSD_PERP,bid,54000,639.99
2024-09-08 14:43:04,BTCUSD_PERP,bid,54000,639.86
2024-09-08 14:43:14,BTCUSD_PERP,bid,54000,639.73
2024-09-08 14:47:17,BTCUSD_PERP,bid,54000,588.48
2024-09-08 15:57:21,BTCUSD_PERP,bid,54000,585.36
2024-09-08 15:57:28,BTCUSD_PERP,bid,54000,585.49
2024-09-08 15:59:00,BTCUSD_PERP,bid,54000,585.36
2024-09-08 16:03:15,BTCUSD_PERP,bid,54000,639.18
2024-09-08 16:03:16,BTCUSD_PERP,bid,54000,692.67
2024-09-08 16:04:26,BTCUSD_PERP,bid,54000,639.54
2024-09-08 16:04:26,BTCUSD_PERP,bid,54000,693.06
2024-09-08 16:06:27,BTCUSD_PERP,bid,54000,586.56
2024-09-08 16:06:28,BTCUSD_PERP,bid,54000,692.75
2024-09-08 16:12:16,BTCUSD_PERP,bid,54000,639.25
2024-09-08 16:12:18,BTCUSD_PERP,bid,54000,586.56
2024-09-08 16:12:18,BTCUSD_PERP,bid,54000,639.54
2024-09-08 16:12:18,BTCUSD_PERP,bid,54000,693.06
2024-09-08 16:12:33,BTCUSD_PERP,bid,54000,586.56
2024-09-08 16:19:44,BTCUSD_PERP,bid,54000,586.75
2024-09-08 16:19:50,BTCUSD_PERP,bid,54000,585.92
2024-09-08 16:19:52,BTCUSD_PERP,bid,54000,639.04
2024-09-08 16:19:52,BTCUSD_PERP,bid,54000,692.53
2024-09-08 16:20:05,BTCUSD_PERP,bid,54000,639.04
2024-09-08 16:21:45,BTCUSD_PERP,bid,54000,587.43
2024-09-08 16:21:45,BTCUSD_PERP,bid,54000,693.98
2024-09-08 16:21:45,BTCUSD_PERP,bid,54000,746.98
2024-09-08 16:21:45,BTCUSD_PERP,bid,54000,853.53
2024-09-08 16:21:45,BTCUSD_PERP,bid,54000,906.53
2024-09-08 16:21:45,BTCUSD_PERP,bid,54000,960.08
2024-09-08 16:21:50,BTCUSD_PERP,bid,54000,962.02
2024-09-08 16:21:50,BTCUSD_PERP,bid,54000,974.98
2024-09-08 16:21:51,BTCUSD_PERP,bid,54000,976.11
2024-09-08 16:22:34,BTCUSD_PERP,bid,54000,974.98
2024-09-08 16:23:02,BTCUSD_PERP,bid,54000,921.98
2024-09-08 16:23:02,BTCUSD_PERP,bid,54000,762.43
2024-09-08 16:23:02,BTCUSD_PERP,bid,54000,708.88
2024-09-08 16:23:03,BTCUSD_PERP,bid,54000,655.33
2024-09-08 16:23:03,BTCUSD_PERP,bid,54000,601.78
2024-09-08 19:14:38,BTCUSD_PERP,bid,54000,638.1
2024-09-08 19:14:38,BTCUSD_PERP,bid,54000,691.64
2024-09-08 19:21:57,BTCUSD_PERP,bid,54000,584.43
2024-09-08 19:21:57,BTCUSD_PERP,bid,54000,637.91
2024-09-08 19:24:31,BTCUSD_PERP,bid,54000,584.43
2024-09-08 12:38:03,BTCUSD_PERP,bid,53900,586.56
2024-09-08 12:38:03,BTCUSD_PERP,bid,53900,639.99
2024-09-08 12:44:03,BTCUSD_PERP,bid,53900,586.65
2024-09-08 13:19:37,BTCUSD_PERP,bid,53900,637.16
2024-09-08 13:25:03,BTCUSD_PERP,bid,53900,584.34
2024-09-08 13:25:05,BTCUSD_PERP,bid,53900,584.59
2024-09-08 13:25:12,BTCUSD_PERP,bid,53900,584.72
2024-09-08 13:25:21,BTCUSD_PERP,bid,53900,584.85
2024-09-08 13:25:31,BTCUSD_PERP,bid,53900,584.98
2024-09-08 13:25:33,BTCUSD_PERP,bid,53900,585.11
2024-09-08 13:25:34,BTCUSD_PERP,bid,53900,585.24
2024-09-08 13:25:41,BTCUSD_PERP,bid,53900,585.37
2024-09-08 13:37:03,BTCUSD_PERP,bid,53900,584.67
2024-09-08 13:37:03,BTCUSD_PERP,bid,53900,638.07
2024-09-08 13:37:03,BTCUSD_PERP,bid,53900,690.92
2024-09-08 13:38:21,BTCUSD_PERP,bid,53900,637.17
2024-09-08 13:38:21,BTCUSD_PERP,bid,53900,690.54
2024-09-08 14:07:55,BTCUSD_PERP,bid,53900,585.97
2024-09-08 14:07:56,BTCUSD_PERP,bid,53900,586.1
2024-09-08 14:07:59,BTCUSD_PERP,bid,53900,586.23
2024-09-08 14:10:05,BTCUSD_PERP,bid,53900,584.48
2024-09-08 14:10:05,BTCUSD_PERP,bid,53900,637.91
2024-09-08 14:11:25,BTCUSD_PERP,bid,53900,585.02
2024-09-08 19:24:31,BTCUSD_PERP,bid,53900,584.1
2024-09-08 19:24:31,BTCUSD_PERP,bid,53900,637.55
2024-09-08 19:29:36,BTCUSD_PERP,bid,53900,583.68
2024-09-08 19:29:36,BTCUSD_PERP,bid,53900,689.97
2024-09-08 19:29:36,BTCUSD_PERP,bid,53900,796.81
2024-09-08 19:30:03,BTCUSD_PERP,bid,53900,743.48
2024-09-08 19:30:03,BTCUSD_PERP,bid,53900,637.84
2024-09-08 19:30:03,BTCUSD_PERP,bid,53900,743.52
2024-09-08 19:32:16,BTCUSD_PERP,bid,53900,583.99
2024-09-08 19:32:17,BTCUSD_PERP,bid,53900,584.67
2024-09-08 19:32:18,BTCUSD_PERP,bid,53900,637.48
2024-09-08 19:32:18,BTCUSD_PERP,bid,53900,690.29
2024-09-08 19:32:18,BTCUSD_PERP,bid,53900,743.1
2024-09-08 19:32:18,BTCUSD_PERP,bid,53900,743.23
2024-09-08 19:32:22,BTCUSD_PERP,bid,53900,743.36
2024-09-08 19:32:26,BTCUSD_PERP,bid,53900,743.49
2024-09-08 19:32:30,BTCUSD_PERP,bid,53900,743.62
2024-09-08 19:33:49,BTCUSD_PERP,bid,53900,584.12
2024-09-08 19:33:49,BTCUSD_PERP,bid,53900,636.93
2024-09-08 19:35:18,BTCUSD_PERP,bid,53900,584.53
2024-09-08 19:47:42,BTCUSD_PERP,bid,53900,584.47
2024-09-08 19:47:42,BTCUSD_PERP,bid,53900,637.31
2024-09-08 19:47:42,BTCUSD_PERP,bid,53900,690.7
2024-09-08 19:47:59,BTCUSD_PERP,bid,53900,637.86
2024-09-08 20:46:29,BTCUSD_PERP,bid,53900,637.48
2024-09-08 20:46:29,BTCUSD_PERP,bid,53900,743.65
2024-09-08 20:46:31,BTCUSD_PERP,bid,53900,637.48
2024-09-08 20:46:31,BTCUSD_PERP,bid,53900,584.67
2024-09-08 20:55:23,BTCUSD_PERP,bid,53900,584.8
2024-09-08 20:55:23,BTCUSD_PERP,bid,53900,638.07
2024-09-08 20:55:23,BTCUSD_PERP,bid,53900,691.43
2024-09-08 20:55:23,BTCUSD_PERP,bid,53900,744.79
2024-09-08 20:55:23,BTCUSD_PERP,bid,53900,798.15
2024-09-08 20:56:28,BTCUSD_PERP,bid,53900,639.15
2024-09-08 20:56:28,BTCUSD_PERP,bid,53900,585.79
2024-09-08 20:56:29,BTCUSD_PERP,bid,53900,638.83
2024-09-08 20:56:29,BTCUSD_PERP,bid,53900,692.21
2024-09-08 20:56:29,BTCUSD_PERP,bid,53900,745.04
2024-09-08 20:56:30,BTCUSD_PERP,bid,53900,798.42
2024-09-08 21:01:37,BTCUSD_PERP,bid,53900,745.12
2024-09-08 21:01:38,BTCUSD_PERP,bid,53900,638.91
2024-09-08 21:01:38,BTCUSD_PERP,bid,53900,585.53
2024-09-08 21:02:40,BTCUSD_PERP,bid,53900,585.01
2024-09-08 21:03:16,BTCUSD_PERP,bid,53900,638.6
2024-09-08 19:48:13,BTCUSD_PERP,bid,53800,584.54
2024-09-08 19:48:13,BTCUSD_PERP,bid,53800,637.88
2024-09-08 20:44:57,BTCUSD_PERP,bid,53800,597.04
2024-09-08 20:44:57,BTCUSD_PERP,bid,53800,755.74
2024-09-08 20:44:57,BTCUSD_PERP,bid,53800,809.0
2024-09-08 20:44:57,BTCUSD_PERP,bid,53800,914.98
2024-09-08 20:45:34,BTCUSD_PERP,bid,53800,861.72
2024-09-08 20:45:35,BTCUSD_PERP,bid,53800,808.46
2024-09-08 20:45:35,BTCUSD_PERP,bid,53800,649.76
2024-09-08 20:45:35,BTCUSD_PERP,bid,53800,596.59
2024-09-08 20:46:05,BTCUSD_PERP,bid,53800,637.41
2024-09-08 20:46:05,BTCUSD_PERP,bid,53800,690.74
2024-09-08 20:46:08,BTCUSD_PERP,bid,53800,690.87
2024-09-08 20:46:27,BTCUSD_PERP,bid,53800,638.09
2024-09-08 20:46:27,BTCUSD_PERP,bid,53800,584.76
2024-09-08 21:05:08,BTCUSD_PERP,bid,53800,638.89
2024-09-08 19:50:22,BTCUSD_PERP,bid,53700,635.44
2024-09-08 19:50:22,BTCUSD_PERP,bid,53700,688.63
2024-09-08 19:50:25,BTCUSD_PERP,bid,53700,635.09
2024-09-08 19:50:25,BTCUSD_PERP,bid,53700,688.25
2024-09-08 19:50:40,BTCUSD_PERP,bid,53700,583.02
2024-09-08 19:50:41,BTCUSD_PERP,bid,53700,636.18
2024-09-08 19:50:41,BTCUSD_PERP,bid,53700,688.79
2024-09-08 19:50:47,BTCUSD_PERP,bid,53700,635.63
2024-09-08 19:53:06,BTCUSD_PERP,bid,53700,636.3
2024-09-08 19:54:32,BTCUSD_PERP,bid,53700,583.22
2024-09-08 20:01:21,BTCUSD_PERP,bid,53700,583.14
2024-09-08 20:02:25,BTCUSD_PERP,bid,53700,583.14
2024-09-08 20:02:25,BTCUSD_PERP,bid,53700,636.3
2024-09-08 20:05:13,BTCUSD_PERP,bid,53700,583.14
2024-09-08 20:17:52,BTCUSD_PERP,bid,53700,583.67
2024-09-08 20:17:52,BTCUSD_PERP,bid,53700,636.34
2024-09-08 20:18:51,BTCUSD_PERP,bid,53700,635.99
2024-09-08 20:18:51,BTCUSD_PERP,bid,53700,689.18
2024-09-08 20:19:37,BTCUSD_PERP,bid,53700,635.77
2024-09-08 20:19:37,BTCUSD_PERP,bid,53700,688.98
2024-09-08 20:19:37,BTCUSD_PERP,bid,53700,742.19
2024-09-08 20:20:43,BTCUSD_PERP,bid,53700,688.98
2024-09-08 20:20:43,BTCUSD_PERP,bid,53700,635.77
2024-09-08 20:20:43,BTCUSD_PERP,bid,53700,583.1
2024-09-08 20:20:44,BTCUSD_PERP,bid,53700,636.16
2024-09-08 20:20:44,BTCUSD_PERP,bid,53700,689.41
2024-09-08 20:20:45,BTCUSD_PERP,bid,53700,742.66
2024-09-08 20:20:45,BTCUSD_PERP,bid,53700,795.91
2024-09-08 20:23:05,BTCUSD_PERP,bid,53700,636.71
2024-09-08 20:23:05,BTCUSD_PERP,bid,53700,689.57
2024-09-08 20:23:05,BTCUSD_PERP,bid,53700,848.68
2024-09-08 20:23:06,BTCUSD_PERP,bid,53700,901.35
2024-09-08 20:23:22,BTCUSD_PERP,bid,53700,848.68
2024-09-08 20:23:22,BTCUSD_PERP,bid,53700,795.46
2024-09-08 20:23:23,BTCUSD_PERP,bid,53700,636.35
2024-09-08 20:23:47,BTCUSD_PERP,bid,53700,583.22
2024-09-08 20:23:47,BTCUSD_PERP,bid,53700,689.66
2024-09-08 20:23:47,BTCUSD_PERP,bid,53700,795.46
2024-09-08 20:26:24,BTCUSD_PERP,bid,53700,689.02
2024-09-08 20:26:24,BTCUSD_PERP,bid,53700,635.8
2024-09-08 20:26:25,BTCUSD_PERP,bid,53700,583.93
2024-09-08 20:26:25,BTCUSD_PERP,bid,53700,637.17
2024-09-08 20:26:25,BTCUSD_PERP,bid,53700,690.41
2024-09-08 20:26:26,BTCUSD_PERP,bid,53700,743.11
2024-09-08 20:30:35,BTCUSD_PERP,bid,53700,636.63
2024-09-08 20:42:18,BTCUSD_PERP,bid,53700,581.92
2024-09-08 20:42:19,BTCUSD_PERP,bid,53700,635.13
2024-09-08 20:42:19,BTCUSD_PERP,bid,53700,688.34
2024-09-08 20:42:19,BTCUSD_PERP,bid,53700,741.55
2024-09-08 20:42:19,BTCUSD_PERP,bid,53700,794.76
2024-09-08 20:42:19,BTCUSD_PERP,bid,53700,847.97
2024-09-08 20:42:19,BTCUSD_PERP,bid,53700,860.85
2024-09-08 20:42:20,BTCUSD_PERP,bid,53700,862.78
2024-09-08 20:42:25,BTCUSD_PERP,bid,53700,862.91
2024-09-08 20:42:28,BTCUSD_PERP,bid,53700,863.04
2024-09-08 20:43:59,BTCUSD_PERP,bid,53700,850.16
2024-09-08 20:44:00,BTCUSD_PERP,bid,53700,848.23
2024-09-08 20:44:31,BTCUSD_PERP,bid,53700,741.81
2024-09-08 20:44:31,BTCUSD_PERP,bid,53700,582.73
2024-09-08 20:44:32,BTCUSD_PERP,bid,53700,583.35
2024-09-08 20:44:32,BTCUSD_PERP,bid,53700,689.83
2024-09-08 20:44:32,BTCUSD_PERP,bid,53700,742.52
2024-09-08 20:44:33,BTCUSD_PERP,bid,53700,848.45
2024-09-08 20:44:56,BTCUSD_PERP,bid,53700,742.52
2024-09-08 20:44:56,BTCUSD_PERP,bid,53700,689.28
2024-09-08 20:44:56,BTCUSD_PERP,bid,53700,636.04
2024-09-08 21:08:48,BTCUSD_PERP,bid,53700,794.97
2024-09-08 21:08:48,BTCUSD_PERP,bid,53700,848.19
2024-09-08 21:10:07,BTCUSD_PERP,bid,53700,636.39
2024-09-08 21:10:33,BTCUSD_PERP,bid,53700,583.71
2024-09-08 21:10:33,BTCUSD_PERP,bid,53700,688.68
2024-09-08 21:10:43,BTCUSD_PERP,bid,53700,953.55
2024-09-08 21:10:43,BTCUSD_PERP,bid,53700,1006.71
2024-09-08 21:10:52,BTCUSD_PERP,bid,53700,953.55
2024-09-08 21:10:53,BTCUSD_PERP,bid,53700,847.86
2024-09-08 21:10:53,BTCUSD_PERP,bid,53700,794.7
2024-09-08 21:10:53,BTCUSD_PERP,bid,53700,688.38
2024-09-08 21:10:53,BTCUSD_PERP,bid,53700,635.22
2024-09-08 21:10:54,BTCUSD_PERP,bid,53700,583.0
2024-09-08 21:10:54,BTCUSD_PERP,bid,53700,635.65
2024-09-08 21:34:41,BTCUSD_PERP,bid,53700,582.75
2024-09-08 21:34:41,BTCUSD_PERP,bid,53700,635.95
2024-09-08 21:34:41,BTCUSD_PERP,bid,53700,689.15
2024-09-08 21:34:41,BTCUSD_PERP,bid,53700,742.26
2024-09-08 21:35:11,BTCUSD_PERP,bid,53700,744.19
2024-09-08 21:35:12,BTCUSD_PERP,bid,53700,757.07
2024-09-08 21:35:47,BTCUSD_PERP,bid,53700,756.94
2024-09-08 21:35:53,BTCUSD_PERP,bid,53700,756.81
2024-09-08 21:36:38,BTCUSD_PERP,bid,53700,743.93
2024-09-08 21:36:38,BTCUSD_PERP,bid,53700,742.0
2024-09-08 21:37:18,BTCUSD_PERP,bid,53700,794.16
2024-09-08 21:37:19,BTCUSD_PERP,bid,53700,847.33
2024-09-08 21:37:19,BTCUSD_PERP,bid,53700,900.5
2024-09-08 21:37:34,BTCUSD_PERP,bid,53700,847.88
2024-09-08 21:37:34,BTCUSD_PERP,bid,53700,741.96
2024-09-08 21:37:34,BTCUSD_PERP,bid,53700,847.81
2024-09-08 21:37:34,BTCUSD_PERP,bid,53700,901.01
2024-09-08 21:47:21,BTCUSD_PERP,bid,53700,794.61
2024-09-08 21:47:21,BTCUSD_PERP,bid,53700,688.21
2024-09-08 21:47:21,BTCUSD_PERP,bid,53700,635.01
2024-09-08 21:47:21,BTCUSD_PERP,bid,53700,581.9
2024-09-08 21:47:22,BTCUSD_PERP,bid,53700,582.26
2024-09-08 21:47:22,BTCUSD_PERP,bid,53700,635.5
2024-09-08 21:47:22,BTCUSD_PERP,bid,53700,688.74
2024-09-08 21:47:23,BTCUSD_PERP,bid,53700,741.43
2024-09-08 21:47:23,BTCUSD_PERP,bid,53700,794.13
2024-09-08 21:53:28,BTCUSD_PERP,bid,53700,740.89
2024-09-08 21:53:28,BTCUSD_PERP,bid,53700,688.2
2024-09-08 21:53:28,BTCUSD_PERP,bid,53700,582.27
2024-09-08 21:53:30,BTCUSD_PERP,bid,53700,635.73
2024-09-08 21:53:30,BTCUSD_PERP,bid,53700,688.4
2024-09-08 21:53:30,BTCUSD_PERP,bid,53700,741.61
2024-09-08 21:54:28,BTCUSD_PERP,bid,53700,688.94
2024-09-08 21:54:29,BTCUSD_PERP,bid,53700,582.13
2024-09-08 21:54:29,BTCUSD_PERP,bid,53700,688.49
2024-09-08 22:05:27,BTCUSD_PERP,bid,53700,582.19
2024-09-08 13:29:11,BTCUSD_PERP,ask,54900,559.22
2024-09-08 13:29:16,BTCUSD_PERP,ask,54900,564.71
2024-09-08 13:29:16,BTCUSD_PERP,ask,54900,573.49
2024-09-08 13:29:19,BTCUSD_PERP,ask,54900,564.98
2024-09-08 13:29:19,BTCUSD_PERP,ask,54900,573.49
2024-09-08 13:29:40,BTCUSD_PERP,ask,54900,564.71
2024-09-08 13:29:41,BTCUSD_PERP,ask,54900,573.49
2024-09-08 13:29:41,BTCUSD_PERP,ask,54900,564.71
2024-09-08 13:29:41,BTCUSD_PERP,ask,54900,555.93
2024-09-08 13:29:42,BTCUSD_PERP,ask,54900,564.71
2024-09-08 13:29:43,BTCUSD_PERP,ask,54900,555.93
2024-09-08 13:29:43,BTCUSD_PERP,ask,54900,555.93
2024-09-08 13:29:43,BTCUSD_PERP,ask,54900,564.71
2024-09-08 13:29:43,BTCUSD_PERP,ask,54900,573.49
2024-09-08 13:29:44,BTCUSD_PERP,ask,54900,564.71
2024-09-08 13:29:44,BTCUSD_PERP,ask,54900,573.49
2024-09-08 13:29:49,BTCUSD_PERP,ask,54900,568.01
2024-09-08 13:29:49,BTCUSD_PERP,ask,54900,573.49
2024-09-08 13:29:51,BTCUSD_PERP,ask,54900,568.0
2024-09-08 13:29:51,BTCUSD_PERP,ask,54900,573.49
2024-09-08 13:29:51,BTCUSD_PERP,ask,54900,564.71
2024-09-08 13:29:52,BTCUSD_PERP,ask,54900,573.49
2024-09-08 13:29:53,BTCUSD_PERP,ask,54900,568.01
2024-09-08 13:29:53,BTCUSD_PERP,ask,54900,559.23
2024-09-08 13:29:53,BTCUSD_PERP,ask,54900,564.71
2024-09-08 13:29:53,BTCUSD_PERP,ask,54900,573.49
2024-09-08 13:29:56,BTCUSD_PERP,ask,54900,578.98
2024-09-08 13:29:58,BTCUSD_PERP,ask,54900,573.5
2024-09-08 13:29:58,BTCUSD_PERP,ask,54900,578.98
2024-09-08 13:29:59,BTCUSD_PERP,ask,54900,570.2
2024-09-08 13:30:01,BTCUSD_PERP,ask,54900,578.98
2024-09-08 13:30:01,BTCUSD_PERP,ask,54900,578.98
2024-09-08 13:30:04,BTCUSD_PERP,ask,54900,569.93
2024-09-08 13:30:04,BTCUSD_PERP,ask,54900,578.98
2024-09-08 13:30:16,BTCUSD_PERP,ask,54900,570.2
2024-09-08 13:30:17,BTCUSD_PERP,ask,54900,578.98
2024-09-08 13:30:20,BTCUSD_PERP,ask,54900,570.47
2024-09-08 13:30:20,BTCUSD_PERP,ask,54900,578.98
2024-09-08 13:30:22,BTCUSD_PERP,ask,54900,560.87
2024-09-08 13:30:24,BTCUSD_PERP,ask,54900,578.98
2024-09-08 13:30:26,BTCUSD_PERP,ask,54900,573.5
2024-09-08 13:30:26,BTCUSD_PERP,ask,54900,578.98
2024-09-08 13:30:41,BTCUSD_PERP,ask,54900,570.2
2024-09-08 13:30:41,BTCUSD_PERP,ask,54900,578.98
2024-09-08 13:30:42,BTCUSD_PERP,ask,54900,570.2
2024-09-08 13:30:42,BTCUSD_PERP,ask,54900,578.98
2024-09-08 13:30:43,BTCUSD_PERP,ask,54900,570.2
2024-09-08 13:30:43,BTCUSD_PERP,ask,54900,561.42
2024-09-08 13:30:43,BTCUSD_PERP,ask,54900,561.42
2024-09-08 13:30:43,BTCUSD_PERP,ask,54900,570.2
2024-09-08 13:30:44,BTCUSD_PERP,ask,54900,561.42
2024-09-08 13:30:44,BTCUSD_PERP,ask,54900,570.2
2024-09-08 13:30:45,BTCUSD_PERP,ask,54900,578.98
2024-09-08 13:30:47,BTCUSD_PERP,ask,54900,560.87
2024-09-08 13:30:49,BTCUSD_PERP,ask,54900,578.98
2024-09-08 13:30:50,BTCUSD_PERP,ask,54900,573.5
2024-09-08 13:30:50,BTCUSD_PERP,ask,54900,568.01
2024-09-08 13:30:50,BTCUSD_PERP,ask,54900,578.98
2024-09-08 13:30:52,BTCUSD_PERP,ask,54900,573.49
2024-09-08 13:30:52,BTCUSD_PERP,ask,54900,578.98
2024-09-08 13:30:52,BTCUSD_PERP,ask,54900,570.2
2024-09-08 13:30:52,BTCUSD_PERP,ask,54900,578.98
2024-09-08 13:30:53,BTCUSD_PERP,ask,54900,564.72
2024-09-08 13:30:54,BTCUSD_PERP,ask,54900,578.98
2024-09-08 13:31:02,BTCUSD_PERP,ask,54900,570.2
2024-09-08 13:31:03,BTCUSD_PERP,ask,54900,578.98
2024-09-08 13:31:17,BTCUSD_PERP,ask,54900,570.2
2024-09-08 13:31:17,BTCUSD_PERP,ask,54900,578.98
2024-09-08 13:31:21,BTCUSD_PERP,ask,54900,570.47
2024-09-08 13:31:21,BTCUSD_PERP,ask,54900,578.98
2024-09-08 13:31:34,BTCUSD_PERP,ask,54900,573.49
2024-09-08 13:31:36,BTCUSD_PERP,ask,54900,568.01
2024-09-08 13:31:40,BTCUSD_PERP,ask,54900,558.96
2024-09-08 13:31:42,BTCUSD_PERP,ask,54900,550.18
2024-09-08 15:20:00,BTCUSD_PERP,ask,54900,546.32
2024-09-08 15:20:00,BTCUSD_PERP,ask,54900,555.1
2024-09-08 15:20:04,BTCUSD_PERP,ask,54900,546.32
2024-09-08 15:20:04,BTCUSD_PERP,ask,54900,555.1
2024-09-08 15:20:07,BTCUSD_PERP,ask,54900,573.21
2024-09-08 15:20:09,BTCUSD_PERP,ask,54900,578.69
2024-09-08 15:20:13,BTCUSD_PERP,ask,54900,573.21
2024-09-08 15:20:13,BTCUSD_PERP,ask,54900,578.69
2024-09-08 15:20:15,BTCUSD_PERP,ask,54900,573.21
2024-09-08 15:20:15,BTCUSD_PERP,ask,54900,578.69
2024-09-08 15:20:17,BTCUSD_PERP,ask,54900,569.91
2024-09-08 15:20:17,BTCUSD_PERP,ask,54900,578.69
2024-09-08 15:20:25,BTCUSD_PERP,ask,54900,569.91
2024-09-08 15:20:36,BTCUSD_PERP,ask,54900,560.86
2024-09-08 15:20:37,BTCUSD_PERP,ask,54900,555.38
2024-09-08 15:20:45,BTCUSD_PERP,ask,54900,546.6
2024-09-09 05:21:52,BTCUSD_PERP,bid,54600,592.02
2024-09-09 05:21:53,BTCUSD_PERP,bid,54600,646.14
2024-09-09 05:21:53,BTCUSD_PERP,bid,54600,699.71
2024-09-09 05:21:53,BTCUSD_PERP,bid,54600,753.28
2024-09-09 05:22:03,BTCUSD_PERP,bid,54600,645.59
2024-09-09 05:23:50,BTCUSD_PERP,bid,54700,593.51
2024-09-09 05:23:58,BTCUSD_PERP,bid,54700,593.74
2024-09-09 05:24:21,BTCUSD_PERP,bid,54700,593.51
2024-09-09 05:24:21,BTCUSD_PERP,bid,54700,647.72
2024-09-09 05:24:39,BTCUSD_PERP,bid,54700,593.74
2024-09-09 05:26:03,BTCUSD_PERP,bid,54700,593.18
2024-09-09 05:26:04,BTCUSD_PERP,bid,54700,701.66
2024-09-09 05:26:04,BTCUSD_PERP,bid,54700,810.14
2024-09-09 05:26:04,BTCUSD_PERP,bid,54700,864.38
2024-09-09 05:26:05,BTCUSD_PERP,bid,54700,810.14
2024-09-09 05:26:05,BTCUSD_PERP,bid,54700,756.46
2024-09-09 05:26:07,BTCUSD_PERP,bid,54700,702.37
2024-09-09 05:26:07,BTCUSD_PERP,bid,54700,810.77
2024-09-09 05:26:07,BTCUSD_PERP,bid,54700,864.97
2024-09-09 05:26:14,BTCUSD_PERP,bid,54700,647.16
2024-09-09 05:26:14,BTCUSD_PERP,bid,54700,917.45
2024-09-09 05:26:14,BTCUSD_PERP,bid,54700,971.62
2024-09-09 05:26:15,BTCUSD_PERP,bid,54700,701.89
2024-09-09 05:26:15,BTCUSD_PERP,bid,54700,593.55
2024-09-09 05:26:16,BTCUSD_PERP,bid,54700,593.42
2024-09-09 05:26:16,BTCUSD_PERP,bid,54700,647.63
2024-09-09 05:26:25,BTCUSD_PERP,bid,54700,593.11
2024-09-09 05:26:25,BTCUSD_PERP,bid,54700,647.29
2024-09-09 05:26:37,BTCUSD_PERP,bid,54700,593.11
2024-09-09 05:26:38,BTCUSD_PERP,bid,54700,592.76
2024-09-09 05:26:38,BTCUSD_PERP,bid,54700,646.91
2024-09-09 05:27:16,BTCUSD_PERP,bid,54600,592.66
2024-09-09 05:27:40,BTCUSD_PERP,bid,54600,863.35
2024-09-09 05:27:51,BTCUSD_PERP,bid,54600,809.77
2024-09-09 05:27:52,BTCUSD_PERP,bid,54600,755.63
2024-09-09 05:27:52,BTCUSD_PERP,bid,54600,647.35
2024-09-09 05:27:53,BTCUSD_PERP,bid,54700,646.96
2024-09-09 05:27:53,BTCUSD_PERP,bid,54700,701.16
2024-09-09 05:27:53,BTCUSD_PERP,bid,54700,809.0
2024-09-09 05:27:53,BTCUSD_PERP,bid,54700,863.2
2024-09-09 05:28:06,BTCUSD_PERP,bid,54700,702.27
2024-09-09 05:28:06,BTCUSD_PERP,bid,54700,594.2
2024-09-09 05:28:06,BTCUSD_PERP,bid,54700,648.43
2024-09-09 05:28:21,BTCUSD_PERP,bid,54700,594.76
2024-09-09 05:30:35,BTCUSD_PERP,bid,54700,593.54
