2024-08-16 10:05:23,BTCUSDT,ask,58300,604.117
2024-08-16 07:19:33,BTCUSD_PERP,bid,57100,562.5
2024-08-16 07:19:33,BTCUSD_PERP,bid,57100,619.03
2024-08-16 07:20:47,BTCUSD_PERP,bid,57100,563.76
2024-08-16 07:23:15,BTCUSD_PERP,bid,57100,563.52
2024-08-16 07:23:15,BTCUSD_PERP,bid,57100,620.1
2024-08-16 07:23:15,BTCUSD_PERP,bid,57100,676.1
2024-08-16 07:23:37,BTCUSD_PERP,bid,57100,620.09
2024-08-16 07:23:37,BTCUSD_PERP,bid,57100,563.51
2024-08-16 07:24:44,BTCUSD_PERP,ask,58100,523.73
2024-08-16 07:24:59,BTCUSD_PERP,ask,58100,517.98
2024-08-16 09:32:37,BTCUSD_PERP,bid,57800,626.24
2024-08-16 09:33:34,BTCUSD_PERP,bid,57800,627.11
2024-08-16 09:33:57,BTCUSD_PERP,bid,57800,569.88
2024-08-16 09:40:19,BTCUSD_PERP,bid,57800,627.0
2024-08-16 09:40:19,BTCUSD_PERP,bid,57800,684.22
2024-08-16 09:40:19,BTCUSD_PERP,bid,57800,740.86
2024-08-16 09:40:27,BTCUSD_PERP,bid,57800,626.42
2024-08-16 12:32:16,BTCUSD_PERP,bid,58200,534.23
2024-08-16 12:32:16,BTCUSD_PERP,bid,58200,534.24
2024-08-16 12:32:16,BTCUSD_PERP,bid,58200,534.36
2024-08-16 12:32:17,BTCUSD_PERP,bid,58200,534.26
2024-08-16 12:32:17,BTCUSD_PERP,bid,58200,536.08
2024-08-16 12:32:17,BTCUSD_PERP,bid,58200,535.92
2024-08-16 12:32:17,BTCUSD_PERP,bid,58200,536.02
2024-08-16 12:32:17,BTCUSD_PERP,bid,58200,536.34
2024-08-16 12:32:17,BTCUSD_PERP,bid,58200,536.24
2024-08-16 12:32:18,BTCUSD_PERP,bid,58200,536.23
2024-08-16 12:32:18,BTCUSD_PERP,bid,58200,535.91
2024-08-16 12:32:18,BTCUSD_PERP,bid,58200,535.9
2024-08-16 12:32:18,BTCUSD_PERP,bid,58200,535.93
2024-08-16 12:32:18,BTCUSD_PERP,bid,58200,535.94
2024-08-16 12:32:18,BTCUSD_PERP,bid,58200,534.94
2024-08-16 12:32:19,BTCUSD_PERP,bid,58200,535.04
2024-08-16 12:32:19,BTCUSD_PERP,bid,58200,535.06
2024-08-16 12:32:19,BTCUSD_PERP,bid,58200,535.16
2024-08-16 12:32:19,BTCUSD_PERP,bid,58200,535.04
2024-08-16 12:32:20,BTCUSD_PERP,bid,58200,534.4
2024-08-16 12:32:20,BTCUSD_PERP,bid,58200,534.39
2024-08-16 12:32:20,BTCUSD_PERP,bid,58200,534.38
2024-08-16 12:32:20,BTCUSD_PERP,bid,58200,534.37
2024-08-16 12:32:21,BTCUSD_PERP,bid,58200,534.47
2024-08-16 12:32:21,BTCUSD_PERP,bid,58200,534.37
2024-08-16 12:32:21,BTCUSD_PERP,bid,58200,534.47
2024-08-16 12:32:21,BTCUSD_PERP,bid,58200,536.46
2024-08-16 12:32:21,BTCUSD_PERP,bid,58200,537.14
2024-08-16 12:32:21,BTCUSD_PERP,bid,58200,536.45
2024-08-16 12:32:22,BTCUSD_PERP,bid,58200,536.35
2024-08-16 12:32:22,BTCUSD_PERP,bid,58200,536.45
2024-08-16 12:32:22,BTCUSD_PERP,bid,58200,536.49
2024-08-16 12:32:22,BTCUSD_PERP,bid,58200,529.89
2024-08-16 12:32:22,BTCUSD_PERP,bid,58200,531.54
2024-08-16 12:32:23,BTCUSD_PERP,bid,58200,528.48
2024-08-16 12:32:23,BTCUSD_PERP,bid,58200,528.34
2024-08-16 12:32:23,BTCUSD_PERP,bid,58200,528.32
2024-08-16 12:32:24,BTCUSD_PERP,bid,58200,528.22
2024-08-16 12:32:28,BTCUSD_PERP,bid,58200,528.47
2024-08-16 12:32:28,BTCUSD_PERP,bid,58200,528.22
2024-08-16 12:32:33,BTCUSD_PERP,bid,58200,531.5
2024-08-16 12:32:41,BTCUSD_PERP,bid,58200,532.94
2024-08-16 12:32:43,BTCUSD_PERP,bid,58200,531.5
2024-08-16 12:32:46,BTCUSD_PERP,bid,58200,531.5
2024-08-16 12:32:53,BTCUSD_PERP,bid,58200,530.27
2024-08-16 12:33:07,BTCUSD_PERP,bid,58200,530.52
2024-08-16 12:33:07,BTCUSD_PERP,bid,58200,530.27
2024-08-16 12:33:14,BTCUSD_PERP,bid,58200,530.27
2024-08-16 12:33:14,BTCUSD_PERP,bid,58200,530.27
2024-08-16 12:33:27,BTCUSD_PERP,bid,58200,530.41
2024-08-16 12:33:28,BTCUSD_PERP,bid,58200,530.27
2024-08-16 12:33:35,BTCUSD_PERP,bid,58200,530.28
2024-08-16 12:33:43,BTCUSD_PERP,bid,58200,528.92
2024-08-16 12:33:43,BTCUSD_PERP,bid,58200,529.17
2024-08-16 12:33:43,BTCUSD_PERP,bid,58200,529.42
2024-08-16 12:33:43,BTCUSD_PERP,bid,58200,528.92
2024-08-16 12:33:45,BTCUSD_PERP,bid,58200,528.92
2024-08-16 12:33:45,BTCUSD_PERP,bid,58200,528.92
2024-08-16 12:33:45,BTCUSD_PERP,bid,58200,528.92
2024-08-16 12:33:45,BTCUSD_PERP,bid,58200,529.17
2024-08-16 12:33:46,BTCUSD_PERP,bid,58200,528.92
2024-08-16 12:33:48,BTCUSD_PERP,bid,58200,529.42
2024-08-16 12:33:48,BTCUSD_PERP,bid,58200,528.92
2024-08-16 12:33:52,BTCUSD_PERP,bid,58200,525.64
2024-08-16 12:34:00,BTCUSD_PERP,bid,58200,525.96
2024-08-16 12:34:01,BTCUSD_PERP,bid,58200,525.64
2024-08-16 12:34:02,BTCUSD_PERP,bid,58200,525.64
2024-08-16 12:34:16,BTCUSD_PERP,bid,58200,527.16
2024-08-16 12:34:17,BTCUSD_PERP,bid,58200,525.64
2024-08-16 12:34:18,BTCUSD_PERP,bid,58200,527.1
2024-08-16 12:34:19,BTCUSD_PERP,bid,58200,525.64
2024-08-16 12:34:20,BTCUSD_PERP,bid,58200,529.13
2024-08-16 12:34:21,BTCUSD_PERP,bid,58200,527.56
2024-08-16 12:34:23,BTCUSD_PERP,bid,58200,525.64
2024-08-16 12:34:31,BTCUSD_PERP,bid,58200,527.56
2024-08-16 12:34:35,BTCUSD_PERP,bid,58200,525.64
2024-08-16 12:34:46,BTCUSD_PERP,bid,58200,527.11
2024-08-16 12:34:47,BTCUSD_PERP,bid,58200,529.03
2024-08-16 12:34:48,BTCUSD_PERP,bid,58200,527.56
2024-08-16 12:34:50,BTCUSD_PERP,bid,58200,527.07
2024-08-16 12:34:52,BTCUSD_PERP,bid,58200,525.64
2024-08-16 12:34:52,BTCUSD_PERP,bid,58200,527.56
2024-08-16 12:34:56,BTCUSD_PERP,bid,58200,529.07
2024-08-16 12:34:56,BTCUSD_PERP,bid,58200,525.64
2024-08-16 12:34:57,BTCUSD_PERP,bid,58200,528.99
2024-08-16 12:34:57,BTCUSD_PERP,bid,58200,527.56
2024-08-16 12:34:57,BTCUSD_PERP,bid,58200,525.64
2024-08-16 12:34:57,BTCUSD_PERP,bid,58200,527.56
2024-08-16 12:34:59,BTCUSD_PERP,bid,58200,529.07
2024-08-16 12:34:59,BTCUSD_PERP,bid,58200,527.56
2024-08-16 12:35:03,BTCUSD_PERP,bid,58200,529.05
2024-08-16 12:35:04,BTCUSD_PERP,bid,58200,527.56
2024-08-16 12:35:05,BTCUSD_PERP,bid,58200,525.64
2024-08-16 12:35:05,BTCUSD_PERP,bid,58200,527.56
2024-08-16 12:35:06,BTCUSD_PERP,bid,58200,529.07
2024-08-16 12:35:07,BTCUSD_PERP,bid,58200,527.56
2024-08-16 12:35:07,BTCUSD_PERP,bid,58200,525.64
2024-08-16 12:35:07,BTCUSD_PERP,bid,58200,527.56
2024-08-16 12:35:28,BTCUSD_PERP,bid,58200,525.64
2024-08-16 12:35:28,BTCUSD_PERP,bid,58200,527.56
2024-08-16 12:35:38,BTCUSD_PERP,bid,58200,525.64
2024-08-16 12:35:48,BTCUSD_PERP,bid,58200,527.56
2024-08-16 12:35:55,BTCUSD_PERP,bid,58200,527.57
2024-08-16 12:36:00,BTCUSD_PERP,bid,58200,532.22
2024-08-16 12:36:00,BTCUSD_PERP,bid,58200,532.07
2024-08-16 12:36:01,BTCUSD_PERP,bid,58200,527.57
2024-08-16 12:36:06,BTCUSD_PERP,bid,58200,527.57
2024-08-16 12:36:06,BTCUSD_PERP,bid,58200,525.65
2024-08-16 12:36:06,BTCUSD_PERP,bid,58200,527.57
2024-08-16 12:36:17,BTCUSD_PERP,bid,58200,525.65
2024-08-16 12:36:23,BTCUSD_PERP,bid,58200,527.57
2024-08-16 12:36:38,BTCUSD_PERP,bid,58200,525.65
2024-08-16 12:36:39,BTCUSD_PERP,bid,58200,527.57
2024-08-16 12:37:00,BTCUSD_PERP,bid,58200,525.65
2024-08-16 12:37:00,BTCUSD_PERP,bid,58200,527.57
2024-08-16 12:37:00,BTCUSD_PERP,bid,58200,525.65
2024-08-16 12:37:37,BTCUSD_PERP,bid,58200,525.65
2024-08-16 12:37:38,BTCUSD_PERP,bid,58200,527.13
2024-08-16 12:37:39,BTCUSD_PERP,bid,58200,525.65
2024-08-16 12:37:40,BTCUSD_PERP,bid,58200,528.18
2024-08-16 12:37:40,BTCUSD_PERP,bid,58200,525.65
2024-08-16 12:37:42,BTCUSD_PERP,bid,58200,527.57
2024-08-16 12:37:43,BTCUSD_PERP,bid,58200,527.97
2024-08-16 12:37:43,BTCUSD_PERP,bid,58200,528.37
2024-08-16 12:38:09,BTCUSD_PERP,bid,58200,527.97
2024-08-16 12:38:17,BTCUSD_PERP,bid,58200,527.57
2024-08-16 12:38:26,BTCUSD_PERP,bid,58200,525.65
2024-08-16 12:38:34,BTCUSD_PERP,bid,58200,528.18
2024-08-16 12:38:48,BTCUSD_PERP,bid,58200,528.43
2024-08-16 12:38:55,BTCUSD_PERP,bid,58200,525.65
2024-08-16 12:39:00,BTCUSD_PERP,bid,58200,527.57
2024-08-16 12:39:02,BTCUSD_PERP,bid,58200,527.98
2024-08-16 12:39:21,BTCUSD_PERP,bid,58200,526.06
2024-08-16 12:40:52,BTCUSD_PERP,bid,58200,527.57
2024-08-16 12:41:11,BTCUSD_PERP,bid,58200,525.65
2024-08-16 12:41:56,BTCUSD_PERP,bid,58200,527.19
2024-08-16 12:42:03,BTCUSD_PERP,bid,58200,525.65
2024-08-16 12:42:08,BTCUSD_PERP,bid,58200,527.18
2024-08-16 12:42:09,BTCUSD_PERP,bid,58200,525.65
2024-08-16 12:42:10,BTCUSD_PERP,bid,58200,527.16
2024-08-16 12:42:16,BTCUSD_PERP,bid,58200,525.65
2024-08-16 12:42:28,BTCUSD_PERP,bid,58200,525.98
2024-08-16 12:42:49,BTCUSD_PERP,bid,58200,525.65
2024-08-16 12:42:50,BTCUSD_PERP,bid,58200,525.98
2024-08-16 12:42:53,BTCUSD_PERP,bid,58200,525.65
2024-08-16 12:42:53,BTCUSD_PERP,bid,58200,525.85
2024-08-16 12:43:01,BTCUSD_PERP,bid,58200,525.65
2024-08-16 12:43:05,BTCUSD_PERP,bid,58200,525.71
2024-08-16 12:43:12,BTCUSD_PERP,bid,58200,525.65
2024-08-16 12:43:14,BTCUSD_PERP,bid,58200,522.99
2024-08-16 12:43:14,BTCUSD_PERP,bid,58200,525.11
2024-08-16 12:43:14,BTCUSD_PERP,bid,58200,525.45
2024-08-16 12:43:14,BTCUSD_PERP,bid,58200,525.34
2024-08-16 12:43:14,BTCUSD_PERP,bid,58200,525.36
2024-08-16 12:43:15,BTCUSD_PERP,bid,58200,525.35
2024-08-16 12:43:16,BTCUSD_PERP,bid,58200,525.34
2024-08-16 12:43:17,BTCUSD_PERP,bid,58200,525.46
2024-08-16 12:43:17,BTCUSD_PERP,bid,58200,525.92
2024-08-16 12:43:17,BTCUSD_PERP,bid,58200,529.63
2024-08-16 12:43:17,BTCUSD_PERP,bid,58200,529.03
2024-08-16 12:43:17,BTCUSD_PERP,bid,58200,528.03
2024-08-16 12:43:18,BTCUSD_PERP,bid,58200,528.53
2024-08-16 12:43:19,BTCUSD_PERP,bid,58200,528.52
2024-08-16 12:43:20,BTCUSD_PERP,bid,58200,528.51
2024-08-16 12:43:21,BTCUSD_PERP,bid,58200,528.5
2024-08-16 12:43:21,BTCUSD_PERP,bid,58200,528.49
2024-08-16 12:43:22,BTCUSD_PERP,bid,58200,528.48
2024-08-16 12:43:22,BTCUSD_PERP,bid,58200,528.47
2024-08-16 12:43:22,BTCUSD_PERP,bid,58200,527.86
2024-08-16 12:43:22,BTCUSD_PERP,bid,58200,527.86
2024-08-16 12:43:22,BTCUSD_PERP,bid,58200,528.35
2024-08-16 12:43:23,BTCUSD_PERP,bid,58200,528.85
2024-08-16 12:43:23,BTCUSD_PERP,bid,58200,527.85
2024-08-16 12:43:23,BTCUSD_PERP,bid,58200,528.84
2024-08-16 12:43:23,BTCUSD_PERP,bid,58200,528.85
2024-08-16 12:43:23,BTCUSD_PERP,bid,58200,527.85
2024-08-16 12:43:23,BTCUSD_PERP,bid,58200,527.85
2024-08-16 12:43:23,BTCUSD_PERP,bid,58200,528.85
2024-08-16 12:43:23,BTCUSD_PERP,bid,58200,528.95
2024-08-16 12:43:24,BTCUSD_PERP,bid,58200,528.9
2024-08-16 12:43:24,BTCUSD_PERP,bid,58200,528.8
2024-08-16 12:43:24,BTCUSD_PERP,bid,58200,531.4
2024-08-16 12:43:24,BTCUSD_PERP,bid,58200,527.2
2024-08-16 12:43:24,BTCUSD_PERP,bid,58200,525.58
2024-08-16 12:43:24,BTCUSD_PERP,bid,58200,525.43
2024-08-16 12:43:28,BTCUSD_PERP,bid,58200,524.84
2024-08-16 12:43:38,BTCUSD_PERP,bid,58200,524.34
2024-08-16 12:43:38,BTCUSD_PERP,bid,58200,523.84
2024-08-16 12:43:41,BTCUSD_PERP,bid,58200,523.81
2024-08-16 12:44:18,BTCUSD_PERP,bid,58200,523.96
2024-08-16 12:44:18,BTCUSD_PERP,bid,58200,523.81
2024-08-16 12:44:48,BTCUSD_PERP,bid,58200,523.81
2024-08-16 12:44:56,BTCUSD_PERP,bid,58200,523.81
