2024-08-18 00:49:41,ETHUSDT,bid,2610,6056.054
2024-08-18 00:50:00,ETHUSDT,bid,2610,6051.911
2024-08-18 01:08:01,ETHUSDT,ask,2610,8207.709
2024-08-18 01:08:01,ETHUSDT,ask,2610,8245.632
2024-08-18 01:08:02,ETHUSDT,ask,2610,8246.672
2024-08-18 01:08:02,ETHUSDT,ask,2610,8247.753
2024-08-18 01:08:02,ETHUSDT,ask,2610,8247.653
2024-08-18 01:08:02,ETHUSDT,ask,2610,8244.657
2024-08-18 01:08:04,ETHUSDT,ask,2610,8219.925
2024-08-18 01:08:04,ETHUSDT,ask,2610,8245.844
2024-08-18 01:08:06,ETHUSDT,ask,2610,8219.925
2024-08-18 01:08:06,ETHUSDT,ask,2610,8243.769
2024-08-18 01:08:06,ETHUSDT,ask,2610,8244.369
2024-08-18 01:08:07,ETHUSDT,ask,2610,8243.969
2024-08-18 01:08:08,ETHUSDT,ask,2610,8208.502
2024-08-18 01:08:09,ETHUSDT,ask,2610,8208.502
2024-08-18 01:08:10,ETHUSDT,ask,2610,8235.859
2024-08-18 01:08:10,ETHUSDT,ask,2610,8209.987
2024-08-18 01:08:10,ETHUSDT,ask,2610,8209.987
2024-08-18 01:08:10,ETHUSDT,ask,2610,8210.006
2024-08-18 01:08:11,ETHUSDT,ask,2610,8235.051
2024-08-18 01:08:11,ETHUSDT,ask,2610,8243.593
2024-08-18 01:08:11,ETHUSDT,ask,2610,8210.772
2024-08-18 01:08:12,ETHUSDT,ask,2610,8219.058
2024-08-18 01:08:12,ETHUSDT,ask,2610,8210.772
2024-08-18 01:08:12,ETHUSDT,ask,2610,8210.753
2024-08-18 01:08:12,ETHUSDT,ask,2610,8235.569
2024-08-18 01:08:12,ETHUSDT,ask,2610,8209.987
2024-08-18 01:08:13,ETHUSDT,ask,2610,8209.987
2024-08-18 01:08:13,ETHUSDT,ask,2610,8234.858
2024-08-18 01:08:13,ETHUSDT,ask,2610,8209.987
2024-08-18 01:08:14,ETHUSDT,ask,2610,8218.529
2024-08-18 01:08:14,ETHUSDT,ask,2610,8209.987
2024-08-18 01:08:15,ETHUSDT,ask,2610,8218.273
2024-08-18 01:08:15,ETHUSDT,ask,2610,8209.987
2024-08-18 01:08:16,ETHUSDT,ask,2610,8236.141
2024-08-18 01:08:16,ETHUSDT,ask,2610,8209.987
2024-08-18 01:08:16,ETHUSDT,ask,2610,8234.095
2024-08-18 01:08:17,ETHUSDT,ask,2610,8234.495
2024-08-18 01:08:17,ETHUSDT,ask,2610,8242.781
2024-08-18 01:08:17,ETHUSDT,ask,2610,8234.495
2024-08-18 01:08:18,ETHUSDT,ask,2610,8233.01
2024-08-18 01:08:18,ETHUSDT,ask,2610,8208.902
2024-08-18 01:08:18,ETHUSDT,ask,2610,8234.486
2024-08-18 01:08:19,ETHUSDT,ask,2610,8208.902
2024-08-18 01:08:19,ETHUSDT,ask,2610,8235.14
2024-08-18 01:08:19,ETHUSDT,ask,2610,8236.34
2024-08-18 01:08:19,ETHUSDT,ask,2610,8235.54
2024-08-18 01:08:19,ETHUSDT,ask,2610,8209.302
2024-08-18 01:08:19,ETHUSDT,ask,2610,8234.476
2024-08-18 01:08:20,ETHUSDT,ask,2610,8208.902
2024-08-18 01:08:20,ETHUSDT,ask,2610,8232.922
2024-08-18 01:08:20,ETHUSDT,ask,2610,8233.178
2024-08-18 01:08:20,ETHUSDT,ask,2610,8232.922
2024-08-18 01:08:21,ETHUSDT,ask,2610,8232.522
2024-08-18 01:08:21,ETHUSDT,ask,2610,8234.053
2024-08-18 01:08:22,ETHUSDT,ask,2610,8210.033
2024-08-18 01:08:22,ETHUSDT,ask,2610,8233.947
2024-08-18 01:08:23,ETHUSDT,ask,2610,8232.416
2024-08-18 01:08:24,ETHUSDT,ask,2610,7998.744
2024-08-18 01:08:25,ETHUSDT,ask,2610,7978.47
2024-08-18 01:08:25,ETHUSDT,ask,2610,7979.023
2024-08-18 01:08:25,ETHUSDT,ask,2610,7984.99
2024-08-18 01:08:25,ETHUSDT,ask,2610,7985.099
2024-08-18 01:08:25,ETHUSDT,ask,2610,7985.125
2024-08-18 01:08:25,ETHUSDT,ask,2610,7986.972
2024-08-18 01:08:26,ETHUSDT,ask,2610,7986.962
2024-08-18 01:08:26,ETHUSDT,ask,2610,7986.851
2024-08-18 01:08:26,ETHUSDT,ask,2610,7986.86
2024-08-18 01:08:26,ETHUSDT,ask,2610,7986.909
2024-08-18 01:08:26,ETHUSDT,ask,2610,7986.795
2024-08-18 01:08:27,ETHUSDT,ask,2610,7986.84
2024-08-18 01:08:27,ETHUSDT,ask,2610,7986.801
2024-08-18 01:08:27,ETHUSDT,ask,2610,7999.878
2024-08-18 01:08:27,ETHUSDT,ask,2610,7988.011
2024-08-18 01:08:28,ETHUSDT,ask,2610,7987.88
2024-08-18 01:08:28,ETHUSDT,ask,2610,7987.812
2024-08-18 01:08:28,ETHUSDT,ask,2610,7987.937
2024-08-18 01:08:28,ETHUSDT,ask,2610,7989.217
2024-08-18 01:08:28,ETHUSDT,ask,2610,7987.862
2024-08-18 01:08:28,ETHUSDT,ask,2610,7985.19
2024-08-18 01:08:29,ETHUSDT,ask,2610,7985.14
2024-08-18 01:08:29,ETHUSDT,ask,2610,7985.149
2024-08-18 01:08:29,ETHUSDT,ask,2610,7985.157
2024-08-18 01:08:30,ETHUSDT,ask,2610,7991.116
2024-08-18 01:08:30,ETHUSDT,ask,2610,7991.122
2024-08-18 01:08:31,ETHUSDT,ask,2610,7977.034
2024-08-18 01:08:31,ETHUSDT,ask,2610,7977.124
2024-08-18 01:08:31,ETHUSDT,ask,2610,7970.681
2024-08-18 01:08:31,ETHUSDT,ask,2610,7970.654
2024-08-18 01:08:31,ETHUSDT,ask,2610,7970.684
2024-08-18 01:08:31,ETHUSDT,ask,2610,7970.686
2024-08-18 01:08:31,ETHUSDT,ask,2610,7970.678
2024-08-18 01:08:32,ETHUSDT,ask,2610,7970.126
2024-08-18 01:08:32,ETHUSDT,ask,2610,7970.128
2024-08-18 01:08:32,ETHUSDT,ask,2610,7968.928
2024-08-18 01:08:32,ETHUSDT,ask,2610,7968.915
2024-08-18 01:08:32,ETHUSDT,ask,2610,7966.972
2024-08-18 01:08:33,ETHUSDT,ask,2610,7965.985
2024-08-18 01:08:33,ETHUSDT,ask,2610,7965.867
2024-08-18 01:08:33,ETHUSDT,ask,2610,7965.868
2024-08-18 01:08:33,ETHUSDT,ask,2610,7967.81
2024-08-18 01:08:34,ETHUSDT,ask,2610,7967.477
2024-08-18 01:08:34,ETHUSDT,ask,2610,7967.816
2024-08-18 01:08:34,ETHUSDT,ask,2610,7968.046
2024-08-18 01:08:34,ETHUSDT,ask,2610,7975.373
2024-08-18 01:08:34,ETHUSDT,ask,2610,7975.338
2024-08-18 01:08:34,ETHUSDT,ask,2610,7975.34
2024-08-18 01:08:34,ETHUSDT,ask,2610,7973.397
2024-08-18 01:08:35,ETHUSDT,ask,2610,7985.274
2024-08-18 01:08:35,ETHUSDT,ask,2610,7986.48
2024-08-18 01:08:35,ETHUSDT,ask,2610,7986.929
2024-08-18 01:08:35,ETHUSDT,ask,2610,7986.965
2024-08-18 01:08:35,ETHUSDT,ask,2610,7975.042
2024-08-18 01:08:36,ETHUSDT,ask,2610,7974.744
2024-08-18 01:08:36,ETHUSDT,ask,2610,7976.704
2024-08-18 01:08:36,ETHUSDT,ask,2610,7976.704
2024-08-18 01:08:36,ETHUSDT,ask,2610,7976.714
2024-08-18 01:08:36,ETHUSDT,ask,2610,7976.714
2024-08-18 01:08:36,ETHUSDT,ask,2610,7976.715
2024-08-18 01:08:36,ETHUSDT,ask,2610,7976.309
2024-08-18 01:08:36,ETHUSDT,ask,2610,7976.263
2024-08-18 01:08:36,ETHUSDT,ask,2610,7976.247
2024-08-18 01:08:36,ETHUSDT,ask,2610,7974.319
2024-08-18 01:08:37,ETHUSDT,ask,2610,7974.31
2024-08-18 01:08:37,ETHUSDT,ask,2610,7977.494
2024-08-18 01:08:37,ETHUSDT,ask,2610,7978.269
2024-08-18 01:08:38,ETHUSDT,ask,2610,7978.206
2024-08-18 01:08:38,ETHUSDT,ask,2610,7978.216
2024-08-18 01:08:38,ETHUSDT,ask,2610,7978.182
2024-08-18 01:08:38,ETHUSDT,ask,2610,7978.381
2024-08-18 01:08:38,ETHUSDT,ask,2610,7978.382
2024-08-18 01:08:39,ETHUSDT,ask,2610,7978.372
2024-08-18 01:08:39,ETHUSDT,ask,2610,7978.396
2024-08-18 01:08:39,ETHUSDT,ask,2610,7974.106
2024-08-18 01:08:39,ETHUSDT,ask,2610,7978.674
2024-08-18 01:08:40,ETHUSDT,ask,2610,7978.979
2024-08-18 01:08:40,ETHUSDT,ask,2610,7975.824
2024-08-18 01:08:40,ETHUSDT,ask,2610,7975.815
2024-08-18 01:08:40,ETHUSDT,ask,2610,7976.128
2024-08-18 01:08:40,ETHUSDT,ask,2610,7975.572
2024-08-18 01:08:40,ETHUSDT,ask,2610,7975.573
2024-08-18 01:08:40,ETHUSDT,ask,2610,7975.343
2024-08-18 01:08:41,ETHUSDT,ask,2610,7975.318
2024-08-18 01:08:41,ETHUSDT,ask,2610,7975.317
2024-08-18 01:08:41,ETHUSDT,ask,2610,7975.318
2024-08-18 01:08:41,ETHUSDT,ask,2610,7975.12
2024-08-18 01:08:42,ETHUSDT,ask,2610,7975.298
2024-08-18 01:08:42,ETHUSDT,ask,2610,7975.309
2024-08-18 01:08:42,ETHUSDT,ask,2610,7975.277
2024-08-18 01:08:42,ETHUSDT,ask,2610,7974.478
2024-08-18 01:08:42,ETHUSDT,ask,2610,7974.48
2024-08-18 01:08:43,ETHUSDT,ask,2610,7974.929
2024-08-18 01:08:43,ETHUSDT,ask,2610,7974.921
2024-08-18 01:08:43,ETHUSDT,ask,2610,7975.154
2024-08-18 01:08:43,ETHUSDT,ask,2610,7975.345
2024-08-18 01:08:43,ETHUSDT,ask,2610,7975.751
2024-08-18 01:08:43,ETHUSDT,ask,2610,7975.777
2024-08-18 01:08:43,ETHUSDT,ask,2610,7975.779
2024-08-18 01:08:44,ETHUSDT,ask,2610,7964.756
2024-08-18 01:08:44,ETHUSDT,ask,2610,7964.431
2024-08-18 01:08:44,ETHUSDT,ask,2610,7963.113
2024-08-18 01:08:44,ETHUSDT,ask,2610,7962.307
2024-08-18 01:08:44,ETHUSDT,ask,2610,7955.503
2024-08-18 01:08:44,ETHUSDT,ask,2610,7955.48
2024-08-18 01:08:44,ETHUSDT,ask,2610,7953.537
2024-08-18 01:08:45,ETHUSDT,ask,2610,7954.682
2024-08-18 01:08:46,ETHUSDT,ask,2610,7954.657
2024-08-18 01:08:49,ETHUSDT,ask,2610,7954.649
2024-08-18 01:08:49,ETHUSDT,ask,2610,7953.504
2024-08-18 01:08:49,ETHUSDT,ask,2610,7953.512
2024-08-18 01:08:51,ETHUSDT,ask,2610,7953.503
2024-08-18 01:08:52,ETHUSDT,ask,2610,7953.596
2024-08-18 01:08:52,ETHUSDT,ask,2610,7953.989
2024-08-18 01:08:52,ETHUSDT,ask,2610,7953.989
2024-08-18 01:08:53,ETHUSDT,ask,2610,7953.981
2024-08-18 01:08:53,ETHUSDT,ask,2610,7953.873
2024-08-18 01:08:53,ETHUSDT,ask,2610,7953.48
2024-08-18 01:08:54,ETHUSDT,ask,2610,7953.488
2024-08-18 01:08:55,ETHUSDT,ask,2610,7953.488
2024-08-18 01:08:56,ETHUSDT,ask,2610,7958.979
2024-08-18 01:08:58,ETHUSDT,ask,2610,7954.871
2024-08-18 01:08:58,ETHUSDT,ask,2610,7955.587
2024-08-18 01:08:58,ETHUSDT,ask,2610,7949.864
2024-08-18 01:08:58,ETHUSDT,ask,2610,7949.872
2024-08-18 01:08:58,ETHUSDT,ask,2610,7951.835
2024-08-18 01:08:59,ETHUSDT,ask,2610,7954.008
2024-08-18 01:08:59,ETHUSDT,ask,2610,7954.288
2024-08-18 01:08:59,ETHUSDT,ask,2610,7954.278
2024-08-18 01:08:59,ETHUSDT,ask,2610,7954.25
2024-08-18 01:09:00,ETHUSDT,ask,2610,7954.357
2024-08-18 01:09:00,ETHUSDT,ask,2610,7954.346
2024-08-18 01:09:00,ETHUSDT,ask,2610,7957.204
2024-08-18 01:09:00,ETHUSDT,ask,2610,7792.319
2024-08-18 01:09:00,ETHUSDT,ask,2610,7792.383
2024-08-18 01:09:01,ETHUSDT,ask,2610,7790.823
2024-08-18 01:09:01,ETHUSDT,ask,2610,7790.783
2024-08-18 01:09:01,ETHUSDT,ask,2610,7790.556
2024-08-18 01:09:01,ETHUSDT,ask,2610,7790.565
2024-08-18 01:09:02,ETHUSDT,ask,2610,7789.58
2024-08-18 01:09:02,ETHUSDT,ask,2610,7788.58
2024-08-18 01:09:02,ETHUSDT,ask,2610,7788.541
2024-08-18 01:09:02,ETHUSDT,ask,2610,7788.514
2024-08-18 01:09:02,ETHUSDT,ask,2610,7787.022
2024-08-18 01:09:03,ETHUSDT,ask,2610,7787.236
2024-08-18 01:09:03,ETHUSDT,ask,2610,7794.193
2024-08-18 01:09:03,ETHUSDT,ask,2610,7794.17
2024-08-18 01:09:03,ETHUSDT,ask,2610,7793.208
2024-08-18 01:09:04,ETHUSDT,ask,2610,7793.112
2024-08-18 01:09:04,ETHUSDT,ask,2610,7793.076
2024-08-18 01:09:04,ETHUSDT,ask,2610,7791.973
2024-08-18 01:09:04,ETHUSDT,ask,2610,7779.524
2024-08-18 01:09:05,ETHUSDT,ask,2610,7779.125
2024-08-18 01:09:05,ETHUSDT,ask,2610,7779.597
2024-08-18 01:09:05,ETHUSDT,ask,2610,7779.526
2024-08-18 01:09:05,ETHUSDT,ask,2610,7779.525
2024-08-18 01:09:05,ETHUSDT,ask,2610,6809.812
2024-08-18 01:09:05,ETHUSDT,ask,2610,6809.788
2024-08-18 01:09:05,ETHUSDT,ask,2610,6809.617
2024-08-18 01:09:06,ETHUSDT,ask,2610,6809.521
2024-08-18 01:09:06,ETHUSDT,ask,2610,6809.464
2024-08-18 01:09:06,ETHUSDT,ask,2610,6809.769
2024-08-18 01:09:06,ETHUSDT,ask,2610,6809.782
2024-08-18 01:09:06,ETHUSDT,ask,2610,6800.595
2024-08-18 01:09:06,ETHUSDT,ask,2610,6804.405
2024-08-18 01:09:07,ETHUSDT,ask,2610,6802.02
2024-08-18 01:09:07,ETHUSDT,ask,2610,6802.224
2024-08-18 01:09:07,ETHUSDT,ask,2610,6802.233
2024-08-18 01:09:07,ETHUSDT,ask,2610,6762.429
2024-08-18 01:09:07,ETHUSDT,ask,2610,6758.922
2024-08-18 01:09:07,ETHUSDT,ask,2610,6757.445
2024-08-18 01:09:08,ETHUSDT,ask,2610,6751.454
2024-08-18 01:09:08,ETHUSDT,ask,2610,6748.154
2024-08-18 01:09:08,ETHUSDT,ask,2610,6748.046
2024-08-18 01:09:08,ETHUSDT,ask,2610,6747.827
2024-08-18 01:09:08,ETHUSDT,ask,2610,6734.618
2024-08-18 01:09:09,ETHUSDT,ask,2610,6734.632
2024-08-18 01:09:09,ETHUSDT,ask,2610,6734.634
2024-08-18 01:09:09,ETHUSDT,ask,2610,6734.718
2024-08-18 01:09:09,ETHUSDT,ask,2610,6734.71
2024-08-18 01:09:10,ETHUSDT,ask,2610,6730.804
2024-08-18 01:09:10,ETHUSDT,ask,2610,6730.422
2024-08-18 01:09:10,ETHUSDT,ask,2610,6730.383
2024-08-18 01:09:11,ETHUSDT,ask,2610,6730.377
2024-08-18 01:09:11,ETHUSDT,ask,2610,6730.384
2024-08-18 01:09:11,ETHUSDT,ask,2610,6730.439
2024-08-18 01:09:11,ETHUSDT,ask,2610,6725.486
2024-08-18 01:09:12,ETHUSDT,ask,2610,6725.393
2024-08-18 01:09:12,ETHUSDT,ask,2610,6725.518
2024-08-18 01:09:12,ETHUSDT,ask,2610,6724.518
2024-08-18 01:09:12,ETHUSDT,ask,2610,6727.11
2024-08-18 01:09:12,ETHUSDT,ask,2610,6726.685
2024-08-18 01:09:12,ETHUSDT,ask,2610,6726.686
2024-08-18 01:09:12,ETHUSDT,ask,2610,6725.491
2024-08-18 01:09:12,ETHUSDT,ask,2610,6725.586
2024-08-18 01:09:12,ETHUSDT,ask,2610,6725.574
2024-08-18 01:09:12,ETHUSDT,ask,2610,6725.638
2024-08-18 01:09:12,ETHUSDT,ask,2610,6728.238
2024-08-18 01:09:13,ETHUSDT,ask,2610,6728.673
2024-08-18 01:09:13,ETHUSDT,ask,2610,6728.697
2024-08-18 01:09:13,ETHUSDT,ask,2610,6728.27
2024-08-18 01:09:13,ETHUSDT,ask,2610,6728.243
2024-08-18 01:09:13,ETHUSDT,ask,2610,6728.258
2024-08-18 01:09:13,ETHUSDT,ask,2610,6728.266
2024-08-18 01:09:14,ETHUSDT,ask,2610,6726.354
2024-08-18 01:09:14,ETHUSDT,ask,2610,6726.404
2024-08-18 01:09:14,ETHUSDT,ask,2610,6723.884
2024-08-18 01:09:14,ETHUSDT,ask,2610,6723.906
2024-08-18 01:09:14,ETHUSDT,ask,2610,6723.903
2024-08-18 01:09:14,ETHUSDT,ask,2610,6723.883
2024-08-18 01:09:14,ETHUSDT,ask,2610,6723.886
2024-08-18 01:09:15,ETHUSDT,ask,2610,6723.503
2024-08-18 01:09:15,ETHUSDT,ask,2610,6723.54
2024-08-18 01:09:15,ETHUSDT,ask,2610,6723.393
2024-08-18 01:09:15,ETHUSDT,ask,2610,6723.334
2024-08-18 01:09:15,ETHUSDT,ask,2610,6720.333
2024-08-18 01:09:16,ETHUSDT,ask,2610,6711.463
2024-08-18 01:09:16,ETHUSDT,ask,2610,6711.378
2024-08-18 01:09:16,ETHUSDT,ask,2610,6711.393
2024-08-18 01:09:16,ETHUSDT,ask,2610,6711.37
2024-08-18 01:09:16,ETHUSDT,ask,2610,6711.369
2024-08-18 01:09:16,ETHUSDT,ask,2610,6711.349
2024-08-18 01:09:16,ETHUSDT,ask,2610,6711.731
2024-08-18 01:09:17,ETHUSDT,ask,2610,6711.731
2024-08-18 01:09:17,ETHUSDT,ask,2610,6711.827
2024-08-18 01:09:17,ETHUSDT,ask,2610,6711.962
2024-08-18 01:09:17,ETHUSDT,ask,2610,6711.936
2024-08-18 01:09:17,ETHUSDT,ask,2610,6711.926
2024-08-18 01:09:17,ETHUSDT,ask,2610,6710.785
2024-08-18 01:09:18,ETHUSDT,ask,2610,6710.815
2024-08-18 01:09:18,ETHUSDT,ask,2610,6710.72
2024-08-18 01:09:18,ETHUSDT,ask,2610,6710.73
2024-08-18 01:09:18,ETHUSDT,ask,2610,6710.731
2024-08-18 01:09:18,ETHUSDT,ask,2610,6710.681
2024-08-18 01:09:18,ETHUSDT,ask,2610,6712.715
2024-08-18 01:09:19,ETHUSDT,ask,2610,6712.872
2024-08-18 01:09:19,ETHUSDT,ask,2610,6713.316
2024-08-18 01:09:19,ETHUSDT,ask,2610,6713.315
2024-08-18 01:09:19,ETHUSDT,ask,2610,6713.282
2024-08-18 01:09:20,ETHUSDT,ask,2610,6712.882
2024-08-18 01:09:20,ETHUSDT,ask,2610,6712.881
2024-08-18 01:09:20,ETHUSDT,ask,2610,6712.871
2024-08-18 01:09:20,ETHUSDT,ask,2610,6707.14
2024-08-18 01:09:20,ETHUSDT,ask,2610,6709.039
2024-08-18 01:09:20,ETHUSDT,ask,2610,6709.048
2024-08-18 01:09:21,ETHUSDT,ask,2610,6709.047
2024-08-18 01:09:21,ETHUSDT,ask,2610,6709.058
2024-08-18 01:09:21,ETHUSDT,ask,2610,6707.115
2024-08-18 01:09:21,ETHUSDT,ask,2610,6707.532
2024-08-18 01:09:21,ETHUSDT,ask,2610,6707.525
2024-08-18 01:09:21,ETHUSDT,ask,2610,6707.376
2024-08-18 01:09:21,ETHUSDT,ask,2610,6707.484
2024-08-18 01:09:21,ETHUSDT,ask,2610,6697.822
2024-08-18 01:09:21,ETHUSDT,ask,2610,6698.304
2024-08-18 01:09:21,ETHUSDT,ask,2610,6698.308
2024-08-18 01:09:21,ETHUSDT,ask,2610,6698.299
2024-08-18 01:09:21,ETHUSDT,ask,2610,6697.876
2024-08-18 01:09:22,ETHUSDT,ask,2610,6697.372
2024-08-18 01:09:22,ETHUSDT,ask,2610,6696.925
2024-08-18 01:09:22,ETHUSDT,ask,2610,6696.921
2024-08-18 01:09:22,ETHUSDT,ask,2610,6697.073
2024-08-18 01:09:22,ETHUSDT,ask,2610,6696.478
2024-08-18 01:09:22,ETHUSDT,ask,2610,6697.148
2024-08-18 01:09:23,ETHUSDT,ask,2610,6731.058
2024-08-18 01:09:23,ETHUSDT,ask,2610,6730.293
2024-08-18 01:09:24,ETHUSDT,ask,2610,6730.286
2024-08-18 01:09:24,ETHUSDT,ask,2610,6730.234
2024-08-18 01:09:24,ETHUSDT,ask,2610,6730.256
2024-08-18 01:09:24,ETHUSDT,ask,2610,6730.269
2024-08-18 01:09:24,ETHUSDT,ask,2610,6730.231
2024-08-18 01:09:24,ETHUSDT,ask,2610,6730.285
2024-08-18 01:09:24,ETHUSDT,ask,2610,6730.307
2024-08-18 01:09:25,ETHUSDT,ask,2610,6730.242
2024-08-18 01:09:25,ETHUSDT,ask,2610,6727.322
2024-08-18 01:09:25,ETHUSDT,ask,2610,6727.373
2024-08-18 01:09:25,ETHUSDT,ask,2610,6727.22
2024-08-18 01:09:25,ETHUSDT,ask,2610,6727.214
2024-08-18 01:09:25,ETHUSDT,ask,2610,6727.216
2024-08-18 01:09:26,ETHUSDT,ask,2610,6727.204
2024-08-18 01:09:26,ETHUSDT,ask,2610,6726.72
2024-08-18 01:09:26,ETHUSDT,ask,2610,6726.732
2024-08-18 01:09:26,ETHUSDT,ask,2610,6726.577
2024-08-18 01:09:26,ETHUSDT,ask,2610,6723.462
2024-08-18 01:09:26,ETHUSDT,ask,2610,6723.435
2024-08-18 01:09:27,ETHUSDT,ask,2610,6723.803
2024-08-18 01:09:27,ETHUSDT,ask,2610,6723.873
2024-08-18 01:09:27,ETHUSDT,ask,2610,6723.855
2024-08-18 01:09:27,ETHUSDT,ask,2610,6723.742
2024-08-18 01:09:27,ETHUSDT,ask,2610,6723.756
2024-08-18 01:09:28,ETHUSDT,ask,2610,6723.805
2024-08-18 01:09:28,ETHUSDT,ask,2610,6723.64
2024-08-18 01:09:28,ETHUSDT,ask,2610,6701.355
2024-08-18 01:09:28,ETHUSDT,ask,2610,6701.226
2024-08-18 01:09:28,ETHUSDT,ask,2610,6701.228
2024-08-18 01:09:28,ETHUSDT,ask,2610,6701.138
2024-08-18 01:09:29,ETHUSDT,ask,2610,6701.089
2024-08-18 01:09:29,ETHUSDT,ask,2610,6701.1
2024-08-18 01:09:29,ETHUSDT,ask,2610,6700.31
2024-08-18 01:09:29,ETHUSDT,ask,2610,6700.288
2024-08-18 01:09:29,ETHUSDT,ask,2610,6699.288
2024-08-18 01:09:29,ETHUSDT,ask,2610,6699.286
2024-08-18 01:09:29,ETHUSDT,ask,2610,6699.275
2024-08-18 01:09:29,ETHUSDT,ask,2610,6699.288
2024-08-18 01:09:30,ETHUSDT,ask,2610,6699.284
2024-08-18 01:09:30,ETHUSDT,ask,2610,6699.396
2024-08-18 01:09:30,ETHUSDT,ask,2610,6699.635
2024-08-18 01:09:30,ETHUSDT,ask,2610,6699.634
2024-08-18 01:09:30,ETHUSDT,ask,2610,6699.642
2024-08-18 01:09:30,ETHUSDT,ask,2610,6699.641
2024-08-18 01:09:31,ETHUSDT,ask,2610,6699.682
2024-08-18 01:09:31,ETHUSDT,ask,2610,6699.684
2024-08-18 01:09:31,ETHUSDT,ask,2610,6699.693
2024-08-18 01:09:31,ETHUSDT,ask,2610,6699.667
2024-08-18 01:09:32,ETHUSDT,ask,2610,6699.198
2024-08-18 01:09:32,ETHUSDT,ask,2610,6699.19
2024-08-18 01:09:32,ETHUSDT,ask,2610,6698.379
2024-08-18 01:09:32,ETHUSDT,ask,2610,6698.096
2024-08-18 01:09:32,ETHUSDT,ask,2610,6698.083
2024-08-18 01:09:32,ETHUSDT,ask,2610,6698.072
2024-08-18 01:09:33,ETHUSDT,ask,2610,6680.838
2024-08-18 01:09:33,ETHUSDT,ask,2610,6680.839
2024-08-18 01:09:33,ETHUSDT,ask,2610,6680.841
2024-08-18 01:09:33,ETHUSDT,ask,2610,6682.555
2024-08-18 01:09:33,ETHUSDT,ask,2610,6682.595
2024-08-18 01:09:33,ETHUSDT,ask,2610,6682.601
2024-08-18 01:09:33,ETHUSDT,ask,2610,6682.605
2024-08-18 01:09:34,ETHUSDT,ask,2610,6682.546
2024-08-18 01:09:34,ETHUSDT,ask,2610,6666.684
2024-08-18 01:09:34,ETHUSDT,ask,2610,6666.553
2024-08-18 01:09:34,ETHUSDT,ask,2610,6666.153
2024-08-18 01:09:34,ETHUSDT,ask,2610,6664.252
2024-08-18 01:09:34,ETHUSDT,ask,2610,6664.129
2024-08-18 01:09:35,ETHUSDT,ask,2610,6664.186
2024-08-18 01:09:35,ETHUSDT,ask,2610,6664.16
2024-08-18 01:09:38,ETHUSDT,ask,2610,6664.103
2024-08-18 01:09:38,ETHUSDT,ask,2610,6664.095
2024-08-18 01:09:40,ETHUSDT,ask,2610,6664.07
2024-08-18 01:09:40,ETHUSDT,ask,2610,6664.143
2024-08-18 01:09:40,ETHUSDT,ask,2610,6664.036
2024-08-18 01:09:40,ETHUSDT,ask,2610,6664.009
2024-08-18 01:09:41,ETHUSDT,ask,2610,6664.017
2024-08-18 01:09:41,ETHUSDT,ask,2610,6663.944
2024-08-18 01:09:41,ETHUSDT,ask,2610,6663.936
2024-08-18 01:09:41,ETHUSDT,ask,2610,6663.944
2024-08-18 01:09:42,ETHUSDT,ask,2610,6663.836
2024-08-18 01:09:44,ETHUSDT,ask,2610,6663.828
2024-08-18 01:09:45,ETHUSDT,ask,2610,6629.155
2024-08-18 01:09:49,ETHUSDT,ask,2610,6629.213
2024-08-18 01:09:50,ETHUSDT,ask,2610,6629.155
2024-08-18 01:09:54,ETHUSDT,ask,2610,6629.213
2024-08-18 01:09:55,ETHUSDT,ask,2610,6629.155
2024-08-18 01:09:58,ETHUSDT,ask,2610,6629.192
2024-08-18 01:09:59,ETHUSDT,ask,2610,6629.155
2024-08-18 01:10:06,ETHUSDT,ask,2610,6629.181
2024-08-18 01:10:08,ETHUSDT,ask,2610,6629.346
2024-08-18 01:10:08,ETHUSDT,ask,2610,6629.368
2024-08-18 01:10:09,ETHUSDT,ask,2610,6629.376
2024-08-18 01:10:09,ETHUSDT,ask,2610,6629.392
2024-08-18 01:10:09,ETHUSDT,ask,2610,6629.484
2024-08-18 01:10:09,ETHUSDT,ask,2610,6629.496
2024-08-18 01:10:09,ETHUSDT,ask,2610,6628.915
2024-08-18 01:10:10,ETHUSDT,ask,2610,6628.903
2024-08-18 01:10:10,ETHUSDT,ask,2610,6628.895
2024-08-18 01:10:10,ETHUSDT,ask,2610,6628.878
2024-08-18 01:10:10,ETHUSDT,ask,2610,6625.656
2024-08-18 01:10:10,ETHUSDT,ask,2610,6625.598
2024-08-18 01:10:10,ETHUSDT,ask,2610,6625.584
2024-08-18 01:10:10,ETHUSDT,ask,2610,6625.581
2024-08-18 01:10:10,ETHUSDT,ask,2610,6625.583
2024-08-18 01:10:10,ETHUSDT,ask,2610,6625.611
2024-08-18 01:10:11,ETHUSDT,ask,2610,6623.928
2024-08-18 01:10:11,ETHUSDT,ask,2610,6624.012
2024-08-18 01:10:11,ETHUSDT,ask,2610,6624.0
2024-08-18 01:10:11,ETHUSDT,ask,2610,6623.999
2024-08-18 01:10:11,ETHUSDT,ask,2610,6599.721
2024-08-18 01:10:12,ETHUSDT,ask,2610,6599.66
2024-08-18 01:10:12,ETHUSDT,ask,2610,6599.646
2024-08-18 01:10:12,ETHUSDT,ask,2610,6599.694
2024-08-18 01:10:12,ETHUSDT,ask,2610,6507.598
2024-08-18 01:10:12,ETHUSDT,ask,2610,6478.845
2024-08-18 01:10:12,ETHUSDT,ask,2610,6480.05
2024-08-18 01:10:12,ETHUSDT,ask,2610,6480.041
2024-08-18 01:10:12,ETHUSDT,ask,2610,6482.531
2024-08-18 01:10:12,ETHUSDT,ask,2610,6482.543
2024-08-18 01:10:13,ETHUSDT,ask,2610,6008.826
2024-08-18 01:10:13,ETHUSDT,ask,2610,6014.783
2024-08-18 01:10:13,ETHUSDT,ask,2610,6010.021
2024-08-18 01:10:13,ETHUSDT,ask,2610,6008.629
2024-08-18 01:10:13,ETHUSDT,ask,2610,6008.533
2024-08-18 01:10:13,ETHUSDT,ask,2610,6007.27
2024-08-18 01:10:13,ETHUSDT,ask,2610,6007.181
2024-08-18 01:10:14,ETHUSDT,ask,2610,6007.173
2024-08-18 01:10:14,ETHUSDT,ask,2610,6007.159
2024-08-18 01:10:14,ETHUSDT,ask,2610,6007.167
2024-08-18 01:10:14,ETHUSDT,ask,2610,6007.175
2024-08-18 01:10:14,ETHUSDT,ask,2610,6007.167
2024-08-18 01:10:15,ETHUSDT,ask,2610,6007.103
2024-08-18 01:10:17,ETHUSDT,ask,2610,6007.266
2024-08-18 01:10:18,ETHUSDT,ask,2610,6007.296
2024-08-18 01:10:19,ETHUSDT,ask,2610,6007.266
2024-08-18 01:10:21,ETHUSDT,ask,2610,6007.238
2024-08-18 01:10:21,ETHUSDT,ask,2610,6007.254
2024-08-18 01:10:23,ETHUSDT,ask,2610,6007.238
2024-08-18 01:10:23,ETHUSDT,ask,2610,6007.075
2024-08-18 01:10:23,ETHUSDT,ask,2610,6007.446
2024-08-18 01:10:23,ETHUSDT,ask,2610,6007.438
2024-08-18 01:10:24,ETHUSDT,ask,2610,6007.133
2024-08-18 01:10:25,ETHUSDT,ask,2610,6007.166
2024-08-18 01:10:26,ETHUSDT,ask,2610,6007.133
2024-08-18 01:10:27,ETHUSDT,ask,2610,6007.183
2024-08-18 01:10:28,ETHUSDT,ask,2610,6007.133
2024-08-18 01:10:30,ETHUSDT,ask,2610,6007.191
2024-08-18 01:10:31,ETHUSDT,ask,2610,6007.177
2024-08-18 01:10:32,ETHUSDT,ask,2610,6007.169
2024-08-18 01:10:32,ETHUSDT,ask,2610,6007.111
2024-08-18 01:10:34,ETHUSDT,ask,2610,6006.639
2024-08-18 01:10:37,ETHUSDT,ask,2610,6006.639
2024-08-18 01:10:37,ETHUSDT,ask,2610,6006.639
2024-08-18 01:10:37,ETHUSDT,ask,2610,6006.647
2024-08-18 01:10:39,ETHUSDT,ask,2610,6006.639
2024-08-18 01:10:44,ETHUSDT,ask,2610,6010.439
2024-08-18 01:10:45,ETHUSDT,ask,2610,6010.447
2024-08-18 01:10:46,ETHUSDT,ask,2610,6006.647
2024-08-18 01:10:47,ETHUSDT,ask,2610,6007.09
2024-08-18 01:10:48,ETHUSDT,ask,2610,6009.033
2024-08-18 01:10:49,ETHUSDT,ask,2610,6007.09
2024-08-18 01:10:51,ETHUSDT,ask,2610,6006.639
2024-08-18 01:10:54,ETHUSDT,ask,2610,6012.279
2024-08-18 01:10:54,ETHUSDT,ask,2610,6006.639
2024-08-18 01:11:00,ETHUSDT,ask,2610,6006.732
2024-08-18 01:11:02,ETHUSDT,ask,2610,6006.639
2024-08-18 01:11:03,ETHUSDT,ask,2610,6006.689
2024-08-18 01:11:04,ETHUSDT,ask,2610,6010.489
2024-08-18 01:11:04,ETHUSDT,ask,2610,6006.689
2024-08-18 01:11:04,ETHUSDT,ask,2610,6006.639
2024-08-18 01:11:05,ETHUSDT,ask,2610,6008.582
2024-08-18 01:11:06,ETHUSDT,ask,2610,6008.173
2024-08-18 01:11:06,ETHUSDT,ask,2610,6006.23
2024-08-18 01:11:08,ETHUSDT,ask,2610,6008.173
2024-08-18 01:11:11,ETHUSDT,ask,2610,6006.23
2024-08-18 01:11:12,ETHUSDT,ask,2610,6011.824
2024-08-18 01:11:12,ETHUSDT,ask,2610,6013.767
2024-08-18 01:11:12,ETHUSDT,ask,2610,6008.173
2024-08-18 01:11:12,ETHUSDT,ask,2610,6008.181
2024-08-18 01:11:12,ETHUSDT,ask,2610,6006.238
2024-08-18 01:11:13,ETHUSDT,ask,2610,6006.23
2024-08-18 01:11:13,ETHUSDT,ask,2610,6006.238
2024-08-18 01:11:15,ETHUSDT,ask,2610,6008.181
2024-08-18 01:11:17,ETHUSDT,ask,2610,6006.238
2024-08-18 01:11:18,ETHUSDT,ask,2610,6006.238
2024-08-18 01:11:18,ETHUSDT,ask,2610,6006.246
2024-08-18 01:11:22,ETHUSDT,ask,2610,6011.87
2024-08-18 01:11:22,ETHUSDT,ask,2610,6006.246
2024-08-18 01:11:26,ETHUSDT,ask,2610,6006.238
2024-08-18 01:11:32,ETHUSDT,ask,2610,6006.195
2024-08-18 01:11:32,ETHUSDT,ask,2610,6005.379
2024-08-18 01:11:32,ETHUSDT,ask,2610,6005.389
2024-08-18 01:11:33,ETHUSDT,ask,2610,5916.645
2024-08-18 01:11:33,ETHUSDT,ask,2610,5855.606
2024-08-18 01:11:33,ETHUSDT,ask,2610,5855.649
2024-08-18 01:11:33,ETHUSDT,ask,2610,5855.565
2024-08-18 01:11:33,ETHUSDT,ask,2610,5855.573
2024-08-18 01:11:33,ETHUSDT,ask,2610,5855.579
2024-08-18 01:11:33,ETHUSDT,ask,2610,5817.985
2024-08-18 01:11:33,ETHUSDT,ask,2610,5817.813
2024-08-18 01:11:34,ETHUSDT,ask,2610,5817.711
2024-08-18 01:11:34,ETHUSDT,ask,2610,5817.638
2024-08-18 01:11:34,ETHUSDT,ask,2610,5817.663
2024-08-18 01:11:35,ETHUSDT,ask,2610,5817.644
2024-08-18 01:11:35,ETHUSDT,ask,2610,5817.662
2024-08-18 01:11:35,ETHUSDT,ask,2610,5816.984
2024-08-18 01:11:35,ETHUSDT,ask,2610,5817.923
2024-08-18 01:11:35,ETHUSDT,ask,2610,5817.904
2024-08-18 01:11:35,ETHUSDT,ask,2610,5817.894
2024-08-18 01:11:35,ETHUSDT,ask,2610,5817.882
2024-08-18 01:11:35,ETHUSDT,ask,2610,5817.894
2024-08-18 01:11:37,ETHUSDT,ask,2610,5817.839
2024-08-18 01:11:37,ETHUSDT,ask,2610,5817.852
2024-08-18 01:11:37,ETHUSDT,ask,2610,5817.868
2024-08-18 01:11:37,ETHUSDT,ask,2610,5557.749
2024-08-18 01:11:37,ETHUSDT,ask,2610,5503.505
2024-08-18 01:11:37,ETHUSDT,ask,2610,5503.282
2024-08-18 01:11:37,ETHUSDT,ask,2610,5502.506
2024-08-18 01:11:37,ETHUSDT,ask,2610,5502.339
2024-08-18 01:11:37,ETHUSDT,ask,2610,5502.367
2024-08-18 01:11:37,ETHUSDT,ask,2610,5502.357
2024-08-18 01:11:39,ETHUSDT,ask,2610,5506.044
2024-08-18 01:11:39,ETHUSDT,ask,2610,5504.159
2024-08-18 01:11:39,ETHUSDT,ask,2610,5504.174
2024-08-18 01:11:39,ETHUSDT,ask,2610,5504.188
2024-08-18 01:11:39,ETHUSDT,ask,2610,5503.878
2024-08-18 01:11:39,ETHUSDT,ask,2610,5500.245
2024-08-18 01:11:39,ETHUSDT,ask,2610,5500.29
2024-08-18 01:11:39,ETHUSDT,ask,2610,5500.312
2024-08-18 01:11:39,ETHUSDT,ask,2610,5500.307
2024-08-18 01:11:39,ETHUSDT,ask,2610,5500.252
2024-08-18 01:11:39,ETHUSDT,ask,2610,5499.462
2024-08-18 01:11:40,ETHUSDT,ask,2610,5500.012
2024-08-18 01:11:40,ETHUSDT,ask,2610,5494.199
2024-08-18 01:11:40,ETHUSDT,ask,2610,5494.188
2024-08-18 01:11:40,ETHUSDT,ask,2610,5494.298
2024-08-18 01:11:40,ETHUSDT,ask,2610,5494.432
2024-08-18 01:11:40,ETHUSDT,ask,2610,5494.447
2024-08-18 01:11:40,ETHUSDT,ask,2610,5494.436
2024-08-18 01:11:40,ETHUSDT,ask,2610,5494.265
2024-08-18 01:11:40,ETHUSDT,ask,2610,5494.082
2024-08-18 01:11:41,ETHUSDT,ask,2610,5493.459
2024-08-18 01:11:41,ETHUSDT,ask,2610,5493.52
2024-08-18 01:11:41,ETHUSDT,ask,2610,5493.518
2024-08-18 01:11:41,ETHUSDT,ask,2610,5486.592
2024-08-18 01:11:41,ETHUSDT,ask,2610,5486.716
2024-08-18 01:11:41,ETHUSDT,ask,2610,5486.607
2024-08-18 01:11:41,ETHUSDT,ask,2610,5486.989
2024-08-18 01:11:42,ETHUSDT,ask,2610,5486.977
2024-08-18 01:11:42,ETHUSDT,ask,2610,5486.968
2024-08-18 01:11:42,ETHUSDT,ask,2610,5486.955
2024-08-18 01:11:42,ETHUSDT,ask,2610,5486.967
2024-08-18 01:11:42,ETHUSDT,ask,2610,5486.926
2024-08-18 01:11:42,ETHUSDT,ask,2610,5486.935
2024-08-18 01:11:42,ETHUSDT,ask,2610,5486.93
2024-08-18 01:11:43,ETHUSDT,ask,2610,5485.904
2024-08-18 01:11:43,ETHUSDT,ask,2610,5485.905
2024-08-18 01:11:43,ETHUSDT,ask,2610,5485.854
2024-08-18 01:11:43,ETHUSDT,ask,2610,5485.878
2024-08-18 01:11:43,ETHUSDT,ask,2610,5485.872
2024-08-18 01:11:44,ETHUSDT,ask,2610,5484.687
2024-08-18 01:11:44,ETHUSDT,ask,2610,5484.675
2024-08-18 01:11:44,ETHUSDT,ask,2610,5484.686
2024-08-18 01:11:44,ETHUSDT,ask,2610,5484.669
2024-08-18 01:11:44,ETHUSDT,ask,2610,5484.67
2024-08-18 01:11:44,ETHUSDT,ask,2610,5484.723
2024-08-18 01:11:44,ETHUSDT,ask,2610,5484.693
2024-08-18 01:11:44,ETHUSDT,ask,2610,5485.075
2024-08-18 01:11:44,ETHUSDT,ask,2610,5485.022
2024-08-18 01:11:45,ETHUSDT,ask,2610,5485.077
2024-08-18 01:11:45,ETHUSDT,ask,2610,5485.03
2024-08-18 01:11:45,ETHUSDT,ask,2610,5485.048
2024-08-18 01:11:45,ETHUSDT,ask,2610,5485.06
2024-08-18 01:11:45,ETHUSDT,ask,2610,5484.949
2024-08-18 01:11:45,ETHUSDT,ask,2610,5484.937
2024-08-18 01:11:45,ETHUSDT,ask,2610,5484.939
2024-08-18 01:11:45,ETHUSDT,ask,2610,5484.858
2024-08-18 01:11:45,ETHUSDT,ask,2610,5484.705
2024-08-18 01:11:46,ETHUSDT,ask,2610,5483.682
2024-08-18 01:11:46,ETHUSDT,ask,2610,5483.691
2024-08-18 01:11:46,ETHUSDT,ask,2610,5483.702
2024-08-18 01:11:46,ETHUSDT,ask,2610,5483.65
2024-08-18 01:11:46,ETHUSDT,ask,2610,5483.651
2024-08-18 01:11:46,ETHUSDT,ask,2610,5483.662
2024-08-18 01:11:46,ETHUSDT,ask,2610,5482.611
2024-08-18 01:11:46,ETHUSDT,ask,2610,5482.628
2024-08-18 01:11:46,ETHUSDT,ask,2610,5482.236
2024-08-18 01:11:46,ETHUSDT,ask,2610,5482.161
2024-08-18 01:11:47,ETHUSDT,ask,2610,5482.047
2024-08-18 01:11:47,ETHUSDT,ask,2610,5482.036
2024-08-18 01:11:47,ETHUSDT,ask,2610,5481.975
2024-08-18 01:11:47,ETHUSDT,ask,2610,5482.129
2024-08-18 01:11:47,ETHUSDT,ask,2610,5482.106
2024-08-18 01:11:48,ETHUSDT,ask,2610,5482.11
2024-08-18 01:11:48,ETHUSDT,ask,2610,5482.184
2024-08-18 01:11:48,ETHUSDT,ask,2610,5481.692
2024-08-18 01:11:48,ETHUSDT,ask,2610,5481.687
2024-08-18 01:11:48,ETHUSDT,ask,2610,5481.624
2024-08-18 01:11:48,ETHUSDT,ask,2610,5481.588
2024-08-18 01:11:48,ETHUSDT,ask,2610,5481.558
2024-08-18 01:11:48,ETHUSDT,ask,2610,5481.494
2024-08-18 01:11:49,ETHUSDT,ask,2610,5481.634
2024-08-18 01:11:49,ETHUSDT,ask,2610,5481.527
2024-08-18 01:11:49,ETHUSDT,ask,2610,5481.515
2024-08-18 01:11:49,ETHUSDT,ask,2610,5481.336
2024-08-18 01:11:49,ETHUSDT,ask,2610,5481.26
2024-08-18 01:11:49,ETHUSDT,ask,2610,5478.566
2024-08-18 01:11:49,ETHUSDT,ask,2610,5474.75
2024-08-18 01:11:50,ETHUSDT,ask,2610,5474.633
2024-08-18 01:11:50,ETHUSDT,ask,2610,5474.562
2024-08-18 01:11:50,ETHUSDT,ask,2610,5474.54
2024-08-18 01:11:50,ETHUSDT,ask,2610,5474.498
2024-08-18 01:11:50,ETHUSDT,ask,2610,5468.669
2024-08-18 01:11:50,ETHUSDT,ask,2610,5468.649
2024-08-18 01:11:50,ETHUSDT,ask,2610,5468.449
2024-08-18 01:11:50,ETHUSDT,ask,2610,5468.439
2024-08-18 01:11:50,ETHUSDT,ask,2610,5468.709
2024-08-18 01:11:51,ETHUSDT,ask,2610,5468.706
2024-08-18 01:11:51,ETHUSDT,ask,2610,5468.35
2024-08-18 01:11:51,ETHUSDT,ask,2610,5468.084
2024-08-18 01:11:51,ETHUSDT,ask,2610,5456.32
2024-08-18 01:11:51,ETHUSDT,ask,2610,5456.293
2024-08-18 01:11:51,ETHUSDT,ask,2610,5456.356
2024-08-18 01:11:51,ETHUSDT,ask,2610,5456.332
2024-08-18 01:11:51,ETHUSDT,ask,2610,5456.244
2024-08-18 01:11:51,ETHUSDT,ask,2610,5456.241
2024-08-18 01:11:52,ETHUSDT,ask,2610,5456.204
2024-08-18 01:11:52,ETHUSDT,ask,2610,5450.481
2024-08-18 01:11:52,ETHUSDT,ask,2610,5450.471
2024-08-18 01:11:52,ETHUSDT,ask,2610,5450.422
2024-08-18 01:11:52,ETHUSDT,ask,2610,5450.39
2024-08-18 01:11:52,ETHUSDT,ask,2610,5450.337
2024-08-18 01:11:52,ETHUSDT,ask,2610,5450.24
2024-08-18 01:11:52,ETHUSDT,ask,2610,5450.234
2024-08-18 01:11:52,ETHUSDT,ask,2610,5450.172
2024-08-18 01:11:52,ETHUSDT,ask,2610,5450.158
2024-08-18 01:11:52,ETHUSDT,ask,2610,5449.435
2024-08-18 01:11:52,ETHUSDT,ask,2610,5449.291
2024-08-18 01:11:52,ETHUSDT,ask,2610,5449.229
2024-08-18 01:11:52,ETHUSDT,ask,2610,5449.077
2024-08-18 01:11:53,ETHUSDT,ask,2610,4855.475
2024-08-18 01:11:53,ETHUSDT,ask,2610,4860.595
2024-08-18 01:11:53,ETHUSDT,ask,2610,4860.516
2024-08-18 01:11:53,ETHUSDT,ask,2610,4860.757
2024-08-18 01:11:53,ETHUSDT,ask,2610,4860.726
2024-08-18 01:11:53,ETHUSDT,ask,2610,4860.726
2024-08-18 01:11:53,ETHUSDT,ask,2610,4860.687
2024-08-18 01:11:53,ETHUSDT,ask,2610,4860.638
2024-08-18 01:11:53,ETHUSDT,ask,2610,4861.83
2024-08-18 01:11:54,ETHUSDT,ask,2610,4861.749
2024-08-18 01:11:54,ETHUSDT,ask,2610,4861.276
2024-08-18 01:11:54,ETHUSDT,ask,2610,4861.192
2024-08-18 01:11:54,ETHUSDT,ask,2610,4861.147
2024-08-18 01:11:54,ETHUSDT,ask,2610,4861.296
2024-08-18 01:11:54,ETHUSDT,ask,2610,4861.281
2024-08-18 01:11:54,ETHUSDT,ask,2610,4860.983
2024-08-18 01:11:54,ETHUSDT,ask,2610,4859.779
2024-08-18 01:11:54,ETHUSDT,ask,2610,4858.411
2024-08-18 01:11:54,ETHUSDT,ask,2610,4858.456
2024-08-18 01:11:54,ETHUSDT,ask,2610,4858.404
2024-08-18 01:11:55,ETHUSDT,ask,2610,4858.368
2024-08-18 01:11:55,ETHUSDT,ask,2610,4858.309
2024-08-18 01:11:55,ETHUSDT,ask,2610,4819.264
2024-08-18 01:11:55,ETHUSDT,ask,2610,4819.173
2024-08-18 01:11:55,ETHUSDT,ask,2610,4819.694
2024-08-18 01:11:55,ETHUSDT,ask,2610,4820.034
2024-08-18 01:11:56,ETHUSDT,ask,2610,4819.583
2024-08-18 01:11:56,ETHUSDT,ask,2610,4819.573
2024-08-18 01:11:56,ETHUSDT,ask,2610,4819.556
2024-08-18 01:11:56,ETHUSDT,ask,2610,4819.603
2024-08-18 01:11:56,ETHUSDT,ask,2610,4815.73
2024-08-18 01:11:57,ETHUSDT,ask,2610,4815.784
2024-08-18 01:11:57,ETHUSDT,ask,2610,4815.577
2024-08-18 01:11:57,ETHUSDT,ask,2610,4815.657
2024-08-18 01:11:57,ETHUSDT,ask,2610,4815.525
2024-08-18 01:11:57,ETHUSDT,ask,2610,4815.606
2024-08-18 01:11:57,ETHUSDT,ask,2610,4815.516
2024-08-18 01:11:57,ETHUSDT,ask,2610,4815.517
2024-08-18 01:11:57,ETHUSDT,ask,2610,4815.396
2024-08-18 01:11:58,ETHUSDT,ask,2610,4815.351
2024-08-18 01:11:58,ETHUSDT,ask,2610,4815.236
2024-08-18 01:11:58,ETHUSDT,ask,2610,4815.156
2024-08-18 01:11:58,ETHUSDT,ask,2610,4815.296
2024-08-18 01:11:58,ETHUSDT,ask,2610,4815.307
2024-08-18 01:11:58,ETHUSDT,ask,2610,4815.5
2024-08-18 01:11:58,ETHUSDT,ask,2610,4815.712
2024-08-18 01:11:58,ETHUSDT,ask,2610,4815.672
2024-08-18 01:11:59,ETHUSDT,ask,2610,4815.743
2024-08-18 01:11:59,ETHUSDT,ask,2610,4815.667
2024-08-18 01:11:59,ETHUSDT,ask,2610,4815.723
2024-08-18 01:11:59,ETHUSDT,ask,2610,4819.563
2024-08-18 01:11:59,ETHUSDT,ask,2610,4819.563
2024-08-18 01:11:59,ETHUSDT,ask,2610,4819.539
2024-08-18 01:11:59,ETHUSDT,ask,2610,4819.546
2024-08-18 01:12:00,ETHUSDT,ask,2610,4819.545
2024-08-18 01:12:00,ETHUSDT,ask,2610,4819.688
2024-08-18 01:12:00,ETHUSDT,ask,2610,4819.632
2024-08-18 01:12:00,ETHUSDT,ask,2610,4819.623
2024-08-18 01:12:01,ETHUSDT,ask,2610,4819.686
2024-08-18 01:12:01,ETHUSDT,ask,2610,4819.635
2024-08-18 01:12:01,ETHUSDT,ask,2610,4818.607
2024-08-18 01:12:01,ETHUSDT,ask,2610,4818.606
2024-08-18 01:12:01,ETHUSDT,ask,2610,4818.707
2024-08-18 01:12:01,ETHUSDT,ask,2610,4818.713
2024-08-18 01:12:01,ETHUSDT,ask,2610,4818.596
2024-08-18 01:12:01,ETHUSDT,ask,2610,4818.592
2024-08-18 01:12:02,ETHUSDT,ask,2610,4818.499
2024-08-18 01:12:02,ETHUSDT,ask,2610,4818.574
2024-08-18 01:12:02,ETHUSDT,ask,2610,4818.483
2024-08-18 01:12:02,ETHUSDT,ask,2610,4818.431
2024-08-18 01:12:02,ETHUSDT,ask,2610,4818.423
2024-08-18 01:12:02,ETHUSDT,ask,2610,4818.357
2024-08-18 01:12:02,ETHUSDT,ask,2610,4818.345
2024-08-18 01:12:03,ETHUSDT,ask,2610,4818.41
2024-08-18 01:12:03,ETHUSDT,ask,2610,4818.544
2024-08-18 01:12:03,ETHUSDT,ask,2610,4818.56
2024-08-18 01:12:03,ETHUSDT,ask,2610,4818.731
2024-08-18 01:12:03,ETHUSDT,ask,2610,4818.737
2024-08-18 01:12:03,ETHUSDT,ask,2610,4819.704
2024-08-18 01:12:04,ETHUSDT,ask,2610,4819.81
2024-08-18 01:12:04,ETHUSDT,ask,2610,4819.776
2024-08-18 01:12:04,ETHUSDT,ask,2610,4819.271
2024-08-18 01:12:04,ETHUSDT,ask,2610,4819.167
2024-08-18 01:12:04,ETHUSDT,ask,2610,4819.185
2024-08-18 01:12:04,ETHUSDT,ask,2610,4819.674
2024-08-18 01:12:04,ETHUSDT,ask,2610,4819.664
2024-08-18 01:12:04,ETHUSDT,ask,2610,4813.091
2024-08-18 01:12:05,ETHUSDT,ask,2610,4813.078
2024-08-18 01:12:05,ETHUSDT,ask,2610,4813.068
2024-08-18 01:12:05,ETHUSDT,ask,2610,4813.033
2024-08-18 01:12:05,ETHUSDT,ask,2610,4813.055
2024-08-18 01:12:05,ETHUSDT,ask,2610,4812.991
2024-08-18 01:12:06,ETHUSDT,ask,2610,4812.956
2024-08-18 01:12:06,ETHUSDT,ask,2610,4813.023
2024-08-18 01:12:06,ETHUSDT,ask,2610,4813.036
2024-08-18 01:12:06,ETHUSDT,ask,2610,4813.214
2024-08-18 01:12:06,ETHUSDT,ask,2610,4813.248
2024-08-18 01:12:07,ETHUSDT,ask,2610,4813.236
2024-08-18 01:12:07,ETHUSDT,ask,2610,4813.227
2024-08-18 01:12:07,ETHUSDT,ask,2610,4813.237
2024-08-18 01:12:07,ETHUSDT,ask,2610,4813.236
2024-08-18 01:12:07,ETHUSDT,ask,2610,4813.239
2024-08-18 01:12:08,ETHUSDT,ask,2610,4813.248
2024-08-18 01:12:08,ETHUSDT,ask,2610,4813.218
2024-08-18 01:12:08,ETHUSDT,ask,2610,4813.244
2024-08-18 01:12:08,ETHUSDT,ask,2610,4813.249
2024-08-18 01:12:08,ETHUSDT,ask,2610,4812.061
2024-08-18 01:12:08,ETHUSDT,ask,2610,4811.739
2024-08-18 01:12:09,ETHUSDT,ask,2610,4811.727
2024-08-18 01:12:09,ETHUSDT,ask,2610,4811.723
2024-08-18 01:12:09,ETHUSDT,ask,2610,4811.727
2024-08-18 01:12:09,ETHUSDT,ask,2610,4811.735
2024-08-18 01:12:09,ETHUSDT,ask,2610,4811.727
2024-08-18 01:12:09,ETHUSDT,ask,2610,4811.718
2024-08-18 01:12:09,ETHUSDT,ask,2610,4811.609
2024-08-18 01:12:10,ETHUSDT,ask,2610,4811.575
2024-08-18 01:12:10,ETHUSDT,ask,2610,4811.576
2024-08-18 01:12:10,ETHUSDT,ask,2610,4811.522
2024-08-18 01:12:10,ETHUSDT,ask,2610,4811.523
2024-08-18 01:12:10,ETHUSDT,ask,2610,4811.446
2024-08-18 01:12:11,ETHUSDT,ask,2610,4811.532
2024-08-18 01:12:11,ETHUSDT,ask,2610,4811.52
2024-08-18 01:12:11,ETHUSDT,ask,2610,4811.601
2024-08-18 01:12:11,ETHUSDT,ask,2610,4811.61
2024-08-18 01:12:11,ETHUSDT,ask,2610,4812.382
2024-08-18 01:12:12,ETHUSDT,ask,2610,4812.362
2024-08-18 01:12:12,ETHUSDT,ask,2610,4812.244
2024-08-18 01:12:12,ETHUSDT,ask,2610,4812.21
2024-08-18 01:12:12,ETHUSDT,ask,2610,4812.124
2024-08-18 01:12:12,ETHUSDT,ask,2610,4813.141
2024-08-18 01:12:12,ETHUSDT,ask,2610,4818.462
2024-08-18 01:12:12,ETHUSDT,ask,2610,4820.438
2024-08-18 01:12:12,ETHUSDT,ask,2610,4820.455
2024-08-18 01:12:13,ETHUSDT,ask,2610,4820.364
2024-08-18 01:12:13,ETHUSDT,ask,2610,4821.021
2024-08-18 01:12:13,ETHUSDT,ask,2610,4821.031
2024-08-18 01:12:13,ETHUSDT,ask,2610,4820.994
2024-08-18 01:12:14,ETHUSDT,ask,2610,4820.957
2024-08-18 01:12:14,ETHUSDT,ask,2610,4820.973
2024-08-18 01:12:14,ETHUSDT,ask,2610,4820.89
2024-08-18 01:12:14,ETHUSDT,ask,2610,4820.986
2024-08-18 01:12:14,ETHUSDT,ask,2610,4820.955
2024-08-18 01:12:14,ETHUSDT,ask,2610,4820.915
2024-08-18 01:12:15,ETHUSDT,ask,2610,4820.861
2024-08-18 01:12:15,ETHUSDT,ask,2610,4820.812
2024-08-18 01:12:15,ETHUSDT,ask,2610,4820.818
2024-08-18 01:12:15,ETHUSDT,ask,2610,4820.665
2024-08-18 01:12:15,ETHUSDT,ask,2610,4820.654
2024-08-18 01:12:15,ETHUSDT,ask,2610,4820.726
2024-08-18 01:12:16,ETHUSDT,ask,2610,4820.649
2024-08-18 01:12:16,ETHUSDT,ask,2610,4820.64
2024-08-18 01:12:16,ETHUSDT,ask,2610,4821.769
2024-08-18 01:12:16,ETHUSDT,ask,2610,4821.825
2024-08-18 01:12:16,ETHUSDT,ask,2610,4821.693
2024-08-18 01:12:16,ETHUSDT,ask,2610,4821.671
2024-08-18 01:12:16,ETHUSDT,ask,2610,4821.709
2024-08-18 01:12:16,ETHUSDT,ask,2610,4821.627
2024-08-18 01:12:16,ETHUSDT,ask,2610,4821.321
2024-08-18 01:12:17,ETHUSDT,ask,2610,4821.67
2024-08-18 01:12:17,ETHUSDT,ask,2610,4821.64
2024-08-18 01:12:17,ETHUSDT,ask,2610,4822.086
2024-08-18 01:12:17,ETHUSDT,ask,2610,4821.654
2024-08-18 01:12:17,ETHUSDT,ask,2610,4821.687
2024-08-18 01:12:17,ETHUSDT,ask,2610,4821.78
2024-08-18 01:12:17,ETHUSDT,ask,2610,4821.801
2024-08-18 01:12:17,ETHUSDT,ask,2610,4822.252
2024-08-18 01:12:17,ETHUSDT,ask,2610,4822.23
2024-08-18 01:12:17,ETHUSDT,ask,2610,4822.195
2024-08-18 01:12:18,ETHUSDT,ask,2610,4822.208
2024-08-18 01:12:18,ETHUSDT,ask,2610,4822.155
2024-08-18 01:12:18,ETHUSDT,ask,2610,4822.347
2024-08-18 01:12:18,ETHUSDT,ask,2610,4822.259
2024-08-18 01:12:18,ETHUSDT,ask,2610,4822.246
2024-08-18 01:12:18,ETHUSDT,ask,2610,4822.154
2024-08-18 01:12:18,ETHUSDT,ask,2610,4821.649
2024-08-18 01:12:19,ETHUSDT,ask,2610,4821.637
2024-08-18 01:12:19,ETHUSDT,ask,2610,4821.396
2024-08-18 01:12:19,ETHUSDT,ask,2610,4821.348
2024-08-18 01:12:19,ETHUSDT,ask,2610,4821.336
2024-08-18 01:12:19,ETHUSDT,ask,2610,4821.42
2024-08-18 01:12:19,ETHUSDT,ask,2610,4821.411
2024-08-18 01:12:19,ETHUSDT,ask,2610,4821.417
2024-08-18 01:12:19,ETHUSDT,ask,2610,4821.405
2024-08-18 01:12:20,ETHUSDT,ask,2610,4812.465
2024-08-18 01:12:20,ETHUSDT,ask,2610,4812.42
2024-08-18 01:12:20,ETHUSDT,ask,2610,4812.389
2024-08-18 01:12:20,ETHUSDT,ask,2610,4812.289
2024-08-18 01:12:20,ETHUSDT,ask,2610,4812.325
2024-08-18 01:12:20,ETHUSDT,ask,2610,4811.969
2024-08-18 01:12:20,ETHUSDT,ask,2610,4811.951
2024-08-18 01:12:20,ETHUSDT,ask,2610,4812.048
2024-08-18 01:12:21,ETHUSDT,ask,2610,4808.259
2024-08-18 01:12:21,ETHUSDT,ask,2610,4808.17
2024-08-18 01:12:21,ETHUSDT,ask,2610,4807.111
2024-08-18 01:12:21,ETHUSDT,ask,2610,4807.126
2024-08-18 01:12:21,ETHUSDT,ask,2610,4807.308
2024-08-18 01:12:21,ETHUSDT,ask,2610,4807.304
2024-08-18 01:12:21,ETHUSDT,ask,2610,4807.314
2024-08-18 01:12:22,ETHUSDT,ask,2610,4804.017
2024-08-18 01:12:22,ETHUSDT,ask,2610,4803.907
2024-08-18 01:12:22,ETHUSDT,ask,2610,4804.017
2024-08-18 01:12:22,ETHUSDT,ask,2610,4804.023
2024-08-18 01:12:22,ETHUSDT,ask,2610,4804.014
2024-08-18 01:12:22,ETHUSDT,ask,2610,4770.96
2024-08-18 01:12:23,ETHUSDT,ask,2610,4772.656
2024-08-18 01:12:23,ETHUSDT,ask,2610,4771.913
2024-08-18 01:12:23,ETHUSDT,ask,2610,4756.527
2024-08-18 01:12:23,ETHUSDT,ask,2610,4754.347
2024-08-18 01:12:23,ETHUSDT,ask,2610,4748.784
2024-08-18 01:12:24,ETHUSDT,ask,2610,4748.79
2024-08-18 01:12:24,ETHUSDT,ask,2610,4749.248
2024-08-18 01:12:24,ETHUSDT,ask,2610,4749.385
2024-08-18 01:12:24,ETHUSDT,ask,2610,4749.358
2024-08-18 01:12:24,ETHUSDT,ask,2610,4749.399
2024-08-18 01:12:24,ETHUSDT,ask,2610,4749.139
2024-08-18 01:12:25,ETHUSDT,ask,2610,4749.392
2024-08-18 01:12:25,ETHUSDT,ask,2610,4749.395
2024-08-18 01:12:25,ETHUSDT,ask,2610,4747.586
2024-08-18 01:12:25,ETHUSDT,ask,2610,4749.418
2024-08-18 01:12:25,ETHUSDT,ask,2610,4749.447
2024-08-18 01:12:25,ETHUSDT,ask,2610,4749.451
2024-08-18 01:12:26,ETHUSDT,ask,2610,4749.327
2024-08-18 01:12:26,ETHUSDT,ask,2610,4746.219
2024-08-18 01:12:26,ETHUSDT,ask,2610,4746.112
2024-08-18 01:12:26,ETHUSDT,ask,2610,4746.193
2024-08-18 01:12:26,ETHUSDT,ask,2610,4746.271
2024-08-18 01:12:26,ETHUSDT,ask,2610,4746.341
