2024-09-16 15:31:45,BTCUSDT,bid,59000,519.005
2024-09-16 15:31:47,BTCUSDT,bid,59000,519.013
2024-09-16 15:31:51,BTCUSDT,bid,59000,519.478
2024-09-16 15:31:52,BTCUSDT,bid,59000,519.476
2024-09-16 15:31:53,BTCUSDT,bid,59000,519.478
2024-09-16 08:12:46,BTCUSD_PERP,bid,58100,917.64
2024-09-16 08:12:47,BTCUSD_PERP,bid,58100,860.19
2024-09-16 08:12:47,BTCUSD_PERP,bid,58100,745.69
2024-09-16 08:12:47,BTCUSD_PERP,bid,58100,630.61
2024-09-16 08:12:47,BTCUSD_PERP,bid,58100,573.66
2024-09-16 08:12:47,BTCUSD_PERP,bid,58100,516.12
2024-09-16 08:12:47,BTCUSD_PERP,bid,58100,573.27
2024-09-16 08:12:48,BTCUSD_PERP,bid,58100,630.84
2024-09-16 08:12:48,BTCUSD_PERP,bid,58100,688.41
2024-09-16 08:12:48,BTCUSD_PERP,bid,58100,803.55
2024-09-16 08:12:48,BTCUSD_PERP,bid,58100,860.54
2024-09-16 08:12:48,BTCUSD_PERP,bid,58100,975.1
2024-09-16 08:13:10,BTCUSD_PERP,bid,58100,861.13
2024-09-16 08:13:10,BTCUSD_PERP,bid,58100,688.42
2024-09-16 08:13:10,BTCUSD_PERP,bid,58100,630.85
2024-09-16 08:13:11,BTCUSD_PERP,bid,58100,860.78
2024-09-16 08:13:11,BTCUSD_PERP,bid,58100,918.33
2024-09-16 08:13:47,BTCUSD_PERP,bid,58100,803.23
2024-09-16 08:18:55,BTCUSD_PERP,bid,58100,572.25
2024-09-16 08:23:19,BTCUSD_PERP,bid,58200,551.64
2024-09-16 08:23:19,BTCUSD_PERP,bid,58200,609.26
2024-09-16 08:24:15,BTCUSD_PERP,bid,58200,574.92
2024-09-16 08:24:30,BTCUSD_PERP,bid,58100,516.37
2024-09-16 08:24:30,BTCUSD_PERP,bid,58100,573.95
2024-09-16 08:25:34,BTCUSD_PERP,bid,58100,631.2
2024-09-16 08:25:34,BTCUSD_PERP,bid,58100,688.75
2024-09-16 08:27:39,BTCUSD_PERP,bid,58100,516.78
2024-09-16 08:27:40,BTCUSD_PERP,bid,58100,517.03
2024-09-16 08:27:40,BTCUSD_PERP,bid,58100,574.03
2024-09-16 08:28:13,BTCUSD_PERP,bid,58100,516.54
2024-09-16 08:32:12,BTCUSD_PERP,bid,58200,516.85
2024-09-16 08:33:00,BTCUSD_PERP,bid,58200,573.67
2024-09-16 08:33:00,BTCUSD_PERP,bid,58200,631.28
2024-09-16 08:33:05,BTCUSD_PERP,bid,58100,573.46
2024-09-16 08:34:27,BTCUSD_PERP,bid,58200,516.23
2024-09-16 08:35:24,BTCUSD_PERP,bid,58100,516.29
2024-09-16 08:35:37,BTCUSD_PERP,bid,58100,527.8
2024-09-16 08:36:27,BTCUSD_PERP,bid,58100,572.43
2024-09-16 08:57:11,BTCUSD_PERP,bid,58100,516.28
2024-09-16 08:57:11,BTCUSD_PERP,bid,58100,573.27
2024-09-16 08:57:11,BTCUSD_PERP,bid,58100,630.25
2024-09-16 08:57:53,BTCUSD_PERP,bid,58100,572.78
2024-09-16 09:00:14,BTCUSD_PERP,bid,58100,516.33
2024-09-16 09:00:14,BTCUSD_PERP,bid,58100,688.48
2024-09-16 09:00:14,BTCUSD_PERP,bid,58100,746.06
2024-09-16 09:00:15,BTCUSD_PERP,bid,58100,803.64
2024-09-16 09:00:29,BTCUSD_PERP,bid,58100,746.06
2024-09-16 09:00:29,BTCUSD_PERP,bid,58100,689.08
2024-09-16 09:00:29,BTCUSD_PERP,bid,58100,631.5
2024-09-16 09:00:29,BTCUSD_PERP,bid,58100,574.02
2024-09-16 09:00:45,BTCUSD_PERP,bid,58100,631.07
2024-09-16 09:00:46,BTCUSD_PERP,bid,58100,745.64
2024-09-16 09:00:46,BTCUSD_PERP,bid,58100,802.63
2024-09-16 09:00:46,BTCUSD_PERP,bid,58100,860.21
2024-09-16 09:00:46,BTCUSD_PERP,bid,58100,917.21
2024-09-16 09:00:47,BTCUSD_PERP,bid,58100,974.69
2024-09-16 09:00:53,BTCUSD_PERP,bid,58100,917.11
2024-09-16 09:00:53,BTCUSD_PERP,bid,58100,860.12
2024-09-16 09:00:54,BTCUSD_PERP,bid,58100,630.39
2024-09-16 09:00:54,BTCUSD_PERP,bid,58100,515.81
2024-09-16 09:00:54,BTCUSD_PERP,bid,58100,585.28
2024-09-16 09:01:00,BTCUSD_PERP,bid,58100,585.56
2024-09-16 09:01:00,BTCUSD_PERP,bid,58100,585.7
2024-09-16 09:01:01,BTCUSD_PERP,bid,58100,585.84
2024-09-16 09:01:03,BTCUSD_PERP,bid,58100,528.29
2024-09-16 09:01:04,BTCUSD_PERP,bid,58100,572.78
2024-09-16 09:01:31,BTCUSD_PERP,bid,58100,586.7
2024-09-16 09:01:55,BTCUSD_PERP,bid,58100,529.76
2024-09-16 09:01:56,BTCUSD_PERP,bid,58100,630.03
2024-09-16 09:01:56,BTCUSD_PERP,bid,58100,745.13
2024-09-16 09:01:56,BTCUSD_PERP,bid,58100,802.68
2024-09-16 09:01:56,BTCUSD_PERP,bid,58100,860.23
2024-09-16 09:02:14,BTCUSD_PERP,bid,58100,744.74
2024-09-16 09:02:14,BTCUSD_PERP,bid,58100,802.26
2024-09-16 15:24:58,BTCUSD_PERP,bid,58600,581.79
2024-09-16 15:24:58,BTCUSD_PERP,bid,58600,639.8
2024-09-16 15:25:14,BTCUSD_PERP,bid,58600,523.78
2024-09-16 15:28:32,BTCUSD_PERP,bid,58600,520.76
2024-09-16 15:23:54,BTCUSD_PERP,bid,58500,519.33
2024-09-16 15:23:54,BTCUSD_PERP,bid,58500,576.65
2024-09-16 15:23:55,BTCUSD_PERP,bid,58500,634.56
2024-09-16 15:23:55,BTCUSD_PERP,bid,58500,692.47
2024-09-16 15:23:55,BTCUSD_PERP,bid,58500,807.71
2024-09-16 15:23:55,BTCUSD_PERP,bid,58500,865.62
2024-09-16 15:24:17,BTCUSD_PERP,bid,58500,807.71
2024-09-16 15:24:17,BTCUSD_PERP,bid,58500,750.38
2024-09-16 15:24:18,BTCUSD_PERP,bid,58500,692.57
2024-09-16 15:24:18,BTCUSD_PERP,bid,58500,635.25
2024-09-16 15:24:18,BTCUSD_PERP,bid,58500,520.01
2024-09-16 15:24:27,BTCUSD_PERP,bid,58500,577.41
2024-09-16 15:24:27,BTCUSD_PERP,bid,58500,635.39
2024-09-16 15:24:57,BTCUSD_PERP,bid,58500,577.41
2024-09-16 15:25:14,BTCUSD_PERP,bid,58500,520.63
2024-09-16 15:25:14,BTCUSD_PERP,bid,58500,578.01
2024-09-16 15:26:14,BTCUSD_PERP,bid,58500,578.41
2024-09-16 15:26:14,BTCUSD_PERP,bid,58500,636.42
2024-09-16 15:26:52,BTCUSD_PERP,bid,58500,579.01
2024-09-16 15:26:52,BTCUSD_PERP,bid,58500,521.0
2024-09-16 15:29:14,BTCUSD_PERP,bid,58500,577.25
2024-09-16 15:29:14,BTCUSD_PERP,bid,58500,635.22
2024-09-16 15:29:18,BTCUSD_PERP,bid,58500,635.36
2024-09-16 15:30:01,BTCUSD_PERP,bid,58500,577.49
2024-09-16 15:30:02,BTCUSD_PERP,bid,58500,519.52
2024-09-16 15:34:23,BTCUSD_PERP,bid,58500,576.84
2024-09-16 15:34:23,BTCUSD_PERP,bid,58500,634.17
2024-09-16 15:34:23,BTCUSD_PERP,bid,58500,692.09
2024-09-16 15:34:23,BTCUSD_PERP,bid,58500,706.11
2024-09-16 15:36:05,BTCUSD_PERP,bid,58500,648.19
2024-09-16 15:36:06,BTCUSD_PERP,bid,58500,590.27
2024-09-16 15:36:06,BTCUSD_PERP,bid,58500,532.35
2024-09-16 15:36:07,BTCUSD_PERP,bid,58500,577.26
2024-09-16 15:36:07,BTCUSD_PERP,bid,58500,577.4
2024-09-16 15:36:07,BTCUSD_PERP,bid,58500,634.78
2024-09-16 15:36:07,BTCUSD_PERP,bid,58500,692.15
2024-09-16 15:37:15,BTCUSD_PERP,bid,58500,692.74
2024-09-16 15:37:30,BTCUSD_PERP,bid,58500,519.03
2024-09-16 15:37:30,BTCUSD_PERP,bid,58500,576.96
2024-09-16 14:48:08,BTCUSD_PERP,bid,58400,533.31
2024-09-16 14:48:08,BTCUSD_PERP,bid,58400,591.14
2024-09-16 14:51:26,BTCUSD_PERP,bid,58400,518.71
2024-09-16 14:51:26,BTCUSD_PERP,bid,58400,575.96
2024-09-16 14:51:54,BTCUSD_PERP,bid,58400,518.12
2024-09-16 14:51:54,BTCUSD_PERP,bid,58400,575.66
2024-09-16 14:54:22,BTCUSD_PERP,bid,58400,518.79
2024-09-16 14:54:22,BTCUSD_PERP,bid,58400,576.63
2024-09-16 14:54:22,BTCUSD_PERP,bid,58400,633.88
2024-09-16 14:54:37,BTCUSD_PERP,bid,58400,517.85
2024-09-16 14:54:39,BTCUSD_PERP,bid,58400,518.78
2024-09-16 14:54:39,BTCUSD_PERP,bid,58400,576.04
2024-09-16 14:58:38,BTCUSD_PERP,bid,58400,575.72
2024-09-16 15:00:03,BTCUSD_PERP,bid,58400,518.2
2024-09-16 15:02:29,BTCUSD_PERP,bid,58400,518.71
2024-09-16 15:02:29,BTCUSD_PERP,bid,58400,576.54
2024-09-16 15:02:34,BTCUSD_PERP,bid,58400,519.29
2024-09-16 15:09:18,BTCUSD_PERP,bid,58400,576.12
2024-09-16 15:09:18,BTCUSD_PERP,bid,58400,633.97
2024-09-16 15:22:04,BTCUSD_PERP,bid,58400,518.29
2024-09-16 15:22:04,BTCUSD_PERP,bid,58400,633.4
2024-09-16 15:22:04,BTCUSD_PERP,bid,58400,691.25
2024-09-16 15:22:04,BTCUSD_PERP,bid,58400,749.1
2024-09-16 15:22:27,BTCUSD_PERP,bid,58400,633.99
2024-09-16 15:22:27,BTCUSD_PERP,bid,58400,576.14
2024-09-16 15:22:27,BTCUSD_PERP,bid,58400,518.88
2024-09-16 15:39:55,BTCUSD_PERP,bid,58400,518.5
2024-09-16 15:40:48,BTCUSD_PERP,bid,58400,518.22
2024-09-16 15:56:20,BTCUSD_PERP,bid,58400,518.29
