2024-09-16 15:31:45,BTCUSDT,bid,59000,519.005
2024-09-16 15:31:47,BTCUSDT,bid,59000,519.013
2024-09-16 15:31:51,BTCUSDT,bid,59000,519.478
2024-09-16 15:31:52,BTCUSDT,bid,59000,519.476
2024-09-16 15:31:53,BTCUSDT,bid,59000,519.478
2024-09-16 08:12:46,BTCUSD_PERP,bid,58100,917.64
2024-09-16 08:12:47,BTCUSD_PERP,bid,58100,860.19
2024-09-16 08:12:47,BTCUSD_PERP,bid,58100,745.69
2024-09-16 08:12:47,BTCUSD_PERP,bid,58100,630.61
2024-09-16 08:12:47,BTCUSD_PERP,bid,58100,573.66
2024-09-16 08:12:47,BTCUSD_PERP,bid,58100,516.12
2024-09-16 08:12:47,BTCUSD_PERP,bid,58100,573.27
2024-09-16 08:12:48,BTCUSD_PERP,bid,58100,630.84
2024-09-16 08:12:48,BTCUSD_PERP,bid,58100,688.41
2024-09-16 08:12:48,BTCUSD_PERP,bid,58100,803.55
2024-09-16 08:12:48,BTCUSD_PERP,bid,58100,860.54
2024-09-16 08:12:48,BTCUSD_PERP,bid,58100,975.1
2024-09-16 08:13:10,BTCUSD_PERP,bid,58100,861.13
2024-09-16 08:13:10,BTCUSD_PERP,bid,58100,688.42
2024-09-16 08:13:10,BTCUSD_PERP,bid,58100,630.85
2024-09-16 08:13:11,BTCUSD_PERP,bid,58100,860.78
2024-09-16 08:13:11,BTCUSD_PERP,bid,58100,918.33
2024-09-16 08:13:47,BTCUSD_PERP,bid,58100,803.23
2024-09-16 08:18:55,BTCUSD_PERP,bid,58100,572.25
2024-09-16 08:23:19,BTCUSD_PERP,bid,58200,551.64
2024-09-16 08:23:19,BTCUSD_PERP,bid,58200,609.26
2024-09-16 08:24:15,BTCUSD_PERP,bid,58200,574.92
2024-09-16 08:24:30,BTCUSD_PERP,bid,58100,516.37
2024-09-16 08:24:30,BTCUSD_PERP,bid,58100,573.95
2024-09-16 08:25:34,BTCUSD_PERP,bid,58100,631.2
2024-09-16 08:25:34,BTCUSD_PERP,bid,58100,688.75
2024-09-16 08:27:39,BTCUSD_PERP,bid,58100,516.78
2024-09-16 08:27:40,BTCUSD_PERP,bid,58100,517.03
2024-09-16 08:27:40,BTCUSD_PERP,bid,58100,574.03
2024-09-16 08:28:13,BTCUSD_PERP,bid,58100,516.54
2024-09-16 08:32:12,BTCUSD_PERP,bid,58200,516.85
2024-09-16 08:33:00,BTCUSD_PERP,bid,58200,573.67
2024-09-16 08:33:00,BTCUSD_PERP,bid,58200,631.28
2024-09-16 08:33:05,BTCUSD_PERP,bid,58100,573.46
2024-09-16 08:34:27,BTCUSD_PERP,bid,58200,516.23
2024-09-16 08:35:24,BTCUSD_PERP,bid,58100,516.29
2024-09-16 08:35:37,BTCUSD_PERP,bid,58100,527.8
2024-09-16 08:36:27,BTCUSD_PERP,bid,58100,572.43
2024-09-16 08:57:11,BTCUSD_PERP,bid,58100,516.28
2024-09-16 08:57:11,BTCUSD_PERP,bid,58100,573.27
2024-09-16 08:57:11,BTCUSD_PERP,bid,58100,630.25
2024-09-16 08:57:53,BTCUSD_PERP,bid,58100,572.78
2024-09-16 09:00:14,BTCUSD_PERP,bid,58100,516.33
2024-09-16 09:00:14,BTCUSD_PERP,bid,58100,688.48
2024-09-16 09:00:14,BTCUSD_PERP,bid,58100,746.06
2024-09-16 09:00:15,BTCUSD_PERP,bid,58100,803.64
2024-09-16 09:00:29,BTCUSD_PERP,bid,58100,746.06
2024-09-16 09:00:29,BTCUSD_PERP,bid,58100,689.08
2024-09-16 09:00:29,BTCUSD_PERP,bid,58100,631.5
2024-09-16 09:00:29,BTCUSD_PERP,bid,58100,574.02
2024-09-16 09:00:45,BTCUSD_PERP,bid,58100,631.07
2024-09-16 09:00:46,BTCUSD_PERP,bid,58100,745.64
2024-09-16 09:00:46,BTCUSD_PERP,bid,58100,802.63
2024-09-16 09:00:46,BTCUSD_PERP,bid,58100,860.21
2024-09-16 09:00:46,BTCUSD_PERP,bid,58100,917.21
2024-09-16 09:00:47,BTCUSD_PERP,bid,58100,974.69
2024-09-16 09:00:53,BTCUSD_PERP,bid,58100,917.11
2024-09-16 09:00:53,BTCUSD_PERP,bid,58100,860.12
2024-09-16 09:00:54,BTCUSD_PERP,bid,58100,630.39
2024-09-16 09:00:54,BTCUSD_PERP,bid,58100,515.81
2024-09-16 09:00:54,BTCUSD_PERP,bid,58100,585.28
2024-09-16 09:01:00,BTCUSD_PERP,bid,58100,585.56
2024-09-16 09:01:00,BTCUSD_PERP,bid,58100,585.7
2024-09-16 09:01:01,BTCUSD_PERP,bid,58100,585.84
2024-09-16 09:01:03,BTCUSD_PERP,bid,58100,528.29
2024-09-16 09:01:04,BTCUSD_PERP,bid,58100,572.78
2024-09-16 09:01:31,BTCUSD_PERP,bid,58100,586.7
2024-09-16 09:01:55,BTCUSD_PERP,bid,58100,529.76
2024-09-16 09:01:56,BTCUSD_PERP,bid,58100,630.03
2024-09-16 09:01:56,BTCUSD_PERP,bid,58100,745.13
2024-09-16 09:01:56,BTCUSD_PERP,bid,58100,802.68
2024-09-16 09:01:56,BTCUSD_PERP,bid,58100,860.23
2024-09-16 09:02:14,BTCUSD_PERP,bid,58100,744.74
2024-09-16 09:02:14,BTCUSD_PERP,bid,58100,802.26
2024-09-16 15:24:58,BTCUSD_PERP,bid,58600,581.79
2024-09-16 15:24:58,BTCUSD_PERP,bid,58600,639.8
2024-09-16 15:25:14,BTCUSD_PERP,bid,58600,523.78
2024-09-16 15:28:32,BTCUSD_PERP,bid,58600,520.76
2024-09-16 15:23:54,BTCUSD_PERP,bid,58500,519.33
2024-09-16 15:23:54,BTCUSD_PERP,bid,58500,576.65
2024-09-16 15:23:55,BTCUSD_PERP,bid,58500,634.56
2024-09-16 15:23:55,BTCUSD_PERP,bid,58500,692.47
2024-09-16 15:23:55,BTCUSD_PERP,bid,58500,807.71
2024-09-16 15:23:55,BTCUSD_PERP,bid,58500,865.62
2024-09-16 15:24:17,BTCUSD_PERP,bid,58500,807.71
2024-09-16 15:24:17,BTCUSD_PERP,bid,58500,750.38
2024-09-16 15:24:18,BTCUSD_PERP,bid,58500,692.57
2024-09-16 15:24:18,BTCUSD_PERP,bid,58500,635.25
2024-09-16 15:24:18,BTCUSD_PERP,bid,58500,520.01
2024-09-16 15:24:27,BTCUSD_PERP,bid,58500,577.41
2024-09-16 15:24:27,BTCUSD_PERP,bid,58500,635.39
2024-09-16 15:24:57,BTCUSD_PERP,bid,58500,577.41
2024-09-16 15:25:14,BTCUSD_PERP,bid,58500,520.63
2024-09-16 15:25:14,BTCUSD_PERP,bid,58500,578.01
2024-09-16 15:26:14,BTCUSD_PERP,bid,58500,578.41
2024-09-16 15:26:14,BTCUSD_PERP,bid,58500,636.42
2024-09-16 15:26:52,BTCUSD_PERP,bid,58500,579.01
2024-09-16 15:26:52,BTCUSD_PERP,bid,58500,521.0
2024-09-16 15:29:14,BTCUSD_PERP,bid,58500,577.25
2024-09-16 15:29:14,BTCUSD_PERP,bid,58500,635.22
2024-09-16 15:29:18,BTCUSD_PERP,bid,58500,635.36
2024-09-16 15:30:01,BTCUSD_PERP,bid,58500,577.49
2024-09-16 15:30:02,BTCUSD_PERP,bid,58500,519.52
2024-09-16 15:34:23,BTCUSD_PERP,bid,58500,576.84
2024-09-16 15:34:23,BTCUSD_PERP,bid,58500,634.17
2024-09-16 15:34:23,BTCUSD_PERP,bid,58500,692.09
2024-09-16 15:34:23,BTCUSD_PERP,bid,58500,706.11
2024-09-16 15:36:05,BTCUSD_PERP,bid,58500,648.19
2024-09-16 15:36:06,BTCUSD_PERP,bid,58500,590.27
2024-09-16 15:36:06,BTCUSD_PERP,bid,58500,532.35
2024-09-16 15:36:07,BTCUSD_PERP,bid,58500,577.26
2024-09-16 15:36:07,BTCUSD_PERP,bid,58500,577.4
2024-09-16 15:36:07,BTCUSD_PERP,bid,58500,634.78
2024-09-16 15:36:07,BTCUSD_PERP,bid,58500,692.15
2024-09-16 15:37:15,BTCUSD_PERP,bid,58500,692.74
2024-09-16 15:37:30,BTCUSD_PERP,bid,58500,519.03
2024-09-16 15:37:30,BTCUSD_PERP,bid,58500,576.96
2024-09-16 14:48:08,BTCUSD_PERP,bid,58400,533.31
2024-09-16 14:48:08,BTCUSD_PERP,bid,58400,591.14
2024-09-16 14:51:26,BTCUSD_PERP,bid,58400,518.71
2024-09-16 14:51:26,BTCUSD_PERP,bid,58400,575.96
2024-09-16 14:51:54,BTCUSD_PERP,bid,58400,518.12
2024-09-16 14:51:54,BTCUSD_PERP,bid,58400,575.66
2024-09-16 14:54:22,BTCUSD_PERP,bid,58400,518.79
2024-09-16 14:54:22,BTCUSD_PERP,bid,58400,576.63
2024-09-16 14:54:22,BTCUSD_PERP,bid,58400,633.88
2024-09-16 14:54:37,BTCUSD_PERP,bid,58400,517.85
2024-09-16 14:54:39,BTCUSD_PERP,bid,58400,518.78
2024-09-16 14:54:39,BTCUSD_PERP,bid,58400,576.04
2024-09-16 14:58:38,BTCUSD_PERP,bid,58400,575.72
2024-09-16 15:00:03,BTCUSD_PERP,bid,58400,518.2
2024-09-16 15:02:29,BTCUSD_PERP,bid,58400,518.71
2024-09-16 15:02:29,BTCUSD_PERP,bid,58400,576.54
2024-09-16 15:02:34,BTCUSD_PERP,bid,58400,519.29
2024-09-16 15:09:18,BTCUSD_PERP,bid,58400,576.12
2024-09-16 15:09:18,BTCUSD_PERP,bid,58400,633.97
2024-09-16 15:22:04,BTCUSD_PERP,bid,58400,518.29
2024-09-16 15:22:04,BTCUSD_PERP,bid,58400,633.4
2024-09-16 15:22:04,BTCUSD_PERP,bid,58400,691.25
2024-09-16 15:22:04,BTCUSD_PERP,bid,58400,749.1
2024-09-16 15:22:27,BTCUSD_PERP,bid,58400,633.99
2024-09-16 15:22:27,BTCUSD_PERP,bid,58400,576.14
2024-09-16 15:22:27,BTCUSD_PERP,bid,58400,518.88
2024-09-16 15:39:55,BTCUSD_PERP,bid,58400,518.5
2024-09-16 15:40:48,BTCUSD_PERP,bid,58400,518.22
2024-09-16 15:56:20,BTCUSD_PERP,bid,58400,518.29
2024-09-16 13:14:47,BTCUSD_PERP,bid,58300,517.9
2024-09-16 13:14:48,BTCUSD_PERP,bid,58300,575.64
2024-09-16 13:14:48,BTCUSD_PERP,bid,58300,691.12
2024-09-16 13:14:48,BTCUSD_PERP,bid,58300,748.86
2024-09-16 13:14:48,BTCUSD_PERP,bid,58300,749.0
2024-09-16 13:14:48,BTCUSD_PERP,bid,58300,806.15
2024-09-16 13:17:15,BTCUSD_PERP,bid,58300,517.22
2024-09-16 13:17:21,BTCUSD_PERP,bid,58300,518.09
2024-09-16 13:17:21,BTCUSD_PERP,bid,58300,575.26
2024-09-16 13:17:43,BTCUSD_PERP,bid,58300,518.59
2024-09-16 13:17:43,BTCUSD_PERP,bid,58300,575.76
2024-09-16 13:18:57,BTCUSD_PERP,bid,58300,517.22
2024-09-16 13:18:57,BTCUSD_PERP,bid,58300,574.95
2024-09-16 13:19:12,BTCUSD_PERP,bid,58300,518.47
2024-09-16 13:19:13,BTCUSD_PERP,bid,58300,575.62
2024-09-16 13:19:13,BTCUSD_PERP,bid,58300,632.76
2024-09-16 13:19:14,BTCUSD_PERP,bid,58300,517.27
2024-09-16 14:21:03,BTCUSD_PERP,bid,58300,517.82
2024-09-16 14:21:03,BTCUSD_PERP,bid,58300,575.55
2024-09-16 14:21:03,BTCUSD_PERP,bid,58300,634.5
2024-09-16 14:23:06,BTCUSD_PERP,bid,58300,633.28
2024-09-16 14:27:25,BTCUSD_PERP,bid,58300,575.84
2024-09-16 14:27:25,BTCUSD_PERP,bid,58300,633.6
2024-09-16 14:30:54,BTCUSD_PERP,bid,58300,575.84
2024-09-16 14:30:54,BTCUSD_PERP,bid,58300,518.66
2024-09-16 14:39:32,BTCUSD_PERP,bid,58300,633.09
2024-09-16 14:39:33,BTCUSD_PERP,bid,58300,690.26
2024-09-16 14:40:29,BTCUSD_PERP,bid,58300,806.03
2024-09-16 14:46:02,BTCUSD_PERP,bid,58300,748.29
2024-09-16 14:46:02,BTCUSD_PERP,bid,58300,632.81
2024-09-16 14:46:02,BTCUSD_PERP,bid,58300,575.07
2024-09-16 14:46:29,BTCUSD_PERP,bid,58300,576.24
2024-09-16 14:46:30,BTCUSD_PERP,bid,58300,633.45
2024-09-16 14:46:32,BTCUSD_PERP,bid,58300,633.59
2024-09-16 14:46:36,BTCUSD_PERP,bid,58300,633.73
2024-09-16 14:46:36,BTCUSD_PERP,bid,58300,633.87
2024-09-16 14:46:56,BTCUSD_PERP,bid,58300,576.07
2024-09-16 14:46:56,BTCUSD_PERP,bid,58300,518.85
2024-09-16 15:00:03,BTCUSD_PERP,bid,58300,575.72
2024-09-16 15:00:04,BTCUSD_PERP,bid,58300,633.53
2024-09-16 15:00:30,BTCUSD_PERP,bid,58300,575.42
2024-09-16 15:02:27,BTCUSD_PERP,bid,58300,517.91
2024-09-16 15:02:34,BTCUSD_PERP,bid,58300,518.51
2024-09-16 15:02:35,BTCUSD_PERP,bid,58300,576.32
2024-09-16 15:03:11,BTCUSD_PERP,bid,58300,519.1
2024-09-16 16:00:52,BTCUSD_PERP,bid,58300,518.5
2024-09-16 16:01:01,BTCUSD_PERP,bid,58300,518.78
2024-09-16 16:01:01,BTCUSD_PERP,bid,58300,518.92
2024-09-16 16:01:01,BTCUSD_PERP,bid,58300,519.06
2024-09-16 16:22:22,BTCUSD_PERP,bid,58300,517.89
2024-09-16 16:30:05,BTCUSD_PERP,bid,58300,517.8
2024-09-16 12:23:10,BTCUSD_PERP,bid,58100,529.73
2024-09-16 12:23:10,BTCUSD_PERP,bid,58100,586.67
2024-09-16 12:23:10,BTCUSD_PERP,bid,58100,700.57
2024-09-16 12:25:09,BTCUSD_PERP,bid,58100,686.77
2024-09-16 12:25:16,BTCUSD_PERP,bid,58100,571.8
2024-09-16 12:52:21,BTCUSD_PERP,bid,58100,630.28
2024-09-16 12:52:21,BTCUSD_PERP,bid,58100,687.22
2024-09-16 12:52:21,BTCUSD_PERP,bid,58100,744.74
2024-09-16 12:52:21,BTCUSD_PERP,bid,58100,802.26
2024-09-16 12:52:22,BTCUSD_PERP,bid,58100,859.19
2024-09-16 12:52:22,BTCUSD_PERP,bid,58100,916.12
2024-09-16 12:52:22,BTCUSD_PERP,bid,58100,1088.1
2024-09-16 12:52:45,BTCUSD_PERP,bid,58100,1088.24
2024-09-16 12:53:14,BTCUSD_PERP,bid,58100,1088.38
2024-09-16 12:53:19,BTCUSD_PERP,bid,58100,1089.59
2024-09-16 12:53:21,BTCUSD_PERP,bid,58100,1091.67
2024-09-16 12:54:49,BTCUSD_PERP,bid,58100,1090.46
2024-09-16 12:55:22,BTCUSD_PERP,bid,58100,1088.38
2024-09-16 12:56:19,BTCUSD_PERP,bid,58100,1088.24
2024-09-16 12:56:41,BTCUSD_PERP,bid,58100,1088.1
2024-09-16 12:57:18,BTCUSD_PERP,bid,58100,1030.58
2024-09-16 12:57:18,BTCUSD_PERP,bid,58100,915.54
2024-09-16 12:57:18,BTCUSD_PERP,bid,58100,858.02
2024-09-16 12:57:18,BTCUSD_PERP,bid,58100,743.66
2024-09-16 12:57:18,BTCUSD_PERP,bid,58100,686.73
2024-09-16 12:57:18,BTCUSD_PERP,bid,58100,629.8
2024-09-16 12:57:18,BTCUSD_PERP,bid,58100,573.06
2024-09-16 12:57:19,BTCUSD_PERP,bid,58100,687.57
2024-09-16 13:00:26,BTCUSD_PERP,bid,58100,630.61
2024-09-16 13:00:26,BTCUSD_PERP,bid,58100,573.06
2024-09-16 13:00:27,BTCUSD_PERP,bid,58100,515.78
2024-09-16 13:00:27,BTCUSD_PERP,bid,58100,573.36
2024-09-16 13:00:27,BTCUSD_PERP,bid,58100,630.94
2024-09-16 13:01:06,BTCUSD_PERP,bid,58100,630.02
2024-09-16 13:01:06,BTCUSD_PERP,bid,58100,687.57
2024-09-16 13:07:24,BTCUSD_PERP,bid,58100,573.64
2024-09-16 13:07:25,BTCUSD_PERP,bid,58100,629.78
2024-09-16 13:07:26,BTCUSD_PERP,bid,58100,516.69
2024-09-16 13:07:26,BTCUSD_PERP,bid,58100,802.52
2024-09-16 13:07:26,BTCUSD_PERP,bid,58100,1031.67
2024-09-16 13:07:26,BTCUSD_PERP,bid,58100,1089.25
2024-09-16 13:07:26,BTCUSD_PERP,bid,58100,1146.83
2024-09-16 13:07:28,BTCUSD_PERP,bid,58100,1160.77
2024-09-16 13:07:29,BTCUSD_PERP,bid,58100,519.84
2024-09-16 13:08:24,BTCUSD_PERP,bid,58100,1103.78
2024-09-16 13:08:24,BTCUSD_PERP,bid,58100,701.89
2024-09-16 13:08:24,BTCUSD_PERP,bid,58100,644.89
2024-09-16 13:08:24,BTCUSD_PERP,bid,58100,587.31
2024-09-16 13:08:25,BTCUSD_PERP,bid,58200,516.83
2024-09-16 13:08:38,BTCUSD_PERP,bid,58200,517.17
2024-09-16 13:08:38,BTCUSD_PERP,bid,58200,746.69
2024-09-16 13:08:38,BTCUSD_PERP,bid,58200,804.36
2024-09-16 13:08:38,BTCUSD_PERP,bid,58200,862.03
2024-09-16 13:08:38,BTCUSD_PERP,bid,58200,919.11
2024-09-16 13:08:39,BTCUSD_PERP,bid,58200,976.19
2024-09-16 13:08:39,BTCUSD_PERP,bid,58200,1033.27
2024-09-16 13:08:39,BTCUSD_PERP,bid,58200,1090.94
2024-09-16 13:09:09,BTCUSD_PERP,bid,58200,976.78
2024-09-16 13:09:09,BTCUSD_PERP,bid,58200,746.86
2024-09-16 13:09:09,BTCUSD_PERP,bid,58200,976.24
2024-09-16 13:09:09,BTCUSD_PERP,bid,58200,1033.88
2024-09-16 13:09:13,BTCUSD_PERP,bid,58200,630.99
2024-09-16 13:09:13,BTCUSD_PERP,bid,58100,1090.39
2024-09-16 13:09:13,BTCUSD_PERP,bid,58100,563.2
2024-09-16 13:09:13,BTCUSD_PERP,bid,58100,1148.0
2024-09-16 13:10:40,BTCUSD_PERP,bid,58100,1090.39
2024-09-16 13:10:40,BTCUSD_PERP,bid,58100,1033.37
2024-09-16 13:10:41,BTCUSD_PERP,bid,58100,861.72
2024-09-16 13:10:41,BTCUSD_PERP,bid,58100,804.69
2024-09-16 13:10:41,BTCUSD_PERP,bid,58100,574.83
2024-09-16 13:10:41,BTCUSD_PERP,bid,58200,688.73
2024-09-16 13:10:42,BTCUSD_PERP,bid,58200,745.78
2024-09-16 13:10:42,BTCUSD_PERP,bid,58100,560.34
2024-09-16 13:10:42,BTCUSD_PERP,bid,58200,803.42
2024-09-16 13:10:42,BTCUSD_PERP,bid,58200,860.47
2024-09-16 13:10:42,BTCUSD_PERP,bid,58200,975.75
2024-09-16 13:10:42,BTCUSD_PERP,bid,58200,1148.57
2024-09-16 13:11:01,BTCUSD_PERP,bid,58200,1091.52
2024-09-16 13:11:01,BTCUSD_PERP,bid,58200,1033.88
2024-09-16 13:11:01,BTCUSD_PERP,bid,58200,976.24
2024-09-16 13:11:01,BTCUSD_PERP,bid,58200,919.19
2024-09-16 13:11:01,BTCUSD_PERP,bid,58200,803.91
2024-09-16 13:11:01,BTCUSD_PERP,bid,58200,746.37
2024-09-16 13:11:02,BTCUSD_PERP,bid,58200,631.68
2024-09-16 13:11:02,BTCUSD_PERP,bid,58200,517.16
2024-09-16 13:11:11,BTCUSD_PERP,bid,58200,574.04
2024-09-16 13:11:11,BTCUSD_PERP,bid,58200,516.99
2024-09-16 13:11:36,BTCUSD_PERP,bid,58200,575.15
2024-09-16 13:11:36,BTCUSD_PERP,bid,58200,632.27
2024-09-16 13:11:36,BTCUSD_PERP,bid,58200,689.97
2024-09-16 13:13:09,BTCUSD_PERP,bid,58200,517.45
2024-09-16 13:13:09,BTCUSD_PERP,bid,58200,919.11
2024-09-16 13:13:09,BTCUSD_PERP,bid,58200,976.78
2024-09-16 13:13:34,BTCUSD_PERP,bid,58200,919.7
2024-09-16 13:13:34,BTCUSD_PERP,bid,58200,862.03
2024-09-16 13:13:34,BTCUSD_PERP,bid,58200,747.28
2024-09-16 13:13:34,BTCUSD_PERP,bid,58200,632.52
2024-09-16 13:13:35,BTCUSD_PERP,bid,58200,574.85
2024-09-16 13:13:36,BTCUSD_PERP,bid,58200,575.23
2024-09-16 13:14:46,BTCUSD_PERP,bid,58200,517.62
2024-09-16 13:15:07,BTCUSD_PERP,bid,58200,805.01
2024-09-16 13:15:07,BTCUSD_PERP,bid,58200,862.72
2024-09-16 13:15:07,BTCUSD_PERP,bid,58200,561.04
2024-09-16 13:16:55,BTCUSD_PERP,bid,58200,632.47
2024-09-16 13:16:55,BTCUSD_PERP,bid,58200,861.69
2024-09-16 13:16:56,BTCUSD_PERP,bid,58200,517.53
2024-09-16 13:16:56,BTCUSD_PERP,bid,58200,919.37
2024-09-16 13:17:11,BTCUSD_PERP,bid,58200,861.69
2024-09-16 13:17:12,BTCUSD_PERP,bid,58200,746.33
2024-09-16 13:17:12,BTCUSD_PERP,bid,58200,574.46
2024-09-16 13:19:30,BTCUSD_PERP,bid,58200,632.43
2024-09-16 13:19:47,BTCUSD_PERP,bid,58200,575.31
2024-09-16 13:19:47,BTCUSD_PERP,bid,58200,517.93
2024-09-16 13:23:08,BTCUSD_PERP,bid,58200,516.8
2024-09-16 13:24:21,BTCUSD_PERP,bid,58200,575.12
2024-09-16 13:24:21,BTCUSD_PERP,bid,58200,632.22
2024-09-16 13:25:06,BTCUSD_PERP,bid,58200,517.43
2024-09-16 13:25:07,BTCUSD_PERP,bid,58200,747.02
2024-09-16 13:31:23,BTCUSD_PERP,bid,58200,689.95
2024-09-16 13:31:23,BTCUSD_PERP,bid,58200,574.65
2024-09-16 13:31:23,BTCUSD_PERP,bid,58200,803.76
2024-09-16 13:31:23,BTCUSD_PERP,bid,58200,861.39
2024-09-16 13:37:43,BTCUSD_PERP,bid,58200,746.82
2024-09-16 13:37:43,BTCUSD_PERP,bid,58200,632.16
2024-09-16 13:37:43,BTCUSD_PERP,bid,58200,574.53
2024-09-16 13:37:44,BTCUSD_PERP,bid,58200,574.72
2024-09-16 13:37:44,BTCUSD_PERP,bid,58200,631.79
2024-09-16 13:37:44,BTCUSD_PERP,bid,58200,746.52
2024-09-16 13:37:44,BTCUSD_PERP,bid,58200,804.18
2024-09-16 13:37:44,BTCUSD_PERP,bid,58200,861.84
2024-09-16 13:39:57,BTCUSD_PERP,bid,58200,804.18
2024-09-16 13:39:57,BTCUSD_PERP,bid,58200,861.39
2024-09-16 13:44:08,BTCUSD_PERP,bid,58200,746.72
2024-09-16 13:44:08,BTCUSD_PERP,bid,58100,688.73
2024-09-16 13:44:08,BTCUSD_PERP,bid,58100,860.94
2024-09-16 13:45:39,BTCUSD_PERP,bid,58100,630.54
2024-09-16 13:45:39,BTCUSD_PERP,bid,58100,803.51
2024-09-16 13:45:39,BTCUSD_PERP,bid,58100,860.49
2024-09-16 13:45:58,BTCUSD_PERP,bid,58100,864.46
2024-09-16 13:46:00,BTCUSD_PERP,bid,58100,860.49
2024-09-16 13:46:32,BTCUSD_PERP,bid,58100,688.38
2024-09-16 13:46:32,BTCUSD_PERP,bid,58100,630.81
2024-09-16 13:46:32,BTCUSD_PERP,bid,58100,516.26
2024-09-16 13:46:33,BTCUSD_PERP,bid,58100,516.66
2024-09-16 13:46:33,BTCUSD_PERP,bid,58100,688.29
2024-09-16 13:46:33,BTCUSD_PERP,bid,58100,745.79
2024-09-16 13:47:09,BTCUSD_PERP,bid,58100,688.41
2024-09-16 13:55:37,BTCUSD_PERP,bid,58100,630.84
2024-09-16 13:55:38,BTCUSD_PERP,bid,58100,517.34
2024-09-16 13:55:38,BTCUSD_PERP,bid,58100,574.36
2024-09-16 14:07:33,BTCUSD_PERP,bid,58200,517.16
2024-09-16 14:07:50,BTCUSD_PERP,bid,58200,531.11
2024-09-16 14:12:32,BTCUSD_PERP,bid,58200,516.64
2024-09-16 14:12:32,BTCUSD_PERP,bid,58200,573.71
2024-09-16 14:13:28,BTCUSD_PERP,bid,58200,516.64
2024-09-16 14:13:30,BTCUSD_PERP,bid,58200,518.16
2024-09-16 14:15:31,BTCUSD_PERP,bid,58200,516.94
2024-09-16 14:16:42,BTCUSD_PERP,bid,58200,689.11
2024-09-16 14:20:35,BTCUSD_PERP,bid,58200,632.03
2024-09-16 14:20:35,BTCUSD_PERP,bid,58200,517.28
2024-09-16 14:20:37,BTCUSD_PERP,bid,58200,517.54
2024-09-16 16:40:08,BTCUSD_PERP,bid,58200,516.5
2024-09-16 16:41:31,BTCUSD_PERP,bid,58100,516.85
2024-09-16 16:42:06,BTCUSD_PERP,bid,58100,515.93
2024-09-16 16:48:43,BTCUSD_PERP,bid,58100,516.1
2024-09-16 16:48:44,BTCUSD_PERP,bid,58100,573.54
2024-09-16 16:48:44,BTCUSD_PERP,bid,58100,587.47
2024-09-16 16:51:01,BTCUSD_PERP,bid,58100,573.54
2024-09-16 16:51:59,BTCUSD_PERP,bid,58100,516.58
2024-09-16 16:52:23,BTCUSD_PERP,bid,58100,573.54
2024-09-16 16:52:45,BTCUSD_PERP,bid,58100,516.86
2024-09-16 16:52:45,BTCUSD_PERP,bid,58100,573.85
2024-09-16 16:52:47,BTCUSD_PERP,bid,58100,587.78
2024-09-16 16:53:53,BTCUSD_PERP,bid,58100,530.8
2024-09-16 16:53:53,BTCUSD_PERP,bid,58100,516.69
2024-09-16 17:35:36,BTCUSD_PERP,bid,58100,629.41
2024-09-16 17:35:36,BTCUSD_PERP,bid,58100,686.94
2024-09-16 17:35:36,BTCUSD_PERP,bid,58100,801.4
2024-09-16 17:35:36,BTCUSD_PERP,bid,58100,858.93
2024-09-16 17:41:28,BTCUSD_PERP,bid,58100,915.86
2024-09-16 17:41:28,BTCUSD_PERP,bid,58100,973.39
2024-09-16 17:41:36,BTCUSD_PERP,bid,58100,916.46
2024-09-16 17:41:36,BTCUSD_PERP,bid,58100,916.12
2024-09-16 17:41:36,BTCUSD_PERP,bid,58100,973.67
2024-09-16 17:41:37,BTCUSD_PERP,bid,58100,974.88
2024-09-16 17:41:39,BTCUSD_PERP,bid,58100,975.02
2024-09-16 17:41:50,BTCUSD_PERP,bid,58100,917.47
2024-09-16 17:41:50,BTCUSD_PERP,bid,58100,516.38
2024-09-16 17:41:50,BTCUSD_PERP,bid,58100,515.93
2024-09-16 17:41:50,BTCUSD_PERP,bid,58100,630.52
2024-09-16 17:41:51,BTCUSD_PERP,bid,58100,802.09
2024-09-16 17:41:51,BTCUSD_PERP,bid,58100,916.68
2024-09-16 17:41:51,BTCUSD_PERP,bid,58100,974.27
2024-09-16 17:45:32,BTCUSD_PERP,bid,58100,916.68
2024-09-16 17:45:32,BTCUSD_PERP,bid,58100,744.51
2024-09-16 17:45:33,BTCUSD_PERP,bid,58100,686.92
2024-09-16 17:49:40,BTCUSD_PERP,bid,58200,517.09
2024-09-16 17:49:40,BTCUSD_PERP,bid,58200,574.16
2024-09-16 17:49:40,BTCUSD_PERP,bid,58200,631.23
2024-09-16 17:49:40,BTCUSD_PERP,bid,58200,688.3
2024-09-16 17:49:40,BTCUSD_PERP,bid,58200,803.01
2024-09-16 17:56:31,BTCUSD_PERP,bid,58100,516.34
2024-09-16 17:58:37,BTCUSD_PERP,bid,58200,516.69
2024-09-16 17:58:38,BTCUSD_PERP,bid,58200,518.78
2024-09-16 18:12:38,BTCUSD_PERP,bid,58200,517.24
2024-09-16 18:12:39,BTCUSD_PERP,bid,58200,688.48
2024-09-16 18:12:39,BTCUSD_PERP,bid,58200,746.16
2024-09-16 18:17:20,BTCUSD_PERP,bid,58200,689.08
2024-09-16 18:17:20,BTCUSD_PERP,bid,58200,631.4
2024-09-16 18:17:21,BTCUSD_PERP,bid,58200,573.72
2024-09-16 18:17:21,BTCUSD_PERP,bid,58200,516.64
2024-09-16 18:17:22,BTCUSD_PERP,bid,58200,516.35
2024-09-16 18:17:22,BTCUSD_PERP,bid,58200,688.89
2024-09-16 18:17:22,BTCUSD_PERP,bid,58200,746.6
2024-09-16 18:17:24,BTCUSD_PERP,bid,58200,760.57
2024-09-16 18:19:25,BTCUSD_PERP,bid,58200,746.6
2024-09-16 18:20:35,BTCUSD_PERP,bid,58200,689.48
2024-09-16 18:20:35,BTCUSD_PERP,bid,58200,631.77
2024-09-16 18:20:36,BTCUSD_PERP,bid,58200,517.52
2024-09-16 18:35:04,BTCUSD_PERP,bid,58200,517.93
2024-09-16 18:35:04,BTCUSD_PERP,bid,58200,632.72
2024-09-16 18:35:04,BTCUSD_PERP,bid,58200,690.41
2024-09-16 18:35:04,BTCUSD_PERP,bid,58200,748.1
2024-09-16 18:35:04,BTCUSD_PERP,bid,58200,805.79
2024-09-16 18:35:04,BTCUSD_PERP,bid,58200,862.89
2024-09-16 18:35:05,BTCUSD_PERP,bid,58200,920.58
2024-09-16 18:35:16,BTCUSD_PERP,bid,58200,518.03
2024-09-16 18:35:16,BTCUSD_PERP,bid,58200,920.09
2024-09-16 18:35:16,BTCUSD_PERP,bid,58200,977.75
2024-09-16 18:41:46,BTCUSD_PERP,bid,58200,862.43
2024-09-16 18:41:46,BTCUSD_PERP,bid,58200,804.77
2024-09-16 18:41:46,BTCUSD_PERP,bid,58200,690.14
2024-09-16 18:41:46,BTCUSD_PERP,bid,58200,576.0
2024-09-16 18:41:46,BTCUSD_PERP,bid,58200,518.34
2024-09-16 18:41:46,BTCUSD_PERP,bid,58200,517.34
2024-09-16 18:41:47,BTCUSD_PERP,bid,58200,575.03
2024-09-16 18:41:47,BTCUSD_PERP,bid,58200,632.72
2024-09-16 18:41:47,BTCUSD_PERP,bid,58200,690.41
2024-09-16 18:41:47,BTCUSD_PERP,bid,58200,747.5
2024-09-16 18:41:47,BTCUSD_PERP,bid,58200,805.19
2024-09-16 18:41:47,BTCUSD_PERP,bid,58200,862.88
2024-09-16 18:41:47,BTCUSD_PERP,bid,58200,920.57
2024-09-16 18:41:48,BTCUSD_PERP,bid,58200,978.26
2024-09-16 18:42:15,BTCUSD_PERP,bid,58200,863.47
2024-09-16 18:42:15,BTCUSD_PERP,bid,58200,574.83
2024-09-16 18:42:17,BTCUSD_PERP,bid,58200,517.17
2024-09-16 18:42:18,BTCUSD_PERP,bid,58200,574.53
2024-09-16 18:43:30,BTCUSD_PERP,bid,58100,574.23
2024-09-16 18:43:30,BTCUSD_PERP,bid,58100,631.24
2024-09-16 18:56:54,BTCUSD_PERP,bid,58100,573.64
2024-09-16 18:56:54,BTCUSD_PERP,bid,58100,573.93
2024-09-16 18:56:55,BTCUSD_PERP,bid,58100,630.91
2024-09-16 18:57:02,BTCUSD_PERP,bid,58100,631.05
2024-09-16 18:59:00,BTCUSD_PERP,bid,58100,630.91
2024-09-16 19:01:29,BTCUSD_PERP,bid,58100,573.93
2024-09-16 19:01:29,BTCUSD_PERP,bid,58100,516.36
2024-09-16 19:01:31,BTCUSD_PERP,bid,58100,517.23
2024-09-16 19:01:31,BTCUSD_PERP,bid,58100,574.25
2024-09-16 19:01:31,BTCUSD_PERP,bid,58100,631.27
2024-09-16 19:01:42,BTCUSD_PERP,bid,58100,645.21
2024-09-16 19:03:28,BTCUSD_PERP,bid,58100,588.2
2024-09-16 19:12:34,BTCUSD_PERP,bid,58200,574.08
2024-09-16 19:14:23,BTCUSD_PERP,bid,58200,516.38
2024-09-16 19:14:23,BTCUSD_PERP,bid,58200,632.05
2024-09-16 19:14:54,BTCUSD_PERP,bid,58200,631.91
2024-09-16 19:14:56,BTCUSD_PERP,bid,58200,631.77
2024-09-16 19:15:01,BTCUSD_PERP,bid,58200,631.63
2024-09-16 19:15:01,BTCUSD_PERP,bid,58200,631.49
2024-09-16 19:15:05,BTCUSD_PERP,bid,58200,631.35
2024-09-16 19:20:47,BTCUSD_PERP,bid,58200,573.98
2024-09-16 19:20:48,BTCUSD_PERP,bid,58200,631.02
2024-09-16 19:24:16,BTCUSD_PERP,bid,58100,861.75
2024-09-16 19:24:16,BTCUSD_PERP,bid,58100,919.32
2024-09-16 19:25:04,BTCUSD_PERP,bid,58100,803.59
2024-09-16 19:25:04,BTCUSD_PERP,bid,58100,861.12
2024-09-16 19:26:53,BTCUSD_PERP,bid,58100,572.39
2024-09-16 19:31:50,BTCUSD_PERP,bid,58100,571.9
2024-09-16 19:32:12,BTCUSD_PERP,bid,58100,515.85
2024-09-16 19:32:12,BTCUSD_PERP,bid,58100,517.06
2024-09-16 19:32:12,BTCUSD_PERP,bid,58100,574.06
2024-09-16 19:32:13,BTCUSD_PERP,bid,58100,631.05
2024-09-16 19:32:13,BTCUSD_PERP,bid,58100,688.04
2024-09-16 19:32:15,BTCUSD_PERP,bid,58100,690.12
2024-09-16 19:32:21,BTCUSD_PERP,bid,58100,690.26
2024-09-16 19:33:14,BTCUSD_PERP,bid,58100,633.26
2024-09-16 19:33:14,BTCUSD_PERP,bid,58100,571.9
2024-09-16 19:33:14,BTCUSD_PERP,bid,58100,629.45
2024-09-16 19:34:29,BTCUSD_PERP,bid,58100,572.48
2024-09-16 19:34:29,BTCUSD_PERP,bid,58100,571.6
2024-09-16 19:34:29,BTCUSD_PERP,bid,58100,629.12
2024-09-16 19:36:02,BTCUSD_PERP,bid,58100,571.6
2024-09-16 19:45:23,BTCUSD_PERP,bid,58100,630.35
2024-09-16 19:45:24,BTCUSD_PERP,bid,58100,687.93
2024-09-16 19:45:24,BTCUSD_PERP,bid,58100,802.51
2024-09-16 19:47:22,BTCUSD_PERP,bid,58100,687.45
2024-09-16 19:47:22,BTCUSD_PERP,bid,58100,572.29
2024-09-16 19:48:08,BTCUSD_PERP,bid,58100,629.67
2024-09-16 19:48:08,BTCUSD_PERP,bid,58100,801.05
2024-09-16 19:48:09,BTCUSD_PERP,bid,58100,858.57
2024-09-16 19:59:01,BTCUSD_PERP,bid,58100,572.74
2024-09-16 19:59:01,BTCUSD_PERP,bid,58100,629.67
2024-09-16 19:59:01,BTCUSD_PERP,bid,58100,687.19
2024-09-16 19:59:02,BTCUSD_PERP,bid,58100,859.16
2024-09-16 19:59:02,BTCUSD_PERP,bid,58100,916.68
2024-09-16 08:13:47,BTCUSD_PERP,bid,58000,744.13
2024-09-16 08:13:47,BTCUSD_PERP,bid,58000,562.24
2024-09-16 08:13:59,BTCUSD_PERP,bid,58000,572.34
2024-09-16 08:13:59,BTCUSD_PERP,bid,58000,629.82
2024-09-16 08:14:59,BTCUSD_PERP,bid,58000,572.16
2024-09-16 08:14:59,BTCUSD_PERP,bid,58000,743.92
2024-09-16 08:15:01,BTCUSD_PERP,bid,58000,687.05
2024-09-16 08:15:01,BTCUSD_PERP,bid,58000,687.27
2024-09-16 08:15:01,BTCUSD_PERP,bid,58000,744.1
2024-09-16 08:15:07,BTCUSD_PERP,bid,58000,629.85
2024-09-16 08:15:10,BTCUSD_PERP,bid,58000,573.43
2024-09-16 08:15:23,BTCUSD_PERP,bid,58000,572.55
2024-09-16 08:17:07,BTCUSD_PERP,bid,58000,571.86
2024-09-16 08:17:07,BTCUSD_PERP,bid,58000,628.69
2024-09-16 08:17:08,BTCUSD_PERP,bid,58000,685.52
2024-09-16 08:18:59,BTCUSD_PERP,bid,58000,686.95
2024-09-16 08:18:59,BTCUSD_PERP,bid,58000,743.85
2024-09-16 08:19:37,BTCUSD_PERP,bid,58000,685.89
2024-09-16 08:19:37,BTCUSD_PERP,bid,58000,743.34
2024-09-16 08:20:04,BTCUSD_PERP,bid,58000,685.89
2024-09-16 08:20:05,BTCUSD_PERP,bid,58000,570.7
2024-09-16 08:37:54,BTCUSD_PERP,bid,58000,574.49
2024-09-16 08:47:46,BTCUSD_PERP,bid,58000,516.72
2024-09-16 08:48:02,BTCUSD_PERP,bid,58000,687.66
2024-09-16 08:54:19,BTCUSD_PERP,bid,58000,572.94
2024-09-16 08:54:19,BTCUSD_PERP,bid,58000,629.83
2024-09-16 08:55:39,BTCUSD_PERP,bid,58000,572.94
2024-09-16 09:02:40,BTCUSD_PERP,bid,58000,629.95
2024-09-16 09:02:40,BTCUSD_PERP,bid,58000,687.44
2024-09-16 09:02:48,BTCUSD_PERP,bid,58000,629.95
2024-09-16 09:02:48,BTCUSD_PERP,bid,58000,573.05
2024-09-16 09:03:03,BTCUSD_PERP,bid,58000,572.45
2024-09-16 09:04:30,BTCUSD_PERP,bid,58000,628.92
2024-09-16 09:04:30,BTCUSD_PERP,bid,58000,743.22
2024-09-16 09:04:30,BTCUSD_PERP,bid,58000,800.66
2024-09-16 09:04:30,BTCUSD_PERP,bid,58000,858.1
2024-09-16 09:04:30,BTCUSD_PERP,bid,58000,915.54
2024-09-16 09:04:30,BTCUSD_PERP,bid,58000,972.98
2024-09-16 09:04:31,BTCUSD_PERP,bid,58000,1030.56
2024-09-16 09:07:12,BTCUSD_PERP,bid,58000,572.43
2024-09-16 09:07:12,BTCUSD_PERP,bid,58000,629.85
2024-09-16 09:11:23,BTCUSD_PERP,bid,58000,742.97
2024-09-16 09:11:23,BTCUSD_PERP,bid,58000,857.25
2024-09-16 09:11:23,BTCUSD_PERP,bid,58000,972.11
2024-09-16 09:11:54,BTCUSD_PERP,bid,58000,800.99
2024-09-16 10:34:20,BTCUSD_PERP,bid,58000,573.22
2024-09-16 10:34:20,BTCUSD_PERP,bid,58000,630.08
2024-09-16 10:34:20,BTCUSD_PERP,bid,58000,686.94
2024-09-16 10:40:20,BTCUSD_PERP,bid,58000,572.14
2024-09-16 11:04:20,BTCUSD_PERP,bid,58000,572.36
2024-09-16 11:04:20,BTCUSD_PERP,bid,58000,629.83
2024-09-16 11:04:41,BTCUSD_PERP,bid,58000,572.06
2024-09-16 11:04:41,BTCUSD_PERP,bid,58000,629.5
2024-09-16 11:17:49,BTCUSD_PERP,bid,58000,571.25
2024-09-16 11:17:49,BTCUSD_PERP,bid,58000,685.5
2024-09-16 11:17:49,BTCUSD_PERP,bid,58000,742.92
2024-09-16 11:17:50,BTCUSD_PERP,bid,58000,800.34
2024-09-16 11:17:50,BTCUSD_PERP,bid,58000,857.17
2024-09-16 11:19:42,BTCUSD_PERP,bid,58000,800.34
2024-09-16 12:09:32,BTCUSD_PERP,bid,58000,573.14
2024-09-16 12:09:32,BTCUSD_PERP,bid,58000,630.0
2024-09-16 12:09:32,BTCUSD_PERP,bid,58000,687.44
2024-09-16 12:11:19,BTCUSD_PERP,bid,58000,630.0
2024-09-16 12:11:21,BTCUSD_PERP,bid,58000,573.62
2024-09-16 12:11:21,BTCUSD_PERP,bid,58000,631.0
2024-09-16 12:11:21,BTCUSD_PERP,bid,58000,687.89
2024-09-16 12:11:21,BTCUSD_PERP,bid,58000,745.37
2024-09-16 12:16:16,BTCUSD_PERP,bid,58000,699.12
2024-09-16 12:16:16,BTCUSD_PERP,bid,58000,756.57
2024-09-16 12:20:24,BTCUSD_PERP,bid,58000,527.36
2024-09-16 12:22:10,BTCUSD_PERP,bid,58000,572.54
2024-09-16 12:22:10,BTCUSD_PERP,bid,58000,629.45
2024-09-16 12:23:08,BTCUSD_PERP,bid,58000,572.05
2024-09-16 12:25:16,BTCUSD_PERP,bid,58000,629.56
2024-09-16 12:25:23,BTCUSD_PERP,bid,58000,629.7
2024-09-16 12:25:58,BTCUSD_PERP,bid,58000,572.19
2024-09-16 12:25:58,BTCUSD_PERP,bid,58000,629.64
2024-09-16 12:25:58,BTCUSD_PERP,bid,58000,686.53
2024-09-16 12:27:47,BTCUSD_PERP,bid,58000,572.02
2024-09-16 12:27:47,BTCUSD_PERP,bid,58000,743.63
2024-09-16 12:28:34,BTCUSD_PERP,bid,58000,743.77
2024-09-16 12:28:47,BTCUSD_PERP,bid,58000,743.91
2024-09-16 12:28:57,BTCUSD_PERP,bid,58000,744.05
2024-09-16 12:29:01,BTCUSD_PERP,bid,58000,744.19
2024-09-16 12:46:23,BTCUSD_PERP,bid,58000,628.67
2024-09-16 12:46:33,BTCUSD_PERP,bid,58000,628.81
2024-09-16 12:46:37,BTCUSD_PERP,bid,58000,628.95
2024-09-16 12:49:59,BTCUSD_PERP,bid,58000,628.81
2024-09-16 12:50:07,BTCUSD_PERP,bid,58000,628.67
2024-09-16 12:50:11,BTCUSD_PERP,bid,58000,571.82
2024-09-16 12:50:12,BTCUSD_PERP,bid,58000,686.49
2024-09-16 12:50:12,BTCUSD_PERP,bid,58000,743.36
2024-09-16 12:50:13,BTCUSD_PERP,bid,58000,858.28
2024-09-16 12:50:13,BTCUSD_PERP,bid,58000,915.15
2024-09-16 12:50:13,BTCUSD_PERP,bid,58000,972.61
2024-09-16 12:51:14,BTCUSD_PERP,bid,58000,915.15
2024-09-16 12:51:14,BTCUSD_PERP,bid,58000,858.28
2024-09-16 12:51:14,BTCUSD_PERP,bid,58000,743.36
2024-09-16 12:51:15,BTCUSD_PERP,bid,58000,686.49
2024-09-16 12:51:15,BTCUSD_PERP,bid,58000,629.61
2024-09-16 12:51:15,BTCUSD_PERP,bid,58000,572.15
2024-09-16 12:51:16,BTCUSD_PERP,bid,58000,629.95
2024-09-16 12:51:16,BTCUSD_PERP,bid,58000,687.44
2024-09-16 12:51:16,BTCUSD_PERP,bid,58000,744.34
2024-09-16 12:52:20,BTCUSD_PERP,bid,58000,686.95
2024-09-16 12:52:20,BTCUSD_PERP,bid,58000,629.46
2024-09-16 16:50:06,BTCUSD_PERP,bid,58000,573.24
2024-09-16 16:52:00,BTCUSD_PERP,bid,58000,573.24
2024-09-16 17:06:22,BTCUSD_PERP,bid,58000,572.84
2024-09-16 17:11:27,BTCUSD_PERP,bid,58000,572.54
2024-09-16 17:11:27,BTCUSD_PERP,bid,58000,629.98
2024-09-16 17:12:44,BTCUSD_PERP,bid,58000,572.54
2024-09-16 17:12:45,BTCUSD_PERP,bid,58000,629.82
2024-09-16 17:15:30,BTCUSD_PERP,bid,58000,630.97
2024-09-16 17:17:08,BTCUSD_PERP,bid,58000,629.82
2024-09-16 17:17:35,BTCUSD_PERP,bid,58000,572.93
2024-09-16 17:30:52,BTCUSD_PERP,bid,58000,630.06
2024-09-16 17:33:01,BTCUSD_PERP,bid,58000,629.73
2024-09-16 17:35:20,BTCUSD_PERP,bid,58000,630.06
2024-09-16 17:35:27,BTCUSD_PERP,bid,58000,630.2
2024-09-16 17:35:34,BTCUSD_PERP,bid,58000,573.29
2024-09-16 17:36:03,BTCUSD_PERP,bid,58000,743.86
2024-09-16 17:36:03,BTCUSD_PERP,bid,58000,801.35
2024-09-16 17:38:04,BTCUSD_PERP,bid,58000,802.51
2024-09-16 17:39:47,BTCUSD_PERP,bid,58000,801.35
2024-09-16 19:31:17,BTCUSD_PERP,bid,58000,628.68
2024-09-16 19:31:17,BTCUSD_PERP,bid,58000,686.16
2024-09-16 19:31:38,BTCUSD_PERP,bid,58000,628.68
2024-09-16 19:36:02,BTCUSD_PERP,bid,58000,571.3
2024-09-16 19:36:03,BTCUSD_PERP,bid,58000,628.79
2024-09-16 19:36:32,BTCUSD_PERP,bid,58000,571.55
2024-09-16 19:40:07,BTCUSD_PERP,bid,58000,627.53
2024-09-16 19:40:07,BTCUSD_PERP,bid,58000,684.96
2024-09-16 19:42:28,BTCUSD_PERP,bid,58000,571.7
2024-09-16 19:42:29,BTCUSD_PERP,bid,58000,629.15
2024-09-16 19:42:29,BTCUSD_PERP,bid,58000,686.02
2024-09-16 19:42:29,BTCUSD_PERP,bid,58000,743.47
2024-09-16 19:42:47,BTCUSD_PERP,bid,58000,686.26
2024-09-16 19:42:47,BTCUSD_PERP,bid,58000,743.74
2024-09-16 19:42:50,BTCUSD_PERP,bid,58000,743.88
2024-09-16 19:48:57,BTCUSD_PERP,bid,58000,743.75
2024-09-16 19:48:57,BTCUSD_PERP,bid,58000,800.66
2024-09-16 19:48:57,BTCUSD_PERP,bid,58000,858.15
2024-09-16 19:49:27,BTCUSD_PERP,bid,58000,915.13
2024-09-16 19:49:28,BTCUSD_PERP,bid,58000,972.59
2024-09-16 19:50:36,BTCUSD_PERP,bid,58000,800.8
2024-09-16 19:55:23,BTCUSD_PERP,bid,58000,629.61
2024-09-16 19:55:23,BTCUSD_PERP,bid,58000,687.07
2024-09-16 19:55:23,BTCUSD_PERP,bid,58000,744.53
2024-09-16 19:55:23,BTCUSD_PERP,bid,58000,858.87
2024-09-16 19:55:23,BTCUSD_PERP,bid,58000,916.33
2024-09-16 19:55:41,BTCUSD_PERP,bid,58000,744.53
2024-09-16 19:55:42,BTCUSD_PERP,bid,58000,630.19
2024-09-16 19:55:42,BTCUSD_PERP,bid,58000,572.73
2024-09-16 19:59:34,BTCUSD_PERP,bid,58000,687.56
2024-09-16 19:59:35,BTCUSD_PERP,bid,58000,745.01
2024-09-16 19:59:41,BTCUSD_PERP,bid,58000,687.29
2024-09-16 19:59:41,BTCUSD_PERP,bid,58000,744.72
2024-09-16 20:02:02,BTCUSD_PERP,bid,58000,572.43
2024-09-16 20:02:04,BTCUSD_PERP,bid,58000,571.65
2024-09-16 20:13:21,BTCUSD_PERP,bid,58000,571.97
2024-09-16 20:13:22,BTCUSD_PERP,bid,58000,629.4
2024-09-16 20:13:29,BTCUSD_PERP,bid,58000,571.97
2024-09-16 20:13:30,BTCUSD_PERP,bid,58000,571.75
2024-09-16 20:13:30,BTCUSD_PERP,bid,58000,629.22
2024-09-16 20:13:30,BTCUSD_PERP,bid,58000,686.69
2024-09-16 20:15:17,BTCUSD_PERP,bid,58000,629.22
2024-09-16 20:15:17,BTCUSD_PERP,bid,58000,571.75
2024-09-16 20:15:19,BTCUSD_PERP,bid,58000,630.06
2024-09-16 20:15:19,BTCUSD_PERP,bid,58000,686.97
2024-09-16 20:18:23,BTCUSD_PERP,bid,58000,629.48
2024-09-16 20:18:23,BTCUSD_PERP,bid,58000,578.84
2024-09-16 20:18:23,BTCUSD_PERP,bid,58000,636.3
2024-09-16 20:20:15,BTCUSD_PERP,bid,58000,578.84
2024-09-16 20:20:15,BTCUSD_PERP,bid,58000,521.38
2024-09-16 20:20:16,BTCUSD_PERP,bid,58000,571.97
2024-09-16 20:20:16,BTCUSD_PERP,bid,58000,628.82
2024-09-16 20:24:42,BTCUSD_PERP,bid,58000,571.96
2024-09-16 20:24:43,BTCUSD_PERP,bid,58000,629.39
2024-09-16 20:24:44,BTCUSD_PERP,bid,58000,643.29
2024-09-16 20:25:29,BTCUSD_PERP,bid,58000,586.45
2024-09-16 20:25:29,BTCUSD_PERP,bid,58000,529.6
2024-09-16 20:30:07,BTCUSD_PERP,bid,58000,594.83
2024-09-16 20:30:07,BTCUSD_PERP,bid,58000,651.67
