2024-08-16 10:05:23,BTCUSDT,ask,58300,604.117
2024-08-16 12:57:48,BTCUSDT,bid,58100,524.411
2024-08-16 10:11:16,BTCUSDT,ask,58600,530.405
2024-08-16 10:11:21,BTCUSDT,ask,58600,530.427
2024-08-16 10:11:48,BTCUSDT,ask,58600,530.423
2024-08-16 10:12:28,BTCUSDT,ask,58600,530.355
2024-08-16 10:12:30,BTCUSDT,ask,58600,530.357
2024-08-16 10:12:51,BTCUSDT,ask,58600,530.335
2024-08-16 10:12:58,BTCUSDT,ask,58600,530.136
2024-08-16 10:14:03,BTCUSDT,ask,58600,530.194
2024-08-16 10:14:08,BTCUSDT,ask,58600,530.273
2024-08-16 07:19:33,BTCUSD_PERP,bid,57100,562.5
2024-08-16 07:19:33,BTCUSD_PERP,bid,57100,619.03
2024-08-16 07:20:47,BTCUSD_PERP,bid,57100,563.76
2024-08-16 07:23:15,BTCUSD_PERP,bid,57100,563.52
2024-08-16 07:23:15,BTCUSD_PERP,bid,57100,620.1
2024-08-16 07:23:15,BTCUSD_PERP,bid,57100,676.1
2024-08-16 07:23:37,BTCUSD_PERP,bid,57100,620.09
2024-08-16 07:23:37,BTCUSD_PERP,bid,57100,563.51
2024-08-16 07:24:44,BTCUSD_PERP,ask,58100,523.73
2024-08-16 07:24:59,BTCUSD_PERP,ask,58100,517.98
2024-08-16 09:32:37,BTCUSD_PERP,bid,57800,626.24
2024-08-16 09:33:34,BTCUSD_PERP,bid,57800,627.11
2024-08-16 09:33:57,BTCUSD_PERP,bid,57800,569.88
2024-08-16 09:40:19,BTCUSD_PERP,bid,57800,627.0
2024-08-16 09:40:19,BTCUSD_PERP,bid,57800,684.22
2024-08-16 09:40:19,BTCUSD_PERP,bid,57800,740.86
2024-08-16 09:40:27,BTCUSD_PERP,bid,57800,626.42
2024-08-16 12:32:16,BTCUSD_PERP,bid,58200,534.23
2024-08-16 12:32:16,BTCUSD_PERP,bid,58200,534.24
2024-08-16 12:32:16,BTCUSD_PERP,bid,58200,534.36
2024-08-16 12:32:17,BTCUSD_PERP,bid,58200,534.26
2024-08-16 12:32:17,BTCUSD_PERP,bid,58200,536.08
2024-08-16 12:32:17,BTCUSD_PERP,bid,58200,535.92
2024-08-16 12:32:17,BTCUSD_PERP,bid,58200,536.02
2024-08-16 12:32:17,BTCUSD_PERP,bid,58200,536.34
2024-08-16 12:32:17,BTCUSD_PERP,bid,58200,536.24
2024-08-16 12:32:18,BTCUSD_PERP,bid,58200,536.23
2024-08-16 12:32:18,BTCUSD_PERP,bid,58200,535.91
2024-08-16 12:32:18,BTCUSD_PERP,bid,58200,535.9
2024-08-16 12:32:18,BTCUSD_PERP,bid,58200,535.93
2024-08-16 12:32:18,BTCUSD_PERP,bid,58200,535.94
2024-08-16 12:32:18,BTCUSD_PERP,bid,58200,534.94
2024-08-16 12:32:19,BTCUSD_PERP,bid,58200,535.04
2024-08-16 12:32:19,BTCUSD_PERP,bid,58200,535.06
2024-08-16 12:32:19,BTCUSD_PERP,bid,58200,535.16
2024-08-16 12:32:19,BTCUSD_PERP,bid,58200,535.04
2024-08-16 12:32:20,BTCUSD_PERP,bid,58200,534.4
2024-08-16 12:32:20,BTCUSD_PERP,bid,58200,534.39
2024-08-16 12:32:20,BTCUSD_PERP,bid,58200,534.38
2024-08-16 12:32:20,BTCUSD_PERP,bid,58200,534.37
2024-08-16 12:32:21,BTCUSD_PERP,bid,58200,534.47
2024-08-16 12:32:21,BTCUSD_PERP,bid,58200,534.37
2024-08-16 12:32:21,BTCUSD_PERP,bid,58200,534.47
2024-08-16 12:32:21,BTCUSD_PERP,bid,58200,536.46
2024-08-16 12:32:21,BTCUSD_PERP,bid,58200,537.14
2024-08-16 12:32:21,BTCUSD_PERP,bid,58200,536.45
2024-08-16 12:32:22,BTCUSD_PERP,bid,58200,536.35
2024-08-16 12:32:22,BTCUSD_PERP,bid,58200,536.45
2024-08-16 12:32:22,BTCUSD_PERP,bid,58200,536.49
2024-08-16 12:32:22,BTCUSD_PERP,bid,58200,529.89
2024-08-16 12:32:22,BTCUSD_PERP,bid,58200,531.54
2024-08-16 12:32:23,BTCUSD_PERP,bid,58200,528.48
2024-08-16 12:32:23,BTCUSD_PERP,bid,58200,528.34
2024-08-16 12:32:23,BTCUSD_PERP,bid,58200,528.32
2024-08-16 12:32:24,BTCUSD_PERP,bid,58200,528.22
2024-08-16 12:32:28,BTCUSD_PERP,bid,58200,528.47
2024-08-16 12:32:28,BTCUSD_PERP,bid,58200,528.22
2024-08-16 12:32:33,BTCUSD_PERP,bid,58200,531.5
2024-08-16 12:32:41,BTCUSD_PERP,bid,58200,532.94
2024-08-16 12:32:43,BTCUSD_PERP,bid,58200,531.5
2024-08-16 12:32:46,BTCUSD_PERP,bid,58200,531.5
2024-08-16 12:32:53,BTCUSD_PERP,bid,58200,530.27
2024-08-16 12:33:07,BTCUSD_PERP,bid,58200,530.52
2024-08-16 12:33:07,BTCUSD_PERP,bid,58200,530.27
2024-08-16 12:33:14,BTCUSD_PERP,bid,58200,530.27
2024-08-16 12:33:14,BTCUSD_PERP,bid,58200,530.27
2024-08-16 12:33:27,BTCUSD_PERP,bid,58200,530.41
2024-08-16 12:33:28,BTCUSD_PERP,bid,58200,530.27
2024-08-16 12:33:35,BTCUSD_PERP,bid,58200,530.28
2024-08-16 12:33:43,BTCUSD_PERP,bid,58200,528.92
2024-08-16 12:33:43,BTCUSD_PERP,bid,58200,529.17
2024-08-16 12:33:43,BTCUSD_PERP,bid,58200,529.42
2024-08-16 12:33:43,BTCUSD_PERP,bid,58200,528.92
2024-08-16 12:33:45,BTCUSD_PERP,bid,58200,528.92
2024-08-16 12:33:45,BTCUSD_PERP,bid,58200,528.92
2024-08-16 12:33:45,BTCUSD_PERP,bid,58200,528.92
2024-08-16 12:33:45,BTCUSD_PERP,bid,58200,529.17
2024-08-16 12:33:46,BTCUSD_PERP,bid,58200,528.92
2024-08-16 12:33:48,BTCUSD_PERP,bid,58200,529.42
2024-08-16 12:33:48,BTCUSD_PERP,bid,58200,528.92
2024-08-16 12:33:52,BTCUSD_PERP,bid,58200,525.64
2024-08-16 12:34:00,BTCUSD_PERP,bid,58200,525.96
2024-08-16 12:34:01,BTCUSD_PERP,bid,58200,525.64
2024-08-16 12:34:02,BTCUSD_PERP,bid,58200,525.64
2024-08-16 12:34:16,BTCUSD_PERP,bid,58200,527.16
2024-08-16 12:34:17,BTCUSD_PERP,bid,58200,525.64
2024-08-16 12:34:18,BTCUSD_PERP,bid,58200,527.1
2024-08-16 12:34:19,BTCUSD_PERP,bid,58200,525.64
2024-08-16 12:34:20,BTCUSD_PERP,bid,58200,529.13
2024-08-16 12:34:21,BTCUSD_PERP,bid,58200,527.56
2024-08-16 12:34:23,BTCUSD_PERP,bid,58200,525.64
2024-08-16 12:34:31,BTCUSD_PERP,bid,58200,527.56
2024-08-16 12:34:35,BTCUSD_PERP,bid,58200,525.64
2024-08-16 12:34:46,BTCUSD_PERP,bid,58200,527.11
2024-08-16 12:34:47,BTCUSD_PERP,bid,58200,529.03
2024-08-16 12:34:48,BTCUSD_PERP,bid,58200,527.56
2024-08-16 12:34:50,BTCUSD_PERP,bid,58200,527.07
2024-08-16 12:34:52,BTCUSD_PERP,bid,58200,525.64
2024-08-16 12:34:52,BTCUSD_PERP,bid,58200,527.56
2024-08-16 12:34:56,BTCUSD_PERP,bid,58200,529.07
2024-08-16 12:34:56,BTCUSD_PERP,bid,58200,525.64
2024-08-16 12:34:57,BTCUSD_PERP,bid,58200,528.99
2024-08-16 12:34:57,BTCUSD_PERP,bid,58200,527.56
2024-08-16 12:34:57,BTCUSD_PERP,bid,58200,525.64
2024-08-16 12:34:57,BTCUSD_PERP,bid,58200,527.56
2024-08-16 12:34:59,BTCUSD_PERP,bid,58200,529.07
2024-08-16 12:34:59,BTCUSD_PERP,bid,58200,527.56
2024-08-16 12:35:03,BTCUSD_PERP,bid,58200,529.05
2024-08-16 12:35:04,BTCUSD_PERP,bid,58200,527.56
2024-08-16 12:35:05,BTCUSD_PERP,bid,58200,525.64
2024-08-16 12:35:05,BTCUSD_PERP,bid,58200,527.56
2024-08-16 12:35:06,BTCUSD_PERP,bid,58200,529.07
2024-08-16 12:35:07,BTCUSD_PERP,bid,58200,527.56
2024-08-16 12:35:07,BTCUSD_PERP,bid,58200,525.64
2024-08-16 12:35:07,BTCUSD_PERP,bid,58200,527.56
2024-08-16 12:35:28,BTCUSD_PERP,bid,58200,525.64
2024-08-16 12:35:28,BTCUSD_PERP,bid,58200,527.56
2024-08-16 12:35:38,BTCUSD_PERP,bid,58200,525.64
2024-08-16 12:35:48,BTCUSD_PERP,bid,58200,527.56
2024-08-16 12:35:55,BTCUSD_PERP,bid,58200,527.57
2024-08-16 12:36:00,BTCUSD_PERP,bid,58200,532.22
2024-08-16 12:36:00,BTCUSD_PERP,bid,58200,532.07
2024-08-16 12:36:01,BTCUSD_PERP,bid,58200,527.57
2024-08-16 12:36:06,BTCUSD_PERP,bid,58200,527.57
2024-08-16 12:36:06,BTCUSD_PERP,bid,58200,525.65
2024-08-16 12:36:06,BTCUSD_PERP,bid,58200,527.57
2024-08-16 12:36:17,BTCUSD_PERP,bid,58200,525.65
2024-08-16 12:36:23,BTCUSD_PERP,bid,58200,527.57
2024-08-16 12:36:38,BTCUSD_PERP,bid,58200,525.65
2024-08-16 12:36:39,BTCUSD_PERP,bid,58200,527.57
2024-08-16 12:37:00,BTCUSD_PERP,bid,58200,525.65
2024-08-16 12:37:00,BTCUSD_PERP,bid,58200,527.57
2024-08-16 12:37:00,BTCUSD_PERP,bid,58200,525.65
2024-08-16 12:37:37,BTCUSD_PERP,bid,58200,525.65
2024-08-16 12:37:38,BTCUSD_PERP,bid,58200,527.13
2024-08-16 12:37:39,BTCUSD_PERP,bid,58200,525.65
2024-08-16 12:37:40,BTCUSD_PERP,bid,58200,528.18
2024-08-16 12:37:40,BTCUSD_PERP,bid,58200,525.65
2024-08-16 12:37:42,BTCUSD_PERP,bid,58200,527.57
2024-08-16 12:37:43,BTCUSD_PERP,bid,58200,527.97
2024-08-16 12:37:43,BTCUSD_PERP,bid,58200,528.37
2024-08-16 12:38:09,BTCUSD_PERP,bid,58200,527.97
2024-08-16 12:38:17,BTCUSD_PERP,bid,58200,527.57
2024-08-16 12:38:26,BTCUSD_PERP,bid,58200,525.65
2024-08-16 12:38:34,BTCUSD_PERP,bid,58200,528.18
2024-08-16 12:38:48,BTCUSD_PERP,bid,58200,528.43
2024-08-16 12:38:55,BTCUSD_PERP,bid,58200,525.65
2024-08-16 12:39:00,BTCUSD_PERP,bid,58200,527.57
2024-08-16 12:39:02,BTCUSD_PERP,bid,58200,527.98
2024-08-16 12:39:21,BTCUSD_PERP,bid,58200,526.06
2024-08-16 12:40:52,BTCUSD_PERP,bid,58200,527.57
2024-08-16 12:41:11,BTCUSD_PERP,bid,58200,525.65
2024-08-16 12:41:56,BTCUSD_PERP,bid,58200,527.19
2024-08-16 12:42:03,BTCUSD_PERP,bid,58200,525.65
2024-08-16 12:42:08,BTCUSD_PERP,bid,58200,527.18
2024-08-16 12:42:09,BTCUSD_PERP,bid,58200,525.65
2024-08-16 12:42:10,BTCUSD_PERP,bid,58200,527.16
2024-08-16 12:42:16,BTCUSD_PERP,bid,58200,525.65
2024-08-16 12:42:28,BTCUSD_PERP,bid,58200,525.98
2024-08-16 12:42:49,BTCUSD_PERP,bid,58200,525.65
2024-08-16 12:42:50,BTCUSD_PERP,bid,58200,525.98
2024-08-16 12:42:53,BTCUSD_PERP,bid,58200,525.65
2024-08-16 12:42:53,BTCUSD_PERP,bid,58200,525.85
2024-08-16 12:43:01,BTCUSD_PERP,bid,58200,525.65
2024-08-16 12:43:05,BTCUSD_PERP,bid,58200,525.71
2024-08-16 12:43:12,BTCUSD_PERP,bid,58200,525.65
2024-08-16 12:43:14,BTCUSD_PERP,bid,58200,522.99
2024-08-16 12:43:14,BTCUSD_PERP,bid,58200,525.11
2024-08-16 12:43:14,BTCUSD_PERP,bid,58200,525.45
2024-08-16 12:43:14,BTCUSD_PERP,bid,58200,525.34
2024-08-16 12:43:14,BTCUSD_PERP,bid,58200,525.36
2024-08-16 12:43:15,BTCUSD_PERP,bid,58200,525.35
2024-08-16 12:43:16,BTCUSD_PERP,bid,58200,525.34
2024-08-16 12:43:17,BTCUSD_PERP,bid,58200,525.46
2024-08-16 12:43:17,BTCUSD_PERP,bid,58200,525.92
2024-08-16 12:43:17,BTCUSD_PERP,bid,58200,529.63
2024-08-16 12:43:17,BTCUSD_PERP,bid,58200,529.03
2024-08-16 12:43:17,BTCUSD_PERP,bid,58200,528.03
2024-08-16 12:43:18,BTCUSD_PERP,bid,58200,528.53
2024-08-16 12:43:19,BTCUSD_PERP,bid,58200,528.52
2024-08-16 12:43:20,BTCUSD_PERP,bid,58200,528.51
2024-08-16 12:43:21,BTCUSD_PERP,bid,58200,528.5
2024-08-16 12:43:21,BTCUSD_PERP,bid,58200,528.49
2024-08-16 12:43:22,BTCUSD_PERP,bid,58200,528.48
2024-08-16 12:43:22,BTCUSD_PERP,bid,58200,528.47
2024-08-16 12:43:22,BTCUSD_PERP,bid,58200,527.86
2024-08-16 12:43:22,BTCUSD_PERP,bid,58200,527.86
2024-08-16 12:43:22,BTCUSD_PERP,bid,58200,528.35
2024-08-16 12:43:23,BTCUSD_PERP,bid,58200,528.85
2024-08-16 12:43:23,BTCUSD_PERP,bid,58200,527.85
2024-08-16 12:43:23,BTCUSD_PERP,bid,58200,528.84
2024-08-16 12:43:23,BTCUSD_PERP,bid,58200,528.85
2024-08-16 12:43:23,BTCUSD_PERP,bid,58200,527.85
2024-08-16 12:43:23,BTCUSD_PERP,bid,58200,527.85
2024-08-16 12:43:23,BTCUSD_PERP,bid,58200,528.85
2024-08-16 12:43:23,BTCUSD_PERP,bid,58200,528.95
2024-08-16 12:43:24,BTCUSD_PERP,bid,58200,528.9
2024-08-16 12:43:24,BTCUSD_PERP,bid,58200,528.8
2024-08-16 12:43:24,BTCUSD_PERP,bid,58200,531.4
2024-08-16 12:43:24,BTCUSD_PERP,bid,58200,527.2
2024-08-16 12:43:24,BTCUSD_PERP,bid,58200,525.58
2024-08-16 12:43:24,BTCUSD_PERP,bid,58200,525.43
2024-08-16 12:43:28,BTCUSD_PERP,bid,58200,524.84
2024-08-16 12:43:38,BTCUSD_PERP,bid,58200,524.34
2024-08-16 12:43:38,BTCUSD_PERP,bid,58200,523.84
2024-08-16 12:43:41,BTCUSD_PERP,bid,58200,523.81
2024-08-16 12:44:18,BTCUSD_PERP,bid,58200,523.96
2024-08-16 12:44:18,BTCUSD_PERP,bid,58200,523.81
2024-08-16 12:44:48,BTCUSD_PERP,bid,58200,523.81
2024-08-16 12:44:56,BTCUSD_PERP,bid,58200,523.81
2024-08-16 12:45:15,BTCUSD_PERP,bid,58200,522.45
2024-08-16 12:45:35,BTCUSD_PERP,bid,58200,522.83
2024-08-16 12:45:38,BTCUSD_PERP,bid,58200,522.45
2024-08-16 12:45:41,BTCUSD_PERP,bid,58200,523.2
2024-08-16 12:45:42,BTCUSD_PERP,bid,58200,522.45
2024-08-16 12:46:00,BTCUSD_PERP,bid,58200,522.45
2024-08-16 12:46:00,BTCUSD_PERP,bid,58200,524.01
2024-08-16 12:46:01,BTCUSD_PERP,bid,58200,522.45
2024-08-16 12:46:02,BTCUSD_PERP,bid,58200,523.91
2024-08-16 12:46:03,BTCUSD_PERP,bid,58200,522.45
2024-08-16 12:46:12,BTCUSD_PERP,bid,58200,524.01
2024-08-16 12:46:24,BTCUSD_PERP,bid,58200,522.7
2024-08-16 12:46:24,BTCUSD_PERP,bid,58200,522.95
2024-08-16 12:46:25,BTCUSD_PERP,bid,58200,522.45
2024-08-16 12:46:39,BTCUSD_PERP,bid,58200,522.45
2024-08-16 12:46:40,BTCUSD_PERP,bid,58200,523.14
2024-08-16 12:46:45,BTCUSD_PERP,bid,58200,524.58
2024-08-16 12:46:45,BTCUSD_PERP,bid,58200,523.89
2024-08-16 12:46:46,BTCUSD_PERP,bid,58200,524.14
2024-08-16 12:46:46,BTCUSD_PERP,bid,58200,523.89
2024-08-16 12:46:55,BTCUSD_PERP,bid,58200,522.45
2024-08-16 12:46:57,BTCUSD_PERP,bid,58200,522.62
2024-08-16 12:46:57,BTCUSD_PERP,bid,58200,522.65
2024-08-16 12:46:57,BTCUSD_PERP,bid,58200,523.27
2024-08-16 12:46:57,BTCUSD_PERP,bid,58200,529.58
2024-08-16 12:46:57,BTCUSD_PERP,bid,58200,529.28
2024-08-16 12:46:58,BTCUSD_PERP,bid,58200,530.03
2024-08-16 12:46:58,BTCUSD_PERP,bid,58200,529.27
2024-08-16 12:46:58,BTCUSD_PERP,bid,58200,530.17
2024-08-16 12:46:58,BTCUSD_PERP,bid,58200,530.27
2024-08-16 12:46:59,BTCUSD_PERP,bid,58200,530.17
2024-08-16 12:46:59,BTCUSD_PERP,bid,58200,529.42
2024-08-16 12:46:59,BTCUSD_PERP,bid,58200,529.41
2024-08-16 12:46:59,BTCUSD_PERP,bid,58200,529.41
2024-08-16 12:46:59,BTCUSD_PERP,bid,58200,529.66
2024-08-16 12:46:59,BTCUSD_PERP,bid,58200,529.66
2024-08-16 12:46:59,BTCUSD_PERP,bid,58200,529.66
2024-08-16 12:46:59,BTCUSD_PERP,bid,58200,529.41
2024-08-16 12:47:00,BTCUSD_PERP,bid,58200,529.66
2024-08-16 12:47:00,BTCUSD_PERP,bid,58200,530.16
2024-08-16 12:47:00,BTCUSD_PERP,bid,58200,529.41
2024-08-16 12:47:00,BTCUSD_PERP,bid,58200,530.16
2024-08-16 12:47:00,BTCUSD_PERP,bid,58200,529.41
2024-08-16 12:47:00,BTCUSD_PERP,bid,58200,525.53
2024-08-16 12:47:00,BTCUSD_PERP,bid,58200,527.08
2024-08-16 12:47:01,BTCUSD_PERP,bid,58200,526.92
2024-08-16 12:47:01,BTCUSD_PERP,bid,58200,526.9
2024-08-16 12:47:01,BTCUSD_PERP,bid,58200,526.89
2024-08-16 12:47:03,BTCUSD_PERP,bid,58200,524.59
2024-08-16 12:47:03,BTCUSD_PERP,bid,58200,524.59
2024-08-16 12:47:08,BTCUSD_PERP,bid,58200,523.62
2024-08-16 12:47:08,BTCUSD_PERP,bid,58200,522.82
2024-08-16 12:47:10,BTCUSD_PERP,bid,58200,524.74
2024-08-16 12:47:41,BTCUSD_PERP,bid,58200,522.82
2024-08-16 12:48:03,BTCUSD_PERP,bid,58200,524.32
2024-08-16 12:48:03,BTCUSD_PERP,bid,58200,522.82
2024-08-16 12:48:07,BTCUSD_PERP,bid,58200,522.42
2024-08-16 12:48:13,BTCUSD_PERP,bid,58200,523.91
2024-08-16 12:48:16,BTCUSD_PERP,bid,58200,522.42
2024-08-16 12:48:27,BTCUSD_PERP,bid,58200,522.42
2024-08-16 12:48:47,BTCUSD_PERP,bid,58200,523.91
2024-08-16 12:48:47,BTCUSD_PERP,bid,58200,522.42
2024-08-16 12:48:54,BTCUSD_PERP,bid,58200,523.87
2024-08-16 12:48:56,BTCUSD_PERP,bid,58200,522.42
2024-08-16 12:48:57,BTCUSD_PERP,bid,58200,522.8
2024-08-16 12:48:58,BTCUSD_PERP,bid,58200,522.42
2024-08-16 12:49:04,BTCUSD_PERP,bid,58200,522.57
2024-08-16 12:49:04,BTCUSD_PERP,bid,58200,523.19
2024-08-16 12:49:04,BTCUSD_PERP,bid,58200,523.19
2024-08-16 12:49:04,BTCUSD_PERP,bid,58200,523.95
2024-08-16 12:49:04,BTCUSD_PERP,bid,58200,523.2
2024-08-16 12:49:04,BTCUSD_PERP,bid,58200,523.95
2024-08-16 12:49:04,BTCUSD_PERP,bid,58200,523.95
2024-08-16 12:49:05,BTCUSD_PERP,bid,58200,523.94
2024-08-16 12:49:05,BTCUSD_PERP,bid,58200,523.94
2024-08-16 12:49:05,BTCUSD_PERP,bid,58200,523.94
2024-08-16 12:49:05,BTCUSD_PERP,bid,58200,523.94
2024-08-16 12:49:05,BTCUSD_PERP,bid,58200,524.11
2024-08-16 12:49:05,BTCUSD_PERP,bid,58200,526.84
2024-08-16 12:49:06,BTCUSD_PERP,bid,58200,526.34
2024-08-16 12:49:06,BTCUSD_PERP,bid,58200,527.44
2024-08-16 12:49:06,BTCUSD_PERP,bid,58200,527.62
2024-08-16 12:49:07,BTCUSD_PERP,bid,58200,527.62
2024-08-16 12:49:07,BTCUSD_PERP,bid,58200,528.19
2024-08-16 12:49:07,BTCUSD_PERP,bid,58200,528.71
2024-08-16 12:49:07,BTCUSD_PERP,bid,58200,528.69
2024-08-16 12:49:07,BTCUSD_PERP,bid,58200,528.7
2024-08-16 12:49:07,BTCUSD_PERP,bid,58200,529.6
2024-08-16 12:49:08,BTCUSD_PERP,bid,58200,528.68
2024-08-16 12:49:09,BTCUSD_PERP,bid,58200,528.18
2024-08-16 12:49:09,BTCUSD_PERP,bid,58200,528.2
2024-08-16 12:49:09,BTCUSD_PERP,bid,58200,527.95
2024-08-16 12:49:09,BTCUSD_PERP,bid,58200,527.95
2024-08-16 12:49:09,BTCUSD_PERP,bid,58200,527.94
2024-08-16 12:49:10,BTCUSD_PERP,bid,58200,529.75
2024-08-16 12:49:10,BTCUSD_PERP,bid,58200,529.9
2024-08-16 12:49:10,BTCUSD_PERP,bid,58200,529.89
2024-08-16 12:49:10,BTCUSD_PERP,bid,58200,528.83
2024-08-16 12:49:11,BTCUSD_PERP,bid,58200,528.83
2024-08-16 12:49:11,BTCUSD_PERP,bid,58200,529.33
2024-08-16 12:49:11,BTCUSD_PERP,bid,58200,528.83
2024-08-16 12:49:11,BTCUSD_PERP,bid,58200,528.82
2024-08-16 12:49:11,BTCUSD_PERP,bid,58200,529.32
2024-08-16 12:49:12,BTCUSD_PERP,bid,58200,526.08
2024-08-16 12:49:12,BTCUSD_PERP,bid,58200,523.64
2024-08-16 12:49:33,BTCUSD_PERP,bid,58200,524.57
2024-08-16 12:49:59,BTCUSD_PERP,bid,58200,523.02
2024-08-16 12:50:03,BTCUSD_PERP,bid,58200,522.35
2024-08-16 12:50:04,BTCUSD_PERP,bid,58200,523.87
2024-08-16 12:50:13,BTCUSD_PERP,bid,58200,522.35
2024-08-16 12:50:13,BTCUSD_PERP,bid,58200,523.12
2024-08-16 12:50:14,BTCUSD_PERP,bid,58200,522.35
2024-08-16 12:50:15,BTCUSD_PERP,bid,58200,522.3
2024-08-16 12:50:15,BTCUSD_PERP,bid,58200,522.29
2024-08-16 12:50:16,BTCUSD_PERP,bid,58200,522.19
2024-08-16 12:50:16,BTCUSD_PERP,bid,58200,522.17
2024-08-16 12:50:17,BTCUSD_PERP,bid,58200,522.27
2024-08-16 12:50:17,BTCUSD_PERP,bid,58200,522.61
2024-08-16 12:50:17,BTCUSD_PERP,bid,58200,525.36
2024-08-16 12:50:18,BTCUSD_PERP,bid,58200,525.25
2024-08-16 12:50:18,BTCUSD_PERP,bid,58200,523.65
2024-08-16 12:50:19,BTCUSD_PERP,bid,58200,525.15
2024-08-16 12:50:19,BTCUSD_PERP,bid,58200,523.65
2024-08-16 12:50:19,BTCUSD_PERP,bid,58200,522.52
2024-08-16 12:50:20,BTCUSD_PERP,bid,58200,522.99
2024-08-16 12:50:22,BTCUSD_PERP,bid,58200,524.51
2024-08-16 12:50:23,BTCUSD_PERP,bid,58200,522.99
2024-08-16 12:50:27,BTCUSD_PERP,bid,58200,524.91
2024-08-16 12:50:28,BTCUSD_PERP,bid,58200,524.64
2024-08-16 12:50:30,BTCUSD_PERP,bid,58200,525.21
2024-08-16 12:51:15,BTCUSD_PERP,bid,58200,525.21
2024-08-16 12:51:19,BTCUSD_PERP,bid,58200,532.14
2024-08-16 12:51:19,BTCUSD_PERP,bid,58200,524.64
2024-08-16 12:51:20,BTCUSD_PERP,bid,58200,522.72
2024-08-16 12:51:22,BTCUSD_PERP,bid,58200,524.64
2024-08-16 12:51:33,BTCUSD_PERP,bid,58200,522.72
2024-08-16 12:51:33,BTCUSD_PERP,bid,58200,524.64
2024-08-16 12:51:55,BTCUSD_PERP,bid,58200,522.72
2024-08-16 12:52:01,BTCUSD_PERP,bid,58200,524.64
2024-08-16 12:52:13,BTCUSD_PERP,bid,58200,522.72
2024-08-16 12:52:16,BTCUSD_PERP,bid,58200,524.64
2024-08-16 12:52:57,BTCUSD_PERP,bid,58200,522.72
2024-08-16 12:52:59,BTCUSD_PERP,bid,58200,524.64
2024-08-16 12:53:20,BTCUSD_PERP,bid,58200,524.07
2024-08-16 12:53:23,BTCUSD_PERP,bid,58200,522.15
2024-08-16 12:53:43,BTCUSD_PERP,bid,58200,523.6
2024-08-16 12:54:17,BTCUSD_PERP,bid,58200,524.86
2024-08-16 12:54:50,BTCUSD_PERP,bid,58200,524.44
2024-08-16 12:56:08,BTCUSD_PERP,bid,58200,533.44
2024-08-16 12:56:24,BTCUSD_PERP,bid,58200,524.44
2024-08-16 12:57:17,BTCUSD_PERP,bid,58200,523.6
2024-08-16 12:57:26,BTCUSD_PERP,bid,58200,524.1
2024-08-16 12:57:26,BTCUSD_PERP,bid,58200,523.6
2024-08-16 16:52:23,BTCUSD_PERP,bid,58100,745.02
2024-08-16 16:52:23,BTCUSD_PERP,bid,58100,802.56
2024-08-16 16:52:23,BTCUSD_PERP,bid,58100,860.1
2024-08-16 16:52:23,BTCUSD_PERP,bid,58100,917.06
2024-08-16 16:52:23,BTCUSD_PERP,bid,58100,974.6
2024-08-16 16:52:23,BTCUSD_PERP,bid,58100,1031.56
2024-08-16 16:52:24,BTCUSD_PERP,bid,58100,1089.1
2024-08-16 16:52:44,BTCUSD_PERP,bid,58100,974.6
2024-08-16 16:55:09,BTCUSD_PERP,bid,58100,574.21
2024-08-16 16:55:09,BTCUSD_PERP,bid,58100,688.13
2024-08-16 16:55:09,BTCUSD_PERP,bid,58100,745.09
2024-08-16 16:55:09,BTCUSD_PERP,bid,58100,802.64
2024-08-16 16:55:57,BTCUSD_PERP,bid,58100,687.54
2024-08-16 16:55:57,BTCUSD_PERP,bid,58100,629.99
2024-08-16 16:55:57,BTCUSD_PERP,bid,58100,573.03
2024-08-16 18:22:08,BTCUSD_PERP,bid,58100,524.4
2024-08-16 18:22:08,BTCUSD_PERP,bid,58100,639.44
2024-08-16 18:22:08,BTCUSD_PERP,bid,58100,696.37
2024-08-16 18:22:08,BTCUSD_PERP,bid,58100,810.72
2024-08-16 18:22:09,BTCUSD_PERP,bid,58100,868.24
2024-08-16 18:22:09,BTCUSD_PERP,bid,58100,1040.21
2024-08-16 18:22:09,BTCUSD_PERP,bid,58100,1097.73
2024-08-16 18:24:11,BTCUSD_PERP,bid,58100,1040.21
2024-08-16 18:24:11,BTCUSD_PERP,bid,58100,982.69
2024-08-16 18:24:11,BTCUSD_PERP,bid,58100,868.24
2024-08-16 18:24:12,BTCUSD_PERP,bid,58100,810.72
2024-08-16 18:24:12,BTCUSD_PERP,bid,58100,753.2
2024-08-16 18:24:12,BTCUSD_PERP,bid,58100,695.68
2024-08-16 18:24:13,BTCUSD_PERP,bid,58100,638.75
2024-08-16 18:24:13,BTCUSD_PERP,bid,58100,581.33
2024-08-16 18:24:13,BTCUSD_PERP,bid,58100,516.69
2024-08-16 18:24:13,BTCUSD_PERP,bid,58100,523.81
2024-08-16 18:24:13,BTCUSD_PERP,bid,58100,574.24
2024-08-16 18:24:13,BTCUSD_PERP,bid,58100,688.18
2024-08-16 18:24:13,BTCUSD_PERP,bid,58100,802.7
2024-08-16 18:24:13,BTCUSD_PERP,bid,58100,974.19
2024-08-16 18:24:13,BTCUSD_PERP,bid,58100,1088.71
2024-08-16 18:25:09,BTCUSD_PERP,bid,58100,1031.16
2024-08-16 18:25:09,BTCUSD_PERP,bid,58100,973.61
2024-08-16 18:25:10,BTCUSD_PERP,bid,58100,801.65
2024-08-16 18:25:10,BTCUSD_PERP,bid,58100,859.17
2024-08-16 18:26:48,BTCUSD_PERP,bid,58100,744.22
2024-08-16 09:33:24,BTCUSD_PERP,bid,57700,568.85
2024-08-16 09:36:55,BTCUSD_PERP,bid,57700,570.03
2024-08-16 09:37:07,BTCUSD_PERP,bid,57600,528.13
2024-08-16 09:37:07,BTCUSD_PERP,bid,57600,584.65
2024-08-16 09:37:28,BTCUSD_PERP,bid,57600,747.92
2024-08-16 09:37:28,BTCUSD_PERP,bid,57600,918.55
2024-08-16 09:37:29,BTCUSD_PERP,bid,57600,975.62
2024-08-16 09:37:29,BTCUSD_PERP,bid,57600,804.41
2024-08-16 09:37:29,BTCUSD_PERP,bid,57600,747.92
2024-08-16 09:37:30,BTCUSD_PERP,bid,57600,633.89
2024-08-16 09:37:30,BTCUSD_PERP,bid,57600,576.82
2024-08-16 09:37:30,BTCUSD_PERP,bid,57600,568.68
2024-08-16 09:37:31,BTCUSD_PERP,bid,57600,625.21
2024-08-16 09:37:47,BTCUSD_PERP,bid,57600,567.41
2024-08-16 09:39:27,BTCUSD_PERP,bid,57700,568.6
2024-08-16 09:39:27,BTCUSD_PERP,bid,57700,625.17
2024-08-16 09:39:27,BTCUSD_PERP,bid,57700,967.39
2024-08-16 09:39:41,BTCUSD_PERP,bid,57700,853.67
2024-08-16 09:39:41,BTCUSD_PERP,bid,57700,796.52
2024-08-16 09:39:42,BTCUSD_PERP,bid,57700,739.95
2024-08-16 09:39:42,BTCUSD_PERP,bid,57700,682.8
2024-08-16 09:39:42,BTCUSD_PERP,bid,57700,626.13
2024-08-16 09:39:42,BTCUSD_PERP,bid,57700,740.51
2024-08-16 09:39:43,BTCUSD_PERP,bid,57700,797.12
2024-08-16 09:40:18,BTCUSD_PERP,bid,57700,740.51
2024-08-16 09:40:18,BTCUSD_PERP,bid,57700,683.9
2024-08-16 09:40:18,BTCUSD_PERP,bid,57700,626.71
2024-08-16 09:40:27,BTCUSD_PERP,bid,57700,854.27
2024-08-16 09:40:43,BTCUSD_PERP,bid,57700,910.82
2024-08-16 09:40:43,BTCUSD_PERP,bid,57700,967.97
2024-08-16 09:40:43,BTCUSD_PERP,bid,57600,522.48
2024-08-16 09:40:58,BTCUSD_PERP,bid,57700,854.25
2024-08-16 09:40:58,BTCUSD_PERP,bid,57700,810.38
2024-08-16 09:40:58,BTCUSD_PERP,bid,57700,924.04
2024-08-16 09:40:58,BTCUSD_PERP,bid,57700,981.16
2024-08-16 09:41:43,BTCUSD_PERP,bid,57700,982.37
2024-08-16 09:41:47,BTCUSD_PERP,bid,57700,925.83
2024-08-16 09:41:47,BTCUSD_PERP,bid,57700,869.29
2024-08-16 09:41:47,BTCUSD_PERP,bid,57700,812.17
2024-08-16 09:41:47,BTCUSD_PERP,bid,57700,698.51
2024-08-16 09:41:47,BTCUSD_PERP,bid,57700,641.39
2024-08-16 09:41:47,BTCUSD_PERP,bid,57600,568.58
2024-08-16 09:42:32,BTCUSD_PERP,bid,57700,568.19
2024-08-16 09:42:33,BTCUSD_PERP,bid,57700,625.31
2024-08-16 09:42:50,BTCUSD_PERP,bid,57600,852.95
2024-08-16 09:42:50,BTCUSD_PERP,bid,57600,910.03
2024-08-16 09:42:53,BTCUSD_PERP,bid,57600,853.53
2024-08-16 09:42:54,BTCUSD_PERP,bid,57600,796.45
2024-08-16 09:42:54,BTCUSD_PERP,bid,57600,739.37
2024-08-16 09:42:54,BTCUSD_PERP,bid,57600,682.29
2024-08-16 09:42:54,BTCUSD_PERP,bid,57600,625.21
2024-08-16 09:43:47,BTCUSD_PERP,bid,57600,569.81
2024-08-16 09:51:14,BTCUSD_PERP,bid,57600,625.59
2024-08-16 09:51:52,BTCUSD_PERP,bid,57600,569.14
2024-08-16 09:53:59,BTCUSD_PERP,bid,57600,625.03
2024-08-16 09:53:59,BTCUSD_PERP,bid,57600,738.42
2024-08-16 09:53:59,BTCUSD_PERP,bid,57600,794.88
2024-08-16 09:53:59,BTCUSD_PERP,bid,57600,851.91
2024-08-16 09:54:58,BTCUSD_PERP,bid,57600,794.88
2024-08-16 09:54:58,BTCUSD_PERP,bid,57600,681.98
2024-08-16 09:54:58,BTCUSD_PERP,bid,57600,624.95
2024-08-16 09:54:58,BTCUSD_PERP,bid,57600,567.92
2024-08-16 09:54:58,BTCUSD_PERP,bid,57600,682.31
2024-08-16 09:54:59,BTCUSD_PERP,bid,57600,739.37
2024-08-16 09:54:59,BTCUSD_PERP,bid,57600,796.43
2024-08-16 09:54:59,BTCUSD_PERP,bid,57600,852.91
2024-08-16 09:54:59,BTCUSD_PERP,bid,57600,909.39
2024-08-16 09:54:59,BTCUSD_PERP,bid,57600,966.45
2024-08-16 09:55:12,BTCUSD_PERP,bid,57600,853.49
2024-08-16 09:55:12,BTCUSD_PERP,bid,57600,796.43
2024-08-16 09:55:12,BTCUSD_PERP,bid,57600,739.95
2024-08-16 09:55:12,BTCUSD_PERP,bid,57600,682.89
2024-08-16 09:55:13,BTCUSD_PERP,bid,57600,626.41
2024-08-16 09:55:13,BTCUSD_PERP,bid,57600,569.64
2024-08-16 09:55:14,BTCUSD_PERP,bid,57600,797.43
2024-08-16 09:55:14,BTCUSD_PERP,bid,57600,911.04
2024-08-16 09:55:14,BTCUSD_PERP,bid,57600,555.03
2024-08-16 09:55:21,BTCUSD_PERP,bid,57600,796.86
2024-08-16 09:55:22,BTCUSD_PERP,bid,57600,739.36
2024-08-16 09:55:26,BTCUSD_PERP,bid,57600,682.3
2024-08-16 09:55:26,BTCUSD_PERP,bid,57600,625.24
2024-08-16 09:55:26,BTCUSD_PERP,bid,57600,568.18
2024-08-16 09:55:59,BTCUSD_PERP,bid,57600,966.44
2024-08-16 09:55:59,BTCUSD_PERP,bid,57600,1023.5
2024-08-16 09:56:25,BTCUSD_PERP,bid,57600,739.36
2024-08-16 09:58:38,BTCUSD_PERP,bid,57700,569.57
2024-08-16 09:58:38,BTCUSD_PERP,bid,57700,683.25
2024-08-16 09:58:38,BTCUSD_PERP,bid,57700,739.8
2024-08-16 09:58:39,BTCUSD_PERP,bid,57700,796.93
2024-08-16 09:58:39,BTCUSD_PERP,bid,57700,854.06
2024-08-16 09:58:39,BTCUSD_PERP,bid,57700,910.61
2024-08-16 09:58:39,BTCUSD_PERP,bid,57700,967.64
2024-08-16 09:58:40,BTCUSD_PERP,bid,57700,967.68
2024-08-16 09:58:41,BTCUSD_PERP,bid,57700,967.72
2024-08-16 09:59:13,BTCUSD_PERP,bid,57700,910.59
2024-08-16 09:59:13,BTCUSD_PERP,bid,57600,682.3
2024-08-16 09:59:13,BTCUSD_PERP,bid,57600,853.02
2024-08-16 09:59:13,BTCUSD_PERP,bid,57600,910.12
2024-08-16 09:59:38,BTCUSD_PERP,bid,57700,1024.17
2024-08-16 09:59:38,BTCUSD_PERP,bid,57700,1081.3
2024-08-16 10:00:35,BTCUSD_PERP,bid,57700,967.04
2024-08-16 10:00:35,BTCUSD_PERP,bid,57700,796.81
2024-08-16 10:00:35,BTCUSD_PERP,bid,57600,625.2
2024-08-16 10:00:35,BTCUSD_PERP,bid,57600,852.91
2024-08-16 10:00:35,BTCUSD_PERP,bid,57600,910.01
2024-08-16 10:01:02,BTCUSD_PERP,bid,57600,739.29
2024-08-16 10:01:02,BTCUSD_PERP,bid,57600,909.53
2024-08-16 10:01:02,BTCUSD_PERP,bid,57600,966.6
2024-08-16 10:01:02,BTCUSD_PERP,bid,57600,1023.67
2024-08-16 10:01:32,BTCUSD_PERP,bid,57600,796.08
2024-08-16 10:01:33,BTCUSD_PERP,bid,57600,682.52
2024-08-16 10:01:33,BTCUSD_PERP,bid,57600,625.45
2024-08-16 10:01:34,BTCUSD_PERP,bid,57600,568.83
2024-08-16 10:01:35,BTCUSD_PERP,bid,57600,625.93
2024-08-16 10:02:13,BTCUSD_PERP,bid,57700,568.9
2024-08-16 10:02:13,BTCUSD_PERP,bid,57700,682.58
2024-08-16 10:02:13,BTCUSD_PERP,bid,57700,739.71
2024-08-16 10:02:14,BTCUSD_PERP,bid,57700,796.84
2024-08-16 10:02:14,BTCUSD_PERP,bid,57700,911.14
2024-08-16 10:03:59,BTCUSD_PERP,bid,57700,854.59
2024-08-16 10:04:00,BTCUSD_PERP,bid,57600,625.35
2024-08-16 10:04:00,BTCUSD_PERP,bid,57600,796.65
2024-08-16 10:04:00,BTCUSD_PERP,bid,57600,853.75
2024-08-16 10:04:28,BTCUSD_PERP,bid,57600,568.86
2024-08-16 10:04:28,BTCUSD_PERP,bid,57600,739.49
2024-08-16 10:04:29,BTCUSD_PERP,bid,57600,796.56
2024-08-16 10:05:26,BTCUSD_PERP,bid,57600,739.49
2024-08-16 10:05:26,BTCUSD_PERP,bid,57600,682.52
2024-08-16 10:05:26,BTCUSD_PERP,bid,57600,625.45
2024-08-16 10:06:54,BTCUSD_PERP,bid,57600,805.24
2024-08-16 10:07:04,BTCUSD_PERP,bid,57600,795.22
2024-08-16 10:07:47,BTCUSD_PERP,bid,57600,568.28
2024-08-16 10:07:47,BTCUSD_PERP,bid,57600,738.88
2024-08-16 10:07:47,BTCUSD_PERP,bid,57600,795.36
2024-08-16 10:07:55,BTCUSD_PERP,bid,57600,738.3
2024-08-16 10:07:55,BTCUSD_PERP,bid,57600,681.82
2024-08-16 10:07:55,BTCUSD_PERP,bid,57600,567.7
2024-08-16 10:07:55,BTCUSD_PERP,bid,57600,624.47
2024-08-16 10:07:56,BTCUSD_PERP,bid,57600,681.55
2024-08-16 10:07:56,BTCUSD_PERP,bid,57600,738.63
2024-08-16 10:07:56,BTCUSD_PERP,bid,57600,795.71
2024-08-16 10:08:25,BTCUSD_PERP,bid,57600,739.2
2024-08-16 10:08:28,BTCUSD_PERP,bid,57600,682.12
2024-08-16 10:08:28,BTCUSD_PERP,bid,57700,739.21
2024-08-16 10:08:28,BTCUSD_PERP,bid,57700,796.34
2024-08-16 10:13:18,BTCUSD_PERP,bid,57600,796.5
2024-08-16 10:13:18,BTCUSD_PERP,bid,57600,853.6
2024-08-16 10:13:45,BTCUSD_PERP,bid,57600,739.98
2024-08-16 10:13:49,BTCUSD_PERP,bid,57600,625.78
2024-08-16 10:13:49,BTCUSD_PERP,bid,57600,626.03
2024-08-16 10:13:49,BTCUSD_PERP,bid,57600,683.1
2024-08-16 10:14:13,BTCUSD_PERP,bid,57600,681.58
2024-08-16 10:14:14,BTCUSD_PERP,bid,57600,738.62
2024-08-16 10:15:51,BTCUSD_PERP,bid,57600,681.58
2024-08-16 10:15:51,BTCUSD_PERP,bid,57600,568.08
2024-08-16 10:15:52,BTCUSD_PERP,bid,57600,626.04
2024-08-16 10:15:52,BTCUSD_PERP,bid,57600,740.2
2024-08-16 10:15:53,BTCUSD_PERP,bid,57600,853.2
2024-08-16 10:15:53,BTCUSD_PERP,bid,57600,966.78
2024-08-16 10:15:53,BTCUSD_PERP,bid,57600,1023.86
2024-08-16 10:15:53,BTCUSD_PERP,bid,57600,1037.67
2024-08-16 10:15:55,BTCUSD_PERP,bid,57600,1038.87
2024-08-16 10:16:20,BTCUSD_PERP,bid,57600,1037.67
2024-08-16 10:17:37,BTCUSD_PERP,bid,57600,696.35
2024-08-16 10:17:37,BTCUSD_PERP,bid,57600,639.85
2024-08-16 10:17:37,BTCUSD_PERP,bid,57600,526.27
2024-08-16 10:17:39,BTCUSD_PERP,bid,57600,626.38
2024-08-16 10:19:58,BTCUSD_PERP,bid,57600,569.85
2024-08-16 10:19:59,BTCUSD_PERP,bid,57700,625.75
2024-08-16 10:19:59,BTCUSD_PERP,bid,57700,682.9
2024-08-16 10:20:42,BTCUSD_PERP,bid,57600,739.09
2024-08-16 10:20:43,BTCUSD_PERP,bid,57600,796.17
2024-08-16 10:21:22,BTCUSD_PERP,bid,57600,739.66
2024-08-16 10:21:22,BTCUSD_PERP,bid,57600,682.58
2024-08-16 10:21:22,BTCUSD_PERP,bid,57600,625.5
2024-08-16 10:21:22,BTCUSD_PERP,bid,57600,568.52
2024-08-16 10:21:24,BTCUSD_PERP,bid,57600,568.75
2024-08-16 10:21:24,BTCUSD_PERP,bid,57600,625.8
2024-08-16 10:21:24,BTCUSD_PERP,bid,57600,739.33
2024-08-16 10:21:24,BTCUSD_PERP,bid,57600,795.81
2024-08-16 10:21:38,BTCUSD_PERP,bid,57600,681.81
2024-08-16 10:21:39,BTCUSD_PERP,bid,57600,624.76
2024-08-16 10:21:39,BTCUSD_PERP,bid,57600,567.71
2024-08-16 10:21:39,BTCUSD_PERP,bid,57600,682.07
2024-08-16 10:21:40,BTCUSD_PERP,bid,57600,738.58
2024-08-16 10:21:40,BTCUSD_PERP,bid,57600,852.76
2024-08-16 10:22:24,BTCUSD_PERP,bid,57600,795.67
2024-08-16 10:22:24,BTCUSD_PERP,bid,57600,625.56
2024-08-16 10:22:24,BTCUSD_PERP,bid,57600,569.05
2024-08-16 10:22:25,BTCUSD_PERP,bid,57600,569.93
2024-08-16 10:22:26,BTCUSD_PERP,bid,57600,626.47
2024-08-16 10:22:26,BTCUSD_PERP,bid,57600,797.25
2024-08-16 10:22:26,BTCUSD_PERP,bid,57600,910.91
2024-08-16 10:22:36,BTCUSD_PERP,bid,57600,853.79
2024-08-16 10:23:23,BTCUSD_PERP,bid,57600,966.82
2024-08-16 11:27:31,BTCUSD_PERP,bid,57600,625.01
2024-08-16 11:27:31,BTCUSD_PERP,bid,57600,682.04
2024-08-16 11:27:31,BTCUSD_PERP,bid,57600,738.49
2024-08-16 11:27:31,BTCUSD_PERP,bid,57600,794.94
2024-08-16 11:28:24,BTCUSD_PERP,bid,57600,737.91
2024-08-16 11:28:27,BTCUSD_PERP,bid,57600,681.46
2024-08-16 11:28:27,BTCUSD_PERP,bid,57600,624.43
2024-08-16 11:28:28,BTCUSD_PERP,bid,57600,568.28
2024-08-16 11:28:29,BTCUSD_PERP,bid,57600,681.82
2024-08-16 11:32:16,BTCUSD_PERP,bid,57600,625.34
2024-08-16 11:32:17,BTCUSD_PERP,bid,57600,624.94
2024-08-16 11:36:09,BTCUSD_PERP,bid,57600,625.03
2024-08-16 11:40:29,BTCUSD_PERP,bid,57600,568.28
2024-08-16 11:41:26,BTCUSD_PERP,bid,57600,568.58
2024-08-16 11:41:26,BTCUSD_PERP,bid,57600,681.6
2024-08-16 11:41:27,BTCUSD_PERP,bid,57600,795.68
2024-08-16 11:41:27,BTCUSD_PERP,bid,57600,852.77
2024-08-16 11:41:27,BTCUSD_PERP,bid,57600,909.86
2024-08-16 11:41:27,BTCUSD_PERP,bid,57600,966.37
2024-08-16 11:41:27,BTCUSD_PERP,bid,57600,1023.46
2024-08-16 11:45:49,BTCUSD_PERP,bid,57600,966.37
2024-08-16 11:45:49,BTCUSD_PERP,bid,57600,795.68
2024-08-16 11:45:49,BTCUSD_PERP,bid,57600,681.5
2024-08-16 11:45:49,BTCUSD_PERP,bid,57600,624.41
2024-08-16 11:45:50,BTCUSD_PERP,bid,57600,567.42
2024-08-16 11:45:51,BTCUSD_PERP,bid,57700,625.32
2024-08-16 11:45:51,BTCUSD_PERP,bid,57700,682.44
2024-08-16 11:45:51,BTCUSD_PERP,bid,57700,796.1
2024-08-16 11:46:01,BTCUSD_PERP,bid,57700,683.02
2024-08-16 11:46:47,BTCUSD_PERP,bid,57700,739.66
2024-08-16 11:46:47,BTCUSD_PERP,bid,57700,796.78
2024-08-16 11:46:47,BTCUSD_PERP,bid,57700,853.8
2024-08-16 11:46:47,BTCUSD_PERP,bid,57600,555.3
2024-08-16 11:46:48,BTCUSD_PERP,bid,57700,910.34
2024-08-16 11:46:48,BTCUSD_PERP,bid,57700,967.46
2024-08-16 11:46:48,BTCUSD_PERP,bid,57700,1024.0
2024-08-16 11:46:59,BTCUSD_PERP,bid,57700,1024.04
2024-08-16 11:47:14,BTCUSD_PERP,bid,57700,853.84
2024-08-16 11:47:15,BTCUSD_PERP,bid,57600,795.68
2024-08-16 11:47:15,BTCUSD_PERP,bid,57600,852.77
2024-08-16 11:49:59,BTCUSD_PERP,bid,57600,625.83
2024-08-16 11:50:30,BTCUSD_PERP,bid,57600,625.51
2024-08-16 11:51:11,BTCUSD_PERP,bid,57600,569.06
2024-08-16 11:51:12,BTCUSD_PERP,bid,57600,568.79
2024-08-16 11:51:12,BTCUSD_PERP,bid,57600,625.27
2024-08-16 11:51:12,BTCUSD_PERP,bid,57600,682.32
2024-08-16 11:51:13,BTCUSD_PERP,bid,57600,738.8
2024-08-16 11:51:47,BTCUSD_PERP,bid,57600,681.75
2024-08-16 11:51:47,BTCUSD_PERP,bid,57600,625.27
2024-08-16 11:51:47,BTCUSD_PERP,bid,57600,568.79
2024-08-16 11:51:48,BTCUSD_PERP,bid,57600,537.68
2024-08-16 11:51:48,BTCUSD_PERP,bid,57600,594.77
2024-08-16 11:51:49,BTCUSD_PERP,bid,57600,766.04
2024-08-16 11:51:49,BTCUSD_PERP,bid,57600,823.13
2024-08-16 11:51:49,BTCUSD_PERP,bid,57600,880.22
2024-08-16 11:51:51,BTCUSD_PERP,bid,57600,880.26
2024-08-16 11:52:12,BTCUSD_PERP,bid,57600,823.17
2024-08-16 11:53:23,BTCUSD_PERP,bid,57600,766.08
2024-08-16 11:53:23,BTCUSD_PERP,bid,57600,709.09
2024-08-16 11:53:23,BTCUSD_PERP,bid,57600,652.0
2024-08-16 11:53:23,BTCUSD_PERP,bid,57600,594.91
2024-08-16 11:53:23,BTCUSD_PERP,bid,57600,538.4
2024-08-16 11:56:28,BTCUSD_PERP,bid,57700,522.86
2024-08-16 11:56:29,BTCUSD_PERP,bid,57700,579.5
2024-08-16 11:57:55,BTCUSD_PERP,bid,57700,683.19
2024-08-16 11:57:55,BTCUSD_PERP,bid,57700,740.37
2024-08-16 12:02:24,BTCUSD_PERP,bid,57800,569.7
2024-08-16 12:03:34,BTCUSD_PERP,bid,57800,626.05
2024-08-16 12:03:49,BTCUSD_PERP,bid,57800,568.82
2024-08-16 12:03:50,BTCUSD_PERP,bid,57700,625.72
2024-08-16 12:07:43,BTCUSD_PERP,bid,57700,569.38
2024-08-16 12:08:48,BTCUSD_PERP,bid,57700,569.08
2024-08-16 12:08:50,BTCUSD_PERP,bid,57700,625.64
2024-08-16 12:08:54,BTCUSD_PERP,bid,57700,641.54
2024-08-16 12:09:08,BTCUSD_PERP,bid,57700,641.58
2024-08-16 12:09:11,BTCUSD_PERP,bid,57700,641.62
2024-08-16 12:09:21,BTCUSD_PERP,bid,57700,639.55
2024-08-16 12:09:22,BTCUSD_PERP,bid,57700,625.72
2024-08-16 12:12:23,BTCUSD_PERP,bid,57600,568.78
2024-08-16 12:12:23,BTCUSD_PERP,bid,57600,625.31
2024-08-16 12:12:31,BTCUSD_PERP,bid,57600,568.73
2024-08-16 12:12:33,BTCUSD_PERP,bid,57600,568.77
2024-08-16 12:12:35,BTCUSD_PERP,bid,57600,568.81
2024-08-16 12:13:11,BTCUSD_PERP,bid,57700,569.07
2024-08-16 12:13:11,BTCUSD_PERP,bid,57700,626.22
2024-08-16 12:13:12,BTCUSD_PERP,bid,57700,739.94
2024-08-16 12:13:12,BTCUSD_PERP,bid,57700,797.09
2024-08-16 12:15:33,BTCUSD_PERP,bid,57700,739.94
2024-08-16 12:15:33,BTCUSD_PERP,bid,57700,626.33
2024-08-16 12:15:33,BTCUSD_PERP,bid,57600,683.0
2024-08-16 12:16:16,BTCUSD_PERP,bid,57700,910.22
2024-08-16 12:17:21,BTCUSD_PERP,bid,57700,853.65
2024-08-16 12:17:22,BTCUSD_PERP,bid,57700,796.5
2024-08-16 12:17:22,BTCUSD_PERP,bid,57600,739.47
2024-08-16 12:17:23,BTCUSD_PERP,bid,57600,796.01
2024-08-16 12:17:49,BTCUSD_PERP,bid,57600,739.47
2024-08-16 12:17:50,BTCUSD_PERP,bid,57700,626.16
2024-08-16 12:17:50,BTCUSD_PERP,bid,57700,796.42
2024-08-16 12:24:01,BTCUSD_PERP,bid,57600,698.65
2024-08-16 12:24:50,BTCUSD_PERP,bid,57600,626.62
2024-08-16 12:24:50,BTCUSD_PERP,bid,57600,574.19
2024-08-16 12:25:45,BTCUSD_PERP,bid,57600,569.54
2024-08-16 12:25:46,BTCUSD_PERP,bid,57600,569.26
2024-08-16 12:25:46,BTCUSD_PERP,bid,57600,626.37
2024-08-16 12:25:46,BTCUSD_PERP,bid,57600,683.48
2024-08-16 12:25:46,BTCUSD_PERP,bid,57600,740.01
2024-08-16 12:25:47,BTCUSD_PERP,bid,57600,555.21
2024-08-16 12:25:52,BTCUSD_PERP,bid,57600,740.05
2024-08-16 12:26:14,BTCUSD_PERP,bid,57600,569.3
2024-08-16 12:26:16,BTCUSD_PERP,bid,57700,579.19
2024-08-16 12:28:20,BTCUSD_PERP,bid,57700,570.14
2024-08-16 12:28:54,BTCUSD_PERP,bid,57600,568.78
2024-08-16 12:30:33,BTCUSD_PERP,bid,57700,569.49
2024-08-16 12:39:27,BTCUSD_PERP,bid,57700,522.06
2024-08-16 12:39:27,BTCUSD_PERP,bid,57700,636.48
2024-08-16 12:41:50,BTCUSD_PERP,bid,57700,626.08
2024-08-16 12:50:38,BTCUSD_PERP,bid,57700,570.94
2024-08-16 12:50:38,BTCUSD_PERP,bid,57700,627.57
2024-08-16 12:50:38,BTCUSD_PERP,bid,57700,741.31
2024-08-16 12:51:21,BTCUSD_PERP,bid,57700,684.1
2024-08-16 12:51:21,BTCUSD_PERP,bid,57700,798.09
2024-08-16 12:51:21,BTCUSD_PERP,bid,57700,855.27
2024-08-16 12:51:37,BTCUSD_PERP,bid,57700,855.31
2024-08-16 12:55:01,BTCUSD_PERP,bid,57700,855.27
2024-08-16 12:59:06,BTCUSD_PERP,bid,57700,864.43
2024-08-16 12:59:06,BTCUSD_PERP,bid,57700,921.58
2024-08-16 13:01:51,BTCUSD_PERP,bid,57700,750.71
2024-08-16 13:02:13,BTCUSD_PERP,bid,57600,568.66
2024-08-16 13:03:45,BTCUSD_PERP,bid,57600,625.47
2024-08-16 13:03:45,BTCUSD_PERP,bid,57600,738.46
2024-08-16 13:03:45,BTCUSD_PERP,bid,57600,795.53
2024-08-16 13:03:46,BTCUSD_PERP,bid,57600,852.6
2024-08-16 13:03:46,BTCUSD_PERP,bid,57600,909.57
2024-08-16 13:04:32,BTCUSD_PERP,bid,57600,738.94
2024-08-16 13:04:33,BTCUSD_PERP,bid,57600,568.98
2024-08-16 13:07:50,BTCUSD_PERP,bid,57700,569.78
2024-08-16 13:16:29,BTCUSD_PERP,bid,57800,626.89
2024-08-16 13:16:29,BTCUSD_PERP,bid,57800,684.14
2024-08-16 13:19:26,BTCUSD_PERP,bid,57800,627.47
2024-08-16 13:19:26,BTCUSD_PERP,bid,57800,570.8
2024-08-16 13:26:21,BTCUSD_PERP,bid,57700,627.04
2024-08-16 13:28:24,BTCUSD_PERP,bid,57700,569.1
2024-08-16 13:31:15,BTCUSD_PERP,bid,57800,629.14
2024-08-16 13:31:16,BTCUSD_PERP,bid,57800,685.87
2024-08-16 13:31:26,BTCUSD_PERP,bid,57800,629.14
2024-08-16 13:31:26,BTCUSD_PERP,bid,57800,572.41
2024-08-16 13:31:28,BTCUSD_PERP,bid,57900,629.59
2024-08-16 13:31:28,BTCUSD_PERP,bid,57900,686.36
2024-08-16 13:32:25,BTCUSD_PERP,bid,57900,629.59
2024-08-16 13:34:14,BTCUSD_PERP,bid,57900,571.25
2024-08-16 13:34:14,BTCUSD_PERP,bid,57900,628.61
2024-08-16 13:34:14,BTCUSD_PERP,bid,57900,685.97
2024-08-16 13:34:14,BTCUSD_PERP,bid,57900,742.74
2024-08-16 13:34:15,BTCUSD_PERP,bid,57900,856.87
2024-08-16 13:34:15,BTCUSD_PERP,bid,57900,914.23
2024-08-16 13:34:39,BTCUSD_PERP,bid,57900,970.86
2024-08-16 13:34:40,BTCUSD_PERP,bid,57800,557.31
2024-08-16 13:34:40,BTCUSD_PERP,bid,57900,1028.18
2024-08-16 13:35:03,BTCUSD_PERP,bid,57900,971.44
2024-08-16 13:35:04,BTCUSD_PERP,bid,57900,914.12
2024-08-16 13:35:04,BTCUSD_PERP,bid,57900,857.38
2024-08-16 13:35:04,BTCUSD_PERP,bid,57900,742.74
2024-08-16 13:35:04,BTCUSD_PERP,bid,57900,685.42
2024-08-16 13:35:04,BTCUSD_PERP,bid,57900,628.68
2024-08-16 13:35:04,BTCUSD_PERP,bid,57900,571.36
2024-08-16 13:35:05,BTCUSD_PERP,bid,57900,571.83
2024-08-16 13:36:47,BTCUSD_PERP,bid,57900,628.75
2024-08-16 13:36:48,BTCUSD_PERP,bid,57900,628.79
2024-08-16 13:37:18,BTCUSD_PERP,bid,57900,571.66
2024-08-16 13:37:18,BTCUSD_PERP,bid,57900,629.01
2024-08-16 13:37:26,BTCUSD_PERP,bid,57900,628.79
2024-08-16 13:41:06,BTCUSD_PERP,bid,57900,571.28
2024-08-16 13:41:06,BTCUSD_PERP,bid,57900,628.64
2024-08-16 13:41:06,BTCUSD_PERP,bid,57900,743.26
2024-08-16 13:41:07,BTCUSD_PERP,bid,57900,800.04
2024-08-16 13:41:33,BTCUSD_PERP,bid,57900,685.32
2024-08-16 13:41:33,BTCUSD_PERP,bid,57900,627.96
2024-08-16 13:41:33,BTCUSD_PERP,bid,57900,570.6
2024-08-16 13:41:33,BTCUSD_PERP,bid,57900,572.83
2024-08-16 13:41:33,BTCUSD_PERP,bid,57900,629.65
2024-08-16 13:41:34,BTCUSD_PERP,bid,57900,686.47
2024-08-16 13:41:34,BTCUSD_PERP,bid,57900,743.28
2024-08-16 13:43:27,BTCUSD_PERP,bid,57900,628.48
2024-08-16 13:43:27,BTCUSD_PERP,bid,57900,571.19
2024-08-16 13:43:28,BTCUSD_PERP,bid,57900,628.55
2024-08-16 13:43:40,BTCUSD_PERP,bid,57900,571.29
2024-08-16 13:43:41,BTCUSD_PERP,bid,57900,799.14
2024-08-16 13:43:41,BTCUSD_PERP,bid,57900,866.11
2024-08-16 13:45:22,BTCUSD_PERP,bid,57900,694.7
2024-08-16 13:45:23,BTCUSD_PERP,bid,57900,637.95
2024-08-16 13:45:23,BTCUSD_PERP,bid,57900,523.29
2024-08-16 13:46:18,BTCUSD_PERP,bid,57900,628.61
2024-08-16 13:46:19,BTCUSD_PERP,bid,57900,686.02
2024-08-16 13:46:19,BTCUSD_PERP,bid,57900,752.51
2024-08-16 13:46:19,BTCUSD_PERP,bid,57900,867.33
2024-08-16 13:48:09,BTCUSD_PERP,bid,57900,752.51
2024-08-16 13:48:09,BTCUSD_PERP,bid,57900,695.68
2024-08-16 13:48:09,BTCUSD_PERP,bid,57900,523.45
2024-08-16 13:48:10,BTCUSD_PERP,bid,58000,572.38
2024-08-16 13:48:10,BTCUSD_PERP,bid,58000,629.28
2024-08-16 13:48:13,BTCUSD_PERP,bid,58000,629.32
2024-08-16 13:48:16,BTCUSD_PERP,bid,58000,629.0
2024-08-16 13:52:52,BTCUSD_PERP,bid,58000,572.2
2024-08-16 13:52:53,BTCUSD_PERP,bid,58000,572.24
2024-08-16 13:58:31,BTCUSD_PERP,bid,58000,571.6
2024-08-16 14:10:03,BTCUSD_PERP,bid,57900,571.48
2024-08-16 14:11:09,BTCUSD_PERP,bid,58000,524.81
2024-08-16 14:11:09,BTCUSD_PERP,bid,58000,582.23
2024-08-16 14:11:10,BTCUSD_PERP,bid,58000,639.07
2024-08-16 14:11:10,BTCUSD_PERP,bid,58000,696.49
2024-08-16 14:11:10,BTCUSD_PERP,bid,58000,753.91
2024-08-16 14:11:10,BTCUSD_PERP,bid,58000,868.17
2024-08-16 14:11:10,BTCUSD_PERP,bid,57900,567.93
2024-08-16 14:12:06,BTCUSD_PERP,bid,57800,561.56
2024-08-16 14:12:06,BTCUSD_PERP,bid,57900,743.73
2024-08-16 14:12:06,BTCUSD_PERP,bid,57900,800.54
2024-08-16 14:12:06,BTCUSD_PERP,bid,57900,558.0
2024-08-16 14:12:06,BTCUSD_PERP,bid,57900,857.94
2024-08-16 14:14:01,BTCUSD_PERP,bid,57900,801.13
2024-08-16 14:14:01,BTCUSD_PERP,bid,57900,744.32
2024-08-16 14:14:01,BTCUSD_PERP,bid,57900,687.51
2024-08-16 14:14:01,BTCUSD_PERP,bid,57900,637.68
2024-08-16 14:14:01,BTCUSD_PERP,bid,57900,809.79
2024-08-16 14:14:01,BTCUSD_PERP,bid,57900,867.16
2024-08-16 14:14:40,BTCUSD_PERP,bid,57900,570.88
2024-08-16 14:17:00,BTCUSD_PERP,bid,57900,629.46
2024-08-16 14:17:00,BTCUSD_PERP,bid,57900,857.76
2024-08-16 14:17:00,BTCUSD_PERP,bid,57900,914.54
2024-08-16 14:17:00,BTCUSD_PERP,bid,57900,971.91
2024-08-16 14:18:40,BTCUSD_PERP,bid,57900,914.54
2024-08-16 14:18:40,BTCUSD_PERP,bid,57900,857.76
2024-08-16 14:18:40,BTCUSD_PERP,bid,57900,685.65
2024-08-16 14:18:41,BTCUSD_PERP,bid,57900,628.87
2024-08-16 14:18:41,BTCUSD_PERP,bid,57900,685.64
2024-08-16 14:18:41,BTCUSD_PERP,bid,57900,857.05
2024-08-16 14:18:41,BTCUSD_PERP,bid,57900,914.38
2024-08-16 14:22:16,BTCUSD_PERP,bid,57900,857.63
2024-08-16 14:22:16,BTCUSD_PERP,bid,57900,742.97
2024-08-16 14:22:17,BTCUSD_PERP,bid,57800,570.06
2024-08-16 14:22:17,BTCUSD_PERP,bid,57800,627.36
2024-08-16 14:23:36,BTCUSD_PERP,bid,57800,571.13
2024-08-16 14:23:36,BTCUSD_PERP,bid,57800,627.85
2024-08-16 14:23:36,BTCUSD_PERP,bid,57800,685.15
2024-08-16 14:23:36,BTCUSD_PERP,bid,57800,799.17
2024-08-16 14:23:36,BTCUSD_PERP,bid,57800,855.88
2024-08-16 14:24:15,BTCUSD_PERP,bid,57800,798.69
2024-08-16 14:24:16,BTCUSD_PERP,bid,57800,626.79
2024-08-16 14:26:41,BTCUSD_PERP,bid,57900,570.42
2024-08-16 14:28:25,BTCUSD_PERP,bid,57900,569.82
2024-08-16 14:29:15,BTCUSD_PERP,bid,57800,569.52
2024-08-16 14:29:19,BTCUSD_PERP,bid,57800,569.56
2024-08-16 14:29:38,BTCUSD_PERP,bid,57900,569.82
2024-08-16 14:33:32,BTCUSD_PERP,bid,57900,628.06
2024-08-16 14:33:32,BTCUSD_PERP,bid,57900,685.42
2024-08-16 14:34:34,BTCUSD_PERP,bid,57900,684.48
2024-08-16 14:34:34,BTCUSD_PERP,bid,57900,741.81
2024-08-16 14:35:06,BTCUSD_PERP,bid,57800,684.12
2024-08-16 14:35:06,BTCUSD_PERP,bid,57800,741.42
2024-08-16 14:37:02,BTCUSD_PERP,bid,57800,684.12
2024-08-16 14:37:02,BTCUSD_PERP,bid,57900,570.4
2024-08-16 14:37:02,BTCUSD_PERP,bid,57900,684.48
2024-08-16 14:37:02,BTCUSD_PERP,bid,57900,741.81
2024-08-16 14:40:16,BTCUSD_PERP,bid,57900,684.48
2024-08-16 14:40:16,BTCUSD_PERP,bid,57900,570.4
2024-08-16 14:40:18,BTCUSD_PERP,bid,57900,523.66
2024-08-16 14:41:16,BTCUSD_PERP,bid,57900,571.2
2024-08-16 14:41:17,BTCUSD_PERP,bid,57900,571.24
2024-08-16 14:41:17,BTCUSD_PERP,bid,57900,572.45
2024-08-16 14:41:19,BTCUSD_PERP,bid,57900,574.53
2024-08-16 14:41:20,BTCUSD_PERP,bid,57900,588.42
2024-08-16 14:42:14,BTCUSD_PERP,bid,58000,914.98
2024-08-16 14:42:14,BTCUSD_PERP,bid,58000,972.42
2024-08-16 14:47:38,BTCUSD_PERP,bid,58000,857.54
2024-08-16 14:47:38,BTCUSD_PERP,bid,58000,800.68
2024-08-16 14:47:38,BTCUSD_PERP,bid,57900,571.2
2024-08-16 14:47:38,BTCUSD_PERP,bid,57900,742.85
2024-08-16 14:47:38,BTCUSD_PERP,bid,57900,800.26
2024-08-16 14:47:47,BTCUSD_PERP,bid,57900,685.44
2024-08-16 14:47:47,BTCUSD_PERP,bid,57900,914.0
2024-08-16 14:47:47,BTCUSD_PERP,bid,57900,971.38
2024-08-16 14:49:28,BTCUSD_PERP,bid,57900,743.43
2024-08-16 14:49:28,BTCUSD_PERP,bid,57900,971.33
2024-08-16 14:49:28,BTCUSD_PERP,bid,57900,1028.74
2024-08-16 14:50:01,BTCUSD_PERP,bid,57900,971.33
2024-08-16 14:50:01,BTCUSD_PERP,bid,57900,980.81
2024-08-16 14:50:01,BTCUSD_PERP,bid,57900,1038.18
2024-08-16 14:50:01,BTCUSD_PERP,bid,57900,1094.96
2024-08-16 14:54:01,BTCUSD_PERP,bid,57900,1037.59
2024-08-16 15:00:54,BTCUSD_PERP,bid,57900,980.81
2024-08-16 15:00:54,BTCUSD_PERP,bid,57900,809.88
2024-08-16 15:00:54,BTCUSD_PERP,bid,57900,752.51
2024-08-16 15:00:54,BTCUSD_PERP,bid,57900,695.14
2024-08-16 15:00:55,BTCUSD_PERP,bid,57900,638.36
2024-08-16 15:00:55,BTCUSD_PERP,bid,57900,571.77
2024-08-16 15:00:55,BTCUSD_PERP,bid,57900,629.18
2024-08-16 15:00:55,BTCUSD_PERP,bid,57900,800.23
2024-08-16 15:01:33,BTCUSD_PERP,bid,57900,571.18
2024-08-16 15:01:34,BTCUSD_PERP,bid,58000,571.43
2024-08-16 15:01:34,BTCUSD_PERP,bid,58000,628.9
2024-08-16 15:01:35,BTCUSD_PERP,bid,58000,685.75
2024-08-16 15:01:35,BTCUSD_PERP,bid,58000,695.41
2024-08-16 15:01:35,BTCUSD_PERP,bid,58000,752.84
2024-08-16 15:01:35,BTCUSD_PERP,bid,58000,810.27
2024-08-16 15:02:13,BTCUSD_PERP,bid,58000,753.42
2024-08-16 15:02:13,BTCUSD_PERP,bid,58000,571.75
2024-08-16 15:02:13,BTCUSD_PERP,bid,58000,743.57
2024-08-16 15:02:13,BTCUSD_PERP,bid,58000,801.04
2024-08-16 15:06:14,BTCUSD_PERP,bid,58000,629.22
2024-08-16 15:06:14,BTCUSD_PERP,bid,58000,917.61
2024-08-16 15:06:14,BTCUSD_PERP,bid,58000,975.05
2024-08-16 15:07:55,BTCUSD_PERP,bid,58000,917.61
2024-08-16 15:07:55,BTCUSD_PERP,bid,58000,860.17
2024-08-16 15:07:55,BTCUSD_PERP,bid,58000,745.29
2024-08-16 15:07:56,BTCUSD_PERP,bid,58000,630.41
2024-08-16 15:07:56,BTCUSD_PERP,bid,58000,573.56
2024-08-16 15:07:56,BTCUSD_PERP,bid,58000,574.11
2024-08-16 15:07:56,BTCUSD_PERP,bid,58000,631.58
2024-08-16 15:07:57,BTCUSD_PERP,bid,58000,688.46
2024-08-16 15:07:57,BTCUSD_PERP,bid,58000,745.34
2024-08-16 15:07:57,BTCUSD_PERP,bid,58000,802.22
2024-08-16 15:07:57,BTCUSD_PERP,bid,58000,915.98
2024-08-16 15:07:57,BTCUSD_PERP,bid,58000,972.86
2024-08-16 15:08:16,BTCUSD_PERP,bid,58000,801.04
2024-08-16 15:08:16,BTCUSD_PERP,bid,58000,686.69
2024-08-16 15:08:16,BTCUSD_PERP,bid,58000,629.81
2024-08-16 15:08:16,BTCUSD_PERP,bid,58000,572.93
2024-08-16 15:09:10,BTCUSD_PERP,bid,58000,573.26
2024-08-16 15:09:10,BTCUSD_PERP,bid,58000,630.18
2024-08-16 15:11:50,BTCUSD_PERP,bid,58000,572.38
2024-08-16 15:13:02,BTCUSD_PERP,bid,58000,572.78
2024-08-16 15:13:40,BTCUSD_PERP,bid,58000,572.48
2024-08-16 15:14:45,BTCUSD_PERP,bid,58000,517.25
2024-08-16 15:14:45,BTCUSD_PERP,bid,58000,574.7
2024-08-16 15:17:30,BTCUSD_PERP,bid,58000,517.83
2024-08-16 15:19:19,BTCUSD_PERP,bid,57900,570.97
2024-08-16 15:21:48,BTCUSD_PERP,bid,57900,570.65
2024-08-16 15:22:34,BTCUSD_PERP,bid,57900,588.0
2024-08-16 15:22:34,BTCUSD_PERP,bid,57900,645.36
2024-08-16 15:26:47,BTCUSD_PERP,bid,57900,628.01
2024-08-16 15:27:05,BTCUSD_PERP,bid,57900,571.24
2024-08-16 15:27:05,BTCUSD_PERP,bid,57900,570.39
2024-08-16 15:27:05,BTCUSD_PERP,bid,57900,627.72
2024-08-16 15:27:06,BTCUSD_PERP,bid,57900,627.76
2024-08-16 15:27:07,BTCUSD_PERP,bid,57900,684.51
2024-08-16 15:28:35,BTCUSD_PERP,bid,57900,627.76
2024-08-16 15:28:38,BTCUSD_PERP,bid,57900,684.84
2024-08-16 15:28:38,BTCUSD_PERP,bid,57900,742.2
2024-08-16 15:28:49,BTCUSD_PERP,bid,57900,742.24
2024-08-16 15:32:15,BTCUSD_PERP,bid,57900,742.2
2024-08-16 15:33:39,BTCUSD_PERP,bid,57900,570.98
2024-08-16 15:34:49,BTCUSD_PERP,bid,57800,741.9
2024-08-16 15:34:49,BTCUSD_PERP,bid,57800,799.2
2024-08-16 15:35:10,BTCUSD_PERP,bid,57800,741.9
2024-08-16 15:35:22,BTCUSD_PERP,bid,57800,685.18
2024-08-16 15:35:23,BTCUSD_PERP,bid,57800,626.92
2024-08-16 15:35:23,BTCUSD_PERP,bid,57800,684.19
2024-08-16 16:12:17,BTCUSD_PERP,bid,57700,740.17
2024-08-16 16:13:25,BTCUSD_PERP,bid,57700,683.54
2024-08-16 16:13:25,BTCUSD_PERP,bid,57700,626.91
2024-08-16 16:13:58,BTCUSD_PERP,bid,57800,569.16
2024-08-16 16:13:58,BTCUSD_PERP,bid,57800,626.43
2024-08-16 16:13:59,BTCUSD_PERP,bid,57800,683.7
2024-08-16 16:14:23,BTCUSD_PERP,bid,57800,627.02
2024-08-16 16:14:45,BTCUSD_PERP,bid,57900,570.98
2024-08-16 16:14:45,BTCUSD_PERP,bid,57900,685.64
2024-08-16 16:14:45,BTCUSD_PERP,bid,57900,799.72
2024-08-16 16:14:46,BTCUSD_PERP,bid,57900,856.47
2024-08-16 16:15:15,BTCUSD_PERP,bid,57900,799.72
2024-08-16 16:15:15,BTCUSD_PERP,bid,57900,742.97
2024-08-16 16:15:15,BTCUSD_PERP,bid,57900,685.64
2024-08-16 16:15:15,BTCUSD_PERP,bid,57900,628.31
2024-08-16 16:15:15,BTCUSD_PERP,bid,57900,628.01
2024-08-16 16:15:16,BTCUSD_PERP,bid,57900,799.51
2024-08-16 16:15:16,BTCUSD_PERP,bid,57900,971.01
2024-08-16 16:15:16,BTCUSD_PERP,bid,57900,1028.37
2024-08-16 16:16:38,BTCUSD_PERP,bid,57900,913.65
2024-08-16 16:16:38,BTCUSD_PERP,bid,57900,856.29
2024-08-16 16:16:38,BTCUSD_PERP,bid,57900,742.15
2024-08-16 16:16:38,BTCUSD_PERP,bid,57900,571.23
2024-08-16 16:16:39,BTCUSD_PERP,bid,58000,629.52
2024-08-16 16:16:39,BTCUSD_PERP,bid,58000,686.96
2024-08-16 16:16:39,BTCUSD_PERP,bid,58000,858.12
2024-08-16 16:16:40,BTCUSD_PERP,bid,58000,972.31
2024-08-16 16:16:40,BTCUSD_PERP,bid,58000,1029.17
2024-08-16 16:16:47,BTCUSD_PERP,bid,58000,972.31
2024-08-16 16:16:47,BTCUSD_PERP,bid,58000,914.87
2024-08-16 16:16:47,BTCUSD_PERP,bid,58000,800.57
2024-08-16 16:16:47,BTCUSD_PERP,bid,58000,686.85
2024-08-16 16:16:47,BTCUSD_PERP,bid,58000,629.41
2024-08-16 16:16:48,BTCUSD_PERP,bid,58000,571.97
2024-08-16 16:18:56,BTCUSD_PERP,bid,58000,629.71
2024-08-16 16:18:56,BTCUSD_PERP,bid,58000,744.65
2024-08-16 16:18:56,BTCUSD_PERP,bid,58000,802.12
2024-08-16 16:18:56,BTCUSD_PERP,bid,58000,859.0
2024-08-16 16:18:56,BTCUSD_PERP,bid,58000,915.88
2024-08-16 16:18:57,BTCUSD_PERP,bid,58000,1030.82
2024-08-16 16:21:01,BTCUSD_PERP,bid,58000,973.35
2024-08-16 16:21:01,BTCUSD_PERP,bid,58000,802.12
2024-08-16 16:21:01,BTCUSD_PERP,bid,58000,744.65
2024-08-16 16:21:01,BTCUSD_PERP,bid,58000,687.18
2024-08-16 16:21:02,BTCUSD_PERP,bid,58000,629.71
2024-08-16 16:21:02,BTCUSD_PERP,bid,58000,630.0
2024-08-16 16:21:02,BTCUSD_PERP,bid,58000,743.72
2024-08-16 16:21:02,BTCUSD_PERP,bid,58000,800.58
2024-08-16 16:21:03,BTCUSD_PERP,bid,58000,915.46
2024-08-16 16:21:03,BTCUSD_PERP,bid,58000,1030.34
2024-08-16 16:21:13,BTCUSD_PERP,bid,58000,1030.38
2024-08-16 16:21:43,BTCUSD_PERP,bid,57900,524.22
2024-08-16 16:21:56,BTCUSD_PERP,bid,58000,687.0
2024-08-16 16:28:03,BTCUSD_PERP,bid,58000,685.87
2024-08-16 16:28:03,BTCUSD_PERP,bid,58000,800.21
2024-08-16 16:28:03,BTCUSD_PERP,bid,58000,857.08
2024-08-16 16:31:03,BTCUSD_PERP,bid,58000,742.16
2024-08-16 16:31:03,BTCUSD_PERP,bid,58000,627.35
2024-08-16 16:31:03,BTCUSD_PERP,bid,58000,570.47
2024-08-16 16:31:50,BTCUSD_PERP,bid,57900,570.32
2024-08-16 16:31:50,BTCUSD_PERP,bid,57900,856.11
2024-08-16 16:33:55,BTCUSD_PERP,bid,57900,799.3
2024-08-16 16:33:57,BTCUSD_PERP,bid,57900,570.32
2024-08-16 16:34:26,BTCUSD_PERP,bid,58000,570.72
2024-08-16 16:34:49,BTCUSD_PERP,bid,58000,801.44
2024-08-16 16:34:49,BTCUSD_PERP,bid,58000,916.36
2024-08-16 16:34:49,BTCUSD_PERP,bid,58000,973.82
2024-08-16 16:34:49,BTCUSD_PERP,bid,58000,1030.7
2024-08-16 16:42:25,BTCUSD_PERP,bid,58000,858.32
2024-08-16 16:42:26,BTCUSD_PERP,bid,58000,743.98
2024-08-16 16:42:26,BTCUSD_PERP,bid,58000,629.16
2024-08-16 16:42:26,BTCUSD_PERP,bid,58000,572.28
2024-08-16 16:42:26,BTCUSD_PERP,bid,58000,573.04
2024-08-16 16:42:26,BTCUSD_PERP,bid,58000,629.89
2024-08-16 16:42:26,BTCUSD_PERP,bid,58000,686.74
2024-08-16 16:42:26,BTCUSD_PERP,bid,58000,744.17
2024-08-16 16:42:27,BTCUSD_PERP,bid,58000,857.87
2024-08-16 16:42:27,BTCUSD_PERP,bid,58000,972.73
2024-08-16 16:42:27,BTCUSD_PERP,bid,58000,1087.01
2024-08-16 16:42:44,BTCUSD_PERP,bid,58000,1030.16
2024-08-16 16:42:47,BTCUSD_PERP,bid,58000,857.82
2024-08-16 16:42:47,BTCUSD_PERP,bid,58000,1030.23
2024-08-16 16:42:47,BTCUSD_PERP,bid,58000,1087.7
2024-08-16 16:43:18,BTCUSD_PERP,bid,58000,1030.82
2024-08-16 16:43:19,BTCUSD_PERP,bid,58000,1040.51
2024-08-16 16:43:19,BTCUSD_PERP,bid,58000,1098.01
2024-08-16 16:45:07,BTCUSD_PERP,bid,58000,1040.51
2024-08-16 16:45:07,BTCUSD_PERP,bid,58000,925.51
2024-08-16 16:45:07,BTCUSD_PERP,bid,58000,754.17
2024-08-16 16:45:07,BTCUSD_PERP,bid,58000,630.4
2024-08-16 16:45:07,BTCUSD_PERP,bid,58000,1030.23
2024-08-16 16:45:07,BTCUSD_PERP,bid,58000,1087.7
2024-08-16 16:46:59,BTCUSD_PERP,bid,58000,1030.82
2024-08-16 16:47:01,BTCUSD_PERP,bid,58000,572.35
2024-08-16 16:47:01,BTCUSD_PERP,bid,58000,1030.84
2024-08-16 16:47:01,BTCUSD_PERP,bid,58000,1088.34
2024-08-16 16:47:02,BTCUSD_PERP,bid,58000,1088.38
2024-08-16 16:50:27,BTCUSD_PERP,bid,58000,1088.34
2024-08-16 16:50:57,BTCUSD_PERP,bid,58000,1030.84
2024-08-16 16:50:57,BTCUSD_PERP,bid,58000,859.02
2024-08-16 16:50:57,BTCUSD_PERP,bid,58000,802.1
2024-08-16 16:50:58,BTCUSD_PERP,bid,58000,744.6
2024-08-16 16:50:58,BTCUSD_PERP,bid,58000,630.76
2024-08-16 16:50:58,BTCUSD_PERP,bid,58000,573.26
2024-08-16 16:50:58,BTCUSD_PERP,bid,58000,572.24
2024-08-16 16:50:59,BTCUSD_PERP,bid,58000,744.06
2024-08-16 16:50:59,BTCUSD_PERP,bid,58000,858.41
2024-08-16 16:50:59,BTCUSD_PERP,bid,58000,973.35
2024-08-16 16:50:59,BTCUSD_PERP,bid,58000,1030.82
2024-08-16 16:50:59,BTCUSD_PERP,bid,58000,1087.7
2024-08-16 16:51:05,BTCUSD_PERP,bid,58000,1087.74
2024-08-16 16:51:28,BTCUSD_PERP,bid,58000,1030.27
2024-08-16 16:51:28,BTCUSD_PERP,bid,58000,916.51
2024-08-16 16:51:28,BTCUSD_PERP,bid,58000,859.04
2024-08-16 16:51:28,BTCUSD_PERP,bid,58000,744.69
2024-08-16 16:51:28,BTCUSD_PERP,bid,58000,630.34
2024-08-16 16:51:29,BTCUSD_PERP,bid,58000,572.76
2024-08-16 16:51:29,BTCUSD_PERP,bid,58000,630.27
2024-08-16 16:51:29,BTCUSD_PERP,bid,58000,687.78
2024-08-16 16:51:29,BTCUSD_PERP,bid,58000,802.8
2024-08-16 16:51:29,BTCUSD_PERP,bid,58000,859.72
2024-08-16 16:51:29,BTCUSD_PERP,bid,58000,917.12
2024-08-16 16:51:30,BTCUSD_PERP,bid,58000,974.04
2024-08-16 16:51:30,BTCUSD_PERP,bid,58000,1031.55
2024-08-16 16:52:22,BTCUSD_PERP,bid,58000,860.79
2024-08-16 16:52:22,BTCUSD_PERP,bid,58000,745.77
2024-08-16 16:52:22,BTCUSD_PERP,bid,58000,688.26
2024-08-16 16:52:22,BTCUSD_PERP,bid,58000,631.34
2024-08-16 16:52:44,BTCUSD_PERP,bid,58000,802.72
2024-08-16 16:52:44,BTCUSD_PERP,bid,58000,859.65
2024-08-16 16:52:44,BTCUSD_PERP,bid,58000,917.16
2024-08-16 16:54:47,BTCUSD_PERP,bid,58000,859.65
2024-08-16 16:55:07,BTCUSD_PERP,bid,58000,802.14
2024-08-16 16:55:07,BTCUSD_PERP,bid,58000,687.12
2024-08-16 17:05:11,BTCUSD_PERP,bid,58000,685.92
2024-08-16 17:05:11,BTCUSD_PERP,bid,58000,743.37
2024-08-16 17:08:23,BTCUSD_PERP,bid,57900,686.94
2024-08-16 17:08:23,BTCUSD_PERP,bid,57900,744.33
2024-08-16 17:10:01,BTCUSD_PERP,bid,57900,686.58
2024-08-16 17:10:01,BTCUSD_PERP,bid,57900,743.94
2024-08-16 17:10:44,BTCUSD_PERP,bid,57900,686.58
2024-08-16 17:10:44,BTCUSD_PERP,bid,57900,629.22
2024-08-16 17:10:44,BTCUSD_PERP,bid,57900,571.86
2024-08-16 17:10:45,BTCUSD_PERP,bid,57900,572.16
2024-08-16 17:10:45,BTCUSD_PERP,bid,57900,628.97
2024-08-16 17:10:45,BTCUSD_PERP,bid,57900,743.17
2024-08-16 17:10:46,BTCUSD_PERP,bid,57900,800.56
2024-08-16 17:10:48,BTCUSD_PERP,bid,57900,800.6
2024-08-16 17:11:50,BTCUSD_PERP,bid,57900,742.78
2024-08-16 17:11:50,BTCUSD_PERP,bid,57900,800.14
2024-08-16 17:12:11,BTCUSD_PERP,bid,57900,799.08
2024-08-16 17:12:11,BTCUSD_PERP,bid,57900,856.41
2024-08-16 17:13:31,BTCUSD_PERP,bid,57900,742.93
2024-08-16 17:13:31,BTCUSD_PERP,bid,57900,628.27
2024-08-16 17:13:31,BTCUSD_PERP,bid,57900,570.94
2024-08-16 17:14:04,BTCUSD_PERP,bid,57800,569.7
2024-08-16 17:14:05,BTCUSD_PERP,bid,57800,684.22
2024-08-16 17:14:05,BTCUSD_PERP,bid,57800,741.48
2024-08-16 17:14:05,BTCUSD_PERP,bid,57800,855.42
2024-08-16 17:14:05,BTCUSD_PERP,bid,57800,912.68
2024-08-16 17:14:16,BTCUSD_PERP,bid,57800,798.74
2024-08-16 17:14:16,BTCUSD_PERP,bid,57800,684.8
2024-08-16 17:14:16,BTCUSD_PERP,bid,57800,570.86
2024-08-16 17:17:27,BTCUSD_PERP,bid,57800,684.7
2024-08-16 17:17:28,BTCUSD_PERP,bid,57800,742.0
2024-08-16 17:18:21,BTCUSD_PERP,bid,57800,684.7
2024-08-16 17:18:21,BTCUSD_PERP,bid,57800,627.4
2024-08-16 17:25:19,BTCUSD_PERP,bid,57800,684.82
2024-08-16 17:25:19,BTCUSD_PERP,bid,57800,742.13
2024-08-16 17:25:36,BTCUSD_PERP,bid,57800,684.82
2024-08-16 17:27:46,BTCUSD_PERP,bid,57800,740.47
2024-08-16 17:27:46,BTCUSD_PERP,bid,57800,797.75
2024-08-16 17:27:46,BTCUSD_PERP,bid,57800,855.03
2024-08-16 17:28:08,BTCUSD_PERP,bid,57800,798.33
2024-08-16 17:28:08,BTCUSD_PERP,bid,57800,753.72
2024-08-16 17:28:08,BTCUSD_PERP,bid,57800,980.93
2024-08-16 17:28:08,BTCUSD_PERP,bid,57700,556.48
2024-08-16 17:28:08,BTCUSD_PERP,bid,57800,1038.16
2024-08-16 17:29:10,BTCUSD_PERP,bid,57800,695.92
2024-08-16 17:29:10,BTCUSD_PERP,bid,57800,639.26
2024-08-16 17:29:10,BTCUSD_PERP,bid,57800,582.03
2024-08-16 17:29:11,BTCUSD_PERP,bid,57800,525.37
2024-08-16 17:29:11,BTCUSD_PERP,bid,57800,627.08
2024-08-16 17:29:11,BTCUSD_PERP,bid,57800,684.35
2024-08-16 17:29:11,BTCUSD_PERP,bid,57800,741.52
2024-08-16 17:29:58,BTCUSD_PERP,bid,57800,570.18
2024-08-16 17:29:58,BTCUSD_PERP,bid,57800,627.49
2024-08-16 17:29:58,BTCUSD_PERP,bid,57800,684.69
2024-08-16 17:29:59,BTCUSD_PERP,bid,57800,742.0
2024-08-16 17:30:56,BTCUSD_PERP,bid,57800,628.55
2024-08-16 17:30:56,BTCUSD_PERP,bid,57800,571.35
2024-08-16 17:31:36,BTCUSD_PERP,bid,57800,562.23
2024-08-16 17:31:37,BTCUSD_PERP,bid,57800,619.43
2024-08-16 17:31:37,BTCUSD_PERP,bid,57800,676.16
2024-08-16 17:31:37,BTCUSD_PERP,bid,57800,733.47
2024-08-16 17:31:37,BTCUSD_PERP,bid,57800,848.09
2024-08-16 17:31:37,BTCUSD_PERP,bid,57800,904.82
2024-08-16 17:33:57,BTCUSD_PERP,bid,57800,790.2
2024-08-16 17:33:57,BTCUSD_PERP,bid,57800,732.89
2024-08-16 17:33:57,BTCUSD_PERP,bid,57800,619.43
2024-08-16 17:33:58,BTCUSD_PERP,bid,57800,562.7
2024-08-16 17:33:59,BTCUSD_PERP,bid,57800,627.85
2024-08-16 17:33:59,BTCUSD_PERP,bid,57800,742.41
2024-08-16 17:33:59,BTCUSD_PERP,bid,57800,799.69
2024-08-16 17:33:59,BTCUSD_PERP,bid,57800,856.39
2024-08-16 17:38:44,BTCUSD_PERP,bid,57800,799.69
2024-08-16 17:38:45,BTCUSD_PERP,bid,57800,742.52
2024-08-16 17:38:46,BTCUSD_PERP,bid,57800,627.98
2024-08-16 17:38:46,BTCUSD_PERP,bid,57800,742.02
2024-08-16 17:38:46,BTCUSD_PERP,bid,57800,799.33
2024-08-16 17:38:46,BTCUSD_PERP,bid,57800,856.64
2024-08-16 17:38:46,BTCUSD_PERP,bid,57800,913.95
2024-08-16 17:38:47,BTCUSD_PERP,bid,57800,557.14
2024-08-16 17:38:47,BTCUSD_PERP,bid,57800,970.68
2024-08-16 17:39:14,BTCUSD_PERP,bid,57800,798.27
2024-08-16 17:40:18,BTCUSD_PERP,bid,57800,741.04
2024-08-16 17:40:19,BTCUSD_PERP,bid,57800,626.58
2024-08-16 17:40:19,BTCUSD_PERP,bid,57800,569.92
2024-08-16 17:40:20,BTCUSD_PERP,bid,57800,570.28
2024-08-16 17:40:20,BTCUSD_PERP,bid,57800,627.55
2024-08-16 17:41:02,BTCUSD_PERP,bid,57800,570.28
2024-08-16 17:49:22,BTCUSD_PERP,bid,57900,571.48
2024-08-16 17:49:23,BTCUSD_PERP,bid,57900,628.75
2024-08-16 17:49:49,BTCUSD_PERP,bid,57900,571.48
2024-08-16 17:49:50,BTCUSD_PERP,bid,57900,571.07
2024-08-16 17:49:50,BTCUSD_PERP,bid,57900,685.19
2024-08-16 17:50:07,BTCUSD_PERP,bid,57900,685.23
2024-08-16 17:50:11,BTCUSD_PERP,bid,57900,685.27
2024-08-16 17:53:38,BTCUSD_PERP,bid,57900,685.23
2024-08-16 17:53:45,BTCUSD_PERP,bid,57900,685.19
2024-08-16 17:59:37,BTCUSD_PERP,bid,57900,628.42
2024-08-16 17:59:39,BTCUSD_PERP,bid,57900,685.56
2024-08-16 18:00:22,BTCUSD_PERP,bid,57900,628.18
2024-08-16 18:00:22,BTCUSD_PERP,bid,57900,570.8
2024-08-16 18:03:28,BTCUSD_PERP,bid,57800,570.27
2024-08-16 18:03:28,BTCUSD_PERP,bid,57800,627.59
2024-08-16 18:03:29,BTCUSD_PERP,bid,57800,684.8
2024-08-16 18:06:06,BTCUSD_PERP,bid,57800,628.07
2024-08-16 18:06:10,BTCUSD_PERP,bid,57900,685.19
2024-08-16 18:09:18,BTCUSD_PERP,bid,57900,1027.59
2024-08-16 18:09:18,BTCUSD_PERP,bid,57900,1084.91
2024-08-16 18:10:19,BTCUSD_PERP,bid,57900,1027.59
2024-08-16 18:10:19,BTCUSD_PERP,bid,57900,913.53
2024-08-16 18:10:19,BTCUSD_PERP,bid,57800,1027.05
2024-08-16 18:10:19,BTCUSD_PERP,bid,57800,1084.34
2024-08-16 18:10:20,BTCUSD_PERP,bid,57800,1086.42
2024-08-16 18:10:21,BTCUSD_PERP,bid,57800,525.46
2024-08-16 18:10:35,BTCUSD_PERP,bid,57800,1029.71
2024-08-16 18:10:35,BTCUSD_PERP,bid,57800,973.0
2024-08-16 18:10:35,BTCUSD_PERP,bid,57800,915.71
2024-08-16 18:10:36,BTCUSD_PERP,bid,57800,687.71
2024-08-16 18:10:36,BTCUSD_PERP,bid,57800,626.76
2024-08-16 18:10:36,BTCUSD_PERP,bid,57800,684.01
2024-08-16 18:10:37,BTCUSD_PERP,bid,57800,741.26
2024-08-16 18:10:37,BTCUSD_PERP,bid,57800,913.01
2024-08-16 18:11:14,BTCUSD_PERP,bid,57800,855.76
2024-08-16 18:11:33,BTCUSD_PERP,bid,57700,570.25
2024-08-16 18:14:50,BTCUSD_PERP,bid,57800,628.38
2024-08-16 18:15:36,BTCUSD_PERP,bid,57800,571.14
2024-08-16 18:20:38,BTCUSD_PERP,bid,57900,628.31
2024-08-16 18:20:38,BTCUSD_PERP,bid,57900,742.39
2024-08-16 18:20:45,BTCUSD_PERP,bid,57900,800.24
2024-08-16 18:20:46,BTCUSD_PERP,bid,57900,857.48
2024-08-16 18:21:07,BTCUSD_PERP,bid,57900,743.4
2024-08-16 18:21:07,BTCUSD_PERP,bid,57900,686.07
2024-08-16 18:21:07,BTCUSD_PERP,bid,57900,571.99
2024-08-16 18:26:49,BTCUSD_PERP,bid,58000,1030.81
2024-08-16 18:26:49,BTCUSD_PERP,bid,58000,568.56
2024-08-16 18:26:52,BTCUSD_PERP,bid,58000,802.59
2024-08-16 18:26:52,BTCUSD_PERP,bid,58000,1030.12
2024-08-16 18:26:52,BTCUSD_PERP,bid,57900,558.61
2024-08-16 18:26:52,BTCUSD_PERP,bid,58000,1087.58
2024-08-16 18:29:46,BTCUSD_PERP,bid,58000,573.34
2024-08-16 18:29:47,BTCUSD_PERP,bid,58000,800.44
2024-08-16 18:29:47,BTCUSD_PERP,bid,58000,857.87
2024-08-16 18:30:11,BTCUSD_PERP,bid,58000,800.44
2024-08-16 18:30:12,BTCUSD_PERP,bid,57900,572.16
2024-08-16 18:30:12,BTCUSD_PERP,bid,57900,800.02
2024-08-16 18:30:12,BTCUSD_PERP,bid,57900,857.42
2024-08-16 18:30:35,BTCUSD_PERP,bid,57900,743.2
2024-08-16 18:30:35,BTCUSD_PERP,bid,57900,629.08
2024-08-16 18:30:36,BTCUSD_PERP,bid,58000,571.3
2024-08-16 18:30:36,BTCUSD_PERP,bid,58000,628.15
2024-08-16 18:30:36,BTCUSD_PERP,bid,58000,685.58
2024-08-16 18:30:36,BTCUSD_PERP,bid,58000,800.44
2024-08-16 18:30:37,BTCUSD_PERP,bid,58000,857.87
2024-08-16 18:32:33,BTCUSD_PERP,bid,58000,801.02
2024-08-16 18:32:33,BTCUSD_PERP,bid,58000,743.69
2024-08-16 18:32:33,BTCUSD_PERP,bid,58000,571.98
2024-08-16 18:32:39,BTCUSD_PERP,bid,57900,571.87
2024-08-16 18:34:44,BTCUSD_PERP,bid,57900,571.56
2024-08-16 18:34:54,BTCUSD_PERP,bid,57900,572.77
2024-08-16 18:35:09,BTCUSD_PERP,bid,57900,574.85
2024-08-16 18:48:02,BTCUSD_PERP,bid,57900,571.35
2024-08-16 18:48:02,BTCUSD_PERP,bid,57900,628.09
2024-08-16 18:48:02,BTCUSD_PERP,bid,57900,684.83
2024-08-16 18:48:52,BTCUSD_PERP,bid,57900,628.09
2024-08-16 18:48:52,BTCUSD_PERP,bid,57800,627.66
2024-08-16 18:50:51,BTCUSD_PERP,bid,57800,570.96
2024-08-16 18:50:53,BTCUSD_PERP,bid,57800,628.0
2024-08-16 18:51:37,BTCUSD_PERP,bid,57800,571.27
2024-08-16 18:51:39,BTCUSD_PERP,bid,57800,627.73
2024-08-16 18:51:43,BTCUSD_PERP,bid,57800,627.77
2024-08-16 18:51:59,BTCUSD_PERP,bid,57800,570.48
2024-08-16 18:51:59,BTCUSD_PERP,bid,57800,628.06
2024-08-16 18:52:09,BTCUSD_PERP,bid,57800,570.74
2024-08-16 18:52:10,BTCUSD_PERP,bid,57800,570.38
2024-08-16 18:52:20,BTCUSD_PERP,bid,57800,570.08
2024-08-16 18:52:46,BTCUSD_PERP,bid,57800,569.74
2024-08-16 18:53:55,BTCUSD_PERP,bid,57800,569.78
2024-08-16 18:54:59,BTCUSD_PERP,bid,57800,570.28
2024-08-16 18:54:59,BTCUSD_PERP,bid,57800,684.12
2024-08-16 18:55:42,BTCUSD_PERP,bid,57800,627.44
2024-08-16 18:55:43,BTCUSD_PERP,bid,57800,569.9
2024-08-16 18:55:43,BTCUSD_PERP,bid,57800,627.19
2024-08-16 18:55:48,BTCUSD_PERP,bid,57800,569.9
2024-08-16 18:56:14,BTCUSD_PERP,bid,57900,583.67
2024-08-16 18:56:14,BTCUSD_PERP,bid,57900,583.71
2024-08-16 18:56:14,BTCUSD_PERP,bid,57900,754.72
2024-08-16 18:56:14,BTCUSD_PERP,bid,57900,811.53
2024-08-16 18:56:14,BTCUSD_PERP,bid,57900,868.82
2024-08-16 18:56:14,BTCUSD_PERP,bid,57900,926.21
2024-08-16 18:56:15,BTCUSD_PERP,bid,57900,983.02
2024-08-16 18:56:15,BTCUSD_PERP,bid,57900,520.4
2024-08-16 18:56:15,BTCUSD_PERP,bid,57900,1039.83
2024-08-16 18:56:15,BTCUSD_PERP,bid,57900,1097.22
2024-08-16 18:56:15,BTCUSD_PERP,bid,57800,532.05
2024-08-16 18:56:15,BTCUSD_PERP,bid,57900,577.31
2024-08-16 18:56:15,BTCUSD_PERP,bid,57900,1154.03
2024-08-16 18:56:25,BTCUSD_PERP,bid,57900,1039.83
2024-08-16 18:56:25,BTCUSD_PERP,bid,57900,925.63
2024-08-16 18:56:25,BTCUSD_PERP,bid,57900,868.82
2024-08-16 18:56:25,BTCUSD_PERP,bid,57900,754.72
2024-08-16 18:56:25,BTCUSD_PERP,bid,57900,697.33
2024-08-16 18:56:26,BTCUSD_PERP,bid,57900,639.94
2024-08-16 18:56:26,BTCUSD_PERP,bid,57900,570.61
2024-08-16 18:56:26,BTCUSD_PERP,bid,57900,583.13
2024-08-16 18:56:26,BTCUSD_PERP,bid,57900,627.39
2024-08-16 18:56:26,BTCUSD_PERP,bid,57900,526.32
2024-08-16 18:56:26,BTCUSD_PERP,bid,57900,684.17
2024-08-16 18:56:26,BTCUSD_PERP,bid,57900,741.53
2024-08-16 18:56:26,BTCUSD_PERP,bid,57900,856.25
2024-08-16 18:56:26,BTCUSD_PERP,bid,57900,1085.11
2024-08-16 18:56:26,BTCUSD_PERP,bid,57800,557.65
2024-08-16 18:56:26,BTCUSD_PERP,bid,57900,1142.47
2024-08-16 18:56:28,BTCUSD_PERP,bid,57900,1142.51
2024-08-16 18:58:00,BTCUSD_PERP,bid,57900,1085.73
2024-08-16 18:58:00,BTCUSD_PERP,bid,57900,971.59
2024-08-16 18:58:00,BTCUSD_PERP,bid,57900,856.87
2024-08-16 18:58:00,BTCUSD_PERP,bid,57900,799.51
2024-08-16 18:58:00,BTCUSD_PERP,bid,57900,685.37
2024-08-16 18:58:01,BTCUSD_PERP,bid,57900,628.01
2024-08-16 18:58:01,BTCUSD_PERP,bid,57900,684.96
2024-08-16 18:58:01,BTCUSD_PERP,bid,57900,742.29
2024-08-16 18:58:01,BTCUSD_PERP,bid,57900,799.62
2024-08-16 18:58:01,BTCUSD_PERP,bid,57900,856.95
2024-08-16 18:58:01,BTCUSD_PERP,bid,57800,557.34
2024-08-16 18:58:01,BTCUSD_PERP,bid,57900,914.28
2024-08-16 18:58:01,BTCUSD_PERP,bid,57900,971.61
2024-08-16 18:58:02,BTCUSD_PERP,bid,57900,1028.36
2024-08-16 18:58:02,BTCUSD_PERP,bid,57900,1085.11
2024-08-16 18:58:02,BTCUSD_PERP,bid,57900,1141.86
2024-08-16 18:58:10,BTCUSD_PERP,bid,57900,1155.73
2024-08-16 18:58:11,BTCUSD_PERP,bid,57900,1157.81
2024-08-16 18:58:16,BTCUSD_PERP,bid,57900,1159.02
2024-08-16 18:59:05,BTCUSD_PERP,bid,57900,1157.81
2024-08-16 19:00:11,BTCUSD_PERP,bid,57900,1143.94
2024-08-16 19:00:12,BTCUSD_PERP,bid,57900,1141.86
2024-08-16 19:01:10,BTCUSD_PERP,bid,57900,1085.11
2024-08-16 19:01:11,BTCUSD_PERP,bid,57900,914.28
2024-08-16 19:01:11,BTCUSD_PERP,bid,57900,1027.85
2024-08-16 19:01:11,BTCUSD_PERP,bid,57800,557.7
2024-08-16 19:01:11,BTCUSD_PERP,bid,57900,1085.22
2024-08-16 19:02:08,BTCUSD_PERP,bid,57900,913.7
2024-08-16 19:02:08,BTCUSD_PERP,bid,57900,856.33
2024-08-16 19:02:08,BTCUSD_PERP,bid,57900,741.69
2024-08-16 19:02:08,BTCUSD_PERP,bid,57900,628.12
2024-08-16 19:02:08,BTCUSD_PERP,bid,57900,570.75
2024-08-16 19:03:22,BTCUSD_PERP,bid,57900,571.86
2024-08-16 19:03:23,BTCUSD_PERP,bid,57900,571.9
2024-08-16 19:04:10,BTCUSD_PERP,bid,57900,743.2
2024-08-16 19:04:11,BTCUSD_PERP,bid,57900,1029.04
2024-08-16 19:04:11,BTCUSD_PERP,bid,57900,1086.44
2024-08-16 19:08:20,BTCUSD_PERP,bid,57900,1029.62
2024-08-16 19:08:20,BTCUSD_PERP,bid,57900,972.22
2024-08-16 19:08:20,BTCUSD_PERP,bid,57900,915.4
2024-08-16 19:08:20,BTCUSD_PERP,bid,57900,858.0
2024-08-16 19:08:21,BTCUSD_PERP,bid,57900,800.6
2024-08-16 19:08:21,BTCUSD_PERP,bid,57900,743.3
2024-08-16 19:08:21,BTCUSD_PERP,bid,57900,629.08
2024-08-16 19:08:21,BTCUSD_PERP,bid,57900,571.68
2024-08-16 19:08:21,BTCUSD_PERP,bid,58000,629.89
2024-08-16 19:08:21,BTCUSD_PERP,bid,58000,744.75
2024-08-16 19:08:21,BTCUSD_PERP,bid,58000,859.03
2024-08-16 19:08:22,BTCUSD_PERP,bid,58000,915.88
2024-08-16 19:09:22,BTCUSD_PERP,bid,57900,801.18
2024-08-16 19:09:22,BTCUSD_PERP,bid,57900,858.58
2024-08-16 19:10:11,BTCUSD_PERP,bid,57900,630.14
2024-08-16 19:10:11,BTCUSD_PERP,bid,57900,857.55
2024-08-16 19:10:11,BTCUSD_PERP,bid,57900,914.92
2024-08-16 19:10:25,BTCUSD_PERP,bid,57900,799.17
2024-08-16 19:10:25,BTCUSD_PERP,bid,57900,856.51
2024-08-16 19:10:35,BTCUSD_PERP,bid,57800,685.88
2024-08-16 19:10:35,BTCUSD_PERP,bid,57800,970.11
2024-08-16 19:10:35,BTCUSD_PERP,bid,57800,1027.42
2024-08-16 19:11:47,BTCUSD_PERP,bid,57800,913.38
2024-08-16 19:11:48,BTCUSD_PERP,bid,57800,856.07
2024-08-16 19:11:48,BTCUSD_PERP,bid,57800,799.34
2024-08-16 19:11:48,BTCUSD_PERP,bid,57800,742.61
2024-08-16 19:11:48,BTCUSD_PERP,bid,57800,685.88
2024-08-16 19:11:48,BTCUSD_PERP,bid,57800,628.57
2024-08-16 19:11:48,BTCUSD_PERP,bid,57800,571.36
2024-08-16 19:12:11,BTCUSD_PERP,bid,57800,569.6
2024-08-16 19:12:11,BTCUSD_PERP,bid,57800,740.77
2024-08-16 19:12:12,BTCUSD_PERP,bid,57800,969.09
2024-08-16 19:12:12,BTCUSD_PERP,bid,57800,1026.34
2024-08-16 19:12:45,BTCUSD_PERP,bid,57800,969.09
2024-08-16 19:12:45,BTCUSD_PERP,bid,57800,854.59
2024-08-16 19:12:45,BTCUSD_PERP,bid,57800,740.67
2024-08-16 19:12:45,BTCUSD_PERP,bid,57800,627.33
2024-08-16 19:12:46,BTCUSD_PERP,bid,57800,570.48
2024-08-16 19:13:25,BTCUSD_PERP,bid,57800,855.27
2024-08-16 19:13:25,BTCUSD_PERP,bid,57800,912.52
2024-08-16 19:13:37,BTCUSD_PERP,bid,57800,798.02
2024-08-16 19:13:37,BTCUSD_PERP,bid,57800,740.77
2024-08-16 19:13:37,BTCUSD_PERP,bid,57800,684.1
2024-08-16 19:13:37,BTCUSD_PERP,bid,57800,797.02
2024-08-16 19:13:37,BTCUSD_PERP,bid,57800,968.68
2024-08-16 19:13:37,BTCUSD_PERP,bid,57800,1025.9
2024-08-16 19:15:23,BTCUSD_PERP,bid,57800,968.68
2024-08-16 19:15:23,BTCUSD_PERP,bid,57800,626.52
2024-08-16 19:15:23,BTCUSD_PERP,bid,57700,626.67
2024-08-16 19:15:33,BTCUSD_PERP,bid,57700,569.96
2024-08-16 19:15:36,BTCUSD_PERP,bid,57700,569.66
2024-08-16 19:16:29,BTCUSD_PERP,bid,57800,526.6
2024-08-16 19:17:15,BTCUSD_PERP,bid,57700,625.72
2024-08-16 19:17:25,BTCUSD_PERP,bid,57700,569.1
2024-08-16 19:17:26,BTCUSD_PERP,bid,57700,568.82
2024-08-16 19:17:26,BTCUSD_PERP,bid,57700,625.41
2024-08-16 19:17:33,BTCUSD_PERP,bid,57700,569.1
2024-08-16 19:18:34,BTCUSD_PERP,bid,57700,569.0
2024-08-16 19:19:17,BTCUSD_PERP,bid,57700,568.7
2024-08-16 19:19:41,BTCUSD_PERP,bid,57700,683.3
2024-08-16 19:19:41,BTCUSD_PERP,bid,57700,967.69
2024-08-16 19:19:41,BTCUSD_PERP,bid,57700,1024.82
2024-08-16 19:19:44,BTCUSD_PERP,bid,57600,684.06
2024-08-16 19:19:44,BTCUSD_PERP,bid,57600,741.14
2024-08-16 19:20:20,BTCUSD_PERP,bid,57600,626.98
2024-08-16 19:20:20,BTCUSD_PERP,bid,57600,624.67
2024-08-16 19:20:20,BTCUSD_PERP,bid,57600,738.79
2024-08-16 19:20:29,BTCUSD_PERP,bid,57600,568.29
2024-08-16 19:20:49,BTCUSD_PERP,bid,57600,624.79
2024-08-16 19:20:50,BTCUSD_PERP,bid,57600,624.83
2024-08-16 19:20:53,BTCUSD_PERP,bid,57600,568.34
2024-08-16 19:21:46,BTCUSD_PERP,bid,57700,568.6
2024-08-16 19:21:46,BTCUSD_PERP,bid,57700,625.17
2024-08-16 19:21:46,BTCUSD_PERP,bid,57700,681.74
2024-08-16 19:21:46,BTCUSD_PERP,bid,57700,738.89
2024-08-16 19:21:46,BTCUSD_PERP,bid,57700,796.04
2024-08-16 19:21:46,BTCUSD_PERP,bid,57700,910.34
2024-08-16 19:21:47,BTCUSD_PERP,bid,57700,912.41
2024-08-16 19:21:55,BTCUSD_PERP,bid,57700,926.24
2024-08-16 19:22:09,BTCUSD_PERP,bid,57700,869.09
2024-08-16 19:22:09,BTCUSD_PERP,bid,57700,811.94
2024-08-16 19:22:09,BTCUSD_PERP,bid,57700,641.65
2024-08-16 19:22:09,BTCUSD_PERP,bid,57700,585.08
2024-08-16 19:22:09,BTCUSD_PERP,bid,57700,528.51
2024-08-16 19:22:09,BTCUSD_PERP,bid,57600,624.84
2024-08-16 19:22:10,BTCUSD_PERP,bid,57600,738.5
2024-08-16 19:22:10,BTCUSD_PERP,bid,57600,795.62
2024-08-16 19:22:10,BTCUSD_PERP,bid,57600,852.74
2024-08-16 19:22:10,BTCUSD_PERP,bid,57600,909.86
2024-08-16 19:22:41,BTCUSD_PERP,bid,57600,853.32
2024-08-16 19:22:41,BTCUSD_PERP,bid,57600,748.29
2024-08-16 19:22:41,BTCUSD_PERP,bid,57600,805.38
2024-08-16 19:22:42,BTCUSD_PERP,bid,57600,862.47
2024-08-16 19:22:51,BTCUSD_PERP,bid,57600,805.38
2024-08-16 19:22:51,BTCUSD_PERP,bid,57600,748.29
2024-08-16 19:22:52,BTCUSD_PERP,bid,57600,577.6
2024-08-16 19:22:52,BTCUSD_PERP,bid,57600,520.51
2024-08-16 19:22:52,BTCUSD_PERP,bid,57600,526.37
2024-08-16 19:22:53,BTCUSD_PERP,bid,57600,582.85
2024-08-16 19:22:53,BTCUSD_PERP,bid,57600,639.91
2024-08-16 19:22:53,BTCUSD_PERP,bid,57600,754.03
2024-08-16 19:24:07,BTCUSD_PERP,bid,57600,624.76
2024-08-16 19:24:07,BTCUSD_PERP,bid,57600,740.35
2024-08-16 19:24:07,BTCUSD_PERP,bid,57600,797.31
2024-08-16 19:25:10,BTCUSD_PERP,bid,57600,794.84
2024-08-16 19:25:10,BTCUSD_PERP,bid,57600,851.87
2024-08-16 19:25:23,BTCUSD_PERP,bid,57600,794.84
2024-08-16 19:25:23,BTCUSD_PERP,bid,57600,738.39
2024-08-16 19:25:24,BTCUSD_PERP,bid,57600,681.94
2024-08-16 19:25:24,BTCUSD_PERP,bid,57600,567.88
2024-08-16 19:25:25,BTCUSD_PERP,bid,57600,569.44
2024-08-16 19:25:25,BTCUSD_PERP,bid,57600,626.5
2024-08-16 19:25:25,BTCUSD_PERP,bid,57600,683.46
2024-08-16 19:25:25,BTCUSD_PERP,bid,57600,796.42
2024-08-16 19:25:26,BTCUSD_PERP,bid,57600,797.62
2024-08-16 19:25:35,BTCUSD_PERP,bid,57600,684.18
2024-08-16 19:25:36,BTCUSD_PERP,bid,57600,627.12
2024-08-16 19:25:36,BTCUSD_PERP,bid,57600,570.06
2024-08-16 19:25:37,BTCUSD_PERP,bid,57600,567.88
2024-08-16 19:25:37,BTCUSD_PERP,bid,57600,681.36
2024-08-16 19:26:21,BTCUSD_PERP,bid,57600,624.91
2024-08-16 19:26:21,BTCUSD_PERP,bid,57600,568.46
2024-08-16 19:26:22,BTCUSD_PERP,bid,57600,568.77
2024-08-16 19:26:22,BTCUSD_PERP,bid,57600,682.32
2024-08-16 19:26:23,BTCUSD_PERP,bid,57600,739.38
2024-08-16 09:31:27,BTCUSD_PERP,ask,58700,517.65
2024-08-16 10:06:59,BTCUSD_PERP,ask,58700,510.35
2024-08-16 10:06:59,BTCUSD_PERP,ask,58700,519.74
2024-08-16 10:06:59,BTCUSD_PERP,ask,58700,529.13
2024-08-16 10:07:01,BTCUSD_PERP,ask,58700,538.52
2024-08-16 10:22:48,BTCUSD_PERP,ask,58800,516.69
2024-08-16 10:22:48,BTCUSD_PERP,ask,58800,526.09
2024-08-16 10:22:52,BTCUSD_PERP,ask,58800,535.49
2024-08-16 10:22:59,BTCUSD_PERP,ask,58800,529.67
2024-08-16 10:23:03,BTCUSD_PERP,ask,58800,510.45
2024-08-16 20:17:49,BTCUSD_PERP,bid,58300,528.11
2024-08-16 20:17:49,BTCUSD_PERP,bid,58200,575.26
2024-08-16 20:17:50,BTCUSD_PERP,bid,58200,516.58
2024-08-16 20:17:51,BTCUSD_PERP,bid,58200,574.24
2024-08-16 20:18:02,BTCUSD_PERP,bid,58200,516.58
2024-08-16 20:18:05,BTCUSD_PERP,bid,58300,526.91
2024-08-16 20:18:05,BTCUSD_PERP,bid,58300,584.65
2024-08-16 20:18:05,BTCUSD_PERP,bid,58300,642.39
2024-08-16 20:18:05,BTCUSD_PERP,bid,58300,642.43
2024-08-16 20:18:06,BTCUSD_PERP,bid,58300,642.47
2024-08-16 20:18:06,BTCUSD_PERP,bid,58300,642.51
2024-08-16 20:18:06,BTCUSD_PERP,bid,58300,642.55
2024-08-16 20:18:43,BTCUSD_PERP,bid,58200,575.53
2024-08-16 20:18:46,BTCUSD_PERP,bid,58200,573.98
2024-08-16 20:18:57,BTCUSD_PERP,bid,58100,630.59
2024-08-16 20:18:57,BTCUSD_PERP,bid,58100,688.19
2024-08-16 20:19:04,BTCUSD_PERP,bid,58100,801.75
2024-08-16 20:19:05,BTCUSD_PERP,bid,58100,859.32
2024-08-16 20:19:15,BTCUSD_PERP,bid,58100,744.98
2024-08-16 20:19:16,BTCUSD_PERP,bid,58100,973.96
2024-08-16 20:19:16,BTCUSD_PERP,bid,58100,1031.5
2024-08-16 20:19:27,BTCUSD_PERP,bid,58100,916.42
2024-08-16 20:19:27,BTCUSD_PERP,bid,58100,802.02
2024-08-16 20:19:27,BTCUSD_PERP,bid,58100,688.12
2024-08-16 20:19:27,BTCUSD_PERP,bid,58100,573.63
2024-08-16 20:21:54,BTCUSD_PERP,bid,58100,571.82
2024-08-16 20:22:16,BTCUSD_PERP,bid,58100,629.35
2024-08-16 20:22:54,BTCUSD_PERP,bid,58100,572.4
2024-08-16 20:26:09,BTCUSD_PERP,bid,58100,629.95
2024-08-16 20:26:09,BTCUSD_PERP,bid,58100,686.91
2024-08-16 20:26:09,BTCUSD_PERP,bid,58100,801.99
2024-08-16 20:26:10,BTCUSD_PERP,bid,58100,859.53
2024-08-16 20:19:16,BTCUSD_PERP,bid,58000,559.37
2024-08-16 20:23:15,BTCUSD_PERP,bid,58000,581.77
2024-08-16 20:23:17,BTCUSD_PERP,bid,58000,583.85
2024-08-16 20:23:31,BTCUSD_PERP,bid,58000,526.35
2024-08-16 20:23:32,BTCUSD_PERP,bid,58000,571.75
2024-08-16 20:24:49,BTCUSD_PERP,bid,58000,572.34
2024-08-16 20:24:49,BTCUSD_PERP,bid,58000,686.59
2024-08-16 20:24:50,BTCUSD_PERP,bid,58000,744.06
2024-08-16 20:24:50,BTCUSD_PERP,bid,58000,859.0
2024-08-16 20:24:50,BTCUSD_PERP,bid,58000,915.88
2024-08-16 20:24:52,BTCUSD_PERP,bid,58000,858.41
2024-08-16 20:24:52,BTCUSD_PERP,bid,58000,914.73
2024-08-16 20:24:52,BTCUSD_PERP,bid,58000,972.16
2024-08-16 20:25:06,BTCUSD_PERP,bid,58000,915.31
2024-08-16 20:25:19,BTCUSD_PERP,bid,58000,858.46
2024-08-16 20:25:19,BTCUSD_PERP,bid,58000,801.61
2024-08-16 20:25:19,BTCUSD_PERP,bid,58000,687.33
2024-08-16 20:25:19,BTCUSD_PERP,bid,58000,629.9
2024-08-16 20:25:28,BTCUSD_PERP,bid,58000,630.08
2024-08-16 20:25:28,BTCUSD_PERP,bid,58000,687.58
2024-08-16 20:25:53,BTCUSD_PERP,bid,58000,630.08
2024-08-16 20:25:53,BTCUSD_PERP,bid,58000,572.58
2024-08-16 20:25:59,BTCUSD_PERP,bid,58000,629.51
2024-08-16 20:25:59,BTCUSD_PERP,bid,58000,687.01
2024-08-16 20:25:59,BTCUSD_PERP,bid,58000,744.51
2024-08-16 20:26:08,BTCUSD_PERP,bid,58000,687.01
2024-08-16 20:26:13,BTCUSD_PERP,bid,58000,630.19
2024-08-16 20:26:13,BTCUSD_PERP,bid,58000,687.7
2024-08-16 20:27:06,BTCUSD_PERP,bid,58000,630.29
2024-08-16 20:27:06,BTCUSD_PERP,bid,58000,572.78
2024-08-16 20:27:07,BTCUSD_PERP,bid,58000,629.86
2024-08-16 20:27:07,BTCUSD_PERP,bid,58000,687.34
2024-08-16 20:27:17,BTCUSD_PERP,bid,58000,800.72
2024-08-16 20:27:17,BTCUSD_PERP,bid,58000,858.17
2024-08-16 20:27:29,BTCUSD_PERP,bid,58000,686.4
2024-08-16 20:27:29,BTCUSD_PERP,bid,58000,628.95
2024-08-16 20:27:29,BTCUSD_PERP,bid,58000,572.08
2024-08-16 20:27:29,BTCUSD_PERP,bid,57900,571.1
2024-08-16 20:27:29,BTCUSD_PERP,bid,57900,628.51
2024-08-16 20:27:39,BTCUSD_PERP,bid,57900,695.09
2024-08-16 20:27:45,BTCUSD_PERP,bid,57900,580.45
2024-08-16 20:27:45,BTCUSD_PERP,bid,57900,523.66
2024-08-16 20:27:46,BTCUSD_PERP,bid,57900,571.78
2024-08-16 20:27:47,BTCUSD_PERP,bid,57900,629.19
2024-08-16 20:27:47,BTCUSD_PERP,bid,57900,686.02
2024-08-16 20:27:47,BTCUSD_PERP,bid,57900,743.43
2024-08-16 20:27:47,BTCUSD_PERP,bid,57900,800.26
2024-08-16 20:28:11,BTCUSD_PERP,bid,57900,628.86
2024-08-16 20:28:11,BTCUSD_PERP,bid,57900,742.46
2024-08-16 20:28:11,BTCUSD_PERP,bid,57900,799.84
2024-08-16 20:28:44,BTCUSD_PERP,bid,57900,743.04
2024-08-16 20:28:44,BTCUSD_PERP,bid,57900,628.28
2024-08-16 20:28:44,BTCUSD_PERP,bid,57900,571.48
2024-08-16 20:29:14,BTCUSD_PERP,bid,57900,570.38
2024-08-16 20:30:59,BTCUSD_PERP,bid,57900,685.04
2024-08-16 20:30:59,BTCUSD_PERP,bid,57900,742.37
2024-08-16 20:31:07,BTCUSD_PERP,bid,57900,628.31
2024-08-16 20:31:58,BTCUSD_PERP,bid,57900,799.02
2024-08-16 20:31:58,BTCUSD_PERP,bid,57900,856.39
2024-08-16 20:31:58,BTCUSD_PERP,bid,57900,913.76
2024-08-16 20:32:15,BTCUSD_PERP,bid,57900,570.7
2024-08-16 20:32:26,BTCUSD_PERP,bid,57900,641.5
2024-08-16 20:32:26,BTCUSD_PERP,bid,57900,698.84
2024-08-16 20:32:33,BTCUSD_PERP,bid,57900,584.16
2024-08-16 20:32:34,BTCUSD_PERP,bid,57900,526.82
2024-08-16 20:32:53,BTCUSD_PERP,bid,57900,628.25
2024-08-16 20:32:59,BTCUSD_PERP,bid,57900,570.9
2024-08-16 20:32:59,BTCUSD_PERP,bid,57900,628.28
2024-08-16 20:32:59,BTCUSD_PERP,bid,57900,685.57
2024-08-16 20:33:00,BTCUSD_PERP,bid,57900,742.95
2024-08-16 20:33:08,BTCUSD_PERP,bid,57900,628.28
2024-08-16 20:33:08,BTCUSD_PERP,bid,57900,570.9
2024-08-16 20:33:40,BTCUSD_PERP,bid,58000,571.96
2024-08-16 20:34:16,BTCUSD_PERP,bid,58000,686.04
2024-08-16 20:34:16,BTCUSD_PERP,bid,58000,743.5
2024-08-16 20:34:16,BTCUSD_PERP,bid,58000,800.96
2024-08-16 20:34:22,BTCUSD_PERP,bid,58000,744.08
2024-08-16 20:34:22,BTCUSD_PERP,bid,58000,629.74
2024-08-16 20:34:23,BTCUSD_PERP,bid,58000,572.28
2024-08-16 20:35:23,BTCUSD_PERP,bid,58200,516.67
2024-08-16 20:35:24,BTCUSD_PERP,bid,58200,746.76
2024-08-16 20:35:29,BTCUSD_PERP,bid,58200,689.68
2024-08-16 20:35:30,BTCUSD_PERP,bid,58200,688.73
2024-08-16 20:35:30,BTCUSD_PERP,bid,58200,746.37
2024-08-16 20:35:30,BTCUSD_PERP,bid,58200,803.42
2024-08-16 20:35:43,BTCUSD_PERP,bid,58100,640.05
2024-08-16 20:35:43,BTCUSD_PERP,bid,58100,697.62
2024-08-16 20:35:43,BTCUSD_PERP,bid,58100,755.19
2024-08-16 20:35:46,BTCUSD_PERP,bid,58100,515.54
2024-08-16 20:35:46,BTCUSD_PERP,bid,58100,573.15
2024-08-16 20:35:47,BTCUSD_PERP,bid,58100,630.76
2024-08-16 20:35:47,BTCUSD_PERP,bid,58100,687.78
2024-08-16 20:35:47,BTCUSD_PERP,bid,58100,803.0
2024-08-16 20:35:47,BTCUSD_PERP,bid,58100,516.88
2024-08-16 20:35:48,BTCUSD_PERP,bid,58100,860.02
2024-08-16 20:35:48,BTCUSD_PERP,bid,58100,917.63
2024-08-16 20:35:48,BTCUSD_PERP,bid,58100,917.67
2024-08-16 20:35:56,BTCUSD_PERP,bid,58100,745.43
2024-08-16 20:35:56,BTCUSD_PERP,bid,58100,859.64
2024-08-16 20:35:57,BTCUSD_PERP,bid,58100,917.22
2024-08-16 20:35:57,BTCUSD_PERP,bid,58100,524.08
2024-08-16 20:36:33,BTCUSD_PERP,bid,58100,515.54
2024-08-16 20:36:33,BTCUSD_PERP,bid,58100,744.8
2024-08-16 20:36:34,BTCUSD_PERP,bid,58100,802.41
2024-08-16 20:36:34,BTCUSD_PERP,bid,58100,516.88
2024-08-16 20:36:34,BTCUSD_PERP,bid,58100,917.63
2024-08-16 20:36:38,BTCUSD_PERP,bid,58100,630.37
2024-08-16 20:36:39,BTCUSD_PERP,bid,58100,687.94
2024-08-16 20:36:40,BTCUSD_PERP,bid,58100,873.75
2024-08-16 20:36:40,BTCUSD_PERP,bid,58100,931.28
2024-08-16 20:37:09,BTCUSD_PERP,bid,58100,516.58
2024-08-16 20:37:10,BTCUSD_PERP,bid,58100,573.52
2024-08-16 20:37:29,BTCUSD_PERP,bid,58100,573.73
2024-08-16 20:37:29,BTCUSD_PERP,bid,58100,631.29
2024-08-16 20:37:29,BTCUSD_PERP,bid,58100,688.85
2024-08-16 20:37:39,BTCUSD_PERP,bid,58100,631.29
2024-08-16 20:37:39,BTCUSD_PERP,bid,58100,630.96
2024-08-16 20:37:39,BTCUSD_PERP,bid,58100,688.49
2024-08-16 20:37:42,BTCUSD_PERP,bid,58100,632.53
2024-08-16 20:37:42,BTCUSD_PERP,bid,58100,575.0
2024-08-16 20:38:08,BTCUSD_PERP,bid,58200,516.26
2024-08-16 20:38:09,BTCUSD_PERP,bid,58200,530.09
2024-08-16 20:38:18,BTCUSD_PERP,bid,58100,515.99
2024-08-16 20:38:34,BTCUSD_PERP,bid,58100,573.34
2024-08-16 20:40:35,BTCUSD_PERP,bid,58000,524.35
2024-08-16 20:40:35,BTCUSD_PERP,bid,58000,581.8
2024-08-16 20:41:08,BTCUSD_PERP,bid,58000,524.35
2024-08-16 20:42:05,BTCUSD_PERP,bid,58000,573.16
2024-08-16 20:42:06,BTCUSD_PERP,bid,58000,687.56
2024-08-16 20:42:06,BTCUSD_PERP,bid,58000,745.05
2024-08-16 20:43:36,BTCUSD_PERP,bid,58000,687.56
2024-08-16 20:43:36,BTCUSD_PERP,bid,58000,572.58
2024-08-16 20:43:49,BTCUSD_PERP,bid,58000,530.88
2024-08-16 20:43:49,BTCUSD_PERP,bid,58000,588.3
2024-08-16 20:44:11,BTCUSD_PERP,bid,58000,530.88
2024-08-16 20:44:36,BTCUSD_PERP,bid,58000,524.54
2024-08-16 20:44:36,BTCUSD_PERP,bid,58000,581.42
2024-08-16 20:44:36,BTCUSD_PERP,bid,58000,638.89
2024-08-16 20:44:36,BTCUSD_PERP,bid,58000,753.83
2024-08-16 20:45:17,BTCUSD_PERP,bid,58000,686.26
2024-08-16 20:45:18,BTCUSD_PERP,bid,58000,743.69
2024-08-16 20:45:38,BTCUSD_PERP,bid,58000,686.84
2024-08-16 20:45:38,BTCUSD_PERP,bid,58000,629.41
2024-08-16 20:48:32,BTCUSD_PERP,bid,57900,571.24
2024-08-16 20:48:33,BTCUSD_PERP,bid,57900,685.4
2024-08-16 20:48:41,BTCUSD_PERP,bid,57900,571.84
2024-08-16 20:49:27,BTCUSD_PERP,bid,57900,571.86
2024-08-16 20:49:37,BTCUSD_PERP,bid,57900,571.11
2024-08-16 20:50:39,BTCUSD_PERP,bid,58000,572.04
2024-08-16 20:50:39,BTCUSD_PERP,bid,58000,628.9
2024-08-16 20:50:40,BTCUSD_PERP,bid,58000,686.35
2024-08-16 20:51:05,BTCUSD_PERP,bid,58000,571.55
2024-08-16 20:52:13,BTCUSD_PERP,bid,57800,570.2
2024-08-16 20:52:16,BTCUSD_PERP,bid,57800,569.9
2024-08-16 20:52:18,BTCUSD_PERP,bid,57800,741.22
2024-08-16 20:52:18,BTCUSD_PERP,bid,57800,798.46
2024-08-16 21:00:23,BTCUSD_PERP,bid,57900,571.08
2024-08-16 21:43:23,BTCUSD_PERP,bid,57800,626.97
2024-08-16 21:43:23,BTCUSD_PERP,bid,57800,740.93
2024-08-16 21:43:23,BTCUSD_PERP,bid,57800,797.62
2024-08-16 21:43:23,BTCUSD_PERP,bid,57800,854.89
2024-08-16 21:43:24,BTCUSD_PERP,bid,57800,912.16
2024-08-16 21:44:20,BTCUSD_PERP,bid,57800,854.99
2024-08-16 21:44:20,BTCUSD_PERP,bid,57800,741.61
2024-08-16 21:44:20,BTCUSD_PERP,bid,57800,627.65
2024-08-16 21:44:20,BTCUSD_PERP,bid,57800,854.36
2024-08-16 21:44:21,BTCUSD_PERP,bid,57800,911.59
2024-08-16 21:45:50,BTCUSD_PERP,bid,57800,854.93
2024-08-16 21:45:50,BTCUSD_PERP,bid,57800,741.04
2024-08-16 21:45:50,BTCUSD_PERP,bid,57800,626.58
2024-08-16 20:52:22,BTCUSD_PERP,bid,57700,569.29
2024-08-16 20:52:22,BTCUSD_PERP,bid,57700,569.0
2024-08-16 20:52:23,BTCUSD_PERP,bid,57700,626.19
2024-08-16 20:52:26,BTCUSD_PERP,bid,57700,569.0
2024-08-16 20:52:29,BTCUSD_PERP,bid,57700,569.18
2024-08-16 20:52:30,BTCUSD_PERP,bid,57700,626.33
2024-08-16 20:52:31,BTCUSD_PERP,bid,57700,568.3
2024-08-16 20:52:31,BTCUSD_PERP,bid,57700,625.42
2024-08-16 20:52:31,BTCUSD_PERP,bid,57700,682.54
2024-08-16 20:52:31,BTCUSD_PERP,bid,57700,626.0
2024-08-16 20:56:14,BTCUSD_PERP,bid,57700,626.11
2024-08-16 20:59:02,BTCUSD_PERP,bid,57700,569.46
2024-08-16 20:59:02,BTCUSD_PERP,bid,57700,626.58
2024-08-16 20:59:15,BTCUSD_PERP,bid,57700,568.35
2024-08-16 21:00:51,BTCUSD_PERP,bid,57700,569.02
2024-08-16 21:03:15,BTCUSD_PERP,bid,57700,568.96
2024-08-16 21:20:42,BTCUSD_PERP,bid,57700,569.2
2024-08-16 21:21:14,BTCUSD_PERP,bid,57700,568.9
2024-08-16 21:21:15,BTCUSD_PERP,bid,57700,570.15
2024-08-16 21:21:22,BTCUSD_PERP,bid,57700,739.54
2024-08-16 21:21:29,BTCUSD_PERP,bid,57700,682.97
2024-08-16 21:21:29,BTCUSD_PERP,bid,57700,625.82
2024-08-16 21:21:29,BTCUSD_PERP,bid,57700,569.25
2024-08-16 21:21:31,BTCUSD_PERP,bid,57700,583.73
2024-08-16 21:21:31,BTCUSD_PERP,bid,57700,697.38
2024-08-16 21:21:31,BTCUSD_PERP,bid,57700,753.91
2024-08-16 21:21:40,BTCUSD_PERP,bid,57700,640.26
2024-08-16 21:21:40,BTCUSD_PERP,bid,57700,583.73
2024-08-16 21:21:41,BTCUSD_PERP,bid,57700,526.61
2024-08-16 21:31:09,BTCUSD_PERP,bid,57700,567.72
2024-08-16 21:31:09,BTCUSD_PERP,bid,57700,624.85
2024-08-16 21:31:33,BTCUSD_PERP,bid,57700,568.3
2024-08-16 21:36:49,BTCUSD_PERP,bid,57700,571.61
2024-08-16 21:38:25,BTCUSD_PERP,bid,57700,626.37
2024-08-16 21:39:13,BTCUSD_PERP,bid,57700,569.15
2024-08-16 21:39:37,BTCUSD_PERP,bid,57700,626.37
2024-08-16 21:40:30,BTCUSD_PERP,bid,57700,569.15
2024-08-16 21:40:44,BTCUSD_PERP,bid,57700,627.35
2024-08-16 21:40:44,BTCUSD_PERP,bid,57700,683.96
2024-08-16 21:40:44,BTCUSD_PERP,bid,57700,741.15
2024-08-16 21:41:02,BTCUSD_PERP,bid,57700,683.96
2024-08-16 21:41:03,BTCUSD_PERP,bid,57700,569.58
2024-08-16 21:41:04,BTCUSD_PERP,bid,57700,626.44
2024-08-16 21:41:04,BTCUSD_PERP,bid,57700,683.6
2024-08-16 21:41:33,BTCUSD_PERP,bid,57700,569.56
2024-08-16 21:42:26,BTCUSD_PERP,bid,57700,796.48
2024-08-16 21:42:31,BTCUSD_PERP,bid,57700,796.52
2024-08-16 21:42:58,BTCUSD_PERP,bid,57700,568.54
2024-08-16 21:45:50,BTCUSD_PERP,bid,57700,797.36
2024-08-16 21:45:50,BTCUSD_PERP,bid,57700,854.57
2024-08-16 21:46:16,BTCUSD_PERP,bid,57700,740.73
2024-08-16 21:46:16,BTCUSD_PERP,bid,57700,820.16
2024-08-16 21:46:16,BTCUSD_PERP,bid,57700,877.33
2024-08-16 21:46:23,BTCUSD_PERP,bid,57700,762.99
2024-08-16 21:46:23,BTCUSD_PERP,bid,57700,649.22
2024-08-16 21:46:24,BTCUSD_PERP,bid,57700,592.63
2024-08-16 21:46:24,BTCUSD_PERP,bid,57700,796.35
2024-08-16 21:46:24,BTCUSD_PERP,bid,57700,853.48
2024-08-16 21:47:41,BTCUSD_PERP,bid,57700,568.4
2024-08-16 09:33:02,BTCUSD_PERP,ask,58900,520.42
2024-08-16 09:33:09,BTCUSD_PERP,ask,58900,514.59
2024-08-16 09:33:13,BTCUSD_PERP,ask,58900,508.76
2024-08-16 09:33:17,BTCUSD_PERP,ask,58900,518.18
2024-08-16 21:41:38,BTCUSD_PERP,ask,58800,515.77
2024-08-16 14:01:37,BTCUSD_PERP,ask,59100,509.57
2024-08-16 14:01:38,BTCUSD_PERP,ask,59100,519.02
2024-08-16 14:01:41,BTCUSD_PERP,ask,59100,524.91
2024-08-16 14:01:43,BTCUSD_PERP,ask,59100,544.4
2024-08-16 14:01:47,BTCUSD_PERP,ask,59100,538.51
2024-08-16 14:01:47,BTCUSD_PERP,ask,59100,544.4
2024-08-16 14:01:49,BTCUSD_PERP,ask,59100,534.95
2024-08-16 14:01:49,BTCUSD_PERP,ask,59100,544.4
2024-08-16 14:02:00,BTCUSD_PERP,ask,59100,538.51
2024-08-16 14:02:24,BTCUSD_PERP,ask,59100,519.02
2024-08-16 14:02:31,BTCUSD_PERP,ask,59100,509.57
2024-08-16 14:19:12,BTCUSD_PERP,ask,59000,513.16
2024-08-16 14:19:14,BTCUSD_PERP,ask,59000,522.59
2024-08-16 14:19:14,BTCUSD_PERP,ask,59000,532.02
2024-08-16 14:19:16,BTCUSD_PERP,ask,59000,537.91
2024-08-16 14:19:17,BTCUSD_PERP,ask,59000,543.8
2024-08-16 14:19:26,BTCUSD_PERP,ask,59000,552.94
2024-08-16 14:19:30,BTCUSD_PERP,ask,59000,562.37
2024-08-16 14:19:31,BTCUSD_PERP,ask,59000,571.8
2024-08-16 14:19:38,BTCUSD_PERP,ask,59000,577.69
2024-08-16 14:19:41,BTCUSD_PERP,ask,59000,587.12
2024-08-16 14:19:41,BTCUSD_PERP,ask,59000,596.55
2024-08-16 14:19:44,BTCUSD_PERP,ask,59000,587.12
2024-08-16 14:19:48,BTCUSD_PERP,ask,59000,577.69
2024-08-16 14:20:05,BTCUSD_PERP,ask,59000,571.8
2024-08-16 14:20:11,BTCUSD_PERP,ask,59000,562.37
2024-08-16 14:20:12,BTCUSD_PERP,ask,59000,552.94
2024-08-16 14:20:14,BTCUSD_PERP,ask,59000,543.51
2024-08-16 14:20:14,BTCUSD_PERP,ask,59000,534.08
2024-08-16 14:20:18,BTCUSD_PERP,ask,59000,528.19
2024-08-16 14:20:23,BTCUSD_PERP,ask,59000,508.73
2024-08-16 15:29:19,BTCUSD_PERP,ask,59000,508.45
2024-08-16 15:50:46,BTCUSD_PERP,ask,59000,550.41
2024-08-16 15:50:48,BTCUSD_PERP,ask,59000,544.51
2024-08-16 15:50:48,BTCUSD_PERP,ask,59000,553.95
2024-08-16 15:50:53,BTCUSD_PERP,ask,59000,561.62
2024-08-16 15:50:59,BTCUSD_PERP,ask,59000,581.09
2024-08-16 15:51:00,BTCUSD_PERP,ask,59000,581.09
2024-08-16 15:51:08,BTCUSD_PERP,ask,59000,589.34
2024-08-16 15:52:04,BTCUSD_PERP,ask,59000,565.75
2024-08-16 15:52:14,BTCUSD_PERP,ask,59000,526.81
2024-08-16 15:52:17,BTCUSD_PERP,ask,59000,518.55
2024-08-16 15:52:18,BTCUSD_PERP,ask,59000,509.11
2024-08-16 16:20:52,BTCUSD_PERP,ask,59100,516.23
2024-08-16 16:20:54,BTCUSD_PERP,ask,59100,525.68
2024-08-16 16:20:57,BTCUSD_PERP,ask,59100,535.43
2024-08-16 16:21:19,BTCUSD_PERP,ask,59100,525.98
2024-08-16 16:21:20,BTCUSD_PERP,ask,59100,520.07
2024-08-16 16:21:43,BTCUSD_PERP,ask,59100,510.62
2024-08-16 17:08:16,BTCUSD_PERP,ask,59100,514.13
2024-08-16 17:41:35,BTCUSD_PERP,ask,59000,512.25
2024-08-16 17:41:35,BTCUSD_PERP,ask,59000,521.68
2024-08-16 17:41:35,BTCUSD_PERP,ask,59000,531.11
2024-08-16 17:41:36,BTCUSD_PERP,ask,59000,540.54
2024-08-16 17:42:02,BTCUSD_PERP,ask,59000,530.9
2024-08-16 17:47:46,BTCUSD_PERP,ask,59000,508.24
