2024-08-23 13:50:38,BTCUSD_PERP,bid,60800,539.32
2024-08-23 13:50:38,BTCUSD_PERP,bid,60800,599.52
2024-08-23 13:50:38,BTCUSD_PERP,bid,60800,661.88
2024-08-23 13:50:38,BTCUSD_PERP,bid,60800,676.32
2024-08-23 13:50:50,BTCUSD_PERP,bid,60800,616.74
2024-08-23 13:50:51,BTCUSD_PERP,bid,60800,556.54
2024-08-23 13:50:54,BTCUSD_PERP,bid,60800,496.34
2024-08-23 13:51:06,BTCUSD_PERP,bid,60800,538.7
2024-08-23 16:03:07,BTCUSD_PERP,bid,60800,539.3
2024-08-23 16:03:07,BTCUSD_PERP,bid,60800,599.51
2024-08-23 16:03:07,BTCUSD_PERP,bid,60800,719.31
2024-08-23 16:03:08,BTCUSD_PERP,bid,60800,778.9
2024-08-23 16:03:08,BTCUSD_PERP,bid,60800,899.32
2024-08-23 16:03:08,BTCUSD_PERP,bid,60800,959.53
2024-08-23 16:03:08,BTCUSD_PERP,bid,60800,1019.74
2024-08-23 16:03:08,BTCUSD_PERP,bid,60800,1079.33
2024-08-23 16:04:51,BTCUSD_PERP,bid,60800,538.79
2024-08-23 16:04:51,BTCUSD_PERP,bid,60800,598.38
2024-08-23 16:04:51,BTCUSD_PERP,bid,60800,779.01
2024-08-23 16:04:51,BTCUSD_PERP,bid,60800,898.81
2024-08-23 16:04:51,BTCUSD_PERP,bid,60800,958.91
2024-08-23 16:06:39,BTCUSD_PERP,bid,60800,898.7
2024-08-23 16:06:39,BTCUSD_PERP,bid,60800,719.31
2024-08-23 16:20:45,BTCUSD_PERP,bid,60800,539.16
2024-08-23 16:20:45,BTCUSD_PERP,bid,60800,598.74
2024-08-23 16:20:45,BTCUSD_PERP,bid,60800,658.31
2024-08-23 16:20:45,BTCUSD_PERP,bid,60800,718.5
2024-08-23 16:20:45,BTCUSD_PERP,bid,60800,838.27
2024-08-23 13:50:06,BTCUSD_PERP,bid,60700,538.55
2024-08-23 13:50:06,BTCUSD_PERP,bid,60700,548.66
2024-08-23 13:50:06,BTCUSD_PERP,bid,60700,608.77
2024-08-23 13:50:21,BTCUSD_PERP,bid,60700,538.64
2024-08-23 13:50:35,BTCUSD_PERP,bid,60700,538.38
2024-08-23 13:50:35,BTCUSD_PERP,bid,60700,597.93
2024-08-23 13:50:36,BTCUSD_PERP,bid,60700,658.09
2024-08-23 13:50:37,BTCUSD_PERP,bid,60700,597.93
2024-08-23 13:50:37,BTCUSD_PERP,bid,60700,537.77
2024-08-23 13:51:19,BTCUSD_PERP,bid,60700,718.16
2024-08-23 13:51:19,BTCUSD_PERP,bid,60700,524.78
2024-08-23 13:52:34,BTCUSD_PERP,bid,60700,658.0
2024-08-23 13:52:34,BTCUSD_PERP,bid,60700,777.92
2024-08-23 13:52:39,BTCUSD_PERP,bid,60700,794.65
2024-08-23 13:53:33,BTCUSD_PERP,bid,60700,778.38
2024-08-23 13:53:33,BTCUSD_PERP,bid,60700,524.79
2024-08-23 13:54:23,BTCUSD_PERP,bid,60700,597.98
2024-08-23 14:02:07,BTCUSD_PERP,bid,60700,598.24
2024-08-23 14:02:07,BTCUSD_PERP,bid,60700,667.87
2024-08-23 14:02:07,BTCUSD_PERP,bid,60700,727.39
2024-08-23 14:02:07,BTCUSD_PERP,bid,60700,787.56
2024-08-23 14:02:10,BTCUSD_PERP,bid,60700,787.6
2024-08-23 14:02:15,BTCUSD_PERP,bid,60700,787.64
2024-08-23 14:03:14,BTCUSD_PERP,bid,60700,717.53
2024-08-23 14:07:55,BTCUSD_PERP,bid,60700,538.73
2024-08-23 14:08:58,BTCUSD_PERP,bid,60700,837.62
2024-08-23 14:09:08,BTCUSD_PERP,bid,60700,837.66
2024-08-23 14:09:13,BTCUSD_PERP,bid,60700,837.7
2024-08-23 14:09:21,BTCUSD_PERP,bid,60700,837.74
2024-08-23 14:09:22,BTCUSD_PERP,bid,60700,837.78
2024-08-23 14:10:14,BTCUSD_PERP,bid,60700,778.3
2024-08-23 15:17:53,BTCUSD_PERP,bid,60700,538.92
2024-08-23 15:17:53,BTCUSD_PERP,bid,60700,658.5
2024-08-23 15:17:53,BTCUSD_PERP,bid,60700,718.6
2024-08-23 15:17:53,BTCUSD_PERP,bid,60700,778.08
2024-08-23 15:17:54,BTCUSD_PERP,bid,60700,838.18
2024-08-23 15:17:54,BTCUSD_PERP,bid,60700,957.76
2024-08-23 15:17:54,BTCUSD_PERP,bid,60700,1017.24
2024-08-23 15:17:54,BTCUSD_PERP,bid,60700,1077.34
2024-08-23 15:17:54,BTCUSD_PERP,bid,60700,1137.44
2024-08-23 15:17:55,BTCUSD_PERP,bid,60700,1196.92
2024-08-23 15:22:48,BTCUSD_PERP,bid,60700,1136.82
2024-08-23 15:22:48,BTCUSD_PERP,bid,60700,1076.72
2024-08-23 15:22:48,BTCUSD_PERP,bid,60700,957.76
2024-08-23 15:22:48,BTCUSD_PERP,bid,60700,838.8
2024-08-23 15:22:48,BTCUSD_PERP,bid,60700,778.7
2024-08-23 15:22:49,BTCUSD_PERP,bid,60700,659.24
2024-08-23 15:22:49,BTCUSD_PERP,bid,60700,599.14
2024-08-23 15:23:32,BTCUSD_PERP,bid,60700,539.05
2024-08-23 15:23:33,BTCUSD_PERP,bid,60700,599.15
2024-08-23 15:23:33,BTCUSD_PERP,bid,60700,658.64
2024-08-23 15:23:33,BTCUSD_PERP,bid,60700,718.74
2024-08-23 15:24:19,BTCUSD_PERP,bid,60700,719.1
2024-08-23 15:28:59,BTCUSD_PERP,bid,60700,658.55
2024-08-23 15:34:45,BTCUSD_PERP,bid,60700,539.59
2024-08-23 15:34:45,BTCUSD_PERP,bid,60700,659.16
2024-08-23 15:45:40,BTCUSD_PERP,bid,60700,658.56
2024-08-23 15:45:41,BTCUSD_PERP,bid,60700,718.05
2024-08-23 15:45:41,BTCUSD_PERP,bid,60700,778.15
2024-08-23 15:45:41,BTCUSD_PERP,bid,60700,837.64
2024-08-23 15:45:42,BTCUSD_PERP,bid,60700,957.23
2024-08-23 15:45:42,BTCUSD_PERP,bid,60700,1017.33
2024-08-23 15:45:42,BTCUSD_PERP,bid,60700,1137.53
2024-08-23 15:45:55,BTCUSD_PERP,bid,60700,1137.57
2024-08-23 15:47:23,BTCUSD_PERP,bid,60700,897.27
2024-08-23 15:47:23,BTCUSD_PERP,bid,60700,658.09
2024-08-23 15:47:23,BTCUSD_PERP,bid,60700,598.6
2024-08-23 15:47:23,BTCUSD_PERP,bid,60700,539.29
2024-08-23 15:47:23,BTCUSD_PERP,bid,60700,598.81
2024-08-23 15:47:24,BTCUSD_PERP,bid,60700,718.47
2024-08-23 15:47:24,BTCUSD_PERP,bid,60700,777.99
2024-08-23 15:47:24,BTCUSD_PERP,bid,60700,957.79
2024-08-23 15:47:24,BTCUSD_PERP,bid,60700,1017.93
2024-08-23 15:47:25,BTCUSD_PERP,bid,60700,1078.07
2024-08-23 15:47:25,BTCUSD_PERP,bid,60700,1138.21
2024-08-23 15:47:56,BTCUSD_PERP,bid,60700,1078.07
2024-08-23 15:47:56,BTCUSD_PERP,bid,60700,1018.55
2024-08-23 15:47:57,BTCUSD_PERP,bid,60700,958.41
2024-08-23 15:47:57,BTCUSD_PERP,bid,60700,838.13
2024-08-23 15:47:57,BTCUSD_PERP,bid,60700,777.99
2024-08-23 15:47:57,BTCUSD_PERP,bid,60700,717.85
2024-08-23 15:47:57,BTCUSD_PERP,bid,60700,657.71
2024-08-23 15:47:57,BTCUSD_PERP,bid,60700,540.92
2024-08-23 15:47:57,BTCUSD_PERP,bid,60700,600.48
2024-08-23 15:47:57,BTCUSD_PERP,bid,60700,660.54
2024-08-23 15:47:58,BTCUSD_PERP,bid,60700,779.66
2024-08-23 15:47:58,BTCUSD_PERP,bid,60700,839.21
2024-08-23 15:47:58,BTCUSD_PERP,bid,60700,899.38
2024-08-23 15:47:58,BTCUSD_PERP,bid,60700,958.94
2024-08-23 15:47:58,BTCUSD_PERP,bid,60700,1078.67
2024-08-23 15:47:58,BTCUSD_PERP,bid,60700,525.36
2024-08-23 15:47:58,BTCUSD_PERP,bid,60700,585.45
2024-08-23 15:47:58,BTCUSD_PERP,bid,60700,1138.23
2024-08-23 15:50:10,BTCUSD_PERP,bid,60700,525.34
2024-08-23 15:50:10,BTCUSD_PERP,bid,60700,1018.5
2024-08-23 15:50:11,BTCUSD_PERP,bid,60700,958.33
2024-08-23 15:50:11,BTCUSD_PERP,bid,60700,838.87
2024-08-23 15:50:11,BTCUSD_PERP,bid,60700,1078.09
2024-08-23 15:50:11,BTCUSD_PERP,bid,60700,1138.23
2024-08-23 15:50:11,BTCUSD_PERP,bid,60700,1197.76
2024-08-23 15:54:47,BTCUSD_PERP,bid,60700,957.2
2024-08-23 15:54:47,BTCUSD_PERP,bid,60700,897.17
2024-08-23 15:54:48,BTCUSD_PERP,bid,60700,838.33
2024-08-23 15:54:48,BTCUSD_PERP,bid,60700,1077.53
2024-08-23 15:54:48,BTCUSD_PERP,bid,60700,1137.64
2024-08-23 15:54:48,BTCUSD_PERP,bid,60700,1197.13
2024-08-23 15:57:37,BTCUSD_PERP,bid,60700,1137.64
2024-08-23 15:57:37,BTCUSD_PERP,bid,60700,1018.04
2024-08-23 15:57:37,BTCUSD_PERP,bid,60700,958.55
2024-08-23 15:57:38,BTCUSD_PERP,bid,60700,898.44
2024-08-23 15:57:38,BTCUSD_PERP,bid,60700,778.84
2024-08-23 15:57:38,BTCUSD_PERP,bid,60700,719.35
2024-08-23 15:57:38,BTCUSD_PERP,bid,60700,659.24
2024-08-23 15:57:38,BTCUSD_PERP,bid,60700,539.64
2024-08-23 15:58:29,BTCUSD_PERP,bid,60700,668.94
2024-08-23 15:58:29,BTCUSD_PERP,bid,60700,728.5
2024-08-23 15:58:29,BTCUSD_PERP,bid,60700,909.01
2024-08-23 15:58:30,BTCUSD_PERP,bid,60700,969.18
2024-08-23 15:58:30,BTCUSD_PERP,bid,60700,1028.74
2024-08-23 15:58:30,BTCUSD_PERP,bid,60700,524.91
2024-08-23 15:58:30,BTCUSD_PERP,bid,60700,1148.37
2024-08-23 16:03:06,BTCUSD_PERP,bid,60700,969.08
2024-08-23 16:03:07,BTCUSD_PERP,bid,60700,789.28
2024-08-23 16:03:07,BTCUSD_PERP,bid,60700,669.55
2024-08-23 16:03:07,BTCUSD_PERP,bid,60700,609.38
2024-08-23 16:03:07,BTCUSD_PERP,bid,60700,549.21
2024-08-23 16:03:08,BTCUSD_PERP,bid,60700,525.18
2024-08-23 16:03:08,BTCUSD_PERP,bid,60700,585.28
2024-08-23 16:04:03,BTCUSD_PERP,bid,60700,524.91
2024-08-23 16:04:03,BTCUSD_PERP,bid,60700,958.35
2024-08-23 16:04:03,BTCUSD_PERP,bid,60700,584.98
2024-08-23 16:04:03,BTCUSD_PERP,bid,60700,1018.52
2024-08-23 16:04:50,BTCUSD_PERP,bid,60700,524.88
2024-08-23 16:04:50,BTCUSD_PERP,bid,60700,958.35
2024-08-23 16:04:51,BTCUSD_PERP,bid,60700,838.62
2024-08-23 16:04:51,BTCUSD_PERP,bid,60700,779.06
2024-08-23 16:04:51,BTCUSD_PERP,bid,60700,718.89
2024-08-23 16:04:51,BTCUSD_PERP,bid,60700,659.33
2024-08-23 16:04:51,BTCUSD_PERP,bid,60700,539.6
2024-08-23 16:06:39,BTCUSD_PERP,bid,60700,719.5
2024-08-23 16:06:39,BTCUSD_PERP,bid,60700,898.79
2024-08-23 16:06:40,BTCUSD_PERP,bid,60700,958.35
2024-08-23 16:15:46,BTCUSD_PERP,bid,60700,539.18
2024-08-23 16:15:46,BTCUSD_PERP,bid,60700,599.36
2024-08-23 16:15:46,BTCUSD_PERP,bid,60700,658.93
2024-08-23 16:15:47,BTCUSD_PERP,bid,60700,719.11
2024-08-23 16:24:23,BTCUSD_PERP,bid,60700,718.74
2024-08-23 16:24:23,BTCUSD_PERP,bid,60700,778.28
2024-08-23 16:25:09,BTCUSD_PERP,bid,60700,597.83
2024-08-23 16:25:09,BTCUSD_PERP,bid,60700,658.26
2024-08-23 16:25:36,BTCUSD_PERP,bid,60700,538.02
2024-08-23 16:25:36,BTCUSD_PERP,bid,60700,717.35
2024-08-23 16:27:22,BTCUSD_PERP,bid,60700,657.87
2024-08-23 16:27:22,BTCUSD_PERP,bid,60700,597.79
2024-08-23 16:27:23,BTCUSD_PERP,bid,60700,538.03
2024-08-23 16:27:23,BTCUSD_PERP,bid,60700,597.53
2024-08-23 16:27:24,BTCUSD_PERP,bid,60700,657.65
2024-08-23 16:27:24,BTCUSD_PERP,bid,60700,717.77
2024-08-23 16:28:46,BTCUSD_PERP,bid,60700,657.65
2024-08-23 16:28:49,BTCUSD_PERP,bid,60700,597.53
2024-08-23 16:29:00,BTCUSD_PERP,bid,60700,537.41
2024-08-23 16:29:26,BTCUSD_PERP,bid,60700,538.15
2024-08-23 16:29:26,BTCUSD_PERP,bid,60700,597.68
2024-08-23 16:29:26,BTCUSD_PERP,bid,60700,657.83
2024-08-23 16:29:26,BTCUSD_PERP,bid,60700,717.98
2024-08-23 16:29:26,BTCUSD_PERP,bid,60700,535.51
2024-08-23 16:29:26,BTCUSD_PERP,bid,60700,777.51
2024-08-23 16:30:30,BTCUSD_PERP,bid,60700,717.36
2024-08-23 16:30:30,BTCUSD_PERP,bid,60700,657.83
2024-08-23 16:30:30,BTCUSD_PERP,bid,60700,597.78
2024-08-23 16:30:30,BTCUSD_PERP,bid,60700,537.63
2024-08-23 16:30:31,BTCUSD_PERP,bid,60700,539.69
2024-08-23 16:30:31,BTCUSD_PERP,bid,60700,599.87
2024-08-23 16:30:31,BTCUSD_PERP,bid,60700,659.44
2024-08-23 16:33:12,BTCUSD_PERP,bid,60700,659.44
2024-08-23 16:33:57,BTCUSD_PERP,bid,60700,599.87
2024-08-23 16:33:58,BTCUSD_PERP,bid,60700,657.89
2024-08-23 16:33:58,BTCUSD_PERP,bid,60700,718.04
2024-08-23 16:36:41,BTCUSD_PERP,bid,60700,657.89
2024-08-23 16:38:34,BTCUSD_PERP,bid,60700,597.74
2024-08-23 16:38:34,BTCUSD_PERP,bid,60700,537.59
2024-08-23 16:38:35,BTCUSD_PERP,bid,60700,597.43
2024-08-23 16:39:50,BTCUSD_PERP,bid,60700,657.21
2024-08-23 14:26:07,BTCUSD_PERP,ask,61700,489.49
2024-08-23 14:29:16,BTCUSD_PERP,ask,61700,490.39
2024-08-23 14:30:34,BTCUSD_PERP,ask,61700,486.68
2024-08-23 14:30:37,BTCUSD_PERP,ask,61700,496.54
2024-08-23 14:30:37,BTCUSD_PERP,ask,61700,506.1
2024-08-23 14:30:38,BTCUSD_PERP,ask,61700,512.26
2024-08-23 14:30:39,BTCUSD_PERP,ask,61700,522.12
2024-08-23 14:30:43,BTCUSD_PERP,ask,61700,531.98
2024-08-23 14:31:34,BTCUSD_PERP,ask,61700,522.12
2024-08-23 14:31:34,BTCUSD_PERP,ask,61700,515.96
2024-08-23 14:31:36,BTCUSD_PERP,ask,61700,506.1
2024-08-23 14:31:37,BTCUSD_PERP,ask,61700,496.54
2024-08-23 14:31:38,BTCUSD_PERP,ask,61700,490.38
2024-08-23 14:39:44,BTCUSD_PERP,ask,61700,490.04
2024-08-23 14:39:44,BTCUSD_PERP,ask,61700,499.91
2024-08-23 14:39:48,BTCUSD_PERP,ask,61700,509.78
2024-08-23 14:39:54,BTCUSD_PERP,ask,61700,530.14
2024-08-23 14:39:58,BTCUSD_PERP,ask,61700,536.31
2024-08-23 14:40:40,BTCUSD_PERP,ask,61700,526.44
2024-08-23 14:40:41,BTCUSD_PERP,ask,61700,520.27
2024-08-23 14:40:42,BTCUSD_PERP,ask,61700,510.71
2024-08-23 14:40:43,BTCUSD_PERP,ask,61700,500.84
2024-08-23 14:40:44,BTCUSD_PERP,ask,61700,494.67
2024-08-23 14:57:51,BTCUSD_PERP,ask,61700,494.55
2024-08-23 14:57:51,BTCUSD_PERP,ask,61700,504.11
2024-08-23 14:57:53,BTCUSD_PERP,ask,61700,513.97
2024-08-23 14:57:59,BTCUSD_PERP,ask,61700,513.75
2024-08-23 14:58:10,BTCUSD_PERP,ask,61700,507.64
2024-08-23 14:58:51,BTCUSD_PERP,ask,61700,497.78
2024-08-23 14:58:51,BTCUSD_PERP,ask,61700,488.22
2024-08-23 16:25:15,BTCUSD_PERP,ask,61900,485.32
2024-08-23 16:25:18,BTCUSD_PERP,ask,61900,495.21
2024-08-23 16:25:41,BTCUSD_PERP,ask,61900,489.09
2024-08-23 16:25:45,BTCUSD_PERP,ask,61900,498.28
2024-08-23 20:40:01,BTCUSD_PERP,ask,61700,493.48
2024-08-23 20:40:12,BTCUSD_PERP,ask,61700,503.03
2024-08-23 21:02:50,BTCUSD_PERP,bid,61600,616.48
2024-08-23 21:02:53,BTCUSD_PERP,bid,61600,616.01
2024-08-23 21:02:53,BTCUSD_PERP,bid,61600,616.01
2024-08-23 21:02:55,BTCUSD_PERP,bid,61600,616.03
2024-08-23 21:02:55,BTCUSD_PERP,bid,61600,616.05
2024-08-23 21:02:55,BTCUSD_PERP,bid,61600,616.01
2024-08-23 21:02:55,BTCUSD_PERP,bid,61600,616.03
2024-08-23 21:02:55,BTCUSD_PERP,bid,61600,616.01
2024-08-23 21:02:56,BTCUSD_PERP,bid,61600,616.03
2024-08-23 21:02:56,BTCUSD_PERP,bid,61600,616.01
2024-08-23 21:02:57,BTCUSD_PERP,bid,61600,616.01
2024-08-23 21:02:57,BTCUSD_PERP,bid,61600,610.13
2024-08-23 21:02:57,BTCUSD_PERP,bid,61600,611.33
2024-08-23 21:02:58,BTCUSD_PERP,bid,61600,611.29
2024-08-23 21:02:58,BTCUSD_PERP,bid,61600,613.4
2024-08-23 21:02:58,BTCUSD_PERP,bid,61600,605.5
2024-08-23 21:02:58,BTCUSD_PERP,bid,61600,596.13
2024-08-23 21:02:59,BTCUSD_PERP,bid,61600,509.83
2024-08-23 21:02:59,BTCUSD_PERP,bid,61600,501.88
2024-08-23 21:15:03,BTCUSD_PERP,bid,61600,607.52
2024-08-23 21:15:06,BTCUSD_PERP,bid,61600,547.14
2024-08-23 21:15:12,BTCUSD_PERP,bid,61600,486.98
2024-08-23 21:15:12,BTCUSD_PERP,bid,61600,608.44
2024-08-23 21:15:18,BTCUSD_PERP,bid,61600,548.02
2024-08-23 21:15:19,BTCUSD_PERP,bid,61600,487.08
2024-08-23 21:15:24,BTCUSD_PERP,bid,61700,486.78
2024-08-23 21:15:59,BTCUSD_PERP,bid,61600,546.35
2024-08-23 21:16:00,BTCUSD_PERP,bid,61600,728.88
2024-08-23 21:16:00,BTCUSD_PERP,bid,61600,547.59
2024-08-23 21:30:36,BTCUSD_PERP,ask,61800,542.18
2024-08-23 21:30:36,BTCUSD_PERP,ask,61800,539.52
2024-08-23 21:30:36,BTCUSD_PERP,ask,61800,533.69
2024-08-23 21:30:36,BTCUSD_PERP,ask,61800,535.36
2024-08-23 21:30:37,BTCUSD_PERP,ask,61800,538.98
2024-08-23 21:30:37,BTCUSD_PERP,ask,61800,536.18
2024-08-23 21:30:37,BTCUSD_PERP,ask,61800,533.86
2024-08-23 21:30:37,BTCUSD_PERP,ask,61800,532.87
2024-08-23 21:30:37,BTCUSD_PERP,ask,61800,532.37
2024-08-23 21:30:38,BTCUSD_PERP,ask,61800,536.18
2024-08-23 21:30:38,BTCUSD_PERP,ask,61800,532.47
2024-08-23 21:30:38,BTCUSD_PERP,ask,61800,532.37
2024-08-23 21:30:38,BTCUSD_PERP,ask,61800,532.96
2024-08-23 21:30:38,BTCUSD_PERP,ask,61800,533.59
2024-08-23 21:30:39,BTCUSD_PERP,ask,61800,532.07
2024-08-23 21:30:40,BTCUSD_PERP,ask,61800,532.99
2024-08-23 21:30:40,BTCUSD_PERP,ask,61800,532.07
2024-08-23 19:34:10,BTCUSD_PERP,ask,61500,495.22
2024-08-23 19:34:14,BTCUSD_PERP,ask,61500,505.05
2024-08-23 19:34:14,BTCUSD_PERP,ask,61500,514.89
2024-08-23 19:34:14,BTCUSD_PERP,ask,61500,521.03
2024-08-23 19:34:20,BTCUSD_PERP,ask,61500,530.87
2024-08-23 19:34:23,BTCUSD_PERP,ask,61500,540.71
2024-08-23 19:34:25,BTCUSD_PERP,ask,61500,550.24
2024-08-23 19:34:27,BTCUSD_PERP,ask,61500,560.08
2024-08-23 19:34:29,BTCUSD_PERP,ask,61500,569.92
2024-08-23 19:34:42,BTCUSD_PERP,ask,61500,576.06
2024-08-23 19:34:46,BTCUSD_PERP,ask,61500,582.2
2024-08-23 19:34:48,BTCUSD_PERP,ask,61500,588.34
2024-08-23 19:34:49,BTCUSD_PERP,ask,61500,598.18
2024-08-23 19:34:49,BTCUSD_PERP,ask,61500,608.02
2024-08-23 19:34:54,BTCUSD_PERP,ask,61500,598.18
2024-08-23 19:35:10,BTCUSD_PERP,ask,61500,588.34
2024-08-23 19:35:14,BTCUSD_PERP,ask,61500,578.51
2024-08-23 19:35:15,BTCUSD_PERP,ask,61500,568.67
2024-08-23 19:35:20,BTCUSD_PERP,ask,61500,558.83
2024-08-23 19:35:23,BTCUSD_PERP,ask,61500,548.99
2024-08-23 19:35:25,BTCUSD_PERP,ask,61500,539.46
2024-08-23 19:35:27,BTCUSD_PERP,ask,61500,529.62
2024-08-23 19:35:27,BTCUSD_PERP,ask,61500,509.33
2024-08-23 19:35:29,BTCUSD_PERP,ask,61500,499.49
2024-08-23 19:35:37,BTCUSD_PERP,ask,61500,489.35
2024-08-23 20:22:09,BTCUSD_PERP,ask,61000,518.27
2024-08-23 21:03:05,BTCUSD_PERP,bid,61000,782.32
2024-08-23 21:03:06,BTCUSD_PERP,bid,61000,842.78
2024-08-23 21:03:06,BTCUSD_PERP,bid,61000,601.55
2024-08-23 21:03:11,BTCUSD_PERP,bid,61000,542.39
2024-08-23 21:03:11,BTCUSD_PERP,bid,61000,602.87
2024-08-23 21:03:28,BTCUSD_PERP,bid,61000,739.11
2024-08-23 21:03:29,BTCUSD_PERP,bid,61000,799.51
2024-08-23 21:03:36,BTCUSD_PERP,bid,61000,679.32
2024-08-23 21:03:36,BTCUSD_PERP,bid,61000,619.53
2024-08-23 21:03:36,BTCUSD_PERP,bid,61000,559.74
2024-08-23 21:03:36,BTCUSD_PERP,bid,61000,499.44
2024-08-23 21:03:38,BTCUSD_PERP,bid,61000,542.28
2024-08-23 21:03:38,BTCUSD_PERP,bid,60900,736.38
2024-08-23 21:03:38,BTCUSD_PERP,bid,60900,796.75
2024-08-23 21:03:57,BTCUSD_PERP,bid,60900,677.23
2024-08-23 21:03:57,BTCUSD_PERP,bid,60900,616.86
2024-08-23 21:03:58,BTCUSD_PERP,bid,60900,556.59
2024-08-23 21:03:58,BTCUSD_PERP,bid,61000,541.67
2024-08-23 21:03:59,BTCUSD_PERP,bid,61000,662.47
2024-08-23 21:04:05,BTCUSD_PERP,bid,61000,602.07
2024-08-23 21:04:05,BTCUSD_PERP,bid,61000,541.67
2024-08-23 21:04:07,BTCUSD_PERP,bid,61000,541.37
2024-08-23 21:04:07,BTCUSD_PERP,bid,61000,662.23
2024-08-23 21:04:07,BTCUSD_PERP,bid,61000,722.06
2024-08-23 21:04:08,BTCUSD_PERP,bid,61000,661.31
2024-08-23 21:04:08,BTCUSD_PERP,bid,61000,721.72
2024-08-23 21:04:46,BTCUSD_PERP,bid,61000,661.31
2024-08-23 21:04:47,BTCUSD_PERP,bid,61000,600.9
2024-08-23 21:04:47,BTCUSD_PERP,bid,61000,540.59
2024-08-23 21:05:29,BTCUSD_PERP,bid,61100,541.97
2024-08-23 21:05:45,BTCUSD_PERP,bid,61000,541.69
2024-08-23 21:05:57,BTCUSD_PERP,bid,61000,542.1
2024-08-23 21:05:57,BTCUSD_PERP,bid,61000,662.98
2024-08-23 21:06:00,BTCUSD_PERP,bid,61000,542.72
2024-08-23 21:06:01,BTCUSD_PERP,bid,61000,962.74
2024-08-23 21:06:01,BTCUSD_PERP,bid,61000,1023.14
2024-08-23 21:06:06,BTCUSD_PERP,bid,61000,722.97
2024-08-23 21:06:06,BTCUSD_PERP,bid,60900,901.89
2024-08-23 21:06:06,BTCUSD_PERP,bid,60900,1022.02
2024-08-23 21:06:06,BTCUSD_PERP,bid,60900,1082.39
2024-08-23 21:06:08,BTCUSD_PERP,bid,60900,840.91
2024-08-23 21:06:08,BTCUSD_PERP,bid,60900,781.24
2024-08-23 21:06:08,BTCUSD_PERP,bid,60900,961.62
2024-08-23 21:06:08,BTCUSD_PERP,bid,60900,1021.95
2024-08-23 21:06:09,BTCUSD_PERP,bid,60900,541.14
2024-08-23 21:06:09,BTCUSD_PERP,bid,60900,1020.83
2024-08-23 21:06:09,BTCUSD_PERP,bid,60900,1081.13
2024-08-23 21:06:11,BTCUSD_PERP,bid,60800,722.23
2024-08-23 21:06:11,BTCUSD_PERP,bid,60800,1032.45
2024-08-23 21:06:11,BTCUSD_PERP,bid,60800,1092.71
2024-08-23 21:06:29,BTCUSD_PERP,bid,60800,1033.06
2024-08-23 21:06:30,BTCUSD_PERP,bid,60800,972.8
2024-08-23 21:06:30,BTCUSD_PERP,bid,60800,913.15
2024-08-23 21:06:30,BTCUSD_PERP,bid,60800,852.89
2024-08-23 21:06:30,BTCUSD_PERP,bid,60800,792.63
2024-08-23 21:06:30,BTCUSD_PERP,bid,60800,732.98
2024-08-23 21:06:30,BTCUSD_PERP,bid,60800,673.33
2024-08-23 21:06:30,BTCUSD_PERP,bid,60800,613.68
2024-08-23 21:06:31,BTCUSD_PERP,bid,60900,540.26
2024-08-23 21:06:31,BTCUSD_PERP,bid,60900,599.95
2024-08-23 21:06:31,BTCUSD_PERP,bid,60900,780.24
2024-08-23 21:06:33,BTCUSD_PERP,bid,60900,659.64
2024-08-23 21:06:33,BTCUSD_PERP,bid,60900,539.04
2024-08-23 21:07:50,BTCUSD_PERP,bid,61100,541.83
2024-08-23 21:07:57,BTCUSD_PERP,bid,61100,723.6
2024-08-23 21:07:57,BTCUSD_PERP,bid,61100,784.11
2024-08-23 21:08:07,BTCUSD_PERP,bid,61100,663.09
2024-08-23 21:08:08,BTCUSD_PERP,bid,61000,672.79
2024-08-23 21:08:08,BTCUSD_PERP,bid,61000,733.25
2024-08-23 21:08:12,BTCUSD_PERP,bid,61000,612.33
2024-08-23 21:08:14,BTCUSD_PERP,bid,61100,542.75
2024-08-23 21:08:29,BTCUSD_PERP,bid,61100,545.19
2024-08-23 21:09:20,BTCUSD_PERP,bid,61200,543.0
2024-08-23 21:09:21,BTCUSD_PERP,bid,61200,603.62
2024-08-23 21:09:21,BTCUSD_PERP,bid,61200,663.62
2024-08-23 21:10:38,BTCUSD_PERP,bid,61200,544.26
2024-08-23 21:10:38,BTCUSD_PERP,bid,61200,604.94
2024-08-23 21:10:50,BTCUSD_PERP,bid,61200,544.26
2024-08-23 21:12:29,BTCUSD_PERP,bid,61300,544.52
2024-08-23 21:12:35,BTCUSD_PERP,bid,61300,544.82
2024-08-23 21:12:35,BTCUSD_PERP,bid,61300,665.71
2024-08-23 21:12:39,BTCUSD_PERP,bid,61300,605.06
2024-08-23 21:12:39,BTCUSD_PERP,bid,61300,544.92
2024-08-23 21:13:35,BTCUSD_PERP,bid,61500,605.94
2024-08-23 21:13:36,BTCUSD_PERP,bid,61500,666.84
2024-08-23 21:13:41,BTCUSD_PERP,bid,61500,545.66
2024-08-23 21:16:44,BTCUSD_PERP,bid,61400,546.36
2024-08-23 21:16:44,BTCUSD_PERP,bid,61400,667.31
2024-08-23 21:16:44,BTCUSD_PERP,bid,61400,728.09
2024-08-23 21:16:48,BTCUSD_PERP,bid,61400,547.07
2024-08-23 21:16:51,BTCUSD_PERP,bid,61300,498.58
2024-08-23 21:16:54,BTCUSD_PERP,bid,61200,617.39
2024-08-23 21:16:55,BTCUSD_PERP,bid,61200,677.99
2024-08-23 21:17:00,BTCUSD_PERP,bid,61200,618.0
2024-08-23 21:17:00,BTCUSD_PERP,bid,61200,496.8
2024-08-23 21:17:36,BTCUSD_PERP,bid,61000,662.47
2024-08-23 21:17:37,BTCUSD_PERP,bid,61000,543.38
2024-08-23 21:17:45,BTCUSD_PERP,bid,61000,782.18
2024-08-23 21:17:45,BTCUSD_PERP,bid,61000,841.98
2024-08-23 21:17:45,BTCUSD_PERP,bid,60900,526.95
2024-08-23 21:17:45,BTCUSD_PERP,bid,61000,661.36
2024-08-23 21:18:35,BTCUSD_PERP,ask,61500,577.28
2024-08-23 21:18:35,BTCUSD_PERP,ask,61500,577.3
2024-08-23 21:18:36,BTCUSD_PERP,ask,61500,577.15
2024-08-23 21:18:36,BTCUSD_PERP,ask,61500,577.27
2024-08-23 21:18:36,BTCUSD_PERP,ask,61500,577.37
2024-08-23 21:18:36,BTCUSD_PERP,ask,61500,569.37
2024-08-23 21:18:36,BTCUSD_PERP,ask,61500,572.88
2024-08-23 21:18:36,BTCUSD_PERP,ask,61500,575.96
2024-08-23 21:18:37,BTCUSD_PERP,ask,61500,571.9
2024-08-23 21:18:37,BTCUSD_PERP,ask,61500,571.8
2024-08-23 21:18:37,BTCUSD_PERP,ask,61500,564.38
2024-08-23 21:18:38,BTCUSD_PERP,ask,61500,563.98
2024-08-23 21:18:38,BTCUSD_PERP,ask,61500,558.55
2024-08-23 21:18:41,BTCUSD_PERP,bid,61000,915.97
2024-08-23 21:18:42,BTCUSD_PERP,bid,61000,554.85
2024-08-23 21:18:42,BTCUSD_PERP,bid,60900,840.53
2024-08-23 21:18:42,BTCUSD_PERP,bid,60900,900.88
2024-08-23 21:18:46,BTCUSD_PERP,ask,61500,558.89
2024-08-23 21:18:46,BTCUSD_PERP,bid,60900,721.05
2024-08-23 21:18:47,BTCUSD_PERP,bid,60900,602.43
2024-08-23 21:18:47,BTCUSD_PERP,ask,61500,558.49
2024-08-23 21:18:55,BTCUSD_PERP,bid,60800,539.98
2024-08-23 21:18:57,BTCUSD_PERP,ask,61500,558.49
2024-08-23 21:19:00,BTCUSD_PERP,ask,61500,578.63
2024-08-23 21:19:00,BTCUSD_PERP,ask,61500,578.64
2024-08-23 21:19:04,BTCUSD_PERP,ask,61500,559.94
2024-08-23 21:19:04,BTCUSD_PERP,ask,61500,558.49
2024-08-23 21:19:04,BTCUSD_PERP,ask,61500,558.5
2024-08-23 21:19:11,BTCUSD_PERP,ask,61500,558.94
2024-08-23 21:19:22,BTCUSD_PERP,bid,60900,541.04
2024-08-23 21:19:22,BTCUSD_PERP,ask,61500,559.78
2024-08-23 21:19:22,BTCUSD_PERP,bid,60900,601.37
2024-08-23 21:19:25,BTCUSD_PERP,ask,61500,578.64
2024-08-23 21:19:25,BTCUSD_PERP,ask,61500,558.5
2024-08-23 21:19:31,BTCUSD_PERP,bid,60900,601.07
2024-08-23 21:19:32,BTCUSD_PERP,bid,60900,781.36
2024-08-23 21:19:34,BTCUSD_PERP,bid,60900,721.67
2024-08-23 21:19:34,BTCUSD_PERP,bid,60900,601.07
2024-08-23 21:19:34,BTCUSD_PERP,bid,60900,540.77
2024-08-23 21:20:21,BTCUSD_PERP,bid,61000,541.68
2024-08-23 21:20:33,BTCUSD_PERP,bid,60900,784.18
2024-08-23 21:20:33,BTCUSD_PERP,bid,60900,1023.75
2024-08-23 21:20:34,BTCUSD_PERP,bid,60900,662.97
2024-08-23 21:20:34,BTCUSD_PERP,bid,60900,603.23
2024-08-23 21:20:35,BTCUSD_PERP,bid,60900,542.88
2024-08-23 21:20:40,BTCUSD_PERP,bid,60900,541.29
2024-08-23 21:21:44,BTCUSD_PERP,bid,60900,542.1
2024-08-23 21:21:44,BTCUSD_PERP,bid,60900,662.25
2024-08-23 21:21:44,BTCUSD_PERP,bid,60900,722.02
2024-08-23 21:21:44,BTCUSD_PERP,bid,60900,782.4
2024-08-23 21:21:44,BTCUSD_PERP,bid,60900,961.71
2024-08-23 21:21:51,BTCUSD_PERP,bid,60900,901.94
2024-08-23 21:21:51,BTCUSD_PERP,bid,60900,842.17
2024-08-23 21:21:52,BTCUSD_PERP,bid,60900,722.02
2024-08-23 21:21:52,BTCUSD_PERP,bid,60900,541.49
2024-08-23 21:21:53,BTCUSD_PERP,bid,61000,541.76
2024-08-23 21:22:04,BTCUSD_PERP,bid,60900,661.74
2024-08-23 21:22:05,BTCUSD_PERP,bid,60900,781.79
2024-08-23 21:22:07,BTCUSD_PERP,bid,60900,601.26
2024-08-23 21:22:07,BTCUSD_PERP,bid,60900,540.88
2024-08-23 21:22:50,BTCUSD_PERP,bid,61100,543.64
2024-08-23 21:23:04,BTCUSD_PERP,bid,61200,496.14
2024-08-23 21:23:04,BTCUSD_PERP,bid,61200,556.12
2024-08-23 21:23:46,BTCUSD_PERP,bid,61200,543.89
2024-08-23 21:24:06,BTCUSD_PERP,bid,61300,543.63
2024-08-23 21:24:10,BTCUSD_PERP,bid,61200,543.32
2024-08-23 21:25:08,BTCUSD_PERP,bid,61200,543.45
2024-08-23 21:25:09,BTCUSD_PERP,bid,61200,604.12
2024-08-23 21:25:36,BTCUSD_PERP,bid,61200,915.86
2024-08-23 21:25:36,BTCUSD_PERP,bid,61200,976.48
2024-08-23 21:25:44,BTCUSD_PERP,bid,61200,675.21
2024-08-23 21:25:44,BTCUSD_PERP,bid,61100,528.44
2024-08-23 21:25:54,BTCUSD_PERP,bid,61200,543.84
2024-08-23 21:26:29,BTCUSD_PERP,bid,61200,543.5
2024-08-23 21:26:29,BTCUSD_PERP,bid,61200,603.55
2024-08-23 21:26:29,BTCUSD_PERP,bid,61200,663.6
2024-08-23 21:26:29,BTCUSD_PERP,bid,61200,723.65
2024-08-23 21:27:11,BTCUSD_PERP,bid,61200,663.6
2024-08-23 21:27:11,BTCUSD_PERP,bid,61200,602.94
2024-08-23 21:27:12,BTCUSD_PERP,bid,61200,723.29
2024-08-23 21:27:12,BTCUSD_PERP,bid,61200,783.92
2024-08-23 21:27:16,BTCUSD_PERP,bid,61200,723.9
2024-08-23 21:27:17,BTCUSD_PERP,bid,61200,663.88
2024-08-23 21:27:17,BTCUSD_PERP,bid,61200,543.84
2024-08-23 21:29:19,BTCUSD_PERP,bid,61300,543.88
2024-08-23 21:29:19,BTCUSD_PERP,bid,61300,604.65
2024-08-23 21:29:44,BTCUSD_PERP,bid,61300,604.3
2024-08-23 21:29:57,BTCUSD_PERP,bid,61300,544.18
2024-08-23 21:29:57,BTCUSD_PERP,bid,61300,543.2
2024-08-23 21:29:57,BTCUSD_PERP,bid,61300,603.9
2024-08-23 21:30:13,BTCUSD_PERP,bid,61300,494.28
2024-08-23 21:30:13,BTCUSD_PERP,bid,61300,555.02
2024-08-23 21:30:13,BTCUSD_PERP,bid,61300,615.76
2024-08-23 21:30:13,BTCUSD_PERP,bid,61300,797.36
2024-08-23 21:30:13,BTCUSD_PERP,bid,61300,858.1
2024-08-23 21:30:14,BTCUSD_PERP,bid,61300,918.84
2024-08-23 21:30:14,BTCUSD_PERP,bid,61300,1039.6
2024-08-23 21:30:21,BTCUSD_PERP,bid,61300,858.0
2024-08-23 21:30:21,BTCUSD_PERP,bid,61300,737.76
2024-08-23 21:30:21,BTCUSD_PERP,bid,61300,677.02
2024-08-23 21:30:28,BTCUSD_PERP,bid,61300,616.28
2024-08-23 21:30:28,BTCUSD_PERP,bid,61300,555.54
2024-08-23 21:30:28,BTCUSD_PERP,bid,61300,495.42
2024-08-23 21:30:41,BTCUSD_PERP,bid,61300,604.56
2024-08-23 21:30:41,BTCUSD_PERP,bid,61300,725.98
2024-08-23 21:30:41,BTCUSD_PERP,bid,61300,786.69
2024-08-23 21:30:42,BTCUSD_PERP,bid,61300,605.27
2024-08-23 21:30:42,BTCUSD_PERP,bid,61300,544.56
2024-08-23 21:30:42,BTCUSD_PERP,bid,61300,544.3
2024-08-23 21:31:09,BTCUSD_PERP,bid,61200,603.6
2024-08-23 21:31:09,BTCUSD_PERP,bid,61200,724.96
2024-08-23 21:31:09,BTCUSD_PERP,bid,61200,785.64
2024-08-23 21:31:14,BTCUSD_PERP,bid,61200,724.96
2024-08-23 21:31:14,BTCUSD_PERP,bid,61200,663.95
2024-08-23 21:31:14,BTCUSD_PERP,bid,61200,724.6
2024-08-23 21:31:15,BTCUSD_PERP,bid,61200,604.54
2024-08-23 21:31:15,BTCUSD_PERP,bid,61200,544.51
2024-08-23 21:31:16,BTCUSD_PERP,bid,61200,543.58
2024-08-23 21:31:16,BTCUSD_PERP,bid,61200,604.26
2024-08-23 21:31:16,BTCUSD_PERP,bid,61200,664.94
2024-08-23 21:31:16,BTCUSD_PERP,bid,61200,725.62
2024-08-23 21:31:17,BTCUSD_PERP,bid,61200,786.3
2024-08-23 21:31:17,BTCUSD_PERP,bid,61200,664.94
2024-08-23 21:31:18,BTCUSD_PERP,bid,61200,604.26
2024-08-23 21:32:02,BTCUSD_PERP,bid,61200,605.19
2024-08-23 21:32:04,BTCUSD_PERP,bid,61200,544.54
2024-08-23 21:32:34,BTCUSD_PERP,bid,61200,602.7
2024-08-23 21:32:34,BTCUSD_PERP,bid,61200,663.29
2024-08-23 21:32:39,BTCUSD_PERP,bid,61100,665.4
2024-08-23 21:32:39,BTCUSD_PERP,bid,61100,846.44
2024-08-23 21:32:51,BTCUSD_PERP,bid,61100,725.95
2024-08-23 21:32:52,BTCUSD_PERP,bid,61000,722.17
2024-08-23 21:32:59,BTCUSD_PERP,bid,61000,661.69
2024-08-23 21:33:00,BTCUSD_PERP,bid,61000,601.82
2024-08-23 21:34:25,BTCUSD_PERP,bid,61200,542.88
2024-08-23 21:34:36,BTCUSD_PERP,bid,61200,545.13
2024-08-23 21:34:36,BTCUSD_PERP,bid,61200,605.74
2024-08-23 21:34:58,BTCUSD_PERP,bid,61100,542.37
2024-08-23 21:34:59,BTCUSD_PERP,bid,61100,602.3
2024-08-23 21:35:02,BTCUSD_PERP,bid,61100,553.12
2024-08-23 21:35:03,BTCUSD_PERP,bid,61100,543.61
2024-08-23 21:35:05,BTCUSD_PERP,bid,61100,493.2
2024-08-23 21:35:05,BTCUSD_PERP,bid,61100,542.64
2024-08-23 21:35:16,BTCUSD_PERP,bid,61000,542.43
2024-08-23 21:35:50,BTCUSD_PERP,bid,61200,663.44
2024-08-23 21:35:51,BTCUSD_PERP,bid,61200,723.42
2024-08-23 21:36:05,BTCUSD_PERP,bid,61200,662.83
2024-08-23 21:36:05,BTCUSD_PERP,bid,61200,602.85
2024-08-23 21:36:05,BTCUSD_PERP,bid,61200,542.87
2024-08-23 21:36:06,BTCUSD_PERP,bid,61200,543.15
2024-08-23 21:36:06,BTCUSD_PERP,bid,61200,603.16
2024-08-23 21:36:06,BTCUSD_PERP,bid,61200,663.78
2024-08-23 21:36:06,BTCUSD_PERP,bid,61200,724.4
2024-08-23 21:36:06,BTCUSD_PERP,bid,61200,785.02
2024-08-23 21:36:16,BTCUSD_PERP,bid,61200,543.35
2024-08-23 21:36:17,BTCUSD_PERP,bid,61200,905.65
2024-08-23 21:36:17,BTCUSD_PERP,bid,61200,966.24
2024-08-23 21:36:35,BTCUSD_PERP,bid,61200,603.94
2024-08-23 21:38:29,BTCUSD_PERP,bid,61000,902.48
2024-08-23 21:38:33,BTCUSD_PERP,bid,61000,601.45
2024-08-23 21:38:33,BTCUSD_PERP,bid,61000,541.61
2024-08-23 21:38:36,BTCUSD_PERP,bid,61000,541.61
2024-08-23 21:38:36,BTCUSD_PERP,bid,61000,601.45
2024-08-23 21:39:23,BTCUSD_PERP,bid,61100,542.59
2024-08-23 21:39:23,BTCUSD_PERP,bid,61100,602.47
2024-08-23 21:39:23,BTCUSD_PERP,bid,61100,722.84
2024-08-23 21:39:23,BTCUSD_PERP,bid,61100,782.72
2024-08-23 21:39:24,BTCUSD_PERP,bid,61100,843.21
2024-08-23 21:39:33,BTCUSD_PERP,bid,61100,782.72
2024-08-23 21:39:33,BTCUSD_PERP,bid,61100,722.84
2024-08-23 21:39:33,BTCUSD_PERP,bid,61100,662.96
2024-08-23 21:39:33,BTCUSD_PERP,bid,61100,602.47
2024-08-23 21:39:33,BTCUSD_PERP,bid,61100,496.83
2024-08-23 21:39:39,BTCUSD_PERP,bid,61000,648.44
2024-08-23 21:39:39,BTCUSD_PERP,bid,61100,673.14
2024-08-23 21:39:39,BTCUSD_PERP,bid,61000,528.2
2024-08-23 21:39:39,BTCUSD_PERP,bid,61000,528.17
2024-08-23 21:39:39,BTCUSD_PERP,bid,61100,733.64
2024-08-23 21:40:07,BTCUSD_PERP,bid,61100,673.24
2024-08-23 21:40:07,BTCUSD_PERP,bid,61000,542.31
2024-08-23 21:40:07,BTCUSD_PERP,bid,61000,598.05
2024-08-23 21:40:07,BTCUSD_PERP,bid,61000,663.23
2024-08-23 21:40:07,BTCUSD_PERP,bid,61000,723.69
2024-08-23 21:40:15,BTCUSD_PERP,bid,61000,491.84
2024-08-23 21:40:34,BTCUSD_PERP,bid,61000,542.31
2024-08-23 21:40:34,BTCUSD_PERP,bid,61000,602.77
2024-08-23 21:41:05,BTCUSD_PERP,bid,61000,541.34
2024-08-23 21:41:05,BTCUSD_PERP,bid,61000,662.18
2024-08-23 21:41:05,BTCUSD_PERP,bid,61000,722.6
2024-08-23 21:41:23,BTCUSD_PERP,bid,61000,662.18
2024-08-23 21:41:23,BTCUSD_PERP,bid,61000,601.76
2024-08-23 21:41:41,BTCUSD_PERP,bid,61000,615.65
2024-08-23 21:41:47,BTCUSD_PERP,bid,61000,555.83
2024-08-23 21:41:47,BTCUSD_PERP,bid,61000,495.4
2024-08-23 21:41:58,BTCUSD_PERP,bid,61000,491.74
2024-08-23 21:45:17,BTCUSD_PERP,bid,61100,541.35
2024-08-23 21:45:17,BTCUSD_PERP,bid,61100,601.85
2024-08-23 21:45:43,BTCUSD_PERP,bid,61000,541.08
2024-08-23 21:45:43,BTCUSD_PERP,bid,61000,601.55
2024-08-23 21:46:20,BTCUSD_PERP,bid,61000,541.33
2024-08-23 21:46:24,BTCUSD_PERP,bid,60900,494.86
2024-08-23 21:47:02,BTCUSD_PERP,bid,60900,720.48
2024-08-23 21:47:02,BTCUSD_PERP,bid,60900,780.21
2024-08-23 21:47:02,BTCUSD_PERP,bid,60900,840.56
2024-08-23 21:47:12,BTCUSD_PERP,bid,60900,780.83
2024-08-23 21:47:17,BTCUSD_PERP,bid,60900,900.9
2024-08-23 21:47:17,BTCUSD_PERP,bid,60900,961.21
2024-08-23 21:47:21,BTCUSD_PERP,bid,60900,781.5
2024-08-23 21:47:21,BTCUSD_PERP,bid,60800,841.42
2024-08-23 21:47:21,BTCUSD_PERP,bid,60800,901.7
2024-08-23 21:47:22,BTCUSD_PERP,bid,60800,961.98
2024-08-23 21:47:27,BTCUSD_PERP,bid,60800,541.85
2024-08-23 21:47:27,BTCUSD_PERP,bid,60800,660.2
2024-08-23 21:47:28,BTCUSD_PERP,bid,60800,720.44
2024-08-23 21:47:30,BTCUSD_PERP,bid,60800,599.96
2024-08-23 21:47:30,BTCUSD_PERP,bid,60800,659.77
2024-08-23 21:47:30,BTCUSD_PERP,bid,60800,719.98
