2024-08-16 07:00:00,SOLUSDT,bid,120,24301.25
2024-08-16 07:00:07,SOLUSDT,ask,185,17413.44
2024-08-16 07:00:13,SOLUSDT,ask,152,16471.897
2024-08-16 07:00:13,SOLUSDT,ask,155,8701.754
2024-08-16 07:00:15,SOLUSDT,bid,121,8524.331
2024-08-16 07:00:19,SOLUSDT,bid,130,17933.919
2024-08-16 07:00:20,SOLUSDT,bid,135,26764.028
2024-08-16 07:00:25,SOLUSDT,ask,200,44723.52
2024-08-16 07:00:28,SOLUSDT,bid,120,24300.25
2024-08-16 07:00:34,SOLUSDT,bid,138,28103.643
2024-08-16 07:00:48,SOLUSDT,bid,120,24299.25
2024-08-16 07:00:48,SOLUSDT,bid,135,26765.028
2024-08-16 07:00:49,SOLUSDT,ask,220,12046.45
2024-08-16 07:00:52,SOLUSDT,ask,152,16451.917
2024-08-16 07:01:02,SOLUSDT,bid,121,8521.987
2024-08-16 07:01:05,SOLUSDT,ask,150,11551.253
2024-08-16 07:01:15,SOLUSDT,ask,152,16481.887
2024-08-16 07:01:23,SOLUSDT,bid,125,18847.558
2024-08-16 07:01:34,SOLUSDT,bid,135,26762.71
2024-08-16 07:01:37,SOLUSDT,bid,130,17936.702
2024-08-16 07:01:38,SOLUSDT,ask,151,6828.376
2024-08-16 07:01:44,SOLUSDT,bid,125,18848.894
2024-08-16 07:01:46,SOLUSDT,bid,121,8517.693
2024-08-16 07:01:53,SOLUSDT,bid,80,29515.026
2024-08-16 07:02:01,SOLUSDT,bid,125,18848.493
2024-08-16 07:02:07,SOLUSDT,ask,165,15812.688
2024-08-16 07:02:10,SOLUSDT,bid,138,28008.023
2024-08-16 07:02:30,SOLUSDT,bid,121,8521.825
2024-08-16 07:02:32,SOLUSDT,bid,130,17950.75
2024-08-16 07:02:33,SOLUSDT,bid,135,26764.903
2024-08-16 07:02:33,SOLUSDT,ask,150,11552.183
2024-08-16 07:02:35,SOLUSDT,ask,199,5025.307
2024-08-16 07:02:43,SOLUSDT,bid,130,17985.75
2024-08-16 07:02:43,SOLUSDT,bid,130,17839.643
2024-08-16 07:02:46,SOLUSDT,bid,120,24317.364
2024-08-16 07:02:50,SOLUSDT,bid,135,26762.71
2024-08-16 07:02:52,SOLUSDT,ask,150,11556.303
2024-08-16 07:03:07,SOLUSDT,bid,135,26761.599
2024-08-16 07:03:12,SOLUSDT,bid,111,14789.716
2024-08-16 07:03:19,SOLUSDT,bid,100,37299.41
2024-08-16 07:03:21,SOLUSDT,bid,130,18158.461
2024-08-16 07:03:29,SOLUSDT,ask,150,11472.315
2024-08-16 07:03:36,SOLUSDT,bid,130,18145.333
2024-08-16 07:03:55,SOLUSDT,bid,125,18847.493
2024-08-16 07:03:57,SOLUSDT,bid,130,18144.333
2024-08-16 07:03:58,SOLUSDT,bid,135,26760.599
2024-08-16 07:04:02,SOLUSDT,bid,130,18094.333
2024-08-16 07:04:04,SOLUSDT,bid,80,29665.026
2024-08-16 07:04:17,SOLUSDT,ask,152,16470.271
2024-08-16 07:04:17,SOLUSDT,ask,160,24982.478
2024-08-16 07:04:39,SOLUSDT,bid,130,18061.923
2024-08-16 07:04:42,SOLUSDT,bid,130,18011.933
2024-08-16 07:04:45,SOLUSDT,bid,130,15669.575
2024-08-16 07:04:54,SOLUSDT,ask,150,11475.813
2024-08-16 07:05:06,SOLUSDT,ask,150,11475.713
2024-08-16 07:05:25,SOLUSDT,ask,155,8707.08
2024-08-16 07:05:32,SOLUSDT,ask,160,24984.581
2024-08-16 07:06:28,SOLUSDT,bid,115,20649.028
2024-08-16 07:06:28,SOLUSDT,ask,151,6828.087
2024-08-16 07:06:28,SOLUSDT,ask,160,24984.309
2024-08-16 07:06:30,SOLUSDT,ask,152,16470.218
2024-08-16 07:06:52,SOLUSDT,ask,170,11791.932
2024-08-16 07:06:52,SOLUSDT,bid,125,18851.493
2024-08-16 07:06:54,SOLUSDT,bid,135,26759.61
2024-08-16 07:07:04,SOLUSDT,ask,150,11466.857
2024-08-16 07:07:12,SOLUSDT,ask,160,24988.605
2024-08-16 07:07:20,SOLUSDT,bid,130,15827.671
2024-08-16 07:07:26,SOLUSDT,ask,150,11385.767
2024-08-16 07:07:28,SOLUSDT,ask,150,11385.189
2024-08-16 07:07:32,SOLUSDT,ask,152,15948.319
2024-08-16 07:07:37,SOLUSDT,ask,190,24073.885
2024-08-16 07:07:39,SOLUSDT,bid,110,27499.025
2024-08-16 07:07:41,SOLUSDT,bid,110,27498.598
2024-08-16 07:07:43,SOLUSDT,ask,190,24073.762
2024-08-16 07:07:52,SOLUSDT,ask,190,24073.885
2024-08-16 07:08:18,SOLUSDT,bid,130,15830.043
2024-08-16 07:08:20,SOLUSDT,bid,130,16226.28
2024-08-16 07:08:22,SOLUSDT,bid,135,26749.61
2024-08-16 07:08:22,SOLUSDT,bid,110,27508.598
2024-08-16 07:08:24,SOLUSDT,ask,158,14812.157
2024-08-16 07:08:28,SOLUSDT,bid,100,37298.809
2024-08-16 07:08:29,SOLUSDT,ask,150,11398.009
2024-08-16 07:08:47,SOLUSDT,ask,161,15561.511
2024-08-16 07:08:48,SOLUSDT,bid,100,37296.809
2024-08-16 07:08:50,SOLUSDT,bid,120,24315.698
2024-08-16 07:08:54,SOLUSDT,bid,110,27506.78
2024-08-16 07:08:56,SOLUSDT,bid,135,26679.163
2024-08-16 07:08:57,SOLUSDT,ask,152,15940.374
2024-08-16 07:09:03,SOLUSDT,ask,150,11391.526
2024-08-16 07:09:09,SOLUSDT,ask,150,11390.522
2024-08-16 07:09:12,SOLUSDT,bid,135,26680.163
2024-08-16 07:09:23,SOLUSDT,bid,100,37306.809
2024-08-16 07:09:26,SOLUSDT,ask,150,11393.519
2024-08-16 07:09:31,SOLUSDT,ask,180,21802.73
2024-08-16 07:09:34,SOLUSDT,bid,130,16227.818
2024-08-16 07:09:34,SOLUSDT,bid,110,27515.87
2024-08-16 07:09:37,SOLUSDT,bid,135,26710.163
2024-08-16 07:09:39,SOLUSDT,bid,118,9559.718
2024-08-16 07:09:47,SOLUSDT,bid,112,9700.778
2024-08-16 07:09:50,SOLUSDT,bid,135,26611.406
2024-08-16 07:09:51,SOLUSDT,bid,131,9425.421
2024-08-16 07:09:59,SOLUSDT,bid,121,8506.825
2024-08-16 07:10:00,SOLUSDT,bid,120,24319.864
2024-08-16 07:10:06,SOLUSDT,bid,125,18852.293
2024-08-16 07:10:10,SOLUSDT,ask,220,12046.51
2024-08-16 07:10:11,SOLUSDT,bid,118,9563.955
2024-08-16 07:10:17,SOLUSDT,bid,135,26581.406
2024-08-16 07:10:45,SOLUSDT,bid,132,7887.362
2024-08-16 07:10:49,SOLUSDT,bid,135,26611.406
2024-08-16 07:10:50,SOLUSDT,ask,160,24989.23
2024-08-16 07:10:59,SOLUSDT,ask,165,15808.688
2024-08-16 07:11:11,SOLUSDT,bid,132,7937.863
2024-08-16 07:11:13,SOLUSDT,ask,160,24988.605
2024-08-16 07:11:23,SOLUSDT,bid,115,20664.028
2024-08-16 07:11:28,SOLUSDT,bid,131,9426.634
2024-08-16 07:11:28,SOLUSDT,bid,125,18860.285
2024-08-16 07:11:31,SOLUSDT,bid,125,18864.285
2024-08-16 07:11:39,SOLUSDT,bid,130,16226.386
2024-08-16 07:11:42,SOLUSDT,bid,130,16225.386
2024-08-16 07:11:54,SOLUSDT,ask,150,11393.646
2024-08-16 07:11:57,SOLUSDT,ask,160,24992.69
2024-08-16 07:12:01,SOLUSDT,bid,130,16219.286
2024-08-16 07:12:08,SOLUSDT,bid,130,16270.564
2024-08-16 07:12:13,SOLUSDT,bid,111,14786.25
2024-08-16 07:12:17,SOLUSDT,ask,152,15951.004
2024-08-16 07:12:17,SOLUSDT,ask,155,8705.082
2024-08-16 07:12:24,SOLUSDT,bid,130,16273.523
2024-08-16 07:13:23,SOLUSDT,ask,150,11393.985
2024-08-16 07:13:48,SOLUSDT,bid,135,26628.651
2024-08-16 07:13:50,SOLUSDT,bid,135,26629.391
2024-08-16 07:13:53,SOLUSDT,ask,175,14241.227
2024-08-16 07:13:55,SOLUSDT,bid,110,27517.426
2024-08-16 07:13:56,SOLUSDT,bid,130,16274.292
2024-08-16 07:14:08,SOLUSDT,ask,150,11395.232
2024-08-16 07:14:08,SOLUSDT,bid,120,24320.697
2024-08-16 07:14:27,SOLUSDT,bid,135,26628.303
2024-08-16 07:14:34,SOLUSDT,ask,152,15949.81
2024-08-16 07:14:49,SOLUSDT,bid,135,26598.303
2024-08-16 07:14:49,SOLUSDT,bid,135,26596.081
2024-08-16 07:14:56,SOLUSDT,ask,160,24993.727
2024-08-16 07:15:15,SOLUSDT,bid,135,26597.169
2024-08-16 07:15:15,SOLUSDT,bid,130,16268.339
2024-08-16 07:15:15,SOLUSDT,bid,120,24313.646
2024-08-16 07:15:15,SOLUSDT,ask,150,11386.04
2024-08-16 07:15:22,SOLUSDT,bid,135,26773.712
2024-08-16 07:15:26,SOLUSDT,bid,110,27522.899
2024-08-16 07:15:30,SOLUSDT,ask,151,6847.949
2024-08-16 07:15:40,SOLUSDT,ask,150,11387.234
2024-08-16 07:16:33,SOLUSDT,bid,118,9473.388
2024-08-16 07:16:34,SOLUSDT,bid,135,26775.649
2024-08-16 07:16:47,SOLUSDT,bid,135,26777.649
2024-08-16 07:17:10,SOLUSDT,bid,125,18862.045
2024-08-16 07:17:10,SOLUSDT,bid,115,20662.289
2024-08-16 07:17:24,SOLUSDT,ask,180,21796.376
2024-08-16 07:17:33,SOLUSDT,ask,150,11387.719
2024-08-16 07:17:46,SOLUSDT,bid,135,26773.946
2024-08-16 07:17:47,SOLUSDT,bid,110,27523.903
2024-08-16 07:17:49,SOLUSDT,bid,135,26774.946
2024-08-16 07:17:53,SOLUSDT,bid,130,16267.839
2024-08-16 07:17:54,SOLUSDT,bid,135,26776.264
2024-08-16 07:18:01,SOLUSDT,ask,160,24990.356
2024-08-16 07:18:08,SOLUSDT,bid,125,18863.469
2024-08-16 07:18:12,SOLUSDT,bid,111,14787.917
2024-08-16 07:18:15,SOLUSDT,bid,115,20663.836
2024-08-16 07:18:16,SOLUSDT,bid,110,27522.235
2024-08-16 07:18:18,SOLUSDT,ask,155,8708.453
2024-08-16 07:18:23,SOLUSDT,ask,150,11390.554
2024-08-16 07:18:35,SOLUSDT,bid,115,20676.796
