2024-08-16 07:00:00,SOLUSDT,bid,120,24301.25
2024-08-16 07:00:07,SOLUSDT,ask,185,17413.44
2024-08-16 07:00:13,SOLUSDT,ask,152,16471.897
2024-08-16 07:00:13,SOLUSDT,ask,155,8701.754
2024-08-16 07:00:15,SOLUSDT,bid,121,8524.331
2024-08-16 07:00:19,SOLUSDT,bid,130,17933.919
2024-08-16 07:00:20,SOLUSDT,bid,135,26764.028
2024-08-16 07:00:25,SOLUSDT,ask,200,44723.52
2024-08-16 07:00:28,SOLUSDT,bid,120,24300.25
2024-08-16 07:00:34,SOLUSDT,bid,138,28103.643
2024-08-16 07:00:48,SOLUSDT,bid,120,24299.25
2024-08-16 07:00:48,SOLUSDT,bid,135,26765.028
2024-08-16 07:00:49,SOLUSDT,ask,220,12046.45
2024-08-16 07:00:52,SOLUSDT,ask,152,16451.917
2024-08-16 07:01:02,SOLUSDT,bid,121,8521.987
2024-08-16 07:01:05,SOLUSDT,ask,150,11551.253
2024-08-16 07:01:15,SOLUSDT,ask,152,16481.887
2024-08-16 07:01:23,SOLUSDT,bid,125,18847.558
2024-08-16 07:01:34,SOLUSDT,bid,135,26762.71
2024-08-16 07:01:37,SOLUSDT,bid,130,17936.702
2024-08-16 07:01:38,SOLUSDT,ask,151,6828.376
2024-08-16 07:01:44,SOLUSDT,bid,125,18848.894
2024-08-16 07:01:46,SOLUSDT,bid,121,8517.693
2024-08-16 07:01:53,SOLUSDT,bid,80,29515.026
2024-08-16 07:02:01,SOLUSDT,bid,125,18848.493
2024-08-16 07:02:07,SOLUSDT,ask,165,15812.688
2024-08-16 07:02:10,SOLUSDT,bid,138,28008.023
2024-08-16 07:02:30,SOLUSDT,bid,121,8521.825
2024-08-16 07:02:32,SOLUSDT,bid,130,17950.75
2024-08-16 07:02:33,SOLUSDT,bid,135,26764.903
2024-08-16 07:02:33,SOLUSDT,ask,150,11552.183
2024-08-16 07:02:35,SOLUSDT,ask,199,5025.307
2024-08-16 07:02:43,SOLUSDT,bid,130,17985.75
2024-08-16 07:02:43,SOLUSDT,bid,130,17839.643
2024-08-16 07:02:46,SOLUSDT,bid,120,24317.364
2024-08-16 07:02:50,SOLUSDT,bid,135,26762.71
2024-08-16 07:02:52,SOLUSDT,ask,150,11556.303
2024-08-16 07:03:07,SOLUSDT,bid,135,26761.599
2024-08-16 07:03:12,SOLUSDT,bid,111,14789.716
2024-08-16 07:03:19,SOLUSDT,bid,100,37299.41
2024-08-16 07:03:21,SOLUSDT,bid,130,18158.461
2024-08-16 07:03:29,SOLUSDT,ask,150,11472.315
2024-08-16 07:03:36,SOLUSDT,bid,130,18145.333
2024-08-16 07:03:55,SOLUSDT,bid,125,18847.493
2024-08-16 07:03:57,SOLUSDT,bid,130,18144.333
2024-08-16 07:03:58,SOLUSDT,bid,135,26760.599
2024-08-16 07:04:02,SOLUSDT,bid,130,18094.333
2024-08-16 07:04:04,SOLUSDT,bid,80,29665.026
2024-08-16 07:04:17,SOLUSDT,ask,152,16470.271
2024-08-16 07:04:17,SOLUSDT,ask,160,24982.478
2024-08-16 07:04:39,SOLUSDT,bid,130,18061.923
2024-08-16 07:04:42,SOLUSDT,bid,130,18011.933
2024-08-16 07:04:45,SOLUSDT,bid,130,15669.575
2024-08-16 07:04:54,SOLUSDT,ask,150,11475.813
2024-08-16 07:05:06,SOLUSDT,ask,150,11475.713
2024-08-16 07:05:25,SOLUSDT,ask,155,8707.08
2024-08-16 07:05:32,SOLUSDT,ask,160,24984.581
2024-08-16 07:06:28,SOLUSDT,bid,115,20649.028
2024-08-16 07:06:28,SOLUSDT,ask,151,6828.087
2024-08-16 07:06:28,SOLUSDT,ask,160,24984.309
2024-08-16 07:06:30,SOLUSDT,ask,152,16470.218
2024-08-16 07:06:52,SOLUSDT,ask,170,11791.932
2024-08-16 07:06:52,SOLUSDT,bid,125,18851.493
2024-08-16 07:06:54,SOLUSDT,bid,135,26759.61
2024-08-16 07:07:04,SOLUSDT,ask,150,11466.857
2024-08-16 07:07:12,SOLUSDT,ask,160,24988.605
2024-08-16 07:07:20,SOLUSDT,bid,130,15827.671
2024-08-16 07:07:26,SOLUSDT,ask,150,11385.767
2024-08-16 07:07:28,SOLUSDT,ask,150,11385.189
2024-08-16 07:07:32,SOLUSDT,ask,152,15948.319
2024-08-16 07:07:37,SOLUSDT,ask,190,24073.885
2024-08-16 07:07:39,SOLUSDT,bid,110,27499.025
2024-08-16 07:07:41,SOLUSDT,bid,110,27498.598
2024-08-16 07:07:43,SOLUSDT,ask,190,24073.762
2024-08-16 07:07:52,SOLUSDT,ask,190,24073.885
2024-08-16 07:08:18,SOLUSDT,bid,130,15830.043
2024-08-16 07:08:20,SOLUSDT,bid,130,16226.28
2024-08-16 07:08:22,SOLUSDT,bid,135,26749.61
2024-08-16 07:08:22,SOLUSDT,bid,110,27508.598
2024-08-16 07:08:24,SOLUSDT,ask,158,14812.157
2024-08-16 07:08:28,SOLUSDT,bid,100,37298.809
2024-08-16 07:08:29,SOLUSDT,ask,150,11398.009
2024-08-16 07:08:47,SOLUSDT,ask,161,15561.511
2024-08-16 07:08:48,SOLUSDT,bid,100,37296.809
2024-08-16 07:08:50,SOLUSDT,bid,120,24315.698
2024-08-16 07:08:54,SOLUSDT,bid,110,27506.78
2024-08-16 07:08:56,SOLUSDT,bid,135,26679.163
2024-08-16 07:08:57,SOLUSDT,ask,152,15940.374
2024-08-16 07:09:03,SOLUSDT,ask,150,11391.526
2024-08-16 07:09:09,SOLUSDT,ask,150,11390.522
2024-08-16 07:09:12,SOLUSDT,bid,135,26680.163
2024-08-16 07:09:23,SOLUSDT,bid,100,37306.809
2024-08-16 07:09:26,SOLUSDT,ask,150,11393.519
2024-08-16 07:09:31,SOLUSDT,ask,180,21802.73
2024-08-16 07:09:34,SOLUSDT,bid,130,16227.818
2024-08-16 07:09:34,SOLUSDT,bid,110,27515.87
2024-08-16 07:09:37,SOLUSDT,bid,135,26710.163
2024-08-16 07:09:39,SOLUSDT,bid,118,9559.718
2024-08-16 07:09:47,SOLUSDT,bid,112,9700.778
2024-08-16 07:09:50,SOLUSDT,bid,135,26611.406
2024-08-16 07:09:51,SOLUSDT,bid,131,9425.421
2024-08-16 07:09:59,SOLUSDT,bid,121,8506.825
2024-08-16 07:10:00,SOLUSDT,bid,120,24319.864
2024-08-16 07:10:06,SOLUSDT,bid,125,18852.293
2024-08-16 07:10:10,SOLUSDT,ask,220,12046.51
2024-08-16 07:10:11,SOLUSDT,bid,118,9563.955
2024-08-16 07:10:17,SOLUSDT,bid,135,26581.406
2024-08-16 07:10:45,SOLUSDT,bid,132,7887.362
2024-08-16 07:10:49,SOLUSDT,bid,135,26611.406
2024-08-16 07:10:50,SOLUSDT,ask,160,24989.23
2024-08-16 07:10:59,SOLUSDT,ask,165,15808.688
2024-08-16 07:11:11,SOLUSDT,bid,132,7937.863
2024-08-16 07:11:13,SOLUSDT,ask,160,24988.605
2024-08-16 07:11:23,SOLUSDT,bid,115,20664.028
2024-08-16 07:11:28,SOLUSDT,bid,131,9426.634
2024-08-16 07:11:28,SOLUSDT,bid,125,18860.285
2024-08-16 07:11:31,SOLUSDT,bid,125,18864.285
2024-08-16 07:11:39,SOLUSDT,bid,130,16226.386
2024-08-16 07:11:42,SOLUSDT,bid,130,16225.386
2024-08-16 07:11:54,SOLUSDT,ask,150,11393.646
2024-08-16 07:11:57,SOLUSDT,ask,160,24992.69
2024-08-16 07:12:01,SOLUSDT,bid,130,16219.286
2024-08-16 07:12:08,SOLUSDT,bid,130,16270.564
2024-08-16 07:12:13,SOLUSDT,bid,111,14786.25
2024-08-16 07:12:17,SOLUSDT,ask,152,15951.004
2024-08-16 07:12:17,SOLUSDT,ask,155,8705.082
2024-08-16 07:12:24,SOLUSDT,bid,130,16273.523
2024-08-16 07:13:23,SOLUSDT,ask,150,11393.985
2024-08-16 07:13:48,SOLUSDT,bid,135,26628.651
2024-08-16 07:13:50,SOLUSDT,bid,135,26629.391
2024-08-16 07:13:53,SOLUSDT,ask,175,14241.227
2024-08-16 07:13:55,SOLUSDT,bid,110,27517.426
2024-08-16 07:13:56,SOLUSDT,bid,130,16274.292
2024-08-16 07:14:08,SOLUSDT,ask,150,11395.232
2024-08-16 07:14:08,SOLUSDT,bid,120,24320.697
2024-08-16 07:14:27,SOLUSDT,bid,135,26628.303
2024-08-16 07:14:34,SOLUSDT,ask,152,15949.81
2024-08-16 07:14:49,SOLUSDT,bid,135,26598.303
2024-08-16 07:14:49,SOLUSDT,bid,135,26596.081
2024-08-16 07:14:56,SOLUSDT,ask,160,24993.727
2024-08-16 07:15:15,SOLUSDT,bid,135,26597.169
2024-08-16 07:15:15,SOLUSDT,bid,130,16268.339
2024-08-16 07:15:15,SOLUSDT,bid,120,24313.646
2024-08-16 07:15:15,SOLUSDT,ask,150,11386.04
2024-08-16 07:15:22,SOLUSDT,bid,135,26773.712
2024-08-16 07:15:26,SOLUSDT,bid,110,27522.899
2024-08-16 07:15:30,SOLUSDT,ask,151,6847.949
2024-08-16 07:15:40,SOLUSDT,ask,150,11387.234
2024-08-16 07:16:33,SOLUSDT,bid,118,9473.388
2024-08-16 07:16:34,SOLUSDT,bid,135,26775.649
2024-08-16 07:16:47,SOLUSDT,bid,135,26777.649
2024-08-16 07:17:10,SOLUSDT,bid,125,18862.045
2024-08-16 07:17:10,SOLUSDT,bid,115,20662.289
2024-08-16 07:17:24,SOLUSDT,ask,180,21796.376
2024-08-16 07:17:33,SOLUSDT,ask,150,11387.719
2024-08-16 07:17:46,SOLUSDT,bid,135,26773.946
2024-08-16 07:17:47,SOLUSDT,bid,110,27523.903
2024-08-16 07:17:49,SOLUSDT,bid,135,26774.946
2024-08-16 07:17:53,SOLUSDT,bid,130,16267.839
2024-08-16 07:17:54,SOLUSDT,bid,135,26776.264
2024-08-16 07:18:01,SOLUSDT,ask,160,24990.356
2024-08-16 07:18:08,SOLUSDT,bid,125,18863.469
2024-08-16 07:18:12,SOLUSDT,bid,111,14787.917
2024-08-16 07:18:15,SOLUSDT,bid,115,20663.836
2024-08-16 07:18:16,SOLUSDT,bid,110,27522.235
2024-08-16 07:18:18,SOLUSDT,ask,155,8708.453
2024-08-16 07:18:23,SOLUSDT,ask,150,11390.554
2024-08-16 07:18:35,SOLUSDT,bid,115,20676.796
2024-08-16 07:19:02,SOLUSDT,ask,160,25013.723
2024-08-16 07:19:25,SOLUSDT,bid,135,26772.561
2024-08-16 07:19:36,SOLUSDT,bid,131,9429.634
2024-08-16 07:19:37,SOLUSDT,bid,130,16271.685
2024-08-16 07:19:43,SOLUSDT,bid,115,20681.144
2024-08-16 07:19:45,SOLUSDT,ask,165,15808.758
2024-08-16 07:20:04,SOLUSDT,bid,135,26782.931
2024-08-16 07:20:16,SOLUSDT,bid,125,18866.283
2024-08-16 07:20:35,SOLUSDT,bid,135,26782.857
2024-08-16 07:20:43,SOLUSDT,ask,150,11420.668
2024-08-16 07:20:46,SOLUSDT,bid,115,20680.144
2024-08-16 07:20:54,SOLUSDT,bid,130,16271.593
2024-08-16 07:21:02,SOLUSDT,ask,152,15949.323
2024-08-16 07:21:12,SOLUSDT,ask,160,24963.204
2024-08-16 07:21:14,SOLUSDT,bid,121,8507.825
2024-08-16 07:21:23,SOLUSDT,bid,111,14788.917
2024-08-16 07:21:46,SOLUSDT,bid,135,26783.227
2024-08-16 07:21:53,SOLUSDT,bid,121,8532.618
2024-08-16 07:22:21,SOLUSDT,bid,135,26787.227
2024-08-16 07:22:29,SOLUSDT,bid,115,20667.184
2024-08-16 07:22:31,SOLUSDT,ask,150,11418.689
2024-08-16 07:22:53,SOLUSDT,bid,125,18906.258
2024-08-16 07:23:16,SOLUSDT,bid,110,27525.072
2024-08-16 07:23:22,SOLUSDT,bid,135,26788.227
2024-08-16 07:23:28,SOLUSDT,bid,130,16272.593
2024-08-16 07:23:28,SOLUSDT,bid,120,24311.98
2024-08-16 07:23:32,SOLUSDT,bid,135,26790.816
2024-08-16 07:23:40,SOLUSDT,bid,110,27526.235
2024-08-16 07:23:58,SOLUSDT,ask,150,11433.067
2024-08-16 07:24:15,SOLUSDT,bid,105,10460.765
2024-08-16 07:24:23,SOLUSDT,ask,150,11433.367
2024-08-16 07:24:58,SOLUSDT,bid,115,20666.75
2024-08-16 07:25:09,SOLUSDT,ask,150,11429.838
2024-08-16 07:25:56,SOLUSDT,ask,150,11298.584
2024-08-16 07:25:59,SOLUSDT,bid,105,10459.765
2024-08-16 07:26:01,SOLUSDT,ask,193,7542.097
2024-08-16 07:26:13,SOLUSDT,bid,111,14782.971
2024-08-16 07:26:16,SOLUSDT,bid,120,24319.257
2024-08-16 07:26:17,SOLUSDT,bid,120,24437.329
2024-08-16 07:26:19,SOLUSDT,ask,155,8709.452
2024-08-16 07:26:36,SOLUSDT,bid,120,24419.215
2024-08-16 07:26:40,SOLUSDT,bid,121,8576.006
2024-08-16 07:26:41,SOLUSDT,bid,135,26791.212
2024-08-16 07:26:46,SOLUSDT,bid,132,7938.62
2024-08-16 07:26:53,SOLUSDT,bid,130,16273.362
2024-08-16 07:26:58,SOLUSDT,ask,150,11316.584
2024-08-16 07:27:07,SOLUSDT,bid,100,37291.724
2024-08-16 07:27:20,SOLUSDT,bid,120,24420.048
2024-08-16 07:27:26,SOLUSDT,bid,118,9474.235
2024-08-16 07:27:28,SOLUSDT,bid,135,26791.36
2024-08-16 07:27:32,SOLUSDT,bid,116,8945.367
2024-08-16 07:27:33,SOLUSDT,ask,160,24963.276
2024-08-16 07:27:45,SOLUSDT,bid,112,9702.056
2024-08-16 07:27:46,SOLUSDT,ask,150,11283.373
2024-08-16 07:27:49,SOLUSDT,bid,115,20710.228
2024-08-16 07:27:50,SOLUSDT,bid,130,16273.311
2024-08-16 07:27:50,SOLUSDT,bid,118,9474.184
2024-08-16 07:27:50,SOLUSDT,bid,112,9702.005
2024-08-16 07:27:50,SOLUSDT,bid,100,37291.673
2024-08-16 07:27:50,SOLUSDT,ask,160,24963.225
2024-08-16 07:27:58,SOLUSDT,bid,111,14784.371
2024-08-16 07:28:38,SOLUSDT,bid,135,26792.1
2024-08-16 07:28:45,SOLUSDT,ask,150,11283.521
2024-08-16 07:28:48,SOLUSDT,ask,151,6847.756
2024-08-16 07:29:04,SOLUSDT,bid,130,16274.849
2024-08-16 07:29:04,SOLUSDT,bid,135,26792.671
2024-08-16 07:29:04,SOLUSDT,bid,125,18907.568
2024-08-16 07:29:11,SOLUSDT,ask,200,44715.516
2024-08-16 07:29:17,SOLUSDT,ask,150,11284.521
2024-08-16 07:29:22,SOLUSDT,bid,130,16275.849
2024-08-16 07:29:27,SOLUSDT,ask,150,11283.521
2024-08-16 07:29:30,SOLUSDT,bid,112,9701.202
2024-08-16 07:29:49,SOLUSDT,ask,152,15950.733
2024-08-16 07:29:50,SOLUSDT,ask,150,11284.841
2024-08-16 07:30:03,SOLUSDT,bid,110,27534.416
2024-08-16 07:30:04,SOLUSDT,ask,500,6171.098
2024-08-16 07:30:08,SOLUSDT,ask,150,11245.919
2024-08-16 07:30:09,SOLUSDT,bid,138,26528.439
2024-08-16 07:30:13,SOLUSDT,ask,400,4635.885
2024-08-16 07:30:16,SOLUSDT,bid,130,16275.925
2024-08-16 07:30:18,SOLUSDT,ask,350,4076.284
2024-08-16 07:30:23,SOLUSDT,ask,300,9237.111
2024-08-16 07:30:28,SOLUSDT,ask,260,7209.28
2024-08-16 07:30:28,SOLUSDT,bid,135,26792.745
2024-08-16 07:30:29,SOLUSDT,ask,250,18010.864
2024-08-16 07:30:29,SOLUSDT,ask,245,9983.291
2024-08-16 07:30:30,SOLUSDT,ask,240,5947.19
2024-08-16 07:30:31,SOLUSDT,ask,230,7520.375
2024-08-16 07:30:32,SOLUSDT,ask,220,12046.934
2024-08-16 07:30:33,SOLUSDT,ask,210,24741.192
2024-08-16 07:30:33,SOLUSDT,ask,205,10788.978
2024-08-16 07:30:34,SOLUSDT,ask,200,44715.94
2024-08-16 07:30:34,SOLUSDT,ask,195,12101.695
2024-08-16 07:30:35,SOLUSDT,ask,190,24074.309
2024-08-16 07:30:35,SOLUSDT,ask,185,17413.864
2024-08-16 07:30:36,SOLUSDT,ask,180,21796.8
2024-08-16 07:30:36,SOLUSDT,ask,175,14241.651
2024-08-16 07:30:37,SOLUSDT,ask,170,11792.356
2024-08-16 07:30:37,SOLUSDT,ask,165,15809.182
2024-08-16 07:30:37,SOLUSDT,ask,160,24963.649
2024-08-16 07:30:37,SOLUSDT,bid,120,24420.126
2024-08-16 07:30:37,SOLUSDT,ask,155,8709.876
2024-08-16 07:30:38,SOLUSDT,ask,150,11246.343
2024-08-16 07:30:39,SOLUSDT,bid,135,26793.169
2024-08-16 07:30:40,SOLUSDT,bid,130,16276.349
2024-08-16 07:30:40,SOLUSDT,bid,125,18907.992
2024-08-16 07:30:41,SOLUSDT,bid,120,24420.55
2024-08-16 07:30:41,SOLUSDT,bid,115,20710.652
2024-08-16 07:30:42,SOLUSDT,bid,110,27534.84
2024-08-16 07:30:42,SOLUSDT,bid,105,10460.189
2024-08-16 07:30:43,SOLUSDT,bid,100,37292.097
2024-08-16 07:30:45,SOLUSDT,bid,100,37272.097
2024-08-16 07:30:56,SOLUSDT,ask,150,11246.043
2024-08-16 07:30:57,SOLUSDT,bid,100,37277.097
2024-08-16 07:31:05,SOLUSDT,ask,155,8715.665
2024-08-16 07:31:30,SOLUSDT,bid,135,26792.598
2024-08-16 07:31:47,SOLUSDT,bid,130,16275.762
2024-08-16 07:31:55,SOLUSDT,ask,150,11248.143
2024-08-16 07:32:01,SOLUSDT,ask,150,11247.104
2024-08-16 07:32:15,SOLUSDT,ask,151,6855.756
2024-08-16 07:32:33,SOLUSDT,ask,160,24936.724
2024-08-16 07:32:33,SOLUSDT,bid,105,10460.38
2024-08-16 07:32:49,SOLUSDT,bid,130,16276.762
2024-08-16 07:32:52,SOLUSDT,ask,150,11231.729
2024-08-16 07:32:56,SOLUSDT,bid,135,26789.981
2024-08-16 07:33:01,SOLUSDT,bid,130,16276.802
2024-08-16 07:33:01,SOLUSDT,ask,170,11792.396
2024-08-16 07:33:02,SOLUSDT,ask,150,11226.734
2024-08-16 07:33:11,SOLUSDT,bid,125,18901.458
2024-08-16 07:33:17,SOLUSDT,bid,96,12087.069
2024-08-16 07:33:47,SOLUSDT,ask,152,15946.015
2024-08-16 07:33:51,SOLUSDT,bid,132,7940.135
2024-08-16 07:34:08,SOLUSDT,bid,125,18902.458
2024-08-16 07:34:11,SOLUSDT,ask,150,11227.034
2024-08-16 07:34:26,SOLUSDT,bid,135,26790.056
2024-08-16 07:34:37,SOLUSDT,ask,163,17519.91
2024-08-16 07:35:01,SOLUSDT,bid,130,16271.375
2024-08-16 07:35:09,SOLUSDT,bid,130,16272.375
2024-08-16 07:35:11,SOLUSDT,bid,130,16272.836
2024-08-16 07:35:18,SOLUSDT,ask,152,15885.823
2024-08-16 07:35:24,SOLUSDT,bid,135,26789.316
2024-08-16 07:35:26,SOLUSDT,ask,160,24936.2
2024-08-16 07:35:30,SOLUSDT,ask,150,11226.242
2024-08-16 07:35:31,SOLUSDT,bid,130,16343.132
2024-08-16 07:35:39,SOLUSDT,ask,151,6854.433
2024-08-16 07:35:43,SOLUSDT,ask,150,11225.736
2024-08-16 07:36:02,SOLUSDT,bid,120,24420.115
2024-08-16 07:36:09,SOLUSDT,ask,152,15884.824
2024-08-16 07:36:19,SOLUSDT,bid,115,20719.347
2024-08-16 07:36:30,SOLUSDT,ask,151,6974.818
2024-08-16 07:37:06,SOLUSDT,bid,90,21258.383
2024-08-16 07:37:12,SOLUSDT,bid,112,9693.424
2024-08-16 07:37:13,SOLUSDT,ask,150,11227.742
2024-08-16 07:37:13,SOLUSDT,bid,110,27544.316
2024-08-16 07:37:22,SOLUSDT,ask,160,24939.448
2024-08-16 07:37:25,SOLUSDT,bid,100,37278.132
2024-08-16 07:37:46,SOLUSDT,bid,115,20732.307
2024-08-16 07:38:00,SOLUSDT,ask,151,6854.433
2024-08-16 07:38:08,SOLUSDT,bid,118,9525.677
2024-08-16 07:38:13,SOLUSDT,bid,131,9430.469
2024-08-16 07:38:16,SOLUSDT,bid,105,10462.76
2024-08-16 07:38:18,SOLUSDT,bid,132,7917.408
2024-08-16 07:38:24,SOLUSDT,bid,120,24421.115
2024-08-16 07:38:27,SOLUSDT,bid,115,20719.347
2024-08-16 07:38:42,SOLUSDT,bid,110,27558.047
2024-08-16 07:39:28,SOLUSDT,ask,160,24939.241
2024-08-16 07:40:00,SOLUSDT,bid,135,26798.483
2024-08-16 07:40:31,SOLUSDT,ask,150,11228.08
2024-08-16 07:40:36,SOLUSDT,bid,132,7915.893
2024-08-16 07:40:54,SOLUSDT,bid,135,26798.853
2024-08-16 07:41:22,SOLUSDT,bid,135,26825.481
2024-08-16 07:41:31,SOLUSDT,bid,130,16167.497
2024-08-16 07:41:32,SOLUSDT,ask,260,7239.923
2024-08-16 07:41:40,SOLUSDT,ask,151,6857.165
2024-08-16 07:41:41,SOLUSDT,ask,152,15886.822
2024-08-16 07:41:49,SOLUSDT,bid,110,27558.501
2024-08-16 07:41:53,SOLUSDT,bid,135,26826.388
2024-08-16 07:42:09,SOLUSDT,bid,135,26863.425
2024-08-16 07:42:44,SOLUSDT,bid,100,37277.097
2024-08-16 07:42:49,SOLUSDT,bid,125,18901.148
2024-08-16 07:42:52,SOLUSDT,bid,115,20716.383
2024-08-16 07:42:52,SOLUSDT,bid,105,10465.724
2024-08-16 07:42:56,SOLUSDT,bid,131,9429.634
2024-08-16 07:43:05,SOLUSDT,bid,115,20712.521
2024-08-16 07:43:05,SOLUSDT,bid,105,10469.586
2024-08-16 07:43:18,SOLUSDT,bid,100,37278.228
2024-08-16 07:43:33,SOLUSDT,ask,150,11229.329
2024-08-16 07:43:33,SOLUSDT,ask,155,8714.416
2024-08-16 07:43:33,SOLUSDT,bid,105,10470.066
2024-08-16 07:43:40,SOLUSDT,bid,130,16097.201
2024-08-16 07:43:59,SOLUSDT,bid,130,16132.201
2024-08-16 07:44:24,SOLUSDT,ask,155,8514.616
2024-08-16 07:44:27,SOLUSDT,bid,120,24387.782
2024-08-16 07:44:28,SOLUSDT,bid,115,20669.043
2024-08-16 07:44:34,SOLUSDT,ask,151,6855.385
2024-08-16 07:44:48,SOLUSDT,bid,95,11165.279
2024-08-16 07:44:49,SOLUSDT,ask,195,12096.695
2024-08-16 07:45:02,SOLUSDT,bid,100,37405.228
2024-08-16 07:45:10,SOLUSDT,ask,150,11231.787
2024-08-16 07:45:10,SOLUSDT,ask,155,8512.158
2024-08-16 07:45:10,SOLUSDT,ask,152,15897.423
2024-08-16 07:45:22,SOLUSDT,ask,152,15898.26
2024-08-16 07:45:27,SOLUSDT,bid,135,26854.258
2024-08-16 07:45:30,SOLUSDT,bid,100,37395.228
2024-08-16 07:45:33,SOLUSDT,ask,152,15887.659
2024-08-16 07:46:00,SOLUSDT,bid,80,29662.026
2024-08-16 07:46:01,SOLUSDT,bid,118,9523.914
2024-08-16 07:46:08,SOLUSDT,bid,116,8940.195
2024-08-16 07:46:31,SOLUSDT,ask,151,6859.659
2024-08-16 07:46:35,SOLUSDT,ask,150,11241.736
2024-08-16 07:46:38,SOLUSDT,bid,135,26854.758
2024-08-16 07:46:40,SOLUSDT,ask,160,24939.197
2024-08-16 07:47:02,SOLUSDT,bid,100,37394.218
2024-08-16 07:47:07,SOLUSDT,bid,130,16132.37
2024-08-16 07:47:15,SOLUSDT,bid,135,26859.958
2024-08-16 07:47:28,SOLUSDT,bid,120,24397.782
2024-08-16 07:47:32,SOLUSDT,ask,155,8482.389
2024-08-16 07:47:50,SOLUSDT,bid,135,26858.348
2024-08-16 07:48:02,SOLUSDT,bid,130,16132.255
2024-08-16 07:48:06,SOLUSDT,bid,121,8576.347
2024-08-16 07:48:22,SOLUSDT,bid,118,9523.512
2024-08-16 07:48:25,SOLUSDT,bid,121,8576.006
2024-08-16 07:48:25,SOLUSDT,bid,118,9523.853
2024-08-16 07:48:27,SOLUSDT,bid,115,20666.043
2024-08-16 07:48:35,SOLUSDT,ask,150,11239.278
2024-08-16 07:48:46,SOLUSDT,bid,120,24401.782
2024-08-16 07:49:10,SOLUSDT,ask,160,24924.628
2024-08-16 07:49:20,SOLUSDT,ask,150,11238.029
2024-08-16 07:49:33,SOLUSDT,bid,115,20697.16
2024-08-16 07:49:38,SOLUSDT,bid,120,24446.514
2024-08-16 07:49:52,SOLUSDT,ask,300,9219.739
2024-08-16 07:50:00,SOLUSDT,bid,125,18905.38
2024-08-16 07:50:02,SOLUSDT,bid,135,26857.484
2024-08-16 07:50:09,SOLUSDT,bid,130,16130.907
2024-08-16 07:50:26,SOLUSDT,ask,188,10363.479
2024-08-16 07:50:27,SOLUSDT,ask,175,14229.314
2024-08-16 07:50:28,SOLUSDT,bid,120,24446.914
2024-08-16 07:50:35,SOLUSDT,ask,188,10388.154
2024-08-16 07:51:11,SOLUSDT,bid,110,27563.046
2024-08-16 07:51:16,SOLUSDT,bid,130,16130.523
2024-08-16 07:51:20,SOLUSDT,bid,110,27563.23
2024-08-16 07:51:36,SOLUSDT,ask,160,24934.618
2024-08-16 07:51:36,SOLUSDT,ask,180,21786.81
2024-08-16 07:51:50,SOLUSDT,ask,160,24944.61
2024-08-16 07:51:50,SOLUSDT,ask,185,17403.872
2024-08-16 07:51:58,SOLUSDT,bid,130,16131.523
2024-08-16 07:52:07,SOLUSDT,bid,100,37396.218
2024-08-16 07:52:15,SOLUSDT,bid,120,24446.709
2024-08-16 07:52:25,SOLUSDT,bid,116,8936.139
2024-08-16 07:52:33,SOLUSDT,ask,150,11238.814
2024-08-16 07:52:33,SOLUSDT,ask,160,24943.825
2024-08-16 07:52:53,SOLUSDT,bid,135,26858.965
2024-08-16 07:53:20,SOLUSDT,ask,150,11237.708
2024-08-16 07:53:20,SOLUSDT,ask,155,8483.495
2024-08-16 07:53:22,SOLUSDT,ask,180,21799.823
2024-08-16 07:53:40,SOLUSDT,bid,135,26858.703
2024-08-16 07:53:40,SOLUSDT,bid,130,16131.785
2024-08-16 07:53:42,SOLUSDT,bid,130,16085.845
2024-08-16 07:53:46,SOLUSDT,bid,110,27667.173
2024-08-16 07:53:48,SOLUSDT,bid,135,26892.644
2024-08-16 07:53:54,SOLUSDT,bid,130,16082.657
2024-08-16 07:54:22,SOLUSDT,bid,135,26892.697
2024-08-16 07:54:27,SOLUSDT,bid,130,16077.071
2024-08-16 07:54:28,SOLUSDT,bid,135,26891.216
2024-08-16 07:54:40,SOLUSDT,bid,130,16080.917
2024-08-16 07:54:44,SOLUSDT,ask,150,11239.967
2024-08-16 07:54:47,SOLUSDT,ask,150,11239.467
2024-08-16 07:54:47,SOLUSDT,ask,152,15887.159
2024-08-16 07:55:26,SOLUSDT,bid,135,26889.735
2024-08-16 07:55:50,SOLUSDT,bid,130,16076.731
2024-08-16 07:55:51,SOLUSDT,ask,190,24066.149
2024-08-16 07:55:57,SOLUSDT,ask,170,11593.033
2024-08-16 07:55:58,SOLUSDT,ask,165,15808.576
2024-08-16 07:55:59,SOLUSDT,ask,155,8489.137
2024-08-16 07:56:02,SOLUSDT,ask,150,11240.467
2024-08-16 07:56:10,SOLUSDT,ask,175,14228.172
2024-08-16 07:56:12,SOLUSDT,ask,170,11591.857
2024-08-16 07:56:18,SOLUSDT,ask,151,6860.659
2024-08-16 07:56:33,SOLUSDT,bid,120,24442.543
2024-08-16 07:56:34,SOLUSDT,ask,152,15888.159
2024-08-16 07:56:47,SOLUSDT,bid,135,26887.69
2024-08-16 07:56:58,SOLUSDT,bid,125,18914.486
2024-08-16 07:57:02,SOLUSDT,ask,150,11241.394
2024-08-16 07:57:24,SOLUSDT,bid,130,16076.808
2024-08-16 07:57:30,SOLUSDT,bid,135,26878.69
2024-08-16 07:57:31,SOLUSDT,bid,135,26921.793
2024-08-16 07:57:33,SOLUSDT,bid,135,26921.947
2024-08-16 07:57:42,SOLUSDT,bid,120,24442.613
2024-08-16 07:58:08,SOLUSDT,bid,135,26920.947
2024-08-16 07:58:15,SOLUSDT,ask,190,24066.026
2024-08-16 07:58:18,SOLUSDT,ask,151,6859.241
2024-08-16 07:58:35,SOLUSDT,bid,120,24397.613
2024-08-16 07:58:36,SOLUSDT,ask,190,24066.149
2024-08-16 07:58:48,SOLUSDT,ask,150,11241.713
2024-08-16 07:58:53,SOLUSDT,bid,121,8577.816
2024-08-16 07:59:04,SOLUSDT,bid,120,24377.613
2024-08-16 07:59:04,SOLUSDT,bid,110,27647.173
2024-08-16 07:59:33,SOLUSDT,bid,135,26919.747
2024-08-16 07:59:41,SOLUSDT,bid,125,18915.589
2024-08-16 07:59:42,SOLUSDT,bid,120,24429.882
2024-08-16 07:59:59,SOLUSDT,ask,160,24943.786
2024-08-16 08:00:12,SOLUSDT,ask,150,11241.677
2024-08-16 08:00:12,SOLUSDT,ask,152,15888.123
2024-08-16 08:00:33,SOLUSDT,ask,150,11243.53
2024-08-16 08:00:43,SOLUSDT,bid,130,16078.346
2024-08-16 08:00:53,SOLUSDT,bid,121,8579.751
2024-08-16 08:00:53,SOLUSDT,ask,150,11243.601
2024-08-16 08:01:03,SOLUSDT,bid,100,37396.118
2024-08-16 08:01:24,SOLUSDT,bid,120,24436.882
2024-08-16 08:01:38,SOLUSDT,ask,152,15887.391
2024-08-16 08:02:27,SOLUSDT,bid,125,18916.402
2024-08-16 08:02:38,SOLUSDT,ask,152,15889.391
2024-08-16 08:02:46,SOLUSDT,ask,175,14227.173
2024-08-16 08:03:12,SOLUSDT,ask,150,11239.925
2024-08-16 08:03:45,SOLUSDT,bid,115,20695.16
2024-08-16 08:03:53,SOLUSDT,bid,90,21258.27
2024-08-16 08:04:07,SOLUSDT,ask,160,24933.368
2024-08-16 08:04:23,SOLUSDT,bid,135,26845.673
2024-08-16 08:04:28,SOLUSDT,bid,120,24437.745
2024-08-16 08:04:35,SOLUSDT,ask,150,11240.002
2024-08-16 08:04:37,SOLUSDT,bid,135,26845.173
2024-08-16 08:04:43,SOLUSDT,ask,151,7638.572
2024-08-16 08:04:52,SOLUSDT,ask,155,8487.947
2024-08-16 08:04:52,SOLUSDT,ask,150,11240.202
2024-08-16 08:04:58,SOLUSDT,bid,135,26827.569
2024-08-16 08:05:02,SOLUSDT,ask,158,14813.347
2024-08-16 08:05:07,SOLUSDT,ask,151,7635.572
2024-08-16 08:05:13,SOLUSDT,bid,112,9693.004
2024-08-16 08:05:22,SOLUSDT,ask,158,14811.349
2024-08-16 08:05:22,SOLUSDT,bid,130,16076.808
2024-08-16 08:05:36,SOLUSDT,bid,120,24439.411
2024-08-16 08:05:48,SOLUSDT,ask,160,24930.368
2024-08-16 08:05:48,SOLUSDT,ask,165,15804.576
2024-08-16 08:05:53,SOLUSDT,bid,121,8604.544
2024-08-16 08:06:07,SOLUSDT,ask,155,8491.481
2024-08-16 08:06:09,SOLUSDT,bid,120,24442.635
2024-08-16 08:06:12,SOLUSDT,bid,131,9505.969
2024-08-16 08:06:23,SOLUSDT,ask,150,11238.849
2024-08-16 08:06:37,SOLUSDT,bid,132,7915.953
2024-08-16 08:06:40,SOLUSDT,bid,90,21257.12
2024-08-16 08:07:14,SOLUSDT,bid,110,27447.173
2024-08-16 08:07:19,SOLUSDT,bid,120,24444.635
2024-08-16 08:07:26,SOLUSDT,ask,150,11243.036
2024-08-16 08:07:39,SOLUSDT,bid,112,9668.004
2024-08-16 08:07:42,SOLUSDT,bid,120,24434.635
2024-08-16 08:08:05,SOLUSDT,bid,110,27442.628
2024-08-16 08:08:07,SOLUSDT,bid,120,24430.335
2024-08-16 08:08:10,SOLUSDT,bid,130,16072.962
2024-08-16 08:08:23,SOLUSDT,bid,135,26827.68
2024-08-16 08:08:35,SOLUSDT,bid,110,27460.809
2024-08-16 08:08:37,SOLUSDT,ask,150,11232.679
2024-08-16 08:08:43,SOLUSDT,ask,150,11222.73
2024-08-16 08:08:46,SOLUSDT,bid,105,10469.98
2024-08-16 08:08:46,SOLUSDT,ask,200,44715.854
2024-08-16 08:09:04,SOLUSDT,bid,130,16076.038
2024-08-16 08:09:11,SOLUSDT,bid,125,18921.33
2024-08-16 08:09:37,SOLUSDT,bid,130,16079.884
2024-08-16 08:09:39,SOLUSDT,bid,125,18914.14
2024-08-16 08:09:43,SOLUSDT,ask,165,15767.141
2024-08-16 08:09:49,SOLUSDT,bid,120,24434.501
2024-08-16 08:09:54,SOLUSDT,bid,115,20696.044
2024-08-16 08:09:59,SOLUSDT,bid,100,37401.118
2024-08-16 08:10:02,SOLUSDT,bid,112,9668.452
2024-08-16 08:10:05,SOLUSDT,bid,110,27459.609
2024-08-16 08:10:47,SOLUSDT,bid,130,16078.093
2024-08-16 08:10:55,SOLUSDT,bid,130,16066.36
2024-08-16 08:10:55,SOLUSDT,bid,130,16193.764
2024-08-16 08:11:05,SOLUSDT,ask,155,8490.482
2024-08-16 08:11:23,SOLUSDT,bid,125,18913.14
2024-08-16 08:11:24,SOLUSDT,bid,118,9524.953
2024-08-16 08:11:39,SOLUSDT,ask,150,11406.033
2024-08-16 08:11:49,SOLUSDT,bid,135,26828.42
2024-08-16 08:11:58,SOLUSDT,bid,135,26833.42
2024-08-16 08:11:59,SOLUSDT,bid,135,26827.978
2024-08-16 08:12:00,SOLUSDT,bid,135,26830.285
2024-08-16 08:12:00,SOLUSDT,bid,132,7913.646
2024-08-16 08:12:01,SOLUSDT,ask,150,11222.73
2024-08-16 08:12:07,SOLUSDT,bid,130,16199.415
2024-08-16 08:12:09,SOLUSDT,ask,151,7818.875
2024-08-16 08:12:10,SOLUSDT,ask,170,11543.182
2024-08-16 08:12:11,SOLUSDT,ask,155,8491.481
2024-08-16 08:12:19,SOLUSDT,bid,96,12089.152
2024-08-16 08:12:25,SOLUSDT,bid,130,16207.107
2024-08-16 08:12:27,SOLUSDT,bid,131,9505.059
2024-08-16 08:12:29,SOLUSDT,bid,120,24433.386
2024-08-16 08:12:38,SOLUSDT,bid,110,27450.519
2024-08-16 08:12:39,SOLUSDT,ask,150,11219.025
2024-08-16 08:12:46,SOLUSDT,bid,135,26831.168
2024-08-16 08:12:50,SOLUSDT,bid,110,27468.116
2024-08-16 08:13:14,SOLUSDT,ask,150,11219.738
2024-08-16 08:13:42,SOLUSDT,ask,150,11219.57
2024-08-16 08:14:02,SOLUSDT,ask,150,11219.659
2024-08-16 08:14:07,SOLUSDT,bid,112,9681.844
2024-08-16 08:14:12,SOLUSDT,bid,130,16206.107
2024-08-16 08:14:21,SOLUSDT,bid,110,27468.025
2024-08-16 08:14:21,SOLUSDT,bid,100,37401.218
2024-08-16 08:14:39,SOLUSDT,bid,135,26831.353
2024-08-16 08:14:47,SOLUSDT,bid,130,16206.299
2024-08-16 08:14:53,SOLUSDT,bid,125,18913.34
2024-08-16 08:14:59,SOLUSDT,bid,120,24433.594
2024-08-16 08:15:10,SOLUSDT,ask,151,7819.726
2024-08-16 08:15:16,SOLUSDT,bid,115,20696.261
2024-08-16 08:15:21,SOLUSDT,bid,110,27468.252
2024-08-16 08:15:24,SOLUSDT,ask,150,11219.726
2024-08-16 08:15:24,SOLUSDT,ask,165,15767.08
2024-08-16 08:15:29,SOLUSDT,bid,130,15810.062
2024-08-16 08:15:58,SOLUSDT,ask,250,18011.52
2024-08-16 08:16:00,SOLUSDT,bid,135,26832.093
2024-08-16 08:16:10,SOLUSDT,bid,130,15812.062
2024-08-16 08:16:16,SOLUSDT,bid,120,24441.459
2024-08-16 08:16:23,SOLUSDT,bid,120,24456.459
2024-08-16 08:16:31,SOLUSDT,ask,150,11205.435
2024-08-16 08:16:31,SOLUSDT,bid,110,27474.615
2024-08-16 08:16:45,SOLUSDT,bid,100,37408.218
2024-08-16 08:16:55,SOLUSDT,bid,135,26847.573
2024-08-16 08:16:57,SOLUSDT,bid,110,27484.615
2024-08-16 08:16:58,SOLUSDT,bid,90,21264.819
2024-08-16 08:17:25,SOLUSDT,bid,135,26674.231
2024-08-16 08:17:26,SOLUSDT,ask,150,11207.479
2024-08-16 08:17:27,SOLUSDT,ask,158,14826.349
2024-08-16 08:17:30,SOLUSDT,bid,135,26839.002
2024-08-16 08:17:37,SOLUSDT,bid,135,26823.522
2024-08-16 08:17:45,SOLUSDT,bid,115,20695.828
2024-08-16 08:17:47,SOLUSDT,bid,111,14793.037
2024-08-16 08:17:48,SOLUSDT,bid,110,27508.544
2024-08-16 08:17:56,SOLUSDT,ask,152,15890.391
2024-08-16 08:18:37,SOLUSDT,bid,111,14790.095
2024-08-16 08:18:38,SOLUSDT,bid,135,26764.263
2024-08-16 08:18:45,SOLUSDT,bid,121,8607.244
2024-08-16 08:18:55,SOLUSDT,ask,150,11206.173
2024-08-16 08:19:07,SOLUSDT,ask,150,11206.054
2024-08-16 08:19:10,SOLUSDT,ask,151,7817.334
2024-08-16 08:19:10,SOLUSDT,ask,150,10860.558
2024-08-16 08:19:11,SOLUSDT,bid,100,37413.218
2024-08-16 08:19:16,SOLUSDT,ask,170,11542.765
2024-08-16 08:19:16,SOLUSDT,bid,112,9681.844
2024-08-16 08:19:17,SOLUSDT,ask,170,11542.338
2024-08-16 08:19:18,SOLUSDT,bid,130,15812.562
2024-08-16 08:19:25,SOLUSDT,bid,125,18928.501
2024-08-16 08:19:37,SOLUSDT,bid,112,9681.844
2024-08-16 08:19:39,SOLUSDT,ask,150,10860.521
2024-08-16 08:19:51,SOLUSDT,ask,170,11543.53
2024-08-16 08:19:51,SOLUSDT,bid,138,13398.409
2024-08-16 08:19:52,SOLUSDT,ask,150,10859.305
2024-08-16 08:19:57,SOLUSDT,bid,112,9681.844
2024-08-16 08:20:12,SOLUSDT,bid,135,26767.966
2024-08-16 08:20:26,SOLUSDT,bid,111,14791.021
2024-08-16 08:20:29,SOLUSDT,ask,155,8486.17
2024-08-16 08:20:32,SOLUSDT,bid,120,24455.626
2024-08-16 08:20:38,SOLUSDT,bid,110,27508.971
2024-08-16 08:20:43,SOLUSDT,bid,110,27509.88
2024-08-16 08:20:50,SOLUSDT,bid,111,14792.03
2024-08-16 08:20:56,SOLUSDT,ask,150,10860.521
2024-08-16 08:20:57,SOLUSDT,bid,135,26775.706
2024-08-16 08:21:08,SOLUSDT,bid,111,14791.021
2024-08-16 08:21:13,SOLUSDT,bid,120,24464.334
2024-08-16 08:21:18,SOLUSDT,bid,135,26775.8
2024-08-16 08:21:22,SOLUSDT,bid,112,9681.844
2024-08-16 08:21:26,SOLUSDT,ask,160,24930.516
2024-08-16 08:21:33,SOLUSDT,bid,95,11164.279
2024-08-16 08:21:38,SOLUSDT,bid,110,27510.827
2024-08-16 08:21:42,SOLUSDT,bid,112,9681.844
2024-08-16 08:21:51,SOLUSDT,bid,131,9428.724
2024-08-16 08:21:59,SOLUSDT,bid,105,10478.517
2024-08-16 08:22:00,SOLUSDT,ask,163,17514.488
2024-08-16 08:22:01,SOLUSDT,bid,135,26782.1
2024-08-16 08:22:02,SOLUSDT,bid,125,19008.501
2024-08-16 08:22:02,SOLUSDT,bid,112,9681.844
2024-08-16 08:22:26,SOLUSDT,bid,115,20703.622
2024-08-16 08:22:26,SOLUSDT,bid,125,19007.703
2024-08-16 08:22:28,SOLUSDT,ask,155,8486.465
2024-08-16 08:22:37,SOLUSDT,ask,151,7816.343
2024-08-16 08:22:40,SOLUSDT,ask,600,2871.847
2024-08-16 08:22:58,SOLUSDT,bid,135,26617.329
2024-08-16 08:23:16,SOLUSDT,bid,135,26662.329
2024-08-16 08:23:28,SOLUSDT,bid,112,9681.944
2024-08-16 08:23:28,SOLUSDT,bid,112,9681.844
2024-08-16 08:23:31,SOLUSDT,bid,112,9689.298
2024-08-16 08:23:38,SOLUSDT,bid,116,8943.336
2024-08-16 08:23:46,SOLUSDT,bid,112,9690.108
2024-08-16 08:23:47,SOLUSDT,bid,112,9690.208
2024-08-16 08:23:48,SOLUSDT,bid,112,9690.108
2024-08-16 08:23:59,SOLUSDT,bid,110,27515.166
2024-08-16 08:24:08,SOLUSDT,bid,112,9690.208
2024-08-16 08:24:08,SOLUSDT,bid,112,9690.108
2024-08-16 08:24:16,SOLUSDT,ask,160,24920.516
2024-08-16 08:24:17,SOLUSDT,ask,165,15757.08
2024-08-16 08:24:24,SOLUSDT,bid,120,24454.334
2024-08-16 08:24:25,SOLUSDT,bid,110,27522.628
2024-08-16 08:24:26,SOLUSDT,ask,150,10860.877
2024-08-16 08:24:26,SOLUSDT,bid,132,8566.872
2024-08-16 08:24:27,SOLUSDT,bid,130,15812.485
2024-08-16 08:24:31,SOLUSDT,bid,130,15822.485
2024-08-16 08:24:34,SOLUSDT,bid,135,26827.1
2024-08-16 08:24:36,SOLUSDT,bid,130,15821.484
2024-08-16 08:24:36,SOLUSDT,bid,120,24455.335
2024-08-16 08:24:41,SOLUSDT,bid,95,11172.306
2024-08-16 08:24:41,SOLUSDT,ask,155,8479.916
2024-08-16 08:24:45,SOLUSDT,bid,135,26828.1
2024-08-16 08:24:50,SOLUSDT,bid,131,9427.198
2024-08-16 08:24:54,SOLUSDT,ask,152,15890.531
2024-08-16 08:25:00,SOLUSDT,bid,95,11164.279
2024-08-16 08:25:04,SOLUSDT,bid,130,15824.969
2024-08-16 08:25:05,SOLUSDT,bid,112,9700.108
2024-08-16 08:25:09,SOLUSDT,bid,118,9537.15
2024-08-16 08:25:26,SOLUSDT,ask,155,8481.381
2024-08-16 08:25:27,SOLUSDT,bid,130,15824.508
2024-08-16 08:25:32,SOLUSDT,bid,112,9700.108
2024-08-16 08:25:41,SOLUSDT,bid,125,19008.704
2024-08-16 08:25:41,SOLUSDT,bid,120,24454.334
2024-08-16 08:25:46,SOLUSDT,ask,155,8482.416
2024-08-16 08:25:50,SOLUSDT,bid,120,24412.668
2024-08-16 08:25:52,SOLUSDT,bid,112,9700.108
2024-08-16 08:26:07,SOLUSDT,bid,100,37416.732
2024-08-16 08:26:12,SOLUSDT,bid,112,9700.108
2024-08-16 08:26:17,SOLUSDT,bid,110,27521.628
2024-08-16 08:26:17,SOLUSDT,bid,105,10479.517
2024-08-16 08:26:20,SOLUSDT,bid,135,26663.329
2024-08-16 08:26:24,SOLUSDT,bid,110,27080.214
2024-08-16 08:26:24,SOLUSDT,bid,135,26663.773
2024-08-16 08:26:37,SOLUSDT,bid,118,9529.15
2024-08-16 08:26:42,SOLUSDT,ask,150,10860.913
2024-08-16 08:27:00,SOLUSDT,bid,118,9534.341
2024-08-16 08:27:22,SOLUSDT,bid,120,24411.668
2024-08-16 08:27:29,SOLUSDT,ask,165,15756.601
2024-08-16 08:27:29,SOLUSDT,ask,175,14227.652
2024-08-16 08:27:30,SOLUSDT,ask,250,18008.419
2024-08-16 08:27:37,SOLUSDT,bid,112,9700.108
2024-08-16 08:27:40,SOLUSDT,bid,135,26665.773
2024-08-16 08:27:40,SOLUSDT,bid,115,20704.454
2024-08-16 08:27:41,SOLUSDT,ask,150,10859.913
2024-08-16 08:27:49,SOLUSDT,ask,151,7814.345
2024-08-16 08:27:52,SOLUSDT,ask,300,9219.629
2024-08-16 08:27:57,SOLUSDT,bid,112,9700.108
2024-08-16 08:28:14,SOLUSDT,bid,130,15829.508
2024-08-16 08:28:17,SOLUSDT,bid,112,9700.108
2024-08-16 08:28:26,SOLUSDT,bid,131,9429.198
2024-08-16 08:28:29,SOLUSDT,bid,120,24418.668
2024-08-16 08:28:31,SOLUSDT,bid,115,20710.861
2024-08-16 08:28:33,SOLUSDT,bid,135,26565.773
2024-08-16 08:28:39,SOLUSDT,ask,165,15758.306
2024-08-16 08:28:39,SOLUSDT,bid,135,26566.762
2024-08-16 08:29:03,SOLUSDT,bid,135,26591.762
2024-08-16 08:29:17,SOLUSDT,bid,135,26592.655
2024-08-16 08:29:33,SOLUSDT,bid,135,26593.025
2024-08-16 08:29:35,SOLUSDT,bid,110,27081.477
2024-08-16 08:29:43,SOLUSDT,bid,112,9700.108
2024-08-16 08:29:46,SOLUSDT,bid,130,15859.508
2024-08-16 08:29:49,SOLUSDT,ask,152,15889.925
2024-08-16 08:29:54,SOLUSDT,bid,120,24412.528
2024-08-16 08:30:02,SOLUSDT,bid,112,9700.208
2024-08-16 08:30:02,SOLUSDT,bid,112,9700.108
2024-08-16 08:30:17,SOLUSDT,bid,125,19035.704
2024-08-16 08:30:23,SOLUSDT,bid,112,9700.108
2024-08-16 08:30:23,SOLUSDT,ask,210,24742.437
2024-08-16 08:30:42,SOLUSDT,bid,115,20707.861
2024-08-16 08:30:42,SOLUSDT,bid,110,27076.477
2024-08-16 08:30:44,SOLUSDT,bid,120,24412.112
2024-08-16 08:30:56,SOLUSDT,bid,111,15366.001
2024-08-16 08:31:18,SOLUSDT,bid,131,9573.065
2024-08-16 08:31:20,SOLUSDT,bid,110,27085.876
2024-08-16 08:31:20,SOLUSDT,bid,135,26594.049
2024-08-16 08:31:38,SOLUSDT,ask,152,15891.483
2024-08-16 08:31:41,SOLUSDT,bid,135,26620.481
2024-08-16 08:31:46,SOLUSDT,ask,150,10855.738
2024-08-16 08:31:47,SOLUSDT,ask,155,8482.069
2024-08-16 08:31:57,SOLUSDT,bid,120,24647.695
2024-08-16 08:31:57,SOLUSDT,ask,200,44722.494
2024-08-16 08:32:18,SOLUSDT,bid,130,15860.508
2024-08-16 08:32:18,SOLUSDT,bid,120,24646.695
2024-08-16 08:32:19,SOLUSDT,bid,130,15853.508
2024-08-16 08:32:20,SOLUSDT,ask,160,24917.268
2024-08-16 08:32:23,SOLUSDT,bid,111,15385.059
2024-08-16 08:32:28,SOLUSDT,ask,155,8482.426
2024-08-16 08:32:33,SOLUSDT,bid,132,7913.646
2024-08-16 08:32:37,SOLUSDT,bid,135,26620.333
2024-08-16 08:32:44,SOLUSDT,ask,160,24916.34
2024-08-16 08:32:46,SOLUSDT,bid,125,19036.504
2024-08-16 08:32:49,SOLUSDT,bid,131,9576.881
2024-08-16 08:32:55,SOLUSDT,ask,180,21799.786
2024-08-16 08:32:57,SOLUSDT,bid,135,26620.481
2024-08-16 08:33:02,SOLUSDT,bid,120,24645.636
2024-08-16 08:33:03,SOLUSDT,bid,120,24644.635
2024-08-16 08:33:11,SOLUSDT,ask,155,8481.427
2024-08-16 08:33:26,SOLUSDT,bid,130,15859.585
2024-08-16 08:33:27,SOLUSDT,bid,120,24645.636
2024-08-16 08:33:32,SOLUSDT,bid,135,26621.221
2024-08-16 08:33:33,SOLUSDT,bid,130,15489.585
2024-08-16 08:33:33,SOLUSDT,bid,116,8933.543
2024-08-16 08:33:41,SOLUSDT,bid,130,15490.354
2024-08-16 08:33:48,SOLUSDT,bid,135,26981.221
2024-08-16 08:33:52,SOLUSDT,ask,155,8431.427
2024-08-16 08:33:55,SOLUSDT,bid,125,19037.304
2024-08-16 08:34:33,SOLUSDT,ask,150,10814.056
2024-08-16 08:34:35,SOLUSDT,bid,120,24648.762
2024-08-16 08:34:56,SOLUSDT,bid,130,15487.257
2024-08-16 08:35:13,SOLUSDT,bid,135,26980.481
2024-08-16 08:35:46,SOLUSDT,bid,135,26978.63
2024-08-16 08:35:48,SOLUSDT,ask,152,15885.528
2024-08-16 08:36:15,SOLUSDT,bid,118,9508.799
2024-08-16 08:36:15,SOLUSDT,bid,112,9673.197
2024-08-16 08:36:33,SOLUSDT,ask,155,8431.358
2024-08-16 08:36:49,SOLUSDT,bid,120,24728.12
2024-08-16 08:37:02,SOLUSDT,bid,138,13405.927
2024-08-16 08:37:10,SOLUSDT,ask,165,15757.306
2024-08-16 08:37:14,SOLUSDT,bid,138,13407.367
2024-08-16 08:37:31,SOLUSDT,ask,150,10813.672
2024-08-16 08:37:35,SOLUSDT,bid,125,18957.304
2024-08-16 08:37:38,SOLUSDT,bid,135,26955.805
2024-08-16 08:37:45,SOLUSDT,bid,132,7989.403
2024-08-16 08:37:50,SOLUSDT,ask,180,21792.845
2024-08-16 08:38:11,SOLUSDT,bid,115,20708.73
2024-08-16 08:38:11,SOLUSDT,bid,110,26913.324
2024-08-16 08:38:14,SOLUSDT,ask,155,8433.272
2024-08-16 08:38:14,SOLUSDT,ask,150,10814.629
2024-08-16 08:38:20,SOLUSDT,bid,120,24727.287
2024-08-16 08:38:22,SOLUSDT,ask,240,5964.517
2024-08-16 08:38:28,SOLUSDT,bid,130,15485.993
2024-08-16 08:38:33,SOLUSDT,bid,90,21264.138
2024-08-16 08:38:33,SOLUSDT,bid,110,26921.257
2024-08-16 08:38:35,SOLUSDT,bid,135,26957.399
2024-08-16 08:38:38,SOLUSDT,bid,130,15484.993
2024-08-16 08:38:38,SOLUSDT,bid,110,26920.094
2024-08-16 08:38:42,SOLUSDT,bid,138,13399.849
2024-08-16 08:38:45,SOLUSDT,bid,120,24728.184
2024-08-16 08:38:53,SOLUSDT,bid,110,26922.821
2024-08-16 08:38:56,SOLUSDT,bid,100,37417.809
2024-08-16 08:39:00,SOLUSDT,bid,135,26963.084
2024-08-16 08:39:05,SOLUSDT,bid,131,9577.644
2024-08-16 08:39:07,SOLUSDT,ask,188,10387.52
2024-08-16 08:39:08,SOLUSDT,bid,135,26874.196
2024-08-16 08:39:12,SOLUSDT,bid,131,9576.881
2024-08-16 08:39:29,SOLUSDT,ask,188,10388.165
2024-08-16 08:39:39,SOLUSDT,bid,131,9573.828
2024-08-16 08:39:42,SOLUSDT,ask,175,14234.038
2024-08-16 08:40:13,SOLUSDT,ask,150,10814.711
2024-08-16 08:40:14,SOLUSDT,bid,138,13398.409
2024-08-16 08:40:15,SOLUSDT,bid,125,18953.072
2024-08-16 08:40:55,SOLUSDT,bid,120,24731.184
2024-08-16 08:41:17,SOLUSDT,bid,125,18953.022
2024-08-16 08:41:30,SOLUSDT,ask,150,10817.707
2024-08-16 08:41:39,SOLUSDT,ask,190,24079.126
2024-08-16 08:41:49,SOLUSDT,bid,111,15402.639
2024-08-16 08:41:49,SOLUSDT,bid,130,15484.594
2024-08-16 08:41:54,SOLUSDT,bid,130,15487.157
2024-08-16 08:41:59,SOLUSDT,ask,150,10818.706
2024-08-16 08:42:21,SOLUSDT,bid,130,15486.881
2024-08-16 08:42:25,SOLUSDT,bid,135,26785.842
2024-08-16 08:42:30,SOLUSDT,ask,185,17398.708
2024-08-16 08:43:09,SOLUSDT,ask,180,21794.615
2024-08-16 08:43:10,SOLUSDT,bid,100,37387.809
2024-08-16 08:43:30,SOLUSDT,bid,130,15487.65
2024-08-16 08:43:47,SOLUSDT,bid,110,26924.702
2024-08-16 08:43:54,SOLUSDT,bid,115,20703.73
2024-08-16 08:44:02,SOLUSDT,bid,125,18955.822
2024-08-16 08:44:03,SOLUSDT,bid,110,26922.821
2024-08-16 08:44:08,SOLUSDT,ask,180,21793.812
2024-08-16 08:44:09,SOLUSDT,bid,120,24734.1
2024-08-16 08:44:12,SOLUSDT,bid,111,15404.503
2024-08-16 08:44:15,SOLUSDT,bid,115,20706.773
2024-08-16 08:44:47,SOLUSDT,bid,125,18953.022
2024-08-16 08:45:00,SOLUSDT,bid,135,26786.342
2024-08-16 08:45:00,SOLUSDT,bid,111,15407.997
2024-08-16 08:45:24,SOLUSDT,bid,120,24654.742
2024-08-16 08:45:26,SOLUSDT,ask,245,9997.291
2024-08-16 08:45:26,SOLUSDT,ask,250,17994.419
2024-08-16 08:45:29,SOLUSDT,bid,100,37114.191
2024-08-16 08:45:37,SOLUSDT,ask,150,10815.71
2024-08-16 08:45:39,SOLUSDT,bid,80,30004.048
2024-08-16 08:45:46,SOLUSDT,ask,155,8430.999
2024-08-16 08:45:50,SOLUSDT,ask,150,10819.412
2024-08-16 08:46:00,SOLUSDT,ask,150,10821.685
2024-08-16 08:46:28,SOLUSDT,bid,131,9575.828
2024-08-16 08:46:51,SOLUSDT,bid,125,18952.222
2024-08-16 08:46:51,SOLUSDT,bid,120,24654.326
2024-08-16 08:46:51,SOLUSDT,bid,120,24658.5
2024-08-16 08:47:01,SOLUSDT,bid,130,15486.881
2024-08-16 08:47:03,SOLUSDT,ask,158,14841.349
2024-08-16 08:47:03,SOLUSDT,ask,160,24901.34
2024-08-16 08:47:26,SOLUSDT,bid,130,15492.265
2024-08-16 08:47:28,SOLUSDT,bid,120,24873.418
2024-08-16 08:47:30,SOLUSDT,bid,120,24873.27
2024-08-16 08:47:30,SOLUSDT,ask,155,8430.851
2024-08-16 08:47:31,SOLUSDT,bid,135,26788.342
2024-08-16 08:47:35,SOLUSDT,bid,110,26912.821
2024-08-16 08:47:41,SOLUSDT,ask,185,17401.022
2024-08-16 08:47:53,SOLUSDT,bid,135,26788.085
2024-08-16 08:48:00,SOLUSDT,bid,132,7989.237
2024-08-16 08:48:00,SOLUSDT,bid,131,9575.662
2024-08-16 08:48:00,SOLUSDT,ask,170,11543.364
2024-08-16 08:48:00,SOLUSDT,ask,175,14233.872
2024-08-16 08:48:00,SOLUSDT,ask,200,44722.328
2024-08-16 08:48:00,SOLUSDT,bid,135,26787.919
2024-08-16 08:48:00,SOLUSDT,bid,125,18952.056
2024-08-16 08:48:00,SOLUSDT,bid,121,8607.078
2024-08-16 08:48:00,SOLUSDT,bid,120,24873.104
2024-08-16 08:48:00,SOLUSDT,ask,150,10821.519
2024-08-16 08:48:00,SOLUSDT,ask,152,15885.362
2024-08-16 08:48:00,SOLUSDT,ask,155,8430.685
2024-08-16 08:48:00,SOLUSDT,ask,185,17400.856
2024-08-16 08:48:00,SOLUSDT,ask,198,6072.134
2024-08-16 08:48:00,SOLUSDT,ask,158,14841.183
2024-08-16 08:48:00,SOLUSDT,ask,160,24901.174
2024-08-16 08:48:00,SOLUSDT,ask,163,17514.322
2024-08-16 08:48:00,SOLUSDT,ask,165,15757.14
2024-08-16 08:48:00,SOLUSDT,ask,188,10387.999
2024-08-16 08:48:00,SOLUSDT,ask,190,24078.96
2024-08-16 08:48:00,SOLUSDT,ask,195,12096.529
2024-08-16 08:48:00,SOLUSDT,ask,197,10870.008
2024-08-16 08:48:01,SOLUSDT,bid,130,15492.099
2024-08-16 08:48:01,SOLUSDT,ask,151,7814.179
2024-08-16 08:48:01,SOLUSDT,ask,161,15561.345
2024-08-16 08:48:01,SOLUSDT,ask,180,21793.646
2024-08-16 08:48:01,SOLUSDT,ask,193,7541.931
2024-08-16 08:48:02,SOLUSDT,ask,160,24901.045
2024-08-16 08:48:08,SOLUSDT,bid,110,26913.73
2024-08-16 08:48:15,SOLUSDT,bid,112,9674.536
2024-08-16 08:48:16,SOLUSDT,bid,115,20698.773
2024-08-16 08:48:18,SOLUSDT,ask,150,10821.648
2024-08-16 08:48:31,SOLUSDT,bid,100,37069.191
2024-08-16 08:48:43,SOLUSDT,ask,190,24281.208
2024-08-16 08:48:57,SOLUSDT,bid,125,18964.056
2024-08-16 08:48:58,SOLUSDT,ask,152,15884.859
2024-08-16 08:49:04,SOLUSDT,bid,112,9724.536
2024-08-16 08:49:04,SOLUSDT,bid,110,26863.73
2024-08-16 08:49:05,SOLUSDT,bid,130,15491.33
2024-08-16 08:49:11,SOLUSDT,bid,111,15420.897
2024-08-16 08:49:13,SOLUSDT,ask,500,6159.026
2024-08-16 08:49:20,SOLUSDT,bid,125,18965.056
2024-08-16 08:49:21,SOLUSDT,bid,130,15491.445
2024-08-16 08:49:23,SOLUSDT,ask,150,10905.636
2024-08-16 08:49:25,SOLUSDT,ask,190,24280.53
2024-08-16 08:49:26,SOLUSDT,bid,132,7984.086
2024-08-16 08:49:26,SOLUSDT,ask,300,9218.946
2024-08-16 08:49:27,SOLUSDT,bid,130,15492.214
2024-08-16 08:49:53,SOLUSDT,bid,130,15492.29
2024-08-16 08:49:54,SOLUSDT,bid,125,18966.846
2024-08-16 08:49:57,SOLUSDT,bid,132,7984.161
2024-08-16 08:50:01,SOLUSDT,bid,135,26787.993
2024-08-16 08:50:12,SOLUSDT,bid,120,24862.999
2024-08-16 08:50:14,SOLUSDT,bid,120,24869.49
2024-08-16 08:50:15,SOLUSDT,bid,120,24868.474
2024-08-16 08:50:17,SOLUSDT,bid,125,18965.801
2024-08-16 08:50:19,SOLUSDT,bid,135,26787.383
2024-08-16 08:50:23,SOLUSDT,ask,163,17515.273
2024-08-16 08:50:26,SOLUSDT,bid,120,24889.574
2024-08-16 08:50:34,SOLUSDT,ask,155,9730.685
2024-08-16 08:50:39,SOLUSDT,bid,132,7985.373
2024-08-16 08:50:42,SOLUSDT,bid,130,15493.297
2024-08-16 08:50:44,SOLUSDT,bid,120,24899.574
2024-08-16 08:50:54,SOLUSDT,bid,125,18966.774
2024-08-16 08:50:57,SOLUSDT,bid,130,15510.959
2024-08-16 08:51:14,SOLUSDT,ask,160,24911.045
2024-08-16 08:51:14,SOLUSDT,ask,165,15747.14
2024-08-16 08:51:23,SOLUSDT,bid,130,15493.297
2024-08-16 08:51:25,SOLUSDT,ask,175,14244.322
2024-08-16 08:51:25,SOLUSDT,ask,180,21783.196
2024-08-16 08:51:39,SOLUSDT,bid,110,26863.821
2024-08-16 08:51:43,SOLUSDT,bid,130,15494.387
2024-08-16 08:51:45,SOLUSDT,bid,130,15474.387
2024-08-16 08:51:45,SOLUSDT,bid,112,9745.036
2024-08-16 08:51:56,SOLUSDT,bid,111,15432.594
2024-08-16 08:52:18,SOLUSDT,bid,135,26781.383
2024-08-16 08:52:25,SOLUSDT,bid,100,36853.27
2024-08-16 08:52:33,SOLUSDT,bid,125,18925.733
2024-08-16 08:52:52,SOLUSDT,bid,116,8924.923
2024-08-16 08:53:07,SOLUSDT,bid,111,15446.107
2024-08-16 08:53:14,SOLUSDT,bid,112,9722.714
2024-08-16 08:53:21,SOLUSDT,bid,130,15551.31
2024-08-16 08:53:22,SOLUSDT,bid,130,15581.31
2024-08-16 08:53:34,SOLUSDT,bid,120,24899.158
2024-08-16 08:53:48,SOLUSDT,ask,151,7816.441
2024-08-16 08:53:52,SOLUSDT,ask,150,10905.507
2024-08-16 08:53:55,SOLUSDT,bid,121,8627.74
2024-08-16 08:54:06,SOLUSDT,ask,150,10904.508
2024-08-16 08:54:09,SOLUSDT,ask,152,15884.074
2024-08-16 08:54:15,SOLUSDT,ask,152,15884.731
2024-08-16 08:54:27,SOLUSDT,bid,125,18925.133
2024-08-16 08:54:51,SOLUSDT,bid,120,24841.447
2024-08-16 08:54:53,SOLUSDT,bid,135,26782.383
2024-08-16 08:54:59,SOLUSDT,bid,116,8925.568
2024-08-16 08:55:01,SOLUSDT,bid,110,26926.779
2024-08-16 08:55:13,SOLUSDT,bid,130,15782.618
2024-08-16 08:55:13,SOLUSDT,bid,111,15441.107
2024-08-16 08:55:14,SOLUSDT,bid,120,24836.447
2024-08-16 08:55:17,SOLUSDT,bid,100,37053.27
2024-08-16 08:55:19,SOLUSDT,bid,135,26781.643
2024-08-16 08:55:21,SOLUSDT,bid,120,25054.53
2024-08-16 08:55:34,SOLUSDT,bid,96,12289.152
2024-08-16 08:55:37,SOLUSDT,bid,95,11364.279
2024-08-16 08:55:41,SOLUSDT,bid,130,15783.198
2024-08-16 08:55:49,SOLUSDT,bid,120,25055.53
2024-08-16 08:55:52,SOLUSDT,bid,110,26925.516
2024-08-16 08:55:54,SOLUSDT,bid,135,26783.124
2024-08-16 08:55:58,SOLUSDT,bid,135,26783.494
2024-08-16 08:55:59,SOLUSDT,bid,90,21464.138
2024-08-16 08:55:59,SOLUSDT,bid,120,25057.071
2024-08-16 08:56:10,SOLUSDT,bid,130,15782.191
2024-08-16 08:56:10,SOLUSDT,bid,120,25057.487
2024-08-16 08:56:11,SOLUSDT,bid,125,18924.16
2024-08-16 08:56:35,SOLUSDT,ask,155,9730.55
2024-08-16 08:56:38,SOLUSDT,bid,110,26926.543
2024-08-16 08:56:42,SOLUSDT,bid,80,30204.048
2024-08-16 08:56:55,SOLUSDT,bid,120,25062.068
2024-08-16 08:56:57,SOLUSDT,bid,135,26777.239
2024-08-16 08:56:58,SOLUSDT,bid,135,26623.057
2024-08-16 08:57:04,SOLUSDT,ask,195,12096.668
2024-08-16 08:57:18,SOLUSDT,ask,195,12096.529
2024-08-16 08:57:19,SOLUSDT,bid,135,26623.427
2024-08-16 08:57:24,SOLUSDT,bid,110,26925.543
2024-08-16 08:57:26,SOLUSDT,bid,111,15440.107
2024-08-16 08:57:32,SOLUSDT,bid,110,26927.291
2024-08-16 08:57:37,SOLUSDT,bid,110,26926.287
2024-08-16 08:57:42,SOLUSDT,bid,135,26624.427
2024-08-16 08:57:46,SOLUSDT,bid,135,26626.222
2024-08-16 08:57:46,SOLUSDT,ask,205,10789.117
2024-08-16 08:57:58,SOLUSDT,bid,132,7985.26
2024-08-16 08:57:59,SOLUSDT,bid,110,26904.239
2024-08-16 08:58:00,SOLUSDT,bid,132,7986.26
2024-08-16 08:58:09,SOLUSDT,bid,112,9721.714
2024-08-16 08:58:13,SOLUSDT,bid,115,20697.773
2024-08-16 08:58:21,SOLUSDT,bid,135,26626.522
2024-08-16 08:58:21,SOLUSDT,bid,105,10502.614
2024-08-16 08:58:22,SOLUSDT,ask,175,14243.565
2024-08-16 08:58:23,SOLUSDT,bid,131,9576.662
2024-08-16 08:58:24,SOLUSDT,bid,131,9578.662
2024-08-16 08:58:27,SOLUSDT,bid,115,20680.382
2024-08-16 08:58:28,SOLUSDT,ask,193,7541.876
2024-08-16 08:58:29,SOLUSDT,bid,130,15783.191
2024-08-16 08:58:35,SOLUSDT,bid,121,8630.224
2024-08-16 08:58:42,SOLUSDT,bid,111,15428.41
2024-08-16 08:59:01,SOLUSDT,bid,100,37052.97
2024-08-16 08:59:01,SOLUSDT,bid,120,24724.007
2024-08-16 08:59:09,SOLUSDT,bid,132,7985.26
2024-08-16 08:59:10,SOLUSDT,ask,150,10905.138
2024-08-16 08:59:10,SOLUSDT,bid,131,9577.662
2024-08-16 08:59:14,SOLUSDT,bid,130,15782.191
2024-08-16 08:59:18,SOLUSDT,bid,135,26626.67
2024-08-16 08:59:19,SOLUSDT,ask,155,9726.535
2024-08-16 08:59:22,SOLUSDT,bid,130,15779.845
2024-08-16 08:59:25,SOLUSDT,bid,112,9701.214
2024-08-16 09:00:13,SOLUSDT,bid,116,8926.568
2024-08-16 09:00:20,SOLUSDT,bid,115,20681.382
2024-08-16 09:00:31,SOLUSDT,bid,130,15778.845
2024-08-16 09:00:32,SOLUSDT,bid,112,9702.214
2024-08-16 09:00:32,SOLUSDT,bid,118,9507.799
2024-08-16 09:00:34,SOLUSDT,bid,120,24723.007
2024-08-16 09:00:35,SOLUSDT,bid,125,18923.16
2024-08-16 09:00:39,SOLUSDT,bid,111,15429.41
2024-08-16 09:00:46,SOLUSDT,bid,110,26905.102
2024-08-16 09:01:29,SOLUSDT,bid,130,15778.078
2024-08-16 09:01:37,SOLUSDT,bid,130,15779.616
2024-08-16 09:01:39,SOLUSDT,bid,131,9576.662
2024-08-16 09:02:04,SOLUSDT,bid,100,37068.07
2024-08-16 09:02:05,SOLUSDT,ask,151,7810.997
2024-08-16 09:02:07,SOLUSDT,bid,120,24723.072
2024-08-16 09:02:10,SOLUSDT,ask,160,24911.17
2024-08-16 09:02:58,SOLUSDT,bid,130,15776.616
2024-08-16 09:03:18,SOLUSDT,bid,120,24729.08
2024-08-16 09:03:21,SOLUSDT,ask,170,11539.364
2024-08-16 09:03:25,SOLUSDT,ask,165,15745.14
2024-08-16 09:03:50,SOLUSDT,bid,118,9515.799
2024-08-16 09:03:51,SOLUSDT,bid,130,15777.383
2024-08-16 09:03:53,SOLUSDT,bid,110,26883.121
2024-08-16 09:03:54,SOLUSDT,bid,120,24679.08
2024-08-16 09:03:57,SOLUSDT,bid,120,24699.916
2024-08-16 09:04:01,SOLUSDT,ask,165,15747.621
2024-08-16 09:04:04,SOLUSDT,bid,110,27416.932
2024-08-16 09:04:07,SOLUSDT,ask,158,14830.999
2024-08-16 09:04:18,SOLUSDT,bid,130,15778.224
2024-08-16 09:04:23,SOLUSDT,bid,120,24699.851
2024-08-16 09:04:26,SOLUSDT,bid,100,37044.606
2024-08-16 09:04:54,SOLUSDT,bid,125,18922.16
2024-08-16 09:04:56,SOLUSDT,bid,130,15389.491
2024-08-16 09:05:11,SOLUSDT,bid,138,13403.409
2024-08-16 09:05:17,SOLUSDT,ask,150,10910.359
2024-08-16 09:05:28,SOLUSDT,bid,130,15778.224
2024-08-16 09:05:43,SOLUSDT,bid,135,26627.055
2024-08-16 09:05:48,SOLUSDT,ask,200,44721.751
2024-08-16 09:05:48,SOLUSDT,bid,105,10653.016
2024-08-16 09:05:53,SOLUSDT,bid,100,36999.343
2024-08-16 09:06:15,SOLUSDT,ask,155,9727.259
2024-08-16 09:06:19,SOLUSDT,bid,125,18995.406
2024-08-16 09:06:28,SOLUSDT,bid,125,19218.094
2024-08-16 09:06:33,SOLUSDT,bid,120,24698.31
2024-08-16 09:06:58,SOLUSDT,bid,130,15780.724
2024-08-16 09:06:58,SOLUSDT,ask,150,10909.36
2024-08-16 09:07:08,SOLUSDT,bid,138,13398.409
2024-08-16 09:07:17,SOLUSDT,bid,120,24700.882
2024-08-16 09:07:22,SOLUSDT,ask,152,15878.124
2024-08-16 09:07:26,SOLUSDT,bid,115,20683.961
2024-08-16 09:07:50,SOLUSDT,ask,150,10908.28
2024-08-16 09:08:21,SOLUSDT,ask,200,44726.82
2024-08-16 09:08:22,SOLUSDT,bid,130,15781.231
2024-08-16 09:08:32,SOLUSDT,ask,195,12095.525
2024-08-16 09:08:33,SOLUSDT,bid,110,27416.359
2024-08-16 09:08:42,SOLUSDT,ask,160,24911.533
2024-08-16 09:08:45,SOLUSDT,bid,112,9700.812
2024-08-16 09:09:35,SOLUSDT,bid,125,19215.694
2024-08-16 09:09:41,SOLUSDT,ask,180,21783.281
2024-08-16 09:09:45,SOLUSDT,ask,165,15747.706
2024-08-16 09:09:50,SOLUSDT,ask,150,10908.365
2024-08-16 09:09:55,SOLUSDT,bid,135,26627.14
2024-08-16 09:09:56,SOLUSDT,bid,132,7985.345
2024-08-16 09:10:00,SOLUSDT,bid,120,24700.967
2024-08-16 09:10:14,SOLUSDT,bid,135,26805.019
2024-08-16 09:10:15,SOLUSDT,bid,132,7984.345
2024-08-16 09:10:37,SOLUSDT,bid,111,15429.61
2024-08-16 09:10:50,SOLUSDT,bid,135,26805.093
2024-08-16 09:10:51,SOLUSDT,bid,111,15418.186
2024-08-16 09:10:54,SOLUSDT,ask,160,24911.821
2024-08-16 09:11:19,SOLUSDT,bid,135,26800.093
2024-08-16 09:11:20,SOLUSDT,bid,132,7976.845
2024-08-16 09:11:35,SOLUSDT,bid,120,24707.967
2024-08-16 09:11:35,SOLUSDT,bid,121,8633.224
2024-08-16 09:11:51,SOLUSDT,bid,110,27423.359
2024-08-16 09:12:04,SOLUSDT,bid,121,8649.753
2024-08-16 09:12:13,SOLUSDT,ask,151,7811.296
2024-08-16 09:12:14,SOLUSDT,bid,110,27426.359
2024-08-16 09:12:20,SOLUSDT,bid,125,19221.694
2024-08-16 09:12:22,SOLUSDT,bid,130,15782.723
2024-08-16 09:12:23,SOLUSDT,bid,132,8019.024
2024-08-16 09:12:29,SOLUSDT,bid,135,26792.686
2024-08-16 09:12:36,SOLUSDT,bid,131,9574.371
2024-08-16 09:12:58,SOLUSDT,bid,135,26614.807
2024-08-16 09:13:11,SOLUSDT,bid,135,26614.984
2024-08-16 09:13:21,SOLUSDT,bid,135,26617.984
2024-08-16 09:13:23,SOLUSDT,ask,151,7816.076
2024-08-16 09:13:41,SOLUSDT,bid,132,8022.024
2024-08-16 09:13:59,SOLUSDT,bid,125,19226.694
2024-08-16 09:14:06,SOLUSDT,bid,132,8023.138
2024-08-16 09:14:28,SOLUSDT,ask,152,15870.821
2024-08-16 09:14:30,SOLUSDT,bid,120,24712.967
2024-08-16 09:14:34,SOLUSDT,bid,130,15812.723
2024-08-16 09:14:34,SOLUSDT,ask,185,17401.403
2024-08-16 09:14:36,SOLUSDT,ask,160,24912.363
2024-08-16 09:14:40,SOLUSDT,bid,120,24762.967
2024-08-16 09:14:49,SOLUSDT,bid,110,27526.359
2024-08-16 09:14:55,SOLUSDT,bid,100,37149.343
2024-08-16 09:14:55,SOLUSDT,ask,152,15370.821
2024-08-16 09:14:59,SOLUSDT,ask,151,7815.745
2024-08-16 09:15:03,SOLUSDT,bid,130,15812.815
2024-08-16 09:15:05,SOLUSDT,ask,150,10928.345
2024-08-16 09:15:28,SOLUSDT,bid,100,37148.167
2024-08-16 09:15:42,SOLUSDT,bid,120,24761.613
2024-08-16 09:16:23,SOLUSDT,bid,121,8651.753
2024-08-16 09:16:24,SOLUSDT,ask,152,15368.821
2024-08-16 09:16:26,SOLUSDT,bid,132,7980.959
2024-08-16 09:16:29,SOLUSDT,ask,152,15337.521
2024-08-16 09:16:31,SOLUSDT,bid,110,27586.143
2024-08-16 09:16:34,SOLUSDT,bid,120,24808.01
2024-08-16 09:16:40,SOLUSDT,bid,110,27585.862
2024-08-16 09:16:42,SOLUSDT,bid,138,13399.849
2024-08-16 09:16:46,SOLUSDT,bid,120,24761.613
2024-08-16 09:16:51,SOLUSDT,bid,120,24725.613
2024-08-16 09:16:52,SOLUSDT,bid,121,8697.767
2024-08-16 09:16:55,SOLUSDT,bid,135,26618.084
2024-08-16 09:16:58,SOLUSDT,bid,121,8698.022
2024-08-16 09:17:13,SOLUSDT,bid,118,9553.261
2024-08-16 09:17:23,SOLUSDT,bid,110,27526.078
2024-08-16 09:17:30,SOLUSDT,ask,152,15338.507
2024-08-16 09:17:36,SOLUSDT,bid,110,27522.034
2024-08-16 09:17:39,SOLUSDT,bid,110,27551.927
2024-08-16 09:17:49,SOLUSDT,bid,131,9510.544
2024-08-16 09:17:52,SOLUSDT,bid,118,9515.799
2024-08-16 09:18:07,SOLUSDT,ask,170,11539.72
2024-08-16 09:18:17,SOLUSDT,bid,132,7980.742
2024-08-16 09:18:21,SOLUSDT,ask,158,14825.73
2024-08-16 09:18:26,SOLUSDT,bid,105,10629.919
2024-08-16 09:18:28,SOLUSDT,bid,110,27541.927
2024-08-16 09:18:32,SOLUSDT,bid,100,37172.419
2024-08-16 09:18:48,SOLUSDT,ask,150,10926.347
2024-08-16 09:19:07,SOLUSDT,bid,138,13403.479
2024-08-16 09:19:20,SOLUSDT,ask,150,10933.388
2024-08-16 09:19:28,SOLUSDT,bid,138,13399.849
2024-08-16 09:19:29,SOLUSDT,bid,130,15862.815
2024-08-16 09:19:40,SOLUSDT,bid,130,15862.046
2024-08-16 09:19:41,SOLUSDT,ask,150,11008.498
2024-08-16 09:19:42,SOLUSDT,bid,138,13398.409
2024-08-16 09:20:24,SOLUSDT,bid,135,26620.38
2024-08-16 09:20:25,SOLUSDT,bid,132,7980.959
2024-08-16 09:20:57,SOLUSDT,ask,151,7885.745
2024-08-16 09:21:04,SOLUSDT,bid,135,26620.447
2024-08-16 09:21:08,SOLUSDT,bid,130,15864.046
2024-08-16 09:21:19,SOLUSDT,bid,135,26608.447
2024-08-16 09:21:19,SOLUSDT,bid,130,15876.046
2024-08-16 09:21:29,SOLUSDT,ask,151,7815.745
2024-08-16 09:21:30,SOLUSDT,bid,132,7980.742
2024-08-16 09:21:30,SOLUSDT,bid,110,27529.918
2024-08-16 09:21:32,SOLUSDT,bid,135,26609.642
2024-08-16 09:21:35,SOLUSDT,bid,132,8011.022
2024-08-16 09:21:44,SOLUSDT,bid,131,9510.044
2024-08-16 09:21:46,SOLUSDT,bid,125,19226.654
2024-08-16 09:21:48,SOLUSDT,ask,150,11006.829
2024-08-16 09:21:56,SOLUSDT,bid,125,19223.454
2024-08-16 09:22:09,SOLUSDT,bid,135,26609.68
2024-08-16 09:22:18,SOLUSDT,bid,111,15318.186
2024-08-16 09:22:28,SOLUSDT,bid,90,21478.815
2024-08-16 09:23:04,SOLUSDT,bid,138,13403.409
2024-08-16 09:23:05,SOLUSDT,bid,138,13398.409
2024-08-16 09:23:15,SOLUSDT,bid,120,24722.389
2024-08-16 09:23:20,SOLUSDT,bid,132,8057.175
2024-08-16 09:23:20,SOLUSDT,bid,130,15829.893
2024-08-16 09:23:21,SOLUSDT,ask,150,11005.101
2024-08-16 09:23:40,SOLUSDT,bid,132,8026.895
2024-08-16 09:23:45,SOLUSDT,bid,132,8060.974
2024-08-16 09:23:59,SOLUSDT,bid,115,20687.326
2024-08-16 09:24:39,SOLUSDT,bid,132,8050.974
2024-08-16 09:24:42,SOLUSDT,bid,125,19222.374
2024-08-16 09:24:43,SOLUSDT,bid,130,15828.841
2024-08-16 09:24:56,SOLUSDT,bid,130,15828.964
2024-08-16 09:24:59,SOLUSDT,bid,115,20687.023
2024-08-16 09:25:04,SOLUSDT,bid,112,9700.512
2024-08-16 09:25:05,SOLUSDT,bid,110,27533.976
2024-08-16 09:25:17,SOLUSDT,bid,111,15136.395
2024-08-16 09:25:17,SOLUSDT,bid,125,19223.228
2024-08-16 09:25:27,SOLUSDT,ask,161,15561.969
2024-08-16 09:25:28,SOLUSDT,bid,101,10058.499
2024-08-16 09:25:31,SOLUSDT,bid,125,19149.982
2024-08-16 09:25:51,SOLUSDT,bid,132,8050.714
2024-08-16 09:25:54,SOLUSDT,bid,130,15829.104
2024-08-16 09:25:57,SOLUSDT,ask,152,15278.692
2024-08-16 09:26:00,SOLUSDT,bid,110,27534.141
2024-08-16 09:26:04,SOLUSDT,bid,120,24722.66
2024-08-16 09:26:04,SOLUSDT,bid,100,37172.148
2024-08-16 09:26:31,SOLUSDT,ask,150,10995.956
2024-08-16 09:26:33,SOLUSDT,bid,135,26975.167
2024-08-16 09:26:45,SOLUSDT,bid,116,8925.568
2024-08-16 09:26:54,SOLUSDT,bid,135,27037.36
2024-08-16 09:26:58,SOLUSDT,bid,120,24722.583
2024-08-16 09:26:58,SOLUSDT,ask,155,9727.182
2024-08-16 09:27:10,SOLUSDT,bid,120,24719.583
2024-08-16 09:27:16,SOLUSDT,ask,150,10994.956
2024-08-16 09:27:25,SOLUSDT,ask,165,15745.225
2024-08-16 09:27:34,SOLUSDT,ask,150,10995.456
2024-08-16 09:27:43,SOLUSDT,ask,150,10994.457
2024-08-16 09:27:52,SOLUSDT,bid,105,10622.757
2024-08-16 09:27:58,SOLUSDT,bid,130,15830.889
2024-08-16 09:28:02,SOLUSDT,bid,120,24720.833
2024-08-16 09:28:04,SOLUSDT,bid,135,27036.36
2024-08-16 09:28:04,SOLUSDT,bid,130,15829.997
2024-08-16 09:28:11,SOLUSDT,ask,150,11012.834
2024-08-16 09:28:34,SOLUSDT,bid,135,27037.556
2024-08-16 09:28:34,SOLUSDT,bid,130,15828.801
2024-08-16 09:28:35,SOLUSDT,bid,120,24719.149
2024-08-16 09:28:54,SOLUSDT,ask,150,10994.457
2024-08-16 09:29:32,SOLUSDT,bid,115,20693.227
2024-08-16 09:29:40,SOLUSDT,bid,120,24727.91
2024-08-16 09:29:43,SOLUSDT,bid,115,20695.744
2024-08-16 09:29:48,SOLUSDT,ask,151,7817.5
2024-08-16 09:29:49,SOLUSDT,bid,115,20693.227
2024-08-16 09:29:56,SOLUSDT,bid,110,27526.075
2024-08-16 09:30:22,SOLUSDT,bid,120,24712.262
2024-08-16 09:30:28,SOLUSDT,ask,165,15743.52
2024-08-16 09:30:32,SOLUSDT,bid,135,27041.259
2024-08-16 09:30:37,SOLUSDT,bid,135,27040.519
2024-08-16 09:30:49,SOLUSDT,ask,160,24914.068
2024-08-16 09:30:52,SOLUSDT,ask,150,10995.444
2024-08-16 09:30:58,SOLUSDT,ask,160,24908.333
2024-08-16 09:31:03,SOLUSDT,bid,115,20692.455
2024-08-16 09:31:11,SOLUSDT,ask,152,12752.899
2024-08-16 09:31:23,SOLUSDT,ask,150,11002.198
2024-08-16 09:31:36,SOLUSDT,bid,133,8000.796
2024-08-16 09:31:38,SOLUSDT,ask,150,11003.808
2024-08-16 09:31:43,SOLUSDT,bid,115,20691.455
2024-08-16 09:31:43,SOLUSDT,bid,101,10057.499
2024-08-16 09:31:48,SOLUSDT,bid,110,27523.126
2024-08-16 09:32:12,SOLUSDT,bid,115,20691.455
2024-08-16 09:32:14,SOLUSDT,ask,155,9748.203
2024-08-16 09:32:25,SOLUSDT,bid,120,24736.478
2024-08-16 09:32:27,SOLUSDT,ask,190,24277.087
2024-08-16 09:32:29,SOLUSDT,bid,130,15825.434
2024-08-16 09:32:32,SOLUSDT,bid,115,20691.555
2024-08-16 09:32:32,SOLUSDT,bid,115,20691.455
2024-08-16 09:32:36,SOLUSDT,ask,150,11003.142
2024-08-16 09:32:36,SOLUSDT,ask,155,9747.042
2024-08-16 09:32:39,SOLUSDT,ask,150,10980.507
2024-08-16 09:32:49,SOLUSDT,bid,115,20743.628
2024-08-16 09:32:53,SOLUSDT,bid,115,20743.728
2024-08-16 09:32:53,SOLUSDT,bid,115,20743.628
2024-08-16 09:33:07,SOLUSDT,bid,100,37147.896
2024-08-16 09:33:10,SOLUSDT,bid,100,37145.896
2024-08-16 09:33:10,SOLUSDT,ask,150,10981.173
2024-08-16 09:33:11,SOLUSDT,bid,130,15824.434
2024-08-16 09:33:14,SOLUSDT,ask,150,10988.279
2024-08-16 09:33:19,SOLUSDT,bid,130,15824.587
2024-08-16 09:33:20,SOLUSDT,ask,180,21793.281
2024-08-16 09:33:25,SOLUSDT,bid,125,19145.982
2024-08-16 09:33:27,SOLUSDT,bid,110,27515.193
2024-08-16 09:33:30,SOLUSDT,ask,150,10981.525
2024-08-16 09:33:35,SOLUSDT,ask,150,10982.17
2024-08-16 09:33:45,SOLUSDT,bid,80,29829.045
2024-08-16 09:33:45,SOLUSDT,bid,120,24736.811
2024-08-16 09:33:51,SOLUSDT,bid,130,15824.433
2024-08-16 09:33:52,SOLUSDT,ask,155,9711.351
2024-08-16 09:33:52,SOLUSDT,ask,152,12752.759
2024-08-16 09:33:52,SOLUSDT,bid,120,24736.644
2024-08-16 09:33:54,SOLUSDT,bid,110,27515.011
2024-08-16 09:34:02,SOLUSDT,bid,110,27515.192
2024-08-16 09:34:18,SOLUSDT,bid,115,20743.628
2024-08-16 09:34:23,SOLUSDT,bid,135,27040.379
2024-08-16 09:34:28,SOLUSDT,bid,110,27509.719
2024-08-16 09:34:32,SOLUSDT,ask,180,21789.986
2024-08-16 09:34:38,SOLUSDT,bid,115,20743.628
2024-08-16 09:34:38,SOLUSDT,bid,132,7974.957
2024-08-16 09:34:38,SOLUSDT,ask,158,14825.78
2024-08-16 09:34:40,SOLUSDT,ask,155,9711.056
2024-08-16 09:34:42,SOLUSDT,ask,152,12755.759
2024-08-16 09:34:42,SOLUSDT,ask,158,14825.73
2024-08-16 09:34:45,SOLUSDT,ask,155,9717.1
2024-08-16 09:34:46,SOLUSDT,ask,158,14832.989
2024-08-16 09:34:47,SOLUSDT,ask,150,10984.363
2024-08-16 09:34:50,SOLUSDT,ask,152,12749.047
2024-08-16 09:34:58,SOLUSDT,bid,115,20743.628
2024-08-16 09:35:08,SOLUSDT,ask,150,10988.481
2024-08-16 09:35:20,SOLUSDT,bid,135,27041.434
2024-08-16 09:35:23,SOLUSDT,bid,135,27015.002
2024-08-16 09:35:27,SOLUSDT,ask,200,44721.751
2024-08-16 09:35:29,SOLUSDT,ask,150,10995.193
2024-08-16 09:35:45,SOLUSDT,ask,150,10977.096
2024-08-16 09:35:46,SOLUSDT,bid,130,15837.172
2024-08-16 09:35:46,SOLUSDT,bid,121,8680.816
2024-08-16 09:35:50,SOLUSDT,ask,150,10976.321
2024-08-16 09:35:58,SOLUSDT,bid,130,15838.726
2024-08-16 09:36:00,SOLUSDT,ask,152,12745.797
2024-08-16 09:36:02,SOLUSDT,ask,150,10972.203
2024-08-16 09:36:03,SOLUSDT,ask,150,10970.01
2024-08-16 09:36:03,SOLUSDT,bid,125,19162.974
2024-08-16 09:36:08,SOLUSDT,ask,151,7797.638
2024-08-16 09:36:27,SOLUSDT,bid,130,15833.075
2024-08-16 09:36:34,SOLUSDT,ask,180,21779.986
2024-08-16 09:36:38,SOLUSDT,bid,130,15832.932
2024-08-16 09:36:40,SOLUSDT,ask,150,10970.991
2024-08-16 09:37:08,SOLUSDT,bid,132,7973.859
2024-08-16 09:37:42,SOLUSDT,bid,125,19164.974
2024-08-16 09:37:51,SOLUSDT,ask,152,12744.668
2024-08-16 09:38:04,SOLUSDT,ask,170,11539.648
2024-08-16 09:38:12,SOLUSDT,ask,150,10980.101
2024-08-16 09:38:52,SOLUSDT,bid,120,24736.56
2024-08-16 09:39:06,SOLUSDT,ask,152,12748.104
2024-08-16 09:39:55,SOLUSDT,ask,150,10980.168
2024-08-16 09:40:01,SOLUSDT,ask,155,9727.1
2024-08-16 09:40:08,SOLUSDT,bid,135,27016.002
2024-08-16 09:40:19,SOLUSDT,ask,155,9727.164
2024-08-16 09:40:29,SOLUSDT,ask,150,10981.155
2024-08-16 09:40:46,SOLUSDT,ask,150,10981.194
2024-08-16 09:40:46,SOLUSDT,ask,155,9727.203
2024-08-16 09:40:47,SOLUSDT,bid,135,27016.041
2024-08-16 09:40:47,SOLUSDT,bid,130,15832.971
2024-08-16 09:40:52,SOLUSDT,ask,152,12765.104
2024-08-16 09:40:52,SOLUSDT,bid,100,37170.148
2024-08-16 09:40:57,SOLUSDT,bid,105,10622.293
2024-08-16 09:41:00,SOLUSDT,ask,160,24901.11
2024-08-16 09:41:03,SOLUSDT,bid,110,27518.809
2024-08-16 09:41:10,SOLUSDT,ask,152,12731.64
2024-08-16 09:41:19,SOLUSDT,ask,150,10898.733
2024-08-16 09:41:32,SOLUSDT,bid,131,9310.044
2024-08-16 09:41:34,SOLUSDT,bid,131,9310.196
2024-08-16 09:41:34,SOLUSDT,ask,152,12765.104
2024-08-16 09:41:35,SOLUSDT,bid,135,27015.301
2024-08-16 09:42:03,SOLUSDT,ask,150,10897.517
2024-08-16 09:42:17,SOLUSDT,bid,130,15831.971
2024-08-16 09:42:21,SOLUSDT,bid,118,9464.306
2024-08-16 09:42:22,SOLUSDT,ask,150,10951.401
2024-08-16 09:42:26,SOLUSDT,bid,120,24736.66
2024-08-16 09:42:42,SOLUSDT,ask,165,15706.52
2024-08-16 09:42:43,SOLUSDT,bid,130,15831.464
2024-08-16 09:42:46,SOLUSDT,ask,150,10981.133
2024-08-16 09:42:49,SOLUSDT,bid,135,27012.712
2024-08-16 09:42:59,SOLUSDT,bid,110,27527.982
2024-08-16 09:43:01,SOLUSDT,ask,160,24972.11
2024-08-16 09:43:01,SOLUSDT,ask,180,21784.256
2024-08-16 09:43:15,SOLUSDT,ask,165,15708.754
2024-08-16 09:43:29,SOLUSDT,bid,130,15831.562
2024-08-16 09:43:44,SOLUSDT,bid,135,27007.027
2024-08-16 09:44:07,SOLUSDT,bid,110,27528.736
2024-08-16 09:44:11,SOLUSDT,ask,151,7777.638
2024-08-16 09:44:22,SOLUSDT,bid,100,37087.148
2024-08-16 09:44:22,SOLUSDT,bid,135,27006.953
2024-08-16 09:44:23,SOLUSDT,ask,150,10987.616
2024-08-16 09:44:28,SOLUSDT,bid,110,27530.393
2024-08-16 09:44:31,SOLUSDT,ask,150,10987.823
2024-08-16 09:44:42,SOLUSDT,ask,160,24974.999
2024-08-16 09:44:54,SOLUSDT,bid,135,27004.657
2024-08-16 09:44:56,SOLUSDT,bid,105,10623.293
2024-08-16 09:44:56,SOLUSDT,ask,152,12764.075
2024-08-16 09:44:57,SOLUSDT,ask,190,24277.156
2024-08-16 09:45:00,SOLUSDT,bid,112,9701.205
2024-08-16 09:45:02,SOLUSDT,bid,135,27004.253
2024-08-16 09:45:05,SOLUSDT,ask,155,9726.864
2024-08-16 09:45:06,SOLUSDT,bid,105,10622.293
2024-08-16 09:45:14,SOLUSDT,ask,190,24271.556
2024-08-16 09:45:15,SOLUSDT,ask,160,24975.811
2024-08-16 09:45:33,SOLUSDT,ask,205,10788.978
2024-08-16 09:45:45,SOLUSDT,ask,150,10986.703
2024-08-16 09:45:48,SOLUSDT,ask,160,24975.846
2024-08-16 09:46:07,SOLUSDT,ask,151,7770.905
2024-08-16 09:46:23,SOLUSDT,bid,120,24732.99
2024-08-16 09:46:24,SOLUSDT,bid,135,27004.648
2024-08-16 09:46:25,SOLUSDT,bid,135,27003.477
2024-08-16 09:46:33,SOLUSDT,bid,115,20720.759
2024-08-16 09:46:36,SOLUSDT,ask,150,10987.823
2024-08-16 09:46:41,SOLUSDT,bid,112,9709.336
2024-08-16 09:46:42,SOLUSDT,bid,130,15835.408
2024-08-16 09:46:52,SOLUSDT,bid,135,27004.214
2024-08-16 09:46:54,SOLUSDT,ask,160,24976.051
2024-08-16 09:46:55,SOLUSDT,bid,130,15836.117
2024-08-16 09:46:55,SOLUSDT,bid,115,20719.759
2024-08-16 09:47:04,SOLUSDT,bid,132,7993.833
2024-08-16 09:47:08,SOLUSDT,bid,120,24737.99
2024-08-16 09:47:10,SOLUSDT,bid,125,19166.571
2024-08-16 09:47:17,SOLUSDT,bid,132,7973.859
2024-08-16 09:47:22,SOLUSDT,ask,151,7813.731
2024-08-16 09:47:37,SOLUSDT,bid,120,24756.74
2024-08-16 09:47:37,SOLUSDT,bid,115,20726.393
2024-08-16 09:47:50,SOLUSDT,ask,150,10986.475
2024-08-16 09:48:05,SOLUSDT,bid,110,27537.329
2024-08-16 09:48:23,SOLUSDT,bid,115,20526.393
2024-08-16 09:48:24,SOLUSDT,bid,105,10627.054
2024-08-16 09:48:33,SOLUSDT,bid,112,9710.575
2024-08-16 09:48:49,SOLUSDT,bid,135,27000.511
2024-08-16 09:48:52,SOLUSDT,ask,155,9725.897
2024-08-16 09:48:57,SOLUSDT,bid,135,27020.176
2024-08-16 09:49:21,SOLUSDT,ask,158,14817.989
2024-08-16 09:49:44,SOLUSDT,ask,152,12772.588
2024-08-16 09:49:45,SOLUSDT,ask,150,10985.025
2024-08-16 09:49:48,SOLUSDT,ask,152,12764.075
2024-08-16 09:50:01,SOLUSDT,bid,132,7970.859
2024-08-16 09:50:01,SOLUSDT,bid,112,9707.575
2024-08-16 09:50:01,SOLUSDT,bid,105,10624.054
2024-08-16 09:50:06,SOLUSDT,ask,150,10986.475
2024-08-16 09:50:56,SOLUSDT,ask,150,10986.512
2024-08-16 09:51:03,SOLUSDT,bid,115,20535.666
2024-08-16 09:51:03,SOLUSDT,ask,170,11724.408
2024-08-16 09:51:11,SOLUSDT,ask,150,11016.512
2024-08-16 09:51:15,SOLUSDT,ask,155,9728.897
2024-08-16 09:51:49,SOLUSDT,ask,150,11015.595
2024-08-16 09:51:57,SOLUSDT,bid,100,37091.148
2024-08-16 09:51:58,SOLUSDT,bid,135,26843.633
2024-08-16 09:52:00,SOLUSDT,ask,195,12099.025
2024-08-16 09:52:10,SOLUSDT,bid,132,8082.928
2024-08-16 09:52:22,SOLUSDT,bid,135,26844.133
2024-08-16 09:52:26,SOLUSDT,ask,160,24976.176
2024-08-16 09:52:29,SOLUSDT,bid,125,19168.583
2024-08-16 09:52:32,SOLUSDT,bid,130,15833.554
2024-08-16 09:53:21,SOLUSDT,ask,155,9727.499
2024-08-16 09:53:29,SOLUSDT,ask,190,24273.456
2024-08-16 09:53:41,SOLUSDT,bid,125,19174.207
2024-08-16 09:53:47,SOLUSDT,ask,190,24271.556
2024-08-16 09:53:55,SOLUSDT,bid,110,27545.765
2024-08-16 09:54:01,SOLUSDT,ask,185,17403.303
2024-08-16 09:54:11,SOLUSDT,bid,135,26851.129
2024-08-16 09:54:12,SOLUSDT,bid,100,37097.328
2024-08-16 09:54:15,SOLUSDT,ask,152,12751.904
2024-08-16 09:54:27,SOLUSDT,ask,150,11627.507
2024-08-16 09:54:49,SOLUSDT,ask,150,11628.667
2024-08-16 09:54:49,SOLUSDT,bid,100,37091.148
2024-08-16 09:54:52,SOLUSDT,bid,110,27537.329
2024-08-16 09:55:01,SOLUSDT,ask,155,9723.379
2024-08-16 09:55:03,SOLUSDT,bid,110,27547.547
2024-08-16 09:55:09,SOLUSDT,bid,90,21468.649
2024-08-16 09:55:10,SOLUSDT,bid,130,15770.713
2024-08-16 09:55:13,SOLUSDT,ask,160,24976.051
2024-08-16 09:55:15,SOLUSDT,bid,100,37095.368
2024-08-16 09:55:30,SOLUSDT,ask,150,11645.822
2024-08-16 09:55:31,SOLUSDT,bid,135,26786.06
2024-08-16 09:55:31,SOLUSDT,bid,110,27537.329
2024-08-16 09:55:45,SOLUSDT,bid,110,27547.547
2024-08-16 09:55:47,SOLUSDT,bid,135,26786.97
2024-08-16 09:55:50,SOLUSDT,bid,130,15768.406
2024-08-16 09:55:54,SOLUSDT,bid,110,27501.142
2024-08-16 09:56:00,SOLUSDT,ask,155,9727.499
2024-08-16 09:56:05,SOLUSDT,ask,151,7817.448
2024-08-16 09:56:09,SOLUSDT,bid,130,15767.776
2024-08-16 09:56:26,SOLUSDT,ask,155,9727.969
2024-08-16 09:56:40,SOLUSDT,ask,158,14828.143
2024-08-16 09:56:56,SOLUSDT,ask,163,17515.324
2024-08-16 09:57:03,SOLUSDT,ask,151,7816.599
2024-08-16 09:57:45,SOLUSDT,ask,150,11646.822
2024-08-16 09:57:51,SOLUSDT,bid,110,27491.142
2024-08-16 09:57:53,SOLUSDT,ask,150,11666.822
2024-08-16 09:58:04,SOLUSDT,bid,131,9369.995
2024-08-16 09:58:22,SOLUSDT,ask,152,12640.548
2024-08-16 09:58:28,SOLUSDT,bid,130,15764.776
2024-08-16 09:58:28,SOLUSDT,bid,120,24751.74
2024-08-16 09:58:28,SOLUSDT,bid,110,27481.142
2024-08-16 09:58:31,SOLUSDT,ask,160,24976.331
2024-08-16 09:58:45,SOLUSDT,bid,135,26568.338
2024-08-16 09:58:58,SOLUSDT,bid,130,15763.986
2024-08-16 09:59:03,SOLUSDT,ask,150,11666.955
2024-08-16 09:59:20,SOLUSDT,ask,150,11667.465
2024-08-16 09:59:25,SOLUSDT,bid,115,20534.443
2024-08-16 09:59:25,SOLUSDT,bid,132,8082.614
2024-08-16 09:59:48,SOLUSDT,bid,130,15762.432
2024-08-16 09:59:48,SOLUSDT,bid,135,26567.338
2024-08-16 09:59:51,SOLUSDT,ask,152,12641.124
2024-08-16 10:00:02,SOLUSDT,bid,130,15763.493
2024-08-16 10:00:14,SOLUSDT,bid,110,27486.615
2024-08-16 10:00:19,SOLUSDT,bid,100,37098.378
2024-08-16 10:00:23,SOLUSDT,bid,135,26570.672
2024-08-16 10:00:53,SOLUSDT,bid,131,9310.196
2024-08-16 10:00:58,SOLUSDT,ask,150,11666.998
2024-08-16 10:01:02,SOLUSDT,ask,158,14820.884
2024-08-16 10:01:07,SOLUSDT,bid,130,15762.432
2024-08-16 10:01:10,SOLUSDT,ask,152,12641.025
2024-08-16 10:01:15,SOLUSDT,ask,151,7816.649
2024-08-16 10:01:20,SOLUSDT,ask,165,15708.853
2024-08-16 10:01:25,SOLUSDT,bid,110,27520.457
2024-08-16 10:01:42,SOLUSDT,bid,130,15762.048
2024-08-16 10:01:44,SOLUSDT,bid,135,26570.524
2024-08-16 10:01:54,SOLUSDT,bid,125,19166.955
2024-08-16 10:02:14,SOLUSDT,ask,152,12640.449
2024-08-16 10:02:26,SOLUSDT,bid,111,15144.855
2024-08-16 10:02:27,SOLUSDT,ask,158,14828.193
2024-08-16 10:02:32,SOLUSDT,ask,152,12641.711
2024-08-16 10:02:32,SOLUSDT,ask,151,7815.389
2024-08-16 10:02:43,SOLUSDT,ask,155,9734.122
2024-08-16 10:02:50,SOLUSDT,bid,130,15763.103
2024-08-16 10:02:55,SOLUSDT,ask,152,12630.634
2024-08-16 10:03:04,SOLUSDT,bid,110,27519.527
2024-08-16 10:03:11,SOLUSDT,bid,132,8076.598
2024-08-16 10:03:17,SOLUSDT,ask,150,11677.4
2024-08-16 10:03:18,SOLUSDT,ask,158,14820.884
2024-08-16 10:03:34,SOLUSDT,ask,152,12637.28
2024-08-16 10:03:55,SOLUSDT,ask,155,9730.829
2024-08-16 10:04:15,SOLUSDT,ask,150,11666.998
2024-08-16 10:04:31,SOLUSDT,ask,152,12640.573
2024-08-16 10:04:50,SOLUSDT,bid,130,15761.605
2024-08-16 10:04:50,SOLUSDT,ask,150,11678.718
2024-08-16 10:05:02,SOLUSDT,ask,150,11666.998
2024-08-16 10:05:04,SOLUSDT,bid,130,15757.778
2024-08-16 10:05:05,SOLUSDT,bid,131,9311.196
2024-08-16 10:05:13,SOLUSDT,bid,120,24752.753
2024-08-16 10:05:21,SOLUSDT,bid,130,15766.449
2024-08-16 10:05:42,SOLUSDT,bid,130,15830.902
2024-08-16 10:05:44,SOLUSDT,ask,151,7794.238
2024-08-16 10:06:07,SOLUSDT,bid,116,8912.65
2024-08-16 10:06:18,SOLUSDT,ask,155,9726.709
2024-08-16 10:06:32,SOLUSDT,ask,155,9730.819
2024-08-16 10:06:46,SOLUSDT,bid,120,24751.906
2024-08-16 10:07:00,SOLUSDT,ask,150,11665.998
2024-08-16 10:07:15,SOLUSDT,bid,130,15825.518
2024-08-16 10:07:18,SOLUSDT,bid,135,26571.783
2024-08-16 10:07:28,SOLUSDT,bid,130,15834.748
2024-08-16 10:07:41,SOLUSDT,bid,120,24760.239
2024-08-16 10:07:42,SOLUSDT,ask,158,14823.047
2024-08-16 10:08:25,SOLUSDT,bid,112,9707.652
2024-08-16 10:08:40,SOLUSDT,ask,152,12633.927
2024-08-16 10:08:50,SOLUSDT,ask,158,14822.983
2024-08-16 10:08:51,SOLUSDT,ask,150,11676.548
2024-08-16 10:08:52,SOLUSDT,ask,150,11676.583
2024-08-16 10:09:16,SOLUSDT,bid,131,9339.042
2024-08-16 10:09:16,SOLUSDT,bid,135,26570.524
2024-08-16 10:09:16,SOLUSDT,bid,110,27520.786
2024-08-16 10:09:26,SOLUSDT,bid,121,8711.42
2024-08-16 10:09:34,SOLUSDT,ask,150,11666.033
2024-08-16 10:09:51,SOLUSDT,bid,115,20577.921
2024-08-16 10:10:04,SOLUSDT,ask,175,14243.611
2024-08-16 10:10:05,SOLUSDT,bid,130,15834.794
2024-08-16 10:10:06,SOLUSDT,bid,116,8944.574
2024-08-16 10:10:17,SOLUSDT,ask,150,11663.262
2024-08-16 10:10:18,SOLUSDT,bid,110,27519.926
2024-08-16 10:10:20,SOLUSDT,bid,121,8680.816
2024-08-16 10:10:27,SOLUSDT,ask,152,12647.427
2024-08-16 10:10:38,SOLUSDT,ask,160,24965.563
2024-08-16 10:11:04,SOLUSDT,bid,110,27534.396
2024-08-16 10:11:09,SOLUSDT,ask,155,9724.775
2024-08-16 10:11:09,SOLUSDT,bid,135,26571.136
2024-08-16 10:11:17,SOLUSDT,bid,135,26570.766
2024-08-16 10:11:22,SOLUSDT,bid,125,19166.403
2024-08-16 10:11:22,SOLUSDT,ask,150,11666.033
2024-08-16 10:11:53,SOLUSDT,bid,132,8080.385
2024-08-16 10:11:54,SOLUSDT,bid,130,15841.434
2024-08-16 10:12:08,SOLUSDT,bid,130,15841.664
2024-08-16 10:12:27,SOLUSDT,bid,138,13398.448
2024-08-16 10:12:28,SOLUSDT,ask,152,12647.635
2024-08-16 10:12:53,SOLUSDT,ask,200,44719.62
2024-08-16 10:13:22,SOLUSDT,ask,200,44725.384
2024-08-16 10:13:23,SOLUSDT,ask,151,7795.449
2024-08-16 10:13:32,SOLUSDT,ask,155,9726.035
2024-08-16 10:13:34,SOLUSDT,ask,200,44719.62
2024-08-16 10:13:43,SOLUSDT,ask,152,12644.683
2024-08-16 10:13:46,SOLUSDT,bid,135,26570.589
2024-08-16 10:13:46,SOLUSDT,bid,132,8079.271
2024-08-16 10:13:47,SOLUSDT,ask,160,24983.549
2024-08-16 10:14:07,SOLUSDT,bid,132,8079.793
2024-08-16 10:14:15,SOLUSDT,bid,125,19167.362
2024-08-16 10:14:34,SOLUSDT,ask,150,11664.709
2024-08-16 10:14:49,SOLUSDT,bid,80,29814.045
2024-08-16 10:14:58,SOLUSDT,ask,195,12097.025
2024-08-16 10:15:24,SOLUSDT,ask,158,14820.82
2024-08-16 10:15:24,SOLUSDT,ask,165,15707.704
2024-08-16 10:15:24,SOLUSDT,ask,195,12094.725
2024-08-16 10:15:38,SOLUSDT,bid,135,26574.844
2024-08-16 10:16:09,SOLUSDT,ask,180,21784.306
2024-08-16 10:16:12,SOLUSDT,bid,131,9343.427
2024-08-16 10:16:19,SOLUSDT,ask,185,17380.21
2024-08-16 10:16:19,SOLUSDT,bid,130,15845.664
2024-08-16 10:16:33,SOLUSDT,bid,110,27534.446
2024-08-16 10:17:14,SOLUSDT,bid,125,19171.568
2024-08-16 10:17:19,SOLUSDT,bid,135,26573.844
2024-08-16 10:17:19,SOLUSDT,bid,132,8078.793
2024-08-16 10:17:38,SOLUSDT,bid,130,15825.975
2024-08-16 10:17:44,SOLUSDT,ask,150,11664.79
2024-08-16 10:18:13,SOLUSDT,bid,100,37098.903
2024-08-16 10:18:25,SOLUSDT,bid,132,8079.635
2024-08-16 10:18:26,SOLUSDT,ask,150,11664.709
2024-08-16 10:18:28,SOLUSDT,bid,118,9464.352
2024-08-16 10:18:31,SOLUSDT,bid,136,7359.772
2024-08-16 10:18:33,SOLUSDT,ask,195,12099.334
2024-08-16 10:18:34,SOLUSDT,bid,118,9465.072
2024-08-16 10:18:43,SOLUSDT,bid,131,9344.274
2024-08-16 10:18:44,SOLUSDT,bid,111,15145.312
2024-08-16 10:18:58,SOLUSDT,bid,130,15826.828
2024-08-16 10:19:04,SOLUSDT,bid,120,24758.428
2024-08-16 10:19:07,SOLUSDT,ask,152,12636.456
2024-08-16 10:19:21,SOLUSDT,ask,158,14823.124
2024-08-16 10:19:45,SOLUSDT,bid,116,8944.619
2024-08-16 10:19:45,SOLUSDT,bid,118,9450.072
2024-08-16 10:19:57,SOLUSDT,bid,125,19171.473
2024-08-16 10:20:03,SOLUSDT,bid,138,13405.878
2024-08-16 10:20:09,SOLUSDT,bid,111,15144.855
2024-08-16 10:20:10,SOLUSDT,bid,135,26593.844
2024-08-16 10:20:11,SOLUSDT,bid,135,26593.449
2024-08-16 10:20:12,SOLUSDT,ask,150,11665.366
2024-08-16 10:20:12,SOLUSDT,ask,152,12635.799
2024-08-16 10:20:13,SOLUSDT,bid,115,20577.968
2024-08-16 10:20:14,SOLUSDT,bid,130,15846.834
2024-08-16 10:20:20,SOLUSDT,bid,136,7359.721
2024-08-16 10:20:26,SOLUSDT,bid,130,15864.819
2024-08-16 10:20:30,SOLUSDT,ask,155,9727.353
2024-08-16 10:20:31,SOLUSDT,bid,132,8075.848
2024-08-16 10:20:42,SOLUSDT,bid,125,19190.179
2024-08-16 10:20:50,SOLUSDT,bid,115,20542.968
2024-08-16 10:21:00,SOLUSDT,bid,136,7361.721
2024-08-16 10:21:02,SOLUSDT,bid,138,13398.448
2024-08-16 10:21:21,SOLUSDT,bid,135,26590.115
2024-08-16 10:21:29,SOLUSDT,bid,110,27533.892
2024-08-16 10:21:32,SOLUSDT,ask,150,11665.466
2024-08-16 10:21:47,SOLUSDT,ask,150,11665.966
2024-08-16 10:21:56,SOLUSDT,bid,136,7361.647
2024-08-16 10:21:56,SOLUSDT,bid,135,26590.04
2024-08-16 10:21:57,SOLUSDT,ask,150,11664.243
2024-08-16 10:21:59,SOLUSDT,bid,112,9707.7
2024-08-16 10:22:21,SOLUSDT,bid,112,9683.067
2024-08-16 10:22:25,SOLUSDT,bid,111,15144.902
2024-08-16 10:22:38,SOLUSDT,ask,151,7795.947
2024-08-16 10:22:54,SOLUSDT,bid,135,26589.249
2024-08-16 10:22:54,SOLUSDT,bid,110,27533.938
2024-08-16 10:23:00,SOLUSDT,bid,132,8075.326
2024-08-16 10:23:08,SOLUSDT,bid,136,7362.382
2024-08-16 10:23:12,SOLUSDT,bid,130,15864.949
2024-08-16 10:23:23,SOLUSDT,ask,195,12099.684
2024-08-16 10:23:27,SOLUSDT,ask,150,11663.244
2024-08-16 10:23:37,SOLUSDT,bid,121,8692.451
2024-08-16 10:23:44,SOLUSDT,ask,150,11662.892
2024-08-16 10:24:27,SOLUSDT,bid,121,8694.451
2024-08-16 10:24:35,SOLUSDT,bid,135,26589.326
2024-08-16 10:24:46,SOLUSDT,ask,150,11661.892
2024-08-16 10:24:54,SOLUSDT,ask,155,9726.056
2024-08-16 10:25:21,SOLUSDT,ask,150,11661.185
2024-08-16 10:25:52,SOLUSDT,bid,130,15863.411
2024-08-16 10:26:06,SOLUSDT,ask,150,11661.358
2024-08-16 10:26:09,SOLUSDT,bid,135,26637.938
2024-08-16 10:26:16,SOLUSDT,bid,120,24757.428
2024-08-16 10:26:29,SOLUSDT,bid,132,8074.861
2024-08-16 10:27:19,SOLUSDT,ask,150,11664.096
2024-08-16 10:27:39,SOLUSDT,ask,400,4715.885
2024-08-16 10:27:50,SOLUSDT,bid,95,11243.209
2024-08-16 10:28:09,SOLUSDT,bid,90,21581.109
2024-08-16 10:28:15,SOLUSDT,ask,150,11656.486
2024-08-16 10:28:38,SOLUSDT,bid,95,11249.319
2024-08-16 10:28:54,SOLUSDT,ask,152,12632.799
2024-08-16 10:29:34,SOLUSDT,bid,135,26632.183
2024-08-16 10:30:13,SOLUSDT,bid,110,27645.764
2024-08-16 10:30:37,SOLUSDT,bid,132,8075.012
2024-08-16 10:30:39,SOLUSDT,bid,135,26633.183
2024-08-16 10:30:51,SOLUSDT,ask,155,9724.538
2024-08-16 10:30:52,SOLUSDT,bid,135,26633.019
2024-08-16 10:30:55,SOLUSDT,bid,135,26267.532
2024-08-16 10:31:42,SOLUSDT,bid,135,26266.156
2024-08-16 10:31:47,SOLUSDT,ask,150,11706.486
2024-08-16 10:32:14,SOLUSDT,bid,130,15862.411
2024-08-16 10:32:40,SOLUSDT,bid,118,9458.541
2024-08-16 10:32:48,SOLUSDT,bid,135,26266.356
2024-08-16 10:33:08,SOLUSDT,bid,135,26266.435
2024-08-16 10:33:09,SOLUSDT,bid,125,19190.515
2024-08-16 10:33:23,SOLUSDT,bid,118,9450.072
2024-08-16 10:33:56,SOLUSDT,bid,135,26266.25
2024-08-16 10:34:04,SOLUSDT,bid,131,9316.428
2024-08-16 10:34:06,SOLUSDT,bid,130,15862.45
2024-08-16 10:34:16,SOLUSDT,ask,152,12629.506
2024-08-16 10:34:20,SOLUSDT,bid,120,24777.887
2024-08-16 10:35:01,SOLUSDT,ask,180,21760.772
2024-08-16 10:35:10,SOLUSDT,ask,250,17979.978
2024-08-16 10:35:15,SOLUSDT,bid,130,15872.592
2024-08-16 10:35:20,SOLUSDT,ask,180,21759.772
2024-08-16 10:35:38,SOLUSDT,bid,121,8695.48
2024-08-16 10:35:43,SOLUSDT,bid,115,20710.14
2024-08-16 10:35:51,SOLUSDT,bid,136,7372.382
2024-08-16 10:35:58,SOLUSDT,bid,125,19189.715
2024-08-16 10:35:59,SOLUSDT,bid,115,20542.968
2024-08-16 10:36:04,SOLUSDT,bid,115,20710.14
2024-08-16 10:36:04,SOLUSDT,bid,115,20707.528
2024-08-16 10:36:09,SOLUSDT,bid,125,19188.902
2024-08-16 10:36:22,SOLUSDT,bid,135,26340.324
2024-08-16 10:36:32,SOLUSDT,bid,120,24787.955
2024-08-16 10:36:39,SOLUSDT,bid,121,8691.348
2024-08-16 10:36:41,SOLUSDT,bid,130,15868.737
2024-08-16 10:36:41,SOLUSDT,bid,120,24777.887
2024-08-16 10:36:44,SOLUSDT,bid,135,26335.912
2024-08-16 10:36:53,SOLUSDT,bid,136,7361.352
2024-08-16 10:36:54,SOLUSDT,ask,200,44720.62
2024-08-16 10:37:01,SOLUSDT,bid,110,27654.151
2024-08-16 10:37:05,SOLUSDT,bid,125,19196.902
2024-08-16 10:37:16,SOLUSDT,ask,155,9714.538
2024-08-16 10:37:51,SOLUSDT,ask,150,11706.524
2024-08-16 10:37:54,SOLUSDT,bid,131,9317.266
2024-08-16 10:37:55,SOLUSDT,bid,130,15874.148
2024-08-16 10:38:02,SOLUSDT,bid,135,26336.171
2024-08-16 10:38:11,SOLUSDT,ask,158,14823.237
2024-08-16 10:38:16,SOLUSDT,bid,132,8077.024
2024-08-16 10:38:19,SOLUSDT,bid,130,15876.148
2024-08-16 10:38:26,SOLUSDT,bid,135,26336.911
2024-08-16 10:38:31,SOLUSDT,bid,130,15886.148
2024-08-16 10:38:35,SOLUSDT,bid,115,20727.528
2024-08-16 10:38:46,SOLUSDT,bid,135,26373.948
2024-08-16 10:38:57,SOLUSDT,bid,112,9679.793
2024-08-16 10:39:00,SOLUSDT,bid,130,15876.148
2024-08-16 10:39:01,SOLUSDT,bid,118,9450.026
2024-08-16 10:39:01,SOLUSDT,bid,110,27654.105
2024-08-16 10:39:01,SOLUSDT,ask,158,14823.191
2024-08-16 10:39:01,SOLUSDT,ask,150,11706.478
2024-08-16 10:39:01,SOLUSDT,ask,190,24271.51
2024-08-16 10:39:04,SOLUSDT,ask,170,11723.408
2024-08-16 10:39:45,SOLUSDT,bid,105,10625.054
2024-08-16 10:39:56,SOLUSDT,bid,135,26299.874
2024-08-16 10:40:03,SOLUSDT,bid,130,15876.109
2024-08-16 10:40:32,SOLUSDT,ask,152,12629.891
2024-08-16 10:40:34,SOLUSDT,bid,130,15875.956
2024-08-16 10:41:04,SOLUSDT,ask,151,7795.294
2024-08-16 10:41:12,SOLUSDT,ask,220,12045.547
2024-08-16 10:41:33,SOLUSDT,bid,125,19348.853
2024-08-16 10:41:46,SOLUSDT,bid,120,24784.562
2024-08-16 10:41:52,SOLUSDT,bid,130,15874.956
2024-08-16 10:41:52,SOLUSDT,bid,130,15753.489
2024-08-16 10:41:52,SOLUSDT,bid,125,19148.853
2024-08-16 10:41:52,SOLUSDT,bid,120,24584.562
2024-08-16 10:42:05,SOLUSDT,bid,130,15754.563
2024-08-16 10:42:11,SOLUSDT,bid,130,15750.717
2024-08-16 10:42:12,SOLUSDT,bid,130,15760.717
2024-08-16 10:42:14,SOLUSDT,bid,131,9318.029
2024-08-16 10:42:29,SOLUSDT,bid,105,10635.054
2024-08-16 10:42:40,SOLUSDT,bid,120,24784.562
2024-08-16 10:42:43,SOLUSDT,ask,160,24992.334
2024-08-16 10:42:48,SOLUSDT,bid,130,15762.717
2024-08-16 10:43:01,SOLUSDT,bid,115,21082.23
2024-08-16 10:43:11,SOLUSDT,bid,130,15763.717
2024-08-16 10:43:11,SOLUSDT,bid,125,19147.853
2024-08-16 10:43:12,SOLUSDT,bid,121,8666.555
2024-08-16 10:43:23,SOLUSDT,bid,130,15763.349
2024-08-16 10:43:27,SOLUSDT,bid,131,9317.191
2024-08-16 10:43:30,SOLUSDT,bid,110,27654.195
2024-08-16 10:43:30,SOLUSDT,bid,135,26300.874
2024-08-16 10:43:34,SOLUSDT,bid,136,7363.352
2024-08-16 10:43:39,SOLUSDT,bid,135,26301.229
2024-08-16 10:43:48,SOLUSDT,bid,136,7365.352
2024-08-16 10:44:00,SOLUSDT,bid,132,8079.024
2024-08-16 10:44:02,SOLUSDT,bid,130,15766.942
2024-08-16 10:44:08,SOLUSDT,bid,130,15771.942
2024-08-16 10:44:10,SOLUSDT,bid,100,37097.244
2024-08-16 10:44:33,SOLUSDT,bid,120,24784.652
2024-08-16 10:44:33,SOLUSDT,bid,110,27654.105
2024-08-16 10:44:49,SOLUSDT,bid,130,15771.812
2024-08-16 10:44:54,SOLUSDT,bid,135,26519.394
2024-08-16 10:45:02,SOLUSDT,bid,132,8078.899
2024-08-16 10:45:09,SOLUSDT,ask,185,17374.746
2024-08-16 10:45:23,SOLUSDT,ask,193,7547.34
2024-08-16 10:45:24,SOLUSDT,bid,130,15771.965
2024-08-16 10:45:29,SOLUSDT,bid,120,24784.562
2024-08-16 10:45:34,SOLUSDT,bid,90,21550.267
2024-08-16 10:45:37,SOLUSDT,ask,151,7794.12
2024-08-16 10:45:39,SOLUSDT,ask,150,11699.755
2024-08-16 10:45:46,SOLUSDT,ask,152,12630.088
2024-08-16 10:46:28,SOLUSDT,bid,130,15770.042
2024-08-16 10:46:33,SOLUSDT,bid,130,15770.217
2024-08-16 10:46:55,SOLUSDT,ask,158,14823.262
2024-08-16 10:47:00,SOLUSDT,ask,152,12608.982
2024-08-16 10:47:08,SOLUSDT,bid,135,26522.333
2024-08-16 10:47:11,SOLUSDT,bid,136,7366.087
2024-08-16 10:47:15,SOLUSDT,bid,135,26522.074
2024-08-16 10:47:18,SOLUSDT,bid,110,27657.835
2024-08-16 10:47:19,SOLUSDT,bid,130,15765.602
2024-08-16 10:47:19,SOLUSDT,bid,136,7362.087
2024-08-16 10:47:19,SOLUSDT,bid,132,8076.899
2024-08-16 10:47:19,SOLUSDT,bid,130,15760.602
2024-08-16 10:47:25,SOLUSDT,bid,120,24782.472
2024-08-16 10:47:28,SOLUSDT,ask,152,12630.088
2024-08-16 10:47:28,SOLUSDT,bid,135,26524.244
2024-08-16 10:47:29,SOLUSDT,bid,135,26534.244
2024-08-16 10:47:33,SOLUSDT,bid,115,21084.41
2024-08-16 10:47:41,SOLUSDT,bid,136,7361.352
2024-08-16 10:47:43,SOLUSDT,bid,130,15770.602
2024-08-16 10:47:50,SOLUSDT,bid,132,8077.656
2024-08-16 10:47:51,SOLUSDT,bid,125,19151.799
2024-08-16 10:48:03,SOLUSDT,bid,115,21247.462
2024-08-16 10:48:29,SOLUSDT,bid,130,15810.602
2024-08-16 10:48:40,SOLUSDT,bid,121,8669.034
2024-08-16 10:48:43,SOLUSDT,bid,111,15172.206
2024-08-16 10:48:47,SOLUSDT,bid,100,37094.244
2024-08-16 10:49:29,SOLUSDT,ask,150,11700.255
2024-08-16 10:49:31,SOLUSDT,ask,150,11702.019
2024-08-16 10:49:39,SOLUSDT,bid,116,8946.798
2024-08-16 10:50:06,SOLUSDT,bid,120,24784.386
2024-08-16 10:50:11,SOLUSDT,bid,130,15812.468
2024-08-16 10:50:12,SOLUSDT,bid,136,7361.602
2024-08-16 10:50:18,SOLUSDT,bid,135,26534.494
2024-08-16 10:50:25,SOLUSDT,ask,150,11688.489
2024-08-16 10:50:25,SOLUSDT,bid,115,21249.572
2024-08-16 10:50:35,SOLUSDT,bid,132,8077.342
2024-08-16 10:50:35,SOLUSDT,bid,116,8946.484
2024-08-16 10:50:35,SOLUSDT,bid,100,37093.93
2024-08-16 10:50:35,SOLUSDT,ask,180,21759.458
2024-08-16 10:50:35,SOLUSDT,ask,188,10387.685
2024-08-16 10:50:35,SOLUSDT,ask,220,12045.233
2024-08-16 10:50:35,SOLUSDT,ask,260,7239.609
2024-08-16 10:50:36,SOLUSDT,bid,132,8069.701
2024-08-16 10:50:37,SOLUSDT,bid,121,8545.225
2024-08-16 10:51:18,SOLUSDT,bid,120,24783.385
2024-08-16 10:51:25,SOLUSDT,ask,150,11695.55
2024-08-16 10:51:30,SOLUSDT,bid,130,15812.429
2024-08-16 10:51:34,SOLUSDT,ask,195,12099.449
2024-08-16 10:51:40,SOLUSDT,bid,130,15816.275
2024-08-16 10:51:47,SOLUSDT,bid,110,27658.036
2024-08-16 10:51:50,SOLUSDT,bid,121,8535.589
2024-08-16 10:51:53,SOLUSDT,bid,135,26533.754
2024-08-16 10:52:09,SOLUSDT,bid,125,19146.799
2024-08-16 10:52:10,SOLUSDT,bid,120,24778.385
2024-08-16 10:52:11,SOLUSDT,bid,135,26530.754
2024-08-16 10:52:12,SOLUSDT,bid,132,8066.701
2024-08-16 10:52:59,SOLUSDT,bid,101,10069.044
2024-08-16 10:53:15,SOLUSDT,bid,135,26531.696
2024-08-16 10:53:55,SOLUSDT,ask,155,9718.038
2024-08-16 10:54:18,SOLUSDT,bid,130,15855.433
2024-08-16 10:54:25,SOLUSDT,ask,150,11698.379
2024-08-16 10:54:42,SOLUSDT,bid,136,7366.602
2024-08-16 10:54:57,SOLUSDT,bid,130,15855.74
2024-08-16 10:55:08,SOLUSDT,ask,155,9717.538
2024-08-16 10:55:11,SOLUSDT,bid,135,26536.696
2024-08-16 10:55:32,SOLUSDT,ask,150,11665.046
2024-08-16 10:55:43,SOLUSDT,ask,188,10387.593
2024-08-16 10:55:47,SOLUSDT,bid,120,24810.079
2024-08-16 10:55:50,SOLUSDT,bid,125,19148.271
2024-08-16 10:55:54,SOLUSDT,bid,125,19147.271
2024-08-16 10:55:54,SOLUSDT,bid,130,15855.433
2024-08-16 10:55:54,SOLUSDT,bid,130,15854.765
2024-08-16 10:55:54,SOLUSDT,bid,125,19145.799
2024-08-16 10:56:00,SOLUSDT,bid,125,19148.271
2024-08-16 10:56:26,SOLUSDT,bid,118,9467.031
2024-08-16 10:56:51,SOLUSDT,bid,135,26535.696
2024-08-16 10:56:56,SOLUSDT,bid,120,24860.079
2024-08-16 10:56:59,SOLUSDT,ask,210,24739.764
2024-08-16 10:57:07,SOLUSDT,ask,161,15561.255
2024-08-16 10:57:10,SOLUSDT,bid,135,26536.643
2024-08-16 10:57:16,SOLUSDT,bid,116,9134.726
2024-08-16 10:57:22,SOLUSDT,ask,180,21757.99
2024-08-16 10:57:25,SOLUSDT,ask,165,15706.189
2024-08-16 10:57:27,SOLUSDT,ask,190,24269.553
2024-08-16 10:57:27,SOLUSDT,bid,131,9313.375
2024-08-16 10:57:29,SOLUSDT,bid,115,21265.572
2024-08-16 10:57:30,SOLUSDT,bid,130,15852.716
2024-08-16 10:57:45,SOLUSDT,bid,95,11034.988
2024-08-16 10:57:45,SOLUSDT,bid,136,7366.642
2024-08-16 10:58:01,SOLUSDT,ask,150,11664.873
2024-08-16 10:58:11,SOLUSDT,bid,136,7366.938
2024-08-16 10:58:39,SOLUSDT,bid,135,26537.383
2024-08-16 10:58:59,SOLUSDT,bid,135,26551.177
2024-08-16 10:59:00,SOLUSDT,ask,150,11665.873
2024-08-16 10:59:28,SOLUSDT,ask,155,9718.538
2024-08-16 10:59:36,SOLUSDT,ask,160,24993.334
2024-08-16 10:59:42,SOLUSDT,bid,100,37105.93
2024-08-16 10:59:53,SOLUSDT,ask,155,9708.538
2024-08-16 11:00:03,SOLUSDT,bid,115,21266.282
2024-08-16 11:00:15,SOLUSDT,ask,160,24993.249
2024-08-16 11:00:21,SOLUSDT,bid,110,27657.582
2024-08-16 11:00:31,SOLUSDT,bid,136,7381.643
2024-08-16 11:00:32,SOLUSDT,ask,150,11666.145
2024-08-16 11:00:34,SOLUSDT,ask,250,17980.258
2024-08-16 11:00:51,SOLUSDT,ask,250,17979.978
2024-08-16 11:01:05,SOLUSDT,bid,115,21222.804
2024-08-16 11:01:43,SOLUSDT,ask,150,11668.143
2024-08-16 11:01:46,SOLUSDT,ask,190,24257.884
2024-08-16 11:01:46,SOLUSDT,bid,135,26552.212
2024-08-16 11:01:50,SOLUSDT,bid,135,26551.177
2024-08-16 11:02:05,SOLUSDT,ask,150,11668.566
2024-08-16 11:02:05,SOLUSDT,ask,190,24257.461
2024-08-16 11:02:08,SOLUSDT,bid,135,26553.477
2024-08-16 11:02:46,SOLUSDT,bid,125,19148.32
2024-08-16 11:03:04,SOLUSDT,bid,135,26553.845
2024-08-16 11:03:04,SOLUSDT,bid,131,9313.007
2024-08-16 11:03:18,SOLUSDT,ask,195,12106.956
2024-08-16 11:03:28,SOLUSDT,ask,150,11668.603
2024-08-16 11:03:53,SOLUSDT,ask,150,11667.645
2024-08-16 11:04:00,SOLUSDT,ask,150,11664.851
2024-08-16 11:04:35,SOLUSDT,bid,110,27660.582
2024-08-16 11:04:43,SOLUSDT,bid,100,37110.93
2024-08-16 11:04:43,SOLUSDT,bid,131,9306.007
2024-08-16 11:04:45,SOLUSDT,bid,115,21206.804
2024-08-16 11:05:10,SOLUSDT,bid,90,21549.712
2024-08-16 11:05:23,SOLUSDT,bid,135,26553.105
2024-08-16 11:05:31,SOLUSDT,bid,135,26556.315
2024-08-16 11:05:37,SOLUSDT,ask,185,17374.818
2024-08-16 11:05:40,SOLUSDT,bid,115,21206.999
2024-08-16 11:05:45,SOLUSDT,bid,111,15175.206
2024-08-16 11:05:47,SOLUSDT,ask,152,12633.036
2024-08-16 11:05:53,SOLUSDT,bid,125,19131.021
2024-08-16 11:06:24,SOLUSDT,bid,132,8066.852
2024-08-16 11:06:30,SOLUSDT,bid,115,21207.823
2024-08-16 11:07:06,SOLUSDT,bid,105,10642.061
2024-08-16 11:07:13,SOLUSDT,bid,112,9665.786
2024-08-16 11:07:19,SOLUSDT,ask,152,12682.705
2024-08-16 11:07:25,SOLUSDT,bid,136,7381.217
2024-08-16 11:07:31,SOLUSDT,ask,190,24257.194
2024-08-16 11:07:40,SOLUSDT,bid,112,9675.4
2024-08-16 11:07:46,SOLUSDT,bid,120,24851.736
2024-08-16 11:07:48,SOLUSDT,bid,121,8532.589
2024-08-16 11:08:20,SOLUSDT,bid,132,8077.6
2024-08-16 11:08:24,SOLUSDT,bid,121,8552.589
2024-08-16 11:08:27,SOLUSDT,ask,151,7792.909
2024-08-16 11:08:27,SOLUSDT,ask,155,9707.278
2024-08-16 11:08:37,SOLUSDT,bid,118,9487.031
2024-08-16 11:08:56,SOLUSDT,bid,130,15848.87
2024-08-16 11:08:57,SOLUSDT,bid,135,26552.612
2024-08-16 11:09:05,SOLUSDT,bid,135,26553.352
2024-08-16 11:09:06,SOLUSDT,bid,115,21206.999
2024-08-16 11:09:07,SOLUSDT,bid,115,21206.289
2024-08-16 11:09:09,SOLUSDT,bid,118,9497.031
2024-08-16 11:09:13,SOLUSDT,bid,130,15849.639
2024-08-16 11:09:14,SOLUSDT,bid,135,26552.352
2024-08-16 11:09:57,SOLUSDT,ask,150,11651.281
2024-08-16 11:10:01,SOLUSDT,bid,135,26536.968
2024-08-16 11:10:01,SOLUSDT,bid,125,19146.405
2024-08-16 11:10:01,SOLUSDT,ask,150,11701.281
2024-08-16 11:10:18,SOLUSDT,bid,115,21209.35
2024-08-16 11:10:25,SOLUSDT,bid,130,15865.023
2024-08-16 11:10:25,SOLUSDT,bid,125,19131.021
2024-08-16 11:10:30,SOLUSDT,bid,136,7587.568
2024-08-16 11:10:33,SOLUSDT,ask,150,11741.281
2024-08-16 11:10:41,SOLUSDT,bid,135,26537.968
2024-08-16 11:10:41,SOLUSDT,ask,220,12045.481
2024-08-16 11:10:42,SOLUSDT,ask,150,11740.726
2024-08-16 11:11:00,SOLUSDT,bid,136,7586.466
2024-08-16 11:11:06,SOLUSDT,bid,115,21210.35
2024-08-16 11:11:20,SOLUSDT,bid,115,21209.35
2024-08-16 11:11:22,SOLUSDT,bid,110,27658.62
2024-08-16 11:11:28,SOLUSDT,bid,132,8077.39
2024-08-16 11:11:49,SOLUSDT,bid,80,29809.045
2024-08-16 11:11:51,SOLUSDT,bid,100,37105.93
2024-08-16 11:12:03,SOLUSDT,bid,135,26536.968
2024-08-16 11:12:07,SOLUSDT,bid,135,26537.708
2024-08-16 11:12:18,SOLUSDT,bid,135,26538.879
2024-08-16 11:12:20,SOLUSDT,bid,120,24851.347
2024-08-16 11:12:21,SOLUSDT,bid,135,26539.027
2024-08-16 11:12:26,SOLUSDT,bid,120,24843.535
2024-08-16 11:12:32,SOLUSDT,bid,105,10632.538
2024-08-16 11:12:46,SOLUSDT,bid,135,26544.782
2024-08-16 11:12:49,SOLUSDT,bid,125,19104.939
2024-08-16 11:12:56,SOLUSDT,bid,115,21206.289
2024-08-16 11:12:57,SOLUSDT,bid,90,21538.601
2024-08-16 11:12:59,SOLUSDT,bid,120,24842.826
2024-08-16 11:13:23,SOLUSDT,bid,115,21211.242
2024-08-16 11:13:41,SOLUSDT,bid,111,15187.142
2024-08-16 11:13:45,SOLUSDT,ask,150,11740.005
2024-08-16 11:14:22,SOLUSDT,bid,125,19105.739
2024-08-16 11:14:24,SOLUSDT,ask,151,7784.536
2024-08-16 11:14:28,SOLUSDT,ask,150,11740.954
2024-08-16 11:14:37,SOLUSDT,bid,136,7557.518
2024-08-16 11:14:41,SOLUSDT,bid,125,19104.939
2024-08-16 11:14:46,SOLUSDT,ask,160,24993.288
2024-08-16 11:14:46,SOLUSDT,bid,130,15865.062
2024-08-16 11:14:47,SOLUSDT,bid,130,15895.964
2024-08-16 11:14:54,SOLUSDT,bid,125,19106.139
2024-08-16 11:14:55,SOLUSDT,ask,150,11791.287
2024-08-16 11:14:59,SOLUSDT,bid,130,15956.052
2024-08-16 11:15:23,SOLUSDT,bid,135,26544.967
2024-08-16 11:15:24,SOLUSDT,bid,135,26542.967
2024-08-16 11:15:34,SOLUSDT,ask,150,11793.491
2024-08-16 11:15:38,SOLUSDT,bid,112,9674.508
2024-08-16 11:15:39,SOLUSDT,bid,111,15186.242
2024-08-16 11:15:45,SOLUSDT,bid,125,19008.377
2024-08-16 11:15:48,SOLUSDT,bid,118,9666.522
2024-08-16 11:15:49,SOLUSDT,bid,135,26542.819
2024-08-16 11:15:52,SOLUSDT,ask,150,11794.491
2024-08-16 11:15:54,SOLUSDT,bid,125,19057.258
2024-08-16 11:16:03,SOLUSDT,bid,115,21211.419
2024-08-16 11:16:18,SOLUSDT,ask,150,11791.662
2024-08-16 11:16:33,SOLUSDT,ask,150,11791.592
2024-08-16 11:16:42,SOLUSDT,bid,125,19039.41
2024-08-16 11:16:43,SOLUSDT,bid,135,26520.784
2024-08-16 11:16:46,SOLUSDT,bid,110,27658.572
2024-08-16 11:17:09,SOLUSDT,bid,135,26556.805
2024-08-16 11:17:45,SOLUSDT,bid,135,26556.305
2024-08-16 11:18:10,SOLUSDT,ask,152,12682.636
2024-08-16 11:18:14,SOLUSDT,ask,155,9707.205
2024-08-16 11:18:16,SOLUSDT,bid,125,19059.554
2024-08-16 11:18:41,SOLUSDT,bid,135,26555.363
2024-08-16 11:18:53,SOLUSDT,bid,135,26554.919
2024-08-16 11:19:00,SOLUSDT,bid,110,27661.217
2024-08-16 11:19:10,SOLUSDT,bid,110,27660.536
2024-08-16 11:19:17,SOLUSDT,bid,110,27657.891
2024-08-16 11:19:32,SOLUSDT,bid,131,9106.007
2024-08-16 11:19:35,SOLUSDT,ask,152,12682.428
2024-08-16 11:19:38,SOLUSDT,ask,158,14821.471
2024-08-16 11:19:43,SOLUSDT,bid,110,27657.618
2024-08-16 11:20:18,SOLUSDT,bid,125,19060.722
2024-08-16 11:20:27,SOLUSDT,bid,135,26553.919
2024-08-16 11:20:27,SOLUSDT,bid,130,15957.052
2024-08-16 11:21:11,SOLUSDT,bid,135,26552.918
2024-08-16 11:21:14,SOLUSDT,ask,150,11787.89
2024-08-16 11:21:39,SOLUSDT,ask,155,9704.795
2024-08-16 11:21:43,SOLUSDT,bid,130,15954.745
2024-08-16 11:21:48,SOLUSDT,ask,190,24217.111
2024-08-16 11:21:48,SOLUSDT,ask,200,44760.703
2024-08-16 11:21:52,SOLUSDT,ask,155,9681.234
2024-08-16 11:22:13,SOLUSDT,bid,100,37104.93
2024-08-16 11:22:19,SOLUSDT,bid,118,9497.031
2024-08-16 11:22:21,SOLUSDT,bid,110,27639.417
2024-08-16 11:22:37,SOLUSDT,bid,100,37099.93
2024-08-16 11:22:42,SOLUSDT,bid,115,21210.919
2024-08-16 11:22:59,SOLUSDT,bid,135,26551.918
2024-08-16 11:23:19,SOLUSDT,ask,151,7784.822
2024-08-16 11:23:26,SOLUSDT,ask,158,14821.566
2024-08-16 11:23:34,SOLUSDT,bid,120,24836.826
2024-08-16 11:23:44,SOLUSDT,bid,100,37098.73
2024-08-16 11:23:53,SOLUSDT,bid,135,26552.548
2024-08-16 11:24:10,SOLUSDT,bid,115,21209.919
2024-08-16 11:24:17,SOLUSDT,ask,190,24218.149
2024-08-16 11:24:20,SOLUSDT,bid,136,7559.59
2024-08-16 11:24:25,SOLUSDT,bid,110,27640.517
2024-08-16 11:24:41,SOLUSDT,bid,120,24836.287
2024-08-16 11:24:43,SOLUSDT,ask,152,12682.077
2024-08-16 11:24:50,SOLUSDT,bid,120,24837.343
2024-08-16 11:24:51,SOLUSDT,bid,135,26551.548
2024-08-16 11:25:25,SOLUSDT,bid,121,8546.788
2024-08-16 11:25:35,SOLUSDT,bid,120,24829.01
2024-08-16 11:25:36,SOLUSDT,bid,136,7564.59
2024-08-16 11:25:39,SOLUSDT,ask,180,21757.335
2024-08-16 11:25:41,SOLUSDT,bid,135,26550.808
2024-08-16 11:25:43,SOLUSDT,ask,151,7784.583
2024-08-16 11:25:56,SOLUSDT,ask,150,11796.758
2024-08-16 11:26:07,SOLUSDT,ask,185,17381.859
2024-08-16 11:26:09,SOLUSDT,bid,120,24827.954
2024-08-16 11:26:09,SOLUSDT,bid,110,27639.417
2024-08-16 11:26:09,SOLUSDT,bid,100,37097.48
2024-08-16 11:26:20,SOLUSDT,ask,150,11796.019
2024-08-16 11:26:21,SOLUSDT,bid,115,21208.18
2024-08-16 11:26:30,SOLUSDT,bid,130,15954.657
2024-08-16 11:26:34,SOLUSDT,ask,150,11798.305
2024-08-16 11:26:39,SOLUSDT,bid,120,24828.704
2024-08-16 11:26:40,SOLUSDT,ask,158,14810.126
2024-08-16 11:26:42,SOLUSDT,bid,112,9675.4
2024-08-16 11:26:43,SOLUSDT,ask,155,9694.734
2024-08-16 11:26:53,SOLUSDT,bid,110,27640.267
2024-08-16 11:26:59,SOLUSDT,ask,160,24994.179
2024-08-16 11:27:03,SOLUSDT,ask,170,11734.848
2024-08-16 11:27:07,SOLUSDT,ask,150,11797.586
2024-08-16 11:27:12,SOLUSDT,bid,121,8546.434
2024-08-16 11:27:13,SOLUSDT,bid,100,37098.48
2024-08-16 11:27:18,SOLUSDT,ask,160,24981.907
2024-08-16 11:27:20,SOLUSDT,ask,155,9681.234
2024-08-16 11:27:32,SOLUSDT,ask,170,11747.12
2024-08-16 11:27:37,SOLUSDT,bid,120,24827.954
2024-08-16 11:27:37,SOLUSDT,bid,110,27639.417
2024-08-16 11:27:37,SOLUSDT,bid,100,37097.48
2024-08-16 11:27:39,SOLUSDT,ask,170,11735.68
2024-08-16 11:27:40,SOLUSDT,ask,170,11723.408
2024-08-16 11:27:52,SOLUSDT,ask,150,11796.253
2024-08-16 11:27:53,SOLUSDT,bid,130,15958.503
2024-08-16 11:27:53,SOLUSDT,ask,160,24975.756
2024-08-16 11:27:54,SOLUSDT,ask,155,9679.068
2024-08-16 11:28:00,SOLUSDT,ask,170,11748.453
2024-08-16 11:28:04,SOLUSDT,bid,120,24828.654
2024-08-16 11:28:05,SOLUSDT,ask,152,12682.428
2024-08-16 11:28:07,SOLUSDT,ask,150,11882.427
2024-08-16 11:28:10,SOLUSDT,bid,115,21212.527
2024-08-16 11:28:14,SOLUSDT,ask,150,11882.926
2024-08-16 11:28:14,SOLUSDT,bid,130,15958.588
2024-08-16 11:28:14,SOLUSDT,bid,110,27640.167
2024-08-16 11:28:17,SOLUSDT,bid,125,19054.722
2024-08-16 11:28:17,SOLUSDT,bid,120,24821.654
2024-08-16 11:28:17,SOLUSDT,bid,110,27633.167
2024-08-16 11:28:19,SOLUSDT,bid,136,7564.25
2024-08-16 11:28:21,SOLUSDT,bid,112,9670.34
2024-08-16 11:28:25,SOLUSDT,bid,100,37098.48
2024-08-16 11:28:33,SOLUSDT,bid,90,21539.995
2024-08-16 11:28:45,SOLUSDT,bid,112,9675.4
2024-08-16 11:29:02,SOLUSDT,ask,160,24981.307
2024-08-16 11:29:10,SOLUSDT,bid,115,21214.527
2024-08-16 11:30:13,SOLUSDT,bid,120,24822.795
2024-08-16 11:30:41,SOLUSDT,bid,95,10998.988
2024-08-16 11:30:51,SOLUSDT,bid,110,27630.814
2024-08-16 11:30:55,SOLUSDT,bid,131,9104.007
2024-08-16 11:31:17,SOLUSDT,bid,130,15960.579
2024-08-16 11:31:25,SOLUSDT,bid,135,26551.822
2024-08-16 11:31:47,SOLUSDT,ask,150,11881.875
2024-08-16 11:32:03,SOLUSDT,ask,155,9680.119
2024-08-16 11:32:07,SOLUSDT,bid,130,15960.373
2024-08-16 11:32:21,SOLUSDT,bid,130,15959.399
2024-08-16 11:32:36,SOLUSDT,ask,150,11881.913
2024-08-16 11:32:36,SOLUSDT,ask,170,11748.415
2024-08-16 11:32:49,SOLUSDT,bid,130,15957.861
2024-08-16 11:33:06,SOLUSDT,bid,100,37086.797
2024-08-16 11:33:20,SOLUSDT,bid,135,26551.082
2024-08-16 11:33:20,SOLUSDT,ask,160,24979.18
2024-08-16 11:33:27,SOLUSDT,bid,136,7564.21
2024-08-16 11:33:35,SOLUSDT,bid,100,37098.48
2024-08-16 11:33:39,SOLUSDT,ask,152,12690.908
2024-08-16 11:34:11,SOLUSDT,bid,138,13412.777
2024-08-16 11:34:25,SOLUSDT,bid,131,9103.244
2024-08-16 11:34:36,SOLUSDT,ask,150,11882.146
2024-08-16 11:34:47,SOLUSDT,bid,132,8066.642
2024-08-16 11:34:50,SOLUSDT,ask,150,11883.537
2024-08-16 11:34:52,SOLUSDT,bid,110,27630.633
2024-08-16 11:34:56,SOLUSDT,bid,116,9130.652
2024-08-16 11:34:59,SOLUSDT,bid,132,8061.642
2024-08-16 11:35:00,SOLUSDT,ask,155,9682.206
2024-08-16 11:35:09,SOLUSDT,bid,120,24822.961
2024-08-16 11:35:16,SOLUSDT,ask,150,11883.499
2024-08-16 11:35:16,SOLUSDT,ask,155,9682.244
2024-08-16 11:35:19,SOLUSDT,bid,132,8070.223
2024-08-16 11:35:38,SOLUSDT,bid,112,9674.864
2024-08-16 11:35:42,SOLUSDT,bid,135,26551.582
2024-08-16 11:35:44,SOLUSDT,bid,115,21207.856
2024-08-16 11:35:49,SOLUSDT,ask,160,24974.224
2024-08-16 11:35:51,SOLUSDT,ask,150,11887.529
2024-08-16 11:35:53,SOLUSDT,bid,130,15958.067
2024-08-16 11:35:57,SOLUSDT,bid,115,21206.663
2024-08-16 11:36:01,SOLUSDT,ask,180,21757.274
2024-08-16 11:36:02,SOLUSDT,ask,163,17858.87
2024-08-16 11:36:04,SOLUSDT,bid,125,19055.044
2024-08-16 11:36:06,SOLUSDT,bid,135,26553.508
2024-08-16 11:36:12,SOLUSDT,bid,115,21207.014
2024-08-16 11:36:18,SOLUSDT,bid,132,8066.07
2024-08-16 11:36:21,SOLUSDT,ask,150,11887.743
2024-08-16 11:36:33,SOLUSDT,ask,180,21759.521
2024-08-16 11:36:33,SOLUSDT,bid,120,24819.961
2024-08-16 11:36:38,SOLUSDT,ask,163,17515.324
2024-08-16 11:36:58,SOLUSDT,bid,136,7548.134
2024-08-16 11:37:17,SOLUSDT,bid,110,27633.448
2024-08-16 11:37:25,SOLUSDT,bid,110,27658.265
2024-08-16 11:37:26,SOLUSDT,bid,132,7913.648
2024-08-16 11:37:37,SOLUSDT,bid,110,27656.501
2024-08-16 11:37:49,SOLUSDT,ask,150,11888.464
2024-08-16 11:37:50,SOLUSDT,ask,165,15706.264
2024-08-16 11:37:57,SOLUSDT,bid,130,15959.465
2024-08-16 11:38:04,SOLUSDT,bid,120,24814.128
2024-08-16 11:38:14,SOLUSDT,bid,115,21205.014
2024-08-16 11:38:14,SOLUSDT,ask,150,11886.178
2024-08-16 11:38:31,SOLUSDT,bid,135,26555.108
2024-08-16 11:38:39,SOLUSDT,bid,131,9105.957
2024-08-16 11:38:56,SOLUSDT,bid,125,19057.044
2024-08-16 11:39:08,SOLUSDT,ask,160,24939.31
2024-08-16 11:39:16,SOLUSDT,bid,111,15225.416
2024-08-16 11:39:25,SOLUSDT,ask,200,44872.493
2024-08-16 11:39:34,SOLUSDT,ask,150,11921.092
2024-08-16 11:40:01,SOLUSDT,ask,150,11934.203
2024-08-16 11:40:11,SOLUSDT,ask,150,11935.203
2024-08-16 11:40:11,SOLUSDT,bid,138,13398.448
2024-08-16 11:40:13,SOLUSDT,bid,115,21204.014
2024-08-16 11:41:01,SOLUSDT,bid,130,15944.678
2024-08-16 11:41:03,SOLUSDT,bid,136,7552.316
2024-08-16 11:41:05,SOLUSDT,bid,125,19055.189
2024-08-16 11:41:10,SOLUSDT,ask,152,12700.586
2024-08-16 11:41:10,SOLUSDT,ask,163,17505.646
2024-08-16 11:41:16,SOLUSDT,bid,135,26557.108
2024-08-16 11:41:18,SOLUSDT,bid,135,26558.826
2024-08-16 11:41:30,SOLUSDT,bid,121,8543.95
2024-08-16 11:41:50,SOLUSDT,bid,135,26556.826
2024-08-16 11:41:51,SOLUSDT,bid,111,15186.242
2024-08-16 11:42:23,SOLUSDT,ask,151,7790.677
2024-08-16 11:42:42,SOLUSDT,bid,118,9417.846
2024-08-16 11:43:03,SOLUSDT,bid,135,26586.826
2024-08-16 11:43:04,SOLUSDT,bid,136,7551.949
2024-08-16 11:43:13,SOLUSDT,bid,125,19129.94
2024-08-16 11:43:16,SOLUSDT,ask,151,7795.525
2024-08-16 11:43:18,SOLUSDT,ask,160,24939.239
2024-08-16 11:43:21,SOLUSDT,ask,188,10422.63
2024-08-16 11:43:26,SOLUSDT,bid,111,15286.242
2024-08-16 11:43:33,SOLUSDT,bid,135,26586.604
2024-08-16 11:43:37,SOLUSDT,ask,188,10387.593
2024-08-16 11:43:44,SOLUSDT,bid,135,26587.788
2024-08-16 11:43:58,SOLUSDT,ask,160,24933.117
2024-08-16 11:44:49,SOLUSDT,bid,90,21509.995
2024-08-16 11:44:49,SOLUSDT,bid,80,29779.045
2024-08-16 11:44:54,SOLUSDT,ask,151,7757.081
2024-08-16 11:45:20,SOLUSDT,bid,125,19122.851
2024-08-16 11:45:21,SOLUSDT,bid,120,24812.837
2024-08-16 11:46:01,SOLUSDT,bid,100,37095.48
2024-08-16 11:46:24,SOLUSDT,ask,150,11935.586
2024-08-16 11:46:48,SOLUSDT,ask,152,12700.72
2024-08-16 11:46:59,SOLUSDT,bid,130,15947.754
2024-08-16 11:47:12,SOLUSDT,bid,136,7551.619
2024-08-16 11:47:16,SOLUSDT,bid,125,19249.923
2024-08-16 11:47:21,SOLUSDT,bid,130,15946.985
2024-08-16 11:47:30,SOLUSDT,bid,120,24814.837
2024-08-16 11:47:35,SOLUSDT,bid,110,27611.047
2024-08-16 11:47:40,SOLUSDT,bid,115,21273.075
2024-08-16 11:47:44,SOLUSDT,ask,155,9682.317
2024-08-16 11:47:49,SOLUSDT,bid,110,27613.047
2024-08-16 11:47:52,SOLUSDT,ask,151,7751.668
2024-08-16 11:47:53,SOLUSDT,bid,120,24815.253
2024-08-16 11:48:12,SOLUSDT,bid,120,24836.086
2024-08-16 11:48:12,SOLUSDT,bid,100,37096.28
2024-08-16 11:48:16,SOLUSDT,bid,115,21272.571
2024-08-16 11:48:17,SOLUSDT,bid,135,26595.788
2024-08-16 11:48:38,SOLUSDT,bid,110,27617.047
2024-08-16 11:49:18,SOLUSDT,ask,150,11937.865
2024-08-16 11:49:34,SOLUSDT,bid,130,15944.371
2024-08-16 11:49:47,SOLUSDT,ask,150,11933.835
2024-08-16 11:50:10,SOLUSDT,bid,135,26595.714
2024-08-16 11:50:12,SOLUSDT,bid,135,26594.714
