2024-08-26 07:00:00,SOLUSDT,bid,155,4954.781
2024-08-26 07:00:00,SOLUSDT,bid,145,4334.448
2024-08-26 07:00:11,SOLUSDT,bid,156,3245.973
2024-08-26 07:00:33,SOLUSDT,ask,160,3756.725
2024-08-26 07:00:38,SOLUSDT,ask,170,13923.109
2024-08-26 07:00:56,SOLUSDT,ask,170,13923.041
2024-08-26 07:01:20,SOLUSDT,ask,163,5702.212
2024-08-26 07:01:27,SOLUSDT,bid,156,3244.786
2024-08-26 07:01:30,SOLUSDT,ask,165,16414.358
2024-08-26 07:01:45,SOLUSDT,ask,163,5703.221
2024-08-26 07:01:47,SOLUSDT,ask,180,22929.447
2024-08-26 07:01:56,SOLUSDT,ask,163,5703.345
2024-08-26 07:01:56,SOLUSDT,ask,180,22929.323
2024-08-26 07:02:00,SOLUSDT,ask,165,16412.977
2024-08-26 07:02:05,SOLUSDT,bid,147,34276.418
2024-08-26 07:02:14,SOLUSDT,ask,190,23213.855
2024-08-26 07:02:32,SOLUSDT,ask,165,16410.722
2024-08-26 07:02:37,SOLUSDT,ask,163,5703.221
2024-08-26 07:02:37,SOLUSDT,ask,170,13923.165
2024-08-26 07:02:53,SOLUSDT,bid,143,4904.196
2024-08-26 07:02:56,SOLUSDT,bid,140,10757.46
2024-08-26 07:02:58,SOLUSDT,ask,163,5703.582
2024-08-26 07:03:04,SOLUSDT,bid,142,3577.557
2024-08-26 07:03:05,SOLUSDT,bid,157,3566.402
2024-08-26 07:03:05,SOLUSDT,ask,160,3568.067
2024-08-26 07:03:10,SOLUSDT,ask,190,23223.855
2024-08-26 07:03:16,SOLUSDT,ask,163,5704.196
2024-08-26 07:03:19,SOLUSDT,bid,120,33933.545
2024-08-26 07:03:19,SOLUSDT,ask,199,5532.68
2024-08-26 07:03:31,SOLUSDT,bid,150,5994.324
2024-08-26 07:03:32,SOLUSDT,bid,156,3248.018
2024-08-26 07:03:49,SOLUSDT,ask,180,22919.333
2024-08-26 07:03:51,SOLUSDT,bid,140,10757.356
2024-08-26 07:03:53,SOLUSDT,bid,110,20332.567
2024-08-26 07:03:54,SOLUSDT,bid,120,33933.295
2024-08-26 07:03:58,SOLUSDT,bid,150,5987.658
2024-08-26 07:04:07,SOLUSDT,ask,165,16407.592
2024-08-26 07:04:08,SOLUSDT,ask,165,16405.792
2024-08-26 07:04:21,SOLUSDT,ask,165,16415.782
2024-08-26 07:04:30,SOLUSDT,bid,150,5987.158
2024-08-26 07:04:33,SOLUSDT,ask,185,19134.303
2024-08-26 07:04:35,SOLUSDT,bid,155,4957.155
2024-08-26 07:04:42,SOLUSDT,bid,150,5987.258
2024-08-26 07:04:47,SOLUSDT,bid,157,3622.629
2024-08-26 07:04:47,SOLUSDT,ask,161,3728.663
2024-08-26 07:04:47,SOLUSDT,ask,175,11152.903
2024-08-26 07:04:56,SOLUSDT,bid,157,3619.117
2024-08-26 07:04:59,SOLUSDT,bid,140,10756.431
2024-08-26 07:05:04,SOLUSDT,ask,167,7871.495
2024-08-26 07:05:16,SOLUSDT,bid,155,4965.544
2024-08-26 07:05:19,SOLUSDT,ask,169,7544.2
2024-08-26 07:05:23,SOLUSDT,ask,185,19136.015
2024-08-26 07:05:29,SOLUSDT,ask,163,5693.007
2024-08-26 07:05:47,SOLUSDT,ask,200,45138.011
2024-08-26 07:06:12,SOLUSDT,ask,169,7859.2
2024-08-26 07:06:21,SOLUSDT,ask,169,7544.2
2024-08-26 07:06:24,SOLUSDT,bid,135,13796.991
2024-08-26 07:06:26,SOLUSDT,bid,125,9857.237
2024-08-26 07:06:35,SOLUSDT,ask,350,4041.127
2024-08-26 07:06:35,SOLUSDT,ask,192,3063.198
2024-08-26 07:06:36,SOLUSDT,ask,170,13873.514
2024-08-26 07:06:46,SOLUSDT,ask,188,13102.827
2024-08-26 07:06:51,SOLUSDT,ask,163,5693.043
2024-08-26 07:06:56,SOLUSDT,bid,140,10755.717
2024-08-26 07:07:00,SOLUSDT,bid,140,10755.003
2024-08-26 07:07:03,SOLUSDT,bid,95,8066.862
2024-08-26 07:07:05,SOLUSDT,bid,138,4699.647
2024-08-26 07:07:08,SOLUSDT,bid,140,10755.039
2024-08-26 07:07:11,SOLUSDT,ask,165,16415.369
2024-08-26 07:07:11,SOLUSDT,ask,170,13873.927
2024-08-26 07:07:12,SOLUSDT,bid,155,4966.044
2024-08-26 07:07:17,SOLUSDT,ask,163,5699.54
2024-08-26 07:07:23,SOLUSDT,bid,158,3702.413
2024-08-26 07:07:23,SOLUSDT,ask,161,3626.794
2024-08-26 07:07:34,SOLUSDT,bid,120,33905.795
2024-08-26 07:07:34,SOLUSDT,ask,167,7883.487
2024-08-26 07:07:44,SOLUSDT,ask,180,22922.331
2024-08-26 07:07:56,SOLUSDT,ask,220,16667.801
2024-08-26 07:08:27,SOLUSDT,bid,158,3987.212
2024-08-26 07:08:35,SOLUSDT,ask,169,7700.2
2024-08-26 07:08:35,SOLUSDT,ask,169,7544.2
2024-08-26 07:08:49,SOLUSDT,bid,158,3647.636
2024-08-26 07:08:49,SOLUSDT,ask,161,3582.98
2024-08-26 07:08:50,SOLUSDT,bid,130,10672.788
2024-08-26 07:08:57,SOLUSDT,ask,180,22922.231
2024-08-26 07:08:58,SOLUSDT,bid,156,3248.597
2024-08-26 07:09:08,SOLUSDT,bid,158,3716.986
2024-08-26 07:09:08,SOLUSDT,ask,161,3610.206
2024-08-26 07:09:11,SOLUSDT,bid,158,3713.45
2024-08-26 07:09:11,SOLUSDT,bid,158,3713.313
2024-08-26 07:09:11,SOLUSDT,ask,161,3685.455
2024-08-26 07:09:26,SOLUSDT,bid,145,4344.15
2024-08-26 07:09:28,SOLUSDT,ask,175,11158.866
2024-08-26 07:10:03,SOLUSDT,ask,165,16410.462
2024-08-26 07:10:16,SOLUSDT,ask,185,19140.922
2024-08-26 07:10:41,SOLUSDT,ask,169,7853.003
2024-08-26 07:10:47,SOLUSDT,bid,142,3576.52
2024-08-26 07:10:51,SOLUSDT,bid,130,10673.788
2024-08-26 07:10:52,SOLUSDT,ask,169,7544.2
2024-08-26 07:11:00,SOLUSDT,ask,190,23224.007
2024-08-26 07:11:08,SOLUSDT,bid,158,3713.465
2024-08-26 07:11:09,SOLUSDT,bid,155,4966.196
2024-08-26 07:11:14,SOLUSDT,bid,140,10755.191
2024-08-26 07:11:14,SOLUSDT,bid,154,3286.975
2024-08-26 07:11:16,SOLUSDT,bid,145,4351.62
2024-08-26 07:11:16,SOLUSDT,bid,140,10747.721
2024-08-26 07:11:25,SOLUSDT,ask,184,4941.495
2024-08-26 07:11:33,SOLUSDT,ask,185,19142.199
2024-08-26 07:11:36,SOLUSDT,bid,145,4351.727
2024-08-26 07:11:37,SOLUSDT,bid,155,4968.776
2024-08-26 07:12:01,SOLUSDT,ask,163,5700.04
2024-08-26 07:12:16,SOLUSDT,bid,145,4351.62
2024-08-26 07:12:30,SOLUSDT,bid,155,5017.719
2024-08-26 07:12:34,SOLUSDT,bid,158,4466.074
2024-08-26 07:12:43,SOLUSDT,ask,163,6000.04
2024-08-26 07:12:52,SOLUSDT,bid,158,4466.093
2024-08-26 07:12:56,SOLUSDT,bid,158,3713.465
2024-08-26 07:13:03,SOLUSDT,ask,205,10094.229
2024-08-26 07:13:05,SOLUSDT,bid,155,4968.776
2024-08-26 07:13:05,SOLUSDT,ask,170,13858.927
2024-08-26 07:13:09,SOLUSDT,bid,150,5984.229
2024-08-26 07:13:11,SOLUSDT,bid,150,5985.562
2024-08-26 07:13:14,SOLUSDT,ask,165,16436.436
2024-08-26 07:13:21,SOLUSDT,ask,165,16436.186
2024-08-26 07:13:39,SOLUSDT,bid,154,3285.817
2024-08-26 07:13:50,SOLUSDT,bid,158,3804.347
2024-08-26 07:13:53,SOLUSDT,bid,156,3213.964
2024-08-26 07:13:57,SOLUSDT,ask,163,5700.04
2024-08-26 07:14:04,SOLUSDT,ask,165,16435.77
2024-08-26 07:14:04,SOLUSDT,ask,170,13859.343
2024-08-26 07:14:08,SOLUSDT,ask,165,16435.223
2024-08-26 07:14:11,SOLUSDT,bid,150,5985.526
2024-08-26 07:14:11,SOLUSDT,ask,175,11159.373
2024-08-26 07:14:15,SOLUSDT,bid,130,10674.809
2024-08-26 07:14:15,SOLUSDT,ask,175,11158.866
2024-08-26 07:14:21,SOLUSDT,bid,157,5134.956
2024-08-26 07:14:27,SOLUSDT,bid,157,4243.427
2024-08-26 07:14:28,SOLUSDT,ask,170,13859.85
2024-08-26 07:14:28,SOLUSDT,bid,157,3712.048
2024-08-26 07:14:30,SOLUSDT,bid,157,3718.346
2024-08-26 07:14:44,SOLUSDT,bid,157,4045.951
2024-08-26 07:14:44,SOLUSDT,bid,157,3718.283
2024-08-26 07:14:45,SOLUSDT,bid,157,4082.295
2024-08-26 07:14:52,SOLUSDT,bid,157,4045.951
2024-08-26 07:14:56,SOLUSDT,bid,157,3711.985
2024-08-26 07:15:08,SOLUSDT,bid,155,4952.015
2024-08-26 07:15:11,SOLUSDT,bid,141,3936.567
2024-08-26 07:15:13,SOLUSDT,bid,156,3214.016
2024-08-26 07:15:15,SOLUSDT,bid,157,4082.208
2024-08-26 07:15:16,SOLUSDT,ask,175,11158.951
2024-08-26 07:15:34,SOLUSDT,ask,175,11147.554
2024-08-26 07:15:40,SOLUSDT,bid,155,4971.369
2024-08-26 07:15:43,SOLUSDT,ask,175,11147.469
2024-08-26 07:15:47,SOLUSDT,ask,170,13858.85
2024-08-26 07:15:54,SOLUSDT,ask,175,11147.264
2024-08-26 07:16:10,SOLUSDT,ask,170,13867.929
2024-08-26 07:16:22,SOLUSDT,ask,180,22872.231
2024-08-26 07:16:22,SOLUSDT,ask,190,23174.007
2024-08-26 07:16:22,SOLUSDT,ask,200,45086.011
2024-08-26 07:16:23,SOLUSDT,ask,175,11147.352
2024-08-26 07:16:23,SOLUSDT,ask,170,13843.814
2024-08-26 07:16:27,SOLUSDT,ask,162,6565.174
2024-08-26 07:16:36,SOLUSDT,ask,160,3609.295
2024-08-26 07:16:36,SOLUSDT,bid,157,4045.951
2024-08-26 07:16:37,SOLUSDT,ask,168,11080.561
2024-08-26 07:16:50,SOLUSDT,bid,155,4972.105
2024-08-26 07:17:12,SOLUSDT,ask,175,11147.264
2024-08-26 07:17:15,SOLUSDT,ask,162,6565.135
2024-08-26 07:17:24,SOLUSDT,bid,150,5985.6
2024-08-26 07:17:39,SOLUSDT,bid,155,5948.873
2024-08-26 07:17:40,SOLUSDT,bid,155,4971.369
2024-08-26 07:17:42,SOLUSDT,bid,155,4971.894
2024-08-26 07:17:44,SOLUSDT,bid,150,5985.526
2024-08-26 07:17:52,SOLUSDT,bid,140,10748.954
2024-08-26 07:17:54,SOLUSDT,ask,165,16439.223
2024-08-26 07:18:00,SOLUSDT,bid,140,10747.721
2024-08-26 07:18:08,SOLUSDT,bid,145,4352.811
2024-08-26 07:18:11,SOLUSDT,ask,180,22876.29
2024-08-26 07:18:20,SOLUSDT,bid,156,3432.642
2024-08-26 07:18:22,SOLUSDT,ask,170,13845.578
2024-08-26 07:18:33,SOLUSDT,bid,157,3712.678
2024-08-26 07:18:37,SOLUSDT,bid,157,3711.985
2024-08-26 07:18:45,SOLUSDT,bid,155,4969.885
2024-08-26 07:18:57,SOLUSDT,bid,120,33895.766
2024-08-26 07:19:02,SOLUSDT,ask,165,16439.065
2024-08-26 07:19:03,SOLUSDT,bid,156,3434.639
2024-08-26 07:19:07,SOLUSDT,bid,140,10746.293
2024-08-26 07:19:08,SOLUSDT,bid,141,3935.858
2024-08-26 07:19:25,SOLUSDT,ask,181,3695.744
2024-08-26 07:19:33,SOLUSDT,bid,100,23633.781
2024-08-26 07:19:47,SOLUSDT,ask,165,16441.394
2024-08-26 07:19:52,SOLUSDT,ask,165,16439.065
2024-08-26 07:19:54,SOLUSDT,bid,155,4969.836
2024-08-26 07:20:02,SOLUSDT,bid,155,4969.934
2024-08-26 07:20:06,SOLUSDT,ask,166,3288.216
2024-08-26 07:20:23,SOLUSDT,bid,145,4353.311
2024-08-26 07:20:27,SOLUSDT,bid,154,3283.817
2024-08-26 07:20:27,SOLUSDT,bid,150,5983.526
2024-08-26 07:20:39,SOLUSDT,bid,155,5945.672
2024-08-26 07:20:41,SOLUSDT,bid,156,3434.797
2024-08-26 07:20:46,SOLUSDT,bid,143,4904.274
2024-08-26 07:20:47,SOLUSDT,bid,143,4904.352
2024-08-26 07:20:47,SOLUSDT,bid,143,4904.43
2024-08-26 07:20:49,SOLUSDT,bid,143,4904.508
2024-08-26 07:20:53,SOLUSDT,bid,143,4904.664
2024-08-26 07:20:55,SOLUSDT,bid,143,4904.742
2024-08-26 07:20:57,SOLUSDT,bid,143,4904.82
2024-08-26 07:20:58,SOLUSDT,bid,143,4904.976
2024-08-26 07:20:58,SOLUSDT,bid,143,4905.054
2024-08-26 07:21:09,SOLUSDT,bid,147,34208.438
2024-08-26 07:21:09,SOLUSDT,bid,110,20356.679
2024-08-26 07:21:12,SOLUSDT,bid,110,20332.567
2024-08-26 07:21:17,SOLUSDT,bid,147,34174.448
2024-08-26 07:21:20,SOLUSDT,bid,112,5521.163
2024-08-26 07:21:24,SOLUSDT,bid,140,10746.407
2024-08-26 07:21:26,SOLUSDT,ask,165,16433.368
2024-08-26 07:21:32,SOLUSDT,bid,155,4973.154
2024-08-26 07:21:50,SOLUSDT,bid,156,3435.317
2024-08-26 07:21:51,SOLUSDT,bid,145,4371.549
2024-08-26 07:21:52,SOLUSDT,ask,165,16471.967
2024-08-26 07:22:06,SOLUSDT,ask,165,16471.254
2024-08-26 07:22:10,SOLUSDT,bid,156,3434.45
2024-08-26 07:22:29,SOLUSDT,bid,156,3433.426
2024-08-26 07:22:34,SOLUSDT,ask,175,11147.451
2024-08-26 07:22:35,SOLUSDT,bid,140,10746.594
2024-08-26 07:22:41,SOLUSDT,bid,155,5945.38
2024-08-26 07:22:52,SOLUSDT,bid,155,4972.154
2024-08-26 07:22:53,SOLUSDT,bid,150,5981.526
2024-08-26 07:22:55,SOLUSDT,bid,140,10742.994
2024-08-26 07:22:59,SOLUSDT,bid,156,3433.941
2024-08-26 07:23:04,SOLUSDT,ask,165,16470.583
2024-08-26 07:23:04,SOLUSDT,bid,155,4972.098
2024-08-26 07:23:05,SOLUSDT,bid,156,3433.889
2024-08-26 07:23:06,SOLUSDT,bid,155,4972.42
2024-08-26 07:23:09,SOLUSDT,ask,162,6570.135
2024-08-26 07:23:13,SOLUSDT,ask,163,5699.54
2024-08-26 07:23:14,SOLUSDT,ask,162,6565.135
2024-08-26 07:23:21,SOLUSDT,bid,155,4978.262
2024-08-26 07:23:24,SOLUSDT,bid,155,4988.3
2024-08-26 07:23:30,SOLUSDT,bid,111,12443.299
2024-08-26 07:23:36,SOLUSDT,ask,191,5509.746
2024-08-26 07:23:37,SOLUSDT,bid,156,3433.374
2024-08-26 07:23:51,SOLUSDT,bid,150,6051.526
2024-08-26 07:23:52,SOLUSDT,ask,170,13845.671
2024-08-26 07:23:57,SOLUSDT,bid,156,3433.431
2024-08-26 07:24:07,SOLUSDT,bid,140,10739.423
2024-08-26 07:24:07,SOLUSDT,ask,163,5699.574
2024-08-26 07:24:07,SOLUSDT,ask,165,16470.617
2024-08-26 07:24:07,SOLUSDT,ask,166,3288.25
2024-08-26 07:24:07,SOLUSDT,ask,167,7883.521
2024-08-26 07:24:07,SOLUSDT,ask,168,11080.595
2024-08-26 07:24:09,SOLUSDT,bid,156,3433.465
2024-08-26 07:24:09,SOLUSDT,bid,155,4988.334
2024-08-26 07:24:09,SOLUSDT,bid,154,3283.851
2024-08-26 07:24:10,SOLUSDT,ask,169,7548.107
2024-08-26 07:24:10,SOLUSDT,bid,150,6051.56
2024-08-26 07:24:13,SOLUSDT,ask,190,23173.73
2024-08-26 07:24:17,SOLUSDT,bid,100,23588.277
2024-08-26 07:24:18,SOLUSDT,ask,163,5700.573
2024-08-26 07:24:24,SOLUSDT,ask,162,6571.118
2024-08-26 07:24:35,SOLUSDT,ask,165,16469.909
2024-08-26 07:24:38,SOLUSDT,bid,156,3433.498
2024-08-26 07:24:39,SOLUSDT,bid,156,3446.974
2024-08-26 07:24:46,SOLUSDT,bid,155,4985.114
2024-08-26 07:25:02,SOLUSDT,bid,140,10739.826
2024-08-26 07:25:03,SOLUSDT,bid,120,33896.179
2024-08-26 07:25:03,SOLUSDT,ask,185,19142.268
2024-08-26 07:25:03,SOLUSDT,bid,141,3934.214
2024-08-26 07:25:04,SOLUSDT,ask,160,3847.535
2024-08-26 07:25:16,SOLUSDT,ask,160,3609.295
2024-08-26 07:25:26,SOLUSDT,bid,155,5033.433
2024-08-26 07:25:32,SOLUSDT,ask,170,13849.268
2024-08-26 07:25:38,SOLUSDT,bid,155,4985.114
2024-08-26 07:25:39,SOLUSDT,bid,120,33927.431
2024-08-26 07:25:47,SOLUSDT,bid,118,4480.48
2024-08-26 07:25:48,SOLUSDT,bid,121,4373.533
2024-08-26 07:25:50,SOLUSDT,bid,154,3284.851
2024-08-26 07:26:08,SOLUSDT,bid,156,3551.399
2024-08-26 07:26:10,SOLUSDT,ask,165,16471.219
2024-08-26 07:26:12,SOLUSDT,bid,155,4984.792
2024-08-26 07:26:14,SOLUSDT,bid,156,3600.028
2024-08-26 07:26:23,SOLUSDT,ask,169,7547.107
2024-08-26 07:26:24,SOLUSDT,bid,156,3322.191
2024-08-26 07:26:31,SOLUSDT,bid,143,4876.961
2024-08-26 07:26:42,SOLUSDT,ask,170,13849.335
2024-08-26 07:26:42,SOLUSDT,ask,185,19131.351
2024-08-26 07:26:42,SOLUSDT,bid,150,6051.627
2024-08-26 07:26:45,SOLUSDT,bid,130,10674.876
2024-08-26 07:26:47,SOLUSDT,bid,155,5949.542
2024-08-26 07:27:21,SOLUSDT,bid,120,33897.47
2024-08-26 07:27:34,SOLUSDT,bid,155,5945.38
2024-08-26 07:27:46,SOLUSDT,bid,156,3323.28
2024-08-26 07:27:53,SOLUSDT,bid,156,3320.28
2024-08-26 07:28:11,SOLUSDT,ask,184,4909.433
2024-08-26 07:28:22,SOLUSDT,bid,150,6051.556
2024-08-26 07:28:31,SOLUSDT,bid,156,3352.331
2024-08-26 07:28:49,SOLUSDT,ask,165,16468.01
2024-08-26 07:29:04,SOLUSDT,ask,163,5703.782
2024-08-26 07:29:16,SOLUSDT,ask,165,16468.616
2024-08-26 07:29:18,SOLUSDT,ask,165,16468.893
2024-08-26 07:29:19,SOLUSDT,bid,155,4977.771
2024-08-26 07:29:29,SOLUSDT,bid,140,10739.897
2024-08-26 07:29:50,SOLUSDT,ask,168,11080.836
2024-08-26 07:29:53,SOLUSDT,ask,160,3610.158
2024-08-26 07:29:54,SOLUSDT,bid,155,4978.271
2024-08-26 07:30:04,SOLUSDT,bid,156,3352.843
2024-08-26 07:30:05,SOLUSDT,ask,185,19131.651
2024-08-26 07:30:07,SOLUSDT,ask,172,2975.433
2024-08-26 07:30:08,SOLUSDT,ask,160,3609.295
2024-08-26 07:30:10,SOLUSDT,bid,120,33900.569
2024-08-26 07:30:15,SOLUSDT,ask,170,13849.631
2024-08-26 07:30:15,SOLUSDT,ask,198,5060.21
2024-08-26 07:30:16,SOLUSDT,bid,143,4873.995
2024-08-26 07:30:18,SOLUSDT,bid,111,12446.65
2024-08-26 07:30:18,SOLUSDT,ask,160,3847.535
2024-08-26 07:30:21,SOLUSDT,ask,169,7550.322
2024-08-26 07:30:22,SOLUSDT,ask,206,4234.889
2024-08-26 07:30:22,SOLUSDT,ask,162,6603.692
2024-08-26 07:30:27,SOLUSDT,ask,215,4398.657
2024-08-26 07:30:28,SOLUSDT,ask,160,3609.295
2024-08-26 07:30:43,SOLUSDT,ask,160,5640.991
2024-08-26 07:30:46,SOLUSDT,bid,156,3352.804
2024-08-26 07:30:46,SOLUSDT,bid,141,3934.175
2024-08-26 07:30:46,SOLUSDT,bid,135,13796.952
2024-08-26 07:30:46,SOLUSDT,ask,165,16468.854
2024-08-26 07:30:46,SOLUSDT,ask,180,22876.251
2024-08-26 07:30:46,SOLUSDT,bid,150,6051.517
2024-08-26 07:30:46,SOLUSDT,bid,138,4699.608
2024-08-26 07:30:46,SOLUSDT,ask,168,11080.797
2024-08-26 07:30:46,SOLUSDT,bid,143,4873.917
2024-08-26 07:30:47,SOLUSDT,bid,143,4873.839
2024-08-26 07:30:47,SOLUSDT,bid,143,4873.761
2024-08-26 07:30:49,SOLUSDT,bid,143,4873.683
2024-08-26 07:30:53,SOLUSDT,ask,175,11147.747
2024-08-26 07:30:53,SOLUSDT,bid,143,4873.527
2024-08-26 07:30:55,SOLUSDT,bid,143,4873.449
2024-08-26 07:30:57,SOLUSDT,bid,143,4873.371
2024-08-26 07:30:58,SOLUSDT,bid,143,4873.215
2024-08-26 07:30:58,SOLUSDT,bid,143,4873.137
2024-08-26 07:31:02,SOLUSDT,ask,170,13849.124
2024-08-26 07:31:04,SOLUSDT,ask,169,7547.107
2024-08-26 07:31:11,SOLUSDT,ask,166,3291.465
2024-08-26 07:31:11,SOLUSDT,bid,143,4873.244
2024-08-26 07:31:36,SOLUSDT,ask,172,2976.442
2024-08-26 07:31:52,SOLUSDT,bid,143,4873.137
2024-08-26 07:31:59,SOLUSDT,ask,172,2975.397
2024-08-26 07:32:19,SOLUSDT,ask,160,3609.14
2024-08-26 07:32:23,SOLUSDT,ask,172,2974.388
2024-08-26 07:32:28,SOLUSDT,bid,157,3713.244
2024-08-26 07:32:52,SOLUSDT,bid,147,34241.748
2024-08-26 07:33:21,SOLUSDT,bid,155,5078.271
2024-08-26 07:33:26,SOLUSDT,ask,192,3067.824
2024-08-26 07:33:47,SOLUSDT,ask,172,2975.397
2024-08-26 07:33:51,SOLUSDT,ask,170,13855.006
2024-08-26 07:34:12,SOLUSDT,bid,157,3783.964
2024-08-26 07:34:16,SOLUSDT,ask,165,16461.659
2024-08-26 07:34:25,SOLUSDT,bid,155,5076.637
2024-08-26 07:34:52,SOLUSDT,ask,162,6597.709
2024-08-26 07:35:02,SOLUSDT,bid,150,6051.857
2024-08-26 07:35:09,SOLUSDT,ask,165,16464.262
2024-08-26 07:35:22,SOLUSDT,bid,142,4129.909
2024-08-26 07:35:55,SOLUSDT,ask,180,22878.194
2024-08-26 07:36:21,SOLUSDT,ask,163,5703.832
2024-08-26 07:36:23,SOLUSDT,ask,188,13099.412
2024-08-26 07:36:38,SOLUSDT,bid,155,5079.755
2024-08-26 07:36:53,SOLUSDT,bid,157,3790.232
2024-08-26 07:36:53,SOLUSDT,ask,170,13855.077
2024-08-26 07:37:02,SOLUSDT,ask,170,13855.006
2024-08-26 07:37:08,SOLUSDT,bid,157,3783.964
2024-08-26 07:37:18,SOLUSDT,bid,140,12281.076
2024-08-26 07:37:31,SOLUSDT,ask,165,16541.015
2024-08-26 07:38:00,SOLUSDT,ask,163,5672.934
2024-08-26 07:38:00,SOLUSDT,ask,165,16571.913
2024-08-26 07:38:00,SOLUSDT,ask,162,6606.079
2024-08-26 07:38:10,SOLUSDT,ask,162,6597.709
2024-08-26 07:38:11,SOLUSDT,ask,168,11064.054
2024-08-26 07:38:19,SOLUSDT,bid,136,7093.549
2024-08-26 07:38:19,SOLUSDT,bid,155,5063.624
2024-08-26 07:38:35,SOLUSDT,bid,155,5065.624
2024-08-26 07:38:38,SOLUSDT,bid,140,12281.005
2024-08-26 07:38:40,SOLUSDT,ask,196,2971.443
2024-08-26 07:38:57,SOLUSDT,ask,175,11146.329
2024-08-26 07:38:58,SOLUSDT,bid,148,34392.838
2024-08-26 07:38:59,SOLUSDT,bid,155,5065.559
2024-08-26 07:39:33,SOLUSDT,ask,162,6602.709
2024-08-26 07:39:37,SOLUSDT,bid,130,10667.367
2024-08-26 07:39:45,SOLUSDT,ask,169,7545.859
2024-08-26 07:39:46,SOLUSDT,ask,185,19134.311
2024-08-26 07:39:47,SOLUSDT,ask,163,5671.434
2024-08-26 07:39:49,SOLUSDT,ask,185,19153.161
2024-08-26 07:40:05,SOLUSDT,ask,170,13850.431
2024-08-26 07:40:09,SOLUSDT,ask,162,6570.135
2024-08-26 07:40:12,SOLUSDT,bid,157,3879.853
2024-08-26 07:40:22,SOLUSDT,bid,145,4370.549
2024-08-26 07:40:27,SOLUSDT,ask,172,2974.388
2024-08-26 07:40:30,SOLUSDT,ask,162,6565.135
2024-08-26 07:40:46,SOLUSDT,ask,165,16570.925
2024-08-26 07:40:52,SOLUSDT,bid,155,5078.462
2024-08-26 07:41:02,SOLUSDT,bid,155,5076.462
2024-08-26 07:41:06,SOLUSDT,bid,156,3355.368
2024-08-26 07:41:12,SOLUSDT,bid,154,3286.851
2024-08-26 07:41:16,SOLUSDT,bid,157,3657.095
2024-08-26 07:41:16,SOLUSDT,ask,160,3683.502
2024-08-26 07:41:21,SOLUSDT,bid,155,5092.286
2024-08-26 07:41:21,SOLUSDT,bid,157,4527.25
2024-08-26 07:41:21,SOLUSDT,bid,150,6051.891
2024-08-26 07:41:30,SOLUSDT,bid,154,3284.851
2024-08-26 07:41:35,SOLUSDT,bid,155,5092.32
2024-08-26 07:41:35,SOLUSDT,bid,150,6051.857
2024-08-26 07:41:37,SOLUSDT,bid,145,4369.86
2024-08-26 07:41:38,SOLUSDT,bid,157,4569.583
2024-08-26 07:41:42,SOLUSDT,bid,150,6051.937
2024-08-26 07:41:51,SOLUSDT,bid,143,4873.215
2024-08-26 07:41:51,SOLUSDT,bid,143,4873.293
2024-08-26 07:41:53,SOLUSDT,bid,143,4873.371
2024-08-26 07:41:53,SOLUSDT,bid,143,4873.449
2024-08-26 07:41:53,SOLUSDT,bid,143,4873.527
2024-08-26 07:41:54,SOLUSDT,bid,143,4873.605
2024-08-26 07:41:54,SOLUSDT,bid,143,4873.761
2024-08-26 07:41:54,SOLUSDT,bid,143,4873.839
2024-08-26 07:41:54,SOLUSDT,bid,143,4873.917
2024-08-26 07:41:55,SOLUSDT,bid,143,4873.995
2024-08-26 07:41:55,SOLUSDT,bid,143,4874.073
2024-08-26 07:41:55,SOLUSDT,bid,143,4874.151
2024-08-26 07:41:55,SOLUSDT,bid,143,4874.229
2024-08-26 07:41:58,SOLUSDT,ask,180,22876.251
2024-08-26 07:42:00,SOLUSDT,bid,150,6051.857
2024-08-26 07:42:01,SOLUSDT,bid,140,12280.889
2024-08-26 07:42:02,SOLUSDT,bid,157,3676.154
2024-08-26 07:42:09,SOLUSDT,bid,136,7381.811
2024-08-26 07:42:09,SOLUSDT,bid,156,3368.188
2024-08-26 07:42:24,SOLUSDT,bid,131,8627.098
2024-08-26 07:42:33,SOLUSDT,bid,156,3365.624
2024-08-26 07:42:33,SOLUSDT,bid,131,8826.715
2024-08-26 07:42:46,SOLUSDT,bid,156,3366.124
2024-08-26 07:42:46,SOLUSDT,ask,205,10093.466
2024-08-26 07:42:56,SOLUSDT,bid,156,3353.304
2024-08-26 07:43:02,SOLUSDT,bid,155,5092.82
2024-08-26 07:43:07,SOLUSDT,ask,170,13850.503
2024-08-26 07:43:09,SOLUSDT,ask,205,10094.229
2024-08-26 07:43:14,SOLUSDT,bid,156,3369.128
2024-08-26 07:43:14,SOLUSDT,bid,155,5076.996
2024-08-26 07:43:18,SOLUSDT,bid,154,3284.892
2024-08-26 07:43:18,SOLUSDT,ask,163,5671.674
2024-08-26 07:43:19,SOLUSDT,ask,175,11149.602
2024-08-26 07:43:23,SOLUSDT,ask,170,13856.503
2024-08-26 07:43:25,SOLUSDT,ask,170,13856.431
2024-08-26 07:43:28,SOLUSDT,ask,163,5688.302
2024-08-26 07:43:35,SOLUSDT,ask,163,5714.598
2024-08-26 07:43:38,SOLUSDT,ask,165,16568.322
2024-08-26 07:43:40,SOLUSDT,bid,145,4375.223
2024-08-26 07:43:42,SOLUSDT,bid,156,3381.948
2024-08-26 07:44:07,SOLUSDT,ask,163,5718.491
2024-08-26 07:44:11,SOLUSDT,bid,156,3369.128
2024-08-26 07:44:16,SOLUSDT,ask,180,22866.261
2024-08-26 07:44:20,SOLUSDT,bid,155,5087.263
2024-08-26 07:44:21,SOLUSDT,bid,157,3595.235
2024-08-26 07:44:21,SOLUSDT,ask,160,5652.823
2024-08-26 07:44:24,SOLUSDT,bid,145,4374.534
2024-08-26 07:44:24,SOLUSDT,bid,143,4873.53
2024-08-26 07:44:26,SOLUSDT,bid,157,3697.817
2024-08-26 07:44:26,SOLUSDT,ask,160,3629.854
2024-08-26 07:44:26,SOLUSDT,ask,165,16584.044
2024-08-26 07:44:39,SOLUSDT,bid,147,34241.839
2024-08-26 07:44:51,SOLUSDT,bid,90,9666.703
2024-08-26 07:44:54,SOLUSDT,ask,170,13850.431
2024-08-26 07:44:54,SOLUSDT,ask,180,22872.261
2024-08-26 07:44:56,SOLUSDT,ask,163,5718.391
2024-08-26 07:44:57,SOLUSDT,bid,118,4481.48
2024-08-26 07:45:06,SOLUSDT,bid,147,34241.748
2024-08-26 07:45:09,SOLUSDT,bid,156,3374.128
2024-08-26 07:45:22,SOLUSDT,bid,157,3671.954
2024-08-26 07:45:22,SOLUSDT,ask,160,3897.363
2024-08-26 07:45:24,SOLUSDT,bid,157,3725.323
2024-08-26 07:45:25,SOLUSDT,bid,157,3674.918
2024-08-26 07:45:31,SOLUSDT,ask,160,3897.363
2024-08-26 07:45:36,SOLUSDT,bid,140,12281.005
2024-08-26 07:45:42,SOLUSDT,bid,140,12281.95
2024-08-26 07:45:48,SOLUSDT,bid,157,3668.618
2024-08-26 07:46:02,SOLUSDT,bid,157,4559.41
2024-08-26 07:46:10,SOLUSDT,bid,156,3694.64
2024-08-26 07:46:13,SOLUSDT,bid,157,3683.27
2024-08-26 07:46:13,SOLUSDT,ask,160,3582.056
2024-08-26 07:46:13,SOLUSDT,bid,155,5090.737
2024-08-26 07:46:17,SOLUSDT,bid,155,5087.263
2024-08-26 07:46:23,SOLUSDT,bid,156,3694.705
2024-08-26 07:46:24,SOLUSDT,bid,140,12281.834
2024-08-26 07:46:27,SOLUSDT,bid,155,5074.36
2024-08-26 07:46:28,SOLUSDT,bid,156,3576.007
2024-08-26 07:46:29,SOLUSDT,bid,140,12285.681
2024-08-26 07:46:30,SOLUSDT,bid,155,5064.093
2024-08-26 07:46:32,SOLUSDT,ask,170,13851.188
2024-08-26 07:46:34,SOLUSDT,bid,140,12285.797
2024-08-26 07:46:35,SOLUSDT,bid,145,4375.291
2024-08-26 07:46:52,SOLUSDT,bid,156,3255.495
2024-08-26 07:47:01,SOLUSDT,bid,150,5951.857
2024-08-26 07:47:08,SOLUSDT,ask,180,22866.261
2024-08-26 07:47:22,SOLUSDT,ask,193,5764.868
2024-08-26 07:47:29,SOLUSDT,bid,150,5949.944
2024-08-26 07:47:30,SOLUSDT,bid,155,5061.246
2024-08-26 07:48:01,SOLUSDT,bid,143,4573.53
2024-08-26 07:48:16,SOLUSDT,bid,150,5952.372
2024-08-26 07:48:19,SOLUSDT,bid,157,3694.413
2024-08-26 07:48:19,SOLUSDT,ask,160,3725.176
2024-08-26 07:48:25,SOLUSDT,bid,155,5068.643
2024-08-26 07:48:35,SOLUSDT,bid,157,3688.117
2024-08-26 07:48:35,SOLUSDT,ask,200,45056.353
2024-08-26 07:48:40,SOLUSDT,ask,165,16583.7
2024-08-26 07:48:46,SOLUSDT,bid,150,5952.235
2024-08-26 07:48:49,SOLUSDT,bid,100,23590.277
2024-08-26 07:49:05,SOLUSDT,ask,188,13094.735
2024-08-26 07:49:15,SOLUSDT,bid,150,5952.381
2024-08-26 07:49:18,SOLUSDT,ask,200,44935.333
2024-08-26 07:49:33,SOLUSDT,bid,139,3905.351
2024-08-26 07:49:33,SOLUSDT,ask,165,16583.664
2024-08-26 07:50:06,SOLUSDT,ask,200,44935.3
2024-08-26 07:50:08,SOLUSDT,bid,156,3257.575
2024-08-26 07:50:09,SOLUSDT,bid,150,5952.455
2024-08-26 07:50:19,SOLUSDT,bid,157,3766.369
2024-08-26 07:50:19,SOLUSDT,ask,160,3789.563
2024-08-26 07:50:20,SOLUSDT,bid,157,3706.1
2024-08-26 07:50:20,SOLUSDT,ask,160,3921.305
2024-08-26 07:50:22,SOLUSDT,ask,165,16602.528
2024-08-26 07:50:28,SOLUSDT,bid,150,5952.381
2024-08-26 07:50:40,SOLUSDT,ask,170,13851.221
2024-08-26 07:50:41,SOLUSDT,ask,165,16749.255
2024-08-26 07:51:09,SOLUSDT,bid,156,3252.183
2024-08-26 07:51:11,SOLUSDT,ask,163,5717.772
2024-08-26 07:51:19,SOLUSDT,ask,250,18615.707
2024-08-26 07:51:20,SOLUSDT,bid,155,5071.644
2024-08-26 07:51:21,SOLUSDT,ask,170,13851.188
2024-08-26 07:51:21,SOLUSDT,ask,175,11148.712
2024-08-26 07:51:25,SOLUSDT,ask,166,3225.33
2024-08-26 07:51:36,SOLUSDT,ask,165,16748.406
2024-08-26 07:51:36,SOLUSDT,ask,175,11135.439
2024-08-26 07:51:36,SOLUSDT,bid,156,3253.452
2024-08-26 07:51:37,SOLUSDT,ask,163,5717.452
2024-08-26 07:51:37,SOLUSDT,bid,156,4593.147
2024-08-26 07:51:40,SOLUSDT,ask,175,10424.968
2024-08-26 07:51:45,SOLUSDT,bid,150,5939.048
2024-08-26 07:51:48,SOLUSDT,ask,180,22866.294
2024-08-26 07:51:51,SOLUSDT,bid,143,4573.452
2024-08-26 07:51:51,SOLUSDT,bid,143,4573.374
2024-08-26 07:51:52,SOLUSDT,ask,188,13094.8
2024-08-26 07:51:53,SOLUSDT,bid,143,4573.296
2024-08-26 07:51:53,SOLUSDT,bid,143,4573.218
2024-08-26 07:51:54,SOLUSDT,bid,143,4573.14
2024-08-26 07:51:54,SOLUSDT,bid,143,4573.062
2024-08-26 07:51:54,SOLUSDT,bid,143,4572.906
2024-08-26 07:51:54,SOLUSDT,bid,143,4572.828
2024-08-26 07:51:54,SOLUSDT,bid,143,4572.75
2024-08-26 07:51:55,SOLUSDT,bid,143,4572.672
2024-08-26 07:51:55,SOLUSDT,bid,143,4572.594
2024-08-26 07:51:55,SOLUSDT,bid,143,4572.516
2024-08-26 07:51:55,SOLUSDT,bid,143,4572.438
2024-08-26 07:52:04,SOLUSDT,bid,142,4130.409
2024-08-26 07:52:18,SOLUSDT,bid,158,3400.25
2024-08-26 07:52:22,SOLUSDT,bid,158,3395.25
2024-08-26 07:52:23,SOLUSDT,ask,200,44935.401
2024-08-26 07:52:28,SOLUSDT,bid,145,4375.812
2024-08-26 07:52:31,SOLUSDT,bid,158,3398.25
2024-08-26 07:52:35,SOLUSDT,bid,145,4392.812
2024-08-26 07:52:37,SOLUSDT,bid,156,3254.078
2024-08-26 07:52:52,SOLUSDT,bid,154,3285.269
2024-08-26 07:52:54,SOLUSDT,bid,145,4375.812
2024-08-26 07:52:57,SOLUSDT,ask,190,23175.562
2024-08-26 07:53:03,SOLUSDT,ask,220,16669.307
2024-08-26 07:53:08,SOLUSDT,bid,156,3255.078
2024-08-26 07:53:09,SOLUSDT,bid,133,9154.042
2024-08-26 07:53:25,SOLUSDT,bid,156,3256.453
2024-08-26 07:53:26,SOLUSDT,bid,156,3700.319
2024-08-26 07:53:35,SOLUSDT,bid,156,3257.458
2024-08-26 07:53:37,SOLUSDT,bid,156,3256.832
2024-08-26 07:53:38,SOLUSDT,bid,156,3255.563
2024-08-26 07:53:45,SOLUSDT,bid,142,4129.407
2024-08-26 07:54:18,SOLUSDT,ask,165,16738.883
2024-08-26 07:54:32,SOLUSDT,bid,154,3284.892
2024-08-26 07:54:38,SOLUSDT,ask,163,5718.452
2024-08-26 07:54:41,SOLUSDT,ask,160,4097.466
2024-08-26 07:54:42,SOLUSDT,ask,163,5717.452
2024-08-26 07:54:46,SOLUSDT,bid,156,3253.483
2024-08-26 07:54:49,SOLUSDT,ask,167,7861.853
2024-08-26 07:54:52,SOLUSDT,ask,160,3859.226
2024-08-26 07:55:23,SOLUSDT,ask,180,22864.296
2024-08-26 07:55:29,SOLUSDT,bid,156,3725.456
2024-08-26 07:55:38,SOLUSDT,bid,155,5072.644
2024-08-26 07:55:41,SOLUSDT,ask,166,3227.287
2024-08-26 07:55:42,SOLUSDT,ask,160,3754.276
2024-08-26 07:55:50,SOLUSDT,bid,156,3700.319
2024-08-26 07:55:50,SOLUSDT,bid,100,23595.277
2024-08-26 07:55:59,SOLUSDT,bid,155,5073.291
2024-08-26 07:56:13,SOLUSDT,bid,145,4385.122
2024-08-26 07:56:29,SOLUSDT,bid,154,3286.397
2024-08-26 07:56:31,SOLUSDT,ask,175,10425.749
2024-08-26 07:56:55,SOLUSDT,bid,157,3606.809
2024-08-26 07:56:55,SOLUSDT,ask,160,3657.841
2024-08-26 07:56:56,SOLUSDT,bid,150,5936.537
2024-08-26 07:56:58,SOLUSDT,ask,180,22866.294
2024-08-26 07:57:01,SOLUSDT,bid,156,3254.377
2024-08-26 07:57:14,SOLUSDT,ask,190,23174.56
2024-08-26 07:57:32,SOLUSDT,ask,163,5715.454
2024-08-26 07:58:12,SOLUSDT,bid,135,13797.923
2024-08-26 07:58:14,SOLUSDT,bid,155,5075.721
2024-08-26 07:58:15,SOLUSDT,bid,156,3255.338
2024-08-26 07:58:15,SOLUSDT,bid,155,5076.771
2024-08-26 07:58:24,SOLUSDT,bid,156,3256.741
2024-08-26 07:58:39,SOLUSDT,ask,200,44932.404
2024-08-26 07:58:44,SOLUSDT,ask,167,7883.521
2024-08-26 07:59:15,SOLUSDT,ask,165,16592.156
2024-08-26 07:59:32,SOLUSDT,ask,300,10408.807
2024-08-26 07:59:40,SOLUSDT,bid,145,4375.812
2024-08-26 07:59:41,SOLUSDT,ask,300,10367.82
2024-08-26 07:59:52,SOLUSDT,bid,110,20317.934
2024-08-26 07:59:56,SOLUSDT,bid,157,3806.809
2024-08-26 08:00:02,SOLUSDT,bid,100,23595.177
2024-08-26 08:00:06,SOLUSDT,ask,162,6570.135
2024-08-26 08:00:06,SOLUSDT,ask,185,19645.216
2024-08-26 08:00:12,SOLUSDT,ask,300,10408.807
2024-08-26 08:00:14,SOLUSDT,ask,162,6565.135
2024-08-26 08:00:22,SOLUSDT,bid,135,13797.66
2024-08-26 08:00:45,SOLUSDT,ask,165,16587.156
2024-08-26 08:01:01,SOLUSDT,bid,156,3243.265
2024-08-26 08:01:10,SOLUSDT,bid,115,16731.084
2024-08-26 08:01:32,SOLUSDT,bid,111,12444.849
2024-08-26 08:01:35,SOLUSDT,bid,133,9154.162
2024-08-26 08:01:37,SOLUSDT,bid,110,20318.217
2024-08-26 08:01:56,SOLUSDT,ask,163,5689.158
2024-08-26 08:02:15,SOLUSDT,ask,500,5754.69
2024-08-26 08:02:52,SOLUSDT,ask,167,7909.817
2024-08-26 08:02:54,SOLUSDT,bid,120,33900.469
2024-08-26 08:02:58,SOLUSDT,bid,110,20318.117
2024-08-26 08:03:13,SOLUSDT,bid,140,12256.49
2024-08-26 08:03:18,SOLUSDT,ask,185,19653.286
2024-08-26 08:03:37,SOLUSDT,ask,165,16588.156
2024-08-26 08:03:48,SOLUSDT,bid,155,5066.733
2024-08-26 08:04:03,SOLUSDT,ask,160,3657.841
2024-08-26 08:04:07,SOLUSDT,bid,157,3806.809
2024-08-26 08:04:07,SOLUSDT,ask,160,3657.841
2024-08-26 08:04:13,SOLUSDT,ask,165,16585.421
2024-08-26 08:04:13,SOLUSDT,ask,165,16585.334
2024-08-26 08:04:16,SOLUSDT,bid,155,5066.395
2024-08-26 08:04:16,SOLUSDT,bid,157,4126.38
2024-08-26 08:04:16,SOLUSDT,ask,160,3770.366
2024-08-26 08:04:18,SOLUSDT,bid,157,4408.623
2024-08-26 08:04:18,SOLUSDT,ask,163,5823.08
2024-08-26 08:04:21,SOLUSDT,bid,145,4379.012
2024-08-26 08:04:22,SOLUSDT,bid,154,3280.397
2024-08-26 08:04:46,SOLUSDT,bid,140,12263.632
2024-08-26 08:04:58,SOLUSDT,bid,156,3241.178
2024-08-26 08:05:00,SOLUSDT,bid,141,3933.474
2024-08-26 08:05:02,SOLUSDT,bid,140,12261.49
2024-08-26 08:05:08,SOLUSDT,bid,156,3254.232
2024-08-26 08:05:09,SOLUSDT,ask,190,23205.958
2024-08-26 08:05:15,SOLUSDT,bid,150,5938.537
2024-08-26 08:05:18,SOLUSDT,ask,162,6565.003
2024-08-26 08:05:19,SOLUSDT,bid,155,5067.67
2024-08-26 08:06:02,SOLUSDT,bid,155,5069.753
2024-08-26 08:06:09,SOLUSDT,bid,155,5070.776
2024-08-26 08:06:11,SOLUSDT,bid,156,3255.232
2024-08-26 08:06:16,SOLUSDT,ask,170,13851.283
2024-08-26 08:06:22,SOLUSDT,bid,95,8063.862
2024-08-26 08:06:22,SOLUSDT,ask,168,11053.752
2024-08-26 08:06:24,SOLUSDT,bid,155,5262.34
2024-08-26 08:06:24,SOLUSDT,bid,138,4698.884
2024-08-26 08:06:26,SOLUSDT,bid,121,4372.684
2024-08-26 08:06:30,SOLUSDT,bid,155,5261.317
2024-08-26 08:06:36,SOLUSDT,ask,167,7909.877
2024-08-26 08:06:41,SOLUSDT,bid,150,5939.594
2024-08-26 08:07:28,SOLUSDT,bid,156,3258.187
2024-08-26 08:08:02,SOLUSDT,bid,157,4411.119
2024-08-26 08:08:10,SOLUSDT,bid,156,3257.187
2024-08-26 08:08:14,SOLUSDT,bid,140,12262.49
2024-08-26 08:08:39,SOLUSDT,bid,156,3257.813
2024-08-26 08:08:47,SOLUSDT,bid,121,4373.184
2024-08-26 08:08:52,SOLUSDT,ask,165,16582.412
2024-08-26 08:08:57,SOLUSDT,bid,154,3280.041
2024-08-26 08:09:02,SOLUSDT,bid,157,4408.623
2024-08-26 08:09:03,SOLUSDT,ask,165,16581.413
2024-08-26 08:09:05,SOLUSDT,bid,141,3915.445
2024-08-26 08:09:13,SOLUSDT,ask,170,13852.288
2024-08-26 08:09:14,SOLUSDT,bid,111,12439.681
2024-08-26 08:09:18,SOLUSDT,bid,156,3258.164
2024-08-26 08:09:18,SOLUSDT,bid,139,3905.566
2024-08-26 08:09:22,SOLUSDT,bid,139,3901.969
2024-08-26 08:09:23,SOLUSDT,bid,157,3699.942
2024-08-26 08:09:23,SOLUSDT,ask,160,3648.257
2024-08-26 08:09:24,SOLUSDT,bid,125,9855.64
2024-08-26 08:09:26,SOLUSDT,bid,157,3687.707
2024-08-26 08:09:26,SOLUSDT,bid,155,5256.908
2024-08-26 08:09:27,SOLUSDT,ask,165,16593.534
2024-08-26 08:09:31,SOLUSDT,bid,156,3257.813
2024-08-26 08:09:34,SOLUSDT,ask,172,2974.562
2024-08-26 08:09:39,SOLUSDT,bid,156,3257.187
2024-08-26 08:09:39,SOLUSDT,bid,155,5257.261
2024-08-26 08:09:50,SOLUSDT,bid,157,4002.734
2024-08-26 08:09:55,SOLUSDT,bid,157,3996.429
2024-08-26 08:10:06,SOLUSDT,bid,100,23590.177
2024-08-26 08:10:13,SOLUSDT,bid,157,3668.03
2024-08-26 08:10:13,SOLUSDT,ask,160,3630.958
2024-08-26 08:10:16,SOLUSDT,ask,170,13851.037
2024-08-26 08:10:23,SOLUSDT,ask,167,7909.867
2024-08-26 08:10:36,SOLUSDT,bid,155,5248.872
2024-08-26 08:10:50,SOLUSDT,ask,165,16592.733
2024-08-26 08:11:02,SOLUSDT,bid,157,3982.821
2024-08-26 08:11:02,SOLUSDT,bid,157,3976.521
2024-08-26 08:11:03,SOLUSDT,ask,175,10425.784
2024-08-26 08:11:04,SOLUSDT,bid,136,7376.535
2024-08-26 08:11:07,SOLUSDT,bid,155,5247.822
2024-08-26 08:11:10,SOLUSDT,bid,140,12264.234
2024-08-26 08:11:20,SOLUSDT,bid,156,3259.287
2024-08-26 08:11:21,SOLUSDT,bid,135,13797.568
2024-08-26 08:11:38,SOLUSDT,bid,155,5307.029
2024-08-26 08:11:40,SOLUSDT,bid,155,5306.676
2024-08-26 08:11:49,SOLUSDT,ask,167,7910.218
2024-08-26 08:11:50,SOLUSDT,bid,154,3280.397
2024-08-26 08:11:50,SOLUSDT,bid,154,3605.072
2024-08-26 08:11:59,SOLUSDT,bid,155,5306.26
2024-08-26 08:12:03,SOLUSDT,bid,157,3661.73
2024-08-26 08:12:26,SOLUSDT,ask,160,3631.021
2024-08-26 08:12:34,SOLUSDT,bid,80,19047.324
2024-08-26 08:12:40,SOLUSDT,bid,155,5307.26
2024-08-26 08:12:44,SOLUSDT,ask,170,13847.072
2024-08-26 08:12:59,SOLUSDT,ask,163,5816.889
2024-08-26 08:13:05,SOLUSDT,bid,130,10666.983
2024-08-26 08:13:05,SOLUSDT,bid,155,5308.26
2024-08-26 08:13:07,SOLUSDT,bid,156,3251.234
2024-08-26 08:13:07,SOLUSDT,bid,140,12263.877
2024-08-26 08:13:09,SOLUSDT,bid,145,4378.437
2024-08-26 08:13:20,SOLUSDT,bid,157,3686.928
2024-08-26 08:13:20,SOLUSDT,ask,160,3584.729
2024-08-26 08:13:20,SOLUSDT,bid,150,5940.209
2024-08-26 08:13:21,SOLUSDT,bid,157,3700.226
2024-08-26 08:13:21,SOLUSDT,ask,160,3577.744
2024-08-26 08:13:21,SOLUSDT,ask,160,3590.586
2024-08-26 08:13:26,SOLUSDT,ask,163,5823.08
2024-08-26 08:13:28,SOLUSDT,bid,155,5578.441
2024-08-26 08:13:38,SOLUSDT,bid,155,5577.39
2024-08-26 08:13:41,SOLUSDT,bid,156,3250.234
2024-08-26 08:13:41,SOLUSDT,bid,145,4378.545
2024-08-26 08:13:51,SOLUSDT,ask,175,10424.642
2024-08-26 08:13:59,SOLUSDT,bid,156,3242.344
2024-08-26 08:14:15,SOLUSDT,bid,156,3246.344
2024-08-26 08:14:23,SOLUSDT,bid,155,5578.152
2024-08-26 08:14:32,SOLUSDT,bid,145,4378.437
2024-08-26 08:14:38,SOLUSDT,bid,150,5940.78
2024-08-26 08:14:39,SOLUSDT,ask,185,19661.993
2024-08-26 08:15:01,SOLUSDT,bid,121,4372.809
2024-08-26 08:15:11,SOLUSDT,ask,185,19169.938
2024-08-26 08:15:47,SOLUSDT,bid,156,3233.29
2024-08-26 08:15:51,SOLUSDT,bid,143,4572.547
2024-08-26 08:15:53,SOLUSDT,bid,125,9854.44
2024-08-26 08:15:54,SOLUSDT,bid,142,3576.018
2024-08-26 08:16:03,SOLUSDT,ask,163,5689.158
2024-08-26 08:16:16,SOLUSDT,ask,163,5711.33
2024-08-26 08:16:32,SOLUSDT,bid,143,4572.438
2024-08-26 08:16:46,SOLUSDT,ask,200,44919.821
2024-08-26 08:16:52,SOLUSDT,bid,154,3604.716
2024-08-26 08:17:06,SOLUSDT,ask,198,5086.89
2024-08-26 08:17:16,SOLUSDT,bid,140,12274.288
2024-08-26 08:17:26,SOLUSDT,bid,142,3559.314
2024-08-26 08:17:41,SOLUSDT,bid,135,13815.139
2024-08-26 08:17:44,SOLUSDT,bid,150,5924.967
2024-08-26 08:17:51,SOLUSDT,bid,142,3576.017
2024-08-26 08:18:09,SOLUSDT,bid,155,5578.505
2024-08-26 08:18:10,SOLUSDT,bid,156,3232.579
2024-08-26 08:18:20,SOLUSDT,ask,165,16740.383
2024-08-26 08:18:22,SOLUSDT,ask,169,3153.29
2024-08-26 08:18:22,SOLUSDT,bid,120,33897.87
2024-08-26 08:18:46,SOLUSDT,ask,300,10409.807
2024-08-26 08:18:50,SOLUSDT,ask,169,3153.216
2024-08-26 08:18:54,SOLUSDT,bid,155,5858.134
2024-08-26 08:19:07,SOLUSDT,bid,155,5851.683
2024-08-26 08:19:07,SOLUSDT,bid,155,5851.33
2024-08-26 08:19:14,SOLUSDT,bid,155,5940.171
2024-08-26 08:19:17,SOLUSDT,bid,156,3233.579
2024-08-26 08:19:28,SOLUSDT,bid,155,5851.33
2024-08-26 08:19:37,SOLUSDT,ask,162,6570.003
2024-08-26 08:19:55,SOLUSDT,ask,168,11046.943
2024-08-26 08:20:08,SOLUSDT,bid,156,3233.912
2024-08-26 08:20:17,SOLUSDT,bid,156,3235.519
2024-08-26 08:20:32,SOLUSDT,ask,162,6565.003
2024-08-26 08:20:52,SOLUSDT,ask,165,16741.383
2024-08-26 08:21:13,SOLUSDT,bid,156,3236.019
2024-08-26 08:21:26,SOLUSDT,bid,125,9854.2
2024-08-26 08:21:59,SOLUSDT,bid,155,5770.085
2024-08-26 08:22:06,SOLUSDT,bid,155,5775.085
2024-08-26 08:22:29,SOLUSDT,bid,130,10676.759
2024-08-26 08:22:58,SOLUSDT,bid,130,10677.248
2024-08-26 08:23:15,SOLUSDT,bid,145,4387.778
2024-08-26 08:23:22,SOLUSDT,bid,150,5948.24
2024-08-26 08:23:31,SOLUSDT,ask,163,5711.385
2024-08-26 08:23:35,SOLUSDT,bid,143,4567.548
2024-08-26 08:23:36,SOLUSDT,ask,175,10421.642
2024-08-26 08:23:37,SOLUSDT,ask,185,19166.038
2024-08-26 08:23:38,SOLUSDT,bid,155,5777.085
2024-08-26 08:23:38,SOLUSDT,bid,110,20313.117
2024-08-26 08:23:43,SOLUSDT,bid,143,4572.438
2024-08-26 08:24:05,SOLUSDT,bid,155,5778.085
2024-08-26 08:24:14,SOLUSDT,bid,155,5724.085
2024-08-26 08:24:40,SOLUSDT,bid,155,5724.955
2024-08-26 08:25:04,SOLUSDT,bid,147,34241.848
2024-08-26 08:25:30,SOLUSDT,bid,147,34241.748
2024-08-26 08:25:36,SOLUSDT,bid,130,10676.987
2024-08-26 08:25:49,SOLUSDT,bid,140,12274.324
2024-08-26 08:25:54,SOLUSDT,ask,180,22478.315
2024-08-26 08:26:03,SOLUSDT,bid,120,33895.365
2024-08-26 08:26:40,SOLUSDT,ask,300,10416.086
2024-08-26 08:26:58,SOLUSDT,bid,142,3576.127
2024-08-26 08:27:11,SOLUSDT,bid,143,4528.21
2024-08-26 08:27:12,SOLUSDT,ask,175,10450.982
2024-08-26 08:27:15,SOLUSDT,ask,500,5757.27
2024-08-26 08:27:21,SOLUSDT,ask,167,7910.344
2024-08-26 08:27:24,SOLUSDT,ask,190,23593.937
2024-08-26 08:27:28,SOLUSDT,ask,500,5754.69
2024-08-26 08:27:34,SOLUSDT,ask,175,10421.642
2024-08-26 08:27:34,SOLUSDT,ask,180,22507.655
2024-08-26 08:27:39,SOLUSDT,bid,142,3576.017
2024-08-26 08:27:51,SOLUSDT,ask,175,10423.342
2024-08-26 08:27:59,SOLUSDT,ask,163,5715.381
2024-08-26 08:28:14,SOLUSDT,ask,165,16735.085
2024-08-26 08:28:18,SOLUSDT,bid,155,5724.085
2024-08-26 08:28:23,SOLUSDT,ask,163,5716.643
2024-08-26 08:28:33,SOLUSDT,ask,166,3262.361
2024-08-26 08:29:01,SOLUSDT,bid,155,5946.66
2024-08-26 08:30:00,SOLUSDT,bid,120,33891.471
2024-08-26 08:30:05,SOLUSDT,bid,155,5945.38
2024-08-26 08:30:13,SOLUSDT,ask,185,19171.283
2024-08-26 08:30:28,SOLUSDT,ask,163,5715.685
2024-08-26 08:30:30,SOLUSDT,ask,170,13851.248
2024-08-26 08:30:34,SOLUSDT,bid,131,8853.558
2024-08-26 08:30:36,SOLUSDT,bid,150,5950.109
2024-08-26 08:30:48,SOLUSDT,ask,163,5716.492
2024-08-26 08:30:54,SOLUSDT,ask,170,13849.845
2024-08-26 08:31:00,SOLUSDT,ask,163,5715.685
2024-08-26 08:31:13,SOLUSDT,bid,120,33893.029
2024-08-26 08:31:15,SOLUSDT,ask,195,13319.925
2024-08-26 08:31:16,SOLUSDT,bid,157,3706.522
2024-08-26 08:31:19,SOLUSDT,ask,172,2974.633
2024-08-26 08:31:23,SOLUSDT,bid,150,5940.925
2024-08-26 08:31:24,SOLUSDT,bid,157,4433.01
2024-08-26 08:31:24,SOLUSDT,ask,160,3623.38
2024-08-26 08:31:33,SOLUSDT,ask,163,5714.423
2024-08-26 08:31:38,SOLUSDT,ask,172,2974.562
2024-08-26 08:31:40,SOLUSDT,bid,145,4387.887
2024-08-26 08:31:47,SOLUSDT,ask,170,13850.708
2024-08-26 08:31:54,SOLUSDT,bid,157,3566.077
2024-08-26 08:31:54,SOLUSDT,bid,155,3679.619
2024-08-26 08:31:54,SOLUSDT,ask,160,3658.092
2024-08-26 08:31:56,SOLUSDT,ask,162,5552.319
2024-08-26 08:31:57,SOLUSDT,bid,143,4528.288
2024-08-26 08:32:19,SOLUSDT,bid,115,16730.65
2024-08-26 08:32:30,SOLUSDT,bid,145,4387.778
2024-08-26 08:32:43,SOLUSDT,bid,154,3603.677
2024-08-26 08:32:56,SOLUSDT,ask,165,16587.435
2024-08-26 08:33:04,SOLUSDT,ask,162,5551.619
2024-08-26 08:33:22,SOLUSDT,ask,163,5716.924
2024-08-26 08:33:24,SOLUSDT,bid,139,3909.163
2024-08-26 08:33:48,SOLUSDT,bid,80,19027.324
2024-08-26 08:34:05,SOLUSDT,ask,165,16584.635
2024-08-26 08:34:07,SOLUSDT,ask,168,11044.943
2024-08-26 08:34:08,SOLUSDT,ask,169,7544.859
2024-08-26 08:34:13,SOLUSDT,ask,165,16584.557
2024-08-26 08:34:17,SOLUSDT,bid,155,5736.859
2024-08-26 08:34:24,SOLUSDT,ask,167,7907.214
2024-08-26 08:34:30,SOLUSDT,ask,165,16585.557
2024-08-26 08:34:33,SOLUSDT,ask,169,7544.149
2024-08-26 08:34:39,SOLUSDT,ask,167,7910.344
2024-08-26 08:34:42,SOLUSDT,ask,168,11046.743
2024-08-26 08:34:54,SOLUSDT,ask,170,13852.708
2024-08-26 08:34:56,SOLUSDT,bid,157,3593.484
2024-08-26 08:34:56,SOLUSDT,ask,160,3763.98
2024-08-26 08:34:56,SOLUSDT,ask,190,23594.252
2024-08-26 08:35:01,SOLUSDT,bid,150,5940.991
2024-08-26 08:35:11,SOLUSDT,ask,168,11047.933
2024-08-26 08:35:17,SOLUSDT,bid,143,4536.71
2024-08-26 08:35:21,SOLUSDT,ask,172,2974.633
2024-08-26 08:35:28,SOLUSDT,ask,163,5717.002
2024-08-26 08:35:30,SOLUSDT,ask,172,2974.562
2024-08-26 08:35:33,SOLUSDT,bid,135,13820.827
2024-08-26 08:35:38,SOLUSDT,bid,147,34236.748
2024-08-26 08:35:40,SOLUSDT,ask,165,16589.557
2024-08-26 08:36:06,SOLUSDT,ask,220,16668.307
2024-08-26 08:36:34,SOLUSDT,bid,125,9853.208
2024-08-26 08:36:55,SOLUSDT,bid,150,5939.178
2024-08-26 08:37:02,SOLUSDT,bid,157,3599.782
2024-08-26 08:37:10,SOLUSDT,bid,155,5741.965
2024-08-26 08:37:25,SOLUSDT,ask,500,5752.673
2024-08-26 08:37:30,SOLUSDT,ask,162,5552.562
2024-08-26 08:37:45,SOLUSDT,bid,155,5754.868
2024-08-26 08:37:45,SOLUSDT,bid,111,12445.681
2024-08-26 08:37:53,SOLUSDT,ask,165,16590.204
2024-08-26 08:37:54,SOLUSDT,ask,168,11044.933
2024-08-26 08:37:54,SOLUSDT,bid,155,5748.362
2024-08-26 08:37:54,SOLUSDT,bid,120,33893.445
2024-08-26 08:38:02,SOLUSDT,bid,100,23712.709
2024-08-26 08:38:31,SOLUSDT,bid,133,9154.462
2024-08-26 08:38:38,SOLUSDT,bid,120,33893.029
2024-08-26 08:38:42,SOLUSDT,ask,170,13852.783
2024-08-26 08:38:49,SOLUSDT,bid,155,5753.362
2024-08-26 08:39:00,SOLUSDT,ask,170,13852.708
2024-08-26 08:39:03,SOLUSDT,bid,120,33892.196
2024-08-26 08:39:11,SOLUSDT,bid,154,3604.164
2024-08-26 08:39:24,SOLUSDT,bid,155,5750.361
2024-08-26 08:39:54,SOLUSDT,bid,136,7298.535
2024-08-26 08:40:01,SOLUSDT,bid,155,4859.005
2024-08-26 08:40:34,SOLUSDT,bid,135,13820.9
2024-08-26 08:40:39,SOLUSDT,bid,155,4858.424
2024-08-26 08:40:54,SOLUSDT,bid,150,5939.783
2024-08-26 08:41:07,SOLUSDT,bid,135,13815.212
2024-08-26 08:41:13,SOLUSDT,ask,162,5553.192
2024-08-26 08:41:16,SOLUSDT,bid,130,10683.025
2024-08-26 08:41:20,SOLUSDT,bid,155,4845.65
2024-08-26 08:41:24,SOLUSDT,bid,155,4846.105
2024-08-26 08:41:29,SOLUSDT,ask,168,11034.933
2024-08-26 08:41:33,SOLUSDT,ask,170,13852.631
2024-08-26 08:41:57,SOLUSDT,bid,143,4536.632
2024-08-26 08:42:11,SOLUSDT,bid,157,4298.212
2024-08-26 08:42:20,SOLUSDT,bid,155,4846.75
2024-08-26 08:42:21,SOLUSDT,ask,193,5765.443
2024-08-26 08:42:21,SOLUSDT,ask,200,44919.246
2024-08-26 08:42:25,SOLUSDT,bid,150,5940.783
2024-08-26 08:42:31,SOLUSDT,ask,162,5574.362
