2024-08-21 07:00:12,SOLUSDT,bid,115,20714.967
2024-08-21 07:00:14,SOLUSDT,bid,140,13567.276
2024-08-21 07:00:14,SOLUSDT,ask,150,25844.192
2024-08-21 07:00:57,SOLUSDT,bid,140,13567.136
2024-08-21 07:01:08,SOLUSDT,bid,140,13566.136
2024-08-21 07:01:16,SOLUSDT,ask,150,25844.135
2024-08-21 07:01:18,SOLUSDT,bid,141,12492.126
2024-08-21 07:01:28,SOLUSDT,ask,160,24779.564
2024-08-21 07:01:52,SOLUSDT,bid,135,15595.006
2024-08-21 07:02:15,SOLUSDT,bid,135,15588.24
2024-08-21 07:02:30,SOLUSDT,bid,130,15968.232
2024-08-21 07:02:44,SOLUSDT,ask,150,25643.565
2024-08-21 07:02:46,SOLUSDT,bid,140,13567.367
2024-08-21 07:03:02,SOLUSDT,bid,138,8110.567
2024-08-21 07:03:25,SOLUSDT,bid,135,15588.168
2024-08-21 07:03:58,SOLUSDT,bid,138,8110.639
2024-08-21 07:03:58,SOLUSDT,bid,140,13588.795
2024-08-21 07:04:01,SOLUSDT,ask,147,10021.04
2024-08-21 07:04:06,SOLUSDT,bid,138,8109.13
2024-08-21 07:04:14,SOLUSDT,ask,150,25659.382
2024-08-21 07:04:40,SOLUSDT,ask,148,12258.659
2024-08-21 07:04:45,SOLUSDT,bid,138,8108.407
2024-08-21 07:04:47,SOLUSDT,bid,140,13589.295
2024-08-21 07:04:55,SOLUSDT,bid,130,15968.732
2024-08-21 07:05:02,SOLUSDT,bid,120,21582.762
2024-08-21 07:05:09,SOLUSDT,bid,110,25470.067
2024-08-21 07:05:10,SOLUSDT,ask,148,12314.19
2024-08-21 07:05:27,SOLUSDT,bid,110,25446.141
2024-08-21 07:05:52,SOLUSDT,bid,138,8103.407
2024-08-21 07:05:55,SOLUSDT,bid,140,13588.295
2024-08-21 07:06:24,SOLUSDT,bid,110,25460.976
2024-08-21 07:06:30,SOLUSDT,bid,110,25461.886
2024-08-21 07:06:32,SOLUSDT,bid,140,13587.225
2024-08-21 07:06:38,SOLUSDT,ask,160,24779.464
2024-08-21 07:06:38,SOLUSDT,ask,170,13424.757
2024-08-21 07:06:59,SOLUSDT,bid,135,15517.627
2024-08-21 07:06:59,SOLUSDT,bid,130,16069.395
2024-08-21 07:07:01,SOLUSDT,bid,140,13584.225
2024-08-21 07:07:06,SOLUSDT,ask,148,12209.566
2024-08-21 07:07:09,SOLUSDT,bid,100,35608.532
2024-08-21 07:07:35,SOLUSDT,bid,136,7421.267
2024-08-21 07:07:54,SOLUSDT,ask,147,10021.134
2024-08-21 07:08:11,SOLUSDT,ask,190,23144.858
2024-08-21 07:08:11,SOLUSDT,ask,200,44490.696
2024-08-21 07:08:38,SOLUSDT,bid,140,13584.367
2024-08-21 07:08:41,SOLUSDT,ask,155,10587.872
2024-08-21 07:09:02,SOLUSDT,ask,150,25658.899
2024-08-21 07:09:46,SOLUSDT,bid,110,25461.796
2024-08-21 07:09:47,SOLUSDT,bid,140,13584.41
2024-08-21 07:10:04,SOLUSDT,bid,100,35608.595
2024-08-21 07:10:40,SOLUSDT,bid,140,13579.41
2024-08-21 07:11:10,SOLUSDT,ask,155,10588.918
2024-08-21 07:11:31,SOLUSDT,ask,148,12206.065
2024-08-21 07:11:33,SOLUSDT,bid,140,13578.597
2024-08-21 07:11:36,SOLUSDT,ask,148,12206.003
2024-08-21 07:12:11,SOLUSDT,ask,150,25657.283
2024-08-21 07:12:23,SOLUSDT,bid,140,13575.555
2024-08-21 07:12:47,SOLUSDT,bid,140,13577.555
2024-08-21 07:12:47,SOLUSDT,bid,138,8101.407
2024-08-21 07:12:49,SOLUSDT,ask,150,25658.052
2024-08-21 07:12:55,SOLUSDT,ask,182,5543.521
2024-08-21 07:13:23,SOLUSDT,ask,151,20611.061
2024-08-21 07:13:24,SOLUSDT,ask,156,21437.244
2024-08-21 07:14:01,SOLUSDT,ask,180,30140.798
2024-08-21 07:14:24,SOLUSDT,ask,148,12205.828
2024-08-21 07:14:34,SOLUSDT,ask,180,30143.524
2024-08-21 07:14:50,SOLUSDT,ask,148,12205.622
2024-08-21 07:15:00,SOLUSDT,ask,148,12213.733
2024-08-21 07:15:00,SOLUSDT,ask,180,30135.413
2024-08-21 07:15:11,SOLUSDT,ask,147,10024.635
2024-08-21 07:15:13,SOLUSDT,bid,138,8104.407
2024-08-21 07:15:24,SOLUSDT,ask,147,10051.114
2024-08-21 07:15:27,SOLUSDT,bid,140,13574.555
2024-08-21 07:16:00,SOLUSDT,bid,125,17054.055
2024-08-21 07:16:00,SOLUSDT,bid,140,13577.87
2024-08-21 07:16:07,SOLUSDT,ask,147,10047.598
2024-08-21 07:16:23,SOLUSDT,ask,148,12218.693
2024-08-21 07:16:32,SOLUSDT,bid,140,13613.584
2024-08-21 07:16:47,SOLUSDT,ask,150,25658.094
2024-08-21 07:16:47,SOLUSDT,bid,140,13613.626
2024-08-21 07:16:48,SOLUSDT,bid,130,16071.127
2024-08-21 07:16:52,SOLUSDT,ask,148,12213.733
2024-08-21 07:16:59,SOLUSDT,ask,147,10052.558
2024-08-21 07:17:04,SOLUSDT,ask,148,12216.153
2024-08-21 07:17:25,SOLUSDT,bid,140,13611.529
2024-08-21 07:17:47,SOLUSDT,bid,140,13610.672
2024-08-21 07:17:50,SOLUSDT,ask,148,12216.187
2024-08-21 07:18:39,SOLUSDT,ask,300,11608.763
2024-08-21 07:18:57,SOLUSDT,ask,150,25656.094
2024-08-21 07:19:15,SOLUSDT,ask,150,25658.094
2024-08-21 07:19:15,SOLUSDT,ask,155,10586.918
2024-08-21 07:19:27,SOLUSDT,ask,150,25671.567
2024-08-21 07:19:27,SOLUSDT,ask,160,24765.991
2024-08-21 07:19:28,SOLUSDT,bid,138,7992.065
2024-08-21 07:19:40,SOLUSDT,ask,160,24784.651
2024-08-21 07:19:40,SOLUSDT,ask,180,30116.753
2024-08-21 07:19:44,SOLUSDT,bid,100,35618.595
2024-08-21 07:19:52,SOLUSDT,bid,110,25455.218
2024-08-21 07:20:16,SOLUSDT,bid,140,13614.874
2024-08-21 07:20:19,SOLUSDT,bid,140,13617.031
2024-08-21 07:20:27,SOLUSDT,ask,148,12214.434
2024-08-21 07:20:33,SOLUSDT,ask,160,24791.646
2024-08-21 07:21:16,SOLUSDT,bid,120,21585.48
2024-08-21 07:21:19,SOLUSDT,ask,152,24000.77
2024-08-21 07:21:26,SOLUSDT,ask,147,10055.669
2024-08-21 07:21:37,SOLUSDT,ask,147,10044.457
2024-08-21 07:22:02,SOLUSDT,ask,147,10050.063
2024-08-21 07:22:03,SOLUSDT,bid,120,21582.762
2024-08-21 07:22:39,SOLUSDT,bid,140,13620.031
2024-08-21 07:22:47,SOLUSDT,bid,140,13610.54
2024-08-21 07:23:20,SOLUSDT,bid,120,21585.48
2024-08-21 07:23:30,SOLUSDT,bid,140,13613.782
2024-08-21 07:23:35,SOLUSDT,bid,140,13613.068
2024-08-21 07:23:48,SOLUSDT,bid,120,21582.762
2024-08-21 07:24:07,SOLUSDT,bid,80,27184.69
2024-08-21 07:24:09,SOLUSDT,ask,158,19141.432
2024-08-21 07:24:09,SOLUSDT,ask,165,17954.727
2024-08-21 07:24:09,SOLUSDT,ask,170,13424.727
2024-08-21 07:24:09,SOLUSDT,ask,180,30116.725
2024-08-21 07:24:09,SOLUSDT,ask,200,44490.67
2024-08-21 07:24:09,SOLUSDT,ask,250,18541.167
2024-08-21 07:25:52,SOLUSDT,bid,138,7792.065
2024-08-21 07:26:05,SOLUSDT,bid,138,7992.065
2024-08-21 07:26:30,SOLUSDT,ask,147,10060.065
2024-08-21 07:26:30,SOLUSDT,ask,155,10576.916
2024-08-21 07:26:42,SOLUSDT,bid,140,13609.826
2024-08-21 07:26:44,SOLUSDT,bid,135,15507.627
2024-08-21 07:27:05,SOLUSDT,ask,148,12219.439
2024-08-21 07:27:16,SOLUSDT,bid,140,13610.826
2024-08-21 07:27:32,SOLUSDT,bid,135,15506.146
2024-08-21 07:27:36,SOLUSDT,bid,138,7993.065
2024-08-21 07:27:41,SOLUSDT,ask,148,12220.153
2024-08-21 07:27:41,SOLUSDT,bid,140,13611.826
2024-08-21 07:27:48,SOLUSDT,ask,150,25670.567
2024-08-21 07:27:52,SOLUSDT,bid,136,7422.267
2024-08-21 07:27:59,SOLUSDT,bid,135,15507.146
2024-08-21 07:28:22,SOLUSDT,bid,138,7993.105
2024-08-21 07:28:22,SOLUSDT,bid,135,15510.878
2024-08-21 07:28:35,SOLUSDT,bid,130,16081.127
2024-08-21 07:28:47,SOLUSDT,bid,130,16071.127
2024-08-21 07:28:57,SOLUSDT,ask,148,12221.195
2024-08-21 07:29:20,SOLUSDT,ask,148,12222.194
2024-08-21 07:29:39,SOLUSDT,bid,140,13712.026
2024-08-21 07:29:44,SOLUSDT,bid,120,21592.762
2024-08-21 07:29:45,SOLUSDT,ask,163,18322.264
2024-08-21 07:29:53,SOLUSDT,ask,148,12222.652
2024-08-21 07:30:02,SOLUSDT,bid,135,15507.146
2024-08-21 07:30:20,SOLUSDT,ask,163,18536.883
2024-08-21 07:30:28,SOLUSDT,bid,135,15511.619
2024-08-21 07:30:30,SOLUSDT,ask,200,44490.907
2024-08-21 07:30:41,SOLUSDT,bid,135,15507.146
2024-08-21 07:30:44,SOLUSDT,ask,147,10060.479
2024-08-21 07:30:53,SOLUSDT,bid,135,15511.618
2024-08-21 07:31:30,SOLUSDT,ask,148,12755.322
2024-08-21 07:31:43,SOLUSDT,bid,140,13711.926
2024-08-21 07:31:59,SOLUSDT,ask,160,24787.646
2024-08-21 07:32:11,SOLUSDT,bid,110,25455.308
2024-08-21 07:32:17,SOLUSDT,bid,100,35618.697
2024-08-21 07:32:22,SOLUSDT,ask,147,10048.492
2024-08-21 07:32:37,SOLUSDT,bid,140,13712.926
2024-08-21 07:32:53,SOLUSDT,bid,140,13713.148
2024-08-21 07:32:56,SOLUSDT,bid,140,13712.148
2024-08-21 07:33:00,SOLUSDT,ask,147,10066.724
2024-08-21 07:33:01,SOLUSDT,ask,150,25669.466
2024-08-21 07:33:06,SOLUSDT,bid,136,7510.592
2024-08-21 07:33:40,SOLUSDT,bid,135,15513.158
2024-08-21 07:33:42,SOLUSDT,bid,140,13712.252
2024-08-21 07:33:42,SOLUSDT,bid,110,25455.355
2024-08-21 07:34:03,SOLUSDT,bid,135,15513.287
2024-08-21 07:34:14,SOLUSDT,bid,140,13722.252
2024-08-21 07:34:43,SOLUSDT,ask,148,12756.002
2024-08-21 07:34:53,SOLUSDT,ask,188,11563.998
2024-08-21 07:34:57,SOLUSDT,bid,80,27181.565
2024-08-21 07:34:59,SOLUSDT,bid,135,15513.037
2024-08-21 07:35:03,SOLUSDT,bid,136,7509.655
2024-08-21 07:35:03,SOLUSDT,ask,148,12700.471
2024-08-21 07:35:10,SOLUSDT,bid,138,7941.258
2024-08-21 07:35:21,SOLUSDT,ask,160,24787.335
2024-08-21 07:35:22,SOLUSDT,bid,138,7942.181
2024-08-21 07:35:25,SOLUSDT,bid,136,7509.938
2024-08-21 07:35:25,SOLUSDT,ask,147,10072.38
2024-08-21 07:35:55,SOLUSDT,bid,135,15513.777
2024-08-21 07:36:06,SOLUSDT,bid,136,7509.655
2024-08-21 07:36:13,SOLUSDT,bid,135,15511.772
2024-08-21 07:36:26,SOLUSDT,bid,140,13722.288
2024-08-21 07:36:34,SOLUSDT,bid,140,13721.888
2024-08-21 07:36:38,SOLUSDT,ask,152,24000.628
2024-08-21 07:36:46,SOLUSDT,bid,140,13718.03
2024-08-21 07:37:01,SOLUSDT,ask,155,10397.554
2024-08-21 07:37:23,SOLUSDT,ask,152,23950.628
2024-08-21 07:37:32,SOLUSDT,bid,125,17049.878
2024-08-21 07:37:33,SOLUSDT,bid,140,13719.107
2024-08-21 07:37:33,SOLUSDT,bid,136,7509.938
2024-08-21 07:37:35,SOLUSDT,bid,140,13710.087
2024-08-21 07:37:44,SOLUSDT,bid,140,13719.107
2024-08-21 07:37:47,SOLUSDT,bid,138,7950.118
2024-08-21 07:37:55,SOLUSDT,bid,110,25522.424
2024-08-21 07:38:07,SOLUSDT,bid,135,15512.782
2024-08-21 07:38:12,SOLUSDT,bid,140,13719.821
2024-08-21 07:38:16,SOLUSDT,ask,147,10072.419
2024-08-21 07:38:25,SOLUSDT,bid,140,13719.679
2024-08-21 07:38:25,SOLUSDT,ask,148,12700.613
2024-08-21 07:38:47,SOLUSDT,bid,125,17050.304
2024-08-21 07:38:47,SOLUSDT,bid,115,20714.541
2024-08-21 07:39:05,SOLUSDT,bid,140,13720.064
2024-08-21 07:39:38,SOLUSDT,bid,138,7942.181
2024-08-21 07:39:43,SOLUSDT,bid,136,7510.163
2024-08-21 07:40:06,SOLUSDT,bid,140,13721.064
2024-08-21 07:40:11,SOLUSDT,bid,138,7950.016
2024-08-21 07:40:19,SOLUSDT,bid,140,13678.207
2024-08-21 07:40:23,SOLUSDT,bid,135,15511.782
2024-08-21 07:40:51,SOLUSDT,ask,150,25640.738
2024-08-21 07:41:01,SOLUSDT,ask,150,25641.073
2024-08-21 07:41:18,SOLUSDT,ask,147,10072.244
2024-08-21 07:41:28,SOLUSDT,ask,151,20607.641
2024-08-21 07:41:39,SOLUSDT,ask,150,25645.198
2024-08-21 07:41:45,SOLUSDT,bid,138,7949.734
2024-08-21 07:41:46,SOLUSDT,bid,140,13677.707
2024-08-21 07:41:52,SOLUSDT,bid,140,13659.857
2024-08-21 07:41:54,SOLUSDT,ask,147,10072.371
2024-08-21 07:41:54,SOLUSDT,ask,148,12700.486
2024-08-21 07:41:56,SOLUSDT,ask,155,10408.102
2024-08-21 07:41:57,SOLUSDT,ask,147,10071.957
2024-08-21 07:42:01,SOLUSDT,bid,131,9239.736
2024-08-21 07:42:01,SOLUSDT,bid,140,13657.388
2024-08-21 07:42:13,SOLUSDT,bid,136,7502.315
2024-08-21 07:42:18,SOLUSDT,bid,138,7957.468
2024-08-21 07:42:24,SOLUSDT,ask,148,12700.521
2024-08-21 07:42:24,SOLUSDT,ask,151,20607.606
2024-08-21 07:42:26,SOLUSDT,bid,138,7949.633
2024-08-21 07:42:28,SOLUSDT,ask,180,30116.846
2024-08-21 07:42:34,SOLUSDT,bid,140,13657.53
2024-08-21 07:42:54,SOLUSDT,bid,140,13658.6
2024-08-21 07:43:14,SOLUSDT,bid,140,13659.1
2024-08-21 07:43:14,SOLUSDT,bid,138,7950.633
2024-08-21 07:43:18,SOLUSDT,bid,100,35633.518
2024-08-21 07:43:20,SOLUSDT,bid,135,15512.782
2024-08-21 07:43:22,SOLUSDT,bid,138,7958.462
2024-08-21 07:43:28,SOLUSDT,bid,130,16071.819
2024-08-21 07:43:37,SOLUSDT,bid,130,16071.05
2024-08-21 07:43:39,SOLUSDT,ask,148,12710.521
2024-08-21 07:43:49,SOLUSDT,bid,138,7957.768
2024-08-21 07:44:02,SOLUSDT,bid,140,13659.784
2024-08-21 07:44:22,SOLUSDT,bid,138,7951.349
2024-08-21 07:44:58,SOLUSDT,bid,140,13659.892
2024-08-21 07:45:00,SOLUSDT,bid,131,9240.574
2024-08-21 07:45:07,SOLUSDT,bid,140,13654.195
2024-08-21 07:45:07,SOLUSDT,bid,136,7496.618
2024-08-21 07:45:07,SOLUSDT,bid,120,21587.065
2024-08-21 07:45:07,SOLUSDT,bid,100,35627.821
2024-08-21 07:45:07,SOLUSDT,ask,148,12704.824
2024-08-21 07:45:07,SOLUSDT,ask,152,23944.931
2024-08-21 07:45:07,SOLUSDT,ask,156,21431.547
2024-08-21 07:45:07,SOLUSDT,ask,160,24781.638
2024-08-21 07:45:07,SOLUSDT,ask,180,30111.149
2024-08-21 07:45:07,SOLUSDT,ask,188,11558.301
2024-08-21 07:45:07,SOLUSDT,ask,200,44485.257
2024-08-21 07:45:18,SOLUSDT,ask,152,23928.915
2024-08-21 07:45:25,SOLUSDT,ask,147,9386.944
2024-08-21 07:45:26,SOLUSDT,ask,148,12703.94
2024-08-21 07:45:27,SOLUSDT,bid,140,13654.087
2024-08-21 07:45:56,SOLUSDT,bid,138,7735.625
2024-08-21 07:46:00,SOLUSDT,bid,100,35626.319
2024-08-21 07:46:34,SOLUSDT,bid,138,7736.759
2024-08-21 07:46:49,SOLUSDT,bid,140,13654.15
2024-08-21 07:46:54,SOLUSDT,ask,152,23927.916
2024-08-21 07:47:02,SOLUSDT,ask,148,12843.796
2024-08-21 07:47:13,SOLUSDT,ask,148,12855.783
2024-08-21 07:47:13,SOLUSDT,bid,138,7796.557
2024-08-21 07:47:13,SOLUSDT,bid,135,15503.701
2024-08-21 07:47:41,SOLUSDT,bid,130,16070.413
2024-08-21 07:47:52,SOLUSDT,bid,120,21587.898
2024-08-21 07:48:17,SOLUSDT,ask,148,12890.897
2024-08-21 07:48:17,SOLUSDT,bid,140,13654.328
2024-08-21 07:48:50,SOLUSDT,bid,140,13647.186
2024-08-21 07:49:04,SOLUSDT,bid,135,15479.413
2024-08-21 07:49:25,SOLUSDT,bid,138,7814.957
2024-08-21 07:49:31,SOLUSDT,ask,220,12365.224
2024-08-21 07:49:41,SOLUSDT,bid,140,13681.008
2024-08-21 07:49:57,SOLUSDT,ask,148,12911.509
2024-08-21 07:50:21,SOLUSDT,bid,140,13680.971
2024-08-21 07:50:26,SOLUSDT,bid,131,9239.736
2024-08-21 07:50:38,SOLUSDT,bid,140,13679.971
2024-08-21 07:50:40,SOLUSDT,bid,136,7498.09
2024-08-21 07:50:44,SOLUSDT,bid,100,35350.44
2024-08-21 07:50:49,SOLUSDT,bid,131,9240.124
2024-08-21 07:50:58,SOLUSDT,ask,150,25643.308
2024-08-21 07:51:30,SOLUSDT,ask,150,25645.406
2024-08-21 07:51:39,SOLUSDT,ask,150,25512.073
2024-08-21 07:52:00,SOLUSDT,ask,156,21431.783
2024-08-21 07:52:00,SOLUSDT,bid,140,13672.515
2024-08-21 07:52:12,SOLUSDT,bid,140,13670.143
2024-08-21 07:52:13,SOLUSDT,bid,140,13660.194
2024-08-21 07:52:19,SOLUSDT,bid,140,13659.138
2024-08-21 07:52:19,SOLUSDT,bid,135,15478.357
2024-08-21 07:52:19,SOLUSDT,bid,130,16069.357
2024-08-21 07:52:19,SOLUSDT,bid,125,17049.248
2024-08-21 07:52:19,SOLUSDT,bid,120,21586.842
2024-08-21 07:52:19,SOLUSDT,bid,115,20713.485
2024-08-21 07:52:19,SOLUSDT,bid,110,25521.368
2024-08-21 07:52:19,SOLUSDT,bid,100,35349.384
2024-08-21 07:52:19,SOLUSDT,ask,150,25511.017
2024-08-21 07:52:19,SOLUSDT,ask,155,10407.046
2024-08-21 07:52:19,SOLUSDT,ask,160,24780.582
2024-08-21 07:52:19,SOLUSDT,ask,165,17953.671
2024-08-21 07:52:19,SOLUSDT,ask,170,13423.671
2024-08-21 07:52:19,SOLUSDT,ask,175,8016.661
2024-08-21 07:52:19,SOLUSDT,ask,180,30110.093
2024-08-21 07:52:19,SOLUSDT,ask,185,16624.316
2024-08-21 07:52:19,SOLUSDT,ask,190,23143.802
2024-08-21 07:52:19,SOLUSDT,ask,195,12221.35
2024-08-21 07:52:19,SOLUSDT,ask,200,44484.201
2024-08-21 07:52:20,SOLUSDT,bid,138,7825.564
2024-08-21 07:52:27,SOLUSDT,bid,135,15478.397
2024-08-21 07:52:30,SOLUSDT,ask,152,23928.533
2024-08-21 07:52:40,SOLUSDT,bid,140,13660.564
2024-08-21 07:52:40,SOLUSDT,bid,140,13661.99
2024-08-21 07:52:50,SOLUSDT,bid,140,13662.704
2024-08-21 07:53:13,SOLUSDT,bid,135,15477.657
2024-08-21 07:53:18,SOLUSDT,bid,138,7822.948
2024-08-21 07:53:20,SOLUSDT,bid,140,13670.704
2024-08-21 07:53:44,SOLUSDT,bid,140,13665.704
2024-08-21 07:53:51,SOLUSDT,bid,140,13664.99
2024-08-21 07:54:03,SOLUSDT,bid,140,13650.705
2024-08-21 07:54:11,SOLUSDT,ask,152,23924.122
2024-08-21 07:54:17,SOLUSDT,ask,148,12915.92
2024-08-21 07:54:53,SOLUSDT,ask,150,25510.916
2024-08-21 07:55:09,SOLUSDT,bid,140,13646.503
2024-08-21 07:55:14,SOLUSDT,ask,160,24749.773
2024-08-21 07:55:19,SOLUSDT,bid,140,13643.651
2024-08-21 07:55:23,SOLUSDT,bid,110,25506.368
2024-08-21 07:55:24,SOLUSDT,bid,120,21576.842
2024-08-21 07:56:18,SOLUSDT,ask,148,12919.916
2024-08-21 07:56:45,SOLUSDT,ask,147,9392.738
2024-08-21 07:56:56,SOLUSDT,bid,140,13644.365
2024-08-21 07:56:57,SOLUSDT,bid,138,7823.672
2024-08-21 07:56:58,SOLUSDT,ask,175,8015.433
2024-08-21 07:57:10,SOLUSDT,bid,136,7497.865
2024-08-21 07:57:13,SOLUSDT,ask,148,12920.924
2024-08-21 07:57:17,SOLUSDT,bid,136,7505.56
2024-08-21 07:57:20,SOLUSDT,ask,148,12921.689
2024-08-21 07:57:22,SOLUSDT,ask,148,12916.689
2024-08-21 07:57:42,SOLUSDT,bid,120,21579.132
2024-08-21 07:57:50,SOLUSDT,bid,135,15478.657
2024-08-21 07:58:06,SOLUSDT,bid,140,13609.071
2024-08-21 07:58:11,SOLUSDT,ask,148,12912.664
2024-08-21 07:58:12,SOLUSDT,ask,148,12915.164
2024-08-21 07:58:14,SOLUSDT,bid,140,13609.029
2024-08-21 07:58:14,SOLUSDT,ask,150,25510.874
2024-08-21 07:58:19,SOLUSDT,ask,147,9392.901
2024-08-21 07:58:22,SOLUSDT,ask,147,9393.602
2024-08-21 07:58:24,SOLUSDT,bid,135,15477.206
2024-08-21 07:58:34,SOLUSDT,bid,140,13608.029
2024-08-21 07:58:38,SOLUSDT,bid,136,7516.082
2024-08-21 07:58:47,SOLUSDT,bid,130,16096.319
2024-08-21 07:58:56,SOLUSDT,bid,130,16096.671
2024-08-21 07:59:12,SOLUSDT,bid,140,13605.029
2024-08-21 07:59:12,SOLUSDT,ask,147,10661.979
2024-08-21 07:59:18,SOLUSDT,bid,140,13605.62
2024-08-21 07:59:19,SOLUSDT,bid,100,35344.384
2024-08-21 07:59:21,SOLUSDT,bid,140,13606.334
2024-08-21 07:59:32,SOLUSDT,ask,148,12901.305
2024-08-21 07:59:47,SOLUSDT,bid,140,13611.334
2024-08-21 07:59:50,SOLUSDT,bid,100,35242.879
2024-08-21 07:59:54,SOLUSDT,bid,130,16096.459
2024-08-21 08:00:11,SOLUSDT,bid,140,13611.293
2024-08-21 08:00:11,SOLUSDT,ask,152,23924.081
2024-08-21 08:00:30,SOLUSDT,bid,140,13610.955
2024-08-21 08:00:35,SOLUSDT,bid,140,13612.455
2024-08-21 08:00:42,SOLUSDT,bid,140,13602.455
2024-08-21 08:00:47,SOLUSDT,bid,140,13607.455
2024-08-21 08:00:59,SOLUSDT,bid,140,13607.955
2024-08-21 08:01:03,SOLUSDT,bid,138,7859.478
2024-08-21 08:01:03,SOLUSDT,ask,147,10662.369
2024-08-21 08:01:07,SOLUSDT,bid,140,13615.097
2024-08-21 08:01:29,SOLUSDT,bid,140,13484.608
2024-08-21 08:01:35,SOLUSDT,bid,131,9239.888
2024-08-21 08:01:35,SOLUSDT,bid,110,25506.085
2024-08-21 08:01:39,SOLUSDT,bid,138,7860.927
2024-08-21 08:01:40,SOLUSDT,bid,140,13484.569
2024-08-21 08:01:40,SOLUSDT,bid,135,15477.167
2024-08-21 08:01:40,SOLUSDT,ask,150,25510.835
2024-08-21 08:01:41,SOLUSDT,bid,140,13485.277
2024-08-21 08:01:42,SOLUSDT,bid,140,13484.563
2024-08-21 08:01:49,SOLUSDT,bid,140,13477.421
2024-08-21 08:01:50,SOLUSDT,bid,136,7650.409
2024-08-21 08:01:52,SOLUSDT,bid,135,15477.907
2024-08-21 08:02:23,SOLUSDT,bid,136,7516.082
2024-08-21 08:02:30,SOLUSDT,bid,138,7860.978
2024-08-21 08:02:30,SOLUSDT,bid,138,7858.812
2024-08-21 08:02:30,SOLUSDT,bid,136,7521.413
2024-08-21 08:02:35,SOLUSDT,bid,130,16236.986
2024-08-21 08:02:40,SOLUSDT,bid,130,16237.3
2024-08-21 08:02:44,SOLUSDT,ask,148,12898.885
2024-08-21 08:02:47,SOLUSDT,bid,80,27180.887
2024-08-21 08:02:56,SOLUSDT,ask,147,10662.65
2024-08-21 08:02:58,SOLUSDT,bid,140,13476.713
2024-08-21 08:03:03,SOLUSDT,ask,148,12899.885
2024-08-21 08:03:04,SOLUSDT,ask,148,12897.836
2024-08-21 08:03:09,SOLUSDT,ask,148,12893.836
2024-08-21 08:03:13,SOLUSDT,bid,125,17048.248
2024-08-21 08:03:13,SOLUSDT,bid,110,25504.267
2024-08-21 08:03:49,SOLUSDT,ask,150,25510.654
2024-08-21 08:03:50,SOLUSDT,bid,125,17018.248
2024-08-21 08:03:56,SOLUSDT,bid,138,7860.875
2024-08-21 08:03:57,SOLUSDT,bid,138,7859.865
2024-08-21 08:04:03,SOLUSDT,bid,140,13474.594
2024-08-21 08:04:12,SOLUSDT,ask,150,25507.357
2024-08-21 08:04:13,SOLUSDT,ask,150,25505.338
2024-08-21 08:04:26,SOLUSDT,ask,148,12895.855
2024-08-21 08:04:38,SOLUSDT,ask,155,10406.796
2024-08-21 08:04:41,SOLUSDT,ask,147,10741.073
2024-08-21 08:04:43,SOLUSDT,bid,135,15479.907
2024-08-21 08:05:13,SOLUSDT,bid,140,13474.951
2024-08-21 08:05:18,SOLUSDT,bid,130,16237.224
2024-08-21 08:05:32,SOLUSDT,ask,155,10394.796
2024-08-21 08:05:41,SOLUSDT,ask,160,24837.837
2024-08-21 08:05:59,SOLUSDT,ask,148,12896.865
2024-08-21 08:06:02,SOLUSDT,bid,138,7861.365
2024-08-21 08:06:14,SOLUSDT,bid,125,17010.428
2024-08-21 08:06:15,SOLUSDT,ask,160,24837.954
2024-08-21 08:06:15,SOLUSDT,ask,155,10394.88
2024-08-21 08:06:17,SOLUSDT,bid,135,15484.135
2024-08-21 08:06:24,SOLUSDT,ask,148,12898.929
2024-08-21 08:06:41,SOLUSDT,ask,147,10740.295
2024-08-21 08:06:44,SOLUSDT,bid,125,17018.388
2024-08-21 08:06:47,SOLUSDT,bid,140,13475.308
2024-08-21 08:07:04,SOLUSDT,bid,136,7531.417
2024-08-21 08:07:07,SOLUSDT,bid,135,15515.251
2024-08-21 08:07:08,SOLUSDT,bid,138,7861.439
2024-08-21 08:07:30,SOLUSDT,ask,148,12900.585
2024-08-21 08:07:34,SOLUSDT,bid,140,13476.308
2024-08-21 08:07:43,SOLUSDT,bid,140,13478.45
2024-08-21 08:07:54,SOLUSDT,bid,138,7865.329
2024-08-21 08:08:12,SOLUSDT,ask,147,10561.964
2024-08-21 08:08:29,SOLUSDT,bid,130,16221.618
2024-08-21 08:08:34,SOLUSDT,bid,140,13477.022
2024-08-21 08:08:43,SOLUSDT,bid,140,13480.593
2024-08-21 08:09:01,SOLUSDT,ask,147,10556.484
2024-08-21 08:09:06,SOLUSDT,ask,147,10552.488
2024-08-21 08:09:06,SOLUSDT,ask,148,12904.581
2024-08-21 08:09:07,SOLUSDT,ask,150,25506.616
2024-08-21 08:09:18,SOLUSDT,ask,147,10629.357
2024-08-21 08:09:18,SOLUSDT,ask,148,12827.712
2024-08-21 08:09:19,SOLUSDT,bid,140,13480.308
2024-08-21 08:09:19,SOLUSDT,bid,138,7865.614
2024-08-21 08:09:32,SOLUSDT,ask,180,30107.911
2024-08-21 08:09:48,SOLUSDT,ask,182,5546.971
2024-08-21 08:09:51,SOLUSDT,bid,136,7532.417
2024-08-21 08:10:00,SOLUSDT,bid,138,7866.614
2024-08-21 08:10:04,SOLUSDT,bid,135,15514.251
2024-08-21 08:10:09,SOLUSDT,bid,140,13481.308
2024-08-21 08:10:26,SOLUSDT,bid,135,15514.161
2024-08-21 08:10:27,SOLUSDT,bid,140,13481.182
2024-08-21 08:10:28,SOLUSDT,bid,135,15513.421
2024-08-21 08:10:30,SOLUSDT,bid,140,13524.408
2024-08-21 08:10:45,SOLUSDT,bid,140,13525.836
2024-08-21 08:10:59,SOLUSDT,bid,110,25504.636
2024-08-21 08:11:01,SOLUSDT,bid,140,13425.836
2024-08-21 08:11:04,SOLUSDT,ask,148,12828.059
2024-08-21 08:11:29,SOLUSDT,ask,155,10402.87
2024-08-21 08:11:37,SOLUSDT,ask,147,10738.426
2024-08-21 08:11:37,SOLUSDT,bid,140,13425.891
2024-08-21 08:11:54,SOLUSDT,ask,148,12829.279
2024-08-21 08:11:56,SOLUSDT,bid,120,21578.132
2024-08-21 08:12:06,SOLUSDT,ask,147,10743.903
2024-08-21 08:12:08,SOLUSDT,bid,138,7854.877
2024-08-21 08:12:35,SOLUSDT,bid,135,15513.787
2024-08-21 08:13:04,SOLUSDT,bid,140,13392.069
2024-08-21 08:13:23,SOLUSDT,ask,152,23913.456
2024-08-21 08:13:25,SOLUSDT,bid,140,13391.385
2024-08-21 08:13:29,SOLUSDT,ask,148,12839.904
2024-08-21 08:13:30,SOLUSDT,bid,125,17017.988
2024-08-21 08:13:30,SOLUSDT,bid,135,15512.752
2024-08-21 08:13:40,SOLUSDT,bid,136,7529.709
2024-08-21 08:13:40,SOLUSDT,bid,130,16218.91
2024-08-21 08:13:40,SOLUSDT,bid,100,35240.171
2024-08-21 08:13:40,SOLUSDT,ask,148,12837.196
2024-08-21 08:13:40,SOLUSDT,ask,154,18259.775
2024-08-21 08:13:40,SOLUSDT,ask,160,24835.246
2024-08-21 08:13:44,SOLUSDT,bid,140,13392.383
2024-08-21 08:13:51,SOLUSDT,ask,147,10747.827
2024-08-21 08:13:59,SOLUSDT,ask,190,23142.21
2024-08-21 08:13:59,SOLUSDT,ask,210,25672.713
2024-08-21 08:14:05,SOLUSDT,ask,150,25513.432
2024-08-21 08:14:23,SOLUSDT,ask,150,25515.43
2024-08-21 08:14:30,SOLUSDT,ask,150,25514.983
2024-08-21 08:14:30,SOLUSDT,bid,130,16219.875
2024-08-21 08:14:30,SOLUSDT,bid,120,21577.167
2024-08-21 08:14:41,SOLUSDT,bid,120,21580.433
2024-08-21 08:14:42,SOLUSDT,ask,148,12837.643
2024-08-21 08:14:58,SOLUSDT,bid,136,7535.003
2024-08-21 08:15:06,SOLUSDT,ask,170,13423.709
2024-08-21 08:15:13,SOLUSDT,bid,135,15512.79
2024-08-21 08:15:24,SOLUSDT,bid,130,16225.413
2024-08-21 08:15:26,SOLUSDT,bid,140,13390.383
2024-08-21 08:16:13,SOLUSDT,ask,151,20608.461
2024-08-21 08:16:26,SOLUSDT,ask,147,10877.429
2024-08-21 08:16:33,SOLUSDT,bid,135,15512.42
2024-08-21 08:16:43,SOLUSDT,bid,130,16219.875
2024-08-21 08:16:44,SOLUSDT,bid,136,7529.709
2024-08-21 08:16:49,SOLUSDT,ask,148,12842.121
2024-08-21 08:17:56,SOLUSDT,bid,140,13390.489
2024-08-21 08:18:25,SOLUSDT,ask,152,23915.684
2024-08-21 08:18:39,SOLUSDT,bid,135,15513.16
2024-08-21 08:18:50,SOLUSDT,bid,140,13530.489
2024-08-21 08:18:53,SOLUSDT,ask,180,30127.891
2024-08-21 08:20:15,SOLUSDT,bid,140,13526.918
2024-08-21 08:20:23,SOLUSDT,bid,140,13536.918
2024-08-21 08:21:01,SOLUSDT,bid,120,21576.986
2024-08-21 08:21:02,SOLUSDT,ask,148,12841.505
2024-08-21 08:21:03,SOLUSDT,ask,150,25516.983
2024-08-21 08:21:03,SOLUSDT,ask,151,20606.461
2024-08-21 08:21:11,SOLUSDT,bid,140,13541.16
2024-08-21 08:21:28,SOLUSDT,bid,140,13531.16
2024-08-21 08:21:38,SOLUSDT,ask,190,23104.864
2024-08-21 08:21:43,SOLUSDT,bid,120,21614.956
2024-08-21 08:21:51,SOLUSDT,bid,110,25502.636
2024-08-21 08:22:00,SOLUSDT,bid,125,16934.988
2024-08-21 08:22:15,SOLUSDT,ask,150,25517.05
2024-08-21 08:22:15,SOLUSDT,ask,155,10402.805
2024-08-21 08:22:27,SOLUSDT,ask,147,10876.545
2024-08-21 08:22:30,SOLUSDT,bid,140,13531.374
2024-08-21 08:22:51,SOLUSDT,bid,135,15512.479
2024-08-21 08:22:53,SOLUSDT,ask,158,19141.682
2024-08-21 08:22:56,SOLUSDT,ask,147,10799.676
2024-08-21 08:23:10,SOLUSDT,bid,140,13536.465
2024-08-21 08:23:13,SOLUSDT,ask,152,22916.684
2024-08-21 08:23:21,SOLUSDT,bid,130,16220.582
2024-08-21 08:23:40,SOLUSDT,ask,148,12841.598
2024-08-21 08:23:40,SOLUSDT,ask,150,25516.957
2024-08-21 08:23:50,SOLUSDT,bid,140,13536.578
2024-08-21 08:23:52,SOLUSDT,ask,155,9711.805
2024-08-21 08:24:08,SOLUSDT,bid,120,21618.403
2024-08-21 08:24:12,SOLUSDT,bid,140,13535.164
2024-08-21 08:24:12,SOLUSDT,ask,148,14032.598
2024-08-21 08:24:19,SOLUSDT,ask,150,25516.753
2024-08-21 08:24:24,SOLUSDT,bid,90,12046.554
2024-08-21 08:24:33,SOLUSDT,ask,150,25555.779
2024-08-21 08:24:36,SOLUSDT,ask,155,8956.805
2024-08-21 08:24:42,SOLUSDT,ask,147,10795.35
2024-08-21 08:24:50,SOLUSDT,ask,150,25556.053
2024-08-21 08:24:53,SOLUSDT,bid,140,13520.388
2024-08-21 08:25:00,SOLUSDT,bid,140,13522.007
2024-08-21 08:25:02,SOLUSDT,ask,148,14787.598
2024-08-21 08:25:26,SOLUSDT,bid,130,16219.582
2024-08-21 08:25:27,SOLUSDT,bid,135,15547.554
2024-08-21 08:25:30,SOLUSDT,bid,140,13518.267
2024-08-21 08:25:33,SOLUSDT,ask,147,10790.457
2024-08-21 08:25:38,SOLUSDT,bid,140,13516.648
2024-08-21 08:25:49,SOLUSDT,bid,140,13518.747
2024-08-21 08:25:58,SOLUSDT,bid,140,13517.333
2024-08-21 08:25:58,SOLUSDT,bid,140,13515.919
2024-08-21 08:26:24,SOLUSDT,bid,135,15545.554
2024-08-21 08:26:27,SOLUSDT,bid,100,35238.653
2024-08-21 08:26:33,SOLUSDT,bid,140,13521.974
2024-08-21 08:26:35,SOLUSDT,ask,150,25456.053
2024-08-21 08:26:36,SOLUSDT,bid,140,13520.974
2024-08-21 08:26:50,SOLUSDT,ask,150,25455.903
2024-08-21 08:26:52,SOLUSDT,bid,140,13522.058
2024-08-21 08:26:54,SOLUSDT,bid,138,8046.877
2024-08-21 08:27:05,SOLUSDT,ask,150,25456.27
2024-08-21 08:27:07,SOLUSDT,bid,138,8047.877
2024-08-21 08:27:07,SOLUSDT,ask,147,10903.703
2024-08-21 08:27:12,SOLUSDT,bid,140,13523.229
2024-08-21 08:27:29,SOLUSDT,bid,136,7530.713
2024-08-21 08:27:53,SOLUSDT,bid,140,13511.476
2024-08-21 08:28:04,SOLUSDT,ask,148,14815.49
2024-08-21 08:28:08,SOLUSDT,ask,150,25417.244
2024-08-21 08:28:15,SOLUSDT,bid,120,21614.956
2024-08-21 08:28:23,SOLUSDT,ask,150,25456.27
2024-08-21 08:28:26,SOLUSDT,ask,150,25457.802
2024-08-21 08:28:35,SOLUSDT,ask,148,14814.166
2024-08-21 08:29:05,SOLUSDT,bid,135,15545.37
2024-08-21 08:29:09,SOLUSDT,bid,138,8068.334
2024-08-21 08:29:19,SOLUSDT,bid,140,13511.513
2024-08-21 08:29:23,SOLUSDT,ask,155,8957.183
2024-08-21 08:29:41,SOLUSDT,bid,136,7549.425
2024-08-21 08:29:44,SOLUSDT,ask,148,14821.166
2024-08-21 08:29:56,SOLUSDT,bid,140,13512.227
2024-08-21 08:30:01,SOLUSDT,bid,130,16219.471
2024-08-21 08:30:14,SOLUSDT,bid,120,21613.956
2024-08-21 08:30:16,SOLUSDT,bid,140,13511.6
2024-08-21 08:30:37,SOLUSDT,bid,140,13512.328
2024-08-21 08:31:16,SOLUSDT,bid,136,7546.484
2024-08-21 08:31:16,SOLUSDT,bid,90,11863.493
2024-08-21 08:31:17,SOLUSDT,bid,110,25402.636
2024-08-21 08:31:18,SOLUSDT,bid,120,21513.956
2024-08-21 08:31:19,SOLUSDT,bid,100,35138.653
2024-08-21 08:31:20,SOLUSDT,bid,110,25402.476
2024-08-21 08:31:27,SOLUSDT,bid,140,13548.042
2024-08-21 08:31:40,SOLUSDT,bid,140,13547.291
2024-08-21 08:31:40,SOLUSDT,bid,138,8069.085
2024-08-21 08:31:56,SOLUSDT,bid,125,16934.588
2024-08-21 08:32:10,SOLUSDT,bid,138,8073.209
2024-08-21 08:32:20,SOLUSDT,bid,130,16219.61
2024-08-21 08:32:39,SOLUSDT,ask,148,14829.02
2024-08-21 08:33:02,SOLUSDT,bid,136,7535.962
2024-08-21 08:33:02,SOLUSDT,ask,165,17908.823
2024-08-21 08:33:04,SOLUSDT,bid,140,13550.291
2024-08-21 08:33:04,SOLUSDT,bid,138,8070.209
2024-08-21 08:33:12,SOLUSDT,ask,150,25458.946
2024-08-21 08:33:24,SOLUSDT,ask,150,25458.75
2024-08-21 08:33:34,SOLUSDT,ask,147,10903.916
2024-08-21 08:33:43,SOLUSDT,ask,147,10894.477
2024-08-21 08:33:44,SOLUSDT,bid,130,16207.972
2024-08-21 08:33:48,SOLUSDT,bid,120,21411.701
2024-08-21 08:34:34,SOLUSDT,bid,136,7537.759
2024-08-21 08:34:39,SOLUSDT,bid,140,13505.07
2024-08-21 08:35:10,SOLUSDT,ask,147,10895.882
2024-08-21 08:35:16,SOLUSDT,bid,110,25537.662
2024-08-21 08:35:41,SOLUSDT,bid,120,21410.868
2024-08-21 08:35:45,SOLUSDT,bid,138,8185.076
2024-08-21 08:35:49,SOLUSDT,bid,140,13505.745
2024-08-21 08:35:51,SOLUSDT,bid,140,13504.745
2024-08-21 08:36:02,SOLUSDT,bid,100,35138.79
2024-08-21 08:36:06,SOLUSDT,bid,130,16207.922
2024-08-21 08:36:13,SOLUSDT,bid,100,35122.79
2024-08-21 08:36:15,SOLUSDT,ask,155,8957.892
2024-08-21 08:36:19,SOLUSDT,ask,150,25464.434
2024-08-21 08:36:21,SOLUSDT,ask,148,14829.377
2024-08-21 08:36:25,SOLUSDT,ask,163,18532.589
2024-08-21 08:36:27,SOLUSDT,bid,135,15546.11
2024-08-21 08:36:28,SOLUSDT,bid,140,13500.655
2024-08-21 08:36:31,SOLUSDT,ask,150,25425.408
2024-08-21 08:36:53,SOLUSDT,ask,150,25429.761
2024-08-21 08:37:19,SOLUSDT,bid,100,35122.653
2024-08-21 08:37:21,SOLUSDT,ask,150,25329.861
2024-08-21 08:37:25,SOLUSDT,ask,180,29882.434
2024-08-21 08:37:29,SOLUSDT,ask,148,14929.277
2024-08-21 08:37:29,SOLUSDT,ask,200,44484.247
2024-08-21 08:37:33,SOLUSDT,bid,140,13501.655
2024-08-21 08:37:36,SOLUSDT,bid,140,13505.235
2024-08-21 08:37:40,SOLUSDT,bid,110,25537.708
2024-08-21 08:37:47,SOLUSDT,bid,140,13507.652
2024-08-21 08:37:48,SOLUSDT,bid,130,16235.659
2024-08-21 08:37:59,SOLUSDT,bid,138,8183.627
2024-08-21 08:38:04,SOLUSDT,bid,140,13497.652
2024-08-21 08:38:06,SOLUSDT,ask,147,10894.477
2024-08-21 08:38:15,SOLUSDT,bid,140,13447.652
2024-08-21 08:38:18,SOLUSDT,ask,152,22927.219
2024-08-21 08:38:22,SOLUSDT,bid,130,16234.659
2024-08-21 08:38:23,SOLUSDT,bid,140,13461.273
2024-08-21 08:38:30,SOLUSDT,bid,140,13489.45
2024-08-21 08:38:50,SOLUSDT,ask,147,10896.656
2024-08-21 08:38:56,SOLUSDT,bid,140,13461.273
2024-08-21 08:39:00,SOLUSDT,bid,100,35121.653
2024-08-21 08:39:07,SOLUSDT,bid,130,16229.659
2024-08-21 08:39:13,SOLUSDT,bid,115,20712.812
2024-08-21 08:39:32,SOLUSDT,ask,400,4712.02
2024-08-21 08:39:41,SOLUSDT,ask,148,14929.523
2024-08-21 08:39:48,SOLUSDT,bid,135,15549.813
2024-08-21 08:39:52,SOLUSDT,bid,140,13461.005
2024-08-21 08:39:52,SOLUSDT,bid,120,21410.555
2024-08-21 08:39:52,SOLUSDT,bid,96,11940.644
2024-08-21 08:39:52,SOLUSDT,bid,80,27180.417
2024-08-21 08:39:52,SOLUSDT,ask,148,14929.269
2024-08-21 08:39:52,SOLUSDT,ask,152,22926.972
2024-08-21 08:39:52,SOLUSDT,ask,156,21431.542
2024-08-21 08:39:52,SOLUSDT,ask,188,11558.101
2024-08-21 08:39:52,SOLUSDT,ask,200,44484.059
2024-08-21 08:39:52,SOLUSDT,bid,100,35121.277
2024-08-21 08:39:52,SOLUSDT,ask,160,24835.011
2024-08-21 08:39:52,SOLUSDT,ask,180,29882.225
2024-08-21 08:41:07,SOLUSDT,bid,140,13461.362
2024-08-21 08:41:07,SOLUSDT,ask,148,14928.769
2024-08-21 08:41:27,SOLUSDT,bid,135,15550.813
2024-08-21 08:41:41,SOLUSDT,bid,140,13511.362
2024-08-21 08:41:53,SOLUSDT,bid,140,13513.326
2024-08-21 08:42:01,SOLUSDT,ask,148,14930.263
2024-08-21 08:42:31,SOLUSDT,bid,140,13513.381
2024-08-21 08:42:50,SOLUSDT,bid,140,13507.326
2024-08-21 08:42:53,SOLUSDT,ask,148,14939.763
2024-08-21 08:43:02,SOLUSDT,bid,140,13506.155
2024-08-21 08:43:03,SOLUSDT,bid,140,13509.182
2024-08-21 08:43:16,SOLUSDT,ask,148,14946.519
2024-08-21 08:43:27,SOLUSDT,ask,150,25329.945
2024-08-21 08:43:27,SOLUSDT,ask,160,24834.8
2024-08-21 08:43:28,SOLUSDT,bid,140,13509.266
2024-08-21 08:43:41,SOLUSDT,bid,140,13516.408
2024-08-21 08:43:56,SOLUSDT,ask,150,25334.18
2024-08-21 08:43:59,SOLUSDT,bid,140,13511.317
2024-08-21 08:44:02,SOLUSDT,ask,148,14947.154
2024-08-21 08:44:29,SOLUSDT,bid,140,13505.86
2024-08-21 08:44:43,SOLUSDT,bid,140,13506.002
2024-08-21 08:44:43,SOLUSDT,bid,135,15455.813
2024-08-21 08:44:46,SOLUSDT,bid,140,13504.026
2024-08-21 08:44:48,SOLUSDT,bid,138,8183.771
2024-08-21 08:44:53,SOLUSDT,bid,140,13506.255
2024-08-21 08:44:54,SOLUSDT,ask,150,25335.109
2024-08-21 08:45:05,SOLUSDT,bid,135,15455.073
2024-08-21 08:45:29,SOLUSDT,ask,300,11606.625
2024-08-21 08:45:52,SOLUSDT,bid,140,13506.063
2024-08-21 08:46:05,SOLUSDT,ask,155,8917.93
2024-08-21 08:46:26,SOLUSDT,bid,120,21410.971
2024-08-21 08:46:34,SOLUSDT,bid,120,21417.606
2024-08-21 08:46:41,SOLUSDT,bid,110,25546.556
2024-08-21 08:46:53,SOLUSDT,bid,140,13507.063
2024-08-21 08:47:02,SOLUSDT,ask,147,10897.447
2024-08-21 08:47:08,SOLUSDT,bid,138,8184.771
2024-08-21 08:47:10,SOLUSDT,bid,140,13509.157
2024-08-21 08:47:36,SOLUSDT,ask,150,25332.107
2024-08-21 08:47:41,SOLUSDT,ask,148,14947.322
2024-08-21 08:48:02,SOLUSDT,ask,150,25392.049
2024-08-21 08:48:08,SOLUSDT,bid,140,13508.157
2024-08-21 08:48:22,SOLUSDT,bid,130,16229.734
2024-08-21 08:48:25,SOLUSDT,ask,147,10896.656
2024-08-21 08:49:06,SOLUSDT,ask,158,19142.314
2024-08-21 08:49:09,SOLUSDT,ask,150,25392.463
2024-08-21 08:49:51,SOLUSDT,ask,160,24834.683
2024-08-21 08:49:52,SOLUSDT,bid,140,13515.604
2024-08-21 08:50:12,SOLUSDT,bid,125,16873.349
2024-08-21 08:50:39,SOLUSDT,ask,148,15038.231
2024-08-21 08:50:46,SOLUSDT,ask,148,15074.112
2024-08-21 08:51:01,SOLUSDT,bid,130,16207.304
2024-08-21 08:51:12,SOLUSDT,ask,147,10943.796
2024-08-21 08:51:21,SOLUSDT,bid,140,13515.123
2024-08-21 08:52:01,SOLUSDT,bid,135,15458.073
2024-08-21 08:52:05,SOLUSDT,bid,138,8173.902
2024-08-21 08:52:10,SOLUSDT,ask,147,10944.129
2024-08-21 08:52:11,SOLUSDT,bid,130,16210.304
2024-08-21 08:52:19,SOLUSDT,bid,140,13517.289
2024-08-21 08:52:20,SOLUSDT,bid,130,16222.451
2024-08-21 08:52:30,SOLUSDT,bid,110,25546.187
2024-08-21 08:52:35,SOLUSDT,ask,147,10940.624
2024-08-21 08:52:42,SOLUSDT,bid,120,21409.273
2024-08-21 08:52:43,SOLUSDT,bid,130,16214.759
2024-08-21 08:53:07,SOLUSDT,bid,138,8188.394
2024-08-21 08:53:27,SOLUSDT,ask,148,15252.222
2024-08-21 08:53:29,SOLUSDT,bid,130,16202.612
2024-08-21 08:53:35,SOLUSDT,bid,140,13516.614
2024-08-21 08:53:56,SOLUSDT,ask,148,15074.112
2024-08-21 08:54:21,SOLUSDT,ask,150,25392.263
2024-08-21 08:54:30,SOLUSDT,ask,148,15075.111
2024-08-21 08:54:30,SOLUSDT,ask,155,8916.931
2024-08-21 08:54:39,SOLUSDT,bid,135,15457.925
2024-08-21 08:54:43,SOLUSDT,ask,148,15078.211
2024-08-21 08:54:43,SOLUSDT,ask,148,15078.411
2024-08-21 08:54:47,SOLUSDT,bid,135,15456.146
2024-08-21 08:54:55,SOLUSDT,ask,160,24833.684
2024-08-21 08:55:17,SOLUSDT,bid,125,16923.349
2024-08-21 08:55:21,SOLUSDT,bid,125,16919.441
2024-08-21 08:55:23,SOLUSDT,bid,100,35119.767
2024-08-21 08:55:34,SOLUSDT,bid,120,21459.273
2024-08-21 08:56:04,SOLUSDT,bid,140,13515.245
2024-08-21 08:56:10,SOLUSDT,ask,147,10939.396
2024-08-21 08:56:20,SOLUSDT,ask,147,10933.124
2024-08-21 08:56:38,SOLUSDT,ask,148,15076.99
2024-08-21 08:56:39,SOLUSDT,ask,147,10865.816
2024-08-21 08:56:44,SOLUSDT,bid,120,21469.633
2024-08-21 08:57:05,SOLUSDT,ask,148,15069.136
2024-08-21 08:57:22,SOLUSDT,bid,125,16917.152
2024-08-21 08:57:37,SOLUSDT,ask,158,19143.374
2024-08-21 08:57:40,SOLUSDT,ask,147,10866.026
2024-08-21 08:57:57,SOLUSDT,bid,125,16918.152
2024-08-21 08:58:03,SOLUSDT,bid,120,21477.996
2024-08-21 08:59:06,SOLUSDT,ask,150,25392.55
2024-08-21 08:59:17,SOLUSDT,ask,147,10865.685
2024-08-21 08:59:19,SOLUSDT,ask,147,10865.341
2024-08-21 08:59:28,SOLUSDT,bid,120,21481.67
2024-08-21 08:59:39,SOLUSDT,ask,185,16625.24
2024-08-21 08:59:47,SOLUSDT,bid,140,13515.924
2024-08-21 08:59:57,SOLUSDT,bid,140,13515.888
2024-08-21 08:59:57,SOLUSDT,ask,150,25392.514
2024-08-21 09:00:15,SOLUSDT,bid,120,21474.67
2024-08-21 09:00:38,SOLUSDT,bid,140,13515.388
2024-08-21 09:00:38,SOLUSDT,bid,100,28537.133
2024-08-21 09:00:49,SOLUSDT,bid,140,13500.552
2024-08-21 09:01:07,SOLUSDT,ask,147,10872.841
2024-08-21 09:01:15,SOLUSDT,ask,155,8913.501
2024-08-21 09:01:20,SOLUSDT,bid,140,13399.694
2024-08-21 09:01:33,SOLUSDT,ask,150,25393.464
2024-08-21 09:01:48,SOLUSDT,bid,140,13398.694
2024-08-21 09:01:52,SOLUSDT,ask,148,15069.542
2024-08-21 09:01:55,SOLUSDT,bid,140,13397.694
2024-08-21 09:01:58,SOLUSDT,bid,140,13346.02
2024-08-21 09:02:18,SOLUSDT,bid,140,13367.448
2024-08-21 09:02:18,SOLUSDT,bid,140,13367.335
2024-08-21 09:02:23,SOLUSDT,ask,147,10872.927
2024-08-21 09:02:24,SOLUSDT,bid,140,13368.749
2024-08-21 09:02:51,SOLUSDT,bid,140,13363.749
2024-08-21 09:02:59,SOLUSDT,bid,111,19836.627
2024-08-21 09:03:23,SOLUSDT,bid,140,13370.749
2024-08-21 09:03:23,SOLUSDT,bid,138,8195.394
2024-08-21 09:03:26,SOLUSDT,bid,90,11861.063
2024-08-21 09:03:32,SOLUSDT,bid,140,13366.75
2024-08-21 09:03:48,SOLUSDT,bid,135,15421.071
2024-08-21 09:03:49,SOLUSDT,bid,110,25546.138
2024-08-21 09:03:49,SOLUSDT,ask,160,24833.635
2024-08-21 09:04:27,SOLUSDT,bid,140,13331.036
2024-08-21 09:04:31,SOLUSDT,bid,120,21477.802
2024-08-21 09:04:51,SOLUSDT,ask,200,44484.105
2024-08-21 09:04:52,SOLUSDT,ask,193,7253.353
2024-08-21 09:04:53,SOLUSDT,bid,111,19840.014
2024-08-21 09:04:58,SOLUSDT,ask,147,10876.838
2024-08-21 09:05:07,SOLUSDT,bid,130,16189.637
2024-08-21 09:05:12,SOLUSDT,ask,152,23026.972
2024-08-21 09:05:16,SOLUSDT,bid,110,25546.184
2024-08-21 09:05:41,SOLUSDT,ask,200,44486.632
2024-08-21 09:06:21,SOLUSDT,ask,150,25378.464
2024-08-21 09:06:28,SOLUSDT,bid,111,19840.113
2024-08-21 09:06:37,SOLUSDT,ask,165,17907.823
2024-08-21 09:06:46,SOLUSDT,bid,135,15422.878
2024-08-21 09:06:55,SOLUSDT,bid,111,19840.014
2024-08-21 09:07:08,SOLUSDT,ask,147,10880.115
2024-08-21 09:07:23,SOLUSDT,ask,152,23030.471
2024-08-21 09:08:06,SOLUSDT,bid,140,13328.009
2024-08-21 09:08:12,SOLUSDT,bid,140,13330.421
2024-08-21 09:08:15,SOLUSDT,ask,150,25379.464
2024-08-21 09:08:24,SOLUSDT,bid,138,7835.3
2024-08-21 09:08:31,SOLUSDT,bid,125,16916.679
2024-08-21 09:08:41,SOLUSDT,bid,140,13332.421
2024-08-21 09:09:17,SOLUSDT,ask,148,15069.114
2024-08-21 09:09:26,SOLUSDT,bid,140,13332.702
2024-08-21 09:09:30,SOLUSDT,bid,138,7833.941
2024-08-21 09:09:32,SOLUSDT,ask,147,10879.688
2024-08-21 09:09:54,SOLUSDT,ask,148,15072.073
2024-08-21 09:09:58,SOLUSDT,bid,140,13332.994
2024-08-21 09:10:44,SOLUSDT,ask,150,25379.19
2024-08-21 09:11:07,SOLUSDT,ask,165,17908.193
2024-08-21 09:11:09,SOLUSDT,ask,150,25379.464
2024-08-21 09:11:42,SOLUSDT,bid,135,15423.204
2024-08-21 09:11:47,SOLUSDT,bid,140,13347.994
2024-08-21 09:11:50,SOLUSDT,bid,138,7833.578
2024-08-21 09:11:53,SOLUSDT,ask,147,10881.686
2024-08-21 09:12:04,SOLUSDT,bid,130,16179.637
2024-08-21 09:12:05,SOLUSDT,bid,80,27142.905
2024-08-21 09:12:11,SOLUSDT,bid,135,15422.878
2024-08-21 09:12:27,SOLUSDT,bid,140,13347.28
2024-08-21 09:12:28,SOLUSDT,bid,138,7838.578
2024-08-21 09:12:36,SOLUSDT,bid,80,27180.417
2024-08-21 09:12:49,SOLUSDT,ask,147,10898.473
2024-08-21 09:12:53,SOLUSDT,ask,147,10857.496
2024-08-21 09:12:55,SOLUSDT,bid,120,21478.219
2024-08-21 09:13:14,SOLUSDT,ask,147,10840.709
2024-08-21 09:13:23,SOLUSDT,ask,148,15073.471
2024-08-21 09:13:34,SOLUSDT,bid,138,7833.578
2024-08-21 09:13:52,SOLUSDT,ask,180,29881.225
2024-08-21 09:14:11,SOLUSDT,bid,138,7830.636
2024-08-21 09:15:19,SOLUSDT,bid,140,13347.518
2024-08-21 09:15:25,SOLUSDT,bid,138,7830.598
2024-08-21 09:15:25,SOLUSDT,bid,135,15422.84
2024-08-21 09:15:25,SOLUSDT,ask,147,10840.671
2024-08-21 09:15:25,SOLUSDT,ask,150,25379.426
2024-08-21 09:15:31,SOLUSDT,ask,148,15120.476
2024-08-21 09:15:38,SOLUSDT,ask,147,10979.003
2024-08-21 09:15:49,SOLUSDT,ask,160,24832.645
2024-08-21 09:16:05,SOLUSDT,bid,140,13347.732
2024-08-21 09:16:16,SOLUSDT,bid,140,13349.732
2024-08-21 09:16:22,SOLUSDT,bid,140,13350.131
2024-08-21 09:16:29,SOLUSDT,bid,140,13349.012
2024-08-21 09:16:39,SOLUSDT,ask,147,10977.843
2024-08-21 09:16:39,SOLUSDT,ask,147,10984.887
2024-08-21 09:16:40,SOLUSDT,bid,130,16198.867
2024-08-21 09:16:47,SOLUSDT,ask,152,23026.996
2024-08-21 09:16:57,SOLUSDT,ask,193,7254.353
2024-08-21 09:17:02,SOLUSDT,bid,138,7833.074
2024-08-21 09:17:04,SOLUSDT,bid,140,13349.069
2024-08-21 09:17:17,SOLUSDT,ask,150,25379.191
2024-08-21 09:17:52,SOLUSDT,ask,148,15119.711
2024-08-21 09:18:13,SOLUSDT,bid,140,13313.355
2024-08-21 09:18:18,SOLUSDT,bid,140,13313.213
2024-08-21 09:18:31,SOLUSDT,bid,138,7868.329
2024-08-21 09:18:34,SOLUSDT,ask,147,10959.887
2024-08-21 09:18:36,SOLUSDT,ask,160,24832.073
2024-08-21 09:18:56,SOLUSDT,ask,155,8913.536
2024-08-21 09:18:56,SOLUSDT,ask,160,24832.038
2024-08-21 09:19:14,SOLUSDT,ask,147,10967.887
2024-08-21 09:19:21,SOLUSDT,bid,140,13314.963
2024-08-21 09:19:27,SOLUSDT,bid,111,19837.914
2024-08-21 09:19:33,SOLUSDT,bid,130,16198.183
2024-08-21 09:19:35,SOLUSDT,bid,138,7866.807
2024-08-21 09:19:35,SOLUSDT,bid,120,21480.261
2024-08-21 09:19:44,SOLUSDT,bid,140,13316.463
2024-08-21 09:19:51,SOLUSDT,ask,148,15118.469
2024-08-21 09:20:24,SOLUSDT,ask,180,29881.137
2024-08-21 09:20:33,SOLUSDT,ask,147,10970.479
2024-08-21 09:21:02,SOLUSDT,bid,138,7863.807
2024-08-21 09:21:26,SOLUSDT,bid,111,19839.805
2024-08-21 09:21:28,SOLUSDT,ask,147,10970.983
2024-08-21 09:22:08,SOLUSDT,ask,152,23015.771
2024-08-21 09:22:22,SOLUSDT,bid,140,13330.463
2024-08-21 09:22:24,SOLUSDT,bid,140,13328.051
2024-08-21 09:22:36,SOLUSDT,ask,156,21429.348
2024-08-21 09:22:44,SOLUSDT,ask,190,23105.684
2024-08-21 09:22:56,SOLUSDT,ask,150,25375.719
2024-08-21 09:23:41,SOLUSDT,ask,150,25374.719
2024-08-21 09:23:44,SOLUSDT,ask,148,15121.941
2024-08-21 09:24:15,SOLUSDT,ask,148,15296.941
2024-08-21 09:24:24,SOLUSDT,bid,135,15432.84
2024-08-21 09:24:39,SOLUSDT,ask,148,15307.556
2024-08-21 09:24:53,SOLUSDT,ask,158,19139.374
2024-08-21 09:25:00,SOLUSDT,bid,140,13326.637
2024-08-21 09:25:04,SOLUSDT,bid,115,20710.934
2024-08-21 09:25:21,SOLUSDT,bid,120,21482.064
2024-08-21 09:25:29,SOLUSDT,ask,148,15309.765
2024-08-21 09:26:02,SOLUSDT,ask,188,11556.695
2024-08-21 09:26:20,SOLUSDT,ask,155,8922.049
2024-08-21 09:26:22,SOLUSDT,bid,130,16197.116
2024-08-21 09:26:22,SOLUSDT,bid,140,13326.744
2024-08-21 09:26:31,SOLUSDT,ask,155,8913.536
2024-08-21 09:26:50,SOLUSDT,ask,147,10967.706
2024-08-21 09:27:03,SOLUSDT,bid,138,7843.807
2024-08-21 09:27:18,SOLUSDT,bid,115,20685.934
2024-08-21 09:27:32,SOLUSDT,ask,148,15310.764
2024-08-21 09:27:33,SOLUSDT,bid,140,13325.513
2024-08-21 09:27:36,SOLUSDT,bid,131,9259.888
2024-08-21 09:27:36,SOLUSDT,ask,147,10967.815
2024-08-21 09:27:42,SOLUSDT,bid,140,13325.013
2024-08-21 09:27:56,SOLUSDT,ask,154,18262.109
2024-08-21 09:28:10,SOLUSDT,ask,148,15311.724
2024-08-21 09:28:15,SOLUSDT,ask,155,8913.496
2024-08-21 09:28:34,SOLUSDT,ask,147,11031.634
2024-08-21 09:28:39,SOLUSDT,ask,148,15318.759
2024-08-21 09:28:49,SOLUSDT,bid,138,7877.034
2024-08-21 09:28:52,SOLUSDT,bid,100,28535.133
2024-08-21 09:29:10,SOLUSDT,ask,160,24832.076
2024-08-21 09:29:11,SOLUSDT,ask,155,8913.534
2024-08-21 09:29:12,SOLUSDT,ask,155,8913.436
2024-08-21 09:29:14,SOLUSDT,ask,150,25374.757
2024-08-21 09:29:17,SOLUSDT,bid,140,13325.051
2024-08-21 09:29:19,SOLUSDT,bid,135,15432.878
2024-08-21 09:29:27,SOLUSDT,ask,147,11032.634
2024-08-21 09:29:47,SOLUSDT,bid,140,13329.336
2024-08-21 09:29:55,SOLUSDT,ask,148,15318.847
2024-08-21 09:29:58,SOLUSDT,ask,152,23008.847
2024-08-21 09:30:00,SOLUSDT,bid,138,7862.144
2024-08-21 09:30:01,SOLUSDT,bid,140,13330.336
2024-08-21 09:30:03,SOLUSDT,bid,135,15432.924
2024-08-21 09:30:03,SOLUSDT,bid,111,19837.914
2024-08-21 09:30:12,SOLUSDT,bid,138,7863.144
2024-08-21 09:30:23,SOLUSDT,bid,111,19840.354
2024-08-21 09:30:51,SOLUSDT,bid,135,15440.331
2024-08-21 09:30:53,SOLUSDT,ask,148,15322.309
2024-08-21 09:30:54,SOLUSDT,ask,150,25374.907
2024-08-21 09:30:56,SOLUSDT,ask,400,4716.119
2024-08-21 09:30:58,SOLUSDT,bid,138,7864.144
2024-08-21 09:31:02,SOLUSDT,ask,150,25375.807
2024-08-21 09:31:10,SOLUSDT,bid,135,15442.331
2024-08-21 09:31:12,SOLUSDT,ask,170,13424.209
2024-08-21 09:31:14,SOLUSDT,bid,140,13331.346
2024-08-21 09:31:17,SOLUSDT,bid,140,13331.846
2024-08-21 09:31:33,SOLUSDT,bid,140,13331.758
2024-08-21 09:31:34,SOLUSDT,bid,130,16199.116
2024-08-21 09:31:36,SOLUSDT,bid,120,21482.646
2024-08-21 09:31:36,SOLUSDT,ask,152,23008.411
2024-08-21 09:31:43,SOLUSDT,bid,140,13330.757
2024-08-21 09:31:45,SOLUSDT,ask,150,25376.744
2024-08-21 09:31:53,SOLUSDT,bid,138,7878.615
2024-08-21 09:32:08,SOLUSDT,bid,115,20688.436
2024-08-21 09:32:13,SOLUSDT,bid,115,20685.934
2024-08-21 09:32:46,SOLUSDT,bid,140,13330.257
2024-08-21 09:32:50,SOLUSDT,ask,148,15357.359
2024-08-21 09:33:01,SOLUSDT,bid,140,13327.351
2024-08-21 09:33:14,SOLUSDT,ask,148,15391.505
2024-08-21 09:33:28,SOLUSDT,bid,135,15446.29
2024-08-21 09:33:30,SOLUSDT,bid,130,16191.916
2024-08-21 09:33:43,SOLUSDT,ask,148,15393.439
2024-08-21 09:34:27,SOLUSDT,bid,140,13327.721
2024-08-21 09:35:06,SOLUSDT,bid,140,13026.832
2024-08-21 09:35:11,SOLUSDT,bid,125,16912.121
2024-08-21 09:35:13,SOLUSDT,bid,100,28534.133
2024-08-21 09:35:23,SOLUSDT,bid,140,13027.048
2024-08-21 09:35:55,SOLUSDT,ask,150,25377.744
2024-08-21 09:36:01,SOLUSDT,ask,160,24833.076
2024-08-21 09:36:14,SOLUSDT,ask,150,25382.062
2024-08-21 09:36:17,SOLUSDT,bid,120,21482.23
2024-08-21 09:36:34,SOLUSDT,bid,140,13028.386
2024-08-21 09:36:42,SOLUSDT,bid,120,21479.73
2024-08-21 09:36:47,SOLUSDT,bid,138,7871.321
2024-08-21 09:36:51,SOLUSDT,bid,140,13027.386
2024-08-21 09:37:00,SOLUSDT,bid,131,9259.415
2024-08-21 09:37:11,SOLUSDT,bid,138,7838.094
2024-08-21 09:37:17,SOLUSDT,bid,130,16195.762
2024-08-21 09:37:34,SOLUSDT,ask,150,25379.903
2024-08-21 09:37:36,SOLUSDT,ask,155,8910.936
2024-08-21 09:37:37,SOLUSDT,bid,135,15451.845
2024-08-21 09:37:44,SOLUSDT,bid,110,25544.556
2024-08-21 09:37:49,SOLUSDT,bid,120,21478.897
2024-08-21 09:38:05,SOLUSDT,ask,152,23008.847
2024-08-21 09:38:22,SOLUSDT,bid,140,13028.398
2024-08-21 09:38:31,SOLUSDT,ask,147,11032.742
2024-08-21 09:38:32,SOLUSDT,bid,140,13028.443
2024-08-21 09:38:37,SOLUSDT,bid,140,13029.443
2024-08-21 09:38:38,SOLUSDT,bid,140,13027.443
2024-08-21 09:38:38,SOLUSDT,bid,138,7833.094
2024-08-21 09:38:48,SOLUSDT,ask,156,21421.348
2024-08-21 09:38:49,SOLUSDT,ask,147,11022.742
2024-08-21 09:38:49,SOLUSDT,bid,140,13031.014
2024-08-21 09:38:50,SOLUSDT,bid,140,13030.978
2024-08-21 09:38:50,SOLUSDT,ask,150,25379.867
2024-08-21 09:38:51,SOLUSDT,bid,115,20688.452
2024-08-21 09:38:51,SOLUSDT,bid,115,20685.934
2024-08-21 09:39:10,SOLUSDT,ask,148,15403.439
2024-08-21 09:39:11,SOLUSDT,bid,140,13034.989
2024-08-21 09:39:24,SOLUSDT,bid,125,16912.051
2024-08-21 09:39:32,SOLUSDT,bid,130,16195.378
2024-08-21 09:39:32,SOLUSDT,ask,152,23007.861
2024-08-21 09:39:32,SOLUSDT,ask,154,18261.135
2024-08-21 09:39:32,SOLUSDT,ask,156,21420.244
2024-08-21 09:39:32,SOLUSDT,ask,158,19138.27
2024-08-21 09:39:36,SOLUSDT,ask,160,24837.989
2024-08-21 09:39:56,SOLUSDT,ask,148,15396.404
2024-08-21 09:40:08,SOLUSDT,ask,147,11021.778
2024-08-21 09:40:11,SOLUSDT,ask,152,23014.947
2024-08-21 09:40:13,SOLUSDT,bid,115,20682.894
2024-08-21 09:41:07,SOLUSDT,bid,138,7834.094
2024-08-21 09:41:09,SOLUSDT,bid,130,15832.218
2024-08-21 09:41:26,SOLUSDT,ask,148,15392.721
2024-08-21 09:41:37,SOLUSDT,ask,148,15393.721
2024-08-21 09:41:59,SOLUSDT,ask,150,25382.567
2024-08-21 09:42:12,SOLUSDT,bid,140,13027.989
2024-08-21 09:42:28,SOLUSDT,ask,150,25388.676
2024-08-21 09:42:31,SOLUSDT,bid,138,8047.517
2024-08-21 09:42:32,SOLUSDT,bid,140,13028.097
2024-08-21 09:43:11,SOLUSDT,ask,165,17835.389
2024-08-21 09:43:12,SOLUSDT,ask,147,11025.279
2024-08-21 09:43:16,SOLUSDT,ask,147,11025.507
2024-08-21 09:43:32,SOLUSDT,ask,148,15391.966
2024-08-21 09:43:44,SOLUSDT,ask,170,13424.036
2024-08-21 09:43:47,SOLUSDT,ask,163,20534.989
2024-08-21 09:43:55,SOLUSDT,bid,120,21478.854
2024-08-21 09:43:55,SOLUSDT,ask,170,13423.993
2024-08-21 09:43:55,SOLUSDT,bid,130,15832.602
2024-08-21 09:44:17,SOLUSDT,bid,138,8028.553
2024-08-21 09:44:25,SOLUSDT,bid,115,20885.894
2024-08-21 09:44:31,SOLUSDT,ask,160,24837.939
2024-08-21 09:44:31,SOLUSDT,bid,110,25544.506
2024-08-21 09:44:37,SOLUSDT,bid,90,11858.221
2024-08-21 09:44:42,SOLUSDT,ask,154,18262.109
2024-08-21 09:44:46,SOLUSDT,bid,110,25546.506
2024-08-21 09:44:47,SOLUSDT,ask,156,21421.205
2024-08-21 09:44:56,SOLUSDT,ask,158,19139.219
2024-08-21 09:45:00,SOLUSDT,bid,140,13028.624
2024-08-21 09:45:05,SOLUSDT,ask,160,24838.876
2024-08-21 09:45:37,SOLUSDT,bid,110,25411.32
2024-08-21 09:45:48,SOLUSDT,ask,147,11027.507
2024-08-21 09:45:57,SOLUSDT,bid,140,13042.909
2024-08-21 09:46:05,SOLUSDT,ask,163,20538.989
2024-08-21 09:46:24,SOLUSDT,ask,147,11026.507
2024-08-21 09:47:01,SOLUSDT,bid,125,16912.001
2024-08-21 09:47:09,SOLUSDT,ask,147,11000.731
2024-08-21 09:47:19,SOLUSDT,ask,148,15356.916
2024-08-21 09:47:20,SOLUSDT,ask,148,15358.416
2024-08-21 09:47:27,SOLUSDT,ask,160,24838.975
2024-08-21 09:47:28,SOLUSDT,ask,150,25401.813
2024-08-21 09:47:36,SOLUSDT,ask,148,15393.466
2024-08-21 09:48:21,SOLUSDT,bid,111,19835.259
2024-08-21 09:48:29,SOLUSDT,bid,125,16929.327
2024-08-21 09:48:31,SOLUSDT,ask,190,23106.684
2024-08-21 09:48:54,SOLUSDT,bid,140,13042.443
2024-08-21 09:48:54,SOLUSDT,ask,150,25401.347
2024-08-21 09:48:59,SOLUSDT,bid,115,20835.221
2024-08-21 09:49:04,SOLUSDT,bid,130,15833.258
2024-08-21 09:49:12,SOLUSDT,bid,130,15878.084
2024-08-21 09:49:23,SOLUSDT,bid,100,28534.193
2024-08-21 09:49:27,SOLUSDT,bid,120,21477.854
2024-08-21 09:49:36,SOLUSDT,bid,138,8027.553
2024-08-21 09:50:09,SOLUSDT,bid,100,28534.133
2024-08-21 09:50:20,SOLUSDT,ask,150,25393.786
2024-08-21 09:50:26,SOLUSDT,ask,148,15466.848
2024-08-21 09:50:29,SOLUSDT,ask,150,25389.168
2024-08-21 09:50:33,SOLUSDT,ask,148,15498.852
2024-08-21 09:50:39,SOLUSDT,bid,100,28534.203
2024-08-21 09:51:11,SOLUSDT,bid,140,13042.07
2024-08-21 09:51:51,SOLUSDT,bid,140,13043.859
2024-08-21 09:52:37,SOLUSDT,ask,147,11002.325
2024-08-21 09:52:41,SOLUSDT,ask,205,10154.43
2024-08-21 09:52:41,SOLUSDT,ask,250,18536.3
2024-08-21 09:52:43,SOLUSDT,ask,220,12360.357
2024-08-21 09:52:43,SOLUSDT,bid,135,15451.749
2024-08-21 09:52:58,SOLUSDT,bid,138,8024.081
2024-08-21 09:53:08,SOLUSDT,ask,148,15498.252
2024-08-21 09:53:12,SOLUSDT,bid,140,13042.304
2024-08-21 09:53:14,SOLUSDT,ask,150,25388.476
2024-08-21 09:53:15,SOLUSDT,bid,140,13052.304
2024-08-21 09:53:16,SOLUSDT,bid,140,13001.059
2024-08-21 09:53:20,SOLUSDT,bid,120,21478.006
2024-08-21 09:53:25,SOLUSDT,ask,147,11003.017
2024-08-21 09:53:31,SOLUSDT,bid,130,15878.854
2024-08-21 09:53:56,SOLUSDT,ask,148,15505.884
2024-08-21 09:53:57,SOLUSDT,bid,138,8016.551
2024-08-21 09:54:01,SOLUSDT,bid,100,28534.273
2024-08-21 09:54:03,SOLUSDT,bid,125,16930.327
2024-08-21 09:54:26,SOLUSDT,ask,155,8900.936
2024-08-21 09:54:32,SOLUSDT,bid,100,28534.383
2024-08-21 09:54:44,SOLUSDT,ask,150,25388.579
2024-08-21 09:54:54,SOLUSDT,ask,150,25364.25
2024-08-21 09:55:02,SOLUSDT,ask,150,25364.542
2024-08-21 09:55:09,SOLUSDT,bid,90,11858.009
2024-08-21 09:55:09,SOLUSDT,ask,260,7203.035
2024-08-21 09:55:41,SOLUSDT,ask,150,25354.542
2024-08-21 09:55:52,SOLUSDT,ask,150,25364.542
2024-08-21 09:55:54,SOLUSDT,bid,100,28534.273
2024-08-21 09:55:54,SOLUSDT,ask,147,11002.923
2024-08-21 09:55:55,SOLUSDT,bid,115,20832.134
2024-08-21 09:56:11,SOLUSDT,bid,135,15451.009
2024-08-21 09:56:11,SOLUSDT,bid,135,15449.009
2024-08-21 09:56:15,SOLUSDT,bid,140,13001.773
2024-08-21 09:56:16,SOLUSDT,ask,200,44465.933
2024-08-21 09:56:17,SOLUSDT,bid,138,8015.551
2024-08-21 09:56:31,SOLUSDT,bid,130,15878.085
2024-08-21 09:56:50,SOLUSDT,ask,152,23011.32
2024-08-21 09:56:57,SOLUSDT,ask,155,8778.356
2024-08-21 09:56:59,SOLUSDT,ask,300,11598.986
2024-08-21 09:57:09,SOLUSDT,bid,140,13001.059
2024-08-21 09:57:19,SOLUSDT,ask,200,44465.983
2024-08-21 09:57:36,SOLUSDT,ask,180,29880.937
2024-08-21 09:57:38,SOLUSDT,ask,148,15502.452
2024-08-21 09:57:50,SOLUSDT,bid,138,8016.551
2024-08-21 09:58:01,SOLUSDT,ask,147,11006.355
2024-08-21 09:58:10,SOLUSDT,ask,161,14562.438
2024-08-21 09:58:16,SOLUSDT,ask,200,44466.013
2024-08-21 09:58:27,SOLUSDT,ask,148,15508.659
2024-08-21 09:58:36,SOLUSDT,ask,200,44466.043
2024-08-21 09:58:43,SOLUSDT,bid,140,13001.201
2024-08-21 09:58:53,SOLUSDT,bid,135,15445.487
2024-08-21 09:59:03,SOLUSDT,bid,140,13001.059
2024-08-21 09:59:07,SOLUSDT,bid,138,8019.996
2024-08-21 09:59:15,SOLUSDT,bid,96,11930.228
2024-08-21 09:59:27,SOLUSDT,ask,200,44466.078
2024-08-21 09:59:34,SOLUSDT,ask,148,15480.767
2024-08-21 09:59:53,SOLUSDT,bid,140,13036.774
2024-08-21 10:00:08,SOLUSDT,bid,120,21477.854
2024-08-21 10:00:08,SOLUSDT,bid,135,15445.191
2024-08-21 10:00:31,SOLUSDT,ask,147,11008.266
2024-08-21 10:00:32,SOLUSDT,bid,138,8012.75
2024-08-21 10:01:02,SOLUSDT,bid,138,7873.013
2024-08-21 10:01:42,SOLUSDT,ask,200,44673.648
2024-08-21 10:01:51,SOLUSDT,bid,130,15876.085
2024-08-21 10:02:08,SOLUSDT,ask,148,15585.832
2024-08-21 10:02:10,SOLUSDT,bid,120,21478.354
2024-08-21 10:02:16,SOLUSDT,bid,110,25410.32
2024-08-21 10:02:20,SOLUSDT,bid,111,19834.259
2024-08-21 10:02:27,SOLUSDT,bid,130,15848.348
2024-08-21 10:02:31,SOLUSDT,ask,148,15579.625
2024-08-21 10:02:50,SOLUSDT,ask,147,12009.266
2024-08-21 10:02:56,SOLUSDT,ask,147,12059.217
2024-08-21 10:02:57,SOLUSDT,bid,135,15445.153
2024-08-21 10:02:57,SOLUSDT,bid,140,13036.736
2024-08-21 10:02:57,SOLUSDT,ask,150,25364.504
2024-08-21 10:02:57,SOLUSDT,ask,155,8778.318
2024-08-21 10:02:57,SOLUSDT,ask,160,24838.937
2024-08-21 10:03:05,SOLUSDT,bid,80,27180.282
2024-08-21 10:03:05,SOLUSDT,ask,200,44673.513
2024-08-21 10:03:05,SOLUSDT,bid,90,11857.874
2024-08-21 10:03:05,SOLUSDT,ask,148,15579.49
2024-08-21 10:03:07,SOLUSDT,ask,151,20616.461
2024-08-21 10:03:43,SOLUSDT,ask,151,20621.343
2024-08-21 10:03:45,SOLUSDT,ask,148,15580.329
2024-08-21 10:03:52,SOLUSDT,bid,100,28534.133
2024-08-21 10:03:52,SOLUSDT,ask,200,44673.368
2024-08-21 10:03:59,SOLUSDT,ask,175,8015.471
2024-08-21 10:04:06,SOLUSDT,bid,135,15445.191
2024-08-21 10:04:13,SOLUSDT,bid,140,13043.736
2024-08-21 10:04:14,SOLUSDT,bid,120,21476.354
2024-08-21 10:04:27,SOLUSDT,ask,148,15579.329
2024-08-21 10:04:43,SOLUSDT,ask,147,12057.717
2024-08-21 10:05:39,SOLUSDT,bid,135,15443.191
2024-08-21 10:05:42,SOLUSDT,ask,150,25304.562
2024-08-21 10:06:25,SOLUSDT,bid,138,7872.88
2024-08-21 10:06:34,SOLUSDT,ask,148,15582.671
2024-08-21 10:07:14,SOLUSDT,bid,115,20648.908
2024-08-21 10:07:32,SOLUSDT,bid,120,21477.02
2024-08-21 10:07:33,SOLUSDT,bid,115,20740.212
2024-08-21 10:08:12,SOLUSDT,ask,150,25303.866
2024-08-21 10:08:17,SOLUSDT,bid,140,13038.487
2024-08-21 10:08:26,SOLUSDT,ask,147,12058.413
2024-08-21 10:08:35,SOLUSDT,bid,140,13045.931
2024-08-21 10:08:58,SOLUSDT,bid,140,13046.027
2024-08-21 10:09:20,SOLUSDT,ask,148,15582.825
2024-08-21 10:09:23,SOLUSDT,bid,140,13047.6
2024-08-21 10:09:32,SOLUSDT,bid,135,15442.969
2024-08-21 10:10:07,SOLUSDT,bid,140,13040.156
2024-08-21 10:10:12,SOLUSDT,bid,140,13040.192
2024-08-21 10:10:14,SOLUSDT,ask,148,15410.361
2024-08-21 10:10:19,SOLUSDT,bid,135,15442.819
2024-08-21 10:10:20,SOLUSDT,ask,148,15582.825
2024-08-21 10:10:23,SOLUSDT,ask,147,12052.159
2024-08-21 10:10:38,SOLUSDT,bid,130,15840.656
2024-08-21 10:10:42,SOLUSDT,ask,147,12056.985
2024-08-21 10:10:43,SOLUSDT,ask,147,12057.984
2024-08-21 10:10:58,SOLUSDT,ask,147,12056.985
2024-08-21 10:11:19,SOLUSDT,ask,147,12057.984
2024-08-21 10:11:22,SOLUSDT,bid,120,21476.354
2024-08-21 10:11:30,SOLUSDT,ask,148,15610.395
2024-08-21 10:11:40,SOLUSDT,ask,150,25303.916
2024-08-21 10:11:44,SOLUSDT,bid,138,7872.937
2024-08-21 10:11:53,SOLUSDT,ask,147,12285.699
2024-08-21 10:11:57,SOLUSDT,bid,138,7871.937
2024-08-21 10:12:26,SOLUSDT,ask,148,15614.765
2024-08-21 10:12:32,SOLUSDT,bid,140,13041.192
2024-08-21 10:13:15,SOLUSDT,bid,110,25409.653
2024-08-21 10:13:20,SOLUSDT,bid,130,15841.657
2024-08-21 10:13:20,SOLUSDT,ask,150,25303.717
2024-08-21 10:13:20,SOLUSDT,bid,135,15442.598
2024-08-21 10:13:23,SOLUSDT,ask,190,23103.951
2024-08-21 10:13:35,SOLUSDT,ask,148,15615.377
2024-08-21 10:13:56,SOLUSDT,bid,140,13037.085
2024-08-21 10:14:16,SOLUSDT,ask,200,44465.798
2024-08-21 10:14:17,SOLUSDT,bid,96,11940.644
2024-08-21 10:14:32,SOLUSDT,ask,150,25298.033
2024-08-21 10:14:39,SOLUSDT,bid,140,13058.513
2024-08-21 10:14:44,SOLUSDT,bid,110,25409.744
2024-08-21 10:14:52,SOLUSDT,ask,150,25299.045
2024-08-21 10:14:58,SOLUSDT,ask,148,15621.061
2024-08-21 10:15:02,SOLUSDT,ask,150,25298.033
2024-08-21 10:15:07,SOLUSDT,bid,140,13059.941
2024-08-21 10:15:16,SOLUSDT,bid,135,15449.024
2024-08-21 10:15:33,SOLUSDT,bid,120,21476.812
2024-08-21 10:15:54,SOLUSDT,bid,140,13058.513
2024-08-21 10:16:02,SOLUSDT,bid,140,13059.941
2024-08-21 10:16:11,SOLUSDT,ask,500,5882.558
2024-08-21 10:16:12,SOLUSDT,bid,130,15843.195
2024-08-21 10:16:19,SOLUSDT,bid,120,21478.478
2024-08-21 10:16:27,SOLUSDT,bid,110,25411.562
2024-08-21 10:16:35,SOLUSDT,bid,100,28536.133
2024-08-21 10:16:45,SOLUSDT,bid,96,11930.228
2024-08-21 10:16:45,SOLUSDT,bid,90,11846.763
2024-08-21 10:17:02,SOLUSDT,ask,150,25296.963
2024-08-21 10:17:45,SOLUSDT,ask,150,25298.033
2024-08-21 10:17:48,SOLUSDT,bid,140,13057.524
2024-08-21 10:17:59,SOLUSDT,ask,180,29879.347
2024-08-21 10:18:08,SOLUSDT,ask,148,15619.71
2024-08-21 10:18:17,SOLUSDT,ask,147,12289.548
2024-08-21 10:18:36,SOLUSDT,bid,135,15450.564
2024-08-21 10:18:40,SOLUSDT,bid,138,7872.081
2024-08-21 10:18:42,SOLUSDT,ask,147,12285.699
2024-08-21 10:18:54,SOLUSDT,ask,148,15623.559
2024-08-21 10:18:56,SOLUSDT,ask,147,12319.005
2024-08-21 10:19:05,SOLUSDT,bid,140,13057.595
2024-08-21 10:19:19,SOLUSDT,bid,120,21391.575
2024-08-21 10:19:38,SOLUSDT,bid,135,15450.711
2024-08-21 10:20:19,SOLUSDT,bid,130,15887.314
2024-08-21 10:20:34,SOLUSDT,bid,115,20742.709
2024-08-21 10:20:42,SOLUSDT,ask,148,15638.559
2024-08-21 10:20:43,SOLUSDT,ask,147,12319.04
2024-08-21 10:20:52,SOLUSDT,bid,131,9258.915
2024-08-21 10:20:55,SOLUSDT,bid,130,15886.814
2024-08-21 10:20:55,SOLUSDT,ask,147,12319.72
2024-08-21 10:20:58,SOLUSDT,bid,115,20740.212
2024-08-21 10:21:00,SOLUSDT,ask,148,15649.535
2024-08-21 10:21:20,SOLUSDT,ask,180,29869.357
2024-08-21 10:21:38,SOLUSDT,bid,90,11841.763
2024-08-21 10:21:38,SOLUSDT,bid,131,9255.091
2024-08-21 10:21:44,SOLUSDT,bid,130,15882.961
2024-08-21 10:22:08,SOLUSDT,ask,175,8014.962
2024-08-21 10:22:21,SOLUSDT,ask,148,15652.259
2024-08-21 10:22:29,SOLUSDT,bid,138,7875.081
2024-08-21 10:22:31,SOLUSDT,bid,110,25457.016
2024-08-21 10:22:48,SOLUSDT,ask,148,15654.374
2024-08-21 10:22:48,SOLUSDT,bid,80,27205.282
2024-08-21 10:22:57,SOLUSDT,ask,150,25298.586
2024-08-21 10:23:20,SOLUSDT,bid,125,16929.327
2024-08-21 10:23:23,SOLUSDT,bid,135,15449.711
2024-08-21 10:23:23,SOLUSDT,bid,140,13058.13
2024-08-21 10:23:36,SOLUSDT,bid,135,15464.334
2024-08-21 10:23:45,SOLUSDT,ask,147,12319.97
2024-08-21 10:24:08,SOLUSDT,ask,165,17835.994
2024-08-21 10:24:28,SOLUSDT,bid,140,13058.166
2024-08-21 10:24:41,SOLUSDT,ask,165,17805.879
2024-08-21 10:25:00,SOLUSDT,ask,147,12304.57
2024-08-21 10:25:11,SOLUSDT,bid,140,13053.166
2024-08-21 10:25:35,SOLUSDT,bid,130,15887.543
2024-08-21 10:26:12,SOLUSDT,ask,147,12303.875
2024-08-21 10:26:23,SOLUSDT,ask,150,25298.653
2024-08-21 10:26:26,SOLUSDT,bid,138,7808.51
2024-08-21 10:26:55,SOLUSDT,bid,135,15467.296
2024-08-21 10:27:20,SOLUSDT,bid,140,13053.309
2024-08-21 10:27:30,SOLUSDT,bid,140,13053.166
2024-08-21 10:27:41,SOLUSDT,bid,115,20742.702
2024-08-21 10:27:43,SOLUSDT,bid,115,20740.212
2024-08-21 10:27:44,SOLUSDT,ask,148,15655.373
2024-08-21 10:27:47,SOLUSDT,ask,150,25247.684
2024-08-21 10:27:47,SOLUSDT,ask,155,8752.833
2024-08-21 10:27:47,SOLUSDT,ask,160,24813.452
2024-08-21 10:28:14,SOLUSDT,ask,163,20538.718
2024-08-21 10:28:17,SOLUSDT,bid,140,13049.595
2024-08-21 10:28:19,SOLUSDT,ask,188,11555.845
2024-08-21 10:28:25,SOLUSDT,ask,175,8015.812
2024-08-21 10:28:35,SOLUSDT,ask,148,15676.378
2024-08-21 10:28:35,SOLUSDT,ask,188,11554.845
2024-08-21 10:28:45,SOLUSDT,ask,148,15673.419
2024-08-21 10:29:39,SOLUSDT,bid,135,15472.307
2024-08-21 10:30:05,SOLUSDT,ask,180,29868.709
2024-08-21 10:30:12,SOLUSDT,bid,140,13049.452
2024-08-21 10:30:19,SOLUSDT,ask,148,15672.42
2024-08-21 10:30:39,SOLUSDT,ask,155,8748.753
2024-08-21 10:30:40,SOLUSDT,bid,110,25453.506
2024-08-21 10:30:40,SOLUSDT,ask,148,15673.42
2024-08-21 10:31:00,SOLUSDT,ask,160,24825.952
2024-08-21 10:31:24,SOLUSDT,bid,140,13049.809
2024-08-21 10:32:04,SOLUSDT,bid,140,13049.95
2024-08-21 10:32:35,SOLUSDT,bid,138,7798.51
2024-08-21 10:32:43,SOLUSDT,ask,150,25241.865
2024-08-21 10:32:47,SOLUSDT,bid,140,13052.964
2024-08-21 10:32:48,SOLUSDT,ask,148,15674.822
2024-08-21 10:33:06,SOLUSDT,bid,111,19825.259
2024-08-21 10:33:09,SOLUSDT,ask,150,25242.086
2024-08-21 10:33:15,SOLUSDT,bid,135,15472.528
2024-08-21 10:34:09,SOLUSDT,ask,147,12307.871
2024-08-21 10:34:09,SOLUSDT,ask,148,15670.826
2024-08-21 10:34:21,SOLUSDT,bid,135,15471.63
2024-08-21 10:34:26,SOLUSDT,ask,148,15674.628
2024-08-21 10:34:34,SOLUSDT,bid,140,13051.536
2024-08-21 10:34:42,SOLUSDT,bid,140,13047.496
2024-08-21 10:34:48,SOLUSDT,bid,135,15473.111
2024-08-21 10:34:50,SOLUSDT,bid,140,13045.476
2024-08-21 10:35:03,SOLUSDT,ask,152,23011.418
2024-08-21 10:35:10,SOLUSDT,bid,110,25453.641
2024-08-21 10:36:12,SOLUSDT,bid,140,13046.476
2024-08-21 10:36:15,SOLUSDT,ask,147,12308.566
2024-08-21 10:36:20,SOLUSDT,bid,140,13056.476
