2024-08-20 07:00:00,SOLUSDT,bid,125,13471.513
2024-08-20 07:00:04,SOLUSDT,bid,120,22868.766
2024-08-20 07:00:08,SOLUSDT,ask,155,11394.742
2024-08-20 07:00:27,SOLUSDT,ask,151,24617.887
2024-08-20 07:00:35,SOLUSDT,bid,115,20888.419
2024-08-20 07:00:40,SOLUSDT,ask,151,24618.702
2024-08-20 07:00:55,SOLUSDT,bid,115,20888.419
2024-08-20 07:01:15,SOLUSDT,bid,115,20888.419
2024-08-20 07:01:58,SOLUSDT,bid,135,15430.661
2024-08-20 07:01:58,SOLUSDT,bid,131,9719.971
2024-08-20 07:01:58,SOLUSDT,bid,130,15851.67
2024-08-20 07:01:58,SOLUSDT,bid,125,13471.337
2024-08-20 07:01:58,SOLUSDT,bid,120,22868.582
2024-08-20 07:01:58,SOLUSDT,bid,115,20888.227
2024-08-20 07:01:58,SOLUSDT,bid,110,29579.617
2024-08-20 07:01:58,SOLUSDT,ask,147,8825.898
2024-08-20 07:01:58,SOLUSDT,ask,148,10002.935
2024-08-20 07:01:58,SOLUSDT,ask,150,29805.354
2024-08-20 07:01:58,SOLUSDT,bid,111,14298.338
2024-08-20 07:02:00,SOLUSDT,ask,147,8818.787
2024-08-20 07:02:19,SOLUSDT,bid,125,13473.337
2024-08-20 07:02:20,SOLUSDT,ask,148,10012.935
2024-08-20 07:02:37,SOLUSDT,bid,115,20888.227
2024-08-20 07:02:42,SOLUSDT,ask,144,9705.856
2024-08-20 07:02:42,SOLUSDT,ask,144,9706.252
2024-08-20 07:02:43,SOLUSDT,ask,144,9705.856
2024-08-20 07:02:44,SOLUSDT,ask,144,9827.164
2024-08-20 07:02:44,SOLUSDT,ask,144,9799.366
2024-08-20 07:02:44,SOLUSDT,ask,144,9799.537
2024-08-20 07:02:44,SOLUSDT,ask,144,9791.227
2024-08-20 07:02:44,SOLUSDT,ask,144,9939.849
2024-08-20 07:02:45,SOLUSDT,ask,144,9938.113
2024-08-20 07:02:45,SOLUSDT,ask,144,9754.835
2024-08-20 07:02:53,SOLUSDT,ask,148,10011.801
2024-08-20 07:02:57,SOLUSDT,bid,115,20888.227
2024-08-20 07:03:17,SOLUSDT,bid,115,20888.227
2024-08-20 07:03:19,SOLUSDT,ask,148,9995.313
2024-08-20 07:03:31,SOLUSDT,bid,111,14386.539
2024-08-20 07:03:38,SOLUSDT,bid,115,20883.88
2024-08-20 07:03:54,SOLUSDT,bid,135,15435.661
2024-08-20 07:04:43,SOLUSDT,bid,115,20883.88
2024-08-20 07:05:03,SOLUSDT,bid,115,20883.88
2024-08-20 07:05:04,SOLUSDT,bid,135,15436.72
2024-08-20 07:05:09,SOLUSDT,ask,148,9995.524
2024-08-20 07:05:09,SOLUSDT,ask,150,29805.562
2024-08-20 07:05:09,SOLUSDT,ask,147,8818.999
2024-08-20 07:05:11,SOLUSDT,bid,135,15436.951
2024-08-20 07:05:12,SOLUSDT,bid,131,9720.209
2024-08-20 07:05:12,SOLUSDT,bid,130,15851.91
2024-08-20 07:05:23,SOLUSDT,bid,115,20883.88
2024-08-20 07:05:24,SOLUSDT,bid,110,29578.454
2024-08-20 07:05:24,SOLUSDT,ask,160,26236.965
2024-08-20 07:05:24,SOLUSDT,ask,180,22405.459
2024-08-20 07:05:24,SOLUSDT,bid,130,15850.926
2024-08-20 07:05:24,SOLUSDT,bid,120,22867.516
2024-08-20 07:05:24,SOLUSDT,bid,100,34714.412
2024-08-20 07:05:24,SOLUSDT,ask,150,29804.709
2024-08-20 07:05:24,SOLUSDT,ask,170,13855.578
2024-08-20 07:06:08,SOLUSDT,bid,80,27302.075
2024-08-20 07:06:20,SOLUSDT,bid,111,14375.145
2024-08-20 07:06:38,SOLUSDT,bid,110,29577.545
2024-08-20 07:06:48,SOLUSDT,bid,115,20883.88
2024-08-20 07:06:50,SOLUSDT,bid,110,29579.817
2024-08-20 07:06:53,SOLUSDT,ask,200,43632.063
2024-08-20 07:06:55,SOLUSDT,ask,150,29803.212
2024-08-20 07:07:08,SOLUSDT,bid,115,20883.88
2024-08-20 07:07:08,SOLUSDT,ask,150,29811.915
2024-08-20 07:07:08,SOLUSDT,ask,150,29822.372
2024-08-20 07:07:09,SOLUSDT,ask,147,8826.954
2024-08-20 07:07:20,SOLUSDT,ask,160,26242.374
2024-08-20 07:07:21,SOLUSDT,ask,147,8820.632
2024-08-20 07:07:28,SOLUSDT,bid,115,20883.88
2024-08-20 07:08:00,SOLUSDT,ask,147,8825.423
2024-08-20 07:08:22,SOLUSDT,bid,135,15437.013
2024-08-20 07:08:24,SOLUSDT,bid,135,15433.013
2024-08-20 07:08:24,SOLUSDT,ask,170,13866.167
2024-08-20 07:09:30,SOLUSDT,ask,170,13869.892
2024-08-20 07:09:58,SOLUSDT,ask,500,6317.61
2024-08-20 07:10:06,SOLUSDT,ask,150,29793.21
2024-08-20 07:11:10,SOLUSDT,bid,135,15426.521
2024-08-20 07:11:27,SOLUSDT,bid,80,27303.325
2024-08-20 07:11:34,SOLUSDT,ask,170,13864.902
