2024-08-16 07:00:00,SOLUSDT,bid,120,24301.25
2024-08-16 07:00:07,SOLUSDT,ask,185,17413.44
2024-08-16 07:00:13,SOLUSDT,ask,152,16471.897
2024-08-16 07:00:13,SOLUSDT,ask,155,8701.754
2024-08-16 07:00:15,SOLUSDT,bid,121,8524.331
2024-08-16 07:00:19,SOLUSDT,bid,130,17933.919
2024-08-16 07:00:20,SOLUSDT,bid,135,26764.028
2024-08-16 07:00:25,SOLUSDT,ask,200,44723.52
2024-08-16 07:00:28,SOLUSDT,bid,120,24300.25
2024-08-16 07:00:34,SOLUSDT,bid,138,28103.643
2024-08-16 07:00:48,SOLUSDT,bid,120,24299.25
2024-08-16 07:00:48,SOLUSDT,bid,135,26765.028
2024-08-16 07:00:49,SOLUSDT,ask,220,12046.45
2024-08-16 07:00:52,SOLUSDT,ask,152,16451.917
2024-08-16 07:01:02,SOLUSDT,bid,121,8521.987
2024-08-16 07:01:05,SOLUSDT,ask,150,11551.253
2024-08-16 07:01:15,SOLUSDT,ask,152,16481.887
2024-08-16 07:01:23,SOLUSDT,bid,125,18847.558
2024-08-16 07:01:34,SOLUSDT,bid,135,26762.71
2024-08-16 07:01:37,SOLUSDT,bid,130,17936.702
2024-08-16 07:01:38,SOLUSDT,ask,151,6828.376
2024-08-16 07:01:44,SOLUSDT,bid,125,18848.894
2024-08-16 07:01:46,SOLUSDT,bid,121,8517.693
2024-08-16 07:01:53,SOLUSDT,bid,80,29515.026
2024-08-16 07:02:01,SOLUSDT,bid,125,18848.493
2024-08-16 07:02:07,SOLUSDT,ask,165,15812.688
2024-08-16 07:02:10,SOLUSDT,bid,138,28008.023
2024-08-16 07:02:30,SOLUSDT,bid,121,8521.825
2024-08-16 07:02:32,SOLUSDT,bid,130,17950.75
2024-08-16 07:02:33,SOLUSDT,bid,135,26764.903
2024-08-16 07:02:33,SOLUSDT,ask,150,11552.183
2024-08-16 07:02:35,SOLUSDT,ask,199,5025.307
2024-08-16 07:02:43,SOLUSDT,bid,130,17985.75
2024-08-16 07:02:43,SOLUSDT,bid,130,17839.643
2024-08-16 07:02:46,SOLUSDT,bid,120,24317.364
2024-08-16 07:02:50,SOLUSDT,bid,135,26762.71
2024-08-16 07:02:52,SOLUSDT,ask,150,11556.303
2024-08-16 07:03:07,SOLUSDT,bid,135,26761.599
2024-08-16 07:03:12,SOLUSDT,bid,111,14789.716
2024-08-16 07:03:19,SOLUSDT,bid,100,37299.41
2024-08-16 07:03:21,SOLUSDT,bid,130,18158.461
2024-08-16 07:03:29,SOLUSDT,ask,150,11472.315
2024-08-16 07:03:36,SOLUSDT,bid,130,18145.333
2024-08-16 07:03:55,SOLUSDT,bid,125,18847.493
2024-08-16 07:03:57,SOLUSDT,bid,130,18144.333
2024-08-16 07:03:58,SOLUSDT,bid,135,26760.599
2024-08-16 07:04:02,SOLUSDT,bid,130,18094.333
2024-08-16 07:04:04,SOLUSDT,bid,80,29665.026
2024-08-16 07:04:17,SOLUSDT,ask,152,16470.271
2024-08-16 07:04:17,SOLUSDT,ask,160,24982.478
2024-08-16 07:04:39,SOLUSDT,bid,130,18061.923
2024-08-16 07:04:42,SOLUSDT,bid,130,18011.933
2024-08-16 07:04:45,SOLUSDT,bid,130,15669.575
2024-08-16 07:04:54,SOLUSDT,ask,150,11475.813
2024-08-16 07:05:06,SOLUSDT,ask,150,11475.713
2024-08-16 07:05:25,SOLUSDT,ask,155,8707.08
2024-08-16 07:05:32,SOLUSDT,ask,160,24984.581
2024-08-16 07:06:28,SOLUSDT,bid,115,20649.028
2024-08-16 07:06:28,SOLUSDT,ask,151,6828.087
2024-08-16 07:06:28,SOLUSDT,ask,160,24984.309
2024-08-16 07:06:30,SOLUSDT,ask,152,16470.218
2024-08-16 07:06:52,SOLUSDT,ask,170,11791.932
2024-08-16 07:06:52,SOLUSDT,bid,125,18851.493
2024-08-16 07:06:54,SOLUSDT,bid,135,26759.61
2024-08-16 07:07:04,SOLUSDT,ask,150,11466.857
2024-08-16 07:07:12,SOLUSDT,ask,160,24988.605
2024-08-16 07:07:20,SOLUSDT,bid,130,15827.671
2024-08-16 07:07:26,SOLUSDT,ask,150,11385.767
2024-08-16 07:07:28,SOLUSDT,ask,150,11385.189
2024-08-16 07:07:32,SOLUSDT,ask,152,15948.319
2024-08-16 07:07:37,SOLUSDT,ask,190,24073.885
2024-08-16 07:07:39,SOLUSDT,bid,110,27499.025
2024-08-16 07:07:41,SOLUSDT,bid,110,27498.598
2024-08-16 07:07:43,SOLUSDT,ask,190,24073.762
2024-08-16 07:07:52,SOLUSDT,ask,190,24073.885
2024-08-16 07:08:18,SOLUSDT,bid,130,15830.043
2024-08-16 07:08:20,SOLUSDT,bid,130,16226.28
2024-08-16 07:08:22,SOLUSDT,bid,135,26749.61
2024-08-16 07:08:22,SOLUSDT,bid,110,27508.598
2024-08-16 07:08:24,SOLUSDT,ask,158,14812.157
2024-08-16 07:08:28,SOLUSDT,bid,100,37298.809
2024-08-16 07:08:29,SOLUSDT,ask,150,11398.009
2024-08-16 07:08:47,SOLUSDT,ask,161,15561.511
2024-08-16 07:08:48,SOLUSDT,bid,100,37296.809
2024-08-16 07:08:50,SOLUSDT,bid,120,24315.698
2024-08-16 07:08:54,SOLUSDT,bid,110,27506.78
2024-08-16 07:08:56,SOLUSDT,bid,135,26679.163
2024-08-16 07:08:57,SOLUSDT,ask,152,15940.374
2024-08-16 07:09:03,SOLUSDT,ask,150,11391.526
2024-08-16 07:09:09,SOLUSDT,ask,150,11390.522
2024-08-16 07:09:12,SOLUSDT,bid,135,26680.163
2024-08-16 07:09:23,SOLUSDT,bid,100,37306.809
2024-08-16 07:09:26,SOLUSDT,ask,150,11393.519
2024-08-16 07:09:31,SOLUSDT,ask,180,21802.73
2024-08-16 07:09:34,SOLUSDT,bid,130,16227.818
2024-08-16 07:09:34,SOLUSDT,bid,110,27515.87
2024-08-16 07:09:37,SOLUSDT,bid,135,26710.163
2024-08-16 07:09:39,SOLUSDT,bid,118,9559.718
2024-08-16 07:09:47,SOLUSDT,bid,112,9700.778
2024-08-16 07:09:50,SOLUSDT,bid,135,26611.406
2024-08-16 07:09:51,SOLUSDT,bid,131,9425.421
2024-08-16 07:09:59,SOLUSDT,bid,121,8506.825
2024-08-16 07:10:00,SOLUSDT,bid,120,24319.864
2024-08-16 07:10:06,SOLUSDT,bid,125,18852.293
2024-08-16 07:10:10,SOLUSDT,ask,220,12046.51
2024-08-16 07:10:11,SOLUSDT,bid,118,9563.955
2024-08-16 07:10:17,SOLUSDT,bid,135,26581.406
2024-08-16 07:10:45,SOLUSDT,bid,132,7887.362
2024-08-16 07:10:49,SOLUSDT,bid,135,26611.406
2024-08-16 07:10:50,SOLUSDT,ask,160,24989.23
2024-08-16 07:10:59,SOLUSDT,ask,165,15808.688
2024-08-16 07:11:11,SOLUSDT,bid,132,7937.863
2024-08-16 07:11:13,SOLUSDT,ask,160,24988.605
2024-08-16 07:11:23,SOLUSDT,bid,115,20664.028
2024-08-16 07:11:28,SOLUSDT,bid,131,9426.634
2024-08-16 07:11:28,SOLUSDT,bid,125,18860.285
2024-08-16 07:11:31,SOLUSDT,bid,125,18864.285
2024-08-16 07:11:39,SOLUSDT,bid,130,16226.386
2024-08-16 07:11:42,SOLUSDT,bid,130,16225.386
2024-08-16 07:11:54,SOLUSDT,ask,150,11393.646
2024-08-16 07:11:57,SOLUSDT,ask,160,24992.69
2024-08-16 07:12:01,SOLUSDT,bid,130,16219.286
2024-08-16 07:12:08,SOLUSDT,bid,130,16270.564
2024-08-16 07:12:13,SOLUSDT,bid,111,14786.25
2024-08-16 07:12:17,SOLUSDT,ask,152,15951.004
2024-08-16 07:12:17,SOLUSDT,ask,155,8705.082
2024-08-16 07:12:24,SOLUSDT,bid,130,16273.523
2024-08-16 07:13:23,SOLUSDT,ask,150,11393.985
2024-08-16 07:13:48,SOLUSDT,bid,135,26628.651
2024-08-16 07:13:50,SOLUSDT,bid,135,26629.391
2024-08-16 07:13:53,SOLUSDT,ask,175,14241.227
2024-08-16 07:13:55,SOLUSDT,bid,110,27517.426
2024-08-16 07:13:56,SOLUSDT,bid,130,16274.292
2024-08-16 07:14:08,SOLUSDT,ask,150,11395.232
2024-08-16 07:14:08,SOLUSDT,bid,120,24320.697
2024-08-16 07:14:27,SOLUSDT,bid,135,26628.303
2024-08-16 07:14:34,SOLUSDT,ask,152,15949.81
2024-08-16 07:14:49,SOLUSDT,bid,135,26598.303
2024-08-16 07:14:49,SOLUSDT,bid,135,26596.081
2024-08-16 07:14:56,SOLUSDT,ask,160,24993.727
2024-08-16 07:15:15,SOLUSDT,bid,135,26597.169
2024-08-16 07:15:15,SOLUSDT,bid,130,16268.339
2024-08-16 07:15:15,SOLUSDT,bid,120,24313.646
2024-08-16 07:15:15,SOLUSDT,ask,150,11386.04
2024-08-16 07:15:22,SOLUSDT,bid,135,26773.712
2024-08-16 07:15:26,SOLUSDT,bid,110,27522.899
2024-08-16 07:15:30,SOLUSDT,ask,151,6847.949
2024-08-16 07:15:40,SOLUSDT,ask,150,11387.234
2024-08-16 07:16:33,SOLUSDT,bid,118,9473.388
2024-08-16 07:16:34,SOLUSDT,bid,135,26775.649
2024-08-16 07:16:47,SOLUSDT,bid,135,26777.649
2024-08-16 07:17:10,SOLUSDT,bid,125,18862.045
2024-08-16 07:17:10,SOLUSDT,bid,115,20662.289
2024-08-16 07:17:24,SOLUSDT,ask,180,21796.376
2024-08-16 07:17:33,SOLUSDT,ask,150,11387.719
2024-08-16 07:17:46,SOLUSDT,bid,135,26773.946
2024-08-16 07:17:47,SOLUSDT,bid,110,27523.903
2024-08-16 07:17:49,SOLUSDT,bid,135,26774.946
2024-08-16 07:17:53,SOLUSDT,bid,130,16267.839
2024-08-16 07:17:54,SOLUSDT,bid,135,26776.264
2024-08-16 07:18:01,SOLUSDT,ask,160,24990.356
2024-08-16 07:18:08,SOLUSDT,bid,125,18863.469
2024-08-16 07:18:12,SOLUSDT,bid,111,14787.917
2024-08-16 07:18:15,SOLUSDT,bid,115,20663.836
2024-08-16 07:18:16,SOLUSDT,bid,110,27522.235
2024-08-16 07:18:18,SOLUSDT,ask,155,8708.453
2024-08-16 07:18:23,SOLUSDT,ask,150,11390.554
2024-08-16 07:18:35,SOLUSDT,bid,115,20676.796
2024-08-16 07:19:02,SOLUSDT,ask,160,25013.723
2024-08-16 07:19:25,SOLUSDT,bid,135,26772.561
2024-08-16 07:19:36,SOLUSDT,bid,131,9429.634
2024-08-16 07:19:37,SOLUSDT,bid,130,16271.685
2024-08-16 07:19:43,SOLUSDT,bid,115,20681.144
2024-08-16 07:19:45,SOLUSDT,ask,165,15808.758
2024-08-16 07:20:04,SOLUSDT,bid,135,26782.931
2024-08-16 07:20:16,SOLUSDT,bid,125,18866.283
2024-08-16 07:20:35,SOLUSDT,bid,135,26782.857
2024-08-16 07:20:43,SOLUSDT,ask,150,11420.668
2024-08-16 07:20:46,SOLUSDT,bid,115,20680.144
2024-08-16 07:20:54,SOLUSDT,bid,130,16271.593
2024-08-16 07:21:02,SOLUSDT,ask,152,15949.323
2024-08-16 07:21:12,SOLUSDT,ask,160,24963.204
2024-08-16 07:21:14,SOLUSDT,bid,121,8507.825
2024-08-16 07:21:23,SOLUSDT,bid,111,14788.917
2024-08-16 07:21:46,SOLUSDT,bid,135,26783.227
2024-08-16 07:21:53,SOLUSDT,bid,121,8532.618
2024-08-16 07:22:21,SOLUSDT,bid,135,26787.227
2024-08-16 07:22:29,SOLUSDT,bid,115,20667.184
2024-08-16 07:22:31,SOLUSDT,ask,150,11418.689
2024-08-16 07:22:53,SOLUSDT,bid,125,18906.258
2024-08-16 07:23:16,SOLUSDT,bid,110,27525.072
2024-08-16 07:23:22,SOLUSDT,bid,135,26788.227
2024-08-16 07:23:28,SOLUSDT,bid,130,16272.593
2024-08-16 07:23:28,SOLUSDT,bid,120,24311.98
2024-08-16 07:23:32,SOLUSDT,bid,135,26790.816
2024-08-16 07:23:40,SOLUSDT,bid,110,27526.235
2024-08-16 07:23:58,SOLUSDT,ask,150,11433.067
2024-08-16 07:24:15,SOLUSDT,bid,105,10460.765
2024-08-16 07:24:23,SOLUSDT,ask,150,11433.367
2024-08-16 07:24:58,SOLUSDT,bid,115,20666.75
2024-08-16 07:25:09,SOLUSDT,ask,150,11429.838
2024-08-16 07:25:56,SOLUSDT,ask,150,11298.584
2024-08-16 07:25:59,SOLUSDT,bid,105,10459.765
2024-08-16 07:26:01,SOLUSDT,ask,193,7542.097
2024-08-16 07:26:13,SOLUSDT,bid,111,14782.971
2024-08-16 07:26:16,SOLUSDT,bid,120,24319.257
2024-08-16 07:26:17,SOLUSDT,bid,120,24437.329
2024-08-16 07:26:19,SOLUSDT,ask,155,8709.452
2024-08-16 07:26:36,SOLUSDT,bid,120,24419.215
2024-08-16 07:26:40,SOLUSDT,bid,121,8576.006
2024-08-16 07:26:41,SOLUSDT,bid,135,26791.212
2024-08-16 07:26:46,SOLUSDT,bid,132,7938.62
2024-08-16 07:26:53,SOLUSDT,bid,130,16273.362
2024-08-16 07:26:58,SOLUSDT,ask,150,11316.584
2024-08-16 07:27:07,SOLUSDT,bid,100,37291.724
2024-08-16 07:27:20,SOLUSDT,bid,120,24420.048
2024-08-16 07:27:26,SOLUSDT,bid,118,9474.235
2024-08-16 07:27:28,SOLUSDT,bid,135,26791.36
2024-08-16 07:27:32,SOLUSDT,bid,116,8945.367
2024-08-16 07:27:33,SOLUSDT,ask,160,24963.276
2024-08-16 07:27:45,SOLUSDT,bid,112,9702.056
2024-08-16 07:27:46,SOLUSDT,ask,150,11283.373
2024-08-16 07:27:49,SOLUSDT,bid,115,20710.228
2024-08-16 07:27:50,SOLUSDT,bid,130,16273.311
2024-08-16 07:27:50,SOLUSDT,bid,118,9474.184
2024-08-16 07:27:50,SOLUSDT,bid,112,9702.005
2024-08-16 07:27:50,SOLUSDT,bid,100,37291.673
2024-08-16 07:27:50,SOLUSDT,ask,160,24963.225
2024-08-16 07:27:58,SOLUSDT,bid,111,14784.371
2024-08-16 07:28:38,SOLUSDT,bid,135,26792.1
2024-08-16 07:28:45,SOLUSDT,ask,150,11283.521
2024-08-16 07:28:48,SOLUSDT,ask,151,6847.756
2024-08-16 07:29:04,SOLUSDT,bid,130,16274.849
2024-08-16 07:29:04,SOLUSDT,bid,135,26792.671
2024-08-16 07:29:04,SOLUSDT,bid,125,18907.568
2024-08-16 07:29:11,SOLUSDT,ask,200,44715.516
2024-08-16 07:29:17,SOLUSDT,ask,150,11284.521
2024-08-16 07:29:22,SOLUSDT,bid,130,16275.849
2024-08-16 07:29:27,SOLUSDT,ask,150,11283.521
2024-08-16 07:29:30,SOLUSDT,bid,112,9701.202
2024-08-16 07:29:49,SOLUSDT,ask,152,15950.733
2024-08-16 07:29:50,SOLUSDT,ask,150,11284.841
2024-08-16 07:30:03,SOLUSDT,bid,110,27534.416
2024-08-16 07:30:04,SOLUSDT,ask,500,6171.098
2024-08-16 07:30:08,SOLUSDT,ask,150,11245.919
2024-08-16 07:30:09,SOLUSDT,bid,138,26528.439
2024-08-16 07:30:13,SOLUSDT,ask,400,4635.885
2024-08-16 07:30:16,SOLUSDT,bid,130,16275.925
2024-08-16 07:30:18,SOLUSDT,ask,350,4076.284
2024-08-16 07:30:23,SOLUSDT,ask,300,9237.111
2024-08-16 07:30:28,SOLUSDT,ask,260,7209.28
2024-08-16 07:30:28,SOLUSDT,bid,135,26792.745
2024-08-16 07:30:29,SOLUSDT,ask,250,18010.864
2024-08-16 07:30:29,SOLUSDT,ask,245,9983.291
2024-08-16 07:30:30,SOLUSDT,ask,240,5947.19
2024-08-16 07:30:31,SOLUSDT,ask,230,7520.375
2024-08-16 07:30:32,SOLUSDT,ask,220,12046.934
2024-08-16 07:30:33,SOLUSDT,ask,210,24741.192
2024-08-16 07:30:33,SOLUSDT,ask,205,10788.978
2024-08-16 07:30:34,SOLUSDT,ask,200,44715.94
2024-08-16 07:30:34,SOLUSDT,ask,195,12101.695
2024-08-16 07:30:35,SOLUSDT,ask,190,24074.309
2024-08-16 07:30:35,SOLUSDT,ask,185,17413.864
2024-08-16 07:30:36,SOLUSDT,ask,180,21796.8
2024-08-16 07:30:36,SOLUSDT,ask,175,14241.651
2024-08-16 07:30:37,SOLUSDT,ask,170,11792.356
2024-08-16 07:30:37,SOLUSDT,ask,165,15809.182
2024-08-16 07:30:37,SOLUSDT,ask,160,24963.649
2024-08-16 07:30:37,SOLUSDT,bid,120,24420.126
2024-08-16 07:30:37,SOLUSDT,ask,155,8709.876
2024-08-16 07:30:38,SOLUSDT,ask,150,11246.343
2024-08-16 07:30:39,SOLUSDT,bid,135,26793.169
2024-08-16 07:30:40,SOLUSDT,bid,130,16276.349
2024-08-16 07:30:40,SOLUSDT,bid,125,18907.992
2024-08-16 07:30:41,SOLUSDT,bid,120,24420.55
2024-08-16 07:30:41,SOLUSDT,bid,115,20710.652
2024-08-16 07:30:42,SOLUSDT,bid,110,27534.84
2024-08-16 07:30:42,SOLUSDT,bid,105,10460.189
2024-08-16 07:30:43,SOLUSDT,bid,100,37292.097
2024-08-16 07:30:45,SOLUSDT,bid,100,37272.097
2024-08-16 07:30:56,SOLUSDT,ask,150,11246.043
2024-08-16 07:30:57,SOLUSDT,bid,100,37277.097
2024-08-16 07:31:05,SOLUSDT,ask,155,8715.665
2024-08-16 07:31:30,SOLUSDT,bid,135,26792.598
2024-08-16 07:31:47,SOLUSDT,bid,130,16275.762
2024-08-16 07:31:55,SOLUSDT,ask,150,11248.143
2024-08-16 07:32:01,SOLUSDT,ask,150,11247.104
2024-08-16 07:32:15,SOLUSDT,ask,151,6855.756
2024-08-16 07:32:33,SOLUSDT,ask,160,24936.724
2024-08-16 07:32:33,SOLUSDT,bid,105,10460.38
2024-08-16 07:32:49,SOLUSDT,bid,130,16276.762
2024-08-16 07:32:52,SOLUSDT,ask,150,11231.729
2024-08-16 07:32:56,SOLUSDT,bid,135,26789.981
2024-08-16 07:33:01,SOLUSDT,bid,130,16276.802
2024-08-16 07:33:01,SOLUSDT,ask,170,11792.396
2024-08-16 07:33:02,SOLUSDT,ask,150,11226.734
2024-08-16 07:33:11,SOLUSDT,bid,125,18901.458
2024-08-16 07:33:17,SOLUSDT,bid,96,12087.069
2024-08-16 07:33:47,SOLUSDT,ask,152,15946.015
2024-08-16 07:33:51,SOLUSDT,bid,132,7940.135
2024-08-16 07:34:08,SOLUSDT,bid,125,18902.458
2024-08-16 07:34:11,SOLUSDT,ask,150,11227.034
2024-08-16 07:34:26,SOLUSDT,bid,135,26790.056
2024-08-16 07:34:37,SOLUSDT,ask,163,17519.91
2024-08-16 07:35:01,SOLUSDT,bid,130,16271.375
2024-08-16 07:35:09,SOLUSDT,bid,130,16272.375
2024-08-16 07:35:11,SOLUSDT,bid,130,16272.836
2024-08-16 07:35:18,SOLUSDT,ask,152,15885.823
2024-08-16 07:35:24,SOLUSDT,bid,135,26789.316
2024-08-16 07:35:26,SOLUSDT,ask,160,24936.2
2024-08-16 07:35:30,SOLUSDT,ask,150,11226.242
2024-08-16 07:35:31,SOLUSDT,bid,130,16343.132
2024-08-16 07:35:39,SOLUSDT,ask,151,6854.433
2024-08-16 07:35:43,SOLUSDT,ask,150,11225.736
2024-08-16 07:36:02,SOLUSDT,bid,120,24420.115
2024-08-16 07:36:09,SOLUSDT,ask,152,15884.824
2024-08-16 07:36:19,SOLUSDT,bid,115,20719.347
2024-08-16 07:36:30,SOLUSDT,ask,151,6974.818
2024-08-16 07:37:06,SOLUSDT,bid,90,21258.383
2024-08-16 07:37:12,SOLUSDT,bid,112,9693.424
2024-08-16 07:37:13,SOLUSDT,ask,150,11227.742
2024-08-16 07:37:13,SOLUSDT,bid,110,27544.316
2024-08-16 07:37:22,SOLUSDT,ask,160,24939.448
2024-08-16 07:37:25,SOLUSDT,bid,100,37278.132
2024-08-16 07:37:46,SOLUSDT,bid,115,20732.307
2024-08-16 07:38:00,SOLUSDT,ask,151,6854.433
2024-08-16 07:38:08,SOLUSDT,bid,118,9525.677
2024-08-16 07:38:13,SOLUSDT,bid,131,9430.469
2024-08-16 07:38:16,SOLUSDT,bid,105,10462.76
2024-08-16 07:38:18,SOLUSDT,bid,132,7917.408
2024-08-16 07:38:24,SOLUSDT,bid,120,24421.115
2024-08-16 07:38:27,SOLUSDT,bid,115,20719.347
2024-08-16 07:38:42,SOLUSDT,bid,110,27558.047
2024-08-16 07:39:28,SOLUSDT,ask,160,24939.241
2024-08-16 07:40:00,SOLUSDT,bid,135,26798.483
2024-08-16 07:40:31,SOLUSDT,ask,150,11228.08
2024-08-16 07:40:36,SOLUSDT,bid,132,7915.893
2024-08-16 07:40:54,SOLUSDT,bid,135,26798.853
2024-08-16 07:41:22,SOLUSDT,bid,135,26825.481
2024-08-16 07:41:31,SOLUSDT,bid,130,16167.497
2024-08-16 07:41:32,SOLUSDT,ask,260,7239.923
2024-08-16 07:41:40,SOLUSDT,ask,151,6857.165
2024-08-16 07:41:41,SOLUSDT,ask,152,15886.822
2024-08-16 07:41:49,SOLUSDT,bid,110,27558.501
2024-08-16 07:41:53,SOLUSDT,bid,135,26826.388
2024-08-16 07:42:09,SOLUSDT,bid,135,26863.425
2024-08-16 07:42:44,SOLUSDT,bid,100,37277.097
2024-08-16 07:42:49,SOLUSDT,bid,125,18901.148
2024-08-16 07:42:52,SOLUSDT,bid,115,20716.383
2024-08-16 07:42:52,SOLUSDT,bid,105,10465.724
2024-08-16 07:42:56,SOLUSDT,bid,131,9429.634
2024-08-16 07:43:05,SOLUSDT,bid,115,20712.521
2024-08-16 07:43:05,SOLUSDT,bid,105,10469.586
2024-08-16 07:43:18,SOLUSDT,bid,100,37278.228
2024-08-16 07:43:33,SOLUSDT,ask,150,11229.329
2024-08-16 07:43:33,SOLUSDT,ask,155,8714.416
2024-08-16 07:43:33,SOLUSDT,bid,105,10470.066
2024-08-16 07:43:40,SOLUSDT,bid,130,16097.201
2024-08-16 07:43:59,SOLUSDT,bid,130,16132.201
2024-08-16 07:44:24,SOLUSDT,ask,155,8514.616
2024-08-16 07:44:27,SOLUSDT,bid,120,24387.782
2024-08-16 07:44:28,SOLUSDT,bid,115,20669.043
2024-08-16 07:44:34,SOLUSDT,ask,151,6855.385
2024-08-16 07:44:48,SOLUSDT,bid,95,11165.279
2024-08-16 07:44:49,SOLUSDT,ask,195,12096.695
2024-08-16 07:45:02,SOLUSDT,bid,100,37405.228
2024-08-16 07:45:10,SOLUSDT,ask,150,11231.787
2024-08-16 07:45:10,SOLUSDT,ask,155,8512.158
2024-08-16 07:45:10,SOLUSDT,ask,152,15897.423
2024-08-16 07:45:22,SOLUSDT,ask,152,15898.26
2024-08-16 07:45:27,SOLUSDT,bid,135,26854.258
2024-08-16 07:45:30,SOLUSDT,bid,100,37395.228
2024-08-16 07:45:33,SOLUSDT,ask,152,15887.659
2024-08-16 07:46:00,SOLUSDT,bid,80,29662.026
2024-08-16 07:46:01,SOLUSDT,bid,118,9523.914
2024-08-16 07:46:08,SOLUSDT,bid,116,8940.195
2024-08-16 07:46:31,SOLUSDT,ask,151,6859.659
2024-08-16 07:46:35,SOLUSDT,ask,150,11241.736
2024-08-16 07:46:38,SOLUSDT,bid,135,26854.758
2024-08-16 07:46:40,SOLUSDT,ask,160,24939.197
2024-08-16 07:47:02,SOLUSDT,bid,100,37394.218
2024-08-16 07:47:07,SOLUSDT,bid,130,16132.37
2024-08-16 07:47:15,SOLUSDT,bid,135,26859.958
2024-08-16 07:47:28,SOLUSDT,bid,120,24397.782
2024-08-16 07:47:32,SOLUSDT,ask,155,8482.389
2024-08-16 07:47:50,SOLUSDT,bid,135,26858.348
2024-08-16 07:48:02,SOLUSDT,bid,130,16132.255
2024-08-16 07:48:06,SOLUSDT,bid,121,8576.347
2024-08-16 07:48:22,SOLUSDT,bid,118,9523.512
2024-08-16 07:48:25,SOLUSDT,bid,121,8576.006
2024-08-16 07:48:25,SOLUSDT,bid,118,9523.853
2024-08-16 07:48:27,SOLUSDT,bid,115,20666.043
2024-08-16 07:48:35,SOLUSDT,ask,150,11239.278
2024-08-16 07:48:46,SOLUSDT,bid,120,24401.782
2024-08-16 07:49:10,SOLUSDT,ask,160,24924.628
2024-08-16 07:49:20,SOLUSDT,ask,150,11238.029
2024-08-16 07:49:33,SOLUSDT,bid,115,20697.16
2024-08-16 07:49:38,SOLUSDT,bid,120,24446.514
2024-08-16 07:49:52,SOLUSDT,ask,300,9219.739
2024-08-16 07:50:00,SOLUSDT,bid,125,18905.38
2024-08-16 07:50:02,SOLUSDT,bid,135,26857.484
2024-08-16 07:50:09,SOLUSDT,bid,130,16130.907
2024-08-16 07:50:26,SOLUSDT,ask,188,10363.479
2024-08-16 07:50:27,SOLUSDT,ask,175,14229.314
2024-08-16 07:50:28,SOLUSDT,bid,120,24446.914
2024-08-16 07:50:35,SOLUSDT,ask,188,10388.154
2024-08-16 07:51:11,SOLUSDT,bid,110,27563.046
2024-08-16 07:51:16,SOLUSDT,bid,130,16130.523
2024-08-16 07:51:20,SOLUSDT,bid,110,27563.23
2024-08-16 07:51:36,SOLUSDT,ask,160,24934.618
2024-08-16 07:51:36,SOLUSDT,ask,180,21786.81
2024-08-16 07:51:50,SOLUSDT,ask,160,24944.61
2024-08-16 07:51:50,SOLUSDT,ask,185,17403.872
2024-08-16 07:51:58,SOLUSDT,bid,130,16131.523
2024-08-16 07:52:07,SOLUSDT,bid,100,37396.218
2024-08-16 07:52:15,SOLUSDT,bid,120,24446.709
2024-08-16 07:52:25,SOLUSDT,bid,116,8936.139
2024-08-16 07:52:33,SOLUSDT,ask,150,11238.814
2024-08-16 07:52:33,SOLUSDT,ask,160,24943.825
2024-08-16 07:52:53,SOLUSDT,bid,135,26858.965
2024-08-16 07:53:20,SOLUSDT,ask,150,11237.708
2024-08-16 07:53:20,SOLUSDT,ask,155,8483.495
2024-08-16 07:53:22,SOLUSDT,ask,180,21799.823
2024-08-16 07:53:40,SOLUSDT,bid,135,26858.703
2024-08-16 07:53:40,SOLUSDT,bid,130,16131.785
2024-08-16 07:53:42,SOLUSDT,bid,130,16085.845
2024-08-16 07:53:46,SOLUSDT,bid,110,27667.173
2024-08-16 07:53:48,SOLUSDT,bid,135,26892.644
2024-08-16 07:53:54,SOLUSDT,bid,130,16082.657
2024-08-16 07:54:22,SOLUSDT,bid,135,26892.697
2024-08-16 07:54:27,SOLUSDT,bid,130,16077.071
2024-08-16 07:54:28,SOLUSDT,bid,135,26891.216
2024-08-16 07:54:40,SOLUSDT,bid,130,16080.917
2024-08-16 07:54:44,SOLUSDT,ask,150,11239.967
2024-08-16 07:54:47,SOLUSDT,ask,150,11239.467
2024-08-16 07:54:47,SOLUSDT,ask,152,15887.159
2024-08-16 07:55:26,SOLUSDT,bid,135,26889.735
2024-08-16 07:55:50,SOLUSDT,bid,130,16076.731
2024-08-16 07:55:51,SOLUSDT,ask,190,24066.149
2024-08-16 07:55:57,SOLUSDT,ask,170,11593.033
2024-08-16 07:55:58,SOLUSDT,ask,165,15808.576
2024-08-16 07:55:59,SOLUSDT,ask,155,8489.137
2024-08-16 07:56:02,SOLUSDT,ask,150,11240.467
2024-08-16 07:56:10,SOLUSDT,ask,175,14228.172
2024-08-16 07:56:12,SOLUSDT,ask,170,11591.857
2024-08-16 07:56:18,SOLUSDT,ask,151,6860.659
2024-08-16 07:56:33,SOLUSDT,bid,120,24442.543
2024-08-16 07:56:34,SOLUSDT,ask,152,15888.159
2024-08-16 07:56:47,SOLUSDT,bid,135,26887.69
2024-08-16 07:56:58,SOLUSDT,bid,125,18914.486
2024-08-16 07:57:02,SOLUSDT,ask,150,11241.394
2024-08-16 07:57:24,SOLUSDT,bid,130,16076.808
2024-08-16 07:57:30,SOLUSDT,bid,135,26878.69
2024-08-16 07:57:31,SOLUSDT,bid,135,26921.793
2024-08-16 07:57:33,SOLUSDT,bid,135,26921.947
2024-08-16 07:57:42,SOLUSDT,bid,120,24442.613
2024-08-16 07:58:08,SOLUSDT,bid,135,26920.947
2024-08-16 07:58:15,SOLUSDT,ask,190,24066.026
2024-08-16 07:58:18,SOLUSDT,ask,151,6859.241
2024-08-16 07:58:35,SOLUSDT,bid,120,24397.613
2024-08-16 07:58:36,SOLUSDT,ask,190,24066.149
2024-08-16 07:58:48,SOLUSDT,ask,150,11241.713
2024-08-16 07:58:53,SOLUSDT,bid,121,8577.816
2024-08-16 07:59:04,SOLUSDT,bid,120,24377.613
2024-08-16 07:59:04,SOLUSDT,bid,110,27647.173
