2024-08-15 20:52:31,BTCUSDT,bid,50000,425.73013
2024-08-15 20:53:02,BTCUSDT,bid,50000,432.27449
2024-08-15 20:53:31,BTCUSDT,bid,50000,432.29449
2024-08-15 20:53:46,BTCUSDT,ask,70000,588.6391
2024-08-15 20:54:07,BTCUSDT,bid,50000,432.29099
2024-08-15 20:54:21,BTCUSDT,ask,70000,588.63652
2024-08-15 20:54:24,BTCUSDT,bid,50000,432.28899
2024-08-15 20:54:37,BTCUSDT,bid,50000,432.26899
2024-08-15 20:55:10,BTCUSDT,bid,50000,432.27099
2024-08-15 20:55:40,BTCUSDT,ask,70000,588.63728
2024-08-15 20:55:48,BTCUSDT,bid,50000,432.27196
2024-08-15 20:57:32,BTCUSDT,bid,50000,432.27099
2024-08-15 20:57:38,BTCUSDT,ask,70000,588.62771
2024-08-15 20:57:48,BTCUSDT,bid,50000,432.67099
2024-08-15 20:58:01,BTCUSDT,bid,50000,432.67199
2024-08-15 20:58:05,BTCUSDT,bid,50000,432.67099
2024-08-15 20:58:24,BTCUSDT,bid,50000,432.69099
2024-08-15 20:59:06,BTCUSDT,ask,70000,588.628
2024-08-15 20:59:33,BTCUSDT,ask,70000,588.58176
2024-08-15 21:00:02,BTCUSDT,bid,50000,432.68085
2024-08-15 21:00:18,BTCUSDT,bid,50000,432.58085
2024-08-15 21:01:07,BTCUSDT,bid,50000,432.55892
2024-08-15 21:01:11,BTCUSDT,bid,50000,432.55649
2024-08-15 21:03:36,BTCUSDT,bid,50000,432.55543
2024-08-15 21:05:03,BTCUSDT,ask,70000,588.5994
2024-08-15 21:05:42,BTCUSDT,bid,50000,432.5464
2024-08-15 21:05:57,BTCUSDT,ask,70000,588.5994
2024-08-15 21:06:28,BTCUSDT,bid,50000,432.54732
2024-08-15 21:08:12,BTCUSDT,ask,100000,200.315246
2024-08-15 21:09:36,BTCUSDT,bid,50000,432.54832
2024-08-15 21:09:49,BTCUSDT,ask,70000,588.55375
2024-08-15 21:10:02,BTCUSDT,bid,50000,432.52832
2024-08-15 21:10:44,BTCUSDT,ask,70000,588.55419
2024-08-15 21:11:00,BTCUSDT,bid,50000,432.5266
2024-08-15 21:11:45,BTCUSDT,ask,70000,588.55404
2024-08-15 21:12:08,BTCUSDT,ask,70000,588.55159
2024-08-15 21:12:41,BTCUSDT,ask,70000,588.55758
2024-08-15 21:13:37,BTCUSDT,bid,50000,432.5276
2024-08-15 21:15:45,BTCUSDT,bid,50000,432.5676
2024-08-15 21:16:02,BTCUSDT,bid,50000,433.16965
2024-08-15 21:17:24,BTCUSDT,bid,50000,433.16955
2024-08-15 21:18:27,BTCUSDT,bid,50000,433.16942
2024-08-15 21:18:43,BTCUSDT,bid,50000,433.16642
2024-08-15 21:19:06,BTCUSDT,ask,70000,588.55159
2024-08-15 21:19:14,BTCUSDT,bid,50000,433.16142
2024-08-15 21:19:19,BTCUSDT,ask,70000,588.55538
2024-08-15 21:19:20,BTCUSDT,bid,50000,433.15742
2024-08-15 21:19:52,BTCUSDT,bid,50000,433.15342
2024-08-15 21:20:32,BTCUSDT,ask,70000,588.63201
2024-08-15 21:22:12,BTCUSDT,bid,50000,433.30788
2024-08-15 21:23:21,BTCUSDT,bid,50000,435.09761
2024-08-15 21:23:24,BTCUSDT,ask,70000,588.5957
2024-08-15 21:24:48,BTCUSDT,bid,50000,435.09981
2024-08-15 21:24:53,BTCUSDT,bid,50000,435.09761
2024-08-15 21:25:09,BTCUSDT,ask,70000,588.59722
2024-08-15 21:25:15,BTCUSDT,ask,70000,588.47997
2024-08-15 21:25:29,BTCUSDT,ask,70000,588.47283
2024-08-15 21:26:41,BTCUSDT,ask,70000,588.53746
2024-08-15 21:26:52,BTCUSDT,bid,50000,435.09745
2024-08-15 21:27:06,BTCUSDT,bid,50000,435.10745
2024-08-15 21:27:07,BTCUSDT,ask,70000,588.47283
2024-08-15 21:28:31,BTCUSDT,ask,70000,588.47335
2024-08-15 21:29:27,BTCUSDT,ask,70000,588.49104
2024-08-15 21:29:38,BTCUSDT,bid,50000,434.5054
2024-08-15 21:30:48,BTCUSDT,bid,50000,434.5044
2024-08-15 21:30:49,BTCUSDT,bid,50000,434.5094
2024-08-15 21:30:51,BTCUSDT,bid,50000,434.5044
2024-08-15 21:30:54,BTCUSDT,bid,50000,434.50239
2024-08-15 21:30:59,BTCUSDT,bid,50000,434.50739
2024-08-15 21:33:15,BTCUSDT,ask,70000,588.49084
2024-08-15 21:33:15,BTCUSDT,bid,50000,434.50719
2024-08-15 21:33:15,BTCUSDT,ask,100000,200.315046
2024-08-15 21:33:34,BTCUSDT,bid,50000,434.50819
2024-08-15 21:33:58,BTCUSDT,bid,50000,434.5227
2024-08-15 21:34:26,BTCUSDT,bid,50000,434.51854
2024-08-15 21:34:31,BTCUSDT,ask,70000,588.49165
2024-08-15 21:35:17,BTCUSDT,ask,70000,588.49138
2024-08-15 21:36:54,BTCUSDT,bid,50000,434.41854
2024-08-15 21:36:58,BTCUSDT,bid,50000,434.37854
2024-08-15 21:36:59,BTCUSDT,bid,50000,434.12239
2024-08-15 21:38:01,BTCUSDT,bid,50000,434.12339
2024-08-15 21:38:27,BTCUSDT,bid,50000,434.12311
2024-08-15 21:39:03,BTCUSDT,bid,50000,434.11811
2024-08-15 21:40:24,BTCUSDT,bid,50000,434.10783
2024-08-15 21:40:46,BTCUSDT,ask,70000,588.49399
2024-08-15 21:41:02,BTCUSDT,bid,50000,434.16908
2024-08-15 21:41:22,BTCUSDT,bid,50000,434.16708
2024-08-15 21:42:50,BTCUSDT,bid,50000,434.16808
2024-08-15 21:43:59,BTCUSDT,ask,70000,588.45456
2024-08-15 21:44:36,BTCUSDT,bid,50000,434.10608
2024-08-15 21:46:14,BTCUSDT,ask,70000,588.44477
2024-08-15 21:46:18,BTCUSDT,bid,50000,434.09248
2024-08-15 21:46:35,BTCUSDT,bid,50000,434.09259
2024-08-15 21:46:37,BTCUSDT,bid,50000,434.09159
2024-08-15 21:46:49,BTCUSDT,bid,50000,434.09199
2024-08-15 21:47:15,BTCUSDT,bid,50000,434.08768
2024-08-15 21:47:17,BTCUSDT,ask,70000,588.44487
2024-08-15 21:48:08,BTCUSDT,bid,50000,434.08169
2024-08-15 21:50:57,BTCUSDT,ask,70000,588.45346
2024-08-15 21:51:39,BTCUSDT,bid,50000,434.08969
2024-08-15 21:52:50,BTCUSDT,bid,50000,434.08879
