2024-08-19 07:00:08,SOLUSDT,ask,152,29928.556
2024-08-19 07:00:11,SOLUSDT,ask,156,19897.683
2024-08-19 07:00:14,SOLUSDT,ask,200,43649.396
2024-08-19 07:00:34,SOLUSDT,bid,135,26787.746
2024-08-19 07:00:39,SOLUSDT,ask,160,26926.598
2024-08-19 07:01:29,SOLUSDT,bid,80,28025.004
2024-08-19 07:01:32,SOLUSDT,ask,170,13891.505
2024-08-19 07:01:34,SOLUSDT,bid,132,8112.209
2024-08-19 07:01:40,SOLUSDT,ask,158,19044.18
2024-08-19 07:01:47,SOLUSDT,bid,135,26787.667
2024-08-19 07:01:53,SOLUSDT,ask,155,8618.946
2024-08-19 07:02:02,SOLUSDT,bid,135,26823.167
2024-08-19 07:02:02,SOLUSDT,bid,130,15515.237
2024-08-19 07:02:07,SOLUSDT,ask,155,8614.282
2024-08-19 07:02:11,SOLUSDT,bid,125,16095.351
2024-08-19 07:02:13,SOLUSDT,ask,156,19902.347
2024-08-19 07:02:15,SOLUSDT,bid,125,16043.3
2024-08-19 07:02:17,SOLUSDT,bid,125,16010.059
2024-08-19 07:02:40,SOLUSDT,bid,141,7378.301
2024-08-19 07:02:40,SOLUSDT,bid,120,27596.471
2024-08-19 07:02:40,SOLUSDT,bid,141,7379.315
2024-08-19 07:02:44,SOLUSDT,bid,130,15515.544
2024-08-19 07:02:44,SOLUSDT,ask,152,29938.556
2024-08-19 07:03:23,SOLUSDT,bid,125,16020.856
2024-08-19 07:03:25,SOLUSDT,bid,130,15513.237
2024-08-19 07:03:34,SOLUSDT,ask,160,26914.376
2024-08-19 07:03:35,SOLUSDT,bid,141,7380.315
2024-08-19 07:03:39,SOLUSDT,bid,141,7385.937
2024-08-19 07:03:46,SOLUSDT,ask,156,19872.347
2024-08-19 07:03:46,SOLUSDT,ask,150,29322.304
2024-08-19 07:03:50,SOLUSDT,ask,148,9485.58
2024-08-19 07:03:50,SOLUSDT,ask,151,24456.313
2024-08-19 07:03:50,SOLUSDT,ask,152,29928.556
2024-08-19 07:03:50,SOLUSDT,ask,154,18054.085
2024-08-19 07:03:50,SOLUSDT,ask,160,26903.282
2024-08-19 07:03:50,SOLUSDT,ask,300,9412.062
2024-08-19 07:03:51,SOLUSDT,bid,141,8062.504
2024-08-19 07:03:55,SOLUSDT,ask,152,29928.212
2024-08-19 07:03:58,SOLUSDT,ask,154,18059.085
2024-08-19 07:04:01,SOLUSDT,bid,135,26822.774
2024-08-19 07:04:02,SOLUSDT,ask,150,29300.897
2024-08-19 07:04:04,SOLUSDT,ask,180,22715.683
2024-08-19 07:04:07,SOLUSDT,bid,141,8062.451
2024-08-19 07:04:20,SOLUSDT,bid,135,26823.514
2024-08-19 07:04:20,SOLUSDT,bid,141,8063.806
2024-08-19 07:04:27,SOLUSDT,bid,141,8060.781
2024-08-19 07:04:43,SOLUSDT,bid,100,36203.389
2024-08-19 07:04:52,SOLUSDT,ask,158,19043.971
2024-08-19 07:05:09,SOLUSDT,bid,135,26857.981
2024-08-19 07:05:11,SOLUSDT,bid,130,15511.718
2024-08-19 07:05:16,SOLUSDT,ask,149,6747.483
2024-08-19 07:05:19,SOLUSDT,ask,150,29301.68
2024-08-19 07:05:20,SOLUSDT,ask,198,6210.424
2024-08-19 07:05:28,SOLUSDT,ask,152,29923.111
2024-08-19 07:05:35,SOLUSDT,bid,110,26248.599
2024-08-19 07:05:39,SOLUSDT,ask,149,6748.236
2024-08-19 07:05:54,SOLUSDT,bid,135,26859.061
2024-08-19 07:05:56,SOLUSDT,ask,148,9483.167
2024-08-19 07:06:03,SOLUSDT,ask,149,6733.318
2024-08-19 07:06:18,SOLUSDT,ask,150,29257.806
2024-08-19 07:06:20,SOLUSDT,ask,152,29923.762
2024-08-19 07:06:20,SOLUSDT,bid,130,15513.238
2024-08-19 07:06:20,SOLUSDT,ask,148,9483.306
2024-08-19 07:06:31,SOLUSDT,bid,111,14632.887
2024-08-19 07:06:39,SOLUSDT,bid,130,15520.083
2024-08-19 07:06:40,SOLUSDT,bid,131,9489.873
2024-08-19 07:06:40,SOLUSDT,bid,130,15518.645
2024-08-19 07:06:40,SOLUSDT,bid,125,16020.056
2024-08-19 07:06:58,SOLUSDT,ask,165,18009.857
2024-08-19 07:07:10,SOLUSDT,bid,135,26858.061
2024-08-19 07:07:25,SOLUSDT,bid,115,21539.817
2024-08-19 07:07:40,SOLUSDT,bid,120,27598.057
2024-08-19 07:07:42,SOLUSDT,ask,160,26904.646
2024-08-19 07:07:51,SOLUSDT,ask,160,26902.529
2024-08-19 07:07:58,SOLUSDT,bid,110,26249.599
2024-08-19 07:07:58,SOLUSDT,ask,155,8612.569
2024-08-19 07:07:58,SOLUSDT,bid,131,9871.552
2024-08-19 07:08:00,SOLUSDT,bid,132,8112.02
2024-08-19 07:08:11,SOLUSDT,ask,160,26899.132
2024-08-19 07:08:24,SOLUSDT,ask,148,9484.226
2024-08-19 07:08:29,SOLUSDT,bid,120,27596.057
2024-08-19 07:08:36,SOLUSDT,bid,135,26864.325
2024-08-19 07:08:54,SOLUSDT,ask,185,16659.878
2024-08-19 07:09:02,SOLUSDT,bid,135,26657.974
2024-08-19 07:09:11,SOLUSDT,ask,150,29257.873
2024-08-19 07:09:15,SOLUSDT,bid,110,26254.599
2024-08-19 07:09:19,SOLUSDT,bid,132,8245.274
2024-08-19 07:09:22,SOLUSDT,bid,100,36208.389
2024-08-19 07:09:29,SOLUSDT,ask,148,9476.035
2024-08-19 07:09:31,SOLUSDT,bid,100,36219.227
2024-08-19 07:09:31,SOLUSDT,ask,190,23463.753
2024-08-19 07:09:33,SOLUSDT,bid,90,17645.077
2024-08-19 07:09:39,SOLUSDT,bid,135,26657.923
2024-08-19 07:09:52,SOLUSDT,ask,160,26896.975
2024-08-19 07:10:05,SOLUSDT,ask,150,29260.03
2024-08-19 07:10:11,SOLUSDT,bid,135,26649.923
2024-08-19 07:10:11,SOLUSDT,bid,130,15510.645
2024-08-19 07:10:11,SOLUSDT,bid,125,16006.763
2024-08-19 07:10:23,SOLUSDT,ask,160,26946.543
2024-08-19 07:10:28,SOLUSDT,bid,135,26648.923
2024-08-19 07:10:32,SOLUSDT,ask,165,18008.881
2024-08-19 07:10:43,SOLUSDT,bid,135,26649.471
2024-08-19 07:11:05,SOLUSDT,ask,170,13891.539
2024-08-19 07:11:19,SOLUSDT,ask,148,9688.256
2024-08-19 07:11:21,SOLUSDT,ask,170,13889.539
2024-08-19 07:11:28,SOLUSDT,ask,150,29257.293
2024-08-19 07:11:38,SOLUSDT,bid,135,26645.768
2024-08-19 07:11:44,SOLUSDT,bid,130,15505.808
2024-08-19 07:11:47,SOLUSDT,ask,158,19043.468
2024-08-19 07:12:06,SOLUSDT,bid,110,26255.508
2024-08-19 07:12:08,SOLUSDT,bid,130,15507.133
2024-08-19 07:12:24,SOLUSDT,ask,150,29243.551
2024-08-19 07:12:27,SOLUSDT,ask,150,29241.881
2024-08-19 07:12:36,SOLUSDT,bid,135,26646.768
2024-08-19 07:12:53,SOLUSDT,bid,135,26646.028
2024-08-19 07:12:54,SOLUSDT,bid,131,9924.223
2024-08-19 07:13:00,SOLUSDT,bid,135,26660.489
2024-08-19 07:13:04,SOLUSDT,ask,210,24784.767
2024-08-19 07:13:15,SOLUSDT,ask,151,24455.313
2024-08-19 07:13:22,SOLUSDT,bid,135,26663.333
2024-08-19 07:13:25,SOLUSDT,ask,155,8622.282
2024-08-19 07:13:29,SOLUSDT,bid,111,14633.856
2024-08-19 07:13:34,SOLUSDT,ask,210,24768.724
2024-08-19 07:13:48,SOLUSDT,ask,185,16656.477
2024-08-19 07:13:51,SOLUSDT,bid,135,26662.963
2024-08-19 07:14:02,SOLUSDT,bid,115,21512.773
2024-08-19 07:14:04,SOLUSDT,ask,600,3013.92
2024-08-19 07:14:08,SOLUSDT,ask,151,24252.69
2024-08-19 07:14:19,SOLUSDT,ask,160,26944.788
2024-08-19 07:14:23,SOLUSDT,bid,132,8245.652
2024-08-19 07:14:36,SOLUSDT,ask,150,29243.636
2024-08-19 07:14:36,SOLUSDT,bid,130,15507.517
2024-08-19 07:14:55,SOLUSDT,bid,131,9926.427
2024-08-19 07:15:03,SOLUSDT,ask,148,9695.256
2024-08-19 07:15:06,SOLUSDT,ask,149,6733.284
2024-08-19 07:15:13,SOLUSDT,bid,135,26662.271
2024-08-19 07:15:25,SOLUSDT,bid,120,27596.89
2024-08-19 07:15:50,SOLUSDT,bid,135,26627.804
2024-08-19 07:15:51,SOLUSDT,ask,152,29923.719
2024-08-19 07:16:16,SOLUSDT,ask,148,9678.365
2024-08-19 07:16:42,SOLUSDT,bid,135,26626.754
2024-08-19 07:16:55,SOLUSDT,ask,150,29243.672
2024-08-19 07:17:08,SOLUSDT,ask,150,29242.364
2024-08-19 07:17:33,SOLUSDT,ask,148,9717.946
2024-08-19 07:17:41,SOLUSDT,ask,149,6772.865
2024-08-19 07:17:54,SOLUSDT,bid,115,21257.468
2024-08-19 07:17:59,SOLUSDT,bid,111,14545.609
2024-08-19 07:18:01,SOLUSDT,bid,130,15506.757
2024-08-19 07:18:02,SOLUSDT,ask,190,23464.856
2024-08-19 07:18:03,SOLUSDT,ask,148,9727.946
2024-08-19 07:18:13,SOLUSDT,ask,149,6790.145
2024-08-19 07:18:13,SOLUSDT,ask,152,29906.439
2024-08-19 07:18:14,SOLUSDT,bid,132,8246.4
2024-08-19 07:18:16,SOLUSDT,ask,152,29915.307
2024-08-19 07:18:23,SOLUSDT,ask,150,29252.01
2024-08-19 07:18:24,SOLUSDT,ask,150,29253.098
2024-08-19 07:18:33,SOLUSDT,bid,135,26619.347
2024-08-19 07:18:39,SOLUSDT,ask,155,8631.061
2024-08-19 07:18:46,SOLUSDT,ask,148,9727.809
2024-08-19 07:18:50,SOLUSDT,ask,152,29918.167
2024-08-19 07:18:50,SOLUSDT,ask,150,29253.064
2024-08-19 07:18:51,SOLUSDT,ask,149,6790.008
2024-08-19 07:18:53,SOLUSDT,bid,135,26620.458
2024-08-19 07:18:53,SOLUSDT,ask,150,29252.927
2024-08-19 07:18:54,SOLUSDT,ask,149,6805.008
2024-08-19 07:18:55,SOLUSDT,ask,151,24252.552
2024-08-19 07:18:56,SOLUSDT,ask,152,29918.029
2024-08-19 07:18:56,SOLUSDT,ask,148,9727.772
2024-08-19 07:18:58,SOLUSDT,ask,160,26953.701
2024-08-19 07:19:03,SOLUSDT,bid,130,15887.526
2024-08-19 07:19:07,SOLUSDT,bid,111,14546.478
2024-08-19 07:19:11,SOLUSDT,bid,130,15506.757
2024-08-19 07:19:15,SOLUSDT,ask,150,29253.461
2024-08-19 07:19:32,SOLUSDT,ask,150,29252.461
2024-08-19 07:19:34,SOLUSDT,ask,149,6811.88
2024-08-19 07:19:37,SOLUSDT,ask,149,6815.875
2024-08-19 07:19:44,SOLUSDT,ask,148,9728.788
2024-08-19 07:19:57,SOLUSDT,ask,148,9733.293
2024-08-19 07:19:57,SOLUSDT,ask,148,9737.798
2024-08-19 07:19:57,SOLUSDT,ask,150,29235.311
2024-08-19 07:20:06,SOLUSDT,bid,115,21255.789
2024-08-19 07:20:10,SOLUSDT,ask,148,9761.115
2024-08-19 07:20:15,SOLUSDT,ask,148,9764.195
2024-08-19 07:20:17,SOLUSDT,bid,116,8641.645
2024-08-19 07:20:27,SOLUSDT,ask,188,11031.034
2024-08-19 07:20:41,SOLUSDT,bid,132,8253.975
2024-08-19 07:20:59,SOLUSDT,bid,100,36223.273
2024-08-19 07:21:12,SOLUSDT,ask,148,9761.115
2024-08-19 07:21:26,SOLUSDT,ask,149,6812.782
2024-08-19 07:21:28,SOLUSDT,ask,190,23465.337
2024-08-19 07:21:37,SOLUSDT,bid,120,27617.629
2024-08-19 07:21:59,SOLUSDT,ask,165,18008.48
2024-08-19 07:22:04,SOLUSDT,ask,152,29915.857
2024-08-19 07:22:36,SOLUSDT,bid,111,14546.818
2024-08-19 07:23:01,SOLUSDT,ask,150,29235.351
2024-08-19 07:23:13,SOLUSDT,bid,96,12635.018
2024-08-19 07:23:28,SOLUSDT,bid,135,26619.135
2024-08-19 07:23:44,SOLUSDT,ask,151,24242.271
2024-08-19 07:24:14,SOLUSDT,ask,193,7405.183
2024-08-19 07:24:41,SOLUSDT,ask,148,9766.703
2024-08-19 07:24:48,SOLUSDT,ask,200,43755.396
2024-08-19 07:24:51,SOLUSDT,bid,135,26618.913
2024-08-19 07:24:51,SOLUSDT,bid,130,15506.519
2024-08-19 07:24:51,SOLUSDT,bid,131,9915.504
2024-08-19 07:24:54,SOLUSDT,bid,131,9961.753
2024-08-19 07:25:08,SOLUSDT,ask,149,6811.783
2024-08-19 07:25:19,SOLUSDT,bid,135,26619.135
2024-08-19 07:25:24,SOLUSDT,ask,151,24250.271
2024-08-19 07:25:35,SOLUSDT,ask,150,29233.351
2024-08-19 07:25:43,SOLUSDT,ask,148,9774.63
2024-08-19 07:25:49,SOLUSDT,ask,148,9766.703
2024-08-19 07:25:53,SOLUSDT,bid,110,26110.054
2024-08-19 07:25:56,SOLUSDT,ask,150,29237.545
2024-08-19 07:25:59,SOLUSDT,bid,125,15955.191
2024-08-19 07:26:26,SOLUSDT,ask,148,9932.342
2024-08-19 07:26:30,SOLUSDT,ask,149,6812.782
2024-08-19 07:26:52,SOLUSDT,ask,188,11030.635
2024-08-19 07:26:57,SOLUSDT,ask,150,29237.503
2024-08-19 07:27:13,SOLUSDT,ask,175,14516.433
2024-08-19 07:27:17,SOLUSDT,ask,150,29237.545
2024-08-19 07:27:17,SOLUSDT,ask,150,29424.07
2024-08-19 07:27:25,SOLUSDT,ask,160,26954.7
2024-08-19 07:27:30,SOLUSDT,bid,130,15483.466
2024-08-19 07:27:45,SOLUSDT,bid,131,9915.504
2024-08-19 07:27:50,SOLUSDT,bid,131,9938.381
2024-08-19 07:27:52,SOLUSDT,ask,150,29423.751
2024-08-19 07:27:52,SOLUSDT,ask,155,8630.742
2024-08-19 07:27:52,SOLUSDT,ask,160,26954.381
2024-08-19 07:27:52,SOLUSDT,ask,165,18008.161
2024-08-19 07:28:03,SOLUSDT,ask,160,26953.998
2024-08-19 07:28:26,SOLUSDT,bid,131,9949.943
2024-08-19 07:28:29,SOLUSDT,bid,110,26109.054
2024-08-19 07:28:32,SOLUSDT,bid,120,27554.417
2024-08-19 07:29:02,SOLUSDT,ask,149,6820.285
2024-08-19 07:29:09,SOLUSDT,ask,165,18008.123
2024-08-19 07:29:09,SOLUSDT,ask,185,16656.439
2024-08-19 07:29:30,SOLUSDT,bid,130,15496.717
2024-08-19 07:29:31,SOLUSDT,bid,135,26619.357
2024-08-19 07:29:47,SOLUSDT,bid,130,15485.514
2024-08-19 07:29:47,SOLUSDT,bid,111,14533.697
2024-08-19 07:30:06,SOLUSDT,bid,110,26119.054
2024-08-19 07:30:28,SOLUSDT,bid,135,26620.27
2024-08-19 07:30:34,SOLUSDT,ask,148,9931.342
2024-08-19 07:30:47,SOLUSDT,ask,149,6822.432
2024-08-19 07:30:50,SOLUSDT,bid,111,14532.828
2024-08-19 07:30:51,SOLUSDT,ask,155,8628.674
2024-08-19 07:31:21,SOLUSDT,bid,130,15486.283
2024-08-19 07:31:23,SOLUSDT,bid,100,36237.752
2024-08-19 07:31:46,SOLUSDT,ask,152,29930.001
2024-08-19 07:31:51,SOLUSDT,ask,150,29420.751
2024-08-19 07:32:04,SOLUSDT,ask,150,29414.83
2024-08-19 07:32:07,SOLUSDT,ask,190,23456.337
2024-08-19 07:32:20,SOLUSDT,ask,190,23466.337
2024-08-19 07:32:39,SOLUSDT,ask,150,29415.828
2024-08-19 07:32:54,SOLUSDT,bid,111,14544.222
2024-08-19 07:33:11,SOLUSDT,bid,135,26614.668
2024-08-19 07:33:20,SOLUSDT,bid,135,26617.26
2024-08-19 07:33:54,SOLUSDT,ask,160,26954.381
2024-08-19 07:33:58,SOLUSDT,bid,110,26117.155
2024-08-19 07:34:06,SOLUSDT,ask,150,29444.99
2024-08-19 07:34:22,SOLUSDT,ask,163,16691.694
2024-08-19 07:34:50,SOLUSDT,bid,130,15486.237
2024-08-19 07:34:59,SOLUSDT,bid,130,15485.237
2024-08-19 07:35:07,SOLUSDT,bid,135,26616.26
2024-08-19 07:35:19,SOLUSDT,bid,125,15958.031
2024-08-19 07:36:02,SOLUSDT,bid,135,26619.262
2024-08-19 07:36:06,SOLUSDT,bid,132,8252.975
2024-08-19 07:36:23,SOLUSDT,ask,200,43760.807
2024-08-19 07:36:24,SOLUSDT,bid,135,26619.335
2024-08-19 07:36:29,SOLUSDT,ask,150,29442.271
2024-08-19 07:36:44,SOLUSDT,bid,110,26117.805
2024-08-19 07:36:48,SOLUSDT,bid,115,21256.439
2024-08-19 07:36:51,SOLUSDT,bid,120,27555.067
2024-08-19 07:36:54,SOLUSDT,bid,125,15958.681
2024-08-19 07:37:07,SOLUSDT,bid,120,27554.234
2024-08-19 07:37:21,SOLUSDT,ask,158,19042.71
2024-08-19 07:37:26,SOLUSDT,bid,135,26625.615
2024-08-19 07:37:41,SOLUSDT,ask,150,29441.68
2024-08-19 07:37:55,SOLUSDT,bid,135,26631.805
2024-08-19 07:38:25,SOLUSDT,bid,135,26631.62
2024-08-19 07:38:54,SOLUSDT,ask,149,6825.768
2024-08-19 07:39:27,SOLUSDT,ask,150,29442.346
2024-08-19 07:39:50,SOLUSDT,bid,130,15512.219
2024-08-19 07:39:51,SOLUSDT,ask,149,6824.1
2024-08-19 07:39:53,SOLUSDT,bid,110,26119.623
2024-08-19 07:39:56,SOLUSDT,ask,150,29441.68
2024-08-19 07:40:07,SOLUSDT,ask,148,9976.37
2024-08-19 07:41:03,SOLUSDT,bid,130,15451.126
2024-08-19 07:41:03,SOLUSDT,bid,125,15831.609
2024-08-19 07:41:29,SOLUSDT,bid,135,26706.809
2024-08-19 07:41:38,SOLUSDT,bid,120,27554.984
2024-08-19 07:41:39,SOLUSDT,bid,131,9949.443
2024-08-19 07:41:40,SOLUSDT,ask,160,26951.256
2024-08-19 07:41:48,SOLUSDT,bid,130,15451.895
2024-08-19 07:41:59,SOLUSDT,ask,152,27393.531
2024-08-19 07:42:21,SOLUSDT,ask,160,26949.892
2024-08-19 07:42:29,SOLUSDT,bid,125,15829.609
2024-08-19 07:42:43,SOLUSDT,bid,135,26666.769
2024-08-19 07:43:24,SOLUSDT,ask,152,27390.737
2024-08-19 07:43:26,SOLUSDT,ask,148,9972.692
2024-08-19 07:43:33,SOLUSDT,bid,130,15450.895
2024-08-19 07:43:43,SOLUSDT,ask,155,8628.633
2024-08-19 07:43:46,SOLUSDT,ask,155,8624.679
2024-08-19 07:44:05,SOLUSDT,ask,160,26951.256
2024-08-19 07:44:12,SOLUSDT,ask,175,14170.017
2024-08-19 07:44:13,SOLUSDT,ask,148,9971.692
2024-08-19 07:44:25,SOLUSDT,ask,163,16675.167
2024-08-19 07:44:45,SOLUSDT,bid,130,15419.286
2024-08-19 07:45:05,SOLUSDT,bid,131,9937.881
2024-08-19 07:45:12,SOLUSDT,ask,158,19042.431
2024-08-19 07:45:23,SOLUSDT,ask,148,9971.971
2024-08-19 07:45:36,SOLUSDT,bid,130,15429.205
2024-08-19 07:45:58,SOLUSDT,ask,205,10764.403
2024-08-19 07:46:00,SOLUSDT,ask,220,12061.389
2024-08-19 07:46:31,SOLUSDT,bid,135,26667.769
2024-08-19 07:46:44,SOLUSDT,bid,132,8254.543
2024-08-19 07:46:51,SOLUSDT,ask,150,29449.351
2024-08-19 07:47:09,SOLUSDT,bid,100,36237.752
2024-08-19 07:47:09,SOLUSDT,bid,135,26666.769
2024-08-19 07:47:10,SOLUSDT,bid,110,26129.125
2024-08-19 07:47:11,SOLUSDT,ask,152,27507.849
2024-08-19 07:47:16,SOLUSDT,ask,190,23414.794
2024-08-19 07:47:19,SOLUSDT,bid,110,26098.982
2024-08-19 07:47:26,SOLUSDT,bid,110,26089.48
2024-08-19 07:47:34,SOLUSDT,ask,152,27507.95
2024-08-19 07:47:50,SOLUSDT,ask,163,16674.857
2024-08-19 07:47:57,SOLUSDT,bid,131,9940.217
2024-08-19 07:48:08,SOLUSDT,bid,135,26666.7
2024-08-19 07:48:08,SOLUSDT,ask,148,9971.902
2024-08-19 07:48:14,SOLUSDT,bid,120,27555.484
2024-08-19 07:48:40,SOLUSDT,bid,120,27513.398
2024-08-19 07:48:51,SOLUSDT,ask,152,27524.476
2024-08-19 07:49:22,SOLUSDT,bid,140,7231.323
2024-08-19 07:49:35,SOLUSDT,ask,240,5972.096
2024-08-19 07:49:43,SOLUSDT,ask,200,43774.643
2024-08-19 07:49:47,SOLUSDT,bid,140,7229.126
2024-08-19 07:49:50,SOLUSDT,bid,135,26668.181
2024-08-19 07:49:51,SOLUSDT,bid,130,15429.156
2024-08-19 07:49:52,SOLUSDT,bid,135,26667.095
2024-08-19 07:50:11,SOLUSDT,bid,131,9941.743
2024-08-19 07:50:13,SOLUSDT,bid,140,7228.055
2024-08-19 07:50:22,SOLUSDT,bid,80,27962.504
2024-08-19 07:50:34,SOLUSDT,bid,115,21254.525
2024-08-19 07:50:34,SOLUSDT,bid,140,7245.812
2024-08-19 07:50:46,SOLUSDT,bid,100,36237.752
2024-08-19 07:50:46,SOLUSDT,bid,135,26688.672
2024-08-19 07:50:48,SOLUSDT,bid,140,7225.812
2024-08-19 07:50:49,SOLUSDT,bid,140,7237.87
2024-08-19 07:50:50,SOLUSDT,bid,140,7239.684
2024-08-19 07:50:51,SOLUSDT,ask,150,29451.451
2024-08-19 07:50:53,SOLUSDT,bid,125,15828.061
2024-08-19 07:50:54,SOLUSDT,ask,155,8614.65
2024-08-19 07:50:56,SOLUSDT,bid,135,26690.908
2024-08-19 07:51:02,SOLUSDT,ask,163,16671.561
2024-08-19 07:51:13,SOLUSDT,bid,140,7239.327
2024-08-19 07:51:33,SOLUSDT,bid,132,8242.496
2024-08-19 07:51:38,SOLUSDT,bid,140,7241.49
2024-08-19 07:51:46,SOLUSDT,ask,170,13890.211
2024-08-19 07:51:58,SOLUSDT,ask,185,16657.121
2024-08-19 07:52:22,SOLUSDT,ask,152,27528.121
2024-08-19 07:52:36,SOLUSDT,bid,125,15826.998
2024-08-19 07:52:49,SOLUSDT,bid,140,7248.632
2024-08-19 07:52:53,SOLUSDT,bid,125,15828.061
2024-08-19 07:53:02,SOLUSDT,bid,140,7243.632
2024-08-19 07:53:08,SOLUSDT,bid,125,15826.998
2024-08-19 07:53:20,SOLUSDT,bid,140,7243.674
2024-08-19 07:53:21,SOLUSDT,bid,140,7245.459
2024-08-19 07:53:26,SOLUSDT,ask,154,18054.885
2024-08-19 07:53:41,SOLUSDT,ask,154,18069.985
2024-08-19 07:53:41,SOLUSDT,bid,140,7339.983
2024-08-19 07:53:54,SOLUSDT,ask,188,11029.637
2024-08-19 07:54:16,SOLUSDT,bid,140,7338.133
2024-08-19 07:54:22,SOLUSDT,bid,140,7338.878
2024-08-19 07:54:28,SOLUSDT,bid,116,8641.301
2024-08-19 07:54:38,SOLUSDT,ask,152,27411.009
2024-08-19 07:54:43,SOLUSDT,bid,140,7338.593
2024-08-19 07:54:45,SOLUSDT,ask,150,29443.78
2024-08-19 07:55:15,SOLUSDT,bid,140,7339.593
2024-08-19 07:55:22,SOLUSDT,bid,140,7337.808
2024-08-19 07:55:23,SOLUSDT,bid,80,27955.004
2024-08-19 07:55:28,SOLUSDT,ask,149,6724.2
2024-08-19 07:55:28,SOLUSDT,bid,115,21252.525
2024-08-19 07:55:52,SOLUSDT,bid,111,14554.222
2024-08-19 07:56:03,SOLUSDT,ask,160,26951.187
2024-08-19 07:56:05,SOLUSDT,ask,150,29441.925
2024-08-19 07:56:11,SOLUSDT,bid,140,7337.766
2024-08-19 07:56:26,SOLUSDT,bid,140,7339.551
2024-08-19 07:56:29,SOLUSDT,ask,188,11029.726
2024-08-19 07:56:32,SOLUSDT,bid,140,7339.194
2024-08-19 07:56:33,SOLUSDT,ask,155,8614.708
2024-08-19 07:56:33,SOLUSDT,ask,150,29441.985
2024-08-19 07:56:34,SOLUSDT,bid,140,7339.258
2024-08-19 07:56:35,SOLUSDT,bid,135,26690.974
2024-08-19 07:56:37,SOLUSDT,bid,130,15429.225
2024-08-19 07:56:37,SOLUSDT,bid,125,15827.07
2024-08-19 07:56:38,SOLUSDT,bid,120,27513.473
2024-08-19 07:56:39,SOLUSDT,bid,115,21252.603
2024-08-19 07:56:41,SOLUSDT,bid,110,26089.562
2024-08-19 07:56:42,SOLUSDT,bid,100,36187.752
2024-08-19 07:56:42,SOLUSDT,bid,90,17345.077
2024-08-19 07:57:11,SOLUSDT,bid,140,7339.345
2024-08-19 07:57:28,SOLUSDT,bid,130,15428.988
2024-08-19 07:57:30,SOLUSDT,bid,130,15557.085
2024-08-19 07:57:44,SOLUSDT,bid,120,27518.473
2024-08-19 07:57:47,SOLUSDT,ask,150,29442.054
2024-08-19 07:57:56,SOLUSDT,ask,150,29441.985
2024-08-19 07:58:13,SOLUSDT,bid,130,15562.085
2024-08-19 07:58:15,SOLUSDT,bid,140,7322.315
2024-08-19 07:58:22,SOLUSDT,bid,120,27513.473
2024-08-19 07:58:22,SOLUSDT,bid,110,26094.562
2024-08-19 07:58:35,SOLUSDT,bid,140,7320.152
2024-08-19 07:58:36,SOLUSDT,bid,120,27515.556
2024-08-19 07:58:54,SOLUSDT,ask,149,6723.188
2024-08-19 07:59:07,SOLUSDT,bid,130,15562.135
2024-08-19 07:59:35,SOLUSDT,ask,150,29441.773
2024-08-19 07:59:37,SOLUSDT,bid,130,15557.135
2024-08-19 07:59:37,SOLUSDT,bid,125,15832.07
2024-08-19 07:59:38,SOLUSDT,ask,148,9895.606
2024-08-19 07:59:39,SOLUSDT,bid,120,27479.457
2024-08-19 07:59:39,SOLUSDT,ask,150,29438.242
2024-08-19 07:59:41,SOLUSDT,bid,111,14536.204
2024-08-19 07:59:46,SOLUSDT,bid,130,15464.688
2024-08-19 07:59:48,SOLUSDT,ask,160,26953.024
2024-08-19 07:59:49,SOLUSDT,bid,130,15464.764
2024-08-19 07:59:59,SOLUSDT,bid,110,26094.107
2024-08-19 08:00:00,SOLUSDT,bid,120,27515.556
2024-08-19 08:00:01,SOLUSDT,bid,110,26094.029
2024-08-19 08:00:11,SOLUSDT,bid,120,27515.637
2024-08-19 08:00:13,SOLUSDT,bid,135,26690.788
2024-08-19 08:00:15,SOLUSDT,bid,125,15827.07
2024-08-19 08:00:15,SOLUSDT,bid,120,27520.637
2024-08-19 08:00:34,SOLUSDT,bid,120,27520.556
2024-08-19 08:00:36,SOLUSDT,bid,135,26692.248
2024-08-19 08:00:40,SOLUSDT,bid,132,8243.496
2024-08-19 08:00:55,SOLUSDT,ask,148,9896.605
2024-08-19 08:01:05,SOLUSDT,bid,120,27520.637
2024-08-19 08:01:09,SOLUSDT,bid,110,26089.029
2024-08-19 08:01:15,SOLUSDT,bid,135,26716.24
2024-08-19 08:01:31,SOLUSDT,bid,135,26719.306
2024-08-19 08:01:34,SOLUSDT,bid,110,26087.895
2024-08-19 08:01:53,SOLUSDT,ask,150,29438.142
2024-08-19 08:01:56,SOLUSDT,ask,148,9896.405
2024-08-19 08:02:01,SOLUSDT,bid,132,8242.496
2024-08-19 08:02:28,SOLUSDT,bid,115,21251.734
2024-08-19 08:02:29,SOLUSDT,bid,115,21232.265
2024-08-19 08:02:32,SOLUSDT,bid,110,26086.986
2024-08-19 08:02:42,SOLUSDT,bid,90,17350.078
2024-08-19 08:02:44,SOLUSDT,ask,148,9908.178
2024-08-19 08:02:49,SOLUSDT,bid,135,26719.988
2024-08-19 08:03:03,SOLUSDT,ask,149,6730.088
2024-08-19 08:03:03,SOLUSDT,ask,151,24243.371
2024-08-19 08:03:14,SOLUSDT,ask,190,23414.634
2024-08-19 08:03:28,SOLUSDT,ask,149,6723.216
2024-08-19 08:03:45,SOLUSDT,ask,150,29431.081
2024-08-19 08:03:46,SOLUSDT,ask,163,16653.52
2024-08-19 08:03:57,SOLUSDT,bid,120,27512.303
2024-08-19 08:04:03,SOLUSDT,bid,120,27512.233
2024-08-19 08:05:14,SOLUSDT,bid,130,15464.688
2024-08-19 08:05:25,SOLUSDT,ask,149,6730.088
2024-08-19 08:05:37,SOLUSDT,bid,115,21242.265
2024-08-19 08:06:26,SOLUSDT,ask,160,26898.337
2024-08-19 08:06:27,SOLUSDT,bid,120,27512.186
2024-08-19 08:06:28,SOLUSDT,bid,135,26716.786
2024-08-19 08:06:33,SOLUSDT,bid,120,27512.14
2024-08-19 08:06:42,SOLUSDT,bid,110,26203.081
2024-08-19 08:06:55,SOLUSDT,ask,150,29432.693
2024-08-19 08:07:22,SOLUSDT,bid,135,26713.784
2024-08-19 08:07:38,SOLUSDT,ask,150,29432.622
2024-08-19 08:07:52,SOLUSDT,ask,149,6729.089
2024-08-19 08:07:53,SOLUSDT,bid,130,15468.556
2024-08-19 08:08:23,SOLUSDT,ask,152,27400.508
2024-08-19 08:08:27,SOLUSDT,ask,152,27401.508
2024-08-19 08:08:53,SOLUSDT,ask,148,9908.425
2024-08-19 08:09:04,SOLUSDT,ask,149,6730.088
2024-08-19 08:09:09,SOLUSDT,bid,135,26702.673
2024-08-19 08:09:19,SOLUSDT,ask,150,29432.581
2024-08-19 08:10:15,SOLUSDT,ask,160,26886.337
2024-08-19 08:10:21,SOLUSDT,ask,160,26886.297
2024-08-19 08:10:23,SOLUSDT,ask,148,9958.425
2024-08-19 08:10:25,SOLUSDT,bid,120,27513.14
2024-08-19 08:10:47,SOLUSDT,ask,188,11181.659
2024-08-19 08:11:10,SOLUSDT,ask,190,23456.251
2024-08-19 08:11:23,SOLUSDT,bid,135,26702.617
2024-08-19 08:11:53,SOLUSDT,ask,180,22714.921
2024-08-19 08:11:57,SOLUSDT,ask,175,14172.039
2024-08-19 08:12:01,SOLUSDT,ask,151,24247.546
2024-08-19 08:12:15,SOLUSDT,ask,148,9959.414
2024-08-19 08:12:29,SOLUSDT,bid,130,15469.556
2024-08-19 08:12:34,SOLUSDT,bid,135,26703.357
2024-08-19 08:12:39,SOLUSDT,ask,148,9958.425
2024-08-19 08:12:43,SOLUSDT,ask,156,19880.724
2024-08-19 08:12:54,SOLUSDT,ask,148,9959.414
2024-08-19 08:12:56,SOLUSDT,bid,135,26704.115
2024-08-19 08:13:04,SOLUSDT,bid,132,8243.496
2024-08-19 08:13:46,SOLUSDT,bid,116,8645.611
2024-08-19 08:13:48,SOLUSDT,bid,135,26711.82
2024-08-19 08:14:01,SOLUSDT,bid,135,26703.709
2024-08-19 08:14:06,SOLUSDT,bid,125,15841.001
2024-08-19 08:14:19,SOLUSDT,bid,135,26777.783
2024-08-19 08:14:19,SOLUSDT,ask,150,29435.141
2024-08-19 08:14:22,SOLUSDT,bid,120,27510.824
2024-08-19 08:14:30,SOLUSDT,bid,135,26770.078
2024-08-19 08:14:34,SOLUSDT,ask,150,29433.741
2024-08-19 08:14:36,SOLUSDT,bid,115,21252.044
2024-08-19 08:14:38,SOLUSDT,bid,90,17340.078
2024-08-19 08:14:44,SOLUSDT,bid,131,9949.683
2024-08-19 08:14:53,SOLUSDT,bid,135,26779.15
2024-08-19 08:14:59,SOLUSDT,bid,135,26778.392
2024-08-19 08:15:03,SOLUSDT,bid,135,26776.486
2024-08-19 08:15:04,SOLUSDT,bid,135,26778.679
2024-08-19 08:15:10,SOLUSDT,bid,135,26828.679
2024-08-19 08:15:16,SOLUSDT,bid,130,15519.556
2024-08-19 08:15:20,SOLUSDT,bid,135,26754.605
2024-08-19 08:15:34,SOLUSDT,ask,150,29351.497
2024-08-19 08:15:41,SOLUSDT,ask,149,6730.187
2024-08-19 08:15:56,SOLUSDT,ask,190,23468.914
2024-08-19 08:16:02,SOLUSDT,ask,158,19022.431
2024-08-19 08:16:20,SOLUSDT,bid,131,9957.316
2024-08-19 08:16:30,SOLUSDT,ask,150,29351.777
2024-08-19 08:17:01,SOLUSDT,ask,600,3014.003
2024-08-19 08:17:18,SOLUSDT,bid,135,26755.271
2024-08-19 08:17:23,SOLUSDT,ask,150,29424.021
2024-08-19 08:17:50,SOLUSDT,ask,600,3013.92
2024-08-19 08:18:04,SOLUSDT,ask,148,9955.247
2024-08-19 08:18:28,SOLUSDT,ask,600,3014.011
2024-08-19 08:18:31,SOLUSDT,ask,150,29424.117
2024-08-19 08:18:35,SOLUSDT,ask,148,9954.847
2024-08-19 08:18:36,SOLUSDT,bid,133,8001.32
2024-08-19 08:18:37,SOLUSDT,bid,111,14536.114
2024-08-19 08:18:46,SOLUSDT,bid,135,26753.078
2024-08-19 08:18:53,SOLUSDT,bid,115,21252.913
2024-08-19 08:19:19,SOLUSDT,ask,175,14172.094
2024-08-19 08:19:26,SOLUSDT,ask,152,27426.459
2024-08-19 08:19:39,SOLUSDT,ask,149,6725.463
2024-08-19 08:19:59,SOLUSDT,ask,148,9950.342
2024-08-19 08:20:00,SOLUSDT,ask,148,9945.837
2024-08-19 08:20:28,SOLUSDT,ask,148,9952.837
2024-08-19 08:20:35,SOLUSDT,ask,150,29363.272
2024-08-19 08:20:38,SOLUSDT,bid,132,8251.414
2024-08-19 08:20:48,SOLUSDT,ask,160,26884.933
2024-08-19 08:20:51,SOLUSDT,ask,156,19879.825
2024-08-19 08:20:51,SOLUSDT,ask,150,29360.257
2024-08-19 08:20:58,SOLUSDT,ask,152,27425.79
2024-08-19 08:21:00,SOLUSDT,bid,132,8257.476
2024-08-19 08:21:06,SOLUSDT,bid,135,26758.877
2024-08-19 08:21:08,SOLUSDT,ask,190,23470.916
2024-08-19 08:21:20,SOLUSDT,ask,150,29260.257
2024-08-19 08:21:41,SOLUSDT,bid,125,15841.321
2024-08-19 08:22:12,SOLUSDT,ask,152,27409.264
2024-08-19 08:22:19,SOLUSDT,ask,180,22714.63
2024-08-19 08:22:26,SOLUSDT,bid,125,15843.61
2024-08-19 08:22:42,SOLUSDT,ask,170,13889.211
2024-08-19 08:22:58,SOLUSDT,ask,175,14173.094
2024-08-19 08:23:19,SOLUSDT,ask,160,26886.297
2024-08-19 08:23:24,SOLUSDT,ask,180,22714.921
2024-08-19 08:24:13,SOLUSDT,bid,130,15522.556
2024-08-19 08:24:14,SOLUSDT,ask,150,29259.684
2024-08-19 08:24:16,SOLUSDT,bid,135,26759.986
2024-08-19 08:24:17,SOLUSDT,bid,110,26205.081
2024-08-19 08:24:29,SOLUSDT,bid,132,8257.226
2024-08-19 08:24:33,SOLUSDT,bid,116,8637.513
2024-08-19 08:24:36,SOLUSDT,ask,175,14172.826
2024-08-19 08:24:38,SOLUSDT,ask,149,6729.162
2024-08-19 08:24:48,SOLUSDT,bid,130,15522.632
2024-08-19 08:25:07,SOLUSDT,bid,135,27221.377
2024-08-19 08:25:07,SOLUSDT,ask,175,14173.094
2024-08-19 08:25:09,SOLUSDT,bid,135,27221.627
2024-08-19 08:25:10,SOLUSDT,bid,130,15524.555
2024-08-19 08:25:26,SOLUSDT,bid,132,8257.49
2024-08-19 08:25:26,SOLUSDT,bid,135,27214.22
2024-08-19 08:25:33,SOLUSDT,ask,210,24758.724
2024-08-19 08:25:39,SOLUSDT,ask,220,12048.421
2024-08-19 08:26:01,SOLUSDT,bid,120,27510.524
2024-08-19 08:27:09,SOLUSDT,bid,116,8654.754
2024-08-19 08:27:14,SOLUSDT,ask,160,26887.297
2024-08-19 08:27:17,SOLUSDT,bid,100,36187.602
2024-08-19 08:27:19,SOLUSDT,bid,131,9961.132
2024-08-19 08:27:23,SOLUSDT,ask,152,27398.534
2024-08-19 08:27:23,SOLUSDT,ask,152,27398.501
2024-08-19 08:27:28,SOLUSDT,bid,125,15845.61
2024-08-19 08:27:29,SOLUSDT,bid,135,27217.307
2024-08-19 08:27:35,SOLUSDT,bid,120,27512.607
2024-08-19 08:27:44,SOLUSDT,bid,115,21255.086
2024-08-19 08:27:45,SOLUSDT,bid,90,17341.178
2024-08-19 08:27:50,SOLUSDT,bid,110,26207.353
2024-08-19 08:27:51,SOLUSDT,ask,152,27398.046
2024-08-19 08:27:51,SOLUSDT,ask,156,19880.28
2024-08-19 08:28:15,SOLUSDT,bid,125,15844.179
2024-08-19 08:28:48,SOLUSDT,bid,135,27213.604
2024-08-19 08:29:13,SOLUSDT,ask,190,23470.716
2024-08-19 08:29:17,SOLUSDT,ask,150,29265.312
2024-08-19 08:29:18,SOLUSDT,ask,180,22714.721
2024-08-19 08:29:38,SOLUSDT,bid,135,27212.864
2024-08-19 08:29:42,SOLUSDT,ask,155,8605.006
2024-08-19 08:29:46,SOLUSDT,ask,155,8605.206
2024-08-19 08:29:49,SOLUSDT,bid,130,15510.629
2024-08-19 08:29:50,SOLUSDT,ask,150,29275.014
2024-08-19 08:29:57,SOLUSDT,bid,135,27209.161
2024-08-19 08:29:58,SOLUSDT,ask,160,26887.143
2024-08-19 08:30:03,SOLUSDT,ask,160,26886.968
2024-08-19 08:30:04,SOLUSDT,ask,160,26887.168
2024-08-19 08:30:17,SOLUSDT,ask,190,23474.293
2024-08-19 08:30:18,SOLUSDT,ask,149,6725.463
2024-08-19 08:30:26,SOLUSDT,bid,135,27208.495
2024-08-19 08:30:31,SOLUSDT,ask,151,24251.245
2024-08-19 08:30:37,SOLUSDT,bid,100,36186.39
2024-08-19 08:30:54,SOLUSDT,bid,110,26213.716
2024-08-19 08:31:06,SOLUSDT,bid,130,15523.705
2024-08-19 08:31:07,SOLUSDT,bid,132,8249.572
2024-08-19 08:31:17,SOLUSDT,bid,135,27193.681
2024-08-19 08:31:17,SOLUSDT,ask,149,6725.617
2024-08-19 08:31:31,SOLUSDT,bid,115,21245.086
2024-08-19 08:31:48,SOLUSDT,bid,120,27454.602
2024-08-19 08:31:50,SOLUSDT,bid,120,27455.435
2024-08-19 08:32:23,SOLUSDT,bid,130,15518.705
2024-08-19 08:32:36,SOLUSDT,bid,135,27192.57
2024-08-19 08:32:47,SOLUSDT,bid,100,36342.934
2024-08-19 08:32:52,SOLUSDT,ask,155,8604.861
2024-08-19 08:33:27,SOLUSDT,bid,110,26211.33
2024-08-19 08:33:40,SOLUSDT,bid,120,27451.191
2024-08-19 08:33:40,SOLUSDT,bid,111,14531.526
2024-08-19 08:34:33,SOLUSDT,bid,130,15531.058
2024-08-19 08:34:33,SOLUSDT,bid,120,27449.991
2024-08-19 08:34:51,SOLUSDT,ask,150,29202.77
2024-08-19 08:34:52,SOLUSDT,bid,80,27892.141
2024-08-19 08:34:52,SOLUSDT,bid,125,15850.398
2024-08-19 08:34:56,SOLUSDT,ask,151,24252.981
2024-08-19 08:34:59,SOLUSDT,ask,148,9953.837
2024-08-19 08:34:59,SOLUSDT,ask,150,29285.014
2024-08-19 08:35:04,SOLUSDT,ask,151,24253.981
2024-08-19 08:35:08,SOLUSDT,ask,150,29286.064
2024-08-19 08:35:23,SOLUSDT,ask,150,29285.784
2024-08-19 08:35:29,SOLUSDT,ask,160,26880.039
2024-08-19 08:35:30,SOLUSDT,bid,120,27451.733
2024-08-19 08:35:33,SOLUSDT,ask,150,29282.828
2024-08-19 08:35:35,SOLUSDT,bid,125,15834.353
2024-08-19 08:36:01,SOLUSDT,bid,125,15839.46
2024-08-19 08:36:11,SOLUSDT,bid,125,15887.85
2024-08-19 08:36:21,SOLUSDT,ask,150,29283.108
2024-08-19 08:36:36,SOLUSDT,bid,115,21246.338
2024-08-19 08:36:43,SOLUSDT,ask,151,24253.586
2024-08-19 08:36:47,SOLUSDT,ask,150,29284.075
2024-08-19 08:37:14,SOLUSDT,bid,130,15530.441
2024-08-19 08:37:15,SOLUSDT,bid,120,27450.993
2024-08-19 08:37:17,SOLUSDT,bid,135,27157.07
2024-08-19 08:37:17,SOLUSDT,bid,130,15565.941
2024-08-19 08:37:55,SOLUSDT,bid,131,9940.182
2024-08-19 08:39:06,SOLUSDT,bid,135,27156.312
2024-08-19 08:39:18,SOLUSDT,ask,185,16658.121
2024-08-19 08:39:19,SOLUSDT,bid,110,26209.512
2024-08-19 08:39:26,SOLUSDT,ask,152,27398.011
2024-08-19 08:39:26,SOLUSDT,ask,155,8604.827
2024-08-19 08:39:26,SOLUSDT,ask,158,19022.398
2024-08-19 08:39:26,SOLUSDT,ask,161,15643.845
2024-08-19 08:39:26,SOLUSDT,ask,170,13889.18
2024-08-19 08:39:56,SOLUSDT,ask,150,29285.093
2024-08-19 08:40:25,SOLUSDT,bid,125,15887.047
2024-08-19 08:40:25,SOLUSDT,ask,150,29281.417
2024-08-19 08:40:33,SOLUSDT,bid,125,15884.647
2024-08-19 08:40:41,SOLUSDT,ask,148,9954.337
2024-08-19 08:40:41,SOLUSDT,ask,154,18069.485
2024-08-19 08:40:49,SOLUSDT,ask,154,18069.985
2024-08-19 08:40:49,SOLUSDT,ask,156,19879.78
2024-08-19 08:41:36,SOLUSDT,ask,148,9956.028
2024-08-19 08:42:13,SOLUSDT,bid,100,36340.134
2024-08-19 08:42:15,SOLUSDT,bid,110,26211.89
2024-08-19 08:42:18,SOLUSDT,bid,135,27155.286
2024-08-19 08:42:27,SOLUSDT,bid,131,9941.239
2024-08-19 08:42:28,SOLUSDT,ask,190,23471.793
2024-08-19 08:42:31,SOLUSDT,bid,110,26214.436
2024-08-19 08:42:33,SOLUSDT,ask,152,27399.224
2024-08-19 08:42:48,SOLUSDT,ask,150,29317.257
2024-08-19 08:43:19,SOLUSDT,ask,155,8625.752
2024-08-19 08:43:30,SOLUSDT,bid,120,27448.493
2024-08-19 08:44:08,SOLUSDT,ask,150,29317.222
2024-08-19 08:44:23,SOLUSDT,ask,152,27445.53
2024-08-19 08:44:30,SOLUSDT,bid,135,27154.538
2024-08-19 08:44:30,SOLUSDT,bid,132,8248.05
2024-08-19 08:44:30,SOLUSDT,bid,131,9939.705
2024-08-19 08:44:30,SOLUSDT,bid,130,15564.395
2024-08-19 08:44:36,SOLUSDT,bid,120,27447.66
2024-08-19 08:44:39,SOLUSDT,bid,130,15564.346
2024-08-19 08:44:43,SOLUSDT,ask,182,5815.269
2024-08-19 08:44:43,SOLUSDT,bid,135,27154.62
2024-08-19 08:44:45,SOLUSDT,ask,150,29320.01
2024-08-19 08:44:56,SOLUSDT,ask,148,9972.552
2024-08-19 08:45:15,SOLUSDT,bid,135,27158.62
2024-08-19 08:45:36,SOLUSDT,ask,152,27444.535
2024-08-19 08:45:47,SOLUSDT,ask,155,8624.753
2024-08-19 08:45:47,SOLUSDT,ask,160,26881.038
2024-08-19 08:46:00,SOLUSDT,bid,120,27443.487
2024-08-19 08:46:16,SOLUSDT,bid,130,15561.109
2024-08-19 08:46:20,SOLUSDT,ask,155,8626.754
2024-08-19 08:46:33,SOLUSDT,bid,120,27445.579
2024-08-19 08:46:43,SOLUSDT,ask,154,18109.985
2024-08-19 08:47:25,SOLUSDT,ask,220,12050.559
2024-08-19 08:47:37,SOLUSDT,ask,150,29319.071
2024-08-19 08:48:10,SOLUSDT,ask,170,13878.395
2024-08-19 08:48:14,SOLUSDT,ask,148,9975.553
2024-08-19 08:48:14,SOLUSDT,ask,150,29316.07
2024-08-19 08:48:30,SOLUSDT,ask,156,19884.78
2024-08-19 08:49:11,SOLUSDT,ask,151,24246.571
2024-08-19 08:49:13,SOLUSDT,ask,155,8628.911
2024-08-19 08:49:16,SOLUSDT,bid,110,26212.936
2024-08-19 08:49:24,SOLUSDT,ask,148,9975.589
2024-08-19 08:49:34,SOLUSDT,ask,152,27440.221
2024-08-19 08:49:36,SOLUSDT,bid,135,27159.36
2024-08-19 08:50:19,SOLUSDT,bid,116,8656.754
2024-08-19 08:50:22,SOLUSDT,bid,120,27433.569
2024-08-19 08:50:39,SOLUSDT,bid,116,8653.941
2024-08-19 08:50:52,SOLUSDT,bid,110,26215.936
2024-08-19 08:51:14,SOLUSDT,bid,132,8275.143
2024-08-19 08:51:15,SOLUSDT,bid,110,26216.136
2024-08-19 08:51:17,SOLUSDT,ask,155,8622.117
2024-08-19 08:51:30,SOLUSDT,ask,148,9968.589
2024-08-19 08:51:55,SOLUSDT,ask,152,27415.27
2024-08-19 08:52:26,SOLUSDT,ask,230,6753.179
2024-08-19 08:52:55,SOLUSDT,ask,150,29316.112
2024-08-19 08:52:58,SOLUSDT,bid,135,27160.074
2024-08-19 08:53:01,SOLUSDT,bid,110,26316.136
2024-08-19 08:53:09,SOLUSDT,bid,131,10050.567
2024-08-19 08:53:23,SOLUSDT,ask,151,24198.004
2024-08-19 08:53:32,SOLUSDT,ask,151,24261.181
2024-08-19 08:53:54,SOLUSDT,ask,156,19881.351
2024-08-19 08:54:01,SOLUSDT,ask,150,29319.541
2024-08-19 08:54:17,SOLUSDT,bid,135,27160.112
2024-08-19 08:54:20,SOLUSDT,ask,158,19072.987
2024-08-19 08:54:20,SOLUSDT,ask,182,5764.68
2024-08-19 08:55:16,SOLUSDT,bid,135,27160.852
2024-08-19 08:55:32,SOLUSDT,bid,120,27409.487
2024-08-19 08:55:43,SOLUSDT,ask,148,10003.138
2024-08-19 08:57:12,SOLUSDT,ask,150,29326.362
2024-08-19 08:57:26,SOLUSDT,bid,125,15883.847
2024-08-19 08:57:46,SOLUSDT,ask,150,29325.362
2024-08-19 08:58:21,SOLUSDT,ask,149,6726.059
2024-08-19 08:58:24,SOLUSDT,ask,160,26846.827
2024-08-19 08:58:26,SOLUSDT,ask,151,24305.803
2024-08-19 08:58:27,SOLUSDT,ask,152,27421.892
2024-08-19 08:58:27,SOLUSDT,bid,131,10042.627
2024-08-19 08:58:45,SOLUSDT,bid,131,10041.627
2024-08-19 08:58:51,SOLUSDT,bid,110,26311.136
2024-08-19 08:58:51,SOLUSDT,bid,100,36335.134
2024-08-19 08:58:51,SOLUSDT,bid,90,17333.904
2024-08-19 08:58:53,SOLUSDT,ask,160,26916.214
2024-08-19 08:59:21,SOLUSDT,ask,150,29317.292
2024-08-19 08:59:22,SOLUSDT,bid,120,27403.445
2024-08-19 08:59:59,SOLUSDT,bid,110,26315.681
2024-08-19 08:59:59,SOLUSDT,ask,150,29318.057
2024-08-19 08:59:59,SOLUSDT,ask,160,26915.449
2024-08-19 09:00:05,SOLUSDT,bid,100,36340.134
2024-08-19 09:00:09,SOLUSDT,ask,150,29318.009
2024-08-19 09:00:09,SOLUSDT,bid,130,15553.417
2024-08-19 09:00:11,SOLUSDT,bid,90,17341.734
2024-08-19 09:00:19,SOLUSDT,bid,135,27160.952
2024-08-19 09:00:25,SOLUSDT,ask,210,24790.309
2024-08-19 09:00:33,SOLUSDT,bid,132,8275.243
2024-08-19 09:00:45,SOLUSDT,bid,135,27168.356
2024-08-19 09:00:53,SOLUSDT,ask,150,29311.188
2024-08-19 09:01:14,SOLUSDT,ask,148,10003.232
2024-08-19 09:01:49,SOLUSDT,ask,148,9929.029
2024-08-19 09:01:59,SOLUSDT,bid,130,15552.417
2024-08-19 09:02:09,SOLUSDT,ask,150,29318.009
2024-08-19 09:02:26,SOLUSDT,ask,160,26914.567
2024-08-19 09:02:41,SOLUSDT,ask,148,9928.992
2024-08-19 09:02:56,SOLUSDT,bid,110,26265.681
2024-08-19 09:02:56,SOLUSDT,bid,100,36290.134
2024-08-19 09:02:56,SOLUSDT,bid,90,17291.734
2024-08-19 09:02:59,SOLUSDT,bid,130,15551.648
2024-08-19 09:03:00,SOLUSDT,bid,115,21255.062
2024-08-19 09:03:52,SOLUSDT,bid,135,27167.276
2024-08-19 09:04:08,SOLUSDT,bid,130,15554.998
2024-08-19 09:04:26,SOLUSDT,bid,135,26796.906
2024-08-19 09:04:30,SOLUSDT,bid,110,26264.681
2024-08-19 09:04:49,SOLUSDT,bid,110,26264.634
2024-08-19 09:04:49,SOLUSDT,ask,150,29317.962
2024-08-19 09:04:49,SOLUSDT,ask,190,23471.746
2024-08-19 09:04:53,SOLUSDT,bid,135,26797.502
2024-08-19 09:04:58,SOLUSDT,bid,131,10041.877
2024-08-19 09:05:10,SOLUSDT,ask,156,19891.875
2024-08-19 09:05:34,SOLUSDT,ask,300,9417.974
2024-08-19 09:05:41,SOLUSDT,ask,600,3016.967
2024-08-19 09:06:03,SOLUSDT,bid,130,15555.67
2024-08-19 09:06:21,SOLUSDT,ask,149,6730.404
2024-08-19 09:07:18,SOLUSDT,ask,150,29327.962
2024-08-19 09:07:20,SOLUSDT,bid,110,26256.731
2024-08-19 09:07:33,SOLUSDT,ask,149,6729.555
2024-08-19 09:08:31,SOLUSDT,ask,175,14209.094
2024-08-19 09:08:32,SOLUSDT,ask,161,15648.84
2024-08-19 09:09:11,SOLUSDT,bid,135,26797.442
2024-08-19 09:09:17,SOLUSDT,ask,200,43773.939
2024-08-19 09:09:38,SOLUSDT,bid,135,26796.846
2024-08-19 09:09:43,SOLUSDT,ask,160,26913.203
2024-08-19 09:09:55,SOLUSDT,bid,110,26258.707
2024-08-19 09:09:59,SOLUSDT,ask,180,22699.413
2024-08-19 09:10:21,SOLUSDT,ask,148,9964.45
2024-08-19 09:10:25,SOLUSDT,ask,200,43774.643
2024-08-19 09:10:29,SOLUSDT,bid,135,26792.846
2024-08-19 09:10:37,SOLUSDT,bid,100,36288.884
2024-08-19 09:10:57,SOLUSDT,bid,132,8275.615
2024-08-19 09:11:21,SOLUSDT,bid,135,26790.846
2024-08-19 09:11:25,SOLUSDT,ask,200,43779.647
2024-08-19 09:11:45,SOLUSDT,bid,130,15517.209
2024-08-19 09:12:11,SOLUSDT,ask,148,9966.448
2024-08-19 09:12:11,SOLUSDT,ask,158,19070.989
2024-08-19 09:13:06,SOLUSDT,bid,132,8275.243
2024-08-19 09:13:08,SOLUSDT,ask,148,9970.739
2024-08-19 09:13:11,SOLUSDT,bid,131,10038.061
2024-08-19 09:13:44,SOLUSDT,bid,135,26792.697
2024-08-19 09:13:47,SOLUSDT,ask,150,29344.082
2024-08-19 09:13:50,SOLUSDT,bid,135,26735.982
2024-08-19 09:13:54,SOLUSDT,bid,130,15519.132
2024-08-19 09:14:07,SOLUSDT,bid,125,15885.847
2024-08-19 09:14:15,SOLUSDT,bid,120,27405.514
2024-08-19 09:14:20,SOLUSDT,ask,150,29345.496
2024-08-19 09:14:24,SOLUSDT,ask,155,8616.581
2024-08-19 09:15:43,SOLUSDT,bid,135,26800.159
2024-08-19 09:15:43,SOLUSDT,bid,116,8648.584
2024-08-19 09:15:46,SOLUSDT,bid,130,15518.101
2024-08-19 09:15:53,SOLUSDT,bid,120,27404.681
2024-08-19 09:15:54,SOLUSDT,bid,130,15517.332
2024-08-19 09:15:55,SOLUSDT,ask,150,29345.557
2024-08-19 09:16:00,SOLUSDT,bid,111,14378.272
2024-08-19 09:16:14,SOLUSDT,ask,185,16659.261
2024-08-19 09:16:18,SOLUSDT,ask,148,9972.289
2024-08-19 09:16:21,SOLUSDT,bid,116,8650.584
2024-08-19 09:16:24,SOLUSDT,ask,148,9972.329
2024-08-19 09:16:29,SOLUSDT,bid,120,27403.557
2024-08-19 09:16:35,SOLUSDT,ask,151,24305.842
2024-08-19 09:16:50,SOLUSDT,bid,100,36292.779
2024-08-19 09:17:32,SOLUSDT,bid,100,36293.779
2024-08-19 09:18:33,SOLUSDT,ask,190,23474.246
2024-08-19 09:18:41,SOLUSDT,bid,135,26817.154
2024-08-19 09:19:30,SOLUSDT,ask,150,29338.437
2024-08-19 09:19:34,SOLUSDT,bid,120,27393.557
2024-08-19 09:19:56,SOLUSDT,bid,131,10038.676
2024-08-19 09:19:57,SOLUSDT,bid,110,26258.583
2024-08-19 09:20:12,SOLUSDT,ask,200,43779.82
2024-08-19 09:20:15,SOLUSDT,ask,182,5764.853
2024-08-19 09:20:21,SOLUSDT,ask,155,8616.754
2024-08-19 09:20:27,SOLUSDT,ask,155,8630.536
2024-08-19 09:20:31,SOLUSDT,bid,110,26258.756
2024-08-19 09:20:35,SOLUSDT,bid,135,26815.303
2024-08-19 09:20:47,SOLUSDT,bid,135,26814.563
2024-08-19 09:21:07,SOLUSDT,ask,150,29348.449
2024-08-19 09:21:08,SOLUSDT,ask,155,8633.536
2024-08-19 09:21:13,SOLUSDT,ask,152,27421.93
2024-08-19 09:21:23,SOLUSDT,ask,149,6730.258
2024-08-19 09:21:33,SOLUSDT,ask,152,27421.765
2024-08-19 09:21:47,SOLUSDT,bid,135,26813.823
2024-08-19 09:22:08,SOLUSDT,bid,130,15518.332
2024-08-19 09:22:53,SOLUSDT,bid,135,26814.563
2024-08-19 09:23:13,SOLUSDT,bid,130,15522.336
2024-08-19 09:23:19,SOLUSDT,bid,110,26248.93
2024-08-19 09:23:45,SOLUSDT,ask,185,16657.582
2024-08-19 09:23:56,SOLUSDT,bid,135,26814.644
2024-08-19 09:24:10,SOLUSDT,bid,130,15523.653
2024-08-19 09:24:23,SOLUSDT,ask,200,43774.82
2024-08-19 09:24:25,SOLUSDT,ask,195,12187.804
2024-08-19 09:24:58,SOLUSDT,bid,130,15530.0
2024-08-19 09:25:13,SOLUSDT,ask,150,29352.798
2024-08-19 09:25:33,SOLUSDT,bid,115,21234.333
2024-08-19 09:25:51,SOLUSDT,ask,152,27422.356
2024-08-19 09:25:59,SOLUSDT,bid,132,8271.243
2024-08-19 09:26:53,SOLUSDT,bid,130,15422.841
2024-08-19 09:27:07,SOLUSDT,bid,130,15419.765
2024-08-19 09:27:25,SOLUSDT,bid,130,15498.853
2024-08-19 09:27:31,SOLUSDT,ask,150,29353.212
2024-08-19 09:27:44,SOLUSDT,ask,150,29352.798
2024-08-19 09:28:01,SOLUSDT,ask,150,29353.211
2024-08-19 09:29:07,SOLUSDT,bid,125,15880.916
2024-08-19 09:29:33,SOLUSDT,bid,111,14387.281
2024-08-19 09:29:53,SOLUSDT,ask,152,27423.196
2024-08-19 09:30:01,SOLUSDT,ask,155,8633.605
2024-08-19 09:30:03,SOLUSDT,bid,130,15421.93
2024-08-19 09:30:11,SOLUSDT,bid,130,15419.5
2024-08-19 09:30:31,SOLUSDT,ask,151,24301.502
2024-08-19 09:30:46,SOLUSDT,bid,116,8645.163
2024-08-19 09:30:47,SOLUSDT,bid,135,26818.347
2024-08-19 09:31:30,SOLUSDT,bid,100,36291.779
2024-08-19 09:31:44,SOLUSDT,ask,150,29354.8
2024-08-19 09:32:29,SOLUSDT,bid,115,21234.116
2024-08-19 09:32:48,SOLUSDT,bid,130,15418.183
2024-08-19 09:32:49,SOLUSDT,bid,130,15417.183
2024-08-19 09:32:49,SOLUSDT,bid,110,26238.93
2024-08-19 09:32:50,SOLUSDT,bid,130,15414.755
2024-08-19 09:33:33,SOLUSDT,ask,155,8957.603
2024-08-19 09:34:16,SOLUSDT,ask,148,9974.329
2024-08-19 09:34:46,SOLUSDT,bid,130,15335.667
2024-08-19 09:34:49,SOLUSDT,ask,148,9940.188
2024-08-19 09:34:50,SOLUSDT,bid,120,27386.741
2024-08-19 09:35:03,SOLUSDT,bid,135,26823.532
2024-08-19 09:35:16,SOLUSDT,ask,152,27422.677
2024-08-19 09:35:28,SOLUSDT,ask,148,9958.17
2024-08-19 09:35:37,SOLUSDT,bid,135,26772.76
2024-08-19 09:35:37,SOLUSDT,bid,125,15931.688
2024-08-19 09:35:57,SOLUSDT,bid,120,27295.452
2024-08-19 09:36:05,SOLUSDT,bid,125,15880.916
2024-08-19 09:36:05,SOLUSDT,bid,120,27346.224
2024-08-19 09:36:05,SOLUSDT,bid,135,26773.063
2024-08-19 09:36:12,SOLUSDT,ask,150,29357.926
2024-08-19 09:36:12,SOLUSDT,ask,160,26910.077
2024-08-19 09:36:12,SOLUSDT,ask,161,15651.039
2024-08-19 09:36:17,SOLUSDT,bid,135,26749.071
2024-08-19 09:36:37,SOLUSDT,bid,125,15880.876
2024-08-19 09:36:37,SOLUSDT,bid,135,26749.031
2024-08-19 09:36:37,SOLUSDT,bid,132,8271.203
2024-08-19 09:36:37,SOLUSDT,bid,131,10038.636
2024-08-19 09:36:37,SOLUSDT,bid,130,15335.627
2024-08-19 09:36:37,SOLUSDT,ask,148,9958.13
2024-08-19 09:36:37,SOLUSDT,ask,149,6730.218
2024-08-19 09:36:37,SOLUSDT,ask,150,29357.886
2024-08-19 09:37:35,SOLUSDT,bid,135,26742.372
2024-08-19 09:37:35,SOLUSDT,bid,132,8277.862
2024-08-19 09:38:02,SOLUSDT,ask,160,26909.077
2024-08-19 09:38:11,SOLUSDT,ask,160,26909.576
2024-08-19 09:38:28,SOLUSDT,bid,135,26742.002
2024-08-19 09:38:32,SOLUSDT,ask,197,10836.165
2024-08-19 09:38:34,SOLUSDT,bid,130,15336.027
2024-08-19 09:38:34,SOLUSDT,bid,125,15880.476
2024-08-19 09:38:56,SOLUSDT,bid,120,27346.64
2024-08-19 09:39:29,SOLUSDT,bid,135,26742.372
2024-08-19 09:39:46,SOLUSDT,ask,180,22698.56
2024-08-19 09:40:23,SOLUSDT,ask,155,8958.453
2024-08-19 09:40:41,SOLUSDT,bid,135,26741.992
2024-08-19 09:41:01,SOLUSDT,ask,149,6738.145
2024-08-19 09:41:27,SOLUSDT,ask,155,8634.455
2024-08-19 09:41:49,SOLUSDT,ask,149,6730.218
2024-08-19 09:42:20,SOLUSDT,ask,180,22697.56
2024-08-19 09:42:35,SOLUSDT,bid,135,26735.712
2024-08-19 09:42:52,SOLUSDT,ask,300,9453.334
2024-08-19 09:43:19,SOLUSDT,bid,131,10041.636
2024-08-19 09:43:50,SOLUSDT,ask,160,26910.575
2024-08-19 09:43:50,SOLUSDT,ask,170,13877.396
2024-08-19 09:43:56,SOLUSDT,ask,150,29357.923
2024-08-19 09:44:26,SOLUSDT,bid,130,15351.776
2024-08-19 09:44:33,SOLUSDT,bid,125,15888.725
2024-08-19 09:44:40,SOLUSDT,bid,120,27355.418
2024-08-19 09:44:46,SOLUSDT,bid,115,21241.61
2024-08-19 09:44:48,SOLUSDT,ask,230,6745.485
2024-08-19 09:44:56,SOLUSDT,bid,130,15331.476
2024-08-19 09:45:10,SOLUSDT,bid,135,26745.877
2024-08-19 09:45:43,SOLUSDT,ask,175,14212.091
2024-08-19 09:45:55,SOLUSDT,bid,116,8644.445
2024-08-19 09:46:01,SOLUSDT,ask,148,9959.229
2024-08-19 09:46:06,SOLUSDT,ask,148,9958.13
2024-08-19 09:46:06,SOLUSDT,ask,155,8652.095
2024-08-19 09:46:40,SOLUSDT,ask,152,27421.906
2024-08-19 09:46:50,SOLUSDT,ask,148,9958.901
2024-08-19 09:47:04,SOLUSDT,ask,150,29361.23
2024-08-19 09:47:07,SOLUSDT,ask,500,6298.299
2024-08-19 09:47:08,SOLUSDT,bid,125,15889.725
2024-08-19 09:47:27,SOLUSDT,ask,152,27401.47
2024-08-19 09:47:42,SOLUSDT,ask,150,29358.42
2024-08-19 09:47:46,SOLUSDT,bid,135,26746.847
2024-08-19 09:47:46,SOLUSDT,bid,80,27890.755
2024-08-19 09:47:53,SOLUSDT,ask,155,8895.093
2024-08-19 09:48:03,SOLUSDT,bid,132,8278.749
2024-08-19 09:48:03,SOLUSDT,bid,90,17290.502
2024-08-19 09:48:27,SOLUSDT,bid,135,26742.025
2024-08-19 09:48:49,SOLUSDT,ask,150,29355.113
2024-08-19 09:49:01,SOLUSDT,ask,150,29355.216
2024-08-19 09:49:01,SOLUSDT,ask,152,27401.367
2024-08-19 09:49:04,SOLUSDT,bid,135,26744.025
2024-08-19 09:49:05,SOLUSDT,ask,148,9955.464
2024-08-19 09:49:26,SOLUSDT,bid,135,26745.025
2024-08-19 09:49:40,SOLUSDT,bid,135,26743.025
2024-08-19 09:49:40,SOLUSDT,bid,131,10043.636
2024-08-19 09:49:44,SOLUSDT,ask,148,9954.458
2024-08-19 09:49:58,SOLUSDT,ask,150,29353.216
2024-08-19 09:50:39,SOLUSDT,ask,150,29346.327
2024-08-19 09:50:54,SOLUSDT,ask,149,6749.923
2024-08-19 09:50:55,SOLUSDT,ask,150,29348.395
2024-08-19 09:50:55,SOLUSDT,ask,152,27399.299
2024-08-19 09:51:22,SOLUSDT,ask,148,9954.404
2024-08-19 09:51:24,SOLUSDT,bid,135,26726.03
2024-08-19 09:51:26,SOLUSDT,bid,100,36231.179
2024-08-19 09:51:32,SOLUSDT,ask,150,29354.352
2024-08-19 09:51:34,SOLUSDT,bid,132,8232.596
2024-08-19 09:51:36,SOLUSDT,bid,130,15378.091
2024-08-19 09:51:46,SOLUSDT,bid,130,15382.711
2024-08-19 09:52:00,SOLUSDT,bid,135,26726.77
2024-08-19 09:52:06,SOLUSDT,ask,152,27572.859
2024-08-19 09:52:18,SOLUSDT,ask,151,24290.887
2024-08-19 09:52:28,SOLUSDT,bid,132,8278.05
2024-08-19 09:52:29,SOLUSDT,ask,155,8940.053
2024-08-19 09:52:38,SOLUSDT,ask,185,16657.626
2024-08-19 09:52:43,SOLUSDT,bid,130,15380.711
2024-08-19 09:52:59,SOLUSDT,bid,135,26727.77
2024-08-19 09:53:03,SOLUSDT,ask,160,26901.414
2024-08-19 09:53:09,SOLUSDT,ask,180,22698.604
2024-08-19 09:53:18,SOLUSDT,ask,170,13871.201
2024-08-19 09:53:22,SOLUSDT,bid,130,15382.211
2024-08-19 09:53:44,SOLUSDT,bid,110,26237.93
2024-08-19 09:53:51,SOLUSDT,bid,130,15382.158
2024-08-19 09:53:51,SOLUSDT,bid,120,27355.365
2024-08-19 09:53:51,SOLUSDT,bid,100,36231.126
2024-08-19 09:53:51,SOLUSDT,ask,150,29354.299
2024-08-19 09:53:51,SOLUSDT,ask,160,26901.361
2024-08-19 09:53:51,SOLUSDT,ask,170,13871.148
2024-08-19 09:53:51,SOLUSDT,ask,180,22698.551
2024-08-19 09:53:51,SOLUSDT,ask,190,23474.193
2024-08-19 09:53:51,SOLUSDT,ask,200,43774.767
2024-08-19 09:53:51,SOLUSDT,bid,110,26237.877
2024-08-19 09:54:04,SOLUSDT,bid,125,15841.335
2024-08-19 09:54:31,SOLUSDT,ask,150,29354.062
2024-08-19 09:54:49,SOLUSDT,bid,135,26735.77
2024-08-19 09:54:51,SOLUSDT,bid,135,26733.706
2024-08-19 09:54:52,SOLUSDT,ask,149,6716.366
2024-08-19 09:55:18,SOLUSDT,ask,250,18471.907
2024-08-19 09:55:20,SOLUSDT,bid,135,26732.706
2024-08-19 09:55:34,SOLUSDT,bid,115,21242.61
2024-08-19 09:55:37,SOLUSDT,ask,154,18111.013
2024-08-19 09:55:54,SOLUSDT,bid,135,26732.206
2024-08-19 09:56:12,SOLUSDT,bid,125,15827.239
2024-08-19 09:56:39,SOLUSDT,ask,149,6715.366
2024-08-19 09:56:44,SOLUSDT,ask,149,6715.437
2024-08-19 09:56:59,SOLUSDT,ask,149,6716.496
2024-08-19 09:57:25,SOLUSDT,bid,135,26733.206
2024-08-19 09:57:27,SOLUSDT,ask,152,27595.607
2024-08-19 09:57:32,SOLUSDT,ask,155,8939.309
2024-08-19 09:57:42,SOLUSDT,bid,131,10045.136
2024-08-19 09:58:08,SOLUSDT,ask,150,29271.818
2024-08-19 09:58:22,SOLUSDT,bid,120,27356.198
2024-08-19 09:58:42,SOLUSDT,ask,152,27614.299
2024-08-19 09:58:50,SOLUSDT,ask,190,23472.191
2024-08-19 09:58:52,SOLUSDT,ask,152,27595.607
2024-08-19 09:58:57,SOLUSDT,ask,150,29342.062
2024-08-19 09:59:01,SOLUSDT,ask,152,27614.299
2024-08-19 09:59:04,SOLUSDT,ask,155,8907.451
2024-08-19 09:59:08,SOLUSDT,bid,130,15381.098
2024-08-19 09:59:16,SOLUSDT,bid,130,15381.867
2024-08-19 09:59:26,SOLUSDT,bid,135,26732.706
2024-08-19 09:59:48,SOLUSDT,bid,131,10044.636
2024-08-19 09:59:51,SOLUSDT,ask,149,6748.354
2024-08-19 09:59:58,SOLUSDT,ask,150,29271.818
2024-08-19 09:59:59,SOLUSDT,bid,115,21237.61
2024-08-19 09:59:59,SOLUSDT,ask,200,43773.752
2024-08-19 10:00:05,SOLUSDT,ask,150,29351.411
2024-08-19 10:00:10,SOLUSDT,ask,155,8905.294
2024-08-19 10:00:15,SOLUSDT,ask,170,13873.305
2024-08-19 10:00:25,SOLUSDT,ask,150,29351.308
2024-08-19 10:00:25,SOLUSDT,ask,152,27614.402
2024-08-19 10:00:25,SOLUSDT,ask,200,43775.754
2024-08-19 10:00:26,SOLUSDT,ask,152,27613.267
2024-08-19 10:00:34,SOLUSDT,ask,148,9954.344
2024-08-19 10:00:47,SOLUSDT,ask,150,29351.271
2024-08-19 10:00:59,SOLUSDT,bid,130,15253.77
2024-08-19 10:01:29,SOLUSDT,bid,125,15828.923
2024-08-19 10:01:43,SOLUSDT,bid,130,15255.462
2024-08-19 10:01:53,SOLUSDT,ask,185,16671.76
2024-08-19 10:02:03,SOLUSDT,bid,110,26288.596
2024-08-19 10:02:04,SOLUSDT,ask,175,14226.225
2024-08-19 10:02:05,SOLUSDT,ask,149,6750.454
2024-08-19 10:02:09,SOLUSDT,ask,150,29425.984
2024-08-19 10:02:24,SOLUSDT,ask,200,43779.258
2024-08-19 10:03:07,SOLUSDT,bid,120,27360.364
2024-08-19 10:04:56,SOLUSDT,ask,160,26901.87
2024-08-19 10:05:38,SOLUSDT,ask,152,27616.364
2024-08-19 10:05:54,SOLUSDT,ask,150,29419.876
2024-08-19 10:06:46,SOLUSDT,ask,149,6758.381
2024-08-19 10:06:57,SOLUSDT,bid,130,15256.462
2024-08-19 10:07:00,SOLUSDT,ask,149,6750.454
2024-08-19 10:07:11,SOLUSDT,bid,125,15829.923
2024-08-19 10:07:11,SOLUSDT,ask,150,29422.155
2024-08-19 10:07:11,SOLUSDT,ask,155,8903.015
2024-08-19 10:07:15,SOLUSDT,bid,132,8278.125
2024-08-19 10:07:21,SOLUSDT,bid,120,27361.364
2024-08-19 10:07:39,SOLUSDT,ask,150,29416.919
2024-08-19 10:07:49,SOLUSDT,ask,152,27623.54
2024-08-19 10:08:26,SOLUSDT,ask,160,26932.296
2024-08-19 10:08:38,SOLUSDT,bid,135,26725.54
2024-08-19 10:08:50,SOLUSDT,ask,148,9958.44
2024-08-19 10:09:16,SOLUSDT,ask,156,19891.781
2024-08-19 10:09:16,SOLUSDT,bid,125,15826.3
2024-08-19 10:09:17,SOLUSDT,bid,132,8277.125
2024-08-19 10:09:21,SOLUSDT,ask,149,6828.175
2024-08-19 10:09:43,SOLUSDT,ask,148,9954.344
2024-08-19 10:09:55,SOLUSDT,ask,185,16634.129
2024-08-19 10:10:06,SOLUSDT,bid,132,8279.691
2024-08-19 10:10:17,SOLUSDT,bid,130,15256.565
2024-08-19 10:10:39,SOLUSDT,ask,160,26931.939
2024-08-19 10:10:47,SOLUSDT,ask,185,16709.392
2024-08-19 10:10:47,SOLUSDT,ask,190,23468.649
2024-08-19 10:10:54,SOLUSDT,ask,152,27627.082
2024-08-19 10:11:10,SOLUSDT,bid,130,15256.641
2024-08-19 10:11:11,SOLUSDT,bid,120,27318.831
2024-08-19 10:11:20,SOLUSDT,ask,150,29417.919
2024-08-19 10:11:49,SOLUSDT,ask,163,16649.087
2024-08-19 10:11:58,SOLUSDT,bid,125,15815.992
2024-08-19 10:12:16,SOLUSDT,ask,180,22677.397
2024-08-19 10:12:21,SOLUSDT,bid,130,15256.981
2024-08-19 10:12:23,SOLUSDT,ask,150,29426.786
2024-08-19 10:12:25,SOLUSDT,ask,152,27648.236
2024-08-19 10:13:02,SOLUSDT,ask,155,8903.085
2024-08-19 10:13:08,SOLUSDT,bid,115,21242.61
2024-08-19 10:13:20,SOLUSDT,ask,148,9954.661
2024-08-19 10:13:46,SOLUSDT,ask,150,29426.712
2024-08-19 10:14:27,SOLUSDT,bid,100,36240.527
2024-08-19 10:14:47,SOLUSDT,ask,150,29424.714
2024-08-19 10:15:13,SOLUSDT,bid,111,14383.542
2024-08-19 10:15:45,SOLUSDT,ask,152,27641.06
2024-08-19 10:15:48,SOLUSDT,ask,155,8896.858
2024-08-19 10:15:56,SOLUSDT,bid,131,10043.579
2024-08-19 10:16:09,SOLUSDT,bid,120,27341.831
2024-08-19 10:16:22,SOLUSDT,bid,131,10044.56
2024-08-19 10:16:57,SOLUSDT,bid,120,27340.821
2024-08-19 10:17:13,SOLUSDT,bid,130,15266.981
2024-08-19 10:17:15,SOLUSDT,ask,150,29424.08
2024-08-19 10:17:43,SOLUSDT,bid,120,27317.821
2024-08-19 10:18:15,SOLUSDT,ask,175,14226.271
2024-08-19 10:18:15,SOLUSDT,ask,163,16649.133
2024-08-19 10:18:16,SOLUSDT,ask,155,8896.904
2024-08-19 10:18:16,SOLUSDT,ask,151,24290.933
2024-08-19 10:18:17,SOLUSDT,bid,135,26725.586
2024-08-19 10:18:17,SOLUSDT,bid,131,10044.606
2024-08-19 10:18:18,SOLUSDT,bid,115,21242.656
2024-08-19 10:18:18,SOLUSDT,bid,111,14383.588
2024-08-19 10:18:30,SOLUSDT,ask,149,6828.076
2024-08-19 10:18:41,SOLUSDT,ask,152,27641.559
2024-08-19 10:18:41,SOLUSDT,ask,155,8896.405
2024-08-19 10:18:47,SOLUSDT,bid,135,26724.586
2024-08-19 10:18:55,SOLUSDT,ask,155,8896.366
2024-08-19 10:18:57,SOLUSDT,ask,148,9958.465
2024-08-19 10:18:59,SOLUSDT,ask,200,43779.162
2024-08-19 10:19:07,SOLUSDT,bid,130,15250.981
2024-08-19 10:19:18,SOLUSDT,bid,135,26724.512
2024-08-19 10:19:19,SOLUSDT,bid,110,26288.506
2024-08-19 10:19:32,SOLUSDT,bid,116,8643.44
2024-08-19 10:20:06,SOLUSDT,ask,149,6864.534
2024-08-19 10:20:25,SOLUSDT,bid,116,8642.422
2024-08-19 10:20:43,SOLUSDT,ask,150,29413.542
2024-08-19 10:20:45,SOLUSDT,bid,110,26330.457
2024-08-19 10:21:02,SOLUSDT,ask,150,29413.592
2024-08-19 10:21:09,SOLUSDT,ask,150,29420.13
2024-08-19 10:21:13,SOLUSDT,bid,110,26397.933
2024-08-19 10:21:28,SOLUSDT,bid,100,36271.455
2024-08-19 10:21:47,SOLUSDT,ask,160,26932.035
2024-08-19 10:22:04,SOLUSDT,ask,150,29415.346
2024-08-19 10:22:23,SOLUSDT,bid,130,15247.981
2024-08-19 10:22:35,SOLUSDT,bid,131,10047.606
2024-08-19 10:22:36,SOLUSDT,ask,160,26933.057
2024-08-19 10:22:47,SOLUSDT,ask,170,13873.938
2024-08-19 10:23:23,SOLUSDT,ask,148,9958.815
2024-08-19 10:23:39,SOLUSDT,bid,130,15256.956
2024-08-19 10:23:41,SOLUSDT,ask,185,16710.026
2024-08-19 10:23:52,SOLUSDT,bid,115,21245.152
2024-08-19 10:23:58,SOLUSDT,ask,188,12314.54
2024-08-19 10:24:01,SOLUSDT,bid,115,21242.656
2024-08-19 10:24:02,SOLUSDT,ask,180,22679.945
2024-08-19 10:24:05,SOLUSDT,ask,150,29435.346
2024-08-19 10:24:17,SOLUSDT,bid,120,27310.321
2024-08-19 10:24:50,SOLUSDT,ask,188,11181.659
2024-08-19 10:24:56,SOLUSDT,bid,132,8280.361
2024-08-19 10:25:00,SOLUSDT,ask,188,12314.54
2024-08-19 10:25:02,SOLUSDT,ask,148,9959.585
2024-08-19 10:25:10,SOLUSDT,ask,148,9959.239
2024-08-19 10:25:25,SOLUSDT,ask,175,14229.176
2024-08-19 10:25:38,SOLUSDT,bid,130,15255.264
2024-08-19 10:26:04,SOLUSDT,bid,111,14373.399
2024-08-19 10:26:04,SOLUSDT,ask,163,16640.758
2024-08-19 10:26:17,SOLUSDT,ask,149,6864.373
2024-08-19 10:26:44,SOLUSDT,bid,130,15255.53
2024-08-19 10:27:26,SOLUSDT,ask,155,8896.437
2024-08-19 10:28:05,SOLUSDT,bid,120,27309.892
2024-08-19 10:28:56,SOLUSDT,bid,125,15816.156
2024-08-19 10:29:10,SOLUSDT,ask,190,23395.394
2024-08-19 10:29:25,SOLUSDT,bid,100,36271.455
2024-08-19 10:29:34,SOLUSDT,bid,116,8642.308
2024-08-19 10:29:34,SOLUSDT,bid,110,26397.819
2024-08-19 10:29:34,SOLUSDT,ask,158,19070.875
2024-08-19 10:29:35,SOLUSDT,ask,180,22679.831
2024-08-19 10:29:37,SOLUSDT,ask,148,9959.172
2024-08-19 10:29:47,SOLUSDT,ask,155,8618.202
2024-08-19 10:29:54,SOLUSDT,ask,160,27213.791
2024-08-19 10:29:56,SOLUSDT,bid,125,15795.955
2024-08-19 10:30:00,SOLUSDT,ask,180,22679.877
2024-08-19 10:30:06,SOLUSDT,ask,158,19070.921
2024-08-19 10:30:22,SOLUSDT,bid,116,8642.354
2024-08-19 10:30:25,SOLUSDT,bid,110,26397.865
2024-08-19 10:30:34,SOLUSDT,ask,165,18001.099
2024-08-19 10:30:49,SOLUSDT,ask,190,23395.361
2024-08-19 10:30:55,SOLUSDT,bid,125,15787.955
2024-08-19 10:30:55,SOLUSDT,bid,115,21229.613
2024-08-19 10:31:11,SOLUSDT,ask,148,10019.402
2024-08-19 10:31:23,SOLUSDT,ask,148,10026.426
2024-08-19 10:31:33,SOLUSDT,ask,190,23395.394
2024-08-19 10:31:49,SOLUSDT,ask,150,29435.667
2024-08-19 10:32:04,SOLUSDT,bid,110,26398.332
2024-08-19 10:32:16,SOLUSDT,ask,152,27595.253
2024-08-19 10:33:02,SOLUSDT,bid,100,36271.455
2024-08-19 10:33:05,SOLUSDT,ask,148,10016.436
2024-08-19 10:33:18,SOLUSDT,ask,160,27213.83
2024-08-19 10:33:26,SOLUSDT,bid,135,26731.682
2024-08-19 10:33:58,SOLUSDT,ask,150,29436.073
2024-08-19 10:34:50,SOLUSDT,ask,155,8619.554
2024-08-19 10:34:55,SOLUSDT,ask,163,16590.808
2024-08-19 10:35:01,SOLUSDT,bid,130,15257.068
2024-08-19 10:35:06,SOLUSDT,ask,148,10016.484
2024-08-19 10:35:19,SOLUSDT,bid,120,27311.558
2024-08-19 10:35:26,SOLUSDT,ask,148,10017.159
2024-08-19 10:35:29,SOLUSDT,ask,150,29436.108
2024-08-19 10:35:29,SOLUSDT,ask,190,23395.359
2024-08-19 10:35:45,SOLUSDT,ask,148,10014.111
2024-08-19 10:36:02,SOLUSDT,ask,149,6863.648
2024-08-19 10:36:02,SOLUSDT,ask,150,29435.608
2024-08-19 10:36:15,SOLUSDT,bid,135,26731.497
2024-08-19 10:36:16,SOLUSDT,ask,150,29435.573
2024-08-19 10:36:16,SOLUSDT,ask,160,27213.865
2024-08-19 10:36:18,SOLUSDT,bid,130,15268.986
2024-08-19 10:36:20,SOLUSDT,bid,125,15787.395
2024-08-19 10:36:25,SOLUSDT,bid,120,27324.677
2024-08-19 10:36:25,SOLUSDT,ask,190,23391.33
2024-08-19 10:37:06,SOLUSDT,bid,132,8273.162
2024-08-19 10:37:48,SOLUSDT,ask,150,29485.573
2024-08-19 10:37:49,SOLUSDT,bid,125,15787.327
2024-08-19 10:39:46,SOLUSDT,bid,135,26731.68
2024-08-19 10:40:48,SOLUSDT,bid,100,36271.455
2024-08-19 10:40:50,SOLUSDT,ask,148,10021.024
2024-08-19 10:40:53,SOLUSDT,ask,152,27579.634
2024-08-19 10:40:56,SOLUSDT,bid,110,26398.06
2024-08-19 10:41:01,SOLUSDT,bid,120,27324.511
2024-08-19 10:41:14,SOLUSDT,ask,152,27629.634
2024-08-19 10:41:18,SOLUSDT,ask,155,8548.873
2024-08-19 10:41:23,SOLUSDT,bid,120,27321.511
2024-08-19 10:41:26,SOLUSDT,bid,120,27323.187
2024-08-19 10:41:38,SOLUSDT,ask,148,10026.316
2024-08-19 10:41:39,SOLUSDT,ask,175,14236.079
2024-08-19 10:42:40,SOLUSDT,bid,135,26734.572
2024-08-19 10:42:57,SOLUSDT,ask,170,13873.621
2024-08-19 10:43:20,SOLUSDT,bid,125,15787.007
2024-08-19 10:43:31,SOLUSDT,ask,155,8305.875
2024-08-19 10:44:00,SOLUSDT,ask,161,15700.989
2024-08-19 10:44:14,SOLUSDT,ask,148,10026.387
2024-08-19 10:44:26,SOLUSDT,ask,148,10026.316
2024-08-19 10:44:31,SOLUSDT,ask,148,10026.386
2024-08-19 10:44:36,SOLUSDT,ask,155,8629.873
2024-08-19 10:44:56,SOLUSDT,bid,135,26734.163
2024-08-19 10:45:06,SOLUSDT,ask,152,27627.199
2024-08-19 10:45:07,SOLUSDT,ask,200,43853.498
2024-08-19 10:45:50,SOLUSDT,ask,148,10028.386
2024-08-19 10:46:00,SOLUSDT,bid,135,26732.034
2024-08-19 10:46:57,SOLUSDT,ask,160,27211.431
2024-08-19 10:47:25,SOLUSDT,ask,350,4182.13
2024-08-19 10:47:26,SOLUSDT,ask,150,29507.056
2024-08-19 10:47:43,SOLUSDT,ask,185,16680.162
2024-08-19 10:47:51,SOLUSDT,bid,110,26393.295
2024-08-19 10:47:53,SOLUSDT,ask,155,8629.515
2024-08-19 10:47:57,SOLUSDT,ask,148,10028.487
2024-08-19 10:47:57,SOLUSDT,ask,150,29506.955
2024-08-19 10:48:18,SOLUSDT,ask,175,14224.808
2024-08-19 10:48:36,SOLUSDT,ask,165,18012.37
2024-08-19 10:48:39,SOLUSDT,ask,155,8627.761
2024-08-19 10:48:44,SOLUSDT,ask,149,6895.955
2024-08-19 10:48:47,SOLUSDT,ask,158,19265.981
2024-08-19 10:48:54,SOLUSDT,ask,155,8627.656
2024-08-19 10:48:58,SOLUSDT,ask,152,28316.934
2024-08-19 10:49:07,SOLUSDT,ask,165,18012.023
2024-08-19 10:49:20,SOLUSDT,ask,155,8627.559
2024-08-19 10:49:37,SOLUSDT,ask,158,19255.991
2024-08-19 10:50:10,SOLUSDT,ask,148,10307.365
2024-08-19 10:50:27,SOLUSDT,ask,148,10307.129
2024-08-19 10:52:35,SOLUSDT,ask,150,29504.955
2024-08-19 10:52:48,SOLUSDT,bid,135,26725.77
2024-08-19 10:52:49,SOLUSDT,bid,135,26745.77
2024-08-19 10:53:01,SOLUSDT,bid,120,27322.187
2024-08-19 10:53:26,SOLUSDT,ask,149,7224.111
2024-08-19 10:53:40,SOLUSDT,ask,150,29461.23
2024-08-19 10:53:56,SOLUSDT,bid,110,26392.303
2024-08-19 10:54:21,SOLUSDT,ask,158,19060.931
2024-08-19 10:54:26,SOLUSDT,ask,185,16680.118
2024-08-19 10:54:36,SOLUSDT,ask,151,24290.847
2024-08-19 10:54:38,SOLUSDT,bid,130,15268.91
2024-08-19 10:54:43,SOLUSDT,bid,110,26392.53
2024-08-19 10:55:05,SOLUSDT,ask,200,43853.084
2024-08-19 10:55:26,SOLUSDT,ask,149,7227.628
2024-08-19 10:55:39,SOLUSDT,ask,150,29452.807
2024-08-19 10:55:40,SOLUSDT,bid,130,15265.834
2024-08-19 10:55:41,SOLUSDT,ask,150,29452.527
2024-08-19 10:56:06,SOLUSDT,bid,120,27287.11
2024-08-19 10:56:08,SOLUSDT,ask,148,10307.664
2024-08-19 10:56:23,SOLUSDT,bid,120,27288.11
2024-08-19 10:56:30,SOLUSDT,ask,150,29456.527
2024-08-19 10:56:51,SOLUSDT,ask,160,27235.17
2024-08-19 10:57:06,SOLUSDT,ask,152,28366.934
2024-08-19 10:57:13,SOLUSDT,bid,120,27287.11
2024-08-19 10:57:15,SOLUSDT,ask,160,27211.431
2024-08-19 10:57:18,SOLUSDT,ask,185,16680.054
2024-08-19 10:57:18,SOLUSDT,ask,220,12050.505
2024-08-19 10:57:23,SOLUSDT,bid,100,36272.455
2024-08-19 10:57:26,SOLUSDT,ask,170,13897.36
2024-08-19 10:57:31,SOLUSDT,bid,100,36271.455
2024-08-19 10:58:17,SOLUSDT,bid,130,15265.223
2024-08-19 10:58:20,SOLUSDT,ask,147,6810.124
2024-08-19 10:58:53,SOLUSDT,bid,115,21228.744
2024-08-19 10:59:05,SOLUSDT,ask,155,8606.411
2024-08-19 10:59:16,SOLUSDT,ask,155,8627.559
2024-08-19 10:59:26,SOLUSDT,ask,150,29459.524
2024-08-19 10:59:45,SOLUSDT,ask,147,6803.004
2024-08-19 10:59:49,SOLUSDT,ask,250,18472.262
2024-08-19 11:00:02,SOLUSDT,ask,147,6803.254
2024-08-19 11:00:02,SOLUSDT,ask,250,18471.907
2024-08-19 11:00:08,SOLUSDT,ask,148,10307.914
2024-08-19 11:00:17,SOLUSDT,ask,300,9453.689
2024-08-19 11:00:17,SOLUSDT,ask,149,7227.878
2024-08-19 11:00:18,SOLUSDT,ask,147,6804.137
2024-08-19 11:00:24,SOLUSDT,ask,150,29459.783
2024-08-19 11:00:45,SOLUSDT,ask,147,6805.244
2024-08-19 11:00:53,SOLUSDT,ask,147,6830.457
2024-08-19 11:01:03,SOLUSDT,ask,147,6830.865
2024-08-19 11:01:05,SOLUSDT,ask,160,27197.464
2024-08-19 11:01:08,SOLUSDT,bid,131,10060.834
2024-08-19 11:01:27,SOLUSDT,ask,149,7048.988
2024-08-19 11:01:39,SOLUSDT,bid,135,26746.787
2024-08-19 11:01:50,SOLUSDT,ask,180,22680.241
2024-08-19 11:01:57,SOLUSDT,ask,147,7009.756
2024-08-19 11:02:06,SOLUSDT,ask,147,7009.901
2024-08-19 11:02:11,SOLUSDT,bid,125,15786.607
2024-08-19 11:02:20,SOLUSDT,ask,150,29462.598
2024-08-19 11:02:24,SOLUSDT,ask,150,29325.598
2024-08-19 11:02:28,SOLUSDT,ask,150,29324.598
2024-08-19 11:02:41,SOLUSDT,bid,111,14310.336
2024-08-19 11:02:50,SOLUSDT,ask,147,7009.401
2024-08-19 11:02:59,SOLUSDT,ask,165,18010.099
2024-08-19 11:03:02,SOLUSDT,ask,147,7009.807
2024-08-19 11:03:15,SOLUSDT,bid,111,14364.39
2024-08-19 11:03:20,SOLUSDT,ask,147,7010.807
2024-08-19 11:03:39,SOLUSDT,ask,150,29324.441
2024-08-19 11:03:39,SOLUSDT,ask,160,27197.621
2024-08-19 11:03:45,SOLUSDT,ask,160,27195.14
2024-08-19 11:03:54,SOLUSDT,bid,90,17297.532
2024-08-19 11:04:09,SOLUSDT,ask,155,8624.876
2024-08-19 11:04:31,SOLUSDT,ask,158,19060.606
2024-08-19 11:04:45,SOLUSDT,ask,150,29324.888
2024-08-19 11:05:01,SOLUSDT,bid,130,15264.185
2024-08-19 11:05:20,SOLUSDT,ask,150,29327.369
2024-08-19 11:05:37,SOLUSDT,bid,120,27274.605
2024-08-19 11:06:41,SOLUSDT,ask,147,7110.807
2024-08-19 11:06:48,SOLUSDT,bid,135,26747.002
2024-08-19 11:07:30,SOLUSDT,ask,147,7109.45
2024-08-19 11:07:43,SOLUSDT,bid,125,15789.607
2024-08-19 11:07:52,SOLUSDT,ask,147,7110.405
2024-08-19 11:07:55,SOLUSDT,bid,120,27261.486
2024-08-19 11:08:13,SOLUSDT,ask,170,13898.717
2024-08-19 11:08:26,SOLUSDT,ask,148,10308.914
2024-08-19 11:08:33,SOLUSDT,bid,130,15259.185
2024-08-19 11:08:34,SOLUSDT,bid,135,26744.002
2024-08-19 11:08:51,SOLUSDT,ask,147,7109.58
2024-08-19 11:09:15,SOLUSDT,ask,147,7938.65
2024-08-19 11:09:27,SOLUSDT,ask,147,7109.58
2024-08-19 11:09:33,SOLUSDT,ask,150,29325.369
2024-08-19 11:09:42,SOLUSDT,ask,147,7117.087
2024-08-19 11:10:05,SOLUSDT,ask,147,7118.087
2024-08-19 11:10:31,SOLUSDT,ask,149,7050.137
2024-08-19 11:10:35,SOLUSDT,bid,130,15258.685
2024-08-19 11:10:48,SOLUSDT,ask,151,24227.67
2024-08-19 11:11:02,SOLUSDT,ask,150,29326.185
2024-08-19 11:11:06,SOLUSDT,ask,150,29333.028
2024-08-19 11:11:21,SOLUSDT,bid,120,27259.762
2024-08-19 11:11:26,SOLUSDT,ask,163,16591.054
2024-08-19 11:11:41,SOLUSDT,ask,147,7125.184
2024-08-19 11:11:41,SOLUSDT,ask,150,29332.212
2024-08-19 11:11:45,SOLUSDT,ask,147,7128.965
2024-08-19 11:11:48,SOLUSDT,bid,100,36271.455
2024-08-19 11:11:50,SOLUSDT,bid,100,36227.961
2024-08-19 11:12:08,SOLUSDT,ask,150,29331.646
2024-08-19 11:12:24,SOLUSDT,ask,148,10316.606
2024-08-19 11:12:24,SOLUSDT,ask,195,12187.85
2024-08-19 11:12:24,SOLUSDT,ask,200,43853.13
2024-08-19 11:12:25,SOLUSDT,ask,190,23391.376
2024-08-19 11:12:25,SOLUSDT,bid,130,15260.276
2024-08-19 11:12:25,SOLUSDT,ask,185,16680.1
2024-08-19 11:12:26,SOLUSDT,ask,180,22680.287
2024-08-19 11:12:27,SOLUSDT,ask,175,14224.854
2024-08-19 11:12:27,SOLUSDT,ask,170,13898.763
2024-08-19 11:12:28,SOLUSDT,ask,165,18010.145
2024-08-19 11:12:29,SOLUSDT,ask,185,16685.252
2024-08-19 11:12:29,SOLUSDT,ask,160,27195.186
2024-08-19 11:12:30,SOLUSDT,ask,155,8624.922
2024-08-19 11:12:30,SOLUSDT,ask,150,29331.692
2024-08-19 11:12:32,SOLUSDT,bid,135,26744.048
2024-08-19 11:12:33,SOLUSDT,bid,130,15260.322
2024-08-19 11:12:34,SOLUSDT,bid,125,15789.653
2024-08-19 11:12:35,SOLUSDT,bid,120,27259.808
2024-08-19 11:12:35,SOLUSDT,bid,115,21228.79
2024-08-19 11:12:36,SOLUSDT,bid,110,26392.576
2024-08-19 11:12:40,SOLUSDT,ask,148,10308.914
2024-08-19 11:12:46,SOLUSDT,ask,150,29339.384
2024-08-19 11:12:50,SOLUSDT,bid,100,36227.961
2024-08-19 11:13:21,SOLUSDT,bid,100,36227.961
2024-08-19 11:13:23,SOLUSDT,bid,115,21228.651
2024-08-19 11:13:38,SOLUSDT,ask,148,10310.069
2024-08-19 11:13:50,SOLUSDT,ask,147,7129.257
2024-08-19 11:13:50,SOLUSDT,ask,175,14224.498
2024-08-19 11:13:52,SOLUSDT,bid,100,36227.961
2024-08-19 11:14:08,SOLUSDT,ask,147,7128.526
2024-08-19 11:14:21,SOLUSDT,ask,150,29343.195
2024-08-19 11:15:02,SOLUSDT,bid,120,27239.808
2024-08-19 11:15:11,SOLUSDT,ask,148,10307.6
2024-08-19 11:15:23,SOLUSDT,bid,130,15280.322
2024-08-19 11:15:26,SOLUSDT,ask,147,7130.995
2024-08-19 11:15:36,SOLUSDT,bid,135,26724.048
2024-08-19 11:16:26,SOLUSDT,bid,111,14362.138
2024-08-19 11:16:43,SOLUSDT,bid,142,10304.682
2024-08-19 11:16:48,SOLUSDT,bid,120,27239.417
2024-08-19 11:16:49,SOLUSDT,ask,147,7131.995
2024-08-19 11:16:51,SOLUSDT,ask,170,13895.193
2024-08-19 11:16:58,SOLUSDT,bid,100,36227.961
2024-08-19 11:17:02,SOLUSDT,ask,147,7138.137
2024-08-19 11:17:23,SOLUSDT,bid,135,26723.678
2024-08-19 11:17:32,SOLUSDT,ask,155,8636.922
2024-08-19 11:17:58,SOLUSDT,ask,160,27011.124
2024-08-19 11:18:08,SOLUSDT,bid,120,27288.262
2024-08-19 11:18:09,SOLUSDT,bid,142,10579.134
2024-08-19 11:18:10,SOLUSDT,bid,135,26724.706
2024-08-19 11:18:11,SOLUSDT,bid,135,26725.019
2024-08-19 11:18:19,SOLUSDT,bid,135,26723.991
2024-08-19 11:18:36,SOLUSDT,ask,180,22682.313
2024-08-19 11:18:53,SOLUSDT,ask,190,23393.101
2024-08-19 11:19:15,SOLUSDT,ask,147,7128.089
2024-08-19 11:19:18,SOLUSDT,bid,135,26722.991
2024-08-19 11:19:25,SOLUSDT,bid,80,27882.968
2024-08-19 11:20:32,SOLUSDT,ask,147,7128.273
2024-08-19 11:20:35,SOLUSDT,ask,161,15721.989
2024-08-19 11:21:06,SOLUSDT,bid,100,36227.961
2024-08-19 11:21:06,SOLUSDT,bid,135,26646.725
2024-08-19 11:21:14,SOLUSDT,ask,300,9418.329
2024-08-19 11:21:21,SOLUSDT,ask,149,7047.612
2024-08-19 11:21:26,SOLUSDT,ask,147,7129.277
2024-08-19 11:21:38,SOLUSDT,ask,147,7131.802
2024-08-19 11:21:40,SOLUSDT,bid,130,15277.547
2024-08-19 11:21:44,SOLUSDT,ask,155,8635.438
2024-08-19 11:22:23,SOLUSDT,ask,180,22680.139
2024-08-19 11:22:24,SOLUSDT,bid,90,17287.066
2024-08-19 11:22:28,SOLUSDT,bid,110,26391.213
2024-08-19 11:22:59,SOLUSDT,ask,147,7125.66
2024-08-19 11:23:00,SOLUSDT,ask,163,16590.484
2024-08-19 11:23:00,SOLUSDT,ask,148,10307.03
2024-08-19 11:23:00,SOLUSDT,ask,158,19060.036
2024-08-19 11:23:07,SOLUSDT,ask,147,7152.782
2024-08-19 11:23:17,SOLUSDT,ask,150,29340.195
2024-08-19 11:23:29,SOLUSDT,ask,149,7024.386
2024-08-19 11:23:33,SOLUSDT,ask,147,7153.308
2024-08-19 11:23:37,SOLUSDT,bid,135,26643.833
2024-08-19 11:24:18,SOLUSDT,ask,147,7345.096
2024-08-19 11:24:19,SOLUSDT,bid,130,15279.038
2024-08-19 11:24:54,SOLUSDT,bid,135,26642.813
2024-08-19 11:25:06,SOLUSDT,ask,150,29330.292
2024-08-19 11:25:17,SOLUSDT,bid,80,27882.198
2024-08-19 11:25:23,SOLUSDT,ask,200,43851.957
2024-08-19 11:25:29,SOLUSDT,bid,90,17285.955
2024-08-19 11:25:31,SOLUSDT,bid,100,36226.757
2024-08-19 11:26:09,SOLUSDT,ask,148,10313.68
2024-08-19 11:26:19,SOLUSDT,ask,300,9453.689
2024-08-19 11:26:20,SOLUSDT,ask,149,7026.769
2024-08-19 11:26:30,SOLUSDT,bid,135,26282.51
2024-08-19 11:26:34,SOLUSDT,ask,165,18011.318
2024-08-19 11:26:36,SOLUSDT,ask,190,23383.976
2024-08-19 11:26:40,SOLUSDT,ask,150,29331.053
2024-08-19 11:26:47,SOLUSDT,bid,100,36226.757
2024-08-19 11:26:48,SOLUSDT,bid,100,36375.757
2024-08-19 11:27:13,SOLUSDT,bid,130,15280.138
2024-08-19 11:27:36,SOLUSDT,ask,185,16685.046
2024-08-19 11:27:41,SOLUSDT,ask,150,29331.553
2024-08-19 11:27:43,SOLUSDT,ask,163,16590.123
2024-08-19 11:28:09,SOLUSDT,ask,150,29341.553
2024-08-19 11:28:16,SOLUSDT,bid,130,15279.038
2024-08-19 11:28:20,SOLUSDT,bid,100,36375.757
2024-08-19 11:28:25,SOLUSDT,ask,148,10323.68
2024-08-19 11:28:28,SOLUSDT,bid,120,27289.362
2024-08-19 11:28:54,SOLUSDT,bid,135,26281.77
2024-08-19 11:29:06,SOLUSDT,ask,150,29341.734
2024-08-19 11:29:21,SOLUSDT,ask,170,13884.193
2024-08-19 11:29:35,SOLUSDT,ask,147,7346.124
2024-08-19 11:29:42,SOLUSDT,bid,125,15785.653
2024-08-19 11:29:42,SOLUSDT,bid,115,21224.304
2024-08-19 11:29:42,SOLUSDT,bid,100,36370.757
2024-08-19 11:29:42,SOLUSDT,bid,90,17280.4
2024-08-19 11:29:42,SOLUSDT,bid,80,27875.948
2024-08-19 11:29:53,SOLUSDT,bid,100,36370.757
2024-08-19 11:30:02,SOLUSDT,ask,163,16589.123
2024-08-19 11:30:06,SOLUSDT,bid,132,8227.708
2024-08-19 11:30:19,SOLUSDT,bid,135,26285.473
2024-08-19 11:30:24,SOLUSDT,ask,147,7346.134
2024-08-19 11:30:25,SOLUSDT,bid,132,8265.586
2024-08-19 11:30:26,SOLUSDT,bid,125,15789.653
2024-08-19 11:30:33,SOLUSDT,ask,155,8635.688
2024-08-19 11:30:34,SOLUSDT,bid,115,21228.651
2024-08-19 11:30:34,SOLUSDT,bid,110,26390.85
2024-08-19 11:30:49,SOLUSDT,bid,111,14382.827
2024-08-19 11:30:53,SOLUSDT,ask,160,26948.566
2024-08-19 11:31:05,SOLUSDT,ask,147,7408.692
2024-08-19 11:31:17,SOLUSDT,ask,160,26948.816
2024-08-19 11:31:19,SOLUSDT,ask,150,29341.334
2024-08-19 11:31:25,SOLUSDT,bid,135,26281.77
2024-08-19 11:31:27,SOLUSDT,bid,135,26280.77
2024-08-19 11:31:28,SOLUSDT,bid,130,15278.675
2024-08-19 11:31:38,SOLUSDT,ask,165,18011.568
2024-08-19 11:31:50,SOLUSDT,bid,100,36387.736
2024-08-19 11:32:05,SOLUSDT,ask,158,18760.088
2024-08-19 11:32:05,SOLUSDT,ask,170,13884.443
2024-08-19 11:32:28,SOLUSDT,ask,147,7408.612
2024-08-19 11:33:12,SOLUSDT,ask,152,28366.334
2024-08-19 11:33:28,SOLUSDT,ask,151,24221.884
2024-08-19 11:33:38,SOLUSDT,ask,147,7408.712
2024-08-19 11:34:05,SOLUSDT,bid,111,14382.487
2024-08-19 11:34:05,SOLUSDT,bid,110,26382.85
2024-08-19 11:34:09,SOLUSDT,ask,147,7408.612
2024-08-19 11:34:39,SOLUSDT,ask,147,7409.032
2024-08-19 11:34:43,SOLUSDT,ask,185,16680.588
2024-08-19 11:34:46,SOLUSDT,ask,147,7409.232
2024-08-19 11:34:54,SOLUSDT,ask,147,7409.555
2024-08-19 11:34:59,SOLUSDT,ask,150,29341.37
2024-08-19 11:35:02,SOLUSDT,ask,150,29338.599
2024-08-19 11:35:22,SOLUSDT,ask,150,29341.447
2024-08-19 11:35:31,SOLUSDT,ask,158,18760.055
2024-08-19 11:35:38,SOLUSDT,ask,147,7009.555
2024-08-19 11:35:38,SOLUSDT,ask,148,9923.68
2024-08-19 11:35:38,SOLUSDT,ask,155,8135.688
2024-08-19 11:35:55,SOLUSDT,ask,200,43851.852
2024-08-19 11:36:03,SOLUSDT,ask,161,15722.022
2024-08-19 11:36:14,SOLUSDT,bid,130,15281.018
2024-08-19 11:36:24,SOLUSDT,ask,147,7010.74
2024-08-19 11:36:24,SOLUSDT,ask,160,26948.783
2024-08-19 11:36:25,SOLUSDT,ask,154,18073.685
2024-08-19 11:36:55,SOLUSDT,ask,147,7011.739
2024-08-19 11:37:14,SOLUSDT,ask,152,28365.334
2024-08-19 11:37:16,SOLUSDT,ask,175,14225.021
2024-08-19 11:37:16,SOLUSDT,ask,150,29339.909
2024-08-19 11:37:41,SOLUSDT,bid,135,26283.146
2024-08-19 11:37:48,SOLUSDT,ask,170,13885.196
2024-08-19 11:37:48,SOLUSDT,ask,180,22680.85
2024-08-19 11:37:48,SOLUSDT,ask,160,26949.583
2024-08-19 11:37:49,SOLUSDT,ask,150,29340.762
2024-08-19 11:37:50,SOLUSDT,bid,130,15282.002
2024-08-19 11:37:51,SOLUSDT,bid,120,27290.428
2024-08-19 11:37:52,SOLUSDT,bid,110,26384.013
2024-08-19 11:37:53,SOLUSDT,bid,100,36389.016
2024-08-19 11:37:59,SOLUSDT,bid,115,21128.651
2024-08-19 11:38:00,SOLUSDT,ask,147,7058.245
2024-08-19 11:38:02,SOLUSDT,ask,150,29339.463
2024-08-19 11:38:38,SOLUSDT,bid,110,26380.955
2024-08-19 11:38:38,SOLUSDT,ask,190,23384.028
2024-08-19 11:38:40,SOLUSDT,bid,120,27290.48
2024-08-19 11:38:47,SOLUSDT,ask,150,29339.427
2024-08-19 11:39:34,SOLUSDT,ask,147,7093.21
2024-08-19 11:40:35,SOLUSDT,bid,115,21144.303
2024-08-19 11:40:50,SOLUSDT,ask,151,24218.78
2024-08-19 11:40:56,SOLUSDT,ask,148,9923.433
2024-08-19 11:41:06,SOLUSDT,ask,147,7096.314
2024-08-19 11:42:03,SOLUSDT,bid,120,27288.814
2024-08-19 11:42:06,SOLUSDT,bid,130,15280.464
2024-08-19 11:42:07,SOLUSDT,ask,152,28294.689
2024-08-19 11:42:14,SOLUSDT,bid,132,8258.765
2024-08-19 11:42:32,SOLUSDT,ask,250,18451.614
2024-08-19 11:42:34,SOLUSDT,bid,130,15280.271
2024-08-19 11:42:45,SOLUSDT,ask,198,6230.717
2024-08-19 11:42:48,SOLUSDT,bid,100,36389.016
2024-08-19 11:43:08,SOLUSDT,bid,111,14379.487
2024-08-19 11:43:22,SOLUSDT,ask,147,7097.912
2024-08-19 11:43:28,SOLUSDT,bid,110,26371.865
2024-08-19 11:44:04,SOLUSDT,bid,80,28133.497
2024-08-19 11:44:10,SOLUSDT,ask,148,9956.433
2024-08-19 11:44:11,SOLUSDT,ask,152,28294.534
2024-08-19 11:44:12,SOLUSDT,bid,125,15813.357
2024-08-19 11:44:24,SOLUSDT,ask,147,7098.067
2024-08-19 11:44:39,SOLUSDT,ask,151,24218.415
2024-08-19 11:44:54,SOLUSDT,bid,135,26281.25
2024-08-19 11:44:57,SOLUSDT,bid,115,21145.545
2024-08-19 11:44:57,SOLUSDT,ask,147,7177.497
2024-08-19 11:46:01,SOLUSDT,bid,132,8259.882
2024-08-19 11:46:15,SOLUSDT,ask,205,10876.128
2024-08-19 11:46:15,SOLUSDT,bid,110,26356.865
2024-08-19 11:46:22,SOLUSDT,ask,147,7177.115
2024-08-19 11:46:45,SOLUSDT,ask,147,7158.06
2024-08-19 11:46:47,SOLUSDT,ask,147,7244.852
2024-08-19 11:46:54,SOLUSDT,bid,100,36396.928
2024-08-19 11:47:37,SOLUSDT,ask,147,7245.852
2024-08-19 11:47:44,SOLUSDT,bid,132,8264.72
2024-08-19 11:48:07,SOLUSDT,bid,110,26357.137
2024-08-19 11:48:21,SOLUSDT,ask,220,12050.198
2024-08-19 11:48:23,SOLUSDT,bid,130,15280.317
2024-08-19 11:48:28,SOLUSDT,ask,155,8134.688
2024-08-19 11:48:45,SOLUSDT,ask,147,7245.803
2024-08-19 11:49:30,SOLUSDT,bid,135,26285.25
2024-08-19 11:49:53,SOLUSDT,bid,130,15282.317
2024-08-19 11:50:01,SOLUSDT,bid,135,26284.644
2024-08-19 11:50:19,SOLUSDT,ask,147,7175.451
2024-08-19 11:50:41,SOLUSDT,ask,150,29344.522
2024-08-19 11:51:04,SOLUSDT,bid,100,36396.928
2024-08-19 11:51:06,SOLUSDT,ask,160,26949.427
2024-08-19 11:51:15,SOLUSDT,ask,147,7173.814
2024-08-19 11:51:54,SOLUSDT,ask,150,29339.913
2024-08-19 11:52:18,SOLUSDT,ask,147,7173.938
2024-08-19 11:52:38,SOLUSDT,ask,180,22679.482
2024-08-19 11:52:53,SOLUSDT,bid,130,15292.541
2024-08-19 11:52:55,SOLUSDT,ask,152,28292.825
2024-08-19 11:52:57,SOLUSDT,ask,200,43850.747
2024-08-19 11:53:18,SOLUSDT,ask,148,9953.524
2024-08-19 11:53:37,SOLUSDT,bid,130,15291.003
2024-08-19 11:53:41,SOLUSDT,ask,230,6746.59
2024-08-19 11:54:06,SOLUSDT,ask,150,29340.456
2024-08-19 11:54:16,SOLUSDT,ask,163,16591.877
2024-08-19 11:54:29,SOLUSDT,ask,198,6210.424
2024-08-19 11:54:38,SOLUSDT,ask,165,18011.708
2024-08-19 11:54:39,SOLUSDT,ask,147,7174.416
2024-08-19 11:54:50,SOLUSDT,ask,152,28290.25
2024-08-19 11:54:59,SOLUSDT,bid,111,14419.868
2024-08-19 11:55:41,SOLUSDT,ask,200,43850.267
2024-08-19 11:57:31,SOLUSDT,bid,120,27288.964
2024-08-19 11:57:48,SOLUSDT,bid,130,15275.619
2024-08-19 11:57:57,SOLUSDT,ask,165,18011.568
2024-08-19 11:59:01,SOLUSDT,bid,120,27288.699
2024-08-19 11:59:14,SOLUSDT,ask,165,18011.708
2024-08-19 11:59:56,SOLUSDT,ask,170,13893.28
2024-08-19 12:00:58,SOLUSDT,bid,130,15291.003
2024-08-19 12:01:13,SOLUSDT,bid,135,26285.207
2024-08-19 12:01:33,SOLUSDT,ask,152,28285.75
2024-08-19 12:01:42,SOLUSDT,ask,147,7198.553
2024-08-19 12:02:06,SOLUSDT,ask,158,18753.751
2024-08-19 12:02:06,SOLUSDT,ask,147,7198.487
2024-08-19 12:02:06,SOLUSDT,ask,148,9953.458
2024-08-19 12:02:06,SOLUSDT,ask,150,29340.39
2024-08-19 12:02:14,SOLUSDT,ask,155,8140.992
2024-08-19 12:02:16,SOLUSDT,bid,130,15292.003
2024-08-19 12:02:20,SOLUSDT,bid,110,26357.06
2024-08-19 12:02:20,SOLUSDT,ask,165,18011.657
2024-08-19 12:02:31,SOLUSDT,ask,150,29340.445
2024-08-19 12:02:36,SOLUSDT,bid,115,21136.582
2024-08-19 12:02:40,SOLUSDT,bid,120,27281.321
2024-08-19 12:03:00,SOLUSDT,ask,150,29338.694
2024-08-19 12:03:03,SOLUSDT,ask,155,8140.861
2024-08-19 12:03:25,SOLUSDT,ask,147,7268.843
2024-08-19 12:03:47,SOLUSDT,bid,135,26286.177
2024-08-19 12:03:55,SOLUSDT,bid,135,26285.207
2024-08-19 12:04:15,SOLUSDT,bid,115,21187.396
2024-08-19 12:04:23,SOLUSDT,ask,147,7268.878
2024-08-19 12:04:33,SOLUSDT,ask,150,29338.651
2024-08-19 12:04:50,SOLUSDT,ask,150,29338.575
2024-08-19 12:04:52,SOLUSDT,bid,131,10061.834
2024-08-19 12:04:54,SOLUSDT,ask,148,9961.016
2024-08-19 12:05:01,SOLUSDT,bid,130,15276.619
2024-08-19 12:05:04,SOLUSDT,ask,150,29338.677
2024-08-19 12:05:11,SOLUSDT,bid,110,26361.077
2024-08-19 12:05:25,SOLUSDT,ask,147,7356.328
2024-08-19 12:05:30,SOLUSDT,bid,120,27281.447
2024-08-19 12:05:37,SOLUSDT,ask,150,29315.146
2024-08-19 12:05:46,SOLUSDT,ask,147,7379.859
2024-08-19 12:05:54,SOLUSDT,ask,150,29313.56
2024-08-19 12:05:54,SOLUSDT,ask,165,18008.196
2024-08-19 12:06:06,SOLUSDT,bid,100,36399.137
2024-08-19 12:06:18,SOLUSDT,bid,90,17282.856
2024-08-19 12:06:33,SOLUSDT,ask,147,7380.844
2024-08-19 12:06:43,SOLUSDT,ask,147,7379.859
2024-08-19 12:06:46,SOLUSDT,ask,150,29304.736
2024-08-19 12:07:09,SOLUSDT,ask,147,7380.854
2024-08-19 12:07:14,SOLUSDT,ask,148,9983.611
2024-08-19 12:07:36,SOLUSDT,ask,147,7480.854
2024-08-19 12:07:41,SOLUSDT,bid,135,26285.429
2024-08-19 12:07:51,SOLUSDT,bid,100,36465.747
2024-08-19 12:07:57,SOLUSDT,ask,150,29334.51
2024-08-19 12:08:03,SOLUSDT,ask,147,7481.015
2024-08-19 12:08:08,SOLUSDT,ask,150,29334.455
2024-08-19 12:08:08,SOLUSDT,ask,160,26949.365
2024-08-19 12:08:13,SOLUSDT,ask,155,8135.861
2024-08-19 12:08:23,SOLUSDT,bid,115,21189.498
2024-08-19 12:08:37,SOLUSDT,bid,90,17282.627
2024-08-19 12:08:39,SOLUSDT,ask,151,24188.516
2024-08-19 12:08:43,SOLUSDT,ask,148,9984.611
2024-08-19 12:08:47,SOLUSDT,ask,148,9971.731
2024-08-19 12:08:49,SOLUSDT,ask,147,7510.914
2024-08-19 12:08:55,SOLUSDT,bid,110,26360.623
2024-08-19 12:08:55,SOLUSDT,ask,210,24783.922
2024-08-19 12:08:57,SOLUSDT,ask,147,7376.719
2024-08-19 12:09:00,SOLUSDT,ask,150,29332.843
2024-08-19 12:09:08,SOLUSDT,ask,210,24790.32
2024-08-19 12:09:10,SOLUSDT,ask,150,29332.454
2024-08-19 12:09:11,SOLUSDT,bid,90,17282.856
2024-08-19 12:09:17,SOLUSDT,ask,147,7378.331
2024-08-19 12:09:54,SOLUSDT,ask,147,7379.442
2024-08-19 12:10:44,SOLUSDT,bid,100,36465.747
2024-08-19 12:11:02,SOLUSDT,ask,147,7378.744
2024-08-19 12:11:15,SOLUSDT,ask,165,18008.056
2024-08-19 12:11:23,SOLUSDT,ask,160,26945.99
2024-08-19 12:11:28,SOLUSDT,bid,125,15826.357
2024-08-19 12:11:31,SOLUSDT,bid,120,27280.209
2024-08-19 12:11:41,SOLUSDT,ask,210,24788.307
2024-08-19 12:11:44,SOLUSDT,ask,147,7382.119
2024-08-19 12:11:58,SOLUSDT,ask,160,26945.59
2024-08-19 12:12:05,SOLUSDT,ask,150,29324.178
2024-08-19 12:12:24,SOLUSDT,bid,110,26360.041
2024-08-19 12:12:43,SOLUSDT,ask,148,9966.439
2024-08-19 12:12:47,SOLUSDT,bid,120,27271.431
2024-08-19 12:12:47,SOLUSDT,ask,147,7569.711
2024-08-19 12:12:47,SOLUSDT,bid,115,21182.004
2024-08-19 12:12:50,SOLUSDT,bid,125,15818.108
2024-08-19 12:13:06,SOLUSDT,bid,110,26864.386
2024-08-19 12:13:13,SOLUSDT,bid,110,26360.041
2024-08-19 12:13:34,SOLUSDT,ask,147,7579.711
2024-08-19 12:14:04,SOLUSDT,bid,110,26612.213
2024-08-19 12:14:08,SOLUSDT,bid,135,26284.579
2024-08-19 12:14:12,SOLUSDT,bid,120,27272.681
2024-08-19 12:14:30,SOLUSDT,ask,165,17996.717
2024-08-19 12:14:30,SOLUSDT,ask,350,4193.469
2024-08-19 12:14:37,SOLUSDT,bid,130,15296.619
2024-08-19 12:14:51,SOLUSDT,ask,147,7392.119
2024-08-19 12:14:58,SOLUSDT,ask,250,18442.43
2024-08-19 12:15:03,SOLUSDT,ask,150,29307.726
2024-08-19 12:15:07,SOLUSDT,ask,160,27133.182
2024-08-19 12:15:24,SOLUSDT,ask,150,29307.183
2024-08-19 12:15:25,SOLUSDT,ask,147,7388.322
2024-08-19 12:15:25,SOLUSDT,ask,155,7811.863
2024-08-19 12:15:27,SOLUSDT,bid,133,8001.32
2024-08-19 12:15:32,SOLUSDT,bid,135,26274.414
2024-08-19 12:15:38,SOLUSDT,bid,130,15302.619
2024-08-19 12:15:46,SOLUSDT,bid,135,26275.162
2024-08-19 12:15:51,SOLUSDT,bid,130,15451.282
2024-08-19 12:16:10,SOLUSDT,bid,130,15452.023
2024-08-19 12:16:21,SOLUSDT,ask,150,29290.583
2024-08-19 12:16:24,SOLUSDT,bid,120,27271.681
2024-08-19 12:16:26,SOLUSDT,bid,125,15817.108
2024-08-19 12:16:26,SOLUSDT,bid,130,15451.659
2024-08-19 12:16:28,SOLUSDT,bid,130,15450.659
2024-08-19 12:16:30,SOLUSDT,bid,135,26274.162
2024-08-19 12:16:47,SOLUSDT,bid,110,26611.213
2024-08-19 12:16:48,SOLUSDT,bid,80,28132.497
2024-08-19 12:17:04,SOLUSDT,ask,156,19891.541
2024-08-19 12:17:26,SOLUSDT,ask,155,7810.511
2024-08-19 12:17:35,SOLUSDT,ask,142,8691.713
2024-08-19 12:17:35,SOLUSDT,ask,142,7689.183
2024-08-19 12:17:35,SOLUSDT,ask,142,7684.869
2024-08-19 12:17:35,SOLUSDT,ask,142,7687.669
2024-08-19 12:17:37,SOLUSDT,ask,142,7701.892
2024-08-19 12:17:37,SOLUSDT,ask,142,7704.692
2024-08-19 12:17:38,SOLUSDT,ask,142,7701.292
2024-08-19 12:17:38,SOLUSDT,ask,142,7675.77
2024-08-19 12:17:38,SOLUSDT,ask,142,7661.72
2024-08-19 12:17:38,SOLUSDT,ask,142,7657.505
2024-08-19 12:17:38,SOLUSDT,ask,142,7646.905
2024-08-19 12:17:38,SOLUSDT,ask,142,7646.951
2024-08-19 12:17:39,SOLUSDT,ask,142,7639.559
2024-08-19 12:17:39,SOLUSDT,ask,142,7639.522
2024-08-19 12:17:40,SOLUSDT,ask,142,7639.569
2024-08-19 12:17:41,SOLUSDT,ask,142,7639.522
2024-08-19 12:17:41,SOLUSDT,ask,142,7639.754
2024-08-19 12:17:41,SOLUSDT,ask,142,7643.754
2024-08-19 12:17:43,SOLUSDT,ask,142,7616.95
2024-08-19 12:17:43,SOLUSDT,ask,142,7619.75
2024-08-19 12:17:44,SOLUSDT,ask,142,7616.75
2024-08-19 12:17:44,SOLUSDT,ask,142,7613.95
2024-08-19 12:17:44,SOLUSDT,ask,142,7613.76
2024-08-19 12:17:44,SOLUSDT,ask,142,7609.76
2024-08-19 12:17:44,SOLUSDT,ask,142,7612.56
2024-08-19 12:17:45,SOLUSDT,ask,142,7648.115
2024-08-19 12:17:45,SOLUSDT,ask,142,7644.605
2024-08-19 12:17:45,SOLUSDT,ask,142,7639.005
2024-08-19 12:17:46,SOLUSDT,ask,142,7644.605
2024-08-19 12:17:46,SOLUSDT,ask,142,7642.104
2024-08-19 12:17:48,SOLUSDT,ask,142,7635.004
2024-08-19 12:17:48,SOLUSDT,ask,142,7634.004
2024-08-19 12:17:49,SOLUSDT,ask,142,7356.972
2024-08-19 12:17:50,SOLUSDT,ask,142,7291.687
2024-08-19 12:17:50,SOLUSDT,ask,142,7283.965
2024-08-19 12:17:50,SOLUSDT,ask,142,7283.804
2024-08-19 12:17:50,SOLUSDT,ask,142,7283.63
2024-08-19 12:17:51,SOLUSDT,ask,142,7283.63
2024-08-19 12:17:51,SOLUSDT,ask,142,7283.481
2024-08-19 12:17:51,SOLUSDT,ask,142,7233.606
2024-08-19 12:17:51,SOLUSDT,ask,142,7097.307
2024-08-19 12:17:51,SOLUSDT,bid,135,26284.162
2024-08-19 12:17:55,SOLUSDT,ask,200,43851.619
2024-08-19 12:18:23,SOLUSDT,ask,150,29297.216
2024-08-19 12:18:29,SOLUSDT,bid,135,26432.31
2024-08-19 12:18:35,SOLUSDT,ask,142,9058.117
2024-08-19 12:18:35,SOLUSDT,ask,142,9048.555
2024-08-19 12:18:35,SOLUSDT,ask,142,8969.601
2024-08-19 12:18:35,SOLUSDT,ask,142,8970.601
2024-08-19 12:18:36,SOLUSDT,ask,142,9004.851
2024-08-19 12:18:36,SOLUSDT,ask,142,9071.5
2024-08-19 12:18:37,SOLUSDT,ask,142,9141.672
2024-08-19 12:18:37,SOLUSDT,ask,142,9150.104
2024-08-19 12:18:37,SOLUSDT,ask,142,9150.219
2024-08-19 12:18:38,SOLUSDT,ask,142,9150.104
2024-08-19 12:18:38,SOLUSDT,ask,142,9213.017
2024-08-19 12:18:38,SOLUSDT,ask,142,9213.132
2024-08-19 12:18:38,SOLUSDT,ask,142,9204.737
2024-08-19 12:18:38,SOLUSDT,ask,142,9204.7
2024-08-19 12:18:41,SOLUSDT,ask,142,9204.585
2024-08-19 12:18:41,SOLUSDT,ask,250,18447.434
2024-08-19 12:18:41,SOLUSDT,ask,142,9204.685
2024-08-19 12:18:42,SOLUSDT,ask,142,9135.685
2024-08-19 12:18:42,SOLUSDT,ask,142,9073.991
2024-08-19 12:18:43,SOLUSDT,ask,142,9086.92
2024-08-19 12:18:43,SOLUSDT,ask,142,9086.82
2024-08-19 12:18:43,SOLUSDT,ask,142,9073.891
2024-08-19 12:18:44,SOLUSDT,ask,142,9200.213
2024-08-19 12:18:44,SOLUSDT,ask,150,29297.56
2024-08-19 12:18:46,SOLUSDT,ask,142,9192.913
2024-08-19 12:18:47,SOLUSDT,ask,142,9127.19
2024-08-19 12:18:47,SOLUSDT,ask,142,9121.57
2024-08-19 12:18:47,SOLUSDT,ask,142,9125.783
2024-08-19 12:18:48,SOLUSDT,ask,142,9121.57
2024-08-19 12:18:48,SOLUSDT,ask,142,9047.153
2024-08-19 12:18:48,SOLUSDT,ask,142,9046.153
2024-08-19 12:18:49,SOLUSDT,ask,142,9046.199
2024-08-19 12:18:50,SOLUSDT,ask,142,9037.721
2024-08-19 12:18:51,SOLUSDT,ask,142,9046.369
2024-08-19 12:18:52,SOLUSDT,ask,142,9054.869
2024-08-19 12:18:55,SOLUSDT,ask,142,9030.932
2024-08-19 12:18:57,SOLUSDT,ask,142,8904.61
2024-08-19 12:19:02,SOLUSDT,ask,142,8916.143
2024-08-19 12:19:02,SOLUSDT,ask,142,8939.646
2024-08-19 12:19:02,SOLUSDT,ask,142,9023.903
2024-08-19 12:19:04,SOLUSDT,ask,142,9000.4
2024-08-19 12:19:04,SOLUSDT,ask,142,8991.752
2024-08-19 12:19:05,SOLUSDT,ask,142,8991.823
2024-08-19 12:19:10,SOLUSDT,ask,142,9015.326
2024-08-19 12:19:13,SOLUSDT,ask,142,9090.23
2024-08-19 12:19:18,SOLUSDT,ask,142,9076.145
2024-08-19 12:19:18,SOLUSDT,ask,142,9001.241
2024-08-19 12:19:18,SOLUSDT,ask,142,9016.866
2024-08-19 12:19:18,SOLUSDT,ask,142,9019.676
2024-08-19 12:19:18,SOLUSDT,ask,142,9020.676
2024-08-19 12:19:19,SOLUSDT,ask,142,9023.486
2024-08-19 12:19:19,SOLUSDT,ask,142,9076.036
2024-08-19 12:19:20,SOLUSDT,ask,142,8976.134
2024-08-19 12:19:20,SOLUSDT,ask,142,9175.824
2024-08-19 12:19:20,SOLUSDT,ask,142,9175.939
2024-08-19 12:19:20,SOLUSDT,ask,142,9178.634
2024-08-19 12:19:21,SOLUSDT,ask,142,9178.671
2024-08-19 12:19:21,SOLUSDT,ask,142,9159.946
2024-08-19 12:19:21,SOLUSDT,ask,142,9195.031
2024-08-19 12:19:21,SOLUSDT,ask,142,9191.773
2024-08-19 12:19:21,SOLUSDT,ask,142,9191.736
2024-08-19 12:19:22,SOLUSDT,ask,142,9322.027
2024-08-19 12:19:22,SOLUSDT,ask,142,9288.202
2024-08-19 12:19:23,SOLUSDT,ask,142,9296.602
2024-08-19 12:19:23,SOLUSDT,ask,142,9261.517
2024-08-19 12:19:23,SOLUSDT,ask,142,9261.632
2024-08-19 12:19:23,SOLUSDT,bid,125,15801.108
2024-08-19 12:19:24,SOLUSDT,ask,142,9261.517
2024-08-19 12:19:24,SOLUSDT,ask,142,9261.554
2024-08-19 12:19:24,SOLUSDT,ask,142,9261.517
2024-08-19 12:19:24,SOLUSDT,ask,142,9261.632
2024-08-19 12:19:25,SOLUSDT,ask,142,9261.554
2024-08-19 12:19:25,SOLUSDT,ask,142,9261.669
2024-08-19 12:19:25,SOLUSDT,ask,142,9261.632
2024-08-19 12:19:26,SOLUSDT,ask,142,9261.632
2024-08-19 12:19:27,SOLUSDT,ask,142,9261.517
2024-08-19 12:19:27,SOLUSDT,ask,147,7300.872
2024-08-19 12:19:28,SOLUSDT,ask,142,9261.632
2024-08-19 12:19:30,SOLUSDT,ask,142,9253.232
2024-08-19 12:19:30,SOLUSDT,ask,142,9122.941
2024-08-19 12:19:31,SOLUSDT,ask,142,9122.826
2024-08-19 12:19:31,SOLUSDT,ask,142,9120.135
2024-08-19 12:19:31,SOLUSDT,ask,142,9153.211
2024-08-19 12:19:31,SOLUSDT,ask,142,9082.792
2024-08-19 12:19:32,SOLUSDT,ask,142,9081.792
2024-08-19 12:19:32,SOLUSDT,ask,142,9081.755
2024-08-19 12:19:32,SOLUSDT,ask,142,9064.212
2024-08-19 12:19:34,SOLUSDT,ask,142,9064.212
2024-08-19 12:19:34,SOLUSDT,ask,142,9064.249
2024-08-19 12:19:34,SOLUSDT,ask,142,9064.212
2024-08-19 12:19:34,SOLUSDT,ask,142,9064.212
2024-08-19 12:19:36,SOLUSDT,ask,142,9034.429
2024-08-19 12:19:36,SOLUSDT,ask,142,9031.466
2024-08-19 12:19:37,SOLUSDT,ask,142,9100.466
2024-08-19 12:19:37,SOLUSDT,ask,142,9100.429
2024-08-19 12:19:37,SOLUSDT,ask,142,9117.972
2024-08-19 12:19:38,SOLUSDT,ask,147,7300.372
2024-08-19 12:19:38,SOLUSDT,ask,142,9118.015
2024-08-19 12:19:39,SOLUSDT,ask,142,9118.052
2024-08-19 12:19:39,SOLUSDT,ask,142,9118.015
2024-08-19 12:19:39,SOLUSDT,ask,142,9100.472
2024-08-19 12:19:40,SOLUSDT,ask,142,9118.015
2024-08-19 12:19:40,SOLUSDT,ask,142,9102.481
2024-08-19 12:19:40,SOLUSDT,ask,142,8989.631
2024-08-19 12:19:42,SOLUSDT,ask,142,8989.746
2024-08-19 12:19:44,SOLUSDT,ask,142,8998.16
2024-08-19 12:19:44,SOLUSDT,ask,142,8998.16
2024-08-19 12:19:45,SOLUSDT,ask,142,8963.119
2024-08-19 12:19:45,SOLUSDT,ask,142,9045.001
2024-08-19 12:19:47,SOLUSDT,ask,142,9044.958
2024-08-19 12:19:47,SOLUSDT,ask,142,9044.843
2024-08-19 12:19:49,SOLUSDT,ask,142,8998.046
2024-08-19 12:19:51,SOLUSDT,ask,142,8992.804
2024-08-19 12:19:51,SOLUSDT,ask,142,8994.299
2024-08-19 12:19:51,SOLUSDT,ask,142,8994.414
2024-08-19 12:19:54,SOLUSDT,ask,142,8994.299
2024-08-19 12:19:55,SOLUSDT,ask,142,8959.214
2024-08-19 12:19:56,SOLUSDT,ask,142,8959.329
2024-08-19 12:19:56,SOLUSDT,ask,142,8959.214
2024-08-19 12:19:57,SOLUSDT,ask,142,8950.8
2024-08-19 12:19:58,SOLUSDT,ask,142,8985.885
2024-08-19 12:19:58,SOLUSDT,ask,142,9068.348
2024-08-19 12:19:58,SOLUSDT,ask,142,8985.885
2024-08-19 12:19:58,SOLUSDT,ask,142,8985.922
2024-08-19 12:19:58,SOLUSDT,ask,142,8985.885
2024-08-19 12:19:59,SOLUSDT,ask,142,8966.885
2024-08-19 12:19:59,SOLUSDT,ask,142,9023.34
2024-08-19 12:19:59,SOLUSDT,ask,142,8954.34
2024-08-19 12:19:59,SOLUSDT,ask,142,8954.303
2024-08-19 12:20:00,SOLUSDT,ask,142,8954.303
2024-08-19 12:20:01,SOLUSDT,ask,142,9006.575
2024-08-19 12:20:01,SOLUSDT,ask,142,9006.538
2024-08-19 12:20:01,SOLUSDT,ask,142,9006.58
2024-08-19 12:20:02,SOLUSDT,ask,142,9006.536
2024-08-19 12:20:02,SOLUSDT,ask,142,8962.76
2024-08-19 12:20:02,SOLUSDT,ask,142,8962.718
2024-08-19 12:20:03,SOLUSDT,ask,142,8962.718
2024-08-19 12:20:03,SOLUSDT,ask,142,9032.271
2024-08-19 12:20:03,SOLUSDT,ask,142,9031.924
2024-08-19 12:20:03,SOLUSDT,ask,142,9102.098
2024-08-19 12:20:07,SOLUSDT,ask,142,9137.185
2024-08-19 12:20:07,SOLUSDT,ask,142,9067.011
2024-08-19 12:20:08,SOLUSDT,ask,142,9031.961
2024-08-19 12:20:08,SOLUSDT,ask,142,9032.048
2024-08-19 12:20:09,SOLUSDT,ask,142,9032.011
2024-08-19 12:20:10,SOLUSDT,ask,142,9031.924
2024-08-19 12:20:10,SOLUSDT,ask,142,9031.961
2024-08-19 12:20:10,SOLUSDT,ask,142,9032.011
2024-08-19 12:20:11,SOLUSDT,ask,142,9032.048
2024-08-19 12:20:11,SOLUSDT,ask,142,9032.011
2024-08-19 12:20:11,SOLUSDT,ask,142,9031.924
2024-08-19 12:20:11,SOLUSDT,ask,142,9063.5
2024-08-19 12:20:11,SOLUSDT,ask,142,9063.749
2024-08-19 12:20:12,SOLUSDT,ask,142,9063.786
2024-08-19 12:20:12,SOLUSDT,ask,142,9023.8
2024-08-19 12:20:12,SOLUSDT,ask,142,9076.301
2024-08-19 12:20:12,SOLUSDT,ask,142,9076.264
2024-08-19 12:20:13,SOLUSDT,ask,142,9076.015
2024-08-19 12:20:16,SOLUSDT,ask,142,9076.015
2024-08-19 12:20:17,SOLUSDT,ask,142,9041.057
2024-08-19 12:20:19,SOLUSDT,ask,142,9045.85
2024-08-19 12:20:21,SOLUSDT,ask,142,9028.307
2024-08-19 12:20:21,SOLUSDT,ask,142,9066.291
2024-08-19 12:20:21,SOLUSDT,ask,142,9108.393
2024-08-19 12:20:21,SOLUSDT,ask,142,9036.008
2024-08-19 12:20:22,SOLUSDT,ask,160,27133.461
2024-08-19 12:20:23,SOLUSDT,ask,142,9038.235
2024-08-19 12:20:23,SOLUSDT,ask,142,9041.235
2024-08-19 12:20:24,SOLUSDT,ask,142,9041.586
2024-08-19 12:20:24,SOLUSDT,ask,142,9111.758
2024-08-19 12:20:25,SOLUSDT,bid,130,15430.659
2024-08-19 12:20:25,SOLUSDT,ask,142,9041.586
2024-08-19 12:20:25,SOLUSDT,ask,142,9041.235
2024-08-19 12:20:25,SOLUSDT,ask,142,9038.235
2024-08-19 12:20:26,SOLUSDT,ask,142,9031.215
2024-08-19 12:20:26,SOLUSDT,ask,142,9030.482
2024-08-19 12:20:26,SOLUSDT,ask,142,9030.569
2024-08-19 12:20:27,SOLUSDT,ask,160,27133.505
2024-08-19 12:20:27,SOLUSDT,ask,150,29297.596
2024-08-19 12:20:27,SOLUSDT,ask,142,9030.635
2024-08-19 12:20:28,SOLUSDT,ask,142,9030.548
2024-08-19 12:20:29,SOLUSDT,ask,142,9030.482
2024-08-19 12:20:29,SOLUSDT,ask,142,9065.655
2024-08-19 12:20:30,SOLUSDT,ask,142,9084.121
2024-08-19 12:20:30,SOLUSDT,ask,142,8972.339
2024-08-19 12:20:30,SOLUSDT,ask,142,8982.752
2024-08-19 12:20:31,SOLUSDT,ask,142,8982.752
2024-08-19 12:20:31,SOLUSDT,ask,142,8985.562
2024-08-19 12:20:31,SOLUSDT,ask,142,8985.525
2024-08-19 12:20:34,SOLUSDT,ask,142,8985.562
2024-08-19 12:20:34,SOLUSDT,ask,142,9003.104
2024-08-19 12:20:35,SOLUSDT,ask,160,27133.128
2024-08-19 12:20:35,SOLUSDT,ask,142,9003.067
2024-08-19 12:20:37,SOLUSDT,ask,142,9059.75
2024-08-19 12:20:37,SOLUSDT,ask,142,9027.724
2024-08-19 12:20:38,SOLUSDT,ask,142,9090.473
2024-08-19 12:20:38,SOLUSDT,ask,142,9083.359
2024-08-19 12:20:38,SOLUSDT,ask,142,9048.274
2024-08-19 12:20:38,SOLUSDT,ask,142,9043.481
2024-08-19 12:20:39,SOLUSDT,ask,142,9052.076
2024-08-19 12:20:39,SOLUSDT,ask,142,9094.275
2024-08-19 12:20:40,SOLUSDT,ask,142,9087.161
2024-08-19 12:20:43,SOLUSDT,ask,142,9121.04
2024-08-19 12:20:43,SOLUSDT,ask,142,9112.445
2024-08-19 12:20:44,SOLUSDT,ask,142,9129.988
2024-08-19 12:20:44,SOLUSDT,ask,142,9112.445
2024-08-19 12:20:44,SOLUSDT,ask,142,9112.487
2024-08-19 12:20:45,SOLUSDT,ask,142,9062.783
2024-08-19 12:20:45,SOLUSDT,ask,142,9031.348
2024-08-19 12:20:45,SOLUSDT,ask,142,9033.102
2024-08-19 12:20:46,SOLUSDT,ask,142,9033.06
2024-08-19 12:20:46,SOLUSDT,ask,142,9029.552
2024-08-19 12:20:46,SOLUSDT,ask,155,7809.826
2024-08-19 12:20:47,SOLUSDT,ask,142,9029.553
2024-08-19 12:20:47,SOLUSDT,ask,142,9063.303
2024-08-19 12:20:49,SOLUSDT,ask,142,9063.34
2024-08-19 12:20:49,SOLUSDT,ask,142,9101.713
2024-08-19 12:20:49,SOLUSDT,ask,142,9069.591
2024-08-19 12:20:49,SOLUSDT,ask,142,9069.554
2024-08-19 12:20:49,SOLUSDT,ask,142,9069.591
2024-08-19 12:20:49,SOLUSDT,ask,142,9069.554
2024-08-19 12:20:50,SOLUSDT,ask,142,9069.591
2024-08-19 12:20:50,SOLUSDT,ask,142,9069.554
2024-08-19 12:20:51,SOLUSDT,ask,142,9069.554
2024-08-19 12:20:53,SOLUSDT,ask,142,9074.214
2024-08-19 12:20:53,SOLUSDT,ask,142,9022.921
2024-08-19 12:20:53,SOLUSDT,ask,142,8996.332
2024-08-19 12:20:53,SOLUSDT,ask,142,8996.374
2024-08-19 12:20:58,SOLUSDT,ask,150,29297.252
2024-08-19 12:21:00,SOLUSDT,ask,142,8996.374
2024-08-19 12:21:00,SOLUSDT,ask,142,8960.98
2024-08-19 12:21:00,SOLUSDT,ask,142,8960.938
2024-08-19 12:21:00,SOLUSDT,ask,142,9014.963
2024-08-19 12:21:01,SOLUSDT,ask,142,9003.286
2024-08-19 12:21:04,SOLUSDT,ask,142,9032.287
2024-08-19 12:21:06,SOLUSDT,ask,142,9003.286
2024-08-19 12:21:06,SOLUSDT,ask,142,8949.261
2024-08-19 12:21:06,SOLUSDT,ask,142,9057.817
2024-08-19 12:21:06,SOLUSDT,ask,158,18750.639
2024-08-19 12:21:06,SOLUSDT,ask,142,9092.902
2024-08-19 12:21:06,SOLUSDT,ask,142,9049.051
2024-08-19 12:21:07,SOLUSDT,ask,142,9013.966
2024-08-19 12:21:07,SOLUSDT,ask,142,9055.124
2024-08-19 12:21:12,SOLUSDT,ask,142,9072.704
2024-08-19 12:21:12,SOLUSDT,ask,142,9072.704
2024-08-19 12:21:12,SOLUSDT,ask,142,9031.546
2024-08-19 12:21:12,SOLUSDT,ask,142,9031.509
2024-08-19 12:21:13,SOLUSDT,ask,142,9031.509
2024-08-19 12:21:14,SOLUSDT,ask,142,8966.804
2024-08-19 12:21:16,SOLUSDT,ask,142,8967.313
2024-08-19 12:21:16,SOLUSDT,ask,142,9010.081
2024-08-19 12:21:16,SOLUSDT,ask,142,8967.35
2024-08-19 12:21:16,SOLUSDT,ask,142,9040.896
2024-08-19 12:21:16,SOLUSDT,ask,142,9081.335
2024-08-19 12:21:17,SOLUSDT,ask,142,9012.335
2024-08-19 12:21:17,SOLUSDT,ask,142,9081.335
2024-08-19 12:21:18,SOLUSDT,ask,142,9081.298
2024-08-19 12:21:18,SOLUSDT,ask,142,9012.298
2024-08-19 12:21:21,SOLUSDT,ask,142,9012.335
2024-08-19 12:21:21,SOLUSDT,ask,142,9011.826
2024-08-19 12:21:21,SOLUSDT,ask,142,8971.387
2024-08-19 12:21:22,SOLUSDT,ask,142,8971.35
2024-08-19 12:21:26,SOLUSDT,ask,142,8972.067
2024-08-19 12:21:26,SOLUSDT,ask,142,8972.03
2024-08-19 12:21:27,SOLUSDT,ask,142,8972.067
2024-08-19 12:21:27,SOLUSDT,ask,142,8972.03
2024-08-19 12:21:28,SOLUSDT,ask,142,8972.067
2024-08-19 12:21:28,SOLUSDT,ask,142,8972.03
2024-08-19 12:21:29,SOLUSDT,ask,142,9023.524
2024-08-19 12:21:29,SOLUSDT,ask,142,8986.918
2024-08-19 12:21:29,SOLUSDT,ask,142,9004.025
2024-08-19 12:21:29,SOLUSDT,ask,142,9071.121
2024-08-19 12:21:29,SOLUSDT,ask,142,9002.084
2024-08-19 12:21:29,SOLUSDT,ask,142,9019.626
2024-08-19 12:21:30,SOLUSDT,ask,142,8934.988
2024-08-19 12:21:30,SOLUSDT,ask,142,8947.985
2024-08-19 12:21:31,SOLUSDT,ask,142,9000.432
2024-08-19 12:21:31,SOLUSDT,ask,142,9004.978
2024-08-19 12:21:32,SOLUSDT,ask,142,8994.549
2024-08-19 12:21:32,SOLUSDT,ask,142,9101.961
2024-08-19 12:21:32,SOLUSDT,ask,142,9099.169
2024-08-19 12:21:32,SOLUSDT,ask,142,9046.527
2024-08-19 12:21:32,SOLUSDT,ask,142,9168.702
2024-08-19 12:21:34,SOLUSDT,ask,142,9098.53
2024-08-19 12:21:34,SOLUSDT,ask,142,9051.259
2024-08-19 12:21:34,SOLUSDT,ask,142,8998.812
2024-08-19 12:21:35,SOLUSDT,ask,142,8999.812
2024-08-19 12:21:35,SOLUSDT,ask,142,8992.698
2024-08-19 12:21:35,SOLUSDT,ask,142,8927.028
2024-08-19 12:21:35,SOLUSDT,ask,142,8921.408
2024-08-19 12:21:35,SOLUSDT,ask,142,8921.084
2024-08-19 12:21:36,SOLUSDT,ask,142,8920.084
2024-08-19 12:21:36,SOLUSDT,ask,142,8919.404
2024-08-19 12:21:40,SOLUSDT,bid,110,26627.525
2024-08-19 12:21:41,SOLUSDT,ask,142,8895.901
2024-08-19 12:21:41,SOLUSDT,ask,142,8915.1
2024-08-19 12:21:41,SOLUSDT,ask,142,8902.305
2024-08-19 12:21:41,SOLUSDT,ask,142,8902.829
2024-08-19 12:21:41,SOLUSDT,ask,142,8940.653
2024-08-19 12:21:42,SOLUSDT,ask,142,8985.639
2024-08-19 12:21:42,SOLUSDT,ask,142,9019.623
2024-08-19 12:21:43,SOLUSDT,ask,142,9053.605
2024-08-19 12:21:43,SOLUSDT,ask,142,9054.751
2024-08-19 12:21:43,SOLUSDT,ask,142,9088.735
2024-08-19 12:21:43,SOLUSDT,ask,142,9122.716
2024-08-19 12:21:44,SOLUSDT,ask,142,9156.704
2024-08-19 12:21:45,SOLUSDT,ask,142,9190.692
2024-08-19 12:21:46,SOLUSDT,bid,130,15432.334
2024-08-19 12:21:51,SOLUSDT,ask,170,13896.392
2024-08-19 12:21:59,SOLUSDT,bid,135,26417.496
2024-08-19 12:22:00,SOLUSDT,ask,150,29347.202
2024-08-19 12:22:17,SOLUSDT,bid,100,36471.128
2024-08-19 12:22:55,SOLUSDT,ask,147,7302.146
2024-08-19 12:23:00,SOLUSDT,bid,135,26417.046
2024-08-19 12:23:01,SOLUSDT,bid,135,26420.749
2024-08-19 12:23:02,SOLUSDT,bid,135,26420.678
2024-08-19 12:23:20,SOLUSDT,bid,128,43445.548
2024-08-19 12:23:24,SOLUSDT,bid,128,82642.568
2024-08-19 12:23:36,SOLUSDT,ask,147,7303.145
2024-08-19 12:23:43,SOLUSDT,ask,247,5228.798
2024-08-19 12:24:08,SOLUSDT,bid,135,26420.115
2024-08-19 12:24:12,SOLUSDT,ask,150,29352.873
2024-08-19 12:24:23,SOLUSDT,ask,148,9966.776
2024-08-19 12:24:33,SOLUSDT,bid,100,36471.184
2024-08-19 12:24:46,SOLUSDT,ask,147,7302.034
2024-08-19 12:25:07,SOLUSDT,ask,155,7809.319
2024-08-19 12:25:30,SOLUSDT,bid,132,8262.72
2024-08-19 12:25:30,SOLUSDT,bid,130,15434.334
2024-08-19 12:25:43,SOLUSDT,bid,128,82640.568
2024-08-19 12:25:52,SOLUSDT,ask,147,7302.974
2024-08-19 12:25:52,SOLUSDT,bid,130,15434.087
2024-08-19 12:25:52,SOLUSDT,ask,163,16591.63
2024-08-19 12:25:52,SOLUSDT,ask,185,16680.341
2024-08-19 12:25:52,SOLUSDT,ask,240,5971.849
2024-08-19 12:25:52,SOLUSDT,ask,251,5224.193
2024-08-19 12:25:52,SOLUSDT,ask,350,4193.222
2024-08-19 12:25:57,SOLUSDT,bid,135,26419.375
2024-08-19 12:25:59,SOLUSDT,bid,131,10048.606
2024-08-19 12:26:31,SOLUSDT,ask,180,22681.004
2024-08-19 12:26:31,SOLUSDT,ask,200,43850.097
2024-08-19 12:26:33,SOLUSDT,ask,147,7384.176
2024-08-19 12:26:47,SOLUSDT,ask,151,24164.079
2024-08-19 12:27:03,SOLUSDT,bid,100,36181.184
2024-08-19 12:27:05,SOLUSDT,bid,130,15599.721
2024-08-19 12:27:10,SOLUSDT,bid,130,15434.087
2024-08-19 12:27:24,SOLUSDT,bid,131,9998.606
2024-08-19 12:27:32,SOLUSDT,ask,200,43849.097
2024-08-19 12:27:35,SOLUSDT,bid,100,36186.184
2024-08-19 12:27:35,SOLUSDT,ask,175,14225.059
2024-08-19 12:27:36,SOLUSDT,ask,170,13896.43
2024-08-19 12:27:37,SOLUSDT,ask,165,17996.755
2024-08-19 12:27:37,SOLUSDT,ask,163,16591.668
2024-08-19 12:27:38,SOLUSDT,ask,161,15722.06
2024-08-19 12:27:38,SOLUSDT,ask,160,27133.166
2024-08-19 12:27:38,SOLUSDT,ask,158,18750.677
2024-08-19 12:27:39,SOLUSDT,ask,156,19891.579
2024-08-19 12:27:39,SOLUSDT,ask,155,7809.357
2024-08-19 12:27:39,SOLUSDT,ask,154,18073.723
2024-08-19 12:27:40,SOLUSDT,ask,152,28285.788
2024-08-19 12:27:40,SOLUSDT,ask,151,24164.117
2024-08-19 12:27:40,SOLUSDT,ask,150,29352.911
2024-08-19 12:27:41,SOLUSDT,ask,148,9966.814
2024-08-19 12:27:41,SOLUSDT,ask,147,7384.214
2024-08-19 12:27:44,SOLUSDT,bid,135,26419.413
2024-08-19 12:27:49,SOLUSDT,bid,132,8283.72
2024-08-19 12:27:50,SOLUSDT,ask,155,7802.364
2024-08-19 12:28:28,SOLUSDT,ask,155,7956.643
2024-08-19 12:28:42,SOLUSDT,ask,165,17993.755
2024-08-19 12:28:44,SOLUSDT,bid,135,26634.227
2024-08-19 12:28:51,SOLUSDT,bid,135,26623.789
2024-08-19 12:29:32,SOLUSDT,ask,152,28279.166
2024-08-19 12:29:33,SOLUSDT,ask,182,5763.737
2024-08-19 12:30:15,SOLUSDT,ask,180,22634.721
2024-08-19 12:30:16,SOLUSDT,ask,151,24160.418
2024-08-19 12:30:20,SOLUSDT,ask,150,29345.219
2024-08-19 12:30:23,SOLUSDT,ask,151,24144.822
2024-08-19 12:30:47,SOLUSDT,ask,150,29345.183
2024-08-19 12:30:55,SOLUSDT,ask,160,27148.762
2024-08-19 12:31:09,SOLUSDT,ask,190,23384.133
2024-08-19 12:31:13,SOLUSDT,ask,190,23416.248
2024-08-19 12:31:43,SOLUSDT,bid,111,14369.868
2024-08-19 12:31:46,SOLUSDT,bid,135,26408.975
2024-08-19 12:31:54,SOLUSDT,bid,130,15657.163
2024-08-19 12:32:10,SOLUSDT,ask,150,29352.875
2024-08-19 12:32:11,SOLUSDT,ask,148,9959.256
2024-08-19 12:32:40,SOLUSDT,ask,148,9966.814
2024-08-19 12:32:40,SOLUSDT,ask,148,9966.976
2024-08-19 12:33:15,SOLUSDT,ask,147,7383.942
2024-08-19 12:33:25,SOLUSDT,ask,175,14229.17
2024-08-19 12:34:17,SOLUSDT,bid,135,26408.42
2024-08-19 12:34:19,SOLUSDT,bid,120,27272.951
2024-08-19 12:34:44,SOLUSDT,ask,147,7385.802
2024-08-19 12:34:48,SOLUSDT,ask,147,7383.802
2024-08-19 12:34:51,SOLUSDT,bid,128,82634.288
2024-08-19 12:34:55,SOLUSDT,bid,96,12009.891
2024-08-19 12:35:22,SOLUSDT,bid,120,27272.118
2024-08-19 12:35:28,SOLUSDT,bid,135,26407.42
2024-08-19 12:35:35,SOLUSDT,bid,130,15656.163
2024-08-19 12:35:45,SOLUSDT,bid,110,26629.395
2024-08-19 12:35:49,SOLUSDT,bid,131,9999.607
2024-08-19 12:35:54,SOLUSDT,ask,165,17992.941
2024-08-19 12:35:55,SOLUSDT,ask,147,7503.802
2024-08-19 12:35:55,SOLUSDT,ask,148,9965.978
2024-08-19 12:35:59,SOLUSDT,bid,110,26627.525
2024-08-19 12:36:15,SOLUSDT,bid,120,27274.14
2024-08-19 12:36:27,SOLUSDT,ask,160,27149.576
2024-08-19 12:36:34,SOLUSDT,ask,150,29349.693
2024-08-19 12:36:54,SOLUSDT,ask,150,29349.957
2024-08-19 12:36:54,SOLUSDT,ask,200,43848.833
2024-08-19 12:36:55,SOLUSDT,ask,150,29352.502
2024-08-19 12:37:01,SOLUSDT,ask,160,27148.762
2024-08-19 12:37:11,SOLUSDT,ask,150,29352.289
2024-08-19 12:38:12,SOLUSDT,bid,135,26408.359
2024-08-19 12:38:28,SOLUSDT,ask,195,12182.346
2024-08-19 12:38:54,SOLUSDT,ask,300,9446.957
2024-08-19 12:39:26,SOLUSDT,ask,152,28278.269
2024-08-19 12:40:15,SOLUSDT,ask,151,24143.484
2024-08-19 12:40:17,SOLUSDT,bid,135,26409.223
2024-08-19 12:40:41,SOLUSDT,ask,147,7503.882
2024-08-19 12:40:51,SOLUSDT,ask,182,5766.485
2024-08-19 12:41:00,SOLUSDT,ask,147,7509.694
2024-08-19 12:42:15,SOLUSDT,ask,147,7516.61
2024-08-19 12:42:20,SOLUSDT,ask,148,9969.507
2024-08-19 12:42:38,SOLUSDT,ask,200,43846.295
2024-08-19 12:43:07,SOLUSDT,ask,147,7517.617
