2024-08-29 07:00:06,SOLUSDT,ask,145,3669.726
2024-08-29 07:00:07,SOLUSDT,bid,135,12241.112
2024-08-29 07:00:12,SOLUSDT,bid,135,12240.112
2024-08-29 07:00:18,SOLUSDT,bid,135,12241.5
2024-08-29 07:00:27,SOLUSDT,ask,145,3672.617
2024-08-29 07:00:33,SOLUSDT,bid,115,19508.775
2024-08-29 07:00:37,SOLUSDT,ask,147,3659.47
2024-08-29 07:00:49,SOLUSDT,ask,153,3430.422
2024-08-29 07:00:53,SOLUSDT,bid,115,19508.775
2024-08-29 07:00:55,SOLUSDT,ask,205,10042.5
2024-08-29 07:01:11,SOLUSDT,bid,133,4750.204
2024-08-29 07:01:13,SOLUSDT,bid,115,19508.775
2024-08-29 07:01:26,SOLUSDT,ask,145,3669.726
2024-08-29 07:01:26,SOLUSDT,ask,160,8155.146
2024-08-29 07:01:34,SOLUSDT,ask,147,3660.688
2024-08-29 07:01:43,SOLUSDT,bid,136,9253.644
2024-08-29 07:01:55,SOLUSDT,ask,147,3660.986
2024-08-29 07:01:56,SOLUSDT,bid,140,17266.773
2024-08-29 07:01:56,SOLUSDT,bid,135,12157.159
2024-08-29 07:01:59,SOLUSDT,ask,149,4383.79
2024-08-29 07:02:04,SOLUSDT,bid,135,12155.678
2024-08-29 07:02:05,SOLUSDT,ask,160,8155.215
2024-08-29 07:02:18,SOLUSDT,bid,140,17280.358
2024-08-29 07:02:18,SOLUSDT,bid,138,10211.43
2024-08-29 07:02:21,SOLUSDT,bid,110,29155.715
2024-08-29 07:02:37,SOLUSDT,bid,130,15540.166
2024-08-29 07:03:16,SOLUSDT,bid,135,12157.678
2024-08-29 07:03:40,SOLUSDT,bid,140,17275.301
2024-08-29 07:03:44,SOLUSDT,bid,135,12153.944
2024-08-29 07:03:48,SOLUSDT,bid,140,17271.665
2024-08-29 07:03:53,SOLUSDT,bid,139,9385.809
2024-08-29 07:04:20,SOLUSDT,bid,140,17278.884
2024-08-29 07:04:24,SOLUSDT,bid,139,9393.003
2024-08-29 07:04:27,SOLUSDT,bid,142,3732.863
2024-08-29 07:04:27,SOLUSDT,ask,145,6597.696
2024-08-29 07:04:28,SOLUSDT,bid,130,15538.127
2024-08-29 07:04:29,SOLUSDT,ask,145,6597.749
2024-08-29 07:04:43,SOLUSDT,bid,140,17278.921
2024-08-29 07:04:43,SOLUSDT,ask,160,8155.252
2024-08-29 07:04:43,SOLUSDT,bid,115,19508.775
2024-08-29 07:04:47,SOLUSDT,bid,140,17279.279
2024-08-29 07:04:48,SOLUSDT,bid,139,9400.261
2024-08-29 07:04:49,SOLUSDT,bid,139,9399.516
2024-08-29 07:04:58,SOLUSDT,ask,145,7430.096
2024-08-29 07:05:04,SOLUSDT,bid,115,19508.775
2024-08-29 07:05:04,SOLUSDT,ask,145,6597.749
2024-08-29 07:05:24,SOLUSDT,bid,115,19508.775
2024-08-29 07:05:34,SOLUSDT,bid,110,29152.072
2024-08-29 07:05:54,SOLUSDT,bid,140,17279.529
2024-08-29 07:05:56,SOLUSDT,ask,145,3914.432
2024-08-29 07:06:09,SOLUSDT,bid,137,4139.702
2024-08-29 07:06:12,SOLUSDT,bid,100,24685.208
2024-08-29 07:06:17,SOLUSDT,bid,120,27826.995
2024-08-29 07:06:32,SOLUSDT,bid,142,3733.556
2024-08-29 07:06:33,SOLUSDT,bid,101,6129.439
2024-08-29 07:06:41,SOLUSDT,ask,147,3659.768
2024-08-29 07:06:49,SOLUSDT,bid,142,3740.043
2024-08-29 07:06:54,SOLUSDT,bid,137,4138.702
2024-08-29 07:07:15,SOLUSDT,bid,98,5626.369
2024-08-29 07:07:18,SOLUSDT,ask,160,8155.433
2024-08-29 07:07:28,SOLUSDT,ask,147,3660.986
2024-08-29 07:07:30,SOLUSDT,bid,136,9252.42
2024-08-29 07:07:33,SOLUSDT,bid,140,17280.243
2024-08-29 07:07:51,SOLUSDT,bid,125,12963.143
2024-08-29 07:07:57,SOLUSDT,ask,149,4387.79
2024-08-29 07:08:01,SOLUSDT,bid,140,17279.904
2024-08-29 07:08:01,SOLUSDT,bid,135,12153.776
2024-08-29 07:08:01,SOLUSDT,bid,130,15537.951
2024-08-29 07:08:02,SOLUSDT,bid,142,3739.35
2024-08-29 07:08:03,SOLUSDT,bid,143,3598.377
2024-08-29 07:08:03,SOLUSDT,ask,145,3547.922
2024-08-29 07:08:04,SOLUSDT,ask,145,3786.392
2024-08-29 07:08:04,SOLUSDT,ask,145,3544.468
2024-08-29 07:08:05,SOLUSDT,ask,145,3544.898
2024-08-29 07:08:12,SOLUSDT,bid,142,3626.436
2024-08-29 07:08:12,SOLUSDT,ask,145,3571.113
2024-08-29 07:08:33,SOLUSDT,bid,143,3584.493
2024-08-29 07:08:33,SOLUSDT,ask,145,3731.761
2024-08-29 07:08:35,SOLUSDT,bid,128,6008.512
2024-08-29 07:08:54,SOLUSDT,bid,115,19508.775
2024-08-29 07:09:05,SOLUSDT,bid,139,9398.74
2024-08-29 07:09:07,SOLUSDT,bid,135,12152.417
2024-08-29 07:09:13,SOLUSDT,bid,140,17280.675
2024-08-29 07:09:14,SOLUSDT,bid,115,19508.775
2024-08-29 07:09:16,SOLUSDT,bid,138,10238.427
2024-08-29 07:09:31,SOLUSDT,bid,139,9399.004
2024-08-29 07:09:34,SOLUSDT,bid,115,19508.775
2024-08-29 07:09:34,SOLUSDT,bid,137,4124.352
2024-08-29 07:09:36,SOLUSDT,bid,143,4400.803
2024-08-29 07:09:36,SOLUSDT,bid,143,3794.859
2024-08-29 07:09:36,SOLUSDT,ask,145,3583.796
2024-08-29 07:09:40,SOLUSDT,bid,140,17277.26
2024-08-29 07:09:42,SOLUSDT,bid,135,12151.417
2024-08-29 07:09:45,SOLUSDT,bid,143,4400.051
2024-08-29 07:09:45,SOLUSDT,bid,143,3727.931
2024-08-29 07:09:45,SOLUSDT,bid,136,9252.053
2024-08-29 07:09:55,SOLUSDT,bid,138,10235.427
2024-08-29 07:09:57,SOLUSDT,bid,130,15538.336
2024-08-29 07:09:58,SOLUSDT,ask,200,43518.772
2024-08-29 07:10:02,SOLUSDT,bid,140,17279.024
2024-08-29 07:10:03,SOLUSDT,bid,143,4415.051
2024-08-29 07:10:04,SOLUSDT,bid,143,4400.051
2024-08-29 07:10:09,SOLUSDT,bid,120,27826.945
2024-08-29 07:10:11,SOLUSDT,bid,138,10207.433
2024-08-29 07:10:12,SOLUSDT,ask,200,43522.031
2024-08-29 07:10:29,SOLUSDT,bid,143,3734.868
2024-08-29 07:10:37,SOLUSDT,bid,143,3727.931
2024-08-29 07:10:38,SOLUSDT,bid,139,9413.11
2024-08-29 07:10:48,SOLUSDT,bid,140,17278.982
2024-08-29 07:10:57,SOLUSDT,bid,140,17279.912
2024-08-29 07:11:05,SOLUSDT,bid,140,17285.716
