2024-08-23 07:00:08,SOLUSDT,ask,147,7905.983
2024-08-23 07:00:15,SOLUSDT,bid,140,8242.562
2024-08-23 07:00:15,SOLUSDT,bid,140,8240.062
2024-08-23 07:01:50,SOLUSDT,ask,180,26845.898
2024-08-23 07:02:00,SOLUSDT,ask,150,26145.638
2024-08-23 07:02:03,SOLUSDT,bid,140,8238.274
2024-08-23 07:02:05,SOLUSDT,bid,140,8238.727
2024-08-23 07:02:27,SOLUSDT,bid,140,8239.441
2024-08-23 07:02:52,SOLUSDT,bid,135,15371.877
2024-08-23 07:02:59,SOLUSDT,ask,149,15975.662
2024-08-23 07:02:59,SOLUSDT,ask,147,7904.834
2024-08-23 07:03:00,SOLUSDT,ask,155,14918.782
2024-08-23 07:03:50,SOLUSDT,ask,147,7901.837
2024-08-23 07:04:08,SOLUSDT,bid,139,7205.582
2024-08-23 07:04:09,SOLUSDT,bid,135,15423.728
2024-08-23 07:04:13,SOLUSDT,ask,148,20999.582
2024-08-23 07:04:15,SOLUSDT,ask,170,12466.666
2024-08-23 07:04:23,SOLUSDT,bid,131,9422.501
2024-08-23 07:04:31,SOLUSDT,ask,148,21271.55
2024-08-23 07:06:02,SOLUSDT,bid,110,25646.259
2024-08-23 07:06:06,SOLUSDT,bid,120,21121.9
2024-08-23 07:06:12,SOLUSDT,bid,130,14566.078
2024-08-23 07:06:55,SOLUSDT,bid,130,14567.616
2024-08-23 07:07:09,SOLUSDT,ask,150,26119.9
2024-08-23 07:07:09,SOLUSDT,ask,163,17775.472
2024-08-23 07:07:09,SOLUSDT,bid,135,15423.69
2024-08-23 07:07:09,SOLUSDT,ask,149,15975.624
2024-08-23 07:08:16,SOLUSDT,ask,156,20188.924
2024-08-23 07:08:26,SOLUSDT,bid,140,8239.581
2024-08-23 07:08:32,SOLUSDT,bid,139,7206.3
2024-08-23 07:08:43,SOLUSDT,ask,147,7900.371
2024-08-23 07:08:54,SOLUSDT,ask,220,12186.211
2024-08-23 07:09:00,SOLUSDT,ask,147,7901.837
2024-08-23 07:09:12,SOLUSDT,bid,140,8245.579
2024-08-23 07:09:17,SOLUSDT,ask,148,21271.466
2024-08-23 07:09:31,SOLUSDT,bid,110,25644.335
2024-08-23 07:09:42,SOLUSDT,bid,115,18588.208
2024-08-23 12:02:03,SOLUSDT,bid,115,18597.158
2024-08-23 12:02:03,SOLUSDT,bid,115,18597.058
2024-08-23 12:02:10,SOLUSDT,bid,140,7168.645
2024-08-23 12:02:50,SOLUSDT,ask,155,13839.163
2024-08-23 12:03:09,SOLUSDT,ask,150,26917.213
2024-08-23 12:03:37,SOLUSDT,ask,152,18830.859
2024-08-23 12:03:38,SOLUSDT,bid,115,18597.058
2024-08-23 12:03:41,SOLUSDT,ask,150,26917.166
2024-08-23 12:03:58,SOLUSDT,bid,115,18597.058
2024-08-23 12:04:02,SOLUSDT,bid,140,7149.788
2024-08-23 12:04:05,SOLUSDT,ask,148,15483.154
2024-08-23 12:04:05,SOLUSDT,ask,150,26916.166
2024-08-23 12:04:05,SOLUSDT,ask,155,13838.163
2024-08-23 12:04:05,SOLUSDT,ask,160,27679.069
2024-08-23 12:04:06,SOLUSDT,bid,140,7149.353
2024-08-23 12:04:12,SOLUSDT,bid,135,14635.128
2024-08-23 12:04:13,SOLUSDT,bid,131,9626.092
2024-08-23 12:04:15,SOLUSDT,bid,115,18597.058
2024-08-23 12:04:16,SOLUSDT,bid,130,16226.287
2024-08-23 12:04:18,SOLUSDT,bid,130,16226.203
2024-08-23 12:04:18,SOLUSDT,bid,130,16226.119
2024-08-23 12:04:18,SOLUSDT,bid,130,16226.035
2024-08-23 12:04:25,SOLUSDT,bid,130,16225.951
2024-08-23 12:04:25,SOLUSDT,bid,130,16225.867
2024-08-23 12:04:50,SOLUSDT,ask,170,12488.623
2024-08-23 12:04:52,SOLUSDT,bid,130,16225.783
2024-08-23 12:04:57,SOLUSDT,bid,130,16225.699
2024-08-23 12:04:57,SOLUSDT,bid,130,16225.615
2024-08-23 12:05:01,SOLUSDT,bid,130,16225.447
2024-08-23 12:05:01,SOLUSDT,bid,130,16225.363
2024-08-23 12:05:01,SOLUSDT,bid,130,16225.279
2024-08-23 12:05:01,SOLUSDT,bid,130,16225.195
2024-08-23 12:05:02,SOLUSDT,bid,130,16225.111
2024-08-23 12:05:02,SOLUSDT,bid,130,16225.027
2024-08-23 12:05:02,SOLUSDT,bid,130,16224.943
2024-08-23 12:05:02,SOLUSDT,bid,130,16224.859
2024-08-23 12:05:05,SOLUSDT,bid,130,16224.775
2024-08-23 12:05:05,SOLUSDT,bid,130,16224.691
2024-08-23 12:05:05,SOLUSDT,bid,130,16224.607
2024-08-23 12:05:05,SOLUSDT,bid,130,16224.523
2024-08-23 12:05:05,SOLUSDT,bid,130,16224.355
2024-08-23 12:05:06,SOLUSDT,bid,130,16224.271
2024-08-23 12:05:18,SOLUSDT,ask,156,20176.082
2024-08-23 12:05:35,SOLUSDT,bid,115,18597.058
2024-08-23 12:05:52,SOLUSDT,ask,150,26916.114
2024-08-23 12:05:56,SOLUSDT,bid,115,18597.058
2024-08-23 12:06:17,SOLUSDT,bid,115,18597.058
2024-08-23 12:06:54,SOLUSDT,ask,160,27679.137
2024-08-23 12:07:01,SOLUSDT,bid,140,7149.267
2024-08-23 12:07:01,SOLUSDT,ask,150,26916.028
2024-08-23 12:07:22,SOLUSDT,bid,130,16224.195
2024-08-23 12:07:41,SOLUSDT,bid,100,27144.812
2024-08-23 12:07:42,SOLUSDT,ask,160,27672.111
2024-08-23 12:07:47,SOLUSDT,ask,150,26906.028
2024-08-23 12:07:52,SOLUSDT,ask,185,15931.811
2024-08-23 12:08:05,SOLUSDT,ask,148,15476.019
2024-08-23 12:08:30,SOLUSDT,bid,110,23929.719
2024-08-23 12:08:31,SOLUSDT,bid,120,20796.126
2024-08-23 12:08:32,SOLUSDT,ask,149,15745.258
2024-08-23 12:08:32,SOLUSDT,bid,130,16223.195
2024-08-23 12:08:34,SOLUSDT,ask,155,13837.348
2024-08-23 12:08:37,SOLUSDT,ask,185,15930.811
2024-08-23 12:08:47,SOLUSDT,ask,148,15483.045
2024-08-23 12:08:51,SOLUSDT,ask,155,13837.448
2024-08-23 12:08:59,SOLUSDT,ask,155,13838.263
2024-08-23 12:08:59,SOLUSDT,ask,150,26905.928
2024-08-23 12:09:00,SOLUSDT,ask,156,20176.182
2024-08-23 12:09:19,SOLUSDT,ask,150,26904.891
2024-08-23 12:09:23,SOLUSDT,ask,149,15750.477
2024-08-23 12:09:25,SOLUSDT,ask,150,26897.857
2024-08-23 12:09:26,SOLUSDT,ask,158,19780.37
2024-08-23 12:09:35,SOLUSDT,ask,155,13844.263
2024-08-23 12:09:40,SOLUSDT,ask,155,13838.263
2024-08-23 12:09:43,SOLUSDT,bid,135,14635.082
2024-08-23 12:09:47,SOLUSDT,ask,160,27672.211
2024-08-23 12:10:30,SOLUSDT,ask,170,12488.723
2024-08-23 12:10:48,SOLUSDT,ask,210,25659.931
2024-08-23 12:10:58,SOLUSDT,ask,150,26898.894
2024-08-23 12:11:11,SOLUSDT,ask,149,15758.847
2024-08-23 12:11:13,SOLUSDT,ask,150,26866.54
2024-08-23 12:11:13,SOLUSDT,ask,150,26861.04
2024-08-23 12:11:17,SOLUSDT,ask,149,15757.114
2024-08-23 12:11:17,SOLUSDT,ask,150,26862.773
2024-08-23 12:11:19,SOLUSDT,ask,149,15748.744
2024-08-23 12:11:46,SOLUSDT,ask,148,15482.149
2024-08-23 12:11:57,SOLUSDT,ask,148,15479.503
2024-08-23 12:12:06,SOLUSDT,ask,150,26856.074
2024-08-23 12:12:32,SOLUSDT,ask,185,15929.184
2024-08-23 12:12:37,SOLUSDT,ask,210,25663.115
2024-08-23 12:12:43,SOLUSDT,bid,131,9617.52
2024-08-23 12:12:47,SOLUSDT,bid,100,27141.785
2024-08-23 12:12:49,SOLUSDT,bid,120,20771.91
2024-08-23 12:12:58,SOLUSDT,ask,150,26855.988
2024-08-23 12:13:12,SOLUSDT,ask,180,26912.679
2024-08-23 12:13:23,SOLUSDT,ask,148,15480.399
2024-08-23 12:13:23,SOLUSDT,ask,151,20435.116
2024-08-23 12:13:26,SOLUSDT,bid,140,7217.883
2024-08-23 12:13:27,SOLUSDT,ask,148,15482.026
2024-08-23 12:13:34,SOLUSDT,ask,150,26855.888
2024-08-23 12:13:36,SOLUSDT,ask,151,20430.635
2024-08-23 12:13:45,SOLUSDT,bid,140,7219.529
2024-08-23 12:13:47,SOLUSDT,ask,148,15486.507
2024-08-23 12:14:02,SOLUSDT,ask,154,17954.397
2024-08-23 12:14:31,SOLUSDT,ask,195,12077.825
2024-08-23 12:14:38,SOLUSDT,ask,148,15487.505
2024-08-23 12:14:40,SOLUSDT,ask,148,15486.507
2024-08-23 12:14:48,SOLUSDT,bid,140,7219.177
2024-08-23 12:14:49,SOLUSDT,ask,148,15487.497
2024-08-23 12:14:55,SOLUSDT,bid,140,7216.626
2024-08-23 12:15:14,SOLUSDT,ask,180,26912.773
2024-08-23 12:15:21,SOLUSDT,ask,150,26853.888
2024-08-23 12:15:24,SOLUSDT,bid,140,7211.401
2024-08-23 12:15:29,SOLUSDT,ask,155,13838.403
2024-08-23 12:15:29,SOLUSDT,ask,150,26854.282
2024-08-23 12:15:30,SOLUSDT,bid,140,7211.046
2024-08-23 12:15:38,SOLUSDT,bid,140,7216.271
2024-08-23 12:15:39,SOLUSDT,bid,120,20770.115
2024-08-23 12:15:43,SOLUSDT,ask,170,12488.623
2024-08-23 12:15:48,SOLUSDT,bid,125,17152.477
2024-08-23 12:15:53,SOLUSDT,ask,148,15486.507
2024-08-23 12:15:58,SOLUSDT,ask,195,12107.228
2024-08-23 12:16:20,SOLUSDT,ask,170,12488.891
2024-08-23 12:16:53,SOLUSDT,ask,148,15483.692
2024-08-23 12:16:54,SOLUSDT,bid,110,23929.37
2024-08-23 12:17:02,SOLUSDT,ask,150,26854.362
2024-08-23 12:17:12,SOLUSDT,ask,600,3051.661
2024-08-23 12:18:06,SOLUSDT,ask,150,26847.34
2024-08-23 12:18:07,SOLUSDT,ask,150,26847.407
2024-08-23 12:18:10,SOLUSDT,bid,130,16219.201
2024-08-23 12:18:12,SOLUSDT,bid,120,20765.789
2024-08-23 12:18:13,SOLUSDT,bid,110,23924.649
2024-08-23 12:18:14,SOLUSDT,bid,100,27136.592
2024-08-23 12:18:19,SOLUSDT,ask,149,15749.744
2024-08-23 12:18:22,SOLUSDT,ask,180,26959.669
2024-08-23 12:18:44,SOLUSDT,ask,148,15485.69
2024-08-23 12:18:47,SOLUSDT,ask,154,17953.428
2024-08-23 12:18:49,SOLUSDT,ask,149,15746.678
2024-08-23 12:18:51,SOLUSDT,ask,150,26854.254
2024-08-23 12:19:06,SOLUSDT,ask,148,15495.69
2024-08-23 12:19:16,SOLUSDT,ask,149,15756.678
2024-08-23 12:19:18,SOLUSDT,ask,148,15496.967
2024-08-23 12:19:34,SOLUSDT,ask,260,7218.669
2024-08-23 12:19:37,SOLUSDT,ask,150,26861.254
2024-08-23 12:19:39,SOLUSDT,ask,152,18831.307
2024-08-23 12:19:46,SOLUSDT,ask,148,15497.07
2024-08-23 12:20:24,SOLUSDT,ask,150,26851.264
2024-08-23 12:20:44,SOLUSDT,ask,148,15453.875
2024-08-23 12:20:46,SOLUSDT,ask,160,27669.265
2024-08-23 12:20:47,SOLUSDT,ask,150,26851.082
2024-08-23 12:20:58,SOLUSDT,ask,152,18831.489
2024-08-23 12:21:02,SOLUSDT,ask,148,15453.944
2024-08-23 12:21:11,SOLUSDT,ask,160,27680.044
2024-08-23 12:21:28,SOLUSDT,ask,165,16309.608
2024-08-23 12:21:28,SOLUSDT,ask,148,13413.126
2024-08-23 12:21:34,SOLUSDT,ask,156,20163.807
2024-08-23 12:21:35,SOLUSDT,ask,175,7512.619
2024-08-23 12:21:39,SOLUSDT,ask,150,26844.236
2024-08-23 12:21:40,SOLUSDT,ask,152,18831.307
2024-08-23 12:21:43,SOLUSDT,ask,150,26838.078
2024-08-23 12:21:49,SOLUSDT,bid,130,16212.104
2024-08-23 12:21:50,SOLUSDT,ask,148,13425.501
2024-08-23 12:21:52,SOLUSDT,ask,150,26863.716
2024-08-23 12:22:01,SOLUSDT,ask,148,13423.604
2024-08-23 12:22:03,SOLUSDT,ask,148,13430.45
2024-08-23 12:22:06,SOLUSDT,ask,150,26863.761
2024-08-23 12:22:26,SOLUSDT,ask,148,13429.637
2024-08-23 12:22:33,SOLUSDT,ask,148,13429.069
2024-08-23 12:22:34,SOLUSDT,bid,115,18585.297
2024-08-23 12:22:35,SOLUSDT,ask,160,27681.416
2024-08-23 12:22:41,SOLUSDT,ask,148,13429.38
2024-08-23 12:23:00,SOLUSDT,ask,175,7514.227
2024-08-23 12:23:09,SOLUSDT,bid,135,14634.414
2024-08-23 12:23:12,SOLUSDT,ask,148,13429.948
2024-08-23 12:23:17,SOLUSDT,ask,165,16309.711
2024-08-23 12:23:19,SOLUSDT,ask,150,26863.725
2024-08-23 12:23:40,SOLUSDT,bid,120,20763.789
2024-08-23 12:23:41,SOLUSDT,ask,150,26863.843
2024-08-23 12:23:41,SOLUSDT,ask,160,27681.298
2024-08-23 12:23:57,SOLUSDT,ask,160,27680.955
2024-08-23 12:23:58,SOLUSDT,ask,152,18831.266
2024-08-23 12:24:08,SOLUSDT,ask,150,26856.996
2024-08-23 12:24:18,SOLUSDT,ask,148,13428.327
2024-08-23 12:24:24,SOLUSDT,ask,150,26831.358
2024-08-23 12:24:28,SOLUSDT,ask,165,16309.893
2024-08-23 12:24:30,SOLUSDT,ask,163,17610.588
2024-08-23 12:24:30,SOLUSDT,ask,600,3174.921
2024-08-23 12:24:36,SOLUSDT,ask,151,20430.356
2024-08-23 12:24:44,SOLUSDT,ask,165,16309.711
2024-08-23 12:24:49,SOLUSDT,ask,152,18831.545
2024-08-23 12:24:55,SOLUSDT,ask,151,20437.203
2024-08-23 12:25:18,SOLUSDT,ask,148,13429.116
2024-08-23 12:25:34,SOLUSDT,ask,200,46443.956
2024-08-23 12:25:35,SOLUSDT,bid,100,27146.977
2024-08-23 12:25:38,SOLUSDT,ask,150,26829.77
2024-08-23 12:25:39,SOLUSDT,bid,125,17160.785
2024-08-23 12:25:42,SOLUSDT,ask,154,17953.61
2024-08-23 12:25:43,SOLUSDT,ask,200,46444.062
2024-08-23 12:25:46,SOLUSDT,ask,148,13432.116
2024-08-23 12:25:48,SOLUSDT,ask,150,26829.31
2024-08-23 12:25:50,SOLUSDT,ask,148,13432.154
2024-08-23 12:25:55,SOLUSDT,bid,100,27196.977
2024-08-23 12:26:04,SOLUSDT,ask,150,26828.608
2024-08-23 12:26:46,SOLUSDT,ask,200,46455.387
2024-08-23 12:26:50,SOLUSDT,ask,180,26959.717
2024-08-23 12:26:50,SOLUSDT,bid,110,23924.697
2024-08-23 12:27:11,SOLUSDT,ask,152,18830.221
2024-08-23 12:27:15,SOLUSDT,ask,160,27682.543
2024-08-23 12:27:22,SOLUSDT,ask,150,26912.775
2024-08-23 12:27:47,SOLUSDT,bid,100,27195.977
2024-08-23 12:27:49,SOLUSDT,ask,155,13844.31
2024-08-23 12:27:54,SOLUSDT,ask,165,16261.97
2024-08-23 12:27:57,SOLUSDT,bid,110,23923.697
2024-08-23 12:27:59,SOLUSDT,bid,115,18584.297
2024-08-23 12:28:03,SOLUSDT,ask,148,13428.623
2024-08-23 12:28:03,SOLUSDT,ask,148,13416.857
2024-08-23 12:28:04,SOLUSDT,ask,148,13413.354
2024-08-23 12:28:05,SOLUSDT,ask,154,17953.428
2024-08-23 12:28:07,SOLUSDT,bid,120,20762.789
2024-08-23 12:28:13,SOLUSDT,bid,125,17159.785
2024-08-23 12:28:16,SOLUSDT,bid,130,16211.104
2024-08-23 12:28:41,SOLUSDT,ask,148,13413.699
2024-08-23 12:28:42,SOLUSDT,ask,148,13412.674
2024-08-23 12:28:46,SOLUSDT,ask,150,26934.775
2024-08-23 12:28:54,SOLUSDT,ask,152,18840.301
2024-08-23 12:28:56,SOLUSDT,ask,150,26932.408
2024-08-23 12:29:10,SOLUSDT,ask,150,26931.396
2024-08-23 12:29:11,SOLUSDT,bid,140,7370.752
2024-08-23 12:29:19,SOLUSDT,bid,125,17158.785
2024-08-23 12:29:19,SOLUSDT,ask,165,16256.977
2024-08-23 12:29:32,SOLUSDT,ask,160,27671.764
2024-08-23 12:29:36,SOLUSDT,bid,140,7375.37
2024-08-23 12:29:40,SOLUSDT,ask,148,13414.82
2024-08-23 12:29:47,SOLUSDT,ask,148,13414.39
2024-08-23 12:29:49,SOLUSDT,ask,155,13840.289
2024-08-23 12:29:51,SOLUSDT,bid,120,20752.789
2024-08-23 12:29:53,SOLUSDT,ask,151,20430.356
2024-08-23 12:29:59,SOLUSDT,ask,158,19783.37
2024-08-23 12:30:07,SOLUSDT,bid,135,14635.898
2024-08-23 12:30:08,SOLUSDT,bid,130,16213.653
2024-08-23 12:30:13,SOLUSDT,ask,151,20435.349
2024-08-23 12:30:13,SOLUSDT,ask,150,26930.719
2024-08-23 12:30:17,SOLUSDT,bid,115,18584.202
2024-08-23 12:30:19,SOLUSDT,bid,140,7365.37
2024-08-23 12:30:22,SOLUSDT,ask,152,18835.306
2024-08-23 12:30:42,SOLUSDT,bid,130,16213.569
2024-08-23 12:30:47,SOLUSDT,ask,148,13549.989
2024-08-23 12:31:07,SOLUSDT,ask,148,13549.58
2024-08-23 12:31:31,SOLUSDT,ask,156,20182.998
2024-08-23 12:31:44,SOLUSDT,ask,155,13839.072
2024-08-23 12:31:47,SOLUSDT,bid,140,7367.37
2024-08-23 12:31:52,SOLUSDT,ask,156,20180.869
2024-08-23 12:31:54,SOLUSDT,bid,140,7367.68
2024-08-23 12:32:03,SOLUSDT,ask,200,46450.169
2024-08-23 12:32:05,SOLUSDT,ask,155,13842.972
2024-08-23 12:32:14,SOLUSDT,ask,150,26921.685
2024-08-23 12:32:23,SOLUSDT,ask,200,46455.284
2024-08-23 12:32:35,SOLUSDT,bid,140,7370.539
2024-08-23 12:32:42,SOLUSDT,ask,155,13842.937
2024-08-23 12:32:50,SOLUSDT,ask,155,13837.03
2024-08-23 12:32:53,SOLUSDT,bid,135,14635.824
2024-08-23 12:32:54,SOLUSDT,ask,149,15749.403
2024-08-23 12:33:05,SOLUSDT,ask,150,26927.592
2024-08-23 12:33:05,SOLUSDT,bid,140,7369.626
2024-08-23 12:33:05,SOLUSDT,ask,150,26926.679
2024-08-23 12:33:06,SOLUSDT,ask,170,12487.133
2024-08-23 12:33:06,SOLUSDT,ask,149,15748.657
2024-08-23 12:33:21,SOLUSDT,ask,150,26931.997
2024-08-23 12:33:23,SOLUSDT,ask,148,13542.734
2024-08-23 12:33:47,SOLUSDT,ask,152,18836.948
2024-08-23 12:33:47,SOLUSDT,bid,140,7368.85
2024-08-23 12:33:50,SOLUSDT,ask,155,13837.977
2024-08-23 12:33:51,SOLUSDT,ask,150,26932.038
2024-08-23 12:33:51,SOLUSDT,ask,150,26938.884
2024-08-23 12:33:55,SOLUSDT,ask,150,26908.214
2024-08-23 12:33:55,SOLUSDT,ask,175,7579.153
2024-08-23 12:33:55,SOLUSDT,ask,160,27670.874
2024-08-23 12:34:05,SOLUSDT,ask,150,26909.912
2024-08-23 12:34:20,SOLUSDT,bid,140,7368.902
2024-08-23 12:34:21,SOLUSDT,ask,190,22277.208
2024-08-23 12:34:35,SOLUSDT,ask,149,15748.157
2024-08-23 12:34:44,SOLUSDT,ask,152,18838.624
2024-08-23 12:34:50,SOLUSDT,ask,165,16255.335
2024-08-23 12:34:55,SOLUSDT,ask,150,26909.34
2024-08-23 12:34:56,SOLUSDT,ask,148,13539.39
2024-08-23 12:35:06,SOLUSDT,ask,148,13539.801
2024-08-23 12:35:06,SOLUSDT,ask,154,17955.07
2024-08-23 12:35:13,SOLUSDT,ask,158,19783.942
2024-08-23 12:35:27,SOLUSDT,ask,151,20434.038
2024-08-23 12:35:30,SOLUSDT,ask,148,13539.498
2024-08-23 12:35:32,SOLUSDT,ask,152,18711.574
2024-08-23 12:35:36,SOLUSDT,bid,130,17324.367
2024-08-23 12:35:40,SOLUSDT,ask,152,18772.346
2024-08-23 12:35:44,SOLUSDT,bid,115,19839.888
2024-08-23 12:35:50,SOLUSDT,ask,150,26908.659
2024-08-23 12:35:54,SOLUSDT,ask,180,26963.829
2024-08-23 12:35:59,SOLUSDT,ask,152,18774.267
2024-08-23 12:35:59,SOLUSDT,ask,148,13544.498
2024-08-23 12:35:59,SOLUSDT,ask,150,26908.962
2024-08-23 12:36:17,SOLUSDT,ask,148,13549.498
2024-08-23 12:36:17,SOLUSDT,ask,152,18772.346
2024-08-23 12:36:18,SOLUSDT,bid,140,7354.039
2024-08-23 12:36:21,SOLUSDT,ask,155,13839.625
2024-08-23 12:36:30,SOLUSDT,ask,152,18773.326
2024-08-23 12:36:31,SOLUSDT,ask,170,12480.125
2024-08-23 12:36:51,SOLUSDT,ask,154,17958.867
2024-08-23 12:37:06,SOLUSDT,bid,131,9621.735
2024-08-23 12:37:12,SOLUSDT,ask,148,13549.46
2024-08-23 12:37:23,SOLUSDT,ask,150,26909.102
2024-08-23 12:37:36,SOLUSDT,ask,150,26905.839
2024-08-23 12:37:39,SOLUSDT,ask,155,13839.572
2024-08-23 12:37:55,SOLUSDT,bid,130,17316.675
2024-08-23 12:37:56,SOLUSDT,ask,148,13550.46
2024-08-23 12:38:15,SOLUSDT,bid,140,7354.896
2024-08-23 12:38:24,SOLUSDT,ask,175,7526.378
2024-08-23 12:38:40,SOLUSDT,ask,185,15933.005
2024-08-23 12:38:48,SOLUSDT,ask,148,13500.46
2024-08-23 12:38:55,SOLUSDT,bid,110,23661.159
2024-08-23 12:38:56,SOLUSDT,ask,180,26959.717
2024-08-23 12:39:02,SOLUSDT,ask,148,13509.734
2024-08-23 12:39:07,SOLUSDT,ask,150,26905.699
2024-08-23 12:39:07,SOLUSDT,ask,180,26959.857
2024-08-23 12:39:16,SOLUSDT,bid,140,7353.846
2024-08-23 12:39:36,SOLUSDT,bid,120,21054.019
2024-08-23 12:39:40,SOLUSDT,ask,148,13508.457
2024-08-23 12:39:49,SOLUSDT,ask,170,12478.038
2024-08-23 12:40:17,SOLUSDT,ask,161,14670.194
2024-08-23 12:40:17,SOLUSDT,ask,180,26967.985
2024-08-23 12:40:35,SOLUSDT,bid,115,18584.202
2024-08-23 12:40:37,SOLUSDT,ask,148,13510.215
2024-08-23 12:40:48,SOLUSDT,bid,140,7355.274
2024-08-23 12:41:10,SOLUSDT,ask,163,17540.729
2024-08-23 12:41:20,SOLUSDT,bid,140,7336.879
2024-08-23 12:41:43,SOLUSDT,ask,148,13510.296
2024-08-23 12:41:45,SOLUSDT,ask,150,26909.15
2024-08-23 12:41:55,SOLUSDT,ask,150,26909.65
2024-08-23 12:42:16,SOLUSDT,ask,170,12385.771
2024-08-23 12:42:21,SOLUSDT,ask,155,13829.572
2024-08-23 12:42:25,SOLUSDT,bid,140,7334.879
2024-08-23 12:42:26,SOLUSDT,bid,140,7335.179
2024-08-23 12:42:27,SOLUSDT,ask,148,13510.53
2024-08-23 12:42:30,SOLUSDT,bid,140,7334.757
2024-08-23 12:42:32,SOLUSDT,ask,180,26963.217
2024-08-23 12:43:00,SOLUSDT,ask,154,17955.615
2024-08-23 12:43:05,SOLUSDT,bid,115,18583.202
2024-08-23 12:43:06,SOLUSDT,ask,152,18768.061
2024-08-23 12:43:10,SOLUSDT,ask,150,26910.95
2024-08-23 12:43:19,SOLUSDT,ask,150,26909.65
2024-08-23 12:43:19,SOLUSDT,ask,165,16255.048
2024-08-23 12:43:37,SOLUSDT,bid,140,7334.457
2024-08-23 12:43:46,SOLUSDT,ask,155,13830.872
2024-08-23 12:43:52,SOLUSDT,bid,140,7334.657
2024-08-23 12:43:55,SOLUSDT,ask,148,13511.043
2024-08-23 12:44:10,SOLUSDT,bid,120,21057.96
2024-08-23 12:44:20,SOLUSDT,ask,148,13509.043
2024-08-23 12:44:23,SOLUSDT,ask,152,18775.387
2024-08-23 12:44:34,SOLUSDT,bid,100,27194.022
2024-08-23 12:44:40,SOLUSDT,ask,150,26861.32
2024-08-23 12:44:42,SOLUSDT,ask,152,18773.061
2024-08-23 12:44:48,SOLUSDT,ask,148,13505.572
2024-08-23 12:44:49,SOLUSDT,ask,149,15796.487
2024-08-23 12:44:53,SOLUSDT,ask,150,26860.944
2024-08-23 12:44:55,SOLUSDT,bid,130,17314.368
2024-08-23 12:45:03,SOLUSDT,ask,160,27671.286
2024-08-23 12:45:17,SOLUSDT,ask,150,26862.544
2024-08-23 12:45:22,SOLUSDT,ask,150,26778.377
2024-08-23 12:45:39,SOLUSDT,ask,165,16365.575
2024-08-23 12:45:41,SOLUSDT,ask,148,13503.508
2024-08-23 12:45:46,SOLUSDT,bid,135,14635.141
2024-08-23 12:45:48,SOLUSDT,ask,149,15795.837
2024-08-23 12:46:02,SOLUSDT,ask,163,17540.767
2024-08-23 12:46:13,SOLUSDT,ask,149,15845.837
2024-08-23 12:46:24,SOLUSDT,ask,190,22276.368
2024-08-23 12:46:25,SOLUSDT,ask,150,26781.848
2024-08-23 12:46:35,SOLUSDT,ask,154,17956.455
2024-08-23 12:46:37,SOLUSDT,ask,150,26780.478
2024-08-23 12:46:47,SOLUSDT,ask,200,46454.054
2024-08-23 12:46:53,SOLUSDT,bid,130,17308.896
2024-08-23 12:46:57,SOLUSDT,ask,148,13503.162
2024-08-23 12:47:16,SOLUSDT,ask,160,27671.786
2024-08-23 12:47:21,SOLUSDT,ask,160,27672.298
2024-08-23 12:47:30,SOLUSDT,ask,148,13522.79
2024-08-23 12:47:44,SOLUSDT,ask,151,20433.501
2024-08-23 12:47:48,SOLUSDT,ask,148,13523.327
2024-08-23 12:48:07,SOLUSDT,ask,155,13831.871
2024-08-23 12:48:11,SOLUSDT,ask,148,13523.677
2024-08-23 12:48:21,SOLUSDT,ask,148,13373.677
2024-08-23 12:48:41,SOLUSDT,bid,140,7334.595
2024-08-23 12:48:45,SOLUSDT,ask,148,13372.677
2024-08-23 12:48:46,SOLUSDT,ask,210,25639.842
2024-08-23 12:48:53,SOLUSDT,bid,125,17158.617
2024-08-23 12:49:15,SOLUSDT,ask,156,20180.487
2024-08-23 12:49:22,SOLUSDT,ask,154,17956.103
2024-08-23 12:49:25,SOLUSDT,bid,111,19157.839
2024-08-23 12:49:43,SOLUSDT,bid,135,14634.841
2024-08-23 12:49:45,SOLUSDT,ask,150,26780.929
2024-08-23 12:49:51,SOLUSDT,bid,140,7336.595
2024-08-23 12:49:52,SOLUSDT,bid,130,17318.896
2024-08-23 12:49:58,SOLUSDT,ask,151,20433.727
2024-08-23 12:50:04,SOLUSDT,ask,150,26779.93
2024-08-23 12:50:06,SOLUSDT,ask,152,18773.287
2024-08-23 12:50:14,SOLUSDT,ask,210,25638.727
2024-08-23 12:50:17,SOLUSDT,ask,148,13357.692
2024-08-23 12:50:24,SOLUSDT,bid,135,14634.77
2024-08-23 12:50:24,SOLUSDT,ask,150,26779.866
2024-08-23 12:50:50,SOLUSDT,bid,140,7338.13
2024-08-23 12:50:53,SOLUSDT,ask,149,67254.318
2024-08-23 12:50:53,SOLUSDT,ask,151,20433.781
2024-08-23 12:50:57,SOLUSDT,bid,140,7338.188
2024-08-23 12:51:13,SOLUSDT,ask,148,13366.677
2024-08-23 12:51:23,SOLUSDT,bid,130,16570.147
2024-08-23 12:51:31,SOLUSDT,ask,148,13369.105
2024-08-23 12:51:36,SOLUSDT,ask,160,27672.135
2024-08-23 12:52:07,SOLUSDT,ask,150,26779.908
2024-08-23 12:52:16,SOLUSDT,ask,150,26780.908
2024-08-23 12:52:17,SOLUSDT,bid,125,17150.617
2024-08-23 12:52:17,SOLUSDT,ask,190,22278.245
2024-08-23 12:52:29,SOLUSDT,ask,150,26780.283
2024-08-23 12:52:29,SOLUSDT,ask,161,14600.194
2024-08-23 12:52:33,SOLUSDT,ask,148,13368.756
2024-08-23 12:52:34,SOLUSDT,bid,135,14634.57
2024-08-23 12:52:34,SOLUSDT,bid,125,17150.417
2024-08-23 12:52:34,SOLUSDT,bid,115,18582.802
2024-08-23 12:52:45,SOLUSDT,ask,152,18773.872
2024-08-23 12:52:48,SOLUSDT,ask,148,13268.756
2024-08-23 12:52:49,SOLUSDT,ask,150,26779.962
2024-08-23 12:52:51,SOLUSDT,bid,135,14634.791
2024-08-23 12:52:51,SOLUSDT,ask,149,15846.337
2024-08-23 12:52:51,SOLUSDT,bid,140,7338.288
2024-08-23 12:52:58,SOLUSDT,ask,185,16003.005
2024-08-23 12:53:14,SOLUSDT,ask,148,13318.756
2024-08-23 12:53:17,SOLUSDT,ask,151,20434.781
2024-08-23 12:53:38,SOLUSDT,ask,148,13315.276
2024-08-23 12:53:43,SOLUSDT,ask,200,44776.963
2024-08-23 12:53:46,SOLUSDT,ask,150,26778.034
2024-08-23 12:54:02,SOLUSDT,ask,148,13421.981
2024-08-23 12:54:14,SOLUSDT,ask,148,13422.081
2024-08-23 12:54:17,SOLUSDT,ask,148,13227.83
2024-08-23 12:54:27,SOLUSDT,ask,160,27672.316
2024-08-23 12:54:48,SOLUSDT,ask,150,28818.852
2024-08-23 12:54:51,SOLUSDT,ask,155,13832.871
2024-08-23 12:55:02,SOLUSDT,ask,148,13231.854
2024-08-23 12:55:11,SOLUSDT,bid,131,9583.568
2024-08-23 12:55:15,SOLUSDT,bid,80,26288.13
2024-08-23 12:55:21,SOLUSDT,ask,148,13266.819
2024-08-23 12:55:22,SOLUSDT,ask,149,67244.311
2024-08-23 12:55:44,SOLUSDT,ask,160,27672.135
2024-08-23 12:55:48,SOLUSDT,ask,149,15726.467
2024-08-23 12:55:55,SOLUSDT,bid,135,14634.937
2024-08-23 12:55:56,SOLUSDT,bid,135,14634.849
2024-08-23 12:55:59,SOLUSDT,ask,154,17961.103
2024-08-23 12:56:02,SOLUSDT,bid,140,7338.085
2024-08-23 12:56:06,SOLUSDT,ask,155,13837.871
2024-08-23 12:56:27,SOLUSDT,bid,140,7336.937
2024-08-23 12:56:30,SOLUSDT,bid,115,18580.455
2024-08-23 12:56:42,SOLUSDT,ask,150,28819.852
2024-08-23 12:56:45,SOLUSDT,ask,155,13835.281
2024-08-23 12:56:45,SOLUSDT,ask,148,13264.821
2024-08-23 12:56:47,SOLUSDT,ask,150,28700.33
2024-08-23 12:56:48,SOLUSDT,ask,148,13243.816
2024-08-23 12:56:49,SOLUSDT,ask,170,12386.279
2024-08-23 12:56:54,SOLUSDT,ask,150,28699.783
2024-08-23 12:56:56,SOLUSDT,bid,140,7338.171
2024-08-23 12:57:00,SOLUSDT,ask,152,18759.105
2024-08-23 12:57:01,SOLUSDT,ask,160,27673.552
2024-08-23 12:57:05,SOLUSDT,ask,250,18538.892
2024-08-23 12:57:14,SOLUSDT,ask,148,13243.191
2024-08-23 12:57:16,SOLUSDT,ask,170,12385.653
2024-08-23 12:57:20,SOLUSDT,ask,185,16000.13
2024-08-23 12:57:35,SOLUSDT,ask,160,27640.01
2024-08-23 12:57:40,SOLUSDT,ask,185,16008.002
2024-08-23 12:57:48,SOLUSDT,bid,130,16677.839
2024-08-23 12:57:48,SOLUSDT,ask,150,28699.274
2024-08-23 12:57:48,SOLUSDT,ask,151,20427.926
2024-08-23 12:57:54,SOLUSDT,ask,195,12101.228
2024-08-23 12:58:16,SOLUSDT,bid,120,21038.719
2024-08-23 12:58:18,SOLUSDT,ask,149,15761.195
2024-08-23 12:58:20,SOLUSDT,ask,152,19401.009
2024-08-23 12:58:25,SOLUSDT,ask,150,28699.312
2024-08-23 12:58:25,SOLUSDT,bid,140,7338.209
2024-08-23 12:58:31,SOLUSDT,ask,195,12102.6
2024-08-23 12:58:34,SOLUSDT,ask,150,28695.012
2024-08-23 12:58:36,SOLUSDT,ask,151,20431.346
2024-08-23 12:58:39,SOLUSDT,ask,152,19393.713
2024-08-23 12:58:41,SOLUSDT,ask,155,13827.984
2024-08-23 12:58:45,SOLUSDT,ask,148,13243.58
2024-08-23 12:58:53,SOLUSDT,ask,148,13243.191
2024-08-23 12:58:54,SOLUSDT,ask,250,18538.526
2024-08-23 12:58:56,SOLUSDT,ask,180,26963.186
2024-08-23 12:58:59,SOLUSDT,ask,246,5086.248
2024-08-23 12:59:02,SOLUSDT,ask,150,28694.974
2024-08-23 12:59:17,SOLUSDT,bid,140,7335.444
2024-08-23 12:59:20,SOLUSDT,bid,140,7338.608
2024-08-23 12:59:27,SOLUSDT,bid,135,14635.014
2024-08-23 12:59:28,SOLUSDT,ask,150,28667.002
2024-08-23 12:59:47,SOLUSDT,bid,140,7337.894
2024-08-23 13:00:08,SOLUSDT,ask,170,12385.62
2024-08-23 13:00:19,SOLUSDT,ask,148,13229.227
2024-08-23 13:00:21,SOLUSDT,ask,148,13222.322
2024-08-23 13:00:28,SOLUSDT,ask,150,28661.93
2024-08-23 13:00:46,SOLUSDT,ask,200,44776.847
2024-08-23 13:00:49,SOLUSDT,ask,155,13817.994
2024-08-23 13:00:54,SOLUSDT,ask,180,26963.302
2024-08-23 13:01:04,SOLUSDT,ask,158,19793.932
2024-08-23 13:01:17,SOLUSDT,bid,140,7417.29
2024-08-23 13:01:18,SOLUSDT,ask,150,28662.388
2024-08-23 13:01:23,SOLUSDT,ask,148,13257.322
2024-08-23 13:01:51,SOLUSDT,ask,200,44777.116
2024-08-23 13:01:58,SOLUSDT,ask,148,13249.33
2024-08-23 13:02:02,SOLUSDT,bid,130,16655.433
2024-08-23 13:02:06,SOLUSDT,bid,140,7413.559
2024-08-23 13:02:07,SOLUSDT,bid,140,7414.367
2024-08-23 13:02:09,SOLUSDT,bid,120,21038.431
2024-08-23 13:02:17,SOLUSDT,ask,155,13817.487
2024-08-23 13:02:22,SOLUSDT,bid,140,7413.953
2024-08-23 13:02:43,SOLUSDT,bid,110,23654.769
2024-08-23 13:02:46,SOLUSDT,bid,140,7416.095
2024-08-23 13:02:57,SOLUSDT,bid,140,7416.295
2024-08-23 13:03:03,SOLUSDT,bid,110,23659.314
2024-08-23 13:03:11,SOLUSDT,ask,400,4725.344
2024-08-23 13:03:13,SOLUSDT,bid,100,27199.022
2024-08-23 13:03:53,SOLUSDT,bid,140,7414.295
2024-08-23 13:03:59,SOLUSDT,ask,150,28706.388
2024-08-23 13:04:22,SOLUSDT,ask,149,15736.195
2024-08-23 13:05:26,SOLUSDT,ask,152,19393.665
2024-08-23 13:05:26,SOLUSDT,ask,156,20180.439
2024-08-23 13:05:26,SOLUSDT,ask,160,27639.962
2024-08-23 13:05:27,SOLUSDT,ask,180,26963.254
2024-08-23 13:05:27,SOLUSDT,ask,188,11221.582
2024-08-23 13:05:33,SOLUSDT,ask,150,28685.011
2024-08-23 13:05:34,SOLUSDT,ask,175,7526.058
2024-08-23 13:05:39,SOLUSDT,ask,158,19797.15
2024-08-23 13:06:02,SOLUSDT,bid,80,26284.152
2024-08-23 13:06:03,SOLUSDT,ask,149,67269.499
2024-08-23 13:06:03,SOLUSDT,ask,160,29317.053
2024-08-23 13:06:35,SOLUSDT,ask,150,28695.001
2024-08-23 13:06:58,SOLUSDT,ask,158,19793.932
2024-08-23 13:07:12,SOLUSDT,ask,165,16390.526
2024-08-23 13:07:17,SOLUSDT,bid,140,7415.776
2024-08-23 13:07:18,SOLUSDT,bid,80,26159.152
2024-08-23 13:07:39,SOLUSDT,ask,165,16365.575
2024-08-23 13:07:47,SOLUSDT,ask,155,13818.297
2024-08-23 13:07:54,SOLUSDT,ask,158,19818.883
2024-08-23 13:07:54,SOLUSDT,ask,150,28695.037
2024-08-23 13:07:55,SOLUSDT,bid,140,7415.812
2024-08-23 13:08:01,SOLUSDT,ask,152,19393.439
2024-08-23 13:08:21,SOLUSDT,ask,148,13254.04
2024-08-23 13:08:30,SOLUSDT,bid,140,7415.527
2024-08-23 13:08:34,SOLUSDT,ask,165,16366.486
2024-08-23 13:08:46,SOLUSDT,bid,135,14634.959
2024-08-23 13:08:46,SOLUSDT,bid,130,16655.373
2024-08-23 13:08:53,SOLUSDT,ask,148,13253.629
2024-08-23 13:08:59,SOLUSDT,bid,120,20879.571
2024-08-23 13:09:06,SOLUSDT,ask,195,12101.495
2024-08-23 13:09:10,SOLUSDT,bid,140,7382.515
2024-08-23 13:09:15,SOLUSDT,ask,148,13257.625
2024-08-23 13:09:15,SOLUSDT,bid,140,7383.587
2024-08-23 13:09:16,SOLUSDT,ask,170,12385.5
2024-08-23 13:09:19,SOLUSDT,ask,148,13257.661
2024-08-23 13:09:24,SOLUSDT,ask,161,14599.959
2024-08-23 13:09:24,SOLUSDT,bid,140,7387.382
2024-08-23 13:09:25,SOLUSDT,ask,148,13256.489
2024-08-23 13:09:30,SOLUSDT,ask,200,44776.837
2024-08-23 13:09:32,SOLUSDT,ask,180,27038.876
2024-08-23 13:09:45,SOLUSDT,ask,150,28695.157
2024-08-23 13:09:48,SOLUSDT,bid,130,16635.373
2024-08-23 13:10:00,SOLUSDT,bid,110,23489.619
2024-08-23 13:10:09,SOLUSDT,ask,160,29317.867
2024-08-23 13:10:14,SOLUSDT,ask,148,13256.768
2024-08-23 13:10:15,SOLUSDT,bid,140,7523.548
2024-08-23 13:10:22,SOLUSDT,ask,149,67276.479
2024-08-23 13:10:24,SOLUSDT,bid,115,18579.455
2024-08-23 13:10:30,SOLUSDT,ask,150,28695.568
2024-08-23 13:10:44,SOLUSDT,bid,140,7524.015
2024-08-23 13:11:04,SOLUSDT,ask,149,15736.544
2024-08-23 13:11:04,SOLUSDT,ask,149,15736.333
2024-08-23 13:11:11,SOLUSDT,ask,149,67269.499
2024-08-23 13:11:13,SOLUSDT,ask,152,19387.292
2024-08-23 13:11:15,SOLUSDT,ask,151,20430.346
2024-08-23 13:11:16,SOLUSDT,ask,160,27640.776
2024-08-23 13:11:22,SOLUSDT,ask,170,12385.295
2024-08-23 13:11:23,SOLUSDT,ask,155,13817.29
2024-08-23 13:11:24,SOLUSDT,bid,130,16655.373
2024-08-23 13:11:28,SOLUSDT,ask,150,28695.638
2024-08-23 13:11:28,SOLUSDT,ask,175,7525.988
2024-08-23 13:11:30,SOLUSDT,ask,165,16366.902
2024-08-23 13:11:48,SOLUSDT,ask,150,28695.819
2024-08-23 13:12:04,SOLUSDT,ask,155,13819.694
2024-08-23 13:12:05,SOLUSDT,ask,150,28695.699
2024-08-23 13:12:08,SOLUSDT,ask,148,13252.058
2024-08-23 13:12:15,SOLUSDT,bid,131,9568.882
2024-08-23 13:12:22,SOLUSDT,ask,170,12385.883
2024-08-23 13:12:27,SOLUSDT,ask,170,12382.741
2024-08-23 13:12:30,SOLUSDT,bid,130,16654.989
2024-08-23 13:12:51,SOLUSDT,bid,135,14634.663
2024-08-23 13:12:59,SOLUSDT,ask,161,14598.959
2024-08-23 13:13:02,SOLUSDT,ask,163,17539.767
2024-08-23 13:13:06,SOLUSDT,bid,140,7523.015
2024-08-23 13:13:18,SOLUSDT,ask,150,28697.757
2024-08-23 13:13:31,SOLUSDT,bid,110,23489.191
2024-08-23 13:13:54,SOLUSDT,ask,150,28693.757
2024-08-23 13:13:55,SOLUSDT,ask,165,16365.902
2024-08-23 13:13:55,SOLUSDT,ask,148,13251.449
2024-08-23 13:14:04,SOLUSDT,ask,150,28707.465
2024-08-23 13:14:11,SOLUSDT,ask,148,13251.138
2024-08-23 13:14:16,SOLUSDT,bid,140,7521.091
2024-08-23 13:14:22,SOLUSDT,ask,160,27640.839
2024-08-23 13:14:25,SOLUSDT,ask,148,13251.057
2024-08-23 13:15:08,SOLUSDT,ask,149,15745.863
2024-08-23 13:15:16,SOLUSDT,bid,140,7520.072
2024-08-23 13:15:16,SOLUSDT,ask,165,15991.952
2024-08-23 13:15:18,SOLUSDT,bid,110,22716.462
2024-08-23 13:15:30,SOLUSDT,bid,110,22716.187
2024-08-23 13:15:32,SOLUSDT,bid,130,14344.129
2024-08-23 13:15:34,SOLUSDT,bid,130,14295.478
2024-08-23 13:15:37,SOLUSDT,bid,130,14241.127
2024-08-23 13:15:44,SOLUSDT,ask,150,28704.653
2024-08-23 13:16:13,SOLUSDT,ask,150,28706.653
2024-08-23 13:16:22,SOLUSDT,ask,148,13250.69
2024-08-23 13:16:34,SOLUSDT,ask,165,15992.932
2024-08-23 13:16:35,SOLUSDT,ask,148,13250.456
2024-08-23 13:16:50,SOLUSDT,ask,150,28706.615
2024-08-23 13:16:50,SOLUSDT,bid,140,7520.034
2024-08-23 13:16:57,SOLUSDT,ask,149,15572.355
2024-08-23 13:17:03,SOLUSDT,ask,188,11221.54
2024-08-23 13:17:03,SOLUSDT,ask,300,9927.259
2024-08-23 13:17:12,SOLUSDT,ask,150,28706.575
2024-08-23 13:17:13,SOLUSDT,ask,200,44775.491
2024-08-23 13:17:21,SOLUSDT,bid,115,18579.709
2024-08-23 13:17:24,SOLUSDT,bid,135,14634.589
2024-08-23 13:17:35,SOLUSDT,ask,148,13248.665
2024-08-23 13:17:44,SOLUSDT,bid,120,20578.341
2024-08-23 13:17:46,SOLUSDT,ask,155,13820.415
2024-08-23 13:17:46,SOLUSDT,ask,149,15565.104
2024-08-23 13:17:55,SOLUSDT,ask,152,19386.289
2024-08-23 13:17:58,SOLUSDT,ask,155,13818.604
2024-08-23 13:18:11,SOLUSDT,bid,130,16551.987
2024-08-23 13:18:15,SOLUSDT,ask,165,15994.743
2024-08-23 13:18:25,SOLUSDT,ask,180,27041.37
2024-08-23 13:18:27,SOLUSDT,ask,150,28706.524
2024-08-23 13:18:27,SOLUSDT,bid,130,16606.338
2024-08-23 13:18:30,SOLUSDT,bid,140,7572.516
2024-08-23 13:18:32,SOLUSDT,ask,180,27038.876
2024-08-23 13:18:47,SOLUSDT,ask,154,17960.858
2024-08-23 13:18:47,SOLUSDT,ask,200,44775.246
2024-08-23 13:18:47,SOLUSDT,bid,131,9568.637
2024-08-23 13:18:47,SOLUSDT,bid,120,20818.342
2024-08-23 13:18:49,SOLUSDT,ask,180,27041.365
2024-08-23 13:18:51,SOLUSDT,bid,115,18637.09
2024-08-23 13:19:04,SOLUSDT,bid,130,16654.989
2024-08-23 13:19:08,SOLUSDT,ask,180,27038.876
2024-08-23 13:19:30,SOLUSDT,ask,151,20425.404
2024-08-23 13:19:46,SOLUSDT,ask,188,11220.221
2024-08-23 13:19:46,SOLUSDT,ask,160,27640.025
2024-08-23 13:19:53,SOLUSDT,ask,175,7524.006
2024-08-23 13:20:00,SOLUSDT,bid,140,7572.382
2024-08-23 13:20:12,SOLUSDT,ask,188,11221.368
2024-08-23 13:20:21,SOLUSDT,ask,150,28706.474
2024-08-23 13:20:21,SOLUSDT,ask,155,13818.554
2024-08-23 13:20:21,SOLUSDT,ask,160,27639.975
2024-08-23 13:20:29,SOLUSDT,ask,150,28705.475
2024-08-23 13:20:36,SOLUSDT,bid,140,7568.832
2024-08-23 13:20:44,SOLUSDT,bid,135,14638.447
2024-08-23 13:20:44,SOLUSDT,bid,131,9564.779
2024-08-23 13:20:52,SOLUSDT,ask,150,28705.436
2024-08-23 13:21:02,SOLUSDT,bid,100,27089.238
2024-08-23 13:21:02,SOLUSDT,ask,180,26988.279
2024-08-23 13:21:13,SOLUSDT,ask,170,12379.74
2024-08-23 13:21:14,SOLUSDT,ask,210,25643.376
2024-08-23 13:21:17,SOLUSDT,ask,300,9927.298
2024-08-23 13:21:18,SOLUSDT,ask,149,67244.311
2024-08-23 13:21:23,SOLUSDT,ask,154,17957.061
2024-08-23 13:21:26,SOLUSDT,bid,140,7568.613
2024-08-23 13:21:43,SOLUSDT,ask,180,27064.064
2024-08-23 13:21:49,SOLUSDT,ask,150,28705.475
2024-08-23 13:21:58,SOLUSDT,bid,130,16655.028
2024-08-23 13:22:11,SOLUSDT,bid,120,20809.271
2024-08-23 13:22:12,SOLUSDT,ask,151,20415.414
2024-08-23 13:22:19,SOLUSDT,bid,140,7574.571
2024-08-23 13:22:26,SOLUSDT,ask,155,13818.455
2024-08-23 13:22:50,SOLUSDT,ask,180,27064.132
2024-08-23 13:22:50,SOLUSDT,ask,150,28703.3
2024-08-23 13:22:51,SOLUSDT,bid,135,14588.1
2024-08-23 13:22:55,SOLUSDT,ask,149,67244.275
2024-08-23 13:22:58,SOLUSDT,bid,130,16631.917
2024-08-23 13:23:08,SOLUSDT,ask,155,13814.442
2024-08-23 13:23:09,SOLUSDT,ask,148,13246.519
2024-08-23 13:23:11,SOLUSDT,ask,150,28702.301
2024-08-23 13:23:11,SOLUSDT,ask,160,27640.974
2024-08-23 13:23:17,SOLUSDT,ask,152,19378.963
2024-08-23 13:23:32,SOLUSDT,bid,130,16624.22
2024-08-23 13:23:37,SOLUSDT,bid,140,7574.535
2024-08-23 13:23:37,SOLUSDT,ask,150,28702.265
2024-08-23 13:23:37,SOLUSDT,ask,170,12378.74
2024-08-23 13:23:38,SOLUSDT,ask,175,7523.006
2024-08-23 13:23:40,SOLUSDT,ask,180,27063.132
2024-08-23 13:23:42,SOLUSDT,ask,185,16007.002
2024-08-23 13:23:49,SOLUSDT,ask,188,11220.368
2024-08-23 13:23:49,SOLUSDT,ask,150,28701.41
2024-08-23 13:23:56,SOLUSDT,ask,148,13240.431
2024-08-23 13:24:05,SOLUSDT,ask,152,19376.798
2024-08-23 13:24:19,SOLUSDT,ask,152,19369.87
2024-08-23 13:24:43,SOLUSDT,bid,115,18637.09
2024-08-23 13:24:53,SOLUSDT,bid,135,14588.262
2024-08-23 13:25:03,SOLUSDT,bid,115,18637.09
2024-08-23 13:25:07,SOLUSDT,bid,120,20768.496
2024-08-23 13:25:08,SOLUSDT,bid,140,7574.395
2024-08-23 13:25:21,SOLUSDT,ask,600,3051.661
2024-08-23 13:25:23,SOLUSDT,bid,115,18637.09
2024-08-23 13:25:47,SOLUSDT,bid,140,7563.03
2024-08-23 13:25:47,SOLUSDT,ask,149,15533.246
2024-08-23 13:25:57,SOLUSDT,ask,150,28702.678
2024-08-23 13:26:14,SOLUSDT,ask,148,13239.424
2024-08-23 13:26:23,SOLUSDT,ask,150,28703.685
2024-08-23 13:26:47,SOLUSDT,bid,115,18637.09
2024-08-23 13:27:01,SOLUSDT,ask,163,17539.328
2024-08-23 13:27:05,SOLUSDT,ask,148,13244.424
2024-08-23 13:27:06,SOLUSDT,bid,111,19158.74
2024-08-23 13:27:07,SOLUSDT,bid,115,18637.09
2024-08-23 13:27:11,SOLUSDT,ask,148,13239.424
2024-08-23 13:27:27,SOLUSDT,bid,115,18637.09
2024-08-23 13:27:34,SOLUSDT,bid,140,7552.703
2024-08-23 13:27:52,SOLUSDT,bid,130,16623.627
2024-08-23 13:28:01,SOLUSDT,bid,140,7557.703
2024-08-23 13:28:02,SOLUSDT,bid,110,22706.187
2024-08-23 13:28:21,SOLUSDT,bid,80,26147.902
2024-08-23 13:28:27,SOLUSDT,bid,140,7552.703
2024-08-23 13:28:49,SOLUSDT,bid,140,7552.058
2024-08-23 13:29:00,SOLUSDT,ask,195,12105.502
2024-08-23 13:29:00,SOLUSDT,ask,200,44772.612
2024-08-23 13:29:01,SOLUSDT,bid,125,17140.417
2024-08-23 13:29:20,SOLUSDT,ask,200,44775.246
2024-08-23 13:29:44,SOLUSDT,bid,140,7557.058
2024-08-23 13:29:53,SOLUSDT,bid,140,7558.545
2024-08-23 13:30:06,SOLUSDT,bid,140,7562.116
2024-08-23 13:30:18,SOLUSDT,bid,80,26147.798
2024-08-23 13:30:18,SOLUSDT,ask,220,12198.591
2024-08-23 13:30:31,SOLUSDT,ask,155,13813.437
2024-08-23 13:30:56,SOLUSDT,bid,140,7562.83
2024-08-23 13:30:57,SOLUSDT,bid,135,14582.714
2024-08-23 13:30:57,SOLUSDT,bid,115,18637.09
2024-08-23 13:30:58,SOLUSDT,ask,150,28703.277
2024-08-23 13:30:59,SOLUSDT,ask,250,18528.591
2024-08-23 13:31:08,SOLUSDT,ask,200,44775.216
2024-08-23 13:31:16,SOLUSDT,ask,150,28681.277
2024-08-23 13:31:17,SOLUSDT,bid,115,18637.09
2024-08-23 13:31:18,SOLUSDT,bid,140,7563.252
2024-08-23 13:31:20,SOLUSDT,bid,120,20993.496
2024-08-23 13:31:37,SOLUSDT,bid,115,18637.09
2024-08-23 13:31:48,SOLUSDT,ask,148,13236.996
2024-08-23 13:31:55,SOLUSDT,ask,205,10211.717
2024-08-23 13:32:04,SOLUSDT,ask,151,20415.727
2024-08-23 13:32:27,SOLUSDT,ask,148,13223.145
2024-08-23 13:32:56,SOLUSDT,ask,190,22278.287
2024-08-23 13:33:03,SOLUSDT,bid,115,18637.09
2024-08-23 13:33:23,SOLUSDT,bid,115,18637.19
2024-08-23 13:33:23,SOLUSDT,bid,115,18637.09
2024-08-23 13:33:24,SOLUSDT,ask,148,13223.198
2024-08-23 13:33:24,SOLUSDT,bid,140,7566.109
2024-08-23 13:33:25,SOLUSDT,bid,120,20993.563
2024-08-23 13:33:27,SOLUSDT,bid,140,7574.109
2024-08-23 13:33:34,SOLUSDT,bid,140,7576.109
2024-08-23 13:33:43,SOLUSDT,bid,115,18637.09
2024-08-23 13:33:55,SOLUSDT,ask,150,28681.345
2024-08-23 13:34:08,SOLUSDT,bid,140,7573.252
2024-08-23 13:34:20,SOLUSDT,ask,150,28674.311
2024-08-23 13:34:26,SOLUSDT,bid,140,7581.745
2024-08-23 13:34:49,SOLUSDT,ask,188,11220.469
2024-08-23 13:34:52,SOLUSDT,ask,170,12478.69
2024-08-23 13:35:04,SOLUSDT,ask,155,13813.345
2024-08-23 13:35:06,SOLUSDT,ask,152,19369.809
2024-08-23 13:35:08,SOLUSDT,bid,115,18637.09
2024-08-23 13:35:12,SOLUSDT,bid,125,17143.617
2024-08-23 13:35:22,SOLUSDT,ask,150,28445.129
2024-08-23 13:35:28,SOLUSDT,bid,115,18637.09
2024-08-23 13:35:48,SOLUSDT,bid,115,18637.09
2024-08-23 13:35:52,SOLUSDT,ask,150,28444.718
2024-08-23 13:35:55,SOLUSDT,bid,140,7579.745
2024-08-23 13:36:06,SOLUSDT,bid,140,7577.743
2024-08-23 13:36:19,SOLUSDT,ask,195,12105.848
2024-08-23 13:36:36,SOLUSDT,bid,115,18636.09
2024-08-23 13:36:52,SOLUSDT,bid,135,14582.657
2024-08-23 13:36:55,SOLUSDT,ask,150,28443.586
2024-08-23 13:37:12,SOLUSDT,bid,115,18636.09
2024-08-23 13:37:21,SOLUSDT,ask,148,13222.508
2024-08-23 13:37:32,SOLUSDT,bid,115,18636.09
2024-08-23 13:37:35,SOLUSDT,bid,140,7578.1
2024-08-23 13:37:52,SOLUSDT,bid,115,18636.09
2024-08-23 13:38:08,SOLUSDT,ask,156,20180.677
2024-08-23 13:38:08,SOLUSDT,ask,195,12105.502
2024-08-23 13:39:04,SOLUSDT,ask,170,12469.284
2024-08-23 13:39:06,SOLUSDT,bid,130,16622.885
2024-08-23 13:39:08,SOLUSDT,bid,140,7581.882
2024-08-23 13:39:18,SOLUSDT,bid,115,18636.09
2024-08-23 13:39:19,SOLUSDT,ask,180,26987.51
2024-08-23 13:39:29,SOLUSDT,ask,149,15532.986
2024-08-23 13:39:37,SOLUSDT,bid,115,18636.09
2024-08-23 13:39:43,SOLUSDT,bid,140,7576.273
2024-08-23 13:39:52,SOLUSDT,ask,155,13813.954
2024-08-23 13:39:58,SOLUSDT,bid,115,18636.09
2024-08-23 13:40:24,SOLUSDT,bid,140,7577.61
2024-08-23 13:40:53,SOLUSDT,bid,140,7577.103
2024-08-23 13:41:27,SOLUSDT,ask,156,20159.873
2024-08-23 13:41:32,SOLUSDT,bid,130,15512.087
2024-08-23 13:41:40,SOLUSDT,ask,150,28436.92
2024-08-23 13:41:50,SOLUSDT,ask,190,22277.92
2024-08-23 13:41:52,SOLUSDT,ask,170,12469.069
2024-08-23 13:41:53,SOLUSDT,ask,155,13812.917
2024-08-23 13:42:01,SOLUSDT,bid,120,20993.397
2024-08-23 13:42:32,SOLUSDT,ask,150,28437.322
2024-08-23 13:42:39,SOLUSDT,bid,125,17142.542
2024-08-23 13:42:50,SOLUSDT,bid,140,7576.103
2024-08-23 13:43:06,SOLUSDT,bid,125,17143.595
2024-08-23 13:43:15,SOLUSDT,ask,148,13222.784
2024-08-23 13:43:18,SOLUSDT,ask,150,28435.322
2024-08-23 13:43:26,SOLUSDT,ask,148,13222.921
2024-08-23 13:43:39,SOLUSDT,ask,148,13222.025
2024-08-23 13:43:39,SOLUSDT,ask,152,19370.907
2024-08-23 13:44:14,SOLUSDT,ask,149,15534.385
2024-08-23 13:44:42,SOLUSDT,ask,149,67251.255
2024-08-23 13:44:55,SOLUSDT,ask,149,67244.275
2024-08-23 13:45:08,SOLUSDT,bid,140,7583.253
2024-08-23 13:45:09,SOLUSDT,ask,165,15994.786
2024-08-23 13:45:11,SOLUSDT,ask,149,15534.453
2024-08-23 13:45:21,SOLUSDT,ask,150,28435.652
2024-08-23 13:45:30,SOLUSDT,ask,152,19369.946
2024-08-23 13:45:32,SOLUSDT,ask,170,12466.619
2024-08-23 13:45:38,SOLUSDT,ask,195,12105.453
2024-08-23 13:45:40,SOLUSDT,ask,150,28433.654
2024-08-23 13:45:53,SOLUSDT,ask,150,28434.693
2024-08-23 13:46:01,SOLUSDT,ask,160,27574.577
2024-08-23 13:46:21,SOLUSDT,ask,160,27640.974
2024-08-23 13:46:32,SOLUSDT,ask,155,13811.25
2024-08-23 13:46:42,SOLUSDT,ask,150,28434.401
2024-08-23 13:46:52,SOLUSDT,ask,150,28435.157
2024-08-23 13:47:16,SOLUSDT,ask,148,13224.705
2024-08-23 13:47:28,SOLUSDT,ask,150,28436.542
2024-08-23 13:47:36,SOLUSDT,bid,120,20991.806
2024-08-23 13:47:45,SOLUSDT,bid,130,15513.555
2024-08-23 13:48:06,SOLUSDT,ask,148,13225.164
2024-08-23 13:48:08,SOLUSDT,ask,150,28435.742
2024-08-23 13:48:27,SOLUSDT,bid,140,7580.25
2024-08-23 13:48:30,SOLUSDT,ask,152,19368.854
2024-08-23 13:48:52,SOLUSDT,ask,180,26988.31
2024-08-23 13:48:53,SOLUSDT,ask,180,26988.687
2024-08-23 13:49:02,SOLUSDT,bid,140,7582.036
2024-08-23 13:49:03,SOLUSDT,ask,150,28437.75
2024-08-23 13:49:10,SOLUSDT,ask,150,28436.646
2024-08-23 13:49:11,SOLUSDT,ask,149,15537.97
2024-08-23 13:49:46,SOLUSDT,ask,150,28433.26
2024-08-23 13:50:10,SOLUSDT,ask,150,28434.142
2024-08-23 13:50:12,SOLUSDT,ask,148,13210.27
2024-08-23 13:50:16,SOLUSDT,ask,150,28435.184
2024-08-23 13:50:17,SOLUSDT,ask,200,44779.055
2024-08-23 13:50:28,SOLUSDT,ask,160,27640.905
2024-08-23 13:50:37,SOLUSDT,ask,150,28436.178
2024-08-23 13:50:38,SOLUSDT,bid,110,22705.187
2024-08-23 13:50:57,SOLUSDT,bid,140,7582.114
2024-08-23 13:50:58,SOLUSDT,ask,163,17557.241
2024-08-23 13:51:00,SOLUSDT,bid,110,22704.931
2024-08-23 13:51:01,SOLUSDT,ask,165,15994.53
2024-08-23 13:51:10,SOLUSDT,bid,130,15513.516
2024-08-23 13:51:10,SOLUSDT,ask,170,12466.58
2024-08-23 13:51:12,SOLUSDT,ask,150,28435.688
2024-08-23 13:51:26,SOLUSDT,ask,148,13210.208
2024-08-23 13:51:27,SOLUSDT,ask,150,28432.346
2024-08-23 13:51:35,SOLUSDT,ask,190,22278.973
2024-08-23 13:51:35,SOLUSDT,ask,155,13813.219
2024-08-23 13:51:38,SOLUSDT,ask,155,13812.4
2024-08-23 13:51:45,SOLUSDT,ask,150,28431.352
2024-08-23 13:51:45,SOLUSDT,bid,130,15512.515
2024-08-23 13:52:13,SOLUSDT,ask,148,13216.208
2024-08-23 13:52:28,SOLUSDT,ask,150,28433.309
2024-08-23 13:52:35,SOLUSDT,ask,163,17537.707
2024-08-23 13:52:36,SOLUSDT,bid,130,15511.746
2024-08-23 13:52:37,SOLUSDT,bid,140,7581.061
2024-08-23 13:52:42,SOLUSDT,ask,185,16026.536
2024-08-23 13:52:50,SOLUSDT,ask,150,28438.433
2024-08-23 13:52:50,SOLUSDT,ask,152,19366.746
2024-08-23 13:52:53,SOLUSDT,ask,165,15992.591
2024-08-23 13:53:02,SOLUSDT,ask,150,28439.785
2024-08-23 13:53:05,SOLUSDT,ask,155,13805.323
2024-08-23 13:53:08,SOLUSDT,ask,149,15534.453
2024-08-23 13:53:11,SOLUSDT,ask,180,26977.933
2024-08-23 13:53:13,SOLUSDT,ask,163,17538.857
2024-08-23 13:53:15,SOLUSDT,ask,300,9928.298
2024-08-23 13:53:19,SOLUSDT,ask,158,19785.584
2024-08-23 13:53:21,SOLUSDT,bid,140,7580.861
2024-08-23 13:53:33,SOLUSDT,ask,158,19783.584
2024-08-23 13:53:34,SOLUSDT,ask,155,13807.323
2024-08-23 13:53:37,SOLUSDT,ask,158,19816.883
2024-08-23 13:53:46,SOLUSDT,ask,160,27642.905
2024-08-23 13:53:50,SOLUSDT,bid,140,7575.861
2024-08-23 13:53:56,SOLUSDT,ask,150,28435.485
2024-08-23 13:53:57,SOLUSDT,ask,210,25642.226
2024-08-23 13:54:10,SOLUSDT,ask,165,15994.665
2024-08-23 13:54:13,SOLUSDT,ask,151,20416.473
2024-08-23 13:54:16,SOLUSDT,ask,149,15531.453
2024-08-23 13:54:18,SOLUSDT,bid,135,14539.198
2024-08-23 13:54:23,SOLUSDT,ask,149,15529.953
2024-08-23 13:54:27,SOLUSDT,ask,155,13814.323
2024-08-23 13:54:29,SOLUSDT,ask,148,13214.708
2024-08-23 13:54:46,SOLUSDT,bid,140,7576.396
2024-08-23 13:54:55,SOLUSDT,bid,140,7569.229
2024-08-23 13:55:12,SOLUSDT,bid,140,7570.229
2024-08-23 13:55:14,SOLUSDT,bid,140,7568.801
2024-08-23 13:55:23,SOLUSDT,ask,165,15996.087
2024-08-23 13:55:26,SOLUSDT,ask,155,13814.232
2024-08-23 13:55:46,SOLUSDT,ask,150,28445.485
2024-08-23 13:55:55,SOLUSDT,ask,148,13213.214
2024-08-23 13:55:55,SOLUSDT,ask,150,28446.979
2024-08-23 13:56:07,SOLUSDT,ask,148,13208.55
2024-08-23 13:56:13,SOLUSDT,ask,152,19376.08
2024-08-23 13:56:19,SOLUSDT,ask,149,15528.953
2024-08-23 13:56:21,SOLUSDT,ask,150,28442.061
2024-08-23 13:56:30,SOLUSDT,ask,190,22268.983
2024-08-23 13:56:34,SOLUSDT,ask,150,28418.633
2024-08-23 13:56:41,SOLUSDT,ask,150,28428.623
2024-08-23 13:56:42,SOLUSDT,ask,150,28428.775
2024-08-23 13:56:43,SOLUSDT,bid,135,14541.198
2024-08-23 13:56:51,SOLUSDT,ask,148,13194.814
2024-08-23 13:56:52,SOLUSDT,ask,152,19377.08
2024-08-23 13:56:59,SOLUSDT,bid,140,7573.917
2024-08-23 13:57:00,SOLUSDT,ask,148,13204.814
2024-08-23 13:57:00,SOLUSDT,ask,161,14599.214
2024-08-23 13:57:22,SOLUSDT,ask,148,13199.784
2024-08-23 13:57:24,SOLUSDT,ask,150,28429.456
2024-08-23 13:57:45,SOLUSDT,ask,148,13225.037
2024-08-23 13:57:52,SOLUSDT,ask,151,20419.99
2024-08-23 13:58:12,SOLUSDT,ask,156,20157.286
2024-08-23 13:58:13,SOLUSDT,ask,165,16006.08
2024-08-23 13:58:20,SOLUSDT,ask,150,28428.448
2024-08-23 13:58:37,SOLUSDT,ask,152,19375.118
2024-08-23 13:58:37,SOLUSDT,ask,148,13225.271
2024-08-23 13:58:48,SOLUSDT,bid,140,7573.73
2024-08-23 13:58:56,SOLUSDT,ask,149,15547.892
2024-08-23 13:58:56,SOLUSDT,bid,140,7574.536
2024-08-23 13:59:06,SOLUSDT,bid,110,22702.138
2024-08-23 13:59:31,SOLUSDT,ask,155,13816.75
2024-08-23 13:59:31,SOLUSDT,ask,150,28427.704
2024-08-23 13:59:47,SOLUSDT,ask,150,28441.909
2024-08-23 13:59:48,SOLUSDT,ask,190,22299.033
2024-08-23 13:59:55,SOLUSDT,ask,150,28443.006
2024-08-23 13:59:55,SOLUSDT,ask,155,13815.653
2024-08-23 13:59:57,SOLUSDT,ask,149,67244.224
2024-08-23 14:00:09,SOLUSDT,ask,155,13813.135
2024-08-23 14:00:12,SOLUSDT,ask,165,16006.037
2024-08-23 14:00:12,SOLUSDT,bid,140,7574.368
2024-08-23 14:00:16,SOLUSDT,ask,148,13221.241
2024-08-23 14:00:23,SOLUSDT,ask,155,13815.653
2024-08-23 14:00:30,SOLUSDT,ask,148,13220.75
2024-08-23 14:00:33,SOLUSDT,ask,149,67242.776
2024-08-23 14:00:36,SOLUSDT,ask,158,19839.018
2024-08-23 14:00:36,SOLUSDT,ask,148,13221.75
2024-08-23 14:00:48,SOLUSDT,ask,149,15546.983
2024-08-23 14:00:54,SOLUSDT,ask,148,13221.703
2024-08-23 14:00:57,SOLUSDT,ask,148,13220.495
2024-08-23 14:01:01,SOLUSDT,ask,152,19376.027
2024-08-23 14:01:05,SOLUSDT,ask,160,27631.034
2024-08-23 14:01:07,SOLUSDT,bid,120,20975.14
2024-08-23 14:01:09,SOLUSDT,ask,155,13808.932
2024-08-23 14:01:09,SOLUSDT,ask,152,19377.88
2024-08-23 14:01:10,SOLUSDT,ask,160,27633.245
2024-08-23 14:01:11,SOLUSDT,ask,150,28441.909
2024-08-23 14:01:14,SOLUSDT,ask,150,28441.458
2024-08-23 14:01:33,SOLUSDT,ask,148,13219.863
2024-08-23 14:01:33,SOLUSDT,ask,150,28448.179
2024-08-23 14:01:37,SOLUSDT,ask,154,17970.777
2024-08-23 14:01:37,SOLUSDT,ask,149,15487.042
2024-08-23 14:02:01,SOLUSDT,ask,210,25642.858
2024-08-23 14:02:04,SOLUSDT,bid,140,7574.656
2024-08-23 14:02:09,SOLUSDT,ask,148,13218.864
2024-08-23 14:02:12,SOLUSDT,ask,149,15488.041
2024-08-23 14:02:15,SOLUSDT,bid,140,7587.409
2024-08-23 14:02:19,SOLUSDT,bid,131,9564.391
2024-08-23 14:02:19,SOLUSDT,bid,125,17142.871
2024-08-23 14:02:37,SOLUSDT,ask,152,19380.644
2024-08-23 14:02:37,SOLUSDT,ask,160,27630.481
2024-08-23 14:02:57,SOLUSDT,bid,140,7586.409
2024-08-23 14:02:57,SOLUSDT,bid,135,14540.198
2024-08-23 14:03:05,SOLUSDT,bid,125,17092.481
2024-08-23 14:03:05,SOLUSDT,ask,150,28450.179
2024-08-23 14:03:08,SOLUSDT,ask,155,13807.046
2024-08-23 14:03:12,SOLUSDT,ask,210,25642.226
2024-08-23 14:03:19,SOLUSDT,ask,152,19381.329
2024-08-23 14:03:21,SOLUSDT,bid,115,18561.206
2024-08-23 14:03:30,SOLUSDT,ask,160,27632.367
2024-08-23 14:03:41,SOLUSDT,ask,148,13222.894
2024-08-23 14:03:49,SOLUSDT,ask,150,28450.23
2024-08-23 14:03:49,SOLUSDT,ask,151,20419.939
2024-08-23 14:04:18,SOLUSDT,ask,180,26976.917
2024-08-23 14:04:19,SOLUSDT,ask,155,13807.552
2024-08-23 14:04:37,SOLUSDT,ask,148,13223.225
2024-08-23 14:04:43,SOLUSDT,ask,152,19382.329
2024-08-23 14:04:52,SOLUSDT,ask,150,28414.077
2024-08-23 14:04:52,SOLUSDT,bid,140,7587.123
2024-08-23 14:05:05,SOLUSDT,bid,140,7586.409
2024-08-23 14:05:07,SOLUSDT,ask,160,27632.875
2024-08-23 14:05:08,SOLUSDT,bid,111,13078.025
2024-08-23 14:05:26,SOLUSDT,ask,152,19387.329
2024-08-23 14:05:31,SOLUSDT,ask,148,13223.785
2024-08-23 14:05:32,SOLUSDT,bid,140,7575.021
2024-08-23 14:05:34,SOLUSDT,ask,148,13224.13
2024-08-23 14:05:38,SOLUSDT,bid,140,7575.703
2024-08-23 14:06:03,SOLUSDT,bid,131,9562.356
2024-08-23 14:06:10,SOLUSDT,ask,148,13225.129
2024-08-23 14:06:22,SOLUSDT,ask,154,17969.779
2024-08-23 14:06:25,SOLUSDT,ask,148,13226.128
2024-08-23 14:06:28,SOLUSDT,ask,150,28507.283
2024-08-23 14:06:46,SOLUSDT,bid,111,13077.575
2024-08-23 14:06:48,SOLUSDT,bid,140,7579.775
2024-08-23 14:06:54,SOLUSDT,ask,160,27632.97
2024-08-23 14:06:58,SOLUSDT,bid,135,14538.717
2024-08-23 14:07:05,SOLUSDT,bid,140,7582.118
2024-08-23 14:07:12,SOLUSDT,ask,149,15494.922
2024-08-23 14:07:24,SOLUSDT,ask,152,19394.21
2024-08-23 14:07:28,SOLUSDT,ask,148,13221.324
2024-08-23 14:07:39,SOLUSDT,ask,148,13228.327
2024-08-23 14:07:47,SOLUSDT,bid,140,7584.26
2024-08-23 14:08:06,SOLUSDT,bid,131,9559.356
2024-08-23 14:08:08,SOLUSDT,bid,135,14535.717
2024-08-23 14:08:09,SOLUSDT,ask,150,28507.431
2024-08-23 14:08:09,SOLUSDT,ask,155,13807.404
2024-08-23 14:08:27,SOLUSDT,ask,150,28524.458
2024-08-23 14:08:33,SOLUSDT,ask,148,13228.122
2024-08-23 14:08:36,SOLUSDT,bid,115,18560.952
2024-08-23 14:08:40,SOLUSDT,bid,135,14515.717
2024-08-23 14:08:47,SOLUSDT,ask,155,13808.401
2024-08-23 14:08:51,SOLUSDT,ask,165,16024.815
2024-08-23 14:09:01,SOLUSDT,bid,135,14510.717
2024-08-23 14:09:10,SOLUSDT,ask,148,13227.122
2024-08-23 14:09:13,SOLUSDT,ask,148,13226.888
2024-08-23 14:09:13,SOLUSDT,bid,135,14550.717
2024-08-23 14:09:13,SOLUSDT,bid,130,15481.746
2024-08-23 14:09:40,SOLUSDT,ask,150,28574.508
2024-08-23 14:09:42,SOLUSDT,ask,185,16018.428
2024-08-23 14:09:49,SOLUSDT,bid,100,27072.058
2024-08-23 14:09:50,SOLUSDT,ask,190,22291.139
2024-08-23 14:10:18,SOLUSDT,ask,190,22291.102
2024-08-23 14:10:21,SOLUSDT,bid,131,9558.356
2024-08-23 14:10:25,SOLUSDT,ask,190,22288.979
2024-08-23 14:10:26,SOLUSDT,bid,140,7583.76
2024-08-23 14:10:27,SOLUSDT,bid,135,14549.233
2024-08-23 14:10:31,SOLUSDT,ask,150,28569.508
2024-08-23 14:10:37,SOLUSDT,ask,155,13808.437
2024-08-23 14:10:40,SOLUSDT,ask,190,22301.563
2024-08-23 14:10:49,SOLUSDT,bid,110,22701.794
2024-08-23 14:10:53,SOLUSDT,bid,125,17092.178
2024-08-23 14:10:56,SOLUSDT,bid,135,14649.233
2024-08-23 14:10:59,SOLUSDT,ask,148,13226.751
2024-08-23 14:11:00,SOLUSDT,ask,160,27633.971
2024-08-23 14:11:01,SOLUSDT,ask,190,22288.979
2024-08-23 14:11:08,SOLUSDT,ask,155,13808.785
2024-08-23 14:11:22,SOLUSDT,ask,149,15493.923
2024-08-23 14:11:38,SOLUSDT,ask,148,13227.374
2024-08-23 14:11:38,SOLUSDT,ask,149,15492.886
2024-08-23 14:11:42,SOLUSDT,bid,140,7584.474
2024-08-23 14:11:48,SOLUSDT,bid,130,15482.13
2024-08-23 14:11:51,SOLUSDT,ask,148,13227.511
2024-08-23 14:12:03,SOLUSDT,ask,200,46456.146
2024-08-23 14:12:03,SOLUSDT,bid,135,14649.077
2024-08-23 14:12:07,SOLUSDT,ask,150,28569.87
2024-08-23 14:12:07,SOLUSDT,ask,158,19838.656
2024-08-23 14:12:19,SOLUSDT,bid,140,7586.974
2024-08-23 14:12:21,SOLUSDT,ask,148,13232.902
2024-08-23 14:12:24,SOLUSDT,ask,148,13231.903
2024-08-23 14:12:31,SOLUSDT,ask,148,13231.8
2024-08-23 14:12:51,SOLUSDT,ask,148,13229.273
2024-08-23 14:12:52,SOLUSDT,bid,140,7586.26
2024-08-23 14:12:54,SOLUSDT,bid,140,7514.832
2024-08-23 14:12:59,SOLUSDT,bid,130,15481.13
2024-08-23 14:13:07,SOLUSDT,ask,155,13805.01
2024-08-23 14:13:12,SOLUSDT,ask,150,28568.871
2024-08-23 14:13:15,SOLUSDT,bid,140,7514.341
2024-08-23 14:13:26,SOLUSDT,ask,155,13804.01
2024-08-23 14:13:27,SOLUSDT,ask,151,20405.738
2024-08-23 14:13:29,SOLUSDT,bid,110,22701.735
2024-08-23 14:13:31,SOLUSDT,ask,160,27584.403
2024-08-23 14:13:35,SOLUSDT,bid,131,9549.196
2024-08-23 14:13:44,SOLUSDT,ask,151,20409.513
2024-08-23 14:13:58,SOLUSDT,bid,100,27071.558
2024-08-23 14:13:59,SOLUSDT,ask,200,46456.108
2024-08-23 14:14:12,SOLUSDT,ask,200,46456.136
2024-08-23 14:14:12,SOLUSDT,ask,150,28569.898
2024-08-23 14:14:20,SOLUSDT,ask,205,10211.744
2024-08-23 14:14:20,SOLUSDT,ask,148,13241.928
2024-08-23 14:14:27,SOLUSDT,ask,210,25642.252
2024-08-23 14:14:28,SOLUSDT,ask,170,12465.581
2024-08-23 14:14:37,SOLUSDT,ask,210,25642.226
2024-08-23 14:14:49,SOLUSDT,bid,120,20974.671
2024-08-23 14:14:49,SOLUSDT,ask,210,25642.27
2024-08-23 14:14:50,SOLUSDT,ask,165,16024.99
2024-08-23 14:14:59,SOLUSDT,bid,130,15481.563
2024-08-23 14:15:00,SOLUSDT,ask,165,16026.769
2024-08-23 14:15:02,SOLUSDT,ask,170,12466.58
2024-08-23 14:15:04,SOLUSDT,ask,152,19388.167
2024-08-23 14:15:16,SOLUSDT,ask,165,16026.594
2024-08-23 14:15:23,SOLUSDT,ask,151,20409.287
2024-08-23 14:15:37,SOLUSDT,ask,185,15935.214
2024-08-23 14:15:49,SOLUSDT,ask,155,13803.662
2024-08-23 14:15:55,SOLUSDT,ask,163,17526.184
2024-08-23 14:16:01,SOLUSDT,ask,161,14599.562
2024-08-23 14:16:01,SOLUSDT,bid,110,22610.826
2024-08-23 14:16:13,SOLUSDT,bid,140,7416.627
2024-08-23 14:16:19,SOLUSDT,ask,150,28569.694
2024-08-23 14:16:30,SOLUSDT,ask,158,19837.656
2024-08-23 14:16:32,SOLUSDT,ask,165,16024.815
2024-08-23 14:16:38,SOLUSDT,ask,250,18611.118
2024-08-23 14:16:46,SOLUSDT,ask,165,15993.87
2024-08-23 14:17:03,SOLUSDT,bid,140,7416.984
2024-08-23 14:17:13,SOLUSDT,ask,155,13797.662
2024-08-23 14:17:17,SOLUSDT,bid,140,7415.551
2024-08-23 14:17:18,SOLUSDT,bid,125,17091.178
2024-08-23 14:17:21,SOLUSDT,ask,150,28567.694
2024-08-23 14:17:26,SOLUSDT,ask,148,13266.928
2024-08-23 14:17:36,SOLUSDT,bid,120,20973.171
2024-08-23 14:17:42,SOLUSDT,bid,130,15480.351
2024-08-23 14:17:55,SOLUSDT,bid,120,20970.191
2024-08-23 14:17:58,SOLUSDT,bid,120,20966.325
2024-08-23 14:18:24,SOLUSDT,bid,135,14649.447
2024-08-23 14:18:29,SOLUSDT,ask,150,28567.731
2024-08-23 14:18:44,SOLUSDT,ask,150,28563.18
2024-08-23 14:19:05,SOLUSDT,ask,165,15993.993
2024-08-23 14:19:11,SOLUSDT,bid,125,17091.301
2024-08-23 14:19:17,SOLUSDT,ask,149,15459.647
2024-08-23 14:19:17,SOLUSDT,ask,148,13265.024
2024-08-23 14:19:27,SOLUSDT,ask,151,20408.487
2024-08-23 14:19:42,SOLUSDT,bid,140,7415.789
2024-08-23 14:19:43,SOLUSDT,bid,140,7417.798
2024-08-23 14:19:55,SOLUSDT,ask,150,28563.112
2024-08-23 14:20:02,SOLUSDT,bid,125,17090.145
2024-08-23 14:20:03,SOLUSDT,bid,130,15485.622
2024-08-23 14:20:09,SOLUSDT,bid,140,7418.787
2024-08-23 14:20:13,SOLUSDT,ask,150,28564.049
2024-08-23 14:20:24,SOLUSDT,ask,150,28564.09
2024-08-23 14:20:24,SOLUSDT,ask,160,27584.362
2024-08-23 14:20:43,SOLUSDT,bid,140,7418.883
2024-08-23 14:21:22,SOLUSDT,bid,140,7433.168
2024-08-23 14:21:31,SOLUSDT,ask,152,19387.463
2024-08-23 14:21:35,SOLUSDT,bid,130,15485.661
2024-08-23 14:21:39,SOLUSDT,ask,150,28563.334
2024-08-23 14:21:59,SOLUSDT,bid,135,14667.903
2024-08-23 14:22:11,SOLUSDT,ask,150,28564.784
2024-08-23 14:22:14,SOLUSDT,bid,131,9550.47
2024-08-23 14:22:26,SOLUSDT,ask,156,20136.257
2024-08-23 14:22:32,SOLUSDT,ask,149,15458.516
2024-08-23 14:22:41,SOLUSDT,bid,140,7418.883
2024-08-23 14:22:57,SOLUSDT,ask,150,28564.315
2024-08-23 14:23:10,SOLUSDT,bid,140,7422.454
2024-08-23 14:23:17,SOLUSDT,ask,160,27584.395
2024-08-23 14:23:33,SOLUSDT,ask,148,13264.565
2024-08-23 14:23:38,SOLUSDT,ask,160,27588.295
2024-08-23 14:23:38,SOLUSDT,ask,180,26973.017
2024-08-23 14:24:00,SOLUSDT,bid,135,14567.903
2024-08-23 14:24:02,SOLUSDT,ask,148,13264.668
2024-08-23 14:24:12,SOLUSDT,bid,125,17210.145
2024-08-23 14:24:16,SOLUSDT,bid,120,20962.1
2024-08-23 14:24:17,SOLUSDT,ask,170,12465.688
2024-08-23 14:24:42,SOLUSDT,bid,140,7423.168
2024-08-23 14:24:47,SOLUSDT,ask,163,17526.573
2024-08-23 14:24:48,SOLUSDT,bid,130,15447.2
2024-08-23 14:24:49,SOLUSDT,bid,140,7409.953
2024-08-23 14:24:51,SOLUSDT,ask,148,13262.354
2024-08-23 14:25:05,SOLUSDT,ask,150,28554.325
2024-08-23 14:25:13,SOLUSDT,bid,115,18558.381
2024-08-23 14:25:15,SOLUSDT,ask,161,14609.552
2024-08-23 14:25:20,SOLUSDT,ask,148,13262.251
2024-08-23 14:25:21,SOLUSDT,bid,125,17212.51
2024-08-23 14:25:30,SOLUSDT,ask,160,27587.858
2024-08-23 14:25:31,SOLUSDT,ask,149,15459.576
2024-08-23 14:25:37,SOLUSDT,bid,135,14566.803
2024-08-23 14:26:05,SOLUSDT,bid,140,7409.907
2024-08-23 14:26:22,SOLUSDT,ask,148,13263.25
2024-08-23 14:26:57,SOLUSDT,ask,150,28552.368
2024-08-23 14:26:59,SOLUSDT,bid,140,7410.957
2024-08-23 14:27:10,SOLUSDT,ask,151,20408.418
2024-08-23 14:27:29,SOLUSDT,ask,155,13796.778
2024-08-23 14:27:45,SOLUSDT,ask,150,28553.252
2024-08-23 14:27:59,SOLUSDT,ask,152,19387.5
2024-08-23 14:28:04,SOLUSDT,bid,125,17202.51
2024-08-23 14:28:24,SOLUSDT,bid,130,15446.8
2024-08-23 14:28:28,SOLUSDT,ask,190,22289.505
2024-08-23 14:28:32,SOLUSDT,bid,140,7410.6
2024-08-23 14:28:35,SOLUSDT,ask,150,28551.497
2024-08-23 14:29:03,SOLUSDT,bid,140,7400.6
2024-08-23 14:29:04,SOLUSDT,bid,140,7401.896
2024-08-23 14:29:13,SOLUSDT,ask,151,20403.783
2024-08-23 14:29:43,SOLUSDT,ask,150,28551.997
2024-08-23 14:29:49,SOLUSDT,bid,111,13077.125
2024-08-23 14:30:24,SOLUSDT,ask,149,15459.504
2024-08-23 14:30:30,SOLUSDT,ask,200,46459.136
2024-08-23 14:30:36,SOLUSDT,ask,148,13262.251
2024-08-23 14:30:38,SOLUSDT,bid,140,7409.681
2024-08-23 14:30:39,SOLUSDT,bid,110,22652.193
2024-08-23 14:30:39,SOLUSDT,ask,150,28552.031
2024-08-23 14:30:49,SOLUSDT,ask,148,13260.493
2024-08-23 14:30:51,SOLUSDT,ask,150,28559.25
2024-08-23 14:30:55,SOLUSDT,ask,170,12468.814
2024-08-23 14:31:00,SOLUSDT,bid,100,27070.558
2024-08-23 14:31:07,SOLUSDT,ask,160,27580.778
2024-08-23 14:31:12,SOLUSDT,bid,135,14556.803
2024-08-23 14:31:18,SOLUSDT,ask,150,28558.993
2024-08-23 14:31:20,SOLUSDT,ask,148,13260.596
2024-08-23 14:31:23,SOLUSDT,bid,140,7389.381
2024-08-23 14:31:23,SOLUSDT,bid,111,12984.255
2024-08-23 14:31:26,SOLUSDT,ask,150,28554.369
2024-08-23 14:31:50,SOLUSDT,ask,150,28558.996
2024-08-23 14:31:57,SOLUSDT,ask,160,27584.318
2024-08-23 14:32:03,SOLUSDT,ask,150,28568.945
2024-08-23 14:32:06,SOLUSDT,ask,150,28569.165
2024-08-23 14:32:08,SOLUSDT,ask,150,28565.585
2024-08-23 14:32:11,SOLUSDT,bid,135,14557.023
2024-08-23 14:33:04,SOLUSDT,ask,150,28565.369
2024-08-23 14:33:15,SOLUSDT,ask,151,20402.741
2024-08-23 14:33:37,SOLUSDT,ask,149,15464.182
2024-08-23 14:33:54,SOLUSDT,ask,165,15797.282
2024-08-23 14:34:03,SOLUSDT,bid,131,9536.157
2024-08-23 14:34:05,SOLUSDT,bid,130,15446.937
2024-08-23 14:34:15,SOLUSDT,bid,140,7389.738
2024-08-23 14:34:17,SOLUSDT,ask,200,46466.149
2024-08-23 14:34:18,SOLUSDT,ask,210,25646.23
2024-08-23 14:34:23,SOLUSDT,bid,111,19064.97
2024-08-23 14:34:32,SOLUSDT,ask,175,7522.082
2024-08-23 14:34:32,SOLUSDT,ask,190,22299.276
2024-08-23 14:34:34,SOLUSDT,ask,149,15445.243
2024-08-23 14:34:35,SOLUSDT,ask,150,28551.164
2024-08-23 14:34:37,SOLUSDT,ask,148,13235.343
2024-08-23 14:34:47,SOLUSDT,bid,115,18558.295
2024-08-23 14:34:47,SOLUSDT,ask,149,15450.9
2024-08-23 14:35:06,SOLUSDT,ask,180,26972.949
2024-08-23 14:35:11,SOLUSDT,ask,160,27583.75
2024-08-23 14:35:33,SOLUSDT,bid,140,7390.595
2024-08-23 14:35:34,SOLUSDT,bid,135,14557.557
2024-08-23 14:35:37,SOLUSDT,bid,140,7388.452
2024-08-23 14:35:47,SOLUSDT,bid,130,15447.215
2024-08-23 14:35:51,SOLUSDT,ask,155,13791.68
2024-08-23 14:35:55,SOLUSDT,ask,200,46485.097
2024-08-23 14:36:05,SOLUSDT,ask,148,13264.104
2024-08-23 14:36:07,SOLUSDT,bid,140,7392.023
2024-08-23 14:36:19,SOLUSDT,bid,140,7413.451
2024-08-23 14:36:21,SOLUSDT,ask,165,15797.889
2024-08-23 14:36:39,SOLUSDT,bid,131,9531.924
2024-08-23 14:36:47,SOLUSDT,bid,140,7409.88
2024-08-23 14:37:12,SOLUSDT,ask,200,46484.388
2024-08-23 14:38:00,SOLUSDT,bid,140,7410.334
2024-08-23 14:38:01,SOLUSDT,ask,148,12764.104
2024-08-23 14:38:11,SOLUSDT,ask,160,27587.378
2024-08-23 14:38:26,SOLUSDT,bid,140,7410.054
2024-08-23 14:38:28,SOLUSDT,ask,195,12105.386
2024-08-23 14:38:28,SOLUSDT,ask,149,15432.106
2024-08-23 14:38:40,SOLUSDT,ask,160,27587.527
2024-08-23 14:38:50,SOLUSDT,bid,140,7410.125
2024-08-23 14:38:51,SOLUSDT,bid,140,7410.195
2024-08-23 14:39:02,SOLUSDT,ask,150,28549.466
2024-08-23 14:39:07,SOLUSDT,ask,152,19385.824
2024-08-23 14:39:09,SOLUSDT,ask,154,17968.137
2024-08-23 14:39:18,SOLUSDT,ask,155,13790.032
2024-08-23 14:39:25,SOLUSDT,bid,110,22632.193
2024-08-23 14:39:30,SOLUSDT,ask,190,22299.526
2024-08-23 14:39:47,SOLUSDT,ask,148,12775.711
2024-08-23 14:39:48,SOLUSDT,bid,130,15449.445
2024-08-23 14:39:50,SOLUSDT,ask,149,15412.106
2024-08-23 14:39:50,SOLUSDT,ask,148,12765.74
2024-08-23 14:39:54,SOLUSDT,ask,150,28579.466
2024-08-23 14:40:15,SOLUSDT,bid,140,7409.373
2024-08-23 14:40:19,SOLUSDT,bid,100,26955.24
2024-08-23 14:40:50,SOLUSDT,ask,160,27585.641
2024-08-23 14:40:54,SOLUSDT,ask,150,28578.529
2024-08-23 14:40:58,SOLUSDT,ask,160,27544.001
2024-08-23 14:41:08,SOLUSDT,ask,180,26972.908
2024-08-23 14:41:13,SOLUSDT,bid,115,18568.729
2024-08-23 14:41:13,SOLUSDT,bid,140,7410.188
2024-08-23 14:41:18,SOLUSDT,ask,148,12767.06
2024-08-23 14:41:25,SOLUSDT,ask,150,28579.466
2024-08-23 14:41:28,SOLUSDT,bid,140,7407.845
2024-08-23 14:41:36,SOLUSDT,bid,140,7407.794
2024-08-23 14:41:36,SOLUSDT,ask,148,12767.009
2024-08-23 14:41:47,SOLUSDT,bid,139,7485.506
2024-08-23 14:42:02,SOLUSDT,bid,140,7414.936
2024-08-23 14:42:11,SOLUSDT,bid,140,7416.364
2024-08-23 14:42:33,SOLUSDT,ask,148,12766.374
2024-08-23 14:42:53,SOLUSDT,ask,149,15409.109
2024-08-23 14:42:58,SOLUSDT,ask,150,28578.466
2024-08-23 14:43:06,SOLUSDT,ask,165,15801.697
2024-08-23 14:43:16,SOLUSDT,bid,131,9531.543
2024-08-23 14:43:21,SOLUSDT,ask,154,17968.454
2024-08-23 14:43:23,SOLUSDT,bid,140,7415.994
2024-08-23 14:43:35,SOLUSDT,ask,150,28575.396
2024-08-23 14:44:05,SOLUSDT,ask,149,15401.031
2024-08-23 14:44:09,SOLUSDT,ask,180,26974.346
2024-08-23 14:44:13,SOLUSDT,ask,190,22299.626
2024-08-23 14:44:14,SOLUSDT,bid,139,7509.506
2024-08-23 14:44:42,SOLUSDT,bid,135,14429.557
2024-08-23 14:44:42,SOLUSDT,bid,131,9019.543
2024-08-23 14:45:26,SOLUSDT,bid,140,7735.994
2024-08-23 14:45:27,SOLUSDT,bid,139,7512.506
2024-08-23 14:45:33,SOLUSDT,bid,140,7742.247
2024-08-23 14:45:36,SOLUSDT,bid,139,8152.506
2024-08-23 14:45:41,SOLUSDT,ask,190,22299.488
2024-08-23 14:45:45,SOLUSDT,bid,138,8171.782
2024-08-23 14:45:48,SOLUSDT,bid,139,8152.219
2024-08-23 14:46:17,SOLUSDT,ask,148,12766.442
2024-08-23 14:46:17,SOLUSDT,ask,300,9927.348
2024-08-23 14:46:24,SOLUSDT,bid,136,8566.882
2024-08-23 14:46:27,SOLUSDT,ask,148,12770.672
2024-08-23 14:46:32,SOLUSDT,bid,140,7744.888
2024-08-23 14:46:32,SOLUSDT,bid,140,7739.878
2024-08-23 14:47:02,SOLUSDT,ask,148,12770.604
2024-08-23 14:47:12,SOLUSDT,ask,148,12773.527
2024-08-23 14:47:12,SOLUSDT,ask,150,28572.473
2024-08-23 14:47:12,SOLUSDT,ask,150,28528.155
2024-08-23 14:47:14,SOLUSDT,ask,170,12466.816
2024-08-23 14:47:19,SOLUSDT,ask,152,19384.825
2024-08-23 14:47:25,SOLUSDT,bid,135,14421.784
2024-08-23 14:47:28,SOLUSDT,ask,148,12770.127
2024-08-23 14:47:32,SOLUSDT,bid,138,8179.028
2024-08-23 14:47:46,SOLUSDT,bid,140,7741.508
2024-08-23 14:47:50,SOLUSDT,ask,300,9926.348
2024-08-23 14:47:52,SOLUSDT,ask,148,12770.164
2024-08-23 14:48:30,SOLUSDT,ask,150,28526.384
2024-08-23 14:48:40,SOLUSDT,bid,140,7741.458
2024-08-23 14:48:40,SOLUSDT,bid,139,8152.169
2024-08-23 14:48:40,SOLUSDT,bid,125,17202.46
2024-08-23 14:48:40,SOLUSDT,bid,120,20962.05
2024-08-23 14:48:40,SOLUSDT,bid,111,19064.92
2024-08-23 14:48:40,SOLUSDT,ask,149,15400.981
2024-08-23 14:48:40,SOLUSDT,ask,154,17968.404
2024-08-23 14:48:40,SOLUSDT,ask,160,27543.951
2024-08-23 14:48:40,SOLUSDT,ask,163,17526.523
2024-08-23 14:48:40,SOLUSDT,ask,170,12466.766
2024-08-23 14:48:40,SOLUSDT,ask,175,7522.032
2024-08-23 14:48:40,SOLUSDT,bid,138,8178.978
2024-08-23 14:48:40,SOLUSDT,bid,136,8566.832
2024-08-23 14:48:40,SOLUSDT,bid,135,14421.734
2024-08-23 14:48:40,SOLUSDT,bid,131,9019.493
2024-08-23 14:48:40,SOLUSDT,bid,130,15449.395
2024-08-23 14:48:40,SOLUSDT,bid,115,18568.679
2024-08-23 14:48:40,SOLUSDT,bid,110,22632.143
2024-08-23 14:48:40,SOLUSDT,bid,100,26955.19
2024-08-23 14:48:40,SOLUSDT,ask,148,12770.114
2024-08-23 14:48:40,SOLUSDT,ask,150,28526.334
2024-08-23 14:48:40,SOLUSDT,ask,151,20402.691
2024-08-23 14:48:40,SOLUSDT,ask,152,19384.775
2024-08-23 14:48:40,SOLUSDT,ask,155,13789.982
2024-08-23 14:48:40,SOLUSDT,ask,156,20136.207
2024-08-23 14:48:40,SOLUSDT,ask,158,19837.606
2024-08-23 14:48:40,SOLUSDT,ask,161,14609.502
2024-08-23 14:48:40,SOLUSDT,ask,165,15801.647
2024-08-23 14:48:40,SOLUSDT,ask,180,26974.296
2024-08-23 14:48:40,SOLUSDT,ask,185,15935.164
2024-08-23 14:48:40,SOLUSDT,ask,188,11220.419
2024-08-23 14:48:40,SOLUSDT,ask,190,22299.438
2024-08-23 14:48:46,SOLUSDT,bid,139,8151.465
2024-08-23 14:49:24,SOLUSDT,ask,154,17968.938
2024-08-23 14:49:31,SOLUSDT,bid,140,7742.992
2024-08-23 14:49:32,SOLUSDT,bid,138,8171.732
2024-08-23 14:49:37,SOLUSDT,ask,150,28547.711
2024-08-23 14:49:42,SOLUSDT,ask,150,28547.747
2024-08-23 14:49:49,SOLUSDT,ask,165,15788.26
2024-08-23 14:49:54,SOLUSDT,ask,154,17971.234
2024-08-23 14:50:04,SOLUSDT,ask,150,28613.501
2024-08-23 14:50:13,SOLUSDT,bid,139,8150.994
2024-08-23 14:50:21,SOLUSDT,bid,110,22617.143
2024-08-23 14:50:33,SOLUSDT,ask,150,28605.645
2024-08-23 14:50:33,SOLUSDT,ask,155,13797.838
2024-08-23 14:50:41,SOLUSDT,bid,139,8197.184
2024-08-23 14:50:58,SOLUSDT,bid,130,15450.164
2024-08-23 14:51:16,SOLUSDT,ask,152,19384.435
2024-08-23 14:51:23,SOLUSDT,bid,140,7743.969
2024-08-23 14:51:34,SOLUSDT,ask,148,12775.114
2024-08-23 14:52:06,SOLUSDT,ask,165,15788.6
2024-08-23 14:52:15,SOLUSDT,ask,160,27544.894
2024-08-23 14:52:35,SOLUSDT,bid,140,7756.113
2024-08-23 14:52:35,SOLUSDT,ask,500,5792.13
2024-08-23 14:52:40,SOLUSDT,bid,110,22607.143
2024-08-23 14:52:49,SOLUSDT,ask,148,12774.889
2024-08-23 14:52:52,SOLUSDT,ask,150,28605.586
2024-08-23 14:53:30,SOLUSDT,bid,100,26970.19
2024-08-23 14:53:35,SOLUSDT,bid,138,8171.008
2024-08-23 14:53:36,SOLUSDT,ask,161,14628.135
2024-08-23 14:53:36,SOLUSDT,bid,140,7750.183
2024-08-23 14:53:38,SOLUSDT,bid,140,7748.67
2024-08-23 14:53:41,SOLUSDT,ask,175,7514.008
2024-08-23 14:53:44,SOLUSDT,ask,148,12774.163
2024-08-23 14:53:46,SOLUSDT,ask,160,27544.975
2024-08-23 14:54:02,SOLUSDT,bid,140,7750.112
2024-08-23 14:54:10,SOLUSDT,bid,115,18568.415
2024-08-23 14:54:10,SOLUSDT,bid,140,7750.172
2024-08-23 14:54:14,SOLUSDT,ask,150,28600.959
2024-08-23 14:54:20,SOLUSDT,ask,150,28600.112
2024-08-23 14:54:29,SOLUSDT,ask,154,17973.584
2024-08-23 14:54:30,SOLUSDT,ask,210,25644.996
2024-08-23 14:54:32,SOLUSDT,bid,140,7750.529
2024-08-23 14:54:33,SOLUSDT,ask,155,13797.722
2024-08-23 14:54:34,SOLUSDT,bid,140,7786.243
2024-08-23 14:54:36,SOLUSDT,ask,148,12749.06
2024-08-23 14:54:37,SOLUSDT,ask,160,27544.81
2024-08-23 14:54:48,SOLUSDT,ask,200,46484.282
2024-08-23 14:54:58,SOLUSDT,ask,160,27543.867
2024-08-23 14:55:12,SOLUSDT,ask,170,12472.791
2024-08-23 14:55:19,SOLUSDT,bid,140,7782.616
2024-08-23 14:55:19,SOLUSDT,ask,152,19391.324
2024-08-23 14:55:28,SOLUSDT,bid,125,16918.157
2024-08-23 14:55:31,SOLUSDT,bid,139,8197.141
2024-08-23 14:55:31,SOLUSDT,bid,136,8566.781
2024-08-23 14:55:31,SOLUSDT,bid,130,15450.103
2024-08-23 14:56:12,SOLUSDT,ask,158,19837.54
2024-08-23 14:56:15,SOLUSDT,bid,120,20961.548
2024-08-23 14:56:33,SOLUSDT,bid,136,8565.231
2024-08-23 14:56:55,SOLUSDT,ask,148,12749.35
2024-08-23 14:56:58,SOLUSDT,ask,150,28556.311
2024-08-23 14:57:01,SOLUSDT,ask,152,19391.39
2024-08-23 14:57:05,SOLUSDT,ask,148,12793.151
2024-08-23 14:57:21,SOLUSDT,bid,140,7782.666
2024-08-23 14:57:42,SOLUSDT,bid,140,7778.594
2024-08-23 14:58:01,SOLUSDT,bid,140,7778.38
2024-08-23 14:58:05,SOLUSDT,ask,170,12472.722
2024-08-23 14:58:20,SOLUSDT,ask,148,12788.151
2024-08-23 14:58:44,SOLUSDT,ask,170,12463.899
2024-08-23 14:58:47,SOLUSDT,bid,120,20961.504
2024-08-23 14:58:47,SOLUSDT,ask,220,12198.547
2024-08-23 14:59:02,SOLUSDT,bid,140,7773.296
2024-08-23 14:59:02,SOLUSDT,ask,165,15797.69
2024-08-23 14:59:17,SOLUSDT,bid,135,14421.379
2024-08-23 14:59:36,SOLUSDT,ask,150,28556.388
2024-08-23 15:00:31,SOLUSDT,ask,155,13797.683
2024-08-23 15:00:32,SOLUSDT,ask,158,19836.314
2024-08-23 15:00:41,SOLUSDT,ask,158,19837.54
2024-08-23 15:00:45,SOLUSDT,bid,138,8170.791
2024-08-23 15:01:19,SOLUSDT,ask,150,28556.236
2024-08-23 15:01:23,SOLUSDT,ask,149,67251.146
2024-08-23 15:01:26,SOLUSDT,ask,148,12788.287
2024-08-23 15:01:29,SOLUSDT,bid,135,14421.194
2024-08-23 15:01:31,SOLUSDT,ask,158,19836.314
2024-08-23 15:01:45,SOLUSDT,ask,154,17972.456
2024-08-23 15:01:45,SOLUSDT,ask,149,67242.776
2024-08-23 15:01:46,SOLUSDT,bid,135,14436.008
2024-08-23 15:01:57,SOLUSDT,ask,150,28526.266
2024-08-23 15:01:57,SOLUSDT,ask,160,27573.837
2024-08-23 15:01:57,SOLUSDT,ask,350,4138.055
2024-08-23 15:02:04,SOLUSDT,bid,140,7780.438
2024-08-23 15:02:14,SOLUSDT,bid,140,7778.44
2024-08-23 15:02:18,SOLUSDT,ask,149,15448.291
2024-08-23 15:02:22,SOLUSDT,bid,140,7778.297
2024-08-23 15:02:22,SOLUSDT,ask,150,28528.266
2024-08-23 15:02:26,SOLUSDT,bid,139,8177.141
2024-08-23 15:02:32,SOLUSDT,ask,150,28526.668
2024-08-23 15:02:33,SOLUSDT,ask,150,28524.927
2024-08-23 15:02:36,SOLUSDT,ask,151,20401.777
2024-08-23 15:02:40,SOLUSDT,ask,175,7512.65
2024-08-23 15:02:41,SOLUSDT,bid,140,7779.725
2024-08-23 15:02:47,SOLUSDT,bid,130,15450.211
2024-08-23 15:02:58,SOLUSDT,bid,135,14437.489
2024-08-23 15:03:05,SOLUSDT,bid,140,7778.653
2024-08-23 15:03:16,SOLUSDT,ask,160,27572.838
2024-08-23 15:03:45,SOLUSDT,ask,148,12788.15
2024-08-23 15:04:25,SOLUSDT,bid,138,8170.067
2024-08-23 15:05:17,SOLUSDT,ask,180,26973.715
2024-08-23 15:05:20,SOLUSDT,ask,150,28523.857
2024-08-23 15:05:50,SOLUSDT,bid,138,8025.14
2024-08-23 15:05:56,SOLUSDT,bid,140,7778.518
2024-08-23 15:05:59,SOLUSDT,bid,130,15430.538
2024-08-23 15:06:17,SOLUSDT,ask,188,11220.64
2024-08-23 15:06:29,SOLUSDT,bid,100,26968.009
2024-08-23 15:06:39,SOLUSDT,ask,180,26973.77
2024-08-23 15:06:41,SOLUSDT,ask,160,27571.838
2024-08-23 15:06:44,SOLUSDT,bid,140,7776.741
2024-08-23 15:06:45,SOLUSDT,ask,180,26973.715
2024-08-23 15:06:48,SOLUSDT,bid,140,7776.384
2024-08-23 15:06:55,SOLUSDT,bid,135,14436.489
2024-08-23 15:07:16,SOLUSDT,bid,140,7773.606
2024-08-23 15:07:43,SOLUSDT,ask,150,28524.329
2024-08-23 15:08:00,SOLUSDT,bid,138,7934.669
2024-08-23 15:08:08,SOLUSDT,ask,154,17980.259
2024-08-23 15:08:12,SOLUSDT,bid,135,14446.489
2024-08-23 15:08:14,SOLUSDT,bid,135,14447.489
2024-08-23 15:08:23,SOLUSDT,ask,180,26973.681
2024-08-23 15:08:31,SOLUSDT,bid,125,16920.157
2024-08-23 15:08:40,SOLUSDT,ask,148,12790.15
2024-08-23 15:09:02,SOLUSDT,ask,150,28523.326
2024-08-23 15:09:06,SOLUSDT,ask,149,15458.291
2024-08-23 15:09:13,SOLUSDT,bid,139,8176.543
2024-08-23 15:09:16,SOLUSDT,ask,163,17537.778
2024-08-23 15:09:17,SOLUSDT,bid,139,8146.513
2024-08-23 15:09:22,SOLUSDT,bid,125,16920.822
2024-08-23 15:09:30,SOLUSDT,bid,110,22606.097
2024-08-23 15:09:31,SOLUSDT,bid,140,7772.909
2024-08-23 15:09:40,SOLUSDT,bid,138,7924.425
2024-08-23 15:09:42,SOLUSDT,bid,135,14440.082
2024-08-23 15:09:42,SOLUSDT,bid,140,7773.141
2024-08-23 15:09:45,SOLUSDT,bid,135,14440.044
2024-08-23 15:09:45,SOLUSDT,ask,148,12790.112
2024-08-23 15:09:53,SOLUSDT,bid,100,26964.894
2024-08-23 15:09:58,SOLUSDT,ask,150,28523.549
2024-08-23 15:09:59,SOLUSDT,bid,140,7773.364
2024-08-23 15:10:05,SOLUSDT,ask,150,28523.588
2024-08-23 15:10:09,SOLUSDT,bid,130,15430.577
2024-08-23 15:10:15,SOLUSDT,bid,140,7775.538
2024-08-23 15:10:15,SOLUSDT,ask,152,19396.39
2024-08-23 15:10:23,SOLUSDT,bid,139,8146.413
2024-08-23 15:10:25,SOLUSDT,ask,148,12790.186
2024-08-23 15:10:34,SOLUSDT,ask,149,15460.291
2024-08-23 15:10:45,SOLUSDT,bid,115,18567.415
2024-08-23 15:10:58,SOLUSDT,ask,150,28523.623
2024-08-23 15:11:14,SOLUSDT,ask,220,12198.443
2024-08-23 15:11:22,SOLUSDT,ask,170,12463.933
2024-08-23 15:11:24,SOLUSDT,bid,130,15428.577
2024-08-23 15:11:55,SOLUSDT,ask,150,28101.802
2024-08-23 15:11:57,SOLUSDT,ask,161,14623.146
2024-08-23 15:11:57,SOLUSDT,ask,193,7773.671
2024-08-23 15:11:58,SOLUSDT,bid,140,7774.824
2024-08-23 15:12:00,SOLUSDT,ask,148,12781.998
2024-08-23 15:12:02,SOLUSDT,bid,110,22633.369
2024-08-23 15:12:04,SOLUSDT,ask,170,12456.933
2024-08-23 15:12:14,SOLUSDT,bid,136,8565.194
2024-08-23 15:12:14,SOLUSDT,ask,150,28101.765
2024-08-23 15:12:23,SOLUSDT,ask,160,27616.491
2024-08-23 15:12:44,SOLUSDT,ask,148,12782.181
2024-08-23 15:12:49,SOLUSDT,bid,140,7780.748
2024-08-23 15:12:56,SOLUSDT,bid,110,22633.322
2024-08-23 15:12:56,SOLUSDT,ask,210,25644.949
2024-08-23 15:13:04,SOLUSDT,ask,190,22298.687
2024-08-23 15:13:11,SOLUSDT,ask,185,15943.117
2024-08-23 15:13:12,SOLUSDT,bid,135,14439.674
2024-08-23 15:13:15,SOLUSDT,bid,140,7781.463
2024-08-23 15:13:24,SOLUSDT,bid,120,20962.754
2024-08-23 15:13:24,SOLUSDT,ask,151,20401.963
2024-08-23 15:13:26,SOLUSDT,bid,120,20954.422
2024-08-23 15:13:49,SOLUSDT,ask,148,12782.281
2024-08-23 15:13:51,SOLUSDT,bid,140,7781.818
2024-08-23 15:13:53,SOLUSDT,bid,140,7776.593
2024-08-23 15:13:59,SOLUSDT,ask,149,15460.391
2024-08-23 15:14:04,SOLUSDT,ask,152,19397.141
2024-08-23 15:14:08,SOLUSDT,bid,140,7775.593
2024-08-23 15:14:09,SOLUSDT,ask,150,28101.865
2024-08-23 15:14:17,SOLUSDT,bid,115,18567.37
2024-08-23 15:14:18,SOLUSDT,ask,151,20402.063
2024-08-23 15:14:24,SOLUSDT,bid,139,8145.413
2024-08-23 15:14:29,SOLUSDT,ask,160,27619.196
2024-08-23 15:14:29,SOLUSDT,ask,152,19397.241
2024-08-23 15:14:37,SOLUSDT,ask,148,12784.588
2024-08-23 15:14:38,SOLUSDT,ask,150,28100.928
2024-08-23 15:14:41,SOLUSDT,ask,160,27616.491
2024-08-23 15:14:42,SOLUSDT,ask,154,17980.359
2024-08-23 15:14:47,SOLUSDT,ask,150,28107.87
2024-08-23 15:14:48,SOLUSDT,ask,148,12783.589
2024-08-23 15:14:49,SOLUSDT,ask,156,20136.307
2024-08-23 15:14:58,SOLUSDT,ask,158,19836.414
2024-08-23 15:15:05,SOLUSDT,ask,150,28120.374
2024-08-23 15:15:06,SOLUSDT,ask,160,27616.591
2024-08-23 15:15:07,SOLUSDT,ask,150,28107.87
2024-08-23 15:15:13,SOLUSDT,bid,120,20953.415
2024-08-23 15:15:18,SOLUSDT,bid,140,7779.164
2024-08-23 15:15:20,SOLUSDT,ask,165,15797.042
2024-08-23 15:15:20,SOLUSDT,ask,151,20383.344
2024-08-23 15:15:22,SOLUSDT,bid,130,15428.53
2024-08-23 15:15:22,SOLUSDT,bid,125,16920.777
2024-08-23 15:15:24,SOLUSDT,bid,110,22633.236
2024-08-23 15:15:24,SOLUSDT,ask,154,17980.273
2024-08-23 15:15:24,SOLUSDT,ask,165,15796.956
2024-08-23 15:15:25,SOLUSDT,ask,152,19409.745
2024-08-23 15:15:32,SOLUSDT,ask,165,15797.056
2024-08-23 15:15:38,SOLUSDT,ask,150,28108.807
2024-08-23 15:15:38,SOLUSDT,ask,154,17990.257
2024-08-23 15:15:47,SOLUSDT,bid,120,20948.709
2024-08-23 15:15:52,SOLUSDT,ask,149,15461.558
2024-08-23 15:15:52,SOLUSDT,ask,165,15797.156
2024-08-23 15:15:56,SOLUSDT,bid,135,14439.756
2024-08-23 15:16:02,SOLUSDT,ask,158,19840.914
2024-08-23 15:16:12,SOLUSDT,ask,170,12457.433
2024-08-23 15:16:17,SOLUSDT,bid,135,14439.608
2024-08-23 15:16:19,SOLUSDT,ask,158,19836.414
2024-08-23 15:16:22,SOLUSDT,ask,175,7513.15
2024-08-23 15:16:22,SOLUSDT,ask,149,15460.9
2024-08-23 15:16:28,SOLUSDT,ask,148,12782.589
2024-08-23 15:16:32,SOLUSDT,ask,149,67251.146
2024-08-23 15:16:32,SOLUSDT,ask,180,26974.181
2024-08-23 15:16:33,SOLUSDT,bid,130,15469.676
2024-08-23 15:16:38,SOLUSDT,bid,120,20950.148
2024-08-23 15:16:42,SOLUSDT,ask,185,15943.617
2024-08-23 15:16:45,SOLUSDT,bid,140,7979.164
2024-08-23 15:16:50,SOLUSDT,bid,120,21033.489
2024-08-23 15:16:51,SOLUSDT,ask,190,22299.187
2024-08-23 15:16:59,SOLUSDT,bid,100,26964.994
2024-08-23 15:17:00,SOLUSDT,ask,150,28112.625
2024-08-23 15:17:04,SOLUSDT,ask,149,67242.776
2024-08-23 15:17:05,SOLUSDT,bid,100,26964.894
2024-08-23 15:17:06,SOLUSDT,ask,200,46484.782
2024-08-23 15:17:16,SOLUSDT,bid,100,26964.994
2024-08-23 15:17:17,SOLUSDT,bid,140,7983.018
2024-08-23 15:17:22,SOLUSDT,bid,100,26964.894
2024-08-23 15:17:22,SOLUSDT,bid,138,7924.495
2024-08-23 15:17:38,SOLUSDT,bid,140,7983.118
2024-08-23 15:17:43,SOLUSDT,bid,140,7983.018
2024-08-23 15:17:43,SOLUSDT,ask,400,4730.472
2024-08-23 15:17:53,SOLUSDT,bid,140,7982.018
2024-08-23 15:18:00,SOLUSDT,ask,152,19397.241
2024-08-23 15:18:05,SOLUSDT,ask,148,12781.165
2024-08-23 15:18:06,SOLUSDT,ask,200,46482.38
2024-08-23 15:18:20,SOLUSDT,ask,150,28125.129
2024-08-23 15:18:20,SOLUSDT,ask,150,28124.906
2024-08-23 15:18:20,SOLUSDT,bid,140,7981.795
2024-08-23 15:18:21,SOLUSDT,bid,140,7981.895
2024-08-23 15:18:26,SOLUSDT,ask,180,26976.626
2024-08-23 15:18:27,SOLUSDT,bid,140,7981.795
2024-08-23 15:18:28,SOLUSDT,bid,136,8572.546
2024-08-23 15:18:29,SOLUSDT,ask,148,12638.394
2024-08-23 15:18:29,SOLUSDT,ask,149,15603.671
2024-08-23 15:18:32,SOLUSDT,ask,148,12637.666
2024-08-23 15:18:44,SOLUSDT,bid,140,7980.795
2024-08-23 15:18:48,SOLUSDT,bid,140,7980.895
2024-08-23 15:18:54,SOLUSDT,bid,140,7980.795
2024-08-23 15:18:57,SOLUSDT,ask,149,15604.67
2024-08-23 15:18:58,SOLUSDT,bid,139,8183.67
2024-08-23 15:19:14,SOLUSDT,bid,140,7980.895
2024-08-23 15:19:15,SOLUSDT,ask,148,12636.346
2024-08-23 15:19:22,SOLUSDT,bid,140,7980.795
2024-08-23 15:19:28,SOLUSDT,ask,160,27482.397
2024-08-23 15:19:33,SOLUSDT,bid,140,7980.895
2024-08-23 15:19:36,SOLUSDT,bid,140,7981.252
2024-08-23 15:19:39,SOLUSDT,bid,140,7981.152
2024-08-23 15:19:41,SOLUSDT,ask,185,16069.031
2024-08-23 15:19:56,SOLUSDT,ask,149,15603.712
2024-08-23 15:20:05,SOLUSDT,ask,200,46483.435
2024-08-23 15:20:11,SOLUSDT,ask,195,12104.627
2024-08-23 15:20:42,SOLUSDT,bid,140,7980.152
2024-08-23 15:20:43,SOLUSDT,ask,150,28123.969
2024-08-23 15:20:45,SOLUSDT,bid,140,7980.252
2024-08-23 15:20:53,SOLUSDT,bid,140,7980.152
2024-08-23 15:21:16,SOLUSDT,ask,150,28124.437
2024-08-23 15:21:38,SOLUSDT,bid,110,22630.236
2024-08-23 15:21:42,SOLUSDT,ask,160,27480.231
2024-08-23 15:21:57,SOLUSDT,bid,130,15469.752
2024-08-23 15:22:13,SOLUSDT,bid,138,7868.39
2024-08-23 15:22:13,SOLUSDT,bid,136,8515.616
2024-08-23 15:22:13,SOLUSDT,bid,130,15469.676
2024-08-23 15:22:14,SOLUSDT,bid,140,7978.01
2024-08-23 15:22:51,SOLUSDT,ask,150,28115.804
2024-08-23 15:23:01,SOLUSDT,bid,140,7977.772
2024-08-23 15:23:01,SOLUSDT,bid,139,8183.31
2024-08-23 15:23:01,SOLUSDT,bid,138,7868.027
2024-08-23 15:23:04,SOLUSDT,ask,200,46482.38
2024-08-23 15:23:08,SOLUSDT,bid,140,8006.036
2024-08-23 15:23:12,SOLUSDT,ask,185,16067.876
2024-08-23 15:23:23,SOLUSDT,bid,136,8513.742
2024-08-23 15:23:24,SOLUSDT,bid,140,8006.074
2024-08-23 15:23:45,SOLUSDT,bid,130,15464.184
2024-08-23 15:23:59,SOLUSDT,bid,138,7858.027
2024-08-23 15:24:00,SOLUSDT,bid,139,8173.31
2024-08-23 15:24:02,SOLUSDT,bid,140,7996.074
2024-08-23 15:24:19,SOLUSDT,bid,140,7997.272
2024-08-23 15:24:34,SOLUSDT,bid,140,8008.541
2024-08-23 15:24:41,SOLUSDT,ask,155,13799.588
2024-08-23 15:24:45,SOLUSDT,ask,149,15602.713
2024-08-23 15:25:01,SOLUSDT,ask,150,28116.05
2024-08-23 15:25:02,SOLUSDT,bid,138,7858.273
2024-08-23 15:25:03,SOLUSDT,ask,148,12637.345
2024-08-23 15:25:15,SOLUSDT,bid,140,8008.211
2024-08-23 15:25:16,SOLUSDT,ask,148,12760.445
2024-08-23 15:25:21,SOLUSDT,ask,190,22298.187
2024-08-23 15:25:24,SOLUSDT,ask,193,7772.671
2024-08-23 15:25:26,SOLUSDT,ask,197,10751.592
2024-08-23 15:25:30,SOLUSDT,ask,205,10210.744
2024-08-23 15:26:24,SOLUSDT,ask,148,12760.392
2024-08-23 15:26:57,SOLUSDT,ask,148,12761.169
2024-08-23 15:27:34,SOLUSDT,ask,148,12758.862
2024-08-23 15:27:40,SOLUSDT,ask,150,28117.352
2024-08-23 15:27:48,SOLUSDT,bid,139,8173.75
2024-08-23 15:28:26,SOLUSDT,bid,140,8007.854
2024-08-23 15:28:30,SOLUSDT,ask,160,27477.647
2024-08-23 15:28:40,SOLUSDT,ask,148,12760.375
2024-08-23 15:28:43,SOLUSDT,ask,152,19396.891
2024-08-23 15:29:17,SOLUSDT,ask,148,12839.363
2024-08-23 15:29:18,SOLUSDT,ask,154,17992.179
2024-08-23 15:29:39,SOLUSDT,ask,150,28138.377
2024-08-23 15:29:39,SOLUSDT,bid,140,8008.891
2024-08-23 15:30:02,SOLUSDT,bid,139,8172.434
2024-08-23 15:30:18,SOLUSDT,bid,130,15464.138
2024-08-23 15:30:18,SOLUSDT,bid,80,26147.656
2024-08-23 15:30:31,SOLUSDT,ask,160,27477.304
2024-08-23 15:30:33,SOLUSDT,bid,120,21029.489
2024-08-23 15:30:42,SOLUSDT,bid,120,21034.489
2024-08-23 15:30:46,SOLUSDT,bid,140,8016.033
2024-08-23 15:30:50,SOLUSDT,bid,110,22635.236
2024-08-23 15:31:05,SOLUSDT,ask,180,26979.128
2024-08-23 15:31:05,SOLUSDT,ask,148,12841.307
2024-08-23 15:31:11,SOLUSDT,bid,138,7858.997
2024-08-23 15:31:12,SOLUSDT,ask,149,15614.266
2024-08-23 15:31:12,SOLUSDT,ask,180,26976.626
2024-08-23 15:31:28,SOLUSDT,bid,140,8019.604
2024-08-23 15:31:38,SOLUSDT,ask,160,27476.892
2024-08-23 15:31:44,SOLUSDT,ask,148,12932.416
2024-08-23 15:31:44,SOLUSDT,bid,135,14437.608
2024-08-23 15:31:47,SOLUSDT,ask,160,27475.38
2024-08-23 15:32:09,SOLUSDT,ask,156,20135.941
2024-08-23 15:32:25,SOLUSDT,bid,130,15464.367
2024-08-23 15:32:25,SOLUSDT,ask,165,15797.017
2024-08-23 15:32:27,SOLUSDT,bid,115,18566.501
2024-08-23 15:32:28,SOLUSDT,ask,158,19835.404
2024-08-23 15:32:29,SOLUSDT,ask,152,19395.017
2024-08-23 15:32:31,SOLUSDT,bid,140,8018.365
2024-08-23 15:32:36,SOLUSDT,ask,152,19394.569
2024-08-23 15:32:57,SOLUSDT,ask,149,15614.23
2024-08-23 15:33:07,SOLUSDT,bid,140,8011.198
2024-08-23 15:33:11,SOLUSDT,ask,160,27471.03
2024-08-23 15:33:13,SOLUSDT,bid,110,22617.048
2024-08-23 15:33:15,SOLUSDT,ask,160,27471.378
2024-08-23 15:33:15,SOLUSDT,ask,185,16067.528
2024-08-23 15:33:18,SOLUSDT,bid,100,26962.894
2024-08-23 15:33:18,SOLUSDT,bid,120,21051.161
2024-08-23 15:33:30,SOLUSDT,bid,125,16876.692
2024-08-23 15:33:31,SOLUSDT,bid,120,21008.453
2024-08-23 15:33:34,SOLUSDT,bid,115,18532.882
2024-08-23 15:33:56,SOLUSDT,ask,150,28139.919
2024-08-23 15:33:58,SOLUSDT,bid,131,9018.777
2024-08-23 15:34:04,SOLUSDT,ask,149,15613.124
2024-08-23 15:34:17,SOLUSDT,bid,80,26145.656
2024-08-23 15:34:22,SOLUSDT,bid,125,16876.61
2024-08-23 15:34:22,SOLUSDT,ask,160,27471.296
2024-08-23 15:34:27,SOLUSDT,bid,138,7858.751
2024-08-23 15:34:27,SOLUSDT,ask,150,28139.673
2024-08-23 15:34:41,SOLUSDT,ask,150,28139.632
2024-08-23 15:34:57,SOLUSDT,bid,138,7859.113
2024-08-23 15:35:07,SOLUSDT,ask,152,19394.812
2024-08-23 15:35:19,SOLUSDT,ask,150,28134.392
2024-08-23 15:35:27,SOLUSDT,ask,160,27473.296
2024-08-23 15:35:30,SOLUSDT,ask,190,22300.937
2024-08-23 15:36:35,SOLUSDT,bid,111,12984.205
2024-08-23 15:36:48,SOLUSDT,ask,149,15601.571
2024-08-23 15:37:02,SOLUSDT,bid,138,7859.805
2024-08-23 15:37:13,SOLUSDT,ask,163,17538.083
2024-08-23 15:37:22,SOLUSDT,ask,180,26977.543
2024-08-23 15:37:29,SOLUSDT,bid,110,22614.048
2024-08-23 15:37:34,SOLUSDT,ask,149,15613.124
2024-08-23 15:37:57,SOLUSDT,bid,138,7859.443
2024-08-23 15:38:01,SOLUSDT,bid,140,8012.198
2024-08-23 15:38:22,SOLUSDT,bid,111,19064.92
2024-08-23 15:38:25,SOLUSDT,bid,140,8012.127
2024-08-23 15:38:32,SOLUSDT,bid,140,7869.27
2024-08-23 15:38:40,SOLUSDT,bid,140,7867.64
2024-08-23 15:38:44,SOLUSDT,bid,138,7858.751
2024-08-23 15:39:06,SOLUSDT,ask,149,15612.125
2024-08-23 15:39:21,SOLUSDT,ask,400,4725.344
2024-08-23 15:39:22,SOLUSDT,bid,110,22612.23
2024-08-23 15:39:36,SOLUSDT,ask,148,12942.017
2024-08-23 15:39:37,SOLUSDT,bid,130,15464.308
2024-08-23 15:39:38,SOLUSDT,ask,150,28141.346
2024-08-23 15:39:46,SOLUSDT,ask,150,28134.512
2024-08-23 15:39:52,SOLUSDT,ask,148,12952.122
2024-08-23 15:40:04,SOLUSDT,bid,139,8172.363
2024-08-23 15:40:05,SOLUSDT,bid,138,7855.128
2024-08-23 15:40:06,SOLUSDT,ask,149,15618.959
2024-08-23 15:40:21,SOLUSDT,ask,148,12951.122
2024-08-23 15:40:22,SOLUSDT,bid,140,7864.784
2024-08-23 15:40:23,SOLUSDT,ask,149,15612.125
2024-08-23 15:40:37,SOLUSDT,bid,140,7865.498
2024-08-23 15:40:39,SOLUSDT,ask,180,26977.68
2024-08-23 15:40:40,SOLUSDT,ask,150,28135.512
2024-08-23 15:41:01,SOLUSDT,ask,185,16068.528
2024-08-23 15:41:06,SOLUSDT,bid,140,7864.784
2024-08-23 15:41:50,SOLUSDT,ask,155,13788.323
2024-08-23 15:42:41,SOLUSDT,ask,151,20385.054
2024-08-23 15:43:07,SOLUSDT,ask,155,13788.554
2024-08-23 15:43:08,SOLUSDT,bid,140,7856.784
2024-08-23 15:43:08,SOLUSDT,ask,149,15612.356
2024-08-23 15:43:13,SOLUSDT,bid,131,9019.008
2024-08-23 15:43:14,SOLUSDT,bid,125,16876.841
2024-08-23 15:43:28,SOLUSDT,bid,135,14435.74
2024-08-23 15:43:37,SOLUSDT,ask,185,16067.479
2024-08-23 15:43:41,SOLUSDT,ask,152,18752.908
2024-08-23 15:43:56,SOLUSDT,bid,120,21008.411
2024-08-23 15:44:05,SOLUSDT,bid,139,8283.019
2024-08-23 15:44:16,SOLUSDT,ask,163,17534.669
2024-08-23 15:44:22,SOLUSDT,ask,148,12936.489
2024-08-23 15:44:22,SOLUSDT,ask,150,28150.145
2024-08-23 15:44:43,SOLUSDT,ask,148,12935.416
2024-08-23 15:44:46,SOLUSDT,bid,120,21014.122
2024-08-23 15:44:49,SOLUSDT,bid,139,8284.624
2024-08-23 15:44:49,SOLUSDT,bid,140,7856.951
2024-08-23 15:45:00,SOLUSDT,ask,148,12935.085
2024-08-23 15:45:00,SOLUSDT,ask,150,28148.103
2024-08-23 15:45:00,SOLUSDT,ask,154,17990.257
2024-08-23 15:45:00,SOLUSDT,ask,170,12456.434
2024-08-23 15:45:03,SOLUSDT,bid,139,8284.791
2024-08-23 15:45:16,SOLUSDT,bid,110,22611.23
2024-08-23 15:45:22,SOLUSDT,ask,150,28146.706
2024-08-23 15:45:26,SOLUSDT,ask,185,16370.765
2024-08-23 15:45:47,SOLUSDT,bid,130,15459.308
2024-08-23 15:45:52,SOLUSDT,bid,120,20999.122
2024-08-23 15:45:59,SOLUSDT,ask,150,28149.182
2024-08-23 15:46:01,SOLUSDT,ask,150,28150.935
2024-08-23 15:46:07,SOLUSDT,ask,149,67221.037
2024-08-23 15:46:09,SOLUSDT,bid,110,22613.23
2024-08-23 15:46:11,SOLUSDT,ask,163,17534.75
2024-08-23 15:46:22,SOLUSDT,bid,139,8284.872
2024-08-23 15:46:23,SOLUSDT,bid,136,8513.823
2024-08-23 15:46:27,SOLUSDT,bid,131,9019.089
2024-08-23 15:46:41,SOLUSDT,ask,200,46482.574
2024-08-23 15:46:52,SOLUSDT,ask,148,12936.088
2024-08-23 15:46:53,SOLUSDT,ask,185,16067.479
2024-08-23 15:47:32,SOLUSDT,ask,160,27472.297
2024-08-23 15:47:34,SOLUSDT,ask,155,13791.141
2024-08-23 15:47:35,SOLUSDT,bid,138,7854.983
2024-08-23 15:47:45,SOLUSDT,ask,165,15783.35
2024-08-23 15:47:54,SOLUSDT,ask,148,12935.897
2024-08-23 15:48:05,SOLUSDT,ask,155,13762.497
2024-08-23 15:48:18,SOLUSDT,ask,150,28150.125
2024-08-23 15:48:27,SOLUSDT,ask,149,67232.776
2024-08-23 15:48:30,SOLUSDT,ask,185,16370.765
2024-08-23 15:48:42,SOLUSDT,bid,138,7894.983
2024-08-23 15:48:56,SOLUSDT,ask,148,12925.897
2024-08-23 15:48:56,SOLUSDT,ask,149,15602.356
2024-08-23 15:48:56,SOLUSDT,ask,150,28143.125
2024-08-23 15:49:21,SOLUSDT,bid,130,15463.867
2024-08-23 15:49:49,SOLUSDT,bid,140,7885.522
2024-08-23 15:49:56,SOLUSDT,ask,150,28143.225
2024-08-23 15:50:02,SOLUSDT,ask,151,20385.154
2024-08-23 15:50:07,SOLUSDT,ask,152,18753.008
2024-08-23 15:50:17,SOLUSDT,bid,139,8238.682
2024-08-23 15:50:21,SOLUSDT,ask,154,17990.357
2024-08-23 15:50:21,SOLUSDT,bid,138,7895.345
2024-08-23 15:50:37,SOLUSDT,ask,149,15602.392
2024-08-23 15:51:00,SOLUSDT,ask,180,26980.203
2024-08-23 15:51:01,SOLUSDT,ask,180,26977.68
2024-08-23 15:51:02,SOLUSDT,ask,180,26980.166
2024-08-23 15:51:04,SOLUSDT,bid,140,7886.95
2024-08-23 15:51:04,SOLUSDT,ask,180,26977.68
2024-08-23 15:51:20,SOLUSDT,bid,140,7887.021
2024-08-23 15:51:32,SOLUSDT,ask,163,17534.9
2024-08-23 15:51:32,SOLUSDT,ask,165,15783.2
2024-08-23 15:51:46,SOLUSDT,ask,170,12456.234
2024-08-23 15:51:58,SOLUSDT,ask,200,46482.762
2024-08-23 15:52:33,SOLUSDT,ask,148,12906.269
2024-08-23 15:52:49,SOLUSDT,bid,140,7835.827
2024-08-23 15:53:01,SOLUSDT,ask,193,7724.671
2024-08-23 15:53:07,SOLUSDT,bid,140,7835.969
2024-08-23 15:53:21,SOLUSDT,bid,138,7894.983
2024-08-23 15:53:30,SOLUSDT,bid,120,21052.178
2024-08-23 15:53:30,SOLUSDT,ask,150,28136.271
2024-08-23 15:53:33,SOLUSDT,ask,195,12075.224
2024-08-23 15:53:39,SOLUSDT,bid,139,8238.895
2024-08-23 15:53:42,SOLUSDT,ask,148,12913.619
2024-08-23 15:53:48,SOLUSDT,ask,160,27494.35
2024-08-23 15:54:22,SOLUSDT,ask,150,28136.071
2024-08-23 15:54:26,SOLUSDT,ask,148,12913.419
2024-08-23 15:54:39,SOLUSDT,ask,148,12913.129
2024-08-23 15:54:47,SOLUSDT,bid,111,12984.205
2024-08-23 15:54:51,SOLUSDT,ask,180,26993.17
2024-08-23 15:55:03,SOLUSDT,ask,150,28135.271
2024-08-23 15:55:03,SOLUSDT,ask,188,11225.635
2024-08-23 15:55:05,SOLUSDT,bid,130,15460.02
2024-08-23 15:55:05,SOLUSDT,bid,125,16868.841
2024-08-23 15:55:05,SOLUSDT,bid,110,22567.775
2024-08-23 15:55:05,SOLUSDT,bid,100,26912.894
2024-08-23 15:55:30,SOLUSDT,bid,111,19198.971
2024-08-23 15:55:41,SOLUSDT,ask,148,12911.63
2024-08-23 15:55:49,SOLUSDT,bid,140,7834.864
2024-08-23 15:56:10,SOLUSDT,bid,140,7835.911
2024-08-23 15:56:13,SOLUSDT,bid,120,20999.122
2024-08-23 15:56:17,SOLUSDT,bid,120,21000.1
2024-08-23 15:56:26,SOLUSDT,ask,180,26977.68
2024-08-23 15:56:31,SOLUSDT,bid,130,15460.922
2024-08-23 15:56:32,SOLUSDT,bid,139,8229.395
2024-08-23 15:56:34,SOLUSDT,ask,163,17550.39
2024-08-23 15:56:38,SOLUSDT,bid,138,7921.229
2024-08-23 15:56:57,SOLUSDT,ask,151,20380.161
2024-08-23 15:57:06,SOLUSDT,ask,148,12910.232
2024-08-23 15:57:12,SOLUSDT,bid,135,14437.044
2024-08-23 15:57:51,SOLUSDT,bid,120,21000.058
2024-08-23 15:57:51,SOLUSDT,bid,110,22567.729
2024-08-23 15:57:51,SOLUSDT,ask,150,28135.212
2024-08-23 15:57:51,SOLUSDT,bid,135,14440.044
2024-08-23 15:57:54,SOLUSDT,bid,140,7842.339
2024-08-23 15:57:59,SOLUSDT,bid,130,15462.037
2024-08-23 15:58:15,SOLUSDT,ask,155,13762.749
2024-08-23 15:58:22,SOLUSDT,bid,139,8236.965
2024-08-23 15:58:26,SOLUSDT,bid,138,7920.722
2024-08-23 15:58:35,SOLUSDT,bid,138,7900.722
2024-08-23 15:58:54,SOLUSDT,ask,190,22302.084
2024-08-23 15:59:01,SOLUSDT,bid,138,7871.059
2024-08-23 15:59:09,SOLUSDT,bid,138,7863.813
2024-08-23 15:59:14,SOLUSDT,ask,155,13762.497
2024-08-23 15:59:15,SOLUSDT,bid,140,7871.578
2024-08-23 15:59:15,SOLUSDT,ask,148,12909.175
2024-08-23 15:59:18,SOLUSDT,ask,155,13797.265
2024-08-23 15:59:31,SOLUSDT,bid,140,7867.578
2024-08-23 15:59:38,SOLUSDT,bid,140,7868.13
2024-08-23 15:59:40,SOLUSDT,ask,150,28135.113
2024-08-23 15:59:53,SOLUSDT,ask,154,17993.177
2024-08-23 16:00:08,SOLUSDT,bid,140,7657.756
2024-08-23 16:00:15,SOLUSDT,bid,130,15461.135
2024-08-23 16:00:19,SOLUSDT,bid,130,15461.096
2024-08-23 16:00:19,SOLUSDT,ask,150,28135.074
2024-08-23 16:00:23,SOLUSDT,bid,140,7660.348
2024-08-23 16:00:25,SOLUSDT,bid,140,7659.003
2024-08-23 16:00:25,SOLUSDT,bid,139,8235.62
2024-08-23 16:00:25,SOLUSDT,bid,138,7862.468
2024-08-23 16:00:25,SOLUSDT,bid,136,8512.478
2024-08-23 16:00:25,SOLUSDT,bid,135,14438.699
2024-08-23 16:00:25,SOLUSDT,ask,148,12907.83
2024-08-23 16:00:25,SOLUSDT,ask,149,15601.047
2024-08-23 16:00:25,SOLUSDT,ask,150,28133.729
2024-08-23 16:00:29,SOLUSDT,bid,140,7657.956
2024-08-23 16:00:43,SOLUSDT,bid,140,7659.527
2024-08-23 16:00:45,SOLUSDT,ask,150,27933.729
2024-08-23 16:00:51,SOLUSDT,ask,180,26978.408
2024-08-23 16:01:08,SOLUSDT,bid,110,22567.627
2024-08-23 16:01:16,SOLUSDT,ask,150,27933.768
2024-08-23 16:01:21,SOLUSDT,ask,149,15600.885
2024-08-23 16:01:23,SOLUSDT,bid,130,15461.135
2024-08-23 16:01:33,SOLUSDT,ask,154,17990.357
2024-08-23 16:01:45,SOLUSDT,bid,140,7563.95
2024-08-23 16:01:48,SOLUSDT,ask,170,12456.058
2024-08-23 16:01:49,SOLUSDT,ask,154,17993.949
2024-08-23 16:02:11,SOLUSDT,bid,140,7563.529
2024-08-23 16:02:19,SOLUSDT,ask,188,11217.299
2024-08-23 16:02:33,SOLUSDT,bid,100,26910.894
2024-08-23 16:02:34,SOLUSDT,bid,136,8508.478
2024-08-23 16:03:26,SOLUSDT,ask,150,27967.669
2024-08-23 16:03:52,SOLUSDT,ask,150,27965.749
2024-08-23 16:04:01,SOLUSDT,ask,149,15591.355
2024-08-23 16:04:25,SOLUSDT,ask,188,11215.938
2024-08-23 16:04:41,SOLUSDT,bid,140,7564.529
2024-08-23 16:05:08,SOLUSDT,bid,140,7562.958
2024-08-23 16:05:08,SOLUSDT,bid,135,14437.395
2024-08-23 16:05:08,SOLUSDT,bid,120,20999.08
2024-08-23 16:05:26,SOLUSDT,bid,140,7556.53
2024-08-23 16:05:32,SOLUSDT,ask,188,11217.299
2024-08-23 16:05:35,SOLUSDT,ask,148,12907.668
2024-08-23 16:05:38,SOLUSDT,ask,190,22312.084
2024-08-23 16:05:49,SOLUSDT,bid,140,7561.979
2024-08-23 16:05:51,SOLUSDT,ask,190,22306.923
2024-08-23 16:06:14,SOLUSDT,bid,130,15419.989
2024-08-23 16:06:14,SOLUSDT,bid,120,20915.739
2024-08-23 16:06:39,SOLUSDT,bid,130,15419.95
2024-08-23 16:07:06,SOLUSDT,ask,185,16346.486
2024-08-23 16:07:14,SOLUSDT,ask,160,27495.673
2024-08-23 16:07:15,SOLUSDT,ask,185,16371.486
2024-08-23 16:07:38,SOLUSDT,ask,180,26988.408
2024-08-23 16:07:41,SOLUSDT,ask,155,13740.724
2024-08-23 16:08:00,SOLUSDT,ask,300,9924.608
2024-08-23 16:08:07,SOLUSDT,bid,139,8235.979
2024-08-23 16:08:17,SOLUSDT,ask,150,27967.415
2024-08-23 16:08:40,SOLUSDT,bid,140,7555.679
2024-08-23 16:08:47,SOLUSDT,ask,149,15592.355
2024-08-23 16:08:51,SOLUSDT,ask,148,12908.668
2024-08-23 16:09:04,SOLUSDT,bid,138,7861.744
2024-08-23 16:09:04,SOLUSDT,ask,149,15592.98
2024-08-23 16:09:11,SOLUSDT,bid,138,7862.881
2024-08-23 16:09:23,SOLUSDT,ask,190,22331.86
2024-08-23 16:09:29,SOLUSDT,ask,165,15738.548
2024-08-23 16:09:34,SOLUSDT,ask,160,27498.061
2024-08-23 16:10:06,SOLUSDT,ask,150,27967.483
2024-08-23 16:10:12,SOLUSDT,ask,165,15730.984
2024-08-23 16:10:12,SOLUSDT,ask,150,27975.853
2024-08-23 16:10:13,SOLUSDT,bid,130,15412.95
2024-08-23 16:10:14,SOLUSDT,bid,140,7562.679
2024-08-23 16:10:14,SOLUSDT,ask,190,22331.938
2024-08-23 16:10:19,SOLUSDT,bid,130,15412.65
2024-08-23 16:10:21,SOLUSDT,ask,150,27975.785
2024-08-23 16:10:28,SOLUSDT,bid,140,7562.958
2024-08-23 16:10:34,SOLUSDT,ask,158,19867.112
2024-08-23 16:10:41,SOLUSDT,bid,140,7560.366
2024-08-23 16:10:49,SOLUSDT,ask,148,12899.683
2024-08-23 16:10:49,SOLUSDT,ask,154,17990.357
2024-08-23 16:10:59,SOLUSDT,bid,100,26915.894
2024-08-23 16:10:59,SOLUSDT,ask,163,17547.093
2024-08-23 16:11:00,SOLUSDT,ask,161,14626.738
2024-08-23 16:11:03,SOLUSDT,ask,149,15597.476
2024-08-23 16:11:07,SOLUSDT,ask,165,15775.636
2024-08-23 16:11:09,SOLUSDT,bid,110,22577.627
2024-08-23 16:11:16,SOLUSDT,ask,160,27499.069
2024-08-23 16:11:22,SOLUSDT,ask,150,27967.415
2024-08-23 16:11:23,SOLUSDT,bid,115,18532.882
2024-08-23 16:11:43,SOLUSDT,bid,115,18532.882
2024-08-23 16:11:49,SOLUSDT,ask,155,13740.218
2024-08-23 16:12:03,SOLUSDT,bid,115,18532.882
2024-08-23 16:12:19,SOLUSDT,ask,152,18743.745
2024-08-23 16:12:20,SOLUSDT,bid,125,16864.841
2024-08-23 16:12:58,SOLUSDT,bid,100,26917.894
2024-08-23 16:13:00,SOLUSDT,ask,149,67241.146
2024-08-23 16:13:09,SOLUSDT,ask,150,27967.174
2024-08-23 16:13:12,SOLUSDT,ask,148,12899.761
2024-08-23 16:13:13,SOLUSDT,ask,150,27967.41
2024-08-23 16:13:14,SOLUSDT,ask,180,26996.51
2024-08-23 16:13:18,SOLUSDT,ask,150,27968.409
2024-08-23 16:13:28,SOLUSDT,ask,148,12897.381
2024-08-23 16:13:28,SOLUSDT,bid,115,18532.882
2024-08-23 16:13:37,SOLUSDT,ask,148,12897.151
2024-08-23 16:13:44,SOLUSDT,bid,140,7604.724
2024-08-23 16:13:48,SOLUSDT,bid,115,18532.882
2024-08-23 16:13:49,SOLUSDT,bid,110,22550.355
2024-08-23 16:14:08,SOLUSDT,bid,115,18532.882
2024-08-23 16:14:12,SOLUSDT,ask,149,67232.776
2024-08-23 16:14:24,SOLUSDT,ask,150,27968.179
2024-08-23 16:14:29,SOLUSDT,ask,160,27497.746
2024-08-23 16:14:36,SOLUSDT,ask,158,19863.681
2024-08-23 16:14:41,SOLUSDT,bid,139,8240.979
2024-08-23 16:14:44,SOLUSDT,ask,170,12457.381
2024-08-23 16:14:48,SOLUSDT,bid,125,16854.841
2024-08-23 16:14:51,SOLUSDT,bid,136,8507.581
2024-08-23 16:14:51,SOLUSDT,bid,130,15411.781
2024-08-23 16:14:52,SOLUSDT,bid,138,7935.344
2024-08-23 16:15:08,SOLUSDT,ask,152,18768.639
2024-08-23 16:15:32,SOLUSDT,bid,115,18532.882
2024-08-23 16:15:34,SOLUSDT,ask,163,17567.093
2024-08-23 16:15:39,SOLUSDT,ask,190,22330.885
2024-08-23 16:15:52,SOLUSDT,bid,115,18532.882
2024-08-23 16:15:52,SOLUSDT,ask,145,7263.922
2024-08-23 16:15:58,SOLUSDT,ask,145,7037.899
2024-08-23 16:16:00,SOLUSDT,bid,135,14517.042
2024-08-23 16:16:05,SOLUSDT,ask,188,11210.874
2024-08-23 16:16:12,SOLUSDT,bid,115,18532.882
2024-08-23 16:16:13,SOLUSDT,ask,160,27493.046
2024-08-23 16:16:32,SOLUSDT,ask,158,19863.944
2024-08-23 16:16:32,SOLUSDT,bid,140,7603.724
2024-08-23 16:16:42,SOLUSDT,ask,150,27972.879
2024-08-23 16:17:05,SOLUSDT,ask,149,15547.476
2024-08-23 16:17:13,SOLUSDT,bid,136,8506.525
2024-08-23 16:17:19,SOLUSDT,ask,170,12457.454
2024-08-23 16:17:20,SOLUSDT,bid,120,20918.239
2024-08-23 16:17:25,SOLUSDT,bid,120,20915.739
2024-08-23 16:17:31,SOLUSDT,bid,120,20918.241
2024-08-23 16:17:33,SOLUSDT,ask,149,67241.303
2024-08-23 16:17:34,SOLUSDT,bid,135,14516.306
2024-08-23 16:17:38,SOLUSDT,bid,115,18532.882
2024-08-23 16:17:41,SOLUSDT,ask,160,27486.958
2024-08-23 16:17:58,SOLUSDT,bid,115,18532.882
2024-08-23 16:18:08,SOLUSDT,ask,185,16366.789
2024-08-23 16:18:12,SOLUSDT,ask,150,27972.92
2024-08-23 16:18:18,SOLUSDT,bid,115,18532.882
2024-08-23 16:18:21,SOLUSDT,ask,148,12898.401
2024-08-23 16:18:25,SOLUSDT,ask,155,13739.912
2024-08-23 16:18:34,SOLUSDT,bid,136,8467.776
2024-08-23 16:18:44,SOLUSDT,ask,148,12877.42
2024-08-23 16:18:51,SOLUSDT,ask,151,20384.468
2024-08-23 16:19:08,SOLUSDT,ask,150,27973.02
2024-08-23 16:19:15,SOLUSDT,ask,175,7529.087
2024-08-23 16:19:26,SOLUSDT,ask,150,27973.7
2024-08-23 16:19:42,SOLUSDT,bid,140,7603.96
2024-08-23 16:19:42,SOLUSDT,bid,115,18532.882
2024-08-23 16:19:50,SOLUSDT,bid,140,7602.96
2024-08-23 16:19:58,SOLUSDT,ask,155,12633.84
2024-08-23 16:19:58,SOLUSDT,ask,175,8635.159
2024-08-23 16:20:02,SOLUSDT,bid,115,18532.882
2024-08-23 16:20:23,SOLUSDT,bid,115,18532.882
2024-08-23 16:20:33,SOLUSDT,ask,150,27966.59
2024-08-23 16:20:49,SOLUSDT,ask,160,27494.068
2024-08-23 16:20:56,SOLUSDT,bid,136,8469.776
2024-08-23 16:21:00,SOLUSDT,ask,149,67232.776
2024-08-23 16:21:03,SOLUSDT,bid,130,15413.781
2024-08-23 16:21:27,SOLUSDT,ask,148,12878.947
2024-08-23 16:21:35,SOLUSDT,bid,138,7934.344
2024-08-23 16:21:39,SOLUSDT,ask,170,12448.154
2024-08-23 16:21:40,SOLUSDT,bid,135,14515.882
2024-08-23 16:21:41,SOLUSDT,ask,151,20380.161
2024-08-23 16:21:41,SOLUSDT,ask,148,12869.947
2024-08-23 16:21:44,SOLUSDT,ask,148,12858.34
2024-08-23 16:21:47,SOLUSDT,bid,115,18532.882
2024-08-23 16:21:51,SOLUSDT,ask,148,12861.718
2024-08-23 16:22:07,SOLUSDT,bid,115,18532.882
2024-08-23 16:22:09,SOLUSDT,bid,140,7601.46
2024-08-23 16:22:13,SOLUSDT,ask,149,67241.146
2024-08-23 16:22:19,SOLUSDT,ask,190,22335.88
2024-08-23 16:22:27,SOLUSDT,bid,115,18532.882
2024-08-23 16:22:32,SOLUSDT,ask,149,67232.776
2024-08-23 16:22:36,SOLUSDT,ask,175,8634.471
2024-08-23 16:22:37,SOLUSDT,ask,163,17551.603
2024-08-23 16:22:45,SOLUSDT,bid,139,8241.698
2024-08-23 16:22:54,SOLUSDT,ask,150,27965.096
2024-08-23 16:23:02,SOLUSDT,bid,130,15413.628
2024-08-23 16:23:21,SOLUSDT,bid,130,15413.428
2024-08-23 16:23:35,SOLUSDT,bid,100,26880.38
2024-08-23 16:23:41,SOLUSDT,bid,140,7601.68
2024-08-23 16:23:43,SOLUSDT,bid,135,14543.67
2024-08-23 16:23:43,SOLUSDT,ask,150,27952.592
2024-08-23 16:23:52,SOLUSDT,bid,115,18532.882
2024-08-23 16:24:11,SOLUSDT,ask,150,27955.625
2024-08-23 16:24:12,SOLUSDT,bid,115,18532.882
2024-08-23 16:24:14,SOLUSDT,bid,136,8470.493
2024-08-23 16:24:19,SOLUSDT,ask,160,27392.354
2024-08-23 16:24:32,SOLUSDT,bid,115,18532.882
2024-08-23 16:24:41,SOLUSDT,bid,138,8017.308
2024-08-23 16:24:51,SOLUSDT,ask,150,27952.154
2024-08-23 16:24:54,SOLUSDT,bid,140,7595.891
2024-08-23 16:25:15,SOLUSDT,bid,140,7595.176
2024-08-23 16:25:17,SOLUSDT,bid,120,20916.991
2024-08-23 16:25:23,SOLUSDT,ask,150,27952.054
2024-08-23 16:25:26,SOLUSDT,bid,135,14543.186
2024-08-23 16:25:33,SOLUSDT,bid,140,7676.585
2024-08-23 16:25:38,SOLUSDT,ask,161,14623.146
2024-08-23 16:25:51,SOLUSDT,ask,150,27952.553
2024-08-23 16:25:51,SOLUSDT,ask,150,27952.085
2024-08-23 16:25:52,SOLUSDT,ask,154,17995.183
2024-08-23 16:25:54,SOLUSDT,bid,140,7666.585
2024-08-23 16:25:57,SOLUSDT,bid,115,18532.882
2024-08-23 16:25:59,SOLUSDT,bid,140,7666.507
2024-08-23 16:26:03,SOLUSDT,ask,149,15537.987
2024-08-23 16:26:08,SOLUSDT,bid,130,15501.099
2024-08-23 16:26:15,SOLUSDT,ask,155,12633.875
2024-08-23 16:26:17,SOLUSDT,bid,115,18532.882
2024-08-23 16:26:18,SOLUSDT,ask,154,17990.357
2024-08-23 16:26:35,SOLUSDT,ask,170,12458.144
2024-08-23 16:26:37,SOLUSDT,bid,115,18532.882
2024-08-23 16:26:47,SOLUSDT,ask,148,12963.432
2024-08-23 16:27:05,SOLUSDT,ask,160,27405.928
2024-08-23 16:27:10,SOLUSDT,ask,148,12963.034
2024-08-23 16:27:12,SOLUSDT,bid,111,19258.971
2024-08-23 16:27:39,SOLUSDT,ask,150,27950.982
2024-08-23 16:27:57,SOLUSDT,bid,140,7667.507
2024-08-23 16:27:58,SOLUSDT,ask,154,17996.446
2024-08-23 16:28:03,SOLUSDT,ask,150,27952.994
2024-08-23 16:28:03,SOLUSDT,bid,115,18532.882
2024-08-23 16:28:11,SOLUSDT,ask,150,27943.062
2024-08-23 16:28:23,SOLUSDT,bid,115,18532.882
2024-08-23 16:28:24,SOLUSDT,bid,125,16850.093
2024-08-23 16:28:32,SOLUSDT,bid,140,7671.902
2024-08-23 16:28:37,SOLUSDT,bid,140,7672.616
2024-08-23 16:28:43,SOLUSDT,bid,115,18532.882
2024-08-23 16:28:47,SOLUSDT,bid,135,14543.926
2024-08-23 16:29:18,SOLUSDT,ask,150,27941.05
2024-08-23 16:29:21,SOLUSDT,ask,160,27392.354
2024-08-23 16:29:21,SOLUSDT,bid,139,8240.978
2024-08-23 16:29:36,SOLUSDT,bid,110,22554.9
2024-08-23 16:29:45,SOLUSDT,ask,149,15538.987
2024-08-23 16:29:45,SOLUSDT,bid,135,14544.296
2024-08-23 16:29:47,SOLUSDT,ask,156,20134.336
2024-08-23 16:30:01,SOLUSDT,ask,170,12457.636
2024-08-23 16:30:04,SOLUSDT,ask,148,12962.471
2024-08-23 16:30:10,SOLUSDT,bid,115,18532.882
2024-08-23 16:30:11,SOLUSDT,ask,156,20134.737
2024-08-23 16:30:19,SOLUSDT,ask,156,20135.138
2024-08-23 16:30:29,SOLUSDT,ask,156,20135.539
2024-08-23 16:30:30,SOLUSDT,bid,115,18532.882
2024-08-23 16:30:36,SOLUSDT,ask,148,12962.814
2024-08-23 16:30:42,SOLUSDT,ask,156,20135.941
2024-08-23 16:30:45,SOLUSDT,bid,140,7666.885
2024-08-23 16:30:50,SOLUSDT,bid,115,18532.882
2024-08-23 16:31:00,SOLUSDT,bid,140,7667.351
2024-08-23 16:31:27,SOLUSDT,bid,139,8241.121
2024-08-23 16:31:37,SOLUSDT,ask,150,27949.42
2024-08-23 16:31:48,SOLUSDT,bid,140,7667.7
2024-08-23 16:32:07,SOLUSDT,bid,140,7667.8
2024-08-23 16:32:10,SOLUSDT,ask,150,27948.693
2024-08-23 16:32:12,SOLUSDT,bid,140,7667.842
2024-08-23 16:32:13,SOLUSDT,bid,115,18532.882
2024-08-23 16:32:19,SOLUSDT,ask,160,27391.443
2024-08-23 16:32:20,SOLUSDT,ask,155,12633.129
2024-08-23 16:32:26,SOLUSDT,ask,150,27940.323
2024-08-23 16:32:27,SOLUSDT,bid,135,14543.926
2024-08-23 16:32:30,SOLUSDT,bid,138,8017.054
2024-08-23 16:32:33,SOLUSDT,bid,115,18532.882
2024-08-23 16:32:41,SOLUSDT,ask,148,12967.814
2024-08-23 16:32:53,SOLUSDT,bid,115,18532.882
