2024-08-17 07:00:49,BTCUSDT,ask,70000,602.13205
2024-08-17 07:02:30,BTCUSDT,ask,100000,200.029066
2024-08-17 07:02:37,BTCUSDT,ask,70000,602.13301
2024-08-17 07:02:42,BTCUSDT,bid,50000,408.56684
2024-08-17 07:04:29,BTCUSDT,bid,50000,408.56641
2024-08-17 07:05:42,BTCUSDT,bid,50000,408.55847
2024-08-17 07:12:58,BTCUSDT,bid,50000,408.55822
2024-08-17 07:15:45,BTCUSDT,bid,50000,408.55778
2024-08-17 07:16:24,BTCUSDT,bid,50000,408.55797
2024-08-17 07:22:00,BTCUSDT,ask,70000,602.13293
2024-08-17 07:22:24,BTCUSDT,ask,100000,200.028936
2024-08-17 07:22:43,BTCUSDT,bid,50000,408.55698
2024-08-17 07:23:47,BTCUSDT,bid,50000,408.57698
2024-08-17 07:24:34,BTCUSDT,bid,50000,408.55698
2024-08-17 07:24:48,BTCUSDT,bid,50000,408.57698
2024-08-17 07:25:59,BTCUSDT,bid,50000,408.56786
2024-08-17 07:27:50,BTCUSDT,bid,50000,408.57518
2024-08-17 07:28:48,BTCUSDT,bid,50000,408.55518
2024-08-17 07:29:14,BTCUSDT,bid,50000,408.56518
2024-08-17 07:33:40,BTCUSDT,ask,70000,602.13178
2024-08-17 07:34:47,BTCUSDT,bid,50000,408.54518
2024-08-17 07:36:28,BTCUSDT,ask,70000,602.1307
2024-08-17 07:36:36,BTCUSDT,bid,50000,408.34518
2024-08-17 07:36:58,BTCUSDT,bid,50000,408.34317
2024-08-17 07:39:43,BTCUSDT,ask,70000,602.13045
2024-08-17 07:39:43,BTCUSDT,bid,50000,408.34292
2024-08-17 07:40:20,BTCUSDT,bid,50000,410.10301
2024-08-17 07:41:15,BTCUSDT,bid,50000,410.11989
2024-08-17 07:42:45,BTCUSDT,ask,70000,602.13116
2024-08-17 07:43:00,BTCUSDT,ask,70000,602.12835
2024-08-17 07:44:08,BTCUSDT,bid,50000,410.11789
2024-08-17 07:46:07,BTCUSDT,ask,70000,602.12845
2024-08-17 07:46:25,BTCUSDT,ask,70000,602.12835
2024-08-17 07:46:38,BTCUSDT,bid,50000,410.13402
2024-08-17 07:46:58,BTCUSDT,bid,50000,410.13602
2024-08-17 07:47:14,BTCUSDT,bid,50000,410.13402
2024-08-17 07:47:47,BTCUSDT,bid,50000,410.13422
2024-08-17 07:47:48,BTCUSDT,ask,70000,602.12943
2024-08-17 07:48:22,BTCUSDT,ask,70000,602.09022
2024-08-17 07:48:27,BTCUSDT,ask,70000,602.08914
2024-08-17 07:48:59,BTCUSDT,bid,50000,410.13472
2024-08-17 07:49:36,BTCUSDT,bid,50000,410.13422
2024-08-17 07:49:53,BTCUSDT,bid,50000,410.13472
2024-08-17 07:49:59,BTCUSDT,bid,50000,410.13422
2024-08-17 07:51:40,BTCUSDT,bid,50000,410.13022
2024-08-17 07:51:41,BTCUSDT,bid,50000,410.12982
2024-08-17 07:51:59,BTCUSDT,bid,50000,410.13002
2024-08-17 07:52:08,BTCUSDT,bid,50000,410.12802
2024-08-17 07:52:52,BTCUSDT,bid,50000,410.05402
2024-08-17 07:55:49,BTCUSDT,bid,50000,409.05402
2024-08-17 07:57:06,BTCUSDT,ask,70000,602.09334
2024-08-17 07:57:35,BTCUSDT,ask,70000,601.90457
2024-08-17 07:58:08,BTCUSDT,ask,70000,601.90037
2024-08-17 07:58:46,BTCUSDT,bid,50000,409.05264
2024-08-17 08:00:34,BTCUSDT,bid,50000,409.0251
2024-08-17 08:02:14,BTCUSDT,ask,70000,601.90754
2024-08-17 08:04:17,BTCUSDT,ask,100000,200.029106
2024-08-17 08:04:28,BTCUSDT,ask,70000,601.90771
2024-08-17 08:04:35,BTCUSDT,bid,50000,409.02527
2024-08-17 08:07:57,BTCUSDT,bid,50000,409.03231
2024-08-17 08:08:53,BTCUSDT,ask,70000,601.91751
2024-08-17 08:09:51,BTCUSDT,bid,50000,408.96335
2024-08-17 08:12:04,BTCUSDT,ask,70000,601.92268
2024-08-17 08:15:29,BTCUSDT,bid,50000,408.92334
2024-08-17 08:17:02,BTCUSDT,ask,70000,601.91861
2024-08-17 08:17:02,BTCUSDT,ask,100000,200.025036
2024-08-17 08:17:02,BTCUSDT,bid,50000,408.91927
2024-08-17 08:17:20,BTCUSDT,ask,70000,601.92005
2024-08-17 08:19:54,BTCUSDT,ask,70000,601.91461
2024-08-17 08:22:59,BTCUSDT,bid,50000,408.91915
2024-08-17 08:23:18,BTCUSDT,bid,50000,408.91975
2024-08-17 08:23:45,BTCUSDT,bid,50000,408.74585
2024-08-17 08:27:22,BTCUSDT,bid,50000,408.72585
2024-08-17 08:29:47,BTCUSDT,bid,50000,408.72735
2024-08-17 08:30:41,BTCUSDT,ask,70000,601.95666
2024-08-17 08:31:09,BTCUSDT,ask,70000,601.94721
2024-08-17 08:31:38,BTCUSDT,ask,70000,601.94713
2024-08-17 08:38:09,BTCUSDT,bid,50000,407.72735
2024-08-17 08:39:49,BTCUSDT,ask,70000,601.94561
2024-08-17 08:41:00,BTCUSDT,bid,50000,407.72859
2024-08-17 08:41:39,BTCUSDT,ask,70000,598.78887
2024-08-17 08:41:55,BTCUSDT,ask,70000,598.78897
2024-08-17 08:41:56,BTCUSDT,ask,70000,600.36734
2024-08-17 08:42:04,BTCUSDT,bid,50000,407.72869
2024-08-17 08:44:16,BTCUSDT,bid,50000,407.78599
2024-08-17 08:44:56,BTCUSDT,bid,50000,407.95989
2024-08-17 08:45:07,BTCUSDT,bid,50000,407.84688
2024-08-17 08:45:46,BTCUSDT,ask,70000,600.36682
2024-08-17 08:46:09,BTCUSDT,bid,50000,407.64888
2024-08-17 08:46:12,BTCUSDT,ask,70000,600.36716
2024-08-17 08:46:17,BTCUSDT,ask,70000,600.36682
2024-08-17 08:47:01,BTCUSDT,bid,50000,407.6514
2024-08-17 08:50:49,BTCUSDT,ask,100000,200.025326
2024-08-17 08:52:37,BTCUSDT,ask,100000,200.025526
2024-08-17 08:52:50,BTCUSDT,ask,70000,600.36702
2024-08-17 08:52:59,BTCUSDT,bid,50000,407.6516
2024-08-17 08:53:22,BTCUSDT,bid,50000,407.6617
2024-08-17 08:55:52,BTCUSDT,ask,70000,600.36729
2024-08-17 08:58:37,BTCUSDT,ask,70000,600.36664
2024-08-17 08:58:37,BTCUSDT,bid,50000,407.66105
2024-08-17 09:01:51,BTCUSDT,bid,50000,407.67608
2024-08-17 09:02:11,BTCUSDT,ask,100000,200.025736
2024-08-17 09:02:23,BTCUSDT,ask,70000,600.36685
2024-08-17 09:02:31,BTCUSDT,bid,50000,407.67629
2024-08-17 09:03:39,BTCUSDT,ask,70000,600.36345
2024-08-17 09:03:59,BTCUSDT,ask,70000,600.36708
2024-08-17 09:04:42,BTCUSDT,bid,50000,407.69629
2024-08-17 09:05:38,BTCUSDT,bid,50000,407.69829
2024-08-17 09:06:19,BTCUSDT,ask,70000,600.36533
2024-08-17 09:06:27,BTCUSDT,bid,50000,407.69518
2024-08-17 09:06:38,BTCUSDT,bid,50000,407.67518
2024-08-17 09:07:16,BTCUSDT,bid,50000,407.68318
2024-08-17 09:07:27,BTCUSDT,bid,50000,407.67518
2024-08-17 09:07:42,BTCUSDT,bid,50000,407.67618
2024-08-17 09:09:40,BTCUSDT,bid,50000,407.67518
2024-08-17 09:12:01,BTCUSDT,bid,50000,407.67266
2024-08-17 09:12:43,BTCUSDT,ask,100000,200.025946
2024-08-17 09:12:55,BTCUSDT,ask,70000,600.36554
2024-08-17 09:13:04,BTCUSDT,bid,50000,407.67287
2024-08-17 09:13:07,BTCUSDT,bid,50000,407.67297
2024-08-17 09:13:28,BTCUSDT,bid,50000,407.67287
2024-08-17 09:13:37,BTCUSDT,bid,50000,407.67239
2024-08-17 09:14:03,BTCUSDT,bid,50000,407.67249
2024-08-17 09:14:38,BTCUSDT,ask,70000,600.36206
2024-08-17 09:18:13,BTCUSDT,bid,50000,407.67022
2024-08-17 09:18:25,BTCUSDT,bid,50000,407.67062
2024-08-17 09:18:28,BTCUSDT,ask,70000,600.35975
2024-08-17 09:19:03,BTCUSDT,bid,50000,407.67562
2024-08-17 09:19:43,BTCUSDT,bid,50000,407.63467
2024-08-17 09:19:52,BTCUSDT,ask,70000,599.85975
2024-08-17 09:19:55,BTCUSDT,bid,50000,407.63477
2024-08-17 09:19:56,BTCUSDT,bid,50000,407.63487
2024-08-17 09:19:57,BTCUSDT,bid,50000,407.63497
2024-08-17 09:19:58,BTCUSDT,bid,50000,407.63507
2024-08-17 09:19:59,BTCUSDT,bid,50000,407.63517
2024-08-17 09:20:00,BTCUSDT,bid,50000,407.63527
2024-08-17 09:20:01,BTCUSDT,bid,50000,407.63537
2024-08-17 09:20:01,BTCUSDT,bid,50000,408.27741
2024-08-17 09:20:02,BTCUSDT,bid,50000,408.27751
2024-08-17 09:20:03,BTCUSDT,bid,50000,408.27551
2024-08-17 09:20:03,BTCUSDT,bid,50000,408.27561
2024-08-17 09:20:03,BTCUSDT,bid,50000,408.27571
2024-08-17 09:20:04,BTCUSDT,bid,50000,408.27581
2024-08-17 09:20:05,BTCUSDT,bid,50000,408.27591
2024-08-17 09:20:06,BTCUSDT,bid,50000,408.27601
2024-08-17 09:20:07,BTCUSDT,bid,50000,408.27611
2024-08-17 09:20:08,BTCUSDT,bid,50000,408.27621
2024-08-17 09:20:09,BTCUSDT,bid,50000,408.27631
2024-08-17 09:20:11,BTCUSDT,bid,50000,408.27641
2024-08-17 09:20:12,BTCUSDT,bid,50000,408.27651
2024-08-17 09:20:12,BTCUSDT,bid,50000,408.27661
2024-08-17 09:20:13,BTCUSDT,bid,50000,408.27671
2024-08-17 09:20:14,BTCUSDT,bid,50000,408.27681
2024-08-17 09:20:15,BTCUSDT,bid,50000,408.27691
2024-08-17 09:20:16,BTCUSDT,bid,50000,408.27701
2024-08-17 09:20:17,BTCUSDT,bid,50000,408.27471
2024-08-17 09:20:18,BTCUSDT,bid,50000,408.27481
2024-08-17 09:20:19,BTCUSDT,bid,50000,408.27491
2024-08-17 09:20:20,BTCUSDT,bid,50000,408.27501
2024-08-17 09:20:20,BTCUSDT,bid,50000,408.27511
2024-08-17 09:20:21,BTCUSDT,bid,50000,408.27521
2024-08-17 09:20:22,BTCUSDT,bid,50000,408.27531
2024-08-17 09:20:23,BTCUSDT,bid,50000,408.27541
2024-08-17 09:20:24,BTCUSDT,bid,50000,408.27551
2024-08-17 09:20:26,BTCUSDT,bid,50000,408.27561
2024-08-17 09:20:27,BTCUSDT,bid,50000,408.27571
2024-08-17 09:20:27,BTCUSDT,bid,50000,408.27581
2024-08-17 09:20:29,BTCUSDT,bid,50000,408.27591
2024-08-17 09:20:30,BTCUSDT,bid,50000,408.27601
2024-08-17 09:20:30,BTCUSDT,bid,50000,408.27611
2024-08-17 09:20:31,BTCUSDT,bid,50000,408.27621
2024-08-17 09:20:32,BTCUSDT,bid,50000,408.27631
2024-08-17 09:20:34,BTCUSDT,bid,50000,408.27641
2024-08-17 09:20:35,BTCUSDT,bid,50000,408.27651
2024-08-17 09:20:36,BTCUSDT,bid,50000,408.27661
2024-08-17 09:20:37,BTCUSDT,bid,50000,408.27671
2024-08-17 09:20:38,BTCUSDT,bid,50000,408.27681
2024-08-17 09:20:39,BTCUSDT,bid,50000,408.27691
2024-08-17 09:20:39,BTCUSDT,ask,70000,599.6163
2024-08-17 09:20:40,BTCUSDT,bid,50000,408.27701
2024-08-17 09:20:41,BTCUSDT,bid,50000,408.27711
2024-08-17 09:20:42,BTCUSDT,bid,50000,408.27721
2024-08-17 09:22:01,BTCUSDT,bid,50000,408.31721
2024-08-17 09:22:18,BTCUSDT,ask,70000,600.48442
2024-08-17 09:23:55,BTCUSDT,ask,100000,200.014906
2024-08-17 09:24:41,BTCUSDT,ask,100000,200.025506
2024-08-17 09:25:08,BTCUSDT,bid,50000,408.31731
2024-08-17 09:25:10,BTCUSDT,bid,50000,408.31741
2024-08-17 09:25:28,BTCUSDT,bid,50000,408.31471
2024-08-17 09:25:28,BTCUSDT,bid,50000,408.31481
2024-08-17 09:25:29,BTCUSDT,bid,50000,408.31491
2024-08-17 09:25:30,BTCUSDT,bid,50000,408.31501
2024-08-17 09:25:31,BTCUSDT,bid,50000,408.31511
2024-08-17 09:25:32,BTCUSDT,bid,50000,408.31521
2024-08-17 09:25:33,BTCUSDT,bid,50000,408.31531
2024-08-17 09:25:35,BTCUSDT,bid,50000,408.31541
2024-08-17 09:25:35,BTCUSDT,bid,50000,408.31551
2024-08-17 09:25:36,BTCUSDT,bid,50000,408.31561
2024-08-17 09:25:37,BTCUSDT,bid,50000,408.31571
2024-08-17 09:25:38,BTCUSDT,bid,50000,408.31581
2024-08-17 09:25:42,BTCUSDT,bid,50000,408.31471
2024-08-17 09:27:52,BTCUSDT,ask,70000,600.48454
2024-08-17 09:27:59,BTCUSDT,bid,50000,408.31483
2024-08-17 09:29:17,BTCUSDT,bid,50000,408.31493
2024-08-17 09:29:18,BTCUSDT,bid,50000,408.31503
2024-08-17 09:29:19,BTCUSDT,bid,50000,408.31513
2024-08-17 09:29:20,BTCUSDT,bid,50000,408.31523
2024-08-17 09:29:21,BTCUSDT,bid,50000,408.31533
2024-08-17 09:29:30,BTCUSDT,bid,50000,408.31483
