2024-08-25 07:00:00,SOLUSDT,bid,100,24275.067
2024-08-25 07:00:11,SOLUSDT,ask,190,23416.88
2024-08-25 07:00:11,SOLUSDT,ask,190,23416.837
2024-08-25 07:00:18,SOLUSDT,ask,165,18118.704
2024-08-25 07:00:19,SOLUSDT,ask,170,16960.441
2024-08-25 07:00:19,SOLUSDT,ask,200,44304.537
2024-08-25 07:00:32,SOLUSDT,ask,165,18132.905
2024-08-25 07:00:44,SOLUSDT,ask,167,8818.417
2024-08-25 07:00:47,SOLUSDT,ask,170,16946.871
2024-08-25 07:00:51,SOLUSDT,bid,110,20195.713
2024-08-25 07:01:08,SOLUSDT,ask,165,18134.535
2024-08-25 07:01:08,SOLUSDT,bid,140,8641.208
2024-08-25 07:01:11,SOLUSDT,bid,140,8641.28
2024-08-25 07:01:37,SOLUSDT,ask,193,6874.23
2024-08-25 07:02:11,SOLUSDT,ask,165,18133.535
2024-08-25 07:02:20,SOLUSDT,ask,180,23190.483
2024-08-25 07:02:21,SOLUSDT,ask,170,16946.914
2024-08-25 07:02:33,SOLUSDT,bid,131,8483.318
2024-08-25 07:02:52,SOLUSDT,bid,100,24264.828
2024-08-25 07:03:11,SOLUSDT,ask,165,18132.867
2024-08-25 07:03:18,SOLUSDT,ask,165,18133.148
2024-08-25 07:03:19,SOLUSDT,ask,165,18132.12
2024-08-25 07:03:29,SOLUSDT,ask,170,16942.456
2024-08-25 07:03:45,SOLUSDT,ask,165,18131.312
2024-08-25 07:03:47,SOLUSDT,ask,165,18306.312
2024-08-25 07:03:49,SOLUSDT,ask,190,23404.745
2024-08-25 07:04:20,SOLUSDT,bid,130,10962.422
2024-08-25 07:04:24,SOLUSDT,ask,165,18299.741
2024-08-25 07:04:25,SOLUSDT,ask,170,17267.456
2024-08-25 07:04:31,SOLUSDT,bid,140,8642.286
2024-08-25 07:05:13,SOLUSDT,bid,140,8641.572
2024-08-25 07:05:13,SOLUSDT,bid,130,10961.653
2024-08-25 07:05:13,SOLUSDT,bid,120,35485.371
2024-08-25 07:05:36,SOLUSDT,ask,185,18068.886
2024-08-25 07:06:11,SOLUSDT,ask,190,23406.345
2024-08-25 07:06:22,SOLUSDT,ask,180,23189.397
2024-08-25 07:06:23,SOLUSDT,ask,169,8365.783
2024-08-25 07:06:25,SOLUSDT,ask,165,18299.324
2024-08-25 07:06:36,SOLUSDT,ask,185,18067.887
2024-08-25 07:07:16,SOLUSDT,bid,120,35461.917
2024-08-25 07:07:20,SOLUSDT,ask,200,44307.38
2024-08-25 07:07:27,SOLUSDT,ask,169,8415.783
2024-08-25 07:07:28,SOLUSDT,ask,185,18071.678
2024-08-25 07:07:28,SOLUSDT,ask,190,23407.431
2024-08-25 07:08:12,SOLUSDT,ask,180,23191.978
2024-08-25 07:08:16,SOLUSDT,ask,165,18291.577
2024-08-25 07:09:02,SOLUSDT,ask,180,23191.868
2024-08-25 07:09:02,SOLUSDT,bid,140,8641.462
2024-08-25 07:09:32,SOLUSDT,ask,193,6873.608
2024-08-25 07:09:38,SOLUSDT,ask,175,12080.932
2024-08-25 07:09:40,SOLUSDT,ask,165,18291.677
2024-08-25 07:09:40,SOLUSDT,ask,175,12080.272
2024-08-25 07:10:05,SOLUSDT,ask,165,18291.494
2024-08-25 07:10:24,SOLUSDT,ask,170,17267.556
2024-08-25 07:10:25,SOLUSDT,ask,167,8816.74
2024-08-25 07:10:39,SOLUSDT,ask,165,18291.404
2024-08-25 07:10:41,SOLUSDT,bid,140,8641.382
2024-08-25 07:10:50,SOLUSDT,ask,180,23186.494
2024-08-25 07:11:16,SOLUSDT,bid,80,19273.533
2024-08-25 07:11:28,SOLUSDT,ask,170,17287.556
2024-08-25 07:11:30,SOLUSDT,bid,120,35461.875
2024-08-25 07:11:30,SOLUSDT,ask,190,23407.389
2024-08-25 07:11:30,SOLUSDT,ask,169,8415.741
2024-08-25 07:11:43,SOLUSDT,bid,130,10963.598
2024-08-25 07:12:04,SOLUSDT,ask,199,20127.806
2024-08-25 07:12:07,SOLUSDT,ask,180,23184.433
2024-08-25 07:12:33,SOLUSDT,ask,165,18295.679
2024-08-25 07:13:00,SOLUSDT,bid,131,8484.318
2024-08-25 07:13:10,SOLUSDT,ask,210,24639.252
2024-08-25 07:13:12,SOLUSDT,ask,200,44307.26
2024-08-25 07:13:14,SOLUSDT,ask,260,7397.371
2024-08-25 07:13:18,SOLUSDT,bid,80,19273.395
2024-08-25 07:13:19,SOLUSDT,ask,165,18308.16
2024-08-25 07:13:22,SOLUSDT,ask,210,24639.163
2024-08-25 07:13:22,SOLUSDT,ask,188,13390.4
2024-08-25 07:13:37,SOLUSDT,ask,190,23406.303
2024-08-25 07:13:37,SOLUSDT,bid,135,13883.343
2024-08-25 07:13:48,SOLUSDT,bid,130,10966.946
2024-08-25 07:13:50,SOLUSDT,ask,200,44308.346
2024-08-25 07:13:51,SOLUSDT,bid,100,24264.928
2024-08-25 07:13:52,SOLUSDT,ask,170,17287.306
2024-08-25 07:13:59,SOLUSDT,ask,180,23181.195
2024-08-25 07:14:03,SOLUSDT,bid,130,10970.577
2024-08-25 07:14:04,SOLUSDT,bid,130,10993.653
2024-08-25 07:14:12,SOLUSDT,ask,167,8514.055
2024-08-25 07:14:14,SOLUSDT,ask,170,17287.73
2024-08-25 07:14:21,SOLUSDT,ask,167,8816.74
2024-08-25 07:14:53,SOLUSDT,ask,300,10129.867
2024-08-25 07:14:59,SOLUSDT,ask,220,14875.855
2024-08-25 07:15:07,SOLUSDT,bid,120,35465.21
2024-08-25 07:15:08,SOLUSDT,ask,190,23406.51
2024-08-25 07:15:20,SOLUSDT,ask,191,5779.032
2024-08-25 07:15:21,SOLUSDT,bid,130,10993.259
2024-08-25 07:15:35,SOLUSDT,bid,120,35461.875
2024-08-25 07:15:41,SOLUSDT,bid,125,14461.565
2024-08-25 07:15:47,SOLUSDT,bid,140,8651.382
2024-08-25 07:15:47,SOLUSDT,ask,165,18313.16
2024-08-25 07:15:58,SOLUSDT,ask,170,17291.068
2024-08-25 07:16:00,SOLUSDT,bid,140,8625.595
2024-08-25 07:16:03,SOLUSDT,bid,100,24264.869
2024-08-25 07:16:03,SOLUSDT,ask,210,24639.104
2024-08-25 07:16:04,SOLUSDT,bid,130,10996.338
2024-08-25 07:16:06,SOLUSDT,bid,130,11006.338
2024-08-25 07:16:27,SOLUSDT,ask,170,17298.591
2024-08-25 07:16:38,SOLUSDT,ask,165,18313.369
2024-08-25 07:16:56,SOLUSDT,ask,170,17300.583
2024-08-25 07:17:01,SOLUSDT,ask,165,18314.057
2024-08-25 07:17:04,SOLUSDT,bid,111,12432.752
2024-08-25 07:17:06,SOLUSDT,ask,200,44302.146
2024-08-25 07:17:06,SOLUSDT,bid,130,11002.99
2024-08-25 07:17:12,SOLUSDT,ask,180,23166.389
2024-08-25 07:17:23,SOLUSDT,ask,200,44308.346
2024-08-25 07:17:25,SOLUSDT,ask,200,44323.152
2024-08-25 07:17:41,SOLUSDT,ask,175,12093.497
2024-08-25 07:17:46,SOLUSDT,ask,240,5771.811
2024-08-25 07:17:49,SOLUSDT,ask,180,23161.038
2024-08-25 07:17:51,SOLUSDT,ask,170,17310.583
2024-08-25 07:18:01,SOLUSDT,ask,165,18304.867
2024-08-25 07:18:03,SOLUSDT,ask,165,18303.31
2024-08-25 07:18:03,SOLUSDT,ask,165,18335.49
2024-08-25 07:18:12,SOLUSDT,ask,185,17975.328
2024-08-25 07:18:12,SOLUSDT,ask,165,18323.49
2024-08-25 07:18:17,SOLUSDT,ask,170,17312.14
2024-08-25 07:18:39,SOLUSDT,bid,135,13883.232
2024-08-25 07:18:44,SOLUSDT,ask,175,12095.702
2024-08-25 07:18:48,SOLUSDT,ask,167,8818.037
2024-08-25 07:18:59,SOLUSDT,ask,165,18323.693
2024-08-25 07:19:07,SOLUSDT,ask,190,23402.214
2024-08-25 07:19:10,SOLUSDT,ask,165,18324.519
2024-08-25 07:19:33,SOLUSDT,bid,140,8618.453
2024-08-25 07:19:45,SOLUSDT,ask,750,4621.092
2024-08-25 07:19:53,SOLUSDT,ask,170,17332.911
2024-08-25 07:19:54,SOLUSDT,ask,170,17332.548
2024-08-25 07:20:11,SOLUSDT,ask,190,23407.718
2024-08-25 07:21:01,SOLUSDT,ask,175,12100.702
2024-08-25 07:21:07,SOLUSDT,ask,165,18323.667
2024-08-25 07:21:08,SOLUSDT,ask,170,17332.848
2024-08-25 07:21:19,SOLUSDT,ask,167,8578.077
2024-08-25 07:21:26,SOLUSDT,ask,165,18325.447
2024-08-25 07:21:29,SOLUSDT,bid,140,8616.482
2024-08-25 07:21:31,SOLUSDT,ask,165,18323.667
2024-08-25 07:21:39,SOLUSDT,ask,165,18324.557
2024-08-25 07:22:04,SOLUSDT,bid,140,8617.482
2024-08-25 07:22:24,SOLUSDT,ask,180,23166.086
2024-08-25 07:22:40,SOLUSDT,bid,130,11005.435
2024-08-25 07:23:06,SOLUSDT,ask,165,18323.6
2024-08-25 07:23:45,SOLUSDT,bid,135,13879.154
2024-08-25 07:23:54,SOLUSDT,bid,130,11005.282
2024-08-25 07:23:55,SOLUSDT,ask,170,17344.848
2024-08-25 07:24:01,SOLUSDT,ask,180,23178.086
2024-08-25 07:24:09,SOLUSDT,ask,190,23411.134
2024-08-25 07:24:36,SOLUSDT,ask,190,23411.019
2024-08-25 07:24:46,SOLUSDT,ask,175,12200.702
2024-08-25 07:25:15,SOLUSDT,ask,170,17349.848
2024-08-25 07:25:24,SOLUSDT,bid,115,16986.693
2024-08-25 07:25:26,SOLUSDT,ask,165,18323.38
2024-08-25 07:25:27,SOLUSDT,ask,170,17346.972
2024-08-25 07:25:29,SOLUSDT,bid,125,14457.565
2024-08-25 07:25:30,SOLUSDT,bid,120,35457.709
2024-08-25 07:25:38,SOLUSDT,ask,165,18343.449
2024-08-25 07:25:41,SOLUSDT,ask,180,23173.038
2024-08-25 07:25:47,SOLUSDT,bid,140,8622.482
2024-08-25 07:26:04,SOLUSDT,ask,165,18340.278
2024-08-25 07:26:08,SOLUSDT,bid,110,20175.237
2024-08-25 07:26:09,SOLUSDT,ask,190,23411.134
2024-08-25 07:26:13,SOLUSDT,ask,200,44323.372
2024-08-25 07:26:17,SOLUSDT,ask,190,23332.474
2024-08-25 07:26:20,SOLUSDT,ask,165,18341.927
2024-08-25 07:26:38,SOLUSDT,ask,165,18342.927
2024-08-25 07:26:50,SOLUSDT,ask,165,18342.772
2024-08-25 07:26:52,SOLUSDT,ask,175,12205.75
2024-08-25 07:27:07,SOLUSDT,ask,165,18343.572
2024-08-25 07:28:11,SOLUSDT,ask,175,12203.545
2024-08-25 07:28:18,SOLUSDT,ask,167,8577.932
2024-08-25 07:28:52,SOLUSDT,ask,170,17345.397
2024-08-25 07:29:27,SOLUSDT,ask,170,17307.435
2024-08-25 07:29:39,SOLUSDT,bid,80,19273.694
2024-08-25 07:30:06,SOLUSDT,ask,190,23342.42
2024-08-25 07:30:06,SOLUSDT,ask,200,44326.331
2024-08-25 07:30:14,SOLUSDT,ask,165,18343.072
2024-08-25 07:30:23,SOLUSDT,ask,165,18347.843
2024-08-25 07:30:34,SOLUSDT,ask,170,17307.935
2024-08-25 07:30:45,SOLUSDT,ask,169,8179.645
2024-08-25 07:30:47,SOLUSDT,ask,169,7943.55
2024-08-25 07:30:56,SOLUSDT,ask,170,17307.965
2024-08-25 07:31:14,SOLUSDT,ask,169,8415.741
2024-08-25 07:31:22,SOLUSDT,ask,180,23174.116
2024-08-25 07:31:23,SOLUSDT,ask,169,8020.277
2024-08-25 07:31:26,SOLUSDT,ask,165,18039.325
2024-08-25 07:31:26,SOLUSDT,ask,169,7624.813
2024-08-25 07:31:46,SOLUSDT,ask,175,12203.647
2024-08-25 07:32:01,SOLUSDT,ask,180,23171.535
2024-08-25 07:32:02,SOLUSDT,ask,165,18039.259
2024-08-25 07:32:16,SOLUSDT,ask,169,8020.277
2024-08-25 07:32:28,SOLUSDT,ask,165,18021.989
2024-08-25 07:32:33,SOLUSDT,ask,165,18022.055
2024-08-25 07:32:36,SOLUSDT,bid,110,20175.323
2024-08-25 07:32:41,SOLUSDT,ask,170,17306.716
2024-08-25 07:32:41,SOLUSDT,ask,180,23172.784
2024-08-25 07:32:44,SOLUSDT,ask,169,8415.741
2024-08-25 07:32:52,SOLUSDT,ask,165,18062.017
2024-08-25 07:33:11,SOLUSDT,ask,165,18059.917
2024-08-25 07:33:16,SOLUSDT,ask,188,13390.166
2024-08-25 07:33:16,SOLUSDT,ask,193,6873.374
2024-08-25 07:33:16,SOLUSDT,ask,198,5314.495
2024-08-25 07:33:23,SOLUSDT,ask,169,7943.55
2024-08-25 07:33:31,SOLUSDT,bid,140,8623.229
2024-08-25 07:33:37,SOLUSDT,ask,169,7912.248
2024-08-25 07:33:55,SOLUSDT,bid,140,8623.382
2024-08-25 07:34:20,SOLUSDT,ask,169,7516.784
2024-08-25 07:34:44,SOLUSDT,ask,169,7912.248
2024-08-25 07:34:50,SOLUSDT,ask,169,7516.784
2024-08-25 07:34:55,SOLUSDT,bid,140,8621.342
2024-08-25 07:34:57,SOLUSDT,ask,167,8576.933
2024-08-25 07:35:00,SOLUSDT,ask,169,7121.32
2024-08-25 07:35:03,SOLUSDT,ask,170,17309.725
2024-08-25 07:35:21,SOLUSDT,ask,175,12203.732
2024-08-25 07:35:24,SOLUSDT,ask,169,7516.784
2024-08-25 07:35:24,SOLUSDT,ask,169,7121.32
2024-08-25 07:35:40,SOLUSDT,ask,170,17302.202
2024-08-25 07:35:51,SOLUSDT,ask,165,18056.726
2024-08-25 07:35:59,SOLUSDT,bid,80,19256.806
2024-08-25 07:36:01,SOLUSDT,ask,170,17302.732
2024-08-25 07:36:01,SOLUSDT,ask,190,23332.42
2024-08-25 07:36:20,SOLUSDT,bid,135,13882.193
2024-08-25 07:36:30,SOLUSDT,bid,140,8621.899
2024-08-25 07:36:33,SOLUSDT,ask,175,12204.514
2024-08-25 07:36:40,SOLUSDT,ask,192,5993.32
2024-08-25 07:37:05,SOLUSDT,ask,190,23331.42
2024-08-25 07:37:20,SOLUSDT,ask,190,23197.626
2024-08-25 07:37:28,SOLUSDT,ask,167,8579.933
2024-08-25 07:37:50,SOLUSDT,ask,260,7396.164
2024-08-25 07:38:12,SOLUSDT,ask,170,17301.257
2024-08-25 07:38:14,SOLUSDT,ask,182,7535.182
2024-08-25 07:38:16,SOLUSDT,ask,191,5927.292
2024-08-25 07:38:22,SOLUSDT,ask,191,5779.032
2024-08-25 07:38:30,SOLUSDT,bid,80,19257.082
2024-08-25 07:38:37,SOLUSDT,ask,191,5927.292
2024-08-25 07:38:50,SOLUSDT,ask,175,12203.479
2024-08-25 07:39:02,SOLUSDT,ask,165,18057.029
2024-08-25 07:39:04,SOLUSDT,ask,170,17293.022
2024-08-25 07:39:04,SOLUSDT,bid,130,11004.882
2024-08-25 07:39:04,SOLUSDT,bid,130,10981.806
2024-08-25 07:39:09,SOLUSDT,ask,167,8582.856
2024-08-25 07:39:18,SOLUSDT,bid,140,8624.041
2024-08-25 07:39:18,SOLUSDT,ask,210,24631.962
2024-08-25 07:39:25,SOLUSDT,ask,200,44326.831
2024-08-25 07:39:34,SOLUSDT,ask,165,18157.029
2024-08-25 07:39:45,SOLUSDT,ask,165,18156.335
2024-08-25 07:39:52,SOLUSDT,ask,175,12303.479
2024-08-25 07:39:57,SOLUSDT,bid,130,10984.336
2024-08-25 07:40:02,SOLUSDT,ask,190,23198.126
2024-08-25 07:40:21,SOLUSDT,bid,130,10981.806
2024-08-25 07:40:28,SOLUSDT,ask,170,17292.022
2024-08-25 07:40:31,SOLUSDT,bid,135,13601.074
2024-08-25 07:40:38,SOLUSDT,bid,130,10984.882
2024-08-25 07:40:43,SOLUSDT,ask,165,18157.335
2024-08-25 07:40:54,SOLUSDT,ask,188,13390.027
2024-08-25 07:40:59,SOLUSDT,ask,167,8579.933
2024-08-25 07:40:59,SOLUSDT,ask,170,17291.624
2024-08-25 07:41:13,SOLUSDT,ask,200,59854.173
2024-08-25 07:41:59,SOLUSDT,ask,170,17279.624
2024-08-25 07:41:59,SOLUSDT,ask,180,23160.784
2024-08-25 07:41:59,SOLUSDT,ask,190,23194.71
2024-08-25 07:42:00,SOLUSDT,ask,165,18156.995
2024-08-25 07:42:11,SOLUSDT,ask,190,23206.71
2024-08-25 07:42:15,SOLUSDT,ask,200,59866.173
2024-08-25 07:42:18,SOLUSDT,ask,191,5779.032
2024-08-25 07:42:23,SOLUSDT,ask,210,24635.378
2024-08-25 07:42:23,SOLUSDT,ask,165,18155.909
2024-08-25 07:42:29,SOLUSDT,ask,190,23206.74
2024-08-25 07:42:35,SOLUSDT,ask,191,5927.292
2024-08-25 07:42:37,SOLUSDT,ask,185,17974.495
2024-08-25 07:42:44,SOLUSDT,ask,190,23206.625
2024-08-25 07:42:44,SOLUSDT,ask,167,8583.133
2024-08-25 07:42:50,SOLUSDT,ask,250,18615.368
2024-08-25 07:42:53,SOLUSDT,ask,175,12304.312
2024-08-25 07:42:58,SOLUSDT,ask,180,23188.821
2024-08-25 07:43:01,SOLUSDT,ask,200,59866.2
2024-08-25 07:43:10,SOLUSDT,ask,300,10129.887
2024-08-25 07:43:20,SOLUSDT,bid,80,19256.806
2024-08-25 07:43:26,SOLUSDT,ask,165,18154.663
2024-08-25 07:43:31,SOLUSDT,ask,350,3953.115
2024-08-25 07:43:33,SOLUSDT,bid,135,13611.074
2024-08-25 07:43:41,SOLUSDT,ask,170,17279.548
2024-08-25 07:43:53,SOLUSDT,ask,400,5062.352
2024-08-25 07:44:03,SOLUSDT,ask,170,17278.974
2024-08-25 07:44:03,SOLUSDT,ask,200,59865.527
2024-08-25 07:44:10,SOLUSDT,ask,165,18154.371
2024-08-25 07:44:31,SOLUSDT,bid,130,10984.525
2024-08-25 07:44:32,SOLUSDT,ask,170,17291.924
2024-08-25 07:44:33,SOLUSDT,bid,125,14457.165
2024-08-25 07:44:34,SOLUSDT,ask,500,5947.253
2024-08-25 07:44:37,SOLUSDT,bid,110,20175.595
2024-08-25 07:44:46,SOLUSDT,ask,170,17279.618
2024-08-25 07:44:52,SOLUSDT,ask,165,18133.668
2024-08-25 07:45:02,SOLUSDT,ask,190,23206.74
2024-08-25 07:45:04,SOLUSDT,ask,200,59812.793
2024-08-25 07:45:25,SOLUSDT,ask,600,3065.106
2024-08-25 07:45:32,SOLUSDT,ask,188,13380.027
2024-08-25 07:45:43,SOLUSDT,ask,169,7116.608
2024-08-25 07:45:43,SOLUSDT,ask,165,18140.958
2024-08-25 07:45:51,SOLUSDT,ask,165,18161.661
2024-08-25 07:46:01,SOLUSDT,ask,195,12103.617
2024-08-25 07:46:03,SOLUSDT,ask,170,17274.618
2024-08-25 07:46:04,SOLUSDT,ask,170,17256.458
2024-08-25 07:46:34,SOLUSDT,ask,750,4621.1
2024-08-25 07:46:36,SOLUSDT,bid,140,8619.108
2024-08-25 07:46:39,SOLUSDT,ask,170,17255.673
2024-08-25 07:46:44,SOLUSDT,ask,175,12304.439
2024-08-25 07:46:46,SOLUSDT,ask,170,17257.093
2024-08-25 07:47:00,SOLUSDT,ask,170,17256.284
2024-08-25 07:48:33,SOLUSDT,ask,200,59808.527
2024-08-25 07:48:41,SOLUSDT,ask,180,23184.212
2024-08-25 07:48:45,SOLUSDT,ask,200,59808.161
2024-08-25 07:48:51,SOLUSDT,bid,140,8615.264
2024-08-25 07:49:07,SOLUSDT,bid,120,35462.193
2024-08-25 07:49:07,SOLUSDT,ask,170,17256.328
2024-08-25 07:49:17,SOLUSDT,bid,120,35457.709
2024-08-25 07:49:19,SOLUSDT,bid,100,24270.25
2024-08-25 07:49:27,SOLUSDT,bid,140,8616.264
2024-08-25 07:49:28,SOLUSDT,ask,170,17244.337
2024-08-25 07:50:00,SOLUSDT,ask,170,17248.937
2024-08-25 07:50:26,SOLUSDT,ask,180,23183.217
2024-08-25 07:50:29,SOLUSDT,ask,192,5997.845
2024-08-25 07:50:47,SOLUSDT,bid,140,8609.122
2024-08-25 07:50:48,SOLUSDT,ask,170,17228.166
2024-08-25 07:50:51,SOLUSDT,bid,140,8609.756
2024-08-25 07:51:04,SOLUSDT,ask,170,17216.658
2024-08-25 07:51:13,SOLUSDT,ask,165,18161.626
2024-08-25 07:51:38,SOLUSDT,bid,120,35452.708
2024-08-25 07:52:15,SOLUSDT,ask,175,12306.029
2024-08-25 07:52:17,SOLUSDT,ask,210,24637.878
2024-08-25 07:52:50,SOLUSDT,ask,180,23183.728
2024-08-25 07:52:57,SOLUSDT,ask,165,18161.432
2024-08-25 07:53:36,SOLUSDT,ask,165,18162.869
2024-08-25 07:53:41,SOLUSDT,bid,130,10985.294
2024-08-25 07:54:06,SOLUSDT,ask,180,23173.728
2024-08-25 07:54:38,SOLUSDT,ask,165,18164.687
2024-08-25 07:55:04,SOLUSDT,bid,130,10984.91
2024-08-25 07:55:27,SOLUSDT,bid,140,8611.93
2024-08-25 07:55:33,SOLUSDT,ask,180,23172.846
2024-08-25 07:55:36,SOLUSDT,bid,135,13612.074
2024-08-25 07:55:48,SOLUSDT,bid,135,13616.074
2024-08-25 07:55:51,SOLUSDT,bid,140,8612.93
2024-08-25 07:55:54,SOLUSDT,bid,120,35450.708
2024-08-25 07:55:56,SOLUSDT,bid,140,8611.93
2024-08-25 07:56:00,SOLUSDT,bid,125,14461.165
2024-08-25 07:56:00,SOLUSDT,bid,120,35446.708
2024-08-25 07:56:06,SOLUSDT,bid,100,24230.139
2024-08-25 07:56:11,SOLUSDT,bid,140,8609.788
2024-08-25 07:56:11,SOLUSDT,bid,130,10981.834
2024-08-25 07:56:27,SOLUSDT,ask,170,17212.058
2024-08-25 07:56:28,SOLUSDT,bid,140,8611.93
2024-08-25 07:56:34,SOLUSDT,ask,185,17976.493
2024-08-25 07:56:38,SOLUSDT,bid,130,10984.91
2024-08-25 07:56:42,SOLUSDT,ask,165,18165.686
2024-08-25 07:56:42,SOLUSDT,ask,192,5997.659
2024-08-25 07:56:45,SOLUSDT,bid,130,10985.987
2024-08-25 07:56:47,SOLUSDT,ask,170,17210.058
2024-08-25 07:57:02,SOLUSDT,bid,140,8609.788
2024-08-25 07:57:02,SOLUSDT,bid,130,10982.911
2024-08-25 07:57:11,SOLUSDT,bid,140,8612.645
2024-08-25 07:57:12,SOLUSDT,ask,165,18153.205
2024-08-25 07:57:19,SOLUSDT,bid,130,10986.757
2024-08-25 07:57:37,SOLUSDT,ask,205,10060.737
2024-08-25 07:58:02,SOLUSDT,ask,165,18155.938
2024-08-25 07:58:07,SOLUSDT,ask,169,7113.358
2024-08-25 07:58:24,SOLUSDT,ask,170,17212.999
2024-08-25 07:58:35,SOLUSDT,ask,175,12308.886
2024-08-25 07:58:37,SOLUSDT,bid,100,24198.122
2024-08-25 07:58:39,SOLUSDT,ask,165,18153.438
2024-08-25 07:58:39,SOLUSDT,ask,197,13102.512
2024-08-25 07:58:43,SOLUSDT,ask,180,23175.623
2024-08-25 07:58:50,SOLUSDT,ask,185,17979.195
2024-08-25 07:58:56,SOLUSDT,ask,197,13101.254
2024-08-25 07:58:56,SOLUSDT,ask,190,23209.371
2024-08-25 07:59:04,SOLUSDT,ask,170,17200.049
2024-08-25 07:59:04,SOLUSDT,ask,175,12321.836
2024-08-25 07:59:04,SOLUSDT,ask,195,12107.719
2024-08-25 07:59:14,SOLUSDT,ask,195,12092.792
2024-08-25 07:59:26,SOLUSDT,bid,140,8612.607
2024-08-25 07:59:31,SOLUSDT,ask,165,18157.749
2024-08-25 07:59:40,SOLUSDT,ask,165,18156.173
2024-08-25 08:00:03,SOLUSDT,ask,188,13377.027
2024-08-25 08:00:22,SOLUSDT,ask,165,18156.131
2024-08-25 08:00:35,SOLUSDT,ask,180,23125.623
2024-08-25 08:00:46,SOLUSDT,ask,165,18166.131
2024-08-25 08:00:49,SOLUSDT,ask,175,12321.887
2024-08-25 08:00:55,SOLUSDT,ask,190,23211.372
2024-08-25 08:01:08,SOLUSDT,ask,170,17210.049
2024-08-25 08:01:14,SOLUSDT,ask,210,24645.701
2024-08-25 08:01:18,SOLUSDT,bid,110,20175.649
2024-08-25 08:01:22,SOLUSDT,ask,175,12331.887
2024-08-25 08:01:34,SOLUSDT,ask,180,23140.623
2024-08-25 08:02:10,SOLUSDT,ask,165,18175.833
2024-08-25 08:02:20,SOLUSDT,ask,165,18213.323
2024-08-25 08:02:24,SOLUSDT,ask,165,18214.332
2024-08-25 08:02:37,SOLUSDT,ask,200,59804.221
2024-08-25 08:02:48,SOLUSDT,ask,170,17212.374
2024-08-25 08:02:55,SOLUSDT,ask,165,18209.332
2024-08-25 08:02:56,SOLUSDT,ask,167,8581.007
2024-08-25 08:03:05,SOLUSDT,bid,100,24195.622
2024-08-25 08:03:15,SOLUSDT,ask,175,11973.894
2024-08-25 08:03:15,SOLUSDT,ask,185,18337.188
2024-08-25 08:03:18,SOLUSDT,ask,165,18209.032
2024-08-25 08:03:47,SOLUSDT,ask,190,23254.304
2024-08-25 08:04:52,SOLUSDT,bid,120,35446.565
2024-08-25 08:04:52,SOLUSDT,ask,175,11973.751
2024-08-25 08:05:47,SOLUSDT,ask,165,18321.831
2024-08-25 08:05:52,SOLUSDT,ask,165,18284.341
2024-08-25 08:06:35,SOLUSDT,ask,240,5772.028
2024-08-25 08:06:37,SOLUSDT,ask,165,18511.341
2024-08-25 08:06:41,SOLUSDT,bid,140,8614.185
2024-08-25 08:06:50,SOLUSDT,ask,180,23140.722
2024-08-25 08:06:50,SOLUSDT,bid,140,8615.539
2024-08-25 08:06:50,SOLUSDT,bid,135,13614.72
2024-08-25 08:06:51,SOLUSDT,ask,169,7113.457
2024-08-25 08:06:55,SOLUSDT,bid,148,34200.783
2024-08-25 08:07:01,SOLUSDT,bid,125,14461.264
2024-08-25 08:07:15,SOLUSDT,ask,250,18635.408
2024-08-25 08:07:26,SOLUSDT,bid,140,8615.539
2024-08-25 08:07:37,SOLUSDT,ask,180,23139.722
2024-08-25 08:07:39,SOLUSDT,ask,165,18512.985
2024-08-25 08:08:11,SOLUSDT,ask,167,8574.522
2024-08-25 08:08:22,SOLUSDT,ask,165,18512.074
2024-08-25 08:08:32,SOLUSDT,ask,185,18338.188
2024-08-25 08:08:42,SOLUSDT,ask,200,59806.736
2024-08-25 08:09:16,SOLUSDT,bid,130,10983.61
2024-08-25 08:09:21,SOLUSDT,ask,165,18512.906
2024-08-25 08:09:25,SOLUSDT,ask,165,18512.937
2024-08-25 08:09:59,SOLUSDT,bid,130,11029.614
2024-08-25 08:10:04,SOLUSDT,ask,240,5771.811
2024-08-25 08:10:08,SOLUSDT,bid,130,10983.61
2024-08-25 08:10:15,SOLUSDT,ask,180,23138.742
2024-08-25 08:10:18,SOLUSDT,bid,120,35507.712
2024-08-25 08:10:19,SOLUSDT,bid,140,8615.111
2024-08-25 08:10:23,SOLUSDT,ask,170,17206.109
2024-08-25 08:10:23,SOLUSDT,ask,190,23251.172
2024-08-25 08:10:38,SOLUSDT,ask,180,23129.742
2024-08-25 08:10:41,SOLUSDT,bid,130,10967.652
2024-08-25 08:11:27,SOLUSDT,ask,170,17215.109
2024-08-25 08:11:33,SOLUSDT,ask,180,23129.713
2024-08-25 08:11:45,SOLUSDT,ask,170,17214.109
2024-08-25 08:12:10,SOLUSDT,bid,135,13613.72
2024-08-25 08:12:15,SOLUSDT,bid,140,8611.454
2024-08-25 08:12:21,SOLUSDT,bid,140,8613.036
2024-08-25 08:12:28,SOLUSDT,ask,193,5942.157
2024-08-25 08:12:55,SOLUSDT,ask,165,18563.24
2024-08-25 08:13:17,SOLUSDT,ask,200,59803.074
2024-08-25 08:13:32,SOLUSDT,ask,192,6878.573
2024-08-25 08:13:39,SOLUSDT,ask,169,7112.835
2024-08-25 08:13:56,SOLUSDT,ask,210,24645.443
2024-08-25 08:14:19,SOLUSDT,ask,190,23252.27
2024-08-25 08:14:32,SOLUSDT,ask,165,18568.894
2024-08-25 08:14:45,SOLUSDT,ask,169,7117.835
2024-08-25 08:14:45,SOLUSDT,ask,198,5313.42
2024-08-25 08:14:55,SOLUSDT,ask,167,8578.854
2024-08-25 08:14:55,SOLUSDT,ask,180,23125.381
2024-08-25 08:14:56,SOLUSDT,ask,165,18532.386
2024-08-25 08:15:06,SOLUSDT,ask,185,18341.727
2024-08-25 08:15:14,SOLUSDT,ask,200,59800.559
2024-08-25 08:15:27,SOLUSDT,ask,170,17213.384
2024-08-25 08:15:30,SOLUSDT,bid,111,12428.248
2024-08-25 08:15:50,SOLUSDT,ask,205,10061.749
2024-08-25 08:16:19,SOLUSDT,bid,130,10966.555
2024-08-25 08:16:19,SOLUSDT,ask,200,59799.462
2024-08-25 08:16:27,SOLUSDT,bid,140,8598.099
2024-08-25 08:16:52,SOLUSDT,bid,130,10966.747
2024-08-25 08:17:05,SOLUSDT,ask,200,59800.613
2024-08-25 08:17:06,SOLUSDT,bid,120,35507.92
2024-08-25 08:17:19,SOLUSDT,bid,110,20175.876
2024-08-25 08:17:23,SOLUSDT,bid,130,10967.898
2024-08-25 08:17:24,SOLUSDT,ask,165,18533.386
2024-08-25 08:17:25,SOLUSDT,ask,170,17215.259
2024-08-25 08:17:29,SOLUSDT,bid,100,24195.873
2024-08-25 08:17:41,SOLUSDT,bid,130,10964.898
2024-08-25 08:17:58,SOLUSDT,ask,190,23252.336
2024-08-25 08:17:58,SOLUSDT,ask,165,18534.598
2024-08-25 08:18:00,SOLUSDT,bid,131,8482.318
2024-08-25 08:18:03,SOLUSDT,bid,135,13610.72
2024-08-25 08:18:07,SOLUSDT,ask,170,17208.149
2024-08-25 08:20:07,SOLUSDT,bid,100,24190.024
2024-08-25 08:21:15,SOLUSDT,bid,111,12424.545
2024-08-25 08:21:43,SOLUSDT,ask,195,12096.601
2024-08-25 08:22:00,SOLUSDT,ask,165,18511.425
2024-08-25 08:22:19,SOLUSDT,ask,240,5771.753
2024-08-25 08:22:59,SOLUSDT,bid,140,8598.199
2024-08-25 08:23:22,SOLUSDT,ask,170,17210.147
2024-08-25 08:23:40,SOLUSDT,ask,180,23131.381
2024-08-25 08:24:16,SOLUSDT,bid,100,24180.394
2024-08-25 08:24:45,SOLUSDT,bid,140,8679.187
2024-08-25 08:25:14,SOLUSDT,ask,165,18471.463
2024-08-25 08:25:20,SOLUSDT,ask,175,11973.957
2024-08-25 08:25:23,SOLUSDT,bid,140,8679.241
2024-08-25 08:25:31,SOLUSDT,ask,182,7535.389
2024-08-25 08:25:51,SOLUSDT,bid,120,35506.92
2024-08-25 08:25:56,SOLUSDT,bid,140,8680.241
2024-08-25 08:26:16,SOLUSDT,bid,135,13610.572
2024-08-25 08:27:04,SOLUSDT,ask,167,8553.78
2024-08-25 08:27:28,SOLUSDT,bid,120,35495.045
2024-08-25 08:27:33,SOLUSDT,ask,165,18476.978
2024-08-25 08:28:10,SOLUSDT,ask,180,23121.619
2024-08-25 08:28:20,SOLUSDT,ask,198,5313.824
2024-08-25 08:28:21,SOLUSDT,ask,190,23251.962
2024-08-25 08:28:25,SOLUSDT,ask,165,18476.478
2024-08-25 08:28:37,SOLUSDT,bid,135,13610.456
2024-08-25 08:28:44,SOLUSDT,bid,130,10962.953
2024-08-25 08:29:00,SOLUSDT,ask,190,23252.462
2024-08-25 08:29:04,SOLUSDT,ask,165,18498.081
2024-08-25 08:29:10,SOLUSDT,ask,165,18504.281
2024-08-25 08:29:12,SOLUSDT,ask,170,17208.149
2024-08-25 08:29:13,SOLUSDT,bid,140,8680.526
2024-08-25 08:29:22,SOLUSDT,ask,165,18504.16
2024-08-25 08:29:29,SOLUSDT,ask,180,23121.564
2024-08-25 08:30:20,SOLUSDT,ask,165,18504.247
2024-08-25 08:30:22,SOLUSDT,bid,140,8680.885
2024-08-25 08:30:56,SOLUSDT,ask,165,18498.732
2024-08-25 08:31:00,SOLUSDT,ask,180,23121.841
2024-08-25 08:32:08,SOLUSDT,ask,190,23234.582
2024-08-25 08:32:23,SOLUSDT,ask,165,18507.672
2024-08-25 08:32:48,SOLUSDT,ask,165,18506.722
2024-08-25 08:32:48,SOLUSDT,ask,170,17201.793
2024-08-25 08:32:48,SOLUSDT,ask,180,23124.367
2024-08-25 08:32:48,SOLUSDT,ask,195,12092.792
2024-08-25 08:32:48,SOLUSDT,ask,200,59770.169
2024-08-25 08:32:48,SOLUSDT,ask,300,10136.13
2024-08-25 08:32:53,SOLUSDT,ask,170,17202.563
2024-08-25 08:32:56,SOLUSDT,ask,157,6875.712
2024-08-25 08:32:57,SOLUSDT,ask,157,6875.712
2024-08-25 08:32:57,SOLUSDT,ask,157,6876.462
2024-08-25 08:32:57,SOLUSDT,ask,157,6870.327
2024-08-25 08:32:57,SOLUSDT,ask,157,6998.029
2024-08-25 08:32:57,SOLUSDT,ask,157,6983.713
2024-08-25 08:32:57,SOLUSDT,ask,157,6903.338
2024-08-25 08:32:58,SOLUSDT,ask,157,6867.279
2024-08-25 08:32:58,SOLUSDT,ask,157,6866.529
2024-08-25 08:32:58,SOLUSDT,ask,157,6866.578
2024-08-25 08:32:58,SOLUSDT,ask,157,6963.724
2024-08-25 08:32:58,SOLUSDT,ask,157,6901.724
2024-08-25 08:32:58,SOLUSDT,ask,157,6898.324
2024-08-25 08:32:58,SOLUSDT,ask,157,6863.224
2024-08-25 08:32:58,SOLUSDT,ask,157,6780.905
2024-08-25 08:32:59,SOLUSDT,ask,157,6726.346
2024-08-25 08:32:59,SOLUSDT,ask,157,6592.343
2024-08-25 08:32:59,SOLUSDT,ask,157,6580.304
2024-08-25 08:32:59,SOLUSDT,ask,165,18519.157
2024-08-25 08:33:01,SOLUSDT,ask,165,18506.722
2024-08-25 08:33:01,SOLUSDT,ask,175,10730.71
2024-08-25 08:33:27,SOLUSDT,ask,175,10730.802
2024-08-25 08:33:30,SOLUSDT,ask,165,18531.799
2024-08-25 08:33:47,SOLUSDT,ask,180,23125.167
2024-08-25 08:33:47,SOLUSDT,ask,190,23233.782
2024-08-25 08:34:00,SOLUSDT,ask,165,18532.352
2024-08-25 08:34:07,SOLUSDT,ask,180,23124.89
2024-08-25 08:34:27,SOLUSDT,ask,167,8555.17
2024-08-25 08:34:29,SOLUSDT,ask,165,18521.979
2024-08-25 08:34:33,SOLUSDT,ask,200,59768.611
2024-08-25 08:34:46,SOLUSDT,ask,200,59774.802
2024-08-25 08:35:14,SOLUSDT,ask,165,18471.979
2024-08-25 08:35:20,SOLUSDT,bid,120,35494.045
2024-08-25 08:35:24,SOLUSDT,ask,170,17199.437
2024-08-25 08:35:30,SOLUSDT,bid,115,16964.954
2024-08-25 08:35:46,SOLUSDT,bid,140,8680.807
2024-08-25 08:35:52,SOLUSDT,ask,165,18477.166
2024-08-25 08:36:08,SOLUSDT,ask,170,17202.563
2024-08-25 08:36:33,SOLUSDT,ask,165,18476.166
2024-08-25 08:36:33,SOLUSDT,ask,167,8554.17
2024-08-25 08:36:33,SOLUSDT,ask,169,7116.835
2024-08-25 08:36:33,SOLUSDT,ask,170,17201.563
2024-08-25 08:36:43,SOLUSDT,ask,200,65144.432
2024-08-25 08:36:45,SOLUSDT,bid,110,20173.33
2024-08-25 08:36:58,SOLUSDT,ask,170,17201.748
2024-08-25 08:36:58,SOLUSDT,ask,170,17200.748
2024-08-25 08:37:02,SOLUSDT,ask,165,18536.166
2024-08-25 08:37:13,SOLUSDT,bid,130,10962.569
2024-08-25 08:37:16,SOLUSDT,ask,180,23125.068
2024-08-25 08:37:26,SOLUSDT,ask,200,65151.656
2024-08-25 08:37:47,SOLUSDT,ask,200,65032.656
2024-08-25 08:38:01,SOLUSDT,ask,165,18532.166
2024-08-25 08:38:02,SOLUSDT,bid,133,9175.555
2024-08-25 08:38:19,SOLUSDT,ask,195,11948.601
2024-08-25 08:39:09,SOLUSDT,ask,170,17200.199
2024-08-25 08:39:20,SOLUSDT,ask,165,18530.289
2024-08-25 08:39:23,SOLUSDT,ask,200,65032.151
2024-08-25 08:39:24,SOLUSDT,bid,133,9175.555
2024-08-25 08:39:27,SOLUSDT,ask,165,18529.777
2024-08-25 08:39:34,SOLUSDT,bid,135,13610.345
2024-08-25 08:39:37,SOLUSDT,ask,215,6149.762
2024-08-25 08:39:37,SOLUSDT,bid,135,13615.345
2024-08-25 08:39:49,SOLUSDT,ask,165,18529.827
2024-08-25 08:39:54,SOLUSDT,ask,167,8551.548
2024-08-25 08:40:03,SOLUSDT,ask,175,10795.496
2024-08-25 08:40:30,SOLUSDT,bid,130,10966.569
2024-08-25 08:40:30,SOLUSDT,ask,185,18408.918
2024-08-25 08:40:44,SOLUSDT,ask,170,17200.248
2024-08-25 08:40:49,SOLUSDT,bid,130,10966.633
2024-08-25 08:41:09,SOLUSDT,ask,200,65025.782
2024-08-25 08:41:19,SOLUSDT,ask,165,18537.115
2024-08-25 08:41:22,SOLUSDT,ask,170,17204.165
2024-08-25 08:41:45,SOLUSDT,ask,167,8552.308
2024-08-25 08:42:01,SOLUSDT,ask,182,7530.77
2024-08-25 08:42:18,SOLUSDT,ask,170,17203.087
2024-08-25 08:42:26,SOLUSDT,bid,148,34195.783
2024-08-25 08:42:44,SOLUSDT,bid,135,13491.375
2024-08-25 08:43:15,SOLUSDT,ask,165,18536.115
2024-08-25 08:43:28,SOLUSDT,bid,140,8704.172
2024-08-25 08:43:48,SOLUSDT,ask,170,17201.087
2024-08-25 08:43:59,SOLUSDT,bid,140,8703.172
2024-08-25 08:44:05,SOLUSDT,ask,165,18536.201
2024-08-25 08:44:27,SOLUSDT,ask,175,10795.573
2024-08-25 08:45:03,SOLUSDT,ask,185,18408.988
2024-08-25 08:45:08,SOLUSDT,ask,165,18527.739
2024-08-25 08:45:34,SOLUSDT,ask,192,6877.82
2024-08-25 08:45:43,SOLUSDT,ask,170,17206.439
2024-08-25 08:45:47,SOLUSDT,ask,185,18413.926
2024-08-25 08:45:57,SOLUSDT,bid,140,8708.298
2024-08-25 08:46:06,SOLUSDT,bid,135,13124.853
2024-08-25 08:46:15,SOLUSDT,bid,110,20254.476
2024-08-25 08:46:21,SOLUSDT,bid,130,10980.165
2024-08-25 08:46:26,SOLUSDT,bid,140,8703.298
2024-08-25 08:46:29,SOLUSDT,ask,180,23120.069
2024-08-25 08:46:29,SOLUSDT,bid,140,8698.172
2024-08-25 08:46:33,SOLUSDT,ask,180,23120.822
2024-08-25 08:46:41,SOLUSDT,ask,180,23119.725
2024-08-25 08:46:41,SOLUSDT,ask,190,23233.667
2024-08-25 08:46:43,SOLUSDT,bid,120,35494.711
2024-08-25 08:46:48,SOLUSDT,bid,125,14461.264
2024-08-25 08:46:51,SOLUSDT,ask,190,23237.285
2024-08-25 08:47:01,SOLUSDT,ask,210,24641.35
2024-08-25 08:47:07,SOLUSDT,bid,125,14461.264
2024-08-25 08:47:27,SOLUSDT,bid,125,14461.264
2024-08-25 08:47:31,SOLUSDT,bid,130,10984.011
2024-08-25 08:47:42,SOLUSDT,bid,130,10983.243
2024-08-25 08:47:53,SOLUSDT,ask,165,18533.038
2024-08-25 08:48:01,SOLUSDT,ask,170,17205.781
2024-08-25 08:48:25,SOLUSDT,ask,185,18419.324
2024-08-25 08:48:31,SOLUSDT,bid,135,13123.372
2024-08-25 08:48:36,SOLUSDT,ask,165,18516.315
2024-08-25 08:48:37,SOLUSDT,ask,185,18368.76
2024-08-25 08:48:52,SOLUSDT,bid,140,8700.314
2024-08-25 08:49:53,SOLUSDT,ask,170,17204.992
2024-08-25 08:50:11,SOLUSDT,ask,185,18363.822
2024-08-25 08:50:16,SOLUSDT,ask,165,18511.847
2024-08-25 08:50:26,SOLUSDT,ask,170,17204.255
2024-08-25 08:50:33,SOLUSDT,ask,190,23244.285
2024-08-25 08:50:36,SOLUSDT,ask,500,5966.834
2024-08-25 08:50:52,SOLUSDT,ask,165,18512.286
2024-08-25 08:51:05,SOLUSDT,bid,158,6554.355
2024-08-25 08:51:05,SOLUSDT,bid,158,6521.614
2024-08-25 08:51:05,SOLUSDT,bid,158,6496.696
2024-08-25 08:51:06,SOLUSDT,bid,158,6729.123
2024-08-25 08:51:08,SOLUSDT,bid,158,6792.362
2024-08-25 08:51:08,SOLUSDT,bid,158,6722.934
2024-08-25 08:51:09,SOLUSDT,ask,165,18512.236
2024-08-25 08:51:17,SOLUSDT,bid,130,10983.319
2024-08-25 08:51:27,SOLUSDT,bid,130,10979.473
2024-08-25 08:51:28,SOLUSDT,bid,110,20254.566
2024-08-25 08:51:46,SOLUSDT,ask,170,17206.834
2024-08-25 08:51:53,SOLUSDT,ask,170,17210.334
2024-08-25 08:51:53,SOLUSDT,ask,190,23237.285
2024-08-25 08:52:08,SOLUSDT,ask,185,18367.322
2024-08-25 08:52:18,SOLUSDT,ask,165,18512.027
2024-08-25 08:52:27,SOLUSDT,ask,165,18511.892
2024-08-25 08:52:27,SOLUSDT,ask,167,8552.173
2024-08-25 08:52:27,SOLUSDT,ask,169,7116.7
2024-08-25 08:52:27,SOLUSDT,ask,170,17210.199
2024-08-25 08:52:31,SOLUSDT,ask,170,17210.023
2024-08-25 08:52:33,SOLUSDT,ask,165,18511.711
2024-08-25 08:52:57,SOLUSDT,bid,120,35494.083
2024-08-25 08:53:47,SOLUSDT,ask,185,18372.26
2024-08-25 08:53:50,SOLUSDT,ask,165,18491.711
2024-08-25 08:53:50,SOLUSDT,ask,170,17190.023
2024-08-25 08:53:50,SOLUSDT,ask,180,23099.725
2024-08-25 08:54:04,SOLUSDT,ask,192,6875.397
2024-08-25 08:54:13,SOLUSDT,ask,170,17189.984
2024-08-25 08:54:23,SOLUSDT,ask,165,18491.815
2024-08-25 08:54:28,SOLUSDT,ask,170,17189.93
2024-08-25 08:54:32,SOLUSDT,ask,180,23100.228
2024-08-25 08:54:47,SOLUSDT,ask,170,17186.93
2024-08-25 08:55:00,SOLUSDT,bid,140,8695.314
2024-08-25 08:55:01,SOLUSDT,ask,180,23099.954
2024-08-25 08:55:01,SOLUSDT,ask,190,23237.011
2024-08-25 08:55:08,SOLUSDT,ask,165,18495.959
2024-08-25 08:55:24,SOLUSDT,bid,140,8695.713
2024-08-25 08:55:35,SOLUSDT,bid,125,14461.224
2024-08-25 08:55:35,SOLUSDT,ask,200,65025.742
2024-08-25 08:55:37,SOLUSDT,ask,180,23099.845
2024-08-25 08:55:41,SOLUSDT,ask,165,18495.921
2024-08-25 08:55:43,SOLUSDT,bid,140,8693.438
2024-08-25 08:55:52,SOLUSDT,ask,200,65026.746
2024-08-25 08:56:11,SOLUSDT,ask,175,10747.564
2024-08-25 08:56:34,SOLUSDT,ask,165,18471.414
2024-08-25 08:56:54,SOLUSDT,ask,170,17186.634
2024-08-25 08:57:07,SOLUSDT,bid,140,8682.469
2024-08-25 08:57:22,SOLUSDT,bid,140,8681.468
2024-08-25 08:57:22,SOLUSDT,bid,135,13123.272
2024-08-25 08:57:22,SOLUSDT,bid,133,9175.455
2024-08-25 08:57:31,SOLUSDT,bid,100,24150.394
2024-08-25 08:57:47,SOLUSDT,bid,130,10979.268
2024-08-25 08:57:47,SOLUSDT,ask,180,23108.4
2024-08-25 08:58:16,SOLUSDT,ask,192,6876.824
2024-08-25 08:58:23,SOLUSDT,ask,200,65015.945
2024-08-25 08:58:28,SOLUSDT,bid,135,13123.112
2024-08-25 08:58:28,SOLUSDT,bid,130,10978.268
2024-08-25 08:58:31,SOLUSDT,ask,165,18470.411
2024-08-25 08:58:48,SOLUSDT,ask,165,18473.408
2024-08-25 08:58:56,SOLUSDT,ask,165,18471.663
2024-08-25 08:59:23,SOLUSDT,ask,200,65012.945
2024-08-25 08:59:40,SOLUSDT,bid,100,24150.074
2024-08-25 08:59:48,SOLUSDT,bid,95,14067.853
2024-08-25 08:59:57,SOLUSDT,ask,165,18470.663
2024-08-25 09:00:00,SOLUSDT,ask,750,4624.173
2024-08-25 09:00:06,SOLUSDT,ask,210,24640.504
2024-08-25 09:00:19,SOLUSDT,ask,165,18466.388
2024-08-25 09:00:22,SOLUSDT,ask,200,65013.791
2024-08-25 09:00:32,SOLUSDT,bid,120,35489.083
2024-08-25 09:00:46,SOLUSDT,ask,165,18463.358
2024-08-25 09:01:04,SOLUSDT,ask,165,18463.459
2024-08-25 09:01:07,SOLUSDT,ask,165,18468.685
2024-08-25 09:01:32,SOLUSDT,ask,167,8551.205
2024-08-25 09:01:38,SOLUSDT,ask,198,5364.343
2024-08-25 09:02:18,SOLUSDT,ask,170,17184.697
2024-08-25 09:02:27,SOLUSDT,ask,205,10064.538
2024-08-25 09:02:31,SOLUSDT,ask,180,23107.401
2024-08-25 09:02:44,SOLUSDT,ask,165,18493.192
2024-08-25 09:03:05,SOLUSDT,ask,193,5938.489
2024-08-25 09:03:30,SOLUSDT,ask,170,17183.58
2024-08-25 09:03:33,SOLUSDT,ask,167,8551.835
2024-08-25 09:03:47,SOLUSDT,bid,110,20260.917
2024-08-25 09:03:57,SOLUSDT,bid,120,35494.677
2024-08-25 09:04:08,SOLUSDT,ask,165,18494.192
2024-08-25 09:04:11,SOLUSDT,bid,140,8681.396
2024-08-25 09:04:17,SOLUSDT,ask,165,18495.309
2024-08-25 09:04:26,SOLUSDT,ask,170,17182.023
2024-08-25 09:05:14,SOLUSDT,ask,165,18494.599
2024-08-25 09:05:20,SOLUSDT,ask,165,18494.707
2024-08-25 09:05:30,SOLUSDT,ask,200,65009.952
2024-08-25 09:05:39,SOLUSDT,ask,188,13372.522
2024-08-25 09:05:41,SOLUSDT,ask,165,18497.434
2024-08-25 09:05:55,SOLUSDT,ask,165,18525.347
2024-08-25 09:06:02,SOLUSDT,ask,170,17182.063
2024-08-25 09:06:19,SOLUSDT,ask,167,8561.321
2024-08-25 09:06:50,SOLUSDT,ask,182,7529.77
2024-08-25 09:06:50,SOLUSDT,ask,200,65010.952
2024-08-25 09:06:52,SOLUSDT,ask,180,23107.432
2024-08-25 09:07:16,SOLUSDT,ask,165,18525.965
2024-08-25 09:07:33,SOLUSDT,bid,140,8681.359
2024-08-25 09:07:33,SOLUSDT,ask,180,23107.395
2024-08-25 09:07:34,SOLUSDT,ask,175,10738.655
2024-08-25 09:07:56,SOLUSDT,ask,193,5940.489
2024-08-25 09:08:06,SOLUSDT,ask,210,24650.504
2024-08-25 09:08:07,SOLUSDT,ask,195,11915.296
2024-08-25 09:08:12,SOLUSDT,ask,200,65014.791
2024-08-25 09:09:02,SOLUSDT,ask,220,14876.023
2024-08-25 09:09:09,SOLUSDT,ask,200,65008.6
2024-08-25 09:09:17,SOLUSDT,bid,100,24150.242
2024-08-25 09:09:18,SOLUSDT,bid,140,8683.865
2024-08-25 09:09:35,SOLUSDT,ask,185,18376.33
2024-08-25 09:09:41,SOLUSDT,ask,170,17188.254
2024-08-25 09:09:41,SOLUSDT,ask,170,17187.061
2024-08-25 09:09:46,SOLUSDT,bid,147,34183.269
2024-08-25 09:09:59,SOLUSDT,ask,167,8560.321
2024-08-25 09:10:10,SOLUSDT,bid,135,13122.372
2024-08-25 09:10:16,SOLUSDT,ask,165,18526.593
2024-08-25 09:10:26,SOLUSDT,ask,175,9313.019
2024-08-25 09:10:49,SOLUSDT,ask,200,65010.125
2024-08-25 09:11:12,SOLUSDT,bid,111,12454.545
2024-08-25 09:11:13,SOLUSDT,ask,165,18538.463
2024-08-25 09:11:16,SOLUSDT,bid,130,10978.192
2024-08-25 09:11:21,SOLUSDT,bid,130,10979.73
2024-08-25 09:11:41,SOLUSDT,ask,170,17185.728
2024-08-25 09:11:58,SOLUSDT,bid,100,24150.08
2024-08-25 09:12:10,SOLUSDT,bid,135,13079.55
2024-08-25 09:12:12,SOLUSDT,ask,167,8561.213
2024-08-25 09:12:27,SOLUSDT,ask,180,23106.679
2024-08-25 09:12:39,SOLUSDT,ask,167,8560.321
2024-08-25 09:12:40,SOLUSDT,ask,175,9313.986
2024-08-25 09:13:00,SOLUSDT,ask,180,23107.738
2024-08-25 09:13:01,SOLUSDT,ask,165,18519.281
2024-08-25 09:13:03,SOLUSDT,ask,175,9314.066
2024-08-25 09:13:14,SOLUSDT,bid,111,12474.545
2024-08-25 09:13:22,SOLUSDT,ask,165,18517.652
2024-08-25 09:13:41,SOLUSDT,bid,140,8683.827
2024-08-25 09:14:00,SOLUSDT,ask,165,18536.834
2024-08-25 09:14:21,SOLUSDT,ask,180,23106.733
2024-08-25 09:14:24,SOLUSDT,ask,190,23242.011
2024-08-25 09:14:28,SOLUSDT,bid,115,17014.954
2024-08-25 09:14:28,SOLUSDT,bid,111,12424.545
2024-08-25 09:14:38,SOLUSDT,ask,205,10161.337
2024-08-25 09:14:56,SOLUSDT,ask,167,8554.789
2024-08-25 09:15:59,SOLUSDT,ask,195,11915.396
2024-08-25 09:16:11,SOLUSDT,ask,165,18536.69
2024-08-25 09:16:13,SOLUSDT,ask,169,7129.386
2024-08-25 09:16:24,SOLUSDT,ask,165,18536.135
2024-08-25 09:16:29,SOLUSDT,ask,165,18535.135
2024-08-25 09:17:23,SOLUSDT,ask,169,7129.218
2024-08-25 09:17:32,SOLUSDT,ask,190,23242.179
2024-08-25 09:17:34,SOLUSDT,bid,130,10974.73
2024-08-25 09:18:02,SOLUSDT,bid,130,10974.267
2024-08-25 09:18:05,SOLUSDT,ask,169,7127.218
2024-08-25 09:18:49,SOLUSDT,ask,165,18535.826
2024-08-25 09:19:04,SOLUSDT,bid,140,8694.121
2024-08-25 09:19:13,SOLUSDT,ask,195,11915.3
2024-08-25 09:19:16,SOLUSDT,ask,175,9314.585
2024-08-25 09:19:32,SOLUSDT,ask,193,5939.284
2024-08-25 09:19:37,SOLUSDT,ask,190,23242.352
2024-08-25 09:20:03,SOLUSDT,ask,165,18538.148
2024-08-25 09:20:19,SOLUSDT,ask,169,8127.218
2024-08-25 09:20:55,SOLUSDT,bid,140,8692.904
2024-08-25 09:21:03,SOLUSDT,ask,169,8117.218
2024-08-25 09:21:15,SOLUSDT,bid,110,20261.007
2024-08-25 09:21:23,SOLUSDT,bid,140,8687.225
2024-08-25 09:22:50,SOLUSDT,ask,165,18536.148
2024-08-25 09:23:45,SOLUSDT,ask,175,9314.15
2024-08-25 09:23:56,SOLUSDT,bid,140,8685.225
2024-08-25 09:24:00,SOLUSDT,ask,180,23105.131
2024-08-25 09:24:46,SOLUSDT,ask,193,5941.952
2024-08-25 09:25:00,SOLUSDT,ask,165,18532.183
2024-08-25 09:25:05,SOLUSDT,ask,180,23109.096
2024-08-25 09:25:35,SOLUSDT,ask,182,7529.72
2024-08-25 09:25:51,SOLUSDT,ask,250,18635.331
2024-08-25 09:26:08,SOLUSDT,ask,210,24651.242
2024-08-25 09:26:23,SOLUSDT,bid,120,35492.677
2024-08-25 09:26:43,SOLUSDT,ask,190,23240.697
2024-08-25 09:26:46,SOLUSDT,ask,170,17187.378
2024-08-25 09:26:51,SOLUSDT,ask,205,10158.013
2024-08-25 09:27:25,SOLUSDT,ask,170,17187.233
2024-08-25 09:27:38,SOLUSDT,ask,165,18533.521
2024-08-25 09:27:53,SOLUSDT,bid,135,13064.55
2024-08-25 09:27:54,SOLUSDT,bid,130,10954.998
2024-08-25 09:27:56,SOLUSDT,ask,180,23109.033
2024-08-25 09:28:06,SOLUSDT,ask,170,17187.378
2024-08-25 09:28:22,SOLUSDT,ask,165,18533.832
2024-08-25 09:28:45,SOLUSDT,ask,170,17185.177
2024-08-25 09:29:00,SOLUSDT,ask,165,18533.871
2024-08-25 09:29:06,SOLUSDT,ask,500,5965.679
2024-08-25 09:29:12,SOLUSDT,ask,170,17187.378
2024-08-25 09:30:06,SOLUSDT,ask,165,18533.56
2024-08-25 09:30:19,SOLUSDT,ask,205,10162.946
2024-08-25 09:30:29,SOLUSDT,bid,133,9175.86
2024-08-25 09:30:35,SOLUSDT,bid,130,10954.229
2024-08-25 09:30:41,SOLUSDT,ask,240,5771.808
2024-08-25 09:30:47,SOLUSDT,ask,170,17194.451
2024-08-25 09:30:55,SOLUSDT,ask,193,5939.952
2024-08-25 09:31:06,SOLUSDT,bid,135,13063.55
2024-08-25 09:31:07,SOLUSDT,bid,120,35490.848
2024-08-25 09:31:08,SOLUSDT,ask,165,18520.646
2024-08-25 09:31:12,SOLUSDT,bid,125,14459.624
2024-08-25 09:31:31,SOLUSDT,ask,165,18521.646
2024-08-25 09:31:51,SOLUSDT,bid,120,35490.932
2024-08-25 09:31:52,SOLUSDT,bid,120,35495.169
2024-08-25 09:32:17,SOLUSDT,ask,165,18520.647
2024-08-25 09:32:33,SOLUSDT,ask,167,8555.978
2024-08-25 09:32:43,SOLUSDT,ask,180,23109.061
2024-08-25 09:32:58,SOLUSDT,ask,165,18530.465
2024-08-25 09:33:21,SOLUSDT,ask,190,23240.858
2024-08-25 09:33:37,SOLUSDT,ask,210,24651.266
2024-08-25 09:34:11,SOLUSDT,ask,175,9348.445
2024-08-25 09:34:42,SOLUSDT,ask,165,18530.432
2024-08-25 09:34:48,SOLUSDT,bid,140,8684.225
2024-08-25 09:35:02,SOLUSDT,ask,170,17192.767
2024-08-25 09:35:16,SOLUSDT,ask,180,23110.745
2024-08-25 09:35:43,SOLUSDT,ask,167,8556.039
2024-08-25 09:35:52,SOLUSDT,ask,175,9336.522
2024-08-25 09:36:12,SOLUSDT,ask,190,23252.781
2024-08-25 09:36:15,SOLUSDT,bid,130,10942.229
2024-08-25 09:36:17,SOLUSDT,bid,120,35494.523
2024-08-25 09:37:05,SOLUSDT,ask,165,18522.128
2024-08-25 09:38:15,SOLUSDT,ask,165,18522.49
2024-08-25 09:38:15,SOLUSDT,ask,210,24651.066
2024-08-25 09:39:02,SOLUSDT,ask,165,18544.158
2024-08-25 09:39:36,SOLUSDT,ask,169,8142.193
2024-08-25 09:39:45,SOLUSDT,ask,191,5779.032
2024-08-25 09:39:49,SOLUSDT,bid,110,20260.917
2024-08-25 09:39:52,SOLUSDT,bid,100,24149.98
2024-08-25 09:40:32,SOLUSDT,bid,120,35478.364
2024-08-25 09:41:17,SOLUSDT,ask,167,8555.978
2024-08-25 09:41:34,SOLUSDT,ask,170,17202.767
2024-08-25 09:41:50,SOLUSDT,ask,167,8539.464
2024-08-25 09:41:57,SOLUSDT,ask,170,17202.491
2024-08-25 09:42:14,SOLUSDT,ask,240,5771.872
2024-08-25 09:42:31,SOLUSDT,ask,200,65017.198
2024-08-25 09:42:34,SOLUSDT,ask,193,5929.626
2024-08-25 09:43:17,SOLUSDT,ask,169,8140.224
2024-08-25 09:43:34,SOLUSDT,ask,193,5926.958
2024-08-25 09:43:38,SOLUSDT,ask,190,23256.175
2024-08-25 09:44:14,SOLUSDT,ask,169,8134.323
2024-08-25 09:44:29,SOLUSDT,ask,191,5927.292
2024-08-25 09:44:54,SOLUSDT,bid,110,20260.585
2024-08-25 09:44:59,SOLUSDT,bid,140,8684.853
2024-08-25 09:45:01,SOLUSDT,bid,110,20261.139
2024-08-25 09:45:24,SOLUSDT,ask,180,23111.546
2024-08-25 09:45:35,SOLUSDT,ask,240,5771.808
2024-08-25 09:45:35,SOLUSDT,ask,169,8137.305
2024-08-25 09:46:11,SOLUSDT,ask,200,65016.533
2024-08-25 09:46:32,SOLUSDT,bid,100,24165.615
2024-08-25 09:46:41,SOLUSDT,ask,165,18545.158
2024-08-25 09:46:42,SOLUSDT,bid,140,8682.786
2024-08-25 09:46:54,SOLUSDT,ask,165,18538.644
2024-08-25 09:47:02,SOLUSDT,bid,111,12424.069
2024-08-25 09:47:20,SOLUSDT,ask,165,18548.45
2024-08-25 09:47:49,SOLUSDT,ask,197,13102.503
2024-08-25 09:47:52,SOLUSDT,bid,95,14067.647
2024-08-25 09:47:54,SOLUSDT,ask,197,13101.254
2024-08-25 09:48:19,SOLUSDT,bid,130,10928.932
2024-08-25 09:48:24,SOLUSDT,ask,170,17203.628
2024-08-25 09:48:24,SOLUSDT,ask,165,18559.191
2024-08-25 09:48:26,SOLUSDT,ask,198,5331.408
2024-08-25 09:48:44,SOLUSDT,bid,150,6688.901
2024-08-25 09:49:22,SOLUSDT,bid,110,20261.229
2024-08-25 09:50:19,SOLUSDT,ask,205,10162.766
2024-08-25 09:50:20,SOLUSDT,ask,165,18559.689
2024-08-25 09:50:44,SOLUSDT,ask,240,5771.865
2024-08-25 09:50:48,SOLUSDT,bid,115,17015.011
2024-08-25 09:50:49,SOLUSDT,bid,150,6689.101
2024-08-25 09:50:50,SOLUSDT,ask,165,18559.757
2024-08-25 09:51:01,SOLUSDT,ask,185,18376.459
2024-08-25 09:51:39,SOLUSDT,ask,170,17204.971
2024-08-25 09:51:52,SOLUSDT,ask,185,18376.041
2024-08-25 09:51:55,SOLUSDT,ask,185,18376.581
2024-08-25 09:52:01,SOLUSDT,ask,165,18557.759
2024-08-25 09:52:13,SOLUSDT,bid,125,14460.718
2024-08-25 09:52:44,SOLUSDT,ask,190,23255.118
2024-08-25 09:52:44,SOLUSDT,ask,240,5770.785
2024-08-25 09:52:47,SOLUSDT,ask,165,18559.759
2024-08-25 09:53:08,SOLUSDT,ask,250,18619.133
2024-08-25 09:53:11,SOLUSDT,ask,170,17203.569
2024-08-25 09:53:14,SOLUSDT,bid,140,8682.501
2024-08-25 09:53:45,SOLUSDT,ask,165,18558.115
2024-08-25 09:53:59,SOLUSDT,ask,165,18559.005
2024-08-25 09:54:09,SOLUSDT,bid,140,8682.216
2024-08-25 09:54:11,SOLUSDT,bid,150,6688.701
2024-08-25 09:54:15,SOLUSDT,bid,140,8681.891
2024-08-25 09:55:21,SOLUSDT,ask,170,17203.622
2024-08-25 09:55:32,SOLUSDT,bid,140,8682.748
2024-08-25 09:55:32,SOLUSDT,ask,165,18565.353
2024-08-25 09:55:36,SOLUSDT,bid,150,6668.697
2024-08-25 09:55:36,SOLUSDT,bid,150,6681.662
2024-08-25 09:55:46,SOLUSDT,bid,150,6682.612
2024-08-25 09:55:46,SOLUSDT,bid,140,8681.798
2024-08-25 09:55:47,SOLUSDT,bid,115,17014.954
2024-08-25 09:55:47,SOLUSDT,ask,240,5770.728
2024-08-25 09:55:50,SOLUSDT,bid,140,8680.905
2024-08-25 09:55:56,SOLUSDT,bid,120,35478.781
2024-08-25 09:55:59,SOLUSDT,bid,150,6681.662
2024-08-25 09:56:11,SOLUSDT,bid,150,6682.548
2024-08-25 09:56:15,SOLUSDT,bid,111,12415.06
2024-08-25 09:56:18,SOLUSDT,bid,135,13048.704
2024-08-25 09:56:20,SOLUSDT,bid,150,6681.211
2024-08-25 09:57:31,SOLUSDT,bid,150,6681.611
2024-08-25 09:57:55,SOLUSDT,ask,167,8540.464
2024-08-25 09:58:08,SOLUSDT,bid,111,12397.042
2024-08-25 09:58:13,SOLUSDT,ask,170,17203.283
2024-08-25 09:58:27,SOLUSDT,bid,130,10926.625
2024-08-25 09:58:32,SOLUSDT,ask,175,9337.522
2024-08-25 09:58:47,SOLUSDT,ask,200,64749.285
2024-08-25 09:59:08,SOLUSDT,bid,120,35479.231
2024-08-25 09:59:44,SOLUSDT,ask,165,18554.958
2024-08-25 10:00:03,SOLUSDT,ask,300,10108.13
2024-08-25 10:00:08,SOLUSDT,bid,140,8682.394
2024-08-25 10:00:22,SOLUSDT,ask,170,17203.236
2024-08-25 10:00:43,SOLUSDT,ask,300,10139.127
2024-08-25 10:00:44,SOLUSDT,ask,170,17153.568
2024-08-25 10:00:53,SOLUSDT,ask,165,18557.884
2024-08-25 10:01:23,SOLUSDT,ask,175,9331.2
2024-08-25 10:01:26,SOLUSDT,ask,169,8136.55
2024-08-25 10:01:44,SOLUSDT,bid,140,8677.65
2024-08-25 10:02:21,SOLUSDT,ask,180,23056.422
2024-08-25 10:02:28,SOLUSDT,bid,150,6761.105
2024-08-25 10:02:45,SOLUSDT,ask,210,24649.083
2024-08-25 10:03:04,SOLUSDT,ask,180,23058.405
2024-08-25 10:03:08,SOLUSDT,ask,200,64751.879
2024-08-25 10:03:27,SOLUSDT,bid,125,14463.156
2024-08-25 10:03:29,SOLUSDT,bid,140,8681.65
2024-08-25 10:03:41,SOLUSDT,bid,135,13048.334
2024-08-25 10:03:50,SOLUSDT,ask,170,17160.08
2024-08-25 10:04:23,SOLUSDT,bid,130,10927.778
2024-08-25 10:04:35,SOLUSDT,bid,150,6763.123
2024-08-25 10:04:49,SOLUSDT,ask,500,5966.249
2024-08-25 10:05:04,SOLUSDT,bid,140,8675.936
2024-08-25 10:05:07,SOLUSDT,ask,180,23057.905
2024-08-25 10:05:09,SOLUSDT,ask,165,18557.384
2024-08-25 10:05:38,SOLUSDT,bid,150,6762.442
2024-08-25 10:05:41,SOLUSDT,ask,180,23057.104
2024-08-25 10:05:42,SOLUSDT,bid,131,8432.318
2024-08-25 10:06:03,SOLUSDT,ask,182,7524.722
2024-08-25 10:06:05,SOLUSDT,ask,170,17159.154
2024-08-25 10:06:14,SOLUSDT,ask,185,18377.581
2024-08-25 10:06:14,SOLUSDT,ask,170,17150.146
2024-08-25 10:06:25,SOLUSDT,ask,165,18557.99
2024-08-25 10:06:25,SOLUSDT,bid,150,6755.434
2024-08-25 10:06:27,SOLUSDT,bid,150,6750.109
2024-08-25 10:06:28,SOLUSDT,ask,170,17150.276
2024-08-25 10:06:32,SOLUSDT,ask,170,17150.864
2024-08-25 10:06:33,SOLUSDT,ask,170,17157.186
2024-08-25 10:07:08,SOLUSDT,bid,150,6750.745
2024-08-25 10:07:35,SOLUSDT,bid,150,6762.207
2024-08-25 10:08:55,SOLUSDT,bid,150,6762.306
2024-08-25 10:08:58,SOLUSDT,ask,170,17154.92
2024-08-25 10:09:21,SOLUSDT,ask,170,17175.518
2024-08-25 10:09:29,SOLUSDT,bid,140,8676.725
2024-08-25 10:09:37,SOLUSDT,ask,191,5916.347
2024-08-25 10:09:44,SOLUSDT,bid,100,24337.98
2024-08-25 10:10:02,SOLUSDT,bid,150,6782.306
2024-08-25 10:10:34,SOLUSDT,ask,200,64751.133
2024-08-25 10:10:50,SOLUSDT,ask,210,24648.976
2024-08-25 10:11:23,SOLUSDT,ask,170,17174.733
2024-08-25 10:12:57,SOLUSDT,bid,135,13006.478
2024-08-25 10:13:13,SOLUSDT,ask,165,18556.39
2024-08-25 10:13:23,SOLUSDT,bid,140,8678.364
2024-08-25 10:13:26,SOLUSDT,bid,140,8680.968
2024-08-25 10:13:36,SOLUSDT,bid,135,13007.986
2024-08-25 10:13:39,SOLUSDT,ask,165,18555.391
2024-08-25 10:14:30,SOLUSDT,bid,135,13016.954
2024-08-25 10:14:53,SOLUSDT,ask,169,8111.575
2024-08-25 10:14:54,SOLUSDT,bid,135,13007.986
2024-08-25 10:15:16,SOLUSDT,bid,135,13016.954
2024-08-25 10:15:17,SOLUSDT,ask,210,24638.976
2024-08-25 10:15:55,SOLUSDT,bid,111,12396.366
2024-08-25 10:15:57,SOLUSDT,bid,120,35478.606
2024-08-25 10:15:59,SOLUSDT,bid,130,10927.394
2024-08-25 10:16:00,SOLUSDT,ask,170,17174.551
2024-08-25 10:16:01,SOLUSDT,bid,140,8681.336
2024-08-25 10:16:11,SOLUSDT,ask,180,23055.626
2024-08-25 10:16:13,SOLUSDT,ask,190,23254.962
2024-08-25 10:16:19,SOLUSDT,ask,185,18377.763
2024-08-25 10:16:24,SOLUSDT,ask,240,5770.785
2024-08-25 10:16:24,SOLUSDT,ask,220,14888.023
2024-08-25 10:16:39,SOLUSDT,bid,150,6783.806
2024-08-25 10:16:45,SOLUSDT,ask,165,18548.04
2024-08-25 10:17:04,SOLUSDT,bid,140,8680.622
2024-08-25 10:17:29,SOLUSDT,bid,150,6784.472
2024-08-25 10:18:08,SOLUSDT,ask,185,18367.773
2024-08-25 10:18:29,SOLUSDT,bid,140,8666.337
2024-08-25 10:18:30,SOLUSDT,ask,170,17174.421
2024-08-25 10:18:32,SOLUSDT,ask,170,17172.423
2024-08-25 10:19:12,SOLUSDT,bid,140,8665.197
2024-08-25 10:19:24,SOLUSDT,bid,120,35479.936
2024-08-25 10:20:12,SOLUSDT,ask,165,18547.706
2024-08-25 10:20:56,SOLUSDT,bid,150,6784.508
2024-08-25 10:21:31,SOLUSDT,bid,140,8665.544
2024-08-25 10:21:41,SOLUSDT,ask,180,23050.59
2024-08-25 10:21:55,SOLUSDT,ask,170,17172.173
2024-08-25 10:22:08,SOLUSDT,ask,180,23049.79
2024-08-25 10:22:14,SOLUSDT,ask,210,24640.522
2024-08-25 10:23:20,SOLUSDT,ask,165,18547.674
2024-08-25 10:23:26,SOLUSDT,ask,193,5926.922
2024-08-25 10:23:30,SOLUSDT,ask,193,5924.714
2024-08-25 10:23:50,SOLUSDT,bid,150,6785.351
2024-08-25 10:25:02,SOLUSDT,bid,131,8424.626
2024-08-25 10:25:50,SOLUSDT,bid,135,12916.954
2024-08-25 10:26:11,SOLUSDT,ask,170,17202.173
2024-08-25 10:26:35,SOLUSDT,ask,190,23254.427
2024-08-25 10:26:41,SOLUSDT,ask,170,17200.782
2024-08-25 10:26:48,SOLUSDT,ask,170,17182.526
2024-08-25 10:26:55,SOLUSDT,ask,165,18683.916
2024-08-25 10:27:08,SOLUSDT,bid,125,14447.156
2024-08-25 10:27:09,SOLUSDT,ask,175,9323.7
2024-08-25 10:27:18,SOLUSDT,ask,170,17190.026
2024-08-25 10:27:29,SOLUSDT,ask,167,8530.754
2024-08-25 10:27:30,SOLUSDT,ask,180,23044.708
2024-08-25 10:27:41,SOLUSDT,bid,120,35483.54
2024-08-25 10:27:47,SOLUSDT,ask,230,6687.308
2024-08-25 10:27:52,SOLUSDT,ask,165,18675.752
2024-08-25 10:27:54,SOLUSDT,ask,165,18674.752
2024-08-25 10:27:58,SOLUSDT,bid,125,14443.156
2024-08-25 10:28:13,SOLUSDT,ask,170,16990.026
2024-08-25 10:28:13,SOLUSDT,ask,175,9316.4
2024-08-25 10:28:17,SOLUSDT,bid,150,6787.164
2024-08-25 10:28:19,SOLUSDT,ask,170,16997.326
2024-08-25 10:28:20,SOLUSDT,bid,140,8669.201
2024-08-25 10:28:23,SOLUSDT,ask,180,23049.068
2024-08-25 10:29:54,SOLUSDT,ask,170,16997.455
2024-08-25 10:30:00,SOLUSDT,ask,193,5934.714
2024-08-25 10:30:09,SOLUSDT,bid,115,17020.141
2024-08-25 10:30:27,SOLUSDT,bid,111,12396.32
2024-08-25 10:30:30,SOLUSDT,bid,140,8669.847
2024-08-25 10:30:34,SOLUSDT,ask,170,16997.326
2024-08-25 10:30:43,SOLUSDT,bid,150,6786.764
2024-08-25 10:31:07,SOLUSDT,ask,185,18377.773
2024-08-25 10:31:09,SOLUSDT,bid,130,10927.594
2024-08-25 10:31:14,SOLUSDT,bid,130,10927.545
2024-08-25 10:31:56,SOLUSDT,ask,180,23048.996
2024-08-25 10:32:20,SOLUSDT,ask,170,16996.271
2024-08-25 10:33:00,SOLUSDT,ask,180,23048.914
2024-08-25 10:33:14,SOLUSDT,ask,180,23027.239
2024-08-25 10:33:27,SOLUSDT,ask,165,18557.893
2024-08-25 10:33:33,SOLUSDT,ask,167,8526.422
2024-08-25 10:33:36,SOLUSDT,bid,150,6788.651
2024-08-25 10:33:37,SOLUSDT,bid,140,8669.276
2024-08-25 10:34:04,SOLUSDT,ask,165,18556.893
2024-08-25 10:34:08,SOLUSDT,ask,180,23027.295
2024-08-25 10:34:11,SOLUSDT,bid,140,8659.709
2024-08-25 10:34:11,SOLUSDT,bid,150,6787.32
2024-08-25 10:34:34,SOLUSDT,ask,180,23027.255
2024-08-25 10:34:34,SOLUSDT,bid,120,35484.142
2024-08-25 10:34:41,SOLUSDT,bid,125,14466.799
2024-08-25 10:34:54,SOLUSDT,bid,140,8663.28
2024-08-25 10:35:33,SOLUSDT,ask,170,16994.928
2024-08-25 10:35:44,SOLUSDT,ask,165,18546.218
2024-08-25 10:35:48,SOLUSDT,bid,100,24335.98
2024-08-25 10:35:49,SOLUSDT,ask,170,16991.597
2024-08-25 10:35:52,SOLUSDT,bid,140,8660.426
2024-08-25 10:36:28,SOLUSDT,ask,165,18542.635
2024-08-25 10:36:43,SOLUSDT,bid,140,8659.426
2024-08-25 10:37:08,SOLUSDT,ask,200,64750.295
2024-08-25 10:37:29,SOLUSDT,ask,180,22900.13
2024-08-25 10:37:56,SOLUSDT,bid,150,6787.39
2024-08-25 10:37:58,SOLUSDT,ask,200,64765.295
2024-08-25 10:37:58,SOLUSDT,bid,150,6775.233
2024-08-25 10:37:59,SOLUSDT,ask,180,21900.13
2024-08-25 10:37:59,SOLUSDT,ask,200,64665.295
2024-08-25 10:38:04,SOLUSDT,ask,165,18543.305
2024-08-25 10:38:09,SOLUSDT,ask,165,18543.244
2024-08-25 10:38:12,SOLUSDT,bid,125,14464.698
2024-08-25 10:39:42,SOLUSDT,ask,210,24640.464
2024-08-25 10:40:11,SOLUSDT,ask,197,13117.882
2024-08-25 10:40:18,SOLUSDT,bid,150,6775.899
2024-08-25 10:40:19,SOLUSDT,bid,150,6775.864
2024-08-25 10:40:19,SOLUSDT,ask,170,16991.562
2024-08-25 10:40:19,SOLUSDT,ask,180,21900.095
2024-08-25 10:40:24,SOLUSDT,bid,140,8659.368
2024-08-25 10:40:24,SOLUSDT,ask,170,16991.504
2024-08-25 10:40:24,SOLUSDT,ask,182,7524.664
2024-08-25 10:40:24,SOLUSDT,ask,188,13372.464
2024-08-25 10:40:24,SOLUSDT,ask,200,64665.237
2024-08-25 10:40:30,SOLUSDT,bid,150,6777.053
2024-08-25 10:40:35,SOLUSDT,ask,167,8526.302
2024-08-25 10:41:07,SOLUSDT,bid,150,6781.448
2024-08-25 10:41:28,SOLUSDT,ask,165,18543.19
2024-08-25 10:41:55,SOLUSDT,ask,165,18524.553
2024-08-25 10:41:58,SOLUSDT,bid,150,6782.479
2024-08-25 10:42:33,SOLUSDT,bid,150,6798.099
2024-08-25 10:42:39,SOLUSDT,ask,170,16990.775
2024-08-25 10:43:26,SOLUSDT,bid,150,6799.165
2024-08-25 10:44:05,SOLUSDT,bid,150,6798.134
2024-08-25 10:44:38,SOLUSDT,ask,165,18526.242
2024-08-25 10:44:38,SOLUSDT,ask,188,13370.775
2024-08-25 10:44:48,SOLUSDT,ask,165,18526.204
2024-08-25 10:45:00,SOLUSDT,ask,185,18378.774
2024-08-25 10:45:08,SOLUSDT,bid,150,6802.675
2024-08-25 10:45:47,SOLUSDT,bid,120,35485.668
2024-08-25 10:45:57,SOLUSDT,bid,120,35484.142
2024-08-25 10:46:24,SOLUSDT,bid,120,35485.668
2024-08-25 10:46:33,SOLUSDT,bid,140,8658.868
2024-08-25 10:46:33,SOLUSDT,bid,133,9174.36
2024-08-25 10:46:33,SOLUSDT,bid,120,35480.668
2024-08-25 10:46:33,SOLUSDT,bid,115,17019.141
2024-08-25 10:46:34,SOLUSDT,ask,170,16991.173
2024-08-25 10:47:13,SOLUSDT,bid,120,35492.769
2024-08-25 10:47:15,SOLUSDT,ask,165,18527.283
2024-08-25 10:47:19,SOLUSDT,ask,170,16981.503
2024-08-25 10:47:33,SOLUSDT,ask,185,18377.697
2024-08-25 10:47:41,SOLUSDT,bid,130,10927.384
2024-08-25 10:48:29,SOLUSDT,bid,140,8658.797
2024-08-25 10:48:54,SOLUSDT,bid,110,20260.956
2024-08-25 10:48:57,SOLUSDT,bid,150,6792.675
2024-08-25 10:48:58,SOLUSDT,bid,150,6788.28
2024-08-25 10:49:13,SOLUSDT,bid,150,6787.614
2024-08-25 10:49:17,SOLUSDT,bid,135,12916.916
2024-08-25 10:49:20,SOLUSDT,ask,165,18526.533
2024-08-25 10:49:23,SOLUSDT,bid,140,8669.259
2024-08-25 10:49:57,SOLUSDT,bid,111,12393.167
2024-08-25 10:50:05,SOLUSDT,bid,147,34183.349
2024-08-25 10:50:10,SOLUSDT,bid,147,34183.269
2024-08-25 10:50:32,SOLUSDT,bid,150,6785.541
2024-08-25 10:50:33,SOLUSDT,bid,150,6784.698
2024-08-25 10:50:44,SOLUSDT,bid,150,6820.236
2024-08-25 10:50:57,SOLUSDT,bid,140,8670.362
2024-08-25 10:51:15,SOLUSDT,ask,175,9316.876
2024-08-25 10:51:17,SOLUSDT,ask,750,4754.043
2024-08-25 10:51:21,SOLUSDT,ask,200,64681.973
2024-08-25 10:51:49,SOLUSDT,ask,169,8091.22
2024-08-25 10:51:51,SOLUSDT,bid,130,10927.164
2024-08-25 10:52:13,SOLUSDT,ask,165,18443.584
2024-08-25 10:52:18,SOLUSDT,ask,188,13367.052
2024-08-25 10:52:28,SOLUSDT,bid,150,6819.591
2024-08-25 10:52:45,SOLUSDT,ask,180,21899.08
2024-08-25 10:52:59,SOLUSDT,ask,170,16980.973
2024-08-25 10:53:06,SOLUSDT,ask,163,7512.448
2024-08-25 10:53:09,SOLUSDT,ask,163,7472.16
2024-08-25 10:53:14,SOLUSDT,ask,165,18443.685
2024-08-25 10:53:23,SOLUSDT,ask,163,7512.863
2024-08-25 10:53:35,SOLUSDT,ask,163,7472.539
2024-08-25 10:53:41,SOLUSDT,ask,163,7517.821
2024-08-25 10:54:25,SOLUSDT,ask,163,7507.807
2024-08-25 10:54:27,SOLUSDT,bid,130,10923.318
2024-08-25 10:54:28,SOLUSDT,bid,150,6820.345
2024-08-25 10:54:34,SOLUSDT,ask,170,16981.503
2024-08-25 10:54:36,SOLUSDT,ask,200,64685.696
2024-08-25 10:54:36,SOLUSDT,ask,170,16980.504
2024-08-25 10:54:50,SOLUSDT,bid,148,34195.861
2024-08-25 10:55:01,SOLUSDT,bid,148,34195.783
2024-08-25 10:55:16,SOLUSDT,ask,300,10138.777
2024-08-25 10:56:05,SOLUSDT,ask,165,18448.862
2024-08-25 10:56:06,SOLUSDT,ask,170,16979.504
2024-08-25 10:56:11,SOLUSDT,bid,150,6818.394
2024-08-25 10:56:32,SOLUSDT,bid,130,10909.744
2024-08-25 10:56:59,SOLUSDT,ask,170,16980.304
2024-08-25 10:57:32,SOLUSDT,ask,167,9908.784
2024-08-25 10:57:33,SOLUSDT,ask,165,18429.07
2024-08-25 10:57:37,SOLUSDT,ask,300,10135.56
2024-08-25 10:57:38,SOLUSDT,bid,148,34189.031
2024-08-25 10:57:50,SOLUSDT,ask,163,7482.091
2024-08-25 10:57:54,SOLUSDT,ask,250,18622.35
2024-08-25 10:58:07,SOLUSDT,ask,195,11910.3
2024-08-25 10:58:08,SOLUSDT,ask,190,23249.427
2024-08-25 10:58:10,SOLUSDT,ask,185,18372.697
2024-08-25 10:58:15,SOLUSDT,ask,180,21894.08
2024-08-25 10:58:16,SOLUSDT,ask,175,9311.876
2024-08-25 10:58:16,SOLUSDT,ask,170,16975.304
2024-08-25 10:58:22,SOLUSDT,bid,150,6820.394
2024-08-25 10:58:35,SOLUSDT,ask,170,16985.304
2024-08-25 10:58:44,SOLUSDT,ask,175,9321.876
2024-08-25 10:58:46,SOLUSDT,bid,125,14462.698
2024-08-25 10:58:49,SOLUSDT,ask,180,21907.08
2024-08-25 10:58:52,SOLUSDT,ask,180,21917.08
2024-08-25 10:58:52,SOLUSDT,bid,140,8665.362
2024-08-25 10:59:19,SOLUSDT,bid,133,9173.985
2024-08-25 10:59:30,SOLUSDT,ask,165,18430.069
2024-08-25 10:59:55,SOLUSDT,bid,140,8664.362
2024-08-25 11:00:20,SOLUSDT,bid,120,35492.853
2024-08-25 11:00:34,SOLUSDT,bid,110,20261.09
2024-08-25 11:00:46,SOLUSDT,ask,190,23248.425
2024-08-25 11:01:10,SOLUSDT,ask,180,21916.686
2024-08-25 11:01:10,SOLUSDT,ask,185,18372.42
2024-08-25 11:01:15,SOLUSDT,bid,150,6820.34
2024-08-25 11:01:15,SOLUSDT,ask,200,64685.656
2024-08-25 11:01:40,SOLUSDT,ask,165,18431.905
2024-08-25 11:01:42,SOLUSDT,ask,198,5367.526
2024-08-25 11:01:47,SOLUSDT,ask,165,18425.319
2024-08-25 11:01:48,SOLUSDT,ask,200,64684.599
2024-08-25 11:01:50,SOLUSDT,bid,140,8663.362
2024-08-25 11:02:06,SOLUSDT,ask,200,64684.628
2024-08-25 11:02:37,SOLUSDT,bid,100,24335.9
2024-08-25 11:02:46,SOLUSDT,ask,170,16985.377
2024-08-25 11:02:51,SOLUSDT,ask,170,16985.304
2024-08-25 11:03:01,SOLUSDT,ask,180,21825.046
2024-08-25 11:03:18,SOLUSDT,ask,180,21824.752
2024-08-25 11:03:28,SOLUSDT,ask,163,7481.944
2024-08-25 11:03:36,SOLUSDT,bid,110,20263.076
2024-08-25 11:04:16,SOLUSDT,ask,170,16985.26
2024-08-25 11:04:18,SOLUSDT,ask,185,18372.69
2024-08-25 11:04:23,SOLUSDT,bid,120,35494.612
2024-08-25 11:04:25,SOLUSDT,bid,150,6820.473
2024-08-25 11:04:40,SOLUSDT,bid,150,6820.34
2024-08-25 11:04:42,SOLUSDT,ask,190,23243.065
2024-08-25 11:04:46,SOLUSDT,ask,193,5935.568
2024-08-25 11:04:48,SOLUSDT,ask,163,7481.802
2024-08-25 11:04:53,SOLUSDT,ask,188,13362.507
2024-08-25 11:05:04,SOLUSDT,bid,140,8663.469
2024-08-25 11:05:04,SOLUSDT,ask,163,7460.273
2024-08-25 11:05:13,SOLUSDT,bid,140,8664.183
2024-08-25 11:05:43,SOLUSDT,bid,140,8664.076
2024-08-25 11:05:51,SOLUSDT,ask,175,9322.508
2024-08-25 11:05:53,SOLUSDT,ask,170,16984.348
2024-08-25 11:05:58,SOLUSDT,ask,180,21824.129
2024-08-25 11:05:59,SOLUSDT,ask,190,23242.846
2024-08-25 11:06:00,SOLUSDT,ask,300,10129.317
2024-08-25 11:06:13,SOLUSDT,bid,130,10901.744
2024-08-25 11:06:14,SOLUSDT,ask,163,7460.158
2024-08-25 11:06:52,SOLUSDT,ask,170,16984.463
2024-08-25 11:06:52,SOLUSDT,bid,150,6819.342
2024-08-25 11:07:04,SOLUSDT,bid,150,6756.135
2024-08-25 11:07:07,SOLUSDT,bid,150,6756.801
2024-08-25 11:07:26,SOLUSDT,ask,165,18425.019
2024-08-25 11:07:28,SOLUSDT,ask,170,16983.963
2024-08-25 11:07:30,SOLUSDT,ask,180,21823.051
2024-08-25 11:07:34,SOLUSDT,ask,170,16984.036
2024-08-25 11:07:38,SOLUSDT,ask,165,18424.918
2024-08-25 11:07:59,SOLUSDT,bid,148,34189.11
2024-08-25 11:08:04,SOLUSDT,ask,170,16983.036
2024-08-25 11:08:09,SOLUSDT,bid,148,34189.031
2024-08-25 11:08:28,SOLUSDT,ask,185,18368.558
2024-08-25 11:08:37,SOLUSDT,bid,147,34183.354
2024-08-25 11:08:46,SOLUSDT,bid,150,6755.299
2024-08-25 11:08:46,SOLUSDT,bid,147,34183.269
2024-08-25 11:08:50,SOLUSDT,bid,150,6755.634
2024-08-25 11:08:55,SOLUSDT,ask,170,16982.731
2024-08-25 11:09:01,SOLUSDT,ask,170,16982.658
2024-08-25 11:09:06,SOLUSDT,bid,140,8663.362
2024-08-25 11:09:22,SOLUSDT,bid,120,35490.715
2024-08-25 11:09:24,SOLUSDT,bid,150,6759.365
2024-08-25 11:10:00,SOLUSDT,bid,150,6759.865
2024-08-25 11:10:08,SOLUSDT,ask,163,7458.387
2024-08-25 11:10:10,SOLUSDT,ask,170,16988.986
2024-08-25 11:10:36,SOLUSDT,bid,150,6788.931
2024-08-25 11:10:37,SOLUSDT,bid,140,8663.476
2024-08-25 11:10:56,SOLUSDT,ask,167,9907.595
2024-08-25 11:11:00,SOLUSDT,ask,175,9328.286
2024-08-25 11:11:00,SOLUSDT,bid,140,8663.362
2024-08-25 11:11:39,SOLUSDT,ask,175,9328.323
2024-08-25 11:11:40,SOLUSDT,ask,163,7461.99
2024-08-25 11:11:42,SOLUSDT,ask,165,18425.252
2024-08-25 11:11:48,SOLUSDT,ask,170,17000.502
2024-08-25 11:11:51,SOLUSDT,ask,163,7461.733
2024-08-25 11:11:59,SOLUSDT,ask,170,16991.987
2024-08-25 11:12:02,SOLUSDT,bid,140,8664.362
2024-08-25 11:12:23,SOLUSDT,ask,165,18450.588
2024-08-25 11:12:24,SOLUSDT,bid,148,34190.031
2024-08-25 11:12:42,SOLUSDT,ask,180,21822.769
2024-08-25 11:12:42,SOLUSDT,ask,185,18368.84
2024-08-25 11:13:11,SOLUSDT,bid,140,8695.96
2024-08-25 11:14:19,SOLUSDT,ask,188,13300.38
2024-08-25 11:14:53,SOLUSDT,ask,170,16991.158
2024-08-25 11:15:13,SOLUSDT,ask,167,9907.721
2024-08-25 11:15:26,SOLUSDT,ask,165,18445.588
2024-08-25 11:15:28,SOLUSDT,bid,120,35494.865
2024-08-25 11:15:30,SOLUSDT,bid,140,8702.108
2024-08-25 11:15:51,SOLUSDT,bid,140,8702.463
2024-08-25 11:16:33,SOLUSDT,bid,100,24330.9
2024-08-25 11:16:39,SOLUSDT,ask,180,21821.769
2024-08-25 11:16:50,SOLUSDT,ask,165,18435.588
2024-08-25 11:16:53,SOLUSDT,ask,169,8091.291
2024-08-25 11:16:57,SOLUSDT,ask,180,21820.77
2024-08-25 11:16:57,SOLUSDT,bid,100,24336.455
2024-08-25 11:17:03,SOLUSDT,ask,169,8091.22
2024-08-25 11:17:12,SOLUSDT,ask,165,18415.519
2024-08-25 11:17:14,SOLUSDT,ask,175,9328.032
2024-08-25 11:17:18,SOLUSDT,ask,170,16990.337
2024-08-25 11:17:20,SOLUSDT,ask,163,7481.802
2024-08-25 11:17:26,SOLUSDT,ask,175,9328.111
2024-08-25 11:17:33,SOLUSDT,ask,163,7507.587
2024-08-25 11:17:41,SOLUSDT,ask,170,16998.298
2024-08-25 11:17:45,SOLUSDT,ask,175,9328.032
2024-08-25 11:17:55,SOLUSDT,ask,163,7507.031
2024-08-25 11:17:59,SOLUSDT,ask,180,21820.819
2024-08-25 11:18:31,SOLUSDT,bid,140,8702.406
2024-08-25 11:18:33,SOLUSDT,bid,150,6789.131
2024-08-25 11:18:49,SOLUSDT,bid,135,12916.69
2024-08-25 11:18:56,SOLUSDT,ask,163,7506.715
2024-08-25 11:19:05,SOLUSDT,ask,163,7496.431
2024-08-25 11:19:28,SOLUSDT,ask,180,21820.657
2024-08-25 11:19:31,SOLUSDT,bid,140,8709.548
2024-08-25 11:19:45,SOLUSDT,bid,80,19269.306
2024-08-25 11:20:10,SOLUSDT,ask,170,17009.749
2024-08-25 11:20:20,SOLUSDT,bid,150,6789.197
2024-08-25 11:20:22,SOLUSDT,bid,140,8852.405
2024-08-25 11:20:28,SOLUSDT,bid,150,6788.197
2024-08-25 11:20:30,SOLUSDT,bid,150,6788.131
2024-08-25 11:20:37,SOLUSDT,bid,150,6789.131
2024-08-25 11:20:52,SOLUSDT,bid,135,13064.838
2024-08-25 11:21:05,SOLUSDT,bid,150,6790.131
2024-08-25 11:21:28,SOLUSDT,bid,140,8862.405
2024-08-25 11:21:30,SOLUSDT,ask,175,9326.668
2024-08-25 11:22:09,SOLUSDT,ask,190,23242.572
2024-08-25 11:22:14,SOLUSDT,bid,150,6791.15
2024-08-25 11:22:25,SOLUSDT,bid,150,6774.337
2024-08-25 11:22:26,SOLUSDT,ask,190,23242.202
2024-08-25 11:22:34,SOLUSDT,bid,150,6766.337
2024-08-25 11:22:57,SOLUSDT,ask,180,21820.157
2024-08-25 11:23:12,SOLUSDT,bid,150,6766.394
2024-08-25 11:23:36,SOLUSDT,ask,190,23242.572
2024-08-25 11:24:00,SOLUSDT,ask,165,18415.468
2024-08-25 11:24:09,SOLUSDT,ask,165,18414.256
2024-08-25 11:24:22,SOLUSDT,ask,170,17010.758
2024-08-25 11:24:30,SOLUSDT,bid,150,6767.394
2024-08-25 11:24:40,SOLUSDT,ask,169,8091.288
2024-08-25 11:24:47,SOLUSDT,ask,165,18414.756
2024-08-25 11:24:50,SOLUSDT,ask,169,8091.22
2024-08-25 11:24:54,SOLUSDT,ask,190,23242.73
2024-08-25 11:25:51,SOLUSDT,ask,193,5904.307
2024-08-25 11:26:13,SOLUSDT,bid,140,8884.549
2024-08-25 11:26:40,SOLUSDT,bid,150,6766.394
2024-08-25 11:26:43,SOLUSDT,ask,180,21823.237
2024-08-25 11:27:13,SOLUSDT,ask,170,17009.749
2024-08-25 11:27:14,SOLUSDT,ask,167,9906.128
2024-08-25 11:27:43,SOLUSDT,bid,150,6718.603
2024-08-25 11:27:54,SOLUSDT,ask,170,17010.758
2024-08-25 11:27:58,SOLUSDT,bid,150,6718.489
2024-08-25 11:27:58,SOLUSDT,ask,170,17010.644
2024-08-25 11:27:58,SOLUSDT,ask,182,7524.55
2024-08-25 11:27:58,SOLUSDT,ask,190,23242.616
2024-08-25 11:28:01,SOLUSDT,bid,135,13098.822
2024-08-25 11:28:05,SOLUSDT,ask,200,64684.528
2024-08-25 11:28:10,SOLUSDT,bid,130,10935.492
2024-08-25 11:28:18,SOLUSDT,bid,125,14493.584
2024-08-25 11:28:27,SOLUSDT,bid,120,35507.376
2024-08-25 11:28:49,SOLUSDT,ask,190,23239.846
2024-08-25 11:29:13,SOLUSDT,bid,110,20040.331
2024-08-25 11:29:22,SOLUSDT,ask,167,9906.201
2024-08-25 11:29:25,SOLUSDT,ask,175,9326.036
2024-08-25 11:29:32,SOLUSDT,ask,167,9906.128
2024-08-25 11:29:39,SOLUSDT,bid,140,8885.65
2024-08-25 11:29:41,SOLUSDT,ask,170,17011.276
2024-08-25 11:29:53,SOLUSDT,bid,140,8886.649
2024-08-25 11:30:03,SOLUSDT,ask,167,9914.87
2024-08-25 11:30:04,SOLUSDT,bid,140,8888.613
2024-08-25 11:31:07,SOLUSDT,ask,169,8111.99
2024-08-25 11:31:12,SOLUSDT,bid,140,8889.327
2024-08-25 11:31:18,SOLUSDT,bid,140,8886.771
2024-08-25 11:31:41,SOLUSDT,ask,165,18440.047
2024-08-25 11:31:52,SOLUSDT,bid,120,35507.459
2024-08-25 11:31:56,SOLUSDT,ask,165,18440.615
2024-08-25 11:32:24,SOLUSDT,bid,140,8887.771
2024-08-25 11:32:33,SOLUSDT,ask,167,9913.87
2024-08-25 11:32:34,SOLUSDT,ask,180,21823.613
2024-08-25 11:32:46,SOLUSDT,ask,167,9905.128
2024-08-25 11:33:00,SOLUSDT,ask,165,18445.33
2024-08-25 11:33:05,SOLUSDT,bid,140,8865.627
2024-08-25 11:33:31,SOLUSDT,bid,150,6900.277
2024-08-25 11:33:40,SOLUSDT,bid,150,6896.546
2024-08-25 11:33:50,SOLUSDT,ask,170,17010.613
2024-08-25 11:33:54,SOLUSDT,bid,150,6895.88
2024-08-25 11:34:05,SOLUSDT,ask,180,21823.237
2024-08-25 11:34:21,SOLUSDT,ask,165,18440.615
2024-08-25 11:34:39,SOLUSDT,ask,170,17030.613
2024-08-25 11:34:54,SOLUSDT,ask,170,17030.989
2024-08-25 11:35:05,SOLUSDT,ask,170,17010.989
2024-08-25 11:35:50,SOLUSDT,bid,150,6894.88
2024-08-25 11:35:58,SOLUSDT,bid,148,34190.107
2024-08-25 11:36:08,SOLUSDT,bid,148,34190.031
2024-08-25 11:36:17,SOLUSDT,ask,200,64681.528
2024-08-25 11:36:32,SOLUSDT,bid,140,8939.944
2024-08-25 11:36:36,SOLUSDT,bid,100,24326.725
2024-08-25 11:37:22,SOLUSDT,bid,150,6895.88
2024-08-25 11:37:36,SOLUSDT,ask,190,23249.846
2024-08-25 11:37:59,SOLUSDT,bid,135,13099.758
2024-08-25 11:38:41,SOLUSDT,bid,95,14067.647
2024-08-25 11:39:33,SOLUSDT,ask,165,18440.582
2024-08-25 11:39:33,SOLUSDT,bid,95,14067.647
2024-08-25 11:39:35,SOLUSDT,ask,200,64649.512
2024-08-25 11:39:44,SOLUSDT,ask,200,64646.663
2024-08-25 11:39:45,SOLUSDT,bid,110,20039.831
2024-08-25 11:39:46,SOLUSDT,bid,115,17018.641
2024-08-25 11:39:47,SOLUSDT,bid,120,35506.959
2024-08-25 11:40:44,SOLUSDT,ask,190,23217.731
2024-08-25 11:41:30,SOLUSDT,ask,210,24640.274
2024-08-25 11:41:33,SOLUSDT,bid,150,6875.88
2024-08-25 11:41:34,SOLUSDT,bid,150,6862.915
2024-08-25 11:41:35,SOLUSDT,ask,185,18354.314
2024-08-25 11:41:37,SOLUSDT,bid,80,19268.184
2024-08-25 11:41:46,SOLUSDT,bid,150,6861.851
2024-08-25 11:41:47,SOLUSDT,ask,170,17010.139
2024-08-25 11:41:53,SOLUSDT,ask,185,18368.84
2024-08-25 11:41:56,SOLUSDT,bid,150,6866.851
2024-08-25 11:42:15,SOLUSDT,bid,140,8939.855
2024-08-25 11:42:16,SOLUSDT,ask,175,9326.126
2024-08-25 11:42:23,SOLUSDT,bid,120,35507.959
2024-08-25 11:42:44,SOLUSDT,ask,175,9326.036
2024-08-25 11:42:55,SOLUSDT,ask,167,9591.829
2024-08-25 11:42:56,SOLUSDT,ask,193,5900.867
2024-08-25 11:43:06,SOLUSDT,ask,170,17008.932
2024-08-25 11:43:06,SOLUSDT,ask,180,21822.03
2024-08-25 11:43:06,SOLUSDT,ask,188,13299.173
2024-08-25 11:43:06,SOLUSDT,ask,190,23216.524
2024-08-25 11:43:06,SOLUSDT,ask,198,5366.319
2024-08-25 11:43:06,SOLUSDT,ask,200,64645.456
2024-08-25 11:43:07,SOLUSDT,ask,182,7523.343
2024-08-25 11:43:53,SOLUSDT,bid,140,8939.641
2024-08-25 11:43:54,SOLUSDT,bid,130,10935.262
2024-08-25 11:44:09,SOLUSDT,ask,175,9326.116
2024-08-25 11:44:24,SOLUSDT,bid,140,8940.641
2024-08-25 11:44:26,SOLUSDT,ask,165,18440.882
2024-08-25 11:44:29,SOLUSDT,ask,175,9326.036
2024-08-25 11:44:41,SOLUSDT,ask,180,21821.735
2024-08-25 11:44:46,SOLUSDT,bid,140,8940.59
2024-08-25 11:44:47,SOLUSDT,ask,167,9592.129
2024-08-25 11:44:53,SOLUSDT,ask,167,9593.304
2024-08-25 11:45:07,SOLUSDT,ask,185,18367.739
2024-08-25 11:45:10,SOLUSDT,ask,170,17009.016
2024-08-25 11:45:12,SOLUSDT,ask,167,9593.004
2024-08-25 11:45:14,SOLUSDT,ask,165,18440.915
2024-08-25 11:45:16,SOLUSDT,ask,165,18440.615
2024-08-25 11:45:19,SOLUSDT,ask,175,9326.331
2024-08-25 11:45:21,SOLUSDT,bid,150,6867.851
2024-08-25 11:45:26,SOLUSDT,ask,165,18440.865
2024-08-25 11:45:29,SOLUSDT,ask,170,17008.932
2024-08-25 11:45:43,SOLUSDT,ask,167,9593.154
2024-08-25 11:46:00,SOLUSDT,bid,80,19268.443
2024-08-25 11:46:05,SOLUSDT,ask,169,8112.14
2024-08-25 11:46:12,SOLUSDT,ask,165,18440.988
2024-08-25 11:46:15,SOLUSDT,ask,170,17009.331
2024-08-25 11:46:40,SOLUSDT,bid,147,34183.355
2024-08-25 11:46:50,SOLUSDT,bid,147,34183.269
2024-08-25 11:46:55,SOLUSDT,ask,165,18439.928
2024-08-25 11:47:08,SOLUSDT,bid,150,6867.899
2024-08-25 11:47:08,SOLUSDT,bid,150,6946.107
2024-08-25 11:48:32,SOLUSDT,bid,150,6946.773
2024-08-25 11:48:42,SOLUSDT,bid,150,6940.273
2024-08-25 11:48:46,SOLUSDT,bid,95,14061.647
2024-08-25 11:48:53,SOLUSDT,ask,165,18440.928
2024-08-25 11:49:04,SOLUSDT,ask,165,18431.988
2024-08-25 11:49:31,SOLUSDT,ask,170,17010.005
2024-08-25 11:49:43,SOLUSDT,bid,130,10934.262
2024-08-25 11:49:50,SOLUSDT,bid,150,6939.271
2024-08-25 11:49:55,SOLUSDT,ask,170,17014.005
2024-08-25 11:50:01,SOLUSDT,bid,140,8935.972
2024-08-25 11:50:01,SOLUSDT,ask,200,64645.77
2024-08-25 11:50:02,SOLUSDT,bid,130,10925.262
2024-08-25 11:50:17,SOLUSDT,bid,130,10925.302
2024-08-25 11:50:28,SOLUSDT,ask,167,9595.152
2024-08-25 11:50:51,SOLUSDT,bid,130,10925.262
2024-08-25 11:51:26,SOLUSDT,ask,180,21821.605
2024-08-25 11:51:31,SOLUSDT,ask,165,18431.923
2024-08-25 11:51:33,SOLUSDT,ask,165,18438.423
2024-08-25 11:51:40,SOLUSDT,ask,165,18438.52
2024-08-25 11:51:43,SOLUSDT,bid,150,6939.766
2024-08-25 11:51:43,SOLUSDT,ask,165,18413.229
2024-08-25 11:51:51,SOLUSDT,ask,180,21821.703
2024-08-25 11:52:14,SOLUSDT,ask,200,64645.587
2024-08-25 11:52:24,SOLUSDT,bid,147,34183.353
2024-08-25 11:52:30,SOLUSDT,bid,147,34183.269
2024-08-25 11:52:38,SOLUSDT,ask,165,18438.52
2024-08-25 11:52:46,SOLUSDT,ask,195,11910.192
2024-08-25 11:52:58,SOLUSDT,ask,200,64645.542
2024-08-25 11:53:20,SOLUSDT,ask,190,23248.728
2024-08-25 11:53:23,SOLUSDT,bid,95,14051.119
2024-08-25 11:53:32,SOLUSDT,ask,170,17013.955
2024-08-25 11:53:34,SOLUSDT,bid,100,24325.065
2024-08-25 11:53:45,SOLUSDT,bid,130,10995.413
2024-08-25 11:53:58,SOLUSDT,bid,120,35533.292
2024-08-25 11:54:13,SOLUSDT,bid,140,8928.972
2024-08-25 11:54:14,SOLUSDT,bid,130,10996.308
2024-08-25 11:54:24,SOLUSDT,ask,200,64645.513
2024-08-25 11:54:32,SOLUSDT,ask,180,21817.889
2024-08-25 11:54:49,SOLUSDT,bid,150,6939.902
2024-08-25 11:54:57,SOLUSDT,ask,170,17012.82
2024-08-25 11:55:23,SOLUSDT,bid,150,6940.152
2024-08-25 11:55:33,SOLUSDT,ask,165,18439.52
2024-08-25 11:55:34,SOLUSDT,ask,240,5769.094
2024-08-25 11:55:43,SOLUSDT,ask,165,18438.879
2024-08-25 11:56:09,SOLUSDT,bid,150,6938.265
2024-08-25 11:56:32,SOLUSDT,ask,185,18362.739
2024-08-25 11:56:32,SOLUSDT,ask,169,8112.212
2024-08-25 11:56:33,SOLUSDT,ask,188,13294.173
2024-08-25 11:56:34,SOLUSDT,ask,190,23243.728
2024-08-25 11:56:42,SOLUSDT,ask,169,8112.14
2024-08-25 11:56:45,SOLUSDT,ask,165,18302.637
2024-08-25 11:57:03,SOLUSDT,ask,250,18624.041
2024-08-25 11:57:14,SOLUSDT,ask,165,18285.637
2024-08-25 11:57:23,SOLUSDT,ask,200,64645.451
2024-08-25 11:57:24,SOLUSDT,bid,100,24323.065
2024-08-25 11:58:24,SOLUSDT,bid,150,6928.265
2024-08-25 11:58:27,SOLUSDT,bid,110,20038.853
2024-08-25 11:58:56,SOLUSDT,bid,150,6927.918
2024-08-25 11:59:46,SOLUSDT,ask,167,9595.05
2024-08-25 12:00:03,SOLUSDT,ask,165,18260.346
2024-08-25 12:01:36,SOLUSDT,ask,175,9322.687
2024-08-25 12:01:41,SOLUSDT,ask,169,8111.214
2024-08-25 12:02:18,SOLUSDT,bid,140,8931.972
2024-08-25 12:02:19,SOLUSDT,ask,165,18263.99
2024-08-25 12:02:41,SOLUSDT,ask,170,17009.535
2024-08-25 12:02:48,SOLUSDT,bid,140,8925.726
2024-08-25 12:03:10,SOLUSDT,ask,165,18263.061
2024-08-25 12:03:18,SOLUSDT,bid,140,8915.012
2024-08-25 12:03:20,SOLUSDT,bid,100,24150.7
2024-08-25 12:03:42,SOLUSDT,ask,195,11910.038
2024-08-25 12:03:51,SOLUSDT,bid,135,13099.388
2024-08-25 12:04:05,SOLUSDT,ask,188,13294.67
2024-08-25 12:04:06,SOLUSDT,ask,210,24627.474
2024-08-25 12:04:37,SOLUSDT,bid,110,19971.282
2024-08-25 12:05:02,SOLUSDT,ask,185,18360.269
2024-08-25 12:05:14,SOLUSDT,ask,175,9320.59
2024-08-25 12:05:14,SOLUSDT,ask,180,21826.974
2024-08-25 12:05:17,SOLUSDT,bid,150,6927.984
2024-08-25 12:05:20,SOLUSDT,bid,150,6928.147
2024-08-25 12:06:00,SOLUSDT,ask,250,18625.031
2024-08-25 12:06:04,SOLUSDT,ask,175,9321.516
2024-08-25 12:06:11,SOLUSDT,bid,110,20038.853
2024-08-25 12:06:16,SOLUSDT,bid,150,6912.527
2024-08-25 12:07:01,SOLUSDT,ask,165,18262.061
2024-08-25 12:07:10,SOLUSDT,ask,180,21825.637
2024-08-25 12:07:34,SOLUSDT,ask,185,18359.589
2024-08-25 12:07:56,SOLUSDT,ask,180,21825.546
2024-08-25 12:08:09,SOLUSDT,bid,150,6897.527
2024-08-25 12:08:16,SOLUSDT,ask,200,64646.606
2024-08-25 12:08:21,SOLUSDT,ask,170,17009.604
2024-08-25 12:08:30,SOLUSDT,ask,175,9321.574
2024-08-25 12:08:32,SOLUSDT,bid,135,13099.119
2024-08-25 12:08:37,SOLUSDT,ask,180,21825.617
2024-08-25 12:09:03,SOLUSDT,bid,135,13096.89
2024-08-25 12:09:08,SOLUSDT,ask,165,18286.176
2024-08-25 12:09:26,SOLUSDT,bid,150,6899.533
2024-08-25 12:09:54,SOLUSDT,bid,140,8914.012
2024-08-25 12:10:19,SOLUSDT,ask,180,20825.617
2024-08-25 12:10:40,SOLUSDT,ask,170,17509.604
2024-08-25 12:10:44,SOLUSDT,ask,165,18262.061
2024-08-25 12:10:52,SOLUSDT,ask,170,17533.719
2024-08-25 12:10:56,SOLUSDT,ask,170,17033.719
2024-08-25 12:11:06,SOLUSDT,ask,180,21325.617
2024-08-25 12:11:28,SOLUSDT,ask,170,16033.719
2024-08-25 12:11:35,SOLUSDT,ask,165,17262.061
2024-08-25 12:13:26,SOLUSDT,bid,131,8414.626
2024-08-25 12:13:29,SOLUSDT,ask,165,17257.735
2024-08-25 12:13:29,SOLUSDT,bid,111,12363.167
2024-08-25 12:13:32,SOLUSDT,bid,120,35551.406
2024-08-25 12:13:35,SOLUSDT,bid,120,35533.292
2024-08-25 12:13:53,SOLUSDT,ask,169,8107.461
2024-08-25 12:13:57,SOLUSDT,ask,165,17257.482
2024-08-25 12:14:01,SOLUSDT,ask,193,5897.199
2024-08-25 12:14:39,SOLUSDT,ask,169,8107.526
2024-08-25 12:14:45,SOLUSDT,ask,165,17257.56
2024-08-25 12:14:50,SOLUSDT,ask,200,64581.155
2024-08-25 12:14:52,SOLUSDT,ask,197,13119.129
2024-08-25 12:14:54,SOLUSDT,ask,169,8107.461
2024-08-25 12:14:55,SOLUSDT,ask,197,13117.882
2024-08-25 12:15:12,SOLUSDT,bid,135,13098.132
2024-08-25 12:15:33,SOLUSDT,ask,175,9321.664
2024-08-25 12:15:41,SOLUSDT,ask,180,21324.538
2024-08-25 12:15:43,SOLUSDT,ask,175,9321.008
2024-08-25 12:15:45,SOLUSDT,ask,167,9697.087
2024-08-25 12:15:56,SOLUSDT,ask,175,9320.918
2024-08-25 12:16:01,SOLUSDT,bid,150,6906.199
2024-08-25 12:16:22,SOLUSDT,bid,100,24149.904
2024-08-25 12:16:22,SOLUSDT,ask,165,17256.764
2024-08-25 12:16:25,SOLUSDT,bid,148,34190.116
2024-08-25 12:16:27,SOLUSDT,ask,185,18356.416
2024-08-25 12:16:30,SOLUSDT,bid,148,34190.031
2024-08-25 12:16:46,SOLUSDT,bid,150,6899.533
2024-08-25 12:17:15,SOLUSDT,bid,140,8920.611
2024-08-25 12:17:38,SOLUSDT,ask,180,21279.378
2024-08-25 12:17:47,SOLUSDT,ask,205,10162.714
2024-08-25 12:17:58,SOLUSDT,ask,180,21279.143
2024-08-25 12:18:04,SOLUSDT,ask,165,17254.764
2024-08-25 12:18:09,SOLUSDT,bid,135,13105.539
2024-08-25 12:18:13,SOLUSDT,ask,240,5769.241
2024-08-25 12:18:31,SOLUSDT,ask,165,17249.188
2024-08-25 12:18:36,SOLUSDT,bid,150,6911.152
2024-08-25 12:18:47,SOLUSDT,ask,165,17239.198
2024-08-25 12:18:54,SOLUSDT,ask,185,18356.932
2024-08-25 12:18:54,SOLUSDT,bid,120,35519.844
2024-08-25 12:18:54,SOLUSDT,ask,185,18456.932
2024-08-25 12:18:59,SOLUSDT,bid,150,6912.818
2024-08-25 12:19:00,SOLUSDT,bid,150,6901.199
2024-08-25 12:19:08,SOLUSDT,ask,165,17238.895
2024-08-25 12:19:08,SOLUSDT,ask,170,14833.611
2024-08-25 12:19:24,SOLUSDT,ask,180,21280.118
2024-08-25 12:19:25,SOLUSDT,ask,185,18457.27
2024-08-25 12:20:07,SOLUSDT,ask,165,17238.946
2024-08-25 12:20:16,SOLUSDT,ask,170,14833.576
2024-08-25 12:20:27,SOLUSDT,bid,125,14494.85
2024-08-25 12:20:42,SOLUSDT,ask,165,17238.584
2024-08-25 12:20:46,SOLUSDT,bid,140,8918.437
2024-08-25 12:21:09,SOLUSDT,ask,172,6534.235
2024-08-25 12:21:19,SOLUSDT,bid,125,14493.584
2024-08-25 12:21:28,SOLUSDT,ask,172,6534.153
2024-08-25 12:21:34,SOLUSDT,bid,150,6887.586
2024-08-25 12:22:10,SOLUSDT,bid,130,10999.308
2024-08-25 12:22:22,SOLUSDT,ask,180,21277.592
2024-08-25 12:22:24,SOLUSDT,ask,165,17239.288
2024-08-25 12:22:34,SOLUSDT,ask,165,17238.584
2024-08-25 12:22:54,SOLUSDT,bid,120,35519.678
2024-08-25 12:23:15,SOLUSDT,ask,175,9336.356
2024-08-25 12:23:26,SOLUSDT,ask,169,8120.137
2024-08-25 12:23:31,SOLUSDT,ask,170,14833.9
2024-08-25 12:23:33,SOLUSDT,bid,147,34183.349
2024-08-25 12:23:43,SOLUSDT,bid,147,34183.269
2024-08-25 12:24:15,SOLUSDT,bid,130,11202.031
2024-08-25 12:24:20,SOLUSDT,bid,130,11202.107
2024-08-25 12:24:34,SOLUSDT,ask,185,18455.27
2024-08-25 12:24:38,SOLUSDT,ask,170,14833.524
2024-08-25 12:24:52,SOLUSDT,ask,180,21279.592
2024-08-25 12:26:29,SOLUSDT,ask,193,5901.199
2024-08-25 12:26:31,SOLUSDT,bid,120,34519.678
2024-08-25 12:26:34,SOLUSDT,ask,197,13119.126
2024-08-25 12:26:41,SOLUSDT,bid,140,8911.294
2024-08-25 12:26:53,SOLUSDT,ask,197,13117.882
2024-08-25 12:27:09,SOLUSDT,bid,130,11201.107
2024-08-25 12:27:53,SOLUSDT,bid,130,10998.384
2024-08-25 12:28:11,SOLUSDT,ask,180,20779.592
2024-08-25 12:28:28,SOLUSDT,ask,185,18454.932
2024-08-25 12:28:30,SOLUSDT,ask,197,13119.139
2024-08-25 12:28:31,SOLUSDT,ask,197,13117.882
2024-08-25 12:28:55,SOLUSDT,bid,150,6874.2
2024-08-25 12:28:59,SOLUSDT,ask,170,14833.562
2024-08-25 12:29:00,SOLUSDT,ask,165,17238.622
2024-08-25 12:29:04,SOLUSDT,bid,150,6874.238
2024-08-25 12:29:22,SOLUSDT,bid,125,14494.12
2024-08-25 12:30:04,SOLUSDT,ask,172,6534.237
2024-08-25 12:30:23,SOLUSDT,ask,172,6534.153
2024-08-25 12:30:37,SOLUSDT,ask,170,14827.568
2024-08-25 12:30:47,SOLUSDT,ask,185,18453.931
2024-08-25 12:30:55,SOLUSDT,ask,165,17241.528
2024-08-25 12:31:03,SOLUSDT,ask,170,14827.633
2024-08-25 12:31:13,SOLUSDT,ask,170,14827.568
2024-08-25 12:31:30,SOLUSDT,ask,180,20788.814
2024-08-25 12:31:52,SOLUSDT,ask,175,9336.402
2024-08-25 12:31:53,SOLUSDT,ask,185,18454.471
2024-08-25 12:31:55,SOLUSDT,bid,115,17003.641
2024-08-25 12:31:55,SOLUSDT,bid,95,14066.119
2024-08-25 12:32:03,SOLUSDT,bid,100,24149.62
2024-08-25 12:32:07,SOLUSDT,bid,140,8910.037
2024-08-25 12:32:19,SOLUSDT,ask,165,17181.528
2024-08-25 12:32:23,SOLUSDT,bid,140,8913.657
2024-08-25 12:32:34,SOLUSDT,bid,150,6874.175
2024-08-25 12:32:35,SOLUSDT,ask,170,14826.632
2024-08-25 12:32:54,SOLUSDT,bid,147,34183.363
2024-08-25 12:32:55,SOLUSDT,ask,193,5929.593
2024-08-25 12:32:55,SOLUSDT,ask,200,64581.028
2024-08-25 12:32:55,SOLUSDT,ask,165,17168.477
2024-08-25 12:32:56,SOLUSDT,bid,150,6880.841
2024-08-25 12:33:09,SOLUSDT,bid,147,34183.269
2024-08-25 12:33:38,SOLUSDT,ask,193,5901.199
2024-08-25 12:33:38,SOLUSDT,ask,200,64609.422
2024-08-25 12:34:15,SOLUSDT,ask,167,9819.087
2024-08-25 12:34:21,SOLUSDT,bid,150,6870.251
2024-08-25 12:34:49,SOLUSDT,ask,175,10046.873
2024-08-25 12:34:55,SOLUSDT,bid,150,6922.158
2024-08-25 12:35:16,SOLUSDT,ask,165,17168.374
2024-08-25 12:35:32,SOLUSDT,ask,165,17168.459
2024-08-25 12:35:36,SOLUSDT,ask,165,17166.459
2024-08-25 12:35:50,SOLUSDT,ask,169,8120.24
2024-08-25 12:35:57,SOLUSDT,bid,140,8915.113
2024-08-25 12:36:03,SOLUSDT,ask,165,17166.365
2024-08-25 12:36:12,SOLUSDT,ask,165,17823.24
2024-08-25 12:36:23,SOLUSDT,bid,148,34190.112
2024-08-25 12:36:33,SOLUSDT,bid,148,34190.031
2024-08-25 12:36:45,SOLUSDT,bid,140,8914.453
2024-08-25 12:36:50,SOLUSDT,bid,111,12354.157
2024-08-25 12:37:22,SOLUSDT,ask,185,18450.717
2024-08-25 12:37:40,SOLUSDT,ask,165,17813.422
2024-08-25 12:37:43,SOLUSDT,ask,165,17803.422
2024-08-25 12:37:51,SOLUSDT,bid,135,13121.444
2024-08-25 12:37:58,SOLUSDT,bid,125,14502.709
2024-08-25 12:38:06,SOLUSDT,bid,115,17012.977
2024-08-25 12:38:17,SOLUSDT,ask,165,17802.758
2024-08-25 12:38:36,SOLUSDT,ask,165,17819.719
2024-08-25 12:38:41,SOLUSDT,bid,150,6921.132
2024-08-25 12:38:43,SOLUSDT,ask,165,17819.669
2024-08-25 12:38:43,SOLUSDT,ask,170,14826.582
2024-08-25 12:38:43,SOLUSDT,ask,180,20788.764
2024-08-25 12:38:43,SOLUSDT,ask,185,18450.667
2024-08-25 12:38:51,SOLUSDT,ask,240,5769.301
2024-08-25 12:39:25,SOLUSDT,ask,165,17819.703
2024-08-25 12:39:35,SOLUSDT,bid,130,11000.691
2024-08-25 12:41:07,SOLUSDT,bid,130,11000.154
2024-08-25 12:41:14,SOLUSDT,bid,150,6920.637
2024-08-25 12:41:25,SOLUSDT,ask,165,17824.162
2024-08-25 12:41:35,SOLUSDT,ask,185,18433.053
2024-08-25 12:41:39,SOLUSDT,bid,140,8914.852
2024-08-25 12:41:41,SOLUSDT,ask,200,64607.422
2024-08-25 12:41:43,SOLUSDT,ask,165,17824.403
2024-08-25 12:41:43,SOLUSDT,ask,185,18427.909
2024-08-25 12:42:02,SOLUSDT,ask,167,9815.615
2024-08-25 12:42:06,SOLUSDT,ask,185,18427.854
2024-08-25 12:42:13,SOLUSDT,ask,172,6534.237
2024-08-25 12:42:33,SOLUSDT,ask,172,6534.153
2024-08-25 12:42:52,SOLUSDT,bid,120,34507.577
2024-08-25 12:43:19,SOLUSDT,bid,150,6920.88
2024-08-25 12:44:08,SOLUSDT,ask,190,23235.385
2024-08-25 12:44:18,SOLUSDT,bid,140,8914.78
2024-08-25 12:44:48,SOLUSDT,bid,150,6940.88
2024-08-25 12:44:52,SOLUSDT,ask,200,64609.422
2024-08-25 12:44:56,SOLUSDT,bid,135,13119.444
2024-08-25 12:45:07,SOLUSDT,ask,185,18429.854
2024-08-25 12:45:16,SOLUSDT,ask,193,5899.564
2024-08-25 12:45:20,SOLUSDT,bid,110,20038.581
2024-08-25 12:45:41,SOLUSDT,bid,130,11000.23
2024-08-25 12:45:56,SOLUSDT,bid,120,34507.736
2024-08-25 12:45:57,SOLUSDT,ask,169,8120.316
2024-08-25 12:46:02,SOLUSDT,ask,169,8120.24
2024-08-25 12:46:23,SOLUSDT,bid,150,6941.375
2024-08-25 12:47:19,SOLUSDT,ask,240,5769.358
2024-08-25 12:47:19,SOLUSDT,ask,180,20782.276
2024-08-25 12:48:17,SOLUSDT,bid,150,6940.828
2024-08-25 12:48:27,SOLUSDT,bid,130,11000.999
2024-08-25 12:48:32,SOLUSDT,ask,165,17388.366
2024-08-25 12:48:35,SOLUSDT,ask,169,8120.307
2024-08-25 12:48:45,SOLUSDT,ask,169,8120.24
2024-08-25 12:49:20,SOLUSDT,ask,400,5063.352
2024-08-25 12:49:24,SOLUSDT,ask,165,17373.366
2024-08-25 12:49:33,SOLUSDT,ask,180,20782.319
2024-08-25 12:49:33,SOLUSDT,ask,190,23235.342
2024-08-25 12:49:40,SOLUSDT,ask,210,24628.924
2024-08-25 12:49:46,SOLUSDT,bid,95,14066.119
2024-08-25 12:49:50,SOLUSDT,ask,169,8120.316
2024-08-25 12:49:53,SOLUSDT,bid,150,6883.828
2024-08-25 12:50:05,SOLUSDT,ask,169,8120.24
2024-08-25 12:50:10,SOLUSDT,bid,95,14066.435
2024-08-25 12:50:10,SOLUSDT,bid,95,14066.119
2024-08-25 12:50:20,SOLUSDT,ask,175,10046.962
2024-08-25 12:50:39,SOLUSDT,bid,120,34503.57
2024-08-25 12:50:47,SOLUSDT,ask,175,10046.873
2024-08-25 12:51:01,SOLUSDT,ask,200,64611.131
2024-08-25 12:51:12,SOLUSDT,ask,165,17372.357
2024-08-25 12:51:24,SOLUSDT,bid,120,34498.771
2024-08-25 12:51:27,SOLUSDT,ask,190,23225.342
2024-08-25 12:51:46,SOLUSDT,ask,165,17572.942
2024-08-25 12:51:49,SOLUSDT,bid,110,20034.581
2024-08-25 12:51:50,SOLUSDT,ask,175,10046.961
2024-08-25 12:51:54,SOLUSDT,ask,175,10047.042
2024-08-25 12:52:17,SOLUSDT,bid,95,14066.119
2024-08-25 12:52:17,SOLUSDT,ask,165,17576.938
2024-08-25 12:52:18,SOLUSDT,ask,175,10046.954
2024-08-25 12:52:25,SOLUSDT,bid,147,34183.344
2024-08-25 12:52:35,SOLUSDT,bid,147,34183.269
2024-08-25 12:53:36,SOLUSDT,ask,185,18431.384
2024-08-25 12:53:40,SOLUSDT,ask,180,20782.104
2024-08-25 12:54:15,SOLUSDT,bid,150,6831.921
2024-08-25 12:54:34,SOLUSDT,ask,165,17575.938
2024-08-25 12:55:08,SOLUSDT,bid,147,34183.35
2024-08-25 12:55:13,SOLUSDT,bid,147,34183.269
2024-08-25 12:55:14,SOLUSDT,ask,165,17575.211
2024-08-25 12:55:35,SOLUSDT,bid,110,20045.301
2024-08-25 12:55:51,SOLUSDT,bid,150,6882.495
2024-08-25 12:56:06,SOLUSDT,bid,120,34473.502
2024-08-25 12:56:20,SOLUSDT,ask,175,10045.955
2024-08-25 12:56:20,SOLUSDT,ask,165,17574.211
2024-08-25 12:56:59,SOLUSDT,bid,148,34190.116
2024-08-25 12:57:09,SOLUSDT,bid,148,34190.031
2024-08-25 12:57:27,SOLUSDT,ask,165,17577.697
2024-08-25 12:57:32,SOLUSDT,bid,100,24146.763
2024-08-25 12:57:41,SOLUSDT,bid,125,14494.709
2024-08-25 12:57:42,SOLUSDT,bid,130,10993.307
2024-08-25 12:57:43,SOLUSDT,bid,135,13112.037
2024-08-25 12:58:02,SOLUSDT,bid,150,6883.242
2024-08-25 12:58:05,SOLUSDT,ask,165,17580.697
2024-08-25 12:58:37,SOLUSDT,bid,115,17013.988
2024-08-25 12:58:50,SOLUSDT,bid,150,6884.119
2024-08-25 12:59:01,SOLUSDT,bid,150,6883.869
2024-08-25 12:59:13,SOLUSDT,bid,150,6884.019
2024-08-25 12:59:20,SOLUSDT,ask,165,17380.112
2024-08-25 12:59:24,SOLUSDT,ask,175,10045.366
2024-08-25 12:59:41,SOLUSDT,bid,140,8904.78
2024-08-25 12:59:46,SOLUSDT,ask,180,20791.924
2024-08-25 12:59:46,SOLUSDT,bid,100,24151.763
2024-08-25 12:59:47,SOLUSDT,ask,165,17381.091
2024-08-25 13:00:27,SOLUSDT,ask,170,14831.726
2024-08-25 13:00:30,SOLUSDT,bid,148,34190.114
2024-08-25 13:00:44,SOLUSDT,ask,185,18433.362
2024-08-25 13:00:45,SOLUSDT,bid,148,34190.031
2024-08-25 13:00:47,SOLUSDT,bid,150,6883.387
2024-08-25 13:00:53,SOLUSDT,bid,135,13112.777
2024-08-25 13:01:10,SOLUSDT,ask,165,17069.654
2024-08-25 13:01:14,SOLUSDT,ask,175,10046.159
2024-08-25 13:01:20,SOLUSDT,ask,165,17067.654
2024-08-25 13:01:20,SOLUSDT,ask,170,14827.726
2024-08-25 13:01:29,SOLUSDT,bid,148,34190.113
2024-08-25 13:01:31,SOLUSDT,bid,95,14066.119
2024-08-25 13:01:32,SOLUSDT,ask,167,9815.693
2024-08-25 13:01:34,SOLUSDT,bid,148,34190.031
2024-08-25 13:01:35,SOLUSDT,ask,170,14827.809
2024-08-25 13:01:36,SOLUSDT,ask,180,20789.924
2024-08-25 13:01:40,SOLUSDT,bid,140,8904.035
2024-08-25 13:01:43,SOLUSDT,ask,167,9815.615
2024-08-25 13:01:55,SOLUSDT,ask,170,14827.726
2024-08-25 13:02:14,SOLUSDT,bid,150,7083.387
2024-08-25 13:02:18,SOLUSDT,bid,120,34470.786
2024-08-25 13:02:33,SOLUSDT,ask,190,23220.299
2024-08-25 13:02:37,SOLUSDT,bid,120,34470.318
2024-08-25 13:02:51,SOLUSDT,bid,140,8909.035
2024-08-25 13:02:51,SOLUSDT,bid,130,10988.307
2024-08-25 13:02:54,SOLUSDT,ask,170,14727.726
2024-08-25 13:03:08,SOLUSDT,ask,240,5769.388
2024-08-25 13:03:20,SOLUSDT,ask,170,14725.134
2024-08-25 13:03:35,SOLUSDT,bid,140,8909.494
2024-08-25 13:03:43,SOLUSDT,ask,165,16995.354
2024-08-25 13:04:01,SOLUSDT,ask,165,16992.927
2024-08-25 13:04:01,SOLUSDT,bid,110,20044.847
2024-08-25 13:04:04,SOLUSDT,bid,135,13112.51
2024-08-25 13:04:04,SOLUSDT,ask,165,16995.522
2024-08-25 13:04:39,SOLUSDT,ask,180,20790.04
2024-08-25 13:05:15,SOLUSDT,ask,240,5769.358
2024-08-25 13:05:44,SOLUSDT,ask,170,14724.579
2024-08-25 13:05:45,SOLUSDT,ask,175,10045.603
2024-08-25 13:06:00,SOLUSDT,ask,180,20788.04
2024-08-25 13:06:17,SOLUSDT,bid,111,12358.688
2024-08-25 13:06:22,SOLUSDT,bid,140,8903.066
2024-08-25 13:06:30,SOLUSDT,ask,170,14725.579
2024-08-25 13:06:41,SOLUSDT,ask,175,10046.603
2024-08-25 13:06:46,SOLUSDT,ask,170,14725.696
2024-08-25 13:06:48,SOLUSDT,bid,150,7083.504
2024-08-25 13:07:00,SOLUSDT,ask,200,64609.976
2024-08-25 13:07:11,SOLUSDT,ask,175,10045.604
2024-08-25 13:07:29,SOLUSDT,ask,190,23217.154
2024-08-25 13:07:29,SOLUSDT,ask,230,6690.453
2024-08-25 13:07:37,SOLUSDT,bid,150,7084.626
2024-08-25 13:07:49,SOLUSDT,ask,165,16993.822
2024-08-25 13:08:28,SOLUSDT,ask,190,23215.004
2024-08-25 13:08:29,SOLUSDT,bid,150,7084.025
2024-08-25 13:08:36,SOLUSDT,ask,185,18435.512
2024-08-25 13:08:50,SOLUSDT,ask,220,14883.886
2024-08-25 13:08:56,SOLUSDT,bid,140,8895.391
2024-08-25 13:08:59,SOLUSDT,bid,150,7038.806
2024-08-25 13:09:10,SOLUSDT,ask,165,16992.871
2024-08-25 13:09:27,SOLUSDT,ask,200,64609.833
2024-08-25 13:09:46,SOLUSDT,ask,170,14724.687
2024-08-25 13:09:59,SOLUSDT,bid,150,7039.806
2024-08-25 13:10:27,SOLUSDT,bid,140,8897.081
2024-08-25 13:11:23,SOLUSDT,bid,150,7042.084
2024-08-25 13:11:47,SOLUSDT,ask,170,14719.543
2024-08-25 13:11:55,SOLUSDT,ask,180,20783.802
2024-08-25 13:11:56,SOLUSDT,ask,210,24625.736
2024-08-25 13:12:09,SOLUSDT,bid,100,24131.642
2024-08-25 13:12:27,SOLUSDT,ask,200,64607.833
2024-08-25 13:12:38,SOLUSDT,bid,140,8898.081
2024-08-25 13:12:48,SOLUSDT,bid,150,7042.75
2024-08-25 13:13:11,SOLUSDT,bid,120,34473.159
2024-08-25 13:13:12,SOLUSDT,ask,165,16967.871
2024-08-25 13:13:25,SOLUSDT,ask,165,16968.477
2024-08-25 13:13:25,SOLUSDT,ask,180,20791.561
2024-08-25 13:13:37,SOLUSDT,ask,170,14719.61
2024-08-25 13:13:42,SOLUSDT,ask,170,14719.543
2024-08-25 13:13:43,SOLUSDT,bid,135,13123.974
2024-08-25 13:14:01,SOLUSDT,ask,165,16963.251
2024-08-25 13:14:02,SOLUSDT,bid,140,8895.137
2024-08-25 13:14:04,SOLUSDT,bid,150,7037.75
2024-08-25 13:14:29,SOLUSDT,bid,125,14495.99
2024-08-25 13:14:40,SOLUSDT,bid,147,34183.353
2024-08-25 13:14:41,SOLUSDT,bid,110,20034.127
2024-08-25 13:14:45,SOLUSDT,bid,147,34183.269
2024-08-25 13:15:21,SOLUSDT,ask,250,18614.466
2024-08-25 13:15:23,SOLUSDT,bid,135,13511.819
2024-08-25 13:15:33,SOLUSDT,ask,260,7406.729
2024-08-25 13:15:36,SOLUSDT,ask,190,23214.937
2024-08-25 13:15:47,SOLUSDT,bid,115,17015.147
2024-08-25 13:16:10,SOLUSDT,bid,150,7039.411
2024-08-25 13:16:33,SOLUSDT,bid,150,7052.01
2024-08-25 13:16:44,SOLUSDT,bid,115,17006.012
2024-08-25 13:16:55,SOLUSDT,ask,167,9815.682
2024-08-25 13:17:00,SOLUSDT,ask,167,9815.615
2024-08-25 13:17:29,SOLUSDT,bid,147,34183.357
2024-08-25 13:17:30,SOLUSDT,ask,165,16963.052
2024-08-25 13:17:40,SOLUSDT,ask,185,18431.508
2024-08-25 13:17:44,SOLUSDT,bid,147,34183.269
2024-08-25 13:17:59,SOLUSDT,ask,175,9945.604
2024-08-25 13:18:03,SOLUSDT,ask,169,8120.311
2024-08-25 13:18:12,SOLUSDT,ask,169,8120.24
2024-08-25 13:18:15,SOLUSDT,ask,175,9945.476
2024-08-25 13:18:28,SOLUSDT,ask,182,7523.027
2024-08-25 13:18:33,SOLUSDT,ask,182,7523.375
2024-08-25 13:18:34,SOLUSDT,ask,172,6534.238
2024-08-25 13:18:39,SOLUSDT,ask,165,16968.052
2024-08-25 13:18:48,SOLUSDT,bid,140,8895.193
2024-08-25 13:18:54,SOLUSDT,ask,172,6534.153
2024-08-25 13:19:35,SOLUSDT,ask,260,7406.709
2024-08-25 13:19:36,SOLUSDT,bid,150,7052.35
2024-08-25 13:19:52,SOLUSDT,ask,250,18614.445
2024-08-25 13:19:53,SOLUSDT,bid,150,7050.332
2024-08-25 13:19:54,SOLUSDT,ask,245,9172.914
2024-08-25 13:19:55,SOLUSDT,ask,240,5769.336
2024-08-25 13:20:10,SOLUSDT,bid,150,7050.664
2024-08-25 13:20:23,SOLUSDT,bid,150,7051.664
2024-08-25 13:20:26,SOLUSDT,bid,150,7051.332
2024-08-25 13:20:29,SOLUSDT,bid,150,7053.35
2024-08-25 13:20:31,SOLUSDT,ask,190,23214.506
2024-08-25 13:20:50,SOLUSDT,bid,140,8896.193
2024-08-25 13:20:53,SOLUSDT,bid,130,10988.268
2024-08-25 13:20:53,SOLUSDT,ask,180,20791.522
2024-08-25 13:21:01,SOLUSDT,ask,172,6534.244
2024-08-25 13:21:10,SOLUSDT,ask,165,16967.053
2024-08-25 13:21:17,SOLUSDT,ask,195,11909.902
2024-08-25 13:21:18,SOLUSDT,ask,220,14883.862
2024-08-25 13:21:27,SOLUSDT,bid,140,8924.526
2024-08-25 13:21:29,SOLUSDT,ask,172,6534.153
2024-08-25 13:21:38,SOLUSDT,ask,165,16966.963
2024-08-25 13:21:54,SOLUSDT,ask,190,23209.256
2024-08-25 13:21:59,SOLUSDT,ask,193,5897.652
2024-08-25 13:22:00,SOLUSDT,ask,170,14720.543
2024-08-25 13:22:06,SOLUSDT,bid,140,8928.987
2024-08-25 13:22:15,SOLUSDT,bid,140,8924.526
2024-08-25 13:22:28,SOLUSDT,bid,140,8923.526
2024-08-25 13:22:43,SOLUSDT,bid,125,14495.845
2024-08-25 13:22:43,SOLUSDT,ask,188,13294.321
2024-08-25 13:22:45,SOLUSDT,bid,140,8925.756
2024-08-25 13:23:18,SOLUSDT,ask,200,64606.983
2024-08-25 13:23:28,SOLUSDT,bid,130,10990.07
2024-08-25 13:23:34,SOLUSDT,bid,120,34476.087
2024-08-25 13:24:24,SOLUSDT,bid,140,8925.72
2024-08-25 13:24:36,SOLUSDT,bid,140,8921.996
2024-08-25 13:24:54,SOLUSDT,ask,165,16966.902
2024-08-25 13:24:54,SOLUSDT,ask,170,14720.495
2024-08-25 13:24:54,SOLUSDT,ask,175,9945.437
2024-08-25 13:24:54,SOLUSDT,ask,180,20791.468
2024-08-25 13:24:54,SOLUSDT,ask,190,23209.229
2024-08-25 13:24:54,SOLUSDT,ask,200,64606.956
2024-08-25 13:25:04,SOLUSDT,bid,140,8847.679
2024-08-25 13:25:06,SOLUSDT,ask,170,14724.508
2024-08-25 13:25:06,SOLUSDT,ask,175,9941.424
2024-08-25 13:25:25,SOLUSDT,ask,175,10082.021
2024-08-25 13:25:25,SOLUSDT,ask,169,8119.24
2024-08-25 13:25:27,SOLUSDT,ask,200,64606.666
2024-08-25 13:26:08,SOLUSDT,ask,170,14724.574
2024-08-25 13:26:10,SOLUSDT,bid,130,10990.454
2024-08-25 13:26:13,SOLUSDT,ask,170,14724.508
2024-08-25 13:26:22,SOLUSDT,bid,135,13511.967
2024-08-25 13:26:48,SOLUSDT,ask,165,16976.902
2024-08-25 13:26:58,SOLUSDT,bid,120,34475.087
2024-08-25 13:27:31,SOLUSDT,ask,190,23208.116
2024-08-25 13:28:27,SOLUSDT,bid,110,20029.582
2024-08-25 13:28:27,SOLUSDT,bid,100,24126.642
2024-08-25 13:28:56,SOLUSDT,bid,140,8848.056
2024-08-25 13:29:05,SOLUSDT,ask,180,20789.384
2024-08-25 13:29:06,SOLUSDT,ask,180,20789.315
2024-08-25 13:29:10,SOLUSDT,ask,165,16973.493
2024-08-25 13:29:26,SOLUSDT,ask,175,10072.397
2024-08-25 13:29:51,SOLUSDT,ask,175,10072.486
2024-08-25 13:30:02,SOLUSDT,ask,165,16943.961
2024-08-25 13:30:05,SOLUSDT,ask,175,10042.954
2024-08-25 13:30:15,SOLUSDT,ask,175,10042.865
2024-08-25 13:30:15,SOLUSDT,ask,167,9844.615
2024-08-25 13:30:44,SOLUSDT,ask,170,14723.621
2024-08-25 13:31:09,SOLUSDT,ask,193,5894.387
2024-08-25 13:31:14,SOLUSDT,ask,165,16945.647
2024-08-25 13:31:32,SOLUSDT,ask,180,20789.281
2024-08-25 13:31:38,SOLUSDT,ask,180,20789.094
2024-08-25 13:31:41,SOLUSDT,ask,185,18430.76
2024-08-25 13:31:52,SOLUSDT,bid,140,8846.627
2024-08-25 13:31:57,SOLUSDT,ask,180,20788.742
2024-08-25 13:32:03,SOLUSDT,bid,120,34476.087
2024-08-25 13:32:04,SOLUSDT,ask,182,7522.523
2024-08-25 13:32:24,SOLUSDT,ask,165,16920.634
2024-08-25 13:32:26,SOLUSDT,ask,185,18390.794
2024-08-25 13:32:27,SOLUSDT,bid,120,34475.087
2024-08-25 13:32:41,SOLUSDT,ask,165,16920.28
2024-08-25 13:32:58,SOLUSDT,ask,182,7522.698
2024-08-25 13:33:28,SOLUSDT,ask,170,14739.842
2024-08-25 13:33:45,SOLUSDT,ask,167,9844.688
2024-08-25 13:33:50,SOLUSDT,ask,167,9844.615
2024-08-25 13:34:07,SOLUSDT,bid,140,8845.245
2024-08-25 13:34:48,SOLUSDT,ask,185,18390.224
2024-08-25 13:35:02,SOLUSDT,bid,133,9171.985
2024-08-25 13:35:15,SOLUSDT,bid,125,14500.845
2024-08-25 13:35:15,SOLUSDT,ask,165,16920.24
2024-08-25 13:35:29,SOLUSDT,bid,125,14499.564
2024-08-25 13:36:20,SOLUSDT,bid,140,8845.387
2024-08-25 13:36:21,SOLUSDT,ask,165,16919.88
2024-08-25 13:36:22,SOLUSDT,ask,165,16929.88
2024-08-25 13:37:02,SOLUSDT,bid,140,8845.51
2024-08-25 13:37:08,SOLUSDT,ask,165,16928.881
2024-08-25 13:37:27,SOLUSDT,bid,148,34189.031
2024-08-25 13:37:33,SOLUSDT,ask,165,17000.881
2024-08-25 13:38:07,SOLUSDT,ask,200,64559.542
2024-08-25 13:38:11,SOLUSDT,ask,190,23192.408
2024-08-25 13:38:13,SOLUSDT,ask,180,20767.799
2024-08-25 13:38:14,SOLUSDT,ask,170,14711.918
2024-08-25 13:38:19,SOLUSDT,ask,165,17005.121
2024-08-25 13:38:36,SOLUSDT,bid,140,8844.082
2024-08-25 13:38:57,SOLUSDT,bid,135,13512.707
2024-08-25 13:39:33,SOLUSDT,ask,182,7521.699
2024-08-25 13:39:39,SOLUSDT,ask,167,9844.685
2024-08-25 13:39:40,SOLUSDT,bid,110,19929.582
2024-08-25 13:39:51,SOLUSDT,ask,200,64551.543
2024-08-25 13:39:51,SOLUSDT,ask,260,7414.708
2024-08-25 13:39:54,SOLUSDT,ask,167,9844.615
2024-08-25 13:40:30,SOLUSDT,ask,200,64539.084
2024-08-25 13:40:51,SOLUSDT,ask,260,7427.167
2024-08-25 13:41:24,SOLUSDT,ask,180,20765.354
2024-08-25 13:41:33,SOLUSDT,bid,140,8815.482
2024-08-25 13:41:48,SOLUSDT,ask,200,64538.396
2024-08-25 13:41:57,SOLUSDT,bid,140,8815.582
2024-08-25 13:42:02,SOLUSDT,bid,130,10990.554
2024-08-25 13:42:11,SOLUSDT,ask,188,13325.385
2024-08-25 13:42:22,SOLUSDT,bid,130,10990.454
2024-08-25 13:42:24,SOLUSDT,bid,140,8815.482
2024-08-25 13:43:04,SOLUSDT,ask,200,64539.084
2024-08-25 13:43:31,SOLUSDT,ask,165,17025.101
2024-08-25 13:43:31,SOLUSDT,ask,180,20765.669
2024-08-25 13:43:37,SOLUSDT,ask,165,16870.415
2024-08-25 13:43:37,SOLUSDT,ask,165,16870.379
2024-08-25 13:44:20,SOLUSDT,ask,175,10041.866
2024-08-25 13:44:42,SOLUSDT,ask,165,16870.126
2024-08-25 13:45:06,SOLUSDT,ask,180,20758.182
2024-08-25 13:45:25,SOLUSDT,ask,169,8118.756
2024-08-25 13:45:40,SOLUSDT,bid,140,8815.444
2024-08-25 13:45:44,SOLUSDT,bid,140,8811.873
2024-08-25 13:45:51,SOLUSDT,ask,180,20765.669
2024-08-25 13:46:11,SOLUSDT,ask,165,16882.745
2024-08-25 13:46:16,SOLUSDT,bid,130,10990.275
2024-08-25 13:46:47,SOLUSDT,bid,135,13512.357
2024-08-25 13:46:50,SOLUSDT,bid,140,8811.673
2024-08-25 13:46:58,SOLUSDT,bid,147,34183.347
2024-08-25 13:47:08,SOLUSDT,bid,147,34183.269
2024-08-25 13:47:31,SOLUSDT,bid,140,8891.673
2024-08-25 13:47:50,SOLUSDT,ask,165,16882.449
2024-08-25 13:48:17,SOLUSDT,bid,110,19929.722
2024-08-25 13:48:51,SOLUSDT,ask,167,9842.623
2024-08-25 13:48:55,SOLUSDT,ask,170,14711.645
2024-08-25 13:49:06,SOLUSDT,bid,148,34189.107
2024-08-25 13:49:16,SOLUSDT,bid,148,34189.031
2024-08-25 13:49:56,SOLUSDT,bid,110,19929.45
2024-08-25 13:50:37,SOLUSDT,ask,180,20765.354
2024-08-25 13:51:11,SOLUSDT,ask,175,10041.95
2024-08-25 13:51:13,SOLUSDT,bid,135,13511.987
2024-08-25 13:51:30,SOLUSDT,ask,175,10041.866
2024-08-25 13:51:59,SOLUSDT,ask,210,24625.787
2024-08-25 13:51:59,SOLUSDT,ask,190,23193.121
2024-08-25 13:52:00,SOLUSDT,ask,197,13117.936
2024-08-25 13:52:28,SOLUSDT,ask,170,14726.145
2024-08-25 13:53:02,SOLUSDT,ask,165,16857.942
2024-08-25 13:53:12,SOLUSDT,ask,165,16849.913
2024-08-25 13:53:19,SOLUSDT,bid,140,8892.673
2024-08-25 13:53:35,SOLUSDT,ask,165,16851.913
2024-08-25 13:53:41,SOLUSDT,bid,140,8915.516
2024-08-25 13:54:13,SOLUSDT,ask,185,18491.031
2024-08-25 13:54:21,SOLUSDT,ask,190,23192.963
2024-08-25 13:54:24,SOLUSDT,bid,130,10990.208
2024-08-25 13:54:26,SOLUSDT,ask,180,20765.231
2024-08-25 13:54:27,SOLUSDT,ask,198,5468.654
2024-08-25 13:54:33,SOLUSDT,ask,165,16850.914
2024-08-25 13:54:36,SOLUSDT,ask,200,64538.084
2024-08-25 13:54:41,SOLUSDT,ask,165,16850.711
2024-08-25 13:54:46,SOLUSDT,ask,175,10040.866
2024-08-25 13:54:51,SOLUSDT,ask,210,24621.138
2024-08-25 13:54:52,SOLUSDT,ask,165,16844.413
2024-08-25 13:54:54,SOLUSDT,ask,169,8097.986
2024-08-25 13:55:32,SOLUSDT,bid,125,14498.564
2024-08-25 13:55:34,SOLUSDT,ask,165,16834.423
2024-08-25 13:55:55,SOLUSDT,ask,190,23193.271
2024-08-25 13:55:58,SOLUSDT,ask,165,16834.465
2024-08-25 13:56:07,SOLUSDT,bid,147,34183.347
2024-08-25 13:56:09,SOLUSDT,ask,167,9685.633
2024-08-25 13:56:15,SOLUSDT,ask,165,16833.465
2024-08-25 13:56:17,SOLUSDT,bid,147,34183.269
2024-08-25 13:56:21,SOLUSDT,ask,185,18490.491
2024-08-25 13:57:16,SOLUSDT,ask,172,6534.237
2024-08-25 13:57:31,SOLUSDT,ask,180,20760.731
2024-08-25 13:57:35,SOLUSDT,ask,172,6534.153
2024-08-25 13:57:37,SOLUSDT,ask,167,9685.71
2024-08-25 13:57:45,SOLUSDT,bid,140,8927.144
2024-08-25 13:57:47,SOLUSDT,ask,167,9685.633
2024-08-25 13:58:02,SOLUSDT,ask,165,16832.308
2024-08-25 13:58:15,SOLUSDT,ask,169,8098.059
2024-08-25 13:58:25,SOLUSDT,ask,165,16818.899
2024-08-25 13:58:25,SOLUSDT,ask,169,8097.986
2024-08-25 13:58:30,SOLUSDT,ask,200,64537.282
2024-08-25 13:58:49,SOLUSDT,ask,185,18490.418
2024-08-25 13:58:57,SOLUSDT,ask,165,16821.399
2024-08-25 13:58:58,SOLUSDT,ask,165,16802.217
2024-08-25 13:59:06,SOLUSDT,ask,200,64537.682
2024-08-25 13:59:28,SOLUSDT,ask,167,9685.704
2024-08-25 13:59:43,SOLUSDT,ask,167,9685.633
2024-08-25 13:59:43,SOLUSDT,bid,140,8928.572
2024-08-25 13:59:51,SOLUSDT,ask,180,20754.257
2024-08-25 13:59:57,SOLUSDT,bid,140,8929.578
2024-08-25 14:00:26,SOLUSDT,ask,170,14725.656
2024-08-25 14:00:28,SOLUSDT,ask,185,18489.928
2024-08-25 14:00:45,SOLUSDT,ask,165,16802.708
2024-08-25 14:00:47,SOLUSDT,bid,110,19919.45
2024-08-25 14:00:56,SOLUSDT,ask,180,20752.679
2024-08-25 14:01:10,SOLUSDT,ask,191,5913.591
2024-08-25 14:01:24,SOLUSDT,ask,190,23193.184
2024-08-25 14:01:53,SOLUSDT,ask,180,20752.112
2024-08-25 14:02:05,SOLUSDT,ask,190,23192.182
2024-08-25 14:02:11,SOLUSDT,ask,165,16802.672
2024-08-25 14:02:45,SOLUSDT,ask,165,16802.555
2024-08-25 14:02:57,SOLUSDT,ask,165,16802.655
2024-08-25 14:03:10,SOLUSDT,ask,190,23190.927
2024-08-25 14:03:11,SOLUSDT,ask,175,10040.066
2024-08-25 14:03:46,SOLUSDT,ask,165,16799.069
2024-08-25 14:03:58,SOLUSDT,bid,131,8414.283
2024-08-25 14:03:58,SOLUSDT,bid,95,14065.977
2024-08-25 14:03:58,SOLUSDT,bid,120,34474.945
2024-08-25 14:03:58,SOLUSDT,ask,170,14725.514
2024-08-25 14:03:58,SOLUSDT,ask,195,11909.76
2024-08-25 14:03:58,SOLUSDT,ask,220,14883.72
2024-08-25 14:04:08,SOLUSDT,ask,175,10040.586
2024-08-25 14:04:23,SOLUSDT,ask,260,7442.277
2024-08-25 14:04:46,SOLUSDT,ask,165,16796.474
2024-08-25 14:04:49,SOLUSDT,ask,165,16796.439
2024-08-25 14:05:08,SOLUSDT,bid,140,8934.578
2024-08-25 14:05:27,SOLUSDT,ask,175,10040.668
2024-08-25 14:05:33,SOLUSDT,ask,200,64537.309
2024-08-25 14:05:42,SOLUSDT,ask,175,10040.586
2024-08-25 14:05:59,SOLUSDT,ask,200,64535.007
2024-08-25 14:06:11,SOLUSDT,bid,140,8933.721
2024-08-25 14:06:21,SOLUSDT,ask,190,23189.934
2024-08-25 14:06:24,SOLUSDT,ask,172,6534.238
2024-08-25 14:06:24,SOLUSDT,ask,200,64534.85
2024-08-25 14:06:43,SOLUSDT,ask,172,6534.153
2024-08-25 14:06:45,SOLUSDT,bid,135,13516.987
2024-08-25 14:06:48,SOLUSDT,ask,170,14695.514
2024-08-25 14:07:20,SOLUSDT,ask,169,8098.061
2024-08-25 14:07:20,SOLUSDT,ask,167,9685.003
2024-08-25 14:07:26,SOLUSDT,ask,169,8097.986
2024-08-25 14:08:00,SOLUSDT,ask,195,11906.146
2024-08-25 14:08:28,SOLUSDT,bid,140,8943.721
2024-08-25 14:09:17,SOLUSDT,ask,170,14684.063
2024-08-25 14:09:28,SOLUSDT,ask,165,16796.377
2024-08-25 14:09:42,SOLUSDT,bid,125,14498.564
2024-08-25 14:10:02,SOLUSDT,bid,125,14498.564
2024-08-25 14:10:04,SOLUSDT,bid,140,8942.721
2024-08-25 14:10:10,SOLUSDT,bid,140,8944.507
2024-08-25 14:10:12,SOLUSDT,ask,165,16696.127
2024-08-25 14:10:22,SOLUSDT,bid,125,14498.564
2024-08-25 14:10:29,SOLUSDT,ask,169,8098.068
2024-08-25 14:10:37,SOLUSDT,ask,165,16688.226
2024-08-25 14:10:37,SOLUSDT,ask,167,9683.613
2024-08-25 14:10:37,SOLUSDT,ask,170,14659.25
2024-08-25 14:10:39,SOLUSDT,bid,140,8944.616
2024-08-25 14:10:39,SOLUSDT,ask,191,5913.545
2024-08-25 14:10:40,SOLUSDT,ask,182,7520.621
2024-08-25 14:10:40,SOLUSDT,bid,110,19919.404
2024-08-25 14:10:40,SOLUSDT,ask,200,64525.549
2024-08-25 14:10:45,SOLUSDT,bid,140,8944.798
2024-08-25 14:10:48,SOLUSDT,ask,169,8097.986
2024-08-25 14:10:52,SOLUSDT,ask,165,16687.97
2024-08-25 14:11:07,SOLUSDT,bid,140,8944.689
2024-08-25 14:11:09,SOLUSDT,ask,185,18447.281
2024-08-25 14:11:20,SOLUSDT,ask,165,16692.189
2024-08-25 14:11:48,SOLUSDT,bid,125,14498.664
2024-08-25 14:11:48,SOLUSDT,bid,125,14498.564
