2024-08-15 20:51:31,SOLUSDT,ask,150,13399.837
2024-08-15 20:51:34,SOLUSDT,bid,140,31641.904
2024-08-15 20:51:38,SOLUSDT,bid,130,13423.349
2024-08-15 20:51:50,SOLUSDT,ask,185,17194.424
2024-08-15 20:51:50,SOLUSDT,bid,115,21174.76
2024-08-15 20:52:02,SOLUSDT,bid,120,21437.188
2024-08-15 20:52:05,SOLUSDT,bid,139,12701.181
2024-08-15 20:52:06,SOLUSDT,bid,140,31640.777
2024-08-15 20:52:16,SOLUSDT,bid,115,21174.76
2024-08-15 20:52:20,SOLUSDT,bid,139,12704.181
2024-08-15 20:52:20,SOLUSDT,ask,150,13398.831
2024-08-15 20:52:23,SOLUSDT,ask,188,10396.98
2024-08-15 20:52:23,SOLUSDT,ask,190,23716.557
2024-08-15 20:52:24,SOLUSDT,bid,140,31665.777
2024-08-15 20:52:24,SOLUSDT,ask,150,13399.837
2024-08-15 20:52:38,SOLUSDT,bid,115,21174.76
2024-08-15 20:53:00,SOLUSDT,ask,150,13401.837
2024-08-15 20:53:12,SOLUSDT,bid,130,13423.413
2024-08-15 20:53:23,SOLUSDT,bid,115,21133.64
2024-08-15 20:53:27,SOLUSDT,bid,140,31665.877
2024-08-15 20:53:38,SOLUSDT,ask,150,13399.632
2024-08-15 20:53:38,SOLUSDT,ask,155,8675.288
2024-08-15 20:53:41,SOLUSDT,ask,152,15691.632
2024-08-15 20:53:46,SOLUSDT,bid,143,13957.44
2024-08-15 20:53:49,SOLUSDT,bid,143,13958.824
2024-08-15 20:53:56,SOLUSDT,ask,150,13398.025
2024-08-15 20:54:00,SOLUSDT,ask,155,8676.818
2024-08-15 20:54:03,SOLUSDT,bid,143,13960.443
2024-08-15 20:54:09,SOLUSDT,bid,120,21441.638
2024-08-15 20:54:09,SOLUSDT,ask,150,13395.025
2024-08-15 20:54:13,SOLUSDT,bid,115,21133.64
2024-08-15 20:54:19,SOLUSDT,ask,150,13394.019
2024-08-15 20:54:19,SOLUSDT,ask,161,15524.72
2024-08-15 20:54:23,SOLUSDT,ask,150,13395.025
2024-08-15 20:54:33,SOLUSDT,ask,155,8674.646
2024-08-15 20:54:33,SOLUSDT,bid,135,24316.004
2024-08-15 20:54:33,SOLUSDT,bid,115,21133.64
2024-08-15 20:54:35,SOLUSDT,bid,139,12700.584
2024-08-15 20:54:35,SOLUSDT,ask,199,5252.577
2024-08-15 20:54:36,SOLUSDT,bid,135,24313.638
2024-08-15 20:54:46,SOLUSDT,bid,110,26136.303
2024-08-15 20:54:46,SOLUSDT,ask,163,18155.93
2024-08-15 20:54:49,SOLUSDT,ask,160,25504.282
2024-08-15 20:54:53,SOLUSDT,bid,115,21133.64
2024-08-15 20:54:53,SOLUSDT,ask,150,13403.76
2024-08-15 20:55:00,SOLUSDT,bid,110,26122.137
2024-08-15 20:55:03,SOLUSDT,ask,152,15693.804
2024-08-15 20:55:09,SOLUSDT,bid,120,21437.422
2024-08-15 20:55:11,SOLUSDT,bid,143,13960.484
2024-08-15 20:55:19,SOLUSDT,bid,135,24310.254
2024-08-15 20:55:21,SOLUSDT,bid,139,12693.39
2024-08-15 20:55:25,SOLUSDT,bid,130,13423.329
2024-08-15 20:55:25,SOLUSDT,bid,130,13423.245
2024-08-15 20:55:25,SOLUSDT,bid,143,13965.384
2024-08-15 20:55:25,SOLUSDT,bid,105,10464.244
2024-08-15 20:55:27,SOLUSDT,bid,130,13421.322
2024-08-15 20:55:28,SOLUSDT,bid,135,24308.403
2024-08-15 20:55:32,SOLUSDT,bid,143,13965.601
2024-08-15 20:55:32,SOLUSDT,bid,125,16274.718
2024-08-15 20:55:33,SOLUSDT,bid,140,31666.094
2024-08-15 20:55:35,SOLUSDT,ask,150,13402.76
2024-08-15 20:55:36,SOLUSDT,bid,143,13972.594
2024-08-15 20:55:39,SOLUSDT,bid,135,24308.236
2024-08-15 20:55:42,SOLUSDT,bid,130,13423.245
2024-08-15 20:55:47,SOLUSDT,ask,155,8672.05
2024-08-15 20:55:49,SOLUSDT,bid,120,21439.505
2024-08-15 20:55:49,SOLUSDT,ask,152,15693.854
2024-08-15 20:55:59,SOLUSDT,ask,150,13403.281
2024-08-15 20:56:00,SOLUSDT,bid,115,21133.64
2024-08-15 20:56:02,SOLUSDT,ask,151,7588.5
2024-08-15 20:56:13,SOLUSDT,ask,163,18155.458
2024-08-15 20:56:18,SOLUSDT,bid,115,21133.64
2024-08-15 20:56:25,SOLUSDT,ask,150,13401.534
2024-08-15 20:56:29,SOLUSDT,ask,150,13403.648
2024-08-15 20:56:34,SOLUSDT,ask,155,8672.73
2024-08-15 20:56:37,SOLUSDT,ask,150,13400.388
2024-08-15 20:56:38,SOLUSDT,bid,115,21133.64
2024-08-15 20:56:44,SOLUSDT,bid,131,9537.795
2024-08-15 20:56:46,SOLUSDT,ask,151,7588.356
2024-08-15 20:56:46,SOLUSDT,ask,150,13390.388
2024-08-15 20:56:46,SOLUSDT,ask,180,22217.57
2024-08-15 20:56:51,SOLUSDT,ask,150,13389.4
2024-08-15 20:56:51,SOLUSDT,ask,152,15694.842
2024-08-15 20:56:51,SOLUSDT,ask,155,8672.059
2024-08-15 20:56:58,SOLUSDT,bid,135,24258.236
2024-08-15 20:57:00,SOLUSDT,ask,150,13391.224
2024-08-15 20:57:03,SOLUSDT,bid,143,13972.553
2024-08-15 20:57:05,SOLUSDT,ask,152,15693.013
2024-08-15 20:57:10,SOLUSDT,bid,140,31667.005
2024-08-15 20:57:10,SOLUSDT,bid,138,15921.005
2024-08-15 20:57:10,SOLUSDT,ask,150,13390.252
2024-08-15 20:57:10,SOLUSDT,bid,130,13428.013
2024-08-15 20:57:12,SOLUSDT,bid,143,13972.622
2024-08-15 20:57:12,SOLUSDT,bid,143,6982.927
2024-08-15 20:57:12,SOLUSDT,ask,160,25504.502
2024-08-15 20:57:13,SOLUSDT,ask,150,13391.191
2024-08-15 20:57:47,SOLUSDT,ask,185,17194.644
2024-08-15 20:57:53,SOLUSDT,bid,140,31668.433
2024-08-15 20:58:02,SOLUSDT,bid,115,21133.64
2024-08-15 20:58:04,SOLUSDT,ask,180,22216.55
2024-08-15 20:58:11,SOLUSDT,ask,150,13411.171
2024-08-15 20:58:14,SOLUSDT,bid,139,12692.16
2024-08-15 20:58:14,SOLUSDT,bid,143,6976.466
2024-08-15 20:58:22,SOLUSDT,bid,115,21133.64
2024-08-15 20:58:25,SOLUSDT,ask,190,23717.577
2024-08-15 20:58:27,SOLUSDT,bid,135,24255.015
2024-08-15 20:58:30,SOLUSDT,bid,143,13972.657
2024-08-15 20:58:34,SOLUSDT,ask,155,8655.582
2024-08-15 20:58:34,SOLUSDT,ask,158,14710.331
2024-08-15 20:58:34,SOLUSDT,ask,150,13411.24
2024-08-15 20:58:35,SOLUSDT,ask,152,15692.74
2024-08-15 20:58:37,SOLUSDT,ask,155,8654.052
2024-08-15 20:58:39,SOLUSDT,bid,140,31658.433
2024-08-15 20:58:41,SOLUSDT,bid,143,14392.453
2024-08-15 20:58:42,SOLUSDT,bid,115,21133.64
2024-08-15 20:58:44,SOLUSDT,ask,150,13411.045
2024-08-15 20:58:52,SOLUSDT,bid,140,31648.433
2024-08-15 20:58:52,SOLUSDT,bid,130,13418.013
2024-08-15 20:58:59,SOLUSDT,bid,115,21133.916
2024-08-15 20:59:02,SOLUSDT,bid,130,13418.738
2024-08-15 20:59:14,SOLUSDT,bid,140,31653.762
2024-08-15 20:59:18,SOLUSDT,ask,152,15692.935
2024-08-15 20:59:24,SOLUSDT,ask,150,13411.183
2024-08-15 20:59:47,SOLUSDT,ask,210,25623.388
2024-08-15 21:00:06,SOLUSDT,bid,115,21133.916
2024-08-15 21:00:16,SOLUSDT,bid,143,14392.242
2024-08-15 21:00:26,SOLUSDT,bid,115,21133.916
2024-08-15 21:00:30,SOLUSDT,bid,143,14394.381
2024-08-15 21:00:30,SOLUSDT,ask,151,7588.288
2024-08-15 21:00:41,SOLUSDT,bid,138,15920.281
2024-08-15 21:00:46,SOLUSDT,bid,115,21133.916
2024-08-15 21:00:50,SOLUSDT,bid,140,31653.707
2024-08-15 21:00:50,SOLUSDT,ask,150,13411.394
2024-08-15 21:00:50,SOLUSDT,bid,143,14395.207
2024-08-15 21:00:55,SOLUSDT,ask,151,7589.288
2024-08-15 21:00:58,SOLUSDT,bid,140,31648.934
2024-08-15 21:01:04,SOLUSDT,bid,105,10444.244
2024-08-15 21:01:10,SOLUSDT,bid,140,31648.072
2024-08-15 21:01:10,SOLUSDT,ask,152,15813.013
2024-08-15 21:01:11,SOLUSDT,bid,143,14395.418
2024-08-15 21:01:18,SOLUSDT,ask,200,44898.861
2024-08-15 21:01:31,SOLUSDT,bid,143,14395.207
2024-08-15 21:01:32,SOLUSDT,ask,155,8654.2
2024-08-15 21:01:34,SOLUSDT,bid,140,31646.032
2024-08-15 21:01:38,SOLUSDT,ask,150,13408.923
2024-08-15 21:01:44,SOLUSDT,bid,143,6977.846
2024-08-15 21:01:48,SOLUSDT,bid,130,13392.715
2024-08-15 21:01:50,SOLUSDT,ask,155,8655.2
2024-08-15 21:01:52,SOLUSDT,bid,140,31653.174
2024-08-15 21:01:52,SOLUSDT,bid,143,14396.207
2024-08-15 21:01:59,SOLUSDT,ask,150,13406.581
2024-08-15 21:02:02,SOLUSDT,bid,143,14394.823
2024-08-15 21:02:02,SOLUSDT,bid,143,14394.909
2024-08-15 21:02:03,SOLUSDT,bid,143,14394.958
2024-08-15 21:02:08,SOLUSDT,bid,143,6977.896
2024-08-15 21:02:11,SOLUSDT,bid,116,13945.478
2024-08-15 21:02:11,SOLUSDT,bid,116,13945.378
2024-08-15 21:02:16,SOLUSDT,bid,140,31696.031
2024-08-15 21:02:22,SOLUSDT,ask,165,13845.784
2024-08-15 21:02:23,SOLUSDT,bid,143,14395.112
2024-08-15 21:02:23,SOLUSDT,ask,151,7589.388
2024-08-15 21:02:25,SOLUSDT,ask,150,13378.683
2024-08-15 21:02:31,SOLUSDT,ask,151,7589.456
2024-08-15 21:02:31,SOLUSDT,ask,150,13383.095
2024-08-15 21:02:31,SOLUSDT,bid,135,24312.622
2024-08-15 21:02:31,SOLUSDT,bid,116,13945.378
2024-08-15 21:02:34,SOLUSDT,ask,150,13382.089
2024-08-15 21:02:36,SOLUSDT,bid,130,13452.538
2024-08-15 21:02:43,SOLUSDT,bid,135,24299.458
2024-08-15 21:02:47,SOLUSDT,ask,150,13383.095
2024-08-15 21:02:47,SOLUSDT,bid,116,13945.778
2024-08-15 21:02:47,SOLUSDT,ask,152,15806.109
2024-08-15 21:02:50,SOLUSDT,ask,150,12455.567
2024-08-15 21:02:52,SOLUSDT,bid,116,13945.778
2024-08-15 21:02:56,SOLUSDT,bid,116,13945.378
2024-08-15 21:02:56,SOLUSDT,bid,116,13945.778
2024-08-15 21:03:02,SOLUSDT,ask,151,7588.194
2024-08-15 21:03:04,SOLUSDT,ask,152,15799.057
2024-08-15 21:03:05,SOLUSDT,ask,151,7555.917
2024-08-15 21:03:10,SOLUSDT,ask,190,23717.5
2024-08-15 21:03:10,SOLUSDT,ask,150,12455.356
2024-08-15 21:03:11,SOLUSDT,ask,190,23716.38
2024-08-15 21:03:12,SOLUSDT,ask,150,12456.76
2024-08-15 21:03:13,SOLUSDT,ask,300,9176.859
2024-08-15 21:03:16,SOLUSDT,ask,151,7535.18
2024-08-15 21:03:18,SOLUSDT,bid,116,13945.778
2024-08-15 21:03:22,SOLUSDT,ask,220,12058.564
2024-08-15 21:03:23,SOLUSDT,ask,155,8654.51
2024-08-15 21:03:23,SOLUSDT,ask,160,25505.192
2024-08-15 21:03:24,SOLUSDT,ask,152,15799.01
2024-08-15 21:03:25,SOLUSDT,bid,143,14396.112
2024-08-15 21:03:32,SOLUSDT,ask,152,15778.684
2024-08-15 21:03:39,SOLUSDT,ask,150,12456.725
2024-08-15 21:03:39,SOLUSDT,bid,116,13945.878
2024-08-15 21:03:39,SOLUSDT,bid,116,13945.778
2024-08-15 21:03:40,SOLUSDT,ask,150,12456.664
2024-08-15 21:03:49,SOLUSDT,bid,116,13945.378
2024-08-15 21:03:50,SOLUSDT,ask,158,14660.331
2024-08-15 21:03:57,SOLUSDT,bid,140,31696.101
2024-08-15 21:03:57,SOLUSDT,ask,150,12456.93
2024-08-15 21:03:59,SOLUSDT,bid,116,13945.378
2024-08-15 21:04:01,SOLUSDT,ask,151,7529.647
2024-08-15 21:04:02,SOLUSDT,ask,152,15766.551
2024-08-15 21:04:06,SOLUSDT,bid,125,16274.634
2024-08-15 21:04:14,SOLUSDT,ask,160,25478.267
2024-08-15 21:04:15,SOLUSDT,ask,155,8651.014
2024-08-15 21:04:18,SOLUSDT,bid,116,13945.478
2024-08-15 21:04:18,SOLUSDT,bid,116,13945.378
2024-08-15 21:04:20,SOLUSDT,bid,143,6976.516
2024-08-15 21:04:23,SOLUSDT,ask,150,12555.48
2024-08-15 21:04:24,SOLUSDT,bid,143,14396.323
2024-08-15 21:04:24,SOLUSDT,ask,158,14660.363
2024-08-15 21:04:26,SOLUSDT,bid,140,31692.373
2024-08-15 21:04:33,SOLUSDT,bid,143,14396.51
2024-08-15 21:04:36,SOLUSDT,ask,152,15773.568
2024-08-15 21:04:38,SOLUSDT,ask,165,13846.463
2024-08-15 21:04:38,SOLUSDT,bid,116,13945.378
2024-08-15 21:04:38,SOLUSDT,bid,125,16275.313
2024-08-15 21:04:49,SOLUSDT,bid,120,21489.505
2024-08-15 21:04:55,SOLUSDT,ask,150,12551.963
2024-08-15 21:04:57,SOLUSDT,ask,152,15778.896
2024-08-15 21:04:58,SOLUSDT,bid,116,13945.378
2024-08-15 21:04:59,SOLUSDT,ask,155,8701.014
2024-08-15 21:05:04,SOLUSDT,bid,140,31688.802
2024-08-15 21:05:04,SOLUSDT,bid,120,21499.505
2024-08-15 21:05:08,SOLUSDT,bid,135,24300.458
2024-08-15 21:05:09,SOLUSDT,bid,143,6977.276
2024-08-15 21:05:15,SOLUSDT,bid,143,6976.516
2024-08-15 21:05:16,SOLUSDT,bid,143,14396.579
2024-08-15 21:05:17,SOLUSDT,bid,140,31687.228
2024-08-15 21:05:24,SOLUSDT,ask,151,7528.647
2024-08-15 21:05:25,SOLUSDT,ask,152,15771.109
2024-08-15 21:05:34,SOLUSDT,bid,143,14396.378
2024-08-15 21:05:34,SOLUSDT,ask,150,12551.762
2024-08-15 21:05:34,SOLUSDT,bid,143,13976.582
2024-08-15 21:05:38,SOLUSDT,bid,140,31694.37
2024-08-15 21:05:42,SOLUSDT,bid,143,13976.371
2024-08-15 21:05:42,SOLUSDT,bid,120,21489.505
2024-08-15 21:05:43,SOLUSDT,ask,150,12540.622
2024-08-15 21:05:48,SOLUSDT,bid,143,13976.582
2024-08-15 21:05:48,SOLUSDT,ask,160,25512.749
2024-08-15 21:05:50,SOLUSDT,bid,143,6980.659
2024-08-15 21:05:55,SOLUSDT,bid,143,6976.516
2024-08-15 21:05:56,SOLUSDT,ask,150,12540.272
2024-08-15 21:05:58,SOLUSDT,bid,143,13976.371
2024-08-15 21:06:00,SOLUSDT,ask,150,12539.981
2024-08-15 21:06:04,SOLUSDT,bid,143,13970.458
2024-08-15 21:06:07,SOLUSDT,bid,143,13970.669
2024-08-15 21:06:07,SOLUSDT,bid,120,21494.505
2024-08-15 21:06:15,SOLUSDT,bid,143,13970.458
2024-08-15 21:06:21,SOLUSDT,bid,143,13970.669
2024-08-15 21:06:22,SOLUSDT,bid,116,13945.378
2024-08-15 21:06:23,SOLUSDT,ask,160,25513.055
2024-08-15 21:06:25,SOLUSDT,ask,150,12524.981
2024-08-15 21:06:25,SOLUSDT,ask,151,7503.647
2024-08-15 21:06:25,SOLUSDT,ask,152,15756.109
2024-08-15 21:06:26,SOLUSDT,bid,143,13970.458
2024-08-15 21:06:28,SOLUSDT,ask,155,8700.704
2024-08-15 21:06:31,SOLUSDT,bid,110,26132.137
2024-08-15 21:06:34,SOLUSDT,bid,143,13970.669
2024-08-15 21:06:41,SOLUSDT,ask,170,12122.615
2024-08-15 21:06:42,SOLUSDT,bid,116,13945.378
2024-08-15 21:06:44,SOLUSDT,ask,150,12530.194
2024-08-15 21:06:48,SOLUSDT,bid,100,35009.081
2024-08-15 21:06:50,SOLUSDT,ask,190,23715.49
2024-08-15 21:07:02,SOLUSDT,bid,116,13945.378
2024-08-15 21:07:07,SOLUSDT,bid,143,13971.368
2024-08-15 21:07:09,SOLUSDT,ask,150,12533.048
2024-08-15 21:07:09,SOLUSDT,bid,135,24269.756
2024-08-15 21:07:10,SOLUSDT,bid,140,31676.953
2024-08-15 21:07:15,SOLUSDT,ask,150,12532.601
2024-08-15 21:07:20,SOLUSDT,bid,143,6977.908
2024-08-15 21:07:24,SOLUSDT,ask,175,13779.687
2024-08-15 21:07:25,SOLUSDT,ask,155,8699.817
2024-08-15 21:07:28,SOLUSDT,ask,152,15782.503
2024-08-15 21:07:28,SOLUSDT,ask,250,18151.546
2024-08-15 21:07:29,SOLUSDT,ask,190,23792.248
2024-08-15 21:07:32,SOLUSDT,bid,143,13972.067
2024-08-15 21:07:33,SOLUSDT,ask,160,25516.902
2024-08-15 21:07:39,SOLUSDT,ask,190,23791.588
2024-08-15 21:07:41,SOLUSDT,bid,131,9567.795
2024-08-15 21:07:42,SOLUSDT,bid,139,12695.81
2024-08-15 21:07:42,SOLUSDT,ask,160,25516.817
2024-08-15 21:07:51,SOLUSDT,ask,155,8595.6
2024-08-15 21:07:54,SOLUSDT,ask,210,25624.048
2024-08-15 21:07:58,SOLUSDT,bid,143,13982.067
2024-08-15 21:08:05,SOLUSDT,ask,200,44892.811
2024-08-15 21:08:06,SOLUSDT,ask,155,8624.195
2024-08-15 21:08:10,SOLUSDT,bid,140,31677.316
2024-08-15 21:08:12,SOLUSDT,ask,155,8614.195
2024-08-15 21:08:14,SOLUSDT,ask,150,12532.525
2024-08-15 21:08:15,SOLUSDT,ask,150,12531.478
2024-08-15 21:08:28,SOLUSDT,bid,115,21133.916
2024-08-15 21:08:29,SOLUSDT,ask,160,25517.129
2024-08-15 21:08:32,SOLUSDT,ask,150,12531.547
2024-08-15 21:08:32,SOLUSDT,bid,143,13984.016
2024-08-15 21:08:44,SOLUSDT,ask,150,12531.587
2024-08-15 21:08:49,SOLUSDT,bid,115,21133.916
2024-08-15 21:08:49,SOLUSDT,ask,180,22217.39
2024-08-15 21:08:50,SOLUSDT,bid,143,13984.225
2024-08-15 21:08:50,SOLUSDT,ask,150,12530.434
2024-08-15 21:08:51,SOLUSDT,bid,131,9524.041
2024-08-15 21:08:54,SOLUSDT,bid,143,13982.276
2024-08-15 21:08:58,SOLUSDT,ask,152,15765.789
2024-08-15 21:08:59,SOLUSDT,ask,190,23791.868
2024-08-15 21:09:02,SOLUSDT,ask,152,15765.906
2024-08-15 21:09:04,SOLUSDT,ask,152,15765.959
2024-08-15 21:09:05,SOLUSDT,bid,143,13981.577
2024-08-15 21:09:07,SOLUSDT,ask,150,12521.259
2024-08-15 21:09:08,SOLUSDT,bid,115,21133.916
2024-08-15 21:09:08,SOLUSDT,bid,143,13981.926
2024-08-15 21:09:12,SOLUSDT,ask,155,8624.195
2024-08-15 21:09:14,SOLUSDT,bid,143,13982.135
2024-08-15 21:09:14,SOLUSDT,ask,188,10397.12
2024-08-15 21:09:18,SOLUSDT,ask,152,15769.244
2024-08-15 21:09:21,SOLUSDT,ask,150,12520.793
2024-08-15 21:09:23,SOLUSDT,ask,152,15768.894
2024-08-15 21:09:24,SOLUSDT,bid,143,13981.926
2024-08-15 21:09:30,SOLUSDT,ask,152,15770.894
2024-08-15 21:09:32,SOLUSDT,bid,143,13981.717
2024-08-15 21:09:35,SOLUSDT,bid,138,15920.137
2024-08-15 21:09:44,SOLUSDT,bid,115,21134.316
2024-08-15 21:09:46,SOLUSDT,bid,143,14005.365
2024-08-15 21:09:49,SOLUSDT,bid,115,21133.916
2024-08-15 21:09:49,SOLUSDT,bid,115,21134.316
2024-08-15 21:09:52,SOLUSDT,bid,110,26130.219
2024-08-15 21:09:54,SOLUSDT,bid,115,21133.916
2024-08-15 21:09:54,SOLUSDT,bid,115,21134.316
2024-08-15 21:09:59,SOLUSDT,bid,115,21133.916
2024-08-15 21:09:59,SOLUSDT,bid,115,21134.316
2024-08-15 21:10:04,SOLUSDT,bid,115,21133.916
2024-08-15 21:10:05,SOLUSDT,bid,115,21134.316
2024-08-15 21:10:09,SOLUSDT,bid,115,21133.916
2024-08-15 21:10:09,SOLUSDT,bid,115,21134.316
2024-08-15 21:10:10,SOLUSDT,ask,210,24738.141
2024-08-15 21:10:14,SOLUSDT,bid,115,21133.916
2024-08-15 21:10:14,SOLUSDT,bid,115,21134.316
2024-08-15 21:10:19,SOLUSDT,bid,115,21133.916
2024-08-15 21:10:19,SOLUSDT,bid,115,21134.316
2024-08-15 21:10:19,SOLUSDT,bid,143,6976.516
2024-08-15 21:10:19,SOLUSDT,bid,140,31676.953
2024-08-15 21:10:21,SOLUSDT,bid,143,13984.952
2024-08-15 21:10:21,SOLUSDT,ask,163,18154.458
2024-08-15 21:10:24,SOLUSDT,bid,115,21133.916
2024-08-15 21:10:24,SOLUSDT,bid,115,21134.316
2024-08-15 21:10:27,SOLUSDT,bid,143,13985.714
2024-08-15 21:10:29,SOLUSDT,bid,115,21133.916
2024-08-15 21:10:29,SOLUSDT,bid,115,21134.316
2024-08-15 21:10:33,SOLUSDT,bid,143,13989.812
2024-08-15 21:10:33,SOLUSDT,bid,115,21134.316
2024-08-15 21:10:34,SOLUSDT,bid,143,13981.024
2024-08-15 21:10:34,SOLUSDT,bid,115,21133.916
2024-08-15 21:10:34,SOLUSDT,bid,115,21134.316
2024-08-15 21:10:36,SOLUSDT,ask,165,14995.784
2024-08-15 21:10:36,SOLUSDT,ask,150,12521.792
2024-08-15 21:10:39,SOLUSDT,bid,115,21133.916
2024-08-15 21:10:39,SOLUSDT,bid,115,21134.316
2024-08-15 21:10:43,SOLUSDT,bid,138,15917.033
2024-08-15 21:10:44,SOLUSDT,bid,115,21133.916
2024-08-15 21:10:44,SOLUSDT,bid,115,21134.316
2024-08-15 21:10:46,SOLUSDT,ask,150,12522.608
2024-08-15 21:10:49,SOLUSDT,bid,115,21133.916
2024-08-15 21:10:49,SOLUSDT,bid,115,21134.316
2024-08-15 21:10:50,SOLUSDT,bid,140,31687.27
2024-08-15 21:10:51,SOLUSDT,bid,143,13980.262
2024-08-15 21:10:53,SOLUSDT,bid,138,15914.161
2024-08-15 21:10:53,SOLUSDT,bid,115,21134.316
2024-08-15 21:10:54,SOLUSDT,bid,115,21133.916
2024-08-15 21:10:54,SOLUSDT,bid,115,21134.316
2024-08-15 21:10:59,SOLUSDT,bid,115,21133.916
2024-08-15 21:10:59,SOLUSDT,bid,115,21134.316
2024-08-15 21:11:00,SOLUSDT,bid,139,12696.176
2024-08-15 21:11:02,SOLUSDT,ask,151,7503.581
2024-08-15 21:11:04,SOLUSDT,bid,143,6976.655
2024-08-15 21:11:05,SOLUSDT,bid,115,21133.916
2024-08-15 21:11:05,SOLUSDT,bid,115,21134.316
2024-08-15 21:11:05,SOLUSDT,bid,143,13976.164
2024-08-15 21:11:05,SOLUSDT,bid,140,31687.31
2024-08-15 21:11:09,SOLUSDT,bid,115,21133.916
2024-08-15 21:11:09,SOLUSDT,bid,90,21976.108
2024-08-15 21:11:09,SOLUSDT,bid,115,21134.316
2024-08-15 21:11:09,SOLUSDT,ask,150,12528.493
2024-08-15 21:11:10,SOLUSDT,bid,140,31686.31
2024-08-15 21:11:11,SOLUSDT,ask,150,12522.608
2024-08-15 21:11:11,SOLUSDT,ask,163,18152.088
2024-08-15 21:11:13,SOLUSDT,bid,120,21493.438
2024-08-15 21:11:13,SOLUSDT,bid,115,21134.316
2024-08-15 21:11:14,SOLUSDT,bid,115,21133.916
2024-08-15 21:11:14,SOLUSDT,bid,115,21134.316
2024-08-15 21:11:16,SOLUSDT,ask,151,7504.381
2024-08-15 21:11:19,SOLUSDT,bid,115,21133.916
2024-08-15 21:11:20,SOLUSDT,bid,115,21134.316
2024-08-15 21:11:20,SOLUSDT,bid,135,24268.824
2024-08-15 21:11:22,SOLUSDT,bid,115,21134.143
2024-08-15 21:11:24,SOLUSDT,bid,115,21133.743
2024-08-15 21:11:24,SOLUSDT,bid,115,21134.143
2024-08-15 21:11:29,SOLUSDT,bid,143,13977.429
2024-08-15 21:11:29,SOLUSDT,bid,115,21133.743
2024-08-15 21:11:29,SOLUSDT,bid,115,21134.143
2024-08-15 21:11:29,SOLUSDT,ask,152,15771.894
2024-08-15 21:11:34,SOLUSDT,bid,115,21133.743
2024-08-15 21:11:34,SOLUSDT,bid,115,21134.143
2024-08-15 21:11:35,SOLUSDT,bid,110,26100.219
2024-08-15 21:11:38,SOLUSDT,ask,155,8625.23
2024-08-15 21:11:39,SOLUSDT,bid,115,21133.743
2024-08-15 21:11:39,SOLUSDT,bid,115,21134.143
2024-08-15 21:11:44,SOLUSDT,bid,115,21133.743
2024-08-15 21:11:44,SOLUSDT,bid,115,21134.143
2024-08-15 21:11:44,SOLUSDT,ask,163,18151.562
2024-08-15 21:11:48,SOLUSDT,ask,165,14995.831
2024-08-15 21:11:49,SOLUSDT,bid,115,21133.743
2024-08-15 21:11:49,SOLUSDT,bid,115,21134.143
2024-08-15 21:11:54,SOLUSDT,bid,135,24276.241
2024-08-15 21:11:54,SOLUSDT,bid,115,21133.743
2024-08-15 21:11:54,SOLUSDT,bid,115,21134.143
2024-08-15 21:11:55,SOLUSDT,ask,198,6576.103
2024-08-15 21:11:59,SOLUSDT,bid,115,21134.143
2024-08-15 21:12:04,SOLUSDT,bid,140,31685.619
2024-08-15 21:12:04,SOLUSDT,bid,115,21133.743
2024-08-15 21:12:04,SOLUSDT,bid,115,21134.143
2024-08-15 21:12:07,SOLUSDT,bid,143,13998.408
2024-08-15 21:12:09,SOLUSDT,bid,115,21133.743
2024-08-15 21:12:09,SOLUSDT,bid,115,21134.143
2024-08-15 21:12:14,SOLUSDT,bid,115,21133.743
2024-08-15 21:12:15,SOLUSDT,bid,115,21134.143
2024-08-15 21:12:19,SOLUSDT,bid,115,21133.743
2024-08-15 21:12:20,SOLUSDT,bid,115,21134.143
2024-08-15 21:12:22,SOLUSDT,bid,111,14124.677
2024-08-15 21:12:23,SOLUSDT,bid,120,21494.438
2024-08-15 21:12:23,SOLUSDT,bid,143,13998.617
2024-08-15 21:12:24,SOLUSDT,bid,115,21133.743
2024-08-15 21:12:24,SOLUSDT,bid,115,21134.143
2024-08-15 21:12:29,SOLUSDT,bid,115,21133.743
2024-08-15 21:12:30,SOLUSDT,bid,115,21134.143
2024-08-15 21:12:30,SOLUSDT,ask,150,12522.539
2024-08-15 21:12:32,SOLUSDT,bid,140,31685.833
2024-08-15 21:12:34,SOLUSDT,bid,115,21133.743
2024-08-15 21:12:34,SOLUSDT,bid,115,21134.143
2024-08-15 21:12:37,SOLUSDT,ask,190,23793.514
2024-08-15 21:12:37,SOLUSDT,bid,115,21134.143
2024-08-15 21:12:39,SOLUSDT,bid,115,21133.743
2024-08-15 21:12:39,SOLUSDT,bid,115,21134.143
2024-08-15 21:12:44,SOLUSDT,bid,140,31685.793
2024-08-15 21:12:44,SOLUSDT,bid,115,21133.743
2024-08-15 21:12:44,SOLUSDT,bid,115,21134.143
2024-08-15 21:12:47,SOLUSDT,ask,151,7503.225
2024-08-15 21:12:48,SOLUSDT,bid,139,12692.526
2024-08-15 21:12:48,SOLUSDT,ask,190,23794.713
2024-08-15 21:12:49,SOLUSDT,bid,115,21133.743
2024-08-15 21:12:49,SOLUSDT,bid,115,21134.143
2024-08-15 21:12:53,SOLUSDT,bid,140,31685.402
2024-08-15 21:12:55,SOLUSDT,bid,115,21133.743
2024-08-15 21:12:55,SOLUSDT,bid,115,21134.143
2024-08-15 21:12:57,SOLUSDT,bid,115,21134.143
2024-08-15 21:12:57,SOLUSDT,ask,188,10426.12
2024-08-15 21:13:00,SOLUSDT,ask,155,8625.194
2024-08-15 21:13:12,SOLUSDT,bid,120,21494.384
2024-08-15 21:13:13,SOLUSDT,ask,150,12522.339
2024-08-15 21:13:17,SOLUSDT,bid,115,21134.143
2024-08-15 21:13:17,SOLUSDT,ask,158,14660.815
2024-08-15 21:13:22,SOLUSDT,ask,150,12522.676
2024-08-15 21:13:40,SOLUSDT,bid,135,24277.617
2024-08-15 21:13:49,SOLUSDT,ask,150,12519.233
2024-08-15 21:13:55,SOLUSDT,ask,150,12521.342
2024-08-15 21:14:02,SOLUSDT,bid,140,31678.26
2024-08-15 21:14:06,SOLUSDT,ask,152,15772.809
2024-08-15 21:14:09,SOLUSDT,bid,115,21190.82
2024-08-15 21:14:11,SOLUSDT,bid,140,31679.435
2024-08-15 21:14:11,SOLUSDT,bid,138,15912.969
2024-08-15 21:14:25,SOLUSDT,ask,200,44887.387
2024-08-15 21:14:25,SOLUSDT,ask,152,15751.075
2024-08-15 21:14:31,SOLUSDT,bid,140,31678.435
2024-08-15 21:14:31,SOLUSDT,bid,135,24276.617
2024-08-15 21:14:42,SOLUSDT,bid,115,21190.82
2024-08-15 21:14:44,SOLUSDT,ask,200,44892.742
2024-08-15 21:15:00,SOLUSDT,ask,150,12550.312
2024-08-15 21:15:02,SOLUSDT,bid,115,21190.82
2024-08-15 21:15:06,SOLUSDT,ask,152,15759.067
2024-08-15 21:15:11,SOLUSDT,bid,130,13452.622
2024-08-15 21:15:15,SOLUSDT,bid,130,13452.79
2024-08-15 21:15:16,SOLUSDT,bid,130,13452.874
2024-08-15 21:15:16,SOLUSDT,bid,130,13452.958
2024-08-15 21:15:20,SOLUSDT,ask,155,8605.194
2024-08-15 21:15:22,SOLUSDT,bid,115,21190.82
2024-08-15 21:15:29,SOLUSDT,bid,130,13445.717
2024-08-15 21:15:54,SOLUSDT,ask,160,25518.304
2024-08-15 21:15:56,SOLUSDT,ask,150,12550.382
2024-08-15 21:15:57,SOLUSDT,ask,165,14996.832
2024-08-15 21:16:06,SOLUSDT,bid,140,31679.142
2024-08-15 21:16:12,SOLUSDT,bid,140,31678.435
2024-08-15 21:16:15,SOLUSDT,ask,210,24737.101
2024-08-15 21:16:22,SOLUSDT,ask,150,12549.376
2024-08-15 21:16:27,SOLUSDT,ask,193,7529.109
2024-08-15 21:16:30,SOLUSDT,ask,160,25517.129
2024-08-15 21:16:47,SOLUSDT,bid,115,21190.82
2024-08-15 21:17:07,SOLUSDT,bid,130,13447.766
2024-08-15 21:17:07,SOLUSDT,bid,115,21190.82
2024-08-15 21:17:21,SOLUSDT,ask,150,12548.876
2024-08-15 21:17:27,SOLUSDT,bid,115,21190.82
2024-08-15 21:17:36,SOLUSDT,ask,151,7603.125
2024-08-15 21:17:41,SOLUSDT,ask,150,12557.981
2024-08-15 21:17:45,SOLUSDT,ask,200,44896.417
2024-08-15 21:17:48,SOLUSDT,bid,140,31678.374
2024-08-15 21:18:00,SOLUSDT,ask,151,7605.125
2024-08-15 21:18:00,SOLUSDT,bid,130,13448.766
2024-08-15 21:18:00,SOLUSDT,bid,121,8431.224
2024-08-15 21:18:06,SOLUSDT,bid,120,21494.467
2024-08-15 21:18:10,SOLUSDT,bid,140,31679.374
2024-08-15 21:18:14,SOLUSDT,ask,150,12558.481
2024-08-15 21:18:14,SOLUSDT,ask,193,7534.29
2024-08-15 21:18:20,SOLUSDT,ask,152,15732.673
2024-08-15 21:18:27,SOLUSDT,bid,140,31678.873
2024-08-15 21:18:53,SOLUSDT,ask,151,7607.284
2024-08-15 21:18:53,SOLUSDT,bid,115,21190.82
2024-08-15 21:19:13,SOLUSDT,bid,115,21190.82
2024-08-15 21:19:22,SOLUSDT,ask,165,14996.513
2024-08-15 21:19:28,SOLUSDT,ask,150,12560.479
2024-08-15 21:19:32,SOLUSDT,ask,151,7605.284
2024-08-15 21:19:32,SOLUSDT,bid,121,8367.978
2024-08-15 21:19:32,SOLUSDT,bid,115,21190.82
2024-08-15 21:19:32,SOLUSDT,bid,105,10416.244
2024-08-15 21:19:54,SOLUSDT,ask,152,15722.643
2024-08-15 21:20:08,SOLUSDT,ask,200,45100.25
2024-08-15 21:20:10,SOLUSDT,bid,133,8001.395
2024-08-15 21:20:19,SOLUSDT,ask,150,12561.704
2024-08-15 21:20:22,SOLUSDT,bid,140,31679.447
2024-08-15 21:20:30,SOLUSDT,bid,140,31678.733
2024-08-15 21:20:39,SOLUSDT,bid,111,14125.299
2024-08-15 21:20:53,SOLUSDT,bid,140,31678.159
2024-08-15 21:20:54,SOLUSDT,bid,111,14124.677
2024-08-15 21:20:57,SOLUSDT,bid,115,21190.92
2024-08-15 21:20:57,SOLUSDT,bid,115,21190.82
2024-08-15 21:20:58,SOLUSDT,bid,138,15911.969
2024-08-15 21:21:02,SOLUSDT,bid,130,13449.535
2024-08-15 21:21:02,SOLUSDT,ask,150,12558.274
2024-08-15 21:21:03,SOLUSDT,ask,161,15525.719
2024-08-15 21:21:04,SOLUSDT,bid,110,26080.671
2024-08-15 21:21:07,SOLUSDT,bid,140,31678.733
2024-08-15 21:21:15,SOLUSDT,bid,120,21493.777
2024-08-15 21:21:17,SOLUSDT,bid,115,21190.82
2024-08-15 21:21:20,SOLUSDT,bid,140,31675.733
2024-08-15 21:21:36,SOLUSDT,bid,130,13449.619
2024-08-15 21:21:36,SOLUSDT,bid,130,13449.703
2024-08-15 21:21:37,SOLUSDT,bid,115,21190.82
2024-08-15 21:21:39,SOLUSDT,ask,170,12122.703
2024-08-15 21:21:42,SOLUSDT,ask,163,18151.65
2024-08-15 21:21:45,SOLUSDT,ask,152,15714.651
2024-08-15 21:21:45,SOLUSDT,bid,120,21484.186
2024-08-15 21:22:05,SOLUSDT,ask,155,8604.159
2024-08-15 21:22:07,SOLUSDT,ask,160,25516.89
2024-08-15 21:22:08,SOLUSDT,ask,165,14996.482
2024-08-15 21:22:10,SOLUSDT,ask,160,25516.334
2024-08-15 21:22:17,SOLUSDT,ask,152,15712.154
2024-08-15 21:22:20,SOLUSDT,ask,151,7602.284
2024-08-15 21:22:24,SOLUSDT,ask,155,8614.45
2024-08-15 21:22:25,SOLUSDT,ask,150,12558.579
2024-08-15 21:22:31,SOLUSDT,ask,152,15752.114
2024-08-15 21:22:41,SOLUSDT,ask,151,7642.244
2024-08-15 21:22:41,SOLUSDT,ask,152,15712.154
2024-08-15 21:23:02,SOLUSDT,ask,151,7643.244
2024-08-15 21:23:05,SOLUSDT,bid,115,21190.82
2024-08-15 21:23:19,SOLUSDT,bid,131,9523.773
2024-08-15 21:23:19,SOLUSDT,ask,152,15715.154
2024-08-15 21:23:22,SOLUSDT,ask,150,12557.175
2024-08-15 21:23:25,SOLUSDT,bid,115,21190.82
2024-08-15 21:23:29,SOLUSDT,ask,150,12564.801
2024-08-15 21:23:37,SOLUSDT,ask,150,12563.801
2024-08-15 21:23:43,SOLUSDT,ask,152,15691.097
2024-08-15 21:23:45,SOLUSDT,bid,115,21190.82
2024-08-15 21:24:00,SOLUSDT,bid,140,31675.662
2024-08-15 21:24:11,SOLUSDT,ask,150,12570.171
2024-08-15 21:24:12,SOLUSDT,bid,130,13442.011
2024-08-15 21:24:19,SOLUSDT,bid,120,21506.53
2024-08-15 21:24:22,SOLUSDT,ask,158,14660.618
2024-08-15 21:24:38,SOLUSDT,bid,138,15850.685
2024-08-15 21:24:38,SOLUSDT,ask,150,12570.368
2024-08-15 21:24:39,SOLUSDT,bid,140,31676.376
2024-08-15 21:24:40,SOLUSDT,bid,130,13441.927
2024-08-15 21:24:44,SOLUSDT,bid,130,13441.843
2024-08-15 21:24:46,SOLUSDT,bid,130,13441.675
2024-08-15 21:24:46,SOLUSDT,ask,150,12571.167
2024-08-15 21:24:47,SOLUSDT,bid,130,13441.591
2024-08-15 21:24:51,SOLUSDT,bid,110,26076.117
2024-08-15 21:24:54,SOLUSDT,bid,130,13441.491
2024-08-15 21:24:54,SOLUSDT,bid,139,12712.343
2024-08-15 21:25:10,SOLUSDT,bid,115,21190.82
2024-08-15 21:25:12,SOLUSDT,ask,163,18150.582
2024-08-15 21:25:22,SOLUSDT,ask,190,23804.773
2024-08-15 21:25:29,SOLUSDT,bid,133,8000.571
2024-08-15 21:25:31,SOLUSDT,bid,115,21190.82
2024-08-15 21:25:33,SOLUSDT,ask,160,25512.487
2024-08-15 21:25:44,SOLUSDT,bid,135,24272.617
2024-08-15 21:25:50,SOLUSDT,bid,115,21190.82
2024-08-15 21:25:54,SOLUSDT,bid,138,15850.599
2024-08-15 21:25:56,SOLUSDT,bid,140,31676.298
2024-08-15 21:25:59,SOLUSDT,bid,115,21228.819
2024-08-15 21:26:07,SOLUSDT,bid,140,31676.348
2024-08-15 21:26:10,SOLUSDT,ask,150,12568.409
2024-08-15 21:26:15,SOLUSDT,ask,152,15670.429
2024-08-15 21:26:18,SOLUSDT,ask,152,15678.429
2024-08-15 21:26:57,SOLUSDT,ask,152,15677.514
2024-08-15 21:27:11,SOLUSDT,bid,115,21228.819
2024-08-15 21:27:11,SOLUSDT,ask,158,14660.106
2024-08-15 21:27:23,SOLUSDT,bid,139,12722.363
2024-08-15 21:27:31,SOLUSDT,ask,152,15679.514
2024-08-15 21:27:31,SOLUSDT,bid,115,21228.819
2024-08-15 21:27:51,SOLUSDT,bid,115,21228.819
2024-08-15 21:27:52,SOLUSDT,ask,151,7642.995
2024-08-15 21:28:07,SOLUSDT,ask,150,12568.477
2024-08-15 21:28:09,SOLUSDT,ask,160,25512.894
2024-08-15 21:28:16,SOLUSDT,bid,105,10418.584
2024-08-15 21:28:18,SOLUSDT,ask,165,14998.192
2024-08-15 21:28:18,SOLUSDT,ask,150,12568.97
2024-08-15 21:28:18,SOLUSDT,ask,152,15679.021
2024-08-15 21:28:23,SOLUSDT,ask,250,18151.236
2024-08-15 21:28:25,SOLUSDT,ask,150,12570.968
2024-08-15 21:28:34,SOLUSDT,bid,140,31675.848
2024-08-15 21:28:34,SOLUSDT,bid,138,15850.099
2024-08-15 21:28:34,SOLUSDT,bid,135,24271.617
2024-08-15 21:28:36,SOLUSDT,ask,180,22218.081
2024-08-15 21:28:50,SOLUSDT,bid,135,24270.875
2024-08-15 21:29:15,SOLUSDT,ask,163,18150.391
2024-08-15 21:29:16,SOLUSDT,ask,150,12580.958
2024-08-15 21:29:16,SOLUSDT,bid,115,21228.819
2024-08-15 21:29:17,SOLUSDT,bid,120,21531.53
2024-08-15 21:29:22,SOLUSDT,bid,110,26074.297
2024-08-15 21:29:23,SOLUSDT,bid,116,13944.516
2024-08-15 21:29:25,SOLUSDT,bid,118,8963.74
2024-08-15 21:29:27,SOLUSDT,bid,139,13063.306
2024-08-15 21:29:28,SOLUSDT,bid,120,21530.697
2024-08-15 21:29:29,SOLUSDT,bid,115,21226.211
2024-08-15 21:29:30,SOLUSDT,ask,151,7828.754
2024-08-15 21:29:36,SOLUSDT,bid,115,21226.211
2024-08-15 21:29:44,SOLUSDT,ask,150,12584.258
2024-08-15 21:29:56,SOLUSDT,bid,115,21226.211
2024-08-15 21:30:05,SOLUSDT,ask,185,17204.987
2024-08-15 21:30:18,SOLUSDT,ask,150,12589.498
2024-08-15 21:30:23,SOLUSDT,bid,140,31665.531
2024-08-15 21:30:31,SOLUSDT,bid,140,31666.602
2024-08-15 21:30:37,SOLUSDT,ask,150,12586.22
2024-08-15 21:30:38,SOLUSDT,bid,139,13043.489
2024-08-15 21:30:41,SOLUSDT,bid,140,31673.744
2024-08-15 21:30:52,SOLUSDT,ask,155,8618.131
2024-08-15 21:30:52,SOLUSDT,ask,150,12586.818
2024-08-15 21:30:54,SOLUSDT,ask,150,12582.061
2024-08-15 21:30:56,SOLUSDT,ask,150,12578.713
2024-08-15 21:30:58,SOLUSDT,bid,138,15850.399
2024-08-15 21:31:02,SOLUSDT,ask,152,15685.021
2024-08-15 21:31:09,SOLUSDT,bid,135,24273.308
2024-08-15 21:31:15,SOLUSDT,ask,150,12578.645
2024-08-15 21:31:19,SOLUSDT,bid,135,24269.824
2024-08-15 21:31:22,SOLUSDT,bid,115,21226.211
2024-08-15 21:31:26,SOLUSDT,bid,115,21224.472
2024-08-15 21:31:29,SOLUSDT,bid,105,10415.727
2024-08-15 21:31:30,SOLUSDT,bid,110,26072.479
2024-08-15 21:31:32,SOLUSDT,ask,152,15682.738
2024-08-15 21:31:36,SOLUSDT,bid,130,13441.407
2024-08-15 21:31:36,SOLUSDT,bid,130,13441.323
2024-08-15 21:31:37,SOLUSDT,bid,140,31672.744
2024-08-15 21:31:42,SOLUSDT,ask,155,8620.414
2024-08-15 21:31:42,SOLUSDT,bid,115,21224.472
2024-08-15 21:31:47,SOLUSDT,bid,140,31672.068
2024-08-15 21:31:47,SOLUSDT,ask,152,15682.438
2024-08-15 21:31:57,SOLUSDT,ask,160,25521.527
2024-08-15 21:32:02,SOLUSDT,bid,115,21224.472
2024-08-15 21:32:04,SOLUSDT,ask,150,12572.275
2024-08-15 21:32:05,SOLUSDT,bid,120,21534.863
2024-08-15 21:32:11,SOLUSDT,bid,140,31673.959
2024-08-15 21:32:17,SOLUSDT,bid,140,31678.959
2024-08-15 21:32:20,SOLUSDT,ask,160,25521.577
2024-08-15 21:32:22,SOLUSDT,bid,130,13441.362
2024-08-15 21:32:29,SOLUSDT,ask,150,12578.775
2024-08-15 21:32:31,SOLUSDT,bid,115,21228.819
2024-08-15 21:32:37,SOLUSDT,bid,110,26077.024
2024-08-15 21:32:38,SOLUSDT,bid,140,31673.959
2024-08-15 21:32:44,SOLUSDT,ask,150,12577.959
2024-08-15 21:32:54,SOLUSDT,ask,150,12579.441
2024-08-15 21:32:55,SOLUSDT,ask,152,15706.495
2024-08-15 21:32:57,SOLUSDT,ask,150,12579.519
2024-08-15 21:33:07,SOLUSDT,bid,130,13441.323
2024-08-15 21:33:12,SOLUSDT,ask,151,7827.754
2024-08-15 21:33:20,SOLUSDT,ask,180,22223.091
2024-08-15 21:33:21,SOLUSDT,ask,180,22218.081
2024-08-15 21:33:22,SOLUSDT,bid,135,24269.084
2024-08-15 21:33:28,SOLUSDT,bid,116,13944.516
2024-08-15 21:33:35,SOLUSDT,bid,140,31673.045
2024-08-15 21:33:48,SOLUSDT,bid,116,13944.516
2024-08-15 21:34:01,SOLUSDT,ask,155,8620.2
2024-08-15 21:34:08,SOLUSDT,bid,116,13944.516
2024-08-15 21:34:09,SOLUSDT,ask,150,12372.83
2024-08-15 21:34:11,SOLUSDT,ask,150,12391.402
2024-08-15 21:34:21,SOLUSDT,ask,158,14660.32
2024-08-15 21:34:25,SOLUSDT,ask,150,12388.151
2024-08-15 21:34:26,SOLUSDT,ask,150,12388.256
2024-08-15 21:34:35,SOLUSDT,ask,150,12395.246
2024-08-15 21:34:36,SOLUSDT,ask,150,12464.177
2024-08-15 21:34:39,SOLUSDT,ask,150,12466.261
2024-08-15 21:34:39,SOLUSDT,ask,160,25519.493
2024-08-15 21:34:53,SOLUSDT,ask,155,8720.1
2024-08-15 21:34:57,SOLUSDT,bid,135,24265.074
2024-08-15 21:34:59,SOLUSDT,ask,150,12467.665
2024-08-15 21:35:07,SOLUSDT,bid,140,31670.903
2024-08-15 21:35:14,SOLUSDT,ask,160,25522.948
2024-08-15 21:35:27,SOLUSDT,ask,152,15704.289
2024-08-15 21:35:33,SOLUSDT,bid,116,13944.516
2024-08-15 21:35:38,SOLUSDT,ask,152,15711.469
2024-08-15 21:35:41,SOLUSDT,ask,150,12463.724
2024-08-15 21:35:51,SOLUSDT,ask,150,12463.843
2024-08-15 21:35:53,SOLUSDT,bid,116,13944.516
2024-08-15 21:35:57,SOLUSDT,bid,139,13047.131
2024-08-15 21:35:58,SOLUSDT,bid,120,21478.686
2024-08-15 21:36:02,SOLUSDT,bid,140,31666.618
2024-08-15 21:36:04,SOLUSDT,bid,138,15846.639
2024-08-15 21:36:06,SOLUSDT,bid,120,21477.05
2024-08-15 21:36:07,SOLUSDT,bid,140,31666.654
2024-08-15 21:36:07,SOLUSDT,bid,140,31665.983
2024-08-15 21:36:08,SOLUSDT,ask,170,12123.271
2024-08-15 21:36:13,SOLUSDT,bid,116,13944.516
2024-08-15 21:36:20,SOLUSDT,bid,140,31696.748
2024-08-15 21:36:20,SOLUSDT,ask,155,8716.018
2024-08-15 21:36:26,SOLUSDT,ask,150,12465.843
2024-08-15 21:36:27,SOLUSDT,bid,140,31697.748
2024-08-15 21:36:29,SOLUSDT,bid,145,12880.525
2024-08-15 21:36:31,SOLUSDT,bid,145,12911.512
2024-08-15 21:36:32,SOLUSDT,bid,145,12880.525
2024-08-15 21:36:32,SOLUSDT,bid,145,12880.686
2024-08-15 21:36:33,SOLUSDT,bid,145,12880.525
2024-08-15 21:36:33,SOLUSDT,bid,145,12818.553
2024-08-15 21:36:34,SOLUSDT,bid,145,12825.542
2024-08-15 21:36:34,SOLUSDT,bid,145,12856.527
2024-08-15 21:36:40,SOLUSDT,ask,150,12469.925
2024-08-15 21:36:40,SOLUSDT,bid,140,31697.183
2024-08-15 21:36:43,SOLUSDT,bid,145,12501.821
2024-08-15 21:36:44,SOLUSDT,bid,125,16153.544
2024-08-15 21:36:45,SOLUSDT,bid,145,12474.963
2024-08-15 21:36:45,SOLUSDT,bid,145,12466.838
2024-08-15 21:36:46,SOLUSDT,bid,145,12467.011
2024-08-15 21:36:46,SOLUSDT,bid,145,12466.838
2024-08-15 21:36:47,SOLUSDT,ask,195,12200.223
2024-08-15 21:36:47,SOLUSDT,bid,145,12367.694
2024-08-15 21:36:48,SOLUSDT,bid,145,12372.655
2024-08-15 21:36:49,SOLUSDT,ask,155,8651.427
2024-08-15 21:36:49,SOLUSDT,bid,140,31702.343
2024-08-15 21:36:51,SOLUSDT,bid,145,12370.576
2024-08-15 21:36:54,SOLUSDT,bid,145,12489.506
2024-08-15 21:36:55,SOLUSDT,bid,139,12706.188
2024-08-15 21:36:55,SOLUSDT,bid,139,12696.168
2024-08-15 21:36:58,SOLUSDT,bid,145,12492.227
2024-08-15 21:36:58,SOLUSDT,bid,145,12412.233
2024-08-15 21:36:59,SOLUSDT,bid,145,12481.093
2024-08-15 21:37:00,SOLUSDT,bid,145,12478.372
2024-08-15 21:37:01,SOLUSDT,bid,145,12441.316
2024-08-15 21:37:01,SOLUSDT,bid,145,12442.037
2024-08-15 21:37:02,SOLUSDT,bid,145,12373.177
2024-08-15 21:37:03,SOLUSDT,bid,145,12373.375
2024-08-15 21:37:04,SOLUSDT,ask,175,14312.482
2024-08-15 21:37:04,SOLUSDT,bid,145,12374.507
2024-08-15 21:37:05,SOLUSDT,bid,145,12250.616
2024-08-15 21:37:06,SOLUSDT,bid,145,12250.564
2024-08-15 21:37:06,SOLUSDT,bid,145,12251.649
2024-08-15 21:37:06,SOLUSDT,bid,145,12199.982
2024-08-15 21:37:08,SOLUSDT,bid,120,21478.686
2024-08-15 21:37:08,SOLUSDT,bid,145,12201.791
2024-08-15 21:37:14,SOLUSDT,ask,150,12470.292
2024-08-15 21:37:17,SOLUSDT,bid,145,12199.982
2024-08-15 21:37:19,SOLUSDT,ask,150,12471.336
2024-08-15 21:37:26,SOLUSDT,bid,140,31702.406
2024-08-15 21:37:28,SOLUSDT,bid,135,24275.074
2024-08-15 21:37:28,SOLUSDT,bid,110,26071.024
2024-08-15 21:37:29,SOLUSDT,bid,145,12201.791
2024-08-15 21:37:29,SOLUSDT,bid,145,12200.706
2024-08-15 21:37:31,SOLUSDT,ask,151,7828.754
2024-08-15 21:37:33,SOLUSDT,bid,145,12203.605
2024-08-15 21:37:36,SOLUSDT,bid,145,12236.257
2024-08-15 21:37:38,SOLUSDT,bid,116,13944.516
2024-08-15 21:37:39,SOLUSDT,bid,125,16153.144
2024-08-15 21:37:40,SOLUSDT,bid,145,12750.168
2024-08-15 21:37:41,SOLUSDT,bid,145,12236.257
2024-08-15 21:37:46,SOLUSDT,ask,165,15005.99
2024-08-15 21:37:46,SOLUSDT,bid,145,12234.448
2024-08-15 21:37:48,SOLUSDT,bid,120,21477.613
2024-08-15 21:37:50,SOLUSDT,bid,145,12201.796
2024-08-15 21:37:50,SOLUSDT,bid,145,12198.897
2024-08-15 21:37:51,SOLUSDT,bid,145,12250.564
2024-08-15 21:37:51,SOLUSDT,bid,145,12250.366
2024-08-15 21:37:52,SOLUSDT,ask,163,18153.21
2024-08-15 21:37:52,SOLUSDT,bid,130,13440.554
2024-08-15 21:37:58,SOLUSDT,bid,145,12270.795
2024-08-15 21:37:58,SOLUSDT,ask,195,12159.591
2024-08-15 21:37:58,SOLUSDT,bid,116,13944.516
2024-08-15 21:38:02,SOLUSDT,bid,145,12270.797
2024-08-15 21:38:02,SOLUSDT,bid,145,12393.878
2024-08-15 21:38:03,SOLUSDT,bid,145,12486.809
2024-08-15 21:38:03,SOLUSDT,bid,145,12486.861
2024-08-15 21:38:04,SOLUSDT,bid,145,12489.749
2024-08-15 21:38:05,SOLUSDT,bid,145,12526.542
2024-08-15 21:38:06,SOLUSDT,bid,145,12568.29
2024-08-15 21:38:06,SOLUSDT,bid,145,12612.526
2024-08-15 21:38:06,SOLUSDT,bid,145,12602.759
2024-08-15 21:38:06,SOLUSDT,bid,145,12773.708
2024-08-15 21:38:06,SOLUSDT,bid,145,12706.597
2024-08-15 21:38:07,SOLUSDT,bid,145,12706.597
2024-08-15 21:38:07,SOLUSDT,bid,145,12775.457
2024-08-15 21:38:07,SOLUSDT,bid,145,12651.106
2024-08-15 21:38:07,SOLUSDT,bid,145,12647.106
2024-08-15 21:38:07,SOLUSDT,bid,145,12578.995
2024-08-15 21:38:08,SOLUSDT,bid,145,12577.863
2024-08-15 21:38:08,SOLUSDT,bid,145,12582.846
2024-08-15 21:38:09,SOLUSDT,bid,145,12577.863
2024-08-15 21:38:09,SOLUSDT,bid,145,12576.863
2024-08-15 21:38:09,SOLUSDT,bid,138,15845.915
2024-08-15 21:38:10,SOLUSDT,bid,145,12645.523
2024-08-15 21:38:10,SOLUSDT,ask,163,18150.391
2024-08-15 21:38:11,SOLUSDT,bid,140,31712.406
2024-08-15 21:38:14,SOLUSDT,bid,145,12576.663
2024-08-15 21:38:15,SOLUSDT,bid,140,31712.442
2024-08-15 21:38:16,SOLUSDT,bid,145,12645.523
2024-08-15 21:38:17,SOLUSDT,bid,145,12474.574
2024-08-15 21:38:18,SOLUSDT,bid,145,12484.172
2024-08-15 21:38:18,SOLUSDT,bid,116,13944.516
2024-08-15 21:38:18,SOLUSDT,bid,145,12415.312
2024-08-15 21:38:19,SOLUSDT,bid,145,12405.714
2024-08-15 21:38:22,SOLUSDT,ask,195,12200.223
2024-08-15 21:38:23,SOLUSDT,bid,145,12409.714
2024-08-15 21:38:23,SOLUSDT,bid,145,12477.825
2024-08-15 21:38:23,SOLUSDT,bid,145,12759.305
2024-08-15 21:38:24,SOLUSDT,bid,145,12766.188
2024-08-15 21:38:24,SOLUSDT,bid,145,12865.332
2024-08-15 21:38:24,SOLUSDT,bid,145,12790.375
2024-08-15 21:38:24,SOLUSDT,bid,145,12788.827
2024-08-15 21:38:24,SOLUSDT,bid,145,12508.401
2024-08-15 21:38:24,SOLUSDT,ask,161,15528.538
2024-08-15 21:38:24,SOLUSDT,bid,145,12370.735
2024-08-15 21:38:24,SOLUSDT,bid,145,12323.304
2024-08-15 21:38:25,SOLUSDT,bid,145,12271.637
2024-08-15 21:38:25,SOLUSDT,bid,145,12511.162
2024-08-15 21:38:26,SOLUSDT,bid,145,12545.593
2024-08-15 21:38:26,SOLUSDT,bid,145,12308.828
2024-08-15 21:38:26,SOLUSDT,bid,145,12298.59
2024-08-15 21:38:26,SOLUSDT,bid,145,12298.59
2024-08-15 21:38:26,SOLUSDT,bid,145,12340.617
2024-08-15 21:38:26,SOLUSDT,bid,145,12333.727
2024-08-15 21:38:27,SOLUSDT,bid,145,12224.429
2024-08-15 21:38:27,SOLUSDT,bid,145,12206.387
2024-08-15 21:38:27,SOLUSDT,bid,145,12182.282
2024-08-15 21:38:27,SOLUSDT,bid,145,12320.203
2024-08-15 21:38:27,SOLUSDT,bid,145,12325.723
2024-08-15 21:38:32,SOLUSDT,bid,130,13440.854
2024-08-15 21:38:32,SOLUSDT,ask,152,15710.71
2024-08-15 21:38:45,SOLUSDT,ask,151,7826.684
2024-08-15 21:38:50,SOLUSDT,bid,135,24275.374
2024-08-15 21:38:55,SOLUSDT,ask,160,25519.493
2024-08-15 21:39:01,SOLUSDT,ask,150,12474.791
2024-08-15 21:39:07,SOLUSDT,bid,140,31712.642
2024-08-15 21:39:11,SOLUSDT,bid,130,13441.238
2024-08-15 21:39:11,SOLUSDT,ask,150,12475.791
2024-08-15 21:39:14,SOLUSDT,ask,151,7829.025
2024-08-15 21:39:15,SOLUSDT,ask,155,8652.476
2024-08-15 21:39:15,SOLUSDT,bid,145,12745.02
2024-08-15 21:39:15,SOLUSDT,bid,145,12733.46
2024-08-15 21:39:15,SOLUSDT,bid,130,13440.688
2024-08-15 21:39:15,SOLUSDT,bid,145,12650.798
2024-08-15 21:39:16,SOLUSDT,bid,145,12647.279
2024-08-15 21:39:16,SOLUSDT,ask,150,12475.943
2024-08-15 21:39:16,SOLUSDT,bid,145,12645.2
2024-08-15 21:39:16,SOLUSDT,bid,125,16152.858
2024-08-15 21:39:16,SOLUSDT,bid,145,12647.279
2024-08-15 21:39:16,SOLUSDT,bid,145,12711.223
2024-08-15 21:39:17,SOLUSDT,bid,145,12638.347
2024-08-15 21:39:17,SOLUSDT,bid,145,12570.731
2024-08-15 21:39:17,SOLUSDT,bid,145,12573.491
2024-08-15 21:39:17,SOLUSDT,bid,145,12576.251
2024-08-15 21:39:17,SOLUSDT,bid,145,12736.874
2024-08-15 21:39:17,SOLUSDT,bid,120,21477.316
2024-08-15 21:39:18,SOLUSDT,ask,158,14661.318
2024-08-15 21:39:18,SOLUSDT,bid,145,12805.786
2024-08-15 21:39:18,SOLUSDT,bid,145,12736.874
2024-08-15 21:39:19,SOLUSDT,ask,152,15724.724
2024-08-15 21:39:19,SOLUSDT,bid,145,12766.874
2024-08-15 21:39:19,SOLUSDT,ask,150,12474.943
2024-08-15 21:39:20,SOLUSDT,ask,170,12124.271
2024-08-15 21:39:20,SOLUSDT,bid,140,31712.442
2024-08-15 21:39:21,SOLUSDT,bid,145,12832.341
2024-08-15 21:39:21,SOLUSDT,bid,145,12824.061
2024-08-15 21:39:22,SOLUSDT,bid,145,12789.231
2024-08-15 21:39:23,SOLUSDT,bid,145,12787.507
2024-08-15 21:39:24,SOLUSDT,bid,145,12718.595
2024-08-15 21:39:25,SOLUSDT,ask,150,12475.631
2024-08-15 21:39:25,SOLUSDT,bid,145,12716.874
2024-08-15 21:39:25,SOLUSDT,ask,210,24747.921
2024-08-15 21:39:27,SOLUSDT,bid,145,12720.675
2024-08-15 21:39:27,SOLUSDT,bid,145,12716.874
2024-08-15 21:39:28,SOLUSDT,bid,145,13084.656
2024-08-15 21:39:29,SOLUSDT,bid,145,13087.547
2024-08-15 21:39:30,SOLUSDT,bid,145,13096.049
2024-08-15 21:39:31,SOLUSDT,bid,145,13093.158
2024-08-15 21:39:39,SOLUSDT,ask,150,12479.752
2024-08-15 21:39:40,SOLUSDT,bid,145,13084.656
2024-08-15 21:39:42,SOLUSDT,bid,145,13084.507
2024-08-15 21:39:43,SOLUSDT,bid,116,13944.516
2024-08-15 21:39:44,SOLUSDT,bid,145,12921.549
2024-08-15 21:39:45,SOLUSDT,bid,145,13071.114
2024-08-15 21:39:46,SOLUSDT,bid,145,12703.332
2024-08-15 21:39:56,SOLUSDT,bid,140,31712.335
2024-08-15 21:39:58,SOLUSDT,bid,145,12553.767
2024-08-15 21:40:03,SOLUSDT,bid,145,12686.324
2024-08-15 21:40:03,SOLUSDT,bid,116,13944.516
2024-08-15 21:40:03,SOLUSDT,bid,145,12714.516
2024-08-15 21:40:03,SOLUSDT,bid,145,12797.17
2024-08-15 21:40:03,SOLUSDT,bid,145,12714.516
2024-08-15 21:40:04,SOLUSDT,ask,160,25520.846
2024-08-15 21:40:04,SOLUSDT,bid,145,12686.324
2024-08-15 21:40:06,SOLUSDT,bid,145,12553.712
2024-08-15 21:40:06,SOLUSDT,bid,145,12421.155
2024-08-15 21:40:07,SOLUSDT,bid,145,12421.32
2024-08-15 21:40:08,SOLUSDT,bid,145,12288.708
2024-08-15 21:40:10,SOLUSDT,bid,145,12288.543
2024-08-15 21:40:12,SOLUSDT,bid,110,26070.255
2024-08-15 21:40:15,SOLUSDT,bid,145,12288.708
2024-08-15 21:40:15,SOLUSDT,bid,145,12288.543
2024-08-15 21:40:16,SOLUSDT,bid,130,13440.304
2024-08-15 21:40:19,SOLUSDT,ask,155,8669.006
2024-08-15 21:40:19,SOLUSDT,ask,165,14985.155
2024-08-15 21:40:22,SOLUSDT,ask,150,12480.132
2024-08-15 21:40:23,SOLUSDT,bid,116,13944.516
2024-08-15 21:40:25,SOLUSDT,bid,145,12421.1
2024-08-15 21:40:25,SOLUSDT,bid,145,12503.744
2024-08-15 21:40:25,SOLUSDT,bid,145,12553.657
2024-08-15 21:40:25,SOLUSDT,bid,145,12649.154
2024-08-15 21:40:26,SOLUSDT,ask,150,12514.579
2024-08-15 21:40:27,SOLUSDT,bid,145,12651.914
2024-08-15 21:40:27,SOLUSDT,bid,145,12654.674
2024-08-15 21:40:29,SOLUSDT,bid,145,12670.524
2024-08-15 21:40:29,SOLUSDT,bid,140,31662.335
2024-08-15 21:40:29,SOLUSDT,bid,138,15795.915
2024-08-15 21:40:32,SOLUSDT,bid,145,12666.882
2024-08-15 21:40:32,SOLUSDT,bid,145,12586.406
2024-08-15 21:40:33,SOLUSDT,bid,145,12556.417
2024-08-15 21:40:33,SOLUSDT,ask,150,12510.458
2024-08-15 21:40:33,SOLUSDT,bid,145,12553.657
2024-08-15 21:40:34,SOLUSDT,bid,145,12583.95
2024-08-15 21:40:34,SOLUSDT,bid,145,12594.727
2024-08-15 21:40:35,SOLUSDT,bid,145,12568.89
2024-08-15 21:40:35,SOLUSDT,bid,145,12572.89
2024-08-15 21:40:35,SOLUSDT,bid,145,12578.41
2024-08-15 21:40:35,SOLUSDT,bid,145,12581.17
2024-08-15 21:40:35,SOLUSDT,bid,145,12650.082
2024-08-15 21:40:36,SOLUSDT,bid,145,12644.626
2024-08-15 21:40:37,SOLUSDT,bid,145,12644.663
2024-08-15 21:40:37,SOLUSDT,bid,145,12701.299
2024-08-15 21:40:41,SOLUSDT,ask,155,8668.886
2024-08-15 21:40:42,SOLUSDT,ask,158,14660.925
2024-08-15 21:40:43,SOLUSDT,ask,150,12514.579
2024-08-15 21:40:46,SOLUSDT,ask,152,15719.502
2024-08-15 21:41:03,SOLUSDT,ask,151,7829.066
2024-08-15 21:41:03,SOLUSDT,ask,152,15719.461
2024-08-15 21:41:07,SOLUSDT,ask,152,15719.275
2024-08-15 21:41:12,SOLUSDT,bid,145,12930.087
2024-08-15 21:41:12,SOLUSDT,bid,145,12930.124
2024-08-15 21:41:12,SOLUSDT,bid,145,12882.625
2024-08-15 21:41:13,SOLUSDT,bid,145,12514.843
2024-08-15 21:41:13,SOLUSDT,bid,145,12514.806
2024-08-15 21:41:13,SOLUSDT,bid,145,12522.856
2024-08-15 21:41:13,SOLUSDT,bid,145,12557.315
2024-08-15 21:41:13,SOLUSDT,bid,145,12377.184
2024-08-15 21:41:14,SOLUSDT,bid,145,12246.573
2024-08-15 21:41:14,SOLUSDT,bid,145,12170.247
2024-08-15 21:41:14,SOLUSDT,bid,145,12201.384
2024-08-15 21:41:14,SOLUSDT,bid,145,12201.384
2024-08-15 21:41:14,SOLUSDT,bid,145,12219.903
2024-08-15 21:41:15,SOLUSDT,bid,145,12387.403
2024-08-15 21:41:15,SOLUSDT,bid,145,12414.373
2024-08-15 21:41:15,SOLUSDT,bid,145,12419.54
2024-08-15 21:41:15,SOLUSDT,bid,145,12419.491
2024-08-15 21:41:15,SOLUSDT,bid,145,12416.046
2024-08-15 21:41:21,SOLUSDT,bid,140,31662.692
2024-08-15 21:41:23,SOLUSDT,ask,152,15716.937
2024-08-15 21:41:23,SOLUSDT,ask,150,12518.555
2024-08-15 21:41:25,SOLUSDT,ask,160,25520.963
2024-08-15 21:41:29,SOLUSDT,bid,145,13110.662
2024-08-15 21:41:31,SOLUSDT,bid,145,13027.98
2024-08-15 21:41:31,SOLUSDT,bid,145,13031.176
2024-08-15 21:41:31,SOLUSDT,bid,145,13036.696
2024-08-15 21:41:31,SOLUSDT,bid,145,13039.456
2024-08-15 21:41:32,SOLUSDT,bid,145,13027.251
2024-08-15 21:41:32,SOLUSDT,bid,145,13021.731
2024-08-15 21:41:32,SOLUSDT,bid,145,13018.971
2024-08-15 21:41:33,SOLUSDT,bid,145,13130.072
2024-08-15 21:41:33,SOLUSDT,bid,145,13083.337
2024-08-15 21:41:33,SOLUSDT,bid,145,13082.337
2024-08-15 21:41:33,SOLUSDT,bid,145,13077.334
2024-08-15 21:41:33,SOLUSDT,bid,145,13038.409
2024-08-15 21:41:33,SOLUSDT,bid,145,12670.627
2024-08-15 21:41:33,SOLUSDT,bid,145,12667.431
2024-08-15 21:41:36,SOLUSDT,bid,145,12727.948
2024-08-15 21:41:36,SOLUSDT,bid,145,12659.013
2024-08-15 21:41:37,SOLUSDT,bid,100,35013.081
2024-08-15 21:41:37,SOLUSDT,bid,145,12662.966
2024-08-15 21:41:39,SOLUSDT,bid,145,12774.245
2024-08-15 21:41:39,SOLUSDT,bid,140,31662.643
2024-08-15 21:41:39,SOLUSDT,bid,130,13440.255
2024-08-15 21:41:39,SOLUSDT,bid,120,21477.267
2024-08-15 21:41:39,SOLUSDT,bid,110,26070.206
2024-08-15 21:41:39,SOLUSDT,ask,160,25520.914
2024-08-15 21:41:39,SOLUSDT,ask,170,12124.222
2024-08-15 21:41:39,SOLUSDT,ask,180,22218.032
2024-08-15 21:41:39,SOLUSDT,ask,190,23804.724
2024-08-15 21:41:39,SOLUSDT,bid,145,12770.292
2024-08-15 21:41:40,SOLUSDT,bid,145,12629.229
2024-08-15 21:41:40,SOLUSDT,bid,145,12598.246
2024-08-15 21:41:40,SOLUSDT,bid,145,12740.56
2024-08-15 21:41:40,SOLUSDT,ask,150,12516.551
2024-08-15 21:41:41,SOLUSDT,ask,150,12517.551
2024-08-15 21:41:41,SOLUSDT,ask,155,8664.272
2024-08-15 21:41:41,SOLUSDT,bid,145,12900.677
2024-08-15 21:41:41,SOLUSDT,bid,145,12906.197
2024-08-15 21:41:42,SOLUSDT,bid,145,12875.214
2024-08-15 21:41:42,SOLUSDT,bid,145,12876.214
2024-08-15 21:41:42,SOLUSDT,bid,145,12878.974
2024-08-15 21:41:43,SOLUSDT,bid,145,12920.326
2024-08-15 21:41:43,SOLUSDT,bid,145,13019.47
2024-08-15 21:41:43,SOLUSDT,bid,145,13016.712
2024-08-15 21:41:43,SOLUSDT,bid,145,13082.202
2024-08-15 21:41:43,SOLUSDT,bid,145,12939.888
2024-08-15 21:41:43,SOLUSDT,bid,145,12840.744
2024-08-15 21:41:43,SOLUSDT,bid,145,12814.757
2024-08-15 21:41:43,SOLUSDT,bid,145,12810.757
2024-08-15 21:41:43,SOLUSDT,bid,145,12655.785
2024-08-15 21:41:44,SOLUSDT,bid,145,12533.817
2024-08-15 21:41:44,SOLUSDT,bid,145,12525.537
2024-08-15 21:41:44,SOLUSDT,bid,145,12363.654
2024-08-15 21:41:44,SOLUSDT,bid,145,12327.131
2024-08-15 21:41:44,SOLUSDT,bid,145,12265.244
2024-08-15 21:41:44,SOLUSDT,bid,145,12302.881
2024-08-15 21:41:45,SOLUSDT,bid,145,12302.881
2024-08-15 21:41:45,SOLUSDT,bid,145,12364.768
2024-08-15 21:41:45,SOLUSDT,bid,145,12337.313
2024-08-15 21:41:45,SOLUSDT,bid,145,12299.917
2024-08-15 21:41:45,SOLUSDT,bid,145,12362.563
2024-08-15 21:41:46,SOLUSDT,bid,145,12362.6
2024-08-15 21:41:46,SOLUSDT,bid,145,12362.563
2024-08-15 21:41:46,SOLUSDT,bid,145,12362.6
2024-08-15 21:41:46,SOLUSDT,ask,152,15710.937
2024-08-15 21:41:46,SOLUSDT,ask,160,25525.528
2024-08-15 21:41:46,SOLUSDT,bid,145,12362.563
2024-08-15 21:41:47,SOLUSDT,bid,116,13944.516
2024-08-15 21:41:47,SOLUSDT,bid,145,12331.104
2024-08-15 21:41:47,SOLUSDT,bid,145,12380.075
2024-08-15 21:41:47,SOLUSDT,bid,145,12519.379
2024-08-15 21:41:48,SOLUSDT,bid,145,12588.315
2024-08-15 21:41:48,SOLUSDT,bid,145,12546.949
2024-08-15 21:41:48,SOLUSDT,bid,145,12562.917
2024-08-15 21:41:48,SOLUSDT,bid,145,12463.773
2024-08-15 21:41:49,SOLUSDT,bid,145,12485.858
2024-08-15 21:41:50,SOLUSDT,bid,145,12568.542
2024-08-15 21:41:50,SOLUSDT,bid,145,12485.858
2024-08-15 21:41:51,SOLUSDT,bid,145,12485.858
2024-08-15 21:41:52,SOLUSDT,bid,145,12463.773
2024-08-15 21:41:53,SOLUSDT,bid,145,12477.556
2024-08-15 21:41:53,SOLUSDT,bid,145,12576.7
2024-08-15 21:41:53,SOLUSDT,bid,145,12834.963
2024-08-15 21:41:57,SOLUSDT,bid,135,24277.419
2024-08-15 21:42:04,SOLUSDT,bid,145,12801.577
2024-08-15 21:42:04,SOLUSDT,bid,145,12943.891
2024-08-15 21:42:04,SOLUSDT,bid,145,12943.158
2024-08-15 21:42:05,SOLUSDT,bid,145,12971.588
2024-08-15 21:42:05,SOLUSDT,bid,145,12844.014
2024-08-15 21:42:06,SOLUSDT,bid,145,12835.534
2024-08-15 21:42:06,SOLUSDT,bid,145,12832.215
2024-08-15 21:42:07,SOLUSDT,bid,145,12689.901
2024-08-15 21:42:07,SOLUSDT,bid,116,13944.516
2024-08-15 21:42:07,SOLUSDT,bid,145,12679.562
2024-08-15 21:42:07,SOLUSDT,bid,138,15797.915
2024-08-15 21:42:08,SOLUSDT,bid,121,8365.478
2024-08-15 21:42:09,SOLUSDT,bid,145,12748.512
2024-08-15 21:42:11,SOLUSDT,bid,145,12679.562
2024-08-15 21:42:11,SOLUSDT,bid,145,12762.259
2024-08-15 21:42:12,SOLUSDT,bid,145,12933.93
2024-08-15 21:42:12,SOLUSDT,bid,145,12851.233
2024-08-15 21:42:13,SOLUSDT,bid,145,12950.377
2024-08-15 21:42:14,SOLUSDT,bid,145,12955.897
2024-08-15 21:42:14,SOLUSDT,bid,145,12958.657
2024-08-15 21:42:18,SOLUSDT,bid,145,12962.657
2024-08-15 21:42:18,SOLUSDT,bid,145,12962.694
2024-08-15 21:42:18,SOLUSDT,bid,145,12961.155
2024-08-15 21:42:19,SOLUSDT,bid,145,12978.423
2024-08-15 21:42:19,SOLUSDT,bid,145,12879.242
2024-08-15 21:42:20,SOLUSDT,bid,145,12879.288
2024-08-15 21:42:20,SOLUSDT,bid,145,12755.255
2024-08-15 21:42:21,SOLUSDT,bid,145,12751.809
2024-08-15 21:42:22,SOLUSDT,bid,145,12609.495
2024-08-15 21:42:22,SOLUSDT,bid,145,12609.532
2024-08-15 21:42:22,SOLUSDT,bid,145,12605.532
2024-08-15 21:42:23,SOLUSDT,ask,150,12517.399
2024-08-15 21:42:27,SOLUSDT,bid,116,13944.516
2024-08-15 21:42:28,SOLUSDT,bid,120,21476.638
2024-08-15 21:42:29,SOLUSDT,bid,140,31662.143
2024-08-15 21:42:30,SOLUSDT,ask,152,15709.067
2024-08-15 21:42:36,SOLUSDT,bid,144,12682.432
2024-08-15 21:42:39,SOLUSDT,bid,144,12685.432
2024-08-15 21:42:42,SOLUSDT,bid,144,13015.777
2024-08-15 21:42:44,SOLUSDT,bid,144,12685.432
2024-08-15 21:42:45,SOLUSDT,bid,144,12685.432
2024-08-15 21:42:46,SOLUSDT,bid,144,13111.66
2024-08-15 21:42:47,SOLUSDT,bid,144,13066.912
2024-08-15 21:42:47,SOLUSDT,bid,144,13118.557
2024-08-15 21:42:47,SOLUSDT,bid,144,12685.432
