2024-08-15 20:51:31,SOLUSDT,ask,150,13399.837
2024-08-15 20:51:34,SOLUSDT,bid,140,31641.904
2024-08-15 20:51:38,SOLUSDT,bid,130,13423.349
2024-08-15 20:51:50,SOLUSDT,ask,185,17194.424
2024-08-15 20:51:50,SOLUSDT,bid,115,21174.76
2024-08-15 20:52:02,SOLUSDT,bid,120,21437.188
2024-08-15 20:52:05,SOLUSDT,bid,139,12701.181
2024-08-15 20:52:06,SOLUSDT,bid,140,31640.777
2024-08-15 20:52:16,SOLUSDT,bid,115,21174.76
2024-08-15 20:52:20,SOLUSDT,bid,139,12704.181
2024-08-15 20:52:20,SOLUSDT,ask,150,13398.831
2024-08-15 20:52:23,SOLUSDT,ask,188,10396.98
2024-08-15 20:52:23,SOLUSDT,ask,190,23716.557
2024-08-15 20:52:24,SOLUSDT,bid,140,31665.777
2024-08-15 20:52:24,SOLUSDT,ask,150,13399.837
2024-08-15 20:52:38,SOLUSDT,bid,115,21174.76
2024-08-15 20:53:00,SOLUSDT,ask,150,13401.837
2024-08-15 20:53:12,SOLUSDT,bid,130,13423.413
2024-08-15 20:53:23,SOLUSDT,bid,115,21133.64
2024-08-15 20:53:27,SOLUSDT,bid,140,31665.877
2024-08-15 20:53:38,SOLUSDT,ask,150,13399.632
2024-08-15 20:53:38,SOLUSDT,ask,155,8675.288
2024-08-15 20:53:41,SOLUSDT,ask,152,15691.632
2024-08-15 20:53:46,SOLUSDT,bid,143,13957.44
2024-08-15 20:53:49,SOLUSDT,bid,143,13958.824
2024-08-15 20:53:56,SOLUSDT,ask,150,13398.025
2024-08-15 20:54:00,SOLUSDT,ask,155,8676.818
2024-08-15 20:54:03,SOLUSDT,bid,143,13960.443
2024-08-15 20:54:09,SOLUSDT,bid,120,21441.638
2024-08-15 20:54:09,SOLUSDT,ask,150,13395.025
2024-08-15 20:54:13,SOLUSDT,bid,115,21133.64
2024-08-15 20:54:19,SOLUSDT,ask,150,13394.019
2024-08-15 20:54:19,SOLUSDT,ask,161,15524.72
2024-08-15 20:54:23,SOLUSDT,ask,150,13395.025
2024-08-15 20:54:33,SOLUSDT,ask,155,8674.646
2024-08-15 20:54:33,SOLUSDT,bid,135,24316.004
2024-08-15 20:54:33,SOLUSDT,bid,115,21133.64
2024-08-15 20:54:35,SOLUSDT,bid,139,12700.584
2024-08-15 20:54:35,SOLUSDT,ask,199,5252.577
2024-08-15 20:54:36,SOLUSDT,bid,135,24313.638
2024-08-15 20:54:46,SOLUSDT,bid,110,26136.303
2024-08-15 20:54:46,SOLUSDT,ask,163,18155.93
2024-08-15 20:54:49,SOLUSDT,ask,160,25504.282
2024-08-15 20:54:53,SOLUSDT,bid,115,21133.64
2024-08-15 20:54:53,SOLUSDT,ask,150,13403.76
2024-08-15 20:55:00,SOLUSDT,bid,110,26122.137
2024-08-15 20:55:03,SOLUSDT,ask,152,15693.804
2024-08-15 20:55:09,SOLUSDT,bid,120,21437.422
2024-08-15 20:55:11,SOLUSDT,bid,143,13960.484
2024-08-15 20:55:19,SOLUSDT,bid,135,24310.254
2024-08-15 20:55:21,SOLUSDT,bid,139,12693.39
2024-08-15 20:55:25,SOLUSDT,bid,130,13423.329
2024-08-15 20:55:25,SOLUSDT,bid,130,13423.245
2024-08-15 20:55:25,SOLUSDT,bid,143,13965.384
2024-08-15 20:55:25,SOLUSDT,bid,105,10464.244
2024-08-15 20:55:27,SOLUSDT,bid,130,13421.322
2024-08-15 20:55:28,SOLUSDT,bid,135,24308.403
2024-08-15 20:55:32,SOLUSDT,bid,143,13965.601
2024-08-15 20:55:32,SOLUSDT,bid,125,16274.718
2024-08-15 20:55:33,SOLUSDT,bid,140,31666.094
2024-08-15 20:55:35,SOLUSDT,ask,150,13402.76
2024-08-15 20:55:36,SOLUSDT,bid,143,13972.594
2024-08-15 20:55:39,SOLUSDT,bid,135,24308.236
2024-08-15 20:55:42,SOLUSDT,bid,130,13423.245
2024-08-15 20:55:47,SOLUSDT,ask,155,8672.05
2024-08-15 20:55:49,SOLUSDT,bid,120,21439.505
2024-08-15 20:55:49,SOLUSDT,ask,152,15693.854
2024-08-15 20:55:59,SOLUSDT,ask,150,13403.281
2024-08-15 20:56:00,SOLUSDT,bid,115,21133.64
2024-08-15 20:56:02,SOLUSDT,ask,151,7588.5
2024-08-15 20:56:13,SOLUSDT,ask,163,18155.458
2024-08-15 20:56:18,SOLUSDT,bid,115,21133.64
2024-08-15 20:56:25,SOLUSDT,ask,150,13401.534
2024-08-15 20:56:29,SOLUSDT,ask,150,13403.648
2024-08-15 20:56:34,SOLUSDT,ask,155,8672.73
2024-08-15 20:56:37,SOLUSDT,ask,150,13400.388
2024-08-15 20:56:38,SOLUSDT,bid,115,21133.64
2024-08-15 20:56:44,SOLUSDT,bid,131,9537.795
2024-08-15 20:56:46,SOLUSDT,ask,151,7588.356
2024-08-15 20:56:46,SOLUSDT,ask,150,13390.388
2024-08-15 20:56:46,SOLUSDT,ask,180,22217.57
2024-08-15 20:56:51,SOLUSDT,ask,150,13389.4
2024-08-15 20:56:51,SOLUSDT,ask,152,15694.842
2024-08-15 20:56:51,SOLUSDT,ask,155,8672.059
2024-08-15 20:56:58,SOLUSDT,bid,135,24258.236
2024-08-15 20:57:00,SOLUSDT,ask,150,13391.224
2024-08-15 20:57:03,SOLUSDT,bid,143,13972.553
2024-08-15 20:57:05,SOLUSDT,ask,152,15693.013
2024-08-15 20:57:10,SOLUSDT,bid,140,31667.005
2024-08-15 20:57:10,SOLUSDT,bid,138,15921.005
2024-08-15 20:57:10,SOLUSDT,ask,150,13390.252
2024-08-15 20:57:10,SOLUSDT,bid,130,13428.013
2024-08-15 20:57:12,SOLUSDT,bid,143,13972.622
2024-08-15 20:57:12,SOLUSDT,bid,143,6982.927
2024-08-15 20:57:12,SOLUSDT,ask,160,25504.502
2024-08-15 20:57:13,SOLUSDT,ask,150,13391.191
2024-08-15 20:57:47,SOLUSDT,ask,185,17194.644
2024-08-15 20:57:53,SOLUSDT,bid,140,31668.433
2024-08-15 20:58:02,SOLUSDT,bid,115,21133.64
2024-08-15 20:58:04,SOLUSDT,ask,180,22216.55
2024-08-15 20:58:11,SOLUSDT,ask,150,13411.171
2024-08-15 20:58:14,SOLUSDT,bid,139,12692.16
2024-08-15 20:58:14,SOLUSDT,bid,143,6976.466
2024-08-15 20:58:22,SOLUSDT,bid,115,21133.64
2024-08-15 20:58:25,SOLUSDT,ask,190,23717.577
2024-08-15 20:58:27,SOLUSDT,bid,135,24255.015
2024-08-15 20:58:30,SOLUSDT,bid,143,13972.657
2024-08-15 20:58:34,SOLUSDT,ask,155,8655.582
2024-08-15 20:58:34,SOLUSDT,ask,158,14710.331
2024-08-15 20:58:34,SOLUSDT,ask,150,13411.24
2024-08-15 20:58:35,SOLUSDT,ask,152,15692.74
2024-08-15 20:58:37,SOLUSDT,ask,155,8654.052
2024-08-15 20:58:39,SOLUSDT,bid,140,31658.433
2024-08-15 20:58:41,SOLUSDT,bid,143,14392.453
2024-08-15 20:58:42,SOLUSDT,bid,115,21133.64
2024-08-15 20:58:44,SOLUSDT,ask,150,13411.045
2024-08-15 20:58:52,SOLUSDT,bid,140,31648.433
2024-08-15 20:58:52,SOLUSDT,bid,130,13418.013
2024-08-15 20:58:59,SOLUSDT,bid,115,21133.916
2024-08-15 20:59:02,SOLUSDT,bid,130,13418.738
2024-08-15 20:59:14,SOLUSDT,bid,140,31653.762
2024-08-15 20:59:18,SOLUSDT,ask,152,15692.935
2024-08-15 20:59:24,SOLUSDT,ask,150,13411.183
2024-08-15 20:59:47,SOLUSDT,ask,210,25623.388
2024-08-15 21:00:06,SOLUSDT,bid,115,21133.916
2024-08-15 21:00:16,SOLUSDT,bid,143,14392.242
2024-08-15 21:00:26,SOLUSDT,bid,115,21133.916
2024-08-15 21:00:30,SOLUSDT,bid,143,14394.381
2024-08-15 21:00:30,SOLUSDT,ask,151,7588.288
2024-08-15 21:00:41,SOLUSDT,bid,138,15920.281
2024-08-15 21:00:46,SOLUSDT,bid,115,21133.916
2024-08-15 21:00:50,SOLUSDT,bid,140,31653.707
2024-08-15 21:00:50,SOLUSDT,ask,150,13411.394
2024-08-15 21:00:50,SOLUSDT,bid,143,14395.207
2024-08-15 21:00:55,SOLUSDT,ask,151,7589.288
2024-08-15 21:00:58,SOLUSDT,bid,140,31648.934
2024-08-15 21:01:04,SOLUSDT,bid,105,10444.244
2024-08-15 21:01:10,SOLUSDT,bid,140,31648.072
2024-08-15 21:01:10,SOLUSDT,ask,152,15813.013
2024-08-15 21:01:11,SOLUSDT,bid,143,14395.418
2024-08-15 21:01:18,SOLUSDT,ask,200,44898.861
2024-08-15 21:01:31,SOLUSDT,bid,143,14395.207
2024-08-15 21:01:32,SOLUSDT,ask,155,8654.2
2024-08-15 21:01:34,SOLUSDT,bid,140,31646.032
2024-08-15 21:01:38,SOLUSDT,ask,150,13408.923
2024-08-15 21:01:44,SOLUSDT,bid,143,6977.846
2024-08-15 21:01:48,SOLUSDT,bid,130,13392.715
2024-08-15 21:01:50,SOLUSDT,ask,155,8655.2
2024-08-15 21:01:52,SOLUSDT,bid,140,31653.174
2024-08-15 21:01:52,SOLUSDT,bid,143,14396.207
2024-08-15 21:01:59,SOLUSDT,ask,150,13406.581
2024-08-15 21:02:02,SOLUSDT,bid,143,14394.823
2024-08-15 21:02:02,SOLUSDT,bid,143,14394.909
2024-08-15 21:02:03,SOLUSDT,bid,143,14394.958
2024-08-15 21:02:08,SOLUSDT,bid,143,6977.896
2024-08-15 21:02:11,SOLUSDT,bid,116,13945.478
2024-08-15 21:02:11,SOLUSDT,bid,116,13945.378
2024-08-15 21:02:16,SOLUSDT,bid,140,31696.031
2024-08-15 21:02:22,SOLUSDT,ask,165,13845.784
2024-08-15 21:02:23,SOLUSDT,bid,143,14395.112
2024-08-15 21:02:23,SOLUSDT,ask,151,7589.388
2024-08-15 21:02:25,SOLUSDT,ask,150,13378.683
2024-08-15 21:02:31,SOLUSDT,ask,151,7589.456
2024-08-15 21:02:31,SOLUSDT,ask,150,13383.095
2024-08-15 21:02:31,SOLUSDT,bid,135,24312.622
2024-08-15 21:02:31,SOLUSDT,bid,116,13945.378
2024-08-15 21:02:34,SOLUSDT,ask,150,13382.089
2024-08-15 21:02:36,SOLUSDT,bid,130,13452.538
2024-08-15 21:02:43,SOLUSDT,bid,135,24299.458
2024-08-15 21:02:47,SOLUSDT,ask,150,13383.095
2024-08-15 21:02:47,SOLUSDT,bid,116,13945.778
2024-08-15 21:02:47,SOLUSDT,ask,152,15806.109
2024-08-15 21:02:50,SOLUSDT,ask,150,12455.567
2024-08-15 21:02:52,SOLUSDT,bid,116,13945.778
2024-08-15 21:02:56,SOLUSDT,bid,116,13945.378
2024-08-15 21:02:56,SOLUSDT,bid,116,13945.778
2024-08-15 21:03:02,SOLUSDT,ask,151,7588.194
2024-08-15 21:03:04,SOLUSDT,ask,152,15799.057
2024-08-15 21:03:05,SOLUSDT,ask,151,7555.917
2024-08-15 21:03:10,SOLUSDT,ask,190,23717.5
2024-08-15 21:03:10,SOLUSDT,ask,150,12455.356
2024-08-15 21:03:11,SOLUSDT,ask,190,23716.38
2024-08-15 21:03:12,SOLUSDT,ask,150,12456.76
2024-08-15 21:03:13,SOLUSDT,ask,300,9176.859
2024-08-15 21:03:16,SOLUSDT,ask,151,7535.18
2024-08-15 21:03:18,SOLUSDT,bid,116,13945.778
2024-08-15 21:03:22,SOLUSDT,ask,220,12058.564
2024-08-15 21:03:23,SOLUSDT,ask,155,8654.51
2024-08-15 21:03:23,SOLUSDT,ask,160,25505.192
2024-08-15 21:03:24,SOLUSDT,ask,152,15799.01
2024-08-15 21:03:25,SOLUSDT,bid,143,14396.112
2024-08-15 21:03:32,SOLUSDT,ask,152,15778.684
2024-08-15 21:03:39,SOLUSDT,ask,150,12456.725
2024-08-15 21:03:39,SOLUSDT,bid,116,13945.878
2024-08-15 21:03:39,SOLUSDT,bid,116,13945.778
2024-08-15 21:03:40,SOLUSDT,ask,150,12456.664
2024-08-15 21:03:49,SOLUSDT,bid,116,13945.378
2024-08-15 21:03:50,SOLUSDT,ask,158,14660.331
2024-08-15 21:03:57,SOLUSDT,bid,140,31696.101
2024-08-15 21:03:57,SOLUSDT,ask,150,12456.93
2024-08-15 21:03:59,SOLUSDT,bid,116,13945.378
2024-08-15 21:04:01,SOLUSDT,ask,151,7529.647
2024-08-15 21:04:02,SOLUSDT,ask,152,15766.551
2024-08-15 21:04:06,SOLUSDT,bid,125,16274.634
2024-08-15 21:04:14,SOLUSDT,ask,160,25478.267
2024-08-15 21:04:15,SOLUSDT,ask,155,8651.014
2024-08-15 21:04:18,SOLUSDT,bid,116,13945.478
2024-08-15 21:04:18,SOLUSDT,bid,116,13945.378
2024-08-15 21:04:20,SOLUSDT,bid,143,6976.516
2024-08-15 21:04:23,SOLUSDT,ask,150,12555.48
2024-08-15 21:04:24,SOLUSDT,bid,143,14396.323
2024-08-15 21:04:24,SOLUSDT,ask,158,14660.363
2024-08-15 21:04:26,SOLUSDT,bid,140,31692.373
2024-08-15 21:04:33,SOLUSDT,bid,143,14396.51
2024-08-15 21:04:36,SOLUSDT,ask,152,15773.568
2024-08-15 21:04:38,SOLUSDT,ask,165,13846.463
2024-08-15 21:04:38,SOLUSDT,bid,116,13945.378
2024-08-15 21:04:38,SOLUSDT,bid,125,16275.313
2024-08-15 21:04:49,SOLUSDT,bid,120,21489.505
2024-08-15 21:04:55,SOLUSDT,ask,150,12551.963
2024-08-15 21:04:57,SOLUSDT,ask,152,15778.896
2024-08-15 21:04:58,SOLUSDT,bid,116,13945.378
2024-08-15 21:04:59,SOLUSDT,ask,155,8701.014
2024-08-15 21:05:04,SOLUSDT,bid,140,31688.802
2024-08-15 21:05:04,SOLUSDT,bid,120,21499.505
2024-08-15 21:05:08,SOLUSDT,bid,135,24300.458
2024-08-15 21:05:09,SOLUSDT,bid,143,6977.276
2024-08-15 21:05:15,SOLUSDT,bid,143,6976.516
2024-08-15 21:05:16,SOLUSDT,bid,143,14396.579
2024-08-15 21:05:17,SOLUSDT,bid,140,31687.228
2024-08-15 21:05:24,SOLUSDT,ask,151,7528.647
2024-08-15 21:05:25,SOLUSDT,ask,152,15771.109
2024-08-15 21:05:34,SOLUSDT,bid,143,14396.378
2024-08-15 21:05:34,SOLUSDT,ask,150,12551.762
2024-08-15 21:05:34,SOLUSDT,bid,143,13976.582
2024-08-15 21:05:38,SOLUSDT,bid,140,31694.37
2024-08-15 21:05:42,SOLUSDT,bid,143,13976.371
2024-08-15 21:05:42,SOLUSDT,bid,120,21489.505
2024-08-15 21:05:43,SOLUSDT,ask,150,12540.622
2024-08-15 21:05:48,SOLUSDT,bid,143,13976.582
2024-08-15 21:05:48,SOLUSDT,ask,160,25512.749
2024-08-15 21:05:50,SOLUSDT,bid,143,6980.659
2024-08-15 21:05:55,SOLUSDT,bid,143,6976.516
2024-08-15 21:05:56,SOLUSDT,ask,150,12540.272
2024-08-15 21:05:58,SOLUSDT,bid,143,13976.371
2024-08-15 21:06:00,SOLUSDT,ask,150,12539.981
2024-08-15 21:06:04,SOLUSDT,bid,143,13970.458
2024-08-15 21:06:07,SOLUSDT,bid,143,13970.669
2024-08-15 21:06:07,SOLUSDT,bid,120,21494.505
2024-08-15 21:06:15,SOLUSDT,bid,143,13970.458
2024-08-15 21:06:21,SOLUSDT,bid,143,13970.669
2024-08-15 21:06:22,SOLUSDT,bid,116,13945.378
2024-08-15 21:06:23,SOLUSDT,ask,160,25513.055
2024-08-15 21:06:25,SOLUSDT,ask,150,12524.981
2024-08-15 21:06:25,SOLUSDT,ask,151,7503.647
2024-08-15 21:06:25,SOLUSDT,ask,152,15756.109
2024-08-15 21:06:26,SOLUSDT,bid,143,13970.458
2024-08-15 21:06:28,SOLUSDT,ask,155,8700.704
2024-08-15 21:06:31,SOLUSDT,bid,110,26132.137
2024-08-15 21:06:34,SOLUSDT,bid,143,13970.669
2024-08-15 21:06:41,SOLUSDT,ask,170,12122.615
2024-08-15 21:06:42,SOLUSDT,bid,116,13945.378
2024-08-15 21:06:44,SOLUSDT,ask,150,12530.194
2024-08-15 21:06:48,SOLUSDT,bid,100,35009.081
2024-08-15 21:06:50,SOLUSDT,ask,190,23715.49
2024-08-15 21:07:02,SOLUSDT,bid,116,13945.378
2024-08-15 21:07:07,SOLUSDT,bid,143,13971.368
2024-08-15 21:07:09,SOLUSDT,ask,150,12533.048
2024-08-15 21:07:09,SOLUSDT,bid,135,24269.756
2024-08-15 21:07:10,SOLUSDT,bid,140,31676.953
2024-08-15 21:07:15,SOLUSDT,ask,150,12532.601
2024-08-15 21:07:20,SOLUSDT,bid,143,6977.908
2024-08-15 21:07:24,SOLUSDT,ask,175,13779.687
2024-08-15 21:07:25,SOLUSDT,ask,155,8699.817
2024-08-15 21:07:28,SOLUSDT,ask,152,15782.503
2024-08-15 21:07:28,SOLUSDT,ask,250,18151.546
2024-08-15 21:07:29,SOLUSDT,ask,190,23792.248
2024-08-15 21:07:32,SOLUSDT,bid,143,13972.067
2024-08-15 21:07:33,SOLUSDT,ask,160,25516.902
2024-08-15 21:07:39,SOLUSDT,ask,190,23791.588
2024-08-15 21:07:41,SOLUSDT,bid,131,9567.795
2024-08-15 21:07:42,SOLUSDT,bid,139,12695.81
2024-08-15 21:07:42,SOLUSDT,ask,160,25516.817
2024-08-15 21:07:51,SOLUSDT,ask,155,8595.6
2024-08-15 21:07:54,SOLUSDT,ask,210,25624.048
2024-08-15 21:07:58,SOLUSDT,bid,143,13982.067
2024-08-15 21:08:05,SOLUSDT,ask,200,44892.811
2024-08-15 21:08:06,SOLUSDT,ask,155,8624.195
2024-08-15 21:08:10,SOLUSDT,bid,140,31677.316
2024-08-15 21:08:12,SOLUSDT,ask,155,8614.195
2024-08-15 21:08:14,SOLUSDT,ask,150,12532.525
2024-08-15 21:08:15,SOLUSDT,ask,150,12531.478
2024-08-15 21:08:28,SOLUSDT,bid,115,21133.916
2024-08-15 21:08:29,SOLUSDT,ask,160,25517.129
2024-08-15 21:08:32,SOLUSDT,ask,150,12531.547
2024-08-15 21:08:32,SOLUSDT,bid,143,13984.016
2024-08-15 21:08:44,SOLUSDT,ask,150,12531.587
2024-08-15 21:08:49,SOLUSDT,bid,115,21133.916
2024-08-15 21:08:49,SOLUSDT,ask,180,22217.39
2024-08-15 21:08:50,SOLUSDT,bid,143,13984.225
2024-08-15 21:08:50,SOLUSDT,ask,150,12530.434
2024-08-15 21:08:51,SOLUSDT,bid,131,9524.041
2024-08-15 21:08:54,SOLUSDT,bid,143,13982.276
2024-08-15 21:08:58,SOLUSDT,ask,152,15765.789
2024-08-15 21:08:59,SOLUSDT,ask,190,23791.868
2024-08-15 21:09:02,SOLUSDT,ask,152,15765.906
2024-08-15 21:09:04,SOLUSDT,ask,152,15765.959
2024-08-15 21:09:05,SOLUSDT,bid,143,13981.577
2024-08-15 21:09:07,SOLUSDT,ask,150,12521.259
2024-08-15 21:09:08,SOLUSDT,bid,115,21133.916
2024-08-15 21:09:08,SOLUSDT,bid,143,13981.926
2024-08-15 21:09:12,SOLUSDT,ask,155,8624.195
2024-08-15 21:09:14,SOLUSDT,bid,143,13982.135
2024-08-15 21:09:14,SOLUSDT,ask,188,10397.12
2024-08-15 21:09:18,SOLUSDT,ask,152,15769.244
2024-08-15 21:09:21,SOLUSDT,ask,150,12520.793
2024-08-15 21:09:23,SOLUSDT,ask,152,15768.894
2024-08-15 21:09:24,SOLUSDT,bid,143,13981.926
2024-08-15 21:09:30,SOLUSDT,ask,152,15770.894
2024-08-15 21:09:32,SOLUSDT,bid,143,13981.717
2024-08-15 21:09:35,SOLUSDT,bid,138,15920.137
2024-08-15 21:09:44,SOLUSDT,bid,115,21134.316
2024-08-15 21:09:46,SOLUSDT,bid,143,14005.365
2024-08-15 21:09:49,SOLUSDT,bid,115,21133.916
2024-08-15 21:09:49,SOLUSDT,bid,115,21134.316
2024-08-15 21:09:52,SOLUSDT,bid,110,26130.219
2024-08-15 21:09:54,SOLUSDT,bid,115,21133.916
2024-08-15 21:09:54,SOLUSDT,bid,115,21134.316
2024-08-15 21:09:59,SOLUSDT,bid,115,21133.916
2024-08-15 21:09:59,SOLUSDT,bid,115,21134.316
2024-08-15 21:10:04,SOLUSDT,bid,115,21133.916
2024-08-15 21:10:05,SOLUSDT,bid,115,21134.316
2024-08-15 21:10:09,SOLUSDT,bid,115,21133.916
2024-08-15 21:10:09,SOLUSDT,bid,115,21134.316
2024-08-15 21:10:10,SOLUSDT,ask,210,24738.141
2024-08-15 21:10:14,SOLUSDT,bid,115,21133.916
2024-08-15 21:10:14,SOLUSDT,bid,115,21134.316
2024-08-15 21:10:19,SOLUSDT,bid,115,21133.916
2024-08-15 21:10:19,SOLUSDT,bid,115,21134.316
2024-08-15 21:10:19,SOLUSDT,bid,143,6976.516
2024-08-15 21:10:19,SOLUSDT,bid,140,31676.953
2024-08-15 21:10:21,SOLUSDT,bid,143,13984.952
2024-08-15 21:10:21,SOLUSDT,ask,163,18154.458
2024-08-15 21:10:24,SOLUSDT,bid,115,21133.916
2024-08-15 21:10:24,SOLUSDT,bid,115,21134.316
2024-08-15 21:10:27,SOLUSDT,bid,143,13985.714
2024-08-15 21:10:29,SOLUSDT,bid,115,21133.916
2024-08-15 21:10:29,SOLUSDT,bid,115,21134.316
2024-08-15 21:10:33,SOLUSDT,bid,143,13989.812
2024-08-15 21:10:33,SOLUSDT,bid,115,21134.316
2024-08-15 21:10:34,SOLUSDT,bid,143,13981.024
2024-08-15 21:10:34,SOLUSDT,bid,115,21133.916
2024-08-15 21:10:34,SOLUSDT,bid,115,21134.316
2024-08-15 21:10:36,SOLUSDT,ask,165,14995.784
2024-08-15 21:10:36,SOLUSDT,ask,150,12521.792
2024-08-15 21:10:39,SOLUSDT,bid,115,21133.916
2024-08-15 21:10:39,SOLUSDT,bid,115,21134.316
2024-08-15 21:10:43,SOLUSDT,bid,138,15917.033
2024-08-15 21:10:44,SOLUSDT,bid,115,21133.916
2024-08-15 21:10:44,SOLUSDT,bid,115,21134.316
2024-08-15 21:10:46,SOLUSDT,ask,150,12522.608
2024-08-15 21:10:49,SOLUSDT,bid,115,21133.916
2024-08-15 21:10:49,SOLUSDT,bid,115,21134.316
2024-08-15 21:10:50,SOLUSDT,bid,140,31687.27
2024-08-15 21:10:51,SOLUSDT,bid,143,13980.262
2024-08-15 21:10:53,SOLUSDT,bid,138,15914.161
2024-08-15 21:10:53,SOLUSDT,bid,115,21134.316
2024-08-15 21:10:54,SOLUSDT,bid,115,21133.916
2024-08-15 21:10:54,SOLUSDT,bid,115,21134.316
2024-08-15 21:10:59,SOLUSDT,bid,115,21133.916
2024-08-15 21:10:59,SOLUSDT,bid,115,21134.316
2024-08-15 21:11:00,SOLUSDT,bid,139,12696.176
2024-08-15 21:11:02,SOLUSDT,ask,151,7503.581
2024-08-15 21:11:04,SOLUSDT,bid,143,6976.655
2024-08-15 21:11:05,SOLUSDT,bid,115,21133.916
2024-08-15 21:11:05,SOLUSDT,bid,115,21134.316
2024-08-15 21:11:05,SOLUSDT,bid,143,13976.164
2024-08-15 21:11:05,SOLUSDT,bid,140,31687.31
2024-08-15 21:11:09,SOLUSDT,bid,115,21133.916
2024-08-15 21:11:09,SOLUSDT,bid,90,21976.108
2024-08-15 21:11:09,SOLUSDT,bid,115,21134.316
2024-08-15 21:11:09,SOLUSDT,ask,150,12528.493
2024-08-15 21:11:10,SOLUSDT,bid,140,31686.31
2024-08-15 21:11:11,SOLUSDT,ask,150,12522.608
2024-08-15 21:11:11,SOLUSDT,ask,163,18152.088
2024-08-15 21:11:13,SOLUSDT,bid,120,21493.438
2024-08-15 21:11:13,SOLUSDT,bid,115,21134.316
2024-08-15 21:11:14,SOLUSDT,bid,115,21133.916
2024-08-15 21:11:14,SOLUSDT,bid,115,21134.316
2024-08-15 21:11:16,SOLUSDT,ask,151,7504.381
2024-08-15 21:11:19,SOLUSDT,bid,115,21133.916
2024-08-15 21:11:20,SOLUSDT,bid,115,21134.316
2024-08-15 21:11:20,SOLUSDT,bid,135,24268.824
2024-08-15 21:11:22,SOLUSDT,bid,115,21134.143
2024-08-15 21:11:24,SOLUSDT,bid,115,21133.743
2024-08-15 21:11:24,SOLUSDT,bid,115,21134.143
2024-08-15 21:11:29,SOLUSDT,bid,143,13977.429
2024-08-15 21:11:29,SOLUSDT,bid,115,21133.743
2024-08-15 21:11:29,SOLUSDT,bid,115,21134.143
2024-08-15 21:11:29,SOLUSDT,ask,152,15771.894
2024-08-15 21:11:34,SOLUSDT,bid,115,21133.743
2024-08-15 21:11:34,SOLUSDT,bid,115,21134.143
2024-08-15 21:11:35,SOLUSDT,bid,110,26100.219
2024-08-15 21:11:38,SOLUSDT,ask,155,8625.23
2024-08-15 21:11:39,SOLUSDT,bid,115,21133.743
2024-08-15 21:11:39,SOLUSDT,bid,115,21134.143
2024-08-15 21:11:44,SOLUSDT,bid,115,21133.743
2024-08-15 21:11:44,SOLUSDT,bid,115,21134.143
2024-08-15 21:11:44,SOLUSDT,ask,163,18151.562
2024-08-15 21:11:48,SOLUSDT,ask,165,14995.831
2024-08-15 21:11:49,SOLUSDT,bid,115,21133.743
2024-08-15 21:11:49,SOLUSDT,bid,115,21134.143
2024-08-15 21:11:54,SOLUSDT,bid,135,24276.241
2024-08-15 21:11:54,SOLUSDT,bid,115,21133.743
2024-08-15 21:11:54,SOLUSDT,bid,115,21134.143
2024-08-15 21:11:55,SOLUSDT,ask,198,6576.103
2024-08-15 21:11:59,SOLUSDT,bid,115,21134.143
2024-08-15 21:12:04,SOLUSDT,bid,140,31685.619
2024-08-15 21:12:04,SOLUSDT,bid,115,21133.743
2024-08-15 21:12:04,SOLUSDT,bid,115,21134.143
2024-08-15 21:12:07,SOLUSDT,bid,143,13998.408
2024-08-15 21:12:09,SOLUSDT,bid,115,21133.743
2024-08-15 21:12:09,SOLUSDT,bid,115,21134.143
2024-08-15 21:12:14,SOLUSDT,bid,115,21133.743
2024-08-15 21:12:15,SOLUSDT,bid,115,21134.143
2024-08-15 21:12:19,SOLUSDT,bid,115,21133.743
2024-08-15 21:12:20,SOLUSDT,bid,115,21134.143
2024-08-15 21:12:22,SOLUSDT,bid,111,14124.677
2024-08-15 21:12:23,SOLUSDT,bid,120,21494.438
2024-08-15 21:12:23,SOLUSDT,bid,143,13998.617
2024-08-15 21:12:24,SOLUSDT,bid,115,21133.743
2024-08-15 21:12:24,SOLUSDT,bid,115,21134.143
2024-08-15 21:12:29,SOLUSDT,bid,115,21133.743
2024-08-15 21:12:30,SOLUSDT,bid,115,21134.143
2024-08-15 21:12:30,SOLUSDT,ask,150,12522.539
2024-08-15 21:12:32,SOLUSDT,bid,140,31685.833
2024-08-15 21:12:34,SOLUSDT,bid,115,21133.743
2024-08-15 21:12:34,SOLUSDT,bid,115,21134.143
2024-08-15 21:12:37,SOLUSDT,ask,190,23793.514
2024-08-15 21:12:37,SOLUSDT,bid,115,21134.143
2024-08-15 21:12:39,SOLUSDT,bid,115,21133.743
2024-08-15 21:12:39,SOLUSDT,bid,115,21134.143
2024-08-15 21:12:44,SOLUSDT,bid,140,31685.793
2024-08-15 21:12:44,SOLUSDT,bid,115,21133.743
2024-08-15 21:12:44,SOLUSDT,bid,115,21134.143
2024-08-15 21:12:47,SOLUSDT,ask,151,7503.225
2024-08-15 21:12:48,SOLUSDT,bid,139,12692.526
2024-08-15 21:12:48,SOLUSDT,ask,190,23794.713
2024-08-15 21:12:49,SOLUSDT,bid,115,21133.743
2024-08-15 21:12:49,SOLUSDT,bid,115,21134.143
2024-08-15 21:12:53,SOLUSDT,bid,140,31685.402
2024-08-15 21:12:55,SOLUSDT,bid,115,21133.743
2024-08-15 21:12:55,SOLUSDT,bid,115,21134.143
2024-08-15 21:12:57,SOLUSDT,bid,115,21134.143
2024-08-15 21:12:57,SOLUSDT,ask,188,10426.12
2024-08-15 21:13:00,SOLUSDT,ask,155,8625.194
2024-08-15 21:13:12,SOLUSDT,bid,120,21494.384
2024-08-15 21:13:13,SOLUSDT,ask,150,12522.339
2024-08-15 21:13:17,SOLUSDT,bid,115,21134.143
2024-08-15 21:13:17,SOLUSDT,ask,158,14660.815
2024-08-15 21:13:22,SOLUSDT,ask,150,12522.676
2024-08-15 21:13:40,SOLUSDT,bid,135,24277.617
2024-08-15 21:13:49,SOLUSDT,ask,150,12519.233
2024-08-15 21:13:55,SOLUSDT,ask,150,12521.342
2024-08-15 21:14:02,SOLUSDT,bid,140,31678.26
2024-08-15 21:14:06,SOLUSDT,ask,152,15772.809
2024-08-15 21:14:09,SOLUSDT,bid,115,21190.82
2024-08-15 21:14:11,SOLUSDT,bid,140,31679.435
2024-08-15 21:14:11,SOLUSDT,bid,138,15912.969
2024-08-15 21:14:25,SOLUSDT,ask,200,44887.387
2024-08-15 21:14:25,SOLUSDT,ask,152,15751.075
2024-08-15 21:14:31,SOLUSDT,bid,140,31678.435
2024-08-15 21:14:31,SOLUSDT,bid,135,24276.617
2024-08-15 21:14:42,SOLUSDT,bid,115,21190.82
2024-08-15 21:14:44,SOLUSDT,ask,200,44892.742
2024-08-15 21:15:00,SOLUSDT,ask,150,12550.312
2024-08-15 21:15:02,SOLUSDT,bid,115,21190.82
2024-08-15 21:15:06,SOLUSDT,ask,152,15759.067
2024-08-15 21:15:11,SOLUSDT,bid,130,13452.622
2024-08-15 21:15:15,SOLUSDT,bid,130,13452.79
2024-08-15 21:15:16,SOLUSDT,bid,130,13452.874
2024-08-15 21:15:16,SOLUSDT,bid,130,13452.958
2024-08-15 21:15:20,SOLUSDT,ask,155,8605.194
2024-08-15 21:15:22,SOLUSDT,bid,115,21190.82
2024-08-15 21:15:29,SOLUSDT,bid,130,13445.717
2024-08-15 21:15:54,SOLUSDT,ask,160,25518.304
2024-08-15 21:15:56,SOLUSDT,ask,150,12550.382
2024-08-15 21:15:57,SOLUSDT,ask,165,14996.832
2024-08-15 21:16:06,SOLUSDT,bid,140,31679.142
2024-08-15 21:16:12,SOLUSDT,bid,140,31678.435
2024-08-15 21:16:15,SOLUSDT,ask,210,24737.101
2024-08-15 21:16:22,SOLUSDT,ask,150,12549.376
2024-08-15 21:16:27,SOLUSDT,ask,193,7529.109
2024-08-15 21:16:30,SOLUSDT,ask,160,25517.129
2024-08-15 21:16:47,SOLUSDT,bid,115,21190.82
2024-08-15 21:17:07,SOLUSDT,bid,130,13447.766
2024-08-15 21:17:07,SOLUSDT,bid,115,21190.82
2024-08-15 21:17:21,SOLUSDT,ask,150,12548.876
2024-08-15 21:17:27,SOLUSDT,bid,115,21190.82
2024-08-15 21:17:36,SOLUSDT,ask,151,7603.125
2024-08-15 21:17:41,SOLUSDT,ask,150,12557.981
2024-08-15 21:17:45,SOLUSDT,ask,200,44896.417
2024-08-15 21:17:48,SOLUSDT,bid,140,31678.374
2024-08-15 21:18:00,SOLUSDT,ask,151,7605.125
2024-08-15 21:18:00,SOLUSDT,bid,130,13448.766
2024-08-15 21:18:00,SOLUSDT,bid,121,8431.224
2024-08-15 21:18:06,SOLUSDT,bid,120,21494.467
2024-08-15 21:18:10,SOLUSDT,bid,140,31679.374
2024-08-15 21:18:14,SOLUSDT,ask,150,12558.481
2024-08-15 21:18:14,SOLUSDT,ask,193,7534.29
2024-08-15 21:18:20,SOLUSDT,ask,152,15732.673
2024-08-15 21:18:27,SOLUSDT,bid,140,31678.873
2024-08-15 21:18:53,SOLUSDT,ask,151,7607.284
2024-08-15 21:18:53,SOLUSDT,bid,115,21190.82
2024-08-15 21:19:13,SOLUSDT,bid,115,21190.82
2024-08-15 21:19:22,SOLUSDT,ask,165,14996.513
2024-08-15 21:19:28,SOLUSDT,ask,150,12560.479
2024-08-15 21:19:32,SOLUSDT,ask,151,7605.284
2024-08-15 21:19:32,SOLUSDT,bid,121,8367.978
2024-08-15 21:19:32,SOLUSDT,bid,115,21190.82
2024-08-15 21:19:32,SOLUSDT,bid,105,10416.244
2024-08-15 21:19:54,SOLUSDT,ask,152,15722.643
2024-08-15 21:20:08,SOLUSDT,ask,200,45100.25
2024-08-15 21:20:10,SOLUSDT,bid,133,8001.395
2024-08-15 21:20:19,SOLUSDT,ask,150,12561.704
2024-08-15 21:20:22,SOLUSDT,bid,140,31679.447
2024-08-15 21:20:30,SOLUSDT,bid,140,31678.733
2024-08-15 21:20:39,SOLUSDT,bid,111,14125.299
2024-08-15 21:20:53,SOLUSDT,bid,140,31678.159
2024-08-15 21:20:54,SOLUSDT,bid,111,14124.677
2024-08-15 21:20:57,SOLUSDT,bid,115,21190.92
2024-08-15 21:20:57,SOLUSDT,bid,115,21190.82
2024-08-15 21:20:58,SOLUSDT,bid,138,15911.969
2024-08-15 21:21:02,SOLUSDT,bid,130,13449.535
2024-08-15 21:21:02,SOLUSDT,ask,150,12558.274
2024-08-15 21:21:03,SOLUSDT,ask,161,15525.719
2024-08-15 21:21:04,SOLUSDT,bid,110,26080.671
2024-08-15 21:21:07,SOLUSDT,bid,140,31678.733
2024-08-15 21:21:15,SOLUSDT,bid,120,21493.777
2024-08-15 21:21:17,SOLUSDT,bid,115,21190.82
2024-08-15 21:21:20,SOLUSDT,bid,140,31675.733
2024-08-15 21:21:36,SOLUSDT,bid,130,13449.619
2024-08-15 21:21:36,SOLUSDT,bid,130,13449.703
2024-08-15 21:21:37,SOLUSDT,bid,115,21190.82
2024-08-15 21:21:39,SOLUSDT,ask,170,12122.703
2024-08-15 21:21:42,SOLUSDT,ask,163,18151.65
2024-08-15 21:21:45,SOLUSDT,ask,152,15714.651
2024-08-15 21:21:45,SOLUSDT,bid,120,21484.186
2024-08-15 21:22:05,SOLUSDT,ask,155,8604.159
2024-08-15 21:22:07,SOLUSDT,ask,160,25516.89
2024-08-15 21:22:08,SOLUSDT,ask,165,14996.482
2024-08-15 21:22:10,SOLUSDT,ask,160,25516.334
2024-08-15 21:22:17,SOLUSDT,ask,152,15712.154
2024-08-15 21:22:20,SOLUSDT,ask,151,7602.284
2024-08-15 21:22:24,SOLUSDT,ask,155,8614.45
2024-08-15 21:22:25,SOLUSDT,ask,150,12558.579
2024-08-15 21:22:31,SOLUSDT,ask,152,15752.114
2024-08-15 21:22:41,SOLUSDT,ask,151,7642.244
2024-08-15 21:22:41,SOLUSDT,ask,152,15712.154
2024-08-15 21:23:02,SOLUSDT,ask,151,7643.244
2024-08-15 21:23:05,SOLUSDT,bid,115,21190.82
2024-08-15 21:23:19,SOLUSDT,bid,131,9523.773
2024-08-15 21:23:19,SOLUSDT,ask,152,15715.154
2024-08-15 21:23:22,SOLUSDT,ask,150,12557.175
2024-08-15 21:23:25,SOLUSDT,bid,115,21190.82
2024-08-15 21:23:29,SOLUSDT,ask,150,12564.801
2024-08-15 21:23:37,SOLUSDT,ask,150,12563.801
2024-08-15 21:23:43,SOLUSDT,ask,152,15691.097
2024-08-15 21:23:45,SOLUSDT,bid,115,21190.82
2024-08-15 21:24:00,SOLUSDT,bid,140,31675.662
2024-08-15 21:24:11,SOLUSDT,ask,150,12570.171
2024-08-15 21:24:12,SOLUSDT,bid,130,13442.011
2024-08-15 21:24:19,SOLUSDT,bid,120,21506.53
2024-08-15 21:24:22,SOLUSDT,ask,158,14660.618
2024-08-15 21:24:38,SOLUSDT,bid,138,15850.685
2024-08-15 21:24:38,SOLUSDT,ask,150,12570.368
2024-08-15 21:24:39,SOLUSDT,bid,140,31676.376
2024-08-15 21:24:40,SOLUSDT,bid,130,13441.927
2024-08-15 21:24:44,SOLUSDT,bid,130,13441.843
2024-08-15 21:24:46,SOLUSDT,bid,130,13441.675
2024-08-15 21:24:46,SOLUSDT,ask,150,12571.167
2024-08-15 21:24:47,SOLUSDT,bid,130,13441.591
2024-08-15 21:24:51,SOLUSDT,bid,110,26076.117
2024-08-15 21:24:54,SOLUSDT,bid,130,13441.491
2024-08-15 21:24:54,SOLUSDT,bid,139,12712.343
2024-08-15 21:25:10,SOLUSDT,bid,115,21190.82
2024-08-15 21:25:12,SOLUSDT,ask,163,18150.582
2024-08-15 21:25:22,SOLUSDT,ask,190,23804.773
2024-08-15 21:25:29,SOLUSDT,bid,133,8000.571
2024-08-15 21:25:31,SOLUSDT,bid,115,21190.82
2024-08-15 21:25:33,SOLUSDT,ask,160,25512.487
2024-08-15 21:25:44,SOLUSDT,bid,135,24272.617
2024-08-15 21:25:50,SOLUSDT,bid,115,21190.82
2024-08-15 21:25:54,SOLUSDT,bid,138,15850.599
2024-08-15 21:25:56,SOLUSDT,bid,140,31676.298
2024-08-15 21:25:59,SOLUSDT,bid,115,21228.819
2024-08-15 21:26:07,SOLUSDT,bid,140,31676.348
2024-08-15 21:26:10,SOLUSDT,ask,150,12568.409
2024-08-15 21:26:15,SOLUSDT,ask,152,15670.429
2024-08-15 21:26:18,SOLUSDT,ask,152,15678.429
2024-08-15 21:26:57,SOLUSDT,ask,152,15677.514
2024-08-15 21:27:11,SOLUSDT,bid,115,21228.819
2024-08-15 21:27:11,SOLUSDT,ask,158,14660.106
2024-08-15 21:27:23,SOLUSDT,bid,139,12722.363
2024-08-15 21:27:31,SOLUSDT,ask,152,15679.514
2024-08-15 21:27:31,SOLUSDT,bid,115,21228.819
2024-08-15 21:27:51,SOLUSDT,bid,115,21228.819
2024-08-15 21:27:52,SOLUSDT,ask,151,7642.995
2024-08-15 21:28:07,SOLUSDT,ask,150,12568.477
2024-08-15 21:28:09,SOLUSDT,ask,160,25512.894
2024-08-15 21:28:16,SOLUSDT,bid,105,10418.584
2024-08-15 21:28:18,SOLUSDT,ask,165,14998.192
2024-08-15 21:28:18,SOLUSDT,ask,150,12568.97
2024-08-15 21:28:18,SOLUSDT,ask,152,15679.021
2024-08-15 21:28:23,SOLUSDT,ask,250,18151.236
2024-08-15 21:28:25,SOLUSDT,ask,150,12570.968
2024-08-15 21:28:34,SOLUSDT,bid,140,31675.848
2024-08-15 21:28:34,SOLUSDT,bid,138,15850.099
2024-08-15 21:28:34,SOLUSDT,bid,135,24271.617
2024-08-15 21:28:36,SOLUSDT,ask,180,22218.081
2024-08-15 21:28:50,SOLUSDT,bid,135,24270.875
2024-08-15 21:29:15,SOLUSDT,ask,163,18150.391
2024-08-15 21:29:16,SOLUSDT,ask,150,12580.958
2024-08-15 21:29:16,SOLUSDT,bid,115,21228.819
2024-08-15 21:29:17,SOLUSDT,bid,120,21531.53
2024-08-15 21:29:22,SOLUSDT,bid,110,26074.297
2024-08-15 21:29:23,SOLUSDT,bid,116,13944.516
2024-08-15 21:29:25,SOLUSDT,bid,118,8963.74
2024-08-15 21:29:27,SOLUSDT,bid,139,13063.306
2024-08-15 21:29:28,SOLUSDT,bid,120,21530.697
2024-08-15 21:29:29,SOLUSDT,bid,115,21226.211
2024-08-15 21:29:30,SOLUSDT,ask,151,7828.754
2024-08-15 21:29:36,SOLUSDT,bid,115,21226.211
2024-08-15 21:29:44,SOLUSDT,ask,150,12584.258
2024-08-15 21:29:56,SOLUSDT,bid,115,21226.211
2024-08-15 21:30:05,SOLUSDT,ask,185,17204.987
2024-08-15 21:30:18,SOLUSDT,ask,150,12589.498
2024-08-15 21:30:23,SOLUSDT,bid,140,31665.531
2024-08-15 21:30:31,SOLUSDT,bid,140,31666.602
2024-08-15 21:30:37,SOLUSDT,ask,150,12586.22
2024-08-15 21:30:38,SOLUSDT,bid,139,13043.489
2024-08-15 21:30:41,SOLUSDT,bid,140,31673.744
2024-08-15 21:30:52,SOLUSDT,ask,155,8618.131
2024-08-15 21:30:52,SOLUSDT,ask,150,12586.818
2024-08-15 21:30:54,SOLUSDT,ask,150,12582.061
2024-08-15 21:30:56,SOLUSDT,ask,150,12578.713
2024-08-15 21:30:58,SOLUSDT,bid,138,15850.399
2024-08-15 21:31:02,SOLUSDT,ask,152,15685.021
2024-08-15 21:31:09,SOLUSDT,bid,135,24273.308
2024-08-15 21:31:15,SOLUSDT,ask,150,12578.645
2024-08-15 21:31:19,SOLUSDT,bid,135,24269.824
2024-08-15 21:31:22,SOLUSDT,bid,115,21226.211
2024-08-15 21:31:26,SOLUSDT,bid,115,21224.472
2024-08-15 21:31:29,SOLUSDT,bid,105,10415.727
2024-08-15 21:31:30,SOLUSDT,bid,110,26072.479
2024-08-15 21:31:32,SOLUSDT,ask,152,15682.738
2024-08-15 21:31:36,SOLUSDT,bid,130,13441.407
2024-08-15 21:31:36,SOLUSDT,bid,130,13441.323
2024-08-15 21:31:37,SOLUSDT,bid,140,31672.744
2024-08-15 21:31:42,SOLUSDT,ask,155,8620.414
2024-08-15 21:31:42,SOLUSDT,bid,115,21224.472
2024-08-15 21:31:47,SOLUSDT,bid,140,31672.068
2024-08-15 21:31:47,SOLUSDT,ask,152,15682.438
2024-08-15 21:31:57,SOLUSDT,ask,160,25521.527
2024-08-15 21:32:02,SOLUSDT,bid,115,21224.472
2024-08-15 21:32:04,SOLUSDT,ask,150,12572.275
2024-08-15 21:32:05,SOLUSDT,bid,120,21534.863
2024-08-15 21:32:11,SOLUSDT,bid,140,31673.959
2024-08-15 21:32:17,SOLUSDT,bid,140,31678.959
2024-08-15 21:32:20,SOLUSDT,ask,160,25521.577
2024-08-15 21:32:22,SOLUSDT,bid,130,13441.362
2024-08-15 21:32:29,SOLUSDT,ask,150,12578.775
2024-08-15 21:32:31,SOLUSDT,bid,115,21228.819
2024-08-15 21:32:37,SOLUSDT,bid,110,26077.024
2024-08-15 21:32:38,SOLUSDT,bid,140,31673.959
2024-08-15 21:32:44,SOLUSDT,ask,150,12577.959
2024-08-15 21:32:54,SOLUSDT,ask,150,12579.441
2024-08-15 21:32:55,SOLUSDT,ask,152,15706.495
2024-08-15 21:32:57,SOLUSDT,ask,150,12579.519
2024-08-15 21:33:07,SOLUSDT,bid,130,13441.323
2024-08-15 21:33:12,SOLUSDT,ask,151,7827.754
2024-08-15 21:33:20,SOLUSDT,ask,180,22223.091
2024-08-15 21:33:21,SOLUSDT,ask,180,22218.081
2024-08-15 21:33:22,SOLUSDT,bid,135,24269.084
2024-08-15 21:33:28,SOLUSDT,bid,116,13944.516
2024-08-15 21:33:35,SOLUSDT,bid,140,31673.045
2024-08-15 21:33:48,SOLUSDT,bid,116,13944.516
2024-08-15 21:34:01,SOLUSDT,ask,155,8620.2
2024-08-15 21:34:08,SOLUSDT,bid,116,13944.516
2024-08-15 21:34:09,SOLUSDT,ask,150,12372.83
2024-08-15 21:34:11,SOLUSDT,ask,150,12391.402
2024-08-15 21:34:21,SOLUSDT,ask,158,14660.32
2024-08-15 21:34:25,SOLUSDT,ask,150,12388.151
2024-08-15 21:34:26,SOLUSDT,ask,150,12388.256
2024-08-15 21:34:35,SOLUSDT,ask,150,12395.246
2024-08-15 21:34:36,SOLUSDT,ask,150,12464.177
2024-08-15 21:34:39,SOLUSDT,ask,150,12466.261
2024-08-15 21:34:39,SOLUSDT,ask,160,25519.493
2024-08-15 21:34:53,SOLUSDT,ask,155,8720.1
2024-08-15 21:34:57,SOLUSDT,bid,135,24265.074
2024-08-15 21:34:59,SOLUSDT,ask,150,12467.665
2024-08-15 21:35:07,SOLUSDT,bid,140,31670.903
2024-08-15 21:35:14,SOLUSDT,ask,160,25522.948
2024-08-15 21:35:27,SOLUSDT,ask,152,15704.289
2024-08-15 21:35:33,SOLUSDT,bid,116,13944.516
2024-08-15 21:35:38,SOLUSDT,ask,152,15711.469
2024-08-15 21:35:41,SOLUSDT,ask,150,12463.724
2024-08-15 21:35:51,SOLUSDT,ask,150,12463.843
2024-08-15 21:35:53,SOLUSDT,bid,116,13944.516
2024-08-15 21:35:57,SOLUSDT,bid,139,13047.131
2024-08-15 21:35:58,SOLUSDT,bid,120,21478.686
2024-08-15 21:36:02,SOLUSDT,bid,140,31666.618
2024-08-15 21:36:04,SOLUSDT,bid,138,15846.639
2024-08-15 21:36:06,SOLUSDT,bid,120,21477.05
2024-08-15 21:36:07,SOLUSDT,bid,140,31666.654
2024-08-15 21:36:07,SOLUSDT,bid,140,31665.983
2024-08-15 21:36:08,SOLUSDT,ask,170,12123.271
2024-08-15 21:36:13,SOLUSDT,bid,116,13944.516
2024-08-15 21:36:20,SOLUSDT,bid,140,31696.748
2024-08-15 21:36:20,SOLUSDT,ask,155,8716.018
2024-08-15 21:36:26,SOLUSDT,ask,150,12465.843
2024-08-15 21:36:27,SOLUSDT,bid,140,31697.748
2024-08-15 21:36:40,SOLUSDT,ask,150,12469.925
2024-08-15 21:36:40,SOLUSDT,bid,140,31697.183
2024-08-15 21:36:44,SOLUSDT,bid,125,16153.544
2024-08-15 21:36:47,SOLUSDT,ask,195,12200.223
2024-08-15 21:36:49,SOLUSDT,ask,155,8651.427
2024-08-15 21:36:49,SOLUSDT,bid,140,31702.343
2024-08-15 21:36:55,SOLUSDT,bid,139,12706.188
2024-08-15 21:36:55,SOLUSDT,bid,139,12696.168
2024-08-15 21:37:04,SOLUSDT,ask,175,14312.482
2024-08-15 21:37:08,SOLUSDT,bid,120,21478.686
2024-08-15 21:37:14,SOLUSDT,ask,150,12470.292
2024-08-15 21:37:19,SOLUSDT,ask,150,12471.336
2024-08-15 21:37:26,SOLUSDT,bid,140,31702.406
2024-08-15 21:37:28,SOLUSDT,bid,135,24275.074
2024-08-15 21:37:28,SOLUSDT,bid,110,26071.024
2024-08-15 21:37:31,SOLUSDT,ask,151,7828.754
2024-08-15 21:37:38,SOLUSDT,bid,116,13944.516
2024-08-15 21:37:39,SOLUSDT,bid,125,16153.144
2024-08-15 21:37:46,SOLUSDT,ask,165,15005.99
2024-08-15 21:37:48,SOLUSDT,bid,120,21477.613
2024-08-15 21:37:52,SOLUSDT,ask,163,18153.21
2024-08-15 21:37:52,SOLUSDT,bid,130,13440.554
2024-08-15 21:37:58,SOLUSDT,ask,195,12159.591
2024-08-15 21:37:58,SOLUSDT,bid,116,13944.516
2024-08-15 21:38:09,SOLUSDT,bid,138,15845.915
2024-08-15 21:38:10,SOLUSDT,ask,163,18150.391
2024-08-15 21:38:11,SOLUSDT,bid,140,31712.406
2024-08-15 21:38:15,SOLUSDT,bid,140,31712.442
2024-08-15 21:38:18,SOLUSDT,bid,116,13944.516
2024-08-15 21:38:22,SOLUSDT,ask,195,12200.223
2024-08-15 21:38:24,SOLUSDT,ask,161,15528.538
2024-08-15 21:38:32,SOLUSDT,bid,130,13440.854
2024-08-15 21:38:32,SOLUSDT,ask,152,15710.71
2024-08-15 21:38:45,SOLUSDT,ask,151,7826.684
2024-08-15 21:38:50,SOLUSDT,bid,135,24275.374
2024-08-15 21:38:55,SOLUSDT,ask,160,25519.493
2024-08-15 21:39:01,SOLUSDT,ask,150,12474.791
2024-08-15 21:39:07,SOLUSDT,bid,140,31712.642
2024-08-15 21:39:11,SOLUSDT,bid,130,13441.238
2024-08-15 21:39:11,SOLUSDT,ask,150,12475.791
2024-08-15 21:39:14,SOLUSDT,ask,151,7829.025
2024-08-15 21:39:15,SOLUSDT,ask,155,8652.476
2024-08-15 21:39:15,SOLUSDT,bid,130,13440.688
2024-08-15 21:39:16,SOLUSDT,ask,150,12475.943
2024-08-15 21:39:16,SOLUSDT,bid,125,16152.858
2024-08-15 21:39:17,SOLUSDT,bid,120,21477.316
2024-08-15 21:39:18,SOLUSDT,ask,158,14661.318
2024-08-15 21:39:19,SOLUSDT,ask,152,15724.724
2024-08-15 21:39:19,SOLUSDT,ask,150,12474.943
2024-08-15 21:39:20,SOLUSDT,ask,170,12124.271
2024-08-15 21:39:20,SOLUSDT,bid,140,31712.442
2024-08-15 21:39:25,SOLUSDT,ask,150,12475.631
2024-08-15 21:39:25,SOLUSDT,ask,210,24747.921
2024-08-15 21:39:39,SOLUSDT,ask,150,12479.752
2024-08-15 21:39:43,SOLUSDT,bid,116,13944.516
2024-08-15 21:39:56,SOLUSDT,bid,140,31712.335
2024-08-15 21:40:03,SOLUSDT,bid,116,13944.516
2024-08-15 21:40:04,SOLUSDT,ask,160,25520.846
2024-08-15 21:40:12,SOLUSDT,bid,110,26070.255
2024-08-15 21:40:16,SOLUSDT,bid,130,13440.304
2024-08-15 21:40:19,SOLUSDT,ask,155,8669.006
2024-08-15 21:40:19,SOLUSDT,ask,165,14985.155
2024-08-15 21:40:22,SOLUSDT,ask,150,12480.132
2024-08-15 21:40:23,SOLUSDT,bid,116,13944.516
2024-08-15 21:40:26,SOLUSDT,ask,150,12514.579
2024-08-15 21:40:29,SOLUSDT,bid,140,31662.335
2024-08-15 21:40:29,SOLUSDT,bid,138,15795.915
2024-08-15 21:40:33,SOLUSDT,ask,150,12510.458
2024-08-15 21:40:41,SOLUSDT,ask,155,8668.886
2024-08-15 21:40:42,SOLUSDT,ask,158,14660.925
2024-08-15 21:40:43,SOLUSDT,ask,150,12514.579
2024-08-15 21:40:46,SOLUSDT,ask,152,15719.502
2024-08-15 21:41:03,SOLUSDT,ask,151,7829.066
2024-08-15 21:41:03,SOLUSDT,ask,152,15719.461
2024-08-15 21:41:07,SOLUSDT,ask,152,15719.275
2024-08-15 21:41:21,SOLUSDT,bid,140,31662.692
2024-08-15 21:41:23,SOLUSDT,ask,152,15716.937
2024-08-15 21:41:23,SOLUSDT,ask,150,12518.555
2024-08-15 21:41:25,SOLUSDT,ask,160,25520.963
2024-08-15 21:41:37,SOLUSDT,bid,100,35013.081
2024-08-15 21:41:39,SOLUSDT,bid,140,31662.643
2024-08-15 21:41:39,SOLUSDT,bid,130,13440.255
2024-08-15 21:41:39,SOLUSDT,bid,120,21477.267
2024-08-15 21:41:39,SOLUSDT,bid,110,26070.206
2024-08-15 21:41:39,SOLUSDT,ask,160,25520.914
2024-08-15 21:41:39,SOLUSDT,ask,170,12124.222
2024-08-15 21:41:39,SOLUSDT,ask,180,22218.032
2024-08-15 21:41:39,SOLUSDT,ask,190,23804.724
2024-08-15 21:41:40,SOLUSDT,ask,150,12516.551
2024-08-15 21:41:41,SOLUSDT,ask,150,12517.551
2024-08-15 21:41:41,SOLUSDT,ask,155,8664.272
2024-08-15 21:41:46,SOLUSDT,ask,152,15710.937
2024-08-15 21:41:46,SOLUSDT,ask,160,25525.528
2024-08-15 21:41:47,SOLUSDT,bid,116,13944.516
2024-08-15 21:41:57,SOLUSDT,bid,135,24277.419
2024-08-15 21:42:07,SOLUSDT,bid,116,13944.516
2024-08-15 21:42:07,SOLUSDT,bid,138,15797.915
2024-08-15 21:42:08,SOLUSDT,bid,121,8365.478
2024-08-15 21:42:23,SOLUSDT,ask,150,12517.399
2024-08-15 21:42:27,SOLUSDT,bid,116,13944.516
2024-08-15 21:42:28,SOLUSDT,bid,120,21476.638
2024-08-15 21:42:29,SOLUSDT,bid,140,31662.143
2024-08-15 21:42:30,SOLUSDT,ask,152,15709.067
2024-08-15 21:42:36,SOLUSDT,bid,144,12682.432
2024-08-15 21:42:39,SOLUSDT,bid,144,12685.432
2024-08-15 21:42:42,SOLUSDT,bid,144,13015.777
2024-08-15 21:42:44,SOLUSDT,bid,144,12685.432
2024-08-15 21:42:45,SOLUSDT,bid,144,12685.432
2024-08-15 21:42:46,SOLUSDT,bid,144,13111.66
2024-08-15 21:42:47,SOLUSDT,bid,144,13066.912
2024-08-15 21:42:47,SOLUSDT,bid,144,13118.557
2024-08-15 21:42:47,SOLUSDT,bid,144,12685.432
2024-08-15 21:42:48,SOLUSDT,bid,144,12941.918
2024-08-15 21:42:48,SOLUSDT,bid,144,12946.918
2024-08-15 21:42:50,SOLUSDT,bid,144,12953.815
2024-08-15 21:42:50,SOLUSDT,bid,144,12957.956
2024-08-15 21:42:50,SOLUSDT,bid,144,12968.77
2024-08-15 21:42:51,SOLUSDT,bid,144,12710.75
2024-08-15 21:42:51,SOLUSDT,bid,144,12926.934
2024-08-15 21:42:51,SOLUSDT,bid,144,12927.134
2024-08-15 21:42:51,SOLUSDT,bid,144,12978.779
2024-08-15 21:42:51,SOLUSDT,bid,144,12909.781
2024-08-15 21:42:53,SOLUSDT,bid,139,12686.168
2024-08-15 21:42:53,SOLUSDT,bid,144,12194.327
2024-08-15 21:42:53,SOLUSDT,bid,144,12176.038
2024-08-15 21:42:53,SOLUSDT,bid,144,12210.269
2024-08-15 21:42:54,SOLUSDT,bid,144,12151.31
2024-08-15 21:42:54,SOLUSDT,bid,144,12143.006
2024-08-15 21:42:54,SOLUSDT,bid,144,12160.255
2024-08-15 21:42:54,SOLUSDT,bid,144,12160.374
2024-08-15 21:42:55,SOLUSDT,bid,144,12151.756
2024-08-15 21:42:55,SOLUSDT,bid,144,12169.006
2024-08-15 21:42:55,SOLUSDT,bid,144,12151.756
2024-08-15 21:42:55,SOLUSDT,bid,144,12148.156
2024-08-15 21:42:55,SOLUSDT,bid,135,24272.096
2024-08-15 21:43:01,SOLUSDT,ask,150,12517.435
2024-08-15 21:43:02,SOLUSDT,bid,140,31662.179
2024-08-15 21:43:02,SOLUSDT,bid,144,12555.256
2024-08-15 21:43:03,SOLUSDT,bid,144,12552.496
2024-08-15 21:43:03,SOLUSDT,bid,144,12549.736
2024-08-15 21:43:03,SOLUSDT,bid,144,12546.976
2024-08-15 21:43:04,SOLUSDT,bid,144,12447.832
2024-08-15 21:43:05,SOLUSDT,bid,144,12446.832
2024-08-15 21:43:05,SOLUSDT,bid,144,12529.622
2024-08-15 21:43:05,SOLUSDT,bid,144,12692.69
2024-08-15 21:43:06,SOLUSDT,bid,144,12596.306
2024-08-15 21:43:06,SOLUSDT,bid,144,12596.306
2024-08-15 21:43:06,SOLUSDT,bid,144,12600.306
2024-08-15 21:43:06,SOLUSDT,bid,144,12603.066
2024-08-15 21:43:07,SOLUSDT,bid,144,12605.826
2024-08-15 21:43:07,SOLUSDT,bid,144,12674.867
2024-08-15 21:43:07,SOLUSDT,bid,144,12670.867
2024-08-15 21:43:09,SOLUSDT,bid,144,12671.067
2024-08-15 21:43:10,SOLUSDT,bid,144,12670.867
2024-08-15 21:43:10,SOLUSDT,bid,144,12674.518
2024-08-15 21:43:10,SOLUSDT,bid,144,12678.518
2024-08-15 21:43:11,SOLUSDT,bid,144,12674.518
2024-08-15 21:43:11,SOLUSDT,bid,144,12671.067
2024-08-15 21:43:11,SOLUSDT,bid,144,12798.595
2024-08-15 21:43:11,SOLUSDT,bid,144,12789.921
2024-08-15 21:43:13,SOLUSDT,bid,144,12790.121
2024-08-15 21:43:13,SOLUSDT,bid,144,12671.067
2024-08-15 21:43:13,SOLUSDT,bid,144,12606.943
2024-08-15 21:43:13,SOLUSDT,bid,144,12670.867
2024-08-15 21:43:13,SOLUSDT,bid,144,12857.949
2024-08-15 21:43:13,SOLUSDT,bid,144,12861.949
2024-08-15 21:43:13,SOLUSDT,bid,144,12713.952
2024-08-15 21:43:13,SOLUSDT,bid,144,12644.911
2024-08-15 21:43:14,SOLUSDT,bid,144,12640.911
2024-08-15 21:43:14,SOLUSDT,bid,144,12576.987
2024-08-15 21:43:15,SOLUSDT,ask,163,18150.577
2024-08-15 21:43:15,SOLUSDT,bid,144,12580.987
2024-08-15 21:43:16,SOLUSDT,bid,144,12576.987
2024-08-15 21:43:16,SOLUSDT,bid,144,12640.911
2024-08-15 21:43:17,SOLUSDT,bid,144,12576.987
2024-08-15 21:43:18,SOLUSDT,bid,144,12568.707
2024-08-15 21:43:19,SOLUSDT,bid,144,12568.507
2024-08-15 21:43:21,SOLUSDT,bid,110,26069.752
2024-08-15 21:43:22,SOLUSDT,bid,144,12670.535
2024-08-15 21:43:22,SOLUSDT,bid,144,12673.535
2024-08-15 21:43:23,SOLUSDT,bid,144,12676.295
2024-08-15 21:43:24,SOLUSDT,bid,144,12673.295
2024-08-15 21:43:24,SOLUSDT,bid,144,12571.391
2024-08-15 21:43:24,SOLUSDT,bid,144,12438.834
2024-08-15 21:43:24,SOLUSDT,bid,144,12379.159
2024-08-15 21:43:24,SOLUSDT,bid,144,12448.199
2024-08-15 21:43:25,SOLUSDT,bid,144,12365.409
2024-08-15 21:43:25,SOLUSDT,bid,144,12448.172
2024-08-15 21:43:28,SOLUSDT,bid,144,12754.541
2024-08-15 21:43:29,SOLUSDT,bid,90,21375.696
2024-08-15 21:43:29,SOLUSDT,bid,80,30035.614
2024-08-15 21:43:29,SOLUSDT,ask,151,7829.019
2024-08-15 21:43:34,SOLUSDT,ask,180,22218.657
2024-08-15 21:43:36,SOLUSDT,bid,144,12685.501
2024-08-15 21:43:37,SOLUSDT,bid,120,21477.054
2024-08-15 21:43:37,SOLUSDT,bid,144,12379.132
2024-08-15 21:43:38,SOLUSDT,bid,144,12296.369
2024-08-15 21:43:39,SOLUSDT,ask,152,15707.069
2024-08-15 21:43:39,SOLUSDT,ask,158,14662.923
2024-08-15 21:43:42,SOLUSDT,bid,120,21477.47
2024-08-15 21:43:42,SOLUSDT,bid,144,12296.714
2024-08-15 21:43:44,SOLUSDT,bid,80,29435.202
2024-08-15 21:43:44,SOLUSDT,bid,144,12358.675
2024-08-15 21:43:44,SOLUSDT,ask,160,25520.131
2024-08-15 21:43:45,SOLUSDT,bid,144,12867.461
2024-08-15 21:43:45,SOLUSDT,bid,144,12358.675
2024-08-15 21:43:50,SOLUSDT,ask,151,7830.018
2024-08-15 21:43:51,SOLUSDT,ask,200,45101.005
2024-08-15 21:43:51,SOLUSDT,bid,144,12361.535
2024-08-15 21:43:52,SOLUSDT,bid,116,13944.516
2024-08-15 21:43:53,SOLUSDT,bid,144,12363.829
2024-08-15 21:43:53,SOLUSDT,bid,144,12360.969
2024-08-15 21:43:53,SOLUSDT,bid,144,12358.675
2024-08-15 21:43:54,SOLUSDT,bid,80,30110.666
2024-08-15 21:43:54,SOLUSDT,bid,144,12360.969
2024-08-15 21:43:55,SOLUSDT,bid,130,13424.871
2024-08-15 21:43:57,SOLUSDT,ask,152,15707.253
2024-08-15 21:43:58,SOLUSDT,bid,144,12358.675
2024-08-15 21:43:58,SOLUSDT,bid,144,12420.618
2024-08-15 21:43:58,SOLUSDT,bid,144,12489.66
2024-08-15 21:43:58,SOLUSDT,bid,138,15799.323
2024-08-15 21:43:59,SOLUSDT,bid,144,12636.636
2024-08-15 21:44:04,SOLUSDT,bid,139,12687.312
2024-08-15 21:44:04,SOLUSDT,bid,144,12567.594
2024-08-15 21:44:05,SOLUSDT,bid,144,12570.271
2024-08-15 21:44:05,SOLUSDT,bid,144,12423.295
2024-08-15 21:44:06,SOLUSDT,bid,144,12420.618
2024-08-15 21:44:10,SOLUSDT,bid,144,12358.666
2024-08-15 21:44:10,SOLUSDT,bid,144,12296.714
2024-08-15 21:44:10,SOLUSDT,bid,144,12334.751
2024-08-15 21:44:10,SOLUSDT,bid,144,12343.941
2024-08-15 21:44:11,SOLUSDT,bid,144,12353.539
2024-08-15 21:44:11,SOLUSDT,bid,115,21228.559
2024-08-15 21:44:11,SOLUSDT,bid,100,34963.081
2024-08-15 21:44:12,SOLUSDT,bid,116,13944.516
2024-08-15 21:44:12,SOLUSDT,bid,144,12357.612
2024-08-15 21:44:12,SOLUSDT,bid,144,12456.756
2024-08-15 21:44:12,SOLUSDT,bid,135,24267.096
2024-08-15 21:44:12,SOLUSDT,bid,144,12452.683
2024-08-15 21:44:12,SOLUSDT,bid,144,12446.786
2024-08-15 21:44:13,SOLUSDT,bid,144,12453.688
2024-08-15 21:44:13,SOLUSDT,bid,144,12456.448
2024-08-15 21:44:13,SOLUSDT,bid,144,12459.208
2024-08-15 21:44:13,SOLUSDT,bid,144,12496.478
2024-08-15 21:44:13,SOLUSDT,bid,144,12503.38
2024-08-15 21:44:13,SOLUSDT,bid,144,12503.58
2024-08-15 21:44:14,SOLUSDT,bid,144,12517.384
2024-08-15 21:44:16,SOLUSDT,ask,163,18150.391
2024-08-15 21:44:17,SOLUSDT,bid,144,12510.482
2024-08-15 21:44:24,SOLUSDT,bid,144,12498.757
2024-08-15 21:44:24,SOLUSDT,bid,138,15800.047
2024-08-15 21:44:24,SOLUSDT,bid,144,12502.757
2024-08-15 21:44:25,SOLUSDT,bid,144,12498.757
2024-08-15 21:44:25,SOLUSDT,ask,190,23799.961
2024-08-15 21:44:25,SOLUSDT,ask,151,7770.824
2024-08-15 21:44:26,SOLUSDT,bid,144,12399.613
2024-08-15 21:44:28,SOLUSDT,ask,150,12524.849
2024-08-15 21:44:29,SOLUSDT,bid,144,12402.613
2024-08-15 21:44:30,SOLUSDT,bid,131,9523.849
2024-08-15 21:44:31,SOLUSDT,bid,144,12399.613
2024-08-15 21:44:32,SOLUSDT,bid,116,13944.516
2024-08-15 21:44:32,SOLUSDT,bid,144,12402.613
2024-08-15 21:44:33,SOLUSDT,bid,125,16152.978
2024-08-15 21:44:34,SOLUSDT,ask,155,8668.915
2024-08-15 21:44:35,SOLUSDT,bid,144,12423.636
2024-08-15 21:44:35,SOLUSDT,bid,144,12415.356
2024-08-15 21:44:35,SOLUSDT,bid,144,12412.356
2024-08-15 21:44:41,SOLUSDT,ask,152,15856.656
2024-08-15 21:44:41,SOLUSDT,ask,150,12534.705
2024-08-15 21:44:41,SOLUSDT,bid,144,12495.163
2024-08-15 21:44:43,SOLUSDT,bid,144,12563.628
2024-08-15 21:44:45,SOLUSDT,bid,115,21233.202
2024-08-15 21:44:47,SOLUSDT,bid,144,12571.861
2024-08-15 21:44:50,SOLUSDT,bid,144,12563.628
2024-08-15 21:44:50,SOLUSDT,ask,180,22217.359
2024-08-15 21:44:52,SOLUSDT,bid,144,12494.963
2024-08-15 21:44:52,SOLUSDT,ask,150,12536.038
2024-08-15 21:44:53,SOLUSDT,bid,144,12473.94
2024-08-15 21:44:55,SOLUSDT,bid,115,21233.332
2024-08-15 21:44:58,SOLUSDT,bid,135,24266.096
2024-08-15 21:44:58,SOLUSDT,bid,130,13422.871
2024-08-15 21:44:58,SOLUSDT,bid,120,21474.47
2024-08-15 21:44:58,SOLUSDT,ask,170,12176.947
2024-08-15 21:44:58,SOLUSDT,ask,152,16008.209
2024-08-15 21:44:58,SOLUSDT,bid,144,12441.335
2024-08-15 21:45:00,SOLUSDT,ask,151,7769.824
2024-08-15 21:45:00,SOLUSDT,bid,144,12436.435
2024-08-15 21:45:00,SOLUSDT,bid,144,12582.173
2024-08-15 21:45:01,SOLUSDT,bid,144,12588.473
2024-08-15 21:45:02,SOLUSDT,bid,144,12590.855
2024-08-15 21:45:02,SOLUSDT,bid,144,12583.953
2024-08-15 21:45:02,SOLUSDT,bid,144,12556.345
2024-08-15 21:45:02,SOLUSDT,bid,144,12401.417
2024-08-15 21:45:02,SOLUSDT,bid,144,12394.515
2024-08-15 21:45:03,SOLUSDT,bid,144,12311.708
2024-08-15 21:45:03,SOLUSDT,bid,144,12312.793
2024-08-15 21:45:03,SOLUSDT,bid,144,12312.741
2024-08-15 21:45:03,SOLUSDT,bid,144,12309.04
2024-08-15 21:45:05,SOLUSDT,bid,144,12307.955
2024-08-15 21:45:06,SOLUSDT,bid,144,12421.276
2024-08-15 21:45:07,SOLUSDT,ask,150,12526.182
2024-08-15 21:45:07,SOLUSDT,bid,144,12490.317
2024-08-15 21:45:07,SOLUSDT,bid,144,12421.276
2024-08-15 21:45:08,SOLUSDT,bid,130,13419.224
2024-08-15 21:45:09,SOLUSDT,bid,140,31663.179
2024-08-15 21:45:10,SOLUSDT,bid,90,21374.585
2024-08-15 21:45:12,SOLUSDT,ask,151,7770.824
2024-08-15 21:45:12,SOLUSDT,bid,144,12423.57
2024-08-15 21:45:13,SOLUSDT,bid,144,12421.276
2024-08-15 21:45:13,SOLUSDT,bid,140,31658.019
2024-08-15 21:45:14,SOLUSDT,bid,144,12421.276
2024-08-15 21:45:15,SOLUSDT,bid,144,12421.439
2024-08-15 21:45:15,SOLUSDT,bid,144,12421.276
2024-08-15 21:45:17,SOLUSDT,bid,144,12416.815
2024-08-15 21:45:17,SOLUSDT,bid,144,12416.283
2024-08-15 21:45:18,SOLUSDT,bid,140,31657.982
2024-08-15 21:45:18,SOLUSDT,ask,150,12518.768
2024-08-15 21:45:21,SOLUSDT,bid,144,12418.102
2024-08-15 21:45:21,SOLUSDT,ask,150,12505.657
2024-08-15 21:45:25,SOLUSDT,bid,144,12304.781
2024-08-15 21:45:25,SOLUSDT,bid,144,12305.866
2024-08-15 21:45:26,SOLUSDT,bid,144,12257.213
2024-08-15 21:45:26,SOLUSDT,bid,144,12259.187
2024-08-15 21:45:26,SOLUSDT,bid,144,12255.11
2024-08-15 21:45:29,SOLUSDT,bid,144,12306.848
2024-08-15 21:45:31,SOLUSDT,bid,144,12585.775
2024-08-15 21:45:31,SOLUSDT,bid,144,12647.746
2024-08-15 21:45:35,SOLUSDT,bid,144,13188.377
2024-08-15 21:45:36,SOLUSDT,bid,144,12647.746
2024-08-15 21:45:36,SOLUSDT,ask,185,17200.251
2024-08-15 21:45:36,SOLUSDT,bid,144,12649.919
2024-08-15 21:45:36,SOLUSDT,bid,144,12652.595
2024-08-15 21:45:37,SOLUSDT,bid,144,12650.422
2024-08-15 21:45:38,SOLUSDT,ask,155,8669.951
2024-08-15 21:45:41,SOLUSDT,bid,144,12652.706
2024-08-15 21:45:43,SOLUSDT,bid,144,13193.483
2024-08-15 21:45:44,SOLUSDT,ask,155,8667.746
2024-08-15 21:45:45,SOLUSDT,bid,144,12652.706
2024-08-15 21:45:47,SOLUSDT,bid,144,13193.483
2024-08-15 21:45:47,SOLUSDT,bid,144,12652.706
2024-08-15 21:45:48,SOLUSDT,bid,144,13193.483
2024-08-15 21:45:49,SOLUSDT,ask,150,12508.651
2024-08-15 21:45:50,SOLUSDT,bid,144,12652.706
2024-08-15 21:45:51,SOLUSDT,bid,144,13193.483
2024-08-15 21:45:51,SOLUSDT,bid,144,13188.523
2024-08-15 21:45:52,SOLUSDT,bid,144,12647.746
2024-08-15 21:45:56,SOLUSDT,bid,144,12645.927
2024-08-15 21:45:57,SOLUSDT,bid,116,13944.616
2024-08-15 21:45:58,SOLUSDT,bid,116,13944.516
2024-08-15 21:45:58,SOLUSDT,ask,150,12507.281
2024-08-15 21:46:01,SOLUSDT,bid,115,21233.504
2024-08-15 21:46:02,SOLUSDT,bid,144,12583.956
2024-08-15 21:46:03,SOLUSDT,ask,160,25507.131
2024-08-15 21:46:04,SOLUSDT,bid,144,12581.982
2024-08-15 21:46:04,SOLUSDT,bid,144,12612.96
2024-08-15 21:46:04,SOLUSDT,bid,144,12581.982
2024-08-15 21:46:05,SOLUSDT,bid,144,12621.946
2024-08-15 21:46:05,SOLUSDT,bid,144,12621.998
2024-08-15 21:46:05,SOLUSDT,bid,144,12745.918
2024-08-15 21:46:05,SOLUSDT,bid,144,12822.416
2024-08-15 21:46:06,SOLUSDT,bid,144,13097.373
2024-08-15 21:46:06,SOLUSDT,bid,144,13097.573
2024-08-15 21:46:06,SOLUSDT,bid,144,13088.206
2024-08-15 21:46:06,SOLUSDT,bid,144,13091.656
2024-08-15 21:46:08,SOLUSDT,bid,144,13008.858
2024-08-15 21:46:08,SOLUSDT,bid,144,13018.225
2024-08-15 21:46:09,SOLUSDT,ask,180,22218.738
2024-08-15 21:46:10,SOLUSDT,bid,144,13087.265
2024-08-15 21:46:10,SOLUSDT,bid,144,13082.498
2024-08-15 21:46:12,SOLUSDT,bid,144,13042.534
2024-08-15 21:46:12,SOLUSDT,bid,144,13051.901
2024-08-15 21:46:13,SOLUSDT,bid,144,13091.865
2024-08-15 21:46:15,SOLUSDT,bid,144,13082.498
2024-08-15 21:46:18,SOLUSDT,bid,116,13944.516
2024-08-15 21:46:18,SOLUSDT,bid,140,31656.768
2024-08-15 21:46:18,SOLUSDT,bid,125,16150.258
2024-08-15 21:46:18,SOLUSDT,bid,110,26063.571
2024-08-15 21:46:19,SOLUSDT,bid,115,21180.868
2024-08-15 21:46:19,SOLUSDT,ask,151,7778.929
2024-08-15 21:46:21,SOLUSDT,bid,135,24256.096
2024-08-15 21:46:22,SOLUSDT,ask,152,15858.806
2024-08-15 21:46:23,SOLUSDT,bid,144,12803.571
2024-08-15 21:46:25,SOLUSDT,bid,144,12763.607
2024-08-15 21:46:25,SOLUSDT,bid,144,12630.812
2024-08-15 21:46:26,SOLUSDT,bid,144,12428.977
2024-08-15 21:46:29,SOLUSDT,ask,163,18150.233
2024-08-15 21:46:31,SOLUSDT,bid,144,12642.493
2024-08-15 21:46:32,SOLUSDT,bid,144,12642.441
2024-08-15 21:46:35,SOLUSDT,bid,144,12644.736
2024-08-15 21:46:37,SOLUSDT,bid,116,13944.516
2024-08-15 21:46:39,SOLUSDT,bid,144,12592.998
2024-08-15 21:46:39,SOLUSDT,bid,144,12597.998
2024-08-15 21:46:39,SOLUSDT,bid,144,12595.703
2024-08-15 21:46:42,SOLUSDT,ask,150,12507.62
2024-08-15 21:46:44,SOLUSDT,bid,144,12592.765
2024-08-15 21:46:45,SOLUSDT,bid,140,31657.482
2024-08-15 21:46:47,SOLUSDT,bid,144,12587.765
2024-08-15 21:46:48,SOLUSDT,bid,125,16162.258
2024-08-15 21:46:52,SOLUSDT,bid,144,12983.771
2024-08-15 21:46:55,SOLUSDT,bid,144,13042.275
2024-08-15 21:46:56,SOLUSDT,bid,144,13011.298
2024-08-15 21:47:00,SOLUSDT,bid,144,12980.321
2024-08-15 21:47:01,SOLUSDT,bid,144,12918.361
2024-08-15 21:47:01,SOLUSDT,bid,144,12887.381
2024-08-15 21:47:01,SOLUSDT,bid,144,12838.322
2024-08-15 21:47:01,SOLUSDT,bid,144,12491.375
2024-08-15 21:47:03,SOLUSDT,bid,144,12460.845
2024-08-15 21:47:06,SOLUSDT,bid,144,12247.329
2024-08-15 21:47:06,SOLUSDT,bid,144,12219.724
2024-08-15 21:47:08,SOLUSDT,bid,144,12214.924
2024-08-15 21:47:08,SOLUSDT,bid,120,21486.97
2024-08-15 21:47:09,SOLUSDT,bid,144,12200.999
2024-08-15 21:47:09,SOLUSDT,bid,144,12200.549
2024-08-15 21:47:23,SOLUSDT,bid,144,12262.509
2024-08-15 21:47:24,SOLUSDT,bid,144,12200.549
2024-08-15 21:47:25,SOLUSDT,bid,144,12262.519
2024-08-15 21:47:26,SOLUSDT,bid,144,12200.549
2024-08-15 21:47:26,SOLUSDT,bid,100,34979.423
2024-08-15 21:47:28,SOLUSDT,ask,152,15861.012
2024-08-15 21:47:35,SOLUSDT,bid,140,31653.382
2024-08-15 21:47:36,SOLUSDT,bid,100,34979.37
2024-08-15 21:47:36,SOLUSDT,ask,180,22218.685
2024-08-15 21:47:38,SOLUSDT,ask,151,7776.77
2024-08-15 21:47:39,SOLUSDT,bid,130,13419.27
2024-08-15 21:47:39,SOLUSDT,ask,152,15837.535
2024-08-15 21:47:43,SOLUSDT,ask,190,23798.562
2024-08-15 21:47:57,SOLUSDT,bid,144,12190.194
2024-08-15 21:47:57,SOLUSDT,ask,151,7777.849
2024-08-15 21:48:01,SOLUSDT,bid,140,31652.382
2024-08-15 21:48:02,SOLUSDT,bid,116,13944.516
2024-08-15 21:48:08,SOLUSDT,ask,150,12508.7
2024-08-15 21:48:17,SOLUSDT,ask,150,12511.207
2024-08-15 21:48:17,SOLUSDT,bid,120,21478.637
2024-08-15 21:48:19,SOLUSDT,ask,152,15844.595
2024-08-15 21:48:19,SOLUSDT,ask,152,15378.962
2024-08-15 21:48:21,SOLUSDT,bid,120,21478.137
2024-08-15 21:48:21,SOLUSDT,bid,140,31651.691
2024-08-15 21:48:21,SOLUSDT,bid,144,12190.288
2024-08-15 21:48:22,SOLUSDT,ask,152,15438.777
2024-08-15 21:48:22,SOLUSDT,bid,144,12122.709
2024-08-15 21:48:22,SOLUSDT,bid,116,13944.616
2024-08-15 21:48:23,SOLUSDT,bid,116,13944.516
2024-08-15 21:48:25,SOLUSDT,bid,144,12122.833
2024-08-15 21:48:28,SOLUSDT,bid,140,31651.037
2024-08-15 21:48:29,SOLUSDT,bid,140,31601.037
2024-08-15 21:48:44,SOLUSDT,bid,116,13944.516
2024-08-15 21:48:47,SOLUSDT,bid,125,16164.258
2024-08-15 21:48:49,SOLUSDT,bid,140,31598.855
2024-08-15 21:48:49,SOLUSDT,ask,151,7769.744
2024-08-15 21:48:50,SOLUSDT,ask,150,12512.396
2024-08-15 21:48:50,SOLUSDT,ask,152,15436.664
2024-08-15 21:48:59,SOLUSDT,ask,150,12515.279
2024-08-15 21:49:04,SOLUSDT,ask,150,12514.94
2024-08-15 21:49:04,SOLUSDT,ask,151,7773.05
2024-08-15 21:49:07,SOLUSDT,ask,152,15434.601
2024-08-15 21:49:08,SOLUSDT,ask,155,8663.398
2024-08-15 21:49:09,SOLUSDT,ask,152,15434.258
2024-08-15 21:49:10,SOLUSDT,ask,190,23789.58
2024-08-15 21:49:14,SOLUSDT,ask,151,7763.548
2024-08-15 21:49:15,SOLUSDT,ask,155,8663.163
2024-08-15 21:49:17,SOLUSDT,ask,158,14662.89
2024-08-15 21:49:19,SOLUSDT,bid,140,31595.284
2024-08-15 21:49:31,SOLUSDT,ask,151,7762.849
2024-08-15 21:49:31,SOLUSDT,ask,155,8663.862
2024-08-15 21:49:32,SOLUSDT,ask,150,12515.814
2024-08-15 21:49:33,SOLUSDT,ask,152,15432.672
2024-08-15 21:49:34,SOLUSDT,ask,155,8663.163
2024-08-15 21:49:38,SOLUSDT,ask,152,15425.612
2024-08-15 21:49:40,SOLUSDT,ask,150,12516.39
2024-08-15 21:49:40,SOLUSDT,bid,125,16161.017
2024-08-15 21:49:40,SOLUSDT,bid,115,21177.202
2024-08-15 21:49:42,SOLUSDT,ask,150,12512.952
2024-08-15 21:49:44,SOLUSDT,bid,110,26063.206
2024-08-15 21:49:45,SOLUSDT,ask,150,12513.651
2024-08-15 21:49:45,SOLUSDT,ask,152,15435.088
2024-08-15 21:49:46,SOLUSDT,ask,158,14663.889
2024-08-15 21:49:48,SOLUSDT,ask,165,14984.123
2024-08-15 21:50:03,SOLUSDT,ask,152,15435.49
2024-08-15 21:50:04,SOLUSDT,ask,300,9172.859
2024-08-15 21:50:07,SOLUSDT,bid,116,13944.516
2024-08-15 21:50:08,SOLUSDT,ask,163,18148.967
2024-08-15 21:50:16,SOLUSDT,ask,163,18181.714
2024-08-15 21:50:18,SOLUSDT,bid,140,31593.856
2024-08-15 21:50:19,SOLUSDT,ask,152,15434.575
2024-08-15 21:50:22,SOLUSDT,ask,158,14663.28
2024-08-15 21:50:25,SOLUSDT,ask,152,15444.962
2024-08-15 21:50:26,SOLUSDT,ask,151,7761.77
2024-08-15 21:50:27,SOLUSDT,bid,116,13944.516
2024-08-15 21:50:35,SOLUSDT,ask,150,12513.705
2024-08-15 21:50:35,SOLUSDT,bid,138,15799.323
2024-08-15 21:50:44,SOLUSDT,bid,120,21486.943
2024-08-15 21:50:44,SOLUSDT,ask,160,25507.171
2024-08-15 21:50:44,SOLUSDT,ask,150,12514.705
2024-08-15 21:50:46,SOLUSDT,bid,130,13419.31
2024-08-15 21:50:47,SOLUSDT,bid,116,13944.516
2024-08-15 21:50:47,SOLUSDT,ask,150,12514.651
2024-08-15 21:50:48,SOLUSDT,bid,140,31591.856
2024-08-15 21:51:04,SOLUSDT,ask,180,22243.685
2024-08-15 21:51:15,SOLUSDT,bid,110,25963.206
2024-08-15 21:51:17,SOLUSDT,ask,150,12515.136
2024-08-15 21:51:18,SOLUSDT,bid,131,9523.933
2024-08-15 21:51:19,SOLUSDT,bid,131,9524.017
2024-08-15 21:51:19,SOLUSDT,bid,131,9524.101
2024-08-15 21:51:25,SOLUSDT,ask,150,12514.699
2024-08-15 21:51:32,SOLUSDT,ask,152,15447.184
2024-08-15 21:51:37,SOLUSDT,bid,130,13409.31
2024-08-15 21:51:39,SOLUSDT,ask,150,12515.272
2024-08-15 21:51:49,SOLUSDT,bid,115,21176.202
2024-08-15 21:52:03,SOLUSDT,ask,151,7760.77
2024-08-15 21:52:08,SOLUSDT,bid,131,9523.933
2024-08-15 21:52:09,SOLUSDT,ask,150,12480.825
2024-08-15 21:52:12,SOLUSDT,bid,116,13944.516
2024-08-15 21:52:24,SOLUSDT,ask,152,15449.184
2024-08-15 21:52:26,SOLUSDT,ask,150,12478.207
2024-08-15 21:52:29,SOLUSDT,ask,152,15452.539
2024-08-15 21:52:30,SOLUSDT,ask,151,7770.77
2024-08-15 21:52:32,SOLUSDT,bid,116,13944.516
2024-08-15 21:52:34,SOLUSDT,ask,155,8665.781
2024-08-15 21:52:34,SOLUSDT,ask,150,12479.207
2024-08-15 21:52:34,SOLUSDT,ask,151,7771.77
2024-08-15 21:52:38,SOLUSDT,bid,138,15784.831
2024-08-15 21:52:39,SOLUSDT,ask,152,15453.571
2024-08-15 21:52:49,SOLUSDT,ask,150,12482.645
2024-08-15 21:52:51,SOLUSDT,bid,140,31591.714
2024-08-15 21:52:52,SOLUSDT,bid,116,13944.516
2024-08-15 21:52:52,SOLUSDT,bid,130,13409.371
2024-08-15 21:52:53,SOLUSDT,ask,151,7773.26
2024-08-15 21:52:54,SOLUSDT,bid,135,24478.318
2024-08-15 21:52:55,SOLUSDT,ask,155,8663.285
2024-08-15 21:53:04,SOLUSDT,bid,130,13409.473
2024-08-15 21:53:04,SOLUSDT,bid,138,15784.793
2024-08-15 21:53:04,SOLUSDT,ask,158,14663.242
2024-08-15 21:53:07,SOLUSDT,bid,140,31568.5
2024-08-15 21:53:09,SOLUSDT,ask,150,12469.258
2024-08-15 21:53:11,SOLUSDT,ask,155,8662.285
2024-08-15 21:53:14,SOLUSDT,ask,150,12495.145
2024-08-15 21:53:23,SOLUSDT,ask,155,8692.054
2024-08-15 21:53:24,SOLUSDT,bid,135,24478.371
2024-08-15 21:53:40,SOLUSDT,bid,140,31568.543
2024-08-15 21:53:45,SOLUSDT,ask,150,12494.692
2024-08-15 21:53:52,SOLUSDT,ask,150,12495.691
2024-08-15 21:53:54,SOLUSDT,ask,152,15460.623
2024-08-15 21:53:56,SOLUSDT,ask,150,12499.701
2024-08-15 21:53:56,SOLUSDT,ask,152,15456.613
2024-08-15 21:53:58,SOLUSDT,bid,120,21485.584
2024-08-15 21:53:58,SOLUSDT,ask,152,15464.862
2024-08-15 21:54:14,SOLUSDT,bid,140,31567.543
2024-08-15 21:54:18,SOLUSDT,bid,116,13944.516
2024-08-15 21:54:19,SOLUSDT,ask,152,15514.862
2024-08-15 21:54:27,SOLUSDT,ask,155,8642.054
2024-08-15 21:54:27,SOLUSDT,ask,158,14713.242
2024-08-15 21:54:31,SOLUSDT,ask,152,15523.283
2024-08-15 21:54:38,SOLUSDT,bid,116,13944.516
2024-08-15 21:54:41,SOLUSDT,ask,150,12498.652
2024-08-15 21:54:55,SOLUSDT,ask,150,12498.582
2024-08-15 21:54:56,SOLUSDT,ask,151,7772.26
2024-08-15 21:54:58,SOLUSDT,bid,116,13944.516
2024-08-15 21:55:04,SOLUSDT,ask,152,15522.296
2024-08-15 21:55:11,SOLUSDT,ask,155,8644.22
2024-08-15 21:55:15,SOLUSDT,bid,140,31568.902
2024-08-15 21:55:26,SOLUSDT,bid,131,9331.966
2024-08-15 21:55:47,SOLUSDT,ask,152,15521.886
2024-08-15 21:55:48,SOLUSDT,bid,140,31570.902
2024-08-15 21:55:51,SOLUSDT,ask,170,12225.622
2024-08-15 21:55:53,SOLUSDT,ask,155,8645.482
2024-08-15 21:55:53,SOLUSDT,ask,151,7756.698
2024-08-15 21:55:56,SOLUSDT,ask,150,12481.073
2024-08-15 21:55:57,SOLUSDT,ask,150,12487.735
2024-08-15 21:55:57,SOLUSDT,ask,150,12486.665
2024-08-15 21:55:59,SOLUSDT,ask,155,8645.805
2024-08-15 21:55:59,SOLUSDT,bid,115,21180.202
2024-08-15 21:56:18,SOLUSDT,bid,120,21488.584
2024-08-15 21:56:22,SOLUSDT,ask,160,25497.595
2024-08-15 21:56:22,SOLUSDT,bid,115,21180.202
2024-08-15 21:56:27,SOLUSDT,bid,138,15790.793
2024-08-15 21:56:27,SOLUSDT,bid,125,16164.017
2024-08-15 21:56:30,SOLUSDT,ask,152,15518.889
2024-08-15 21:56:32,SOLUSDT,bid,110,25950.836
2024-08-15 21:56:42,SOLUSDT,bid,118,8966.74
2024-08-15 21:56:43,SOLUSDT,bid,115,21180.302
2024-08-15 21:56:43,SOLUSDT,bid,115,21180.202
2024-08-15 21:56:46,SOLUSDT,ask,150,12485.866
2024-08-15 21:56:47,SOLUSDT,bid,138,15791.517
2024-08-15 21:56:51,SOLUSDT,ask,150,12485.946
2024-08-15 21:56:56,SOLUSDT,ask,155,8645.564
2024-08-15 21:56:59,SOLUSDT,ask,150,12482.508
2024-08-15 21:57:04,SOLUSDT,bid,115,21180.302
2024-08-15 21:57:04,SOLUSDT,bid,115,21180.202
2024-08-15 21:57:04,SOLUSDT,ask,150,12471.691
2024-08-15 21:57:05,SOLUSDT,bid,110,25953.836
2024-08-15 21:57:18,SOLUSDT,bid,115,21180.885
2024-08-15 21:57:18,SOLUSDT,ask,150,12473.537
2024-08-15 21:57:20,SOLUSDT,bid,140,31570.688
2024-08-15 21:57:22,SOLUSDT,ask,150,12618.577
2024-08-15 21:57:30,SOLUSDT,ask,150,12619.632
2024-08-15 21:57:35,SOLUSDT,bid,120,21488.389
2024-08-15 21:57:35,SOLUSDT,ask,150,12625.81
2024-08-15 21:57:38,SOLUSDT,bid,130,13413.736
2024-08-15 21:57:40,SOLUSDT,bid,100,34978.999
2024-08-15 21:57:41,SOLUSDT,bid,100,34978.808
2024-08-15 21:57:56,SOLUSDT,ask,150,12617.075
2024-08-15 21:57:59,SOLUSDT,ask,155,8949.674
2024-08-15 21:58:00,SOLUSDT,ask,195,12159.591
2024-08-15 21:58:05,SOLUSDT,ask,151,7719.99
2024-08-15 21:58:07,SOLUSDT,bid,140,31571.944
2024-08-15 21:58:13,SOLUSDT,bid,144,12621.061
2024-08-15 21:58:15,SOLUSDT,bid,144,12618.301
2024-08-15 21:58:15,SOLUSDT,bid,144,12628.716
2024-08-15 21:58:15,SOLUSDT,bid,144,12625.956
2024-08-15 21:58:16,SOLUSDT,bid,144,12615.541
2024-08-15 21:58:17,SOLUSDT,bid,144,12612.781
2024-08-15 21:58:18,SOLUSDT,bid,144,12478.992
2024-08-15 21:58:20,SOLUSDT,bid,144,12491.147
2024-08-15 21:58:20,SOLUSDT,bid,144,12496.667
2024-08-15 21:58:20,SOLUSDT,bid,144,12498.74
2024-08-15 21:58:20,SOLUSDT,bid,144,12525.993
2024-08-15 21:58:23,SOLUSDT,bid,144,12520.473
2024-08-15 21:58:23,SOLUSDT,bid,144,12530.164
2024-08-15 21:58:25,SOLUSDT,bid,144,12523.069
2024-08-15 21:58:25,SOLUSDT,bid,144,12530.869
2024-08-15 21:58:25,SOLUSDT,bid,144,12529.869
2024-08-15 21:58:26,SOLUSDT,bid,144,12660.93
2024-08-15 21:58:26,SOLUSDT,bid,144,12681.58
2024-08-15 21:58:27,SOLUSDT,bid,115,21180.885
2024-08-15 21:58:27,SOLUSDT,bid,144,12652.392
2024-08-15 21:58:27,SOLUSDT,bid,144,12634.901
2024-08-15 21:58:29,SOLUSDT,ask,150,12616.236
2024-08-15 21:58:29,SOLUSDT,bid,144,12572.936
2024-08-15 21:58:29,SOLUSDT,ask,151,7728.726
2024-08-15 21:58:34,SOLUSDT,bid,144,12601.488
2024-08-15 21:58:36,SOLUSDT,bid,144,12580.442
2024-08-15 21:58:39,SOLUSDT,bid,144,12511.392
2024-08-15 21:58:39,SOLUSDT,bid,144,12515.392
2024-08-15 21:58:41,SOLUSDT,bid,144,12511.392
2024-08-15 21:58:42,SOLUSDT,bid,144,12516.912
2024-08-15 21:58:43,SOLUSDT,bid,144,12520.912
2024-08-15 21:58:43,SOLUSDT,ask,155,8947.056
2024-08-15 21:58:43,SOLUSDT,bid,144,12523.672
2024-08-15 21:58:44,SOLUSDT,bid,144,12524.672
2024-08-15 21:58:44,SOLUSDT,bid,140,31575.89
2024-08-15 21:58:45,SOLUSDT,bid,144,12520.672
2024-08-15 21:58:45,SOLUSDT,bid,144,12512.392
2024-08-15 21:58:47,SOLUSDT,bid,115,21180.885
2024-08-15 21:58:49,SOLUSDT,ask,150,12618.854
2024-08-15 21:58:50,SOLUSDT,bid,144,12511.392
2024-08-15 21:58:51,SOLUSDT,bid,144,12532.435
2024-08-15 21:58:51,SOLUSDT,bid,144,12528.537
2024-08-15 21:58:51,SOLUSDT,bid,144,12499.985
2024-08-15 21:58:52,SOLUSDT,bid,144,12426.209
2024-08-15 21:58:52,SOLUSDT,bid,144,12478.233
2024-08-15 21:58:53,SOLUSDT,bid,144,12626.056
2024-08-15 21:58:53,SOLUSDT,bid,144,12626.241
2024-08-15 21:58:54,SOLUSDT,bid,144,12657.225
2024-08-15 21:58:54,SOLUSDT,bid,144,12657.04
2024-08-15 21:58:56,SOLUSDT,bid,144,12511.505
2024-08-15 21:58:57,SOLUSDT,bid,144,12539.09
2024-08-15 21:58:57,SOLUSDT,ask,150,12618.8
2024-08-15 21:58:58,SOLUSDT,bid,144,12601.055
2024-08-15 21:58:58,SOLUSDT,bid,144,12603.854
2024-08-15 21:58:58,SOLUSDT,bid,144,12542.997
2024-08-15 21:59:00,SOLUSDT,bid,144,12546.017
2024-08-15 21:59:00,SOLUSDT,bid,144,12548.305
2024-08-15 21:59:00,SOLUSDT,bid,144,12546.017
2024-08-15 21:59:01,SOLUSDT,bid,144,12548.257
2024-08-15 21:59:01,SOLUSDT,bid,144,12569.292
2024-08-15 21:59:01,SOLUSDT,bid,144,12590.327
2024-08-15 21:59:02,SOLUSDT,bid,144,12652.246
2024-08-15 21:59:02,SOLUSDT,bid,144,12657.246
2024-08-15 21:59:02,SOLUSDT,bid,144,12766.383
2024-08-15 21:59:05,SOLUSDT,bid,144,12763.363
2024-08-15 21:59:06,SOLUSDT,bid,144,12760.564
2024-08-15 21:59:06,SOLUSDT,bid,144,12791.545
2024-08-15 21:59:07,SOLUSDT,bid,115,21180.885
2024-08-15 21:59:13,SOLUSDT,bid,144,12682.408
2024-08-15 21:59:19,SOLUSDT,bid,144,12684.707
2024-08-15 21:59:20,SOLUSDT,bid,144,12682.467
2024-08-15 21:59:23,SOLUSDT,bid,144,12434.257
2024-08-15 21:59:28,SOLUSDT,ask,152,15519.689
2024-08-15 21:59:29,SOLUSDT,bid,144,12902.396
2024-08-15 21:59:30,SOLUSDT,bid,144,12431.712
2024-08-15 21:59:33,SOLUSDT,bid,144,12895.588
2024-08-15 21:59:42,SOLUSDT,bid,144,12814.88
2024-08-15 21:59:42,SOLUSDT,bid,144,12767.517
2024-08-15 21:59:43,SOLUSDT,bid,144,12845.545
2024-08-15 21:59:43,SOLUSDT,bid,144,12406.668
2024-08-15 21:59:43,SOLUSDT,bid,144,12398.047
2024-08-15 21:59:43,SOLUSDT,bid,144,12319.271
2024-08-15 21:59:43,SOLUSDT,bid,144,12378.841
2024-08-15 21:59:43,SOLUSDT,bid,144,12421.285
2024-08-15 21:59:43,SOLUSDT,bid,144,12421.337
2024-08-15 21:59:44,SOLUSDT,bid,144,12400.298
2024-08-15 21:59:44,SOLUSDT,bid,144,12546.265
2024-08-15 21:59:44,SOLUSDT,bid,144,12481.975
2024-08-15 21:59:44,SOLUSDT,bid,144,12646.257
2024-08-15 21:59:45,SOLUSDT,bid,144,12481.975
2024-08-15 21:59:45,SOLUSDT,bid,144,12344.07
2024-08-15 21:59:45,SOLUSDT,bid,144,12609.533
2024-08-15 21:59:46,SOLUSDT,bid,144,12637.656
2024-08-15 21:59:46,SOLUSDT,bid,144,12691.357
2024-08-15 21:59:46,SOLUSDT,bid,144,12722.342
2024-08-15 21:59:46,SOLUSDT,ask,152,16199.65
2024-08-15 21:59:46,SOLUSDT,bid,144,12640.326
2024-08-15 21:59:46,SOLUSDT,bid,144,12538.419
2024-08-15 21:59:47,SOLUSDT,bid,144,12906.201
2024-08-15 21:59:48,SOLUSDT,bid,144,13008.108
2024-08-15 21:59:48,SOLUSDT,bid,144,12977.123
2024-08-15 21:59:49,SOLUSDT,bid,144,13008.108
2024-08-15 21:59:49,SOLUSDT,ask,160,25495.712
2024-08-15 21:59:50,SOLUSDT,bid,144,13011.291
2024-08-15 21:59:50,SOLUSDT,bid,144,12827.844
2024-08-15 21:59:50,SOLUSDT,bid,144,12930.937
2024-08-15 21:59:50,SOLUSDT,bid,144,13096.062
2024-08-15 21:59:50,SOLUSDT,bid,144,12975.531
2024-08-15 21:59:50,SOLUSDT,bid,144,12842.318
2024-08-15 21:59:51,SOLUSDT,bid,144,12842.266
2024-08-15 21:59:51,SOLUSDT,bid,144,12677.141
2024-08-15 21:59:54,SOLUSDT,bid,144,12605.615
2024-08-15 21:59:57,SOLUSDT,bid,144,12574.048
2024-08-15 21:59:57,SOLUSDT,bid,144,12733.758
2024-08-15 21:59:59,SOLUSDT,bid,144,12574.048
2024-08-15 21:59:59,SOLUSDT,bid,144,12579.134
2024-08-15 21:59:59,SOLUSDT,bid,144,12695.778
2024-08-15 21:59:59,SOLUSDT,ask,150,12618.854
2024-08-15 22:00:01,SOLUSDT,bid,144,12764.827
2024-08-15 22:00:02,SOLUSDT,bid,144,12765.011
2024-08-15 22:00:02,SOLUSDT,bid,144,12695.962
2024-08-15 22:00:03,SOLUSDT,bid,144,12757.931
2024-08-15 22:00:03,SOLUSDT,bid,144,12819.902
2024-08-15 22:00:03,SOLUSDT,bid,144,12819.718
2024-08-15 22:00:03,SOLUSDT,bid,144,12451.936
2024-08-15 22:00:04,SOLUSDT,bid,144,12335.292
2024-08-15 22:00:04,SOLUSDT,bid,144,12397.264
2024-08-15 22:00:05,SOLUSDT,bid,144,12492.467
2024-08-15 22:00:06,SOLUSDT,ask,150,12618.8
2024-08-15 22:00:07,SOLUSDT,bid,144,12428.206
2024-08-15 22:00:08,SOLUSDT,bid,144,12333.003
2024-08-15 22:00:09,SOLUSDT,bid,130,13413.352
2024-08-15 22:00:09,SOLUSDT,bid,144,12209.063
2024-08-15 22:00:10,SOLUSDT,bid,144,12329.554
2024-08-15 22:00:16,SOLUSDT,ask,150,12619.191
2024-08-15 22:00:16,SOLUSDT,bid,144,12332.555
2024-08-15 22:00:17,SOLUSDT,ask,150,12621.074
2024-08-15 22:00:18,SOLUSDT,ask,151,7719.99
2024-08-15 22:00:21,SOLUSDT,bid,144,12212.064
2024-08-15 22:00:22,SOLUSDT,bid,144,12303.51
2024-08-15 22:00:25,SOLUSDT,bid,140,31575.345
2024-08-15 22:00:25,SOLUSDT,bid,144,12300.509
2024-08-15 22:00:33,SOLUSDT,bid,116,13944.616
2024-08-15 22:00:33,SOLUSDT,bid,116,13944.516
2024-08-15 22:00:34,SOLUSDT,bid,138,15790.068
2024-08-15 22:00:34,SOLUSDT,ask,152,16213.956
2024-08-15 22:00:36,SOLUSDT,bid,144,12209.063
2024-08-15 22:00:36,SOLUSDT,bid,144,12209.063
2024-08-15 22:00:36,SOLUSDT,bid,144,12261.135
2024-08-15 22:00:39,SOLUSDT,bid,135,24478.297
2024-08-15 22:00:40,SOLUSDT,bid,144,12263.434
2024-08-15 22:00:40,SOLUSDT,ask,150,12626.074
2024-08-15 22:00:40,SOLUSDT,bid,144,12265.973
2024-08-15 22:00:40,SOLUSDT,bid,144,12976.868
2024-08-15 22:00:40,SOLUSDT,bid,144,12977.055
2024-08-15 22:00:41,SOLUSDT,bid,144,12971.772
2024-08-15 22:00:41,SOLUSDT,bid,144,12971.474
2024-08-15 22:00:42,SOLUSDT,bid,144,12969.233
2024-08-15 22:00:42,SOLUSDT,bid,144,13006.792
2024-08-15 22:00:42,SOLUSDT,bid,144,13006.844
2024-08-15 22:00:46,SOLUSDT,bid,144,13006.914
2024-08-15 22:00:47,SOLUSDT,bid,144,13008.418
2024-08-15 22:00:48,SOLUSDT,bid,144,12297.523
2024-08-15 22:00:48,SOLUSDT,bid,144,12294.073
2024-08-15 22:00:48,SOLUSDT,bid,144,12324.566
2024-08-15 22:00:48,SOLUSDT,bid,144,12313.566
2024-08-15 22:00:48,SOLUSDT,bid,144,12450.582
2024-08-15 22:00:49,SOLUSDT,bid,144,12456.102
2024-08-15 22:00:49,SOLUSDT,bid,144,12453.342
2024-08-15 22:00:49,SOLUSDT,bid,144,12450.582
2024-08-15 22:00:50,SOLUSDT,bid,144,12452.41
2024-08-15 22:00:51,SOLUSDT,bid,144,12424.39
2024-08-15 22:00:52,SOLUSDT,bid,140,31575.516
2024-08-15 22:00:52,SOLUSDT,bid,116,13944.616
2024-08-15 22:00:52,SOLUSDT,bid,116,13944.516
2024-08-15 22:00:53,SOLUSDT,bid,144,12422.562
2024-08-15 22:00:53,SOLUSDT,bid,144,12422.749
2024-08-15 22:00:53,SOLUSDT,bid,144,12422.562
2024-08-15 22:00:54,SOLUSDT,bid,144,12505.344
2024-08-15 22:00:54,SOLUSDT,ask,190,23790.978
2024-08-15 22:00:55,SOLUSDT,bid,144,12422.562
2024-08-15 22:00:55,SOLUSDT,ask,165,14984.356
2024-08-15 22:00:55,SOLUSDT,bid,144,12422.749
2024-08-15 22:00:56,SOLUSDT,bid,144,12422.562
2024-08-15 22:00:56,SOLUSDT,bid,131,9331.882
2024-08-15 22:00:56,SOLUSDT,bid,144,12422.749
2024-08-15 22:00:57,SOLUSDT,bid,144,12347.559
2024-08-15 22:00:58,SOLUSDT,bid,144,12210.543
2024-08-15 22:00:58,SOLUSDT,ask,150,12624.191
2024-08-15 22:00:58,SOLUSDT,bid,120,21490.889
2024-08-15 22:00:59,SOLUSDT,bid,144,12210.356
2024-08-15 22:01:01,SOLUSDT,bid,144,12279.405
2024-08-15 22:01:01,SOLUSDT,bid,144,12210.356
2024-08-15 22:01:01,SOLUSDT,bid,115,21178.885
2024-08-15 22:01:02,SOLUSDT,ask,150,12624.245
2024-08-15 22:01:03,SOLUSDT,bid,115,21178.713
2024-08-15 22:01:05,SOLUSDT,ask,150,12627.93
2024-08-15 22:01:06,SOLUSDT,bid,110,25958.836
2024-08-15 22:01:10,SOLUSDT,bid,144,12244.881
2024-08-15 22:01:10,SOLUSDT,bid,144,12243.325
2024-08-15 22:01:10,SOLUSDT,ask,151,7723.676
2024-08-15 22:01:11,SOLUSDT,bid,144,12234.605
2024-08-15 22:01:11,SOLUSDT,bid,144,12238.052
2024-08-15 22:01:13,SOLUSDT,bid,116,13944.516
2024-08-15 22:01:13,SOLUSDT,ask,150,12623.809
2024-08-15 22:01:14,SOLUSDT,bid,144,12244.252
2024-08-15 22:01:18,SOLUSDT,bid,144,12209.727
2024-08-15 22:01:25,SOLUSDT,ask,152,16189.899
2024-08-15 22:01:26,SOLUSDT,ask,190,23789.58
2024-08-15 22:01:26,SOLUSDT,bid,144,12244.252
2024-08-15 22:01:28,SOLUSDT,bid,144,12209.727
2024-08-15 22:01:29,SOLUSDT,ask,150,12627.93
2024-08-15 22:01:31,SOLUSDT,bid,144,12244.253
2024-08-15 22:01:32,SOLUSDT,bid,144,12212.534
2024-08-15 22:01:33,SOLUSDT,bid,144,12240.12
2024-08-15 22:01:33,SOLUSDT,bid,144,12212.505
2024-08-15 22:01:33,SOLUSDT,bid,144,12215.518
2024-08-15 22:01:33,SOLUSDT,bid,144,12218.562
2024-08-15 22:01:34,SOLUSDT,bid,144,12209.164
2024-08-15 22:01:34,SOLUSDT,bid,144,12211.703
2024-08-15 22:01:35,SOLUSDT,bid,144,12214.686
2024-08-15 22:01:37,SOLUSDT,bid,144,12214.842
2024-08-15 22:01:38,SOLUSDT,bid,144,12925.737
2024-08-15 22:01:39,SOLUSDT,bid,144,12925.581
2024-08-15 22:01:41,SOLUSDT,bid,144,12922.598
2024-08-15 22:01:41,SOLUSDT,bid,144,12917.175
2024-08-15 22:01:42,SOLUSDT,bid,144,12951.699
2024-08-15 22:01:44,SOLUSDT,ask,160,25495.945
2024-08-15 22:01:44,SOLUSDT,bid,144,12240.804
2024-08-15 22:01:47,SOLUSDT,ask,150,12627.83
2024-08-15 22:01:48,SOLUSDT,bid,144,12349.973
2024-08-15 22:01:48,SOLUSDT,bid,144,12749.973
2024-08-15 22:01:52,SOLUSDT,bid,144,12706.621
2024-08-15 22:01:54,SOLUSDT,ask,150,12627.963
2024-08-15 22:01:57,SOLUSDT,bid,144,12694.466
2024-08-15 22:01:58,SOLUSDT,bid,144,12667.213
2024-08-15 22:01:59,SOLUSDT,bid,144,12728.48
2024-08-15 22:02:01,SOLUSDT,bid,144,12619.311
2024-08-15 22:02:01,SOLUSDT,bid,144,12640.333
2024-08-15 22:02:01,SOLUSDT,ask,700,1649.075
2024-08-15 22:02:02,SOLUSDT,ask,150,12629.416
2024-08-15 22:02:02,SOLUSDT,ask,152,16203.956
2024-08-15 22:02:04,SOLUSDT,bid,144,13204.306
2024-08-15 22:02:05,SOLUSDT,bid,144,12640.333
2024-08-15 22:02:06,SOLUSDT,bid,144,13204.306
2024-08-15 22:02:06,SOLUSDT,bid,144,12640.333
2024-08-15 22:02:10,SOLUSDT,bid,140,31581.487
2024-08-15 22:02:12,SOLUSDT,ask,152,16195.956
2024-08-15 22:02:12,SOLUSDT,bid,144,13204.344
2024-08-15 22:02:12,SOLUSDT,bid,144,12640.333
2024-08-15 22:02:13,SOLUSDT,bid,144,12640.333
2024-08-15 22:02:13,SOLUSDT,bid,144,12643.786
2024-08-15 22:02:15,SOLUSDT,ask,700,1648.075
2024-08-15 22:02:27,SOLUSDT,bid,144,12582.519
2024-08-15 22:02:28,SOLUSDT,bid,120,21487.8
2024-08-15 22:02:29,SOLUSDT,bid,130,13410.891
2024-08-15 22:02:30,SOLUSDT,bid,125,16161.457
2024-08-15 22:02:30,SOLUSDT,bid,120,21746.637
2024-08-15 22:02:30,SOLUSDT,bid,144,12685.741
2024-08-15 22:02:31,SOLUSDT,bid,144,12582.519
2024-08-15 22:02:31,SOLUSDT,bid,135,24475.927
2024-08-15 22:02:32,SOLUSDT,bid,140,31579.202
2024-08-15 22:02:33,SOLUSDT,bid,144,12693.839
2024-08-15 22:02:34,SOLUSDT,bid,144,12672.817
2024-08-15 22:02:38,SOLUSDT,bid,116,13944.516
2024-08-15 22:02:38,SOLUSDT,ask,155,8955.056
2024-08-15 22:02:38,SOLUSDT,bid,144,13236.689
2024-08-15 22:02:40,SOLUSDT,bid,144,12672.817
2024-08-15 22:02:43,SOLUSDT,bid,144,13236.689
2024-08-15 22:02:43,SOLUSDT,bid,138,15791.052
2024-08-15 22:02:44,SOLUSDT,bid,144,12672.817
2024-08-15 22:02:45,SOLUSDT,bid,144,12638.293
2024-08-15 22:02:47,SOLUSDT,bid,144,12700.559
2024-08-15 22:02:49,SOLUSDT,bid,144,12694.359
2024-08-15 22:02:52,SOLUSDT,bid,144,12632.093
2024-08-15 22:02:54,SOLUSDT,bid,131,9334.324
2024-08-15 22:02:55,SOLUSDT,bid,144,12635.717
2024-08-15 22:02:56,SOLUSDT,bid,144,12636.8
2024-08-15 22:02:57,SOLUSDT,bid,144,12522.027
2024-08-15 22:02:58,SOLUSDT,bid,144,12520.944
2024-08-15 22:02:58,SOLUSDT,bid,116,13944.516
2024-08-15 22:03:00,SOLUSDT,bid,144,12120.944
2024-08-15 22:03:02,SOLUSDT,bid,121,8427.078
2024-08-15 22:03:03,SOLUSDT,bid,135,24475.885
2024-08-15 22:03:06,SOLUSDT,bid,120,21745.753
2024-08-15 22:03:07,SOLUSDT,bid,144,12151.931
2024-08-15 22:03:07,SOLUSDT,bid,144,12151.968
2024-08-15 22:03:08,SOLUSDT,bid,144,12148.344
2024-08-15 22:03:09,SOLUSDT,bid,144,12179.331
2024-08-15 22:03:10,SOLUSDT,bid,144,12117.357
2024-08-15 22:03:14,SOLUSDT,bid,144,12148.339
2024-08-15 22:03:14,SOLUSDT,bid,144,12117.357
2024-08-15 22:03:18,SOLUSDT,bid,144,12179.325
2024-08-15 22:03:18,SOLUSDT,bid,116,13944.516
2024-08-15 22:03:18,SOLUSDT,bid,144,12231.301
2024-08-15 22:03:21,SOLUSDT,bid,144,12138.348
2024-08-15 22:03:22,SOLUSDT,bid,144,12169.338
2024-08-15 22:03:22,SOLUSDT,bid,144,12200.325
2024-08-15 22:03:24,SOLUSDT,bid,144,12169.331
2024-08-15 22:03:24,SOLUSDT,ask,200,45100.755
2024-08-15 22:03:26,SOLUSDT,bid,144,12148.34
2024-08-15 22:03:26,SOLUSDT,bid,144,12117.357
2024-08-15 22:03:26,SOLUSDT,bid,115,20332.374
2024-08-15 22:03:26,SOLUSDT,ask,155,8956.906
2024-08-15 22:03:33,SOLUSDT,ask,152,16197.395
2024-08-15 22:03:34,SOLUSDT,ask,152,16147.395
2024-08-15 22:03:38,SOLUSDT,bid,144,12148.342
2024-08-15 22:03:38,SOLUSDT,bid,144,12117.357
2024-08-15 22:03:43,SOLUSDT,bid,144,12118.44
2024-08-15 22:03:44,SOLUSDT,bid,130,13410.24
2024-08-15 22:03:46,SOLUSDT,bid,138,15790.998
2024-08-15 22:03:47,SOLUSDT,bid,100,34978.308
2024-08-15 22:03:47,SOLUSDT,bid,110,25945.287
2024-08-15 22:03:48,SOLUSDT,bid,144,12180.405
2024-08-15 22:03:50,SOLUSDT,ask,150,12634.37
2024-08-15 22:03:50,SOLUSDT,bid,120,21736.753
2024-08-15 22:03:50,SOLUSDT,bid,144,12184.029
2024-08-15 22:03:55,SOLUSDT,bid,144,12120.981
2024-08-15 22:03:55,SOLUSDT,bid,144,12232.751
2024-08-15 22:03:57,SOLUSDT,bid,144,12120.981
2024-08-15 22:03:58,SOLUSDT,ask,150,12628.192
2024-08-15 22:03:59,SOLUSDT,bid,144,12117.357
2024-08-15 22:04:00,SOLUSDT,bid,144,12118.44
2024-08-15 22:04:00,SOLUSDT,bid,144,12211.378
2024-08-15 22:04:01,SOLUSDT,bid,144,12273.343
2024-08-15 22:04:06,SOLUSDT,bid,144,12272.26
2024-08-15 22:04:06,SOLUSDT,bid,90,21373.474
2024-08-15 22:04:12,SOLUSDT,bid,120,21477.916
2024-08-15 22:04:12,SOLUSDT,bid,144,12389.686
2024-08-15 22:04:15,SOLUSDT,ask,150,12629.195
2024-08-15 22:04:20,SOLUSDT,ask,152,16147.882
2024-08-15 22:04:25,SOLUSDT,bid,144,12296.737
2024-08-15 22:04:25,SOLUSDT,bid,144,12234.783
2024-08-15 22:04:27,SOLUSDT,bid,144,12265.764
2024-08-15 22:04:29,SOLUSDT,bid,144,12327.729
2024-08-15 22:04:29,SOLUSDT,bid,144,12421.158
2024-08-15 22:04:29,SOLUSDT,bid,144,12983.57
2024-08-15 22:04:29,SOLUSDT,bid,120,21476.458
2024-08-15 22:04:30,SOLUSDT,bid,144,12421.158
2024-08-15 22:04:31,SOLUSDT,bid,144,12630.669
2024-08-15 22:04:31,SOLUSDT,bid,138,15788.998
2024-08-15 22:04:33,SOLUSDT,bid,144,12379.728
2024-08-15 22:04:34,SOLUSDT,bid,144,12441.706
2024-08-15 22:04:37,SOLUSDT,ask,158,14713.614
2024-08-15 22:04:40,SOLUSDT,bid,144,12348.759
2024-08-15 22:04:40,SOLUSDT,bid,144,12317.775
2024-08-15 22:04:42,SOLUSDT,bid,140,31578.488
2024-08-15 22:04:42,SOLUSDT,bid,116,13944.616
2024-08-15 22:04:43,SOLUSDT,bid,116,13944.516
2024-08-15 22:04:48,SOLUSDT,bid,140,31578.131
2024-08-15 22:04:49,SOLUSDT,bid,144,12317.768
2024-08-15 22:04:50,SOLUSDT,bid,144,12338.774
2024-08-15 22:04:50,SOLUSDT,bid,144,12276.803
2024-08-15 22:04:50,SOLUSDT,bid,144,12286.779
2024-08-15 22:04:51,SOLUSDT,bid,144,12317.76
2024-08-15 22:04:51,SOLUSDT,bid,144,12307.796
2024-08-15 22:04:52,SOLUSDT,bid,144,12338.78
2024-08-15 22:04:52,SOLUSDT,bid,144,12211.392
2024-08-15 22:04:52,SOLUSDT,bid,144,12190.376
2024-08-15 22:04:52,SOLUSDT,bid,144,12221.357
2024-08-15 22:04:55,SOLUSDT,bid,144,12852.877
2024-08-15 22:04:55,SOLUSDT,ask,150,12628.976
2024-08-15 22:04:55,SOLUSDT,ask,151,7732.772
2024-08-15 22:04:56,SOLUSDT,ask,152,16146.78
2024-08-15 22:04:58,SOLUSDT,bid,144,12744.145
2024-08-15 22:04:59,SOLUSDT,bid,130,13411.009
2024-08-15 22:05:00,SOLUSDT,bid,144,12579.422
2024-08-15 22:05:01,SOLUSDT,ask,158,14713.242
2024-08-15 22:05:02,SOLUSDT,bid,144,12221.357
2024-08-15 22:05:03,SOLUSDT,bid,116,13944.516
2024-08-15 22:05:04,SOLUSDT,bid,144,12330.203
2024-08-15 22:05:09,SOLUSDT,ask,158,14712.796
2024-08-15 22:05:11,SOLUSDT,bid,144,12190.376
2024-08-15 22:05:11,SOLUSDT,bid,144,12159.392
2024-08-15 22:05:11,SOLUSDT,bid,144,12138.373
2024-08-15 22:05:11,SOLUSDT,bid,144,12117.357
2024-08-15 22:05:18,SOLUSDT,bid,144,12148.348
2024-08-15 22:05:20,SOLUSDT,bid,144,12179.336
2024-08-15 22:05:23,SOLUSDT,bid,116,13944.516
2024-08-15 22:05:25,SOLUSDT,ask,150,12628.843
2024-08-15 22:05:26,SOLUSDT,ask,200,45096.395
2024-08-15 22:05:28,SOLUSDT,bid,144,12241.303
2024-08-15 22:05:29,SOLUSDT,bid,144,12210.315
2024-08-15 22:05:29,SOLUSDT,bid,144,12148.341
2024-08-15 22:05:34,SOLUSDT,ask,150,12634.583
2024-08-15 22:05:34,SOLUSDT,bid,144,12117.357
2024-08-15 22:05:34,SOLUSDT,ask,152,16160.613
2024-08-15 22:05:34,SOLUSDT,bid,144,12138.361
2024-08-15 22:05:34,SOLUSDT,bid,144,12252.974
2024-08-15 22:05:35,SOLUSDT,bid,144,12252.979
2024-08-15 22:05:36,SOLUSDT,bid,144,12273.989
2024-08-15 22:05:36,SOLUSDT,bid,144,12397.914
2024-08-15 22:05:36,SOLUSDT,bid,144,12376.905
2024-08-15 22:05:36,SOLUSDT,bid,144,12345.923
2024-08-15 22:05:36,SOLUSDT,bid,144,12117.357
2024-08-15 22:05:36,SOLUSDT,bid,144,12169.361
2024-08-15 22:05:37,SOLUSDT,ask,150,12635.583
2024-08-15 22:05:38,SOLUSDT,bid,144,12663.024
2024-08-15 22:05:40,SOLUSDT,bid,144,13226.916
2024-08-15 22:05:41,SOLUSDT,bid,144,12663.024
2024-08-15 22:05:42,SOLUSDT,bid,144,13226.916
2024-08-15 22:05:43,SOLUSDT,bid,144,12663.024
2024-08-15 22:05:43,SOLUSDT,bid,144,12755.971
2024-08-15 22:05:44,SOLUSDT,bid,144,12817.931
2024-08-15 22:05:44,SOLUSDT,bid,144,12819.926
2024-08-15 22:05:46,SOLUSDT,bid,144,12798.906
2024-08-15 22:05:46,SOLUSDT,bid,144,12803.226
2024-08-15 22:05:47,SOLUSDT,bid,144,12772.237
2024-08-15 22:05:47,SOLUSDT,bid,130,13410.009
2024-08-15 22:05:48,SOLUSDT,bid,144,12741.244
2024-08-15 22:05:48,SOLUSDT,bid,144,12739.249
2024-08-15 22:05:49,SOLUSDT,bid,144,12746.242
2024-08-15 22:05:49,SOLUSDT,bid,144,12684.284
2024-08-15 22:05:55,SOLUSDT,ask,152,16160.751
2024-08-15 22:05:57,SOLUSDT,bid,140,31578.488
2024-08-15 22:06:00,SOLUSDT,bid,144,12622.333
2024-08-15 22:06:01,SOLUSDT,bid,144,12741.63
2024-08-15 22:06:01,SOLUSDT,ask,150,12639.943
2024-08-15 22:06:03,SOLUSDT,bid,139,12694.702
2024-08-15 22:06:05,SOLUSDT,bid,144,12750.823
2024-08-15 22:06:05,SOLUSDT,ask,150,12641.077
2024-08-15 22:06:05,SOLUSDT,bid,144,12756.923
2024-08-15 22:06:05,SOLUSDT,bid,144,12750.823
2024-08-15 22:06:08,SOLUSDT,bid,140,31578.702
2024-08-15 22:06:09,SOLUSDT,bid,144,12772.503
2024-08-15 22:06:09,SOLUSDT,ask,152,16160.613
2024-08-15 22:06:11,SOLUSDT,bid,144,12768.183
2024-08-15 22:06:11,SOLUSDT,bid,144,12768.365
2024-08-15 22:06:11,SOLUSDT,bid,144,12768.183
2024-08-15 22:06:11,SOLUSDT,bid,144,12825.573
2024-08-15 22:06:12,SOLUSDT,bid,144,12818.68
2024-08-15 22:06:12,SOLUSDT,bid,144,12787.707
2024-08-15 22:06:12,SOLUSDT,bid,144,12761.868
2024-08-15 22:06:12,SOLUSDT,bid,144,12509.845
2024-08-15 22:06:14,SOLUSDT,bid,144,12571.807
2024-08-15 22:06:15,SOLUSDT,bid,90,21372.974
2024-08-15 22:06:16,SOLUSDT,bid,144,12509.897
2024-08-15 22:06:16,SOLUSDT,bid,144,12584.131
2024-08-15 22:06:17,SOLUSDT,bid,144,12433.283
2024-08-15 22:06:17,SOLUSDT,bid,144,12437.456
2024-08-15 22:06:18,SOLUSDT,bid,144,12433.283
2024-08-15 22:06:18,SOLUSDT,bid,144,12198.542
2024-08-15 22:06:20,SOLUSDT,bid,144,12210.749
2024-08-15 22:06:21,SOLUSDT,bid,144,12238.117
2024-08-15 22:06:22,SOLUSDT,bid,144,12245.018
2024-08-15 22:06:22,SOLUSDT,bid,144,12271.12
2024-08-15 22:06:25,SOLUSDT,bid,135,24475.515
2024-08-15 22:06:25,SOLUSDT,bid,144,12333.1
2024-08-15 22:06:26,SOLUSDT,bid,144,12306.998
2024-08-15 22:06:26,SOLUSDT,bid,144,12307.044
2024-08-15 22:06:26,SOLUSDT,bid,144,12232.81
2024-08-15 22:06:26,SOLUSDT,bid,144,12395.18
2024-08-15 22:06:29,SOLUSDT,bid,144,13108.568
2024-08-15 22:06:30,SOLUSDT,bid,115,20333.243
2024-08-15 22:06:30,SOLUSDT,bid,144,13111.353
2024-08-15 22:06:32,SOLUSDT,ask,150,12637.22
2024-08-15 22:06:32,SOLUSDT,bid,138,15789.287
2024-08-15 22:06:34,SOLUSDT,ask,150,12637.39
2024-08-15 22:06:36,SOLUSDT,bid,144,13145.878
2024-08-15 22:06:37,SOLUSDT,bid,144,13143.339
2024-08-15 22:06:38,SOLUSDT,bid,140,31577.988
2024-08-15 22:06:38,SOLUSDT,bid,138,15788.563
2024-08-15 22:06:38,SOLUSDT,bid,130,13409.24
2024-08-15 22:06:38,SOLUSDT,bid,120,21475.625
2024-08-15 22:06:38,SOLUSDT,bid,118,8965.893
2024-08-15 22:06:38,SOLUSDT,bid,116,13943.654
2024-08-15 22:06:39,SOLUSDT,bid,140,31576.96
2024-08-15 22:06:39,SOLUSDT,ask,155,8954.623
2024-08-15 22:06:40,SOLUSDT,bid,144,13108.814
2024-08-15 22:06:42,SOLUSDT,bid,105,10416.679
2024-08-15 22:06:44,SOLUSDT,ask,150,12637.661
2024-08-15 22:06:45,SOLUSDT,bid,144,13143.287
2024-08-15 22:06:47,SOLUSDT,bid,116,13943.654
2024-08-15 22:06:48,SOLUSDT,bid,144,13140.502
2024-08-15 22:06:50,SOLUSDT,ask,500,6100.933
2024-08-15 22:06:52,SOLUSDT,bid,144,13105.977
2024-08-15 22:06:55,SOLUSDT,bid,144,13121.492
2024-08-15 22:06:55,SOLUSDT,bid,144,13121.675
2024-08-15 22:06:55,SOLUSDT,bid,144,13121.492
2024-08-15 22:06:55,SOLUSDT,bid,144,13152.524
2024-08-15 22:06:55,SOLUSDT,bid,144,13143.19
2024-08-15 22:06:56,SOLUSDT,ask,155,8953.476
2024-08-15 22:06:56,SOLUSDT,bid,144,13290.379
2024-08-15 22:06:56,SOLUSDT,bid,144,13272.508
2024-08-15 22:06:56,SOLUSDT,bid,144,13270.677
2024-08-15 22:06:56,SOLUSDT,bid,144,13239.687
2024-08-15 22:06:56,SOLUSDT,bid,144,13285.205
2024-08-15 22:06:56,SOLUSDT,bid,144,13254.215
2024-08-15 22:06:57,SOLUSDT,bid,144,13307.911
2024-08-15 22:06:57,SOLUSDT,bid,144,12717.63
2024-08-15 22:06:57,SOLUSDT,bid,144,12570.441
2024-08-15 22:06:58,SOLUSDT,bid,144,12578.241
2024-08-15 22:06:58,SOLUSDT,bid,144,12586.759
2024-08-15 22:07:01,SOLUSDT,bid,144,12681.765
2024-08-15 22:07:01,SOLUSDT,bid,144,13081.628
2024-08-15 22:07:02,SOLUSDT,bid,144,13092.628
2024-08-15 22:07:03,SOLUSDT,bid,144,12990.721
2024-08-15 22:07:07,SOLUSDT,bid,144,12590.858
2024-08-15 22:07:07,SOLUSDT,bid,144,12692.765
2024-08-15 22:07:08,SOLUSDT,bid,116,13943.654
2024-08-15 22:07:10,SOLUSDT,bid,144,12590.858
2024-08-15 22:07:13,SOLUSDT,bid,144,12692.765
2024-08-15 22:07:13,SOLUSDT,bid,144,12581.931
2024-08-15 22:07:13,SOLUSDT,bid,144,12587.451
2024-08-15 22:07:14,SOLUSDT,bid,144,12588.451
2024-08-15 22:07:14,SOLUSDT,bid,144,12592.451
2024-08-15 22:07:14,SOLUSDT,bid,144,12596.228
2024-08-15 22:07:14,SOLUSDT,bid,144,12597.728
2024-08-15 22:07:16,SOLUSDT,ask,155,8955.759
2024-08-15 22:07:16,SOLUSDT,bid,144,12587.855
2024-08-15 22:07:16,SOLUSDT,bid,144,12583.855
2024-08-15 22:07:17,SOLUSDT,bid,144,12582.355
2024-08-15 22:07:17,SOLUSDT,bid,144,12718.114
2024-08-15 22:07:18,SOLUSDT,bid,144,12369.479
2024-08-15 22:07:18,SOLUSDT,bid,144,12513.559
2024-08-15 22:07:18,SOLUSDT,bid,144,12634.803
2024-08-15 22:07:18,SOLUSDT,bid,144,12507.144
2024-08-15 22:07:18,SOLUSDT,bid,144,12507.181
2024-08-15 22:07:18,SOLUSDT,bid,144,12507.144
2024-08-15 22:07:19,SOLUSDT,bid,144,12559.97
2024-08-15 22:07:19,SOLUSDT,bid,144,12558.97
2024-08-15 22:07:19,SOLUSDT,bid,144,12506.144
2024-08-15 22:07:28,SOLUSDT,bid,116,13943.654
2024-08-15 22:07:35,SOLUSDT,ask,151,7692.812
2024-08-15 22:07:36,SOLUSDT,ask,165,14983.846
2024-08-15 22:07:37,SOLUSDT,ask,155,8956.759
2024-08-15 22:07:38,SOLUSDT,ask,160,25495.32
2024-08-15 22:07:40,SOLUSDT,ask,151,7880.372
2024-08-15 22:07:41,SOLUSDT,ask,155,8956.114
2024-08-15 22:07:49,SOLUSDT,ask,150,12636.995
2024-08-15 22:07:53,SOLUSDT,ask,150,12636.926
2024-08-15 22:07:53,SOLUSDT,ask,163,18181.534
2024-08-15 22:07:55,SOLUSDT,ask,155,8956.072
2024-08-15 22:07:55,SOLUSDT,ask,160,25495.278
2024-08-15 22:07:55,SOLUSDT,ask,165,14983.804
2024-08-15 22:07:55,SOLUSDT,ask,170,12225.58
2024-08-15 22:07:55,SOLUSDT,ask,175,14312.44
2024-08-15 22:07:55,SOLUSDT,ask,180,22243.643
2024-08-15 22:07:55,SOLUSDT,ask,185,17200.209
2024-08-15 22:07:55,SOLUSDT,ask,190,23789.538
2024-08-15 22:07:55,SOLUSDT,ask,195,12159.549
2024-08-15 22:07:55,SOLUSDT,ask,200,45096.353
2024-08-15 22:07:56,SOLUSDT,bid,140,31576.351
2024-08-15 22:07:57,SOLUSDT,ask,160,25495.555
2024-08-15 22:08:02,SOLUSDT,bid,140,31576.251
2024-08-15 22:08:04,SOLUSDT,ask,152,16159.614
2024-08-15 22:08:06,SOLUSDT,bid,140,31575.226
2024-08-15 22:08:07,SOLUSDT,ask,152,16159.837
2024-08-15 22:08:14,SOLUSDT,bid,140,31574.226
2024-08-15 22:08:17,SOLUSDT,ask,150,12641.107
2024-08-15 22:08:20,SOLUSDT,ask,151,7879.038
2024-08-15 22:08:22,SOLUSDT,ask,151,7860.683
2024-08-15 22:08:41,SOLUSDT,ask,151,7860.749
2024-08-15 22:08:45,SOLUSDT,bid,140,31569.226
2024-08-15 22:08:52,SOLUSDT,bid,115,20333.243
2024-08-15 22:09:06,SOLUSDT,ask,150,12642.787
2024-08-15 22:09:08,SOLUSDT,bid,138,15789.618
2024-08-15 22:09:10,SOLUSDT,bid,138,15788.593
2024-08-15 22:09:12,SOLUSDT,bid,115,20333.343
2024-08-15 22:09:13,SOLUSDT,bid,115,20333.243
2024-08-15 22:09:32,SOLUSDT,bid,135,24480.775
2024-08-15 22:09:33,SOLUSDT,bid,115,20333.243
2024-08-15 22:09:38,SOLUSDT,ask,150,12641.788
2024-08-15 22:09:43,SOLUSDT,bid,140,31570.226
2024-08-15 22:09:43,SOLUSDT,bid,140,31570.297
2024-08-15 22:09:46,SOLUSDT,bid,115,20341.739
2024-08-15 22:09:46,SOLUSDT,ask,151,7851.653
2024-08-15 22:09:51,SOLUSDT,ask,152,16160.836
2024-08-15 22:09:52,SOLUSDT,ask,155,8956.409
2024-08-15 22:10:00,SOLUSDT,bid,140,31570.224
2024-08-15 22:10:04,SOLUSDT,ask,200,45093.058
2024-08-15 22:10:13,SOLUSDT,ask,250,18155.232
2024-08-15 22:10:16,SOLUSDT,ask,155,8961.708
2024-08-15 22:10:17,SOLUSDT,ask,151,7860.749
2024-08-15 22:10:26,SOLUSDT,bid,139,12700.702
2024-08-15 22:10:33,SOLUSDT,ask,180,22246.938
2024-08-15 22:10:33,SOLUSDT,ask,150,12642.788
2024-08-15 22:10:41,SOLUSDT,ask,150,12641.788
2024-08-15 22:10:57,SOLUSDT,bid,115,20341.739
2024-08-15 22:11:08,SOLUSDT,bid,140,31565.464
2024-08-15 22:11:08,SOLUSDT,bid,105,10396.715
2024-08-15 22:11:09,SOLUSDT,ask,151,7860.809
2024-08-15 22:11:09,SOLUSDT,ask,155,8961.768
2024-08-15 22:11:10,SOLUSDT,bid,139,12700.762
2024-08-15 22:11:10,SOLUSDT,bid,135,24480.835
2024-08-15 22:11:12,SOLUSDT,ask,150,12975.789
2024-08-15 22:11:17,SOLUSDT,bid,115,20341.739
2024-08-15 22:11:34,SOLUSDT,ask,170,12222.999
2024-08-15 22:11:35,SOLUSDT,bid,140,31566.075
2024-08-15 22:11:37,SOLUSDT,bid,115,20341.739
2024-08-15 22:11:51,SOLUSDT,ask,152,16165.628
2024-08-15 22:11:52,SOLUSDT,ask,180,22246.188
2024-08-15 22:11:56,SOLUSDT,ask,150,12986.649
2024-08-15 22:12:02,SOLUSDT,ask,152,16162.631
2024-08-15 22:12:06,SOLUSDT,ask,152,16177.616
2024-08-15 22:12:19,SOLUSDT,ask,155,8964.448
2024-08-15 22:12:27,SOLUSDT,bid,144,12230.96
2024-08-15 22:12:27,SOLUSDT,bid,144,12215.379
2024-08-15 22:12:27,SOLUSDT,ask,165,14986.591
2024-08-15 22:12:28,SOLUSDT,bid,144,12214.983
2024-08-15 22:12:29,SOLUSDT,bid,144,12228.281
2024-08-15 22:12:31,SOLUSDT,bid,144,12214.983
2024-08-15 22:12:31,SOLUSDT,bid,144,12224.665
2024-08-15 22:12:31,SOLUSDT,bid,144,12276.557
2024-08-15 22:12:32,SOLUSDT,bid,144,12214.983
2024-08-15 22:12:32,SOLUSDT,bid,144,12332.774
2024-08-15 22:12:33,SOLUSDT,ask,170,12038.239
2024-08-15 22:12:36,SOLUSDT,bid,144,12384.666
2024-08-15 22:12:37,SOLUSDT,bid,144,12377.908
2024-08-15 22:12:37,SOLUSDT,bid,144,12380.668
2024-08-15 22:12:37,SOLUSDT,bid,144,12383.428
2024-08-15 22:12:37,SOLUSDT,bid,144,12386.188
2024-08-15 22:12:37,SOLUSDT,bid,144,12388.261
2024-08-15 22:12:40,SOLUSDT,bid,144,12390.802
2024-08-15 22:12:41,SOLUSDT,bid,144,12388.261
2024-08-15 22:12:42,SOLUSDT,bid,144,12392.261
2024-08-15 22:12:42,SOLUSDT,bid,144,12388.261
2024-08-15 22:12:44,SOLUSDT,bid,144,12388.461
2024-08-15 22:12:44,SOLUSDT,bid,144,12388.498
2024-08-15 22:12:44,SOLUSDT,bid,144,12388.261
2024-08-15 22:12:45,SOLUSDT,bid,138,15790.746
2024-08-15 22:12:46,SOLUSDT,bid,144,12452.497
2024-08-15 22:12:47,SOLUSDT,bid,144,12462.179
2024-08-15 22:12:47,SOLUSDT,bid,144,12466.179
2024-08-15 22:12:48,SOLUSDT,bid,144,12464.106
2024-08-15 22:12:48,SOLUSDT,bid,144,12454.424
2024-08-15 22:12:49,SOLUSDT,bid,144,12464.106
2024-08-15 22:12:49,SOLUSDT,bid,96,12038.723
2024-08-15 22:12:49,SOLUSDT,bid,144,12454.424
2024-08-15 22:12:50,SOLUSDT,bid,144,12464.106
2024-08-15 22:12:50,SOLUSDT,bid,144,12454.424
2024-08-15 22:12:50,SOLUSDT,bid,144,12398.532
2024-08-15 22:12:51,SOLUSDT,bid,144,12161.75
2024-08-15 22:12:51,SOLUSDT,bid,144,12160.75
2024-08-15 22:12:52,SOLUSDT,bid,144,12160.75
2024-08-15 22:12:57,SOLUSDT,ask,151,7860.317
2024-08-15 22:13:03,SOLUSDT,bid,115,20341.739
2024-08-15 22:13:04,SOLUSDT,ask,150,12982.918
2024-08-15 22:13:07,SOLUSDT,bid,144,12415.559
2024-08-15 22:13:08,SOLUSDT,bid,144,12417.632
2024-08-15 22:13:08,SOLUSDT,bid,144,12353.396
2024-08-15 22:13:09,SOLUSDT,bid,144,12345.116
2024-08-15 22:13:13,SOLUSDT,bid,144,12347.936
2024-08-15 22:13:14,SOLUSDT,bid,144,12345.863
2024-08-15 22:13:14,SOLUSDT,bid,144,12343.043
2024-08-15 22:13:14,SOLUSDT,bid,144,12400.521
2024-08-15 22:13:14,SOLUSDT,bid,144,12393.007
2024-08-15 22:13:16,SOLUSDT,bid,144,12395.767
2024-08-15 22:13:16,SOLUSDT,bid,144,12401.287
2024-08-15 22:13:16,SOLUSDT,bid,133,8001.395
2024-08-15 22:13:17,SOLUSDT,bid,144,12405.287
2024-08-15 22:13:17,SOLUSDT,bid,144,12408.045
2024-08-15 22:13:18,SOLUSDT,bid,144,12417.735
2024-08-15 22:13:19,SOLUSDT,bid,144,12408.045
2024-08-15 22:13:21,SOLUSDT,bid,144,12396.202
2024-08-15 22:13:21,SOLUSDT,bid,144,12392.202
2024-08-15 22:13:21,SOLUSDT,bid,144,12327.966
2024-08-15 22:13:21,SOLUSDT,bid,144,12209.966
2024-08-15 22:13:21,SOLUSDT,bid,144,12271.902
2024-08-15 22:13:22,SOLUSDT,bid,144,12328.861
2024-08-15 22:13:22,SOLUSDT,bid,144,12264.625
2024-08-15 22:13:22,SOLUSDT,bid,144,12268.625
2024-08-15 22:13:23,SOLUSDT,bid,144,12322.103
2024-08-15 22:13:23,SOLUSDT,bid,139,12703.762
2024-08-15 22:13:23,SOLUSDT,bid,115,20341.739
2024-08-15 22:13:23,SOLUSDT,bid,144,12274.254
2024-08-15 22:13:24,SOLUSDT,bid,144,12330.569
2024-08-15 22:13:24,SOLUSDT,bid,144,12314.555
2024-08-15 22:13:24,SOLUSDT,bid,144,12309.035
2024-08-15 22:13:24,SOLUSDT,bid,144,8496.582
2024-08-15 22:13:24,SOLUSDT,bid,144,8426.65
2024-08-15 22:13:24,SOLUSDT,bid,144,8423.717
2024-08-15 22:13:40,SOLUSDT,bid,115,20341.739
2024-08-15 22:13:43,SOLUSDT,bid,115,20341.739
2024-08-15 22:13:56,SOLUSDT,ask,152,16176.584
2024-08-15 22:13:56,SOLUSDT,ask,165,14987.623
2024-08-15 22:14:00,SOLUSDT,bid,115,20341.739
2024-08-15 22:14:19,SOLUSDT,ask,185,17196.835
2024-08-15 22:14:20,SOLUSDT,bid,115,20341.739
2024-08-15 22:14:24,SOLUSDT,bid,140,31565.361
2024-08-15 22:14:26,SOLUSDT,ask,160,25495.596
2024-08-15 22:14:37,SOLUSDT,bid,130,13409.299
2024-08-15 22:14:53,SOLUSDT,bid,140,31572.503
2024-08-15 22:14:55,SOLUSDT,ask,150,12983.918
2024-08-15 22:15:04,SOLUSDT,bid,125,16156.897
2024-08-15 22:15:06,SOLUSDT,bid,135,24478.925
2024-08-15 22:15:06,SOLUSDT,bid,135,24479.925
2024-08-15 22:15:08,SOLUSDT,ask,193,7533.322
2024-08-15 22:15:08,SOLUSDT,bid,140,31570.091
2024-08-15 22:15:10,SOLUSDT,bid,115,20341.739
2024-08-15 22:15:11,SOLUSDT,bid,130,13409.383
2024-08-15 22:15:11,SOLUSDT,bid,130,13409.467
2024-08-15 22:15:12,SOLUSDT,ask,165,14987.351
2024-08-15 22:15:12,SOLUSDT,bid,130,13409.551
2024-08-15 22:15:12,SOLUSDT,bid,130,13409.635
2024-08-15 22:15:15,SOLUSDT,bid,140,31570.804
2024-08-15 22:15:15,SOLUSDT,ask,151,7856.755
2024-08-15 22:15:19,SOLUSDT,ask,190,23790.568
2024-08-15 22:15:24,SOLUSDT,bid,130,13409.719
2024-08-15 22:15:25,SOLUSDT,bid,130,13409.803
2024-08-15 22:15:30,SOLUSDT,bid,115,20341.739
2024-08-15 22:15:36,SOLUSDT,bid,140,31570.091
2024-08-15 22:15:36,SOLUSDT,ask,152,16176.808
2024-08-15 22:15:36,SOLUSDT,bid,130,13402.359
2024-08-15 22:15:40,SOLUSDT,ask,150,12983.848
2024-08-15 22:15:40,SOLUSDT,ask,160,25495.496
2024-08-15 22:15:46,SOLUSDT,bid,130,13406.974
2024-08-15 22:15:49,SOLUSDT,ask,152,16177.05
2024-08-15 22:15:50,SOLUSDT,bid,115,20341.839
2024-08-15 22:15:50,SOLUSDT,bid,115,20341.739
2024-08-15 22:16:02,SOLUSDT,ask,150,12987.41
2024-08-15 22:16:28,SOLUSDT,bid,111,14034.587
2024-08-15 22:16:35,SOLUSDT,ask,163,18181.899
2024-08-15 22:16:48,SOLUSDT,ask,158,14709.649
2024-08-15 22:16:55,SOLUSDT,ask,151,7853.101
2024-08-15 22:17:07,SOLUSDT,ask,155,8965.22
2024-08-15 22:17:08,SOLUSDT,ask,152,16176.808
2024-08-15 22:17:12,SOLUSDT,bid,115,20341.739
2024-08-15 22:17:12,SOLUSDT,ask,163,17819.42
2024-08-15 22:17:27,SOLUSDT,bid,111,14033.507
2024-08-15 22:17:32,SOLUSDT,bid,115,20341.739
2024-08-15 22:17:45,SOLUSDT,ask,160,25497.999
2024-08-15 22:17:45,SOLUSDT,ask,158,14719.462
2024-08-15 22:17:46,SOLUSDT,bid,135,24480.718
2024-08-15 22:17:52,SOLUSDT,bid,115,20341.739
2024-08-15 22:17:53,SOLUSDT,bid,125,16157.754
2024-08-15 22:17:53,SOLUSDT,bid,135,24483.718
2024-08-15 22:17:55,SOLUSDT,ask,175,14316.102
2024-08-15 22:17:59,SOLUSDT,ask,150,12988.21
2024-08-15 22:18:05,SOLUSDT,bid,100,34979.114
2024-08-15 22:18:07,SOLUSDT,ask,150,12988.01
2024-08-15 22:18:13,SOLUSDT,bid,140,31569.059
2024-08-15 22:18:19,SOLUSDT,bid,140,31569.146
2024-08-15 22:19:01,SOLUSDT,ask,152,16174.185
2024-08-15 22:19:04,SOLUSDT,ask,200,45093.116
2024-08-15 22:19:09,SOLUSDT,bid,139,12703.167
2024-08-15 22:19:11,SOLUSDT,ask,150,12988.252
2024-08-15 22:19:21,SOLUSDT,bid,115,20341.739
2024-08-15 22:19:22,SOLUSDT,bid,140,31569.837
2024-08-15 22:19:23,SOLUSDT,bid,130,13406.554
2024-08-15 22:19:23,SOLUSDT,bid,130,13406.47
2024-08-15 22:19:25,SOLUSDT,ask,151,7854.439
2024-08-15 22:19:25,SOLUSDT,bid,100,34976.114
2024-08-15 22:19:30,SOLUSDT,bid,131,9334.408
2024-08-15 22:19:31,SOLUSDT,bid,100,34976.172
2024-08-15 22:19:40,SOLUSDT,ask,150,12987.759
2024-08-15 22:19:41,SOLUSDT,ask,163,17819.475
2024-08-15 22:19:41,SOLUSDT,bid,115,20341.839
2024-08-15 22:19:41,SOLUSDT,bid,115,20341.739
2024-08-15 22:19:48,SOLUSDT,ask,155,8965.253
2024-08-15 22:19:54,SOLUSDT,bid,118,9050.662
2024-08-15 22:20:01,SOLUSDT,ask,152,16175.47
2024-08-15 22:20:01,SOLUSDT,bid,115,20341.739
2024-08-15 22:20:03,SOLUSDT,ask,155,8964.687
2024-08-15 22:20:05,SOLUSDT,ask,160,25524.924
2024-08-15 22:20:18,SOLUSDT,bid,145,8488.338
2024-08-15 22:20:19,SOLUSDT,bid,145,8519.328
2024-08-15 22:20:19,SOLUSDT,bid,140,31567.695
2024-08-15 22:20:19,SOLUSDT,bid,145,8515.911
2024-08-15 22:20:20,SOLUSDT,bid,145,8624.982
2024-08-15 22:20:20,SOLUSDT,bid,145,8662.949
2024-08-15 22:20:20,SOLUSDT,bid,145,8672.096
2024-08-15 22:20:20,SOLUSDT,bid,145,8824.207
2024-08-15 22:20:21,SOLUSDT,bid,145,8862.27
2024-08-15 22:20:21,SOLUSDT,bid,145,8759.767
2024-08-15 22:20:21,SOLUSDT,bid,145,8821.753
2024-08-15 22:20:21,SOLUSDT,bid,145,8812.405
2024-08-15 22:20:21,SOLUSDT,bid,145,8799.833
2024-08-15 22:20:21,SOLUSDT,bid,145,8647.722
2024-08-15 22:20:21,SOLUSDT,bid,145,8648.856
2024-08-15 22:20:21,SOLUSDT,ask,150,12987.359
2024-08-15 22:20:21,SOLUSDT,ask,155,8965.087
2024-08-15 22:20:23,SOLUSDT,bid,145,8644.185
2024-08-15 22:20:23,SOLUSDT,bid,145,8706.176
2024-08-15 22:20:23,SOLUSDT,bid,145,8737.118
2024-08-15 22:20:23,SOLUSDT,bid,145,8961.323
2024-08-15 22:20:23,SOLUSDT,bid,145,8952.176
2024-08-15 22:20:23,SOLUSDT,bid,145,8988.59
2024-08-15 22:20:24,SOLUSDT,bid,145,8988.519
2024-08-15 22:20:24,SOLUSDT,bid,145,8985.98
2024-08-15 22:20:25,SOLUSDT,bid,145,9037.358
2024-08-15 22:20:25,SOLUSDT,bid,145,9068.347
2024-08-15 22:20:25,SOLUSDT,bid,145,9007.438
2024-08-15 22:20:25,SOLUSDT,bid,145,9038.424
2024-08-15 22:20:26,SOLUSDT,bid,145,8944.367
2024-08-15 22:20:26,SOLUSDT,bid,145,8913.381
2024-08-15 22:20:26,SOLUSDT,bid,145,8876.967
2024-08-15 22:20:26,SOLUSDT,bid,145,8881.508
2024-08-15 22:20:26,SOLUSDT,bid,145,8893.542
2024-08-15 22:20:26,SOLUSDT,bid,145,8895.542
2024-08-15 22:20:26,SOLUSDT,bid,145,8891.009
2024-08-15 22:20:27,SOLUSDT,bid,145,8604.818
2024-08-15 22:20:27,SOLUSDT,ask,152,16175.881
2024-08-15 22:20:27,SOLUSDT,bid,145,8584.495
2024-08-15 22:20:27,SOLUSDT,bid,145,8648.43
2024-08-15 22:20:27,SOLUSDT,bid,145,8679.422
2024-08-15 22:20:27,SOLUSDT,bid,145,8710.418
2024-08-15 22:20:27,SOLUSDT,bid,145,8866.424
2024-08-15 22:20:28,SOLUSDT,bid,145,8897.418
2024-08-15 22:20:29,SOLUSDT,bid,145,8899.957
2024-08-15 22:20:29,SOLUSDT,bid,145,8893.21
2024-08-15 22:20:32,SOLUSDT,bid,145,8924.205
2024-08-15 22:20:33,SOLUSDT,bid,145,8928.505
2024-08-15 22:20:33,SOLUSDT,bid,145,8925.966
2024-08-15 22:20:33,SOLUSDT,bid,145,8927.043
2024-08-15 22:20:36,SOLUSDT,ask,150,13036.352
2024-08-15 22:20:36,SOLUSDT,bid,145,8961.408
2024-08-15 22:20:36,SOLUSDT,bid,145,8952.102
2024-08-15 22:20:36,SOLUSDT,bid,145,8865.886
2024-08-15 22:20:38,SOLUSDT,bid,145,9022.833
2024-08-15 22:20:38,SOLUSDT,bid,145,9021.756
2024-08-15 22:20:38,SOLUSDT,bid,145,8864.809
2024-08-15 22:20:38,SOLUSDT,bid,145,8892.428
2024-08-15 22:20:38,SOLUSDT,bid,145,8924.496
2024-08-15 22:20:39,SOLUSDT,bid,145,8924.567
2024-08-15 22:20:40,SOLUSDT,ask,161,15532.538
2024-08-15 22:20:40,SOLUSDT,bid,145,8923.49
2024-08-15 22:20:40,SOLUSDT,bid,145,8943.809
2024-08-15 22:20:40,SOLUSDT,bid,145,8944.886
2024-08-15 22:20:41,SOLUSDT,bid,145,8943.738
2024-08-15 22:20:41,SOLUSDT,bid,145,8978.104
2024-08-15 22:20:41,SOLUSDT,bid,145,8916.121
2024-08-15 22:20:42,SOLUSDT,bid,145,8885.13
2024-08-15 22:20:42,SOLUSDT,bid,145,9072.976
2024-08-15 22:20:43,SOLUSDT,bid,145,9103.963
2024-08-15 22:20:43,SOLUSDT,bid,145,9041.986
2024-08-15 22:20:43,SOLUSDT,bid,145,8949.01
2024-08-15 22:20:44,SOLUSDT,bid,145,8979.999
2024-08-15 22:20:44,SOLUSDT,bid,145,8979.999
2024-08-15 22:20:44,SOLUSDT,bid,145,9010.984
2024-08-15 22:20:47,SOLUSDT,bid,145,9160.823
2024-08-15 22:20:47,SOLUSDT,bid,145,9010.984
2024-08-15 22:20:47,SOLUSDT,bid,145,9011.055
2024-08-15 22:20:47,SOLUSDT,bid,140,31461.292
2024-08-15 22:20:48,SOLUSDT,bid,145,9010.984
2024-08-15 22:20:48,SOLUSDT,bid,145,9072.968
2024-08-15 22:20:49,SOLUSDT,bid,145,9041.979
2024-08-15 22:20:49,SOLUSDT,bid,145,9010.994
2024-08-15 22:20:49,SOLUSDT,bid,145,9014.994
2024-08-15 22:20:50,SOLUSDT,bid,145,8942.433
2024-08-15 22:20:50,SOLUSDT,bid,145,8935.456
2024-08-15 22:20:50,SOLUSDT,bid,145,8966.446
2024-08-15 22:20:50,SOLUSDT,bid,145,8778.6
2024-08-15 22:20:50,SOLUSDT,bid,145,8741.522
2024-08-15 22:20:50,SOLUSDT,bid,145,8710.568
2024-08-15 22:20:51,SOLUSDT,bid,145,8708.839
2024-08-15 22:20:51,SOLUSDT,bid,145,8677.843
2024-08-15 22:20:51,SOLUSDT,bid,145,8575.193
2024-08-15 22:20:51,SOLUSDT,bid,145,8570.893
2024-08-15 22:20:51,SOLUSDT,bid,145,8569.759
2024-08-15 22:20:53,SOLUSDT,bid,145,8535.393
2024-08-15 22:20:53,SOLUSDT,bid,145,8536.372
2024-08-15 22:20:54,SOLUSDT,bid,145,8505.376
2024-08-15 22:20:55,SOLUSDT,ask,150,13037.352
2024-08-15 22:20:56,SOLUSDT,bid,145,8480.956
2024-08-15 22:20:59,SOLUSDT,bid,145,8511.946
2024-08-15 22:20:59,SOLUSDT,bid,145,8480.956
