2024-08-14 07:00:00,SOLUSDT,bid,140,31398.504
2024-08-14 07:00:31,SOLUSDT,bid,135,27441.391
2024-08-14 07:00:56,SOLUSDT,ask,155,24824.167
2024-08-14 07:01:03,SOLUSDT,bid,140,31398.133
2024-08-14 07:01:20,SOLUSDT,bid,135,27458.17
2024-08-14 07:01:22,SOLUSDT,ask,180,23653.749
2024-08-14 07:01:23,SOLUSDT,ask,175,9495.261
2024-08-14 07:01:24,SOLUSDT,ask,170,12976.465
2024-08-14 07:01:25,SOLUSDT,ask,165,13816.742
2024-08-14 07:01:33,SOLUSDT,bid,111,15485.097
2024-08-14 07:01:43,SOLUSDT,bid,133,7707.546
2024-08-14 07:01:44,SOLUSDT,ask,155,24888.166
2024-08-14 07:01:46,SOLUSDT,bid,110,26602.545
2024-08-14 07:02:03,SOLUSDT,bid,131,9446.607
2024-08-14 07:02:05,SOLUSDT,bid,130,12587.085
2024-08-14 07:02:27,SOLUSDT,ask,163,18460.253
2024-08-14 07:02:39,SOLUSDT,ask,155,24889.236
2024-08-14 07:02:42,SOLUSDT,ask,150,11381.916
2024-08-14 07:02:48,SOLUSDT,ask,150,11385.855
2024-08-14 07:03:06,SOLUSDT,ask,150,11395.061
2024-08-14 07:03:23,SOLUSDT,ask,155,24891.161
2024-08-14 07:03:25,SOLUSDT,ask,175,9498.118
2024-08-14 07:03:48,SOLUSDT,ask,210,25016.718
2024-08-14 07:03:55,SOLUSDT,ask,155,24889.236
2024-08-14 07:04:01,SOLUSDT,ask,185,19178.366
2024-08-14 07:04:10,SOLUSDT,ask,188,10404.262
2024-08-14 07:04:29,SOLUSDT,bid,140,31399.201
2024-08-14 07:04:32,SOLUSDT,bid,140,31431.436
2024-08-14 07:04:46,SOLUSDT,ask,150,11389.362
2024-08-14 07:04:49,SOLUSDT,ask,163,18453.262
2024-08-14 07:04:50,SOLUSDT,bid,140,31430.436
2024-08-14 07:05:04,SOLUSDT,ask,150,11383.432
2024-08-14 07:05:07,SOLUSDT,ask,150,11379.432
2024-08-14 07:05:25,SOLUSDT,ask,150,11379.205
2024-08-14 07:05:42,SOLUSDT,ask,155,24888.166
2024-08-14 07:05:43,SOLUSDT,ask,163,18454.49
2024-08-14 07:06:03,SOLUSDT,bid,120,21256.163
2024-08-14 07:06:04,SOLUSDT,ask,160,27002.844
2024-08-14 07:06:13,SOLUSDT,bid,140,31431.441
2024-08-14 07:06:27,SOLUSDT,bid,140,31435.522
2024-08-14 07:06:31,SOLUSDT,ask,500,6009.014
2024-08-14 07:07:08,SOLUSDT,ask,180,23653.884
2024-08-14 07:07:21,SOLUSDT,ask,170,12963.762
2024-08-14 07:07:27,SOLUSDT,ask,150,11381.828
2024-08-14 07:07:40,SOLUSDT,ask,175,9499.346
2024-08-14 07:07:40,SOLUSDT,ask,158,20382.441
2024-08-14 07:07:41,SOLUSDT,ask,158,20395.144
2024-08-14 07:07:46,SOLUSDT,ask,200,44953.655
2024-08-14 07:07:53,SOLUSDT,bid,139,11860.109
2024-08-14 07:07:56,SOLUSDT,ask,150,11371.828
2024-08-14 07:08:02,SOLUSDT,bid,105,10286.411
2024-08-14 07:08:04,SOLUSDT,bid,115,25601.938
2024-08-14 07:08:39,SOLUSDT,bid,140,31413.705
2024-08-14 07:08:55,SOLUSDT,ask,160,27001.544
2024-08-14 07:09:16,SOLUSDT,ask,150,11369.205
2024-08-14 07:09:23,SOLUSDT,ask,185,19178.302
2024-08-14 07:09:42,SOLUSDT,bid,105,10277.992
2024-08-14 07:09:43,SOLUSDT,bid,135,27456.543
2024-08-14 07:10:17,SOLUSDT,bid,110,26617.885
2024-08-14 07:11:18,SOLUSDT,bid,140,31434.776
2024-08-14 07:11:46,SOLUSDT,ask,150,11374.205
2024-08-14 07:11:47,SOLUSDT,bid,138,16383.257
2024-08-14 07:11:51,SOLUSDT,ask,160,26817.394
2024-08-14 07:11:51,SOLUSDT,ask,150,11369.205
2024-08-14 07:11:55,SOLUSDT,bid,140,31434.419
2024-08-14 07:11:57,SOLUSDT,bid,140,31434.062
2024-08-14 07:11:58,SOLUSDT,bid,140,31433.705
2024-08-14 07:11:59,SOLUSDT,bid,140,31433.348
2024-08-14 07:12:09,SOLUSDT,ask,160,26697.369
2024-08-14 07:12:44,SOLUSDT,bid,135,27443.754
2024-08-14 07:13:01,SOLUSDT,bid,140,31432.991
2024-08-14 07:13:20,SOLUSDT,bid,135,27443.403
2024-08-14 07:13:31,SOLUSDT,ask,150,11369.704
2024-08-14 07:13:37,SOLUSDT,ask,195,12110.936
2024-08-14 07:13:43,SOLUSDT,ask,200,44956.199
2024-08-14 07:13:56,SOLUSDT,ask,200,44953.655
2024-08-14 07:13:59,SOLUSDT,ask,155,24891.566
2024-08-14 07:14:15,SOLUSDT,ask,150,11369.205
2024-08-14 07:14:16,SOLUSDT,bid,135,27430.948
2024-08-14 07:14:20,SOLUSDT,ask,200,44956.199
2024-08-14 07:14:25,SOLUSDT,bid,139,11859.39
2024-08-14 07:14:38,SOLUSDT,ask,150,11369.294
2024-08-14 07:14:47,SOLUSDT,ask,163,18453.254
2024-08-14 07:15:01,SOLUSDT,ask,175,9501.06
2024-08-14 07:15:06,SOLUSDT,bid,120,21322.379
2024-08-14 07:15:24,SOLUSDT,ask,175,9499.346
2024-08-14 07:15:40,SOLUSDT,ask,175,9501.06
2024-08-14 07:15:41,SOLUSDT,bid,140,31434.419
2024-08-14 07:15:45,SOLUSDT,bid,140,31432.991
2024-08-14 07:15:46,SOLUSDT,ask,210,24916.809
2024-08-14 07:15:54,SOLUSDT,bid,140,31435.133
2024-08-14 07:15:55,SOLUSDT,bid,140,31436.222
2024-08-14 07:16:21,SOLUSDT,ask,150,11369.634
2024-08-14 07:16:30,SOLUSDT,bid,135,27430.748
2024-08-14 07:16:53,SOLUSDT,ask,150,11374.634
2024-08-14 07:17:02,SOLUSDT,ask,200,44953.655
2024-08-14 07:17:33,SOLUSDT,ask,150,11344.634
2024-08-14 07:17:34,SOLUSDT,ask,150,11339.634
2024-08-14 07:17:48,SOLUSDT,ask,350,4123.356
2024-08-14 07:17:57,SOLUSDT,ask,350,4125.9
2024-08-14 07:17:58,SOLUSDT,ask,150,11344.634
2024-08-14 07:17:59,SOLUSDT,ask,150,11339.634
2024-08-14 07:18:05,SOLUSDT,bid,140,31437.222
2024-08-14 07:18:06,SOLUSDT,ask,190,23778.248
2024-08-14 07:18:16,SOLUSDT,ask,350,4123.356
2024-08-14 07:18:23,SOLUSDT,ask,150,11475.44
2024-08-14 07:18:41,SOLUSDT,ask,155,24894.022
2024-08-14 07:18:46,SOLUSDT,bid,140,31436.403
2024-08-14 07:18:47,SOLUSDT,ask,300,9302.961
2024-08-14 07:18:48,SOLUSDT,ask,150,11472.733
2024-08-14 07:18:52,SOLUSDT,ask,160,26711.818
2024-08-14 07:19:35,SOLUSDT,ask,160,26697.369
2024-08-14 07:19:38,SOLUSDT,ask,160,26696.714
2024-08-14 07:19:59,SOLUSDT,ask,170,12963.407
2024-08-14 07:20:01,SOLUSDT,ask,165,13816.442
2024-08-14 07:20:11,SOLUSDT,ask,160,26703.714
2024-08-14 07:20:21,SOLUSDT,ask,155,24895.021
2024-08-14 07:20:22,SOLUSDT,ask,300,9300.417
2024-08-14 07:20:35,SOLUSDT,bid,140,31437.052
2024-08-14 07:20:39,SOLUSDT,ask,260,7981.875
2024-08-14 07:20:57,SOLUSDT,ask,155,24894.52
2024-08-14 07:21:06,SOLUSDT,bid,132,7835.741
2024-08-14 07:21:25,SOLUSDT,bid,130,12588.264
2024-08-14 07:21:32,SOLUSDT,bid,125,16096.73
2024-08-14 07:21:41,SOLUSDT,bid,120,21323.531
2024-08-14 07:21:42,SOLUSDT,ask,180,23653.923
2024-08-14 07:22:55,SOLUSDT,ask,220,12332.3
2024-08-14 07:23:21,SOLUSDT,bid,140,31436.762
2024-08-14 07:23:32,SOLUSDT,bid,140,31437.762
2024-08-14 07:23:34,SOLUSDT,ask,160,26702.419
2024-08-14 07:23:36,SOLUSDT,bid,140,31432.528
2024-08-14 07:23:44,SOLUSDT,bid,135,27431.748
2024-08-14 07:23:58,SOLUSDT,bid,130,12589.264
2024-08-14 07:24:04,SOLUSDT,bid,140,31427.528
2024-08-14 07:24:04,SOLUSDT,bid,130,12568.88
2024-08-14 07:24:04,SOLUSDT,bid,120,21318.531
2024-08-14 07:24:10,SOLUSDT,ask,150,11472.772
2024-08-14 07:24:28,SOLUSDT,bid,140,31421.673
2024-08-14 07:24:42,SOLUSDT,bid,120,21320.531
2024-08-14 07:24:48,SOLUSDT,ask,185,19210.294
2024-08-14 07:24:52,SOLUSDT,bid,132,7835.657
2024-08-14 07:24:57,SOLUSDT,ask,200,44954.114
2024-08-14 07:25:08,SOLUSDT,bid,140,31458.348
2024-08-14 07:25:11,SOLUSDT,bid,130,12568.841
2024-08-14 07:25:11,SOLUSDT,ask,160,26702.38
2024-08-14 07:25:13,SOLUSDT,ask,155,24894.459
2024-08-14 07:25:16,SOLUSDT,ask,153,9195.851
2024-08-14 07:25:19,SOLUSDT,ask,160,26712.38
2024-08-14 07:25:53,SOLUSDT,bid,140,31455.848
2024-08-14 07:26:11,SOLUSDT,bid,130,12566.841
2024-08-14 07:26:16,SOLUSDT,bid,130,12566.341
2024-08-14 07:26:16,SOLUSDT,ask,300,9299.723
2024-08-14 07:26:27,SOLUSDT,ask,193,7343.373
2024-08-14 07:26:30,SOLUSDT,bid,138,16386.257
2024-08-14 07:26:30,SOLUSDT,ask,155,24894.424
2024-08-14 07:26:47,SOLUSDT,ask,170,12963.607
2024-08-14 07:26:49,SOLUSDT,ask,150,11504.764
2024-08-14 07:26:49,SOLUSDT,ask,185,19178.302
2024-08-14 07:26:53,SOLUSDT,ask,150,11504.263
2024-08-14 07:26:53,SOLUSDT,ask,185,19203.302
2024-08-14 07:27:08,SOLUSDT,ask,150,11524.136
2024-08-14 07:27:14,SOLUSDT,ask,195,12135.936
2024-08-14 07:27:22,SOLUSDT,bid,139,11861.908
2024-08-14 07:27:35,SOLUSDT,bid,130,12491.935
2024-08-14 07:28:01,SOLUSDT,ask,150,11524.712
2024-08-14 07:28:06,SOLUSDT,ask,163,18453.223
2024-08-14 07:28:30,SOLUSDT,bid,140,31454.848
2024-08-14 07:28:32,SOLUSDT,bid,139,11860.908
2024-08-14 07:28:35,SOLUSDT,bid,130,12491.893
2024-08-14 07:28:35,SOLUSDT,bid,138,16385.257
2024-08-14 07:28:47,SOLUSDT,ask,165,13812.447
2024-08-14 07:28:53,SOLUSDT,bid,138,16406.058
2024-08-14 07:29:12,SOLUSDT,bid,140,31456.276
2024-08-14 07:29:13,SOLUSDT,bid,130,12491.586
2024-08-14 07:29:14,SOLUSDT,ask,160,26713.129
2024-08-14 07:29:14,SOLUSDT,ask,155,24893.664
2024-08-14 07:29:17,SOLUSDT,ask,160,26712.504
2024-08-14 07:29:22,SOLUSDT,ask,155,24886.956
2024-08-14 07:29:24,SOLUSDT,ask,155,24880.178
2024-08-14 07:29:26,SOLUSDT,ask,155,24876.776
2024-08-14 07:29:27,SOLUSDT,bid,138,16407.507
2024-08-14 07:29:32,SOLUSDT,bid,125,16096.263
2024-08-14 07:29:33,SOLUSDT,bid,110,26617.353
2024-08-14 07:29:59,SOLUSDT,ask,150,11550.583
2024-08-14 07:30:05,SOLUSDT,ask,150,11546.494
2024-08-14 07:30:40,SOLUSDT,ask,170,12963.535
2024-08-14 07:30:55,SOLUSDT,bid,132,7840.657
2024-08-14 07:30:56,SOLUSDT,bid,131,9546.607
2024-08-14 07:31:09,SOLUSDT,ask,188,10390.965
2024-08-14 07:31:12,SOLUSDT,bid,120,21323.448
2024-08-14 07:31:16,SOLUSDT,ask,150,11546.342
2024-08-14 07:31:47,SOLUSDT,ask,153,9195.126
2024-08-14 07:32:09,SOLUSDT,ask,160,26711.813
2024-08-14 07:32:16,SOLUSDT,bid,130,12482.64
2024-08-14 07:32:18,SOLUSDT,bid,135,27423.134
2024-08-14 07:32:29,SOLUSDT,bid,140,31456.203
2024-08-14 07:32:37,SOLUSDT,bid,140,31454.414
2024-08-14 07:32:40,SOLUSDT,ask,150,11544.103
2024-08-14 07:33:24,SOLUSDT,ask,160,26712.813
2024-08-14 07:33:30,SOLUSDT,ask,190,23778.799
2024-08-14 07:33:36,SOLUSDT,bid,125,16172.557
2024-08-14 07:33:47,SOLUSDT,ask,150,11546.707
2024-08-14 07:33:48,SOLUSDT,ask,153,9180.126
2024-08-14 07:33:49,SOLUSDT,ask,153,9166.095
2024-08-14 07:34:01,SOLUSDT,ask,155,24876.873
2024-08-14 07:34:01,SOLUSDT,ask,158,20395.241
2024-08-14 07:34:01,SOLUSDT,ask,153,9166.192
2024-08-14 07:34:01,SOLUSDT,ask,150,11546.804
2024-08-14 07:34:04,SOLUSDT,bid,140,31454.511
2024-08-14 07:34:04,SOLUSDT,bid,139,11861.005
2024-08-14 07:34:04,SOLUSDT,bid,138,16407.604
2024-08-14 07:34:08,SOLUSDT,ask,150,11546.452
2024-08-14 07:34:16,SOLUSDT,bid,120,21324.85
2024-08-14 07:34:30,SOLUSDT,bid,120,21323.448
2024-08-14 07:35:03,SOLUSDT,ask,190,23779.49
2024-08-14 07:35:05,SOLUSDT,bid,135,27419.053
2024-08-14 07:35:16,SOLUSDT,bid,140,31458.655
2024-08-14 07:35:46,SOLUSDT,bid,120,21326.448
2024-08-14 07:35:52,SOLUSDT,bid,111,15485.791
2024-08-14 07:36:19,SOLUSDT,ask,150,11546.112
2024-08-14 07:36:37,SOLUSDT,bid,125,16172.057
2024-08-14 07:36:37,SOLUSDT,ask,150,11543.568
2024-08-14 07:36:50,SOLUSDT,ask,153,9165.192
2024-08-14 07:37:11,SOLUSDT,bid,130,12486.495
2024-08-14 07:37:13,SOLUSDT,ask,155,24876.054
2024-08-14 07:37:21,SOLUSDT,bid,135,27443.922
2024-08-14 07:37:25,SOLUSDT,ask,170,12961.537
2024-08-14 07:37:47,SOLUSDT,ask,161,15804.289
2024-08-14 07:37:52,SOLUSDT,ask,260,7979.331
2024-08-14 07:37:57,SOLUSDT,ask,155,24877.054
2024-08-14 07:38:14,SOLUSDT,ask,195,12135.609
2024-08-14 07:38:20,SOLUSDT,bid,110,26617.242
2024-08-14 07:38:27,SOLUSDT,ask,158,20394.641
2024-08-14 07:38:31,SOLUSDT,ask,150,11443.568
2024-08-14 07:38:35,SOLUSDT,bid,140,31456.655
2024-08-14 07:38:39,SOLUSDT,bid,140,31460.226
2024-08-14 07:38:45,SOLUSDT,ask,155,24885.929
2024-08-14 07:38:45,SOLUSDT,ask,158,20394.451
2024-08-14 07:38:49,SOLUSDT,ask,150,11436.009
2024-08-14 07:38:49,SOLUSDT,bid,125,16164.057
2024-08-14 07:39:04,SOLUSDT,ask,153,9166.681
2024-08-14 07:39:13,SOLUSDT,ask,150,11433.301
2024-08-14 07:39:26,SOLUSDT,bid,110,26617.387
2024-08-14 07:39:35,SOLUSDT,bid,140,31459.226
2024-08-14 07:39:42,SOLUSDT,ask,200,44954.062
2024-08-14 07:40:06,SOLUSDT,bid,133,7709.546
2024-08-14 07:40:08,SOLUSDT,bid,90,20807.364
2024-08-14 07:40:13,SOLUSDT,ask,150,11432.759
2024-08-14 07:40:20,SOLUSDT,bid,140,31458.226
2024-08-14 07:40:25,SOLUSDT,ask,150,11434.334
2024-08-14 07:40:30,SOLUSDT,ask,150,11437.467
2024-08-14 07:40:32,SOLUSDT,bid,138,16411.061
2024-08-14 07:40:32,SOLUSDT,ask,150,11437.376
2024-08-14 07:40:58,SOLUSDT,bid,140,31459.296
2024-08-14 07:41:05,SOLUSDT,bid,140,31459.056
2024-08-14 07:41:13,SOLUSDT,ask,155,24886.165
2024-08-14 07:42:10,SOLUSDT,bid,130,12481.225
2024-08-14 07:42:33,SOLUSDT,bid,140,31459.291
2024-08-14 07:42:51,SOLUSDT,bid,140,31359.191
2024-08-14 07:42:51,SOLUSDT,bid,135,27544.022
2024-08-14 07:42:53,SOLUSDT,ask,150,11437.605
2024-08-14 07:43:01,SOLUSDT,ask,210,24934.803
2024-08-14 07:43:01,SOLUSDT,ask,158,20394.646
2024-08-14 07:43:24,SOLUSDT,ask,160,26712.98
2024-08-14 07:43:24,SOLUSDT,ask,158,20392.751
2024-08-14 07:44:05,SOLUSDT,ask,180,23653.956
2024-08-14 07:44:20,SOLUSDT,ask,150,11437.042
2024-08-14 07:44:38,SOLUSDT,bid,120,21319.873
2024-08-14 07:44:55,SOLUSDT,bid,135,27543.2
2024-08-14 07:44:55,SOLUSDT,ask,153,9165.859
2024-08-14 07:44:55,SOLUSDT,ask,165,13811.625
2024-08-14 07:45:03,SOLUSDT,bid,140,31367.191
2024-08-14 07:45:33,SOLUSDT,ask,185,19201.304
2024-08-14 07:46:12,SOLUSDT,bid,135,27526.421
2024-08-14 07:46:24,SOLUSDT,bid,130,12480.817
2024-08-14 07:46:45,SOLUSDT,ask,165,13811.277
2024-08-14 07:46:54,SOLUSDT,ask,200,44953.461
2024-08-14 07:47:03,SOLUSDT,bid,120,21321.197
2024-08-14 07:47:06,SOLUSDT,bid,110,26614.387
2024-08-14 07:47:10,SOLUSDT,bid,130,12479.817
2024-08-14 07:47:12,SOLUSDT,bid,120,21319.197
2024-08-14 07:47:16,SOLUSDT,ask,150,11446.597
2024-08-14 07:47:16,SOLUSDT,bid,140,31366.251
2024-08-14 07:47:20,SOLUSDT,bid,138,16393.97
2024-08-14 07:47:20,SOLUSDT,bid,130,12461.674
2024-08-14 07:47:53,SOLUSDT,bid,85,58190.142
2024-08-14 07:48:03,SOLUSDT,bid,140,31374.966
2024-08-14 07:48:05,SOLUSDT,bid,135,27523.525
2024-08-14 07:48:06,SOLUSDT,ask,161,15804.986
2024-08-14 07:48:06,SOLUSDT,ask,163,18453.92
2024-08-14 07:48:06,SOLUSDT,ask,165,13811.974
2024-08-14 07:48:07,SOLUSDT,ask,160,26713.677
2024-08-14 07:48:08,SOLUSDT,ask,158,20393.448
2024-08-14 07:48:08,SOLUSDT,ask,155,24886.862
2024-08-14 07:48:08,SOLUSDT,ask,150,11446.556
2024-08-14 07:48:08,SOLUSDT,ask,153,9166.556
2024-08-14 07:48:09,SOLUSDT,ask,150,11447.253
2024-08-14 07:48:11,SOLUSDT,bid,140,31375.663
2024-08-14 07:48:11,SOLUSDT,bid,139,11861.702
2024-08-14 07:48:12,SOLUSDT,bid,138,16394.667
2024-08-14 07:48:12,SOLUSDT,bid,135,27524.222
2024-08-14 07:48:18,SOLUSDT,bid,110,26613.105
2024-08-14 07:48:21,SOLUSDT,bid,130,12471.06
2024-08-14 07:48:30,SOLUSDT,ask,150,11447.17
2024-08-14 07:48:30,SOLUSDT,bid,140,31379.234
2024-08-14 07:48:50,SOLUSDT,bid,138,16395.391
2024-08-14 07:49:22,SOLUSDT,bid,140,31384.282
2024-08-14 07:49:27,SOLUSDT,bid,125,16246.47
2024-08-14 07:49:27,SOLUSDT,ask,150,11512.1
2024-08-14 07:50:07,SOLUSDT,bid,140,31379.282
2024-08-14 07:50:15,SOLUSDT,bid,110,26611.135
2024-08-14 07:50:15,SOLUSDT,ask,150,11510.13
2024-08-14 07:50:15,SOLUSDT,ask,158,20391.478
2024-08-14 07:50:15,SOLUSDT,ask,190,23777.52
2024-08-14 07:50:16,SOLUSDT,bid,140,31381.015
2024-08-14 07:50:20,SOLUSDT,bid,139,11859.778
2024-08-14 07:50:51,SOLUSDT,ask,155,24884.796
2024-08-14 07:51:02,SOLUSDT,ask,150,11510.38
2024-08-14 07:51:08,SOLUSDT,bid,135,27523.111
2024-08-14 07:51:58,SOLUSDT,bid,125,16244.47
2024-08-14 07:52:10,SOLUSDT,ask,245,10055.475
2024-08-14 07:52:24,SOLUSDT,ask,150,11511.18
2024-08-14 07:52:25,SOLUSDT,ask,163,18438.475
2024-08-14 07:52:44,SOLUSDT,ask,200,44951.37
2024-08-14 07:52:57,SOLUSDT,bid,125,16234.87
2024-08-14 07:53:01,SOLUSDT,bid,140,31378.88
2024-08-14 07:53:06,SOLUSDT,ask,150,11559.62
2024-08-14 07:53:36,SOLUSDT,bid,139,11860.497
2024-08-14 07:54:21,SOLUSDT,bid,120,21319.152
2024-08-14 07:54:54,SOLUSDT,ask,155,24886.774
2024-08-14 07:54:54,SOLUSDT,ask,190,23779.498
2024-08-14 07:54:55,SOLUSDT,bid,120,21321.13
2024-08-14 07:55:07,SOLUSDT,bid,140,31377.812
2024-08-14 07:55:08,SOLUSDT,ask,153,9167.133
2024-08-14 07:55:20,SOLUSDT,bid,140,31379.948
2024-08-14 07:55:21,SOLUSDT,ask,175,9529.631
2024-08-14 07:55:40,SOLUSDT,bid,100,35606.197
2024-08-14 07:55:44,SOLUSDT,ask,150,11511.18
2024-08-14 07:55:54,SOLUSDT,bid,100,35601.691
2024-08-14 07:56:12,SOLUSDT,ask,150,11509.605
2024-08-14 07:56:12,SOLUSDT,ask,153,9165.644
2024-08-14 07:56:12,SOLUSDT,ask,155,24885.905
2024-08-14 07:56:32,SOLUSDT,bid,100,35606.197
2024-08-14 07:56:38,SOLUSDT,ask,150,11510.33
2024-08-14 07:56:43,SOLUSDT,bid,100,35603.687
2024-08-14 07:56:45,SOLUSDT,ask,150,11509.645
2024-08-14 07:56:45,SOLUSDT,bid,140,31380.81
2024-08-14 07:56:46,SOLUSDT,bid,100,35599.181
2024-08-14 07:56:55,SOLUSDT,bid,140,31374.861
2024-08-14 07:56:59,SOLUSDT,bid,100,35602.689
2024-08-14 07:57:10,SOLUSDT,ask,150,11506.512
2024-08-14 07:57:26,SOLUSDT,ask,150,11512.787
2024-08-14 07:57:38,SOLUSDT,ask,160,26710.697
2024-08-14 07:58:21,SOLUSDT,ask,160,26720.687
2024-08-14 07:58:21,SOLUSDT,ask,150,11499.287
2024-08-14 07:58:38,SOLUSDT,ask,180,23653.859
2024-08-14 07:58:41,SOLUSDT,ask,150,11492.594
2024-08-14 07:58:55,SOLUSDT,ask,150,11493.287
2024-08-14 07:59:13,SOLUSDT,ask,150,11499.98
2024-08-14 07:59:22,SOLUSDT,bid,135,27523.347
2024-08-14 07:59:38,SOLUSDT,bid,135,27523.111
2024-08-14 07:59:43,SOLUSDT,ask,150,11932.67
2024-08-14 07:59:54,SOLUSDT,ask,185,19200.128
2024-08-14 07:59:57,SOLUSDT,bid,125,16152.457
2024-08-14 08:00:08,SOLUSDT,ask,150,11946.17
2024-08-14 08:00:29,SOLUSDT,bid,140,31378.432
2024-08-14 08:01:33,SOLUSDT,bid,140,31378.646
2024-08-14 08:01:35,SOLUSDT,ask,150,11951.255
2024-08-14 08:01:52,SOLUSDT,ask,158,20391.137
2024-08-14 08:02:03,SOLUSDT,bid,135,27526.814
2024-08-14 08:02:21,SOLUSDT,ask,155,24885.257
2024-08-14 08:02:22,SOLUSDT,ask,158,20391.308
2024-08-14 08:02:33,SOLUSDT,ask,155,24850.442
2024-08-14 08:02:48,SOLUSDT,ask,150,11953.689
2024-08-14 08:02:52,SOLUSDT,bid,130,12470.907
2024-08-14 08:03:02,SOLUSDT,ask,153,9165.067
2024-08-14 08:03:22,SOLUSDT,bid,100,35600.689
2024-08-14 08:03:46,SOLUSDT,bid,140,31380.074
2024-08-14 08:03:46,SOLUSDT,bid,135,27526.666
2024-08-14 08:03:47,SOLUSDT,bid,115,25514.982
2024-08-14 08:04:05,SOLUSDT,ask,150,11954.031
2024-08-14 08:04:16,SOLUSDT,bid,138,16420.785
2024-08-14 08:04:21,SOLUSDT,ask,150,11956.199
2024-08-14 08:04:48,SOLUSDT,ask,150,11966.199
2024-08-14 08:04:49,SOLUSDT,bid,140,31379.974
2024-08-14 08:04:49,SOLUSDT,ask,163,18438.375
2024-08-14 08:04:49,SOLUSDT,ask,170,12961.437
2024-08-14 08:05:00,SOLUSDT,ask,198,5737.249
2024-08-14 08:05:12,SOLUSDT,ask,190,23778.803
2024-08-14 08:05:16,SOLUSDT,bid,120,21316.964
2024-08-14 08:05:24,SOLUSDT,bid,140,31416.642
2024-08-14 08:05:25,SOLUSDT,ask,150,11966.118
2024-08-14 08:05:37,SOLUSDT,bid,140,31417.385
2024-08-14 08:05:40,SOLUSDT,bid,138,16420.342
2024-08-14 08:05:46,SOLUSDT,bid,140,31420.956
2024-08-14 08:06:01,SOLUSDT,ask,155,24847.01
2024-08-14 08:06:08,SOLUSDT,ask,150,11978.003
2024-08-14 08:06:22,SOLUSDT,bid,120,21321.711
2024-08-14 08:06:30,SOLUSDT,bid,140,31417.385
2024-08-14 08:06:52,SOLUSDT,ask,150,12026.443
2024-08-14 08:06:57,SOLUSDT,bid,140,31415.485
2024-08-14 08:07:32,SOLUSDT,ask,158,20391.221
2024-08-14 08:07:51,SOLUSDT,bid,140,31417.27
2024-08-14 08:07:53,SOLUSDT,ask,150,12014.558
2024-08-14 08:07:54,SOLUSDT,bid,140,31416.527
2024-08-14 08:07:57,SOLUSDT,ask,170,12955.476
2024-08-14 08:08:18,SOLUSDT,bid,125,16151.411
2024-08-14 08:08:25,SOLUSDT,bid,130,12472.83
2024-08-14 08:08:29,SOLUSDT,ask,180,23651.85
2024-08-14 08:08:59,SOLUSDT,bid,140,31422.115
2024-08-14 08:09:05,SOLUSDT,ask,180,23639.062
2024-08-14 08:09:11,SOLUSDT,ask,180,23629.071
2024-08-14 08:09:28,SOLUSDT,ask,180,23651.85
2024-08-14 08:09:54,SOLUSDT,bid,140,31416.527
2024-08-14 08:09:56,SOLUSDT,bid,100,35795.043
2024-08-14 08:10:15,SOLUSDT,bid,105,10274.992
2024-08-14 08:10:33,SOLUSDT,bid,140,31423.734
2024-08-14 08:10:40,SOLUSDT,bid,125,16151.653
2024-08-14 08:10:43,SOLUSDT,bid,100,35756.64
2024-08-14 08:10:53,SOLUSDT,bid,100,35833.982
2024-08-14 08:11:08,SOLUSDT,bid,140,31373.734
2024-08-14 08:11:14,SOLUSDT,ask,163,18438.069
2024-08-14 08:11:16,SOLUSDT,ask,150,12041.493
2024-08-14 08:11:24,SOLUSDT,bid,130,12472.638
2024-08-14 08:11:26,SOLUSDT,bid,135,27526.509
2024-08-14 08:11:26,SOLUSDT,ask,155,24846.021
2024-08-14 08:11:33,SOLUSDT,ask,158,20392.221
2024-08-14 08:11:36,SOLUSDT,ask,150,12042.482
2024-08-14 08:11:44,SOLUSDT,bid,140,31373.886
2024-08-14 08:11:46,SOLUSDT,ask,500,6009.622
2024-08-14 08:11:57,SOLUSDT,bid,138,16421.279
2024-08-14 08:12:01,SOLUSDT,bid,140,31375.354
2024-08-14 08:12:03,SOLUSDT,ask,150,12054.367
2024-08-14 08:12:12,SOLUSDT,ask,180,23629.071
2024-08-14 08:12:25,SOLUSDT,ask,155,24868.8
2024-08-14 08:12:27,SOLUSDT,bid,120,21317.32
2024-08-14 08:12:38,SOLUSDT,bid,135,27524.732
2024-08-14 08:12:46,SOLUSDT,bid,135,27525.028
2024-08-14 08:12:57,SOLUSDT,bid,140,31374.277
2024-08-14 08:13:00,SOLUSDT,ask,150,12054.779
2024-08-14 08:13:01,SOLUSDT,bid,135,27524.028
2024-08-14 08:13:11,SOLUSDT,bid,138,16422.003
2024-08-14 08:13:26,SOLUSDT,bid,130,12474.638
2024-08-14 08:13:27,SOLUSDT,ask,150,12054.713
2024-08-14 08:13:27,SOLUSDT,ask,155,24868.866
2024-08-14 08:13:29,SOLUSDT,bid,133,7697.978
2024-08-14 08:13:46,SOLUSDT,ask,158,20408.526
2024-08-14 08:13:46,SOLUSDT,bid,140,31374.313
2024-08-14 08:14:35,SOLUSDT,bid,120,21315.091
2024-08-14 08:14:40,SOLUSDT,ask,150,12059.713
2024-08-14 08:14:42,SOLUSDT,ask,198,5735.136
2024-08-14 08:15:01,SOLUSDT,ask,158,20408.687
2024-08-14 08:15:36,SOLUSDT,bid,138,16460.969
2024-08-14 08:15:36,SOLUSDT,ask,185,19206.846
2024-08-14 08:15:40,SOLUSDT,bid,140,31386.313
2024-08-14 08:15:42,SOLUSDT,bid,132,7871.21
2024-08-14 08:15:50,SOLUSDT,bid,125,16200.049
2024-08-14 08:15:57,SOLUSDT,bid,115,25567.588
2024-08-14 08:15:57,SOLUSDT,ask,150,12059.493
2024-08-14 08:15:57,SOLUSDT,ask,158,20408.687
2024-08-14 08:15:57,SOLUSDT,ask,500,6008.524
2024-08-14 08:16:17,SOLUSDT,ask,163,18426.081
2024-08-14 08:16:18,SOLUSDT,bid,133,7695.69
2024-08-14 08:16:29,SOLUSDT,bid,140,31379.171
2024-08-14 08:16:42,SOLUSDT,ask,150,12057.059
2024-08-14 08:16:56,SOLUSDT,bid,140,31380.171
2024-08-14 08:17:04,SOLUSDT,bid,140,31381.171
2024-08-14 08:17:05,SOLUSDT,ask,180,23629.213
2024-08-14 08:17:05,SOLUSDT,bid,135,27152.905
2024-08-14 08:17:13,SOLUSDT,bid,140,31382.599
2024-08-14 08:17:31,SOLUSDT,bid,140,31412.173
2024-08-14 08:17:53,SOLUSDT,ask,150,12057.158
2024-08-14 08:17:56,SOLUSDT,bid,135,27152.221
2024-08-14 08:18:02,SOLUSDT,bid,140,31414.043
2024-08-14 08:18:03,SOLUSDT,bid,115,25567.588
2024-08-14 08:18:06,SOLUSDT,bid,140,31471.163
2024-08-14 08:18:23,SOLUSDT,bid,115,25567.588
2024-08-14 08:18:23,SOLUSDT,ask,150,12057.059
2024-08-14 08:18:43,SOLUSDT,bid,115,25567.588
2024-08-14 08:18:53,SOLUSDT,bid,140,31491.189
2024-08-14 08:18:54,SOLUSDT,bid,125,16200.668
2024-08-14 08:19:07,SOLUSDT,bid,140,31491.123
2024-08-14 08:19:23,SOLUSDT,bid,140,31491.337
2024-08-14 08:19:28,SOLUSDT,ask,158,20407.367
2024-08-14 08:19:33,SOLUSDT,bid,130,12477.654
2024-08-14 08:19:44,SOLUSDT,ask,150,12045.174
2024-08-14 08:19:47,SOLUSDT,bid,130,12486.069
2024-08-14 08:19:51,SOLUSDT,ask,150,12044.981
2024-08-14 08:20:03,SOLUSDT,bid,140,31498.479
2024-08-14 08:20:06,SOLUSDT,bid,115,25567.688
2024-08-14 08:20:07,SOLUSDT,bid,115,25567.588
2024-08-14 08:20:07,SOLUSDT,ask,155,24873.428
2024-08-14 08:20:08,SOLUSDT,ask,155,24872.414
2024-08-14 08:20:18,SOLUSDT,ask,150,12045.488
2024-08-14 08:20:19,SOLUSDT,bid,140,31499.479
2024-08-14 08:20:22,SOLUSDT,bid,133,7695.772
2024-08-14 08:20:27,SOLUSDT,bid,115,25567.588
2024-08-14 08:20:38,SOLUSDT,ask,188,10400.842
2024-08-14 08:20:40,SOLUSDT,bid,120,21273.3
2024-08-14 08:20:47,SOLUSDT,bid,115,25567.588
2024-08-14 08:20:54,SOLUSDT,ask,200,44951.224
2024-08-14 08:20:54,SOLUSDT,ask,150,12039.365
2024-08-14 08:20:54,SOLUSDT,ask,158,20403.959
2024-08-14 08:20:54,SOLUSDT,ask,175,9523.917
2024-08-14 08:20:54,SOLUSDT,ask,155,24865.421
2024-08-14 08:20:59,SOLUSDT,bid,140,31479.453
2024-08-14 08:21:02,SOLUSDT,bid,140,31479.096
2024-08-14 08:21:02,SOLUSDT,ask,160,26719.811
2024-08-14 08:21:02,SOLUSDT,ask,165,13814.474
2024-08-14 08:21:05,SOLUSDT,ask,150,12035.865
2024-08-14 08:21:05,SOLUSDT,ask,180,23629.359
2024-08-14 08:21:11,SOLUSDT,ask,170,12957.247
2024-08-14 08:21:15,SOLUSDT,bid,139,11865.497
2024-08-14 08:21:18,SOLUSDT,bid,140,31459.096
2024-08-14 08:21:24,SOLUSDT,bid,135,27150.079
2024-08-14 08:21:40,SOLUSDT,bid,133,7695.69
2024-08-14 08:21:42,SOLUSDT,bid,140,31461.096
2024-08-14 08:21:43,SOLUSDT,ask,150,12029.59
2024-08-14 08:22:03,SOLUSDT,bid,111,15366.92
2024-08-14 08:22:05,SOLUSDT,bid,133,7694.586
2024-08-14 08:22:07,SOLUSDT,bid,139,11865.541
2024-08-14 08:22:08,SOLUSDT,ask,155,24801.422
2024-08-14 08:22:12,SOLUSDT,bid,115,25567.588
2024-08-14 08:22:23,SOLUSDT,ask,161,15812.685
2024-08-14 08:22:25,SOLUSDT,ask,150,12009.59
2024-08-14 08:22:28,SOLUSDT,ask,165,13811.249
2024-08-14 08:22:32,SOLUSDT,bid,115,25567.588
2024-08-14 08:22:34,SOLUSDT,bid,140,31459.226
2024-08-14 08:22:38,SOLUSDT,bid,140,31458.869
2024-08-14 08:22:48,SOLUSDT,bid,120,21282.3
2024-08-14 08:22:49,SOLUSDT,bid,140,31458.655
2024-08-14 08:22:52,SOLUSDT,bid,115,25567.588
2024-08-14 08:22:59,SOLUSDT,bid,115,25577.588
2024-08-14 08:23:04,SOLUSDT,bid,130,12475.069
2024-08-14 08:23:05,SOLUSDT,ask,161,15804.986
2024-08-14 08:23:16,SOLUSDT,ask,161,15812.685
2024-08-14 08:23:24,SOLUSDT,bid,90,20809.327
2024-08-14 08:23:25,SOLUSDT,bid,125,16210.668
2024-08-14 08:23:25,SOLUSDT,ask,161,15817.796
2024-08-14 08:23:28,SOLUSDT,ask,150,12015.865
2024-08-14 08:23:33,SOLUSDT,bid,111,15485.102
2024-08-14 08:23:34,SOLUSDT,ask,150,12015.914
2024-08-14 08:23:34,SOLUSDT,ask,150,12475.915
2024-08-14 08:23:34,SOLUSDT,bid,140,31456.493
2024-08-14 08:23:34,SOLUSDT,bid,140,31456.693
2024-08-14 08:23:53,SOLUSDT,bid,135,27152.322
2024-08-14 08:24:02,SOLUSDT,bid,135,27152.522
2024-08-14 08:24:06,SOLUSDT,ask,155,24798.197
2024-08-14 08:24:06,SOLUSDT,ask,158,20400.795
2024-08-14 08:24:08,SOLUSDT,ask,161,15810.097
2024-08-14 08:24:15,SOLUSDT,bid,138,16458.969
2024-08-14 08:24:21,SOLUSDT,bid,115,25577.588
2024-08-14 08:24:22,SOLUSDT,bid,130,12737.044
2024-08-14 08:24:31,SOLUSDT,ask,150,12475.866
2024-08-14 08:24:31,SOLUSDT,ask,155,24798.246
2024-08-14 08:24:36,SOLUSDT,bid,139,11864.103
2024-08-14 08:24:38,SOLUSDT,bid,131,9544.607
2024-08-14 08:24:38,SOLUSDT,ask,155,24797.633
2024-08-14 08:24:41,SOLUSDT,bid,115,25577.588
2024-08-14 08:24:46,SOLUSDT,bid,138,16459.331
2024-08-14 08:24:49,SOLUSDT,bid,115,25567.588
2024-08-14 08:24:53,SOLUSDT,ask,150,12481.785
2024-08-14 08:24:56,SOLUSDT,bid,140,31457.157
2024-08-14 08:25:00,SOLUSDT,ask,158,20400.634
2024-08-14 08:25:01,SOLUSDT,bid,120,21273.3
2024-08-14 08:25:01,SOLUSDT,bid,140,31456.087
2024-08-14 08:25:01,SOLUSDT,bid,115,25567.588
2024-08-14 08:25:08,SOLUSDT,ask,190,23778.227
2024-08-14 08:25:08,SOLUSDT,ask,200,44950.39
2024-08-14 08:25:09,SOLUSDT,bid,135,27152.762
2024-08-14 08:25:12,SOLUSDT,ask,163,18424.081
2024-08-14 08:25:12,SOLUSDT,ask,200,44947.39
2024-08-14 08:25:12,SOLUSDT,ask,260,7973.331
2024-08-14 08:25:12,SOLUSDT,ask,300,9285.723
2024-08-14 08:25:12,SOLUSDT,ask,350,4113.356
2024-08-14 08:25:26,SOLUSDT,bid,140,31456.047
2024-08-14 08:25:26,SOLUSDT,bid,133,7694.546
2024-08-14 08:25:26,SOLUSDT,ask,161,15810.057
2024-08-14 08:25:26,SOLUSDT,ask,150,12482.398
2024-08-14 08:25:35,SOLUSDT,bid,120,21273.542
2024-08-14 08:25:43,SOLUSDT,ask,220,12330.206
2024-08-14 08:25:57,SOLUSDT,ask,150,12488.771
2024-08-14 08:26:01,SOLUSDT,bid,140,31455.076
2024-08-14 08:26:23,SOLUSDT,bid,115,25567.588
2024-08-14 08:26:27,SOLUSDT,ask,150,12479.216
2024-08-14 08:26:36,SOLUSDT,ask,150,12480.06
2024-08-14 08:26:37,SOLUSDT,bid,120,21265.133
2024-08-14 08:26:39,SOLUSDT,bid,115,25558.813
2024-08-14 08:26:42,SOLUSDT,bid,115,25558.813
2024-08-14 08:26:46,SOLUSDT,ask,150,12480.56
2024-08-14 08:26:50,SOLUSDT,bid,130,12742.865
2024-08-14 08:27:03,SOLUSDT,bid,115,25558.813
2024-08-14 08:27:03,SOLUSDT,ask,160,26717.976
2024-08-14 08:27:03,SOLUSDT,bid,120,21274.593
2024-08-14 08:27:11,SOLUSDT,ask,153,9163.494
2024-08-14 08:27:19,SOLUSDT,bid,105,10271.453
2024-08-14 08:27:19,SOLUSDT,ask,150,12490.115
2024-08-14 08:27:32,SOLUSDT,bid,130,12741.327
2024-08-14 08:27:33,SOLUSDT,bid,133,7695.701
2024-08-14 08:27:36,SOLUSDT,ask,160,26718.108
2024-08-14 08:27:56,SOLUSDT,ask,160,26719.943
2024-08-14 08:28:03,SOLUSDT,bid,130,12739.702
2024-08-14 08:28:04,SOLUSDT,ask,190,23781.857
2024-08-14 08:28:13,SOLUSDT,bid,140,31455.134
2024-08-14 08:28:27,SOLUSDT,bid,115,25558.913
2024-08-14 08:28:27,SOLUSDT,bid,115,25558.813
2024-08-14 08:28:43,SOLUSDT,bid,140,31459.633
2024-08-14 08:28:43,SOLUSDT,ask,160,26715.585
2024-08-14 08:28:47,SOLUSDT,bid,115,25558.813
2024-08-14 08:28:49,SOLUSDT,bid,135,27149.566
2024-08-14 08:28:55,SOLUSDT,ask,144,15214.142
2024-08-14 08:28:55,SOLUSDT,ask,144,15266.331
2024-08-14 08:28:55,SOLUSDT,ask,144,15314.416
2024-08-14 08:28:55,SOLUSDT,ask,144,15262.431
2024-08-14 08:28:56,SOLUSDT,bid,140,31479.633
2024-08-14 08:28:56,SOLUSDT,ask,144,15267.634
2024-08-14 08:28:56,SOLUSDT,ask,144,15251.264
2024-08-14 08:28:56,SOLUSDT,ask,144,15254.609
2024-08-14 08:28:56,SOLUSDT,ask,144,15261.547
2024-08-14 08:28:56,SOLUSDT,ask,150,12493.627
2024-08-14 08:28:57,SOLUSDT,ask,144,15256.384
2024-08-14 08:28:57,SOLUSDT,ask,150,12497.985
2024-08-14 08:28:58,SOLUSDT,ask,144,15307.358
2024-08-14 08:28:58,SOLUSDT,ask,155,24797.593
2024-08-14 08:29:06,SOLUSDT,ask,150,12461.96
2024-08-14 08:29:06,SOLUSDT,ask,155,24797.556
2024-08-14 08:29:06,SOLUSDT,ask,160,26713.239
2024-08-14 08:29:06,SOLUSDT,ask,180,23621.529
2024-08-14 08:29:06,SOLUSDT,ask,200,44944.359
2024-08-14 08:29:07,SOLUSDT,bid,140,31479.758
2024-08-14 08:29:07,SOLUSDT,bid,115,25558.813
2024-08-14 08:29:10,SOLUSDT,ask,144,12697.991
2024-08-14 08:29:10,SOLUSDT,ask,144,12957.298
2024-08-14 08:29:11,SOLUSDT,ask,144,12995.008
2024-08-14 08:29:11,SOLUSDT,ask,144,13067.896
2024-08-14 08:29:11,SOLUSDT,ask,144,12998.473
2024-08-14 08:29:11,SOLUSDT,ask,144,12999.473
2024-08-14 08:29:12,SOLUSDT,ask,144,12962.714
2024-08-14 08:29:12,SOLUSDT,ask,153,9163.563
2024-08-14 08:29:12,SOLUSDT,ask,144,12962.767
2024-08-14 08:29:12,SOLUSDT,ask,158,20400.558
2024-08-14 08:29:13,SOLUSDT,ask,144,12962.767
2024-08-14 08:29:14,SOLUSDT,ask,144,12962.938
2024-08-14 08:29:16,SOLUSDT,ask,144,12971.536
2024-08-14 08:29:16,SOLUSDT,ask,144,13040.956
2024-08-14 08:29:16,SOLUSDT,ask,144,12976.262
2024-08-14 08:29:16,SOLUSDT,ask,144,12978.216
2024-08-14 08:29:17,SOLUSDT,ask,144,12983.756
2024-08-14 08:29:17,SOLUSDT,ask,144,12983.381
2024-08-14 08:29:17,SOLUSDT,ask,144,12922.242
2024-08-14 08:29:17,SOLUSDT,ask,144,13112.726
2024-08-14 08:29:17,SOLUSDT,ask,144,13147.436
2024-08-14 08:29:18,SOLUSDT,ask,144,13108.726
2024-08-14 08:29:18,SOLUSDT,bid,138,16457.846
2024-08-14 08:29:18,SOLUSDT,ask,144,13108.926
2024-08-14 08:29:18,SOLUSDT,ask,144,13111.696
2024-08-14 08:29:19,SOLUSDT,ask,144,13118.478
2024-08-14 08:29:19,SOLUSDT,ask,144,13110.761
2024-08-14 08:29:19,SOLUSDT,ask,144,13135.073
2024-08-14 08:29:19,SOLUSDT,ask,144,13199.767
2024-08-14 08:29:20,SOLUSDT,ask,144,13175.619
2024-08-14 08:29:20,SOLUSDT,ask,144,13175.419
2024-08-14 08:29:21,SOLUSDT,ask,144,12733.679
2024-08-14 08:29:21,SOLUSDT,ask,144,12935.397
2024-08-14 08:29:21,SOLUSDT,ask,144,12963.206
2024-08-14 08:29:21,SOLUSDT,ask,144,12926.761
2024-08-14 08:29:21,SOLUSDT,ask,144,12892.051
2024-08-14 08:29:21,SOLUSDT,ask,144,12905.406
2024-08-14 08:29:22,SOLUSDT,ask,144,12888.051
2024-08-14 08:29:23,SOLUSDT,ask,144,12922.761
2024-08-14 08:29:23,SOLUSDT,ask,144,12888.051
2024-08-14 08:29:23,SOLUSDT,ask,144,12934.772
2024-08-14 08:29:23,SOLUSDT,ask,144,12938.772
2024-08-14 08:29:23,SOLUSDT,ask,144,12928.353
2024-08-14 08:29:23,SOLUSDT,bid,135,27175.491
2024-08-14 08:29:24,SOLUSDT,ask,144,12898.833
2024-08-14 08:29:25,SOLUSDT,ask,144,12909.406
2024-08-14 08:29:25,SOLUSDT,ask,144,12902.406
2024-08-14 08:29:26,SOLUSDT,ask,144,12832.312
2024-08-14 08:29:26,SOLUSDT,ask,144,12917.649
2024-08-14 08:29:26,SOLUSDT,ask,144,12952.358
2024-08-14 08:29:27,SOLUSDT,ask,144,12917.649
2024-08-14 08:29:28,SOLUSDT,ask,144,12924.431
2024-08-14 08:29:29,SOLUSDT,bid,125,16234.669
2024-08-14 08:29:30,SOLUSDT,ask,144,12955.688
2024-08-14 08:29:30,SOLUSDT,ask,144,12950.09
2024-08-14 08:29:31,SOLUSDT,ask,144,12959.025
2024-08-14 08:29:31,SOLUSDT,ask,144,12935.714
2024-08-14 08:29:31,SOLUSDT,ask,144,12960.707
2024-08-14 08:29:31,SOLUSDT,ask,144,12949.761
2024-08-14 08:29:31,SOLUSDT,ask,144,12939.123
2024-08-14 08:29:31,SOLUSDT,ask,144,12921.768
2024-08-14 08:29:32,SOLUSDT,ask,144,12749.525
2024-08-14 08:29:32,SOLUSDT,ask,144,12835.778
2024-08-14 08:29:32,SOLUSDT,ask,144,12828.831
2024-08-14 08:29:40,SOLUSDT,ask,185,19203.932
2024-08-14 08:29:46,SOLUSDT,bid,135,27170.845
2024-08-14 08:30:08,SOLUSDT,ask,160,26714.041
2024-08-14 08:30:13,SOLUSDT,bid,100,35834.044
2024-08-14 08:30:13,SOLUSDT,ask,160,26714.103
2024-08-14 08:30:24,SOLUSDT,ask,150,14341.326
2024-08-14 08:30:24,SOLUSDT,ask,170,12957.285
2024-08-14 08:30:31,SOLUSDT,bid,135,27130.845
2024-08-14 08:30:32,SOLUSDT,ask,210,24932.437
2024-08-14 08:30:33,SOLUSDT,bid,115,25558.813
2024-08-14 08:30:47,SOLUSDT,bid,140,31479.5
2024-08-14 08:30:53,SOLUSDT,bid,138,16416.767
2024-08-14 08:30:53,SOLUSDT,bid,115,25558.913
2024-08-14 08:30:53,SOLUSDT,bid,115,25558.813
2024-08-14 08:30:58,SOLUSDT,bid,138,16417.267
2024-08-14 08:31:08,SOLUSDT,bid,140,31479.642
2024-08-14 08:31:13,SOLUSDT,bid,115,25558.813
2024-08-14 08:31:18,SOLUSDT,bid,140,31455.835
2024-08-14 08:31:19,SOLUSDT,ask,160,26717.017
2024-08-14 08:31:19,SOLUSDT,bid,139,11864.631
2024-08-14 08:31:21,SOLUSDT,bid,139,11840.653
2024-08-14 08:31:22,SOLUSDT,bid,138,16393.115
2024-08-14 08:31:23,SOLUSDT,bid,120,21275.383
2024-08-14 08:31:26,SOLUSDT,bid,140,31460.57
2024-08-14 08:31:29,SOLUSDT,bid,100,35835.044
2024-08-14 08:31:30,SOLUSDT,bid,140,31461.578
2024-08-14 08:31:30,SOLUSDT,bid,140,31461.436
2024-08-14 08:31:31,SOLUSDT,bid,139,11844.248
2024-08-14 08:31:33,SOLUSDT,bid,140,31460.428
2024-08-14 08:31:40,SOLUSDT,ask,155,24795.497
2024-08-14 08:31:43,SOLUSDT,bid,130,12701.241
2024-08-14 08:31:44,SOLUSDT,bid,140,31428.193
2024-08-14 08:31:44,SOLUSDT,bid,140,31429.196
2024-08-14 08:32:19,SOLUSDT,bid,110,26609.961
2024-08-14 08:32:20,SOLUSDT,ask,200,44946.903
2024-08-14 08:32:25,SOLUSDT,bid,139,11864.248
2024-08-14 08:32:32,SOLUSDT,bid,140,31430.167
2024-08-14 08:32:34,SOLUSDT,bid,140,31433.167
2024-08-14 08:32:35,SOLUSDT,ask,160,26715.742
2024-08-14 08:32:35,SOLUSDT,ask,150,12461.96
2024-08-14 08:32:38,SOLUSDT,bid,115,25558.813
2024-08-14 08:32:43,SOLUSDT,ask,160,26712.828
2024-08-14 08:32:46,SOLUSDT,ask,150,12475.505
2024-08-14 08:32:58,SOLUSDT,bid,115,25558.813
2024-08-14 08:33:02,SOLUSDT,bid,110,26608.589
2024-08-14 08:33:18,SOLUSDT,bid,115,25558.813
2024-08-14 08:33:34,SOLUSDT,bid,135,27130.72
2024-08-14 08:33:37,SOLUSDT,bid,130,12700.176
2024-08-14 08:33:41,SOLUSDT,ask,150,12482.447
2024-08-14 08:34:02,SOLUSDT,bid,140,31432.795
2024-08-14 08:34:03,SOLUSDT,bid,140,31432.996
2024-08-14 08:34:05,SOLUSDT,bid,140,31480.057
2024-08-14 08:34:13,SOLUSDT,bid,100,35836.044
2024-08-14 08:34:22,SOLUSDT,bid,140,31480.415
2024-08-14 08:34:41,SOLUSDT,bid,140,31483.986
2024-08-14 08:34:42,SOLUSDT,bid,115,25558.813
2024-08-14 08:34:50,SOLUSDT,ask,200,44944.359
2024-08-14 08:35:03,SOLUSDT,bid,115,25558.813
2024-08-14 08:35:03,SOLUSDT,ask,160,26702.828
2024-08-14 08:35:05,SOLUSDT,ask,153,9165.135
2024-08-14 08:35:06,SOLUSDT,ask,180,23620.53
2024-08-14 08:35:07,SOLUSDT,ask,165,13766.078
2024-08-14 08:35:19,SOLUSDT,ask,155,24885.84
2024-08-14 08:35:23,SOLUSDT,bid,115,25558.813
2024-08-14 08:35:26,SOLUSDT,bid,140,31480.415
2024-08-14 08:35:30,SOLUSDT,bid,140,31483.986
2024-08-14 08:35:35,SOLUSDT,bid,139,11871.881
2024-08-14 08:35:48,SOLUSDT,bid,140,31487.557
2024-08-14 08:35:55,SOLUSDT,bid,135,27134.423
2024-08-14 08:36:04,SOLUSDT,bid,140,31501.308
2024-08-14 08:36:05,SOLUSDT,ask,150,12452.447
2024-08-14 08:36:14,SOLUSDT,bid,120,21285.963
2024-08-14 08:36:17,SOLUSDT,ask,190,23782.06
2024-08-14 08:36:17,SOLUSDT,ask,210,24932.64
2024-08-14 08:36:18,SOLUSDT,ask,170,12957.488
2024-08-14 08:36:19,SOLUSDT,bid,130,12700.379
2024-08-14 08:36:19,SOLUSDT,bid,140,31499.88
2024-08-14 08:36:20,SOLUSDT,bid,110,26608.792
2024-08-14 08:36:48,SOLUSDT,bid,115,25558.813
2024-08-14 08:36:49,SOLUSDT,bid,141,7516.953
2024-08-14 08:36:57,SOLUSDT,bid,140,31486.129
2024-08-14 08:36:57,SOLUSDT,ask,150,12472.427
2024-08-14 08:37:01,SOLUSDT,bid,135,27210.051
2024-08-14 08:37:05,SOLUSDT,bid,140,31485.126
2024-08-14 08:37:08,SOLUSDT,bid,115,25558.913
2024-08-14 08:37:08,SOLUSDT,bid,115,25558.813
2024-08-14 08:37:17,SOLUSDT,ask,160,26170.033
2024-08-14 08:37:22,SOLUSDT,ask,150,12472.466
2024-08-14 08:37:22,SOLUSDT,bid,141,7514.794
2024-08-14 08:37:26,SOLUSDT,bid,139,11864.248
2024-08-14 08:37:26,SOLUSDT,bid,130,12701.917
2024-08-14 08:37:28,SOLUSDT,bid,115,25558.813
2024-08-14 08:37:29,SOLUSDT,bid,141,7514.202
2024-08-14 08:37:37,SOLUSDT,bid,141,7535.64
2024-08-14 08:37:39,SOLUSDT,ask,175,10056.712
2024-08-14 08:37:52,SOLUSDT,ask,155,24917.698
2024-08-14 08:38:09,SOLUSDT,bid,140,31483.277
2024-08-14 08:38:11,SOLUSDT,bid,140,31483.353
2024-08-14 08:38:22,SOLUSDT,bid,138,16394.115
2024-08-14 08:38:33,SOLUSDT,bid,120,21392.033
2024-08-14 08:38:36,SOLUSDT,ask,153,6703.149
2024-08-14 08:38:38,SOLUSDT,bid,140,31483.425
2024-08-14 08:38:39,SOLUSDT,bid,140,31484.139
2024-08-14 08:38:43,SOLUSDT,ask,165,13766.272
2024-08-14 08:38:45,SOLUSDT,ask,155,24917.596
2024-08-14 08:38:53,SOLUSDT,bid,115,25558.813
2024-08-14 08:38:56,SOLUSDT,bid,85,58053.928
2024-08-14 08:38:57,SOLUSDT,ask,150,12466.646
2024-08-14 08:39:07,SOLUSDT,bid,120,21387.867
2024-08-14 08:39:10,SOLUSDT,bid,110,26604.247
2024-08-14 08:39:13,SOLUSDT,bid,115,25558.813
2024-08-14 08:39:13,SOLUSDT,ask,150,12466.716
2024-08-14 08:39:16,SOLUSDT,bid,140,31483.957
2024-08-14 08:39:33,SOLUSDT,bid,115,25558.813
2024-08-14 08:39:34,SOLUSDT,ask,153,6703.473
2024-08-14 08:39:34,SOLUSDT,ask,155,24917.916
2024-08-14 08:39:34,SOLUSDT,ask,150,12467.046
2024-08-14 08:39:36,SOLUSDT,bid,141,7535.991
2024-08-14 08:39:37,SOLUSDT,bid,140,31484.311
2024-08-14 08:39:37,SOLUSDT,bid,139,11864.604
2024-08-14 08:39:37,SOLUSDT,bid,138,16394.474
2024-08-14 08:39:38,SOLUSDT,bid,135,27210.418
2024-08-14 08:39:53,SOLUSDT,ask,150,14929.032
2024-08-14 08:39:57,SOLUSDT,bid,141,7536.882
2024-08-14 08:40:02,SOLUSDT,bid,115,25553.055
2024-08-14 08:40:14,SOLUSDT,ask,150,14929.096
2024-08-14 08:40:26,SOLUSDT,ask,165,13765.27
2024-08-14 08:40:30,SOLUSDT,ask,153,6703.228
2024-08-14 08:40:32,SOLUSDT,bid,141,7590.073
2024-08-14 08:40:39,SOLUSDT,ask,150,14929.132
2024-08-14 08:40:54,SOLUSDT,bid,111,15285.102
2024-08-14 08:40:57,SOLUSDT,bid,115,25553.055
2024-08-14 08:40:59,SOLUSDT,ask,180,23620.185
2024-08-14 08:41:00,SOLUSDT,bid,141,7590.13
2024-08-14 08:41:01,SOLUSDT,bid,140,31484.186
2024-08-14 08:41:17,SOLUSDT,bid,115,25553.055
2024-08-14 08:41:19,SOLUSDT,bid,141,7580.547
2024-08-14 08:41:19,SOLUSDT,bid,125,16244.252
2024-08-14 08:41:28,SOLUSDT,ask,158,20416.79
2024-08-14 08:41:31,SOLUSDT,bid,130,12620.986
2024-08-14 08:41:32,SOLUSDT,ask,155,24931.165
2024-08-14 08:41:35,SOLUSDT,bid,140,31524.186
2024-08-14 08:41:37,SOLUSDT,bid,115,25553.055
2024-08-14 08:41:40,SOLUSDT,bid,132,7828.21
2024-08-14 08:41:46,SOLUSDT,ask,150,14960.37
2024-08-14 08:41:48,SOLUSDT,ask,160,26171.123
2024-08-14 08:41:49,SOLUSDT,bid,131,9624.92
2024-08-14 08:42:01,SOLUSDT,bid,115,25462.162
2024-08-14 08:42:25,SOLUSDT,bid,141,7582.004
2024-08-14 08:42:26,SOLUSDT,bid,140,31523.472
2024-08-14 08:42:37,SOLUSDT,bid,130,12620.486
2024-08-14 08:42:52,SOLUSDT,bid,140,31523.972
2024-08-14 08:42:58,SOLUSDT,bid,141,7581.113
2024-08-14 08:43:03,SOLUSDT,bid,115,25462.162
2024-08-14 08:43:15,SOLUSDT,bid,90,20807.364
2024-08-14 08:43:15,SOLUSDT,ask,160,26170.887
2024-08-14 08:43:23,SOLUSDT,bid,115,25462.162
2024-08-14 08:43:35,SOLUSDT,bid,141,7586.689
2024-08-14 08:43:39,SOLUSDT,ask,165,13765.208
2024-08-14 08:43:43,SOLUSDT,bid,115,25462.162
2024-08-14 08:44:11,SOLUSDT,ask,155,24932.176
2024-08-14 08:44:27,SOLUSDT,ask,160,26170.926
2024-08-14 08:44:28,SOLUSDT,ask,160,26140.812
2024-08-14 08:44:29,SOLUSDT,bid,130,12620.525
2024-08-14 08:44:35,SOLUSDT,ask,150,14990.34
2024-08-14 08:44:37,SOLUSDT,ask,150,15020.454
2024-08-14 08:44:40,SOLUSDT,bid,140,31524.972
2024-08-14 08:44:46,SOLUSDT,ask,150,15022.349
2024-08-14 08:44:56,SOLUSDT,ask,150,15022.435
2024-08-14 08:45:01,SOLUSDT,ask,160,25939.863
2024-08-14 08:45:06,SOLUSDT,bid,115,25462.162
2024-08-14 08:45:12,SOLUSDT,bid,140,31525.27
2024-08-14 08:45:16,SOLUSDT,ask,185,19203.835
2024-08-14 08:45:26,SOLUSDT,bid,115,25462.162
2024-08-14 08:45:29,SOLUSDT,bid,141,7597.308
2024-08-14 08:45:35,SOLUSDT,ask,175,10035.725
2024-08-14 08:45:46,SOLUSDT,bid,115,25462.162
2024-08-14 08:45:48,SOLUSDT,bid,140,31515.27
2024-08-14 08:45:58,SOLUSDT,ask,153,6704.189
2024-08-14 08:46:09,SOLUSDT,bid,140,31515.441
2024-08-14 08:46:09,SOLUSDT,bid,135,27199.637
2024-08-14 08:46:10,SOLUSDT,bid,131,9625.255
2024-08-14 08:46:11,SOLUSDT,ask,190,23782.136
2024-08-14 08:46:12,SOLUSDT,ask,158,20416.866
2024-08-14 08:46:14,SOLUSDT,bid,110,26604.323
2024-08-14 08:46:19,SOLUSDT,ask,175,9502.93
2024-08-14 08:46:20,SOLUSDT,bid,90,20823.535
2024-08-14 08:46:22,SOLUSDT,ask,155,24931.997
2024-08-14 08:46:43,SOLUSDT,bid,140,31515.548
2024-08-14 08:46:49,SOLUSDT,bid,141,7598.199
2024-08-14 08:47:00,SOLUSDT,bid,140,31515.619
2024-08-14 08:47:03,SOLUSDT,ask,161,15817.756
2024-08-14 08:47:12,SOLUSDT,bid,141,7587.58
2024-08-14 08:47:13,SOLUSDT,ask,150,15020.54
2024-08-14 08:47:13,SOLUSDT,bid,115,25462.162
2024-08-14 08:47:14,SOLUSDT,ask,161,15810.057
2024-08-14 08:47:19,SOLUSDT,bid,141,7587.933
2024-08-14 08:47:31,SOLUSDT,bid,141,7585.933
2024-08-14 08:47:33,SOLUSDT,bid,115,25462.162
2024-08-14 08:47:36,SOLUSDT,ask,150,15220.38
2024-08-14 08:47:41,SOLUSDT,ask,190,23782.25
2024-08-14 08:47:49,SOLUSDT,ask,175,9497.706
2024-08-14 08:47:53,SOLUSDT,bid,115,25462.162
2024-08-14 08:48:13,SOLUSDT,bid,130,12620.909
2024-08-14 08:48:35,SOLUSDT,bid,138,16398.097
2024-08-14 08:48:36,SOLUSDT,ask,150,15219.159
2024-08-14 08:48:39,SOLUSDT,ask,160,25942.972
2024-08-14 08:48:45,SOLUSDT,bid,135,27194.637
2024-08-14 08:49:18,SOLUSDT,bid,115,25462.162
2024-08-14 08:49:23,SOLUSDT,ask,150,15219.347
2024-08-14 08:49:24,SOLUSDT,ask,250,17867.077
2024-08-14 08:49:32,SOLUSDT,bid,141,7590.881
2024-08-14 08:49:38,SOLUSDT,bid,115,25462.162
2024-08-14 08:49:47,SOLUSDT,ask,150,15219.678
2024-08-14 08:49:57,SOLUSDT,bid,135,27168.712
2024-08-14 08:49:57,SOLUSDT,bid,125,16220.251
2024-08-14 08:49:58,SOLUSDT,bid,115,25462.162
2024-08-14 08:50:00,SOLUSDT,bid,141,7590.528
2024-08-14 08:50:00,SOLUSDT,bid,120,21394.719
2024-08-14 08:50:18,SOLUSDT,bid,140,31530.619
2024-08-14 08:50:19,SOLUSDT,bid,141,7585.528
2024-08-14 08:50:19,SOLUSDT,bid,140,31535.619
2024-08-14 08:50:27,SOLUSDT,bid,140,31520.619
2024-08-14 08:50:27,SOLUSDT,bid,139,11859.604
2024-08-14 08:50:30,SOLUSDT,bid,138,16397.173
2024-08-14 08:50:43,SOLUSDT,bid,140,31520.69
2024-08-14 08:50:47,SOLUSDT,bid,141,7599.379
2024-08-14 08:50:52,SOLUSDT,bid,130,12620.525
2024-08-14 08:50:53,SOLUSDT,bid,140,31515.69
2024-08-14 08:50:54,SOLUSDT,bid,140,31515.614
2024-08-14 08:50:57,SOLUSDT,ask,250,17866.732
2024-08-14 08:50:59,SOLUSDT,ask,180,23774.518
2024-08-14 08:51:05,SOLUSDT,bid,140,31518.614
2024-08-14 08:51:07,SOLUSDT,ask,160,25990.756
2024-08-14 08:51:08,SOLUSDT,ask,150,15237.039
2024-08-14 08:51:09,SOLUSDT,bid,140,31518.97
2024-08-14 08:51:11,SOLUSDT,ask,150,15236.837
2024-08-14 08:51:15,SOLUSDT,ask,160,26003.756
2024-08-14 08:51:20,SOLUSDT,bid,140,31536.112
2024-08-14 08:51:22,SOLUSDT,ask,250,17866.818
2024-08-14 08:51:22,SOLUSDT,bid,115,25462.162
2024-08-14 08:51:34,SOLUSDT,ask,150,15236.784
2024-08-14 08:51:42,SOLUSDT,bid,115,25462.162
2024-08-14 08:51:42,SOLUSDT,bid,135,27186.119
2024-08-14 08:51:46,SOLUSDT,ask,155,24941.772
2024-08-14 08:51:46,SOLUSDT,bid,140,31536.176
2024-08-14 08:51:50,SOLUSDT,bid,111,15195.012
2024-08-14 08:51:57,SOLUSDT,ask,350,4113.42
2024-08-14 08:52:02,SOLUSDT,bid,115,25462.162
2024-08-14 08:52:05,SOLUSDT,bid,125,16239.052
2024-08-14 08:52:07,SOLUSDT,bid,120,21369.719
2024-08-14 08:52:12,SOLUSDT,bid,140,31539.115
2024-08-14 08:52:15,SOLUSDT,ask,160,26003.663
2024-08-14 08:52:16,SOLUSDT,bid,141,7600.407
2024-08-14 08:52:29,SOLUSDT,bid,133,7695.172
2024-08-14 08:52:34,SOLUSDT,bid,140,31542.686
2024-08-14 08:52:35,SOLUSDT,bid,140,31543.474
2024-08-14 08:52:40,SOLUSDT,bid,135,27189.822
2024-08-14 08:52:47,SOLUSDT,bid,141,7600.662
2024-08-14 08:52:57,SOLUSDT,bid,141,7293.407
2024-08-14 08:52:59,SOLUSDT,ask,150,15236.596
2024-08-14 08:53:11,SOLUSDT,ask,153,6703.228
2024-08-14 08:53:28,SOLUSDT,ask,150,15236.784
2024-08-14 08:53:28,SOLUSDT,bid,115,25462.262
2024-08-14 08:53:28,SOLUSDT,bid,115,25462.162
2024-08-14 08:53:40,SOLUSDT,bid,105,10253.504
2024-08-14 08:53:42,SOLUSDT,bid,141,7298.407
2024-08-14 08:53:44,SOLUSDT,bid,141,7293.407
2024-08-14 08:53:48,SOLUSDT,bid,115,25462.162
2024-08-14 08:53:52,SOLUSDT,bid,140,31543.403
2024-08-14 08:53:53,SOLUSDT,ask,150,15240.252
2024-08-14 08:54:02,SOLUSDT,bid,130,12623.601
2024-08-14 08:54:08,SOLUSDT,bid,115,25462.162
2024-08-14 08:54:22,SOLUSDT,ask,150,15239.921
2024-08-14 08:54:24,SOLUSDT,bid,138,16392.173
2024-08-14 08:54:24,SOLUSDT,bid,130,12618.601
2024-08-14 08:54:24,SOLUSDT,bid,141,7292.516
2024-08-14 08:54:32,SOLUSDT,bid,141,7131.736
2024-08-14 08:54:40,SOLUSDT,bid,140,31486.283
2024-08-14 08:54:40,SOLUSDT,bid,140,31486.578
2024-08-14 08:54:49,SOLUSDT,ask,185,19205.133
2024-08-14 08:54:50,SOLUSDT,ask,180,23760.071
2024-08-14 08:54:58,SOLUSDT,ask,150,15098.921
2024-08-14 08:55:03,SOLUSDT,bid,135,27357.748
2024-08-14 08:55:03,SOLUSDT,bid,138,16398.81
2024-08-14 08:55:10,SOLUSDT,bid,140,31503.258
2024-08-14 08:55:12,SOLUSDT,bid,110,26615.891
2024-08-14 08:55:13,SOLUSDT,bid,140,31531.829
2024-08-14 08:55:31,SOLUSDT,ask,150,15099.252
2024-08-14 08:55:33,SOLUSDT,bid,115,25462.162
2024-08-14 08:55:35,SOLUSDT,bid,140,31515.149
2024-08-14 08:55:51,SOLUSDT,bid,140,31535.149
2024-08-14 08:55:52,SOLUSDT,bid,130,12620.601
2024-08-14 08:55:53,SOLUSDT,bid,115,25462.162
2024-08-14 08:56:01,SOLUSDT,bid,110,26616.708
2024-08-14 08:56:01,SOLUSDT,ask,155,24931.997
2024-08-14 08:56:13,SOLUSDT,bid,115,25462.162
2024-08-14 08:56:17,SOLUSDT,bid,135,27357.87
2024-08-14 08:56:22,SOLUSDT,bid,140,31534.854
2024-08-14 08:56:22,SOLUSDT,ask,150,15101.364
2024-08-14 08:56:36,SOLUSDT,ask,158,20415.866
2024-08-14 08:56:53,SOLUSDT,bid,100,35833.314
2024-08-14 08:56:55,SOLUSDT,bid,140,31533.811
2024-08-14 08:57:15,SOLUSDT,bid,140,31530.24
2024-08-14 08:57:18,SOLUSDT,ask,160,26004.063
2024-08-14 08:57:24,SOLUSDT,bid,140,31530.716
2024-08-14 08:57:25,SOLUSDT,bid,140,31766.332
2024-08-14 08:57:36,SOLUSDT,ask,185,19205.583
2024-08-14 08:57:37,SOLUSDT,bid,115,25462.162
2024-08-14 08:57:49,SOLUSDT,ask,165,13763.996
2024-08-14 08:57:50,SOLUSDT,ask,150,15069.372
2024-08-14 08:57:57,SOLUSDT,bid,115,25462.162
2024-08-14 08:57:57,SOLUSDT,ask,165,13763.65
2024-08-14 08:57:59,SOLUSDT,bid,140,31833.557
2024-08-14 08:58:11,SOLUSDT,bid,140,31830.435
2024-08-14 08:58:17,SOLUSDT,bid,115,25462.162
2024-08-14 08:58:29,SOLUSDT,bid,140,31830.791
2024-08-14 08:58:31,SOLUSDT,bid,140,31833.7
2024-08-14 08:58:45,SOLUSDT,bid,140,31834.7
2024-08-14 08:58:46,SOLUSDT,ask,163,18425.744
2024-08-14 08:58:52,SOLUSDT,ask,160,26005.156
2024-08-14 08:59:04,SOLUSDT,bid,131,9595.99
2024-08-14 08:59:05,SOLUSDT,bid,140,31835.7
2024-08-14 08:59:12,SOLUSDT,bid,110,26571.254
2024-08-14 08:59:14,SOLUSDT,bid,141,7099.549
2024-08-14 08:59:16,SOLUSDT,bid,140,31836.662
2024-08-14 08:59:17,SOLUSDT,ask,150,15069.336
2024-08-14 08:59:20,SOLUSDT,bid,140,31837.675
2024-08-14 08:59:32,SOLUSDT,ask,160,26004.507
2024-08-14 08:59:35,SOLUSDT,ask,150,15062.454
2024-08-14 08:59:35,SOLUSDT,ask,150,15052.454
2024-08-14 08:59:38,SOLUSDT,ask,160,26003.414
2024-08-14 08:59:38,SOLUSDT,ask,165,13764.743
2024-08-14 08:59:39,SOLUSDT,bid,120,21367.969
2024-08-14 08:59:43,SOLUSDT,bid,115,25462.162
2024-08-14 08:59:43,SOLUSDT,bid,140,31861.666
2024-08-14 08:59:52,SOLUSDT,bid,100,35833.514
2024-08-14 08:59:54,SOLUSDT,ask,170,12958.137
2024-08-14 09:00:02,SOLUSDT,bid,140,31862.682
2024-08-14 09:00:03,SOLUSDT,bid,130,12624.881
2024-08-14 09:00:03,SOLUSDT,bid,115,25462.162
2024-08-14 09:00:04,SOLUSDT,ask,150,15059.431
2024-08-14 09:00:05,SOLUSDT,bid,139,11859.64
2024-08-14 09:00:05,SOLUSDT,ask,153,6703.264
2024-08-14 09:00:09,SOLUSDT,bid,140,31862.719
2024-08-14 09:00:17,SOLUSDT,bid,140,31627.103
2024-08-14 09:00:23,SOLUSDT,bid,115,25462.162
2024-08-14 09:00:27,SOLUSDT,bid,140,31626.961
2024-08-14 09:00:27,SOLUSDT,bid,130,12624.706
2024-08-14 09:00:30,SOLUSDT,bid,140,31627.282
2024-08-14 09:00:31,SOLUSDT,ask,160,26006.18
2024-08-14 09:00:35,SOLUSDT,bid,140,31626.961
2024-08-14 09:00:41,SOLUSDT,ask,165,13765.015
2024-08-14 09:00:55,SOLUSDT,bid,140,31627.562
2024-08-14 09:01:07,SOLUSDT,bid,140,31626.546
2024-08-14 09:01:12,SOLUSDT,bid,140,31626.508
2024-08-14 09:01:12,SOLUSDT,ask,150,15059.393
2024-08-14 09:01:48,SOLUSDT,bid,115,25462.162
2024-08-14 09:01:51,SOLUSDT,bid,140,31646.508
2024-08-14 09:02:01,SOLUSDT,bid,115,25488.248
2024-08-14 09:02:08,SOLUSDT,bid,115,25488.248
2024-08-14 09:02:11,SOLUSDT,bid,138,16448.81
2024-08-14 09:02:28,SOLUSDT,bid,115,25488.348
2024-08-14 09:02:28,SOLUSDT,bid,115,25488.248
2024-08-14 09:02:29,SOLUSDT,ask,150,15060.498
2024-08-14 09:02:33,SOLUSDT,bid,105,10245.568
2024-08-14 09:02:47,SOLUSDT,bid,139,12609.64
2024-08-14 09:03:09,SOLUSDT,bid,135,27355.905
2024-08-14 09:03:34,SOLUSDT,bid,139,11859.64
2024-08-14 09:03:34,SOLUSDT,bid,140,31667.096
2024-08-14 09:03:49,SOLUSDT,bid,130,12625.706
2024-08-14 09:03:53,SOLUSDT,bid,115,25488.248
2024-08-14 09:03:58,SOLUSDT,bid,110,26570.437
2024-08-14 09:04:08,SOLUSDT,ask,160,26007.723
2024-08-14 09:04:13,SOLUSDT,bid,115,25488.348
2024-08-14 09:04:13,SOLUSDT,bid,115,25488.248
2024-08-14 09:04:14,SOLUSDT,bid,111,15193.661
2024-08-14 09:04:17,SOLUSDT,ask,150,15060.771
2024-08-14 09:04:19,SOLUSDT,ask,150,15063.155
2024-08-14 09:04:27,SOLUSDT,ask,170,12973.04
2024-08-14 09:04:33,SOLUSDT,bid,115,25488.248
2024-08-14 09:04:34,SOLUSDT,bid,133,7735.109
2024-08-14 09:04:55,SOLUSDT,bid,140,31668.096
2024-08-14 09:05:08,SOLUSDT,bid,139,12220.083
2024-08-14 09:05:10,SOLUSDT,ask,200,44942.034
2024-08-14 09:05:11,SOLUSDT,ask,190,23779.961
2024-08-14 09:05:12,SOLUSDT,ask,180,23757.821
2024-08-14 09:05:21,SOLUSDT,bid,140,31666.841
2024-08-14 09:05:24,SOLUSDT,bid,133,7695.172
2024-08-14 09:05:57,SOLUSDT,ask,190,23784.143
2024-08-14 09:05:58,SOLUSDT,bid,115,25488.248
2024-08-14 09:06:10,SOLUSDT,bid,138,16451.331
2024-08-14 09:06:14,SOLUSDT,ask,200,44896.494
2024-08-14 09:06:18,SOLUSDT,bid,115,25488.248
2024-08-14 09:06:21,SOLUSDT,bid,140,31667.847
2024-08-14 09:06:21,SOLUSDT,bid,110,26561.347
2024-08-14 09:06:27,SOLUSDT,ask,150,15058.155
2024-08-14 09:06:34,SOLUSDT,ask,163,18659.954
2024-08-14 09:06:36,SOLUSDT,bid,140,31668.848
2024-08-14 09:06:38,SOLUSDT,bid,115,25488.248
2024-08-14 09:06:42,SOLUSDT,bid,140,31667.842
2024-08-14 09:06:43,SOLUSDT,ask,150,15063.531
2024-08-14 09:06:46,SOLUSDT,bid,130,12622.69
2024-08-14 09:06:46,SOLUSDT,bid,130,12614.275
2024-08-14 09:06:52,SOLUSDT,bid,131,9594.633
2024-08-14 09:06:55,SOLUSDT,ask,150,15076.518
2024-08-14 09:06:57,SOLUSDT,bid,132,7827.93
2024-08-14 09:06:58,SOLUSDT,bid,139,12220.043
2024-08-14 09:07:14,SOLUSDT,bid,139,12220.143
2024-08-14 09:07:17,SOLUSDT,ask,180,23803.361
2024-08-14 09:07:30,SOLUSDT,ask,150,15071.142
2024-08-14 09:07:34,SOLUSDT,bid,140,31667.984
2024-08-14 09:07:38,SOLUSDT,ask,150,15071.404
2024-08-14 09:07:46,SOLUSDT,bid,130,12614.428
2024-08-14 09:07:51,SOLUSDT,bid,140,31667.842
2024-08-14 09:07:52,SOLUSDT,bid,130,12614.275
2024-08-14 09:07:53,SOLUSDT,ask,150,15105.006
2024-08-14 09:07:57,SOLUSDT,ask,150,15098.731
2024-08-14 09:07:59,SOLUSDT,ask,160,26003.358
2024-08-14 09:08:02,SOLUSDT,bid,115,25488.248
2024-08-14 09:08:03,SOLUSDT,bid,140,31668.556
2024-08-14 09:08:05,SOLUSDT,bid,130,12688.681
2024-08-14 09:08:22,SOLUSDT,bid,115,25488.248
2024-08-14 09:08:28,SOLUSDT,ask,150,15096.734
2024-08-14 09:08:31,SOLUSDT,bid,140,31668.306
2024-08-14 09:08:31,SOLUSDT,bid,138,16451.081
2024-08-14 09:08:31,SOLUSDT,bid,135,27355.655
2024-08-14 09:08:31,SOLUSDT,bid,133,7694.922
2024-08-14 09:08:31,SOLUSDT,bid,130,12688.625
2024-08-14 09:08:31,SOLUSDT,ask,150,15091.734
2024-08-14 09:08:31,SOLUSDT,ask,160,25996.449
2024-08-14 09:08:34,SOLUSDT,bid,100,35838.524
2024-08-14 09:08:36,SOLUSDT,bid,130,12689.412
2024-08-14 09:08:39,SOLUSDT,ask,150,15092.294
2024-08-14 09:08:43,SOLUSDT,bid,115,25488.348
2024-08-14 09:08:43,SOLUSDT,bid,115,25488.248
2024-08-14 09:08:50,SOLUSDT,ask,180,23799.473
2024-08-14 09:08:57,SOLUSDT,bid,135,27354.915
2024-08-14 09:08:58,SOLUSDT,bid,110,26560.447
2024-08-14 09:09:00,SOLUSDT,ask,150,15058.692
2024-08-14 09:09:04,SOLUSDT,ask,150,15069.192
2024-08-14 09:09:16,SOLUSDT,ask,190,23783.942
2024-08-14 09:09:22,SOLUSDT,ask,150,15075.372
2024-08-14 09:09:47,SOLUSDT,ask,150,15079.844
2024-08-14 09:09:55,SOLUSDT,ask,155,24933.246
2024-08-14 09:10:07,SOLUSDT,bid,115,25488.248
2024-08-14 09:10:08,SOLUSDT,bid,135,26354.915
2024-08-14 09:10:09,SOLUSDT,ask,250,17952.475
2024-08-14 09:10:10,SOLUSDT,bid,125,16220.251
2024-08-14 09:10:18,SOLUSDT,bid,100,35833.514
2024-08-14 09:10:18,SOLUSDT,bid,80,28172.789
2024-08-14 09:10:24,SOLUSDT,bid,130,12707.49
2024-08-14 09:10:25,SOLUSDT,bid,110,26556.289
2024-08-14 09:10:27,SOLUSDT,bid,115,25488.248
2024-08-14 09:10:42,SOLUSDT,ask,250,17866.818
2024-08-14 09:10:47,SOLUSDT,bid,115,25488.248
2024-08-14 09:10:55,SOLUSDT,bid,110,26561.233
2024-08-14 09:10:55,SOLUSDT,ask,500,6094.181
2024-08-14 09:10:59,SOLUSDT,bid,140,31662.951
2024-08-14 09:11:23,SOLUSDT,bid,140,31642.363
2024-08-14 09:11:30,SOLUSDT,ask,150,15079.94
2024-08-14 09:11:58,SOLUSDT,bid,140,31643.683
2024-08-14 09:12:07,SOLUSDT,bid,138,16450.367
2024-08-14 09:12:13,SOLUSDT,bid,115,25488.248
2024-08-14 09:12:15,SOLUSDT,bid,135,26354.793
2024-08-14 09:12:16,SOLUSDT,ask,153,6618.156
2024-08-14 09:12:32,SOLUSDT,ask,150,15081.079
2024-08-14 09:12:33,SOLUSDT,bid,115,25488.248
2024-08-14 09:12:41,SOLUSDT,bid,135,26354.915
2024-08-14 09:12:46,SOLUSDT,bid,138,16454.584
2024-08-14 09:12:48,SOLUSDT,bid,140,31657.179
2024-08-14 09:12:53,SOLUSDT,bid,115,25488.248
2024-08-14 09:13:24,SOLUSDT,bid,130,12707.332
2024-08-14 09:13:35,SOLUSDT,bid,115,24488.248
2024-08-14 09:13:39,SOLUSDT,ask,150,15081.641
2024-08-14 09:13:41,SOLUSDT,bid,130,12707.893
2024-08-14 09:13:54,SOLUSDT,bid,140,31589.954
2024-08-14 09:13:54,SOLUSDT,ask,150,15081.807
2024-08-14 09:13:56,SOLUSDT,ask,155,24926.249
2024-08-14 09:14:11,SOLUSDT,bid,140,31607.459
2024-08-14 09:14:13,SOLUSDT,bid,140,31607.495
2024-08-14 09:14:18,SOLUSDT,bid,115,24488.248
2024-08-14 09:14:28,SOLUSDT,bid,132,7827.983
2024-08-14 09:14:37,SOLUSDT,ask,155,24927.764
2024-08-14 09:14:38,SOLUSDT,bid,115,24488.248
2024-08-14 09:14:41,SOLUSDT,bid,135,26354.545
2024-08-14 09:14:58,SOLUSDT,bid,115,24488.248
2024-08-14 09:15:08,SOLUSDT,bid,130,12707.944
2024-08-14 09:15:08,SOLUSDT,ask,160,25996.5
2024-08-14 09:15:09,SOLUSDT,bid,100,35833.565
2024-08-14 09:15:26,SOLUSDT,bid,135,26353.619
2024-08-14 09:15:32,SOLUSDT,ask,150,15080.808
2024-08-14 09:15:47,SOLUSDT,bid,140,31609.832
2024-08-14 09:15:54,SOLUSDT,ask,150,15087.808
2024-08-14 09:15:58,SOLUSDT,ask,170,12972.036
2024-08-14 09:16:03,SOLUSDT,bid,138,16456.757
2024-08-14 09:16:07,SOLUSDT,ask,160,26000.865
2024-08-14 09:16:12,SOLUSDT,bid,120,21367.719
2024-08-14 09:16:19,SOLUSDT,ask,165,13765.357
2024-08-14 09:16:23,SOLUSDT,bid,115,24488.248
2024-08-14 09:16:43,SOLUSDT,bid,115,24488.348
2024-08-14 09:16:43,SOLUSDT,bid,115,24488.248
2024-08-14 09:16:44,SOLUSDT,ask,160,25996.5
2024-08-14 09:16:52,SOLUSDT,bid,140,31541.499
2024-08-14 09:17:03,SOLUSDT,bid,115,24488.348
2024-08-14 09:17:03,SOLUSDT,bid,115,24488.248
2024-08-14 09:17:06,SOLUSDT,ask,205,10811.026
2024-08-14 09:17:27,SOLUSDT,ask,158,20416.822
2024-08-14 09:17:34,SOLUSDT,bid,140,31541.681
2024-08-14 09:17:37,SOLUSDT,bid,138,16458.769
2024-08-14 09:17:50,SOLUSDT,ask,150,15088.218
2024-08-14 09:17:58,SOLUSDT,ask,150,15088.151
2024-08-14 09:18:03,SOLUSDT,bid,140,31543.551
2024-08-14 09:18:10,SOLUSDT,bid,140,31543.462
2024-08-14 09:18:13,SOLUSDT,ask,150,15091.603
2024-08-14 09:18:17,SOLUSDT,bid,140,31543.426
2024-08-14 09:18:17,SOLUSDT,bid,120,21367.765
2024-08-14 09:18:19,SOLUSDT,bid,140,31544.084
2024-08-14 09:18:28,SOLUSDT,bid,115,24488.248
2024-08-14 09:18:37,SOLUSDT,bid,110,26554.233
2024-08-14 09:18:48,SOLUSDT,bid,115,24488.248
2024-08-14 09:19:08,SOLUSDT,bid,115,24488.248
2024-08-14 09:19:09,SOLUSDT,bid,110,26552.233
2024-08-14 09:19:12,SOLUSDT,ask,158,20421.739
2024-08-14 09:19:13,SOLUSDT,ask,165,13755.923
2024-08-14 09:19:15,SOLUSDT,ask,155,24934.67
2024-08-14 09:19:26,SOLUSDT,ask,160,25996.539
2024-08-14 09:19:46,SOLUSDT,bid,130,12708.039
2024-08-14 09:20:22,SOLUSDT,bid,140,31547.203
2024-08-14 09:20:34,SOLUSDT,bid,115,24488.248
2024-08-14 09:20:54,SOLUSDT,bid,115,24488.248
2024-08-14 09:21:14,SOLUSDT,bid,115,24488.248
2024-08-14 09:21:21,SOLUSDT,bid,132,7839.346
2024-08-14 09:21:33,SOLUSDT,bid,140,31527.203
2024-08-14 09:22:11,SOLUSDT,ask,163,18658.959
2024-08-14 09:22:17,SOLUSDT,bid,135,26352.879
2024-08-14 09:22:29,SOLUSDT,ask,170,12972.419
2024-08-14 09:22:32,SOLUSDT,ask,163,18662.509
2024-08-14 09:22:33,SOLUSDT,ask,150,15092.598
2024-08-14 09:22:38,SOLUSDT,bid,115,24488.248
2024-08-14 09:22:45,SOLUSDT,bid,133,7696.283
2024-08-14 09:22:46,SOLUSDT,bid,135,26351.028
2024-08-14 09:22:48,SOLUSDT,bid,130,12709.432
2024-08-14 09:22:58,SOLUSDT,bid,115,24488.248
2024-08-14 09:22:59,SOLUSDT,bid,140,31530.203
2024-08-14 09:23:03,SOLUSDT,bid,130,12447.457
2024-08-14 09:23:11,SOLUSDT,bid,130,12450.457
2024-08-14 09:23:18,SOLUSDT,bid,115,24488.248
2024-08-14 09:23:33,SOLUSDT,bid,138,16386.306
2024-08-14 09:23:33,SOLUSDT,ask,160,25696.539
2024-08-14 09:24:00,SOLUSDT,ask,150,15096.345
2024-08-14 09:24:41,SOLUSDT,ask,155,24934.743
2024-08-14 09:24:43,SOLUSDT,bid,115,24488.348
2024-08-14 09:24:43,SOLUSDT,bid,115,24488.248
2024-08-14 09:24:47,SOLUSDT,ask,150,15097.049
2024-08-14 09:24:53,SOLUSDT,bid,125,16225.645
2024-08-14 09:25:03,SOLUSDT,bid,115,24488.348
2024-08-14 09:25:03,SOLUSDT,bid,115,24488.248
2024-08-14 09:25:23,SOLUSDT,bid,115,24488.348
2024-08-14 09:25:23,SOLUSDT,bid,115,24488.248
2024-08-14 09:25:42,SOLUSDT,ask,175,9499.76
2024-08-14 09:25:43,SOLUSDT,ask,155,24933.732
2024-08-14 09:25:43,SOLUSDT,ask,160,25695.54
2024-08-14 09:25:46,SOLUSDT,bid,140,31533.668
2024-08-14 09:26:18,SOLUSDT,bid,111,15193.76
2024-08-14 09:26:20,SOLUSDT,ask,150,15117.773
2024-08-14 09:26:45,SOLUSDT,ask,150,15117.069
2024-08-14 09:26:48,SOLUSDT,bid,115,24488.348
2024-08-14 09:26:48,SOLUSDT,bid,115,24488.248
2024-08-14 09:26:56,SOLUSDT,bid,140,31534.382
2024-08-14 09:26:58,SOLUSDT,ask,150,15119.169
2024-08-14 09:27:04,SOLUSDT,bid,140,31540.382
2024-08-14 09:27:07,SOLUSDT,bid,140,31536.917
2024-08-14 09:27:08,SOLUSDT,bid,115,24488.248
2024-08-14 09:27:11,SOLUSDT,bid,140,31540.611
2024-08-14 09:27:15,SOLUSDT,bid,138,16395.306
2024-08-14 09:27:17,SOLUSDT,ask,200,44896.61
2024-08-14 09:27:28,SOLUSDT,bid,115,24488.248
2024-08-14 09:27:42,SOLUSDT,ask,190,23782.942
2024-08-14 09:28:04,SOLUSDT,ask,160,25695.616
2024-08-14 09:28:12,SOLUSDT,bid,140,31533.97
2024-08-14 09:28:39,SOLUSDT,ask,158,20422.986
2024-08-14 09:28:39,SOLUSDT,ask,160,25696.863
2024-08-14 09:28:39,SOLUSDT,ask,155,24934.979
2024-08-14 09:28:40,SOLUSDT,ask,150,15120.416
2024-08-14 09:28:42,SOLUSDT,bid,140,31535.217
2024-08-14 09:28:43,SOLUSDT,bid,139,12221.39
2024-08-14 09:28:43,SOLUSDT,bid,138,16396.553
2024-08-14 09:28:44,SOLUSDT,bid,135,26352.275
2024-08-14 09:28:44,SOLUSDT,bid,133,7697.53
2024-08-14 09:28:44,SOLUSDT,bid,132,7840.593
2024-08-14 09:28:45,SOLUSDT,bid,131,9595.88
2024-08-14 09:28:45,SOLUSDT,bid,130,12451.704
2024-08-14 09:28:46,SOLUSDT,bid,125,16226.892
2024-08-14 09:28:47,SOLUSDT,bid,120,21369.012
2024-08-14 09:28:48,SOLUSDT,bid,131,9594.88
2024-08-14 09:28:49,SOLUSDT,bid,115,24489.495
2024-08-14 09:28:50,SOLUSDT,bid,111,15195.007
2024-08-14 09:28:50,SOLUSDT,bid,110,26553.48
2024-08-14 09:28:51,SOLUSDT,bid,105,10246.815
2024-08-14 09:28:52,SOLUSDT,bid,115,24489.495
2024-08-14 09:28:53,SOLUSDT,bid,100,35834.812
2024-08-14 09:28:56,SOLUSDT,bid,140,31534.86
2024-08-14 09:29:12,SOLUSDT,bid,115,24489.495
2024-08-14 09:29:22,SOLUSDT,ask,170,12973.419
2024-08-14 09:29:25,SOLUSDT,bid,115,24491.801
2024-08-14 09:29:32,SOLUSDT,bid,115,24491.801
2024-08-14 09:29:45,SOLUSDT,bid,140,31534.307
2024-08-14 09:29:53,SOLUSDT,bid,140,31535.242
2024-08-14 09:30:14,SOLUSDT,bid,140,31535.979
2024-08-14 09:30:16,SOLUSDT,bid,139,12223.39
2024-08-14 09:30:22,SOLUSDT,bid,138,16398.553
2024-08-14 09:30:36,SOLUSDT,ask,150,15140.416
2024-08-14 09:30:39,SOLUSDT,bid,140,31532.408
2024-08-14 09:30:58,SOLUSDT,bid,115,24491.801
2024-08-14 09:31:16,SOLUSDT,bid,138,15236.059
2024-08-14 09:31:18,SOLUSDT,bid,115,24491.801
2024-08-14 09:31:26,SOLUSDT,ask,155,24937.054
2024-08-14 09:31:28,SOLUSDT,bid,140,31531.932
2024-08-14 09:31:28,SOLUSDT,bid,131,9594.925
2024-08-14 09:31:37,SOLUSDT,bid,140,31532.148
2024-08-14 09:31:38,SOLUSDT,bid,115,24491.801
2024-08-14 09:31:43,SOLUSDT,ask,185,19195.987
2024-08-14 09:31:47,SOLUSDT,ask,155,24936.964
2024-08-14 09:32:02,SOLUSDT,bid,138,15261.059
2024-08-14 09:32:06,SOLUSDT,bid,85,58057.457
2024-08-14 09:32:08,SOLUSDT,ask,180,23798.721
2024-08-14 09:32:16,SOLUSDT,bid,135,26305.668
2024-08-14 09:32:28,SOLUSDT,bid,130,12500.051
2024-08-14 09:32:29,SOLUSDT,bid,138,15257.428
2024-08-14 09:32:31,SOLUSDT,bid,140,31531.863
2024-08-14 09:32:55,SOLUSDT,bid,138,15302.433
2024-08-14 09:33:03,SOLUSDT,bid,115,24491.801
2024-08-14 09:33:04,SOLUSDT,bid,115,24490.801
2024-08-14 09:33:17,SOLUSDT,ask,160,25696.505
2024-08-14 09:33:20,SOLUSDT,ask,200,44897.45
2024-08-14 09:33:23,SOLUSDT,ask,150,15140.774
2024-08-14 09:33:24,SOLUSDT,bid,115,24490.801
2024-08-14 09:33:24,SOLUSDT,ask,200,44898.293
2024-08-14 09:33:24,SOLUSDT,bid,140,31521.344
2024-08-14 09:33:32,SOLUSDT,bid,115,24491.801
2024-08-14 09:33:33,SOLUSDT,ask,185,19189.318
2024-08-14 09:33:39,SOLUSDT,bid,105,10246.615
2024-08-14 09:33:43,SOLUSDT,bid,115,24491.801
2024-08-14 09:33:45,SOLUSDT,ask,180,23804.093
2024-08-14 09:33:45,SOLUSDT,bid,100,35836.012
2024-08-14 09:33:58,SOLUSDT,ask,161,15817.756
2024-08-14 09:34:02,SOLUSDT,bid,105,10251.381
2024-08-14 09:34:02,SOLUSDT,bid,130,12502.255
2024-08-14 09:34:15,SOLUSDT,ask,150,15138.765
2024-08-14 09:34:18,SOLUSDT,bid,132,8954.211
2024-08-14 09:34:24,SOLUSDT,bid,142,7398.265
2024-08-14 09:34:33,SOLUSDT,ask,161,15810.057
2024-08-14 09:34:33,SOLUSDT,bid,142,7398.301
2024-08-14 09:34:35,SOLUSDT,bid,140,31514.202
2024-08-14 09:34:58,SOLUSDT,bid,100,35456.012
2024-08-14 09:35:08,SOLUSDT,bid,115,24491.801
2024-08-14 09:35:28,SOLUSDT,bid,115,24491.801
2024-08-14 09:35:30,SOLUSDT,bid,140,31514.239
2024-08-14 09:35:46,SOLUSDT,bid,130,12502.305
2024-08-14 09:35:48,SOLUSDT,bid,115,24491.801
2024-08-14 09:35:53,SOLUSDT,bid,138,15304.374
2024-08-14 09:36:21,SOLUSDT,bid,120,21363.165
2024-08-14 09:36:31,SOLUSDT,bid,135,26233.446
2024-08-14 09:36:49,SOLUSDT,ask,165,13754.923
2024-08-14 09:36:51,SOLUSDT,ask,160,25695.505
2024-08-14 09:36:52,SOLUSDT,bid,120,21364.831
2024-08-14 09:37:01,SOLUSDT,bid,138,15297.128
2024-08-14 09:37:13,SOLUSDT,bid,115,24491.801
2024-08-14 09:37:24,SOLUSDT,ask,150,15190.413
2024-08-14 09:37:32,SOLUSDT,bid,133,7697.455
2024-08-14 09:37:33,SOLUSDT,bid,115,24491.801
2024-08-14 09:37:36,SOLUSDT,ask,160,25749.952
2024-08-14 09:37:44,SOLUSDT,bid,140,31515.818
2024-08-14 09:37:45,SOLUSDT,bid,115,24493.54
2024-08-14 09:37:49,SOLUSDT,bid,140,31515.234
2024-08-14 09:37:49,SOLUSDT,bid,139,12222.311
2024-08-14 09:37:53,SOLUSDT,bid,115,24493.54
2024-08-14 09:37:53,SOLUSDT,bid,140,31535.234
2024-08-14 09:37:57,SOLUSDT,bid,139,12242.311
2024-08-14 09:38:01,SOLUSDT,bid,138,15317.128
2024-08-14 09:38:03,SOLUSDT,ask,155,24937.957
2024-08-14 09:38:07,SOLUSDT,bid,138,15315.187
2024-08-14 09:38:08,SOLUSDT,bid,140,31553.091
2024-08-14 09:38:13,SOLUSDT,bid,140,31611.859
2024-08-14 09:38:18,SOLUSDT,bid,130,12503.305
2024-08-14 09:38:20,SOLUSDT,bid,140,31607.859
2024-08-14 09:38:21,SOLUSDT,ask,163,18647.918
2024-08-14 09:38:22,SOLUSDT,bid,140,31606.859
2024-08-14 09:38:23,SOLUSDT,bid,125,16227.892
2024-08-14 09:38:33,SOLUSDT,ask,155,24936.957
2024-08-14 09:39:00,SOLUSDT,bid,110,26554.851
2024-08-14 09:39:02,SOLUSDT,ask,190,23782.979
2024-08-14 09:39:03,SOLUSDT,bid,138,15315.224
2024-08-14 09:39:08,SOLUSDT,ask,160,25756.878
2024-08-14 09:39:11,SOLUSDT,bid,105,10241.381
2024-08-14 09:39:18,SOLUSDT,bid,115,24493.54
2024-08-14 09:39:27,SOLUSDT,bid,140,31606.899
2024-08-14 09:39:28,SOLUSDT,ask,161,15817.756
2024-08-14 09:39:37,SOLUSDT,bid,115,24493.54
2024-08-14 09:39:37,SOLUSDT,ask,160,25753.949
2024-08-14 09:39:37,SOLUSDT,ask,161,15810.057
2024-08-14 09:39:43,SOLUSDT,ask,150,15193.788
2024-08-14 09:39:52,SOLUSDT,bid,138,15315.264
2024-08-14 09:39:54,SOLUSDT,bid,135,26226.446
2024-08-14 09:39:57,SOLUSDT,bid,115,24493.54
2024-08-14 09:40:09,SOLUSDT,bid,140,31610.47
2024-08-14 09:40:17,SOLUSDT,bid,140,31610.328
2024-08-14 09:40:18,SOLUSDT,bid,135,26226.298
2024-08-14 09:40:19,SOLUSDT,bid,130,12503.152
2024-08-14 09:40:20,SOLUSDT,bid,120,21364.665
2024-08-14 09:40:22,SOLUSDT,bid,140,31620.085
2024-08-14 09:40:28,SOLUSDT,bid,135,26222.493
2024-08-14 09:40:30,SOLUSDT,bid,132,8950.185
2024-08-14 09:40:30,SOLUSDT,bid,125,16223.893
2024-08-14 09:40:30,SOLUSDT,bid,120,21360.499
2024-08-14 09:40:42,SOLUSDT,bid,138,15315.047
2024-08-14 09:40:44,SOLUSDT,bid,135,26221.493
2024-08-14 09:40:48,SOLUSDT,bid,140,31626.085
2024-08-14 09:40:49,SOLUSDT,bid,135,26221.533
2024-08-14 09:40:54,SOLUSDT,bid,120,21362.499
2024-08-14 09:40:58,SOLUSDT,ask,155,10041.744
2024-08-14 09:40:59,SOLUSDT,ask,160,25747.023
2024-08-14 09:41:08,SOLUSDT,bid,138,15351.583
2024-08-14 09:41:10,SOLUSDT,bid,140,31622.185
2024-08-14 09:41:19,SOLUSDT,bid,115,24495.54
2024-08-14 09:41:22,SOLUSDT,bid,130,12508.654
2024-08-14 09:41:23,SOLUSDT,bid,115,24495.54
2024-08-14 09:41:26,SOLUSDT,bid,110,26556.851
2024-08-14 09:41:31,SOLUSDT,ask,165,13754.983
2024-08-14 09:41:31,SOLUSDT,ask,150,15193.848
2024-08-14 09:41:32,SOLUSDT,bid,138,15351.643
2024-08-14 09:41:32,SOLUSDT,bid,135,26221.593
2024-08-14 09:41:34,SOLUSDT,bid,120,21368.461
2024-08-14 09:41:42,SOLUSDT,bid,125,16235.322
2024-08-14 09:41:43,SOLUSDT,bid,115,24495.54
2024-08-14 09:41:52,SOLUSDT,bid,120,21343.461
2024-08-14 09:41:52,SOLUSDT,ask,210,24923.313
2024-08-14 09:42:03,SOLUSDT,bid,115,24495.54
2024-08-14 09:42:07,SOLUSDT,bid,120,21344.461
2024-08-14 09:42:11,SOLUSDT,ask,150,15192.398
2024-08-14 09:42:21,SOLUSDT,bid,140,31622.899
2024-08-14 09:42:45,SOLUSDT,ask,200,44907.62
2024-08-14 09:43:02,SOLUSDT,ask,200,44898.293
2024-08-14 09:43:05,SOLUSDT,bid,140,31619.78
2024-08-14 09:43:16,SOLUSDT,ask,210,24932.64
2024-08-14 09:43:16,SOLUSDT,ask,161,15817.756
2024-08-14 09:43:28,SOLUSDT,bid,115,24495.54
2024-08-14 09:43:28,SOLUSDT,bid,132,8949.32
2024-08-14 09:43:28,SOLUSDT,ask,161,15810.057
2024-08-14 09:43:37,SOLUSDT,bid,100,35406.012
2024-08-14 09:43:48,SOLUSDT,bid,115,24495.54
2024-08-14 09:43:57,SOLUSDT,ask,158,20422.49
2024-08-14 09:44:08,SOLUSDT,bid,115,24495.54
2024-08-14 09:44:51,SOLUSDT,ask,170,12976.416
2024-08-14 09:45:06,SOLUSDT,bid,140,31620.23
2024-08-14 09:45:07,SOLUSDT,bid,140,31614.23
2024-08-14 09:45:07,SOLUSDT,bid,135,26227.593
2024-08-14 09:45:29,SOLUSDT,bid,135,26180.842
2024-08-14 09:45:33,SOLUSDT,bid,115,24495.54
2024-08-14 09:45:34,SOLUSDT,ask,155,10040.422
2024-08-14 09:45:40,SOLUSDT,ask,160,25748.024
2024-08-14 09:45:42,SOLUSDT,bid,140,31614.43
2024-08-14 09:45:44,SOLUSDT,bid,140,31615.858
2024-08-14 09:45:44,SOLUSDT,bid,138,15350.215
2024-08-14 09:45:53,SOLUSDT,bid,115,24495.54
2024-08-14 09:45:57,SOLUSDT,ask,180,23805.415
2024-08-14 09:46:00,SOLUSDT,bid,140,31615.821
2024-08-14 09:46:02,SOLUSDT,ask,160,25754.95
2024-08-14 09:46:13,SOLUSDT,bid,115,24495.54
2024-08-14 09:47:14,SOLUSDT,ask,150,15193.703
2024-08-14 09:47:18,SOLUSDT,bid,135,26172.731
2024-08-14 09:47:18,SOLUSDT,bid,140,31595.821
2024-08-14 09:47:18,SOLUSDT,bid,139,12222.311
2024-08-14 09:47:18,SOLUSDT,bid,138,15330.215
2024-08-14 09:47:27,SOLUSDT,bid,140,31595.621
2024-08-14 09:47:38,SOLUSDT,bid,115,24495.54
2024-08-14 09:47:38,SOLUSDT,bid,140,31595.719
2024-08-14 09:47:44,SOLUSDT,bid,140,31594.982
2024-08-14 09:47:44,SOLUSDT,bid,135,26162.731
2024-08-14 09:47:47,SOLUSDT,ask,180,23804.363
2024-08-14 09:47:58,SOLUSDT,bid,115,24495.54
2024-08-14 09:48:07,SOLUSDT,bid,111,15184.996
2024-08-14 09:48:08,SOLUSDT,bid,132,8928.741
2024-08-14 09:48:11,SOLUSDT,bid,110,26551.907
2024-08-14 09:48:18,SOLUSDT,bid,115,24495.54
2024-08-14 09:48:20,SOLUSDT,bid,115,24497.929
2024-08-14 09:48:38,SOLUSDT,ask,150,15278.946
2024-08-14 09:48:46,SOLUSDT,bid,139,12204.311
2024-08-14 09:48:59,SOLUSDT,bid,130,12507.654
2024-08-14 09:49:29,SOLUSDT,bid,110,26557.403
2024-08-14 09:49:35,SOLUSDT,ask,150,15279.945
2024-08-14 09:49:38,SOLUSDT,ask,150,15266.958
2024-08-14 09:49:58,SOLUSDT,bid,140,31586.982
2024-08-14 09:50:13,SOLUSDT,bid,140,31578.338
2024-08-14 09:50:24,SOLUSDT,bid,133,7550.002
2024-08-14 09:50:42,SOLUSDT,bid,140,31577.42
2024-08-14 09:50:43,SOLUSDT,ask,150,15267.389
2024-08-14 09:51:01,SOLUSDT,ask,170,12976.033
2024-08-14 09:51:03,SOLUSDT,bid,140,31581.747
2024-08-14 09:51:05,SOLUSDT,bid,139,12201.794
2024-08-14 09:51:05,SOLUSDT,bid,132,8926.09
2024-08-14 09:51:05,SOLUSDT,bid,130,12504.962
2024-08-14 09:51:18,SOLUSDT,bid,140,31578.747
2024-08-14 09:51:22,SOLUSDT,ask,150,15334.726
2024-08-14 09:51:38,SOLUSDT,ask,150,15340.589
2024-08-14 09:51:47,SOLUSDT,ask,193,7342.714
2024-08-14 09:51:49,SOLUSDT,bid,115,24497.929
2024-08-14 09:51:50,SOLUSDT,ask,150,15345.675
2024-08-14 09:51:56,SOLUSDT,bid,138,15327.215
2024-08-14 09:52:02,SOLUSDT,bid,140,31577.197
2024-08-14 09:52:09,SOLUSDT,bid,115,24497.929
2024-08-14 09:52:29,SOLUSDT,bid,115,24497.929
2024-08-14 09:52:39,SOLUSDT,ask,150,15364.423
2024-08-14 09:52:41,SOLUSDT,bid,110,26558.117
2024-08-14 09:52:45,SOLUSDT,bid,120,21355.663
2024-08-14 09:53:09,SOLUSDT,ask,191,5530.719
2024-08-14 09:53:13,SOLUSDT,ask,163,18653.225
2024-08-14 09:53:19,SOLUSDT,ask,150,15370.698
2024-08-14 09:53:23,SOLUSDT,ask,185,19190.861
2024-08-14 09:53:54,SOLUSDT,bid,115,24497.929
2024-08-14 09:54:14,SOLUSDT,bid,115,24497.929
2024-08-14 09:54:25,SOLUSDT,ask,150,15373.231
2024-08-14 09:54:34,SOLUSDT,bid,115,24497.929
2024-08-14 09:55:01,SOLUSDT,ask,150,15371.085
2024-08-14 09:56:42,SOLUSDT,ask,155,10053.533
2024-08-14 09:56:44,SOLUSDT,ask,155,10053.466
2024-08-14 09:57:08,SOLUSDT,ask,150,15370.682
2024-08-14 09:57:26,SOLUSDT,bid,138,15364.629
2024-08-14 09:57:28,SOLUSDT,bid,135,26170.138
2024-08-14 09:57:37,SOLUSDT,ask,160,25759.935
2024-08-14 09:57:38,SOLUSDT,bid,125,16243.636
2024-08-14 09:57:46,SOLUSDT,ask,160,25765.171
2024-08-14 09:57:53,SOLUSDT,ask,160,25759.935
2024-08-14 09:58:00,SOLUSDT,ask,160,25765.171
2024-08-14 09:58:08,SOLUSDT,bid,115,24497.929
2024-08-14 09:58:08,SOLUSDT,bid,140,31555.797
2024-08-14 09:58:18,SOLUSDT,ask,150,15370.753
2024-08-14 09:58:21,SOLUSDT,bid,140,31555.583
2024-08-14 09:58:23,SOLUSDT,bid,100,35211.658
2024-08-14 09:58:28,SOLUSDT,bid,115,24497.929
2024-08-14 09:58:39,SOLUSDT,ask,150,15373.66
2024-08-14 09:58:48,SOLUSDT,bid,115,24497.929
2024-08-14 09:59:19,SOLUSDT,ask,155,10053.534
2024-08-14 09:59:22,SOLUSDT,ask,155,10046.628
2024-08-14 09:59:26,SOLUSDT,bid,125,16245.174
2024-08-14 09:59:27,SOLUSDT,ask,150,15377.173
2024-08-14 09:59:29,SOLUSDT,bid,130,12504.401
2024-08-14 10:00:09,SOLUSDT,bid,115,24498.029
2024-08-14 10:00:09,SOLUSDT,bid,115,24497.929
2024-08-14 10:00:17,SOLUSDT,bid,140,31561.436
2024-08-14 10:00:19,SOLUSDT,ask,150,15375.425
2024-08-14 10:00:29,SOLUSDT,bid,115,24497.929
2024-08-14 10:00:41,SOLUSDT,bid,139,12201.924
2024-08-14 10:00:45,SOLUSDT,bid,140,31561.079
2024-08-14 10:00:46,SOLUSDT,ask,150,15376.424
2024-08-14 10:00:49,SOLUSDT,bid,111,15185.082
2024-08-14 10:00:50,SOLUSDT,bid,115,24497.929
2024-08-14 10:01:18,SOLUSDT,ask,158,20372.49
2024-08-14 10:01:24,SOLUSDT,bid,140,31557.385
2024-08-14 10:01:28,SOLUSDT,bid,140,31556.385
2024-08-14 10:01:31,SOLUSDT,ask,165,13923.766
2024-08-14 10:01:40,SOLUSDT,bid,138,15364.742
2024-08-14 10:01:50,SOLUSDT,bid,140,31556.342
2024-08-14 10:01:51,SOLUSDT,bid,132,8926.182
2024-08-14 10:02:01,SOLUSDT,bid,131,9595.925
2024-08-14 10:02:04,SOLUSDT,ask,150,15359.063
2024-08-14 10:02:20,SOLUSDT,bid,140,31554.517
2024-08-14 10:02:23,SOLUSDT,ask,158,20492.604
2024-08-14 10:02:34,SOLUSDT,bid,140,31554.731
2024-08-14 10:02:46,SOLUSDT,ask,150,15376.424
2024-08-14 10:02:50,SOLUSDT,ask,150,15378.424
2024-08-14 10:02:50,SOLUSDT,ask,155,10044.628
2024-08-14 10:02:51,SOLUSDT,bid,132,8925.425
2024-08-14 10:03:04,SOLUSDT,ask,158,20476.127
2024-08-14 10:03:06,SOLUSDT,bid,140,31554.281
2024-08-14 10:03:08,SOLUSDT,bid,130,12507.317
2024-08-14 10:03:21,SOLUSDT,ask,160,25799.622
2024-08-14 10:03:28,SOLUSDT,ask,155,10058.176
2024-08-14 10:03:29,SOLUSDT,ask,150,15379.98
2024-08-14 10:03:32,SOLUSDT,bid,139,12202.211
2024-08-14 10:03:33,SOLUSDT,ask,150,15379.607
2024-08-14 10:03:56,SOLUSDT,bid,80,28141.841
2024-08-14 10:03:57,SOLUSDT,bid,90,20813.535
2024-08-14 10:03:58,SOLUSDT,bid,100,35201.658
2024-08-14 10:04:01,SOLUSDT,bid,140,31552.451
2024-08-14 10:04:10,SOLUSDT,bid,138,15364.995
2024-08-14 10:04:12,SOLUSDT,ask,150,15380.157
2024-08-14 10:04:16,SOLUSDT,bid,120,21356.188
2024-08-14 10:04:20,SOLUSDT,ask,150,15380.307
2024-08-14 10:05:00,SOLUSDT,ask,150,15425.307
2024-08-14 10:05:07,SOLUSDT,ask,155,10059.648
2024-08-14 10:05:07,SOLUSDT,ask,160,25798.15
2024-08-14 10:05:19,SOLUSDT,bid,135,26170.36
2024-08-14 10:05:25,SOLUSDT,bid,140,31557.451
2024-08-14 10:05:30,SOLUSDT,ask,150,15475.307
2024-08-14 10:05:38,SOLUSDT,bid,140,31552.451
2024-08-14 10:05:47,SOLUSDT,ask,155,10058.648
2024-08-14 10:05:47,SOLUSDT,ask,165,13924.766
2024-08-14 10:05:57,SOLUSDT,bid,132,8925.803
2024-08-14 10:06:11,SOLUSDT,ask,190,23783.993
2024-08-14 10:06:13,SOLUSDT,bid,130,12507.701
2024-08-14 10:06:16,SOLUSDT,ask,150,15480.22
2024-08-14 10:06:30,SOLUSDT,ask,150,15481.22
2024-08-14 10:06:49,SOLUSDT,bid,140,31557.451
2024-08-14 10:07:12,SOLUSDT,bid,139,12202.445
2024-08-14 10:07:22,SOLUSDT,ask,150,15477.648
2024-08-14 10:07:50,SOLUSDT,ask,160,25795.15
2024-08-14 10:07:58,SOLUSDT,ask,200,44897.453
2024-08-14 10:08:00,SOLUSDT,ask,175,9499.51
2024-08-14 10:08:02,SOLUSDT,bid,135,26169.99
2024-08-14 10:08:04,SOLUSDT,ask,165,13924.641
2024-08-14 10:08:09,SOLUSDT,bid,130,12500.009
2024-08-14 10:08:15,SOLUSDT,ask,150,15478.488
2024-08-14 10:08:21,SOLUSDT,ask,150,15476.914
2024-08-14 10:08:27,SOLUSDT,bid,115,24497.929
2024-08-14 10:08:28,SOLUSDT,ask,160,25790.165
2024-08-14 10:08:28,SOLUSDT,ask,180,23809.348
2024-08-14 10:08:29,SOLUSDT,ask,180,23809.488
2024-08-14 10:08:34,SOLUSDT,ask,180,23804.503
2024-08-14 10:08:37,SOLUSDT,ask,150,15475.276
2024-08-14 10:08:40,SOLUSDT,ask,160,25790.914
2024-08-14 10:08:42,SOLUSDT,bid,140,31558.404
2024-08-14 10:08:43,SOLUSDT,ask,165,13927.244
2024-08-14 10:08:46,SOLUSDT,bid,138,15366.995
2024-08-14 10:08:47,SOLUSDT,bid,115,24498.029
2024-08-14 10:08:47,SOLUSDT,bid,115,24497.929
2024-08-14 10:08:51,SOLUSDT,ask,180,23809.488
2024-08-14 10:09:03,SOLUSDT,bid,130,12501.483
2024-08-14 10:09:07,SOLUSDT,bid,115,24497.929
2024-08-14 10:09:11,SOLUSDT,ask,150,15430.276
2024-08-14 10:09:19,SOLUSDT,bid,130,12499.945
2024-08-14 10:09:19,SOLUSDT,ask,150,15365.346
2024-08-14 10:09:49,SOLUSDT,bid,110,26539.936
2024-08-14 10:09:57,SOLUSDT,bid,138,15341.601
2024-08-14 10:10:09,SOLUSDT,bid,140,31557.404
2024-08-14 10:10:16,SOLUSDT,ask,150,15352.013
2024-08-14 10:10:20,SOLUSDT,bid,111,15184.996
2024-08-14 10:10:33,SOLUSDT,bid,111,15198.508
2024-08-14 10:10:34,SOLUSDT,bid,115,24497.929
2024-08-14 10:10:54,SOLUSDT,bid,115,24497.929
2024-08-14 10:11:14,SOLUSDT,bid,115,24497.929
2024-08-14 10:11:38,SOLUSDT,ask,150,15352.433
2024-08-14 10:11:49,SOLUSDT,ask,150,15351.593
2024-08-14 10:11:53,SOLUSDT,bid,140,31556.333
2024-08-14 10:11:55,SOLUSDT,ask,155,10051.709
2024-08-14 10:11:55,SOLUSDT,ask,150,15440.928
2024-08-14 10:11:57,SOLUSDT,bid,139,12220.159
2024-08-14 10:12:01,SOLUSDT,ask,160,25791.754
2024-08-14 10:12:04,SOLUSDT,bid,135,26170.99
2024-08-14 10:12:21,SOLUSDT,bid,125,16235.591
2024-08-14 10:12:38,SOLUSDT,bid,115,24497.929
2024-08-14 10:12:40,SOLUSDT,ask,150,15440.727
2024-08-14 10:12:58,SOLUSDT,bid,115,24497.929
2024-08-14 10:12:58,SOLUSDT,bid,105,10250.948
2024-08-14 10:13:18,SOLUSDT,bid,115,24497.929
2024-08-14 10:13:21,SOLUSDT,bid,135,26194.1
2024-08-14 10:13:54,SOLUSDT,ask,150,15490.727
2024-08-14 10:14:14,SOLUSDT,ask,160,25789.627
2024-08-14 10:14:43,SOLUSDT,bid,115,24497.929
2024-08-14 10:14:57,SOLUSDT,ask,150,15490.773
2024-08-14 10:14:58,SOLUSDT,ask,165,13965.37
2024-08-14 10:15:03,SOLUSDT,bid,115,24497.929
2024-08-14 10:15:06,SOLUSDT,ask,150,15491.441
2024-08-14 10:15:18,SOLUSDT,ask,150,15490.773
2024-08-14 10:15:23,SOLUSDT,bid,115,24497.929
2024-08-14 10:15:46,SOLUSDT,bid,105,10240.587
2024-08-14 10:15:46,SOLUSDT,ask,160,25786.735
2024-08-14 10:15:54,SOLUSDT,ask,150,15483.796
2024-08-14 10:15:54,SOLUSDT,ask,155,10051.909
2024-08-14 10:15:54,SOLUSDT,ask,150,15485.423
2024-08-14 10:15:57,SOLUSDT,bid,110,26387.274
2024-08-14 10:16:00,SOLUSDT,bid,138,15352.473
2024-08-14 10:16:08,SOLUSDT,bid,120,21355.673
2024-08-14 10:16:11,SOLUSDT,bid,115,24497.391
2024-08-14 10:16:17,SOLUSDT,bid,100,35149.999
2024-08-14 10:16:18,SOLUSDT,ask,155,10051.947
2024-08-14 10:16:21,SOLUSDT,bid,100,35163.27
2024-08-14 10:16:36,SOLUSDT,ask,163,18656.117
2024-08-14 10:16:39,SOLUSDT,ask,160,25784.169
2024-08-14 10:16:39,SOLUSDT,ask,190,23786.559
2024-08-14 10:16:48,SOLUSDT,bid,115,24497.391
2024-08-14 10:16:48,SOLUSDT,ask,150,15535.434
2024-08-14 10:17:02,SOLUSDT,ask,170,12985.024
2024-08-14 10:17:08,SOLUSDT,bid,115,24497.391
2024-08-14 10:17:17,SOLUSDT,ask,158,20476.164
2024-08-14 10:17:20,SOLUSDT,bid,140,31555.072
2024-08-14 10:17:28,SOLUSDT,bid,115,24497.391
2024-08-14 10:17:28,SOLUSDT,bid,135,26181.071
2024-08-14 10:17:32,SOLUSDT,ask,150,15541.928
2024-08-14 10:17:50,SOLUSDT,ask,160,25784.225
2024-08-14 10:18:05,SOLUSDT,ask,158,20477.217
2024-08-14 10:18:18,SOLUSDT,ask,161,15810.119
2024-08-14 10:18:25,SOLUSDT,ask,150,15542.927
2024-08-14 10:18:40,SOLUSDT,bid,138,15353.473
2024-08-14 10:18:40,SOLUSDT,ask,155,9944.701
2024-08-14 10:18:46,SOLUSDT,ask,158,20479.863
2024-08-14 10:18:52,SOLUSDT,bid,115,24497.391
2024-08-14 10:18:57,SOLUSDT,ask,155,9941.134
2024-08-14 10:19:10,SOLUSDT,bid,115,24501.738
2024-08-14 10:19:12,SOLUSDT,ask,150,15552.603
2024-08-14 10:19:12,SOLUSDT,bid,115,24501.838
2024-08-14 10:19:12,SOLUSDT,bid,115,24501.738
2024-08-14 10:19:17,SOLUSDT,bid,110,26391.819
2024-08-14 10:19:18,SOLUSDT,ask,163,18763.363
2024-08-14 10:19:20,SOLUSDT,bid,140,31557.322
2024-08-14 10:19:22,SOLUSDT,ask,150,15552.437
2024-08-14 10:19:24,SOLUSDT,bid,130,12499.667
2024-08-14 10:19:24,SOLUSDT,ask,163,18763.424
2024-08-14 10:19:24,SOLUSDT,bid,105,10245.348
2024-08-14 10:19:30,SOLUSDT,bid,100,35168.27
2024-08-14 10:19:33,SOLUSDT,bid,115,24501.738
2024-08-14 10:20:08,SOLUSDT,bid,140,31606.406
2024-08-14 10:20:22,SOLUSDT,bid,110,26389.142
2024-08-14 10:20:26,SOLUSDT,ask,165,13965.46
2024-08-14 10:20:38,SOLUSDT,bid,140,31608.806
2024-08-14 10:20:45,SOLUSDT,ask,158,20479.045
2024-08-14 10:20:58,SOLUSDT,bid,115,24501.738
2024-08-14 10:20:59,SOLUSDT,ask,150,15551.437
2024-08-14 10:21:00,SOLUSDT,ask,155,9941.952
2024-08-14 10:21:00,SOLUSDT,ask,150,15501.437
2024-08-14 10:21:05,SOLUSDT,ask,160,25778.989
2024-08-14 10:21:18,SOLUSDT,bid,115,24501.738
2024-08-14 10:21:26,SOLUSDT,bid,130,12499.591
2024-08-14 10:21:38,SOLUSDT,bid,115,24501.738
2024-08-14 10:21:47,SOLUSDT,bid,110,26395.142
2024-08-14 10:22:01,SOLUSDT,bid,130,12503.444
2024-08-14 10:22:05,SOLUSDT,bid,131,9597.451
2024-08-14 10:22:11,SOLUSDT,bid,139,12220.616
2024-08-14 10:22:14,SOLUSDT,bid,140,31609.021
2024-08-14 10:22:23,SOLUSDT,ask,161,15810.155
2024-08-14 10:22:40,SOLUSDT,bid,131,9595.925
2024-08-14 10:23:03,SOLUSDT,bid,115,24501.738
2024-08-14 10:23:19,SOLUSDT,bid,140,31608.661
2024-08-14 10:23:21,SOLUSDT,bid,138,15353.111
2024-08-14 10:23:23,SOLUSDT,bid,115,24501.738
2024-08-14 10:23:29,SOLUSDT,bid,130,12503.83
2024-08-14 10:23:33,SOLUSDT,bid,125,16235.994
2024-08-14 10:23:44,SOLUSDT,bid,115,24501.738
2024-08-14 10:23:47,SOLUSDT,ask,200,44898.641
2024-08-14 10:23:51,SOLUSDT,bid,140,31608.027
2024-08-14 10:24:17,SOLUSDT,bid,131,9795.925
2024-08-14 10:24:23,SOLUSDT,ask,150,15502.436
2024-08-14 10:24:23,SOLUSDT,bid,140,31602.291
2024-08-14 10:24:33,SOLUSDT,ask,150,15503.436
2024-08-14 10:24:36,SOLUSDT,ask,150,15502.437
2024-08-14 10:24:39,SOLUSDT,ask,150,15501.437
2024-08-14 10:24:42,SOLUSDT,bid,120,21345.093
2024-08-14 10:24:59,SOLUSDT,bid,140,31596.986
2024-08-14 10:25:00,SOLUSDT,ask,150,15507.602
2024-08-14 10:25:02,SOLUSDT,ask,150,15507.497
2024-08-14 10:25:06,SOLUSDT,bid,125,16239.194
2024-08-14 10:25:07,SOLUSDT,bid,115,24501.738
2024-08-14 10:25:09,SOLUSDT,bid,140,31599.525
2024-08-14 10:25:09,SOLUSDT,bid,140,31573.999
2024-08-14 10:25:21,SOLUSDT,bid,130,12503.042
2024-08-14 10:25:23,SOLUSDT,bid,120,21328.66
2024-08-14 10:25:27,SOLUSDT,bid,115,24501.738
2024-08-14 10:25:36,SOLUSDT,bid,140,31577.57
2024-08-14 10:25:42,SOLUSDT,bid,138,15184.22
2024-08-14 10:25:46,SOLUSDT,bid,130,12534.082
2024-08-14 10:25:46,SOLUSDT,bid,125,16208.154
2024-08-14 10:25:47,SOLUSDT,bid,115,24501.738
2024-08-14 10:25:55,SOLUSDT,ask,190,23783.177
2024-08-14 10:26:00,SOLUSDT,bid,139,12232.846
2024-08-14 10:26:10,SOLUSDT,bid,120,21325.66
2024-08-14 10:26:11,SOLUSDT,ask,150,15515.449
2024-08-14 10:26:16,SOLUSDT,ask,165,13965.36
2024-08-14 10:26:21,SOLUSDT,ask,150,15507.497
2024-08-14 10:26:31,SOLUSDT,ask,190,23794.363
2024-08-14 10:26:37,SOLUSDT,ask,158,20472.106
2024-08-14 10:26:44,SOLUSDT,bid,140,31528.486
2024-08-14 10:26:55,SOLUSDT,bid,100,35038.281
2024-08-14 10:27:05,SOLUSDT,bid,135,26180.034
2024-08-14 10:27:18,SOLUSDT,ask,160,25777.983
2024-08-14 10:27:32,SOLUSDT,bid,110,26396.142
2024-08-14 10:27:38,SOLUSDT,ask,170,12985.123
2024-08-14 10:27:54,SOLUSDT,bid,100,35039.281
2024-08-14 10:28:06,SOLUSDT,bid,140,31529.2
2024-08-14 10:28:14,SOLUSDT,bid,138,15184.944
2024-08-14 10:28:17,SOLUSDT,ask,150,15506.498
2024-08-14 10:28:21,SOLUSDT,bid,120,21311.02
2024-08-14 10:28:23,SOLUSDT,bid,120,21309.967
2024-08-14 10:28:29,SOLUSDT,bid,100,35059.371
2024-08-14 10:28:33,SOLUSDT,ask,158,20479.045
2024-08-14 10:28:55,SOLUSDT,ask,155,9943.952
2024-08-14 10:29:03,SOLUSDT,bid,115,24499.765
2024-08-14 10:29:03,SOLUSDT,bid,135,26180.774
2024-08-14 10:29:16,SOLUSDT,bid,125,16207.434
2024-08-14 10:29:22,SOLUSDT,bid,140,31528.165
2024-08-14 10:29:37,SOLUSDT,ask,160,25415.293
2024-08-14 10:29:40,SOLUSDT,bid,133,7548.983
2024-08-14 10:29:42,SOLUSDT,ask,150,15504.028
2024-08-14 10:29:45,SOLUSDT,ask,193,7346.55
2024-08-14 10:29:46,SOLUSDT,bid,140,31529.165
2024-08-14 10:30:27,SOLUSDT,bid,120,21309.815
2024-08-14 10:30:37,SOLUSDT,ask,150,15503.528
2024-08-14 10:30:42,SOLUSDT,bid,110,26395.913
2024-08-14 10:30:45,SOLUSDT,ask,150,15503.428
2024-08-14 10:30:46,SOLUSDT,bid,140,31492.49
2024-08-14 10:30:47,SOLUSDT,ask,200,44899.4
2024-08-14 10:30:55,SOLUSDT,ask,150,15503.761
2024-08-14 10:31:00,SOLUSDT,ask,191,5517.4
2024-08-14 10:31:00,SOLUSDT,bid,140,31492.704
2024-08-14 10:31:00,SOLUSDT,bid,138,15184.22
2024-08-14 10:31:08,SOLUSDT,ask,155,9943.852
2024-08-14 10:31:16,SOLUSDT,bid,135,26181.144
2024-08-14 10:31:24,SOLUSDT,ask,150,15503.351
2024-08-14 10:31:24,SOLUSDT,bid,130,12534.62
2024-08-14 10:31:33,SOLUSDT,bid,130,12534.082
2024-08-14 10:31:35,SOLUSDT,bid,135,26180.774
2024-08-14 10:31:36,SOLUSDT,bid,140,31492.49
2024-08-14 10:31:44,SOLUSDT,bid,139,12233.061
2024-08-14 10:31:46,SOLUSDT,bid,130,12534.466
2024-08-14 10:32:02,SOLUSDT,bid,115,24510.265
2024-08-14 10:32:02,SOLUSDT,bid,140,31492.847
2024-08-14 10:32:06,SOLUSDT,bid,140,31442.847
2024-08-14 10:32:12,SOLUSDT,bid,105,10256.348
2024-08-14 10:32:17,SOLUSDT,ask,160,25418.418
2024-08-14 10:32:19,SOLUSDT,bid,140,31462.847
2024-08-14 10:32:25,SOLUSDT,bid,131,9773.024
2024-08-14 10:32:27,SOLUSDT,bid,85,58075.594
2024-08-14 10:32:33,SOLUSDT,ask,163,18758.117
2024-08-14 10:32:37,SOLUSDT,ask,155,10008.3
2024-08-14 10:32:38,SOLUSDT,ask,180,23805.898
2024-08-14 10:32:41,SOLUSDT,ask,158,20358.931
2024-08-14 10:32:46,SOLUSDT,bid,85,58057.457
2024-08-14 10:32:47,SOLUSDT,bid,105,10245.348
2024-08-14 10:32:49,SOLUSDT,bid,115,24499.765
2024-08-14 10:32:59,SOLUSDT,ask,180,23806.795
2024-08-14 10:33:00,SOLUSDT,bid,130,12532.905
2024-08-14 10:33:02,SOLUSDT,ask,155,10135.188
2024-08-14 10:33:04,SOLUSDT,ask,500,6592.523
2024-08-14 10:33:06,SOLUSDT,ask,190,23795.261
2024-08-14 10:33:10,SOLUSDT,bid,125,16289.847
2024-08-14 10:33:13,SOLUSDT,bid,100,34982.029
2024-08-14 10:33:17,SOLUSDT,bid,139,12232.604
2024-08-14 10:33:34,SOLUSDT,bid,110,26396.949
2024-08-14 10:33:46,SOLUSDT,bid,130,12458.499
2024-08-14 10:33:50,SOLUSDT,bid,100,35098.36
2024-08-14 10:33:52,SOLUSDT,bid,132,8913.803
2024-08-14 10:34:05,SOLUSDT,ask,150,15514.159
2024-08-14 10:34:10,SOLUSDT,ask,163,18758.741
2024-08-14 10:34:14,SOLUSDT,bid,130,12461.532
2024-08-14 10:34:17,SOLUSDT,bid,120,21299.815
2024-08-14 10:34:18,SOLUSDT,bid,110,26396.047
2024-08-14 10:34:25,SOLUSDT,bid,90,20784.572
2024-08-14 10:34:28,SOLUSDT,bid,125,16276.71
2024-08-14 10:34:33,SOLUSDT,bid,130,12457.679
2024-08-14 10:34:35,SOLUSDT,bid,140,31463.591
2024-08-14 10:34:40,SOLUSDT,ask,180,23818.259
2024-08-14 10:34:44,SOLUSDT,ask,170,12982.219
2024-08-14 10:34:46,SOLUSDT,bid,130,12466.136
2024-08-14 10:35:08,SOLUSDT,ask,150,15516.169
2024-08-14 10:35:27,SOLUSDT,bid,145,12814.722
2024-08-14 10:35:27,SOLUSDT,bid,145,12846.252
2024-08-14 10:35:27,SOLUSDT,bid,145,12846.304
2024-08-14 10:35:27,SOLUSDT,bid,145,12848.115
2024-08-14 10:35:28,SOLUSDT,bid,145,12849.115
2024-08-14 10:35:28,SOLUSDT,bid,145,13231.258
2024-08-14 10:35:29,SOLUSDT,bid,145,13229.447
2024-08-14 10:35:29,SOLUSDT,bid,145,12847.304
2024-08-14 10:35:29,SOLUSDT,bid,145,12849.115
2024-08-14 10:35:30,SOLUSDT,bid,145,12943.146
2024-08-14 10:35:30,SOLUSDT,bid,145,13098.826
2024-08-14 10:35:31,SOLUSDT,bid,145,13167.599
2024-08-14 10:35:32,SOLUSDT,bid,145,12815.722
2024-08-14 10:35:32,SOLUSDT,bid,145,12815.774
2024-08-14 10:35:32,SOLUSDT,bid,145,12958.427
2024-08-14 10:35:32,SOLUSDT,bid,145,13026.475
2024-08-14 10:35:33,SOLUSDT,bid,145,13026.569
2024-08-14 10:35:33,SOLUSDT,bid,145,13036.197
2024-08-14 10:35:33,SOLUSDT,bid,145,13036.196
2024-08-14 10:35:34,SOLUSDT,ask,150,15532.161
2024-08-14 10:35:34,SOLUSDT,ask,170,12966.227
2024-08-14 10:35:34,SOLUSDT,bid,145,13104.97
2024-08-14 10:35:34,SOLUSDT,bid,145,13095.343
2024-08-14 10:35:34,SOLUSDT,bid,145,13095.249
2024-08-14 10:35:35,SOLUSDT,ask,160,25418.962
2024-08-14 10:35:35,SOLUSDT,bid,145,12965.427
2024-08-14 10:35:35,SOLUSDT,bid,145,12947.817
2024-08-14 10:35:35,SOLUSDT,bid,145,12924.512
2024-08-14 10:35:36,SOLUSDT,bid,145,12996.365
2024-08-14 10:35:36,SOLUSDT,bid,145,12998.97
2024-08-14 10:35:36,SOLUSDT,bid,145,12925.922
2024-08-14 10:35:36,SOLUSDT,bid,145,12918.414
2024-08-14 10:35:37,SOLUSDT,bid,145,12775.761
2024-08-14 10:35:37,SOLUSDT,bid,145,12853.292
2024-08-14 10:35:38,SOLUSDT,bid,145,12932.595
2024-08-14 10:35:39,SOLUSDT,bid,145,12940.103
2024-08-14 10:35:39,SOLUSDT,bid,145,13075.441
2024-08-14 10:35:41,SOLUSDT,bid,145,13140.781
2024-08-14 10:35:41,SOLUSDT,bid,145,13147.354
2024-08-14 10:35:41,SOLUSDT,bid,145,12966.384
2024-08-14 10:35:41,SOLUSDT,bid,145,12897.607
2024-08-14 10:35:41,SOLUSDT,bid,145,13220.63
2024-08-14 10:35:42,SOLUSDT,bid,145,13221.63
2024-08-14 10:35:42,SOLUSDT,bid,145,13038.927
2024-08-14 10:35:42,SOLUSDT,bid,145,13044.427
2024-08-14 10:35:43,SOLUSDT,bid,145,13046.977
2024-08-14 10:35:43,SOLUSDT,bid,145,13199.041
2024-08-14 10:35:43,SOLUSDT,bid,145,13199.135
2024-08-14 10:35:45,SOLUSDT,bid,145,13047.071
2024-08-14 10:35:45,SOLUSDT,bid,145,13045.26
2024-08-14 10:35:45,SOLUSDT,bid,145,12912.922
2024-08-14 10:35:45,SOLUSDT,bid,145,12912.828
2024-08-14 10:35:47,SOLUSDT,bid,145,12912.828
2024-08-14 10:35:47,SOLUSDT,bid,145,12905.218
2024-08-14 10:35:48,SOLUSDT,bid,145,12973.991
2024-08-14 10:35:48,SOLUSDT,bid,145,12905.089
2024-08-14 10:35:49,SOLUSDT,bid,145,12888.629
2024-08-14 10:35:49,SOLUSDT,bid,145,12819.856
2024-08-14 10:35:50,SOLUSDT,bid,145,12800.085
2024-08-14 10:35:50,SOLUSDT,bid,145,12799.917
2024-08-14 10:35:50,SOLUSDT,bid,145,12817.11
2024-08-14 10:35:50,SOLUSDT,bid,145,12909.634
2024-08-14 10:35:50,SOLUSDT,bid,145,12909.686
2024-08-14 10:35:51,SOLUSDT,bid,145,12944.123
2024-08-14 10:35:51,SOLUSDT,bid,145,12944.466
2024-08-14 10:35:52,SOLUSDT,bid,145,12943.466
2024-08-14 10:35:52,SOLUSDT,bid,145,12799.309
2024-08-14 10:35:53,SOLUSDT,bid,145,12799.309
2024-08-14 10:35:53,SOLUSDT,bid,145,12881.35
2024-08-14 10:35:53,SOLUSDT,bid,145,12881.406
2024-08-14 10:35:54,SOLUSDT,bid,145,12912.157
2024-08-14 10:35:55,SOLUSDT,bid,145,12921.879
2024-08-14 10:35:55,SOLUSDT,bid,145,12912.202
2024-08-14 10:35:55,SOLUSDT,bid,145,12845.803
2024-08-14 10:35:55,SOLUSDT,bid,145,13022.508
2024-08-14 10:35:55,SOLUSDT,bid,145,13022.577
2024-08-14 10:35:56,SOLUSDT,bid,145,13029.577
2024-08-14 10:35:57,SOLUSDT,bid,145,13031.388
2024-08-14 10:35:57,SOLUSDT,bid,145,13024.388
2024-08-14 10:35:57,SOLUSDT,bid,145,13034.016
2024-08-14 10:35:57,SOLUSDT,bid,145,13024.388
2024-08-14 10:35:59,SOLUSDT,ask,155,10132.732
2024-08-14 10:35:59,SOLUSDT,bid,145,13034.016
2024-08-14 10:36:00,SOLUSDT,bid,145,13024.388
2024-08-14 10:36:00,SOLUSDT,bid,145,13097.161
2024-08-14 10:36:00,SOLUSDT,bid,145,13028.388
2024-08-14 10:36:00,SOLUSDT,bid,145,13031.388
2024-08-14 10:36:00,SOLUSDT,bid,145,13025.388
2024-08-14 10:36:00,SOLUSDT,bid,145,13024.388
2024-08-14 10:36:01,SOLUSDT,bid,145,13032.205
2024-08-14 10:36:03,SOLUSDT,bid,145,13107.978
2024-08-14 10:36:03,SOLUSDT,bid,145,13098.35
2024-08-14 10:36:03,SOLUSDT,bid,145,13091.35
2024-08-14 10:36:04,SOLUSDT,bid,145,12982.739
2024-08-14 10:36:04,SOLUSDT,bid,145,13004.215
2024-08-14 10:36:05,SOLUSDT,bid,145,12994.493
2024-08-14 10:36:05,SOLUSDT,bid,145,13046.053
2024-08-14 10:36:06,SOLUSDT,bid,145,12977.28
2024-08-14 10:36:06,SOLUSDT,bid,145,12857.626
2024-08-14 10:36:06,SOLUSDT,bid,145,12862.783
2024-08-14 10:36:06,SOLUSDT,bid,145,12839.322
2024-08-14 10:36:07,SOLUSDT,bid,145,12831.072
2024-08-14 10:36:07,SOLUSDT,bid,125,16277.11
2024-08-14 10:36:08,SOLUSDT,bid,145,12834.509
2024-08-14 10:36:10,SOLUSDT,bid,145,12830.633
2024-08-14 10:36:10,SOLUSDT,bid,145,12830.386
2024-08-14 10:36:10,SOLUSDT,bid,138,15172.871
2024-08-14 10:36:10,SOLUSDT,bid,145,12856.757
2024-08-14 10:36:10,SOLUSDT,bid,145,12924.851
2024-08-14 10:36:12,SOLUSDT,bid,145,12915.223
2024-08-14 10:36:13,SOLUSDT,bid,145,12945.018
2024-08-14 10:36:13,SOLUSDT,bid,145,12946.829
2024-08-14 10:36:14,SOLUSDT,ask,170,12969.419
2024-08-14 10:36:14,SOLUSDT,bid,145,12949.579
2024-08-14 10:36:15,SOLUSDT,bid,145,12952.329
2024-08-14 10:36:15,SOLUSDT,bid,145,12950.518
2024-08-14 10:36:15,SOLUSDT,bid,145,12952.329
2024-08-14 10:36:17,SOLUSDT,bid,145,12960.568
2024-08-14 10:36:18,SOLUSDT,bid,145,13122.745
2024-08-14 10:36:19,SOLUSDT,bid,145,13122.745
2024-08-14 10:36:20,SOLUSDT,bid,145,13122.014
2024-08-14 10:36:22,SOLUSDT,bid,145,13092.219
2024-08-14 10:36:23,SOLUSDT,bid,145,12930.042
2024-08-14 10:36:23,SOLUSDT,bid,145,12861.948
2024-08-14 10:36:24,SOLUSDT,bid,145,12861.879
2024-08-14 10:36:29,SOLUSDT,bid,145,12868.879
2024-08-14 10:36:31,SOLUSDT,ask,155,10132.496
2024-08-14 10:36:32,SOLUSDT,bid,145,12887.984
2024-08-14 10:36:32,SOLUSDT,bid,145,12889.795
2024-08-14 10:36:33,SOLUSDT,bid,145,12887.984
2024-08-14 10:36:34,SOLUSDT,bid,145,12889.795
2024-08-14 10:36:34,SOLUSDT,bid,145,12957.889
2024-08-14 10:36:37,SOLUSDT,bid,145,12889.795
2024-08-14 10:36:39,SOLUSDT,bid,145,12880.476
2024-08-14 10:36:39,SOLUSDT,bid,145,12882.287
2024-08-14 10:36:39,SOLUSDT,bid,145,13082.138
2024-08-14 10:36:40,SOLUSDT,bid,145,13089.955
2024-08-14 10:36:40,SOLUSDT,bid,145,13090.439
2024-08-14 10:36:41,SOLUSDT,bid,145,12893.338
2024-08-14 10:36:41,SOLUSDT,bid,145,12895.149
2024-08-14 10:36:41,SOLUSDT,bid,145,12963.922
2024-08-14 10:36:41,SOLUSDT,bid,145,13173.201
2024-08-14 10:36:42,SOLUSDT,bid,145,12963.922
2024-08-14 10:36:43,SOLUSDT,bid,145,13111.209
2024-08-14 10:36:43,SOLUSDT,bid,145,13077.847
2024-08-14 10:36:43,SOLUSDT,bid,145,12868.569
2024-08-14 10:36:44,SOLUSDT,bid,145,12866.758
2024-08-14 10:36:44,SOLUSDT,bid,145,12868.569
2024-08-14 10:36:44,SOLUSDT,ask,185,19186.437
2024-08-14 10:36:48,SOLUSDT,bid,145,12866.758
2024-08-14 10:36:48,SOLUSDT,bid,145,12889.87
2024-08-14 10:36:48,SOLUSDT,bid,145,12891.681
2024-08-14 10:36:49,SOLUSDT,bid,145,12960.455
2024-08-14 10:36:52,SOLUSDT,bid,145,12967.237
2024-08-14 10:36:54,SOLUSDT,bid,145,12898.463
2024-08-14 10:36:54,SOLUSDT,bid,145,12868.569
2024-08-14 10:36:55,SOLUSDT,ask,153,6539.585
2024-08-14 10:36:57,SOLUSDT,bid,145,12862.092
2024-08-14 10:36:57,SOLUSDT,bid,145,12856.719
2024-08-14 10:36:59,SOLUSDT,bid,145,13076.549
2024-08-14 10:36:59,SOLUSDT,bid,140,31463.491
2024-08-14 10:37:00,SOLUSDT,bid,145,13080.672
2024-08-14 10:37:01,SOLUSDT,bid,145,12860.842
2024-08-14 10:37:01,SOLUSDT,bid,145,12853.842
2024-08-14 10:37:01,SOLUSDT,bid,145,12854.042
2024-08-14 10:37:01,SOLUSDT,bid,145,12922.818
2024-08-14 10:37:03,SOLUSDT,bid,145,12924.429
2024-08-14 10:37:04,SOLUSDT,bid,145,12952.543
2024-08-14 10:37:04,SOLUSDT,bid,145,12858.939
2024-08-14 10:37:04,SOLUSDT,bid,145,12790.215
2024-08-14 10:37:04,SOLUSDT,bid,145,12944.117
2024-08-14 10:37:04,SOLUSDT,bid,145,12871.766
2024-08-14 10:37:04,SOLUSDT,bid,145,12849.678
2024-08-14 10:37:04,SOLUSDT,bid,145,12872.691
2024-08-14 10:37:04,SOLUSDT,bid,145,12830.54
2024-08-14 10:37:05,SOLUSDT,bid,145,12851.311
2024-08-14 10:37:05,SOLUSDT,bid,145,12830.54
2024-08-14 10:37:05,SOLUSDT,bid,145,12918.971
2024-08-14 10:37:05,SOLUSDT,bid,145,12897.649
2024-08-14 10:37:05,SOLUSDT,bid,145,12851.227
2024-08-14 10:37:05,SOLUSDT,bid,145,12841.599
2024-08-14 10:37:05,SOLUSDT,bid,145,12834.817
2024-08-14 10:37:05,SOLUSDT,bid,145,12932.019
2024-08-14 10:37:05,SOLUSDT,bid,145,12834.817
2024-08-14 10:37:06,SOLUSDT,bid,145,12790.282
2024-08-14 10:37:06,SOLUSDT,bid,145,12845.414
2024-08-14 10:37:06,SOLUSDT,bid,145,12762.168
2024-08-14 10:37:06,SOLUSDT,bid,145,12762.168
2024-08-14 10:37:06,SOLUSDT,bid,145,12810.862
2024-08-14 10:37:06,SOLUSDT,bid,145,12873.348
2024-08-14 10:37:06,SOLUSDT,bid,145,12850.636
2024-08-14 10:37:06,SOLUSDT,bid,145,12850.247
2024-08-14 10:37:07,SOLUSDT,bid,145,12868.125
2024-08-14 10:37:07,SOLUSDT,bid,145,12859.497
2024-08-14 10:37:08,SOLUSDT,bid,145,12864.028
2024-08-14 10:37:08,SOLUSDT,bid,145,12863.958
2024-08-14 10:37:09,SOLUSDT,ask,170,12967.129
2024-08-14 10:37:10,SOLUSDT,bid,145,12869.958
2024-08-14 10:37:11,SOLUSDT,bid,145,12862.958
2024-08-14 10:37:11,SOLUSDT,bid,145,12834.128
2024-08-14 10:37:12,SOLUSDT,bid,145,12911.715
2024-08-14 10:37:13,SOLUSDT,bid,145,12907.184
2024-08-14 10:37:14,SOLUSDT,bid,145,12831.408
2024-08-14 10:37:15,SOLUSDT,bid,145,12810.444
2024-08-14 10:37:15,SOLUSDT,bid,145,12816.444
2024-08-14 10:37:15,SOLUSDT,bid,145,12817.444
2024-08-14 10:37:16,SOLUSDT,bid,145,12836.747
2024-08-14 10:37:16,SOLUSDT,bid,145,12836.747
2024-08-14 10:37:16,SOLUSDT,bid,145,12993.941
2024-08-14 10:37:16,SOLUSDT,bid,145,12903.542
2024-08-14 10:37:16,SOLUSDT,bid,145,12962.81
2024-08-14 10:37:16,SOLUSDT,bid,145,12945.617
2024-08-14 10:37:16,SOLUSDT,bid,145,12986.785
2024-08-14 10:37:17,SOLUSDT,bid,145,12944.71
2024-08-14 10:37:17,SOLUSDT,bid,145,12937.928
2024-08-14 10:37:18,SOLUSDT,bid,145,12915.911
2024-08-14 10:37:18,SOLUSDT,bid,145,12935.991
2024-08-14 10:37:19,SOLUSDT,bid,145,12901.605
2024-08-14 10:37:20,SOLUSDT,bid,145,12882.1
2024-08-14 10:37:20,SOLUSDT,ask,190,23794.392
2024-08-14 10:37:20,SOLUSDT,bid,145,12882.443
2024-08-14 10:37:21,SOLUSDT,bid,145,12798.756
2024-08-14 10:37:21,SOLUSDT,bid,145,12884.538
2024-08-14 10:37:21,SOLUSDT,bid,145,12884.59
2024-08-14 10:37:22,SOLUSDT,bid,135,26178.774
2024-08-14 10:37:22,SOLUSDT,bid,145,12884.59
2024-08-14 10:37:22,SOLUSDT,bid,145,12859.144
2024-08-14 10:37:23,SOLUSDT,bid,145,12816.292
2024-08-14 10:37:23,SOLUSDT,bid,145,12799.099
2024-08-14 10:37:23,SOLUSDT,bid,145,12770.985
2024-08-14 10:37:23,SOLUSDT,bid,145,12805.202
2024-08-14 10:37:23,SOLUSDT,bid,145,12823.527
2024-08-14 10:37:23,SOLUSDT,bid,145,12823.184
2024-08-14 10:37:24,SOLUSDT,bid,145,12770.642
2024-08-14 10:37:24,SOLUSDT,bid,145,12829.078
2024-08-14 10:37:24,SOLUSDT,bid,145,12846.272
2024-08-14 10:37:24,SOLUSDT,bid,145,12830.569
2024-08-14 10:37:26,SOLUSDT,bid,145,12770.642
2024-08-14 10:37:26,SOLUSDT,bid,145,12802.686
2024-08-14 10:37:27,SOLUSDT,bid,145,12790.099
2024-08-14 10:37:27,SOLUSDT,bid,145,12803.128
2024-08-14 10:37:27,SOLUSDT,bid,145,12770.642
2024-08-14 10:37:28,SOLUSDT,bid,145,12797.775
2024-08-14 10:37:28,SOLUSDT,bid,140,31463.591
2024-08-14 10:37:28,SOLUSDT,bid,145,12797.775
2024-08-14 10:37:28,SOLUSDT,bid,145,12857.972
2024-08-14 10:37:28,SOLUSDT,bid,115,24500.069
2024-08-14 10:37:29,SOLUSDT,bid,145,12908.677
2024-08-14 10:37:29,SOLUSDT,bid,145,12840.559
2024-08-14 10:37:29,SOLUSDT,bid,145,12833.559
2024-08-14 10:37:29,SOLUSDT,bid,145,12860.698
2024-08-14 10:37:29,SOLUSDT,bid,145,12860.578
2024-08-14 10:37:30,SOLUSDT,bid,145,12860.235
2024-08-14 10:37:35,SOLUSDT,bid,145,12867.235
2024-08-14 10:37:35,SOLUSDT,bid,145,12931.353
2024-08-14 10:37:37,SOLUSDT,bid,145,12863.235
2024-08-14 10:37:38,SOLUSDT,bid,145,12932.008
2024-08-14 10:37:40,SOLUSDT,bid,130,12468.566
2024-08-14 10:37:42,SOLUSDT,bid,145,12937.455
2024-08-14 10:37:42,SOLUSDT,bid,145,12969.841
2024-08-14 10:37:42,SOLUSDT,bid,145,12901.068
2024-08-14 10:37:45,SOLUSDT,bid,145,12875.31
2024-08-14 10:37:45,SOLUSDT,bid,145,12838.543
2024-08-14 10:37:45,SOLUSDT,bid,145,12833.096
2024-08-14 10:37:45,SOLUSDT,bid,145,12842.724
2024-08-14 10:37:46,SOLUSDT,bid,145,12833.096
2024-08-14 10:37:46,SOLUSDT,bid,145,12842.724
2024-08-14 10:37:46,SOLUSDT,bid,145,12894.284
2024-08-14 10:37:46,SOLUSDT,bid,145,12908.03
2024-08-14 10:37:47,SOLUSDT,bid,145,12908.03
2024-08-14 10:37:47,SOLUSDT,bid,145,12894.284
2024-08-14 10:37:47,SOLUSDT,bid,145,12894.284
2024-08-14 10:37:47,SOLUSDT,bid,145,12884.656
2024-08-14 10:37:47,SOLUSDT,bid,145,12960.432
2024-08-14 10:37:47,SOLUSDT,bid,145,12980.492
2024-08-14 10:37:47,SOLUSDT,bid,145,12976.492
2024-08-14 10:37:48,SOLUSDT,bid,145,12973.492
2024-08-14 10:37:48,SOLUSDT,bid,145,12914.344
2024-08-14 10:37:48,SOLUSDT,bid,145,12922.562
2024-08-14 10:37:50,SOLUSDT,bid,145,12922.562
2024-08-14 10:37:50,SOLUSDT,ask,200,44899.357
2024-08-14 10:37:50,SOLUSDT,bid,120,21299.772
2024-08-14 10:37:50,SOLUSDT,ask,158,20362.931
2024-08-14 10:37:50,SOLUSDT,ask,160,25418.917
2024-08-14 10:37:50,SOLUSDT,bid,145,12915.78
2024-08-14 10:37:53,SOLUSDT,bid,145,12906.152
2024-08-14 10:37:53,SOLUSDT,bid,145,12940.538
2024-08-14 10:37:54,SOLUSDT,bid,145,12932.32
2024-08-14 10:37:55,SOLUSDT,bid,145,12941.948
2024-08-14 10:37:57,SOLUSDT,bid,145,12932.32
2024-08-14 10:37:57,SOLUSDT,bid,145,12940.507
2024-08-14 10:37:58,SOLUSDT,bid,145,12906.121
2024-08-14 10:38:01,SOLUSDT,bid,145,12910.076
2024-08-14 10:38:02,SOLUSDT,bid,145,12834.738
2024-08-14 10:38:03,SOLUSDT,bid,145,12817.544
2024-08-14 10:38:03,SOLUSDT,bid,145,12862.235
2024-08-14 10:38:03,SOLUSDT,bid,145,12896.622
2024-08-14 10:38:04,SOLUSDT,bid,145,12850.721
2024-08-14 10:38:04,SOLUSDT,bid,145,12857.95
2024-08-14 10:38:04,SOLUSDT,bid,145,12885.457
2024-08-14 10:38:04,SOLUSDT,bid,145,12885.457
2024-08-14 10:38:05,SOLUSDT,bid,145,12895.085
2024-08-14 10:38:05,SOLUSDT,bid,145,12851.071
2024-08-14 10:38:05,SOLUSDT,bid,145,12914.611
2024-08-14 10:38:05,SOLUSDT,bid,145,12924.24
2024-08-14 10:38:06,SOLUSDT,bid,145,12914.611
2024-08-14 10:38:06,SOLUSDT,bid,145,12924.239
2024-08-14 10:38:06,SOLUSDT,bid,145,12924.24
2024-08-14 10:38:06,SOLUSDT,bid,145,12914.611
2024-08-14 10:38:08,SOLUSDT,bid,145,12924.239
2024-08-14 10:38:08,SOLUSDT,bid,145,12914.611
2024-08-14 10:38:08,SOLUSDT,bid,145,12924.24
2024-08-14 10:38:09,SOLUSDT,bid,145,12914.611
2024-08-14 10:38:09,SOLUSDT,bid,135,26191.062
2024-08-14 10:38:13,SOLUSDT,bid,145,12922.759
2024-08-14 10:38:14,SOLUSDT,bid,145,12966.773
2024-08-14 10:38:15,SOLUSDT,bid,145,12928.206
2024-08-14 10:38:15,SOLUSDT,ask,155,10132.997
2024-08-14 10:38:20,SOLUSDT,bid,145,12951.553
2024-08-14 10:38:20,SOLUSDT,bid,145,12995.569
2024-08-14 10:38:20,SOLUSDT,bid,145,12980.494
2024-08-14 10:38:21,SOLUSDT,bid,145,12972.346
2024-08-14 10:38:24,SOLUSDT,bid,145,12937.958
2024-08-14 10:38:24,SOLUSDT,bid,145,13020.345
2024-08-14 10:38:24,SOLUSDT,bid,145,12956.805
2024-08-14 10:38:25,SOLUSDT,bid,145,12882.582
2024-08-14 10:38:25,SOLUSDT,bid,145,12892.21
2024-08-14 10:38:25,SOLUSDT,bid,145,12939.589
2024-08-14 10:38:25,SOLUSDT,bid,145,12951.852
2024-08-14 10:38:26,SOLUSDT,bid,145,12900.292
2024-08-14 10:38:26,SOLUSDT,bid,145,12888.029
2024-08-14 10:38:27,SOLUSDT,bid,145,12884.539
2024-08-14 10:38:27,SOLUSDT,bid,145,12884.935
