2024-08-17 07:00:03,SOLUSDT,bid,111,16624.601
2024-08-17 07:00:08,SOLUSDT,bid,100,37736.778
2024-08-17 07:00:08,SOLUSDT,ask,200,44768.722
2024-08-17 07:00:14,SOLUSDT,bid,90,21997.386
2024-08-17 07:00:18,SOLUSDT,bid,125,20712.848
2024-08-17 07:00:19,SOLUSDT,bid,135,26669.15
2024-08-17 07:00:22,SOLUSDT,bid,136,8411.51
2024-08-17 07:00:23,SOLUSDT,bid,111,16624.601
2024-08-17 07:00:23,SOLUSDT,bid,120,25802.608
2024-08-17 07:00:30,SOLUSDT,ask,165,15343.12
2024-08-17 07:00:30,SOLUSDT,bid,115,22643.252
2024-08-17 07:00:35,SOLUSDT,bid,110,29418.498
2024-08-17 07:00:40,SOLUSDT,bid,105,9770.447
2024-08-17 07:00:47,SOLUSDT,ask,151,7009.104
2024-08-17 07:01:12,SOLUSDT,bid,132,9175.556
2024-08-17 07:01:16,SOLUSDT,bid,120,25802.341
2024-08-17 07:01:25,SOLUSDT,bid,136,8411.574
2024-08-17 07:01:26,SOLUSDT,ask,200,44768.672
2024-08-17 07:01:30,SOLUSDT,bid,115,22639.887
2024-08-17 07:01:36,SOLUSDT,bid,100,37738.191
2024-08-17 07:01:39,SOLUSDT,ask,200,44769.675
2024-08-17 07:01:47,SOLUSDT,bid,90,21989.386
2024-08-17 07:01:47,SOLUSDT,bid,110,29418.498
2024-08-17 07:01:48,SOLUSDT,bid,105,9765.447
2024-08-17 07:01:50,SOLUSDT,bid,120,25799.841
2024-08-17 07:02:07,SOLUSDT,bid,110,29418.598
2024-08-17 07:02:07,SOLUSDT,bid,110,29418.498
2024-08-17 07:02:09,SOLUSDT,ask,200,44768.672
2024-08-17 07:02:18,SOLUSDT,bid,130,18151.292
2024-08-17 07:02:22,SOLUSDT,ask,150,12369.996
2024-08-17 07:02:23,SOLUSDT,bid,110,29422.498
2024-08-17 07:02:27,SOLUSDT,bid,131,13863.35
2024-08-17 07:02:27,SOLUSDT,bid,110,29422.498
2024-08-17 07:02:33,SOLUSDT,bid,130,18148.29
2024-08-17 07:02:36,SOLUSDT,ask,160,25431.522
2024-08-17 07:02:37,SOLUSDT,bid,80,29754.471
2024-08-17 07:02:41,SOLUSDT,bid,130,18145.29
2024-08-17 07:02:47,SOLUSDT,bid,90,21994.314
2024-08-17 07:02:48,SOLUSDT,ask,150,12370.032
2024-08-17 07:02:53,SOLUSDT,bid,136,8411.535
2024-08-17 07:02:53,SOLUSDT,bid,135,26669.111
2024-08-17 07:02:53,SOLUSDT,bid,132,9175.517
2024-08-17 07:02:53,SOLUSDT,bid,131,13863.311
2024-08-17 07:02:53,SOLUSDT,bid,130,18145.251
2024-08-17 07:03:11,SOLUSDT,bid,120,25800.471
2024-08-17 07:03:15,SOLUSDT,bid,90,21989.386
2024-08-17 07:03:24,SOLUSDT,bid,136,8415.211
2024-08-17 07:03:39,SOLUSDT,ask,147,7702.717
2024-08-17 07:03:39,SOLUSDT,bid,136,8415.416
2024-08-17 07:03:42,SOLUSDT,bid,130,18141.445
2024-08-17 07:03:53,SOLUSDT,bid,111,16624.601
2024-08-17 07:03:58,SOLUSDT,ask,152,10975.786
2024-08-17 07:04:07,SOLUSDT,bid,125,20731.02
2024-08-17 07:04:11,SOLUSDT,bid,135,26668.661
2024-08-17 07:04:12,SOLUSDT,bid,111,16624.601
2024-08-17 07:04:15,SOLUSDT,bid,130,18152.973
2024-08-17 07:04:32,SOLUSDT,bid,111,16624.701
2024-08-17 07:04:32,SOLUSDT,bid,111,16624.601
2024-08-17 07:05:05,SOLUSDT,bid,135,26674.786
2024-08-17 07:05:09,SOLUSDT,bid,130,18155.373
2024-08-17 07:05:09,SOLUSDT,bid,110,29420.098
2024-08-17 07:05:11,SOLUSDT,bid,125,20731.142
2024-08-17 07:05:48,SOLUSDT,ask,147,7701.33
2024-08-17 07:05:58,SOLUSDT,bid,111,16624.601
2024-08-17 07:05:58,SOLUSDT,bid,136,8416.884
2024-08-17 07:06:11,SOLUSDT,bid,136,8422.031
2024-08-17 07:06:17,SOLUSDT,bid,111,16624.601
2024-08-17 07:06:19,SOLUSDT,bid,120,25800.893
2024-08-17 07:06:21,SOLUSDT,bid,135,26667.896
2024-08-17 07:06:23,SOLUSDT,bid,136,8416.884
2024-08-17 07:06:30,SOLUSDT,ask,145,10697.314
2024-08-17 07:06:30,SOLUSDT,bid,120,25796.271
2024-08-17 07:06:37,SOLUSDT,bid,111,16624.601
2024-08-17 07:06:40,SOLUSDT,bid,130,18151.106
2024-08-17 07:06:54,SOLUSDT,bid,135,26668.004
2024-08-17 07:06:56,SOLUSDT,ask,145,10697.472
2024-08-17 07:07:01,SOLUSDT,bid,136,8427.884
2024-08-17 07:07:03,SOLUSDT,bid,135,26663.004
2024-08-17 07:07:14,SOLUSDT,bid,131,13852.136
2024-08-17 07:07:14,SOLUSDT,bid,136,8431.962
2024-08-17 07:07:22,SOLUSDT,bid,135,26664.004
2024-08-17 07:07:26,SOLUSDT,ask,147,7701.488
2024-08-17 07:07:37,SOLUSDT,bid,130,18152.106
2024-08-17 07:07:54,SOLUSDT,bid,136,8432.365
2024-08-17 07:07:55,SOLUSDT,bid,135,26663.504
2024-08-17 07:08:03,SOLUSDT,bid,110,29420.098
2024-08-17 07:08:05,SOLUSDT,bid,132,9175.891
2024-08-17 07:08:06,SOLUSDT,bid,112,9863.474
2024-08-17 07:08:20,SOLUSDT,bid,130,18152.51
2024-08-17 07:08:23,SOLUSDT,bid,110,29420.098
2024-08-17 07:08:28,SOLUSDT,bid,131,13852.636
2024-08-17 07:08:34,SOLUSDT,bid,130,18194.928
2024-08-17 07:08:35,SOLUSDT,bid,110,29418.825
2024-08-17 07:08:43,SOLUSDT,bid,110,29418.825
2024-08-17 07:08:44,SOLUSDT,bid,135,26665.033
2024-08-17 07:08:45,SOLUSDT,ask,165,15365.939
2024-08-17 07:08:55,SOLUSDT,ask,200,44768.536
2024-08-17 07:08:58,SOLUSDT,bid,136,8430.897
2024-08-17 07:09:08,SOLUSDT,bid,135,26666.369
2024-08-17 07:09:42,SOLUSDT,bid,136,8431.381
2024-08-17 07:10:07,SOLUSDT,bid,110,29418.825
2024-08-17 07:10:24,SOLUSDT,bid,130,18195.45
2024-08-17 07:10:25,SOLUSDT,bid,120,25796.001
2024-08-17 07:10:27,SOLUSDT,bid,110,29418.825
2024-08-17 07:10:34,SOLUSDT,ask,150,12369.819
2024-08-17 07:10:45,SOLUSDT,bid,135,26666.739
2024-08-17 07:10:46,SOLUSDT,bid,135,26665.739
2024-08-17 07:10:47,SOLUSDT,bid,110,29418.825
2024-08-17 07:10:47,SOLUSDT,bid,132,9174.891
2024-08-17 07:10:51,SOLUSDT,ask,150,12369.734
2024-08-17 07:11:00,SOLUSDT,bid,136,8443.211
2024-08-17 07:11:12,SOLUSDT,bid,135,26665.979
2024-08-17 07:11:25,SOLUSDT,bid,130,18188.488
2024-08-17 07:11:29,SOLUSDT,bid,120,25796.75
2024-08-17 07:11:46,SOLUSDT,bid,135,26665.086
2024-08-17 07:11:47,SOLUSDT,bid,115,22659.887
2024-08-17 07:11:51,SOLUSDT,ask,152,10977.204
2024-08-17 07:12:11,SOLUSDT,bid,110,29418.825
2024-08-17 07:12:15,SOLUSDT,ask,160,25391.562
2024-08-17 07:12:31,SOLUSDT,bid,110,29418.825
2024-08-17 07:12:34,SOLUSDT,bid,120,25796.916
2024-08-17 07:12:38,SOLUSDT,bid,135,26670.345
2024-08-17 07:12:39,SOLUSDT,ask,145,10690.907
2024-08-17 07:12:46,SOLUSDT,bid,101,10458.514
2024-08-17 07:12:51,SOLUSDT,bid,110,29418.825
2024-08-17 07:13:05,SOLUSDT,bid,135,26678.345
2024-08-17 07:13:38,SOLUSDT,bid,130,18203.488
2024-08-17 07:13:50,SOLUSDT,bid,125,20751.142
2024-08-17 07:14:01,SOLUSDT,ask,151,6908.964
2024-08-17 07:14:08,SOLUSDT,bid,130,18202.535
2024-08-17 07:14:10,SOLUSDT,bid,135,26680.389
2024-08-17 07:14:18,SOLUSDT,bid,110,29418.825
2024-08-17 07:14:34,SOLUSDT,bid,115,22684.887
2024-08-17 07:14:35,SOLUSDT,ask,155,9571.422
2024-08-17 07:14:38,SOLUSDT,bid,110,29418.825
2024-08-17 07:14:39,SOLUSDT,bid,136,8443.248
2024-08-17 07:14:46,SOLUSDT,ask,145,10691.931
2024-08-17 07:14:53,SOLUSDT,ask,180,22347.384
2024-08-17 07:14:53,SOLUSDT,ask,190,24133.799
2024-08-17 07:14:53,SOLUSDT,ask,200,44767.536
2024-08-17 07:14:53,SOLUSDT,ask,210,25731.806
2024-08-17 07:14:53,SOLUSDT,ask,220,12892.87
2024-08-17 07:14:53,SOLUSDT,ask,230,7494.486
2024-08-17 07:14:53,SOLUSDT,ask,240,5936.323
2024-08-17 07:14:53,SOLUSDT,ask,250,18211.595
2024-08-17 07:14:53,SOLUSDT,ask,260,7245.14
2024-08-17 07:14:55,SOLUSDT,bid,111,16633.601
2024-08-17 07:14:58,SOLUSDT,bid,110,29418.825
2024-08-17 07:15:41,SOLUSDT,bid,135,26678.345
2024-08-17 07:16:18,SOLUSDT,bid,125,20747.476
2024-08-17 07:16:18,SOLUSDT,bid,120,25796.963
2024-08-17 07:16:18,SOLUSDT,bid,110,29418.776
2024-08-17 07:16:23,SOLUSDT,bid,110,29418.776
2024-08-17 07:16:43,SOLUSDT,ask,156,20124.222
2024-08-17 07:16:44,SOLUSDT,bid,110,29418.776
2024-08-17 07:16:44,SOLUSDT,bid,131,13851.74
2024-08-17 07:16:45,SOLUSDT,bid,130,18206.06
2024-08-17 07:16:47,SOLUSDT,ask,160,25391.666
2024-08-17 07:17:00,SOLUSDT,bid,132,9175.78
2024-08-17 07:17:01,SOLUSDT,ask,145,10691.985
2024-08-17 07:17:03,SOLUSDT,bid,110,29418.776
2024-08-17 07:17:11,SOLUSDT,bid,136,8466.805
2024-08-17 07:17:26,SOLUSDT,bid,120,25796.88
2024-08-17 07:17:26,SOLUSDT,bid,136,8443.248
2024-08-17 07:17:34,SOLUSDT,bid,135,26680.745
2024-08-17 07:17:34,SOLUSDT,bid,130,18203.66
2024-08-17 07:17:54,SOLUSDT,bid,136,8464.293
2024-08-17 07:17:55,SOLUSDT,ask,160,25393.821
2024-08-17 07:18:00,SOLUSDT,bid,136,8462.088
2024-08-17 07:18:04,SOLUSDT,ask,155,9577.947
2024-08-17 07:18:08,SOLUSDT,bid,130,18202.66
2024-08-17 07:18:14,SOLUSDT,ask,150,12369.775
2024-08-17 07:18:15,SOLUSDT,bid,135,26682.796
2024-08-17 07:18:15,SOLUSDT,ask,205,10778.502
2024-08-17 07:18:16,SOLUSDT,bid,136,8459.206
2024-08-17 07:18:16,SOLUSDT,ask,180,22344.935
2024-08-17 07:18:20,SOLUSDT,bid,125,20748.476
2024-08-17 07:18:27,SOLUSDT,bid,110,29418.776
2024-08-17 07:18:45,SOLUSDT,ask,150,12368.963
2024-08-17 07:18:47,SOLUSDT,bid,110,29418.776
2024-08-17 07:18:50,SOLUSDT,bid,130,18204.66
2024-08-17 07:19:00,SOLUSDT,ask,200,44766.329
2024-08-17 07:19:03,SOLUSDT,bid,135,26682.887
2024-08-17 07:19:03,SOLUSDT,ask,150,12354.753
2024-08-17 07:19:03,SOLUSDT,ask,160,25286.913
2024-08-17 07:19:03,SOLUSDT,ask,180,22323.43
2024-08-17 07:19:03,SOLUSDT,ask,190,24118.774
2024-08-17 07:19:03,SOLUSDT,ask,160,25286.845
2024-08-17 07:19:05,SOLUSDT,bid,120,25789.998
2024-08-17 07:19:07,SOLUSDT,bid,110,29418.776
2024-08-17 07:19:13,SOLUSDT,bid,125,20742.19
2024-08-17 07:19:13,SOLUSDT,bid,110,29095.104
2024-08-17 07:19:25,SOLUSDT,bid,136,8458.706
2024-08-17 07:19:35,SOLUSDT,bid,136,8464.631
2024-08-17 07:19:51,SOLUSDT,bid,135,26683.918
2024-08-17 07:20:02,SOLUSDT,ask,145,10693.089
2024-08-17 07:20:05,SOLUSDT,bid,136,8463.161
2024-08-17 07:20:08,SOLUSDT,ask,205,10779.167
2024-08-17 07:20:11,SOLUSDT,ask,185,16694.063
2024-08-17 07:20:13,SOLUSDT,ask,205,10778.502
2024-08-17 07:20:13,SOLUSDT,bid,115,22688.903
2024-08-17 07:20:21,SOLUSDT,bid,136,8464.161
2024-08-17 07:20:27,SOLUSDT,bid,136,8464.307
2024-08-17 07:20:33,SOLUSDT,bid,110,29095.104
2024-08-17 07:20:42,SOLUSDT,bid,136,8453.307
2024-08-17 07:20:52,SOLUSDT,bid,110,29095.104
2024-08-17 07:20:53,SOLUSDT,bid,136,8454.307
2024-08-17 07:21:08,SOLUSDT,bid,130,18206.819
2024-08-17 07:21:13,SOLUSDT,bid,110,29095.104
2024-08-17 07:21:13,SOLUSDT,bid,132,9160.629
2024-08-17 07:21:24,SOLUSDT,bid,135,26685.918
2024-08-17 07:21:32,SOLUSDT,bid,135,26686.288
2024-08-17 07:21:35,SOLUSDT,bid,120,25790.484
2024-08-17 07:21:43,SOLUSDT,ask,150,12354.821
2024-08-17 07:21:46,SOLUSDT,bid,130,18206.891
2024-08-17 07:21:48,SOLUSDT,bid,136,8442.477
2024-08-17 07:21:57,SOLUSDT,bid,135,26698.363
2024-08-17 07:22:00,SOLUSDT,bid,130,18207.562
2024-08-17 07:22:06,SOLUSDT,bid,136,8441.007
2024-08-17 07:22:06,SOLUSDT,bid,135,26699.363
2024-08-17 07:22:09,SOLUSDT,ask,160,25303.979
2024-08-17 07:22:10,SOLUSDT,bid,136,8440.861
2024-08-17 07:22:14,SOLUSDT,ask,150,12311.801
2024-08-17 07:22:25,SOLUSDT,bid,130,18237.331
2024-08-17 07:22:26,SOLUSDT,bid,136,8442.261
2024-08-17 07:22:32,SOLUSDT,bid,135,26728.465
2024-08-17 07:22:37,SOLUSDT,bid,110,29095.104
2024-08-17 07:22:37,SOLUSDT,ask,180,22323.399
2024-08-17 07:22:39,SOLUSDT,bid,136,8442.338
2024-08-17 07:22:43,SOLUSDT,bid,136,8440.938
2024-08-17 07:22:45,SOLUSDT,bid,130,18260.407
2024-08-17 07:22:47,SOLUSDT,bid,130,18254.364
2024-08-17 07:22:54,SOLUSDT,bid,135,26746.983
2024-08-17 07:22:56,SOLUSDT,bid,110,29096.835
2024-08-17 07:22:57,SOLUSDT,bid,110,29096.935
2024-08-17 07:22:57,SOLUSDT,bid,110,29096.835
2024-08-17 07:22:57,SOLUSDT,bid,95,10875.774
2024-08-17 07:23:13,SOLUSDT,bid,130,18253.78
2024-08-17 07:23:17,SOLUSDT,bid,110,29096.935
2024-08-17 07:23:17,SOLUSDT,bid,110,29096.835
2024-08-17 07:23:18,SOLUSDT,bid,111,16633.09
2024-08-17 07:23:27,SOLUSDT,bid,125,20740.19
2024-08-17 07:23:27,SOLUSDT,bid,120,25788.484
2024-08-17 07:23:27,SOLUSDT,bid,115,22686.903
2024-08-17 07:23:27,SOLUSDT,bid,110,29094.835
2024-08-17 07:23:27,SOLUSDT,bid,105,9763.447
2024-08-17 07:23:35,SOLUSDT,ask,145,10692.948
2024-08-17 07:23:36,SOLUSDT,ask,145,10685.6
2024-08-17 07:23:37,SOLUSDT,ask,161,15375.172
2024-08-17 07:23:48,SOLUSDT,bid,136,8441.224
2024-08-17 07:23:55,SOLUSDT,bid,130,18253.431
2024-08-17 07:24:07,SOLUSDT,ask,145,10668.95
2024-08-17 07:24:13,SOLUSDT,bid,135,26739.576
2024-08-17 07:24:24,SOLUSDT,ask,190,24118.326
2024-08-17 07:24:34,SOLUSDT,ask,185,16693.942
2024-08-17 07:24:38,SOLUSDT,ask,175,14449.229
2024-08-17 07:24:43,SOLUSDT,bid,110,29094.835
2024-08-17 07:24:50,SOLUSDT,ask,165,15364.939
2024-08-17 07:24:59,SOLUSDT,bid,131,13856.74
2024-08-17 07:25:03,SOLUSDT,bid,110,29094.835
2024-08-17 07:25:07,SOLUSDT,bid,110,29099.835
2024-08-17 07:25:23,SOLUSDT,bid,110,29099.835
2024-08-17 07:25:26,SOLUSDT,bid,135,26939.576
2024-08-17 07:25:34,SOLUSDT,bid,135,26739.576
2024-08-17 07:25:41,SOLUSDT,bid,135,26839.576
2024-08-17 07:25:42,SOLUSDT,bid,136,8440.224
2024-08-17 07:25:45,SOLUSDT,bid,120,25788.195
2024-08-17 07:25:46,SOLUSDT,bid,130,18250.191
2024-08-17 07:25:46,SOLUSDT,bid,110,29099.58
2024-08-17 07:25:58,SOLUSDT,bid,110,29099.797
2024-08-17 07:26:05,SOLUSDT,bid,125,20840.19
2024-08-17 07:26:14,SOLUSDT,ask,150,12311.668
2024-08-17 07:26:14,SOLUSDT,bid,130,18249.957
2024-08-17 07:26:15,SOLUSDT,ask,160,25305.745
2024-08-17 07:26:24,SOLUSDT,ask,160,25312.949
2024-08-17 07:26:26,SOLUSDT,bid,136,8440.764
2024-08-17 07:26:28,SOLUSDT,bid,115,22683.116
2024-08-17 07:26:42,SOLUSDT,ask,145,10662.17
2024-08-17 07:26:47,SOLUSDT,bid,110,29099.797
2024-08-17 07:26:56,SOLUSDT,bid,125,20842.957
2024-08-17 07:27:01,SOLUSDT,bid,135,26824.762
2024-08-17 07:27:02,SOLUSDT,bid,135,26823.262
2024-08-17 07:27:07,SOLUSDT,bid,110,29099.797
2024-08-17 07:27:12,SOLUSDT,ask,145,10657.601
2024-08-17 07:27:15,SOLUSDT,ask,145,10602.96
2024-08-17 07:27:16,SOLUSDT,bid,131,13857.503
2024-08-17 07:27:25,SOLUSDT,bid,131,13903.304
2024-08-17 07:27:27,SOLUSDT,bid,110,29099.797
2024-08-17 07:27:31,SOLUSDT,ask,300,9148.273
2024-08-17 07:27:40,SOLUSDT,ask,145,10607.529
2024-08-17 07:27:42,SOLUSDT,bid,130,18219.407
2024-08-17 07:27:56,SOLUSDT,bid,136,8470.967
2024-08-17 07:27:59,SOLUSDT,bid,125,20844.575
2024-08-17 07:28:04,SOLUSDT,bid,120,25788.453
2024-08-17 07:28:11,SOLUSDT,bid,130,18220.044
2024-08-17 07:28:12,SOLUSDT,bid,130,18222.22
2024-08-17 07:28:21,SOLUSDT,bid,130,18221.572
2024-08-17 07:28:43,SOLUSDT,bid,135,26822.225
2024-08-17 07:28:52,SOLUSDT,bid,110,29099.797
2024-08-17 07:29:04,SOLUSDT,bid,136,8468.364
2024-08-17 07:29:09,SOLUSDT,bid,130,18219.396
2024-08-17 07:29:12,SOLUSDT,bid,136,8478.364
2024-08-17 07:29:12,SOLUSDT,bid,110,29099.797
2024-08-17 07:29:13,SOLUSDT,bid,136,8470.096
2024-08-17 07:29:20,SOLUSDT,bid,135,26822.314
2024-08-17 07:29:31,SOLUSDT,ask,145,10629.662
2024-08-17 07:29:32,SOLUSDT,bid,110,29099.797
2024-08-17 07:29:36,SOLUSDT,bid,115,22685.116
2024-08-17 07:29:38,SOLUSDT,bid,136,8459.411
2024-08-17 07:29:52,SOLUSDT,bid,135,26743.052
2024-08-17 07:30:00,SOLUSDT,bid,115,22683.116
2024-08-17 07:30:00,SOLUSDT,ask,152,10958.995
2024-08-17 07:30:10,SOLUSDT,bid,130,18219.582
2024-08-17 07:30:16,SOLUSDT,bid,136,8449.411
2024-08-17 07:30:20,SOLUSDT,ask,145,10619.662
2024-08-17 07:30:21,SOLUSDT,bid,136,8457.345
2024-08-17 07:30:31,SOLUSDT,bid,135,26737.174
2024-08-17 07:30:42,SOLUSDT,bid,136,8457.281
2024-08-17 07:30:43,SOLUSDT,bid,131,14422.466
2024-08-17 07:30:46,SOLUSDT,bid,111,16634.09
2024-08-17 07:30:57,SOLUSDT,bid,110,29099.797
2024-08-17 07:31:07,SOLUSDT,bid,110,29100.797
2024-08-17 07:31:15,SOLUSDT,bid,135,26747.174
2024-08-17 07:31:18,SOLUSDT,bid,110,29100.797
2024-08-17 07:31:33,SOLUSDT,bid,135,26740.508
2024-08-17 07:31:36,SOLUSDT,bid,136,8459.281
2024-08-17 07:31:38,SOLUSDT,bid,110,29100.797
2024-08-17 07:31:54,SOLUSDT,bid,110,29099.797
2024-08-17 07:31:55,SOLUSDT,bid,111,16633.09
2024-08-17 07:31:58,SOLUSDT,ask,150,12341.668
2024-08-17 07:32:07,SOLUSDT,bid,131,14423.716
2024-08-17 07:32:17,SOLUSDT,bid,135,26736.805
2024-08-17 07:32:19,SOLUSDT,bid,120,25788.37
2024-08-17 07:32:22,SOLUSDT,bid,136,8458.281
2024-08-17 07:32:23,SOLUSDT,ask,152,11228.995
2024-08-17 07:32:29,SOLUSDT,ask,193,7994.371
2024-08-17 07:32:34,SOLUSDT,bid,135,26738.642
2024-08-17 07:32:40,SOLUSDT,bid,110,29099.58
2024-08-17 07:32:41,SOLUSDT,ask,145,10624.662
2024-08-17 07:32:42,SOLUSDT,bid,120,25788.46
2024-08-17 07:32:45,SOLUSDT,ask,151,6906.964
2024-08-17 07:32:52,SOLUSDT,bid,90,21959.386
2024-08-17 07:32:52,SOLUSDT,bid,80,29704.471
2024-08-17 07:32:58,SOLUSDT,ask,145,10623.364
2024-08-17 07:33:00,SOLUSDT,bid,125,20838.575
2024-08-17 07:33:01,SOLUSDT,bid,135,26742.345
2024-08-17 07:33:03,SOLUSDT,bid,110,29099.58
2024-08-17 07:33:09,SOLUSDT,bid,130,18219.661
2024-08-17 07:33:11,SOLUSDT,bid,135,26754.782
2024-08-17 07:33:13,SOLUSDT,ask,155,9576.947
2024-08-17 07:33:14,SOLUSDT,bid,130,18236.263
2024-08-17 07:33:23,SOLUSDT,bid,110,29099.58
2024-08-17 07:33:23,SOLUSDT,bid,136,8459.281
2024-08-17 07:33:29,SOLUSDT,ask,152,10958.995
2024-08-17 07:33:34,SOLUSDT,bid,110,29101.623
2024-08-17 07:33:43,SOLUSDT,bid,110,29101.723
2024-08-17 07:33:43,SOLUSDT,bid,110,29101.623
2024-08-17 07:33:53,SOLUSDT,ask,200,44454.04
2024-08-17 07:33:56,SOLUSDT,bid,135,26757.744
2024-08-17 07:33:57,SOLUSDT,ask,145,10622.361
2024-08-17 07:34:08,SOLUSDT,bid,131,14424.086
2024-08-17 07:34:12,SOLUSDT,bid,136,8458.247
2024-08-17 07:34:30,SOLUSDT,bid,135,26759.003
2024-08-17 07:34:31,SOLUSDT,bid,132,9161.671
2024-08-17 07:34:31,SOLUSDT,bid,136,8460.247
2024-08-17 07:34:37,SOLUSDT,ask,150,12338.671
2024-08-17 07:34:38,SOLUSDT,bid,131,14424.315
2024-08-17 07:34:46,SOLUSDT,bid,135,26746.928
2024-08-17 07:34:53,SOLUSDT,bid,111,16633.36
2024-08-17 07:34:55,SOLUSDT,bid,135,26744.928
2024-08-17 07:35:05,SOLUSDT,bid,136,8466.24
2024-08-17 07:35:07,SOLUSDT,bid,135,26745.668
2024-08-17 07:35:07,SOLUSDT,bid,110,29101.623
2024-08-17 07:35:09,SOLUSDT,bid,136,8466.857
2024-08-17 07:35:10,SOLUSDT,bid,110,28992.421
2024-08-17 07:35:13,SOLUSDT,bid,131,14419.315
2024-08-17 07:35:17,SOLUSDT,bid,135,26751.706
2024-08-17 07:35:20,SOLUSDT,bid,130,18237.263
2024-08-17 07:35:23,SOLUSDT,bid,130,18239.186
2024-08-17 07:35:27,SOLUSDT,bid,110,28992.421
2024-08-17 07:35:30,SOLUSDT,bid,135,26749.706
2024-08-17 07:35:34,SOLUSDT,bid,120,25790.543
2024-08-17 07:35:44,SOLUSDT,bid,135,26754.706
2024-08-17 07:35:45,SOLUSDT,bid,110,28994.693
2024-08-17 07:35:45,SOLUSDT,bid,115,22625.109
2024-08-17 07:35:47,SOLUSDT,bid,110,28994.693
2024-08-17 07:35:51,SOLUSDT,bid,100,37740.691
2024-08-17 07:35:52,SOLUSDT,bid,136,8467.182
2024-08-17 07:35:54,SOLUSDT,ask,163,16968.311
2024-08-17 07:35:58,SOLUSDT,bid,90,21962.163
2024-08-17 07:36:13,SOLUSDT,bid,135,26755.039
2024-08-17 07:36:13,SOLUSDT,bid,80,29698.659
2024-08-17 07:36:16,SOLUSDT,bid,135,26756.936
2024-08-17 07:36:26,SOLUSDT,bid,136,8462.285
2024-08-17 07:36:26,SOLUSDT,ask,400,4893.809
2024-08-17 07:36:32,SOLUSDT,bid,80,29701.959
2024-08-17 07:36:39,SOLUSDT,bid,136,8472.285
2024-08-17 07:36:41,SOLUSDT,ask,145,10623.935
2024-08-17 07:36:41,SOLUSDT,bid,110,28992.962
2024-08-17 07:36:45,SOLUSDT,bid,135,26756.122
2024-08-17 07:36:45,SOLUSDT,bid,131,14417.726
2024-08-17 07:36:47,SOLUSDT,bid,135,26741.122
2024-08-17 07:36:50,SOLUSDT,bid,120,25792.13
2024-08-17 07:36:52,SOLUSDT,bid,135,26738.16
2024-08-17 07:36:53,SOLUSDT,bid,130,18237.263
2024-08-17 07:36:58,SOLUSDT,bid,131,14432.726
2024-08-17 07:37:04,SOLUSDT,bid,131,14332.726
2024-08-17 07:37:06,SOLUSDT,bid,136,8474.285
2024-08-17 07:37:06,SOLUSDT,ask,145,10598.042
2024-08-17 07:37:12,SOLUSDT,bid,110,28992.962
2024-08-17 07:37:22,SOLUSDT,ask,175,14442.843
2024-08-17 07:37:32,SOLUSDT,bid,110,28992.962
2024-08-17 07:37:34,SOLUSDT,bid,132,9163.671
2024-08-17 07:37:38,SOLUSDT,bid,130,18239.027
2024-08-17 07:37:38,SOLUSDT,bid,130,18226.843
2024-08-17 07:37:46,SOLUSDT,ask,163,16975.085
2024-08-17 07:37:48,SOLUSDT,bid,135,26736.323
2024-08-17 07:37:50,SOLUSDT,ask,150,12339.291
2024-08-17 07:37:51,SOLUSDT,bid,136,8468.319
2024-08-17 07:37:52,SOLUSDT,bid,110,28992.962
2024-08-17 07:37:58,SOLUSDT,bid,131,14296.757
2024-08-17 07:38:01,SOLUSDT,bid,115,22626.109
2024-08-17 07:38:14,SOLUSDT,bid,136,8469.319
2024-08-17 07:38:15,SOLUSDT,bid,136,8461.967
2024-08-17 07:38:16,SOLUSDT,bid,132,9199.367
2024-08-17 07:38:24,SOLUSDT,ask,180,22327.234
2024-08-17 07:38:27,SOLUSDT,bid,135,26723.886
2024-08-17 07:38:31,SOLUSDT,bid,130,18208.858
2024-08-17 07:38:31,SOLUSDT,bid,110,29020.234
2024-08-17 07:38:32,SOLUSDT,bid,136,8466.004
2024-08-17 07:38:39,SOLUSDT,bid,105,9761.447
2024-08-17 07:38:41,SOLUSDT,bid,112,9862.617
2024-08-17 07:38:47,SOLUSDT,bid,116,9321.547
2024-08-17 07:38:49,SOLUSDT,bid,122,8486.615
2024-08-17 07:38:49,SOLUSDT,ask,145,10599.564
2024-08-17 07:38:58,SOLUSDT,bid,135,26724.774
2024-08-17 07:39:04,SOLUSDT,bid,120,25797.174
2024-08-17 07:39:05,SOLUSDT,bid,135,26719.687
2024-08-17 07:39:05,SOLUSDT,bid,125,20839.575
2024-08-17 07:39:11,SOLUSDT,bid,120,25654.405
2024-08-17 07:39:17,SOLUSDT,bid,110,29020.234
2024-08-17 07:39:21,SOLUSDT,bid,130,18228.03
2024-08-17 07:39:24,SOLUSDT,bid,130,18219.361
2024-08-17 07:39:34,SOLUSDT,bid,136,8504.801
2024-08-17 07:39:37,SOLUSDT,bid,110,29020.234
2024-08-17 07:39:40,SOLUSDT,bid,110,29021.234
2024-08-17 07:39:43,SOLUSDT,ask,145,10590.32
2024-08-17 07:39:44,SOLUSDT,ask,155,9570.422
2024-08-17 07:39:49,SOLUSDT,bid,136,8504.993
2024-08-17 07:39:56,SOLUSDT,ask,155,9576.947
2024-08-17 07:39:57,SOLUSDT,bid,110,29021.234
2024-08-17 07:40:02,SOLUSDT,ask,247,5236.54
2024-08-17 07:40:08,SOLUSDT,bid,135,26719.598
2024-08-17 07:40:09,SOLUSDT,bid,120,25649.361
2024-08-17 07:40:12,SOLUSDT,bid,136,8505.993
2024-08-17 07:40:21,SOLUSDT,bid,130,18189.592
2024-08-17 07:40:25,SOLUSDT,bid,120,25650.361
2024-08-17 07:40:26,SOLUSDT,bid,110,29013.772
2024-08-17 07:40:30,SOLUSDT,bid,136,8501.956
2024-08-17 07:40:31,SOLUSDT,bid,136,8514.302
2024-08-17 07:40:31,SOLUSDT,bid,136,8835.304
2024-08-17 07:40:37,SOLUSDT,bid,135,26733.932
2024-08-17 07:40:40,SOLUSDT,bid,111,16509.215
2024-08-17 07:40:44,SOLUSDT,ask,165,15364.849
2024-08-17 07:40:45,SOLUSDT,bid,135,26719.598
2024-08-17 07:40:47,SOLUSDT,bid,136,8835.804
2024-08-17 07:40:48,SOLUSDT,bid,131,11830.499
2024-08-17 07:40:50,SOLUSDT,bid,130,18204.477
2024-08-17 07:40:51,SOLUSDT,bid,136,8834.499
2024-08-17 07:40:58,SOLUSDT,bid,136,8833.999
2024-08-17 07:41:04,SOLUSDT,bid,136,8832.999
2024-08-17 07:41:09,SOLUSDT,bid,135,26703.284
2024-08-17 07:41:17,SOLUSDT,bid,130,18171.054
2024-08-17 07:41:20,SOLUSDT,bid,118,9369.604
2024-08-17 07:41:24,SOLUSDT,bid,110,29013.772
2024-08-17 07:41:26,SOLUSDT,ask,145,10610.32
2024-08-17 07:41:26,SOLUSDT,bid,136,8832.558
2024-08-17 07:41:28,SOLUSDT,ask,165,15309.649
2024-08-17 07:41:29,SOLUSDT,bid,125,20843.575
2024-08-17 07:41:29,SOLUSDT,bid,130,18163.362
2024-08-17 07:41:38,SOLUSDT,bid,80,29698.659
2024-08-17 07:41:44,SOLUSDT,bid,110,29013.772
2024-08-17 07:41:48,SOLUSDT,bid,136,8832.964
2024-08-17 07:41:48,SOLUSDT,bid,120,25649.44
2024-08-17 07:41:56,SOLUSDT,bid,130,18154.298
2024-08-17 07:42:03,SOLUSDT,ask,150,12338.294
2024-08-17 07:42:03,SOLUSDT,bid,135,26728.284
2024-08-17 07:42:03,SOLUSDT,bid,110,29013.772
2024-08-17 07:42:07,SOLUSDT,bid,130,18137.696
2024-08-17 07:42:14,SOLUSDT,bid,136,8833.074
2024-08-17 07:42:18,SOLUSDT,bid,136,8831.074
2024-08-17 07:42:19,SOLUSDT,bid,120,25646.44
2024-08-17 07:42:21,SOLUSDT,bid,130,18138.696
2024-08-17 07:42:30,SOLUSDT,bid,105,9756.832
2024-08-17 07:42:37,SOLUSDT,ask,155,9556.947
2024-08-17 07:42:38,SOLUSDT,bid,120,25645.756
2024-08-17 07:42:39,SOLUSDT,bid,112,9865.903
2024-08-17 07:42:40,SOLUSDT,bid,120,25660.143
2024-08-17 07:42:41,SOLUSDT,bid,130,18136.206
2024-08-17 07:42:44,SOLUSDT,ask,190,29015.747
2024-08-17 07:42:45,SOLUSDT,bid,80,29710.779
2024-08-17 07:42:56,SOLUSDT,bid,132,9194.367
2024-08-17 07:43:13,SOLUSDT,bid,125,20825.403
2024-08-17 07:43:13,SOLUSDT,ask,170,12338.259
2024-08-17 07:43:15,SOLUSDT,bid,136,8830.835
2024-08-17 07:43:27,SOLUSDT,bid,110,29013.772
2024-08-17 07:43:41,SOLUSDT,bid,115,22623.109
2024-08-17 07:43:47,SOLUSDT,bid,110,29013.772
2024-08-17 07:43:52,SOLUSDT,bid,136,8829.835
2024-08-17 07:43:58,SOLUSDT,bid,136,8846.537
2024-08-17 07:44:02,SOLUSDT,bid,136,8847.639
2024-08-17 07:44:08,SOLUSDT,bid,110,29013.772
2024-08-17 07:44:16,SOLUSDT,bid,136,8830.937
2024-08-17 07:44:19,SOLUSDT,ask,156,20123.71
2024-08-17 07:44:26,SOLUSDT,bid,130,18136.04
2024-08-17 07:44:28,SOLUSDT,bid,136,8835.544
2024-08-17 07:44:35,SOLUSDT,ask,251,5218.195
2024-08-17 07:44:38,SOLUSDT,bid,130,18137.578
2024-08-17 07:44:41,SOLUSDT,bid,135,26728.443
2024-08-17 07:44:43,SOLUSDT,ask,251,5224.193
2024-08-17 07:45:08,SOLUSDT,ask,188,10477.31
2024-08-17 07:45:15,SOLUSDT,bid,120,25802.912
2024-08-17 07:45:32,SOLUSDT,bid,136,8835.765
2024-08-17 07:45:32,SOLUSDT,bid,110,29013.772
2024-08-17 07:45:48,SOLUSDT,bid,135,26729.501
2024-08-17 07:45:53,SOLUSDT,bid,110,29013.772
2024-08-17 07:46:01,SOLUSDT,bid,110,29008.772
2024-08-17 07:46:07,SOLUSDT,ask,150,12339.301
2024-08-17 07:46:10,SOLUSDT,bid,110,29018.772
2024-08-17 07:46:12,SOLUSDT,bid,110,29018.772
2024-08-17 07:46:22,SOLUSDT,ask,145,10605.917
2024-08-17 07:46:22,SOLUSDT,ask,145,10615.907
2024-08-17 07:46:28,SOLUSDT,ask,150,12338.294
2024-08-17 07:46:32,SOLUSDT,bid,135,26719.501
2024-08-17 07:47:02,SOLUSDT,bid,135,26732.204
2024-08-17 07:47:30,SOLUSDT,bid,135,26733.146
2024-08-17 07:47:34,SOLUSDT,bid,130,17754.272
2024-08-17 07:47:38,SOLUSDT,bid,135,26733.221
2024-08-17 07:47:38,SOLUSDT,bid,110,29018.772
2024-08-17 07:47:43,SOLUSDT,ask,247,5223.714
2024-08-17 07:47:49,SOLUSDT,bid,130,17739.387
2024-08-17 07:47:52,SOLUSDT,bid,130,17754.272
2024-08-17 07:47:58,SOLUSDT,bid,110,29018.772
2024-08-17 07:48:08,SOLUSDT,bid,118,9369.083
2024-08-17 07:48:13,SOLUSDT,bid,135,26732.961
2024-08-17 07:48:18,SOLUSDT,bid,110,29018.872
2024-08-17 07:48:18,SOLUSDT,bid,110,29018.772
2024-08-17 07:48:19,SOLUSDT,bid,130,17754.349
2024-08-17 07:48:34,SOLUSDT,ask,145,10616.907
2024-08-17 07:48:36,SOLUSDT,bid,136,8835.544
2024-08-17 07:48:40,SOLUSDT,ask,175,14441.843
2024-08-17 07:48:48,SOLUSDT,bid,135,26725.554
2024-08-17 07:48:55,SOLUSDT,ask,160,25313.236
2024-08-17 07:48:55,SOLUSDT,bid,135,26725.654
2024-08-17 07:48:57,SOLUSDT,ask,300,9092.734
2024-08-17 07:48:57,SOLUSDT,ask,350,4127.046
2024-08-17 07:49:06,SOLUSDT,bid,100,37524.552
2024-08-17 07:49:15,SOLUSDT,bid,136,8751.881
2024-08-17 07:49:36,SOLUSDT,ask,158,16043.695
2024-08-17 07:49:42,SOLUSDT,bid,110,29018.772
2024-08-17 07:49:47,SOLUSDT,bid,135,26725.554
2024-08-17 07:49:50,SOLUSDT,ask,150,12340.101
2024-08-17 07:50:02,SOLUSDT,bid,110,29018.772
2024-08-17 07:50:12,SOLUSDT,bid,130,17739.464
2024-08-17 07:50:12,SOLUSDT,bid,135,26727.967
2024-08-17 07:50:16,SOLUSDT,bid,100,37541.201
2024-08-17 07:50:22,SOLUSDT,bid,110,29018.772
2024-08-17 07:50:37,SOLUSDT,bid,122,8483.31
2024-08-17 07:50:38,SOLUSDT,bid,125,20745.402
2024-08-17 07:50:39,SOLUSDT,bid,132,9189.367
2024-08-17 07:50:39,SOLUSDT,bid,130,17734.464
2024-08-17 07:50:47,SOLUSDT,bid,112,9863.225
2024-08-17 07:50:54,SOLUSDT,bid,116,9320.467
2024-08-17 07:51:06,SOLUSDT,ask,145,10638.208
2024-08-17 07:51:10,SOLUSDT,bid,136,8750.222
2024-08-17 07:51:17,SOLUSDT,bid,112,9865.01
2024-08-17 07:51:28,SOLUSDT,bid,135,26726.967
2024-08-17 07:51:30,SOLUSDT,bid,110,29021.062
2024-08-17 07:51:31,SOLUSDT,bid,105,9753.88
2024-08-17 07:51:32,SOLUSDT,bid,132,9191.26
2024-08-17 07:51:48,SOLUSDT,bid,110,29021.062
2024-08-17 07:51:50,SOLUSDT,bid,130,17735.233
2024-08-17 07:51:50,SOLUSDT,ask,145,10677.381
2024-08-17 07:51:56,SOLUSDT,bid,120,25805.396
2024-08-17 07:52:03,SOLUSDT,ask,145,10677.798
2024-08-17 07:52:03,SOLUSDT,ask,200,44454.37
2024-08-17 07:52:08,SOLUSDT,bid,110,29021.062
2024-08-17 07:52:13,SOLUSDT,ask,145,10679.798
2024-08-17 07:52:18,SOLUSDT,bid,136,8751.302
2024-08-17 07:52:19,SOLUSDT,bid,125,20745.802
2024-08-17 07:52:29,SOLUSDT,bid,110,29021.062
2024-08-17 07:52:31,SOLUSDT,bid,136,8755.035
2024-08-17 07:52:50,SOLUSDT,ask,152,10961.323
2024-08-17 07:53:09,SOLUSDT,bid,135,26727.712
2024-08-17 07:53:13,SOLUSDT,ask,145,10679.381
2024-08-17 07:53:14,SOLUSDT,ask,145,10680.071
2024-08-17 07:53:14,SOLUSDT,bid,130,17724.552
2024-08-17 07:53:19,SOLUSDT,bid,100,37549.4
2024-08-17 07:53:20,SOLUSDT,bid,120,25811.619
2024-08-17 07:53:21,SOLUSDT,bid,136,8751.302
2024-08-17 07:53:40,SOLUSDT,bid,136,8741.302
2024-08-17 07:53:40,SOLUSDT,bid,135,26707.712
2024-08-17 07:53:52,SOLUSDT,bid,111,16509.215
2024-08-17 07:53:56,SOLUSDT,bid,132,9186.714
2024-08-17 07:54:03,SOLUSDT,bid,110,29121.062
2024-08-17 07:54:04,SOLUSDT,bid,132,9187.714
2024-08-17 07:54:06,SOLUSDT,ask,193,7748.914
2024-08-17 07:54:12,SOLUSDT,bid,135,26695.106
2024-08-17 07:54:12,SOLUSDT,bid,111,16509.215
2024-08-17 07:54:13,SOLUSDT,bid,136,8739.097
2024-08-17 07:54:25,SOLUSDT,bid,130,17724.668
2024-08-17 07:54:25,SOLUSDT,ask,170,12338.327
2024-08-17 07:54:25,SOLUSDT,bid,135,26695.061
2024-08-17 07:54:25,SOLUSDT,ask,151,6906.919
2024-08-17 07:54:25,SOLUSDT,ask,155,9556.902
2024-08-17 07:54:28,SOLUSDT,bid,132,9186.825
2024-08-17 07:54:32,SOLUSDT,bid,111,16509.215
2024-08-17 07:54:36,SOLUSDT,bid,120,25806.619
2024-08-17 07:54:50,SOLUSDT,ask,145,10683.093
2024-08-17 07:54:50,SOLUSDT,bid,135,26665.959
2024-08-17 07:54:51,SOLUSDT,bid,130,17724.744
2024-08-17 07:54:52,SOLUSDT,bid,132,9186.068
2024-08-17 07:54:59,SOLUSDT,bid,136,8733.097
2024-08-17 07:55:02,SOLUSDT,bid,136,8732.873
2024-08-17 07:55:05,SOLUSDT,bid,135,26670.959
2024-08-17 07:55:06,SOLUSDT,bid,135,26670.648
2024-08-17 07:55:16,SOLUSDT,bid,135,26673.194
2024-08-17 07:55:17,SOLUSDT,ask,145,10685.28
2024-08-17 07:55:22,SOLUSDT,ask,145,10684.281
2024-08-17 07:55:46,SOLUSDT,bid,136,8730.09
2024-08-17 07:55:47,SOLUSDT,bid,136,8649.287
2024-08-17 07:55:57,SOLUSDT,bid,111,16509.215
2024-08-17 07:56:10,SOLUSDT,bid,130,17724.36
2024-08-17 07:56:14,SOLUSDT,bid,110,29119.79
2024-08-17 07:56:15,SOLUSDT,bid,130,17725.644
2024-08-17 07:56:16,SOLUSDT,ask,145,10684.494
2024-08-17 07:56:18,SOLUSDT,bid,111,16509.315
2024-08-17 07:56:18,SOLUSDT,bid,111,16509.215
2024-08-17 07:56:31,SOLUSDT,ask,150,12340.146
2024-08-17 07:56:32,SOLUSDT,ask,150,12320.166
2024-08-17 07:56:33,SOLUSDT,ask,151,6905.919
2024-08-17 07:56:35,SOLUSDT,ask,150,12319.166
2024-08-17 07:56:37,SOLUSDT,bid,135,26673.239
2024-08-17 07:56:38,SOLUSDT,bid,130,17725.529
2024-08-17 07:56:38,SOLUSDT,bid,111,16509.315
2024-08-17 07:56:38,SOLUSDT,bid,111,16509.215
2024-08-17 07:56:44,SOLUSDT,ask,145,10683.804
2024-08-17 07:56:52,SOLUSDT,ask,145,10684.461
2024-08-17 07:56:56,SOLUSDT,bid,135,26672.806
2024-08-17 07:56:59,SOLUSDT,bid,136,8649.36
2024-08-17 07:56:59,SOLUSDT,ask,150,12317.65
2024-08-17 07:57:00,SOLUSDT,bid,130,17724.245
2024-08-17 07:57:04,SOLUSDT,bid,120,25798.286
2024-08-17 07:57:16,SOLUSDT,bid,130,17714.245
2024-08-17 07:57:32,SOLUSDT,bid,136,8610.563
2024-08-17 07:57:42,SOLUSDT,bid,136,8610.783
2024-08-17 07:57:49,SOLUSDT,bid,120,25787.771
2024-08-17 07:58:02,SOLUSDT,bid,111,16509.215
2024-08-17 07:58:06,SOLUSDT,bid,116,9318.457
2024-08-17 07:58:21,SOLUSDT,bid,136,8610.212
2024-08-17 07:58:22,SOLUSDT,bid,111,16509.215
2024-08-17 07:58:41,SOLUSDT,bid,131,11830.457
2024-08-17 07:58:42,SOLUSDT,bid,111,16509.215
2024-08-17 07:58:55,SOLUSDT,bid,110,29120.244
2024-08-17 07:59:04,SOLUSDT,bid,135,26660.103
2024-08-17 07:59:13,SOLUSDT,ask,145,10682.49
2024-08-17 07:59:23,SOLUSDT,bid,115,22616.252
2024-08-17 07:59:23,SOLUSDT,bid,110,29110.686
2024-08-17 07:59:23,SOLUSDT,bid,105,9740.528
2024-08-17 07:59:23,SOLUSDT,bid,100,37530.707
2024-08-17 07:59:23,SOLUSDT,bid,95,10849.539
2024-08-17 07:59:23,SOLUSDT,bid,90,21925.24
2024-08-17 07:59:23,SOLUSDT,bid,80,29636.932
2024-08-17 07:59:31,SOLUSDT,bid,135,26659.103
2024-08-17 07:59:47,SOLUSDT,bid,112,9863.225
2024-08-17 07:59:51,SOLUSDT,ask,155,9564.81
2024-08-17 08:00:07,SOLUSDT,bid,111,16509.215
2024-08-17 08:00:10,SOLUSDT,bid,136,8615.212
2024-08-17 08:00:16,SOLUSDT,bid,80,29710.779
2024-08-17 08:00:21,SOLUSDT,ask,165,15309.617
2024-08-17 08:00:23,SOLUSDT,ask,150,12317.791
2024-08-17 08:00:25,SOLUSDT,bid,135,26659.577
2024-08-17 08:00:26,SOLUSDT,bid,111,16509.215
2024-08-17 08:00:27,SOLUSDT,bid,130,17714.386
2024-08-17 08:00:28,SOLUSDT,bid,90,21962.163
2024-08-17 08:00:28,SOLUSDT,bid,115,22617.991
2024-08-17 08:00:32,SOLUSDT,bid,95,10875.774
2024-08-17 08:00:39,SOLUSDT,bid,100,37549.4
2024-08-17 08:00:44,SOLUSDT,bid,105,9753.88
2024-08-17 08:00:47,SOLUSDT,bid,111,16509.215
2024-08-17 08:00:49,SOLUSDT,bid,110,29120.244
2024-08-17 08:00:49,SOLUSDT,bid,120,25790.954
2024-08-17 08:00:53,SOLUSDT,bid,136,8614.212
2024-08-17 08:00:53,SOLUSDT,bid,130,17713.386
2024-08-17 08:00:53,SOLUSDT,bid,115,22624.848
2024-08-17 08:00:58,SOLUSDT,ask,160,25317.321
2024-08-17 08:00:59,SOLUSDT,bid,120,25795.883
2024-08-17 08:01:00,SOLUSDT,bid,120,25765.883
2024-08-17 08:01:04,SOLUSDT,bid,125,20749.351
2024-08-17 08:01:13,SOLUSDT,bid,136,8613.212
2024-08-17 08:01:13,SOLUSDT,bid,135,26660.577
2024-08-17 08:01:23,SOLUSDT,bid,101,10478.514
2024-08-17 08:01:25,SOLUSDT,bid,135,26669.924
2024-08-17 08:01:28,SOLUSDT,ask,210,25732.591
2024-08-17 08:01:31,SOLUSDT,bid,132,9188.068
2024-08-17 08:01:37,SOLUSDT,bid,118,9363.625
2024-08-17 08:01:38,SOLUSDT,bid,122,8478.032
2024-08-17 08:01:39,SOLUSDT,bid,135,26668.924
2024-08-17 08:01:42,SOLUSDT,bid,132,9152.372
2024-08-17 08:01:44,SOLUSDT,bid,112,9864.117
2024-08-17 08:01:48,SOLUSDT,bid,130,17711.779
2024-08-17 08:01:53,SOLUSDT,ask,145,10684.605
2024-08-17 08:02:02,SOLUSDT,bid,135,26676.554
2024-08-17 08:02:12,SOLUSDT,bid,111,16509.215
2024-08-17 08:02:18,SOLUSDT,ask,145,10682.607
2024-08-17 08:02:22,SOLUSDT,bid,120,25742.624
2024-08-17 08:02:32,SOLUSDT,bid,111,16509.215
2024-08-17 08:02:35,SOLUSDT,bid,132,9153.129
2024-08-17 08:02:53,SOLUSDT,bid,111,16509.215
2024-08-17 08:02:57,SOLUSDT,bid,135,26676.696
2024-08-17 08:03:02,SOLUSDT,bid,135,26669.066
2024-08-17 08:03:02,SOLUSDT,bid,110,29121.307
2024-08-17 08:03:29,SOLUSDT,bid,136,8611.742
2024-08-17 08:03:29,SOLUSDT,bid,135,26666.751
2024-08-17 08:03:30,SOLUSDT,bid,132,9153.347
2024-08-17 08:03:39,SOLUSDT,bid,110,29128.579
2024-08-17 08:03:46,SOLUSDT,bid,136,8612.183
2024-08-17 08:03:47,SOLUSDT,bid,135,26663.048
2024-08-17 08:04:04,SOLUSDT,bid,136,8612.539
2024-08-17 08:04:17,SOLUSDT,bid,111,16509.215
2024-08-17 08:04:25,SOLUSDT,ask,163,16973.209
2024-08-17 08:04:37,SOLUSDT,bid,111,16509.215
2024-08-17 08:04:47,SOLUSDT,bid,136,8582.336
2024-08-17 08:04:57,SOLUSDT,bid,111,16509.215
2024-08-17 08:05:02,SOLUSDT,ask,155,9552.81
2024-08-17 08:05:19,SOLUSDT,bid,90,21995.496
2024-08-17 08:05:21,SOLUSDT,bid,118,9363.796
2024-08-17 08:05:25,SOLUSDT,ask,155,9557.458
2024-08-17 08:05:31,SOLUSDT,bid,110,29127.035
2024-08-17 08:05:35,SOLUSDT,bid,136,8581.336
2024-08-17 08:05:47,SOLUSDT,bid,130,18095.085
2024-08-17 08:05:52,SOLUSDT,bid,95,10871.492
2024-08-17 08:06:01,SOLUSDT,bid,90,22006.607
2024-08-17 08:06:23,SOLUSDT,bid,111,16509.315
2024-08-17 08:06:23,SOLUSDT,bid,111,16509.215
2024-08-17 08:06:42,SOLUSDT,bid,111,16509.215
2024-08-17 08:07:02,SOLUSDT,bid,111,16509.215
2024-08-17 08:07:14,SOLUSDT,bid,100,37484.187
2024-08-17 08:07:21,SOLUSDT,bid,130,18098.161
2024-08-17 08:07:33,SOLUSDT,bid,111,16510.745
2024-08-17 08:07:33,SOLUSDT,bid,135,26662.738
2024-08-17 08:07:43,SOLUSDT,bid,130,17714.855
2024-08-17 08:07:48,SOLUSDT,ask,145,10643.434
2024-08-17 08:07:52,SOLUSDT,bid,118,9362.482
2024-08-17 08:07:57,SOLUSDT,ask,155,9557.385
2024-08-17 08:08:05,SOLUSDT,bid,136,8579.336
2024-08-17 08:08:10,SOLUSDT,bid,130,17695.884
2024-08-17 08:08:19,SOLUSDT,bid,120,25742.208
2024-08-17 08:08:21,SOLUSDT,bid,120,25949.832
2024-08-17 08:08:24,SOLUSDT,bid,135,26662.325
2024-08-17 08:08:27,SOLUSDT,bid,111,16510.745
2024-08-17 08:08:39,SOLUSDT,bid,120,25949.912
2024-08-17 08:08:42,SOLUSDT,ask,155,9557.563
2024-08-17 08:08:43,SOLUSDT,bid,130,17695.115
2024-08-17 08:08:47,SOLUSDT,bid,111,16510.745
2024-08-17 08:09:07,SOLUSDT,bid,111,16510.745
2024-08-17 08:09:17,SOLUSDT,bid,136,8578.601
2024-08-17 08:09:23,SOLUSDT,ask,163,16969.546
2024-08-17 08:09:41,SOLUSDT,ask,150,12317.532
2024-08-17 08:09:48,SOLUSDT,ask,145,10643.933
2024-08-17 08:09:49,SOLUSDT,bid,125,20751.008
2024-08-17 08:09:50,SOLUSDT,bid,120,25953.261
2024-08-17 08:10:08,SOLUSDT,bid,110,29128.489
2024-08-17 08:10:14,SOLUSDT,bid,132,9152.59
2024-08-17 08:10:23,SOLUSDT,ask,165,15309.367
2024-08-17 08:10:23,SOLUSDT,ask,170,12338.077
2024-08-17 08:10:26,SOLUSDT,bid,132,9152.439
2024-08-17 08:10:30,SOLUSDT,bid,131,11828.457
2024-08-17 08:10:32,SOLUSDT,ask,145,10669.461
2024-08-17 08:10:32,SOLUSDT,bid,111,16510.745
2024-08-17 08:10:33,SOLUSDT,ask,151,6911.217
2024-08-17 08:10:52,SOLUSDT,bid,111,16510.745
2024-08-17 08:10:58,SOLUSDT,bid,105,9753.976
2024-08-17 08:11:12,SOLUSDT,bid,111,16510.745
2024-08-17 08:11:21,SOLUSDT,bid,120,25951.443
2024-08-17 08:11:22,SOLUSDT,bid,100,37483.187
2024-08-17 08:11:24,SOLUSDT,bid,136,8578.307
2024-08-17 08:11:24,SOLUSDT,bid,135,26662.103
2024-08-17 08:11:30,SOLUSDT,bid,135,26660.992
2024-08-17 08:11:37,SOLUSDT,bid,136,8557.262
2024-08-17 08:11:46,SOLUSDT,bid,111,16449.484
2024-08-17 08:11:58,SOLUSDT,ask,156,20126.786
2024-08-17 08:12:03,SOLUSDT,bid,136,8557.997
2024-08-17 08:12:11,SOLUSDT,bid,135,26661.266
2024-08-17 08:12:35,SOLUSDT,bid,136,8557.262
2024-08-17 08:12:38,SOLUSDT,bid,111,16449.484
2024-08-17 08:12:52,SOLUSDT,bid,105,9753.88
2024-08-17 08:12:54,SOLUSDT,bid,115,22630.699
2024-08-17 08:12:58,SOLUSDT,bid,111,16449.584
2024-08-17 08:12:58,SOLUSDT,bid,111,16449.484
2024-08-17 08:13:00,SOLUSDT,bid,80,29710.904
2024-08-17 08:13:01,SOLUSDT,ask,160,25310.389
2024-08-17 08:13:10,SOLUSDT,bid,125,20771.008
2024-08-17 08:13:18,SOLUSDT,bid,111,16449.484
2024-08-17 08:13:20,SOLUSDT,bid,135,26664.984
2024-08-17 08:13:35,SOLUSDT,ask,150,12330.999
2024-08-17 08:13:38,SOLUSDT,ask,160,25310.331
2024-08-17 08:14:08,SOLUSDT,bid,135,26664.548
2024-08-17 08:14:11,SOLUSDT,bid,136,8557.196
2024-08-17 08:14:12,SOLUSDT,bid,125,20751.008
2024-08-17 08:14:28,SOLUSDT,bid,136,8557.247
2024-08-17 08:14:35,SOLUSDT,bid,125,20944.147
2024-08-17 08:14:40,SOLUSDT,bid,95,10866.334
2024-08-17 08:14:46,SOLUSDT,bid,111,16449.484
2024-08-17 08:14:47,SOLUSDT,ask,145,10672.308
2024-08-17 08:15:00,SOLUSDT,bid,136,8558.491
2024-08-17 08:15:04,SOLUSDT,bid,130,17691.269
2024-08-17 08:15:04,SOLUSDT,bid,120,25743.819
2024-08-17 08:15:05,SOLUSDT,bid,111,16449.484
2024-08-17 08:15:25,SOLUSDT,bid,111,16449.484
2024-08-17 08:15:27,SOLUSDT,bid,130,17690.962
2024-08-17 08:16:03,SOLUSDT,ask,170,12312.96
2024-08-17 08:16:07,SOLUSDT,ask,180,22326.939
2024-08-17 08:16:11,SOLUSDT,bid,120,25748.819
2024-08-17 08:16:20,SOLUSDT,bid,110,29128.543
2024-08-17 08:16:20,SOLUSDT,ask,145,10669.55
2024-08-17 08:16:24,SOLUSDT,bid,125,20947.147
2024-08-17 08:16:25,SOLUSDT,ask,150,12331.14
2024-08-17 08:16:28,SOLUSDT,bid,132,9152.58
2024-08-17 08:16:47,SOLUSDT,bid,111,16449.484
2024-08-17 08:16:52,SOLUSDT,ask,165,15308.696
2024-08-17 08:16:52,SOLUSDT,ask,180,22327.61
2024-08-17 08:16:58,SOLUSDT,bid,130,17697.913
2024-08-17 08:17:08,SOLUSDT,bid,111,16449.484
2024-08-17 08:17:23,SOLUSDT,bid,125,20867.147
2024-08-17 08:17:27,SOLUSDT,bid,111,16449.484
2024-08-17 08:17:36,SOLUSDT,bid,125,20939.147
2024-08-17 08:17:49,SOLUSDT,bid,136,8558.157
2024-08-17 08:17:52,SOLUSDT,ask,160,25373.445
2024-08-17 08:18:07,SOLUSDT,bid,136,8558.451
2024-08-17 08:18:15,SOLUSDT,ask,150,12331.2
2024-08-17 08:18:33,SOLUSDT,ask,188,10478.597
2024-08-17 08:18:44,SOLUSDT,bid,136,8553.523
2024-08-17 08:18:52,SOLUSDT,bid,111,16449.484
2024-08-17 08:18:53,SOLUSDT,bid,132,9155.58
2024-08-17 08:19:08,SOLUSDT,ask,152,10968.733
2024-08-17 08:19:12,SOLUSDT,bid,111,16449.484
2024-08-17 08:19:26,SOLUSDT,bid,135,26664.178
2024-08-17 08:19:32,SOLUSDT,bid,111,16449.484
2024-08-17 08:19:39,SOLUSDT,bid,131,11827.457
2024-08-17 08:19:56,SOLUSDT,bid,135,26677.27
2024-08-17 08:20:18,SOLUSDT,bid,115,22629.826
2024-08-17 08:20:23,SOLUSDT,bid,135,26677.111
2024-08-17 08:20:58,SOLUSDT,bid,111,16449.484
2024-08-17 08:21:04,SOLUSDT,bid,136,8557.431
2024-08-17 08:21:13,SOLUSDT,bid,110,29128.043
2024-08-17 08:21:18,SOLUSDT,bid,111,16449.584
2024-08-17 08:21:18,SOLUSDT,bid,111,16449.484
2024-08-17 08:21:28,SOLUSDT,ask,150,12328.86
2024-08-17 08:21:38,SOLUSDT,bid,111,16449.584
2024-08-17 08:21:38,SOLUSDT,bid,111,16449.484
2024-08-17 08:22:05,SOLUSDT,bid,101,10466.313
2024-08-17 08:22:05,SOLUSDT,bid,136,8565.431
2024-08-17 08:22:12,SOLUSDT,ask,145,10670.981
2024-08-17 08:22:13,SOLUSDT,bid,135,26676.637
2024-08-17 08:22:14,SOLUSDT,bid,136,8557.431
2024-08-17 08:22:45,SOLUSDT,bid,120,25748.729
2024-08-17 08:22:50,SOLUSDT,ask,165,15302.696
2024-08-17 08:22:55,SOLUSDT,bid,80,29705.784
2024-08-17 08:23:03,SOLUSDT,bid,111,16449.484
2024-08-17 08:23:22,SOLUSDT,bid,111,16449.484
2024-08-17 08:23:34,SOLUSDT,bid,136,8557.145
2024-08-17 08:23:35,SOLUSDT,bid,131,11789.29
2024-08-17 08:23:39,SOLUSDT,bid,136,8558.145
2024-08-17 08:23:42,SOLUSDT,bid,111,16449.484
2024-08-17 08:23:51,SOLUSDT,ask,151,6906.562
2024-08-17 08:23:54,SOLUSDT,bid,130,17700.989
2024-08-17 08:23:55,SOLUSDT,bid,120,25744.146
2024-08-17 08:24:00,SOLUSDT,ask,155,9556.511
2024-08-17 08:24:01,SOLUSDT,ask,145,10645.453
2024-08-17 08:24:02,SOLUSDT,bid,100,37482.887
2024-08-17 08:24:19,SOLUSDT,ask,145,10646.505
2024-08-17 08:24:22,SOLUSDT,bid,115,22634.608
2024-08-17 08:24:49,SOLUSDT,bid,130,17697.636
2024-08-17 08:24:54,SOLUSDT,bid,135,26677.376
2024-08-17 08:25:06,SOLUSDT,bid,111,16449.484
2024-08-17 08:25:12,SOLUSDT,bid,112,9862.51
2024-08-17 08:25:16,SOLUSDT,bid,132,9153.58
2024-08-17 08:25:26,SOLUSDT,bid,111,16449.484
2024-08-17 08:25:31,SOLUSDT,bid,136,8558.284
2024-08-17 08:25:32,SOLUSDT,bid,130,17697.982
2024-08-17 08:25:36,SOLUSDT,bid,135,26678.376
2024-08-17 08:25:37,SOLUSDT,bid,136,8558.124
2024-08-17 08:25:44,SOLUSDT,bid,125,20939.433
2024-08-17 08:25:44,SOLUSDT,bid,132,9154.58
2024-08-17 08:25:45,SOLUSDT,bid,135,26677.637
2024-08-17 08:25:46,SOLUSDT,bid,111,16449.484
2024-08-17 08:25:54,SOLUSDT,ask,145,10647.256
2024-08-17 08:26:07,SOLUSDT,bid,135,26665.38
2024-08-17 08:26:11,SOLUSDT,bid,130,17702.379
2024-08-17 08:26:11,SOLUSDT,ask,175,14443.516
2024-08-17 08:26:12,SOLUSDT,bid,135,26659.942
2024-08-17 08:26:39,SOLUSDT,bid,125,20938.042
2024-08-17 08:27:10,SOLUSDT,ask,151,6906.206
2024-08-17 08:27:13,SOLUSDT,bid,111,16449.484
2024-08-17 08:27:27,SOLUSDT,bid,125,20934.042
2024-08-17 08:27:31,SOLUSDT,ask,160,25373.516
2024-08-17 08:27:32,SOLUSDT,bid,111,16449.484
2024-08-17 08:27:37,SOLUSDT,bid,136,8557.988
2024-08-17 08:27:49,SOLUSDT,bid,130,17702.332
2024-08-17 08:27:53,SOLUSDT,bid,111,16449.484
2024-08-17 08:28:18,SOLUSDT,bid,130,17706.178
2024-08-17 08:28:24,SOLUSDT,ask,152,10969.089
2024-08-17 08:28:25,SOLUSDT,bid,115,22634.148
2024-08-17 08:28:34,SOLUSDT,ask,145,10646.5
2024-08-17 08:28:40,SOLUSDT,ask,150,12333.218
2024-08-17 08:29:00,SOLUSDT,ask,150,12344.218
2024-08-17 08:29:01,SOLUSDT,ask,200,44454.336
2024-08-17 08:29:04,SOLUSDT,bid,130,17711.106
2024-08-17 08:29:10,SOLUSDT,ask,180,22327.107
2024-08-17 08:29:12,SOLUSDT,bid,118,9363.329
2024-08-17 08:29:12,SOLUSDT,ask,151,6919.018
2024-08-17 08:29:12,SOLUSDT,bid,125,20934.465
2024-08-17 08:29:17,SOLUSDT,bid,111,16449.484
2024-08-17 08:29:22,SOLUSDT,bid,130,17711.958
2024-08-17 08:29:27,SOLUSDT,bid,130,17711.106
2024-08-17 08:29:37,SOLUSDT,bid,111,16449.484
2024-08-17 08:29:48,SOLUSDT,ask,160,25361.822
2024-08-17 08:29:49,SOLUSDT,bid,136,8560.241
2024-08-17 08:29:55,SOLUSDT,bid,136,8559.506
2024-08-17 08:29:57,SOLUSDT,bid,130,17710.337
2024-08-17 08:29:57,SOLUSDT,bid,111,16449.484
2024-08-17 08:30:01,SOLUSDT,bid,136,8559.433
2024-08-17 08:30:06,SOLUSDT,bid,130,17700.337
2024-08-17 08:30:12,SOLUSDT,bid,130,17700.763
2024-08-17 08:30:36,SOLUSDT,ask,145,10650.496
2024-08-17 08:30:37,SOLUSDT,bid,120,25744.608
2024-08-17 08:30:43,SOLUSDT,bid,130,17695.835
2024-08-17 08:31:18,SOLUSDT,bid,136,8556.687
2024-08-17 08:31:18,SOLUSDT,bid,135,26657.92
2024-08-17 08:31:23,SOLUSDT,bid,111,16449.484
2024-08-17 08:31:26,SOLUSDT,bid,101,10461.313
2024-08-17 08:31:40,SOLUSDT,ask,150,12336.715
2024-08-17 08:31:43,SOLUSDT,bid,111,16449.484
2024-08-17 08:31:50,SOLUSDT,bid,130,17690.768
2024-08-17 08:32:03,SOLUSDT,bid,111,16449.484
2024-08-17 08:32:07,SOLUSDT,bid,130,17690.422
2024-08-17 08:32:14,SOLUSDT,bid,136,8555.217
2024-08-17 08:32:20,SOLUSDT,bid,135,26656.436
2024-08-17 08:32:27,SOLUSDT,bid,136,8555.025
2024-08-17 08:32:43,SOLUSDT,bid,136,8554.025
2024-08-17 08:32:43,SOLUSDT,bid,118,9360.329
2024-08-17 08:32:43,SOLUSDT,bid,100,37471.013
2024-08-17 08:32:53,SOLUSDT,bid,130,17690.911
2024-08-17 08:33:07,SOLUSDT,bid,101,10392.883
2024-08-17 08:33:14,SOLUSDT,bid,136,8554.239
2024-08-17 08:33:15,SOLUSDT,bid,136,8605.059
2024-08-17 08:33:16,SOLUSDT,bid,130,17690.422
2024-08-17 08:33:21,SOLUSDT,bid,135,26889.031
2024-08-17 08:33:25,SOLUSDT,bid,130,17691.08
2024-08-17 08:33:27,SOLUSDT,bid,111,16449.484
2024-08-17 08:33:47,SOLUSDT,bid,111,16449.484
2024-08-17 08:33:57,SOLUSDT,ask,152,10960.84
2024-08-17 08:34:06,SOLUSDT,bid,111,16449.484
2024-08-17 08:34:23,SOLUSDT,bid,135,26884.031
2024-08-17 08:34:33,SOLUSDT,ask,145,10650.212
2024-08-17 08:34:35,SOLUSDT,bid,125,20934.416
2024-08-17 08:34:39,SOLUSDT,ask,145,10649.213
2024-08-17 08:34:43,SOLUSDT,bid,136,8606.139
2024-08-17 08:34:45,SOLUSDT,ask,210,25690.049
2024-08-17 08:34:47,SOLUSDT,bid,136,8605.059
2024-08-17 08:34:54,SOLUSDT,bid,135,26883.883
2024-08-17 08:34:57,SOLUSDT,bid,115,22632.148
2024-08-17 08:35:00,SOLUSDT,ask,145,10644.495
2024-08-17 08:35:11,SOLUSDT,ask,160,25369.521
2024-08-17 08:35:27,SOLUSDT,bid,131,11771.664
2024-08-17 08:35:31,SOLUSDT,bid,135,26884.512
2024-08-17 08:35:32,SOLUSDT,bid,111,16449.484
2024-08-17 08:35:35,SOLUSDT,bid,136,8606.139
2024-08-17 08:35:40,SOLUSDT,bid,130,17742.618
2024-08-17 08:35:44,SOLUSDT,ask,145,10643.783
2024-08-17 08:35:52,SOLUSDT,bid,111,16449.484
2024-08-17 08:35:57,SOLUSDT,bid,90,22003.465
2024-08-17 08:35:58,SOLUSDT,ask,190,29019.058
2024-08-17 08:36:12,SOLUSDT,bid,111,16449.484
2024-08-17 08:36:34,SOLUSDT,ask,145,10642.71
2024-08-17 08:36:34,SOLUSDT,ask,152,10961.913
2024-08-17 08:37:12,SOLUSDT,bid,130,17661.623
2024-08-17 08:37:12,SOLUSDT,bid,125,20850.182
2024-08-17 08:37:38,SOLUSDT,bid,111,16449.484
2024-08-17 08:37:39,SOLUSDT,bid,135,26885.223
2024-08-17 08:37:58,SOLUSDT,bid,111,16449.484
2024-08-17 08:38:17,SOLUSDT,bid,136,8605.925
2024-08-17 08:38:18,SOLUSDT,bid,111,16449.484
2024-08-17 08:38:27,SOLUSDT,ask,145,10643.709
2024-08-17 08:38:38,SOLUSDT,bid,130,17661.393
2024-08-17 08:38:38,SOLUSDT,bid,120,25744.838
2024-08-17 08:38:39,SOLUSDT,bid,131,11725.863
2024-08-17 08:38:47,SOLUSDT,bid,80,29668.284
2024-08-17 08:38:49,SOLUSDT,bid,96,12721.794
2024-08-17 08:39:05,SOLUSDT,bid,130,17662.399
2024-08-17 08:39:17,SOLUSDT,bid,132,9200.034
2024-08-17 08:39:35,SOLUSDT,bid,80,29718.284
2024-08-17 08:39:36,SOLUSDT,bid,132,9204.579
2024-08-17 08:39:43,SOLUSDT,bid,111,16449.484
2024-08-17 08:39:44,SOLUSDT,ask,145,10643.069
2024-08-17 08:40:03,SOLUSDT,bid,111,16449.484
2024-08-17 08:40:09,SOLUSDT,bid,136,8613.277
2024-08-17 08:40:14,SOLUSDT,bid,120,25783.838
2024-08-17 08:40:24,SOLUSDT,bid,111,16449.484
2024-08-17 08:40:31,SOLUSDT,bid,136,8613.314
2024-08-17 08:40:38,SOLUSDT,ask,145,10653.367
2024-08-17 08:40:47,SOLUSDT,bid,125,20845.182
2024-08-17 08:40:47,SOLUSDT,bid,120,25773.838
2024-08-17 08:40:49,SOLUSDT,bid,115,22626.901
2024-08-17 08:40:53,SOLUSDT,bid,135,26882.689
2024-08-17 08:40:54,SOLUSDT,bid,132,9204.617
2024-08-17 08:41:03,SOLUSDT,bid,136,8620.888
2024-08-17 08:41:03,SOLUSDT,bid,131,11725.902
2024-08-17 08:41:10,SOLUSDT,bid,130,17662.438
2024-08-17 08:41:14,SOLUSDT,ask,145,10649.954
2024-08-17 08:41:15,SOLUSDT,bid,136,8636.552
2024-08-17 08:41:16,SOLUSDT,bid,132,9204.542
2024-08-17 08:41:16,SOLUSDT,bid,131,11725.826
2024-08-17 08:41:16,SOLUSDT,bid,130,17662.362
2024-08-17 08:41:16,SOLUSDT,bid,125,20845.101
2024-08-17 08:41:16,SOLUSDT,bid,120,25734.838
2024-08-17 08:41:26,SOLUSDT,bid,135,26881.089
2024-08-17 08:41:27,SOLUSDT,bid,120,25735.792
2024-08-17 08:41:30,SOLUSDT,bid,130,17664.994
2024-08-17 08:41:39,SOLUSDT,bid,120,25775.792
2024-08-17 08:41:47,SOLUSDT,bid,111,16449.484
2024-08-17 08:41:53,SOLUSDT,bid,130,17665.071
2024-08-17 08:42:02,SOLUSDT,bid,136,8628.978
2024-08-17 08:42:07,SOLUSDT,bid,111,16449.484
2024-08-17 08:42:10,SOLUSDT,bid,136,8625.397
2024-08-17 08:42:28,SOLUSDT,bid,111,16449.484
2024-08-17 08:42:39,SOLUSDT,ask,152,10961.36
2024-08-17 08:42:39,SOLUSDT,ask,155,9557.064
2024-08-17 08:42:40,SOLUSDT,bid,136,8618.045
2024-08-17 08:42:43,SOLUSDT,bid,130,17660.689
2024-08-17 08:42:49,SOLUSDT,bid,136,8615.045
2024-08-17 08:42:56,SOLUSDT,bid,132,9203.785
2024-08-17 08:42:56,SOLUSDT,bid,131,11725.063
2024-08-17 08:42:56,SOLUSDT,bid,130,17659.92
2024-08-17 08:43:11,SOLUSDT,ask,170,12313.032
2024-08-17 08:43:23,SOLUSDT,bid,135,26891.089
2024-08-17 08:43:24,SOLUSDT,bid,136,8616.045
2024-08-17 08:43:30,SOLUSDT,bid,136,8624.045
2024-08-17 08:43:37,SOLUSDT,ask,160,25363.325
2024-08-17 08:43:37,SOLUSDT,bid,136,8624.242
2024-08-17 08:43:41,SOLUSDT,bid,136,9262.108
2024-08-17 08:43:52,SOLUSDT,bid,111,16449.484
2024-08-17 08:43:58,SOLUSDT,bid,136,9246.444
2024-08-17 08:44:06,SOLUSDT,bid,131,11722.291
2024-08-17 08:44:12,SOLUSDT,bid,111,16449.484
2024-08-17 08:44:15,SOLUSDT,ask,150,12337.367
2024-08-17 08:44:22,SOLUSDT,bid,132,9202.743
2024-08-17 08:44:31,SOLUSDT,bid,132,9402.743
2024-08-17 08:44:31,SOLUSDT,bid,131,11622.291
2024-08-17 08:44:33,SOLUSDT,bid,111,16449.484
2024-08-17 08:44:38,SOLUSDT,bid,135,26889.089
2024-08-17 08:44:42,SOLUSDT,bid,125,20683.341
2024-08-17 08:44:48,SOLUSDT,bid,135,26889.55
2024-08-17 08:44:55,SOLUSDT,ask,145,10650.825
2024-08-17 08:45:04,SOLUSDT,ask,145,10647.325
2024-08-17 08:45:35,SOLUSDT,bid,132,9402.698
2024-08-17 08:45:41,SOLUSDT,ask,145,10648.962
2024-08-17 08:45:57,SOLUSDT,bid,111,16449.484
2024-08-17 08:46:03,SOLUSDT,bid,118,9349.529
2024-08-17 08:46:04,SOLUSDT,bid,130,17651.92
2024-08-17 08:46:11,SOLUSDT,ask,145,10650.461
2024-08-17 08:46:16,SOLUSDT,bid,111,16449.484
2024-08-17 08:46:24,SOLUSDT,ask,150,12338.186
2024-08-17 08:46:36,SOLUSDT,bid,111,16449.484
2024-08-17 08:46:41,SOLUSDT,ask,160,25363.253
2024-08-17 08:46:53,SOLUSDT,ask,163,16952.918
2024-08-17 08:46:55,SOLUSDT,ask,145,10651.96
2024-08-17 08:47:28,SOLUSDT,ask,150,12338.303
2024-08-17 08:47:29,SOLUSDT,bid,130,17652.037
2024-08-17 08:47:31,SOLUSDT,bid,136,9246.49
2024-08-17 08:47:32,SOLUSDT,bid,110,29128.16
2024-08-17 08:47:40,SOLUSDT,bid,135,26889.593
2024-08-17 08:47:41,SOLUSDT,ask,150,12337.304
2024-08-17 08:48:02,SOLUSDT,bid,111,16449.484
2024-08-17 08:48:07,SOLUSDT,ask,160,25356.081
2024-08-17 08:48:22,SOLUSDT,bid,111,16449.484
2024-08-17 08:48:24,SOLUSDT,bid,110,29120.701
2024-08-17 08:48:26,SOLUSDT,bid,136,9250.29
2024-08-17 08:48:28,SOLUSDT,bid,132,9414.733
2024-08-17 08:48:35,SOLUSDT,bid,135,26889.555
2024-08-17 08:48:35,SOLUSDT,bid,130,17651.998
2024-08-17 08:48:35,SOLUSDT,bid,125,20683.301
2024-08-17 08:48:35,SOLUSDT,bid,120,25775.75
2024-08-17 08:48:42,SOLUSDT,bid,111,16449.484
2024-08-17 08:48:52,SOLUSDT,bid,136,9043.939
2024-08-17 08:48:52,SOLUSDT,bid,135,27095.906
2024-08-17 08:48:59,SOLUSDT,ask,200,44430.328
2024-08-17 08:49:06,SOLUSDT,ask,150,12087.848
2024-08-17 08:49:06,SOLUSDT,ask,180,22576.563
2024-08-17 08:49:30,SOLUSDT,ask,145,10653.908
2024-08-17 08:49:41,SOLUSDT,bid,100,37466.013
2024-08-17 08:50:07,SOLUSDT,bid,115,22465.699
2024-08-17 08:50:07,SOLUSDT,bid,111,16449.584
2024-08-17 08:50:07,SOLUSDT,bid,111,16449.484
2024-08-17 08:50:26,SOLUSDT,bid,132,9402.698
2024-08-17 08:50:28,SOLUSDT,bid,111,16449.484
2024-08-17 08:50:42,SOLUSDT,bid,132,9414.745
2024-08-17 08:50:46,SOLUSDT,bid,136,9044.895
2024-08-17 08:50:47,SOLUSDT,bid,111,16449.484
2024-08-17 08:51:15,SOLUSDT,ask,145,10654.047
2024-08-17 08:51:22,SOLUSDT,bid,135,27094.906
2024-08-17 08:51:26,SOLUSDT,bid,130,17649.998
2024-08-17 08:51:27,SOLUSDT,bid,122,8378.032
2024-08-17 08:51:29,SOLUSDT,bid,135,27096.806
2024-08-17 08:51:34,SOLUSDT,ask,145,10653.908
2024-08-17 08:51:35,SOLUSDT,ask,150,12089.433
2024-08-17 08:51:40,SOLUSDT,bid,135,27096.182
2024-08-17 08:51:49,SOLUSDT,bid,130,17648.962
2024-08-17 08:52:13,SOLUSDT,bid,111,16449.484
2024-08-17 08:52:13,SOLUSDT,bid,120,25776.75
2024-08-17 08:52:33,SOLUSDT,bid,130,17648.577
2024-08-17 08:52:33,SOLUSDT,bid,111,16449.484
2024-08-17 08:52:35,SOLUSDT,bid,130,17628.577
2024-08-17 08:52:44,SOLUSDT,bid,120,25781.75
2024-08-17 08:52:52,SOLUSDT,bid,111,16449.484
2024-08-17 08:53:08,SOLUSDT,bid,112,9718.518
2024-08-17 08:53:22,SOLUSDT,bid,135,27095.182
2024-08-17 08:53:26,SOLUSDT,ask,145,10664.642
2024-08-17 08:53:45,SOLUSDT,ask,150,12097.323
2024-08-17 08:53:48,SOLUSDT,bid,131,11648.164
2024-08-17 08:53:55,SOLUSDT,bid,125,20687.301
2024-08-17 08:54:05,SOLUSDT,bid,110,29125.247
2024-08-17 08:54:17,SOLUSDT,bid,111,16449.484
2024-08-17 08:54:21,SOLUSDT,ask,152,10964.357
2024-08-17 08:54:26,SOLUSDT,bid,112,9214.632
2024-08-17 08:54:37,SOLUSDT,bid,111,16449.484
2024-08-17 08:54:56,SOLUSDT,bid,130,17624.754
2024-08-17 08:54:57,SOLUSDT,bid,111,16449.484
2024-08-17 08:55:06,SOLUSDT,bid,131,11650.198
2024-08-17 08:55:12,SOLUSDT,ask,160,25356.447
2024-08-17 08:55:55,SOLUSDT,bid,136,9045.053
2024-08-17 08:55:59,SOLUSDT,ask,145,10668.109
2024-08-17 08:56:21,SOLUSDT,bid,100,37632.822
2024-08-17 08:56:22,SOLUSDT,bid,111,16449.484
2024-08-17 08:56:27,SOLUSDT,bid,120,25780.917
2024-08-17 08:56:29,SOLUSDT,ask,154,17463.202
2024-08-17 08:56:31,SOLUSDT,ask,160,25377.677
2024-08-17 08:56:42,SOLUSDT,bid,111,16449.484
2024-08-17 08:57:02,SOLUSDT,bid,111,16449.484
2024-08-17 08:57:10,SOLUSDT,bid,130,17654.754
2024-08-17 08:57:16,SOLUSDT,ask,145,10669.454
2024-08-17 08:57:52,SOLUSDT,bid,135,27103.521
2024-08-17 08:57:53,SOLUSDT,ask,161,15374.949
2024-08-17 08:58:02,SOLUSDT,bid,100,37702.427
2024-08-17 08:58:07,SOLUSDT,ask,185,16702.05
2024-08-17 08:58:16,SOLUSDT,ask,190,29026.952
2024-08-17 08:58:21,SOLUSDT,ask,150,12101.878
2024-08-17 08:58:22,SOLUSDT,ask,195,12008.547
2024-08-17 08:58:26,SOLUSDT,ask,200,44437.828
2024-08-17 08:58:28,SOLUSDT,bid,111,16449.484
2024-08-17 08:58:30,SOLUSDT,bid,100,37535.618
2024-08-17 08:58:38,SOLUSDT,ask,145,10671.65
2024-08-17 08:58:42,SOLUSDT,ask,205,10785.819
2024-08-17 08:58:48,SOLUSDT,bid,111,16449.484
2024-08-17 08:58:51,SOLUSDT,ask,210,25692.691
2024-08-17 08:58:56,SOLUSDT,ask,152,10964.809
2024-08-17 08:59:07,SOLUSDT,ask,150,12104.92
2024-08-17 08:59:08,SOLUSDT,bid,111,16449.484
2024-08-17 08:59:09,SOLUSDT,ask,155,9550.869
2024-08-17 08:59:53,SOLUSDT,ask,165,15308.891
2024-08-17 08:59:54,SOLUSDT,ask,145,10681.635
2024-08-17 08:59:56,SOLUSDT,ask,152,10964.357
2024-08-17 09:00:13,SOLUSDT,bid,136,9045.638
2024-08-17 09:00:18,SOLUSDT,bid,132,9416.032
2024-08-17 09:00:31,SOLUSDT,bid,132,9415.484
2024-08-17 09:00:33,SOLUSDT,bid,111,16449.484
2024-08-17 09:00:37,SOLUSDT,ask,165,15302.696
2024-08-17 09:00:52,SOLUSDT,ask,145,10683.674
2024-08-17 09:00:53,SOLUSDT,bid,111,16449.484
2024-08-17 09:00:55,SOLUSDT,ask,165,15308.891
2024-08-17 09:00:59,SOLUSDT,bid,130,17649.985
2024-08-17 09:00:59,SOLUSDT,bid,100,37682.397
2024-08-17 09:01:07,SOLUSDT,bid,136,9047.871
2024-08-17 09:01:10,SOLUSDT,bid,120,25805.917
2024-08-17 09:01:10,SOLUSDT,bid,116,9293.457
2024-08-17 09:01:13,SOLUSDT,bid,111,16449.484
2024-08-17 09:01:20,SOLUSDT,bid,110,29127.299
2024-08-17 09:01:59,SOLUSDT,bid,125,20686.301
2024-08-17 09:02:06,SOLUSDT,bid,95,10864.279
2024-08-17 09:02:12,SOLUSDT,ask,151,6916.075
2024-08-17 09:02:15,SOLUSDT,bid,136,9048.856
2024-08-17 09:02:36,SOLUSDT,bid,130,17652.16
2024-08-17 09:02:38,SOLUSDT,bid,111,16449.584
2024-08-17 09:02:38,SOLUSDT,bid,111,16449.484
2024-08-17 09:02:38,SOLUSDT,ask,150,12105.077
2024-08-17 09:02:44,SOLUSDT,ask,155,9550.754
2024-08-17 09:02:45,SOLUSDT,ask,150,12104.92
2024-08-17 09:02:53,SOLUSDT,ask,150,12105.192
2024-08-17 09:02:57,SOLUSDT,bid,111,16449.484
2024-08-17 09:03:03,SOLUSDT,ask,150,12105.233
2024-08-17 09:03:17,SOLUSDT,bid,111,16449.484
2024-08-17 09:03:31,SOLUSDT,bid,105,9759.071
2024-08-17 09:03:44,SOLUSDT,bid,136,9048.998
2024-08-17 09:03:53,SOLUSDT,bid,122,8364.535
2024-08-17 09:04:43,SOLUSDT,bid,111,16449.484
2024-08-17 09:04:44,SOLUSDT,ask,145,10683.471
2024-08-17 09:04:46,SOLUSDT,bid,132,9414.424
2024-08-17 09:05:03,SOLUSDT,bid,111,16449.484
2024-08-17 09:05:13,SOLUSDT,ask,160,25366.221
2024-08-17 09:05:23,SOLUSDT,bid,130,17651.16
2024-08-17 09:05:23,SOLUSDT,bid,111,16449.484
2024-08-17 09:05:45,SOLUSDT,bid,120,25805.455
2024-08-17 09:05:46,SOLUSDT,bid,130,17650.734
2024-08-17 09:05:50,SOLUSDT,bid,122,8352.215
2024-08-17 09:05:53,SOLUSDT,ask,150,12100.806
2024-08-17 09:05:55,SOLUSDT,bid,132,9421.999
2024-08-17 09:05:56,SOLUSDT,ask,150,12100.863
2024-08-17 09:06:19,SOLUSDT,ask,145,10690.599
2024-08-17 09:06:29,SOLUSDT,bid,120,25798.637
2024-08-17 09:06:29,SOLUSDT,bid,110,29118.208
2024-08-17 09:06:43,SOLUSDT,ask,150,12108.301
2024-08-17 09:06:47,SOLUSDT,bid,111,16449.484
2024-08-17 09:06:47,SOLUSDT,bid,110,29072.754
2024-08-17 09:06:59,SOLUSDT,bid,130,17651.602
2024-08-17 09:07:01,SOLUSDT,bid,130,17644.679
2024-08-17 09:07:07,SOLUSDT,bid,111,16449.484
2024-08-17 09:07:07,SOLUSDT,bid,135,27101.67
2024-08-17 09:07:07,SOLUSDT,bid,130,17640.833
2024-08-17 09:07:07,SOLUSDT,bid,125,20683.731
2024-08-17 09:07:09,SOLUSDT,bid,135,27101.818
2024-08-17 09:07:27,SOLUSDT,bid,111,16449.484
2024-08-17 09:07:27,SOLUSDT,ask,150,12108.769
2024-08-17 09:07:28,SOLUSDT,bid,132,9729.327
2024-08-17 09:07:54,SOLUSDT,ask,155,9548.737
2024-08-17 09:08:01,SOLUSDT,ask,145,10703.22
2024-08-17 09:08:05,SOLUSDT,bid,125,20679.731
2024-08-17 09:08:29,SOLUSDT,bid,130,17464.149
2024-08-17 09:08:47,SOLUSDT,bid,130,17709.17
2024-08-17 09:08:47,SOLUSDT,ask,145,10703.423
2024-08-17 09:08:53,SOLUSDT,bid,111,16449.484
2024-08-17 09:09:01,SOLUSDT,bid,100,37687.339
2024-08-17 09:09:12,SOLUSDT,bid,111,16449.484
2024-08-17 09:09:18,SOLUSDT,bid,136,7852.215
2024-08-17 09:09:31,SOLUSDT,bid,111,16449.484
2024-08-17 09:09:32,SOLUSDT,bid,100,37682.396
2024-08-17 09:09:37,SOLUSDT,bid,135,27111.818
2024-08-17 09:09:50,SOLUSDT,bid,120,25298.637
2024-08-17 09:09:51,SOLUSDT,ask,156,20134.088
2024-08-17 09:09:51,SOLUSDT,bid,135,27111.109
2024-08-17 09:10:19,SOLUSDT,ask,150,12109.443
2024-08-17 09:10:21,SOLUSDT,bid,135,27272.109
2024-08-17 09:10:31,SOLUSDT,bid,130,17708.401
2024-08-17 09:10:50,SOLUSDT,ask,150,12109.402
2024-08-17 09:10:58,SOLUSDT,bid,111,16449.484
2024-08-17 09:11:01,SOLUSDT,bid,130,17580.997
2024-08-17 09:11:13,SOLUSDT,bid,101,10392.779
2024-08-17 09:11:18,SOLUSDT,bid,111,16449.484
2024-08-17 09:11:25,SOLUSDT,bid,135,27271.739
2024-08-17 09:11:31,SOLUSDT,ask,145,10703.541
2024-08-17 09:11:38,SOLUSDT,bid,111,16449.484
2024-08-17 09:11:49,SOLUSDT,bid,135,27297.797
2024-08-17 09:12:07,SOLUSDT,ask,145,10703.238
2024-08-17 09:12:32,SOLUSDT,bid,130,17579.997
2024-08-17 09:13:01,SOLUSDT,ask,165,15308.738
2024-08-17 09:13:02,SOLUSDT,bid,112,9214.632
2024-08-17 09:13:22,SOLUSDT,bid,112,9214.632
2024-08-17 09:13:28,SOLUSDT,bid,135,27297.427
2024-08-17 09:13:39,SOLUSDT,ask,350,4128.547
2024-08-17 09:13:39,SOLUSDT,bid,131,11506.331
2024-08-17 09:13:40,SOLUSDT,bid,135,27299.027
2024-08-17 09:13:42,SOLUSDT,bid,112,9214.632
2024-08-17 09:13:42,SOLUSDT,bid,96,12687.581
2024-08-17 09:13:45,SOLUSDT,bid,135,27306.434
2024-08-17 09:13:57,SOLUSDT,bid,110,29071.754
2024-08-17 09:13:59,SOLUSDT,ask,145,10717.538
2024-08-17 09:14:15,SOLUSDT,bid,136,7851.215
2024-08-17 09:14:21,SOLUSDT,bid,130,17580.397
2024-08-17 09:14:26,SOLUSDT,ask,158,16043.936
2024-08-17 09:14:33,SOLUSDT,ask,160,25375.82
2024-08-17 09:14:37,SOLUSDT,bid,131,11504.297
2024-08-17 09:14:40,SOLUSDT,ask,145,10735.402
2024-08-17 09:14:40,SOLUSDT,bid,120,25476.345
2024-08-17 09:14:43,SOLUSDT,bid,136,7847.415
2024-08-17 09:14:45,SOLUSDT,bid,132,9731.345
2024-08-17 09:14:51,SOLUSDT,bid,135,27372.257
2024-08-17 09:14:57,SOLUSDT,bid,135,27306.434
2024-08-17 09:15:02,SOLUSDT,ask,145,10734.403
2024-08-17 09:15:05,SOLUSDT,bid,122,8425.052
2024-08-17 09:15:08,SOLUSDT,bid,111,16449.484
2024-08-17 09:15:12,SOLUSDT,ask,150,12102.875
2024-08-17 09:15:28,SOLUSDT,bid,111,16449.484
2024-08-17 09:15:48,SOLUSDT,bid,111,16449.484
2024-08-17 09:16:00,SOLUSDT,bid,120,25473.514
2024-08-17 09:16:07,SOLUSDT,bid,100,37661.646
2024-08-17 09:16:17,SOLUSDT,bid,130,17580.897
2024-08-17 09:16:17,SOLUSDT,bid,120,25490.806
2024-08-17 09:16:17,SOLUSDT,bid,135,27299.027
2024-08-17 09:16:19,SOLUSDT,bid,135,27298.954
2024-08-17 09:16:21,SOLUSDT,ask,145,10735.649
2024-08-17 09:16:22,SOLUSDT,ask,150,12103.239
2024-08-17 09:16:32,SOLUSDT,ask,160,25376.185
2024-08-17 09:16:32,SOLUSDT,bid,131,11511.93
2024-08-17 09:16:55,SOLUSDT,bid,136,7850.305
2024-08-17 09:17:10,SOLUSDT,bid,135,27299.493
2024-08-17 09:17:13,SOLUSDT,bid,111,16449.484
2024-08-17 09:17:21,SOLUSDT,ask,145,10737.797
2024-08-17 09:17:22,SOLUSDT,bid,135,27299.863
2024-08-17 09:17:33,SOLUSDT,bid,111,16449.484
2024-08-17 09:17:44,SOLUSDT,bid,120,25492.654
2024-08-17 09:17:47,SOLUSDT,ask,152,10963.189
2024-08-17 09:17:47,SOLUSDT,ask,145,10737.046
2024-08-17 09:17:49,SOLUSDT,bid,130,17580.76
2024-08-17 09:17:53,SOLUSDT,bid,111,16449.484
2024-08-17 09:18:06,SOLUSDT,ask,150,12102.619
2024-08-17 09:18:08,SOLUSDT,ask,700,1673.853
2024-08-17 09:18:09,SOLUSDT,bid,110,29070.754
2024-08-17 09:18:11,SOLUSDT,bid,125,20679.812
2024-08-17 09:18:16,SOLUSDT,ask,700,1672.853
2024-08-17 09:18:19,SOLUSDT,bid,80,29633.808
2024-08-17 09:18:31,SOLUSDT,ask,300,9093.734
2024-08-17 09:18:39,SOLUSDT,ask,300,9092.734
2024-08-17 09:18:55,SOLUSDT,ask,145,10736.389
2024-08-17 09:19:11,SOLUSDT,bid,130,17596.144
2024-08-17 09:19:17,SOLUSDT,bid,111,16449.484
2024-08-17 09:19:37,SOLUSDT,bid,111,16449.484
2024-08-17 09:19:55,SOLUSDT,ask,145,10738.532
2024-08-17 09:19:58,SOLUSDT,bid,111,16449.484
2024-08-17 09:20:02,SOLUSDT,bid,130,17595.144
2024-08-17 09:20:04,SOLUSDT,bid,130,17535.144
2024-08-17 09:20:13,SOLUSDT,bid,130,17635.144
2024-08-17 09:20:16,SOLUSDT,bid,120,25491.821
2024-08-17 09:20:30,SOLUSDT,ask,160,25377.191
2024-08-17 09:20:41,SOLUSDT,ask,145,10738.433
2024-08-17 09:20:55,SOLUSDT,ask,145,10736.29
2024-08-17 09:21:06,SOLUSDT,bid,120,25493.463
2024-08-17 09:21:20,SOLUSDT,bid,130,17634.76
2024-08-17 09:21:22,SOLUSDT,bid,111,16449.484
2024-08-17 09:21:31,SOLUSDT,ask,150,12113.622
2024-08-17 09:21:33,SOLUSDT,bid,120,25510.778
2024-08-17 09:21:42,SOLUSDT,bid,111,16449.484
2024-08-17 09:22:02,SOLUSDT,bid,111,16449.484
2024-08-17 09:22:17,SOLUSDT,ask,150,12116.011
2024-08-17 09:22:32,SOLUSDT,bid,125,20174.173
2024-08-17 09:22:32,SOLUSDT,ask,170,12310.019
2024-08-17 09:22:35,SOLUSDT,bid,136,7849.459
2024-08-17 09:22:48,SOLUSDT,ask,160,25376.185
2024-08-17 09:23:09,SOLUSDT,ask,145,11339.582
2024-08-17 09:23:20,SOLUSDT,bid,135,27299.07
2024-08-17 09:23:22,SOLUSDT,ask,145,11337.584
2024-08-17 09:23:27,SOLUSDT,bid,111,16449.584
2024-08-17 09:23:27,SOLUSDT,bid,111,16449.484
2024-08-17 09:23:29,SOLUSDT,bid,130,17635.529
2024-08-17 09:23:41,SOLUSDT,ask,154,17460.202
2024-08-17 09:23:43,SOLUSDT,bid,122,8424.052
2024-08-17 09:23:44,SOLUSDT,bid,100,37761.646
2024-08-17 09:23:47,SOLUSDT,bid,111,16449.484
2024-08-17 09:23:55,SOLUSDT,bid,130,17636.529
2024-08-17 09:24:00,SOLUSDT,bid,120,25515.778
2024-08-17 09:24:04,SOLUSDT,bid,120,25517.166
2024-08-17 09:24:07,SOLUSDT,bid,111,16449.484
2024-08-17 09:24:07,SOLUSDT,ask,156,20136.42
2024-08-17 09:24:09,SOLUSDT,bid,115,22470.699
2024-08-17 09:24:19,SOLUSDT,bid,110,29080.754
2024-08-17 09:24:33,SOLUSDT,ask,145,11338.591
2024-08-17 09:24:37,SOLUSDT,ask,160,25366.586
2024-08-17 09:24:43,SOLUSDT,bid,105,9766.071
2024-08-17 09:24:51,SOLUSDT,bid,100,37771.646
2024-08-17 09:24:54,SOLUSDT,bid,100,37821.646
2024-08-17 09:24:57,SOLUSDT,ask,158,16045.686
2024-08-17 09:24:58,SOLUSDT,bid,130,17636.388
2024-08-17 09:24:58,SOLUSDT,ask,150,12115.87
2024-08-17 09:24:59,SOLUSDT,bid,100,37721.646
2024-08-17 09:25:14,SOLUSDT,bid,95,10876.385
2024-08-17 09:25:14,SOLUSDT,bid,136,7849.973
2024-08-17 09:25:18,SOLUSDT,ask,152,10962.466
2024-08-17 09:25:24,SOLUSDT,ask,160,25356.577
2024-08-17 09:25:27,SOLUSDT,ask,145,11341.182
2024-08-17 09:25:32,SOLUSDT,bid,111,16449.484
2024-08-17 09:25:42,SOLUSDT,ask,150,12119.234
2024-08-17 09:25:45,SOLUSDT,ask,156,20134.088
2024-08-17 09:25:48,SOLUSDT,bid,136,7849.459
2024-08-17 09:25:48,SOLUSDT,bid,120,25517.68
2024-08-17 09:25:53,SOLUSDT,bid,111,16449.484
2024-08-17 09:25:55,SOLUSDT,ask,155,9552.381
2024-08-17 09:25:56,SOLUSDT,bid,136,7849.498
2024-08-17 09:25:57,SOLUSDT,bid,132,9731.384
2024-08-17 09:25:58,SOLUSDT,bid,130,17636.427
2024-08-17 09:25:58,SOLUSDT,bid,125,20176.073
2024-08-17 09:26:01,SOLUSDT,bid,120,25517.166
2024-08-17 09:26:01,SOLUSDT,bid,118,9350.043
2024-08-17 09:26:05,SOLUSDT,bid,118,9349.529
2024-08-17 09:26:12,SOLUSDT,bid,135,27300.07
2024-08-17 09:26:12,SOLUSDT,bid,111,16449.484
2024-08-17 09:26:18,SOLUSDT,bid,118,9350.122
2024-08-17 09:26:41,SOLUSDT,ask,160,25320.696
2024-08-17 09:26:52,SOLUSDT,ask,145,11377.063
2024-08-17 09:27:02,SOLUSDT,bid,122,8422.504
2024-08-17 09:27:02,SOLUSDT,ask,160,25320.614
2024-08-17 09:27:17,SOLUSDT,ask,180,22586.265
2024-08-17 09:27:22,SOLUSDT,ask,190,29027.034
2024-08-17 09:27:37,SOLUSDT,bid,135,27299.276
2024-08-17 09:27:38,SOLUSDT,bid,111,16449.484
2024-08-17 09:27:41,SOLUSDT,ask,150,12119.311
2024-08-17 09:27:42,SOLUSDT,ask,145,11377.14
2024-08-17 09:27:46,SOLUSDT,bid,136,7849.575
2024-08-17 09:27:47,SOLUSDT,bid,135,27299.353
2024-08-17 09:27:47,SOLUSDT,bid,125,20176.153
2024-08-17 09:27:48,SOLUSDT,bid,132,9731.461
2024-08-17 09:27:49,SOLUSDT,bid,131,11512.007
2024-08-17 09:27:49,SOLUSDT,bid,130,17636.504
2024-08-17 09:27:58,SOLUSDT,bid,111,16449.484
2024-08-17 09:27:59,SOLUSDT,ask,145,11397.12
2024-08-17 09:28:18,SOLUSDT,bid,111,16449.484
2024-08-17 09:28:38,SOLUSDT,bid,135,27305.656
2024-08-17 09:28:47,SOLUSDT,bid,135,27307.024
2024-08-17 09:28:51,SOLUSDT,ask,150,12117.597
2024-08-17 09:29:02,SOLUSDT,bid,110,29078.711
2024-08-17 09:29:02,SOLUSDT,bid,130,17621.12
2024-08-17 09:29:09,SOLUSDT,bid,125,20144.153
2024-08-17 09:29:14,SOLUSDT,bid,135,27280.966
2024-08-17 09:29:18,SOLUSDT,bid,115,22440.819
2024-08-17 09:29:22,SOLUSDT,bid,130,17618.961
2024-08-17 09:29:27,SOLUSDT,ask,145,11416.744
2024-08-17 09:29:28,SOLUSDT,ask,150,12119.512
2024-08-17 09:29:43,SOLUSDT,bid,111,16449.484
2024-08-17 09:30:03,SOLUSDT,bid,111,16449.584
2024-08-17 09:30:03,SOLUSDT,bid,111,16449.484
2024-08-17 09:30:05,SOLUSDT,bid,130,17618.909
2024-08-17 09:30:12,SOLUSDT,ask,145,11414.153
2024-08-17 09:30:14,SOLUSDT,ask,150,12116.148
2024-08-17 09:30:15,SOLUSDT,ask,155,9548.737
2024-08-17 09:30:23,SOLUSDT,bid,111,16449.484
2024-08-17 09:30:28,SOLUSDT,ask,200,44447.427
2024-08-17 09:30:40,SOLUSDT,ask,200,44437.828
2024-08-17 09:30:42,SOLUSDT,bid,130,17601.753
2024-08-17 09:30:42,SOLUSDT,ask,145,11413.031
2024-08-17 09:30:44,SOLUSDT,bid,100,37671.646
2024-08-17 09:30:54,SOLUSDT,bid,130,17599.121
2024-08-17 09:31:04,SOLUSDT,bid,130,17569.121
2024-08-17 09:31:06,SOLUSDT,ask,145,11412.024
2024-08-17 09:31:09,SOLUSDT,ask,180,22586.156
2024-08-17 09:31:10,SOLUSDT,bid,135,27281.336
2024-08-17 09:31:13,SOLUSDT,ask,152,10963.473
2024-08-17 09:31:21,SOLUSDT,bid,130,17569.505
2024-08-17 09:31:22,SOLUSDT,ask,145,11410.256
2024-08-17 09:31:29,SOLUSDT,bid,130,17599.505
2024-08-17 09:31:45,SOLUSDT,ask,150,12125.747
2024-08-17 09:31:47,SOLUSDT,bid,111,16449.484
2024-08-17 09:31:49,SOLUSDT,ask,150,12116.148
2024-08-17 09:32:03,SOLUSDT,bid,130,17569.505
2024-08-17 09:32:07,SOLUSDT,bid,111,16449.484
2024-08-17 09:32:10,SOLUSDT,ask,200,44437.918
2024-08-17 09:32:21,SOLUSDT,ask,145,11460.256
2024-08-17 09:32:25,SOLUSDT,ask,150,12116.248
2024-08-17 09:32:27,SOLUSDT,bid,111,16449.484
2024-08-17 09:32:30,SOLUSDT,ask,500,6146.886
2024-08-17 09:32:39,SOLUSDT,bid,130,17599.505
2024-08-17 09:32:53,SOLUSDT,ask,150,12123.248
2024-08-17 09:33:06,SOLUSDT,bid,132,9727.199
2024-08-17 09:33:07,SOLUSDT,ask,145,11459.076
2024-08-17 09:33:10,SOLUSDT,bid,135,27277.174
2024-08-17 09:33:16,SOLUSDT,ask,155,9551.336
2024-08-17 09:33:34,SOLUSDT,bid,100,37573.93
2024-08-17 09:33:45,SOLUSDT,bid,115,22441.819
2024-08-17 09:33:48,SOLUSDT,bid,120,25517.631
2024-08-17 09:33:49,SOLUSDT,bid,135,27275.427
2024-08-17 09:33:53,SOLUSDT,bid,111,16449.484
2024-08-17 09:34:02,SOLUSDT,bid,130,17603.828
2024-08-17 09:34:03,SOLUSDT,bid,135,27276.538
2024-08-17 09:34:13,SOLUSDT,bid,111,16449.484
2024-08-17 09:34:19,SOLUSDT,ask,156,20128.094
2024-08-17 09:34:28,SOLUSDT,bid,115,22435.819
2024-08-17 09:34:33,SOLUSDT,bid,111,16449.584
2024-08-17 09:34:33,SOLUSDT,bid,111,16449.484
2024-08-17 09:35:27,SOLUSDT,bid,135,27277.943
2024-08-17 09:35:59,SOLUSDT,bid,111,16449.484
2024-08-17 09:36:03,SOLUSDT,bid,136,7849.685
2024-08-17 09:36:10,SOLUSDT,bid,136,7853.397
2024-08-17 09:36:18,SOLUSDT,ask,160,25568.588
2024-08-17 09:36:18,SOLUSDT,bid,111,16449.484
2024-08-17 09:36:29,SOLUSDT,ask,152,10966.317
2024-08-17 09:36:34,SOLUSDT,ask,155,9180.023
2024-08-17 09:36:38,SOLUSDT,bid,111,16449.484
2024-08-17 09:36:59,SOLUSDT,ask,155,9177.424
2024-08-17 09:37:00,SOLUSDT,ask,150,12116.248
2024-08-17 09:37:05,SOLUSDT,ask,156,20128.444
2024-08-17 09:37:13,SOLUSDT,ask,145,11459.576
2024-08-17 09:37:20,SOLUSDT,bid,132,9726.84
2024-08-17 09:37:30,SOLUSDT,bid,111,16353.002
2024-08-17 09:37:46,SOLUSDT,bid,111,16350.512
2024-08-17 09:38:03,SOLUSDT,bid,111,16350.612
2024-08-17 09:38:03,SOLUSDT,bid,111,16350.512
2024-08-17 09:38:10,SOLUSDT,ask,145,11461.3
2024-08-17 09:38:20,SOLUSDT,bid,115,22414.167
2024-08-17 09:38:22,SOLUSDT,bid,120,25496.798
2024-08-17 09:38:23,SOLUSDT,bid,120,25491.407
2024-08-17 09:38:23,SOLUSDT,bid,111,16350.612
2024-08-17 09:38:23,SOLUSDT,bid,111,16350.512
2024-08-17 09:38:42,SOLUSDT,bid,110,29080.131
2024-08-17 09:38:43,SOLUSDT,bid,111,16350.612
2024-08-17 09:38:43,SOLUSDT,bid,111,16350.512
2024-08-17 09:38:59,SOLUSDT,bid,135,27276.538
2024-08-17 09:39:03,SOLUSDT,bid,135,27366.538
2024-08-17 09:39:13,SOLUSDT,bid,125,20116.054
2024-08-17 09:39:15,SOLUSDT,bid,130,17605.287
2024-08-17 09:39:29,SOLUSDT,bid,130,17605.671
2024-08-17 09:39:40,SOLUSDT,bid,136,7853.346
2024-08-17 09:39:54,SOLUSDT,ask,145,11461.994
2024-08-17 09:40:00,SOLUSDT,ask,143,7577.101
2024-08-17 09:40:02,SOLUSDT,ask,163,16943.918
2024-08-17 09:40:04,SOLUSDT,bid,132,9727.84
2024-08-17 09:40:04,SOLUSDT,bid,130,17604.671
2024-08-17 09:40:08,SOLUSDT,bid,111,16350.512
2024-08-17 09:40:08,SOLUSDT,bid,130,17604.013
2024-08-17 09:40:22,SOLUSDT,ask,143,7498.517
2024-08-17 09:40:28,SOLUSDT,bid,111,16350.612
2024-08-17 09:40:28,SOLUSDT,bid,111,16350.512
2024-08-17 09:40:31,SOLUSDT,ask,143,7503.322
2024-08-17 09:40:42,SOLUSDT,bid,135,27367.538
2024-08-17 09:40:48,SOLUSDT,bid,111,16350.512
2024-08-17 09:40:50,SOLUSDT,bid,120,25491.307
2024-08-17 09:40:52,SOLUSDT,ask,145,11462.312
2024-08-17 09:41:17,SOLUSDT,bid,136,8584.398
2024-08-17 09:41:31,SOLUSDT,ask,165,15311.33
2024-08-17 09:41:42,SOLUSDT,ask,152,10983.38
2024-08-17 09:41:56,SOLUSDT,bid,110,29079.068
2024-08-17 09:42:09,SOLUSDT,bid,136,8579.398
2024-08-17 09:42:13,SOLUSDT,bid,111,16350.512
2024-08-17 09:42:14,SOLUSDT,bid,136,8576.566
2024-08-17 09:42:16,SOLUSDT,ask,143,7531.925
2024-08-17 09:42:19,SOLUSDT,bid,136,8582.75
2024-08-17 09:42:33,SOLUSDT,bid,111,16350.512
2024-08-17 09:42:53,SOLUSDT,bid,111,16350.512
2024-08-17 09:43:10,SOLUSDT,ask,145,11462.715
2024-08-17 09:43:10,SOLUSDT,ask,150,12108.81
2024-08-17 09:43:12,SOLUSDT,bid,136,8585.582
2024-08-17 09:44:12,SOLUSDT,ask,145,11462.397
2024-08-17 09:44:17,SOLUSDT,bid,111,16350.512
2024-08-17 09:44:20,SOLUSDT,bid,136,8585.889
2024-08-17 09:44:20,SOLUSDT,bid,135,27367.231
2024-08-17 09:44:26,SOLUSDT,ask,200,44438.236
2024-08-17 09:44:37,SOLUSDT,bid,111,16350.512
2024-08-17 09:44:46,SOLUSDT,ask,158,16045.462
2024-08-17 09:44:46,SOLUSDT,ask,190,29026.81
2024-08-17 09:44:47,SOLUSDT,bid,136,8583.928
2024-08-17 09:44:57,SOLUSDT,bid,111,16350.512
2024-08-17 09:45:02,SOLUSDT,ask,150,12109.383
2024-08-17 09:45:35,SOLUSDT,bid,132,9726.84
2024-08-17 09:45:50,SOLUSDT,ask,145,11448.768
2024-08-17 09:45:52,SOLUSDT,bid,111,16314.512
2024-08-17 09:45:56,SOLUSDT,ask,155,9189.424
2024-08-17 09:46:02,SOLUSDT,bid,132,9726.88
2024-08-17 09:46:16,SOLUSDT,bid,136,8590.533
2024-08-17 09:46:19,SOLUSDT,bid,135,27367.379
2024-08-17 09:46:22,SOLUSDT,bid,111,16314.512
2024-08-17 09:46:36,SOLUSDT,bid,101,10423.779
2024-08-17 09:46:42,SOLUSDT,bid,111,16314.512
2024-08-17 09:46:54,SOLUSDT,bid,136,8589.533
2024-08-17 09:47:03,SOLUSDT,bid,111,16314.512
2024-08-17 09:47:05,SOLUSDT,bid,101,10424.779
2024-08-17 09:47:14,SOLUSDT,bid,110,29079.022
2024-08-17 09:47:14,SOLUSDT,bid,115,22411.728
2024-08-17 09:47:31,SOLUSDT,ask,150,12101.674
2024-08-17 09:47:33,SOLUSDT,ask,145,11447.769
2024-08-17 09:47:40,SOLUSDT,bid,135,27367.66
2024-08-17 09:48:00,SOLUSDT,bid,136,8639.533
2024-08-17 09:48:02,SOLUSDT,ask,170,12316.889
2024-08-17 09:48:13,SOLUSDT,bid,131,11509.965
2024-08-17 09:48:17,SOLUSDT,bid,135,27367.46
2024-08-17 09:48:27,SOLUSDT,bid,111,16314.512
2024-08-17 09:48:47,SOLUSDT,bid,111,16314.512
2024-08-17 09:49:07,SOLUSDT,bid,111,16314.512
2024-08-17 09:49:16,SOLUSDT,ask,155,9181.516
2024-08-17 09:49:17,SOLUSDT,bid,136,8638.533
2024-08-17 09:49:18,SOLUSDT,bid,135,27367.179
2024-08-17 09:49:22,SOLUSDT,bid,115,22412.331
2024-08-17 09:49:24,SOLUSDT,ask,145,11443.849
2024-08-17 09:49:39,SOLUSDT,ask,170,12316.935
2024-08-17 09:49:40,SOLUSDT,bid,136,8626.769
2024-08-17 09:50:55,SOLUSDT,bid,111,16314.512
2024-08-17 09:51:04,SOLUSDT,bid,100,37576.443
2024-08-17 09:51:12,SOLUSDT,ask,150,12101.933
2024-08-17 09:51:12,SOLUSDT,ask,145,11443.472
2024-08-17 09:51:12,SOLUSDT,bid,135,27367.273
2024-08-17 09:51:12,SOLUSDT,bid,130,17604.249
2024-08-17 09:51:19,SOLUSDT,bid,111,16314.512
2024-08-17 09:51:53,SOLUSDT,ask,150,11825.267
2024-08-17 09:51:54,SOLUSDT,bid,136,8629.415
2024-08-17 09:52:25,SOLUSDT,ask,143,7532.791
2024-08-17 09:52:29,SOLUSDT,ask,150,11829.534
2024-08-17 09:52:34,SOLUSDT,ask,150,11830.501
2024-08-17 09:52:34,SOLUSDT,bid,116,9291.466
2024-08-17 09:52:40,SOLUSDT,bid,111,16314.512
2024-08-17 09:52:58,SOLUSDT,bid,111,16314.512
2024-08-17 09:53:10,SOLUSDT,ask,145,11444.276
2024-08-17 09:53:20,SOLUSDT,bid,111,16314.512
2024-08-17 09:53:41,SOLUSDT,bid,118,9348.714
2024-08-17 09:53:55,SOLUSDT,bid,120,25493.795
2024-08-17 09:54:07,SOLUSDT,bid,105,9767.213
2024-08-17 09:54:08,SOLUSDT,ask,158,16038.696
2024-08-17 09:54:38,SOLUSDT,bid,135,27357.273
2024-08-17 09:54:43,SOLUSDT,bid,111,16314.512
2024-08-17 09:54:43,SOLUSDT,bid,131,11510.33
2024-08-17 09:54:44,SOLUSDT,ask,160,25573.056
2024-08-17 09:54:47,SOLUSDT,ask,190,29027.417
2024-08-17 09:54:51,SOLUSDT,bid,130,17603.962
2024-08-17 09:54:51,SOLUSDT,ask,145,11449.181
2024-08-17 09:55:03,SOLUSDT,bid,111,16314.512
2024-08-17 09:55:23,SOLUSDT,bid,111,16314.512
2024-08-17 09:55:27,SOLUSDT,ask,160,25571.613
2024-08-17 09:55:30,SOLUSDT,bid,130,17604.346
2024-08-17 09:56:13,SOLUSDT,bid,105,9768.713
2024-08-17 09:56:21,SOLUSDT,ask,145,11450.181
2024-08-17 09:56:33,SOLUSDT,ask,145,11451.181
2024-08-17 09:56:35,SOLUSDT,ask,145,11450.181
2024-08-17 09:56:39,SOLUSDT,bid,100,37575.193
2024-08-17 09:56:48,SOLUSDT,bid,111,16314.512
2024-08-17 09:56:49,SOLUSDT,ask,150,11831.001
2024-08-17 09:56:50,SOLUSDT,bid,105,9770.213
2024-08-17 09:57:04,SOLUSDT,ask,155,9182.016
2024-08-17 09:57:08,SOLUSDT,bid,111,16314.512
2024-08-17 09:57:26,SOLUSDT,ask,145,11450.145
2024-08-17 09:57:26,SOLUSDT,ask,150,11831.037
2024-08-17 09:57:28,SOLUSDT,ask,145,11443.529
2024-08-17 09:57:28,SOLUSDT,bid,111,16314.512
2024-08-17 09:57:59,SOLUSDT,bid,115,22413.331
2024-08-17 09:57:59,SOLUSDT,ask,145,11450.145
2024-08-17 09:58:05,SOLUSDT,bid,135,27356.162
2024-08-17 09:58:10,SOLUSDT,bid,115,22412.331
2024-08-17 09:58:43,SOLUSDT,bid,136,8629.95
2024-08-17 09:58:53,SOLUSDT,bid,111,16314.512
2024-08-17 09:59:00,SOLUSDT,bid,135,27335.888
2024-08-17 09:59:13,SOLUSDT,bid,111,16314.512
2024-08-17 09:59:23,SOLUSDT,bid,135,27334.994
2024-08-17 09:59:26,SOLUSDT,bid,115,22412.245
2024-08-17 09:59:32,SOLUSDT,bid,111,16314.512
2024-08-17 09:59:49,SOLUSDT,ask,160,25576.679
2024-08-17 09:59:53,SOLUSDT,bid,101,10423.779
2024-08-17 10:00:09,SOLUSDT,ask,145,11450.585
2024-08-17 10:00:28,SOLUSDT,bid,135,27353.988
2024-08-17 10:00:34,SOLUSDT,bid,131,11509.218
2024-08-17 10:00:34,SOLUSDT,ask,150,11832.751
2024-08-17 10:00:57,SOLUSDT,bid,111,16314.512
2024-08-17 10:01:00,SOLUSDT,ask,163,16946.241
2024-08-17 10:01:00,SOLUSDT,ask,185,16699.727
2024-08-17 10:01:04,SOLUSDT,ask,143,7531.791
2024-08-17 10:01:16,SOLUSDT,ask,175,14443.453
2024-08-17 10:01:17,SOLUSDT,bid,111,16314.512
2024-08-17 10:01:24,SOLUSDT,bid,131,11335.841
2024-08-17 10:01:27,SOLUSDT,bid,136,8796.953
2024-08-17 10:01:31,SOLUSDT,ask,150,11832.715
2024-08-17 10:01:37,SOLUSDT,bid,111,16314.512
2024-08-17 10:01:38,SOLUSDT,bid,130,17602.104
2024-08-17 10:01:43,SOLUSDT,ask,143,7532.791
2024-08-17 10:01:48,SOLUSDT,ask,155,9181.016
2024-08-17 10:01:48,SOLUSDT,ask,155,9188.924
2024-08-17 10:02:01,SOLUSDT,bid,125,19922.915
2024-08-17 10:02:01,SOLUSDT,bid,120,25686.934
2024-08-17 10:02:04,SOLUSDT,bid,130,17603.225
2024-08-17 10:02:11,SOLUSDT,bid,120,25688.148
2024-08-17 10:02:22,SOLUSDT,bid,130,17398.899
2024-08-17 10:02:26,SOLUSDT,ask,170,12316.811
2024-08-17 10:02:34,SOLUSDT,ask,145,11451.085
2024-08-17 10:02:37,SOLUSDT,bid,116,9499.09
2024-08-17 10:02:42,SOLUSDT,bid,100,37565.193
2024-08-17 10:02:42,SOLUSDT,ask,152,10982.88
2024-08-17 10:02:42,SOLUSDT,bid,90,22002.465
2024-08-17 10:02:44,SOLUSDT,ask,145,11431.105
2024-08-17 10:02:44,SOLUSDT,ask,160,25572.211
2024-08-17 10:02:45,SOLUSDT,bid,135,27354.573
2024-08-17 10:02:59,SOLUSDT,ask,143,7587.432
2024-08-17 10:03:02,SOLUSDT,bid,111,16314.512
2024-08-17 10:03:07,SOLUSDT,bid,116,9291.466
2024-08-17 10:03:08,SOLUSDT,bid,120,25495.009
2024-08-17 10:03:15,SOLUSDT,ask,163,16947.775
2024-08-17 10:03:16,SOLUSDT,bid,110,29074.583
2024-08-17 10:03:22,SOLUSDT,bid,111,16314.512
2024-08-17 10:03:33,SOLUSDT,bid,135,27353.957
2024-08-17 10:03:38,SOLUSDT,bid,120,25673.534
2024-08-17 10:03:40,SOLUSDT,bid,130,17389.099
2024-08-17 10:03:42,SOLUSDT,bid,111,16314.512
2024-08-17 10:03:52,SOLUSDT,bid,115,22659.261
2024-08-17 10:04:01,SOLUSDT,ask,143,7587.109
2024-08-17 10:04:08,SOLUSDT,bid,125,19912.76
2024-08-17 10:04:32,SOLUSDT,ask,185,16700.07
2024-08-17 10:04:42,SOLUSDT,bid,135,27356.957
2024-08-17 10:04:52,SOLUSDT,bid,132,9741.894
2024-08-17 10:05:10,SOLUSDT,bid,111,16314.512
2024-08-17 10:05:30,SOLUSDT,bid,111,16314.512
2024-08-17 10:05:50,SOLUSDT,bid,111,16314.512
2024-08-17 10:05:52,SOLUSDT,ask,145,11433.256
2024-08-17 10:06:22,SOLUSDT,ask,160,25566.567
2024-08-17 10:06:30,SOLUSDT,ask,150,11832.816
2024-08-17 10:06:36,SOLUSDT,bid,130,17388.65
2024-08-17 10:06:43,SOLUSDT,bid,130,17392.497
2024-08-17 10:06:44,SOLUSDT,bid,135,27357.389
2024-08-17 10:06:46,SOLUSDT,ask,195,12014.191
2024-08-17 10:06:46,SOLUSDT,ask,143,7591.118
2024-08-17 10:07:02,SOLUSDT,bid,136,8804.527
2024-08-17 10:07:11,SOLUSDT,bid,111,16314.512
2024-08-17 10:07:18,SOLUSDT,bid,115,22659.347
2024-08-17 10:07:31,SOLUSDT,bid,111,16314.512
2024-08-17 10:07:51,SOLUSDT,bid,111,16314.512
2024-08-17 10:08:02,SOLUSDT,bid,136,8796.953
2024-08-17 10:08:12,SOLUSDT,bid,120,25673.451
2024-08-17 10:08:58,SOLUSDT,ask,150,11832.467
2024-08-17 10:09:03,SOLUSDT,ask,145,11433.688
2024-08-17 10:09:11,SOLUSDT,bid,135,27356.774
2024-08-17 10:09:13,SOLUSDT,ask,150,11832.82
2024-08-17 10:09:17,SOLUSDT,bid,111,16314.512
2024-08-17 10:09:37,SOLUSDT,bid,111,16314.512
2024-08-17 10:09:38,SOLUSDT,bid,130,17392.602
2024-08-17 10:09:57,SOLUSDT,bid,111,16314.512
2024-08-17 10:10:00,SOLUSDT,ask,154,17459.881
2024-08-17 10:10:03,SOLUSDT,ask,143,7591.54
2024-08-17 10:10:08,SOLUSDT,bid,136,8799.192
2024-08-17 10:10:17,SOLUSDT,ask,160,25554.98
2024-08-17 10:10:19,SOLUSDT,ask,143,7614.017
2024-08-17 10:10:22,SOLUSDT,ask,152,10980.552
2024-08-17 10:10:23,SOLUSDT,ask,152,10980.098
2024-08-17 10:10:28,SOLUSDT,ask,150,11831.487
2024-08-17 10:11:01,SOLUSDT,bid,136,8801.492
2024-08-17 10:11:01,SOLUSDT,bid,112,9210.116
2024-08-17 10:11:04,SOLUSDT,bid,136,8799.253
2024-08-17 10:11:09,SOLUSDT,bid,136,8161.387
2024-08-17 10:11:20,SOLUSDT,ask,145,11433.122
2024-08-17 10:11:22,SOLUSDT,bid,111,16314.512
2024-08-17 10:11:23,SOLUSDT,bid,110,29079.65
2024-08-17 10:11:42,SOLUSDT,bid,111,16314.512
2024-08-17 10:11:52,SOLUSDT,ask,150,11828.604
2024-08-17 10:12:00,SOLUSDT,bid,136,8163.436
2024-08-17 10:12:02,SOLUSDT,bid,111,16314.512
2024-08-17 10:12:13,SOLUSDT,ask,145,11429.126
2024-08-17 10:12:14,SOLUSDT,ask,190,29027.377
2024-08-17 10:12:23,SOLUSDT,ask,145,11432.009
2024-08-17 10:12:32,SOLUSDT,bid,120,25671.848
2024-08-17 10:12:33,SOLUSDT,bid,130,17391.123
2024-08-17 10:12:39,SOLUSDT,ask,143,7615.866
2024-08-17 10:12:45,SOLUSDT,bid,136,8164.85
2024-08-17 10:12:45,SOLUSDT,bid,110,29074.583
2024-08-17 10:12:54,SOLUSDT,bid,130,17392.602
2024-08-17 10:12:55,SOLUSDT,bid,110,29077.116
2024-08-17 10:13:01,SOLUSDT,bid,120,25674.171
2024-08-17 10:13:11,SOLUSDT,ask,160,25554.823
2024-08-17 10:13:15,SOLUSDT,ask,161,15376.14
2024-08-17 10:13:24,SOLUSDT,bid,112,9208.108
2024-08-17 10:13:27,SOLUSDT,bid,125,19920.515
2024-08-17 10:13:27,SOLUSDT,bid,111,16314.512
2024-08-17 10:13:31,SOLUSDT,ask,190,29027.425
2024-08-17 10:13:32,SOLUSDT,bid,110,29077.164
2024-08-17 10:13:39,SOLUSDT,bid,110,29079.209
2024-08-17 10:13:40,SOLUSDT,ask,145,11433.35
2024-08-17 10:13:48,SOLUSDT,bid,111,16314.512
2024-08-17 10:13:48,SOLUSDT,ask,150,11828.761
2024-08-17 10:14:08,SOLUSDT,bid,111,16314.512
2024-08-17 10:14:23,SOLUSDT,bid,120,25341.171
2024-08-17 10:14:27,SOLUSDT,ask,143,7625.466
2024-08-17 10:14:32,SOLUSDT,bid,132,9741.854
2024-08-17 10:14:33,SOLUSDT,bid,136,8173.021
2024-08-17 10:14:34,SOLUSDT,ask,150,11827.761
2024-08-17 10:15:19,SOLUSDT,bid,101,10423.577
2024-08-17 10:15:19,SOLUSDT,bid,80,29633.606
2024-08-17 10:15:19,SOLUSDT,ask,161,15375.938
2024-08-17 10:15:19,SOLUSDT,ask,180,22585.954
2024-08-17 10:15:28,SOLUSDT,bid,125,19919.715
2024-08-17 10:15:32,SOLUSDT,bid,111,16314.512
2024-08-17 10:15:35,SOLUSDT,ask,145,11433.399
2024-08-17 10:15:46,SOLUSDT,bid,135,27356.812
2024-08-17 10:15:52,SOLUSDT,bid,111,16314.512
2024-08-17 10:16:12,SOLUSDT,bid,111,16314.512
2024-08-17 10:16:28,SOLUSDT,ask,145,11449.909
2024-08-17 10:17:11,SOLUSDT,ask,152,10965.098
2024-08-17 10:17:11,SOLUSDT,ask,158,16053.696
2024-08-17 10:17:23,SOLUSDT,ask,143,7626.896
2024-08-17 10:17:37,SOLUSDT,bid,111,16314.512
2024-08-17 10:17:42,SOLUSDT,bid,136,8160.675
2024-08-17 10:17:56,SOLUSDT,ask,210,25692.725
2024-08-17 10:17:57,SOLUSDT,bid,111,16314.512
2024-08-17 10:18:01,SOLUSDT,bid,110,29078.3
2024-08-17 10:18:06,SOLUSDT,ask,150,11827.804
2024-08-17 10:18:06,SOLUSDT,ask,151,6916.032
2024-08-17 10:18:07,SOLUSDT,ask,150,11807.824
2024-08-17 10:18:16,SOLUSDT,bid,115,22660.347
2024-08-17 10:18:17,SOLUSDT,bid,111,16314.512
2024-08-17 10:18:23,SOLUSDT,ask,151,6914.032
2024-08-17 10:18:29,SOLUSDT,ask,210,25692.691
2024-08-17 10:18:31,SOLUSDT,ask,161,15364.793
2024-08-17 10:18:49,SOLUSDT,ask,143,7625.784
2024-08-17 10:19:40,SOLUSDT,ask,156,20128.637
2024-08-17 10:19:42,SOLUSDT,bid,111,16314.512
2024-08-17 10:20:02,SOLUSDT,bid,111,16314.512
2024-08-17 10:20:08,SOLUSDT,bid,135,27356.997
2024-08-17 10:20:22,SOLUSDT,bid,111,16314.512
2024-08-17 10:20:35,SOLUSDT,ask,158,16053.455
2024-08-17 10:20:45,SOLUSDT,ask,145,11452.991
2024-08-17 10:20:53,SOLUSDT,bid,130,17403.551
2024-08-17 10:21:47,SOLUSDT,bid,111,16314.512
2024-08-17 10:21:48,SOLUSDT,bid,132,9742.611
2024-08-17 10:22:05,SOLUSDT,bid,115,22682.086
2024-08-17 10:22:07,SOLUSDT,bid,111,16314.512
2024-08-17 10:22:20,SOLUSDT,bid,130,17402.148
2024-08-17 10:22:27,SOLUSDT,bid,111,16314.512
2024-08-17 10:22:33,SOLUSDT,ask,143,7625.629
2024-08-17 10:22:43,SOLUSDT,bid,105,9760.213
2024-08-17 10:22:59,SOLUSDT,ask,145,11452.953
2024-08-17 10:23:01,SOLUSDT,ask,160,25556.823
2024-08-17 10:23:18,SOLUSDT,bid,136,8166.332
2024-08-17 10:23:20,SOLUSDT,bid,110,29089.3
2024-08-17 10:23:34,SOLUSDT,ask,143,7661.288
2024-08-17 10:23:35,SOLUSDT,bid,111,16311.512
2024-08-17 10:23:36,SOLUSDT,bid,136,8166.293
2024-08-17 10:23:36,SOLUSDT,bid,132,9742.572
2024-08-17 10:23:36,SOLUSDT,bid,130,17402.109
2024-08-17 10:23:41,SOLUSDT,ask,150,11808.197
2024-08-17 10:23:51,SOLUSDT,bid,111,16311.512
2024-08-17 10:24:11,SOLUSDT,bid,111,16311.512
2024-08-17 10:24:24,SOLUSDT,bid,135,27355.97
2024-08-17 10:24:31,SOLUSDT,bid,111,16311.512
2024-08-17 10:24:54,SOLUSDT,ask,143,7718.788
2024-08-17 10:24:54,SOLUSDT,ask,151,6856.532
2024-08-17 10:24:57,SOLUSDT,bid,120,25332.838
2024-08-17 10:24:57,SOLUSDT,ask,150,11807.689
2024-08-17 10:25:01,SOLUSDT,bid,125,19911.715
2024-08-17 10:25:32,SOLUSDT,bid,136,8161.293
2024-08-17 10:25:44,SOLUSDT,bid,80,29632.088
2024-08-17 10:25:45,SOLUSDT,bid,95,10874.681
2024-08-17 10:25:47,SOLUSDT,bid,100,37563.034
2024-08-17 10:25:48,SOLUSDT,ask,150,11808.689
2024-08-17 10:25:55,SOLUSDT,bid,136,8163.698
2024-08-17 10:25:57,SOLUSDT,bid,111,16311.512
2024-08-17 10:25:59,SOLUSDT,bid,135,27357.569
2024-08-17 10:26:01,SOLUSDT,bid,136,8163.404
2024-08-17 10:26:09,SOLUSDT,bid,135,27355.97
2024-08-17 10:26:17,SOLUSDT,bid,111,16311.512
2024-08-17 10:26:19,SOLUSDT,ask,180,22586.0
2024-08-17 10:26:19,SOLUSDT,bid,110,29089.346
2024-08-17 10:26:22,SOLUSDT,ask,190,29031.025
2024-08-17 10:26:27,SOLUSDT,bid,136,8168.404
2024-08-17 10:26:30,SOLUSDT,ask,185,16698.017
2024-08-17 10:26:37,SOLUSDT,bid,111,16311.512
2024-08-17 10:26:38,SOLUSDT,bid,125,19921.715
2024-08-17 10:26:54,SOLUSDT,ask,145,11453.024
2024-08-17 10:26:57,SOLUSDT,ask,190,29027.425
2024-08-17 10:27:32,SOLUSDT,bid,132,9742.957
2024-08-17 10:27:43,SOLUSDT,ask,150,11809.765
2024-08-17 10:27:57,SOLUSDT,bid,135,27355.822
2024-08-17 10:28:02,SOLUSDT,bid,111,16311.512
2024-08-17 10:28:04,SOLUSDT,bid,135,27355.6
2024-08-17 10:28:06,SOLUSDT,bid,135,27353.187
2024-08-17 10:28:06,SOLUSDT,bid,120,25330.745
2024-08-17 10:28:09,SOLUSDT,bid,132,9739.927
2024-08-17 10:28:19,SOLUSDT,bid,135,27356.89
2024-08-17 10:28:22,SOLUSDT,bid,111,16311.612
2024-08-17 10:28:22,SOLUSDT,bid,111,16311.512
2024-08-17 10:28:29,SOLUSDT,bid,130,17227.109
2024-08-17 10:28:31,SOLUSDT,bid,130,17226.692
2024-08-17 10:28:42,SOLUSDT,bid,111,16311.512
2024-08-17 10:28:47,SOLUSDT,ask,145,11468.966
2024-08-17 10:28:50,SOLUSDT,bid,130,17227.692
2024-08-17 10:28:57,SOLUSDT,ask,163,16947.698
2024-08-17 10:28:58,SOLUSDT,bid,135,27361.712
2024-08-17 10:29:11,SOLUSDT,bid,131,11336.255
2024-08-17 10:29:14,SOLUSDT,bid,135,27356.662
2024-08-17 10:29:15,SOLUSDT,bid,136,8168.554
2024-08-17 10:29:20,SOLUSDT,bid,120,25332.057
2024-08-17 10:29:23,SOLUSDT,ask,143,7722.045
2024-08-17 10:29:26,SOLUSDT,bid,132,9738.927
2024-08-17 10:29:32,SOLUSDT,bid,130,17227.845
2024-08-17 10:29:34,SOLUSDT,bid,132,9739.497
2024-08-17 10:29:38,SOLUSDT,bid,116,9299.564
2024-08-17 10:29:38,SOLUSDT,bid,135,27371.662
2024-08-17 10:29:40,SOLUSDT,bid,120,25332.39
2024-08-17 10:29:43,SOLUSDT,ask,150,11789.48
2024-08-17 10:30:07,SOLUSDT,bid,111,16311.512
2024-08-17 10:30:17,SOLUSDT,bid,135,27371.289
2024-08-17 10:30:20,SOLUSDT,ask,160,25557.807
2024-08-17 10:30:24,SOLUSDT,bid,136,8188.411
2024-08-17 10:30:27,SOLUSDT,bid,120,25329.244
2024-08-17 10:30:27,SOLUSDT,bid,111,16311.512
2024-08-17 10:30:43,SOLUSDT,ask,160,25558.103
2024-08-17 10:30:47,SOLUSDT,bid,111,16311.512
2024-08-17 10:30:58,SOLUSDT,bid,132,9744.497
2024-08-17 10:31:06,SOLUSDT,bid,130,17232.845
