2024-08-21 07:00:12,SOLUSDT,bid,115,20714.967
2024-08-21 07:00:14,SOLUSDT,ask,150,25844.192
2024-08-21 07:01:16,SOLUSDT,ask,150,25844.135
2024-08-21 07:01:28,SOLUSDT,ask,160,24779.564
2024-08-21 07:01:52,SOLUSDT,bid,135,15595.006
2024-08-21 07:02:15,SOLUSDT,bid,135,15588.24
2024-08-21 07:02:30,SOLUSDT,bid,130,15968.232
2024-08-21 07:02:44,SOLUSDT,ask,150,25643.565
2024-08-21 07:03:02,SOLUSDT,bid,138,8110.567
2024-08-21 07:03:25,SOLUSDT,bid,135,15588.168
2024-08-21 07:03:58,SOLUSDT,bid,138,8110.639
2024-08-21 07:04:01,SOLUSDT,ask,147,10021.04
2024-08-21 07:04:06,SOLUSDT,bid,138,8109.13
2024-08-21 07:04:14,SOLUSDT,ask,150,25659.382
2024-08-21 07:04:40,SOLUSDT,ask,148,12258.659
2024-08-21 07:04:45,SOLUSDT,bid,138,8108.407
2024-08-21 07:04:55,SOLUSDT,bid,130,15968.732
2024-08-21 07:05:02,SOLUSDT,bid,120,21582.762
2024-08-21 07:05:09,SOLUSDT,bid,110,25470.067
2024-08-21 07:05:10,SOLUSDT,ask,148,12314.19
2024-08-21 07:05:27,SOLUSDT,bid,110,25446.141
2024-08-21 07:05:52,SOLUSDT,bid,138,8103.407
2024-08-21 07:06:24,SOLUSDT,bid,110,25460.976
2024-08-21 07:06:30,SOLUSDT,bid,110,25461.886
2024-08-21 07:06:38,SOLUSDT,ask,160,24779.464
2024-08-21 07:06:38,SOLUSDT,ask,170,13424.757
2024-08-21 07:06:59,SOLUSDT,bid,135,15517.627
2024-08-21 07:06:59,SOLUSDT,bid,130,16069.395
2024-08-21 07:07:06,SOLUSDT,ask,148,12209.566
2024-08-21 07:07:09,SOLUSDT,bid,100,35608.532
2024-08-21 07:07:35,SOLUSDT,bid,136,7421.267
2024-08-21 07:07:54,SOLUSDT,ask,147,10021.134
2024-08-21 07:08:11,SOLUSDT,ask,190,23144.858
2024-08-21 07:08:11,SOLUSDT,ask,200,44490.696
2024-08-21 07:08:41,SOLUSDT,ask,155,10587.872
2024-08-21 07:09:02,SOLUSDT,ask,150,25658.899
2024-08-21 07:09:46,SOLUSDT,bid,110,25461.796
2024-08-21 07:10:04,SOLUSDT,bid,100,35608.595
2024-08-21 07:11:10,SOLUSDT,ask,155,10588.918
2024-08-21 07:11:31,SOLUSDT,ask,148,12206.065
2024-08-21 07:11:36,SOLUSDT,ask,148,12206.003
2024-08-21 07:12:11,SOLUSDT,ask,150,25657.283
2024-08-21 07:12:47,SOLUSDT,bid,138,8101.407
2024-08-21 07:12:49,SOLUSDT,ask,150,25658.052
2024-08-21 07:12:55,SOLUSDT,ask,182,5543.521
2024-08-21 07:13:23,SOLUSDT,ask,151,20611.061
2024-08-21 07:13:24,SOLUSDT,ask,156,21437.244
2024-08-21 07:14:01,SOLUSDT,ask,180,30140.798
2024-08-21 07:14:24,SOLUSDT,ask,148,12205.828
2024-08-21 07:14:34,SOLUSDT,ask,180,30143.524
2024-08-21 07:14:50,SOLUSDT,ask,148,12205.622
2024-08-21 07:15:00,SOLUSDT,ask,148,12213.733
2024-08-21 07:15:00,SOLUSDT,ask,180,30135.413
2024-08-21 07:15:11,SOLUSDT,ask,147,10024.635
2024-08-21 07:15:13,SOLUSDT,bid,138,8104.407
2024-08-21 07:15:24,SOLUSDT,ask,147,10051.114
2024-08-21 07:16:00,SOLUSDT,bid,125,17054.055
2024-08-21 07:16:07,SOLUSDT,ask,147,10047.598
2024-08-21 07:16:23,SOLUSDT,ask,148,12218.693
2024-08-21 07:16:47,SOLUSDT,ask,150,25658.094
2024-08-21 07:16:48,SOLUSDT,bid,130,16071.127
2024-08-21 07:16:52,SOLUSDT,ask,148,12213.733
2024-08-21 07:16:59,SOLUSDT,ask,147,10052.558
2024-08-21 07:17:04,SOLUSDT,ask,148,12216.153
2024-08-21 07:17:50,SOLUSDT,ask,148,12216.187
2024-08-21 07:18:39,SOLUSDT,ask,300,11608.763
2024-08-21 07:18:57,SOLUSDT,ask,150,25656.094
2024-08-21 07:19:15,SOLUSDT,ask,150,25658.094
2024-08-21 07:19:15,SOLUSDT,ask,155,10586.918
2024-08-21 07:19:27,SOLUSDT,ask,150,25671.567
2024-08-21 07:19:27,SOLUSDT,ask,160,24765.991
2024-08-21 07:19:28,SOLUSDT,bid,138,7992.065
2024-08-21 07:19:40,SOLUSDT,ask,160,24784.651
2024-08-21 07:19:40,SOLUSDT,ask,180,30116.753
2024-08-21 07:19:44,SOLUSDT,bid,100,35618.595
2024-08-21 07:19:52,SOLUSDT,bid,110,25455.218
2024-08-21 07:20:27,SOLUSDT,ask,148,12214.434
2024-08-21 07:20:33,SOLUSDT,ask,160,24791.646
2024-08-21 07:21:16,SOLUSDT,bid,120,21585.48
2024-08-21 07:21:19,SOLUSDT,ask,152,24000.77
2024-08-21 07:21:26,SOLUSDT,ask,147,10055.669
2024-08-21 07:21:37,SOLUSDT,ask,147,10044.457
2024-08-21 07:22:02,SOLUSDT,ask,147,10050.063
2024-08-21 07:22:03,SOLUSDT,bid,120,21582.762
2024-08-21 07:23:20,SOLUSDT,bid,120,21585.48
2024-08-21 07:23:48,SOLUSDT,bid,120,21582.762
2024-08-21 07:24:07,SOLUSDT,bid,80,27184.69
2024-08-21 07:24:09,SOLUSDT,ask,158,19141.432
2024-08-21 07:24:09,SOLUSDT,ask,165,17954.727
2024-08-21 07:24:09,SOLUSDT,ask,170,13424.727
2024-08-21 07:24:09,SOLUSDT,ask,180,30116.725
2024-08-21 07:24:09,SOLUSDT,ask,200,44490.67
2024-08-21 07:24:09,SOLUSDT,ask,250,18541.167
2024-08-21 07:25:52,SOLUSDT,bid,138,7792.065
2024-08-21 07:26:05,SOLUSDT,bid,138,7992.065
2024-08-21 07:26:30,SOLUSDT,ask,147,10060.065
2024-08-21 07:26:30,SOLUSDT,ask,155,10576.916
2024-08-21 07:26:44,SOLUSDT,bid,135,15507.627
2024-08-21 07:27:05,SOLUSDT,ask,148,12219.439
2024-08-21 07:27:32,SOLUSDT,bid,135,15506.146
2024-08-21 07:27:36,SOLUSDT,bid,138,7993.065
2024-08-21 07:27:41,SOLUSDT,ask,148,12220.153
2024-08-21 07:27:48,SOLUSDT,ask,150,25670.567
2024-08-21 07:27:52,SOLUSDT,bid,136,7422.267
2024-08-21 07:27:59,SOLUSDT,bid,135,15507.146
2024-08-21 07:28:22,SOLUSDT,bid,138,7993.105
2024-08-21 07:28:22,SOLUSDT,bid,135,15510.878
2024-08-21 07:28:35,SOLUSDT,bid,130,16081.127
2024-08-21 07:28:47,SOLUSDT,bid,130,16071.127
2024-08-21 07:28:57,SOLUSDT,ask,148,12221.195
2024-08-21 07:29:20,SOLUSDT,ask,148,12222.194
2024-08-21 07:29:44,SOLUSDT,bid,120,21592.762
2024-08-21 07:29:45,SOLUSDT,ask,163,18322.264
2024-08-21 07:29:53,SOLUSDT,ask,148,12222.652
2024-08-21 07:30:02,SOLUSDT,bid,135,15507.146
2024-08-21 07:30:20,SOLUSDT,ask,163,18536.883
2024-08-21 07:30:28,SOLUSDT,bid,135,15511.619
2024-08-21 07:30:30,SOLUSDT,ask,200,44490.907
2024-08-21 07:30:41,SOLUSDT,bid,135,15507.146
2024-08-21 07:30:44,SOLUSDT,ask,147,10060.479
2024-08-21 07:30:53,SOLUSDT,bid,135,15511.618
2024-08-21 07:31:30,SOLUSDT,ask,148,12755.322
2024-08-21 07:31:59,SOLUSDT,ask,160,24787.646
2024-08-21 07:32:11,SOLUSDT,bid,110,25455.308
2024-08-21 07:32:17,SOLUSDT,bid,100,35618.697
2024-08-21 07:32:22,SOLUSDT,ask,147,10048.492
2024-08-21 07:33:00,SOLUSDT,ask,147,10066.724
2024-08-21 07:33:01,SOLUSDT,ask,150,25669.466
2024-08-21 07:33:06,SOLUSDT,bid,136,7510.592
2024-08-21 07:33:40,SOLUSDT,bid,135,15513.158
2024-08-21 07:33:42,SOLUSDT,bid,110,25455.355
2024-08-21 07:34:03,SOLUSDT,bid,135,15513.287
2024-08-21 07:34:43,SOLUSDT,ask,148,12756.002
2024-08-21 07:34:53,SOLUSDT,ask,188,11563.998
2024-08-21 07:34:57,SOLUSDT,bid,80,27181.565
2024-08-21 07:34:59,SOLUSDT,bid,135,15513.037
2024-08-21 07:35:03,SOLUSDT,bid,136,7509.655
2024-08-21 07:35:03,SOLUSDT,ask,148,12700.471
2024-08-21 07:35:10,SOLUSDT,bid,138,7941.258
2024-08-21 07:35:21,SOLUSDT,ask,160,24787.335
2024-08-21 07:35:22,SOLUSDT,bid,138,7942.181
2024-08-21 07:35:25,SOLUSDT,bid,136,7509.938
2024-08-21 07:35:25,SOLUSDT,ask,147,10072.38
2024-08-21 07:35:55,SOLUSDT,bid,135,15513.777
2024-08-21 07:36:06,SOLUSDT,bid,136,7509.655
2024-08-21 07:36:13,SOLUSDT,bid,135,15511.772
2024-08-21 07:36:38,SOLUSDT,ask,152,24000.628
2024-08-21 07:37:01,SOLUSDT,ask,155,10397.554
2024-08-21 07:37:23,SOLUSDT,ask,152,23950.628
2024-08-21 07:37:32,SOLUSDT,bid,125,17049.878
2024-08-21 07:37:33,SOLUSDT,bid,136,7509.938
2024-08-21 07:37:47,SOLUSDT,bid,138,7950.118
2024-08-21 07:37:55,SOLUSDT,bid,110,25522.424
2024-08-21 07:38:07,SOLUSDT,bid,135,15512.782
2024-08-21 07:38:16,SOLUSDT,ask,147,10072.419
2024-08-21 07:38:25,SOLUSDT,ask,148,12700.613
2024-08-21 07:38:47,SOLUSDT,bid,125,17050.304
2024-08-21 07:38:47,SOLUSDT,bid,115,20714.541
2024-08-21 07:39:38,SOLUSDT,bid,138,7942.181
2024-08-21 07:39:43,SOLUSDT,bid,136,7510.163
2024-08-21 07:40:11,SOLUSDT,bid,138,7950.016
2024-08-21 07:40:23,SOLUSDT,bid,135,15511.782
2024-08-21 07:40:51,SOLUSDT,ask,150,25640.738
2024-08-21 07:41:01,SOLUSDT,ask,150,25641.073
2024-08-21 07:41:18,SOLUSDT,ask,147,10072.244
2024-08-21 07:41:28,SOLUSDT,ask,151,20607.641
2024-08-21 07:41:39,SOLUSDT,ask,150,25645.198
2024-08-21 07:41:45,SOLUSDT,bid,138,7949.734
2024-08-21 07:41:54,SOLUSDT,ask,147,10072.371
2024-08-21 07:41:54,SOLUSDT,ask,148,12700.486
2024-08-21 07:41:56,SOLUSDT,ask,155,10408.102
2024-08-21 07:41:57,SOLUSDT,ask,147,10071.957
2024-08-21 07:42:01,SOLUSDT,bid,131,9239.736
2024-08-21 07:42:13,SOLUSDT,bid,136,7502.315
2024-08-21 07:42:18,SOLUSDT,bid,138,7957.468
2024-08-21 07:42:24,SOLUSDT,ask,148,12700.521
2024-08-21 07:42:24,SOLUSDT,ask,151,20607.606
2024-08-21 07:42:26,SOLUSDT,bid,138,7949.633
2024-08-21 07:42:28,SOLUSDT,ask,180,30116.846
2024-08-21 07:43:14,SOLUSDT,bid,138,7950.633
2024-08-21 07:43:18,SOLUSDT,bid,100,35633.518
2024-08-21 07:43:20,SOLUSDT,bid,135,15512.782
2024-08-21 07:43:22,SOLUSDT,bid,138,7958.462
2024-08-21 07:43:28,SOLUSDT,bid,130,16071.819
2024-08-21 07:43:37,SOLUSDT,bid,130,16071.05
2024-08-21 07:43:39,SOLUSDT,ask,148,12710.521
2024-08-21 07:43:49,SOLUSDT,bid,138,7957.768
2024-08-21 07:44:22,SOLUSDT,bid,138,7951.349
2024-08-21 07:45:00,SOLUSDT,bid,131,9240.574
2024-08-21 07:45:07,SOLUSDT,bid,136,7496.618
2024-08-21 07:45:07,SOLUSDT,bid,120,21587.065
2024-08-21 07:45:07,SOLUSDT,bid,100,35627.821
2024-08-21 07:45:07,SOLUSDT,ask,148,12704.824
2024-08-21 07:45:07,SOLUSDT,ask,152,23944.931
2024-08-21 07:45:07,SOLUSDT,ask,156,21431.547
2024-08-21 07:45:07,SOLUSDT,ask,160,24781.638
2024-08-21 07:45:07,SOLUSDT,ask,180,30111.149
2024-08-21 07:45:07,SOLUSDT,ask,188,11558.301
2024-08-21 07:45:07,SOLUSDT,ask,200,44485.257
2024-08-21 07:45:18,SOLUSDT,ask,152,23928.915
2024-08-21 07:45:25,SOLUSDT,ask,147,9386.944
2024-08-21 07:45:26,SOLUSDT,ask,148,12703.94
2024-08-21 07:45:56,SOLUSDT,bid,138,7735.625
2024-08-21 07:46:00,SOLUSDT,bid,100,35626.319
2024-08-21 07:46:34,SOLUSDT,bid,138,7736.759
2024-08-21 07:46:54,SOLUSDT,ask,152,23927.916
2024-08-21 07:47:02,SOLUSDT,ask,148,12843.796
2024-08-21 07:47:13,SOLUSDT,ask,148,12855.783
2024-08-21 07:47:13,SOLUSDT,bid,138,7796.557
2024-08-21 07:47:13,SOLUSDT,bid,135,15503.701
2024-08-21 07:47:41,SOLUSDT,bid,130,16070.413
2024-08-21 07:47:52,SOLUSDT,bid,120,21587.898
2024-08-21 07:48:17,SOLUSDT,ask,148,12890.897
2024-08-21 07:49:04,SOLUSDT,bid,135,15479.413
2024-08-21 07:49:25,SOLUSDT,bid,138,7814.957
2024-08-21 07:49:31,SOLUSDT,ask,220,12365.224
2024-08-21 07:49:57,SOLUSDT,ask,148,12911.509
2024-08-21 07:50:26,SOLUSDT,bid,131,9239.736
2024-08-21 07:50:40,SOLUSDT,bid,136,7498.09
2024-08-21 07:50:44,SOLUSDT,bid,100,35350.44
2024-08-21 07:50:49,SOLUSDT,bid,131,9240.124
2024-08-21 07:50:58,SOLUSDT,ask,150,25643.308
2024-08-21 07:51:30,SOLUSDT,ask,150,25645.406
2024-08-21 07:51:39,SOLUSDT,ask,150,25512.073
2024-08-21 07:52:00,SOLUSDT,ask,156,21431.783
2024-08-21 07:52:19,SOLUSDT,bid,135,15478.357
2024-08-21 07:52:19,SOLUSDT,bid,130,16069.357
2024-08-21 07:52:19,SOLUSDT,bid,125,17049.248
2024-08-21 07:52:19,SOLUSDT,bid,120,21586.842
2024-08-21 07:52:19,SOLUSDT,bid,115,20713.485
2024-08-21 07:52:19,SOLUSDT,bid,110,25521.368
2024-08-21 07:52:19,SOLUSDT,bid,100,35349.384
2024-08-21 07:52:19,SOLUSDT,ask,150,25511.017
2024-08-21 07:52:19,SOLUSDT,ask,155,10407.046
2024-08-21 07:52:19,SOLUSDT,ask,160,24780.582
2024-08-21 07:52:19,SOLUSDT,ask,165,17953.671
2024-08-21 07:52:19,SOLUSDT,ask,170,13423.671
2024-08-21 07:52:19,SOLUSDT,ask,175,8016.661
2024-08-21 07:52:19,SOLUSDT,ask,180,30110.093
2024-08-21 07:52:19,SOLUSDT,ask,185,16624.316
2024-08-21 07:52:19,SOLUSDT,ask,190,23143.802
2024-08-21 07:52:19,SOLUSDT,ask,195,12221.35
2024-08-21 07:52:19,SOLUSDT,ask,200,44484.201
2024-08-21 07:52:20,SOLUSDT,bid,138,7825.564
2024-08-21 07:52:27,SOLUSDT,bid,135,15478.397
2024-08-21 07:52:30,SOLUSDT,ask,152,23928.533
2024-08-21 07:53:13,SOLUSDT,bid,135,15477.657
2024-08-21 07:53:18,SOLUSDT,bid,138,7822.948
2024-08-21 07:54:11,SOLUSDT,ask,152,23924.122
2024-08-21 07:54:17,SOLUSDT,ask,148,12915.92
2024-08-21 07:54:53,SOLUSDT,ask,150,25510.916
2024-08-21 07:55:14,SOLUSDT,ask,160,24749.773
2024-08-21 07:55:23,SOLUSDT,bid,110,25506.368
2024-08-21 07:55:24,SOLUSDT,bid,120,21576.842
2024-08-21 07:56:18,SOLUSDT,ask,148,12919.916
2024-08-21 07:56:45,SOLUSDT,ask,147,9392.738
2024-08-21 07:56:57,SOLUSDT,bid,138,7823.672
2024-08-21 07:56:58,SOLUSDT,ask,175,8015.433
2024-08-21 07:57:10,SOLUSDT,bid,136,7497.865
2024-08-21 07:57:13,SOLUSDT,ask,148,12920.924
2024-08-21 07:57:17,SOLUSDT,bid,136,7505.56
2024-08-21 07:57:20,SOLUSDT,ask,148,12921.689
2024-08-21 07:57:22,SOLUSDT,ask,148,12916.689
2024-08-21 07:57:42,SOLUSDT,bid,120,21579.132
2024-08-21 07:57:50,SOLUSDT,bid,135,15478.657
2024-08-21 07:58:11,SOLUSDT,ask,148,12912.664
2024-08-21 07:58:12,SOLUSDT,ask,148,12915.164
2024-08-21 07:58:14,SOLUSDT,ask,150,25510.874
2024-08-21 07:58:19,SOLUSDT,ask,147,9392.901
2024-08-21 07:58:22,SOLUSDT,ask,147,9393.602
2024-08-21 07:58:24,SOLUSDT,bid,135,15477.206
2024-08-21 07:58:38,SOLUSDT,bid,136,7516.082
2024-08-21 07:58:47,SOLUSDT,bid,130,16096.319
2024-08-21 07:58:56,SOLUSDT,bid,130,16096.671
2024-08-21 07:59:12,SOLUSDT,ask,147,10661.979
2024-08-21 07:59:19,SOLUSDT,bid,100,35344.384
2024-08-21 07:59:32,SOLUSDT,ask,148,12901.305
2024-08-21 07:59:50,SOLUSDT,bid,100,35242.879
2024-08-21 07:59:54,SOLUSDT,bid,130,16096.459
2024-08-21 08:00:11,SOLUSDT,ask,152,23924.081
2024-08-21 08:01:03,SOLUSDT,bid,138,7859.478
2024-08-21 08:01:03,SOLUSDT,ask,147,10662.369
2024-08-21 08:01:35,SOLUSDT,bid,131,9239.888
2024-08-21 08:01:35,SOLUSDT,bid,110,25506.085
2024-08-21 08:01:39,SOLUSDT,bid,138,7860.927
2024-08-21 08:01:40,SOLUSDT,bid,135,15477.167
2024-08-21 08:01:40,SOLUSDT,ask,150,25510.835
2024-08-21 08:01:50,SOLUSDT,bid,136,7650.409
2024-08-21 08:01:52,SOLUSDT,bid,135,15477.907
2024-08-21 08:02:23,SOLUSDT,bid,136,7516.082
2024-08-21 08:02:30,SOLUSDT,bid,138,7860.978
2024-08-21 08:02:30,SOLUSDT,bid,138,7858.812
2024-08-21 08:02:30,SOLUSDT,bid,136,7521.413
2024-08-21 08:02:35,SOLUSDT,bid,130,16236.986
2024-08-21 08:02:40,SOLUSDT,bid,130,16237.3
2024-08-21 08:02:44,SOLUSDT,ask,148,12898.885
2024-08-21 08:02:47,SOLUSDT,bid,80,27180.887
2024-08-21 08:02:56,SOLUSDT,ask,147,10662.65
2024-08-21 08:03:03,SOLUSDT,ask,148,12899.885
2024-08-21 08:03:04,SOLUSDT,ask,148,12897.836
2024-08-21 08:03:09,SOLUSDT,ask,148,12893.836
2024-08-21 08:03:13,SOLUSDT,bid,125,17048.248
2024-08-21 08:03:13,SOLUSDT,bid,110,25504.267
2024-08-21 08:03:49,SOLUSDT,ask,150,25510.654
2024-08-21 08:03:50,SOLUSDT,bid,125,17018.248
2024-08-21 08:03:56,SOLUSDT,bid,138,7860.875
2024-08-21 08:03:57,SOLUSDT,bid,138,7859.865
2024-08-21 08:04:12,SOLUSDT,ask,150,25507.357
2024-08-21 08:04:13,SOLUSDT,ask,150,25505.338
2024-08-21 08:04:26,SOLUSDT,ask,148,12895.855
2024-08-21 08:04:38,SOLUSDT,ask,155,10406.796
2024-08-21 08:04:41,SOLUSDT,ask,147,10741.073
2024-08-21 08:04:43,SOLUSDT,bid,135,15479.907
2024-08-21 08:05:18,SOLUSDT,bid,130,16237.224
2024-08-21 08:05:32,SOLUSDT,ask,155,10394.796
2024-08-21 08:05:41,SOLUSDT,ask,160,24837.837
2024-08-21 08:05:59,SOLUSDT,ask,148,12896.865
2024-08-21 08:06:02,SOLUSDT,bid,138,7861.365
2024-08-21 08:06:14,SOLUSDT,bid,125,17010.428
2024-08-21 08:06:15,SOLUSDT,ask,160,24837.954
2024-08-21 08:06:15,SOLUSDT,ask,155,10394.88
2024-08-21 08:06:17,SOLUSDT,bid,135,15484.135
2024-08-21 08:06:24,SOLUSDT,ask,148,12898.929
2024-08-21 08:06:41,SOLUSDT,ask,147,10740.295
2024-08-21 08:06:44,SOLUSDT,bid,125,17018.388
2024-08-21 08:07:04,SOLUSDT,bid,136,7531.417
2024-08-21 08:07:07,SOLUSDT,bid,135,15515.251
2024-08-21 08:07:08,SOLUSDT,bid,138,7861.439
2024-08-21 08:07:30,SOLUSDT,ask,148,12900.585
2024-08-21 08:07:54,SOLUSDT,bid,138,7865.329
2024-08-21 08:08:12,SOLUSDT,ask,147,10561.964
2024-08-21 08:08:29,SOLUSDT,bid,130,16221.618
2024-08-21 08:09:01,SOLUSDT,ask,147,10556.484
2024-08-21 08:09:06,SOLUSDT,ask,147,10552.488
2024-08-21 08:09:06,SOLUSDT,ask,148,12904.581
2024-08-21 08:09:07,SOLUSDT,ask,150,25506.616
2024-08-21 08:09:18,SOLUSDT,ask,147,10629.357
2024-08-21 08:09:18,SOLUSDT,ask,148,12827.712
2024-08-21 08:09:19,SOLUSDT,bid,138,7865.614
2024-08-21 08:09:32,SOLUSDT,ask,180,30107.911
2024-08-21 08:09:48,SOLUSDT,ask,182,5546.971
2024-08-21 08:09:51,SOLUSDT,bid,136,7532.417
2024-08-21 08:10:00,SOLUSDT,bid,138,7866.614
2024-08-21 08:10:04,SOLUSDT,bid,135,15514.251
2024-08-21 08:10:26,SOLUSDT,bid,135,15514.161
2024-08-21 08:10:28,SOLUSDT,bid,135,15513.421
2024-08-21 08:10:59,SOLUSDT,bid,110,25504.636
2024-08-21 08:11:04,SOLUSDT,ask,148,12828.059
2024-08-21 08:11:29,SOLUSDT,ask,155,10402.87
2024-08-21 08:11:37,SOLUSDT,ask,147,10738.426
2024-08-21 08:11:54,SOLUSDT,ask,148,12829.279
2024-08-21 08:11:56,SOLUSDT,bid,120,21578.132
2024-08-21 08:12:06,SOLUSDT,ask,147,10743.903
2024-08-21 08:12:08,SOLUSDT,bid,138,7854.877
2024-08-21 08:12:35,SOLUSDT,bid,135,15513.787
2024-08-21 08:13:23,SOLUSDT,ask,152,23913.456
2024-08-21 08:13:29,SOLUSDT,ask,148,12839.904
2024-08-21 08:13:30,SOLUSDT,bid,125,17017.988
2024-08-21 08:13:30,SOLUSDT,bid,135,15512.752
2024-08-21 08:13:40,SOLUSDT,bid,136,7529.709
2024-08-21 08:13:40,SOLUSDT,bid,130,16218.91
2024-08-21 08:13:40,SOLUSDT,bid,100,35240.171
2024-08-21 08:13:40,SOLUSDT,ask,148,12837.196
2024-08-21 08:13:40,SOLUSDT,ask,154,18259.775
2024-08-21 08:13:40,SOLUSDT,ask,160,24835.246
2024-08-21 08:13:51,SOLUSDT,ask,147,10747.827
2024-08-21 08:13:59,SOLUSDT,ask,190,23142.21
2024-08-21 08:13:59,SOLUSDT,ask,210,25672.713
2024-08-21 08:14:05,SOLUSDT,ask,150,25513.432
2024-08-21 08:14:23,SOLUSDT,ask,150,25515.43
2024-08-21 08:14:30,SOLUSDT,ask,150,25514.983
2024-08-21 08:14:30,SOLUSDT,bid,130,16219.875
2024-08-21 08:14:30,SOLUSDT,bid,120,21577.167
2024-08-21 08:14:41,SOLUSDT,bid,120,21580.433
2024-08-21 08:14:42,SOLUSDT,ask,148,12837.643
2024-08-21 08:14:58,SOLUSDT,bid,136,7535.003
2024-08-21 08:15:06,SOLUSDT,ask,170,13423.709
2024-08-21 08:15:13,SOLUSDT,bid,135,15512.79
2024-08-21 08:15:24,SOLUSDT,bid,130,16225.413
2024-08-21 08:16:13,SOLUSDT,ask,151,20608.461
2024-08-21 08:16:26,SOLUSDT,ask,147,10877.429
2024-08-21 08:16:33,SOLUSDT,bid,135,15512.42
2024-08-21 08:16:43,SOLUSDT,bid,130,16219.875
2024-08-21 08:16:44,SOLUSDT,bid,136,7529.709
2024-08-21 08:16:49,SOLUSDT,ask,148,12842.121
2024-08-21 08:18:25,SOLUSDT,ask,152,23915.684
2024-08-21 08:18:39,SOLUSDT,bid,135,15513.16
2024-08-21 08:18:53,SOLUSDT,ask,180,30127.891
2024-08-21 08:21:01,SOLUSDT,bid,120,21576.986
2024-08-21 08:21:02,SOLUSDT,ask,148,12841.505
2024-08-21 08:21:03,SOLUSDT,ask,150,25516.983
2024-08-21 08:21:03,SOLUSDT,ask,151,20606.461
2024-08-21 08:21:38,SOLUSDT,ask,190,23104.864
2024-08-21 08:21:43,SOLUSDT,bid,120,21614.956
2024-08-21 08:21:51,SOLUSDT,bid,110,25502.636
2024-08-21 08:22:00,SOLUSDT,bid,125,16934.988
2024-08-21 08:22:15,SOLUSDT,ask,150,25517.05
2024-08-21 08:22:15,SOLUSDT,ask,155,10402.805
2024-08-21 08:22:27,SOLUSDT,ask,147,10876.545
2024-08-21 08:22:51,SOLUSDT,bid,135,15512.479
2024-08-21 08:22:53,SOLUSDT,ask,158,19141.682
2024-08-21 08:22:56,SOLUSDT,ask,147,10799.676
2024-08-21 08:23:13,SOLUSDT,ask,152,22916.684
2024-08-21 08:23:21,SOLUSDT,bid,130,16220.582
2024-08-21 08:23:40,SOLUSDT,ask,148,12841.598
2024-08-21 08:23:40,SOLUSDT,ask,150,25516.957
2024-08-21 08:23:52,SOLUSDT,ask,155,9711.805
2024-08-21 08:24:08,SOLUSDT,bid,120,21618.403
2024-08-21 08:24:12,SOLUSDT,ask,148,14032.598
2024-08-21 08:24:19,SOLUSDT,ask,150,25516.753
2024-08-21 08:24:24,SOLUSDT,bid,90,12046.554
2024-08-21 08:24:33,SOLUSDT,ask,150,25555.779
2024-08-21 08:24:36,SOLUSDT,ask,155,8956.805
2024-08-21 08:24:42,SOLUSDT,ask,147,10795.35
2024-08-21 08:24:50,SOLUSDT,ask,150,25556.053
2024-08-21 08:25:02,SOLUSDT,ask,148,14787.598
2024-08-21 08:25:26,SOLUSDT,bid,130,16219.582
2024-08-21 08:25:27,SOLUSDT,bid,135,15547.554
2024-08-21 08:25:33,SOLUSDT,ask,147,10790.457
2024-08-21 08:26:24,SOLUSDT,bid,135,15545.554
2024-08-21 08:26:27,SOLUSDT,bid,100,35238.653
2024-08-21 08:26:35,SOLUSDT,ask,150,25456.053
2024-08-21 08:26:50,SOLUSDT,ask,150,25455.903
2024-08-21 08:26:54,SOLUSDT,bid,138,8046.877
2024-08-21 08:27:05,SOLUSDT,ask,150,25456.27
2024-08-21 08:27:07,SOLUSDT,bid,138,8047.877
2024-08-21 08:27:07,SOLUSDT,ask,147,10903.703
2024-08-21 08:27:29,SOLUSDT,bid,136,7530.713
2024-08-21 08:28:04,SOLUSDT,ask,148,14815.49
2024-08-21 08:28:08,SOLUSDT,ask,150,25417.244
2024-08-21 08:28:15,SOLUSDT,bid,120,21614.956
2024-08-21 08:28:23,SOLUSDT,ask,150,25456.27
2024-08-21 08:28:26,SOLUSDT,ask,150,25457.802
2024-08-21 08:28:35,SOLUSDT,ask,148,14814.166
2024-08-21 08:29:05,SOLUSDT,bid,135,15545.37
2024-08-21 08:29:09,SOLUSDT,bid,138,8068.334
2024-08-21 08:29:23,SOLUSDT,ask,155,8957.183
2024-08-21 08:29:41,SOLUSDT,bid,136,7549.425
2024-08-21 08:29:44,SOLUSDT,ask,148,14821.166
2024-08-21 08:30:01,SOLUSDT,bid,130,16219.471
2024-08-21 08:30:14,SOLUSDT,bid,120,21613.956
2024-08-21 08:31:16,SOLUSDT,bid,136,7546.484
2024-08-21 08:31:16,SOLUSDT,bid,90,11863.493
2024-08-21 08:31:17,SOLUSDT,bid,110,25402.636
2024-08-21 08:31:18,SOLUSDT,bid,120,21513.956
2024-08-21 08:31:19,SOLUSDT,bid,100,35138.653
2024-08-21 08:31:20,SOLUSDT,bid,110,25402.476
2024-08-21 08:31:40,SOLUSDT,bid,138,8069.085
2024-08-21 08:31:56,SOLUSDT,bid,125,16934.588
2024-08-21 08:32:10,SOLUSDT,bid,138,8073.209
2024-08-21 08:32:20,SOLUSDT,bid,130,16219.61
2024-08-21 08:32:39,SOLUSDT,ask,148,14829.02
2024-08-21 08:33:02,SOLUSDT,bid,136,7535.962
2024-08-21 08:33:02,SOLUSDT,ask,165,17908.823
2024-08-21 08:33:04,SOLUSDT,bid,138,8070.209
2024-08-21 08:33:12,SOLUSDT,ask,150,25458.946
2024-08-21 08:33:24,SOLUSDT,ask,150,25458.75
2024-08-21 08:33:34,SOLUSDT,ask,147,10903.916
2024-08-21 08:33:43,SOLUSDT,ask,147,10894.477
2024-08-21 08:33:44,SOLUSDT,bid,130,16207.972
2024-08-21 08:33:48,SOLUSDT,bid,120,21411.701
2024-08-21 08:34:34,SOLUSDT,bid,136,7537.759
2024-08-21 08:35:10,SOLUSDT,ask,147,10895.882
2024-08-21 08:35:16,SOLUSDT,bid,110,25537.662
2024-08-21 08:35:41,SOLUSDT,bid,120,21410.868
2024-08-21 08:35:45,SOLUSDT,bid,138,8185.076
2024-08-21 08:36:02,SOLUSDT,bid,100,35138.79
2024-08-21 08:36:06,SOLUSDT,bid,130,16207.922
2024-08-21 08:36:13,SOLUSDT,bid,100,35122.79
2024-08-21 08:36:15,SOLUSDT,ask,155,8957.892
2024-08-21 08:36:19,SOLUSDT,ask,150,25464.434
2024-08-21 08:36:21,SOLUSDT,ask,148,14829.377
2024-08-21 08:36:25,SOLUSDT,ask,163,18532.589
2024-08-21 08:36:27,SOLUSDT,bid,135,15546.11
2024-08-21 08:36:31,SOLUSDT,ask,150,25425.408
2024-08-21 08:36:53,SOLUSDT,ask,150,25429.761
2024-08-21 08:37:19,SOLUSDT,bid,100,35122.653
2024-08-21 08:37:21,SOLUSDT,ask,150,25329.861
2024-08-21 08:37:25,SOLUSDT,ask,180,29882.434
2024-08-21 08:37:29,SOLUSDT,ask,148,14929.277
2024-08-21 08:37:29,SOLUSDT,ask,200,44484.247
2024-08-21 08:37:40,SOLUSDT,bid,110,25537.708
2024-08-21 08:37:48,SOLUSDT,bid,130,16235.659
2024-08-21 08:37:59,SOLUSDT,bid,138,8183.627
2024-08-21 08:38:06,SOLUSDT,ask,147,10894.477
2024-08-21 08:38:18,SOLUSDT,ask,152,22927.219
2024-08-21 08:38:22,SOLUSDT,bid,130,16234.659
2024-08-21 08:38:50,SOLUSDT,ask,147,10896.656
2024-08-21 08:39:00,SOLUSDT,bid,100,35121.653
2024-08-21 08:39:07,SOLUSDT,bid,130,16229.659
2024-08-21 08:39:13,SOLUSDT,bid,115,20712.812
2024-08-21 08:39:32,SOLUSDT,ask,400,4712.02
2024-08-21 08:39:41,SOLUSDT,ask,148,14929.523
2024-08-21 08:39:48,SOLUSDT,bid,135,15549.813
2024-08-21 08:39:52,SOLUSDT,bid,120,21410.555
2024-08-21 08:39:52,SOLUSDT,bid,96,11940.644
2024-08-21 08:39:52,SOLUSDT,bid,80,27180.417
2024-08-21 08:39:52,SOLUSDT,ask,148,14929.269
2024-08-21 08:39:52,SOLUSDT,ask,152,22926.972
2024-08-21 08:39:52,SOLUSDT,ask,156,21431.542
2024-08-21 08:39:52,SOLUSDT,ask,188,11558.101
2024-08-21 08:39:52,SOLUSDT,ask,200,44484.059
2024-08-21 08:39:52,SOLUSDT,bid,100,35121.277
2024-08-21 08:39:52,SOLUSDT,ask,160,24835.011
2024-08-21 08:39:52,SOLUSDT,ask,180,29882.225
2024-08-21 08:41:07,SOLUSDT,ask,148,14928.769
2024-08-21 08:41:27,SOLUSDT,bid,135,15550.813
2024-08-21 08:42:01,SOLUSDT,ask,148,14930.263
2024-08-21 08:42:53,SOLUSDT,ask,148,14939.763
2024-08-21 08:43:16,SOLUSDT,ask,148,14946.519
2024-08-21 08:43:27,SOLUSDT,ask,150,25329.945
2024-08-21 08:43:27,SOLUSDT,ask,160,24834.8
2024-08-21 08:43:56,SOLUSDT,ask,150,25334.18
2024-08-21 08:44:02,SOLUSDT,ask,148,14947.154
2024-08-21 08:44:43,SOLUSDT,bid,135,15455.813
2024-08-21 08:44:48,SOLUSDT,bid,138,8183.771
2024-08-21 08:44:54,SOLUSDT,ask,150,25335.109
2024-08-21 08:45:05,SOLUSDT,bid,135,15455.073
2024-08-21 08:45:29,SOLUSDT,ask,300,11606.625
2024-08-21 08:46:05,SOLUSDT,ask,155,8917.93
2024-08-21 08:46:26,SOLUSDT,bid,120,21410.971
2024-08-21 08:46:34,SOLUSDT,bid,120,21417.606
2024-08-21 08:46:41,SOLUSDT,bid,110,25546.556
2024-08-21 08:47:02,SOLUSDT,ask,147,10897.447
2024-08-21 08:47:08,SOLUSDT,bid,138,8184.771
2024-08-21 08:47:36,SOLUSDT,ask,150,25332.107
2024-08-21 08:47:41,SOLUSDT,ask,148,14947.322
2024-08-21 08:48:02,SOLUSDT,ask,150,25392.049
2024-08-21 08:48:22,SOLUSDT,bid,130,16229.734
2024-08-21 08:48:25,SOLUSDT,ask,147,10896.656
2024-08-21 08:49:06,SOLUSDT,ask,158,19142.314
2024-08-21 08:49:09,SOLUSDT,ask,150,25392.463
2024-08-21 08:49:51,SOLUSDT,ask,160,24834.683
2024-08-21 08:50:12,SOLUSDT,bid,125,16873.349
2024-08-21 08:50:39,SOLUSDT,ask,148,15038.231
2024-08-21 08:50:46,SOLUSDT,ask,148,15074.112
2024-08-21 08:51:01,SOLUSDT,bid,130,16207.304
2024-08-21 08:51:12,SOLUSDT,ask,147,10943.796
2024-08-21 08:52:01,SOLUSDT,bid,135,15458.073
2024-08-21 08:52:05,SOLUSDT,bid,138,8173.902
2024-08-21 08:52:10,SOLUSDT,ask,147,10944.129
2024-08-21 08:52:11,SOLUSDT,bid,130,16210.304
2024-08-21 08:52:20,SOLUSDT,bid,130,16222.451
2024-08-21 08:52:30,SOLUSDT,bid,110,25546.187
2024-08-21 08:52:35,SOLUSDT,ask,147,10940.624
2024-08-21 08:52:42,SOLUSDT,bid,120,21409.273
2024-08-21 08:52:43,SOLUSDT,bid,130,16214.759
2024-08-21 08:53:07,SOLUSDT,bid,138,8188.394
2024-08-21 08:53:27,SOLUSDT,ask,148,15252.222
2024-08-21 08:53:29,SOLUSDT,bid,130,16202.612
2024-08-21 08:53:56,SOLUSDT,ask,148,15074.112
2024-08-21 08:54:21,SOLUSDT,ask,150,25392.263
2024-08-21 08:54:30,SOLUSDT,ask,148,15075.111
2024-08-21 08:54:30,SOLUSDT,ask,155,8916.931
2024-08-21 08:54:39,SOLUSDT,bid,135,15457.925
2024-08-21 08:54:43,SOLUSDT,ask,148,15078.211
2024-08-21 08:54:43,SOLUSDT,ask,148,15078.411
2024-08-21 08:54:47,SOLUSDT,bid,135,15456.146
2024-08-21 08:54:55,SOLUSDT,ask,160,24833.684
2024-08-21 08:55:17,SOLUSDT,bid,125,16923.349
2024-08-21 08:55:21,SOLUSDT,bid,125,16919.441
2024-08-21 08:55:23,SOLUSDT,bid,100,35119.767
2024-08-21 08:55:34,SOLUSDT,bid,120,21459.273
2024-08-21 08:56:10,SOLUSDT,ask,147,10939.396
2024-08-21 08:56:20,SOLUSDT,ask,147,10933.124
2024-08-21 08:56:38,SOLUSDT,ask,148,15076.99
2024-08-21 08:56:39,SOLUSDT,ask,147,10865.816
2024-08-21 08:56:44,SOLUSDT,bid,120,21469.633
2024-08-21 08:57:05,SOLUSDT,ask,148,15069.136
2024-08-21 08:57:22,SOLUSDT,bid,125,16917.152
2024-08-21 08:57:37,SOLUSDT,ask,158,19143.374
2024-08-21 08:57:40,SOLUSDT,ask,147,10866.026
2024-08-21 08:57:57,SOLUSDT,bid,125,16918.152
2024-08-21 08:58:03,SOLUSDT,bid,120,21477.996
2024-08-21 08:59:06,SOLUSDT,ask,150,25392.55
2024-08-21 08:59:17,SOLUSDT,ask,147,10865.685
2024-08-21 08:59:19,SOLUSDT,ask,147,10865.341
2024-08-21 08:59:28,SOLUSDT,bid,120,21481.67
2024-08-21 08:59:39,SOLUSDT,ask,185,16625.24
2024-08-21 08:59:57,SOLUSDT,ask,150,25392.514
2024-08-21 09:00:15,SOLUSDT,bid,120,21474.67
2024-08-21 09:00:38,SOLUSDT,bid,100,28537.133
2024-08-21 09:01:07,SOLUSDT,ask,147,10872.841
2024-08-21 09:01:15,SOLUSDT,ask,155,8913.501
2024-08-21 09:01:33,SOLUSDT,ask,150,25393.464
2024-08-21 09:01:52,SOLUSDT,ask,148,15069.542
2024-08-21 09:02:23,SOLUSDT,ask,147,10872.927
2024-08-21 09:02:59,SOLUSDT,bid,111,19836.627
2024-08-21 09:03:23,SOLUSDT,bid,138,8195.394
2024-08-21 09:03:26,SOLUSDT,bid,90,11861.063
2024-08-21 09:03:48,SOLUSDT,bid,135,15421.071
2024-08-21 09:03:49,SOLUSDT,bid,110,25546.138
2024-08-21 09:03:49,SOLUSDT,ask,160,24833.635
2024-08-21 09:04:31,SOLUSDT,bid,120,21477.802
2024-08-21 09:04:51,SOLUSDT,ask,200,44484.105
2024-08-21 09:04:52,SOLUSDT,ask,193,7253.353
2024-08-21 09:04:53,SOLUSDT,bid,111,19840.014
2024-08-21 09:04:58,SOLUSDT,ask,147,10876.838
2024-08-21 09:05:07,SOLUSDT,bid,130,16189.637
2024-08-21 09:05:12,SOLUSDT,ask,152,23026.972
2024-08-21 09:05:16,SOLUSDT,bid,110,25546.184
2024-08-21 09:05:41,SOLUSDT,ask,200,44486.632
2024-08-21 09:06:21,SOLUSDT,ask,150,25378.464
2024-08-21 09:06:28,SOLUSDT,bid,111,19840.113
2024-08-21 09:06:37,SOLUSDT,ask,165,17907.823
2024-08-21 09:06:46,SOLUSDT,bid,135,15422.878
2024-08-21 09:06:55,SOLUSDT,bid,111,19840.014
2024-08-21 09:07:08,SOLUSDT,ask,147,10880.115
2024-08-21 09:07:23,SOLUSDT,ask,152,23030.471
2024-08-21 09:08:15,SOLUSDT,ask,150,25379.464
2024-08-21 09:08:24,SOLUSDT,bid,138,7835.3
2024-08-21 09:08:31,SOLUSDT,bid,125,16916.679
2024-08-21 09:09:17,SOLUSDT,ask,148,15069.114
2024-08-21 09:09:30,SOLUSDT,bid,138,7833.941
2024-08-21 09:09:32,SOLUSDT,ask,147,10879.688
2024-08-21 09:09:54,SOLUSDT,ask,148,15072.073
2024-08-21 09:10:44,SOLUSDT,ask,150,25379.19
2024-08-21 09:11:07,SOLUSDT,ask,165,17908.193
2024-08-21 09:11:09,SOLUSDT,ask,150,25379.464
2024-08-21 09:11:42,SOLUSDT,bid,135,15423.204
2024-08-21 09:11:50,SOLUSDT,bid,138,7833.578
2024-08-21 09:11:53,SOLUSDT,ask,147,10881.686
2024-08-21 09:12:04,SOLUSDT,bid,130,16179.637
2024-08-21 09:12:05,SOLUSDT,bid,80,27142.905
2024-08-21 09:12:11,SOLUSDT,bid,135,15422.878
2024-08-21 09:12:28,SOLUSDT,bid,138,7838.578
2024-08-21 09:12:36,SOLUSDT,bid,80,27180.417
2024-08-21 09:12:49,SOLUSDT,ask,147,10898.473
2024-08-21 09:12:53,SOLUSDT,ask,147,10857.496
2024-08-21 09:12:55,SOLUSDT,bid,120,21478.219
2024-08-21 09:13:14,SOLUSDT,ask,147,10840.709
2024-08-21 09:13:23,SOLUSDT,ask,148,15073.471
2024-08-21 09:13:34,SOLUSDT,bid,138,7833.578
2024-08-21 09:13:52,SOLUSDT,ask,180,29881.225
2024-08-21 09:14:11,SOLUSDT,bid,138,7830.636
2024-08-21 09:15:25,SOLUSDT,bid,138,7830.598
2024-08-21 09:15:25,SOLUSDT,bid,135,15422.84
2024-08-21 09:15:25,SOLUSDT,ask,147,10840.671
2024-08-21 09:15:25,SOLUSDT,ask,150,25379.426
2024-08-21 09:15:31,SOLUSDT,ask,148,15120.476
2024-08-21 09:15:38,SOLUSDT,ask,147,10979.003
2024-08-21 09:15:49,SOLUSDT,ask,160,24832.645
2024-08-21 09:16:39,SOLUSDT,ask,147,10977.843
2024-08-21 09:16:39,SOLUSDT,ask,147,10984.887
2024-08-21 09:16:40,SOLUSDT,bid,130,16198.867
2024-08-21 09:16:47,SOLUSDT,ask,152,23026.996
2024-08-21 09:16:57,SOLUSDT,ask,193,7254.353
2024-08-21 09:17:02,SOLUSDT,bid,138,7833.074
2024-08-21 09:17:17,SOLUSDT,ask,150,25379.191
2024-08-21 09:17:52,SOLUSDT,ask,148,15119.711
2024-08-21 09:18:31,SOLUSDT,bid,138,7868.329
2024-08-21 09:18:34,SOLUSDT,ask,147,10959.887
2024-08-21 09:18:36,SOLUSDT,ask,160,24832.073
2024-08-21 09:18:56,SOLUSDT,ask,155,8913.536
2024-08-21 09:18:56,SOLUSDT,ask,160,24832.038
2024-08-21 09:19:14,SOLUSDT,ask,147,10967.887
2024-08-21 09:19:27,SOLUSDT,bid,111,19837.914
2024-08-21 09:19:33,SOLUSDT,bid,130,16198.183
2024-08-21 09:19:35,SOLUSDT,bid,138,7866.807
2024-08-21 09:19:35,SOLUSDT,bid,120,21480.261
2024-08-21 09:19:51,SOLUSDT,ask,148,15118.469
2024-08-21 09:20:24,SOLUSDT,ask,180,29881.137
2024-08-21 09:20:33,SOLUSDT,ask,147,10970.479
2024-08-21 09:21:02,SOLUSDT,bid,138,7863.807
2024-08-21 09:21:26,SOLUSDT,bid,111,19839.805
2024-08-21 09:21:28,SOLUSDT,ask,147,10970.983
2024-08-21 09:22:08,SOLUSDT,ask,152,23015.771
2024-08-21 09:22:36,SOLUSDT,ask,156,21429.348
2024-08-21 09:22:44,SOLUSDT,ask,190,23105.684
2024-08-21 09:22:56,SOLUSDT,ask,150,25375.719
2024-08-21 09:23:41,SOLUSDT,ask,150,25374.719
2024-08-21 09:23:44,SOLUSDT,ask,148,15121.941
2024-08-21 09:24:15,SOLUSDT,ask,148,15296.941
2024-08-21 09:24:24,SOLUSDT,bid,135,15432.84
2024-08-21 09:24:39,SOLUSDT,ask,148,15307.556
2024-08-21 09:24:53,SOLUSDT,ask,158,19139.374
2024-08-21 09:25:04,SOLUSDT,bid,115,20710.934
2024-08-21 09:25:21,SOLUSDT,bid,120,21482.064
2024-08-21 09:25:29,SOLUSDT,ask,148,15309.765
2024-08-21 09:26:02,SOLUSDT,ask,188,11556.695
2024-08-21 09:26:20,SOLUSDT,ask,155,8922.049
2024-08-21 09:26:22,SOLUSDT,bid,130,16197.116
2024-08-21 09:26:31,SOLUSDT,ask,155,8913.536
2024-08-21 09:26:50,SOLUSDT,ask,147,10967.706
2024-08-21 09:27:03,SOLUSDT,bid,138,7843.807
2024-08-21 09:27:18,SOLUSDT,bid,115,20685.934
2024-08-21 09:27:32,SOLUSDT,ask,148,15310.764
2024-08-21 09:27:36,SOLUSDT,bid,131,9259.888
2024-08-21 09:27:36,SOLUSDT,ask,147,10967.815
2024-08-21 09:27:56,SOLUSDT,ask,154,18262.109
2024-08-21 09:28:10,SOLUSDT,ask,148,15311.724
2024-08-21 09:28:15,SOLUSDT,ask,155,8913.496
2024-08-21 09:28:34,SOLUSDT,ask,147,11031.634
2024-08-21 09:28:39,SOLUSDT,ask,148,15318.759
2024-08-21 09:28:49,SOLUSDT,bid,138,7877.034
2024-08-21 09:28:52,SOLUSDT,bid,100,28535.133
2024-08-21 09:29:10,SOLUSDT,ask,160,24832.076
2024-08-21 09:29:11,SOLUSDT,ask,155,8913.534
2024-08-21 09:29:12,SOLUSDT,ask,155,8913.436
2024-08-21 09:29:14,SOLUSDT,ask,150,25374.757
2024-08-21 09:29:19,SOLUSDT,bid,135,15432.878
2024-08-21 09:29:27,SOLUSDT,ask,147,11032.634
2024-08-21 09:29:55,SOLUSDT,ask,148,15318.847
2024-08-21 09:29:58,SOLUSDT,ask,152,23008.847
2024-08-21 09:30:00,SOLUSDT,bid,138,7862.144
2024-08-21 09:30:03,SOLUSDT,bid,135,15432.924
2024-08-21 09:30:03,SOLUSDT,bid,111,19837.914
2024-08-21 09:30:12,SOLUSDT,bid,138,7863.144
2024-08-21 09:30:23,SOLUSDT,bid,111,19840.354
2024-08-21 09:30:51,SOLUSDT,bid,135,15440.331
2024-08-21 09:30:53,SOLUSDT,ask,148,15322.309
2024-08-21 09:30:54,SOLUSDT,ask,150,25374.907
2024-08-21 09:30:56,SOLUSDT,ask,400,4716.119
2024-08-21 09:30:58,SOLUSDT,bid,138,7864.144
2024-08-21 09:31:02,SOLUSDT,ask,150,25375.807
2024-08-21 09:31:10,SOLUSDT,bid,135,15442.331
2024-08-21 09:31:12,SOLUSDT,ask,170,13424.209
2024-08-21 09:31:34,SOLUSDT,bid,130,16199.116
2024-08-21 09:31:36,SOLUSDT,bid,120,21482.646
2024-08-21 09:31:36,SOLUSDT,ask,152,23008.411
2024-08-21 09:31:45,SOLUSDT,ask,150,25376.744
2024-08-21 09:31:53,SOLUSDT,bid,138,7878.615
2024-08-21 09:32:08,SOLUSDT,bid,115,20688.436
2024-08-21 09:32:13,SOLUSDT,bid,115,20685.934
2024-08-21 09:32:50,SOLUSDT,ask,148,15357.359
2024-08-21 09:33:14,SOLUSDT,ask,148,15391.505
2024-08-21 09:33:28,SOLUSDT,bid,135,15446.29
2024-08-21 09:33:30,SOLUSDT,bid,130,16191.916
2024-08-21 09:33:43,SOLUSDT,ask,148,15393.439
2024-08-21 09:35:11,SOLUSDT,bid,125,16912.121
2024-08-21 09:35:13,SOLUSDT,bid,100,28534.133
2024-08-21 09:35:55,SOLUSDT,ask,150,25377.744
2024-08-21 09:36:01,SOLUSDT,ask,160,24833.076
2024-08-21 09:36:14,SOLUSDT,ask,150,25382.062
2024-08-21 09:36:17,SOLUSDT,bid,120,21482.23
2024-08-21 09:36:42,SOLUSDT,bid,120,21479.73
2024-08-21 09:36:47,SOLUSDT,bid,138,7871.321
2024-08-21 09:37:00,SOLUSDT,bid,131,9259.415
2024-08-21 09:37:11,SOLUSDT,bid,138,7838.094
2024-08-21 09:37:17,SOLUSDT,bid,130,16195.762
2024-08-21 09:37:34,SOLUSDT,ask,150,25379.903
2024-08-21 09:37:36,SOLUSDT,ask,155,8910.936
2024-08-21 09:37:37,SOLUSDT,bid,135,15451.845
2024-08-21 09:37:44,SOLUSDT,bid,110,25544.556
2024-08-21 09:37:49,SOLUSDT,bid,120,21478.897
2024-08-21 09:38:05,SOLUSDT,ask,152,23008.847
2024-08-21 09:38:31,SOLUSDT,ask,147,11032.742
2024-08-21 09:38:38,SOLUSDT,bid,138,7833.094
2024-08-21 09:38:48,SOLUSDT,ask,156,21421.348
2024-08-21 09:38:49,SOLUSDT,ask,147,11022.742
2024-08-21 09:38:50,SOLUSDT,ask,150,25379.867
2024-08-21 09:38:51,SOLUSDT,bid,115,20688.452
2024-08-21 09:38:51,SOLUSDT,bid,115,20685.934
2024-08-21 09:39:10,SOLUSDT,ask,148,15403.439
2024-08-21 09:39:24,SOLUSDT,bid,125,16912.051
2024-08-21 09:39:32,SOLUSDT,bid,130,16195.378
2024-08-21 09:39:32,SOLUSDT,ask,152,23007.861
2024-08-21 09:39:32,SOLUSDT,ask,154,18261.135
2024-08-21 09:39:32,SOLUSDT,ask,156,21420.244
2024-08-21 09:39:32,SOLUSDT,ask,158,19138.27
2024-08-21 09:39:36,SOLUSDT,ask,160,24837.989
2024-08-21 09:39:56,SOLUSDT,ask,148,15396.404
2024-08-21 09:40:08,SOLUSDT,ask,147,11021.778
2024-08-21 09:40:11,SOLUSDT,ask,152,23014.947
2024-08-21 09:40:13,SOLUSDT,bid,115,20682.894
2024-08-21 09:41:07,SOLUSDT,bid,138,7834.094
2024-08-21 09:41:09,SOLUSDT,bid,130,15832.218
2024-08-21 09:41:26,SOLUSDT,ask,148,15392.721
2024-08-21 09:41:37,SOLUSDT,ask,148,15393.721
2024-08-21 09:41:59,SOLUSDT,ask,150,25382.567
2024-08-21 09:42:28,SOLUSDT,ask,150,25388.676
2024-08-21 09:42:31,SOLUSDT,bid,138,8047.517
2024-08-21 09:43:11,SOLUSDT,ask,165,17835.389
2024-08-21 09:43:12,SOLUSDT,ask,147,11025.279
2024-08-21 09:43:16,SOLUSDT,ask,147,11025.507
2024-08-21 09:43:32,SOLUSDT,ask,148,15391.966
2024-08-21 09:43:44,SOLUSDT,ask,170,13424.036
2024-08-21 09:43:47,SOLUSDT,ask,163,20534.989
2024-08-21 09:43:55,SOLUSDT,bid,120,21478.854
2024-08-21 09:43:55,SOLUSDT,ask,170,13423.993
2024-08-21 09:43:55,SOLUSDT,bid,130,15832.602
2024-08-21 09:44:17,SOLUSDT,bid,138,8028.553
2024-08-21 09:44:25,SOLUSDT,bid,115,20885.894
2024-08-21 09:44:31,SOLUSDT,ask,160,24837.939
2024-08-21 09:44:31,SOLUSDT,bid,110,25544.506
2024-08-21 09:44:37,SOLUSDT,bid,90,11858.221
2024-08-21 09:44:42,SOLUSDT,ask,154,18262.109
2024-08-21 09:44:46,SOLUSDT,bid,110,25546.506
2024-08-21 09:44:47,SOLUSDT,ask,156,21421.205
2024-08-21 09:44:56,SOLUSDT,ask,158,19139.219
2024-08-21 09:45:05,SOLUSDT,ask,160,24838.876
2024-08-21 09:45:37,SOLUSDT,bid,110,25411.32
2024-08-21 09:45:48,SOLUSDT,ask,147,11027.507
2024-08-21 09:46:05,SOLUSDT,ask,163,20538.989
2024-08-21 09:46:24,SOLUSDT,ask,147,11026.507
2024-08-21 09:47:01,SOLUSDT,bid,125,16912.001
2024-08-21 09:47:09,SOLUSDT,ask,147,11000.731
2024-08-21 09:47:19,SOLUSDT,ask,148,15356.916
2024-08-21 09:47:20,SOLUSDT,ask,148,15358.416
2024-08-21 09:47:27,SOLUSDT,ask,160,24838.975
2024-08-21 09:47:28,SOLUSDT,ask,150,25401.813
2024-08-21 09:47:36,SOLUSDT,ask,148,15393.466
2024-08-21 09:48:21,SOLUSDT,bid,111,19835.259
2024-08-21 09:48:29,SOLUSDT,bid,125,16929.327
2024-08-21 09:48:31,SOLUSDT,ask,190,23106.684
2024-08-21 09:48:54,SOLUSDT,ask,150,25401.347
2024-08-21 09:48:59,SOLUSDT,bid,115,20835.221
2024-08-21 09:49:04,SOLUSDT,bid,130,15833.258
2024-08-21 09:49:12,SOLUSDT,bid,130,15878.084
2024-08-21 09:49:23,SOLUSDT,bid,100,28534.193
2024-08-21 09:49:27,SOLUSDT,bid,120,21477.854
2024-08-21 09:49:36,SOLUSDT,bid,138,8027.553
2024-08-21 09:50:09,SOLUSDT,bid,100,28534.133
2024-08-21 09:50:20,SOLUSDT,ask,150,25393.786
2024-08-21 09:50:26,SOLUSDT,ask,148,15466.848
2024-08-21 09:50:29,SOLUSDT,ask,150,25389.168
2024-08-21 09:50:33,SOLUSDT,ask,148,15498.852
2024-08-21 09:50:39,SOLUSDT,bid,100,28534.203
2024-08-21 09:52:37,SOLUSDT,ask,147,11002.325
2024-08-21 09:52:41,SOLUSDT,ask,205,10154.43
2024-08-21 09:52:41,SOLUSDT,ask,250,18536.3
2024-08-21 09:52:43,SOLUSDT,ask,220,12360.357
2024-08-21 09:52:43,SOLUSDT,bid,135,15451.749
2024-08-21 09:52:58,SOLUSDT,bid,138,8024.081
2024-08-21 09:53:08,SOLUSDT,ask,148,15498.252
2024-08-21 09:53:14,SOLUSDT,ask,150,25388.476
2024-08-21 09:53:20,SOLUSDT,bid,120,21478.006
2024-08-21 09:53:25,SOLUSDT,ask,147,11003.017
2024-08-21 09:53:31,SOLUSDT,bid,130,15878.854
2024-08-21 09:53:56,SOLUSDT,ask,148,15505.884
2024-08-21 09:53:57,SOLUSDT,bid,138,8016.551
2024-08-21 09:54:01,SOLUSDT,bid,100,28534.273
2024-08-21 09:54:03,SOLUSDT,bid,125,16930.327
2024-08-21 09:54:26,SOLUSDT,ask,155,8900.936
2024-08-21 09:54:32,SOLUSDT,bid,100,28534.383
2024-08-21 09:54:44,SOLUSDT,ask,150,25388.579
2024-08-21 09:54:54,SOLUSDT,ask,150,25364.25
2024-08-21 09:55:02,SOLUSDT,ask,150,25364.542
2024-08-21 09:55:09,SOLUSDT,bid,90,11858.009
2024-08-21 09:55:09,SOLUSDT,ask,260,7203.035
2024-08-21 09:55:41,SOLUSDT,ask,150,25354.542
2024-08-21 09:55:52,SOLUSDT,ask,150,25364.542
2024-08-21 09:55:54,SOLUSDT,bid,100,28534.273
2024-08-21 09:55:54,SOLUSDT,ask,147,11002.923
2024-08-21 09:55:55,SOLUSDT,bid,115,20832.134
2024-08-21 09:56:11,SOLUSDT,bid,135,15451.009
2024-08-21 09:56:11,SOLUSDT,bid,135,15449.009
2024-08-21 09:56:16,SOLUSDT,ask,200,44465.933
2024-08-21 09:56:17,SOLUSDT,bid,138,8015.551
2024-08-21 09:56:31,SOLUSDT,bid,130,15878.085
2024-08-21 09:56:50,SOLUSDT,ask,152,23011.32
2024-08-21 09:56:57,SOLUSDT,ask,155,8778.356
2024-08-21 09:56:59,SOLUSDT,ask,300,11598.986
2024-08-21 09:57:19,SOLUSDT,ask,200,44465.983
2024-08-21 09:57:36,SOLUSDT,ask,180,29880.937
2024-08-21 09:57:38,SOLUSDT,ask,148,15502.452
2024-08-21 09:57:50,SOLUSDT,bid,138,8016.551
2024-08-21 09:58:01,SOLUSDT,ask,147,11006.355
2024-08-21 09:58:10,SOLUSDT,ask,161,14562.438
2024-08-21 09:58:16,SOLUSDT,ask,200,44466.013
2024-08-21 09:58:27,SOLUSDT,ask,148,15508.659
2024-08-21 09:58:36,SOLUSDT,ask,200,44466.043
2024-08-21 09:58:53,SOLUSDT,bid,135,15445.487
2024-08-21 09:59:07,SOLUSDT,bid,138,8019.996
2024-08-21 09:59:15,SOLUSDT,bid,96,11930.228
2024-08-21 09:59:27,SOLUSDT,ask,200,44466.078
2024-08-21 09:59:34,SOLUSDT,ask,148,15480.767
2024-08-21 10:00:08,SOLUSDT,bid,120,21477.854
2024-08-21 10:00:08,SOLUSDT,bid,135,15445.191
2024-08-21 10:00:31,SOLUSDT,ask,147,11008.266
2024-08-21 10:00:32,SOLUSDT,bid,138,8012.75
2024-08-21 10:01:02,SOLUSDT,bid,138,7873.013
2024-08-21 10:01:42,SOLUSDT,ask,200,44673.648
2024-08-21 10:01:51,SOLUSDT,bid,130,15876.085
2024-08-21 10:02:08,SOLUSDT,ask,148,15585.832
2024-08-21 10:02:10,SOLUSDT,bid,120,21478.354
2024-08-21 10:02:16,SOLUSDT,bid,110,25410.32
2024-08-21 10:02:20,SOLUSDT,bid,111,19834.259
2024-08-21 10:02:27,SOLUSDT,bid,130,15848.348
2024-08-21 10:02:31,SOLUSDT,ask,148,15579.625
2024-08-21 10:02:50,SOLUSDT,ask,147,12009.266
2024-08-21 10:02:56,SOLUSDT,ask,147,12059.217
2024-08-21 10:02:57,SOLUSDT,bid,135,15445.153
2024-08-21 10:02:57,SOLUSDT,ask,150,25364.504
2024-08-21 10:02:57,SOLUSDT,ask,155,8778.318
2024-08-21 10:02:57,SOLUSDT,ask,160,24838.937
2024-08-21 10:03:05,SOLUSDT,bid,80,27180.282
2024-08-21 10:03:05,SOLUSDT,ask,200,44673.513
2024-08-21 10:03:05,SOLUSDT,bid,90,11857.874
2024-08-21 10:03:05,SOLUSDT,ask,148,15579.49
2024-08-21 10:03:07,SOLUSDT,ask,151,20616.461
2024-08-21 10:03:43,SOLUSDT,ask,151,20621.343
2024-08-21 10:03:45,SOLUSDT,ask,148,15580.329
2024-08-21 10:03:52,SOLUSDT,bid,100,28534.133
2024-08-21 10:03:52,SOLUSDT,ask,200,44673.368
2024-08-21 10:03:59,SOLUSDT,ask,175,8015.471
2024-08-21 10:04:06,SOLUSDT,bid,135,15445.191
2024-08-21 10:04:14,SOLUSDT,bid,120,21476.354
2024-08-21 10:04:27,SOLUSDT,ask,148,15579.329
2024-08-21 10:04:43,SOLUSDT,ask,147,12057.717
2024-08-21 10:05:39,SOLUSDT,bid,135,15443.191
2024-08-21 10:05:42,SOLUSDT,ask,150,25304.562
2024-08-21 10:06:25,SOLUSDT,bid,138,7872.88
2024-08-21 10:06:34,SOLUSDT,ask,148,15582.671
2024-08-21 10:07:14,SOLUSDT,bid,115,20648.908
2024-08-21 10:07:32,SOLUSDT,bid,120,21477.02
2024-08-21 10:07:33,SOLUSDT,bid,115,20740.212
2024-08-21 10:08:12,SOLUSDT,ask,150,25303.866
2024-08-21 10:08:26,SOLUSDT,ask,147,12058.413
2024-08-21 10:09:20,SOLUSDT,ask,148,15582.825
2024-08-21 10:09:32,SOLUSDT,bid,135,15442.969
2024-08-21 10:10:14,SOLUSDT,ask,148,15410.361
2024-08-21 10:10:19,SOLUSDT,bid,135,15442.819
2024-08-21 10:10:20,SOLUSDT,ask,148,15582.825
2024-08-21 10:10:23,SOLUSDT,ask,147,12052.159
2024-08-21 10:10:38,SOLUSDT,bid,130,15840.656
2024-08-21 10:10:42,SOLUSDT,ask,147,12056.985
2024-08-21 10:10:43,SOLUSDT,ask,147,12057.984
2024-08-21 10:10:58,SOLUSDT,ask,147,12056.985
2024-08-21 10:11:19,SOLUSDT,ask,147,12057.984
2024-08-21 10:11:22,SOLUSDT,bid,120,21476.354
2024-08-21 10:11:30,SOLUSDT,ask,148,15610.395
2024-08-21 10:11:40,SOLUSDT,ask,150,25303.916
2024-08-21 10:11:44,SOLUSDT,bid,138,7872.937
2024-08-21 10:11:53,SOLUSDT,ask,147,12285.699
2024-08-21 10:11:57,SOLUSDT,bid,138,7871.937
2024-08-21 10:12:26,SOLUSDT,ask,148,15614.765
2024-08-21 10:13:15,SOLUSDT,bid,110,25409.653
2024-08-21 10:13:20,SOLUSDT,bid,130,15841.657
2024-08-21 10:13:20,SOLUSDT,ask,150,25303.717
2024-08-21 10:13:20,SOLUSDT,bid,135,15442.598
2024-08-21 10:13:23,SOLUSDT,ask,190,23103.951
2024-08-21 10:13:35,SOLUSDT,ask,148,15615.377
2024-08-21 10:14:16,SOLUSDT,ask,200,44465.798
2024-08-21 10:14:17,SOLUSDT,bid,96,11940.644
2024-08-21 10:14:32,SOLUSDT,ask,150,25298.033
2024-08-21 10:14:44,SOLUSDT,bid,110,25409.744
2024-08-21 10:14:52,SOLUSDT,ask,150,25299.045
2024-08-21 10:14:58,SOLUSDT,ask,148,15621.061
2024-08-21 10:15:02,SOLUSDT,ask,150,25298.033
2024-08-21 10:15:16,SOLUSDT,bid,135,15449.024
2024-08-21 10:15:33,SOLUSDT,bid,120,21476.812
2024-08-21 10:16:11,SOLUSDT,ask,500,5882.558
2024-08-21 10:16:12,SOLUSDT,bid,130,15843.195
2024-08-21 10:16:19,SOLUSDT,bid,120,21478.478
2024-08-21 10:16:27,SOLUSDT,bid,110,25411.562
2024-08-21 10:16:35,SOLUSDT,bid,100,28536.133
2024-08-21 10:16:45,SOLUSDT,bid,96,11930.228
2024-08-21 10:16:45,SOLUSDT,bid,90,11846.763
2024-08-21 10:17:02,SOLUSDT,ask,150,25296.963
2024-08-21 10:17:45,SOLUSDT,ask,150,25298.033
2024-08-21 10:17:59,SOLUSDT,ask,180,29879.347
2024-08-21 10:18:08,SOLUSDT,ask,148,15619.71
2024-08-21 10:18:17,SOLUSDT,ask,147,12289.548
2024-08-21 10:18:36,SOLUSDT,bid,135,15450.564
2024-08-21 10:18:40,SOLUSDT,bid,138,7872.081
2024-08-21 10:18:42,SOLUSDT,ask,147,12285.699
2024-08-21 10:18:54,SOLUSDT,ask,148,15623.559
2024-08-21 10:18:56,SOLUSDT,ask,147,12319.005
2024-08-21 10:19:19,SOLUSDT,bid,120,21391.575
2024-08-21 10:19:38,SOLUSDT,bid,135,15450.711
2024-08-21 10:20:19,SOLUSDT,bid,130,15887.314
2024-08-21 10:20:34,SOLUSDT,bid,115,20742.709
2024-08-21 10:20:42,SOLUSDT,ask,148,15638.559
2024-08-21 10:20:43,SOLUSDT,ask,147,12319.04
2024-08-21 10:20:52,SOLUSDT,bid,131,9258.915
2024-08-21 10:20:55,SOLUSDT,bid,130,15886.814
2024-08-21 10:20:55,SOLUSDT,ask,147,12319.72
2024-08-21 10:20:58,SOLUSDT,bid,115,20740.212
2024-08-21 10:21:00,SOLUSDT,ask,148,15649.535
2024-08-21 10:21:20,SOLUSDT,ask,180,29869.357
2024-08-21 10:21:38,SOLUSDT,bid,90,11841.763
2024-08-21 10:21:38,SOLUSDT,bid,131,9255.091
2024-08-21 10:21:44,SOLUSDT,bid,130,15882.961
2024-08-21 10:22:08,SOLUSDT,ask,175,8014.962
2024-08-21 10:22:21,SOLUSDT,ask,148,15652.259
2024-08-21 10:22:29,SOLUSDT,bid,138,7875.081
2024-08-21 10:22:31,SOLUSDT,bid,110,25457.016
2024-08-21 10:22:48,SOLUSDT,ask,148,15654.374
2024-08-21 10:22:48,SOLUSDT,bid,80,27205.282
2024-08-21 10:22:57,SOLUSDT,ask,150,25298.586
2024-08-21 10:23:20,SOLUSDT,bid,125,16929.327
2024-08-21 10:23:23,SOLUSDT,bid,135,15449.711
2024-08-21 10:23:36,SOLUSDT,bid,135,15464.334
2024-08-21 10:23:45,SOLUSDT,ask,147,12319.97
2024-08-21 10:24:08,SOLUSDT,ask,165,17835.994
2024-08-21 10:24:41,SOLUSDT,ask,165,17805.879
2024-08-21 10:25:00,SOLUSDT,ask,147,12304.57
2024-08-21 10:25:35,SOLUSDT,bid,130,15887.543
2024-08-21 10:26:12,SOLUSDT,ask,147,12303.875
2024-08-21 10:26:23,SOLUSDT,ask,150,25298.653
2024-08-21 10:26:26,SOLUSDT,bid,138,7808.51
2024-08-21 10:26:55,SOLUSDT,bid,135,15467.296
2024-08-21 10:27:41,SOLUSDT,bid,115,20742.702
2024-08-21 10:27:43,SOLUSDT,bid,115,20740.212
2024-08-21 10:27:44,SOLUSDT,ask,148,15655.373
2024-08-21 10:27:47,SOLUSDT,ask,150,25247.684
2024-08-21 10:27:47,SOLUSDT,ask,155,8752.833
2024-08-21 10:27:47,SOLUSDT,ask,160,24813.452
2024-08-21 10:28:14,SOLUSDT,ask,163,20538.718
2024-08-21 10:28:19,SOLUSDT,ask,188,11555.845
2024-08-21 10:28:25,SOLUSDT,ask,175,8015.812
2024-08-21 10:28:35,SOLUSDT,ask,148,15676.378
2024-08-21 10:28:35,SOLUSDT,ask,188,11554.845
2024-08-21 10:28:45,SOLUSDT,ask,148,15673.419
2024-08-21 10:29:39,SOLUSDT,bid,135,15472.307
2024-08-21 10:30:05,SOLUSDT,ask,180,29868.709
2024-08-21 10:30:19,SOLUSDT,ask,148,15672.42
2024-08-21 10:30:39,SOLUSDT,ask,155,8748.753
2024-08-21 10:30:40,SOLUSDT,bid,110,25453.506
2024-08-21 10:30:40,SOLUSDT,ask,148,15673.42
2024-08-21 10:31:00,SOLUSDT,ask,160,24825.952
2024-08-21 10:32:35,SOLUSDT,bid,138,7798.51
2024-08-21 10:32:43,SOLUSDT,ask,150,25241.865
2024-08-21 10:32:48,SOLUSDT,ask,148,15674.822
2024-08-21 10:33:06,SOLUSDT,bid,111,19825.259
2024-08-21 10:33:09,SOLUSDT,ask,150,25242.086
2024-08-21 10:33:15,SOLUSDT,bid,135,15472.528
2024-08-21 10:34:09,SOLUSDT,ask,147,12307.871
2024-08-21 10:34:09,SOLUSDT,ask,148,15670.826
2024-08-21 10:34:21,SOLUSDT,bid,135,15471.63
2024-08-21 10:34:26,SOLUSDT,ask,148,15674.628
2024-08-21 10:34:48,SOLUSDT,bid,135,15473.111
2024-08-21 10:35:03,SOLUSDT,ask,152,23011.418
2024-08-21 10:35:10,SOLUSDT,bid,110,25453.641
2024-08-21 10:36:15,SOLUSDT,ask,147,12308.566
2024-08-21 10:36:32,SOLUSDT,bid,125,16928.859
2024-08-21 10:36:39,SOLUSDT,ask,151,20618.178
2024-08-21 10:36:40,SOLUSDT,bid,120,21436.56
2024-08-21 10:36:58,SOLUSDT,ask,165,17806.015
2024-08-21 10:36:59,SOLUSDT,ask,150,25241.086
2024-08-21 10:37:04,SOLUSDT,ask,152,23008.043
2024-08-21 10:37:23,SOLUSDT,ask,150,25244.461
2024-08-21 10:37:37,SOLUSDT,ask,150,25244.414
2024-08-21 10:37:51,SOLUSDT,ask,148,15675.979
2024-08-21 10:38:33,SOLUSDT,bid,135,15473.192
2024-08-21 10:38:53,SOLUSDT,ask,148,15674.628
2024-08-21 10:38:56,SOLUSDT,ask,148,15675.087
2024-08-21 10:39:02,SOLUSDT,ask,147,12308.506
2024-08-21 10:39:02,SOLUSDT,ask,148,15675.027
2024-08-21 10:39:02,SOLUSDT,ask,150,25244.355
2024-08-21 10:39:04,SOLUSDT,ask,150,25223.545
2024-08-21 10:39:21,SOLUSDT,bid,130,15887.862
2024-08-21 10:39:24,SOLUSDT,ask,148,15673.62
2024-08-21 10:39:30,SOLUSDT,bid,125,16929.019
2024-08-21 10:39:41,SOLUSDT,ask,170,13421.505
2024-08-21 10:40:03,SOLUSDT,bid,115,20740.327
2024-08-21 10:40:07,SOLUSDT,bid,138,7793.955
2024-08-21 10:40:19,SOLUSDT,ask,155,8744.043
2024-08-21 10:40:44,SOLUSDT,ask,163,18536.318
2024-08-21 10:41:15,SOLUSDT,ask,155,8748.753
2024-08-21 10:41:23,SOLUSDT,bid,115,20740.212
2024-08-21 10:42:33,SOLUSDT,ask,148,15662.644
2024-08-21 10:42:38,SOLUSDT,bid,138,7794.055
2024-08-21 10:42:46,SOLUSDT,bid,135,15475.048
2024-08-21 10:42:52,SOLUSDT,ask,160,24824.532
2024-08-21 10:43:14,SOLUSDT,bid,138,7790.006
2024-08-21 10:43:35,SOLUSDT,bid,135,15475.148
2024-08-21 10:44:17,SOLUSDT,ask,148,15662.783
2024-08-21 10:45:11,SOLUSDT,ask,156,21421.352
2024-08-21 10:45:18,SOLUSDT,ask,148,16931.783
2024-08-21 10:45:18,SOLUSDT,ask,156,20152.352
2024-08-21 10:45:19,SOLUSDT,ask,150,25224.297
2024-08-21 10:45:31,SOLUSDT,bid,135,15493.968
2024-08-21 10:46:02,SOLUSDT,bid,125,16929.819
2024-08-21 10:46:47,SOLUSDT,ask,188,11553.845
2024-08-21 10:47:06,SOLUSDT,bid,135,15492.487
2024-08-21 10:47:51,SOLUSDT,bid,120,21437.56
2024-08-21 10:48:20,SOLUSDT,ask,155,8748.592
2024-08-21 10:48:34,SOLUSDT,bid,111,19818.478
2024-08-21 10:48:35,SOLUSDT,ask,147,12305.395
2024-08-21 10:49:02,SOLUSDT,ask,154,18276.6
2024-08-21 10:49:09,SOLUSDT,ask,148,16972.397
2024-08-21 10:50:15,SOLUSDT,bid,130,15878.998
2024-08-21 10:50:31,SOLUSDT,bid,135,15417.846
2024-08-21 10:51:01,SOLUSDT,ask,170,12554.615
2024-08-21 10:51:01,SOLUSDT,ask,165,17806.047
2024-08-21 10:51:08,SOLUSDT,ask,160,25691.422
2024-08-21 10:51:09,SOLUSDT,ask,170,12554.667
2024-08-21 10:51:10,SOLUSDT,bid,138,7789.906
2024-08-21 10:51:12,SOLUSDT,bid,135,15417.746
2024-08-21 10:51:12,SOLUSDT,ask,147,12304.869
2024-08-21 10:51:14,SOLUSDT,ask,175,8003.089
2024-08-21 10:51:45,SOLUSDT,ask,150,25245.107
2024-08-21 10:51:54,SOLUSDT,ask,148,16983.362
2024-08-21 10:52:33,SOLUSDT,ask,170,12556.292
2024-08-21 10:52:33,SOLUSDT,ask,165,17807.672
2024-08-21 10:52:34,SOLUSDT,ask,163,18537.943
2024-08-21 10:52:34,SOLUSDT,ask,161,14564.063
2024-08-21 10:52:35,SOLUSDT,ask,160,25693.047
2024-08-21 10:52:35,SOLUSDT,ask,158,19140.844
2024-08-21 10:52:36,SOLUSDT,ask,156,20153.977
2024-08-21 10:52:36,SOLUSDT,ask,155,8750.217
2024-08-21 10:52:37,SOLUSDT,ask,154,18278.225
2024-08-21 10:52:37,SOLUSDT,ask,152,23009.668
2024-08-21 10:52:37,SOLUSDT,ask,151,20619.803
2024-08-21 10:52:38,SOLUSDT,ask,150,25246.732
2024-08-21 10:52:38,SOLUSDT,ask,148,16984.987
2024-08-21 10:52:38,SOLUSDT,ask,147,12306.494
2024-08-21 10:52:40,SOLUSDT,bid,138,7791.531
2024-08-21 10:52:41,SOLUSDT,ask,147,12299.468
2024-08-21 10:52:41,SOLUSDT,bid,135,15419.371
2024-08-21 10:52:42,SOLUSDT,bid,131,9256.716
2024-08-21 10:52:42,SOLUSDT,bid,130,15880.623
2024-08-21 10:52:43,SOLUSDT,bid,125,16931.444
2024-08-21 10:52:43,SOLUSDT,ask,150,25246.303
2024-08-21 10:52:45,SOLUSDT,bid,120,21439.185
2024-08-21 10:52:45,SOLUSDT,ask,148,16984.239
2024-08-21 10:52:47,SOLUSDT,ask,147,12295.544
2024-08-21 10:52:52,SOLUSDT,ask,150,25246.265
2024-08-21 10:53:42,SOLUSDT,bid,110,25456.101
2024-08-21 10:53:50,SOLUSDT,ask,150,25186.786
2024-08-21 10:54:25,SOLUSDT,bid,130,15879.623
2024-08-21 10:54:26,SOLUSDT,bid,120,21438.185
2024-08-21 10:54:29,SOLUSDT,bid,110,25455.525
2024-08-21 10:54:32,SOLUSDT,bid,100,28535.42
2024-08-21 10:54:44,SOLUSDT,bid,138,7814.121
2024-08-21 10:55:20,SOLUSDT,ask,152,22983.916
2024-08-21 10:55:25,SOLUSDT,ask,151,20649.803
2024-08-21 10:55:28,SOLUSDT,ask,147,12295.474
2024-08-21 10:55:33,SOLUSDT,bid,125,16929.444
2024-08-21 10:55:43,SOLUSDT,ask,148,16983.967
2024-08-21 10:55:46,SOLUSDT,bid,138,7811.121
2024-08-21 10:55:53,SOLUSDT,ask,150,25176.786
2024-08-21 10:55:55,SOLUSDT,ask,180,29868.667
2024-08-21 10:55:56,SOLUSDT,ask,150,25176.33
2024-08-21 10:56:02,SOLUSDT,ask,150,25176.591
2024-08-21 10:56:05,SOLUSDT,ask,150,25176.999
2024-08-21 10:56:08,SOLUSDT,ask,148,16984.423
2024-08-21 10:56:10,SOLUSDT,ask,155,8751.217
2024-08-21 10:56:11,SOLUSDT,bid,138,7814.019
2024-08-21 10:56:19,SOLUSDT,ask,200,44491.55
2024-08-21 10:56:52,SOLUSDT,ask,147,12294.848
2024-08-21 10:57:01,SOLUSDT,bid,130,15879.417
2024-08-21 10:57:25,SOLUSDT,bid,110,25454.525
2024-08-21 10:57:44,SOLUSDT,ask,180,29788.079
2024-08-21 10:58:05,SOLUSDT,bid,138,7814.381
2024-08-21 10:58:47,SOLUSDT,bid,130,15879.875
2024-08-21 10:59:09,SOLUSDT,bid,110,25448.616
2024-08-21 10:59:18,SOLUSDT,bid,110,25448.16
2024-08-21 11:00:06,SOLUSDT,ask,250,18496.3
2024-08-21 11:00:08,SOLUSDT,bid,100,28535.503
2024-08-21 11:00:28,SOLUSDT,ask,200,44491.3
2024-08-21 11:00:51,SOLUSDT,ask,200,44491.355
2024-08-21 11:01:00,SOLUSDT,ask,147,12306.172
2024-08-21 11:01:07,SOLUSDT,bid,100,28535.42
2024-08-21 11:01:10,SOLUSDT,ask,200,44491.3
2024-08-21 11:01:35,SOLUSDT,bid,138,7810.905
2024-08-21 11:01:57,SOLUSDT,bid,100,28535.48
2024-08-21 11:02:47,SOLUSDT,bid,130,15956.798
2024-08-21 11:03:11,SOLUSDT,bid,125,17009.444
2024-08-21 11:04:10,SOLUSDT,bid,100,28541.136
2024-08-21 11:04:12,SOLUSDT,ask,151,20648.803
2024-08-21 11:04:13,SOLUSDT,ask,152,22982.916
2024-08-21 11:04:18,SOLUSDT,ask,154,18277.225
2024-08-21 11:05:00,SOLUSDT,ask,156,20134.788
2024-08-21 11:05:11,SOLUSDT,bid,138,7809.455
2024-08-21 11:05:14,SOLUSDT,ask,147,12305.152
2024-08-21 11:05:20,SOLUSDT,ask,151,20647.8
2024-08-21 11:05:32,SOLUSDT,bid,115,20606.022
2024-08-21 11:05:42,SOLUSDT,ask,148,16983.476
2024-08-21 11:05:52,SOLUSDT,ask,147,12325.762
2024-08-21 11:06:24,SOLUSDT,ask,148,16983.56
2024-08-21 11:06:35,SOLUSDT,bid,100,28541.256
2024-08-21 11:07:02,SOLUSDT,ask,154,18262.734
2024-08-21 11:07:24,SOLUSDT,bid,120,21437.249
2024-08-21 11:07:24,SOLUSDT,bid,100,28541.346
2024-08-21 11:07:26,SOLUSDT,bid,125,17008.246
2024-08-21 11:07:28,SOLUSDT,ask,147,12325.813
2024-08-21 11:07:45,SOLUSDT,bid,100,28541.456
2024-08-21 11:07:49,SOLUSDT,ask,163,18539.159
2024-08-21 11:07:54,SOLUSDT,bid,100,28541.076
2024-08-21 11:07:56,SOLUSDT,ask,163,18537.943
2024-08-21 11:08:03,SOLUSDT,ask,165,17808.888
2024-08-21 11:08:05,SOLUSDT,bid,120,21433.083
2024-08-21 11:08:19,SOLUSDT,bid,100,28541.176
2024-08-21 11:08:26,SOLUSDT,bid,138,7807.496
2024-08-21 11:08:28,SOLUSDT,ask,160,25691.77
2024-08-21 11:08:36,SOLUSDT,bid,115,20604.018
2024-08-21 11:09:00,SOLUSDT,bid,120,21431.926
2024-08-21 11:09:04,SOLUSDT,ask,152,22989.424
2024-08-21 11:09:12,SOLUSDT,ask,155,8510.21
2024-08-21 11:09:14,SOLUSDT,ask,150,25170.183
2024-08-21 11:09:15,SOLUSDT,bid,135,15418.702
2024-08-21 11:09:21,SOLUSDT,bid,125,17008.478
2024-08-21 11:09:21,SOLUSDT,ask,151,20888.807
2024-08-21 11:09:28,SOLUSDT,bid,120,21432.27
2024-08-21 11:09:59,SOLUSDT,ask,148,16984.559
2024-08-21 11:10:09,SOLUSDT,ask,147,12339.879
2024-08-21 11:10:10,SOLUSDT,ask,148,16983.56
2024-08-21 11:10:17,SOLUSDT,ask,150,25167.796
2024-08-21 11:11:53,SOLUSDT,bid,100,28541.276
2024-08-21 11:12:10,SOLUSDT,bid,100,28541.376
2024-08-21 11:12:25,SOLUSDT,ask,152,22984.574
2024-08-21 11:12:39,SOLUSDT,ask,200,44490.301
2024-08-21 11:12:55,SOLUSDT,bid,100,28541.276
2024-08-21 11:12:56,SOLUSDT,bid,100,28541.176
2024-08-21 11:12:57,SOLUSDT,bid,100,28541.076
2024-08-21 11:13:06,SOLUSDT,ask,163,18538.942
2024-08-21 11:13:06,SOLUSDT,ask,188,11552.846
2024-08-21 11:13:12,SOLUSDT,ask,200,44495.031
2024-08-21 11:13:12,SOLUSDT,ask,300,11594.256
2024-08-21 11:13:14,SOLUSDT,bid,100,28541.176
2024-08-21 11:13:34,SOLUSDT,bid,100,28541.276
2024-08-21 11:14:05,SOLUSDT,bid,100,28541.376
2024-08-21 11:14:15,SOLUSDT,bid,138,7801.894
2024-08-21 11:14:17,SOLUSDT,bid,131,9256.868
2024-08-21 11:14:19,SOLUSDT,bid,138,7742.096
2024-08-21 11:14:29,SOLUSDT,bid,100,28541.276
2024-08-21 11:14:30,SOLUSDT,bid,100,28541.176
2024-08-21 11:14:31,SOLUSDT,bid,100,28541.076
2024-08-21 11:14:45,SOLUSDT,bid,110,25448.086
2024-08-21 11:14:58,SOLUSDT,ask,200,44490.301
2024-08-21 11:15:17,SOLUSDT,ask,148,16983.694
2024-08-21 11:15:36,SOLUSDT,ask,147,12338.859
2024-08-21 11:15:47,SOLUSDT,ask,147,13447.727
2024-08-21 11:15:57,SOLUSDT,bid,135,15417.952
2024-08-21 11:15:58,SOLUSDT,ask,148,16986.099
2024-08-21 11:16:01,SOLUSDT,bid,135,15417.504
2024-08-21 11:16:18,SOLUSDT,bid,111,19827.487
2024-08-21 11:16:54,SOLUSDT,bid,131,9250.248
2024-08-21 11:17:21,SOLUSDT,bid,135,15410.097
2024-08-21 11:17:21,SOLUSDT,bid,130,15949.106
2024-08-21 11:17:21,SOLUSDT,bid,125,17001.142
2024-08-21 11:17:23,SOLUSDT,bid,120,21384.998
2024-08-21 11:17:33,SOLUSDT,bid,135,15409.949
2024-08-21 11:17:33,SOLUSDT,bid,130,15948.953
2024-08-21 11:18:08,SOLUSDT,bid,130,15952.029
2024-08-21 11:18:36,SOLUSDT,bid,120,21388.331
2024-08-21 11:18:50,SOLUSDT,bid,120,21394.212
2024-08-21 11:18:54,SOLUSDT,ask,147,13448.751
2024-08-21 11:19:15,SOLUSDT,bid,138,7741.096
2024-08-21 11:20:42,SOLUSDT,bid,135,15409.583
2024-08-21 11:20:44,SOLUSDT,ask,185,16623.917
2024-08-21 11:20:46,SOLUSDT,ask,147,13438.222
2024-08-21 11:20:47,SOLUSDT,ask,151,20888.961
2024-08-21 11:20:54,SOLUSDT,ask,148,16987.422
2024-08-21 11:21:09,SOLUSDT,ask,148,16976.457
2024-08-21 11:21:28,SOLUSDT,ask,148,16987.422
2024-08-21 11:21:57,SOLUSDT,ask,200,44490.054
2024-08-21 11:22:00,SOLUSDT,ask,195,12229.763
2024-08-21 11:22:23,SOLUSDT,bid,130,15950.981
2024-08-21 11:22:25,SOLUSDT,ask,198,5066.979
2024-08-21 11:22:25,SOLUSDT,ask,230,6707.603
2024-08-21 11:22:27,SOLUSDT,bid,90,11842.805
2024-08-21 11:22:30,SOLUSDT,bid,135,15409.621
2024-08-21 11:22:30,SOLUSDT,ask,155,8510.248
2024-08-21 11:22:33,SOLUSDT,bid,90,11841.763
2024-08-21 11:22:44,SOLUSDT,ask,148,16988.514
2024-08-21 11:22:47,SOLUSDT,bid,115,20604.833
2024-08-21 11:22:47,SOLUSDT,ask,195,12221.35
2024-08-21 11:22:52,SOLUSDT,bid,138,7741.762
2024-08-21 11:23:07,SOLUSDT,ask,151,20888.807
2024-08-21 11:24:04,SOLUSDT,bid,80,27205.157
2024-08-21 11:24:13,SOLUSDT,bid,80,27180.157
2024-08-21 11:24:15,SOLUSDT,bid,90,11841.652
2024-08-21 11:24:25,SOLUSDT,bid,138,7742.059
2024-08-21 11:24:57,SOLUSDT,ask,148,16990.192
2024-08-21 11:25:14,SOLUSDT,ask,148,16990.228
2024-08-21 11:25:30,SOLUSDT,bid,130,15951.058
2024-08-21 11:25:37,SOLUSDT,bid,138,7739.059
2024-08-21 11:26:07,SOLUSDT,ask,400,4712.02
2024-08-21 11:26:34,SOLUSDT,ask,148,16993.214
2024-08-21 11:26:59,SOLUSDT,bid,135,15402.32
2024-08-21 11:27:42,SOLUSDT,bid,100,28531.076
2024-08-21 11:27:51,SOLUSDT,bid,135,15402.252
2024-08-21 11:28:15,SOLUSDT,bid,138,7591.315
2024-08-21 11:28:19,SOLUSDT,ask,200,44149.65
2024-08-21 11:28:37,SOLUSDT,ask,148,17333.618
2024-08-21 11:29:14,SOLUSDT,bid,125,16994.052
2024-08-21 11:29:15,SOLUSDT,ask,147,13439.302
2024-08-21 11:29:45,SOLUSDT,bid,125,16993.352
2024-08-21 11:30:01,SOLUSDT,ask,150,25170.245
2024-08-21 11:31:21,SOLUSDT,ask,147,13438.222
2024-08-21 11:31:21,SOLUSDT,bid,138,7590.181
2024-08-21 11:31:32,SOLUSDT,ask,170,12556.188
2024-08-21 11:31:32,SOLUSDT,ask,151,20888.703
2024-08-21 11:31:43,SOLUSDT,bid,138,7592.181
2024-08-21 11:32:01,SOLUSDT,bid,120,21393.212
2024-08-21 11:33:26,SOLUSDT,ask,148,17319.889
2024-08-21 11:33:38,SOLUSDT,ask,155,8511.198
2024-08-21 11:33:54,SOLUSDT,ask,148,17337.122
2024-08-21 11:35:15,SOLUSDT,ask,150,25171.29
2024-08-21 11:35:30,SOLUSDT,bid,115,20607.325
2024-08-21 11:35:35,SOLUSDT,ask,150,25170.245
2024-08-21 11:35:35,SOLUSDT,ask,151,20889.748
2024-08-21 11:35:47,SOLUSDT,bid,135,15402.214
2024-08-21 11:35:47,SOLUSDT,ask,155,8511.16
2024-08-21 11:35:47,SOLUSDT,ask,148,17336.123
2024-08-21 11:35:49,SOLUSDT,bid,115,20604.833
2024-08-21 11:35:52,SOLUSDT,bid,135,15402.591
2024-08-21 11:36:00,SOLUSDT,ask,148,17343.814
2024-08-21 11:36:03,SOLUSDT,bid,115,20607.335
2024-08-21 11:36:09,SOLUSDT,bid,115,20604.833
2024-08-21 11:36:22,SOLUSDT,ask,150,25167.985
2024-08-21 11:36:37,SOLUSDT,ask,148,17375.424
2024-08-21 11:36:54,SOLUSDT,ask,147,13438.341
2024-08-21 11:37:11,SOLUSDT,bid,138,7592.904
2024-08-21 11:37:21,SOLUSDT,ask,147,13439.479
2024-08-21 11:37:23,SOLUSDT,ask,200,44149.625
2024-08-21 11:37:31,SOLUSDT,ask,148,17372.421
2024-08-21 11:37:47,SOLUSDT,ask,150,25170.988
2024-08-21 11:37:51,SOLUSDT,ask,148,17374.018
2024-08-21 11:37:52,SOLUSDT,bid,138,7591.704
2024-08-21 11:38:05,SOLUSDT,ask,150,25171.027
2024-08-21 11:38:46,SOLUSDT,bid,138,7590.981
2024-08-21 11:40:03,SOLUSDT,ask,147,13439.36
2024-08-21 11:40:29,SOLUSDT,ask,147,13438.114
2024-08-21 11:40:59,SOLUSDT,ask,152,22978.066
2024-08-21 11:41:04,SOLUSDT,ask,150,25172.108
2024-08-21 11:41:07,SOLUSDT,bid,130,15951.258
2024-08-21 11:41:19,SOLUSDT,bid,130,15951.931
2024-08-21 11:41:34,SOLUSDT,ask,154,18262.689
2024-08-21 11:41:34,SOLUSDT,ask,175,8003.044
2024-08-21 11:41:43,SOLUSDT,ask,147,13435.522
2024-08-21 11:42:01,SOLUSDT,ask,147,13435.682
2024-08-21 11:42:17,SOLUSDT,bid,110,25448.893
2024-08-21 11:43:01,SOLUSDT,ask,147,13438.061
2024-08-21 11:43:57,SOLUSDT,bid,130,15960.569
2024-08-21 11:43:58,SOLUSDT,ask,150,25168.693
2024-08-21 11:44:07,SOLUSDT,bid,135,15402.221
2024-08-21 11:44:43,SOLUSDT,bid,115,20607.355
2024-08-21 11:44:48,SOLUSDT,bid,135,15399.14
2024-08-21 11:45:03,SOLUSDT,bid,115,20604.833
2024-08-21 11:45:08,SOLUSDT,bid,120,21410.298
2024-08-21 11:45:22,SOLUSDT,ask,147,13437.834
2024-08-21 11:45:28,SOLUSDT,bid,115,20607.331
2024-08-21 11:45:50,SOLUSDT,bid,115,20604.833
2024-08-21 11:45:51,SOLUSDT,ask,205,10167.43
2024-08-21 11:46:44,SOLUSDT,bid,138,7592.459
2024-08-21 11:46:51,SOLUSDT,bid,110,25447.893
2024-08-21 11:47:02,SOLUSDT,bid,125,17125.049
2024-08-21 11:47:13,SOLUSDT,ask,147,13423.834
2024-08-21 11:47:36,SOLUSDT,ask,148,17377.262
2024-08-21 11:48:37,SOLUSDT,ask,155,8513.16
2024-08-21 11:48:46,SOLUSDT,ask,154,18262.52
2024-08-21 11:48:50,SOLUSDT,bid,130,15977.021
2024-08-21 11:50:48,SOLUSDT,bid,120,21410.964
2024-08-21 11:50:59,SOLUSDT,ask,155,8512.16
2024-08-21 11:51:20,SOLUSDT,ask,147,13424.834
2024-08-21 11:52:03,SOLUSDT,ask,148,17375.147
2024-08-21 11:52:10,SOLUSDT,ask,160,25691.735
2024-08-21 11:52:10,SOLUSDT,ask,150,25168.555
2024-08-21 11:52:38,SOLUSDT,ask,155,8524.16
2024-08-21 11:52:38,SOLUSDT,bid,135,15404.971
2024-08-21 11:53:28,SOLUSDT,bid,90,11841.152
2024-08-21 11:53:32,SOLUSDT,bid,111,19826.987
2024-08-21 11:53:44,SOLUSDT,bid,100,28530.576
2024-08-21 11:53:59,SOLUSDT,bid,100,28529.576
2024-08-21 11:54:54,SOLUSDT,ask,150,25170.67
2024-08-21 11:55:42,SOLUSDT,bid,130,15976.675
2024-08-21 11:56:05,SOLUSDT,ask,190,23104.03
2024-08-21 11:56:58,SOLUSDT,ask,150,25182.805
2024-08-21 11:57:40,SOLUSDT,bid,138,7592.609
2024-08-21 11:58:40,SOLUSDT,ask,150,25183.505
2024-08-21 11:59:14,SOLUSDT,bid,110,25450.328
2024-08-21 12:00:38,SOLUSDT,bid,130,15975.774
2024-08-21 12:00:52,SOLUSDT,bid,135,15412.378
2024-08-21 12:01:03,SOLUSDT,ask,152,22974.417
2024-08-21 12:01:03,SOLUSDT,ask,155,8527.809
2024-08-21 12:01:16,SOLUSDT,ask,220,12362.246
2024-08-21 12:01:23,SOLUSDT,bid,138,7581.993
2024-08-21 12:01:26,SOLUSDT,bid,110,25322.594
2024-08-21 12:01:27,SOLUSDT,bid,135,15412.832
2024-08-21 12:01:38,SOLUSDT,ask,148,17375.204
2024-08-21 12:02:31,SOLUSDT,ask,150,25183.869
2024-08-21 12:02:53,SOLUSDT,ask,210,25666.303
2024-08-21 12:03:09,SOLUSDT,ask,210,25672.725
2024-08-21 12:03:27,SOLUSDT,ask,150,25182.799
2024-08-21 12:03:31,SOLUSDT,ask,151,20886.964
2024-08-21 12:03:47,SOLUSDT,ask,155,8524.16
2024-08-21 12:03:57,SOLUSDT,bid,138,7582.065
2024-08-21 12:04:05,SOLUSDT,ask,148,17377.988
2024-08-21 12:04:12,SOLUSDT,ask,152,22975.416
2024-08-21 12:04:18,SOLUSDT,ask,150,25182.757
2024-08-21 12:04:25,SOLUSDT,ask,190,23103.991
2024-08-21 12:04:25,SOLUSDT,bid,130,15975.735
2024-08-21 12:04:33,SOLUSDT,ask,150,25181.299
2024-08-21 12:05:04,SOLUSDT,bid,138,7578.223
2024-08-21 12:05:17,SOLUSDT,ask,150,25181.337
2024-08-21 12:05:18,SOLUSDT,ask,148,17382.482
2024-08-21 12:06:22,SOLUSDT,ask,148,17408.398
2024-08-21 12:06:23,SOLUSDT,ask,150,25181.148
2024-08-21 12:06:24,SOLUSDT,ask,155,8524.034
2024-08-21 12:06:25,SOLUSDT,ask,160,25691.546
2024-08-21 12:06:47,SOLUSDT,ask,150,24732.199
2024-08-21 12:07:30,SOLUSDT,ask,155,8523.837
2024-08-21 12:07:46,SOLUSDT,ask,160,25691.394
2024-08-21 12:07:48,SOLUSDT,bid,135,15412.727
2024-08-21 12:08:01,SOLUSDT,ask,150,24753.193
2024-08-21 12:08:27,SOLUSDT,ask,150,24744.56
2024-08-21 12:08:52,SOLUSDT,ask,180,30237.028
2024-08-21 12:09:03,SOLUSDT,ask,180,29788.079
2024-08-21 12:09:40,SOLUSDT,bid,135,15408.54
2024-08-21 12:09:42,SOLUSDT,bid,80,27155.357
2024-08-21 12:09:44,SOLUSDT,bid,120,21412.214
2024-08-21 12:10:04,SOLUSDT,bid,110,25323.503
2024-08-21 12:10:06,SOLUSDT,bid,138,7578.581
2024-08-21 12:10:06,SOLUSDT,ask,230,7156.552
2024-08-21 12:10:12,SOLUSDT,bid,135,15402.709
2024-08-21 12:10:45,SOLUSDT,bid,130,15976.619
2024-08-21 12:11:16,SOLUSDT,ask,150,24744.52
2024-08-21 12:11:24,SOLUSDT,ask,150,24743.82
2024-08-21 12:11:24,SOLUSDT,ask,150,24754.127
2024-08-21 12:11:29,SOLUSDT,ask,148,17409.098
2024-08-21 12:11:43,SOLUSDT,bid,138,7577.495
2024-08-21 12:12:00,SOLUSDT,bid,138,7575.385
2024-08-21 12:12:02,SOLUSDT,ask,150,24751.43
2024-08-21 12:12:06,SOLUSDT,ask,160,25696.394
2024-08-21 12:12:06,SOLUSDT,ask,170,12551.188
2024-08-21 12:12:56,SOLUSDT,ask,148,17869.122
2024-08-21 12:12:57,SOLUSDT,ask,200,44149.901
2024-08-21 12:14:01,SOLUSDT,ask,150,24754.607
2024-08-21 12:14:32,SOLUSDT,bid,100,28529.311
2024-08-21 12:14:33,SOLUSDT,bid,111,19818.527
2024-08-21 12:15:26,SOLUSDT,bid,138,7576.385
2024-08-21 12:16:30,SOLUSDT,ask,148,17869.167
2024-08-21 12:16:37,SOLUSDT,ask,148,17869.122
2024-08-21 12:16:44,SOLUSDT,ask,147,13431.088
2024-08-21 12:16:44,SOLUSDT,ask,148,17869.167
2024-08-21 12:17:00,SOLUSDT,bid,120,21416.632
2024-08-21 12:17:38,SOLUSDT,ask,148,17869.122
2024-08-21 12:17:41,SOLUSDT,ask,175,7943.428
2024-08-21 12:17:56,SOLUSDT,ask,150,24754.542
2024-08-21 12:18:02,SOLUSDT,bid,111,19818.437
2024-08-21 12:18:15,SOLUSDT,bid,120,21447.209
2024-08-21 12:18:46,SOLUSDT,ask,150,24733.548
2024-08-21 12:20:18,SOLUSDT,ask,161,14633.812
2024-08-21 12:20:46,SOLUSDT,bid,130,15976.542
2024-08-21 12:20:50,SOLUSDT,ask,160,25696.329
2024-08-21 12:21:04,SOLUSDT,ask,500,5882.595
2024-08-21 12:21:26,SOLUSDT,bid,138,7573.415
2024-08-21 12:21:48,SOLUSDT,bid,115,20451.987
2024-08-21 12:21:57,SOLUSDT,ask,147,13397.761
2024-08-21 12:22:17,SOLUSDT,ask,148,17992.209
2024-08-21 12:23:11,SOLUSDT,bid,80,27149.107
2024-08-21 12:23:14,SOLUSDT,ask,155,8522.722
2024-08-21 12:23:18,SOLUSDT,ask,170,12550.896
2024-08-21 12:23:25,SOLUSDT,ask,148,17993.242
2024-08-21 12:23:26,SOLUSDT,ask,150,24729.548
2024-08-21 12:23:31,SOLUSDT,bid,135,15402.661
2024-08-21 12:23:47,SOLUSDT,ask,148,17997.242
2024-08-21 12:23:54,SOLUSDT,ask,152,22975.09
2024-08-21 12:23:58,SOLUSDT,ask,165,17791.166
2024-08-21 12:24:12,SOLUSDT,ask,156,20134.853
2024-08-21 12:24:21,SOLUSDT,ask,148,17997.397
2024-08-21 12:24:28,SOLUSDT,bid,138,7607.984
2024-08-21 12:24:34,SOLUSDT,ask,147,13397.917
2024-08-21 12:24:39,SOLUSDT,ask,170,12551.894
2024-08-21 12:24:42,SOLUSDT,bid,120,21444.209
2024-08-21 12:24:43,SOLUSDT,bid,115,20435.014
2024-08-21 12:24:43,SOLUSDT,bid,115,20432.014
2024-08-21 12:24:46,SOLUSDT,ask,156,20134.788
2024-08-21 12:24:56,SOLUSDT,ask,185,16624.243
2024-08-21 12:25:02,SOLUSDT,bid,80,27155.357
2024-08-21 12:25:34,SOLUSDT,ask,150,24729.691
2024-08-21 12:25:41,SOLUSDT,ask,147,13391.923
2024-08-21 12:26:01,SOLUSDT,ask,150,24729.651
2024-08-21 12:26:29,SOLUSDT,bid,111,19818.514
2024-08-21 12:26:30,SOLUSDT,bid,130,16018.851
2024-08-21 12:26:31,SOLUSDT,ask,147,13392.167
2024-08-21 12:26:39,SOLUSDT,ask,156,20134.853
2024-08-21 12:27:01,SOLUSDT,ask,160,25696.829
2024-08-21 12:27:04,SOLUSDT,ask,148,18004.377
2024-08-21 12:27:40,SOLUSDT,ask,148,18003.877
2024-08-21 12:27:42,SOLUSDT,ask,148,17996.897
2024-08-21 12:27:47,SOLUSDT,bid,131,9248.862
2024-08-21 12:27:58,SOLUSDT,ask,150,24735.811
2024-08-21 12:28:47,SOLUSDT,bid,111,19818.591
2024-08-21 12:29:13,SOLUSDT,ask,148,18052.428
2024-08-21 12:29:14,SOLUSDT,bid,111,19818.437
2024-08-21 12:29:18,SOLUSDT,bid,111,19818.514
2024-08-21 12:29:23,SOLUSDT,bid,138,7607.595
2024-08-21 12:29:23,SOLUSDT,bid,135,15403.05
2024-08-21 12:29:26,SOLUSDT,bid,115,20434.532
2024-08-21 12:29:29,SOLUSDT,bid,135,15429.82
2024-08-21 12:29:51,SOLUSDT,bid,115,20432.014
2024-08-21 12:30:03,SOLUSDT,ask,200,44149.956
2024-08-21 12:30:55,SOLUSDT,ask,200,44150.011
2024-08-21 12:30:57,SOLUSDT,ask,147,13397.741
2024-08-21 12:31:17,SOLUSDT,ask,185,16626.993
2024-08-21 12:31:17,SOLUSDT,ask,250,18497.566
2024-08-21 12:31:23,SOLUSDT,ask,190,23102.991
2024-08-21 12:32:01,SOLUSDT,bid,120,21443.793
2024-08-21 12:32:03,SOLUSDT,bid,110,25323.003
2024-08-21 12:32:14,SOLUSDT,bid,131,9249.626
2024-08-21 12:32:15,SOLUSDT,ask,200,44150.066
2024-08-21 12:32:29,SOLUSDT,bid,135,15429.861
2024-08-21 12:32:29,SOLUSDT,ask,150,24735.852
2024-08-21 12:32:32,SOLUSDT,ask,200,44150.121
2024-08-21 12:33:02,SOLUSDT,bid,111,19818.437
2024-08-21 12:33:02,SOLUSDT,ask,200,44149.901
2024-08-21 12:33:10,SOLUSDT,ask,188,11565.409
2024-08-21 12:33:17,SOLUSDT,bid,115,20434.492
2024-08-21 12:33:20,SOLUSDT,bid,115,20432.014
2024-08-21 12:33:27,SOLUSDT,ask,200,44150.001
2024-08-21 12:33:47,SOLUSDT,ask,200,44150.101
2024-08-21 12:33:55,SOLUSDT,ask,152,22974.104
2024-08-21 12:34:45,SOLUSDT,ask,150,24735.299
2024-08-21 12:34:53,SOLUSDT,ask,200,44150.156
2024-08-21 12:34:54,SOLUSDT,ask,180,29788.777
2024-08-21 12:35:00,SOLUSDT,ask,150,24738.825
2024-08-21 12:35:04,SOLUSDT,ask,160,25695.829
2024-08-21 12:35:06,SOLUSDT,ask,200,44150.256
2024-08-21 12:35:11,SOLUSDT,bid,131,9259.626
2024-08-21 12:35:19,SOLUSDT,ask,200,44141.586
2024-08-21 12:35:25,SOLUSDT,ask,200,44141.686
2024-08-21 12:35:36,SOLUSDT,bid,120,21443.715
2024-08-21 12:36:02,SOLUSDT,bid,130,16018.923
2024-08-21 12:36:18,SOLUSDT,bid,115,20433.017
2024-08-21 12:36:53,SOLUSDT,ask,200,44141.586
2024-08-21 12:36:53,SOLUSDT,ask,200,44141.486
2024-08-21 12:36:54,SOLUSDT,ask,200,44141.431
2024-08-21 12:36:55,SOLUSDT,ask,200,44141.331
2024-08-21 12:36:55,SOLUSDT,ask,200,44141.231
2024-08-21 12:37:02,SOLUSDT,ask,200,44151.972
2024-08-21 12:37:04,SOLUSDT,ask,150,24728.825
2024-08-21 12:37:04,SOLUSDT,bid,110,25321.999
2024-08-21 12:37:28,SOLUSDT,bid,135,15429.804
2024-08-21 12:37:34,SOLUSDT,bid,100,28529.422
2024-08-21 12:38:05,SOLUSDT,ask,148,18042.428
2024-08-21 12:38:08,SOLUSDT,ask,148,17582.404
2024-08-21 12:38:09,SOLUSDT,ask,148,17595.284
2024-08-21 12:38:17,SOLUSDT,bid,130,16017.923
2024-08-21 12:38:20,SOLUSDT,bid,131,9258.626
2024-08-21 12:38:25,SOLUSDT,bid,138,7606.595
2024-08-21 12:38:25,SOLUSDT,bid,135,15428.804
2024-08-21 12:38:42,SOLUSDT,bid,80,27154.752
2024-08-21 12:39:04,SOLUSDT,ask,150,24745.837
2024-08-21 12:39:19,SOLUSDT,ask,150,24728.825
2024-08-21 12:40:10,SOLUSDT,ask,200,44152.082
2024-08-21 12:40:19,SOLUSDT,ask,160,25712.074
2024-08-21 12:40:22,SOLUSDT,ask,200,44152.137
2024-08-21 12:40:28,SOLUSDT,bid,120,21439.297
2024-08-21 12:40:30,SOLUSDT,ask,200,44152.192
2024-08-21 12:40:36,SOLUSDT,ask,200,44151.972
2024-08-21 12:41:00,SOLUSDT,bid,135,15413.905
2024-08-21 12:41:12,SOLUSDT,bid,111,19819.437
2024-08-21 12:41:32,SOLUSDT,bid,131,9212.957
2024-08-21 12:41:35,SOLUSDT,ask,147,13398.353
2024-08-21 12:41:42,SOLUSDT,ask,147,13398.422
2024-08-21 12:42:03,SOLUSDT,bid,111,19819.536
2024-08-21 12:42:49,SOLUSDT,ask,154,18262.584
2024-08-21 12:42:56,SOLUSDT,bid,111,19819.635
2024-08-21 12:42:57,SOLUSDT,ask,155,8522.786
2024-08-21 12:43:07,SOLUSDT,ask,156,20134.917
2024-08-21 12:43:12,SOLUSDT,bid,111,19819.734
2024-08-21 12:43:17,SOLUSDT,bid,120,21435.512
2024-08-21 12:43:30,SOLUSDT,ask,147,13407.583
2024-08-21 12:43:32,SOLUSDT,bid,111,19819.833
2024-08-21 12:43:39,SOLUSDT,ask,180,29787.782
2024-08-21 12:43:39,SOLUSDT,bid,111,19819.437
2024-08-21 12:43:54,SOLUSDT,ask,158,19140.913
2024-08-21 12:44:24,SOLUSDT,ask,160,25712.143
2024-08-21 12:44:30,SOLUSDT,ask,161,14633.915
2024-08-21 12:44:54,SOLUSDT,ask,182,5543.718
2024-08-21 12:45:00,SOLUSDT,bid,135,15453.028
2024-08-21 12:45:23,SOLUSDT,ask,158,19151.412
2024-08-21 12:45:59,SOLUSDT,bid,138,7605.551
2024-08-21 12:46:04,SOLUSDT,ask,148,17594.582
2024-08-21 12:46:09,SOLUSDT,ask,150,24728.665
2024-08-21 12:46:26,SOLUSDT,ask,148,17593.61
2024-08-21 12:46:36,SOLUSDT,ask,150,24730.665
2024-08-21 12:46:38,SOLUSDT,ask,150,24775.57
2024-08-21 12:46:50,SOLUSDT,ask,147,13416.484
2024-08-21 12:46:53,SOLUSDT,ask,190,23101.966
2024-08-21 12:47:11,SOLUSDT,bid,135,15453.351
2024-08-21 12:47:22,SOLUSDT,ask,150,24775.73
2024-08-21 12:47:30,SOLUSDT,ask,190,23102.991
2024-08-21 12:47:49,SOLUSDT,bid,135,15453.5
2024-08-21 12:47:52,SOLUSDT,ask,150,24777.07
2024-08-21 12:48:13,SOLUSDT,ask,200,44151.435
2024-08-21 12:48:13,SOLUSDT,bid,135,15443.5
2024-08-21 12:48:13,SOLUSDT,bid,130,16027.923
2024-08-21 12:48:35,SOLUSDT,ask,150,24778.349
2024-08-21 12:48:37,SOLUSDT,ask,147,13423.484
2024-08-21 12:48:39,SOLUSDT,ask,500,5883.132
2024-08-21 12:48:55,SOLUSDT,ask,150,24785.358
2024-08-21 12:49:20,SOLUSDT,ask,150,24784.408
2024-08-21 12:49:21,SOLUSDT,ask,150,24785.683
2024-08-21 12:49:21,SOLUSDT,ask,148,17563.61
2024-08-21 12:49:37,SOLUSDT,bid,111,19819.514
2024-08-21 12:49:45,SOLUSDT,ask,147,13423.787
2024-08-21 12:49:46,SOLUSDT,bid,120,21434.599
2024-08-21 12:49:47,SOLUSDT,ask,147,13423.661
2024-08-21 12:49:55,SOLUSDT,ask,147,13423.757
2024-08-21 12:49:56,SOLUSDT,bid,111,19819.437
2024-08-21 12:50:22,SOLUSDT,bid,138,7591.059
2024-08-21 12:50:27,SOLUSDT,ask,147,13427.603
2024-08-21 12:50:28,SOLUSDT,ask,158,19149.485
2024-08-21 12:50:39,SOLUSDT,ask,180,29787.657
2024-08-21 12:50:41,SOLUSDT,ask,148,17564.608
2024-08-21 12:50:47,SOLUSDT,ask,150,24787.61
2024-08-21 12:50:52,SOLUSDT,bid,100,28569.533
2024-08-21 12:50:54,SOLUSDT,bid,100,28474.302
2024-08-21 12:51:00,SOLUSDT,bid,120,21418.231
2024-08-21 12:51:19,SOLUSDT,bid,135,15443.389
2024-08-21 12:51:30,SOLUSDT,ask,152,22966.964
2024-08-21 12:51:38,SOLUSDT,ask,150,24779.11
2024-08-21 12:51:57,SOLUSDT,ask,147,13406.993
2024-08-21 12:52:00,SOLUSDT,bid,111,19818.437
2024-08-21 12:52:00,SOLUSDT,ask,150,24778.621
2024-08-21 12:52:09,SOLUSDT,ask,152,22971.724
2024-08-21 12:52:54,SOLUSDT,bid,135,15424.569
2024-08-21 12:53:43,SOLUSDT,bid,111,19818.921
2024-08-21 12:53:49,SOLUSDT,bid,111,19818.437
2024-08-21 12:53:51,SOLUSDT,bid,111,19817.437
2024-08-21 12:54:02,SOLUSDT,ask,150,24784.688
2024-08-21 12:54:07,SOLUSDT,ask,150,24778.621
2024-08-21 12:54:14,SOLUSDT,ask,160,25718.21
2024-08-21 12:54:25,SOLUSDT,bid,111,19817.491
2024-08-21 12:54:53,SOLUSDT,bid,111,19817.59
2024-08-21 12:55:00,SOLUSDT,ask,147,13411.988
2024-08-21 12:55:09,SOLUSDT,bid,111,19817.653
2024-08-21 12:55:16,SOLUSDT,ask,148,17564.195
2024-08-21 12:55:28,SOLUSDT,bid,111,19817.752
2024-08-21 12:55:30,SOLUSDT,ask,147,13410.975
2024-08-21 12:55:40,SOLUSDT,bid,96,11924.228
2024-08-21 12:55:52,SOLUSDT,ask,160,25718.37
2024-08-21 12:55:55,SOLUSDT,ask,148,17668.865
2024-08-21 12:56:00,SOLUSDT,bid,138,7590.859
2024-08-21 12:56:15,SOLUSDT,ask,200,44154.521
2024-08-21 12:56:17,SOLUSDT,bid,125,17073.772
2024-08-21 12:56:17,SOLUSDT,ask,147,13420.627
2024-08-21 12:56:17,SOLUSDT,bid,138,7588.859
2024-08-21 12:56:20,SOLUSDT,ask,148,17564.195
2024-08-21 12:56:45,SOLUSDT,ask,148,17564.877
2024-08-21 12:56:48,SOLUSDT,ask,150,24779.62
2024-08-21 12:56:50,SOLUSDT,bid,111,19817.437
2024-08-21 12:56:51,SOLUSDT,ask,147,13415.017
2024-08-21 12:57:01,SOLUSDT,ask,148,17587.061
2024-08-21 12:57:09,SOLUSDT,ask,150,24780.155
2024-08-21 12:57:28,SOLUSDT,ask,147,13387.104
2024-08-21 12:57:29,SOLUSDT,bid,115,20363.775
2024-08-21 12:57:53,SOLUSDT,ask,246,5090.83
2024-08-21 12:57:54,SOLUSDT,bid,125,16942.075
2024-08-21 12:58:57,SOLUSDT,ask,148,17585.063
2024-08-21 12:59:30,SOLUSDT,ask,148,17583.12
2024-08-21 12:59:42,SOLUSDT,ask,150,24780.857
2024-08-21 13:00:14,SOLUSDT,ask,150,24773.693
2024-08-21 13:00:51,SOLUSDT,bid,120,21415.231
2024-08-21 13:00:52,SOLUSDT,bid,125,16939.075
2024-08-21 13:00:55,SOLUSDT,bid,130,16024.923
2024-08-21 13:01:06,SOLUSDT,ask,147,13377.452
2024-08-21 13:01:40,SOLUSDT,ask,170,12552.468
2024-08-21 13:01:43,SOLUSDT,bid,130,16040.041
2024-08-21 13:01:56,SOLUSDT,ask,148,17582.905
2024-08-21 13:02:07,SOLUSDT,ask,180,29787.56
2024-08-21 13:02:12,SOLUSDT,ask,200,44151.435
2024-08-21 13:02:23,SOLUSDT,bid,138,7585.961
2024-08-21 13:02:41,SOLUSDT,bid,110,25321.771
2024-08-21 13:02:46,SOLUSDT,ask,190,22388.537
2024-08-21 13:02:54,SOLUSDT,ask,161,14843.201
2024-08-21 13:03:30,SOLUSDT,ask,148,17640.27
2024-08-21 13:03:53,SOLUSDT,ask,150,24772.144
2024-08-21 13:03:57,SOLUSDT,ask,160,25719.594
2024-08-21 13:04:04,SOLUSDT,ask,150,24779.112
2024-08-21 13:04:10,SOLUSDT,ask,163,18538.397
2024-08-21 13:04:20,SOLUSDT,ask,163,18538.669
2024-08-21 13:04:20,SOLUSDT,ask,148,17638.382
2024-08-21 13:04:23,SOLUSDT,bid,111,19817.513
2024-08-21 13:04:24,SOLUSDT,ask,147,13377.537
2024-08-21 13:04:24,SOLUSDT,bid,125,16915.371
2024-08-21 13:04:28,SOLUSDT,ask,150,24769.112
2024-08-21 13:04:53,SOLUSDT,bid,111,19817.437
2024-08-21 13:05:08,SOLUSDT,ask,147,13383.147
2024-08-21 13:05:11,SOLUSDT,ask,150,24771.852
2024-08-21 13:05:28,SOLUSDT,ask,152,22972.422
2024-08-21 13:05:55,SOLUSDT,ask,148,17639.527
2024-08-21 13:06:02,SOLUSDT,bid,80,27152.525
2024-08-21 13:06:10,SOLUSDT,ask,150,24771.317
2024-08-21 13:06:18,SOLUSDT,bid,110,25316.771
2024-08-21 13:06:26,SOLUSDT,ask,147,13383.535
2024-08-21 13:06:43,SOLUSDT,ask,163,18561.91
2024-08-21 13:06:43,SOLUSDT,ask,170,12529.227
2024-08-21 13:06:48,SOLUSDT,ask,150,24771.279
2024-08-21 13:06:55,SOLUSDT,ask,148,17641.8
2024-08-21 13:07:12,SOLUSDT,bid,130,16039.932
2024-08-21 13:07:32,SOLUSDT,bid,111,19817.536
2024-08-21 13:07:33,SOLUSDT,ask,160,25719.361
2024-08-21 13:08:23,SOLUSDT,bid,111,19817.635
2024-08-21 13:08:28,SOLUSDT,bid,138,7594.351
2024-08-21 13:08:55,SOLUSDT,ask,150,24771.317
2024-08-21 13:09:01,SOLUSDT,ask,148,17640.35
2024-08-21 13:09:12,SOLUSDT,ask,200,44150.742
2024-08-21 13:09:12,SOLUSDT,ask,300,11593.578
2024-08-21 13:09:21,SOLUSDT,ask,148,17616.957
2024-08-21 13:09:33,SOLUSDT,ask,147,14423.438
2024-08-21 13:10:14,SOLUSDT,ask,150,24820.212
2024-08-21 13:10:26,SOLUSDT,bid,130,16040.394
2024-08-21 13:10:26,SOLUSDT,bid,111,19817.735
2024-08-21 13:10:45,SOLUSDT,bid,111,19817.834
2024-08-21 13:10:50,SOLUSDT,ask,152,22972.383
2024-08-21 13:11:09,SOLUSDT,bid,111,19817.934
2024-08-21 13:11:14,SOLUSDT,ask,185,16626.044
2024-08-21 13:11:18,SOLUSDT,bid,111,19817.437
2024-08-21 13:11:26,SOLUSDT,bid,115,19298.015
2024-08-21 13:11:27,SOLUSDT,bid,120,21159.893
2024-08-21 13:11:36,SOLUSDT,ask,200,44151.194
2024-08-21 13:11:45,SOLUSDT,bid,111,19817.537
2024-08-21 13:12:01,SOLUSDT,ask,150,24820.299
2024-08-21 13:12:15,SOLUSDT,bid,135,15422.569
2024-08-21 13:12:15,SOLUSDT,ask,147,14423.238
2024-08-21 13:12:15,SOLUSDT,ask,148,17616.757
2024-08-21 13:12:15,SOLUSDT,ask,151,20885.964
2024-08-21 13:12:15,SOLUSDT,ask,152,22971.383
2024-08-21 13:12:16,SOLUSDT,ask,148,17617.094
2024-08-21 13:12:35,SOLUSDT,ask,180,29788.172
2024-08-21 13:12:38,SOLUSDT,ask,148,17617.46
2024-08-21 13:12:38,SOLUSDT,ask,151,20885.598
2024-08-21 13:12:54,SOLUSDT,ask,148,17616.825
2024-08-21 13:12:57,SOLUSDT,ask,160,25725.549
2024-08-21 13:13:09,SOLUSDT,ask,155,8525.084
2024-08-21 13:13:20,SOLUSDT,ask,165,17794.295
2024-08-21 13:13:20,SOLUSDT,ask,170,12526.098
2024-08-21 13:13:22,SOLUSDT,ask,148,17617.025
2024-08-21 13:13:29,SOLUSDT,ask,150,24820.337
2024-08-21 13:13:29,SOLUSDT,ask,150,24817.597
2024-08-21 13:13:46,SOLUSDT,bid,115,19289.32
2024-08-21 13:13:46,SOLUSDT,bid,111,19817.437
2024-08-21 13:13:53,SOLUSDT,ask,150,24820.337
2024-08-21 13:14:04,SOLUSDT,ask,150,24854.558
2024-08-21 13:14:06,SOLUSDT,bid,138,7572.146
2024-08-21 13:14:18,SOLUSDT,ask,160,25759.771
2024-08-21 13:14:29,SOLUSDT,ask,165,17784.295
2024-08-21 13:14:49,SOLUSDT,ask,148,17641.537
2024-08-21 13:14:49,SOLUSDT,bid,130,16048.086
2024-08-21 13:15:21,SOLUSDT,ask,147,14422.238
2024-08-21 13:15:39,SOLUSDT,ask,160,25758.49
2024-08-21 13:15:54,SOLUSDT,ask,147,14423.238
2024-08-21 13:15:54,SOLUSDT,ask,148,17640.537
2024-08-21 13:16:14,SOLUSDT,ask,148,17641.537
2024-08-21 13:16:14,SOLUSDT,ask,151,20884.598
2024-08-21 13:16:35,SOLUSDT,bid,138,7569.179
2024-08-21 13:16:41,SOLUSDT,bid,111,19817.513
2024-08-21 13:16:45,SOLUSDT,ask,150,24852.64
2024-08-21 13:16:47,SOLUSDT,ask,150,24851.542
2024-08-21 13:16:56,SOLUSDT,bid,111,19817.589
2024-08-21 13:17:03,SOLUSDT,bid,111,19817.437
2024-08-21 13:17:07,SOLUSDT,ask,148,17617.025
2024-08-21 13:17:20,SOLUSDT,ask,151,20884.538
2024-08-21 13:17:44,SOLUSDT,ask,148,17618.943
2024-08-21 13:17:55,SOLUSDT,ask,150,24853.316
2024-08-21 13:18:07,SOLUSDT,ask,150,24851.542
2024-08-21 13:18:51,SOLUSDT,ask,148,17618.881
2024-08-21 13:19:15,SOLUSDT,ask,148,17618.381
2024-08-21 13:19:25,SOLUSDT,bid,138,7568.527
2024-08-21 13:19:25,SOLUSDT,ask,147,14422.19
2024-08-21 13:19:26,SOLUSDT,bid,80,27152.213
2024-08-21 13:19:54,SOLUSDT,bid,130,16051.932
2024-08-21 13:19:59,SOLUSDT,ask,170,12525.846
2024-08-21 13:20:03,SOLUSDT,ask,180,29787.92
2024-08-21 13:20:07,SOLUSDT,ask,175,7943.178
2024-08-21 13:20:15,SOLUSDT,bid,138,7561.281
2024-08-21 13:20:18,SOLUSDT,ask,151,20928.319
2024-08-21 13:20:58,SOLUSDT,bid,115,19284.973
2024-08-21 13:21:09,SOLUSDT,ask,148,17619.136
2024-08-21 13:21:58,SOLUSDT,bid,130,16052.932
2024-08-21 13:21:59,SOLUSDT,bid,115,19289.32
2024-08-21 13:22:10,SOLUSDT,bid,120,21159.809
2024-08-21 13:22:11,SOLUSDT,bid,125,16915.291
2024-08-21 13:22:33,SOLUSDT,ask,151,20903.319
2024-08-21 13:22:34,SOLUSDT,bid,130,16052.855
2024-08-21 13:22:35,SOLUSDT,ask,200,44146.194
2024-08-21 13:22:51,SOLUSDT,bid,135,15418.866
2024-08-21 13:23:05,SOLUSDT,ask,150,24854.575
2024-08-21 13:23:16,SOLUSDT,bid,138,7561.064
2024-08-21 13:23:30,SOLUSDT,ask,200,44149.194
2024-08-21 13:23:31,SOLUSDT,ask,148,17580.958
2024-08-21 13:23:32,SOLUSDT,ask,150,24854.644
2024-08-21 13:23:32,SOLUSDT,ask,147,14422.259
2024-08-21 13:23:36,SOLUSDT,bid,138,7561.133
2024-08-21 13:23:37,SOLUSDT,bid,135,15418.935
2024-08-21 13:23:43,SOLUSDT,bid,120,21159.878
2024-08-21 13:23:48,SOLUSDT,ask,161,14843.141
2024-08-21 13:23:48,SOLUSDT,ask,165,17784.235
2024-08-21 13:23:48,SOLUSDT,ask,182,5543.658
2024-08-21 13:23:48,SOLUSDT,ask,156,20134.857
2024-08-21 13:23:48,SOLUSDT,ask,160,25758.43
2024-08-21 13:23:48,SOLUSDT,ask,175,7943.118
2024-08-21 13:23:48,SOLUSDT,ask,193,7254.293
2024-08-21 13:23:48,SOLUSDT,bid,115,19289.26
2024-08-21 13:23:48,SOLUSDT,ask,180,29787.86
2024-08-21 13:23:48,SOLUSDT,bid,125,16915.231
2024-08-21 13:23:48,SOLUSDT,ask,150,24854.584
2024-08-21 13:23:48,SOLUSDT,ask,170,12525.786
2024-08-21 13:23:48,SOLUSDT,ask,152,22971.323
2024-08-21 13:23:48,SOLUSDT,ask,155,8525.024
2024-08-21 13:23:48,SOLUSDT,ask,163,18561.85
2024-08-21 13:23:48,SOLUSDT,ask,190,22388.477
2024-08-21 13:23:48,SOLUSDT,bid,138,7561.073
2024-08-21 13:23:48,SOLUSDT,bid,135,15418.875
2024-08-21 13:23:48,SOLUSDT,bid,131,9212.897
2024-08-21 13:23:48,SOLUSDT,ask,185,16625.984
2024-08-21 13:23:48,SOLUSDT,ask,195,12221.29
2024-08-21 13:23:48,SOLUSDT,ask,197,10779.904
2024-08-21 13:23:48,SOLUSDT,ask,198,5066.919
2024-08-21 13:23:48,SOLUSDT,bid,120,21159.818
2024-08-21 13:23:48,SOLUSDT,ask,148,17580.898
2024-08-21 13:23:48,SOLUSDT,ask,188,11565.349
2024-08-21 13:23:48,SOLUSDT,ask,200,44149.134
2024-08-21 13:23:48,SOLUSDT,bid,130,16052.795
2024-08-21 13:23:48,SOLUSDT,ask,147,14422.199
2024-08-21 13:23:48,SOLUSDT,ask,151,20903.259
2024-08-21 13:23:48,SOLUSDT,ask,154,18262.524
2024-08-21 13:23:48,SOLUSDT,ask,158,19149.425
2024-08-21 13:23:49,SOLUSDT,ask,155,8524.558
2024-08-21 13:24:00,SOLUSDT,ask,148,17579.89
2024-08-21 13:24:13,SOLUSDT,bid,130,16052.217
2024-08-21 13:24:15,SOLUSDT,ask,148,17579.924
2024-08-21 13:24:22,SOLUSDT,ask,175,7940.794
2024-08-21 13:24:27,SOLUSDT,ask,170,12523.462
2024-08-21 13:24:38,SOLUSDT,ask,147,14422.145
2024-08-21 13:24:48,SOLUSDT,ask,220,12361.821
2024-08-21 13:24:48,SOLUSDT,ask,220,12361.396
2024-08-21 13:25:02,SOLUSDT,ask,152,22972.39
2024-08-21 13:25:14,SOLUSDT,bid,135,15419.875
2024-08-21 13:25:28,SOLUSDT,ask,150,24729.246
2024-08-21 13:25:30,SOLUSDT,ask,147,14423.469
2024-08-21 13:26:00,SOLUSDT,ask,163,18561.935
2024-08-21 13:26:01,SOLUSDT,ask,161,14843.226
2024-08-21 13:26:01,SOLUSDT,ask,160,25758.515
2024-08-21 13:26:02,SOLUSDT,ask,158,19149.51
2024-08-21 13:26:04,SOLUSDT,ask,156,20134.942
2024-08-21 13:26:05,SOLUSDT,ask,155,8524.643
2024-08-21 13:26:06,SOLUSDT,ask,154,18262.609
2024-08-21 13:26:07,SOLUSDT,ask,152,22972.475
2024-08-21 13:26:08,SOLUSDT,ask,151,20903.344
2024-08-21 13:26:08,SOLUSDT,ask,150,24726.546
2024-08-21 13:26:08,SOLUSDT,ask,190,22386.179
2024-08-21 13:26:08,SOLUSDT,ask,150,24726.631
2024-08-21 13:26:10,SOLUSDT,ask,148,17580.009
2024-08-21 13:26:11,SOLUSDT,ask,147,14423.554
2024-08-21 13:26:12,SOLUSDT,ask,185,16607.003
2024-08-21 13:26:18,SOLUSDT,bid,138,7561.158
2024-08-21 13:26:18,SOLUSDT,ask,148,17579.254
2024-08-21 13:26:20,SOLUSDT,bid,135,15419.96
2024-08-21 13:26:24,SOLUSDT,bid,131,9212.982
2024-08-21 13:26:25,SOLUSDT,bid,130,16052.302
2024-08-21 13:26:25,SOLUSDT,ask,147,14415.391
2024-08-21 13:26:25,SOLUSDT,ask,148,17571.146
2024-08-21 13:26:25,SOLUSDT,ask,150,24718.631
2024-08-21 13:26:26,SOLUSDT,ask,147,14416.146
2024-08-21 13:26:27,SOLUSDT,bid,125,16915.316
2024-08-21 13:26:40,SOLUSDT,ask,148,17571.112
2024-08-21 13:26:51,SOLUSDT,ask,148,17570.432
2024-08-21 13:27:01,SOLUSDT,ask,150,24715.598
2024-08-21 13:27:29,SOLUSDT,ask,147,14414.146
2024-08-21 13:28:31,SOLUSDT,ask,160,25757.986
2024-08-21 13:28:32,SOLUSDT,bid,138,7541.158
2024-08-21 13:28:32,SOLUSDT,ask,147,14418.954
2024-08-21 13:28:37,SOLUSDT,ask,160,25763.986
2024-08-21 13:28:39,SOLUSDT,ask,148,17570.961
2024-08-21 13:29:05,SOLUSDT,ask,150,24715.435
2024-08-21 13:29:12,SOLUSDT,bid,120,21158.986
2024-08-21 13:29:24,SOLUSDT,bid,135,15420.699
2024-08-21 13:29:26,SOLUSDT,ask,148,17658.127
2024-08-21 13:29:37,SOLUSDT,ask,150,24853.617
2024-08-21 13:30:19,SOLUSDT,bid,110,25314.771
2024-08-21 13:30:22,SOLUSDT,bid,125,16875.316
2024-08-21 13:30:22,SOLUSDT,bid,115,19245.782
2024-08-21 13:30:23,SOLUSDT,ask,155,8524.806
2024-08-21 13:31:06,SOLUSDT,ask,155,8524.763
2024-08-21 13:31:21,SOLUSDT,ask,148,17661.125
2024-08-21 13:31:48,SOLUSDT,ask,148,17659.642
2024-08-21 13:32:05,SOLUSDT,ask,147,14421.987
2024-08-21 13:32:16,SOLUSDT,ask,147,14418.954
2024-08-21 13:32:30,SOLUSDT,bid,120,21159.236
2024-08-21 13:32:32,SOLUSDT,bid,125,16875.22
2024-08-21 13:32:48,SOLUSDT,ask,150,24853.86
2024-08-21 13:32:51,SOLUSDT,ask,151,20880.178
2024-08-21 13:33:03,SOLUSDT,ask,152,22995.591
2024-08-21 13:33:56,SOLUSDT,ask,147,14418.858
2024-08-21 13:34:03,SOLUSDT,bid,115,19244.782
2024-08-21 13:34:25,SOLUSDT,ask,150,24852.044
2024-08-21 13:34:38,SOLUSDT,ask,147,14320.279
2024-08-21 13:34:42,SOLUSDT,ask,147,14320.14
2024-08-21 13:34:51,SOLUSDT,ask,147,14388.587
2024-08-21 13:34:56,SOLUSDT,ask,150,24849.114
2024-08-21 13:35:20,SOLUSDT,ask,150,24847.114
2024-08-21 13:35:27,SOLUSDT,bid,138,7536.678
2024-08-21 13:36:03,SOLUSDT,ask,148,19336.733
2024-08-21 13:36:19,SOLUSDT,ask,150,24846.871
2024-08-21 13:36:38,SOLUSDT,ask,154,18261.609
2024-08-21 13:36:38,SOLUSDT,ask,158,19150.51
2024-08-21 13:36:58,SOLUSDT,bid,110,25313.215
2024-08-21 13:37:15,SOLUSDT,bid,125,16876.589
2024-08-21 13:37:21,SOLUSDT,ask,148,19337.733
2024-08-21 13:37:39,SOLUSDT,ask,160,25764.23
2024-08-21 13:37:42,SOLUSDT,ask,150,24847.871
2024-08-21 13:37:43,SOLUSDT,ask,200,44148.135
2024-08-21 13:37:49,SOLUSDT,ask,148,19340.766
2024-08-21 13:37:53,SOLUSDT,ask,148,19337.733
2024-08-21 13:37:53,SOLUSDT,ask,150,24847.447
2024-08-21 13:37:53,SOLUSDT,bid,120,21159.125
2024-08-21 13:38:03,SOLUSDT,ask,160,25764.474
2024-08-21 13:38:07,SOLUSDT,ask,148,19340.766
2024-08-21 13:38:21,SOLUSDT,bid,130,16057.538
2024-08-21 13:38:22,SOLUSDT,ask,160,25764.23
2024-08-21 13:38:37,SOLUSDT,ask,160,25760.963
2024-08-21 13:38:49,SOLUSDT,ask,155,8524.682
2024-08-21 13:38:57,SOLUSDT,ask,147,14389.011
2024-08-21 13:39:00,SOLUSDT,ask,147,14392.044
2024-08-21 13:39:00,SOLUSDT,ask,148,19337.733
2024-08-21 13:39:06,SOLUSDT,ask,156,20134.873
2024-08-21 13:39:20,SOLUSDT,ask,160,25761.183
2024-08-21 13:39:28,SOLUSDT,ask,147,14387.236
2024-08-21 13:39:35,SOLUSDT,ask,148,19343.812
2024-08-21 13:39:42,SOLUSDT,ask,148,19347.97
2024-08-21 13:39:45,SOLUSDT,ask,155,8524.188
2024-08-21 13:39:45,SOLUSDT,ask,147,14386.304
2024-08-21 13:39:56,SOLUSDT,ask,148,19347.239
2024-08-21 13:40:08,SOLUSDT,ask,147,14383.271
2024-08-21 13:40:09,SOLUSDT,ask,147,14385.271
2024-08-21 13:40:26,SOLUSDT,ask,180,29790.666
2024-08-21 13:40:34,SOLUSDT,ask,150,24847.533
2024-08-21 13:40:38,SOLUSDT,ask,148,19346.043
2024-08-21 13:41:14,SOLUSDT,ask,147,14381.581
2024-08-21 13:41:54,SOLUSDT,ask,150,24846.452
2024-08-21 13:42:12,SOLUSDT,ask,147,14381.062
2024-08-21 13:42:21,SOLUSDT,bid,138,7538.678
2024-08-21 13:42:41,SOLUSDT,ask,180,29787.86
2024-08-21 13:42:59,SOLUSDT,bid,120,21157.325
2024-08-21 13:43:01,SOLUSDT,ask,150,24846.621
2024-08-21 13:43:01,SOLUSDT,ask,150,24847.621
2024-08-21 13:43:01,SOLUSDT,ask,158,19149.51
2024-08-21 13:43:49,SOLUSDT,ask,160,25762.183
2024-08-21 13:44:00,SOLUSDT,ask,147,14383.162
2024-08-21 13:44:10,SOLUSDT,ask,150,24849.311
2024-08-21 13:44:23,SOLUSDT,ask,150,24851.311
2024-08-21 13:44:24,SOLUSDT,ask,150,24849.621
2024-08-21 13:44:33,SOLUSDT,ask,148,19310.929
2024-08-21 13:44:35,SOLUSDT,bid,130,15980.615
2024-08-21 13:45:04,SOLUSDT,ask,182,5541.536
2024-08-21 13:45:11,SOLUSDT,ask,147,14382.607
2024-08-21 13:45:15,SOLUSDT,ask,155,8624.188
2024-08-21 13:45:31,SOLUSDT,ask,160,25862.183
2024-08-21 13:45:45,SOLUSDT,bid,138,7535.056
2024-08-21 13:46:08,SOLUSDT,bid,135,15420.489
2024-08-21 13:46:18,SOLUSDT,ask,150,24849.669
2024-08-21 13:46:36,SOLUSDT,ask,160,25858.775
2024-08-21 13:46:40,SOLUSDT,bid,115,19243.531
2024-08-21 13:46:42,SOLUSDT,ask,150,24853.077
2024-08-21 13:46:56,SOLUSDT,ask,147,14380.507
2024-08-21 13:46:58,SOLUSDT,bid,138,7572.027
2024-08-21 13:47:02,SOLUSDT,bid,138,7592.235
2024-08-21 13:47:02,SOLUSDT,bid,131,9192.774
2024-08-21 13:47:04,SOLUSDT,ask,200,44988.602
2024-08-21 13:47:17,SOLUSDT,ask,175,7942.344
2024-08-21 13:47:32,SOLUSDT,ask,148,19311.428
2024-08-21 13:47:33,SOLUSDT,bid,138,7572.027
2024-08-21 13:47:41,SOLUSDT,ask,300,11593.477
2024-08-21 13:47:49,SOLUSDT,ask,163,18555.261
2024-08-21 13:48:01,SOLUSDT,bid,120,21146.965
2024-08-21 13:48:02,SOLUSDT,ask,148,19301.928
2024-08-21 13:48:05,SOLUSDT,bid,125,16844.589
2024-08-21 13:48:17,SOLUSDT,ask,148,19346.412
2024-08-21 13:48:22,SOLUSDT,bid,110,25276.852
2024-08-21 13:48:27,SOLUSDT,ask,155,8631.044
2024-08-21 13:48:33,SOLUSDT,ask,148,19290.881
2024-08-21 13:48:34,SOLUSDT,bid,138,7572.082
2024-08-21 13:48:42,SOLUSDT,ask,150,24853.632
2024-08-21 13:48:58,SOLUSDT,ask,180,29809.99
2024-08-21 13:49:08,SOLUSDT,ask,150,24853.746
2024-08-21 13:49:12,SOLUSDT,ask,148,19290.778
2024-08-21 13:49:26,SOLUSDT,bid,125,16848.004
2024-08-21 13:49:42,SOLUSDT,ask,147,14381.507
2024-08-21 13:49:56,SOLUSDT,ask,148,19291.396
2024-08-21 13:50:50,SOLUSDT,ask,148,19292.437
2024-08-21 13:51:33,SOLUSDT,ask,198,5067.314
2024-08-21 13:51:34,SOLUSDT,ask,180,29811.119
2024-08-21 13:51:41,SOLUSDT,ask,147,14377.21
2024-08-21 13:51:59,SOLUSDT,bid,138,7576.365
2024-08-21 13:52:11,SOLUSDT,ask,198,5066.919
2024-08-21 13:52:11,SOLUSDT,ask,200,44988.997
2024-08-21 13:52:34,SOLUSDT,ask,150,24853.157
2024-08-21 13:52:57,SOLUSDT,ask,150,24853.123
2024-08-21 13:53:06,SOLUSDT,bid,138,7583.611
2024-08-21 13:53:06,SOLUSDT,bid,80,27227.213
2024-08-21 13:53:13,SOLUSDT,ask,150,24856.661
2024-08-21 13:53:16,SOLUSDT,ask,156,20135.462
2024-08-21 13:53:33,SOLUSDT,ask,161,14806.274
2024-08-21 13:53:35,SOLUSDT,ask,150,24853.123
2024-08-21 13:53:43,SOLUSDT,ask,148,19291.153
2024-08-21 13:54:07,SOLUSDT,ask,150,24852.973
2024-08-21 13:54:16,SOLUSDT,ask,152,22818.098
2024-08-21 13:54:28,SOLUSDT,bid,80,27152.213
2024-08-21 13:54:33,SOLUSDT,ask,152,22817.702
2024-08-21 13:54:45,SOLUSDT,ask,147,14376.187
2024-08-21 13:54:57,SOLUSDT,bid,130,15979.599
2024-08-21 13:55:13,SOLUSDT,bid,131,9191.895
2024-08-21 13:55:19,SOLUSDT,ask,150,24847.973
2024-08-21 13:55:31,SOLUSDT,bid,135,15413.489
2024-08-21 13:55:36,SOLUSDT,ask,147,14375.575
2024-08-21 13:56:23,SOLUSDT,ask,148,19289.862
2024-08-21 13:56:39,SOLUSDT,bid,138,7576.099
2024-08-21 13:56:53,SOLUSDT,ask,147,14307.128
2024-08-21 13:57:12,SOLUSDT,ask,148,19296.618
2024-08-21 13:58:04,SOLUSDT,ask,150,24848.011
2024-08-21 13:58:29,SOLUSDT,ask,190,22383.955
2024-08-21 13:58:56,SOLUSDT,ask,148,19295.216
2024-08-21 13:58:58,SOLUSDT,ask,150,24849.211
2024-08-21 13:59:02,SOLUSDT,ask,147,14309.128
2024-08-21 13:59:05,SOLUSDT,ask,152,22817.502
2024-08-21 13:59:27,SOLUSDT,ask,147,14310.128
2024-08-21 14:00:07,SOLUSDT,bid,125,16847.604
2024-08-21 14:00:23,SOLUSDT,ask,147,14310.741
2024-08-21 14:00:32,SOLUSDT,ask,147,14313.774
2024-08-21 14:00:37,SOLUSDT,ask,200,44990.997
2024-08-21 14:00:39,SOLUSDT,ask,155,8630.977
2024-08-21 14:00:41,SOLUSDT,ask,148,19296.216
2024-08-21 14:00:54,SOLUSDT,ask,147,14314.515
2024-08-21 14:02:05,SOLUSDT,bid,80,27189.449
2024-08-21 14:02:22,SOLUSDT,ask,147,14314.415
2024-08-21 14:02:27,SOLUSDT,ask,147,14311.382
2024-08-21 14:02:27,SOLUSDT,ask,147,14311.286
2024-08-21 14:02:31,SOLUSDT,bid,138,7568.365
2024-08-21 14:02:41,SOLUSDT,ask,147,14284.807
2024-08-21 14:02:55,SOLUSDT,ask,147,14285.557
2024-08-21 14:03:05,SOLUSDT,bid,130,15978.555
2024-08-21 14:03:51,SOLUSDT,ask,155,8630.268
2024-08-21 14:03:53,SOLUSDT,bid,138,7557.025
2024-08-21 14:04:14,SOLUSDT,ask,147,14288.59
2024-08-21 14:04:33,SOLUSDT,ask,150,24849.374
2024-08-21 14:04:33,SOLUSDT,ask,160,25858.612
2024-08-21 14:04:58,SOLUSDT,bid,131,9191.132
2024-08-21 14:05:22,SOLUSDT,ask,147,13179.722
2024-08-21 14:05:26,SOLUSDT,ask,148,20405.084
2024-08-21 14:05:34,SOLUSDT,ask,150,24849.412
2024-08-21 14:05:44,SOLUSDT,ask,148,20407.009
2024-08-21 14:05:59,SOLUSDT,bid,135,15413.859
2024-08-21 14:06:05,SOLUSDT,bid,138,7557.397
2024-08-21 14:06:12,SOLUSDT,ask,152,22817.064
2024-08-21 14:06:13,SOLUSDT,ask,148,20408.172
2024-08-21 14:06:14,SOLUSDT,bid,90,11838.93
2024-08-21 14:06:15,SOLUSDT,bid,120,21146.132
2024-08-21 14:06:16,SOLUSDT,bid,110,25275.489
2024-08-21 14:06:18,SOLUSDT,bid,130,15978.171
2024-08-21 14:06:26,SOLUSDT,ask,148,20408.529
2024-08-21 14:06:29,SOLUSDT,ask,200,44990.969
2024-08-21 14:06:42,SOLUSDT,ask,150,24859.412
2024-08-21 14:07:02,SOLUSDT,ask,151,20898.752
2024-08-21 14:07:02,SOLUSDT,bid,130,15837.644
2024-08-21 14:07:17,SOLUSDT,ask,148,20409.374
2024-08-21 14:07:20,SOLUSDT,bid,120,21146.965
2024-08-21 14:07:22,SOLUSDT,bid,130,15796.912
2024-08-21 14:07:22,SOLUSDT,bid,120,21080.774
2024-08-21 14:07:22,SOLUSDT,bid,110,25203.281
2024-08-21 14:07:33,SOLUSDT,ask,148,20278.65
2024-08-21 14:07:38,SOLUSDT,ask,150,24864.6
2024-08-21 14:07:39,SOLUSDT,ask,148,20282.65
2024-08-21 14:08:12,SOLUSDT,ask,160,25858.662
2024-08-21 14:08:15,SOLUSDT,ask,147,13174.112
2024-08-21 14:08:20,SOLUSDT,ask,148,20273.316
2024-08-21 14:08:33,SOLUSDT,ask,147,13183.446
2024-08-21 14:09:07,SOLUSDT,bid,138,7563.57
2024-08-21 14:09:09,SOLUSDT,bid,125,16807.604
2024-08-21 14:09:24,SOLUSDT,bid,138,7557.397
2024-08-21 14:09:56,SOLUSDT,bid,115,19243.617
2024-08-21 14:10:02,SOLUSDT,bid,138,7566.852
2024-08-21 14:10:09,SOLUSDT,bid,115,19243.531
2024-08-21 14:10:10,SOLUSDT,bid,138,7603.083
2024-08-21 14:10:11,SOLUSDT,ask,180,29811.463
2024-08-21 14:10:22,SOLUSDT,bid,130,15774.396
2024-08-21 14:10:23,SOLUSDT,bid,125,16807.684
2024-08-21 14:10:28,SOLUSDT,bid,130,15774.472
2024-08-21 14:10:36,SOLUSDT,bid,135,15413.933
2024-08-21 14:10:44,SOLUSDT,ask,210,25672.375
2024-08-21 14:10:53,SOLUSDT,bid,138,7602.697
2024-08-21 14:10:54,SOLUSDT,ask,152,22816.366
2024-08-21 14:11:06,SOLUSDT,ask,147,13183.764
2024-08-21 14:11:07,SOLUSDT,ask,148,20271.396
2024-08-21 14:11:09,SOLUSDT,ask,148,20271.65
2024-08-21 14:11:20,SOLUSDT,ask,163,18555.532
2024-08-21 14:11:22,SOLUSDT,bid,115,19243.531
2024-08-21 14:11:42,SOLUSDT,bid,115,19243.631
2024-08-21 14:11:42,SOLUSDT,bid,115,19243.531
2024-08-21 14:11:44,SOLUSDT,ask,148,20271.773
2024-08-21 14:11:49,SOLUSDT,ask,150,24863.6
2024-08-21 14:11:49,SOLUSDT,ask,152,22817.366
2024-08-21 14:11:58,SOLUSDT,ask,160,25859.756
2024-08-21 14:12:01,SOLUSDT,bid,135,15414.155
2024-08-21 14:12:01,SOLUSDT,bid,138,7593.242
2024-08-21 14:12:02,SOLUSDT,bid,115,19243.531
2024-08-21 14:12:08,SOLUSDT,ask,147,13180.731
2024-08-21 14:12:22,SOLUSDT,ask,148,20275.54
2024-08-21 14:12:22,SOLUSDT,ask,147,13202.373
2024-08-21 14:12:48,SOLUSDT,bid,120,21080.608
2024-08-21 14:13:21,SOLUSDT,ask,148,20276.368
2024-08-21 14:13:36,SOLUSDT,ask,198,5071.919
2024-08-21 14:13:38,SOLUSDT,ask,147,13208.671
2024-08-21 14:13:43,SOLUSDT,ask,148,20277.335
2024-08-21 14:13:45,SOLUSDT,ask,147,13208.78
2024-08-21 14:14:01,SOLUSDT,bid,138,7592.242
2024-08-21 14:14:32,SOLUSDT,bid,131,9185.392
2024-08-21 14:14:34,SOLUSDT,bid,125,16799.302
2024-08-21 14:14:42,SOLUSDT,bid,120,21072.275
2024-08-21 14:14:42,SOLUSDT,ask,150,24861.019
2024-08-21 14:15:12,SOLUSDT,bid,138,7591.242
2024-08-21 14:15:14,SOLUSDT,bid,125,16799.102
2024-08-21 14:15:15,SOLUSDT,ask,150,24873.832
2024-08-21 14:16:03,SOLUSDT,ask,150,24873.659
2024-08-21 14:16:22,SOLUSDT,ask,150,24773.659
2024-08-21 14:16:25,SOLUSDT,ask,148,20177.335
2024-08-21 14:16:41,SOLUSDT,bid,130,15754.472
2024-08-21 14:16:42,SOLUSDT,ask,151,20897.774
2024-08-21 14:16:49,SOLUSDT,bid,138,7591.199
2024-08-21 14:17:06,SOLUSDT,ask,150,24784.633
2024-08-21 14:17:17,SOLUSDT,bid,130,15764.472
2024-08-21 14:17:22,SOLUSDT,ask,193,7249.293
2024-08-21 14:17:25,SOLUSDT,ask,152,22821.012
2024-08-21 14:17:26,SOLUSDT,ask,152,22817.366
2024-08-21 14:17:29,SOLUSDT,ask,160,25859.792
2024-08-21 14:17:33,SOLUSDT,ask,148,20177.37
2024-08-21 14:17:34,SOLUSDT,ask,150,24785.633
2024-08-21 14:17:35,SOLUSDT,ask,180,29780.94
2024-08-21 14:17:37,SOLUSDT,ask,155,8630.304
2024-08-21 14:17:50,SOLUSDT,bid,120,21082.275
2024-08-21 14:17:50,SOLUSDT,ask,190,22414.478
2024-08-21 14:17:51,SOLUSDT,bid,135,15413.955
2024-08-21 14:17:57,SOLUSDT,bid,138,7590.837
2024-08-21 14:18:26,SOLUSDT,bid,120,21072.275
2024-08-21 14:18:43,SOLUSDT,ask,147,13508.78
2024-08-21 14:18:46,SOLUSDT,bid,130,15766.722
2024-08-21 14:18:53,SOLUSDT,ask,150,24787.214
2024-08-21 14:19:18,SOLUSDT,ask,147,13511.248
2024-08-21 14:19:22,SOLUSDT,ask,147,13511.038
2024-08-21 14:19:49,SOLUSDT,ask,147,13507.294
2024-08-21 14:19:52,SOLUSDT,ask,147,13507.504
2024-08-21 14:19:53,SOLUSDT,ask,150,24788.906
2024-08-21 14:19:53,SOLUSDT,ask,148,20172.892
2024-08-21 14:19:59,SOLUSDT,ask,148,20171.925
2024-08-21 14:20:25,SOLUSDT,ask,148,20161.925
2024-08-21 14:20:30,SOLUSDT,ask,151,20911.019
2024-08-21 14:20:45,SOLUSDT,ask,160,25859.548
2024-08-21 14:21:05,SOLUSDT,ask,150,24789.156
2024-08-21 14:21:17,SOLUSDT,ask,165,17796.398
2024-08-21 14:21:46,SOLUSDT,ask,147,13528.114
2024-08-21 14:21:51,SOLUSDT,bid,80,27185.372
2024-08-21 14:21:57,SOLUSDT,ask,147,13528.816
2024-08-21 14:22:09,SOLUSDT,ask,150,24788.825
2024-08-21 14:22:16,SOLUSDT,ask,148,20304.696
2024-08-21 14:22:33,SOLUSDT,bid,138,7591.222
2024-08-21 14:22:42,SOLUSDT,ask,147,13510.666
2024-08-21 14:22:48,SOLUSDT,ask,188,11562.966
2024-08-21 14:23:58,SOLUSDT,ask,147,13513.362
2024-08-21 14:24:19,SOLUSDT,ask,182,5543.223
2024-08-21 14:24:35,SOLUSDT,ask,147,13513.402
2024-08-21 14:24:35,SOLUSDT,ask,148,20304.736
2024-08-21 14:24:35,SOLUSDT,ask,150,24788.865
2024-08-21 14:24:43,SOLUSDT,ask,160,25853.36
2024-08-21 14:24:52,SOLUSDT,ask,160,25859.626
2024-08-21 14:25:12,SOLUSDT,ask,160,25916.969
2024-08-21 14:25:14,SOLUSDT,ask,160,25915.875
2024-08-21 14:25:36,SOLUSDT,ask,148,20304.057
2024-08-21 14:25:52,SOLUSDT,ask,148,20303.379
2024-08-21 14:25:53,SOLUSDT,bid,110,25108.043
2024-08-21 14:26:27,SOLUSDT,ask,148,20301.381
2024-08-21 14:26:51,SOLUSDT,ask,150,24791.365
2024-08-21 14:26:54,SOLUSDT,bid,115,19247.878
2024-08-21 14:27:00,SOLUSDT,ask,147,13449.583
2024-08-21 14:27:14,SOLUSDT,ask,163,18556.532
2024-08-21 14:27:24,SOLUSDT,ask,160,25911.538
2024-08-21 14:27:27,SOLUSDT,ask,147,13513.402
2024-08-21 14:27:30,SOLUSDT,ask,148,20300.67
2024-08-21 14:28:03,SOLUSDT,bid,135,15408.955
2024-08-21 14:28:08,SOLUSDT,ask,147,13513.362
2024-08-21 14:28:08,SOLUSDT,ask,148,20300.63
2024-08-21 14:28:08,SOLUSDT,ask,150,24791.325
2024-08-21 14:28:08,SOLUSDT,ask,148,20300.089
2024-08-21 14:28:26,SOLUSDT,ask,163,18557.109
2024-08-21 14:28:48,SOLUSDT,ask,147,13513.431
2024-08-21 14:29:27,SOLUSDT,ask,147,13517.597
2024-08-21 14:29:35,SOLUSDT,ask,156,20135.961
2024-08-21 14:29:46,SOLUSDT,ask,165,17796.898
2024-08-21 14:30:01,SOLUSDT,bid,138,7593.222
2024-08-21 14:30:45,SOLUSDT,ask,148,20300.792
2024-08-21 14:30:46,SOLUSDT,ask,148,20302.183
2024-08-21 14:31:26,SOLUSDT,bid,135,15408.656
2024-08-21 14:31:52,SOLUSDT,ask,147,13522.666
2024-08-21 14:32:17,SOLUSDT,ask,190,22413.978
2024-08-21 14:32:21,SOLUSDT,bid,115,19243.471
2024-08-21 14:32:44,SOLUSDT,ask,150,24793.33
2024-08-21 14:32:57,SOLUSDT,ask,180,29780.139
2024-08-21 14:33:00,SOLUSDT,bid,125,12559.977
