2024-08-24 07:00:02,SOLUSDT,ask,160,22137.706
2024-08-24 07:00:03,SOLUSDT,ask,155,9058.079
2024-08-24 07:00:03,SOLUSDT,ask,210,25334.954
2024-08-24 07:00:03,SOLUSDT,bid,100,25633.87
2024-08-24 07:00:07,SOLUSDT,ask,155,9055.883
2024-08-24 07:00:16,SOLUSDT,ask,165,17717.713
2024-08-24 07:00:17,SOLUSDT,ask,190,23805.698
2024-08-24 07:00:20,SOLUSDT,ask,170,13591.623
2024-08-24 07:00:20,SOLUSDT,ask,190,23852.697
2024-08-24 07:00:26,SOLUSDT,ask,155,9056.408
2024-08-24 07:00:27,SOLUSDT,ask,160,22137.602
2024-08-24 07:00:34,SOLUSDT,ask,160,22138.201
2024-08-24 07:00:42,SOLUSDT,ask,170,13591.779
2024-08-24 07:00:43,SOLUSDT,ask,180,22807.649
2024-08-24 07:00:56,SOLUSDT,ask,160,22134.979
2024-08-24 07:01:06,SOLUSDT,bid,131,8817.116
2024-08-24 07:01:13,SOLUSDT,ask,155,9059.63
2024-08-24 07:01:25,SOLUSDT,bid,149,6820.122
2024-08-24 07:01:26,SOLUSDT,ask,153,11754.986
2024-08-24 07:01:26,SOLUSDT,ask,153,11914.623
2024-08-24 07:01:26,SOLUSDT,ask,153,11927.634
2024-08-24 07:01:28,SOLUSDT,ask,153,11927.678
2024-08-24 07:01:28,SOLUSDT,ask,153,12041.863
2024-08-24 07:01:29,SOLUSDT,ask,153,12071.978
2024-08-24 07:01:29,SOLUSDT,ask,153,12067.978
2024-08-24 07:01:29,SOLUSDT,ask,153,12063.557
2024-08-24 07:01:30,SOLUSDT,ask,153,11919.318
2024-08-24 07:01:30,SOLUSDT,ask,153,12048.202
2024-08-24 07:01:30,SOLUSDT,ask,153,12048.202
2024-08-24 07:01:30,SOLUSDT,ask,160,22138.156
2024-08-24 07:01:30,SOLUSDT,ask,153,12048.167
2024-08-24 07:01:31,SOLUSDT,ask,210,25335.053
2024-08-24 07:01:31,SOLUSDT,ask,153,12054.685
2024-08-24 07:01:32,SOLUSDT,ask,153,12058.678
2024-08-24 07:01:33,SOLUSDT,ask,153,12060.678
2024-08-24 07:01:33,SOLUSDT,ask,153,12056.678
2024-08-24 07:01:33,SOLUSDT,ask,153,11933.056
2024-08-24 07:01:33,SOLUSDT,ask,153,12170.095
2024-08-24 07:01:35,SOLUSDT,ask,155,8949.103
2024-08-24 07:01:36,SOLUSDT,ask,153,12170.095
2024-08-24 07:01:36,SOLUSDT,ask,153,11939.574
2024-08-24 07:01:37,SOLUSDT,ask,153,11949.326
2024-08-24 07:01:37,SOLUSDT,ask,153,11950.956
2024-08-24 07:01:38,SOLUSDT,ask,153,11942.463
2024-08-24 07:01:38,SOLUSDT,ask,153,12007.514
2024-08-24 07:01:38,SOLUSDT,ask,153,12115.859
2024-08-24 07:01:38,SOLUSDT,ask,153,12344.229
2024-08-24 07:01:38,SOLUSDT,ask,153,12344.625
2024-08-24 07:01:39,SOLUSDT,ask,153,12279.489
2024-08-24 07:01:39,SOLUSDT,ask,153,12275.068
2024-08-24 07:01:39,SOLUSDT,ask,155,8953.08
2024-08-24 07:01:39,SOLUSDT,ask,153,12274.672
2024-08-24 07:01:40,SOLUSDT,ask,153,12050.337
2024-08-24 07:01:40,SOLUSDT,ask,153,12050.337
2024-08-24 07:01:40,SOLUSDT,ask,153,12046.337
2024-08-24 07:01:40,SOLUSDT,ask,153,12039.819
2024-08-24 07:01:40,SOLUSDT,ask,153,12039.784
2024-08-24 07:01:41,SOLUSDT,ask,153,11943.787
2024-08-24 07:01:41,SOLUSDT,ask,155,8952.08
2024-08-24 07:01:41,SOLUSDT,ask,153,11937.269
2024-08-24 07:01:41,SOLUSDT,ask,153,11944.949
2024-08-24 07:01:41,SOLUSDT,ask,153,11918.856
2024-08-24 07:01:42,SOLUSDT,ask,153,11941.681
2024-08-24 07:01:42,SOLUSDT,ask,153,11941.646
2024-08-24 07:01:43,SOLUSDT,ask,153,11915.597
2024-08-24 07:01:44,SOLUSDT,ask,153,11915.691
2024-08-24 07:01:45,SOLUSDT,ask,160,22138.233
2024-08-24 07:01:45,SOLUSDT,ask,153,11909.173
2024-08-24 07:01:45,SOLUSDT,ask,153,11909.208
2024-08-24 07:01:45,SOLUSDT,ask,153,11909.208
2024-08-24 07:01:46,SOLUSDT,bid,140,9296.133
2024-08-24 07:01:46,SOLUSDT,ask,160,22138.177
2024-08-24 07:01:46,SOLUSDT,ask,170,13591.726
2024-08-24 07:01:46,SOLUSDT,bid,136,8031.262
2024-08-24 07:01:46,SOLUSDT,bid,135,13932.087
2024-08-24 07:01:46,SOLUSDT,bid,131,8817.047
2024-08-24 07:01:46,SOLUSDT,bid,130,13794.567
2024-08-24 07:01:46,SOLUSDT,ask,153,11909.173
2024-08-24 07:01:46,SOLUSDT,ask,155,8952.022
2024-08-24 07:01:46,SOLUSDT,ask,159,6798.481
2024-08-24 07:01:46,SOLUSDT,ask,162,9465.522
2024-08-24 07:01:46,SOLUSDT,ask,165,17717.659
2024-08-24 07:01:46,SOLUSDT,ask,168,6637.868
2024-08-24 07:01:46,SOLUSDT,bid,120,18986.5
2024-08-24 07:01:46,SOLUSDT,ask,153,11941.774
2024-08-24 07:01:46,SOLUSDT,ask,153,11941.739
2024-08-24 07:01:46,SOLUSDT,ask,153,11941.774
2024-08-24 07:01:46,SOLUSDT,ask,153,11941.774
2024-08-24 07:01:47,SOLUSDT,ask,153,11941.739
2024-08-24 07:01:47,SOLUSDT,ask,153,11938.48
2024-08-24 07:01:51,SOLUSDT,ask,300,10155.269
2024-08-24 07:01:54,SOLUSDT,ask,160,21938.177
2024-08-24 07:01:54,SOLUSDT,ask,153,12132.59
2024-08-24 07:01:58,SOLUSDT,bid,131,8816.646
2024-08-24 07:01:58,SOLUSDT,ask,153,12093.779
2024-08-24 07:01:58,SOLUSDT,ask,153,12085.949
2024-08-24 07:02:00,SOLUSDT,bid,125,14632.978
2024-08-24 07:02:04,SOLUSDT,ask,153,12115.932
2024-08-24 07:02:07,SOLUSDT,ask,153,12085.949
2024-08-24 07:02:07,SOLUSDT,ask,153,12084.45
2024-08-24 07:02:07,SOLUSDT,ask,153,12069.579
2024-08-24 07:02:07,SOLUSDT,ask,153,12063.086
2024-08-24 07:02:07,SOLUSDT,ask,153,12065.696
2024-08-24 07:02:07,SOLUSDT,ask,153,12081.935
2024-08-24 07:02:09,SOLUSDT,ask,153,12087.155
2024-08-24 07:02:10,SOLUSDT,ask,153,12152.271
2024-08-24 07:02:10,SOLUSDT,ask,153,12161.866
2024-08-24 07:02:10,SOLUSDT,ask,153,12165.866
2024-08-24 07:02:10,SOLUSDT,ask,153,12165.831
2024-08-24 07:02:12,SOLUSDT,ask,153,12146.333
2024-08-24 07:02:12,SOLUSDT,ask,153,12146.424
2024-08-24 07:02:12,SOLUSDT,ask,153,12177.045
2024-08-24 07:02:13,SOLUSDT,ask,153,12196.128
2024-08-24 07:02:14,SOLUSDT,ask,153,12484.426
2024-08-24 07:02:15,SOLUSDT,ask,153,12464.87
2024-08-24 07:02:15,SOLUSDT,ask,153,12445.787
2024-08-24 07:02:15,SOLUSDT,ask,153,12415.201
2024-08-24 07:02:15,SOLUSDT,ask,153,12415.166
2024-08-24 07:02:16,SOLUSDT,ask,153,12063.699
2024-08-24 07:02:16,SOLUSDT,ask,153,12063.699
2024-08-24 07:02:16,SOLUSDT,ask,153,12063.699
2024-08-24 07:02:16,SOLUSDT,ask,153,12063.699
2024-08-24 07:02:16,SOLUSDT,ask,153,12063.699
2024-08-24 07:02:17,SOLUSDT,ask,153,12063.664
2024-08-24 07:02:18,SOLUSDT,ask,153,12068.078
2024-08-24 07:02:18,SOLUSDT,ask,153,11838.689
2024-08-24 07:02:18,SOLUSDT,ask,153,11842.977
2024-08-24 07:02:18,SOLUSDT,ask,153,11865.643
2024-08-24 07:02:20,SOLUSDT,ask,153,11937.253
2024-08-24 07:02:20,SOLUSDT,ask,153,11874.336
2024-08-24 07:02:20,SOLUSDT,ask,153,11858.862
2024-08-24 07:02:26,SOLUSDT,ask,153,12158.475
2024-08-24 07:02:26,SOLUSDT,ask,153,12161.475
2024-08-24 07:02:26,SOLUSDT,ask,153,12132.89
2024-08-24 07:02:26,SOLUSDT,ask,160,21937.505
2024-08-24 07:02:28,SOLUSDT,ask,153,12161.475
2024-08-24 07:02:30,SOLUSDT,ask,153,12189.096
2024-08-24 07:02:30,SOLUSDT,ask,153,12188.883
2024-08-24 07:02:31,SOLUSDT,ask,153,12191.586
2024-08-24 07:02:32,SOLUSDT,ask,153,12074.266
2024-08-24 07:02:34,SOLUSDT,ask,153,12071.563
2024-08-24 07:02:34,SOLUSDT,ask,153,12041.961
2024-08-24 07:02:34,SOLUSDT,ask,153,12011.34
2024-08-24 07:02:36,SOLUSDT,ask,153,12006.662
2024-08-24 07:02:36,SOLUSDT,ask,153,11847.881
2024-08-24 07:02:36,SOLUSDT,bid,140,9296.347
2024-08-24 07:02:36,SOLUSDT,ask,153,12246.023
2024-08-24 07:02:37,SOLUSDT,ask,153,12245.023
2024-08-24 07:02:38,SOLUSDT,ask,153,12313.611
2024-08-24 07:02:39,SOLUSDT,ask,160,21939.505
2024-08-24 07:02:41,SOLUSDT,ask,155,8950.022
2024-08-24 07:02:41,SOLUSDT,ask,153,12380.321
2024-08-24 07:02:45,SOLUSDT,ask,153,12381.478
2024-08-24 07:02:47,SOLUSDT,ask,153,12236.584
2024-08-24 07:02:48,SOLUSDT,ask,153,12235.427
2024-08-24 07:02:50,SOLUSDT,ask,200,45813.228
2024-08-24 07:02:50,SOLUSDT,ask,155,8949.068
2024-08-24 07:02:53,SOLUSDT,ask,155,8948.068
2024-08-24 07:02:55,SOLUSDT,ask,170,13591.609
2024-08-24 07:02:55,SOLUSDT,ask,160,21941.505
2024-08-24 07:02:57,SOLUSDT,ask,155,8951.293
2024-08-24 07:03:02,SOLUSDT,ask,160,21925.79
2024-08-24 07:03:09,SOLUSDT,ask,153,12206.456
2024-08-24 07:03:09,SOLUSDT,ask,155,8952.586
2024-08-24 07:03:10,SOLUSDT,ask,155,8953.13
2024-08-24 07:03:21,SOLUSDT,bid,149,6948.546
2024-08-24 07:03:26,SOLUSDT,ask,160,21940.973
2024-08-24 07:03:31,SOLUSDT,ask,153,12210.837
2024-08-24 07:03:32,SOLUSDT,ask,153,12221.269
2024-08-24 07:03:32,SOLUSDT,ask,153,12247.348
2024-08-24 07:03:32,SOLUSDT,ask,153,12247.548
2024-08-24 07:03:33,SOLUSDT,ask,165,17431.645
2024-08-24 07:03:34,SOLUSDT,ask,153,12247.348
2024-08-24 07:03:34,SOLUSDT,ask,153,12247.548
2024-08-24 07:03:34,SOLUSDT,ask,153,12245.575
2024-08-24 07:03:35,SOLUSDT,ask,153,12245.775
2024-08-24 07:03:35,SOLUSDT,ask,153,12245.575
2024-08-24 07:03:36,SOLUSDT,ask,153,12245.775
2024-08-24 07:03:38,SOLUSDT,ask,160,21941.057
2024-08-24 07:03:38,SOLUSDT,ask,153,12245.575
2024-08-24 07:03:39,SOLUSDT,ask,155,8963.13
2024-08-24 07:03:40,SOLUSDT,ask,153,12242.54
2024-08-24 07:03:40,SOLUSDT,ask,155,8975.01
2024-08-24 07:03:40,SOLUSDT,ask,153,12270.43
2024-08-24 07:03:41,SOLUSDT,ask,153,12280.381
2024-08-24 07:03:41,SOLUSDT,ask,153,12251.398
2024-08-24 07:03:42,SOLUSDT,ask,153,12404.48
2024-08-24 07:03:42,SOLUSDT,ask,153,12430.53
2024-08-24 07:03:42,SOLUSDT,ask,153,12443.566
2024-08-24 07:03:42,SOLUSDT,ask,153,12456.602
2024-08-24 07:03:43,SOLUSDT,ask,153,12534.745
2024-08-24 07:03:43,SOLUSDT,ask,153,12418.704
2024-08-24 07:03:43,SOLUSDT,ask,153,12472.477
2024-08-24 07:03:43,SOLUSDT,ask,153,12472.69
2024-08-24 07:03:43,SOLUSDT,ask,153,12442.69
2024-08-24 07:03:43,SOLUSDT,ask,153,12328.505
2024-08-24 07:03:45,SOLUSDT,ask,153,11952.817
2024-08-24 07:03:47,SOLUSDT,ask,153,11952.817
2024-08-24 07:03:48,SOLUSDT,ask,153,11976.786
2024-08-24 07:03:49,SOLUSDT,ask,153,11976.036
2024-08-24 07:03:49,SOLUSDT,ask,153,12327.23
2024-08-24 07:03:50,SOLUSDT,ask,153,12570.6
2024-08-24 07:03:50,SOLUSDT,ask,153,12570.387
2024-08-24 07:03:50,SOLUSDT,ask,153,12556.137
2024-08-24 07:03:53,SOLUSDT,ask,153,12556.352
2024-08-24 07:03:53,SOLUSDT,ask,165,17439.269
2024-08-24 07:03:54,SOLUSDT,ask,160,21948.749
2024-08-24 07:03:54,SOLUSDT,ask,170,13583.917
2024-08-24 07:03:55,SOLUSDT,ask,153,12585.335
2024-08-24 07:03:56,SOLUSDT,bid,120,18961.5
2024-08-24 07:03:57,SOLUSDT,ask,153,12561.366
2024-08-24 07:04:00,SOLUSDT,ask,153,12530.745
2024-08-24 07:04:00,SOLUSDT,ask,153,12582.389
2024-08-24 07:04:01,SOLUSDT,ask,153,12583.393
2024-08-24 07:04:01,SOLUSDT,ask,153,12587.099
2024-08-24 07:04:02,SOLUSDT,ask,153,12558.116
2024-08-24 07:04:02,SOLUSDT,ask,153,12443.931
2024-08-24 07:04:06,SOLUSDT,bid,140,9295.171
2024-08-24 07:04:11,SOLUSDT,ask,153,12416.041
2024-08-24 07:04:12,SOLUSDT,bid,140,9294.194
2024-08-24 07:04:12,SOLUSDT,ask,153,12301.856
2024-08-24 07:04:12,SOLUSDT,ask,153,12283.783
2024-08-24 07:04:13,SOLUSDT,ask,153,12285.026
2024-08-24 07:04:13,SOLUSDT,ask,153,12285.226
2024-08-24 07:04:21,SOLUSDT,ask,153,12285.026
2024-08-24 07:04:21,SOLUSDT,ask,153,12285.226
2024-08-24 07:04:22,SOLUSDT,ask,153,12285.026
2024-08-24 07:04:22,SOLUSDT,ask,153,12308.087
2024-08-24 07:04:23,SOLUSDT,ask,153,12308.287
2024-08-24 07:04:25,SOLUSDT,ask,153,12308.087
2024-08-24 07:04:26,SOLUSDT,ask,153,12308.287
2024-08-24 07:04:26,SOLUSDT,ask,153,12308.087
2024-08-24 07:04:26,SOLUSDT,ask,153,12309.586
2024-08-24 07:04:26,SOLUSDT,ask,153,12309.586
2024-08-24 07:04:27,SOLUSDT,ask,153,12302.686
2024-08-24 07:04:27,SOLUSDT,ask,153,12330.331
2024-08-24 07:04:28,SOLUSDT,ask,153,12323.813
2024-08-24 07:04:29,SOLUSDT,ask,153,12339.068
2024-08-24 07:04:29,SOLUSDT,ask,153,12346.898
2024-08-24 07:04:32,SOLUSDT,ask,153,12330.398
2024-08-24 07:04:34,SOLUSDT,ask,153,12336.915
2024-08-24 07:04:34,SOLUSDT,ask,153,12388.253
2024-08-24 07:04:34,SOLUSDT,ask,153,12418.874
2024-08-24 07:04:34,SOLUSDT,ask,153,12453.78
2024-08-24 07:04:35,SOLUSDT,bid,149,6820.122
2024-08-24 07:04:36,SOLUSDT,ask,155,9264.087
2024-08-24 07:04:36,SOLUSDT,ask,153,12418.874
2024-08-24 07:04:37,SOLUSDT,ask,153,12442.751
2024-08-24 07:04:39,SOLUSDT,ask,153,12443.147
2024-08-24 07:04:40,SOLUSDT,ask,153,12411.522
2024-08-24 07:04:40,SOLUSDT,ask,153,12411.126
2024-08-24 07:04:46,SOLUSDT,ask,153,12862.961
2024-08-24 07:04:46,SOLUSDT,ask,153,12886.022
2024-08-24 07:04:47,SOLUSDT,ask,153,12886.022
2024-08-24 07:04:47,SOLUSDT,ask,300,10155.088
2024-08-24 07:04:50,SOLUSDT,ask,153,12771.837
2024-08-24 07:04:50,SOLUSDT,ask,153,12740.946
2024-08-24 07:04:55,SOLUSDT,ask,153,12764.007
2024-08-24 07:04:56,SOLUSDT,ask,153,12823.772
2024-08-24 07:04:56,SOLUSDT,ask,153,12831.602
2024-08-24 07:04:57,SOLUSDT,ask,153,12787.951
2024-08-24 07:04:57,SOLUSDT,ask,153,12730.635
2024-08-24 07:04:57,SOLUSDT,ask,153,12737.152
2024-08-24 07:04:57,SOLUSDT,ask,153,12810.81
2024-08-24 07:04:57,SOLUSDT,ask,153,12810.864
2024-08-24 07:04:57,SOLUSDT,ask,153,13009.799
2024-08-24 07:04:58,SOLUSDT,ask,153,13062.375
2024-08-24 07:04:58,SOLUSDT,ask,153,13062.466
2024-08-24 07:04:59,SOLUSDT,ask,153,13083.459
2024-08-24 07:04:59,SOLUSDT,ask,153,13083.855
2024-08-24 07:05:00,SOLUSDT,ask,153,12987.641
2024-08-24 07:05:00,SOLUSDT,ask,153,12900.947
2024-08-24 07:05:00,SOLUSDT,ask,153,12879.954
2024-08-24 07:05:00,SOLUSDT,ask,153,12852.564
2024-08-24 07:05:01,SOLUSDT,ask,153,12844.734
2024-08-24 07:05:02,SOLUSDT,ask,155,9258.114
2024-08-24 07:05:05,SOLUSDT,bid,136,8029.551
2024-08-24 07:05:05,SOLUSDT,ask,153,12872.874
2024-08-24 07:05:05,SOLUSDT,ask,153,12880.704
2024-08-24 07:05:06,SOLUSDT,ask,153,13124.57
2024-08-24 07:05:07,SOLUSDT,ask,153,13125.574
2024-08-24 07:05:07,SOLUSDT,ask,153,12649.969
2024-08-24 07:05:07,SOLUSDT,ask,153,12615.231
2024-08-24 07:05:07,SOLUSDT,ask,153,12719.304
2024-08-24 07:05:08,SOLUSDT,ask,153,12592.17
2024-08-24 07:05:08,SOLUSDT,ask,153,12596.17
2024-08-24 07:05:08,SOLUSDT,ask,153,12618.976
2024-08-24 07:05:08,SOLUSDT,ask,153,12560.422
2024-08-24 07:05:08,SOLUSDT,ask,153,12412.814
2024-08-24 07:05:09,SOLUSDT,ask,153,12462.032
2024-08-24 07:05:09,SOLUSDT,ask,153,12412.814
2024-08-24 07:05:09,SOLUSDT,ask,153,12605.517
2024-08-24 07:05:09,SOLUSDT,ask,153,12605.517
2024-08-24 07:05:10,SOLUSDT,ask,153,12440.982
2024-08-24 07:05:10,SOLUSDT,ask,153,12486.716
2024-08-24 07:05:11,SOLUSDT,ask,160,21948.079
2024-08-24 07:05:11,SOLUSDT,ask,153,12489.939
2024-08-24 07:05:11,SOLUSDT,ask,153,12432.084
2024-08-24 07:05:12,SOLUSDT,ask,153,12428.861
2024-08-24 07:05:12,SOLUSDT,ask,153,12428.826
2024-08-24 07:05:12,SOLUSDT,ask,160,21948.196
2024-08-24 07:05:12,SOLUSDT,ask,153,12581.758
2024-08-24 07:05:12,SOLUSDT,ask,153,12581.758
2024-08-24 07:05:12,SOLUSDT,ask,153,12435.274
2024-08-24 07:05:12,SOLUSDT,ask,153,12441.858
2024-08-24 07:05:12,SOLUSDT,ask,153,12567.221
2024-08-24 07:05:13,SOLUSDT,ask,153,12550.931
2024-08-24 07:05:13,SOLUSDT,ask,153,12560.705
2024-08-24 07:05:13,SOLUSDT,ask,153,12596.514
2024-08-24 07:05:13,SOLUSDT,ask,153,12589.911
2024-08-24 07:05:13,SOLUSDT,ask,153,12546.727
2024-08-24 07:05:13,SOLUSDT,ask,153,12627.156
2024-08-24 07:05:13,SOLUSDT,ask,153,12464.548
2024-08-24 07:05:13,SOLUSDT,ask,153,12588.154
2024-08-24 07:05:14,SOLUSDT,ask,153,12588.195
2024-08-24 07:05:14,SOLUSDT,ask,153,12464.589
2024-08-24 07:05:14,SOLUSDT,ask,153,12471.105
2024-08-24 07:05:14,SOLUSDT,ask,153,12614.892
2024-08-24 07:05:14,SOLUSDT,ask,153,12605.118
2024-08-24 07:05:15,SOLUSDT,ask,153,12611.634
2024-08-24 07:05:15,SOLUSDT,ask,153,12605.118
2024-08-24 07:05:15,SOLUSDT,ask,153,12572.567
2024-08-24 07:05:15,SOLUSDT,ask,153,12438.554
2024-08-24 07:05:15,SOLUSDT,ask,153,12579.087
2024-08-24 07:05:15,SOLUSDT,ask,153,12579.087
2024-08-24 07:05:16,SOLUSDT,ask,153,12624.67
2024-08-24 07:05:16,SOLUSDT,ask,153,12621.412
2024-08-24 07:05:17,SOLUSDT,ask,153,12605.122
2024-08-24 07:05:17,SOLUSDT,ask,153,12554.702
2024-08-24 07:05:18,SOLUSDT,bid,140,9294.027
2024-08-24 07:05:18,SOLUSDT,ask,153,12554.634
2024-08-24 07:05:18,SOLUSDT,ask,153,12513.541
2024-08-24 07:05:18,SOLUSDT,ask,153,12507.025
2024-08-24 07:05:18,SOLUSDT,ask,153,12410.724
2024-08-24 07:05:18,SOLUSDT,ask,153,12415.944
2024-08-24 07:05:18,SOLUSDT,ask,153,12449.44
2024-08-24 07:05:19,SOLUSDT,ask,153,12415.909
2024-08-24 07:05:19,SOLUSDT,ask,153,12409.475
2024-08-24 07:05:19,SOLUSDT,ask,153,12530.233
2024-08-24 07:05:19,SOLUSDT,ask,153,12536.749
2024-08-24 07:05:19,SOLUSDT,ask,160,21947.963
2024-08-24 07:05:19,SOLUSDT,ask,153,12591.292
2024-08-24 07:05:20,SOLUSDT,ask,153,12597.767
2024-08-24 07:05:20,SOLUSDT,ask,153,12587.274
2024-08-24 07:05:20,SOLUSDT,ask,153,12619.862
2024-08-24 07:05:20,SOLUSDT,ask,153,12587.027
2024-08-24 07:05:20,SOLUSDT,ask,153,12588.194
2024-08-24 07:05:20,SOLUSDT,ask,153,12696.585
2024-08-24 07:05:21,SOLUSDT,ask,153,12588.194
2024-08-24 07:05:22,SOLUSDT,ask,153,12578.42
2024-08-24 07:05:22,SOLUSDT,ask,153,12400.807
2024-08-24 07:05:22,SOLUSDT,ask,153,12400.739
2024-08-24 07:05:22,SOLUSDT,ask,153,12417.014
2024-08-24 07:05:22,SOLUSDT,ask,153,12556.922
2024-08-24 07:05:22,SOLUSDT,ask,153,12563.438
2024-08-24 07:05:22,SOLUSDT,ask,153,12563.438
2024-08-24 07:05:22,SOLUSDT,ask,153,12595.989
2024-08-24 07:05:23,SOLUSDT,ask,153,12605.763
2024-08-24 07:05:23,SOLUSDT,ask,153,12599.247
2024-08-24 07:05:30,SOLUSDT,ask,153,12980.863
2024-08-24 07:05:30,SOLUSDT,ask,153,12841.511
2024-08-24 07:05:30,SOLUSDT,ask,153,12838.901
2024-08-24 07:05:30,SOLUSDT,ask,153,12833.681
2024-08-24 07:05:30,SOLUSDT,ask,153,12832.637
2024-08-24 07:05:30,SOLUSDT,ask,153,12768.437
2024-08-24 07:05:31,SOLUSDT,ask,153,12769.935
2024-08-24 07:05:31,SOLUSDT,ask,153,12769.735
2024-08-24 07:05:31,SOLUSDT,ask,153,12768.237
2024-08-24 07:05:31,SOLUSDT,ask,153,12767.233
2024-08-24 07:05:32,SOLUSDT,ask,153,12771.015
2024-08-24 07:05:34,SOLUSDT,ask,153,12787.515
2024-08-24 07:05:34,SOLUSDT,ask,153,12757.238
2024-08-24 07:05:35,SOLUSDT,ask,153,12753.238
2024-08-24 07:05:35,SOLUSDT,ask,153,12761.464
2024-08-24 07:05:35,SOLUSDT,ask,153,12761.068
2024-08-24 07:05:35,SOLUSDT,ask,153,12639.605
2024-08-24 07:05:36,SOLUSDT,ask,153,12631.579
2024-08-24 07:05:36,SOLUSDT,ask,153,12899.59
2024-08-24 07:05:36,SOLUSDT,ask,153,12895.808
2024-08-24 07:05:36,SOLUSDT,ask,153,12899.808
2024-08-24 07:05:36,SOLUSDT,ask,153,12768.248
2024-08-24 07:05:37,SOLUSDT,ask,160,21951.963
2024-08-24 07:05:37,SOLUSDT,ask,153,12618.771
2024-08-24 07:05:37,SOLUSDT,ask,153,12750.08
2024-08-24 07:05:38,SOLUSDT,ask,153,12607.827
2024-08-24 07:05:38,SOLUSDT,ask,153,12690.521
2024-08-24 07:05:38,SOLUSDT,ask,153,12910.295
2024-08-24 07:05:38,SOLUSDT,ask,153,12897.271
2024-08-24 07:05:39,SOLUSDT,ask,153,12677.497
2024-08-24 07:05:39,SOLUSDT,ask,153,12722.361
2024-08-24 07:05:39,SOLUSDT,ask,153,12834.073
2024-08-24 07:05:39,SOLUSDT,ask,153,12821.049
2024-08-24 07:05:39,SOLUSDT,ask,153,12709.337
2024-08-24 07:05:40,SOLUSDT,ask,153,12224.54
2024-08-24 07:05:40,SOLUSDT,ask,153,12137.759
2024-08-24 07:05:40,SOLUSDT,ask,153,12146.055
2024-08-24 07:05:40,SOLUSDT,ask,153,12189.427
2024-08-24 07:05:40,SOLUSDT,ask,153,12158.033
2024-08-24 07:05:41,SOLUSDT,ask,153,12141.672
2024-08-24 07:05:41,SOLUSDT,ask,153,12141.716
2024-08-24 07:05:41,SOLUSDT,ask,159,6798.581
2024-08-24 07:05:43,SOLUSDT,ask,185,16172.482
2024-08-24 07:05:50,SOLUSDT,ask,153,12189.532
2024-08-24 07:05:50,SOLUSDT,ask,153,12219.324
2024-08-24 07:05:50,SOLUSDT,ask,153,12225.832
2024-08-24 07:05:51,SOLUSDT,ask,153,12229.832
2024-08-24 07:05:51,SOLUSDT,ask,153,12320.896
2024-08-24 07:05:51,SOLUSDT,ask,153,12321.292
2024-08-24 07:05:51,SOLUSDT,ask,153,12317.292
2024-08-24 07:05:51,SOLUSDT,ask,153,12316.896
2024-08-24 07:05:51,SOLUSDT,ask,153,12320.896
2024-08-24 07:05:51,SOLUSDT,ask,153,12331.889
2024-08-24 07:05:51,SOLUSDT,ask,153,12327.889
2024-08-24 07:05:52,SOLUSDT,ask,153,12327.889
2024-08-24 07:05:52,SOLUSDT,ask,153,12358.114
2024-08-24 07:05:52,SOLUSDT,ask,153,12382.662
2024-08-24 07:05:52,SOLUSDT,ask,153,12341.444
2024-08-24 07:05:52,SOLUSDT,ask,155,9256.114
2024-08-24 07:05:53,SOLUSDT,ask,153,12345.444
2024-08-24 07:05:53,SOLUSDT,ask,153,12626.653
2024-08-24 07:05:53,SOLUSDT,ask,153,12740.711
2024-08-24 07:05:53,SOLUSDT,ask,153,12710.09
2024-08-24 07:05:53,SOLUSDT,ask,153,12721.09
2024-08-24 07:05:53,SOLUSDT,ask,153,12634.396
2024-08-24 07:05:53,SOLUSDT,ask,153,12609.848
2024-08-24 07:05:54,SOLUSDT,ask,153,12598.97
2024-08-24 07:05:54,SOLUSDT,ask,153,12582.963
2024-08-24 07:05:54,SOLUSDT,ask,153,12336.375
2024-08-24 07:05:54,SOLUSDT,ask,153,12329.782
2024-08-24 07:05:55,SOLUSDT,ask,153,12355.104
2024-08-24 07:05:55,SOLUSDT,ask,153,12426.063
2024-08-24 07:05:55,SOLUSDT,ask,153,12452.083
2024-08-24 07:05:56,SOLUSDT,ask,153,12581.141
2024-08-24 07:05:56,SOLUSDT,ask,153,12585.141
2024-08-24 07:05:56,SOLUSDT,ask,153,12588.395
2024-08-24 07:05:56,SOLUSDT,ask,153,12618.016
2024-08-24 07:05:58,SOLUSDT,ask,153,12614.016
2024-08-24 07:05:59,SOLUSDT,ask,153,12610.016
2024-08-24 07:05:59,SOLUSDT,ask,153,12640.637
2024-08-24 07:06:00,SOLUSDT,ask,153,12705.659
2024-08-24 07:06:00,SOLUSDT,ask,153,12610.016
2024-08-24 07:06:00,SOLUSDT,ask,185,16174.454
2024-08-24 07:06:00,SOLUSDT,ask,153,12640.637
2024-08-24 07:06:01,SOLUSDT,ask,185,16179.262
2024-08-24 07:06:01,SOLUSDT,ask,153,12634.128
2024-08-24 07:06:01,SOLUSDT,ask,153,12699.147
2024-08-24 07:06:01,SOLUSDT,ask,153,12706.977
2024-08-24 07:06:02,SOLUSDT,ask,153,12676.356
2024-08-24 07:06:02,SOLUSDT,ask,153,12673.102
2024-08-24 07:06:02,SOLUSDT,ask,153,12548.079
2024-08-24 07:06:02,SOLUSDT,ask,153,12552.41
2024-08-24 07:06:03,SOLUSDT,ask,153,12552.476
2024-08-24 07:06:03,SOLUSDT,bid,111,12065.512
2024-08-24 07:06:04,SOLUSDT,ask,153,12555.168
2024-08-24 07:06:04,SOLUSDT,ask,153,12563.06
2024-08-24 07:06:05,SOLUSDT,ask,153,12553.424
2024-08-24 07:06:05,SOLUSDT,ask,153,12522.803
2024-08-24 07:06:05,SOLUSDT,ask,153,12522.437
2024-08-24 07:06:05,SOLUSDT,ask,153,12514.545
2024-08-24 07:06:07,SOLUSDT,ask,153,12440.654
2024-08-24 07:06:07,SOLUSDT,ask,153,12439.459
2024-08-24 07:06:07,SOLUSDT,ask,153,12292.598
2024-08-24 07:06:07,SOLUSDT,ask,153,12103.467
2024-08-24 07:06:07,SOLUSDT,ask,153,12103.432
2024-08-24 07:06:07,SOLUSDT,ask,153,12148.574
2024-08-24 07:06:08,SOLUSDT,ask,153,12212.312
2024-08-24 07:06:08,SOLUSDT,ask,153,12176.002
2024-08-24 07:06:08,SOLUSDT,ask,153,12175.002
2024-08-24 07:06:08,SOLUSDT,ask,153,12189.47
2024-08-24 07:06:09,SOLUSDT,bid,120,18920.725
2024-08-24 07:06:09,SOLUSDT,ask,153,12194.69
2024-08-24 07:06:09,SOLUSDT,ask,153,12233.562
2024-08-24 07:06:10,SOLUSDT,ask,153,12249.816
2024-08-24 07:06:10,SOLUSDT,ask,153,12135.183
2024-08-24 07:06:10,SOLUSDT,ask,153,12107.755
2024-08-24 07:06:10,SOLUSDT,ask,153,12101.287
2024-08-24 07:06:10,SOLUSDT,ask,153,12101.287
2024-08-24 07:06:10,SOLUSDT,ask,153,12101.287
2024-08-24 07:06:10,SOLUSDT,ask,153,12101.287
2024-08-24 07:06:11,SOLUSDT,ask,153,12139.831
2024-08-24 07:06:11,SOLUSDT,ask,153,12101.287
2024-08-24 07:06:11,SOLUSDT,ask,153,12117.541
2024-08-24 07:06:11,SOLUSDT,ask,153,12133.209
2024-08-24 07:06:11,SOLUSDT,ask,153,12133.277
2024-08-24 07:06:13,SOLUSDT,bid,110,21094.979
2024-08-24 07:06:15,SOLUSDT,ask,155,9255.693
2024-08-24 07:06:16,SOLUSDT,ask,162,9464.522
2024-08-24 07:06:24,SOLUSDT,ask,155,9255.729
2024-08-24 07:06:25,SOLUSDT,bid,135,13927.087
2024-08-24 07:06:25,SOLUSDT,ask,160,21952.067
2024-08-24 07:06:26,SOLUSDT,bid,140,9294.063
2024-08-24 07:06:31,SOLUSDT,ask,153,12197.102
2024-08-24 07:06:31,SOLUSDT,ask,153,12226.089
2024-08-24 07:06:32,SOLUSDT,ask,153,12177.315
2024-08-24 07:06:32,SOLUSDT,ask,153,12176.565
2024-08-24 07:06:32,SOLUSDT,ask,153,12145.744
2024-08-24 07:06:32,SOLUSDT,ask,153,12222.782
2024-08-24 07:06:33,SOLUSDT,ask,153,12376.929
2024-08-24 07:06:33,SOLUSDT,ask,153,12722.864
2024-08-24 07:06:33,SOLUSDT,ask,170,13585.917
2024-08-24 07:06:33,SOLUSDT,ask,153,12751.849
2024-08-24 07:06:34,SOLUSDT,ask,200,45823.259
2024-08-24 07:06:34,SOLUSDT,ask,153,12780.832
2024-08-24 07:06:38,SOLUSDT,ask,153,12809.766
2024-08-24 07:06:38,SOLUSDT,ask,153,12838.745
2024-08-24 07:06:38,SOLUSDT,ask,153,12684.598
2024-08-24 07:06:40,SOLUSDT,bid,125,14625.709
2024-08-24 07:06:42,SOLUSDT,ask,153,12707.079
2024-08-24 07:06:43,SOLUSDT,ask,153,12736.063
2024-08-24 07:06:43,SOLUSDT,ask,153,12658.021
2024-08-24 07:06:47,SOLUSDT,ask,153,12629.037
2024-08-24 07:06:50,SOLUSDT,bid,140,9290.276
2024-08-24 07:06:51,SOLUSDT,ask,153,12600.05
2024-08-24 07:06:51,SOLUSDT,ask,153,12629.038
2024-08-24 07:06:55,SOLUSDT,ask,153,12632.289
2024-08-24 07:06:56,SOLUSDT,ask,153,12574.322
2024-08-24 07:06:57,SOLUSDT,ask,180,22787.649
2024-08-24 07:07:00,SOLUSDT,ask,153,12603.307
2024-08-24 07:07:01,SOLUSDT,ask,153,12632.291
2024-08-24 07:07:01,SOLUSDT,ask,153,12661.275
2024-08-24 07:07:04,SOLUSDT,ask,153,12690.26
2024-08-24 07:07:05,SOLUSDT,ask,153,12694.26
2024-08-24 07:07:05,SOLUSDT,ask,160,21986.829
2024-08-24 07:07:08,SOLUSDT,ask,153,12723.246
2024-08-24 07:07:09,SOLUSDT,bid,140,9289.276
2024-08-24 07:07:10,SOLUSDT,ask,170,13605.917
2024-08-24 07:07:13,SOLUSDT,ask,165,17434.616
2024-08-24 07:07:16,SOLUSDT,ask,153,12719.927
2024-08-24 07:07:16,SOLUSDT,ask,153,12755.367
2024-08-24 07:07:17,SOLUSDT,ask,153,12697.395
2024-08-24 07:07:18,SOLUSDT,ask,153,12668.411
2024-08-24 07:07:18,SOLUSDT,ask,153,12639.431
2024-08-24 07:07:18,SOLUSDT,ask,153,12322.48
2024-08-24 07:07:18,SOLUSDT,ask,153,12293.497
2024-08-24 07:07:20,SOLUSDT,ask,153,12200.086
2024-08-24 07:07:20,SOLUSDT,ask,153,12596.086
2024-08-24 07:07:20,SOLUSDT,ask,155,9268.741
2024-08-24 07:07:20,SOLUSDT,ask,153,12599.351
2024-08-24 07:07:21,SOLUSDT,ask,153,12570.367
2024-08-24 07:07:21,SOLUSDT,ask,153,6540.679
2024-08-24 07:07:21,SOLUSDT,ask,153,12512.398
2024-08-24 07:07:22,SOLUSDT,ask,153,12808.551
2024-08-24 07:07:22,SOLUSDT,ask,155,8979.664
2024-08-24 07:07:22,SOLUSDT,ask,160,21985.927
2024-08-24 07:07:23,SOLUSDT,bid,136,8029.098
2024-08-24 07:07:24,SOLUSDT,ask,153,12808.556
2024-08-24 07:07:25,SOLUSDT,bid,110,21094.525
2024-08-24 07:07:26,SOLUSDT,ask,153,12863.266
2024-08-24 07:07:27,SOLUSDT,ask,220,15474.876
2024-08-24 07:07:31,SOLUSDT,ask,153,12805.286
2024-08-24 07:07:32,SOLUSDT,ask,200,45825.878
2024-08-24 07:07:35,SOLUSDT,ask,155,8984.664
2024-08-24 07:07:36,SOLUSDT,bid,149,6948.546
2024-08-24 07:07:38,SOLUSDT,ask,153,12834.275
2024-08-24 07:07:38,SOLUSDT,ask,153,12868.226
2024-08-24 07:07:40,SOLUSDT,ask,153,12833.239
2024-08-24 07:07:40,SOLUSDT,ask,153,12862.232
2024-08-24 07:07:41,SOLUSDT,ask,153,12865.497
2024-08-24 07:07:48,SOLUSDT,ask,165,17416.435
2024-08-24 07:07:48,SOLUSDT,ask,159,6803.576
2024-08-24 07:07:49,SOLUSDT,ask,153,12890.522
2024-08-24 07:07:56,SOLUSDT,ask,155,8993.086
2024-08-24 07:07:56,SOLUSDT,ask,162,9483.04
2024-08-24 07:07:58,SOLUSDT,ask,155,8992.561
2024-08-24 07:08:01,SOLUSDT,ask,153,12860.534
2024-08-24 07:08:03,SOLUSDT,ask,153,12837.543
2024-08-24 07:08:03,SOLUSDT,ask,153,12834.278
2024-08-24 07:08:04,SOLUSDT,ask,153,12805.286
2024-08-24 07:08:06,SOLUSDT,ask,153,12405.286
2024-08-24 07:08:17,SOLUSDT,ask,153,12410.012
2024-08-24 07:08:26,SOLUSDT,ask,180,22787.787
2024-08-24 07:08:36,SOLUSDT,bid,140,9340.101
2024-08-24 07:08:39,SOLUSDT,ask,153,13584.985
2024-08-24 07:08:39,SOLUSDT,ask,153,13575.855
2024-08-24 07:08:39,SOLUSDT,ask,153,13544.484
2024-08-24 07:08:39,SOLUSDT,ask,153,13552.518
2024-08-24 07:08:39,SOLUSDT,ask,153,13571.579
2024-08-24 07:08:40,SOLUSDT,ask,153,13565.053
2024-08-24 07:08:40,SOLUSDT,ask,153,13643.335
2024-08-24 07:08:40,SOLUSDT,ask,153,13673.763
2024-08-24 07:08:40,SOLUSDT,ask,153,13672.523
2024-08-24 07:08:41,SOLUSDT,ask,153,13648.486
2024-08-24 07:08:41,SOLUSDT,ask,153,13687.006
2024-08-24 07:08:42,SOLUSDT,ask,155,8989.882
2024-08-24 07:08:44,SOLUSDT,ask,153,13688.102
2024-08-24 07:08:45,SOLUSDT,ask,153,13684.84
2024-08-24 07:08:46,SOLUSDT,ask,153,13676.806
2024-08-24 07:08:46,SOLUSDT,ask,153,13686.032
2024-08-24 07:08:46,SOLUSDT,ask,153,13705.232
2024-08-24 07:08:47,SOLUSDT,ask,162,9516.331
2024-08-24 07:08:48,SOLUSDT,ask,153,13724.433
2024-08-24 07:08:49,SOLUSDT,ask,153,13733.299
2024-08-24 07:08:50,SOLUSDT,ask,153,13655.017
2024-08-24 07:08:51,SOLUSDT,ask,155,9021.155
2024-08-24 07:08:52,SOLUSDT,ask,153,13655.017
2024-08-24 07:08:52,SOLUSDT,ask,153,13645.228
2024-08-24 07:08:54,SOLUSDT,ask,153,13745.828
2024-08-24 07:08:54,SOLUSDT,bid,136,8028.289
2024-08-24 07:08:54,SOLUSDT,ask,153,13739.302
2024-08-24 07:08:54,SOLUSDT,ask,153,13737.671
2024-08-24 07:08:55,SOLUSDT,ask,153,13736.191
2024-08-24 07:08:56,SOLUSDT,ask,155,9022.155
2024-08-24 07:09:00,SOLUSDT,ask,153,13635.591
2024-08-24 07:09:01,SOLUSDT,ask,153,13626.365
2024-08-24 07:09:03,SOLUSDT,ask,153,13630.365
2024-08-24 07:09:04,SOLUSDT,ask,160,21986.927
2024-08-24 07:09:04,SOLUSDT,ask,153,13626.116
2024-08-24 07:09:08,SOLUSDT,bid,120,18919.375
2024-08-24 07:09:11,SOLUSDT,ask,155,9072.155
2024-08-24 07:09:11,SOLUSDT,ask,170,13607.216
2024-08-24 07:09:15,SOLUSDT,ask,153,13679.916
2024-08-24 07:09:15,SOLUSDT,ask,153,13626.116
2024-08-24 07:09:18,SOLUSDT,ask,153,13622.116
2024-08-24 07:09:18,SOLUSDT,ask,153,13602.915
2024-08-24 07:09:18,SOLUSDT,ask,153,13612.057
2024-08-24 07:09:19,SOLUSDT,ask,153,13592.857
2024-08-24 07:09:20,SOLUSDT,bid,125,14624.218
2024-08-24 07:09:22,SOLUSDT,bid,140,9341.101
2024-08-24 07:09:24,SOLUSDT,ask,153,13595.469
2024-08-24 07:09:25,SOLUSDT,ask,200,45826.367
2024-08-24 07:09:35,SOLUSDT,ask,155,9072.5
2024-08-24 07:09:35,SOLUSDT,ask,160,21986.776
2024-08-24 07:09:35,SOLUSDT,ask,160,21985.776
2024-08-24 07:09:37,SOLUSDT,ask,153,13560.939
2024-08-24 07:09:38,SOLUSDT,ask,160,21984.309
2024-08-24 07:09:39,SOLUSDT,ask,153,13541.679
2024-08-24 07:09:39,SOLUSDT,ask,165,17417.435
2024-08-24 07:09:40,SOLUSDT,ask,153,13551.93
2024-08-24 07:09:43,SOLUSDT,ask,153,13630.213
2024-08-24 07:09:44,SOLUSDT,ask,153,13936.265
2024-08-24 07:09:46,SOLUSDT,ask,153,13857.982
2024-08-24 07:09:47,SOLUSDT,ask,155,9060.62
2024-08-24 07:09:48,SOLUSDT,ask,153,13936.266
2024-08-24 07:09:50,SOLUSDT,ask,155,9059.959
2024-08-24 07:09:54,SOLUSDT,ask,159,6804.576
2024-08-24 07:09:55,SOLUSDT,ask,185,16181.862
2024-08-24 07:09:56,SOLUSDT,bid,140,9326.816
2024-08-24 07:09:56,SOLUSDT,bid,136,7881.231
2024-08-24 07:09:56,SOLUSDT,bid,135,13912.273
2024-08-24 07:10:03,SOLUSDT,ask,160,21985.309
2024-08-24 07:10:09,SOLUSDT,ask,153,12604.947
2024-08-24 07:10:12,SOLUSDT,ask,153,12357.649
2024-08-24 07:10:13,SOLUSDT,ask,153,12355.039
2024-08-24 07:10:13,SOLUSDT,ask,153,12363.073
2024-08-24 07:10:13,SOLUSDT,ask,153,12392.056
2024-08-24 07:10:13,SOLUSDT,ask,153,12391.306
2024-08-24 07:10:13,SOLUSDT,ask,153,12498.605
2024-08-24 07:10:13,SOLUSDT,ask,153,12556.573
2024-08-24 07:10:14,SOLUSDT,ask,153,12672.501
2024-08-24 07:10:14,SOLUSDT,ask,153,12693.452
2024-08-24 07:10:14,SOLUSDT,ask,153,12751.42
2024-08-24 07:10:14,SOLUSDT,ask,153,12780.404
2024-08-24 07:10:15,SOLUSDT,ask,153,12838.366
2024-08-24 07:10:15,SOLUSDT,ask,153,12890.339
2024-08-24 07:10:15,SOLUSDT,ask,153,12919.322
2024-08-24 07:10:15,SOLUSDT,ask,153,12928.599
2024-08-24 07:10:15,SOLUSDT,ask,153,12957.586
2024-08-24 07:10:17,SOLUSDT,ask,153,12986.572
2024-08-24 07:10:17,SOLUSDT,ask,153,13015.557
2024-08-24 07:10:20,SOLUSDT,ask,153,13095.98
2024-08-24 07:10:21,SOLUSDT,ask,165,17408.345
2024-08-24 07:10:21,SOLUSDT,ask,170,13607.182
2024-08-24 07:10:22,SOLUSDT,ask,153,13038.012
2024-08-24 07:10:22,SOLUSDT,ask,153,13009.028
2024-08-24 07:10:22,SOLUSDT,ask,153,12980.044
2024-08-24 07:10:22,SOLUSDT,ask,153,13009.029
2024-08-24 07:10:23,SOLUSDT,ask,153,13061.002
2024-08-24 07:10:23,SOLUSDT,ask,153,13049.898
2024-08-24 07:10:23,SOLUSDT,ask,153,13060.926
2024-08-24 07:10:24,SOLUSDT,bid,140,9326.761
2024-08-24 07:10:24,SOLUSDT,ask,153,13031.945
2024-08-24 07:10:25,SOLUSDT,ask,153,12893.021
2024-08-24 07:10:26,SOLUSDT,ask,153,12814.707
2024-08-24 07:10:27,SOLUSDT,ask,153,12727.751
2024-08-24 07:10:27,SOLUSDT,ask,153,12675.782
2024-08-24 07:10:29,SOLUSDT,ask,200,45820.166
2024-08-24 07:10:29,SOLUSDT,ask,153,12704.767
2024-08-24 07:10:30,SOLUSDT,ask,153,12847.669
2024-08-24 07:10:30,SOLUSDT,ask,153,12879.901
2024-08-24 07:10:30,SOLUSDT,ask,153,12908.886
2024-08-24 07:10:31,SOLUSDT,ask,155,9058.959
2024-08-24 07:10:34,SOLUSDT,ask,153,12931.872
2024-08-24 07:10:34,SOLUSDT,ask,153,12934.194
2024-08-24 07:10:34,SOLUSDT,ask,153,13050.12
2024-08-24 07:10:35,SOLUSDT,ask,153,13073.108
2024-08-24 07:10:35,SOLUSDT,ask,153,13125.079
2024-08-24 07:10:38,SOLUSDT,ask,153,13021.137
2024-08-24 07:10:39,SOLUSDT,ask,153,12934.194
2024-08-24 07:10:39,SOLUSDT,ask,153,12999.41
2024-08-24 07:10:39,SOLUSDT,ask,153,13057.372
2024-08-24 07:10:40,SOLUSDT,ask,153,13086.356
2024-08-24 07:10:40,SOLUSDT,ask,153,13021.14
2024-08-24 07:10:40,SOLUSDT,ask,153,13030.388
2024-08-24 07:10:40,SOLUSDT,ask,153,13021.111
2024-08-24 07:10:40,SOLUSDT,ask,153,13025.111
2024-08-24 07:10:41,SOLUSDT,ask,153,13054.094
2024-08-24 07:10:41,SOLUSDT,ask,155,9045.754
2024-08-24 07:10:41,SOLUSDT,ask,153,13034.504
2024-08-24 07:10:41,SOLUSDT,ask,153,13069.944
2024-08-24 07:10:42,SOLUSDT,ask,160,21986.525
2024-08-24 07:10:43,SOLUSDT,ask,155,9045.43
2024-08-24 07:10:45,SOLUSDT,ask,153,13066.693
2024-08-24 07:10:46,SOLUSDT,ask,153,13051.313
2024-08-24 07:10:46,SOLUSDT,bid,140,9322.644
2024-08-24 07:10:47,SOLUSDT,ask,153,13022.329
2024-08-24 07:10:47,SOLUSDT,ask,153,12993.345
2024-08-24 07:10:48,SOLUSDT,ask,170,13519.989
2024-08-24 07:10:53,SOLUSDT,ask,153,12982.582
2024-08-24 07:10:54,SOLUSDT,ask,153,12963.364
2024-08-24 07:10:54,SOLUSDT,bid,140,9315.644
2024-08-24 07:10:55,SOLUSDT,ask,153,12963.364
2024-08-24 07:10:55,SOLUSDT,ask,190,23852.022
2024-08-24 07:10:56,SOLUSDT,ask,160,21986.408
2024-08-24 07:10:58,SOLUSDT,ask,165,17407.643
2024-08-24 07:11:00,SOLUSDT,ask,153,12869.962
2024-08-24 07:11:00,SOLUSDT,ask,153,12847.979
2024-08-24 07:11:00,SOLUSDT,ask,155,9110.502
2024-08-24 07:11:04,SOLUSDT,ask,160,21985.045
2024-08-24 07:11:07,SOLUSDT,ask,155,9122.373
2024-08-24 07:11:12,SOLUSDT,ask,153,12843.979
2024-08-24 07:11:12,SOLUSDT,ask,153,12814.994
2024-08-24 07:11:12,SOLUSDT,ask,153,12747.776
2024-08-24 07:11:12,SOLUSDT,ask,153,12727.242
2024-08-24 07:11:12,SOLUSDT,ask,153,12652.069
2024-08-24 07:11:14,SOLUSDT,ask,153,12680.052
2024-08-24 07:11:15,SOLUSDT,ask,153,12850.48
2024-08-24 07:11:16,SOLUSDT,ask,153,12878.461
2024-08-24 07:11:16,SOLUSDT,ask,153,12906.446
2024-08-24 07:11:18,SOLUSDT,ask,153,12934.431
2024-08-24 07:11:18,SOLUSDT,ask,153,12971.547
2024-08-24 07:11:18,SOLUSDT,ask,153,12999.531
2024-08-24 07:11:18,SOLUSDT,ask,153,13000.837
2024-08-24 07:11:20,SOLUSDT,ask,153,12971.547
2024-08-24 07:11:21,SOLUSDT,ask,153,12943.562
2024-08-24 07:11:23,SOLUSDT,ask,153,12915.577
2024-08-24 07:11:25,SOLUSDT,ask,153,12887.592
2024-08-24 07:11:25,SOLUSDT,ask,153,12951.216
2024-08-24 07:11:30,SOLUSDT,bid,125,14824.218
2024-08-24 07:11:30,SOLUSDT,ask,155,9110.032
2024-08-24 07:11:37,SOLUSDT,ask,153,15754.556
2024-08-24 07:11:37,SOLUSDT,ask,153,15764.86
2024-08-24 07:11:37,SOLUSDT,ask,153,15887.015
2024-08-24 07:11:37,SOLUSDT,ask,153,15914.002
2024-08-24 07:11:39,SOLUSDT,ask,155,9110.668
2024-08-24 07:11:40,SOLUSDT,ask,153,15941.988
2024-08-24 07:11:40,SOLUSDT,ask,153,15935.588
2024-08-24 07:11:40,SOLUSDT,ask,153,15955.902
2024-08-24 07:11:40,SOLUSDT,ask,153,15945.651
2024-08-24 07:11:42,SOLUSDT,ask,153,16235.767
2024-08-24 07:11:43,SOLUSDT,ask,182,5513.35
2024-08-24 07:11:45,SOLUSDT,ask,153,16291.743
2024-08-24 07:11:47,SOLUSDT,ask,155,9107.446
2024-08-24 07:11:48,SOLUSDT,ask,153,16319.73
2024-08-24 07:11:48,SOLUSDT,ask,153,16347.716
2024-08-24 07:11:52,SOLUSDT,ask,155,9077.98
2024-08-24 07:11:54,SOLUSDT,ask,153,16319.73
2024-08-24 07:11:54,SOLUSDT,ask,153,15945.651
2024-08-24 07:11:54,SOLUSDT,ask,153,15955.902
2024-08-24 07:11:54,SOLUSDT,ask,153,15927.91
2024-08-24 07:11:54,SOLUSDT,ask,153,15845.952
2024-08-24 07:11:55,SOLUSDT,ask,160,21985.419
2024-08-24 07:12:01,SOLUSDT,ask,160,21986.375
2024-08-24 07:12:03,SOLUSDT,ask,153,15870.578
2024-08-24 07:12:04,SOLUSDT,ask,160,21986.554
2024-08-24 07:12:04,SOLUSDT,ask,153,15836.054
2024-08-24 07:12:04,SOLUSDT,ask,180,22793.787
2024-08-24 07:12:04,SOLUSDT,ask,185,16175.862
2024-08-24 07:12:05,SOLUSDT,ask,160,21988.554
2024-08-24 07:12:06,SOLUSDT,ask,170,13520.023
2024-08-24 07:12:06,SOLUSDT,ask,153,15811.428
2024-08-24 07:12:07,SOLUSDT,ask,153,15824.504
2024-08-24 07:12:10,SOLUSDT,ask,153,15852.487
2024-08-24 07:12:11,SOLUSDT,ask,153,15908.463
2024-08-24 07:12:12,SOLUSDT,ask,153,15936.453
2024-08-24 07:12:12,SOLUSDT,ask,153,15964.443
2024-08-24 07:12:15,SOLUSDT,ask,155,9077.344
2024-08-24 07:12:15,SOLUSDT,ask,153,15936.453
2024-08-24 07:12:16,SOLUSDT,ask,153,15908.463
2024-08-24 07:12:16,SOLUSDT,ask,153,15911.079
2024-08-24 07:12:17,SOLUSDT,ask,153,15855.103
2024-08-24 07:12:20,SOLUSDT,ask,153,15851.103
2024-08-24 07:12:20,SOLUSDT,ask,153,15907.077
2024-08-24 07:12:20,SOLUSDT,ask,153,15904.461
2024-08-24 07:12:20,SOLUSDT,ask,153,15894.21
2024-08-24 07:12:20,SOLUSDT,ask,153,15950.178
2024-08-24 07:12:21,SOLUSDT,ask,153,15894.21
2024-08-24 07:12:22,SOLUSDT,ask,153,15922.2
2024-08-24 07:12:22,SOLUSDT,ask,195,12067.809
2024-08-24 07:12:23,SOLUSDT,ask,153,15978.176
2024-08-24 07:12:23,SOLUSDT,ask,153,16006.163
2024-08-24 07:12:24,SOLUSDT,ask,153,16062.137
2024-08-24 07:12:25,SOLUSDT,ask,153,16118.107
2024-08-24 07:12:27,SOLUSDT,ask,153,16118.115
2024-08-24 07:12:35,SOLUSDT,ask,175,8553.673
2024-08-24 07:12:36,SOLUSDT,ask,153,16146.105
2024-08-24 07:12:40,SOLUSDT,ask,160,21990.807
2024-08-24 07:12:42,SOLUSDT,ask,153,16202.081
2024-08-24 07:12:43,SOLUSDT,ask,155,9077.009
2024-08-24 07:12:45,SOLUSDT,ask,155,9106.475
2024-08-24 07:12:45,SOLUSDT,ask,170,13518.724
2024-08-24 07:12:46,SOLUSDT,ask,155,9115.993
2024-08-24 07:12:47,SOLUSDT,ask,153,16229.069
2024-08-24 07:12:48,SOLUSDT,ask,170,13519.803
2024-08-24 07:12:48,SOLUSDT,ask,160,21988.554
2024-08-24 07:12:49,SOLUSDT,ask,153,16252.06
2024-08-24 07:12:50,SOLUSDT,ask,153,16279.048
2024-08-24 07:12:50,SOLUSDT,ask,153,16306.039
2024-08-24 07:12:54,SOLUSDT,ask,153,16333.027
2024-08-24 07:12:54,SOLUSDT,ask,153,16360.015
2024-08-24 07:12:59,SOLUSDT,ask,155,9118.246
2024-08-24 07:13:00,SOLUSDT,ask,160,22032.151
2024-08-24 07:13:06,SOLUSDT,bid,140,9315.744
2024-08-24 07:13:11,SOLUSDT,ask,153,16428.314
2024-08-24 07:13:11,SOLUSDT,ask,153,16372.654
2024-08-24 07:13:12,SOLUSDT,ask,153,16418.636
2024-08-24 07:13:12,SOLUSDT,ask,153,16460.257
2024-08-24 07:13:12,SOLUSDT,ask,153,16838.041
2024-08-24 07:13:12,SOLUSDT,ask,153,16818.867
2024-08-24 07:13:12,SOLUSDT,ask,153,16894.019
2024-08-24 07:13:13,SOLUSDT,ask,153,16874.843
2024-08-24 07:13:13,SOLUSDT,ask,153,16847.855
2024-08-24 07:13:14,SOLUSDT,ask,153,16788.88
2024-08-24 07:13:16,SOLUSDT,ask,153,16670.467
2024-08-24 07:13:16,SOLUSDT,ask,153,16670.466
2024-08-24 07:13:16,SOLUSDT,ask,153,16647.475
2024-08-24 07:13:17,SOLUSDT,ask,153,16680.214
2024-08-24 07:13:17,SOLUSDT,ask,153,16613.28
2024-08-24 07:13:17,SOLUSDT,ask,153,16548.003
2024-08-24 07:13:17,SOLUSDT,ask,155,9133.246
2024-08-24 07:13:18,SOLUSDT,bid,136,7879.028
2024-08-24 07:13:19,SOLUSDT,ask,153,16614.503
2024-08-24 07:13:20,SOLUSDT,ask,153,16548.003
2024-08-24 07:13:20,SOLUSDT,ask,153,16574.988
2024-08-24 07:13:20,SOLUSDT,ask,153,16601.972
2024-08-24 07:13:21,SOLUSDT,ask,155,9068.174
2024-08-24 07:13:21,SOLUSDT,bid,140,9301.474
2024-08-24 07:13:22,SOLUSDT,ask,153,16628.958
2024-08-24 07:13:23,SOLUSDT,ask,170,13517.151
2024-08-24 07:13:29,SOLUSDT,ask,159,6848.173
2024-08-24 07:13:29,SOLUSDT,ask,160,21988.554
2024-08-24 07:13:29,SOLUSDT,ask,153,16608.153
2024-08-24 07:13:29,SOLUSDT,ask,153,16636.139
2024-08-24 07:13:30,SOLUSDT,ask,153,16664.129
2024-08-24 07:13:33,SOLUSDT,ask,153,16664.131
2024-08-24 07:13:36,SOLUSDT,ask,170,13514.852
2024-08-24 07:13:37,SOLUSDT,bid,140,9412.559
2024-08-24 07:13:37,SOLUSDT,ask,153,16643.326
2024-08-24 07:13:39,SOLUSDT,ask,160,21988.654
2024-08-24 07:13:46,SOLUSDT,ask,162,9516.431
2024-08-24 07:13:48,SOLUSDT,ask,153,16666.317
2024-08-24 07:13:51,SOLUSDT,ask,153,16643.326
2024-08-24 07:13:52,SOLUSDT,ask,160,21987.654
2024-08-24 07:13:52,SOLUSDT,ask,153,16663.354
2024-08-24 07:13:52,SOLUSDT,ask,153,16686.345
2024-08-24 07:13:53,SOLUSDT,ask,165,17410.295
2024-08-24 07:13:56,SOLUSDT,ask,155,9067.227
2024-08-24 07:13:58,SOLUSDT,bid,135,13912.421
2024-08-24 07:13:58,SOLUSDT,ask,190,24361.53
2024-08-24 07:14:00,SOLUSDT,bid,130,13794.81
2024-08-24 07:14:00,SOLUSDT,ask,153,16635.365
2024-08-24 07:14:00,SOLUSDT,ask,153,16587.348
2024-08-24 07:14:01,SOLUSDT,ask,185,16178.954
2024-08-24 07:14:01,SOLUSDT,ask,153,16583.352
2024-08-24 07:14:01,SOLUSDT,ask,153,16659.437
2024-08-24 07:14:03,SOLUSDT,ask,153,16659.423
2024-08-24 07:14:04,SOLUSDT,ask,153,16659.421
2024-08-24 07:14:06,SOLUSDT,ask,153,16659.486
2024-08-24 07:14:06,SOLUSDT,ask,153,16558.437
2024-08-24 07:14:06,SOLUSDT,ask,153,16473.474
2024-08-24 07:14:06,SOLUSDT,ask,153,16493.557
2024-08-24 07:14:06,SOLUSDT,ask,153,16498.555
2024-08-24 07:14:06,SOLUSDT,ask,153,16521.547
2024-08-24 07:14:07,SOLUSDT,ask,170,13086.537
2024-08-24 07:14:08,SOLUSDT,ask,153,16586.827
2024-08-24 07:14:08,SOLUSDT,ask,153,16507.857
2024-08-24 07:14:09,SOLUSDT,ask,153,16484.763
2024-08-24 07:14:09,SOLUSDT,ask,153,16512.754
2024-08-24 07:14:09,SOLUSDT,ask,153,16532.638
2024-08-24 07:14:09,SOLUSDT,ask,153,16407.681
2024-08-24 07:14:12,SOLUSDT,ask,153,16351.705
2024-08-24 07:14:13,SOLUSDT,bid,140,9407.423
2024-08-24 07:14:13,SOLUSDT,ask,153,16332.627
2024-08-24 07:14:14,SOLUSDT,ask,153,16276.653
2024-08-24 07:14:15,SOLUSDT,ask,153,16236.885
2024-08-24 07:14:15,SOLUSDT,ask,153,16199.855
2024-08-24 07:14:15,SOLUSDT,ask,153,16199.79
2024-08-24 07:14:16,SOLUSDT,ask,155,9067.327
2024-08-24 07:14:17,SOLUSDT,ask,153,15888.94
2024-08-24 07:14:20,SOLUSDT,ask,170,13088.536
2024-08-24 07:14:22,SOLUSDT,ask,153,16571.646
2024-08-24 07:14:23,SOLUSDT,ask,153,15923.47
2024-08-24 07:14:26,SOLUSDT,ask,160,21987.754
2024-08-24 07:14:29,SOLUSDT,ask,155,9074.178
2024-08-24 07:14:29,SOLUSDT,ask,160,21980.903
2024-08-24 07:14:30,SOLUSDT,bid,125,14822.6
2024-08-24 07:14:32,SOLUSDT,ask,190,23852.022
2024-08-24 07:14:33,SOLUSDT,ask,153,15925.253
2024-08-24 07:14:33,SOLUSDT,ask,153,15927.868
2024-08-24 07:14:34,SOLUSDT,ask,153,15862.588
2024-08-24 07:14:34,SOLUSDT,ask,153,15862.259
2024-08-24 07:14:34,SOLUSDT,ask,153,16009.017
2024-08-24 07:14:35,SOLUSDT,ask,153,16074.294
2024-08-24 07:14:36,SOLUSDT,ask,153,15927.536
2024-08-24 07:14:36,SOLUSDT,bid,140,9409.93
2024-08-24 07:14:37,SOLUSDT,ask,153,15900.552
2024-08-24 07:14:43,SOLUSDT,ask,160,21970.903
2024-08-24 07:14:43,SOLUSDT,ask,155,9502.493
2024-08-24 07:14:46,SOLUSDT,ask,153,15900.611
2024-08-24 07:14:47,SOLUSDT,ask,153,15900.552
2024-08-24 07:14:47,SOLUSDT,ask,153,15897.937
2024-08-24 07:14:48,SOLUSDT,ask,153,16024.783
2024-08-24 07:14:50,SOLUSDT,ask,153,16034.364
2024-08-24 07:14:50,SOLUSDT,ask,153,16086.605
2024-08-24 07:14:50,SOLUSDT,ask,153,16086.805
2024-08-24 07:14:51,SOLUSDT,ask,153,16086.605
2024-08-24 07:14:52,SOLUSDT,ask,153,16075.241
2024-08-24 07:14:54,SOLUSDT,ask,153,15929.209
2024-08-24 07:14:54,SOLUSDT,ask,153,16081.724
2024-08-24 07:14:55,SOLUSDT,ask,155,9501.756
2024-08-24 07:14:58,SOLUSDT,ask,153,16086.624
2024-08-24 07:15:00,SOLUSDT,ask,153,16081.724
2024-08-24 07:15:02,SOLUSDT,ask,153,15906.556
2024-08-24 07:15:03,SOLUSDT,ask,153,15755.232
2024-08-24 07:15:03,SOLUSDT,ask,153,15751.455
2024-08-24 07:15:03,SOLUSDT,ask,153,15729.615
2024-08-24 07:15:03,SOLUSDT,ask,153,15733.532
2024-08-24 07:15:03,SOLUSDT,ask,153,15729.219
2024-08-24 07:15:04,SOLUSDT,ask,153,15733.136
2024-08-24 07:15:04,SOLUSDT,ask,153,15739.122
2024-08-24 07:15:04,SOLUSDT,ask,165,17409.967
2024-08-24 07:15:04,SOLUSDT,ask,153,15766.466
2024-08-24 07:15:04,SOLUSDT,ask,153,15769.332
2024-08-24 07:15:04,SOLUSDT,ask,153,15791.583
2024-08-24 07:15:05,SOLUSDT,ask,153,15795.5
2024-08-24 07:15:07,SOLUSDT,ask,170,13088.419
2024-08-24 07:15:11,SOLUSDT,ask,153,19334.961
2024-08-24 07:15:11,SOLUSDT,ask,153,19256.294
2024-08-24 07:15:12,SOLUSDT,ask,153,19239.974
2024-08-24 07:15:12,SOLUSDT,ask,153,19363.269
2024-08-24 07:15:12,SOLUSDT,ask,153,19278.195
2024-08-24 07:15:12,SOLUSDT,ask,153,19301.601
2024-08-24 07:15:12,SOLUSDT,ask,153,19301.636
2024-08-24 07:15:12,SOLUSDT,ask,153,19396.652
2024-08-24 07:15:13,SOLUSDT,ask,153,19397.736
2024-08-24 07:15:13,SOLUSDT,ask,153,19430.375
2024-08-24 07:15:13,SOLUSDT,ask,153,19430.375
2024-08-24 07:15:13,SOLUSDT,ask,153,19430.34
2024-08-24 07:15:16,SOLUSDT,ask,165,17398.014
2024-08-24 07:15:16,SOLUSDT,bid,140,9414.863
2024-08-24 07:15:16,SOLUSDT,ask,153,19401.018
2024-08-24 07:15:16,SOLUSDT,ask,153,19263.38
2024-08-24 07:15:16,SOLUSDT,ask,153,19405.111
2024-08-24 07:15:17,SOLUSDT,bid,100,25633.37
2024-08-24 07:15:17,SOLUSDT,ask,153,19409.111
2024-08-24 07:15:17,SOLUSDT,ask,153,19267.33
2024-08-24 07:15:17,SOLUSDT,ask,153,19405.072
2024-08-24 07:15:18,SOLUSDT,ask,153,19379.331
2024-08-24 07:15:18,SOLUSDT,ask,153,19379.381
2024-08-24 07:15:19,SOLUSDT,ask,153,19346.778
2024-08-24 07:15:19,SOLUSDT,ask,153,19345.249
2024-08-24 07:15:19,SOLUSDT,ask,153,19395.418
2024-08-24 07:15:20,SOLUSDT,ask,153,19352.149
2024-08-24 07:15:20,SOLUSDT,ask,153,19435.918
2024-08-24 07:15:20,SOLUSDT,ask,153,19418.161
2024-08-24 07:15:20,SOLUSDT,ask,153,19420.161
2024-08-24 07:15:21,SOLUSDT,ask,153,19452.799
2024-08-24 07:15:22,SOLUSDT,ask,153,19461.94
2024-08-24 07:15:22,SOLUSDT,ask,153,19452.799
2024-08-24 07:15:22,SOLUSDT,ask,153,19450.799
2024-08-24 07:15:23,SOLUSDT,ask,153,19452.959
2024-08-24 07:15:28,SOLUSDT,ask,162,9514.765
2024-08-24 07:15:28,SOLUSDT,ask,153,12402.016
2024-08-24 07:15:28,SOLUSDT,ask,153,12421.428
2024-08-24 07:15:31,SOLUSDT,ask,153,12410.064
2024-08-24 07:15:31,SOLUSDT,ask,153,12263.47
2024-08-24 07:15:31,SOLUSDT,ask,153,12256.938
2024-08-24 07:15:32,SOLUSDT,ask,153,12273.398
2024-08-24 07:15:33,SOLUSDT,ask,153,12266.866
2024-08-24 07:15:33,SOLUSDT,ask,153,12243.873
2024-08-24 07:15:35,SOLUSDT,ask,153,12240.607
2024-08-24 07:15:36,SOLUSDT,ask,160,21969.687
2024-08-24 07:15:37,SOLUSDT,ask,155,9501.91
2024-08-24 07:15:37,SOLUSDT,ask,153,12221.195
2024-08-24 07:15:39,SOLUSDT,ask,155,9496.4
2024-08-24 07:15:39,SOLUSDT,ask,153,12721.305
2024-08-24 07:15:40,SOLUSDT,ask,153,12418.639
2024-08-24 07:15:40,SOLUSDT,ask,153,12327.207
2024-08-24 07:15:40,SOLUSDT,ask,153,12324.604
2024-08-24 07:15:40,SOLUSDT,ask,153,12318.07
2024-08-24 07:15:41,SOLUSDT,ask,153,12320.473
2024-08-24 07:15:41,SOLUSDT,ask,153,12348.421
2024-08-24 07:15:42,SOLUSDT,ask,162,9514.799
2024-08-24 07:15:43,SOLUSDT,ask,153,12343.168
2024-08-24 07:15:47,SOLUSDT,ask,153,12320.473
2024-08-24 07:15:49,SOLUSDT,ask,153,12327.007
2024-08-24 07:15:49,SOLUSDT,ask,153,12324.604
2024-08-24 07:15:51,SOLUSDT,ask,153,12333.07
2024-08-24 07:15:51,SOLUSDT,ask,153,12318.82
2024-08-24 07:15:51,SOLUSDT,ask,153,12374.408
2024-08-24 07:15:52,SOLUSDT,ask,153,12377.018
2024-08-24 07:15:52,SOLUSDT,ask,153,12392.018
2024-08-24 07:15:53,SOLUSDT,ask,153,12364.244
2024-08-24 07:15:54,SOLUSDT,ask,153,12340.43
2024-08-24 07:15:54,SOLUSDT,ask,153,12374.125
2024-08-24 07:15:54,SOLUSDT,ask,153,12376.658
2024-08-24 07:15:54,SOLUSDT,ask,153,12342.963
2024-08-24 07:15:54,SOLUSDT,ask,153,12327.963
2024-08-24 07:15:55,SOLUSDT,ask,153,12325.353
2024-08-24 07:15:55,SOLUSDT,ask,153,12300.989
2024-08-24 07:15:55,SOLUSDT,ask,153,12362.978
2024-08-24 07:15:56,SOLUSDT,ask,153,12356.445
2024-08-24 07:15:56,SOLUSDT,ask,153,12374.665
2024-08-24 07:15:57,SOLUSDT,ask,153,12368.132
2024-08-24 07:15:57,SOLUSDT,ask,153,12391.121
2024-08-24 07:15:57,SOLUSDT,ask,153,12375.842
2024-08-24 07:15:57,SOLUSDT,ask,153,12441.099
2024-08-24 07:15:58,SOLUSDT,ask,165,17397.445
2024-08-24 07:16:00,SOLUSDT,ask,180,22793.99
2024-08-24 07:16:05,SOLUSDT,ask,153,12432.933
2024-08-24 07:16:08,SOLUSDT,ask,153,12436.436
2024-08-24 07:16:09,SOLUSDT,ask,153,12364.646
2024-08-24 07:16:10,SOLUSDT,ask,153,12391.566
2024-08-24 07:16:10,SOLUSDT,ask,153,12391.533
2024-08-24 07:16:11,SOLUSDT,ask,153,12395.533
2024-08-24 07:16:11,SOLUSDT,ask,153,12414.502
2024-08-24 07:16:12,SOLUSDT,ask,153,12395.533
2024-08-24 07:16:12,SOLUSDT,ask,153,12395.601
2024-08-24 07:16:13,SOLUSDT,ask,160,21969.727
2024-08-24 07:16:14,SOLUSDT,ask,153,12395.533
2024-08-24 07:16:24,SOLUSDT,ask,155,9495.585
2024-08-24 07:16:27,SOLUSDT,bid,110,21094.475
2024-08-24 07:16:28,SOLUSDT,ask,153,12349.554
2024-08-24 07:16:28,SOLUSDT,ask,153,12345.554
2024-08-24 07:16:30,SOLUSDT,ask,153,12347.279
2024-08-24 07:16:32,SOLUSDT,ask,153,12324.285
2024-08-24 07:16:32,SOLUSDT,ask,160,21905.718
2024-08-24 07:16:33,SOLUSDT,ask,153,12347.276
2024-08-24 07:16:33,SOLUSDT,ask,153,12372.167
2024-08-24 07:16:33,SOLUSDT,ask,153,12395.159
2024-08-24 07:16:34,SOLUSDT,bid,140,9412.694
2024-08-24 07:16:34,SOLUSDT,ask,160,21905.656
2024-08-24 07:16:34,SOLUSDT,ask,153,12347.277
2024-08-24 07:16:34,SOLUSDT,ask,153,12367.822
2024-08-24 07:16:35,SOLUSDT,ask,153,12367.821
2024-08-24 07:16:35,SOLUSDT,ask,153,12367.165
2024-08-24 07:16:35,SOLUSDT,ask,153,12416.658
2024-08-24 07:16:35,SOLUSDT,ask,153,12377.273
2024-08-24 07:16:36,SOLUSDT,ask,153,12377.341
2024-08-24 07:16:36,SOLUSDT,ask,153,12377.341
2024-08-24 07:16:37,SOLUSDT,ask,153,12377.273
2024-08-24 07:16:41,SOLUSDT,ask,153,12405.263
2024-08-24 07:16:42,SOLUSDT,ask,153,12405.331
2024-08-24 07:16:42,SOLUSDT,ask,153,12355.355
2024-08-24 07:16:42,SOLUSDT,ask,153,12397.053
2024-08-24 07:16:43,SOLUSDT,ask,153,13031.188
2024-08-24 07:16:44,SOLUSDT,ask,155,9487.985
2024-08-24 07:16:52,SOLUSDT,ask,153,13027.459
2024-08-24 07:16:52,SOLUSDT,ask,153,13730.954
2024-08-24 07:16:53,SOLUSDT,ask,153,13712.249
2024-08-24 07:16:54,SOLUSDT,bid,125,14824.087
2024-08-24 07:16:54,SOLUSDT,ask,155,9508.875
2024-08-24 07:16:55,SOLUSDT,bid,130,13787.118
2024-08-24 07:16:55,SOLUSDT,ask,153,13715.676
2024-08-24 07:16:55,SOLUSDT,ask,153,13833.812
2024-08-24 07:17:00,SOLUSDT,ask,153,13838.112
2024-08-24 07:17:00,SOLUSDT,ask,153,13833.812
2024-08-24 07:17:02,SOLUSDT,ask,153,13756.507
2024-08-24 07:17:02,SOLUSDT,ask,153,13686.45
2024-08-24 07:17:02,SOLUSDT,ask,153,13688.037
2024-08-24 07:17:03,SOLUSDT,ask,153,13666.151
2024-08-24 07:17:03,SOLUSDT,ask,153,13659.465
2024-08-24 07:17:03,SOLUSDT,ask,153,13145.254
2024-08-24 07:17:03,SOLUSDT,ask,153,12771.941
2024-08-24 07:17:03,SOLUSDT,ask,153,12752.069
2024-08-24 07:17:04,SOLUSDT,ask,153,13083.162
2024-08-24 07:17:04,SOLUSDT,ask,153,13197.593
2024-08-24 07:17:04,SOLUSDT,ask,153,13146.41
2024-08-24 07:17:04,SOLUSDT,ask,160,21905.183
2024-08-24 07:17:04,SOLUSDT,ask,153,13144.823
2024-08-24 07:17:04,SOLUSDT,ask,153,13030.392
2024-08-24 07:17:05,SOLUSDT,ask,153,13003.488
2024-08-24 07:17:05,SOLUSDT,ask,153,12729.523
2024-08-24 07:17:06,SOLUSDT,ask,153,12703.382
2024-08-24 07:17:07,SOLUSDT,ask,153,12678.933
2024-08-24 07:17:07,SOLUSDT,ask,153,13017.944
2024-08-24 07:17:08,SOLUSDT,ask,153,13083.196
2024-08-24 07:17:13,SOLUSDT,ask,153,12744.185
2024-08-24 07:17:15,SOLUSDT,ask,153,12757.257
2024-08-24 07:17:18,SOLUSDT,ask,153,12736.994
2024-08-24 07:17:19,SOLUSDT,ask,159,6843.173
2024-08-24 07:17:20,SOLUSDT,ask,165,17397.918
2024-08-24 07:17:22,SOLUSDT,ask,153,12741.2
2024-08-24 07:17:22,SOLUSDT,ask,153,12965.812
2024-08-24 07:17:22,SOLUSDT,ask,153,12995.525
2024-08-24 07:17:22,SOLUSDT,ask,153,12779.679
2024-08-24 07:17:23,SOLUSDT,ask,162,9514.563
2024-08-24 07:17:23,SOLUSDT,ask,153,12421.503
2024-08-24 07:17:25,SOLUSDT,ask,153,12315.831
2024-08-24 07:17:25,SOLUSDT,ask,153,12318.876
2024-08-24 07:17:27,SOLUSDT,ask,190,23850.222
2024-08-24 07:17:27,SOLUSDT,ask,153,12315.831
2024-08-24 07:17:29,SOLUSDT,ask,153,12579.313
2024-08-24 07:17:29,SOLUSDT,ask,153,12544.396
2024-08-24 07:17:29,SOLUSDT,ask,153,12488.574
2024-08-24 07:17:29,SOLUSDT,ask,153,12514.797
2024-08-24 07:17:29,SOLUSDT,ask,153,12536.784
2024-08-24 07:17:30,SOLUSDT,ask,153,12536.751
2024-08-24 07:17:30,SOLUSDT,bid,140,9413.408
2024-08-24 07:17:30,SOLUSDT,bid,130,13794.409
2024-08-24 07:17:31,SOLUSDT,ask,153,12505.998
2024-08-24 07:17:31,SOLUSDT,ask,153,12509.113
2024-08-24 07:17:31,SOLUSDT,ask,153,12528.847
2024-08-24 07:17:32,SOLUSDT,ask,153,12509.113
2024-08-24 07:17:32,SOLUSDT,ask,153,12539.449
2024-08-24 07:17:32,SOLUSDT,ask,153,12509.113
2024-08-24 07:17:32,SOLUSDT,ask,153,12518.912
2024-08-24 07:17:33,SOLUSDT,bid,149,6820.122
2024-08-24 07:17:33,SOLUSDT,ask,153,12626.534
2024-08-24 07:17:33,SOLUSDT,ask,153,12409.036
2024-08-24 07:17:33,SOLUSDT,ask,153,12528.416
2024-08-24 07:17:33,SOLUSDT,ask,165,17411.741
2024-08-24 07:17:34,SOLUSDT,ask,155,9509.511
2024-08-24 07:17:36,SOLUSDT,bid,130,13795.179
2024-08-24 07:17:37,SOLUSDT,ask,153,12525.301
2024-08-24 07:17:37,SOLUSDT,ask,153,12500.953
2024-08-24 07:17:39,SOLUSDT,ask,153,12579.314
2024-08-24 07:17:39,SOLUSDT,ask,153,12541.849
2024-08-24 07:17:39,SOLUSDT,ask,153,12463.488
2024-08-24 07:17:40,SOLUSDT,ask,153,12463.688
2024-08-24 07:17:40,SOLUSDT,ask,153,12476.422
2024-08-24 07:17:41,SOLUSDT,ask,153,12563.536
2024-08-24 07:17:41,SOLUSDT,ask,153,12476.422
2024-08-24 07:17:42,SOLUSDT,ask,160,21906.687
2024-08-24 07:17:42,SOLUSDT,ask,153,12478.868
2024-08-24 07:17:42,SOLUSDT,ask,153,12490.232
2024-08-24 07:17:44,SOLUSDT,ask,153,12674.661
2024-08-24 07:17:44,SOLUSDT,ask,153,12650.363
2024-08-24 07:17:45,SOLUSDT,ask,153,12715.614
2024-08-24 07:17:45,SOLUSDT,ask,153,12628.171
2024-08-24 07:17:45,SOLUSDT,ask,170,12588.419
2024-08-24 07:17:45,SOLUSDT,ask,153,12682.145
2024-08-24 07:17:45,SOLUSDT,ask,155,9509.459
2024-08-24 07:17:46,SOLUSDT,ask,170,12587.77
2024-08-24 07:17:49,SOLUSDT,ask,153,12415.051
2024-08-24 07:17:50,SOLUSDT,ask,153,12770.098
2024-08-24 07:17:50,SOLUSDT,ask,155,9519.918
2024-08-24 07:17:50,SOLUSDT,ask,153,12743.111
2024-08-24 07:17:51,SOLUSDT,ask,153,12716.124
2024-08-24 07:17:51,SOLUSDT,ask,153,12650.873
2024-08-24 07:17:51,SOLUSDT,ask,153,12651.073
2024-08-24 07:17:52,SOLUSDT,ask,153,12675.371
2024-08-24 07:17:53,SOLUSDT,ask,155,9518.281
2024-08-24 07:17:54,SOLUSDT,ask,153,12648.383
2024-08-24 07:17:54,SOLUSDT,ask,153,12648.183
2024-08-24 07:17:56,SOLUSDT,ask,153,12293.136
2024-08-24 07:17:59,SOLUSDT,bid,130,13794.699
2024-08-24 07:18:00,SOLUSDT,ask,159,6842.978
2024-08-24 07:18:01,SOLUSDT,ask,153,12268.838
2024-08-24 07:18:01,SOLUSDT,ask,153,12347.198
2024-08-24 07:18:01,SOLUSDT,ask,153,12371.496
2024-08-24 07:18:02,SOLUSDT,bid,125,14804.087
2024-08-24 07:18:03,SOLUSDT,bid,140,9413.051
2024-08-24 07:18:03,SOLUSDT,ask,153,12293.136
2024-08-24 07:18:06,SOLUSDT,ask,153,12281.772
2024-08-24 07:18:06,SOLUSDT,ask,153,12284.175
2024-08-24 07:18:07,SOLUSDT,ask,153,12285.175
2024-08-24 07:18:09,SOLUSDT,ask,153,12258.189
2024-08-24 07:18:10,SOLUSDT,ask,153,12287.021
2024-08-24 07:18:10,SOLUSDT,ask,153,12314.484
2024-08-24 07:18:11,SOLUSDT,ask,153,12287.021
2024-08-24 07:18:12,SOLUSDT,ask,155,9518.626
2024-08-24 07:18:13,SOLUSDT,ask,153,12383.022
2024-08-24 07:18:14,SOLUSDT,ask,153,12288.939
2024-08-24 07:18:15,SOLUSDT,ask,153,12276.138
2024-08-24 07:18:15,SOLUSDT,ask,153,12277.64
2024-08-24 07:18:15,SOLUSDT,ask,153,12276.138
2024-08-24 07:18:15,SOLUSDT,ask,160,21906.739
2024-08-24 07:18:18,SOLUSDT,ask,153,12276.138
2024-08-24 07:18:21,SOLUSDT,ask,153,12251.09
2024-08-24 07:18:21,SOLUSDT,ask,153,12305.066
2024-08-24 07:18:21,SOLUSDT,ask,153,12332.055
2024-08-24 07:18:21,SOLUSDT,ask,153,12386.029
2024-08-24 07:18:21,SOLUSDT,ask,153,12385.029
2024-08-24 07:18:22,SOLUSDT,ask,155,9518.659
2024-08-24 07:18:23,SOLUSDT,ask,160,21912.467
2024-08-24 07:18:24,SOLUSDT,ask,153,12331.055
2024-08-24 07:18:24,SOLUSDT,ask,153,12304.066
2024-08-24 07:18:29,SOLUSDT,ask,153,12272.965
2024-08-24 07:18:32,SOLUSDT,ask,165,17372.73
2024-08-24 07:18:34,SOLUSDT,ask,153,12714.417
2024-08-24 07:18:34,SOLUSDT,ask,160,21914.015
2024-08-24 07:18:34,SOLUSDT,ask,153,12707.883
2024-08-24 07:18:34,SOLUSDT,ask,153,12697.283
2024-08-24 07:18:35,SOLUSDT,ask,153,12698.525
2024-08-24 07:18:36,SOLUSDT,ask,153,12674.408
2024-08-24 07:18:36,SOLUSDT,ask,153,12674.608
2024-08-24 07:18:37,SOLUSDT,ask,155,9519.073
2024-08-24 07:18:37,SOLUSDT,ask,153,12793.639
2024-08-24 07:18:37,SOLUSDT,ask,153,12820.628
2024-08-24 07:18:37,SOLUSDT,ask,153,12849.401
2024-08-24 07:18:38,SOLUSDT,ask,153,12405.481
2024-08-24 07:18:39,SOLUSDT,ask,153,12459.451
2024-08-24 07:18:39,SOLUSDT,ask,153,12513.423
2024-08-24 07:18:46,SOLUSDT,ask,153,12459.451
2024-08-24 07:18:46,SOLUSDT,ask,153,12432.466
2024-08-24 07:18:48,SOLUSDT,ask,153,12459.454
2024-08-24 07:18:49,SOLUSDT,bid,130,13794.072
2024-08-24 07:18:49,SOLUSDT,ask,165,17372.103
2024-08-24 07:18:49,SOLUSDT,ask,193,6477.645
2024-08-24 07:18:49,SOLUSDT,ask,200,45819.539
2024-08-24 07:18:52,SOLUSDT,ask,170,12589.57
2024-08-24 07:18:55,SOLUSDT,ask,153,21534.129
2024-08-24 07:18:56,SOLUSDT,ask,153,21720.53
2024-08-24 07:18:56,SOLUSDT,ask,153,21719.53
2024-08-24 07:19:01,SOLUSDT,bid,149,6948.546
2024-08-24 07:19:01,SOLUSDT,ask,153,21720.626
2024-08-24 07:19:09,SOLUSDT,ask,153,21713.114
2024-08-24 07:19:09,SOLUSDT,ask,153,21526.713
2024-08-24 07:19:10,SOLUSDT,ask,153,21525.617
2024-08-24 07:19:11,SOLUSDT,ask,153,21529.617
2024-08-24 07:19:13,SOLUSDT,ask,153,21523.081
2024-08-24 07:19:14,SOLUSDT,ask,153,21613.748
2024-08-24 07:19:15,SOLUSDT,ask,153,21623.182
2024-08-24 07:19:16,SOLUSDT,ask,153,21558.008
2024-08-24 07:19:17,SOLUSDT,ask,155,9519.946
2024-08-24 07:19:18,SOLUSDT,ask,153,21548.574
2024-08-24 07:19:18,SOLUSDT,ask,210,25335.877
2024-08-24 07:19:21,SOLUSDT,ask,153,21591.465
2024-08-24 07:19:22,SOLUSDT,ask,153,21614.455
2024-08-24 07:19:22,SOLUSDT,ask,153,21633.427
2024-08-24 07:19:23,SOLUSDT,bid,130,13797.148
2024-08-24 07:19:23,SOLUSDT,bid,120,18920.059
2024-08-24 07:19:23,SOLUSDT,bid,125,14802.6
2024-08-24 07:19:24,SOLUSDT,ask,153,21636.437
2024-08-24 07:19:25,SOLUSDT,ask,153,21610.944
2024-08-24 07:19:30,SOLUSDT,ask,153,21566.724
2024-08-24 07:19:30,SOLUSDT,ask,153,21568.351
2024-08-24 07:19:30,SOLUSDT,ask,153,21572.951
2024-08-24 07:19:32,SOLUSDT,ask,185,16178.035
2024-08-24 07:19:38,SOLUSDT,ask,153,21568.351
2024-08-24 07:19:46,SOLUSDT,bid,140,9413.092
2024-08-24 07:19:49,SOLUSDT,bid,130,13789.857
2024-08-24 07:19:50,SOLUSDT,bid,130,13788.857
2024-08-24 07:19:59,SOLUSDT,ask,153,21564.351
2024-08-24 07:20:02,SOLUSDT,ask,162,9014.563
2024-08-24 07:20:04,SOLUSDT,ask,155,9519.766
2024-08-24 07:20:06,SOLUSDT,ask,170,12589.454
2024-08-24 07:20:06,SOLUSDT,ask,185,16681.502
2024-08-24 07:20:07,SOLUSDT,ask,153,21561.341
2024-08-24 07:20:07,SOLUSDT,bid,140,9412.511
2024-08-24 07:20:08,SOLUSDT,ask,153,21562.584
2024-08-24 07:20:09,SOLUSDT,ask,153,21542.692
2024-08-24 07:20:10,SOLUSDT,ask,153,21539.423
2024-08-24 07:20:11,SOLUSDT,ask,153,21542.039
2024-08-24 07:20:14,SOLUSDT,ask,160,21924.015
2024-08-24 07:20:18,SOLUSDT,ask,153,21539.419
2024-08-24 07:20:18,SOLUSDT,ask,153,21563.341
2024-08-24 07:20:21,SOLUSDT,ask,153,21543.003
2024-08-24 07:20:21,SOLUSDT,ask,153,21567.118
2024-08-24 07:20:21,SOLUSDT,ask,153,21543.003
2024-08-24 07:20:21,SOLUSDT,ask,153,22110.938
2024-08-24 07:20:22,SOLUSDT,ask,153,22135.053
2024-08-24 07:20:23,SOLUSDT,ask,153,22110.938
2024-08-24 07:20:24,SOLUSDT,ask,153,22087.016
2024-08-24 07:20:28,SOLUSDT,ask,153,22110.004
2024-08-24 07:20:29,SOLUSDT,ask,153,22111.1
2024-08-24 07:20:29,SOLUSDT,ask,153,21838.313
2024-08-24 07:20:30,SOLUSDT,ask,153,22586.175
2024-08-24 07:20:34,SOLUSDT,bid,130,13796.148
2024-08-24 07:20:35,SOLUSDT,ask,153,22563.187
2024-08-24 07:20:36,SOLUSDT,ask,155,9519.421
2024-08-24 07:20:36,SOLUSDT,bid,135,13911.68
2024-08-24 07:20:39,SOLUSDT,ask,153,22564.974
2024-08-24 07:20:43,SOLUSDT,ask,200,45816.92
2024-08-24 07:20:43,SOLUSDT,ask,153,22269.826
2024-08-24 07:20:43,SOLUSDT,ask,153,22309.477
2024-08-24 07:20:44,SOLUSDT,ask,153,21710.016
2024-08-24 07:20:44,SOLUSDT,ask,153,21734.768
2024-08-24 07:20:44,SOLUSDT,ask,155,9520.236
2024-08-24 07:20:44,SOLUSDT,ask,153,21734.768
2024-08-24 07:20:45,SOLUSDT,ask,153,21734.968
2024-08-24 07:20:46,SOLUSDT,ask,162,9264.563
2024-08-24 07:20:46,SOLUSDT,ask,153,21734.768
2024-08-24 07:20:47,SOLUSDT,ask,153,21852.452
2024-08-24 07:20:48,SOLUSDT,ask,153,21875.311
2024-08-24 07:20:48,SOLUSDT,ask,153,21899.679
2024-08-24 07:20:49,SOLUSDT,ask,153,21873.524
2024-08-24 07:20:51,SOLUSDT,ask,153,21876.342
2024-08-24 07:20:51,SOLUSDT,ask,153,21728.945
2024-08-24 07:20:51,SOLUSDT,ask,153,21759.698
2024-08-24 07:20:52,SOLUSDT,ask,153,21772.773
2024-08-24 07:20:52,SOLUSDT,ask,153,21779.31
2024-08-24 07:20:52,SOLUSDT,ask,153,21803.235
2024-08-24 07:20:52,SOLUSDT,ask,153,21804.235
2024-08-24 07:20:52,SOLUSDT,ask,153,21807.503
2024-08-24 07:20:52,SOLUSDT,ask,153,21806.499
2024-08-24 07:20:53,SOLUSDT,ask,153,21782.574
2024-08-24 07:20:55,SOLUSDT,ask,153,21860.978
2024-08-24 07:20:56,SOLUSDT,ask,155,9521.236
2024-08-24 07:20:57,SOLUSDT,ask,153,21782.574
2024-08-24 07:20:59,SOLUSDT,ask,160,21918.841
2024-08-24 07:21:01,SOLUSDT,ask,153,21751.821
2024-08-24 07:21:03,SOLUSDT,ask,153,21770.652
2024-08-24 07:21:05,SOLUSDT,ask,153,21769.652
2024-08-24 07:21:09,SOLUSDT,ask,165,17371.963
2024-08-24 07:21:13,SOLUSDT,ask,153,21746.793
2024-08-24 07:21:13,SOLUSDT,ask,153,21746.993
2024-08-24 07:21:16,SOLUSDT,ask,153,21722.241
2024-08-24 07:21:16,SOLUSDT,ask,153,21722.041
2024-08-24 07:21:17,SOLUSDT,ask,153,21722.241
2024-08-24 07:21:17,SOLUSDT,ask,153,21722.041
2024-08-24 07:21:19,SOLUSDT,bid,140,9412.474
2024-08-24 07:21:19,SOLUSDT,ask,153,21740.942
2024-08-24 07:21:20,SOLUSDT,ask,153,21738.124
2024-08-24 07:21:25,SOLUSDT,bid,130,13799.984
2024-08-24 07:21:26,SOLUSDT,ask,153,21719.223
2024-08-24 07:21:26,SOLUSDT,ask,155,9529.229
2024-08-24 07:21:28,SOLUSDT,ask,153,21601.539
2024-08-24 07:21:34,SOLUSDT,ask,153,21585.196
2024-08-24 07:21:35,SOLUSDT,ask,153,21604.033
2024-08-24 07:21:36,SOLUSDT,ask,153,21585.196
2024-08-24 07:21:36,SOLUSDT,ask,153,21604.033
2024-08-24 07:21:37,SOLUSDT,ask,153,21626.991
2024-08-24 07:21:38,SOLUSDT,ask,153,21650.383
2024-08-24 07:21:39,SOLUSDT,ask,153,21728.789
2024-08-24 07:21:39,SOLUSDT,ask,153,21691.121
2024-08-24 07:21:39,SOLUSDT,ask,153,21612.715
2024-08-24 07:21:40,SOLUSDT,ask,155,9529.191
2024-08-24 07:21:41,SOLUSDT,bid,140,9415.146
2024-08-24 07:21:42,SOLUSDT,ask,153,21614.981
2024-08-24 07:21:44,SOLUSDT,bid,110,21089.93
2024-08-24 07:21:44,SOLUSDT,ask,153,21612.715
2024-08-24 07:21:49,SOLUSDT,ask,153,21659.54
2024-08-24 07:21:49,SOLUSDT,ask,153,21653.768
2024-08-24 07:21:49,SOLUSDT,ask,153,21684.521
2024-08-24 07:21:49,SOLUSDT,bid,135,13910.94
2024-08-24 07:21:50,SOLUSDT,ask,153,21683.425
2024-08-24 07:21:50,SOLUSDT,ask,153,21670.365
2024-08-24 07:21:51,SOLUSDT,ask,153,21671.604
2024-08-24 07:21:53,SOLUSDT,ask,153,21617.459
2024-08-24 07:21:53,SOLUSDT,ask,153,21616.22
2024-08-24 07:21:53,SOLUSDT,ask,153,21639.612
2024-08-24 07:21:54,SOLUSDT,ask,153,21639.612
2024-08-24 07:21:57,SOLUSDT,ask,153,21639.645
2024-08-24 07:21:58,SOLUSDT,ask,153,21642.691
2024-08-24 07:21:58,SOLUSDT,ask,153,21639.645
2024-08-24 07:21:58,SOLUSDT,ask,180,22793.781
2024-08-24 07:21:59,SOLUSDT,ask,153,21650.298
2024-08-24 07:21:59,SOLUSDT,ask,153,21622.305
2024-08-24 07:21:59,SOLUSDT,ask,153,21637.199
2024-08-24 07:21:59,SOLUSDT,ask,153,21682.56
2024-08-24 07:21:59,SOLUSDT,ask,153,21679.719
2024-08-24 07:21:59,SOLUSDT,ask,153,21640.535
2024-08-24 07:22:00,SOLUSDT,ask,153,21644.535
2024-08-24 07:22:00,SOLUSDT,ask,153,21652.395
2024-08-24 07:22:00,SOLUSDT,ask,153,21653.915
2024-08-24 07:22:01,SOLUSDT,ask,168,6638.118
2024-08-24 07:22:02,SOLUSDT,ask,155,9584.507
2024-08-24 07:22:02,SOLUSDT,ask,153,21649.915
2024-08-24 07:22:02,SOLUSDT,ask,153,21649.981
2024-08-24 07:22:02,SOLUSDT,ask,153,21715.274
2024-08-24 07:22:03,SOLUSDT,ask,153,21725.767
2024-08-24 07:22:03,SOLUSDT,ask,153,21721.767
2024-08-24 07:22:03,SOLUSDT,bid,80,19644.096
2024-08-24 07:22:05,SOLUSDT,ask,153,21656.474
2024-08-24 07:22:05,SOLUSDT,ask,153,21671.474
2024-08-24 07:22:05,SOLUSDT,ask,153,21692.57
2024-08-24 07:22:05,SOLUSDT,ask,153,21666.44
2024-08-24 07:22:06,SOLUSDT,ask,153,21645.344
2024-08-24 07:22:06,SOLUSDT,ask,153,21631.094
2024-08-24 07:22:06,SOLUSDT,ask,153,21634.598
2024-08-24 07:22:07,SOLUSDT,ask,153,21623.234
2024-08-24 07:22:08,SOLUSDT,ask,153,21626.29
2024-08-24 07:22:09,SOLUSDT,ask,153,21636.294
2024-08-24 07:22:09,SOLUSDT,ask,153,21644.154
2024-08-24 07:22:09,SOLUSDT,ask,153,21654.759
2024-08-24 07:22:10,SOLUSDT,ask,153,21644.154
2024-08-24 07:22:11,SOLUSDT,ask,153,21734.92
2024-08-24 07:22:11,SOLUSDT,ask,153,21636.911
2024-08-24 07:22:11,SOLUSDT,ask,153,21718.334
2024-08-24 07:22:11,SOLUSDT,ask,153,21737.04
2024-08-24 07:22:11,SOLUSDT,ask,153,21739.576
2024-08-24 07:22:11,SOLUSDT,ask,153,21606.14
2024-08-24 07:22:11,SOLUSDT,ask,153,21667.393
2024-08-24 07:22:12,SOLUSDT,ask,153,21700.039
2024-08-24 07:22:13,SOLUSDT,ask,153,21667.393
2024-08-24 07:22:13,SOLUSDT,ask,153,21667.442
2024-08-24 07:22:14,SOLUSDT,ask,153,21658.152
2024-08-24 07:22:15,SOLUSDT,ask,153,21661.419
2024-08-24 07:22:15,SOLUSDT,ask,153,21658.152
2024-08-24 07:22:17,SOLUSDT,ask,153,21688.172
2024-08-24 07:22:17,SOLUSDT,ask,153,21689.652
2024-08-24 07:22:18,SOLUSDT,ask,153,21722.297
2024-08-24 07:22:18,SOLUSDT,ask,153,21692.277
2024-08-24 07:22:18,SOLUSDT,ask,153,21659.632
2024-08-24 07:22:19,SOLUSDT,ask,153,21645.092
2024-08-24 07:22:19,SOLUSDT,ask,153,21577.303
2024-08-24 07:22:20,SOLUSDT,ask,153,21609.949
2024-08-24 07:22:20,SOLUSDT,ask,153,21577.303
2024-08-24 07:22:22,SOLUSDT,ask,153,21578.694
2024-08-24 07:22:22,SOLUSDT,ask,153,21621.896
2024-08-24 07:22:23,SOLUSDT,ask,153,21617.896
2024-08-24 07:22:24,SOLUSDT,ask,153,21683.189
2024-08-24 07:22:29,SOLUSDT,ask,153,21709.558
2024-08-24 07:22:29,SOLUSDT,ask,153,21630.615
2024-08-24 07:22:29,SOLUSDT,ask,153,21631.615
2024-08-24 07:22:31,SOLUSDT,ask,153,21644.675
2024-08-24 07:22:32,SOLUSDT,ask,153,21645.679
2024-08-24 07:22:33,SOLUSDT,ask,153,21646.075
2024-08-24 07:22:33,SOLUSDT,ask,153,21645.679
2024-08-24 07:22:35,SOLUSDT,ask,153,21674.341
2024-08-24 07:22:36,SOLUSDT,ask,153,21645.679
2024-08-24 07:22:37,SOLUSDT,ask,153,21964.36
2024-08-24 07:22:37,SOLUSDT,ask,153,21968.36
2024-08-24 07:22:37,SOLUSDT,ask,153,21968.36
2024-08-24 07:22:37,SOLUSDT,ask,153,21961.824
2024-08-24 07:22:40,SOLUSDT,ask,153,21955.288
2024-08-24 07:22:40,SOLUSDT,ask,153,22034.231
2024-08-24 07:22:41,SOLUSDT,ask,153,22030.231
2024-08-24 07:22:45,SOLUSDT,bid,140,9419.427
2024-08-24 07:22:47,SOLUSDT,ask,153,23781.269
2024-08-24 07:22:47,SOLUSDT,ask,153,23855.598
2024-08-24 07:22:47,SOLUSDT,ask,153,23888.228
2024-08-24 07:22:47,SOLUSDT,ask,153,23855.598
2024-08-24 07:22:47,SOLUSDT,ask,153,23806.524
2024-08-24 07:22:48,SOLUSDT,ask,153,23853.085
2024-08-24 07:22:48,SOLUSDT,ask,153,23926.656
2024-08-24 07:22:48,SOLUSDT,ask,153,24070.859
2024-08-24 07:22:49,SOLUSDT,ask,153,24166.978
2024-08-24 07:22:51,SOLUSDT,ask,190,23977.987
2024-08-24 07:22:52,SOLUSDT,ask,153,24164.978
2024-08-24 07:22:54,SOLUSDT,ask,153,24155.179
2024-08-24 07:22:54,SOLUSDT,ask,153,24151.179
2024-08-24 07:23:07,SOLUSDT,ask,153,23732.133
2024-08-24 07:23:07,SOLUSDT,ask,153,23683.201
2024-08-24 07:23:09,SOLUSDT,ask,153,23682.451
2024-08-24 07:23:09,SOLUSDT,ask,153,23742.429
2024-08-24 07:23:09,SOLUSDT,ask,153,23803.952
2024-08-24 07:23:10,SOLUSDT,ask,153,23823.152
2024-08-24 07:23:10,SOLUSDT,ask,153,24256.615
2024-08-24 07:23:10,SOLUSDT,ask,153,24255.615
2024-08-24 07:23:10,SOLUSDT,bid,115,16383.035
2024-08-24 07:23:11,SOLUSDT,ask,153,24610.662
2024-08-24 07:23:11,SOLUSDT,ask,153,24585.789
2024-08-24 07:23:12,SOLUSDT,ask,153,24645.767
2024-08-24 07:23:13,SOLUSDT,ask,153,24758.718
2024-08-24 07:23:13,SOLUSDT,ask,153,24887.655
2024-08-24 07:23:13,SOLUSDT,ask,153,24888.751
2024-08-24 07:23:15,SOLUSDT,ask,153,24759.814
2024-08-24 07:23:15,SOLUSDT,ask,155,9585.507
2024-08-24 07:23:16,SOLUSDT,ask,153,24646.863
2024-08-24 07:23:17,SOLUSDT,ask,153,24806.458
2024-08-24 07:23:18,SOLUSDT,ask,153,24836.447
2024-08-24 07:23:18,SOLUSDT,ask,153,24896.421
2024-08-24 07:23:19,SOLUSDT,ask,153,24736.826
2024-08-24 07:23:19,SOLUSDT,ask,155,9585.552
2024-08-24 07:23:19,SOLUSDT,ask,153,24676.852
2024-08-24 07:23:19,SOLUSDT,ask,153,24657.652
2024-08-24 07:23:21,SOLUSDT,ask,153,24627.663
2024-08-24 07:23:21,SOLUSDT,ask,190,23976.987
2024-08-24 07:23:21,SOLUSDT,ask,153,24567.685
2024-08-24 07:23:21,SOLUSDT,ask,153,24417.747
2024-08-24 07:23:21,SOLUSDT,ask,153,23984.284
2024-08-24 07:23:22,SOLUSDT,ask,153,24006.804
2024-08-24 07:23:23,SOLUSDT,ask,160,21884.079
2024-08-24 07:23:23,SOLUSDT,ask,153,23651.757
2024-08-24 07:23:24,SOLUSDT,ask,153,23661.047
2024-08-24 07:23:24,SOLUSDT,ask,153,23788.726
2024-08-24 07:23:24,SOLUSDT,ask,153,23985.07
2024-08-24 07:23:24,SOLUSDT,ask,153,23942.845
2024-08-24 07:23:24,SOLUSDT,ask,153,24085.057
2024-08-24 07:23:25,SOLUSDT,ask,153,24083.961
2024-08-24 07:23:25,SOLUSDT,ask,153,23769.874
2024-08-24 07:23:25,SOLUSDT,ask,153,23747.545
2024-08-24 07:23:25,SOLUSDT,ask,153,23906.675
2024-08-24 07:23:26,SOLUSDT,ask,153,23911.895
2024-08-24 07:23:26,SOLUSDT,ask,153,23914.505
2024-08-24 07:23:26,SOLUSDT,ask,153,23911.241
2024-08-24 07:23:29,SOLUSDT,ask,153,23938.082
2024-08-24 07:23:29,SOLUSDT,ask,153,23966.98
2024-08-24 07:23:29,SOLUSDT,ask,153,23967.376
2024-08-24 07:23:29,SOLUSDT,ask,153,23966.98
2024-08-24 07:23:30,SOLUSDT,ask,153,23969.507
2024-08-24 07:23:31,SOLUSDT,ask,153,23966.98
2024-08-24 07:23:31,SOLUSDT,ask,153,23937.994
2024-08-24 07:23:31,SOLUSDT,ask,153,23907.241
2024-08-24 07:23:32,SOLUSDT,ask,153,23907.331
2024-08-24 07:23:33,SOLUSDT,ask,153,23938.084
2024-08-24 07:23:33,SOLUSDT,ask,153,23938.087
2024-08-24 07:23:33,SOLUSDT,ask,153,23968.076
2024-08-24 07:23:33,SOLUSDT,ask,153,23968.472
2024-08-24 07:23:34,SOLUSDT,ask,153,23992.411
2024-08-24 07:23:34,SOLUSDT,ask,153,23968.472
2024-08-24 07:23:34,SOLUSDT,ask,153,23991.88
2024-08-24 07:23:35,SOLUSDT,ask,153,23968.472
2024-08-24 07:23:36,SOLUSDT,ask,153,23968.076
2024-08-24 07:23:37,SOLUSDT,ask,153,23967.983
2024-08-24 07:23:37,SOLUSDT,ask,153,23937.23
2024-08-24 07:23:37,SOLUSDT,ask,153,23937.714
2024-08-24 07:23:37,SOLUSDT,ask,153,23937.626
2024-08-24 07:23:37,SOLUSDT,ask,153,23937.23
2024-08-24 07:23:37,SOLUSDT,ask,153,23992.742
2024-08-24 07:23:38,SOLUSDT,ask,153,23972.073
2024-08-24 07:23:38,SOLUSDT,ask,153,23981.217
2024-08-24 07:23:39,SOLUSDT,ask,153,23972.073
2024-08-24 07:23:39,SOLUSDT,ask,153,23996.334
2024-08-24 07:23:40,SOLUSDT,ask,159,6842.941
2024-08-24 07:23:40,SOLUSDT,ask,153,23965.581
2024-08-24 07:23:41,SOLUSDT,ask,153,23941.32
2024-08-24 07:23:41,SOLUSDT,ask,153,23941.32
2024-08-24 07:23:41,SOLUSDT,ask,153,23962.911
2024-08-24 07:23:42,SOLUSDT,ask,160,21884.042
2024-08-24 07:23:44,SOLUSDT,ask,153,24028.119
2024-08-24 07:23:45,SOLUSDT,bid,140,9421.113
2024-08-24 07:23:45,SOLUSDT,ask,160,21936.181
2024-08-24 07:23:46,SOLUSDT,ask,195,12068.799
2024-08-24 07:23:47,SOLUSDT,ask,153,23972.539
2024-08-24 07:23:47,SOLUSDT,ask,153,24061.37
2024-08-24 07:23:47,SOLUSDT,ask,153,24053.189
2024-08-24 07:23:49,SOLUSDT,ask,153,24083.18
2024-08-24 07:23:50,SOLUSDT,ask,153,24105.435
2024-08-24 07:23:50,SOLUSDT,ask,153,24105.431
2024-08-24 07:23:50,SOLUSDT,ask,153,24105.827
2024-08-24 07:23:50,SOLUSDT,ask,153,24040.223
2024-08-24 07:23:51,SOLUSDT,ask,153,24032.882
2024-08-24 07:23:54,SOLUSDT,ask,153,24058.994
2024-08-24 07:23:54,SOLUSDT,ask,153,24015.695
2024-08-24 07:23:54,SOLUSDT,ask,153,23910.662
2024-08-24 07:23:54,SOLUSDT,ask,153,23978.472
2024-08-24 07:23:54,SOLUSDT,ask,153,23975.862
2024-08-24 07:23:55,SOLUSDT,ask,153,24012.562
2024-08-24 07:23:56,SOLUSDT,ask,153,23962.242
2024-08-24 07:24:02,SOLUSDT,ask,153,23902.27
2024-08-24 07:24:02,SOLUSDT,ask,153,23917.15
2024-08-24 07:24:03,SOLUSDT,ask,153,23836.5
2024-08-24 07:24:03,SOLUSDT,ask,153,23829.972
2024-08-24 07:24:03,SOLUSDT,ask,153,23847.222
2024-08-24 07:24:04,SOLUSDT,ask,153,23819.284
2024-08-24 07:24:04,SOLUSDT,ask,182,5508.807
2024-08-24 07:24:05,SOLUSDT,ask,153,23821.778
2024-08-24 07:24:05,SOLUSDT,ask,153,23811.806
2024-08-24 07:24:07,SOLUSDT,ask,153,23809.312
2024-08-24 07:24:12,SOLUSDT,ask,153,23822.369
2024-08-24 07:24:16,SOLUSDT,ask,153,23850.307
2024-08-24 07:24:16,SOLUSDT,ask,153,23838.254
2024-08-24 07:24:23,SOLUSDT,ask,153,23846.084
2024-08-24 07:24:23,SOLUSDT,ask,153,23876.119
2024-08-24 07:24:24,SOLUSDT,ask,153,23891.119
2024-08-24 07:24:24,SOLUSDT,ask,153,23861.084
2024-08-24 07:24:25,SOLUSDT,ask,153,23861.084
2024-08-24 07:24:26,SOLUSDT,ask,153,23885.649
2024-08-24 07:24:26,SOLUSDT,ask,153,24114.661
2024-08-24 07:24:26,SOLUSDT,ask,153,24179.866
2024-08-24 07:24:26,SOLUSDT,ask,153,24190.206
2024-08-24 07:24:26,SOLUSDT,ask,153,24194.206
2024-08-24 07:24:27,SOLUSDT,ask,153,24176.146
2024-08-24 07:24:27,SOLUSDT,ask,153,23668.327
2024-08-24 07:24:27,SOLUSDT,ask,153,23528.34
2024-08-24 07:24:27,SOLUSDT,ask,153,23539.696
2024-08-24 07:24:28,SOLUSDT,ask,153,23463.637
2024-08-24 07:24:28,SOLUSDT,ask,153,23519.063
2024-08-24 07:24:28,SOLUSDT,ask,153,23519.028
2024-08-24 07:24:29,SOLUSDT,ask,153,23551.631
2024-08-24 07:24:29,SOLUSDT,ask,153,23551.666
2024-08-24 07:24:29,SOLUSDT,ask,153,23519.063
2024-08-24 07:24:30,SOLUSDT,ask,153,23519.063
2024-08-24 07:24:30,SOLUSDT,ask,153,23519.389
2024-08-24 07:24:31,SOLUSDT,ask,153,23519.354
2024-08-24 07:24:31,SOLUSDT,ask,153,23563.07
2024-08-24 07:24:31,SOLUSDT,ask,153,23489.956
2024-08-24 07:24:33,SOLUSDT,ask,155,9583.299
2024-08-24 07:24:33,SOLUSDT,ask,153,23486.5
2024-08-24 07:24:33,SOLUSDT,ask,153,23522.953
2024-08-24 07:24:33,SOLUSDT,ask,153,23523.278
2024-08-24 07:24:34,SOLUSDT,ask,153,23523.49
2024-08-24 07:24:34,SOLUSDT,ask,153,23525.816
2024-08-24 07:24:34,SOLUSDT,ask,153,23544.306
2024-08-24 07:24:45,SOLUSDT,ask,153,23912.143
2024-08-24 07:24:46,SOLUSDT,ask,153,23930.926
2024-08-24 07:24:46,SOLUSDT,ask,153,23912.143
2024-08-24 07:24:49,SOLUSDT,ask,153,23882.292
2024-08-24 07:24:49,SOLUSDT,ask,153,23858.377
2024-08-24 07:24:49,SOLUSDT,ask,153,23867.152
2024-08-24 07:24:49,SOLUSDT,ask,153,23866.148
2024-08-24 07:24:50,SOLUSDT,ask,153,23865.398
2024-08-24 07:24:51,SOLUSDT,ask,153,23884.586
2024-08-24 07:24:52,SOLUSDT,ask,153,23875.811
2024-08-24 07:24:52,SOLUSDT,ask,153,23784.294
2024-08-24 07:24:53,SOLUSDT,ask,153,23807.285
2024-08-24 07:24:55,SOLUSDT,ask,162,9263.518
2024-08-24 07:24:55,SOLUSDT,ask,153,23823.75
2024-08-24 07:24:57,SOLUSDT,ask,153,23846.74
2024-08-24 07:24:57,SOLUSDT,ask,153,23869.73
2024-08-24 07:24:58,SOLUSDT,ask,160,21945.264
2024-08-24 07:24:59,SOLUSDT,ask,185,16178.035
2024-08-24 07:25:01,SOLUSDT,ask,153,23870.826
2024-08-24 07:25:07,SOLUSDT,ask,190,24480.454
2024-08-24 07:25:09,SOLUSDT,ask,155,9583.114
2024-08-24 07:25:11,SOLUSDT,ask,160,21945.063
2024-08-24 07:25:12,SOLUSDT,ask,185,15874.749
2024-08-24 07:25:14,SOLUSDT,ask,155,9583.426
2024-08-24 07:25:14,SOLUSDT,ask,160,21944.751
2024-08-24 07:25:15,SOLUSDT,ask,153,23870.885
2024-08-24 07:25:16,SOLUSDT,ask,155,9584.996
2024-08-24 07:25:19,SOLUSDT,ask,153,23870.885
2024-08-24 07:25:20,SOLUSDT,ask,155,9574.537
2024-08-24 07:25:20,SOLUSDT,ask,153,23870.826
2024-08-24 07:25:20,SOLUSDT,ask,153,23824.846
2024-08-24 07:25:26,SOLUSDT,ask,155,9573.722
2024-08-24 07:25:27,SOLUSDT,ask,159,6842.991
2024-08-24 07:25:29,SOLUSDT,ask,153,23815.059
2024-08-24 07:25:29,SOLUSDT,ask,153,23828.773
2024-08-24 07:25:29,SOLUSDT,ask,153,23804.306
2024-08-24 07:25:29,SOLUSDT,ask,153,23808.306
2024-08-24 07:25:37,SOLUSDT,ask,160,21926.915
2024-08-24 07:25:41,SOLUSDT,ask,153,23808.238
2024-08-24 07:25:43,SOLUSDT,ask,160,21926.693
2024-08-24 07:25:43,SOLUSDT,ask,160,21926.743
2024-08-24 07:25:43,SOLUSDT,ask,153,23807.142
2024-08-24 07:25:53,SOLUSDT,ask,153,23826.413
2024-08-24 07:25:57,SOLUSDT,ask,155,9583.701
2024-08-24 07:25:59,SOLUSDT,ask,153,23811.133
2024-08-24 07:25:59,SOLUSDT,ask,153,23791.945
2024-08-24 07:26:00,SOLUSDT,ask,155,9588.244
2024-08-24 07:26:00,SOLUSDT,ask,153,23793.254
2024-08-24 07:26:00,SOLUSDT,ask,153,23793.322
2024-08-24 07:26:00,SOLUSDT,ask,155,9587.932
2024-08-24 07:26:00,SOLUSDT,ask,160,21927.055
2024-08-24 07:26:01,SOLUSDT,ask,153,23793.254
2024-08-24 07:26:01,SOLUSDT,bid,140,9418.441
2024-08-24 07:26:01,SOLUSDT,bid,115,16422.095
2024-08-24 07:26:02,SOLUSDT,bid,130,13796.148
2024-08-24 07:26:07,SOLUSDT,ask,170,12589.676
2024-08-24 07:26:07,SOLUSDT,ask,160,22230.341
2024-08-24 07:26:09,SOLUSDT,bid,111,12065.621
2024-08-24 07:26:13,SOLUSDT,ask,160,22223.554
2024-08-24 07:26:13,SOLUSDT,ask,153,23817.438
2024-08-24 07:26:15,SOLUSDT,ask,153,23813.438
2024-08-24 07:26:18,SOLUSDT,ask,153,23790.448
2024-08-24 07:26:18,SOLUSDT,ask,153,23809.268
2024-08-24 07:26:19,SOLUSDT,ask,162,9263.568
2024-08-24 07:26:21,SOLUSDT,ask,153,23810.378
2024-08-24 07:26:23,SOLUSDT,ask,160,22226.654
2024-08-24 07:26:26,SOLUSDT,ask,153,23790.448
2024-08-24 07:26:26,SOLUSDT,ask,153,23829.12
2024-08-24 07:26:26,SOLUSDT,ask,153,23829.188
2024-08-24 07:26:27,SOLUSDT,ask,153,23880.286
2024-08-24 07:26:27,SOLUSDT,ask,153,23854.218
2024-08-24 07:26:27,SOLUSDT,ask,153,23927.429
2024-08-24 07:26:28,SOLUSDT,ask,153,23901.936
2024-08-24 07:26:28,SOLUSDT,ask,153,23924.929
2024-08-24 07:26:28,SOLUSDT,ask,153,23901.934
2024-08-24 07:26:28,SOLUSDT,ask,153,23927.671
2024-08-24 07:26:29,SOLUSDT,ask,153,23957.839
2024-08-24 07:26:29,SOLUSDT,ask,153,23927.849
2024-08-24 07:26:30,SOLUSDT,ask,153,23898.856
2024-08-24 07:26:31,SOLUSDT,ask,153,23765.667
2024-08-24 07:26:31,SOLUSDT,ask,160,22226.61
2024-08-24 07:26:32,SOLUSDT,bid,125,14800.6
2024-08-24 07:26:33,SOLUSDT,ask,153,23764.815
2024-08-24 07:26:34,SOLUSDT,ask,153,23718.835
2024-08-24 07:26:34,SOLUSDT,ask,153,23870.837
2024-08-24 07:26:42,SOLUSDT,ask,153,23718.835
2024-08-24 07:26:42,SOLUSDT,ask,153,23868.145
2024-08-24 07:26:43,SOLUSDT,bid,130,13794.225
2024-08-24 07:26:43,SOLUSDT,ask,153,23718.835
2024-08-24 07:26:55,SOLUSDT,ask,165,17371.899
2024-08-24 07:26:59,SOLUSDT,bid,110,21087.93
2024-08-24 07:26:59,SOLUSDT,bid,100,25631.37
2024-08-24 07:26:59,SOLUSDT,ask,153,24300.803
2024-08-24 07:26:59,SOLUSDT,ask,153,24403.322
2024-08-24 07:26:59,SOLUSDT,ask,153,24300.803
2024-08-24 07:27:00,SOLUSDT,ask,153,24360.085
2024-08-24 07:27:01,SOLUSDT,ask,153,24127.581
2024-08-24 07:27:01,SOLUSDT,ask,153,24037.14
2024-08-24 07:27:01,SOLUSDT,ask,153,24011.05
2024-08-24 07:27:01,SOLUSDT,ask,153,24010.05
2024-08-24 07:27:02,SOLUSDT,ask,153,23971.729
2024-08-24 07:27:02,SOLUSDT,ask,153,23934.075
2024-08-24 07:27:02,SOLUSDT,ask,153,23958.022
2024-08-24 07:27:02,SOLUSDT,ask,153,23931.945
2024-08-24 07:27:03,SOLUSDT,ask,153,24037.307
2024-08-24 07:27:05,SOLUSDT,ask,160,22227.425
2024-08-24 07:27:07,SOLUSDT,ask,153,24033.307
2024-08-24 07:27:10,SOLUSDT,ask,153,24059.397
2024-08-24 07:27:10,SOLUSDT,ask,153,24252.592
2024-08-24 07:27:10,SOLUSDT,ask,153,24075.4
2024-08-24 07:27:10,SOLUSDT,ask,153,24094.4
2024-08-24 07:27:10,SOLUSDT,ask,153,24091.287
2024-08-24 07:27:11,SOLUSDT,ask,153,24110.876
2024-08-24 07:27:12,SOLUSDT,ask,153,24140.975
2024-08-24 07:27:12,SOLUSDT,ask,153,24121.386
2024-08-24 07:27:14,SOLUSDT,ask,153,24140.666
2024-08-24 07:27:15,SOLUSDT,ask,153,24072.255
2024-08-24 07:27:15,SOLUSDT,ask,153,24059.379
2024-08-24 07:27:15,SOLUSDT,ask,153,24065.872
2024-08-24 07:27:17,SOLUSDT,ask,153,24075.453
2024-08-24 07:27:17,SOLUSDT,ask,153,24069.872
2024-08-24 07:27:17,SOLUSDT,ask,153,24065.872
2024-08-24 07:27:17,SOLUSDT,ask,153,24076.235
2024-08-24 07:27:18,SOLUSDT,ask,153,24065.872
2024-08-24 07:27:19,SOLUSDT,ask,153,24188.036
2024-08-24 07:27:19,SOLUSDT,ask,153,24181.543
2024-08-24 07:27:20,SOLUSDT,ask,168,6637.433
2024-08-24 07:27:26,SOLUSDT,ask,153,24188.036
2024-08-24 07:27:27,SOLUSDT,ask,153,24065.872
2024-08-24 07:27:28,SOLUSDT,ask,153,24083.773
2024-08-24 07:27:30,SOLUSDT,ask,153,24065.872
2024-08-24 07:27:33,SOLUSDT,ask,153,24090.961
2024-08-24 07:27:34,SOLUSDT,ask,160,22227.925
2024-08-24 07:27:35,SOLUSDT,ask,153,24065.872
2024-08-24 07:27:36,SOLUSDT,ask,160,22229.03
2024-08-24 07:27:38,SOLUSDT,ask,153,24088.865
2024-08-24 07:27:38,SOLUSDT,ask,153,24176.534
2024-08-24 07:27:49,SOLUSDT,ask,153,24178.875
2024-08-24 07:27:51,SOLUSDT,ask,153,24209.865
2024-08-24 07:27:51,SOLUSDT,ask,153,24229.775
2024-08-24 07:27:52,SOLUSDT,ask,153,24253.817
2024-08-24 07:27:53,SOLUSDT,ask,155,9585.934
2024-08-24 07:27:56,SOLUSDT,ask,153,24227.727
2024-08-24 07:27:56,SOLUSDT,ask,153,24225.386
2024-08-24 07:27:56,SOLUSDT,ask,153,24082.831
2024-08-24 07:27:56,SOLUSDT,ask,153,23987.44
2024-08-24 07:28:00,SOLUSDT,ask,153,23974.335
2024-08-24 07:28:00,SOLUSDT,ask,153,23973.585
2024-08-24 07:28:00,SOLUSDT,ask,153,23972.335
2024-08-24 07:28:03,SOLUSDT,ask,153,23991.468
2024-08-24 07:28:05,SOLUSDT,ask,153,24069.773
2024-08-24 07:28:06,SOLUSDT,ask,153,23991.468
2024-08-24 07:28:08,SOLUSDT,ask,153,24110.33
2024-08-24 07:28:10,SOLUSDT,ask,153,24112.942
2024-08-24 07:28:12,SOLUSDT,bid,140,9448.441
2024-08-24 07:28:14,SOLUSDT,ask,153,24066.971
2024-08-24 07:28:15,SOLUSDT,ask,153,23991.468
2024-08-24 07:28:15,SOLUSDT,ask,153,24069.771
2024-08-24 07:28:15,SOLUSDT,ask,153,24069.971
2024-08-24 07:28:16,SOLUSDT,ask,160,22228.962
2024-08-24 07:28:17,SOLUSDT,ask,153,24069.771
2024-08-24 07:28:19,SOLUSDT,ask,153,24092.763
2024-08-24 07:28:19,SOLUSDT,ask,153,24115.755
2024-08-24 07:28:21,SOLUSDT,ask,155,9445.787
2024-08-24 07:28:25,SOLUSDT,ask,155,9446.795
2024-08-24 07:28:26,SOLUSDT,ask,153,24115.955
2024-08-24 07:28:26,SOLUSDT,ask,153,24115.755
2024-08-24 07:28:27,SOLUSDT,ask,153,24138.747
2024-08-24 07:28:27,SOLUSDT,ask,153,24060.444
2024-08-24 07:28:28,SOLUSDT,ask,153,24083.435
2024-08-24 07:28:28,SOLUSDT,ask,153,24106.424
2024-08-24 07:28:28,SOLUSDT,ask,153,24125.71
2024-08-24 07:28:30,SOLUSDT,ask,153,24106.575
2024-08-24 07:28:33,SOLUSDT,ask,153,24086.198
2024-08-24 07:28:36,SOLUSDT,ask,153,24179.484
2024-08-24 07:28:36,SOLUSDT,ask,153,24248.447
2024-08-24 07:28:36,SOLUSDT,ask,153,24271.441
2024-08-24 07:28:37,SOLUSDT,ask,153,24225.46
2024-08-24 07:28:37,SOLUSDT,ask,153,24087.528
2024-08-24 07:28:37,SOLUSDT,bid,130,13791.225
2024-08-24 07:28:37,SOLUSDT,ask,153,24237.738
2024-08-24 07:28:38,SOLUSDT,ask,153,24983.528
2024-08-24 07:28:39,SOLUSDT,ask,153,24960.537
2024-08-24 07:28:40,SOLUSDT,ask,153,24957.925
2024-08-24 07:28:42,SOLUSDT,ask,153,24934.933
2024-08-24 07:28:42,SOLUSDT,ask,153,24189.143
2024-08-24 07:28:42,SOLUSDT,ask,153,24267.449
2024-08-24 07:28:42,SOLUSDT,ask,153,24244.457
2024-08-24 07:28:43,SOLUSDT,ask,153,24221.465
2024-08-24 07:28:48,SOLUSDT,ask,153,24338.974
2024-08-24 07:28:48,SOLUSDT,ask,153,24849.377
2024-08-24 07:28:49,SOLUSDT,ask,153,24771.071
2024-08-24 07:28:55,SOLUSDT,ask,153,24840.035
2024-08-24 07:28:55,SOLUSDT,ask,190,23976.987
2024-08-24 07:29:00,SOLUSDT,ask,190,23976.079
2024-08-24 07:29:01,SOLUSDT,ask,153,24722.526
2024-08-24 07:29:02,SOLUSDT,ask,153,24653.562
2024-08-24 07:29:05,SOLUSDT,ask,153,24653.762
2024-08-24 07:29:05,SOLUSDT,ask,153,24732.066
2024-08-24 07:29:05,SOLUSDT,ask,153,24758.185
2024-08-24 07:29:05,SOLUSDT,ask,153,24986.689
2024-08-24 07:29:05,SOLUSDT,ask,153,24758.185
2024-08-24 07:29:11,SOLUSDT,ask,153,24757.985
2024-08-24 07:29:12,SOLUSDT,ask,153,24679.681
2024-08-24 07:29:12,SOLUSDT,ask,155,9833.558
2024-08-24 07:29:13,SOLUSDT,ask,153,24529.471
2024-08-24 07:29:13,SOLUSDT,ask,153,24607.775
2024-08-24 07:29:13,SOLUSDT,ask,153,24529.471
2024-08-24 07:29:15,SOLUSDT,ask,160,22222.961
2024-08-24 07:29:20,SOLUSDT,ask,155,9836.665
2024-08-24 07:29:20,SOLUSDT,ask,153,24019.068
2024-08-24 07:29:21,SOLUSDT,ask,153,23992.949
2024-08-24 07:29:21,SOLUSDT,ask,153,23973.816
2024-08-24 07:29:26,SOLUSDT,ask,153,23976.84
2024-08-24 07:29:28,SOLUSDT,ask,153,23973.816
2024-08-24 07:29:35,SOLUSDT,ask,155,9832.633
2024-08-24 07:29:36,SOLUSDT,ask,153,24019.119
2024-08-24 07:29:36,SOLUSDT,ask,153,24020.123
2024-08-24 07:29:36,SOLUSDT,ask,153,24044.09
2024-08-24 07:29:36,SOLUSDT,ask,153,24033.437
2024-08-24 07:29:36,SOLUSDT,ask,153,24069.555
2024-08-24 07:29:37,SOLUSDT,ask,153,24298.059
2024-08-24 07:29:37,SOLUSDT,ask,153,24494.306
2024-08-24 07:29:38,SOLUSDT,ask,153,24473.188
2024-08-24 07:29:39,SOLUSDT,ask,153,24464.026
2024-08-24 07:29:39,SOLUSDT,ask,153,24470.554
2024-08-24 07:29:39,SOLUSDT,ask,153,24446.587
2024-08-24 07:29:40,SOLUSDT,ask,153,24445.583
2024-08-24 07:29:40,SOLUSDT,ask,153,24174.928
2024-08-24 07:29:41,SOLUSDT,ask,155,9843.96
2024-08-24 07:29:42,SOLUSDT,ask,153,24194.841
2024-08-24 07:29:46,SOLUSDT,ask,175,8549.528
2024-08-24 07:29:49,SOLUSDT,ask,153,24197.664
2024-08-24 07:29:49,SOLUSDT,ask,153,24213.414
2024-08-24 07:29:50,SOLUSDT,ask,153,24240.565
2024-08-24 07:29:50,SOLUSDT,ask,153,24256.763
2024-08-24 07:29:50,SOLUSDT,ask,153,24240.565
2024-08-24 07:29:53,SOLUSDT,ask,185,15901.841
2024-08-24 07:29:54,SOLUSDT,ask,153,24243.175
2024-08-24 07:29:55,SOLUSDT,ask,155,9839.334
2024-08-24 07:29:56,SOLUSDT,ask,153,24269.094
2024-08-24 07:29:59,SOLUSDT,ask,153,24271.704
2024-08-24 07:29:59,SOLUSDT,ask,153,24245.785
2024-08-24 07:29:59,SOLUSDT,ask,153,24195.898
2024-08-24 07:30:00,SOLUSDT,ask,153,24196.294
2024-08-24 07:30:00,SOLUSDT,ask,153,24218.634
2024-08-24 07:30:00,SOLUSDT,ask,153,24245.785
2024-08-24 07:30:00,SOLUSDT,ask,153,24268.167
2024-08-24 07:30:01,SOLUSDT,ask,153,24245.785
2024-08-24 07:30:02,SOLUSDT,bid,140,9448.977
2024-08-24 07:30:03,SOLUSDT,ask,160,22222.732
2024-08-24 07:30:05,SOLUSDT,ask,153,24245.785
2024-08-24 07:30:05,SOLUSDT,ask,155,9839.384
2024-08-24 07:30:10,SOLUSDT,ask,153,24248.395
2024-08-24 07:30:16,SOLUSDT,ask,153,24061.31
2024-08-24 07:30:17,SOLUSDT,ask,153,24075.178
2024-08-24 07:30:20,SOLUSDT,ask,153,24219.157
2024-08-24 07:30:20,SOLUSDT,ask,153,24184.149
2024-08-24 07:30:20,SOLUSDT,ask,153,24521.527
2024-08-24 07:30:20,SOLUSDT,ask,153,24493.173
2024-08-24 07:30:20,SOLUSDT,ask,153,24184.24
2024-08-24 07:30:23,SOLUSDT,ask,153,24186.24
2024-08-24 07:30:23,SOLUSDT,ask,153,24134.458
2024-08-24 07:30:23,SOLUSDT,ask,153,23962.783
2024-08-24 07:30:24,SOLUSDT,ask,153,24130.255
2024-08-24 07:30:24,SOLUSDT,ask,153,24130.301
2024-08-24 07:30:25,SOLUSDT,ask,153,24053.072
2024-08-24 07:30:25,SOLUSDT,ask,153,24148.583
2024-08-24 07:30:26,SOLUSDT,ask,153,24035.314
2024-08-24 07:30:26,SOLUSDT,ask,155,9834.841
2024-08-24 07:30:28,SOLUSDT,ask,153,24031.111
2024-08-24 07:30:28,SOLUSDT,ask,153,24063.762
2024-08-24 07:30:28,SOLUSDT,ask,153,24050.807
2024-08-24 07:30:28,SOLUSDT,ask,153,24050.807
2024-08-24 07:30:29,SOLUSDT,ask,153,24050.807
2024-08-24 07:30:29,SOLUSDT,ask,153,24050.807
2024-08-24 07:30:29,SOLUSDT,ask,153,23762.372
2024-08-24 07:30:29,SOLUSDT,ask,153,23819.668
2024-08-24 07:30:29,SOLUSDT,ask,153,23835.969
2024-08-24 07:30:30,SOLUSDT,ask,153,23930.395
2024-08-24 07:30:30,SOLUSDT,ask,153,23930.463
2024-08-24 07:30:30,SOLUSDT,ask,153,23959.199
2024-08-24 07:30:30,SOLUSDT,ask,153,23944.257
2024-08-24 07:30:30,SOLUSDT,ask,153,23901.407
2024-08-24 07:30:30,SOLUSDT,ask,153,23876.956
2024-08-24 07:30:30,SOLUSDT,ask,153,23794.956
2024-08-24 07:30:30,SOLUSDT,ask,153,23814.997
2024-08-24 07:30:30,SOLUSDT,ask,153,23820.091
2024-08-24 07:30:31,SOLUSDT,ask,153,23729.187
2024-08-24 07:30:31,SOLUSDT,ask,153,23749.119
2024-08-24 07:30:31,SOLUSDT,ask,153,23729.119
2024-08-24 07:30:31,SOLUSDT,ask,153,23765.385
2024-08-24 07:30:32,SOLUSDT,ask,153,23777.896
2024-08-24 07:30:32,SOLUSDT,ask,153,23765.385
2024-08-24 07:30:32,SOLUSDT,ask,153,23766.885
2024-08-24 07:30:33,SOLUSDT,ask,153,23767.885
2024-08-24 07:30:33,SOLUSDT,ask,153,23767.885
2024-08-24 07:30:34,SOLUSDT,ask,153,23694.759
2024-08-24 07:30:34,SOLUSDT,ask,153,23722.589
2024-08-24 07:30:34,SOLUSDT,ask,153,23711.445
2024-08-24 07:30:34,SOLUSDT,ask,153,23711.445
2024-08-24 07:30:34,SOLUSDT,ask,153,23667.144
2024-08-24 07:30:34,SOLUSDT,ask,153,23687.144
2024-08-24 07:30:34,SOLUSDT,ask,153,23703.445
2024-08-24 07:30:35,SOLUSDT,ask,153,23621.271
2024-08-24 07:30:35,SOLUSDT,ask,153,23641.271
2024-08-24 07:30:35,SOLUSDT,ask,153,23619.97
2024-08-24 07:30:35,SOLUSDT,ask,153,23613.84
2024-08-24 07:30:35,SOLUSDT,ask,162,9268.111
2024-08-24 07:30:35,SOLUSDT,ask,153,23585.84
2024-08-24 07:30:35,SOLUSDT,ask,153,23581.84
2024-08-24 07:30:35,SOLUSDT,ask,190,24473.016
2024-08-24 07:30:36,SOLUSDT,ask,153,23601.84
2024-08-24 07:30:36,SOLUSDT,ask,153,23601.908
2024-08-24 07:30:36,SOLUSDT,ask,153,23618.209
2024-08-24 07:30:36,SOLUSDT,ask,153,23613.209
2024-08-24 07:30:36,SOLUSDT,ask,153,23612.209
2024-08-24 07:30:37,SOLUSDT,ask,153,23708.451
2024-08-24 07:30:37,SOLUSDT,ask,153,23771.724
2024-08-24 07:30:37,SOLUSDT,ask,153,23672.046
2024-08-24 07:30:37,SOLUSDT,ask,153,23664.462
2024-08-24 07:30:37,SOLUSDT,ask,153,23648.161
2024-08-24 07:30:37,SOLUSDT,ask,153,23623.399
2024-08-24 07:30:38,SOLUSDT,ask,153,23487.314
2024-08-24 07:30:38,SOLUSDT,ask,153,23494.982
2024-08-24 07:30:38,SOLUSDT,ask,153,23494.982
2024-08-24 07:30:38,SOLUSDT,ask,153,23512.143
2024-08-24 07:30:38,SOLUSDT,ask,153,23512.211
2024-08-24 07:30:38,SOLUSDT,ask,153,23507.211
2024-08-24 07:30:39,SOLUSDT,ask,153,23504.601
2024-08-24 07:30:39,SOLUSDT,ask,153,23507.211
2024-08-24 07:30:39,SOLUSDT,ask,153,22881.797
2024-08-24 07:30:39,SOLUSDT,ask,153,22861.797
2024-08-24 07:30:39,SOLUSDT,ask,153,22879.469
2024-08-24 07:30:39,SOLUSDT,ask,153,22876.643
2024-08-24 07:30:40,SOLUSDT,ask,153,22910.774
2024-08-24 07:30:40,SOLUSDT,ask,153,22911.778
2024-08-24 07:30:41,SOLUSDT,ask,153,22916.878
2024-08-24 07:30:41,SOLUSDT,ask,153,22916.946
2024-08-24 07:30:41,SOLUSDT,ask,153,22914.618
2024-08-24 07:30:41,SOLUSDT,ask,153,22914.55
2024-08-24 07:30:41,SOLUSDT,ask,153,22930.851
2024-08-24 07:30:42,SOLUSDT,ask,153,22992.851
2024-08-24 07:30:42,SOLUSDT,ask,153,22993.351
2024-08-24 07:30:42,SOLUSDT,ask,153,22991.023
2024-08-24 07:30:42,SOLUSDT,ask,153,22985.923
2024-08-24 07:30:43,SOLUSDT,ask,153,22922.919
2024-08-24 07:30:43,SOLUSDT,ask,153,22916.919
2024-08-24 07:30:44,SOLUSDT,ask,153,22911.919
2024-08-24 07:30:44,SOLUSDT,ask,153,22910.919
2024-08-24 07:30:45,SOLUSDT,ask,153,22912.03
2024-08-24 07:30:45,SOLUSDT,ask,153,22910.03
2024-08-24 07:30:46,SOLUSDT,ask,153,22902.03
2024-08-24 07:30:46,SOLUSDT,ask,153,22895.03
2024-08-24 07:30:47,SOLUSDT,ask,153,22868.03
2024-08-24 07:30:47,SOLUSDT,ask,153,22863.03
2024-08-24 07:30:48,SOLUSDT,ask,153,22871.027
2024-08-24 07:30:48,SOLUSDT,ask,153,22869.916
2024-08-24 07:30:48,SOLUSDT,ask,153,22861.916
2024-08-24 07:30:49,SOLUSDT,ask,160,22197.327
2024-08-24 07:30:49,SOLUSDT,ask,153,22856.916
2024-08-24 07:30:49,SOLUSDT,ask,153,22853.014
2024-08-24 07:30:50,SOLUSDT,ask,153,22851.014
2024-08-24 07:30:51,SOLUSDT,ask,153,22844.014
2024-08-24 07:30:51,SOLUSDT,ask,153,22817.112
2024-08-24 07:30:52,SOLUSDT,ask,153,22809.112
2024-08-24 07:30:52,SOLUSDT,ask,153,22805.21
2024-08-24 07:30:53,SOLUSDT,bid,135,13910.84
2024-08-24 07:30:53,SOLUSDT,ask,153,22796.21
2024-08-24 07:30:54,SOLUSDT,ask,153,22793.21
2024-08-24 07:30:55,SOLUSDT,ask,153,22795.292
2024-08-24 07:30:55,SOLUSDT,ask,153,22788.292
2024-08-24 07:30:55,SOLUSDT,ask,153,22788.591
2024-08-24 07:30:56,SOLUSDT,ask,153,22788.526
2024-08-24 07:30:56,SOLUSDT,ask,153,22780.526
2024-08-24 07:30:57,SOLUSDT,ask,153,22774.2
2024-08-24 07:30:57,SOLUSDT,ask,500,5682.141
2024-08-24 07:30:57,SOLUSDT,ask,153,22804.544
2024-08-24 07:30:57,SOLUSDT,ask,153,22832.035
2024-08-24 07:30:58,SOLUSDT,ask,153,22828.736
2024-08-24 07:30:58,SOLUSDT,ask,153,22852.185
2024-08-24 07:30:59,SOLUSDT,ask,155,9814.841
2024-08-24 07:31:00,SOLUSDT,ask,153,22859.204
2024-08-24 07:31:00,SOLUSDT,ask,153,22859.424
2024-08-24 07:31:01,SOLUSDT,ask,153,22848.781
2024-08-24 07:31:01,SOLUSDT,ask,153,22906.556
2024-08-24 07:31:02,SOLUSDT,ask,153,22844.781
2024-08-24 07:31:02,SOLUSDT,ask,153,22843.128
2024-08-24 07:31:02,SOLUSDT,ask,153,22840.128
2024-08-24 07:31:02,SOLUSDT,ask,153,22819.13
2024-08-24 07:31:02,SOLUSDT,ask,153,22611.201
2024-08-24 07:31:02,SOLUSDT,ask,153,22610.701
2024-08-24 07:31:03,SOLUSDT,ask,153,22643.338
2024-08-24 07:31:03,SOLUSDT,ask,153,22629.338
2024-08-24 07:31:03,SOLUSDT,ask,153,22694.82
2024-08-24 07:31:03,SOLUSDT,ask,153,22724.664
2024-08-24 07:31:03,SOLUSDT,ask,153,22780.319
2024-08-24 07:31:04,SOLUSDT,ask,153,22747.893
2024-08-24 07:31:04,SOLUSDT,ask,153,22715.183
2024-08-24 07:31:04,SOLUSDT,ask,153,22723.92
2024-08-24 07:31:05,SOLUSDT,ask,153,22733.538
2024-08-24 07:31:05,SOLUSDT,ask,153,22701.864
2024-08-24 07:31:05,SOLUSDT,ask,153,22708.595
2024-08-24 07:31:05,SOLUSDT,ask,153,22785.861
2024-08-24 07:31:05,SOLUSDT,ask,153,22784.857
2024-08-24 07:31:06,SOLUSDT,ask,153,22778.327
2024-08-24 07:31:07,SOLUSDT,ask,153,22810.93
2024-08-24 07:31:08,SOLUSDT,ask,153,22779.331
2024-08-24 07:31:08,SOLUSDT,ask,153,22779.366
2024-08-24 07:31:08,SOLUSDT,ask,153,22774.231
2024-08-24 07:31:09,SOLUSDT,bid,140,9449.334
2024-08-24 07:31:12,SOLUSDT,ask,153,22806.835
2024-08-24 07:31:15,SOLUSDT,ask,175,8549.625
2024-08-24 07:31:15,SOLUSDT,bid,135,13910.8
2024-08-24 07:31:15,SOLUSDT,ask,168,6637.393
2024-08-24 07:31:15,SOLUSDT,ask,190,24472.976
2024-08-24 07:31:17,SOLUSDT,ask,153,22774.231
2024-08-24 07:31:18,SOLUSDT,ask,153,22773.231
2024-08-24 07:31:18,SOLUSDT,ask,153,22805.834
2024-08-24 07:31:19,SOLUSDT,ask,153,22807.834
2024-08-24 07:31:20,SOLUSDT,ask,153,22805.834
2024-08-24 07:31:21,SOLUSDT,ask,153,22805.869
2024-08-24 07:31:21,SOLUSDT,ask,153,22805.834
2024-08-24 07:31:21,SOLUSDT,ask,153,22805.869
2024-08-24 07:31:22,SOLUSDT,ask,153,22805.834
2024-08-24 07:31:25,SOLUSDT,ask,153,22798.62
2024-08-24 07:31:26,SOLUSDT,ask,153,22804.12
2024-08-24 07:31:29,SOLUSDT,ask,153,22771.517
2024-08-24 07:31:29,SOLUSDT,ask,153,22773.517
2024-08-24 07:31:29,SOLUSDT,ask,153,22822.482
2024-08-24 07:31:30,SOLUSDT,ask,153,22822.808
2024-08-24 07:31:30,SOLUSDT,ask,153,22888.013
2024-08-24 07:31:30,SOLUSDT,ask,153,22822.808
2024-08-24 07:31:31,SOLUSDT,ask,153,22823.133
2024-08-24 07:31:32,SOLUSDT,ask,153,22825.413
2024-08-24 07:31:33,SOLUSDT,ask,153,22828.676
2024-08-24 07:31:33,SOLUSDT,ask,153,22835.365
2024-08-24 07:31:33,SOLUSDT,ask,153,22866.074
2024-08-24 07:31:33,SOLUSDT,ask,153,22905.721
2024-08-24 07:31:34,SOLUSDT,ask,153,22851.015
2024-08-24 07:31:34,SOLUSDT,ask,153,22863.452
2024-08-24 07:31:34,SOLUSDT,ask,153,22861.172
2024-08-24 07:31:34,SOLUSDT,ask,153,22862.172
2024-08-24 07:31:36,SOLUSDT,ask,153,22822.525
2024-08-24 07:31:36,SOLUSDT,ask,153,22819.262
2024-08-24 07:31:36,SOLUSDT,ask,153,22817.262
2024-08-24 07:31:38,SOLUSDT,ask,153,22817.913
2024-08-24 07:31:39,SOLUSDT,ask,153,22810.083
2024-08-24 07:31:39,SOLUSDT,ask,153,22811.338
2024-08-24 07:31:40,SOLUSDT,ask,153,22810.475
2024-08-24 07:31:40,SOLUSDT,ask,153,22794.775
2024-08-24 07:31:40,SOLUSDT,ask,170,12591.298
2024-08-24 07:31:40,SOLUSDT,ask,153,22855.967
2024-08-24 07:31:41,SOLUSDT,ask,153,22856.167
2024-08-24 07:31:41,SOLUSDT,ask,153,22691.713
2024-08-24 07:31:41,SOLUSDT,ask,153,22690.664
2024-08-24 07:31:44,SOLUSDT,ask,160,22197.391
2024-08-24 07:31:44,SOLUSDT,ask,153,22693.276
2024-08-24 07:31:48,SOLUSDT,ask,153,22685.279
2024-08-24 07:31:49,SOLUSDT,ask,153,22685.974
2024-08-24 07:31:50,SOLUSDT,ask,160,22194.291
2024-08-24 07:31:50,SOLUSDT,bid,130,13791.609
2024-08-24 07:31:52,SOLUSDT,ask,153,22722.494
2024-08-24 07:31:57,SOLUSDT,ask,160,22193.873
2024-08-24 07:31:58,SOLUSDT,ask,159,6842.094
2024-08-24 07:31:59,SOLUSDT,bid,131,8778.476
2024-08-24 07:32:02,SOLUSDT,ask,155,9428.078
2024-08-24 07:32:05,SOLUSDT,ask,153,22685.974
2024-08-24 07:32:06,SOLUSDT,ask,153,22688.634
2024-08-24 07:32:08,SOLUSDT,ask,153,22689.73
2024-08-24 07:32:10,SOLUSDT,ask,160,22194.174
2024-08-24 07:32:12,SOLUSDT,ask,153,22687.118
2024-08-24 07:32:12,SOLUSDT,bid,110,21083.602
2024-08-24 07:32:14,SOLUSDT,ask,153,22704.529
2024-08-24 07:32:14,SOLUSDT,bid,135,13910.504
2024-08-24 07:32:14,SOLUSDT,ask,153,22687.118
2024-08-24 07:32:16,SOLUSDT,ask,153,22621.913
2024-08-24 07:32:17,SOLUSDT,bid,140,9446.482
2024-08-24 07:32:20,SOLUSDT,ask,153,22687.119
2024-08-24 07:32:20,SOLUSDT,bid,130,13791.661
2024-08-24 07:32:21,SOLUSDT,ask,153,22752.636
2024-08-24 07:32:22,SOLUSDT,ask,170,12589.676
2024-08-24 07:32:26,SOLUSDT,ask,153,22687.43
2024-08-24 07:32:26,SOLUSDT,ask,153,22688.76
2024-08-24 07:32:26,SOLUSDT,ask,153,22683.26
2024-08-24 07:32:26,SOLUSDT,ask,153,22683.871
2024-08-24 07:32:26,SOLUSDT,ask,153,22685.177
2024-08-24 07:32:26,SOLUSDT,ask,153,22684.081
2024-08-24 07:32:27,SOLUSDT,ask,153,22686.084
2024-08-24 07:32:28,SOLUSDT,ask,153,22690.084
2024-08-24 07:32:31,SOLUSDT,ask,153,22690.152
2024-08-24 07:32:31,SOLUSDT,ask,162,9266.113
2024-08-24 07:32:32,SOLUSDT,bid,140,9448.582
2024-08-24 07:32:32,SOLUSDT,ask,153,22690.084
2024-08-24 07:32:33,SOLUSDT,ask,153,22624.567
2024-08-24 07:32:37,SOLUSDT,bid,140,9438.582
2024-08-24 07:32:38,SOLUSDT,ask,153,22623.261
2024-08-24 07:32:38,SOLUSDT,ask,153,22623.329
2024-08-24 07:32:43,SOLUSDT,ask,160,22190.818
2024-08-24 07:32:43,SOLUSDT,ask,155,9427.716
2024-08-24 07:32:44,SOLUSDT,ask,153,22637.329
2024-08-24 07:32:52,SOLUSDT,ask,153,22623.329
2024-08-24 07:32:57,SOLUSDT,ask,190,24474.976
2024-08-24 07:32:59,SOLUSDT,ask,155,9427.584
2024-08-24 07:33:01,SOLUSDT,ask,153,22623.261
2024-08-24 07:33:03,SOLUSDT,ask,153,22619.261
2024-08-24 07:33:04,SOLUSDT,ask,153,22628.516
2024-08-24 07:33:05,SOLUSDT,ask,153,22619.261
2024-08-24 07:33:05,SOLUSDT,ask,153,22619.38
2024-08-24 07:33:09,SOLUSDT,ask,153,22619.541
2024-08-24 07:33:11,SOLUSDT,ask,153,22570.576
2024-08-24 07:33:13,SOLUSDT,ask,153,22630.559
2024-08-24 07:33:14,SOLUSDT,ask,153,22600.567
2024-08-24 07:33:15,SOLUSDT,ask,153,22570.576
2024-08-24 07:33:17,SOLUSDT,ask,182,5503.807
2024-08-24 07:33:21,SOLUSDT,ask,153,22600.567
2024-08-24 07:33:22,SOLUSDT,ask,153,22630.558
2024-08-24 07:33:22,SOLUSDT,ask,153,22660.55
2024-08-24 07:33:22,SOLUSDT,ask,153,22690.543
2024-08-24 07:33:26,SOLUSDT,ask,153,22660.552
2024-08-24 07:33:28,SOLUSDT,ask,153,22630.561
2024-08-24 07:33:28,SOLUSDT,ask,153,22570.576
2024-08-24 07:33:53,SOLUSDT,bid,120,18918.726
2024-08-24 07:34:01,SOLUSDT,ask,195,12068.017
2024-08-24 07:34:01,SOLUSDT,ask,153,22630.564
2024-08-24 07:34:01,SOLUSDT,ask,153,22660.557
2024-08-24 07:34:02,SOLUSDT,ask,153,22600.569
2024-08-24 07:34:02,SOLUSDT,ask,153,22570.576
2024-08-24 07:34:02,SOLUSDT,ask,153,22692.225
2024-08-24 07:34:02,SOLUSDT,ask,155,9429.084
2024-08-24 07:34:02,SOLUSDT,ask,160,22189.318
2024-08-24 07:34:05,SOLUSDT,ask,153,22752.207
2024-08-24 07:34:08,SOLUSDT,ask,153,22744.528
2024-08-24 07:34:08,SOLUSDT,ask,153,22775.52
2024-08-24 07:34:08,SOLUSDT,ask,153,22842.505
2024-08-24 07:34:09,SOLUSDT,ask,153,22836.507
2024-08-24 07:34:09,SOLUSDT,ask,153,22854.502
2024-08-24 07:34:09,SOLUSDT,ask,153,22846.516
2024-08-24 07:34:10,SOLUSDT,ask,153,22866.46
2024-08-24 07:34:10,SOLUSDT,ask,153,22944.446
2024-08-24 07:34:11,SOLUSDT,ask,153,22975.436
2024-08-24 07:34:14,SOLUSDT,ask,153,22995.377
2024-08-24 07:34:15,SOLUSDT,ask,153,22797.684
2024-08-24 07:34:15,SOLUSDT,ask,153,23146.68
2024-08-24 07:34:15,SOLUSDT,ask,153,23256.652
2024-08-24 07:34:15,SOLUSDT,ask,153,23238.282
2024-08-24 07:34:15,SOLUSDT,ask,153,23169.306
2024-08-24 07:34:16,SOLUSDT,ask,153,23368.677
2024-08-24 07:34:20,SOLUSDT,ask,153,23388.617
2024-08-24 07:34:22,SOLUSDT,ask,153,23392.672
2024-08-24 07:34:26,SOLUSDT,ask,153,23361.682
2024-08-24 07:34:27,SOLUSDT,ask,153,23140.795
2024-08-24 07:34:27,SOLUSDT,ask,153,22922.3
2024-08-24 07:34:27,SOLUSDT,ask,153,23289.509
2024-08-24 07:34:28,SOLUSDT,ask,153,23270.03
2024-08-24 07:34:29,SOLUSDT,ask,153,23250.551
2024-08-24 07:34:29,SOLUSDT,ask,153,23231.072
2024-08-24 07:34:31,SOLUSDT,ask,180,22792.74
2024-08-24 07:34:39,SOLUSDT,ask,153,23191.657
2024-08-24 07:34:39,SOLUSDT,ask,153,23208.536
2024-08-24 07:34:42,SOLUSDT,ask,153,23216.212
2024-08-24 07:34:43,SOLUSDT,ask,153,23208.536
2024-08-24 07:34:45,SOLUSDT,ask,153,23239.528
2024-08-24 07:34:45,SOLUSDT,ask,153,23270.52
2024-08-24 07:34:45,SOLUSDT,ask,153,23299.514
2024-08-24 07:34:45,SOLUSDT,ask,153,23361.502
2024-08-24 07:34:47,SOLUSDT,ask,153,23330.51
2024-08-24 07:34:47,SOLUSDT,ask,153,23330.509
2024-08-24 07:34:48,SOLUSDT,ask,153,23270.52
2024-08-24 07:34:48,SOLUSDT,ask,153,23273.626
2024-08-24 07:34:49,SOLUSDT,ask,165,17372.94
2024-08-24 07:35:02,SOLUSDT,ask,153,23273.623
2024-08-24 07:35:02,SOLUSDT,ask,153,23236.808
2024-08-24 07:35:03,SOLUSDT,ask,153,23214.703
2024-08-24 07:35:04,SOLUSDT,ask,153,23194.762
2024-08-24 07:35:04,SOLUSDT,ask,153,23273.46
2024-08-24 07:35:05,SOLUSDT,ask,153,23277.46
2024-08-24 07:35:06,SOLUSDT,ask,153,23286.037
2024-08-24 07:35:12,SOLUSDT,ask,153,23335.079
2024-08-24 07:35:15,SOLUSDT,ask,180,22788.465
2024-08-24 07:35:16,SOLUSDT,ask,190,23978.039
2024-08-24 07:35:17,SOLUSDT,bid,140,9442.35
2024-08-24 07:35:18,SOLUSDT,ask,153,23335.147
2024-08-24 07:35:20,SOLUSDT,ask,153,23335.079
2024-08-24 07:35:22,SOLUSDT,ask,188,10666.895
2024-08-24 07:35:25,SOLUSDT,bid,140,9442.065
2024-08-24 07:35:26,SOLUSDT,ask,153,23336.385
2024-08-24 07:35:27,SOLUSDT,bid,120,18918.31
2024-08-24 07:35:28,SOLUSDT,ask,153,23335.079
2024-08-24 07:35:29,SOLUSDT,ask,153,23315.666
2024-08-24 07:35:29,SOLUSDT,ask,153,23296.253
2024-08-24 07:35:31,SOLUSDT,ask,153,23292.253
2024-08-24 07:35:33,SOLUSDT,ask,160,22186.464
2024-08-24 07:35:34,SOLUSDT,ask,155,9439.074
2024-08-24 07:35:34,SOLUSDT,ask,160,22176.474
2024-08-24 07:35:35,SOLUSDT,ask,153,23312.194
2024-08-24 07:35:37,SOLUSDT,ask,153,23311.344
2024-08-24 07:35:40,SOLUSDT,ask,200,45817.42
2024-08-24 07:35:46,SOLUSDT,ask,180,22790.526
2024-08-24 07:35:48,SOLUSDT,ask,153,23291.408
2024-08-24 07:35:48,SOLUSDT,ask,153,23271.472
2024-08-24 07:35:49,SOLUSDT,ask,153,23232.444
2024-08-24 07:35:52,SOLUSDT,ask,153,23256.433
2024-08-24 07:35:52,SOLUSDT,ask,155,9440.113
2024-08-24 07:35:52,SOLUSDT,ask,165,17371.901
2024-08-24 07:35:56,SOLUSDT,ask,153,23256.438
