2024-08-20 07:00:00,SOLUSDT,bid,125,13471.513
2024-08-20 07:00:04,SOLUSDT,bid,120,22868.766
2024-08-20 07:00:08,SOLUSDT,ask,155,11394.742
2024-08-20 07:00:27,SOLUSDT,ask,151,24617.887
2024-08-20 07:00:35,SOLUSDT,bid,115,20888.419
2024-08-20 07:00:40,SOLUSDT,ask,151,24618.702
2024-08-20 07:00:55,SOLUSDT,bid,115,20888.419
2024-08-20 07:01:15,SOLUSDT,bid,115,20888.419
2024-08-20 07:01:58,SOLUSDT,bid,135,15430.661
2024-08-20 07:01:58,SOLUSDT,bid,131,9719.971
2024-08-20 07:01:58,SOLUSDT,bid,130,15851.67
2024-08-20 07:01:58,SOLUSDT,bid,125,13471.337
2024-08-20 07:01:58,SOLUSDT,bid,120,22868.582
2024-08-20 07:01:58,SOLUSDT,bid,115,20888.227
2024-08-20 07:01:58,SOLUSDT,bid,110,29579.617
2024-08-20 07:01:58,SOLUSDT,ask,147,8825.898
2024-08-20 07:01:58,SOLUSDT,ask,148,10002.935
2024-08-20 07:01:58,SOLUSDT,ask,150,29805.354
2024-08-20 07:01:58,SOLUSDT,bid,111,14298.338
2024-08-20 07:02:00,SOLUSDT,ask,147,8818.787
2024-08-20 07:02:19,SOLUSDT,bid,125,13473.337
2024-08-20 07:02:20,SOLUSDT,ask,148,10012.935
2024-08-20 07:02:37,SOLUSDT,bid,115,20888.227
2024-08-20 07:02:42,SOLUSDT,ask,144,9705.856
2024-08-20 07:02:42,SOLUSDT,ask,144,9706.252
2024-08-20 07:02:43,SOLUSDT,ask,144,9705.856
2024-08-20 07:02:44,SOLUSDT,ask,144,9827.164
2024-08-20 07:02:44,SOLUSDT,ask,144,9799.366
2024-08-20 07:02:44,SOLUSDT,ask,144,9799.537
2024-08-20 07:02:44,SOLUSDT,ask,144,9791.227
2024-08-20 07:02:44,SOLUSDT,ask,144,9939.849
2024-08-20 07:02:45,SOLUSDT,ask,144,9938.113
2024-08-20 07:02:45,SOLUSDT,ask,144,9754.835
2024-08-20 07:02:53,SOLUSDT,ask,148,10011.801
2024-08-20 07:02:57,SOLUSDT,bid,115,20888.227
2024-08-20 07:03:17,SOLUSDT,bid,115,20888.227
2024-08-20 07:03:19,SOLUSDT,ask,148,9995.313
2024-08-20 07:03:31,SOLUSDT,bid,111,14386.539
2024-08-20 07:03:38,SOLUSDT,bid,115,20883.88
2024-08-20 07:03:54,SOLUSDT,bid,135,15435.661
2024-08-20 07:04:43,SOLUSDT,bid,115,20883.88
2024-08-20 07:05:03,SOLUSDT,bid,115,20883.88
2024-08-20 07:05:04,SOLUSDT,bid,135,15436.72
2024-08-20 07:05:09,SOLUSDT,ask,148,9995.524
2024-08-20 07:05:09,SOLUSDT,ask,150,29805.562
2024-08-20 07:05:09,SOLUSDT,ask,147,8818.999
2024-08-20 07:05:11,SOLUSDT,bid,135,15436.951
2024-08-20 07:05:12,SOLUSDT,bid,131,9720.209
2024-08-20 07:05:12,SOLUSDT,bid,130,15851.91
2024-08-20 07:05:23,SOLUSDT,bid,115,20883.88
2024-08-20 07:05:24,SOLUSDT,bid,110,29578.454
2024-08-20 07:05:24,SOLUSDT,ask,160,26236.965
2024-08-20 07:05:24,SOLUSDT,ask,180,22405.459
2024-08-20 07:05:24,SOLUSDT,bid,130,15850.926
2024-08-20 07:05:24,SOLUSDT,bid,120,22867.516
2024-08-20 07:05:24,SOLUSDT,bid,100,34714.412
2024-08-20 07:05:24,SOLUSDT,ask,150,29804.709
2024-08-20 07:05:24,SOLUSDT,ask,170,13855.578
2024-08-20 07:06:08,SOLUSDT,bid,80,27302.075
2024-08-20 07:06:20,SOLUSDT,bid,111,14375.145
2024-08-20 07:06:38,SOLUSDT,bid,110,29577.545
2024-08-20 07:06:48,SOLUSDT,bid,115,20883.88
2024-08-20 07:06:50,SOLUSDT,bid,110,29579.817
2024-08-20 07:06:53,SOLUSDT,ask,200,43632.063
2024-08-20 07:06:55,SOLUSDT,ask,150,29803.212
2024-08-20 07:07:08,SOLUSDT,bid,115,20883.88
2024-08-20 07:07:08,SOLUSDT,ask,150,29811.915
2024-08-20 07:07:08,SOLUSDT,ask,150,29822.372
2024-08-20 07:07:09,SOLUSDT,ask,147,8826.954
2024-08-20 07:07:20,SOLUSDT,ask,160,26242.374
2024-08-20 07:07:21,SOLUSDT,ask,147,8820.632
2024-08-20 07:07:28,SOLUSDT,bid,115,20883.88
2024-08-20 07:08:00,SOLUSDT,ask,147,8825.423
2024-08-20 07:08:22,SOLUSDT,bid,135,15437.013
2024-08-20 07:08:24,SOLUSDT,bid,135,15433.013
2024-08-20 07:08:24,SOLUSDT,ask,170,13866.167
2024-08-20 07:09:30,SOLUSDT,ask,170,13869.892
2024-08-20 07:09:58,SOLUSDT,ask,500,6317.61
2024-08-20 07:10:06,SOLUSDT,ask,150,29793.21
2024-08-20 07:11:10,SOLUSDT,bid,135,15426.521
2024-08-20 07:11:27,SOLUSDT,bid,80,27303.325
2024-08-20 07:11:34,SOLUSDT,ask,170,13864.902
2024-08-20 07:11:54,SOLUSDT,ask,147,8781.753
2024-08-20 07:12:02,SOLUSDT,bid,110,29580.726
2024-08-20 07:12:05,SOLUSDT,ask,170,13853.333
2024-08-20 07:12:13,SOLUSDT,bid,125,13474.137
2024-08-20 07:12:18,SOLUSDT,ask,147,8782.397
2024-08-20 07:12:36,SOLUSDT,ask,201,10001.02
2024-08-20 07:12:53,SOLUSDT,ask,150,29790.422
2024-08-20 07:13:20,SOLUSDT,ask,147,8781.398
2024-08-20 07:13:31,SOLUSDT,ask,151,24632.511
2024-08-20 07:13:33,SOLUSDT,bid,125,13474.05
2024-08-20 07:13:39,SOLUSDT,ask,165,16839.727
2024-08-20 07:13:42,SOLUSDT,ask,150,29791.782
2024-08-20 07:14:10,SOLUSDT,ask,150,29797.182
2024-08-20 07:14:38,SOLUSDT,bid,120,22867.243
2024-08-20 07:14:39,SOLUSDT,ask,147,8904.665
2024-08-20 07:16:00,SOLUSDT,bid,120,22867.059
2024-08-20 07:16:24,SOLUSDT,ask,300,9429.734
2024-08-20 07:16:33,SOLUSDT,bid,110,29527.65
2024-08-20 07:16:34,SOLUSDT,ask,147,8905.664
2024-08-20 07:16:54,SOLUSDT,ask,160,26232.649
2024-08-20 07:16:56,SOLUSDT,bid,135,15425.521
2024-08-20 07:17:22,SOLUSDT,ask,160,26282.649
2024-08-20 07:17:22,SOLUSDT,ask,210,24797.635
2024-08-20 07:17:55,SOLUSDT,ask,147,8904.602
2024-08-20 07:18:01,SOLUSDT,ask,170,13903.333
2024-08-20 07:18:17,SOLUSDT,ask,160,26280.669
2024-08-20 07:18:41,SOLUSDT,ask,151,24633.571
2024-08-20 07:18:52,SOLUSDT,ask,148,9997.504
2024-08-20 07:19:54,SOLUSDT,ask,155,11408.742
2024-08-20 07:20:03,SOLUSDT,ask,147,8902.534
2024-08-20 07:20:06,SOLUSDT,ask,147,8891.134
2024-08-20 07:20:36,SOLUSDT,ask,147,8918.975
2024-08-20 07:20:37,SOLUSDT,ask,147,8917.976
2024-08-20 07:20:49,SOLUSDT,ask,148,9997.105
2024-08-20 07:20:52,SOLUSDT,ask,147,8918.976
2024-08-20 07:20:52,SOLUSDT,ask,150,29796.182
2024-08-20 07:21:23,SOLUSDT,bid,115,20883.98
2024-08-20 07:21:23,SOLUSDT,bid,115,20883.88
2024-08-20 07:21:28,SOLUSDT,bid,90,16748.553
2024-08-20 07:21:32,SOLUSDT,ask,147,8917.976
2024-08-20 07:21:43,SOLUSDT,bid,115,20883.98
2024-08-20 07:21:43,SOLUSDT,bid,115,20883.88
2024-08-20 07:21:50,SOLUSDT,ask,193,7318.197
2024-08-20 07:22:03,SOLUSDT,bid,115,20883.98
2024-08-20 07:22:03,SOLUSDT,bid,115,20883.88
2024-08-20 07:22:19,SOLUSDT,ask,148,9967.105
2024-08-20 07:22:31,SOLUSDT,ask,193,7264.595
2024-08-20 07:23:05,SOLUSDT,ask,160,26262.334
2024-08-20 07:23:15,SOLUSDT,ask,148,9968.239
2024-08-20 07:23:21,SOLUSDT,ask,160,26265.501
2024-08-20 07:23:26,SOLUSDT,bid,131,9715.8
2024-08-20 07:23:27,SOLUSDT,bid,115,20883.88
2024-08-20 07:23:31,SOLUSDT,ask,147,8916.616
2024-08-20 07:23:35,SOLUSDT,ask,160,26274.836
2024-08-20 07:23:41,SOLUSDT,ask,165,16838.727
2024-08-20 07:23:47,SOLUSDT,bid,115,20883.88
2024-08-20 07:23:47,SOLUSDT,ask,150,29803.563
2024-08-20 07:23:48,SOLUSDT,bid,135,15425.459
2024-08-20 07:23:52,SOLUSDT,bid,125,13464.839
2024-08-20 07:23:53,SOLUSDT,ask,148,9966.388
2024-08-20 07:23:57,SOLUSDT,bid,120,22827.059
2024-08-20 07:24:07,SOLUSDT,bid,115,20883.88
2024-08-20 07:24:20,SOLUSDT,ask,147,8923.616
2024-08-20 07:24:21,SOLUSDT,ask,160,26275.336
2024-08-20 07:24:36,SOLUSDT,ask,148,9968.288
2024-08-20 07:24:37,SOLUSDT,bid,125,13424.839
2024-08-20 07:24:57,SOLUSDT,ask,190,23446.358
2024-08-20 07:25:14,SOLUSDT,bid,125,13420.109
2024-08-20 07:25:19,SOLUSDT,ask,150,29797.518
2024-08-20 07:25:22,SOLUSDT,bid,135,15421.311
2024-08-20 07:25:29,SOLUSDT,ask,147,8893.616
2024-08-20 07:25:39,SOLUSDT,ask,147,8898.827
2024-08-20 07:25:40,SOLUSDT,ask,147,8894.589
2024-08-20 07:25:47,SOLUSDT,ask,148,9968.335
2024-08-20 07:25:48,SOLUSDT,ask,147,8899.589
2024-08-20 07:25:50,SOLUSDT,ask,147,8898.548
2024-08-20 07:25:52,SOLUSDT,ask,148,9964.239
2024-08-20 07:25:52,SOLUSDT,ask,150,29794.185
2024-08-20 07:26:00,SOLUSDT,ask,150,29793.389
2024-08-20 07:26:01,SOLUSDT,bid,120,22826.918
2024-08-20 07:26:04,SOLUSDT,ask,147,8898.6
2024-08-20 07:26:04,SOLUSDT,ask,147,9207.804
2024-08-20 07:26:06,SOLUSDT,ask,147,9202.804
2024-08-20 07:26:14,SOLUSDT,ask,147,9202.264
2024-08-20 07:26:17,SOLUSDT,ask,147,9197.264
2024-08-20 07:26:17,SOLUSDT,ask,147,9201.502
2024-08-20 07:26:19,SOLUSDT,ask,147,9176.285
2024-08-20 07:26:19,SOLUSDT,ask,147,9171.074
2024-08-20 07:26:20,SOLUSDT,ask,152,28208.029
2024-08-20 07:26:28,SOLUSDT,ask,147,9171.574
2024-08-20 07:26:28,SOLUSDT,ask,148,9964.2
2024-08-20 07:26:30,SOLUSDT,ask,148,9964.153
2024-08-20 07:26:31,SOLUSDT,ask,147,9170.465
2024-08-20 07:26:33,SOLUSDT,ask,148,9964.199
2024-08-20 07:26:39,SOLUSDT,ask,147,8884.678
2024-08-20 07:26:40,SOLUSDT,bid,130,15851.057
2024-08-20 07:26:43,SOLUSDT,ask,147,8886.678
2024-08-20 07:26:44,SOLUSDT,ask,147,8888.678
2024-08-20 07:26:46,SOLUSDT,ask,147,9186.989
2024-08-20 07:26:52,SOLUSDT,ask,147,9188.361
2024-08-20 07:26:52,SOLUSDT,ask,150,29809.993
2024-08-20 07:26:53,SOLUSDT,ask,148,9984.129
2024-08-20 07:26:55,SOLUSDT,ask,148,9968.239
2024-08-20 07:26:57,SOLUSDT,ask,147,9185.956
2024-08-20 07:27:02,SOLUSDT,ask,147,8887.645
2024-08-20 07:27:03,SOLUSDT,ask,147,8903.535
2024-08-20 07:27:03,SOLUSDT,ask,200,43631.245
2024-08-20 07:27:07,SOLUSDT,ask,147,8904.535
2024-08-20 07:27:08,SOLUSDT,ask,160,26276.336
2024-08-20 07:27:12,SOLUSDT,ask,147,9194.771
2024-08-20 07:27:20,SOLUSDT,ask,160,26266.03
2024-08-20 07:27:28,SOLUSDT,ask,147,9225.754
2024-08-20 07:27:35,SOLUSDT,ask,147,9223.754
2024-08-20 07:27:35,SOLUSDT,ask,148,9970.239
2024-08-20 07:27:35,SOLUSDT,ask,147,9100.487
2024-08-20 07:27:41,SOLUSDT,ask,147,9155.83
2024-08-20 07:27:43,SOLUSDT,bid,130,15851.169
2024-08-20 07:27:44,SOLUSDT,ask,150,29810.493
2024-08-20 07:27:52,SOLUSDT,ask,147,9100.487
2024-08-20 07:27:58,SOLUSDT,ask,147,9130.067
2024-08-20 07:27:58,SOLUSDT,ask,160,26266.345
2024-08-20 07:28:00,SOLUSDT,ask,161,15793.403
2024-08-20 07:28:02,SOLUSDT,ask,170,13902.977
2024-08-20 07:28:16,SOLUSDT,bid,130,15841.531
2024-08-20 07:28:17,SOLUSDT,ask,148,9971.237
2024-08-20 07:28:20,SOLUSDT,ask,151,24563.942
2024-08-20 07:28:22,SOLUSDT,ask,147,9149.997
2024-08-20 07:28:22,SOLUSDT,ask,148,9951.307
2024-08-20 07:28:28,SOLUSDT,ask,150,29813.865
2024-08-20 07:28:30,SOLUSDT,ask,150,29817.418
2024-08-20 07:28:31,SOLUSDT,ask,148,9949.907
2024-08-20 07:28:36,SOLUSDT,ask,160,26265.345
2024-08-20 07:28:42,SOLUSDT,ask,148,9948.007
2024-08-20 07:28:42,SOLUSDT,ask,147,9142.413
2024-08-20 07:28:51,SOLUSDT,ask,147,9159.126
2024-08-20 07:28:51,SOLUSDT,ask,148,10038.572
2024-08-20 07:28:52,SOLUSDT,ask,155,11409.742
2024-08-20 07:28:52,SOLUSDT,ask,148,10038.526
2024-08-20 07:28:53,SOLUSDT,ask,195,12100.426
2024-08-20 07:28:57,SOLUSDT,ask,165,16838.417
2024-08-20 07:29:01,SOLUSDT,ask,170,13903.333
2024-08-20 07:29:02,SOLUSDT,ask,147,9139.196
2024-08-20 07:29:02,SOLUSDT,ask,148,10058.456
2024-08-20 07:29:02,SOLUSDT,ask,147,9134.196
2024-08-20 07:29:14,SOLUSDT,ask,147,9132.836
2024-08-20 07:29:17,SOLUSDT,ask,147,9133.149
2024-08-20 07:29:19,SOLUSDT,ask,148,10116.129
2024-08-20 07:29:21,SOLUSDT,ask,150,29817.322
2024-08-20 07:29:24,SOLUSDT,ask,147,9130.376
2024-08-20 07:29:30,SOLUSDT,ask,147,9266.555
2024-08-20 07:29:32,SOLUSDT,ask,160,26265.03
2024-08-20 07:29:32,SOLUSDT,ask,147,9266.555
2024-08-20 07:29:35,SOLUSDT,ask,147,9320.596
2024-08-20 07:29:37,SOLUSDT,bid,130,15815.531
2024-08-20 07:29:37,SOLUSDT,ask,147,8907.596
2024-08-20 07:29:39,SOLUSDT,ask,147,8910.055
2024-08-20 07:29:39,SOLUSDT,ask,148,10025.564
2024-08-20 07:29:42,SOLUSDT,ask,147,8910.055
2024-08-20 07:29:42,SOLUSDT,ask,148,12159.849
2024-08-20 07:29:43,SOLUSDT,bid,130,15815.095
2024-08-20 07:29:45,SOLUSDT,ask,150,29817.189
2024-08-20 07:29:46,SOLUSDT,ask,147,8907.596
2024-08-20 07:29:48,SOLUSDT,ask,147,8876.613
2024-08-20 07:29:48,SOLUSDT,ask,147,8875.917
2024-08-20 07:29:48,SOLUSDT,ask,148,10025.564
2024-08-20 07:29:53,SOLUSDT,ask,147,8877.983
2024-08-20 07:29:53,SOLUSDT,ask,147,8873.745
2024-08-20 07:29:54,SOLUSDT,ask,148,9967.891
2024-08-20 07:29:57,SOLUSDT,bid,111,14307.398
2024-08-20 07:30:03,SOLUSDT,ask,147,8927.741
2024-08-20 07:30:03,SOLUSDT,ask,147,8981.731
2024-08-20 07:30:03,SOLUSDT,ask,147,8976.731
2024-08-20 07:30:05,SOLUSDT,ask,147,8922.741
2024-08-20 07:30:05,SOLUSDT,ask,300,9428.195
2024-08-20 07:30:05,SOLUSDT,ask,150,29819.189
2024-08-20 07:30:08,SOLUSDT,ask,147,8868.745
2024-08-20 07:30:08,SOLUSDT,ask,147,8922.733
2024-08-20 07:30:08,SOLUSDT,ask,147,8868.745
2024-08-20 07:30:08,SOLUSDT,bid,125,13419.98
2024-08-20 07:30:10,SOLUSDT,ask,147,8350.696
2024-08-20 07:30:11,SOLUSDT,ask,158,18907.499
2024-08-20 07:30:19,SOLUSDT,ask,148,10058.72
2024-08-20 07:30:22,SOLUSDT,ask,147,8352.696
2024-08-20 07:30:24,SOLUSDT,ask,147,8351.72
2024-08-20 07:30:25,SOLUSDT,ask,154,17966.567
2024-08-20 07:30:26,SOLUSDT,ask,148,10059.726
2024-08-20 07:30:27,SOLUSDT,ask,147,8063.236
2024-08-20 07:30:27,SOLUSDT,ask,150,29818.068
2024-08-20 07:30:29,SOLUSDT,bid,135,15420.874
2024-08-20 07:30:30,SOLUSDT,ask,148,10069.726
2024-08-20 07:30:30,SOLUSDT,ask,147,8046.453
2024-08-20 07:30:32,SOLUSDT,ask,147,7970.157
2024-08-20 07:30:32,SOLUSDT,bid,135,15420.183
2024-08-20 07:30:35,SOLUSDT,ask,147,7971.278
2024-08-20 07:30:36,SOLUSDT,ask,147,7835.099
2024-08-20 07:30:39,SOLUSDT,ask,147,7834.392
2024-08-20 07:30:42,SOLUSDT,ask,152,28210.725
2024-08-20 07:30:45,SOLUSDT,ask,147,7835.099
2024-08-20 07:30:55,SOLUSDT,ask,190,23445.359
2024-08-20 07:30:57,SOLUSDT,ask,147,7833.56
2024-08-20 07:30:58,SOLUSDT,ask,147,7834.536
2024-08-20 07:30:59,SOLUSDT,ask,147,7831.536
2024-08-20 07:31:00,SOLUSDT,ask,170,13902.977
2024-08-20 07:31:00,SOLUSDT,bid,100,34714.362
2024-08-20 07:31:00,SOLUSDT,ask,158,18907.449
2024-08-20 07:31:00,SOLUSDT,ask,245,9179.976
2024-08-20 07:31:02,SOLUSDT,ask,148,10067.746
2024-08-20 07:31:02,SOLUSDT,ask,152,28197.14
2024-08-20 07:31:03,SOLUSDT,ask,148,10061.096
2024-08-20 07:31:03,SOLUSDT,ask,147,8061.215
2024-08-20 07:31:04,SOLUSDT,ask,147,8060.508
2024-08-20 07:31:08,SOLUSDT,ask,147,7830.829
2024-08-20 07:31:08,SOLUSDT,ask,147,7831.536
2024-08-20 07:31:09,SOLUSDT,ask,147,7832.536
2024-08-20 07:31:12,SOLUSDT,ask,147,7839.566
2024-08-20 07:31:12,SOLUSDT,ask,148,10054.066
2024-08-20 07:31:13,SOLUSDT,ask,147,7839.06
2024-08-20 07:31:18,SOLUSDT,ask,147,7893.047
2024-08-20 07:31:18,SOLUSDT,ask,148,9963.237
2024-08-20 07:31:19,SOLUSDT,bid,135,15419.072
2024-08-20 07:31:19,SOLUSDT,ask,147,7839.06
2024-08-20 07:31:20,SOLUSDT,ask,150,29819.067
2024-08-20 07:31:21,SOLUSDT,ask,155,11413.92
2024-08-20 07:31:25,SOLUSDT,ask,147,7845.725
2024-08-20 07:31:28,SOLUSDT,ask,147,7846.732
2024-08-20 07:31:29,SOLUSDT,ask,148,9977.037
2024-08-20 07:31:33,SOLUSDT,ask,147,7900.718
2024-08-20 07:31:33,SOLUSDT,ask,147,7922.794
2024-08-20 07:31:33,SOLUSDT,ask,148,9976.031
2024-08-20 07:31:33,SOLUSDT,ask,147,7951.206
2024-08-20 07:31:35,SOLUSDT,ask,147,7925.636
2024-08-20 07:31:36,SOLUSDT,bid,100,34704.026
2024-08-20 07:31:36,SOLUSDT,ask,147,7897.22
2024-08-20 07:31:37,SOLUSDT,ask,147,7868.808
2024-08-20 07:31:38,SOLUSDT,ask,147,7897.228
2024-08-20 07:31:39,SOLUSDT,bid,120,22826.502
2024-08-20 07:31:39,SOLUSDT,ask,163,16827.419
2024-08-20 07:31:40,SOLUSDT,ask,147,7888.841
2024-08-20 07:31:40,SOLUSDT,ask,147,7942.825
2024-08-20 07:31:41,SOLUSDT,ask,147,7914.405
2024-08-20 07:31:41,SOLUSDT,ask,147,7914.405
2024-08-20 07:31:41,SOLUSDT,ask,147,7860.421
2024-08-20 07:31:41,SOLUSDT,ask,147,7888.839
2024-08-20 07:31:41,SOLUSDT,ask,147,7860.421
2024-08-20 07:31:42,SOLUSDT,ask,147,7914.412
2024-08-20 07:31:43,SOLUSDT,ask,147,7860.421
2024-08-20 07:31:44,SOLUSDT,ask,152,28098.456
2024-08-20 07:31:50,SOLUSDT,ask,150,29824.067
2024-08-20 07:31:52,SOLUSDT,ask,148,9966.031
2024-08-20 07:31:53,SOLUSDT,ask,147,7914.411
2024-08-20 07:31:53,SOLUSDT,ask,150,29821.917
2024-08-20 07:31:55,SOLUSDT,ask,147,7860.421
2024-08-20 07:31:57,SOLUSDT,ask,147,8949.285
2024-08-20 07:31:59,SOLUSDT,ask,147,8765.982
2024-08-20 07:31:59,SOLUSDT,ask,148,9968.031
2024-08-20 07:31:59,SOLUSDT,ask,147,8758.952
2024-08-20 07:31:59,SOLUSDT,ask,148,9975.061
2024-08-20 07:32:01,SOLUSDT,ask,147,8784.952
2024-08-20 07:32:01,SOLUSDT,ask,195,12102.711
2024-08-20 07:32:02,SOLUSDT,ask,147,8838.934
2024-08-20 07:32:02,SOLUSDT,ask,147,7469.279
2024-08-20 07:32:02,SOLUSDT,ask,147,7533.263
2024-08-20 07:32:02,SOLUSDT,ask,147,7533.325
2024-08-20 07:32:02,SOLUSDT,ask,147,7688.186
2024-08-20 07:32:03,SOLUSDT,ask,147,7565.316
2024-08-20 07:32:03,SOLUSDT,ask,147,7529.876
2024-08-20 07:32:04,SOLUSDT,ask,147,7465.828
2024-08-20 07:32:04,SOLUSDT,ask,147,7465.993
2024-08-20 07:32:05,SOLUSDT,ask,147,7960.346
2024-08-20 07:32:05,SOLUSDT,ask,147,7465.993
2024-08-20 07:32:07,SOLUSDT,ask,147,7479.625
2024-08-20 07:32:08,SOLUSDT,ask,163,16829.569
2024-08-20 07:32:10,SOLUSDT,ask,148,9965.727
2024-08-20 07:32:11,SOLUSDT,ask,147,7542.173
2024-08-20 07:32:11,SOLUSDT,ask,147,7545.712
2024-08-20 07:32:11,SOLUSDT,ask,147,8034.611
2024-08-20 07:32:11,SOLUSDT,ask,195,12100.426
2024-08-20 07:32:11,SOLUSDT,ask,147,7545.712
2024-08-20 07:32:13,SOLUSDT,ask,147,7510.272
2024-08-20 07:32:13,SOLUSDT,ask,147,7509.272
2024-08-20 07:32:13,SOLUSDT,ask,147,7543.361
2024-08-20 07:32:13,SOLUSDT,ask,152,28098.208
2024-08-20 07:32:14,SOLUSDT,ask,147,7569.17
2024-08-20 07:32:14,SOLUSDT,ask,147,7543.361
2024-08-20 07:32:15,SOLUSDT,ask,150,29811.917
2024-08-20 07:32:18,SOLUSDT,ask,147,7543.361
2024-08-20 07:32:19,SOLUSDT,ask,148,9945.797
2024-08-20 07:32:19,SOLUSDT,ask,147,7542.323
2024-08-20 07:32:21,SOLUSDT,ask,147,7508.234
2024-08-20 07:32:22,SOLUSDT,ask,147,7511.644
2024-08-20 07:32:22,SOLUSDT,ask,147,7784.345
2024-08-20 07:32:24,SOLUSDT,ask,147,7782.38
2024-08-20 07:32:25,SOLUSDT,ask,147,7750.391
2024-08-20 07:32:25,SOLUSDT,ask,147,7764.131
2024-08-20 07:32:25,SOLUSDT,bid,110,29507.65
2024-08-20 07:32:27,SOLUSDT,ask,150,29811.861
2024-08-20 07:32:27,SOLUSDT,bid,125,13418.98
2024-08-20 07:32:30,SOLUSDT,ask,150,29826.861
2024-08-20 07:32:30,SOLUSDT,ask,147,7796.11
2024-08-20 07:32:31,SOLUSDT,ask,148,9937.51
2024-08-20 07:32:32,SOLUSDT,ask,147,7769.002
2024-08-20 07:32:32,SOLUSDT,ask,195,12102.711
2024-08-20 07:32:33,SOLUSDT,ask,147,7737.023
2024-08-20 07:32:34,SOLUSDT,ask,147,7730.313
2024-08-20 07:32:34,SOLUSDT,ask,148,9930.48
2024-08-20 07:32:34,SOLUSDT,ask,147,7739.505
2024-08-20 07:32:36,SOLUSDT,ask,148,9930.565
2024-08-20 07:32:36,SOLUSDT,ask,147,7771.494
2024-08-20 07:32:37,SOLUSDT,ask,147,7736.837
2024-08-20 07:32:37,SOLUSDT,ask,148,9932.308
2024-08-20 07:32:37,SOLUSDT,ask,147,7727.645
2024-08-20 07:32:38,SOLUSDT,ask,147,7695.656
2024-08-20 07:32:40,SOLUSDT,ask,180,22404.228
2024-08-20 07:32:40,SOLUSDT,ask,147,7694.949
2024-08-20 07:32:41,SOLUSDT,ask,148,9918.508
2024-08-20 07:32:41,SOLUSDT,ask,147,7695.949
2024-08-20 07:32:41,SOLUSDT,ask,147,7675.238
2024-08-20 07:32:42,SOLUSDT,ask,148,9928.508
2024-08-20 07:32:43,SOLUSDT,ask,147,7842.559
2024-08-20 07:32:44,SOLUSDT,ask,147,7620.42
2024-08-20 07:32:44,SOLUSDT,ask,147,7647.528
2024-08-20 07:32:45,SOLUSDT,ask,147,7647.535
2024-08-20 07:32:45,SOLUSDT,ask,147,7648.242
2024-08-20 07:32:47,SOLUSDT,ask,147,7652.242
2024-08-20 07:32:47,SOLUSDT,ask,147,7653.242
2024-08-20 07:32:47,SOLUSDT,ask,155,11412.92
2024-08-20 07:32:48,SOLUSDT,bid,135,15417.759
2024-08-20 07:32:48,SOLUSDT,ask,147,7643.953
2024-08-20 07:32:50,SOLUSDT,ask,152,28097.177
2024-08-20 07:32:51,SOLUSDT,ask,147,7675.928
2024-08-20 07:32:52,SOLUSDT,ask,150,29818.158
2024-08-20 07:32:52,SOLUSDT,ask,147,7965.616
2024-08-20 07:32:52,SOLUSDT,ask,147,7962.208
2024-08-20 07:32:53,SOLUSDT,ask,147,7935.1
2024-08-20 07:32:53,SOLUSDT,ask,147,7939.464
2024-08-20 07:32:53,SOLUSDT,ask,147,7935.1
2024-08-20 07:32:53,SOLUSDT,ask,147,7939.463
2024-08-20 07:32:54,SOLUSDT,ask,147,7907.488
2024-08-20 07:32:54,SOLUSDT,ask,148,9926.508
2024-08-20 07:32:55,SOLUSDT,ask,147,7961.463
2024-08-20 07:32:55,SOLUSDT,ask,148,9871.392
2024-08-20 07:32:56,SOLUSDT,ask,150,29819.158
2024-08-20 07:32:57,SOLUSDT,ask,147,7957.463
2024-08-20 07:32:57,SOLUSDT,ask,195,12100.426
2024-08-20 07:32:57,SOLUSDT,ask,147,7943.831
2024-08-20 07:32:57,SOLUSDT,ask,170,13912.311
2024-08-20 07:32:58,SOLUSDT,ask,148,9870.311
2024-08-20 07:32:59,SOLUSDT,ask,148,9836.098
2024-08-20 07:32:59,SOLUSDT,ask,151,24531.07
2024-08-20 07:33:00,SOLUSDT,ask,147,7951.326
2024-08-20 07:33:03,SOLUSDT,ask,147,7983.311
2024-08-20 07:33:03,SOLUSDT,ask,147,7983.311
2024-08-20 07:33:03,SOLUSDT,ask,147,7946.326
2024-08-20 07:33:04,SOLUSDT,ask,147,7892.351
2024-08-20 07:33:04,SOLUSDT,ask,147,7924.334
2024-08-20 07:33:05,SOLUSDT,ask,150,29818.118
2024-08-20 07:33:06,SOLUSDT,ask,147,7605.364
2024-08-20 07:33:06,SOLUSDT,ask,147,7637.348
2024-08-20 07:33:06,SOLUSDT,ask,147,7605.364
2024-08-20 07:33:06,SOLUSDT,ask,147,7605.477
2024-08-20 07:33:07,SOLUSDT,ask,147,7659.336
2024-08-20 07:33:07,SOLUSDT,ask,147,7693.793
2024-08-20 07:33:07,SOLUSDT,ask,147,7697.793
2024-08-20 07:33:07,SOLUSDT,ask,147,7696.793
2024-08-20 07:33:09,SOLUSDT,ask,147,7697.12
2024-08-20 07:33:11,SOLUSDT,ask,147,7725.544
2024-08-20 07:33:12,SOLUSDT,ask,147,7691.087
2024-08-20 07:33:12,SOLUSDT,ask,147,7950.112
2024-08-20 07:33:13,SOLUSDT,ask,147,7943.082
2024-08-20 07:33:13,SOLUSDT,ask,148,9843.128
2024-08-20 07:33:14,SOLUSDT,ask,150,29814.778
2024-08-20 07:33:14,SOLUSDT,ask,147,7938.719
2024-08-20 07:33:14,SOLUSDT,ask,147,7934.719
2024-08-20 07:33:14,SOLUSDT,ask,147,7966.704
2024-08-20 07:33:15,SOLUSDT,ask,147,7934.719
2024-08-20 07:33:15,SOLUSDT,ask,147,7971.615
2024-08-20 07:33:15,SOLUSDT,ask,147,8003.602
2024-08-20 07:33:16,SOLUSDT,ask,147,8003.603
2024-08-20 07:33:16,SOLUSDT,ask,147,8003.603
2024-08-20 07:33:17,SOLUSDT,ask,155,11422.611
2024-08-20 07:33:18,SOLUSDT,bid,111,14127.218
2024-08-20 07:33:18,SOLUSDT,ask,150,29816.832
2024-08-20 07:33:21,SOLUSDT,ask,147,7971.615
2024-08-20 07:33:21,SOLUSDT,ask,147,7943.191
2024-08-20 07:33:21,SOLUSDT,ask,147,7779.679
2024-08-20 07:33:22,SOLUSDT,ask,147,7867.191
2024-08-20 07:33:22,SOLUSDT,ask,147,7821.104
2024-08-20 07:33:22,SOLUSDT,ask,147,7875.068
2024-08-20 07:33:22,SOLUSDT,ask,147,7816.299
2024-08-20 07:33:22,SOLUSDT,ask,147,8250.445
2024-08-20 07:33:22,SOLUSDT,ask,147,8252.147
2024-08-20 07:33:22,SOLUSDT,ask,148,9835.821
2024-08-20 07:33:22,SOLUSDT,ask,147,8306.107
2024-08-20 07:33:23,SOLUSDT,ask,147,8370.061
2024-08-20 07:33:23,SOLUSDT,ask,147,8398.53
2024-08-20 07:33:23,SOLUSDT,ask,147,8395.126
2024-08-20 07:33:23,SOLUSDT,ask,148,9890.937
2024-08-20 07:33:23,SOLUSDT,ask,147,7964.384
2024-08-20 07:33:24,SOLUSDT,ask,147,8453.053
2024-08-20 07:33:24,SOLUSDT,ask,147,8485.034
2024-08-20 07:33:25,SOLUSDT,ask,147,8486.076
2024-08-20 07:33:25,SOLUSDT,ask,147,8425.626
2024-08-20 07:33:25,SOLUSDT,ask,147,8365.145
2024-08-20 07:33:26,SOLUSDT,ask,147,8311.185
2024-08-20 07:33:27,SOLUSDT,ask,147,8307.712
2024-08-20 07:33:27,SOLUSDT,ask,160,26255.03
2024-08-20 07:33:28,SOLUSDT,ask,147,8339.698
2024-08-20 07:33:28,SOLUSDT,ask,147,8307.712
2024-08-20 07:33:29,SOLUSDT,ask,147,8339.697
2024-08-20 07:33:29,SOLUSDT,ask,147,8349.386
2024-08-20 07:33:30,SOLUSDT,ask,147,8341.289
2024-08-20 07:33:30,SOLUSDT,ask,147,8388.894
2024-08-20 07:33:31,SOLUSDT,ask,147,8341.289
2024-08-20 07:33:31,SOLUSDT,ask,147,7852.62
2024-08-20 07:33:31,SOLUSDT,ask,147,8290.604
2024-08-20 07:33:31,SOLUSDT,ask,150,29816.96
2024-08-20 07:33:31,SOLUSDT,ask,147,7852.62
2024-08-20 07:33:32,SOLUSDT,ask,147,8344.584
2024-08-20 07:33:32,SOLUSDT,ask,147,8398.566
2024-08-20 07:33:34,SOLUSDT,ask,147,8367.226
2024-08-20 07:33:34,SOLUSDT,ask,151,24536.498
2024-08-20 07:33:34,SOLUSDT,ask,147,8421.193
2024-08-20 07:33:34,SOLUSDT,ask,147,7983.207
2024-08-20 07:33:35,SOLUSDT,ask,147,8037.175
2024-08-20 07:33:35,SOLUSDT,ask,147,7923.965
2024-08-20 07:33:36,SOLUSDT,ask,148,9390.937
2024-08-20 07:33:37,SOLUSDT,ask,152,28095.759
2024-08-20 07:33:38,SOLUSDT,ask,147,7960.645
2024-08-20 07:33:38,SOLUSDT,ask,147,7959.603
2024-08-20 07:33:38,SOLUSDT,ask,147,8232.665
2024-08-20 07:33:39,SOLUSDT,ask,147,8230.963
2024-08-20 07:33:39,SOLUSDT,ask,152,28096.759
2024-08-20 07:33:40,SOLUSDT,ask,147,8223.468
2024-08-20 07:33:41,SOLUSDT,ask,147,8223.985
2024-08-20 07:33:41,SOLUSDT,ask,147,8255.966
2024-08-20 07:33:41,SOLUSDT,ask,147,8223.985
2024-08-20 07:33:42,SOLUSDT,ask,147,8255.966
2024-08-20 07:33:42,SOLUSDT,ask,147,8233.984
2024-08-20 07:33:43,SOLUSDT,ask,147,7924.242
2024-08-20 07:33:43,SOLUSDT,ask,147,7870.274
2024-08-20 07:33:45,SOLUSDT,ask,147,7816.307
2024-08-20 07:33:45,SOLUSDT,ask,147,7839.951
2024-08-20 07:33:45,SOLUSDT,ask,148,9392.937
2024-08-20 07:33:45,SOLUSDT,ask,147,8290.423
2024-08-20 07:33:45,SOLUSDT,ask,147,8344.4
2024-08-20 07:33:45,SOLUSDT,ask,147,8320.685
2024-08-20 07:33:45,SOLUSDT,ask,147,8021.952
2024-08-20 07:33:45,SOLUSDT,ask,147,7870.284
2024-08-20 07:33:46,SOLUSDT,ask,147,8292.506
2024-08-20 07:33:46,SOLUSDT,ask,147,8318.506
2024-08-20 07:33:46,SOLUSDT,ask,147,8292.506
2024-08-20 07:33:46,SOLUSDT,ask,147,7877.101
2024-08-20 07:33:47,SOLUSDT,ask,147,7870.284
2024-08-20 07:33:49,SOLUSDT,ask,148,9396.344
2024-08-20 07:33:49,SOLUSDT,ask,147,7906.799
2024-08-20 07:33:51,SOLUSDT,ask,147,8197.811
2024-08-20 07:33:51,SOLUSDT,ask,147,8161.296
2024-08-20 07:33:51,SOLUSDT,ask,147,8165.659
2024-08-20 07:33:52,SOLUSDT,ask,147,8166.509
2024-08-20 07:33:53,SOLUSDT,ask,147,8066.509
2024-08-20 07:33:53,SOLUSDT,ask,155,11422.448
2024-08-20 07:33:55,SOLUSDT,ask,148,9156.344
2024-08-20 07:33:55,SOLUSDT,ask,147,8066.509
2024-08-20 07:33:55,SOLUSDT,ask,147,8068.509
2024-08-20 07:33:58,SOLUSDT,ask,160,26255.2
2024-08-20 07:33:58,SOLUSDT,ask,195,12102.711
2024-08-20 07:33:59,SOLUSDT,ask,148,9157.194
2024-08-20 07:33:59,SOLUSDT,ask,150,29812.96
2024-08-20 07:33:59,SOLUSDT,ask,147,8063.718
2024-08-20 07:34:00,SOLUSDT,ask,160,26256.018
2024-08-20 07:34:00,SOLUSDT,ask,148,9102.078
2024-08-20 07:34:00,SOLUSDT,ask,195,12100.426
2024-08-20 07:34:00,SOLUSDT,ask,147,7955.758
2024-08-20 07:34:00,SOLUSDT,ask,147,7901.781
2024-08-20 07:34:00,SOLUSDT,ask,148,9101.993
2024-08-20 07:34:01,SOLUSDT,ask,147,7897.418
2024-08-20 07:34:03,SOLUSDT,ask,147,7897.253
2024-08-20 07:34:03,SOLUSDT,ask,170,13902.977
2024-08-20 07:34:03,SOLUSDT,ask,147,7865.268
2024-08-20 07:34:03,SOLUSDT,ask,150,29812.924
2024-08-20 07:34:04,SOLUSDT,ask,147,7864.292
2024-08-20 07:34:05,SOLUSDT,ask,151,24531.07
2024-08-20 07:34:06,SOLUSDT,ask,147,7844.202
2024-08-20 07:34:09,SOLUSDT,ask,160,26255.732
2024-08-20 07:34:10,SOLUSDT,ask,148,9104.035
2024-08-20 07:34:11,SOLUSDT,ask,155,11419.508
2024-08-20 07:34:11,SOLUSDT,ask,147,7848.365
2024-08-20 07:34:11,SOLUSDT,ask,147,7676.881
2024-08-20 07:34:11,SOLUSDT,ask,147,7684.376
2024-08-20 07:34:14,SOLUSDT,ask,147,7679.11
2024-08-20 07:34:15,SOLUSDT,ask,152,28095.759
2024-08-20 07:34:21,SOLUSDT,ask,200,43640.579
2024-08-20 07:34:22,SOLUSDT,ask,147,7420.085
2024-08-20 07:34:27,SOLUSDT,ask,147,7421.085
2024-08-20 07:34:27,SOLUSDT,ask,152,28099.386
2024-08-20 07:34:28,SOLUSDT,ask,155,11439.314
2024-08-20 07:34:28,SOLUSDT,ask,154,17956.154
2024-08-20 07:34:29,SOLUSDT,ask,160,26255.895
2024-08-20 07:34:30,SOLUSDT,ask,148,9103.994
2024-08-20 07:34:30,SOLUSDT,ask,147,7475.069
2024-08-20 07:34:30,SOLUSDT,ask,148,9102.995
2024-08-20 07:34:31,SOLUSDT,ask,148,9118.514
2024-08-20 07:34:31,SOLUSDT,ask,150,29797.405
2024-08-20 07:34:31,SOLUSDT,ask,147,7421.085
2024-08-20 07:34:31,SOLUSDT,ask,147,7475.074
2024-08-20 07:34:32,SOLUSDT,ask,147,7421.085
2024-08-20 07:34:32,SOLUSDT,ask,147,7491.914
2024-08-20 07:34:33,SOLUSDT,ask,160,26257.125
2024-08-20 07:34:34,SOLUSDT,ask,147,7180.587
2024-08-20 07:34:35,SOLUSDT,ask,147,7555.063
2024-08-20 07:34:36,SOLUSDT,ask,147,7541.423
2024-08-20 07:34:36,SOLUSDT,ask,147,7166.947
2024-08-20 07:34:36,SOLUSDT,ask,147,7166.947
2024-08-20 07:34:37,SOLUSDT,ask,147,7220.943
2024-08-20 07:34:37,SOLUSDT,ask,147,7166.965
2024-08-20 07:34:40,SOLUSDT,ask,148,9301.817
2024-08-20 07:34:41,SOLUSDT,bid,120,22826.102
2024-08-20 07:34:41,SOLUSDT,ask,148,8846.817
2024-08-20 07:34:44,SOLUSDT,ask,147,7220.944
2024-08-20 07:34:44,SOLUSDT,ask,200,43635.168
2024-08-20 07:34:45,SOLUSDT,ask,160,26257.75
2024-08-20 07:34:45,SOLUSDT,ask,147,7282.604
2024-08-20 07:34:45,SOLUSDT,ask,147,7174.641
2024-08-20 07:34:46,SOLUSDT,ask,150,29847.356
2024-08-20 07:34:46,SOLUSDT,ask,147,7174.807
2024-08-20 07:34:46,SOLUSDT,ask,147,7120.81
2024-08-20 07:34:47,SOLUSDT,ask,190,23443.125
2024-08-20 07:34:48,SOLUSDT,ask,147,7174.789
2024-08-20 07:34:48,SOLUSDT,ask,147,7175.768
2024-08-20 07:34:49,SOLUSDT,bid,125,13138.98
2024-08-20 07:34:50,SOLUSDT,ask,152,28099.785
2024-08-20 07:34:51,SOLUSDT,ask,147,7152.351
2024-08-20 07:34:53,SOLUSDT,ask,147,7153.359
2024-08-20 07:34:54,SOLUSDT,ask,147,7154.07
2024-08-20 07:34:58,SOLUSDT,ask,147,7174.0
2024-08-20 07:35:00,SOLUSDT,ask,147,7176.066
2024-08-20 07:35:01,SOLUSDT,ask,147,7168.391
2024-08-20 07:35:01,SOLUSDT,ask,147,7162.579
2024-08-20 07:35:02,SOLUSDT,ask,147,7170.254
2024-08-20 07:35:03,SOLUSDT,ask,147,7168.188
2024-08-20 07:35:03,SOLUSDT,ask,147,7165.637
2024-08-20 07:35:04,SOLUSDT,ask,147,7201.989
2024-08-20 07:35:07,SOLUSDT,ask,147,7232.972
2024-08-20 07:35:08,SOLUSDT,ask,170,13903.565
2024-08-20 07:35:11,SOLUSDT,ask,147,7233.021
2024-08-20 07:35:12,SOLUSDT,ask,147,7233.087
2024-08-20 07:35:12,SOLUSDT,ask,147,7231.087
2024-08-20 07:35:12,SOLUSDT,ask,147,7234.841
2024-08-20 07:35:14,SOLUSDT,ask,147,7263.904
2024-08-20 07:35:14,SOLUSDT,ask,152,28100.316
2024-08-20 07:35:14,SOLUSDT,ask,147,7234.841
2024-08-20 07:35:14,SOLUSDT,ask,170,13899.516
2024-08-20 07:35:16,SOLUSDT,ask,147,7266.83
2024-08-20 07:35:16,SOLUSDT,ask,147,7238.952
2024-08-20 07:35:17,SOLUSDT,ask,147,7173.187
2024-08-20 07:35:17,SOLUSDT,ask,147,6936.152
2024-08-20 07:35:17,SOLUSDT,ask,147,6896.589
2024-08-20 07:35:17,SOLUSDT,ask,147,6896.523
2024-08-20 07:35:18,SOLUSDT,ask,155,11437.129
2024-08-20 07:35:18,SOLUSDT,ask,150,29849.357
2024-08-20 07:35:19,SOLUSDT,ask,147,6893.42
2024-08-20 07:35:20,SOLUSDT,ask,150,29848.44
2024-08-20 07:35:21,SOLUSDT,ask,147,6893.92
2024-08-20 07:35:25,SOLUSDT,ask,147,6923.031
2024-08-20 07:35:25,SOLUSDT,ask,147,6893.92
2024-08-20 07:35:25,SOLUSDT,ask,147,6893.92
2024-08-20 07:35:25,SOLUSDT,ask,147,6894.005
2024-08-20 07:35:26,SOLUSDT,ask,147,6962.551
2024-08-20 07:35:27,SOLUSDT,ask,150,29848.582
2024-08-20 07:35:27,SOLUSDT,ask,165,16842.466
2024-08-20 07:35:28,SOLUSDT,ask,147,6937.678
2024-08-20 07:35:28,SOLUSDT,ask,147,6991.658
2024-08-20 07:35:28,SOLUSDT,ask,147,7476.711
2024-08-20 07:35:29,SOLUSDT,ask,147,7476.0
2024-08-20 07:35:29,SOLUSDT,ask,147,7446.896
2024-08-20 07:35:29,SOLUSDT,ask,147,7441.061
2024-08-20 07:35:29,SOLUSDT,ask,147,7470.157
2024-08-20 07:35:30,SOLUSDT,ask,147,7441.061
2024-08-20 07:35:30,SOLUSDT,ask,147,7470.165
2024-08-20 07:35:32,SOLUSDT,ask,147,7534.135
2024-08-20 07:35:33,SOLUSDT,ask,148,8836.817
2024-08-20 07:35:33,SOLUSDT,ask,147,7418.268
2024-08-20 07:35:33,SOLUSDT,ask,147,7418.405
2024-08-20 07:35:34,SOLUSDT,ask,147,7017.238
2024-08-20 07:35:36,SOLUSDT,ask,147,6988.134
2024-08-20 07:35:36,SOLUSDT,ask,147,6988.139
2024-08-20 07:35:36,SOLUSDT,ask,147,6956.22
2024-08-20 07:35:36,SOLUSDT,ask,147,7632.501
2024-08-20 07:35:37,SOLUSDT,ask,147,7578.517
2024-08-20 07:35:37,SOLUSDT,ask,147,7610.507
2024-08-20 07:35:37,SOLUSDT,ask,147,7621.075
2024-08-20 07:35:38,SOLUSDT,ask,147,7640.463
2024-08-20 07:35:38,SOLUSDT,ask,147,7345.775
2024-08-20 07:35:39,SOLUSDT,ask,147,7374.935
2024-08-20 07:35:40,SOLUSDT,ask,147,7374.864
2024-08-20 07:35:41,SOLUSDT,ask,148,8846.807
2024-08-20 07:35:41,SOLUSDT,ask,152,28097.219
2024-08-20 07:35:41,SOLUSDT,ask,147,7375.235
2024-08-20 07:35:42,SOLUSDT,ask,147,7502.302
2024-08-20 07:35:42,SOLUSDT,ask,190,23443.651
2024-08-20 07:35:42,SOLUSDT,ask,147,7414.81
2024-08-20 07:35:43,SOLUSDT,ask,147,7414.881
2024-08-20 07:35:44,SOLUSDT,ask,147,7347.062
2024-08-20 07:35:44,SOLUSDT,ask,147,7377.804
2024-08-20 07:35:44,SOLUSDT,ask,147,7408.208
2024-08-20 07:35:44,SOLUSDT,ask,147,7344.23
2024-08-20 07:35:45,SOLUSDT,ask,147,7362.678
2024-08-20 07:35:45,SOLUSDT,ask,152,28105.321
2024-08-20 07:35:45,SOLUSDT,ask,147,7394.67
2024-08-20 07:35:45,SOLUSDT,ask,147,7394.667
2024-08-20 07:35:46,SOLUSDT,ask,147,7385.51
2024-08-20 07:35:46,SOLUSDT,ask,147,7384.531
2024-08-20 07:35:46,SOLUSDT,ask,152,28097.219
2024-08-20 07:35:47,SOLUSDT,ask,147,7411.741
2024-08-20 07:35:48,SOLUSDT,ask,147,7364.137
2024-08-20 07:35:48,SOLUSDT,ask,190,23445.651
2024-08-20 07:35:50,SOLUSDT,ask,148,8845.706
2024-08-20 07:35:50,SOLUSDT,ask,147,7339.484
2024-08-20 07:35:50,SOLUSDT,ask,156,21151.633
2024-08-20 07:35:51,SOLUSDT,ask,147,7339.555
2024-08-20 07:35:51,SOLUSDT,bid,120,22826.411
2024-08-20 07:35:52,SOLUSDT,ask,147,7377.759
2024-08-20 07:35:53,SOLUSDT,ask,147,7425.362
2024-08-20 07:35:54,SOLUSDT,ask,147,7429.362
2024-08-20 07:35:54,SOLUSDT,ask,147,7425.362
2024-08-20 07:35:56,SOLUSDT,ask,152,28105.321
2024-08-20 07:35:58,SOLUSDT,ask,147,7426.463
2024-08-20 07:35:59,SOLUSDT,ask,190,23441.703
2024-08-20 07:36:00,SOLUSDT,ask,147,7378.86
2024-08-20 07:36:00,SOLUSDT,ask,152,28095.979
2024-08-20 07:36:00,SOLUSDT,ask,147,7388.057
2024-08-20 07:36:01,SOLUSDT,ask,147,7392.057
2024-08-20 07:36:01,SOLUSDT,ask,147,7388.057
2024-08-20 07:36:01,SOLUSDT,ask,147,7368.127
2024-08-20 07:36:02,SOLUSDT,ask,147,7302.397
2024-08-20 07:36:02,SOLUSDT,ask,150,29858.995
2024-08-20 07:36:02,SOLUSDT,ask,147,7306.397
2024-08-20 07:36:02,SOLUSDT,ask,147,7270.408
2024-08-20 07:36:02,SOLUSDT,ask,147,7318.011
2024-08-20 07:36:03,SOLUSDT,ask,147,7305.861
2024-08-20 07:36:03,SOLUSDT,ask,147,6923.053
2024-08-20 07:36:04,SOLUSDT,ask,147,6804.321
2024-08-20 07:36:07,SOLUSDT,ask,152,28087.877
2024-08-20 07:36:08,SOLUSDT,bid,110,29487.65
2024-08-20 07:36:10,SOLUSDT,ask,147,7135.501
2024-08-20 07:36:10,SOLUSDT,ask,147,7135.449
2024-08-20 07:36:11,SOLUSDT,ask,147,7049.699
2024-08-20 07:36:12,SOLUSDT,ask,147,7097.681
2024-08-20 07:36:14,SOLUSDT,ask,147,7050.036
2024-08-20 07:36:15,SOLUSDT,ask,147,7104.82
2024-08-20 07:36:19,SOLUSDT,ask,147,7176.82
2024-08-20 07:36:19,SOLUSDT,ask,147,7139.924
2024-08-20 07:36:19,SOLUSDT,ask,147,6942.816
2024-08-20 07:36:19,SOLUSDT,ask,148,8845.86
2024-08-20 07:36:20,SOLUSDT,ask,147,6942.887
2024-08-20 07:36:20,SOLUSDT,ask,148,8842.453
2024-08-20 07:36:21,SOLUSDT,ask,148,8832.463
2024-08-20 07:36:23,SOLUSDT,ask,147,6942.838
2024-08-20 07:36:24,SOLUSDT,ask,147,6925.558
2024-08-20 07:36:24,SOLUSDT,ask,147,6992.643
2024-08-20 07:36:24,SOLUSDT,ask,147,6992.572
2024-08-20 07:36:27,SOLUSDT,ask,147,6991.735
2024-08-20 07:36:29,SOLUSDT,ask,152,28080.605
2024-08-20 07:36:30,SOLUSDT,ask,160,26258.106
2024-08-20 07:36:30,SOLUSDT,ask,163,16829.213
2024-08-20 07:36:31,SOLUSDT,ask,152,27879.529
2024-08-20 07:36:32,SOLUSDT,ask,147,6850.9
2024-08-20 07:36:32,SOLUSDT,ask,147,6827.39
2024-08-20 07:36:32,SOLUSDT,ask,147,6826.348
2024-08-20 07:36:33,SOLUSDT,ask,148,8842.453
2024-08-20 07:36:36,SOLUSDT,ask,147,6826.448
2024-08-20 07:36:37,SOLUSDT,ask,147,6823.941
2024-08-20 07:36:37,SOLUSDT,ask,147,6826.292
2024-08-20 07:36:37,SOLUSDT,ask,160,26258.049
2024-08-20 07:36:38,SOLUSDT,bid,135,15413.17
2024-08-20 07:36:38,SOLUSDT,ask,147,6825.612
2024-08-20 07:36:38,SOLUSDT,ask,148,8843.133
2024-08-20 07:36:38,SOLUSDT,ask,147,6824.762
2024-08-20 07:36:41,SOLUSDT,ask,147,7025.838
2024-08-20 07:36:42,SOLUSDT,ask,148,8840.161
2024-08-20 07:36:43,SOLUSDT,ask,147,7057.826
2024-08-20 07:36:43,SOLUSDT,ask,147,7057.827
2024-08-20 07:36:44,SOLUSDT,ask,148,8840.804
2024-08-20 07:36:44,SOLUSDT,ask,147,7025.838
2024-08-20 07:36:44,SOLUSDT,ask,150,29859.452
2024-08-20 07:36:44,SOLUSDT,ask,147,7024.796
2024-08-20 07:36:45,SOLUSDT,ask,148,8843.183
2024-08-20 07:36:45,SOLUSDT,ask,147,7024.796
2024-08-20 07:36:45,SOLUSDT,ask,147,7056.786
2024-08-20 07:36:46,SOLUSDT,ask,147,7085.869
2024-08-20 07:36:46,SOLUSDT,ask,147,7117.853
2024-08-20 07:36:47,SOLUSDT,ask,147,7085.869
2024-08-20 07:36:47,SOLUSDT,ask,147,7053.794
2024-08-20 07:36:47,SOLUSDT,ask,147,7024.711
2024-08-20 07:36:47,SOLUSDT,ask,147,7053.796
2024-08-20 07:36:48,SOLUSDT,ask,147,7085.787
2024-08-20 07:36:49,SOLUSDT,ask,147,7082.877
2024-08-20 07:36:49,SOLUSDT,ask,147,7082.877
2024-08-20 07:36:50,SOLUSDT,ask,147,7082.869
2024-08-20 07:36:50,SOLUSDT,ask,150,29868.918
2024-08-20 07:36:50,SOLUSDT,ask,148,8827.664
2024-08-20 07:36:50,SOLUSDT,ask,190,23437.586
2024-08-20 07:36:50,SOLUSDT,ask,147,7114.858
2024-08-20 07:36:50,SOLUSDT,ask,200,43635.668
2024-08-20 07:36:51,SOLUSDT,ask,147,7104.858
2024-08-20 07:36:51,SOLUSDT,bid,120,22826.102
2024-08-20 07:36:51,SOLUSDT,bid,96,12005.118
2024-08-20 07:36:51,SOLUSDT,ask,147,7105.905
2024-08-20 07:36:52,SOLUSDT,ask,147,7105.885
2024-08-20 07:36:52,SOLUSDT,ask,147,7076.816
2024-08-20 07:36:52,SOLUSDT,ask,147,7134.952
2024-08-20 07:36:53,SOLUSDT,ask,150,29867.919
2024-08-20 07:36:55,SOLUSDT,ask,147,7133.952
2024-08-20 07:36:56,SOLUSDT,ask,147,7153.882
2024-08-20 07:36:56,SOLUSDT,ask,300,9417.84
2024-08-20 07:36:57,SOLUSDT,ask,150,29866.947
2024-08-20 07:36:58,SOLUSDT,ask,147,7121.893
2024-08-20 07:36:58,SOLUSDT,ask,147,7034.688
2024-08-20 07:36:59,SOLUSDT,ask,147,7088.667
2024-08-20 07:36:59,SOLUSDT,ask,147,7142.648
2024-08-20 07:37:01,SOLUSDT,ask,147,7088.669
2024-08-20 07:37:01,SOLUSDT,ask,147,7034.688
2024-08-20 07:37:01,SOLUSDT,ask,147,7088.664
2024-08-20 07:37:02,SOLUSDT,ask,147,7117.783
2024-08-20 07:37:02,SOLUSDT,ask,147,7034.688
2024-08-20 07:37:02,SOLUSDT,ask,147,7092.918
2024-08-20 07:37:02,SOLUSDT,ask,147,7229.339
2024-08-20 07:37:02,SOLUSDT,ask,147,7233.589
2024-08-20 07:37:02,SOLUSDT,ask,147,7204.474
2024-08-20 07:37:02,SOLUSDT,ask,150,29864.465
2024-08-20 07:37:03,SOLUSDT,ask,147,7258.456
2024-08-20 07:37:03,SOLUSDT,ask,147,7267.755
2024-08-20 07:37:03,SOLUSDT,ask,147,7325.943
2024-08-20 07:37:03,SOLUSDT,ask,147,7267.711
2024-08-20 07:37:03,SOLUSDT,ask,155,11437.591
2024-08-20 07:37:05,SOLUSDT,ask,152,27887.631
2024-08-20 07:37:07,SOLUSDT,ask,147,6828.469
2024-08-20 07:37:07,SOLUSDT,ask,147,6829.511
2024-08-20 07:37:09,SOLUSDT,ask,160,26283.131
2024-08-20 07:37:09,SOLUSDT,ask,147,6892.375
2024-08-20 07:37:09,SOLUSDT,ask,147,6867.791
2024-08-20 07:37:09,SOLUSDT,ask,150,29874.403
2024-08-20 07:37:10,SOLUSDT,ask,147,7403.8
2024-08-20 07:37:10,SOLUSDT,ask,180,22424.665
2024-08-20 07:37:10,SOLUSDT,ask,147,7403.8
2024-08-20 07:37:11,SOLUSDT,ask,150,29874.46
2024-08-20 07:37:11,SOLUSDT,ask,158,18908.421
2024-08-20 07:37:12,SOLUSDT,ask,147,7403.765
2024-08-20 07:37:12,SOLUSDT,ask,151,24516.152
2024-08-20 07:37:13,SOLUSDT,ask,147,7402.32
2024-08-20 07:37:13,SOLUSDT,ask,147,7040.282
2024-08-20 07:37:13,SOLUSDT,ask,147,6866.24
2024-08-20 07:37:13,SOLUSDT,ask,147,6857.012
2024-08-20 07:37:14,SOLUSDT,ask,147,6861.262
2024-08-20 07:37:15,SOLUSDT,ask,150,29875.46
2024-08-20 07:37:16,SOLUSDT,ask,210,24798.111
2024-08-20 07:37:16,SOLUSDT,ask,147,6863.161
2024-08-20 07:37:16,SOLUSDT,ask,147,6863.232
2024-08-20 07:37:16,SOLUSDT,ask,147,6858.982
2024-08-20 07:37:18,SOLUSDT,ask,147,7034.674
2024-08-20 07:37:18,SOLUSDT,ask,147,7522.552
2024-08-20 07:37:18,SOLUSDT,ask,147,7554.539
2024-08-20 07:37:18,SOLUSDT,ask,152,27879.529
2024-08-20 07:37:18,SOLUSDT,ask,147,7522.552
2024-08-20 07:37:19,SOLUSDT,ask,147,7546.15
2024-08-20 07:37:21,SOLUSDT,ask,148,8825.285
2024-08-20 07:37:21,SOLUSDT,ask,152,27880.974
2024-08-20 07:37:21,SOLUSDT,bid,130,15814.811
2024-08-20 07:37:21,SOLUSDT,ask,147,7546.252
2024-08-20 07:37:22,SOLUSDT,ask,152,27889.076
2024-08-20 07:37:22,SOLUSDT,ask,147,7523.654
2024-08-20 07:37:22,SOLUSDT,ask,147,7587.628
2024-08-20 07:37:23,SOLUSDT,bid,135,15412.57
2024-08-20 07:37:23,SOLUSDT,ask,147,7411.936
2024-08-20 07:37:23,SOLUSDT,ask,165,16859.777
2024-08-20 07:37:23,SOLUSDT,ask,160,26283.547
2024-08-20 07:37:23,SOLUSDT,ask,147,7411.865
2024-08-20 07:37:25,SOLUSDT,ask,147,7412.084
2024-08-20 07:37:27,SOLUSDT,ask,170,13899.005
2024-08-20 07:37:28,SOLUSDT,ask,147,7286.168
2024-08-20 07:37:28,SOLUSDT,ask,152,27880.974
2024-08-20 07:37:29,SOLUSDT,ask,165,16870.175
2024-08-20 07:37:29,SOLUSDT,ask,150,29876.607
2024-08-20 07:37:30,SOLUSDT,ask,147,7293.269
2024-08-20 07:37:30,SOLUSDT,ask,148,8818.255
2024-08-20 07:37:30,SOLUSDT,ask,147,7293.198
2024-08-20 07:37:32,SOLUSDT,ask,148,8820.85
2024-08-20 07:37:33,SOLUSDT,ask,147,7297.198
2024-08-20 07:37:33,SOLUSDT,ask,147,6935.236
2024-08-20 07:37:35,SOLUSDT,ask,147,6935.307
2024-08-20 07:37:36,SOLUSDT,ask,147,6935.236
2024-08-20 07:37:37,SOLUSDT,ask,400,4716.187
2024-08-20 07:37:37,SOLUSDT,ask,148,8821.85
2024-08-20 07:37:38,SOLUSDT,ask,300,9427.84
2024-08-20 07:37:39,SOLUSDT,ask,150,29872.214
2024-08-20 07:37:40,SOLUSDT,ask,175,13016.325
2024-08-20 07:37:42,SOLUSDT,ask,147,6935.307
2024-08-20 07:37:42,SOLUSDT,ask,147,7486.619
2024-08-20 07:37:43,SOLUSDT,ask,147,7422.645
2024-08-20 07:37:43,SOLUSDT,ask,147,7418.645
2024-08-20 07:37:44,SOLUSDT,ask,150,29822.263
2024-08-20 07:37:45,SOLUSDT,ask,150,29826.375
2024-08-20 07:37:47,SOLUSDT,ask,147,6867.262
2024-08-20 07:37:47,SOLUSDT,ask,147,6901.719
2024-08-20 07:37:50,SOLUSDT,ask,147,7033.105
2024-08-20 07:37:52,SOLUSDT,ask,147,7025.889
2024-08-20 07:37:52,SOLUSDT,ask,210,24862.544
2024-08-20 07:37:52,SOLUSDT,ask,147,7150.523
2024-08-20 07:37:52,SOLUSDT,ask,147,7025.889
2024-08-20 07:37:53,SOLUSDT,ask,147,7023.681
2024-08-20 07:37:54,SOLUSDT,ask,190,23438.604
2024-08-20 07:37:56,SOLUSDT,ask,147,7027.092
2024-08-20 07:37:56,SOLUSDT,ask,147,7152.085
2024-08-20 07:37:57,SOLUSDT,ask,147,7518.759
2024-08-20 07:37:57,SOLUSDT,ask,198,5054.645
2024-08-20 07:37:58,SOLUSDT,ask,147,7516.759
2024-08-20 07:37:58,SOLUSDT,ask,160,26002.813
2024-08-20 07:37:59,SOLUSDT,ask,147,7150.085
2024-08-20 07:38:01,SOLUSDT,ask,147,7150.219
2024-08-20 07:38:02,SOLUSDT,ask,147,7025.226
2024-08-20 07:38:03,SOLUSDT,ask,147,7025.922
2024-08-20 07:38:03,SOLUSDT,ask,147,7036.031
2024-08-20 07:38:05,SOLUSDT,ask,180,22391.698
2024-08-20 07:38:06,SOLUSDT,bid,135,15411.57
2024-08-20 07:38:07,SOLUSDT,ask,147,7035.963
2024-08-20 07:38:09,SOLUSDT,ask,147,7001.506
2024-08-20 07:38:09,SOLUSDT,ask,147,7001.468
2024-08-20 07:38:10,SOLUSDT,ask,147,6991.359
2024-08-20 07:38:10,SOLUSDT,ask,147,6987.948
2024-08-20 07:38:11,SOLUSDT,ask,147,7272.196
2024-08-20 07:38:15,SOLUSDT,ask,147,7265.166
2024-08-20 07:38:16,SOLUSDT,ask,147,7269.262
2024-08-20 07:38:19,SOLUSDT,ask,147,7269.398
2024-08-20 07:38:19,SOLUSDT,ask,155,11438.241
2024-08-20 07:38:19,SOLUSDT,ask,147,7272.808
2024-08-20 07:38:20,SOLUSDT,ask,147,7273.612
2024-08-20 07:38:22,SOLUSDT,ask,147,7269.858
2024-08-20 07:38:23,SOLUSDT,ask,147,7301.843
2024-08-20 07:38:23,SOLUSDT,ask,147,7301.844
2024-08-20 07:38:23,SOLUSDT,ask,147,7301.845
2024-08-20 07:38:25,SOLUSDT,ask,147,7302.849
2024-08-20 07:38:26,SOLUSDT,ask,147,7331.41
2024-08-20 07:38:26,SOLUSDT,ask,147,7299.425
2024-08-20 07:38:26,SOLUSDT,ask,147,7331.412
2024-08-20 07:38:28,SOLUSDT,ask,147,7311.482
2024-08-20 07:38:29,SOLUSDT,ask,147,7306.702
2024-08-20 07:38:32,SOLUSDT,ask,148,8896.346
2024-08-20 07:38:33,SOLUSDT,ask,147,7278.139
2024-08-20 07:38:33,SOLUSDT,ask,158,18909.42
2024-08-20 07:38:36,SOLUSDT,ask,150,29823.815
2024-08-20 07:38:36,SOLUSDT,ask,148,8897.43
2024-08-20 07:38:36,SOLUSDT,ask,150,29844.962
2024-08-20 07:38:39,SOLUSDT,ask,147,7246.152
2024-08-20 07:38:39,SOLUSDT,ask,147,7214.166
2024-08-20 07:38:42,SOLUSDT,ask,147,7246.15
2024-08-20 07:38:42,SOLUSDT,ask,147,7246.154
2024-08-20 07:38:43,SOLUSDT,ask,147,7174.154
2024-08-20 07:38:43,SOLUSDT,ask,147,7172.255
2024-08-20 07:38:49,SOLUSDT,ask,147,7172.254
2024-08-20 07:38:50,SOLUSDT,ask,147,7204.242
2024-08-20 07:38:50,SOLUSDT,ask,147,7172.256
2024-08-20 07:38:53,SOLUSDT,ask,163,16828.192
2024-08-20 07:38:53,SOLUSDT,ask,147,7140.268
2024-08-20 07:38:53,SOLUSDT,ask,147,7064.088
2024-08-20 07:38:54,SOLUSDT,ask,147,7067.562
2024-08-20 07:38:56,SOLUSDT,ask,147,7066.52
2024-08-20 07:38:58,SOLUSDT,ask,148,8895.33
2024-08-20 07:38:59,SOLUSDT,ask,147,7098.505
2024-08-20 07:39:00,SOLUSDT,ask,147,7128.389
2024-08-20 07:39:04,SOLUSDT,ask,147,7128.591
2024-08-20 07:39:05,SOLUSDT,ask,147,7096.606
2024-08-20 07:39:07,SOLUSDT,ask,147,7128.593
2024-08-20 07:39:07,SOLUSDT,ask,147,7132.957
2024-08-20 07:39:07,SOLUSDT,ask,147,7131.949
2024-08-20 07:39:08,SOLUSDT,ask,147,7217.914
2024-08-20 07:39:08,SOLUSDT,ask,147,7185.928
2024-08-20 07:39:13,SOLUSDT,ask,147,7156.044
2024-08-20 07:39:13,SOLUSDT,ask,147,7156.044
2024-08-20 07:39:21,SOLUSDT,ask,147,7124.058
2024-08-20 07:39:23,SOLUSDT,ask,148,8894.48
2024-08-20 07:39:26,SOLUSDT,ask,147,7156.045
2024-08-20 07:39:27,SOLUSDT,ask,147,7156.047
2024-08-20 07:39:28,SOLUSDT,ask,147,7124.058
2024-08-20 07:39:28,SOLUSDT,ask,147,7070.078
2024-08-20 07:39:30,SOLUSDT,ask,156,21151.514
2024-08-20 07:39:31,SOLUSDT,ask,147,7069.738
2024-08-20 07:39:31,SOLUSDT,bid,120,22819.173
2024-08-20 07:39:33,SOLUSDT,bid,130,15807.119
2024-08-20 07:39:40,SOLUSDT,ask,150,29864.962
2024-08-20 07:39:41,SOLUSDT,ask,152,27879.529
2024-08-20 07:39:41,SOLUSDT,ask,147,7065.374
2024-08-20 07:39:42,SOLUSDT,ask,147,7064.575
2024-08-20 07:39:44,SOLUSDT,ask,147,7064.575
2024-08-20 07:39:49,SOLUSDT,ask,147,7118.484
2024-08-20 07:39:49,SOLUSDT,ask,147,7150.462
2024-08-20 07:39:49,SOLUSDT,ask,147,7118.484
2024-08-20 07:39:49,SOLUSDT,ask,147,7125.514
2024-08-20 07:39:51,SOLUSDT,ask,147,7096.434
2024-08-20 07:39:52,SOLUSDT,ask,147,7097.879
2024-08-20 07:39:55,SOLUSDT,ask,147,7129.859
2024-08-20 07:39:55,SOLUSDT,ask,148,8819.984
2024-08-20 07:39:56,SOLUSDT,ask,151,24536.152
2024-08-20 07:39:56,SOLUSDT,ask,147,7128.749
2024-08-20 07:39:56,SOLUSDT,ask,154,17991.108
2024-08-20 07:39:58,SOLUSDT,ask,147,6844.549
2024-08-20 07:39:58,SOLUSDT,ask,148,8816.441
2024-08-20 07:39:58,SOLUSDT,ask,147,6847.549
2024-08-20 07:39:59,SOLUSDT,ask,147,6851.316
2024-08-20 07:39:59,SOLUSDT,ask,147,6852.574
2024-08-20 07:40:01,SOLUSDT,ask,148,8817.997
2024-08-20 07:40:02,SOLUSDT,ask,150,29863.962
2024-08-20 07:40:02,SOLUSDT,ask,147,7147.936
2024-08-20 07:40:02,SOLUSDT,ask,147,7146.936
2024-08-20 07:40:05,SOLUSDT,ask,150,29870.786
2024-08-20 07:40:05,SOLUSDT,ask,165,16869.775
2024-08-20 07:40:06,SOLUSDT,ask,152,27897.822
2024-08-20 07:40:06,SOLUSDT,ask,170,13898.605
2024-08-20 07:40:07,SOLUSDT,ask,147,7143.169
2024-08-20 07:40:07,SOLUSDT,ask,147,7142.489
2024-08-20 07:40:07,SOLUSDT,ask,200,43635.168
2024-08-20 07:40:07,SOLUSDT,ask,147,6847.127
2024-08-20 07:40:08,SOLUSDT,ask,147,6846.961
2024-08-20 07:40:08,SOLUSDT,ask,147,6847.126
2024-08-20 07:40:09,SOLUSDT,ask,147,7142.488
2024-08-20 07:40:09,SOLUSDT,ask,147,7092.488
2024-08-20 07:40:10,SOLUSDT,ask,147,7060.512
2024-08-20 07:40:10,SOLUSDT,ask,147,7122.292
2024-08-20 07:40:11,SOLUSDT,ask,147,7122.29
2024-08-20 07:40:11,SOLUSDT,ask,147,7152.092
2024-08-20 07:40:11,SOLUSDT,ask,147,7181.891
2024-08-20 07:40:11,SOLUSDT,ask,147,7177.795
2024-08-20 07:40:12,SOLUSDT,ask,147,6976.719
2024-08-20 07:40:14,SOLUSDT,ask,147,6946.92
2024-08-20 07:40:14,SOLUSDT,ask,147,6960.557
2024-08-20 07:40:15,SOLUSDT,ask,148,8892.493
2024-08-20 07:40:16,SOLUSDT,ask,148,8890.488
2024-08-20 07:40:18,SOLUSDT,ask,148,8812.101
2024-08-20 07:40:23,SOLUSDT,ask,147,6942.122
2024-08-20 07:40:24,SOLUSDT,ask,147,6969.332
2024-08-20 07:40:25,SOLUSDT,ask,147,6969.403
2024-08-20 07:40:25,SOLUSDT,ask,147,6969.332
2024-08-20 07:40:26,SOLUSDT,ask,147,7170.527
2024-08-20 07:40:26,SOLUSDT,ask,175,13016.525
2024-08-20 07:40:27,SOLUSDT,ask,147,7170.598
2024-08-20 07:40:27,SOLUSDT,ask,147,7138.622
2024-08-20 07:40:28,SOLUSDT,ask,147,7139.622
2024-08-20 07:40:28,SOLUSDT,ask,147,7139.551
2024-08-20 07:40:28,SOLUSDT,ask,147,7139.716
2024-08-20 07:40:29,SOLUSDT,ask,147,7171.765
2024-08-20 07:40:29,SOLUSDT,ask,165,16852.464
2024-08-20 07:40:30,SOLUSDT,ask,155,11437.569
2024-08-20 07:40:31,SOLUSDT,ask,147,7171.694
2024-08-20 07:40:31,SOLUSDT,ask,147,7171.765
2024-08-20 07:40:33,SOLUSDT,ask,147,7172.765
2024-08-20 07:40:34,SOLUSDT,ask,150,29870.644
2024-08-20 07:40:34,SOLUSDT,ask,147,7172.694
2024-08-20 07:40:34,SOLUSDT,ask,147,7172.765
2024-08-20 07:40:35,SOLUSDT,ask,147,7171.765
2024-08-20 07:40:35,SOLUSDT,ask,147,7171.694
2024-08-20 07:40:35,SOLUSDT,ask,147,6997.216
2024-08-20 07:40:35,SOLUSDT,ask,147,6970.499
2024-08-20 07:40:38,SOLUSDT,ask,152,27899.827
2024-08-20 07:40:39,SOLUSDT,ask,147,6973.847
2024-08-20 07:40:39,SOLUSDT,ask,147,6973.847
2024-08-20 07:40:40,SOLUSDT,ask,147,6973.918
2024-08-20 07:40:44,SOLUSDT,ask,154,17998.608
2024-08-20 07:40:44,SOLUSDT,ask,147,7043.821
2024-08-20 07:40:45,SOLUSDT,ask,147,7042.376
2024-08-20 07:40:46,SOLUSDT,ask,147,7032.386
2024-08-20 07:40:49,SOLUSDT,ask,147,7032.486
2024-08-20 07:40:50,SOLUSDT,ask,147,6969.889
2024-08-20 07:40:50,SOLUSDT,ask,152,27898.388
2024-08-20 07:40:52,SOLUSDT,ask,147,6964.285
2024-08-20 07:40:52,SOLUSDT,ask,147,6967.015
2024-08-20 07:40:53,SOLUSDT,ask,160,26002.779
2024-08-20 07:40:54,SOLUSDT,ask,147,6966.944
2024-08-20 07:40:54,SOLUSDT,ask,147,6967.109
2024-08-20 07:40:55,SOLUSDT,ask,147,6967.18
2024-08-20 07:40:56,SOLUSDT,ask,148,8812.135
2024-08-20 07:40:57,SOLUSDT,ask,150,29873.613
2024-08-20 07:40:57,SOLUSDT,ask,150,29862.61
2024-08-20 07:40:58,SOLUSDT,ask,147,6968.18
2024-08-20 07:41:02,SOLUSDT,ask,147,6967.177
2024-08-20 07:41:02,SOLUSDT,ask,147,7082.739
2024-08-20 07:41:03,SOLUSDT,ask,147,7052.627
2024-08-20 07:41:03,SOLUSDT,ask,147,7051.76
2024-08-20 07:41:05,SOLUSDT,ask,147,7079.316
2024-08-20 07:41:06,SOLUSDT,ask,147,7469.45
2024-08-20 07:41:06,SOLUSDT,ask,147,7470.824
2024-08-20 07:41:07,SOLUSDT,ask,175,13016.325
2024-08-20 07:41:07,SOLUSDT,ask,147,7540.727
2024-08-20 07:41:08,SOLUSDT,ask,147,7470.824
2024-08-20 07:41:09,SOLUSDT,ask,147,7406.87
2024-08-20 07:41:09,SOLUSDT,ask,147,7469.454
2024-08-20 07:41:10,SOLUSDT,ask,147,7544.263
2024-08-20 07:41:11,SOLUSDT,ask,147,7469.454
2024-08-20 07:41:11,SOLUSDT,ask,147,7412.07
2024-08-20 07:41:12,SOLUSDT,ask,147,7594.306
2024-08-20 07:41:12,SOLUSDT,ask,147,7594.366
2024-08-20 07:41:12,SOLUSDT,ask,170,13898.805
2024-08-20 07:41:12,SOLUSDT,ask,147,7594.306
2024-08-20 07:41:13,SOLUSDT,ask,150,29862.868
2024-08-20 07:41:13,SOLUSDT,ask,147,7533.958
2024-08-20 07:41:13,SOLUSDT,ask,147,7326.533
2024-08-20 07:41:13,SOLUSDT,ask,147,7467.436
2024-08-20 07:41:13,SOLUSDT,ask,147,7474.236
2024-08-20 07:41:13,SOLUSDT,ask,147,7478.177
2024-08-20 07:41:14,SOLUSDT,ask,147,7451.392
2024-08-20 07:41:14,SOLUSDT,ask,147,7447.918
2024-08-20 07:41:14,SOLUSDT,ask,147,7477.393
2024-08-20 07:41:15,SOLUSDT,ask,147,7477.191
2024-08-20 07:41:15,SOLUSDT,ask,147,7506.749
2024-08-20 07:41:15,SOLUSDT,ask,147,7477.243
2024-08-20 07:41:16,SOLUSDT,ask,147,7416.905
2024-08-20 07:41:16,SOLUSDT,ask,147,7416.905
2024-08-20 07:41:17,SOLUSDT,ask,147,7394.321
2024-08-20 07:41:17,SOLUSDT,ask,147,7364.767
2024-08-20 07:41:17,SOLUSDT,ask,147,7394.321
2024-08-20 07:41:18,SOLUSDT,ask,147,7423.875
2024-08-20 07:41:18,SOLUSDT,ask,147,7321.803
2024-08-20 07:41:18,SOLUSDT,ask,147,7351.366
2024-08-20 07:41:18,SOLUSDT,ask,147,7380.929
2024-08-20 07:41:18,SOLUSDT,ask,147,7317.41
2024-08-20 07:41:19,SOLUSDT,ask,147,7309.455
2024-08-20 07:41:20,SOLUSDT,ask,147,7279.886
2024-08-20 07:41:21,SOLUSDT,ask,147,7309.457
2024-08-20 07:41:23,SOLUSDT,ask,147,7282.301
2024-08-20 07:41:23,SOLUSDT,ask,147,7220.76
2024-08-20 07:41:24,SOLUSDT,ask,147,7161.643
2024-08-20 07:41:24,SOLUSDT,ask,147,7132.089
2024-08-20 07:41:24,SOLUSDT,ask,147,7191.205
2024-08-20 07:41:24,SOLUSDT,ask,147,7132.089
2024-08-20 07:41:24,SOLUSDT,ask,147,7161.647
2024-08-20 07:41:24,SOLUSDT,ask,147,7132.089
2024-08-20 07:41:25,SOLUSDT,ask,147,7161.647
2024-08-20 07:41:25,SOLUSDT,ask,147,7132.089
2024-08-20 07:41:25,SOLUSDT,ask,147,7072.981
2024-08-20 07:41:26,SOLUSDT,ask,147,7102.539
2024-08-20 07:41:26,SOLUSDT,ask,147,7072.981
2024-08-20 07:41:26,SOLUSDT,ask,147,7072.654
2024-08-20 07:41:28,SOLUSDT,ask,147,7147.044
2024-08-20 07:41:29,SOLUSDT,ask,150,29875.28
2024-08-20 07:41:29,SOLUSDT,ask,147,7072.654
2024-08-20 07:41:29,SOLUSDT,ask,147,7074.69
2024-08-20 07:41:31,SOLUSDT,ask,147,7074.652
2024-08-20 07:41:31,SOLUSDT,ask,151,24536.114
2024-08-20 07:41:31,SOLUSDT,ask,155,11437.531
2024-08-20 07:41:31,SOLUSDT,bid,135,15411.532
2024-08-20 07:41:31,SOLUSDT,ask,150,29875.209
2024-08-20 07:41:33,SOLUSDT,ask,147,7074.617
2024-08-20 07:41:36,SOLUSDT,ask,150,29874.762
2024-08-20 07:41:37,SOLUSDT,ask,147,7074.546
2024-08-20 07:41:37,SOLUSDT,ask,150,29878.236
2024-08-20 07:41:38,SOLUSDT,ask,147,7101.654
2024-08-20 07:41:38,SOLUSDT,ask,147,6918.945
2024-08-20 07:41:39,SOLUSDT,ask,147,6990.309
2024-08-20 07:41:39,SOLUSDT,ask,147,6918.945
2024-08-20 07:41:39,SOLUSDT,bid,120,22818.823
2024-08-20 07:41:41,SOLUSDT,ask,147,6912.145
2024-08-20 07:41:41,SOLUSDT,ask,180,22392.622
2024-08-20 07:41:43,SOLUSDT,ask,147,6914.326
2024-08-20 07:41:43,SOLUSDT,ask,147,7375.296
2024-08-20 07:41:43,SOLUSDT,ask,147,7325.296
2024-08-20 07:41:44,SOLUSDT,ask,147,7325.173
2024-08-20 07:41:45,SOLUSDT,ask,148,8896.642
2024-08-20 07:41:46,SOLUSDT,ask,165,16854.164
2024-08-20 07:41:46,SOLUSDT,ask,147,7159.443
2024-08-20 07:41:48,SOLUSDT,ask,150,29876.235
2024-08-20 07:41:48,SOLUSDT,ask,148,8895.962
2024-08-20 07:41:49,SOLUSDT,ask,148,8893.964
2024-08-20 07:41:50,SOLUSDT,ask,147,7162.654
2024-08-20 07:41:50,SOLUSDT,ask,147,7135.546
2024-08-20 07:41:51,SOLUSDT,ask,155,11440.233
2024-08-20 07:41:54,SOLUSDT,ask,147,7134.546
2024-08-20 07:41:56,SOLUSDT,ask,147,7136.963
2024-08-20 07:41:57,SOLUSDT,ask,147,7104.985
2024-08-20 07:41:58,SOLUSDT,ask,147,7073.007
2024-08-20 07:41:58,SOLUSDT,ask,147,7041.029
2024-08-20 07:42:00,SOLUSDT,ask,147,7047.771
2024-08-20 07:42:01,SOLUSDT,ask,148,8911.275
2024-08-20 07:42:04,SOLUSDT,ask,147,7045.904
2024-08-20 07:42:04,SOLUSDT,ask,148,8911.241
2024-08-20 07:42:04,SOLUSDT,bid,135,15410.532
2024-08-20 07:42:05,SOLUSDT,ask,147,7042.693
2024-08-20 07:42:05,SOLUSDT,ask,147,7013.139
2024-08-20 07:42:07,SOLUSDT,ask,147,7012.139
2024-08-20 07:42:12,SOLUSDT,ask,150,29875.235
2024-08-20 07:42:12,SOLUSDT,ask,160,25997.37
2024-08-20 07:42:16,SOLUSDT,ask,148,8836.745
2024-08-20 07:42:18,SOLUSDT,ask,148,8836.102
2024-08-20 07:42:18,SOLUSDT,ask,160,25997.233
2024-08-20 07:42:18,SOLUSDT,ask,150,29871.761
2024-08-20 07:42:19,SOLUSDT,ask,193,7264.927
2024-08-20 07:42:24,SOLUSDT,ask,148,8652.799
2024-08-20 07:42:32,SOLUSDT,ask,148,8644.635
2024-08-20 07:42:43,SOLUSDT,ask,150,29871.689
2024-08-20 07:42:44,SOLUSDT,ask,150,29909.249
2024-08-20 07:42:45,SOLUSDT,ask,160,26006.809
2024-08-20 07:42:45,SOLUSDT,ask,148,8645.582
2024-08-20 07:42:45,SOLUSDT,ask,148,8721.655
2024-08-20 07:42:48,SOLUSDT,ask,148,8729.452
2024-08-20 07:42:55,SOLUSDT,ask,160,26006.744
2024-08-20 07:42:57,SOLUSDT,bid,125,13099.836
2024-08-20 07:43:03,SOLUSDT,bid,110,29487.55
2024-08-20 07:43:03,SOLUSDT,ask,175,13016.225
2024-08-20 07:43:03,SOLUSDT,ask,180,22392.522
2024-08-20 07:43:08,SOLUSDT,ask,150,29902.409
2024-08-20 07:43:10,SOLUSDT,ask,155,11440.089
2024-08-20 07:43:10,SOLUSDT,ask,160,26006.6
2024-08-20 07:43:15,SOLUSDT,ask,250,18595.091
2024-08-20 07:43:18,SOLUSDT,bid,130,15801.357
2024-08-20 07:43:20,SOLUSDT,ask,150,29901.909
2024-08-20 07:43:20,SOLUSDT,ask,152,27896.172
2024-08-20 07:43:21,SOLUSDT,ask,156,21155.512
2024-08-20 07:43:25,SOLUSDT,ask,148,8729.415
2024-08-20 07:43:34,SOLUSDT,ask,600,3101.919
2024-08-20 07:43:37,SOLUSDT,ask,180,22392.556
2024-08-20 07:43:44,SOLUSDT,ask,150,29901.092
2024-08-20 07:43:59,SOLUSDT,ask,188,11002.023
2024-08-20 07:44:00,SOLUSDT,ask,163,16828.805
2024-08-20 07:44:04,SOLUSDT,ask,150,29901.959
2024-08-20 07:44:10,SOLUSDT,ask,155,11441.165
2024-08-20 07:44:17,SOLUSDT,bid,115,20823.051
2024-08-20 07:44:23,SOLUSDT,ask,195,12094.261
2024-08-20 07:44:32,SOLUSDT,ask,163,16834.97
2024-08-20 07:44:36,SOLUSDT,ask,150,29903.359
2024-08-20 07:44:37,SOLUSDT,ask,165,16850.115
2024-08-20 07:44:41,SOLUSDT,bid,135,15409.683
2024-08-20 07:44:51,SOLUSDT,ask,148,8726.238
2024-08-20 07:44:59,SOLUSDT,ask,148,8741.718
2024-08-20 07:45:03,SOLUSDT,ask,148,8741.58
2024-08-20 07:45:05,SOLUSDT,ask,148,8743.604
2024-08-20 07:45:09,SOLUSDT,ask,149,6747.011
2024-08-20 07:45:17,SOLUSDT,ask,148,8757.404
2024-08-20 07:45:23,SOLUSDT,bid,120,22818.771
2024-08-20 07:45:23,SOLUSDT,ask,148,8741.924
2024-08-20 07:45:25,SOLUSDT,ask,149,6748.631
2024-08-20 07:45:34,SOLUSDT,ask,150,29903.575
2024-08-20 07:45:44,SOLUSDT,ask,148,8739.376
2024-08-20 07:45:46,SOLUSDT,bid,110,29486.946
2024-08-20 07:45:50,SOLUSDT,ask,155,11439.706
2024-08-20 07:45:51,SOLUSDT,bid,135,15408.542
2024-08-20 07:45:53,SOLUSDT,ask,150,29968.24
2024-08-20 07:45:53,SOLUSDT,ask,160,26005.365
2024-08-20 07:46:02,SOLUSDT,ask,152,27897.407
2024-08-20 07:46:05,SOLUSDT,bid,110,29487.314
2024-08-20 07:46:06,SOLUSDT,ask,155,11438.63
2024-08-20 07:46:23,SOLUSDT,ask,152,27896.409
2024-08-20 07:46:28,SOLUSDT,bid,135,15396.941
2024-08-20 07:46:32,SOLUSDT,ask,149,6748.587
2024-08-20 07:46:34,SOLUSDT,bid,115,20822.704
2024-08-20 07:46:34,SOLUSDT,ask,149,6748.548
2024-08-20 07:46:35,SOLUSDT,ask,188,11001.934
2024-08-20 07:46:37,SOLUSDT,ask,150,29968.921
2024-08-20 07:46:38,SOLUSDT,ask,150,29961.54
2024-08-20 07:46:39,SOLUSDT,ask,160,25995.789
2024-08-20 07:46:42,SOLUSDT,ask,150,29961.29
2024-08-20 07:46:47,SOLUSDT,ask,151,24537.113
2024-08-20 07:46:48,SOLUSDT,ask,160,25996.134
2024-08-20 07:46:51,SOLUSDT,bid,135,15396.534
2024-08-20 07:46:51,SOLUSDT,ask,150,29960.883
2024-08-20 07:46:52,SOLUSDT,bid,120,22819.116
2024-08-20 07:46:55,SOLUSDT,ask,152,27897.854
2024-08-20 07:46:59,SOLUSDT,ask,150,29961.024
2024-08-20 07:47:00,SOLUSDT,ask,148,8660.093
2024-08-20 07:47:07,SOLUSDT,ask,155,11438.774
2024-08-20 07:47:09,SOLUSDT,ask,150,29971.024
2024-08-20 07:47:10,SOLUSDT,ask,155,11438.998
2024-08-20 07:47:11,SOLUSDT,ask,150,29961.086
2024-08-20 07:47:18,SOLUSDT,bid,135,15407.034
2024-08-20 07:47:19,SOLUSDT,ask,152,27895.849
2024-08-20 07:47:20,SOLUSDT,ask,165,16850.34
2024-08-20 07:47:26,SOLUSDT,ask,148,8648.898
2024-08-20 07:47:30,SOLUSDT,ask,148,8647.898
2024-08-20 07:47:31,SOLUSDT,bid,120,22819.158
2024-08-20 07:47:37,SOLUSDT,bid,120,22819.116
2024-08-20 07:47:51,SOLUSDT,bid,120,22817.116
2024-08-20 07:47:53,SOLUSDT,bid,120,22817.158
2024-08-20 07:47:55,SOLUSDT,ask,156,21157.512
2024-08-20 07:47:57,SOLUSDT,ask,151,24540.11
2024-08-20 07:48:02,SOLUSDT,bid,120,22817.116
2024-08-20 07:48:07,SOLUSDT,ask,152,27907.524
2024-08-20 07:48:12,SOLUSDT,ask,148,8648.897
2024-08-20 07:48:12,SOLUSDT,ask,149,6747.549
2024-08-20 07:48:13,SOLUSDT,ask,180,22392.522
2024-08-20 07:48:17,SOLUSDT,ask,180,22397.02
2024-08-20 07:48:28,SOLUSDT,ask,148,8637.124
2024-08-20 07:48:30,SOLUSDT,bid,120,22817.158
2024-08-20 07:48:34,SOLUSDT,ask,152,27910.62
2024-08-20 07:48:36,SOLUSDT,ask,150,29960.029
2024-08-20 07:48:37,SOLUSDT,bid,120,22797.158
2024-08-20 07:48:37,SOLUSDT,ask,154,17996.113
2024-08-20 07:48:39,SOLUSDT,bid,125,13073.186
2024-08-20 07:48:42,SOLUSDT,ask,193,7265.145
2024-08-20 07:48:45,SOLUSDT,ask,160,25997.114
2024-08-20 07:48:53,SOLUSDT,bid,100,34704.126
2024-08-20 07:48:53,SOLUSDT,ask,148,8637.239
2024-08-20 07:48:54,SOLUSDT,ask,152,27920.62
2024-08-20 07:49:01,SOLUSDT,ask,148,8637.124
2024-08-20 07:49:35,SOLUSDT,bid,135,15406.919
2024-08-20 07:49:35,SOLUSDT,bid,130,15801.242
2024-08-20 07:49:35,SOLUSDT,bid,125,13073.071
2024-08-20 07:49:35,SOLUSDT,bid,120,22797.043
2024-08-20 07:49:35,SOLUSDT,bid,115,20822.589
2024-08-20 07:49:35,SOLUSDT,bid,110,29487.199
2024-08-20 07:49:35,SOLUSDT,bid,100,34704.011
2024-08-20 07:49:35,SOLUSDT,ask,180,22397.157
2024-08-20 07:49:35,SOLUSDT,ask,151,24539.05
2024-08-20 07:49:49,SOLUSDT,ask,150,29960.139
2024-08-20 07:49:51,SOLUSDT,ask,149,6731.755
2024-08-20 07:49:57,SOLUSDT,bid,110,29492.199
2024-08-20 07:50:01,SOLUSDT,ask,150,29960.281
2024-08-20 07:50:10,SOLUSDT,ask,151,24554.844
2024-08-20 07:50:11,SOLUSDT,ask,150,29959.3
2024-08-20 07:50:17,SOLUSDT,ask,160,25996.302
2024-08-20 07:50:18,SOLUSDT,ask,160,25994.047
2024-08-20 07:50:20,SOLUSDT,ask,150,29957.198
2024-08-20 07:50:30,SOLUSDT,ask,151,24555.906
2024-08-20 07:50:33,SOLUSDT,ask,149,6731.855
2024-08-20 07:50:44,SOLUSDT,bid,100,34703.917
2024-08-20 07:50:50,SOLUSDT,bid,100,34703.817
2024-08-20 07:50:51,SOLUSDT,ask,400,4712.708
2024-08-20 07:50:53,SOLUSDT,ask,150,29957.649
2024-08-20 07:50:57,SOLUSDT,ask,148,8619.813
2024-08-20 07:50:57,SOLUSDT,ask,150,29969.422
2024-08-20 07:51:05,SOLUSDT,ask,151,24554.844
2024-08-20 07:51:08,SOLUSDT,ask,156,21156.891
2024-08-20 07:51:18,SOLUSDT,ask,155,11434.981
2024-08-20 07:51:19,SOLUSDT,ask,185,16745.347
2024-08-20 07:51:23,SOLUSDT,bid,135,15425.793
2024-08-20 07:51:23,SOLUSDT,ask,151,24555.906
2024-08-20 07:51:25,SOLUSDT,ask,155,11435.267
2024-08-20 07:51:28,SOLUSDT,ask,149,6732.585
2024-08-20 07:51:36,SOLUSDT,bid,130,15801.002
2024-08-20 07:51:51,SOLUSDT,bid,100,34704.324
2024-08-20 07:51:52,SOLUSDT,ask,150,29964.422
2024-08-20 07:51:57,SOLUSDT,ask,160,25981.8
2024-08-20 07:51:58,SOLUSDT,ask,149,6731.872
2024-08-20 07:51:59,SOLUSDT,ask,150,29984.422
2024-08-20 07:52:06,SOLUSDT,ask,150,29983.589
2024-08-20 07:52:07,SOLUSDT,ask,150,29995.836
2024-08-20 07:52:14,SOLUSDT,ask,148,8620.646
2024-08-20 07:52:33,SOLUSDT,ask,148,8620.646
2024-08-20 07:52:50,SOLUSDT,ask,151,24505.906
2024-08-20 07:52:51,SOLUSDT,ask,165,16851.053
2024-08-20 07:52:56,SOLUSDT,ask,149,6732.827
2024-08-20 07:52:58,SOLUSDT,bid,120,22809.854
2024-08-20 07:53:01,SOLUSDT,bid,120,22809.812
2024-08-20 07:53:02,SOLUSDT,ask,150,29997.394
2024-08-20 07:53:07,SOLUSDT,ask,152,27919.563
2024-08-20 07:53:13,SOLUSDT,ask,210,24867.544
2024-08-20 07:53:18,SOLUSDT,bid,130,15800.951
2024-08-20 07:53:26,SOLUSDT,ask,150,29995.836
2024-08-20 07:53:26,SOLUSDT,ask,150,29993.761
2024-08-20 07:53:37,SOLUSDT,ask,160,25981.694
2024-08-20 07:53:38,SOLUSDT,ask,150,29993.656
2024-08-20 07:53:39,SOLUSDT,ask,155,11433.283
2024-08-20 07:53:43,SOLUSDT,ask,151,24517.94
2024-08-20 07:53:45,SOLUSDT,ask,160,25978.847
2024-08-20 07:53:51,SOLUSDT,ask,150,29983.656
2024-08-20 07:53:55,SOLUSDT,bid,120,22809.892
2024-08-20 07:53:55,SOLUSDT,ask,149,6731.872
2024-08-20 07:53:58,SOLUSDT,ask,163,16844.97
2024-08-20 07:54:01,SOLUSDT,ask,148,8621.0
2024-08-20 07:54:07,SOLUSDT,ask,165,16861.053
2024-08-20 07:54:15,SOLUSDT,ask,148,8620.002
2024-08-20 07:54:22,SOLUSDT,ask,148,8620.202
2024-08-20 07:54:30,SOLUSDT,ask,148,8619.863
2024-08-20 07:54:31,SOLUSDT,ask,150,29983.706
2024-08-20 07:54:35,SOLUSDT,ask,180,22391.893
2024-08-20 07:54:36,SOLUSDT,ask,148,8618.864
2024-08-20 07:54:36,SOLUSDT,ask,150,29983.956
2024-08-20 07:54:42,SOLUSDT,ask,152,27909.563
2024-08-20 07:54:43,SOLUSDT,ask,160,25978.416
2024-08-20 07:54:47,SOLUSDT,ask,156,21116.891
2024-08-20 07:55:01,SOLUSDT,ask,156,21117.541
2024-08-20 07:55:02,SOLUSDT,ask,160,25978.847
2024-08-20 07:55:13,SOLUSDT,bid,115,20813.89
2024-08-20 07:55:15,SOLUSDT,ask,148,8616.866
2024-08-20 07:55:15,SOLUSDT,ask,155,11435.281
2024-08-20 07:55:19,SOLUSDT,ask,155,11429.345
2024-08-20 07:55:22,SOLUSDT,ask,152,27909.751
2024-08-20 07:55:23,SOLUSDT,ask,148,8616.535
2024-08-20 07:55:23,SOLUSDT,ask,151,24518.271
2024-08-20 07:55:32,SOLUSDT,ask,152,27915.687
2024-08-20 07:55:34,SOLUSDT,ask,149,6733.87
2024-08-20 07:55:34,SOLUSDT,ask,152,27915.499
2024-08-20 07:55:36,SOLUSDT,ask,149,6737.242
2024-08-20 07:55:36,SOLUSDT,ask,150,29980.584
2024-08-20 07:55:41,SOLUSDT,ask,185,16745.026
2024-08-20 07:55:57,SOLUSDT,ask,148,8646.434
2024-08-20 07:56:03,SOLUSDT,ask,200,43635.248
2024-08-20 07:56:04,SOLUSDT,ask,151,24517.94
2024-08-20 07:56:04,SOLUSDT,ask,150,29980.652
2024-08-20 07:56:12,SOLUSDT,ask,300,9427.509
2024-08-20 07:56:12,SOLUSDT,ask,185,16742.874
2024-08-20 07:56:14,SOLUSDT,ask,148,8644.691
2024-08-20 07:56:25,SOLUSDT,ask,150,29979.257
2024-08-20 07:56:42,SOLUSDT,ask,151,24516.878
2024-08-20 07:56:52,SOLUSDT,ask,155,11505.748
2024-08-20 07:56:55,SOLUSDT,ask,175,13015.975
2024-08-20 07:56:58,SOLUSDT,ask,170,13898.713
2024-08-20 07:57:03,SOLUSDT,ask,150,29980.319
2024-08-20 07:57:12,SOLUSDT,ask,148,8649.691
2024-08-20 07:57:16,SOLUSDT,ask,185,16743.457
2024-08-20 07:57:19,SOLUSDT,ask,148,8647.649
2024-08-20 07:57:23,SOLUSDT,ask,150,29981.319
2024-08-20 07:57:27,SOLUSDT,ask,150,29982.652
2024-08-20 07:57:45,SOLUSDT,bid,130,16181.72
2024-08-20 07:57:49,SOLUSDT,ask,148,8643.71
2024-08-20 07:57:50,SOLUSDT,ask,150,29987.268
2024-08-20 07:57:53,SOLUSDT,bid,130,15800.951
2024-08-20 07:57:54,SOLUSDT,ask,154,18000.037
2024-08-20 07:57:55,SOLUSDT,ask,150,29989.022
2024-08-20 07:58:00,SOLUSDT,ask,155,11506.748
2024-08-20 07:58:01,SOLUSDT,ask,148,8643.204
2024-08-20 07:58:01,SOLUSDT,ask,149,6736.736
2024-08-20 07:58:01,SOLUSDT,ask,150,29988.516
2024-08-20 07:58:01,SOLUSDT,ask,154,17999.531
2024-08-20 07:58:01,SOLUSDT,ask,155,11506.242
2024-08-20 07:58:01,SOLUSDT,ask,156,21117.035
2024-08-20 07:58:01,SOLUSDT,ask,158,18908.914
2024-08-20 07:58:02,SOLUSDT,ask,151,24516.372
2024-08-20 07:58:02,SOLUSDT,ask,152,27914.993
2024-08-20 07:58:18,SOLUSDT,bid,100,34705.834
2024-08-20 07:58:19,SOLUSDT,bid,130,15139.756
2024-08-20 07:58:22,SOLUSDT,ask,150,29988.551
2024-08-20 07:58:25,SOLUSDT,ask,150,29990.172
2024-08-20 07:58:26,SOLUSDT,bid,135,15424.312
2024-08-20 07:58:29,SOLUSDT,ask,150,29986.24
2024-08-20 07:58:29,SOLUSDT,ask,155,11504.232
2024-08-20 07:58:31,SOLUSDT,ask,148,8643.375
2024-08-20 07:58:37,SOLUSDT,ask,150,29985.24
2024-08-20 07:58:37,SOLUSDT,ask,150,29985.172
2024-08-20 07:58:45,SOLUSDT,ask,148,8642.375
2024-08-20 07:58:54,SOLUSDT,ask,151,24659.372
2024-08-20 07:59:05,SOLUSDT,ask,155,11505.232
2024-08-20 07:59:06,SOLUSDT,ask,185,16742.587
2024-08-20 07:59:07,SOLUSDT,ask,150,29988.646
2024-08-20 07:59:11,SOLUSDT,ask,158,18909.914
2024-08-20 07:59:11,SOLUSDT,ask,148,8643.375
2024-08-20 07:59:19,SOLUSDT,ask,152,27921.973
2024-08-20 07:59:23,SOLUSDT,ask,150,29988.714
2024-08-20 07:59:25,SOLUSDT,ask,152,27914.993
2024-08-20 07:59:28,SOLUSDT,bid,100,34705.634
2024-08-20 07:59:29,SOLUSDT,ask,150,29989.047
2024-08-20 07:59:37,SOLUSDT,ask,148,8644.425
2024-08-20 07:59:40,SOLUSDT,ask,150,29988.047
2024-08-20 07:59:40,SOLUSDT,ask,148,8645.424
2024-08-20 07:59:42,SOLUSDT,bid,125,13040.085
2024-08-20 07:59:42,SOLUSDT,ask,200,43613.926
2024-08-20 07:59:49,SOLUSDT,bid,130,15120.525
2024-08-20 07:59:51,SOLUSDT,ask,150,29986.985
2024-08-20 07:59:53,SOLUSDT,bid,125,13065.072
2024-08-20 07:59:59,SOLUSDT,ask,200,43642.063
2024-08-20 08:00:00,SOLUSDT,ask,148,8600.396
2024-08-20 08:00:02,SOLUSDT,ask,170,13897.75
2024-08-20 08:00:07,SOLUSDT,ask,150,29981.89
2024-08-20 08:00:19,SOLUSDT,bid,115,20814.411
2024-08-20 08:00:23,SOLUSDT,ask,148,8530.542
2024-08-20 08:00:30,SOLUSDT,ask,149,6844.186
2024-08-20 08:00:33,SOLUSDT,ask,182,5739.108
2024-08-20 08:00:34,SOLUSDT,bid,135,15424.031
2024-08-20 08:00:37,SOLUSDT,ask,182,5736.587
2024-08-20 08:00:46,SOLUSDT,ask,155,11510.619
2024-08-20 08:00:52,SOLUSDT,ask,151,24660.754
2024-08-20 08:00:53,SOLUSDT,ask,148,8530.155
2024-08-20 08:00:55,SOLUSDT,ask,150,29981.959
2024-08-20 08:01:02,SOLUSDT,bid,130,15120.61
2024-08-20 08:01:09,SOLUSDT,ask,148,8531.217
2024-08-20 08:01:42,SOLUSDT,ask,155,11509.579
2024-08-20 08:01:43,SOLUSDT,bid,135,14950.545
2024-08-20 08:01:44,SOLUSDT,ask,150,29986.959
2024-08-20 08:01:44,SOLUSDT,ask,150,29981.959
2024-08-20 08:01:47,SOLUSDT,ask,149,6845.666
2024-08-20 08:01:51,SOLUSDT,ask,155,11469.849
2024-08-20 08:01:54,SOLUSDT,ask,149,7291.968
2024-08-20 08:01:59,SOLUSDT,bid,110,29491.951
2024-08-20 08:01:59,SOLUSDT,ask,148,8531.467
2024-08-20 08:01:59,SOLUSDT,ask,150,29982.019
2024-08-20 08:01:59,SOLUSDT,bid,80,27222.075
2024-08-20 08:02:01,SOLUSDT,ask,190,23438.912
2024-08-20 08:02:07,SOLUSDT,bid,110,29478.451
2024-08-20 08:02:09,SOLUSDT,ask,148,8530.405
2024-08-20 08:02:12,SOLUSDT,ask,148,8530.505
2024-08-20 08:02:13,SOLUSDT,ask,150,29982.501
2024-08-20 08:02:15,SOLUSDT,ask,155,11413.714
2024-08-20 08:02:17,SOLUSDT,bid,120,22777.35
2024-08-20 08:02:23,SOLUSDT,ask,150,29983.563
2024-08-20 08:02:26,SOLUSDT,ask,149,6845.666
2024-08-20 08:02:28,SOLUSDT,ask,148,8600.571
2024-08-20 08:02:29,SOLUSDT,ask,148,8642.555
2024-08-20 08:02:29,SOLUSDT,ask,148,8684.542
2024-08-20 08:02:29,SOLUSDT,ask,148,8684.542
2024-08-20 08:02:29,SOLUSDT,ask,150,29984.123
2024-08-20 08:02:30,SOLUSDT,ask,170,13897.793
2024-08-20 08:02:30,SOLUSDT,ask,148,8642.554
2024-08-20 08:02:30,SOLUSDT,ask,148,8600.571
2024-08-20 08:02:31,SOLUSDT,ask,149,6845.766
2024-08-20 08:02:31,SOLUSDT,ask,165,16861.096
2024-08-20 08:02:31,SOLUSDT,ask,150,29983.061
2024-08-20 08:02:32,SOLUSDT,ask,163,16845.013
2024-08-20 08:02:33,SOLUSDT,ask,161,15793.446
2024-08-20 08:02:34,SOLUSDT,ask,160,25978.89
2024-08-20 08:02:34,SOLUSDT,ask,148,8600.677
2024-08-20 08:02:34,SOLUSDT,ask,149,7292.068
2024-08-20 08:02:34,SOLUSDT,ask,158,18909.957
2024-08-20 08:02:35,SOLUSDT,ask,156,21117.078
2024-08-20 08:02:36,SOLUSDT,ask,155,11413.757
2024-08-20 08:02:36,SOLUSDT,ask,154,17999.574
2024-08-20 08:02:37,SOLUSDT,ask,152,27915.036
2024-08-20 08:02:38,SOLUSDT,ask,151,24660.797
2024-08-20 08:02:38,SOLUSDT,ask,150,29983.104
2024-08-20 08:02:40,SOLUSDT,ask,149,7292.111
2024-08-20 08:02:40,SOLUSDT,ask,148,8600.72
2024-08-20 08:02:43,SOLUSDT,ask,148,8602.762
2024-08-20 08:02:43,SOLUSDT,ask,149,7288.739
2024-08-20 08:02:43,SOLUSDT,ask,151,24664.169
2024-08-20 08:02:43,SOLUSDT,ask,155,11412.757
2024-08-20 08:02:44,SOLUSDT,ask,151,24665.231
2024-08-20 08:02:45,SOLUSDT,ask,150,29983.254
2024-08-20 08:02:46,SOLUSDT,bid,135,14950.588
2024-08-20 08:02:48,SOLUSDT,bid,131,9715.843
2024-08-20 08:02:48,SOLUSDT,bid,130,15120.653
2024-08-20 08:02:48,SOLUSDT,ask,148,8609.82
2024-08-20 08:02:52,SOLUSDT,ask,150,29982.254
2024-08-20 08:02:53,SOLUSDT,ask,148,8609.657
2024-08-20 08:02:56,SOLUSDT,ask,200,43642.209
2024-08-20 08:02:57,SOLUSDT,ask,150,29965.65
2024-08-20 08:02:59,SOLUSDT,bid,96,11953.035
2024-08-20 08:02:59,SOLUSDT,ask,149,7281.839
2024-08-20 08:03:01,SOLUSDT,bid,110,29478.597
2024-08-20 08:03:03,SOLUSDT,ask,151,24666.231
2024-08-20 08:03:03,SOLUSDT,ask,150,30010.678
2024-08-20 08:03:03,SOLUSDT,ask,152,27863.508
2024-08-20 08:03:07,SOLUSDT,ask,175,13009.744
2024-08-20 08:03:08,SOLUSDT,ask,148,8609.591
2024-08-20 08:03:10,SOLUSDT,ask,150,30010.778
2024-08-20 08:03:13,SOLUSDT,ask,155,11413.757
2024-08-20 08:03:14,SOLUSDT,ask,150,30011.165
2024-08-20 08:03:15,SOLUSDT,ask,210,24862.544
2024-08-20 08:03:16,SOLUSDT,ask,150,30012.765
2024-08-20 08:03:17,SOLUSDT,ask,150,29915.165
2024-08-20 08:03:18,SOLUSDT,ask,148,8625.101
2024-08-20 08:03:21,SOLUSDT,ask,151,24665.169
2024-08-20 08:03:22,SOLUSDT,ask,152,27848.523
2024-08-20 08:03:25,SOLUSDT,ask,148,8595.202
2024-08-20 08:03:25,SOLUSDT,ask,200,43709.937
2024-08-20 08:03:28,SOLUSDT,ask,160,25983.89
2024-08-20 08:03:30,SOLUSDT,ask,150,29837.44
2024-08-20 08:03:31,SOLUSDT,ask,148,8594.369
2024-08-20 08:03:33,SOLUSDT,ask,150,29761.96
2024-08-20 08:03:33,SOLUSDT,ask,149,7282.057
2024-08-20 08:03:35,SOLUSDT,ask,150,29761.279
2024-08-20 08:03:35,SOLUSDT,ask,148,8594.594
2024-08-20 08:03:36,SOLUSDT,ask,151,24666.231
2024-08-20 08:03:38,SOLUSDT,ask,148,8593.51
2024-08-20 08:03:39,SOLUSDT,ask,150,29768.506
2024-08-20 08:03:40,SOLUSDT,ask,148,8592.511
2024-08-20 08:03:41,SOLUSDT,ask,148,8599.847
2024-08-20 08:03:42,SOLUSDT,ask,148,8584.337
2024-08-20 08:03:44,SOLUSDT,ask,150,29768.839
2024-08-20 08:03:46,SOLUSDT,ask,150,29769.033
2024-08-20 08:03:46,SOLUSDT,ask,150,29767.033
2024-08-20 08:03:48,SOLUSDT,ask,149,7284.057
2024-08-20 08:03:49,SOLUSDT,bid,130,15120.153
2024-08-20 08:03:50,SOLUSDT,ask,190,23435.094
2024-08-20 08:03:55,SOLUSDT,ask,148,8585.344
2024-08-20 08:04:02,SOLUSDT,ask,152,27924.003
2024-08-20 08:04:03,SOLUSDT,ask,155,11412.993
2024-08-20 08:04:04,SOLUSDT,ask,163,16845.513
2024-08-20 08:04:05,SOLUSDT,ask,148,8585.119
2024-08-20 08:04:10,SOLUSDT,bid,130,15116.246
2024-08-20 08:04:10,SOLUSDT,bid,125,13061.008
2024-08-20 08:04:10,SOLUSDT,bid,110,29473.979
2024-08-20 08:04:12,SOLUSDT,ask,152,27923.147
2024-08-20 08:04:14,SOLUSDT,ask,148,8590.119
2024-08-20 08:04:14,SOLUSDT,ask,152,27911.147
2024-08-20 08:04:15,SOLUSDT,ask,148,8625.559
2024-08-20 08:04:15,SOLUSDT,ask,148,8754.653
2024-08-20 08:04:17,SOLUSDT,ask,148,8748.223
2024-08-20 08:04:18,SOLUSDT,ask,148,8748.117
2024-08-20 08:04:18,SOLUSDT,ask,148,8719.107
2024-08-20 08:04:18,SOLUSDT,ask,148,8748.117
2024-08-20 08:04:19,SOLUSDT,ask,148,8777.13
2024-08-20 08:04:20,SOLUSDT,ask,148,8783.886
2024-08-20 08:04:21,SOLUSDT,ask,148,8754.873
2024-08-20 08:04:23,SOLUSDT,ask,148,8725.863
2024-08-20 08:04:25,SOLUSDT,ask,148,8783.723
2024-08-20 08:04:25,SOLUSDT,ask,148,8697.769
2024-08-20 08:04:25,SOLUSDT,ask,148,8625.862
2024-08-20 08:04:26,SOLUSDT,ask,148,8596.932
2024-08-20 08:04:26,SOLUSDT,ask,148,8604.994
2024-08-20 08:04:26,SOLUSDT,ask,148,8526.866
2024-08-20 08:04:26,SOLUSDT,ask,148,8584.722
2024-08-20 08:04:26,SOLUSDT,ask,148,8586.642
2024-08-20 08:04:26,SOLUSDT,bid,135,14950.418
2024-08-20 08:04:26,SOLUSDT,ask,148,8656.923
2024-08-20 08:04:27,SOLUSDT,ask,148,8698.72
2024-08-20 08:04:27,SOLUSDT,ask,148,8657.086
2024-08-20 08:04:27,SOLUSDT,ask,148,8735.176
2024-08-20 08:04:28,SOLUSDT,ask,148,8677.209
2024-08-20 08:04:28,SOLUSDT,ask,148,8612.17
2024-08-20 08:04:28,SOLUSDT,ask,148,8666.21
2024-08-20 08:04:29,SOLUSDT,ask,148,8666.28
2024-08-20 08:04:29,SOLUSDT,ask,148,8672.917
2024-08-20 08:04:30,SOLUSDT,ask,148,8701.53
2024-08-20 08:04:30,SOLUSDT,ask,148,8706.533
2024-08-20 08:04:31,SOLUSDT,ask,148,8699.896
2024-08-20 08:04:31,SOLUSDT,ask,148,8654.198
2024-08-20 08:04:31,SOLUSDT,ask,148,8681.672
2024-08-20 08:04:31,SOLUSDT,ask,148,8654.198
2024-08-20 08:04:31,SOLUSDT,ask,163,16845.024
2024-08-20 08:04:32,SOLUSDT,ask,148,8654.249
2024-08-20 08:04:32,SOLUSDT,ask,148,8844.128
2024-08-20 08:04:33,SOLUSDT,ask,156,21113.08
2024-08-20 08:04:34,SOLUSDT,ask,150,29766.582
2024-08-20 08:04:35,SOLUSDT,ask,148,8846.155
2024-08-20 08:04:35,SOLUSDT,ask,148,8844.128
2024-08-20 08:04:35,SOLUSDT,ask,148,8837.662
2024-08-20 08:04:36,SOLUSDT,ask,148,8846.033
2024-08-20 08:04:36,SOLUSDT,ask,148,8873.09
2024-08-20 08:04:36,SOLUSDT,ask,148,8874.749
2024-08-20 08:04:36,SOLUSDT,ask,148,8882.07
2024-08-20 08:04:36,SOLUSDT,ask,148,8634.67
2024-08-20 08:04:36,SOLUSDT,ask,148,8621.193
2024-08-20 08:04:36,SOLUSDT,ask,148,8649.135
2024-08-20 08:04:37,SOLUSDT,ask,148,8654.542
2024-08-20 08:04:37,SOLUSDT,ask,148,8614.539
2024-08-20 08:04:37,SOLUSDT,ask,148,8593.773
2024-08-20 08:04:38,SOLUSDT,ask,148,8722.7
2024-08-20 08:04:38,SOLUSDT,ask,148,8724.911
2024-08-20 08:04:38,SOLUSDT,ask,148,8593.773
2024-08-20 08:04:38,SOLUSDT,ask,148,8602.691
2024-08-20 08:04:38,SOLUSDT,ask,148,8606.359
2024-08-20 08:04:39,SOLUSDT,ask,148,8599.284
2024-08-20 08:04:39,SOLUSDT,ask,148,8593.773
2024-08-20 08:04:39,SOLUSDT,ask,148,8601.881
2024-08-20 08:04:39,SOLUSDT,ask,148,8595.654
2024-08-20 08:04:39,SOLUSDT,ask,148,8613.636
2024-08-20 08:04:39,SOLUSDT,ask,148,8612.031
2024-08-20 08:04:39,SOLUSDT,ask,148,8621.565
2024-08-20 08:04:40,SOLUSDT,ask,152,27974.242
2024-08-20 08:04:40,SOLUSDT,ask,148,8625.211
2024-08-20 08:04:40,SOLUSDT,ask,148,8621.565
2024-08-20 08:04:40,SOLUSDT,ask,148,8723.595
2024-08-20 08:04:40,SOLUSDT,ask,148,8695.653
2024-08-20 08:04:41,SOLUSDT,ask,148,8618.564
2024-08-20 08:04:41,SOLUSDT,ask,149,7361.146
2024-08-20 08:04:41,SOLUSDT,ask,148,8621.077
2024-08-20 08:04:42,SOLUSDT,ask,161,15794.445
2024-08-20 08:04:43,SOLUSDT,ask,148,8589.154
2024-08-20 08:04:43,SOLUSDT,ask,148,8589.103
2024-08-20 08:04:44,SOLUSDT,ask,148,8589.033
2024-08-20 08:04:44,SOLUSDT,ask,148,8617.731
2024-08-20 08:04:45,SOLUSDT,ask,148,8547.624
2024-08-20 08:04:45,SOLUSDT,ask,148,8589.24
2024-08-20 08:04:46,SOLUSDT,ask,148,8589.242
2024-08-20 08:04:46,SOLUSDT,ask,148,8586.765
2024-08-20 08:04:46,SOLUSDT,ask,155,11722.858
2024-08-20 08:04:47,SOLUSDT,ask,148,8586.835
2024-08-20 08:04:47,SOLUSDT,ask,148,8586.765
2024-08-20 08:04:48,SOLUSDT,ask,148,8615.465
2024-08-20 08:04:48,SOLUSDT,ask,148,8664.769
2024-08-20 08:04:49,SOLUSDT,ask,148,8615.465
2024-08-20 08:04:49,SOLUSDT,ask,148,8586.765
2024-08-20 08:04:49,SOLUSDT,ask,148,8636.068
2024-08-20 08:04:50,SOLUSDT,ask,148,8636.405
2024-08-20 08:04:51,SOLUSDT,ask,150,29766.857
2024-08-20 08:04:51,SOLUSDT,ask,148,8676.954
2024-08-20 08:04:52,SOLUSDT,ask,163,16835.024
2024-08-20 08:04:52,SOLUSDT,ask,165,16851.096
2024-08-20 08:04:52,SOLUSDT,ask,155,11717.471
2024-08-20 08:04:52,SOLUSDT,ask,148,8805.87
2024-08-20 08:04:52,SOLUSDT,ask,148,8805.94
2024-08-20 08:04:53,SOLUSDT,ask,148,8677.024
2024-08-20 08:04:53,SOLUSDT,ask,148,8705.648
2024-08-20 08:04:53,SOLUSDT,ask,148,8648.324
2024-08-20 08:04:54,SOLUSDT,ask,148,8777.24
2024-08-20 08:04:55,SOLUSDT,ask,148,8805.862
2024-08-20 08:04:55,SOLUSDT,ask,148,8777.24
2024-08-20 08:04:55,SOLUSDT,ask,148,8805.864
2024-08-20 08:04:55,SOLUSDT,ask,148,8805.794
2024-08-20 08:04:56,SOLUSDT,ask,148,8805.864
2024-08-20 08:04:56,SOLUSDT,ask,148,8805.864
2024-08-20 08:04:56,SOLUSDT,ask,148,8805.794
2024-08-20 08:04:58,SOLUSDT,ask,148,8765.245
2024-08-20 08:04:59,SOLUSDT,ask,148,8715.942
2024-08-20 08:05:00,SOLUSDT,ask,148,8725.247
2024-08-20 08:05:01,SOLUSDT,ask,150,29766.602
2024-08-20 08:05:01,SOLUSDT,ask,150,29771.989
2024-08-20 08:05:02,SOLUSDT,ask,148,8723.247
2024-08-20 08:05:02,SOLUSDT,ask,148,8723.317
2024-08-20 08:05:03,SOLUSDT,ask,148,8794.447
2024-08-20 08:05:03,SOLUSDT,ask,148,8685.388
2024-08-20 08:05:03,SOLUSDT,ask,148,8556.472
2024-08-20 08:05:03,SOLUSDT,ask,148,8614.442
2024-08-20 08:05:03,SOLUSDT,ask,148,8676.749
2024-08-20 08:05:03,SOLUSDT,ask,148,8618.779
2024-08-20 08:05:04,SOLUSDT,ask,148,8670.539
2024-08-20 08:05:05,SOLUSDT,ask,148,8608.232
2024-08-20 08:05:05,SOLUSDT,ask,148,8608.174
2024-08-20 08:05:05,SOLUSDT,ask,148,8737.082
2024-08-20 08:05:05,SOLUSDT,ask,148,8737.012
2024-08-20 08:05:05,SOLUSDT,ask,148,8694.048
2024-08-20 08:05:05,SOLUSDT,ask,148,8737.066
2024-08-20 08:05:06,SOLUSDT,ask,148,8736.996
2024-08-20 08:05:07,SOLUSDT,ask,148,8741.066
2024-08-20 08:05:08,SOLUSDT,ask,148,8769.487
2024-08-20 08:05:08,SOLUSDT,ask,148,8885.469
2024-08-20 08:05:08,SOLUSDT,ask,148,8856.978
2024-08-20 08:05:08,SOLUSDT,ask,148,8885.471
2024-08-20 08:05:08,SOLUSDT,ask,148,8913.964
2024-08-20 08:05:12,SOLUSDT,ask,148,8923.149
2024-08-20 08:05:13,SOLUSDT,ask,148,8913.964
2024-08-20 08:05:13,SOLUSDT,ask,148,8671.39
2024-08-20 08:05:13,SOLUSDT,ask,250,18601.891
2024-08-20 08:05:15,SOLUSDT,ask,148,8667.39
2024-08-20 08:05:17,SOLUSDT,ask,150,29771.002
2024-08-20 08:05:17,SOLUSDT,ask,150,29704.336
2024-08-20 08:05:19,SOLUSDT,ask,150,29702.715
2024-08-20 08:05:20,SOLUSDT,ask,150,29704.336
2024-08-20 08:05:20,SOLUSDT,ask,160,25993.202
2024-08-20 08:05:22,SOLUSDT,ask,148,8670.798
2024-08-20 08:05:25,SOLUSDT,ask,149,7360.78
2024-08-20 08:05:25,SOLUSDT,ask,151,24666.597
2024-08-20 08:05:26,SOLUSDT,ask,155,11718.471
2024-08-20 08:05:27,SOLUSDT,ask,240,5971.849
2024-08-20 08:05:31,SOLUSDT,ask,175,13009.476
2024-08-20 08:05:31,SOLUSDT,ask,148,8627.834
2024-08-20 08:05:32,SOLUSDT,ask,148,8669.807
2024-08-20 08:05:32,SOLUSDT,ask,148,8627.834
2024-08-20 08:05:32,SOLUSDT,ask,148,8666.398
2024-08-20 08:05:33,SOLUSDT,ask,148,8666.399
2024-08-20 08:05:33,SOLUSDT,ask,148,8666.401
2024-08-20 08:05:34,SOLUSDT,ask,148,8585.824
2024-08-20 08:05:35,SOLUSDT,ask,148,8581.462
2024-08-20 08:05:35,SOLUSDT,ask,165,16852.083
2024-08-20 08:05:38,SOLUSDT,ask,148,8588.455
2024-08-20 08:05:38,SOLUSDT,ask,148,8545.491
2024-08-20 08:05:40,SOLUSDT,ask,148,8545.547
2024-08-20 08:05:40,SOLUSDT,bid,96,11962.263
2024-08-20 08:05:40,SOLUSDT,ask,150,29704.402
2024-08-20 08:05:41,SOLUSDT,ask,250,18602.891
2024-08-20 08:05:41,SOLUSDT,ask,148,8587.516
2024-08-20 08:05:41,SOLUSDT,ask,150,29704.82
2024-08-20 08:05:42,SOLUSDT,ask,148,8629.486
2024-08-20 08:05:42,SOLUSDT,ask,148,8587.516
2024-08-20 08:05:42,SOLUSDT,ask,188,11010.934
2024-08-20 08:05:43,SOLUSDT,ask,190,23429.019
2024-08-20 08:05:43,SOLUSDT,ask,148,8587.516
2024-08-20 08:05:44,SOLUSDT,ask,148,8545.547
2024-08-20 08:05:46,SOLUSDT,ask,150,29692.408
2024-08-20 08:05:46,SOLUSDT,ask,148,8587.521
2024-08-20 08:05:46,SOLUSDT,ask,148,8671.471
2024-08-20 08:05:46,SOLUSDT,ask,148,8629.496
2024-08-20 08:05:46,SOLUSDT,ask,155,11708.78
2024-08-20 08:05:46,SOLUSDT,ask,148,8587.521
2024-08-20 08:05:47,SOLUSDT,ask,148,8545.547
2024-08-20 08:05:48,SOLUSDT,ask,150,29692.446
2024-08-20 08:05:49,SOLUSDT,ask,151,24671.078
2024-08-20 08:05:50,SOLUSDT,ask,148,8616.58
2024-08-20 08:05:50,SOLUSDT,ask,148,8545.547
2024-08-20 08:05:50,SOLUSDT,ask,158,18921.014
2024-08-20 08:05:50,SOLUSDT,ask,160,25993.245
2024-08-20 08:05:51,SOLUSDT,ask,148,8629.479
2024-08-20 08:05:51,SOLUSDT,ask,148,8545.547
2024-08-20 08:05:51,SOLUSDT,bid,130,15116.289
2024-08-20 08:05:52,SOLUSDT,bid,120,22777.393
2024-08-20 08:05:52,SOLUSDT,ask,148,8545.439
2024-08-20 08:05:52,SOLUSDT,ask,150,29692.028
2024-08-20 08:05:52,SOLUSDT,ask,160,26002.936
2024-08-20 08:05:53,SOLUSDT,ask,148,8545.439
2024-08-20 08:05:56,SOLUSDT,ask,148,8545.439
2024-08-20 08:05:57,SOLUSDT,ask,148,8545.439
2024-08-20 08:05:57,SOLUSDT,ask,148,8545.439
2024-08-20 08:05:58,SOLUSDT,ask,148,8542.582
2024-08-20 08:05:59,SOLUSDT,ask,150,29691.494
2024-08-20 08:06:01,SOLUSDT,ask,148,8542.582
2024-08-20 08:06:02,SOLUSDT,ask,148,8535.589
2024-08-20 08:06:03,SOLUSDT,ask,160,26002.448
2024-08-20 08:06:04,SOLUSDT,ask,148,8577.558
2024-08-20 08:06:04,SOLUSDT,ask,148,8535.589
2024-08-20 08:06:05,SOLUSDT,ask,151,24667.598
2024-08-20 08:06:06,SOLUSDT,ask,148,8577.558
2024-08-20 08:06:06,SOLUSDT,ask,148,8584.551
2024-08-20 08:06:06,SOLUSDT,ask,149,7419.951
2024-08-20 08:06:07,SOLUSDT,ask,148,8542.582
2024-08-20 08:06:07,SOLUSDT,ask,150,29653.934
2024-08-20 08:06:08,SOLUSDT,ask,150,29658.934
2024-08-20 08:06:09,SOLUSDT,ask,150,29665.934
2024-08-20 08:06:09,SOLUSDT,ask,148,8584.547
2024-08-20 08:06:10,SOLUSDT,ask,150,29666.202
2024-08-20 08:06:10,SOLUSDT,ask,148,8542.582
2024-08-20 08:06:10,SOLUSDT,ask,148,8535.589
2024-08-20 08:06:11,SOLUSDT,ask,148,8539.752
2024-08-20 08:06:13,SOLUSDT,ask,148,8541.11
2024-08-20 08:06:13,SOLUSDT,ask,148,8583.079
2024-08-20 08:06:15,SOLUSDT,ask,148,8541.11
2024-08-20 08:06:15,SOLUSDT,ask,190,23444.499
2024-08-20 08:06:17,SOLUSDT,ask,151,24666.598
2024-08-20 08:06:18,SOLUSDT,ask,148,8583.075
2024-08-20 08:06:18,SOLUSDT,ask,148,8541.11
2024-08-20 08:06:18,SOLUSDT,ask,149,7360.78
2024-08-20 08:06:19,SOLUSDT,ask,148,8583.084
2024-08-20 08:06:22,SOLUSDT,ask,155,11709.115
2024-08-20 08:06:23,SOLUSDT,ask,148,8541.11
2024-08-20 08:06:25,SOLUSDT,ask,148,8540.947
2024-08-20 08:06:25,SOLUSDT,ask,148,8541.047
2024-08-20 08:06:26,SOLUSDT,ask,148,8536.884
2024-08-20 08:06:26,SOLUSDT,ask,155,11710.115
2024-08-20 08:06:29,SOLUSDT,ask,148,8536.828
2024-08-20 08:06:30,SOLUSDT,ask,149,7362.139
2024-08-20 08:06:30,SOLUSDT,ask,149,7360.141
2024-08-20 08:06:32,SOLUSDT,ask,148,8536.828
2024-08-20 08:06:32,SOLUSDT,ask,148,8578.809
2024-08-20 08:06:32,SOLUSDT,ask,150,29725.373
2024-08-20 08:06:33,SOLUSDT,ask,148,8536.828
2024-08-20 08:06:33,SOLUSDT,ask,148,8578.807
2024-08-20 08:06:33,SOLUSDT,ask,148,8578.803
2024-08-20 08:06:34,SOLUSDT,ask,148,8536.828
2024-08-20 08:06:34,SOLUSDT,ask,148,8578.807
2024-08-20 08:06:34,SOLUSDT,ask,148,8620.783
2024-08-20 08:06:35,SOLUSDT,ask,160,26003.427
2024-08-20 08:06:36,SOLUSDT,ask,148,8578.804
2024-08-20 08:06:36,SOLUSDT,ask,148,8536.828
2024-08-20 08:06:37,SOLUSDT,ask,148,8565.71
2024-08-20 08:06:37,SOLUSDT,ask,148,8607.685
2024-08-20 08:06:40,SOLUSDT,ask,148,8565.71
2024-08-20 08:06:41,SOLUSDT,ask,148,8536.828
2024-08-20 08:06:41,SOLUSDT,ask,150,29725.791
2024-08-20 08:06:41,SOLUSDT,ask,148,8578.809
2024-08-20 08:06:41,SOLUSDT,ask,148,8620.785
2024-08-20 08:06:41,SOLUSDT,bid,135,14950.345
2024-08-20 08:06:41,SOLUSDT,ask,148,8620.945
2024-08-20 08:06:41,SOLUSDT,ask,148,8620.941
2024-08-20 08:06:44,SOLUSDT,ask,160,26003.166
2024-08-20 08:06:44,SOLUSDT,ask,149,7360.997
2024-08-20 08:06:45,SOLUSDT,ask,152,27974.742
2024-08-20 08:06:48,SOLUSDT,ask,148,8578.968
2024-08-20 08:06:48,SOLUSDT,ask,148,8536.991
2024-08-20 08:06:49,SOLUSDT,ask,148,8537.442
2024-08-20 08:06:50,SOLUSDT,ask,220,12052.635
2024-08-20 08:06:50,SOLUSDT,ask,148,8549.854
2024-08-20 08:06:52,SOLUSDT,ask,148,8551.854
2024-08-20 08:06:54,SOLUSDT,ask,148,8523.361
2024-08-20 08:06:56,SOLUSDT,ask,148,8494.868
2024-08-20 08:06:57,SOLUSDT,ask,163,16830.565
2024-08-20 08:06:57,SOLUSDT,ask,148,8497.327
2024-08-20 08:06:57,SOLUSDT,ask,150,29726.106
2024-08-20 08:06:59,SOLUSDT,ask,148,8490.269
2024-08-20 08:06:59,SOLUSDT,ask,148,8532.24
2024-08-20 08:07:00,SOLUSDT,ask,190,23440.957
2024-08-20 08:07:00,SOLUSDT,ask,148,8532.24
2024-08-20 08:07:01,SOLUSDT,ask,148,8574.223
2024-08-20 08:07:01,SOLUSDT,ask,148,8490.269
2024-08-20 08:07:01,SOLUSDT,ask,165,16852.222
2024-08-20 08:07:01,SOLUSDT,ask,148,8532.246
2024-08-20 08:07:02,SOLUSDT,ask,148,8490.269
2024-08-20 08:07:02,SOLUSDT,ask,152,27976.349
2024-08-20 08:07:03,SOLUSDT,ask,148,8532.241
2024-08-20 08:07:03,SOLUSDT,ask,148,8574.217
2024-08-20 08:07:03,SOLUSDT,ask,148,8568.592
2024-08-20 08:07:04,SOLUSDT,ask,148,8568.592
2024-08-20 08:07:04,SOLUSDT,ask,148,8526.617
2024-08-20 08:07:04,SOLUSDT,ask,148,8497.855
2024-08-20 08:07:05,SOLUSDT,ask,150,29725.106
2024-08-20 08:07:06,SOLUSDT,ask,148,8539.82
2024-08-20 08:07:07,SOLUSDT,ask,148,8539.826
2024-08-20 08:07:08,SOLUSDT,ask,148,8497.855
2024-08-20 08:07:08,SOLUSDT,ask,152,27974.35
2024-08-20 08:07:11,SOLUSDT,ask,148,8526.574
2024-08-20 08:07:12,SOLUSDT,ask,148,8495.396
2024-08-20 08:07:13,SOLUSDT,ask,148,8497.36
2024-08-20 08:07:13,SOLUSDT,ask,148,8497.197
2024-08-20 08:07:16,SOLUSDT,ask,150,29724.827
2024-08-20 08:07:17,SOLUSDT,ask,152,27975.118
2024-08-20 08:07:17,SOLUSDT,ask,150,29681.488
2024-08-20 08:07:19,SOLUSDT,bid,110,29476.119
2024-08-20 08:07:23,SOLUSDT,ask,150,29681.749
2024-08-20 08:07:23,SOLUSDT,ask,160,26000.447
2024-08-20 08:07:25,SOLUSDT,bid,130,15113.925
2024-08-20 08:07:27,SOLUSDT,ask,152,27974.611
2024-08-20 08:07:30,SOLUSDT,ask,148,8497.274
2024-08-20 08:07:32,SOLUSDT,ask,149,7361.497
2024-08-20 08:07:34,SOLUSDT,ask,148,8497.635
2024-08-20 08:07:34,SOLUSDT,ask,148,8498.635
2024-08-20 08:07:35,SOLUSDT,ask,150,29682.119
2024-08-20 08:07:35,SOLUSDT,ask,151,24670.834
2024-08-20 08:07:35,SOLUSDT,ask,148,8589.737
2024-08-20 08:07:37,SOLUSDT,ask,150,28028.268
2024-08-20 08:07:37,SOLUSDT,ask,158,18921.327
2024-08-20 08:07:37,SOLUSDT,ask,148,8587.737
2024-08-20 08:07:38,SOLUSDT,ask,155,12922.069
2024-08-20 08:07:47,SOLUSDT,ask,148,8569.479
2024-08-20 08:07:48,SOLUSDT,bid,135,14949.603
2024-08-20 08:07:50,SOLUSDT,ask,160,25997.568
2024-08-20 08:07:50,SOLUSDT,ask,149,7362.033
2024-08-20 08:07:53,SOLUSDT,ask,163,16830.065
2024-08-20 08:07:55,SOLUSDT,ask,150,28026.868
2024-08-20 08:07:59,SOLUSDT,ask,150,28026.554
2024-08-20 08:08:03,SOLUSDT,ask,151,24527.834
2024-08-20 08:08:04,SOLUSDT,ask,152,27974.513
2024-08-20 08:08:10,SOLUSDT,bid,110,29472.107
2024-08-20 08:08:10,SOLUSDT,ask,152,27974.992
2024-08-20 08:08:14,SOLUSDT,bid,120,22779.34
2024-08-20 08:08:14,SOLUSDT,bid,110,29469.967
2024-08-20 08:08:15,SOLUSDT,ask,148,8478.377
2024-08-20 08:08:16,SOLUSDT,ask,148,8465.965
2024-08-20 08:08:17,SOLUSDT,ask,150,28022.241
2024-08-20 08:08:18,SOLUSDT,ask,151,24526.772
2024-08-20 08:08:21,SOLUSDT,ask,148,8474.53
2024-08-20 08:08:27,SOLUSDT,bid,130,15111.561
2024-08-20 08:08:29,SOLUSDT,ask,148,8475.563
2024-08-20 08:08:33,SOLUSDT,bid,135,14951.879
2024-08-20 08:08:36,SOLUSDT,ask,150,28027.241
2024-08-20 08:08:37,SOLUSDT,ask,148,8474.53
2024-08-20 08:08:38,SOLUSDT,ask,150,28022.241
2024-08-20 08:08:39,SOLUSDT,bid,120,22766.529
2024-08-20 08:08:41,SOLUSDT,ask,150,28023.534
2024-08-20 08:08:41,SOLUSDT,ask,151,24522.536
2024-08-20 08:08:46,SOLUSDT,ask,149,7401.877
2024-08-20 08:08:50,SOLUSDT,ask,160,25998.914
2024-08-20 08:08:55,SOLUSDT,ask,600,3098.963
2024-08-20 08:08:58,SOLUSDT,ask,150,28022.476
2024-08-20 08:09:00,SOLUSDT,ask,170,13903.934
2024-08-20 08:09:08,SOLUSDT,ask,148,8477.927
2024-08-20 08:09:19,SOLUSDT,ask,149,7362.033
2024-08-20 08:09:19,SOLUSDT,ask,250,18596.091
2024-08-20 08:09:24,SOLUSDT,bid,120,22779.029
2024-08-20 08:09:25,SOLUSDT,ask,158,18922.053
2024-08-20 08:09:30,SOLUSDT,ask,150,29676.327
2024-08-20 08:09:31,SOLUSDT,ask,148,8477.893
2024-08-20 08:09:33,SOLUSDT,ask,148,8470.557
2024-08-20 08:09:39,SOLUSDT,ask,188,11029.075
2024-08-20 08:09:43,SOLUSDT,bid,130,15110.761
2024-08-20 08:09:52,SOLUSDT,ask,149,7359.262
2024-08-20 08:09:52,SOLUSDT,ask,148,8520.557
2024-08-20 08:09:52,SOLUSDT,ask,150,29677.272
2024-08-20 08:10:00,SOLUSDT,ask,150,29671.566
2024-08-20 08:10:01,SOLUSDT,bid,90,16745.494
2024-08-20 08:10:02,SOLUSDT,ask,155,12921.861
2024-08-20 08:10:02,SOLUSDT,ask,150,29666.566
2024-08-20 08:10:02,SOLUSDT,ask,149,7409.262
2024-08-20 08:10:12,SOLUSDT,ask,148,8558.358
2024-08-20 08:10:13,SOLUSDT,ask,155,12821.861
2024-08-20 08:10:14,SOLUSDT,ask,149,7411.958
2024-08-20 08:10:14,SOLUSDT,ask,152,27972.296
2024-08-20 08:10:17,SOLUSDT,bid,130,15090.761
2024-08-20 08:10:18,SOLUSDT,ask,150,29666.609
2024-08-20 08:10:23,SOLUSDT,ask,158,18911.002
2024-08-20 08:10:28,SOLUSDT,ask,150,29716.609
2024-08-20 08:10:31,SOLUSDT,ask,160,25968.488
2024-08-20 08:10:33,SOLUSDT,ask,150,29716.942
2024-08-20 08:10:34,SOLUSDT,ask,150,29718.4
2024-08-20 08:10:39,SOLUSDT,ask,151,24522.867
2024-08-20 08:10:42,SOLUSDT,ask,155,12822.955
2024-08-20 08:10:43,SOLUSDT,ask,155,12872.955
2024-08-20 08:10:44,SOLUSDT,ask,150,29723.4
2024-08-20 08:10:46,SOLUSDT,ask,150,29703.4
2024-08-20 08:10:47,SOLUSDT,ask,158,18910.276
2024-08-20 08:10:51,SOLUSDT,ask,152,27972.566
2024-08-20 08:10:54,SOLUSDT,ask,148,8520.557
2024-08-20 08:10:54,SOLUSDT,ask,400,4711.51
2024-08-20 08:10:55,SOLUSDT,ask,160,25970.129
2024-08-20 08:10:56,SOLUSDT,ask,148,8522.414
2024-08-20 08:10:57,SOLUSDT,ask,151,25450.395
2024-08-20 08:11:02,SOLUSDT,ask,150,29703.333
2024-08-20 08:11:02,SOLUSDT,ask,165,16853.864
2024-08-20 08:11:03,SOLUSDT,bid,110,29464.967
2024-08-20 08:11:08,SOLUSDT,ask,190,23440.623
2024-08-20 08:11:12,SOLUSDT,ask,150,29710.151
2024-08-20 08:11:15,SOLUSDT,ask,152,28155.869
2024-08-20 08:11:16,SOLUSDT,ask,190,23440.79
2024-08-20 08:11:17,SOLUSDT,ask,158,18910.99
2024-08-20 08:11:19,SOLUSDT,ask,161,15793.254
2024-08-20 08:11:24,SOLUSDT,ask,190,23442.788
2024-08-20 08:11:27,SOLUSDT,ask,152,28155.278
2024-08-20 08:11:29,SOLUSDT,ask,175,13009.643
2024-08-20 08:11:33,SOLUSDT,ask,150,29717.747
2024-08-20 08:11:35,SOLUSDT,ask,148,8513.849
2024-08-20 08:11:35,SOLUSDT,ask,163,16831.078
2024-08-20 08:11:43,SOLUSDT,ask,160,25969.793
2024-08-20 08:11:43,SOLUSDT,ask,200,43711.135
2024-08-20 08:11:44,SOLUSDT,ask,148,9330.47
2024-08-20 08:11:45,SOLUSDT,ask,152,28161.944
2024-08-20 08:11:46,SOLUSDT,ask,148,9325.47
2024-08-20 08:11:50,SOLUSDT,ask,150,29717.414
2024-08-20 08:11:50,SOLUSDT,ask,155,12873.955
2024-08-20 08:11:54,SOLUSDT,ask,148,8508.849
2024-08-20 08:11:59,SOLUSDT,ask,151,25453.706
2024-08-20 08:12:03,SOLUSDT,ask,150,29717.503
2024-08-20 08:12:14,SOLUSDT,ask,150,29717.663
2024-08-20 08:12:14,SOLUSDT,ask,149,7511.958
2024-08-20 08:12:15,SOLUSDT,ask,152,28158.573
2024-08-20 08:12:19,SOLUSDT,ask,149,7511.318
2024-08-20 08:12:24,SOLUSDT,ask,150,29707.663
2024-08-20 08:12:25,SOLUSDT,ask,165,16854.864
2024-08-20 08:12:28,SOLUSDT,bid,125,13056.637
2024-08-20 08:12:28,SOLUSDT,ask,160,25969.969
2024-08-20 08:12:29,SOLUSDT,ask,160,25969.554
2024-08-20 08:12:32,SOLUSDT,ask,170,13904.934
2024-08-20 08:12:34,SOLUSDT,ask,150,29707.574
2024-08-20 08:12:37,SOLUSDT,ask,500,6314.02
2024-08-20 08:12:37,SOLUSDT,ask,160,26032.668
2024-08-20 08:12:38,SOLUSDT,ask,175,13010.643
2024-08-20 08:12:40,SOLUSDT,ask,150,29718.198
2024-08-20 08:12:41,SOLUSDT,ask,155,12872.955
2024-08-20 08:12:44,SOLUSDT,ask,180,22392.893
2024-08-20 08:12:44,SOLUSDT,ask,148,8499.315
2024-08-20 08:12:46,SOLUSDT,ask,170,13904.965
2024-08-20 08:12:50,SOLUSDT,ask,185,16743.587
2024-08-20 08:12:51,SOLUSDT,ask,190,23442.707
2024-08-20 08:12:57,SOLUSDT,ask,148,8504.469
2024-08-20 08:12:58,SOLUSDT,ask,152,27975.27
2024-08-20 08:12:59,SOLUSDT,ask,190,23443.707
2024-08-20 08:12:59,SOLUSDT,ask,155,12712.955
2024-08-20 08:12:59,SOLUSDT,ask,200,43711.033
2024-08-20 08:13:06,SOLUSDT,ask,150,29713.262
2024-08-20 08:13:09,SOLUSDT,ask,148,8505.525
2024-08-20 08:13:11,SOLUSDT,ask,188,11030.075
2024-08-20 08:13:17,SOLUSDT,ask,148,8512.583
2024-08-20 08:13:22,SOLUSDT,ask,149,7512.721
2024-08-20 08:13:30,SOLUSDT,ask,230,6731.824
2024-08-20 08:13:30,SOLUSDT,ask,193,7266.145
2024-08-20 08:13:33,SOLUSDT,ask,150,29713.19
2024-08-20 08:13:35,SOLUSDT,ask,149,7515.939
2024-08-20 08:13:36,SOLUSDT,ask,197,10807.614
2024-08-20 08:13:36,SOLUSDT,ask,151,25613.706
2024-08-20 08:13:41,SOLUSDT,ask,148,8512.222
2024-08-20 08:13:41,SOLUSDT,ask,150,29713.551
2024-08-20 08:13:42,SOLUSDT,bid,80,27219.075
2024-08-20 08:13:43,SOLUSDT,ask,150,29700.075
2024-08-20 08:13:48,SOLUSDT,ask,148,8512.893
2024-08-20 08:13:49,SOLUSDT,ask,148,8507.893
2024-08-20 08:13:51,SOLUSDT,ask,149,7514.939
2024-08-20 08:13:52,SOLUSDT,ask,148,8511.3
2024-08-20 08:13:54,SOLUSDT,ask,205,10452.678
2024-08-20 08:13:57,SOLUSDT,ask,170,13905.826
2024-08-20 08:14:03,SOLUSDT,ask,149,7513.94
2024-08-20 08:14:11,SOLUSDT,ask,170,13904.965
2024-08-20 08:14:20,SOLUSDT,ask,152,27976.262
2024-08-20 08:14:21,SOLUSDT,ask,152,28079.343
2024-08-20 08:14:21,SOLUSDT,ask,160,26032.525
2024-08-20 08:14:23,SOLUSDT,ask,180,22393.754
2024-08-20 08:14:26,SOLUSDT,ask,152,28078.302
2024-08-20 08:14:35,SOLUSDT,ask,240,5972.849
2024-08-20 08:14:35,SOLUSDT,ask,158,18910.276
2024-08-20 08:14:37,SOLUSDT,ask,150,29701.075
2024-08-20 08:14:40,SOLUSDT,ask,245,9180.976
2024-08-20 08:14:41,SOLUSDT,ask,148,8508.787
2024-08-20 08:14:46,SOLUSDT,ask,200,43714.907
2024-08-20 08:14:48,SOLUSDT,ask,155,12713.996
2024-08-20 08:14:57,SOLUSDT,ask,152,28079.016
2024-08-20 08:14:58,SOLUSDT,ask,148,8508.823
2024-08-20 08:15:03,SOLUSDT,ask,150,29700.075
2024-08-20 08:15:09,SOLUSDT,ask,148,8470.922
2024-08-20 08:15:17,SOLUSDT,ask,148,8480.937
2024-08-20 08:15:23,SOLUSDT,ask,158,18859.687
2024-08-20 08:15:28,SOLUSDT,ask,150,29698.069
2024-08-20 08:15:30,SOLUSDT,ask,149,7498.207
2024-08-20 08:15:33,SOLUSDT,ask,149,7505.024
2024-08-20 08:15:36,SOLUSDT,ask,149,7504.168
2024-08-20 08:15:43,SOLUSDT,ask,160,26022.339
2024-08-20 08:15:44,SOLUSDT,ask,150,29697.124
2024-08-20 08:15:45,SOLUSDT,ask,152,28085.996
2024-08-20 08:15:46,SOLUSDT,ask,156,21108.085
2024-08-20 08:15:48,SOLUSDT,ask,150,29696.124
2024-08-20 08:15:51,SOLUSDT,ask,151,24686.178
2024-08-20 08:15:51,SOLUSDT,ask,149,7503.169
2024-08-20 08:15:53,SOLUSDT,ask,150,29692.884
2024-08-20 08:15:53,SOLUSDT,ask,160,26024.339
2024-08-20 08:15:55,SOLUSDT,bid,111,14126.347
2024-08-20 08:15:56,SOLUSDT,ask,152,28079.016
2024-08-20 08:16:04,SOLUSDT,ask,180,22393.452
2024-08-20 08:16:06,SOLUSDT,ask,148,8481.793
2024-08-20 08:16:06,SOLUSDT,ask,148,8501.804
2024-08-20 08:16:18,SOLUSDT,ask,149,7504.082
2024-08-20 08:16:21,SOLUSDT,ask,160,26014.648
2024-08-20 08:16:22,SOLUSDT,ask,163,16829.274
2024-08-20 08:16:24,SOLUSDT,ask,148,8592.743
2024-08-20 08:16:34,SOLUSDT,ask,150,29687.497
2024-08-20 08:16:43,SOLUSDT,ask,149,7503.546
2024-08-20 08:16:58,SOLUSDT,ask,149,7502.633
2024-08-20 08:16:58,SOLUSDT,ask,150,29688.41
2024-08-20 08:17:02,SOLUSDT,ask,148,8589.346
2024-08-20 08:17:13,SOLUSDT,ask,149,7302.833
2024-08-20 08:17:15,SOLUSDT,ask,149,7287.742
2024-08-20 08:17:17,SOLUSDT,ask,150,29238.86
2024-08-20 08:17:23,SOLUSDT,ask,163,16833.733
2024-08-20 08:17:24,SOLUSDT,ask,150,29237.239
2024-08-20 08:17:25,SOLUSDT,ask,148,8579.346
2024-08-20 08:17:34,SOLUSDT,ask,158,18860.686
2024-08-20 08:17:34,SOLUSDT,ask,148,8545.678
2024-08-20 08:17:50,SOLUSDT,ask,149,7652.183
2024-08-20 08:17:57,SOLUSDT,ask,150,29237.089
2024-08-20 08:17:57,SOLUSDT,bid,100,34677.634
2024-08-20 08:18:04,SOLUSDT,ask,150,29237.189
2024-08-20 08:18:08,SOLUSDT,ask,151,24686.685
2024-08-20 08:18:12,SOLUSDT,ask,151,24686.785
2024-08-20 08:18:20,SOLUSDT,ask,190,23443.257
2024-08-20 08:18:20,SOLUSDT,ask,152,28079.116
2024-08-20 08:18:26,SOLUSDT,ask,148,8538.092
2024-08-20 08:18:26,SOLUSDT,ask,150,29236.19
2024-08-20 08:18:27,SOLUSDT,ask,148,8447.153
2024-08-20 08:18:33,SOLUSDT,ask,148,8480.679
2024-08-20 08:18:43,SOLUSDT,ask,148,8484.376
2024-08-20 08:18:47,SOLUSDT,ask,161,15855.447
2024-08-20 08:18:55,SOLUSDT,ask,148,8535.499
2024-08-20 08:19:06,SOLUSDT,ask,185,16744.037
2024-08-20 08:19:21,SOLUSDT,bid,120,22778.788
2024-08-20 08:19:25,SOLUSDT,ask,148,8529.029
2024-08-20 08:19:26,SOLUSDT,ask,148,8536.35
2024-08-20 08:19:27,SOLUSDT,ask,161,15793.254
2024-08-20 08:19:40,SOLUSDT,ask,160,26012.648
2024-08-20 08:19:41,SOLUSDT,ask,300,9421.597
2024-08-20 08:19:42,SOLUSDT,bid,130,15089.761
2024-08-20 08:19:50,SOLUSDT,ask,150,29236.537
2024-08-20 08:20:00,SOLUSDT,ask,155,12714.101
2024-08-20 08:20:01,SOLUSDT,bid,135,14951.974
2024-08-20 08:20:09,SOLUSDT,ask,148,8546.026
2024-08-20 08:20:12,SOLUSDT,bid,100,34677.522
2024-08-20 08:20:12,SOLUSDT,ask,180,22393.34
2024-08-20 08:20:19,SOLUSDT,ask,151,24687.477
2024-08-20 08:20:19,SOLUSDT,ask,154,18010.18
2024-08-20 08:20:24,SOLUSDT,ask,180,22394.987
2024-08-20 08:20:28,SOLUSDT,ask,165,16853.831
2024-08-20 08:20:39,SOLUSDT,ask,155,12716.225
2024-08-20 08:20:43,SOLUSDT,ask,165,16853.487
2024-08-20 08:20:44,SOLUSDT,ask,150,29236.189
2024-08-20 08:20:46,SOLUSDT,bid,111,14116.922
2024-08-20 08:20:48,SOLUSDT,ask,148,8540.619
2024-08-20 08:20:50,SOLUSDT,ask,150,29243.189
2024-08-20 08:20:51,SOLUSDT,ask,152,28078.402
2024-08-20 08:20:53,SOLUSDT,ask,152,28078.746
2024-08-20 08:20:54,SOLUSDT,ask,152,28078.943
2024-08-20 08:20:58,SOLUSDT,ask,160,26012.996
2024-08-20 08:21:00,SOLUSDT,ask,149,7653.191
2024-08-20 08:21:02,SOLUSDT,ask,150,29244.345
2024-08-20 08:21:09,SOLUSDT,ask,148,8539.62
2024-08-20 08:21:11,SOLUSDT,ask,175,12477.848
2024-08-20 08:21:16,SOLUSDT,bid,115,20811.721
2024-08-20 08:21:17,SOLUSDT,ask,150,29246.416
2024-08-20 08:21:22,SOLUSDT,ask,148,8539.982
2024-08-20 08:21:43,SOLUSDT,ask,175,13010.643
2024-08-20 08:21:44,SOLUSDT,ask,149,7608.235
2024-08-20 08:21:58,SOLUSDT,ask,148,8540.517
2024-08-20 08:22:02,SOLUSDT,bid,111,14072.022
2024-08-20 08:22:04,SOLUSDT,ask,160,26012.268
2024-08-20 08:22:08,SOLUSDT,ask,150,29245.889
2024-08-20 08:22:11,SOLUSDT,ask,150,29192.194
2024-08-20 08:22:18,SOLUSDT,ask,148,8530.517
2024-08-20 08:22:18,SOLUSDT,ask,149,7618.235
2024-08-20 08:22:26,SOLUSDT,bid,130,15094.634
2024-08-20 08:22:38,SOLUSDT,ask,152,28079.671
2024-08-20 08:22:41,SOLUSDT,ask,149,7618.926
2024-08-20 08:22:45,SOLUSDT,ask,149,7618.708
2024-08-20 08:22:53,SOLUSDT,ask,148,8528.517
2024-08-20 08:22:53,SOLUSDT,ask,148,8527.055
2024-08-20 08:22:54,SOLUSDT,ask,151,24655.584
2024-08-20 08:22:58,SOLUSDT,ask,155,10556.754
2024-08-20 08:23:01,SOLUSDT,ask,165,16848.774
2024-08-20 08:23:03,SOLUSDT,ask,150,29193.164
2024-08-20 08:23:13,SOLUSDT,ask,150,29193.354
2024-08-20 08:23:19,SOLUSDT,ask,148,8618.918
2024-08-20 08:23:22,SOLUSDT,ask,148,8585.392
2024-08-20 08:23:30,SOLUSDT,ask,150,29198.354
2024-08-20 08:23:33,SOLUSDT,ask,151,24719.37
2024-08-20 08:23:37,SOLUSDT,ask,155,10563.475
2024-08-20 08:23:53,SOLUSDT,ask,160,26014.058
2024-08-20 08:23:55,SOLUSDT,ask,151,24710.435
2024-08-20 08:23:55,SOLUSDT,ask,150,29197.747
2024-08-20 08:24:03,SOLUSDT,bid,130,15093.634
2024-08-20 08:24:05,SOLUSDT,ask,148,8584.536
2024-08-20 08:24:10,SOLUSDT,ask,151,24708.699
2024-08-20 08:24:11,SOLUSDT,ask,150,29194.154
2024-08-20 08:24:27,SOLUSDT,ask,160,26015.853
2024-08-20 08:24:28,SOLUSDT,ask,149,7618.539
2024-08-20 08:24:29,SOLUSDT,ask,148,8587.701
2024-08-20 08:24:30,SOLUSDT,ask,160,26019.446
2024-08-20 08:24:35,SOLUSDT,ask,182,5732.9
2024-08-20 08:24:43,SOLUSDT,bid,115,20806.721
2024-08-20 08:24:46,SOLUSDT,ask,148,8584.536
2024-08-20 08:24:47,SOLUSDT,ask,195,12087.261
2024-08-20 08:25:01,SOLUSDT,ask,150,29176.154
2024-08-20 08:25:06,SOLUSDT,ask,148,8577.215
2024-08-20 08:25:23,SOLUSDT,ask,148,8573.808
2024-08-20 08:25:30,SOLUSDT,ask,148,8572.338
2024-08-20 08:25:37,SOLUSDT,bid,135,14949.844
2024-08-20 08:25:38,SOLUSDT,ask,148,8571.282
2024-08-20 08:25:39,SOLUSDT,ask,152,28083.042
2024-08-20 08:25:45,SOLUSDT,ask,148,8569.726
2024-08-20 08:25:46,SOLUSDT,ask,148,8569.64
2024-08-20 08:25:55,SOLUSDT,ask,165,16850.993
2024-08-20 08:26:31,SOLUSDT,ask,156,21108.638
2024-08-20 08:26:36,SOLUSDT,ask,150,29186.154
2024-08-20 08:26:37,SOLUSDT,ask,170,13908.832
2024-08-20 08:26:53,SOLUSDT,bid,135,14944.844
2024-08-20 08:26:54,SOLUSDT,ask,155,10554.632
2024-08-20 08:26:56,SOLUSDT,bid,120,22780.916
2024-08-20 08:27:00,SOLUSDT,ask,148,8570.238
2024-08-20 08:27:03,SOLUSDT,ask,200,43703.163
2024-08-20 08:27:05,SOLUSDT,ask,150,29185.185
2024-08-20 08:27:08,SOLUSDT,ask,149,7629.322
2024-08-20 08:27:13,SOLUSDT,ask,149,7628.322
2024-08-20 08:27:15,SOLUSDT,ask,155,10550.632
2024-08-20 08:27:16,SOLUSDT,bid,115,20804.721
2024-08-20 08:27:26,SOLUSDT,ask,148,8571.237
2024-08-20 08:27:39,SOLUSDT,ask,150,29182.188
2024-08-20 08:27:42,SOLUSDT,bid,130,15088.761
2024-08-20 08:27:50,SOLUSDT,ask,148,8571.147
2024-08-20 08:27:51,SOLUSDT,ask,180,22393.988
2024-08-20 08:27:56,SOLUSDT,ask,185,16744.237
2024-08-20 08:27:58,SOLUSDT,ask,150,29182.151
2024-08-20 08:28:01,SOLUSDT,ask,150,29183.12
2024-08-20 08:28:04,SOLUSDT,ask,149,7629.321
2024-08-20 08:28:09,SOLUSDT,ask,148,8571.08
2024-08-20 08:28:14,SOLUSDT,ask,148,8573.08
2024-08-20 08:28:57,SOLUSDT,bid,115,20826.602
2024-08-20 08:28:59,SOLUSDT,ask,170,13913.067
2024-08-20 08:29:14,SOLUSDT,ask,151,24711.699
2024-08-20 08:29:19,SOLUSDT,bid,120,22776.369
2024-08-20 08:29:21,SOLUSDT,ask,150,29183.039
2024-08-20 08:29:27,SOLUSDT,ask,148,8573.155
2024-08-20 08:29:30,SOLUSDT,ask,148,8571.155
