2024-08-23 07:00:08,SOLUSDT,ask,147,7905.983
2024-08-23 07:00:15,SOLUSDT,bid,140,8242.562
2024-08-23 07:00:15,SOLUSDT,bid,140,8240.062
2024-08-23 07:01:00,SOLUSDT,ask,145,10256.138
2024-08-23 07:01:50,SOLUSDT,ask,180,26845.898
2024-08-23 07:02:00,SOLUSDT,ask,150,26145.638
2024-08-23 07:02:03,SOLUSDT,bid,140,8238.274
2024-08-23 07:02:05,SOLUSDT,bid,140,8238.727
2024-08-23 07:02:27,SOLUSDT,bid,140,8239.441
2024-08-23 07:02:52,SOLUSDT,bid,135,15371.877
2024-08-23 07:02:59,SOLUSDT,ask,149,15975.662
2024-08-23 07:02:59,SOLUSDT,ask,147,7904.834
2024-08-23 07:03:00,SOLUSDT,ask,155,14918.782
2024-08-23 07:03:12,SOLUSDT,ask,145,10257.461
2024-08-23 07:03:32,SOLUSDT,ask,145,10300.768
2024-08-23 07:03:50,SOLUSDT,ask,147,7901.837
2024-08-23 07:04:08,SOLUSDT,bid,139,7205.582
2024-08-23 07:04:09,SOLUSDT,bid,135,15423.728
2024-08-23 07:04:13,SOLUSDT,ask,148,20999.582
2024-08-23 07:04:15,SOLUSDT,ask,170,12466.666
2024-08-23 07:04:23,SOLUSDT,bid,131,9422.501
2024-08-23 07:04:31,SOLUSDT,ask,148,21271.55
2024-08-23 07:05:05,SOLUSDT,ask,145,10306.768
2024-08-23 07:06:02,SOLUSDT,bid,110,25646.259
2024-08-23 07:06:06,SOLUSDT,bid,120,21121.9
2024-08-23 07:06:12,SOLUSDT,bid,130,14566.078
2024-08-23 07:06:49,SOLUSDT,ask,145,10590.874
2024-08-23 07:06:55,SOLUSDT,bid,130,14567.616
2024-08-23 07:07:09,SOLUSDT,ask,150,26119.9
2024-08-23 07:07:09,SOLUSDT,ask,163,17775.472
2024-08-23 07:07:09,SOLUSDT,bid,135,15423.69
2024-08-23 07:07:09,SOLUSDT,ask,149,15975.624
2024-08-23 07:08:16,SOLUSDT,ask,156,20188.924
2024-08-23 07:08:26,SOLUSDT,bid,140,8239.581
2024-08-23 07:08:32,SOLUSDT,bid,139,7206.3
2024-08-23 07:08:43,SOLUSDT,ask,147,7900.371
2024-08-23 07:08:48,SOLUSDT,ask,145,10590.927
2024-08-23 07:08:54,SOLUSDT,ask,220,12186.211
2024-08-23 07:09:00,SOLUSDT,ask,147,7901.837
2024-08-23 07:09:03,SOLUSDT,ask,145,10595.927
2024-08-23 07:09:12,SOLUSDT,bid,140,8245.579
2024-08-23 07:09:17,SOLUSDT,ask,148,21271.466
2024-08-23 07:09:18,SOLUSDT,ask,145,10596.045
2024-08-23 07:09:31,SOLUSDT,bid,110,25644.335
2024-08-23 07:09:39,SOLUSDT,ask,145,10596.74
2024-08-23 07:09:42,SOLUSDT,bid,115,18588.208
2024-08-23 12:02:03,SOLUSDT,bid,115,18597.158
2024-08-23 12:02:03,SOLUSDT,bid,115,18597.058
2024-08-23 12:02:10,SOLUSDT,bid,140,7168.645
2024-08-23 12:02:50,SOLUSDT,ask,155,13839.163
2024-08-23 12:03:09,SOLUSDT,ask,150,26917.213
2024-08-23 12:03:37,SOLUSDT,ask,152,18830.859
2024-08-23 12:03:38,SOLUSDT,bid,115,18597.058
2024-08-23 12:03:41,SOLUSDT,ask,150,26917.166
2024-08-23 12:03:58,SOLUSDT,bid,115,18597.058
2024-08-23 12:04:02,SOLUSDT,bid,140,7149.788
2024-08-23 12:04:05,SOLUSDT,ask,148,15483.154
2024-08-23 12:04:05,SOLUSDT,ask,150,26916.166
2024-08-23 12:04:05,SOLUSDT,ask,155,13838.163
2024-08-23 12:04:05,SOLUSDT,ask,160,27679.069
2024-08-23 12:04:06,SOLUSDT,bid,140,7149.353
2024-08-23 12:04:12,SOLUSDT,bid,135,14635.128
2024-08-23 12:04:13,SOLUSDT,bid,131,9626.092
2024-08-23 12:04:15,SOLUSDT,bid,115,18597.058
2024-08-23 12:04:16,SOLUSDT,bid,130,16226.287
2024-08-23 12:04:18,SOLUSDT,bid,130,16226.203
2024-08-23 12:04:18,SOLUSDT,bid,130,16226.119
2024-08-23 12:04:18,SOLUSDT,bid,130,16226.035
2024-08-23 12:04:25,SOLUSDT,bid,130,16225.951
2024-08-23 12:04:25,SOLUSDT,bid,130,16225.867
2024-08-23 12:04:50,SOLUSDT,ask,170,12488.623
2024-08-23 12:04:52,SOLUSDT,bid,130,16225.783
2024-08-23 12:04:57,SOLUSDT,bid,130,16225.699
2024-08-23 12:04:57,SOLUSDT,bid,130,16225.615
2024-08-23 12:05:01,SOLUSDT,bid,130,16225.447
2024-08-23 12:05:01,SOLUSDT,bid,130,16225.363
2024-08-23 12:05:01,SOLUSDT,bid,130,16225.279
2024-08-23 12:05:01,SOLUSDT,bid,130,16225.195
2024-08-23 12:05:02,SOLUSDT,bid,130,16225.111
2024-08-23 12:05:02,SOLUSDT,bid,130,16225.027
2024-08-23 12:05:02,SOLUSDT,bid,130,16224.943
2024-08-23 12:05:02,SOLUSDT,bid,130,16224.859
2024-08-23 12:05:05,SOLUSDT,bid,130,16224.775
2024-08-23 12:05:05,SOLUSDT,bid,130,16224.691
2024-08-23 12:05:05,SOLUSDT,bid,130,16224.607
2024-08-23 12:05:05,SOLUSDT,bid,130,16224.523
2024-08-23 12:05:05,SOLUSDT,bid,130,16224.355
2024-08-23 12:05:06,SOLUSDT,bid,130,16224.271
2024-08-23 12:05:18,SOLUSDT,ask,156,20176.082
2024-08-23 12:05:35,SOLUSDT,bid,115,18597.058
2024-08-23 12:05:52,SOLUSDT,ask,150,26916.114
2024-08-23 12:05:56,SOLUSDT,bid,115,18597.058
2024-08-23 12:06:17,SOLUSDT,bid,115,18597.058
2024-08-23 12:06:54,SOLUSDT,ask,160,27679.137
2024-08-23 12:07:01,SOLUSDT,bid,140,7149.267
2024-08-23 12:07:01,SOLUSDT,ask,150,26916.028
2024-08-23 12:07:22,SOLUSDT,bid,130,16224.195
2024-08-23 12:07:41,SOLUSDT,bid,100,27144.812
2024-08-23 12:07:42,SOLUSDT,ask,160,27672.111
2024-08-23 12:07:47,SOLUSDT,ask,150,26906.028
2024-08-23 12:07:52,SOLUSDT,ask,185,15931.811
2024-08-23 12:08:05,SOLUSDT,ask,148,15476.019
2024-08-23 12:08:30,SOLUSDT,bid,110,23929.719
2024-08-23 12:08:31,SOLUSDT,bid,120,20796.126
2024-08-23 12:08:32,SOLUSDT,ask,149,15745.258
2024-08-23 12:08:32,SOLUSDT,bid,130,16223.195
2024-08-23 12:08:34,SOLUSDT,ask,155,13837.348
2024-08-23 12:08:37,SOLUSDT,ask,185,15930.811
2024-08-23 12:08:47,SOLUSDT,ask,148,15483.045
2024-08-23 12:08:51,SOLUSDT,ask,155,13837.448
2024-08-23 12:08:59,SOLUSDT,ask,155,13838.263
2024-08-23 12:08:59,SOLUSDT,ask,150,26905.928
2024-08-23 12:09:00,SOLUSDT,ask,156,20176.182
2024-08-23 12:09:19,SOLUSDT,ask,150,26904.891
2024-08-23 12:09:23,SOLUSDT,ask,149,15750.477
2024-08-23 12:09:25,SOLUSDT,ask,150,26897.857
2024-08-23 12:09:26,SOLUSDT,ask,158,19780.37
2024-08-23 12:09:35,SOLUSDT,ask,155,13844.263
2024-08-23 12:09:40,SOLUSDT,ask,155,13838.263
2024-08-23 12:09:43,SOLUSDT,bid,135,14635.082
2024-08-23 12:09:47,SOLUSDT,ask,160,27672.211
2024-08-23 12:10:30,SOLUSDT,ask,170,12488.723
2024-08-23 12:10:48,SOLUSDT,ask,210,25659.931
2024-08-23 12:10:58,SOLUSDT,ask,150,26898.894
2024-08-23 12:11:11,SOLUSDT,ask,149,15758.847
2024-08-23 12:11:13,SOLUSDT,ask,150,26866.54
2024-08-23 12:11:13,SOLUSDT,ask,150,26861.04
2024-08-23 12:11:17,SOLUSDT,ask,149,15757.114
2024-08-23 12:11:17,SOLUSDT,ask,150,26862.773
2024-08-23 12:11:19,SOLUSDT,ask,149,15748.744
2024-08-23 12:11:46,SOLUSDT,ask,148,15482.149
2024-08-23 12:11:57,SOLUSDT,ask,148,15479.503
2024-08-23 12:12:06,SOLUSDT,ask,150,26856.074
