2024-08-28 07:00:04,SOLUSDT,bid,122,4206.148
2024-08-28 07:00:06,SOLUSDT,ask,170,11134.218
2024-08-28 07:00:10,SOLUSDT,bid,145,5795.749
2024-08-28 07:00:16,SOLUSDT,bid,145,5780.749
2024-08-28 07:00:23,SOLUSDT,bid,140,15700.03
2024-08-28 07:00:26,SOLUSDT,bid,143,28182.353
2024-08-28 07:00:27,SOLUSDT,bid,145,5791.191
2024-08-28 07:00:30,SOLUSDT,bid,145,5792.191
2024-08-28 07:00:35,SOLUSDT,bid,140,15701.03
2024-08-28 07:00:36,SOLUSDT,bid,141,3801.706
2024-08-28 07:00:36,SOLUSDT,bid,140,15700.03
2024-08-28 07:00:36,SOLUSDT,bid,135,10177.534
2024-08-28 07:00:36,SOLUSDT,bid,130,12277.265
2024-08-28 07:00:36,SOLUSDT,bid,125,11414.339
2024-08-28 07:00:36,SOLUSDT,bid,120,16339.443
2024-08-28 07:00:36,SOLUSDT,bid,115,17101.007
2024-08-28 07:00:36,SOLUSDT,bid,110,20542.803
2024-08-28 07:00:36,SOLUSDT,bid,105,8369.432
2024-08-28 07:00:36,SOLUSDT,bid,100,23544.859
2024-08-28 07:00:36,SOLUSDT,bid,95,8307.786
2024-08-28 07:00:36,SOLUSDT,bid,90,8788.219
2024-08-28 07:00:36,SOLUSDT,bid,80,13271.269
2024-08-28 07:00:37,SOLUSDT,bid,120,16346.018
2024-08-28 07:00:38,SOLUSDT,bid,138,5644.012
2024-08-28 07:00:40,SOLUSDT,bid,140,15710.03
2024-08-28 07:00:41,SOLUSDT,bid,146,3415.463
2024-08-28 07:00:41,SOLUSDT,bid,146,3415.663
2024-08-28 07:00:42,SOLUSDT,bid,146,3416.413
2024-08-28 07:00:42,SOLUSDT,bid,146,3426.594
2024-08-28 07:00:42,SOLUSDT,ask,165,15147.744
2024-08-28 07:00:43,SOLUSDT,bid,146,3625.134
2024-08-28 07:00:43,SOLUSDT,bid,146,3699.116
2024-08-28 07:00:43,SOLUSDT,bid,146,3767.348
2024-08-28 07:00:44,SOLUSDT,bid,146,3915.969
2024-08-28 07:00:44,SOLUSDT,bid,146,3915.219
2024-08-28 07:00:45,SOLUSDT,bid,146,3845.474
2024-08-28 07:00:45,SOLUSDT,bid,146,3734.501
2024-08-28 07:00:46,SOLUSDT,bid,146,3737.908
2024-08-28 07:00:46,SOLUSDT,bid,146,3811.884
2024-08-28 07:00:46,SOLUSDT,bid,146,3809.625
2024-08-28 07:00:47,SOLUSDT,bid,146,3699.654
2024-08-28 07:00:47,SOLUSDT,bid,146,3806.619
2024-08-28 07:00:47,SOLUSDT,bid,146,3946.577
2024-08-28 07:00:47,SOLUSDT,bid,146,3980.892
2024-08-28 07:00:47,SOLUSDT,bid,140,15709.584
2024-08-28 07:00:48,SOLUSDT,bid,146,3944.902
2024-08-28 07:00:48,SOLUSDT,bid,121,5892.086
2024-08-28 07:00:48,SOLUSDT,bid,146,3908.912
2024-08-28 07:00:49,SOLUSDT,bid,146,3871.921
2024-08-28 07:00:49,SOLUSDT,ask,175,7373.133
2024-08-28 07:00:49,SOLUSDT,bid,146,3940.154
2024-08-28 07:00:49,SOLUSDT,bid,146,3904.161
2024-08-28 07:00:49,SOLUSDT,bid,146,3868.171
2024-08-28 07:00:49,SOLUSDT,bid,146,3832.182
2024-08-28 07:00:50,SOLUSDT,bid,146,3838.653
2024-08-28 07:00:52,SOLUSDT,bid,146,3617.387
2024-08-28 07:00:53,SOLUSDT,bid,146,3547.408
2024-08-28 07:00:55,SOLUSDT,bid,146,3477.429
2024-08-28 07:00:55,SOLUSDT,bid,146,3478.179
2024-08-28 07:01:10,SOLUSDT,bid,80,13272.269
2024-08-28 07:01:19,SOLUSDT,bid,145,5807.569
2024-08-28 07:01:23,SOLUSDT,bid,120,16346.096
2024-08-28 07:01:26,SOLUSDT,bid,90,8789.219
2024-08-28 07:01:27,SOLUSDT,bid,140,15710.298
2024-08-28 07:01:29,SOLUSDT,bid,140,15700.298
2024-08-28 07:01:30,SOLUSDT,bid,130,12313.507
2024-08-28 07:01:31,SOLUSDT,ask,190,21573.696
2024-08-28 07:01:31,SOLUSDT,bid,145,3749.346
2024-08-28 07:01:31,SOLUSDT,bid,95,8308.786
2024-08-28 07:01:31,SOLUSDT,bid,145,3749.148
2024-08-28 07:01:31,SOLUSDT,bid,145,3749.148
2024-08-28 07:01:32,SOLUSDT,bid,145,3749.322
2024-08-28 07:01:32,SOLUSDT,bid,145,3749.322
2024-08-28 07:01:32,SOLUSDT,bid,145,3750.653
2024-08-28 07:01:36,SOLUSDT,bid,100,23545.859
2024-08-28 07:01:38,SOLUSDT,bid,142,4707.075
2024-08-28 07:01:41,SOLUSDT,bid,105,8370.432
2024-08-28 07:01:46,SOLUSDT,bid,110,20543.803
2024-08-28 07:01:47,SOLUSDT,bid,145,3749.148
2024-08-28 07:01:49,SOLUSDT,ask,160,6215.127
2024-08-28 07:01:50,SOLUSDT,bid,145,3749.148
2024-08-28 07:01:51,SOLUSDT,bid,140,15699.202
2024-08-28 07:01:52,SOLUSDT,bid,115,17102.007
2024-08-28 07:01:57,SOLUSDT,bid,120,16347.096
2024-08-28 07:02:03,SOLUSDT,ask,162,7801.671
2024-08-28 07:02:05,SOLUSDT,bid,125,11415.339
2024-08-28 07:02:05,SOLUSDT,bid,110,20544.256
2024-08-28 07:02:14,SOLUSDT,bid,130,12314.507
2024-08-28 07:02:14,SOLUSDT,bid,145,3749.309
2024-08-28 07:02:14,SOLUSDT,bid,145,3749.148
2024-08-28 07:02:17,SOLUSDT,bid,143,28187.353
2024-08-28 07:02:18,SOLUSDT,bid,145,3750.653
2024-08-28 07:02:18,SOLUSDT,bid,145,3750.653
2024-08-28 07:02:18,SOLUSDT,bid,145,3750.653
2024-08-28 07:02:19,SOLUSDT,bid,145,3750.653
2024-08-28 07:02:19,SOLUSDT,bid,145,3750.828
2024-08-28 07:02:19,SOLUSDT,bid,136,8000.555
2024-08-28 07:02:19,SOLUSDT,bid,145,3750.653
2024-08-28 07:02:19,SOLUSDT,bid,145,3750.653
2024-08-28 07:02:19,SOLUSDT,bid,111,10252.898
2024-08-28 07:02:20,SOLUSDT,bid,145,3750.653
2024-08-28 07:02:21,SOLUSDT,bid,145,3741.044
2024-08-28 07:02:21,SOLUSDT,bid,135,10178.534
2024-08-28 07:02:21,SOLUSDT,bid,131,9086.615
2024-08-28 07:02:27,SOLUSDT,bid,140,15709.202
2024-08-28 07:02:27,SOLUSDT,bid,140,15710.202
2024-08-28 07:02:32,SOLUSDT,bid,121,5900.35
2024-08-28 07:02:32,SOLUSDT,bid,145,5808.459
2024-08-28 07:02:33,SOLUSDT,bid,145,3918.137
2024-08-28 07:02:34,SOLUSDT,bid,145,5809.211
2024-08-28 07:02:36,SOLUSDT,bid,145,3741.044
2024-08-28 07:02:37,SOLUSDT,ask,160,6199.393
2024-08-28 07:02:38,SOLUSDT,bid,140,15696.202
2024-08-28 07:02:38,SOLUSDT,bid,143,28177.353
2024-08-28 07:02:40,SOLUSDT,bid,145,5802.315
2024-08-28 07:02:44,SOLUSDT,bid,145,3918.137
2024-08-28 07:02:47,SOLUSDT,bid,145,3741.044
2024-08-28 07:02:49,SOLUSDT,ask,160,6199.427
2024-08-28 07:02:57,SOLUSDT,bid,145,3918.137
2024-08-28 07:03:03,SOLUSDT,bid,145,3741.044
2024-08-28 07:03:07,SOLUSDT,bid,141,3797.643
2024-08-28 07:03:07,SOLUSDT,ask,170,11134.067
2024-08-28 07:03:08,SOLUSDT,bid,145,5801.563
2024-08-28 07:03:14,SOLUSDT,bid,130,12315.086
2024-08-28 07:03:19,SOLUSDT,bid,143,28178.867
2024-08-28 07:03:32,SOLUSDT,bid,80,14272.269
2024-08-28 07:03:39,SOLUSDT,ask,230,6654.877
2024-08-28 07:03:42,SOLUSDT,bid,142,4706.97
2024-08-28 07:03:42,SOLUSDT,bid,140,15696.307
2024-08-28 07:03:43,SOLUSDT,bid,142,4708.249
2024-08-28 07:03:44,SOLUSDT,bid,140,15803.449
2024-08-28 07:03:44,SOLUSDT,bid,143,28177.867
2024-08-28 07:03:51,SOLUSDT,bid,140,15805.434
2024-08-28 07:03:51,SOLUSDT,bid,111,10222.898
2024-08-28 07:03:54,SOLUSDT,bid,146,3918.542
2024-08-28 07:03:55,SOLUSDT,bid,145,5800.563
2024-08-28 07:04:02,SOLUSDT,bid,138,5645.947
2024-08-28 07:04:08,SOLUSDT,bid,140,15804.753
2024-08-28 07:04:11,SOLUSDT,bid,120,16346.888
2024-08-28 07:04:12,SOLUSDT,bid,130,12318.438
2024-08-28 07:04:15,SOLUSDT,bid,145,5802.7
2024-08-28 07:04:23,SOLUSDT,ask,160,6199.392
2024-08-28 07:04:23,SOLUSDT,ask,163,5145.296
2024-08-28 07:04:23,SOLUSDT,bid,145,5802.665
2024-08-28 07:04:24,SOLUSDT,bid,142,4703.249
2024-08-28 07:04:27,SOLUSDT,bid,145,5803.665
2024-08-28 07:04:28,SOLUSDT,bid,138,5650.727
2024-08-28 07:04:28,SOLUSDT,ask,147,3748.802
2024-08-28 07:04:34,SOLUSDT,bid,140,15805.053
2024-08-28 07:04:35,SOLUSDT,ask,160,6197.404
2024-08-28 07:04:35,SOLUSDT,bid,145,5801.528
2024-08-28 07:04:42,SOLUSDT,bid,130,12318.848
2024-08-28 07:04:47,SOLUSDT,bid,142,4703.319
2024-08-28 07:04:47,SOLUSDT,bid,145,5803.665
2024-08-28 07:04:48,SOLUSDT,ask,165,15143.6
2024-08-28 07:04:55,SOLUSDT,bid,145,5806.427
2024-08-28 07:04:58,SOLUSDT,bid,145,5807.459
2024-08-28 07:04:59,SOLUSDT,bid,145,5805.322
2024-08-28 07:05:01,SOLUSDT,ask,160,6200.11
2024-08-28 07:05:04,SOLUSDT,bid,136,8041.652
2024-08-28 07:05:05,SOLUSDT,bid,145,5805.822
2024-08-28 07:05:07,SOLUSDT,bid,145,5808.03
2024-08-28 07:05:08,SOLUSDT,bid,141,3855.171
2024-08-28 07:05:09,SOLUSDT,bid,138,5664.727
2024-08-28 07:05:12,SOLUSDT,bid,145,5808.53
2024-08-28 07:05:15,SOLUSDT,bid,137,6266.405
2024-08-28 07:05:16,SOLUSDT,bid,100,23546.859
2024-08-28 07:05:16,SOLUSDT,bid,145,5806.322
2024-08-28 07:05:19,SOLUSDT,bid,143,28178.216
2024-08-28 07:05:19,SOLUSDT,bid,101,6365.65
2024-08-28 07:05:21,SOLUSDT,bid,125,11455.339
2024-08-28 07:05:25,SOLUSDT,bid,140,15804.585
2024-08-28 07:05:30,SOLUSDT,bid,145,5808.815
2024-08-28 07:05:31,SOLUSDT,bid,145,5809.815
2024-08-28 07:05:35,SOLUSDT,bid,145,5775.333
2024-08-28 07:05:35,SOLUSDT,bid,142,4708.048
2024-08-28 07:05:36,SOLUSDT,bid,142,4707.903
2024-08-28 07:05:38,SOLUSDT,bid,143,28188.216
2024-08-28 07:05:40,SOLUSDT,ask,147,3749.237
2024-08-28 07:05:43,SOLUSDT,bid,110,20539.437
2024-08-28 07:05:45,SOLUSDT,bid,140,15806.705
2024-08-28 07:05:45,SOLUSDT,bid,138,5614.677
2024-08-28 07:05:45,SOLUSDT,bid,135,10228.584
2024-08-28 07:05:46,SOLUSDT,bid,122,4216.148
2024-08-28 07:05:53,SOLUSDT,bid,138,5564.627
2024-08-28 07:05:53,SOLUSDT,bid,135,10278.634
2024-08-28 07:05:56,SOLUSDT,bid,145,6116.813
2024-08-28 07:06:01,SOLUSDT,bid,138,5514.668
2024-08-28 07:06:01,SOLUSDT,bid,135,10328.593
2024-08-28 07:06:04,SOLUSDT,bid,110,20556.019
2024-08-28 07:06:04,SOLUSDT,bid,110,20557.596
2024-08-28 07:06:05,SOLUSDT,bid,145,6116.854
2024-08-28 07:06:06,SOLUSDT,ask,165,15146.067
2024-08-28 07:06:09,SOLUSDT,ask,165,15146.004
2024-08-28 07:06:10,SOLUSDT,bid,138,5464.618
2024-08-28 07:06:10,SOLUSDT,bid,135,10378.643
2024-08-28 07:06:11,SOLUSDT,ask,300,9585.823
2024-08-28 07:06:11,SOLUSDT,bid,115,17112.731
2024-08-28 07:06:12,SOLUSDT,ask,260,6720.431
2024-08-28 07:06:15,SOLUSDT,ask,162,7781.785
2024-08-28 07:06:20,SOLUSDT,ask,168,6366.197
2024-08-28 07:06:23,SOLUSDT,bid,145,6115.854
2024-08-28 07:06:23,SOLUSDT,ask,165,15165.89
2024-08-28 07:06:24,SOLUSDT,bid,145,5774.374
2024-08-28 07:06:25,SOLUSDT,bid,145,3741.141
2024-08-28 07:06:30,SOLUSDT,bid,120,16341.055
2024-08-28 07:06:35,SOLUSDT,bid,140,15828.133
2024-08-28 07:06:39,SOLUSDT,bid,145,5429.547
2024-08-28 07:06:40,SOLUSDT,bid,140,15829.561
2024-08-28 07:06:41,SOLUSDT,bid,136,8042.652
2024-08-28 07:07:00,SOLUSDT,bid,140,15830.561
2024-08-28 07:07:02,SOLUSDT,bid,145,5430.236
2024-08-28 07:07:04,SOLUSDT,bid,145,3741.141
2024-08-28 07:07:04,SOLUSDT,bid,145,9167.947
2024-08-28 07:07:06,SOLUSDT,bid,142,4705.791
2024-08-28 07:07:10,SOLUSDT,bid,143,28189.216
2024-08-28 07:07:11,SOLUSDT,ask,160,6200.176
2024-08-28 07:07:12,SOLUSDT,bid,140,15831.093
2024-08-28 07:07:12,SOLUSDT,bid,142,4707.199
2024-08-28 07:07:14,SOLUSDT,bid,145,9133.465
2024-08-28 07:07:19,SOLUSDT,bid,140,15832.093
2024-08-28 07:07:20,SOLUSDT,bid,138,5464.823
2024-08-28 07:07:22,SOLUSDT,bid,110,20548.506
2024-08-28 07:07:23,SOLUSDT,bid,140,15831.993
2024-08-28 07:07:24,SOLUSDT,ask,160,6333.376
2024-08-28 07:07:27,SOLUSDT,bid,142,4742.41
2024-08-28 07:07:31,SOLUSDT,bid,105,8355.432
2024-08-28 07:07:32,SOLUSDT,bid,115,17107.731
2024-08-28 07:07:34,SOLUSDT,ask,159,6147.833
2024-08-28 07:07:34,SOLUSDT,bid,105,8356.442
2024-08-28 07:07:35,SOLUSDT,bid,136,8043.652
2024-08-28 07:07:36,SOLUSDT,bid,136,8060.562
2024-08-28 07:07:38,SOLUSDT,bid,140,15833.278
2024-08-28 07:07:42,SOLUSDT,bid,140,15907.854
2024-08-28 07:07:45,SOLUSDT,bid,136,8059.562
2024-08-28 07:07:45,SOLUSDT,bid,115,17117.731
2024-08-28 07:07:46,SOLUSDT,ask,160,6332.701
2024-08-28 07:07:50,SOLUSDT,bid,140,15833.278
2024-08-28 07:07:59,SOLUSDT,ask,162,7781.877
2024-08-28 07:08:00,SOLUSDT,ask,147,3749.135
2024-08-28 07:08:00,SOLUSDT,ask,159,6143.233
2024-08-28 07:08:00,SOLUSDT,ask,162,7781.753
2024-08-28 07:08:03,SOLUSDT,bid,143,28262.228
2024-08-28 07:08:07,SOLUSDT,bid,136,8049.562
2024-08-28 07:08:10,SOLUSDT,bid,120,16346.055
2024-08-28 07:08:21,SOLUSDT,bid,112,7750.366
2024-08-28 07:08:22,SOLUSDT,bid,115,17122.103
2024-08-28 07:08:25,SOLUSDT,bid,135,10418.643
2024-08-28 07:08:28,SOLUSDT,bid,141,3855.383
2024-08-28 07:08:31,SOLUSDT,bid,145,9140.361
2024-08-28 07:08:34,SOLUSDT,bid,140,15844.733
2024-08-28 07:08:44,SOLUSDT,bid,145,9137.599
2024-08-28 07:08:46,SOLUSDT,bid,140,15851.875
2024-08-28 07:08:55,SOLUSDT,bid,138,5464.873
2024-08-28 07:08:59,SOLUSDT,bid,120,16346.573
2024-08-28 07:08:59,SOLUSDT,bid,145,9137.42
2024-08-28 07:09:11,SOLUSDT,bid,145,9139.77
2024-08-28 07:09:12,SOLUSDT,bid,143,28262.409
2024-08-28 07:09:16,SOLUSDT,bid,112,7752.366
2024-08-28 07:09:29,SOLUSDT,bid,125,11456.339
2024-08-28 07:09:31,SOLUSDT,bid,110,20542.897
2024-08-28 07:09:39,SOLUSDT,bid,140,15854.875
2024-08-28 07:09:40,SOLUSDT,bid,140,15846.933
2024-08-28 07:09:46,SOLUSDT,bid,130,12323.848
2024-08-28 07:09:51,SOLUSDT,ask,168,6345.197
2024-08-28 07:10:01,SOLUSDT,ask,159,6115.745
2024-08-28 07:10:01,SOLUSDT,bid,110,20549.897
2024-08-28 07:10:02,SOLUSDT,bid,145,9140.77
2024-08-28 07:10:13,SOLUSDT,bid,145,9140.839
2024-08-28 07:10:22,SOLUSDT,bid,140,15849.122
2024-08-28 07:10:25,SOLUSDT,bid,141,3840.383
2024-08-28 07:10:30,SOLUSDT,bid,145,9140.702
2024-08-28 07:10:33,SOLUSDT,bid,133,6227.55
2024-08-28 07:10:34,SOLUSDT,bid,100,23705.494
2024-08-28 07:10:36,SOLUSDT,bid,135,10418.273
2024-08-28 07:10:36,SOLUSDT,ask,147,3987.359
2024-08-28 07:10:37,SOLUSDT,bid,120,16350.573
2024-08-28 07:10:39,SOLUSDT,bid,143,28262.478
2024-08-28 07:10:41,SOLUSDT,bid,138,5464.729
2024-08-28 07:10:41,SOLUSDT,bid,143,28262.338
2024-08-28 07:10:41,SOLUSDT,bid,141,3840.242
2024-08-28 07:10:48,SOLUSDT,ask,147,3749.135
2024-08-28 07:10:54,SOLUSDT,bid,118,4735.07
2024-08-28 07:10:54,SOLUSDT,bid,141,3830.242
2024-08-28 07:10:55,SOLUSDT,bid,100,23705.244
2024-08-28 07:10:59,SOLUSDT,bid,135,10417.266
2024-08-28 07:11:03,SOLUSDT,ask,147,3987.359
2024-08-28 07:11:08,SOLUSDT,bid,140,15846.933
2024-08-28 07:11:12,SOLUSDT,bid,120,16351.573
2024-08-28 07:11:13,SOLUSDT,bid,140,15830.09
2024-08-28 07:11:14,SOLUSDT,bid,145,9140.496
2024-08-28 07:11:15,SOLUSDT,bid,140,15830.19
2024-08-28 07:11:19,SOLUSDT,bid,143,28263.212
2024-08-28 07:11:21,SOLUSDT,bid,125,11456.395
2024-08-28 07:11:21,SOLUSDT,bid,130,12324.892
2024-08-28 07:11:22,SOLUSDT,bid,141,3830.596
2024-08-28 07:11:25,SOLUSDT,bid,135,10421.028
2024-08-28 07:11:27,SOLUSDT,bid,130,12326.43
2024-08-28 07:11:32,SOLUSDT,bid,140,15830.55
2024-08-28 07:11:33,SOLUSDT,ask,163,4328.692
2024-08-28 07:11:34,SOLUSDT,bid,142,4742.55
2024-08-28 07:11:38,SOLUSDT,bid,142,4741.455
2024-08-28 07:11:45,SOLUSDT,bid,143,28368.614
2024-08-28 07:11:45,SOLUSDT,bid,145,9140.359
2024-08-28 07:11:52,SOLUSDT,ask,147,3749.135
2024-08-28 07:11:53,SOLUSDT,bid,140,15832.739
2024-08-28 07:12:05,SOLUSDT,bid,145,9152.747
2024-08-28 07:12:06,SOLUSDT,bid,111,10240.734
2024-08-28 07:12:07,SOLUSDT,ask,160,6333.062
2024-08-28 07:12:07,SOLUSDT,ask,147,3987.359
2024-08-28 07:12:14,SOLUSDT,bid,112,7843.764
2024-08-28 07:12:15,SOLUSDT,bid,140,15833.096
2024-08-28 07:12:16,SOLUSDT,bid,143,28368.753
2024-08-28 07:12:17,SOLUSDT,bid,145,9159.643
2024-08-28 07:12:18,SOLUSDT,bid,145,9159.711
2024-08-28 07:12:19,SOLUSDT,bid,138,5467.626
2024-08-28 07:12:25,SOLUSDT,bid,145,9149.711
2024-08-28 07:12:31,SOLUSDT,bid,142,4741.722
2024-08-28 07:12:34,SOLUSDT,bid,141,3830.737
2024-08-28 07:12:35,SOLUSDT,ask,147,3749.135
2024-08-28 07:12:36,SOLUSDT,bid,140,15843.096
2024-08-28 07:12:37,SOLUSDT,bid,145,9089.37
2024-08-28 07:12:37,SOLUSDT,bid,143,28381.315
2024-08-28 07:12:41,SOLUSDT,bid,145,9089.408
2024-08-28 07:12:43,SOLUSDT,bid,145,9089.375
2024-08-28 07:12:44,SOLUSDT,ask,190,21571.797
2024-08-28 07:12:45,SOLUSDT,bid,140,15846.667
2024-08-28 07:12:46,SOLUSDT,bid,135,10428.435
2024-08-28 07:12:51,SOLUSDT,bid,140,15836.667
2024-08-28 07:13:00,SOLUSDT,bid,138,5477.626
2024-08-28 07:13:01,SOLUSDT,bid,138,5445.018
2024-08-28 07:13:02,SOLUSDT,bid,135,10438.435
2024-08-28 07:13:03,SOLUSDT,bid,140,15834.906
2024-08-28 07:13:04,SOLUSDT,ask,147,3987.359
2024-08-28 07:13:07,SOLUSDT,bid,145,9082.099
2024-08-28 07:13:10,SOLUSDT,ask,147,4805.749
2024-08-28 07:13:11,SOLUSDT,bid,120,16341.573
2024-08-28 07:13:12,SOLUSDT,bid,135,10440.261
2024-08-28 07:13:13,SOLUSDT,bid,143,28380.966
2024-08-28 07:13:18,SOLUSDT,bid,140,15842.442
2024-08-28 07:13:24,SOLUSDT,ask,169,3095.924
2024-08-28 07:13:24,SOLUSDT,ask,200,44094.219
2024-08-28 07:13:26,SOLUSDT,bid,140,15842.799
2024-08-28 07:13:32,SOLUSDT,ask,147,3987.359
2024-08-28 07:13:32,SOLUSDT,bid,145,9072.099
2024-08-28 07:13:32,SOLUSDT,ask,147,3749.135
2024-08-28 07:13:34,SOLUSDT,ask,147,3750.64
2024-08-28 07:13:36,SOLUSDT,bid,138,5448.641
2024-08-28 07:13:37,SOLUSDT,bid,110,20551.56
2024-08-28 07:13:37,SOLUSDT,bid,110,20557.56
2024-08-28 07:13:40,SOLUSDT,ask,160,6333.012
2024-08-28 07:13:46,SOLUSDT,bid,90,8787.664
2024-08-28 07:13:48,SOLUSDT,ask,147,3749.135
2024-08-28 07:13:57,SOLUSDT,bid,145,9032.287
2024-08-28 07:14:00,SOLUSDT,bid,137,6270.054
2024-08-28 07:14:03,SOLUSDT,bid,142,4741.898
2024-08-28 07:14:03,SOLUSDT,ask,147,3750.64
2024-08-28 07:14:06,SOLUSDT,bid,140,15832.505
2024-08-28 07:14:15,SOLUSDT,bid,120,16341.615
2024-08-28 07:14:18,SOLUSDT,ask,147,3749.135
2024-08-28 07:14:28,SOLUSDT,bid,142,4741.968
2024-08-28 07:14:36,SOLUSDT,bid,125,11462.996
2024-08-28 07:14:49,SOLUSDT,bid,140,15832.862
2024-08-28 07:14:52,SOLUSDT,bid,137,6266.405
2024-08-28 07:14:52,SOLUSDT,bid,145,9022.836
2024-08-28 07:14:57,SOLUSDT,bid,140,15832.822
2024-08-28 07:14:58,SOLUSDT,bid,140,15834.292
2024-08-28 07:15:03,SOLUSDT,bid,145,9023.136
2024-08-28 07:15:16,SOLUSDT,bid,140,15833.292
2024-08-28 07:15:18,SOLUSDT,ask,175,7367.508
2024-08-28 07:15:19,SOLUSDT,bid,143,28980.966
2024-08-28 07:15:21,SOLUSDT,bid,111,10247.734
2024-08-28 07:15:22,SOLUSDT,bid,125,11464.596
2024-08-28 07:15:23,SOLUSDT,bid,145,9021.068
2024-08-28 07:15:25,SOLUSDT,bid,145,9023.068
2024-08-28 07:15:28,SOLUSDT,bid,140,16084.039
2024-08-28 07:15:36,SOLUSDT,bid,136,8050.562
2024-08-28 07:15:39,SOLUSDT,ask,165,15165.631
2024-08-28 07:15:40,SOLUSDT,bid,110,20559.36
2024-08-28 07:15:41,SOLUSDT,bid,145,9026.086
2024-08-28 07:15:45,SOLUSDT,bid,115,17117.756
2024-08-28 07:15:48,SOLUSDT,ask,165,15104.361
2024-08-28 07:15:52,SOLUSDT,bid,135,10442.157
2024-08-28 07:15:56,SOLUSDT,bid,145,9027.086
2024-08-28 07:16:01,SOLUSDT,ask,162,7782.022
2024-08-28 07:16:03,SOLUSDT,ask,147,4089.998
2024-08-28 07:16:05,SOLUSDT,ask,160,6333.086
2024-08-28 07:16:05,SOLUSDT,ask,170,11134.141
2024-08-28 07:16:06,SOLUSDT,ask,147,3749.135
2024-08-28 07:16:06,SOLUSDT,bid,140,16084.113
2024-08-28 07:16:07,SOLUSDT,bid,130,12326.504
2024-08-28 07:16:08,SOLUSDT,bid,120,16341.689
2024-08-28 07:16:09,SOLUSDT,bid,110,20559.434
2024-08-28 07:16:09,SOLUSDT,bid,145,9024.736
2024-08-28 07:16:14,SOLUSDT,bid,111,10248.234
2024-08-28 07:16:15,SOLUSDT,ask,165,15165.631
2024-08-28 07:16:18,SOLUSDT,ask,162,7782.281
2024-08-28 07:16:20,SOLUSDT,bid,145,9025.563
2024-08-28 07:16:23,SOLUSDT,bid,145,9025.604
2024-08-28 07:16:24,SOLUSDT,bid,142,4743.072
2024-08-28 07:16:27,SOLUSDT,bid,140,15976.971
2024-08-28 07:16:30,SOLUSDT,bid,140,15971.971
2024-08-28 07:16:35,SOLUSDT,bid,141,3827.908
2024-08-28 07:16:41,SOLUSDT,bid,135,10448.912
2024-08-28 07:16:45,SOLUSDT,ask,159,5791.096
2024-08-28 07:16:45,SOLUSDT,bid,125,11479.596
2024-08-28 07:16:46,SOLUSDT,bid,138,5448.423
2024-08-28 07:17:01,SOLUSDT,bid,140,15973.399
2024-08-28 07:17:07,SOLUSDT,bid,140,15973.042
2024-08-28 07:17:11,SOLUSDT,bid,140,15974.942
2024-08-28 07:17:12,SOLUSDT,bid,140,15974.692
2024-08-28 07:17:12,SOLUSDT,bid,130,12326.924
2024-08-28 07:17:21,SOLUSDT,bid,143,28981.007
2024-08-28 07:17:21,SOLUSDT,ask,170,11133.141
2024-08-28 07:17:21,SOLUSDT,ask,200,44092.219
2024-08-28 07:17:28,SOLUSDT,bid,118,4737.546
2024-08-28 07:17:30,SOLUSDT,bid,118,4735.07
2024-08-28 07:17:30,SOLUSDT,bid,145,9367.929
2024-08-28 07:17:31,SOLUSDT,bid,142,4743.319
2024-08-28 07:17:31,SOLUSDT,bid,130,12327.924
2024-08-28 07:17:32,SOLUSDT,bid,145,9025.604
2024-08-28 07:17:33,SOLUSDT,bid,140,15974.232
2024-08-28 07:17:33,SOLUSDT,bid,138,5448.569
2024-08-28 07:17:35,SOLUSDT,ask,160,6333.329
2024-08-28 07:17:44,SOLUSDT,bid,133,6228.55
2024-08-28 07:17:53,SOLUSDT,bid,125,11483.596
2024-08-28 07:18:00,SOLUSDT,bid,140,15974.695
2024-08-28 07:18:04,SOLUSDT,bid,145,9846.818
2024-08-28 07:18:04,SOLUSDT,bid,137,6287.513
2024-08-28 07:18:08,SOLUSDT,bid,110,20589.434
2024-08-28 07:18:09,SOLUSDT,bid,142,4744.835
2024-08-28 07:18:10,SOLUSDT,bid,145,9025.604
2024-08-28 07:18:10,SOLUSDT,bid,131,9088.027
2024-08-28 07:18:12,SOLUSDT,bid,145,9025.673
2024-08-28 07:18:13,SOLUSDT,bid,110,20591.252
2024-08-28 07:18:13,SOLUSDT,bid,141,3819.908
2024-08-28 07:18:13,SOLUSDT,bid,142,4743.319
2024-08-28 07:18:15,SOLUSDT,bid,120,16342.939
2024-08-28 07:18:16,SOLUSDT,bid,143,28981.347
2024-08-28 07:18:16,SOLUSDT,bid,142,4733.891
2024-08-28 07:18:19,SOLUSDT,bid,125,11479.596
2024-08-28 07:18:19,SOLUSDT,bid,145,9025.723
2024-08-28 07:18:27,SOLUSDT,bid,130,12342.924
2024-08-28 07:18:33,SOLUSDT,bid,115,17122.103
2024-08-28 07:18:39,SOLUSDT,bid,145,9023.999
2024-08-28 07:18:40,SOLUSDT,bid,112,7888.406
2024-08-28 07:18:40,SOLUSDT,bid,140,15990.695
2024-08-28 07:18:41,SOLUSDT,bid,135,10466.619
2024-08-28 07:18:43,SOLUSDT,ask,165,15165.531
2024-08-28 07:18:46,SOLUSDT,ask,175,7365.745
2024-08-28 07:18:46,SOLUSDT,bid,145,9022.819
2024-08-28 07:18:46,SOLUSDT,bid,140,15989.515
2024-08-28 07:18:46,SOLUSDT,bid,135,10465.439
2024-08-28 07:18:46,SOLUSDT,bid,130,12341.744
2024-08-28 07:18:46,SOLUSDT,bid,125,11478.416
2024-08-28 07:18:46,SOLUSDT,bid,120,16341.759
2024-08-28 07:18:46,SOLUSDT,bid,115,17120.923
2024-08-28 07:18:46,SOLUSDT,bid,110,20590.072
2024-08-28 07:18:46,SOLUSDT,bid,105,8355.262
2024-08-28 07:18:46,SOLUSDT,bid,100,23704.064
2024-08-28 07:18:49,SOLUSDT,ask,159,5791.153
2024-08-28 07:18:53,SOLUSDT,bid,145,9018.219
2024-08-28 07:18:54,SOLUSDT,bid,140,15997.515
2024-08-28 07:18:56,SOLUSDT,bid,138,5449.739
2024-08-28 07:18:56,SOLUSDT,bid,145,9008.219
2024-08-28 07:18:58,SOLUSDT,bid,145,9008.254
2024-08-28 07:18:58,SOLUSDT,bid,145,9829.45
2024-08-28 07:18:58,SOLUSDT,bid,100,23706.064
2024-08-28 07:19:02,SOLUSDT,bid,143,28996.347
2024-08-28 07:19:03,SOLUSDT,bid,140,15998.015
2024-08-28 07:19:03,SOLUSDT,bid,141,3809.908
2024-08-28 07:19:04,SOLUSDT,ask,180,19719.634
2024-08-28 07:19:04,SOLUSDT,bid,142,4723.891
2024-08-28 07:19:04,SOLUSDT,bid,130,12343.607
2024-08-28 07:19:05,SOLUSDT,bid,141,3814.638
2024-08-28 07:19:06,SOLUSDT,bid,143,28986.347
2024-08-28 07:19:06,SOLUSDT,bid,140,15999.015
2024-08-28 07:19:08,SOLUSDT,bid,145,9819.45
2024-08-28 07:19:09,SOLUSDT,bid,143,29000.566
2024-08-28 07:19:13,SOLUSDT,ask,165,15164.531
2024-08-28 07:19:16,SOLUSDT,bid,122,4244.836
2024-08-28 07:19:18,SOLUSDT,bid,142,4850.651
2024-08-28 07:19:21,SOLUSDT,ask,168,6352.053
2024-08-28 07:19:21,SOLUSDT,bid,143,29016.491
2024-08-28 07:19:32,SOLUSDT,bid,140,15998.765
2024-08-28 07:19:32,SOLUSDT,bid,136,8050.662
2024-08-28 07:19:33,SOLUSDT,bid,142,4851.179
2024-08-28 07:19:37,SOLUSDT,ask,160,6334.328
2024-08-28 07:19:39,SOLUSDT,ask,162,7783.308
2024-08-28 07:19:41,SOLUSDT,bid,143,29017.594
2024-08-28 07:19:41,SOLUSDT,bid,143,29003.375
2024-08-28 07:19:51,SOLUSDT,bid,145,9819.801
2024-08-28 07:19:52,SOLUSDT,bid,115,17121.432
2024-08-28 07:19:56,SOLUSDT,ask,162,7772.866
2024-08-28 07:20:01,SOLUSDT,bid,142,4857.626
2024-08-28 07:20:03,SOLUSDT,ask,180,19718.51
2024-08-28 07:20:05,SOLUSDT,bid,140,16000.611
2024-08-28 07:20:12,SOLUSDT,bid,145,9819.792
2024-08-28 07:20:13,SOLUSDT,bid,90,8930.305
2024-08-28 07:20:14,SOLUSDT,bid,143,29001.861
2024-08-28 07:20:23,SOLUSDT,ask,165,15161.619
2024-08-28 07:20:23,SOLUSDT,bid,135,10461.969
2024-08-28 07:20:24,SOLUSDT,ask,200,44124.908
2024-08-28 07:20:26,SOLUSDT,bid,141,3824.66
2024-08-28 07:20:35,SOLUSDT,ask,175,7365.781
2024-08-28 07:20:36,SOLUSDT,bid,140,16011.858
2024-08-28 07:20:37,SOLUSDT,bid,141,3857.685
2024-08-28 07:20:41,SOLUSDT,bid,140,16011.894
2024-08-28 07:20:46,SOLUSDT,bid,145,9819.723
2024-08-28 07:20:48,SOLUSDT,bid,130,12343.707
2024-08-28 07:20:55,SOLUSDT,bid,142,4855.626
2024-08-28 07:20:56,SOLUSDT,bid,145,9819.456
2024-08-28 07:20:59,SOLUSDT,bid,140,16015.478
2024-08-28 07:21:00,SOLUSDT,bid,140,16015.407
2024-08-28 07:21:00,SOLUSDT,bid,140,16021.409
2024-08-28 07:21:01,SOLUSDT,bid,145,9820.949
2024-08-28 07:21:01,SOLUSDT,bid,121,5908.954
2024-08-28 07:21:02,SOLUSDT,bid,142,4855.876
2024-08-28 07:21:08,SOLUSDT,bid,138,5447.476
2024-08-28 07:21:12,SOLUSDT,bid,140,16021.623
2024-08-28 07:21:17,SOLUSDT,ask,170,11133.387
2024-08-28 07:21:20,SOLUSDT,bid,122,4240.738
2024-08-28 07:21:21,SOLUSDT,bid,120,16335.34
2024-08-28 07:21:21,SOLUSDT,bid,140,16021.55
2024-08-28 07:21:23,SOLUSDT,bid,135,10462.219
2024-08-28 07:21:27,SOLUSDT,bid,133,6232.309
2024-08-28 07:21:28,SOLUSDT,bid,140,16026.575
2024-08-28 07:21:32,SOLUSDT,bid,120,16337.31
2024-08-28 07:21:33,SOLUSDT,bid,145,9827.788
2024-08-28 07:21:34,SOLUSDT,bid,135,10684.441
2024-08-28 07:21:38,SOLUSDT,bid,145,9006.601
2024-08-28 07:21:40,SOLUSDT,bid,145,8986.601
2024-08-28 07:21:41,SOLUSDT,bid,125,11478.666
2024-08-28 07:21:45,SOLUSDT,bid,141,3857.816
2024-08-28 07:21:46,SOLUSDT,bid,140,16026.932
2024-08-28 07:21:49,SOLUSDT,bid,137,6280.214
2024-08-28 07:21:50,SOLUSDT,bid,143,29003.814
2024-08-28 07:21:51,SOLUSDT,bid,115,17126.902
2024-08-28 07:21:56,SOLUSDT,bid,138,5447.61
2024-08-28 07:21:57,SOLUSDT,bid,145,8986.711
2024-08-28 07:21:59,SOLUSDT,bid,120,16337.353
2024-08-28 07:22:00,SOLUSDT,bid,140,16023.682
2024-08-28 07:22:02,SOLUSDT,bid,121,5900.35
2024-08-28 07:22:02,SOLUSDT,bid,143,29007.814
2024-08-28 07:22:06,SOLUSDT,bid,140,16025.682
2024-08-28 07:22:09,SOLUSDT,ask,147,3916.798
2024-08-28 07:22:09,SOLUSDT,ask,147,3896.282
2024-08-28 07:22:10,SOLUSDT,bid,145,5249.0
2024-08-28 07:22:10,SOLUSDT,bid,144,5262.817
2024-08-28 07:22:11,SOLUSDT,bid,144,5440.73
2024-08-28 07:22:13,SOLUSDT,bid,140,16011.397
2024-08-28 07:22:14,SOLUSDT,bid,145,5249.19
2024-08-28 07:22:14,SOLUSDT,bid,145,5249.0
2024-08-28 07:22:15,SOLUSDT,bid,144,5262.817
2024-08-28 07:22:17,SOLUSDT,ask,147,3731.394
2024-08-28 07:22:17,SOLUSDT,ask,180,19719.409
2024-08-28 07:22:22,SOLUSDT,bid,140,16012.326
2024-08-28 07:22:24,SOLUSDT,bid,140,16019.468
2024-08-28 07:22:28,SOLUSDT,bid,140,16029.468
2024-08-28 07:22:34,SOLUSDT,bid,140,16019.468
2024-08-28 07:22:40,SOLUSDT,ask,160,6331.898
2024-08-28 07:22:41,SOLUSDT,bid,145,5259.0
2024-08-28 07:22:50,SOLUSDT,bid,100,23711.474
2024-08-28 07:22:53,SOLUSDT,bid,135,10699.499
2024-08-28 07:22:55,SOLUSDT,bid,145,5259.182
2024-08-28 07:22:55,SOLUSDT,bid,145,5259.0
2024-08-28 07:22:55,SOLUSDT,bid,131,9124.085
2024-08-28 07:23:00,SOLUSDT,bid,145,5260.084
2024-08-28 07:23:04,SOLUSDT,bid,133,6252.309
2024-08-28 07:23:05,SOLUSDT,bid,144,5440.73
2024-08-28 07:23:07,SOLUSDT,bid,138,5447.476
2024-08-28 07:23:08,SOLUSDT,ask,160,6326.408
2024-08-28 07:23:08,SOLUSDT,bid,144,5262.817
2024-08-28 07:23:10,SOLUSDT,bid,145,5260.084
2024-08-28 07:23:10,SOLUSDT,bid,145,5260.084
2024-08-28 07:23:14,SOLUSDT,bid,145,5260.084
2024-08-28 07:23:22,SOLUSDT,bid,145,5261.084
2024-08-28 07:23:25,SOLUSDT,bid,144,5440.73
2024-08-28 07:23:28,SOLUSDT,bid,145,5330.049
2024-08-28 07:23:30,SOLUSDT,bid,144,5098.455
2024-08-28 07:23:30,SOLUSDT,bid,145,5343.212
2024-08-28 07:23:30,SOLUSDT,bid,145,5330.049
2024-08-28 07:23:31,SOLUSDT,bid,145,5330.801
2024-08-28 07:23:31,SOLUSDT,bid,144,4920.542
2024-08-28 07:23:32,SOLUSDT,bid,145,5331.145
2024-08-28 07:23:34,SOLUSDT,bid,145,5346.145
2024-08-28 07:23:34,SOLUSDT,bid,145,5331.145
2024-08-28 07:23:35,SOLUSDT,ask,160,6324.533
2024-08-28 07:23:43,SOLUSDT,bid,145,5331.313
2024-08-28 07:23:45,SOLUSDT,bid,140,16012.326
2024-08-28 07:23:46,SOLUSDT,bid,145,5330.561
2024-08-28 07:23:46,SOLUSDT,bid,130,12347.553
2024-08-28 07:23:51,SOLUSDT,ask,145,3466.998
2024-08-28 07:23:51,SOLUSDT,ask,145,3496.815
2024-08-28 07:23:51,SOLUSDT,ask,145,3492.696
2024-08-28 07:23:51,SOLUSDT,ask,145,3452.345
2024-08-28 07:23:51,SOLUSDT,ask,145,3450.995
2024-08-28 07:23:51,SOLUSDT,ask,145,3451.041
2024-08-28 07:23:52,SOLUSDT,ask,145,3457.526
2024-08-28 07:23:52,SOLUSDT,ask,145,3459.36
2024-08-28 07:23:52,SOLUSDT,ask,145,3488.18
2024-08-28 07:23:52,SOLUSDT,ask,145,3457.526
2024-08-28 07:23:52,SOLUSDT,ask,145,3446.298
2024-08-28 07:23:52,SOLUSDT,ask,145,3439.018
2024-08-28 07:23:52,SOLUSDT,ask,145,3447.238
2024-08-28 07:23:52,SOLUSDT,ask,145,3448.651
2024-08-28 07:23:52,SOLUSDT,ask,145,8023.24
2024-08-28 07:23:53,SOLUSDT,ask,145,3447.951
2024-08-28 07:23:53,SOLUSDT,ask,145,8047.573
2024-08-28 07:23:53,SOLUSDT,ask,145,3447.916
2024-08-28 07:23:53,SOLUSDT,ask,145,3447.703
2024-08-28 07:23:53,SOLUSDT,ask,145,3439.483
2024-08-28 07:23:53,SOLUSDT,ask,145,7965.111
2024-08-28 07:23:53,SOLUSDT,ask,145,3447.703
2024-08-28 07:23:53,SOLUSDT,ask,145,7940.778
2024-08-28 07:23:53,SOLUSDT,ask,145,3483.176
2024-08-28 07:23:53,SOLUSDT,ask,145,8294.364
2024-08-28 07:23:53,SOLUSDT,ask,145,8328.684
2024-08-28 07:23:54,SOLUSDT,ask,145,3483.101
2024-08-28 07:23:54,SOLUSDT,ask,145,7940.778
2024-08-28 07:23:54,SOLUSDT,ask,145,7940.966
2024-08-28 07:23:54,SOLUSDT,ask,145,8287.481
2024-08-28 07:23:54,SOLUSDT,ask,145,7940.966
2024-08-28 07:23:54,SOLUSDT,ask,145,7940.966
2024-08-28 07:23:54,SOLUSDT,ask,145,7958.126
2024-08-28 07:23:55,SOLUSDT,ask,145,7974.604
2024-08-28 07:23:55,SOLUSDT,ask,145,7933.101
2024-08-28 07:23:55,SOLUSDT,ask,145,7933.153
2024-08-28 07:23:55,SOLUSDT,ask,145,7933.153
2024-08-28 07:23:55,SOLUSDT,ask,145,7942.764
2024-08-28 07:23:55,SOLUSDT,ask,145,7933.153
2024-08-28 07:23:56,SOLUSDT,ask,145,7915.993
2024-08-28 07:23:56,SOLUSDT,ask,145,7916.677
2024-08-28 07:23:57,SOLUSDT,ask,145,7950.997
2024-08-28 07:23:57,SOLUSDT,ask,145,7933.837
2024-08-28 07:23:58,SOLUSDT,ask,145,7916.677
2024-08-28 07:23:59,SOLUSDT,ask,145,7916.568
2024-08-28 07:23:59,SOLUSDT,ask,145,7923.401
2024-08-28 07:24:00,SOLUSDT,ask,145,7940.561
2024-08-28 07:24:00,SOLUSDT,ask,145,7917.296
2024-08-28 07:24:00,SOLUSDT,ask,145,7847.864
2024-08-28 07:24:00,SOLUSDT,ask,145,7853.346
2024-08-28 07:24:00,SOLUSDT,ask,145,7851.346
2024-08-28 07:24:00,SOLUSDT,ask,145,7843.172
2024-08-28 07:24:01,SOLUSDT,bid,145,5350.561
2024-08-28 07:24:01,SOLUSDT,ask,145,7851.392
2024-08-28 07:24:01,SOLUSDT,ask,145,7851.767
2024-08-28 07:24:01,SOLUSDT,ask,145,7851.73
2024-08-28 07:24:01,SOLUSDT,ask,145,7849.714
2024-08-28 07:24:01,SOLUSDT,ask,145,7847.714
2024-08-28 07:24:01,SOLUSDT,ask,145,7847.339
2024-08-28 07:24:02,SOLUSDT,ask,145,7845.951
2024-08-28 07:24:02,SOLUSDT,ask,145,7846.015
2024-08-28 07:24:03,SOLUSDT,ask,145,7895.421
2024-08-28 07:24:03,SOLUSDT,ask,145,7992.094
2024-08-28 07:24:03,SOLUSDT,ask,145,7993.447
2024-08-28 07:24:03,SOLUSDT,ask,145,8007.386
2024-08-28 07:24:03,SOLUSDT,ask,145,8047.465
2024-08-28 07:24:03,SOLUSDT,ask,145,8072.401
2024-08-28 07:24:03,SOLUSDT,ask,145,8043.898
2024-08-28 07:24:03,SOLUSDT,ask,145,8019.691
2024-08-28 07:24:04,SOLUSDT,ask,145,8019.775
2024-08-28 07:24:04,SOLUSDT,ask,145,8019.864
2024-08-28 07:24:04,SOLUSDT,ask,145,7901.291
2024-08-28 07:24:04,SOLUSDT,ask,145,7911.163
2024-08-28 07:24:04,SOLUSDT,ask,145,8031.235
2024-08-28 07:24:04,SOLUSDT,ask,145,8031.235
2024-08-28 07:24:05,SOLUSDT,ask,145,8048.396
2024-08-28 07:24:06,SOLUSDT,ask,145,8050.112
2024-08-28 07:24:06,SOLUSDT,ask,145,8032.954
2024-08-28 07:24:06,SOLUSDT,ask,145,8091.768
2024-08-28 07:24:06,SOLUSDT,ask,145,8057.811
2024-08-28 07:24:07,SOLUSDT,ask,145,8058.495
2024-08-28 07:24:07,SOLUSDT,ask,145,8092.815
2024-08-28 07:24:07,SOLUSDT,ask,145,8058.495
2024-08-28 07:24:07,SOLUSDT,ask,145,8058.495
2024-08-28 07:24:08,SOLUSDT,ask,145,8092.815
2024-08-28 07:24:08,SOLUSDT,ask,145,8060.017
2024-08-28 07:24:08,SOLUSDT,ask,145,8058.495
2024-08-28 07:24:08,SOLUSDT,ask,145,8061.928
2024-08-28 07:24:09,SOLUSDT,ask,145,8061.993
2024-08-28 07:24:09,SOLUSDT,ask,145,8061.931
2024-08-28 07:24:09,SOLUSDT,ask,145,7905.288
2024-08-28 07:24:09,SOLUSDT,ask,145,7901.171
2024-08-28 07:24:09,SOLUSDT,ask,145,7899.418
2024-08-28 07:24:09,SOLUSDT,ask,145,8072.819
2024-08-28 07:24:09,SOLUSDT,ask,145,8055.658
2024-08-28 07:24:10,SOLUSDT,ask,145,7899.418
2024-08-28 07:24:10,SOLUSDT,ask,145,7899.418
2024-08-28 07:24:10,SOLUSDT,ask,145,7942.695
2024-08-28 07:24:10,SOLUSDT,ask,145,8055.593
2024-08-28 07:24:10,SOLUSDT,ask,180,19711.204
2024-08-28 07:24:10,SOLUSDT,ask,145,8055.645
2024-08-28 07:24:10,SOLUSDT,ask,145,8072.74
2024-08-28 07:24:11,SOLUSDT,ask,145,8055.58
2024-08-28 07:24:11,SOLUSDT,ask,145,8057.296
2024-08-28 07:24:11,SOLUSDT,bid,140,16013.327
2024-08-28 07:24:11,SOLUSDT,ask,145,8074.456
2024-08-28 07:24:11,SOLUSDT,ask,145,8072.74
2024-08-28 07:24:12,SOLUSDT,ask,145,8055.58
2024-08-28 07:24:12,SOLUSDT,ask,145,8057.296
2024-08-28 07:24:12,SOLUSDT,bid,130,12347.053
2024-08-28 07:24:12,SOLUSDT,ask,145,8068.226
2024-08-28 07:24:13,SOLUSDT,ask,145,8136.87
2024-08-28 07:24:13,SOLUSDT,ask,145,8141.554
2024-08-28 07:24:13,SOLUSDT,ask,145,8141.554
2024-08-28 07:24:13,SOLUSDT,ask,165,15161.522
2024-08-28 07:24:14,SOLUSDT,bid,145,5350.078
2024-08-28 07:24:14,SOLUSDT,ask,145,8110.337
2024-08-28 07:24:14,SOLUSDT,ask,145,8046.778
2024-08-28 07:24:14,SOLUSDT,ask,145,8044.038
2024-08-28 07:24:14,SOLUSDT,ask,145,8038.558
2024-08-28 07:24:14,SOLUSDT,ask,145,8072.515
2024-08-28 07:24:14,SOLUSDT,ask,163,4328.386
2024-08-28 07:24:15,SOLUSDT,ask,145,8047.551
2024-08-28 07:24:15,SOLUSDT,ask,145,8040.802
2024-08-28 07:24:16,SOLUSDT,bid,145,5349.91
2024-08-28 07:24:16,SOLUSDT,ask,145,8097.75
2024-08-28 07:24:16,SOLUSDT,ask,162,7772.249
2024-08-28 07:24:16,SOLUSDT,ask,145,8114.869
2024-08-28 07:24:17,SOLUSDT,bid,145,5369.513
2024-08-28 07:24:17,SOLUSDT,ask,145,8114.185
2024-08-28 07:24:17,SOLUSDT,bid,140,16014.755
2024-08-28 07:24:17,SOLUSDT,bid,140,16013.755
2024-08-28 07:24:17,SOLUSDT,ask,145,8221.058
2024-08-28 07:24:17,SOLUSDT,ask,145,8159.09
2024-08-28 07:24:18,SOLUSDT,ask,145,8187.362
2024-08-28 07:24:18,SOLUSDT,ask,145,8252.712
2024-08-28 07:24:18,SOLUSDT,ask,145,8252.712
2024-08-28 07:24:18,SOLUSDT,ask,145,8019.688
2024-08-28 07:24:18,SOLUSDT,ask,145,8022.736
2024-08-28 07:24:18,SOLUSDT,ask,159,5790.525
2024-08-28 07:24:18,SOLUSDT,ask,145,8025.142
2024-08-28 07:24:19,SOLUSDT,bid,145,5371.907
2024-08-28 07:24:19,SOLUSDT,bid,135,10703.599
2024-08-28 07:24:19,SOLUSDT,ask,145,8019.688
2024-08-28 07:24:19,SOLUSDT,ask,145,7937.001
2024-08-28 07:24:19,SOLUSDT,ask,145,7906.153
2024-08-28 07:24:19,SOLUSDT,ask,145,7983.422
2024-08-28 07:24:19,SOLUSDT,ask,145,7888.516
2024-08-28 07:24:19,SOLUSDT,ask,145,8048.99
2024-08-28 07:24:19,SOLUSDT,ask,145,7948.071
2024-08-28 07:24:19,SOLUSDT,ask,145,7927.538
2024-08-28 07:24:19,SOLUSDT,ask,145,7917.563
2024-08-28 07:24:20,SOLUSDT,bid,142,4856.176
2024-08-28 07:24:20,SOLUSDT,ask,145,7949.914
2024-08-28 07:24:20,SOLUSDT,ask,145,7952.654
2024-08-28 07:24:20,SOLUSDT,ask,145,8018.353
2024-08-28 07:24:20,SOLUSDT,ask,145,7928.252
2024-08-28 07:24:20,SOLUSDT,ask,145,8019.688
2024-08-28 07:24:20,SOLUSDT,ask,145,7838.433
2024-08-28 07:24:20,SOLUSDT,ask,145,7843.876
2024-08-28 07:24:21,SOLUSDT,ask,145,7843.876
2024-08-28 07:24:21,SOLUSDT,ask,145,7843.839
2024-08-28 07:24:21,SOLUSDT,ask,145,7887.169
2024-08-28 07:24:21,SOLUSDT,ask,145,7843.839
2024-08-28 07:24:21,SOLUSDT,ask,145,7898.184
2024-08-28 07:24:21,SOLUSDT,ask,145,7856.463
2024-08-28 07:24:21,SOLUSDT,ask,145,7844.175
2024-08-28 07:24:21,SOLUSDT,ask,145,7843.839
2024-08-28 07:24:22,SOLUSDT,bid,145,5374.65
2024-08-28 07:24:22,SOLUSDT,ask,145,7888.252
2024-08-28 07:24:22,SOLUSDT,bid,135,10703.099
2024-08-28 07:24:24,SOLUSDT,bid,145,5371.632
2024-08-28 07:24:25,SOLUSDT,bid,144,5098.455
2024-08-28 07:24:27,SOLUSDT,bid,144,4920.542
2024-08-28 07:24:29,SOLUSDT,bid,140,16017.16
2024-08-28 07:24:30,SOLUSDT,bid,140,16016.66
2024-08-28 07:24:30,SOLUSDT,bid,145,5369.238
2024-08-28 07:24:31,SOLUSDT,bid,145,5383.978
2024-08-28 07:24:31,SOLUSDT,bid,142,4860.176
2024-08-28 07:24:31,SOLUSDT,bid,145,5369.238
2024-08-28 07:24:31,SOLUSDT,ask,145,3769.099
2024-08-28 07:24:32,SOLUSDT,ask,145,3766.359
2024-08-28 07:24:32,SOLUSDT,ask,145,3804.737
2024-08-28 07:24:32,SOLUSDT,ask,145,3758.015
2024-08-28 07:24:32,SOLUSDT,ask,145,3821.826
2024-08-28 07:24:32,SOLUSDT,ask,145,3821.826
2024-08-28 07:24:32,SOLUSDT,ask,145,3823.338
2024-08-28 07:24:33,SOLUSDT,ask,145,3857.66
2024-08-28 07:24:33,SOLUSDT,ask,145,3823.338
2024-08-28 07:24:33,SOLUSDT,ask,145,3826.078
2024-08-28 07:24:33,SOLUSDT,ask,145,3860.399
2024-08-28 07:24:34,SOLUSDT,ask,145,3796.588
2024-08-28 07:24:34,SOLUSDT,ask,145,3796.625
2024-08-28 07:24:34,SOLUSDT,bid,145,5382.958
2024-08-28 07:24:34,SOLUSDT,bid,138,5465.591
2024-08-28 07:24:45,SOLUSDT,ask,145,4090.904
2024-08-28 07:24:45,SOLUSDT,ask,145,4191.868
2024-08-28 07:24:46,SOLUSDT,ask,145,4209.034
2024-08-28 07:24:46,SOLUSDT,ask,145,4209.083
2024-08-28 07:24:46,SOLUSDT,ask,145,3981.758
2024-08-28 07:24:46,SOLUSDT,ask,145,3885.763
2024-08-28 07:24:46,SOLUSDT,ask,145,3891.135
2024-08-28 07:24:46,SOLUSDT,ask,145,3893.84
2024-08-28 07:24:46,SOLUSDT,ask,145,4015.919
2024-08-28 07:24:46,SOLUSDT,ask,180,19711.265
2024-08-28 07:24:46,SOLUSDT,ask,145,4102.061
2024-08-28 07:24:46,SOLUSDT,ask,145,4095.809
2024-08-28 07:24:46,SOLUSDT,ask,145,4055.73
2024-08-28 07:24:47,SOLUSDT,ask,145,3921.133
2024-08-28 07:24:47,SOLUSDT,ask,145,4026.594
2024-08-28 07:24:47,SOLUSDT,ask,145,4087.761
2024-08-28 07:24:47,SOLUSDT,ask,145,4087.727
2024-08-28 07:24:47,SOLUSDT,ask,145,4242.229
2024-08-28 07:24:47,SOLUSDT,bid,145,5385.716
2024-08-28 07:24:47,SOLUSDT,ask,145,4293.581
2024-08-28 07:24:48,SOLUSDT,ask,145,4293.581
2024-08-28 07:24:48,SOLUSDT,ask,145,4294.35
2024-08-28 07:24:48,SOLUSDT,ask,145,4259.416
2024-08-28 07:24:48,SOLUSDT,ask,145,4259.313
2024-08-28 07:24:48,SOLUSDT,ask,145,3875.577
2024-08-28 07:24:48,SOLUSDT,ask,145,3949.554
2024-08-28 07:24:48,SOLUSDT,ask,145,4052.813
2024-08-28 07:24:48,SOLUSDT,ask,145,4117.566
2024-08-28 07:24:48,SOLUSDT,ask,145,4120.239
2024-08-28 07:24:49,SOLUSDT,ask,145,4028.885
2024-08-28 07:24:49,SOLUSDT,ask,145,4026.308
2024-08-28 07:24:49,SOLUSDT,ask,145,4019.325
2024-08-28 07:24:49,SOLUSDT,ask,145,4034.259
2024-08-28 07:24:49,SOLUSDT,ask,145,4034.335
2024-08-28 07:24:50,SOLUSDT,ask,145,4034.164
2024-08-28 07:24:50,SOLUSDT,bid,145,5371.996
2024-08-28 07:24:50,SOLUSDT,ask,145,4035.633
2024-08-28 07:24:50,SOLUSDT,ask,145,4037.471
2024-08-28 07:24:50,SOLUSDT,ask,145,4040.904
2024-08-28 07:24:50,SOLUSDT,ask,145,3989.552
2024-08-28 07:24:50,SOLUSDT,bid,140,16026.66
2024-08-28 07:24:51,SOLUSDT,ask,145,4040.904
2024-08-28 07:24:51,SOLUSDT,ask,145,3989.552
2024-08-28 07:24:51,SOLUSDT,ask,145,4040.904
2024-08-28 07:24:51,SOLUSDT,ask,145,4040.953
2024-08-28 07:24:52,SOLUSDT,ask,145,4040.953
2024-08-28 07:24:52,SOLUSDT,bid,130,12348.103
2024-08-28 07:24:53,SOLUSDT,bid,145,5372.096
2024-08-28 07:24:53,SOLUSDT,ask,145,4039.115
2024-08-28 07:24:54,SOLUSDT,ask,145,4039.066
2024-08-28 07:24:55,SOLUSDT,ask,145,4073.399
2024-08-28 07:24:55,SOLUSDT,ask,145,4039.066
2024-08-28 07:24:55,SOLUSDT,ask,145,4056.382
2024-08-28 07:24:55,SOLUSDT,ask,145,4039.066
2024-08-28 07:24:57,SOLUSDT,bid,145,5272.096
2024-08-28 07:24:57,SOLUSDT,ask,145,4073.398
2024-08-28 07:24:58,SOLUSDT,ask,145,4073.042
2024-08-28 07:24:58,SOLUSDT,ask,145,4073.111
2024-08-28 07:24:58,SOLUSDT,bid,145,5287.096
2024-08-28 07:24:59,SOLUSDT,ask,145,4039.135
2024-08-28 07:24:59,SOLUSDT,bid,145,5272.096
2024-08-28 07:24:59,SOLUSDT,ask,145,4073.111
2024-08-28 07:24:59,SOLUSDT,ask,145,4507.27
2024-08-28 07:24:59,SOLUSDT,ask,145,4444.09
2024-08-28 07:25:00,SOLUSDT,ask,145,4009.931
2024-08-28 07:25:00,SOLUSDT,ask,145,4144.231
2024-08-28 07:25:00,SOLUSDT,bid,130,12363.103
2024-08-28 07:25:01,SOLUSDT,bid,145,5272.846
2024-08-28 07:25:01,SOLUSDT,bid,145,5272.096
2024-08-28 07:25:03,SOLUSDT,bid,145,5271.062
2024-08-28 07:25:05,SOLUSDT,bid,144,5098.455
2024-08-28 07:25:06,SOLUSDT,bid,144,5921.664
2024-08-28 07:25:06,SOLUSDT,bid,145,5271.062
2024-08-28 07:25:07,SOLUSDT,bid,136,8050.288
2024-08-28 07:25:10,SOLUSDT,bid,145,5271.223
2024-08-28 07:25:10,SOLUSDT,bid,145,5271.062
2024-08-28 07:25:11,SOLUSDT,bid,145,5270.856
2024-08-28 07:25:11,SOLUSDT,bid,140,16026.866
2024-08-28 07:25:11,SOLUSDT,bid,144,5743.751
2024-08-28 07:25:12,SOLUSDT,bid,145,5271.2
2024-08-28 07:25:13,SOLUSDT,bid,145,5271.2
2024-08-28 07:25:13,SOLUSDT,bid,145,5271.2
2024-08-28 07:25:13,SOLUSDT,bid,145,5271.2
2024-08-28 07:25:14,SOLUSDT,bid,142,4860.354
2024-08-28 07:25:14,SOLUSDT,bid,144,5921.664
2024-08-28 07:25:14,SOLUSDT,bid,120,16357.353
2024-08-28 07:25:15,SOLUSDT,ask,162,7783.094
2024-08-28 07:25:15,SOLUSDT,bid,145,5271.95
2024-08-28 07:25:15,SOLUSDT,bid,145,5271.2
2024-08-28 07:25:16,SOLUSDT,bid,145,5272.705
2024-08-28 07:25:18,SOLUSDT,bid,144,5743.751
2024-08-28 07:25:18,SOLUSDT,bid,145,5291.705
2024-08-28 07:25:18,SOLUSDT,bid,143,29003.814
2024-08-28 07:25:18,SOLUSDT,bid,140,16027.937
2024-08-28 07:25:19,SOLUSDT,bid,142,4859.354
2024-08-28 07:25:20,SOLUSDT,bid,145,5288.962
2024-08-28 07:25:21,SOLUSDT,bid,135,10704.099
2024-08-28 07:25:22,SOLUSDT,bid,143,29003.675
2024-08-28 07:25:24,SOLUSDT,bid,145,5288.825
2024-08-28 07:25:24,SOLUSDT,ask,260,6718.881
2024-08-28 07:25:26,SOLUSDT,bid,141,3858.622
2024-08-28 07:25:28,SOLUSDT,bid,143,29003.606
2024-08-28 07:25:30,SOLUSDT,ask,165,15158.668
2024-08-28 07:25:31,SOLUSDT,bid,130,12375.837
2024-08-28 07:25:31,SOLUSDT,bid,145,5287.32
2024-08-28 07:25:33,SOLUSDT,bid,141,3857.622
2024-08-28 07:25:34,SOLUSDT,bid,144,5921.664
2024-08-28 07:25:35,SOLUSDT,bid,120,16357.778
2024-08-28 07:25:35,SOLUSDT,bid,138,5465.735
2024-08-28 07:25:39,SOLUSDT,bid,144,5743.751
2024-08-28 07:25:44,SOLUSDT,ask,162,7782.417
2024-08-28 07:25:46,SOLUSDT,bid,130,12406.356
2024-08-28 07:25:48,SOLUSDT,bid,142,4860.354
2024-08-28 07:25:49,SOLUSDT,bid,141,3857.925
2024-08-28 07:25:50,SOLUSDT,bid,145,5302.32
2024-08-28 07:25:50,SOLUSDT,bid,145,5287.32
2024-08-28 07:25:50,SOLUSDT,bid,144,4920.542
2024-08-28 07:25:50,SOLUSDT,bid,144,5743.751
2024-08-28 07:25:50,SOLUSDT,ask,145,3551.743
2024-08-28 07:25:50,SOLUSDT,bid,144,4920.542
2024-08-28 07:25:53,SOLUSDT,bid,140,16028.008
2024-08-28 07:25:53,SOLUSDT,bid,144,5098.455
2024-08-28 07:25:54,SOLUSDT,bid,140,16028.115
2024-08-28 07:25:54,SOLUSDT,bid,145,5293.557
2024-08-28 07:25:56,SOLUSDT,bid,144,4920.542
2024-08-28 07:25:59,SOLUSDT,bid,140,16028.25
2024-08-28 07:26:04,SOLUSDT,bid,135,10705.978
2024-08-28 07:26:04,SOLUSDT,bid,130,12406.432
2024-08-28 07:26:07,SOLUSDT,bid,140,16034.297
2024-08-28 07:26:12,SOLUSDT,bid,120,16357.903
2024-08-28 07:26:12,SOLUSDT,ask,162,7783.417
2024-08-28 07:26:13,SOLUSDT,bid,145,5328.039
2024-08-28 07:26:19,SOLUSDT,bid,145,5328.207
2024-08-28 07:26:22,SOLUSDT,ask,162,7784.793
2024-08-28 07:26:23,SOLUSDT,ask,163,4328.432
2024-08-28 07:26:27,SOLUSDT,bid,145,5327.207
2024-08-28 07:26:28,SOLUSDT,bid,141,3857.784
2024-08-28 07:26:30,SOLUSDT,bid,145,5363.823
2024-08-28 07:26:30,SOLUSDT,bid,144,4521.401
2024-08-28 07:26:30,SOLUSDT,bid,145,5435.783
2024-08-28 07:26:30,SOLUSDT,bid,145,5416.18
2024-08-28 07:26:31,SOLUSDT,bid,145,5596.056
2024-08-28 07:26:31,SOLUSDT,bid,145,5564.066
2024-08-28 07:26:31,SOLUSDT,bid,145,5594.058
2024-08-28 07:26:31,SOLUSDT,bid,140,16033.749
2024-08-28 07:26:31,SOLUSDT,bid,145,5594.058
2024-08-28 07:26:32,SOLUSDT,bid,145,5564.079
2024-08-28 07:26:32,SOLUSDT,bid,145,5534.087
2024-08-28 07:26:32,SOLUSDT,bid,145,5566.078
2024-08-28 07:26:33,SOLUSDT,bid,145,5586.573
2024-08-28 07:26:33,SOLUSDT,bid,145,5996.244
2024-08-28 07:26:34,SOLUSDT,bid,145,6028.234
2024-08-28 07:26:35,SOLUSDT,bid,145,5618.563
2024-08-28 07:26:37,SOLUSDT,bid,145,5586.573
2024-08-28 07:26:38,SOLUSDT,bid,145,5514.595
2024-08-28 07:26:38,SOLUSDT,bid,145,5482.604
2024-08-28 07:26:38,SOLUSDT,bid,145,5482.772
2024-08-28 07:26:38,SOLUSDT,bid,145,5446.783
2024-08-28 07:26:38,SOLUSDT,bid,142,4855.625
2024-08-28 07:26:38,SOLUSDT,bid,145,5410.803
2024-08-28 07:26:39,SOLUSDT,bid,145,5414.251
2024-08-28 07:26:39,SOLUSDT,bid,145,5447.748
2024-08-28 07:26:39,SOLUSDT,bid,145,5555.703
2024-08-28 07:26:39,SOLUSDT,bid,145,5555.612
2024-08-28 07:26:40,SOLUSDT,bid,145,5587.597
2024-08-28 07:26:40,SOLUSDT,bid,144,5346.63
2024-08-28 07:26:40,SOLUSDT,bid,145,5617.583
2024-08-28 07:26:40,SOLUSDT,bid,145,5647.569
2024-08-28 07:26:41,SOLUSDT,bid,145,5679.557
2024-08-28 07:26:41,SOLUSDT,bid,145,5680.557
2024-08-28 07:26:43,SOLUSDT,bid,145,5710.545
2024-08-28 07:26:44,SOLUSDT,bid,145,5680.557
2024-08-28 07:26:48,SOLUSDT,bid,140,16033.56
2024-08-28 07:26:48,SOLUSDT,bid,145,5620.585
2024-08-28 07:26:50,SOLUSDT,bid,145,5650.575
2024-08-28 07:26:51,SOLUSDT,bid,145,5620.585
2024-08-28 07:26:51,SOLUSDT,bid,125,11483.56
2024-08-28 07:26:52,SOLUSDT,bid,140,16029.637
2024-08-28 07:26:53,SOLUSDT,bid,125,11484.2
2024-08-28 07:26:54,SOLUSDT,bid,144,3562.453
2024-08-28 07:26:54,SOLUSDT,bid,140,16029.779
2024-08-28 07:26:54,SOLUSDT,ask,146,3663.784
2024-08-28 07:26:54,SOLUSDT,bid,145,5620.685
2024-08-28 07:26:55,SOLUSDT,bid,141,3860.348
2024-08-28 07:26:55,SOLUSDT,bid,130,12407.201
2024-08-28 07:26:56,SOLUSDT,ask,185,14385.152
2024-08-28 07:26:57,SOLUSDT,bid,145,5600.19
2024-08-28 07:26:58,SOLUSDT,bid,140,16023.732
2024-08-28 07:26:58,SOLUSDT,bid,135,10705.238
2024-08-28 07:26:58,SOLUSDT,bid,145,5392.287
2024-08-28 07:26:59,SOLUSDT,bid,145,5356.302
2024-08-28 07:26:59,SOLUSDT,bid,145,5320.312
2024-08-28 07:27:01,SOLUSDT,bid,135,10704.701
2024-08-28 07:27:03,SOLUSDT,ask,162,7783.417
2024-08-28 07:27:03,SOLUSDT,bid,140,17263.299
2024-08-28 07:27:03,SOLUSDT,bid,145,5320.185
2024-08-28 07:27:03,SOLUSDT,bid,144,3555.575
2024-08-28 07:27:05,SOLUSDT,bid,145,5319.549
2024-08-28 07:27:06,SOLUSDT,bid,111,10313.269
2024-08-28 07:27:08,SOLUSDT,bid,144,3898.801
2024-08-28 07:27:08,SOLUSDT,bid,138,4676.152
2024-08-28 07:27:09,SOLUSDT,bid,145,5319.381
2024-08-28 07:27:09,SOLUSDT,ask,146,3664.468
2024-08-28 07:27:11,SOLUSDT,ask,146,3902.692
2024-08-28 07:27:12,SOLUSDT,ask,146,4268.421
2024-08-28 07:27:12,SOLUSDT,ask,146,3664.468
2024-08-28 07:27:12,SOLUSDT,ask,146,4283.421
2024-08-28 07:27:12,SOLUSDT,bid,145,5321.044
2024-08-28 07:27:12,SOLUSDT,ask,146,4268.421
2024-08-28 07:27:14,SOLUSDT,bid,145,5314.807
2024-08-28 07:27:15,SOLUSDT,bid,130,12403.849
2024-08-28 07:27:16,SOLUSDT,bid,145,5313.144
2024-08-28 07:27:17,SOLUSDT,bid,110,20591.072
2024-08-28 07:27:17,SOLUSDT,bid,145,5312.8
2024-08-28 07:27:23,SOLUSDT,bid,145,5313.8
2024-08-28 07:27:24,SOLUSDT,bid,144,3555.575
2024-08-28 07:27:25,SOLUSDT,bid,118,4751.482
2024-08-28 07:27:27,SOLUSDT,bid,141,3857.784
2024-08-28 07:27:30,SOLUSDT,bid,135,10720.564
2024-08-28 07:27:30,SOLUSDT,ask,147,3654.444
2024-08-28 07:27:30,SOLUSDT,bid,145,5329.417
2024-08-28 07:27:31,SOLUSDT,bid,144,3555.644
2024-08-28 07:27:32,SOLUSDT,bid,140,17264.334
2024-08-28 07:27:33,SOLUSDT,ask,146,4268.421
2024-08-28 07:27:33,SOLUSDT,ask,146,4283.421
2024-08-28 07:27:34,SOLUSDT,ask,146,4268.421
2024-08-28 07:27:35,SOLUSDT,bid,100,23717.477
2024-08-28 07:27:42,SOLUSDT,bid,140,17263.299
2024-08-28 07:27:43,SOLUSDT,bid,100,23711.474
2024-08-28 07:27:43,SOLUSDT,bid,138,5443.143
2024-08-28 07:27:44,SOLUSDT,bid,115,17129.014
2024-08-28 07:27:46,SOLUSDT,bid,140,17266.411
2024-08-28 07:27:50,SOLUSDT,bid,122,4240.811
2024-08-28 07:27:52,SOLUSDT,bid,142,4858.171
2024-08-28 07:27:56,SOLUSDT,bid,145,5260.452
2024-08-28 07:27:58,SOLUSDT,bid,142,4858.101
2024-08-28 07:27:58,SOLUSDT,bid,140,17281.411
2024-08-28 07:27:59,SOLUSDT,bid,145,5260.52
2024-08-28 07:28:05,SOLUSDT,bid,120,16356.758
2024-08-28 07:28:06,SOLUSDT,bid,145,5250.412
2024-08-28 07:28:07,SOLUSDT,bid,120,16357.591
2024-08-28 07:28:07,SOLUSDT,ask,180,19711.204
2024-08-28 07:28:08,SOLUSDT,bid,145,5250.584
2024-08-28 07:28:09,SOLUSDT,bid,143,29007.447
2024-08-28 07:28:09,SOLUSDT,bid,140,17284.982
2024-08-28 07:28:12,SOLUSDT,bid,145,5250.721
2024-08-28 07:28:12,SOLUSDT,bid,130,12403.712
2024-08-28 07:28:18,SOLUSDT,bid,145,5248.509
2024-08-28 07:28:25,SOLUSDT,ask,160,6331.117
2024-08-28 07:28:26,SOLUSDT,bid,143,29007.947
2024-08-28 07:28:27,SOLUSDT,ask,190,21570.709
2024-08-28 07:28:33,SOLUSDT,bid,135,10721.214
2024-08-28 07:28:33,SOLUSDT,ask,146,4283.421
2024-08-28 07:28:33,SOLUSDT,ask,146,4268.421
2024-08-28 07:28:34,SOLUSDT,ask,146,4348.809
2024-08-28 07:28:37,SOLUSDT,bid,145,5248.027
2024-08-28 07:28:39,SOLUSDT,ask,146,4363.809
2024-08-28 07:28:40,SOLUSDT,ask,146,4348.809
2024-08-28 07:28:41,SOLUSDT,bid,145,5246.027
2024-08-28 07:28:41,SOLUSDT,bid,140,17279.982
2024-08-28 07:28:41,SOLUSDT,bid,138,5439.143
2024-08-28 07:28:41,SOLUSDT,bid,135,10718.555
2024-08-28 07:28:43,SOLUSDT,ask,146,4268.421
2024-08-28 07:28:47,SOLUSDT,bid,145,5246.064
2024-08-28 07:28:50,SOLUSDT,bid,140,17293.56
2024-08-28 07:28:54,SOLUSDT,bid,140,17295.06
2024-08-28 07:28:57,SOLUSDT,ask,165,15668.405
2024-08-28 07:28:57,SOLUSDT,bid,120,16357.949
2024-08-28 07:28:59,SOLUSDT,bid,135,10718.925
2024-08-28 07:29:01,SOLUSDT,bid,141,3858.163
2024-08-28 07:29:01,SOLUSDT,bid,140,17294.412
2024-08-28 07:29:05,SOLUSDT,bid,140,17296.703
2024-08-28 07:29:06,SOLUSDT,bid,136,8050.361
2024-08-28 07:29:07,SOLUSDT,bid,135,10753.085
2024-08-28 07:29:08,SOLUSDT,bid,140,17296.989
2024-08-28 07:29:09,SOLUSDT,bid,138,5441.143
2024-08-28 07:29:14,SOLUSDT,ask,146,4269.171
2024-08-28 07:29:15,SOLUSDT,ask,146,4284.171
2024-08-28 07:29:15,SOLUSDT,ask,146,4284.171
2024-08-28 07:29:15,SOLUSDT,ask,146,4269.171
2024-08-28 07:29:15,SOLUSDT,ask,146,4284.171
2024-08-28 07:29:15,SOLUSDT,ask,146,4268.421
2024-08-28 07:29:17,SOLUSDT,bid,135,10735.378
2024-08-28 07:29:18,SOLUSDT,bid,145,5318.991
2024-08-28 07:29:19,SOLUSDT,bid,111,10312.869
2024-08-28 07:29:19,SOLUSDT,bid,142,4863.457
2024-08-28 07:29:20,SOLUSDT,bid,145,5317.991
2024-08-28 07:29:20,SOLUSDT,bid,142,4864.457
2024-08-28 07:29:24,SOLUSDT,bid,145,5323.991
2024-08-28 07:29:27,SOLUSDT,bid,145,5318.628
2024-08-28 07:29:28,SOLUSDT,bid,140,17297.621
2024-08-28 07:29:32,SOLUSDT,bid,140,17302.621
2024-08-28 07:29:33,SOLUSDT,bid,145,5318.765
2024-08-28 07:29:34,SOLUSDT,bid,141,3859.05
2024-08-28 07:29:34,SOLUSDT,bid,120,16356.949
2024-08-28 07:29:35,SOLUSDT,bid,141,3860.468
2024-08-28 07:29:40,SOLUSDT,bid,120,16336.949
2024-08-28 07:29:43,SOLUSDT,bid,145,5334.675
2024-08-28 07:29:44,SOLUSDT,bid,145,5333.925
2024-08-28 07:29:46,SOLUSDT,bid,140,17302.562
2024-08-28 07:29:46,SOLUSDT,bid,137,6280.273
2024-08-28 07:29:48,SOLUSDT,ask,147,3997.339
2024-08-28 07:29:51,SOLUSDT,bid,145,5335.304
2024-08-28 07:29:51,SOLUSDT,bid,145,5350.304
2024-08-28 07:29:52,SOLUSDT,bid,145,5335.304
2024-08-28 07:29:54,SOLUSDT,bid,145,5355.014
2024-08-28 07:29:55,SOLUSDT,bid,140,17300.562
2024-08-28 07:29:55,SOLUSDT,bid,145,5340.284
2024-08-28 07:29:55,SOLUSDT,bid,145,5335.304
2024-08-28 07:29:57,SOLUSDT,bid,145,5338.972
2024-08-28 07:29:58,SOLUSDT,bid,140,17299.562
2024-08-28 07:30:00,SOLUSDT,bid,142,4864.549
2024-08-28 07:30:00,SOLUSDT,bid,145,5323.812
2024-08-28 07:30:01,SOLUSDT,bid,135,10740.378
2024-08-28 07:30:01,SOLUSDT,bid,145,5322.433
2024-08-28 07:30:02,SOLUSDT,bid,145,5336.172
2024-08-28 07:30:02,SOLUSDT,bid,144,3555.575
2024-08-28 07:30:02,SOLUSDT,bid,110,20612.804
2024-08-28 07:30:02,SOLUSDT,bid,143,28998.806
2024-08-28 07:30:04,SOLUSDT,ask,147,3654.444
2024-08-28 07:30:05,SOLUSDT,bid,145,5336.956
2024-08-28 07:30:05,SOLUSDT,bid,145,5336.172
2024-08-28 07:30:07,SOLUSDT,bid,145,5336.956
2024-08-28 07:30:09,SOLUSDT,bid,130,12411.774
2024-08-28 07:30:09,SOLUSDT,bid,120,16346.949
2024-08-28 07:30:11,SOLUSDT,bid,140,17299.633
2024-08-28 07:30:11,SOLUSDT,bid,138,5450.615
2024-08-28 07:30:11,SOLUSDT,ask,165,15667.405
2024-08-28 07:30:12,SOLUSDT,bid,141,3859.759
2024-08-28 07:30:12,SOLUSDT,bid,140,17298.919
2024-08-28 07:30:12,SOLUSDT,bid,138,5449.891
2024-08-28 07:30:12,SOLUSDT,bid,137,6279.544
2024-08-28 07:30:12,SOLUSDT,bid,136,8049.626
2024-08-28 07:30:13,SOLUSDT,bid,145,5351.956
2024-08-28 07:30:14,SOLUSDT,bid,145,5367.706
2024-08-28 07:30:14,SOLUSDT,bid,145,5336.956
2024-08-28 07:30:17,SOLUSDT,bid,110,20613.804
2024-08-28 07:30:18,SOLUSDT,bid,145,5317.318
2024-08-28 07:30:22,SOLUSDT,ask,160,6333.075
2024-08-28 07:30:25,SOLUSDT,bid,145,5332.318
2024-08-28 07:30:25,SOLUSDT,bid,145,5317.318
2024-08-28 07:30:27,SOLUSDT,ask,146,4284.071
2024-08-28 07:30:28,SOLUSDT,ask,146,4285.576
2024-08-28 07:30:29,SOLUSDT,bid,110,20613.304
2024-08-28 07:30:30,SOLUSDT,bid,145,5318.068
2024-08-28 07:30:31,SOLUSDT,bid,145,5317.318
2024-08-28 07:30:31,SOLUSDT,bid,138,4675.822
2024-08-28 07:30:32,SOLUSDT,bid,120,16347.949
2024-08-28 07:30:32,SOLUSDT,bid,145,5307.318
2024-08-28 07:30:33,SOLUSDT,ask,160,6333.953
2024-08-28 07:30:36,SOLUSDT,bid,145,5306.534
2024-08-28 07:30:37,SOLUSDT,bid,145,5307.284
2024-08-28 07:30:38,SOLUSDT,bid,145,5306.534
2024-08-28 07:30:39,SOLUSDT,bid,143,28893.404
2024-08-28 07:30:40,SOLUSDT,bid,115,17147.809
2024-08-28 07:30:42,SOLUSDT,bid,100,23738.474
2024-08-28 07:30:43,SOLUSDT,ask,146,4284.071
2024-08-28 07:30:44,SOLUSDT,bid,145,5108.374
2024-08-28 07:30:44,SOLUSDT,ask,146,4268.421
2024-08-28 07:30:47,SOLUSDT,bid,140,17299.006
2024-08-28 07:30:49,SOLUSDT,bid,140,17217.677
2024-08-28 07:30:50,SOLUSDT,bid,135,10923.537
2024-08-28 07:30:51,SOLUSDT,bid,140,17027.677
2024-08-28 07:30:51,SOLUSDT,bid,115,17149.548
2024-08-28 07:30:52,SOLUSDT,bid,145,5110.745
2024-08-28 07:30:54,SOLUSDT,bid,142,4970.694
2024-08-28 07:30:59,SOLUSDT,bid,143,28793.404
2024-08-28 07:30:59,SOLUSDT,bid,142,4970.794
2024-08-28 07:31:00,SOLUSDT,bid,131,9125.277
2024-08-28 07:31:03,SOLUSDT,bid,140,17027.777
2024-08-28 07:31:04,SOLUSDT,bid,125,11488.2
2024-08-28 07:31:05,SOLUSDT,bid,130,12499.359
2024-08-28 07:31:05,SOLUSDT,bid,140,17022.895
2024-08-28 07:31:06,SOLUSDT,bid,140,17022.967
2024-08-28 07:31:06,SOLUSDT,bid,145,5091.745
2024-08-28 07:31:07,SOLUSDT,ask,175,7379.172
2024-08-28 07:31:07,SOLUSDT,bid,130,12689.563
2024-08-28 07:31:11,SOLUSDT,bid,145,5091.745
2024-08-28 07:31:11,SOLUSDT,bid,145,5091.745
2024-08-28 07:31:11,SOLUSDT,bid,145,5078.006
2024-08-28 07:31:12,SOLUSDT,bid,145,5115.077
2024-08-28 07:31:16,SOLUSDT,bid,125,11489.666
2024-08-28 07:31:16,SOLUSDT,ask,146,4269.171
2024-08-28 07:31:16,SOLUSDT,ask,146,4269.171
2024-08-28 07:31:16,SOLUSDT,ask,146,4268.421
2024-08-28 07:31:18,SOLUSDT,ask,146,4350.361
2024-08-28 07:31:18,SOLUSDT,ask,147,3531.814
2024-08-28 07:31:18,SOLUSDT,bid,144,3654.207
2024-08-28 07:31:19,SOLUSDT,bid,144,3620.208
2024-08-28 07:31:19,SOLUSDT,ask,147,3592.941
2024-08-28 07:31:19,SOLUSDT,bid,145,5114.077
2024-08-28 07:31:20,SOLUSDT,ask,147,3531.814
2024-08-28 07:31:20,SOLUSDT,ask,147,3592.941
2024-08-28 07:31:20,SOLUSDT,ask,147,3541.158
2024-08-28 07:31:22,SOLUSDT,ask,147,3592.941
2024-08-28 07:31:22,SOLUSDT,bid,111,10247.834
2024-08-28 07:31:22,SOLUSDT,ask,147,3532.896
2024-08-28 07:31:23,SOLUSDT,bid,142,4965.794
2024-08-28 07:31:23,SOLUSDT,bid,140,17017.967
2024-08-28 07:31:23,SOLUSDT,bid,138,5444.891
2024-08-28 07:31:25,SOLUSDT,ask,147,3548.546
2024-08-28 07:31:26,SOLUSDT,bid,145,5077.006
2024-08-28 07:31:27,SOLUSDT,bid,141,3859.38
2024-08-28 07:31:31,SOLUSDT,bid,140,17027.588
2024-08-28 07:31:31,SOLUSDT,bid,140,17028.588
2024-08-28 07:31:39,SOLUSDT,bid,136,8052.626
2024-08-28 07:31:40,SOLUSDT,bid,130,12697.122
2024-08-28 07:31:48,SOLUSDT,bid,138,5447.891
2024-08-28 07:31:56,SOLUSDT,bid,145,5043.315
2024-08-28 07:31:58,SOLUSDT,bid,145,5043.659
2024-08-28 07:32:00,SOLUSDT,bid,140,17031.588
2024-08-28 07:32:06,SOLUSDT,ask,147,3532.896
2024-08-28 07:32:09,SOLUSDT,bid,142,4967.794
2024-08-28 07:32:09,SOLUSDT,ask,147,3532.21
2024-08-28 07:32:10,SOLUSDT,bid,145,5043.902
2024-08-28 07:32:14,SOLUSDT,bid,145,5112.867
2024-08-28 07:32:21,SOLUSDT,bid,140,17037.184
2024-08-28 07:32:24,SOLUSDT,bid,142,4966.082
2024-08-28 07:32:24,SOLUSDT,bid,136,8054.338
2024-08-28 07:32:25,SOLUSDT,ask,180,19702.986
2024-08-28 07:32:27,SOLUSDT,bid,145,5113.031
2024-08-28 07:32:27,SOLUSDT,bid,145,5112.867
2024-08-28 07:32:30,SOLUSDT,bid,136,8052.626
2024-08-28 07:32:30,SOLUSDT,bid,118,4765.713
2024-08-28 07:32:32,SOLUSDT,bid,145,5113.027
2024-08-28 07:32:33,SOLUSDT,bid,145,5112.867
2024-08-28 07:32:35,SOLUSDT,bid,145,5113.51
2024-08-28 07:32:40,SOLUSDT,bid,141,3870.317
2024-08-28 07:32:40,SOLUSDT,bid,121,5902.829
2024-08-28 07:32:42,SOLUSDT,bid,142,4964.082
2024-08-28 07:32:42,SOLUSDT,bid,140,17037.256
2024-08-28 07:32:43,SOLUSDT,bid,136,8054.413
2024-08-28 07:32:47,SOLUSDT,bid,142,4877.718
2024-08-28 07:32:47,SOLUSDT,ask,190,21565.709
2024-08-28 07:32:48,SOLUSDT,bid,130,12602.787
2024-08-28 07:32:49,SOLUSDT,bid,138,5270.158
2024-08-28 07:32:51,SOLUSDT,bid,111,10251.437
2024-08-28 07:32:52,SOLUSDT,bid,142,4879.718
2024-08-28 07:32:59,SOLUSDT,bid,100,23743.474
2024-08-28 07:33:03,SOLUSDT,bid,145,5113.84
2024-08-28 07:33:09,SOLUSDT,bid,140,17035.649
2024-08-28 07:33:11,SOLUSDT,bid,135,10923.682
2024-08-28 07:33:13,SOLUSDT,bid,130,12600.707
2024-08-28 07:33:14,SOLUSDT,bid,145,5103.84
2024-08-28 07:33:14,SOLUSDT,bid,140,17038.649
2024-08-28 07:33:15,SOLUSDT,bid,137,6277.497
2024-08-28 07:33:18,SOLUSDT,bid,131,9130.277
2024-08-28 07:33:18,SOLUSDT,bid,140,17042.22
2024-08-28 07:33:22,SOLUSDT,bid,145,5108.84
2024-08-28 07:33:25,SOLUSDT,ask,160,6327.38
2024-08-28 07:33:25,SOLUSDT,ask,160,6327.417
2024-08-28 07:33:25,SOLUSDT,bid,130,12600.807
2024-08-28 07:33:26,SOLUSDT,bid,142,4879.755
2024-08-28 07:33:26,SOLUSDT,bid,140,17042.257
2024-08-28 07:33:27,SOLUSDT,bid,138,5270.195
2024-08-28 07:33:27,SOLUSDT,bid,136,8054.45
2024-08-28 07:33:29,SOLUSDT,bid,143,28793.454
2024-08-28 07:33:29,SOLUSDT,bid,140,17028.679
2024-08-28 07:33:33,SOLUSDT,bid,145,5112.84
2024-08-28 07:33:34,SOLUSDT,bid,140,17033.679
2024-08-28 07:33:43,SOLUSDT,bid,120,16348.199
2024-08-28 07:33:43,SOLUSDT,bid,135,10928.682
2024-08-28 07:33:48,SOLUSDT,bid,130,12605.807
2024-08-28 07:33:50,SOLUSDT,bid,140,17039.679
2024-08-28 07:33:54,SOLUSDT,bid,80,14272.956
2024-08-28 07:33:55,SOLUSDT,bid,125,11494.666
2024-08-28 07:33:56,SOLUSDT,bid,144,3570.557
2024-08-28 07:33:56,SOLUSDT,ask,147,3570.371
2024-08-28 07:33:56,SOLUSDT,bid,145,5113.84
2024-08-28 07:33:56,SOLUSDT,bid,142,4878.755
2024-08-28 07:33:58,SOLUSDT,ask,147,3808.595
2024-08-28 07:33:58,SOLUSDT,ask,147,3807.09
2024-08-28 07:33:59,SOLUSDT,ask,147,3555.944
2024-08-28 07:34:03,SOLUSDT,bid,135,10938.682
2024-08-28 07:34:06,SOLUSDT,bid,140,17041.464
2024-08-28 07:34:06,SOLUSDT,bid,144,3577.408
2024-08-28 07:34:08,SOLUSDT,bid,144,3570.557
2024-08-28 07:34:12,SOLUSDT,bid,125,11498.782
2024-08-28 07:34:14,SOLUSDT,bid,144,3748.397
2024-08-28 07:34:15,SOLUSDT,bid,140,17043.405
2024-08-28 07:34:15,SOLUSDT,bid,145,5114.184
2024-08-28 07:34:19,SOLUSDT,bid,144,3570.557
2024-08-28 07:34:22,SOLUSDT,bid,142,4879.107
2024-08-28 07:34:26,SOLUSDT,bid,130,12602.474
2024-08-28 07:34:32,SOLUSDT,bid,143,28893.654
2024-08-28 07:34:37,SOLUSDT,bid,130,12606.32
2024-08-28 07:34:37,SOLUSDT,bid,140,17033.405
2024-08-28 07:34:37,SOLUSDT,bid,130,12591.32
2024-08-28 07:34:37,SOLUSDT,bid,120,16328.199
2024-08-28 07:34:38,SOLUSDT,ask,159,5796.745
2024-08-28 07:34:38,SOLUSDT,bid,140,17033.619
2024-08-28 07:34:39,SOLUSDT,bid,138,5271.692
2024-08-28 07:34:43,SOLUSDT,bid,95,8308.286
2024-08-28 07:34:44,SOLUSDT,bid,142,4930.075
2024-08-28 07:34:45,SOLUSDT,bid,140,17127.591
2024-08-28 07:34:53,SOLUSDT,bid,135,10946.089
2024-08-28 07:34:54,SOLUSDT,bid,140,17124.591
2024-08-28 07:34:55,SOLUSDT,bid,140,17144.591
2024-08-28 07:34:57,SOLUSDT,bid,125,11493.888
2024-08-28 07:34:58,SOLUSDT,ask,160,6332.292
2024-08-28 07:34:58,SOLUSDT,bid,145,5114.684
2024-08-28 07:34:59,SOLUSDT,bid,144,3577.408
2024-08-28 07:35:01,SOLUSDT,bid,110,20613.351
2024-08-28 07:35:02,SOLUSDT,bid,144,3570.557
2024-08-28 07:35:09,SOLUSDT,bid,145,5125.284
2024-08-28 07:35:10,SOLUSDT,bid,145,5125.973
2024-08-28 07:35:10,SOLUSDT,bid,145,5126.973
2024-08-28 07:35:11,SOLUSDT,bid,145,5128.973
2024-08-28 07:35:12,SOLUSDT,bid,130,12587.474
2024-08-28 07:35:13,SOLUSDT,bid,143,28899.594
2024-08-28 07:35:17,SOLUSDT,bid,138,5273.865
2024-08-28 07:35:19,SOLUSDT,bid,143,28899.63
2024-08-28 07:35:28,SOLUSDT,bid,142,4931.075
2024-08-28 07:35:28,SOLUSDT,bid,141,3870.477
2024-08-28 07:35:32,SOLUSDT,bid,120,16333.199
2024-08-28 07:35:35,SOLUSDT,bid,143,28899.542
2024-08-28 07:35:35,SOLUSDT,bid,136,8054.538
2024-08-28 07:35:44,SOLUSDT,bid,120,16333.884
2024-08-28 07:35:44,SOLUSDT,ask,195,13398.114
2024-08-28 07:35:44,SOLUSDT,bid,130,12588.474
2024-08-28 07:35:47,SOLUSDT,ask,188,12253.343
2024-08-28 07:35:47,SOLUSDT,bid,135,10887.706
2024-08-28 07:35:47,SOLUSDT,bid,130,12646.857
2024-08-28 07:35:48,SOLUSDT,bid,135,10880.299
2024-08-28 07:35:49,SOLUSDT,bid,120,16333.199
2024-08-28 07:35:54,SOLUSDT,bid,143,28920.521
2024-08-28 07:35:59,SOLUSDT,bid,145,5137.973
2024-08-28 07:36:02,SOLUSDT,bid,135,10880.908
2024-08-28 07:36:04,SOLUSDT,ask,147,3794.168
2024-08-28 07:36:06,SOLUSDT,ask,147,3555.944
2024-08-28 07:36:10,SOLUSDT,bid,100,23769.493
2024-08-28 07:36:10,SOLUSDT,bid,140,17146.358
2024-08-28 07:36:12,SOLUSDT,bid,145,5137.673
2024-08-28 07:36:15,SOLUSDT,bid,145,5130.834
2024-08-28 07:36:18,SOLUSDT,ask,146,4209.365
2024-08-28 07:36:18,SOLUSDT,bid,140,17136.358
2024-08-28 07:36:20,SOLUSDT,bid,144,3571.31
2024-08-28 07:36:21,SOLUSDT,bid,120,16334.199
2024-08-28 07:36:23,SOLUSDT,bid,141,3880.477
2024-08-28 07:36:25,SOLUSDT,bid,140,17136.715
2024-08-28 07:36:25,SOLUSDT,ask,147,3572.721
2024-08-28 07:36:26,SOLUSDT,bid,143,28918.115
2024-08-28 07:36:29,SOLUSDT,bid,138,5274.93
2024-08-28 07:36:30,SOLUSDT,ask,160,6333.291
2024-08-28 07:36:31,SOLUSDT,bid,145,5136.917
2024-08-28 07:36:33,SOLUSDT,bid,118,4749.301
2024-08-28 07:36:36,SOLUSDT,bid,144,3571.379
2024-08-28 07:36:42,SOLUSDT,bid,144,3568.1
2024-08-28 07:36:42,SOLUSDT,ask,184,3937.293
2024-08-28 07:36:43,SOLUSDT,bid,140,17133.529
2024-08-28 07:36:44,SOLUSDT,bid,120,16434.199
2024-08-28 07:36:45,SOLUSDT,bid,145,5085.585
2024-08-28 07:36:48,SOLUSDT,ask,168,6352.105
2024-08-28 07:36:50,SOLUSDT,bid,136,8059.538
2024-08-28 07:37:01,SOLUSDT,bid,100,23769.675
2024-08-28 07:37:01,SOLUSDT,bid,145,4924.709
2024-08-28 07:37:02,SOLUSDT,bid,140,17134.366
2024-08-28 07:37:04,SOLUSDT,bid,140,17148.862
2024-08-28 07:37:05,SOLUSDT,bid,143,28918.563
2024-08-28 07:37:11,SOLUSDT,bid,130,12646.683
2024-08-28 07:37:11,SOLUSDT,bid,100,23769.849
2024-08-28 07:37:18,SOLUSDT,bid,145,4922.659
2024-08-28 07:37:21,SOLUSDT,ask,159,5796.845
2024-08-28 07:37:23,SOLUSDT,bid,144,3567.347
2024-08-28 07:37:34,SOLUSDT,bid,145,4923.847
2024-08-28 07:37:35,SOLUSDT,bid,145,4923.797
2024-08-28 07:37:38,SOLUSDT,bid,110,20642.293
2024-08-28 07:37:46,SOLUSDT,bid,142,4936.075
2024-08-28 07:37:51,SOLUSDT,bid,141,3890.477
2024-08-28 07:37:51,SOLUSDT,bid,146,4215.792
2024-08-28 07:37:51,SOLUSDT,bid,146,4171.351
2024-08-28 07:37:51,SOLUSDT,bid,146,4171.403
2024-08-28 07:37:51,SOLUSDT,bid,146,4205.5
2024-08-28 07:37:51,SOLUSDT,bid,146,4171.403
2024-08-28 07:37:52,SOLUSDT,bid,146,4205.5
2024-08-28 07:37:52,SOLUSDT,bid,146,4201.5
2024-08-28 07:37:52,SOLUSDT,bid,146,4161.421
2024-08-28 07:37:53,SOLUSDT,bid,146,4131.324
2024-08-28 07:37:53,SOLUSDT,bid,146,4127.324
2024-08-28 07:37:54,SOLUSDT,bid,146,4161.421
2024-08-28 07:37:56,SOLUSDT,bid,145,4930.693
2024-08-28 07:38:00,SOLUSDT,bid,140,17148.82
2024-08-28 07:38:13,SOLUSDT,bid,125,11494.774
2024-08-28 07:38:14,SOLUSDT,bid,118,4961.166
2024-08-28 07:38:14,SOLUSDT,bid,144,3565.979
2024-08-28 07:38:14,SOLUSDT,bid,144,3564.611
2024-08-28 07:38:16,SOLUSDT,bid,145,4924.61
2024-08-28 07:38:16,SOLUSDT,bid,143,28916.61
2024-08-28 07:38:20,SOLUSDT,bid,120,16334.199
2024-08-28 07:38:23,SOLUSDT,bid,140,17134.324
2024-08-28 07:38:23,SOLUSDT,bid,145,4923.526
2024-08-28 07:38:27,SOLUSDT,bid,140,16996.283
2024-08-28 07:38:28,SOLUSDT,bid,140,16998.783
2024-08-28 07:38:33,SOLUSDT,bid,120,16317.533
2024-08-28 07:38:33,SOLUSDT,ask,181,3162.636
2024-08-28 07:38:49,SOLUSDT,bid,122,4243.827
2024-08-28 07:38:49,SOLUSDT,bid,112,7885.12
2024-08-28 07:38:51,SOLUSDT,bid,120,16316.533
2024-08-28 07:38:53,SOLUSDT,bid,131,9171.255
2024-08-28 07:38:57,SOLUSDT,ask,160,6333.417
2024-08-28 07:38:59,SOLUSDT,bid,140,16999.147
2024-08-28 07:39:00,SOLUSDT,bid,138,5275.066
2024-08-28 07:39:02,SOLUSDT,bid,135,10881.908
2024-08-28 07:39:03,SOLUSDT,bid,136,8058.538
2024-08-28 07:39:08,SOLUSDT,bid,142,4911.698
2024-08-28 07:39:15,SOLUSDT,bid,115,17152.296
2024-08-28 07:39:15,SOLUSDT,bid,125,11496.374
2024-08-28 07:39:15,SOLUSDT,bid,121,5920.234
2024-08-28 07:39:20,SOLUSDT,bid,143,28916.574
2024-08-28 07:39:29,SOLUSDT,bid,138,5290.066
2024-08-28 07:39:30,SOLUSDT,ask,172,2980.211
2024-08-28 07:39:33,SOLUSDT,bid,136,8059.052
2024-08-28 07:39:35,SOLUSDT,bid,120,16320.699
2024-08-28 07:39:40,SOLUSDT,bid,130,12647.221
2024-08-28 07:40:02,SOLUSDT,bid,142,4889.709
2024-08-28 07:40:02,SOLUSDT,ask,162,7784.417
2024-08-28 07:40:03,SOLUSDT,ask,181,3157.999
2024-08-28 07:40:06,SOLUSDT,bid,145,4923.026
2024-08-28 07:40:07,SOLUSDT,ask,162,7783.058
2024-08-28 07:40:07,SOLUSDT,ask,160,6330.711
2024-08-28 07:40:07,SOLUSDT,bid,118,4961.759
2024-08-28 07:40:09,SOLUSDT,ask,180,19707.623
2024-08-28 07:40:12,SOLUSDT,bid,146,7531.901
2024-08-28 07:40:12,SOLUSDT,bid,146,7643.379
2024-08-28 07:40:12,SOLUSDT,bid,146,7652.922
2024-08-28 07:40:12,SOLUSDT,bid,146,7660.523
2024-08-28 07:40:12,SOLUSDT,bid,146,7582.525
2024-08-28 07:40:13,SOLUSDT,bid,146,7592.068
2024-08-28 07:40:13,SOLUSDT,bid,146,7629.338
2024-08-28 07:40:13,SOLUSDT,bid,146,7595.255
2024-08-28 07:40:13,SOLUSDT,bid,146,7595.291
2024-08-28 07:40:13,SOLUSDT,bid,146,7625.887
2024-08-28 07:40:13,SOLUSDT,bid,146,7624.417
2024-08-28 07:40:13,SOLUSDT,bid,146,7550.39
2024-08-28 07:40:13,SOLUSDT,bid,146,7516.307
2024-08-28 07:40:14,SOLUSDT,bid,146,7660.82
2024-08-28 07:40:14,SOLUSDT,bid,146,7575.707
2024-08-28 07:40:14,SOLUSDT,bid,146,7603.841
2024-08-28 07:40:14,SOLUSDT,bid,146,7693.507
2024-08-28 07:40:14,SOLUSDT,bid,145,4923.509
2024-08-28 07:40:14,SOLUSDT,bid,146,7652.825
2024-08-28 07:40:14,SOLUSDT,bid,146,7701.318
2024-08-28 07:40:14,SOLUSDT,bid,146,7578.933
2024-08-28 07:40:14,SOLUSDT,bid,146,7616.136
2024-08-28 07:40:15,SOLUSDT,bid,146,7578.933
2024-08-28 07:40:15,SOLUSDT,bid,146,7588.457
2024-08-28 07:40:15,SOLUSDT,bid,146,7632.704
2024-08-28 07:40:15,SOLUSDT,bid,146,7632.628
2024-08-28 07:40:15,SOLUSDT,bid,146,7659.687
2024-08-28 07:40:16,SOLUSDT,bid,146,7552.96
2024-08-28 07:40:16,SOLUSDT,bid,146,7666.029
2024-08-28 07:40:16,SOLUSDT,bid,146,7700.114
2024-08-28 07:40:16,SOLUSDT,bid,146,7700.204
2024-08-28 07:40:16,SOLUSDT,bid,146,7700.256
2024-08-28 07:40:17,SOLUSDT,bid,146,7700.166
2024-08-28 07:40:18,SOLUSDT,bid,146,7700.202
2024-08-28 07:40:19,SOLUSDT,bid,146,7700.255
2024-08-28 07:40:26,SOLUSDT,bid,140,16999.647
2024-08-28 07:40:27,SOLUSDT,bid,146,10236.533
2024-08-28 07:40:27,SOLUSDT,ask,147,3551.513
2024-08-28 07:40:27,SOLUSDT,bid,146,10239.598
2024-08-28 07:40:27,SOLUSDT,bid,146,10239.263
2024-08-28 07:40:27,SOLUSDT,bid,146,10282.031
2024-08-28 07:40:27,SOLUSDT,bid,146,10341.558
2024-08-28 07:40:27,SOLUSDT,bid,146,10382.058
2024-08-28 07:40:27,SOLUSDT,bid,146,10382.022
2024-08-28 07:40:28,SOLUSDT,bid,146,10379.292
2024-08-28 07:40:28,SOLUSDT,bid,146,10454.317
2024-08-28 07:40:28,SOLUSDT,bid,146,10413.342
2024-08-28 07:40:29,SOLUSDT,bid,146,10422.876
2024-08-28 07:40:29,SOLUSDT,bid,146,14528.952
2024-08-28 07:40:29,SOLUSDT,bid,146,14554.892
2024-08-28 07:40:29,SOLUSDT,bid,112,7885.745
2024-08-28 07:40:29,SOLUSDT,bid,146,14545.358
2024-08-28 07:40:30,SOLUSDT,bid,145,4922.82
2024-08-28 07:40:30,SOLUSDT,bid,145,4927.82
2024-08-28 07:40:30,SOLUSDT,bid,146,14602.6
2024-08-28 07:40:30,SOLUSDT,bid,146,14562.834
2024-08-28 07:40:30,SOLUSDT,bid,146,14610.103
2024-08-28 07:40:30,SOLUSDT,bid,146,14495.955
2024-08-28 07:40:30,SOLUSDT,bid,146,14427.853
2024-08-28 07:40:31,SOLUSDT,bid,146,14442.148
2024-08-28 07:40:31,SOLUSDT,bid,146,14442.148
2024-08-28 07:40:31,SOLUSDT,bid,146,14402.069
2024-08-28 07:40:31,SOLUSDT,bid,146,14304.469
2024-08-28 07:40:31,SOLUSDT,bid,146,14286.568
2024-08-28 07:40:32,SOLUSDT,bid,146,14228.907
2024-08-28 07:40:32,SOLUSDT,bid,146,14103.283
2024-08-28 07:40:32,SOLUSDT,bid,145,4928.502
2024-08-28 07:40:32,SOLUSDT,bid,146,9997.278
2024-08-28 07:40:32,SOLUSDT,bid,146,9997.242
2024-08-28 07:40:32,SOLUSDT,bid,146,9999.972
2024-08-28 07:40:33,SOLUSDT,bid,146,10000.008
2024-08-28 07:40:33,SOLUSDT,bid,146,10051.198
2024-08-28 07:40:33,SOLUSDT,bid,146,10051.627
2024-08-28 07:40:34,SOLUSDT,bid,146,10050.592
2024-08-28 07:40:34,SOLUSDT,ask,162,7784.417
2024-08-28 07:40:34,SOLUSDT,bid,146,10050.8
2024-08-28 07:40:35,SOLUSDT,bid,146,10050.596
2024-08-28 07:40:35,SOLUSDT,bid,145,4927.82
2024-08-28 07:40:35,SOLUSDT,bid,146,10050.167
2024-08-28 07:40:35,SOLUSDT,bid,146,10050.345
2024-08-28 07:40:36,SOLUSDT,bid,146,10050.344
2024-08-28 07:40:36,SOLUSDT,bid,146,9997.238
2024-08-28 07:40:36,SOLUSDT,bid,146,10005.428
2024-08-28 07:40:36,SOLUSDT,bid,146,10005.25
2024-08-28 07:40:36,SOLUSDT,bid,146,10005.321
2024-08-28 07:40:37,SOLUSDT,bid,146,10097.529
2024-08-28 07:40:37,SOLUSDT,bid,146,10077.12
2024-08-28 07:40:37,SOLUSDT,bid,146,10076.307
2024-08-28 07:40:37,SOLUSDT,bid,146,10066.773
2024-08-28 07:40:38,SOLUSDT,bid,146,10047.74
2024-08-28 07:40:38,SOLUSDT,bid,146,10011.327
2024-08-28 07:40:38,SOLUSDT,bid,146,10027.602
2024-08-28 07:40:38,SOLUSDT,bid,146,10007.577
2024-08-28 07:40:38,SOLUSDT,bid,146,10007.577
2024-08-28 07:40:38,SOLUSDT,bid,146,10024.602
2024-08-28 07:40:39,SOLUSDT,bid,146,10057.67
2024-08-28 07:40:39,SOLUSDT,bid,146,10171.182
2024-08-28 07:40:39,SOLUSDT,bid,146,10057.576
2024-08-28 07:40:39,SOLUSDT,bid,146,10058.257
2024-08-28 07:40:40,SOLUSDT,bid,146,10026.033
2024-08-28 07:40:41,SOLUSDT,bid,143,28917.266
2024-08-28 07:40:41,SOLUSDT,bid,146,10006.154
2024-08-28 07:40:41,SOLUSDT,bid,146,9997.893
2024-08-28 07:40:41,SOLUSDT,bid,146,9987.158
2024-08-28 07:40:41,SOLUSDT,bid,146,9979.958
2024-08-28 07:40:41,SOLUSDT,bid,146,9980.029
2024-08-28 07:40:42,SOLUSDT,ask,160,6332.711
2024-08-28 07:40:42,SOLUSDT,bid,146,9978.823
2024-08-28 07:40:42,SOLUSDT,bid,146,9978.345
2024-08-28 07:40:42,SOLUSDT,bid,146,9995.334
2024-08-28 07:40:43,SOLUSDT,bid,146,10049.047
2024-08-28 07:40:43,SOLUSDT,bid,146,10083.103
2024-08-28 07:40:43,SOLUSDT,bid,146,10123.451
2024-08-28 07:40:43,SOLUSDT,bid,146,9951.018
2024-08-28 07:40:43,SOLUSDT,bid,146,9899.048
2024-08-28 07:40:44,SOLUSDT,bid,146,9899.554
2024-08-28 07:40:44,SOLUSDT,bid,146,9899.59
2024-08-28 07:40:44,SOLUSDT,bid,146,9899.661
2024-08-28 07:40:44,SOLUSDT,bid,145,3573.146
2024-08-28 07:40:44,SOLUSDT,bid,146,9899.625
2024-08-28 07:40:44,SOLUSDT,ask,160,6331.613
2024-08-28 07:40:45,SOLUSDT,bid,146,9865.566
2024-08-28 07:40:46,SOLUSDT,ask,165,15659.468
2024-08-28 07:40:46,SOLUSDT,bid,146,9864.007
2024-08-28 07:40:46,SOLUSDT,bid,146,9876.288
2024-08-28 07:40:46,SOLUSDT,bid,146,9908.518
2024-08-28 07:40:46,SOLUSDT,bid,146,9908.892
2024-08-28 07:40:46,SOLUSDT,bid,146,9959.855
2024-08-28 07:40:46,SOLUSDT,bid,146,9967.974
2024-08-28 07:40:46,SOLUSDT,bid,146,9976.701
2024-08-28 07:40:47,SOLUSDT,bid,146,10014.244
2024-08-28 07:40:47,SOLUSDT,bid,146,9990.792
2024-08-28 07:40:47,SOLUSDT,bid,146,9976.701
2024-08-28 07:40:47,SOLUSDT,bid,146,9967.974
2024-08-28 07:40:48,SOLUSDT,bid,146,9949.19
2024-08-28 07:40:48,SOLUSDT,bid,146,10036.973
2024-08-28 07:40:48,SOLUSDT,bid,146,10112.793
2024-08-28 07:40:48,SOLUSDT,bid,145,4817.82
2024-08-28 07:40:49,SOLUSDT,bid,146,10036.973
2024-08-28 07:40:49,SOLUSDT,bid,146,9923.589
2024-08-28 07:40:49,SOLUSDT,bid,146,9940.614
2024-08-28 07:40:50,SOLUSDT,bid,146,9940.28
2024-08-28 07:40:50,SOLUSDT,bid,146,9875.772
2024-08-28 07:40:50,SOLUSDT,bid,146,9892.797
2024-08-28 07:40:50,SOLUSDT,bid,146,9937.951
2024-08-28 07:40:51,SOLUSDT,bid,146,9892.797
2024-08-28 07:40:52,SOLUSDT,bid,146,9875.732
2024-08-28 07:40:53,SOLUSDT,bid,146,9863.451
2024-08-28 07:40:53,SOLUSDT,bid,146,9880.476
2024-08-28 07:41:02,SOLUSDT,bid,140,17009.647
2024-08-28 07:41:04,SOLUSDT,bid,140,17006.139
2024-08-28 07:41:04,SOLUSDT,bid,121,5923.742
