2024-08-25 07:00:00,SOLUSDT,bid,100,24275.067
2024-08-25 07:00:11,SOLUSDT,ask,190,23416.88
2024-08-25 07:00:11,SOLUSDT,ask,190,23416.837
2024-08-25 07:00:18,SOLUSDT,ask,165,18118.704
2024-08-25 07:00:19,SOLUSDT,ask,170,16960.441
2024-08-25 07:00:19,SOLUSDT,ask,200,44304.537
2024-08-25 07:00:32,SOLUSDT,ask,165,18132.905
2024-08-25 07:00:44,SOLUSDT,ask,167,8818.417
2024-08-25 07:00:47,SOLUSDT,ask,170,16946.871
2024-08-25 07:00:51,SOLUSDT,bid,110,20195.713
2024-08-25 07:01:08,SOLUSDT,ask,165,18134.535
2024-08-25 07:01:08,SOLUSDT,bid,140,8641.208
2024-08-25 07:01:11,SOLUSDT,bid,140,8641.28
2024-08-25 07:01:37,SOLUSDT,ask,193,6874.23
2024-08-25 07:02:11,SOLUSDT,ask,165,18133.535
2024-08-25 07:02:20,SOLUSDT,ask,180,23190.483
2024-08-25 07:02:21,SOLUSDT,ask,170,16946.914
2024-08-25 07:02:33,SOLUSDT,bid,131,8483.318
2024-08-25 07:02:52,SOLUSDT,bid,100,24264.828
2024-08-25 07:03:11,SOLUSDT,ask,165,18132.867
2024-08-25 07:03:18,SOLUSDT,ask,165,18133.148
2024-08-25 07:03:19,SOLUSDT,ask,165,18132.12
2024-08-25 07:03:29,SOLUSDT,ask,170,16942.456
2024-08-25 07:03:45,SOLUSDT,ask,165,18131.312
2024-08-25 07:03:47,SOLUSDT,ask,165,18306.312
2024-08-25 07:03:49,SOLUSDT,ask,190,23404.745
2024-08-25 07:04:20,SOLUSDT,bid,130,10962.422
2024-08-25 07:04:24,SOLUSDT,ask,165,18299.741
2024-08-25 07:04:25,SOLUSDT,ask,170,17267.456
2024-08-25 07:04:31,SOLUSDT,bid,140,8642.286
2024-08-25 07:05:13,SOLUSDT,bid,140,8641.572
2024-08-25 07:05:13,SOLUSDT,bid,130,10961.653
2024-08-25 07:05:13,SOLUSDT,bid,120,35485.371
2024-08-25 07:05:36,SOLUSDT,ask,185,18068.886
2024-08-25 07:06:11,SOLUSDT,ask,190,23406.345
2024-08-25 07:06:22,SOLUSDT,ask,180,23189.397
2024-08-25 07:06:23,SOLUSDT,ask,169,8365.783
2024-08-25 07:06:25,SOLUSDT,ask,165,18299.324
2024-08-25 07:06:36,SOLUSDT,ask,185,18067.887
2024-08-25 07:07:16,SOLUSDT,bid,120,35461.917
2024-08-25 07:07:20,SOLUSDT,ask,200,44307.38
2024-08-25 07:07:27,SOLUSDT,ask,169,8415.783
2024-08-25 07:07:28,SOLUSDT,ask,185,18071.678
2024-08-25 07:07:28,SOLUSDT,ask,190,23407.431
2024-08-25 07:08:12,SOLUSDT,ask,180,23191.978
2024-08-25 07:08:16,SOLUSDT,ask,165,18291.577
2024-08-25 07:09:02,SOLUSDT,ask,180,23191.868
2024-08-25 07:09:02,SOLUSDT,bid,140,8641.462
2024-08-25 07:09:32,SOLUSDT,ask,193,6873.608
2024-08-25 07:09:38,SOLUSDT,ask,175,12080.932
2024-08-25 07:09:40,SOLUSDT,ask,165,18291.677
2024-08-25 07:09:40,SOLUSDT,ask,175,12080.272
2024-08-25 07:10:05,SOLUSDT,ask,165,18291.494
2024-08-25 07:10:24,SOLUSDT,ask,170,17267.556
2024-08-25 07:10:25,SOLUSDT,ask,167,8816.74
2024-08-25 07:10:39,SOLUSDT,ask,165,18291.404
2024-08-25 07:10:41,SOLUSDT,bid,140,8641.382
2024-08-25 07:10:50,SOLUSDT,ask,180,23186.494
2024-08-25 07:11:16,SOLUSDT,bid,80,19273.533
2024-08-25 07:11:28,SOLUSDT,ask,170,17287.556
2024-08-25 07:11:30,SOLUSDT,bid,120,35461.875
2024-08-25 07:11:30,SOLUSDT,ask,190,23407.389
2024-08-25 07:11:30,SOLUSDT,ask,169,8415.741
2024-08-25 07:11:43,SOLUSDT,bid,130,10963.598
2024-08-25 07:12:04,SOLUSDT,ask,199,20127.806
2024-08-25 07:12:07,SOLUSDT,ask,180,23184.433
2024-08-25 07:12:33,SOLUSDT,ask,165,18295.679
2024-08-25 07:13:00,SOLUSDT,bid,131,8484.318
2024-08-25 07:13:10,SOLUSDT,ask,210,24639.252
2024-08-25 07:13:12,SOLUSDT,ask,200,44307.26
2024-08-25 07:13:14,SOLUSDT,ask,260,7397.371
2024-08-25 07:13:18,SOLUSDT,bid,80,19273.395
2024-08-25 07:13:19,SOLUSDT,ask,165,18308.16
2024-08-25 07:13:22,SOLUSDT,ask,210,24639.163
2024-08-25 07:13:22,SOLUSDT,ask,188,13390.4
2024-08-25 07:13:37,SOLUSDT,ask,190,23406.303
2024-08-25 07:13:37,SOLUSDT,bid,135,13883.343
2024-08-25 07:13:48,SOLUSDT,bid,130,10966.946
2024-08-25 07:13:50,SOLUSDT,ask,200,44308.346
2024-08-25 07:13:51,SOLUSDT,bid,100,24264.928
2024-08-25 07:13:52,SOLUSDT,ask,170,17287.306
2024-08-25 07:13:59,SOLUSDT,ask,180,23181.195
2024-08-25 07:14:03,SOLUSDT,bid,130,10970.577
2024-08-25 07:14:04,SOLUSDT,bid,130,10993.653
2024-08-25 07:14:12,SOLUSDT,ask,167,8514.055
2024-08-25 07:14:14,SOLUSDT,ask,170,17287.73
2024-08-25 07:14:21,SOLUSDT,ask,167,8816.74
2024-08-25 07:14:53,SOLUSDT,ask,300,10129.867
2024-08-25 07:14:59,SOLUSDT,ask,220,14875.855
2024-08-25 07:15:07,SOLUSDT,bid,120,35465.21
2024-08-25 07:15:08,SOLUSDT,ask,190,23406.51
2024-08-25 07:15:20,SOLUSDT,ask,191,5779.032
2024-08-25 07:15:21,SOLUSDT,bid,130,10993.259
2024-08-25 07:15:35,SOLUSDT,bid,120,35461.875
2024-08-25 07:15:41,SOLUSDT,bid,125,14461.565
2024-08-25 07:15:47,SOLUSDT,bid,140,8651.382
2024-08-25 07:15:47,SOLUSDT,ask,165,18313.16
2024-08-25 07:15:58,SOLUSDT,ask,170,17291.068
2024-08-25 07:16:00,SOLUSDT,bid,140,8625.595
2024-08-25 07:16:03,SOLUSDT,bid,100,24264.869
2024-08-25 07:16:03,SOLUSDT,ask,210,24639.104
2024-08-25 07:16:04,SOLUSDT,bid,130,10996.338
2024-08-25 07:16:06,SOLUSDT,bid,130,11006.338
2024-08-25 07:16:27,SOLUSDT,ask,170,17298.591
2024-08-25 07:16:38,SOLUSDT,ask,165,18313.369
2024-08-25 07:16:56,SOLUSDT,ask,170,17300.583
2024-08-25 07:17:01,SOLUSDT,ask,165,18314.057
2024-08-25 07:17:04,SOLUSDT,bid,111,12432.752
2024-08-25 07:17:06,SOLUSDT,ask,200,44302.146
2024-08-25 07:17:06,SOLUSDT,bid,130,11002.99
2024-08-25 07:17:12,SOLUSDT,ask,180,23166.389
2024-08-25 07:17:23,SOLUSDT,ask,200,44308.346
2024-08-25 07:17:25,SOLUSDT,ask,200,44323.152
2024-08-25 07:17:41,SOLUSDT,ask,175,12093.497
2024-08-25 07:17:46,SOLUSDT,ask,240,5771.811
2024-08-25 07:17:49,SOLUSDT,ask,180,23161.038
2024-08-25 07:17:51,SOLUSDT,ask,170,17310.583
2024-08-25 07:18:01,SOLUSDT,ask,165,18304.867
2024-08-25 07:18:03,SOLUSDT,ask,165,18303.31
2024-08-25 07:18:03,SOLUSDT,ask,165,18335.49
2024-08-25 07:18:12,SOLUSDT,ask,185,17975.328
2024-08-25 07:18:12,SOLUSDT,ask,165,18323.49
2024-08-25 07:18:17,SOLUSDT,ask,170,17312.14
2024-08-25 07:18:39,SOLUSDT,bid,135,13883.232
2024-08-25 07:18:44,SOLUSDT,ask,175,12095.702
2024-08-25 07:18:48,SOLUSDT,ask,167,8818.037
2024-08-25 07:18:59,SOLUSDT,ask,165,18323.693
2024-08-25 07:19:07,SOLUSDT,ask,190,23402.214
2024-08-25 07:19:10,SOLUSDT,ask,165,18324.519
2024-08-25 07:19:33,SOLUSDT,bid,140,8618.453
2024-08-25 07:19:45,SOLUSDT,ask,750,4621.092
2024-08-25 07:19:53,SOLUSDT,ask,170,17332.911
2024-08-25 07:19:54,SOLUSDT,ask,170,17332.548
2024-08-25 07:20:11,SOLUSDT,ask,190,23407.718
2024-08-25 07:21:01,SOLUSDT,ask,175,12100.702
2024-08-25 07:21:07,SOLUSDT,ask,165,18323.667
2024-08-25 07:21:08,SOLUSDT,ask,170,17332.848
2024-08-25 07:21:19,SOLUSDT,ask,167,8578.077
2024-08-25 07:21:26,SOLUSDT,ask,165,18325.447
2024-08-25 07:21:29,SOLUSDT,bid,140,8616.482
2024-08-25 07:21:31,SOLUSDT,ask,165,18323.667
2024-08-25 07:21:39,SOLUSDT,ask,165,18324.557
2024-08-25 07:22:04,SOLUSDT,bid,140,8617.482
2024-08-25 07:22:24,SOLUSDT,ask,180,23166.086
