2024-08-27 07:00:02,SOLUSDT,bid,125,10327.231
2024-08-27 07:00:06,SOLUSDT,bid,140,12661.715
2024-08-27 07:00:07,SOLUSDT,ask,162,14337.354
2024-08-27 07:00:09,SOLUSDT,ask,165,14233.805
2024-08-27 07:00:14,SOLUSDT,ask,165,14228.628
2024-08-27 07:00:17,SOLUSDT,ask,161,3231.118
2024-08-27 07:00:22,SOLUSDT,bid,125,10327.231
2024-08-27 07:00:51,SOLUSDT,bid,143,4700.567
2024-08-27 07:00:52,SOLUSDT,bid,130,10921.863
2024-08-27 07:01:03,SOLUSDT,ask,160,7094.512
2024-08-27 07:01:06,SOLUSDT,bid,110,20115.899
2024-08-27 07:01:21,SOLUSDT,ask,165,14229.29
2024-08-27 07:01:35,SOLUSDT,bid,130,10921.803
2024-08-27 07:01:42,SOLUSDT,bid,80,12773.586
2024-08-27 07:01:47,SOLUSDT,bid,125,10327.231
2024-08-27 07:01:56,SOLUSDT,bid,140,12660.639
2024-08-27 07:01:58,SOLUSDT,bid,131,8964.736
2024-08-27 07:02:02,SOLUSDT,bid,135,10825.451
2024-08-27 07:02:07,SOLUSDT,bid,125,10327.231
2024-08-27 07:02:09,SOLUSDT,ask,169,5714.013
2024-08-27 07:02:24,SOLUSDT,ask,169,5713.945
2024-08-27 07:02:26,SOLUSDT,ask,169,5714.011
2024-08-27 07:02:27,SOLUSDT,bid,125,10327.231
2024-08-27 07:02:29,SOLUSDT,ask,180,22416.18
2024-08-27 07:02:29,SOLUSDT,bid,150,6902.278
2024-08-27 07:02:29,SOLUSDT,bid,138,4475.288
2024-08-27 07:02:30,SOLUSDT,bid,150,6904.173
2024-08-27 07:02:36,SOLUSDT,ask,169,5713.945
2024-08-27 07:02:53,SOLUSDT,ask,175,8249.656
2024-08-27 07:03:27,SOLUSDT,bid,140,12638.226
2024-08-27 07:03:27,SOLUSDT,ask,162,14327.354
2024-08-27 07:03:39,SOLUSDT,ask,160,7094.415
2024-08-27 07:03:39,SOLUSDT,ask,162,14327.257
2024-08-27 07:03:39,SOLUSDT,ask,170,14697.117
2024-08-27 07:03:39,SOLUSDT,ask,175,8249.559
2024-08-27 07:03:39,SOLUSDT,ask,183,2949.378
2024-08-27 07:03:39,SOLUSDT,ask,185,16561.771
2024-08-27 07:03:39,SOLUSDT,ask,161,3231.021
2024-08-27 07:03:39,SOLUSDT,ask,163,5946.078
2024-08-27 07:03:39,SOLUSDT,ask,165,14229.193
2024-08-27 07:03:39,SOLUSDT,ask,166,3199.288
2024-08-27 07:03:39,SOLUSDT,ask,167,7124.659
2024-08-27 07:03:39,SOLUSDT,ask,168,8238.39
2024-08-27 07:03:39,SOLUSDT,ask,169,5713.848
2024-08-27 07:03:39,SOLUSDT,ask,172,2958.201
2024-08-27 07:03:39,SOLUSDT,ask,180,22416.083
2024-08-27 07:03:39,SOLUSDT,ask,181,3037.14
2024-08-27 07:03:39,SOLUSDT,ask,182,6827.731
2024-08-27 07:03:39,SOLUSDT,ask,184,4981.888
2024-08-27 07:03:42,SOLUSDT,ask,170,14696.477
2024-08-27 07:03:44,SOLUSDT,ask,165,14227.193
2024-08-27 07:03:46,SOLUSDT,ask,161,3242.983
2024-08-27 07:04:07,SOLUSDT,bid,140,12638.179
2024-08-27 07:04:20,SOLUSDT,ask,162,14286.579
2024-08-27 07:04:42,SOLUSDT,bid,140,12659.608
2024-08-27 07:04:44,SOLUSDT,bid,138,4470.216
2024-08-27 07:05:01,SOLUSDT,bid,110,20115.399
2024-08-27 07:05:16,SOLUSDT,bid,143,4700.668
2024-08-27 07:05:28,SOLUSDT,bid,120,32478.434
2024-08-27 07:05:35,SOLUSDT,bid,143,4700.567
2024-08-27 07:05:40,SOLUSDT,ask,160,7096.608
2024-08-27 07:05:48,SOLUSDT,ask,175,8247.536
2024-08-27 07:06:06,SOLUSDT,ask,162,14273.872
2024-08-27 07:06:17,SOLUSDT,bid,150,6903.546
2024-08-27 07:06:28,SOLUSDT,ask,240,5781.748
2024-08-27 07:07:22,SOLUSDT,ask,180,22413.153
2024-08-27 07:07:28,SOLUSDT,bid,150,6903.712
2024-08-27 07:07:29,SOLUSDT,ask,160,7097.108
2024-08-27 07:07:42,SOLUSDT,bid,145,5144.517
2024-08-27 07:07:43,SOLUSDT,bid,138,4469.927
2024-08-27 07:07:50,SOLUSDT,bid,140,12659.786
2024-08-27 07:07:59,SOLUSDT,ask,163,5945.764
2024-08-27 07:08:02,SOLUSDT,bid,135,10825.636
2024-08-27 07:08:03,SOLUSDT,ask,162,14270.34
2024-08-27 07:08:09,SOLUSDT,bid,150,6897.046
2024-08-27 07:08:15,SOLUSDT,bid,140,12656.449
2024-08-27 07:08:26,SOLUSDT,ask,200,45135.026
2024-08-27 07:08:26,SOLUSDT,bid,130,10921.88
2024-08-27 07:08:27,SOLUSDT,bid,142,5090.834
2024-08-27 07:08:29,SOLUSDT,bid,143,4700.607
2024-08-27 07:08:29,SOLUSDT,ask,165,14226.853
2024-08-27 07:08:49,SOLUSDT,ask,162,14280.34
2024-08-27 07:08:52,SOLUSDT,ask,160,7098.608
2024-08-27 07:08:57,SOLUSDT,ask,300,10059.897
2024-08-27 07:09:18,SOLUSDT,bid,138,4470.233
2024-08-27 07:09:50,SOLUSDT,ask,190,23062.384
2024-08-27 07:09:57,SOLUSDT,bid,142,4879.258
2024-08-27 07:10:16,SOLUSDT,ask,190,23075.287
2024-08-27 07:10:17,SOLUSDT,bid,140,12655.986
2024-08-27 07:11:19,SOLUSDT,ask,160,7099.445
2024-08-27 07:11:28,SOLUSDT,ask,166,3199.325
2024-08-27 07:11:33,SOLUSDT,bid,150,6897.379
2024-08-27 07:11:37,SOLUSDT,bid,145,5145.79
2024-08-27 07:11:45,SOLUSDT,ask,162,14279.08
2024-08-27 07:11:47,SOLUSDT,bid,138,4470.27
2024-08-27 07:11:57,SOLUSDT,ask,160,7100.675
2024-08-27 07:12:07,SOLUSDT,ask,163,5946.763
2024-08-27 07:12:23,SOLUSDT,bid,142,4883.886
2024-08-27 07:12:29,SOLUSDT,ask,210,24421.944
2024-08-27 07:12:32,SOLUSDT,ask,161,3238.628
2024-08-27 07:12:35,SOLUSDT,ask,160,7100.833
2024-08-27 07:13:23,SOLUSDT,ask,172,2958.28
2024-08-27 07:13:37,SOLUSDT,ask,172,2958.201
2024-08-27 07:13:40,SOLUSDT,bid,150,6896.714
2024-08-27 07:13:59,SOLUSDT,ask,165,14223.853
2024-08-27 07:14:12,SOLUSDT,ask,185,16560.657
2024-08-27 07:14:17,SOLUSDT,ask,161,3239.037
2024-08-27 07:14:20,SOLUSDT,ask,162,14280.194
2024-08-27 07:14:22,SOLUSDT,ask,165,14224.264
2024-08-27 07:14:30,SOLUSDT,ask,169,5713.917
2024-08-27 07:14:33,SOLUSDT,bid,150,6896.381
2024-08-27 07:14:34,SOLUSDT,bid,150,6896.461
2024-08-27 07:14:36,SOLUSDT,ask,169,5713.848
2024-08-27 07:14:44,SOLUSDT,bid,150,6896.381
2024-08-27 07:15:26,SOLUSDT,bid,110,20114.936
2024-08-27 07:15:30,SOLUSDT,bid,150,6923.047
2024-08-27 07:15:39,SOLUSDT,bid,150,6922.42
2024-08-27 07:15:46,SOLUSDT,bid,125,10327.295
2024-08-27 07:15:49,SOLUSDT,ask,160,7104.493
2024-08-27 07:15:49,SOLUSDT,ask,165,14216.637
2024-08-27 07:15:50,SOLUSDT,ask,160,7104.707
2024-08-27 07:15:52,SOLUSDT,bid,100,23799.479
2024-08-27 07:16:07,SOLUSDT,ask,162,14284.161
2024-08-27 07:16:08,SOLUSDT,bid,130,10921.803
2024-08-27 07:16:48,SOLUSDT,ask,162,14299.147
2024-08-27 07:16:50,SOLUSDT,bid,145,5145.553
2024-08-27 07:16:51,SOLUSDT,ask,165,14161.804
2024-08-27 07:16:59,SOLUSDT,ask,185,16560.629
2024-08-27 07:17:09,SOLUSDT,bid,145,5152.553
2024-08-27 07:18:03,SOLUSDT,ask,160,7105.707
2024-08-27 07:18:19,SOLUSDT,ask,180,22411.38
2024-08-27 07:18:22,SOLUSDT,ask,195,13247.309
2024-08-27 07:18:22,SOLUSDT,ask,169,5713.918
2024-08-27 07:18:32,SOLUSDT,ask,169,5713.848
2024-08-27 07:18:52,SOLUSDT,bid,150,6922.382
2024-08-27 07:18:57,SOLUSDT,ask,160,7104.707
2024-08-27 07:19:35,SOLUSDT,bid,142,4882.697
2024-08-27 07:19:38,SOLUSDT,bid,140,12654.78
2024-08-27 07:19:41,SOLUSDT,bid,135,10823.615
2024-08-27 07:19:55,SOLUSDT,ask,161,3239.071
2024-08-27 07:19:55,SOLUSDT,ask,160,7104.741
2024-08-27 07:20:03,SOLUSDT,bid,135,10823.486
2024-08-27 07:20:12,SOLUSDT,ask,165,14165.366
2024-08-27 07:20:14,SOLUSDT,bid,135,10824.556
2024-08-27 07:20:22,SOLUSDT,bid,150,6922.457
2024-08-27 07:20:24,SOLUSDT,ask,162,14299.417
2024-08-27 07:20:37,SOLUSDT,bid,150,6922.382
2024-08-27 07:20:49,SOLUSDT,ask,162,14289.056
2024-08-27 07:20:52,SOLUSDT,ask,161,3220.438
2024-08-27 07:21:00,SOLUSDT,ask,160,7103.572
2024-08-27 07:21:09,SOLUSDT,bid,150,6919.382
2024-08-27 07:21:13,SOLUSDT,bid,130,10920.265
2024-08-27 07:21:16,SOLUSDT,ask,185,16538.462
2024-08-27 07:21:23,SOLUSDT,ask,163,5939.881
2024-08-27 07:21:26,SOLUSDT,bid,130,10920.213
2024-08-27 07:21:58,SOLUSDT,ask,160,7112.088
2024-08-27 07:22:17,SOLUSDT,ask,165,14187.533
2024-08-27 07:22:29,SOLUSDT,bid,142,6305.498
2024-08-27 07:22:36,SOLUSDT,ask,160,7121.733
2024-08-27 07:22:37,SOLUSDT,bid,135,12321.133
2024-08-27 07:22:45,SOLUSDT,bid,150,6909.931
2024-08-27 07:22:51,SOLUSDT,ask,163,5939.951
2024-08-27 07:23:16,SOLUSDT,ask,162,14286.422
2024-08-27 07:23:19,SOLUSDT,ask,190,23075.386
2024-08-27 07:23:33,SOLUSDT,ask,400,4775.307
2024-08-27 07:23:40,SOLUSDT,ask,161,3147.404
2024-08-27 07:23:53,SOLUSDT,bid,150,6869.397
2024-08-27 07:24:31,SOLUSDT,ask,162,14361.562
2024-08-27 07:24:37,SOLUSDT,ask,163,5940.309
2024-08-27 07:25:02,SOLUSDT,ask,163,5968.222
2024-08-27 07:25:21,SOLUSDT,ask,180,22410.449
2024-08-27 07:25:36,SOLUSDT,ask,160,7113.217
2024-08-27 07:25:39,SOLUSDT,bid,120,32478.351
2024-08-27 07:25:47,SOLUSDT,ask,160,7115.246
2024-08-27 07:25:50,SOLUSDT,ask,180,22406.484
2024-08-27 07:25:51,SOLUSDT,ask,161,3152.404
2024-08-27 07:25:59,SOLUSDT,ask,162,14365.527
2024-08-27 07:26:06,SOLUSDT,bid,150,6868.731
2024-08-27 07:26:26,SOLUSDT,bid,150,6875.928
2024-08-27 07:26:26,SOLUSDT,ask,168,3002.136
2024-08-27 07:26:31,SOLUSDT,bid,125,10272.295
2024-08-27 07:26:35,SOLUSDT,bid,115,16500.967
2024-08-27 07:26:41,SOLUSDT,ask,168,3002.062
2024-08-27 07:26:42,SOLUSDT,ask,163,5967.864
2024-08-27 07:26:43,SOLUSDT,ask,169,5713.915
2024-08-27 07:26:53,SOLUSDT,ask,169,5713.848
2024-08-27 07:26:54,SOLUSDT,bid,120,32477.478
2024-08-27 07:27:01,SOLUSDT,bid,150,6875.88
2024-08-27 07:27:26,SOLUSDT,ask,160,7113.88
2024-08-27 07:27:43,SOLUSDT,ask,162,14364.741
2024-08-27 07:27:50,SOLUSDT,bid,138,4471.029
2024-08-27 07:27:51,SOLUSDT,ask,161,3147.404
2024-08-27 07:28:08,SOLUSDT,ask,162,14364.225
2024-08-27 07:28:10,SOLUSDT,bid,150,6886.88
2024-08-27 07:28:57,SOLUSDT,bid,125,10269.847
2024-08-27 07:29:31,SOLUSDT,bid,110,20122.754
2024-08-27 07:30:13,SOLUSDT,bid,140,12654.852
2024-08-27 07:30:21,SOLUSDT,ask,165,14188.095
2024-08-27 07:31:03,SOLUSDT,ask,270,2256.701
2024-08-27 07:31:07,SOLUSDT,ask,270,2256.663
2024-08-27 07:31:16,SOLUSDT,ask,300,10059.935
2024-08-27 07:31:29,SOLUSDT,ask,300,10059.897
2024-08-27 07:31:31,SOLUSDT,ask,162,14502.533
2024-08-27 07:31:34,SOLUSDT,ask,500,5724.609
2024-08-27 07:31:42,SOLUSDT,ask,500,5724.571
2024-08-27 07:31:49,SOLUSDT,ask,205,10078.554
2024-08-27 07:32:06,SOLUSDT,ask,208,2865.897
2024-08-27 07:32:08,SOLUSDT,bid,150,6906.88
2024-08-27 07:32:20,SOLUSDT,ask,163,5967.828
2024-08-27 07:32:20,SOLUSDT,ask,170,14696.513
2024-08-27 07:33:12,SOLUSDT,ask,162,14502.713
2024-08-27 07:33:22,SOLUSDT,ask,166,3189.325
2024-08-27 07:33:29,SOLUSDT,ask,162,14501.46
2024-08-27 07:33:29,SOLUSDT,bid,130,10942.69
2024-08-27 07:33:36,SOLUSDT,bid,130,10942.537
2024-08-27 07:33:38,SOLUSDT,bid,120,32477.312
2024-08-27 07:33:38,SOLUSDT,bid,110,20122.664
2024-08-27 07:33:42,SOLUSDT,ask,165,14188.063
2024-08-27 07:33:57,SOLUSDT,ask,162,14501.492
2024-08-27 07:34:04,SOLUSDT,ask,161,3151.9
2024-08-27 07:34:09,SOLUSDT,bid,135,12320.948
2024-08-27 07:34:18,SOLUSDT,bid,150,6906.747
2024-08-27 07:34:28,SOLUSDT,ask,191,4673.765
2024-08-27 07:34:49,SOLUSDT,bid,145,5142.255
2024-08-27 07:34:49,SOLUSDT,bid,150,6907.413
2024-08-27 07:35:03,SOLUSDT,ask,160,7112.454
2024-08-27 07:35:24,SOLUSDT,ask,162,14549.785
2024-08-27 07:35:53,SOLUSDT,bid,150,6896.413
2024-08-27 07:36:08,SOLUSDT,ask,162,14549.914
2024-08-27 07:36:11,SOLUSDT,ask,161,3183.006
2024-08-27 07:36:24,SOLUSDT,ask,162,14542.921
2024-08-27 07:36:24,SOLUSDT,ask,180,22406.448
2024-08-27 07:36:29,SOLUSDT,bid,111,12428.102
2024-08-27 07:36:55,SOLUSDT,ask,175,8301.536
2024-08-27 07:36:55,SOLUSDT,ask,185,16484.462
2024-08-27 07:36:57,SOLUSDT,ask,161,3183.323
2024-08-27 07:37:25,SOLUSDT,bid,150,6896.0
2024-08-27 07:37:32,SOLUSDT,ask,161,3183.791
2024-08-27 07:37:40,SOLUSDT,bid,145,5142.461
2024-08-27 07:37:47,SOLUSDT,ask,162,14532.704
2024-08-27 07:37:55,SOLUSDT,bid,145,5135.565
2024-08-27 07:37:56,SOLUSDT,ask,160,7107.457
2024-08-27 07:38:04,SOLUSDT,bid,150,6907.591
2024-08-27 07:38:10,SOLUSDT,ask,161,3179.295
2024-08-27 07:38:13,SOLUSDT,ask,162,14531.154
2024-08-27 07:38:24,SOLUSDT,ask,163,5968.024
2024-08-27 07:38:26,SOLUSDT,ask,160,7106.825
2024-08-27 07:38:40,SOLUSDT,ask,162,14536.51
2024-08-27 07:39:01,SOLUSDT,ask,161,3167.333
2024-08-27 07:39:35,SOLUSDT,ask,162,14559.133
2024-08-27 07:39:41,SOLUSDT,bid,136,7338.734
2024-08-27 07:39:42,SOLUSDT,bid,135,12320.289
2024-08-27 07:39:47,SOLUSDT,bid,143,4699.908
2024-08-27 07:40:12,SOLUSDT,ask,162,14540.408
2024-08-27 07:40:13,SOLUSDT,ask,160,7107.317
2024-08-27 07:40:30,SOLUSDT,bid,110,20114.846
2024-08-27 07:40:49,SOLUSDT,ask,160,7117.534
2024-08-27 07:40:56,SOLUSDT,bid,135,12319.549
2024-08-27 07:41:19,SOLUSDT,bid,150,6907.668
2024-08-27 07:41:22,SOLUSDT,bid,130,10942.495
2024-08-27 07:41:22,SOLUSDT,ask,165,14188.021
2024-08-27 07:41:22,SOLUSDT,ask,170,14696.471
2024-08-27 07:41:26,SOLUSDT,bid,90,9581.853
2024-08-27 07:41:27,SOLUSDT,bid,135,12334.748
2024-08-27 07:41:29,SOLUSDT,bid,150,6907.591
2024-08-27 07:41:29,SOLUSDT,ask,162,14542.952
2024-08-27 07:41:58,SOLUSDT,ask,169,5706.848
2024-08-27 07:42:12,SOLUSDT,bid,150,6954.257
2024-08-27 07:42:18,SOLUSDT,ask,190,23075.473
2024-08-27 07:42:28,SOLUSDT,ask,190,22313.936
2024-08-27 07:42:32,SOLUSDT,ask,162,14541.943
2024-08-27 07:42:35,SOLUSDT,ask,161,3174.333
2024-08-27 07:42:35,SOLUSDT,ask,180,22484.637
2024-08-27 07:42:40,SOLUSDT,ask,198,5927.854
2024-08-27 07:42:53,SOLUSDT,ask,167,7190.079
2024-08-27 07:42:53,SOLUSDT,bid,150,6953.59
2024-08-27 07:43:01,SOLUSDT,bid,133,9214.514
2024-08-27 07:43:02,SOLUSDT,ask,167,7216.106
2024-08-27 07:43:27,SOLUSDT,bid,80,12774.218
2024-08-27 07:43:35,SOLUSDT,bid,150,6952.924
2024-08-27 07:44:10,SOLUSDT,ask,170,14696.541
2024-08-27 07:44:15,SOLUSDT,ask,170,14696.471
2024-08-27 07:44:28,SOLUSDT,bid,150,6941.333
2024-08-27 07:44:30,SOLUSDT,ask,163,5961.494
2024-08-27 07:45:18,SOLUSDT,ask,160,7118.534
2024-08-27 07:45:53,SOLUSDT,bid,138,4451.029
2024-08-27 07:46:00,SOLUSDT,ask,160,7033.199
2024-08-27 07:46:02,SOLUSDT,ask,162,14545.525
2024-08-27 07:46:07,SOLUSDT,bid,80,12762.511
2024-08-27 07:46:30,SOLUSDT,bid,150,6941.413
2024-08-27 07:46:34,SOLUSDT,bid,145,5135.659
2024-08-27 07:46:35,SOLUSDT,ask,196,2880.536
2024-08-27 07:46:36,SOLUSDT,ask,196,2878.04
2024-08-27 07:46:40,SOLUSDT,bid,150,6941.333
2024-08-27 07:46:54,SOLUSDT,bid,145,5135.565
2024-08-27 07:47:00,SOLUSDT,ask,160,7118.534
2024-08-27 07:48:02,SOLUSDT,bid,115,16498.253
2024-08-27 07:48:13,SOLUSDT,ask,162,14468.989
2024-08-27 07:48:21,SOLUSDT,ask,162,14465.989
2024-08-27 07:48:21,SOLUSDT,ask,165,14190.583
2024-08-27 07:48:22,SOLUSDT,bid,150,6946.336
2024-08-27 07:48:26,SOLUSDT,bid,150,6946.411
2024-08-27 07:48:28,SOLUSDT,bid,120,32475.084
2024-08-27 07:48:31,SOLUSDT,bid,150,6946.336
2024-08-27 07:48:35,SOLUSDT,ask,168,8234.203
2024-08-27 07:48:38,SOLUSDT,bid,150,6941.333
2024-08-27 07:48:54,SOLUSDT,bid,115,16499.61
2024-08-27 07:48:58,SOLUSDT,ask,160,7155.098
2024-08-27 07:49:14,SOLUSDT,bid,142,6320.498
2024-08-27 07:49:15,SOLUSDT,bid,152,4178.289
2024-08-27 07:49:24,SOLUSDT,ask,162,14471.376
2024-08-27 07:49:46,SOLUSDT,ask,170,14699.907
2024-08-27 07:49:46,SOLUSDT,ask,163,5958.494
2024-08-27 07:49:58,SOLUSDT,ask,170,14699.983
2024-08-27 07:50:04,SOLUSDT,ask,170,14699.907
2024-08-27 07:50:22,SOLUSDT,ask,162,14474.376
2024-08-27 07:51:04,SOLUSDT,bid,150,6945.333
2024-08-27 07:51:09,SOLUSDT,bid,150,6945.333
2024-08-27 07:51:13,SOLUSDT,ask,170,14699.972
2024-08-27 07:51:23,SOLUSDT,ask,170,14699.907
2024-08-27 07:51:37,SOLUSDT,ask,168,8229.207
2024-08-27 07:51:42,SOLUSDT,ask,162,14474.575
2024-08-27 07:52:21,SOLUSDT,bid,150,6945.999
2024-08-27 07:52:55,SOLUSDT,ask,162,14459.589
2024-08-27 07:53:01,SOLUSDT,bid,152,4148.289
2024-08-27 07:53:01,SOLUSDT,bid,150,6975.999
2024-08-27 07:53:16,SOLUSDT,ask,170,14697.56
2024-08-27 07:53:32,SOLUSDT,ask,167,7218.453
2024-08-27 07:53:33,SOLUSDT,bid,120,32469.12
2024-08-27 07:53:39,SOLUSDT,ask,210,24420.944
2024-08-27 07:53:42,SOLUSDT,ask,160,7153.069
2024-08-27 07:53:48,SOLUSDT,ask,161,3167.333
2024-08-27 07:53:48,SOLUSDT,bid,110,20289.552
2024-08-27 07:53:52,SOLUSDT,bid,125,10269.847
2024-08-27 07:53:52,SOLUSDT,ask,210,24421.944
2024-08-27 07:54:12,SOLUSDT,bid,125,10269.847
2024-08-27 07:54:25,SOLUSDT,ask,210,24420.944
2024-08-27 07:54:32,SOLUSDT,bid,125,10269.847
2024-08-27 07:54:33,SOLUSDT,ask,165,14190.442
2024-08-27 07:54:51,SOLUSDT,ask,168,3002.134
2024-08-27 07:55:01,SOLUSDT,ask,168,3002.062
2024-08-27 07:55:05,SOLUSDT,ask,163,5958.414
2024-08-27 07:55:10,SOLUSDT,ask,160,7153.538
2024-08-27 07:55:13,SOLUSDT,ask,163,5958.494
2024-08-27 07:55:32,SOLUSDT,bid,140,12654.218
2024-08-27 07:55:57,SOLUSDT,ask,162,14457.727
2024-08-27 07:55:58,SOLUSDT,bid,125,10269.847
2024-08-27 07:56:18,SOLUSDT,bid,125,10269.847
2024-08-27 07:56:38,SOLUSDT,bid,125,10269.847
2024-08-27 07:56:41,SOLUSDT,bid,140,12659.206
2024-08-27 07:56:45,SOLUSDT,bid,150,6976.725
2024-08-27 07:56:59,SOLUSDT,bid,145,5135.497
2024-08-27 07:57:04,SOLUSDT,bid,145,5135.153
2024-08-27 07:57:07,SOLUSDT,bid,140,12659.135
2024-08-27 07:57:09,SOLUSDT,ask,169,5706.923
2024-08-27 07:57:15,SOLUSDT,bid,135,12334.674
2024-08-27 07:57:18,SOLUSDT,ask,169,5706.848
2024-08-27 07:57:24,SOLUSDT,bid,135,12334.748
2024-08-27 07:57:30,SOLUSDT,bid,140,12659.206
2024-08-27 07:57:30,SOLUSDT,ask,162,14457.696
2024-08-27 07:57:38,SOLUSDT,bid,145,5135.221
2024-08-27 07:57:50,SOLUSDT,ask,160,7081.894
2024-08-27 07:57:59,SOLUSDT,ask,192,3278.116
2024-08-27 07:58:02,SOLUSDT,bid,125,10269.847
2024-08-27 07:58:09,SOLUSDT,ask,169,5711.844
2024-08-27 07:58:16,SOLUSDT,ask,300,10018.91
2024-08-27 07:58:22,SOLUSDT,bid,125,10269.847
2024-08-27 07:58:28,SOLUSDT,bid,145,5135.312
2024-08-27 07:58:41,SOLUSDT,bid,150,6976.807
2024-08-27 07:58:42,SOLUSDT,bid,125,10269.847
2024-08-27 07:58:47,SOLUSDT,bid,145,5135.221
2024-08-27 07:58:51,SOLUSDT,bid,150,6976.725
2024-08-27 07:58:58,SOLUSDT,bid,140,12629.206
2024-08-27 07:59:08,SOLUSDT,ask,166,3189.263
2024-08-27 07:59:14,SOLUSDT,ask,166,3189.325
2024-08-27 07:59:31,SOLUSDT,bid,150,6975.642
2024-08-27 07:59:51,SOLUSDT,bid,150,6975.964
2024-08-27 08:00:02,SOLUSDT,ask,210,24365.968
2024-08-27 08:00:08,SOLUSDT,ask,181,3037.083
2024-08-27 08:00:23,SOLUSDT,ask,175,8224.195
2024-08-27 08:00:28,SOLUSDT,bid,150,6975.898
2024-08-27 08:00:36,SOLUSDT,bid,150,6975.964
2024-08-27 08:00:40,SOLUSDT,ask,170,14698.615
2024-08-27 08:00:40,SOLUSDT,ask,181,3037.14
2024-08-27 08:00:42,SOLUSDT,ask,193,5517.008
2024-08-27 08:00:46,SOLUSDT,ask,162,14454.113
2024-08-27 08:01:17,SOLUSDT,bid,150,6981.275
2024-08-27 08:01:18,SOLUSDT,ask,161,3178.88
2024-08-27 08:01:21,SOLUSDT,ask,204,2536.669
2024-08-27 08:01:22,SOLUSDT,ask,300,9984.916
2024-08-27 08:01:25,SOLUSDT,ask,160,7081.927
2024-08-27 08:01:43,SOLUSDT,bid,130,10941.404
2024-08-27 08:02:00,SOLUSDT,bid,150,6993.123
2024-08-27 08:02:29,SOLUSDT,bid,150,6996.456
2024-08-27 08:02:43,SOLUSDT,bid,138,4451.732
2024-08-27 08:02:45,SOLUSDT,ask,161,3183.88
2024-08-27 08:02:53,SOLUSDT,ask,161,3178.88
2024-08-27 08:03:04,SOLUSDT,bid,125,10269.967
2024-08-27 08:03:55,SOLUSDT,ask,162,14460.096
2024-08-27 08:04:02,SOLUSDT,ask,160,7082.552
2024-08-27 08:04:07,SOLUSDT,ask,160,7082.086
2024-08-27 08:04:07,SOLUSDT,ask,161,3178.431
2024-08-27 08:04:13,SOLUSDT,bid,112,6474.169
2024-08-27 08:04:22,SOLUSDT,bid,105,8299.162
2024-08-27 08:04:35,SOLUSDT,bid,150,6993.123
2024-08-27 08:04:43,SOLUSDT,ask,160,7081.087
2024-08-27 08:04:50,SOLUSDT,ask,160,7074.987
2024-08-27 08:04:51,SOLUSDT,ask,160,7365.185
2024-08-27 08:04:54,SOLUSDT,ask,160,7074.987
2024-08-27 08:04:55,SOLUSDT,bid,120,32470.12
2024-08-27 08:05:03,SOLUSDT,ask,161,3179.43
2024-08-27 08:05:07,SOLUSDT,ask,160,7365.185
2024-08-27 08:05:08,SOLUSDT,ask,198,5926.264
2024-08-27 08:05:10,SOLUSDT,ask,170,14698.74
2024-08-27 08:05:16,SOLUSDT,ask,169,5711.913
2024-08-27 08:05:29,SOLUSDT,ask,162,14457.3
2024-08-27 08:05:31,SOLUSDT,ask,169,5711.844
2024-08-27 08:05:45,SOLUSDT,ask,200,45161.965
2024-08-27 08:05:47,SOLUSDT,ask,160,7364.186
2024-08-27 08:05:48,SOLUSDT,ask,160,7073.988
2024-08-27 08:05:50,SOLUSDT,ask,160,7075.25
2024-08-27 08:05:57,SOLUSDT,ask,165,14196.042
2024-08-27 08:06:03,SOLUSDT,bid,140,12659.909
2024-08-27 08:06:04,SOLUSDT,ask,160,7075.128
2024-08-27 08:06:04,SOLUSDT,ask,162,14459.244
2024-08-27 08:06:04,SOLUSDT,ask,163,5956.55
2024-08-27 08:06:11,SOLUSDT,ask,160,7186.128
2024-08-27 08:06:15,SOLUSDT,ask,160,7185.129
2024-08-27 08:06:17,SOLUSDT,ask,170,14688.201
2024-08-27 08:06:19,SOLUSDT,ask,163,5957.784
2024-08-27 08:06:32,SOLUSDT,ask,161,3178.431
2024-08-27 08:06:38,SOLUSDT,bid,118,4465.315
2024-08-27 08:06:41,SOLUSDT,ask,300,10013.91
2024-08-27 08:06:43,SOLUSDT,bid,145,5135.151
2024-08-27 08:07:22,SOLUSDT,bid,141,3607.399
2024-08-27 08:07:26,SOLUSDT,ask,175,8224.273
2024-08-27 08:07:31,SOLUSDT,ask,160,7183.867
2024-08-27 08:07:31,SOLUSDT,bid,95,8457.407
2024-08-27 08:07:32,SOLUSDT,ask,160,3729.381
2024-08-27 08:07:37,SOLUSDT,ask,175,8224.353
2024-08-27 08:07:40,SOLUSDT,ask,160,7474.008
2024-08-27 08:07:40,SOLUSDT,ask,175,8224.275
2024-08-27 08:07:49,SOLUSDT,ask,160,7473.787
2024-08-27 08:07:57,SOLUSDT,ask,175,8224.195
2024-08-27 08:08:26,SOLUSDT,ask,160,7513.996
2024-08-27 08:08:36,SOLUSDT,ask,161,3174.302
2024-08-27 08:08:46,SOLUSDT,bid,95,8457.407
2024-08-27 08:08:50,SOLUSDT,ask,163,5952.658
2024-08-27 08:08:50,SOLUSDT,ask,165,14190.916
2024-08-27 08:08:54,SOLUSDT,ask,160,7223.855
2024-08-27 08:09:00,SOLUSDT,ask,160,7224.224
2024-08-27 08:09:01,SOLUSDT,ask,161,3172.102
2024-08-27 08:09:04,SOLUSDT,ask,160,7221.458
2024-08-27 08:09:05,SOLUSDT,ask,161,3157.998
2024-08-27 08:09:13,SOLUSDT,ask,175,8224.285
2024-08-27 08:09:18,SOLUSDT,ask,161,3157.077
2024-08-27 08:09:32,SOLUSDT,ask,163,5967.846
2024-08-27 08:09:35,SOLUSDT,ask,175,8224.195
2024-08-27 08:09:45,SOLUSDT,ask,163,5967.281
2024-08-27 08:09:47,SOLUSDT,bid,142,6321.089
2024-08-27 08:09:47,SOLUSDT,bid,150,6993.208
2024-08-27 08:09:52,SOLUSDT,ask,175,8263.933
2024-08-27 08:09:52,SOLUSDT,bid,150,6993.123
2024-08-27 08:09:57,SOLUSDT,bid,150,6992.457
2024-08-27 08:09:59,SOLUSDT,ask,160,7221.705
2024-08-27 08:10:00,SOLUSDT,bid,145,5113.771
2024-08-27 08:10:05,SOLUSDT,ask,180,22514.441
2024-08-27 08:10:10,SOLUSDT,ask,162,14461.51
2024-08-27 08:10:12,SOLUSDT,bid,130,10931.404
2024-08-27 08:10:13,SOLUSDT,bid,100,23799.726
2024-08-27 08:10:16,SOLUSDT,ask,185,16507.709
2024-08-27 08:10:20,SOLUSDT,bid,145,5135.5
2024-08-27 08:10:28,SOLUSDT,ask,161,3157.206
2024-08-27 08:10:28,SOLUSDT,ask,162,14461.381
2024-08-27 08:10:29,SOLUSDT,ask,188,13333.002
2024-08-27 08:10:36,SOLUSDT,ask,160,7222.967
2024-08-27 08:10:36,SOLUSDT,ask,193,5533.218
2024-08-27 08:10:37,SOLUSDT,ask,162,14463.581
2024-08-27 08:10:40,SOLUSDT,ask,165,14190.083
2024-08-27 08:10:45,SOLUSDT,ask,162,14458.626
2024-08-27 08:10:45,SOLUSDT,ask,196,2887.373
2024-08-27 08:10:49,SOLUSDT,ask,160,7212.75
2024-08-27 08:10:50,SOLUSDT,ask,161,3144.162
2024-08-27 08:10:51,SOLUSDT,ask,161,3140.911
2024-08-27 08:10:52,SOLUSDT,ask,170,14689.034
2024-08-27 08:10:54,SOLUSDT,ask,160,7217.705
2024-08-27 08:10:55,SOLUSDT,ask,172,2957.201
2024-08-27 08:10:55,SOLUSDT,bid,152,4154.74
2024-08-27 08:11:07,SOLUSDT,ask,161,3140.782
2024-08-27 08:11:43,SOLUSDT,bid,138,4451.91
2024-08-27 08:12:05,SOLUSDT,ask,188,13334.5
2024-08-27 08:12:10,SOLUSDT,bid,110,20278.732
2024-08-27 08:12:21,SOLUSDT,ask,180,22520.93
2024-08-27 08:12:27,SOLUSDT,bid,138,4460.535
2024-08-27 08:12:52,SOLUSDT,ask,185,16504.426
2024-08-27 08:12:58,SOLUSDT,ask,160,7216.443
2024-08-27 08:12:58,SOLUSDT,bid,125,10269.903
2024-08-27 08:13:05,SOLUSDT,ask,172,2960.484
2024-08-27 08:13:07,SOLUSDT,ask,167,7218.397
2024-08-27 08:13:08,SOLUSDT,ask,160,7221.186
2024-08-27 08:13:13,SOLUSDT,ask,160,7221.306
2024-08-27 08:13:15,SOLUSDT,ask,161,3109.676
2024-08-27 08:13:33,SOLUSDT,ask,190,22314.711
2024-08-27 08:13:43,SOLUSDT,bid,143,4700.009
2024-08-27 08:13:49,SOLUSDT,bid,152,4304.977
2024-08-27 08:13:58,SOLUSDT,ask,160,7221.362
2024-08-27 08:13:59,SOLUSDT,ask,160,7221.242
2024-08-27 08:14:03,SOLUSDT,bid,143,4699.908
2024-08-27 08:14:07,SOLUSDT,ask,162,14466.83
2024-08-27 08:14:09,SOLUSDT,ask,160,7221.392
2024-08-27 08:14:16,SOLUSDT,ask,175,8264.017
2024-08-27 08:14:18,SOLUSDT,ask,160,7222.654
2024-08-27 08:14:22,SOLUSDT,ask,160,6168.506
2024-08-27 08:14:30,SOLUSDT,ask,175,8263.933
2024-08-27 08:14:31,SOLUSDT,ask,168,8222.074
2024-08-27 08:15:07,SOLUSDT,ask,162,15520.978
2024-08-27 08:15:50,SOLUSDT,bid,120,32482.734
2024-08-27 08:15:59,SOLUSDT,bid,130,10933.198
2024-08-27 08:16:02,SOLUSDT,bid,145,5135.0
2024-08-27 08:16:07,SOLUSDT,ask,185,16509.926
2024-08-27 08:16:19,SOLUSDT,bid,130,10918.902
2024-08-27 08:16:19,SOLUSDT,bid,125,10253.283
2024-08-27 08:16:19,SOLUSDT,bid,120,32436.255
2024-08-27 08:16:19,SOLUSDT,bid,115,16469.211
2024-08-27 08:16:19,SOLUSDT,bid,110,20259.809
2024-08-27 08:16:19,SOLUSDT,bid,105,8279.4
2024-08-27 08:16:20,SOLUSDT,ask,160,6167.582
2024-08-27 08:16:22,SOLUSDT,bid,135,12335.285
2024-08-27 08:16:26,SOLUSDT,ask,160,6166.32
2024-08-27 08:16:29,SOLUSDT,ask,161,3114.656
2024-08-27 08:16:36,SOLUSDT,bid,110,20258.559
2024-08-27 08:16:40,SOLUSDT,ask,160,6437.458
2024-08-27 08:16:46,SOLUSDT,bid,120,32437.4
2024-08-27 08:16:59,SOLUSDT,ask,160,6166.32
2024-08-27 08:17:15,SOLUSDT,ask,160,6460.605
2024-08-27 08:17:28,SOLUSDT,bid,152,4298.647
2024-08-27 08:17:49,SOLUSDT,ask,175,8264.012
2024-08-27 08:18:00,SOLUSDT,bid,145,5134.856
2024-08-27 08:18:01,SOLUSDT,ask,165,14190.441
2024-08-27 08:18:06,SOLUSDT,bid,120,32438.246
2024-08-27 08:18:07,SOLUSDT,ask,160,6166.32
2024-08-27 08:18:09,SOLUSDT,ask,175,8263.933
2024-08-27 08:18:17,SOLUSDT,bid,150,6990.457
2024-08-27 08:18:28,SOLUSDT,bid,130,10917.364
2024-08-27 08:18:37,SOLUSDT,ask,160,6166.572
2024-08-27 08:18:39,SOLUSDT,ask,190,22313.936
2024-08-27 08:18:41,SOLUSDT,ask,160,6167.045
2024-08-27 08:18:45,SOLUSDT,ask,162,15520.946
2024-08-27 08:18:46,SOLUSDT,bid,150,6937.857
2024-08-27 08:19:02,SOLUSDT,ask,160,6463.874
2024-08-27 08:19:13,SOLUSDT,bid,120,32437.413
2024-08-27 08:19:13,SOLUSDT,bid,100,23798.726
2024-08-27 08:19:13,SOLUSDT,bid,90,9581.551
2024-08-27 08:19:21,SOLUSDT,ask,162,15493.946
2024-08-27 08:19:40,SOLUSDT,bid,120,32437.244
2024-08-27 08:19:43,SOLUSDT,bid,95,8457.407
2024-08-27 08:19:44,SOLUSDT,ask,162,15448.91
2024-08-27 08:19:44,SOLUSDT,ask,300,10013.67
2024-08-27 08:19:46,SOLUSDT,bid,111,12453.743
2024-08-27 08:19:47,SOLUSDT,ask,240,5781.508
2024-08-27 08:20:04,SOLUSDT,ask,162,15448.949
2024-08-27 08:20:05,SOLUSDT,ask,160,6495.366
2024-08-27 08:20:23,SOLUSDT,bid,95,8457.407
2024-08-27 08:20:36,SOLUSDT,bid,145,5135.856
2024-08-27 08:20:51,SOLUSDT,ask,160,6493.381
2024-08-27 08:21:00,SOLUSDT,bid,140,12629.206
2024-08-27 08:21:02,SOLUSDT,ask,163,5958.307
2024-08-27 08:22:06,SOLUSDT,ask,160,6493.443
2024-08-27 08:22:22,SOLUSDT,ask,160,6493.381
2024-08-27 08:22:26,SOLUSDT,ask,160,3781.493
2024-08-27 08:22:26,SOLUSDT,ask,160,6731.621
2024-08-27 08:22:30,SOLUSDT,bid,150,6938.323
2024-08-27 08:22:30,SOLUSDT,ask,160,6493.381
2024-08-27 08:22:31,SOLUSDT,ask,162,15442.966
2024-08-27 08:22:50,SOLUSDT,ask,160,3784.009
2024-08-27 08:22:50,SOLUSDT,bid,120,32428.911
2024-08-27 08:22:56,SOLUSDT,bid,145,5135.959
2024-08-27 08:23:04,SOLUSDT,ask,160,6493.712
2024-08-27 08:23:15,SOLUSDT,bid,141,3607.469
2024-08-27 08:23:15,SOLUSDT,bid,145,5135.856
2024-08-27 08:23:24,SOLUSDT,ask,160,6493.381
2024-08-27 08:23:26,SOLUSDT,bid,150,6938.406
2024-08-27 08:23:30,SOLUSDT,bid,110,20258.401
2024-08-27 08:23:36,SOLUSDT,bid,150,6938.323
2024-08-27 08:23:37,SOLUSDT,ask,168,8224.074
2024-08-27 08:23:38,SOLUSDT,ask,160,6488.426
2024-08-27 08:23:49,SOLUSDT,ask,183,2949.573
2024-08-27 08:23:49,SOLUSDT,ask,162,15447.921
2024-08-27 08:23:58,SOLUSDT,ask,180,22516.57
2024-08-27 08:24:00,SOLUSDT,bid,150,6937.857
2024-08-27 08:24:02,SOLUSDT,ask,160,3784.34
2024-08-27 08:24:05,SOLUSDT,ask,160,6489.425
2024-08-27 08:24:13,SOLUSDT,ask,160,6490.424
2024-08-27 08:24:13,SOLUSDT,ask,162,15452.509
2024-08-27 08:24:17,SOLUSDT,ask,170,14690.094
2024-08-27 08:24:18,SOLUSDT,bid,152,4307.185
2024-08-27 08:24:24,SOLUSDT,ask,160,6491.423
2024-08-27 08:24:26,SOLUSDT,bid,142,6318.977
2024-08-27 08:24:28,SOLUSDT,bid,150,6938.383
2024-08-27 08:25:07,SOLUSDT,bid,130,10918.859
2024-08-27 08:25:07,SOLUSDT,ask,160,6488.258
2024-08-27 08:25:11,SOLUSDT,bid,143,4699.986
2024-08-27 08:25:13,SOLUSDT,bid,143,4700.064
2024-08-27 08:25:14,SOLUSDT,bid,143,4700.142
2024-08-27 08:25:21,SOLUSDT,bid,120,32448.911
2024-08-27 08:25:30,SOLUSDT,ask,160,6487.258
2024-08-27 08:25:31,SOLUSDT,ask,162,15440.472
2024-08-27 08:25:32,SOLUSDT,ask,160,3785.535
2024-08-27 08:25:47,SOLUSDT,ask,180,22517.563
2024-08-27 08:25:48,SOLUSDT,bid,100,23778.726
2024-08-27 08:25:55,SOLUSDT,ask,160,3790.006
2024-08-27 08:25:58,SOLUSDT,bid,130,10920.397
2024-08-27 08:26:02,SOLUSDT,ask,160,3788.811
2024-08-27 08:26:12,SOLUSDT,ask,160,6236.719
2024-08-27 08:26:12,SOLUSDT,ask,172,2960.556
2024-08-27 08:26:21,SOLUSDT,bid,150,6929.922
2024-08-27 08:26:22,SOLUSDT,ask,172,2960.484
2024-08-27 08:26:36,SOLUSDT,ask,162,15440.412
2024-08-27 08:26:42,SOLUSDT,ask,160,3784.34
2024-08-27 08:26:47,SOLUSDT,bid,150,6929.396
2024-08-27 08:26:59,SOLUSDT,ask,162,15429.322
2024-08-27 08:27:04,SOLUSDT,ask,160,6235.881
2024-08-27 08:27:09,SOLUSDT,ask,161,3112.124
2024-08-27 08:27:13,SOLUSDT,ask,160,6246.818
2024-08-27 08:27:15,SOLUSDT,bid,125,10236.398
2024-08-27 08:27:43,SOLUSDT,ask,162,15419.776
2024-08-27 08:27:48,SOLUSDT,ask,162,15430.866
2024-08-27 08:27:50,SOLUSDT,ask,255,2619.957
2024-08-27 08:28:16,SOLUSDT,bid,143,4700.22
2024-08-27 08:28:16,SOLUSDT,bid,143,4700.298
2024-08-27 08:28:52,SOLUSDT,bid,135,12335.163
2024-08-27 08:28:53,SOLUSDT,bid,111,12453.617
2024-08-27 08:28:54,SOLUSDT,bid,101,6195.068
2024-08-27 08:28:56,SOLUSDT,ask,160,6246.241
2024-08-27 08:29:01,SOLUSDT,bid,142,6245.707
2024-08-27 08:29:20,SOLUSDT,ask,180,22516.563
2024-08-27 08:29:20,SOLUSDT,bid,121,4660.678
2024-08-27 08:29:28,SOLUSDT,ask,160,6245.616
2024-08-27 08:29:39,SOLUSDT,bid,150,6928.731
2024-08-27 08:29:41,SOLUSDT,bid,140,12625.085
2024-08-27 08:29:49,SOLUSDT,ask,160,6266.127
2024-08-27 08:30:08,SOLUSDT,ask,165,14186.441
2024-08-27 08:30:28,SOLUSDT,ask,160,6245.616
2024-08-27 08:30:28,SOLUSDT,bid,150,6928.811
2024-08-27 08:30:39,SOLUSDT,bid,143,4705.298
2024-08-27 08:30:42,SOLUSDT,ask,163,5960.307
2024-08-27 08:30:44,SOLUSDT,bid,150,6928.731
2024-08-27 08:30:59,SOLUSDT,ask,162,15530.866
2024-08-27 08:31:03,SOLUSDT,bid,120,32428.911
2024-08-27 08:31:08,SOLUSDT,ask,160,6243.423
2024-08-27 08:31:15,SOLUSDT,bid,150,6928.813
2024-08-27 08:31:22,SOLUSDT,ask,162,15519.776
2024-08-27 08:31:28,SOLUSDT,ask,162,15518.776
2024-08-27 08:31:30,SOLUSDT,bid,150,6928.731
2024-08-27 08:31:31,SOLUSDT,ask,160,6481.663
2024-08-27 08:31:34,SOLUSDT,ask,160,6481.31
2024-08-27 08:31:46,SOLUSDT,ask,167,7218.299
2024-08-27 08:31:49,SOLUSDT,bid,150,6928.767
2024-08-27 08:31:52,SOLUSDT,ask,160,6243.07
2024-08-27 08:31:54,SOLUSDT,ask,162,15512.988
2024-08-27 08:31:58,SOLUSDT,bid,135,12334.382
2024-08-27 08:32:04,SOLUSDT,bid,130,10918.859
2024-08-27 08:32:11,SOLUSDT,bid,150,6926.767
2024-08-27 08:32:18,SOLUSDT,ask,169,5711.276
2024-08-27 08:32:21,SOLUSDT,ask,163,5963.374
2024-08-27 08:32:36,SOLUSDT,ask,163,5960.873
2024-08-27 08:32:48,SOLUSDT,ask,160,6244.217
2024-08-27 08:32:57,SOLUSDT,ask,192,3277.116
2024-08-27 08:33:00,SOLUSDT,ask,160,3713.272
2024-08-27 08:33:00,SOLUSDT,bid,130,10917.321
2024-08-27 08:33:00,SOLUSDT,ask,160,3744.917
2024-08-27 08:33:03,SOLUSDT,bid,130,10915.783
2024-08-27 08:33:06,SOLUSDT,ask,160,3662.324
2024-08-27 08:33:28,SOLUSDT,ask,161,3133.465
2024-08-27 08:33:39,SOLUSDT,bid,150,6916.397
2024-08-27 08:33:39,SOLUSDT,bid,150,6918.397
2024-08-27 08:33:48,SOLUSDT,ask,165,14190.441
2024-08-27 08:34:13,SOLUSDT,bid,138,4457.535
2024-08-27 08:34:21,SOLUSDT,ask,160,6264.217
2024-08-27 08:34:43,SOLUSDT,ask,165,14198.441
2024-08-27 08:34:48,SOLUSDT,bid,135,12334.882
2024-08-27 08:34:59,SOLUSDT,ask,175,8264.013
2024-08-27 08:35:09,SOLUSDT,ask,162,15493.706
2024-08-27 08:35:11,SOLUSDT,bid,143,4705.22
2024-08-27 08:35:13,SOLUSDT,bid,143,4705.142
2024-08-27 08:35:14,SOLUSDT,bid,143,4705.064
2024-08-27 08:35:22,SOLUSDT,ask,161,3233.465
2024-08-27 08:35:22,SOLUSDT,ask,162,15393.706
2024-08-27 08:35:27,SOLUSDT,ask,163,5958.561
2024-08-27 08:35:33,SOLUSDT,ask,160,3900.564
2024-08-27 08:35:35,SOLUSDT,ask,162,15390.728
2024-08-27 08:35:44,SOLUSDT,bid,145,5085.856
2024-08-27 08:35:44,SOLUSDT,bid,140,12575.085
2024-08-27 08:35:44,SOLUSDT,bid,135,12284.882
2024-08-27 08:35:44,SOLUSDT,bid,130,10865.783
2024-08-27 08:35:44,SOLUSDT,bid,125,10186.398
2024-08-27 08:35:44,SOLUSDT,bid,120,32378.911
2024-08-27 08:35:46,SOLUSDT,ask,180,22515.914
2024-08-27 08:35:54,SOLUSDT,ask,160,3662.324
2024-08-27 08:35:55,SOLUSDT,bid,130,10851.414
2024-08-27 08:35:55,SOLUSDT,ask,170,14685.228
2024-08-27 08:35:55,SOLUSDT,ask,180,22509.835
2024-08-27 08:35:55,SOLUSDT,ask,190,22310.963
2024-08-27 08:36:15,SOLUSDT,ask,160,6283.499
2024-08-27 08:36:18,SOLUSDT,ask,170,14696.103
2024-08-27 08:36:25,SOLUSDT,bid,150,6918.431
2024-08-27 08:36:26,SOLUSDT,ask,190,22322.25
2024-08-27 08:36:29,SOLUSDT,ask,165,14201.067
2024-08-27 08:36:34,SOLUSDT,ask,162,15390.77
2024-08-27 08:36:39,SOLUSDT,bid,130,10872.185
2024-08-27 08:37:04,SOLUSDT,ask,160,6420.494
2024-08-27 08:37:10,SOLUSDT,ask,160,6283.499
2024-08-27 08:37:37,SOLUSDT,bid,145,5069.89
2024-08-27 08:37:39,SOLUSDT,bid,142,6195.707
2024-08-27 08:38:15,SOLUSDT,bid,140,12574.977
2024-08-27 08:38:16,SOLUSDT,bid,143,4704.986
2024-08-27 08:38:16,SOLUSDT,bid,143,4704.908
2024-08-27 08:38:26,SOLUSDT,bid,150,6918.531
2024-08-27 08:38:26,SOLUSDT,ask,161,3235.465
2024-08-27 08:39:01,SOLUSDT,bid,130,10868.339
2024-08-27 08:39:16,SOLUSDT,ask,160,6292.599
2024-08-27 08:39:20,SOLUSDT,ask,161,3236.336
2024-08-27 08:39:23,SOLUSDT,ask,163,5949.027
2024-08-27 08:39:39,SOLUSDT,ask,181,3241.207
2024-08-27 08:39:43,SOLUSDT,ask,163,5948.594
2024-08-27 08:39:46,SOLUSDT,ask,160,6291.599
2024-08-27 08:39:49,SOLUSDT,ask,185,16306.672
2024-08-27 08:40:13,SOLUSDT,ask,163,5949.027
2024-08-27 08:40:14,SOLUSDT,bid,150,6921.497
2024-08-27 08:40:44,SOLUSDT,ask,163,5948.028
2024-08-27 08:40:46,SOLUSDT,bid,115,16467.854
2024-08-27 08:40:48,SOLUSDT,ask,170,14696.177
2024-08-27 08:40:50,SOLUSDT,bid,95,8457.407
2024-08-27 08:40:58,SOLUSDT,ask,170,14696.103
2024-08-27 08:41:06,SOLUSDT,ask,162,15391.77
2024-08-27 08:41:09,SOLUSDT,ask,161,3236.388
2024-08-27 08:41:11,SOLUSDT,ask,191,4877.019
2024-08-27 08:41:11,SOLUSDT,ask,175,8259.013
2024-08-27 08:41:11,SOLUSDT,ask,200,45097.148
2024-08-27 08:41:11,SOLUSDT,ask,300,10078.487
2024-08-27 08:41:14,SOLUSDT,ask,162,15390.77
2024-08-27 08:41:14,SOLUSDT,bid,150,6888.164
2024-08-27 08:41:17,SOLUSDT,ask,190,22321.703
2024-08-27 08:41:23,SOLUSDT,ask,180,22503.967
2024-08-27 08:41:35,SOLUSDT,ask,160,5994.77
2024-08-27 08:41:36,SOLUSDT,ask,160,5995.683
2024-08-27 08:41:37,SOLUSDT,bid,152,4295.006
2024-08-27 08:41:37,SOLUSDT,bid,150,6888.084
2024-08-27 08:41:37,SOLUSDT,ask,162,15410.76
2024-08-27 08:42:16,SOLUSDT,bid,140,12584.977
2024-08-27 08:42:30,SOLUSDT,ask,182,6832.718
2024-08-27 08:42:44,SOLUSDT,bid,140,12604.977
2024-08-27 08:42:57,SOLUSDT,bid,135,12306.882
2024-08-27 08:42:58,SOLUSDT,bid,112,6484.169
2024-08-27 08:43:00,SOLUSDT,ask,160,3669.57
2024-08-27 08:43:03,SOLUSDT,ask,162,15411.462
2024-08-27 08:43:30,SOLUSDT,bid,152,4285.006
2024-08-27 08:43:55,SOLUSDT,ask,180,22507.742
2024-08-27 08:44:16,SOLUSDT,ask,161,3239.388
2024-08-27 08:44:16,SOLUSDT,bid,150,6890.084
2024-08-27 08:44:19,SOLUSDT,ask,195,13242.964
2024-08-27 08:44:19,SOLUSDT,bid,80,12760.511
2024-08-27 08:44:29,SOLUSDT,ask,168,8224.573
2024-08-27 08:44:47,SOLUSDT,bid,120,32379.327
2024-08-27 08:44:50,SOLUSDT,ask,160,5996.682
2024-08-27 08:44:53,SOLUSDT,ask,193,5521.218
2024-08-27 08:44:53,SOLUSDT,ask,250,18160.218
2024-08-27 08:45:20,SOLUSDT,bid,136,7337.264
2024-08-27 08:45:43,SOLUSDT,ask,160,5996.19
2024-08-27 08:45:55,SOLUSDT,bid,130,10867.933
2024-08-27 08:46:01,SOLUSDT,bid,150,6886.999
2024-08-27 08:46:12,SOLUSDT,ask,160,5965.326
2024-08-27 08:46:23,SOLUSDT,ask,160,5965.946
2024-08-27 08:46:40,SOLUSDT,ask,160,5966.946
2024-08-27 08:46:41,SOLUSDT,ask,168,8227.276
2024-08-27 08:46:42,SOLUSDT,ask,162,15422.193
2024-08-27 08:47:23,SOLUSDT,ask,175,8259.103
2024-08-27 08:47:46,SOLUSDT,ask,175,8259.013
2024-08-27 08:47:50,SOLUSDT,ask,196,2889.873
2024-08-27 08:47:53,SOLUSDT,bid,95,8454.25
2024-08-27 08:47:55,SOLUSDT,ask,196,2887.373
2024-08-27 08:47:56,SOLUSDT,ask,160,5966.326
2024-08-27 08:48:08,SOLUSDT,bid,150,6897.369
2024-08-27 08:48:10,SOLUSDT,ask,160,5965.327
2024-08-27 08:48:24,SOLUSDT,bid,150,6897.569
2024-08-27 08:48:32,SOLUSDT,ask,185,16305.672
2024-08-27 08:48:49,SOLUSDT,ask,160,5965.155
2024-08-27 08:48:50,SOLUSDT,ask,185,16307.196
2024-08-27 08:49:16,SOLUSDT,ask,185,16307.368
2024-08-27 08:49:30,SOLUSDT,bid,115,16450.463
2024-08-27 08:49:31,SOLUSDT,ask,175,7684.646
2024-08-27 08:49:48,SOLUSDT,ask,160,5965.904
2024-08-27 08:50:01,SOLUSDT,bid,150,6894.969
2024-08-27 08:50:09,SOLUSDT,ask,163,5947.995
2024-08-27 08:50:18,SOLUSDT,bid,143,4699.908
2024-08-27 08:50:23,SOLUSDT,ask,170,14690.844
2024-08-27 08:50:23,SOLUSDT,ask,175,7677.163
2024-08-27 08:50:23,SOLUSDT,ask,162,15421.994
2024-08-27 08:50:36,SOLUSDT,bid,150,6894.869
2024-08-27 08:50:53,SOLUSDT,ask,160,4071.502
2024-08-27 08:51:02,SOLUSDT,ask,160,4072.754
2024-08-27 08:51:25,SOLUSDT,bid,150,6884.499
2024-08-27 08:51:49,SOLUSDT,ask,162,15415.716
2024-08-27 08:51:55,SOLUSDT,bid,100,23777.726
2024-08-27 08:52:01,SOLUSDT,ask,210,24290.317
2024-08-27 08:52:07,SOLUSDT,bid,145,5080.618
2024-08-27 08:52:11,SOLUSDT,ask,163,5954.273
2024-08-27 08:52:37,SOLUSDT,bid,112,6474.169
2024-08-27 08:52:42,SOLUSDT,ask,188,13335.5
2024-08-27 08:52:43,SOLUSDT,bid,121,4670.678
2024-08-27 08:52:52,SOLUSDT,bid,150,6883.874
2024-08-27 08:52:56,SOLUSDT,bid,141,3617.469
2024-08-27 08:52:56,SOLUSDT,bid,140,12594.977
2024-08-27 08:53:40,SOLUSDT,ask,161,3241.388
2024-08-27 08:53:41,SOLUSDT,bid,145,5081.624
2024-08-27 08:53:42,SOLUSDT,ask,162,15889.317
2024-08-27 08:54:09,SOLUSDT,ask,162,15919.486
2024-08-27 08:54:26,SOLUSDT,ask,162,15919.776
2024-08-27 08:55:02,SOLUSDT,ask,160,4346.856
2024-08-27 08:55:23,SOLUSDT,bid,152,4308.341
2024-08-27 08:55:44,SOLUSDT,bid,152,4268.341
2024-08-27 08:55:47,SOLUSDT,ask,162,15920.463
2024-08-27 08:56:27,SOLUSDT,bid,135,12306.512
2024-08-27 08:56:33,SOLUSDT,ask,160,4346.956
2024-08-27 08:56:35,SOLUSDT,ask,180,22484.451
2024-08-27 08:56:54,SOLUSDT,bid,135,10427.262
2024-08-27 08:57:05,SOLUSDT,ask,165,14197.662
2024-08-27 08:57:09,SOLUSDT,bid,135,11968.247
2024-08-27 08:57:20,SOLUSDT,bid,135,11966.396
2024-08-27 08:57:23,SOLUSDT,ask,161,3286.424
2024-08-27 08:57:35,SOLUSDT,ask,185,16307.091
2024-08-27 08:58:12,SOLUSDT,ask,162,15906.574
2024-08-27 08:58:25,SOLUSDT,ask,160,4346.915
2024-08-27 08:58:34,SOLUSDT,ask,300,10070.639
2024-08-27 08:58:45,SOLUSDT,bid,130,10867.86
2024-08-27 08:58:47,SOLUSDT,ask,160,4072.813
2024-08-27 08:59:10,SOLUSDT,ask,160,4059.528
2024-08-27 08:59:14,SOLUSDT,ask,170,14690.91
2024-08-27 08:59:24,SOLUSDT,ask,170,14690.844
2024-08-27 08:59:31,SOLUSDT,ask,162,15918.164
2024-08-27 08:59:48,SOLUSDT,ask,162,15920.164
2024-08-27 09:00:03,SOLUSDT,bid,145,5131.624
2024-08-27 09:00:03,SOLUSDT,ask,160,4057.073
2024-08-27 09:00:23,SOLUSDT,bid,145,5132.705
2024-08-27 09:00:23,SOLUSDT,bid,143,4698.804
2024-08-27 09:00:46,SOLUSDT,bid,140,12609.866
2024-08-27 09:00:53,SOLUSDT,ask,165,14189.662
2024-08-27 09:00:57,SOLUSDT,bid,152,4281.5
2024-08-27 09:01:05,SOLUSDT,bid,150,6884.54
2024-08-27 09:01:14,SOLUSDT,ask,180,22490.763
2024-08-27 09:01:16,SOLUSDT,ask,160,4065.073
2024-08-27 09:01:16,SOLUSDT,bid,152,4284.5
2024-08-27 09:01:26,SOLUSDT,ask,181,3241.17
2024-08-27 09:01:41,SOLUSDT,bid,150,6887.54
2024-08-27 09:01:50,SOLUSDT,bid,120,32378.327
2024-08-27 09:02:04,SOLUSDT,ask,160,4060.043
2024-08-27 09:02:31,SOLUSDT,ask,200,45097.438
2024-08-27 09:02:31,SOLUSDT,ask,210,24290.027
2024-08-27 09:02:55,SOLUSDT,ask,160,4336.788
2024-08-27 09:03:03,SOLUSDT,ask,169,5711.352
2024-08-27 09:03:13,SOLUSDT,ask,169,5711.276
2024-08-27 09:03:13,SOLUSDT,bid,140,12613.143
2024-08-27 09:03:14,SOLUSDT,ask,215,4403.11
2024-08-27 09:03:19,SOLUSDT,ask,175,7677.245
2024-08-27 09:03:36,SOLUSDT,bid,152,4317.394
2024-08-27 09:03:38,SOLUSDT,ask,175,7677.163
2024-08-27 09:04:09,SOLUSDT,bid,143,4698.846
2024-08-27 09:04:44,SOLUSDT,bid,152,4316.686
2024-08-27 09:04:56,SOLUSDT,bid,135,11966.35
2024-08-27 09:05:04,SOLUSDT,ask,162,15919.165
2024-08-27 09:05:26,SOLUSDT,ask,162,15950.946
2024-08-27 09:05:27,SOLUSDT,ask,165,14187.238
2024-08-27 09:05:29,SOLUSDT,bid,95,8454.25
2024-08-27 09:05:36,SOLUSDT,ask,175,7677.245
2024-08-27 09:05:37,SOLUSDT,ask,162,15951.166
2024-08-27 09:05:47,SOLUSDT,bid,131,8965.736
2024-08-27 09:05:52,SOLUSDT,ask,160,4339.218
2024-08-27 09:05:55,SOLUSDT,ask,175,7677.163
2024-08-27 09:05:57,SOLUSDT,ask,175,7691.052
2024-08-27 09:06:05,SOLUSDT,bid,150,6884.54
2024-08-27 09:06:31,SOLUSDT,bid,152,4306.115
2024-08-27 09:06:31,SOLUSDT,ask,168,8231.524
2024-08-27 09:07:32,SOLUSDT,ask,160,4339.28
2024-08-27 09:07:38,SOLUSDT,ask,162,15943.674
2024-08-27 09:07:41,SOLUSDT,bid,150,6884.606
2024-08-27 09:07:53,SOLUSDT,ask,161,3293.916
2024-08-27 09:08:00,SOLUSDT,ask,160,4589.28
2024-08-27 09:08:07,SOLUSDT,bid,152,4282.796
2024-08-27 09:08:17,SOLUSDT,bid,135,10425.365
2024-08-27 09:08:25,SOLUSDT,ask,165,14187.571
2024-08-27 09:08:44,SOLUSDT,bid,150,6883.606
2024-08-27 09:09:20,SOLUSDT,ask,160,4681.922
2024-08-27 09:10:25,SOLUSDT,ask,180,22493.515
2024-08-27 09:10:26,SOLUSDT,ask,160,4701.604
2024-08-27 09:10:46,SOLUSDT,ask,160,4701.602
2024-08-27 09:10:47,SOLUSDT,ask,162,15937.264
2024-08-27 09:11:04,SOLUSDT,ask,160,4681.922
2024-08-27 09:11:04,SOLUSDT,bid,145,5115.705
2024-08-27 09:11:24,SOLUSDT,ask,162,15939.81
2024-08-27 09:11:25,SOLUSDT,ask,162,15951.772
2024-08-27 09:11:29,SOLUSDT,ask,160,4676.922
2024-08-27 09:11:35,SOLUSDT,bid,140,12612.429
2024-08-27 09:11:38,SOLUSDT,ask,160,4678.053
2024-08-27 09:11:44,SOLUSDT,ask,165,14199.922
2024-08-27 09:11:46,SOLUSDT,bid,145,5115.801
2024-08-27 09:11:53,SOLUSDT,ask,160,4676.922
2024-08-27 09:11:58,SOLUSDT,bid,145,5115.698
2024-08-27 09:11:58,SOLUSDT,ask,170,14690.911
2024-08-27 09:12:03,SOLUSDT,ask,160,4739.422
2024-08-27 09:12:06,SOLUSDT,bid,145,5115.602
2024-08-27 09:12:08,SOLUSDT,ask,170,14690.844
2024-08-27 09:12:24,SOLUSDT,ask,162,6568.367
2024-08-27 09:12:49,SOLUSDT,ask,165,14200.1
2024-08-27 09:12:53,SOLUSDT,ask,160,4740.553
2024-08-27 09:12:54,SOLUSDT,ask,160,3661.945
2024-08-27 09:13:08,SOLUSDT,ask,160,4739.422
2024-08-27 09:13:23,SOLUSDT,ask,172,2961.278
2024-08-27 09:13:25,SOLUSDT,ask,165,14198.278
2024-08-27 09:13:39,SOLUSDT,ask,162,15953.594
2024-08-27 09:13:45,SOLUSDT,bid,142,6157.088
2024-08-27 09:14:01,SOLUSDT,ask,161,3293.318
2024-08-27 09:14:12,SOLUSDT,bid,133,10214.514
2024-08-27 09:14:39,SOLUSDT,ask,161,3293.567
2024-08-27 09:14:47,SOLUSDT,ask,180,22493.183
2024-08-27 09:15:07,SOLUSDT,ask,160,4739.754
2024-08-27 09:15:10,SOLUSDT,bid,150,6883.691
2024-08-27 09:15:16,SOLUSDT,bid,125,10176.398
2024-08-27 09:15:17,SOLUSDT,ask,163,5954.547
2024-08-27 09:15:18,SOLUSDT,bid,100,23752.726
2024-08-27 09:15:19,SOLUSDT,bid,115,16435.463
2024-08-27 09:15:20,SOLUSDT,bid,150,6883.606
2024-08-27 09:15:20,SOLUSDT,ask,162,15958.594
2024-08-27 09:15:26,SOLUSDT,ask,162,15959.204
2024-08-27 09:15:31,SOLUSDT,ask,160,4806.566
2024-08-27 09:15:42,SOLUSDT,ask,168,8198.395
2024-08-27 09:15:50,SOLUSDT,ask,162,15954.204
2024-08-27 09:15:50,SOLUSDT,ask,162,15967.972
2024-08-27 09:15:55,SOLUSDT,bid,130,10852.47
2024-08-27 09:15:55,SOLUSDT,ask,185,16288.027
2024-08-27 09:16:14,SOLUSDT,bid,141,3617.329
2024-08-27 09:16:16,SOLUSDT,ask,170,14690.915
2024-08-27 09:16:27,SOLUSDT,ask,162,15968.322
2024-08-27 09:16:30,SOLUSDT,ask,170,14690.844
2024-08-27 09:16:36,SOLUSDT,ask,197,11781.977
2024-08-27 09:16:39,SOLUSDT,ask,162,15968.532
2024-08-27 09:16:40,SOLUSDT,ask,197,11779.454
2024-08-27 09:16:49,SOLUSDT,ask,169,5561.276
2024-08-27 09:16:54,SOLUSDT,bid,100,23752.479
2024-08-27 09:16:54,SOLUSDT,ask,160,4806.319
2024-08-27 09:17:00,SOLUSDT,ask,161,3295.565
2024-08-27 09:17:05,SOLUSDT,ask,161,3268.592
2024-08-27 09:17:15,SOLUSDT,ask,172,2961.344
2024-08-27 09:17:16,SOLUSDT,ask,169,5561.323
2024-08-27 09:17:21,SOLUSDT,ask,172,2961.278
2024-08-27 09:17:22,SOLUSDT,ask,162,15972.009
2024-08-27 09:17:24,SOLUSDT,bid,115,16433.463
2024-08-27 09:17:51,SOLUSDT,ask,162,15566.137
2024-08-27 09:17:52,SOLUSDT,bid,145,5099.151
2024-08-27 09:17:58,SOLUSDT,bid,120,32377.973
2024-08-27 09:18:20,SOLUSDT,ask,161,3267.61
2024-08-27 09:18:20,SOLUSDT,ask,162,15567.119
2024-08-27 09:18:30,SOLUSDT,ask,160,4810.547
2024-08-27 09:18:33,SOLUSDT,ask,160,4809.706
2024-08-27 09:18:38,SOLUSDT,ask,163,5893.198
2024-08-27 09:18:42,SOLUSDT,ask,160,4807.708
2024-08-27 09:18:45,SOLUSDT,ask,160,4807.382
2024-08-27 09:18:47,SOLUSDT,ask,160,4809.219
2024-08-27 09:18:51,SOLUSDT,bid,140,12617.436
2024-08-27 09:18:52,SOLUSDT,bid,115,16433.704
2024-08-27 09:19:16,SOLUSDT,bid,110,20256.401
2024-08-27 09:19:16,SOLUSDT,bid,100,23749.479
2024-08-27 09:19:19,SOLUSDT,ask,162,15536.95
2024-08-27 09:20:03,SOLUSDT,ask,163,5893.258
2024-08-27 09:20:13,SOLUSDT,ask,160,4808.942
2024-08-27 09:20:28,SOLUSDT,bid,145,5099.357
2024-08-27 09:20:39,SOLUSDT,ask,163,5893.535
2024-08-27 09:21:00,SOLUSDT,ask,162,15534.95
2024-08-27 09:21:09,SOLUSDT,ask,165,14200.278
2024-08-27 09:21:17,SOLUSDT,ask,165,14217.235
2024-08-27 09:21:30,SOLUSDT,ask,160,4808.747
2024-08-27 09:21:31,SOLUSDT,ask,162,15536.481
2024-08-27 09:21:54,SOLUSDT,ask,172,3019.417
2024-08-27 09:21:56,SOLUSDT,ask,162,15529.481
2024-08-27 09:22:06,SOLUSDT,bid,145,5107.868
2024-08-27 09:22:12,SOLUSDT,ask,162,15529.896
2024-08-27 09:22:14,SOLUSDT,bid,150,6883.206
2024-08-27 09:22:33,SOLUSDT,ask,161,3681.765
2024-08-27 09:22:34,SOLUSDT,ask,160,4809.377
2024-08-27 09:22:34,SOLUSDT,ask,160,4807.54
2024-08-27 09:22:37,SOLUSDT,ask,160,4806.544
2024-08-27 09:22:39,SOLUSDT,ask,182,6831.718
2024-08-27 09:23:07,SOLUSDT,ask,162,16511.644
2024-08-27 09:23:12,SOLUSDT,ask,185,16287.669
2024-08-27 09:23:21,SOLUSDT,bid,141,3556.429
2024-08-27 09:23:26,SOLUSDT,ask,165,14117.087
2024-08-27 09:23:30,SOLUSDT,ask,161,3679.767
2024-08-27 09:23:34,SOLUSDT,ask,160,4805.397
2024-08-27 09:23:34,SOLUSDT,ask,160,4804.767
2024-08-27 09:23:45,SOLUSDT,ask,162,16511.583
2024-08-27 09:23:51,SOLUSDT,ask,160,4874.767
2024-08-27 09:24:28,SOLUSDT,ask,162,16609.631
2024-08-27 09:24:32,SOLUSDT,bid,145,5106.144
2024-08-27 09:24:32,SOLUSDT,bid,140,12615.651
2024-08-27 09:24:33,SOLUSDT,ask,180,22495.477
2024-08-27 09:25:05,SOLUSDT,ask,161,3677.845
2024-08-27 09:25:14,SOLUSDT,ask,162,16610.778
2024-08-27 09:25:28,SOLUSDT,bid,150,6881.206
2024-08-27 09:25:42,SOLUSDT,ask,160,4875.554
2024-08-27 09:25:43,SOLUSDT,bid,150,6882.702
2024-08-27 09:25:45,SOLUSDT,bid,138,4458.035
2024-08-27 09:25:53,SOLUSDT,ask,161,3679.373
2024-08-27 09:26:02,SOLUSDT,bid,150,6881.702
2024-08-27 09:26:09,SOLUSDT,ask,199,4764.423
2024-08-27 09:26:10,SOLUSDT,ask,190,22322.763
2024-08-27 09:26:19,SOLUSDT,ask,160,4876.554
2024-08-27 09:26:28,SOLUSDT,ask,162,16609.934
2024-08-27 09:26:45,SOLUSDT,bid,138,4457.677
2024-08-27 09:26:53,SOLUSDT,ask,160,4877.569
2024-08-27 09:26:53,SOLUSDT,bid,135,10424.365
2024-08-27 09:26:55,SOLUSDT,ask,200,45104.318
2024-08-27 09:27:08,SOLUSDT,ask,165,14117.718
2024-08-27 09:27:17,SOLUSDT,ask,162,16600.655
2024-08-27 09:27:24,SOLUSDT,ask,162,16599.072
2024-08-27 09:27:32,SOLUSDT,bid,150,6811.702
2024-08-27 09:27:37,SOLUSDT,ask,190,22321.697
2024-08-27 09:27:38,SOLUSDT,ask,165,14117.758
2024-08-27 09:27:38,SOLUSDT,ask,166,3189.365
2024-08-27 09:27:38,SOLUSDT,ask,167,7218.339
2024-08-27 09:27:38,SOLUSDT,ask,168,8198.435
2024-08-27 09:27:38,SOLUSDT,ask,169,5561.363
2024-08-27 09:27:38,SOLUSDT,ask,170,14690.884
2024-08-27 09:27:39,SOLUSDT,ask,163,5893.575
2024-08-27 09:27:39,SOLUSDT,ask,162,16599.112
2024-08-27 09:27:39,SOLUSDT,ask,161,3679.413
2024-08-27 09:27:39,SOLUSDT,ask,160,4877.609
2024-08-27 09:27:41,SOLUSDT,bid,152,4282.836
2024-08-27 09:27:42,SOLUSDT,bid,150,6811.742
2024-08-27 09:27:43,SOLUSDT,bid,145,5106.184
2024-08-27 09:27:43,SOLUSDT,bid,143,4698.886
2024-08-27 09:27:44,SOLUSDT,bid,142,6157.128
2024-08-27 09:27:44,SOLUSDT,bid,141,3556.469
2024-08-27 09:27:44,SOLUSDT,bid,140,12615.691
2024-08-27 09:27:46,SOLUSDT,bid,150,6811.571
2024-08-27 09:27:47,SOLUSDT,ask,190,22325.683
2024-08-27 09:28:09,SOLUSDT,ask,160,4807.609
2024-08-27 09:28:10,SOLUSDT,ask,161,3662.25
2024-08-27 09:28:19,SOLUSDT,bid,120,32377.769
2024-08-27 09:28:21,SOLUSDT,bid,152,4283.331
2024-08-27 09:28:22,SOLUSDT,ask,161,3662.898
2024-08-27 09:28:44,SOLUSDT,bid,138,4457.827
2024-08-27 09:28:46,SOLUSDT,ask,162,16582.285
2024-08-27 09:28:54,SOLUSDT,ask,165,14134.585
2024-08-27 09:29:38,SOLUSDT,ask,160,4830.609
2024-08-27 09:29:42,SOLUSDT,ask,161,3689.871
2024-08-27 09:29:52,SOLUSDT,ask,200,45077.379
2024-08-27 09:30:06,SOLUSDT,ask,161,3691.871
2024-08-27 09:30:14,SOLUSDT,ask,167,7218.687
2024-08-27 09:30:26,SOLUSDT,ask,190,22238.422
2024-08-27 09:30:45,SOLUSDT,ask,160,4917.87
2024-08-27 09:30:49,SOLUSDT,ask,161,3692.871
2024-08-27 09:30:52,SOLUSDT,ask,170,14689.884
2024-08-27 09:31:04,SOLUSDT,bid,140,12565.691
2024-08-27 09:31:08,SOLUSDT,ask,162,16581.65
2024-08-27 09:31:11,SOLUSDT,bid,120,32378.769
2024-08-27 09:31:14,SOLUSDT,ask,200,45078.379
2024-08-27 09:31:24,SOLUSDT,bid,120,32363.769
2024-08-27 09:31:55,SOLUSDT,ask,167,7218.339
2024-08-27 09:32:15,SOLUSDT,bid,152,4113.79
2024-08-27 09:32:23,SOLUSDT,ask,162,16582.834
2024-08-27 09:32:24,SOLUSDT,ask,163,5894.833
2024-08-27 09:32:31,SOLUSDT,ask,162,16582.834
2024-08-27 09:32:32,SOLUSDT,ask,162,16587.834
2024-08-27 09:32:39,SOLUSDT,bid,140,12562.691
2024-08-27 09:32:59,SOLUSDT,bid,142,6160.128
2024-08-27 09:33:06,SOLUSDT,bid,150,6812.071
2024-08-27 09:33:09,SOLUSDT,ask,162,16582.834
2024-08-27 09:33:11,SOLUSDT,ask,160,4917.237
2024-08-27 09:33:24,SOLUSDT,bid,152,4113.462
2024-08-27 09:33:24,SOLUSDT,ask,162,16583.467
2024-08-27 09:33:25,SOLUSDT,bid,150,6811.738
2024-08-27 09:33:36,SOLUSDT,bid,135,10425.195
2024-08-27 09:33:36,SOLUSDT,ask,200,45079.209
2024-08-27 09:33:37,SOLUSDT,ask,161,3694.301
2024-08-27 09:33:50,SOLUSDT,bid,95,8454.171
2024-08-27 09:33:50,SOLUSDT,ask,190,22238.343
2024-08-27 09:33:54,SOLUSDT,ask,162,16586.989
2024-08-27 09:33:54,SOLUSDT,bid,150,6811.605
2024-08-27 09:34:04,SOLUSDT,ask,160,3830.907
2024-08-27 09:34:04,SOLUSDT,bid,150,6769.605
2024-08-27 09:34:05,SOLUSDT,bid,145,5106.004
2024-08-27 09:34:09,SOLUSDT,ask,210,24290.265
2024-08-27 09:34:16,SOLUSDT,bid,150,6769.738
2024-08-27 09:34:24,SOLUSDT,ask,160,4916.237
2024-08-27 09:34:42,SOLUSDT,ask,162,16586.216
2024-08-27 09:34:59,SOLUSDT,bid,150,6770.334
2024-08-27 09:35:01,SOLUSDT,bid,150,6769.738
2024-08-27 09:35:08,SOLUSDT,bid,145,5106.62
2024-08-27 09:35:15,SOLUSDT,ask,161,3695.074
2024-08-27 09:35:23,SOLUSDT,ask,161,3693.074
2024-08-27 09:35:34,SOLUSDT,ask,160,3661.945
2024-08-27 09:35:41,SOLUSDT,bid,150,6769.693
2024-08-27 09:35:49,SOLUSDT,bid,150,6767.035
2024-08-27 09:36:34,SOLUSDT,ask,161,3694.074
2024-08-27 09:36:47,SOLUSDT,ask,161,3694.601
2024-08-27 09:36:50,SOLUSDT,bid,118,4439.892
2024-08-27 09:36:57,SOLUSDT,ask,162,16586.492
2024-08-27 09:36:57,SOLUSDT,ask,162,16584.99
2024-08-27 09:37:03,SOLUSDT,ask,162,16585.41
2024-08-27 09:37:13,SOLUSDT,ask,160,4930.331
2024-08-27 09:37:13,SOLUSDT,ask,160,5168.571
2024-08-27 09:37:23,SOLUSDT,ask,160,5169.571
2024-08-27 09:37:23,SOLUSDT,ask,250,18157.218
2024-08-27 09:37:24,SOLUSDT,ask,160,4931.331
2024-08-27 09:37:37,SOLUSDT,bid,150,6765.018
2024-08-27 09:37:53,SOLUSDT,ask,161,3820.578
2024-08-27 09:37:54,SOLUSDT,ask,170,14690.884
2024-08-27 09:37:54,SOLUSDT,ask,210,24289.054
2024-08-27 09:38:09,SOLUSDT,ask,170,14697.487
2024-08-27 09:38:17,SOLUSDT,ask,162,16585.321
2024-08-27 09:38:34,SOLUSDT,ask,185,16288.669
2024-08-27 09:38:57,SOLUSDT,ask,161,3819.805
2024-08-27 09:39:01,SOLUSDT,ask,166,3189.588
2024-08-27 09:39:05,SOLUSDT,bid,145,5105.539
2024-08-27 09:39:08,SOLUSDT,bid,145,5104.752
2024-08-27 09:39:26,SOLUSDT,ask,161,3819.905
2024-08-27 09:39:31,SOLUSDT,ask,165,14134.653
2024-08-27 09:39:31,SOLUSDT,ask,170,14697.555
2024-08-27 09:39:32,SOLUSDT,ask,160,3976.679
2024-08-27 09:39:34,SOLUSDT,bid,130,10852.538
2024-08-27 09:39:49,SOLUSDT,ask,162,16592.383
2024-08-27 09:41:20,SOLUSDT,ask,160,4131.331
2024-08-27 09:41:23,SOLUSDT,ask,240,5781.572
2024-08-27 09:41:28,SOLUSDT,ask,160,4156.375
2024-08-27 09:41:32,SOLUSDT,ask,160,4155.773
2024-08-27 09:41:43,SOLUSDT,bid,100,23745.284
2024-08-27 09:42:00,SOLUSDT,ask,161,3828.717
2024-08-27 09:42:05,SOLUSDT,bid,145,5139.233
2024-08-27 09:42:09,SOLUSDT,bid,150,6764.017
2024-08-27 09:42:15,SOLUSDT,ask,160,4158.679
2024-08-27 09:42:20,SOLUSDT,bid,130,10852.769
2024-08-27 09:42:29,SOLUSDT,ask,185,16311.654
2024-08-27 09:42:44,SOLUSDT,ask,162,16592.006
2024-08-27 09:42:56,SOLUSDT,ask,185,16314.347
2024-08-27 09:43:05,SOLUSDT,ask,163,5895.473
2024-08-27 09:43:07,SOLUSDT,ask,160,3661.945
2024-08-27 09:43:07,SOLUSDT,bid,150,6780.79
2024-08-27 09:43:12,SOLUSDT,bid,150,6764.017
2024-08-27 09:43:15,SOLUSDT,ask,162,16580.044
2024-08-27 09:43:57,SOLUSDT,ask,160,4151.577
2024-08-27 09:43:59,SOLUSDT,ask,160,4151.29
2024-08-27 09:44:00,SOLUSDT,ask,165,14123.912
2024-08-27 09:44:01,SOLUSDT,ask,190,22245.445
2024-08-27 09:44:11,SOLUSDT,bid,143,4696.789
2024-08-27 09:44:18,SOLUSDT,ask,163,5895.189
2024-08-27 09:44:49,SOLUSDT,bid,140,12562.041
2024-08-27 09:44:49,SOLUSDT,bid,138,4458.477
2024-08-27 09:44:56,SOLUSDT,ask,185,16320.82
2024-08-27 09:45:07,SOLUSDT,ask,160,3874.545
2024-08-27 09:45:07,SOLUSDT,bid,100,23746.284
2024-08-27 09:45:11,SOLUSDT,ask,183,2949.39
2024-08-27 09:45:15,SOLUSDT,ask,160,4151.511
2024-08-27 09:45:23,SOLUSDT,ask,161,3828.226
2024-08-27 09:45:25,SOLUSDT,ask,165,14107.085
2024-08-27 09:45:32,SOLUSDT,bid,150,6763.329
2024-08-27 09:45:43,SOLUSDT,ask,200,45079.392
2024-08-27 09:45:46,SOLUSDT,ask,160,3874.545
2024-08-27 09:45:50,SOLUSDT,ask,163,5912.016
2024-08-27 09:46:19,SOLUSDT,ask,161,3798.226
2024-08-27 09:46:43,SOLUSDT,ask,163,5912.072
2024-08-27 09:46:43,SOLUSDT,bid,131,8965.792
2024-08-27 09:46:53,SOLUSDT,ask,162,16582.544
2024-08-27 09:46:54,SOLUSDT,bid,140,12563.041
2024-08-27 09:46:57,SOLUSDT,ask,192,3274.445
2024-08-27 09:47:00,SOLUSDT,ask,161,3808.216
2024-08-27 09:47:08,SOLUSDT,ask,200,45077.842
2024-08-27 09:47:13,SOLUSDT,ask,161,3809.709
2024-08-27 09:47:13,SOLUSDT,ask,161,3808.818
2024-08-27 09:47:20,SOLUSDT,ask,190,22246.336
2024-08-27 09:47:31,SOLUSDT,ask,300,10070.685
2024-08-27 09:47:31,SOLUSDT,ask,162,16741.072
2024-08-27 09:47:38,SOLUSDT,ask,162,16747.011
2024-08-27 09:48:11,SOLUSDT,ask,200,45076.644
2024-08-27 09:48:25,SOLUSDT,bid,150,6805.329
2024-08-27 09:49:03,SOLUSDT,ask,161,3808.177
2024-08-27 09:49:38,SOLUSDT,ask,161,3682.2
2024-08-27 09:49:40,SOLUSDT,ask,180,22489.111
2024-08-27 09:49:48,SOLUSDT,ask,165,14099.582
2024-08-27 09:49:50,SOLUSDT,bid,150,6806.329
2024-08-27 09:50:00,SOLUSDT,ask,200,45076.579
2024-08-27 09:50:06,SOLUSDT,ask,185,16335.827
2024-08-27 09:50:23,SOLUSDT,bid,142,5843.691
2024-08-27 09:50:28,SOLUSDT,bid,143,4382.104
2024-08-27 09:51:09,SOLUSDT,bid,150,6823.329
2024-08-27 09:51:19,SOLUSDT,bid,142,5844.043
2024-08-27 09:51:26,SOLUSDT,bid,140,12558.041
2024-08-27 09:51:33,SOLUSDT,ask,162,16747.175
2024-08-27 09:51:35,SOLUSDT,bid,110,20256.855
2024-08-27 09:51:37,SOLUSDT,ask,190,22230.547
2024-08-27 09:51:42,SOLUSDT,bid,95,8454.171
2024-08-27 09:51:42,SOLUSDT,ask,160,4158.509
2024-08-27 09:51:56,SOLUSDT,bid,150,6823.293
2024-08-27 09:52:11,SOLUSDT,bid,152,4112.504
2024-08-27 09:52:18,SOLUSDT,ask,160,4096.009
2024-08-27 09:52:20,SOLUSDT,ask,165,14038.976
2024-08-27 09:52:35,SOLUSDT,ask,160,4096.707
2024-08-27 09:52:44,SOLUSDT,ask,160,4087.607
2024-08-27 09:52:47,SOLUSDT,ask,165,14026.855
2024-08-27 09:53:00,SOLUSDT,ask,162,16765.693
2024-08-27 09:53:08,SOLUSDT,ask,160,4087.724
2024-08-27 09:53:41,SOLUSDT,bid,152,4113.462
2024-08-27 09:53:54,SOLUSDT,bid,152,4114.107
2024-08-27 09:54:31,SOLUSDT,bid,120,32363.186
2024-08-27 09:54:57,SOLUSDT,ask,160,4107.724
2024-08-27 09:55:00,SOLUSDT,ask,162,16765.568
2024-08-27 09:55:01,SOLUSDT,bid,141,3595.592
2024-08-27 09:55:24,SOLUSDT,bid,136,7336.264
2024-08-27 09:55:29,SOLUSDT,ask,190,22232.545
2024-08-27 09:55:34,SOLUSDT,ask,168,8197.784
2024-08-27 09:55:38,SOLUSDT,bid,140,12558.455
2024-08-27 09:55:38,SOLUSDT,ask,160,4108.716
2024-08-27 09:55:41,SOLUSDT,ask,163,5917.828
2024-08-27 09:55:45,SOLUSDT,ask,163,5912.072
2024-08-27 09:56:08,SOLUSDT,ask,162,16780.987
2024-08-27 09:56:33,SOLUSDT,ask,160,3824.752
2024-08-27 09:56:35,SOLUSDT,bid,150,6823.16
2024-08-27 09:56:41,SOLUSDT,ask,162,16765.568
2024-08-27 09:56:43,SOLUSDT,ask,162,16768.484
2024-08-27 09:56:59,SOLUSDT,ask,160,4095.374
2024-08-27 09:57:15,SOLUSDT,bid,95,8454.171
2024-08-27 09:57:25,SOLUSDT,ask,165,14036.855
2024-08-27 09:57:25,SOLUSDT,ask,200,45066.579
2024-08-27 09:57:47,SOLUSDT,ask,180,22488.942
2024-08-27 09:57:47,SOLUSDT,ask,185,16335.996
2024-08-27 09:58:05,SOLUSDT,ask,165,14035.855
2024-08-27 09:58:15,SOLUSDT,bid,131,8965.736
2024-08-27 09:58:15,SOLUSDT,ask,163,5912.016
2024-08-27 09:58:18,SOLUSDT,ask,160,4093.154
2024-08-27 09:58:28,SOLUSDT,ask,175,7688.214
2024-08-27 09:58:32,SOLUSDT,ask,160,4092.734
2024-08-27 09:58:35,SOLUSDT,bid,101,6195.312
2024-08-27 09:58:41,SOLUSDT,ask,160,4095.109
2024-08-27 09:59:10,SOLUSDT,bid,150,6822.16
2024-08-27 09:59:19,SOLUSDT,ask,168,8194.917
2024-08-27 09:59:26,SOLUSDT,bid,120,32362.891
2024-08-27 09:59:28,SOLUSDT,ask,160,4095.529
2024-08-27 09:59:45,SOLUSDT,bid,95,8454.171
2024-08-27 09:59:51,SOLUSDT,ask,160,3824.907
2024-08-27 09:59:56,SOLUSDT,bid,111,12427.941
2024-08-27 10:00:04,SOLUSDT,ask,160,3824.487
2024-08-27 10:00:24,SOLUSDT,bid,135,10423.195
2024-08-27 10:00:25,SOLUSDT,ask,162,16767.69
2024-08-27 10:00:33,SOLUSDT,ask,163,5911.956
2024-08-27 10:00:45,SOLUSDT,bid,145,5139.066
2024-08-27 10:00:56,SOLUSDT,ask,240,5781.508
2024-08-27 10:01:03,SOLUSDT,ask,160,3825.805
2024-08-27 10:01:18,SOLUSDT,ask,196,2886.892
2024-08-27 10:01:25,SOLUSDT,ask,161,3628.208
2024-08-27 10:01:44,SOLUSDT,ask,161,4707.708
2024-08-27 10:01:44,SOLUSDT,ask,162,15688.19
2024-08-27 10:01:48,SOLUSDT,ask,161,4977.94
2024-08-27 10:02:10,SOLUSDT,ask,180,22489.442
2024-08-27 10:02:22,SOLUSDT,ask,161,4978.693
2024-08-27 10:02:22,SOLUSDT,ask,162,15687.437
2024-08-27 10:02:38,SOLUSDT,ask,163,5848.722
2024-08-27 10:02:58,SOLUSDT,ask,190,22223.202
2024-08-27 10:03:01,SOLUSDT,ask,190,22204.6
2024-08-27 10:03:04,SOLUSDT,ask,160,3888.305
2024-08-27 10:03:18,SOLUSDT,bid,130,10874.041
2024-08-27 10:03:25,SOLUSDT,ask,170,14686.226
2024-08-27 10:03:25,SOLUSDT,bid,150,6822.382
2024-08-27 10:03:27,SOLUSDT,ask,160,3888.343
2024-08-27 10:03:48,SOLUSDT,ask,190,22202.95
2024-08-27 10:03:51,SOLUSDT,bid,100,23748.276
2024-08-27 10:03:57,SOLUSDT,bid,152,4116.251
2024-08-27 10:04:05,SOLUSDT,ask,165,14039.341
2024-08-27 10:04:15,SOLUSDT,ask,160,3877.93
2024-08-27 10:04:39,SOLUSDT,ask,162,15687.164
2024-08-27 10:04:48,SOLUSDT,bid,142,5845.877
2024-08-27 10:04:51,SOLUSDT,ask,160,3878.03
2024-08-27 10:05:13,SOLUSDT,ask,160,3877.992
2024-08-27 10:05:50,SOLUSDT,bid,150,6823.382
2024-08-27 10:05:59,SOLUSDT,ask,160,3878.991
2024-08-27 10:05:59,SOLUSDT,bid,100,23746.284
2024-08-27 10:06:48,SOLUSDT,ask,190,22199.62
2024-08-27 10:06:51,SOLUSDT,bid,150,6825.493
2024-08-27 10:06:53,SOLUSDT,bid,152,4123.098
2024-08-27 10:06:59,SOLUSDT,bid,150,6824.493
2024-08-27 10:07:04,SOLUSDT,ask,170,14685.808
2024-08-27 10:07:11,SOLUSDT,bid,141,3617.737
2024-08-27 10:07:12,SOLUSDT,ask,162,15687.582
2024-08-27 10:07:37,SOLUSDT,ask,161,4982.255
2024-08-27 10:07:37,SOLUSDT,ask,163,5845.16
2024-08-27 10:07:53,SOLUSDT,bid,145,5141.853
2024-08-27 10:08:30,SOLUSDT,bid,110,20251.855
2024-08-27 10:08:34,SOLUSDT,bid,152,4159.176
2024-08-27 10:08:36,SOLUSDT,bid,115,16432.587
2024-08-27 10:08:51,SOLUSDT,ask,162,15688.61
2024-08-27 10:09:08,SOLUSDT,bid,80,12763.511
2024-08-27 10:09:21,SOLUSDT,ask,163,5463.454
2024-08-27 10:09:27,SOLUSDT,ask,162,15688.735
2024-08-27 10:09:51,SOLUSDT,ask,162,15689.068
2024-08-27 10:09:55,SOLUSDT,ask,162,15752.686
2024-08-27 10:10:27,SOLUSDT,bid,150,6823.746
2024-08-27 10:10:48,SOLUSDT,bid,152,4152.725
2024-08-27 10:10:55,SOLUSDT,bid,150,6821.635
2024-08-27 10:11:24,SOLUSDT,ask,180,22511.898
2024-08-27 10:11:49,SOLUSDT,bid,141,3613.482
2024-08-27 10:11:50,SOLUSDT,bid,141,3611.355
2024-08-27 10:11:59,SOLUSDT,bid,152,4153.678
2024-08-27 10:12:09,SOLUSDT,bid,131,8966.068
2024-08-27 10:12:11,SOLUSDT,ask,160,3873.991
2024-08-27 10:12:21,SOLUSDT,ask,162,15752.354
2024-08-27 10:12:25,SOLUSDT,bid,150,6822.301
2024-08-27 10:12:30,SOLUSDT,ask,190,22200.62
2024-08-27 10:12:32,SOLUSDT,bid,136,7334.058
2024-08-27 10:12:32,SOLUSDT,bid,135,10420.973
2024-08-27 10:12:34,SOLUSDT,bid,138,4456.303
2024-08-27 10:12:35,SOLUSDT,bid,140,12556.312
2024-08-27 10:12:35,SOLUSDT,bid,141,3609.227
2024-08-27 10:12:36,SOLUSDT,bid,142,5843.764
2024-08-27 10:12:36,SOLUSDT,bid,143,4380.006
2024-08-27 10:12:37,SOLUSDT,bid,145,5139.784
2024-08-27 10:12:38,SOLUSDT,ask,162,15806.23
2024-08-27 10:12:39,SOLUSDT,bid,152,4228.774
2024-08-27 10:12:40,SOLUSDT,bid,150,6820.301
2024-08-27 10:12:41,SOLUSDT,bid,152,4226.8
2024-08-27 10:12:41,SOLUSDT,ask,162,15752.354
2024-08-27 10:13:09,SOLUSDT,bid,150,6821.253
2024-08-27 10:13:14,SOLUSDT,ask,161,5036.131
2024-08-27 10:13:26,SOLUSDT,bid,150,6823.919
2024-08-27 10:13:28,SOLUSDT,bid,125,10176.398
2024-08-27 10:13:31,SOLUSDT,bid,140,12556.422
2024-08-27 10:13:48,SOLUSDT,bid,125,10176.398
2024-08-27 10:13:54,SOLUSDT,ask,181,3240.558
2024-08-27 10:13:55,SOLUSDT,bid,118,4457.787
2024-08-27 10:14:08,SOLUSDT,ask,160,3875.991
2024-08-27 10:14:08,SOLUSDT,ask,162,15750.354
2024-08-27 10:14:08,SOLUSDT,bid,125,10176.398
2024-08-27 10:14:13,SOLUSDT,ask,160,3855.991
2024-08-27 10:14:43,SOLUSDT,ask,161,5056.121
2024-08-27 10:14:43,SOLUSDT,ask,162,15730.364
2024-08-27 10:14:52,SOLUSDT,ask,162,15730.332
2024-08-27 10:15:08,SOLUSDT,ask,182,6829.494
2024-08-27 10:15:17,SOLUSDT,ask,210,24288.974
2024-08-27 10:15:21,SOLUSDT,ask,180,22510.898
2024-08-27 10:15:26,SOLUSDT,bid,152,4226.911
2024-08-27 10:15:39,SOLUSDT,bid,152,4226.661
2024-08-27 10:15:39,SOLUSDT,ask,160,3855.491
2024-08-27 10:15:39,SOLUSDT,ask,161,5055.621
2024-08-27 10:15:39,SOLUSDT,ask,162,15729.835
2024-08-27 10:15:47,SOLUSDT,bid,138,4458.188
2024-08-27 10:16:20,SOLUSDT,ask,160,3856.791
2024-08-27 10:16:23,SOLUSDT,bid,150,6823.985
2024-08-27 10:16:40,SOLUSDT,ask,167,9754.809
2024-08-27 10:16:43,SOLUSDT,ask,230,6673.733
2024-08-27 10:16:55,SOLUSDT,bid,150,6852.435
2024-08-27 10:16:57,SOLUSDT,ask,163,5457.685
2024-08-27 10:16:58,SOLUSDT,bid,143,4334.882
2024-08-27 10:17:01,SOLUSDT,bid,145,5125.409
2024-08-27 10:17:51,SOLUSDT,bid,152,4229.95
2024-08-27 10:17:58,SOLUSDT,bid,115,16461.217
2024-08-27 10:18:10,SOLUSDT,ask,160,3856.729
2024-08-27 10:18:10,SOLUSDT,bid,143,4338.236
2024-08-27 10:18:24,SOLUSDT,bid,150,6855.768
2024-08-27 10:18:37,SOLUSDT,ask,175,7680.599
2024-08-27 10:18:53,SOLUSDT,bid,112,6492.026
2024-08-27 10:19:08,SOLUSDT,ask,160,4041.987
2024-08-27 10:20:09,SOLUSDT,ask,160,4052.465
2024-08-27 10:20:12,SOLUSDT,bid,140,12546.422
2024-08-27 10:20:12,SOLUSDT,bid,135,10412.973
2024-08-27 10:20:12,SOLUSDT,bid,130,10863.098
2024-08-27 10:20:27,SOLUSDT,ask,165,14038.264
2024-08-27 10:20:47,SOLUSDT,ask,190,22175.274
2024-08-27 10:21:04,SOLUSDT,ask,160,4052.498
2024-08-27 10:21:24,SOLUSDT,ask,190,22175.112
2024-08-27 10:21:28,SOLUSDT,ask,160,4052.624
2024-08-27 10:21:41,SOLUSDT,bid,142,5844.04
2024-08-27 10:21:48,SOLUSDT,ask,162,15723.848
2024-08-27 10:21:55,SOLUSDT,bid,135,10442.551
2024-08-27 10:22:04,SOLUSDT,bid,142,5843.764
2024-08-27 10:22:05,SOLUSDT,ask,180,22506.459
2024-08-27 10:22:06,SOLUSDT,ask,163,5460.464
2024-08-27 10:22:12,SOLUSDT,ask,160,4053.701
2024-08-27 10:22:16,SOLUSDT,bid,142,5843.911
2024-08-27 10:22:30,SOLUSDT,ask,160,4021.761
2024-08-27 10:22:33,SOLUSDT,bid,138,4458.322
2024-08-27 10:22:47,SOLUSDT,ask,160,4021.635
2024-08-27 10:22:49,SOLUSDT,ask,160,4019.635
2024-08-27 10:22:52,SOLUSDT,ask,160,4020.659
2024-08-27 10:22:58,SOLUSDT,ask,160,4020.879
2024-08-27 10:22:58,SOLUSDT,ask,162,15723.628
2024-08-27 10:23:09,SOLUSDT,ask,161,5205.621
2024-08-27 10:23:13,SOLUSDT,bid,111,12437.268
2024-08-27 10:23:30,SOLUSDT,bid,130,10853.098
2024-08-27 10:23:53,SOLUSDT,bid,150,6855.828
2024-08-27 10:23:58,SOLUSDT,ask,165,14038.524
2024-08-27 10:24:06,SOLUSDT,bid,150,6860.502
2024-08-27 10:24:15,SOLUSDT,bid,145,5174.468
2024-08-27 10:24:23,SOLUSDT,ask,188,13331.83
2024-08-27 10:24:26,SOLUSDT,bid,121,4670.348
2024-08-27 10:24:33,SOLUSDT,ask,180,22507.109
2024-08-27 10:24:44,SOLUSDT,bid,130,10851.304
2024-08-27 10:25:10,SOLUSDT,bid,120,32370.391
2024-08-27 10:25:12,SOLUSDT,ask,160,4021.179
2024-08-27 10:25:15,SOLUSDT,ask,163,5460.048
2024-08-27 10:25:25,SOLUSDT,ask,166,3189.556
2024-08-27 10:25:31,SOLUSDT,ask,162,15587.889
2024-08-27 10:25:55,SOLUSDT,ask,160,4021.223
2024-08-27 10:26:01,SOLUSDT,ask,162,15587.921
2024-08-27 10:26:05,SOLUSDT,ask,162,15723.66
2024-08-27 10:26:28,SOLUSDT,ask,160,4021.602
2024-08-27 10:26:28,SOLUSDT,ask,161,5205.242
2024-08-27 10:26:38,SOLUSDT,bid,120,32362.891
2024-08-27 10:26:49,SOLUSDT,ask,160,4020.783
2024-08-27 10:27:06,SOLUSDT,ask,162,15724.759
2024-08-27 10:27:20,SOLUSDT,bid,145,5165.957
2024-08-27 10:27:34,SOLUSDT,bid,150,6888.502
2024-08-27 10:27:49,SOLUSDT,bid,150,6887.631
2024-08-27 10:27:55,SOLUSDT,bid,140,12545.421
2024-08-27 10:27:57,SOLUSDT,bid,152,4229.697
2024-08-27 10:28:02,SOLUSDT,bid,150,6895.858
2024-08-27 10:28:05,SOLUSDT,ask,160,4021.027
2024-08-27 10:28:10,SOLUSDT,bid,150,6867.858
2024-08-27 10:28:19,SOLUSDT,bid,150,6877.858
2024-08-27 10:28:28,SOLUSDT,bid,150,6869.631
2024-08-27 10:28:48,SOLUSDT,ask,162,15727.186
2024-08-27 10:28:53,SOLUSDT,ask,162,15734.875
2024-08-27 10:28:55,SOLUSDT,bid,95,8451.171
2024-08-27 10:29:42,SOLUSDT,ask,160,4021.027
2024-08-27 10:29:45,SOLUSDT,bid,150,6870.077
2024-08-27 10:29:51,SOLUSDT,bid,150,6869.411
2024-08-27 10:29:52,SOLUSDT,bid,95,8453.118
2024-08-27 10:29:58,SOLUSDT,bid,100,23746.084
2024-08-27 10:29:59,SOLUSDT,bid,145,5184.884
2024-08-27 10:30:20,SOLUSDT,ask,175,7679.904
2024-08-27 10:30:27,SOLUSDT,bid,150,6868.924
2024-08-27 10:30:36,SOLUSDT,ask,165,14035.538
2024-08-27 10:30:53,SOLUSDT,ask,161,5205.587
2024-08-27 10:31:26,SOLUSDT,ask,160,3989.535
2024-08-27 10:32:09,SOLUSDT,bid,145,5196.261
2024-08-27 10:32:16,SOLUSDT,ask,161,5206.587
2024-08-27 10:32:39,SOLUSDT,ask,160,3988.535
2024-08-27 10:32:39,SOLUSDT,ask,165,14036.538
2024-08-27 10:32:46,SOLUSDT,ask,162,15734.808
2024-08-27 10:32:48,SOLUSDT,bid,152,4228.697
2024-08-27 10:32:48,SOLUSDT,ask,168,8193.905
2024-08-27 10:32:52,SOLUSDT,ask,170,14684.808
2024-08-27 10:32:52,SOLUSDT,ask,175,7680.904
2024-08-27 10:33:00,SOLUSDT,ask,162,15740.791
2024-08-27 10:33:02,SOLUSDT,ask,162,15737.705
2024-08-27 10:33:03,SOLUSDT,ask,185,16334.996
2024-08-27 10:33:03,SOLUSDT,ask,190,22176.112
2024-08-27 10:33:03,SOLUSDT,ask,172,3016.511
2024-08-27 10:33:06,SOLUSDT,ask,161,5210.124
2024-08-27 10:33:18,SOLUSDT,ask,200,45067.579
2024-08-27 10:33:20,SOLUSDT,ask,160,3986.535
2024-08-27 10:33:22,SOLUSDT,ask,165,14035.976
2024-08-27 10:33:24,SOLUSDT,bid,100,23756.084
2024-08-27 10:33:30,SOLUSDT,ask,160,3985.536
2024-08-27 10:33:31,SOLUSDT,ask,162,15739.26
2024-08-27 10:33:40,SOLUSDT,ask,160,3984.537
2024-08-27 10:33:41,SOLUSDT,ask,161,5211.136
2024-08-27 10:33:52,SOLUSDT,ask,162,15737.26
2024-08-27 10:34:01,SOLUSDT,ask,160,3983.538
2024-08-27 10:34:32,SOLUSDT,bid,141,3610.227
2024-08-27 10:34:39,SOLUSDT,ask,170,14687.628
2024-08-27 10:34:42,SOLUSDT,ask,162,15737.764
2024-08-27 10:34:43,SOLUSDT,ask,161,5211.206
2024-08-27 10:35:02,SOLUSDT,ask,165,14036.296
2024-08-27 10:35:22,SOLUSDT,ask,180,22507.512
2024-08-27 10:35:25,SOLUSDT,bid,150,6856.608
2024-08-27 10:35:30,SOLUSDT,bid,140,12545.349
2024-08-27 10:36:05,SOLUSDT,ask,210,24289.011
2024-08-27 10:36:15,SOLUSDT,bid,142,5843.411
2024-08-27 10:36:17,SOLUSDT,bid,150,6856.508
2024-08-27 10:36:20,SOLUSDT,ask,160,4256.63
2024-08-27 10:36:20,SOLUSDT,ask,161,5212.468
2024-08-27 10:36:58,SOLUSDT,ask,175,7681.354
2024-08-27 10:36:59,SOLUSDT,bid,133,10218.514
2024-08-27 10:37:22,SOLUSDT,ask,163,5460.151
2024-08-27 10:37:23,SOLUSDT,bid,142,5841.13
2024-08-27 10:37:32,SOLUSDT,bid,138,4486.483
2024-08-27 10:37:34,SOLUSDT,ask,160,4256.01
2024-08-27 10:37:34,SOLUSDT,bid,140,12539.212
2024-08-27 10:37:35,SOLUSDT,ask,162,15602.025
2024-08-27 10:37:35,SOLUSDT,ask,160,4266.01
2024-08-27 10:37:46,SOLUSDT,ask,161,5222.468
2024-08-27 10:38:02,SOLUSDT,ask,162,15742.304
2024-08-27 10:38:07,SOLUSDT,ask,169,5563.401
2024-08-27 10:38:25,SOLUSDT,bid,133,10219.514
2024-08-27 10:38:47,SOLUSDT,bid,145,5207.037
2024-08-27 10:39:01,SOLUSDT,bid,121,4711.67
2024-08-27 10:39:02,SOLUSDT,ask,160,4266.085
2024-08-27 10:39:22,SOLUSDT,ask,180,22507.459
2024-08-27 10:39:23,SOLUSDT,ask,162,15741.685
2024-08-27 10:39:27,SOLUSDT,ask,160,3992.993
2024-08-27 10:39:32,SOLUSDT,ask,165,14048.112
2024-08-27 10:39:35,SOLUSDT,ask,161,5221.206
2024-08-27 10:39:39,SOLUSDT,bid,150,6856.574
2024-08-27 10:39:43,SOLUSDT,ask,165,14036.296
2024-08-27 10:39:53,SOLUSDT,ask,185,16346.812
2024-08-27 10:39:56,SOLUSDT,bid,150,6863.24
2024-08-27 10:40:41,SOLUSDT,ask,190,22169.01
2024-08-27 10:40:51,SOLUSDT,ask,160,3993.144
2024-08-27 10:40:59,SOLUSDT,ask,168,8193.974
2024-08-27 10:41:21,SOLUSDT,bid,152,4294.486
2024-08-27 10:41:26,SOLUSDT,ask,161,5222.468
2024-08-27 10:42:10,SOLUSDT,ask,160,3988.691
2024-08-27 10:42:15,SOLUSDT,ask,160,3987.516
2024-08-27 10:42:28,SOLUSDT,ask,162,15746.138
2024-08-27 10:42:36,SOLUSDT,bid,150,6796.574
2024-08-27 10:42:39,SOLUSDT,bid,140,12530.812
2024-08-27 10:43:14,SOLUSDT,bid,143,4336.916
2024-08-27 10:43:45,SOLUSDT,ask,161,5221.206
2024-08-27 10:43:54,SOLUSDT,ask,162,15745.634
2024-08-27 10:44:03,SOLUSDT,ask,175,7679.878
2024-08-27 10:44:17,SOLUSDT,ask,165,14036.096
2024-08-27 10:44:23,SOLUSDT,bid,150,6788.159
2024-08-27 10:44:27,SOLUSDT,ask,160,3988.02
2024-08-27 10:44:30,SOLUSDT,bid,80,12769.761
2024-08-27 10:44:32,SOLUSDT,ask,163,5469.825
2024-08-27 10:44:49,SOLUSDT,ask,161,5167.33
2024-08-27 10:45:29,SOLUSDT,ask,161,5221.206
2024-08-27 10:45:35,SOLUSDT,bid,143,4329.783
2024-08-27 10:45:54,SOLUSDT,ask,170,14686.597
2024-08-27 10:46:08,SOLUSDT,ask,160,4277.803
2024-08-27 10:46:10,SOLUSDT,ask,161,5222.468
2024-08-27 10:46:12,SOLUSDT,ask,160,4277.866
2024-08-27 10:46:19,SOLUSDT,ask,163,5469.733
2024-08-27 10:46:20,SOLUSDT,bid,95,8453.118
2024-08-27 10:46:59,SOLUSDT,ask,190,22166.01
2024-08-27 10:47:04,SOLUSDT,bid,142,5840.539
2024-08-27 10:47:07,SOLUSDT,ask,161,5222.02
2024-08-27 10:47:08,SOLUSDT,bid,150,6759.709
2024-08-27 10:47:09,SOLUSDT,ask,160,4276.616
2024-08-27 10:47:10,SOLUSDT,ask,160,4277.435
2024-08-27 10:47:21,SOLUSDT,ask,160,3987.652
2024-08-27 10:47:38,SOLUSDT,bid,141,3610.188
2024-08-27 10:47:40,SOLUSDT,ask,160,3988.1
2024-08-27 10:47:46,SOLUSDT,ask,162,15746.884
2024-08-27 10:48:09,SOLUSDT,ask,160,4008.1
2024-08-27 10:48:40,SOLUSDT,ask,165,14035.097
2024-08-27 10:48:56,SOLUSDT,ask,165,14034.274
2024-08-27 10:48:56,SOLUSDT,bid,135,10441.551
2024-08-27 10:49:00,SOLUSDT,ask,160,4008.147
2024-08-27 10:49:12,SOLUSDT,bid,140,12531.812
2024-08-27 10:49:27,SOLUSDT,ask,200,45066.751
2024-08-27 10:49:27,SOLUSDT,ask,160,4008.478
2024-08-27 10:49:33,SOLUSDT,ask,165,14013.902
2024-08-27 10:49:54,SOLUSDT,ask,160,4306.866
2024-08-27 10:50:09,SOLUSDT,bid,150,6769.709
2024-08-27 10:50:21,SOLUSDT,ask,195,19141.519
2024-08-27 10:50:22,SOLUSDT,ask,300,10062.685
2024-08-27 10:50:25,SOLUSDT,ask,195,13242.964
2024-08-27 10:50:32,SOLUSDT,ask,162,15746.746
2024-08-27 10:51:00,SOLUSDT,bid,150,6769.276
2024-08-27 10:51:04,SOLUSDT,ask,163,5469.433
2024-08-27 10:51:18,SOLUSDT,ask,160,4306.828
2024-08-27 10:51:18,SOLUSDT,ask,161,5221.982
2024-08-27 10:51:18,SOLUSDT,ask,162,15746.708
2024-08-27 10:51:20,SOLUSDT,ask,180,22506.134
2024-08-27 10:51:22,SOLUSDT,ask,183,2921.017
2024-08-27 10:51:39,SOLUSDT,ask,165,14012.63
2024-08-27 10:52:17,SOLUSDT,ask,185,16332.175
2024-08-27 10:52:22,SOLUSDT,ask,180,22507.381
2024-08-27 10:52:24,SOLUSDT,bid,130,10851.641
2024-08-27 10:52:48,SOLUSDT,ask,160,4314.147
2024-08-27 10:52:56,SOLUSDT,ask,160,4353.331
2024-08-27 10:53:00,SOLUSDT,bid,120,32364.673
2024-08-27 10:53:19,SOLUSDT,bid,105,8279.332
2024-08-27 10:54:13,SOLUSDT,ask,160,4354.333
2024-08-27 10:54:13,SOLUSDT,ask,162,15745.706
2024-08-27 10:54:18,SOLUSDT,ask,161,5220.403
2024-08-27 10:54:29,SOLUSDT,bid,90,9587.777
2024-08-27 10:54:34,SOLUSDT,ask,160,4353.42
2024-08-27 10:54:40,SOLUSDT,ask,165,14019.165
2024-08-27 10:54:41,SOLUSDT,ask,200,45065.94
2024-08-27 10:55:03,SOLUSDT,ask,162,15545.706
2024-08-27 10:55:24,SOLUSDT,ask,160,4352.158
2024-08-27 10:56:01,SOLUSDT,ask,161,5218.507
2024-08-27 10:56:03,SOLUSDT,ask,200,45066.751
2024-08-27 10:56:14,SOLUSDT,bid,135,10441.513
2024-08-27 10:56:14,SOLUSDT,ask,162,15545.668
2024-08-27 10:56:14,SOLUSDT,ask,180,22507.343
2024-08-27 10:56:29,SOLUSDT,bid,152,4292.342
2024-08-27 10:56:39,SOLUSDT,ask,162,15547.668
2024-08-27 10:56:46,SOLUSDT,bid,150,6769.346
2024-08-27 10:56:56,SOLUSDT,bid,140,12532.822
2024-08-27 10:57:09,SOLUSDT,ask,160,4357.249
2024-08-27 10:57:25,SOLUSDT,bid,142,5838.584
2024-08-27 10:57:37,SOLUSDT,ask,163,5475.031
2024-08-27 10:57:45,SOLUSDT,ask,190,22165.942
2024-08-27 10:57:50,SOLUSDT,bid,140,12534.805
2024-08-27 10:57:54,SOLUSDT,ask,188,13331.617
2024-08-27 10:58:02,SOLUSDT,ask,160,4355.251
2024-08-27 10:58:30,SOLUSDT,bid,150,6770.346
2024-08-27 10:58:34,SOLUSDT,bid,140,12532.377
2024-08-27 10:58:37,SOLUSDT,bid,152,4677.677
2024-08-27 10:59:22,SOLUSDT,ask,160,4350.16
2024-08-27 10:59:23,SOLUSDT,ask,162,15542.713
2024-08-27 10:59:24,SOLUSDT,ask,160,4534.78
2024-08-27 10:59:27,SOLUSDT,ask,162,15518.579
2024-08-27 10:59:33,SOLUSDT,bid,125,10182.502
2024-08-27 10:59:42,SOLUSDT,ask,163,5477.031
2024-08-27 11:00:04,SOLUSDT,ask,160,4534.146
2024-08-27 11:00:17,SOLUSDT,ask,161,5229.744
2024-08-27 11:00:28,SOLUSDT,ask,160,4555.218
2024-08-27 11:00:28,SOLUSDT,bid,150,6796.74
2024-08-27 11:00:44,SOLUSDT,ask,161,5254.362
2024-08-27 11:00:44,SOLUSDT,ask,165,14000.2
2024-08-27 11:00:54,SOLUSDT,ask,161,5251.972
2024-08-27 11:01:00,SOLUSDT,ask,162,15502.778
2024-08-27 11:01:02,SOLUSDT,ask,175,7679.915
2024-08-27 11:01:06,SOLUSDT,ask,160,4568.132
2024-08-27 11:01:09,SOLUSDT,bid,140,12532.414
2024-08-27 11:01:11,SOLUSDT,ask,160,4568.752
2024-08-27 11:01:49,SOLUSDT,ask,160,4572.752
2024-08-27 11:02:22,SOLUSDT,bid,135,10481.513
2024-08-27 11:02:23,SOLUSDT,ask,161,5247.487
2024-08-27 11:02:26,SOLUSDT,bid,152,4677.742
2024-08-27 11:02:38,SOLUSDT,ask,161,5240.493
2024-08-27 11:03:04,SOLUSDT,ask,160,4571.605
2024-08-27 11:03:42,SOLUSDT,ask,162,15505.93
2024-08-27 11:03:42,SOLUSDT,ask,165,13997.048
2024-08-27 11:03:47,SOLUSDT,bid,135,10441.513
2024-08-27 11:03:49,SOLUSDT,bid,150,6809.965
2024-08-27 11:04:05,SOLUSDT,bid,150,6788.965
2024-08-27 11:04:06,SOLUSDT,bid,140,12531.787
2024-08-27 11:04:21,SOLUSDT,bid,120,32356.673
2024-08-27 11:04:25,SOLUSDT,ask,182,6828.137
2024-08-27 11:04:27,SOLUSDT,bid,115,16456.595
2024-08-27 11:04:48,SOLUSDT,bid,145,5172.556
2024-08-27 11:04:54,SOLUSDT,bid,115,16500.071
2024-08-27 11:04:59,SOLUSDT,ask,160,4572.077
2024-08-27 11:05:10,SOLUSDT,bid,140,12532.414
2024-08-27 11:05:12,SOLUSDT,ask,160,4572.215
2024-08-27 11:05:15,SOLUSDT,bid,152,4677.085
2024-08-27 11:05:30,SOLUSDT,ask,166,3188.936
2024-08-27 11:05:35,SOLUSDT,ask,160,4571.971
2024-08-27 11:05:53,SOLUSDT,ask,161,5239.74
2024-08-27 11:06:13,SOLUSDT,bid,95,8453.118
2024-08-27 11:06:29,SOLUSDT,bid,141,3611.188
2024-08-27 11:06:30,SOLUSDT,bid,150,6789.965
2024-08-27 11:06:40,SOLUSDT,bid,140,12533.03
2024-08-27 11:06:41,SOLUSDT,ask,160,4644.1
2024-08-27 11:06:50,SOLUSDT,bid,150,6747.965
2024-08-27 11:06:56,SOLUSDT,ask,170,14685.997
2024-08-27 11:06:59,SOLUSDT,ask,161,5241.097
2024-08-27 11:07:00,SOLUSDT,ask,170,12380.613
2024-08-27 11:07:03,SOLUSDT,ask,160,4645.099
2024-08-27 11:07:08,SOLUSDT,bid,145,5173.002
2024-08-27 11:07:11,SOLUSDT,ask,165,16302.432
2024-08-27 11:07:15,SOLUSDT,ask,188,13332.0
2024-08-27 11:07:23,SOLUSDT,ask,170,12381.213
2024-08-27 11:07:53,SOLUSDT,ask,162,15510.885
2024-08-27 11:08:26,SOLUSDT,ask,161,5241.688
2024-08-27 11:08:32,SOLUSDT,bid,131,8966.602
2024-08-27 11:09:17,SOLUSDT,bid,145,5173.488
2024-08-27 11:09:32,SOLUSDT,ask,162,15510.304
2024-08-27 11:09:32,SOLUSDT,ask,165,16301.851
2024-08-27 11:09:43,SOLUSDT,bid,150,6760.119
2024-08-27 11:10:22,SOLUSDT,bid,140,12528.03
2024-08-27 11:11:04,SOLUSDT,bid,130,10853.056
2024-08-27 11:11:18,SOLUSDT,ask,200,45066.412
2024-08-27 11:11:50,SOLUSDT,bid,150,6755.119
2024-08-27 11:12:15,SOLUSDT,ask,200,45066.582
2024-08-27 11:12:15,SOLUSDT,ask,162,15511.004
2024-08-27 11:12:31,SOLUSDT,ask,160,4645.142
2024-08-27 11:12:39,SOLUSDT,bid,150,6754.119
2024-08-27 11:12:42,SOLUSDT,ask,161,5246.865
2024-08-27 11:12:43,SOLUSDT,ask,166,3187.639
2024-08-27 11:12:49,SOLUSDT,ask,163,5476.999
2024-08-27 11:13:20,SOLUSDT,bid,141,3607.188
2024-08-27 11:13:20,SOLUSDT,bid,138,4483.114
2024-08-27 11:13:50,SOLUSDT,ask,160,4645.174
2024-08-27 11:13:50,SOLUSDT,ask,162,15506.794
2024-08-27 11:14:02,SOLUSDT,ask,160,4645.274
2024-08-27 11:14:10,SOLUSDT,ask,166,3188.936
2024-08-27 11:14:19,SOLUSDT,ask,165,16310.021
2024-08-27 11:14:47,SOLUSDT,ask,161,5246.997
2024-08-27 11:16:05,SOLUSDT,bid,150,6741.965
2024-08-27 11:16:20,SOLUSDT,bid,142,6045.201
2024-08-27 11:16:55,SOLUSDT,ask,160,4656.415
2024-08-27 11:17:05,SOLUSDT,bid,135,10441.35
2024-08-27 11:17:48,SOLUSDT,ask,160,4656.54
2024-08-27 11:17:49,SOLUSDT,ask,160,4645.399
2024-08-27 11:18:10,SOLUSDT,ask,160,4656.54
2024-08-27 11:18:32,SOLUSDT,ask,162,15503.612
2024-08-27 11:18:50,SOLUSDT,ask,160,4645.399
2024-08-27 11:18:58,SOLUSDT,ask,165,16304.181
2024-08-27 11:19:01,SOLUSDT,ask,180,22507.383
2024-08-27 11:19:06,SOLUSDT,ask,175,7619.546
2024-08-27 11:19:06,SOLUSDT,ask,188,13271.63
2024-08-27 11:19:18,SOLUSDT,ask,161,5251.997
2024-08-27 11:19:21,SOLUSDT,ask,160,4347.011
2024-08-27 11:19:25,SOLUSDT,ask,162,15506.794
2024-08-27 11:19:37,SOLUSDT,bid,133,10223.273
2024-08-27 11:19:40,SOLUSDT,bid,145,5173.888
2024-08-27 11:19:41,SOLUSDT,bid,130,10853.228
2024-08-27 11:19:42,SOLUSDT,bid,140,12525.888
2024-08-27 11:19:44,SOLUSDT,bid,111,12441.772
2024-08-27 11:19:49,SOLUSDT,ask,163,5478.709
2024-08-27 11:19:55,SOLUSDT,bid,133,10219.514
2024-08-27 11:19:56,SOLUSDT,bid,111,12437.268
2024-08-27 11:19:57,SOLUSDT,bid,95,8453.118
2024-08-27 11:20:13,SOLUSDT,bid,143,4331.88
2024-08-27 11:20:15,SOLUSDT,ask,160,4645.624
2024-08-27 11:20:52,SOLUSDT,bid,120,32356.565
2024-08-27 11:20:56,SOLUSDT,ask,160,4645.886
2024-08-27 11:21:10,SOLUSDT,bid,133,10223.514
2024-08-27 11:21:15,SOLUSDT,ask,162,15505.851
2024-08-27 11:21:15,SOLUSDT,bid,120,32356.117
2024-08-27 11:21:15,SOLUSDT,ask,161,5251.945
2024-08-27 11:21:16,SOLUSDT,bid,135,10441.001
2024-08-27 11:21:31,SOLUSDT,bid,95,8453.118
2024-08-27 11:21:47,SOLUSDT,bid,140,12525.823
2024-08-27 11:22:09,SOLUSDT,bid,125,10177.492
2024-08-27 11:22:11,SOLUSDT,bid,130,10848.228
2024-08-27 11:22:42,SOLUSDT,ask,160,4658.168
2024-08-27 11:23:06,SOLUSDT,ask,163,5477.409
2024-08-27 11:23:09,SOLUSDT,ask,160,4658.22
2024-08-27 11:23:10,SOLUSDT,ask,181,3240.525
2024-08-27 11:23:25,SOLUSDT,ask,162,15395.022
2024-08-27 11:23:37,SOLUSDT,ask,160,4359.607
2024-08-27 11:23:39,SOLUSDT,ask,161,5250.683
2024-08-27 11:23:41,SOLUSDT,ask,160,4369.977
2024-08-27 11:23:44,SOLUSDT,ask,160,4359.607
2024-08-27 11:23:50,SOLUSDT,ask,188,13271.254
2024-08-27 11:24:07,SOLUSDT,bid,150,6742.965
2024-08-27 11:24:44,SOLUSDT,bid,140,12520.823
2024-08-27 11:24:56,SOLUSDT,bid,145,5168.888
2024-08-27 11:25:07,SOLUSDT,ask,162,15393.022
2024-08-27 11:25:10,SOLUSDT,ask,165,16303.743
2024-08-27 11:25:42,SOLUSDT,bid,140,12517.813
2024-08-27 11:25:43,SOLUSDT,bid,145,5165.44
2024-08-27 11:25:51,SOLUSDT,bid,150,6744.298
2024-08-27 11:25:53,SOLUSDT,bid,150,6583.225
2024-08-27 11:26:05,SOLUSDT,ask,160,4359.563
2024-08-27 11:26:16,SOLUSDT,ask,160,4359.639
2024-08-27 11:26:33,SOLUSDT,ask,161,5251.121
2024-08-27 11:26:33,SOLUSDT,ask,166,3187.695
2024-08-27 11:26:46,SOLUSDT,ask,169,5564.61
2024-08-27 11:27:04,SOLUSDT,ask,161,5253.121
2024-08-27 11:28:09,SOLUSDT,ask,220,10539.664
2024-08-27 11:28:15,SOLUSDT,ask,160,4359.757
2024-08-27 11:28:23,SOLUSDT,ask,161,5253.353
2024-08-27 11:28:29,SOLUSDT,ask,162,15393.252
2024-08-27 11:28:38,SOLUSDT,ask,163,5477.637
2024-08-27 11:28:39,SOLUSDT,bid,130,10840.536
2024-08-27 11:28:51,SOLUSDT,ask,163,5476.637
2024-08-27 11:28:54,SOLUSDT,ask,165,16303.965
2024-08-27 11:29:03,SOLUSDT,ask,162,15389.287
2024-08-27 11:29:13,SOLUSDT,ask,170,12380.816
2024-08-27 11:29:19,SOLUSDT,ask,220,10540.329
2024-08-27 11:29:30,SOLUSDT,ask,165,16303.913
2024-08-27 11:29:34,SOLUSDT,ask,160,4358.938
2024-08-27 11:29:34,SOLUSDT,ask,166,3152.195
2024-08-27 11:29:56,SOLUSDT,ask,167,9783.809
2024-08-27 11:30:27,SOLUSDT,ask,160,4358.972
2024-08-27 11:30:27,SOLUSDT,ask,165,16303.879
2024-08-27 11:30:44,SOLUSDT,bid,141,3612.79
2024-08-27 11:31:08,SOLUSDT,ask,160,4390.312
2024-08-27 11:31:15,SOLUSDT,bid,135,10440.927
2024-08-27 11:31:42,SOLUSDT,ask,163,5481.637
2024-08-27 11:31:51,SOLUSDT,ask,163,5479.637
2024-08-27 11:32:00,SOLUSDT,ask,160,4393.912
2024-08-27 11:32:18,SOLUSDT,ask,162,15362.091
2024-08-27 11:32:43,SOLUSDT,bid,152,4675.029
2024-08-27 11:32:43,SOLUSDT,ask,161,5253.415
2024-08-27 11:32:46,SOLUSDT,ask,160,4393.412
2024-08-27 11:32:46,SOLUSDT,ask,162,15360.841
2024-08-27 11:33:13,SOLUSDT,ask,160,4395.632
2024-08-27 11:33:15,SOLUSDT,ask,165,16304.879
2024-08-27 11:33:23,SOLUSDT,ask,190,22163.944
2024-08-27 11:33:38,SOLUSDT,bid,90,9585.777
2024-08-27 11:33:40,SOLUSDT,bid,80,12767.761
2024-08-27 11:33:53,SOLUSDT,ask,160,4364.292
2024-08-27 11:34:06,SOLUSDT,ask,195,13244.962
2024-08-27 11:34:56,SOLUSDT,ask,180,22508.834
2024-08-27 11:35:08,SOLUSDT,bid,115,16246.685
2024-08-27 11:35:23,SOLUSDT,ask,160,4364.659
2024-08-27 11:35:29,SOLUSDT,ask,200,45066.727
2024-08-27 11:35:34,SOLUSDT,ask,160,4634.804
2024-08-27 11:35:35,SOLUSDT,ask,210,24288.974
2024-08-27 11:36:47,SOLUSDT,bid,152,4638.951
2024-08-27 11:36:58,SOLUSDT,ask,190,21775.965
2024-08-27 11:37:00,SOLUSDT,ask,185,16301.49
2024-08-27 11:37:12,SOLUSDT,ask,170,12370.399
2024-08-27 11:37:18,SOLUSDT,bid,115,16244.23
2024-08-27 11:37:19,SOLUSDT,ask,169,5564.221
2024-08-27 11:37:22,SOLUSDT,ask,163,5480.297
2024-08-27 11:37:26,SOLUSDT,ask,185,16720.154
2024-08-27 11:37:31,SOLUSDT,ask,168,8191.974
2024-08-27 11:37:49,SOLUSDT,ask,170,12380.816
2024-08-27 11:37:53,SOLUSDT,ask,160,3697.362
2024-08-27 11:37:53,SOLUSDT,ask,168,8191.564
2024-08-27 11:38:07,SOLUSDT,ask,163,5480.432
2024-08-27 11:38:16,SOLUSDT,ask,162,15361.23
2024-08-27 11:38:19,SOLUSDT,bid,110,20250.038
2024-08-27 11:38:20,SOLUSDT,ask,170,12380.704
2024-08-27 11:38:24,SOLUSDT,ask,160,4654.804
2024-08-27 11:38:33,SOLUSDT,ask,163,5480.544
2024-08-27 11:38:35,SOLUSDT,ask,162,15371.23
2024-08-27 11:38:42,SOLUSDT,ask,162,14629.654
2024-08-27 11:38:51,SOLUSDT,ask,162,14629.265
2024-08-27 11:38:59,SOLUSDT,ask,170,12379.746
2024-08-27 11:39:00,SOLUSDT,ask,168,8188.185
2024-08-27 11:39:02,SOLUSDT,ask,160,4655.283
2024-08-27 11:39:05,SOLUSDT,ask,193,5522.466
2024-08-27 11:39:13,SOLUSDT,ask,161,5263.415
2024-08-27 11:39:42,SOLUSDT,ask,193,5523.944
2024-08-27 11:39:52,SOLUSDT,ask,162,14619.265
2024-08-27 11:39:54,SOLUSDT,ask,162,14619.654
2024-08-27 11:40:08,SOLUSDT,ask,190,21784.258
2024-08-27 11:40:50,SOLUSDT,ask,193,5524.054
2024-08-27 11:40:53,SOLUSDT,bid,143,4331.99
2024-08-27 11:40:56,SOLUSDT,bid,110,20250.148
2024-08-27 11:41:22,SOLUSDT,ask,161,5277.199
2024-08-27 11:41:30,SOLUSDT,bid,152,4488.714
2024-08-27 11:41:55,SOLUSDT,ask,161,5333.029
2024-08-27 11:42:02,SOLUSDT,ask,161,5333.304
2024-08-27 11:42:07,SOLUSDT,bid,140,12512.897
2024-08-27 11:42:16,SOLUSDT,ask,161,5323.304
2024-08-27 11:42:53,SOLUSDT,ask,160,4635.283
2024-08-27 11:42:53,SOLUSDT,ask,163,5307.879
2024-08-27 11:42:58,SOLUSDT,bid,150,6546.559
2024-08-27 11:42:59,SOLUSDT,bid,150,6546.93
2024-08-27 11:43:00,SOLUSDT,bid,145,5164.434
2024-08-27 11:43:18,SOLUSDT,ask,161,5372.924
2024-08-27 11:43:28,SOLUSDT,ask,161,5323.304
2024-08-27 11:44:00,SOLUSDT,bid,152,4488.753
2024-08-27 11:44:00,SOLUSDT,bid,142,6040.201
2024-08-27 11:44:06,SOLUSDT,bid,150,6546.97
2024-08-27 11:44:10,SOLUSDT,ask,162,14424.948
2024-08-27 11:44:16,SOLUSDT,bid,150,6535.97
2024-08-27 11:45:08,SOLUSDT,ask,170,12378.746
2024-08-27 11:45:22,SOLUSDT,ask,160,4636.283
2024-08-27 11:45:47,SOLUSDT,ask,162,14429.136
2024-08-27 11:46:16,SOLUSDT,ask,162,14423.153
2024-08-27 11:46:19,SOLUSDT,ask,162,14424.153
2024-08-27 11:46:34,SOLUSDT,ask,160,4636.383
2024-08-27 11:46:58,SOLUSDT,bid,110,20075.442
2024-08-27 11:47:10,SOLUSDT,ask,165,16388.854
2024-08-27 11:47:10,SOLUSDT,ask,165,16389.179
2024-08-27 11:47:15,SOLUSDT,ask,165,16391.823
2024-08-27 11:47:25,SOLUSDT,ask,160,4652.205
2024-08-27 11:47:46,SOLUSDT,ask,162,14418.34
2024-08-27 11:47:52,SOLUSDT,bid,138,4481.44
2024-08-27 11:47:55,SOLUSDT,ask,160,4636.383
2024-08-27 11:48:03,SOLUSDT,ask,200,45073.02
2024-08-27 11:48:10,SOLUSDT,ask,160,4637.514
2024-08-27 11:48:10,SOLUSDT,ask,160,4637.577
2024-08-27 11:48:14,SOLUSDT,ask,160,4636.993
2024-08-27 11:48:24,SOLUSDT,ask,160,4635.862
2024-08-27 11:48:26,SOLUSDT,ask,160,4685.482
2024-08-27 11:48:31,SOLUSDT,bid,145,5163.43
2024-08-27 11:48:31,SOLUSDT,ask,160,4685.419
2024-08-27 11:48:33,SOLUSDT,bid,150,6535.45
2024-08-27 11:48:42,SOLUSDT,ask,165,16195.038
2024-08-27 11:48:45,SOLUSDT,bid,150,6546.325
2024-08-27 11:48:50,SOLUSDT,ask,161,5324.706
2024-08-27 11:48:53,SOLUSDT,ask,162,14418.813
2024-08-27 11:49:04,SOLUSDT,ask,160,4685.459
2024-08-27 11:49:07,SOLUSDT,bid,145,5162.157
2024-08-27 11:49:28,SOLUSDT,ask,197,11781.947
2024-08-27 11:49:29,SOLUSDT,ask,210,24221.863
2024-08-27 11:49:33,SOLUSDT,bid,143,4416.958
2024-08-27 11:49:45,SOLUSDT,ask,197,11779.454
2024-08-27 11:49:52,SOLUSDT,ask,162,14418.393
2024-08-27 11:49:58,SOLUSDT,ask,170,12445.857
2024-08-27 11:50:32,SOLUSDT,bid,152,4482.553
2024-08-27 11:50:35,SOLUSDT,bid,143,4417.036
2024-08-27 11:50:36,SOLUSDT,ask,160,4684.459
2024-08-27 11:50:42,SOLUSDT,bid,143,4417.192
2024-08-27 11:50:43,SOLUSDT,ask,300,10062.784
2024-08-27 11:50:44,SOLUSDT,ask,165,16194.026
2024-08-27 11:50:47,SOLUSDT,ask,162,14419.393
2024-08-27 11:50:56,SOLUSDT,ask,160,4645.275
2024-08-27 11:51:04,SOLUSDT,bid,143,4417.036
2024-08-27 11:51:06,SOLUSDT,bid,143,4416.958
2024-08-27 11:51:18,SOLUSDT,ask,160,4503.11
2024-08-27 11:51:21,SOLUSDT,bid,130,10830.536
2024-08-27 11:51:33,SOLUSDT,bid,145,5172.157
2024-08-27 11:51:49,SOLUSDT,bid,131,8966.663
2024-08-27 11:51:51,SOLUSDT,bid,115,16244.185
2024-08-27 11:51:51,SOLUSDT,ask,162,14419.348
2024-08-27 11:51:52,SOLUSDT,ask,160,4503.53
2024-08-27 11:52:06,SOLUSDT,ask,175,7615.55
2024-08-27 11:52:17,SOLUSDT,ask,162,14412.238
2024-08-27 11:52:20,SOLUSDT,bid,131,8966.602
2024-08-27 11:52:21,SOLUSDT,bid,110,20070.897
2024-08-27 11:52:26,SOLUSDT,ask,160,4502.781
2024-08-27 11:52:45,SOLUSDT,ask,162,14322.238
2024-08-27 11:52:49,SOLUSDT,ask,160,4502.481
2024-08-27 11:52:55,SOLUSDT,ask,200,45066.727
2024-08-27 11:53:06,SOLUSDT,bid,110,20052.716
2024-08-27 11:53:08,SOLUSDT,ask,161,5323.706
2024-08-27 11:53:34,SOLUSDT,bid,131,8965.602
2024-08-27 11:53:58,SOLUSDT,ask,165,15985.901
2024-08-27 11:54:19,SOLUSDT,ask,168,8396.31
2024-08-27 11:54:36,SOLUSDT,ask,161,5324.706
2024-08-27 11:54:40,SOLUSDT,ask,162,14326.031
2024-08-27 11:54:42,SOLUSDT,bid,140,12510.897
2024-08-27 11:54:42,SOLUSDT,bid,136,7336.058
2024-08-27 11:54:49,SOLUSDT,bid,145,5162.157
2024-08-27 11:54:49,SOLUSDT,ask,162,14327.031
2024-08-27 11:55:11,SOLUSDT,ask,163,5308.909
2024-08-27 11:55:48,SOLUSDT,bid,143,4417.058
2024-08-27 11:55:48,SOLUSDT,bid,140,12510.797
2024-08-27 11:56:04,SOLUSDT,ask,170,12444.857
2024-08-27 11:56:05,SOLUSDT,bid,131,8965.802
2024-08-27 11:56:10,SOLUSDT,ask,160,4499.046
2024-08-27 11:56:12,SOLUSDT,bid,125,10177.692
2024-08-27 11:56:30,SOLUSDT,ask,168,8395.31
2024-08-27 11:56:30,SOLUSDT,ask,180,22509.401
2024-08-27 11:56:36,SOLUSDT,ask,161,5325.421
2024-08-27 11:56:36,SOLUSDT,ask,162,14322.076
2024-08-27 11:56:36,SOLUSDT,ask,161,5351.909
2024-08-27 11:56:38,SOLUSDT,ask,167,9781.809
2024-08-27 11:56:47,SOLUSDT,ask,170,12436.857
2024-08-27 11:56:51,SOLUSDT,bid,150,6537.568
2024-08-27 11:56:56,SOLUSDT,ask,160,4499.092
2024-08-27 11:57:03,SOLUSDT,ask,162,14316.689
2024-08-27 11:57:05,SOLUSDT,bid,150,6323.674
2024-08-27 11:57:15,SOLUSDT,ask,160,4543.383
2024-08-27 11:57:16,SOLUSDT,bid,142,6040.534
2024-08-27 11:57:26,SOLUSDT,ask,190,21784.305
2024-08-27 11:57:43,SOLUSDT,ask,162,14347.78
2024-08-27 11:57:47,SOLUSDT,bid,120,32362.058
2024-08-27 11:57:48,SOLUSDT,ask,170,12436.509
2024-08-27 11:57:52,SOLUSDT,ask,198,5923.764
2024-08-27 11:57:55,SOLUSDT,ask,161,5351.471
2024-08-27 11:57:58,SOLUSDT,ask,160,4543.731
2024-08-27 11:58:11,SOLUSDT,bid,140,12510.723
2024-08-27 11:58:11,SOLUSDT,bid,136,7336.132
2024-08-27 11:58:28,SOLUSDT,bid,150,6324.505
2024-08-27 11:58:35,SOLUSDT,ask,162,14347.458
2024-08-27 11:58:45,SOLUSDT,bid,140,12443.305
2024-08-27 11:59:00,SOLUSDT,bid,142,6048.017
2024-08-27 11:59:21,SOLUSDT,ask,162,14341.915
2024-08-27 11:59:25,SOLUSDT,bid,150,6387.428
2024-08-27 11:59:57,SOLUSDT,ask,160,4549.872
2024-08-27 12:00:06,SOLUSDT,bid,145,5154.687
2024-08-27 12:00:08,SOLUSDT,ask,161,5353.469
2024-08-27 12:00:13,SOLUSDT,ask,161,5354.104
2024-08-27 12:00:14,SOLUSDT,ask,160,4554.976
2024-08-27 12:00:28,SOLUSDT,ask,160,4548.835
2024-08-27 12:00:30,SOLUSDT,bid,141,3632.79
2024-08-27 12:00:31,SOLUSDT,ask,167,9779.543
2024-08-27 12:00:37,SOLUSDT,ask,162,14348.894
2024-08-27 12:01:00,SOLUSDT,bid,100,23746.084
2024-08-27 12:01:36,SOLUSDT,ask,160,4548.789
2024-08-27 12:02:06,SOLUSDT,ask,200,45066.101
2024-08-27 12:02:22,SOLUSDT,bid,115,16248.168
2024-08-27 12:02:40,SOLUSDT,ask,161,5364.104
2024-08-27 12:02:44,SOLUSDT,ask,160,8083.688
2024-08-27 12:03:06,SOLUSDT,bid,152,4481.553
2024-08-27 12:03:11,SOLUSDT,bid,115,16228.168
2024-08-27 12:03:13,SOLUSDT,bid,120,32352.058
2024-08-27 12:03:21,SOLUSDT,ask,182,6829.709
2024-08-27 12:03:52,SOLUSDT,ask,160,8083.984
2024-08-27 12:04:01,SOLUSDT,ask,160,8086.201
2024-08-27 12:04:08,SOLUSDT,ask,160,8085.939
2024-08-27 12:04:28,SOLUSDT,ask,210,24216.676
2024-08-27 12:04:28,SOLUSDT,bid,150,6367.775
2024-08-27 12:04:34,SOLUSDT,bid,152,4462.159
2024-08-27 12:04:39,SOLUSDT,ask,200,45072.394
2024-08-27 12:04:43,SOLUSDT,ask,160,8086.939
2024-08-27 12:04:43,SOLUSDT,ask,162,14210.586
2024-08-27 12:04:44,SOLUSDT,bid,143,4382.093
2024-08-27 12:04:55,SOLUSDT,ask,170,12432.509
2024-08-27 12:05:32,SOLUSDT,ask,170,12434.509
2024-08-27 12:05:39,SOLUSDT,bid,125,10182.692
2024-08-27 12:05:49,SOLUSDT,bid,140,12444.305
2024-08-27 12:05:55,SOLUSDT,ask,162,14219.865
2024-08-27 12:06:21,SOLUSDT,bid,125,10187.826
2024-08-27 12:06:24,SOLUSDT,ask,161,5363.233
2024-08-27 12:06:45,SOLUSDT,bid,130,10829.527
2024-08-27 12:06:54,SOLUSDT,bid,130,10829.488
2024-08-27 12:07:07,SOLUSDT,bid,152,4462.103
2024-08-27 12:07:07,SOLUSDT,bid,150,6367.719
2024-08-27 12:07:07,SOLUSDT,ask,160,8086.883
2024-08-27 12:07:07,SOLUSDT,ask,161,5363.177
2024-08-27 12:07:07,SOLUSDT,ask,162,14219.809
2024-08-27 12:07:07,SOLUSDT,ask,163,5308.853
2024-08-27 12:07:07,SOLUSDT,ask,165,15985.845
2024-08-27 12:07:07,SOLUSDT,ask,166,3152.139
2024-08-27 12:07:07,SOLUSDT,ask,167,9779.487
2024-08-27 12:07:07,SOLUSDT,ask,168,8395.254
2024-08-27 12:07:07,SOLUSDT,ask,169,5564.165
2024-08-27 12:07:07,SOLUSDT,ask,170,12434.453
2024-08-27 12:07:35,SOLUSDT,ask,160,8087.005
2024-08-27 12:08:01,SOLUSDT,bid,125,10187.986
2024-08-27 12:08:09,SOLUSDT,ask,160,8037.385
2024-08-27 12:08:23,SOLUSDT,ask,165,15993.648
2024-08-27 12:08:32,SOLUSDT,ask,160,8275.625
2024-08-27 12:08:34,SOLUSDT,ask,180,22510.628
2024-08-27 12:08:50,SOLUSDT,bid,145,5156.687
2024-08-27 12:08:51,SOLUSDT,ask,160,8037.385
2024-08-27 12:08:59,SOLUSDT,ask,195,13245.003
2024-08-27 12:09:01,SOLUSDT,ask,170,12442.5
2024-08-27 12:09:04,SOLUSDT,ask,160,8275.625
2024-08-27 12:09:04,SOLUSDT,ask,170,12442.412
2024-08-27 12:09:04,SOLUSDT,ask,162,14220.39
2024-08-27 12:09:20,SOLUSDT,ask,161,5359.615
2024-08-27 12:09:32,SOLUSDT,ask,160,8037.385
2024-08-27 12:10:14,SOLUSDT,ask,170,12442.346
2024-08-27 12:10:21,SOLUSDT,bid,112,6493.104
2024-08-27 12:10:25,SOLUSDT,ask,160,8037.478
2024-08-27 12:10:36,SOLUSDT,ask,300,10062.685
2024-08-27 12:10:38,SOLUSDT,ask,160,8038.478
2024-08-27 12:10:43,SOLUSDT,ask,161,5360.615
2024-08-27 12:10:45,SOLUSDT,ask,163,5309.211
2024-08-27 12:10:46,SOLUSDT,ask,160,8035.572
2024-08-27 12:10:50,SOLUSDT,ask,162,14221.39
2024-08-27 12:10:50,SOLUSDT,bid,140,12435.907
2024-08-27 12:10:51,SOLUSDT,ask,163,5308.966
2024-08-27 12:10:52,SOLUSDT,ask,160,8035.641
2024-08-27 12:10:53,SOLUSDT,bid,110,20043.626
2024-08-27 12:10:58,SOLUSDT,ask,167,9777.102
2024-08-27 12:11:11,SOLUSDT,bid,143,4382.171
2024-08-27 12:11:11,SOLUSDT,bid,143,4382.249
2024-08-27 12:11:11,SOLUSDT,bid,120,32351.962
2024-08-27 12:11:11,SOLUSDT,ask,162,14221.319
2024-08-27 12:11:11,SOLUSDT,ask,200,45072.336
2024-08-27 12:11:13,SOLUSDT,bid,145,5164.795
2024-08-27 12:11:15,SOLUSDT,bid,143,4382.327
2024-08-27 12:11:16,SOLUSDT,ask,161,5320.099
2024-08-27 12:11:30,SOLUSDT,bid,150,6304.796
2024-08-27 12:11:31,SOLUSDT,ask,160,8028.911
2024-08-27 12:11:34,SOLUSDT,ask,168,8397.223
2024-08-27 12:11:43,SOLUSDT,ask,195,13250.18
2024-08-27 12:11:52,SOLUSDT,bid,143,4363.082
2024-08-27 12:11:57,SOLUSDT,ask,167,9777.42
2024-08-27 12:12:04,SOLUSDT,ask,168,8395.254
2024-08-27 12:12:13,SOLUSDT,bid,150,6304.463
2024-08-27 12:12:13,SOLUSDT,ask,175,7617.519
2024-08-27 12:12:13,SOLUSDT,bid,145,5197.993
2024-08-27 12:12:14,SOLUSDT,ask,165,16023.648
2024-08-27 12:12:35,SOLUSDT,ask,162,14220.32
2024-08-27 12:12:35,SOLUSDT,bid,125,10185.595
2024-08-27 12:13:10,SOLUSDT,ask,165,16023.588
2024-08-27 12:13:30,SOLUSDT,ask,160,8022.568
2024-08-27 12:13:31,SOLUSDT,ask,160,8025.568
2024-08-27 12:13:31,SOLUSDT,ask,163,5305.966
2024-08-27 12:13:32,SOLUSDT,ask,162,14220.382
2024-08-27 12:13:43,SOLUSDT,ask,162,14233.83
2024-08-27 12:13:43,SOLUSDT,ask,165,16022.768
2024-08-27 12:13:47,SOLUSDT,bid,135,10430.927
2024-08-27 12:14:10,SOLUSDT,bid,130,10819.488
2024-08-27 12:14:14,SOLUSDT,ask,160,8025.19
2024-08-27 12:14:27,SOLUSDT,ask,163,5305.608
2024-08-27 12:14:28,SOLUSDT,ask,167,9777.102
2024-08-27 12:14:33,SOLUSDT,ask,162,14220.382
2024-08-27 12:14:33,SOLUSDT,ask,165,16036.216
2024-08-27 12:14:49,SOLUSDT,ask,160,8025.89
2024-08-27 12:14:51,SOLUSDT,ask,170,12443.065
2024-08-27 12:15:03,SOLUSDT,bid,150,6302.463
2024-08-27 12:15:05,SOLUSDT,bid,138,4480.901
2024-08-27 12:15:11,SOLUSDT,ask,162,14213.32
2024-08-27 12:15:17,SOLUSDT,bid,130,10819.041
2024-08-27 12:15:32,SOLUSDT,bid,152,4462.603
2024-08-27 12:15:45,SOLUSDT,ask,200,45072.396
2024-08-27 12:15:46,SOLUSDT,ask,165,16041.142
2024-08-27 12:15:52,SOLUSDT,ask,160,8016.3
2024-08-27 12:15:59,SOLUSDT,ask,160,8254.54
2024-08-27 12:16:03,SOLUSDT,ask,175,7629.462
2024-08-27 12:16:05,SOLUSDT,bid,121,4699.626
2024-08-27 12:16:20,SOLUSDT,ask,161,5316.562
2024-08-27 12:16:27,SOLUSDT,bid,145,5209.04
2024-08-27 12:16:45,SOLUSDT,ask,160,8252.598
2024-08-27 12:16:45,SOLUSDT,ask,170,12445.007
2024-08-27 12:16:51,SOLUSDT,ask,160,8014.358
2024-08-27 12:17:10,SOLUSDT,ask,161,5319.923
2024-08-27 12:17:21,SOLUSDT,ask,163,5299.902
2024-08-27 12:17:43,SOLUSDT,bid,150,6281.143
2024-08-27 12:17:47,SOLUSDT,ask,165,16044.145
2024-08-27 12:18:06,SOLUSDT,ask,162,14213.179
2024-08-27 12:18:06,SOLUSDT,ask,163,5300.043
2024-08-27 12:18:33,SOLUSDT,ask,165,16029.454
2024-08-27 12:18:35,SOLUSDT,ask,170,12445.181
2024-08-27 12:18:35,SOLUSDT,ask,180,22510.454
2024-08-27 12:18:49,SOLUSDT,bid,150,6287.183
2024-08-27 12:18:54,SOLUSDT,ask,161,5320.271
2024-08-27 12:18:59,SOLUSDT,ask,160,4479.459
2024-08-27 12:18:59,SOLUSDT,ask,160,3564.229
2024-08-27 12:19:21,SOLUSDT,ask,162,6573.367
2024-08-27 12:19:27,SOLUSDT,ask,162,6568.367
2024-08-27 12:19:29,SOLUSDT,ask,160,4479.709
2024-08-27 12:19:29,SOLUSDT,ask,162,14212.032
2024-08-27 12:19:30,SOLUSDT,ask,160,4479.771
2024-08-27 12:19:44,SOLUSDT,ask,161,5293.298
2024-08-27 12:19:44,SOLUSDT,bid,140,12435.247
2024-08-27 12:20:00,SOLUSDT,ask,160,4479.709
2024-08-27 12:20:06,SOLUSDT,ask,162,14222.032
2024-08-27 12:20:12,SOLUSDT,ask,160,4480.327
2024-08-27 12:20:12,SOLUSDT,ask,160,4502.327
2024-08-27 12:20:30,SOLUSDT,ask,162,14221.679
2024-08-27 12:20:33,SOLUSDT,ask,169,5565.47
2024-08-27 12:20:42,SOLUSDT,ask,160,4502.258
2024-08-27 12:20:53,SOLUSDT,ask,162,14217.091
2024-08-27 12:20:58,SOLUSDT,ask,162,14217.225
2024-08-27 12:21:00,SOLUSDT,ask,160,4510.132
2024-08-27 12:21:00,SOLUSDT,ask,170,12437.307
2024-08-27 12:21:04,SOLUSDT,ask,162,14207.946
2024-08-27 12:21:11,SOLUSDT,bid,143,4363.004
2024-08-27 12:21:11,SOLUSDT,bid,143,4362.926
2024-08-27 12:21:15,SOLUSDT,bid,143,4362.848
2024-08-27 12:21:20,SOLUSDT,ask,160,4510.451
2024-08-27 12:21:20,SOLUSDT,ask,170,12437.271
2024-08-27 12:21:37,SOLUSDT,ask,161,5296.292
2024-08-27 12:21:41,SOLUSDT,ask,161,5313.658
2024-08-27 12:21:50,SOLUSDT,ask,500,5724.21
2024-08-27 12:22:03,SOLUSDT,ask,165,16034.2
2024-08-27 12:22:06,SOLUSDT,ask,162,14202.822
2024-08-27 12:22:09,SOLUSDT,ask,162,14212.967
2024-08-27 12:22:59,SOLUSDT,ask,165,16036.086
2024-08-27 12:23:09,SOLUSDT,ask,161,5311.658
2024-08-27 12:23:15,SOLUSDT,bid,130,10818.272
2024-08-27 12:23:20,SOLUSDT,ask,161,5312.658
2024-08-27 12:23:23,SOLUSDT,ask,163,5327.653
2024-08-27 12:23:44,SOLUSDT,ask,162,14212.999
2024-08-27 12:23:44,SOLUSDT,ask,163,5327.685
2024-08-27 12:23:44,SOLUSDT,ask,161,5312.69
2024-08-27 12:23:45,SOLUSDT,ask,160,4510.483
2024-08-27 12:23:49,SOLUSDT,ask,160,4510.451
2024-08-27 12:24:06,SOLUSDT,ask,162,14213.364
2024-08-27 12:24:12,SOLUSDT,bid,152,4463.976
2024-08-27 12:24:32,SOLUSDT,bid,135,10436.927
2024-08-27 12:24:36,SOLUSDT,ask,190,21784.646
2024-08-27 12:24:43,SOLUSDT,ask,160,4417.809
2024-08-27 12:24:51,SOLUSDT,ask,161,5313.689
2024-08-27 12:24:52,SOLUSDT,ask,172,3016.181
2024-08-27 12:24:54,SOLUSDT,ask,161,5406.331
2024-08-27 12:25:07,SOLUSDT,ask,180,22510.784
2024-08-27 12:25:17,SOLUSDT,ask,230,6673.88
2024-08-27 12:25:28,SOLUSDT,bid,152,4462.749
2024-08-27 12:25:29,SOLUSDT,bid,112,6651.035
2024-08-27 12:25:33,SOLUSDT,ask,162,14182.273
2024-08-27 12:25:33,SOLUSDT,ask,160,4418.094
2024-08-27 12:25:34,SOLUSDT,ask,160,4414.094
2024-08-27 12:25:42,SOLUSDT,ask,161,5410.331
2024-08-27 12:25:43,SOLUSDT,ask,160,4414.294
2024-08-27 12:25:50,SOLUSDT,ask,161,4996.176
2024-08-27 12:26:01,SOLUSDT,ask,161,4974.41
2024-08-27 12:26:03,SOLUSDT,ask,160,4414.08
2024-08-27 12:26:09,SOLUSDT,ask,162,14187.228
2024-08-27 12:26:14,SOLUSDT,ask,160,4414.91
2024-08-27 12:26:19,SOLUSDT,ask,160,4869.931
2024-08-27 12:26:23,SOLUSDT,bid,143,4363.848
2024-08-27 12:26:29,SOLUSDT,ask,161,4974.367
2024-08-27 12:26:33,SOLUSDT,ask,160,4869.86
2024-08-27 12:26:37,SOLUSDT,ask,165,16032.146
2024-08-27 12:26:49,SOLUSDT,ask,160,4869.903
2024-08-27 12:27:00,SOLUSDT,bid,143,4362.848
2024-08-27 12:27:04,SOLUSDT,bid,152,4392.749
2024-08-27 12:27:05,SOLUSDT,ask,168,8399.194
2024-08-27 12:27:06,SOLUSDT,bid,150,6287.383
2024-08-27 12:27:33,SOLUSDT,ask,160,4870.123
2024-08-27 12:27:57,SOLUSDT,ask,160,4869.755
2024-08-27 12:28:03,SOLUSDT,ask,160,4869.535
2024-08-27 12:28:17,SOLUSDT,ask,165,16031.856
2024-08-27 12:28:19,SOLUSDT,bid,150,6286.931
2024-08-27 12:28:32,SOLUSDT,ask,160,4870.115
2024-08-27 12:28:37,SOLUSDT,ask,161,4975.032
2024-08-27 12:28:51,SOLUSDT,ask,162,14196.507
2024-08-27 12:28:55,SOLUSDT,ask,160,4869.99
2024-08-27 12:28:58,SOLUSDT,ask,162,14197.326
2024-08-27 12:29:05,SOLUSDT,ask,162,14200.888
2024-08-27 12:29:09,SOLUSDT,ask,166,3148.113
2024-08-27 12:29:21,SOLUSDT,ask,161,5027.06
2024-08-27 12:29:37,SOLUSDT,ask,162,14060.609
2024-08-27 12:29:50,SOLUSDT,ask,167,9777.394
2024-08-27 12:29:51,SOLUSDT,ask,170,12437.366
2024-08-27 12:29:54,SOLUSDT,ask,161,5026.712
2024-08-27 12:29:59,SOLUSDT,ask,160,4870.555
2024-08-27 12:30:00,SOLUSDT,bid,150,6286.631
2024-08-27 12:30:02,SOLUSDT,ask,165,16031.756
2024-08-27 12:30:14,SOLUSDT,ask,160,4869.99
2024-08-27 12:30:17,SOLUSDT,ask,160,4870.04
2024-08-27 12:30:19,SOLUSDT,ask,160,4862.166
2024-08-27 12:30:22,SOLUSDT,ask,162,14060.684
2024-08-27 12:30:32,SOLUSDT,ask,162,14058.646
2024-08-27 12:30:43,SOLUSDT,ask,160,4862.206
2024-08-27 12:30:46,SOLUSDT,ask,190,21781.148
2024-08-27 12:30:46,SOLUSDT,ask,250,18160.716
2024-08-27 12:30:46,SOLUSDT,ask,160,4861.702
2024-08-27 12:30:48,SOLUSDT,ask,162,14061.885
2024-08-27 12:31:05,SOLUSDT,ask,163,5310.264
2024-08-27 12:31:08,SOLUSDT,ask,161,5017.9
2024-08-27 12:31:11,SOLUSDT,bid,143,4362.926
2024-08-27 12:31:11,SOLUSDT,bid,143,4363.004
2024-08-27 12:31:13,SOLUSDT,ask,180,22510.84
2024-08-27 12:31:13,SOLUSDT,ask,160,4406.681
2024-08-27 12:31:15,SOLUSDT,bid,100,23745.984
2024-08-27 12:31:26,SOLUSDT,bid,110,20040.626
2024-08-27 12:31:29,SOLUSDT,bid,150,6283.631
2024-08-27 12:31:32,SOLUSDT,ask,161,5018.9
2024-08-27 12:31:35,SOLUSDT,bid,152,4391.376
2024-08-27 12:31:57,SOLUSDT,bid,120,32330.052
2024-08-27 12:32:48,SOLUSDT,ask,160,4406.866
2024-08-27 12:33:01,SOLUSDT,ask,160,4406.928
2024-08-27 12:33:06,SOLUSDT,bid,143,4362.886
2024-08-27 12:33:31,SOLUSDT,ask,160,4406.866
2024-08-27 12:33:43,SOLUSDT,ask,161,5023.522
2024-08-27 12:33:50,SOLUSDT,ask,166,3148.193
2024-08-27 12:33:59,SOLUSDT,ask,161,5018.9
2024-08-27 12:34:01,SOLUSDT,bid,140,12436.793
