2024-08-25 07:00:00,SOLUSDT,bid,100,24275.067
2024-08-25 07:00:11,SOLUSDT,ask,190,23416.88
2024-08-25 07:00:11,SOLUSDT,ask,190,23416.837
2024-08-25 07:00:18,SOLUSDT,ask,165,18118.704
2024-08-25 07:00:19,SOLUSDT,ask,170,16960.441
2024-08-25 07:00:19,SOLUSDT,ask,200,44304.537
2024-08-25 07:00:32,SOLUSDT,ask,165,18132.905
2024-08-25 07:00:44,SOLUSDT,ask,167,8818.417
2024-08-25 07:00:47,SOLUSDT,ask,170,16946.871
2024-08-25 07:00:51,SOLUSDT,bid,110,20195.713
2024-08-25 07:01:08,SOLUSDT,ask,165,18134.535
2024-08-25 07:01:08,SOLUSDT,bid,140,8641.208
2024-08-25 07:01:11,SOLUSDT,bid,140,8641.28
2024-08-25 07:01:37,SOLUSDT,ask,193,6874.23
2024-08-25 07:02:11,SOLUSDT,ask,165,18133.535
2024-08-25 07:02:20,SOLUSDT,ask,180,23190.483
2024-08-25 07:02:21,SOLUSDT,ask,170,16946.914
2024-08-25 07:02:33,SOLUSDT,bid,131,8483.318
2024-08-25 07:02:52,SOLUSDT,bid,100,24264.828
2024-08-25 07:03:11,SOLUSDT,ask,165,18132.867
2024-08-25 07:03:18,SOLUSDT,ask,165,18133.148
2024-08-25 07:03:19,SOLUSDT,ask,165,18132.12
2024-08-25 07:03:29,SOLUSDT,ask,170,16942.456
2024-08-25 07:03:45,SOLUSDT,ask,165,18131.312
2024-08-25 07:03:47,SOLUSDT,ask,165,18306.312
2024-08-25 07:03:49,SOLUSDT,ask,190,23404.745
2024-08-25 07:04:20,SOLUSDT,bid,130,10962.422
2024-08-25 07:04:24,SOLUSDT,ask,165,18299.741
2024-08-25 07:04:25,SOLUSDT,ask,170,17267.456
2024-08-25 07:04:31,SOLUSDT,bid,140,8642.286
2024-08-25 07:05:13,SOLUSDT,bid,140,8641.572
2024-08-25 07:05:13,SOLUSDT,bid,130,10961.653
2024-08-25 07:05:13,SOLUSDT,bid,120,35485.371
2024-08-25 07:05:36,SOLUSDT,ask,185,18068.886
2024-08-25 07:06:11,SOLUSDT,ask,190,23406.345
2024-08-25 07:06:22,SOLUSDT,ask,180,23189.397
2024-08-25 07:06:23,SOLUSDT,ask,169,8365.783
2024-08-25 07:06:25,SOLUSDT,ask,165,18299.324
2024-08-25 07:06:36,SOLUSDT,ask,185,18067.887
2024-08-25 07:07:16,SOLUSDT,bid,120,35461.917
2024-08-25 07:07:20,SOLUSDT,ask,200,44307.38
2024-08-25 07:07:27,SOLUSDT,ask,169,8415.783
2024-08-25 07:07:28,SOLUSDT,ask,185,18071.678
2024-08-25 07:07:28,SOLUSDT,ask,190,23407.431
2024-08-25 07:08:12,SOLUSDT,ask,180,23191.978
2024-08-25 07:08:16,SOLUSDT,ask,165,18291.577
2024-08-25 07:09:02,SOLUSDT,ask,180,23191.868
2024-08-25 07:09:02,SOLUSDT,bid,140,8641.462
2024-08-25 07:09:32,SOLUSDT,ask,193,6873.608
2024-08-25 07:09:38,SOLUSDT,ask,175,12080.932
2024-08-25 07:09:40,SOLUSDT,ask,165,18291.677
2024-08-25 07:09:40,SOLUSDT,ask,175,12080.272
2024-08-25 07:10:05,SOLUSDT,ask,165,18291.494
2024-08-25 07:10:24,SOLUSDT,ask,170,17267.556
2024-08-25 07:10:25,SOLUSDT,ask,167,8816.74
2024-08-25 07:10:39,SOLUSDT,ask,165,18291.404
2024-08-25 07:10:41,SOLUSDT,bid,140,8641.382
2024-08-25 07:10:50,SOLUSDT,ask,180,23186.494
2024-08-25 07:11:16,SOLUSDT,bid,80,19273.533
2024-08-25 07:11:28,SOLUSDT,ask,170,17287.556
2024-08-25 07:11:30,SOLUSDT,bid,120,35461.875
2024-08-25 07:11:30,SOLUSDT,ask,190,23407.389
2024-08-25 07:11:30,SOLUSDT,ask,169,8415.741
2024-08-25 07:11:43,SOLUSDT,bid,130,10963.598
2024-08-25 07:12:04,SOLUSDT,ask,199,20127.806
2024-08-25 07:12:07,SOLUSDT,ask,180,23184.433
2024-08-25 07:12:33,SOLUSDT,ask,165,18295.679
2024-08-25 07:13:00,SOLUSDT,bid,131,8484.318
2024-08-25 07:13:10,SOLUSDT,ask,210,24639.252
2024-08-25 07:13:12,SOLUSDT,ask,200,44307.26
2024-08-25 07:13:14,SOLUSDT,ask,260,7397.371
2024-08-25 07:13:18,SOLUSDT,bid,80,19273.395
2024-08-25 07:13:19,SOLUSDT,ask,165,18308.16
2024-08-25 07:13:22,SOLUSDT,ask,210,24639.163
2024-08-25 07:13:22,SOLUSDT,ask,188,13390.4
2024-08-25 07:13:37,SOLUSDT,ask,190,23406.303
2024-08-25 07:13:37,SOLUSDT,bid,135,13883.343
2024-08-25 07:13:48,SOLUSDT,bid,130,10966.946
2024-08-25 07:13:50,SOLUSDT,ask,200,44308.346
2024-08-25 07:13:51,SOLUSDT,bid,100,24264.928
2024-08-25 07:13:52,SOLUSDT,ask,170,17287.306
2024-08-25 07:13:59,SOLUSDT,ask,180,23181.195
2024-08-25 07:14:03,SOLUSDT,bid,130,10970.577
2024-08-25 07:14:04,SOLUSDT,bid,130,10993.653
2024-08-25 07:14:12,SOLUSDT,ask,167,8514.055
2024-08-25 07:14:14,SOLUSDT,ask,170,17287.73
2024-08-25 07:14:21,SOLUSDT,ask,167,8816.74
2024-08-25 07:14:53,SOLUSDT,ask,300,10129.867
2024-08-25 07:14:59,SOLUSDT,ask,220,14875.855
2024-08-25 07:15:07,SOLUSDT,bid,120,35465.21
2024-08-25 07:15:08,SOLUSDT,ask,190,23406.51
2024-08-25 07:15:20,SOLUSDT,ask,191,5779.032
2024-08-25 07:15:21,SOLUSDT,bid,130,10993.259
2024-08-25 07:15:35,SOLUSDT,bid,120,35461.875
2024-08-25 07:15:41,SOLUSDT,bid,125,14461.565
2024-08-25 07:15:47,SOLUSDT,bid,140,8651.382
2024-08-25 07:15:47,SOLUSDT,ask,165,18313.16
2024-08-25 07:15:58,SOLUSDT,ask,170,17291.068
2024-08-25 07:16:00,SOLUSDT,bid,140,8625.595
2024-08-25 07:16:03,SOLUSDT,bid,100,24264.869
2024-08-25 07:16:03,SOLUSDT,ask,210,24639.104
2024-08-25 07:16:04,SOLUSDT,bid,130,10996.338
2024-08-25 07:16:06,SOLUSDT,bid,130,11006.338
2024-08-25 07:16:27,SOLUSDT,ask,170,17298.591
2024-08-25 07:16:38,SOLUSDT,ask,165,18313.369
2024-08-25 07:16:56,SOLUSDT,ask,170,17300.583
2024-08-25 07:17:01,SOLUSDT,ask,165,18314.057
2024-08-25 07:17:04,SOLUSDT,bid,111,12432.752
2024-08-25 07:17:06,SOLUSDT,ask,200,44302.146
2024-08-25 07:17:06,SOLUSDT,bid,130,11002.99
2024-08-25 07:17:12,SOLUSDT,ask,180,23166.389
2024-08-25 07:17:23,SOLUSDT,ask,200,44308.346
2024-08-25 07:17:25,SOLUSDT,ask,200,44323.152
2024-08-25 07:17:41,SOLUSDT,ask,175,12093.497
2024-08-25 07:17:46,SOLUSDT,ask,240,5771.811
2024-08-25 07:17:49,SOLUSDT,ask,180,23161.038
2024-08-25 07:17:51,SOLUSDT,ask,170,17310.583
2024-08-25 07:18:01,SOLUSDT,ask,165,18304.867
2024-08-25 07:18:03,SOLUSDT,ask,165,18303.31
2024-08-25 07:18:03,SOLUSDT,ask,165,18335.49
2024-08-25 07:18:12,SOLUSDT,ask,185,17975.328
2024-08-25 07:18:12,SOLUSDT,ask,165,18323.49
2024-08-25 07:18:17,SOLUSDT,ask,170,17312.14
2024-08-25 07:18:39,SOLUSDT,bid,135,13883.232
2024-08-25 07:18:44,SOLUSDT,ask,175,12095.702
2024-08-25 07:18:48,SOLUSDT,ask,167,8818.037
2024-08-25 07:18:59,SOLUSDT,ask,165,18323.693
2024-08-25 07:19:07,SOLUSDT,ask,190,23402.214
2024-08-25 07:19:10,SOLUSDT,ask,165,18324.519
2024-08-25 07:19:33,SOLUSDT,bid,140,8618.453
2024-08-25 07:19:45,SOLUSDT,ask,750,4621.092
2024-08-25 07:19:53,SOLUSDT,ask,170,17332.911
2024-08-25 07:19:54,SOLUSDT,ask,170,17332.548
2024-08-25 07:20:11,SOLUSDT,ask,190,23407.718
2024-08-25 07:21:01,SOLUSDT,ask,175,12100.702
2024-08-25 07:21:07,SOLUSDT,ask,165,18323.667
2024-08-25 07:21:08,SOLUSDT,ask,170,17332.848
2024-08-25 07:21:19,SOLUSDT,ask,167,8578.077
2024-08-25 07:21:26,SOLUSDT,ask,165,18325.447
2024-08-25 07:21:29,SOLUSDT,bid,140,8616.482
2024-08-25 07:21:31,SOLUSDT,ask,165,18323.667
2024-08-25 07:21:39,SOLUSDT,ask,165,18324.557
2024-08-25 07:22:04,SOLUSDT,bid,140,8617.482
2024-08-25 07:22:24,SOLUSDT,ask,180,23166.086
2024-08-25 07:22:40,SOLUSDT,bid,130,11005.435
2024-08-25 07:23:06,SOLUSDT,ask,165,18323.6
2024-08-25 07:23:45,SOLUSDT,bid,135,13879.154
2024-08-25 07:23:54,SOLUSDT,bid,130,11005.282
2024-08-25 07:23:55,SOLUSDT,ask,170,17344.848
2024-08-25 07:24:01,SOLUSDT,ask,180,23178.086
2024-08-25 07:24:09,SOLUSDT,ask,190,23411.134
2024-08-25 07:24:36,SOLUSDT,ask,190,23411.019
2024-08-25 07:24:46,SOLUSDT,ask,175,12200.702
2024-08-25 07:25:15,SOLUSDT,ask,170,17349.848
2024-08-25 07:25:24,SOLUSDT,bid,115,16986.693
2024-08-25 07:25:26,SOLUSDT,ask,165,18323.38
2024-08-25 07:25:27,SOLUSDT,ask,170,17346.972
2024-08-25 07:25:29,SOLUSDT,bid,125,14457.565
2024-08-25 07:25:30,SOLUSDT,bid,120,35457.709
2024-08-25 07:25:38,SOLUSDT,ask,165,18343.449
2024-08-25 07:25:41,SOLUSDT,ask,180,23173.038
2024-08-25 07:25:47,SOLUSDT,bid,140,8622.482
2024-08-25 07:26:04,SOLUSDT,ask,165,18340.278
2024-08-25 07:26:08,SOLUSDT,bid,110,20175.237
2024-08-25 07:26:09,SOLUSDT,ask,190,23411.134
2024-08-25 07:26:13,SOLUSDT,ask,200,44323.372
2024-08-25 07:26:17,SOLUSDT,ask,190,23332.474
2024-08-25 07:26:20,SOLUSDT,ask,165,18341.927
2024-08-25 07:26:38,SOLUSDT,ask,165,18342.927
2024-08-25 07:26:50,SOLUSDT,ask,165,18342.772
2024-08-25 07:26:52,SOLUSDT,ask,175,12205.75
2024-08-25 07:27:07,SOLUSDT,ask,165,18343.572
2024-08-25 07:28:11,SOLUSDT,ask,175,12203.545
2024-08-25 07:28:18,SOLUSDT,ask,167,8577.932
2024-08-25 07:28:52,SOLUSDT,ask,170,17345.397
2024-08-25 07:29:27,SOLUSDT,ask,170,17307.435
2024-08-25 07:29:39,SOLUSDT,bid,80,19273.694
2024-08-25 07:30:06,SOLUSDT,ask,190,23342.42
2024-08-25 07:30:06,SOLUSDT,ask,200,44326.331
2024-08-25 07:30:14,SOLUSDT,ask,165,18343.072
2024-08-25 07:30:23,SOLUSDT,ask,165,18347.843
2024-08-25 07:30:34,SOLUSDT,ask,170,17307.935
2024-08-25 07:30:45,SOLUSDT,ask,169,8179.645
2024-08-25 07:30:47,SOLUSDT,ask,169,7943.55
2024-08-25 07:30:56,SOLUSDT,ask,170,17307.965
2024-08-25 07:31:14,SOLUSDT,ask,169,8415.741
2024-08-25 07:31:22,SOLUSDT,ask,180,23174.116
2024-08-25 07:31:23,SOLUSDT,ask,169,8020.277
2024-08-25 07:31:26,SOLUSDT,ask,165,18039.325
2024-08-25 07:31:26,SOLUSDT,ask,169,7624.813
2024-08-25 07:31:46,SOLUSDT,ask,175,12203.647
2024-08-25 07:32:01,SOLUSDT,ask,180,23171.535
2024-08-25 07:32:02,SOLUSDT,ask,165,18039.259
2024-08-25 07:32:16,SOLUSDT,ask,169,8020.277
2024-08-25 07:32:28,SOLUSDT,ask,165,18021.989
2024-08-25 07:32:33,SOLUSDT,ask,165,18022.055
2024-08-25 07:32:36,SOLUSDT,bid,110,20175.323
2024-08-25 07:32:41,SOLUSDT,ask,170,17306.716
2024-08-25 07:32:41,SOLUSDT,ask,180,23172.784
2024-08-25 07:32:44,SOLUSDT,ask,169,8415.741
2024-08-25 07:32:52,SOLUSDT,ask,165,18062.017
2024-08-25 07:33:11,SOLUSDT,ask,165,18059.917
2024-08-25 07:33:16,SOLUSDT,ask,188,13390.166
2024-08-25 07:33:16,SOLUSDT,ask,193,6873.374
2024-08-25 07:33:16,SOLUSDT,ask,198,5314.495
2024-08-25 07:33:23,SOLUSDT,ask,169,7943.55
2024-08-25 07:33:31,SOLUSDT,bid,140,8623.229
2024-08-25 07:33:37,SOLUSDT,ask,169,7912.248
2024-08-25 07:33:55,SOLUSDT,bid,140,8623.382
2024-08-25 07:34:20,SOLUSDT,ask,169,7516.784
2024-08-25 07:34:44,SOLUSDT,ask,169,7912.248
2024-08-25 07:34:50,SOLUSDT,ask,169,7516.784
2024-08-25 07:34:55,SOLUSDT,bid,140,8621.342
2024-08-25 07:34:57,SOLUSDT,ask,167,8576.933
2024-08-25 07:35:00,SOLUSDT,ask,169,7121.32
2024-08-25 07:35:03,SOLUSDT,ask,170,17309.725
2024-08-25 07:35:21,SOLUSDT,ask,175,12203.732
2024-08-25 07:35:24,SOLUSDT,ask,169,7516.784
2024-08-25 07:35:24,SOLUSDT,ask,169,7121.32
2024-08-25 07:35:40,SOLUSDT,ask,170,17302.202
2024-08-25 07:35:51,SOLUSDT,ask,165,18056.726
2024-08-25 07:35:59,SOLUSDT,bid,80,19256.806
2024-08-25 07:36:01,SOLUSDT,ask,170,17302.732
2024-08-25 07:36:01,SOLUSDT,ask,190,23332.42
2024-08-25 07:36:20,SOLUSDT,bid,135,13882.193
2024-08-25 07:36:30,SOLUSDT,bid,140,8621.899
2024-08-25 07:36:33,SOLUSDT,ask,175,12204.514
2024-08-25 07:36:40,SOLUSDT,ask,192,5993.32
2024-08-25 07:37:05,SOLUSDT,ask,190,23331.42
2024-08-25 07:37:20,SOLUSDT,ask,190,23197.626
2024-08-25 07:37:28,SOLUSDT,ask,167,8579.933
2024-08-25 07:37:50,SOLUSDT,ask,260,7396.164
2024-08-25 07:38:12,SOLUSDT,ask,170,17301.257
2024-08-25 07:38:14,SOLUSDT,ask,182,7535.182
2024-08-25 07:38:16,SOLUSDT,ask,191,5927.292
2024-08-25 07:38:22,SOLUSDT,ask,191,5779.032
2024-08-25 07:38:30,SOLUSDT,bid,80,19257.082
2024-08-25 07:38:37,SOLUSDT,ask,191,5927.292
2024-08-25 07:38:50,SOLUSDT,ask,175,12203.479
2024-08-25 07:39:02,SOLUSDT,ask,165,18057.029
2024-08-25 07:39:04,SOLUSDT,ask,170,17293.022
2024-08-25 07:39:04,SOLUSDT,bid,130,11004.882
2024-08-25 07:39:04,SOLUSDT,bid,130,10981.806
2024-08-25 07:39:09,SOLUSDT,ask,167,8582.856
2024-08-25 07:39:18,SOLUSDT,bid,140,8624.041
2024-08-25 07:39:18,SOLUSDT,ask,210,24631.962
2024-08-25 07:39:25,SOLUSDT,ask,200,44326.831
2024-08-25 07:39:34,SOLUSDT,ask,165,18157.029
2024-08-25 07:39:45,SOLUSDT,ask,165,18156.335
2024-08-25 07:39:52,SOLUSDT,ask,175,12303.479
2024-08-25 07:39:57,SOLUSDT,bid,130,10984.336
2024-08-25 07:40:02,SOLUSDT,ask,190,23198.126
2024-08-25 07:40:21,SOLUSDT,bid,130,10981.806
2024-08-25 07:40:28,SOLUSDT,ask,170,17292.022
2024-08-25 07:40:31,SOLUSDT,bid,135,13601.074
2024-08-25 07:40:38,SOLUSDT,bid,130,10984.882
2024-08-25 07:40:43,SOLUSDT,ask,165,18157.335
2024-08-25 07:40:54,SOLUSDT,ask,188,13390.027
2024-08-25 07:40:59,SOLUSDT,ask,167,8579.933
2024-08-25 07:40:59,SOLUSDT,ask,170,17291.624
2024-08-25 07:41:13,SOLUSDT,ask,200,59854.173
2024-08-25 07:41:59,SOLUSDT,ask,170,17279.624
2024-08-25 07:41:59,SOLUSDT,ask,180,23160.784
2024-08-25 07:41:59,SOLUSDT,ask,190,23194.71
2024-08-25 07:42:00,SOLUSDT,ask,165,18156.995
2024-08-25 07:42:11,SOLUSDT,ask,190,23206.71
2024-08-25 07:42:15,SOLUSDT,ask,200,59866.173
2024-08-25 07:42:18,SOLUSDT,ask,191,5779.032
2024-08-25 07:42:23,SOLUSDT,ask,210,24635.378
2024-08-25 07:42:23,SOLUSDT,ask,165,18155.909
2024-08-25 07:42:29,SOLUSDT,ask,190,23206.74
2024-08-25 07:42:35,SOLUSDT,ask,191,5927.292
2024-08-25 07:42:37,SOLUSDT,ask,185,17974.495
2024-08-25 07:42:44,SOLUSDT,ask,190,23206.625
2024-08-25 07:42:44,SOLUSDT,ask,167,8583.133
2024-08-25 07:42:50,SOLUSDT,ask,250,18615.368
2024-08-25 07:42:53,SOLUSDT,ask,175,12304.312
2024-08-25 07:42:58,SOLUSDT,ask,180,23188.821
2024-08-25 07:43:01,SOLUSDT,ask,200,59866.2
2024-08-25 07:43:10,SOLUSDT,ask,300,10129.887
2024-08-25 07:43:20,SOLUSDT,bid,80,19256.806
2024-08-25 07:43:26,SOLUSDT,ask,165,18154.663
2024-08-25 07:43:31,SOLUSDT,ask,350,3953.115
2024-08-25 07:43:33,SOLUSDT,bid,135,13611.074
2024-08-25 07:43:41,SOLUSDT,ask,170,17279.548
2024-08-25 07:43:53,SOLUSDT,ask,400,5062.352
2024-08-25 07:44:03,SOLUSDT,ask,170,17278.974
2024-08-25 07:44:03,SOLUSDT,ask,200,59865.527
2024-08-25 07:44:10,SOLUSDT,ask,165,18154.371
2024-08-25 07:44:31,SOLUSDT,bid,130,10984.525
2024-08-25 07:44:32,SOLUSDT,ask,170,17291.924
2024-08-25 07:44:33,SOLUSDT,bid,125,14457.165
2024-08-25 07:44:34,SOLUSDT,ask,500,5947.253
2024-08-25 07:44:37,SOLUSDT,bid,110,20175.595
2024-08-25 07:44:46,SOLUSDT,ask,170,17279.618
2024-08-25 07:44:52,SOLUSDT,ask,165,18133.668
2024-08-25 07:45:02,SOLUSDT,ask,190,23206.74
2024-08-25 07:45:04,SOLUSDT,ask,200,59812.793
2024-08-25 07:45:25,SOLUSDT,ask,600,3065.106
2024-08-25 07:45:32,SOLUSDT,ask,188,13380.027
2024-08-25 07:45:43,SOLUSDT,ask,169,7116.608
2024-08-25 07:45:43,SOLUSDT,ask,165,18140.958
2024-08-25 07:45:51,SOLUSDT,ask,165,18161.661
2024-08-25 07:46:01,SOLUSDT,ask,195,12103.617
2024-08-25 07:46:03,SOLUSDT,ask,170,17274.618
2024-08-25 07:46:04,SOLUSDT,ask,170,17256.458
2024-08-25 07:46:34,SOLUSDT,ask,750,4621.1
2024-08-25 07:46:36,SOLUSDT,bid,140,8619.108
2024-08-25 07:46:39,SOLUSDT,ask,170,17255.673
2024-08-25 07:46:44,SOLUSDT,ask,175,12304.439
2024-08-25 07:46:46,SOLUSDT,ask,170,17257.093
2024-08-25 07:47:00,SOLUSDT,ask,170,17256.284
2024-08-25 07:48:33,SOLUSDT,ask,200,59808.527
2024-08-25 07:48:41,SOLUSDT,ask,180,23184.212
2024-08-25 07:48:45,SOLUSDT,ask,200,59808.161
2024-08-25 07:48:51,SOLUSDT,bid,140,8615.264
2024-08-25 07:49:07,SOLUSDT,bid,120,35462.193
2024-08-25 07:49:07,SOLUSDT,ask,170,17256.328
2024-08-25 07:49:17,SOLUSDT,bid,120,35457.709
2024-08-25 07:49:19,SOLUSDT,bid,100,24270.25
2024-08-25 07:49:27,SOLUSDT,bid,140,8616.264
2024-08-25 07:49:28,SOLUSDT,ask,170,17244.337
2024-08-25 07:50:00,SOLUSDT,ask,170,17248.937
2024-08-25 07:50:26,SOLUSDT,ask,180,23183.217
2024-08-25 07:50:29,SOLUSDT,ask,192,5997.845
2024-08-25 07:50:47,SOLUSDT,bid,140,8609.122
2024-08-25 07:50:48,SOLUSDT,ask,170,17228.166
2024-08-25 07:50:51,SOLUSDT,bid,140,8609.756
2024-08-25 07:51:04,SOLUSDT,ask,170,17216.658
2024-08-25 07:51:13,SOLUSDT,ask,165,18161.626
2024-08-25 07:51:38,SOLUSDT,bid,120,35452.708
2024-08-25 07:52:15,SOLUSDT,ask,175,12306.029
2024-08-25 07:52:17,SOLUSDT,ask,210,24637.878
2024-08-25 07:52:50,SOLUSDT,ask,180,23183.728
2024-08-25 07:52:57,SOLUSDT,ask,165,18161.432
2024-08-25 07:53:36,SOLUSDT,ask,165,18162.869
2024-08-25 07:53:41,SOLUSDT,bid,130,10985.294
2024-08-25 07:54:06,SOLUSDT,ask,180,23173.728
2024-08-25 07:54:38,SOLUSDT,ask,165,18164.687
2024-08-25 07:55:04,SOLUSDT,bid,130,10984.91
2024-08-25 07:55:27,SOLUSDT,bid,140,8611.93
2024-08-25 07:55:33,SOLUSDT,ask,180,23172.846
2024-08-25 07:55:36,SOLUSDT,bid,135,13612.074
2024-08-25 07:55:48,SOLUSDT,bid,135,13616.074
2024-08-25 07:55:51,SOLUSDT,bid,140,8612.93
2024-08-25 07:55:54,SOLUSDT,bid,120,35450.708
2024-08-25 07:55:56,SOLUSDT,bid,140,8611.93
2024-08-25 07:56:00,SOLUSDT,bid,125,14461.165
2024-08-25 07:56:00,SOLUSDT,bid,120,35446.708
2024-08-25 07:56:06,SOLUSDT,bid,100,24230.139
2024-08-25 07:56:11,SOLUSDT,bid,140,8609.788
2024-08-25 07:56:11,SOLUSDT,bid,130,10981.834
2024-08-25 07:56:27,SOLUSDT,ask,170,17212.058
2024-08-25 07:56:28,SOLUSDT,bid,140,8611.93
2024-08-25 07:56:34,SOLUSDT,ask,185,17976.493
2024-08-25 07:56:38,SOLUSDT,bid,130,10984.91
2024-08-25 07:56:42,SOLUSDT,ask,165,18165.686
2024-08-25 07:56:42,SOLUSDT,ask,192,5997.659
2024-08-25 07:56:45,SOLUSDT,bid,130,10985.987
2024-08-25 07:56:47,SOLUSDT,ask,170,17210.058
2024-08-25 07:57:02,SOLUSDT,bid,140,8609.788
2024-08-25 07:57:02,SOLUSDT,bid,130,10982.911
2024-08-25 07:57:11,SOLUSDT,bid,140,8612.645
2024-08-25 07:57:12,SOLUSDT,ask,165,18153.205
2024-08-25 07:57:19,SOLUSDT,bid,130,10986.757
2024-08-25 07:57:37,SOLUSDT,ask,205,10060.737
2024-08-25 07:58:02,SOLUSDT,ask,165,18155.938
2024-08-25 07:58:07,SOLUSDT,ask,169,7113.358
2024-08-25 07:58:24,SOLUSDT,ask,170,17212.999
2024-08-25 07:58:35,SOLUSDT,ask,175,12308.886
2024-08-25 07:58:37,SOLUSDT,bid,100,24198.122
2024-08-25 07:58:39,SOLUSDT,ask,165,18153.438
2024-08-25 07:58:39,SOLUSDT,ask,197,13102.512
2024-08-25 07:58:43,SOLUSDT,ask,180,23175.623
2024-08-25 07:58:50,SOLUSDT,ask,185,17979.195
2024-08-25 07:58:56,SOLUSDT,ask,197,13101.254
2024-08-25 07:58:56,SOLUSDT,ask,190,23209.371
2024-08-25 07:59:04,SOLUSDT,ask,170,17200.049
2024-08-25 07:59:04,SOLUSDT,ask,175,12321.836
2024-08-25 07:59:04,SOLUSDT,ask,195,12107.719
2024-08-25 07:59:14,SOLUSDT,ask,195,12092.792
2024-08-25 07:59:26,SOLUSDT,bid,140,8612.607
2024-08-25 07:59:31,SOLUSDT,ask,165,18157.749
2024-08-25 07:59:40,SOLUSDT,ask,165,18156.173
2024-08-25 08:00:03,SOLUSDT,ask,188,13377.027
2024-08-25 08:00:22,SOLUSDT,ask,165,18156.131
2024-08-25 08:00:35,SOLUSDT,ask,180,23125.623
2024-08-25 08:00:46,SOLUSDT,ask,165,18166.131
2024-08-25 08:00:49,SOLUSDT,ask,175,12321.887
2024-08-25 08:00:55,SOLUSDT,ask,190,23211.372
2024-08-25 08:01:08,SOLUSDT,ask,170,17210.049
2024-08-25 08:01:14,SOLUSDT,ask,210,24645.701
2024-08-25 08:01:18,SOLUSDT,bid,110,20175.649
2024-08-25 08:01:22,SOLUSDT,ask,175,12331.887
2024-08-25 08:01:34,SOLUSDT,ask,180,23140.623
2024-08-25 08:02:10,SOLUSDT,ask,165,18175.833
2024-08-25 08:02:20,SOLUSDT,ask,165,18213.323
2024-08-25 08:02:24,SOLUSDT,ask,165,18214.332
2024-08-25 08:02:37,SOLUSDT,ask,200,59804.221
2024-08-25 08:02:48,SOLUSDT,ask,170,17212.374
2024-08-25 08:02:55,SOLUSDT,ask,165,18209.332
2024-08-25 08:02:56,SOLUSDT,ask,167,8581.007
2024-08-25 08:03:05,SOLUSDT,bid,100,24195.622
2024-08-25 08:03:15,SOLUSDT,ask,175,11973.894
2024-08-25 08:03:15,SOLUSDT,ask,185,18337.188
2024-08-25 08:03:18,SOLUSDT,ask,165,18209.032
2024-08-25 08:03:47,SOLUSDT,ask,190,23254.304
2024-08-25 08:04:52,SOLUSDT,bid,120,35446.565
2024-08-25 08:04:52,SOLUSDT,ask,175,11973.751
2024-08-25 08:05:47,SOLUSDT,ask,165,18321.831
2024-08-25 08:05:52,SOLUSDT,ask,165,18284.341
2024-08-25 08:06:35,SOLUSDT,ask,240,5772.028
2024-08-25 08:06:37,SOLUSDT,ask,165,18511.341
2024-08-25 08:06:41,SOLUSDT,bid,140,8614.185
2024-08-25 08:06:50,SOLUSDT,ask,180,23140.722
2024-08-25 08:06:50,SOLUSDT,bid,140,8615.539
2024-08-25 08:06:50,SOLUSDT,bid,135,13614.72
2024-08-25 08:06:51,SOLUSDT,ask,169,7113.457
2024-08-25 08:06:55,SOLUSDT,bid,148,34200.783
2024-08-25 08:07:01,SOLUSDT,bid,125,14461.264
2024-08-25 08:07:15,SOLUSDT,ask,250,18635.408
2024-08-25 08:07:26,SOLUSDT,bid,140,8615.539
2024-08-25 08:07:37,SOLUSDT,ask,180,23139.722
2024-08-25 08:07:39,SOLUSDT,ask,165,18512.985
2024-08-25 08:08:11,SOLUSDT,ask,167,8574.522
2024-08-25 08:08:22,SOLUSDT,ask,165,18512.074
2024-08-25 08:08:32,SOLUSDT,ask,185,18338.188
2024-08-25 08:08:42,SOLUSDT,ask,200,59806.736
2024-08-25 08:09:16,SOLUSDT,bid,130,10983.61
2024-08-25 08:09:21,SOLUSDT,ask,165,18512.906
2024-08-25 08:09:25,SOLUSDT,ask,165,18512.937
2024-08-25 08:09:59,SOLUSDT,bid,130,11029.614
2024-08-25 08:10:04,SOLUSDT,ask,240,5771.811
2024-08-25 08:10:08,SOLUSDT,bid,130,10983.61
2024-08-25 08:10:15,SOLUSDT,ask,180,23138.742
2024-08-25 08:10:18,SOLUSDT,bid,120,35507.712
2024-08-25 08:10:19,SOLUSDT,bid,140,8615.111
2024-08-25 08:10:23,SOLUSDT,ask,170,17206.109
2024-08-25 08:10:23,SOLUSDT,ask,190,23251.172
2024-08-25 08:10:38,SOLUSDT,ask,180,23129.742
2024-08-25 08:10:41,SOLUSDT,bid,130,10967.652
2024-08-25 08:11:27,SOLUSDT,ask,170,17215.109
2024-08-25 08:11:33,SOLUSDT,ask,180,23129.713
2024-08-25 08:11:45,SOLUSDT,ask,170,17214.109
2024-08-25 08:12:10,SOLUSDT,bid,135,13613.72
2024-08-25 08:12:15,SOLUSDT,bid,140,8611.454
2024-08-25 08:12:21,SOLUSDT,bid,140,8613.036
2024-08-25 08:12:28,SOLUSDT,ask,193,5942.157
2024-08-25 08:12:55,SOLUSDT,ask,165,18563.24
2024-08-25 08:13:17,SOLUSDT,ask,200,59803.074
2024-08-25 08:13:32,SOLUSDT,ask,192,6878.573
2024-08-25 08:13:39,SOLUSDT,ask,169,7112.835
2024-08-25 08:13:56,SOLUSDT,ask,210,24645.443
2024-08-25 08:14:19,SOLUSDT,ask,190,23252.27
2024-08-25 08:14:32,SOLUSDT,ask,165,18568.894
2024-08-25 08:14:45,SOLUSDT,ask,169,7117.835
2024-08-25 08:14:45,SOLUSDT,ask,198,5313.42
2024-08-25 08:14:55,SOLUSDT,ask,167,8578.854
2024-08-25 08:14:55,SOLUSDT,ask,180,23125.381
2024-08-25 08:14:56,SOLUSDT,ask,165,18532.386
2024-08-25 08:15:06,SOLUSDT,ask,185,18341.727
2024-08-25 08:15:14,SOLUSDT,ask,200,59800.559
2024-08-25 08:15:27,SOLUSDT,ask,170,17213.384
2024-08-25 08:15:30,SOLUSDT,bid,111,12428.248
2024-08-25 08:15:50,SOLUSDT,ask,205,10061.749
2024-08-25 08:16:19,SOLUSDT,bid,130,10966.555
2024-08-25 08:16:19,SOLUSDT,ask,200,59799.462
2024-08-25 08:16:27,SOLUSDT,bid,140,8598.099
2024-08-25 08:16:52,SOLUSDT,bid,130,10966.747
2024-08-25 08:17:05,SOLUSDT,ask,200,59800.613
2024-08-25 08:17:06,SOLUSDT,bid,120,35507.92
2024-08-25 08:17:19,SOLUSDT,bid,110,20175.876
2024-08-25 08:17:23,SOLUSDT,bid,130,10967.898
2024-08-25 08:17:24,SOLUSDT,ask,165,18533.386
2024-08-25 08:17:25,SOLUSDT,ask,170,17215.259
2024-08-25 08:17:29,SOLUSDT,bid,100,24195.873
2024-08-25 08:17:41,SOLUSDT,bid,130,10964.898
2024-08-25 08:17:58,SOLUSDT,ask,190,23252.336
2024-08-25 08:17:58,SOLUSDT,ask,165,18534.598
2024-08-25 08:18:00,SOLUSDT,bid,131,8482.318
2024-08-25 08:18:03,SOLUSDT,bid,135,13610.72
2024-08-25 08:18:07,SOLUSDT,ask,170,17208.149
2024-08-25 08:20:07,SOLUSDT,bid,100,24190.024
2024-08-25 08:21:15,SOLUSDT,bid,111,12424.545
2024-08-25 08:21:43,SOLUSDT,ask,195,12096.601
2024-08-25 08:22:00,SOLUSDT,ask,165,18511.425
2024-08-25 08:22:19,SOLUSDT,ask,240,5771.753
2024-08-25 08:22:59,SOLUSDT,bid,140,8598.199
2024-08-25 08:23:22,SOLUSDT,ask,170,17210.147
2024-08-25 08:23:40,SOLUSDT,ask,180,23131.381
2024-08-25 08:24:16,SOLUSDT,bid,100,24180.394
2024-08-25 08:24:45,SOLUSDT,bid,140,8679.187
2024-08-25 08:25:14,SOLUSDT,ask,165,18471.463
2024-08-25 08:25:20,SOLUSDT,ask,175,11973.957
2024-08-25 08:25:23,SOLUSDT,bid,140,8679.241
2024-08-25 08:25:31,SOLUSDT,ask,182,7535.389
2024-08-25 08:25:51,SOLUSDT,bid,120,35506.92
2024-08-25 08:25:56,SOLUSDT,bid,140,8680.241
2024-08-25 08:26:16,SOLUSDT,bid,135,13610.572
2024-08-25 08:27:04,SOLUSDT,ask,167,8553.78
2024-08-25 08:27:28,SOLUSDT,bid,120,35495.045
2024-08-25 08:27:33,SOLUSDT,ask,165,18476.978
2024-08-25 08:28:10,SOLUSDT,ask,180,23121.619
2024-08-25 08:28:20,SOLUSDT,ask,198,5313.824
2024-08-25 08:28:21,SOLUSDT,ask,190,23251.962
2024-08-25 08:28:25,SOLUSDT,ask,165,18476.478
2024-08-25 08:28:37,SOLUSDT,bid,135,13610.456
2024-08-25 08:28:44,SOLUSDT,bid,130,10962.953
2024-08-25 08:29:00,SOLUSDT,ask,190,23252.462
2024-08-25 08:29:04,SOLUSDT,ask,165,18498.081
2024-08-25 08:29:10,SOLUSDT,ask,165,18504.281
2024-08-25 08:29:12,SOLUSDT,ask,170,17208.149
2024-08-25 08:29:13,SOLUSDT,bid,140,8680.526
2024-08-25 08:29:22,SOLUSDT,ask,165,18504.16
2024-08-25 08:29:29,SOLUSDT,ask,180,23121.564
2024-08-25 08:30:20,SOLUSDT,ask,165,18504.247
2024-08-25 08:30:22,SOLUSDT,bid,140,8680.885
2024-08-25 08:30:56,SOLUSDT,ask,165,18498.732
2024-08-25 08:31:00,SOLUSDT,ask,180,23121.841
2024-08-25 08:32:08,SOLUSDT,ask,190,23234.582
2024-08-25 08:32:23,SOLUSDT,ask,165,18507.672
2024-08-25 08:32:48,SOLUSDT,ask,165,18506.722
2024-08-25 08:32:48,SOLUSDT,ask,170,17201.793
2024-08-25 08:32:48,SOLUSDT,ask,180,23124.367
2024-08-25 08:32:48,SOLUSDT,ask,195,12092.792
2024-08-25 08:32:48,SOLUSDT,ask,200,59770.169
2024-08-25 08:32:48,SOLUSDT,ask,300,10136.13
2024-08-25 08:32:53,SOLUSDT,ask,170,17202.563
2024-08-25 08:32:56,SOLUSDT,ask,157,6875.712
2024-08-25 08:32:57,SOLUSDT,ask,157,6875.712
2024-08-25 08:32:57,SOLUSDT,ask,157,6876.462
2024-08-25 08:32:57,SOLUSDT,ask,157,6870.327
2024-08-25 08:32:57,SOLUSDT,ask,157,6998.029
2024-08-25 08:32:57,SOLUSDT,ask,157,6983.713
2024-08-25 08:32:57,SOLUSDT,ask,157,6903.338
2024-08-25 08:32:58,SOLUSDT,ask,157,6867.279
2024-08-25 08:32:58,SOLUSDT,ask,157,6866.529
2024-08-25 08:32:58,SOLUSDT,ask,157,6866.578
2024-08-25 08:32:58,SOLUSDT,ask,157,6963.724
2024-08-25 08:32:58,SOLUSDT,ask,157,6901.724
2024-08-25 08:32:58,SOLUSDT,ask,157,6898.324
2024-08-25 08:32:58,SOLUSDT,ask,157,6863.224
2024-08-25 08:32:58,SOLUSDT,ask,157,6780.905
2024-08-25 08:32:59,SOLUSDT,ask,157,6726.346
2024-08-25 08:32:59,SOLUSDT,ask,157,6592.343
2024-08-25 08:32:59,SOLUSDT,ask,157,6580.304
2024-08-25 08:32:59,SOLUSDT,ask,165,18519.157
2024-08-25 08:33:01,SOLUSDT,ask,165,18506.722
2024-08-25 08:33:01,SOLUSDT,ask,175,10730.71
2024-08-25 08:33:27,SOLUSDT,ask,175,10730.802
2024-08-25 08:33:30,SOLUSDT,ask,165,18531.799
2024-08-25 08:33:47,SOLUSDT,ask,180,23125.167
2024-08-25 08:33:47,SOLUSDT,ask,190,23233.782
2024-08-25 08:34:00,SOLUSDT,ask,165,18532.352
2024-08-25 08:34:07,SOLUSDT,ask,180,23124.89
2024-08-25 08:34:27,SOLUSDT,ask,167,8555.17
2024-08-25 08:34:29,SOLUSDT,ask,165,18521.979
2024-08-25 08:34:33,SOLUSDT,ask,200,59768.611
2024-08-25 08:34:46,SOLUSDT,ask,200,59774.802
2024-08-25 08:35:14,SOLUSDT,ask,165,18471.979
2024-08-25 08:35:20,SOLUSDT,bid,120,35494.045
2024-08-25 08:35:24,SOLUSDT,ask,170,17199.437
2024-08-25 08:35:30,SOLUSDT,bid,115,16964.954
2024-08-25 08:35:46,SOLUSDT,bid,140,8680.807
2024-08-25 08:35:52,SOLUSDT,ask,165,18477.166
2024-08-25 08:36:08,SOLUSDT,ask,170,17202.563
2024-08-25 08:36:33,SOLUSDT,ask,165,18476.166
2024-08-25 08:36:33,SOLUSDT,ask,167,8554.17
2024-08-25 08:36:33,SOLUSDT,ask,169,7116.835
2024-08-25 08:36:33,SOLUSDT,ask,170,17201.563
2024-08-25 08:36:43,SOLUSDT,ask,200,65144.432
2024-08-25 08:36:45,SOLUSDT,bid,110,20173.33
2024-08-25 08:36:58,SOLUSDT,ask,170,17201.748
2024-08-25 08:36:58,SOLUSDT,ask,170,17200.748
2024-08-25 08:37:02,SOLUSDT,ask,165,18536.166
2024-08-25 08:37:13,SOLUSDT,bid,130,10962.569
2024-08-25 08:37:16,SOLUSDT,ask,180,23125.068
2024-08-25 08:37:26,SOLUSDT,ask,200,65151.656
2024-08-25 08:37:47,SOLUSDT,ask,200,65032.656
2024-08-25 08:38:01,SOLUSDT,ask,165,18532.166
2024-08-25 08:38:02,SOLUSDT,bid,133,9175.555
2024-08-25 08:38:19,SOLUSDT,ask,195,11948.601
2024-08-25 08:39:09,SOLUSDT,ask,170,17200.199
2024-08-25 08:39:20,SOLUSDT,ask,165,18530.289
2024-08-25 08:39:23,SOLUSDT,ask,200,65032.151
2024-08-25 08:39:24,SOLUSDT,bid,133,9175.555
2024-08-25 08:39:27,SOLUSDT,ask,165,18529.777
2024-08-25 08:39:34,SOLUSDT,bid,135,13610.345
2024-08-25 08:39:37,SOLUSDT,ask,215,6149.762
2024-08-25 08:39:37,SOLUSDT,bid,135,13615.345
2024-08-25 08:39:49,SOLUSDT,ask,165,18529.827
2024-08-25 08:39:54,SOLUSDT,ask,167,8551.548
2024-08-25 08:40:03,SOLUSDT,ask,175,10795.496
2024-08-25 08:40:30,SOLUSDT,bid,130,10966.569
2024-08-25 08:40:30,SOLUSDT,ask,185,18408.918
2024-08-25 08:40:44,SOLUSDT,ask,170,17200.248
2024-08-25 08:40:49,SOLUSDT,bid,130,10966.633
2024-08-25 08:41:09,SOLUSDT,ask,200,65025.782
2024-08-25 08:41:19,SOLUSDT,ask,165,18537.115
2024-08-25 08:41:22,SOLUSDT,ask,170,17204.165
2024-08-25 08:41:45,SOLUSDT,ask,167,8552.308
2024-08-25 08:42:01,SOLUSDT,ask,182,7530.77
2024-08-25 08:42:18,SOLUSDT,ask,170,17203.087
2024-08-25 08:42:26,SOLUSDT,bid,148,34195.783
2024-08-25 08:42:44,SOLUSDT,bid,135,13491.375
2024-08-25 08:43:15,SOLUSDT,ask,165,18536.115
2024-08-25 08:43:28,SOLUSDT,bid,140,8704.172
2024-08-25 08:43:48,SOLUSDT,ask,170,17201.087
2024-08-25 08:43:59,SOLUSDT,bid,140,8703.172
2024-08-25 08:44:05,SOLUSDT,ask,165,18536.201
2024-08-25 08:44:27,SOLUSDT,ask,175,10795.573
2024-08-25 08:45:03,SOLUSDT,ask,185,18408.988
2024-08-25 08:45:08,SOLUSDT,ask,165,18527.739
2024-08-25 08:45:34,SOLUSDT,ask,192,6877.82
2024-08-25 08:45:43,SOLUSDT,ask,170,17206.439
2024-08-25 08:45:47,SOLUSDT,ask,185,18413.926
2024-08-25 08:45:57,SOLUSDT,bid,140,8708.298
2024-08-25 08:46:06,SOLUSDT,bid,135,13124.853
2024-08-25 08:46:15,SOLUSDT,bid,110,20254.476
2024-08-25 08:46:21,SOLUSDT,bid,130,10980.165
2024-08-25 08:46:26,SOLUSDT,bid,140,8703.298
2024-08-25 08:46:29,SOLUSDT,ask,180,23120.069
2024-08-25 08:46:29,SOLUSDT,bid,140,8698.172
2024-08-25 08:46:33,SOLUSDT,ask,180,23120.822
2024-08-25 08:46:41,SOLUSDT,ask,180,23119.725
2024-08-25 08:46:41,SOLUSDT,ask,190,23233.667
2024-08-25 08:46:43,SOLUSDT,bid,120,35494.711
2024-08-25 08:46:48,SOLUSDT,bid,125,14461.264
2024-08-25 08:46:51,SOLUSDT,ask,190,23237.285
2024-08-25 08:47:01,SOLUSDT,ask,210,24641.35
2024-08-25 08:47:07,SOLUSDT,bid,125,14461.264
2024-08-25 08:47:27,SOLUSDT,bid,125,14461.264
2024-08-25 08:47:31,SOLUSDT,bid,130,10984.011
2024-08-25 08:47:42,SOLUSDT,bid,130,10983.243
2024-08-25 08:47:53,SOLUSDT,ask,165,18533.038
2024-08-25 08:48:01,SOLUSDT,ask,170,17205.781
2024-08-25 08:48:25,SOLUSDT,ask,185,18419.324
2024-08-25 08:48:31,SOLUSDT,bid,135,13123.372
2024-08-25 08:48:36,SOLUSDT,ask,165,18516.315
2024-08-25 08:48:37,SOLUSDT,ask,185,18368.76
2024-08-25 08:48:52,SOLUSDT,bid,140,8700.314
2024-08-25 08:49:53,SOLUSDT,ask,170,17204.992
2024-08-25 08:50:11,SOLUSDT,ask,185,18363.822
2024-08-25 08:50:16,SOLUSDT,ask,165,18511.847
2024-08-25 08:50:26,SOLUSDT,ask,170,17204.255
2024-08-25 08:50:33,SOLUSDT,ask,190,23244.285
2024-08-25 08:50:36,SOLUSDT,ask,500,5966.834
2024-08-25 08:50:52,SOLUSDT,ask,165,18512.286
2024-08-25 08:51:05,SOLUSDT,bid,158,6554.355
2024-08-25 08:51:05,SOLUSDT,bid,158,6521.614
2024-08-25 08:51:05,SOLUSDT,bid,158,6496.696
2024-08-25 08:51:06,SOLUSDT,bid,158,6729.123
2024-08-25 08:51:08,SOLUSDT,bid,158,6792.362
2024-08-25 08:51:08,SOLUSDT,bid,158,6722.934
2024-08-25 08:51:09,SOLUSDT,ask,165,18512.236
2024-08-25 08:51:17,SOLUSDT,bid,130,10983.319
2024-08-25 08:51:27,SOLUSDT,bid,130,10979.473
2024-08-25 08:51:28,SOLUSDT,bid,110,20254.566
2024-08-25 08:51:46,SOLUSDT,ask,170,17206.834
2024-08-25 08:51:53,SOLUSDT,ask,170,17210.334
2024-08-25 08:51:53,SOLUSDT,ask,190,23237.285
2024-08-25 08:52:08,SOLUSDT,ask,185,18367.322
2024-08-25 08:52:18,SOLUSDT,ask,165,18512.027
2024-08-25 08:52:27,SOLUSDT,ask,165,18511.892
2024-08-25 08:52:27,SOLUSDT,ask,167,8552.173
2024-08-25 08:52:27,SOLUSDT,ask,169,7116.7
2024-08-25 08:52:27,SOLUSDT,ask,170,17210.199
2024-08-25 08:52:31,SOLUSDT,ask,170,17210.023
2024-08-25 08:52:33,SOLUSDT,ask,165,18511.711
2024-08-25 08:52:57,SOLUSDT,bid,120,35494.083
2024-08-25 08:53:47,SOLUSDT,ask,185,18372.26
2024-08-25 08:53:50,SOLUSDT,ask,165,18491.711
2024-08-25 08:53:50,SOLUSDT,ask,170,17190.023
2024-08-25 08:53:50,SOLUSDT,ask,180,23099.725
2024-08-25 08:54:04,SOLUSDT,ask,192,6875.397
2024-08-25 08:54:13,SOLUSDT,ask,170,17189.984
2024-08-25 08:54:23,SOLUSDT,ask,165,18491.815
2024-08-25 08:54:28,SOLUSDT,ask,170,17189.93
2024-08-25 08:54:32,SOLUSDT,ask,180,23100.228
2024-08-25 08:54:47,SOLUSDT,ask,170,17186.93
2024-08-25 08:55:00,SOLUSDT,bid,140,8695.314
2024-08-25 08:55:01,SOLUSDT,ask,180,23099.954
2024-08-25 08:55:01,SOLUSDT,ask,190,23237.011
2024-08-25 08:55:08,SOLUSDT,ask,165,18495.959
2024-08-25 08:55:24,SOLUSDT,bid,140,8695.713
2024-08-25 08:55:35,SOLUSDT,bid,125,14461.224
2024-08-25 08:55:35,SOLUSDT,ask,200,65025.742
2024-08-25 08:55:37,SOLUSDT,ask,180,23099.845
2024-08-25 08:55:41,SOLUSDT,ask,165,18495.921
2024-08-25 08:55:43,SOLUSDT,bid,140,8693.438
2024-08-25 08:55:52,SOLUSDT,ask,200,65026.746
2024-08-25 08:56:11,SOLUSDT,ask,175,10747.564
2024-08-25 08:56:34,SOLUSDT,ask,165,18471.414
2024-08-25 08:56:54,SOLUSDT,ask,170,17186.634
2024-08-25 08:57:07,SOLUSDT,bid,140,8682.469
2024-08-25 08:57:22,SOLUSDT,bid,140,8681.468
2024-08-25 08:57:22,SOLUSDT,bid,135,13123.272
2024-08-25 08:57:22,SOLUSDT,bid,133,9175.455
2024-08-25 08:57:31,SOLUSDT,bid,100,24150.394
2024-08-25 08:57:47,SOLUSDT,bid,130,10979.268
2024-08-25 08:57:47,SOLUSDT,ask,180,23108.4
2024-08-25 08:58:16,SOLUSDT,ask,192,6876.824
2024-08-25 08:58:23,SOLUSDT,ask,200,65015.945
2024-08-25 08:58:28,SOLUSDT,bid,135,13123.112
2024-08-25 08:58:28,SOLUSDT,bid,130,10978.268
2024-08-25 08:58:31,SOLUSDT,ask,165,18470.411
2024-08-25 08:58:48,SOLUSDT,ask,165,18473.408
2024-08-25 08:58:56,SOLUSDT,ask,165,18471.663
2024-08-25 08:59:23,SOLUSDT,ask,200,65012.945
2024-08-25 08:59:40,SOLUSDT,bid,100,24150.074
2024-08-25 08:59:48,SOLUSDT,bid,95,14067.853
2024-08-25 08:59:57,SOLUSDT,ask,165,18470.663
2024-08-25 09:00:00,SOLUSDT,ask,750,4624.173
2024-08-25 09:00:06,SOLUSDT,ask,210,24640.504
2024-08-25 09:00:19,SOLUSDT,ask,165,18466.388
2024-08-25 09:00:22,SOLUSDT,ask,200,65013.791
2024-08-25 09:00:32,SOLUSDT,bid,120,35489.083
2024-08-25 09:00:46,SOLUSDT,ask,165,18463.358
2024-08-25 09:01:04,SOLUSDT,ask,165,18463.459
2024-08-25 09:01:07,SOLUSDT,ask,165,18468.685
2024-08-25 09:01:32,SOLUSDT,ask,167,8551.205
2024-08-25 09:01:38,SOLUSDT,ask,198,5364.343
2024-08-25 09:02:18,SOLUSDT,ask,170,17184.697
2024-08-25 09:02:27,SOLUSDT,ask,205,10064.538
2024-08-25 09:02:31,SOLUSDT,ask,180,23107.401
2024-08-25 09:02:44,SOLUSDT,ask,165,18493.192
2024-08-25 09:03:05,SOLUSDT,ask,193,5938.489
2024-08-25 09:03:30,SOLUSDT,ask,170,17183.58
2024-08-25 09:03:33,SOLUSDT,ask,167,8551.835
2024-08-25 09:03:47,SOLUSDT,bid,110,20260.917
2024-08-25 09:03:57,SOLUSDT,bid,120,35494.677
2024-08-25 09:04:08,SOLUSDT,ask,165,18494.192
2024-08-25 09:04:11,SOLUSDT,bid,140,8681.396
2024-08-25 09:04:17,SOLUSDT,ask,165,18495.309
2024-08-25 09:04:26,SOLUSDT,ask,170,17182.023
2024-08-25 09:05:14,SOLUSDT,ask,165,18494.599
2024-08-25 09:05:20,SOLUSDT,ask,165,18494.707
2024-08-25 09:05:30,SOLUSDT,ask,200,65009.952
2024-08-25 09:05:39,SOLUSDT,ask,188,13372.522
2024-08-25 09:05:41,SOLUSDT,ask,165,18497.434
2024-08-25 09:05:55,SOLUSDT,ask,165,18525.347
2024-08-25 09:06:02,SOLUSDT,ask,170,17182.063
2024-08-25 09:06:19,SOLUSDT,ask,167,8561.321
2024-08-25 09:06:50,SOLUSDT,ask,182,7529.77
2024-08-25 09:06:50,SOLUSDT,ask,200,65010.952
2024-08-25 09:06:52,SOLUSDT,ask,180,23107.432
2024-08-25 09:07:16,SOLUSDT,ask,165,18525.965
2024-08-25 09:07:33,SOLUSDT,bid,140,8681.359
2024-08-25 09:07:33,SOLUSDT,ask,180,23107.395
2024-08-25 09:07:34,SOLUSDT,ask,175,10738.655
2024-08-25 09:07:56,SOLUSDT,ask,193,5940.489
2024-08-25 09:08:06,SOLUSDT,ask,210,24650.504
2024-08-25 09:08:07,SOLUSDT,ask,195,11915.296
2024-08-25 09:08:12,SOLUSDT,ask,200,65014.791
2024-08-25 09:09:02,SOLUSDT,ask,220,14876.023
2024-08-25 09:09:09,SOLUSDT,ask,200,65008.6
2024-08-25 09:09:17,SOLUSDT,bid,100,24150.242
2024-08-25 09:09:18,SOLUSDT,bid,140,8683.865
2024-08-25 09:09:35,SOLUSDT,ask,185,18376.33
2024-08-25 09:09:41,SOLUSDT,ask,170,17188.254
2024-08-25 09:09:41,SOLUSDT,ask,170,17187.061
2024-08-25 09:09:46,SOLUSDT,bid,147,34183.269
2024-08-25 09:09:59,SOLUSDT,ask,167,8560.321
2024-08-25 09:10:10,SOLUSDT,bid,135,13122.372
2024-08-25 09:10:16,SOLUSDT,ask,165,18526.593
2024-08-25 09:10:26,SOLUSDT,ask,175,9313.019
2024-08-25 09:10:49,SOLUSDT,ask,200,65010.125
2024-08-25 09:11:12,SOLUSDT,bid,111,12454.545
2024-08-25 09:11:13,SOLUSDT,ask,165,18538.463
2024-08-25 09:11:16,SOLUSDT,bid,130,10978.192
2024-08-25 09:11:21,SOLUSDT,bid,130,10979.73
2024-08-25 09:11:41,SOLUSDT,ask,170,17185.728
2024-08-25 09:11:58,SOLUSDT,bid,100,24150.08
2024-08-25 09:12:10,SOLUSDT,bid,135,13079.55
2024-08-25 09:12:12,SOLUSDT,ask,167,8561.213
2024-08-25 09:12:27,SOLUSDT,ask,180,23106.679
2024-08-25 09:12:39,SOLUSDT,ask,167,8560.321
2024-08-25 09:12:40,SOLUSDT,ask,175,9313.986
2024-08-25 09:13:00,SOLUSDT,ask,180,23107.738
2024-08-25 09:13:01,SOLUSDT,ask,165,18519.281
2024-08-25 09:13:03,SOLUSDT,ask,175,9314.066
2024-08-25 09:13:14,SOLUSDT,bid,111,12474.545
2024-08-25 09:13:22,SOLUSDT,ask,165,18517.652
2024-08-25 09:13:41,SOLUSDT,bid,140,8683.827
2024-08-25 09:14:00,SOLUSDT,ask,165,18536.834
2024-08-25 09:14:21,SOLUSDT,ask,180,23106.733
2024-08-25 09:14:24,SOLUSDT,ask,190,23242.011
2024-08-25 09:14:28,SOLUSDT,bid,115,17014.954
2024-08-25 09:14:28,SOLUSDT,bid,111,12424.545
2024-08-25 09:14:38,SOLUSDT,ask,205,10161.337
2024-08-25 09:14:56,SOLUSDT,ask,167,8554.789
2024-08-25 09:15:59,SOLUSDT,ask,195,11915.396
2024-08-25 09:16:11,SOLUSDT,ask,165,18536.69
2024-08-25 09:16:13,SOLUSDT,ask,169,7129.386
2024-08-25 09:16:24,SOLUSDT,ask,165,18536.135
2024-08-25 09:16:29,SOLUSDT,ask,165,18535.135
2024-08-25 09:17:23,SOLUSDT,ask,169,7129.218
2024-08-25 09:17:32,SOLUSDT,ask,190,23242.179
2024-08-25 09:17:34,SOLUSDT,bid,130,10974.73
2024-08-25 09:18:02,SOLUSDT,bid,130,10974.267
2024-08-25 09:18:05,SOLUSDT,ask,169,7127.218
2024-08-25 09:18:49,SOLUSDT,ask,165,18535.826
2024-08-25 09:19:04,SOLUSDT,bid,140,8694.121
2024-08-25 09:19:13,SOLUSDT,ask,195,11915.3
2024-08-25 09:19:16,SOLUSDT,ask,175,9314.585
2024-08-25 09:19:32,SOLUSDT,ask,193,5939.284
2024-08-25 09:19:37,SOLUSDT,ask,190,23242.352
2024-08-25 09:20:03,SOLUSDT,ask,165,18538.148
2024-08-25 09:20:19,SOLUSDT,ask,169,8127.218
2024-08-25 09:20:55,SOLUSDT,bid,140,8692.904
2024-08-25 09:21:03,SOLUSDT,ask,169,8117.218
2024-08-25 09:21:15,SOLUSDT,bid,110,20261.007
2024-08-25 09:21:23,SOLUSDT,bid,140,8687.225
2024-08-25 09:22:50,SOLUSDT,ask,165,18536.148
2024-08-25 09:23:45,SOLUSDT,ask,175,9314.15
2024-08-25 09:23:56,SOLUSDT,bid,140,8685.225
2024-08-25 09:24:00,SOLUSDT,ask,180,23105.131
2024-08-25 09:24:46,SOLUSDT,ask,193,5941.952
2024-08-25 09:25:00,SOLUSDT,ask,165,18532.183
2024-08-25 09:25:05,SOLUSDT,ask,180,23109.096
2024-08-25 09:25:35,SOLUSDT,ask,182,7529.72
2024-08-25 09:25:51,SOLUSDT,ask,250,18635.331
2024-08-25 09:26:08,SOLUSDT,ask,210,24651.242
2024-08-25 09:26:23,SOLUSDT,bid,120,35492.677
2024-08-25 09:26:43,SOLUSDT,ask,190,23240.697
2024-08-25 09:26:46,SOLUSDT,ask,170,17187.378
2024-08-25 09:26:51,SOLUSDT,ask,205,10158.013
2024-08-25 09:27:25,SOLUSDT,ask,170,17187.233
2024-08-25 09:27:38,SOLUSDT,ask,165,18533.521
2024-08-25 09:27:53,SOLUSDT,bid,135,13064.55
2024-08-25 09:27:54,SOLUSDT,bid,130,10954.998
2024-08-25 09:27:56,SOLUSDT,ask,180,23109.033
2024-08-25 09:28:06,SOLUSDT,ask,170,17187.378
2024-08-25 09:28:22,SOLUSDT,ask,165,18533.832
2024-08-25 09:28:45,SOLUSDT,ask,170,17185.177
2024-08-25 09:29:00,SOLUSDT,ask,165,18533.871
2024-08-25 09:29:06,SOLUSDT,ask,500,5965.679
2024-08-25 09:29:12,SOLUSDT,ask,170,17187.378
2024-08-25 09:30:06,SOLUSDT,ask,165,18533.56
2024-08-25 09:30:19,SOLUSDT,ask,205,10162.946
2024-08-25 09:30:29,SOLUSDT,bid,133,9175.86
2024-08-25 09:30:35,SOLUSDT,bid,130,10954.229
2024-08-25 09:30:41,SOLUSDT,ask,240,5771.808
2024-08-25 09:30:47,SOLUSDT,ask,170,17194.451
2024-08-25 09:30:55,SOLUSDT,ask,193,5939.952
2024-08-25 09:31:06,SOLUSDT,bid,135,13063.55
2024-08-25 09:31:07,SOLUSDT,bid,120,35490.848
2024-08-25 09:31:08,SOLUSDT,ask,165,18520.646
2024-08-25 09:31:12,SOLUSDT,bid,125,14459.624
2024-08-25 09:31:31,SOLUSDT,ask,165,18521.646
2024-08-25 09:31:51,SOLUSDT,bid,120,35490.932
2024-08-25 09:31:52,SOLUSDT,bid,120,35495.169
2024-08-25 09:32:17,SOLUSDT,ask,165,18520.647
2024-08-25 09:32:33,SOLUSDT,ask,167,8555.978
2024-08-25 09:32:43,SOLUSDT,ask,180,23109.061
2024-08-25 09:32:58,SOLUSDT,ask,165,18530.465
2024-08-25 09:33:21,SOLUSDT,ask,190,23240.858
2024-08-25 09:33:37,SOLUSDT,ask,210,24651.266
2024-08-25 09:34:11,SOLUSDT,ask,175,9348.445
2024-08-25 09:34:42,SOLUSDT,ask,165,18530.432
2024-08-25 09:34:48,SOLUSDT,bid,140,8684.225
2024-08-25 09:35:02,SOLUSDT,ask,170,17192.767
2024-08-25 09:35:16,SOLUSDT,ask,180,23110.745
2024-08-25 09:35:43,SOLUSDT,ask,167,8556.039
2024-08-25 09:35:52,SOLUSDT,ask,175,9336.522
2024-08-25 09:36:12,SOLUSDT,ask,190,23252.781
2024-08-25 09:36:15,SOLUSDT,bid,130,10942.229
2024-08-25 09:36:17,SOLUSDT,bid,120,35494.523
2024-08-25 09:37:05,SOLUSDT,ask,165,18522.128
2024-08-25 09:38:15,SOLUSDT,ask,165,18522.49
2024-08-25 09:38:15,SOLUSDT,ask,210,24651.066
2024-08-25 09:39:02,SOLUSDT,ask,165,18544.158
2024-08-25 09:39:36,SOLUSDT,ask,169,8142.193
2024-08-25 09:39:45,SOLUSDT,ask,191,5779.032
2024-08-25 09:39:49,SOLUSDT,bid,110,20260.917
2024-08-25 09:39:52,SOLUSDT,bid,100,24149.98
2024-08-25 09:40:32,SOLUSDT,bid,120,35478.364
2024-08-25 09:41:17,SOLUSDT,ask,167,8555.978
2024-08-25 09:41:34,SOLUSDT,ask,170,17202.767
2024-08-25 09:41:50,SOLUSDT,ask,167,8539.464
2024-08-25 09:41:57,SOLUSDT,ask,170,17202.491
2024-08-25 09:42:14,SOLUSDT,ask,240,5771.872
2024-08-25 09:42:31,SOLUSDT,ask,200,65017.198
2024-08-25 09:42:34,SOLUSDT,ask,193,5929.626
2024-08-25 09:43:17,SOLUSDT,ask,169,8140.224
2024-08-25 09:43:34,SOLUSDT,ask,193,5926.958
2024-08-25 09:43:38,SOLUSDT,ask,190,23256.175
2024-08-25 09:44:14,SOLUSDT,ask,169,8134.323
2024-08-25 09:44:29,SOLUSDT,ask,191,5927.292
2024-08-25 09:44:54,SOLUSDT,bid,110,20260.585
2024-08-25 09:44:59,SOLUSDT,bid,140,8684.853
2024-08-25 09:45:01,SOLUSDT,bid,110,20261.139
2024-08-25 09:45:24,SOLUSDT,ask,180,23111.546
2024-08-25 09:45:35,SOLUSDT,ask,240,5771.808
2024-08-25 09:45:35,SOLUSDT,ask,169,8137.305
2024-08-25 09:46:11,SOLUSDT,ask,200,65016.533
2024-08-25 09:46:32,SOLUSDT,bid,100,24165.615
2024-08-25 09:46:41,SOLUSDT,ask,165,18545.158
2024-08-25 09:46:42,SOLUSDT,bid,140,8682.786
2024-08-25 09:46:54,SOLUSDT,ask,165,18538.644
2024-08-25 09:47:02,SOLUSDT,bid,111,12424.069
2024-08-25 09:47:20,SOLUSDT,ask,165,18548.45
2024-08-25 09:47:49,SOLUSDT,ask,197,13102.503
2024-08-25 09:47:52,SOLUSDT,bid,95,14067.647
2024-08-25 09:47:54,SOLUSDT,ask,197,13101.254
2024-08-25 09:48:19,SOLUSDT,bid,130,10928.932
2024-08-25 09:48:24,SOLUSDT,ask,170,17203.628
2024-08-25 09:48:24,SOLUSDT,ask,165,18559.191
2024-08-25 09:48:26,SOLUSDT,ask,198,5331.408
2024-08-25 09:48:44,SOLUSDT,bid,150,6688.901
2024-08-25 09:49:22,SOLUSDT,bid,110,20261.229
2024-08-25 09:50:19,SOLUSDT,ask,205,10162.766
2024-08-25 09:50:20,SOLUSDT,ask,165,18559.689
2024-08-25 09:50:44,SOLUSDT,ask,240,5771.865
2024-08-25 09:50:48,SOLUSDT,bid,115,17015.011
2024-08-25 09:50:49,SOLUSDT,bid,150,6689.101
2024-08-25 09:50:50,SOLUSDT,ask,165,18559.757
2024-08-25 09:51:01,SOLUSDT,ask,185,18376.459
2024-08-25 09:51:39,SOLUSDT,ask,170,17204.971
2024-08-25 09:51:52,SOLUSDT,ask,185,18376.041
2024-08-25 09:51:55,SOLUSDT,ask,185,18376.581
2024-08-25 09:52:01,SOLUSDT,ask,165,18557.759
2024-08-25 09:52:13,SOLUSDT,bid,125,14460.718
2024-08-25 09:52:44,SOLUSDT,ask,190,23255.118
2024-08-25 09:52:44,SOLUSDT,ask,240,5770.785
2024-08-25 09:52:47,SOLUSDT,ask,165,18559.759
