2024-08-28 07:00:04,SOLUSDT,bid,122,4206.148
2024-08-28 07:00:06,SOLUSDT,ask,170,11134.218
2024-08-28 07:00:10,SOLUSDT,bid,145,5795.749
2024-08-28 07:00:16,SOLUSDT,bid,145,5780.749
2024-08-28 07:00:23,SOLUSDT,bid,140,15700.03
2024-08-28 07:00:26,SOLUSDT,bid,143,28182.353
2024-08-28 07:00:27,SOLUSDT,bid,145,5791.191
2024-08-28 07:00:30,SOLUSDT,bid,145,5792.191
2024-08-28 07:00:35,SOLUSDT,bid,140,15701.03
2024-08-28 07:00:36,SOLUSDT,bid,141,3801.706
2024-08-28 07:00:36,SOLUSDT,bid,140,15700.03
2024-08-28 07:00:36,SOLUSDT,bid,135,10177.534
2024-08-28 07:00:36,SOLUSDT,bid,130,12277.265
2024-08-28 07:00:36,SOLUSDT,bid,125,11414.339
2024-08-28 07:00:36,SOLUSDT,bid,120,16339.443
2024-08-28 07:00:36,SOLUSDT,bid,115,17101.007
2024-08-28 07:00:36,SOLUSDT,bid,110,20542.803
2024-08-28 07:00:36,SOLUSDT,bid,105,8369.432
2024-08-28 07:00:36,SOLUSDT,bid,100,23544.859
2024-08-28 07:00:36,SOLUSDT,bid,95,8307.786
2024-08-28 07:00:36,SOLUSDT,bid,90,8788.219
2024-08-28 07:00:36,SOLUSDT,bid,80,13271.269
2024-08-28 07:00:37,SOLUSDT,bid,120,16346.018
2024-08-28 07:00:38,SOLUSDT,bid,138,5644.012
2024-08-28 07:00:40,SOLUSDT,bid,140,15710.03
2024-08-28 07:00:41,SOLUSDT,bid,146,3415.463
2024-08-28 07:00:41,SOLUSDT,bid,146,3415.663
2024-08-28 07:00:42,SOLUSDT,bid,146,3416.413
2024-08-28 07:00:42,SOLUSDT,bid,146,3426.594
2024-08-28 07:00:42,SOLUSDT,ask,165,15147.744
2024-08-28 07:00:43,SOLUSDT,bid,146,3625.134
2024-08-28 07:00:43,SOLUSDT,bid,146,3699.116
2024-08-28 07:00:43,SOLUSDT,bid,146,3767.348
2024-08-28 07:00:44,SOLUSDT,bid,146,3915.969
2024-08-28 07:00:44,SOLUSDT,bid,146,3915.219
2024-08-28 07:00:45,SOLUSDT,bid,146,3845.474
2024-08-28 07:00:45,SOLUSDT,bid,146,3734.501
2024-08-28 07:00:46,SOLUSDT,bid,146,3737.908
2024-08-28 07:00:46,SOLUSDT,bid,146,3811.884
2024-08-28 07:00:46,SOLUSDT,bid,146,3809.625
2024-08-28 07:00:47,SOLUSDT,bid,146,3699.654
2024-08-28 07:00:47,SOLUSDT,bid,146,3806.619
2024-08-28 07:00:47,SOLUSDT,bid,146,3946.577
2024-08-28 07:00:47,SOLUSDT,bid,146,3980.892
2024-08-28 07:00:47,SOLUSDT,bid,140,15709.584
2024-08-28 07:00:48,SOLUSDT,bid,146,3944.902
2024-08-28 07:00:48,SOLUSDT,bid,121,5892.086
2024-08-28 07:00:48,SOLUSDT,bid,146,3908.912
2024-08-28 07:00:49,SOLUSDT,bid,146,3871.921
2024-08-28 07:00:49,SOLUSDT,ask,175,7373.133
2024-08-28 07:00:49,SOLUSDT,bid,146,3940.154
2024-08-28 07:00:49,SOLUSDT,bid,146,3904.161
2024-08-28 07:00:49,SOLUSDT,bid,146,3868.171
2024-08-28 07:00:49,SOLUSDT,bid,146,3832.182
2024-08-28 07:00:50,SOLUSDT,bid,146,3838.653
2024-08-28 07:00:52,SOLUSDT,bid,146,3617.387
2024-08-28 07:00:53,SOLUSDT,bid,146,3547.408
2024-08-28 07:00:55,SOLUSDT,bid,146,3477.429
2024-08-28 07:00:55,SOLUSDT,bid,146,3478.179
2024-08-28 07:01:10,SOLUSDT,bid,80,13272.269
2024-08-28 07:01:19,SOLUSDT,bid,145,5807.569
2024-08-28 07:01:23,SOLUSDT,bid,120,16346.096
2024-08-28 07:01:26,SOLUSDT,bid,90,8789.219
2024-08-28 07:01:27,SOLUSDT,bid,140,15710.298
2024-08-28 07:01:29,SOLUSDT,bid,140,15700.298
2024-08-28 07:01:30,SOLUSDT,bid,130,12313.507
2024-08-28 07:01:31,SOLUSDT,ask,190,21573.696
2024-08-28 07:01:31,SOLUSDT,bid,145,3749.346
2024-08-28 07:01:31,SOLUSDT,bid,95,8308.786
2024-08-28 07:01:31,SOLUSDT,bid,145,3749.148
2024-08-28 07:01:31,SOLUSDT,bid,145,3749.148
2024-08-28 07:01:32,SOLUSDT,bid,145,3749.322
2024-08-28 07:01:32,SOLUSDT,bid,145,3749.322
2024-08-28 07:01:32,SOLUSDT,bid,145,3750.653
2024-08-28 07:01:36,SOLUSDT,bid,100,23545.859
2024-08-28 07:01:38,SOLUSDT,bid,142,4707.075
2024-08-28 07:01:41,SOLUSDT,bid,105,8370.432
2024-08-28 07:01:46,SOLUSDT,bid,110,20543.803
2024-08-28 07:01:47,SOLUSDT,bid,145,3749.148
2024-08-28 07:01:49,SOLUSDT,ask,160,6215.127
2024-08-28 07:01:50,SOLUSDT,bid,145,3749.148
2024-08-28 07:01:51,SOLUSDT,bid,140,15699.202
2024-08-28 07:01:52,SOLUSDT,bid,115,17102.007
2024-08-28 07:01:57,SOLUSDT,bid,120,16347.096
2024-08-28 07:02:03,SOLUSDT,ask,162,7801.671
2024-08-28 07:02:05,SOLUSDT,bid,125,11415.339
2024-08-28 07:02:05,SOLUSDT,bid,110,20544.256
2024-08-28 07:02:14,SOLUSDT,bid,130,12314.507
2024-08-28 07:02:14,SOLUSDT,bid,145,3749.309
2024-08-28 07:02:14,SOLUSDT,bid,145,3749.148
2024-08-28 07:02:17,SOLUSDT,bid,143,28187.353
2024-08-28 07:02:18,SOLUSDT,bid,145,3750.653
2024-08-28 07:02:18,SOLUSDT,bid,145,3750.653
2024-08-28 07:02:18,SOLUSDT,bid,145,3750.653
2024-08-28 07:02:19,SOLUSDT,bid,145,3750.653
2024-08-28 07:02:19,SOLUSDT,bid,145,3750.828
2024-08-28 07:02:19,SOLUSDT,bid,136,8000.555
2024-08-28 07:02:19,SOLUSDT,bid,145,3750.653
2024-08-28 07:02:19,SOLUSDT,bid,145,3750.653
2024-08-28 07:02:19,SOLUSDT,bid,111,10252.898
2024-08-28 07:02:20,SOLUSDT,bid,145,3750.653
2024-08-28 07:02:21,SOLUSDT,bid,145,3741.044
2024-08-28 07:02:21,SOLUSDT,bid,135,10178.534
2024-08-28 07:02:21,SOLUSDT,bid,131,9086.615
2024-08-28 07:02:27,SOLUSDT,bid,140,15709.202
2024-08-28 07:02:27,SOLUSDT,bid,140,15710.202
2024-08-28 07:02:32,SOLUSDT,bid,121,5900.35
2024-08-28 07:02:32,SOLUSDT,bid,145,5808.459
2024-08-28 07:02:33,SOLUSDT,bid,145,3918.137
2024-08-28 07:02:34,SOLUSDT,bid,145,5809.211
2024-08-28 07:02:36,SOLUSDT,bid,145,3741.044
2024-08-28 07:02:37,SOLUSDT,ask,160,6199.393
2024-08-28 07:02:38,SOLUSDT,bid,140,15696.202
2024-08-28 07:02:38,SOLUSDT,bid,143,28177.353
2024-08-28 07:02:40,SOLUSDT,bid,145,5802.315
2024-08-28 07:02:44,SOLUSDT,bid,145,3918.137
2024-08-28 07:02:47,SOLUSDT,bid,145,3741.044
2024-08-28 07:02:49,SOLUSDT,ask,160,6199.427
2024-08-28 07:02:57,SOLUSDT,bid,145,3918.137
2024-08-28 07:03:03,SOLUSDT,bid,145,3741.044
2024-08-28 07:03:07,SOLUSDT,bid,141,3797.643
2024-08-28 07:03:07,SOLUSDT,ask,170,11134.067
2024-08-28 07:03:08,SOLUSDT,bid,145,5801.563
2024-08-28 07:03:14,SOLUSDT,bid,130,12315.086
2024-08-28 07:03:19,SOLUSDT,bid,143,28178.867
2024-08-28 07:03:32,SOLUSDT,bid,80,14272.269
2024-08-28 07:03:39,SOLUSDT,ask,230,6654.877
2024-08-28 07:03:42,SOLUSDT,bid,142,4706.97
2024-08-28 07:03:42,SOLUSDT,bid,140,15696.307
2024-08-28 07:03:43,SOLUSDT,bid,142,4708.249
2024-08-28 07:03:44,SOLUSDT,bid,140,15803.449
2024-08-28 07:03:44,SOLUSDT,bid,143,28177.867
2024-08-28 07:03:51,SOLUSDT,bid,140,15805.434
2024-08-28 07:03:51,SOLUSDT,bid,111,10222.898
2024-08-28 07:03:54,SOLUSDT,bid,146,3918.542
2024-08-28 07:03:55,SOLUSDT,bid,145,5800.563
2024-08-28 07:04:02,SOLUSDT,bid,138,5645.947
2024-08-28 07:04:08,SOLUSDT,bid,140,15804.753
2024-08-28 07:04:11,SOLUSDT,bid,120,16346.888
2024-08-28 07:04:12,SOLUSDT,bid,130,12318.438
2024-08-28 07:04:15,SOLUSDT,bid,145,5802.7
2024-08-28 07:04:23,SOLUSDT,ask,160,6199.392
2024-08-28 07:04:23,SOLUSDT,ask,163,5145.296
2024-08-28 07:04:23,SOLUSDT,bid,145,5802.665
2024-08-28 07:04:24,SOLUSDT,bid,142,4703.249
2024-08-28 07:04:27,SOLUSDT,bid,145,5803.665
2024-08-28 07:04:28,SOLUSDT,bid,138,5650.727
2024-08-28 07:04:28,SOLUSDT,ask,147,3748.802
2024-08-28 07:04:34,SOLUSDT,bid,140,15805.053
2024-08-28 07:04:35,SOLUSDT,ask,160,6197.404
2024-08-28 07:04:35,SOLUSDT,bid,145,5801.528
2024-08-28 07:04:42,SOLUSDT,bid,130,12318.848
2024-08-28 07:04:47,SOLUSDT,bid,142,4703.319
2024-08-28 07:04:47,SOLUSDT,bid,145,5803.665
2024-08-28 07:04:48,SOLUSDT,ask,165,15143.6
2024-08-28 07:04:55,SOLUSDT,bid,145,5806.427
2024-08-28 07:04:58,SOLUSDT,bid,145,5807.459
2024-08-28 07:04:59,SOLUSDT,bid,145,5805.322
2024-08-28 07:05:01,SOLUSDT,ask,160,6200.11
2024-08-28 07:05:04,SOLUSDT,bid,136,8041.652
2024-08-28 07:05:05,SOLUSDT,bid,145,5805.822
2024-08-28 07:05:07,SOLUSDT,bid,145,5808.03
2024-08-28 07:05:08,SOLUSDT,bid,141,3855.171
2024-08-28 07:05:09,SOLUSDT,bid,138,5664.727
2024-08-28 07:05:12,SOLUSDT,bid,145,5808.53
2024-08-28 07:05:15,SOLUSDT,bid,137,6266.405
2024-08-28 07:05:16,SOLUSDT,bid,100,23546.859
2024-08-28 07:05:16,SOLUSDT,bid,145,5806.322
2024-08-28 07:05:19,SOLUSDT,bid,143,28178.216
2024-08-28 07:05:19,SOLUSDT,bid,101,6365.65
2024-08-28 07:05:21,SOLUSDT,bid,125,11455.339
2024-08-28 07:05:25,SOLUSDT,bid,140,15804.585
2024-08-28 07:05:30,SOLUSDT,bid,145,5808.815
2024-08-28 07:05:31,SOLUSDT,bid,145,5809.815
2024-08-28 07:05:35,SOLUSDT,bid,145,5775.333
2024-08-28 07:05:35,SOLUSDT,bid,142,4708.048
2024-08-28 07:05:36,SOLUSDT,bid,142,4707.903
2024-08-28 07:05:38,SOLUSDT,bid,143,28188.216
2024-08-28 07:05:40,SOLUSDT,ask,147,3749.237
2024-08-28 07:05:43,SOLUSDT,bid,110,20539.437
2024-08-28 07:05:45,SOLUSDT,bid,140,15806.705
2024-08-28 07:05:45,SOLUSDT,bid,138,5614.677
2024-08-28 07:05:45,SOLUSDT,bid,135,10228.584
2024-08-28 07:05:46,SOLUSDT,bid,122,4216.148
2024-08-28 07:05:53,SOLUSDT,bid,138,5564.627
2024-08-28 07:05:53,SOLUSDT,bid,135,10278.634
2024-08-28 07:05:56,SOLUSDT,bid,145,6116.813
2024-08-28 07:06:01,SOLUSDT,bid,138,5514.668
2024-08-28 07:06:01,SOLUSDT,bid,135,10328.593
2024-08-28 07:06:04,SOLUSDT,bid,110,20556.019
2024-08-28 07:06:04,SOLUSDT,bid,110,20557.596
2024-08-28 07:06:05,SOLUSDT,bid,145,6116.854
2024-08-28 07:06:06,SOLUSDT,ask,165,15146.067
2024-08-28 07:06:09,SOLUSDT,ask,165,15146.004
2024-08-28 07:06:10,SOLUSDT,bid,138,5464.618
2024-08-28 07:06:10,SOLUSDT,bid,135,10378.643
2024-08-28 07:06:11,SOLUSDT,ask,300,9585.823
2024-08-28 07:06:11,SOLUSDT,bid,115,17112.731
2024-08-28 07:06:12,SOLUSDT,ask,260,6720.431
2024-08-28 07:06:15,SOLUSDT,ask,162,7781.785
2024-08-28 07:06:20,SOLUSDT,ask,168,6366.197
2024-08-28 07:06:23,SOLUSDT,bid,145,6115.854
2024-08-28 07:06:23,SOLUSDT,ask,165,15165.89
2024-08-28 07:06:24,SOLUSDT,bid,145,5774.374
2024-08-28 07:06:25,SOLUSDT,bid,145,3741.141
2024-08-28 07:06:30,SOLUSDT,bid,120,16341.055
2024-08-28 07:06:35,SOLUSDT,bid,140,15828.133
2024-08-28 07:06:39,SOLUSDT,bid,145,5429.547
2024-08-28 07:06:40,SOLUSDT,bid,140,15829.561
2024-08-28 07:06:41,SOLUSDT,bid,136,8042.652
2024-08-28 07:07:00,SOLUSDT,bid,140,15830.561
2024-08-28 07:07:02,SOLUSDT,bid,145,5430.236
2024-08-28 07:07:04,SOLUSDT,bid,145,3741.141
2024-08-28 07:07:04,SOLUSDT,bid,145,9167.947
2024-08-28 07:07:06,SOLUSDT,bid,142,4705.791
2024-08-28 07:07:10,SOLUSDT,bid,143,28189.216
2024-08-28 07:07:11,SOLUSDT,ask,160,6200.176
2024-08-28 07:07:12,SOLUSDT,bid,140,15831.093
2024-08-28 07:07:12,SOLUSDT,bid,142,4707.199
2024-08-28 07:07:14,SOLUSDT,bid,145,9133.465
2024-08-28 07:07:19,SOLUSDT,bid,140,15832.093
2024-08-28 07:07:20,SOLUSDT,bid,138,5464.823
2024-08-28 07:07:22,SOLUSDT,bid,110,20548.506
2024-08-28 07:07:23,SOLUSDT,bid,140,15831.993
2024-08-28 07:07:24,SOLUSDT,ask,160,6333.376
2024-08-28 07:07:27,SOLUSDT,bid,142,4742.41
2024-08-28 07:07:31,SOLUSDT,bid,105,8355.432
2024-08-28 07:07:32,SOLUSDT,bid,115,17107.731
2024-08-28 07:07:34,SOLUSDT,ask,159,6147.833
2024-08-28 07:07:34,SOLUSDT,bid,105,8356.442
2024-08-28 07:07:35,SOLUSDT,bid,136,8043.652
2024-08-28 07:07:36,SOLUSDT,bid,136,8060.562
2024-08-28 07:07:38,SOLUSDT,bid,140,15833.278
2024-08-28 07:07:42,SOLUSDT,bid,140,15907.854
2024-08-28 07:07:45,SOLUSDT,bid,136,8059.562
2024-08-28 07:07:45,SOLUSDT,bid,115,17117.731
2024-08-28 07:07:46,SOLUSDT,ask,160,6332.701
2024-08-28 07:07:50,SOLUSDT,bid,140,15833.278
2024-08-28 07:07:59,SOLUSDT,ask,162,7781.877
2024-08-28 07:08:00,SOLUSDT,ask,147,3749.135
2024-08-28 07:08:00,SOLUSDT,ask,159,6143.233
2024-08-28 07:08:00,SOLUSDT,ask,162,7781.753
2024-08-28 07:08:03,SOLUSDT,bid,143,28262.228
2024-08-28 07:08:07,SOLUSDT,bid,136,8049.562
2024-08-28 07:08:10,SOLUSDT,bid,120,16346.055
2024-08-28 07:08:21,SOLUSDT,bid,112,7750.366
2024-08-28 07:08:22,SOLUSDT,bid,115,17122.103
2024-08-28 07:08:25,SOLUSDT,bid,135,10418.643
2024-08-28 07:08:28,SOLUSDT,bid,141,3855.383
2024-08-28 07:08:31,SOLUSDT,bid,145,9140.361
2024-08-28 07:08:34,SOLUSDT,bid,140,15844.733
2024-08-28 07:08:44,SOLUSDT,bid,145,9137.599
2024-08-28 07:08:46,SOLUSDT,bid,140,15851.875
2024-08-28 07:08:55,SOLUSDT,bid,138,5464.873
2024-08-28 07:08:59,SOLUSDT,bid,120,16346.573
2024-08-28 07:08:59,SOLUSDT,bid,145,9137.42
2024-08-28 07:09:11,SOLUSDT,bid,145,9139.77
2024-08-28 07:09:12,SOLUSDT,bid,143,28262.409
2024-08-28 07:09:16,SOLUSDT,bid,112,7752.366
2024-08-28 07:09:29,SOLUSDT,bid,125,11456.339
2024-08-28 07:09:31,SOLUSDT,bid,110,20542.897
2024-08-28 07:09:39,SOLUSDT,bid,140,15854.875
2024-08-28 07:09:40,SOLUSDT,bid,140,15846.933
2024-08-28 07:09:46,SOLUSDT,bid,130,12323.848
2024-08-28 07:09:51,SOLUSDT,ask,168,6345.197
2024-08-28 07:10:01,SOLUSDT,ask,159,6115.745
2024-08-28 07:10:01,SOLUSDT,bid,110,20549.897
2024-08-28 07:10:02,SOLUSDT,bid,145,9140.77
2024-08-28 07:10:13,SOLUSDT,bid,145,9140.839
2024-08-28 07:10:22,SOLUSDT,bid,140,15849.122
2024-08-28 07:10:25,SOLUSDT,bid,141,3840.383
2024-08-28 07:10:30,SOLUSDT,bid,145,9140.702
2024-08-28 07:10:33,SOLUSDT,bid,133,6227.55
2024-08-28 07:10:34,SOLUSDT,bid,100,23705.494
2024-08-28 07:10:36,SOLUSDT,bid,135,10418.273
2024-08-28 07:10:36,SOLUSDT,ask,147,3987.359
2024-08-28 07:10:37,SOLUSDT,bid,120,16350.573
2024-08-28 07:10:39,SOLUSDT,bid,143,28262.478
2024-08-28 07:10:41,SOLUSDT,bid,138,5464.729
2024-08-28 07:10:41,SOLUSDT,bid,143,28262.338
2024-08-28 07:10:41,SOLUSDT,bid,141,3840.242
2024-08-28 07:10:48,SOLUSDT,ask,147,3749.135
2024-08-28 07:10:54,SOLUSDT,bid,118,4735.07
2024-08-28 07:10:54,SOLUSDT,bid,141,3830.242
2024-08-28 07:10:55,SOLUSDT,bid,100,23705.244
2024-08-28 07:10:59,SOLUSDT,bid,135,10417.266
2024-08-28 07:11:03,SOLUSDT,ask,147,3987.359
2024-08-28 07:11:08,SOLUSDT,bid,140,15846.933
2024-08-28 07:11:12,SOLUSDT,bid,120,16351.573
2024-08-28 07:11:13,SOLUSDT,bid,140,15830.09
2024-08-28 07:11:14,SOLUSDT,bid,145,9140.496
2024-08-28 07:11:15,SOLUSDT,bid,140,15830.19
2024-08-28 07:11:19,SOLUSDT,bid,143,28263.212
2024-08-28 07:11:21,SOLUSDT,bid,125,11456.395
2024-08-28 07:11:21,SOLUSDT,bid,130,12324.892
2024-08-28 07:11:22,SOLUSDT,bid,141,3830.596
2024-08-28 07:11:25,SOLUSDT,bid,135,10421.028
2024-08-28 07:11:27,SOLUSDT,bid,130,12326.43
2024-08-28 07:11:32,SOLUSDT,bid,140,15830.55
2024-08-28 07:11:33,SOLUSDT,ask,163,4328.692
2024-08-28 07:11:34,SOLUSDT,bid,142,4742.55
2024-08-28 07:11:38,SOLUSDT,bid,142,4741.455
2024-08-28 07:11:45,SOLUSDT,bid,143,28368.614
2024-08-28 07:11:45,SOLUSDT,bid,145,9140.359
2024-08-28 07:11:52,SOLUSDT,ask,147,3749.135
2024-08-28 07:11:53,SOLUSDT,bid,140,15832.739
2024-08-28 07:12:05,SOLUSDT,bid,145,9152.747
2024-08-28 07:12:06,SOLUSDT,bid,111,10240.734
2024-08-28 07:12:07,SOLUSDT,ask,160,6333.062
2024-08-28 07:12:07,SOLUSDT,ask,147,3987.359
2024-08-28 07:12:14,SOLUSDT,bid,112,7843.764
2024-08-28 07:12:15,SOLUSDT,bid,140,15833.096
2024-08-28 07:12:16,SOLUSDT,bid,143,28368.753
2024-08-28 07:12:17,SOLUSDT,bid,145,9159.643
2024-08-28 07:12:18,SOLUSDT,bid,145,9159.711
2024-08-28 07:12:19,SOLUSDT,bid,138,5467.626
2024-08-28 07:12:25,SOLUSDT,bid,145,9149.711
2024-08-28 07:12:31,SOLUSDT,bid,142,4741.722
2024-08-28 07:12:34,SOLUSDT,bid,141,3830.737
2024-08-28 07:12:35,SOLUSDT,ask,147,3749.135
2024-08-28 07:12:36,SOLUSDT,bid,140,15843.096
2024-08-28 07:12:37,SOLUSDT,bid,145,9089.37
2024-08-28 07:12:37,SOLUSDT,bid,143,28381.315
2024-08-28 07:12:41,SOLUSDT,bid,145,9089.408
2024-08-28 07:12:43,SOLUSDT,bid,145,9089.375
2024-08-28 07:12:44,SOLUSDT,ask,190,21571.797
2024-08-28 07:12:45,SOLUSDT,bid,140,15846.667
2024-08-28 07:12:46,SOLUSDT,bid,135,10428.435
2024-08-28 07:12:51,SOLUSDT,bid,140,15836.667
2024-08-28 07:13:00,SOLUSDT,bid,138,5477.626
2024-08-28 07:13:01,SOLUSDT,bid,138,5445.018
2024-08-28 07:13:02,SOLUSDT,bid,135,10438.435
2024-08-28 07:13:03,SOLUSDT,bid,140,15834.906
2024-08-28 07:13:04,SOLUSDT,ask,147,3987.359
2024-08-28 07:13:07,SOLUSDT,bid,145,9082.099
2024-08-28 07:13:10,SOLUSDT,ask,147,4805.749
2024-08-28 07:13:11,SOLUSDT,bid,120,16341.573
2024-08-28 07:13:12,SOLUSDT,bid,135,10440.261
2024-08-28 07:13:13,SOLUSDT,bid,143,28380.966
2024-08-28 07:13:18,SOLUSDT,bid,140,15842.442
2024-08-28 07:13:24,SOLUSDT,ask,169,3095.924
2024-08-28 07:13:24,SOLUSDT,ask,200,44094.219
2024-08-28 07:13:26,SOLUSDT,bid,140,15842.799
2024-08-28 07:13:32,SOLUSDT,ask,147,3987.359
2024-08-28 07:13:32,SOLUSDT,bid,145,9072.099
2024-08-28 07:13:32,SOLUSDT,ask,147,3749.135
2024-08-28 07:13:34,SOLUSDT,ask,147,3750.64
2024-08-28 07:13:36,SOLUSDT,bid,138,5448.641
2024-08-28 07:13:37,SOLUSDT,bid,110,20551.56
2024-08-28 07:13:37,SOLUSDT,bid,110,20557.56
2024-08-28 07:13:40,SOLUSDT,ask,160,6333.012
2024-08-28 07:13:46,SOLUSDT,bid,90,8787.664
2024-08-28 07:13:48,SOLUSDT,ask,147,3749.135
2024-08-28 07:13:57,SOLUSDT,bid,145,9032.287
2024-08-28 07:14:00,SOLUSDT,bid,137,6270.054
2024-08-28 07:14:03,SOLUSDT,bid,142,4741.898
2024-08-28 07:14:03,SOLUSDT,ask,147,3750.64
2024-08-28 07:14:06,SOLUSDT,bid,140,15832.505
2024-08-28 07:14:15,SOLUSDT,bid,120,16341.615
2024-08-28 07:14:18,SOLUSDT,ask,147,3749.135
2024-08-28 07:14:28,SOLUSDT,bid,142,4741.968
2024-08-28 07:14:36,SOLUSDT,bid,125,11462.996
2024-08-28 07:14:49,SOLUSDT,bid,140,15832.862
2024-08-28 07:14:52,SOLUSDT,bid,137,6266.405
2024-08-28 07:14:52,SOLUSDT,bid,145,9022.836
2024-08-28 07:14:57,SOLUSDT,bid,140,15832.822
2024-08-28 07:14:58,SOLUSDT,bid,140,15834.292
2024-08-28 07:15:03,SOLUSDT,bid,145,9023.136
2024-08-28 07:15:16,SOLUSDT,bid,140,15833.292
2024-08-28 07:15:18,SOLUSDT,ask,175,7367.508
2024-08-28 07:15:19,SOLUSDT,bid,143,28980.966
2024-08-28 07:15:21,SOLUSDT,bid,111,10247.734
2024-08-28 07:15:22,SOLUSDT,bid,125,11464.596
2024-08-28 07:15:23,SOLUSDT,bid,145,9021.068
2024-08-28 07:15:25,SOLUSDT,bid,145,9023.068
2024-08-28 07:15:28,SOLUSDT,bid,140,16084.039
2024-08-28 07:15:36,SOLUSDT,bid,136,8050.562
2024-08-28 07:15:39,SOLUSDT,ask,165,15165.631
2024-08-28 07:15:40,SOLUSDT,bid,110,20559.36
2024-08-28 07:15:41,SOLUSDT,bid,145,9026.086
2024-08-28 07:15:45,SOLUSDT,bid,115,17117.756
2024-08-28 07:15:48,SOLUSDT,ask,165,15104.361
2024-08-28 07:15:52,SOLUSDT,bid,135,10442.157
2024-08-28 07:15:56,SOLUSDT,bid,145,9027.086
2024-08-28 07:16:01,SOLUSDT,ask,162,7782.022
2024-08-28 07:16:03,SOLUSDT,ask,147,4089.998
2024-08-28 07:16:05,SOLUSDT,ask,160,6333.086
2024-08-28 07:16:05,SOLUSDT,ask,170,11134.141
2024-08-28 07:16:06,SOLUSDT,ask,147,3749.135
2024-08-28 07:16:06,SOLUSDT,bid,140,16084.113
2024-08-28 07:16:07,SOLUSDT,bid,130,12326.504
2024-08-28 07:16:08,SOLUSDT,bid,120,16341.689
2024-08-28 07:16:09,SOLUSDT,bid,110,20559.434
2024-08-28 07:16:09,SOLUSDT,bid,145,9024.736
2024-08-28 07:16:14,SOLUSDT,bid,111,10248.234
2024-08-28 07:16:15,SOLUSDT,ask,165,15165.631
2024-08-28 07:16:18,SOLUSDT,ask,162,7782.281
2024-08-28 07:16:20,SOLUSDT,bid,145,9025.563
2024-08-28 07:16:23,SOLUSDT,bid,145,9025.604
2024-08-28 07:16:24,SOLUSDT,bid,142,4743.072
2024-08-28 07:16:27,SOLUSDT,bid,140,15976.971
2024-08-28 07:16:30,SOLUSDT,bid,140,15971.971
2024-08-28 07:16:35,SOLUSDT,bid,141,3827.908
2024-08-28 07:16:41,SOLUSDT,bid,135,10448.912
2024-08-28 07:16:45,SOLUSDT,ask,159,5791.096
2024-08-28 07:16:45,SOLUSDT,bid,125,11479.596
2024-08-28 07:16:46,SOLUSDT,bid,138,5448.423
2024-08-28 07:17:01,SOLUSDT,bid,140,15973.399
2024-08-28 07:17:07,SOLUSDT,bid,140,15973.042
2024-08-28 07:17:11,SOLUSDT,bid,140,15974.942
2024-08-28 07:17:12,SOLUSDT,bid,140,15974.692
2024-08-28 07:17:12,SOLUSDT,bid,130,12326.924
2024-08-28 07:17:21,SOLUSDT,bid,143,28981.007
2024-08-28 07:17:21,SOLUSDT,ask,170,11133.141
2024-08-28 07:17:21,SOLUSDT,ask,200,44092.219
2024-08-28 07:17:28,SOLUSDT,bid,118,4737.546
2024-08-28 07:17:30,SOLUSDT,bid,118,4735.07
2024-08-28 07:17:30,SOLUSDT,bid,145,9367.929
2024-08-28 07:17:31,SOLUSDT,bid,142,4743.319
2024-08-28 07:17:31,SOLUSDT,bid,130,12327.924
2024-08-28 07:17:32,SOLUSDT,bid,145,9025.604
2024-08-28 07:17:33,SOLUSDT,bid,140,15974.232
2024-08-28 07:17:33,SOLUSDT,bid,138,5448.569
2024-08-28 07:17:35,SOLUSDT,ask,160,6333.329
2024-08-28 07:17:44,SOLUSDT,bid,133,6228.55
2024-08-28 07:17:53,SOLUSDT,bid,125,11483.596
2024-08-28 07:18:00,SOLUSDT,bid,140,15974.695
2024-08-28 07:18:04,SOLUSDT,bid,145,9846.818
2024-08-28 07:18:04,SOLUSDT,bid,137,6287.513
2024-08-28 07:18:08,SOLUSDT,bid,110,20589.434
2024-08-28 07:18:09,SOLUSDT,bid,142,4744.835
2024-08-28 07:18:10,SOLUSDT,bid,145,9025.604
2024-08-28 07:18:10,SOLUSDT,bid,131,9088.027
2024-08-28 07:18:12,SOLUSDT,bid,145,9025.673
2024-08-28 07:18:13,SOLUSDT,bid,110,20591.252
2024-08-28 07:18:13,SOLUSDT,bid,141,3819.908
2024-08-28 07:18:13,SOLUSDT,bid,142,4743.319
2024-08-28 07:18:15,SOLUSDT,bid,120,16342.939
2024-08-28 07:18:16,SOLUSDT,bid,143,28981.347
2024-08-28 07:18:16,SOLUSDT,bid,142,4733.891
2024-08-28 07:18:19,SOLUSDT,bid,125,11479.596
2024-08-28 07:18:19,SOLUSDT,bid,145,9025.723
2024-08-28 07:18:27,SOLUSDT,bid,130,12342.924
2024-08-28 07:18:33,SOLUSDT,bid,115,17122.103
2024-08-28 07:18:39,SOLUSDT,bid,145,9023.999
2024-08-28 07:18:40,SOLUSDT,bid,112,7888.406
2024-08-28 07:18:40,SOLUSDT,bid,140,15990.695
2024-08-28 07:18:41,SOLUSDT,bid,135,10466.619
2024-08-28 07:18:43,SOLUSDT,ask,165,15165.531
2024-08-28 07:18:46,SOLUSDT,ask,175,7365.745
2024-08-28 07:18:46,SOLUSDT,bid,145,9022.819
2024-08-28 07:18:46,SOLUSDT,bid,140,15989.515
2024-08-28 07:18:46,SOLUSDT,bid,135,10465.439
2024-08-28 07:18:46,SOLUSDT,bid,130,12341.744
2024-08-28 07:18:46,SOLUSDT,bid,125,11478.416
2024-08-28 07:18:46,SOLUSDT,bid,120,16341.759
2024-08-28 07:18:46,SOLUSDT,bid,115,17120.923
2024-08-28 07:18:46,SOLUSDT,bid,110,20590.072
2024-08-28 07:18:46,SOLUSDT,bid,105,8355.262
2024-08-28 07:18:46,SOLUSDT,bid,100,23704.064
2024-08-28 07:18:49,SOLUSDT,ask,159,5791.153
2024-08-28 07:18:53,SOLUSDT,bid,145,9018.219
2024-08-28 07:18:54,SOLUSDT,bid,140,15997.515
2024-08-28 07:18:56,SOLUSDT,bid,138,5449.739
2024-08-28 07:18:56,SOLUSDT,bid,145,9008.219
2024-08-28 07:18:58,SOLUSDT,bid,145,9008.254
2024-08-28 07:18:58,SOLUSDT,bid,145,9829.45
2024-08-28 07:18:58,SOLUSDT,bid,100,23706.064
2024-08-28 07:19:02,SOLUSDT,bid,143,28996.347
2024-08-28 07:19:03,SOLUSDT,bid,140,15998.015
2024-08-28 07:19:03,SOLUSDT,bid,141,3809.908
2024-08-28 07:19:04,SOLUSDT,ask,180,19719.634
2024-08-28 07:19:04,SOLUSDT,bid,142,4723.891
2024-08-28 07:19:04,SOLUSDT,bid,130,12343.607
2024-08-28 07:19:05,SOLUSDT,bid,141,3814.638
2024-08-28 07:19:06,SOLUSDT,bid,143,28986.347
2024-08-28 07:19:06,SOLUSDT,bid,140,15999.015
2024-08-28 07:19:08,SOLUSDT,bid,145,9819.45
2024-08-28 07:19:09,SOLUSDT,bid,143,29000.566
2024-08-28 07:19:13,SOLUSDT,ask,165,15164.531
2024-08-28 07:19:16,SOLUSDT,bid,122,4244.836
2024-08-28 07:19:18,SOLUSDT,bid,142,4850.651
2024-08-28 07:19:21,SOLUSDT,ask,168,6352.053
2024-08-28 07:19:21,SOLUSDT,bid,143,29016.491
2024-08-28 07:19:32,SOLUSDT,bid,140,15998.765
2024-08-28 07:19:32,SOLUSDT,bid,136,8050.662
2024-08-28 07:19:33,SOLUSDT,bid,142,4851.179
2024-08-28 07:19:37,SOLUSDT,ask,160,6334.328
2024-08-28 07:19:39,SOLUSDT,ask,162,7783.308
2024-08-28 07:19:41,SOLUSDT,bid,143,29017.594
2024-08-28 07:19:41,SOLUSDT,bid,143,29003.375
2024-08-28 07:19:51,SOLUSDT,bid,145,9819.801
2024-08-28 07:19:52,SOLUSDT,bid,115,17121.432
2024-08-28 07:19:56,SOLUSDT,ask,162,7772.866
2024-08-28 07:20:01,SOLUSDT,bid,142,4857.626
2024-08-28 07:20:03,SOLUSDT,ask,180,19718.51
2024-08-28 07:20:05,SOLUSDT,bid,140,16000.611
2024-08-28 07:20:12,SOLUSDT,bid,145,9819.792
2024-08-28 07:20:13,SOLUSDT,bid,90,8930.305
2024-08-28 07:20:14,SOLUSDT,bid,143,29001.861
2024-08-28 07:20:23,SOLUSDT,ask,165,15161.619
2024-08-28 07:20:23,SOLUSDT,bid,135,10461.969
2024-08-28 07:20:24,SOLUSDT,ask,200,44124.908
2024-08-28 07:20:26,SOLUSDT,bid,141,3824.66
2024-08-28 07:20:35,SOLUSDT,ask,175,7365.781
2024-08-28 07:20:36,SOLUSDT,bid,140,16011.858
2024-08-28 07:20:37,SOLUSDT,bid,141,3857.685
2024-08-28 07:20:41,SOLUSDT,bid,140,16011.894
2024-08-28 07:20:46,SOLUSDT,bid,145,9819.723
2024-08-28 07:20:48,SOLUSDT,bid,130,12343.707
2024-08-28 07:20:55,SOLUSDT,bid,142,4855.626
2024-08-28 07:20:56,SOLUSDT,bid,145,9819.456
2024-08-28 07:20:59,SOLUSDT,bid,140,16015.478
2024-08-28 07:21:00,SOLUSDT,bid,140,16015.407
2024-08-28 07:21:00,SOLUSDT,bid,140,16021.409
2024-08-28 07:21:01,SOLUSDT,bid,145,9820.949
2024-08-28 07:21:01,SOLUSDT,bid,121,5908.954
2024-08-28 07:21:02,SOLUSDT,bid,142,4855.876
2024-08-28 07:21:08,SOLUSDT,bid,138,5447.476
2024-08-28 07:21:12,SOLUSDT,bid,140,16021.623
2024-08-28 07:21:17,SOLUSDT,ask,170,11133.387
2024-08-28 07:21:20,SOLUSDT,bid,122,4240.738
2024-08-28 07:21:21,SOLUSDT,bid,120,16335.34
2024-08-28 07:21:21,SOLUSDT,bid,140,16021.55
2024-08-28 07:21:23,SOLUSDT,bid,135,10462.219
2024-08-28 07:21:27,SOLUSDT,bid,133,6232.309
2024-08-28 07:21:28,SOLUSDT,bid,140,16026.575
2024-08-28 07:21:32,SOLUSDT,bid,120,16337.31
2024-08-28 07:21:33,SOLUSDT,bid,145,9827.788
2024-08-28 07:21:34,SOLUSDT,bid,135,10684.441
2024-08-28 07:21:38,SOLUSDT,bid,145,9006.601
2024-08-28 07:21:40,SOLUSDT,bid,145,8986.601
2024-08-28 07:21:41,SOLUSDT,bid,125,11478.666
2024-08-28 07:21:45,SOLUSDT,bid,141,3857.816
2024-08-28 07:21:46,SOLUSDT,bid,140,16026.932
2024-08-28 07:21:49,SOLUSDT,bid,137,6280.214
2024-08-28 07:21:50,SOLUSDT,bid,143,29003.814
2024-08-28 07:21:51,SOLUSDT,bid,115,17126.902
2024-08-28 07:21:56,SOLUSDT,bid,138,5447.61
2024-08-28 07:21:57,SOLUSDT,bid,145,8986.711
2024-08-28 07:21:59,SOLUSDT,bid,120,16337.353
2024-08-28 07:22:00,SOLUSDT,bid,140,16023.682
2024-08-28 07:22:02,SOLUSDT,bid,121,5900.35
2024-08-28 07:22:02,SOLUSDT,bid,143,29007.814
2024-08-28 07:22:06,SOLUSDT,bid,140,16025.682
2024-08-28 07:22:09,SOLUSDT,ask,147,3916.798
2024-08-28 07:22:09,SOLUSDT,ask,147,3896.282
2024-08-28 07:22:10,SOLUSDT,bid,145,5249.0
2024-08-28 07:22:10,SOLUSDT,bid,144,5262.817
2024-08-28 07:22:11,SOLUSDT,bid,144,5440.73
2024-08-28 07:22:13,SOLUSDT,bid,140,16011.397
2024-08-28 07:22:14,SOLUSDT,bid,145,5249.19
2024-08-28 07:22:14,SOLUSDT,bid,145,5249.0
2024-08-28 07:22:15,SOLUSDT,bid,144,5262.817
2024-08-28 07:22:17,SOLUSDT,ask,147,3731.394
2024-08-28 07:22:17,SOLUSDT,ask,180,19719.409
2024-08-28 07:22:22,SOLUSDT,bid,140,16012.326
2024-08-28 07:22:24,SOLUSDT,bid,140,16019.468
2024-08-28 07:22:28,SOLUSDT,bid,140,16029.468
2024-08-28 07:22:34,SOLUSDT,bid,140,16019.468
2024-08-28 07:22:40,SOLUSDT,ask,160,6331.898
2024-08-28 07:22:41,SOLUSDT,bid,145,5259.0
2024-08-28 07:22:50,SOLUSDT,bid,100,23711.474
2024-08-28 07:22:53,SOLUSDT,bid,135,10699.499
2024-08-28 07:22:55,SOLUSDT,bid,145,5259.182
2024-08-28 07:22:55,SOLUSDT,bid,145,5259.0
2024-08-28 07:22:55,SOLUSDT,bid,131,9124.085
2024-08-28 07:23:00,SOLUSDT,bid,145,5260.084
2024-08-28 07:23:04,SOLUSDT,bid,133,6252.309
2024-08-28 07:23:05,SOLUSDT,bid,144,5440.73
2024-08-28 07:23:07,SOLUSDT,bid,138,5447.476
2024-08-28 07:23:08,SOLUSDT,ask,160,6326.408
2024-08-28 07:23:08,SOLUSDT,bid,144,5262.817
2024-08-28 07:23:10,SOLUSDT,bid,145,5260.084
2024-08-28 07:23:10,SOLUSDT,bid,145,5260.084
2024-08-28 07:23:14,SOLUSDT,bid,145,5260.084
2024-08-28 07:23:22,SOLUSDT,bid,145,5261.084
2024-08-28 07:23:25,SOLUSDT,bid,144,5440.73
2024-08-28 07:23:28,SOLUSDT,bid,145,5330.049
2024-08-28 07:23:30,SOLUSDT,bid,144,5098.455
2024-08-28 07:23:30,SOLUSDT,bid,145,5343.212
2024-08-28 07:23:30,SOLUSDT,bid,145,5330.049
2024-08-28 07:23:31,SOLUSDT,bid,145,5330.801
2024-08-28 07:23:31,SOLUSDT,bid,144,4920.542
2024-08-28 07:23:32,SOLUSDT,bid,145,5331.145
2024-08-28 07:23:34,SOLUSDT,bid,145,5346.145
2024-08-28 07:23:34,SOLUSDT,bid,145,5331.145
2024-08-28 07:23:35,SOLUSDT,ask,160,6324.533
2024-08-28 07:23:43,SOLUSDT,bid,145,5331.313
2024-08-28 07:23:45,SOLUSDT,bid,140,16012.326
2024-08-28 07:23:46,SOLUSDT,bid,145,5330.561
2024-08-28 07:23:46,SOLUSDT,bid,130,12347.553
2024-08-28 07:23:51,SOLUSDT,ask,145,3466.998
2024-08-28 07:23:51,SOLUSDT,ask,145,3496.815
2024-08-28 07:23:51,SOLUSDT,ask,145,3492.696
2024-08-28 07:23:51,SOLUSDT,ask,145,3452.345
2024-08-28 07:23:51,SOLUSDT,ask,145,3450.995
2024-08-28 07:23:51,SOLUSDT,ask,145,3451.041
2024-08-28 07:23:52,SOLUSDT,ask,145,3457.526
2024-08-28 07:23:52,SOLUSDT,ask,145,3459.36
2024-08-28 07:23:52,SOLUSDT,ask,145,3488.18
2024-08-28 07:23:52,SOLUSDT,ask,145,3457.526
2024-08-28 07:23:52,SOLUSDT,ask,145,3446.298
2024-08-28 07:23:52,SOLUSDT,ask,145,3439.018
2024-08-28 07:23:52,SOLUSDT,ask,145,3447.238
2024-08-28 07:23:52,SOLUSDT,ask,145,3448.651
2024-08-28 07:23:52,SOLUSDT,ask,145,8023.24
2024-08-28 07:23:53,SOLUSDT,ask,145,3447.951
2024-08-28 07:23:53,SOLUSDT,ask,145,8047.573
2024-08-28 07:23:53,SOLUSDT,ask,145,3447.916
2024-08-28 07:23:53,SOLUSDT,ask,145,3447.703
2024-08-28 07:23:53,SOLUSDT,ask,145,3439.483
2024-08-28 07:23:53,SOLUSDT,ask,145,7965.111
2024-08-28 07:23:53,SOLUSDT,ask,145,3447.703
2024-08-28 07:23:53,SOLUSDT,ask,145,7940.778
2024-08-28 07:23:53,SOLUSDT,ask,145,3483.176
2024-08-28 07:23:53,SOLUSDT,ask,145,8294.364
2024-08-28 07:23:53,SOLUSDT,ask,145,8328.684
2024-08-28 07:23:54,SOLUSDT,ask,145,3483.101
2024-08-28 07:23:54,SOLUSDT,ask,145,7940.778
2024-08-28 07:23:54,SOLUSDT,ask,145,7940.966
2024-08-28 07:23:54,SOLUSDT,ask,145,8287.481
2024-08-28 07:23:54,SOLUSDT,ask,145,7940.966
2024-08-28 07:23:54,SOLUSDT,ask,145,7940.966
2024-08-28 07:23:54,SOLUSDT,ask,145,7958.126
2024-08-28 07:23:55,SOLUSDT,ask,145,7974.604
2024-08-28 07:23:55,SOLUSDT,ask,145,7933.101
2024-08-28 07:23:55,SOLUSDT,ask,145,7933.153
2024-08-28 07:23:55,SOLUSDT,ask,145,7933.153
2024-08-28 07:23:55,SOLUSDT,ask,145,7942.764
2024-08-28 07:23:55,SOLUSDT,ask,145,7933.153
2024-08-28 07:23:56,SOLUSDT,ask,145,7915.993
2024-08-28 07:23:56,SOLUSDT,ask,145,7916.677
2024-08-28 07:23:57,SOLUSDT,ask,145,7950.997
2024-08-28 07:23:57,SOLUSDT,ask,145,7933.837
2024-08-28 07:23:58,SOLUSDT,ask,145,7916.677
2024-08-28 07:23:59,SOLUSDT,ask,145,7916.568
2024-08-28 07:23:59,SOLUSDT,ask,145,7923.401
2024-08-28 07:24:00,SOLUSDT,ask,145,7940.561
2024-08-28 07:24:00,SOLUSDT,ask,145,7917.296
2024-08-28 07:24:00,SOLUSDT,ask,145,7847.864
2024-08-28 07:24:00,SOLUSDT,ask,145,7853.346
2024-08-28 07:24:00,SOLUSDT,ask,145,7851.346
2024-08-28 07:24:00,SOLUSDT,ask,145,7843.172
2024-08-28 07:24:01,SOLUSDT,bid,145,5350.561
2024-08-28 07:24:01,SOLUSDT,ask,145,7851.392
2024-08-28 07:24:01,SOLUSDT,ask,145,7851.767
2024-08-28 07:24:01,SOLUSDT,ask,145,7851.73
2024-08-28 07:24:01,SOLUSDT,ask,145,7849.714
2024-08-28 07:24:01,SOLUSDT,ask,145,7847.714
2024-08-28 07:24:01,SOLUSDT,ask,145,7847.339
2024-08-28 07:24:02,SOLUSDT,ask,145,7845.951
2024-08-28 07:24:02,SOLUSDT,ask,145,7846.015
2024-08-28 07:24:03,SOLUSDT,ask,145,7895.421
2024-08-28 07:24:03,SOLUSDT,ask,145,7992.094
2024-08-28 07:24:03,SOLUSDT,ask,145,7993.447
2024-08-28 07:24:03,SOLUSDT,ask,145,8007.386
2024-08-28 07:24:03,SOLUSDT,ask,145,8047.465
2024-08-28 07:24:03,SOLUSDT,ask,145,8072.401
2024-08-28 07:24:03,SOLUSDT,ask,145,8043.898
2024-08-28 07:24:03,SOLUSDT,ask,145,8019.691
2024-08-28 07:24:04,SOLUSDT,ask,145,8019.775
2024-08-28 07:24:04,SOLUSDT,ask,145,8019.864
2024-08-28 07:24:04,SOLUSDT,ask,145,7901.291
2024-08-28 07:24:04,SOLUSDT,ask,145,7911.163
2024-08-28 07:24:04,SOLUSDT,ask,145,8031.235
2024-08-28 07:24:04,SOLUSDT,ask,145,8031.235
2024-08-28 07:24:05,SOLUSDT,ask,145,8048.396
2024-08-28 07:24:06,SOLUSDT,ask,145,8050.112
2024-08-28 07:24:06,SOLUSDT,ask,145,8032.954
2024-08-28 07:24:06,SOLUSDT,ask,145,8091.768
2024-08-28 07:24:06,SOLUSDT,ask,145,8057.811
2024-08-28 07:24:07,SOLUSDT,ask,145,8058.495
2024-08-28 07:24:07,SOLUSDT,ask,145,8092.815
2024-08-28 07:24:07,SOLUSDT,ask,145,8058.495
2024-08-28 07:24:07,SOLUSDT,ask,145,8058.495
2024-08-28 07:24:08,SOLUSDT,ask,145,8092.815
2024-08-28 07:24:08,SOLUSDT,ask,145,8060.017
2024-08-28 07:24:08,SOLUSDT,ask,145,8058.495
2024-08-28 07:24:08,SOLUSDT,ask,145,8061.928
2024-08-28 07:24:09,SOLUSDT,ask,145,8061.993
2024-08-28 07:24:09,SOLUSDT,ask,145,8061.931
2024-08-28 07:24:09,SOLUSDT,ask,145,7905.288
2024-08-28 07:24:09,SOLUSDT,ask,145,7901.171
2024-08-28 07:24:09,SOLUSDT,ask,145,7899.418
2024-08-28 07:24:09,SOLUSDT,ask,145,8072.819
2024-08-28 07:24:09,SOLUSDT,ask,145,8055.658
2024-08-28 07:24:10,SOLUSDT,ask,145,7899.418
2024-08-28 07:24:10,SOLUSDT,ask,145,7899.418
2024-08-28 07:24:10,SOLUSDT,ask,145,7942.695
2024-08-28 07:24:10,SOLUSDT,ask,145,8055.593
2024-08-28 07:24:10,SOLUSDT,ask,180,19711.204
2024-08-28 07:24:10,SOLUSDT,ask,145,8055.645
2024-08-28 07:24:10,SOLUSDT,ask,145,8072.74
2024-08-28 07:24:11,SOLUSDT,ask,145,8055.58
2024-08-28 07:24:11,SOLUSDT,ask,145,8057.296
2024-08-28 07:24:11,SOLUSDT,bid,140,16013.327
2024-08-28 07:24:11,SOLUSDT,ask,145,8074.456
2024-08-28 07:24:11,SOLUSDT,ask,145,8072.74
2024-08-28 07:24:12,SOLUSDT,ask,145,8055.58
2024-08-28 07:24:12,SOLUSDT,ask,145,8057.296
2024-08-28 07:24:12,SOLUSDT,bid,130,12347.053
2024-08-28 07:24:12,SOLUSDT,ask,145,8068.226
2024-08-28 07:24:13,SOLUSDT,ask,145,8136.87
2024-08-28 07:24:13,SOLUSDT,ask,145,8141.554
2024-08-28 07:24:13,SOLUSDT,ask,145,8141.554
2024-08-28 07:24:13,SOLUSDT,ask,165,15161.522
2024-08-28 07:24:14,SOLUSDT,bid,145,5350.078
2024-08-28 07:24:14,SOLUSDT,ask,145,8110.337
2024-08-28 07:24:14,SOLUSDT,ask,145,8046.778
2024-08-28 07:24:14,SOLUSDT,ask,145,8044.038
2024-08-28 07:24:14,SOLUSDT,ask,145,8038.558
2024-08-28 07:24:14,SOLUSDT,ask,145,8072.515
2024-08-28 07:24:14,SOLUSDT,ask,163,4328.386
2024-08-28 07:24:15,SOLUSDT,ask,145,8047.551
2024-08-28 07:24:15,SOLUSDT,ask,145,8040.802
2024-08-28 07:24:16,SOLUSDT,bid,145,5349.91
2024-08-28 07:24:16,SOLUSDT,ask,145,8097.75
2024-08-28 07:24:16,SOLUSDT,ask,162,7772.249
2024-08-28 07:24:16,SOLUSDT,ask,145,8114.869
2024-08-28 07:24:17,SOLUSDT,bid,145,5369.513
2024-08-28 07:24:17,SOLUSDT,ask,145,8114.185
2024-08-28 07:24:17,SOLUSDT,bid,140,16014.755
2024-08-28 07:24:17,SOLUSDT,bid,140,16013.755
2024-08-28 07:24:17,SOLUSDT,ask,145,8221.058
2024-08-28 07:24:17,SOLUSDT,ask,145,8159.09
2024-08-28 07:24:18,SOLUSDT,ask,145,8187.362
2024-08-28 07:24:18,SOLUSDT,ask,145,8252.712
2024-08-28 07:24:18,SOLUSDT,ask,145,8252.712
2024-08-28 07:24:18,SOLUSDT,ask,145,8019.688
2024-08-28 07:24:18,SOLUSDT,ask,145,8022.736
2024-08-28 07:24:18,SOLUSDT,ask,159,5790.525
2024-08-28 07:24:18,SOLUSDT,ask,145,8025.142
2024-08-28 07:24:19,SOLUSDT,bid,145,5371.907
2024-08-28 07:24:19,SOLUSDT,bid,135,10703.599
2024-08-28 07:24:19,SOLUSDT,ask,145,8019.688
2024-08-28 07:24:19,SOLUSDT,ask,145,7937.001
2024-08-28 07:24:19,SOLUSDT,ask,145,7906.153
2024-08-28 07:24:19,SOLUSDT,ask,145,7983.422
2024-08-28 07:24:19,SOLUSDT,ask,145,7888.516
2024-08-28 07:24:19,SOLUSDT,ask,145,8048.99
2024-08-28 07:24:19,SOLUSDT,ask,145,7948.071
2024-08-28 07:24:19,SOLUSDT,ask,145,7927.538
2024-08-28 07:24:19,SOLUSDT,ask,145,7917.563
2024-08-28 07:24:20,SOLUSDT,bid,142,4856.176
2024-08-28 07:24:20,SOLUSDT,ask,145,7949.914
2024-08-28 07:24:20,SOLUSDT,ask,145,7952.654
2024-08-28 07:24:20,SOLUSDT,ask,145,8018.353
2024-08-28 07:24:20,SOLUSDT,ask,145,7928.252
2024-08-28 07:24:20,SOLUSDT,ask,145,8019.688
2024-08-28 07:24:20,SOLUSDT,ask,145,7838.433
2024-08-28 07:24:20,SOLUSDT,ask,145,7843.876
2024-08-28 07:24:21,SOLUSDT,ask,145,7843.876
2024-08-28 07:24:21,SOLUSDT,ask,145,7843.839
2024-08-28 07:24:21,SOLUSDT,ask,145,7887.169
2024-08-28 07:24:21,SOLUSDT,ask,145,7843.839
2024-08-28 07:24:21,SOLUSDT,ask,145,7898.184
2024-08-28 07:24:21,SOLUSDT,ask,145,7856.463
2024-08-28 07:24:21,SOLUSDT,ask,145,7844.175
2024-08-28 07:24:21,SOLUSDT,ask,145,7843.839
2024-08-28 07:24:22,SOLUSDT,bid,145,5374.65
2024-08-28 07:24:22,SOLUSDT,ask,145,7888.252
2024-08-28 07:24:22,SOLUSDT,bid,135,10703.099
2024-08-28 07:24:24,SOLUSDT,bid,145,5371.632
2024-08-28 07:24:25,SOLUSDT,bid,144,5098.455
2024-08-28 07:24:27,SOLUSDT,bid,144,4920.542
2024-08-28 07:24:29,SOLUSDT,bid,140,16017.16
2024-08-28 07:24:30,SOLUSDT,bid,140,16016.66
2024-08-28 07:24:30,SOLUSDT,bid,145,5369.238
2024-08-28 07:24:31,SOLUSDT,bid,145,5383.978
2024-08-28 07:24:31,SOLUSDT,bid,142,4860.176
2024-08-28 07:24:31,SOLUSDT,bid,145,5369.238
2024-08-28 07:24:31,SOLUSDT,ask,145,3769.099
2024-08-28 07:24:32,SOLUSDT,ask,145,3766.359
2024-08-28 07:24:32,SOLUSDT,ask,145,3804.737
2024-08-28 07:24:32,SOLUSDT,ask,145,3758.015
2024-08-28 07:24:32,SOLUSDT,ask,145,3821.826
2024-08-28 07:24:32,SOLUSDT,ask,145,3821.826
2024-08-28 07:24:32,SOLUSDT,ask,145,3823.338
2024-08-28 07:24:33,SOLUSDT,ask,145,3857.66
2024-08-28 07:24:33,SOLUSDT,ask,145,3823.338
2024-08-28 07:24:33,SOLUSDT,ask,145,3826.078
2024-08-28 07:24:33,SOLUSDT,ask,145,3860.399
2024-08-28 07:24:34,SOLUSDT,ask,145,3796.588
2024-08-28 07:24:34,SOLUSDT,ask,145,3796.625
2024-08-28 07:24:34,SOLUSDT,bid,145,5382.958
2024-08-28 07:24:34,SOLUSDT,bid,138,5465.591
2024-08-28 07:24:45,SOLUSDT,ask,145,4090.904
2024-08-28 07:24:45,SOLUSDT,ask,145,4191.868
2024-08-28 07:24:46,SOLUSDT,ask,145,4209.034
2024-08-28 07:24:46,SOLUSDT,ask,145,4209.083
2024-08-28 07:24:46,SOLUSDT,ask,145,3981.758
2024-08-28 07:24:46,SOLUSDT,ask,145,3885.763
2024-08-28 07:24:46,SOLUSDT,ask,145,3891.135
2024-08-28 07:24:46,SOLUSDT,ask,145,3893.84
2024-08-28 07:24:46,SOLUSDT,ask,145,4015.919
2024-08-28 07:24:46,SOLUSDT,ask,180,19711.265
2024-08-28 07:24:46,SOLUSDT,ask,145,4102.061
2024-08-28 07:24:46,SOLUSDT,ask,145,4095.809
2024-08-28 07:24:46,SOLUSDT,ask,145,4055.73
2024-08-28 07:24:47,SOLUSDT,ask,145,3921.133
2024-08-28 07:24:47,SOLUSDT,ask,145,4026.594
2024-08-28 07:24:47,SOLUSDT,ask,145,4087.761
2024-08-28 07:24:47,SOLUSDT,ask,145,4087.727
2024-08-28 07:24:47,SOLUSDT,ask,145,4242.229
2024-08-28 07:24:47,SOLUSDT,bid,145,5385.716
2024-08-28 07:24:47,SOLUSDT,ask,145,4293.581
2024-08-28 07:24:48,SOLUSDT,ask,145,4293.581
2024-08-28 07:24:48,SOLUSDT,ask,145,4294.35
2024-08-28 07:24:48,SOLUSDT,ask,145,4259.416
2024-08-28 07:24:48,SOLUSDT,ask,145,4259.313
2024-08-28 07:24:48,SOLUSDT,ask,145,3875.577
2024-08-28 07:24:48,SOLUSDT,ask,145,3949.554
2024-08-28 07:24:48,SOLUSDT,ask,145,4052.813
2024-08-28 07:24:48,SOLUSDT,ask,145,4117.566
2024-08-28 07:24:48,SOLUSDT,ask,145,4120.239
2024-08-28 07:24:49,SOLUSDT,ask,145,4028.885
2024-08-28 07:24:49,SOLUSDT,ask,145,4026.308
2024-08-28 07:24:49,SOLUSDT,ask,145,4019.325
2024-08-28 07:24:49,SOLUSDT,ask,145,4034.259
2024-08-28 07:24:49,SOLUSDT,ask,145,4034.335
2024-08-28 07:24:50,SOLUSDT,ask,145,4034.164
2024-08-28 07:24:50,SOLUSDT,bid,145,5371.996
2024-08-28 07:24:50,SOLUSDT,ask,145,4035.633
2024-08-28 07:24:50,SOLUSDT,ask,145,4037.471
2024-08-28 07:24:50,SOLUSDT,ask,145,4040.904
2024-08-28 07:24:50,SOLUSDT,ask,145,3989.552
2024-08-28 07:24:50,SOLUSDT,bid,140,16026.66
2024-08-28 07:24:51,SOLUSDT,ask,145,4040.904
2024-08-28 07:24:51,SOLUSDT,ask,145,3989.552
2024-08-28 07:24:51,SOLUSDT,ask,145,4040.904
2024-08-28 07:24:51,SOLUSDT,ask,145,4040.953
2024-08-28 07:24:52,SOLUSDT,ask,145,4040.953
2024-08-28 07:24:52,SOLUSDT,bid,130,12348.103
2024-08-28 07:24:53,SOLUSDT,bid,145,5372.096
2024-08-28 07:24:53,SOLUSDT,ask,145,4039.115
2024-08-28 07:24:54,SOLUSDT,ask,145,4039.066
2024-08-28 07:24:55,SOLUSDT,ask,145,4073.399
2024-08-28 07:24:55,SOLUSDT,ask,145,4039.066
2024-08-28 07:24:55,SOLUSDT,ask,145,4056.382
2024-08-28 07:24:55,SOLUSDT,ask,145,4039.066
2024-08-28 07:24:57,SOLUSDT,bid,145,5272.096
2024-08-28 07:24:57,SOLUSDT,ask,145,4073.398
2024-08-28 07:24:58,SOLUSDT,ask,145,4073.042
2024-08-28 07:24:58,SOLUSDT,ask,145,4073.111
2024-08-28 07:24:58,SOLUSDT,bid,145,5287.096
2024-08-28 07:24:59,SOLUSDT,ask,145,4039.135
2024-08-28 07:24:59,SOLUSDT,bid,145,5272.096
2024-08-28 07:24:59,SOLUSDT,ask,145,4073.111
2024-08-28 07:24:59,SOLUSDT,ask,145,4507.27
2024-08-28 07:24:59,SOLUSDT,ask,145,4444.09
2024-08-28 07:25:00,SOLUSDT,ask,145,4009.931
2024-08-28 07:25:00,SOLUSDT,ask,145,4144.231
2024-08-28 07:25:00,SOLUSDT,bid,130,12363.103
2024-08-28 07:25:01,SOLUSDT,bid,145,5272.846
2024-08-28 07:25:01,SOLUSDT,bid,145,5272.096
2024-08-28 07:25:03,SOLUSDT,bid,145,5271.062
2024-08-28 07:25:05,SOLUSDT,bid,144,5098.455
2024-08-28 07:25:06,SOLUSDT,bid,144,5921.664
2024-08-28 07:25:06,SOLUSDT,bid,145,5271.062
2024-08-28 07:25:07,SOLUSDT,bid,136,8050.288
2024-08-28 07:25:10,SOLUSDT,bid,145,5271.223
2024-08-28 07:25:10,SOLUSDT,bid,145,5271.062
2024-08-28 07:25:11,SOLUSDT,bid,145,5270.856
2024-08-28 07:25:11,SOLUSDT,bid,140,16026.866
2024-08-28 07:25:11,SOLUSDT,bid,144,5743.751
2024-08-28 07:25:12,SOLUSDT,bid,145,5271.2
2024-08-28 07:25:13,SOLUSDT,bid,145,5271.2
2024-08-28 07:25:13,SOLUSDT,bid,145,5271.2
2024-08-28 07:25:13,SOLUSDT,bid,145,5271.2
2024-08-28 07:25:14,SOLUSDT,bid,142,4860.354
2024-08-28 07:25:14,SOLUSDT,bid,144,5921.664
2024-08-28 07:25:14,SOLUSDT,bid,120,16357.353
2024-08-28 07:25:15,SOLUSDT,ask,162,7783.094
2024-08-28 07:25:15,SOLUSDT,bid,145,5271.95
2024-08-28 07:25:15,SOLUSDT,bid,145,5271.2
2024-08-28 07:25:16,SOLUSDT,bid,145,5272.705
2024-08-28 07:25:18,SOLUSDT,bid,144,5743.751
2024-08-28 07:25:18,SOLUSDT,bid,145,5291.705
2024-08-28 07:25:18,SOLUSDT,bid,143,29003.814
2024-08-28 07:25:18,SOLUSDT,bid,140,16027.937
2024-08-28 07:25:19,SOLUSDT,bid,142,4859.354
2024-08-28 07:25:20,SOLUSDT,bid,145,5288.962
2024-08-28 07:25:21,SOLUSDT,bid,135,10704.099
2024-08-28 07:25:22,SOLUSDT,bid,143,29003.675
2024-08-28 07:25:24,SOLUSDT,bid,145,5288.825
2024-08-28 07:25:24,SOLUSDT,ask,260,6718.881
2024-08-28 07:25:26,SOLUSDT,bid,141,3858.622
2024-08-28 07:25:28,SOLUSDT,bid,143,29003.606
2024-08-28 07:25:30,SOLUSDT,ask,165,15158.668
2024-08-28 07:25:31,SOLUSDT,bid,130,12375.837
2024-08-28 07:25:31,SOLUSDT,bid,145,5287.32
2024-08-28 07:25:33,SOLUSDT,bid,141,3857.622
2024-08-28 07:25:34,SOLUSDT,bid,144,5921.664
2024-08-28 07:25:35,SOLUSDT,bid,120,16357.778
2024-08-28 07:25:35,SOLUSDT,bid,138,5465.735
2024-08-28 07:25:39,SOLUSDT,bid,144,5743.751
2024-08-28 07:25:44,SOLUSDT,ask,162,7782.417
2024-08-28 07:25:46,SOLUSDT,bid,130,12406.356
2024-08-28 07:25:48,SOLUSDT,bid,142,4860.354
2024-08-28 07:25:49,SOLUSDT,bid,141,3857.925
2024-08-28 07:25:50,SOLUSDT,bid,145,5302.32
2024-08-28 07:25:50,SOLUSDT,bid,145,5287.32
2024-08-28 07:25:50,SOLUSDT,bid,144,4920.542
2024-08-28 07:25:50,SOLUSDT,bid,144,5743.751
2024-08-28 07:25:50,SOLUSDT,ask,145,3551.743
2024-08-28 07:25:50,SOLUSDT,bid,144,4920.542
2024-08-28 07:25:53,SOLUSDT,bid,140,16028.008
2024-08-28 07:25:53,SOLUSDT,bid,144,5098.455
2024-08-28 07:25:54,SOLUSDT,bid,140,16028.115
2024-08-28 07:25:54,SOLUSDT,bid,145,5293.557
2024-08-28 07:25:56,SOLUSDT,bid,144,4920.542
2024-08-28 07:25:59,SOLUSDT,bid,140,16028.25
2024-08-28 07:26:04,SOLUSDT,bid,135,10705.978
2024-08-28 07:26:04,SOLUSDT,bid,130,12406.432
2024-08-28 07:26:07,SOLUSDT,bid,140,16034.297
2024-08-28 07:26:12,SOLUSDT,bid,120,16357.903
2024-08-28 07:26:12,SOLUSDT,ask,162,7783.417
2024-08-28 07:26:13,SOLUSDT,bid,145,5328.039
2024-08-28 07:26:19,SOLUSDT,bid,145,5328.207
2024-08-28 07:26:22,SOLUSDT,ask,162,7784.793
2024-08-28 07:26:23,SOLUSDT,ask,163,4328.432
2024-08-28 07:26:27,SOLUSDT,bid,145,5327.207
2024-08-28 07:26:28,SOLUSDT,bid,141,3857.784
2024-08-28 07:26:30,SOLUSDT,bid,145,5363.823
2024-08-28 07:26:30,SOLUSDT,bid,144,4521.401
2024-08-28 07:26:30,SOLUSDT,bid,145,5435.783
2024-08-28 07:26:30,SOLUSDT,bid,145,5416.18
2024-08-28 07:26:31,SOLUSDT,bid,145,5596.056
2024-08-28 07:26:31,SOLUSDT,bid,145,5564.066
2024-08-28 07:26:31,SOLUSDT,bid,145,5594.058
2024-08-28 07:26:31,SOLUSDT,bid,140,16033.749
2024-08-28 07:26:31,SOLUSDT,bid,145,5594.058
2024-08-28 07:26:32,SOLUSDT,bid,145,5564.079
2024-08-28 07:26:32,SOLUSDT,bid,145,5534.087
2024-08-28 07:26:32,SOLUSDT,bid,145,5566.078
2024-08-28 07:26:33,SOLUSDT,bid,145,5586.573
2024-08-28 07:26:33,SOLUSDT,bid,145,5996.244
2024-08-28 07:26:34,SOLUSDT,bid,145,6028.234
2024-08-28 07:26:35,SOLUSDT,bid,145,5618.563
2024-08-28 07:26:37,SOLUSDT,bid,145,5586.573
2024-08-28 07:26:38,SOLUSDT,bid,145,5514.595
2024-08-28 07:26:38,SOLUSDT,bid,145,5482.604
2024-08-28 07:26:38,SOLUSDT,bid,145,5482.772
2024-08-28 07:26:38,SOLUSDT,bid,145,5446.783
2024-08-28 07:26:38,SOLUSDT,bid,142,4855.625
2024-08-28 07:26:38,SOLUSDT,bid,145,5410.803
2024-08-28 07:26:39,SOLUSDT,bid,145,5414.251
2024-08-28 07:26:39,SOLUSDT,bid,145,5447.748
2024-08-28 07:26:39,SOLUSDT,bid,145,5555.703
2024-08-28 07:26:39,SOLUSDT,bid,145,5555.612
2024-08-28 07:26:40,SOLUSDT,bid,145,5587.597
2024-08-28 07:26:40,SOLUSDT,bid,144,5346.63
2024-08-28 07:26:40,SOLUSDT,bid,145,5617.583
2024-08-28 07:26:40,SOLUSDT,bid,145,5647.569
2024-08-28 07:26:41,SOLUSDT,bid,145,5679.557
2024-08-28 07:26:41,SOLUSDT,bid,145,5680.557
2024-08-28 07:26:43,SOLUSDT,bid,145,5710.545
2024-08-28 07:26:44,SOLUSDT,bid,145,5680.557
2024-08-28 07:26:48,SOLUSDT,bid,140,16033.56
2024-08-28 07:26:48,SOLUSDT,bid,145,5620.585
2024-08-28 07:26:50,SOLUSDT,bid,145,5650.575
2024-08-28 07:26:51,SOLUSDT,bid,145,5620.585
2024-08-28 07:26:51,SOLUSDT,bid,125,11483.56
2024-08-28 07:26:52,SOLUSDT,bid,140,16029.637
2024-08-28 07:26:53,SOLUSDT,bid,125,11484.2
2024-08-28 07:26:54,SOLUSDT,bid,144,3562.453
2024-08-28 07:26:54,SOLUSDT,bid,140,16029.779
2024-08-28 07:26:54,SOLUSDT,ask,146,3663.784
2024-08-28 07:26:54,SOLUSDT,bid,145,5620.685
2024-08-28 07:26:55,SOLUSDT,bid,141,3860.348
2024-08-28 07:26:55,SOLUSDT,bid,130,12407.201
2024-08-28 07:26:56,SOLUSDT,ask,185,14385.152
2024-08-28 07:26:57,SOLUSDT,bid,145,5600.19
2024-08-28 07:26:58,SOLUSDT,bid,140,16023.732
2024-08-28 07:26:58,SOLUSDT,bid,135,10705.238
2024-08-28 07:26:58,SOLUSDT,bid,145,5392.287
2024-08-28 07:26:59,SOLUSDT,bid,145,5356.302
2024-08-28 07:26:59,SOLUSDT,bid,145,5320.312
2024-08-28 07:27:01,SOLUSDT,bid,135,10704.701
2024-08-28 07:27:03,SOLUSDT,ask,162,7783.417
2024-08-28 07:27:03,SOLUSDT,bid,140,17263.299
2024-08-28 07:27:03,SOLUSDT,bid,145,5320.185
2024-08-28 07:27:03,SOLUSDT,bid,144,3555.575
2024-08-28 07:27:05,SOLUSDT,bid,145,5319.549
2024-08-28 07:27:06,SOLUSDT,bid,111,10313.269
2024-08-28 07:27:08,SOLUSDT,bid,144,3898.801
2024-08-28 07:27:08,SOLUSDT,bid,138,4676.152
2024-08-28 07:27:09,SOLUSDT,bid,145,5319.381
2024-08-28 07:27:09,SOLUSDT,ask,146,3664.468
2024-08-28 07:27:11,SOLUSDT,ask,146,3902.692
2024-08-28 07:27:12,SOLUSDT,ask,146,4268.421
2024-08-28 07:27:12,SOLUSDT,ask,146,3664.468
2024-08-28 07:27:12,SOLUSDT,ask,146,4283.421
2024-08-28 07:27:12,SOLUSDT,bid,145,5321.044
2024-08-28 07:27:12,SOLUSDT,ask,146,4268.421
2024-08-28 07:27:14,SOLUSDT,bid,145,5314.807
2024-08-28 07:27:15,SOLUSDT,bid,130,12403.849
2024-08-28 07:27:16,SOLUSDT,bid,145,5313.144
2024-08-28 07:27:17,SOLUSDT,bid,110,20591.072
2024-08-28 07:27:17,SOLUSDT,bid,145,5312.8
2024-08-28 07:27:23,SOLUSDT,bid,145,5313.8
2024-08-28 07:27:24,SOLUSDT,bid,144,3555.575
2024-08-28 07:27:25,SOLUSDT,bid,118,4751.482
2024-08-28 07:27:27,SOLUSDT,bid,141,3857.784
2024-08-28 07:27:30,SOLUSDT,bid,135,10720.564
2024-08-28 07:27:30,SOLUSDT,ask,147,3654.444
2024-08-28 07:27:30,SOLUSDT,bid,145,5329.417
2024-08-28 07:27:31,SOLUSDT,bid,144,3555.644
2024-08-28 07:27:32,SOLUSDT,bid,140,17264.334
2024-08-28 07:27:33,SOLUSDT,ask,146,4268.421
2024-08-28 07:27:33,SOLUSDT,ask,146,4283.421
2024-08-28 07:27:34,SOLUSDT,ask,146,4268.421
2024-08-28 07:27:35,SOLUSDT,bid,100,23717.477
2024-08-28 07:27:42,SOLUSDT,bid,140,17263.299
2024-08-28 07:27:43,SOLUSDT,bid,100,23711.474
2024-08-28 07:27:43,SOLUSDT,bid,138,5443.143
2024-08-28 07:27:44,SOLUSDT,bid,115,17129.014
2024-08-28 07:27:46,SOLUSDT,bid,140,17266.411
2024-08-28 07:27:50,SOLUSDT,bid,122,4240.811
2024-08-28 07:27:52,SOLUSDT,bid,142,4858.171
2024-08-28 07:27:56,SOLUSDT,bid,145,5260.452
2024-08-28 07:27:58,SOLUSDT,bid,142,4858.101
2024-08-28 07:27:58,SOLUSDT,bid,140,17281.411
2024-08-28 07:27:59,SOLUSDT,bid,145,5260.52
2024-08-28 07:28:05,SOLUSDT,bid,120,16356.758
2024-08-28 07:28:06,SOLUSDT,bid,145,5250.412
2024-08-28 07:28:07,SOLUSDT,bid,120,16357.591
2024-08-28 07:28:07,SOLUSDT,ask,180,19711.204
2024-08-28 07:28:08,SOLUSDT,bid,145,5250.584
2024-08-28 07:28:09,SOLUSDT,bid,143,29007.447
2024-08-28 07:28:09,SOLUSDT,bid,140,17284.982
2024-08-28 07:28:12,SOLUSDT,bid,145,5250.721
2024-08-28 07:28:12,SOLUSDT,bid,130,12403.712
2024-08-28 07:28:18,SOLUSDT,bid,145,5248.509
2024-08-28 07:28:25,SOLUSDT,ask,160,6331.117
2024-08-28 07:28:26,SOLUSDT,bid,143,29007.947
2024-08-28 07:28:27,SOLUSDT,ask,190,21570.709
2024-08-28 07:28:33,SOLUSDT,bid,135,10721.214
2024-08-28 07:28:33,SOLUSDT,ask,146,4283.421
2024-08-28 07:28:33,SOLUSDT,ask,146,4268.421
2024-08-28 07:28:34,SOLUSDT,ask,146,4348.809
2024-08-28 07:28:37,SOLUSDT,bid,145,5248.027
2024-08-28 07:28:39,SOLUSDT,ask,146,4363.809
2024-08-28 07:28:40,SOLUSDT,ask,146,4348.809
2024-08-28 07:28:41,SOLUSDT,bid,145,5246.027
2024-08-28 07:28:41,SOLUSDT,bid,140,17279.982
2024-08-28 07:28:41,SOLUSDT,bid,138,5439.143
2024-08-28 07:28:41,SOLUSDT,bid,135,10718.555
2024-08-28 07:28:43,SOLUSDT,ask,146,4268.421
2024-08-28 07:28:47,SOLUSDT,bid,145,5246.064
2024-08-28 07:28:50,SOLUSDT,bid,140,17293.56
2024-08-28 07:28:54,SOLUSDT,bid,140,17295.06
2024-08-28 07:28:57,SOLUSDT,ask,165,15668.405
2024-08-28 07:28:57,SOLUSDT,bid,120,16357.949
2024-08-28 07:28:59,SOLUSDT,bid,135,10718.925
2024-08-28 07:29:01,SOLUSDT,bid,141,3858.163
2024-08-28 07:29:01,SOLUSDT,bid,140,17294.412
2024-08-28 07:29:05,SOLUSDT,bid,140,17296.703
2024-08-28 07:29:06,SOLUSDT,bid,136,8050.361
2024-08-28 07:29:07,SOLUSDT,bid,135,10753.085
2024-08-28 07:29:08,SOLUSDT,bid,140,17296.989
2024-08-28 07:29:09,SOLUSDT,bid,138,5441.143
2024-08-28 07:29:14,SOLUSDT,ask,146,4269.171
2024-08-28 07:29:15,SOLUSDT,ask,146,4284.171
2024-08-28 07:29:15,SOLUSDT,ask,146,4284.171
2024-08-28 07:29:15,SOLUSDT,ask,146,4269.171
2024-08-28 07:29:15,SOLUSDT,ask,146,4284.171
2024-08-28 07:29:15,SOLUSDT,ask,146,4268.421
2024-08-28 07:29:17,SOLUSDT,bid,135,10735.378
2024-08-28 07:29:18,SOLUSDT,bid,145,5318.991
2024-08-28 07:29:19,SOLUSDT,bid,111,10312.869
2024-08-28 07:29:19,SOLUSDT,bid,142,4863.457
2024-08-28 07:29:20,SOLUSDT,bid,145,5317.991
2024-08-28 07:29:20,SOLUSDT,bid,142,4864.457
2024-08-28 07:29:24,SOLUSDT,bid,145,5323.991
2024-08-28 07:29:27,SOLUSDT,bid,145,5318.628
2024-08-28 07:29:28,SOLUSDT,bid,140,17297.621
2024-08-28 07:29:32,SOLUSDT,bid,140,17302.621
2024-08-28 07:29:33,SOLUSDT,bid,145,5318.765
2024-08-28 07:29:34,SOLUSDT,bid,141,3859.05
2024-08-28 07:29:34,SOLUSDT,bid,120,16356.949
2024-08-28 07:29:35,SOLUSDT,bid,141,3860.468
2024-08-28 07:29:40,SOLUSDT,bid,120,16336.949
2024-08-28 07:29:43,SOLUSDT,bid,145,5334.675
2024-08-28 07:29:44,SOLUSDT,bid,145,5333.925
2024-08-28 07:29:46,SOLUSDT,bid,140,17302.562
2024-08-28 07:29:46,SOLUSDT,bid,137,6280.273
2024-08-28 07:29:48,SOLUSDT,ask,147,3997.339
2024-08-28 07:29:51,SOLUSDT,bid,145,5335.304
2024-08-28 07:29:51,SOLUSDT,bid,145,5350.304
2024-08-28 07:29:52,SOLUSDT,bid,145,5335.304
2024-08-28 07:29:54,SOLUSDT,bid,145,5355.014
2024-08-28 07:29:55,SOLUSDT,bid,140,17300.562
2024-08-28 07:29:55,SOLUSDT,bid,145,5340.284
2024-08-28 07:29:55,SOLUSDT,bid,145,5335.304
2024-08-28 07:29:57,SOLUSDT,bid,145,5338.972
2024-08-28 07:29:58,SOLUSDT,bid,140,17299.562
2024-08-28 07:30:00,SOLUSDT,bid,142,4864.549
2024-08-28 07:30:00,SOLUSDT,bid,145,5323.812
2024-08-28 07:30:01,SOLUSDT,bid,135,10740.378
2024-08-28 07:30:01,SOLUSDT,bid,145,5322.433
2024-08-28 07:30:02,SOLUSDT,bid,145,5336.172
2024-08-28 07:30:02,SOLUSDT,bid,144,3555.575
2024-08-28 07:30:02,SOLUSDT,bid,110,20612.804
2024-08-28 07:30:02,SOLUSDT,bid,143,28998.806
2024-08-28 07:30:04,SOLUSDT,ask,147,3654.444
2024-08-28 07:30:05,SOLUSDT,bid,145,5336.956
2024-08-28 07:30:05,SOLUSDT,bid,145,5336.172
2024-08-28 07:30:07,SOLUSDT,bid,145,5336.956
2024-08-28 07:30:09,SOLUSDT,bid,130,12411.774
2024-08-28 07:30:09,SOLUSDT,bid,120,16346.949
2024-08-28 07:30:11,SOLUSDT,bid,140,17299.633
2024-08-28 07:30:11,SOLUSDT,bid,138,5450.615
2024-08-28 07:30:11,SOLUSDT,ask,165,15667.405
2024-08-28 07:30:12,SOLUSDT,bid,141,3859.759
2024-08-28 07:30:12,SOLUSDT,bid,140,17298.919
2024-08-28 07:30:12,SOLUSDT,bid,138,5449.891
2024-08-28 07:30:12,SOLUSDT,bid,137,6279.544
2024-08-28 07:30:12,SOLUSDT,bid,136,8049.626
2024-08-28 07:30:13,SOLUSDT,bid,145,5351.956
2024-08-28 07:30:14,SOLUSDT,bid,145,5367.706
2024-08-28 07:30:14,SOLUSDT,bid,145,5336.956
2024-08-28 07:30:17,SOLUSDT,bid,110,20613.804
2024-08-28 07:30:18,SOLUSDT,bid,145,5317.318
2024-08-28 07:30:22,SOLUSDT,ask,160,6333.075
2024-08-28 07:30:25,SOLUSDT,bid,145,5332.318
2024-08-28 07:30:25,SOLUSDT,bid,145,5317.318
2024-08-28 07:30:27,SOLUSDT,ask,146,4284.071
2024-08-28 07:30:28,SOLUSDT,ask,146,4285.576
2024-08-28 07:30:29,SOLUSDT,bid,110,20613.304
2024-08-28 07:30:30,SOLUSDT,bid,145,5318.068
2024-08-28 07:30:31,SOLUSDT,bid,145,5317.318
2024-08-28 07:30:31,SOLUSDT,bid,138,4675.822
2024-08-28 07:30:32,SOLUSDT,bid,120,16347.949
2024-08-28 07:30:32,SOLUSDT,bid,145,5307.318
2024-08-28 07:30:33,SOLUSDT,ask,160,6333.953
2024-08-28 07:30:36,SOLUSDT,bid,145,5306.534
2024-08-28 07:30:37,SOLUSDT,bid,145,5307.284
2024-08-28 07:30:38,SOLUSDT,bid,145,5306.534
2024-08-28 07:30:39,SOLUSDT,bid,143,28893.404
2024-08-28 07:30:40,SOLUSDT,bid,115,17147.809
2024-08-28 07:30:42,SOLUSDT,bid,100,23738.474
2024-08-28 07:30:43,SOLUSDT,ask,146,4284.071
2024-08-28 07:30:44,SOLUSDT,bid,145,5108.374
2024-08-28 07:30:44,SOLUSDT,ask,146,4268.421
2024-08-28 07:30:47,SOLUSDT,bid,140,17299.006
2024-08-28 07:30:49,SOLUSDT,bid,140,17217.677
2024-08-28 07:30:50,SOLUSDT,bid,135,10923.537
2024-08-28 07:30:51,SOLUSDT,bid,140,17027.677
2024-08-28 07:30:51,SOLUSDT,bid,115,17149.548
2024-08-28 07:30:52,SOLUSDT,bid,145,5110.745
2024-08-28 07:30:54,SOLUSDT,bid,142,4970.694
2024-08-28 07:30:59,SOLUSDT,bid,143,28793.404
2024-08-28 07:30:59,SOLUSDT,bid,142,4970.794
2024-08-28 07:31:00,SOLUSDT,bid,131,9125.277
2024-08-28 07:31:03,SOLUSDT,bid,140,17027.777
2024-08-28 07:31:04,SOLUSDT,bid,125,11488.2
2024-08-28 07:31:05,SOLUSDT,bid,130,12499.359
2024-08-28 07:31:05,SOLUSDT,bid,140,17022.895
2024-08-28 07:31:06,SOLUSDT,bid,140,17022.967
2024-08-28 07:31:06,SOLUSDT,bid,145,5091.745
2024-08-28 07:31:07,SOLUSDT,ask,175,7379.172
2024-08-28 07:31:07,SOLUSDT,bid,130,12689.563
2024-08-28 07:31:11,SOLUSDT,bid,145,5091.745
2024-08-28 07:31:11,SOLUSDT,bid,145,5091.745
2024-08-28 07:31:11,SOLUSDT,bid,145,5078.006
2024-08-28 07:31:12,SOLUSDT,bid,145,5115.077
2024-08-28 07:31:16,SOLUSDT,bid,125,11489.666
2024-08-28 07:31:16,SOLUSDT,ask,146,4269.171
2024-08-28 07:31:16,SOLUSDT,ask,146,4269.171
2024-08-28 07:31:16,SOLUSDT,ask,146,4268.421
2024-08-28 07:31:18,SOLUSDT,ask,146,4350.361
2024-08-28 07:31:18,SOLUSDT,ask,147,3531.814
2024-08-28 07:31:18,SOLUSDT,bid,144,3654.207
2024-08-28 07:31:19,SOLUSDT,bid,144,3620.208
2024-08-28 07:31:19,SOLUSDT,ask,147,3592.941
2024-08-28 07:31:19,SOLUSDT,bid,145,5114.077
2024-08-28 07:31:20,SOLUSDT,ask,147,3531.814
2024-08-28 07:31:20,SOLUSDT,ask,147,3592.941
2024-08-28 07:31:20,SOLUSDT,ask,147,3541.158
2024-08-28 07:31:22,SOLUSDT,ask,147,3592.941
2024-08-28 07:31:22,SOLUSDT,bid,111,10247.834
2024-08-28 07:31:22,SOLUSDT,ask,147,3532.896
2024-08-28 07:31:23,SOLUSDT,bid,142,4965.794
2024-08-28 07:31:23,SOLUSDT,bid,140,17017.967
2024-08-28 07:31:23,SOLUSDT,bid,138,5444.891
2024-08-28 07:31:25,SOLUSDT,ask,147,3548.546
2024-08-28 07:31:26,SOLUSDT,bid,145,5077.006
2024-08-28 07:31:27,SOLUSDT,bid,141,3859.38
2024-08-28 07:31:31,SOLUSDT,bid,140,17027.588
2024-08-28 07:31:31,SOLUSDT,bid,140,17028.588
2024-08-28 07:31:39,SOLUSDT,bid,136,8052.626
2024-08-28 07:31:40,SOLUSDT,bid,130,12697.122
2024-08-28 07:31:48,SOLUSDT,bid,138,5447.891
2024-08-28 07:31:56,SOLUSDT,bid,145,5043.315
2024-08-28 07:31:58,SOLUSDT,bid,145,5043.659
2024-08-28 07:32:00,SOLUSDT,bid,140,17031.588
2024-08-28 07:32:06,SOLUSDT,ask,147,3532.896
2024-08-28 07:32:09,SOLUSDT,bid,142,4967.794
2024-08-28 07:32:09,SOLUSDT,ask,147,3532.21
2024-08-28 07:32:10,SOLUSDT,bid,145,5043.902
2024-08-28 07:32:14,SOLUSDT,bid,145,5112.867
2024-08-28 07:32:21,SOLUSDT,bid,140,17037.184
2024-08-28 07:32:24,SOLUSDT,bid,142,4966.082
2024-08-28 07:32:24,SOLUSDT,bid,136,8054.338
2024-08-28 07:32:25,SOLUSDT,ask,180,19702.986
2024-08-28 07:32:27,SOLUSDT,bid,145,5113.031
2024-08-28 07:32:27,SOLUSDT,bid,145,5112.867
2024-08-28 07:32:30,SOLUSDT,bid,136,8052.626
2024-08-28 07:32:30,SOLUSDT,bid,118,4765.713
2024-08-28 07:32:32,SOLUSDT,bid,145,5113.027
2024-08-28 07:32:33,SOLUSDT,bid,145,5112.867
2024-08-28 07:32:35,SOLUSDT,bid,145,5113.51
2024-08-28 07:32:40,SOLUSDT,bid,141,3870.317
2024-08-28 07:32:40,SOLUSDT,bid,121,5902.829
2024-08-28 07:32:42,SOLUSDT,bid,142,4964.082
2024-08-28 07:32:42,SOLUSDT,bid,140,17037.256
2024-08-28 07:32:43,SOLUSDT,bid,136,8054.413
2024-08-28 07:32:47,SOLUSDT,bid,142,4877.718
2024-08-28 07:32:47,SOLUSDT,ask,190,21565.709
2024-08-28 07:32:48,SOLUSDT,bid,130,12602.787
2024-08-28 07:32:49,SOLUSDT,bid,138,5270.158
2024-08-28 07:32:51,SOLUSDT,bid,111,10251.437
2024-08-28 07:32:52,SOLUSDT,bid,142,4879.718
2024-08-28 07:32:59,SOLUSDT,bid,100,23743.474
2024-08-28 07:33:03,SOLUSDT,bid,145,5113.84
2024-08-28 07:33:09,SOLUSDT,bid,140,17035.649
2024-08-28 07:33:11,SOLUSDT,bid,135,10923.682
2024-08-28 07:33:13,SOLUSDT,bid,130,12600.707
2024-08-28 07:33:14,SOLUSDT,bid,145,5103.84
2024-08-28 07:33:14,SOLUSDT,bid,140,17038.649
2024-08-28 07:33:15,SOLUSDT,bid,137,6277.497
2024-08-28 07:33:18,SOLUSDT,bid,131,9130.277
2024-08-28 07:33:18,SOLUSDT,bid,140,17042.22
2024-08-28 07:33:22,SOLUSDT,bid,145,5108.84
2024-08-28 07:33:25,SOLUSDT,ask,160,6327.38
2024-08-28 07:33:25,SOLUSDT,ask,160,6327.417
2024-08-28 07:33:25,SOLUSDT,bid,130,12600.807
2024-08-28 07:33:26,SOLUSDT,bid,142,4879.755
2024-08-28 07:33:26,SOLUSDT,bid,140,17042.257
2024-08-28 07:33:27,SOLUSDT,bid,138,5270.195
2024-08-28 07:33:27,SOLUSDT,bid,136,8054.45
2024-08-28 07:33:29,SOLUSDT,bid,143,28793.454
2024-08-28 07:33:29,SOLUSDT,bid,140,17028.679
2024-08-28 07:33:33,SOLUSDT,bid,145,5112.84
2024-08-28 07:33:34,SOLUSDT,bid,140,17033.679
2024-08-28 07:33:43,SOLUSDT,bid,120,16348.199
2024-08-28 07:33:43,SOLUSDT,bid,135,10928.682
2024-08-28 07:33:48,SOLUSDT,bid,130,12605.807
2024-08-28 07:33:50,SOLUSDT,bid,140,17039.679
2024-08-28 07:33:54,SOLUSDT,bid,80,14272.956
2024-08-28 07:33:55,SOLUSDT,bid,125,11494.666
2024-08-28 07:33:56,SOLUSDT,bid,144,3570.557
2024-08-28 07:33:56,SOLUSDT,ask,147,3570.371
2024-08-28 07:33:56,SOLUSDT,bid,145,5113.84
2024-08-28 07:33:56,SOLUSDT,bid,142,4878.755
2024-08-28 07:33:58,SOLUSDT,ask,147,3808.595
2024-08-28 07:33:58,SOLUSDT,ask,147,3807.09
2024-08-28 07:33:59,SOLUSDT,ask,147,3555.944
2024-08-28 07:34:03,SOLUSDT,bid,135,10938.682
2024-08-28 07:34:06,SOLUSDT,bid,140,17041.464
2024-08-28 07:34:06,SOLUSDT,bid,144,3577.408
2024-08-28 07:34:08,SOLUSDT,bid,144,3570.557
2024-08-28 07:34:12,SOLUSDT,bid,125,11498.782
2024-08-28 07:34:14,SOLUSDT,bid,144,3748.397
2024-08-28 07:34:15,SOLUSDT,bid,140,17043.405
2024-08-28 07:34:15,SOLUSDT,bid,145,5114.184
2024-08-28 07:34:19,SOLUSDT,bid,144,3570.557
2024-08-28 07:34:22,SOLUSDT,bid,142,4879.107
2024-08-28 07:34:26,SOLUSDT,bid,130,12602.474
2024-08-28 07:34:32,SOLUSDT,bid,143,28893.654
2024-08-28 07:34:37,SOLUSDT,bid,130,12606.32
2024-08-28 07:34:37,SOLUSDT,bid,140,17033.405
2024-08-28 07:34:37,SOLUSDT,bid,130,12591.32
2024-08-28 07:34:37,SOLUSDT,bid,120,16328.199
2024-08-28 07:34:38,SOLUSDT,ask,159,5796.745
2024-08-28 07:34:38,SOLUSDT,bid,140,17033.619
2024-08-28 07:34:39,SOLUSDT,bid,138,5271.692
2024-08-28 07:34:43,SOLUSDT,bid,95,8308.286
2024-08-28 07:34:44,SOLUSDT,bid,142,4930.075
2024-08-28 07:34:45,SOLUSDT,bid,140,17127.591
2024-08-28 07:34:53,SOLUSDT,bid,135,10946.089
2024-08-28 07:34:54,SOLUSDT,bid,140,17124.591
2024-08-28 07:34:55,SOLUSDT,bid,140,17144.591
2024-08-28 07:34:57,SOLUSDT,bid,125,11493.888
2024-08-28 07:34:58,SOLUSDT,ask,160,6332.292
2024-08-28 07:34:58,SOLUSDT,bid,145,5114.684
2024-08-28 07:34:59,SOLUSDT,bid,144,3577.408
2024-08-28 07:35:01,SOLUSDT,bid,110,20613.351
2024-08-28 07:35:02,SOLUSDT,bid,144,3570.557
2024-08-28 07:35:09,SOLUSDT,bid,145,5125.284
2024-08-28 07:35:10,SOLUSDT,bid,145,5125.973
2024-08-28 07:35:10,SOLUSDT,bid,145,5126.973
2024-08-28 07:35:11,SOLUSDT,bid,145,5128.973
2024-08-28 07:35:12,SOLUSDT,bid,130,12587.474
2024-08-28 07:35:13,SOLUSDT,bid,143,28899.594
2024-08-28 07:35:17,SOLUSDT,bid,138,5273.865
2024-08-28 07:35:19,SOLUSDT,bid,143,28899.63
2024-08-28 07:35:28,SOLUSDT,bid,142,4931.075
2024-08-28 07:35:28,SOLUSDT,bid,141,3870.477
2024-08-28 07:35:32,SOLUSDT,bid,120,16333.199
2024-08-28 07:35:35,SOLUSDT,bid,143,28899.542
2024-08-28 07:35:35,SOLUSDT,bid,136,8054.538
2024-08-28 07:35:44,SOLUSDT,bid,120,16333.884
2024-08-28 07:35:44,SOLUSDT,ask,195,13398.114
2024-08-28 07:35:44,SOLUSDT,bid,130,12588.474
2024-08-28 07:35:47,SOLUSDT,ask,188,12253.343
2024-08-28 07:35:47,SOLUSDT,bid,135,10887.706
2024-08-28 07:35:47,SOLUSDT,bid,130,12646.857
2024-08-28 07:35:48,SOLUSDT,bid,135,10880.299
2024-08-28 07:35:49,SOLUSDT,bid,120,16333.199
2024-08-28 07:35:54,SOLUSDT,bid,143,28920.521
2024-08-28 07:35:59,SOLUSDT,bid,145,5137.973
2024-08-28 07:36:02,SOLUSDT,bid,135,10880.908
2024-08-28 07:36:04,SOLUSDT,ask,147,3794.168
2024-08-28 07:36:06,SOLUSDT,ask,147,3555.944
2024-08-28 07:36:10,SOLUSDT,bid,100,23769.493
2024-08-28 07:36:10,SOLUSDT,bid,140,17146.358
2024-08-28 07:36:12,SOLUSDT,bid,145,5137.673
2024-08-28 07:36:15,SOLUSDT,bid,145,5130.834
2024-08-28 07:36:18,SOLUSDT,ask,146,4209.365
2024-08-28 07:36:18,SOLUSDT,bid,140,17136.358
2024-08-28 07:36:20,SOLUSDT,bid,144,3571.31
2024-08-28 07:36:21,SOLUSDT,bid,120,16334.199
2024-08-28 07:36:23,SOLUSDT,bid,141,3880.477
2024-08-28 07:36:25,SOLUSDT,bid,140,17136.715
2024-08-28 07:36:25,SOLUSDT,ask,147,3572.721
2024-08-28 07:36:26,SOLUSDT,bid,143,28918.115
2024-08-28 07:36:29,SOLUSDT,bid,138,5274.93
2024-08-28 07:36:30,SOLUSDT,ask,160,6333.291
2024-08-28 07:36:31,SOLUSDT,bid,145,5136.917
2024-08-28 07:36:33,SOLUSDT,bid,118,4749.301
2024-08-28 07:36:36,SOLUSDT,bid,144,3571.379
2024-08-28 07:36:42,SOLUSDT,bid,144,3568.1
2024-08-28 07:36:42,SOLUSDT,ask,184,3937.293
2024-08-28 07:36:43,SOLUSDT,bid,140,17133.529
2024-08-28 07:36:44,SOLUSDT,bid,120,16434.199
2024-08-28 07:36:45,SOLUSDT,bid,145,5085.585
2024-08-28 07:36:48,SOLUSDT,ask,168,6352.105
2024-08-28 07:36:50,SOLUSDT,bid,136,8059.538
2024-08-28 07:37:01,SOLUSDT,bid,100,23769.675
2024-08-28 07:37:01,SOLUSDT,bid,145,4924.709
2024-08-28 07:37:02,SOLUSDT,bid,140,17134.366
2024-08-28 07:37:04,SOLUSDT,bid,140,17148.862
2024-08-28 07:37:05,SOLUSDT,bid,143,28918.563
2024-08-28 07:37:11,SOLUSDT,bid,130,12646.683
2024-08-28 07:37:11,SOLUSDT,bid,100,23769.849
2024-08-28 07:37:18,SOLUSDT,bid,145,4922.659
2024-08-28 07:37:21,SOLUSDT,ask,159,5796.845
2024-08-28 07:37:23,SOLUSDT,bid,144,3567.347
2024-08-28 07:37:34,SOLUSDT,bid,145,4923.847
2024-08-28 07:37:35,SOLUSDT,bid,145,4923.797
2024-08-28 07:37:38,SOLUSDT,bid,110,20642.293
2024-08-28 07:37:46,SOLUSDT,bid,142,4936.075
2024-08-28 07:37:51,SOLUSDT,bid,141,3890.477
2024-08-28 07:37:51,SOLUSDT,bid,146,4215.792
2024-08-28 07:37:51,SOLUSDT,bid,146,4171.351
2024-08-28 07:37:51,SOLUSDT,bid,146,4171.403
2024-08-28 07:37:51,SOLUSDT,bid,146,4205.5
2024-08-28 07:37:51,SOLUSDT,bid,146,4171.403
2024-08-28 07:37:52,SOLUSDT,bid,146,4205.5
2024-08-28 07:37:52,SOLUSDT,bid,146,4201.5
2024-08-28 07:37:52,SOLUSDT,bid,146,4161.421
2024-08-28 07:37:53,SOLUSDT,bid,146,4131.324
2024-08-28 07:37:53,SOLUSDT,bid,146,4127.324
2024-08-28 07:37:54,SOLUSDT,bid,146,4161.421
2024-08-28 07:37:56,SOLUSDT,bid,145,4930.693
2024-08-28 07:38:00,SOLUSDT,bid,140,17148.82
2024-08-28 07:38:13,SOLUSDT,bid,125,11494.774
2024-08-28 07:38:14,SOLUSDT,bid,118,4961.166
2024-08-28 07:38:14,SOLUSDT,bid,144,3565.979
2024-08-28 07:38:14,SOLUSDT,bid,144,3564.611
2024-08-28 07:38:16,SOLUSDT,bid,145,4924.61
2024-08-28 07:38:16,SOLUSDT,bid,143,28916.61
2024-08-28 07:38:20,SOLUSDT,bid,120,16334.199
2024-08-28 07:38:23,SOLUSDT,bid,140,17134.324
2024-08-28 07:38:23,SOLUSDT,bid,145,4923.526
2024-08-28 07:38:27,SOLUSDT,bid,140,16996.283
2024-08-28 07:38:28,SOLUSDT,bid,140,16998.783
2024-08-28 07:38:33,SOLUSDT,bid,120,16317.533
2024-08-28 07:38:33,SOLUSDT,ask,181,3162.636
2024-08-28 07:38:49,SOLUSDT,bid,122,4243.827
2024-08-28 07:38:49,SOLUSDT,bid,112,7885.12
2024-08-28 07:38:51,SOLUSDT,bid,120,16316.533
2024-08-28 07:38:53,SOLUSDT,bid,131,9171.255
2024-08-28 07:38:57,SOLUSDT,ask,160,6333.417
2024-08-28 07:38:59,SOLUSDT,bid,140,16999.147
2024-08-28 07:39:00,SOLUSDT,bid,138,5275.066
2024-08-28 07:39:02,SOLUSDT,bid,135,10881.908
2024-08-28 07:39:03,SOLUSDT,bid,136,8058.538
2024-08-28 07:39:08,SOLUSDT,bid,142,4911.698
2024-08-28 07:39:15,SOLUSDT,bid,115,17152.296
2024-08-28 07:39:15,SOLUSDT,bid,125,11496.374
2024-08-28 07:39:15,SOLUSDT,bid,121,5920.234
2024-08-28 07:39:20,SOLUSDT,bid,143,28916.574
2024-08-28 07:39:29,SOLUSDT,bid,138,5290.066
2024-08-28 07:39:30,SOLUSDT,ask,172,2980.211
2024-08-28 07:39:33,SOLUSDT,bid,136,8059.052
2024-08-28 07:39:35,SOLUSDT,bid,120,16320.699
2024-08-28 07:39:40,SOLUSDT,bid,130,12647.221
2024-08-28 07:40:02,SOLUSDT,bid,142,4889.709
2024-08-28 07:40:02,SOLUSDT,ask,162,7784.417
2024-08-28 07:40:03,SOLUSDT,ask,181,3157.999
2024-08-28 07:40:06,SOLUSDT,bid,145,4923.026
2024-08-28 07:40:07,SOLUSDT,ask,162,7783.058
2024-08-28 07:40:07,SOLUSDT,ask,160,6330.711
2024-08-28 07:40:07,SOLUSDT,bid,118,4961.759
2024-08-28 07:40:09,SOLUSDT,ask,180,19707.623
2024-08-28 07:40:12,SOLUSDT,bid,146,7531.901
2024-08-28 07:40:12,SOLUSDT,bid,146,7643.379
2024-08-28 07:40:12,SOLUSDT,bid,146,7652.922
2024-08-28 07:40:12,SOLUSDT,bid,146,7660.523
2024-08-28 07:40:12,SOLUSDT,bid,146,7582.525
2024-08-28 07:40:13,SOLUSDT,bid,146,7592.068
2024-08-28 07:40:13,SOLUSDT,bid,146,7629.338
2024-08-28 07:40:13,SOLUSDT,bid,146,7595.255
2024-08-28 07:40:13,SOLUSDT,bid,146,7595.291
2024-08-28 07:40:13,SOLUSDT,bid,146,7625.887
2024-08-28 07:40:13,SOLUSDT,bid,146,7624.417
2024-08-28 07:40:13,SOLUSDT,bid,146,7550.39
2024-08-28 07:40:13,SOLUSDT,bid,146,7516.307
2024-08-28 07:40:14,SOLUSDT,bid,146,7660.82
2024-08-28 07:40:14,SOLUSDT,bid,146,7575.707
2024-08-28 07:40:14,SOLUSDT,bid,146,7603.841
2024-08-28 07:40:14,SOLUSDT,bid,146,7693.507
2024-08-28 07:40:14,SOLUSDT,bid,145,4923.509
2024-08-28 07:40:14,SOLUSDT,bid,146,7652.825
2024-08-28 07:40:14,SOLUSDT,bid,146,7701.318
2024-08-28 07:40:14,SOLUSDT,bid,146,7578.933
2024-08-28 07:40:14,SOLUSDT,bid,146,7616.136
2024-08-28 07:40:15,SOLUSDT,bid,146,7578.933
2024-08-28 07:40:15,SOLUSDT,bid,146,7588.457
2024-08-28 07:40:15,SOLUSDT,bid,146,7632.704
2024-08-28 07:40:15,SOLUSDT,bid,146,7632.628
2024-08-28 07:40:15,SOLUSDT,bid,146,7659.687
2024-08-28 07:40:16,SOLUSDT,bid,146,7552.96
2024-08-28 07:40:16,SOLUSDT,bid,146,7666.029
2024-08-28 07:40:16,SOLUSDT,bid,146,7700.114
2024-08-28 07:40:16,SOLUSDT,bid,146,7700.204
2024-08-28 07:40:16,SOLUSDT,bid,146,7700.256
2024-08-28 07:40:17,SOLUSDT,bid,146,7700.166
2024-08-28 07:40:18,SOLUSDT,bid,146,7700.202
2024-08-28 07:40:19,SOLUSDT,bid,146,7700.255
2024-08-28 07:40:26,SOLUSDT,bid,140,16999.647
2024-08-28 07:40:27,SOLUSDT,bid,146,10236.533
2024-08-28 07:40:27,SOLUSDT,ask,147,3551.513
2024-08-28 07:40:27,SOLUSDT,bid,146,10239.598
2024-08-28 07:40:27,SOLUSDT,bid,146,10239.263
2024-08-28 07:40:27,SOLUSDT,bid,146,10282.031
2024-08-28 07:40:27,SOLUSDT,bid,146,10341.558
2024-08-28 07:40:27,SOLUSDT,bid,146,10382.058
2024-08-28 07:40:27,SOLUSDT,bid,146,10382.022
2024-08-28 07:40:28,SOLUSDT,bid,146,10379.292
2024-08-28 07:40:28,SOLUSDT,bid,146,10454.317
2024-08-28 07:40:28,SOLUSDT,bid,146,10413.342
2024-08-28 07:40:29,SOLUSDT,bid,146,10422.876
2024-08-28 07:40:29,SOLUSDT,bid,146,14528.952
2024-08-28 07:40:29,SOLUSDT,bid,146,14554.892
2024-08-28 07:40:29,SOLUSDT,bid,112,7885.745
2024-08-28 07:40:29,SOLUSDT,bid,146,14545.358
2024-08-28 07:40:30,SOLUSDT,bid,145,4922.82
2024-08-28 07:40:30,SOLUSDT,bid,145,4927.82
2024-08-28 07:40:30,SOLUSDT,bid,146,14602.6
2024-08-28 07:40:30,SOLUSDT,bid,146,14562.834
2024-08-28 07:40:30,SOLUSDT,bid,146,14610.103
2024-08-28 07:40:30,SOLUSDT,bid,146,14495.955
2024-08-28 07:40:30,SOLUSDT,bid,146,14427.853
2024-08-28 07:40:31,SOLUSDT,bid,146,14442.148
2024-08-28 07:40:31,SOLUSDT,bid,146,14442.148
2024-08-28 07:40:31,SOLUSDT,bid,146,14402.069
2024-08-28 07:40:31,SOLUSDT,bid,146,14304.469
2024-08-28 07:40:31,SOLUSDT,bid,146,14286.568
2024-08-28 07:40:32,SOLUSDT,bid,146,14228.907
2024-08-28 07:40:32,SOLUSDT,bid,146,14103.283
2024-08-28 07:40:32,SOLUSDT,bid,145,4928.502
2024-08-28 07:40:32,SOLUSDT,bid,146,9997.278
2024-08-28 07:40:32,SOLUSDT,bid,146,9997.242
2024-08-28 07:40:32,SOLUSDT,bid,146,9999.972
2024-08-28 07:40:33,SOLUSDT,bid,146,10000.008
2024-08-28 07:40:33,SOLUSDT,bid,146,10051.198
2024-08-28 07:40:33,SOLUSDT,bid,146,10051.627
2024-08-28 07:40:34,SOLUSDT,bid,146,10050.592
2024-08-28 07:40:34,SOLUSDT,ask,162,7784.417
2024-08-28 07:40:34,SOLUSDT,bid,146,10050.8
2024-08-28 07:40:35,SOLUSDT,bid,146,10050.596
2024-08-28 07:40:35,SOLUSDT,bid,145,4927.82
2024-08-28 07:40:35,SOLUSDT,bid,146,10050.167
2024-08-28 07:40:35,SOLUSDT,bid,146,10050.345
2024-08-28 07:40:36,SOLUSDT,bid,146,10050.344
2024-08-28 07:40:36,SOLUSDT,bid,146,9997.238
2024-08-28 07:40:36,SOLUSDT,bid,146,10005.428
2024-08-28 07:40:36,SOLUSDT,bid,146,10005.25
2024-08-28 07:40:36,SOLUSDT,bid,146,10005.321
2024-08-28 07:40:37,SOLUSDT,bid,146,10097.529
2024-08-28 07:40:37,SOLUSDT,bid,146,10077.12
2024-08-28 07:40:37,SOLUSDT,bid,146,10076.307
2024-08-28 07:40:37,SOLUSDT,bid,146,10066.773
2024-08-28 07:40:38,SOLUSDT,bid,146,10047.74
2024-08-28 07:40:38,SOLUSDT,bid,146,10011.327
2024-08-28 07:40:38,SOLUSDT,bid,146,10027.602
2024-08-28 07:40:38,SOLUSDT,bid,146,10007.577
2024-08-28 07:40:38,SOLUSDT,bid,146,10007.577
2024-08-28 07:40:38,SOLUSDT,bid,146,10024.602
2024-08-28 07:40:39,SOLUSDT,bid,146,10057.67
2024-08-28 07:40:39,SOLUSDT,bid,146,10171.182
2024-08-28 07:40:39,SOLUSDT,bid,146,10057.576
2024-08-28 07:40:39,SOLUSDT,bid,146,10058.257
2024-08-28 07:40:40,SOLUSDT,bid,146,10026.033
2024-08-28 07:40:41,SOLUSDT,bid,143,28917.266
2024-08-28 07:40:41,SOLUSDT,bid,146,10006.154
2024-08-28 07:40:41,SOLUSDT,bid,146,9997.893
2024-08-28 07:40:41,SOLUSDT,bid,146,9987.158
2024-08-28 07:40:41,SOLUSDT,bid,146,9979.958
2024-08-28 07:40:41,SOLUSDT,bid,146,9980.029
2024-08-28 07:40:42,SOLUSDT,ask,160,6332.711
2024-08-28 07:40:42,SOLUSDT,bid,146,9978.823
2024-08-28 07:40:42,SOLUSDT,bid,146,9978.345
2024-08-28 07:40:42,SOLUSDT,bid,146,9995.334
2024-08-28 07:40:43,SOLUSDT,bid,146,10049.047
2024-08-28 07:40:43,SOLUSDT,bid,146,10083.103
2024-08-28 07:40:43,SOLUSDT,bid,146,10123.451
2024-08-28 07:40:43,SOLUSDT,bid,146,9951.018
2024-08-28 07:40:43,SOLUSDT,bid,146,9899.048
2024-08-28 07:40:44,SOLUSDT,bid,146,9899.554
2024-08-28 07:40:44,SOLUSDT,bid,146,9899.59
2024-08-28 07:40:44,SOLUSDT,bid,146,9899.661
2024-08-28 07:40:44,SOLUSDT,bid,145,3573.146
2024-08-28 07:40:44,SOLUSDT,bid,146,9899.625
2024-08-28 07:40:44,SOLUSDT,ask,160,6331.613
2024-08-28 07:40:45,SOLUSDT,bid,146,9865.566
2024-08-28 07:40:46,SOLUSDT,ask,165,15659.468
2024-08-28 07:40:46,SOLUSDT,bid,146,9864.007
2024-08-28 07:40:46,SOLUSDT,bid,146,9876.288
2024-08-28 07:40:46,SOLUSDT,bid,146,9908.518
2024-08-28 07:40:46,SOLUSDT,bid,146,9908.892
2024-08-28 07:40:46,SOLUSDT,bid,146,9959.855
2024-08-28 07:40:46,SOLUSDT,bid,146,9967.974
2024-08-28 07:40:46,SOLUSDT,bid,146,9976.701
2024-08-28 07:40:47,SOLUSDT,bid,146,10014.244
2024-08-28 07:40:47,SOLUSDT,bid,146,9990.792
2024-08-28 07:40:47,SOLUSDT,bid,146,9976.701
2024-08-28 07:40:47,SOLUSDT,bid,146,9967.974
2024-08-28 07:40:48,SOLUSDT,bid,146,9949.19
2024-08-28 07:40:48,SOLUSDT,bid,146,10036.973
2024-08-28 07:40:48,SOLUSDT,bid,146,10112.793
2024-08-28 07:40:48,SOLUSDT,bid,145,4817.82
2024-08-28 07:40:49,SOLUSDT,bid,146,10036.973
2024-08-28 07:40:49,SOLUSDT,bid,146,9923.589
2024-08-28 07:40:49,SOLUSDT,bid,146,9940.614
2024-08-28 07:40:50,SOLUSDT,bid,146,9940.28
2024-08-28 07:40:50,SOLUSDT,bid,146,9875.772
2024-08-28 07:40:50,SOLUSDT,bid,146,9892.797
2024-08-28 07:40:50,SOLUSDT,bid,146,9937.951
2024-08-28 07:40:51,SOLUSDT,bid,146,9892.797
2024-08-28 07:40:52,SOLUSDT,bid,146,9875.732
2024-08-28 07:40:53,SOLUSDT,bid,146,9863.451
2024-08-28 07:40:53,SOLUSDT,bid,146,9880.476
2024-08-28 07:41:02,SOLUSDT,bid,140,17009.647
2024-08-28 07:41:04,SOLUSDT,bid,140,17006.139
2024-08-28 07:41:04,SOLUSDT,bid,121,5923.742
2024-08-28 07:41:08,SOLUSDT,bid,145,4812.82
2024-08-28 07:41:09,SOLUSDT,bid,140,17006.579
2024-08-28 07:41:13,SOLUSDT,bid,136,8055.406
2024-08-28 07:41:13,SOLUSDT,bid,140,17011.579
2024-08-28 07:41:18,SOLUSDT,bid,120,16318.202
2024-08-28 07:41:24,SOLUSDT,ask,162,7787.417
2024-08-28 07:41:29,SOLUSDT,bid,131,9176.82
2024-08-28 07:41:34,SOLUSDT,bid,136,8058.193
2024-08-28 07:41:36,SOLUSDT,bid,100,23770.795
2024-08-28 07:41:36,SOLUSDT,ask,180,19707.5
2024-08-28 07:41:37,SOLUSDT,bid,145,4807.62
2024-08-28 07:41:37,SOLUSDT,bid,140,17016.965
2024-08-28 07:41:38,SOLUSDT,bid,141,3892.599
2024-08-28 07:41:38,SOLUSDT,bid,135,10887.908
2024-08-28 07:41:44,SOLUSDT,bid,145,4801.778
2024-08-28 07:41:45,SOLUSDT,bid,142,4890.413
2024-08-28 07:41:47,SOLUSDT,bid,145,3569.297
2024-08-28 07:41:47,SOLUSDT,bid,140,17020.536
2024-08-28 07:41:54,SOLUSDT,bid,130,12647.143
2024-08-28 07:41:55,SOLUSDT,bid,120,16319.302
2024-08-28 07:41:55,SOLUSDT,bid,140,17022.988
2024-08-28 07:41:55,SOLUSDT,bid,111,10251.346
2024-08-28 07:41:58,SOLUSDT,bid,133,6287.309
2024-08-28 07:42:06,SOLUSDT,bid,145,4798.778
2024-08-28 07:42:08,SOLUSDT,bid,115,17154.104
2024-08-28 07:42:08,SOLUSDT,bid,142,4894.337
2024-08-28 07:42:10,SOLUSDT,bid,122,4246.935
2024-08-28 07:42:17,SOLUSDT,bid,130,12639.584
2024-08-28 07:42:30,SOLUSDT,ask,210,24197.135
2024-08-28 07:42:39,SOLUSDT,ask,160,6331.816
2024-08-28 07:42:42,SOLUSDT,bid,140,17017.988
2024-08-28 07:42:42,SOLUSDT,ask,170,11133.425
2024-08-28 07:42:43,SOLUSDT,ask,170,11133.491
2024-08-28 07:42:44,SOLUSDT,bid,140,17018.468
2024-08-28 07:42:48,SOLUSDT,bid,145,4803.778
2024-08-28 07:42:53,SOLUSDT,bid,145,4812.86
2024-08-28 07:42:55,SOLUSDT,bid,145,4812.948
2024-08-28 07:42:55,SOLUSDT,bid,136,8058.105
2024-08-28 07:42:57,SOLUSDT,bid,140,17018.968
2024-08-28 07:42:58,SOLUSDT,ask,210,24207.135
2024-08-28 07:43:03,SOLUSDT,bid,136,8053.105
2024-08-28 07:43:05,SOLUSDT,bid,145,4813.037
2024-08-28 07:43:18,SOLUSDT,bid,142,4896.186
2024-08-28 07:43:18,SOLUSDT,bid,136,8051.256
2024-08-28 07:43:19,SOLUSDT,bid,140,17010.968
2024-08-28 07:43:23,SOLUSDT,bid,145,3793.929
2024-08-28 07:43:23,SOLUSDT,ask,147,3752.563
2024-08-28 07:43:28,SOLUSDT,ask,147,3736.913
2024-08-28 07:43:32,SOLUSDT,bid,140,17017.987
2024-08-28 07:43:35,SOLUSDT,bid,140,17018.129
2024-08-28 07:43:38,SOLUSDT,bid,138,5291.544
2024-08-28 07:43:39,SOLUSDT,bid,130,12644.584
2024-08-28 07:43:40,SOLUSDT,bid,130,12875.353
2024-08-28 07:43:41,SOLUSDT,ask,170,11136.821
2024-08-28 07:43:42,SOLUSDT,bid,130,12870.453
2024-08-28 07:43:49,SOLUSDT,bid,143,28919.44
2024-08-28 07:43:50,SOLUSDT,ask,147,4016.513
2024-08-28 07:43:54,SOLUSDT,bid,145,4950.968
2024-08-28 07:43:55,SOLUSDT,bid,145,5084.249
2024-08-28 07:44:01,SOLUSDT,bid,130,12869.684
2024-08-28 07:44:14,SOLUSDT,ask,230,6599.027
2024-08-28 07:44:15,SOLUSDT,bid,140,17017.487
2024-08-28 07:44:22,SOLUSDT,ask,170,11136.752
2024-08-28 07:44:29,SOLUSDT,bid,140,17018.844
2024-08-28 07:44:30,SOLUSDT,bid,138,5293.135
2024-08-28 07:44:32,SOLUSDT,bid,141,3890.465
2024-08-28 07:44:35,SOLUSDT,bid,137,6677.497
2024-08-28 07:44:35,SOLUSDT,bid,140,17013.844
2024-08-28 07:44:42,SOLUSDT,bid,145,5085.157
2024-08-28 07:44:43,SOLUSDT,bid,135,10881.482
2024-08-28 07:44:43,SOLUSDT,bid,131,9183.246
2024-08-28 07:44:47,SOLUSDT,bid,142,4914.068
2024-08-28 07:44:48,SOLUSDT,ask,170,11148.758
2024-08-28 07:44:51,SOLUSDT,bid,135,10844.255
2024-08-28 07:44:56,SOLUSDT,bid,140,17013.886
2024-08-28 07:45:05,SOLUSDT,bid,141,3890.543
2024-08-28 07:45:06,SOLUSDT,bid,111,10251.616
2024-08-28 07:45:07,SOLUSDT,bid,145,5085.205
2024-08-28 07:45:21,SOLUSDT,bid,145,5084.705
2024-08-28 07:45:21,SOLUSDT,bid,140,17014.396
2024-08-28 07:45:24,SOLUSDT,bid,141,3890.425
2024-08-28 07:45:27,SOLUSDT,bid,140,17314.396
2024-08-28 07:45:31,SOLUSDT,ask,170,11141.685
2024-08-28 07:45:41,SOLUSDT,bid,142,4914.104
2024-08-28 07:45:43,SOLUSDT,bid,140,17314.039
2024-08-28 07:45:43,SOLUSDT,ask,205,10047.966
2024-08-28 07:45:45,SOLUSDT,bid,130,12866.684
2024-08-28 07:45:45,SOLUSDT,bid,120,16322.302
2024-08-28 07:45:48,SOLUSDT,bid,100,23769.295
2024-08-28 07:45:56,SOLUSDT,bid,130,12865.876
2024-08-28 07:46:00,SOLUSDT,bid,120,16327.302
2024-08-28 07:46:01,SOLUSDT,bid,135,10844.625
2024-08-28 07:46:11,SOLUSDT,bid,100,23758.492
2024-08-28 07:46:17,SOLUSDT,bid,145,5084.663
2024-08-28 07:46:21,SOLUSDT,bid,140,17314.117
2024-08-28 07:46:23,SOLUSDT,bid,135,10854.262
2024-08-28 07:46:26,SOLUSDT,bid,115,17154.856
2024-08-28 07:46:26,SOLUSDT,bid,100,23762.992
2024-08-28 07:46:31,SOLUSDT,ask,300,9586.492
2024-08-28 07:46:36,SOLUSDT,bid,138,5293.896
2024-08-28 07:46:42,SOLUSDT,bid,110,20681.374
2024-08-28 07:46:47,SOLUSDT,bid,133,6287.234
2024-08-28 07:46:47,SOLUSDT,ask,160,6331.72
2024-08-28 07:46:55,SOLUSDT,bid,143,28919.898
2024-08-28 07:46:57,SOLUSDT,bid,100,23761.992
2024-08-28 07:47:05,SOLUSDT,bid,130,12865.941
2024-08-28 07:47:07,SOLUSDT,ask,165,15657.43
2024-08-28 07:47:09,SOLUSDT,ask,160,6331.936
2024-08-28 07:47:09,SOLUSDT,bid,135,10849.262
2024-08-28 07:47:12,SOLUSDT,ask,159,5801.845
2024-08-28 07:47:13,SOLUSDT,bid,145,5087.663
2024-08-28 07:47:14,SOLUSDT,bid,138,5295.311
2024-08-28 07:47:17,SOLUSDT,bid,145,5090.363
2024-08-28 07:47:20,SOLUSDT,bid,140,17317.117
2024-08-28 07:47:20,SOLUSDT,bid,140,17317.295
2024-08-28 07:47:29,SOLUSDT,bid,136,8051.797
2024-08-28 07:47:33,SOLUSDT,bid,138,5277.603
2024-08-28 07:47:43,SOLUSDT,bid,142,4914.808
2024-08-28 07:47:47,SOLUSDT,bid,136,8051.256
2024-08-28 07:48:03,SOLUSDT,ask,160,6331.727
2024-08-28 07:48:04,SOLUSDT,bid,145,3780.242
2024-08-28 07:48:07,SOLUSDT,ask,147,4018.018
2024-08-28 07:48:12,SOLUSDT,bid,136,8051.356
2024-08-28 07:48:18,SOLUSDT,ask,205,10045.944
2024-08-28 07:48:22,SOLUSDT,ask,147,4016.513
2024-08-28 07:48:24,SOLUSDT,ask,180,19708.536
2024-08-28 07:48:27,SOLUSDT,bid,125,11497.374
2024-08-28 07:48:29,SOLUSDT,bid,140,17317.673
2024-08-28 07:48:43,SOLUSDT,bid,145,5089.942
2024-08-28 07:48:45,SOLUSDT,bid,141,3870.075
2024-08-28 07:48:53,SOLUSDT,bid,135,10850.002
2024-08-28 07:48:54,SOLUSDT,bid,140,17318.109
2024-08-28 07:49:09,SOLUSDT,bid,137,6677.679
2024-08-28 07:49:11,SOLUSDT,bid,140,17320.879
2024-08-28 07:49:13,SOLUSDT,bid,138,5276.603
2024-08-28 07:49:25,SOLUSDT,bid,140,17323.092
2024-08-28 07:49:31,SOLUSDT,ask,162,7776.384
2024-08-28 07:49:33,SOLUSDT,bid,135,10852.298
2024-08-28 07:49:36,SOLUSDT,bid,145,5090.942
2024-08-28 07:49:40,SOLUSDT,bid,136,8051.656
2024-08-28 07:49:42,SOLUSDT,bid,121,5923.824
2024-08-28 07:49:43,SOLUSDT,bid,136,8051.356
2024-08-28 07:49:45,SOLUSDT,bid,140,17318.72
2024-08-28 07:49:49,SOLUSDT,bid,135,10850.002
2024-08-28 07:49:50,SOLUSDT,bid,140,17316.507
2024-08-28 07:49:51,SOLUSDT,bid,146,3555.688
2024-08-28 07:49:54,SOLUSDT,bid,140,17307.481
2024-08-28 07:50:02,SOLUSDT,bid,145,5110.942
2024-08-28 07:50:02,SOLUSDT,bid,140,17287.481
2024-08-28 07:50:04,SOLUSDT,bid,133,6286.234
2024-08-28 07:50:17,SOLUSDT,bid,110,20678.674
2024-08-28 07:50:22,SOLUSDT,bid,142,4919.118
2024-08-28 07:50:28,SOLUSDT,bid,145,5105.942
2024-08-28 07:50:29,SOLUSDT,bid,142,4919.331
2024-08-28 07:50:43,SOLUSDT,bid,140,17237.255
2024-08-28 07:50:50,SOLUSDT,bid,140,17238.255
2024-08-28 07:50:51,SOLUSDT,bid,138,5211.385
2024-08-28 07:50:54,SOLUSDT,bid,145,5095.342
2024-08-28 07:50:56,SOLUSDT,bid,140,17245.397
2024-08-28 07:51:05,SOLUSDT,bid,142,4919.399
2024-08-28 07:51:09,SOLUSDT,ask,160,6331.412
2024-08-28 07:51:12,SOLUSDT,bid,130,12865.99
2024-08-28 07:51:12,SOLUSDT,ask,170,11141.734
2024-08-28 07:51:16,SOLUSDT,bid,143,28921.898
2024-08-28 07:51:20,SOLUSDT,bid,115,17104.856
2024-08-28 07:51:22,SOLUSDT,ask,147,4017.265
2024-08-28 07:51:29,SOLUSDT,bid,145,5091.894
2024-08-28 07:51:31,SOLUSDT,bid,136,8048.569
2024-08-28 07:51:31,SOLUSDT,bid,122,4243.827
2024-08-28 07:51:32,SOLUSDT,bid,110,20728.328
2024-08-28 07:51:33,SOLUSDT,bid,142,4913.1
2024-08-28 07:51:37,SOLUSDT,ask,147,4016.513
2024-08-28 07:51:38,SOLUSDT,bid,120,16308.535
2024-08-28 07:51:43,SOLUSDT,bid,142,4923.1
2024-08-28 07:51:52,SOLUSDT,ask,160,6342.922
2024-08-28 07:51:58,SOLUSDT,bid,145,5075.551
2024-08-28 07:51:58,SOLUSDT,bid,120,16308.685
2024-08-28 07:52:04,SOLUSDT,bid,118,4991.583
2024-08-28 07:52:07,SOLUSDT,ask,147,4018.018
2024-08-28 07:52:13,SOLUSDT,bid,140,17231.862
2024-08-28 07:52:22,SOLUSDT,ask,147,4016.513
2024-08-28 07:52:23,SOLUSDT,bid,130,12866.19
2024-08-28 07:52:34,SOLUSDT,bid,125,11507.727
2024-08-28 07:52:36,SOLUSDT,bid,137,6677.594
2024-08-28 07:52:56,SOLUSDT,bid,141,3871.263
2024-08-28 07:53:00,SOLUSDT,bid,140,17237.862
2024-08-28 07:53:04,SOLUSDT,bid,145,5073.551
2024-08-28 07:53:04,SOLUSDT,bid,122,4243.754
2024-08-28 07:53:06,SOLUSDT,bid,125,11508.731
2024-08-28 07:53:09,SOLUSDT,ask,184,3937.404
2024-08-28 07:53:09,SOLUSDT,ask,195,13398.003
2024-08-28 07:53:09,SOLUSDT,bid,135,10856.002
2024-08-28 07:53:15,SOLUSDT,bid,120,16309.899
2024-08-28 07:53:17,SOLUSDT,bid,145,5074.917
2024-08-28 07:53:18,SOLUSDT,bid,137,6679.915
2024-08-28 07:53:23,SOLUSDT,bid,110,20734.691
2024-08-28 07:53:23,SOLUSDT,bid,140,17241.433
2024-08-28 07:53:25,SOLUSDT,bid,145,5075.017
2024-08-28 07:53:27,SOLUSDT,bid,145,5085.017
2024-08-28 07:53:29,SOLUSDT,bid,145,3816.779
2024-08-28 07:53:32,SOLUSDT,bid,143,28922.015
2024-08-28 07:53:34,SOLUSDT,bid,145,3816.779
2024-08-28 07:53:34,SOLUSDT,bid,145,3816.779
2024-08-28 07:53:35,SOLUSDT,bid,145,3816.948
2024-08-28 07:53:35,SOLUSDT,bid,145,3816.946
2024-08-28 07:53:36,SOLUSDT,bid,145,3817.116
2024-08-28 07:53:36,SOLUSDT,bid,145,3816.779
2024-08-28 07:53:43,SOLUSDT,ask,160,6327.922
2024-08-28 07:53:46,SOLUSDT,bid,145,3816.779
2024-08-28 07:53:47,SOLUSDT,bid,145,3816.779
2024-08-28 07:53:47,SOLUSDT,bid,145,3816.949
2024-08-28 07:53:47,SOLUSDT,bid,145,3816.779
2024-08-28 07:53:51,SOLUSDT,bid,135,10855.802
2024-08-28 07:53:52,SOLUSDT,bid,145,3818.284
2024-08-28 07:54:01,SOLUSDT,bid,145,3818.482
2024-08-28 07:54:01,SOLUSDT,bid,145,3818.284
2024-08-28 07:54:01,SOLUSDT,bid,145,3818.477
2024-08-28 07:54:01,SOLUSDT,bid,145,3818.284
2024-08-28 07:54:02,SOLUSDT,bid,145,3818.284
2024-08-28 07:54:02,SOLUSDT,bid,145,3818.284
2024-08-28 07:54:04,SOLUSDT,ask,165,15594.642
2024-08-28 07:54:05,SOLUSDT,bid,145,5082.017
2024-08-28 07:54:07,SOLUSDT,bid,145,3816.779
2024-08-28 07:54:09,SOLUSDT,bid,142,4927.1
2024-08-28 07:54:14,SOLUSDT,bid,142,4920.755
2024-08-28 07:54:16,SOLUSDT,bid,145,5083.017
2024-08-28 07:54:22,SOLUSDT,bid,140,17251.433
2024-08-28 07:54:24,SOLUSDT,bid,125,11509.731
2024-08-28 07:54:26,SOLUSDT,bid,145,3816.779
2024-08-28 07:54:27,SOLUSDT,bid,133,6251.234
2024-08-28 07:54:36,SOLUSDT,ask,180,19474.463
2024-08-28 07:54:36,SOLUSDT,ask,200,44358.981
2024-08-28 07:54:37,SOLUSDT,bid,145,3817.531
2024-08-28 07:54:38,SOLUSDT,bid,145,5088.017
2024-08-28 07:54:38,SOLUSDT,bid,145,3751.168
2024-08-28 07:54:44,SOLUSDT,bid,130,12866.959
2024-08-28 07:54:45,SOLUSDT,bid,145,3928.651
2024-08-28 07:54:50,SOLUSDT,bid,145,3751.168
2024-08-28 07:54:50,SOLUSDT,bid,130,12866.19
2024-08-28 07:54:53,SOLUSDT,bid,145,5088.887
2024-08-28 07:54:55,SOLUSDT,bid,135,10855.062
2024-08-28 07:54:57,SOLUSDT,bid,145,5078.887
2024-08-28 07:55:03,SOLUSDT,ask,147,3736.913
2024-08-28 07:55:10,SOLUSDT,bid,145,5078.349
2024-08-28 07:55:11,SOLUSDT,bid,143,28921.015
2024-08-28 07:55:14,SOLUSDT,bid,141,3871.972
2024-08-28 07:55:18,SOLUSDT,bid,143,28922.021
2024-08-28 07:55:19,SOLUSDT,bid,145,5073.826
2024-08-28 07:55:20,SOLUSDT,bid,140,17251.876
2024-08-28 07:55:21,SOLUSDT,bid,138,5212.109
2024-08-28 07:55:22,SOLUSDT,bid,138,5215.152
2024-08-28 07:55:23,SOLUSDT,bid,135,10860.062
2024-08-28 07:55:26,SOLUSDT,bid,138,5216.152
2024-08-28 07:55:30,SOLUSDT,bid,140,17251.839
2024-08-28 07:55:30,SOLUSDT,bid,143,28926.607
2024-08-28 07:55:31,SOLUSDT,bid,145,5072.638
2024-08-28 07:55:32,SOLUSDT,bid,142,4921.266
2024-08-28 07:55:34,SOLUSDT,bid,145,5070.638
2024-08-28 07:55:39,SOLUSDT,bid,145,5070.363
2024-08-28 07:55:41,SOLUSDT,bid,136,8049.569
2024-08-28 07:55:42,SOLUSDT,bid,143,28926.956
2024-08-28 07:55:43,SOLUSDT,bid,136,8050.569
2024-08-28 07:55:44,SOLUSDT,bid,120,16310.399
2024-08-28 07:55:47,SOLUSDT,bid,136,8000.569
2024-08-28 07:55:47,SOLUSDT,bid,110,20729.989
2024-08-28 07:55:50,SOLUSDT,bid,145,5069.363
2024-08-28 07:55:59,SOLUSDT,bid,145,5072.381
2024-08-28 07:56:01,SOLUSDT,bid,140,17252.124
2024-08-28 07:56:03,SOLUSDT,bid,144,3837.158
2024-08-28 07:56:03,SOLUSDT,ask,147,3698.894
2024-08-28 07:56:03,SOLUSDT,bid,135,10910.062
2024-08-28 07:56:05,SOLUSDT,bid,144,3666.469
2024-08-28 07:56:08,SOLUSDT,bid,115,17102.856
2024-08-28 07:56:17,SOLUSDT,bid,140,17252.384
2024-08-28 07:56:23,SOLUSDT,bid,145,5072.449
2024-08-28 07:56:24,SOLUSDT,bid,137,6680.279
2024-08-28 07:56:29,SOLUSDT,bid,130,12863.19
2024-08-28 07:56:33,SOLUSDT,bid,140,17252.526
2024-08-28 07:56:36,SOLUSDT,bid,145,5071.449
2024-08-28 07:56:38,SOLUSDT,bid,135,10905.062
2024-08-28 07:56:39,SOLUSDT,bid,143,28927.13
2024-08-28 07:56:43,SOLUSDT,bid,141,3836.188
2024-08-28 07:56:47,SOLUSDT,bid,145,5071.449
2024-08-28 07:56:48,SOLUSDT,bid,141,3837.188
2024-08-28 07:56:49,SOLUSDT,bid,145,5071.449
2024-08-28 07:56:49,SOLUSDT,bid,145,5071.305
2024-08-28 07:56:49,SOLUSDT,bid,142,4921.41
2024-08-28 07:56:50,SOLUSDT,bid,145,5071.633
2024-08-28 07:56:51,SOLUSDT,bid,145,5071.305
2024-08-28 07:56:51,SOLUSDT,ask,165,15594.339
2024-08-28 07:56:53,SOLUSDT,bid,145,5071.501
2024-08-28 07:56:53,SOLUSDT,bid,145,5071.305
2024-08-28 07:56:53,SOLUSDT,ask,190,21563.912
2024-08-28 07:56:54,SOLUSDT,bid,145,5071.473
2024-08-28 07:56:54,SOLUSDT,bid,145,5071.305
2024-08-28 07:56:59,SOLUSDT,bid,130,12862.415
2024-08-28 07:57:01,SOLUSDT,bid,115,17102.389
2024-08-28 07:57:04,SOLUSDT,bid,135,10910.062
2024-08-28 07:57:04,SOLUSDT,ask,184,3936.99
2024-08-28 07:57:07,SOLUSDT,bid,145,5065.305
2024-08-28 07:57:07,SOLUSDT,bid,140,17253.526
2024-08-28 07:57:10,SOLUSDT,bid,144,3659.621
2024-08-28 07:57:10,SOLUSDT,ask,170,11138.314
2024-08-28 07:57:16,SOLUSDT,bid,133,6289.17
2024-08-28 07:57:19,SOLUSDT,bid,145,5065.383
2024-08-28 07:57:19,SOLUSDT,bid,141,3840.444
2024-08-28 07:57:21,SOLUSDT,bid,144,3666.469
2024-08-28 07:57:21,SOLUSDT,bid,130,12862.031
2024-08-28 07:57:23,SOLUSDT,bid,136,7999.569
2024-08-28 07:57:29,SOLUSDT,bid,145,5065.039
2024-08-28 07:57:38,SOLUSDT,bid,115,17102.823
2024-08-28 07:57:41,SOLUSDT,bid,144,3659.621
2024-08-28 07:57:44,SOLUSDT,bid,145,5886.381
2024-08-28 07:57:45,SOLUSDT,bid,135,10913.99
2024-08-28 07:57:52,SOLUSDT,bid,145,5922.762
2024-08-28 07:57:52,SOLUSDT,bid,140,17253.568
2024-08-28 07:57:53,SOLUSDT,bid,145,5926.21
2024-08-28 07:57:56,SOLUSDT,bid,145,5890.83
2024-08-28 07:58:00,SOLUSDT,ask,160,6348.202
2024-08-28 07:58:03,SOLUSDT,bid,144,3837.312
2024-08-28 07:58:05,SOLUSDT,ask,160,6348.616
2024-08-28 07:58:06,SOLUSDT,bid,145,5069.488
2024-08-28 07:58:06,SOLUSDT,bid,144,3659.621
2024-08-28 07:58:09,SOLUSDT,bid,136,8000.049
2024-08-28 07:58:16,SOLUSDT,bid,144,3666.469
2024-08-28 07:58:16,SOLUSDT,bid,137,6702.176
2024-08-28 07:58:17,SOLUSDT,bid,140,17253.791
2024-08-28 07:58:17,SOLUSDT,bid,100,23761.046
2024-08-28 07:58:25,SOLUSDT,bid,144,3659.621
2024-08-28 07:58:27,SOLUSDT,ask,162,7779.017
2024-08-28 07:58:27,SOLUSDT,bid,145,5100.137
2024-08-28 07:58:37,SOLUSDT,bid,140,17248.405
2024-08-28 07:58:48,SOLUSDT,bid,145,5101.388
2024-08-28 07:58:58,SOLUSDT,bid,138,5219.394
2024-08-28 07:58:58,SOLUSDT,bid,135,10919.717
2024-08-28 07:59:05,SOLUSDT,ask,160,6348.973
2024-08-28 07:59:06,SOLUSDT,bid,145,5091.41
2024-08-28 07:59:08,SOLUSDT,bid,144,3666.469
2024-08-28 07:59:08,SOLUSDT,bid,145,4424.607
2024-08-28 07:59:08,SOLUSDT,bid,143,28929.532
2024-08-28 07:59:13,SOLUSDT,bid,145,4426.607
2024-08-28 07:59:14,SOLUSDT,bid,140,17247.905
2024-08-28 07:59:14,SOLUSDT,bid,130,12861.531
2024-08-28 07:59:14,SOLUSDT,ask,160,6348.863
2024-08-28 07:59:14,SOLUSDT,ask,192,3245.437
2024-08-28 07:59:17,SOLUSDT,bid,144,3659.621
2024-08-28 07:59:24,SOLUSDT,ask,180,19474.609
2024-08-28 07:59:30,SOLUSDT,bid,145,4426.557
2024-08-28 07:59:31,SOLUSDT,bid,110,20727.353
2024-08-28 07:59:33,SOLUSDT,bid,145,4426.457
2024-08-28 07:59:36,SOLUSDT,bid,144,3666.47
2024-08-28 07:59:36,SOLUSDT,bid,144,3659.621
2024-08-28 07:59:45,SOLUSDT,bid,145,4429.665
2024-08-28 07:59:45,SOLUSDT,bid,144,3666.471
2024-08-28 07:59:46,SOLUSDT,bid,121,5903.824
2024-08-28 07:59:48,SOLUSDT,bid,111,10231.616
2024-08-28 07:59:51,SOLUSDT,bid,145,4429.882
2024-08-28 07:59:52,SOLUSDT,bid,140,17247.976
2024-08-28 07:59:55,SOLUSDT,bid,140,17248.476
2024-08-28 07:59:56,SOLUSDT,bid,130,12857.685
2024-08-28 08:00:00,SOLUSDT,bid,144,3659.621
2024-08-28 08:00:04,SOLUSDT,bid,142,4918.12
2024-08-28 08:00:08,SOLUSDT,bid,110,20710.771
2024-08-28 08:00:10,SOLUSDT,bid,144,3666.468
2024-08-28 08:00:11,SOLUSDT,bid,141,3835.644
2024-08-28 08:00:19,SOLUSDT,bid,138,5219.763
2024-08-28 08:00:22,SOLUSDT,bid,144,3659.621
2024-08-28 08:00:22,SOLUSDT,bid,140,17248.253
2024-08-28 08:00:23,SOLUSDT,bid,143,28223.107
2024-08-28 08:00:26,SOLUSDT,bid,121,5908.824
2024-08-28 08:00:28,SOLUSDT,bid,125,11503.13
2024-08-28 08:00:30,SOLUSDT,bid,140,17251.59
2024-08-28 08:00:36,SOLUSDT,bid,145,4428.791
2024-08-28 08:00:41,SOLUSDT,bid,115,17107.823
2024-08-28 08:00:44,SOLUSDT,bid,143,28226.603
2024-08-28 08:00:49,SOLUSDT,bid,145,4429.342
2024-08-28 08:00:51,SOLUSDT,bid,145,4429.125
2024-08-28 08:00:51,SOLUSDT,bid,143,28226.82
2024-08-28 08:00:51,SOLUSDT,bid,110,20715.771
2024-08-28 08:00:54,SOLUSDT,bid,143,28227.926
2024-08-28 08:00:57,SOLUSDT,bid,145,4627.285
2024-08-28 08:01:04,SOLUSDT,ask,160,6348.953
2024-08-28 08:01:04,SOLUSDT,bid,135,10920.797
2024-08-28 08:01:04,SOLUSDT,bid,100,23771.046
2024-08-28 08:01:06,SOLUSDT,bid,144,3666.47
2024-08-28 08:01:06,SOLUSDT,bid,138,5225.013
2024-08-28 08:01:19,SOLUSDT,bid,140,17265.875
2024-08-28 08:01:20,SOLUSDT,bid,143,28228.485
2024-08-28 08:01:23,SOLUSDT,bid,130,12855.421
2024-08-28 08:01:25,SOLUSDT,bid,144,3659.621
2024-08-28 08:01:25,SOLUSDT,bid,140,17268.267
2024-08-28 08:01:31,SOLUSDT,bid,145,4627.355
2024-08-28 08:01:36,SOLUSDT,bid,140,17253.982
2024-08-28 08:01:37,SOLUSDT,bid,141,3835.574
2024-08-28 08:01:37,SOLUSDT,bid,142,4918.683
2024-08-28 08:01:38,SOLUSDT,bid,145,4624.252
2024-08-28 08:01:38,SOLUSDT,bid,143,28226.388
2024-08-28 08:01:40,SOLUSDT,bid,140,16014.415
2024-08-28 08:01:41,SOLUSDT,bid,110,20718.447
2024-08-28 08:01:46,SOLUSDT,bid,140,16014.778
2024-08-28 08:01:46,SOLUSDT,bid,143,28228.507
2024-08-28 08:01:46,SOLUSDT,bid,140,16012.613
2024-08-28 08:01:52,SOLUSDT,bid,145,4625.011
2024-08-28 08:02:00,SOLUSDT,bid,115,17107.389
2024-08-28 08:02:05,SOLUSDT,bid,145,4626.011
2024-08-28 08:02:08,SOLUSDT,bid,80,14363.192
2024-08-28 08:02:12,SOLUSDT,bid,120,16308.399
2024-08-28 08:02:19,SOLUSDT,bid,143,28231.926
2024-08-28 08:02:21,SOLUSDT,bid,110,20712.084
2024-08-28 08:02:22,SOLUSDT,bid,136,8000.91
2024-08-28 08:02:23,SOLUSDT,bid,138,5212.136
2024-08-28 08:02:26,SOLUSDT,bid,143,28232.926
2024-08-28 08:02:26,SOLUSDT,bid,135,10921.173
2024-08-28 08:02:35,SOLUSDT,bid,130,12869.093
2024-08-28 08:02:41,SOLUSDT,bid,145,4633.011
2024-08-28 08:02:51,SOLUSDT,bid,130,12869.154
2024-08-28 08:02:52,SOLUSDT,bid,145,4632.841
2024-08-28 08:02:55,SOLUSDT,bid,143,28229.507
2024-08-28 08:03:06,SOLUSDT,bid,130,12869.553
2024-08-28 08:03:17,SOLUSDT,bid,140,16010.471
2024-08-28 08:03:17,SOLUSDT,bid,130,12848.489
2024-08-28 08:03:18,SOLUSDT,bid,111,10296.651
2024-08-28 08:03:18,SOLUSDT,bid,115,17109.035
2024-08-28 08:03:20,SOLUSDT,bid,143,28224.124
2024-08-28 08:03:21,SOLUSDT,bid,145,4622.662
2024-08-28 08:03:39,SOLUSDT,bid,143,28224.187
2024-08-28 08:03:42,SOLUSDT,bid,136,7999.708
2024-08-28 08:03:45,SOLUSDT,bid,144,3666.469
2024-08-28 08:03:47,SOLUSDT,bid,135,10921.247
2024-08-28 08:03:52,SOLUSDT,bid,144,3844.16
2024-08-28 08:03:55,SOLUSDT,bid,144,3666.469
2024-08-28 08:03:59,SOLUSDT,bid,115,17209.035
2024-08-28 08:04:01,SOLUSDT,bid,120,16309.236
2024-08-28 08:04:05,SOLUSDT,ask,170,11125.576
2024-08-28 08:04:07,SOLUSDT,bid,120,16311.27
2024-08-28 08:04:07,SOLUSDT,bid,145,4619.644
2024-08-28 08:04:16,SOLUSDT,bid,145,4620.678
2024-08-28 08:04:17,SOLUSDT,bid,140,16010.421
2024-08-28 08:04:17,SOLUSDT,bid,143,28224.124
2024-08-28 08:04:19,SOLUSDT,bid,142,4919.383
2024-08-28 08:04:20,SOLUSDT,bid,144,3659.621
2024-08-28 08:04:27,SOLUSDT,bid,135,10921.987
2024-08-28 08:04:29,SOLUSDT,bid,138,5212.353
2024-08-28 08:04:32,SOLUSDT,bid,110,20712.667
2024-08-28 08:04:36,SOLUSDT,ask,250,17909.217
2024-08-28 08:04:41,SOLUSDT,bid,111,10309.206
2024-08-28 08:04:43,SOLUSDT,bid,115,17197.54
2024-08-28 08:04:45,SOLUSDT,bid,145,4570.678
2024-08-28 08:04:50,SOLUSDT,bid,138,5248.586
2024-08-28 08:04:54,SOLUSDT,ask,165,15594.769
2024-08-28 08:04:55,SOLUSDT,bid,138,5212.353
2024-08-28 08:04:57,SOLUSDT,ask,220,10691.828
2024-08-28 08:05:00,SOLUSDT,bid,120,16319.603
2024-08-28 08:05:06,SOLUSDT,bid,143,28223.989
2024-08-28 08:05:06,SOLUSDT,bid,142,4919.518
2024-08-28 08:05:07,SOLUSDT,bid,145,4540.029
2024-08-28 08:05:08,SOLUSDT,bid,143,28209.855
2024-08-28 08:05:13,SOLUSDT,ask,300,9587.06
2024-08-28 08:05:14,SOLUSDT,bid,110,20723.576
2024-08-28 08:05:34,SOLUSDT,bid,140,16011.135
2024-08-28 08:05:34,SOLUSDT,bid,136,8000.443
2024-08-28 08:05:38,SOLUSDT,bid,135,10921.247
2024-08-28 08:05:41,SOLUSDT,bid,138,5213.123
2024-08-28 08:05:46,SOLUSDT,bid,140,16012.563
2024-08-28 08:05:49,SOLUSDT,bid,135,10922.247
2024-08-28 08:05:53,SOLUSDT,bid,141,3849.758
2024-08-28 08:05:56,SOLUSDT,ask,185,14384.979
2024-08-28 08:05:58,SOLUSDT,bid,133,6296.688
2024-08-28 08:06:04,SOLUSDT,bid,140,16016.798
2024-08-28 08:06:05,SOLUSDT,bid,143,28210.855
2024-08-28 08:06:19,SOLUSDT,bid,90,8931.305
2024-08-28 08:06:19,SOLUSDT,bid,80,14362.192
2024-08-28 08:06:20,SOLUSDT,bid,143,28194.772
2024-08-28 08:06:25,SOLUSDT,bid,145,4540.097
2024-08-28 08:06:26,SOLUSDT,ask,160,6368.953
2024-08-28 08:06:29,SOLUSDT,bid,142,4919.138
2024-08-28 08:06:34,SOLUSDT,bid,145,4555.097
2024-08-28 08:06:34,SOLUSDT,bid,142,4920.138
2024-08-28 08:06:38,SOLUSDT,ask,160,6348.973
2024-08-28 08:06:40,SOLUSDT,bid,144,3674.621
2024-08-28 08:06:47,SOLUSDT,bid,140,16017.869
2024-08-28 08:06:49,SOLUSDT,bid,143,28195.121
2024-08-28 08:06:58,SOLUSDT,bid,140,16018.869
2024-08-28 08:07:00,SOLUSDT,ask,210,24204.635
2024-08-28 08:07:02,SOLUSDT,bid,139,8023.672
2024-08-28 08:07:02,SOLUSDT,bid,135,10924.207
2024-08-28 08:07:02,SOLUSDT,bid,140,15731.972
2024-08-28 08:07:04,SOLUSDT,bid,135,10927.207
2024-08-28 08:07:05,SOLUSDT,bid,139,8025.47
2024-08-28 08:07:06,SOLUSDT,ask,175,7379.091
2024-08-28 08:07:06,SOLUSDT,bid,145,4555.78
2024-08-28 08:07:07,SOLUSDT,bid,140,15730.901
2024-08-28 08:07:11,SOLUSDT,bid,131,9184.009
2024-08-28 08:07:11,SOLUSDT,bid,145,4556.78
2024-08-28 08:07:14,SOLUSDT,bid,80,14313.986
2024-08-28 08:07:17,SOLUSDT,bid,130,12850.412
2024-08-28 08:07:17,SOLUSDT,bid,136,8167.541
2024-08-28 08:07:21,SOLUSDT,bid,145,4556.629
2024-08-28 08:07:23,SOLUSDT,bid,111,10300.197
2024-08-28 08:07:25,SOLUSDT,bid,144,3681.469
2024-08-28 08:07:26,SOLUSDT,bid,145,4558.629
2024-08-28 08:07:27,SOLUSDT,bid,140,15727.564
2024-08-28 08:07:28,SOLUSDT,bid,145,4555.181
2024-08-28 08:07:30,SOLUSDT,bid,145,4555.318
2024-08-28 08:07:32,SOLUSDT,bid,145,4555.24
2024-08-28 08:07:33,SOLUSDT,bid,115,17198.418
2024-08-28 08:07:34,SOLUSDT,bid,145,4522.042
2024-08-28 08:07:36,SOLUSDT,ask,162,7775.083
2024-08-28 08:07:41,SOLUSDT,ask,300,9581.562
2024-08-28 08:07:47,SOLUSDT,bid,138,5216.508
2024-08-28 08:07:55,SOLUSDT,bid,145,4535.145
2024-08-28 08:07:57,SOLUSDT,ask,146,3558.928
2024-08-28 08:07:57,SOLUSDT,ask,146,3548.112
2024-08-28 08:07:58,SOLUSDT,ask,146,3560.029
2024-08-28 08:08:00,SOLUSDT,ask,146,3556.604
2024-08-28 08:08:06,SOLUSDT,bid,120,16310.079
2024-08-28 08:08:11,SOLUSDT,bid,142,4919.802
2024-08-28 08:08:14,SOLUSDT,ask,146,3454.425
2024-08-28 08:08:14,SOLUSDT,ask,146,3449.325
2024-08-28 08:08:15,SOLUSDT,ask,146,3434.794
2024-08-28 08:08:15,SOLUSDT,ask,146,3435.478
2024-08-28 08:08:18,SOLUSDT,ask,175,7388.091
2024-08-28 08:08:20,SOLUSDT,bid,143,28195.655
2024-08-28 08:08:23,SOLUSDT,ask,146,3454.282
2024-08-28 08:08:25,SOLUSDT,bid,105,8539.985
2024-08-28 08:08:27,SOLUSDT,bid,125,11504.068
2024-08-28 08:08:28,SOLUSDT,bid,145,4535.815
2024-08-28 08:08:30,SOLUSDT,ask,146,3481.253
2024-08-28 08:08:30,SOLUSDT,bid,120,16319.603
2024-08-28 08:08:37,SOLUSDT,bid,135,10926.207
2024-08-28 08:08:39,SOLUSDT,bid,140,15727.525
2024-08-28 08:08:43,SOLUSDT,bid,142,4911.95
2024-08-28 08:08:47,SOLUSDT,bid,140,15728.525
2024-08-28 08:08:49,SOLUSDT,bid,143,28195.691
2024-08-28 08:08:50,SOLUSDT,bid,120,16320.436
2024-08-28 08:08:58,SOLUSDT,bid,120,16329.727
2024-08-28 08:08:58,SOLUSDT,bid,145,4536.021
2024-08-28 08:08:58,SOLUSDT,bid,140,15728.596
2024-08-28 08:08:59,SOLUSDT,bid,137,6699.535
2024-08-28 08:09:01,SOLUSDT,bid,120,16330.127
2024-08-28 08:09:05,SOLUSDT,bid,115,17196.772
2024-08-28 08:09:05,SOLUSDT,bid,137,6703.453
2024-08-28 08:09:05,SOLUSDT,ask,146,3680.619
2024-08-28 08:09:05,SOLUSDT,ask,146,3661.24
2024-08-28 08:09:08,SOLUSDT,bid,130,12849.964
2024-08-28 08:09:10,SOLUSDT,ask,147,3698.949
2024-08-28 08:09:11,SOLUSDT,bid,145,4535.677
2024-08-28 08:09:11,SOLUSDT,bid,143,28195.202
2024-08-28 08:09:12,SOLUSDT,bid,145,4535.54
2024-08-28 08:09:19,SOLUSDT,bid,110,20723.758
2024-08-28 08:09:20,SOLUSDT,bid,144,3674.621
2024-08-28 08:09:20,SOLUSDT,ask,180,19474.332
2024-08-28 08:09:35,SOLUSDT,bid,140,15731.862
2024-08-28 08:09:39,SOLUSDT,ask,180,19501.543
2024-08-28 08:09:41,SOLUSDT,bid,90,8931.366
2024-08-28 08:09:41,SOLUSDT,bid,144,3681.469
2024-08-28 08:09:53,SOLUSDT,bid,135,10926.162
2024-08-28 08:09:57,SOLUSDT,bid,145,4550.418
2024-08-28 08:10:05,SOLUSDT,ask,160,6349.348
2024-08-28 08:10:13,SOLUSDT,bid,138,5226.508
2024-08-28 08:10:14,SOLUSDT,bid,140,15732.219
2024-08-28 08:10:19,SOLUSDT,bid,130,12850.964
2024-08-28 08:10:19,SOLUSDT,ask,160,6349.402
2024-08-28 08:10:30,SOLUSDT,bid,140,15733.219
2024-08-28 08:10:31,SOLUSDT,bid,120,16385.872
2024-08-28 08:10:37,SOLUSDT,bid,135,10927.162
2024-08-28 08:10:40,SOLUSDT,bid,143,28205.826
2024-08-28 08:10:40,SOLUSDT,bid,142,4925.529
2024-08-28 08:10:42,SOLUSDT,bid,137,6653.453
2024-08-28 08:10:44,SOLUSDT,bid,133,6939.188
2024-08-28 08:10:49,SOLUSDT,bid,145,4550.495
2024-08-28 08:10:57,SOLUSDT,bid,130,12851.733
2024-08-28 08:10:57,SOLUSDT,bid,145,4550.667
2024-08-28 08:10:58,SOLUSDT,bid,145,4550.495
2024-08-28 08:10:58,SOLUSDT,bid,145,4550.657
2024-08-28 08:10:58,SOLUSDT,bid,145,4550.495
2024-08-28 08:11:02,SOLUSDT,bid,100,23790.328
2024-08-28 08:11:03,SOLUSDT,bid,145,4547.094
2024-08-28 08:11:03,SOLUSDT,bid,145,4549.838
2024-08-28 08:11:03,SOLUSDT,ask,160,6349.902
2024-08-28 08:11:03,SOLUSDT,bid,136,8167.941
2024-08-28 08:11:04,SOLUSDT,bid,143,28335.196
2024-08-28 08:11:04,SOLUSDT,bid,140,15736.79
2024-08-28 08:11:06,SOLUSDT,bid,125,11504.436
2024-08-28 08:11:08,SOLUSDT,bid,144,3681.469
2024-08-28 08:11:08,SOLUSDT,bid,140,15738.79
2024-08-28 08:11:10,SOLUSDT,ask,163,4326.357
2024-08-28 08:11:11,SOLUSDT,bid,145,4547.094
2024-08-28 08:11:13,SOLUSDT,bid,145,4562.094
2024-08-28 08:11:13,SOLUSDT,bid,145,4547.094
2024-08-28 08:11:17,SOLUSDT,bid,140,15739.865
2024-08-28 08:11:19,SOLUSDT,bid,136,8171.233
2024-08-28 08:11:23,SOLUSDT,bid,140,15734.865
2024-08-28 08:11:23,SOLUSDT,bid,135,10932.162
2024-08-28 08:11:24,SOLUSDT,bid,142,4875.529
2024-08-28 08:11:25,SOLUSDT,bid,145,4547.094
2024-08-28 08:11:25,SOLUSDT,bid,145,4547.094
2024-08-28 08:11:27,SOLUSDT,bid,145,4547.094
2024-08-28 08:11:27,SOLUSDT,bid,145,4547.261
2024-08-28 08:11:28,SOLUSDT,bid,130,12852.733
2024-08-28 08:11:28,SOLUSDT,bid,145,4547.094
2024-08-28 08:11:28,SOLUSDT,bid,145,4532.216
2024-08-28 08:11:29,SOLUSDT,bid,145,4530.492
2024-08-28 08:11:29,SOLUSDT,ask,165,15593.77
2024-08-28 08:11:34,SOLUSDT,bid,131,9316.832
2024-08-28 08:11:34,SOLUSDT,bid,145,4531.871
2024-08-28 08:11:37,SOLUSDT,bid,145,4532.064
2024-08-28 08:11:37,SOLUSDT,bid,145,4531.871
2024-08-28 08:11:40,SOLUSDT,bid,133,6916.632
2024-08-28 08:11:41,SOLUSDT,bid,145,4532.905
2024-08-28 08:11:41,SOLUSDT,bid,145,4533.085
2024-08-28 08:11:41,SOLUSDT,bid,145,4532.905
2024-08-28 08:11:42,SOLUSDT,bid,145,4532.905
2024-08-28 08:11:42,SOLUSDT,bid,145,4532.905
2024-08-28 08:11:45,SOLUSDT,ask,160,6353.148
2024-08-28 08:11:47,SOLUSDT,bid,145,4534.41
2024-08-28 08:11:51,SOLUSDT,bid,140,15734.778
2024-08-28 08:11:54,SOLUSDT,ask,162,7779.488
2024-08-28 08:11:56,SOLUSDT,bid,90,8931.477
2024-08-28 08:11:57,SOLUSDT,bid,120,16405.872
2024-08-28 08:12:00,SOLUSDT,bid,145,4534.41
2024-08-28 08:12:00,SOLUSDT,bid,130,12852.55
2024-08-28 08:12:02,SOLUSDT,bid,145,4532.905
2024-08-28 08:12:04,SOLUSDT,ask,163,4324.852
2024-08-28 08:12:05,SOLUSDT,bid,140,15738.349
2024-08-28 08:12:14,SOLUSDT,bid,122,4248.681
2024-08-28 08:12:17,SOLUSDT,bid,145,4533.657
2024-08-28 08:12:18,SOLUSDT,bid,145,4548.535
2024-08-28 08:12:18,SOLUSDT,bid,145,4350.375
2024-08-28 08:12:19,SOLUSDT,bid,145,4365.375
2024-08-28 08:12:20,SOLUSDT,bid,145,4350.375
2024-08-28 08:12:22,SOLUSDT,bid,140,15744.673
2024-08-28 08:12:23,SOLUSDT,bid,140,15825.832
2024-08-28 08:12:23,SOLUSDT,bid,143,28345.196
2024-08-28 08:12:24,SOLUSDT,bid,125,11502.436
2024-08-28 08:12:25,SOLUSDT,bid,143,28346.196
2024-08-28 08:12:25,SOLUSDT,bid,145,4350.375
2024-08-28 08:12:26,SOLUSDT,bid,120,16406.174
2024-08-28 08:12:29,SOLUSDT,bid,143,28349.813
2024-08-28 08:12:32,SOLUSDT,bid,145,4349.623
2024-08-28 08:12:37,SOLUSDT,bid,142,4876.254
2024-08-28 08:12:42,SOLUSDT,bid,145,4346.175
2024-08-28 08:12:47,SOLUSDT,bid,100,23799.128
2024-08-28 08:12:53,SOLUSDT,bid,143,28349.952
2024-08-28 08:12:53,SOLUSDT,bid,110,20715.638
2024-08-28 08:12:54,SOLUSDT,bid,138,5226.374
2024-08-28 08:12:59,SOLUSDT,bid,131,9330.964
2024-08-28 08:13:00,SOLUSDT,bid,100,23790.328
