2024-08-13 07:00:02,SOLUSDT,bid,138,16889.751
2024-08-13 07:00:05,SOLUSDT,bid,125,22037.443
2024-08-13 07:00:05,SOLUSDT,ask,150,11581.226
2024-08-13 07:00:26,SOLUSDT,ask,190,23445.524
2024-08-13 07:00:27,SOLUSDT,ask,150,11644.106
2024-08-13 07:00:29,SOLUSDT,bid,115,27079.587
2024-08-13 07:00:36,SOLUSDT,ask,150,11657.651
2024-08-13 07:00:36,SOLUSDT,bid,111,13855.423
2024-08-13 07:00:40,SOLUSDT,ask,200,44886.401
2024-08-13 07:00:41,SOLUSDT,ask,155,8093.013
2024-08-13 07:00:43,SOLUSDT,bid,110,27674.125
2024-08-13 07:00:46,SOLUSDT,ask,210,26028.235
2024-08-13 07:00:50,SOLUSDT,bid,135,22421.386
2024-08-13 07:01:09,SOLUSDT,bid,140,31888.408
2024-08-13 07:01:10,SOLUSDT,ask,160,12829.63
2024-08-13 07:01:12,SOLUSDT,bid,115,27075.24
2024-08-13 07:01:13,SOLUSDT,bid,135,22417.683
2024-08-13 07:01:24,SOLUSDT,ask,150,11660.248
2024-08-13 07:01:35,SOLUSDT,bid,140,31887.006
2024-08-13 07:01:36,SOLUSDT,bid,80,28959.069
2024-08-13 07:01:42,SOLUSDT,ask,165,15185.56
2024-08-13 07:01:58,SOLUSDT,bid,135,22399.936
2024-08-13 07:01:59,SOLUSDT,ask,155,8083.023
2024-08-13 07:02:20,SOLUSDT,bid,139,11670.553
2024-08-13 07:02:23,SOLUSDT,ask,155,8083.333
2024-08-13 07:02:23,SOLUSDT,bid,110,27674.2
2024-08-13 07:02:25,SOLUSDT,bid,125,22048.675
2024-08-13 07:02:25,SOLUSDT,bid,130,16851.308
2024-08-13 07:02:29,SOLUSDT,bid,130,16851.108
2024-08-13 07:02:29,SOLUSDT,ask,150,11660.596
2024-08-13 07:02:41,SOLUSDT,ask,155,8084.333
2024-08-13 07:02:54,SOLUSDT,ask,150,11658.453
2024-08-13 07:03:11,SOLUSDT,ask,150,11649.673
2024-08-13 07:03:14,SOLUSDT,ask,200,44886.326
2024-08-13 07:03:27,SOLUSDT,ask,155,8086.967
2024-08-13 07:03:32,SOLUSDT,ask,150,11650.006
2024-08-13 07:03:39,SOLUSDT,ask,155,8087.36
2024-08-13 07:03:47,SOLUSDT,bid,140,31886.461
2024-08-13 07:03:54,SOLUSDT,ask,160,12831.243
2024-08-13 07:03:56,SOLUSDT,bid,140,31887.461
2024-08-13 07:03:58,SOLUSDT,bid,130,16891.108
2024-08-13 07:04:03,SOLUSDT,bid,140,31887.961
2024-08-13 07:04:24,SOLUSDT,ask,180,24540.438
2024-08-13 07:04:24,SOLUSDT,bid,100,35893.58
2024-08-13 07:04:30,SOLUSDT,ask,150,11647.006
2024-08-13 07:04:35,SOLUSDT,bid,130,16883.416
2024-08-13 07:04:35,SOLUSDT,bid,125,22036.675
2024-08-13 07:04:41,SOLUSDT,ask,150,11647.421
2024-08-13 07:04:49,SOLUSDT,bid,140,31888.318
2024-08-13 07:05:00,SOLUSDT,ask,155,8094.8
2024-08-13 07:05:06,SOLUSDT,ask,155,8094.49
2024-08-13 07:05:08,SOLUSDT,ask,150,11803.15
2024-08-13 07:05:09,SOLUSDT,bid,100,35871.58
2024-08-13 07:05:12,SOLUSDT,bid,132,8342.825
2024-08-13 07:05:14,SOLUSDT,bid,139,11669.053
2024-08-13 07:05:18,SOLUSDT,bid,140,31885.318
2024-08-13 07:05:18,SOLUSDT,ask,150,11803.692
2024-08-13 07:05:19,SOLUSDT,bid,140,31885.818
2024-08-13 07:05:20,SOLUSDT,bid,118,8785.315
2024-08-13 07:05:21,SOLUSDT,bid,139,11667.053
2024-08-13 07:05:23,SOLUSDT,bid,118,8783.312
2024-08-13 07:05:24,SOLUSDT,bid,138,16886.751
2024-08-13 07:05:28,SOLUSDT,bid,133,8243.687
2024-08-13 07:05:30,SOLUSDT,ask,175,11300.346
2024-08-13 07:05:31,SOLUSDT,ask,165,15182.96
2024-08-13 07:05:33,SOLUSDT,bid,135,22397.936
2024-08-13 07:05:35,SOLUSDT,ask,250,17722.858
2024-08-13 07:05:36,SOLUSDT,bid,120,23365.791
2024-08-13 07:05:37,SOLUSDT,bid,120,23364.037
2024-08-13 07:05:37,SOLUSDT,bid,110,27674.125
2024-08-13 07:05:38,SOLUSDT,ask,165,15182.91
2024-08-13 07:05:39,SOLUSDT,bid,133,8241.687
2024-08-13 07:05:39,SOLUSDT,ask,150,11809.551
2024-08-13 07:05:42,SOLUSDT,bid,118,8789.998
2024-08-13 07:05:54,SOLUSDT,bid,130,16876.453
2024-08-13 07:05:55,SOLUSDT,bid,140,31876.79
2024-08-13 07:05:56,SOLUSDT,bid,140,31876.748
2024-08-13 07:05:57,SOLUSDT,bid,100,35893.58
2024-08-13 07:06:01,SOLUSDT,bid,130,16876.819
2024-08-13 07:06:09,SOLUSDT,bid,140,31875.748
2024-08-13 07:06:09,SOLUSDT,ask,150,11808.856
2024-08-13 07:06:14,SOLUSDT,bid,132,8345.825
2024-08-13 07:06:15,SOLUSDT,bid,115,27071.998
2024-08-13 07:06:19,SOLUSDT,ask,150,11809.748
2024-08-13 07:06:19,SOLUSDT,ask,150,11809.81
2024-08-13 07:06:20,SOLUSDT,bid,133,8243.687
2024-08-13 07:06:26,SOLUSDT,bid,111,13855.052
2024-08-13 07:06:28,SOLUSDT,ask,169,6020.996
2024-08-13 07:06:30,SOLUSDT,ask,155,8091.856
2024-08-13 07:06:31,SOLUSDT,bid,135,22397.98
2024-08-13 07:06:32,SOLUSDT,ask,162,6758.593
2024-08-13 07:06:32,SOLUSDT,bid,138,16902.676
2024-08-13 07:06:39,SOLUSDT,ask,150,11808.85
2024-08-13 07:06:42,SOLUSDT,bid,135,22399.98
2024-08-13 07:06:43,SOLUSDT,bid,140,31874.748
2024-08-13 07:06:52,SOLUSDT,bid,110,27729.983
2024-08-13 07:06:56,SOLUSDT,ask,150,11810.945
2024-08-13 07:06:57,SOLUSDT,ask,160,12826.726
2024-08-13 07:06:58,SOLUSDT,bid,140,31873.748
2024-08-13 07:07:02,SOLUSDT,bid,138,16905.676
2024-08-13 07:07:07,SOLUSDT,bid,139,11669.053
2024-08-13 07:07:14,SOLUSDT,bid,140,31876.748
2024-08-13 07:07:15,SOLUSDT,bid,139,11668.334
2024-08-13 07:07:18,SOLUSDT,ask,170,12753.121
2024-08-13 07:07:20,SOLUSDT,bid,125,22037.234
2024-08-13 07:07:30,SOLUSDT,bid,133,8227.996
2024-08-13 07:07:30,SOLUSDT,bid,125,22036.675
2024-08-13 07:07:35,SOLUSDT,bid,110,27730.618
2024-08-13 07:07:42,SOLUSDT,bid,141,7227.085
2024-08-13 07:07:44,SOLUSDT,bid,140,31877.748
2024-08-13 07:07:45,SOLUSDT,bid,139,11678.334
2024-08-13 07:07:46,SOLUSDT,bid,100,35889.793
2024-08-13 07:07:47,SOLUSDT,ask,165,15182.961
2024-08-13 07:07:52,SOLUSDT,ask,180,24540.238
2024-08-13 07:07:54,SOLUSDT,bid,135,22400.98
2024-08-13 07:08:01,SOLUSDT,ask,150,11811.945
2024-08-13 07:08:04,SOLUSDT,bid,140,31876.748
2024-08-13 07:08:04,SOLUSDT,bid,135,22399.98
2024-08-13 07:08:05,SOLUSDT,bid,130,16875.183
2024-08-13 07:08:06,SOLUSDT,bid,125,21981.85
2024-08-13 07:08:10,SOLUSDT,bid,130,16875.061
2024-08-13 07:08:10,SOLUSDT,ask,155,8092.856
2024-08-13 07:08:12,SOLUSDT,ask,180,24541.215
2024-08-13 07:08:17,SOLUSDT,ask,158,13402.121
2024-08-13 07:08:24,SOLUSDT,ask,160,12827.726
2024-08-13 07:08:27,SOLUSDT,bid,110,27730.695
2024-08-13 07:08:35,SOLUSDT,bid,132,8340.522
2024-08-13 07:08:36,SOLUSDT,bid,140,31874.748
2024-08-13 07:08:46,SOLUSDT,ask,155,8093.052
2024-08-13 07:08:46,SOLUSDT,ask,163,6728.912
2024-08-13 07:08:51,SOLUSDT,bid,140,31864.164
2024-08-13 07:08:51,SOLUSDT,bid,139,11688.918
2024-08-13 07:09:13,SOLUSDT,ask,180,24551.247
2024-08-13 07:09:26,SOLUSDT,bid,138,16888.231
2024-08-13 07:09:27,SOLUSDT,ask,160,12827.657
2024-08-13 07:09:27,SOLUSDT,bid,120,23365.037
2024-08-13 07:09:30,SOLUSDT,ask,150,11813.979
2024-08-13 07:09:39,SOLUSDT,bid,90,20780.9
2024-08-13 07:09:44,SOLUSDT,bid,125,21981.446
2024-08-13 07:09:54,SOLUSDT,bid,90,20782.254
2024-08-13 07:09:54,SOLUSDT,ask,150,11814.36
2024-08-13 07:09:54,SOLUSDT,ask,162,6635.067
2024-08-13 07:09:58,SOLUSDT,ask,150,11808.501
2024-08-13 07:10:00,SOLUSDT,ask,150,11801.462
2024-08-13 07:10:09,SOLUSDT,bid,141,7390.205
2024-08-13 07:10:10,SOLUSDT,bid,140,31864.007
2024-08-13 07:10:15,SOLUSDT,ask,185,19511.078
2024-08-13 07:10:19,SOLUSDT,bid,133,8227.47
2024-08-13 07:10:27,SOLUSDT,bid,141,7390.131
2024-08-13 07:10:32,SOLUSDT,ask,200,44890.492
2024-08-13 07:10:33,SOLUSDT,bid,141,7389.881
2024-08-13 07:10:33,SOLUSDT,ask,150,11802.013
2024-08-13 07:10:36,SOLUSDT,ask,150,11802.889
2024-08-13 07:10:51,SOLUSDT,bid,115,27072.345
2024-08-13 07:10:57,SOLUSDT,bid,138,16875.819
2024-08-13 07:10:57,SOLUSDT,ask,160,12830.586
2024-08-13 07:10:59,SOLUSDT,bid,135,22449.98
2024-08-13 07:11:12,SOLUSDT,bid,130,16874.292
2024-08-13 07:11:13,SOLUSDT,bid,115,26872.059
2024-08-13 07:11:20,SOLUSDT,bid,139,11689.418
2024-08-13 07:11:21,SOLUSDT,ask,162,6639.067
2024-08-13 07:11:22,SOLUSDT,bid,132,8340.606
2024-08-13 07:11:23,SOLUSDT,bid,132,8340.69
2024-08-13 07:11:26,SOLUSDT,bid,138,16876.319
2024-08-13 07:11:39,SOLUSDT,ask,200,44891.491
2024-08-13 07:11:42,SOLUSDT,ask,155,8096.11
2024-08-13 07:11:51,SOLUSDT,bid,133,8237.055
2024-08-13 07:11:53,SOLUSDT,ask,150,11804.889
2024-08-13 07:11:53,SOLUSDT,bid,141,7390.181
2024-08-13 07:11:55,SOLUSDT,ask,150,11794.033
2024-08-13 07:11:57,SOLUSDT,ask,163,6844.656
2024-08-13 07:12:00,SOLUSDT,bid,140,31864.307
2024-08-13 07:12:04,SOLUSDT,bid,139,11700.139
2024-08-13 07:12:10,SOLUSDT,ask,170,12751.609
2024-08-13 07:12:10,SOLUSDT,bid,118,8791.981
2024-08-13 07:12:12,SOLUSDT,bid,118,8789.998
2024-08-13 07:12:12,SOLUSDT,ask,155,8096.953
2024-08-13 07:12:15,SOLUSDT,bid,141,7390.387
2024-08-13 07:12:27,SOLUSDT,bid,130,16878.613
2024-08-13 07:12:32,SOLUSDT,ask,150,11793.223
2024-08-13 07:12:44,SOLUSDT,ask,210,26028.087
2024-08-13 07:12:47,SOLUSDT,bid,138,16586.464
2024-08-13 07:12:50,SOLUSDT,bid,135,22449.855
2024-08-13 07:12:52,SOLUSDT,ask,155,8097.067
2024-08-13 07:12:52,SOLUSDT,bid,140,31864.421
2024-08-13 07:12:54,SOLUSDT,bid,141,7391.238
2024-08-13 07:12:55,SOLUSDT,ask,190,23569.05
2024-08-13 07:12:58,SOLUSDT,bid,141,7394.784
2024-08-13 07:13:03,SOLUSDT,ask,155,8092.658
2024-08-13 07:13:03,SOLUSDT,bid,138,16317.767
2024-08-13 07:13:06,SOLUSDT,ask,150,11779.531
2024-08-13 07:13:09,SOLUSDT,bid,133,8236.916
2024-08-13 07:13:18,SOLUSDT,ask,180,24552.681
2024-08-13 07:13:18,SOLUSDT,ask,155,8106.35
2024-08-13 07:13:34,SOLUSDT,ask,150,11782.534
2024-08-13 07:13:36,SOLUSDT,bid,130,16878.997
2024-08-13 07:13:39,SOLUSDT,bid,140,31865.676
2024-08-13 07:13:40,SOLUSDT,ask,150,11778.548
2024-08-13 07:13:41,SOLUSDT,bid,80,28976.069
2024-08-13 07:13:43,SOLUSDT,ask,160,12832.508
2024-08-13 07:13:48,SOLUSDT,ask,150,11778.975
2024-08-13 07:13:52,SOLUSDT,bid,139,11700.858
2024-08-13 07:14:06,SOLUSDT,ask,150,11796.919
2024-08-13 07:14:15,SOLUSDT,ask,155,8085.534
2024-08-13 07:14:16,SOLUSDT,ask,165,15179.502
2024-08-13 07:14:23,SOLUSDT,bid,135,22452.671
2024-08-13 07:14:32,SOLUSDT,ask,150,11803.295
2024-08-13 07:14:33,SOLUSDT,ask,150,11803.246
2024-08-13 07:14:33,SOLUSDT,ask,185,19513.911
2024-08-13 07:14:34,SOLUSDT,bid,130,16879.037
2024-08-13 07:14:35,SOLUSDT,ask,150,11803.295
2024-08-13 07:14:41,SOLUSDT,ask,175,11300.375
2024-08-13 07:14:43,SOLUSDT,ask,160,12831.509
2024-08-13 07:14:49,SOLUSDT,ask,190,23445.524
2024-08-13 07:14:54,SOLUSDT,ask,150,11802.447
2024-08-13 07:14:54,SOLUSDT,bid,120,23374.258
2024-08-13 07:15:05,SOLUSDT,ask,150,11803.446
2024-08-13 07:15:10,SOLUSDT,bid,138,16228.45
2024-08-13 07:15:18,SOLUSDT,bid,130,16878.265
2024-08-13 07:15:20,SOLUSDT,bid,140,31864.962
2024-08-13 07:15:43,SOLUSDT,ask,160,12825.223
2024-08-13 07:15:52,SOLUSDT,bid,111,13855.142
2024-08-13 07:15:52,SOLUSDT,bid,115,26862.744
2024-08-13 07:15:55,SOLUSDT,ask,180,24572.345
2024-08-13 07:15:56,SOLUSDT,ask,175,11508.853
2024-08-13 07:15:59,SOLUSDT,bid,140,31864.693
2024-08-13 07:15:59,SOLUSDT,bid,130,16877.171
2024-08-13 07:16:25,SOLUSDT,ask,150,11927.454
2024-08-13 07:16:35,SOLUSDT,bid,138,16489.319
2024-08-13 07:16:38,SOLUSDT,bid,141,7393.366
2024-08-13 07:16:48,SOLUSDT,bid,110,27721.605
2024-08-13 07:16:55,SOLUSDT,ask,158,13401.746
2024-08-13 07:16:57,SOLUSDT,ask,175,11508.824
2024-08-13 07:17:07,SOLUSDT,ask,162,6654.108
2024-08-13 07:17:09,SOLUSDT,ask,150,11927.668
2024-08-13 07:17:09,SOLUSDT,ask,180,24552.681
2024-08-13 07:17:18,SOLUSDT,bid,140,31864.193
2024-08-13 07:17:20,SOLUSDT,ask,158,13415.019
2024-08-13 07:17:38,SOLUSDT,ask,155,8082.932
2024-08-13 07:17:38,SOLUSDT,ask,162,6673.772
2024-08-13 07:17:40,SOLUSDT,ask,155,8081.933
2024-08-13 07:17:58,SOLUSDT,bid,115,26861.344
2024-08-13 07:18:21,SOLUSDT,bid,141,7393.657
2024-08-13 07:18:21,SOLUSDT,ask,158,13409.678
2024-08-13 07:18:24,SOLUSDT,bid,133,8235.911
2024-08-13 07:18:31,SOLUSDT,ask,200,44891.718
2024-08-13 07:18:31,SOLUSDT,ask,150,11925.634
2024-08-13 07:18:41,SOLUSDT,ask,155,8082.701
2024-08-13 07:18:47,SOLUSDT,bid,120,23370.537
2024-08-13 07:18:51,SOLUSDT,ask,170,12751.984
2024-08-13 07:18:56,SOLUSDT,bid,138,16488.417
2024-08-13 07:19:03,SOLUSDT,ask,150,11926.3
2024-08-13 07:19:05,SOLUSDT,bid,140,31865.082
2024-08-13 07:19:16,SOLUSDT,ask,165,15177.068
2024-08-13 07:19:17,SOLUSDT,ask,150,11928.548
2024-08-13 07:19:41,SOLUSDT,ask,150,11933.543
2024-08-13 07:19:50,SOLUSDT,ask,155,8092.554
2024-08-13 07:19:59,SOLUSDT,bid,133,8226.326
2024-08-13 07:20:01,SOLUSDT,bid,120,23365.537
2024-08-13 07:20:07,SOLUSDT,bid,140,31862.04
2024-08-13 07:20:11,SOLUSDT,ask,150,11932.843
2024-08-13 07:20:19,SOLUSDT,bid,141,7394.221
2024-08-13 07:20:36,SOLUSDT,bid,140,31860.864
2024-08-13 07:20:59,SOLUSDT,bid,141,7394.291
2024-08-13 07:21:00,SOLUSDT,ask,200,44890.78
2024-08-13 07:21:22,SOLUSDT,bid,132,8340.606
2024-08-13 07:21:23,SOLUSDT,bid,132,8340.522
2024-08-13 07:21:30,SOLUSDT,ask,150,11934.032
2024-08-13 07:21:32,SOLUSDT,bid,100,35887.343
2024-08-13 07:21:34,SOLUSDT,ask,150,11935.031
2024-08-13 07:21:43,SOLUSDT,bid,110,27723.833
2024-08-13 07:21:43,SOLUSDT,ask,200,44891.809
2024-08-13 07:21:51,SOLUSDT,bid,130,16877.556
2024-08-13 07:21:55,SOLUSDT,bid,141,7397.542
2024-08-13 07:22:04,SOLUSDT,ask,150,11949.803
2024-08-13 07:22:33,SOLUSDT,bid,130,16108.326
2024-08-13 07:22:38,SOLUSDT,bid,140,31861.97
2024-08-13 07:22:41,SOLUSDT,ask,160,12825.041
2024-08-13 07:22:53,SOLUSDT,bid,131,9218.53
2024-08-13 07:23:14,SOLUSDT,bid,120,23355.537
2024-08-13 07:23:22,SOLUSDT,bid,140,31862.358
2024-08-13 07:23:39,SOLUSDT,ask,150,11949.838
2024-08-13 07:23:42,SOLUSDT,ask,160,12816.459
2024-08-13 07:23:43,SOLUSDT,bid,120,23351.093
2024-08-13 07:23:50,SOLUSDT,bid,130,16096.602
2024-08-13 07:23:56,SOLUSDT,bid,141,7398.721
2024-08-13 07:24:13,SOLUSDT,bid,140,31865.358
2024-08-13 07:24:16,SOLUSDT,bid,130,15921.702
2024-08-13 07:24:20,SOLUSDT,bid,110,27723.713
2024-08-13 07:24:20,SOLUSDT,ask,180,24552.561
2024-08-13 07:24:20,SOLUSDT,ask,175,11508.704
2024-08-13 07:24:26,SOLUSDT,bid,139,11702.268
2024-08-13 07:24:42,SOLUSDT,ask,155,8092.594
2024-08-13 07:24:46,SOLUSDT,ask,205,10831.547
2024-08-13 07:24:58,SOLUSDT,bid,139,11704.268
2024-08-13 07:25:00,SOLUSDT,ask,162,6673.822
2024-08-13 07:25:03,SOLUSDT,bid,138,16487.417
2024-08-13 07:25:03,SOLUSDT,bid,140,31868.929
2024-08-13 07:25:03,SOLUSDT,ask,150,11952.838
2024-08-13 07:25:06,SOLUSDT,ask,162,6672.822
2024-08-13 07:25:07,SOLUSDT,bid,140,31865.468
2024-08-13 07:25:09,SOLUSDT,bid,139,11693.547
2024-08-13 07:25:10,SOLUSDT,ask,160,12816.032
2024-08-13 07:25:22,SOLUSDT,bid,130,15926.317
2024-08-13 07:25:27,SOLUSDT,ask,150,11953.453
2024-08-13 07:25:28,SOLUSDT,ask,169,6020.061
2024-08-13 07:25:29,SOLUSDT,bid,125,21985.446
2024-08-13 07:25:35,SOLUSDT,bid,120,23355.259
2024-08-13 07:25:42,SOLUSDT,bid,115,26865.691
2024-08-13 07:25:45,SOLUSDT,ask,155,8097.594
2024-08-13 07:25:48,SOLUSDT,bid,140,31860.468
2024-08-13 07:25:52,SOLUSDT,bid,110,27732.803
2024-08-13 07:25:54,SOLUSDT,bid,141,7471.16
2024-08-13 07:25:58,SOLUSDT,bid,110,27729.717
2024-08-13 07:26:03,SOLUSDT,bid,105,12849.082
2024-08-13 07:26:03,SOLUSDT,ask,150,11952.838
2024-08-13 07:26:29,SOLUSDT,bid,115,26786.789
2024-08-13 07:26:40,SOLUSDT,bid,105,12844.321
2024-08-13 07:26:44,SOLUSDT,bid,110,27661.957
2024-08-13 07:26:44,SOLUSDT,bid,100,35895.811
2024-08-13 07:26:50,SOLUSDT,bid,140,31861.468
2024-08-13 07:26:50,SOLUSDT,bid,120,23354.062
2024-08-13 07:26:55,SOLUSDT,ask,200,44935.056
2024-08-13 07:26:59,SOLUSDT,bid,135,22453.671
2024-08-13 07:27:05,SOLUSDT,bid,120,23184.489
2024-08-13 07:27:09,SOLUSDT,bid,140,31914.708
2024-08-13 07:27:11,SOLUSDT,ask,155,8097.776
2024-08-13 07:27:16,SOLUSDT,ask,150,11951.649
2024-08-13 07:27:21,SOLUSDT,bid,120,23183.769
2024-08-13 07:27:24,SOLUSDT,ask,150,11951.785
2024-08-13 07:27:24,SOLUSDT,bid,135,22452.211
2024-08-13 07:27:30,SOLUSDT,bid,90,20751.269
2024-08-13 07:27:34,SOLUSDT,bid,141,7398.721
2024-08-13 07:27:35,SOLUSDT,ask,170,12751.609
2024-08-13 07:27:43,SOLUSDT,bid,125,22007.755
2024-08-13 07:27:45,SOLUSDT,bid,135,22453.211
2024-08-13 07:27:45,SOLUSDT,ask,150,11952.123
2024-08-13 07:27:46,SOLUSDT,bid,141,7397.798
2024-08-13 07:27:50,SOLUSDT,ask,155,8113.313
2024-08-13 07:27:52,SOLUSDT,ask,150,11951.785
2024-08-13 07:27:59,SOLUSDT,bid,140,31915.708
2024-08-13 07:28:08,SOLUSDT,bid,120,23184.058
2024-08-13 07:28:15,SOLUSDT,bid,135,22363.804
2024-08-13 07:28:17,SOLUSDT,bid,140,31914.564
2024-08-13 07:28:17,SOLUSDT,bid,139,11692.403
2024-08-13 07:28:17,SOLUSDT,bid,138,16486.273
2024-08-13 07:28:17,SOLUSDT,bid,131,9217.386
2024-08-13 07:28:17,SOLUSDT,ask,158,13408.534
2024-08-13 07:28:17,SOLUSDT,ask,162,6671.678
2024-08-13 07:28:17,SOLUSDT,ask,165,15175.924
2024-08-13 07:28:17,SOLUSDT,ask,170,12750.465
2024-08-13 07:28:17,SOLUSDT,bid,141,7396.654
2024-08-13 07:28:17,SOLUSDT,bid,135,22362.66
2024-08-13 07:28:17,SOLUSDT,bid,132,8339.378
2024-08-13 07:28:17,SOLUSDT,ask,155,8112.169
2024-08-13 07:28:17,SOLUSDT,ask,169,6018.917
2024-08-13 07:28:17,SOLUSDT,ask,175,11507.56
2024-08-13 07:28:17,SOLUSDT,ask,180,24551.417
2024-08-13 07:28:17,SOLUSDT,bid,133,8225.182
2024-08-13 07:28:17,SOLUSDT,bid,130,15925.173
2024-08-13 07:28:17,SOLUSDT,ask,150,11950.641
2024-08-13 07:28:17,SOLUSDT,ask,160,12814.888
2024-08-13 07:28:17,SOLUSDT,ask,163,6843.512
2024-08-13 07:28:17,SOLUSDT,ask,182,5534.308
2024-08-13 07:28:17,SOLUSDT,ask,185,19512.767
2024-08-13 07:28:17,SOLUSDT,ask,188,10600.087
2024-08-13 07:28:17,SOLUSDT,ask,190,23444.38
2024-08-13 07:28:20,SOLUSDT,bid,140,31879.822
2024-08-13 07:28:26,SOLUSDT,bid,140,31888.162
2024-08-13 07:28:36,SOLUSDT,ask,160,12816.429
2024-08-13 07:28:44,SOLUSDT,ask,150,11955.952
2024-08-13 07:28:47,SOLUSDT,ask,160,12811.547
2024-08-13 07:28:50,SOLUSDT,ask,165,15175.978
2024-08-13 07:28:58,SOLUSDT,bid,141,7414.384
2024-08-13 07:28:59,SOLUSDT,ask,190,23449.262
2024-08-13 07:29:18,SOLUSDT,bid,130,15924.953
2024-08-13 07:29:21,SOLUSDT,ask,160,12811.292
2024-08-13 07:29:25,SOLUSDT,ask,160,12786.66
2024-08-13 07:29:34,SOLUSDT,bid,138,16491.802
2024-08-13 07:29:38,SOLUSDT,ask,155,8112.303
2024-08-13 07:30:11,SOLUSDT,bid,111,13852.142
2024-08-13 07:30:25,SOLUSDT,ask,230,7525.329
2024-08-13 07:30:33,SOLUSDT,ask,155,8113.206
2024-08-13 07:30:34,SOLUSDT,bid,139,11692.357
2024-08-13 07:30:36,SOLUSDT,ask,150,11955.198
2024-08-13 07:30:44,SOLUSDT,ask,230,7527.653
2024-08-13 07:30:58,SOLUSDT,bid,141,7350.546
2024-08-13 07:31:04,SOLUSDT,bid,130,15924.569
2024-08-13 07:31:05,SOLUSDT,bid,138,16488.179
2024-08-13 07:31:10,SOLUSDT,bid,110,27660.385
2024-08-13 07:31:27,SOLUSDT,bid,130,15927.261
2024-08-13 07:31:27,SOLUSDT,bid,140,31872.07
2024-08-13 07:31:36,SOLUSDT,bid,130,15937.913
2024-08-13 07:31:40,SOLUSDT,bid,140,31772.07
2024-08-13 07:31:40,SOLUSDT,bid,140,31772.342
2024-08-13 07:31:41,SOLUSDT,bid,131,9218.493
2024-08-13 07:31:50,SOLUSDT,bid,140,31772.854
2024-08-13 07:31:58,SOLUSDT,ask,150,11955.027
2024-08-13 07:31:59,SOLUSDT,bid,141,7350.377
2024-08-13 07:32:01,SOLUSDT,ask,155,8113.239
2024-08-13 07:32:04,SOLUSDT,bid,141,7350.483
2024-08-13 07:32:05,SOLUSDT,ask,150,11956.026
2024-08-13 07:32:11,SOLUSDT,bid,140,31770.269
2024-08-13 07:32:16,SOLUSDT,ask,163,6846.341
2024-08-13 07:32:17,SOLUSDT,bid,141,7349.759
2024-08-13 07:32:19,SOLUSDT,bid,140,31769.757
2024-08-13 07:32:26,SOLUSDT,ask,150,11956.588
2024-08-13 07:32:27,SOLUSDT,ask,150,11957.267
2024-08-13 07:32:45,SOLUSDT,ask,155,8075.293
2024-08-13 07:32:51,SOLUSDT,ask,200,44934.823
2024-08-13 07:32:56,SOLUSDT,bid,140,31746.864
2024-08-13 07:32:57,SOLUSDT,ask,150,11969.482
2024-08-13 07:33:21,SOLUSDT,ask,150,11971.202
2024-08-13 07:33:30,SOLUSDT,bid,139,11691.638
2024-08-13 07:33:33,SOLUSDT,bid,80,28962.965
2024-08-13 07:33:35,SOLUSDT,ask,150,11972.066
2024-08-13 07:33:41,SOLUSDT,ask,155,8074.582
2024-08-13 07:33:41,SOLUSDT,ask,169,6014.847
2024-08-13 07:33:53,SOLUSDT,bid,100,35875.811
2024-08-13 07:33:59,SOLUSDT,bid,141,7343.333
2024-08-13 07:34:01,SOLUSDT,bid,133,8222.338
2024-08-13 07:34:18,SOLUSDT,ask,163,6861.786
2024-08-13 07:34:19,SOLUSDT,ask,155,8075.604
2024-08-13 07:34:22,SOLUSDT,ask,155,8163.336
2024-08-13 07:34:23,SOLUSDT,ask,150,11965.69
2024-08-13 07:34:28,SOLUSDT,ask,155,8075.604
2024-08-13 07:34:40,SOLUSDT,bid,115,26597.647
2024-08-13 07:34:51,SOLUSDT,ask,150,11965.755
2024-08-13 07:35:11,SOLUSDT,ask,160,12776.66
2024-08-13 07:35:12,SOLUSDT,ask,162,6661.678
2024-08-13 07:35:14,SOLUSDT,bid,141,7378.793
2024-08-13 07:35:20,SOLUSDT,ask,165,14710.797
2024-08-13 07:35:20,SOLUSDT,ask,165,14711.359
2024-08-13 07:35:20,SOLUSDT,bid,118,8792.003
2024-08-13 07:35:21,SOLUSDT,bid,118,8789.998
2024-08-13 07:35:21,SOLUSDT,ask,163,6851.786
2024-08-13 07:35:21,SOLUSDT,bid,140,31746.828
2024-08-13 07:35:22,SOLUSDT,bid,140,31741.828
2024-08-13 07:35:25,SOLUSDT,ask,165,14710.797
2024-08-13 07:35:30,SOLUSDT,bid,133,8259.931
2024-08-13 07:35:32,SOLUSDT,ask,158,13414.863
2024-08-13 07:35:37,SOLUSDT,bid,131,9256.66
2024-08-13 07:35:38,SOLUSDT,ask,165,14711.359
2024-08-13 07:35:41,SOLUSDT,ask,158,13414.223
2024-08-13 07:35:50,SOLUSDT,bid,140,31741.328
2024-08-13 07:35:59,SOLUSDT,bid,130,15949.768
2024-08-13 07:36:03,SOLUSDT,ask,150,11944.726
2024-08-13 07:36:04,SOLUSDT,ask,160,12777.3
2024-08-13 07:36:13,SOLUSDT,bid,140,31740.282
2024-08-13 07:36:16,SOLUSDT,ask,160,12824.965
2024-08-13 07:36:29,SOLUSDT,bid,141,7378.493
2024-08-13 07:36:31,SOLUSDT,bid,140,31739.982
2024-08-13 07:36:33,SOLUSDT,ask,150,11940.585
2024-08-13 07:36:45,SOLUSDT,bid,130,15820.211
2024-08-13 07:36:46,SOLUSDT,bid,135,22361.512
2024-08-13 07:36:51,SOLUSDT,ask,150,11936.519
2024-08-13 07:36:52,SOLUSDT,ask,170,12936.183
2024-08-13 07:36:52,SOLUSDT,ask,162,6664.25
2024-08-13 07:36:59,SOLUSDT,ask,160,12825.105
2024-08-13 07:37:09,SOLUSDT,bid,141,7378.713
2024-08-13 07:37:19,SOLUSDT,bid,140,31740.232
2024-08-13 07:37:20,SOLUSDT,bid,141,7378.004
2024-08-13 07:37:26,SOLUSDT,ask,150,11841.147
2024-08-13 07:37:27,SOLUSDT,ask,180,24551.716
2024-08-13 07:37:28,SOLUSDT,bid,120,23185.725
2024-08-13 07:37:43,SOLUSDT,bid,110,27658.714
2024-08-13 07:37:44,SOLUSDT,bid,140,31740.946
2024-08-13 07:37:47,SOLUSDT,bid,118,8789.032
2024-08-13 07:37:48,SOLUSDT,bid,115,26598.537
2024-08-13 07:37:49,SOLUSDT,ask,155,8076.248
2024-08-13 07:38:05,SOLUSDT,ask,160,12824.893
2024-08-13 07:38:08,SOLUSDT,bid,120,23186.558
2024-08-13 07:38:09,SOLUSDT,bid,120,23186.648
2024-08-13 07:38:39,SOLUSDT,bid,141,7378.713
2024-08-13 07:38:51,SOLUSDT,ask,160,12824.617
2024-08-13 07:38:52,SOLUSDT,ask,155,8075.973
2024-08-13 07:38:59,SOLUSDT,ask,150,11841.843
2024-08-13 07:39:01,SOLUSDT,ask,160,12825.168
2024-08-13 07:39:08,SOLUSDT,bid,121,8993.059
2024-08-13 07:39:16,SOLUSDT,bid,133,8260.931
2024-08-13 07:39:20,SOLUSDT,ask,170,12927.213
2024-08-13 07:39:24,SOLUSDT,bid,130,15821.211
2024-08-13 07:39:29,SOLUSDT,bid,120,23186.148
2024-08-13 07:39:39,SOLUSDT,ask,155,8082.937
2024-08-13 07:39:49,SOLUSDT,bid,140,31740.692
2024-08-13 07:39:52,SOLUSDT,ask,160,12828.354
2024-08-13 07:39:54,SOLUSDT,ask,150,11841.804
2024-08-13 07:40:01,SOLUSDT,bid,139,11692.357
2024-08-13 07:40:04,SOLUSDT,bid,138,16451.948
2024-08-13 07:40:14,SOLUSDT,ask,150,11717.796
2024-08-13 07:40:14,SOLUSDT,bid,131,9245.973
2024-08-13 07:40:18,SOLUSDT,ask,150,11717.524
2024-08-13 07:40:48,SOLUSDT,ask,150,11718.828
2024-08-13 07:40:51,SOLUSDT,ask,165,14711.308
2024-08-13 07:40:51,SOLUSDT,bid,110,27658.637
2024-08-13 07:40:57,SOLUSDT,ask,160,12828.133
2024-08-13 07:41:03,SOLUSDT,bid,135,22352.512
2024-08-13 07:41:19,SOLUSDT,bid,140,31860.995
2024-08-13 07:41:28,SOLUSDT,ask,180,24552.066
2024-08-13 07:41:34,SOLUSDT,ask,150,11719.049
2024-08-13 07:41:35,SOLUSDT,bid,141,7374.721
2024-08-13 07:41:39,SOLUSDT,bid,140,31862.739
2024-08-13 07:41:41,SOLUSDT,bid,139,11702.357
2024-08-13 07:41:51,SOLUSDT,bid,140,31866.31
2024-08-13 07:42:27,SOLUSDT,bid,100,35865.811
2024-08-13 07:42:28,SOLUSDT,bid,100,35845.811
2024-08-13 07:42:28,SOLUSDT,ask,155,8082.034
2024-08-13 07:42:29,SOLUSDT,bid,140,31874.31
2024-08-13 07:42:31,SOLUSDT,bid,118,8788.696
2024-08-13 07:42:33,SOLUSDT,ask,155,8132.034
2024-08-13 07:42:39,SOLUSDT,ask,150,11722.818
2024-08-13 07:42:40,SOLUSDT,ask,162,7234.93
2024-08-13 07:42:42,SOLUSDT,ask,160,12878.133
2024-08-13 07:42:53,SOLUSDT,ask,150,11724.235
2024-08-13 07:42:54,SOLUSDT,bid,140,31821.07
2024-08-13 07:43:07,SOLUSDT,ask,150,11721.236
2024-08-13 07:43:20,SOLUSDT,ask,150,11721.974
2024-08-13 07:43:20,SOLUSDT,ask,155,8131.296
2024-08-13 07:43:33,SOLUSDT,bid,141,7370.721
2024-08-13 07:43:43,SOLUSDT,bid,140,31822.177
2024-08-13 07:43:44,SOLUSDT,bid,140,31822.106
2024-08-13 07:44:13,SOLUSDT,ask,150,11722.608
2024-08-13 07:44:29,SOLUSDT,ask,160,12879.518
2024-08-13 07:44:35,SOLUSDT,bid,130,15800.441
2024-08-13 07:44:49,SOLUSDT,ask,150,11723.008
2024-08-13 07:44:49,SOLUSDT,bid,135,22350.661
2024-08-13 07:44:59,SOLUSDT,ask,150,11645.939
2024-08-13 07:45:01,SOLUSDT,ask,150,11648.938
2024-08-13 07:45:06,SOLUSDT,ask,150,11649.66
2024-08-13 07:45:15,SOLUSDT,ask,155,8134.103
2024-08-13 07:45:26,SOLUSDT,ask,150,11726.73
2024-08-13 07:45:27,SOLUSDT,bid,140,31822.82
2024-08-13 07:45:31,SOLUSDT,bid,110,27649.227
2024-08-13 07:45:40,SOLUSDT,ask,150,11747.501
2024-08-13 07:45:43,SOLUSDT,ask,155,8183.687
2024-08-13 07:45:44,SOLUSDT,bid,135,22351.216
2024-08-13 07:45:54,SOLUSDT,bid,130,15801.017
2024-08-13 07:46:01,SOLUSDT,ask,150,11726.73
2024-08-13 07:46:01,SOLUSDT,ask,150,11727.392
2024-08-13 07:46:13,SOLUSDT,ask,150,11728.759
2024-08-13 07:46:23,SOLUSDT,ask,150,11711.164
2024-08-13 07:46:26,SOLUSDT,bid,115,26599.971
2024-08-13 07:46:30,SOLUSDT,ask,150,11711.233
2024-08-13 07:46:40,SOLUSDT,ask,150,11732.004
2024-08-13 07:46:44,SOLUSDT,ask,158,13414.188
2024-08-13 07:46:49,SOLUSDT,ask,150,11731.867
2024-08-13 07:46:55,SOLUSDT,bid,140,31702.517
2024-08-13 07:47:06,SOLUSDT,bid,111,13865.06
2024-08-13 07:47:06,SOLUSDT,bid,110,27649.297
2024-08-13 07:47:15,SOLUSDT,ask,150,11728.922
2024-08-13 07:47:27,SOLUSDT,bid,132,8335.893
2024-08-13 07:47:28,SOLUSDT,bid,140,31702.031
2024-08-13 07:47:32,SOLUSDT,bid,130,15792.391
2024-08-13 07:47:32,SOLUSDT,bid,110,27647.297
2024-08-13 07:47:42,SOLUSDT,ask,160,12874.942
2024-08-13 07:47:45,SOLUSDT,ask,150,11728.873
2024-08-13 07:47:47,SOLUSDT,ask,158,13433.521
2024-08-13 07:47:49,SOLUSDT,ask,155,8183.747
2024-08-13 07:48:01,SOLUSDT,bid,130,15792.546
2024-08-13 07:48:04,SOLUSDT,bid,132,8344.389
2024-08-13 07:48:06,SOLUSDT,bid,130,15791.546
2024-08-13 07:48:07,SOLUSDT,bid,105,12843.321
2024-08-13 07:48:09,SOLUSDT,ask,150,11728.095
2024-08-13 07:48:12,SOLUSDT,bid,133,8261.007
2024-08-13 07:48:18,SOLUSDT,bid,125,22007.837
2024-08-13 07:48:20,SOLUSDT,bid,133,8263.007
2024-08-13 07:48:49,SOLUSDT,bid,139,11690.083
2024-08-13 07:48:53,SOLUSDT,bid,141,7377.721
2024-08-13 07:48:53,SOLUSDT,bid,140,31695.031
2024-08-13 07:48:57,SOLUSDT,bid,140,31693.603
2024-08-13 07:49:17,SOLUSDT,ask,150,11728.337
2024-08-13 07:49:17,SOLUSDT,ask,155,8183.505
2024-08-13 07:49:20,SOLUSDT,bid,141,7370.721
2024-08-13 07:49:34,SOLUSDT,bid,110,27645.897
2024-08-13 07:49:41,SOLUSDT,bid,138,16379.485
2024-08-13 07:49:43,SOLUSDT,bid,141,7379.47
2024-08-13 07:49:49,SOLUSDT,bid,140,31729.317
2024-08-13 07:49:53,SOLUSDT,bid,111,13853.21
2024-08-13 07:49:54,SOLUSDT,bid,131,9345.973
2024-08-13 07:50:00,SOLUSDT,ask,150,11727.369
2024-08-13 07:50:11,SOLUSDT,bid,138,16451.948
2024-08-13 07:50:12,SOLUSDT,bid,140,31729.674
2024-08-13 07:50:30,SOLUSDT,ask,150,11727.418
2024-08-13 07:50:36,SOLUSDT,bid,140,31726.814
2024-08-13 07:50:38,SOLUSDT,bid,140,31691.1
2024-08-13 07:50:45,SOLUSDT,bid,140,31687.529
2024-08-13 07:50:50,SOLUSDT,bid,80,28878.489
2024-08-13 07:50:54,SOLUSDT,bid,140,31672.655
2024-08-13 07:51:01,SOLUSDT,ask,160,12872.313
2024-08-13 07:51:24,SOLUSDT,bid,141,7378.906
2024-08-13 07:51:38,SOLUSDT,ask,155,8183.436
2024-08-13 07:51:40,SOLUSDT,ask,200,44935.593
2024-08-13 07:51:42,SOLUSDT,ask,150,11729.613
2024-08-13 07:51:42,SOLUSDT,bid,132,8344.473
2024-08-13 07:51:43,SOLUSDT,bid,132,8344.557
2024-08-13 07:51:44,SOLUSDT,ask,195,12029.909
2024-08-13 07:51:49,SOLUSDT,ask,200,44920.393
2024-08-13 07:51:49,SOLUSDT,bid,140,31673.621
2024-08-13 07:51:50,SOLUSDT,ask,185,19502.767
2024-08-13 07:51:52,SOLUSDT,ask,150,11729.785
2024-08-13 07:51:55,SOLUSDT,bid,135,22350.377
2024-08-13 07:51:56,SOLUSDT,bid,110,27643.896
2024-08-13 07:52:00,SOLUSDT,ask,155,8181.266
2024-08-13 07:52:23,SOLUSDT,ask,150,11724.474
2024-08-13 07:52:33,SOLUSDT,bid,140,31670.764
2024-08-13 07:52:35,SOLUSDT,ask,162,7238.153
2024-08-13 07:52:36,SOLUSDT,bid,133,8275.344
2024-08-13 07:52:37,SOLUSDT,bid,80,28880.49
2024-08-13 07:52:38,SOLUSDT,ask,150,11724.338
2024-08-13 07:52:40,SOLUSDT,bid,141,7373.906
2024-08-13 07:52:40,SOLUSDT,bid,135,22345.377
2024-08-13 07:52:42,SOLUSDT,bid,141,7366.835
2024-08-13 07:52:52,SOLUSDT,ask,155,8182.673
2024-08-13 07:53:03,SOLUSDT,bid,139,11689.364
2024-08-13 07:53:03,SOLUSDT,ask,155,8162.212
2024-08-13 07:53:11,SOLUSDT,ask,150,11696.338
2024-08-13 07:53:14,SOLUSDT,ask,150,11716.799
2024-08-13 07:53:22,SOLUSDT,ask,150,11719.53
2024-08-13 07:53:25,SOLUSDT,ask,150,11623.353
2024-08-13 07:53:32,SOLUSDT,ask,163,6853.484
2024-08-13 07:53:43,SOLUSDT,ask,163,6845.602
2024-08-13 07:54:06,SOLUSDT,ask,150,11623.253
2024-08-13 07:54:12,SOLUSDT,ask,160,12870.928
2024-08-13 07:54:15,SOLUSDT,bid,138,16453.009
2024-08-13 07:54:19,SOLUSDT,bid,140,31670.906
2024-08-13 07:54:20,SOLUSDT,ask,210,26028.047
2024-08-13 07:54:23,SOLUSDT,bid,110,27639.226
2024-08-13 07:54:25,SOLUSDT,bid,138,16439.419
2024-08-13 07:54:30,SOLUSDT,bid,141,7367.835
2024-08-13 07:54:33,SOLUSDT,bid,140,31674.406
2024-08-13 07:54:38,SOLUSDT,ask,155,8159.621
2024-08-13 07:54:41,SOLUSDT,bid,130,15795.497
2024-08-13 07:54:47,SOLUSDT,bid,131,9340.515
2024-08-13 07:54:48,SOLUSDT,ask,150,11623.353
2024-08-13 07:54:49,SOLUSDT,bid,135,22344.377
2024-08-13 07:54:51,SOLUSDT,bid,125,22006.837
2024-08-13 07:54:52,SOLUSDT,bid,115,26598.971
2024-08-13 07:54:56,SOLUSDT,bid,141,7368.163
2024-08-13 07:54:59,SOLUSDT,ask,180,24352.547
2024-08-13 07:55:09,SOLUSDT,ask,155,8159.721
2024-08-13 07:55:09,SOLUSDT,ask,190,23456.51
2024-08-13 07:55:11,SOLUSDT,ask,155,8130.75
2024-08-13 07:55:23,SOLUSDT,ask,160,12871.028
2024-08-13 07:55:29,SOLUSDT,ask,165,14711.07
2024-08-13 07:55:42,SOLUSDT,bid,132,8344.641
2024-08-13 07:55:43,SOLUSDT,ask,155,8129.259
2024-08-13 07:56:00,SOLUSDT,ask,150,11652.324
2024-08-13 07:56:09,SOLUSDT,bid,113,19443.231
2024-08-13 07:56:19,SOLUSDT,ask,150,11652.365
2024-08-13 07:56:24,SOLUSDT,ask,160,12871.153
2024-08-13 07:56:33,SOLUSDT,ask,165,14711.169
2024-08-13 07:56:47,SOLUSDT,bid,140,31674.049
2024-08-13 07:56:49,SOLUSDT,ask,160,12871.028
2024-08-13 07:56:57,SOLUSDT,ask,160,12870.397
2024-08-13 07:56:58,SOLUSDT,bid,130,15794.267
2024-08-13 07:57:00,SOLUSDT,ask,200,44920.443
2024-08-13 07:57:00,SOLUSDT,ask,190,23455.419
2024-08-13 07:57:02,SOLUSDT,ask,191,5517.419
2024-08-13 07:57:04,SOLUSDT,ask,182,5534.358
2024-08-13 07:57:11,SOLUSDT,ask,150,11652.077
2024-08-13 07:57:12,SOLUSDT,ask,155,8129.309
2024-08-13 07:57:14,SOLUSDT,ask,155,8128.809
2024-08-13 07:57:24,SOLUSDT,bid,110,27639.276
2024-08-13 07:57:26,SOLUSDT,bid,130,15788.652
2024-08-13 07:57:30,SOLUSDT,bid,110,27622.874
2024-08-13 07:57:41,SOLUSDT,ask,158,13433.837
2024-08-13 07:57:45,SOLUSDT,ask,260,8043.525
2024-08-13 07:57:52,SOLUSDT,ask,150,11648.7
2024-08-13 07:57:55,SOLUSDT,bid,141,7357.158
2024-08-13 07:57:57,SOLUSDT,ask,150,11651.291
2024-08-13 07:58:00,SOLUSDT,ask,165,14710.051
2024-08-13 07:58:03,SOLUSDT,bid,120,23176.148
2024-08-13 07:58:06,SOLUSDT,ask,150,11648.292
2024-08-13 07:58:10,SOLUSDT,bid,140,31684.049
2024-08-13 07:58:15,SOLUSDT,ask,150,11649.662
2024-08-13 07:58:19,SOLUSDT,ask,160,12871.515
2024-08-13 07:58:32,SOLUSDT,ask,155,8127.278
2024-08-13 07:58:34,SOLUSDT,ask,150,11650.661
2024-08-13 07:58:50,SOLUSDT,bid,141,7336.5
2024-08-13 07:58:51,SOLUSDT,bid,100,35844.277
2024-08-13 07:59:15,SOLUSDT,bid,140,31683.585
2024-08-13 07:59:23,SOLUSDT,ask,150,11665.677
2024-08-13 07:59:30,SOLUSDT,bid,140,31683.842
2024-08-13 07:59:33,SOLUSDT,bid,140,31684.099
2024-08-13 07:59:34,SOLUSDT,bid,135,22344.644
2024-08-13 07:59:47,SOLUSDT,bid,141,7334.5
2024-08-13 07:59:49,SOLUSDT,bid,110,27721.637
2024-08-13 07:59:49,SOLUSDT,ask,150,11650.661
2024-08-13 07:59:59,SOLUSDT,bid,120,23221.415
2024-08-13 08:00:00,SOLUSDT,bid,111,13849.21
2024-08-13 08:00:08,SOLUSDT,bid,130,15809.544
2024-08-13 08:00:11,SOLUSDT,bid,140,31683.228
2024-08-13 08:00:25,SOLUSDT,ask,160,12875.572
2024-08-13 08:00:26,SOLUSDT,ask,200,44922.033
2024-08-13 08:00:38,SOLUSDT,bid,135,22344.417
2024-08-13 08:00:45,SOLUSDT,bid,135,22342.879
2024-08-13 08:00:48,SOLUSDT,bid,140,31702.628
2024-08-13 08:00:50,SOLUSDT,bid,110,27718.868
2024-08-13 08:00:50,SOLUSDT,bid,141,7344.751
2024-08-13 08:01:00,SOLUSDT,bid,135,22345.135
2024-08-13 08:01:09,SOLUSDT,bid,130,15810.715
2024-08-13 08:01:16,SOLUSDT,bid,141,7339.073
2024-08-13 08:01:21,SOLUSDT,ask,155,8114.375
2024-08-13 08:01:22,SOLUSDT,ask,158,13421.179
2024-08-13 08:01:25,SOLUSDT,ask,165,14686.925
2024-08-13 08:01:26,SOLUSDT,ask,160,12868.904
2024-08-13 08:01:31,SOLUSDT,ask,162,7228.153
2024-08-13 08:01:34,SOLUSDT,bid,139,11684.849
2024-08-13 08:01:35,SOLUSDT,ask,150,11648.643
2024-08-13 08:01:41,SOLUSDT,bid,139,11678.455
2024-08-13 08:01:42,SOLUSDT,ask,155,8128.073
2024-08-13 08:01:42,SOLUSDT,bid,141,7339.42
2024-08-13 08:01:42,SOLUSDT,bid,132,8344.557
2024-08-13 08:01:43,SOLUSDT,bid,132,8344.473
2024-08-13 08:01:44,SOLUSDT,ask,162,7227.72
2024-08-13 08:01:45,SOLUSDT,ask,160,12871.517
2024-08-13 08:01:46,SOLUSDT,ask,160,12886.533
2024-08-13 08:01:49,SOLUSDT,bid,141,7339.208
2024-08-13 08:01:55,SOLUSDT,ask,150,11648.723
2024-08-13 08:01:56,SOLUSDT,ask,162,7249.498
2024-08-13 08:01:57,SOLUSDT,ask,150,11649.025
2024-08-13 08:01:58,SOLUSDT,bid,140,31703.332
2024-08-13 08:02:17,SOLUSDT,ask,150,11646.434
2024-08-13 08:02:22,SOLUSDT,bid,135,22344.176
2024-08-13 08:02:24,SOLUSDT,ask,150,11647.44
2024-08-13 08:02:35,SOLUSDT,ask,162,7253.498
2024-08-13 08:02:38,SOLUSDT,bid,130,15810.528
2024-08-13 08:02:45,SOLUSDT,ask,150,11649.866
2024-08-13 08:02:50,SOLUSDT,bid,141,7352.208
2024-08-13 08:02:52,SOLUSDT,ask,162,7249.498
2024-08-13 08:02:53,SOLUSDT,ask,150,11658.337
2024-08-13 08:03:03,SOLUSDT,ask,163,6846.091
2024-08-13 08:03:14,SOLUSDT,bid,110,27713.868
2024-08-13 08:03:15,SOLUSDT,ask,155,8132.073
2024-08-13 08:03:18,SOLUSDT,ask,150,11668.327
2024-08-13 08:03:18,SOLUSDT,ask,150,11665.901
2024-08-13 08:03:21,SOLUSDT,bid,115,26603.971
2024-08-13 08:03:23,SOLUSDT,ask,150,11666.645
2024-08-13 08:03:25,SOLUSDT,bid,140,31702.841
2024-08-13 08:03:28,SOLUSDT,bid,141,7346.266
2024-08-13 08:03:31,SOLUSDT,bid,139,11561.516
2024-08-13 08:03:32,SOLUSDT,bid,140,31684.984
2024-08-13 08:03:32,SOLUSDT,bid,135,22326.176
2024-08-13 08:03:33,SOLUSDT,bid,130,15825.915
2024-08-13 08:03:42,SOLUSDT,ask,150,11658.429
2024-08-13 08:03:50,SOLUSDT,ask,160,12981.428
2024-08-13 08:03:52,SOLUSDT,ask,155,8134.664
2024-08-13 08:03:53,SOLUSDT,bid,141,7346.62
2024-08-13 08:04:04,SOLUSDT,ask,150,11665.245
2024-08-13 08:04:10,SOLUSDT,bid,140,31685.696
2024-08-13 08:04:10,SOLUSDT,ask,170,12927.589
2024-08-13 08:04:30,SOLUSDT,ask,155,8136.511
2024-08-13 08:04:31,SOLUSDT,ask,158,13433.837
2024-08-13 08:04:36,SOLUSDT,ask,250,17723.857
2024-08-13 08:04:39,SOLUSDT,ask,150,11683.24
2024-08-13 08:04:49,SOLUSDT,ask,158,13355.509
2024-08-13 08:04:56,SOLUSDT,bid,140,31685.941
2024-08-13 08:04:59,SOLUSDT,ask,160,13000.999
2024-08-13 08:05:04,SOLUSDT,ask,150,11683.58
2024-08-13 08:05:07,SOLUSDT,bid,138,16440.41
2024-08-13 08:05:09,SOLUSDT,bid,110,27706.295
2024-08-13 08:05:11,SOLUSDT,ask,150,11683.402
2024-08-13 08:05:18,SOLUSDT,bid,138,16439.419
2024-08-13 08:05:19,SOLUSDT,ask,150,11664.391
2024-08-13 08:05:34,SOLUSDT,ask,163,6846.269
2024-08-13 08:05:36,SOLUSDT,ask,160,13000.16
2024-08-13 08:05:42,SOLUSDT,bid,132,8344.389
2024-08-13 08:05:47,SOLUSDT,ask,150,11683.402
2024-08-13 08:06:08,SOLUSDT,ask,150,11684.241
2024-08-13 08:06:13,SOLUSDT,bid,140,31683.699
2024-08-13 08:06:13,SOLUSDT,ask,158,13354.835
2024-08-13 08:06:16,SOLUSDT,bid,133,8120.362
2024-08-13 08:06:30,SOLUSDT,ask,150,11685.352
2024-08-13 08:06:32,SOLUSDT,ask,150,11690.352
2024-08-13 08:06:32,SOLUSDT,ask,155,8137.351
2024-08-13 08:06:41,SOLUSDT,ask,155,8135.944
2024-08-13 08:06:47,SOLUSDT,ask,150,11690.619
2024-08-13 08:06:54,SOLUSDT,bid,115,26615.762
2024-08-13 08:06:55,SOLUSDT,bid,130,15824.911
2024-08-13 08:07:02,SOLUSDT,bid,132,8343.275
2024-08-13 08:07:27,SOLUSDT,ask,190,23440.232
2024-08-13 08:07:39,SOLUSDT,bid,141,7349.052
2024-08-13 08:07:43,SOLUSDT,bid,141,7348.343
2024-08-13 08:07:44,SOLUSDT,bid,140,31682.699
2024-08-13 08:07:52,SOLUSDT,bid,140,31663.299
2024-08-13 08:07:52,SOLUSDT,bid,130,15804.019
2024-08-13 08:07:52,SOLUSDT,bid,120,23176.148
2024-08-13 08:07:52,SOLUSDT,bid,110,27607.532
2024-08-13 08:08:06,SOLUSDT,bid,80,28878.489
2024-08-13 08:08:07,SOLUSDT,bid,141,7347.343
2024-08-13 08:08:12,SOLUSDT,bid,140,31663.027
2024-08-13 08:08:12,SOLUSDT,ask,180,24352.282
2024-08-13 08:08:13,SOLUSDT,ask,150,11689.61
2024-08-13 08:08:15,SOLUSDT,bid,110,27805.059
2024-08-13 08:08:18,SOLUSDT,ask,158,13355.963
2024-08-13 08:08:20,SOLUSDT,bid,140,31664.547
2024-08-13 08:08:22,SOLUSDT,bid,141,7347.484
2024-08-13 08:08:26,SOLUSDT,bid,141,7348.484
2024-08-13 08:08:30,SOLUSDT,bid,140,31663.476
2024-08-13 08:08:35,SOLUSDT,ask,180,24353.339
2024-08-13 08:08:46,SOLUSDT,ask,158,13356.963
2024-08-13 08:08:47,SOLUSDT,ask,150,11688.888
2024-08-13 08:09:02,SOLUSDT,ask,158,13355.387
2024-08-13 08:09:04,SOLUSDT,ask,155,8135.984
2024-08-13 08:09:13,SOLUSDT,bid,130,15804.059
2024-08-13 08:09:14,SOLUSDT,bid,140,31663.164
2024-08-13 08:09:25,SOLUSDT,ask,150,11687.889
2024-08-13 08:09:32,SOLUSDT,bid,141,7357.457
2024-08-13 08:09:46,SOLUSDT,bid,140,31783.467
2024-08-13 08:09:52,SOLUSDT,ask,205,10820.828
2024-08-13 08:10:01,SOLUSDT,bid,111,13853.486
2024-08-13 08:10:01,SOLUSDT,ask,190,23444.508
2024-08-13 08:10:03,SOLUSDT,ask,150,11685.158
2024-08-13 08:10:04,SOLUSDT,ask,163,6840.593
2024-08-13 08:10:12,SOLUSDT,bid,125,22006.945
2024-08-13 08:10:18,SOLUSDT,bid,140,31782.755
2024-08-13 08:10:20,SOLUSDT,bid,141,7357.103
2024-08-13 08:10:26,SOLUSDT,ask,150,11685.305
2024-08-13 08:10:34,SOLUSDT,ask,163,6849.568
2024-08-13 08:10:43,SOLUSDT,ask,160,12994.1
2024-08-13 08:10:44,SOLUSDT,ask,150,11686.194
2024-08-13 08:11:05,SOLUSDT,bid,135,22325.86
2024-08-13 08:11:07,SOLUSDT,bid,130,15803.937
2024-08-13 08:11:07,SOLUSDT,bid,110,27804.937
2024-08-13 08:11:07,SOLUSDT,bid,90,20751.147
2024-08-13 08:11:07,SOLUSDT,ask,170,12927.467
2024-08-13 08:11:07,SOLUSDT,ask,190,23444.386
2024-08-13 08:11:07,SOLUSDT,ask,210,26027.925
2024-08-13 08:11:07,SOLUSDT,ask,230,7527.531
2024-08-13 08:11:07,SOLUSDT,ask,250,17723.735
2024-08-13 08:11:10,SOLUSDT,ask,150,11685.194
2024-08-13 08:11:11,SOLUSDT,ask,150,11684.194
2024-08-13 08:11:12,SOLUSDT,ask,150,11683.194
2024-08-13 08:11:12,SOLUSDT,ask,150,11682.194
2024-08-13 08:11:20,SOLUSDT,bid,141,7356.749
2024-08-13 08:11:37,SOLUSDT,bid,141,7357.749
2024-08-13 08:11:39,SOLUSDT,ask,155,8136.529
2024-08-13 08:11:56,SOLUSDT,ask,155,8144.179
2024-08-13 08:12:02,SOLUSDT,bid,141,7358.103
2024-08-13 08:12:09,SOLUSDT,ask,150,11681.014
2024-08-13 08:12:16,SOLUSDT,bid,140,31783.112
2024-08-13 08:12:17,SOLUSDT,ask,155,8136.529
2024-08-13 08:12:30,SOLUSDT,ask,150,11682.536
2024-08-13 08:12:34,SOLUSDT,bid,139,11561.875
2024-08-13 08:12:38,SOLUSDT,bid,139,11562.594
2024-08-13 08:12:41,SOLUSDT,bid,138,16440.146
2024-08-13 08:12:54,SOLUSDT,bid,140,31784.112
2024-08-13 08:12:56,SOLUSDT,ask,163,6840.593
2024-08-13 08:12:59,SOLUSDT,bid,139,11572.708
2024-08-13 08:13:00,SOLUSDT,ask,150,11672.328
2024-08-13 08:13:09,SOLUSDT,bid,138,16433.004
2024-08-13 08:13:10,SOLUSDT,ask,190,23444.293
2024-08-13 08:13:13,SOLUSDT,ask,180,24353.248
2024-08-13 08:13:15,SOLUSDT,ask,150,11270.255
2024-08-13 08:13:26,SOLUSDT,ask,165,14683.402
2024-08-13 08:13:32,SOLUSDT,ask,150,11249.484
2024-08-13 08:13:45,SOLUSDT,bid,125,22007.747
2024-08-13 08:13:54,SOLUSDT,bid,115,26616.635
2024-08-13 08:13:56,SOLUSDT,ask,150,11248.74
2024-08-13 08:13:57,SOLUSDT,bid,100,35834.277
2024-08-13 08:14:02,SOLUSDT,bid,138,16333.004
2024-08-13 08:14:07,SOLUSDT,bid,140,31794.112
2024-08-13 08:14:07,SOLUSDT,bid,138,16323.004
2024-08-13 08:14:20,SOLUSDT,ask,200,44922.006
2024-08-13 08:14:28,SOLUSDT,bid,140,31795.897
2024-08-13 08:14:36,SOLUSDT,bid,130,15805.86
2024-08-13 08:14:36,SOLUSDT,ask,150,11258.74
2024-08-13 08:14:42,SOLUSDT,bid,140,31791.784
2024-08-13 08:14:43,SOLUSDT,bid,120,23178.231
2024-08-13 08:14:49,SOLUSDT,bid,110,27807.209
2024-08-13 08:15:23,SOLUSDT,ask,190,23446.493
2024-08-13 08:15:35,SOLUSDT,bid,138,16340.847
2024-08-13 08:15:39,SOLUSDT,bid,138,16340.23
2024-08-13 08:15:39,SOLUSDT,bid,130,15806.477
2024-08-13 08:15:52,SOLUSDT,ask,158,13336.054
2024-08-13 08:16:00,SOLUSDT,ask,170,12927.091
2024-08-13 08:16:06,SOLUSDT,bid,138,16340.062
2024-08-13 08:16:10,SOLUSDT,ask,165,14692.441
2024-08-13 08:16:11,SOLUSDT,bid,125,22007.007
2024-08-13 08:16:11,SOLUSDT,bid,120,23178.971
2024-08-13 08:16:14,SOLUSDT,bid,130,15806.414
2024-08-13 08:16:16,SOLUSDT,bid,135,22326.032
2024-08-13 08:16:17,SOLUSDT,bid,110,27805.209
2024-08-13 08:16:23,SOLUSDT,ask,162,7268.831
2024-08-13 08:16:32,SOLUSDT,ask,180,24353.995
2024-08-13 08:17:03,SOLUSDT,ask,150,11260.533
2024-08-13 08:17:12,SOLUSDT,bid,105,12841.521
2024-08-13 08:17:15,SOLUSDT,ask,150,11662.606
2024-08-13 08:17:17,SOLUSDT,bid,140,31791.742
2024-08-13 08:17:21,SOLUSDT,ask,160,12994.163
2024-08-13 08:17:24,SOLUSDT,bid,140,31793.949
2024-08-13 08:17:32,SOLUSDT,bid,133,8126.35
2024-08-13 08:17:34,SOLUSDT,bid,140,31791.325
2024-08-13 08:17:34,SOLUSDT,bid,130,15804.355
2024-08-13 08:17:37,SOLUSDT,bid,125,22009.131
2024-08-13 08:17:38,SOLUSDT,bid,138,16343.685
2024-08-13 08:17:47,SOLUSDT,ask,170,12927.152
2024-08-13 08:18:05,SOLUSDT,bid,138,16342.236
2024-08-13 08:18:19,SOLUSDT,bid,140,31790.408
2024-08-13 08:18:19,SOLUSDT,ask,165,14712.421
2024-08-13 08:18:23,SOLUSDT,ask,155,8137.514
2024-08-13 08:18:23,SOLUSDT,ask,170,12925.181
2024-08-13 08:18:25,SOLUSDT,bid,140,31826.122
2024-08-13 08:18:31,SOLUSDT,ask,165,14692.441
2024-08-13 08:18:33,SOLUSDT,ask,150,11662.652
2024-08-13 08:18:46,SOLUSDT,ask,170,12967.207
2024-08-13 08:18:48,SOLUSDT,bid,140,31825.408
2024-08-13 08:18:49,SOLUSDT,bid,140,31828.408
2024-08-13 08:18:57,SOLUSDT,ask,169,5938.227
2024-08-13 08:18:59,SOLUSDT,ask,155,8139.514
2024-08-13 08:19:00,SOLUSDT,bid,132,8335.7
2024-08-13 08:19:15,SOLUSDT,bid,110,27875.209
2024-08-13 08:19:28,SOLUSDT,bid,140,31826.623
2024-08-13 08:19:36,SOLUSDT,bid,140,31823.623
2024-08-13 08:19:43,SOLUSDT,ask,190,23438.493
2024-08-13 08:19:43,SOLUSDT,bid,90,20745.537
2024-08-13 08:19:59,SOLUSDT,ask,150,11851.615
2024-08-13 08:20:02,SOLUSDT,ask,150,11850.986
2024-08-13 08:20:10,SOLUSDT,ask,150,11850.151
2024-08-13 08:20:17,SOLUSDT,ask,155,8137.877
2024-08-13 08:20:22,SOLUSDT,bid,110,27872.608
2024-08-13 08:20:35,SOLUSDT,bid,125,22007.531
2024-08-13 08:20:45,SOLUSDT,ask,150,11851.647
2024-08-13 08:20:50,SOLUSDT,bid,105,12840.521
2024-08-13 08:20:58,SOLUSDT,ask,200,44922.044
2024-08-13 08:21:10,SOLUSDT,bid,138,16124.364
2024-08-13 08:21:24,SOLUSDT,bid,140,31823.878
2024-08-13 08:21:32,SOLUSDT,bid,131,9379.203
2024-08-13 08:21:33,SOLUSDT,ask,155,8135.803
2024-08-13 08:21:55,SOLUSDT,ask,150,11851.987
2024-08-13 08:22:13,SOLUSDT,bid,138,16122.991
2024-08-13 08:22:27,SOLUSDT,bid,110,27867.608
2024-08-13 08:22:39,SOLUSDT,bid,111,13851.486
2024-08-13 08:22:44,SOLUSDT,ask,158,13286.845
2024-08-13 08:23:06,SOLUSDT,ask,158,13285.363
2024-08-13 08:23:15,SOLUSDT,bid,100,35833.977
2024-08-13 08:23:19,SOLUSDT,ask,180,24353.248
2024-08-13 08:23:20,SOLUSDT,ask,150,11853.983
2024-08-13 08:23:23,SOLUSDT,ask,180,24353.995
2024-08-13 08:23:28,SOLUSDT,bid,125,22007.751
2024-08-13 08:23:38,SOLUSDT,bid,111,13847.21
2024-08-13 08:23:38,SOLUSDT,ask,190,23434.217
2024-08-13 08:23:50,SOLUSDT,bid,110,27867.858
2024-08-13 08:24:03,SOLUSDT,bid,111,13848.136
2024-08-13 08:24:05,SOLUSDT,ask,155,8136.503
2024-08-13 08:24:09,SOLUSDT,bid,139,11572.176
2024-08-13 08:24:19,SOLUSDT,ask,162,7268.104
2024-08-13 08:24:19,SOLUSDT,ask,155,8135.803
2024-08-13 08:24:24,SOLUSDT,ask,155,8136.503
2024-08-13 08:24:26,SOLUSDT,ask,162,7268.9
2024-08-13 08:24:27,SOLUSDT,ask,155,8135.486
2024-08-13 08:24:42,SOLUSDT,ask,170,12968.443
2024-08-13 08:24:47,SOLUSDT,bid,110,27879.221
2024-08-13 08:24:47,SOLUSDT,ask,175,10007.412
2024-08-13 08:25:01,SOLUSDT,ask,170,12963.73
2024-08-13 08:25:03,SOLUSDT,bid,100,35828.921
2024-08-13 08:25:14,SOLUSDT,bid,115,26614.894
2024-08-13 08:25:18,SOLUSDT,ask,150,11854.036
2024-08-13 08:25:30,SOLUSDT,ask,165,14697.154
2024-08-13 08:25:32,SOLUSDT,bid,120,23190.334
2024-08-13 08:25:32,SOLUSDT,bid,110,27867.858
2024-08-13 08:25:47,SOLUSDT,bid,139,11571.457
2024-08-13 08:26:02,SOLUSDT,bid,130,15814.137
2024-08-13 08:26:04,SOLUSDT,ask,150,11854.198
2024-08-13 08:26:15,SOLUSDT,bid,140,31824.537
2024-08-13 08:26:21,SOLUSDT,ask,200,44911.929
2024-08-13 08:26:28,SOLUSDT,ask,160,12994.584
2024-08-13 08:26:30,SOLUSDT,ask,150,11847.254
2024-08-13 08:26:35,SOLUSDT,ask,158,13285.468
2024-08-13 08:26:36,SOLUSDT,bid,140,31824.693
2024-08-13 08:26:51,SOLUSDT,bid,125,22006.511
2024-08-13 08:26:59,SOLUSDT,ask,155,8140.486
2024-08-13 08:26:59,SOLUSDT,bid,130,15812.287
2024-08-13 08:27:00,SOLUSDT,ask,150,11857.254
2024-08-13 08:27:17,SOLUSDT,ask,180,24355.272
2024-08-13 08:27:18,SOLUSDT,ask,260,8035.014
2024-08-13 08:27:28,SOLUSDT,bid,140,31924.693
2024-08-13 08:27:29,SOLUSDT,bid,131,9380.071
2024-08-13 08:27:43,SOLUSDT,bid,115,26609.694
2024-08-13 08:27:43,SOLUSDT,bid,111,13853.336
2024-08-13 08:27:47,SOLUSDT,ask,300,9218.462
2024-08-13 08:27:52,SOLUSDT,ask,155,8137.898
2024-08-13 08:27:54,SOLUSDT,ask,160,12994.323
2024-08-13 08:28:52,SOLUSDT,ask,150,11860.602
2024-08-13 08:29:08,SOLUSDT,bid,140,31923.694
2024-08-13 08:29:32,SOLUSDT,ask,150,11845.83
2024-08-13 08:29:42,SOLUSDT,bid,140,31924.034
2024-08-13 08:29:46,SOLUSDT,ask,150,11849.126
2024-08-13 08:30:10,SOLUSDT,ask,155,8130.458
2024-08-13 08:30:27,SOLUSDT,bid,140,31923.32
2024-08-13 08:30:27,SOLUSDT,bid,138,16122.267
2024-08-13 08:30:27,SOLUSDT,bid,132,8334.943
2024-08-13 08:30:27,SOLUSDT,bid,130,15811.518
2024-08-13 08:30:27,SOLUSDT,bid,120,23189.501
2024-08-13 08:30:28,SOLUSDT,ask,150,11858.126
2024-08-13 08:30:38,SOLUSDT,bid,130,15810.824
2024-08-13 08:30:40,SOLUSDT,bid,120,23185.493
2024-08-13 08:30:46,SOLUSDT,bid,140,31922.661
2024-08-13 08:30:48,SOLUSDT,bid,125,22006.269
2024-08-13 08:30:54,SOLUSDT,ask,185,19501.47
2024-08-13 08:31:15,SOLUSDT,bid,125,22006.309
2024-08-13 08:31:27,SOLUSDT,bid,121,8994.479
2024-08-13 08:31:36,SOLUSDT,bid,140,31922.321
2024-08-13 08:31:56,SOLUSDT,ask,162,7236.754
2024-08-13 08:32:13,SOLUSDT,bid,131,9553.518
2024-08-13 08:32:18,SOLUSDT,ask,150,11861.983
2024-08-13 08:32:19,SOLUSDT,bid,139,11572.176
2024-08-13 08:32:37,SOLUSDT,ask,150,11863.882
2024-08-13 08:32:40,SOLUSDT,ask,158,13284.756
2024-08-13 08:32:46,SOLUSDT,ask,155,8116.306
2024-08-13 08:33:00,SOLUSDT,bid,110,27862.725
2024-08-13 08:33:12,SOLUSDT,bid,140,31921.137
2024-08-13 08:33:12,SOLUSDT,ask,160,12994.254
2024-08-13 08:33:27,SOLUSDT,bid,135,22316.032
2024-08-13 08:33:28,SOLUSDT,bid,140,31920.137
2024-08-13 08:33:34,SOLUSDT,ask,150,11862.867
2024-08-13 08:33:38,SOLUSDT,ask,155,8130.458
2024-08-13 08:33:47,SOLUSDT,bid,125,22006.842
2024-08-13 08:33:50,SOLUSDT,ask,200,44913.929
2024-08-13 08:33:57,SOLUSDT,ask,150,11862.467
2024-08-13 08:33:57,SOLUSDT,bid,140,31919.073
2024-08-13 08:34:07,SOLUSDT,ask,155,8123.494
2024-08-13 08:34:13,SOLUSDT,ask,200,44892.338
2024-08-13 08:34:21,SOLUSDT,ask,200,44890.338
2024-08-13 08:34:22,SOLUSDT,ask,155,8123.744
2024-08-13 08:34:23,SOLUSDT,bid,120,23182.317
2024-08-13 08:34:26,SOLUSDT,bid,115,26609.777
2024-08-13 08:34:31,SOLUSDT,bid,132,8334.565
2024-08-13 08:34:38,SOLUSDT,ask,170,12977.671
2024-08-13 08:34:46,SOLUSDT,bid,121,8963.722
2024-08-13 08:34:47,SOLUSDT,bid,138,16097.629
2024-08-13 08:34:49,SOLUSDT,bid,132,8334.943
2024-08-13 08:34:49,SOLUSDT,ask,150,11878.03
2024-08-13 08:34:56,SOLUSDT,ask,150,11868.378
2024-08-13 08:35:00,SOLUSDT,bid,120,23181.817
2024-08-13 08:35:01,SOLUSDT,bid,131,9576.894
2024-08-13 08:35:01,SOLUSDT,ask,155,8109.592
2024-08-13 08:35:10,SOLUSDT,ask,160,12994.292
2024-08-13 08:35:28,SOLUSDT,ask,200,44904.732
2024-08-13 08:35:32,SOLUSDT,bid,90,20741.643
2024-08-13 08:35:33,SOLUSDT,bid,133,8127.179
2024-08-13 08:35:37,SOLUSDT,ask,150,11869.497
2024-08-13 08:35:39,SOLUSDT,ask,155,8123.744
2024-08-13 08:35:41,SOLUSDT,ask,160,12994.152
2024-08-13 08:35:43,SOLUSDT,ask,155,8365.334
2024-08-13 08:35:57,SOLUSDT,ask,185,19500.862
2024-08-13 08:35:59,SOLUSDT,ask,150,11868.378
2024-08-13 08:36:04,SOLUSDT,bid,125,22006.059
2024-08-13 08:36:09,SOLUSDT,bid,115,26593.143
2024-08-13 08:36:11,SOLUSDT,ask,165,14695.156
2024-08-13 08:36:39,SOLUSDT,bid,133,8126.35
2024-08-13 08:36:40,SOLUSDT,ask,180,24354.272
2024-08-13 08:36:42,SOLUSDT,ask,150,11878.696
2024-08-13 08:36:42,SOLUSDT,ask,150,11878.836
2024-08-13 08:36:46,SOLUSDT,ask,155,8362.531
2024-08-13 08:37:05,SOLUSDT,ask,150,11889.706
2024-08-13 08:37:10,SOLUSDT,bid,120,23182.463
2024-08-13 08:37:12,SOLUSDT,ask,150,11892.509
2024-08-13 08:37:12,SOLUSDT,ask,200,44917.336
2024-08-13 08:37:12,SOLUSDT,ask,163,6847.267
2024-08-13 08:37:16,SOLUSDT,ask,162,7237.096
2024-08-13 08:37:17,SOLUSDT,ask,150,11893.089
2024-08-13 08:37:19,SOLUSDT,bid,140,31918.073
2024-08-13 08:37:20,SOLUSDT,ask,250,17722.186
2024-08-13 08:37:25,SOLUSDT,ask,185,19468.267
2024-08-13 08:37:32,SOLUSDT,ask,150,11913.089
2024-08-13 08:37:33,SOLUSDT,bid,115,26592.843
2024-08-13 08:37:36,SOLUSDT,bid,140,31914.502
2024-08-13 08:37:38,SOLUSDT,ask,150,11910.286
2024-08-13 08:37:38,SOLUSDT,bid,125,22006.68
2024-08-13 08:37:41,SOLUSDT,bid,125,22013.767
2024-08-13 08:37:43,SOLUSDT,ask,150,11908.942
2024-08-13 08:37:46,SOLUSDT,bid,135,22316.782
2024-08-13 08:37:48,SOLUSDT,bid,140,31921.644
2024-08-13 08:37:50,SOLUSDT,bid,140,31921.002
2024-08-13 08:37:52,SOLUSDT,bid,140,31919.537
2024-08-13 08:37:53,SOLUSDT,ask,155,8365.334
2024-08-13 08:38:19,SOLUSDT,bid,130,15810.324
2024-08-13 08:38:37,SOLUSDT,bid,120,23182.047
2024-08-13 08:38:46,SOLUSDT,bid,140,31919.626
2024-08-13 08:38:46,SOLUSDT,bid,131,9576.946
2024-08-13 08:38:46,SOLUSDT,ask,160,12994.204
2024-08-13 08:38:53,SOLUSDT,bid,139,11571.457
2024-08-13 08:39:08,SOLUSDT,bid,140,31860.008
2024-08-13 08:39:15,SOLUSDT,ask,170,12977.427
2024-08-13 08:39:19,SOLUSDT,bid,140,31919.626
2024-08-13 08:39:26,SOLUSDT,bid,135,22363.152
2024-08-13 08:39:36,SOLUSDT,bid,130,15846.439
2024-08-13 08:39:42,SOLUSDT,bid,121,8963.848
2024-08-13 08:39:43,SOLUSDT,bid,120,23240.734
2024-08-13 08:39:48,SOLUSDT,bid,110,27926.747
2024-08-13 08:39:54,SOLUSDT,ask,150,11909.831
2024-08-13 08:40:04,SOLUSDT,ask,158,13284.796
2024-08-13 08:40:04,SOLUSDT,ask,155,8365.374
2024-08-13 08:40:05,SOLUSDT,ask,155,8365.434
2024-08-13 08:40:05,SOLUSDT,bid,130,15841.139
2024-08-13 08:40:10,SOLUSDT,bid,140,31919.666
2024-08-13 08:40:14,SOLUSDT,bid,131,9576.986
2024-08-13 08:40:16,SOLUSDT,bid,140,31918.666
2024-08-13 08:40:17,SOLUSDT,bid,125,22013.807
2024-08-13 08:40:21,SOLUSDT,ask,163,6847.208
2024-08-13 08:40:51,SOLUSDT,ask,155,8361.009
2024-08-13 08:41:25,SOLUSDT,bid,120,23242.401
2024-08-13 08:41:30,SOLUSDT,ask,150,11919.831
2024-08-13 08:41:33,SOLUSDT,ask,150,11916.326
2024-08-13 08:41:40,SOLUSDT,ask,200,44917.372
2024-08-13 08:41:41,SOLUSDT,bid,140,31918.702
2024-08-13 08:42:03,SOLUSDT,ask,150,12000.233
2024-08-13 08:42:18,SOLUSDT,bid,130,15842.139
2024-08-13 08:42:20,SOLUSDT,bid,130,15842.909
2024-08-13 08:42:28,SOLUSDT,ask,165,14694.14
2024-08-13 08:42:28,SOLUSDT,ask,155,8353.765
2024-08-13 08:42:28,SOLUSDT,ask,150,12009.52
2024-08-13 08:42:38,SOLUSDT,bid,140,31917.702
2024-08-13 08:42:45,SOLUSDT,ask,175,10008.77
2024-08-13 08:42:48,SOLUSDT,ask,150,12010.01
2024-08-13 08:42:53,SOLUSDT,bid,120,23243.228
2024-08-13 08:42:59,SOLUSDT,ask,150,12008.117
2024-08-13 08:43:20,SOLUSDT,ask,150,12045.043
2024-08-13 08:43:32,SOLUSDT,ask,158,13304.953
2024-08-13 08:43:47,SOLUSDT,bid,120,23185.137
2024-08-13 08:43:54,SOLUSDT,ask,170,12970.415
2024-08-13 08:44:04,SOLUSDT,ask,150,12044.23
2024-08-13 08:44:07,SOLUSDT,bid,125,22008.807
2024-08-13 08:44:09,SOLUSDT,ask,150,12044.48
2024-08-13 08:44:09,SOLUSDT,bid,130,15837.909
2024-08-13 08:44:14,SOLUSDT,ask,150,11950.011
2024-08-13 08:44:49,SOLUSDT,bid,133,8347.796
2024-08-13 08:44:53,SOLUSDT,bid,100,35823.921
2024-08-13 08:44:55,SOLUSDT,ask,185,19467.874
2024-08-13 08:45:00,SOLUSDT,bid,135,22362.152
2024-08-13 08:45:11,SOLUSDT,ask,160,13088.673
2024-08-13 08:45:12,SOLUSDT,ask,155,8363.407
2024-08-13 08:45:29,SOLUSDT,ask,158,13307.279
2024-08-13 08:45:37,SOLUSDT,bid,132,8333.943
2024-08-13 08:45:38,SOLUSDT,ask,150,11960.787
2024-08-13 08:45:55,SOLUSDT,ask,200,44962.912
2024-08-13 08:46:27,SOLUSDT,bid,130,15835.986
2024-08-13 08:46:35,SOLUSDT,bid,140,31918.059
2024-08-13 08:46:44,SOLUSDT,bid,138,16097.069
2024-08-13 08:46:44,SOLUSDT,bid,139,11585.874
2024-08-13 08:47:01,SOLUSDT,bid,140,30512.059
2024-08-13 08:47:02,SOLUSDT,ask,150,11959.788
2024-08-13 08:47:10,SOLUSDT,ask,150,11959.619
2024-08-13 08:47:13,SOLUSDT,ask,155,8362.862
2024-08-13 08:47:43,SOLUSDT,bid,140,30511.809
2024-08-13 08:47:44,SOLUSDT,ask,150,11944.056
2024-08-13 08:47:49,SOLUSDT,bid,115,26592.322
2024-08-13 08:47:49,SOLUSDT,ask,162,7237.223
2024-08-13 08:47:53,SOLUSDT,bid,120,23183.471
2024-08-13 08:48:02,SOLUSDT,ask,160,13089.229
2024-08-13 08:48:03,SOLUSDT,ask,162,7237.657
2024-08-13 08:48:10,SOLUSDT,ask,155,8364.86
2024-08-13 08:48:16,SOLUSDT,bid,120,23180.258
2024-08-13 08:48:30,SOLUSDT,ask,150,11933.28
2024-08-13 08:48:41,SOLUSDT,ask,160,13088.217
2024-08-13 08:48:46,SOLUSDT,ask,193,9219.001
2024-08-13 08:48:57,SOLUSDT,bid,135,22362.269
2024-08-13 08:49:07,SOLUSDT,ask,150,11940.416
2024-08-13 08:49:10,SOLUSDT,bid,123,8415.377
2024-08-13 08:49:18,SOLUSDT,bid,113,19212.371
2024-08-13 08:49:36,SOLUSDT,bid,133,8348.025
2024-08-13 08:49:44,SOLUSDT,bid,130,15836.993
2024-08-13 08:49:44,SOLUSDT,bid,125,22007.8
2024-08-13 08:50:03,SOLUSDT,bid,115,27987.315
2024-08-13 08:50:05,SOLUSDT,ask,150,11991.325
2024-08-13 08:50:22,SOLUSDT,ask,150,11991.59
2024-08-13 08:50:23,SOLUSDT,ask,155,8363.868
2024-08-13 08:50:40,SOLUSDT,bid,140,30510.809
2024-08-13 08:50:52,SOLUSDT,bid,140,30510.738
2024-08-13 08:50:56,SOLUSDT,bid,115,27978.617
2024-08-13 08:51:03,SOLUSDT,bid,132,8334.027
2024-08-13 08:51:05,SOLUSDT,bid,130,15837.256
2024-08-13 08:51:06,SOLUSDT,bid,120,23179.925
2024-08-13 08:51:21,SOLUSDT,ask,180,24377.806
2024-08-13 08:51:25,SOLUSDT,bid,139,11579.826
2024-08-13 08:51:47,SOLUSDT,bid,140,30512.298
2024-08-13 08:51:49,SOLUSDT,ask,250,17845.741
2024-08-13 08:51:52,SOLUSDT,ask,160,13088.271
2024-08-13 08:51:59,SOLUSDT,bid,140,30516.138
2024-08-13 08:52:03,SOLUSDT,ask,163,6849.177
2024-08-13 08:52:06,SOLUSDT,bid,130,15837.332
2024-08-13 08:52:11,SOLUSDT,ask,180,24385.534
2024-08-13 08:52:14,SOLUSDT,bid,132,8334.111
2024-08-13 08:52:14,SOLUSDT,bid,132,8334.195
2024-08-13 08:52:15,SOLUSDT,bid,132,8334.279
2024-08-13 08:52:18,SOLUSDT,bid,132,8334.363
2024-08-13 08:52:21,SOLUSDT,bid,132,8334.447
2024-08-13 08:52:23,SOLUSDT,bid,132,8334.522
2024-08-13 08:52:26,SOLUSDT,ask,150,11992.135
2024-08-13 08:52:26,SOLUSDT,bid,135,22361.269
2024-08-13 08:52:36,SOLUSDT,ask,160,13087.605
2024-08-13 08:52:53,SOLUSDT,ask,150,11991.506
2024-08-13 08:52:56,SOLUSDT,bid,132,8334.606
2024-08-13 08:52:56,SOLUSDT,bid,140,30521.138
2024-08-13 08:53:09,SOLUSDT,bid,125,22008.81
2024-08-13 08:53:10,SOLUSDT,ask,150,11990.357
2024-08-13 08:53:12,SOLUSDT,bid,140,30520.571
2024-08-13 08:53:13,SOLUSDT,ask,160,13089.296
2024-08-13 08:53:22,SOLUSDT,bid,138,16097.141
2024-08-13 08:53:35,SOLUSDT,ask,162,7241.017
2024-08-13 08:53:36,SOLUSDT,ask,150,11991.357
2024-08-13 08:53:37,SOLUSDT,bid,140,30520.642
2024-08-13 08:53:41,SOLUSDT,ask,200,44964.254
2024-08-13 08:53:45,SOLUSDT,ask,155,8364.519
2024-08-13 08:54:02,SOLUSDT,ask,162,7241.668
2024-08-13 08:54:06,SOLUSDT,ask,155,8365.519
2024-08-13 08:54:10,SOLUSDT,ask,155,8123.929
2024-08-13 08:54:12,SOLUSDT,ask,170,12971.051
2024-08-13 08:54:39,SOLUSDT,bid,135,22355.421
2024-08-13 08:54:42,SOLUSDT,ask,155,8132.541
2024-08-13 08:54:46,SOLUSDT,ask,150,11991.45
2024-08-13 08:54:50,SOLUSDT,bid,130,15837.256
2024-08-13 08:54:54,SOLUSDT,bid,135,22355.126
2024-08-13 08:55:20,SOLUSDT,ask,160,13090.296
2024-08-13 08:55:25,SOLUSDT,bid,120,23384.867
2024-08-13 08:55:34,SOLUSDT,bid,139,11579.717
2024-08-13 08:55:34,SOLUSDT,bid,135,22355.017
2024-08-13 08:55:34,SOLUSDT,bid,125,22008.701
2024-08-13 08:55:34,SOLUSDT,bid,121,8963.739
2024-08-13 08:55:34,SOLUSDT,bid,115,27978.508
2024-08-13 08:55:34,SOLUSDT,bid,111,13853.227
2024-08-13 08:55:34,SOLUSDT,bid,105,12840.412
2024-08-13 08:55:34,SOLUSDT,ask,155,8132.432
2024-08-13 08:55:34,SOLUSDT,ask,165,14694.031
2024-08-13 08:55:34,SOLUSDT,ask,169,5938.118
2024-08-13 08:55:34,SOLUSDT,ask,185,19467.765
2024-08-13 08:55:34,SOLUSDT,ask,197,10903.042
2024-08-13 08:55:34,SOLUSDT,bid,133,8347.916
2024-08-13 08:55:34,SOLUSDT,bid,131,9576.877
2024-08-13 08:55:34,SOLUSDT,bid,123,8415.268
2024-08-13 08:55:34,SOLUSDT,bid,113,19212.262
2024-08-13 08:55:34,SOLUSDT,ask,163,6849.068
2024-08-13 08:55:34,SOLUSDT,ask,175,10008.661
2024-08-13 08:55:34,SOLUSDT,ask,191,5517.31
2024-08-13 08:55:34,SOLUSDT,ask,193,9218.892
2024-08-13 08:55:34,SOLUSDT,ask,195,12029.8
2024-08-13 08:55:36,SOLUSDT,ask,150,12007.013
2024-08-13 08:55:42,SOLUSDT,ask,165,14682.423
2024-08-13 08:56:01,SOLUSDT,ask,163,6895.212
2024-08-13 08:56:01,SOLUSDT,ask,190,23388.073
2024-08-13 08:56:08,SOLUSDT,bid,110,27927.747
2024-08-13 08:56:10,SOLUSDT,ask,150,12008.81
2024-08-13 08:56:10,SOLUSDT,ask,150,12008.948
2024-08-13 08:56:27,SOLUSDT,ask,200,44964.4
2024-08-13 08:56:29,SOLUSDT,ask,158,13292.107
2024-08-13 08:56:47,SOLUSDT,ask,180,24384.515
2024-08-13 08:57:04,SOLUSDT,ask,150,12009.01
2024-08-13 08:57:14,SOLUSDT,bid,113,19210.048
2024-08-13 08:57:21,SOLUSDT,ask,155,8127.412
2024-08-13 08:57:26,SOLUSDT,bid,135,22357.009
2024-08-13 08:57:32,SOLUSDT,ask,150,12008.948
2024-08-13 08:57:34,SOLUSDT,ask,150,12005.492
2024-08-13 08:57:35,SOLUSDT,bid,120,23179.925
2024-08-13 08:57:40,SOLUSDT,bid,140,30518.635
2024-08-13 08:57:46,SOLUSDT,ask,162,7247.671
2024-08-13 08:58:17,SOLUSDT,ask,150,12015.909
2024-08-13 08:58:18,SOLUSDT,ask,150,12017.66
2024-08-13 08:58:35,SOLUSDT,bid,110,27928.976
2024-08-13 08:58:41,SOLUSDT,ask,150,12024.951
2024-08-13 08:58:49,SOLUSDT,ask,150,12026.318
2024-08-13 08:58:50,SOLUSDT,ask,160,13094.382
2024-08-13 08:58:56,SOLUSDT,ask,150,12028.318
2024-08-13 08:58:59,SOLUSDT,ask,155,8125.414
2024-08-13 08:59:05,SOLUSDT,ask,162,7228.007
2024-08-13 08:59:09,SOLUSDT,ask,150,12010.323
2024-08-13 08:59:18,SOLUSDT,ask,158,13291.491
2024-08-13 08:59:32,SOLUSDT,ask,160,13091.147
2024-08-13 08:59:48,SOLUSDT,bid,100,35821.911
2024-08-13 08:59:49,SOLUSDT,bid,132,8333.606
2024-08-13 08:59:57,SOLUSDT,ask,155,8122.318
2024-08-13 09:00:01,SOLUSDT,bid,110,28370.39
2024-08-13 09:00:05,SOLUSDT,bid,110,28369.39
2024-08-13 09:00:15,SOLUSDT,ask,158,13291.987
2024-08-13 09:00:18,SOLUSDT,ask,150,12010.261
2024-08-13 09:00:20,SOLUSDT,ask,155,8123.318
2024-08-13 09:00:21,SOLUSDT,ask,175,9808.661
2024-08-13 09:00:30,SOLUSDT,ask,150,12010.556
2024-08-13 09:00:47,SOLUSDT,ask,150,12009.733
2024-08-13 09:01:00,SOLUSDT,ask,150,12008.743
2024-08-13 09:01:02,SOLUSDT,ask,150,12008.805
2024-08-13 09:01:02,SOLUSDT,bid,140,30518.599
2024-08-13 09:01:04,SOLUSDT,bid,132,8333.522
2024-08-13 09:01:09,SOLUSDT,ask,190,23386.136
2024-08-13 09:01:25,SOLUSDT,ask,160,13093.084
2024-08-13 09:01:30,SOLUSDT,ask,180,24382.355
2024-08-13 09:01:33,SOLUSDT,bid,140,30519.313
2024-08-13 09:02:06,SOLUSDT,bid,125,21973.303
2024-08-13 09:02:07,SOLUSDT,ask,180,24382.624
2024-08-13 09:02:12,SOLUSDT,ask,150,12008.955
2024-08-13 09:02:14,SOLUSDT,bid,132,8333.438
2024-08-13 09:02:15,SOLUSDT,bid,132,8333.354
2024-08-13 09:02:15,SOLUSDT,bid,132,8333.27
2024-08-13 09:02:18,SOLUSDT,bid,132,8333.186
2024-08-13 09:02:21,SOLUSDT,bid,132,8333.102
2024-08-13 09:02:39,SOLUSDT,ask,165,14682.756
2024-08-13 09:02:51,SOLUSDT,ask,200,44965.401
2024-08-13 09:02:56,SOLUSDT,bid,132,8333.018
2024-08-13 09:03:11,SOLUSDT,ask,160,13088.998
2024-08-13 09:03:14,SOLUSDT,bid,120,23183.268
2024-08-13 09:03:18,SOLUSDT,ask,150,12008.893
2024-08-13 09:03:22,SOLUSDT,bid,140,30519.255
2024-08-13 09:03:22,SOLUSDT,ask,150,12008.838
2024-08-13 09:03:22,SOLUSDT,ask,155,8123.265
2024-08-13 09:03:22,SOLUSDT,ask,160,13088.947
2024-08-13 09:03:22,SOLUSDT,ask,165,14682.706
2024-08-13 09:03:22,SOLUSDT,ask,170,12971.003
2024-08-13 09:03:22,SOLUSDT,ask,175,9808.614
2024-08-13 09:03:22,SOLUSDT,ask,180,24382.579
2024-08-13 09:03:22,SOLUSDT,ask,185,19467.721
2024-08-13 09:03:22,SOLUSDT,ask,190,23386.093
2024-08-13 09:03:24,SOLUSDT,ask,188,10575.412
2024-08-13 09:03:24,SOLUSDT,ask,165,14682.981
2024-08-13 09:03:38,SOLUSDT,bid,139,11572.524
2024-08-13 09:03:42,SOLUSDT,bid,130,15837.026
2024-08-13 09:03:52,SOLUSDT,ask,150,12009.661
2024-08-13 09:03:53,SOLUSDT,ask,150,12011.447
2024-08-13 09:04:21,SOLUSDT,bid,140,30519.041
2024-08-13 09:04:32,SOLUSDT,bid,120,23181.268
2024-08-13 09:04:34,SOLUSDT,bid,130,15838.033
2024-08-13 09:04:40,SOLUSDT,bid,138,16097.442
2024-08-13 09:06:43,SOLUSDT,bid,140,30519.398
2024-08-13 09:06:48,SOLUSDT,bid,100,35821.411
2024-08-13 09:06:48,SOLUSDT,bid,90,20741.143
2024-08-13 09:06:51,SOLUSDT,bid,140,30520.026
2024-08-13 09:06:51,SOLUSDT,ask,150,12031.616
2024-08-13 09:06:52,SOLUSDT,ask,163,6888.693
2024-08-13 09:06:56,SOLUSDT,bid,115,27976.508
2024-08-13 09:06:58,SOLUSDT,bid,135,22356.502
2024-08-13 09:06:58,SOLUSDT,bid,130,15838.54
2024-08-13 09:07:00,SOLUSDT,bid,115,27957.098
2024-08-13 14:05:19,SOLUSDT,ask,210,25094.015
2024-08-13 14:05:40,SOLUSDT,ask,180,23897.652
2024-08-13 14:05:41,SOLUSDT,bid,135,21801.555
2024-08-13 14:05:48,SOLUSDT,ask,150,12117.365
2024-08-13 14:06:03,SOLUSDT,bid,140,30237.127
2024-08-13 14:06:10,SOLUSDT,ask,165,14632.467
2024-08-13 14:06:18,SOLUSDT,ask,150,12117.151
2024-08-13 14:06:26,SOLUSDT,ask,200,45153.75
2024-08-13 14:06:28,SOLUSDT,ask,150,12119.478
2024-08-13 14:06:29,SOLUSDT,ask,150,12121.272
2024-08-13 14:06:40,SOLUSDT,ask,150,12120.853
2024-08-13 14:06:52,SOLUSDT,ask,155,8141.541
2024-08-13 14:07:14,SOLUSDT,ask,150,12121.272
2024-08-13 14:07:18,SOLUSDT,ask,155,8139.53
2024-08-13 14:07:18,SOLUSDT,ask,160,14041.643
2024-08-13 14:07:19,SOLUSDT,ask,160,14043.118
2024-08-13 14:07:30,SOLUSDT,bid,140,30237.187
2024-08-13 14:07:39,SOLUSDT,bid,140,30235.187
2024-08-13 14:07:47,SOLUSDT,bid,140,30234.473
2024-08-13 14:07:50,SOLUSDT,ask,150,12121.772
2024-08-13 14:08:05,SOLUSDT,bid,140,30234.116
2024-08-13 14:08:14,SOLUSDT,ask,150,12118.869
2024-08-13 14:08:14,SOLUSDT,ask,150,12118.394
2024-08-13 14:08:16,SOLUSDT,ask,150,12118.127
2024-08-13 14:08:16,SOLUSDT,ask,150,12116.327
2024-08-13 14:08:17,SOLUSDT,ask,165,14632.948
2024-08-13 14:08:19,SOLUSDT,bid,100,35527.762
2024-08-13 14:08:53,SOLUSDT,bid,140,30223.935
2024-08-13 14:09:05,SOLUSDT,bid,140,30221.935
2024-08-13 14:09:31,SOLUSDT,bid,115,25596.478
2024-08-13 14:09:40,SOLUSDT,ask,155,8129.54
2024-08-13 14:09:42,SOLUSDT,ask,158,9049.532
2024-08-13 14:09:44,SOLUSDT,ask,158,9046.028
2024-08-13 14:09:52,SOLUSDT,ask,160,14043.07
2024-08-13 14:10:00,SOLUSDT,ask,155,8129.431
2024-08-13 14:10:13,SOLUSDT,ask,165,14633.057
2024-08-13 14:10:14,SOLUSDT,bid,130,16878.427
2024-08-13 14:10:30,SOLUSDT,ask,150,12116.287
2024-08-13 14:10:31,SOLUSDT,ask,150,12116.631
2024-08-13 14:10:38,SOLUSDT,ask,155,8141.832
2024-08-13 14:10:38,SOLUSDT,ask,180,23885.251
2024-08-13 14:10:39,SOLUSDT,bid,139,11780.707
2024-08-13 14:10:39,SOLUSDT,ask,165,14632.948
2024-08-13 14:11:02,SOLUSDT,ask,150,12116.08
2024-08-13 14:11:07,SOLUSDT,bid,105,12761.536
2024-08-13 14:11:08,SOLUSDT,ask,155,8139.72
2024-08-13 14:11:09,SOLUSDT,bid,133,8582.837
2024-08-13 14:11:25,SOLUSDT,bid,132,8220.898
2024-08-13 14:11:28,SOLUSDT,bid,140,30218.337
2024-08-13 14:11:53,SOLUSDT,ask,155,8138.717
2024-08-13 14:12:00,SOLUSDT,bid,130,16878.471
2024-08-13 14:12:08,SOLUSDT,ask,150,12113.753
2024-08-13 14:12:17,SOLUSDT,bid,140,30219.119
2024-08-13 14:12:30,SOLUSDT,bid,120,22514.06
2024-08-13 14:12:32,SOLUSDT,ask,155,8138.563
2024-08-13 14:12:33,SOLUSDT,bid,110,27473.128
2024-08-13 14:13:00,SOLUSDT,ask,150,12114.959
2024-08-13 14:13:20,SOLUSDT,bid,140,30319.119
2024-08-13 14:13:30,SOLUSDT,bid,130,16870.779
2024-08-13 14:13:30,SOLUSDT,ask,150,12114.535
2024-08-13 14:13:34,SOLUSDT,bid,140,30318.898
2024-08-13 14:13:48,SOLUSDT,ask,150,12113.329
2024-08-13 14:14:12,SOLUSDT,bid,132,8220.982
2024-08-13 14:14:26,SOLUSDT,bid,135,21802.555
2024-08-13 14:14:27,SOLUSDT,bid,111,13822.474
2024-08-13 14:14:28,SOLUSDT,bid,140,30320.02
2024-08-13 14:14:35,SOLUSDT,ask,200,45154.522
2024-08-13 14:14:39,SOLUSDT,bid,133,8575.316
2024-08-13 14:14:40,SOLUSDT,ask,150,12112.663
2024-08-13 14:14:42,SOLUSDT,bid,140,30319.948
2024-08-13 14:14:42,SOLUSDT,bid,139,11780.635
2024-08-13 14:14:42,SOLUSDT,bid,138,15257.208
2024-08-13 14:14:42,SOLUSDT,bid,135,21802.481
2024-08-13 14:14:42,SOLUSDT,bid,133,8575.24
2024-08-13 14:14:42,SOLUSDT,bid,132,8220.906
2024-08-13 14:14:42,SOLUSDT,bid,131,9438.993
2024-08-13 14:14:55,SOLUSDT,ask,195,11994.756
2024-08-13 14:14:55,SOLUSDT,ask,200,45152.522
2024-08-13 14:14:57,SOLUSDT,ask,150,12105.798
2024-08-13 14:14:59,SOLUSDT,ask,150,12091.682
2024-08-13 14:15:09,SOLUSDT,ask,150,12089.889
2024-08-13 14:15:15,SOLUSDT,ask,150,12118.883
2024-08-13 14:15:21,SOLUSDT,ask,158,9044.713
2024-08-13 14:15:23,SOLUSDT,ask,160,14042.53
2024-08-13 14:15:28,SOLUSDT,ask,158,9044.116
2024-08-13 14:15:31,SOLUSDT,ask,160,14041.895
2024-08-13 14:15:34,SOLUSDT,bid,140,30320.662
2024-08-13 14:15:35,SOLUSDT,bid,105,12760.526
2024-08-13 14:15:38,SOLUSDT,ask,160,14019.165
2024-08-13 14:15:41,SOLUSDT,ask,162,6893.575
2024-08-13 14:15:43,SOLUSDT,ask,160,14019.705
2024-08-13 14:15:51,SOLUSDT,ask,150,12141.613
2024-08-13 14:15:59,SOLUSDT,bid,140,30315.662
2024-08-13 14:16:04,SOLUSDT,ask,150,12134.62
2024-08-13 14:16:06,SOLUSDT,bid,111,13801.421
2024-08-13 14:16:13,SOLUSDT,ask,150,12113.859
2024-08-13 14:16:22,SOLUSDT,ask,175,9720.896
2024-08-13 14:16:22,SOLUSDT,ask,170,13150.635
2024-08-13 14:16:25,SOLUSDT,ask,150,12114.06
2024-08-13 14:16:30,SOLUSDT,ask,150,12113.35
2024-08-13 14:16:31,SOLUSDT,ask,185,19433.308
2024-08-13 14:16:38,SOLUSDT,ask,220,12349.793
2024-08-13 14:16:54,SOLUSDT,ask,150,12085.85
2024-08-13 14:17:09,SOLUSDT,bid,139,11779.916
2024-08-13 14:17:23,SOLUSDT,ask,155,8139.625
2024-08-13 14:17:25,SOLUSDT,ask,155,8146.545
2024-08-13 14:17:31,SOLUSDT,ask,150,12085.681
2024-08-13 14:17:33,SOLUSDT,ask,155,8307.835
2024-08-13 14:17:41,SOLUSDT,bid,138,15256.205
2024-08-13 14:18:00,SOLUSDT,ask,220,12350.428
2024-08-13 14:18:03,SOLUSDT,ask,150,12085.002
2024-08-13 14:18:06,SOLUSDT,bid,140,30315.559
2024-08-13 14:18:07,SOLUSDT,ask,150,12090.002
2024-08-13 14:18:09,SOLUSDT,ask,150,12085.002
2024-08-13 14:18:09,SOLUSDT,ask,150,12090.002
2024-08-13 14:18:10,SOLUSDT,ask,150,12070.938
2024-08-13 14:18:11,SOLUSDT,ask,150,12104.598
2024-08-13 14:18:12,SOLUSDT,ask,150,12099.598
2024-08-13 14:18:20,SOLUSDT,ask,160,14020.705
2024-08-13 14:18:34,SOLUSDT,ask,155,8309.258
2024-08-13 14:18:48,SOLUSDT,bid,138,15255.705
2024-08-13 14:18:48,SOLUSDT,bid,111,13802.421
2024-08-13 14:19:10,SOLUSDT,ask,150,12096.265
2024-08-13 14:19:16,SOLUSDT,ask,150,12100.122
2024-08-13 14:19:36,SOLUSDT,bid,120,22232.042
2024-08-13 14:19:39,SOLUSDT,bid,110,26906.759
2024-08-13 14:19:43,SOLUSDT,ask,150,12102.449
2024-08-13 14:19:46,SOLUSDT,ask,150,12101.45
2024-08-13 14:19:50,SOLUSDT,bid,138,15255.567
2024-08-13 14:19:52,SOLUSDT,bid,121,8803.097
2024-08-13 14:20:10,SOLUSDT,bid,115,25590.392
2024-08-13 14:20:15,SOLUSDT,ask,150,12101.236
2024-08-13 14:20:32,SOLUSDT,ask,160,14028.978
2024-08-13 14:20:34,SOLUSDT,ask,160,14020.705
2024-08-13 14:20:35,SOLUSDT,ask,160,14028.723
2024-08-13 14:20:47,SOLUSDT,ask,160,14020.705
2024-08-13 14:20:50,SOLUSDT,bid,140,30316.559
2024-08-13 14:21:00,SOLUSDT,ask,150,12103.948
2024-08-13 14:21:00,SOLUSDT,bid,130,16870.395
2024-08-13 14:21:15,SOLUSDT,ask,150,12104.223
2024-08-13 14:21:27,SOLUSDT,ask,150,12101.176
2024-08-13 14:21:29,SOLUSDT,ask,150,12201.176
2024-08-13 14:21:31,SOLUSDT,ask,150,12203.229
2024-08-13 14:21:40,SOLUSDT,ask,150,12224.762
2024-08-13 14:22:01,SOLUSDT,bid,131,8035.935
2024-08-13 14:22:01,SOLUSDT,bid,131,8027.604
2024-08-13 14:22:01,SOLUSDT,ask,150,12224.928
2024-08-13 14:22:05,SOLUSDT,ask,170,13150.7
2024-08-13 14:22:09,SOLUSDT,bid,130,16878.666
2024-08-13 14:22:09,SOLUSDT,bid,140,30316.417
2024-08-13 14:22:10,SOLUSDT,ask,155,8302.84
2024-08-13 14:22:11,SOLUSDT,bid,120,22141.007
2024-08-13 14:22:13,SOLUSDT,bid,130,16870.395
2024-08-13 14:22:21,SOLUSDT,bid,121,8802.317
2024-08-13 14:22:22,SOLUSDT,bid,138,15255.502
2024-08-13 14:22:22,SOLUSDT,bid,90,21362.366
2024-08-13 14:22:22,SOLUSDT,ask,170,13150.635
2024-08-13 14:22:25,SOLUSDT,bid,105,12761.001
2024-08-13 14:22:28,SOLUSDT,ask,150,12213.229
2024-08-13 14:22:46,SOLUSDT,bid,140,30316.217
2024-08-13 14:22:54,SOLUSDT,bid,130,16884.625
2024-08-13 14:22:55,SOLUSDT,ask,185,19411.056
2024-08-13 14:22:56,SOLUSDT,ask,163,6741.057
2024-08-13 14:23:01,SOLUSDT,ask,150,12393.008
2024-08-13 14:23:03,SOLUSDT,bid,100,35777.762
2024-08-13 14:23:07,SOLUSDT,ask,150,12392.62
2024-08-13 14:23:17,SOLUSDT,bid,130,16881.938
2024-08-13 14:23:20,SOLUSDT,bid,140,30315.503
2024-08-13 14:23:31,SOLUSDT,bid,138,15272.349
2024-08-13 14:23:38,SOLUSDT,bid,130,16883.938
2024-08-13 14:23:45,SOLUSDT,bid,130,16881.938
2024-08-13 14:23:50,SOLUSDT,bid,130,16884.038
2024-08-13 14:23:51,SOLUSDT,ask,155,8304.384
2024-08-13 14:23:53,SOLUSDT,ask,190,23569.786
2024-08-13 14:23:53,SOLUSDT,ask,163,6741.194
2024-08-13 14:23:56,SOLUSDT,bid,100,35777.899
2024-08-13 14:24:01,SOLUSDT,ask,150,12212.841
2024-08-13 14:24:02,SOLUSDT,ask,160,14026.478
2024-08-13 14:24:09,SOLUSDT,ask,150,12215.849
2024-08-13 14:24:13,SOLUSDT,bid,132,8220.822
2024-08-13 14:24:16,SOLUSDT,ask,250,17798.611
2024-08-13 14:24:24,SOLUSDT,bid,111,13787.421
2024-08-13 14:24:26,SOLUSDT,bid,120,22126.614
2024-08-13 14:24:30,SOLUSDT,ask,162,6893.177
2024-08-13 14:24:31,SOLUSDT,ask,150,12186.878
2024-08-13 14:24:36,SOLUSDT,ask,150,12186.677
2024-08-13 14:24:36,SOLUSDT,ask,160,14025.938
2024-08-13 14:24:36,SOLUSDT,bid,130,16897.142
2024-08-13 14:24:41,SOLUSDT,ask,150,12197.444
2024-08-13 14:24:42,SOLUSDT,bid,125,21002.697
2024-08-13 14:24:48,SOLUSDT,ask,150,12197.494
2024-08-13 14:24:52,SOLUSDT,bid,140,30315.203
2024-08-13 14:24:53,SOLUSDT,ask,162,6893.575
2024-08-13 14:24:56,SOLUSDT,ask,150,12199.568
2024-08-13 14:24:56,SOLUSDT,bid,140,30314.203
2024-08-13 14:25:07,SOLUSDT,ask,198,5819.297
2024-08-13 14:25:20,SOLUSDT,bid,135,21803.962
2024-08-13 14:25:22,SOLUSDT,ask,150,11926.141
2024-08-13 14:25:30,SOLUSDT,ask,150,11923.133
2024-08-13 14:25:32,SOLUSDT,ask,155,8304.349
2024-08-13 14:25:41,SOLUSDT,bid,140,30314.089
2024-08-13 14:25:41,SOLUSDT,ask,155,8304.235
2024-08-13 14:25:50,SOLUSDT,ask,155,8303.735
2024-08-13 14:26:03,SOLUSDT,bid,132,8229.146
2024-08-13 14:26:05,SOLUSDT,bid,135,21803.862
2024-08-13 14:26:05,SOLUSDT,bid,133,8575.14
2024-08-13 14:26:05,SOLUSDT,bid,131,9438.893
2024-08-13 14:26:05,SOLUSDT,bid,125,21002.597
2024-08-13 14:26:06,SOLUSDT,ask,158,9067.994
2024-08-13 14:26:09,SOLUSDT,bid,132,8220.822
2024-08-13 14:26:21,SOLUSDT,bid,139,11776.901
2024-08-13 14:26:22,SOLUSDT,bid,100,35746.233
2024-08-13 14:26:30,SOLUSDT,ask,150,11928.588
2024-08-13 14:26:32,SOLUSDT,ask,150,11899.216
2024-08-13 14:26:52,SOLUSDT,ask,150,11897.422
2024-08-13 14:26:57,SOLUSDT,bid,131,9440.25
2024-08-13 14:27:04,SOLUSDT,bid,130,16896.942
2024-08-13 14:27:22,SOLUSDT,bid,130,16895.942
2024-08-13 14:27:23,SOLUSDT,ask,250,17814.532
2024-08-13 14:27:44,SOLUSDT,ask,158,9067.944
2024-08-13 14:27:44,SOLUSDT,ask,195,11990.16
2024-08-13 14:27:52,SOLUSDT,ask,155,8302.719
2024-08-13 14:28:05,SOLUSDT,ask,150,11898.438
2024-08-13 14:28:07,SOLUSDT,bid,140,30312.304
2024-08-13 14:28:08,SOLUSDT,ask,160,14024.679
2024-08-13 14:28:14,SOLUSDT,bid,90,21312.366
2024-08-13 14:28:19,SOLUSDT,bid,140,30312.448
2024-08-13 14:28:20,SOLUSDT,ask,155,8298.221
2024-08-13 14:28:36,SOLUSDT,ask,180,23886.468
2024-08-13 14:28:37,SOLUSDT,ask,150,11899.438
2024-08-13 14:28:51,SOLUSDT,bid,140,30312.658
2024-08-13 14:29:04,SOLUSDT,ask,193,9220.414
2024-08-13 14:29:07,SOLUSDT,ask,150,11903.936
2024-08-13 14:29:16,SOLUSDT,bid,105,12762.011
2024-08-13 14:29:26,SOLUSDT,bid,140,30312.301
2024-08-13 14:29:29,SOLUSDT,ask,246,5094.75
2024-08-13 14:29:30,SOLUSDT,ask,158,9044.066
2024-08-13 14:29:31,SOLUSDT,ask,150,11900.82
2024-08-13 14:29:56,SOLUSDT,ask,160,14024.8
2024-08-13 14:30:04,SOLUSDT,ask,210,25092.017
2024-08-13 14:30:10,SOLUSDT,bid,139,11777.62
2024-08-13 14:30:22,SOLUSDT,ask,150,11899.894
2024-08-13 14:30:28,SOLUSDT,ask,150,11899.561
2024-08-13 14:30:32,SOLUSDT,ask,163,6748.196
2024-08-13 14:30:36,SOLUSDT,ask,155,8293.994
2024-08-13 14:30:37,SOLUSDT,ask,210,25093.015
2024-08-13 14:30:38,SOLUSDT,bid,80,28215.552
2024-08-13 14:30:51,SOLUSDT,bid,132,8229.132
2024-08-13 14:30:51,SOLUSDT,bid,130,16896.018
2024-08-13 14:30:51,SOLUSDT,bid,132,8220.822
2024-08-13 14:30:56,SOLUSDT,ask,155,8292.76
2024-08-13 14:31:19,SOLUSDT,bid,131,9430.25
2024-08-13 14:31:19,SOLUSDT,bid,125,21012.597
2024-08-13 14:31:21,SOLUSDT,bid,133,8518.75
2024-08-13 14:31:23,SOLUSDT,bid,125,21002.597
2024-08-13 14:31:41,SOLUSDT,bid,125,21013.082
2024-08-13 14:31:58,SOLUSDT,bid,140,30311.944
2024-08-13 14:32:06,SOLUSDT,bid,139,11773.827
2024-08-13 14:32:30,SOLUSDT,bid,100,35720.584
2024-08-13 14:32:33,SOLUSDT,bid,100,35730.584
2024-08-13 14:32:35,SOLUSDT,ask,150,11900.242
2024-08-13 14:32:48,SOLUSDT,ask,190,23420.002
2024-08-13 14:32:54,SOLUSDT,bid,130,16889.08
2024-08-13 14:32:57,SOLUSDT,bid,110,26920.395
2024-08-13 14:33:04,SOLUSDT,ask,162,7043.359
2024-08-13 14:33:09,SOLUSDT,ask,150,11901.892
2024-08-13 14:33:12,SOLUSDT,ask,158,9042.682
2024-08-13 14:33:20,SOLUSDT,bid,132,8229.223
2024-08-13 14:33:26,SOLUSDT,bid,135,21804.003
2024-08-13 14:33:27,SOLUSDT,ask,150,11850.983
2024-08-13 14:33:28,SOLUSDT,bid,132,8220.822
2024-08-13 14:33:50,SOLUSDT,ask,210,25043.458
2024-08-13 14:33:52,SOLUSDT,bid,135,21777.003
2024-08-13 14:33:54,SOLUSDT,bid,125,21002.597
2024-08-13 14:33:59,SOLUSDT,ask,150,11829.97
2024-08-13 14:33:59,SOLUSDT,ask,162,7043.009
2024-08-13 14:34:06,SOLUSDT,bid,140,30312.056
2024-08-13 14:34:06,SOLUSDT,bid,130,16890.08
2024-08-13 14:34:08,SOLUSDT,bid,135,21777.103
2024-08-13 14:34:08,SOLUSDT,bid,130,16889.98
2024-08-13 14:34:09,SOLUSDT,bid,115,25590.892
2024-08-13 14:34:13,SOLUSDT,bid,125,21002.697
2024-08-13 14:34:13,SOLUSDT,bid,120,22126.514
2024-08-13 14:34:16,SOLUSDT,ask,155,8288.166
2024-08-13 14:34:17,SOLUSDT,bid,110,26920.295
2024-08-13 14:34:18,SOLUSDT,ask,150,11823.813
2024-08-13 14:34:26,SOLUSDT,bid,125,21013.182
2024-08-13 14:34:28,SOLUSDT,ask,150,11831.693
2024-08-13 14:34:29,SOLUSDT,ask,150,11831.866
2024-08-13 14:34:54,SOLUSDT,bid,135,21776.363
2024-08-13 14:34:54,SOLUSDT,bid,140,30315.029
2024-08-13 14:35:00,SOLUSDT,ask,150,11836.46
2024-08-13 14:35:01,SOLUSDT,bid,140,30307.887
2024-08-13 14:35:02,SOLUSDT,bid,140,30308.601
2024-08-13 14:35:03,SOLUSDT,bid,120,22122.595
2024-08-13 14:35:22,SOLUSDT,ask,155,8289.218
2024-08-13 14:35:23,SOLUSDT,bid,140,30309.612
2024-08-13 14:35:34,SOLUSDT,bid,130,16890.655
2024-08-13 14:35:44,SOLUSDT,bid,135,21822.97
2024-08-13 14:35:49,SOLUSDT,bid,100,35730.401
2024-08-13 14:35:54,SOLUSDT,bid,140,30309.396
2024-08-13 14:35:54,SOLUSDT,bid,110,26915.295
2024-08-13 14:36:10,SOLUSDT,bid,130,16890.763
2024-08-13 14:36:11,SOLUSDT,bid,140,30309.146
2024-08-13 14:36:12,SOLUSDT,bid,120,22125.928
2024-08-13 14:36:23,SOLUSDT,ask,150,11863.933
2024-08-13 14:36:40,SOLUSDT,ask,150,11863.388
2024-08-13 14:36:41,SOLUSDT,bid,139,11773.108
2024-08-13 14:36:46,SOLUSDT,bid,111,13789.43
2024-08-13 14:36:48,SOLUSDT,bid,140,30304.86
2024-08-13 14:36:50,SOLUSDT,bid,140,30304.96
2024-08-13 14:36:50,SOLUSDT,bid,135,21819.97
2024-08-13 14:36:52,SOLUSDT,bid,135,21816.97
2024-08-13 14:36:57,SOLUSDT,bid,123,8204.768
2024-08-13 14:36:59,SOLUSDT,bid,123,8190.265
2024-08-13 14:37:00,SOLUSDT,ask,160,14025.837
2024-08-13 14:37:11,SOLUSDT,ask,165,14654.948
2024-08-13 14:37:25,SOLUSDT,ask,170,13148.37
2024-08-13 14:37:26,SOLUSDT,ask,150,11849.843
2024-08-13 14:37:31,SOLUSDT,ask,150,9145.843
2024-08-13 14:37:41,SOLUSDT,bid,135,21820.97
2024-08-13 14:37:51,SOLUSDT,bid,110,26909.866
2024-08-13 14:37:58,SOLUSDT,ask,160,14024.479
2024-08-13 14:37:59,SOLUSDT,ask,150,14954.843
2024-08-13 14:38:20,SOLUSDT,ask,150,15000.308
2024-08-13 14:38:21,SOLUSDT,ask,150,14944.604
2024-08-13 14:38:25,SOLUSDT,bid,120,22087.426
2024-08-13 14:38:40,SOLUSDT,ask,158,9044.04
2024-08-13 14:38:45,SOLUSDT,bid,140,30301.96
2024-08-13 14:38:46,SOLUSDT,bid,130,16885.763
2024-08-13 14:38:51,SOLUSDT,bid,130,16888.369
2024-08-13 14:38:59,SOLUSDT,ask,190,23422.016
2024-08-13 14:39:03,SOLUSDT,bid,115,25591.761
2024-08-13 14:39:06,SOLUSDT,bid,140,30301.578
2024-08-13 14:39:06,SOLUSDT,bid,130,16888.751
2024-08-13 14:39:07,SOLUSDT,ask,180,23884.466
2024-08-13 14:39:11,SOLUSDT,bid,140,30301.515
2024-08-13 14:39:21,SOLUSDT,bid,140,30300.636
2024-08-13 14:39:33,SOLUSDT,ask,155,8290.059
2024-08-13 14:39:35,SOLUSDT,ask,150,14943.605
2024-08-13 14:39:41,SOLUSDT,ask,170,13148.87
2024-08-13 14:39:41,SOLUSDT,ask,190,23421.516
2024-08-13 14:39:42,SOLUSDT,ask,150,14942.716
2024-08-13 14:39:51,SOLUSDT,bid,120,22088.883
2024-08-13 14:39:54,SOLUSDT,bid,133,8520.981
2024-08-13 14:40:09,SOLUSDT,ask,160,14023.466
2024-08-13 14:40:16,SOLUSDT,bid,115,25566.761
2024-08-13 14:40:20,SOLUSDT,ask,160,14024.479
2024-08-13 14:40:21,SOLUSDT,bid,138,15282.349
2024-08-13 14:40:34,SOLUSDT,bid,140,30300.736
2024-08-13 14:40:34,SOLUSDT,bid,130,16887.751
2024-08-13 14:40:34,SOLUSDT,ask,150,14937.261
2024-08-13 14:40:43,SOLUSDT,ask,150,14939.259
2024-08-13 14:40:51,SOLUSDT,bid,135,21821.07
2024-08-13 14:41:16,SOLUSDT,ask,150,14938.901
2024-08-13 14:41:17,SOLUSDT,bid,100,35730.747
2024-08-13 14:41:22,SOLUSDT,ask,163,6462.196
2024-08-13 14:41:22,SOLUSDT,bid,135,21796.07
2024-08-13 14:41:29,SOLUSDT,ask,150,14944.591
2024-08-13 14:41:33,SOLUSDT,ask,160,14023.062
2024-08-13 14:41:44,SOLUSDT,ask,155,8289.947
2024-08-13 14:41:48,SOLUSDT,bid,139,11774.609
2024-08-13 14:41:49,SOLUSDT,ask,180,23884.529
2024-08-13 14:41:49,SOLUSDT,ask,165,14655.011
2024-08-13 14:41:50,SOLUSDT,ask,162,7043.072
2024-08-13 14:41:51,SOLUSDT,ask,150,14944.654
2024-08-13 14:41:51,SOLUSDT,bid,138,15282.412
2024-08-13 14:41:52,SOLUSDT,bid,135,21796.133
2024-08-13 14:41:52,SOLUSDT,bid,132,8220.885
2024-08-13 14:41:53,SOLUSDT,bid,123,8190.328
2024-08-13 14:41:53,SOLUSDT,bid,120,22088.946
2024-08-13 14:42:05,SOLUSDT,bid,125,21009.572
2024-08-13 14:42:07,SOLUSDT,ask,170,13146.985
2024-08-13 14:42:10,SOLUSDT,bid,120,22114.446
2024-08-13 14:42:20,SOLUSDT,bid,140,30300.936
2024-08-13 14:42:22,SOLUSDT,ask,150,14946.539
2024-08-13 14:42:23,SOLUSDT,bid,125,21015.572
2024-08-13 14:42:25,SOLUSDT,ask,150,14945.515
2024-08-13 14:42:40,SOLUSDT,bid,140,30300.244
2024-08-13 14:42:40,SOLUSDT,bid,100,35731.247
2024-08-13 14:42:51,SOLUSDT,bid,120,22088.946
2024-08-13 14:42:53,SOLUSDT,bid,140,30300.28
2024-08-13 14:42:57,SOLUSDT,ask,160,14029.116
2024-08-13 14:43:03,SOLUSDT,bid,90,21312.921
2024-08-13 14:43:17,SOLUSDT,ask,150,14946.515
2024-08-13 14:43:20,SOLUSDT,bid,120,22089.946
2024-08-13 14:43:23,SOLUSDT,bid,80,28216.177
2024-08-13 14:43:28,SOLUSDT,ask,158,9041.199
2024-08-13 14:43:33,SOLUSDT,ask,150,14947.087
2024-08-13 14:43:33,SOLUSDT,ask,155,8290.946
2024-08-13 14:43:36,SOLUSDT,bid,100,35732.594
2024-08-13 14:43:37,SOLUSDT,ask,200,45150.729
2024-08-13 14:43:37,SOLUSDT,ask,200,45151.422
2024-08-13 14:43:43,SOLUSDT,ask,160,14029.53
2024-08-13 14:43:44,SOLUSDT,ask,155,8289.828
2024-08-13 14:43:50,SOLUSDT,ask,180,23882.049
2024-08-13 14:44:01,SOLUSDT,ask,155,8306.091
2024-08-13 14:44:12,SOLUSDT,ask,155,8306.203
2024-08-13 14:44:14,SOLUSDT,ask,195,11988.685
2024-08-13 14:44:17,SOLUSDT,bid,140,30303.074
2024-08-13 14:44:17,SOLUSDT,ask,200,45151.486
2024-08-13 14:44:20,SOLUSDT,ask,160,14029.594
2024-08-13 14:44:20,SOLUSDT,ask,195,11994.15
2024-08-13 14:44:22,SOLUSDT,bid,120,22090.01
2024-08-13 14:44:26,SOLUSDT,bid,80,28216.241
2024-08-13 14:44:42,SOLUSDT,ask,155,8308.683
2024-08-13 14:44:43,SOLUSDT,ask,158,9047.528
2024-08-13 14:44:53,SOLUSDT,ask,180,23873.059
2024-08-13 14:44:55,SOLUSDT,ask,155,8308.29
2024-08-13 14:44:59,SOLUSDT,bid,140,30302.974
2024-08-13 14:45:17,SOLUSDT,ask,155,8309.29
2024-08-13 14:45:18,SOLUSDT,bid,115,25599.984
2024-08-13 14:45:34,SOLUSDT,ask,150,14948.417
2024-08-13 14:45:43,SOLUSDT,ask,160,13698.249
2024-08-13 14:45:54,SOLUSDT,bid,125,21015.528
2024-08-13 14:45:54,SOLUSDT,ask,160,13698.205
2024-08-13 14:46:04,SOLUSDT,ask,150,14939.11
2024-08-13 14:46:07,SOLUSDT,ask,150,14988.667
2024-08-13 14:46:15,SOLUSDT,bid,140,30302.085
2024-08-13 14:46:31,SOLUSDT,bid,139,11773.108
2024-08-13 14:46:41,SOLUSDT,bid,138,15246.181
2024-08-13 14:46:47,SOLUSDT,ask,150,14980.66
2024-08-13 14:46:56,SOLUSDT,ask,160,13698.238
2024-08-13 14:46:57,SOLUSDT,bid,120,22088.539
2024-08-13 14:46:58,SOLUSDT,ask,150,14980.395
2024-08-13 14:46:58,SOLUSDT,bid,135,21795.133
2024-08-13 14:47:01,SOLUSDT,bid,130,16885.751
2024-08-13 14:47:12,SOLUSDT,bid,140,30308.951
2024-08-13 14:47:23,SOLUSDT,ask,150,14977.806
2024-08-13 14:47:24,SOLUSDT,ask,170,13148.215
2024-08-13 14:47:48,SOLUSDT,bid,125,21015.928
2024-08-13 14:47:55,SOLUSDT,bid,111,14122.152
2024-08-13 14:48:03,SOLUSDT,ask,158,9071.406
2024-08-13 14:48:08,SOLUSDT,bid,135,25195.517
2024-08-13 14:48:39,SOLUSDT,bid,140,30308.211
2024-08-13 14:48:53,SOLUSDT,ask,160,13698.14
2024-08-13 14:48:59,SOLUSDT,bid,133,8521.732
2024-08-13 14:49:11,SOLUSDT,bid,140,30306.783
2024-08-13 14:49:27,SOLUSDT,ask,158,9047.528
2024-08-13 14:49:46,SOLUSDT,ask,158,9046.17
2024-08-13 14:49:46,SOLUSDT,bid,121,8736.823
2024-08-13 14:49:48,SOLUSDT,ask,150,14928.249
2024-08-13 14:49:52,SOLUSDT,bid,100,35758.51
2024-08-13 14:49:55,SOLUSDT,ask,155,8310.648
2024-08-13 14:50:00,SOLUSDT,ask,150,14928.484
2024-08-13 14:50:01,SOLUSDT,ask,150,14943.689
2024-08-13 14:50:05,SOLUSDT,bid,130,16885.371
2024-08-13 14:50:09,SOLUSDT,ask,150,14922.156
2024-08-13 14:50:10,SOLUSDT,ask,162,7043.572
2024-08-13 14:50:10,SOLUSDT,ask,163,6461.696
2024-08-13 14:50:12,SOLUSDT,bid,105,12759.763
2024-08-13 14:50:15,SOLUSDT,bid,140,30305.921
2024-08-13 14:50:15,SOLUSDT,ask,160,13698.44
2024-08-13 14:50:30,SOLUSDT,bid,140,30307.349
2024-08-13 14:50:38,SOLUSDT,bid,130,16755.814
2024-08-13 14:50:50,SOLUSDT,ask,155,8307.648
2024-08-13 14:50:50,SOLUSDT,ask,158,9043.17
2024-08-13 14:50:50,SOLUSDT,ask,160,13695.44
2024-08-13 14:50:58,SOLUSDT,ask,150,14924.803
2024-08-13 14:51:01,SOLUSDT,bid,140,30427.652
2024-08-13 14:51:07,SOLUSDT,ask,150,14924.504
2024-08-13 14:51:08,SOLUSDT,bid,138,15260.451
2024-08-13 14:51:39,SOLUSDT,ask,160,13685.122
2024-08-13 14:51:53,SOLUSDT,bid,110,26909.776
2024-08-13 14:51:55,SOLUSDT,bid,115,25599.898
2024-08-13 14:52:06,SOLUSDT,bid,120,22088.456
2024-08-13 14:52:09,SOLUSDT,bid,125,21015.848
2024-08-13 14:52:54,SOLUSDT,ask,158,9042.207
2024-08-13 14:53:04,SOLUSDT,bid,130,16756.182
2024-08-13 14:53:05,SOLUSDT,ask,150,14925.467
2024-08-13 14:53:10,SOLUSDT,bid,140,30426.224
2024-08-13 14:53:10,SOLUSDT,bid,125,21013.448
2024-08-13 14:53:10,SOLUSDT,bid,110,26907.049
2024-08-13 14:53:22,SOLUSDT,ask,150,14925.714
2024-08-13 14:53:26,SOLUSDT,bid,110,26905.041
2024-08-13 14:53:29,SOLUSDT,bid,115,25589.898
2024-08-13 14:53:35,SOLUSDT,bid,130,16756.682
2024-08-13 14:53:39,SOLUSDT,ask,155,8308.648
2024-08-13 14:53:42,SOLUSDT,ask,150,14925.752
2024-08-13 14:54:00,SOLUSDT,ask,163,6460.696
2024-08-13 14:54:23,SOLUSDT,ask,158,9036.834
2024-08-13 14:54:49,SOLUSDT,ask,150,14922.419
2024-08-13 14:54:52,SOLUSDT,ask,160,13668.443
2024-08-13 14:55:08,SOLUSDT,bid,111,14107.152
2024-08-13 14:55:23,SOLUSDT,bid,130,16756.606
2024-08-13 14:55:38,SOLUSDT,bid,100,35769.043
2024-08-13 14:56:01,SOLUSDT,ask,160,13667.43
2024-08-13 14:56:03,SOLUSDT,bid,110,26883.832
2024-08-13 14:56:03,SOLUSDT,bid,100,35756.543
2024-08-13 14:56:05,SOLUSDT,bid,139,11773.827
2024-08-13 14:56:06,SOLUSDT,bid,133,8529.905
2024-08-13 14:56:07,SOLUSDT,bid,133,8521.732
2024-08-13 14:56:12,SOLUSDT,bid,140,30428.224
2024-08-13 14:56:17,SOLUSDT,ask,197,10897.852
2024-08-13 14:56:22,SOLUSDT,ask,150,14903.086
2024-08-13 14:56:23,SOLUSDT,bid,133,8530.144
2024-08-13 14:56:28,SOLUSDT,bid,133,8521.732
2024-08-13 14:56:38,SOLUSDT,ask,150,14903.026
2024-08-13 14:56:50,SOLUSDT,ask,150,14900.981
2024-08-13 14:57:10,SOLUSDT,bid,130,16756.106
2024-08-13 14:57:13,SOLUSDT,ask,197,10897.824
2024-08-13 14:57:25,SOLUSDT,bid,125,21010.948
2024-08-13 14:57:25,SOLUSDT,bid,120,22080.456
2024-08-13 14:57:25,SOLUSDT,bid,115,25583.898
2024-08-13 14:57:26,SOLUSDT,bid,131,9431.776
2024-08-13 14:58:06,SOLUSDT,ask,195,11994.243
2024-08-13 14:58:08,SOLUSDT,bid,110,26880.58
2024-08-13 14:58:08,SOLUSDT,ask,193,9219.649
2024-08-13 14:58:11,SOLUSDT,ask,163,6460.789
2024-08-13 14:58:11,SOLUSDT,ask,155,8308.741
2024-08-13 14:58:12,SOLUSDT,bid,135,25194.037
2024-08-13 14:58:14,SOLUSDT,bid,139,11773.92
2024-08-13 14:58:15,SOLUSDT,bid,131,9431.869
2024-08-13 14:58:16,SOLUSDT,bid,123,8190.421
2024-08-13 14:58:18,SOLUSDT,bid,115,25583.991
2024-08-13 14:58:29,SOLUSDT,ask,170,13154.159
2024-08-13 14:58:33,SOLUSDT,ask,150,14900.847
2024-08-13 14:58:45,SOLUSDT,ask,150,14900.784
2024-08-13 14:58:54,SOLUSDT,ask,162,7042.91
2024-08-13 14:58:57,SOLUSDT,ask,155,8308.068
2024-08-13 14:58:58,SOLUSDT,ask,180,23872.454
2024-08-13 14:59:08,SOLUSDT,ask,160,13662.435
2024-08-13 14:59:10,SOLUSDT,bid,138,15252.446
2024-08-13 14:59:16,SOLUSDT,ask,165,14653.811
2024-08-13 14:59:28,SOLUSDT,ask,150,14896.442
2024-08-13 14:59:32,SOLUSDT,ask,155,8308.568
2024-08-13 14:59:38,SOLUSDT,bid,111,14107.449
2024-08-13 14:59:44,SOLUSDT,ask,158,9034.434
2024-08-13 14:59:53,SOLUSDT,bid,133,8529.846
2024-08-13 15:00:01,SOLUSDT,ask,160,13665.432
2024-08-13 15:00:03,SOLUSDT,bid,133,8521.732
2024-08-13 15:00:03,SOLUSDT,bid,131,9439.502
2024-08-13 15:00:15,SOLUSDT,ask,155,8306.267
2024-08-13 15:00:17,SOLUSDT,bid,135,25208.851
2024-08-13 15:00:30,SOLUSDT,ask,160,13662.995
2024-08-13 15:00:34,SOLUSDT,bid,125,21026.95
2024-08-13 15:00:42,SOLUSDT,ask,158,9033.934
2024-08-13 15:00:52,SOLUSDT,bid,125,21031.538
2024-08-13 15:00:58,SOLUSDT,ask,185,19410.112
2024-08-13 15:01:30,SOLUSDT,ask,160,13663.939
2024-08-13 15:01:37,SOLUSDT,ask,170,13145.74
2024-08-13 15:02:16,SOLUSDT,bid,135,25209.777
2024-08-13 15:02:26,SOLUSDT,bid,115,25639.674
2024-08-13 15:02:27,SOLUSDT,ask,150,14897.441
2024-08-13 15:02:27,SOLUSDT,ask,155,8305.268
2024-08-13 15:02:30,SOLUSDT,ask,150,14890.4
2024-08-13 15:02:44,SOLUSDT,bid,133,8531.732
2024-08-13 15:02:55,SOLUSDT,bid,132,8240.885
2024-08-13 15:03:02,SOLUSDT,bid,140,30432.224
2024-08-13 15:03:05,SOLUSDT,ask,150,14889.013
2024-08-13 15:03:06,SOLUSDT,bid,133,8533.083
2024-08-13 15:03:12,SOLUSDT,bid,140,30434.224
2024-08-13 15:03:12,SOLUSDT,bid,139,11752.338
2024-08-13 15:03:15,SOLUSDT,bid,135,25217.777
2024-08-13 15:03:28,SOLUSDT,ask,158,9031.441
2024-08-13 15:03:31,SOLUSDT,bid,130,16762.943
2024-08-13 15:03:36,SOLUSDT,bid,132,8262.085
2024-08-13 15:03:39,SOLUSDT,ask,210,25043.505
2024-08-13 15:03:42,SOLUSDT,ask,150,14888.451
2024-08-13 15:03:45,SOLUSDT,ask,160,13651.728
2024-08-13 15:03:47,SOLUSDT,ask,155,8307.761
2024-08-13 15:03:50,SOLUSDT,ask,150,14885.732
2024-08-13 15:03:51,SOLUSDT,bid,132,8247.392
2024-08-13 15:03:55,SOLUSDT,bid,140,30438.149
2024-08-13 15:03:56,SOLUSDT,bid,115,25638.784
2024-08-13 15:04:00,SOLUSDT,bid,135,25218.259
2024-08-13 15:04:05,SOLUSDT,ask,180,23874.451
2024-08-13 15:04:18,SOLUSDT,bid,140,30436.149
2024-08-13 15:04:19,SOLUSDT,bid,125,21017.052
2024-08-13 15:04:25,SOLUSDT,bid,130,16761.44
2024-08-13 15:04:29,SOLUSDT,ask,160,13660.122
2024-08-13 15:04:29,SOLUSDT,ask,160,13651.728
2024-08-13 15:04:31,SOLUSDT,bid,125,21037.052
2024-08-13 15:04:36,SOLUSDT,ask,165,14653.341
2024-08-13 15:04:37,SOLUSDT,bid,130,16762.943
2024-08-13 15:04:45,SOLUSDT,ask,165,14655.255
2024-08-13 15:04:46,SOLUSDT,bid,130,16761.44
2024-08-13 15:04:53,SOLUSDT,ask,155,8307.668
2024-08-13 15:05:07,SOLUSDT,ask,165,14653.341
2024-08-13 15:05:11,SOLUSDT,bid,110,26881.58
2024-08-13 15:05:19,SOLUSDT,ask,150,14885.001
2024-08-13 15:05:22,SOLUSDT,bid,140,30435.5
2024-08-13 15:05:54,SOLUSDT,bid,105,12755.763
2024-08-13 15:05:54,SOLUSDT,ask,165,14655.255
2024-08-13 15:06:01,SOLUSDT,bid,140,30436.754
2024-08-13 15:06:03,SOLUSDT,ask,150,14678.182
2024-08-13 15:06:36,SOLUSDT,ask,150,14677.352
2024-08-13 15:06:36,SOLUSDT,ask,155,8298.026
2024-08-13 15:06:46,SOLUSDT,ask,150,14677.433
2024-08-13 15:06:46,SOLUSDT,ask,170,13145.659
2024-08-13 15:06:56,SOLUSDT,ask,155,8307.668
2024-08-13 15:07:02,SOLUSDT,bid,100,35736.543
2024-08-13 15:07:02,SOLUSDT,bid,140,30438.204
2024-08-13 15:07:04,SOLUSDT,bid,105,12756.239
2024-08-13 15:07:24,SOLUSDT,ask,150,14676.433
2024-08-13 15:07:25,SOLUSDT,ask,150,14677.164
2024-08-13 15:07:31,SOLUSDT,bid,140,30438.496
2024-08-13 15:07:34,SOLUSDT,bid,130,16760.24
2024-08-13 15:07:47,SOLUSDT,bid,130,16760.402
2024-08-13 15:07:48,SOLUSDT,ask,180,23877.243
2024-08-13 15:07:50,SOLUSDT,bid,100,35737.034
2024-08-13 15:07:53,SOLUSDT,bid,125,21038.052
2024-08-13 15:07:54,SOLUSDT,ask,150,14680.164
2024-08-13 15:08:04,SOLUSDT,bid,80,28216.883
2024-08-13 15:08:12,SOLUSDT,ask,190,23421.341
2024-08-13 15:08:19,SOLUSDT,bid,120,22080.882
2024-08-13 15:08:29,SOLUSDT,ask,155,8309.362
2024-08-13 15:08:39,SOLUSDT,ask,150,14675.376
2024-08-13 15:08:40,SOLUSDT,bid,135,25217.777
2024-08-13 15:08:41,SOLUSDT,ask,160,13652.738
2024-08-13 15:09:05,SOLUSDT,bid,120,22080.833
2024-08-13 15:09:26,SOLUSDT,ask,150,14680.46
2024-08-13 15:09:33,SOLUSDT,bid,110,26876.58
2024-08-13 15:09:41,SOLUSDT,ask,155,8302.374
2024-08-13 15:09:41,SOLUSDT,ask,175,9568.574
2024-08-13 15:09:53,SOLUSDT,ask,193,9207.627
2024-08-13 15:09:53,SOLUSDT,ask,155,8302.3
2024-08-13 15:09:59,SOLUSDT,ask,160,13652.41
2024-08-13 15:10:06,SOLUSDT,bid,121,8670.282
2024-08-13 15:10:32,SOLUSDT,ask,163,6447.747
2024-08-13 15:10:36,SOLUSDT,ask,188,10479.243
2024-08-13 15:10:46,SOLUSDT,ask,155,8301.699
2024-08-13 15:10:54,SOLUSDT,bid,138,15248.411
2024-08-13 15:10:56,SOLUSDT,bid,140,30437.373
2024-08-13 15:11:03,SOLUSDT,ask,150,14683.578
2024-08-13 15:11:08,SOLUSDT,ask,160,13659.445
2024-08-13 15:11:09,SOLUSDT,ask,150,14684.59
2024-08-13 15:11:22,SOLUSDT,bid,138,15252.446
2024-08-13 15:11:24,SOLUSDT,bid,131,8027.688
2024-08-13 15:11:24,SOLUSDT,bid,131,8027.772
2024-08-13 15:11:27,SOLUSDT,bid,131,8027.856
2024-08-13 15:11:28,SOLUSDT,bid,131,8027.94
2024-08-13 15:11:39,SOLUSDT,ask,170,13131.263
2024-08-13 15:12:06,SOLUSDT,ask,160,13658.425
2024-08-13 15:12:08,SOLUSDT,ask,188,10467.221
2024-08-13 15:12:24,SOLUSDT,bid,140,30437.573
2024-08-13 15:12:27,SOLUSDT,ask,155,8300.005
2024-08-13 15:12:37,SOLUSDT,ask,193,9219.649
2024-08-13 15:12:39,SOLUSDT,ask,193,9207.627
2024-08-13 15:12:46,SOLUSDT,ask,188,10479.243
2024-08-13 15:12:48,SOLUSDT,ask,150,14684.79
2024-08-13 15:12:52,SOLUSDT,ask,190,23421.461
2024-08-13 15:12:53,SOLUSDT,bid,130,16761.402
2024-08-13 15:12:53,SOLUSDT,ask,150,14686.484
2024-08-13 15:12:57,SOLUSDT,ask,150,14686.318
2024-08-13 15:13:08,SOLUSDT,ask,150,14686.372
2024-08-13 15:13:29,SOLUSDT,bid,121,8670.726
2024-08-13 15:13:47,SOLUSDT,ask,160,13658.87
2024-08-13 15:13:48,SOLUSDT,bid,131,8027.772
2024-08-13 15:13:57,SOLUSDT,bid,131,9444.796
2024-08-13 15:14:16,SOLUSDT,bid,135,25215.785
2024-08-13 15:14:26,SOLUSDT,bid,140,30435.431
2024-08-13 15:14:30,SOLUSDT,ask,155,8306.99
2024-08-13 15:14:36,SOLUSDT,bid,100,35737.334
2024-08-13 15:14:44,SOLUSDT,bid,140,30437.573
2024-08-13 15:14:45,SOLUSDT,bid,125,21037.496
2024-08-13 15:14:48,SOLUSDT,ask,150,14684.773
2024-08-13 15:14:48,SOLUSDT,bid,135,25216.436
2024-08-13 15:15:53,SOLUSDT,bid,120,22082.833
2024-08-13 15:15:56,SOLUSDT,ask,150,14684.302
2024-08-13 15:16:02,SOLUSDT,bid,140,30437.673
2024-08-13 15:16:04,SOLUSDT,bid,135,25186.436
2024-08-13 15:16:10,SOLUSDT,ask,150,14684.516
2024-08-13 15:16:11,SOLUSDT,bid,135,25180.507
2024-08-13 15:16:12,SOLUSDT,bid,110,26897.789
2024-08-13 15:16:15,SOLUSDT,bid,125,21027.011
2024-08-13 15:16:20,SOLUSDT,ask,150,14684.22
2024-08-13 15:16:37,SOLUSDT,ask,150,14683.648
2024-08-13 15:16:43,SOLUSDT,ask,150,14638.183
2024-08-13 15:16:43,SOLUSDT,ask,158,8999.587
2024-08-13 15:16:44,SOLUSDT,bid,111,14109.449
2024-08-13 15:16:47,SOLUSDT,bid,120,22081.603
2024-08-13 15:16:47,SOLUSDT,bid,135,25186.436
2024-08-13 15:16:50,SOLUSDT,bid,133,8534.192
2024-08-13 15:16:51,SOLUSDT,bid,130,16762.402
2024-08-13 15:16:57,SOLUSDT,ask,158,9039.013
2024-08-13 15:17:00,SOLUSDT,bid,110,26909.152
2024-08-13 15:17:02,SOLUSDT,bid,110,26908.577
2024-08-13 15:17:06,SOLUSDT,bid,140,30436.672
2024-08-13 15:17:12,SOLUSDT,bid,90,21326.809
2024-08-13 15:17:13,SOLUSDT,ask,160,13659.152
2024-08-13 15:17:27,SOLUSDT,ask,150,14636.533
2024-08-13 15:17:32,SOLUSDT,ask,150,14607.563
2024-08-13 15:18:03,SOLUSDT,ask,150,14607.073
2024-08-13 15:18:17,SOLUSDT,bid,131,9454.801
2024-08-13 15:18:23,SOLUSDT,ask,158,9039.458
2024-08-13 15:18:23,SOLUSDT,ask,160,13658.707
2024-08-13 15:18:27,SOLUSDT,ask,150,14607.645
2024-08-13 15:18:27,SOLUSDT,bid,140,30436.572
2024-08-13 15:18:42,SOLUSDT,bid,133,8534.279
2024-08-13 15:18:53,SOLUSDT,ask,150,14609.696
2024-08-13 15:19:13,SOLUSDT,ask,160,13662.954
2024-08-13 15:19:14,SOLUSDT,ask,175,9568.604
2024-08-13 15:19:15,SOLUSDT,ask,155,8307.146
2024-08-13 15:19:15,SOLUSDT,ask,165,14654.831
2024-08-13 15:19:21,SOLUSDT,bid,100,35735.334
2024-08-13 15:19:34,SOLUSDT,ask,158,9039.013
2024-08-13 15:19:34,SOLUSDT,ask,160,13663.399
2024-08-13 15:19:34,SOLUSDT,bid,140,30435.772
2024-08-13 15:19:44,SOLUSDT,ask,150,14610.394
2024-08-13 15:19:47,SOLUSDT,bid,140,30436.312
2024-08-13 15:19:55,SOLUSDT,ask,165,14655.572
2024-08-13 15:19:58,SOLUSDT,bid,111,13776.727
2024-08-13 15:20:04,SOLUSDT,ask,155,8300.161
2024-08-13 15:20:17,SOLUSDT,bid,130,16760.402
2024-08-13 15:20:28,SOLUSDT,bid,120,22083.883
2024-08-13 15:20:36,SOLUSDT,bid,115,25698.262
2024-08-13 15:20:41,SOLUSDT,ask,150,14610.945
2024-08-13 15:20:58,SOLUSDT,bid,140,30436.46
2024-08-13 15:20:59,SOLUSDT,bid,131,8027.856
2024-08-13 15:20:59,SOLUSDT,bid,131,8027.94
2024-08-13 15:20:59,SOLUSDT,bid,131,8028.024
2024-08-13 15:21:00,SOLUSDT,bid,131,8028.108
2024-08-13 15:21:00,SOLUSDT,bid,131,8028.192
2024-08-13 15:21:00,SOLUSDT,bid,131,8028.276
2024-08-13 15:21:10,SOLUSDT,ask,150,14610.645
2024-08-13 15:21:13,SOLUSDT,ask,150,14608.528
2024-08-13 15:21:13,SOLUSDT,bid,131,8028.36
2024-08-13 15:21:16,SOLUSDT,ask,150,14608.965
2024-08-13 15:21:27,SOLUSDT,bid,131,8028.276
2024-08-13 15:21:28,SOLUSDT,bid,131,8028.192
2024-08-13 15:21:28,SOLUSDT,bid,138,15310.514
2024-08-13 15:21:28,SOLUSDT,ask,150,14610.265
2024-08-13 15:21:34,SOLUSDT,bid,140,30435.96
2024-08-13 15:21:34,SOLUSDT,bid,138,15310.264
2024-08-13 15:21:49,SOLUSDT,bid,140,30437.51
2024-08-13 15:21:51,SOLUSDT,ask,163,6447.134
2024-08-13 15:21:59,SOLUSDT,bid,140,30444.524
2024-08-13 15:22:00,SOLUSDT,ask,150,14607.147
2024-08-13 15:22:03,SOLUSDT,bid,133,8533.279
2024-08-13 15:22:04,SOLUSDT,bid,140,30444.424
2024-08-13 15:22:04,SOLUSDT,bid,135,25186.336
2024-08-13 15:22:15,SOLUSDT,bid,140,30443.71
2024-08-13 15:22:18,SOLUSDT,bid,140,30605.638
2024-08-13 15:22:19,SOLUSDT,ask,155,8304.881
2024-08-13 15:22:20,SOLUSDT,ask,158,8999.587
2024-08-13 15:22:32,SOLUSDT,ask,170,13130.987
2024-08-13 15:22:51,SOLUSDT,bid,135,25186.836
2024-08-13 15:22:59,SOLUSDT,ask,158,8991.587
2024-08-13 15:23:27,SOLUSDT,bid,110,26767.127
2024-08-13 15:23:34,SOLUSDT,bid,135,25185.503
2024-08-13 15:23:35,SOLUSDT,ask,160,13663.432
2024-08-13 15:23:48,SOLUSDT,bid,140,30606.517
2024-08-13 15:24:03,SOLUSDT,ask,180,23879.243
2024-08-13 15:24:15,SOLUSDT,ask,160,13663.399
2024-08-13 15:24:22,SOLUSDT,bid,140,30609.267
2024-08-13 15:24:22,SOLUSDT,bid,138,15307.514
2024-08-13 15:24:27,SOLUSDT,bid,121,8671.226
2024-08-13 15:24:29,SOLUSDT,ask,180,23877.243
2024-08-13 15:24:40,SOLUSDT,bid,131,8028.024
2024-08-13 15:24:46,SOLUSDT,bid,131,8027.856
2024-08-13 15:24:51,SOLUSDT,bid,131,8027.688
2024-08-13 15:25:03,SOLUSDT,bid,125,21026.781
2024-08-13 15:25:19,SOLUSDT,ask,150,14608.007
2024-08-13 15:25:28,SOLUSDT,ask,150,14616.267
2024-08-13 15:25:28,SOLUSDT,ask,200,45151.792
2024-08-13 15:25:32,SOLUSDT,ask,150,14616.217
2024-08-13 15:25:33,SOLUSDT,bid,115,25698.262
2024-08-13 15:25:51,SOLUSDT,bid,115,25697.262
2024-08-13 15:25:53,SOLUSDT,bid,115,25697.262
2024-08-13 15:25:57,SOLUSDT,bid,135,25187.011
2024-08-13 15:26:10,SOLUSDT,bid,131,9654.801
2024-08-13 15:26:13,SOLUSDT,bid,115,25697.262
2024-08-13 15:26:16,SOLUSDT,bid,100,35734.113
2024-08-13 15:26:20,SOLUSDT,ask,150,14616.516
2024-08-13 15:26:26,SOLUSDT,bid,140,30612.838
2024-08-13 15:26:28,SOLUSDT,ask,198,5823.904
2024-08-13 15:26:38,SOLUSDT,bid,121,8670.726
2024-08-13 15:26:40,SOLUSDT,ask,150,14533.007
2024-08-13 15:26:46,SOLUSDT,bid,135,25190.714
2024-08-13 15:26:51,SOLUSDT,ask,150,14616.516
2024-08-13 15:26:52,SOLUSDT,bid,120,22084.3
2024-08-13 15:26:54,SOLUSDT,bid,133,8555.835
2024-08-13 15:27:02,SOLUSDT,bid,130,16764.248
2024-08-13 15:27:20,SOLUSDT,ask,150,14628.226
2024-08-13 15:27:38,SOLUSDT,bid,115,25697.262
2024-08-13 15:27:39,SOLUSDT,ask,150,14629.225
2024-08-13 15:27:58,SOLUSDT,bid,115,25697.262
2024-08-13 15:28:05,SOLUSDT,ask,160,13662.399
2024-08-13 15:28:15,SOLUSDT,ask,150,14626.997
2024-08-13 15:28:18,SOLUSDT,bid,115,25697.362
2024-08-13 15:28:18,SOLUSDT,bid,115,25697.262
2024-08-13 15:28:27,SOLUSDT,bid,138,15308.238
2024-08-13 15:28:27,SOLUSDT,bid,130,16783.908
2024-08-13 15:28:46,SOLUSDT,bid,110,26766.127
2024-08-13 15:28:55,SOLUSDT,bid,110,26743.4
2024-08-13 15:28:56,SOLUSDT,bid,120,22063.467
2024-08-13 15:28:58,SOLUSDT,bid,130,16764.678
2024-08-13 15:29:03,SOLUSDT,ask,155,8260.398
2024-08-13 15:29:19,SOLUSDT,ask,170,13126.221
2024-08-13 15:29:21,SOLUSDT,bid,138,15307.685
2024-08-13 15:29:23,SOLUSDT,ask,188,10518.669
2024-08-13 15:29:25,SOLUSDT,ask,188,10579.36
2024-08-13 15:29:27,SOLUSDT,ask,170,13130.987
2024-08-13 15:29:28,SOLUSDT,ask,188,10518.669
2024-08-13 15:29:36,SOLUSDT,ask,600,2923.508
2024-08-13 15:29:39,SOLUSDT,bid,110,26741.064
2024-08-13 15:29:44,SOLUSDT,bid,115,25697.262
2024-08-13 15:29:45,SOLUSDT,ask,150,14628.0
2024-08-13 15:29:46,SOLUSDT,bid,120,22061.326
2024-08-13 15:30:00,SOLUSDT,ask,150,14626.997
2024-08-13 15:30:04,SOLUSDT,bid,115,25697.262
2024-08-13 15:30:12,SOLUSDT,bid,140,30613.838
2024-08-13 15:30:22,SOLUSDT,bid,125,21026.831
2024-08-13 15:30:24,SOLUSDT,bid,140,30612.603
2024-08-13 15:30:24,SOLUSDT,bid,115,25697.262
2024-08-13 15:30:29,SOLUSDT,bid,125,21026.781
2024-08-13 15:30:30,SOLUSDT,ask,160,13662.324
2024-08-13 15:30:30,SOLUSDT,bid,140,30613.318
2024-08-13 15:30:49,SOLUSDT,ask,150,14627.072
2024-08-13 15:31:11,SOLUSDT,ask,180,23877.543
2024-08-13 15:31:14,SOLUSDT,bid,131,8027.604
2024-08-13 15:31:21,SOLUSDT,ask,180,23880.923
2024-08-13 15:31:21,SOLUSDT,ask,220,12347.048
2024-08-13 15:31:34,SOLUSDT,ask,160,13660.178
2024-08-13 15:31:48,SOLUSDT,bid,115,25697.262
2024-08-13 15:31:49,SOLUSDT,bid,111,13776.551
2024-08-13 15:31:51,SOLUSDT,ask,155,8260.232
2024-08-13 15:31:56,SOLUSDT,bid,140,30622.518
2024-08-13 15:32:08,SOLUSDT,bid,113,18971.144
2024-08-13 15:32:09,SOLUSDT,bid,115,25697.262
2024-08-13 15:32:17,SOLUSDT,ask,180,23880.967
2024-08-13 15:32:17,SOLUSDT,ask,165,14655.616
2024-08-13 15:32:17,SOLUSDT,ask,162,7042.954
2024-08-13 15:32:18,SOLUSDT,ask,150,14627.116
2024-08-13 15:32:19,SOLUSDT,bid,138,15307.729
2024-08-13 15:32:19,SOLUSDT,bid,135,25190.758
2024-08-13 15:32:20,SOLUSDT,bid,132,8247.436
2024-08-13 15:32:21,SOLUSDT,bid,123,8190.465
2024-08-13 15:32:21,SOLUSDT,bid,120,22061.37
2024-08-13 15:32:24,SOLUSDT,ask,155,8260.698
2024-08-13 15:32:26,SOLUSDT,ask,150,14635.116
2024-08-13 15:32:26,SOLUSDT,ask,150,14635.839
2024-08-13 15:32:29,SOLUSDT,bid,115,25697.262
2024-08-13 15:32:33,SOLUSDT,bid,138,15249.661
2024-08-13 15:32:52,SOLUSDT,bid,111,13758.996
2024-08-13 15:32:56,SOLUSDT,bid,140,30621.264
2024-08-13 15:32:59,SOLUSDT,bid,140,30621.643
2024-08-13 15:33:14,SOLUSDT,ask,190,23419.681
2024-08-13 15:33:17,SOLUSDT,ask,170,13142.487
2024-08-13 15:33:27,SOLUSDT,ask,170,13130.987
2024-08-13 15:33:27,SOLUSDT,ask,180,23892.467
2024-08-13 15:33:35,SOLUSDT,ask,190,23417.815
2024-08-13 15:33:40,SOLUSDT,ask,150,14435.839
2024-08-13 15:33:41,SOLUSDT,bid,140,30620.643
2024-08-13 15:33:47,SOLUSDT,bid,140,30621.259
2024-08-13 15:33:48,SOLUSDT,ask,190,23419.467
2024-08-13 15:33:51,SOLUSDT,bid,130,16764.762
2024-08-13 15:33:52,SOLUSDT,bid,115,25697.262
2024-08-13 15:34:03,SOLUSDT,bid,121,8703.783
2024-08-13 15:34:12,SOLUSDT,ask,175,9566.55
2024-08-13 15:34:12,SOLUSDT,ask,150,14437.646
2024-08-13 15:34:12,SOLUSDT,bid,115,25697.262
2024-08-13 15:34:32,SOLUSDT,bid,115,25697.262
2024-08-13 15:34:36,SOLUSDT,bid,111,13781.518
2024-08-13 15:34:52,SOLUSDT,bid,120,22065.653
2024-08-13 15:35:01,SOLUSDT,bid,110,26745.736
2024-08-13 15:35:38,SOLUSDT,bid,133,8556.12
2024-08-13 15:35:38,SOLUSDT,bid,135,25183.351
