2024-08-11 00:02:43,SOLUSDT,ask,210,26708.259
2024-08-11 00:04:51,SOLUSDT,ask,210,26708.049
2024-08-11 00:08:17,SOLUSDT,ask,200,46963.454
2024-08-11 00:10:40,SOLUSDT,ask,200,46944.198
2024-08-11 00:11:15,SOLUSDT,ask,200,46963.502
2024-08-11 00:21:05,SOLUSDT,ask,200,46965.502
2024-08-11 00:23:31,SOLUSDT,ask,200,46965.342
2024-08-11 00:29:19,SOLUSDT,ask,210,26710.752
2024-08-11 00:31:22,SOLUSDT,ask,210,26708.74
2024-08-11 00:32:54,SOLUSDT,ask,200,46961.563
2024-08-11 00:33:33,SOLUSDT,ask,200,46961.738
2024-08-11 00:34:04,SOLUSDT,ask,200,46961.083
2024-08-11 00:45:26,SOLUSDT,ask,200,46962.072
2024-08-11 00:46:53,SOLUSDT,ask,200,46962.721
2024-08-11 00:53:08,SOLUSDT,ask,210,26706.009
2024-08-11 00:53:22,SOLUSDT,ask,200,46961.732
2024-08-11 00:56:27,SOLUSDT,ask,200,46960.732
2024-08-11 00:58:13,SOLUSDT,ask,200,46956.732
2024-08-11 01:07:17,SOLUSDT,ask,210,26706.226
2024-08-11 01:09:19,SOLUSDT,ask,200,46965.155
2024-08-11 01:11:06,SOLUSDT,ask,200,46966.06
2024-08-11 01:11:17,SOLUSDT,ask,210,26706.009
2024-08-11 01:14:23,SOLUSDT,ask,200,46971.15
2024-08-11 01:16:25,SOLUSDT,ask,200,46972.85
2024-08-11 01:19:29,SOLUSDT,ask,200,46972.787
2024-08-11 01:22:23,SOLUSDT,ask,200,46971.876
2024-08-11 01:25:41,SOLUSDT,ask,200,46970.541
2024-08-11 01:26:25,SOLUSDT,ask,200,46970.191
2024-08-11 01:27:39,SOLUSDT,ask,200,46971.191
2024-08-11 01:28:22,SOLUSDT,ask,200,46967.331
2024-08-11 01:32:02,SOLUSDT,ask,210,26705.865
2024-08-11 01:33:08,SOLUSDT,ask,200,46966.426
2024-08-11 01:36:26,SOLUSDT,ask,200,46966.468
2024-08-11 01:38:20,SOLUSDT,ask,200,46966.327
2024-08-11 01:39:27,SOLUSDT,ask,200,46966.844
2024-08-11 01:39:50,SOLUSDT,ask,200,46994.752
2024-08-11 01:40:06,SOLUSDT,ask,200,46966.844
2024-08-11 01:41:46,SOLUSDT,ask,200,46974.234
2024-08-11 01:49:55,SOLUSDT,ask,210,26705.624
2024-08-11 01:57:40,SOLUSDT,ask,200,46974.501
2024-08-11 01:59:07,SOLUSDT,ask,200,46974.637
2024-08-11 02:03:10,SOLUSDT,ask,200,46999.637
2024-08-11 02:08:19,SOLUSDT,ask,200,47000.387
2024-08-11 02:10:00,SOLUSDT,ask,200,47000.5
2024-08-11 02:12:30,SOLUSDT,ask,200,47000.725
2024-08-11 02:14:28,SOLUSDT,ask,200,47000.681
2024-08-11 02:19:17,SOLUSDT,ask,200,46999.681
2024-08-11 02:20:18,SOLUSDT,ask,210,26705.148
2024-08-11 02:20:28,SOLUSDT,ask,200,46998.35
2024-08-11 02:22:16,SOLUSDT,ask,200,46999.1
2024-08-11 02:24:45,SOLUSDT,ask,210,26709.287
2024-08-11 02:29:48,SOLUSDT,bid,154,33707.788
2024-08-11 02:29:48,SOLUSDT,bid,154,33779.493
2024-08-11 02:29:48,SOLUSDT,bid,154,33814.257
2024-08-11 02:29:48,SOLUSDT,bid,154,33879.056
2024-08-11 02:29:49,SOLUSDT,bid,154,33846.655
2024-08-11 02:29:49,SOLUSDT,bid,154,33814.257
2024-08-11 02:29:51,SOLUSDT,bid,154,33823.326
2024-08-11 02:29:51,SOLUSDT,bid,154,33814.257
2024-08-11 02:29:52,SOLUSDT,bid,154,33814.526
2024-08-11 02:29:53,SOLUSDT,bid,154,33823.595
2024-08-11 02:29:53,SOLUSDT,bid,154,33823.595
2024-08-11 02:29:54,SOLUSDT,bid,154,33823.326
2024-08-11 02:29:54,SOLUSDT,bid,154,33894.284
2024-08-11 02:29:54,SOLUSDT,bid,154,33886.285
2024-08-11 02:29:55,SOLUSDT,bid,154,33893.285
2024-08-11 02:29:55,SOLUSDT,bid,154,33817.098
2024-08-11 02:29:56,SOLUSDT,bid,154,33819.167
2024-08-11 02:29:56,SOLUSDT,bid,154,33810.098
2024-08-11 02:29:57,SOLUSDT,bid,154,33819.167
2024-08-11 02:29:57,SOLUSDT,bid,154,33810.098
2024-08-11 02:29:57,SOLUSDT,bid,154,33810.163
2024-08-11 02:30:00,SOLUSDT,bid,154,33819.232
2024-08-11 02:30:00,SOLUSDT,bid,154,33820.351
2024-08-11 02:30:00,SOLUSDT,bid,154,33900.387
2024-08-11 02:30:02,SOLUSDT,bid,154,33899.268
2024-08-11 02:30:04,SOLUSDT,bid,154,33890.199
2024-08-11 02:30:05,SOLUSDT,bid,154,33810.198
2024-08-11 02:30:05,SOLUSDT,bid,154,33840.198
2024-08-11 02:30:05,SOLUSDT,bid,154,33836.372
2024-08-11 02:30:05,SOLUSDT,bid,154,33905.227
2024-08-11 02:30:05,SOLUSDT,bid,154,33905.178
2024-08-11 02:30:05,SOLUSDT,bid,154,33983.768
2024-08-11 02:30:05,SOLUSDT,bid,154,33974.699
2024-08-11 02:30:06,SOLUSDT,bid,154,33836.402
2024-08-11 02:30:06,SOLUSDT,bid,154,33801.638
2024-08-11 02:30:07,SOLUSDT,bid,154,33802.638
2024-08-11 02:30:07,SOLUSDT,bid,154,33802.559
2024-08-11 02:30:07,SOLUSDT,bid,154,33803.178
2024-08-11 02:30:07,SOLUSDT,bid,154,33786.248
2024-08-11 02:30:07,SOLUSDT,bid,154,33781.068
2024-08-11 02:30:08,SOLUSDT,bid,154,33780.458
2024-08-11 02:30:08,SOLUSDT,bid,154,33778.478
2024-08-11 02:30:10,SOLUSDT,bid,154,33748.478
2024-08-11 02:30:18,SOLUSDT,bid,154,33847.524
2024-08-11 02:30:24,SOLUSDT,bid,154,33925.221
2024-08-11 02:30:29,SOLUSDT,bid,154,34002.916
2024-08-11 02:30:31,SOLUSDT,bid,154,33928.488
2024-08-11 02:30:31,SOLUSDT,bid,154,33931.007
2024-08-11 02:30:35,SOLUSDT,ask,200,46999.167
2024-08-11 02:30:37,SOLUSDT,bid,154,33853.312
2024-08-11 02:30:39,SOLUSDT,bid,154,33856.593
2024-08-11 02:30:40,SOLUSDT,bid,154,33850.793
2024-08-11 02:30:40,SOLUSDT,bid,154,33925.218
2024-08-11 02:30:40,SOLUSDT,bid,154,33943.925
2024-08-11 02:30:41,SOLUSDT,bid,154,34092.631
2024-08-11 02:30:42,SOLUSDT,bid,154,34092.631
2024-08-11 02:30:43,SOLUSDT,bid,154,33996.23
2024-08-11 02:30:43,SOLUSDT,bid,154,34036.039
2024-08-11 02:30:43,SOLUSDT,bid,154,33887.333
2024-08-11 02:30:46,SOLUSDT,bid,154,33887.268
2024-08-11 02:30:49,SOLUSDT,bid,154,33964.968
2024-08-11 02:30:49,SOLUSDT,bid,154,33925.159
2024-08-11 02:30:49,SOLUSDT,bid,154,33847.459
2024-08-11 02:30:50,SOLUSDT,bid,154,33850.064
2024-08-11 02:30:52,SOLUSDT,bid,154,33856.546
2024-08-11 02:30:55,SOLUSDT,bid,154,34233.831
2024-08-11 02:30:58,SOLUSDT,bid,154,34227.349
2024-08-11 02:31:02,SOLUSDT,bid,154,34229.938
2024-08-11 02:31:02,SOLUSDT,bid,154,34227.349
2024-08-11 02:31:02,SOLUSDT,bid,154,34230.01
2024-08-11 02:31:02,SOLUSDT,bid,154,34156.376
2024-08-11 02:31:05,SOLUSDT,bid,154,34160.268
2024-08-11 02:31:06,SOLUSDT,bid,154,34237.959
2024-08-11 02:31:14,SOLUSDT,bid,154,34286.664
2024-08-11 02:31:18,SOLUSDT,bid,154,34208.973
2024-08-11 02:31:19,SOLUSDT,bid,154,34133.237
2024-08-11 02:34:07,SOLUSDT,ask,200,46999.371
2024-08-11 02:37:36,SOLUSDT,ask,200,46999.57
2024-08-11 02:37:51,SOLUSDT,ask,200,46999.345
2024-08-11 02:39:27,SOLUSDT,ask,200,46999.832
2024-08-11 02:39:38,SOLUSDT,ask,210,26709.387
2024-08-11 02:40:16,SOLUSDT,ask,210,26709.287
2024-08-11 02:46:06,SOLUSDT,ask,210,26709.24
2024-08-11 02:46:48,SOLUSDT,ask,200,46999.765
2024-08-11 02:54:03,SOLUSDT,ask,200,46992.375
2024-08-11 02:54:23,SOLUSDT,ask,200,46995.61
2024-08-11 02:54:25,SOLUSDT,bid,154,39037.727
2024-08-11 02:54:25,SOLUSDT,bid,154,39035.859
2024-08-11 02:54:25,SOLUSDT,bid,154,39029.672
2024-08-11 02:54:26,SOLUSDT,bid,154,39032.262
2024-08-11 02:54:26,SOLUSDT,bid,154,39034.852
2024-08-11 02:54:26,SOLUSDT,bid,154,39027.852
2024-08-11 02:54:27,SOLUSDT,bid,154,39092.643
2024-08-11 02:54:27,SOLUSDT,bid,154,39086.808
2024-08-11 02:54:28,SOLUSDT,bid,154,39022.017
2024-08-11 02:54:29,SOLUSDT,bid,154,39021.373
2024-08-11 02:54:31,SOLUSDT,bid,154,39023.789
2024-08-11 02:54:31,SOLUSDT,bid,154,39028.647
2024-08-11 02:54:32,SOLUSDT,bid,154,39093.435
2024-08-11 02:54:33,SOLUSDT,bid,154,39028.647
2024-08-11 02:54:35,SOLUSDT,bid,154,39022.278
2024-08-11 02:54:35,SOLUSDT,bid,154,39099.969
2024-08-11 02:54:36,SOLUSDT,bid,154,39097.379
2024-08-11 02:54:36,SOLUSDT,bid,154,39092.199
2024-08-11 02:54:36,SOLUSDT,bid,154,39089.783
2024-08-11 02:54:36,SOLUSDT,bid,154,39096.259
2024-08-11 02:54:37,SOLUSDT,bid,154,39099.361
2024-08-11 02:54:37,SOLUSDT,bid,154,39018.568
2024-08-11 02:54:45,SOLUSDT,bid,154,39018.717
2024-08-11 02:54:45,SOLUSDT,bid,154,39025.193
2024-08-11 02:54:45,SOLUSDT,bid,154,39102.861
2024-08-11 02:54:46,SOLUSDT,bid,154,39025.193
2024-08-11 02:54:46,SOLUSDT,bid,154,39085.991
2024-08-11 02:55:24,SOLUSDT,ask,200,46995.652
2024-08-11 03:01:55,SOLUSDT,ask,200,46998.288
2024-08-11 03:02:19,SOLUSDT,ask,200,46998.344
2024-08-11 03:03:19,SOLUSDT,ask,200,46948.08
2024-08-11 03:17:49,SOLUSDT,ask,200,46945.83
2024-08-11 03:18:04,SOLUSDT,ask,200,46948.48
2024-08-11 03:23:15,SOLUSDT,ask,200,46951.994
2024-08-11 03:26:50,SOLUSDT,ask,210,26709.94
2024-08-11 03:29:14,SOLUSDT,ask,200,46952.034
2024-08-11 03:35:49,SOLUSDT,ask,200,46950.034
2024-08-11 03:40:27,SOLUSDT,ask,200,46949.303
2024-08-11 03:40:36,SOLUSDT,ask,210,26710.671
2024-08-11 03:41:40,SOLUSDT,ask,200,46949.353
2024-08-11 03:43:29,SOLUSDT,ask,200,46949.303
2024-08-11 03:43:53,SOLUSDT,ask,200,46949.353
2024-08-11 03:45:38,SOLUSDT,ask,200,46950.013
2024-08-11 03:46:06,SOLUSDT,ask,200,46949.353
2024-08-11 03:46:23,SOLUSDT,ask,200,46949.683
2024-08-11 03:58:39,SOLUSDT,ask,210,26706.532
2024-08-11 03:59:40,SOLUSDT,ask,200,46953.543
2024-08-11 04:07:43,SOLUSDT,ask,210,26707.302
2024-08-11 04:11:30,SOLUSDT,ask,210,26706.532
2024-08-11 04:11:52,SOLUSDT,ask,210,26707.084
2024-08-11 04:13:28,SOLUSDT,ask,200,46953.026
2024-08-11 04:16:15,SOLUSDT,ask,200,46953.791
2024-08-11 04:16:26,SOLUSDT,ask,210,26706.532
2024-08-11 04:19:07,SOLUSDT,ask,200,46954.147
2024-08-11 04:22:37,SOLUSDT,ask,200,46970.345
2024-08-11 04:26:34,SOLUSDT,ask,200,46970.289
2024-08-11 04:34:17,SOLUSDT,ask,200,46972.289
2024-08-11 04:49:47,SOLUSDT,ask,200,46935.091
2024-08-11 04:50:57,SOLUSDT,ask,210,26706.493
2024-08-11 04:52:55,SOLUSDT,ask,200,46942.943
2024-08-11 05:01:45,SOLUSDT,ask,200,46942.901
2024-08-11 05:03:22,SOLUSDT,ask,200,46942.861
2024-08-11 05:04:19,SOLUSDT,ask,200,46942.812
2024-08-11 05:04:29,SOLUSDT,ask,200,46942.456
2024-08-11 05:05:04,SOLUSDT,ask,200,46942.716
2024-08-11 05:12:53,SOLUSDT,ask,200,46941.716
2024-08-11 05:15:13,SOLUSDT,ask,200,46941.905
2024-08-11 05:26:30,SOLUSDT,ask,200,46941.947
2024-08-11 05:28:20,SOLUSDT,ask,200,46939.788
2024-08-11 05:29:43,SOLUSDT,ask,200,46941.947
2024-08-11 05:30:58,SOLUSDT,ask,200,46941.905
2024-08-11 05:31:15,SOLUSDT,ask,200,46939.746
2024-08-11 05:32:38,SOLUSDT,ask,200,46909.104
2024-08-11 05:35:35,SOLUSDT,ask,200,46909.618
2024-08-11 05:38:17,SOLUSDT,ask,210,26705.493
2024-08-11 06:03:59,SOLUSDT,ask,200,46924.184
2024-08-11 06:15:46,SOLUSDT,ask,200,46926.343
2024-08-11 06:44:02,SOLUSDT,ask,200,46926.193
2024-08-11 06:48:37,SOLUSDT,ask,200,46912.773
2024-08-11 06:55:21,SOLUSDT,ask,200,46912.819
2024-08-11 07:04:38,SOLUSDT,ask,200,46712.819
2024-08-11 07:33:11,SOLUSDT,ask,200,46701.774
2024-08-11 07:33:58,SOLUSDT,ask,200,46712.819
2024-08-11 07:34:28,SOLUSDT,ask,200,46711.903
2024-08-11 07:35:48,SOLUSDT,ask,200,46713.572
2024-08-11 07:41:17,SOLUSDT,ask,200,46698.48
2024-08-11 07:41:18,SOLUSDT,ask,200,46698.434
2024-08-11 07:42:35,SOLUSDT,ask,200,46692.141
2024-08-11 07:56:07,SOLUSDT,ask,200,46691.018
2024-08-11 07:59:04,SOLUSDT,ask,210,26719.483
2024-08-11 08:14:49,SOLUSDT,ask,200,46691.265
2024-08-11 08:29:45,SOLUSDT,ask,210,26719.627
2024-08-11 08:37:57,SOLUSDT,ask,200,46694.483
2024-08-11 08:37:58,SOLUSDT,ask,200,46699.111
2024-08-11 08:51:39,SOLUSDT,ask,200,46699.157
2024-08-11 08:55:21,SOLUSDT,ask,200,46701.157
2024-08-11 09:04:46,SOLUSDT,ask,200,46700.865
2024-08-11 09:05:04,SOLUSDT,ask,200,46710.101
2024-08-11 09:05:45,SOLUSDT,ask,200,46710.746
2024-08-11 09:07:05,SOLUSDT,ask,200,46710.101
2024-08-11 09:10:01,SOLUSDT,ask,200,46659.601
2024-08-11 09:18:15,SOLUSDT,ask,200,46659.053
2024-08-11 09:39:02,SOLUSDT,ask,200,46658.583
2024-08-11 09:43:14,SOLUSDT,ask,200,46658.713
2024-08-11 09:59:56,SOLUSDT,ask,200,46658.752
2024-08-11 10:10:55,SOLUSDT,ask,200,46647.707
2024-08-11 10:11:32,SOLUSDT,ask,200,46649.75
2024-08-11 10:15:05,SOLUSDT,ask,210,26717.671
2024-08-11 10:15:15,SOLUSDT,ask,200,46656.05
2024-08-11 10:17:39,SOLUSDT,ask,200,46649.75
2024-08-11 10:19:42,SOLUSDT,ask,200,46644.746
2024-08-11 10:23:54,SOLUSDT,ask,200,46643.747
2024-08-11 10:24:56,SOLUSDT,ask,200,46643.437
2024-08-11 10:28:38,SOLUSDT,ask,200,46653.474
2024-08-11 10:30:19,SOLUSDT,ask,200,46655.474
2024-08-11 10:32:29,SOLUSDT,ask,200,46652.227
2024-08-11 10:33:20,SOLUSDT,ask,210,26717.594
2024-08-11 10:33:21,SOLUSDT,ask,200,46652.15
2024-08-11 10:33:32,SOLUSDT,ask,210,26718.594
2024-08-11 10:33:49,SOLUSDT,ask,210,26718.671
2024-08-11 10:33:54,SOLUSDT,ask,200,46652.227
2024-08-11 10:34:13,SOLUSDT,ask,200,46658.193
2024-08-11 10:38:50,SOLUSDT,ask,200,46659.192
2024-08-11 10:38:57,SOLUSDT,ask,200,46659.898
2024-08-11 10:44:17,SOLUSDT,ask,200,46672.935
2024-08-11 10:45:13,SOLUSDT,ask,200,46672.895
2024-08-11 10:47:07,SOLUSDT,ask,200,46671.395
2024-08-11 10:50:06,SOLUSDT,ask,200,46665.429
2024-08-11 11:01:31,SOLUSDT,ask,200,46670.118
2024-08-11 11:10:34,SOLUSDT,ask,200,46670.068
2024-08-11 11:10:59,SOLUSDT,ask,200,46670.187
2024-08-11 11:11:33,SOLUSDT,ask,200,46670.068
2024-08-11 11:11:59,SOLUSDT,ask,200,46670.296
2024-08-11 11:18:11,SOLUSDT,ask,200,46670.348
2024-08-11 11:22:52,SOLUSDT,ask,200,46669.504
2024-08-11 11:33:34,SOLUSDT,ask,200,46369.504
2024-08-11 11:40:54,SOLUSDT,ask,200,46370.576
2024-08-11 11:41:55,SOLUSDT,ask,200,46371.853
2024-08-11 11:42:00,SOLUSDT,ask,200,46372.603
2024-08-11 11:45:31,SOLUSDT,ask,200,46376.597
