2024-08-18 07:00:07,SOLUSDT,ask,150,27105.183
2024-08-18 07:00:48,SOLUSDT,bid,110,26382.354
2024-08-18 07:01:42,SOLUSDT,bid,100,35958.466
2024-08-18 07:01:50,SOLUSDT,ask,165,17500.678
2024-08-18 07:01:54,SOLUSDT,bid,120,25477.935
2024-08-18 07:02:08,SOLUSDT,ask,155,9427.85
2024-08-18 07:03:04,SOLUSDT,bid,120,25361.343
2024-08-18 07:03:43,SOLUSDT,bid,110,26509.545
2024-08-18 07:03:43,SOLUSDT,ask,150,27105.145
2024-08-18 07:03:49,SOLUSDT,bid,135,27661.62
2024-08-18 07:04:09,SOLUSDT,ask,148,9868.252
2024-08-18 07:04:13,SOLUSDT,ask,160,25250.603
2024-08-18 07:04:18,SOLUSDT,ask,148,9872.712
2024-08-18 07:04:27,SOLUSDT,ask,151,24037.988
2024-08-18 07:04:27,SOLUSDT,ask,150,27105.205
2024-08-18 07:04:38,SOLUSDT,ask,161,15400.573
2024-08-18 07:04:50,SOLUSDT,bid,120,25347.255
2024-08-18 07:05:43,SOLUSDT,ask,190,28424.724
2024-08-18 07:07:04,SOLUSDT,bid,131,11093.345
2024-08-18 07:07:11,SOLUSDT,bid,120,25347.311
2024-08-18 07:07:14,SOLUSDT,bid,120,25347.591
2024-08-18 07:07:15,SOLUSDT,ask,150,27106.655
2024-08-18 07:07:34,SOLUSDT,ask,150,27105.911
2024-08-18 07:07:49,SOLUSDT,ask,152,26273.732
2024-08-18 07:08:19,SOLUSDT,ask,150,27104.877
2024-08-18 07:08:33,SOLUSDT,ask,190,28424.353
2024-08-18 07:09:07,SOLUSDT,bid,120,25347.511
2024-08-18 07:09:07,SOLUSDT,ask,175,12777.379
2024-08-18 07:09:42,SOLUSDT,ask,188,11065.8
2024-08-18 07:09:52,SOLUSDT,ask,198,5065.253
2024-08-18 07:09:54,SOLUSDT,ask,163,16929.263
2024-08-18 07:10:02,SOLUSDT,ask,151,24040.563
2024-08-18 07:10:02,SOLUSDT,ask,188,11067.305
2024-08-18 07:10:24,SOLUSDT,ask,150,27103.804
2024-08-18 07:10:25,SOLUSDT,bid,100,35957.424
2024-08-18 07:10:27,SOLUSDT,bid,135,27661.99
2024-08-18 07:11:02,SOLUSDT,bid,130,17021.718
2024-08-18 07:12:27,SOLUSDT,bid,135,27661.25
2024-08-18 07:12:37,SOLUSDT,bid,120,24930.845
2024-08-18 07:12:48,SOLUSDT,bid,130,17017.903
2024-08-18 07:13:05,SOLUSDT,bid,135,27660.756
2024-08-18 07:13:48,SOLUSDT,bid,132,9225.841
2024-08-18 07:13:54,SOLUSDT,bid,131,11093.878
2024-08-18 07:14:24,SOLUSDT,ask,150,27110.373
2024-08-18 07:14:39,SOLUSDT,bid,122,9156.419
2024-08-18 07:14:42,SOLUSDT,ask,205,10792.977
2024-08-18 07:14:45,SOLUSDT,bid,132,9224.629
2024-08-18 07:15:18,SOLUSDT,ask,150,27108.923
2024-08-18 07:15:30,SOLUSDT,ask,148,9872.753
2024-08-18 07:15:37,SOLUSDT,ask,152,26275.727
2024-08-18 07:15:51,SOLUSDT,ask,195,12233.18
2024-08-18 07:16:12,SOLUSDT,ask,160,25251.602
2024-08-18 07:16:31,SOLUSDT,bid,125,22609.509
2024-08-18 07:16:42,SOLUSDT,bid,132,9224.251
2024-08-18 07:16:42,SOLUSDT,bid,130,17017.519
2024-08-18 07:16:42,SOLUSDT,bid,122,9156.011
2024-08-18 07:16:57,SOLUSDT,ask,160,25252.102
2024-08-18 07:17:24,SOLUSDT,ask,150,27109.202
2024-08-18 07:19:23,SOLUSDT,bid,135,27658.534
2024-08-18 07:19:44,SOLUSDT,bid,135,27658.904
2024-08-18 07:20:07,SOLUSDT,ask,150,27111.351
2024-08-18 07:22:12,SOLUSDT,ask,152,26273.732
2024-08-18 07:22:20,SOLUSDT,bid,131,11093.345
2024-08-18 07:22:30,SOLUSDT,bid,135,27558.904
2024-08-18 07:23:12,SOLUSDT,ask,158,18767.736
2024-08-18 07:23:21,SOLUSDT,ask,152,26275.727
2024-08-18 07:23:42,SOLUSDT,bid,135,27556.323
2024-08-18 07:24:12,SOLUSDT,ask,150,27012.751
2024-08-18 07:24:30,SOLUSDT,bid,131,11092.732
2024-08-18 07:24:51,SOLUSDT,bid,130,17022.007
2024-08-18 07:25:30,SOLUSDT,ask,150,27012.324
2024-08-18 07:26:21,SOLUSDT,ask,150,27023.324
2024-08-18 07:26:57,SOLUSDT,bid,135,27554.024
2024-08-18 07:27:22,SOLUSDT,ask,150,27026.58
2024-08-18 07:28:08,SOLUSDT,ask,175,12777.328
2024-08-18 07:28:21,SOLUSDT,bid,135,27553.802
2024-08-18 07:30:25,SOLUSDT,ask,150,27036.58
2024-08-18 07:31:30,SOLUSDT,ask,150,26996.647
2024-08-18 07:32:12,SOLUSDT,ask,150,26996.876
2024-08-18 07:32:23,SOLUSDT,ask,152,26283.186
2024-08-18 07:33:27,SOLUSDT,bid,111,16055.895
2024-08-18 07:33:45,SOLUSDT,bid,130,17020.595
2024-08-18 07:33:46,SOLUSDT,bid,131,11092.143
2024-08-18 07:33:58,SOLUSDT,bid,122,9155.362
2024-08-18 07:34:52,SOLUSDT,bid,135,27550.048
2024-08-18 07:35:32,SOLUSDT,bid,120,24931.345
2024-08-18 07:35:51,SOLUSDT,ask,250,18231.271
2024-08-18 07:36:05,SOLUSDT,ask,165,17504.195
2024-08-18 07:36:11,SOLUSDT,ask,250,18230.79
2024-08-18 07:36:35,SOLUSDT,ask,148,9993.951
2024-08-18 07:36:55,SOLUSDT,ask,148,9997.953
2024-08-18 07:37:21,SOLUSDT,ask,150,26995.866
2024-08-18 07:37:47,SOLUSDT,ask,190,28424.4
2024-08-18 07:38:27,SOLUSDT,ask,150,26995.91
2024-08-18 07:38:46,SOLUSDT,bid,132,9224.312
2024-08-18 07:38:49,SOLUSDT,ask,152,26282.555
2024-08-18 07:38:53,SOLUSDT,ask,300,9357.799
2024-08-18 07:38:58,SOLUSDT,ask,200,44163.792
2024-08-18 07:39:10,SOLUSDT,ask,150,26996.576
2024-08-18 07:39:27,SOLUSDT,ask,150,26996.622
2024-08-18 07:39:49,SOLUSDT,bid,120,24930.191
2024-08-18 07:39:50,SOLUSDT,bid,110,26482.273
2024-08-18 07:39:51,SOLUSDT,bid,133,8000.664
2024-08-18 07:40:15,SOLUSDT,bid,135,27550.008
2024-08-18 07:40:19,SOLUSDT,ask,155,9422.597
2024-08-18 07:40:26,SOLUSDT,ask,150,26993.216
2024-08-18 07:40:48,SOLUSDT,bid,135,27549.268
2024-08-18 07:40:53,SOLUSDT,ask,154,18025.523
2024-08-18 07:41:12,SOLUSDT,bid,130,17019.13
2024-08-18 07:41:24,SOLUSDT,ask,160,25253.08
2024-08-18 07:41:34,SOLUSDT,bid,120,24928.709
2024-08-18 07:41:40,SOLUSDT,bid,135,27549.026
2024-08-18 07:41:42,SOLUSDT,ask,148,9997.889
2024-08-18 07:41:43,SOLUSDT,ask,150,26995.882
2024-08-18 07:42:04,SOLUSDT,ask,150,26998.791
2024-08-18 07:42:19,SOLUSDT,bid,130,16989.13
2024-08-18 07:42:19,SOLUSDT,bid,130,16991.437
2024-08-18 07:42:29,SOLUSDT,bid,90,17606.426
2024-08-18 07:42:33,SOLUSDT,ask,150,26997.792
2024-08-18 07:42:33,SOLUSDT,ask,160,25254.079
2024-08-18 07:42:41,SOLUSDT,ask,190,28446.896
2024-08-18 07:42:42,SOLUSDT,ask,155,9421.491
2024-08-18 07:42:42,SOLUSDT,ask,160,25255.185
2024-08-18 07:43:03,SOLUSDT,ask,158,18765.905
2024-08-18 07:43:32,SOLUSDT,ask,150,26996.515
2024-08-18 07:43:53,SOLUSDT,ask,150,26996.316
2024-08-18 07:44:03,SOLUSDT,ask,150,27002.431
2024-08-18 07:44:09,SOLUSDT,ask,150,27001.231
2024-08-18 07:44:13,SOLUSDT,ask,170,14567.966
2024-08-18 07:44:27,SOLUSDT,ask,150,26997.664
2024-08-18 07:44:27,SOLUSDT,ask,170,14578.623
2024-08-18 07:44:40,SOLUSDT,ask,150,26998.553
2024-08-18 07:44:51,SOLUSDT,ask,150,26986.714
2024-08-18 07:44:52,SOLUSDT,ask,158,18766.408
2024-08-18 07:44:57,SOLUSDT,ask,190,28447.037
2024-08-18 07:45:01,SOLUSDT,ask,150,27007.693
2024-08-18 07:45:31,SOLUSDT,ask,150,27029.213
2024-08-18 07:45:31,SOLUSDT,bid,120,24930.709
2024-08-18 07:45:40,SOLUSDT,bid,90,17596.426
2024-08-18 07:45:54,SOLUSDT,bid,131,11091.762
2024-08-18 07:45:54,SOLUSDT,ask,230,7431.362
2024-08-18 07:46:08,SOLUSDT,ask,148,9997.241
2024-08-18 07:46:18,SOLUSDT,ask,165,17504.144
2024-08-18 07:46:18,SOLUSDT,ask,170,14578.572
2024-08-18 07:46:18,SOLUSDT,ask,180,22974.662
2024-08-18 07:46:18,SOLUSDT,ask,200,44163.741
2024-08-18 07:46:18,SOLUSDT,bid,135,27605.313
2024-08-18 07:46:18,SOLUSDT,bid,130,16991.386
2024-08-18 07:46:18,SOLUSDT,bid,125,22609.383
2024-08-18 07:46:18,SOLUSDT,bid,120,24930.658
2024-08-18 07:46:18,SOLUSDT,bid,115,22694.349
2024-08-18 07:46:18,SOLUSDT,bid,110,26482.222
2024-08-18 07:46:18,SOLUSDT,bid,105,9663.53
2024-08-18 07:46:18,SOLUSDT,bid,100,35957.373
2024-08-18 07:46:18,SOLUSDT,ask,150,27029.162
2024-08-18 07:46:18,SOLUSDT,ask,155,9421.44
2024-08-18 07:46:18,SOLUSDT,ask,160,25255.134
2024-08-18 07:46:18,SOLUSDT,ask,175,12777.277
2024-08-18 07:46:18,SOLUSDT,ask,185,17028.624
2024-08-18 07:46:18,SOLUSDT,ask,190,28446.986
2024-08-18 07:46:18,SOLUSDT,ask,195,12233.129
2024-08-18 07:47:11,SOLUSDT,ask,160,25248.928
2024-08-18 07:47:43,SOLUSDT,ask,150,27045.993
2024-08-18 07:47:45,SOLUSDT,ask,200,44163.795
2024-08-18 07:47:57,SOLUSDT,bid,100,35956.373
2024-08-18 07:47:58,SOLUSDT,ask,150,27045.324
2024-08-18 07:48:24,SOLUSDT,ask,190,23549.565
2024-08-18 07:48:25,SOLUSDT,ask,163,16927.213
2024-08-18 07:48:27,SOLUSDT,ask,205,10782.977
2024-08-18 07:48:40,SOLUSDT,ask,151,24042.613
2024-08-18 07:48:43,SOLUSDT,ask,158,18763.641
2024-08-18 07:48:43,SOLUSDT,ask,699,4912.465
2024-08-18 07:48:47,SOLUSDT,ask,150,27041.929
2024-08-18 07:49:06,SOLUSDT,ask,148,9997.31
2024-08-18 07:49:06,SOLUSDT,ask,158,18762.966
2024-08-18 07:49:06,SOLUSDT,ask,160,25246.823
2024-08-18 07:49:06,SOLUSDT,ask,170,14577.816
2024-08-18 07:49:07,SOLUSDT,ask,150,27042.761
2024-08-18 07:49:24,SOLUSDT,ask,148,9997.241
2024-08-18 07:49:31,SOLUSDT,ask,190,23539.565
2024-08-18 07:49:44,SOLUSDT,ask,150,27044.761
2024-08-18 07:49:44,SOLUSDT,ask,148,9997.293
2024-08-18 07:50:19,SOLUSDT,bid,130,16939.058
2024-08-18 07:50:23,SOLUSDT,ask,150,27044.167
2024-08-18 07:50:32,SOLUSDT,ask,300,9361.893
2024-08-18 07:50:33,SOLUSDT,bid,110,26482.013
2024-08-18 07:50:36,SOLUSDT,ask,152,26282.799
2024-08-18 07:50:38,SOLUSDT,ask,300,9357.799
2024-08-18 07:50:43,SOLUSDT,ask,154,18034.603
2024-08-18 07:50:44,SOLUSDT,ask,151,24029.071
2024-08-18 07:51:00,SOLUSDT,ask,150,27040.657
2024-08-18 07:51:23,SOLUSDT,ask,151,24027.071
2024-08-18 07:51:24,SOLUSDT,ask,155,9420.723
2024-08-18 07:51:52,SOLUSDT,ask,151,24376.079
2024-08-18 07:51:58,SOLUSDT,bid,136,7357.779
2024-08-18 07:52:08,SOLUSDT,ask,152,26280.804
2024-08-18 07:52:11,SOLUSDT,ask,148,9994.181
2024-08-18 07:52:18,SOLUSDT,bid,118,9395.239
2024-08-18 07:52:18,SOLUSDT,ask,148,9993.81
2024-08-18 07:52:34,SOLUSDT,ask,150,27140.657
2024-08-18 07:52:35,SOLUSDT,ask,155,9422.718
2024-08-18 07:52:54,SOLUSDT,ask,170,14577.745
2024-08-18 07:52:58,SOLUSDT,ask,170,14577.816
2024-08-18 07:53:06,SOLUSDT,ask,150,27141.506
2024-08-18 07:53:26,SOLUSDT,bid,135,27604.813
2024-08-18 07:53:32,SOLUSDT,ask,180,22975.0
2024-08-18 07:53:35,SOLUSDT,ask,150,27141.439
2024-08-18 07:53:35,SOLUSDT,ask,155,9422.783
2024-08-18 07:54:05,SOLUSDT,ask,155,9419.183
2024-08-18 07:54:09,SOLUSDT,ask,170,14581.816
2024-08-18 07:54:13,SOLUSDT,ask,150,27141.347
2024-08-18 07:54:26,SOLUSDT,ask,165,17497.673
2024-08-18 07:54:27,SOLUSDT,ask,170,14577.89
2024-08-18 07:54:48,SOLUSDT,bid,130,16937.862
2024-08-18 07:54:49,SOLUSDT,ask,160,25253.589
2024-08-18 07:54:54,SOLUSDT,bid,130,16942.377
2024-08-18 07:54:55,SOLUSDT,ask,165,17502.871
2024-08-18 07:55:02,SOLUSDT,ask,170,14583.089
2024-08-18 07:55:11,SOLUSDT,ask,150,27176.276
2024-08-18 07:55:20,SOLUSDT,ask,148,10009.031
2024-08-18 07:55:36,SOLUSDT,ask,155,9420.183
2024-08-18 07:55:38,SOLUSDT,ask,170,14584.094
2024-08-18 07:55:57,SOLUSDT,ask,185,17028.537
2024-08-18 07:56:09,SOLUSDT,ask,148,10008.454
2024-08-18 07:56:11,SOLUSDT,ask,155,9282.293
2024-08-18 07:56:15,SOLUSDT,ask,155,9283.914
2024-08-18 07:56:20,SOLUSDT,ask,152,26280.305
2024-08-18 07:56:49,SOLUSDT,ask,158,18764.227
2024-08-18 07:56:52,SOLUSDT,ask,155,9421.804
2024-08-18 07:56:52,SOLUSDT,ask,165,17503.37
2024-08-18 07:57:09,SOLUSDT,ask,148,10028.728
2024-08-18 07:57:11,SOLUSDT,ask,170,14584.023
2024-08-18 07:57:12,SOLUSDT,bid,131,11087.537
2024-08-18 07:57:12,SOLUSDT,ask,155,9423.263
2024-08-18 07:57:18,SOLUSDT,bid,125,22605.834
2024-08-18 07:57:18,SOLUSDT,bid,120,24925.729
2024-08-18 07:57:18,SOLUSDT,bid,115,22687.492
2024-08-18 07:57:18,SOLUSDT,bid,110,26472.455
2024-08-18 07:57:18,SOLUSDT,bid,105,9650.178
2024-08-18 07:57:18,SOLUSDT,bid,100,35937.68
2024-08-18 07:57:18,SOLUSDT,bid,90,17559.503
2024-08-18 07:57:18,SOLUSDT,bid,80,27445.086
2024-08-18 07:57:23,SOLUSDT,ask,156,20180.901
2024-08-18 07:57:52,SOLUSDT,ask,150,27176.897
2024-08-18 07:58:19,SOLUSDT,ask,151,24375.887
2024-08-18 07:58:25,SOLUSDT,ask,170,14593.106
2024-08-18 07:59:08,SOLUSDT,bid,120,24925.313
2024-08-18 07:59:25,SOLUSDT,ask,152,26262.168
2024-08-18 07:59:36,SOLUSDT,bid,132,9224.84
2024-08-18 07:59:42,SOLUSDT,ask,150,27177.096
2024-08-18 07:59:48,SOLUSDT,bid,135,27605.034
2024-08-18 07:59:48,SOLUSDT,bid,120,24921.317
2024-08-18 08:00:13,SOLUSDT,ask,220,12205.528
2024-08-18 08:00:16,SOLUSDT,bid,130,16942.188
2024-08-18 08:00:18,SOLUSDT,bid,120,24921.111
2024-08-18 08:00:29,SOLUSDT,ask,193,7724.855
2024-08-18 08:00:38,SOLUSDT,ask,156,20179.512
2024-08-18 08:01:12,SOLUSDT,ask,190,23536.463
2024-08-18 08:01:16,SOLUSDT,ask,160,25254.288
2024-08-18 08:01:18,SOLUSDT,bid,115,22677.492
2024-08-18 08:01:25,SOLUSDT,bid,136,7357.049
2024-08-18 08:01:37,SOLUSDT,ask,150,27176.863
2024-08-18 08:01:39,SOLUSDT,ask,152,26261.815
2024-08-18 08:01:52,SOLUSDT,bid,110,26471.728
2024-08-18 08:02:12,SOLUSDT,ask,150,27177.156
2024-08-18 08:02:19,SOLUSDT,bid,135,27605.363
2024-08-18 08:02:28,SOLUSDT,ask,150,27176.452
2024-08-18 08:02:33,SOLUSDT,bid,132,9179.386
2024-08-18 08:03:05,SOLUSDT,ask,150,27177.156
2024-08-18 08:03:12,SOLUSDT,ask,152,26254.798
2024-08-18 08:03:51,SOLUSDT,bid,130,16941.188
2024-08-18 08:03:51,SOLUSDT,bid,120,24920.111
2024-08-18 08:03:51,SOLUSDT,bid,110,26469.754
2024-08-18 08:03:53,SOLUSDT,bid,132,9178.858
2024-08-18 08:04:00,SOLUSDT,bid,115,22676.614
2024-08-18 08:04:44,SOLUSDT,ask,150,27176.452
2024-08-18 08:04:44,SOLUSDT,ask,155,9422.384
2024-08-18 08:04:52,SOLUSDT,ask,155,9423.088
2024-08-18 08:05:12,SOLUSDT,ask,148,10013.507
2024-08-18 08:05:28,SOLUSDT,ask,150,27141.452
2024-08-18 08:05:33,SOLUSDT,ask,150,27124.621
2024-08-18 08:05:45,SOLUSDT,bid,135,27606.029
2024-08-18 08:05:59,SOLUSDT,bid,105,9641.882
2024-08-18 08:06:18,SOLUSDT,ask,150,27125.631
2024-08-18 08:06:22,SOLUSDT,ask,150,27135.631
2024-08-18 08:06:46,SOLUSDT,bid,100,35936.272
2024-08-18 08:06:46,SOLUSDT,bid,131,10868.454
2024-08-18 08:06:47,SOLUSDT,bid,130,16943.007
2024-08-18 08:07:16,SOLUSDT,ask,150,27134.024
2024-08-18 08:07:21,SOLUSDT,ask,500,6307.692
2024-08-18 08:07:23,SOLUSDT,bid,130,16937.608
2024-08-18 08:08:07,SOLUSDT,ask,160,25253.923
2024-08-18 08:08:09,SOLUSDT,bid,130,16937.562
2024-08-18 08:08:09,SOLUSDT,ask,150,27133.66
2024-08-18 08:08:13,SOLUSDT,bid,132,9180.858
2024-08-18 08:08:21,SOLUSDT,bid,132,9178.858
2024-08-18 08:08:34,SOLUSDT,bid,120,24915.906
2024-08-18 08:08:59,SOLUSDT,ask,148,9892.309
2024-08-18 08:09:04,SOLUSDT,ask,150,27134.024
2024-08-18 08:09:42,SOLUSDT,ask,150,27134.524
2024-08-18 08:09:53,SOLUSDT,ask,150,27174.524
2024-08-18 08:09:55,SOLUSDT,bid,135,27607.717
2024-08-18 08:10:25,SOLUSDT,bid,120,24918.231
2024-08-18 08:10:58,SOLUSDT,ask,150,27006.518
2024-08-18 08:11:17,SOLUSDT,bid,90,17581.725
2024-08-18 08:11:36,SOLUSDT,bid,110,26460.355
2024-08-18 08:12:02,SOLUSDT,ask,170,14621.106
2024-08-18 08:12:04,SOLUSDT,bid,115,22590.614
2024-08-18 08:13:01,SOLUSDT,bid,115,22593.117
2024-08-18 08:13:04,SOLUSDT,bid,115,22590.614
2024-08-18 08:13:11,SOLUSDT,bid,135,27592.899
2024-08-18 08:13:12,SOLUSDT,bid,130,16932.331
2024-08-18 08:13:33,SOLUSDT,bid,131,10873.645
2024-08-18 08:14:04,SOLUSDT,ask,150,27006.591
2024-08-18 08:14:06,SOLUSDT,ask,150,27004.591
2024-08-18 08:14:21,SOLUSDT,ask,300,9357.708
2024-08-18 08:15:02,SOLUSDT,bid,135,27601.288
2024-08-18 08:15:20,SOLUSDT,bid,130,16922.189
2024-08-18 08:15:26,SOLUSDT,ask,150,27004.25
2024-08-18 08:16:09,SOLUSDT,ask,154,18104.066
2024-08-18 08:16:20,SOLUSDT,ask,150,27004.206
2024-08-18 08:16:21,SOLUSDT,ask,160,25232.299
2024-08-18 08:16:27,SOLUSDT,ask,151,24408.896
2024-08-18 08:16:37,SOLUSDT,bid,115,22593.104
2024-08-18 08:17:02,SOLUSDT,ask,150,27005.205
2024-08-18 08:17:04,SOLUSDT,bid,115,22590.614
2024-08-18 08:19:00,SOLUSDT,ask,205,10775.833
2024-08-18 08:19:12,SOLUSDT,ask,165,17503.27
2024-08-18 08:19:20,SOLUSDT,ask,150,27007.205
2024-08-18 08:19:31,SOLUSDT,ask,155,9392.849
2024-08-18 08:19:34,SOLUSDT,ask,155,9390.854
2024-08-18 08:19:41,SOLUSDT,bid,110,26460.991
2024-08-18 08:20:38,SOLUSDT,ask,193,7723.855
2024-08-18 08:21:14,SOLUSDT,ask,165,16801.996
2024-08-18 08:21:19,SOLUSDT,bid,120,24918.148
2024-08-18 08:21:50,SOLUSDT,ask,170,14635.063
2024-08-18 08:21:57,SOLUSDT,bid,120,24918.031
2024-08-18 08:22:10,SOLUSDT,ask,150,27006.053
2024-08-18 08:22:11,SOLUSDT,bid,130,16922.143
2024-08-18 08:23:11,SOLUSDT,bid,135,27601.367
2024-08-18 08:23:14,SOLUSDT,bid,135,27602.107
2024-08-18 08:23:57,SOLUSDT,bid,135,27601.737
2024-08-18 08:24:51,SOLUSDT,ask,180,22974.838
2024-08-18 08:25:03,SOLUSDT,ask,158,18762.023
2024-08-18 08:25:28,SOLUSDT,bid,135,27616.551
2024-08-18 08:25:42,SOLUSDT,ask,148,9893.309
2024-08-18 08:25:57,SOLUSDT,bid,130,16908.095
2024-08-18 08:26:06,SOLUSDT,bid,135,27616.591
2024-08-18 08:27:20,SOLUSDT,ask,148,9949.529
2024-08-18 08:27:39,SOLUSDT,bid,131,10875.717
2024-08-18 08:28:24,SOLUSDT,bid,135,27616.534
2024-08-18 08:28:58,SOLUSDT,ask,165,16805.546
2024-08-18 08:29:02,SOLUSDT,bid,130,16894.095
2024-08-18 08:29:14,SOLUSDT,bid,130,16890.249
2024-08-18 08:29:38,SOLUSDT,ask,185,16883.747
2024-08-18 08:29:41,SOLUSDT,bid,131,10873.645
2024-08-18 08:30:05,SOLUSDT,ask,150,27011.053
2024-08-18 08:30:06,SOLUSDT,ask,195,12377.32
2024-08-18 08:30:09,SOLUSDT,ask,170,14633.271
2024-08-18 08:30:30,SOLUSDT,ask,200,44163.829
2024-08-18 08:30:32,SOLUSDT,ask,150,27002.359
2024-08-18 08:30:40,SOLUSDT,ask,200,44163.795
2024-08-18 08:30:42,SOLUSDT,ask,148,9948.896
2024-08-18 08:30:46,SOLUSDT,bid,125,22623.844
2024-08-18 08:30:57,SOLUSDT,bid,130,16889.405
2024-08-18 08:31:09,SOLUSDT,ask,148,9947.428
2024-08-18 08:31:24,SOLUSDT,ask,155,9402.854
2024-08-18 08:31:42,SOLUSDT,ask,165,16801.984
2024-08-18 08:32:05,SOLUSDT,ask,220,12205.482
2024-08-18 08:32:14,SOLUSDT,ask,170,14636.833
2024-08-18 08:33:14,SOLUSDT,ask,160,25231.298
2024-08-18 08:33:25,SOLUSDT,bid,115,22591.995
2024-08-18 08:34:32,SOLUSDT,ask,180,22979.445
2024-08-18 08:35:01,SOLUSDT,ask,150,27005.599
2024-08-18 08:35:11,SOLUSDT,ask,151,24059.888
2024-08-18 08:35:51,SOLUSDT,ask,180,22984.765
2024-08-18 08:36:14,SOLUSDT,bid,135,27616.491
2024-08-18 08:36:28,SOLUSDT,bid,125,22622.844
2024-08-18 08:37:10,SOLUSDT,ask,155,9176.69
2024-08-18 08:38:19,SOLUSDT,bid,115,22591.787
2024-08-18 08:38:57,SOLUSDT,bid,110,26459.962
2024-08-18 08:39:16,SOLUSDT,bid,110,26605.416
2024-08-18 08:39:28,SOLUSDT,ask,151,24408.896
2024-08-18 08:39:55,SOLUSDT,bid,118,9395.405
2024-08-18 08:39:55,SOLUSDT,bid,110,26605.25
2024-08-18 08:40:09,SOLUSDT,ask,150,27006.386
2024-08-18 08:40:34,SOLUSDT,bid,130,16891.833
2024-08-18 08:40:56,SOLUSDT,ask,160,25245.362
2024-08-18 08:42:05,SOLUSDT,ask,150,27009.05
2024-08-18 08:42:23,SOLUSDT,bid,133,8002.664
2024-08-18 08:42:31,SOLUSDT,bid,133,8000.664
2024-08-18 08:42:58,SOLUSDT,ask,190,23537.301
2024-08-18 08:44:51,SOLUSDT,bid,135,27616.121
2024-08-18 08:44:56,SOLUSDT,bid,118,9394.558
2024-08-18 08:45:13,SOLUSDT,ask,200,44164.499
2024-08-18 08:45:16,SOLUSDT,ask,150,27008.201
2024-08-18 08:45:25,SOLUSDT,bid,125,22626.958
2024-08-18 08:45:28,SOLUSDT,ask,155,9179.69
2024-08-18 08:45:29,SOLUSDT,ask,180,22984.006
2024-08-18 08:45:35,SOLUSDT,bid,125,22628.23
2024-08-18 08:45:41,SOLUSDT,bid,133,8002.664
2024-08-18 08:45:52,SOLUSDT,bid,133,8000.664
2024-08-18 08:45:53,SOLUSDT,ask,150,27016.889
2024-08-18 08:46:39,SOLUSDT,ask,150,27013.649
2024-08-18 08:46:52,SOLUSDT,bid,120,24919.213
2024-08-18 08:46:55,SOLUSDT,ask,150,27014.095
2024-08-18 08:47:02,SOLUSDT,ask,180,22987.246
2024-08-18 08:47:04,SOLUSDT,ask,600,2989.002
2024-08-18 08:47:12,SOLUSDT,ask,150,27017.13
2024-08-18 08:47:36,SOLUSDT,bid,125,22627.15
2024-08-18 08:48:16,SOLUSDT,bid,130,16891.064
2024-08-18 08:48:50,SOLUSDT,bid,135,27618.577
2024-08-18 08:49:03,SOLUSDT,ask,155,9041.8
2024-08-18 08:49:13,SOLUSDT,ask,180,22987.928
2024-08-18 08:49:55,SOLUSDT,ask,150,27014.095
2024-08-18 08:52:10,SOLUSDT,bid,120,24819.213
2024-08-18 08:52:11,SOLUSDT,bid,130,16791.064
2024-08-18 08:52:26,SOLUSDT,bid,80,27443.086
2024-08-18 08:52:50,SOLUSDT,ask,150,27006.897
2024-08-18 08:53:36,SOLUSDT,ask,155,9045.4
2024-08-18 08:54:10,SOLUSDT,bid,132,9178.797
2024-08-18 08:55:02,SOLUSDT,ask,150,27008.897
2024-08-18 08:55:32,SOLUSDT,bid,135,27617.577
2024-08-18 08:55:38,SOLUSDT,bid,125,22627.61
2024-08-18 08:57:03,SOLUSDT,bid,120,24819.024
2024-08-18 08:57:30,SOLUSDT,ask,150,27009.01
2024-08-18 08:57:33,SOLUSDT,ask,175,12244.482
2024-08-18 08:57:41,SOLUSDT,bid,100,35936.032
2024-08-18 08:57:48,SOLUSDT,ask,175,12777.277
2024-08-18 08:57:50,SOLUSDT,ask,155,9038.696
2024-08-18 08:58:08,SOLUSDT,bid,125,22623.496
2024-08-18 08:58:19,SOLUSDT,ask,152,26256.712
2024-08-18 08:58:21,SOLUSDT,bid,125,22629.869
2024-08-18 08:58:24,SOLUSDT,ask,155,9028.706
2024-08-18 08:59:04,SOLUSDT,bid,130,16771.064
2024-08-18 08:59:04,SOLUSDT,ask,156,20181.009
2024-08-18 08:59:29,SOLUSDT,ask,151,24059.888
2024-08-18 09:00:00,SOLUSDT,ask,151,24408.896
2024-08-18 09:00:23,SOLUSDT,ask,165,16798.37
2024-08-18 09:00:23,SOLUSDT,ask,165,16796.448
2024-08-18 09:00:30,SOLUSDT,bid,120,24816.524
2024-08-18 09:00:30,SOLUSDT,bid,131,10871.388
2024-08-18 09:00:33,SOLUSDT,bid,122,9170.362
2024-08-18 09:01:01,SOLUSDT,ask,195,12377.454
2024-08-18 09:01:18,SOLUSDT,ask,150,27012.643
2024-08-18 09:01:31,SOLUSDT,ask,151,24408.828
2024-08-18 09:01:36,SOLUSDT,ask,150,27012.586
2024-08-18 09:01:41,SOLUSDT,bid,135,27617.503
2024-08-18 09:01:54,SOLUSDT,bid,131,10873.645
2024-08-18 09:02:14,SOLUSDT,bid,90,17580.274
2024-08-18 09:02:19,SOLUSDT,bid,110,26604.091
2024-08-18 09:02:26,SOLUSDT,ask,151,24408.535
2024-08-18 09:02:26,SOLUSDT,ask,152,26257.005
2024-08-18 09:02:41,SOLUSDT,bid,135,27616.985
2024-08-18 09:02:52,SOLUSDT,ask,170,14636.89
2024-08-18 09:03:02,SOLUSDT,bid,90,17579.76
2024-08-18 09:03:02,SOLUSDT,ask,150,27012.072
2024-08-18 09:03:06,SOLUSDT,ask,160,25210.667
2024-08-18 09:03:36,SOLUSDT,bid,110,26602.832
2024-08-18 09:05:48,SOLUSDT,bid,135,27617.083
2024-08-18 09:05:48,SOLUSDT,ask,150,27012.16
2024-08-18 09:05:48,SOLUSDT,ask,155,9028.791
2024-08-18 09:05:48,SOLUSDT,ask,160,25210.749
2024-08-18 09:05:48,SOLUSDT,bid,130,16771.165
2024-08-18 09:06:01,SOLUSDT,bid,118,9399.558
2024-08-18 09:06:11,SOLUSDT,bid,135,27624.125
2024-08-18 09:07:02,SOLUSDT,ask,152,26239.165
2024-08-18 09:07:03,SOLUSDT,ask,165,16796.948
2024-08-18 09:08:02,SOLUSDT,bid,110,26602.782
2024-08-18 09:08:02,SOLUSDT,ask,180,22987.878
2024-08-18 09:09:04,SOLUSDT,bid,111,16062.401
2024-08-18 09:09:50,SOLUSDT,bid,110,26601.873
2024-08-18 09:09:50,SOLUSDT,ask,165,16797.046
2024-08-18 09:10:10,SOLUSDT,ask,170,14595.325
2024-08-18 09:10:16,SOLUSDT,bid,96,12579.411
2024-08-18 09:10:23,SOLUSDT,ask,150,27012.198
2024-08-18 09:10:29,SOLUSDT,bid,111,16061.401
2024-08-18 09:11:19,SOLUSDT,ask,150,27011.136
2024-08-18 09:11:28,SOLUSDT,bid,132,9180.797
2024-08-18 09:11:39,SOLUSDT,bid,132,9178.797
2024-08-18 09:12:47,SOLUSDT,ask,150,27011.498
2024-08-18 09:12:59,SOLUSDT,bid,132,9180.69
2024-08-18 09:13:26,SOLUSDT,ask,150,27010.631
2024-08-18 09:14:45,SOLUSDT,bid,135,27624.087
2024-08-18 09:14:52,SOLUSDT,ask,152,26235.923
2024-08-18 09:15:03,SOLUSDT,bid,135,27622.087
2024-08-18 09:15:12,SOLUSDT,ask,170,14595.373
2024-08-18 09:15:13,SOLUSDT,ask,150,27035.393
2024-08-18 09:15:29,SOLUSDT,bid,110,26620.737
2024-08-18 09:16:32,SOLUSDT,bid,135,27622.125
2024-08-18 09:16:32,SOLUSDT,ask,160,25192.929
2024-08-18 09:16:36,SOLUSDT,ask,150,27030.947
2024-08-18 09:18:05,SOLUSDT,ask,148,9949.426
2024-08-18 09:18:35,SOLUSDT,ask,152,26233.01
2024-08-18 09:19:06,SOLUSDT,bid,118,9390.536
2024-08-18 09:19:39,SOLUSDT,bid,130,16771.851
2024-08-18 09:21:14,SOLUSDT,ask,155,9028.839
2024-08-18 09:21:16,SOLUSDT,ask,190,23524.638
2024-08-18 09:21:20,SOLUSDT,bid,135,27622.173
2024-08-18 09:21:23,SOLUSDT,ask,148,9949.465
2024-08-18 09:21:23,SOLUSDT,ask,150,27030.986
2024-08-18 09:21:23,SOLUSDT,ask,151,24408.574
2024-08-18 09:21:23,SOLUSDT,ask,152,26233.049
2024-08-18 09:21:25,SOLUSDT,ask,155,9028.661
2024-08-18 09:21:25,SOLUSDT,bid,135,27622.212
2024-08-18 09:21:26,SOLUSDT,bid,132,9180.729
2024-08-18 09:21:26,SOLUSDT,bid,131,10873.684
2024-08-18 09:21:27,SOLUSDT,bid,130,16771.89
2024-08-18 09:22:08,SOLUSDT,bid,120,24816.302
2024-08-18 09:23:16,SOLUSDT,bid,115,22586.132
2024-08-18 09:23:36,SOLUSDT,ask,151,24264.584
2024-08-18 09:23:45,SOLUSDT,bid,130,16803.499
2024-08-18 09:23:45,SOLUSDT,bid,90,17479.76
2024-08-18 09:23:53,SOLUSDT,bid,130,16803.538
2024-08-18 09:23:57,SOLUSDT,ask,160,25191.959
2024-08-18 09:24:22,SOLUSDT,bid,135,27621.612
2024-08-18 09:24:37,SOLUSDT,bid,132,9153.729
2024-08-18 09:24:38,SOLUSDT,bid,135,27662.352
2024-08-18 09:24:49,SOLUSDT,ask,158,18776.009
2024-08-18 09:24:59,SOLUSDT,bid,120,24807.969
2024-08-18 09:25:23,SOLUSDT,ask,158,18762.023
2024-08-18 09:25:59,SOLUSDT,bid,131,10874.684
2024-08-18 09:26:14,SOLUSDT,bid,125,22637.869
2024-08-18 09:26:23,SOLUSDT,ask,150,27031.024
2024-08-18 09:26:54,SOLUSDT,ask,150,27031.627
2024-08-18 09:27:04,SOLUSDT,bid,135,27662.314
2024-08-18 09:27:36,SOLUSDT,ask,175,12776.825
2024-08-18 09:28:03,SOLUSDT,ask,158,18763.085
2024-08-18 09:28:07,SOLUSDT,bid,110,26620.691
2024-08-18 09:28:08,SOLUSDT,bid,105,9641.834
2024-08-18 09:28:09,SOLUSDT,bid,100,35935.981
2024-08-18 09:28:27,SOLUSDT,ask,170,14585.769
2024-08-18 09:28:35,SOLUSDT,bid,116,8853.734
2024-08-18 09:28:42,SOLUSDT,ask,150,27081.627
2024-08-18 09:29:33,SOLUSDT,ask,150,27080.328
2024-08-18 09:32:10,SOLUSDT,bid,110,26622.508
2024-08-18 09:32:26,SOLUSDT,bid,135,27663.054
2024-08-18 09:33:22,SOLUSDT,bid,132,9153.119
2024-08-18 09:34:15,SOLUSDT,bid,120,24807.296
2024-08-18 09:34:37,SOLUSDT,bid,131,10873.684
2024-08-18 09:34:42,SOLUSDT,bid,120,24777.296
2024-08-18 09:34:47,SOLUSDT,bid,111,16060.401
2024-08-18 09:34:51,SOLUSDT,ask,148,9945.153
2024-08-18 09:37:09,SOLUSDT,bid,115,22573.132
2024-08-18 09:37:09,SOLUSDT,bid,135,27662.971
2024-08-18 09:37:42,SOLUSDT,bid,130,16803.249
2024-08-18 09:38:54,SOLUSDT,bid,125,22619.859
2024-08-18 09:39:15,SOLUSDT,bid,100,35919.332
2024-08-18 09:39:44,SOLUSDT,bid,130,16801.43
2024-08-18 09:40:12,SOLUSDT,ask,155,9027.656
2024-08-18 09:40:19,SOLUSDT,bid,133,8010.664
2024-08-18 09:40:27,SOLUSDT,bid,133,8000.664
2024-08-18 09:40:59,SOLUSDT,bid,135,27661.86
2024-08-18 09:41:18,SOLUSDT,ask,155,9035.758
2024-08-18 09:41:31,SOLUSDT,ask,155,9027.656
2024-08-18 09:41:57,SOLUSDT,ask,148,9943.458
2024-08-18 09:42:23,SOLUSDT,ask,155,9035.758
2024-08-18 09:42:36,SOLUSDT,bid,125,22621.29
2024-08-18 09:42:41,SOLUSDT,ask,150,27075.334
2024-08-18 09:43:00,SOLUSDT,ask,160,25185.302
2024-08-18 09:43:20,SOLUSDT,bid,130,16829.77
2024-08-18 09:43:22,SOLUSDT,bid,130,16825.924
2024-08-18 09:43:27,SOLUSDT,ask,180,22994.535
2024-08-18 09:43:36,SOLUSDT,ask,165,16797.29
2024-08-18 09:43:42,SOLUSDT,ask,155,9027.656
2024-08-18 09:43:47,SOLUSDT,ask,155,9035.758
2024-08-18 09:44:16,SOLUSDT,ask,155,9027.656
2024-08-18 09:44:32,SOLUSDT,bid,105,9643.837
2024-08-18 09:44:51,SOLUSDT,ask,150,27077.334
2024-08-18 09:45:00,SOLUSDT,ask,148,9945.458
2024-08-18 09:45:13,SOLUSDT,ask,152,26235.049
2024-08-18 09:45:20,SOLUSDT,bid,130,16787.463
2024-08-18 09:45:21,SOLUSDT,ask,154,18106.066
2024-08-18 09:45:22,SOLUSDT,bid,132,9115.241
2024-08-18 09:45:39,SOLUSDT,ask,150,27074.922
2024-08-18 09:46:08,SOLUSDT,ask,148,9941.456
2024-08-18 09:47:01,SOLUSDT,ask,152,26233.632
2024-08-18 09:47:24,SOLUSDT,ask,152,26228.815
2024-08-18 09:47:35,SOLUSDT,bid,125,22617.399
2024-08-18 09:47:36,SOLUSDT,bid,130,16783.722
2024-08-18 09:47:51,SOLUSDT,bid,110,26617.508
2024-08-18 09:47:53,SOLUSDT,bid,130,16782.771
2024-08-18 09:47:53,SOLUSDT,bid,111,16105.446
2024-08-18 09:47:57,SOLUSDT,ask,155,9023.138
2024-08-18 09:48:03,SOLUSDT,ask,180,22996.745
2024-08-18 09:48:04,SOLUSDT,bid,115,22616.61
2024-08-18 09:48:05,SOLUSDT,ask,150,27072.922
2024-08-18 09:48:22,SOLUSDT,ask,150,27074.922
2024-08-18 09:48:28,SOLUSDT,ask,180,23000.501
2024-08-18 09:48:32,SOLUSDT,ask,150,27072.922
2024-08-18 09:48:42,SOLUSDT,ask,195,12378.774
2024-08-18 09:48:54,SOLUSDT,bid,118,9385.536
2024-08-18 09:48:54,SOLUSDT,ask,151,24266.591
2024-08-18 09:49:33,SOLUSDT,ask,158,18786.538
2024-08-18 09:49:54,SOLUSDT,bid,125,22609.399
2024-08-18 09:50:22,SOLUSDT,bid,135,27662.86
2024-08-18 09:50:31,SOLUSDT,ask,148,9934.259
2024-08-18 09:50:50,SOLUSDT,ask,152,26226.797
2024-08-18 09:50:57,SOLUSDT,ask,170,14585.338
2024-08-18 09:50:57,SOLUSDT,ask,200,44164.714
2024-08-18 09:51:05,SOLUSDT,ask,158,18785.476
2024-08-18 09:51:19,SOLUSDT,ask,156,20179.512
2024-08-18 09:51:20,SOLUSDT,bid,135,27652.86
2024-08-18 09:51:25,SOLUSDT,bid,120,24777.054
2024-08-18 09:51:52,SOLUSDT,ask,152,26224.883
2024-08-18 09:51:55,SOLUSDT,bid,110,26598.644
2024-08-18 09:52:20,SOLUSDT,bid,125,22625.999
2024-08-18 09:52:29,SOLUSDT,bid,132,9015.241
2024-08-18 09:52:55,SOLUSDT,ask,151,24263.885
2024-08-18 09:53:08,SOLUSDT,bid,130,16774.831
2024-08-18 09:53:15,SOLUSDT,ask,148,9934.36
2024-08-18 09:53:20,SOLUSDT,bid,130,16770.514
2024-08-18 09:53:22,SOLUSDT,bid,130,16770.587
2024-08-18 09:53:24,SOLUSDT,ask,152,26224.719
2024-08-18 09:53:37,SOLUSDT,bid,125,22522.319
2024-08-18 09:53:43,SOLUSDT,bid,131,10858.238
2024-08-18 09:53:59,SOLUSDT,ask,160,25193.677
2024-08-18 09:54:05,SOLUSDT,bid,90,17484.76
2024-08-18 09:54:16,SOLUSDT,ask,160,25193.614
2024-08-18 09:54:28,SOLUSDT,ask,163,16926.214
2024-08-18 09:55:17,SOLUSDT,ask,151,24267.698
2024-08-18 09:55:25,SOLUSDT,bid,130,16768.664
2024-08-18 09:55:38,SOLUSDT,bid,135,27660.971
2024-08-18 09:55:52,SOLUSDT,ask,170,14620.423
2024-08-18 09:56:08,SOLUSDT,ask,160,25173.136
2024-08-18 09:56:08,SOLUSDT,ask,188,11091.746
2024-08-18 09:56:30,SOLUSDT,bid,135,27658.571
2024-08-18 09:56:30,SOLUSDT,bid,120,24779.454
2024-08-18 09:56:36,SOLUSDT,bid,135,27657.831
2024-08-18 09:56:41,SOLUSDT,bid,130,16757.715
2024-08-18 09:56:52,SOLUSDT,bid,118,9240.347
2024-08-18 09:57:46,SOLUSDT,bid,125,22505.719
2024-08-18 09:57:52,SOLUSDT,ask,175,12786.825
2024-08-18 09:58:36,SOLUSDT,ask,198,5075.253
2024-08-18 09:59:07,SOLUSDT,ask,198,5065.253
2024-08-18 09:59:09,SOLUSDT,bid,135,27659.281
2024-08-18 09:59:22,SOLUSDT,bid,131,10857.79
2024-08-18 09:59:29,SOLUSDT,ask,198,5073.253
2024-08-18 09:59:34,SOLUSDT,bid,132,9014.863
2024-08-18 09:59:43,SOLUSDT,ask,150,27074.609
2024-08-18 09:59:52,SOLUSDT,ask,160,25183.126
2024-08-18 09:59:55,SOLUSDT,ask,151,24266.699
2024-08-18 09:59:55,SOLUSDT,ask,160,25184.125
2024-08-18 10:00:20,SOLUSDT,bid,130,16757.475
2024-08-18 10:00:20,SOLUSDT,bid,125,22505.469
2024-08-18 10:00:20,SOLUSDT,bid,115,22616.36
2024-08-18 10:00:20,SOLUSDT,bid,110,26598.394
2024-08-18 10:00:20,SOLUSDT,bid,105,9643.587
2024-08-18 10:00:20,SOLUSDT,bid,100,35919.082
2024-08-18 10:00:23,SOLUSDT,bid,125,22504.469
2024-08-18 10:00:26,SOLUSDT,ask,148,9934.259
2024-08-18 10:00:34,SOLUSDT,ask,151,23917.691
2024-08-18 10:00:45,SOLUSDT,ask,152,26231.528
2024-08-18 10:01:06,SOLUSDT,ask,152,26228.087
2024-08-18 10:01:16,SOLUSDT,ask,150,27073.079
2024-08-18 10:01:25,SOLUSDT,ask,150,27073.017
2024-08-18 10:01:26,SOLUSDT,bid,132,9014.722
2024-08-18 10:01:26,SOLUSDT,ask,150,27072.876
2024-08-18 10:01:28,SOLUSDT,ask,148,9933.912
2024-08-18 10:01:30,SOLUSDT,bid,130,16755.914
2024-08-18 10:01:36,SOLUSDT,ask,148,9934.069
2024-08-18 10:01:36,SOLUSDT,ask,155,9023.417
2024-08-18 10:01:44,SOLUSDT,ask,158,18785.284
2024-08-18 10:02:10,SOLUSDT,ask,185,16882.675
2024-08-18 10:02:33,SOLUSDT,ask,152,26227.517
2024-08-18 10:02:35,SOLUSDT,ask,154,18105.638
2024-08-18 10:02:47,SOLUSDT,ask,160,25179.138
2024-08-18 10:02:48,SOLUSDT,ask,160,25179.341
2024-08-18 10:02:54,SOLUSDT,bid,120,24779.099
2024-08-18 10:03:19,SOLUSDT,ask,150,27066.063
2024-08-18 10:03:24,SOLUSDT,ask,150,27066.027
2024-08-18 10:03:33,SOLUSDT,ask,180,23005.034
2024-08-18 10:03:33,SOLUSDT,bid,130,16756.005
2024-08-18 10:03:37,SOLUSDT,ask,150,27031.923
2024-08-18 10:03:37,SOLUSDT,ask,148,9935.069
2024-08-18 10:03:45,SOLUSDT,bid,130,16755.914
2024-08-18 10:04:01,SOLUSDT,ask,200,44163.874
2024-08-18 10:04:08,SOLUSDT,ask,150,27032.281
2024-08-18 10:04:11,SOLUSDT,ask,152,26228.357
2024-08-18 10:04:13,SOLUSDT,bid,135,27667.3
2024-08-18 10:04:14,SOLUSDT,ask,160,25179.841
2024-08-18 10:04:14,SOLUSDT,ask,170,14619.923
2024-08-18 10:04:28,SOLUSDT,ask,148,9932.072
2024-08-18 10:04:30,SOLUSDT,ask,165,16812.29
2024-08-18 10:04:47,SOLUSDT,ask,193,7723.933
2024-08-18 10:05:08,SOLUSDT,bid,135,27669.374
2024-08-18 10:05:31,SOLUSDT,ask,150,27031.494
2024-08-18 10:05:32,SOLUSDT,bid,120,24778.98
2024-08-18 10:05:32,SOLUSDT,bid,135,27669.255
2024-08-18 10:05:32,SOLUSDT,bid,125,22504.35
2024-08-18 10:05:32,SOLUSDT,bid,130,16755.795
2024-08-18 10:05:50,SOLUSDT,bid,135,27669.194
2024-08-18 10:06:01,SOLUSDT,ask,190,23529.114
2024-08-18 10:06:01,SOLUSDT,bid,120,24762.314
2024-08-18 10:06:14,SOLUSDT,bid,130,16771.179
2024-08-18 10:06:15,SOLUSDT,ask,180,23005.087
2024-08-18 10:06:17,SOLUSDT,ask,188,11092.445
2024-08-18 10:06:21,SOLUSDT,ask,148,9931.073
2024-08-18 10:06:33,SOLUSDT,ask,156,20154.654
2024-08-18 10:07:07,SOLUSDT,ask,150,27032.781
2024-08-18 10:07:16,SOLUSDT,ask,150,27039.99
2024-08-18 10:07:20,SOLUSDT,ask,170,14619.356
2024-08-18 10:07:28,SOLUSDT,bid,132,9092.722
2024-08-18 10:07:29,SOLUSDT,ask,154,18150.301
2024-08-18 10:07:34,SOLUSDT,bid,135,27668.194
2024-08-18 10:07:35,SOLUSDT,ask,190,23525.514
2024-08-18 10:07:51,SOLUSDT,bid,120,24847.172
2024-08-18 10:07:57,SOLUSDT,ask,150,27038.35
2024-08-18 10:08:04,SOLUSDT,ask,150,27038.917
2024-08-18 10:08:12,SOLUSDT,ask,155,9025.556
2024-08-18 10:08:14,SOLUSDT,bid,132,9094.017
2024-08-18 10:08:27,SOLUSDT,ask,150,27037.63
2024-08-18 10:08:58,SOLUSDT,ask,220,12208.871
2024-08-18 10:09:10,SOLUSDT,bid,100,35923.082
2024-08-18 10:09:22,SOLUSDT,ask,150,27038.917
2024-08-18 10:09:31,SOLUSDT,bid,135,28268.194
2024-08-18 10:09:34,SOLUSDT,bid,131,10857.877
2024-08-18 10:09:46,SOLUSDT,bid,131,10857.79
2024-08-18 10:10:53,SOLUSDT,ask,148,9929.952
2024-08-18 10:10:54,SOLUSDT,bid,130,16770.875
2024-08-18 10:12:07,SOLUSDT,bid,125,22520.95
2024-08-18 10:12:10,SOLUSDT,ask,151,23917.014
2024-08-18 10:12:31,SOLUSDT,bid,135,28268.146
2024-08-18 10:12:31,SOLUSDT,ask,155,9025.508
2024-08-18 10:12:34,SOLUSDT,ask,148,9930.629
2024-08-18 10:12:44,SOLUSDT,ask,150,27038.314
2024-08-18 10:12:48,SOLUSDT,ask,151,23947.014
2024-08-18 10:12:52,SOLUSDT,bid,130,16740.106
2024-08-18 10:13:32,SOLUSDT,bid,135,28274.805
2024-08-18 10:13:38,SOLUSDT,bid,131,10857.225
2024-08-18 10:13:58,SOLUSDT,ask,148,9933.409
2024-08-18 10:14:09,SOLUSDT,bid,135,28271.805
2024-08-18 10:14:12,SOLUSDT,ask,150,27065.376
2024-08-18 10:14:30,SOLUSDT,ask,150,27064.825
2024-08-18 10:14:34,SOLUSDT,bid,132,9090.612
2024-08-18 10:14:52,SOLUSDT,bid,135,28270.898
2024-08-18 10:15:02,SOLUSDT,bid,133,8000.552
2024-08-18 10:15:04,SOLUSDT,ask,190,23524.942
2024-08-18 10:15:29,SOLUSDT,ask,150,27063.82
2024-08-18 10:15:38,SOLUSDT,ask,150,27063.253
2024-08-18 10:15:38,SOLUSDT,ask,150,27052.253
2024-08-18 10:15:38,SOLUSDT,ask,151,23934.202
2024-08-18 10:16:00,SOLUSDT,ask,180,23003.542
2024-08-18 10:16:06,SOLUSDT,ask,190,23525.87
2024-08-18 10:16:14,SOLUSDT,ask,160,25444.77
2024-08-18 10:16:34,SOLUSDT,ask,160,25445.265
2024-08-18 10:16:46,SOLUSDT,ask,210,25962.17
2024-08-18 10:17:21,SOLUSDT,bid,120,24850.505
2024-08-18 10:17:28,SOLUSDT,ask,188,11068.004
2024-08-18 10:17:47,SOLUSDT,ask,210,25841.981
2024-08-18 10:17:48,SOLUSDT,ask,170,14602.503
2024-08-18 10:18:08,SOLUSDT,ask,152,26300.998
2024-08-18 10:18:28,SOLUSDT,ask,188,11084.857
2024-08-18 10:18:30,SOLUSDT,ask,152,26303.234
2024-08-18 10:18:34,SOLUSDT,bid,125,22657.493
2024-08-18 10:18:49,SOLUSDT,ask,185,16888.573
2024-08-18 10:18:50,SOLUSDT,ask,150,27052.311
2024-08-18 10:18:52,SOLUSDT,ask,165,16852.223
2024-08-18 10:18:53,SOLUSDT,ask,150,27052.273
2024-08-18 10:19:09,SOLUSDT,ask,158,18786.961
2024-08-18 10:19:20,SOLUSDT,ask,150,27052.309
2024-08-18 10:19:26,SOLUSDT,ask,158,18787.52
2024-08-18 10:19:38,SOLUSDT,ask,150,27051.849
2024-08-18 10:19:40,SOLUSDT,ask,185,16887.951
2024-08-18 10:19:55,SOLUSDT,ask,156,20154.334
2024-08-18 10:19:57,SOLUSDT,ask,158,18787.204
2024-08-18 10:19:58,SOLUSDT,ask,155,9025.186
2024-08-18 10:20:00,SOLUSDT,ask,154,18149.977
2024-08-18 10:20:02,SOLUSDT,bid,135,28271.398
2024-08-18 10:20:03,SOLUSDT,ask,152,26302.906
2024-08-18 10:20:05,SOLUSDT,ask,151,23933.871
2024-08-18 10:20:06,SOLUSDT,ask,150,27051.516
2024-08-18 10:20:07,SOLUSDT,ask,150,27051.016
2024-08-18 10:20:07,SOLUSDT,ask,152,26303.406
2024-08-18 10:20:10,SOLUSDT,ask,148,9933.072
2024-08-18 10:20:23,SOLUSDT,ask,165,16852.723
2024-08-18 10:21:21,SOLUSDT,ask,154,18149.613
2024-08-18 10:21:27,SOLUSDT,ask,160,25444.621
2024-08-18 10:21:43,SOLUSDT,bid,135,28273.285
2024-08-18 10:21:52,SOLUSDT,bid,130,16743.745
2024-08-18 10:22:10,SOLUSDT,bid,135,28274.025
2024-08-18 10:22:33,SOLUSDT,bid,135,28272.031
2024-08-18 10:22:38,SOLUSDT,ask,148,9932.323
2024-08-18 10:22:41,SOLUSDT,ask,161,15401.638
2024-08-18 10:22:48,SOLUSDT,ask,185,16887.6
2024-08-18 10:22:58,SOLUSDT,bid,122,9166.264
2024-08-18 10:23:05,SOLUSDT,bid,125,22653.493
2024-08-18 10:23:06,SOLUSDT,bid,115,22612.013
2024-08-18 10:23:14,SOLUSDT,bid,125,22516.95
2024-08-18 10:23:26,SOLUSDT,bid,118,9384.99
2024-08-18 10:23:32,SOLUSDT,ask,154,18104.95
2024-08-18 10:23:32,SOLUSDT,ask,155,9069.849
2024-08-18 10:23:40,SOLUSDT,bid,90,17490.315
2024-08-18 10:23:46,SOLUSDT,bid,80,27449.336
2024-08-18 10:23:49,SOLUSDT,ask,156,20153.984
2024-08-18 10:24:09,SOLUSDT,bid,115,22602.013
2024-08-18 10:24:15,SOLUSDT,ask,160,25444.011
2024-08-18 10:24:44,SOLUSDT,ask,150,27054.802
2024-08-18 10:24:58,SOLUSDT,bid,135,28282.031
2024-08-18 10:25:12,SOLUSDT,ask,155,9069.978
2024-08-18 10:25:20,SOLUSDT,bid,135,28262.031
2024-08-18 10:25:20,SOLUSDT,bid,130,16723.745
2024-08-18 10:25:20,SOLUSDT,bid,125,22501.95
2024-08-18 10:25:20,SOLUSDT,bid,120,24825.505
2024-08-18 10:25:20,SOLUSDT,bid,110,26573.394
2024-08-18 10:25:20,SOLUSDT,bid,105,9623.587
2024-08-18 10:25:20,SOLUSDT,ask,148,9917.323
2024-08-18 10:25:20,SOLUSDT,ask,158,18772.204
2024-08-18 10:25:20,SOLUSDT,ask,163,16911.214
2024-08-18 10:25:20,SOLUSDT,ask,165,16842.723
2024-08-18 10:25:20,SOLUSDT,ask,170,14592.503
2024-08-18 10:25:20,SOLUSDT,ask,175,12771.825
2024-08-18 10:25:20,SOLUSDT,ask,180,22998.542
2024-08-18 10:25:20,SOLUSDT,ask,185,16872.6
2024-08-18 10:25:20,SOLUSDT,ask,220,12193.871
2024-08-18 10:25:29,SOLUSDT,ask,190,23526.02
2024-08-18 10:26:03,SOLUSDT,ask,160,24722.621
2024-08-18 10:26:14,SOLUSDT,bid,130,16724.776
2024-08-18 10:26:23,SOLUSDT,ask,160,24712.631
2024-08-18 10:26:30,SOLUSDT,ask,150,27054.863
2024-08-18 10:26:31,SOLUSDT,bid,135,28262.092
2024-08-18 10:27:23,SOLUSDT,bid,131,12062.717
2024-08-18 10:27:26,SOLUSDT,bid,135,28212.456
2024-08-18 10:27:36,SOLUSDT,ask,148,9917.525
2024-08-18 10:27:47,SOLUSDT,ask,150,27055.196
2024-08-18 10:27:51,SOLUSDT,ask,165,16846.832
2024-08-18 10:27:52,SOLUSDT,ask,151,23934.069
2024-08-18 10:27:57,SOLUSDT,ask,152,26303.603
2024-08-18 10:28:08,SOLUSDT,ask,154,18105.177
2024-08-18 10:28:13,SOLUSDT,ask,155,9070.3
2024-08-18 10:28:17,SOLUSDT,ask,165,16847.134
2024-08-18 10:28:17,SOLUSDT,ask,156,20154.304
2024-08-18 10:28:28,SOLUSDT,ask,158,18772.52
2024-08-18 10:28:38,SOLUSDT,ask,160,24712.943
2024-08-18 10:28:43,SOLUSDT,ask,161,15401.948
2024-08-18 10:28:45,SOLUSDT,bid,132,9089.067
2024-08-18 10:28:46,SOLUSDT,ask,150,27065.196
2024-08-18 10:28:47,SOLUSDT,bid,125,22477.958
2024-08-18 10:28:49,SOLUSDT,ask,185,16880.383
2024-08-18 10:28:55,SOLUSDT,ask,163,16911.52
2024-08-18 10:29:19,SOLUSDT,bid,125,22483.648
2024-08-18 10:29:23,SOLUSDT,bid,135,28222.456
2024-08-18 10:29:37,SOLUSDT,bid,130,16739.776
2024-08-18 10:30:01,SOLUSDT,ask,155,9085.3
2024-08-18 10:30:02,SOLUSDT,bid,133,8000.641
2024-08-18 10:30:06,SOLUSDT,ask,163,16911.214
2024-08-18 10:30:11,SOLUSDT,bid,130,16654.273
2024-08-18 10:30:39,SOLUSDT,bid,135,28223.31
2024-08-18 10:30:44,SOLUSDT,bid,133,8000.552
2024-08-18 10:31:05,SOLUSDT,bid,130,16654.104
2024-08-18 10:31:13,SOLUSDT,bid,135,28223.162
2024-08-18 10:31:34,SOLUSDT,bid,135,28216.46
2024-08-18 10:31:46,SOLUSDT,ask,160,24710.943
2024-08-18 10:32:20,SOLUSDT,ask,148,9966.483
2024-08-18 10:32:25,SOLUSDT,ask,148,9966.525
2024-08-18 10:32:25,SOLUSDT,ask,150,27065.238
2024-08-18 10:32:40,SOLUSDT,ask,148,9917.567
2024-08-18 10:32:51,SOLUSDT,ask,148,9917.365
2024-08-18 10:32:52,SOLUSDT,bid,130,16646.412
2024-08-18 10:33:26,SOLUSDT,ask,150,27107.063
2024-08-18 10:33:59,SOLUSDT,bid,130,16647.412
2024-08-18 10:33:59,SOLUSDT,bid,120,24824.505
2024-08-18 10:35:10,SOLUSDT,bid,135,28216.25
2024-08-18 10:35:27,SOLUSDT,ask,156,20151.145
2024-08-18 10:35:45,SOLUSDT,ask,170,14573.098
2024-08-18 10:35:46,SOLUSDT,ask,150,27100.024
2024-08-18 10:36:07,SOLUSDT,ask,170,14592.505
2024-08-18 10:36:21,SOLUSDT,bid,125,22482.648
2024-08-18 10:36:21,SOLUSDT,bid,110,26571.915
2024-08-18 10:36:21,SOLUSDT,bid,100,35922.082
2024-08-18 10:36:21,SOLUSDT,bid,80,27448.737
2024-08-18 10:36:57,SOLUSDT,bid,135,28215.995
2024-08-18 10:37:05,SOLUSDT,ask,152,26303.636
2024-08-18 10:37:08,SOLUSDT,bid,135,28214.494
2024-08-18 10:37:08,SOLUSDT,bid,132,9087.623
2024-08-18 10:37:32,SOLUSDT,bid,130,16647.279
2024-08-18 10:37:47,SOLUSDT,ask,180,22997.834
2024-08-18 10:37:58,SOLUSDT,bid,130,16647.333
2024-08-18 10:37:58,SOLUSDT,ask,160,24710.997
2024-08-18 10:39:11,SOLUSDT,ask,161,15402.037
2024-08-18 10:39:11,SOLUSDT,ask,150,27100.061
2024-08-18 10:39:11,SOLUSDT,ask,161,15402.0
2024-08-18 10:39:24,SOLUSDT,ask,161,15401.911
2024-08-18 10:39:37,SOLUSDT,bid,100,35921.662
2024-08-18 10:40:02,SOLUSDT,ask,160,24707.578
2024-08-18 10:40:11,SOLUSDT,bid,125,22464.783
2024-08-18 10:40:11,SOLUSDT,bid,120,24842.37
2024-08-18 10:40:35,SOLUSDT,bid,132,9084.623
2024-08-18 10:40:47,SOLUSDT,bid,111,16092.781
2024-08-18 10:41:19,SOLUSDT,ask,155,9090.3
2024-08-18 10:41:20,SOLUSDT,bid,135,28214.641
2024-08-18 10:41:21,SOLUSDT,bid,110,26570.368
2024-08-18 10:41:27,SOLUSDT,ask,150,27096.483
2024-08-18 10:41:54,SOLUSDT,bid,135,28219.641
2024-08-18 10:41:59,SOLUSDT,ask,160,24707.751
2024-08-18 10:42:50,SOLUSDT,bid,122,9166.714
2024-08-18 10:42:54,SOLUSDT,bid,115,22962.959
2024-08-18 10:43:26,SOLUSDT,ask,148,9916.67
2024-08-18 10:43:40,SOLUSDT,bid,120,24840.324
2024-08-18 10:44:09,SOLUSDT,bid,120,24840.574
2024-08-18 10:44:10,SOLUSDT,ask,148,9916.635
2024-08-18 10:44:13,SOLUSDT,bid,115,22965.094
2024-08-18 10:44:20,SOLUSDT,bid,131,12063.214
2024-08-18 10:44:46,SOLUSDT,bid,135,28220.123
2024-08-18 10:44:46,SOLUSDT,bid,131,12062.717
2024-08-18 10:45:02,SOLUSDT,ask,150,27097.683
2024-08-18 10:45:02,SOLUSDT,bid,130,16646.949
2024-08-18 10:45:18,SOLUSDT,bid,131,12060.138
2024-08-18 10:45:26,SOLUSDT,bid,125,22461.252
2024-08-18 10:45:41,SOLUSDT,bid,135,28219.094
2024-08-18 10:46:17,SOLUSDT,ask,148,9908.879
2024-08-18 10:46:28,SOLUSDT,bid,135,28229.094
2024-08-18 10:46:37,SOLUSDT,bid,130,16648.552
2024-08-18 10:46:49,SOLUSDT,ask,154,18105.108
2024-08-18 10:46:52,SOLUSDT,ask,150,27094.216
2024-08-18 10:46:53,SOLUSDT,bid,135,28219.094
2024-08-18 10:46:54,SOLUSDT,bid,132,9082.187
2024-08-18 10:46:58,SOLUSDT,bid,135,28217.158
2024-08-18 10:47:37,SOLUSDT,ask,155,9099.756
2024-08-18 10:47:39,SOLUSDT,ask,152,26310.634
2024-08-18 10:48:26,SOLUSDT,ask,148,9906.382
2024-08-18 10:48:45,SOLUSDT,bid,135,28216.899
2024-08-18 10:49:08,SOLUSDT,ask,150,27095.238
2024-08-18 10:49:30,SOLUSDT,ask,150,27094.238
2024-08-18 10:50:02,SOLUSDT,ask,150,27095.027
2024-08-18 10:50:06,SOLUSDT,bid,125,22460.052
2024-08-18 10:50:20,SOLUSDT,bid,125,22456.95
2024-08-18 10:51:08,SOLUSDT,bid,80,27511.6
2024-08-18 10:51:41,SOLUSDT,bid,135,28217.014
2024-08-18 10:52:08,SOLUSDT,bid,135,28216.939
2024-08-18 10:52:28,SOLUSDT,bid,135,28216.396
2024-08-18 10:52:52,SOLUSDT,bid,135,28271.004
2024-08-18 10:52:56,SOLUSDT,bid,135,28271.337
2024-08-18 10:53:23,SOLUSDT,ask,152,26309.848
2024-08-18 10:53:33,SOLUSDT,ask,160,24707.548
2024-08-18 10:53:44,SOLUSDT,bid,100,35881.23
2024-08-18 10:54:04,SOLUSDT,bid,135,28272.283
2024-08-18 10:54:06,SOLUSDT,bid,135,28275.986
2024-08-18 10:54:20,SOLUSDT,ask,158,18770.297
2024-08-18 10:54:41,SOLUSDT,bid,110,26570.187
2024-08-18 10:55:36,SOLUSDT,ask,195,12372.746
2024-08-18 10:55:54,SOLUSDT,ask,170,14557.42
2024-08-18 10:56:07,SOLUSDT,ask,148,9936.382
2024-08-18 10:56:34,SOLUSDT,bid,110,26563.322
2024-08-18 10:56:44,SOLUSDT,bid,135,28271.566
2024-08-18 10:58:00,SOLUSDT,ask,152,26309.648
2024-08-18 10:58:15,SOLUSDT,ask,165,16836.186
2024-08-18 10:58:16,SOLUSDT,bid,115,22963.713
2024-08-18 10:59:15,SOLUSDT,bid,135,28273.268
2024-08-18 10:59:16,SOLUSDT,ask,200,44162.56
2024-08-18 10:59:20,SOLUSDT,ask,150,27091.241
2024-08-18 10:59:20,SOLUSDT,bid,135,28291.786
2024-08-18 10:59:41,SOLUSDT,ask,154,18104.74
2024-08-18 10:59:42,SOLUSDT,ask,156,20152.479
2024-08-18 10:59:50,SOLUSDT,bid,130,16675.98
2024-08-18 11:00:04,SOLUSDT,bid,130,16674.98
2024-08-18 11:00:22,SOLUSDT,bid,135,28288.083
2024-08-18 11:00:34,SOLUSDT,bid,115,22963.54
2024-08-18 11:00:35,SOLUSDT,ask,150,27091.378
2024-08-18 11:00:35,SOLUSDT,bid,135,28291.786
2024-08-18 11:01:00,SOLUSDT,ask,165,16837.186
2024-08-18 11:01:19,SOLUSDT,bid,120,24841.03
2024-08-18 11:01:35,SOLUSDT,ask,170,14546.763
2024-08-18 11:01:35,SOLUSDT,bid,135,28292.526
2024-08-18 11:01:55,SOLUSDT,bid,132,9083.187
2024-08-18 11:02:07,SOLUSDT,bid,111,16087.327
2024-08-18 11:02:13,SOLUSDT,bid,118,8961.262
2024-08-18 11:02:18,SOLUSDT,bid,118,8961.346
2024-08-18 11:03:00,SOLUSDT,ask,150,27090.868
2024-08-18 11:03:17,SOLUSDT,ask,220,12185.091
2024-08-18 11:03:21,SOLUSDT,ask,151,24122.266
2024-08-18 11:03:31,SOLUSDT,bid,135,28292.193
2024-08-18 11:03:33,SOLUSDT,bid,125,22456.647
2024-08-18 11:03:33,SOLUSDT,ask,152,26310.322
2024-08-18 11:03:36,SOLUSDT,bid,118,8960.601
2024-08-18 11:04:01,SOLUSDT,ask,152,26309.648
2024-08-18 11:04:30,SOLUSDT,bid,135,28299.257
2024-08-18 11:04:33,SOLUSDT,ask,155,9122.386
2024-08-18 11:04:36,SOLUSDT,bid,105,9622.73
2024-08-18 11:04:46,SOLUSDT,ask,150,27086.826
2024-08-18 11:05:03,SOLUSDT,ask,180,22995.624
2024-08-18 11:05:50,SOLUSDT,ask,148,9935.382
2024-08-18 11:06:12,SOLUSDT,ask,150,27086.874
2024-08-18 11:06:14,SOLUSDT,bid,110,26563.37
2024-08-18 11:06:59,SOLUSDT,bid,135,28299.59
2024-08-18 11:07:23,SOLUSDT,ask,155,9122.321
2024-08-18 11:07:53,SOLUSDT,ask,148,9935.45
2024-08-18 11:07:55,SOLUSDT,bid,135,28301.405
2024-08-18 11:08:18,SOLUSDT,bid,125,22451.647
2024-08-18 11:08:21,SOLUSDT,ask,148,9935.382
2024-08-18 11:08:36,SOLUSDT,bid,115,22961.405
2024-08-18 11:08:39,SOLUSDT,bid,135,28301.072
2024-08-18 11:09:12,SOLUSDT,bid,135,28303.135
2024-08-18 11:09:34,SOLUSDT,ask,180,22954.196
2024-08-18 11:09:36,SOLUSDT,bid,135,28302.135
2024-08-18 11:09:38,SOLUSDT,bid,135,28302.431
2024-08-18 11:09:47,SOLUSDT,bid,130,16674.523
2024-08-18 11:10:15,SOLUSDT,ask,160,24699.173
2024-08-18 11:10:23,SOLUSDT,ask,150,27095.249
2024-08-18 11:10:26,SOLUSDT,ask,190,23568.221
2024-08-18 11:11:07,SOLUSDT,bid,100,35881.03
2024-08-18 11:11:09,SOLUSDT,bid,110,26563.188
2024-08-18 11:11:10,SOLUSDT,bid,120,24840.863
2024-08-18 11:11:12,SOLUSDT,bid,130,16674.369
2024-08-18 11:12:02,SOLUSDT,ask,160,24698.678
2024-08-18 11:13:51,SOLUSDT,ask,200,44162.656
2024-08-18 11:13:59,SOLUSDT,ask,150,27096.248
2024-08-18 11:14:19,SOLUSDT,bid,118,8949.593
2024-08-18 11:14:45,SOLUSDT,ask,148,9931.795
2024-08-18 11:15:02,SOLUSDT,bid,115,22826.405
2024-08-18 11:16:14,SOLUSDT,bid,135,28317.67
2024-08-18 11:16:23,SOLUSDT,ask,160,24699.072
2024-08-18 11:16:26,SOLUSDT,bid,120,24840.935
2024-08-18 11:16:29,SOLUSDT,bid,130,16673.6
2024-08-18 11:16:30,SOLUSDT,bid,120,24840.863
2024-08-18 11:16:38,SOLUSDT,bid,110,26561.188
2024-08-18 11:16:41,SOLUSDT,ask,148,9908.865
2024-08-18 11:16:47,SOLUSDT,bid,120,24840.946
2024-08-18 11:17:00,SOLUSDT,ask,148,9928.865
2024-08-18 11:17:49,SOLUSDT,bid,132,9083.387
2024-08-18 11:18:18,SOLUSDT,ask,152,26309.404
2024-08-18 11:18:18,SOLUSDT,bid,135,28316.67
2024-08-18 11:18:25,SOLUSDT,bid,135,28316.742
2024-08-18 11:18:29,SOLUSDT,bid,120,24840.863
2024-08-18 11:19:41,SOLUSDT,bid,120,24839.939
2024-08-18 11:19:41,SOLUSDT,bid,122,9177.361
2024-08-18 11:21:05,SOLUSDT,bid,130,16672.831
2024-08-18 11:21:45,SOLUSDT,ask,152,26308.031
2024-08-18 11:21:54,SOLUSDT,bid,135,28316.67
2024-08-18 11:22:06,SOLUSDT,bid,120,24839.689
2024-08-18 11:22:25,SOLUSDT,ask,151,24126.757
2024-08-18 11:22:26,SOLUSDT,bid,135,28316.808
2024-08-18 11:22:46,SOLUSDT,bid,135,28316.88
2024-08-18 11:22:50,SOLUSDT,ask,150,27096.774
2024-08-18 11:22:50,SOLUSDT,bid,132,9110.916
2024-08-18 11:22:57,SOLUSDT,bid,135,28315.028
2024-08-18 11:23:11,SOLUSDT,bid,130,16673.261
2024-08-18 11:23:44,SOLUSDT,bid,130,16669.676
2024-08-18 11:23:44,SOLUSDT,bid,125,22447.918
2024-08-18 11:24:03,SOLUSDT,ask,154,18113.253
2024-08-18 11:24:28,SOLUSDT,bid,130,16674.676
2024-08-18 11:24:39,SOLUSDT,bid,130,16685.922
2024-08-18 11:24:49,SOLUSDT,ask,170,14547.126
2024-08-18 11:25:02,SOLUSDT,bid,135,28314.984
2024-08-18 11:25:02,SOLUSDT,ask,154,18104.74
2024-08-18 11:25:04,SOLUSDT,bid,130,16680.922
2024-08-18 11:25:38,SOLUSDT,bid,130,16685.922
2024-08-18 11:25:48,SOLUSDT,bid,122,9177.411
2024-08-18 11:25:57,SOLUSDT,ask,150,27097.785
2024-08-18 11:26:17,SOLUSDT,bid,125,22449.157
2024-08-18 11:26:18,SOLUSDT,bid,135,28314.872
2024-08-18 11:26:56,SOLUSDT,bid,110,26534.041
2024-08-18 11:27:11,SOLUSDT,bid,122,9162.33
2024-08-18 11:27:29,SOLUSDT,ask,210,25835.606
2024-08-18 11:27:36,SOLUSDT,ask,160,24699.141
2024-08-18 11:27:46,SOLUSDT,ask,210,25841.993
2024-08-18 11:27:50,SOLUSDT,ask,200,44134.653
2024-08-18 11:28:52,SOLUSDT,bid,110,26506.769
2024-08-18 11:29:01,SOLUSDT,bid,135,28315.872
2024-08-18 11:29:07,SOLUSDT,ask,160,24699.09
2024-08-18 11:29:23,SOLUSDT,bid,110,26503.946
2024-08-18 11:29:48,SOLUSDT,ask,190,23526.02
2024-08-18 11:30:06,SOLUSDT,ask,148,9928.817
2024-08-18 11:30:12,SOLUSDT,bid,110,26473.826
2024-08-18 11:30:13,SOLUSDT,ask,163,16892.39
2024-08-18 11:30:23,SOLUSDT,ask,150,27097.717
2024-08-18 11:30:36,SOLUSDT,bid,122,9162.83
2024-08-18 11:31:20,SOLUSDT,ask,180,22998.958
2024-08-18 11:31:32,SOLUSDT,ask,154,18112.842
2024-08-18 11:31:36,SOLUSDT,ask,163,16911.001
2024-08-18 11:31:40,SOLUSDT,ask,154,18104.74
2024-08-18 11:32:00,SOLUSDT,ask,200,44134.688
2024-08-18 11:32:29,SOLUSDT,ask,161,15421.891
2024-08-18 11:32:46,SOLUSDT,ask,160,24699.269
2024-08-18 11:32:56,SOLUSDT,ask,180,22993.763
2024-08-18 11:33:17,SOLUSDT,bid,135,28325.872
2024-08-18 11:33:23,SOLUSDT,ask,148,9928.305
2024-08-18 11:33:31,SOLUSDT,bid,132,9120.916
2024-08-18 11:33:41,SOLUSDT,bid,131,12061.483
2024-08-18 11:33:49,SOLUSDT,bid,135,28325.132
2024-08-18 11:34:03,SOLUSDT,bid,130,16686.706
2024-08-18 11:34:04,SOLUSDT,bid,130,16679.956
2024-08-18 11:35:48,SOLUSDT,bid,125,22447.918
2024-08-18 11:36:34,SOLUSDT,ask,193,7723.855
2024-08-18 11:36:48,SOLUSDT,bid,130,16678.353
2024-08-18 11:37:09,SOLUSDT,bid,115,22825.405
2024-08-18 11:37:09,SOLUSDT,bid,110,26472.826
2024-08-18 11:37:28,SOLUSDT,bid,135,28326.132
2024-08-18 11:37:35,SOLUSDT,bid,125,22448.918
2024-08-18 11:37:41,SOLUSDT,bid,115,22826.405
2024-08-18 11:37:49,SOLUSDT,ask,152,26291.031
2024-08-18 11:37:49,SOLUSDT,bid,105,9623.73
2024-08-18 11:37:49,SOLUSDT,ask,190,23526.288
2024-08-18 11:37:54,SOLUSDT,ask,245,9997.273
2024-08-18 11:37:57,SOLUSDT,ask,195,12372.953
2024-08-18 11:37:58,SOLUSDT,ask,152,26288.931
2024-08-18 11:38:07,SOLUSDT,ask,200,44135.027
2024-08-18 11:39:18,SOLUSDT,ask,148,9924.385
2024-08-18 11:40:09,SOLUSDT,bid,130,16682.778
2024-08-18 11:40:10,SOLUSDT,bid,110,26472.326
2024-08-18 11:40:10,SOLUSDT,ask,150,27094.259
2024-08-18 11:40:15,SOLUSDT,bid,120,24844.483
2024-08-18 11:40:17,SOLUSDT,bid,120,24829.483
2024-08-18 11:40:45,SOLUSDT,ask,150,27095.623
2024-08-18 11:40:58,SOLUSDT,bid,125,22447.418
2024-08-18 11:41:23,SOLUSDT,ask,165,16836.21
2024-08-18 11:41:42,SOLUSDT,ask,250,18231.29
2024-08-18 11:41:58,SOLUSDT,ask,250,18286.168
2024-08-18 11:42:11,SOLUSDT,ask,193,7273.772
2024-08-18 11:42:43,SOLUSDT,ask,205,11225.916
2024-08-18 11:42:49,SOLUSDT,bid,135,28344.315
2024-08-18 11:43:47,SOLUSDT,bid,80,27424.1
2024-08-18 11:44:10,SOLUSDT,ask,165,16853.932
2024-08-18 11:44:18,SOLUSDT,ask,150,27095.289
2024-08-18 11:44:57,SOLUSDT,bid,120,24829.548
2024-08-18 11:44:59,SOLUSDT,bid,130,16682.739
2024-08-18 11:45:03,SOLUSDT,ask,161,15398.354
2024-08-18 11:45:05,SOLUSDT,bid,131,12039.636
2024-08-18 11:45:21,SOLUSDT,ask,160,24705.357
2024-08-18 11:47:07,SOLUSDT,ask,160,24705.257
2024-08-18 11:47:07,SOLUSDT,ask,180,22993.654
2024-08-18 11:48:27,SOLUSDT,bid,125,22446.628
2024-08-18 11:48:41,SOLUSDT,ask,205,10775.833
2024-08-18 11:48:48,SOLUSDT,bid,130,16682.779
2024-08-18 11:48:58,SOLUSDT,bid,118,8920.912
2024-08-18 11:49:13,SOLUSDT,bid,110,26473.255
2024-08-18 11:49:15,SOLUSDT,bid,131,12050.559
2024-08-18 11:49:28,SOLUSDT,bid,135,28344.277
2024-08-18 11:50:16,SOLUSDT,ask,150,27094.289
2024-08-18 11:50:38,SOLUSDT,bid,135,28340.776
2024-08-18 11:50:40,SOLUSDT,bid,132,9120.828
2024-08-18 11:51:15,SOLUSDT,bid,135,28322.593
2024-08-18 11:52:01,SOLUSDT,ask,160,24780.425
2024-08-18 11:52:12,SOLUSDT,bid,131,12052.559
2024-08-18 11:52:16,SOLUSDT,bid,130,16632.665
2024-08-18 11:52:21,SOLUSDT,bid,131,12050.559
2024-08-18 11:52:28,SOLUSDT,bid,120,24819.548
2024-08-18 11:52:40,SOLUSDT,bid,110,26473.437
2024-08-18 11:53:01,SOLUSDT,bid,80,27361.6
2024-08-18 11:53:16,SOLUSDT,ask,154,18105.066
2024-08-18 11:53:18,SOLUSDT,ask,195,12372.852
2024-08-18 11:53:28,SOLUSDT,bid,130,16632.711
2024-08-18 11:53:39,SOLUSDT,ask,154,18108.672
2024-08-18 11:54:07,SOLUSDT,ask,148,9924.317
2024-08-18 11:54:14,SOLUSDT,bid,110,26473.255
2024-08-18 11:54:32,SOLUSDT,bid,120,24821.631
2024-08-18 11:54:42,SOLUSDT,bid,110,26475.527
2024-08-18 11:54:56,SOLUSDT,bid,115,22828.536
2024-08-18 11:55:03,SOLUSDT,bid,105,9626.11
2024-08-18 11:55:14,SOLUSDT,bid,80,27364.725
2024-08-18 11:55:17,SOLUSDT,bid,130,16633.556
2024-08-18 11:55:57,SOLUSDT,ask,152,26282.937
2024-08-18 11:56:04,SOLUSDT,bid,110,26466.437
2024-08-18 11:56:19,SOLUSDT,bid,125,22445.594
2024-08-18 11:56:20,SOLUSDT,bid,135,28322.393
2024-08-18 11:56:20,SOLUSDT,bid,132,9120.628
2024-08-18 11:56:20,SOLUSDT,bid,131,12050.359
2024-08-18 11:56:20,SOLUSDT,bid,130,16633.356
2024-08-18 11:56:21,SOLUSDT,bid,130,16632.558
2024-08-18 11:56:25,SOLUSDT,ask,190,23526.603
2024-08-18 11:56:38,SOLUSDT,bid,135,28321.853
2024-08-18 11:56:39,SOLUSDT,ask,156,20152.547
2024-08-18 11:56:39,SOLUSDT,ask,160,24780.493
2024-08-18 11:56:40,SOLUSDT,ask,152,26283.005
2024-08-18 11:56:40,SOLUSDT,ask,148,9924.385
2024-08-18 11:56:43,SOLUSDT,bid,132,9120.696
2024-08-18 11:56:46,SOLUSDT,bid,120,24821.699
2024-08-18 11:57:08,SOLUSDT,ask,150,27098.37
2024-08-18 11:57:10,SOLUSDT,bid,125,22440.594
2024-08-18 11:57:34,SOLUSDT,bid,135,28322.393
2024-08-18 11:57:34,SOLUSDT,ask,150,27091.284
2024-08-18 11:57:43,SOLUSDT,ask,151,24128.021
2024-08-18 11:57:46,SOLUSDT,ask,155,9120.759
2024-08-18 11:57:53,SOLUSDT,ask,152,26282.441
2024-08-18 11:58:15,SOLUSDT,ask,152,26281.601
2024-08-18 11:58:15,SOLUSDT,ask,152,26279.101
2024-08-18 11:58:52,SOLUSDT,bid,130,16632.352
2024-08-18 11:58:57,SOLUSDT,ask,150,27098.37
2024-08-18 12:00:12,SOLUSDT,bid,130,16631.507
2024-08-18 12:00:18,SOLUSDT,bid,135,28321.376
2024-08-18 12:00:26,SOLUSDT,bid,115,22581.52
2024-08-18 12:00:28,SOLUSDT,bid,135,28321.487
2024-08-18 12:00:28,SOLUSDT,bid,120,24643.174
2024-08-18 12:00:34,SOLUSDT,bid,120,24644.174
2024-08-18 12:01:03,SOLUSDT,bid,110,26467.437
2024-08-18 12:01:13,SOLUSDT,bid,135,28316.487
2024-08-18 12:01:33,SOLUSDT,bid,135,28315.486
2024-08-18 12:01:48,SOLUSDT,ask,150,27098.091
2024-08-18 12:01:59,SOLUSDT,bid,111,16137.327
2024-08-18 12:02:35,SOLUSDT,bid,135,28312.469
2024-08-18 12:02:36,SOLUSDT,bid,110,26466.565
2024-08-18 12:03:16,SOLUSDT,ask,150,27099.792
2024-08-18 12:03:33,SOLUSDT,bid,135,28235.781
2024-08-18 12:03:39,SOLUSDT,bid,135,28233.633
2024-08-18 12:04:18,SOLUSDT,bid,110,26506.565
2024-08-18 12:04:18,SOLUSDT,ask,180,22997.521
2024-08-18 12:04:48,SOLUSDT,bid,131,12049.014
2024-08-18 12:04:50,SOLUSDT,bid,132,9110.696
2024-08-18 12:04:53,SOLUSDT,bid,130,16618.507
2024-08-18 12:05:07,SOLUSDT,bid,130,16613.507
2024-08-18 12:06:03,SOLUSDT,bid,135,28227.554
2024-08-18 12:06:19,SOLUSDT,bid,120,24642.898
2024-08-18 12:06:21,SOLUSDT,bid,135,28227.054
2024-08-18 12:07:01,SOLUSDT,bid,125,22437.054
2024-08-18 12:07:11,SOLUSDT,ask,180,22993.654
2024-08-18 12:07:34,SOLUSDT,ask,150,27099.459
2024-08-18 12:07:34,SOLUSDT,bid,130,16613.277
2024-08-18 12:07:34,SOLUSDT,ask,180,22997.521
2024-08-18 12:07:41,SOLUSDT,ask,152,26318.878
2024-08-18 12:07:51,SOLUSDT,bid,115,22146.738
2024-08-18 12:07:53,SOLUSDT,ask,150,27094.316
2024-08-18 12:08:37,SOLUSDT,bid,135,28219.99
2024-08-18 12:08:42,SOLUSDT,ask,148,9959.385
2024-08-18 12:08:45,SOLUSDT,bid,132,9108.696
2024-08-18 12:08:49,SOLUSDT,ask,185,16878.27
2024-08-18 12:09:03,SOLUSDT,ask,150,27108.687
2024-08-18 12:09:25,SOLUSDT,ask,152,26279.101
2024-08-18 12:09:40,SOLUSDT,bid,130,16612.276
2024-08-18 12:09:44,SOLUSDT,ask,180,22997.404
2024-08-18 12:09:49,SOLUSDT,bid,130,16617.276
2024-08-18 12:10:51,SOLUSDT,ask,150,27094.316
2024-08-18 12:12:02,SOLUSDT,ask,160,24774.298
2024-08-18 12:12:22,SOLUSDT,ask,170,14547.187
2024-08-18 12:12:23,SOLUSDT,ask,150,27092.597
2024-08-18 12:12:26,SOLUSDT,bid,135,28219.911
2024-08-18 12:12:30,SOLUSDT,ask,170,14553.382
2024-08-18 12:12:36,SOLUSDT,bid,130,16618.011
2024-08-18 12:13:11,SOLUSDT,ask,193,7274.072
2024-08-18 12:13:11,SOLUSDT,ask,195,12372.552
2024-08-18 12:14:26,SOLUSDT,ask,150,27093.636
2024-08-18 12:14:34,SOLUSDT,ask,148,9959.575
2024-08-18 12:14:34,SOLUSDT,ask,150,27093.826
2024-08-18 12:15:59,SOLUSDT,bid,100,35931.03
2024-08-18 12:16:17,SOLUSDT,ask,190,23526.506
2024-08-18 12:16:42,SOLUSDT,ask,148,9959.385
2024-08-18 12:16:42,SOLUSDT,ask,150,27093.636
2024-08-18 12:17:02,SOLUSDT,ask,160,24437.948
2024-08-18 12:17:09,SOLUSDT,bid,135,28227.91
2024-08-18 12:17:21,SOLUSDT,ask,154,18445.022
2024-08-18 12:17:36,SOLUSDT,ask,154,18108.672
2024-08-18 12:17:50,SOLUSDT,bid,131,12049.546
2024-08-18 12:18:02,SOLUSDT,bid,136,7361.091
2024-08-18 12:18:20,SOLUSDT,bid,80,27981.485
2024-08-18 12:18:51,SOLUSDT,bid,100,35946.03
2024-08-18 12:19:14,SOLUSDT,bid,100,35947.089
2024-08-18 12:19:38,SOLUSDT,bid,135,28226.877
2024-08-18 12:19:42,SOLUSDT,bid,120,24643.898
2024-08-18 12:19:43,SOLUSDT,ask,160,24437.706
2024-08-18 12:20:16,SOLUSDT,bid,130,16613.011
2024-08-18 12:20:36,SOLUSDT,ask,155,9120.262
2024-08-18 12:20:41,SOLUSDT,bid,80,27364.725
2024-08-18 12:20:44,SOLUSDT,bid,130,16614.011
2024-08-18 12:20:46,SOLUSDT,bid,111,16135.797
2024-08-18 12:21:30,SOLUSDT,bid,120,24645.898
2024-08-18 12:21:35,SOLUSDT,ask,155,9120.531
2024-08-18 12:21:41,SOLUSDT,bid,115,22093.751
2024-08-18 12:21:55,SOLUSDT,bid,131,12049.014
2024-08-18 12:22:07,SOLUSDT,bid,120,24661.132
2024-08-18 12:22:08,SOLUSDT,bid,110,26509.11
2024-08-18 12:23:29,SOLUSDT,ask,150,27092.781
2024-08-18 12:23:48,SOLUSDT,ask,160,24431.765
2024-08-18 12:23:54,SOLUSDT,ask,150,27117.608
2024-08-18 12:24:03,SOLUSDT,ask,195,12372.455
2024-08-18 12:24:52,SOLUSDT,ask,150,27116.452
2024-08-18 12:25:01,SOLUSDT,bid,135,28226.544
2024-08-18 12:25:10,SOLUSDT,bid,111,16004.019
2024-08-18 12:25:42,SOLUSDT,bid,110,26508.11
2024-08-18 12:25:44,SOLUSDT,ask,150,27115.854
2024-08-18 12:26:07,SOLUSDT,bid,130,16613.781
2024-08-18 12:26:08,SOLUSDT,ask,180,22997.446
2024-08-18 12:26:29,SOLUSDT,ask,165,16846.775
2024-08-18 12:26:30,SOLUSDT,ask,152,26031.127
2024-08-18 12:26:52,SOLUSDT,bid,110,26506.292
2024-08-18 12:26:58,SOLUSDT,ask,160,24431.862
2024-08-18 12:27:21,SOLUSDT,bid,130,16614.988
2024-08-18 12:28:32,SOLUSDT,bid,135,28235.743
2024-08-18 12:28:48,SOLUSDT,ask,150,27114.884
2024-08-18 12:29:19,SOLUSDT,bid,120,24660.299
2024-08-18 12:29:19,SOLUSDT,bid,100,35946.089
2024-08-18 12:29:19,SOLUSDT,bid,90,17490.023
2024-08-18 12:29:22,SOLUSDT,ask,150,27113.575
2024-08-18 12:29:34,SOLUSDT,ask,180,22999.135
2024-08-18 12:32:33,SOLUSDT,bid,130,16614.268
2024-08-18 12:32:44,SOLUSDT,bid,135,28235.803
2024-08-18 12:32:51,SOLUSDT,ask,148,9960.386
2024-08-18 12:32:51,SOLUSDT,ask,155,9119.53
2024-08-18 12:33:16,SOLUSDT,ask,148,9959.385
2024-08-18 12:33:39,SOLUSDT,ask,170,14552.206
2024-08-18 12:33:51,SOLUSDT,ask,160,24433.82
2024-08-18 12:33:59,SOLUSDT,ask,210,25832.453
2024-08-18 12:34:38,SOLUSDT,bid,130,16609.28
2024-08-18 12:34:38,SOLUSDT,bid,135,28234.819
2024-08-18 12:34:51,SOLUSDT,ask,155,9158.53
2024-08-18 12:35:09,SOLUSDT,bid,110,26503.138
2024-08-18 12:35:10,SOLUSDT,ask,150,27113.617
2024-08-18 12:35:12,SOLUSDT,bid,120,24660.341
2024-08-18 12:37:41,SOLUSDT,ask,160,24429.946
2024-08-18 12:37:52,SOLUSDT,ask,150,27149.748
2024-08-18 12:39:20,SOLUSDT,bid,125,22437.878
2024-08-18 12:39:33,SOLUSDT,bid,115,21732.805
2024-08-18 12:39:52,SOLUSDT,ask,160,24429.823
2024-08-18 12:40:00,SOLUSDT,ask,150,27149.688
2024-08-18 12:40:07,SOLUSDT,ask,190,23525.838
2024-08-18 12:40:27,SOLUSDT,bid,120,24642.476
2024-08-18 12:40:30,SOLUSDT,ask,163,16909.668
2024-08-18 12:40:31,SOLUSDT,bid,135,28226.82
2024-08-18 12:42:32,SOLUSDT,bid,132,9108.657
2024-08-18 12:42:32,SOLUSDT,bid,130,16609.241
2024-08-18 12:42:32,SOLUSDT,ask,148,9959.346
2024-08-18 12:42:32,SOLUSDT,ask,150,27149.649
2024-08-18 12:42:45,SOLUSDT,bid,131,12048.628
2024-08-18 12:43:09,SOLUSDT,ask,160,24405.823
2024-08-18 12:43:19,SOLUSDT,ask,150,27140.961
2024-08-18 12:44:14,SOLUSDT,ask,160,24405.786
2024-08-18 12:44:56,SOLUSDT,bid,135,28227.003
2024-08-18 12:45:41,SOLUSDT,bid,135,28225.116
2024-08-18 12:45:42,SOLUSDT,bid,130,16605.602
2024-08-18 12:46:30,SOLUSDT,ask,155,9161.12
2024-08-18 12:47:12,SOLUSDT,ask,200,44138.558
2024-08-18 12:47:18,SOLUSDT,bid,125,22452.336
2024-08-18 12:47:44,SOLUSDT,ask,150,27140.599
2024-08-18 12:47:54,SOLUSDT,ask,163,16909.714
2024-08-18 12:48:00,SOLUSDT,ask,148,9953.066
2024-08-18 12:48:00,SOLUSDT,ask,161,15392.32
2024-08-18 12:48:00,SOLUSDT,bid,110,26503.184
2024-08-18 12:48:09,SOLUSDT,ask,148,9952.888
2024-08-18 12:48:16,SOLUSDT,ask,160,24400.994
2024-08-18 12:48:17,SOLUSDT,bid,125,22380.336
2024-08-18 12:49:00,SOLUSDT,bid,100,35934.297
2024-08-18 12:49:08,SOLUSDT,bid,100,35946.147
2024-08-18 12:49:24,SOLUSDT,bid,135,28223.635
2024-08-18 12:50:19,SOLUSDT,bid,135,28217.804
2024-08-18 12:50:20,SOLUSDT,bid,135,28248.065
2024-08-18 12:50:26,SOLUSDT,bid,135,28217.804
2024-08-18 12:50:28,SOLUSDT,bid,135,28248.065
2024-08-18 12:51:32,SOLUSDT,ask,148,9953.038
2024-08-18 12:52:02,SOLUSDT,bid,135,28251.768
2024-08-18 12:52:10,SOLUSDT,bid,130,16667.241
2024-08-18 12:53:09,SOLUSDT,bid,115,21714.258
2024-08-18 12:53:12,SOLUSDT,ask,250,18287.379
2024-08-18 12:53:25,SOLUSDT,bid,132,9116.736
2024-08-18 12:53:47,SOLUSDT,ask,175,12766.111
2024-08-18 12:53:50,SOLUSDT,ask,152,26026.504
2024-08-18 12:54:08,SOLUSDT,bid,132,9116.673
2024-08-18 12:54:08,SOLUSDT,ask,150,27145.391
2024-08-18 12:54:22,SOLUSDT,ask,160,24401.372
2024-08-18 12:54:51,SOLUSDT,ask,160,24403.124
2024-08-18 12:55:19,SOLUSDT,bid,120,24666.795
2024-08-18 12:55:21,SOLUSDT,ask,165,16764.782
2024-08-18 12:55:52,SOLUSDT,ask,250,18286.168
2024-08-18 12:56:00,SOLUSDT,ask,160,24392.649
2024-08-18 12:56:07,SOLUSDT,ask,250,18287.385
2024-08-18 12:56:23,SOLUSDT,bid,130,16692.823
2024-08-18 12:56:52,SOLUSDT,bid,135,28251.868
2024-08-18 12:57:13,SOLUSDT,ask,150,27145.805
2024-08-18 12:57:15,SOLUSDT,bid,100,35945.946
2024-08-18 12:58:11,SOLUSDT,ask,150,27134.534
2024-08-18 12:58:14,SOLUSDT,bid,111,15974.04
2024-08-18 12:58:19,SOLUSDT,ask,195,12366.29
2024-08-18 12:58:19,SOLUSDT,bid,120,24665.795
2024-08-18 12:58:23,SOLUSDT,ask,148,9953.18
2024-08-18 12:58:23,SOLUSDT,ask,152,26026.539
2024-08-18 12:58:29,SOLUSDT,bid,130,16667.241
2024-08-18 12:58:35,SOLUSDT,ask,148,9956.711
2024-08-18 12:58:36,SOLUSDT,bid,111,15972.93
2024-08-18 12:59:41,SOLUSDT,bid,125,22380.047
2024-08-18 12:59:41,SOLUSDT,ask,150,27232.134
2024-08-18 12:59:46,SOLUSDT,bid,131,12049.228
2024-08-18 13:00:13,SOLUSDT,bid,120,24666.821
2024-08-18 13:00:15,SOLUSDT,ask,148,9964.77
2024-08-18 13:00:19,SOLUSDT,ask,150,27232.021
2024-08-18 13:00:38,SOLUSDT,bid,105,9624.804
2024-08-18 13:00:40,SOLUSDT,bid,135,28249.961
2024-08-18 13:00:40,SOLUSDT,bid,110,26501.357
2024-08-18 13:00:44,SOLUSDT,ask,185,16878.308
2024-08-18 13:00:45,SOLUSDT,bid,105,9625.804
2024-08-18 13:00:50,SOLUSDT,bid,120,24751.037
2024-08-18 13:01:34,SOLUSDT,ask,250,18337.385
2024-08-18 13:01:49,SOLUSDT,ask,350,4175.884
2024-08-18 13:02:11,SOLUSDT,bid,100,35955.946
2024-08-18 13:02:26,SOLUSDT,ask,185,16878.27
2024-08-18 13:03:11,SOLUSDT,bid,115,21711.623
2024-08-18 13:03:21,SOLUSDT,bid,120,24750.037
2024-08-18 13:03:33,SOLUSDT,ask,148,9964.702
2024-08-18 13:04:01,SOLUSDT,bid,131,12046.228
2024-08-18 13:05:12,SOLUSDT,ask,150,27218.91
2024-08-18 13:05:49,SOLUSDT,bid,132,9115.727
2024-08-18 13:06:43,SOLUSDT,bid,135,28251.961
2024-08-18 13:07:04,SOLUSDT,bid,130,16667.164
2024-08-18 13:08:26,SOLUSDT,bid,135,28103.813
2024-08-18 13:08:28,SOLUSDT,bid,125,22382.047
2024-08-18 13:08:29,SOLUSDT,bid,100,35954.446
2024-08-18 13:08:33,SOLUSDT,ask,150,27220.328
2024-08-18 13:08:44,SOLUSDT,ask,190,23509.265
2024-08-18 13:08:46,SOLUSDT,ask,158,18520.297
2024-08-18 13:09:00,SOLUSDT,ask,148,10214.702
2024-08-18 13:09:04,SOLUSDT,ask,160,24388.318
2024-08-18 13:09:12,SOLUSDT,bid,135,28101.813
2024-08-18 13:09:13,SOLUSDT,bid,100,35944.446
2024-08-18 13:09:28,SOLUSDT,ask,150,27223.161
2024-08-18 13:10:44,SOLUSDT,ask,150,27221.933
2024-08-18 13:10:46,SOLUSDT,bid,130,16666.395
2024-08-18 13:11:33,SOLUSDT,bid,120,24750.37
2024-08-18 13:11:44,SOLUSDT,ask,152,26031.429
2024-08-18 13:11:56,SOLUSDT,ask,500,6305.65
2024-08-18 13:12:06,SOLUSDT,ask,160,24386.566
2024-08-18 13:13:06,SOLUSDT,ask,500,6307.692
2024-08-18 13:13:19,SOLUSDT,ask,148,10214.66
2024-08-18 13:13:21,SOLUSDT,ask,150,27219.1
2024-08-18 13:13:23,SOLUSDT,bid,130,16662.038
2024-08-18 13:13:59,SOLUSDT,bid,135,28099.591
2024-08-18 13:14:02,SOLUSDT,bid,132,9114.727
2024-08-18 13:14:45,SOLUSDT,bid,125,22380.847
2024-08-18 13:14:56,SOLUSDT,bid,110,26501.267
2024-08-18 13:15:57,SOLUSDT,ask,185,16870.487
2024-08-18 13:16:12,SOLUSDT,bid,105,9625.694
2024-08-18 13:16:43,SOLUSDT,bid,125,19011.233
2024-08-18 13:16:46,SOLUSDT,ask,151,24098.021
2024-08-18 13:16:48,SOLUSDT,bid,135,28100.591
2024-08-18 13:17:49,SOLUSDT,ask,151,24099.021
2024-08-18 13:17:49,SOLUSDT,ask,150,27220.021
2024-08-18 13:18:00,SOLUSDT,bid,100,35944.683
2024-08-18 13:18:30,SOLUSDT,ask,150,27219.022
2024-08-18 13:18:54,SOLUSDT,ask,156,20151.548
2024-08-18 13:18:59,SOLUSDT,ask,165,16764.512
2024-08-18 13:19:10,SOLUSDT,ask,152,26016.602
2024-08-18 13:20:32,SOLUSDT,bid,132,9114.342
2024-08-18 13:21:17,SOLUSDT,ask,150,27402.046
2024-08-18 13:21:37,SOLUSDT,bid,125,19010.233
2024-08-18 13:22:34,SOLUSDT,ask,150,27402.546
2024-08-18 13:23:10,SOLUSDT,ask,160,24397.201
2024-08-18 13:23:13,SOLUSDT,ask,158,18517.789
2024-08-18 13:23:15,SOLUSDT,bid,130,16632.038
2024-08-18 13:23:27,SOLUSDT,bid,120,24750.412
2024-08-18 13:23:40,SOLUSDT,ask,160,24399.709
2024-08-18 13:23:41,SOLUSDT,ask,160,24400.831
2024-08-18 13:24:00,SOLUSDT,ask,180,22997.052
2024-08-18 13:24:20,SOLUSDT,ask,155,9161.162
2024-08-18 13:24:29,SOLUSDT,ask,165,16765.211
2024-08-18 13:24:29,SOLUSDT,ask,170,14551.507
2024-08-18 13:24:52,SOLUSDT,ask,150,27403.295
2024-08-18 13:25:19,SOLUSDT,bid,135,28099.591
2024-08-18 13:26:13,SOLUSDT,bid,135,28100.088
2024-08-18 13:26:38,SOLUSDT,bid,120,24748.222
2024-08-18 13:26:52,SOLUSDT,ask,150,27403.95
2024-08-18 13:27:54,SOLUSDT,bid,100,35944.183
2024-08-18 13:27:55,SOLUSDT,bid,110,26500.813
2024-08-18 13:27:56,SOLUSDT,bid,120,24747.806
2024-08-18 13:27:57,SOLUSDT,bid,130,16631.654
2024-08-18 13:28:29,SOLUSDT,bid,135,28099.934
2024-08-18 13:29:02,SOLUSDT,bid,100,35932.333
2024-08-18 13:29:59,SOLUSDT,bid,135,28098.743
2024-08-18 13:30:01,SOLUSDT,bid,135,28088.978
2024-08-18 13:30:03,SOLUSDT,bid,100,35943.183
2024-08-18 13:30:35,SOLUSDT,ask,152,26013.762
2024-08-18 13:31:28,SOLUSDT,ask,160,24400.621
2024-08-18 13:31:35,SOLUSDT,ask,180,22999.262
2024-08-18 13:31:55,SOLUSDT,bid,101,10016.305
2024-08-18 13:32:19,SOLUSDT,ask,180,22998.079
2024-08-18 13:32:25,SOLUSDT,bid,131,12044.699
2024-08-18 13:32:49,SOLUSDT,ask,148,10217.5
2024-08-18 13:33:06,SOLUSDT,ask,170,14552.317
2024-08-18 13:34:24,SOLUSDT,bid,130,16604.226
2024-08-18 13:34:37,SOLUSDT,bid,131,12044.475
2024-08-18 13:34:40,SOLUSDT,bid,131,12045.094
2024-08-18 13:34:58,SOLUSDT,bid,120,24748.05
2024-08-18 13:35:17,SOLUSDT,ask,158,18517.158
2024-08-18 13:35:34,SOLUSDT,bid,111,15932.297
2024-08-18 13:35:44,SOLUSDT,bid,135,28090.459
2024-08-18 13:35:49,SOLUSDT,ask,155,9163.766
2024-08-18 13:35:55,SOLUSDT,bid,135,28082.44
2024-08-18 13:36:17,SOLUSDT,ask,185,16878.27
2024-08-18 13:37:03,SOLUSDT,ask,170,14551.507
2024-08-18 13:37:03,SOLUSDT,ask,200,44139.368
2024-08-18 13:37:08,SOLUSDT,ask,160,24400.662
2024-08-18 13:37:58,SOLUSDT,bid,125,19050.233
2024-08-18 13:38:12,SOLUSDT,ask,151,24152.397
2024-08-18 13:38:37,SOLUSDT,bid,135,28082.209
2024-08-18 13:38:43,SOLUSDT,bid,135,28078.065
2024-08-18 13:38:51,SOLUSDT,ask,195,12358.889
2024-08-18 13:40:58,SOLUSDT,ask,180,22997.949
2024-08-18 13:40:59,SOLUSDT,ask,155,9164.354
2024-08-18 13:41:06,SOLUSDT,ask,148,10217.358
2024-08-18 13:41:22,SOLUSDT,ask,158,18518.059
2024-08-18 13:41:36,SOLUSDT,ask,160,24401.528
2024-08-18 13:42:07,SOLUSDT,ask,180,22998.681
2024-08-18 13:42:11,SOLUSDT,bid,130,16578.908
2024-08-18 13:42:33,SOLUSDT,ask,170,14551.846
2024-08-18 13:42:37,SOLUSDT,bid,110,26530.735
2024-08-18 13:44:17,SOLUSDT,ask,246,5091.19
2024-08-18 13:44:21,SOLUSDT,ask,150,27403.295
2024-08-18 13:44:25,SOLUSDT,bid,135,28073.065
2024-08-18 13:44:46,SOLUSDT,ask,155,9164.087
2024-08-18 13:45:21,SOLUSDT,bid,120,24723.05
2024-08-18 13:45:22,SOLUSDT,ask,150,27403.251
2024-08-18 13:45:37,SOLUSDT,bid,118,8793.794
2024-08-18 13:45:37,SOLUSDT,bid,111,15707.072
2024-08-18 13:46:30,SOLUSDT,bid,120,24722.05
2024-08-18 13:46:37,SOLUSDT,ask,165,16765.113
2024-08-18 13:46:47,SOLUSDT,ask,160,24401.491
2024-08-18 13:46:56,SOLUSDT,ask,152,26011.99
2024-08-18 13:47:00,SOLUSDT,ask,155,9164.049
2024-08-18 13:47:17,SOLUSDT,ask,170,14552.609
2024-08-18 13:47:58,SOLUSDT,ask,165,16805.086
2024-08-18 13:48:10,SOLUSDT,ask,300,9361.617
2024-08-18 13:48:25,SOLUSDT,bid,132,9114.419
2024-08-18 13:48:56,SOLUSDT,bid,125,19044.634
2024-08-18 13:49:02,SOLUSDT,bid,135,28063.065
2024-08-18 13:49:06,SOLUSDT,ask,250,18337.981
2024-08-18 13:49:42,SOLUSDT,ask,150,27403.289
2024-08-18 13:50:22,SOLUSDT,bid,135,28062.95
2024-08-18 13:50:55,SOLUSDT,bid,135,28063.69
2024-08-18 13:50:58,SOLUSDT,bid,115,21709.492
2024-08-18 13:51:14,SOLUSDT,ask,190,23518.309
2024-08-18 13:51:47,SOLUSDT,ask,150,27403.326
2024-08-18 13:52:19,SOLUSDT,ask,190,23509.265
2024-08-18 13:52:19,SOLUSDT,ask,170,14549.417
2024-08-18 13:52:30,SOLUSDT,ask,163,16903.254
2024-08-18 13:52:30,SOLUSDT,ask,152,26012.158
2024-08-18 13:52:30,SOLUSDT,ask,165,16804.918
2024-08-18 13:52:37,SOLUSDT,ask,152,26011.99
2024-08-18 13:52:46,SOLUSDT,bid,100,35942.183
2024-08-18 13:53:07,SOLUSDT,ask,155,9164.398
2024-08-18 13:53:16,SOLUSDT,bid,130,16567.647
2024-08-18 13:53:34,SOLUSDT,ask,170,14550.917
2024-08-18 13:53:34,SOLUSDT,ask,175,12764.611
2024-08-18 13:53:45,SOLUSDT,ask,185,16879.342
2024-08-18 13:53:45,SOLUSDT,ask,200,44138.296
2024-08-18 13:53:56,SOLUSDT,ask,190,23519.261
2024-08-18 13:54:14,SOLUSDT,ask,193,7274.128
2024-08-18 13:54:14,SOLUSDT,ask,195,12358.945
2024-08-18 13:54:14,SOLUSDT,ask,197,10865.698
2024-08-18 13:54:15,SOLUSDT,ask,185,16879.398
2024-08-18 13:54:16,SOLUSDT,ask,175,12764.667
2024-08-18 13:54:17,SOLUSDT,ask,165,16804.974
2024-08-18 13:54:17,SOLUSDT,ask,163,16903.31
2024-08-18 13:54:18,SOLUSDT,ask,161,15392.376
2024-08-18 13:54:18,SOLUSDT,ask,155,9164.454
2024-08-18 13:54:19,SOLUSDT,ask,151,24152.453
2024-08-18 13:54:21,SOLUSDT,bid,135,28063.746
2024-08-18 13:54:21,SOLUSDT,bid,131,12045.15
2024-08-18 13:54:21,SOLUSDT,bid,125,19045.434
2024-08-18 13:54:22,SOLUSDT,bid,125,19045.49
2024-08-18 13:54:23,SOLUSDT,ask,180,22996.852
2024-08-18 13:54:24,SOLUSDT,bid,115,21709.548
2024-08-18 13:54:24,SOLUSDT,bid,111,15707.128
2024-08-18 13:54:25,SOLUSDT,bid,105,9625.75
2024-08-18 13:54:26,SOLUSDT,bid,101,10016.361
2024-08-18 13:54:27,SOLUSDT,ask,170,14554.221
2024-08-18 13:54:57,SOLUSDT,bid,135,28063.246
2024-08-18 13:55:05,SOLUSDT,bid,135,28063.172
2024-08-18 13:55:26,SOLUSDT,ask,150,27402.537
2024-08-18 13:55:54,SOLUSDT,bid,100,35937.241
2024-08-18 13:56:37,SOLUSDT,ask,150,27403.836
2024-08-18 13:56:47,SOLUSDT,ask,170,14550.659
2024-08-18 13:56:56,SOLUSDT,ask,151,24145.802
2024-08-18 13:57:11,SOLUSDT,ask,170,14554.221
2024-08-18 13:57:17,SOLUSDT,ask,154,18112.172
2024-08-18 13:57:22,SOLUSDT,bid,120,24637.834
2024-08-18 13:58:54,SOLUSDT,ask,150,27396.75
2024-08-18 13:59:19,SOLUSDT,ask,150,26932.346
2024-08-18 13:59:26,SOLUSDT,ask,150,26948.798
2024-08-18 14:00:08,SOLUSDT,ask,150,26948.833
2024-08-18 14:00:11,SOLUSDT,ask,175,12763.948
2024-08-18 14:00:13,SOLUSDT,ask,180,22996.982
2024-08-18 14:00:23,SOLUSDT,bid,132,9114.872
2024-08-18 14:01:40,SOLUSDT,ask,150,26947.546
2024-08-18 14:01:48,SOLUSDT,bid,90,17488.023
2024-08-18 14:02:05,SOLUSDT,bid,125,19023.105
2024-08-18 14:02:39,SOLUSDT,ask,150,26947.511
2024-08-18 14:02:43,SOLUSDT,bid,125,19021.105
2024-08-18 14:04:35,SOLUSDT,bid,130,16567.147
2024-08-18 14:04:36,SOLUSDT,ask,158,18529.511
2024-08-18 14:04:47,SOLUSDT,ask,170,14549.979
2024-08-18 14:05:12,SOLUSDT,bid,118,8802.816
2024-08-18 14:05:40,SOLUSDT,bid,135,28058.812
2024-08-18 14:06:09,SOLUSDT,bid,135,28060.613
2024-08-18 14:06:26,SOLUSDT,ask,165,16804.523
2024-08-18 14:06:57,SOLUSDT,ask,165,16804.904
2024-08-18 14:07:22,SOLUSDT,bid,135,28045.799
2024-08-18 14:07:52,SOLUSDT,ask,150,26943.51
2024-08-18 14:08:11,SOLUSDT,ask,150,26943.452
2024-08-18 14:08:51,SOLUSDT,ask,200,44138.799
2024-08-18 14:09:09,SOLUSDT,bid,120,24627.476
2024-08-18 14:09:16,SOLUSDT,bid,130,16566.147
2024-08-18 14:09:19,SOLUSDT,ask,148,10076.826
2024-08-18 14:09:21,SOLUSDT,bid,130,16566.099
2024-08-18 14:09:27,SOLUSDT,ask,200,44138.296
2024-08-18 14:10:16,SOLUSDT,ask,150,26971.617
2024-08-18 14:11:08,SOLUSDT,ask,150,26968.951
2024-08-18 14:12:05,SOLUSDT,ask,200,44138.256
2024-08-18 14:12:22,SOLUSDT,ask,200,44138.55
2024-08-18 14:12:24,SOLUSDT,ask,190,23519.555
2024-08-18 14:12:27,SOLUSDT,ask,180,22997.276
2024-08-18 14:12:29,SOLUSDT,ask,170,14550.273
2024-08-18 14:12:32,SOLUSDT,ask,160,24401.785
2024-08-18 14:12:35,SOLUSDT,ask,150,26969.245
2024-08-18 14:12:40,SOLUSDT,bid,130,16566.393
2024-08-18 14:12:43,SOLUSDT,bid,120,24627.77
2024-08-18 14:12:46,SOLUSDT,bid,110,26531.029
2024-08-18 14:12:49,SOLUSDT,bid,100,35937.535
2024-08-18 14:12:54,SOLUSDT,ask,160,24416.158
2024-08-18 14:13:28,SOLUSDT,bid,135,28008.762
2024-08-18 14:13:31,SOLUSDT,ask,152,26184.495
2024-08-18 14:13:51,SOLUSDT,bid,115,21689.548
2024-08-18 14:14:00,SOLUSDT,bid,132,9113.872
2024-08-18 14:14:28,SOLUSDT,bid,100,35882.928
2024-08-18 14:14:47,SOLUSDT,bid,135,28028.988
2024-08-18 14:15:07,SOLUSDT,bid,135,28029.026
2024-08-18 14:15:21,SOLUSDT,bid,125,19012.901
2024-08-18 14:15:43,SOLUSDT,bid,132,9113.494
2024-08-18 14:15:50,SOLUSDT,bid,135,28029.319
2024-08-18 14:15:53,SOLUSDT,bid,133,8010.552
2024-08-18 14:15:59,SOLUSDT,ask,155,9164.237
2024-08-18 14:16:08,SOLUSDT,bid,133,8000.552
2024-08-18 14:16:18,SOLUSDT,bid,135,28029.026
2024-08-18 14:16:18,SOLUSDT,ask,150,26969.462
2024-08-18 14:16:20,SOLUSDT,ask,155,9159.237
2024-08-18 14:16:51,SOLUSDT,ask,150,26969.425
2024-08-18 14:16:55,SOLUSDT,ask,150,26964.411
2024-08-18 14:17:08,SOLUSDT,ask,154,18111.172
2024-08-18 14:17:16,SOLUSDT,ask,190,23518.475
2024-08-18 14:17:29,SOLUSDT,ask,190,23510.604
2024-08-18 14:18:04,SOLUSDT,bid,135,28028.788
2024-08-18 14:18:13,SOLUSDT,ask,188,11085.36
2024-08-18 14:18:25,SOLUSDT,ask,160,24408.768
2024-08-18 14:18:52,SOLUSDT,ask,150,26964.916
2024-08-18 14:19:10,SOLUSDT,ask,150,26963.916
2024-08-18 14:19:13,SOLUSDT,ask,154,18107.672
2024-08-18 14:19:13,SOLUSDT,ask,160,24412.268
2024-08-18 14:19:15,SOLUSDT,ask,200,44138.52
2024-08-18 14:19:15,SOLUSDT,bid,110,26525.556
2024-08-18 14:19:15,SOLUSDT,bid,100,35879.918
2024-08-18 14:19:43,SOLUSDT,ask,200,44129.92
2024-08-18 14:19:48,SOLUSDT,bid,120,24624.77
2024-08-18 14:20:31,SOLUSDT,bid,125,19012.174
2024-08-18 14:20:55,SOLUSDT,ask,188,11085.121
2024-08-18 14:21:04,SOLUSDT,ask,170,14550.303
2024-08-18 14:21:28,SOLUSDT,bid,135,28029.236
2024-08-18 14:21:45,SOLUSDT,bid,111,15707.174
2024-08-18 14:22:21,SOLUSDT,ask,190,23510.534
2024-08-18 14:22:30,SOLUSDT,ask,175,12765.045
2024-08-18 14:22:30,SOLUSDT,ask,152,26182.937
2024-08-18 14:22:39,SOLUSDT,ask,210,25834.871
2024-08-18 14:22:52,SOLUSDT,ask,205,10775.372
2024-08-18 14:22:52,SOLUSDT,ask,210,25835.332
2024-08-18 14:23:09,SOLUSDT,ask,150,26964.035
2024-08-18 14:23:09,SOLUSDT,ask,160,24412.149
2024-08-18 14:23:11,SOLUSDT,ask,175,12763.948
2024-08-18 14:23:48,SOLUSDT,ask,165,16805.041
2024-08-18 14:24:11,SOLUSDT,ask,150,26973.984
2024-08-18 14:24:12,SOLUSDT,bid,135,28028.866
2024-08-18 14:24:28,SOLUSDT,ask,150,26973.931
2024-08-18 14:25:10,SOLUSDT,ask,148,10076.427
2024-08-18 14:25:16,SOLUSDT,bid,125,18789.486
2024-08-18 14:25:28,SOLUSDT,bid,125,18839.486
2024-08-18 14:25:28,SOLUSDT,ask,180,22788.796
2024-08-18 14:25:28,SOLUSDT,ask,190,23340.396
2024-08-18 14:25:34,SOLUSDT,ask,190,23348.896
2024-08-18 14:25:39,SOLUSDT,ask,155,9180.385
2024-08-18 14:26:18,SOLUSDT,bid,130,16567.462
2024-08-18 14:26:18,SOLUSDT,ask,150,26963.982
2024-08-18 14:27:13,SOLUSDT,bid,100,35880.878
2024-08-18 14:27:39,SOLUSDT,ask,160,24412.993
2024-08-18 14:27:42,SOLUSDT,ask,148,10048.223
2024-08-18 14:27:42,SOLUSDT,ask,158,18557.715
2024-08-18 14:27:44,SOLUSDT,bid,120,24674.77
2024-08-18 14:28:24,SOLUSDT,ask,150,26962.972
2024-08-18 14:28:43,SOLUSDT,ask,152,26182.827
2024-08-18 14:28:49,SOLUSDT,bid,118,8852.816
2024-08-18 14:28:51,SOLUSDT,ask,152,26094.797
2024-08-18 14:29:39,SOLUSDT,ask,150,26964.574
2024-08-18 14:29:47,SOLUSDT,ask,160,24421.323
2024-08-18 14:30:02,SOLUSDT,bid,120,24670.596
2024-08-18 14:30:12,SOLUSDT,ask,155,9182.264
2024-08-18 14:30:20,SOLUSDT,ask,195,12353.485
2024-08-18 14:30:32,SOLUSDT,bid,130,16567.316
2024-08-18 14:30:33,SOLUSDT,bid,135,28028.725
2024-08-18 14:30:35,SOLUSDT,bid,132,9113.35
2024-08-18 14:31:30,SOLUSDT,ask,150,26961.554
2024-08-18 14:31:51,SOLUSDT,bid,120,24669.596
2024-08-18 14:31:58,SOLUSDT,bid,135,28028.675
2024-08-18 14:32:00,SOLUSDT,bid,130,16567.266
2024-08-18 14:32:02,SOLUSDT,bid,110,26454.513
2024-08-18 14:32:45,SOLUSDT,bid,111,15707.128
2024-08-18 14:32:52,SOLUSDT,ask,150,26961.496
2024-08-18 14:33:37,SOLUSDT,ask,200,44130.045
2024-08-18 14:33:49,SOLUSDT,bid,111,15706.993
2024-08-18 14:34:07,SOLUSDT,bid,130,16565.728
2024-08-18 14:34:35,SOLUSDT,bid,132,9113.946
2024-08-18 14:35:08,SOLUSDT,bid,125,18841.864
2024-08-18 14:35:18,SOLUSDT,bid,115,21692.463
2024-08-18 14:35:45,SOLUSDT,bid,100,35883.878
2024-08-18 14:35:57,SOLUSDT,bid,115,21692.963
2024-08-18 14:36:21,SOLUSDT,bid,120,24668.967
2024-08-18 14:36:30,SOLUSDT,bid,130,16635.728
2024-08-18 14:36:59,SOLUSDT,bid,135,28028.058
2024-08-18 14:37:46,SOLUSDT,bid,125,18921.422
2024-08-18 14:38:12,SOLUSDT,bid,120,24788.529
2024-08-18 14:38:43,SOLUSDT,bid,135,28029.784
2024-08-18 14:39:08,SOLUSDT,ask,160,24392.354
2024-08-18 14:39:19,SOLUSDT,bid,115,21710.358
2024-08-18 14:39:27,SOLUSDT,ask,500,6327.693
2024-08-18 14:39:40,SOLUSDT,ask,155,9180.779
2024-08-18 14:39:50,SOLUSDT,bid,130,16636.728
2024-08-18 14:39:51,SOLUSDT,ask,154,18109.157
2024-08-18 14:40:15,SOLUSDT,ask,154,18107.672
2024-08-18 14:40:23,SOLUSDT,ask,154,18109.157
2024-08-18 14:40:33,SOLUSDT,ask,165,16804.864
2024-08-18 14:41:10,SOLUSDT,bid,100,35884.295
2024-08-18 14:41:22,SOLUSDT,ask,163,16904.127
2024-08-18 14:41:36,SOLUSDT,bid,130,16636.228
2024-08-18 14:41:47,SOLUSDT,bid,100,35883.795
2024-08-18 14:41:47,SOLUSDT,ask,150,26962.151
2024-08-18 14:41:52,SOLUSDT,ask,185,16880.215
2024-08-18 14:42:07,SOLUSDT,ask,154,18107.672
2024-08-18 14:42:41,SOLUSDT,ask,150,26961.795
2024-08-18 14:43:04,SOLUSDT,bid,118,9022.307
2024-08-18 14:43:12,SOLUSDT,ask,148,10048.152
2024-08-18 14:44:04,SOLUSDT,bid,120,24788.676
2024-08-18 14:44:21,SOLUSDT,bid,120,24784.51
2024-08-18 14:44:30,SOLUSDT,bid,110,26459.058
2024-08-18 14:45:26,SOLUSDT,bid,100,35879.795
2024-08-18 14:45:32,SOLUSDT,ask,155,9180.579
2024-08-18 14:45:37,SOLUSDT,ask,154,18107.472
2024-08-18 14:45:39,SOLUSDT,bid,115,21709.88
2024-08-18 14:46:10,SOLUSDT,ask,160,24403.354
2024-08-18 14:46:23,SOLUSDT,ask,200,44129.525
2024-08-18 14:46:38,SOLUSDT,bid,120,24680.352
2024-08-18 14:47:37,SOLUSDT,bid,135,28026.822
2024-08-18 14:47:49,SOLUSDT,bid,111,15726.993
2024-08-18 14:48:06,SOLUSDT,ask,200,44129.383
2024-08-18 14:48:12,SOLUSDT,ask,152,26094.53
2024-08-18 14:48:13,SOLUSDT,ask,155,9179.58
2024-08-18 14:48:43,SOLUSDT,ask,160,24401.109
2024-08-18 14:49:01,SOLUSDT,bid,120,24679.519
2024-08-18 14:49:03,SOLUSDT,bid,120,24678.769
2024-08-18 14:49:03,SOLUSDT,bid,115,21710.63
2024-08-18 14:49:20,SOLUSDT,ask,158,18565.01
2024-08-18 14:51:03,SOLUSDT,ask,150,26970.134
2024-08-18 14:51:11,SOLUSDT,bid,132,9117.927
2024-08-18 14:51:17,SOLUSDT,bid,135,28044.137
2024-08-18 14:52:15,SOLUSDT,ask,180,22789.556
2024-08-18 14:52:26,SOLUSDT,ask,180,22788.796
2024-08-18 14:52:28,SOLUSDT,bid,118,9022.788
2024-08-18 14:52:29,SOLUSDT,ask,152,26086.109
2024-08-18 14:52:38,SOLUSDT,ask,150,26971.134
2024-08-18 14:53:01,SOLUSDT,bid,118,9028.667
2024-08-18 14:53:33,SOLUSDT,bid,120,24678.727
2024-08-18 14:53:33,SOLUSDT,ask,150,26971.092
2024-08-18 14:53:33,SOLUSDT,ask,150,26970.593
2024-08-18 14:53:58,SOLUSDT,ask,160,24399.864
2024-08-18 14:54:11,SOLUSDT,ask,160,24400.255
2024-08-18 14:54:35,SOLUSDT,bid,115,21710.429
2024-08-18 14:55:48,SOLUSDT,bid,101,10016.163
2024-08-18 14:56:29,SOLUSDT,bid,110,26781.889
2024-08-18 14:56:49,SOLUSDT,ask,190,23342.773
2024-08-18 14:57:04,SOLUSDT,ask,155,9179.231
2024-08-18 14:57:17,SOLUSDT,ask,160,24400.604
2024-08-18 14:57:19,SOLUSDT,bid,130,16647.489
2024-08-18 14:57:29,SOLUSDT,bid,120,24676.727
2024-08-18 14:57:30,SOLUSDT,ask,152,26084.825
2024-08-18 14:57:57,SOLUSDT,ask,151,24137.802
2024-08-18 14:57:58,SOLUSDT,ask,148,10042.152
2024-08-18 14:58:06,SOLUSDT,bid,135,28043.597
2024-08-18 14:58:15,SOLUSDT,ask,161,15384.4
2024-08-18 14:58:55,SOLUSDT,ask,152,26081.825
2024-08-18 14:58:57,SOLUSDT,ask,150,26969.593
2024-08-18 14:59:32,SOLUSDT,ask,150,26969.558
2024-08-18 14:59:36,SOLUSDT,ask,200,44128.883
2024-08-18 15:00:01,SOLUSDT,ask,148,10040.787
2024-08-18 15:00:05,SOLUSDT,bid,135,28044.137
2024-08-18 15:00:10,SOLUSDT,bid,120,24672.477
2024-08-18 15:00:15,SOLUSDT,bid,135,28043.637
2024-08-18 15:00:20,SOLUSDT,bid,130,16646.489
2024-08-18 15:00:21,SOLUSDT,bid,100,35839.383
2024-08-18 15:00:32,SOLUSDT,ask,148,9911.963
2024-08-18 15:00:42,SOLUSDT,ask,220,12183.873
2024-08-18 15:00:51,SOLUSDT,bid,110,26781.843
2024-08-18 15:01:12,SOLUSDT,ask,155,9183.6
2024-08-18 15:01:18,SOLUSDT,bid,110,26852.886
2024-08-18 15:01:21,SOLUSDT,ask,148,9910.859
2024-08-18 15:01:32,SOLUSDT,ask,185,16889.874
2024-08-18 15:01:33,SOLUSDT,ask,700,1673.566
2024-08-18 15:01:47,SOLUSDT,bid,110,26850.341
2024-08-18 15:01:54,SOLUSDT,ask,154,18108.423
2024-08-18 15:01:57,SOLUSDT,ask,148,9910.817
2024-08-18 15:02:47,SOLUSDT,bid,130,16651.489
2024-08-18 15:02:48,SOLUSDT,ask,161,15384.713
2024-08-18 15:03:10,SOLUSDT,bid,110,26856.717
2024-08-18 15:03:14,SOLUSDT,ask,156,20134.098
2024-08-18 15:03:35,SOLUSDT,ask,148,10024.641
2024-08-18 15:03:55,SOLUSDT,ask,175,12765.997
2024-08-18 15:03:57,SOLUSDT,bid,110,26850.341
2024-08-18 15:04:02,SOLUSDT,bid,135,28043.267
2024-08-18 15:04:04,SOLUSDT,ask,195,12242.934
2024-08-18 15:04:15,SOLUSDT,bid,130,16650.482
2024-08-18 15:04:35,SOLUSDT,ask,160,24400.571
2024-08-18 15:04:44,SOLUSDT,ask,195,12353.485
2024-08-18 15:04:48,SOLUSDT,ask,180,22788.733
2024-08-18 15:04:50,SOLUSDT,ask,190,23342.716
2024-08-18 15:04:59,SOLUSDT,ask,200,44128.829
2024-08-18 15:05:01,SOLUSDT,ask,160,24400.891
2024-08-18 15:05:01,SOLUSDT,ask,190,23342.396
2024-08-18 15:05:03,SOLUSDT,ask,210,25835.278
2024-08-18 15:05:18,SOLUSDT,ask,160,24399.891
2024-08-18 15:05:20,SOLUSDT,bid,80,27365.037
2024-08-18 15:05:20,SOLUSDT,ask,155,9184.079
2024-08-18 15:07:03,SOLUSDT,bid,135,28043.513
2024-08-18 15:07:03,SOLUSDT,bid,130,16651.192
2024-08-18 15:07:17,SOLUSDT,ask,152,26152.47
2024-08-18 15:07:58,SOLUSDT,ask,150,26970.184
2024-08-18 15:08:20,SOLUSDT,ask,150,26969.185
2024-08-18 15:09:14,SOLUSDT,ask,185,16889.607
2024-08-18 15:09:45,SOLUSDT,ask,148,10084.641
2024-08-18 15:10:00,SOLUSDT,bid,130,16650.482
2024-08-18 15:10:45,SOLUSDT,ask,150,26969.237
2024-08-18 15:11:08,SOLUSDT,ask,170,14550.513
2024-08-18 15:11:19,SOLUSDT,ask,161,15384.4
2024-08-18 15:12:21,SOLUSDT,ask,150,26968.611
2024-08-18 15:12:36,SOLUSDT,bid,111,15726.894
2024-08-18 15:13:18,SOLUSDT,bid,115,21712.558
2024-08-18 15:13:42,SOLUSDT,ask,150,26947.632
2024-08-18 15:13:48,SOLUSDT,bid,130,16650.584
2024-08-18 15:13:56,SOLUSDT,bid,111,15726.724
2024-08-18 15:13:59,SOLUSDT,ask,160,24420.87
2024-08-18 15:14:07,SOLUSDT,bid,130,16646.069
2024-08-18 15:14:28,SOLUSDT,bid,130,16659.53
2024-08-18 15:14:33,SOLUSDT,bid,131,12043.15
2024-08-18 15:15:06,SOLUSDT,ask,500,6330.934
2024-08-18 15:15:30,SOLUSDT,ask,182,5554.799
2024-08-18 15:16:31,SOLUSDT,bid,130,16660.724
2024-08-18 15:17:01,SOLUSDT,ask,150,26947.58
2024-08-18 15:17:11,SOLUSDT,ask,152,26150.912
2024-08-18 15:17:28,SOLUSDT,ask,155,9184.219
2024-08-18 15:17:31,SOLUSDT,bid,132,9117.695
2024-08-18 15:18:03,SOLUSDT,bid,130,16658.024
2024-08-18 15:18:15,SOLUSDT,ask,200,44138.873
2024-08-18 15:18:16,SOLUSDT,bid,111,15706.625
2024-08-18 15:19:36,SOLUSDT,ask,150,26950.64
2024-08-18 15:19:57,SOLUSDT,ask,151,24136.135
2024-08-18 15:20:19,SOLUSDT,ask,155,9185.886
2024-08-18 15:20:25,SOLUSDT,bid,130,16594.119
2024-08-18 15:20:37,SOLUSDT,bid,125,18841.422
2024-08-18 15:20:55,SOLUSDT,ask,151,24136.761
2024-08-18 15:21:04,SOLUSDT,ask,158,18565.07
2024-08-18 15:21:13,SOLUSDT,bid,135,28043.026
2024-08-18 15:21:23,SOLUSDT,ask,190,23323.042
2024-08-18 15:21:30,SOLUSDT,ask,148,10084.041
2024-08-18 15:21:49,SOLUSDT,ask,155,9184.888
2024-08-18 15:21:59,SOLUSDT,bid,135,28042.656
2024-08-18 15:22:08,SOLUSDT,ask,163,16988.115
2024-08-18 15:22:31,SOLUSDT,bid,130,16593.119
2024-08-18 15:22:37,SOLUSDT,ask,148,10083.54
2024-08-18 15:22:49,SOLUSDT,ask,150,26954.333
2024-08-18 15:22:53,SOLUSDT,ask,165,16800.242
2024-08-18 15:22:55,SOLUSDT,bid,115,21647.744
2024-08-18 15:22:56,SOLUSDT,bid,130,16591.019
2024-08-18 15:23:07,SOLUSDT,bid,115,21712.558
2024-08-18 15:23:39,SOLUSDT,ask,150,26953.828
2024-08-18 15:24:24,SOLUSDT,ask,150,26953.79
2024-08-18 15:25:16,SOLUSDT,bid,110,26738.515
2024-08-18 15:25:41,SOLUSDT,ask,210,25834.033
2024-08-18 15:26:12,SOLUSDT,bid,135,28042.471
2024-08-18 15:26:35,SOLUSDT,bid,132,9112.695
2024-08-18 15:26:35,SOLUSDT,bid,130,16586.019
2024-08-18 15:26:35,SOLUSDT,bid,135,28037.471
2024-08-18 15:26:35,SOLUSDT,bid,131,12038.15
2024-08-18 15:26:35,SOLUSDT,bid,125,18836.422
2024-08-18 15:26:46,SOLUSDT,ask,200,44137.867
2024-08-18 15:26:55,SOLUSDT,ask,161,15385.406
2024-08-18 15:27:04,SOLUSDT,bid,110,26755.188
2024-08-18 15:27:16,SOLUSDT,ask,148,10096.387
2024-08-18 15:27:31,SOLUSDT,bid,80,27365.162
2024-08-18 15:28:05,SOLUSDT,ask,150,26981.184
2024-08-18 15:28:08,SOLUSDT,bid,132,9112.995
2024-08-18 15:28:21,SOLUSDT,ask,175,12766.066
2024-08-18 15:28:23,SOLUSDT,bid,80,27365.037
2024-08-18 15:28:40,SOLUSDT,bid,80,27365.162
2024-08-18 15:29:22,SOLUSDT,bid,125,18816.422
2024-08-18 15:29:44,SOLUSDT,bid,135,28037.249
2024-08-18 15:29:59,SOLUSDT,ask,165,16799.726
2024-08-18 15:30:17,SOLUSDT,ask,170,14551.013
2024-08-18 15:30:23,SOLUSDT,ask,170,14550.513
2024-08-18 15:30:40,SOLUSDT,ask,170,14551.029
2024-08-18 15:31:57,SOLUSDT,bid,135,28084.249
2024-08-18 15:33:03,SOLUSDT,bid,125,18826.422
2024-08-18 15:33:32,SOLUSDT,bid,125,18825.422
2024-08-18 15:35:32,SOLUSDT,ask,152,26150.967
2024-08-18 15:35:43,SOLUSDT,ask,152,26150.912
2024-08-18 15:36:31,SOLUSDT,bid,135,28083.709
2024-08-18 15:36:35,SOLUSDT,bid,130,16586.58
2024-08-18 15:37:06,SOLUSDT,ask,151,24134.761
2024-08-18 15:37:21,SOLUSDT,ask,165,16796.209
2024-08-18 15:38:55,SOLUSDT,bid,120,24672.061
2024-08-18 15:39:17,SOLUSDT,bid,110,26741.91
2024-08-18 15:39:30,SOLUSDT,ask,180,22786.523
2024-08-18 15:40:20,SOLUSDT,ask,190,23323.829
2024-08-18 15:40:47,SOLUSDT,ask,160,24413.44
2024-08-18 15:40:55,SOLUSDT,ask,150,26981.812
2024-08-18 15:41:10,SOLUSDT,bid,115,21709.595
2024-08-18 15:41:22,SOLUSDT,ask,160,24412.44
2024-08-18 15:41:27,SOLUSDT,ask,185,16888.913
2024-08-18 15:41:37,SOLUSDT,ask,170,14551.723
2024-08-18 15:42:28,SOLUSDT,ask,210,25833.933
2024-08-18 15:42:28,SOLUSDT,ask,220,12183.772
2024-08-18 15:42:52,SOLUSDT,ask,163,16988.728
2024-08-18 15:44:17,SOLUSDT,ask,158,18563.468
2024-08-18 15:44:20,SOLUSDT,bid,120,24671.921
2024-08-18 15:44:31,SOLUSDT,ask,250,18338.051
2024-08-18 15:44:43,SOLUSDT,ask,250,18337.981
2024-08-18 15:45:30,SOLUSDT,ask,152,26252.484
2024-08-18 15:45:30,SOLUSDT,ask,155,9083.316
2024-08-18 15:45:33,SOLUSDT,ask,165,16795.755
2024-08-18 15:45:39,SOLUSDT,ask,200,44137.11
2024-08-18 15:45:39,SOLUSDT,bid,120,24670.155
2024-08-18 15:46:12,SOLUSDT,ask,175,12773.558
2024-08-18 15:46:22,SOLUSDT,ask,150,26984.31
2024-08-18 15:46:25,SOLUSDT,bid,100,35836.383
2024-08-18 15:47:12,SOLUSDT,bid,135,27756.417
2024-08-18 15:47:28,SOLUSDT,bid,120,24669.155
2024-08-18 15:47:31,SOLUSDT,ask,160,24416.396
2024-08-18 15:48:19,SOLUSDT,ask,160,24416.439
2024-08-18 15:48:23,SOLUSDT,bid,120,24669.198
2024-08-18 15:48:29,SOLUSDT,bid,135,27736.417
2024-08-18 15:48:48,SOLUSDT,ask,150,26984.346
2024-08-18 15:48:56,SOLUSDT,ask,155,9095.362
2024-08-18 15:49:18,SOLUSDT,bid,80,27508.675
2024-08-18 15:49:40,SOLUSDT,ask,165,16796.561
2024-08-18 15:49:47,SOLUSDT,ask,148,10096.339
2024-08-18 15:49:57,SOLUSDT,ask,148,10091.879
2024-08-18 15:50:10,SOLUSDT,bid,135,27733.961
2024-08-18 15:50:20,SOLUSDT,bid,135,27733.454
2024-08-18 15:50:30,SOLUSDT,bid,96,12574.411
2024-08-18 15:50:32,SOLUSDT,bid,110,26755.546
2024-08-18 15:50:35,SOLUSDT,bid,130,16594.314
2024-08-18 15:51:25,SOLUSDT,ask,180,22787.033
2024-08-18 15:51:37,SOLUSDT,ask,165,16800.078
2024-08-18 15:51:57,SOLUSDT,ask,148,10094.876
,SOLUSDT,bid,120,30341.317
2024-08-18 15:58:47,SOLUSDT,bid,115,21710.203
2024-08-18 15:58:52,SOLUSDT,ask,200,44133.466
2024-08-18 15:58:55,SOLUSDT,bid,110,26756.455
2024-08-18 15:59:02,SOLUSDT,bid,115,21685.203
2024-08-18 15:59:05,SOLUSDT,bid,120,30341.17
2024-08-18 15:59:09,SOLUSDT,bid,131,10832.658
2024-08-18 15:59:35,SOLUSDT,ask,150,26934.869
2024-08-18 15:59:36,SOLUSDT,bid,110,26755.546
2024-08-18 15:59:36,SOLUSDT,ask,150,26935.663
2024-08-18 15:59:44,SOLUSDT,ask,150,26934.664
2024-08-18 15:59:47,SOLUSDT,bid,110,26756.727
2024-08-18 15:59:47,SOLUSDT,bid,120,30340.92
2024-08-18 16:00:03,SOLUSDT,bid,125,18886.222
2024-08-18 16:00:11,SOLUSDT,ask,160,24396.553
2024-08-18 16:01:16,SOLUSDT,ask,160,24398.349
2024-08-18 16:01:30,SOLUSDT,ask,155,9104.465
2024-08-18 16:01:34,SOLUSDT,ask,155,9097.805
2024-08-18 16:01:52,SOLUSDT,bid,130,16594.575
2024-08-18 16:02:12,SOLUSDT,ask,148,10047.236
2024-08-18 16:02:15,SOLUSDT,ask,188,11085.077
2024-08-18 16:02:23,SOLUSDT,bid,135,27709.502
2024-08-18 16:02:26,SOLUSDT,ask,155,9128.059
2024-08-18 16:02:30,SOLUSDT,ask,161,15381.951
2024-08-18 16:02:33,SOLUSDT,ask,165,16830.333
2024-08-18 16:02:56,SOLUSDT,ask,155,9134.719
2024-08-18 16:03:02,SOLUSDT,bid,130,16327.246
2024-08-18 16:03:33,SOLUSDT,ask,152,26220.447
2024-08-18 16:03:43,SOLUSDT,ask,148,10079.24
2024-08-18 16:03:51,SOLUSDT,ask,195,12347.955
2024-08-18 16:03:51,SOLUSDT,ask,150,26861.282
2024-08-18 16:03:54,SOLUSDT,bid,135,27719.028
2024-08-18 16:03:55,SOLUSDT,ask,150,26878.35
2024-08-18 16:03:57,SOLUSDT,ask,148,10152.622
2024-08-18 16:04:20,SOLUSDT,bid,130,16326.246
2024-08-18 16:04:50,SOLUSDT,bid,135,27733.842
2024-08-18 16:04:58,SOLUSDT,ask,155,9134.803
2024-08-18 16:05:06,SOLUSDT,ask,156,20133.905
2024-08-18 16:05:50,SOLUSDT,ask,161,15378.954
2024-08-18 16:05:55,SOLUSDT,ask,150,26875.003
2024-08-18 16:05:59,SOLUSDT,ask,200,44133.891
2024-08-18 16:06:03,SOLUSDT,ask,160,24398.56
2024-08-18 16:06:04,SOLUSDT,ask,160,24433.255
2024-08-18 16:06:24,SOLUSDT,bid,131,10829.249
2024-08-18 16:06:35,SOLUSDT,bid,100,35836.158
2024-08-18 16:06:44,SOLUSDT,bid,132,9122.995
2024-08-18 16:07:00,SOLUSDT,bid,135,27734.309
2024-08-18 16:07:04,SOLUSDT,ask,160,24434.255
2024-08-18 16:07:05,SOLUSDT,bid,120,30339.824
2024-08-18 16:07:17,SOLUSDT,bid,101,10013.865
2024-08-18 16:07:23,SOLUSDT,ask,180,23085.874
2024-08-18 16:07:34,SOLUSDT,ask,200,44123.891
2024-08-18 16:07:54,SOLUSDT,bid,120,24668.613
2024-08-18 16:08:14,SOLUSDT,bid,115,21675.203
2024-08-18 16:08:38,SOLUSDT,bid,115,21657.808
2024-08-18 16:08:39,SOLUSDT,ask,230,7431.001
2024-08-18 16:08:54,SOLUSDT,bid,80,27487.66
2024-08-18 16:09:09,SOLUSDT,ask,190,23323.319
2024-08-18 16:09:34,SOLUSDT,ask,148,10152.554
2024-08-18 16:09:34,SOLUSDT,ask,152,26220.379
2024-08-18 16:09:34,SOLUSDT,ask,156,20133.837
2024-08-18 16:09:34,SOLUSDT,bid,132,9122.927
2024-08-18 16:09:34,SOLUSDT,bid,120,24668.545
2024-08-18 16:09:34,SOLUSDT,ask,160,24434.187
2024-08-18 16:09:56,SOLUSDT,ask,195,12347.398
2024-08-18 16:10:03,SOLUSDT,ask,200,44123.375
2024-08-18 16:10:04,SOLUSDT,ask,148,10162.544
2024-08-18 16:10:11,SOLUSDT,ask,180,23085.288
2024-08-18 16:10:18,SOLUSDT,bid,130,16333.938
2024-08-18 16:10:19,SOLUSDT,bid,120,30337.256
2024-08-18 16:10:22,SOLUSDT,ask,170,14551.36
2024-08-18 16:10:45,SOLUSDT,ask,175,12773.023
2024-08-18 16:10:58,SOLUSDT,bid,100,35772.478
2024-08-18 16:11:12,SOLUSDT,ask,185,16889.512
2024-08-18 16:11:28,SOLUSDT,ask,180,23082.547
2024-08-18 16:11:32,SOLUSDT,bid,115,21592.994
2024-08-18 16:11:57,SOLUSDT,ask,148,10182.723
2024-08-18 16:12:06,SOLUSDT,bid,115,21593.492
2024-08-18 16:12:08,SOLUSDT,bid,125,18887.457
2024-08-18 16:12:45,SOLUSDT,ask,156,20039.062
2024-08-18 16:13:09,SOLUSDT,bid,135,27734.052
2024-08-18 16:13:09,SOLUSDT,ask,155,9134.546
2024-08-18 16:13:16,SOLUSDT,ask,500,6310.933
2024-08-18 16:13:26,SOLUSDT,ask,210,25953.958
2024-08-18 16:13:55,SOLUSDT,bid,135,27719.238
2024-08-18 16:14:07,SOLUSDT,bid,100,35774.978
2024-08-18 16:14:12,SOLUSDT,bid,130,16333.554
2024-08-18 16:14:19,SOLUSDT,ask,200,44118.591
2024-08-18 16:14:54,SOLUSDT,bid,133,8010.552
2024-08-18 16:15:04,SOLUSDT,bid,133,8000.552
2024-08-18 16:15:14,SOLUSDT,ask,152,26219.075
2024-08-18 16:15:17,SOLUSDT,bid,135,27719.194
2024-08-18 16:15:30,SOLUSDT,ask,148,10184.143
2024-08-18 16:15:57,SOLUSDT,ask,148,10184.193
2024-08-18 16:16:03,SOLUSDT,ask,150,26875.053
2024-08-18 16:16:07,SOLUSDT,bid,125,18879.457
2024-08-18 16:16:07,SOLUSDT,ask,163,17025.393
2024-08-18 16:16:21,SOLUSDT,bid,132,9115.352
2024-08-18 16:16:32,SOLUSDT,bid,130,16334.531
2024-08-18 16:17:02,SOLUSDT,ask,150,26873.366
2024-08-18 16:17:07,SOLUSDT,ask,150,26856.298
2024-08-18 16:17:11,SOLUSDT,ask,185,16890.755
2024-08-18 16:17:12,SOLUSDT,ask,160,24435.874
2024-08-18 16:17:35,SOLUSDT,bid,96,12563.911
2024-08-18 16:17:54,SOLUSDT,ask,180,23084.768
2024-08-18 16:18:04,SOLUSDT,bid,135,27719.266
2024-08-18 16:18:04,SOLUSDT,bid,130,16334.455
2024-08-18 16:18:12,SOLUSDT,ask,248,10743.176
2024-08-18 16:18:23,SOLUSDT,bid,100,35796.089
2024-08-18 16:19:03,SOLUSDT,ask,154,18108.98
2024-08-18 16:19:07,SOLUSDT,bid,135,27718.526
2024-08-18 16:19:56,SOLUSDT,bid,135,27717.526
2024-08-18 16:19:56,SOLUSDT,bid,125,18878.457
2024-08-18 16:19:56,SOLUSDT,bid,115,21592.492
2024-08-18 16:19:56,SOLUSDT,bid,110,26755.727
2024-08-18 16:20:11,SOLUSDT,ask,163,17030.632
2024-08-18 16:20:30,SOLUSDT,ask,150,26856.244
2024-08-18 16:20:33,SOLUSDT,ask,148,10185.029
2024-08-18 16:20:34,SOLUSDT,bid,130,16338.324
2024-08-18 16:20:45,SOLUSDT,ask,195,12342.254
2024-08-18 16:20:53,SOLUSDT,ask,150,26865.578
2024-08-18 16:20:57,SOLUSDT,bid,100,35774.978
2024-08-18 16:21:14,SOLUSDT,bid,135,27617.526
2024-08-18 16:21:28,SOLUSDT,bid,135,27618.526
2024-08-18 16:21:30,SOLUSDT,bid,132,8915.352
2024-08-18 16:21:40,SOLUSDT,bid,100,35794.978
2024-08-18 16:21:57,SOLUSDT,ask,230,7418.341
2024-08-18 16:22:06,SOLUSDT,ask,155,9144.1
2024-08-18 16:22:41,SOLUSDT,bid,135,27617.79
2024-08-18 16:23:36,SOLUSDT,bid,125,18879.257
2024-08-18 16:24:11,SOLUSDT,ask,155,9145.027
2024-08-18 16:24:14,SOLUSDT,ask,160,24435.777
2024-08-18 16:24:22,SOLUSDT,ask,152,26216.176
2024-08-18 16:24:23,SOLUSDT,ask,163,17030.489
2024-08-18 16:24:25,SOLUSDT,bid,115,21549.014
2024-08-18 16:25:05,SOLUSDT,bid,130,16341.309
2024-08-18 16:25:15,SOLUSDT,ask,150,26865.675
2024-08-18 16:25:23,SOLUSDT,bid,135,27617.718
2024-08-18 16:25:29,SOLUSDT,ask,156,20038.647
2024-08-18 16:25:48,SOLUSDT,bid,131,10830.333
2024-08-18 16:26:23,SOLUSDT,ask,160,24445.777
2024-08-18 16:26:34,SOLUSDT,ask,165,16840.333
2024-08-18 16:26:42,SOLUSDT,bid,120,24668.545
2024-08-18 16:26:45,SOLUSDT,ask,150,26865.578
2024-08-18 16:26:51,SOLUSDT,bid,110,32939.776
2024-08-18 16:27:01,SOLUSDT,ask,148,10185.158
2024-08-18 16:27:20,SOLUSDT,bid,130,16338.324
2024-08-18 16:27:20,SOLUSDT,bid,125,18882.242
2024-08-18 16:27:27,SOLUSDT,ask,400,4742.663
2024-08-18 16:28:00,SOLUSDT,ask,155,9145.17
2024-08-18 16:28:06,SOLUSDT,bid,110,26755.727
2024-08-18 16:28:40,SOLUSDT,ask,155,9142.173
2024-08-18 16:28:43,SOLUSDT,bid,120,24670.545
2024-08-18 16:28:53,SOLUSDT,bid,130,16337.555
2024-08-18 16:29:12,SOLUSDT,ask,160,24446.777
2024-08-18 16:29:18,SOLUSDT,bid,110,26568.886
2024-08-18 16:29:26,SOLUSDT,ask,150,26866.578
2024-08-18 16:29:36,SOLUSDT,bid,120,24668.545
2024-08-18 16:29:36,SOLUSDT,bid,115,21551.014
2024-08-18 16:30:05,SOLUSDT,ask,155,9143.17
2024-08-18 16:30:09,SOLUSDT,ask,148,10188.103
2024-08-18 16:31:01,SOLUSDT,ask,160,24425.798
2024-08-18 16:31:03,SOLUSDT,ask,150,26864.578
2024-08-18 16:31:06,SOLUSDT,ask,161,15379.751
2024-08-18 16:31:11,SOLUSDT,ask,150,26872.697
2024-08-18 16:31:14,SOLUSDT,ask,150,26893.676
2024-08-18 16:31:19,SOLUSDT,ask,150,26892.676
2024-08-18 16:31:19,SOLUSDT,ask,155,9142.173
2024-08-18 16:31:19,SOLUSDT,ask,160,24424.798
2024-08-18 16:31:29,SOLUSDT,ask,160,24424.895
2024-08-18 16:32:22,SOLUSDT,ask,150,26849.736
2024-08-18 16:33:03,SOLUSDT,ask,165,16841.333
2024-08-18 16:33:45,SOLUSDT,ask,156,20039.647
2024-08-18 16:33:54,SOLUSDT,bid,130,16337.171
2024-08-18 16:34:01,SOLUSDT,ask,150,26850.733
2024-08-18 16:34:25,SOLUSDT,ask,150,26840.138
2024-08-18 16:34:34,SOLUSDT,bid,115,21730.144
2024-08-18 16:34:46,SOLUSDT,bid,135,27619.262
2024-08-18 16:35:00,SOLUSDT,bid,125,19073.54
2024-08-18 16:35:03,SOLUSDT,ask,190,23320.435
2024-08-18 16:35:09,SOLUSDT,bid,130,16336.666
2024-08-18 16:35:19,SOLUSDT,ask,150,26844.101
2024-08-18 16:35:29,SOLUSDT,ask,150,26856.154
2024-08-18 16:35:30,SOLUSDT,ask,152,26221.15
2024-08-18 16:35:32,SOLUSDT,ask,150,26860.971
2024-08-18 16:35:46,SOLUSDT,ask,152,26890.765
2024-08-18 16:35:47,SOLUSDT,bid,110,26566.886
2024-08-18 16:36:11,SOLUSDT,ask,152,26824.976
2024-08-18 16:36:15,SOLUSDT,ask,150,26848.918
2024-08-18 16:36:15,SOLUSDT,ask,156,20051.7
2024-08-18 16:36:18,SOLUSDT,ask,150,26851.544
2024-08-18 16:36:23,SOLUSDT,ask,148,10187.816
2024-08-18 16:36:39,SOLUSDT,ask,148,10187.961
2024-08-18 16:36:39,SOLUSDT,ask,150,26851.671
2024-08-18 16:36:41,SOLUSDT,ask,150,26852.834
2024-08-18 16:36:50,SOLUSDT,bid,120,24668.502
2024-08-18 16:36:50,SOLUSDT,ask,148,10187.918
2024-08-18 16:36:50,SOLUSDT,ask,155,9142.13
2024-08-18 16:36:50,SOLUSDT,ask,190,23320.392
2024-08-18 16:37:05,SOLUSDT,bid,115,21708.405
2024-08-18 16:37:32,SOLUSDT,ask,165,16844.323
2024-08-18 16:37:35,SOLUSDT,bid,135,27579.222
2024-08-18 16:37:36,SOLUSDT,bid,130,16341.666
2024-08-18 16:37:43,SOLUSDT,bid,130,16381.706
2024-08-18 16:38:05,SOLUSDT,ask,150,26852.951
2024-08-18 16:38:17,SOLUSDT,bid,135,27577.678
2024-08-18 16:38:56,SOLUSDT,bid,115,21529.275
2024-08-18 16:38:58,SOLUSDT,ask,152,26827.94
2024-08-18 16:39:00,SOLUSDT,bid,120,24672.256
2024-08-18 16:39:12,SOLUSDT,ask,154,18023.344
2024-08-18 16:39:18,SOLUSDT,ask,161,15378.686
2024-08-18 16:39:30,SOLUSDT,ask,150,26859.991
2024-08-18 16:39:55,SOLUSDT,ask,148,10186.919
2024-08-18 16:39:55,SOLUSDT,bid,135,27577.14
2024-08-18 16:41:38,SOLUSDT,ask,170,14551.399
2024-08-18 16:41:39,SOLUSDT,ask,160,24424.934
2024-08-18 16:41:42,SOLUSDT,ask,150,26860.03
2024-08-18 16:41:44,SOLUSDT,ask,161,15377.889
2024-08-18 16:41:47,SOLUSDT,bid,130,16381.745
2024-08-18 16:42:36,SOLUSDT,ask,500,6311.297
2024-08-18 16:42:51,SOLUSDT,ask,165,16845.12
2024-08-18 16:42:54,SOLUSDT,ask,152,26817.94
2024-08-18 16:43:49,SOLUSDT,ask,155,9141.77
2024-08-18 16:43:57,SOLUSDT,bid,130,16382.129
2024-08-18 16:43:58,SOLUSDT,bid,135,27575.14
2024-08-18 16:44:53,SOLUSDT,bid,100,35784.858
2024-08-18 16:45:25,SOLUSDT,bid,111,15487.682
2024-08-18 16:45:29,SOLUSDT,bid,100,35764.858
2024-08-18 16:45:44,SOLUSDT,ask,160,24424.087
2024-08-18 16:45:46,SOLUSDT,bid,135,27575.451
2024-08-18 16:45:57,SOLUSDT,ask,152,26898.4
2024-08-18 16:45:59,SOLUSDT,bid,131,10777.574
2024-08-18 16:46:06,SOLUSDT,ask,148,10186.985
2024-08-18 16:46:06,SOLUSDT,ask,150,26860.096
2024-08-18 16:46:17,SOLUSDT,ask,148,10187.027
2024-08-18 16:46:17,SOLUSDT,ask,150,26860.138
2024-08-18 16:46:37,SOLUSDT,ask,151,24138.618
2024-08-18 16:47:16,SOLUSDT,bid,115,21749.846
2024-08-18 16:47:47,SOLUSDT,bid,135,27570.164
2024-08-18 16:48:19,SOLUSDT,bid,100,35814.858
2024-08-18 16:48:54,SOLUSDT,bid,125,19073.601
2024-08-18 16:48:54,SOLUSDT,bid,100,35814.919
2024-08-18 16:48:54,SOLUSDT,ask,175,12773.084
2024-08-18 16:48:54,SOLUSDT,ask,200,44118.652
2024-08-18 16:48:59,SOLUSDT,bid,115,21756.126
2024-08-18 16:49:04,SOLUSDT,ask,150,26871.977
2024-08-18 16:49:16,SOLUSDT,ask,150,26871.477
2024-08-18 16:49:18,SOLUSDT,ask,200,44119.06
