2024-08-21 07:00:12,SOLUSDT,bid,115,20714.967
2024-08-21 07:00:14,SOLUSDT,bid,140,13567.276
2024-08-21 07:00:14,SOLUSDT,ask,150,25844.192
2024-08-21 07:00:57,SOLUSDT,bid,140,13567.136
2024-08-21 07:01:08,SOLUSDT,bid,140,13566.136
2024-08-21 07:01:16,SOLUSDT,ask,150,25844.135
2024-08-21 07:01:18,SOLUSDT,bid,141,12492.126
2024-08-21 07:01:28,SOLUSDT,ask,160,24779.564
2024-08-21 07:01:52,SOLUSDT,bid,135,15595.006
2024-08-21 07:02:15,SOLUSDT,bid,135,15588.24
2024-08-21 07:02:30,SOLUSDT,bid,130,15968.232
2024-08-21 07:02:44,SOLUSDT,ask,150,25643.565
2024-08-21 07:02:46,SOLUSDT,bid,140,13567.367
2024-08-21 07:03:02,SOLUSDT,bid,138,8110.567
2024-08-21 07:03:25,SOLUSDT,bid,135,15588.168
2024-08-21 07:03:58,SOLUSDT,bid,138,8110.639
2024-08-21 07:03:58,SOLUSDT,bid,140,13588.795
2024-08-21 07:04:01,SOLUSDT,ask,147,10021.04
2024-08-21 07:04:06,SOLUSDT,bid,138,8109.13
2024-08-21 07:04:14,SOLUSDT,ask,150,25659.382
2024-08-21 07:04:40,SOLUSDT,ask,148,12258.659
2024-08-21 07:04:45,SOLUSDT,bid,138,8108.407
2024-08-21 07:04:47,SOLUSDT,bid,140,13589.295
2024-08-21 07:04:55,SOLUSDT,bid,130,15968.732
2024-08-21 07:05:02,SOLUSDT,bid,120,21582.762
2024-08-21 07:05:09,SOLUSDT,bid,110,25470.067
2024-08-21 07:05:10,SOLUSDT,ask,148,12314.19
2024-08-21 07:05:27,SOLUSDT,bid,110,25446.141
2024-08-21 07:05:52,SOLUSDT,bid,138,8103.407
2024-08-21 07:05:55,SOLUSDT,bid,140,13588.295
2024-08-21 07:06:24,SOLUSDT,bid,110,25460.976
2024-08-21 07:06:30,SOLUSDT,bid,110,25461.886
2024-08-21 07:06:32,SOLUSDT,bid,140,13587.225
2024-08-21 07:06:38,SOLUSDT,ask,160,24779.464
2024-08-21 07:06:38,SOLUSDT,ask,170,13424.757
2024-08-21 07:06:59,SOLUSDT,bid,135,15517.627
2024-08-21 07:06:59,SOLUSDT,bid,130,16069.395
2024-08-21 07:07:01,SOLUSDT,bid,140,13584.225
2024-08-21 07:07:06,SOLUSDT,ask,148,12209.566
2024-08-21 07:07:09,SOLUSDT,bid,100,35608.532
2024-08-21 07:07:35,SOLUSDT,bid,136,7421.267
2024-08-21 07:07:54,SOLUSDT,ask,147,10021.134
2024-08-21 07:08:11,SOLUSDT,ask,190,23144.858
2024-08-21 07:08:11,SOLUSDT,ask,200,44490.696
2024-08-21 07:08:38,SOLUSDT,bid,140,13584.367
2024-08-21 07:08:41,SOLUSDT,ask,155,10587.872
2024-08-21 07:09:02,SOLUSDT,ask,150,25658.899
2024-08-21 07:09:46,SOLUSDT,bid,110,25461.796
2024-08-21 07:09:47,SOLUSDT,bid,140,13584.41
2024-08-21 07:10:04,SOLUSDT,bid,100,35608.595
2024-08-21 07:10:40,SOLUSDT,bid,140,13579.41
2024-08-21 07:11:10,SOLUSDT,ask,155,10588.918
2024-08-21 07:11:31,SOLUSDT,ask,148,12206.065
2024-08-21 07:11:33,SOLUSDT,bid,140,13578.597
2024-08-21 07:11:36,SOLUSDT,ask,148,12206.003
2024-08-21 07:12:11,SOLUSDT,ask,150,25657.283
2024-08-21 07:12:23,SOLUSDT,bid,140,13575.555
2024-08-21 07:12:47,SOLUSDT,bid,140,13577.555
2024-08-21 07:12:47,SOLUSDT,bid,138,8101.407
2024-08-21 07:12:49,SOLUSDT,ask,150,25658.052
2024-08-21 07:12:55,SOLUSDT,ask,182,5543.521
2024-08-21 07:13:23,SOLUSDT,ask,151,20611.061
2024-08-21 07:13:24,SOLUSDT,ask,156,21437.244
2024-08-21 07:14:01,SOLUSDT,ask,180,30140.798
2024-08-21 07:14:24,SOLUSDT,ask,148,12205.828
2024-08-21 07:14:34,SOLUSDT,ask,180,30143.524
2024-08-21 07:14:50,SOLUSDT,ask,148,12205.622
2024-08-21 07:15:00,SOLUSDT,ask,148,12213.733
2024-08-21 07:15:00,SOLUSDT,ask,180,30135.413
