2024-08-14 07:00:00,SOLUSDT,bid,140,31398.504
2024-08-14 07:00:31,SOLUSDT,bid,135,27441.391
2024-08-14 07:00:56,SOLUSDT,ask,155,24824.167
2024-08-14 07:01:03,SOLUSDT,bid,140,31398.133
2024-08-14 07:01:20,SOLUSDT,bid,135,27458.17
2024-08-14 07:01:22,SOLUSDT,ask,180,23653.749
2024-08-14 07:01:23,SOLUSDT,ask,175,9495.261
2024-08-14 07:01:24,SOLUSDT,ask,170,12976.465
2024-08-14 07:01:25,SOLUSDT,ask,165,13816.742
2024-08-14 07:01:33,SOLUSDT,bid,111,15485.097
2024-08-14 07:01:43,SOLUSDT,bid,133,7707.546
2024-08-14 07:01:44,SOLUSDT,ask,155,24888.166
2024-08-14 07:01:46,SOLUSDT,bid,110,26602.545
2024-08-14 07:02:03,SOLUSDT,bid,131,9446.607
2024-08-14 07:02:05,SOLUSDT,bid,130,12587.085
2024-08-14 07:02:27,SOLUSDT,ask,163,18460.253
2024-08-14 07:02:39,SOLUSDT,ask,155,24889.236
2024-08-14 07:02:42,SOLUSDT,ask,150,11381.916
2024-08-14 07:02:48,SOLUSDT,ask,150,11385.855
2024-08-14 07:03:06,SOLUSDT,ask,150,11395.061
2024-08-14 07:03:23,SOLUSDT,ask,155,24891.161
2024-08-14 07:03:25,SOLUSDT,ask,175,9498.118
2024-08-14 07:03:48,SOLUSDT,ask,210,25016.718
2024-08-14 07:03:55,SOLUSDT,ask,155,24889.236
2024-08-14 07:04:01,SOLUSDT,ask,185,19178.366
2024-08-14 07:04:10,SOLUSDT,ask,188,10404.262
2024-08-14 07:04:29,SOLUSDT,bid,140,31399.201
2024-08-14 07:04:32,SOLUSDT,bid,140,31431.436
2024-08-14 07:04:46,SOLUSDT,ask,150,11389.362
2024-08-14 07:04:49,SOLUSDT,ask,163,18453.262
2024-08-14 07:04:50,SOLUSDT,bid,140,31430.436
2024-08-14 07:05:04,SOLUSDT,ask,150,11383.432
2024-08-14 07:05:07,SOLUSDT,ask,150,11379.432
2024-08-14 07:05:25,SOLUSDT,ask,150,11379.205
2024-08-14 07:05:42,SOLUSDT,ask,155,24888.166
2024-08-14 07:05:43,SOLUSDT,ask,163,18454.49
2024-08-14 07:06:03,SOLUSDT,bid,120,21256.163
2024-08-14 07:06:04,SOLUSDT,ask,160,27002.844
2024-08-14 07:06:13,SOLUSDT,bid,140,31431.441
2024-08-14 07:06:27,SOLUSDT,bid,140,31435.522
2024-08-14 07:06:31,SOLUSDT,ask,500,6009.014
2024-08-14 07:07:08,SOLUSDT,ask,180,23653.884
2024-08-14 07:07:21,SOLUSDT,ask,170,12963.762
2024-08-14 07:07:27,SOLUSDT,ask,150,11381.828
2024-08-14 07:07:40,SOLUSDT,ask,175,9499.346
2024-08-14 07:07:40,SOLUSDT,ask,158,20382.441
2024-08-14 07:07:41,SOLUSDT,ask,158,20395.144
2024-08-14 07:07:46,SOLUSDT,ask,200,44953.655
2024-08-14 07:07:53,SOLUSDT,bid,139,11860.109
2024-08-14 07:07:56,SOLUSDT,ask,150,11371.828
2024-08-14 07:08:02,SOLUSDT,bid,105,10286.411
2024-08-14 07:08:04,SOLUSDT,bid,115,25601.938
2024-08-14 07:08:39,SOLUSDT,bid,140,31413.705
2024-08-14 07:08:55,SOLUSDT,ask,160,27001.544
2024-08-14 07:09:16,SOLUSDT,ask,150,11369.205
2024-08-14 07:09:23,SOLUSDT,ask,185,19178.302
2024-08-14 07:09:42,SOLUSDT,bid,105,10277.992
2024-08-14 07:09:43,SOLUSDT,bid,135,27456.543
2024-08-14 07:10:17,SOLUSDT,bid,110,26617.885
2024-08-14 07:11:18,SOLUSDT,bid,140,31434.776
2024-08-14 07:11:46,SOLUSDT,ask,150,11374.205
2024-08-14 07:11:47,SOLUSDT,bid,138,16383.257
2024-08-14 07:11:51,SOLUSDT,ask,160,26817.394
2024-08-14 07:11:51,SOLUSDT,ask,150,11369.205
2024-08-14 07:11:55,SOLUSDT,bid,140,31434.419
2024-08-14 07:11:57,SOLUSDT,bid,140,31434.062
2024-08-14 07:11:58,SOLUSDT,bid,140,31433.705
2024-08-14 07:11:59,SOLUSDT,bid,140,31433.348
2024-08-14 07:12:09,SOLUSDT,ask,160,26697.369
2024-08-14 07:12:44,SOLUSDT,bid,135,27443.754
2024-08-14 07:13:01,SOLUSDT,bid,140,31432.991
2024-08-14 07:13:20,SOLUSDT,bid,135,27443.403
2024-08-14 07:13:31,SOLUSDT,ask,150,11369.704
2024-08-14 07:13:37,SOLUSDT,ask,195,12110.936
2024-08-14 07:13:43,SOLUSDT,ask,200,44956.199
2024-08-14 07:13:56,SOLUSDT,ask,200,44953.655
2024-08-14 07:13:59,SOLUSDT,ask,155,24891.566
2024-08-14 07:14:15,SOLUSDT,ask,150,11369.205
2024-08-14 07:14:16,SOLUSDT,bid,135,27430.948
2024-08-14 07:14:20,SOLUSDT,ask,200,44956.199
2024-08-14 07:14:25,SOLUSDT,bid,139,11859.39
2024-08-14 07:14:38,SOLUSDT,ask,150,11369.294
2024-08-14 07:14:47,SOLUSDT,ask,163,18453.254
2024-08-14 07:15:01,SOLUSDT,ask,175,9501.06
2024-08-14 07:15:06,SOLUSDT,bid,120,21322.379
2024-08-14 07:15:24,SOLUSDT,ask,175,9499.346
2024-08-14 07:15:40,SOLUSDT,ask,175,9501.06
2024-08-14 07:15:41,SOLUSDT,bid,140,31434.419
2024-08-14 07:15:45,SOLUSDT,bid,140,31432.991
2024-08-14 07:15:46,SOLUSDT,ask,210,24916.809
2024-08-14 07:15:54,SOLUSDT,bid,140,31435.133
2024-08-14 07:15:55,SOLUSDT,bid,140,31436.222
2024-08-14 07:16:21,SOLUSDT,ask,150,11369.634
2024-08-14 07:16:30,SOLUSDT,bid,135,27430.748
2024-08-14 07:16:53,SOLUSDT,ask,150,11374.634
2024-08-14 07:17:02,SOLUSDT,ask,200,44953.655
2024-08-14 07:17:33,SOLUSDT,ask,150,11344.634
2024-08-14 07:17:34,SOLUSDT,ask,150,11339.634
2024-08-14 07:17:48,SOLUSDT,ask,350,4123.356
2024-08-14 07:17:57,SOLUSDT,ask,350,4125.9
2024-08-14 07:17:58,SOLUSDT,ask,150,11344.634
2024-08-14 07:17:59,SOLUSDT,ask,150,11339.634
2024-08-14 07:18:05,SOLUSDT,bid,140,31437.222
2024-08-14 07:18:06,SOLUSDT,ask,190,23778.248
2024-08-14 07:18:16,SOLUSDT,ask,350,4123.356
2024-08-14 07:18:23,SOLUSDT,ask,150,11475.44
