2024-08-23 07:00:08,SOLUSDT,ask,147,7905.983
2024-08-23 07:00:15,SOLUSDT,bid,140,8242.562
2024-08-23 07:00:15,SOLUSDT,bid,140,8240.062
2024-08-23 07:01:50,SOLUSDT,ask,180,26845.898
2024-08-23 07:02:00,SOLUSDT,ask,150,26145.638
2024-08-23 07:02:03,SOLUSDT,bid,140,8238.274
2024-08-23 07:02:05,SOLUSDT,bid,140,8238.727
2024-08-23 07:02:27,SOLUSDT,bid,140,8239.441
2024-08-23 07:02:52,SOLUSDT,bid,135,15371.877
2024-08-23 07:02:59,SOLUSDT,ask,149,15975.662
2024-08-23 07:02:59,SOLUSDT,ask,147,7904.834
2024-08-23 07:03:00,SOLUSDT,ask,155,14918.782
2024-08-23 07:03:50,SOLUSDT,ask,147,7901.837
2024-08-23 07:04:08,SOLUSDT,bid,139,7205.582
2024-08-23 07:04:09,SOLUSDT,bid,135,15423.728
2024-08-23 07:04:13,SOLUSDT,ask,148,20999.582
2024-08-23 07:04:15,SOLUSDT,ask,170,12466.666
2024-08-23 07:04:23,SOLUSDT,bid,131,9422.501
2024-08-23 07:04:31,SOLUSDT,ask,148,21271.55
2024-08-23 07:06:02,SOLUSDT,bid,110,25646.259
2024-08-23 07:06:06,SOLUSDT,bid,120,21121.9
2024-08-23 07:06:12,SOLUSDT,bid,130,14566.078
2024-08-23 07:06:55,SOLUSDT,bid,130,14567.616
2024-08-23 07:07:09,SOLUSDT,ask,150,26119.9
2024-08-23 07:07:09,SOLUSDT,ask,163,17775.472
2024-08-23 07:07:09,SOLUSDT,bid,135,15423.69
2024-08-23 07:07:09,SOLUSDT,ask,149,15975.624
2024-08-23 07:08:16,SOLUSDT,ask,156,20188.924
2024-08-23 07:08:26,SOLUSDT,bid,140,8239.581
2024-08-23 07:08:32,SOLUSDT,bid,139,7206.3
2024-08-23 07:08:43,SOLUSDT,ask,147,7900.371
2024-08-23 07:08:54,SOLUSDT,ask,220,12186.211
2024-08-23 07:09:00,SOLUSDT,ask,147,7901.837
2024-08-23 07:09:12,SOLUSDT,bid,140,8245.579
2024-08-23 07:09:17,SOLUSDT,ask,148,21271.466
2024-08-23 07:09:31,SOLUSDT,bid,110,25644.335
2024-08-23 07:09:42,SOLUSDT,bid,115,18588.208
2024-08-23 12:02:03,SOLUSDT,bid,115,18597.158
2024-08-23 12:02:03,SOLUSDT,bid,115,18597.058
2024-08-23 12:02:10,SOLUSDT,bid,140,7168.645
2024-08-23 12:02:50,SOLUSDT,ask,155,13839.163
2024-08-23 12:03:09,SOLUSDT,ask,150,26917.213
2024-08-23 12:03:37,SOLUSDT,ask,152,18830.859
2024-08-23 12:03:38,SOLUSDT,bid,115,18597.058
2024-08-23 12:03:41,SOLUSDT,ask,150,26917.166
2024-08-23 12:03:58,SOLUSDT,bid,115,18597.058
2024-08-23 12:04:02,SOLUSDT,bid,140,7149.788
2024-08-23 12:04:05,SOLUSDT,ask,148,15483.154
2024-08-23 12:04:05,SOLUSDT,ask,150,26916.166
2024-08-23 12:04:05,SOLUSDT,ask,155,13838.163
2024-08-23 12:04:05,SOLUSDT,ask,160,27679.069
2024-08-23 12:04:06,SOLUSDT,bid,140,7149.353
2024-08-23 12:04:12,SOLUSDT,bid,135,14635.128
2024-08-23 12:04:13,SOLUSDT,bid,131,9626.092
2024-08-23 12:04:15,SOLUSDT,bid,115,18597.058
2024-08-23 12:04:16,SOLUSDT,bid,130,16226.287
2024-08-23 12:04:18,SOLUSDT,bid,130,16226.203
2024-08-23 12:04:18,SOLUSDT,bid,130,16226.119
2024-08-23 12:04:18,SOLUSDT,bid,130,16226.035
2024-08-23 12:04:25,SOLUSDT,bid,130,16225.951
2024-08-23 12:04:25,SOLUSDT,bid,130,16225.867
2024-08-23 12:04:50,SOLUSDT,ask,170,12488.623
2024-08-23 12:04:52,SOLUSDT,bid,130,16225.783
2024-08-23 12:04:57,SOLUSDT,bid,130,16225.699
2024-08-23 12:04:57,SOLUSDT,bid,130,16225.615
2024-08-23 12:05:01,SOLUSDT,bid,130,16225.447
2024-08-23 12:05:01,SOLUSDT,bid,130,16225.363
2024-08-23 12:05:01,SOLUSDT,bid,130,16225.279
2024-08-23 12:05:01,SOLUSDT,bid,130,16225.195
2024-08-23 12:05:02,SOLUSDT,bid,130,16225.111
2024-08-23 12:05:02,SOLUSDT,bid,130,16225.027
2024-08-23 12:05:02,SOLUSDT,bid,130,16224.943
2024-08-23 12:05:02,SOLUSDT,bid,130,16224.859
2024-08-23 12:05:05,SOLUSDT,bid,130,16224.775
2024-08-23 12:05:05,SOLUSDT,bid,130,16224.691
2024-08-23 12:05:05,SOLUSDT,bid,130,16224.607
2024-08-23 12:05:05,SOLUSDT,bid,130,16224.523
2024-08-23 12:05:05,SOLUSDT,bid,130,16224.355
2024-08-23 12:05:06,SOLUSDT,bid,130,16224.271
2024-08-23 12:05:18,SOLUSDT,ask,156,20176.082
2024-08-23 12:05:35,SOLUSDT,bid,115,18597.058
2024-08-23 12:05:52,SOLUSDT,ask,150,26916.114
2024-08-23 12:05:56,SOLUSDT,bid,115,18597.058
2024-08-23 12:06:17,SOLUSDT,bid,115,18597.058
2024-08-23 12:06:54,SOLUSDT,ask,160,27679.137
2024-08-23 12:07:01,SOLUSDT,bid,140,7149.267
2024-08-23 12:07:01,SOLUSDT,ask,150,26916.028
2024-08-23 12:07:22,SOLUSDT,bid,130,16224.195
2024-08-23 12:07:41,SOLUSDT,bid,100,27144.812
2024-08-23 12:07:42,SOLUSDT,ask,160,27672.111
2024-08-23 12:07:47,SOLUSDT,ask,150,26906.028
2024-08-23 12:07:52,SOLUSDT,ask,185,15931.811
2024-08-23 12:08:05,SOLUSDT,ask,148,15476.019
2024-08-23 12:08:30,SOLUSDT,bid,110,23929.719
2024-08-23 12:08:31,SOLUSDT,bid,120,20796.126
2024-08-23 12:08:32,SOLUSDT,ask,149,15745.258
2024-08-23 12:08:32,SOLUSDT,bid,130,16223.195
2024-08-23 12:08:34,SOLUSDT,ask,155,13837.348
2024-08-23 12:08:37,SOLUSDT,ask,185,15930.811
2024-08-23 12:08:47,SOLUSDT,ask,148,15483.045
2024-08-23 12:08:51,SOLUSDT,ask,155,13837.448
2024-08-23 12:08:59,SOLUSDT,ask,155,13838.263
2024-08-23 12:08:59,SOLUSDT,ask,150,26905.928
2024-08-23 12:09:00,SOLUSDT,ask,156,20176.182
2024-08-23 12:09:19,SOLUSDT,ask,150,26904.891
2024-08-23 12:09:23,SOLUSDT,ask,149,15750.477
2024-08-23 12:09:25,SOLUSDT,ask,150,26897.857
2024-08-23 12:09:26,SOLUSDT,ask,158,19780.37
2024-08-23 12:09:35,SOLUSDT,ask,155,13844.263
2024-08-23 12:09:40,SOLUSDT,ask,155,13838.263
2024-08-23 12:09:43,SOLUSDT,bid,135,14635.082
2024-08-23 12:09:47,SOLUSDT,ask,160,27672.211
2024-08-23 12:10:30,SOLUSDT,ask,170,12488.723
2024-08-23 12:10:48,SOLUSDT,ask,210,25659.931
2024-08-23 12:10:58,SOLUSDT,ask,150,26898.894
2024-08-23 12:11:11,SOLUSDT,ask,149,15758.847
2024-08-23 12:11:13,SOLUSDT,ask,150,26866.54
2024-08-23 12:11:13,SOLUSDT,ask,150,26861.04
2024-08-23 12:11:17,SOLUSDT,ask,149,15757.114
2024-08-23 12:11:17,SOLUSDT,ask,150,26862.773
2024-08-23 12:11:19,SOLUSDT,ask,149,15748.744
2024-08-23 12:11:46,SOLUSDT,ask,148,15482.149
2024-08-23 12:11:57,SOLUSDT,ask,148,15479.503
2024-08-23 12:12:06,SOLUSDT,ask,150,26856.074
2024-08-23 12:12:32,SOLUSDT,ask,185,15929.184
2024-08-23 12:12:37,SOLUSDT,ask,210,25663.115
2024-08-23 12:12:43,SOLUSDT,bid,131,9617.52
2024-08-23 12:12:47,SOLUSDT,bid,100,27141.785
2024-08-23 12:12:49,SOLUSDT,bid,120,20771.91
2024-08-23 12:12:58,SOLUSDT,ask,150,26855.988
2024-08-23 12:13:12,SOLUSDT,ask,180,26912.679
2024-08-23 12:13:23,SOLUSDT,ask,148,15480.399
2024-08-23 12:13:23,SOLUSDT,ask,151,20435.116
2024-08-23 12:13:26,SOLUSDT,bid,140,7217.883
2024-08-23 12:13:27,SOLUSDT,ask,148,15482.026
2024-08-23 12:13:34,SOLUSDT,ask,150,26855.888
2024-08-23 12:13:36,SOLUSDT,ask,151,20430.635
2024-08-23 12:13:45,SOLUSDT,bid,140,7219.529
2024-08-23 12:13:47,SOLUSDT,ask,148,15486.507
2024-08-23 12:14:02,SOLUSDT,ask,154,17954.397
2024-08-23 12:14:31,SOLUSDT,ask,195,12077.825
2024-08-23 12:14:38,SOLUSDT,ask,148,15487.505
2024-08-23 12:14:40,SOLUSDT,ask,148,15486.507
2024-08-23 12:14:48,SOLUSDT,bid,140,7219.177
2024-08-23 12:14:49,SOLUSDT,ask,148,15487.497
2024-08-23 12:14:55,SOLUSDT,bid,140,7216.626
2024-08-23 12:15:14,SOLUSDT,ask,180,26912.773
2024-08-23 12:15:21,SOLUSDT,ask,150,26853.888
2024-08-23 12:15:24,SOLUSDT,bid,140,7211.401
2024-08-23 12:15:29,SOLUSDT,ask,155,13838.403
2024-08-23 12:15:29,SOLUSDT,ask,150,26854.282
2024-08-23 12:15:30,SOLUSDT,bid,140,7211.046
2024-08-23 12:15:38,SOLUSDT,bid,140,7216.271
2024-08-23 12:15:39,SOLUSDT,bid,120,20770.115
2024-08-23 12:15:43,SOLUSDT,ask,170,12488.623
2024-08-23 12:15:48,SOLUSDT,bid,125,17152.477
2024-08-23 12:15:53,SOLUSDT,ask,148,15486.507
2024-08-23 12:15:58,SOLUSDT,ask,195,12107.228
2024-08-23 12:16:20,SOLUSDT,ask,170,12488.891
2024-08-23 12:16:53,SOLUSDT,ask,148,15483.692
2024-08-23 12:16:54,SOLUSDT,bid,110,23929.37
2024-08-23 12:17:02,SOLUSDT,ask,150,26854.362
2024-08-23 12:17:12,SOLUSDT,ask,600,3051.661
2024-08-23 12:18:06,SOLUSDT,ask,150,26847.34
2024-08-23 12:18:07,SOLUSDT,ask,150,26847.407
2024-08-23 12:18:10,SOLUSDT,bid,130,16219.201
2024-08-23 12:18:12,SOLUSDT,bid,120,20765.789
2024-08-23 12:18:13,SOLUSDT,bid,110,23924.649
2024-08-23 12:18:14,SOLUSDT,bid,100,27136.592
2024-08-23 12:18:19,SOLUSDT,ask,149,15749.744
2024-08-23 12:18:22,SOLUSDT,ask,180,26959.669
2024-08-23 12:18:44,SOLUSDT,ask,148,15485.69
2024-08-23 12:18:47,SOLUSDT,ask,154,17953.428
2024-08-23 12:18:49,SOLUSDT,ask,149,15746.678
2024-08-23 12:18:51,SOLUSDT,ask,150,26854.254
2024-08-23 12:19:06,SOLUSDT,ask,148,15495.69
2024-08-23 12:19:16,SOLUSDT,ask,149,15756.678
2024-08-23 12:19:18,SOLUSDT,ask,148,15496.967
2024-08-23 12:19:34,SOLUSDT,ask,260,7218.669
2024-08-23 12:19:37,SOLUSDT,ask,150,26861.254
2024-08-23 12:19:39,SOLUSDT,ask,152,18831.307
2024-08-23 12:19:46,SOLUSDT,ask,148,15497.07
2024-08-23 12:20:24,SOLUSDT,ask,150,26851.264
2024-08-23 12:20:44,SOLUSDT,ask,148,15453.875
2024-08-23 12:20:46,SOLUSDT,ask,160,27669.265
2024-08-23 12:20:47,SOLUSDT,ask,150,26851.082
2024-08-23 12:20:58,SOLUSDT,ask,152,18831.489
2024-08-23 12:21:02,SOLUSDT,ask,148,15453.944
2024-08-23 12:21:11,SOLUSDT,ask,160,27680.044
2024-08-23 12:21:28,SOLUSDT,ask,165,16309.608
2024-08-23 12:21:28,SOLUSDT,ask,148,13413.126
2024-08-23 12:21:34,SOLUSDT,ask,156,20163.807
2024-08-23 12:21:35,SOLUSDT,ask,175,7512.619
2024-08-23 12:21:39,SOLUSDT,ask,150,26844.236
2024-08-23 12:21:40,SOLUSDT,ask,152,18831.307
2024-08-23 12:21:43,SOLUSDT,ask,150,26838.078
2024-08-23 12:21:49,SOLUSDT,bid,130,16212.104
2024-08-23 12:21:50,SOLUSDT,ask,148,13425.501
2024-08-23 12:21:52,SOLUSDT,ask,150,26863.716
2024-08-23 12:22:01,SOLUSDT,ask,148,13423.604
2024-08-23 12:22:03,SOLUSDT,ask,148,13430.45
2024-08-23 12:22:06,SOLUSDT,ask,150,26863.761
2024-08-23 12:22:26,SOLUSDT,ask,148,13429.637
2024-08-23 12:22:33,SOLUSDT,ask,148,13429.069
2024-08-23 12:22:34,SOLUSDT,bid,115,18585.297
2024-08-23 12:22:35,SOLUSDT,ask,160,27681.416
2024-08-23 12:22:41,SOLUSDT,ask,148,13429.38
2024-08-23 12:23:00,SOLUSDT,ask,175,7514.227
2024-08-23 12:23:09,SOLUSDT,bid,135,14634.414
2024-08-23 12:23:12,SOLUSDT,ask,148,13429.948
2024-08-23 12:23:17,SOLUSDT,ask,165,16309.711
2024-08-23 12:23:19,SOLUSDT,ask,150,26863.725
2024-08-23 12:23:40,SOLUSDT,bid,120,20763.789
2024-08-23 12:23:41,SOLUSDT,ask,150,26863.843
2024-08-23 12:23:41,SOLUSDT,ask,160,27681.298
2024-08-23 12:23:57,SOLUSDT,ask,160,27680.955
2024-08-23 12:23:58,SOLUSDT,ask,152,18831.266
2024-08-23 12:24:08,SOLUSDT,ask,150,26856.996
2024-08-23 12:24:18,SOLUSDT,ask,148,13428.327
2024-08-23 12:24:24,SOLUSDT,ask,150,26831.358
2024-08-23 12:24:28,SOLUSDT,ask,165,16309.893
2024-08-23 12:24:30,SOLUSDT,ask,163,17610.588
2024-08-23 12:24:30,SOLUSDT,ask,600,3174.921
2024-08-23 12:24:36,SOLUSDT,ask,151,20430.356
2024-08-23 12:24:44,SOLUSDT,ask,165,16309.711
2024-08-23 12:24:49,SOLUSDT,ask,152,18831.545
2024-08-23 12:24:55,SOLUSDT,ask,151,20437.203
2024-08-23 12:25:18,SOLUSDT,ask,148,13429.116
2024-08-23 12:25:34,SOLUSDT,ask,200,46443.956
2024-08-23 12:25:35,SOLUSDT,bid,100,27146.977
2024-08-23 12:25:38,SOLUSDT,ask,150,26829.77
2024-08-23 12:25:39,SOLUSDT,bid,125,17160.785
2024-08-23 12:25:42,SOLUSDT,ask,154,17953.61
2024-08-23 12:25:43,SOLUSDT,ask,200,46444.062
2024-08-23 12:25:46,SOLUSDT,ask,148,13432.116
2024-08-23 12:25:48,SOLUSDT,ask,150,26829.31
2024-08-23 12:25:50,SOLUSDT,ask,148,13432.154
2024-08-23 12:25:55,SOLUSDT,bid,100,27196.977
2024-08-23 12:26:04,SOLUSDT,ask,150,26828.608
2024-08-23 12:26:46,SOLUSDT,ask,200,46455.387
2024-08-23 12:26:50,SOLUSDT,ask,180,26959.717
2024-08-23 12:26:50,SOLUSDT,bid,110,23924.697
2024-08-23 12:27:11,SOLUSDT,ask,152,18830.221
2024-08-23 12:27:15,SOLUSDT,ask,160,27682.543
2024-08-23 12:27:22,SOLUSDT,ask,150,26912.775
2024-08-23 12:27:47,SOLUSDT,bid,100,27195.977
2024-08-23 12:27:49,SOLUSDT,ask,155,13844.31
2024-08-23 12:27:54,SOLUSDT,ask,165,16261.97
2024-08-23 12:27:57,SOLUSDT,bid,110,23923.697
2024-08-23 12:27:59,SOLUSDT,bid,115,18584.297
2024-08-23 12:28:03,SOLUSDT,ask,148,13428.623
2024-08-23 12:28:03,SOLUSDT,ask,148,13416.857
2024-08-23 12:28:04,SOLUSDT,ask,148,13413.354
2024-08-23 12:28:05,SOLUSDT,ask,154,17953.428
2024-08-23 12:28:07,SOLUSDT,bid,120,20762.789
2024-08-23 12:28:13,SOLUSDT,bid,125,17159.785
2024-08-23 12:28:16,SOLUSDT,bid,130,16211.104
2024-08-23 12:28:41,SOLUSDT,ask,148,13413.699
2024-08-23 12:28:42,SOLUSDT,ask,148,13412.674
2024-08-23 12:28:46,SOLUSDT,ask,150,26934.775
2024-08-23 12:28:54,SOLUSDT,ask,152,18840.301
2024-08-23 12:28:56,SOLUSDT,ask,150,26932.408
2024-08-23 12:29:10,SOLUSDT,ask,150,26931.396
2024-08-23 12:29:11,SOLUSDT,bid,140,7370.752
2024-08-23 12:29:19,SOLUSDT,bid,125,17158.785
2024-08-23 12:29:19,SOLUSDT,ask,165,16256.977
2024-08-23 12:29:32,SOLUSDT,ask,160,27671.764
2024-08-23 12:29:36,SOLUSDT,bid,140,7375.37
2024-08-23 12:29:40,SOLUSDT,ask,148,13414.82
2024-08-23 12:29:47,SOLUSDT,ask,148,13414.39
2024-08-23 12:29:49,SOLUSDT,ask,155,13840.289
2024-08-23 12:29:51,SOLUSDT,bid,120,20752.789
2024-08-23 12:29:53,SOLUSDT,ask,151,20430.356
2024-08-23 12:29:59,SOLUSDT,ask,158,19783.37
2024-08-23 12:30:07,SOLUSDT,bid,135,14635.898
2024-08-23 12:30:08,SOLUSDT,bid,130,16213.653
2024-08-23 12:30:13,SOLUSDT,ask,151,20435.349
2024-08-23 12:30:13,SOLUSDT,ask,150,26930.719
2024-08-23 12:30:17,SOLUSDT,bid,115,18584.202
2024-08-23 12:30:19,SOLUSDT,bid,140,7365.37
2024-08-23 12:30:22,SOLUSDT,ask,152,18835.306
2024-08-23 12:30:42,SOLUSDT,bid,130,16213.569
2024-08-23 12:30:47,SOLUSDT,ask,148,13549.989
2024-08-23 12:31:07,SOLUSDT,ask,148,13549.58
2024-08-23 12:31:31,SOLUSDT,ask,156,20182.998
2024-08-23 12:31:44,SOLUSDT,ask,155,13839.072
2024-08-23 12:31:47,SOLUSDT,bid,140,7367.37
2024-08-23 12:31:52,SOLUSDT,ask,156,20180.869
2024-08-23 12:31:54,SOLUSDT,bid,140,7367.68
2024-08-23 12:32:03,SOLUSDT,ask,200,46450.169
2024-08-23 12:32:05,SOLUSDT,ask,155,13842.972
2024-08-23 12:32:14,SOLUSDT,ask,150,26921.685
2024-08-23 12:32:23,SOLUSDT,ask,200,46455.284
2024-08-23 12:32:35,SOLUSDT,bid,140,7370.539
2024-08-23 12:32:42,SOLUSDT,ask,155,13842.937
2024-08-23 12:32:50,SOLUSDT,ask,155,13837.03
2024-08-23 12:32:53,SOLUSDT,bid,135,14635.824
2024-08-23 12:32:54,SOLUSDT,ask,149,15749.403
2024-08-23 12:33:05,SOLUSDT,ask,150,26927.592
2024-08-23 12:33:05,SOLUSDT,bid,140,7369.626
2024-08-23 12:33:05,SOLUSDT,ask,150,26926.679
2024-08-23 12:33:06,SOLUSDT,ask,170,12487.133
2024-08-23 12:33:06,SOLUSDT,ask,149,15748.657
2024-08-23 12:33:21,SOLUSDT,ask,150,26931.997
2024-08-23 12:33:23,SOLUSDT,ask,148,13542.734
2024-08-23 12:33:47,SOLUSDT,ask,152,18836.948
2024-08-23 12:33:47,SOLUSDT,bid,140,7368.85
2024-08-23 12:33:50,SOLUSDT,ask,155,13837.977
2024-08-23 12:33:51,SOLUSDT,ask,150,26932.038
2024-08-23 12:33:51,SOLUSDT,ask,150,26938.884
2024-08-23 12:33:55,SOLUSDT,ask,150,26908.214
2024-08-23 12:33:55,SOLUSDT,ask,175,7579.153
2024-08-23 12:33:55,SOLUSDT,ask,160,27670.874
2024-08-23 12:34:05,SOLUSDT,ask,150,26909.912
2024-08-23 12:34:20,SOLUSDT,bid,140,7368.902
2024-08-23 12:34:21,SOLUSDT,ask,190,22277.208
2024-08-23 12:34:35,SOLUSDT,ask,149,15748.157
2024-08-23 12:34:44,SOLUSDT,ask,152,18838.624
2024-08-23 12:34:50,SOLUSDT,ask,165,16255.335
2024-08-23 12:34:55,SOLUSDT,ask,150,26909.34
2024-08-23 12:34:56,SOLUSDT,ask,148,13539.39
2024-08-23 12:35:06,SOLUSDT,ask,148,13539.801
2024-08-23 12:35:06,SOLUSDT,ask,154,17955.07
2024-08-23 12:35:13,SOLUSDT,ask,158,19783.942
2024-08-23 12:35:27,SOLUSDT,ask,151,20434.038
2024-08-23 12:35:30,SOLUSDT,ask,148,13539.498
2024-08-23 12:35:32,SOLUSDT,ask,152,18711.574
2024-08-23 12:35:36,SOLUSDT,bid,130,17324.367
2024-08-23 12:35:40,SOLUSDT,ask,152,18772.346
2024-08-23 12:35:44,SOLUSDT,bid,115,19839.888
2024-08-23 12:35:50,SOLUSDT,ask,150,26908.659
2024-08-23 12:35:54,SOLUSDT,ask,180,26963.829
2024-08-23 12:35:59,SOLUSDT,ask,152,18774.267
2024-08-23 12:35:59,SOLUSDT,ask,148,13544.498
2024-08-23 12:35:59,SOLUSDT,ask,150,26908.962
2024-08-23 12:36:17,SOLUSDT,ask,148,13549.498
2024-08-23 12:36:17,SOLUSDT,ask,152,18772.346
2024-08-23 12:36:18,SOLUSDT,bid,140,7354.039
2024-08-23 12:36:21,SOLUSDT,ask,155,13839.625
2024-08-23 12:36:30,SOLUSDT,ask,152,18773.326
2024-08-23 12:36:31,SOLUSDT,ask,170,12480.125
2024-08-23 12:36:51,SOLUSDT,ask,154,17958.867
2024-08-23 12:37:06,SOLUSDT,bid,131,9621.735
2024-08-23 12:37:12,SOLUSDT,ask,148,13549.46
2024-08-23 12:37:23,SOLUSDT,ask,150,26909.102
2024-08-23 12:37:36,SOLUSDT,ask,150,26905.839
2024-08-23 12:37:39,SOLUSDT,ask,155,13839.572
2024-08-23 12:37:55,SOLUSDT,bid,130,17316.675
2024-08-23 12:37:56,SOLUSDT,ask,148,13550.46
2024-08-23 12:38:15,SOLUSDT,bid,140,7354.896
2024-08-23 12:38:24,SOLUSDT,ask,175,7526.378
2024-08-23 12:38:40,SOLUSDT,ask,185,15933.005
2024-08-23 12:38:48,SOLUSDT,ask,148,13500.46
2024-08-23 12:38:55,SOLUSDT,bid,110,23661.159
2024-08-23 12:38:56,SOLUSDT,ask,180,26959.717
2024-08-23 12:39:02,SOLUSDT,ask,148,13509.734
2024-08-23 12:39:07,SOLUSDT,ask,150,26905.699
2024-08-23 12:39:07,SOLUSDT,ask,180,26959.857
2024-08-23 12:39:16,SOLUSDT,bid,140,7353.846
2024-08-23 12:39:36,SOLUSDT,bid,120,21054.019
2024-08-23 12:39:40,SOLUSDT,ask,148,13508.457
2024-08-23 12:39:49,SOLUSDT,ask,170,12478.038
2024-08-23 12:40:17,SOLUSDT,ask,161,14670.194
2024-08-23 12:40:17,SOLUSDT,ask,180,26967.985
2024-08-23 12:40:35,SOLUSDT,bid,115,18584.202
2024-08-23 12:40:37,SOLUSDT,ask,148,13510.215
2024-08-23 12:40:48,SOLUSDT,bid,140,7355.274
2024-08-23 12:41:10,SOLUSDT,ask,163,17540.729
2024-08-23 12:41:20,SOLUSDT,bid,140,7336.879
2024-08-23 12:41:43,SOLUSDT,ask,148,13510.296
2024-08-23 12:41:45,SOLUSDT,ask,150,26909.15
2024-08-23 12:41:55,SOLUSDT,ask,150,26909.65
2024-08-23 12:42:16,SOLUSDT,ask,170,12385.771
2024-08-23 12:42:21,SOLUSDT,ask,155,13829.572
2024-08-23 12:42:25,SOLUSDT,bid,140,7334.879
2024-08-23 12:42:26,SOLUSDT,bid,140,7335.179
2024-08-23 12:42:27,SOLUSDT,ask,148,13510.53
2024-08-23 12:42:30,SOLUSDT,bid,140,7334.757
2024-08-23 12:42:32,SOLUSDT,ask,180,26963.217
2024-08-23 12:43:00,SOLUSDT,ask,154,17955.615
2024-08-23 12:43:05,SOLUSDT,bid,115,18583.202
2024-08-23 12:43:06,SOLUSDT,ask,152,18768.061
2024-08-23 12:43:10,SOLUSDT,ask,150,26910.95
2024-08-23 12:43:19,SOLUSDT,ask,150,26909.65
2024-08-23 12:43:19,SOLUSDT,ask,165,16255.048
2024-08-23 12:43:37,SOLUSDT,bid,140,7334.457
2024-08-23 12:43:46,SOLUSDT,ask,155,13830.872
2024-08-23 12:43:52,SOLUSDT,bid,140,7334.657
2024-08-23 12:43:55,SOLUSDT,ask,148,13511.043
2024-08-23 12:44:10,SOLUSDT,bid,120,21057.96
2024-08-23 12:44:20,SOLUSDT,ask,148,13509.043
2024-08-23 12:44:23,SOLUSDT,ask,152,18775.387
2024-08-23 12:44:34,SOLUSDT,bid,100,27194.022
2024-08-23 12:44:40,SOLUSDT,ask,150,26861.32
2024-08-23 12:44:42,SOLUSDT,ask,152,18773.061
2024-08-23 12:44:48,SOLUSDT,ask,148,13505.572
2024-08-23 12:44:49,SOLUSDT,ask,149,15796.487
2024-08-23 12:44:53,SOLUSDT,ask,150,26860.944
2024-08-23 12:44:55,SOLUSDT,bid,130,17314.368
2024-08-23 12:45:03,SOLUSDT,ask,160,27671.286
2024-08-23 12:45:17,SOLUSDT,ask,150,26862.544
2024-08-23 12:45:22,SOLUSDT,ask,150,26778.377
2024-08-23 12:45:39,SOLUSDT,ask,165,16365.575
2024-08-23 12:45:41,SOLUSDT,ask,148,13503.508
2024-08-23 12:45:46,SOLUSDT,bid,135,14635.141
2024-08-23 12:45:48,SOLUSDT,ask,149,15795.837
2024-08-23 12:46:02,SOLUSDT,ask,163,17540.767
2024-08-23 12:46:13,SOLUSDT,ask,149,15845.837
2024-08-23 12:46:24,SOLUSDT,ask,190,22276.368
2024-08-23 12:46:25,SOLUSDT,ask,150,26781.848
2024-08-23 12:46:35,SOLUSDT,ask,154,17956.455
2024-08-23 12:46:37,SOLUSDT,ask,150,26780.478
2024-08-23 12:46:47,SOLUSDT,ask,200,46454.054
2024-08-23 12:46:53,SOLUSDT,bid,130,17308.896
2024-08-23 12:46:57,SOLUSDT,ask,148,13503.162
2024-08-23 12:47:16,SOLUSDT,ask,160,27671.786
2024-08-23 12:47:21,SOLUSDT,ask,160,27672.298
2024-08-23 12:47:30,SOLUSDT,ask,148,13522.79
2024-08-23 12:47:44,SOLUSDT,ask,151,20433.501
2024-08-23 12:47:48,SOLUSDT,ask,148,13523.327
2024-08-23 12:48:07,SOLUSDT,ask,155,13831.871
2024-08-23 12:48:11,SOLUSDT,ask,148,13523.677
2024-08-23 12:48:21,SOLUSDT,ask,148,13373.677
2024-08-23 12:48:41,SOLUSDT,bid,140,7334.595
2024-08-23 12:48:45,SOLUSDT,ask,148,13372.677
2024-08-23 12:48:46,SOLUSDT,ask,210,25639.842
2024-08-23 12:48:53,SOLUSDT,bid,125,17158.617
2024-08-23 12:49:15,SOLUSDT,ask,156,20180.487
2024-08-23 12:49:22,SOLUSDT,ask,154,17956.103
2024-08-23 12:49:25,SOLUSDT,bid,111,19157.839
2024-08-23 12:49:43,SOLUSDT,bid,135,14634.841
2024-08-23 12:49:45,SOLUSDT,ask,150,26780.929
2024-08-23 12:49:51,SOLUSDT,bid,140,7336.595
2024-08-23 12:49:52,SOLUSDT,bid,130,17318.896
2024-08-23 12:49:58,SOLUSDT,ask,151,20433.727
2024-08-23 12:50:04,SOLUSDT,ask,150,26779.93
2024-08-23 12:50:06,SOLUSDT,ask,152,18773.287
2024-08-23 12:50:14,SOLUSDT,ask,210,25638.727
2024-08-23 12:50:17,SOLUSDT,ask,148,13357.692
2024-08-23 12:50:24,SOLUSDT,bid,135,14634.77
2024-08-23 12:50:24,SOLUSDT,ask,150,26779.866
2024-08-23 12:50:50,SOLUSDT,bid,140,7338.13
2024-08-23 12:50:53,SOLUSDT,ask,149,67254.318
2024-08-23 12:50:53,SOLUSDT,ask,151,20433.781
2024-08-23 12:50:57,SOLUSDT,bid,140,7338.188
2024-08-23 12:51:13,SOLUSDT,ask,148,13366.677
2024-08-23 12:51:23,SOLUSDT,bid,130,16570.147
2024-08-23 12:51:31,SOLUSDT,ask,148,13369.105
2024-08-23 12:51:36,SOLUSDT,ask,160,27672.135
2024-08-23 12:52:07,SOLUSDT,ask,150,26779.908
2024-08-23 12:52:16,SOLUSDT,ask,150,26780.908
2024-08-23 12:52:17,SOLUSDT,bid,125,17150.617
2024-08-23 12:52:17,SOLUSDT,ask,190,22278.245
2024-08-23 12:52:29,SOLUSDT,ask,150,26780.283
2024-08-23 12:52:29,SOLUSDT,ask,161,14600.194
2024-08-23 12:52:33,SOLUSDT,ask,148,13368.756
2024-08-23 12:52:34,SOLUSDT,bid,135,14634.57
2024-08-23 12:52:34,SOLUSDT,bid,125,17150.417
2024-08-23 12:52:34,SOLUSDT,bid,115,18582.802
2024-08-23 12:52:45,SOLUSDT,ask,152,18773.872
2024-08-23 12:52:48,SOLUSDT,ask,148,13268.756
2024-08-23 12:52:49,SOLUSDT,ask,150,26779.962
2024-08-23 12:52:51,SOLUSDT,bid,135,14634.791
2024-08-23 12:52:51,SOLUSDT,ask,149,15846.337
2024-08-23 12:52:51,SOLUSDT,bid,140,7338.288
2024-08-23 12:52:58,SOLUSDT,ask,185,16003.005
2024-08-23 12:53:14,SOLUSDT,ask,148,13318.756
2024-08-23 12:53:17,SOLUSDT,ask,151,20434.781
2024-08-23 12:53:38,SOLUSDT,ask,148,13315.276
2024-08-23 12:53:43,SOLUSDT,ask,200,44776.963
2024-08-23 12:53:46,SOLUSDT,ask,150,26778.034
2024-08-23 12:54:02,SOLUSDT,ask,148,13421.981
2024-08-23 12:54:14,SOLUSDT,ask,148,13422.081
2024-08-23 12:54:17,SOLUSDT,ask,148,13227.83
2024-08-23 12:54:27,SOLUSDT,ask,160,27672.316
2024-08-23 12:54:48,SOLUSDT,ask,150,28818.852
2024-08-23 12:54:51,SOLUSDT,ask,155,13832.871
2024-08-23 12:55:02,SOLUSDT,ask,148,13231.854
2024-08-23 12:55:11,SOLUSDT,bid,131,9583.568
2024-08-23 12:55:15,SOLUSDT,bid,80,26288.13
2024-08-23 12:55:21,SOLUSDT,ask,148,13266.819
2024-08-23 12:55:22,SOLUSDT,ask,149,67244.311
2024-08-23 12:55:44,SOLUSDT,ask,160,27672.135
2024-08-23 12:55:48,SOLUSDT,ask,149,15726.467
2024-08-23 12:55:55,SOLUSDT,bid,135,14634.937
2024-08-23 12:55:56,SOLUSDT,bid,135,14634.849
2024-08-23 12:55:59,SOLUSDT,ask,154,17961.103
2024-08-23 12:56:02,SOLUSDT,bid,140,7338.085
2024-08-23 12:56:06,SOLUSDT,ask,155,13837.871
2024-08-23 12:56:27,SOLUSDT,bid,140,7336.937
2024-08-23 12:56:30,SOLUSDT,bid,115,18580.455
2024-08-23 12:56:42,SOLUSDT,ask,150,28819.852
2024-08-23 12:56:45,SOLUSDT,ask,155,13835.281
2024-08-23 12:56:45,SOLUSDT,ask,148,13264.821
2024-08-23 12:56:47,SOLUSDT,ask,150,28700.33
2024-08-23 12:56:48,SOLUSDT,ask,148,13243.816
2024-08-23 12:56:49,SOLUSDT,ask,170,12386.279
2024-08-23 12:56:54,SOLUSDT,ask,150,28699.783
2024-08-23 12:56:56,SOLUSDT,bid,140,7338.171
2024-08-23 12:57:00,SOLUSDT,ask,152,18759.105
2024-08-23 12:57:01,SOLUSDT,ask,160,27673.552
2024-08-23 12:57:05,SOLUSDT,ask,250,18538.892
2024-08-23 12:57:14,SOLUSDT,ask,148,13243.191
2024-08-23 12:57:16,SOLUSDT,ask,170,12385.653
2024-08-23 12:57:20,SOLUSDT,ask,185,16000.13
2024-08-23 12:57:35,SOLUSDT,ask,160,27640.01
2024-08-23 12:57:40,SOLUSDT,ask,185,16008.002
2024-08-23 12:57:48,SOLUSDT,bid,130,16677.839
2024-08-23 12:57:48,SOLUSDT,ask,150,28699.274
2024-08-23 12:57:48,SOLUSDT,ask,151,20427.926
2024-08-23 12:57:54,SOLUSDT,ask,195,12101.228
2024-08-23 12:58:16,SOLUSDT,bid,120,21038.719
2024-08-23 12:58:18,SOLUSDT,ask,149,15761.195
2024-08-23 12:58:20,SOLUSDT,ask,152,19401.009
2024-08-23 12:58:25,SOLUSDT,ask,150,28699.312
2024-08-23 12:58:25,SOLUSDT,bid,140,7338.209
2024-08-23 12:58:31,SOLUSDT,ask,195,12102.6
2024-08-23 12:58:34,SOLUSDT,ask,150,28695.012
2024-08-23 12:58:36,SOLUSDT,ask,151,20431.346
2024-08-23 12:58:39,SOLUSDT,ask,152,19393.713
2024-08-23 12:58:41,SOLUSDT,ask,155,13827.984
2024-08-23 12:58:45,SOLUSDT,ask,148,13243.58
2024-08-23 12:58:53,SOLUSDT,ask,148,13243.191
2024-08-23 12:58:54,SOLUSDT,ask,250,18538.526
2024-08-23 12:58:56,SOLUSDT,ask,180,26963.186
2024-08-23 12:58:59,SOLUSDT,ask,246,5086.248
2024-08-23 12:59:02,SOLUSDT,ask,150,28694.974
2024-08-23 12:59:17,SOLUSDT,bid,140,7335.444
2024-08-23 12:59:20,SOLUSDT,bid,140,7338.608
2024-08-23 12:59:27,SOLUSDT,bid,135,14635.014
2024-08-23 12:59:28,SOLUSDT,ask,150,28667.002
2024-08-23 12:59:47,SOLUSDT,bid,140,7337.894
2024-08-23 13:00:08,SOLUSDT,ask,170,12385.62
2024-08-23 13:00:19,SOLUSDT,ask,148,13229.227
2024-08-23 13:00:21,SOLUSDT,ask,148,13222.322
2024-08-23 13:00:28,SOLUSDT,ask,150,28661.93
2024-08-23 13:00:46,SOLUSDT,ask,200,44776.847
2024-08-23 13:00:49,SOLUSDT,ask,155,13817.994
2024-08-23 13:00:54,SOLUSDT,ask,180,26963.302
2024-08-23 13:01:04,SOLUSDT,ask,158,19793.932
2024-08-23 13:01:17,SOLUSDT,bid,140,7417.29
2024-08-23 13:01:18,SOLUSDT,ask,150,28662.388
2024-08-23 13:01:23,SOLUSDT,ask,148,13257.322
2024-08-23 13:01:51,SOLUSDT,ask,200,44777.116
2024-08-23 13:01:58,SOLUSDT,ask,148,13249.33
2024-08-23 13:02:02,SOLUSDT,bid,130,16655.433
2024-08-23 13:02:06,SOLUSDT,bid,140,7413.559
2024-08-23 13:02:07,SOLUSDT,bid,140,7414.367
2024-08-23 13:02:09,SOLUSDT,bid,120,21038.431
2024-08-23 13:02:17,SOLUSDT,ask,155,13817.487
2024-08-23 13:02:22,SOLUSDT,bid,140,7413.953
2024-08-23 13:02:43,SOLUSDT,bid,110,23654.769
2024-08-23 13:02:46,SOLUSDT,bid,140,7416.095
2024-08-23 13:02:57,SOLUSDT,bid,140,7416.295
2024-08-23 13:03:03,SOLUSDT,bid,110,23659.314
2024-08-23 13:03:11,SOLUSDT,ask,400,4725.344
2024-08-23 13:03:13,SOLUSDT,bid,100,27199.022
2024-08-23 13:03:53,SOLUSDT,bid,140,7414.295
2024-08-23 13:03:59,SOLUSDT,ask,150,28706.388
2024-08-23 13:04:22,SOLUSDT,ask,149,15736.195
2024-08-23 13:05:26,SOLUSDT,ask,152,19393.665
2024-08-23 13:05:26,SOLUSDT,ask,156,20180.439
2024-08-23 13:05:26,SOLUSDT,ask,160,27639.962
2024-08-23 13:05:27,SOLUSDT,ask,180,26963.254
2024-08-23 13:05:27,SOLUSDT,ask,188,11221.582
2024-08-23 13:05:33,SOLUSDT,ask,150,28685.011
2024-08-23 13:05:34,SOLUSDT,ask,175,7526.058
2024-08-23 13:05:39,SOLUSDT,ask,158,19797.15
2024-08-23 13:06:02,SOLUSDT,bid,80,26284.152
2024-08-23 13:06:03,SOLUSDT,ask,149,67269.499
2024-08-23 13:06:03,SOLUSDT,ask,160,29317.053
2024-08-23 13:06:35,SOLUSDT,ask,150,28695.001
2024-08-23 13:06:58,SOLUSDT,ask,158,19793.932
2024-08-23 13:07:12,SOLUSDT,ask,165,16390.526
2024-08-23 13:07:17,SOLUSDT,bid,140,7415.776
2024-08-23 13:07:18,SOLUSDT,bid,80,26159.152
2024-08-23 13:07:39,SOLUSDT,ask,165,16365.575
2024-08-23 13:07:47,SOLUSDT,ask,155,13818.297
2024-08-23 13:07:54,SOLUSDT,ask,158,19818.883
2024-08-23 13:07:54,SOLUSDT,ask,150,28695.037
2024-08-23 13:07:55,SOLUSDT,bid,140,7415.812
2024-08-23 13:08:01,SOLUSDT,ask,152,19393.439
2024-08-23 13:08:21,SOLUSDT,ask,148,13254.04
2024-08-23 13:08:30,SOLUSDT,bid,140,7415.527
2024-08-23 13:08:34,SOLUSDT,ask,165,16366.486
2024-08-23 13:08:46,SOLUSDT,bid,135,14634.959
2024-08-23 13:08:46,SOLUSDT,bid,130,16655.373
2024-08-23 13:08:53,SOLUSDT,ask,148,13253.629
2024-08-23 13:08:59,SOLUSDT,bid,120,20879.571
2024-08-23 13:09:06,SOLUSDT,ask,195,12101.495
2024-08-23 13:09:10,SOLUSDT,bid,140,7382.515
2024-08-23 13:09:15,SOLUSDT,ask,148,13257.625
2024-08-23 13:09:15,SOLUSDT,bid,140,7383.587
2024-08-23 13:09:16,SOLUSDT,ask,170,12385.5
2024-08-23 13:09:19,SOLUSDT,ask,148,13257.661
2024-08-23 13:09:24,SOLUSDT,ask,161,14599.959
2024-08-23 13:09:24,SOLUSDT,bid,140,7387.382
2024-08-23 13:09:25,SOLUSDT,ask,148,13256.489
2024-08-23 13:09:30,SOLUSDT,ask,200,44776.837
2024-08-23 13:09:32,SOLUSDT,ask,180,27038.876
2024-08-23 13:09:45,SOLUSDT,ask,150,28695.157
2024-08-23 13:09:48,SOLUSDT,bid,130,16635.373
2024-08-23 13:10:00,SOLUSDT,bid,110,23489.619
2024-08-23 13:10:09,SOLUSDT,ask,160,29317.867
2024-08-23 13:10:14,SOLUSDT,ask,148,13256.768
2024-08-23 13:10:15,SOLUSDT,bid,140,7523.548
2024-08-23 13:10:22,SOLUSDT,ask,149,67276.479
2024-08-23 13:10:24,SOLUSDT,bid,115,18579.455
2024-08-23 13:10:30,SOLUSDT,ask,150,28695.568
2024-08-23 13:10:44,SOLUSDT,bid,140,7524.015
2024-08-23 13:11:04,SOLUSDT,ask,149,15736.544
2024-08-23 13:11:04,SOLUSDT,ask,149,15736.333
2024-08-23 13:11:11,SOLUSDT,ask,149,67269.499
2024-08-23 13:11:13,SOLUSDT,ask,152,19387.292
2024-08-23 13:11:15,SOLUSDT,ask,151,20430.346
2024-08-23 13:11:16,SOLUSDT,ask,160,27640.776
2024-08-23 13:11:22,SOLUSDT,ask,170,12385.295
2024-08-23 13:11:23,SOLUSDT,ask,155,13817.29
2024-08-23 13:11:24,SOLUSDT,bid,130,16655.373
2024-08-23 13:11:28,SOLUSDT,ask,150,28695.638
2024-08-23 13:11:28,SOLUSDT,ask,175,7525.988
2024-08-23 13:11:30,SOLUSDT,ask,165,16366.902
2024-08-23 13:11:48,SOLUSDT,ask,150,28695.819
2024-08-23 13:12:04,SOLUSDT,ask,155,13819.694
2024-08-23 13:12:05,SOLUSDT,ask,150,28695.699
2024-08-23 13:12:08,SOLUSDT,ask,148,13252.058
2024-08-23 13:12:15,SOLUSDT,bid,131,9568.882
2024-08-23 13:12:22,SOLUSDT,ask,170,12385.883
2024-08-23 13:12:27,SOLUSDT,ask,170,12382.741
2024-08-23 13:12:30,SOLUSDT,bid,130,16654.989
2024-08-23 13:12:51,SOLUSDT,bid,135,14634.663
2024-08-23 13:12:59,SOLUSDT,ask,161,14598.959
2024-08-23 13:13:02,SOLUSDT,ask,163,17539.767
2024-08-23 13:13:06,SOLUSDT,bid,140,7523.015
2024-08-23 13:13:18,SOLUSDT,ask,150,28697.757
2024-08-23 13:13:31,SOLUSDT,bid,110,23489.191
2024-08-23 13:13:54,SOLUSDT,ask,150,28693.757
2024-08-23 13:13:55,SOLUSDT,ask,165,16365.902
2024-08-23 13:13:55,SOLUSDT,ask,148,13251.449
2024-08-23 13:14:04,SOLUSDT,ask,150,28707.465
2024-08-23 13:14:11,SOLUSDT,ask,148,13251.138
2024-08-23 13:14:16,SOLUSDT,bid,140,7521.091
2024-08-23 13:14:22,SOLUSDT,ask,160,27640.839
2024-08-23 13:14:25,SOLUSDT,ask,148,13251.057
2024-08-23 13:15:08,SOLUSDT,ask,149,15745.863
2024-08-23 13:15:16,SOLUSDT,bid,140,7520.072
2024-08-23 13:15:16,SOLUSDT,ask,165,15991.952
2024-08-23 13:15:18,SOLUSDT,bid,110,22716.462
2024-08-23 13:15:30,SOLUSDT,bid,110,22716.187
2024-08-23 13:15:32,SOLUSDT,bid,130,14344.129
2024-08-23 13:15:34,SOLUSDT,bid,130,14295.478
2024-08-23 13:15:37,SOLUSDT,bid,130,14241.127
2024-08-23 13:15:44,SOLUSDT,ask,150,28704.653
2024-08-23 13:16:13,SOLUSDT,ask,150,28706.653
2024-08-23 13:16:22,SOLUSDT,ask,148,13250.69
2024-08-23 13:16:34,SOLUSDT,ask,165,15992.932
2024-08-23 13:16:35,SOLUSDT,ask,148,13250.456
2024-08-23 13:16:50,SOLUSDT,ask,150,28706.615
2024-08-23 13:16:50,SOLUSDT,bid,140,7520.034
2024-08-23 13:16:57,SOLUSDT,ask,149,15572.355
2024-08-23 13:17:03,SOLUSDT,ask,188,11221.54
2024-08-23 13:17:03,SOLUSDT,ask,300,9927.259
2024-08-23 13:17:12,SOLUSDT,ask,150,28706.575
2024-08-23 13:17:13,SOLUSDT,ask,200,44775.491
2024-08-23 13:17:21,SOLUSDT,bid,115,18579.709
2024-08-23 13:17:24,SOLUSDT,bid,135,14634.589
2024-08-23 13:17:35,SOLUSDT,ask,148,13248.665
2024-08-23 13:17:44,SOLUSDT,bid,120,20578.341
2024-08-23 13:17:46,SOLUSDT,ask,155,13820.415
2024-08-23 13:17:46,SOLUSDT,ask,149,15565.104
2024-08-23 13:17:55,SOLUSDT,ask,152,19386.289
2024-08-23 13:17:58,SOLUSDT,ask,155,13818.604
2024-08-23 13:18:11,SOLUSDT,bid,130,16551.987
2024-08-23 13:18:15,SOLUSDT,ask,165,15994.743
2024-08-23 13:18:25,SOLUSDT,ask,180,27041.37
2024-08-23 13:18:27,SOLUSDT,ask,150,28706.524
2024-08-23 13:18:27,SOLUSDT,bid,130,16606.338
2024-08-23 13:18:30,SOLUSDT,bid,140,7572.516
2024-08-23 13:18:32,SOLUSDT,ask,180,27038.876
2024-08-23 13:18:47,SOLUSDT,ask,154,17960.858
2024-08-23 13:18:47,SOLUSDT,ask,200,44775.246
2024-08-23 13:18:47,SOLUSDT,bid,131,9568.637
2024-08-23 13:18:47,SOLUSDT,bid,120,20818.342
2024-08-23 13:18:49,SOLUSDT,ask,180,27041.365
2024-08-23 13:18:51,SOLUSDT,bid,115,18637.09
2024-08-23 13:19:04,SOLUSDT,bid,130,16654.989
2024-08-23 13:19:08,SOLUSDT,ask,180,27038.876
2024-08-23 13:19:30,SOLUSDT,ask,151,20425.404
2024-08-23 13:19:46,SOLUSDT,ask,188,11220.221
2024-08-23 13:19:46,SOLUSDT,ask,160,27640.025
2024-08-23 13:19:53,SOLUSDT,ask,175,7524.006
2024-08-23 13:20:00,SOLUSDT,bid,140,7572.382
2024-08-23 13:20:12,SOLUSDT,ask,188,11221.368
2024-08-23 13:20:21,SOLUSDT,ask,150,28706.474
2024-08-23 13:20:21,SOLUSDT,ask,155,13818.554
2024-08-23 13:20:21,SOLUSDT,ask,160,27639.975
2024-08-23 13:20:29,SOLUSDT,ask,150,28705.475
2024-08-23 13:20:36,SOLUSDT,bid,140,7568.832
2024-08-23 13:20:44,SOLUSDT,bid,135,14638.447
2024-08-23 13:20:44,SOLUSDT,bid,131,9564.779
2024-08-23 13:20:52,SOLUSDT,ask,150,28705.436
2024-08-23 13:21:02,SOLUSDT,bid,100,27089.238
2024-08-23 13:21:02,SOLUSDT,ask,180,26988.279
2024-08-23 13:21:13,SOLUSDT,ask,170,12379.74
2024-08-23 13:21:14,SOLUSDT,ask,210,25643.376
2024-08-23 13:21:17,SOLUSDT,ask,300,9927.298
2024-08-23 13:21:18,SOLUSDT,ask,149,67244.311
2024-08-23 13:21:23,SOLUSDT,ask,154,17957.061
2024-08-23 13:21:26,SOLUSDT,bid,140,7568.613
2024-08-23 13:21:43,SOLUSDT,ask,180,27064.064
2024-08-23 13:21:49,SOLUSDT,ask,150,28705.475
2024-08-23 13:21:58,SOLUSDT,bid,130,16655.028
2024-08-23 13:22:11,SOLUSDT,bid,120,20809.271
2024-08-23 13:22:12,SOLUSDT,ask,151,20415.414
2024-08-23 13:22:19,SOLUSDT,bid,140,7574.571
2024-08-23 13:22:26,SOLUSDT,ask,155,13818.455
2024-08-23 13:22:50,SOLUSDT,ask,180,27064.132
2024-08-23 13:22:50,SOLUSDT,ask,150,28703.3
2024-08-23 13:22:51,SOLUSDT,bid,135,14588.1
2024-08-23 13:22:55,SOLUSDT,ask,149,67244.275
2024-08-23 13:22:58,SOLUSDT,bid,130,16631.917
2024-08-23 13:23:08,SOLUSDT,ask,155,13814.442
2024-08-23 13:23:09,SOLUSDT,ask,148,13246.519
2024-08-23 13:23:11,SOLUSDT,ask,150,28702.301
2024-08-23 13:23:11,SOLUSDT,ask,160,27640.974
2024-08-23 13:23:17,SOLUSDT,ask,152,19378.963
2024-08-23 13:23:32,SOLUSDT,bid,130,16624.22
2024-08-23 13:23:37,SOLUSDT,bid,140,7574.535
2024-08-23 13:23:37,SOLUSDT,ask,150,28702.265
2024-08-23 13:23:37,SOLUSDT,ask,170,12378.74
2024-08-23 13:23:38,SOLUSDT,ask,175,7523.006
2024-08-23 13:23:40,SOLUSDT,ask,180,27063.132
2024-08-23 13:23:42,SOLUSDT,ask,185,16007.002
2024-08-23 13:23:49,SOLUSDT,ask,188,11220.368
2024-08-23 13:23:49,SOLUSDT,ask,150,28701.41
2024-08-23 13:23:56,SOLUSDT,ask,148,13240.431
2024-08-23 13:24:05,SOLUSDT,ask,152,19376.798
2024-08-23 13:24:19,SOLUSDT,ask,152,19369.87
2024-08-23 13:24:43,SOLUSDT,bid,115,18637.09
2024-08-23 13:24:53,SOLUSDT,bid,135,14588.262
2024-08-23 13:25:03,SOLUSDT,bid,115,18637.09
2024-08-23 13:25:07,SOLUSDT,bid,120,20768.496
2024-08-23 13:25:08,SOLUSDT,bid,140,7574.395
2024-08-23 13:25:21,SOLUSDT,ask,600,3051.661
2024-08-23 13:25:23,SOLUSDT,bid,115,18637.09
2024-08-23 13:25:47,SOLUSDT,bid,140,7563.03
2024-08-23 13:25:47,SOLUSDT,ask,149,15533.246
2024-08-23 13:25:57,SOLUSDT,ask,150,28702.678
2024-08-23 13:26:14,SOLUSDT,ask,148,13239.424
2024-08-23 13:26:23,SOLUSDT,ask,150,28703.685
2024-08-23 13:26:47,SOLUSDT,bid,115,18637.09
2024-08-23 13:27:01,SOLUSDT,ask,163,17539.328
2024-08-23 13:27:05,SOLUSDT,ask,148,13244.424
2024-08-23 13:27:06,SOLUSDT,bid,111,19158.74
2024-08-23 13:27:07,SOLUSDT,bid,115,18637.09
2024-08-23 13:27:11,SOLUSDT,ask,148,13239.424
2024-08-23 13:27:27,SOLUSDT,bid,115,18637.09
2024-08-23 13:27:34,SOLUSDT,bid,140,7552.703
2024-08-23 13:27:52,SOLUSDT,bid,130,16623.627
2024-08-23 13:28:01,SOLUSDT,bid,140,7557.703
2024-08-23 13:28:02,SOLUSDT,bid,110,22706.187
2024-08-23 13:28:21,SOLUSDT,bid,80,26147.902
2024-08-23 13:28:27,SOLUSDT,bid,140,7552.703
2024-08-23 13:28:49,SOLUSDT,bid,140,7552.058
2024-08-23 13:29:00,SOLUSDT,ask,195,12105.502
2024-08-23 13:29:00,SOLUSDT,ask,200,44772.612
2024-08-23 13:29:01,SOLUSDT,bid,125,17140.417
2024-08-23 13:29:20,SOLUSDT,ask,200,44775.246
2024-08-23 13:29:44,SOLUSDT,bid,140,7557.058
2024-08-23 13:29:53,SOLUSDT,bid,140,7558.545
2024-08-23 13:30:06,SOLUSDT,bid,140,7562.116
2024-08-23 13:30:18,SOLUSDT,bid,80,26147.798
2024-08-23 13:30:18,SOLUSDT,ask,220,12198.591
2024-08-23 13:30:31,SOLUSDT,ask,155,13813.437
2024-08-23 13:30:56,SOLUSDT,bid,140,7562.83
2024-08-23 13:30:57,SOLUSDT,bid,135,14582.714
2024-08-23 13:30:57,SOLUSDT,bid,115,18637.09
2024-08-23 13:30:58,SOLUSDT,ask,150,28703.277
2024-08-23 13:30:59,SOLUSDT,ask,250,18528.591
2024-08-23 13:31:08,SOLUSDT,ask,200,44775.216
2024-08-23 13:31:16,SOLUSDT,ask,150,28681.277
2024-08-23 13:31:17,SOLUSDT,bid,115,18637.09
2024-08-23 13:31:18,SOLUSDT,bid,140,7563.252
2024-08-23 13:31:20,SOLUSDT,bid,120,20993.496
2024-08-23 13:31:37,SOLUSDT,bid,115,18637.09
2024-08-23 13:31:48,SOLUSDT,ask,148,13236.996
2024-08-23 13:31:55,SOLUSDT,ask,205,10211.717
2024-08-23 13:32:04,SOLUSDT,ask,151,20415.727
2024-08-23 13:32:27,SOLUSDT,ask,148,13223.145
2024-08-23 13:32:56,SOLUSDT,ask,190,22278.287
2024-08-23 13:33:03,SOLUSDT,bid,115,18637.09
2024-08-23 13:33:23,SOLUSDT,bid,115,18637.19
2024-08-23 13:33:23,SOLUSDT,bid,115,18637.09
2024-08-23 13:33:24,SOLUSDT,ask,148,13223.198
2024-08-23 13:33:24,SOLUSDT,bid,140,7566.109
2024-08-23 13:33:25,SOLUSDT,bid,120,20993.563
2024-08-23 13:33:27,SOLUSDT,bid,140,7574.109
2024-08-23 13:33:34,SOLUSDT,bid,140,7576.109
2024-08-23 13:33:43,SOLUSDT,bid,115,18637.09
2024-08-23 13:33:55,SOLUSDT,ask,150,28681.345
2024-08-23 13:34:08,SOLUSDT,bid,140,7573.252
2024-08-23 13:34:20,SOLUSDT,ask,150,28674.311
2024-08-23 13:34:26,SOLUSDT,bid,140,7581.745
2024-08-23 13:34:49,SOLUSDT,ask,188,11220.469
2024-08-23 13:34:52,SOLUSDT,ask,170,12478.69
2024-08-23 13:35:04,SOLUSDT,ask,155,13813.345
2024-08-23 13:35:06,SOLUSDT,ask,152,19369.809
2024-08-23 13:35:08,SOLUSDT,bid,115,18637.09
2024-08-23 13:35:12,SOLUSDT,bid,125,17143.617
2024-08-23 13:35:22,SOLUSDT,ask,150,28445.129
2024-08-23 13:35:28,SOLUSDT,bid,115,18637.09
2024-08-23 13:35:48,SOLUSDT,bid,115,18637.09
2024-08-23 13:35:52,SOLUSDT,ask,150,28444.718
2024-08-23 13:35:55,SOLUSDT,bid,140,7579.745
2024-08-23 13:36:06,SOLUSDT,bid,140,7577.743
2024-08-23 13:36:19,SOLUSDT,ask,195,12105.848
2024-08-23 13:36:36,SOLUSDT,bid,115,18636.09
2024-08-23 13:36:52,SOLUSDT,bid,135,14582.657
2024-08-23 13:36:55,SOLUSDT,ask,150,28443.586
2024-08-23 13:37:12,SOLUSDT,bid,115,18636.09
2024-08-23 13:37:21,SOLUSDT,ask,148,13222.508
2024-08-23 13:37:32,SOLUSDT,bid,115,18636.09
2024-08-23 13:37:35,SOLUSDT,bid,140,7578.1
2024-08-23 13:37:52,SOLUSDT,bid,115,18636.09
2024-08-23 13:38:08,SOLUSDT,ask,156,20180.677
2024-08-23 13:38:08,SOLUSDT,ask,195,12105.502
2024-08-23 13:39:04,SOLUSDT,ask,170,12469.284
2024-08-23 13:39:06,SOLUSDT,bid,130,16622.885
2024-08-23 13:39:08,SOLUSDT,bid,140,7581.882
2024-08-23 13:39:18,SOLUSDT,bid,115,18636.09
2024-08-23 13:39:19,SOLUSDT,ask,180,26987.51
2024-08-23 13:39:29,SOLUSDT,ask,149,15532.986
2024-08-23 13:39:37,SOLUSDT,bid,115,18636.09
2024-08-23 13:39:43,SOLUSDT,bid,140,7576.273
2024-08-23 13:39:52,SOLUSDT,ask,155,13813.954
2024-08-23 13:39:58,SOLUSDT,bid,115,18636.09
2024-08-23 13:40:24,SOLUSDT,bid,140,7577.61
2024-08-23 13:40:53,SOLUSDT,bid,140,7577.103
2024-08-23 13:41:27,SOLUSDT,ask,156,20159.873
2024-08-23 13:41:32,SOLUSDT,bid,130,15512.087
2024-08-23 13:41:40,SOLUSDT,ask,150,28436.92
2024-08-23 13:41:50,SOLUSDT,ask,190,22277.92
2024-08-23 13:41:52,SOLUSDT,ask,170,12469.069
2024-08-23 13:41:53,SOLUSDT,ask,155,13812.917
2024-08-23 13:42:01,SOLUSDT,bid,120,20993.397
2024-08-23 13:42:31,SOLUSDT,bid,144,7103.774
2024-08-23 13:42:32,SOLUSDT,ask,150,28437.322
2024-08-23 13:42:39,SOLUSDT,bid,144,7103.774
2024-08-23 13:42:39,SOLUSDT,bid,125,17142.542
2024-08-23 13:42:48,SOLUSDT,bid,144,7362.631
2024-08-23 13:42:48,SOLUSDT,bid,144,7103.774
2024-08-23 13:42:50,SOLUSDT,bid,140,7576.103
2024-08-23 13:42:55,SOLUSDT,bid,144,7362.631
2024-08-23 13:42:57,SOLUSDT,bid,144,7103.774
2024-08-23 13:42:59,SOLUSDT,bid,144,7362.631
2024-08-23 13:42:59,SOLUSDT,bid,144,7103.774
2024-08-23 13:43:01,SOLUSDT,bid,144,7362.631
2024-08-23 13:43:01,SOLUSDT,bid,144,7103.774
2024-08-23 13:43:02,SOLUSDT,bid,144,7108.774
2024-08-23 13:43:06,SOLUSDT,bid,125,17143.595
2024-08-23 13:43:08,SOLUSDT,bid,144,7067.952
2024-08-23 13:43:08,SOLUSDT,bid,144,7108.752
2024-08-23 13:43:10,SOLUSDT,bid,144,7107.769
2024-08-23 13:43:15,SOLUSDT,ask,148,13222.784
2024-08-23 13:43:18,SOLUSDT,ask,150,28435.322
2024-08-23 13:43:26,SOLUSDT,ask,148,13222.921
2024-08-23 13:43:28,SOLUSDT,bid,144,7148.699
2024-08-23 13:43:39,SOLUSDT,ask,148,13222.025
2024-08-23 13:43:39,SOLUSDT,ask,152,19370.907
2024-08-23 13:44:14,SOLUSDT,ask,149,15534.385
2024-08-23 13:44:25,SOLUSDT,bid,144,7112.476
2024-08-23 13:44:42,SOLUSDT,ask,149,67251.255
2024-08-23 13:44:55,SOLUSDT,ask,149,67244.275
2024-08-23 13:45:02,SOLUSDT,bid,144,7004.322
2024-08-23 13:45:03,SOLUSDT,bid,144,6948.353
2024-08-23 13:45:08,SOLUSDT,bid,140,7583.253
2024-08-23 13:45:09,SOLUSDT,ask,165,15994.786
2024-08-23 13:45:11,SOLUSDT,ask,149,15534.453
2024-08-23 13:45:21,SOLUSDT,ask,150,28435.652
2024-08-23 13:45:30,SOLUSDT,ask,152,19369.946
2024-08-23 13:45:32,SOLUSDT,ask,170,12466.619
2024-08-23 13:45:38,SOLUSDT,ask,195,12105.453
2024-08-23 13:45:40,SOLUSDT,ask,150,28433.654
2024-08-23 13:45:53,SOLUSDT,ask,150,28434.693
2024-08-23 13:46:01,SOLUSDT,ask,160,27574.577
2024-08-23 13:46:21,SOLUSDT,ask,160,27640.974
2024-08-23 13:46:32,SOLUSDT,ask,155,13811.25
2024-08-23 13:46:42,SOLUSDT,ask,150,28434.401
2024-08-23 13:46:52,SOLUSDT,ask,150,28435.157
2024-08-23 13:47:16,SOLUSDT,ask,148,13224.705
2024-08-23 13:47:28,SOLUSDT,ask,150,28436.542
2024-08-23 13:47:36,SOLUSDT,bid,120,20991.806
2024-08-23 13:47:45,SOLUSDT,bid,130,15513.555
2024-08-23 13:48:06,SOLUSDT,ask,148,13225.164
2024-08-23 13:48:08,SOLUSDT,ask,150,28435.742
2024-08-23 13:48:27,SOLUSDT,bid,140,7580.25
2024-08-23 13:48:30,SOLUSDT,ask,152,19368.854
2024-08-23 13:48:52,SOLUSDT,ask,180,26988.31
2024-08-23 13:48:53,SOLUSDT,ask,180,26988.687
2024-08-23 13:49:02,SOLUSDT,bid,140,7582.036
2024-08-23 13:49:03,SOLUSDT,ask,150,28437.75
2024-08-23 13:49:10,SOLUSDT,ask,150,28436.646
2024-08-23 13:49:11,SOLUSDT,ask,149,15537.97
2024-08-23 13:49:46,SOLUSDT,ask,150,28433.26
2024-08-23 13:50:10,SOLUSDT,ask,150,28434.142
2024-08-23 13:50:12,SOLUSDT,ask,148,13210.27
2024-08-23 13:50:16,SOLUSDT,ask,150,28435.184
2024-08-23 13:50:17,SOLUSDT,ask,200,44779.055
2024-08-23 13:50:28,SOLUSDT,ask,160,27640.905
2024-08-23 13:50:37,SOLUSDT,ask,150,28436.178
2024-08-23 13:50:38,SOLUSDT,bid,110,22705.187
2024-08-23 13:50:57,SOLUSDT,bid,140,7582.114
2024-08-23 13:50:58,SOLUSDT,ask,163,17557.241
2024-08-23 13:51:00,SOLUSDT,bid,110,22704.931
2024-08-23 13:51:01,SOLUSDT,ask,165,15994.53
2024-08-23 13:51:10,SOLUSDT,bid,130,15513.516
2024-08-23 13:51:10,SOLUSDT,ask,170,12466.58
2024-08-23 13:51:12,SOLUSDT,ask,150,28435.688
2024-08-23 13:51:26,SOLUSDT,ask,148,13210.208
2024-08-23 13:51:27,SOLUSDT,ask,150,28432.346
2024-08-23 13:51:35,SOLUSDT,ask,190,22278.973
2024-08-23 13:51:35,SOLUSDT,ask,155,13813.219
2024-08-23 13:51:38,SOLUSDT,ask,155,13812.4
2024-08-23 13:51:45,SOLUSDT,ask,150,28431.352
2024-08-23 13:51:45,SOLUSDT,bid,130,15512.515
2024-08-23 13:52:13,SOLUSDT,ask,148,13216.208
2024-08-23 13:52:28,SOLUSDT,ask,150,28433.309
2024-08-23 13:52:35,SOLUSDT,ask,163,17537.707
2024-08-23 13:52:36,SOLUSDT,bid,130,15511.746
2024-08-23 13:52:37,SOLUSDT,bid,140,7581.061
2024-08-23 13:52:42,SOLUSDT,ask,185,16026.536
2024-08-23 13:52:50,SOLUSDT,ask,150,28438.433
2024-08-23 13:52:50,SOLUSDT,ask,152,19366.746
2024-08-23 13:52:53,SOLUSDT,ask,165,15992.591
2024-08-23 13:53:02,SOLUSDT,ask,150,28439.785
2024-08-23 13:53:05,SOLUSDT,ask,155,13805.323
2024-08-23 13:53:08,SOLUSDT,ask,149,15534.453
2024-08-23 13:53:11,SOLUSDT,ask,180,26977.933
2024-08-23 13:53:13,SOLUSDT,ask,163,17538.857
2024-08-23 13:53:15,SOLUSDT,ask,300,9928.298
2024-08-23 13:53:19,SOLUSDT,ask,158,19785.584
2024-08-23 13:53:21,SOLUSDT,bid,140,7580.861
2024-08-23 13:53:33,SOLUSDT,ask,158,19783.584
2024-08-23 13:53:34,SOLUSDT,ask,155,13807.323
2024-08-23 13:53:37,SOLUSDT,ask,158,19816.883
2024-08-23 13:53:46,SOLUSDT,ask,160,27642.905
2024-08-23 13:53:50,SOLUSDT,bid,140,7575.861
2024-08-23 13:53:56,SOLUSDT,ask,150,28435.485
2024-08-23 13:53:57,SOLUSDT,ask,210,25642.226
2024-08-23 13:54:10,SOLUSDT,ask,165,15994.665
2024-08-23 13:54:13,SOLUSDT,ask,151,20416.473
2024-08-23 13:54:16,SOLUSDT,ask,149,15531.453
2024-08-23 13:54:18,SOLUSDT,bid,135,14539.198
2024-08-23 13:54:23,SOLUSDT,ask,149,15529.953
2024-08-23 13:54:27,SOLUSDT,ask,155,13814.323
2024-08-23 13:54:29,SOLUSDT,ask,148,13214.708
2024-08-23 13:54:46,SOLUSDT,bid,140,7576.396
2024-08-23 13:54:55,SOLUSDT,bid,140,7569.229
2024-08-23 13:55:12,SOLUSDT,bid,140,7570.229
2024-08-23 13:55:14,SOLUSDT,bid,140,7568.801
2024-08-23 13:55:23,SOLUSDT,ask,165,15996.087
2024-08-23 13:55:26,SOLUSDT,ask,155,13814.232
2024-08-23 13:55:46,SOLUSDT,ask,150,28445.485
2024-08-23 13:55:55,SOLUSDT,ask,148,13213.214
2024-08-23 13:55:55,SOLUSDT,ask,150,28446.979
2024-08-23 13:56:07,SOLUSDT,ask,148,13208.55
2024-08-23 13:56:13,SOLUSDT,ask,152,19376.08
2024-08-23 13:56:19,SOLUSDT,ask,149,15528.953
2024-08-23 13:56:21,SOLUSDT,ask,150,28442.061
2024-08-23 13:56:30,SOLUSDT,ask,190,22268.983
2024-08-23 13:56:34,SOLUSDT,ask,150,28418.633
2024-08-23 13:56:41,SOLUSDT,ask,150,28428.623
2024-08-23 13:56:42,SOLUSDT,ask,150,28428.775
2024-08-23 13:56:43,SOLUSDT,bid,135,14541.198
2024-08-23 13:56:51,SOLUSDT,ask,148,13194.814
2024-08-23 13:56:52,SOLUSDT,ask,152,19377.08
2024-08-23 13:56:59,SOLUSDT,bid,140,7573.917
2024-08-23 13:57:00,SOLUSDT,ask,148,13204.814
2024-08-23 13:57:00,SOLUSDT,ask,161,14599.214
2024-08-23 13:57:22,SOLUSDT,ask,148,13199.784
2024-08-23 13:57:24,SOLUSDT,ask,150,28429.456
2024-08-23 13:57:45,SOLUSDT,ask,148,13225.037
2024-08-23 13:57:52,SOLUSDT,ask,151,20419.99
2024-08-23 13:58:12,SOLUSDT,ask,156,20157.286
2024-08-23 13:58:13,SOLUSDT,ask,165,16006.08
2024-08-23 13:58:20,SOLUSDT,ask,150,28428.448
2024-08-23 13:58:37,SOLUSDT,ask,152,19375.118
2024-08-23 13:58:37,SOLUSDT,ask,148,13225.271
2024-08-23 13:58:48,SOLUSDT,bid,140,7573.73
2024-08-23 13:58:56,SOLUSDT,ask,149,15547.892
2024-08-23 13:58:56,SOLUSDT,bid,140,7574.536
2024-08-23 13:59:06,SOLUSDT,bid,110,22702.138
2024-08-23 13:59:31,SOLUSDT,ask,155,13816.75
2024-08-23 13:59:31,SOLUSDT,ask,150,28427.704
2024-08-23 13:59:47,SOLUSDT,ask,150,28441.909
2024-08-23 13:59:48,SOLUSDT,ask,190,22299.033
2024-08-23 13:59:55,SOLUSDT,ask,150,28443.006
2024-08-23 13:59:55,SOLUSDT,ask,155,13815.653
2024-08-23 13:59:57,SOLUSDT,ask,149,67244.224
2024-08-23 14:00:09,SOLUSDT,ask,155,13813.135
2024-08-23 14:00:12,SOLUSDT,ask,165,16006.037
2024-08-23 14:00:12,SOLUSDT,bid,140,7574.368
2024-08-23 14:00:16,SOLUSDT,ask,148,13221.241
2024-08-23 14:00:23,SOLUSDT,ask,155,13815.653
2024-08-23 14:00:30,SOLUSDT,ask,148,13220.75
2024-08-23 14:00:33,SOLUSDT,ask,149,67242.776
2024-08-23 14:00:36,SOLUSDT,ask,158,19839.018
2024-08-23 14:00:36,SOLUSDT,ask,148,13221.75
2024-08-23 14:00:48,SOLUSDT,ask,149,15546.983
2024-08-23 14:00:54,SOLUSDT,ask,148,13221.703
2024-08-23 14:00:57,SOLUSDT,ask,148,13220.495
2024-08-23 14:01:01,SOLUSDT,ask,152,19376.027
2024-08-23 14:01:05,SOLUSDT,ask,160,27631.034
2024-08-23 14:01:07,SOLUSDT,bid,120,20975.14
2024-08-23 14:01:09,SOLUSDT,ask,155,13808.932
2024-08-23 14:01:09,SOLUSDT,ask,152,19377.88
2024-08-23 14:01:10,SOLUSDT,ask,160,27633.245
2024-08-23 14:01:11,SOLUSDT,ask,150,28441.909
2024-08-23 14:01:14,SOLUSDT,ask,150,28441.458
2024-08-23 14:01:33,SOLUSDT,ask,148,13219.863
2024-08-23 14:01:33,SOLUSDT,ask,150,28448.179
2024-08-23 14:01:37,SOLUSDT,ask,154,17970.777
2024-08-23 14:01:37,SOLUSDT,ask,149,15487.042
2024-08-23 14:02:01,SOLUSDT,ask,210,25642.858
2024-08-23 14:02:04,SOLUSDT,bid,140,7574.656
2024-08-23 14:02:09,SOLUSDT,ask,148,13218.864
2024-08-23 14:02:12,SOLUSDT,ask,149,15488.041
2024-08-23 14:02:15,SOLUSDT,bid,140,7587.409
2024-08-23 14:02:19,SOLUSDT,bid,131,9564.391
2024-08-23 14:02:19,SOLUSDT,bid,125,17142.871
2024-08-23 14:02:37,SOLUSDT,ask,152,19380.644
2024-08-23 14:02:37,SOLUSDT,ask,160,27630.481
2024-08-23 14:02:57,SOLUSDT,bid,140,7586.409
2024-08-23 14:02:57,SOLUSDT,bid,135,14540.198
2024-08-23 14:03:05,SOLUSDT,bid,125,17092.481
2024-08-23 14:03:05,SOLUSDT,ask,150,28450.179
2024-08-23 14:03:08,SOLUSDT,ask,155,13807.046
2024-08-23 14:03:12,SOLUSDT,ask,210,25642.226
2024-08-23 14:03:19,SOLUSDT,ask,152,19381.329
2024-08-23 14:03:21,SOLUSDT,bid,115,18561.206
2024-08-23 14:03:30,SOLUSDT,ask,160,27632.367
2024-08-23 14:03:41,SOLUSDT,ask,148,13222.894
2024-08-23 14:03:49,SOLUSDT,ask,150,28450.23
2024-08-23 14:03:49,SOLUSDT,ask,151,20419.939
2024-08-23 14:04:18,SOLUSDT,ask,180,26976.917
2024-08-23 14:04:19,SOLUSDT,ask,155,13807.552
2024-08-23 14:04:37,SOLUSDT,ask,148,13223.225
2024-08-23 14:04:43,SOLUSDT,ask,152,19382.329
2024-08-23 14:04:52,SOLUSDT,ask,150,28414.077
2024-08-23 14:04:52,SOLUSDT,bid,140,7587.123
2024-08-23 14:05:05,SOLUSDT,bid,140,7586.409
2024-08-23 14:05:07,SOLUSDT,ask,160,27632.875
2024-08-23 14:05:08,SOLUSDT,bid,111,13078.025
2024-08-23 14:05:26,SOLUSDT,ask,152,19387.329
2024-08-23 14:05:31,SOLUSDT,ask,148,13223.785
2024-08-23 14:05:32,SOLUSDT,bid,140,7575.021
2024-08-23 14:05:34,SOLUSDT,ask,148,13224.13
2024-08-23 14:05:38,SOLUSDT,bid,140,7575.703
2024-08-23 14:06:03,SOLUSDT,bid,131,9562.356
2024-08-23 14:06:10,SOLUSDT,ask,148,13225.129
2024-08-23 14:06:22,SOLUSDT,ask,154,17969.779
2024-08-23 14:06:25,SOLUSDT,ask,148,13226.128
2024-08-23 14:06:28,SOLUSDT,ask,150,28507.283
2024-08-23 14:06:46,SOLUSDT,bid,111,13077.575
2024-08-23 14:06:48,SOLUSDT,bid,140,7579.775
2024-08-23 14:06:54,SOLUSDT,ask,160,27632.97
2024-08-23 14:06:58,SOLUSDT,bid,135,14538.717
2024-08-23 14:07:05,SOLUSDT,bid,140,7582.118
2024-08-23 14:07:12,SOLUSDT,ask,149,15494.922
2024-08-23 14:07:24,SOLUSDT,ask,152,19394.21
2024-08-23 14:07:28,SOLUSDT,ask,148,13221.324
2024-08-23 14:07:39,SOLUSDT,ask,148,13228.327
2024-08-23 14:07:47,SOLUSDT,bid,140,7584.26
2024-08-23 14:08:06,SOLUSDT,bid,131,9559.356
2024-08-23 14:08:08,SOLUSDT,bid,135,14535.717
2024-08-23 14:08:09,SOLUSDT,ask,150,28507.431
2024-08-23 14:08:09,SOLUSDT,ask,155,13807.404
2024-08-23 14:08:27,SOLUSDT,ask,150,28524.458
2024-08-23 14:08:33,SOLUSDT,ask,148,13228.122
2024-08-23 14:08:36,SOLUSDT,bid,115,18560.952
2024-08-23 14:08:40,SOLUSDT,bid,135,14515.717
2024-08-23 14:08:47,SOLUSDT,ask,155,13808.401
2024-08-23 14:08:51,SOLUSDT,ask,165,16024.815
2024-08-23 14:09:01,SOLUSDT,bid,135,14510.717
2024-08-23 14:09:10,SOLUSDT,ask,148,13227.122
2024-08-23 14:09:13,SOLUSDT,ask,148,13226.888
2024-08-23 14:09:13,SOLUSDT,bid,135,14550.717
2024-08-23 14:09:13,SOLUSDT,bid,130,15481.746
2024-08-23 14:09:40,SOLUSDT,ask,150,28574.508
2024-08-23 14:09:42,SOLUSDT,ask,185,16018.428
2024-08-23 14:09:49,SOLUSDT,bid,100,27072.058
2024-08-23 14:09:50,SOLUSDT,ask,190,22291.139
2024-08-23 14:10:18,SOLUSDT,ask,190,22291.102
2024-08-23 14:10:21,SOLUSDT,bid,131,9558.356
2024-08-23 14:10:25,SOLUSDT,ask,190,22288.979
2024-08-23 14:10:26,SOLUSDT,bid,140,7583.76
2024-08-23 14:10:27,SOLUSDT,bid,135,14549.233
2024-08-23 14:10:31,SOLUSDT,ask,150,28569.508
2024-08-23 14:10:37,SOLUSDT,ask,155,13808.437
2024-08-23 14:10:40,SOLUSDT,ask,190,22301.563
2024-08-23 14:10:49,SOLUSDT,bid,110,22701.794
2024-08-23 14:10:53,SOLUSDT,bid,125,17092.178
2024-08-23 14:10:56,SOLUSDT,bid,135,14649.233
2024-08-23 14:10:59,SOLUSDT,ask,148,13226.751
2024-08-23 14:11:00,SOLUSDT,ask,160,27633.971
2024-08-23 14:11:01,SOLUSDT,ask,190,22288.979
2024-08-23 14:11:08,SOLUSDT,ask,155,13808.785
2024-08-23 14:11:22,SOLUSDT,ask,149,15493.923
2024-08-23 14:11:38,SOLUSDT,ask,148,13227.374
2024-08-23 14:11:38,SOLUSDT,ask,149,15492.886
2024-08-23 14:11:38,SOLUSDT,bid,145,10414.513
2024-08-23 14:11:39,SOLUSDT,bid,145,10540.16
2024-08-23 14:11:39,SOLUSDT,bid,145,10493.445
2024-08-23 14:11:39,SOLUSDT,bid,145,10357.596
2024-08-23 14:11:39,SOLUSDT,bid,145,10357.55
2024-08-23 14:11:39,SOLUSDT,bid,145,10357.639
2024-08-23 14:11:39,SOLUSDT,bid,145,10383.639
2024-08-23 14:11:40,SOLUSDT,bid,145,10374.02
2024-08-23 14:11:40,SOLUSDT,bid,145,10370.02
2024-08-23 14:11:42,SOLUSDT,bid,140,7584.474
2024-08-23 14:11:45,SOLUSDT,bid,145,10370.019
2024-08-23 14:11:48,SOLUSDT,bid,130,15482.13
2024-08-23 14:11:51,SOLUSDT,ask,148,13227.511
2024-08-23 14:12:03,SOLUSDT,ask,200,46456.146
2024-08-23 14:12:03,SOLUSDT,bid,135,14649.077
2024-08-23 14:12:07,SOLUSDT,ask,150,28569.87
2024-08-23 14:12:07,SOLUSDT,ask,158,19838.656
2024-08-23 14:12:19,SOLUSDT,bid,140,7586.974
2024-08-23 14:12:21,SOLUSDT,ask,148,13232.902
2024-08-23 14:12:24,SOLUSDT,ask,148,13231.903
2024-08-23 14:12:31,SOLUSDT,ask,148,13231.8
2024-08-23 14:12:51,SOLUSDT,ask,148,13229.273
2024-08-23 14:12:52,SOLUSDT,bid,140,7586.26
2024-08-23 14:12:54,SOLUSDT,bid,140,7514.832
2024-08-23 14:12:59,SOLUSDT,bid,130,15481.13
2024-08-23 14:13:07,SOLUSDT,ask,155,13805.01
2024-08-23 14:13:12,SOLUSDT,ask,150,28568.871
2024-08-23 14:13:15,SOLUSDT,bid,140,7514.341
2024-08-23 14:13:26,SOLUSDT,ask,155,13804.01
2024-08-23 14:13:27,SOLUSDT,ask,151,20405.738
2024-08-23 14:13:29,SOLUSDT,bid,110,22701.735
2024-08-23 14:13:31,SOLUSDT,ask,160,27584.403
2024-08-23 14:13:35,SOLUSDT,bid,131,9549.196
2024-08-23 14:13:44,SOLUSDT,ask,151,20409.513
2024-08-23 14:13:58,SOLUSDT,bid,100,27071.558
2024-08-23 14:13:59,SOLUSDT,ask,200,46456.108
2024-08-23 14:14:12,SOLUSDT,ask,200,46456.136
2024-08-23 14:14:12,SOLUSDT,ask,150,28569.898
2024-08-23 14:14:20,SOLUSDT,ask,205,10211.744
2024-08-23 14:14:20,SOLUSDT,ask,148,13241.928
2024-08-23 14:14:27,SOLUSDT,ask,210,25642.252
2024-08-23 14:14:28,SOLUSDT,ask,170,12465.581
2024-08-23 14:14:37,SOLUSDT,ask,210,25642.226
2024-08-23 14:14:49,SOLUSDT,bid,120,20974.671
2024-08-23 14:14:49,SOLUSDT,ask,210,25642.27
2024-08-23 14:14:50,SOLUSDT,ask,165,16024.99
2024-08-23 14:14:59,SOLUSDT,bid,130,15481.563
2024-08-23 14:15:00,SOLUSDT,ask,165,16026.769
2024-08-23 14:15:02,SOLUSDT,ask,170,12466.58
2024-08-23 14:15:04,SOLUSDT,ask,152,19388.167
2024-08-23 14:15:16,SOLUSDT,ask,165,16026.594
2024-08-23 14:15:23,SOLUSDT,ask,151,20409.287
2024-08-23 14:15:37,SOLUSDT,ask,185,15935.214
2024-08-23 14:15:49,SOLUSDT,ask,155,13803.662
2024-08-23 14:15:55,SOLUSDT,ask,163,17526.184
2024-08-23 14:16:01,SOLUSDT,ask,161,14599.562
2024-08-23 14:16:01,SOLUSDT,bid,110,22610.826
2024-08-23 14:16:13,SOLUSDT,bid,140,7416.627
2024-08-23 14:16:19,SOLUSDT,ask,150,28569.694
2024-08-23 14:16:30,SOLUSDT,ask,158,19837.656
2024-08-23 14:16:32,SOLUSDT,ask,165,16024.815
2024-08-23 14:16:38,SOLUSDT,ask,250,18611.118
2024-08-23 14:16:46,SOLUSDT,ask,165,15993.87
2024-08-23 14:17:03,SOLUSDT,bid,140,7416.984
2024-08-23 14:17:13,SOLUSDT,ask,155,13797.662
2024-08-23 14:17:17,SOLUSDT,bid,140,7415.551
2024-08-23 14:17:18,SOLUSDT,bid,125,17091.178
2024-08-23 14:17:21,SOLUSDT,ask,150,28567.694
2024-08-23 14:17:26,SOLUSDT,ask,148,13266.928
2024-08-23 14:17:36,SOLUSDT,bid,120,20973.171
2024-08-23 14:17:42,SOLUSDT,bid,130,15480.351
2024-08-23 14:17:55,SOLUSDT,bid,120,20970.191
2024-08-23 14:17:58,SOLUSDT,bid,120,20966.325
2024-08-23 14:18:24,SOLUSDT,bid,135,14649.447
2024-08-23 14:18:29,SOLUSDT,ask,150,28567.731
2024-08-23 14:18:44,SOLUSDT,ask,150,28563.18
2024-08-23 14:19:05,SOLUSDT,ask,165,15993.993
2024-08-23 14:19:11,SOLUSDT,bid,125,17091.301
2024-08-23 14:19:17,SOLUSDT,ask,149,15459.647
2024-08-23 14:19:17,SOLUSDT,ask,148,13265.024
2024-08-23 14:19:27,SOLUSDT,ask,151,20408.487
2024-08-23 14:19:42,SOLUSDT,bid,140,7415.789
2024-08-23 14:19:43,SOLUSDT,bid,140,7417.798
2024-08-23 14:19:55,SOLUSDT,ask,150,28563.112
2024-08-23 14:20:02,SOLUSDT,bid,125,17090.145
2024-08-23 14:20:03,SOLUSDT,bid,130,15485.622
2024-08-23 14:20:09,SOLUSDT,bid,140,7418.787
2024-08-23 14:20:13,SOLUSDT,ask,150,28564.049
2024-08-23 14:20:24,SOLUSDT,ask,150,28564.09
2024-08-23 14:20:24,SOLUSDT,ask,160,27584.362
2024-08-23 14:20:43,SOLUSDT,bid,140,7418.883
2024-08-23 14:21:22,SOLUSDT,bid,140,7433.168
2024-08-23 14:21:31,SOLUSDT,ask,152,19387.463
2024-08-23 14:21:35,SOLUSDT,bid,130,15485.661
2024-08-23 14:21:39,SOLUSDT,ask,150,28563.334
2024-08-23 14:21:59,SOLUSDT,bid,135,14667.903
2024-08-23 14:22:11,SOLUSDT,ask,150,28564.784
2024-08-23 14:22:14,SOLUSDT,bid,131,9550.47
2024-08-23 14:22:26,SOLUSDT,ask,156,20136.257
2024-08-23 14:22:32,SOLUSDT,ask,149,15458.516
2024-08-23 14:22:41,SOLUSDT,bid,140,7418.883
2024-08-23 14:22:57,SOLUSDT,ask,150,28564.315
2024-08-23 14:23:10,SOLUSDT,bid,140,7422.454
2024-08-23 14:23:17,SOLUSDT,ask,160,27584.395
2024-08-23 14:23:33,SOLUSDT,ask,148,13264.565
2024-08-23 14:23:38,SOLUSDT,ask,160,27588.295
2024-08-23 14:23:38,SOLUSDT,ask,180,26973.017
2024-08-23 14:24:00,SOLUSDT,bid,135,14567.903
2024-08-23 14:24:02,SOLUSDT,ask,148,13264.668
2024-08-23 14:24:12,SOLUSDT,bid,125,17210.145
2024-08-23 14:24:16,SOLUSDT,bid,120,20962.1
2024-08-23 14:24:17,SOLUSDT,ask,170,12465.688
2024-08-23 14:24:42,SOLUSDT,bid,140,7423.168
2024-08-23 14:24:47,SOLUSDT,ask,163,17526.573
2024-08-23 14:24:48,SOLUSDT,bid,130,15447.2
2024-08-23 14:24:49,SOLUSDT,bid,140,7409.953
2024-08-23 14:24:51,SOLUSDT,ask,148,13262.354
2024-08-23 14:25:05,SOLUSDT,ask,150,28554.325
2024-08-23 14:25:13,SOLUSDT,bid,115,18558.381
2024-08-23 14:25:15,SOLUSDT,ask,161,14609.552
2024-08-23 14:25:20,SOLUSDT,ask,148,13262.251
2024-08-23 14:25:21,SOLUSDT,bid,125,17212.51
2024-08-23 14:25:30,SOLUSDT,ask,160,27587.858
2024-08-23 14:25:31,SOLUSDT,ask,149,15459.576
2024-08-23 14:25:37,SOLUSDT,bid,135,14566.803
2024-08-23 14:26:05,SOLUSDT,bid,140,7409.907
2024-08-23 14:26:22,SOLUSDT,ask,148,13263.25
2024-08-23 14:26:57,SOLUSDT,ask,150,28552.368
2024-08-23 14:26:59,SOLUSDT,bid,140,7410.957
2024-08-23 14:27:10,SOLUSDT,ask,151,20408.418
2024-08-23 14:27:29,SOLUSDT,ask,155,13796.778
2024-08-23 14:27:45,SOLUSDT,ask,150,28553.252
2024-08-23 14:27:46,SOLUSDT,bid,144,7160.801
2024-08-23 14:27:54,SOLUSDT,bid,144,7098.386
2024-08-23 14:27:59,SOLUSDT,bid,144,7383.629
2024-08-23 14:27:59,SOLUSDT,ask,152,19387.5
2024-08-23 14:27:59,SOLUSDT,bid,144,6995.513
2024-08-23 14:28:01,SOLUSDT,bid,144,6995.259
2024-08-23 14:28:02,SOLUSDT,bid,144,6996.266
2024-08-23 14:28:04,SOLUSDT,bid,125,17202.51
2024-08-23 14:28:19,SOLUSDT,bid,144,7022.266
2024-08-23 14:28:24,SOLUSDT,bid,144,7183.804
2024-08-23 14:28:24,SOLUSDT,bid,130,15446.8
2024-08-23 14:28:26,SOLUSDT,bid,144,6923.362
2024-08-23 14:28:26,SOLUSDT,bid,144,6922.355
2024-08-23 14:28:28,SOLUSDT,ask,190,22289.505
2024-08-23 14:28:32,SOLUSDT,bid,140,7410.6
2024-08-23 14:28:35,SOLUSDT,ask,150,28551.497
2024-08-23 14:29:03,SOLUSDT,bid,140,7400.6
2024-08-23 14:29:04,SOLUSDT,bid,140,7401.896
2024-08-23 14:29:13,SOLUSDT,ask,151,20403.783
2024-08-23 14:29:43,SOLUSDT,ask,150,28551.997
2024-08-23 14:29:49,SOLUSDT,bid,111,13077.125
2024-08-23 14:30:24,SOLUSDT,ask,149,15459.504
2024-08-23 14:30:30,SOLUSDT,ask,200,46459.136
2024-08-23 14:30:36,SOLUSDT,ask,148,13262.251
2024-08-23 14:30:38,SOLUSDT,bid,140,7409.681
2024-08-23 14:30:39,SOLUSDT,bid,110,22652.193
2024-08-23 14:30:39,SOLUSDT,ask,150,28552.031
2024-08-23 14:30:49,SOLUSDT,ask,148,13260.493
2024-08-23 14:30:51,SOLUSDT,ask,150,28559.25
2024-08-23 14:30:55,SOLUSDT,ask,170,12468.814
2024-08-23 14:31:00,SOLUSDT,bid,100,27070.558
2024-08-23 14:31:07,SOLUSDT,ask,160,27580.778
2024-08-23 14:31:12,SOLUSDT,bid,135,14556.803
2024-08-23 14:31:18,SOLUSDT,ask,150,28558.993
2024-08-23 14:31:20,SOLUSDT,ask,148,13260.596
2024-08-23 14:31:23,SOLUSDT,bid,140,7389.381
2024-08-23 14:31:23,SOLUSDT,bid,111,12984.255
2024-08-23 14:31:26,SOLUSDT,ask,150,28554.369
2024-08-23 14:31:50,SOLUSDT,ask,150,28558.996
2024-08-23 14:31:57,SOLUSDT,ask,160,27584.318
2024-08-23 14:32:03,SOLUSDT,ask,150,28568.945
2024-08-23 14:32:06,SOLUSDT,ask,150,28569.165
2024-08-23 14:32:07,SOLUSDT,bid,144,7123.753
2024-08-23 14:32:07,SOLUSDT,bid,144,7041.026
2024-08-23 14:32:08,SOLUSDT,bid,144,7042.268
2024-08-23 14:32:08,SOLUSDT,ask,150,28565.585
2024-08-23 14:32:11,SOLUSDT,bid,135,14557.023
2024-08-23 14:32:17,SOLUSDT,bid,144,6920.354
2024-08-23 14:32:21,SOLUSDT,bid,144,6920.354
2024-08-23 14:32:28,SOLUSDT,bid,144,6920.354
2024-08-23 14:32:36,SOLUSDT,bid,144,7416.491
2024-08-23 14:32:37,SOLUSDT,bid,144,7419.939
2024-08-23 14:32:40,SOLUSDT,bid,144,7418.94
2024-08-23 14:32:48,SOLUSDT,bid,144,7417.011
2024-08-23 14:32:52,SOLUSDT,bid,144,7451.509
2024-08-23 14:33:04,SOLUSDT,ask,150,28565.369
2024-08-23 14:33:15,SOLUSDT,ask,151,20402.741
2024-08-23 14:33:31,SOLUSDT,bid,144,7454.787
2024-08-23 14:33:37,SOLUSDT,ask,149,15464.182
2024-08-23 14:33:37,SOLUSDT,bid,144,7451.509
2024-08-23 14:33:40,SOLUSDT,bid,144,7426.431
2024-08-23 14:33:50,SOLUSDT,bid,144,7430.431
2024-08-23 14:33:54,SOLUSDT,ask,165,15797.282
2024-08-23 14:34:03,SOLUSDT,bid,131,9536.157
2024-08-23 14:34:04,SOLUSDT,bid,144,7598.315
2024-08-23 14:34:05,SOLUSDT,bid,130,15446.937
2024-08-23 14:34:15,SOLUSDT,bid,140,7389.738
2024-08-23 14:34:17,SOLUSDT,ask,200,46466.149
2024-08-23 14:34:17,SOLUSDT,bid,144,8185.958
2024-08-23 14:34:17,SOLUSDT,bid,144,8207.426
2024-08-23 14:34:17,SOLUSDT,bid,144,7983.562
2024-08-23 14:34:18,SOLUSDT,bid,144,7923.596
2024-08-23 14:34:18,SOLUSDT,ask,210,25646.23
2024-08-23 14:34:23,SOLUSDT,bid,111,19064.97
2024-08-23 14:34:32,SOLUSDT,ask,175,7522.082
2024-08-23 14:34:32,SOLUSDT,ask,190,22299.276
2024-08-23 14:34:34,SOLUSDT,ask,149,15445.243
2024-08-23 14:34:35,SOLUSDT,bid,144,7924.587
2024-08-23 14:34:35,SOLUSDT,ask,150,28551.164
2024-08-23 14:34:36,SOLUSDT,bid,144,7392.924
2024-08-23 14:34:36,SOLUSDT,bid,144,7840.63
2024-08-23 14:34:36,SOLUSDT,bid,144,7839.388
2024-08-23 14:34:37,SOLUSDT,ask,148,13235.343
2024-08-23 14:34:47,SOLUSDT,bid,115,18558.295
2024-08-23 14:34:47,SOLUSDT,ask,149,15450.9
2024-08-23 14:34:50,SOLUSDT,bid,144,7818.781
2024-08-23 14:34:53,SOLUSDT,bid,144,7815.333
2024-08-23 14:34:55,SOLUSDT,bid,144,7884.332
2024-08-23 14:35:06,SOLUSDT,ask,180,26972.949
2024-08-23 14:35:11,SOLUSDT,ask,160,27583.75
2024-08-23 14:35:33,SOLUSDT,bid,140,7390.595
2024-08-23 14:35:34,SOLUSDT,bid,135,14557.557
2024-08-23 14:35:37,SOLUSDT,bid,140,7388.452
2024-08-23 14:35:47,SOLUSDT,bid,130,15447.215
2024-08-23 14:35:51,SOLUSDT,ask,155,13791.68
2024-08-23 14:35:55,SOLUSDT,ask,200,46485.097
2024-08-23 14:36:05,SOLUSDT,ask,148,13264.104
2024-08-23 14:36:07,SOLUSDT,bid,140,7392.023
2024-08-23 14:36:19,SOLUSDT,bid,140,7413.451
2024-08-23 14:36:21,SOLUSDT,ask,165,15797.889
2024-08-23 14:36:39,SOLUSDT,bid,131,9531.924
2024-08-23 14:36:47,SOLUSDT,bid,140,7409.88
2024-08-23 14:37:12,SOLUSDT,ask,200,46484.388
2024-08-23 14:38:00,SOLUSDT,bid,140,7410.334
2024-08-23 14:38:01,SOLUSDT,ask,148,12764.104
2024-08-23 14:38:11,SOLUSDT,ask,160,27587.378
2024-08-23 14:38:15,SOLUSDT,bid,144,6970.626
2024-08-23 14:38:15,SOLUSDT,bid,144,7205.216
2024-08-23 14:38:18,SOLUSDT,bid,144,7047.576
2024-08-23 14:38:26,SOLUSDT,bid,140,7410.054
2024-08-23 14:38:28,SOLUSDT,ask,195,12105.386
2024-08-23 14:38:28,SOLUSDT,ask,149,15432.106
2024-08-23 14:38:40,SOLUSDT,ask,160,27587.527
2024-08-23 14:38:50,SOLUSDT,bid,144,7230.376
2024-08-23 14:38:50,SOLUSDT,bid,140,7410.125
2024-08-23 14:38:51,SOLUSDT,bid,140,7410.195
2024-08-23 14:38:52,SOLUSDT,bid,144,7046.954
2024-08-23 14:39:02,SOLUSDT,ask,150,28549.466
2024-08-23 14:39:07,SOLUSDT,ask,152,19385.824
2024-08-23 14:39:09,SOLUSDT,ask,154,17968.137
2024-08-23 14:39:18,SOLUSDT,ask,155,13790.032
2024-08-23 14:39:25,SOLUSDT,bid,110,22632.193
2024-08-23 14:39:30,SOLUSDT,ask,190,22299.526
2024-08-23 14:39:47,SOLUSDT,ask,148,12775.711
2024-08-23 14:39:48,SOLUSDT,bid,130,15449.445
2024-08-23 14:39:50,SOLUSDT,ask,149,15412.106
2024-08-23 14:39:50,SOLUSDT,ask,148,12765.74
2024-08-23 14:39:54,SOLUSDT,ask,150,28579.466
2024-08-23 14:40:05,SOLUSDT,bid,144,7074.15
2024-08-23 14:40:15,SOLUSDT,bid,140,7409.373
2024-08-23 14:40:19,SOLUSDT,bid,100,26955.24
2024-08-23 14:40:50,SOLUSDT,ask,160,27585.641
2024-08-23 14:40:54,SOLUSDT,ask,150,28578.529
2024-08-23 14:40:58,SOLUSDT,ask,160,27544.001
2024-08-23 14:41:02,SOLUSDT,bid,144,7093.693
2024-08-23 14:41:02,SOLUSDT,bid,144,7041.428
2024-08-23 14:41:08,SOLUSDT,ask,180,26972.908
2024-08-23 14:41:13,SOLUSDT,bid,115,18568.729
2024-08-23 14:41:13,SOLUSDT,bid,140,7410.188
2024-08-23 14:41:16,SOLUSDT,bid,144,7148.233
2024-08-23 14:41:18,SOLUSDT,ask,148,12767.06
2024-08-23 14:41:25,SOLUSDT,ask,150,28579.466
2024-08-23 14:41:28,SOLUSDT,bid,140,7407.845
2024-08-23 14:41:36,SOLUSDT,bid,140,7407.794
2024-08-23 14:41:36,SOLUSDT,ask,148,12767.009
2024-08-23 14:41:42,SOLUSDT,bid,144,7142.099
2024-08-23 14:41:47,SOLUSDT,bid,139,7485.506
2024-08-23 14:42:02,SOLUSDT,bid,140,7414.936
2024-08-23 14:42:11,SOLUSDT,bid,140,7416.364
2024-08-23 14:42:33,SOLUSDT,ask,148,12766.374
2024-08-23 14:42:34,SOLUSDT,bid,144,7093.191
2024-08-23 14:42:46,SOLUSDT,bid,144,7134.953
2024-08-23 14:42:48,SOLUSDT,bid,144,7198.917
2024-08-23 14:42:48,SOLUSDT,bid,144,7230.899
2024-08-23 14:42:50,SOLUSDT,bid,144,7232.907
2024-08-23 14:42:51,SOLUSDT,bid,144,7274.123
2024-08-23 14:42:53,SOLUSDT,ask,149,15409.109
2024-08-23 14:42:53,SOLUSDT,bid,144,7116.511
2024-08-23 14:42:58,SOLUSDT,ask,150,28578.466
2024-08-23 14:42:59,SOLUSDT,bid,144,7351.004
2024-08-23 14:43:00,SOLUSDT,bid,144,7116.511
2024-08-23 14:43:06,SOLUSDT,ask,165,15801.697
2024-08-23 14:43:16,SOLUSDT,bid,131,9531.543
2024-08-23 14:43:21,SOLUSDT,ask,154,17968.454
2024-08-23 14:43:23,SOLUSDT,bid,140,7415.994
2024-08-23 14:43:24,SOLUSDT,bid,144,7351.004
2024-08-23 14:43:24,SOLUSDT,bid,144,7116.511
2024-08-23 14:43:28,SOLUSDT,bid,144,7122.911
2024-08-23 14:43:35,SOLUSDT,ask,150,28575.396
2024-08-23 14:43:42,SOLUSDT,bid,144,7356.119
2024-08-23 14:43:43,SOLUSDT,bid,144,7122.911
