2024-08-26 07:00:00,SOLUSDT,bid,155,4954.781
2024-08-26 07:00:00,SOLUSDT,bid,145,4334.448
2024-08-26 07:00:11,SOLUSDT,bid,156,3245.973
2024-08-26 07:00:38,SOLUSDT,ask,170,13923.109
2024-08-26 07:00:56,SOLUSDT,ask,170,13923.041
2024-08-26 07:01:20,SOLUSDT,ask,163,5702.212
2024-08-26 07:01:27,SOLUSDT,bid,156,3244.786
2024-08-26 07:01:30,SOLUSDT,ask,165,16414.358
2024-08-26 07:01:45,SOLUSDT,ask,163,5703.221
2024-08-26 07:01:47,SOLUSDT,ask,180,22929.447
2024-08-26 07:01:56,SOLUSDT,ask,163,5703.345
2024-08-26 07:01:56,SOLUSDT,ask,180,22929.323
2024-08-26 07:02:00,SOLUSDT,ask,165,16412.977
2024-08-26 07:02:05,SOLUSDT,bid,147,34276.418
2024-08-26 07:02:14,SOLUSDT,ask,190,23213.855
2024-08-26 07:02:32,SOLUSDT,ask,165,16410.722
2024-08-26 07:02:37,SOLUSDT,ask,163,5703.221
2024-08-26 07:02:37,SOLUSDT,ask,170,13923.165
2024-08-26 07:02:53,SOLUSDT,bid,143,4904.196
2024-08-26 07:02:56,SOLUSDT,bid,140,10757.46
2024-08-26 07:02:58,SOLUSDT,ask,163,5703.582
2024-08-26 07:03:04,SOLUSDT,bid,142,3577.557
2024-08-26 07:03:05,SOLUSDT,bid,157,3566.402
2024-08-26 07:03:10,SOLUSDT,ask,190,23223.855
2024-08-26 07:03:16,SOLUSDT,ask,163,5704.196
2024-08-26 07:03:19,SOLUSDT,bid,120,33933.545
2024-08-26 07:03:19,SOLUSDT,ask,199,5532.68
2024-08-26 07:03:31,SOLUSDT,bid,150,5994.324
2024-08-26 07:03:32,SOLUSDT,bid,156,3248.018
2024-08-26 07:03:49,SOLUSDT,ask,180,22919.333
2024-08-26 07:03:51,SOLUSDT,bid,140,10757.356
2024-08-26 07:03:53,SOLUSDT,bid,110,20332.567
2024-08-26 07:03:54,SOLUSDT,bid,120,33933.295
2024-08-26 07:03:58,SOLUSDT,bid,150,5987.658
2024-08-26 07:04:07,SOLUSDT,ask,165,16407.592
2024-08-26 07:04:08,SOLUSDT,ask,165,16405.792
2024-08-26 07:04:21,SOLUSDT,ask,165,16415.782
2024-08-26 07:04:30,SOLUSDT,bid,150,5987.158
2024-08-26 07:04:33,SOLUSDT,ask,185,19134.303
2024-08-26 07:04:35,SOLUSDT,bid,155,4957.155
2024-08-26 07:04:42,SOLUSDT,bid,150,5987.258
2024-08-26 07:04:47,SOLUSDT,bid,157,3622.629
2024-08-26 07:04:47,SOLUSDT,ask,161,3728.663
2024-08-26 07:04:47,SOLUSDT,ask,175,11152.903
2024-08-26 07:04:56,SOLUSDT,bid,157,3619.117
2024-08-26 07:04:59,SOLUSDT,bid,140,10756.431
2024-08-26 07:05:04,SOLUSDT,ask,167,7871.495
2024-08-26 07:05:16,SOLUSDT,bid,155,4965.544
2024-08-26 07:05:19,SOLUSDT,ask,169,7544.2
2024-08-26 07:05:23,SOLUSDT,ask,185,19136.015
2024-08-26 07:05:29,SOLUSDT,ask,163,5693.007
2024-08-26 07:05:47,SOLUSDT,ask,200,45138.011
2024-08-26 07:06:12,SOLUSDT,ask,169,7859.2
2024-08-26 07:06:21,SOLUSDT,ask,169,7544.2
2024-08-26 07:06:24,SOLUSDT,bid,135,13796.991
2024-08-26 07:06:26,SOLUSDT,bid,125,9857.237
2024-08-26 07:06:35,SOLUSDT,ask,350,4041.127
2024-08-26 07:06:35,SOLUSDT,ask,192,3063.198
2024-08-26 07:06:36,SOLUSDT,ask,170,13873.514
2024-08-26 07:06:46,SOLUSDT,ask,188,13102.827
2024-08-26 07:06:51,SOLUSDT,ask,163,5693.043
2024-08-26 07:06:56,SOLUSDT,bid,140,10755.717
2024-08-26 07:07:00,SOLUSDT,bid,140,10755.003
2024-08-26 07:07:03,SOLUSDT,bid,95,8066.862
2024-08-26 07:07:05,SOLUSDT,bid,138,4699.647
2024-08-26 07:07:08,SOLUSDT,bid,140,10755.039
2024-08-26 07:07:11,SOLUSDT,ask,165,16415.369
2024-08-26 07:07:11,SOLUSDT,ask,170,13873.927
2024-08-26 07:07:12,SOLUSDT,bid,155,4966.044
2024-08-26 07:07:17,SOLUSDT,ask,163,5699.54
2024-08-26 07:07:23,SOLUSDT,bid,158,3702.413
2024-08-26 07:07:23,SOLUSDT,ask,161,3626.794
2024-08-26 07:07:34,SOLUSDT,bid,120,33905.795
2024-08-26 07:07:34,SOLUSDT,ask,167,7883.487
2024-08-26 07:07:44,SOLUSDT,ask,180,22922.331
2024-08-26 07:07:56,SOLUSDT,ask,220,16667.801
2024-08-26 07:08:27,SOLUSDT,bid,158,3987.212
2024-08-26 07:08:35,SOLUSDT,ask,169,7700.2
2024-08-26 07:08:35,SOLUSDT,ask,169,7544.2
2024-08-26 07:08:49,SOLUSDT,bid,158,3647.636
2024-08-26 07:08:49,SOLUSDT,ask,161,3582.98
2024-08-26 07:08:50,SOLUSDT,bid,130,10672.788
2024-08-26 07:08:57,SOLUSDT,ask,180,22922.231
2024-08-26 07:08:58,SOLUSDT,bid,156,3248.597
2024-08-26 07:09:08,SOLUSDT,bid,158,3716.986
2024-08-26 07:09:08,SOLUSDT,ask,161,3610.206
2024-08-26 07:09:11,SOLUSDT,bid,158,3713.45
2024-08-26 07:09:11,SOLUSDT,bid,158,3713.313
2024-08-26 07:09:11,SOLUSDT,ask,161,3685.455
2024-08-26 07:09:26,SOLUSDT,bid,145,4344.15
2024-08-26 07:09:28,SOLUSDT,ask,175,11158.866
2024-08-26 07:10:03,SOLUSDT,ask,165,16410.462
2024-08-26 07:10:16,SOLUSDT,ask,185,19140.922
2024-08-26 07:10:41,SOLUSDT,ask,169,7853.003
2024-08-26 07:10:47,SOLUSDT,bid,142,3576.52
2024-08-26 07:10:51,SOLUSDT,bid,130,10673.788
2024-08-26 07:10:52,SOLUSDT,ask,169,7544.2
2024-08-26 07:11:00,SOLUSDT,ask,190,23224.007
2024-08-26 07:11:08,SOLUSDT,bid,158,3713.465
2024-08-26 07:11:09,SOLUSDT,bid,155,4966.196
2024-08-26 07:11:14,SOLUSDT,bid,140,10755.191
2024-08-26 07:11:14,SOLUSDT,bid,154,3286.975
2024-08-26 07:11:16,SOLUSDT,bid,145,4351.62
2024-08-26 07:11:16,SOLUSDT,bid,140,10747.721
2024-08-26 07:11:25,SOLUSDT,ask,184,4941.495
2024-08-26 07:11:33,SOLUSDT,ask,185,19142.199
2024-08-26 07:11:36,SOLUSDT,bid,145,4351.727
2024-08-26 07:11:37,SOLUSDT,bid,155,4968.776
2024-08-26 07:12:01,SOLUSDT,ask,163,5700.04
2024-08-26 07:12:16,SOLUSDT,bid,145,4351.62
2024-08-26 07:12:30,SOLUSDT,bid,155,5017.719
2024-08-26 07:12:34,SOLUSDT,bid,158,4466.074
2024-08-26 07:12:43,SOLUSDT,ask,163,6000.04
2024-08-26 07:12:52,SOLUSDT,bid,158,4466.093
2024-08-26 07:12:56,SOLUSDT,bid,158,3713.465
2024-08-26 07:13:03,SOLUSDT,ask,205,10094.229
2024-08-26 07:13:05,SOLUSDT,bid,155,4968.776
2024-08-26 07:13:05,SOLUSDT,ask,170,13858.927
2024-08-26 07:13:09,SOLUSDT,bid,150,5984.229
2024-08-26 07:13:11,SOLUSDT,bid,150,5985.562
2024-08-26 07:13:14,SOLUSDT,ask,165,16436.436
2024-08-26 07:13:21,SOLUSDT,ask,165,16436.186
2024-08-26 07:13:39,SOLUSDT,bid,154,3285.817
2024-08-26 07:13:50,SOLUSDT,bid,158,3804.347
2024-08-26 07:13:53,SOLUSDT,bid,156,3213.964
2024-08-26 07:13:57,SOLUSDT,ask,163,5700.04
2024-08-26 07:14:04,SOLUSDT,ask,165,16435.77
2024-08-26 07:14:04,SOLUSDT,ask,170,13859.343
2024-08-26 07:14:08,SOLUSDT,ask,165,16435.223
2024-08-26 07:14:11,SOLUSDT,bid,150,5985.526
2024-08-26 07:14:11,SOLUSDT,ask,175,11159.373
2024-08-26 07:14:15,SOLUSDT,bid,130,10674.809
2024-08-26 07:14:15,SOLUSDT,ask,175,11158.866
2024-08-26 07:14:21,SOLUSDT,bid,157,5134.956
2024-08-26 07:14:27,SOLUSDT,bid,157,4243.427
2024-08-26 07:14:28,SOLUSDT,ask,170,13859.85
2024-08-26 07:14:28,SOLUSDT,bid,157,3712.048
2024-08-26 07:14:30,SOLUSDT,bid,157,3718.346
2024-08-26 07:14:44,SOLUSDT,bid,157,4045.951
2024-08-26 07:14:44,SOLUSDT,bid,157,3718.283
2024-08-26 07:14:45,SOLUSDT,bid,157,4082.295
2024-08-26 07:14:52,SOLUSDT,bid,157,4045.951
2024-08-26 07:14:56,SOLUSDT,bid,157,3711.985
2024-08-26 07:15:08,SOLUSDT,bid,155,4952.015
2024-08-26 07:15:11,SOLUSDT,bid,141,3936.567
2024-08-26 07:15:13,SOLUSDT,bid,156,3214.016
2024-08-26 07:15:15,SOLUSDT,bid,157,4082.208
2024-08-26 07:15:16,SOLUSDT,ask,175,11158.951
2024-08-26 07:15:34,SOLUSDT,ask,175,11147.554
2024-08-26 07:15:40,SOLUSDT,bid,155,4971.369
2024-08-26 07:15:43,SOLUSDT,ask,175,11147.469
2024-08-26 07:15:47,SOLUSDT,ask,170,13858.85
2024-08-26 07:15:54,SOLUSDT,ask,175,11147.264
2024-08-26 07:16:10,SOLUSDT,ask,170,13867.929
2024-08-26 07:16:22,SOLUSDT,ask,180,22872.231
2024-08-26 07:16:22,SOLUSDT,ask,190,23174.007
2024-08-26 07:16:22,SOLUSDT,ask,200,45086.011
2024-08-26 07:16:23,SOLUSDT,ask,175,11147.352
2024-08-26 07:16:23,SOLUSDT,ask,170,13843.814
2024-08-26 07:16:27,SOLUSDT,ask,162,6565.174
2024-08-26 07:16:36,SOLUSDT,bid,157,4045.951
2024-08-26 07:16:37,SOLUSDT,ask,168,11080.561
2024-08-26 07:16:50,SOLUSDT,bid,155,4972.105
2024-08-26 07:17:12,SOLUSDT,ask,175,11147.264
2024-08-26 07:17:15,SOLUSDT,ask,162,6565.135
2024-08-26 07:17:24,SOLUSDT,bid,150,5985.6
2024-08-26 07:17:39,SOLUSDT,bid,155,5948.873
2024-08-26 07:17:40,SOLUSDT,bid,155,4971.369
2024-08-26 07:17:42,SOLUSDT,bid,155,4971.894
2024-08-26 07:17:44,SOLUSDT,bid,150,5985.526
2024-08-26 07:17:52,SOLUSDT,bid,140,10748.954
2024-08-26 07:17:54,SOLUSDT,ask,165,16439.223
2024-08-26 07:18:00,SOLUSDT,bid,140,10747.721
2024-08-26 07:18:08,SOLUSDT,bid,145,4352.811
2024-08-26 07:18:11,SOLUSDT,ask,180,22876.29
2024-08-26 07:18:20,SOLUSDT,bid,156,3432.642
2024-08-26 07:18:22,SOLUSDT,ask,170,13845.578
2024-08-26 07:18:33,SOLUSDT,bid,157,3712.678
2024-08-26 07:18:37,SOLUSDT,bid,157,3711.985
2024-08-26 07:18:45,SOLUSDT,bid,155,4969.885
2024-08-26 07:18:57,SOLUSDT,bid,120,33895.766
2024-08-26 07:19:02,SOLUSDT,ask,165,16439.065
2024-08-26 07:19:03,SOLUSDT,bid,156,3434.639
2024-08-26 07:19:07,SOLUSDT,bid,140,10746.293
2024-08-26 07:19:08,SOLUSDT,bid,141,3935.858
2024-08-26 07:19:25,SOLUSDT,ask,181,3695.744
2024-08-26 07:19:33,SOLUSDT,bid,100,23633.781
2024-08-26 07:19:47,SOLUSDT,ask,165,16441.394
2024-08-26 07:19:52,SOLUSDT,ask,165,16439.065
2024-08-26 07:19:54,SOLUSDT,bid,155,4969.836
2024-08-26 07:20:02,SOLUSDT,bid,155,4969.934
2024-08-26 07:20:06,SOLUSDT,ask,166,3288.216
2024-08-26 07:20:23,SOLUSDT,bid,145,4353.311
2024-08-26 07:20:27,SOLUSDT,bid,154,3283.817
2024-08-26 07:20:27,SOLUSDT,bid,150,5983.526
2024-08-26 07:20:39,SOLUSDT,bid,155,5945.672
2024-08-26 07:20:41,SOLUSDT,bid,156,3434.797
2024-08-26 07:20:46,SOLUSDT,bid,143,4904.274
2024-08-26 07:20:47,SOLUSDT,bid,143,4904.352
2024-08-26 07:20:47,SOLUSDT,bid,143,4904.43
2024-08-26 07:20:49,SOLUSDT,bid,143,4904.508
2024-08-26 07:20:53,SOLUSDT,bid,143,4904.664
2024-08-26 07:20:55,SOLUSDT,bid,143,4904.742
2024-08-26 07:20:57,SOLUSDT,bid,143,4904.82
2024-08-26 07:20:58,SOLUSDT,bid,143,4904.976
2024-08-26 07:20:58,SOLUSDT,bid,143,4905.054
2024-08-26 07:21:09,SOLUSDT,bid,147,34208.438
2024-08-26 07:21:09,SOLUSDT,bid,110,20356.679
2024-08-26 07:21:12,SOLUSDT,bid,110,20332.567
2024-08-26 07:21:17,SOLUSDT,bid,147,34174.448
2024-08-26 07:21:20,SOLUSDT,bid,112,5521.163
2024-08-26 07:21:24,SOLUSDT,bid,140,10746.407
2024-08-26 07:21:26,SOLUSDT,ask,165,16433.368
2024-08-26 07:21:32,SOLUSDT,bid,155,4973.154
2024-08-26 07:21:50,SOLUSDT,bid,156,3435.317
2024-08-26 07:21:51,SOLUSDT,bid,145,4371.549
2024-08-26 07:21:52,SOLUSDT,ask,165,16471.967
2024-08-26 07:22:06,SOLUSDT,ask,165,16471.254
2024-08-26 07:22:10,SOLUSDT,bid,156,3434.45
2024-08-26 07:22:29,SOLUSDT,bid,156,3433.426
2024-08-26 07:22:34,SOLUSDT,ask,175,11147.451
2024-08-26 07:22:35,SOLUSDT,bid,140,10746.594
2024-08-26 07:22:41,SOLUSDT,bid,155,5945.38
2024-08-26 07:22:52,SOLUSDT,bid,155,4972.154
2024-08-26 07:22:53,SOLUSDT,bid,150,5981.526
2024-08-26 07:22:55,SOLUSDT,bid,140,10742.994
2024-08-26 07:22:59,SOLUSDT,bid,156,3433.941
2024-08-26 07:23:04,SOLUSDT,ask,165,16470.583
2024-08-26 07:23:04,SOLUSDT,bid,155,4972.098
2024-08-26 07:23:05,SOLUSDT,bid,156,3433.889
2024-08-26 07:23:06,SOLUSDT,bid,155,4972.42
2024-08-26 07:23:09,SOLUSDT,ask,162,6570.135
2024-08-26 07:23:13,SOLUSDT,ask,163,5699.54
2024-08-26 07:23:14,SOLUSDT,ask,162,6565.135
2024-08-26 07:23:21,SOLUSDT,bid,155,4978.262
2024-08-26 07:23:24,SOLUSDT,bid,155,4988.3
2024-08-26 07:23:30,SOLUSDT,bid,111,12443.299
2024-08-26 07:23:36,SOLUSDT,ask,191,5509.746
2024-08-26 07:23:37,SOLUSDT,bid,156,3433.374
2024-08-26 07:23:51,SOLUSDT,bid,150,6051.526
2024-08-26 07:23:52,SOLUSDT,ask,170,13845.671
2024-08-26 07:23:57,SOLUSDT,bid,156,3433.431
2024-08-26 07:24:07,SOLUSDT,bid,140,10739.423
2024-08-26 07:24:07,SOLUSDT,ask,163,5699.574
2024-08-26 07:24:07,SOLUSDT,ask,165,16470.617
2024-08-26 07:24:07,SOLUSDT,ask,166,3288.25
2024-08-26 07:24:07,SOLUSDT,ask,167,7883.521
2024-08-26 07:24:07,SOLUSDT,ask,168,11080.595
2024-08-26 07:24:09,SOLUSDT,bid,156,3433.465
2024-08-26 07:24:09,SOLUSDT,bid,155,4988.334
2024-08-26 07:24:09,SOLUSDT,bid,154,3283.851
2024-08-26 07:24:10,SOLUSDT,ask,169,7548.107
2024-08-26 07:24:10,SOLUSDT,bid,150,6051.56
2024-08-26 07:24:13,SOLUSDT,ask,190,23173.73
2024-08-26 07:24:17,SOLUSDT,bid,100,23588.277
2024-08-26 07:24:18,SOLUSDT,ask,163,5700.573
2024-08-26 07:24:24,SOLUSDT,ask,162,6571.118
2024-08-26 07:24:35,SOLUSDT,ask,165,16469.909
2024-08-26 07:24:38,SOLUSDT,bid,156,3433.498
2024-08-26 07:24:39,SOLUSDT,bid,156,3446.974
2024-08-26 07:24:46,SOLUSDT,bid,155,4985.114
2024-08-26 07:25:02,SOLUSDT,bid,140,10739.826
2024-08-26 07:25:03,SOLUSDT,bid,120,33896.179
2024-08-26 07:25:03,SOLUSDT,ask,185,19142.268
2024-08-26 07:25:03,SOLUSDT,bid,141,3934.214
2024-08-26 07:25:26,SOLUSDT,bid,155,5033.433
2024-08-26 07:25:32,SOLUSDT,ask,170,13849.268
2024-08-26 07:25:38,SOLUSDT,bid,155,4985.114
2024-08-26 07:25:39,SOLUSDT,bid,120,33927.431
2024-08-26 07:25:47,SOLUSDT,bid,118,4480.48
2024-08-26 07:25:48,SOLUSDT,bid,121,4373.533
2024-08-26 07:25:50,SOLUSDT,bid,154,3284.851
2024-08-26 07:26:08,SOLUSDT,bid,156,3551.399
2024-08-26 07:26:10,SOLUSDT,ask,165,16471.219
2024-08-26 07:26:12,SOLUSDT,bid,155,4984.792
2024-08-26 07:26:14,SOLUSDT,bid,156,3600.028
2024-08-26 07:26:23,SOLUSDT,ask,169,7547.107
2024-08-26 07:26:24,SOLUSDT,bid,156,3322.191
2024-08-26 07:26:31,SOLUSDT,bid,143,4876.961
2024-08-26 07:26:42,SOLUSDT,ask,170,13849.335
2024-08-26 07:26:42,SOLUSDT,ask,185,19131.351
2024-08-26 07:26:42,SOLUSDT,bid,150,6051.627
2024-08-26 07:26:45,SOLUSDT,bid,130,10674.876
2024-08-26 07:26:47,SOLUSDT,bid,155,5949.542
2024-08-26 07:27:21,SOLUSDT,bid,120,33897.47
2024-08-26 07:27:34,SOLUSDT,bid,155,5945.38
2024-08-26 07:27:46,SOLUSDT,bid,156,3323.28
2024-08-26 07:27:53,SOLUSDT,bid,156,3320.28
2024-08-26 07:28:11,SOLUSDT,ask,184,4909.433
2024-08-26 07:28:22,SOLUSDT,bid,150,6051.556
2024-08-26 07:28:31,SOLUSDT,bid,156,3352.331
2024-08-26 07:28:49,SOLUSDT,ask,165,16468.01
2024-08-26 07:29:04,SOLUSDT,ask,163,5703.782
2024-08-26 07:29:16,SOLUSDT,ask,165,16468.616
2024-08-26 07:29:18,SOLUSDT,ask,165,16468.893
2024-08-26 07:29:19,SOLUSDT,bid,155,4977.771
2024-08-26 07:29:29,SOLUSDT,bid,140,10739.897
2024-08-26 07:29:50,SOLUSDT,ask,168,11080.836
2024-08-26 07:29:54,SOLUSDT,bid,155,4978.271
2024-08-26 07:30:04,SOLUSDT,bid,156,3352.843
2024-08-26 07:30:05,SOLUSDT,ask,185,19131.651
2024-08-26 07:30:07,SOLUSDT,ask,172,2975.433
2024-08-26 07:30:10,SOLUSDT,bid,120,33900.569
2024-08-26 07:30:15,SOLUSDT,ask,170,13849.631
2024-08-26 07:30:15,SOLUSDT,ask,198,5060.21
2024-08-26 07:30:16,SOLUSDT,bid,143,4873.995
2024-08-26 07:30:18,SOLUSDT,bid,111,12446.65
2024-08-26 07:30:21,SOLUSDT,ask,169,7550.322
2024-08-26 07:30:22,SOLUSDT,ask,206,4234.889
2024-08-26 07:30:22,SOLUSDT,ask,162,6603.692
2024-08-26 07:30:27,SOLUSDT,ask,215,4398.657
2024-08-26 07:30:46,SOLUSDT,bid,156,3352.804
2024-08-26 07:30:46,SOLUSDT,bid,141,3934.175
2024-08-26 07:30:46,SOLUSDT,bid,135,13796.952
2024-08-26 07:30:46,SOLUSDT,ask,165,16468.854
2024-08-26 07:30:46,SOLUSDT,ask,180,22876.251
2024-08-26 07:30:46,SOLUSDT,bid,150,6051.517
2024-08-26 07:30:46,SOLUSDT,bid,138,4699.608
2024-08-26 07:30:46,SOLUSDT,ask,168,11080.797
2024-08-26 07:30:46,SOLUSDT,bid,143,4873.917
2024-08-26 07:30:47,SOLUSDT,bid,143,4873.839
2024-08-26 07:30:47,SOLUSDT,bid,143,4873.761
2024-08-26 07:30:49,SOLUSDT,bid,143,4873.683
2024-08-26 07:30:53,SOLUSDT,ask,175,11147.747
2024-08-26 07:30:53,SOLUSDT,bid,143,4873.527
2024-08-26 07:30:55,SOLUSDT,bid,143,4873.449
2024-08-26 07:30:57,SOLUSDT,bid,143,4873.371
2024-08-26 07:30:58,SOLUSDT,bid,143,4873.215
2024-08-26 07:30:58,SOLUSDT,bid,143,4873.137
2024-08-26 07:31:02,SOLUSDT,ask,170,13849.124
2024-08-26 07:31:04,SOLUSDT,ask,169,7547.107
2024-08-26 07:31:11,SOLUSDT,ask,166,3291.465
2024-08-26 07:31:11,SOLUSDT,bid,143,4873.244
2024-08-26 07:31:36,SOLUSDT,ask,172,2976.442
2024-08-26 07:31:52,SOLUSDT,bid,143,4873.137
2024-08-26 07:31:59,SOLUSDT,ask,172,2975.397
2024-08-26 07:32:23,SOLUSDT,ask,172,2974.388
2024-08-26 07:32:28,SOLUSDT,bid,157,3713.244
2024-08-26 07:32:52,SOLUSDT,bid,147,34241.748
2024-08-26 07:33:21,SOLUSDT,bid,155,5078.271
2024-08-26 07:33:26,SOLUSDT,ask,192,3067.824
2024-08-26 07:33:47,SOLUSDT,ask,172,2975.397
2024-08-26 07:33:51,SOLUSDT,ask,170,13855.006
2024-08-26 07:34:12,SOLUSDT,bid,157,3783.964
2024-08-26 07:34:16,SOLUSDT,ask,165,16461.659
2024-08-26 07:34:25,SOLUSDT,bid,155,5076.637
2024-08-26 07:34:52,SOLUSDT,ask,162,6597.709
2024-08-26 07:35:02,SOLUSDT,bid,150,6051.857
2024-08-26 07:35:09,SOLUSDT,ask,165,16464.262
2024-08-26 07:35:22,SOLUSDT,bid,142,4129.909
2024-08-26 07:35:55,SOLUSDT,ask,180,22878.194
2024-08-26 07:36:21,SOLUSDT,ask,163,5703.832
2024-08-26 07:36:23,SOLUSDT,ask,188,13099.412
2024-08-26 07:36:38,SOLUSDT,bid,155,5079.755
2024-08-26 07:36:53,SOLUSDT,bid,157,3790.232
2024-08-26 07:36:53,SOLUSDT,ask,170,13855.077
2024-08-26 07:37:02,SOLUSDT,ask,170,13855.006
2024-08-26 07:37:08,SOLUSDT,bid,157,3783.964
2024-08-26 07:37:18,SOLUSDT,bid,140,12281.076
2024-08-26 07:37:31,SOLUSDT,ask,165,16541.015
2024-08-26 07:38:00,SOLUSDT,ask,163,5672.934
2024-08-26 07:38:00,SOLUSDT,ask,165,16571.913
2024-08-26 07:38:00,SOLUSDT,ask,162,6606.079
2024-08-26 07:38:10,SOLUSDT,ask,162,6597.709
2024-08-26 07:38:11,SOLUSDT,ask,168,11064.054
2024-08-26 07:38:19,SOLUSDT,bid,136,7093.549
2024-08-26 07:38:19,SOLUSDT,bid,155,5063.624
2024-08-26 07:38:35,SOLUSDT,bid,155,5065.624
2024-08-26 07:38:38,SOLUSDT,bid,140,12281.005
2024-08-26 07:38:40,SOLUSDT,ask,196,2971.443
2024-08-26 07:38:57,SOLUSDT,ask,175,11146.329
2024-08-26 07:38:58,SOLUSDT,bid,148,34392.838
2024-08-26 07:38:59,SOLUSDT,bid,155,5065.559
2024-08-26 07:39:33,SOLUSDT,ask,162,6602.709
2024-08-26 07:39:37,SOLUSDT,bid,130,10667.367
2024-08-26 07:39:45,SOLUSDT,ask,169,7545.859
2024-08-26 07:39:46,SOLUSDT,ask,185,19134.311
2024-08-26 07:39:47,SOLUSDT,ask,163,5671.434
2024-08-26 07:39:49,SOLUSDT,ask,185,19153.161
2024-08-26 07:40:05,SOLUSDT,ask,170,13850.431
2024-08-26 07:40:09,SOLUSDT,ask,162,6570.135
2024-08-26 07:40:12,SOLUSDT,bid,157,3879.853
2024-08-26 07:40:22,SOLUSDT,bid,145,4370.549
2024-08-26 07:40:27,SOLUSDT,ask,172,2974.388
2024-08-26 07:40:30,SOLUSDT,ask,162,6565.135
2024-08-26 07:40:46,SOLUSDT,ask,165,16570.925
2024-08-26 07:40:52,SOLUSDT,bid,155,5078.462
2024-08-26 07:41:02,SOLUSDT,bid,155,5076.462
2024-08-26 07:41:06,SOLUSDT,bid,156,3355.368
2024-08-26 07:41:12,SOLUSDT,bid,154,3286.851
2024-08-26 07:41:16,SOLUSDT,bid,157,3657.095
2024-08-26 07:41:21,SOLUSDT,bid,155,5092.286
2024-08-26 07:41:21,SOLUSDT,bid,157,4527.25
2024-08-26 07:41:21,SOLUSDT,bid,150,6051.891
2024-08-26 07:41:30,SOLUSDT,bid,154,3284.851
2024-08-26 07:41:35,SOLUSDT,bid,155,5092.32
2024-08-26 07:41:35,SOLUSDT,bid,150,6051.857
2024-08-26 07:41:37,SOLUSDT,bid,145,4369.86
2024-08-26 07:41:38,SOLUSDT,bid,157,4569.583
2024-08-26 07:41:42,SOLUSDT,bid,150,6051.937
2024-08-26 07:41:51,SOLUSDT,bid,143,4873.215
2024-08-26 07:41:51,SOLUSDT,bid,143,4873.293
2024-08-26 07:41:53,SOLUSDT,bid,143,4873.371
2024-08-26 07:41:53,SOLUSDT,bid,143,4873.449
2024-08-26 07:41:53,SOLUSDT,bid,143,4873.527
2024-08-26 07:41:54,SOLUSDT,bid,143,4873.605
2024-08-26 07:41:54,SOLUSDT,bid,143,4873.761
2024-08-26 07:41:54,SOLUSDT,bid,143,4873.839
2024-08-26 07:41:54,SOLUSDT,bid,143,4873.917
2024-08-26 07:41:55,SOLUSDT,bid,143,4873.995
2024-08-26 07:41:55,SOLUSDT,bid,143,4874.073
2024-08-26 07:41:55,SOLUSDT,bid,143,4874.151
2024-08-26 07:41:55,SOLUSDT,bid,143,4874.229
2024-08-26 07:41:58,SOLUSDT,ask,180,22876.251
2024-08-26 07:42:00,SOLUSDT,bid,150,6051.857
2024-08-26 07:42:01,SOLUSDT,bid,140,12280.889
2024-08-26 07:42:02,SOLUSDT,bid,157,3676.154
2024-08-26 07:42:09,SOLUSDT,bid,136,7381.811
2024-08-26 07:42:09,SOLUSDT,bid,156,3368.188
2024-08-26 07:42:24,SOLUSDT,bid,131,8627.098
2024-08-26 07:42:33,SOLUSDT,bid,156,3365.624
2024-08-26 07:42:33,SOLUSDT,bid,131,8826.715
2024-08-26 07:42:46,SOLUSDT,bid,156,3366.124
2024-08-26 07:42:46,SOLUSDT,ask,205,10093.466
2024-08-26 07:42:56,SOLUSDT,bid,156,3353.304
2024-08-26 07:43:02,SOLUSDT,bid,155,5092.82
2024-08-26 07:43:07,SOLUSDT,ask,170,13850.503
2024-08-26 07:43:09,SOLUSDT,ask,205,10094.229
2024-08-26 07:43:14,SOLUSDT,bid,156,3369.128
2024-08-26 07:43:14,SOLUSDT,bid,155,5076.996
2024-08-26 07:43:18,SOLUSDT,bid,154,3284.892
2024-08-26 07:43:18,SOLUSDT,ask,163,5671.674
2024-08-26 07:43:19,SOLUSDT,ask,175,11149.602
2024-08-26 07:43:23,SOLUSDT,ask,170,13856.503
2024-08-26 07:43:25,SOLUSDT,ask,170,13856.431
2024-08-26 07:43:28,SOLUSDT,ask,163,5688.302
2024-08-26 07:43:35,SOLUSDT,ask,163,5714.598
2024-08-26 07:43:38,SOLUSDT,ask,165,16568.322
2024-08-26 07:43:40,SOLUSDT,bid,145,4375.223
2024-08-26 07:43:42,SOLUSDT,bid,156,3381.948
2024-08-26 07:44:07,SOLUSDT,ask,163,5718.491
2024-08-26 07:44:11,SOLUSDT,bid,156,3369.128
2024-08-26 07:44:16,SOLUSDT,ask,180,22866.261
2024-08-26 07:44:20,SOLUSDT,bid,155,5087.263
2024-08-26 07:44:21,SOLUSDT,bid,157,3595.235
2024-08-26 07:44:24,SOLUSDT,bid,145,4374.534
2024-08-26 07:44:24,SOLUSDT,bid,143,4873.53
2024-08-26 07:44:26,SOLUSDT,bid,157,3697.817
2024-08-26 07:44:26,SOLUSDT,ask,165,16584.044
2024-08-26 07:44:39,SOLUSDT,bid,147,34241.839
2024-08-26 07:44:51,SOLUSDT,bid,90,9666.703
2024-08-26 07:44:54,SOLUSDT,ask,170,13850.431
2024-08-26 07:44:54,SOLUSDT,ask,180,22872.261
2024-08-26 07:44:56,SOLUSDT,ask,163,5718.391
2024-08-26 07:44:57,SOLUSDT,bid,118,4481.48
2024-08-26 07:45:06,SOLUSDT,bid,147,34241.748
2024-08-26 07:45:09,SOLUSDT,bid,156,3374.128
2024-08-26 07:45:22,SOLUSDT,bid,157,3671.954
2024-08-26 07:45:24,SOLUSDT,bid,157,3725.323
2024-08-26 07:45:25,SOLUSDT,bid,157,3674.918
2024-08-26 07:45:36,SOLUSDT,bid,140,12281.005
2024-08-26 07:45:42,SOLUSDT,bid,140,12281.95
2024-08-26 07:45:48,SOLUSDT,bid,157,3668.618
2024-08-26 07:46:02,SOLUSDT,bid,157,4559.41
2024-08-26 07:46:10,SOLUSDT,bid,156,3694.64
2024-08-26 07:46:13,SOLUSDT,bid,157,3683.27
2024-08-26 07:46:13,SOLUSDT,bid,155,5090.737
2024-08-26 07:46:17,SOLUSDT,bid,155,5087.263
2024-08-26 07:46:23,SOLUSDT,bid,156,3694.705
2024-08-26 07:46:24,SOLUSDT,bid,140,12281.834
2024-08-26 07:46:27,SOLUSDT,bid,155,5074.36
2024-08-26 07:46:28,SOLUSDT,bid,156,3576.007
2024-08-26 07:46:29,SOLUSDT,bid,140,12285.681
2024-08-26 07:46:30,SOLUSDT,bid,155,5064.093
2024-08-26 07:46:32,SOLUSDT,ask,170,13851.188
2024-08-26 07:46:34,SOLUSDT,bid,140,12285.797
2024-08-26 07:46:35,SOLUSDT,bid,145,4375.291
2024-08-26 07:46:52,SOLUSDT,bid,156,3255.495
2024-08-26 07:47:01,SOLUSDT,bid,150,5951.857
2024-08-26 07:47:08,SOLUSDT,ask,180,22866.261
2024-08-26 07:47:22,SOLUSDT,ask,193,5764.868
2024-08-26 07:47:29,SOLUSDT,bid,150,5949.944
2024-08-26 07:47:30,SOLUSDT,bid,155,5061.246
2024-08-26 07:48:01,SOLUSDT,bid,143,4573.53
2024-08-26 07:48:16,SOLUSDT,bid,150,5952.372
2024-08-26 07:48:19,SOLUSDT,bid,157,3694.413
2024-08-26 07:48:25,SOLUSDT,bid,155,5068.643
2024-08-26 07:48:35,SOLUSDT,bid,157,3688.117
2024-08-26 07:48:35,SOLUSDT,ask,200,45056.353
2024-08-26 07:48:40,SOLUSDT,ask,165,16583.7
2024-08-26 07:48:46,SOLUSDT,bid,150,5952.235
2024-08-26 07:48:49,SOLUSDT,bid,100,23590.277
2024-08-26 07:49:05,SOLUSDT,ask,188,13094.735
2024-08-26 07:49:15,SOLUSDT,bid,150,5952.381
2024-08-26 07:49:18,SOLUSDT,ask,200,44935.333
2024-08-26 07:49:33,SOLUSDT,bid,139,3905.351
2024-08-26 07:49:33,SOLUSDT,ask,165,16583.664
2024-08-26 07:50:06,SOLUSDT,ask,200,44935.3
2024-08-26 07:50:08,SOLUSDT,bid,156,3257.575
2024-08-26 07:50:09,SOLUSDT,bid,150,5952.455
2024-08-26 07:50:19,SOLUSDT,bid,157,3766.369
2024-08-26 07:50:20,SOLUSDT,bid,157,3706.1
2024-08-26 07:50:22,SOLUSDT,ask,165,16602.528
2024-08-26 07:50:28,SOLUSDT,bid,150,5952.381
2024-08-26 07:50:40,SOLUSDT,ask,170,13851.221
2024-08-26 07:50:41,SOLUSDT,ask,165,16749.255
2024-08-26 07:51:09,SOLUSDT,bid,156,3252.183
2024-08-26 07:51:11,SOLUSDT,ask,163,5717.772
2024-08-26 07:51:19,SOLUSDT,ask,250,18615.707
2024-08-26 07:51:20,SOLUSDT,bid,155,5071.644
2024-08-26 07:51:21,SOLUSDT,ask,170,13851.188
2024-08-26 07:51:21,SOLUSDT,ask,175,11148.712
2024-08-26 07:51:25,SOLUSDT,ask,166,3225.33
2024-08-26 07:51:36,SOLUSDT,ask,165,16748.406
2024-08-26 07:51:36,SOLUSDT,ask,175,11135.439
2024-08-26 07:51:36,SOLUSDT,bid,156,3253.452
2024-08-26 07:51:37,SOLUSDT,ask,163,5717.452
2024-08-26 07:51:37,SOLUSDT,bid,156,4593.147
2024-08-26 07:51:40,SOLUSDT,ask,175,10424.968
2024-08-26 07:51:45,SOLUSDT,bid,150,5939.048
2024-08-26 07:51:48,SOLUSDT,ask,180,22866.294
2024-08-26 07:51:51,SOLUSDT,bid,143,4573.452
2024-08-26 07:51:51,SOLUSDT,bid,143,4573.374
2024-08-26 07:51:52,SOLUSDT,ask,188,13094.8
2024-08-26 07:51:53,SOLUSDT,bid,143,4573.296
2024-08-26 07:51:53,SOLUSDT,bid,143,4573.218
2024-08-26 07:51:54,SOLUSDT,bid,143,4573.14
2024-08-26 07:51:54,SOLUSDT,bid,143,4573.062
2024-08-26 07:51:54,SOLUSDT,bid,143,4572.906
2024-08-26 07:51:54,SOLUSDT,bid,143,4572.828
2024-08-26 07:51:54,SOLUSDT,bid,143,4572.75
2024-08-26 07:51:55,SOLUSDT,bid,143,4572.672
2024-08-26 07:51:55,SOLUSDT,bid,143,4572.594
2024-08-26 07:51:55,SOLUSDT,bid,143,4572.516
2024-08-26 07:51:55,SOLUSDT,bid,143,4572.438
2024-08-26 07:52:04,SOLUSDT,bid,142,4130.409
2024-08-26 07:52:18,SOLUSDT,bid,158,3400.25
2024-08-26 07:52:22,SOLUSDT,bid,158,3395.25
2024-08-26 07:52:23,SOLUSDT,ask,200,44935.401
2024-08-26 07:52:28,SOLUSDT,bid,145,4375.812
2024-08-26 07:52:31,SOLUSDT,bid,158,3398.25
2024-08-26 07:52:35,SOLUSDT,bid,145,4392.812
2024-08-26 07:52:37,SOLUSDT,bid,156,3254.078
2024-08-26 07:52:52,SOLUSDT,bid,154,3285.269
2024-08-26 07:52:54,SOLUSDT,bid,145,4375.812
2024-08-26 07:52:57,SOLUSDT,ask,190,23175.562
2024-08-26 07:53:03,SOLUSDT,ask,220,16669.307
2024-08-26 07:53:08,SOLUSDT,bid,156,3255.078
2024-08-26 07:53:09,SOLUSDT,bid,133,9154.042
2024-08-26 07:53:25,SOLUSDT,bid,156,3256.453
2024-08-26 07:53:26,SOLUSDT,bid,156,3700.319
2024-08-26 07:53:35,SOLUSDT,bid,156,3257.458
2024-08-26 07:53:37,SOLUSDT,bid,156,3256.832
2024-08-26 07:53:38,SOLUSDT,bid,156,3255.563
2024-08-26 07:53:45,SOLUSDT,bid,142,4129.407
2024-08-26 07:54:18,SOLUSDT,ask,165,16738.883
2024-08-26 07:54:32,SOLUSDT,bid,154,3284.892
2024-08-26 07:54:38,SOLUSDT,ask,163,5718.452
2024-08-26 07:54:42,SOLUSDT,ask,163,5717.452
2024-08-26 07:54:46,SOLUSDT,bid,156,3253.483
2024-08-26 07:54:49,SOLUSDT,ask,167,7861.853
2024-08-26 07:55:23,SOLUSDT,ask,180,22864.296
2024-08-26 07:55:29,SOLUSDT,bid,156,3725.456
2024-08-26 07:55:38,SOLUSDT,bid,155,5072.644
2024-08-26 07:55:41,SOLUSDT,ask,166,3227.287
2024-08-26 07:55:50,SOLUSDT,bid,156,3700.319
2024-08-26 07:55:50,SOLUSDT,bid,100,23595.277
2024-08-26 07:55:59,SOLUSDT,bid,155,5073.291
2024-08-26 07:56:13,SOLUSDT,bid,145,4385.122
2024-08-26 07:56:29,SOLUSDT,bid,154,3286.397
2024-08-26 07:56:31,SOLUSDT,ask,175,10425.749
2024-08-26 07:56:55,SOLUSDT,bid,157,3606.809
2024-08-26 07:56:56,SOLUSDT,bid,150,5936.537
2024-08-26 07:56:58,SOLUSDT,ask,180,22866.294
2024-08-26 07:57:01,SOLUSDT,bid,156,3254.377
2024-08-26 07:57:14,SOLUSDT,ask,190,23174.56
2024-08-26 07:57:32,SOLUSDT,ask,163,5715.454
2024-08-26 07:58:12,SOLUSDT,bid,135,13797.923
2024-08-26 07:58:14,SOLUSDT,bid,155,5075.721
2024-08-26 07:58:15,SOLUSDT,bid,156,3255.338
2024-08-26 07:58:15,SOLUSDT,bid,155,5076.771
2024-08-26 07:58:24,SOLUSDT,bid,156,3256.741
2024-08-26 07:58:39,SOLUSDT,ask,200,44932.404
2024-08-26 07:58:44,SOLUSDT,ask,167,7883.521
2024-08-26 07:59:15,SOLUSDT,ask,165,16592.156
2024-08-26 07:59:32,SOLUSDT,ask,300,10408.807
2024-08-26 07:59:40,SOLUSDT,bid,145,4375.812
2024-08-26 07:59:41,SOLUSDT,ask,300,10367.82
2024-08-26 07:59:52,SOLUSDT,bid,110,20317.934
2024-08-26 07:59:56,SOLUSDT,bid,157,3806.809
2024-08-26 08:00:02,SOLUSDT,bid,100,23595.177
2024-08-26 08:00:06,SOLUSDT,ask,162,6570.135
2024-08-26 08:00:06,SOLUSDT,ask,185,19645.216
2024-08-26 08:00:12,SOLUSDT,ask,300,10408.807
2024-08-26 08:00:14,SOLUSDT,ask,162,6565.135
2024-08-26 08:00:22,SOLUSDT,bid,135,13797.66
2024-08-26 08:00:45,SOLUSDT,ask,165,16587.156
2024-08-26 08:01:01,SOLUSDT,bid,156,3243.265
2024-08-26 08:01:10,SOLUSDT,bid,115,16731.084
2024-08-26 08:01:32,SOLUSDT,bid,111,12444.849
2024-08-26 08:01:35,SOLUSDT,bid,133,9154.162
2024-08-26 08:01:37,SOLUSDT,bid,110,20318.217
2024-08-26 08:01:56,SOLUSDT,ask,163,5689.158
2024-08-26 08:02:15,SOLUSDT,ask,500,5754.69
2024-08-26 08:02:52,SOLUSDT,ask,167,7909.817
2024-08-26 08:02:54,SOLUSDT,bid,120,33900.469
2024-08-26 08:02:58,SOLUSDT,bid,110,20318.117
2024-08-26 08:03:13,SOLUSDT,bid,140,12256.49
2024-08-26 08:03:18,SOLUSDT,ask,185,19653.286
2024-08-26 08:03:37,SOLUSDT,ask,165,16588.156
2024-08-26 08:03:48,SOLUSDT,bid,155,5066.733
2024-08-26 08:04:07,SOLUSDT,bid,157,3806.809
2024-08-26 08:04:13,SOLUSDT,ask,165,16585.421
2024-08-26 08:04:13,SOLUSDT,ask,165,16585.334
2024-08-26 08:04:16,SOLUSDT,bid,155,5066.395
2024-08-26 08:04:16,SOLUSDT,bid,157,4126.38
2024-08-26 08:04:18,SOLUSDT,bid,157,4408.623
2024-08-26 08:04:18,SOLUSDT,ask,163,5823.08
2024-08-26 08:04:21,SOLUSDT,bid,145,4379.012
2024-08-26 08:04:22,SOLUSDT,bid,154,3280.397
2024-08-26 08:04:46,SOLUSDT,bid,140,12263.632
2024-08-26 08:04:58,SOLUSDT,bid,156,3241.178
2024-08-26 08:05:00,SOLUSDT,bid,141,3933.474
2024-08-26 08:05:02,SOLUSDT,bid,140,12261.49
2024-08-26 08:05:08,SOLUSDT,bid,156,3254.232
2024-08-26 08:05:09,SOLUSDT,ask,190,23205.958
2024-08-26 08:05:15,SOLUSDT,bid,150,5938.537
2024-08-26 08:05:18,SOLUSDT,ask,162,6565.003
2024-08-26 08:05:19,SOLUSDT,bid,155,5067.67
2024-08-26 08:06:02,SOLUSDT,bid,155,5069.753
2024-08-26 08:06:09,SOLUSDT,bid,155,5070.776
2024-08-26 08:06:11,SOLUSDT,bid,156,3255.232
2024-08-26 08:06:16,SOLUSDT,ask,170,13851.283
2024-08-26 08:06:22,SOLUSDT,bid,95,8063.862
2024-08-26 08:06:22,SOLUSDT,ask,168,11053.752
2024-08-26 08:06:24,SOLUSDT,bid,155,5262.34
2024-08-26 08:06:24,SOLUSDT,bid,138,4698.884
2024-08-26 08:06:26,SOLUSDT,bid,121,4372.684
2024-08-26 08:06:30,SOLUSDT,bid,155,5261.317
2024-08-26 08:06:36,SOLUSDT,ask,167,7909.877
2024-08-26 08:06:41,SOLUSDT,bid,150,5939.594
2024-08-26 08:07:28,SOLUSDT,bid,156,3258.187
2024-08-26 08:08:02,SOLUSDT,bid,157,4411.119
2024-08-26 08:08:10,SOLUSDT,bid,156,3257.187
2024-08-26 08:08:14,SOLUSDT,bid,140,12262.49
2024-08-26 08:08:39,SOLUSDT,bid,156,3257.813
2024-08-26 08:08:47,SOLUSDT,bid,121,4373.184
2024-08-26 08:08:52,SOLUSDT,ask,165,16582.412
2024-08-26 08:08:57,SOLUSDT,bid,154,3280.041
2024-08-26 08:09:02,SOLUSDT,bid,157,4408.623
2024-08-26 08:09:03,SOLUSDT,ask,165,16581.413
2024-08-26 08:09:05,SOLUSDT,bid,141,3915.445
2024-08-26 08:09:13,SOLUSDT,ask,170,13852.288
2024-08-26 08:09:14,SOLUSDT,bid,111,12439.681
2024-08-26 08:09:18,SOLUSDT,bid,156,3258.164
2024-08-26 08:09:18,SOLUSDT,bid,139,3905.566
2024-08-26 08:09:22,SOLUSDT,bid,139,3901.969
2024-08-26 08:09:23,SOLUSDT,bid,157,3699.942
2024-08-26 08:09:24,SOLUSDT,bid,125,9855.64
2024-08-26 08:09:26,SOLUSDT,bid,157,3687.707
2024-08-26 08:09:26,SOLUSDT,bid,155,5256.908
2024-08-26 08:09:27,SOLUSDT,ask,165,16593.534
2024-08-26 08:09:31,SOLUSDT,bid,156,3257.813
2024-08-26 08:09:34,SOLUSDT,ask,172,2974.562
2024-08-26 08:09:39,SOLUSDT,bid,156,3257.187
2024-08-26 08:09:39,SOLUSDT,bid,155,5257.261
2024-08-26 08:09:50,SOLUSDT,bid,157,4002.734
2024-08-26 08:09:55,SOLUSDT,bid,157,3996.429
2024-08-26 08:10:06,SOLUSDT,bid,100,23590.177
2024-08-26 08:10:13,SOLUSDT,bid,157,3668.03
2024-08-26 08:10:16,SOLUSDT,ask,170,13851.037
2024-08-26 08:10:23,SOLUSDT,ask,167,7909.867
2024-08-26 08:10:36,SOLUSDT,bid,155,5248.872
2024-08-26 08:10:50,SOLUSDT,ask,165,16592.733
2024-08-26 08:11:02,SOLUSDT,bid,157,3982.821
2024-08-26 08:11:02,SOLUSDT,bid,157,3976.521
2024-08-26 08:11:03,SOLUSDT,ask,175,10425.784
2024-08-26 08:11:04,SOLUSDT,bid,136,7376.535
2024-08-26 08:11:07,SOLUSDT,bid,155,5247.822
2024-08-26 08:11:10,SOLUSDT,bid,140,12264.234
2024-08-26 08:11:20,SOLUSDT,bid,156,3259.287
2024-08-26 08:11:21,SOLUSDT,bid,135,13797.568
2024-08-26 08:11:38,SOLUSDT,bid,155,5307.029
2024-08-26 08:11:40,SOLUSDT,bid,155,5306.676
2024-08-26 08:11:49,SOLUSDT,ask,167,7910.218
2024-08-26 08:11:50,SOLUSDT,bid,154,3280.397
2024-08-26 08:11:50,SOLUSDT,bid,154,3605.072
2024-08-26 08:11:59,SOLUSDT,bid,155,5306.26
2024-08-26 08:12:03,SOLUSDT,bid,157,3661.73
2024-08-26 08:12:34,SOLUSDT,bid,80,19047.324
2024-08-26 08:12:40,SOLUSDT,bid,155,5307.26
2024-08-26 08:12:44,SOLUSDT,ask,170,13847.072
2024-08-26 08:12:59,SOLUSDT,ask,163,5816.889
2024-08-26 08:13:05,SOLUSDT,bid,130,10666.983
2024-08-26 08:13:05,SOLUSDT,bid,155,5308.26
2024-08-26 08:13:07,SOLUSDT,bid,156,3251.234
2024-08-26 08:13:07,SOLUSDT,bid,140,12263.877
2024-08-26 08:13:09,SOLUSDT,bid,145,4378.437
2024-08-26 08:13:20,SOLUSDT,bid,157,3686.928
2024-08-26 08:13:20,SOLUSDT,bid,150,5940.209
2024-08-26 08:13:21,SOLUSDT,bid,157,3700.226
2024-08-26 08:13:26,SOLUSDT,ask,163,5823.08
2024-08-26 08:13:28,SOLUSDT,bid,155,5578.441
2024-08-26 08:13:38,SOLUSDT,bid,155,5577.39
2024-08-26 08:13:41,SOLUSDT,bid,156,3250.234
2024-08-26 08:13:41,SOLUSDT,bid,145,4378.545
2024-08-26 08:13:51,SOLUSDT,ask,175,10424.642
2024-08-26 08:13:59,SOLUSDT,bid,156,3242.344
2024-08-26 08:14:15,SOLUSDT,bid,156,3246.344
2024-08-26 08:14:23,SOLUSDT,bid,155,5578.152
2024-08-26 08:14:32,SOLUSDT,bid,145,4378.437
2024-08-26 08:14:38,SOLUSDT,bid,150,5940.78
2024-08-26 08:14:39,SOLUSDT,ask,185,19661.993
2024-08-26 08:15:01,SOLUSDT,bid,121,4372.809
2024-08-26 08:15:11,SOLUSDT,ask,185,19169.938
2024-08-26 08:15:47,SOLUSDT,bid,156,3233.29
2024-08-26 08:15:51,SOLUSDT,bid,143,4572.547
2024-08-26 08:15:53,SOLUSDT,bid,125,9854.44
2024-08-26 08:15:54,SOLUSDT,bid,142,3576.018
2024-08-26 08:16:03,SOLUSDT,ask,163,5689.158
2024-08-26 08:16:16,SOLUSDT,ask,163,5711.33
2024-08-26 08:16:32,SOLUSDT,bid,143,4572.438
2024-08-26 08:16:46,SOLUSDT,ask,200,44919.821
2024-08-26 08:16:52,SOLUSDT,bid,154,3604.716
2024-08-26 08:17:06,SOLUSDT,ask,198,5086.89
2024-08-26 08:17:16,SOLUSDT,bid,140,12274.288
2024-08-26 08:17:26,SOLUSDT,bid,142,3559.314
2024-08-26 08:17:41,SOLUSDT,bid,135,13815.139
2024-08-26 08:17:44,SOLUSDT,bid,150,5924.967
2024-08-26 08:17:51,SOLUSDT,bid,142,3576.017
2024-08-26 08:18:09,SOLUSDT,bid,155,5578.505
2024-08-26 08:18:10,SOLUSDT,bid,156,3232.579
2024-08-26 08:18:20,SOLUSDT,ask,165,16740.383
2024-08-26 08:18:22,SOLUSDT,ask,169,3153.29
2024-08-26 08:18:22,SOLUSDT,bid,120,33897.87
2024-08-26 08:18:46,SOLUSDT,ask,300,10409.807
2024-08-26 08:18:50,SOLUSDT,ask,169,3153.216
2024-08-26 08:18:54,SOLUSDT,bid,155,5858.134
2024-08-26 08:19:07,SOLUSDT,bid,155,5851.683
2024-08-26 08:19:07,SOLUSDT,bid,155,5851.33
2024-08-26 08:19:14,SOLUSDT,bid,155,5940.171
2024-08-26 08:19:17,SOLUSDT,bid,156,3233.579
2024-08-26 08:19:28,SOLUSDT,bid,155,5851.33
2024-08-26 08:19:37,SOLUSDT,ask,162,6570.003
2024-08-26 08:19:55,SOLUSDT,ask,168,11046.943
2024-08-26 08:20:08,SOLUSDT,bid,156,3233.912
2024-08-26 08:20:17,SOLUSDT,bid,156,3235.519
2024-08-26 08:20:32,SOLUSDT,ask,162,6565.003
2024-08-26 08:20:52,SOLUSDT,ask,165,16741.383
2024-08-26 08:21:13,SOLUSDT,bid,156,3236.019
2024-08-26 08:21:26,SOLUSDT,bid,125,9854.2
2024-08-26 08:21:59,SOLUSDT,bid,155,5770.085
2024-08-26 08:22:06,SOLUSDT,bid,155,5775.085
2024-08-26 08:22:29,SOLUSDT,bid,130,10676.759
2024-08-26 08:22:58,SOLUSDT,bid,130,10677.248
2024-08-26 08:23:15,SOLUSDT,bid,145,4387.778
2024-08-26 08:23:22,SOLUSDT,bid,150,5948.24
2024-08-26 08:23:31,SOLUSDT,ask,163,5711.385
2024-08-26 08:23:35,SOLUSDT,bid,143,4567.548
2024-08-26 08:23:36,SOLUSDT,ask,175,10421.642
2024-08-26 08:23:37,SOLUSDT,ask,185,19166.038
2024-08-26 08:23:38,SOLUSDT,bid,155,5777.085
2024-08-26 08:23:38,SOLUSDT,bid,110,20313.117
2024-08-26 08:23:43,SOLUSDT,bid,143,4572.438
2024-08-26 08:24:05,SOLUSDT,bid,155,5778.085
2024-08-26 08:24:14,SOLUSDT,bid,155,5724.085
2024-08-26 08:24:40,SOLUSDT,bid,155,5724.955
2024-08-26 08:25:04,SOLUSDT,bid,147,34241.848
2024-08-26 08:25:30,SOLUSDT,bid,147,34241.748
2024-08-26 08:25:36,SOLUSDT,bid,130,10676.987
2024-08-26 08:25:49,SOLUSDT,bid,140,12274.324
2024-08-26 08:25:54,SOLUSDT,ask,180,22478.315
2024-08-26 08:26:03,SOLUSDT,bid,120,33895.365
2024-08-26 08:26:40,SOLUSDT,ask,300,10416.086
2024-08-26 08:26:58,SOLUSDT,bid,142,3576.127
2024-08-26 08:27:11,SOLUSDT,bid,143,4528.21
2024-08-26 08:27:12,SOLUSDT,ask,175,10450.982
2024-08-26 08:27:15,SOLUSDT,ask,500,5757.27
2024-08-26 08:27:21,SOLUSDT,ask,167,7910.344
2024-08-26 08:27:24,SOLUSDT,ask,190,23593.937
2024-08-26 08:27:28,SOLUSDT,ask,500,5754.69
2024-08-26 08:27:34,SOLUSDT,ask,175,10421.642
2024-08-26 08:27:34,SOLUSDT,ask,180,22507.655
2024-08-26 08:27:39,SOLUSDT,bid,142,3576.017
2024-08-26 08:27:51,SOLUSDT,ask,175,10423.342
2024-08-26 08:27:59,SOLUSDT,ask,163,5715.381
2024-08-26 08:28:14,SOLUSDT,ask,165,16735.085
2024-08-26 08:28:18,SOLUSDT,bid,155,5724.085
2024-08-26 08:28:23,SOLUSDT,ask,163,5716.643
2024-08-26 08:28:33,SOLUSDT,ask,166,3262.361
2024-08-26 08:29:01,SOLUSDT,bid,155,5946.66
2024-08-26 08:30:00,SOLUSDT,bid,120,33891.471
2024-08-26 08:30:05,SOLUSDT,bid,155,5945.38
2024-08-26 08:30:13,SOLUSDT,ask,185,19171.283
2024-08-26 08:30:28,SOLUSDT,ask,163,5715.685
2024-08-26 08:30:30,SOLUSDT,ask,170,13851.248
2024-08-26 08:30:34,SOLUSDT,bid,131,8853.558
2024-08-26 08:30:36,SOLUSDT,bid,150,5950.109
2024-08-26 08:30:48,SOLUSDT,ask,163,5716.492
2024-08-26 08:30:54,SOLUSDT,ask,170,13849.845
2024-08-26 08:31:00,SOLUSDT,ask,163,5715.685
2024-08-26 08:31:13,SOLUSDT,bid,120,33893.029
2024-08-26 08:31:15,SOLUSDT,ask,195,13319.925
2024-08-26 08:31:16,SOLUSDT,bid,157,3706.522
2024-08-26 08:31:19,SOLUSDT,ask,172,2974.633
2024-08-26 08:31:23,SOLUSDT,bid,150,5940.925
2024-08-26 08:31:24,SOLUSDT,bid,157,4433.01
2024-08-26 08:31:33,SOLUSDT,ask,163,5714.423
2024-08-26 08:31:38,SOLUSDT,ask,172,2974.562
2024-08-26 08:31:40,SOLUSDT,bid,145,4387.887
2024-08-26 08:31:47,SOLUSDT,ask,170,13850.708
2024-08-26 08:31:54,SOLUSDT,bid,157,3566.077
2024-08-26 08:31:54,SOLUSDT,bid,155,3679.619
2024-08-26 08:31:56,SOLUSDT,ask,162,5552.319
2024-08-26 08:31:57,SOLUSDT,bid,143,4528.288
2024-08-26 08:32:19,SOLUSDT,bid,115,16730.65
2024-08-26 08:32:30,SOLUSDT,bid,145,4387.778
2024-08-26 08:32:43,SOLUSDT,bid,154,3603.677
2024-08-26 08:32:56,SOLUSDT,ask,165,16587.435
2024-08-26 08:33:04,SOLUSDT,ask,162,5551.619
2024-08-26 08:33:22,SOLUSDT,ask,163,5716.924
2024-08-26 08:33:24,SOLUSDT,bid,139,3909.163
2024-08-26 08:33:48,SOLUSDT,bid,80,19027.324
2024-08-26 08:34:05,SOLUSDT,ask,165,16584.635
2024-08-26 08:34:07,SOLUSDT,ask,168,11044.943
2024-08-26 08:34:08,SOLUSDT,ask,169,7544.859
2024-08-26 08:34:13,SOLUSDT,ask,165,16584.557
2024-08-26 08:34:17,SOLUSDT,bid,155,5736.859
2024-08-26 08:34:24,SOLUSDT,ask,167,7907.214
2024-08-26 08:34:30,SOLUSDT,ask,165,16585.557
2024-08-26 08:34:33,SOLUSDT,ask,169,7544.149
2024-08-26 08:34:39,SOLUSDT,ask,167,7910.344
2024-08-26 08:34:42,SOLUSDT,ask,168,11046.743
2024-08-26 08:34:54,SOLUSDT,ask,170,13852.708
2024-08-26 08:34:56,SOLUSDT,bid,157,3593.484
2024-08-26 08:34:56,SOLUSDT,ask,190,23594.252
2024-08-26 08:35:01,SOLUSDT,bid,150,5940.991
2024-08-26 08:35:11,SOLUSDT,ask,168,11047.933
2024-08-26 08:35:17,SOLUSDT,bid,143,4536.71
2024-08-26 08:35:21,SOLUSDT,ask,172,2974.633
2024-08-26 08:35:28,SOLUSDT,ask,163,5717.002
2024-08-26 08:35:30,SOLUSDT,ask,172,2974.562
2024-08-26 08:35:33,SOLUSDT,bid,135,13820.827
2024-08-26 08:35:38,SOLUSDT,bid,147,34236.748
2024-08-26 08:35:40,SOLUSDT,ask,165,16589.557
2024-08-26 08:36:06,SOLUSDT,ask,220,16668.307
2024-08-26 08:36:34,SOLUSDT,bid,125,9853.208
2024-08-26 08:36:55,SOLUSDT,bid,150,5939.178
2024-08-26 08:37:02,SOLUSDT,bid,157,3599.782
2024-08-26 08:37:10,SOLUSDT,bid,155,5741.965
2024-08-26 08:37:25,SOLUSDT,ask,500,5752.673
2024-08-26 08:37:30,SOLUSDT,ask,162,5552.562
2024-08-26 08:37:45,SOLUSDT,bid,155,5754.868
2024-08-26 08:37:45,SOLUSDT,bid,111,12445.681
2024-08-26 08:37:53,SOLUSDT,ask,165,16590.204
2024-08-26 08:37:54,SOLUSDT,ask,168,11044.933
2024-08-26 08:37:54,SOLUSDT,bid,155,5748.362
2024-08-26 08:37:54,SOLUSDT,bid,120,33893.445
2024-08-26 08:38:02,SOLUSDT,bid,100,23712.709
2024-08-26 08:38:31,SOLUSDT,bid,133,9154.462
2024-08-26 08:38:38,SOLUSDT,bid,120,33893.029
2024-08-26 08:38:42,SOLUSDT,ask,170,13852.783
2024-08-26 08:38:49,SOLUSDT,bid,155,5753.362
2024-08-26 08:39:00,SOLUSDT,ask,170,13852.708
2024-08-26 08:39:03,SOLUSDT,bid,120,33892.196
2024-08-26 08:39:11,SOLUSDT,bid,154,3604.164
2024-08-26 08:39:24,SOLUSDT,bid,155,5750.361
2024-08-26 08:39:54,SOLUSDT,bid,136,7298.535
2024-08-26 08:40:01,SOLUSDT,bid,155,4859.005
2024-08-26 08:40:34,SOLUSDT,bid,135,13820.9
2024-08-26 08:40:39,SOLUSDT,bid,155,4858.424
2024-08-26 08:40:54,SOLUSDT,bid,150,5939.783
2024-08-26 08:41:07,SOLUSDT,bid,135,13815.212
2024-08-26 08:41:13,SOLUSDT,ask,162,5553.192
2024-08-26 08:41:16,SOLUSDT,bid,130,10683.025
2024-08-26 08:41:20,SOLUSDT,bid,155,4845.65
2024-08-26 08:41:24,SOLUSDT,bid,155,4846.105
2024-08-26 08:41:29,SOLUSDT,ask,168,11034.933
2024-08-26 08:41:33,SOLUSDT,ask,170,13852.631
2024-08-26 08:41:57,SOLUSDT,bid,143,4536.632
2024-08-26 08:42:11,SOLUSDT,bid,157,4298.212
2024-08-26 08:42:20,SOLUSDT,bid,155,4846.75
2024-08-26 08:42:21,SOLUSDT,ask,193,5765.443
2024-08-26 08:42:21,SOLUSDT,ask,200,44919.246
2024-08-26 08:42:25,SOLUSDT,bid,150,5940.783
2024-08-26 08:42:31,SOLUSDT,ask,162,5574.362
2024-08-26 08:42:34,SOLUSDT,bid,155,4851.865
2024-08-26 08:42:34,SOLUSDT,bid,125,9853.071
2024-08-26 08:42:55,SOLUSDT,ask,170,13851.818
2024-08-26 08:42:55,SOLUSDT,bid,150,5941.116
2024-08-26 08:43:27,SOLUSDT,bid,155,5017.965
2024-08-26 08:43:36,SOLUSDT,ask,162,5628.354
2024-08-26 08:43:50,SOLUSDT,bid,143,4536.563
2024-08-26 08:43:53,SOLUSDT,bid,131,8853.482
2024-08-26 08:43:57,SOLUSDT,bid,111,12445.591
2024-08-26 08:44:02,SOLUSDT,bid,150,5941.153
2024-08-26 08:44:02,SOLUSDT,ask,165,16590.241
2024-08-26 08:44:11,SOLUSDT,ask,182,7983.448
2024-08-26 08:44:21,SOLUSDT,bid,143,4536.598
2024-08-26 08:44:31,SOLUSDT,bid,141,3914.715
2024-08-26 08:44:33,SOLUSDT,bid,125,9853.151
2024-08-26 08:45:29,SOLUSDT,bid,154,3604.304
2024-08-26 08:46:09,SOLUSDT,bid,155,5021.19
2024-08-26 08:46:30,SOLUSDT,bid,138,4710.593
2024-08-26 08:46:39,SOLUSDT,ask,191,5361.486
2024-08-26 08:46:51,SOLUSDT,ask,162,5629.169
2024-08-26 08:46:58,SOLUSDT,ask,175,10423.307
2024-08-26 08:46:59,SOLUSDT,ask,162,5629.044
2024-08-26 08:47:00,SOLUSDT,ask,167,7910.294
2024-08-26 08:47:22,SOLUSDT,bid,148,34392.918
2024-08-26 08:47:25,SOLUSDT,ask,162,5631.112
2024-08-26 08:47:49,SOLUSDT,bid,148,34392.838
2024-08-26 08:47:51,SOLUSDT,ask,170,13850.955
2024-08-26 08:47:59,SOLUSDT,ask,167,7908.858
2024-08-26 08:48:12,SOLUSDT,ask,170,13851.027
2024-08-26 08:48:12,SOLUSDT,ask,162,5630.704
2024-08-26 08:48:19,SOLUSDT,ask,162,5632.14
2024-08-26 08:48:23,SOLUSDT,ask,170,13850.955
2024-08-26 08:48:26,SOLUSDT,ask,175,10422.907
2024-08-26 08:48:28,SOLUSDT,bid,150,5942.153
2024-08-26 08:48:42,SOLUSDT,bid,155,5022.48
2024-08-26 08:49:25,SOLUSDT,bid,140,12274.233
2024-08-26 08:49:28,SOLUSDT,bid,156,3225.883
2024-08-26 08:49:36,SOLUSDT,ask,180,22623.773
2024-08-26 08:49:38,SOLUSDT,bid,133,9154.558
2024-08-26 08:49:48,SOLUSDT,ask,165,16588.7
2024-08-26 08:49:52,SOLUSDT,ask,162,5632.506
2024-08-26 08:49:53,SOLUSDT,ask,180,22613.773
2024-08-26 08:49:54,SOLUSDT,ask,162,5633.162
2024-08-26 08:50:03,SOLUSDT,bid,155,5031.368
2024-08-26 08:50:04,SOLUSDT,ask,165,16596.7
2024-08-26 08:50:09,SOLUSDT,ask,162,5638.162
2024-08-26 08:50:14,SOLUSDT,bid,155,5011.82
2024-08-26 08:50:17,SOLUSDT,ask,180,22671.109
2024-08-26 08:50:23,SOLUSDT,bid,95,8063.862
2024-08-26 08:50:32,SOLUSDT,ask,180,22678.331
2024-08-26 08:50:41,SOLUSDT,bid,121,4372.951
2024-08-26 08:50:44,SOLUSDT,bid,133,9154.462
2024-08-26 08:50:46,SOLUSDT,bid,145,4372.714
2024-08-26 08:50:49,SOLUSDT,ask,162,5639.17
2024-08-26 08:50:52,SOLUSDT,bid,155,5025.912
2024-08-26 08:50:52,SOLUSDT,bid,155,5033.34
2024-08-26 08:50:56,SOLUSDT,ask,190,23594.123
2024-08-26 08:51:01,SOLUSDT,bid,158,3241.881
2024-08-26 08:51:02,SOLUSDT,bid,143,4536.682
2024-08-26 08:51:03,SOLUSDT,bid,145,4372.81
2024-08-26 08:51:04,SOLUSDT,bid,158,3199.9
2024-08-26 08:51:04,SOLUSDT,bid,158,3180.466
2024-08-26 08:51:06,SOLUSDT,bid,158,3168.582
2024-08-26 08:51:07,SOLUSDT,bid,158,3168.648
2024-08-26 08:51:07,SOLUSDT,bid,158,3168.582
2024-08-26 08:51:08,SOLUSDT,bid,157,4390.631
2024-08-26 08:51:08,SOLUSDT,bid,158,3862.916
2024-08-26 08:51:08,SOLUSDT,bid,156,3685.757
2024-08-26 08:51:08,SOLUSDT,bid,158,3868.459
2024-08-26 08:51:09,SOLUSDT,bid,158,3897.446
2024-08-26 08:51:09,SOLUSDT,bid,158,3760.152
2024-08-26 08:51:09,SOLUSDT,bid,158,3789.138
2024-08-26 08:51:09,SOLUSDT,bid,158,3994.694
2024-08-26 08:51:09,SOLUSDT,bid,158,3974.723
2024-08-26 08:51:09,SOLUSDT,ask,163,5716.632
2024-08-26 08:51:10,SOLUSDT,bid,158,3975.307
2024-08-26 08:51:10,SOLUSDT,bid,156,3624.701
2024-08-26 08:51:10,SOLUSDT,bid,158,3940.779
2024-08-26 08:51:11,SOLUSDT,bid,158,3942.989
2024-08-26 08:51:12,SOLUSDT,bid,158,3851.045
2024-08-26 08:51:16,SOLUSDT,ask,196,2973.951
2024-08-26 08:51:18,SOLUSDT,ask,196,2971.443
2024-08-26 08:51:19,SOLUSDT,ask,162,5639.588
2024-08-26 08:51:19,SOLUSDT,ask,163,5696.599
2024-08-26 08:51:19,SOLUSDT,ask,165,16590.531
2024-08-26 08:51:20,SOLUSDT,bid,135,13815.294
2024-08-26 08:51:22,SOLUSDT,bid,155,5024.452
2024-08-26 08:51:22,SOLUSDT,bid,145,4372.714
2024-08-26 08:51:28,SOLUSDT,bid,140,12274.696
2024-08-26 08:51:34,SOLUSDT,ask,163,5941.927
2024-08-26 08:51:38,SOLUSDT,ask,165,16577.461
2024-08-26 08:51:40,SOLUSDT,ask,162,5642.658
2024-08-26 08:51:41,SOLUSDT,bid,155,5024.589
2024-08-26 08:51:45,SOLUSDT,bid,150,5946.837
2024-08-26 08:51:46,SOLUSDT,ask,163,5696.599
2024-08-26 08:51:50,SOLUSDT,bid,155,5024.755
2024-08-26 08:51:52,SOLUSDT,bid,100,23904.72
2024-08-26 08:52:02,SOLUSDT,bid,155,5024.618
2024-08-26 08:52:09,SOLUSDT,ask,195,13313.712
2024-08-26 08:52:12,SOLUSDT,bid,155,5024.755
2024-08-26 08:52:14,SOLUSDT,ask,210,24774.73
2024-08-26 08:52:18,SOLUSDT,bid,140,12271.125
2024-08-26 08:52:33,SOLUSDT,bid,155,5024.481
2024-08-26 08:52:36,SOLUSDT,ask,190,23596.168
2024-08-26 08:52:42,SOLUSDT,bid,155,5024.618
2024-08-26 08:52:49,SOLUSDT,bid,135,13825.294
2024-08-26 08:52:55,SOLUSDT,bid,154,3571.837
2024-08-26 08:52:55,SOLUSDT,bid,120,33909.971
2024-08-26 08:52:56,SOLUSDT,bid,155,4992.36
2024-08-26 08:53:02,SOLUSDT,bid,155,4998.136
2024-08-26 08:53:18,SOLUSDT,ask,215,4398.53
2024-08-26 08:53:18,SOLUSDT,ask,162,5677.623
2024-08-26 08:53:20,SOLUSDT,ask,162,5721.962
2024-08-26 08:53:24,SOLUSDT,bid,130,10673.025
2024-08-26 08:53:25,SOLUSDT,ask,165,16547.609
2024-08-26 08:53:40,SOLUSDT,ask,167,7898.15
2024-08-26 08:54:00,SOLUSDT,ask,190,23594.123
2024-08-26 08:54:00,SOLUSDT,ask,192,3069.869
2024-08-26 08:54:28,SOLUSDT,ask,162,5723.578
2024-08-26 08:54:29,SOLUSDT,ask,210,24774.46
2024-08-26 08:54:33,SOLUSDT,bid,142,3575.961
2024-08-26 08:54:35,SOLUSDT,ask,162,5726.575
2024-08-26 08:54:41,SOLUSDT,ask,170,13838.142
2024-08-26 08:54:41,SOLUSDT,bid,154,3571.89
2024-08-26 08:54:43,SOLUSDT,bid,154,3569.935
2024-08-26 08:54:43,SOLUSDT,bid,150,5945.919
2024-08-26 08:54:45,SOLUSDT,bid,120,33905.805
2024-08-26 08:54:49,SOLUSDT,bid,155,5000.071
2024-08-26 08:54:53,SOLUSDT,bid,147,34236.711
2024-08-26 08:54:53,SOLUSDT,ask,166,3262.469
2024-08-26 08:54:54,SOLUSDT,ask,162,5841.575
2024-08-26 08:54:55,SOLUSDT,ask,190,23594.393
2024-08-26 08:54:55,SOLUSDT,bid,135,13824.986
2024-08-26 08:54:58,SOLUSDT,bid,155,5000.171
2024-08-26 08:55:01,SOLUSDT,ask,170,13840.67
2024-08-26 08:55:09,SOLUSDT,bid,154,3570.035
2024-08-26 08:55:18,SOLUSDT,ask,180,22681.322
2024-08-26 08:55:19,SOLUSDT,bid,130,10673.345
2024-08-26 08:55:25,SOLUSDT,ask,180,22665.812
2024-08-26 08:55:27,SOLUSDT,bid,143,4536.79
2024-08-26 08:55:28,SOLUSDT,bid,135,13825.115
2024-08-26 08:55:30,SOLUSDT,bid,156,3205.921
2024-08-26 08:55:33,SOLUSDT,bid,156,3231.208
2024-08-26 08:55:38,SOLUSDT,bid,156,3228.003
2024-08-26 08:55:50,SOLUSDT,bid,143,4536.682
2024-08-26 08:56:11,SOLUSDT,bid,155,5000.103
2024-08-26 08:56:22,SOLUSDT,bid,125,10253.151
2024-08-26 08:56:26,SOLUSDT,ask,162,5842.251
2024-08-26 08:56:34,SOLUSDT,bid,147,34236.748
2024-08-26 08:56:38,SOLUSDT,ask,190,23593.322
2024-08-26 08:56:45,SOLUSDT,bid,143,4535.682
2024-08-26 08:57:01,SOLUSDT,ask,198,5087.017
2024-08-26 08:57:09,SOLUSDT,ask,190,23591.73
2024-08-26 08:57:15,SOLUSDT,bid,145,4372.714
2024-08-26 08:57:19,SOLUSDT,ask,162,5843.251
2024-08-26 08:57:32,SOLUSDT,bid,156,3227.811
2024-08-26 08:57:36,SOLUSDT,bid,145,4372.852
2024-08-26 08:57:53,SOLUSDT,bid,140,12280.826
2024-08-26 08:57:56,SOLUSDT,bid,143,4538.682
2024-08-26 08:57:56,SOLUSDT,bid,136,7298.682
2024-08-26 08:57:58,SOLUSDT,bid,110,20313.617
2024-08-26 08:58:02,SOLUSDT,bid,156,3627.206
2024-08-26 08:58:08,SOLUSDT,bid,155,4961.956
2024-08-26 08:58:14,SOLUSDT,ask,240,5843.236
2024-08-26 08:58:18,SOLUSDT,bid,145,4369.852
2024-08-26 08:58:18,SOLUSDT,bid,143,4535.682
2024-08-26 08:58:21,SOLUSDT,bid,100,23905.22
2024-08-26 08:58:24,SOLUSDT,bid,142,3575.891
2024-08-26 08:58:31,SOLUSDT,ask,180,22679.727
2024-08-26 08:58:32,SOLUSDT,bid,156,3227.812
2024-08-26 08:58:39,SOLUSDT,bid,141,3911.169
2024-08-26 08:58:39,SOLUSDT,bid,140,12277.255
2024-08-26 08:58:39,SOLUSDT,bid,139,3905.566
2024-08-26 08:58:39,SOLUSDT,bid,138,4706.97
2024-08-26 08:58:39,SOLUSDT,bid,136,7287.654
2024-08-26 08:58:39,SOLUSDT,bid,135,13821.412
2024-08-26 08:58:39,SOLUSDT,bid,130,10661.807
2024-08-26 08:58:39,SOLUSDT,bid,125,10249.151
2024-08-26 08:58:39,SOLUSDT,bid,120,33901.639
2024-08-26 08:58:50,SOLUSDT,bid,156,3227.811
2024-08-26 08:58:51,SOLUSDT,bid,155,5015.456
2024-08-26 08:58:51,SOLUSDT,bid,154,3566.789
2024-08-26 08:58:53,SOLUSDT,bid,155,5012.231
2024-08-26 08:58:54,SOLUSDT,bid,156,3224.606
2024-08-26 08:58:56,SOLUSDT,ask,167,7872.805
2024-08-26 08:59:02,SOLUSDT,bid,156,3624.701
2024-08-26 08:59:09,SOLUSDT,bid,120,33903.033
2024-08-26 08:59:14,SOLUSDT,bid,110,20315.139
2024-08-26 08:59:14,SOLUSDT,ask,170,13839.885
2024-08-26 08:59:26,SOLUSDT,ask,162,5843.561
2024-08-26 08:59:27,SOLUSDT,ask,168,11029.743
2024-08-26 08:59:27,SOLUSDT,bid,141,3946.629
2024-08-26 08:59:42,SOLUSDT,bid,150,5967.354
2024-08-26 08:59:53,SOLUSDT,bid,155,5011.532
2024-08-26 08:59:58,SOLUSDT,bid,155,5727.753
2024-08-26 08:59:59,SOLUSDT,ask,162,5843.251
2024-08-26 09:00:06,SOLUSDT,bid,143,4538.682
2024-08-26 09:00:11,SOLUSDT,ask,200,44894.27
2024-08-26 09:00:12,SOLUSDT,bid,142,3576.979
2024-08-26 09:00:20,SOLUSDT,bid,145,4384.611
2024-08-26 09:00:34,SOLUSDT,bid,130,10655.769
2024-08-26 09:00:35,SOLUSDT,ask,163,5695.599
2024-08-26 09:00:50,SOLUSDT,ask,162,5844.49
2024-08-26 09:00:55,SOLUSDT,ask,162,5847.828
2024-08-26 09:00:58,SOLUSDT,ask,162,5853.477
2024-08-26 09:01:03,SOLUSDT,bid,115,16731.954
2024-08-26 09:01:04,SOLUSDT,ask,170,13837.833
2024-08-26 09:01:06,SOLUSDT,ask,175,10381.73
2024-08-26 09:01:08,SOLUSDT,ask,162,5852.474
2024-08-26 09:01:23,SOLUSDT,bid,121,4381.215
2024-08-26 09:01:30,SOLUSDT,ask,190,23576.312
2024-08-26 09:01:33,SOLUSDT,ask,193,5765.356
2024-08-26 09:01:36,SOLUSDT,bid,150,5980.687
2024-08-26 09:01:51,SOLUSDT,bid,145,4384.27
2024-08-26 09:01:53,SOLUSDT,bid,145,4398.063
2024-08-26 09:01:54,SOLUSDT,ask,190,23550.044
2024-08-26 09:01:56,SOLUSDT,ask,170,13839.885
2024-08-26 09:01:57,SOLUSDT,ask,170,13839.915
2024-08-26 09:01:59,SOLUSDT,bid,142,3591.063
2024-08-26 09:02:01,SOLUSDT,bid,147,34236.85
2024-08-26 09:02:01,SOLUSDT,bid,145,4400.131
2024-08-26 09:02:02,SOLUSDT,ask,185,19172.788
2024-08-26 09:02:05,SOLUSDT,bid,140,12298.683
2024-08-26 09:02:07,SOLUSDT,bid,148,34392.925
2024-08-26 09:02:08,SOLUSDT,bid,150,5972.02
2024-08-26 09:02:09,SOLUSDT,ask,167,7872.655
2024-08-26 09:02:12,SOLUSDT,bid,148,34392.838
2024-08-26 09:02:12,SOLUSDT,bid,155,5019.306
2024-08-26 09:02:14,SOLUSDT,bid,145,4400.223
2024-08-26 09:02:15,SOLUSDT,bid,147,34236.748
2024-08-26 09:02:16,SOLUSDT,bid,155,5019.629
2024-08-26 09:02:19,SOLUSDT,bid,110,20315.049
2024-08-26 09:02:20,SOLUSDT,bid,155,5027.629
2024-08-26 09:02:24,SOLUSDT,bid,156,3205.343
2024-08-26 09:02:28,SOLUSDT,bid,145,4400.269
2024-08-26 09:02:34,SOLUSDT,bid,145,4400.177
2024-08-26 09:02:35,SOLUSDT,bid,135,13823.099
2024-08-26 09:02:37,SOLUSDT,ask,170,13866.183
2024-08-26 09:02:38,SOLUSDT,ask,172,2972.564
2024-08-26 09:02:45,SOLUSDT,ask,168,11001.376
2024-08-26 09:02:49,SOLUSDT,bid,131,8853.588
2024-08-26 09:02:55,SOLUSDT,ask,165,16545.609
2024-08-26 09:02:56,SOLUSDT,ask,170,13868.181
2024-08-26 09:03:04,SOLUSDT,bid,150,5970.865
2024-08-26 09:03:09,SOLUSDT,bid,155,5028.629
2024-08-26 09:03:13,SOLUSDT,bid,150,5969.314
2024-08-26 09:03:24,SOLUSDT,bid,156,3225.445
2024-08-26 09:03:41,SOLUSDT,bid,150,5975.984
2024-08-26 09:03:47,SOLUSDT,bid,155,5031.854
2024-08-26 09:03:49,SOLUSDT,ask,162,6000.734
2024-08-26 09:04:11,SOLUSDT,bid,155,5033.854
2024-08-26 09:04:11,SOLUSDT,ask,162,5852.474
2024-08-26 09:04:20,SOLUSDT,ask,162,5852.838
2024-08-26 09:04:30,SOLUSDT,ask,162,6001.098
2024-08-26 09:04:46,SOLUSDT,ask,165,16546.629
2024-08-26 09:04:50,SOLUSDT,bid,155,5753.06
2024-08-26 09:05:10,SOLUSDT,bid,155,5727.753
2024-08-26 09:05:16,SOLUSDT,bid,140,12295.683
2024-08-26 09:05:20,SOLUSDT,ask,165,16546.878
2024-08-26 09:05:28,SOLUSDT,bid,156,4383.954
2024-08-26 09:05:32,SOLUSDT,ask,165,16566.858
2024-08-26 09:05:32,SOLUSDT,ask,170,13848.201
2024-08-26 09:05:34,SOLUSDT,ask,162,6022.052
2024-08-26 09:05:35,SOLUSDT,ask,165,16564.59
2024-08-26 09:05:35,SOLUSDT,ask,170,13847.72
2024-08-26 09:05:36,SOLUSDT,bid,115,16731.829
2024-08-26 09:05:37,SOLUSDT,bid,112,5523.171
2024-08-26 09:05:42,SOLUSDT,ask,170,13843.186
2024-08-26 09:05:43,SOLUSDT,bid,155,5034.354
2024-08-26 09:05:50,SOLUSDT,bid,156,4059.903
2024-08-26 09:05:51,SOLUSDT,bid,156,3748.53
2024-08-26 09:05:57,SOLUSDT,ask,180,22578.832
2024-08-26 09:06:00,SOLUSDT,bid,155,5727.945
2024-08-26 09:06:02,SOLUSDT,bid,115,16731.954
2024-08-26 09:06:04,SOLUSDT,bid,156,3742.202
2024-08-26 09:06:05,SOLUSDT,bid,156,3209.677
2024-08-26 09:06:05,SOLUSDT,ask,170,13853.186
2024-08-26 09:06:17,SOLUSDT,ask,162,6021.688
2024-08-26 09:06:18,SOLUSDT,bid,148,34392.922
2024-08-26 09:06:28,SOLUSDT,bid,148,34392.838
2024-08-26 09:06:29,SOLUSDT,ask,200,44888.496
2024-08-26 09:06:30,SOLUSDT,ask,162,5873.428
2024-08-26 09:06:30,SOLUSDT,ask,162,5875.39
2024-08-26 09:06:42,SOLUSDT,bid,150,5975.95
2024-08-26 09:06:44,SOLUSDT,bid,142,3592.471
2024-08-26 09:06:45,SOLUSDT,bid,145,4404.521
2024-08-26 09:06:45,SOLUSDT,ask,190,23549.998
2024-08-26 09:07:00,SOLUSDT,bid,155,5727.753
2024-08-26 09:07:05,SOLUSDT,ask,196,2973.967
2024-08-26 09:07:08,SOLUSDT,ask,196,2971.443
2024-08-26 09:07:10,SOLUSDT,bid,155,5033.886
2024-08-26 09:07:11,SOLUSDT,ask,162,5878.39
2024-08-26 09:07:16,SOLUSDT,bid,145,4997.546
2024-08-26 09:07:18,SOLUSDT,ask,180,22574.773
2024-08-26 09:07:22,SOLUSDT,ask,165,16560.59
2024-08-26 09:07:24,SOLUSDT,bid,155,5033.563
2024-08-26 09:07:26,SOLUSDT,ask,163,5695.714
2024-08-26 09:07:29,SOLUSDT,bid,148,34392.923
2024-08-26 09:07:34,SOLUSDT,bid,148,34392.838
2024-08-26 09:07:37,SOLUSDT,bid,145,4404.521
2024-08-26 09:07:39,SOLUSDT,bid,141,3945.92
2024-08-26 09:07:40,SOLUSDT,bid,143,4538.789
2024-08-26 09:07:41,SOLUSDT,bid,139,3905.207
2024-08-26 09:07:52,SOLUSDT,ask,200,44885.499
2024-08-26 09:08:03,SOLUSDT,bid,143,4538.682
2024-08-26 09:08:10,SOLUSDT,ask,170,13954.081
2024-08-26 09:08:17,SOLUSDT,bid,156,3216.712
2024-08-26 09:08:18,SOLUSDT,bid,115,16732.127
2024-08-26 09:08:18,SOLUSDT,bid,156,3216.2
2024-08-26 09:08:26,SOLUSDT,bid,139,3903.748
2024-08-26 09:08:26,SOLUSDT,bid,136,7289.113
2024-08-26 09:08:35,SOLUSDT,ask,170,13954.153
2024-08-26 09:08:40,SOLUSDT,ask,170,13853.258
2024-08-26 09:08:41,SOLUSDT,bid,150,5976.616
2024-08-26 09:08:44,SOLUSDT,bid,155,5034.503
2024-08-26 09:08:45,SOLUSDT,bid,155,5034.664
2024-08-26 09:08:45,SOLUSDT,ask,170,13853.186
2024-08-26 09:08:52,SOLUSDT,bid,156,3743.478
2024-08-26 09:08:52,SOLUSDT,bid,156,3744.754
2024-08-26 09:08:55,SOLUSDT,bid,156,3271.336
2024-08-26 09:09:00,SOLUSDT,ask,172,2959.707
2024-08-26 09:09:02,SOLUSDT,bid,156,3271.528
2024-08-26 09:09:03,SOLUSDT,ask,163,5701.307
2024-08-26 09:09:03,SOLUSDT,bid,150,5976.651
2024-08-26 09:09:06,SOLUSDT,bid,155,5034.535
2024-08-26 09:09:11,SOLUSDT,bid,150,5976.518
2024-08-26 09:09:28,SOLUSDT,bid,140,12297.875
2024-08-26 09:09:52,SOLUSDT,ask,165,16558.592
2024-08-26 09:09:58,SOLUSDT,bid,156,3277.499
2024-08-26 09:10:01,SOLUSDT,bid,155,5034.374
2024-08-26 09:10:03,SOLUSDT,bid,150,5976.851
2024-08-26 09:10:24,SOLUSDT,bid,145,4407.521
2024-08-26 09:10:24,SOLUSDT,bid,95,8063.862
2024-08-26 09:10:40,SOLUSDT,bid,156,3222.363
2024-08-26 09:10:49,SOLUSDT,ask,180,22554.773
2024-08-26 09:10:58,SOLUSDT,bid,110,20340.049
2024-08-26 09:11:01,SOLUSDT,bid,155,5035.629
2024-08-26 09:11:02,SOLUSDT,bid,141,3942.374
2024-08-26 09:11:04,SOLUSDT,bid,135,13819.396
2024-08-26 09:11:06,SOLUSDT,bid,130,10651.923
2024-08-26 09:11:06,SOLUSDT,bid,154,3255.066
2024-08-26 09:11:14,SOLUSDT,ask,162,5881.454
2024-08-26 09:11:16,SOLUSDT,bid,155,5729.033
2024-08-26 09:11:39,SOLUSDT,bid,156,3225.152
2024-08-26 09:11:39,SOLUSDT,bid,118,4471.48
2024-08-26 09:11:42,SOLUSDT,bid,111,12435.591
2024-08-26 09:11:45,SOLUSDT,bid,120,33893.033
2024-08-26 09:11:57,SOLUSDT,bid,155,5048.238
2024-08-26 09:12:02,SOLUSDT,ask,220,14866.304
2024-08-26 09:12:09,SOLUSDT,bid,145,4422.521
2024-08-26 09:12:12,SOLUSDT,bid,140,12297.797
2024-08-26 09:12:28,SOLUSDT,bid,110,22930.435
2024-08-26 09:12:31,SOLUSDT,bid,155,5049.698
2024-08-26 09:12:43,SOLUSDT,ask,175,10381.81
2024-08-26 09:12:44,SOLUSDT,bid,145,4424.521
2024-08-26 09:12:51,SOLUSDT,bid,115,16730.388
2024-08-26 09:12:52,SOLUSDT,ask,170,13853.26
2024-08-26 09:12:54,SOLUSDT,bid,155,5048.404
2024-08-26 09:12:58,SOLUSDT,ask,175,10381.73
2024-08-26 09:13:07,SOLUSDT,ask,170,13853.186
2024-08-26 09:13:11,SOLUSDT,ask,163,5703.162
2024-08-26 09:13:15,SOLUSDT,bid,156,3226.438
2024-08-26 09:13:22,SOLUSDT,bid,155,5064.11
2024-08-26 09:13:24,SOLUSDT,ask,165,16563.592
2024-08-26 09:13:40,SOLUSDT,bid,140,12299.437
2024-08-26 09:13:41,SOLUSDT,bid,150,5981.851
2024-08-26 09:13:45,SOLUSDT,ask,165,16548.597
2024-08-26 09:13:51,SOLUSDT,bid,135,13829.396
2024-08-26 09:13:56,SOLUSDT,ask,170,13853.086
2024-08-26 09:14:01,SOLUSDT,ask,182,7982.568
2024-08-26 09:14:10,SOLUSDT,bid,131,8853.633
2024-08-26 09:14:12,SOLUSDT,bid,156,3239.56
2024-08-26 09:14:16,SOLUSDT,bid,155,5727.753
2024-08-26 09:14:19,SOLUSDT,ask,162,5896.449
2024-08-26 09:14:23,SOLUSDT,ask,162,5877.082
2024-08-26 09:14:39,SOLUSDT,ask,260,7427.481
2024-08-26 09:14:41,SOLUSDT,bid,138,4703.342
2024-08-26 09:14:45,SOLUSDT,ask,162,6061.702
2024-08-26 09:14:50,SOLUSDT,bid,130,10653.846
2024-08-26 09:14:53,SOLUSDT,bid,130,10657.697
2024-08-26 09:14:55,SOLUSDT,bid,120,33885.58
2024-08-26 09:14:59,SOLUSDT,ask,170,13844.007
2024-08-26 09:15:06,SOLUSDT,ask,205,10091.44
2024-08-26 09:15:08,SOLUSDT,bid,156,3240.201
2024-08-26 09:15:09,SOLUSDT,bid,145,4430.689
2024-08-26 09:15:10,SOLUSDT,bid,150,5981.927
2024-08-26 09:15:10,SOLUSDT,ask,170,13853.086
2024-08-26 09:15:11,SOLUSDT,ask,260,7415.022
2024-08-26 09:15:13,SOLUSDT,bid,110,22930.204
2024-08-26 09:15:24,SOLUSDT,bid,150,5981.851
2024-08-26 09:15:34,SOLUSDT,bid,154,3255.125
2024-08-26 09:15:36,SOLUSDT,ask,180,22526.736
2024-08-26 09:15:37,SOLUSDT,ask,200,44888.288
2024-08-26 09:15:43,SOLUSDT,bid,155,5063.177
2024-08-26 09:15:45,SOLUSDT,bid,155,5063.822
2024-08-26 09:15:50,SOLUSDT,bid,156,3914.395
2024-08-26 09:15:51,SOLUSDT,bid,156,3915.092
2024-08-26 09:15:57,SOLUSDT,ask,165,16546.597
2024-08-26 09:16:07,SOLUSDT,bid,111,12434.691
2024-08-26 09:16:09,SOLUSDT,bid,156,3914.395
2024-08-26 09:16:24,SOLUSDT,ask,170,13824.545
2024-08-26 09:16:26,SOLUSDT,ask,170,13824.496
2024-08-26 09:16:31,SOLUSDT,bid,154,3255.774
2024-08-26 09:16:46,SOLUSDT,bid,140,12299.518
2024-08-26 09:16:51,SOLUSDT,bid,100,23906.375
2024-08-26 09:17:03,SOLUSDT,bid,156,3232.469
2024-08-26 09:17:06,SOLUSDT,bid,138,4703.042
2024-08-26 09:17:09,SOLUSDT,bid,156,3913.119
2024-08-26 09:17:09,SOLUSDT,bid,156,3911.843
2024-08-26 09:17:11,SOLUSDT,ask,165,16547.093
2024-08-26 09:17:19,SOLUSDT,bid,150,5982.017
2024-08-26 09:17:31,SOLUSDT,bid,150,5981.351
2024-08-26 09:17:31,SOLUSDT,ask,165,16547.193
2024-08-26 09:17:32,SOLUSDT,bid,140,12299.696
2024-08-26 09:17:40,SOLUSDT,bid,111,12431.512
2024-08-26 09:18:05,SOLUSDT,bid,145,4430.792
2024-08-26 09:18:10,SOLUSDT,bid,130,10657.889
2024-08-26 09:18:20,SOLUSDT,bid,145,4430.689
2024-08-26 09:18:20,SOLUSDT,bid,139,3906.625
2024-08-26 09:18:23,SOLUSDT,ask,170,12583.338
2024-08-26 09:18:28,SOLUSDT,bid,140,12299.407
2024-08-26 09:18:29,SOLUSDT,ask,170,12584.23
2024-08-26 09:18:50,SOLUSDT,ask,167,7870.155
2024-08-26 09:18:53,SOLUSDT,bid,154,3256.969
2024-08-26 09:19:10,SOLUSDT,bid,156,3217.932
2024-08-26 09:19:10,SOLUSDT,bid,135,13840.396
2024-08-26 09:19:13,SOLUSDT,ask,165,16546.193
2024-08-26 09:19:21,SOLUSDT,bid,145,4430.439
2024-08-26 09:19:22,SOLUSDT,ask,181,3696.443
2024-08-26 09:19:27,SOLUSDT,ask,190,23560.212
2024-08-26 09:19:28,SOLUSDT,bid,143,4535.186
2024-08-26 09:19:57,SOLUSDT,ask,162,6062.701
2024-08-26 09:20:01,SOLUSDT,bid,156,3742.202
2024-08-26 09:20:01,SOLUSDT,bid,150,5981.425
2024-08-26 09:20:07,SOLUSDT,ask,162,6047.706
2024-08-26 09:20:12,SOLUSDT,bid,150,5981.351
2024-08-26 09:20:14,SOLUSDT,ask,165,16561.188
2024-08-26 09:20:16,SOLUSDT,bid,156,3748.532
2024-08-26 09:20:20,SOLUSDT,bid,155,5727.817
2024-08-26 09:20:20,SOLUSDT,ask,162,6046.707
2024-08-26 09:20:21,SOLUSDT,ask,167,7843.859
2024-08-26 09:20:22,SOLUSDT,ask,165,16546.193
2024-08-26 09:20:27,SOLUSDT,ask,220,14866.274
2024-08-26 09:20:35,SOLUSDT,bid,140,12295.56
2024-08-26 09:20:37,SOLUSDT,bid,155,5728.827
2024-08-26 09:20:40,SOLUSDT,bid,100,23905.22
2024-08-26 09:20:46,SOLUSDT,bid,155,5728.875
2024-08-26 09:20:47,SOLUSDT,bid,155,5734.77
2024-08-26 09:20:48,SOLUSDT,ask,162,6046.847
2024-08-26 09:20:48,SOLUSDT,bid,155,5728.875
2024-08-26 09:20:48,SOLUSDT,bid,156,3778.118
2024-08-26 09:20:52,SOLUSDT,bid,155,5728.939
2024-08-26 09:20:54,SOLUSDT,bid,130,10658.658
2024-08-26 09:20:55,SOLUSDT,ask,165,16561.188
2024-08-26 09:21:00,SOLUSDT,bid,154,3256.914
2024-08-26 09:21:02,SOLUSDT,bid,140,12293.368
2024-08-26 09:21:03,SOLUSDT,bid,120,33874.836
2024-08-26 09:21:21,SOLUSDT,bid,155,5728.875
2024-08-26 09:21:21,SOLUSDT,bid,155,5727.865
2024-08-26 09:21:29,SOLUSDT,bid,142,3592.549
2024-08-26 09:21:31,SOLUSDT,bid,145,4418.75
2024-08-26 09:21:31,SOLUSDT,bid,142,3592.627
2024-08-26 09:21:35,SOLUSDT,bid,150,5981.385
2024-08-26 09:21:36,SOLUSDT,ask,165,16560.623
2024-08-26 09:21:41,SOLUSDT,bid,142,3592.705
2024-08-26 09:21:41,SOLUSDT,bid,142,3592.783
2024-08-26 09:21:42,SOLUSDT,bid,142,3592.861
2024-08-26 09:21:42,SOLUSDT,bid,142,3593.017
2024-08-26 09:21:42,SOLUSDT,bid,142,3593.095
2024-08-26 09:21:43,SOLUSDT,bid,142,3593.173
2024-08-26 09:21:43,SOLUSDT,ask,250,18468.785
2024-08-26 09:21:43,SOLUSDT,bid,142,3593.251
2024-08-26 09:21:50,SOLUSDT,ask,190,23560.888
2024-08-26 09:21:53,SOLUSDT,bid,155,5061.616
2024-08-26 09:21:59,SOLUSDT,bid,130,10656.735
2024-08-26 09:22:00,SOLUSDT,bid,155,4870.052
2024-08-26 09:22:07,SOLUSDT,ask,170,12580.23
2024-08-26 09:22:08,SOLUSDT,ask,175,10376.73
2024-08-26 09:22:09,SOLUSDT,ask,180,22521.736
2024-08-26 09:22:15,SOLUSDT,ask,185,19167.788
2024-08-26 09:22:20,SOLUSDT,ask,162,6054.847
2024-08-26 09:22:20,SOLUSDT,ask,166,3254.469
2024-08-26 09:22:21,SOLUSDT,bid,155,5729.135
2024-08-26 09:22:27,SOLUSDT,bid,155,4870.213
2024-08-26 09:22:28,SOLUSDT,ask,165,16569.974
2024-08-26 09:22:31,SOLUSDT,bid,130,10658.273
2024-08-26 09:22:34,SOLUSDT,bid,155,4878.813
2024-08-26 09:22:37,SOLUSDT,bid,155,4878.748
2024-08-26 09:22:37,SOLUSDT,bid,140,12436.225
2024-08-26 09:22:44,SOLUSDT,bid,143,4668.39
2024-08-26 09:22:47,SOLUSDT,bid,155,4898.102
2024-08-26 09:22:53,SOLUSDT,bid,150,5979.385
2024-08-26 09:22:54,SOLUSDT,bid,150,5978.593
2024-08-26 09:22:57,SOLUSDT,bid,140,12437.684
2024-08-26 09:23:08,SOLUSDT,bid,155,4653.257
2024-08-26 09:23:09,SOLUSDT,ask,162,6056.081
2024-08-26 09:23:09,SOLUSDT,bid,142,3593.955
2024-08-26 09:23:32,SOLUSDT,bid,150,5967.922
2024-08-26 09:23:40,SOLUSDT,bid,154,3260.168
2024-08-26 09:23:42,SOLUSDT,ask,163,5701.827
2024-08-26 09:23:46,SOLUSDT,ask,170,12565.756
2024-08-26 09:23:51,SOLUSDT,ask,165,16568.975
2024-08-26 09:24:00,SOLUSDT,bid,140,12438.634
2024-08-26 09:24:13,SOLUSDT,bid,154,3258.091
2024-08-26 09:24:17,SOLUSDT,bid,150,5967.977
2024-08-26 09:24:27,SOLUSDT,ask,162,6049.397
2024-08-26 09:24:50,SOLUSDT,bid,156,3803.397
2024-08-26 09:24:55,SOLUSDT,bid,150,5970.079
2024-08-26 09:24:59,SOLUSDT,bid,142,3861.216
2024-08-26 09:25:00,SOLUSDT,bid,156,3803.589
2024-08-26 09:25:01,SOLUSDT,bid,155,5729.071
2024-08-26 09:25:05,SOLUSDT,bid,145,4416.869
2024-08-26 09:25:05,SOLUSDT,bid,110,22961.767
2024-08-26 09:25:10,SOLUSDT,bid,156,3778.31
2024-08-26 09:25:10,SOLUSDT,bid,156,3803.59
2024-08-26 09:25:13,SOLUSDT,bid,140,12446.414
2024-08-26 09:25:29,SOLUSDT,bid,156,3778.31
2024-08-26 09:25:29,SOLUSDT,bid,95,8063.862
2024-08-26 09:25:33,SOLUSDT,bid,150,5970.615
2024-08-26 09:25:39,SOLUSDT,bid,115,16730.302
2024-08-26 09:25:45,SOLUSDT,bid,155,4599.757
2024-08-26 09:25:52,SOLUSDT,ask,165,16570.973
2024-08-26 09:26:00,SOLUSDT,bid,156,3778.118
2024-08-26 09:26:01,SOLUSDT,bid,155,4599.64
2024-08-26 09:26:04,SOLUSDT,bid,155,4599.576
2024-08-26 09:26:05,SOLUSDT,bid,154,3258.024
2024-08-26 09:26:11,SOLUSDT,ask,162,6030.503
2024-08-26 09:26:11,SOLUSDT,ask,165,16589.867
2024-08-26 09:26:13,SOLUSDT,bid,120,33875.002
2024-08-26 09:26:15,SOLUSDT,bid,155,5741.871
2024-08-26 09:26:19,SOLUSDT,bid,155,5740.601
2024-08-26 09:26:24,SOLUSDT,bid,156,3707.529
2024-08-26 09:26:29,SOLUSDT,ask,162,6039.134
2024-08-26 09:26:33,SOLUSDT,ask,163,5707.342
2024-08-26 09:26:37,SOLUSDT,bid,142,3861.661
2024-08-26 09:26:38,SOLUSDT,bid,150,5972.815
2024-08-26 09:26:43,SOLUSDT,ask,162,6039.461
2024-08-26 09:26:56,SOLUSDT,ask,185,19166.869
2024-08-26 09:27:05,SOLUSDT,bid,155,4599.667
2024-08-26 09:27:19,SOLUSDT,bid,150,5973.782
2024-08-26 09:28:18,SOLUSDT,ask,162,6039.134
2024-08-26 09:28:20,SOLUSDT,ask,163,5787.665
2024-08-26 09:28:21,SOLUSDT,ask,163,5707.342
2024-08-26 09:28:32,SOLUSDT,ask,163,5707.669
2024-08-26 09:28:49,SOLUSDT,bid,95,8064.178
2024-08-26 09:28:49,SOLUSDT,bid,95,8063.862
2024-08-26 09:29:10,SOLUSDT,ask,162,6035.796
2024-08-26 09:29:11,SOLUSDT,ask,172,2955.69
2024-08-26 09:29:17,SOLUSDT,bid,150,5972.815
2024-08-26 09:29:18,SOLUSDT,ask,163,5788.006
2024-08-26 09:29:26,SOLUSDT,bid,121,4368.501
2024-08-26 09:29:34,SOLUSDT,ask,170,12566.756
2024-08-26 09:29:42,SOLUSDT,ask,162,6035.921
2024-08-26 09:29:43,SOLUSDT,ask,180,22522.736
2024-08-26 09:29:44,SOLUSDT,ask,162,6196.938
2024-08-26 09:29:47,SOLUSDT,bid,118,4467.243
2024-08-26 09:29:48,SOLUSDT,ask,175,10377.73
2024-08-26 09:30:05,SOLUSDT,ask,162,6035.921
2024-08-26 09:30:11,SOLUSDT,ask,162,6196.938
2024-08-26 09:30:13,SOLUSDT,ask,163,5900.805
2024-08-26 09:30:13,SOLUSDT,ask,165,16477.068
2024-08-26 09:30:17,SOLUSDT,bid,155,4652.267
2024-08-26 09:30:25,SOLUSDT,bid,155,4662.869
2024-08-26 09:30:33,SOLUSDT,bid,95,8064.178
2024-08-26 09:30:33,SOLUSDT,bid,95,8063.862
2024-08-26 09:30:45,SOLUSDT,ask,185,19170.529
2024-08-26 09:30:48,SOLUSDT,bid,150,5972.894
2024-08-26 09:30:50,SOLUSDT,bid,136,7282.046
2024-08-26 09:30:56,SOLUSDT,ask,165,16477.413
2024-08-26 09:30:58,SOLUSDT,bid,150,5972.815
2024-08-26 09:30:59,SOLUSDT,ask,163,5900.478
2024-08-26 09:31:11,SOLUSDT,ask,248,10719.388
2024-08-26 09:31:22,SOLUSDT,bid,142,3861.583
2024-08-26 09:31:31,SOLUSDT,bid,142,3861.505
2024-08-26 09:31:31,SOLUSDT,bid,142,3861.427
2024-08-26 09:31:31,SOLUSDT,bid,142,3861.349
2024-08-26 09:31:34,SOLUSDT,ask,166,3251.452
2024-08-26 09:31:41,SOLUSDT,bid,142,3861.271
2024-08-26 09:31:41,SOLUSDT,bid,142,3861.193
2024-08-26 09:31:42,SOLUSDT,bid,142,3861.115
2024-08-26 09:31:42,SOLUSDT,bid,142,3860.959
2024-08-26 09:31:42,SOLUSDT,bid,142,3860.881
2024-08-26 09:31:53,SOLUSDT,bid,135,13835.396
2024-08-26 09:32:02,SOLUSDT,ask,165,16477.068
2024-08-26 09:32:04,SOLUSDT,ask,165,16477.007
2024-08-26 09:32:27,SOLUSDT,ask,170,12567.101
2024-08-26 09:32:38,SOLUSDT,ask,162,6188.477
2024-08-26 09:32:58,SOLUSDT,bid,154,3257.375
2024-08-26 09:33:04,SOLUSDT,bid,155,4662.224
2024-08-26 09:34:06,SOLUSDT,bid,150,5975.815
2024-08-26 09:34:10,SOLUSDT,ask,165,16479.021
2024-08-26 09:34:20,SOLUSDT,ask,168,11003.376
2024-08-26 09:34:30,SOLUSDT,bid,150,5976.594
2024-08-26 09:34:32,SOLUSDT,ask,163,5915.762
2024-08-26 09:34:34,SOLUSDT,ask,170,12569.123
2024-08-26 09:34:36,SOLUSDT,ask,169,7544.218
2024-08-26 09:34:40,SOLUSDT,ask,175,10379.753
2024-08-26 09:34:46,SOLUSDT,ask,169,7544.149
2024-08-26 09:34:59,SOLUSDT,bid,155,4661.224
2024-08-26 09:35:03,SOLUSDT,bid,145,4417.644
2024-08-26 09:35:05,SOLUSDT,ask,169,3153.29
2024-08-26 09:35:17,SOLUSDT,ask,180,22537.274
2024-08-26 09:35:20,SOLUSDT,ask,169,3153.216
2024-08-26 09:35:21,SOLUSDT,bid,154,3257.46
2024-08-26 09:35:33,SOLUSDT,ask,220,14881.407
2024-08-26 09:35:38,SOLUSDT,ask,162,6173.492
2024-08-26 09:36:16,SOLUSDT,ask,167,7843.968
2024-08-26 09:36:22,SOLUSDT,ask,185,19166.483
2024-08-26 09:36:59,SOLUSDT,bid,155,4656.82
2024-08-26 09:37:01,SOLUSDT,ask,162,6200.614
2024-08-26 09:37:04,SOLUSDT,bid,156,4023.806
2024-08-26 09:37:06,SOLUSDT,ask,163,5910.247
2024-08-26 09:37:11,SOLUSDT,bid,155,5765.908
2024-08-26 09:37:11,SOLUSDT,bid,155,5753.108
2024-08-26 09:37:29,SOLUSDT,bid,155,5727.801
2024-08-26 09:37:52,SOLUSDT,bid,156,3707.529
2024-08-26 09:37:55,SOLUSDT,bid,139,3906.527
2024-08-26 09:37:55,SOLUSDT,bid,150,5985.232
2024-08-26 09:37:59,SOLUSDT,bid,140,12446.307
2024-08-26 09:38:00,SOLUSDT,bid,141,3942.304
2024-08-26 09:38:08,SOLUSDT,bid,155,4660.045
2024-08-26 09:38:11,SOLUSDT,ask,165,16478.022
2024-08-26 09:38:14,SOLUSDT,ask,170,12568.46
2024-08-26 09:38:20,SOLUSDT,ask,169,7530.393
2024-08-26 09:38:39,SOLUSDT,bid,141,3942.414
2024-08-26 09:38:50,SOLUSDT,bid,156,3212.109
2024-08-26 09:39:06,SOLUSDT,bid,145,4414.196
2024-08-26 09:39:07,SOLUSDT,bid,141,3942.304
2024-08-26 09:39:13,SOLUSDT,bid,143,4673.971
2024-08-26 09:39:26,SOLUSDT,ask,162,6201.744
2024-08-26 09:39:35,SOLUSDT,bid,156,3212.109
2024-08-26 09:39:36,SOLUSDT,bid,156,3626.462
2024-08-26 09:39:37,SOLUSDT,bid,156,3697.321
2024-08-26 09:39:52,SOLUSDT,ask,162,6200.614
2024-08-26 09:40:01,SOLUSDT,ask,162,6226.997
2024-08-26 09:40:03,SOLUSDT,bid,140,12446.449
2024-08-26 09:40:07,SOLUSDT,ask,185,19178.471
2024-08-26 09:40:10,SOLUSDT,ask,162,6233.626
2024-08-26 09:40:17,SOLUSDT,bid,147,34236.841
2024-08-26 09:40:20,SOLUSDT,bid,140,12446.307
2024-08-26 09:40:31,SOLUSDT,ask,208,2879.149
2024-08-26 09:40:32,SOLUSDT,bid,147,34236.748
2024-08-26 09:41:18,SOLUSDT,ask,180,22537.321
2024-08-26 09:41:48,SOLUSDT,bid,155,4647.142
2024-08-26 09:41:48,SOLUSDT,bid,155,4647.464
2024-08-26 09:41:52,SOLUSDT,bid,110,22959.267
2024-08-26 09:41:58,SOLUSDT,ask,162,6234.594
2024-08-26 09:42:03,SOLUSDT,bid,155,4679.277
2024-08-26 09:42:15,SOLUSDT,bid,155,5731.387
2024-08-26 09:42:33,SOLUSDT,bid,155,4644.417
2024-08-26 09:42:38,SOLUSDT,bid,155,4644.768
2024-08-26 09:42:56,SOLUSDT,bid,155,4678.316
2024-08-26 09:43:03,SOLUSDT,bid,139,3908.829
2024-08-26 09:43:06,SOLUSDT,ask,170,12591.989
2024-08-26 09:43:15,SOLUSDT,ask,170,12591.951
2024-08-26 09:43:21,SOLUSDT,ask,162,6252.367
2024-08-26 09:43:39,SOLUSDT,ask,163,5916.416
2024-08-26 09:44:32,SOLUSDT,ask,208,2867.161
2024-08-26 09:45:16,SOLUSDT,bid,156,3539.377
2024-08-26 09:45:17,SOLUSDT,bid,156,3570.89
2024-08-26 09:45:23,SOLUSDT,bid,155,3334.26
2024-08-26 09:45:25,SOLUSDT,ask,162,6252.744
2024-08-26 09:45:25,SOLUSDT,bid,150,5984.232
2024-08-26 09:45:35,SOLUSDT,ask,162,6252.776
2024-08-26 09:45:38,SOLUSDT,bid,155,5727.801
2024-08-26 09:45:52,SOLUSDT,bid,155,4619.109
2024-08-26 09:46:01,SOLUSDT,ask,170,12581.961
2024-08-26 09:46:02,SOLUSDT,ask,169,8161.512
2024-08-26 09:46:05,SOLUSDT,bid,155,4613.825
2024-08-26 09:46:10,SOLUSDT,bid,155,5753.108
2024-08-26 09:46:27,SOLUSDT,ask,180,22531.056
2024-08-26 09:46:29,SOLUSDT,bid,155,4596.225
2024-08-26 09:46:29,SOLUSDT,ask,165,16474.992
2024-08-26 09:46:30,SOLUSDT,bid,155,5727.801
2024-08-26 09:46:37,SOLUSDT,ask,180,22537.321
2024-08-26 09:46:42,SOLUSDT,bid,154,3261.401
2024-08-26 09:46:51,SOLUSDT,bid,139,3908.787
2024-08-26 09:47:03,SOLUSDT,bid,145,4414.541
2024-08-26 09:47:11,SOLUSDT,ask,162,6256.048
2024-08-26 09:47:19,SOLUSDT,ask,170,12582.032
2024-08-26 09:47:26,SOLUSDT,ask,300,10416.012
2024-08-26 09:47:34,SOLUSDT,ask,170,12581.961
2024-08-26 09:47:43,SOLUSDT,ask,300,10416.086
2024-08-26 09:47:46,SOLUSDT,bid,155,3354.98
2024-08-26 09:47:58,SOLUSDT,ask,162,6259.356
2024-08-26 09:47:58,SOLUSDT,ask,163,5913.108
2024-08-26 09:48:06,SOLUSDT,ask,170,12382.161
2024-08-26 09:48:06,SOLUSDT,ask,165,16473.919
2024-08-26 09:48:11,SOLUSDT,bid,155,3374.605
2024-08-26 09:48:17,SOLUSDT,ask,162,6289.884
2024-08-26 09:48:18,SOLUSDT,ask,182,7969.901
2024-08-26 09:48:23,SOLUSDT,bid,133,9150.45
2024-08-26 09:48:27,SOLUSDT,ask,162,6317.839
2024-08-26 09:48:29,SOLUSDT,ask,166,3251.579
2024-08-26 09:48:32,SOLUSDT,bid,150,6066.06
2024-08-26 09:48:41,SOLUSDT,ask,165,16476.949
2024-08-26 09:48:55,SOLUSDT,ask,170,12385.102
2024-08-26 09:49:06,SOLUSDT,ask,162,6319.839
2024-08-26 09:49:08,SOLUSDT,ask,188,13095.013
2024-08-26 09:49:09,SOLUSDT,bid,156,3572.479
2024-08-26 09:49:10,SOLUSDT,ask,175,10382.61
2024-08-26 09:49:11,SOLUSDT,ask,165,16471.373
2024-08-26 09:49:14,SOLUSDT,bid,156,3573.758
2024-08-26 09:49:16,SOLUSDT,bid,156,3575.037
2024-08-26 09:49:16,SOLUSDT,bid,156,3576.316
2024-08-26 09:49:21,SOLUSDT,ask,180,22540.098
2024-08-26 09:49:28,SOLUSDT,ask,162,6325.415
2024-08-26 09:49:30,SOLUSDT,ask,180,22538.893
2024-08-26 09:49:31,SOLUSDT,bid,155,5753.108
2024-08-26 09:49:32,SOLUSDT,bid,156,3578.825
2024-08-26 09:49:36,SOLUSDT,ask,185,19183.876
2024-08-26 09:49:38,SOLUSDT,bid,143,4668.39
2024-08-26 09:49:38,SOLUSDT,bid,155,4585.623
2024-08-26 09:49:44,SOLUSDT,ask,190,23563.519
2024-08-26 09:49:45,SOLUSDT,ask,166,3249.579
2024-08-26 09:49:50,SOLUSDT,bid,155,5727.801
2024-08-26 09:49:52,SOLUSDT,ask,195,13316.276
2024-08-26 09:49:54,SOLUSDT,bid,115,16730.155
2024-08-26 09:49:55,SOLUSDT,ask,162,6323.415
2024-08-26 09:49:55,SOLUSDT,ask,163,5915.108
2024-08-26 09:50:01,SOLUSDT,bid,120,33874.752
2024-08-26 09:50:05,SOLUSDT,ask,200,44893.288
2024-08-26 09:50:19,SOLUSDT,ask,210,24779.221
2024-08-26 09:50:19,SOLUSDT,bid,110,22960.826
2024-08-26 09:50:24,SOLUSDT,ask,175,10290.736
2024-08-26 09:50:28,SOLUSDT,ask,220,14885.952
2024-08-26 09:50:39,SOLUSDT,ask,230,6692.062
2024-08-26 09:50:59,SOLUSDT,bid,143,4679.496
2024-08-26 09:51:12,SOLUSDT,bid,150,5984.232
2024-08-26 09:51:16,SOLUSDT,bid,138,4704.72
2024-08-26 09:51:20,SOLUSDT,bid,155,4586.701
2024-08-26 09:51:37,SOLUSDT,ask,193,5756.94
2024-08-26 09:51:47,SOLUSDT,bid,150,5984.314
2024-08-26 09:51:53,SOLUSDT,ask,170,12384.102
2024-08-26 09:51:59,SOLUSDT,bid,150,6030.342
2024-08-26 09:52:19,SOLUSDT,bid,150,6030.424
2024-08-26 09:52:28,SOLUSDT,bid,140,12441.549
2024-08-26 09:52:29,SOLUSDT,bid,150,6030.342
2024-08-26 09:52:30,SOLUSDT,ask,162,6461.503
2024-08-26 09:52:33,SOLUSDT,bid,155,4591.422
2024-08-26 09:52:50,SOLUSDT,bid,156,3604.112
2024-08-26 09:52:56,SOLUSDT,bid,145,4415.134
2024-08-26 09:53:05,SOLUSDT,ask,169,8161.578
2024-08-26 09:53:09,SOLUSDT,bid,142,3860.988
2024-08-26 09:53:12,SOLUSDT,bid,156,3578.825
2024-08-26 09:53:12,SOLUSDT,bid,156,3604.112
2024-08-26 09:53:15,SOLUSDT,ask,169,8161.512
2024-08-26 09:53:15,SOLUSDT,ask,163,5853.759
2024-08-26 09:53:27,SOLUSDT,bid,145,4416.901
2024-08-26 09:53:29,SOLUSDT,bid,156,3578.825
2024-08-26 09:53:31,SOLUSDT,bid,156,3581.389
2024-08-26 09:53:36,SOLUSDT,bid,142,3860.881
2024-08-26 09:53:54,SOLUSDT,ask,162,6461.843
2024-08-26 09:53:55,SOLUSDT,bid,156,3577.929
2024-08-26 09:54:00,SOLUSDT,ask,260,7409.816
2024-08-26 09:54:01,SOLUSDT,bid,145,4420.171
2024-08-26 09:54:03,SOLUSDT,bid,156,3575.365
2024-08-26 09:54:03,SOLUSDT,ask,162,6523.571
2024-08-26 09:54:09,SOLUSDT,bid,155,4592.105
2024-08-26 09:54:10,SOLUSDT,bid,156,4394.562
2024-08-26 09:54:17,SOLUSDT,bid,154,3260.795
2024-08-26 09:54:48,SOLUSDT,bid,156,4395.836
2024-08-26 09:54:49,SOLUSDT,ask,180,22541.241
2024-08-26 09:54:53,SOLUSDT,ask,170,12383.097
2024-08-26 09:55:01,SOLUSDT,ask,158,3233.029
2024-08-26 09:55:01,SOLUSDT,ask,158,3248.299
2024-08-26 09:55:02,SOLUSDT,ask,158,3233.029
2024-08-26 09:55:04,SOLUSDT,ask,158,3240.829
2024-08-26 09:55:09,SOLUSDT,ask,158,3233.029
2024-08-26 09:55:15,SOLUSDT,bid,148,34392.913
2024-08-26 09:55:16,SOLUSDT,bid,156,3578.565
2024-08-26 09:55:20,SOLUSDT,ask,162,7448.327
2024-08-26 09:55:25,SOLUSDT,bid,148,34392.838
2024-08-26 09:55:31,SOLUSDT,ask,170,12383.172
2024-08-26 09:55:31,SOLUSDT,ask,172,2955.756
2024-08-26 09:55:39,SOLUSDT,ask,162,7584.215
2024-08-26 09:55:41,SOLUSDT,ask,170,12383.097
2024-08-26 09:55:41,SOLUSDT,ask,172,2955.69
2024-08-26 09:55:50,SOLUSDT,ask,162,7607.556
2024-08-26 09:55:59,SOLUSDT,bid,155,4597.105
2024-08-26 09:56:02,SOLUSDT,bid,143,4671.074
2024-08-26 09:56:04,SOLUSDT,ask,167,7848.968
2024-08-26 09:56:05,SOLUSDT,bid,150,5984.314
2024-08-26 09:56:06,SOLUSDT,bid,156,3803.384
2024-08-26 09:56:06,SOLUSDT,bid,154,4002.835
2024-08-26 09:56:08,SOLUSDT,bid,154,3260.795
2024-08-26 09:56:10,SOLUSDT,bid,140,12441.263
2024-08-26 09:56:31,SOLUSDT,bid,115,16729.981
2024-08-26 09:56:32,SOLUSDT,bid,154,3333.276
2024-08-26 09:56:33,SOLUSDT,bid,90,9666.48
2024-08-26 09:56:42,SOLUSDT,bid,141,3976.357
2024-08-26 09:56:42,SOLUSDT,ask,169,8161.589
2024-08-26 09:56:47,SOLUSDT,ask,169,8161.512
2024-08-26 09:56:57,SOLUSDT,bid,156,3576.976
2024-08-26 09:56:59,SOLUSDT,bid,155,4597.33
2024-08-26 09:57:12,SOLUSDT,ask,162,7608.555
2024-08-26 09:57:14,SOLUSDT,ask,170,12384.102
2024-08-26 09:57:15,SOLUSDT,bid,155,4597.623
2024-08-26 09:57:40,SOLUSDT,ask,162,7614.424
2024-08-26 09:57:42,SOLUSDT,bid,156,3574.418
2024-08-26 09:57:42,SOLUSDT,bid,156,3573.139
2024-08-26 09:57:43,SOLUSDT,bid,155,4597.768
2024-08-26 09:57:45,SOLUSDT,bid,105,8167.834
2024-08-26 09:57:46,SOLUSDT,ask,162,7620.697
2024-08-26 09:57:48,SOLUSDT,ask,162,7614.424
2024-08-26 09:57:54,SOLUSDT,ask,163,5813.471
2024-08-26 09:58:05,SOLUSDT,ask,162,7615.422
2024-08-26 09:58:06,SOLUSDT,ask,162,7616.933
2024-08-26 09:58:10,SOLUSDT,bid,95,8064.362
2024-08-26 09:58:11,SOLUSDT,bid,139,3908.676
2024-08-26 09:58:19,SOLUSDT,bid,155,3374.733
2024-08-26 09:59:28,SOLUSDT,ask,206,4235.725
2024-08-26 09:59:37,SOLUSDT,bid,131,8852.633
2024-08-26 09:59:41,SOLUSDT,bid,121,4379.153
2024-08-26 09:59:49,SOLUSDT,ask,169,8161.582
2024-08-26 09:59:59,SOLUSDT,ask,169,8161.512
2024-08-26 09:59:59,SOLUSDT,ask,162,7651.533
2024-08-26 10:00:10,SOLUSDT,ask,168,11037.976
2024-08-26 10:00:11,SOLUSDT,bid,156,3569.939
2024-08-26 10:00:24,SOLUSDT,ask,182,8086.063
2024-08-26 10:00:31,SOLUSDT,bid,150,5984.397
2024-08-26 10:00:37,SOLUSDT,bid,150,5984.314
2024-08-26 10:00:40,SOLUSDT,bid,154,3339.79
2024-08-26 10:00:44,SOLUSDT,bid,120,33878.741
2024-08-26 10:01:21,SOLUSDT,ask,172,2955.763
2024-08-26 10:01:24,SOLUSDT,bid,147,34236.846
2024-08-26 10:01:28,SOLUSDT,ask,158,3418.797
2024-08-26 10:01:28,SOLUSDT,ask,158,3338.813
2024-08-26 10:01:28,SOLUSDT,ask,158,3189.814
2024-08-26 10:01:31,SOLUSDT,ask,158,3170.479
2024-08-26 10:01:31,SOLUSDT,ask,172,2955.69
2024-08-26 10:01:31,SOLUSDT,ask,158,3167.325
2024-08-26 10:01:32,SOLUSDT,ask,158,3214.652
2024-08-26 10:01:34,SOLUSDT,ask,158,3214.852
2024-08-26 10:01:35,SOLUSDT,ask,158,3167.325
2024-08-26 10:01:35,SOLUSDT,ask,158,3307.337
2024-08-26 10:01:36,SOLUSDT,ask,158,3210.362
2024-08-26 10:01:43,SOLUSDT,bid,147,34236.748
2024-08-26 10:01:51,SOLUSDT,bid,140,12427.546
2024-08-26 10:02:01,SOLUSDT,bid,150,5977.644
2024-08-26 10:02:07,SOLUSDT,bid,156,3803.384
2024-08-26 10:02:08,SOLUSDT,bid,145,4420.671
2024-08-26 10:02:08,SOLUSDT,bid,140,12441.263
2024-08-26 10:02:16,SOLUSDT,bid,150,5977.778
2024-08-26 10:02:33,SOLUSDT,bid,150,5977.86
2024-08-26 10:02:38,SOLUSDT,bid,150,5977.778
2024-08-26 10:03:14,SOLUSDT,bid,145,4420.605
2024-08-26 10:03:14,SOLUSDT,bid,90,9666.414
2024-08-26 10:03:14,SOLUSDT,ask,200,44893.222
2024-08-26 10:03:25,SOLUSDT,bid,145,4420.707
2024-08-26 10:03:30,SOLUSDT,bid,120,33881.241
2024-08-26 10:03:36,SOLUSDT,bid,150,5971.112
2024-08-26 10:03:45,SOLUSDT,bid,145,4420.605
2024-08-26 10:03:46,SOLUSDT,ask,169,3153.285
2024-08-26 10:03:55,SOLUSDT,bid,150,5966.006
2024-08-26 10:03:56,SOLUSDT,bid,156,3576.349
2024-08-26 10:03:56,SOLUSDT,ask,169,3153.216
2024-08-26 10:04:21,SOLUSDT,bid,140,12298.406
2024-08-26 10:05:05,SOLUSDT,bid,156,3578.915
2024-08-26 10:05:07,SOLUSDT,bid,156,4697.498
2024-08-26 10:05:07,SOLUSDT,bid,156,3579.915
2024-08-26 10:05:17,SOLUSDT,ask,200,44958.039
2024-08-26 10:05:19,SOLUSDT,bid,95,8064.362
2024-08-26 10:05:20,SOLUSDT,bid,155,4597.826
2024-08-26 10:05:20,SOLUSDT,bid,150,5966.066
2024-08-26 10:05:20,SOLUSDT,bid,145,4420.667
2024-08-26 10:05:20,SOLUSDT,bid,140,12298.47
2024-08-26 10:05:20,SOLUSDT,ask,165,16471.427
2024-08-26 10:05:43,SOLUSDT,bid,156,3576.646
2024-08-26 10:05:45,SOLUSDT,ask,165,16471.394
2024-08-26 10:06:02,SOLUSDT,bid,155,4564.153
2024-08-26 10:06:22,SOLUSDT,bid,148,34392.916
2024-08-26 10:06:24,SOLUSDT,ask,165,16475.739
2024-08-26 10:06:27,SOLUSDT,bid,148,34392.838
2024-08-26 10:07:07,SOLUSDT,bid,156,3803.384
2024-08-26 10:07:15,SOLUSDT,ask,200,44959.185
2024-08-26 10:07:23,SOLUSDT,ask,300,10416.125
2024-08-26 10:07:38,SOLUSDT,ask,215,4398.569
2024-08-26 10:07:51,SOLUSDT,ask,183,3533.084
2024-08-26 10:07:54,SOLUSDT,bid,130,10658.312
2024-08-26 10:08:05,SOLUSDT,bid,155,4565.153
2024-08-26 10:08:12,SOLUSDT,bid,156,3577.146
2024-08-26 10:08:23,SOLUSDT,bid,115,16734.328
2024-08-26 10:08:42,SOLUSDT,ask,170,12384.175
2024-08-26 10:08:57,SOLUSDT,ask,170,12384.102
2024-08-26 10:08:58,SOLUSDT,ask,162,7652.168
2024-08-26 10:09:13,SOLUSDT,bid,155,4543.153
2024-08-26 10:09:32,SOLUSDT,ask,165,16485.739
2024-08-26 10:09:44,SOLUSDT,bid,156,3574.58
2024-08-26 10:10:00,SOLUSDT,ask,185,19183.518
2024-08-26 10:10:27,SOLUSDT,bid,156,3576.772
2024-08-26 10:10:30,SOLUSDT,bid,145,4425.282
2024-08-26 10:10:34,SOLUSDT,bid,145,4420.667
2024-08-26 10:10:55,SOLUSDT,ask,163,5828.581
2024-08-26 10:11:01,SOLUSDT,bid,156,3741.305
2024-08-26 10:11:13,SOLUSDT,bid,155,5730.079
2024-08-26 10:11:18,SOLUSDT,bid,156,3576.392
2024-08-26 10:11:20,SOLUSDT,ask,190,23563.395
2024-08-26 10:11:25,SOLUSDT,bid,155,4543.215
2024-08-26 10:11:28,SOLUSDT,ask,210,24777.973
2024-08-26 10:11:40,SOLUSDT,ask,168,11037.876
2024-08-26 10:11:53,SOLUSDT,ask,162,7652.268
2024-08-26 10:11:57,SOLUSDT,bid,154,3340.114
2024-08-26 10:12:07,SOLUSDT,ask,167,7845.838
2024-08-26 10:12:23,SOLUSDT,bid,111,12431.314
2024-08-26 10:12:40,SOLUSDT,ask,210,24778.152
2024-08-26 10:12:40,SOLUSDT,bid,143,4671.186
2024-08-26 10:12:46,SOLUSDT,bid,115,16821.284
2024-08-26 10:13:03,SOLUSDT,ask,166,3249.479
2024-08-26 10:13:03,SOLUSDT,bid,143,4671.074
2024-08-26 10:13:20,SOLUSDT,bid,154,3339.79
2024-08-26 10:13:20,SOLUSDT,bid,154,3324.77
2024-08-26 10:13:29,SOLUSDT,ask,163,5822.412
2024-08-26 10:13:38,SOLUSDT,ask,162,7652.96
2024-08-26 10:13:45,SOLUSDT,ask,169,8161.562
2024-08-26 10:13:51,SOLUSDT,bid,155,3351.156
2024-08-26 10:13:52,SOLUSDT,bid,155,4543.525
2024-08-26 10:14:07,SOLUSDT,ask,180,22543.241
2024-08-26 10:14:17,SOLUSDT,bid,156,3557.512
2024-08-26 10:14:44,SOLUSDT,ask,158,3267.592
2024-08-26 10:14:45,SOLUSDT,ask,158,3259.611
2024-08-26 10:14:46,SOLUSDT,ask,170,12386.102
2024-08-26 10:14:49,SOLUSDT,ask,158,3161.777
2024-08-26 10:14:52,SOLUSDT,ask,158,3186.986
2024-08-26 10:14:52,SOLUSDT,ask,158,3185.926
2024-08-26 10:14:57,SOLUSDT,ask,163,5808.537
2024-08-26 10:15:01,SOLUSDT,ask,162,7657.96
2024-08-26 10:15:02,SOLUSDT,bid,143,4671.23
2024-08-26 10:15:02,SOLUSDT,bid,143,4671.308
2024-08-26 10:15:02,SOLUSDT,bid,143,4671.464
2024-08-26 10:15:02,SOLUSDT,bid,143,4671.542
2024-08-26 10:15:03,SOLUSDT,bid,143,4671.62
2024-08-26 10:15:07,SOLUSDT,ask,197,11765.809
2024-08-26 10:15:20,SOLUSDT,ask,197,11763.315
2024-08-26 10:15:21,SOLUSDT,ask,167,7844.484
2024-08-26 10:15:53,SOLUSDT,ask,162,7658.079
2024-08-26 10:16:03,SOLUSDT,bid,156,3557.554
2024-08-26 10:16:03,SOLUSDT,bid,154,3324.812
2024-08-26 10:16:03,SOLUSDT,bid,150,5966.108
2024-08-26 10:16:04,SOLUSDT,bid,142,3860.923
2024-08-26 10:16:04,SOLUSDT,bid,140,12298.512
2024-08-26 10:16:04,SOLUSDT,bid,138,4704.762
2024-08-26 10:16:05,SOLUSDT,bid,136,7282.088
2024-08-26 10:16:09,SOLUSDT,bid,130,10658.759
2024-08-26 10:16:12,SOLUSDT,bid,135,13838.091
2024-08-26 10:16:19,SOLUSDT,ask,170,12386.949
2024-08-26 10:16:19,SOLUSDT,ask,165,16488.99
2024-08-26 10:16:39,SOLUSDT,bid,156,3558.854
2024-08-26 10:16:39,SOLUSDT,ask,162,7667.133
2024-08-26 10:16:44,SOLUSDT,bid,156,3558.897
2024-08-26 10:16:47,SOLUSDT,bid,140,12298.465
2024-08-26 10:16:47,SOLUSDT,ask,165,16488.943
2024-08-26 10:17:02,SOLUSDT,ask,169,8161.313
2024-08-26 10:17:06,SOLUSDT,ask,168,11037.676
2024-08-26 10:17:13,SOLUSDT,ask,180,22496.086
2024-08-26 10:17:32,SOLUSDT,ask,197,11765.807
2024-08-26 10:17:39,SOLUSDT,ask,197,11763.315
2024-08-26 10:17:44,SOLUSDT,ask,170,12387.198
2024-08-26 10:17:46,SOLUSDT,ask,162,7677.838
2024-08-26 10:17:54,SOLUSDT,ask,162,7688.928
2024-08-26 10:18:00,SOLUSDT,bid,155,4545.891
2024-08-26 10:18:03,SOLUSDT,bid,156,3556.9
2024-08-26 10:18:07,SOLUSDT,bid,140,12337.051
2024-08-26 10:18:10,SOLUSDT,bid,156,3742.578
2024-08-26 10:18:11,SOLUSDT,bid,156,3505.52
2024-08-26 10:18:18,SOLUSDT,bid,143,4671.698
2024-08-26 10:18:19,SOLUSDT,bid,143,4671.776
2024-08-26 10:18:19,SOLUSDT,bid,157,3742.522
2024-08-26 10:18:44,SOLUSDT,bid,140,12348.467
2024-08-26 10:18:48,SOLUSDT,bid,105,8169.883
2024-08-26 10:18:56,SOLUSDT,ask,162,7688.989
2024-08-26 10:19:09,SOLUSDT,bid,142,3862.307
2024-08-26 10:19:16,SOLUSDT,bid,105,8167.834
2024-08-26 10:19:18,SOLUSDT,bid,157,4057.106
2024-08-26 10:19:19,SOLUSDT,ask,162,7688.771
2024-08-26 10:19:19,SOLUSDT,ask,163,5776.493
2024-08-26 10:19:28,SOLUSDT,bid,120,33883.033
2024-08-26 10:19:40,SOLUSDT,ask,168,11037.782
2024-08-26 10:19:45,SOLUSDT,bid,145,4420.773
2024-08-26 10:20:05,SOLUSDT,bid,156,3518.34
2024-08-26 10:20:06,SOLUSDT,bid,120,33881.241
2024-08-26 10:20:11,SOLUSDT,ask,162,7689.024
2024-08-26 10:20:13,SOLUSDT,bid,143,4672.776
2024-08-26 10:20:13,SOLUSDT,bid,140,12347.467
2024-08-26 10:20:23,SOLUSDT,ask,197,11765.827
2024-08-26 10:20:24,SOLUSDT,ask,197,11763.315
2024-08-26 10:20:24,SOLUSDT,ask,182,8096.053
2024-08-26 10:20:24,SOLUSDT,ask,193,5746.95
2024-08-26 10:20:37,SOLUSDT,ask,168,11036.091
2024-08-26 10:20:38,SOLUSDT,ask,162,7704.024
2024-08-26 10:20:48,SOLUSDT,ask,163,5778.728
2024-08-26 10:20:52,SOLUSDT,ask,165,16498.943
2024-08-26 10:20:57,SOLUSDT,ask,166,3259.479
2024-08-26 10:20:57,SOLUSDT,ask,169,7530.194
2024-08-26 10:21:05,SOLUSDT,ask,167,7859.484
2024-08-26 10:21:24,SOLUSDT,bid,155,3351.886
2024-08-26 10:21:30,SOLUSDT,ask,163,5788.057
2024-08-26 10:21:45,SOLUSDT,ask,165,16500.943
2024-08-26 10:21:58,SOLUSDT,ask,165,16498.943
2024-08-26 10:22:00,SOLUSDT,ask,165,16483.221
2024-08-26 10:22:02,SOLUSDT,bid,157,4059.602
2024-08-26 10:22:03,SOLUSDT,bid,157,3745.018
2024-08-26 10:22:29,SOLUSDT,ask,165,16484.79
2024-08-26 10:22:38,SOLUSDT,bid,155,4548.968
2024-08-26 10:22:48,SOLUSDT,ask,168,11038.829
2024-08-26 10:22:52,SOLUSDT,bid,140,12376.038
2024-08-26 10:23:02,SOLUSDT,bid,157,3742.522
2024-08-26 10:23:07,SOLUSDT,ask,162,7703.655
2024-08-26 10:23:20,SOLUSDT,bid,155,4545.891
2024-08-26 10:23:38,SOLUSDT,ask,163,5788.368
2024-08-26 10:23:40,SOLUSDT,bid,150,5969.288
2024-08-26 10:23:45,SOLUSDT,ask,162,7704.913
2024-08-26 10:23:59,SOLUSDT,bid,155,4556.099
2024-08-26 10:24:00,SOLUSDT,bid,154,3328.814
2024-08-26 10:24:01,SOLUSDT,bid,150,5973.288
2024-08-26 10:24:21,SOLUSDT,bid,155,4555.775
2024-08-26 10:24:23,SOLUSDT,bid,150,5982.288
2024-08-26 10:24:39,SOLUSDT,bid,145,4420.876
2024-08-26 10:24:41,SOLUSDT,bid,145,4431.22
2024-08-26 10:24:49,SOLUSDT,ask,220,14858.682
2024-08-26 10:25:00,SOLUSDT,bid,145,4431.117
2024-08-26 10:25:02,SOLUSDT,bid,143,4672.62
2024-08-26 10:25:02,SOLUSDT,bid,143,4672.542
2024-08-26 10:25:02,SOLUSDT,bid,143,4672.386
2024-08-26 10:25:02,SOLUSDT,bid,143,4672.308
2024-08-26 10:25:03,SOLUSDT,bid,143,4672.23
2024-08-26 10:25:09,SOLUSDT,bid,143,4672.308
2024-08-26 10:25:26,SOLUSDT,bid,140,12377.161
2024-08-26 10:25:31,SOLUSDT,bid,143,4672.386
2024-08-26 10:25:31,SOLUSDT,bid,143,4672.464
2024-08-26 10:25:34,SOLUSDT,bid,120,33878.241
2024-08-26 10:25:40,SOLUSDT,bid,155,4554.595
2024-08-26 10:25:52,SOLUSDT,ask,197,11765.797
2024-08-26 10:25:54,SOLUSDT,ask,197,11763.315
2024-08-26 10:26:18,SOLUSDT,ask,163,5782.054
2024-08-26 10:26:20,SOLUSDT,ask,162,7705.044
2024-08-26 10:26:23,SOLUSDT,bid,150,5974.153
2024-08-26 10:26:37,SOLUSDT,ask,175,10290.812
2024-08-26 10:26:37,SOLUSDT,ask,185,19183.551
2024-08-26 10:26:49,SOLUSDT,ask,170,12373.498
2024-08-26 10:26:56,SOLUSDT,ask,175,10290.736
2024-08-26 10:27:07,SOLUSDT,ask,200,44954.185
2024-08-26 10:27:11,SOLUSDT,bid,150,6016.453
2024-08-26 10:27:48,SOLUSDT,bid,110,22960.626
2024-08-26 10:27:55,SOLUSDT,bid,143,4670.456
2024-08-26 10:28:03,SOLUSDT,ask,162,7704.919
2024-08-26 10:28:13,SOLUSDT,bid,150,6016.686
2024-08-26 10:28:14,SOLUSDT,bid,80,19025.424
2024-08-26 10:28:19,SOLUSDT,bid,143,4670.378
2024-08-26 10:28:19,SOLUSDT,bid,143,4670.3
2024-08-26 10:28:22,SOLUSDT,ask,162,7704.1
2024-08-26 10:28:29,SOLUSDT,ask,240,5843.179
2024-08-26 10:28:46,SOLUSDT,ask,162,7704.6
2024-08-26 10:28:46,SOLUSDT,ask,170,12371.498
2024-08-26 10:28:48,SOLUSDT,bid,156,3518.253
2024-08-26 10:28:48,SOLUSDT,bid,155,3351.799
2024-08-26 10:28:48,SOLUSDT,bid,155,4554.508
2024-08-26 10:28:48,SOLUSDT,ask,162,7704.513
2024-08-26 10:28:48,SOLUSDT,ask,163,5781.967
2024-08-26 10:28:48,SOLUSDT,ask,165,16484.703
2024-08-26 10:28:52,SOLUSDT,bid,150,6016.453
2024-08-26 10:28:55,SOLUSDT,ask,165,16486.703
2024-08-26 10:29:00,SOLUSDT,ask,163,5782.18
2024-08-26 10:29:16,SOLUSDT,ask,162,7704.763
2024-08-26 10:29:26,SOLUSDT,ask,170,12365.17
2024-08-26 10:29:29,SOLUSDT,bid,145,4430.766
2024-08-26 10:29:35,SOLUSDT,ask,185,19186.551
2024-08-26 10:29:40,SOLUSDT,bid,155,5731.359
2024-08-26 10:29:51,SOLUSDT,bid,115,16819.543
2024-08-26 10:29:55,SOLUSDT,bid,155,4548.0
2024-08-26 10:29:57,SOLUSDT,ask,162,7692.775
2024-08-26 10:30:08,SOLUSDT,ask,162,7693.775
2024-08-26 10:30:22,SOLUSDT,ask,163,5781.563
2024-08-26 10:30:57,SOLUSDT,ask,162,7693.842
2024-08-26 10:30:57,SOLUSDT,bid,155,5730.717
2024-08-26 10:31:17,SOLUSDT,ask,163,5782.11
2024-08-26 10:31:29,SOLUSDT,bid,145,4447.931
2024-08-26 10:31:32,SOLUSDT,bid,155,5730.669
2024-08-26 10:31:34,SOLUSDT,ask,200,44955.684
2024-08-26 10:31:50,SOLUSDT,ask,172,2955.761
2024-08-26 10:31:51,SOLUSDT,bid,128,4123.714
2024-08-26 10:31:55,SOLUSDT,ask,172,2955.69
2024-08-26 10:32:10,SOLUSDT,ask,162,7694.09
2024-08-26 10:32:15,SOLUSDT,bid,155,4546.401
2024-08-26 10:32:39,SOLUSDT,ask,162,7695.421
2024-08-26 10:32:43,SOLUSDT,ask,162,7698.942
2024-08-26 10:32:48,SOLUSDT,bid,155,5728.391
2024-08-26 10:32:52,SOLUSDT,ask,162,7697.611
2024-08-26 10:33:08,SOLUSDT,ask,162,7700.177
2024-08-26 10:33:32,SOLUSDT,ask,162,7700.377
2024-08-26 10:33:37,SOLUSDT,bid,140,12375.794
2024-08-26 10:33:41,SOLUSDT,ask,162,7700.217
2024-08-26 10:33:45,SOLUSDT,bid,150,5999.898
2024-08-26 10:33:53,SOLUSDT,bid,142,3879.794
2024-08-26 10:34:40,SOLUSDT,ask,168,11038.989
2024-08-26 10:34:47,SOLUSDT,bid,156,3502.228
2024-08-26 10:34:49,SOLUSDT,ask,180,22496.17
2024-08-26 10:34:50,SOLUSDT,bid,156,3503.241
2024-08-26 10:34:56,SOLUSDT,ask,162,7680.217
2024-08-26 10:35:02,SOLUSDT,bid,105,8166.882
2024-08-26 10:35:08,SOLUSDT,ask,170,12367.118
2024-08-26 10:35:09,SOLUSDT,bid,143,4670.222
2024-08-26 10:35:11,SOLUSDT,ask,162,7691.38
2024-08-26 10:35:11,SOLUSDT,ask,180,22496.086
2024-08-26 10:35:15,SOLUSDT,bid,140,12350.462
2024-08-26 10:35:31,SOLUSDT,bid,143,4670.144
2024-08-26 10:35:31,SOLUSDT,bid,143,4670.066
2024-08-26 10:35:40,SOLUSDT,ask,198,5092.399
2024-08-26 10:35:43,SOLUSDT,bid,156,3443.892
2024-08-26 10:35:55,SOLUSDT,bid,145,4448.039
2024-08-26 10:36:10,SOLUSDT,bid,150,6001.898
2024-08-26 10:36:12,SOLUSDT,bid,156,3591.327
2024-08-26 10:36:13,SOLUSDT,bid,145,4449.267
2024-08-26 10:36:18,SOLUSDT,bid,155,4549.615
2024-08-26 10:36:22,SOLUSDT,bid,145,4449.159
2024-08-26 10:36:24,SOLUSDT,ask,163,5772.781
2024-08-26 10:36:33,SOLUSDT,ask,175,10283.736
2024-08-26 10:36:42,SOLUSDT,ask,162,7692.004
2024-08-26 10:37:12,SOLUSDT,bid,125,10248.894
2024-08-26 10:37:12,SOLUSDT,ask,200,44955.427
2024-08-26 10:37:41,SOLUSDT,bid,125,10233.675
2024-08-26 10:37:41,SOLUSDT,bid,110,22943.331
2024-08-26 10:38:00,SOLUSDT,bid,110,22963.331
2024-08-26 10:38:07,SOLUSDT,bid,110,22943.331
2024-08-26 10:38:09,SOLUSDT,ask,162,7681.05
2024-08-26 10:38:16,SOLUSDT,ask,162,7700.332
2024-08-26 10:38:17,SOLUSDT,bid,111,12430.054
2024-08-26 10:38:25,SOLUSDT,ask,165,16497.657
2024-08-26 10:38:35,SOLUSDT,bid,141,3975.274
2024-08-26 10:38:39,SOLUSDT,bid,150,5951.898
2024-08-26 10:38:57,SOLUSDT,bid,138,4684.515
2024-08-26 10:39:03,SOLUSDT,bid,139,3697.748
2024-08-26 10:39:06,SOLUSDT,ask,165,16490.391
2024-08-26 10:39:09,SOLUSDT,bid,156,3591.283
2024-08-26 10:39:09,SOLUSDT,bid,141,3975.23
2024-08-26 10:39:14,SOLUSDT,ask,162,7670.137
2024-08-26 10:39:44,SOLUSDT,bid,115,16825.837
2024-08-26 10:39:46,SOLUSDT,ask,165,16487.14
2024-08-26 10:39:46,SOLUSDT,ask,167,7862.735
2024-08-26 10:40:09,SOLUSDT,ask,162,7659.192
2024-08-26 10:40:25,SOLUSDT,ask,172,2955.759
2024-08-26 10:40:35,SOLUSDT,ask,172,2955.69
2024-08-26 10:40:42,SOLUSDT,bid,139,3697.515
2024-08-26 10:41:04,SOLUSDT,ask,162,7660.225
2024-08-26 10:41:04,SOLUSDT,ask,162,7692.799
2024-08-26 10:41:05,SOLUSDT,ask,165,16496.131
2024-08-26 10:41:16,SOLUSDT,ask,167,7858.429
2024-08-26 10:41:44,SOLUSDT,ask,162,7689.802
2024-08-26 10:41:54,SOLUSDT,bid,154,3327.619
2024-08-26 10:41:56,SOLUSDT,ask,163,5773.896
2024-08-26 10:42:00,SOLUSDT,bid,157,3742.713
2024-08-26 10:42:01,SOLUSDT,ask,163,6582.494
2024-08-26 10:42:08,SOLUSDT,ask,165,16501.768
2024-08-26 10:42:12,SOLUSDT,ask,162,7689.596
2024-08-26 10:42:15,SOLUSDT,ask,163,6600.007
2024-08-26 10:42:15,SOLUSDT,ask,165,16484.255
2024-08-26 10:42:24,SOLUSDT,ask,165,16483.943
2024-08-26 10:42:31,SOLUSDT,ask,168,11018.989
2024-08-26 10:42:51,SOLUSDT,ask,169,3153.289
2024-08-26 10:42:55,SOLUSDT,bid,150,5931.057
2024-08-26 10:43:00,SOLUSDT,bid,157,3742.522
2024-08-26 10:43:00,SOLUSDT,ask,169,3153.216
2024-08-26 10:43:19,SOLUSDT,ask,162,7696.523
2024-08-26 10:43:20,SOLUSDT,bid,141,3996.707
2024-08-26 10:43:31,SOLUSDT,ask,162,7716.409
2024-08-26 10:43:40,SOLUSDT,bid,157,3801.346
2024-08-26 10:43:51,SOLUSDT,ask,165,16485.943
2024-08-26 10:44:03,SOLUSDT,ask,163,5791.409
2024-08-26 10:44:06,SOLUSDT,ask,162,7716.535
2024-08-26 10:44:34,SOLUSDT,bid,138,4682.837
2024-08-26 10:44:59,SOLUSDT,bid,155,4449.615
2024-08-26 10:44:59,SOLUSDT,ask,210,24771.945
2024-08-26 10:45:04,SOLUSDT,bid,155,5727.111
2024-08-26 10:45:11,SOLUSDT,ask,162,7718.186
2024-08-26 10:45:11,SOLUSDT,ask,170,12366.488
2024-08-26 10:45:16,SOLUSDT,ask,180,22503.953
2024-08-26 10:45:18,SOLUSDT,ask,163,5793.887
2024-08-26 10:45:21,SOLUSDT,bid,105,8165.93
2024-08-26 10:45:31,SOLUSDT,ask,165,16487.182
2024-08-26 10:45:32,SOLUSDT,bid,157,3826.41
2024-08-26 10:45:36,SOLUSDT,ask,170,12366.563
2024-08-26 10:45:38,SOLUSDT,ask,163,5791.409
2024-08-26 10:45:41,SOLUSDT,ask,162,7716.535
2024-08-26 10:45:46,SOLUSDT,ask,170,12366.488
2024-08-26 10:45:49,SOLUSDT,bid,157,3801.346
2024-08-26 10:45:52,SOLUSDT,bid,150,5931.257
2024-08-26 10:45:56,SOLUSDT,ask,168,11021.053
2024-08-26 10:45:59,SOLUSDT,bid,158,3741.645
2024-08-26 10:46:01,SOLUSDT,ask,170,12368.553
2024-08-26 10:46:10,SOLUSDT,ask,165,16487.225
2024-08-26 10:46:17,SOLUSDT,bid,150,5931.057
2024-08-26 10:46:19,SOLUSDT,bid,138,4681.66
2024-08-26 10:46:21,SOLUSDT,ask,180,22503.631
2024-08-26 10:46:28,SOLUSDT,ask,161,3665.033
2024-08-26 10:46:30,SOLUSDT,ask,165,16497.225
2024-08-26 10:46:40,SOLUSDT,ask,168,11020.893
2024-08-26 10:46:47,SOLUSDT,ask,162,7722.491
2024-08-26 10:46:54,SOLUSDT,bid,155,4449.753
2024-08-26 10:46:57,SOLUSDT,ask,165,16497.521
2024-08-26 10:47:14,SOLUSDT,ask,200,44960.427
2024-08-26 10:47:14,SOLUSDT,ask,162,7723.108
2024-08-26 10:47:15,SOLUSDT,bid,155,4449.616
2024-08-26 10:47:19,SOLUSDT,ask,188,13096.013
2024-08-26 10:47:26,SOLUSDT,bid,155,4444.886
2024-08-26 10:47:28,SOLUSDT,bid,155,4445.024
2024-08-26 10:47:29,SOLUSDT,bid,156,3592.117
2024-08-26 10:47:30,SOLUSDT,ask,163,5810.645
2024-08-26 10:47:32,SOLUSDT,ask,163,5812.594
2024-08-26 10:47:40,SOLUSDT,ask,162,7725.108
2024-08-26 10:47:41,SOLUSDT,bid,155,4454.74
2024-08-26 10:47:51,SOLUSDT,ask,162,7725.391
2024-08-26 10:47:56,SOLUSDT,bid,155,4454.602
2024-08-26 10:47:56,SOLUSDT,bid,155,4454.464
2024-08-26 10:48:00,SOLUSDT,bid,150,5928.057
2024-08-26 10:48:06,SOLUSDT,bid,155,4454.602
2024-08-26 10:48:06,SOLUSDT,bid,155,4455.102
2024-08-26 10:48:06,SOLUSDT,bid,150,5927.557
2024-08-26 10:48:10,SOLUSDT,ask,163,5813.853
2024-08-26 10:48:12,SOLUSDT,bid,145,4448.814
2024-08-26 10:48:12,SOLUSDT,bid,80,19025.976
2024-08-26 10:48:12,SOLUSDT,ask,161,3903.273
2024-08-26 10:48:19,SOLUSDT,ask,162,7775.341
2024-08-26 10:48:21,SOLUSDT,bid,145,4448.314
2024-08-26 10:48:35,SOLUSDT,ask,162,7775.581
2024-08-26 10:48:37,SOLUSDT,bid,150,5927.643
2024-08-26 10:48:43,SOLUSDT,bid,150,5927.557
2024-08-26 10:48:43,SOLUSDT,ask,162,7778.887
2024-08-26 10:48:59,SOLUSDT,ask,162,7746.313
2024-08-26 10:49:11,SOLUSDT,bid,154,3326.619
2024-08-26 10:49:14,SOLUSDT,bid,90,9667.414
2024-08-26 10:49:15,SOLUSDT,bid,155,5727.513
2024-08-26 10:49:21,SOLUSDT,ask,162,7752.94
2024-08-26 10:49:39,SOLUSDT,ask,161,3665.033
2024-08-26 10:49:49,SOLUSDT,bid,150,5923.351
2024-08-26 10:49:57,SOLUSDT,ask,190,23079.494
2024-08-26 10:49:58,SOLUSDT,ask,161,3903.273
2024-08-26 10:50:05,SOLUSDT,ask,162,7753.53
2024-08-26 10:50:13,SOLUSDT,bid,156,3594.214
2024-08-26 10:50:13,SOLUSDT,ask,161,3665.033
2024-08-26 10:50:13,SOLUSDT,bid,158,3742.277
2024-08-26 10:50:17,SOLUSDT,bid,150,5923.684
2024-08-26 10:50:20,SOLUSDT,ask,162,7751.166
2024-08-26 10:50:25,SOLUSDT,bid,155,4456.102
2024-08-26 10:50:27,SOLUSDT,ask,162,7791.49
2024-08-26 10:50:28,SOLUSDT,ask,165,16498.521
2024-08-26 10:50:29,SOLUSDT,ask,162,7741.54
2024-08-26 10:50:30,SOLUSDT,bid,155,4403.502
2024-08-26 10:50:30,SOLUSDT,bid,80,19025.838
2024-08-26 10:50:42,SOLUSDT,ask,190,23079.222
2024-08-26 10:50:44,SOLUSDT,bid,140,12350.827
2024-08-26 10:50:45,SOLUSDT,bid,155,4403.047
2024-08-26 10:50:47,SOLUSDT,bid,156,3593.762
2024-08-26 10:50:48,SOLUSDT,bid,155,4408.192
2024-08-26 10:50:59,SOLUSDT,ask,198,5079.309
2024-08-26 10:51:01,SOLUSDT,ask,250,18466.557
2024-08-26 10:51:03,SOLUSDT,bid,139,3869.211
2024-08-26 10:51:34,SOLUSDT,ask,162,7751.54
2024-08-26 10:51:44,SOLUSDT,bid,156,3591.665
2024-08-26 10:51:47,SOLUSDT,ask,163,5783.813
2024-08-26 10:51:54,SOLUSDT,bid,155,4407.192
2024-08-26 10:52:01,SOLUSDT,ask,162,7781.58
2024-08-26 10:52:03,SOLUSDT,ask,162,7781.246
2024-08-26 10:52:07,SOLUSDT,bid,156,3444.23
2024-08-26 10:52:17,SOLUSDT,bid,155,4406.87
2024-08-26 10:52:43,SOLUSDT,bid,100,23904.672
2024-08-26 10:52:44,SOLUSDT,ask,163,5783.78
2024-08-26 10:52:46,SOLUSDT,bid,156,3443.775
2024-08-26 10:52:49,SOLUSDT,ask,166,3259.285
2024-08-26 10:52:50,SOLUSDT,bid,140,12339.199
2024-08-26 10:52:50,SOLUSDT,ask,165,16495.524
2024-08-26 10:52:53,SOLUSDT,bid,145,4448.268
2024-08-26 10:53:01,SOLUSDT,bid,140,12339.246
2024-08-26 10:53:17,SOLUSDT,ask,163,5765.703
2024-08-26 10:53:18,SOLUSDT,ask,162,7783.246
2024-08-26 10:53:21,SOLUSDT,bid,133,9152.427
2024-08-26 10:53:22,SOLUSDT,ask,162,7772.541
2024-08-26 10:53:24,SOLUSDT,bid,90,9666.914
2024-08-26 10:53:27,SOLUSDT,ask,163,5770.695
2024-08-26 10:53:37,SOLUSDT,ask,188,13095.187
2024-08-26 10:53:38,SOLUSDT,ask,170,12368.692
2024-08-26 10:53:38,SOLUSDT,bid,158,3741.645
2024-08-26 10:53:49,SOLUSDT,bid,143,4646.878
2024-08-26 10:53:53,SOLUSDT,bid,135,13840.068
2024-08-26 10:53:53,SOLUSDT,bid,133,9150.45
2024-08-26 10:53:54,SOLUSDT,bid,135,13842.613
2024-08-26 10:53:56,SOLUSDT,bid,135,13840.636
2024-08-26 10:53:57,SOLUSDT,bid,150,5953.236
2024-08-26 10:54:02,SOLUSDT,ask,180,22503.664
2024-08-26 10:54:06,SOLUSDT,bid,158,3742.34
2024-08-26 10:54:06,SOLUSDT,bid,120,33875.278
2024-08-26 10:54:18,SOLUSDT,bid,135,13842.613
2024-08-26 10:54:18,SOLUSDT,ask,162,7790.618
2024-08-26 10:54:38,SOLUSDT,ask,300,10385.125
2024-08-26 10:54:46,SOLUSDT,ask,162,7785.042
2024-08-26 10:54:54,SOLUSDT,ask,162,7785.438
2024-08-26 10:54:59,SOLUSDT,ask,162,7785.738
2024-08-26 10:55:05,SOLUSDT,bid,155,4406.37
2024-08-26 10:55:11,SOLUSDT,ask,162,7786.092
2024-08-26 10:55:12,SOLUSDT,ask,163,5769.775
2024-08-26 10:55:24,SOLUSDT,ask,162,7791.668
2024-08-26 10:55:34,SOLUSDT,bid,158,3742.381
2024-08-26 10:55:44,SOLUSDT,ask,162,7765.694
2024-08-26 10:55:44,SOLUSDT,ask,190,23013.771
2024-08-26 10:55:44,SOLUSDT,ask,170,12367.692
2024-08-26 10:55:50,SOLUSDT,bid,100,23904.53
2024-08-26 10:55:50,SOLUSDT,ask,200,44960.285
2024-08-26 10:56:04,SOLUSDT,ask,199,5598.131
2024-08-26 10:56:12,SOLUSDT,bid,155,4406.87
2024-08-26 10:56:20,SOLUSDT,ask,170,12357.692
2024-08-26 10:56:22,SOLUSDT,ask,170,12387.853
2024-08-26 10:56:23,SOLUSDT,ask,165,16505.524
2024-08-26 10:56:25,SOLUSDT,bid,155,4406.483
2024-08-26 10:56:26,SOLUSDT,bid,145,4474.91
2024-08-26 10:56:34,SOLUSDT,ask,161,3667.303
2024-08-26 10:56:36,SOLUSDT,ask,170,12396.843
2024-08-26 10:56:37,SOLUSDT,bid,155,4406.19
2024-08-26 10:56:41,SOLUSDT,bid,155,4404.255
2024-08-26 10:56:43,SOLUSDT,ask,162,7790.901
2024-08-26 10:56:50,SOLUSDT,ask,172,2955.096
2024-08-26 10:57:08,SOLUSDT,bid,80,19025.424
2024-08-26 10:57:14,SOLUSDT,bid,130,10698.759
2024-08-26 10:57:17,SOLUSDT,ask,168,11021.487
2024-08-26 10:57:18,SOLUSDT,ask,167,7858.609
2024-08-26 10:57:22,SOLUSDT,bid,156,3467.276
2024-08-26 10:57:28,SOLUSDT,ask,170,12397.843
2024-08-26 10:57:37,SOLUSDT,bid,158,3741.686
