2024-08-22 07:00:00,SOLUSDT,ask,180,26642.147
2024-08-22 07:00:04,SOLUSDT,ask,190,22466.075
2024-08-22 07:00:10,SOLUSDT,bid,141,12002.134
2024-08-22 07:00:12,SOLUSDT,bid,141,12001.428
2024-08-22 07:00:22,SOLUSDT,bid,141,12001.337
2024-08-22 07:00:27,SOLUSDT,ask,155,13710.724
2024-08-22 07:01:07,SOLUSDT,ask,160,27743.847
2024-08-22 07:01:17,SOLUSDT,ask,148,26398.031
2024-08-22 07:01:21,SOLUSDT,ask,145,9227.437
2024-08-22 07:02:04,SOLUSDT,ask,145,9227.587
2024-08-22 07:02:11,SOLUSDT,bid,125,16730.595
2024-08-22 07:02:26,SOLUSDT,ask,145,9230.584
2024-08-22 07:02:40,SOLUSDT,bid,115,19369.393
2024-08-22 07:02:45,SOLUSDT,ask,165,17163.135
2024-08-22 07:03:02,SOLUSDT,ask,160,27743.559
2024-08-22 07:03:36,SOLUSDT,ask,147,12695.612
2024-08-22 07:03:36,SOLUSDT,ask,148,26398.711
2024-08-22 07:03:47,SOLUSDT,bid,135,14765.63
2024-08-22 07:03:47,SOLUSDT,bid,110,25466.477
2024-08-22 07:03:52,SOLUSDT,ask,180,26643.872
2024-08-22 07:04:00,SOLUSDT,ask,145,9231.505
2024-08-22 07:04:01,SOLUSDT,ask,149,15796.804
2024-08-22 07:04:01,SOLUSDT,ask,158,19292.564
2024-08-22 07:04:14,SOLUSDT,ask,149,15799.165
2024-08-22 07:04:23,SOLUSDT,ask,200,44985.971
2024-08-22 07:05:05,SOLUSDT,ask,148,26398.15
2024-08-22 07:05:10,SOLUSDT,bid,120,20824.589
2024-08-22 07:05:13,SOLUSDT,ask,147,12695.426
2024-08-22 07:05:19,SOLUSDT,ask,149,15800.571
2024-08-22 07:05:19,SOLUSDT,ask,163,19513.131
2024-08-22 07:05:26,SOLUSDT,ask,145,9120.313
2024-08-22 07:05:30,SOLUSDT,bid,135,14764.17
2024-08-22 07:05:31,SOLUSDT,bid,135,14765.656
2024-08-22 07:05:41,SOLUSDT,ask,145,9085.45
2024-08-22 07:05:51,SOLUSDT,ask,160,27745.559
2024-08-22 07:06:14,SOLUSDT,ask,147,12705.235
2024-08-22 07:06:15,SOLUSDT,ask,147,12704.235
2024-08-22 07:06:25,SOLUSDT,ask,150,28847.036
2024-08-22 07:07:03,SOLUSDT,ask,150,28847.219
2024-08-22 07:07:11,SOLUSDT,ask,150,28847.036
2024-08-22 07:07:35,SOLUSDT,ask,148,26399.548
2024-08-22 07:07:47,SOLUSDT,ask,155,13710.825
2024-08-22 07:08:01,SOLUSDT,ask,160,27745.907
2024-08-22 07:08:06,SOLUSDT,bid,141,12008.331
2024-08-22 07:08:10,SOLUSDT,bid,141,12231.24
2024-08-22 07:08:12,SOLUSDT,bid,141,12234.016
2024-08-22 07:08:18,SOLUSDT,ask,182,5573.448
2024-08-22 07:08:28,SOLUSDT,ask,152,20712.459
2024-08-22 07:08:29,SOLUSDT,ask,200,44984.971
2024-08-22 07:08:35,SOLUSDT,ask,165,17161.919
2024-08-22 07:09:14,SOLUSDT,ask,145,9098.695
2024-08-22 07:09:14,SOLUSDT,ask,151,20820.862
2024-08-22 07:09:16,SOLUSDT,ask,148,26392.513
2024-08-22 07:09:23,SOLUSDT,ask,195,12174.937
2024-08-22 07:09:31,SOLUSDT,ask,230,6733.922
2024-08-22 07:09:37,SOLUSDT,ask,145,9053.384
2024-08-22 07:09:37,SOLUSDT,ask,210,25883.549
2024-08-22 07:09:49,SOLUSDT,ask,145,9060.798
2024-08-22 07:10:08,SOLUSDT,ask,150,28846.35
2024-08-22 07:10:21,SOLUSDT,ask,175,8470.486
2024-08-22 07:10:21,SOLUSDT,ask,145,9062.128
2024-08-22 07:10:23,SOLUSDT,ask,150,28846.312
2024-08-22 07:10:26,SOLUSDT,ask,149,15800.608
2024-08-22 07:10:37,SOLUSDT,ask,155,13700.277
2024-08-22 07:10:38,SOLUSDT,ask,180,26653.872
2024-08-22 07:10:48,SOLUSDT,ask,151,20820.925
2024-08-22 07:11:08,SOLUSDT,ask,161,14597.712
2024-08-22 07:11:14,SOLUSDT,ask,147,12702.024
2024-08-22 07:11:24,SOLUSDT,ask,147,12702.274
2024-08-22 07:11:28,SOLUSDT,ask,149,15800.733
2024-08-22 07:11:28,SOLUSDT,ask,180,26802.498
2024-08-22 07:11:28,SOLUSDT,ask,145,9062.88
2024-08-22 07:11:54,SOLUSDT,bid,141,12234.722
2024-08-22 07:12:19,SOLUSDT,bid,120,20839.589
2024-08-22 07:12:19,SOLUSDT,ask,182,5583.448
2024-08-22 07:12:30,SOLUSDT,bid,120,20824.589
2024-08-22 07:12:33,SOLUSDT,ask,148,26388.718
2024-08-22 07:12:39,SOLUSDT,bid,141,12231.946
2024-08-22 07:12:54,SOLUSDT,bid,110,25481.477
2024-08-22 07:13:02,SOLUSDT,ask,145,9062.774
2024-08-22 07:13:02,SOLUSDT,ask,145,9060.756
2024-08-22 07:13:11,SOLUSDT,bid,141,12009.037
2024-08-22 07:13:18,SOLUSDT,ask,147,12706.069
2024-08-22 07:13:35,SOLUSDT,ask,145,9064.627
2024-08-22 07:13:38,SOLUSDT,ask,145,9065.608
2024-08-22 07:13:57,SOLUSDT,bid,141,12008.331
2024-08-22 07:14:22,SOLUSDT,ask,148,26408.718
2024-08-22 07:14:24,SOLUSDT,ask,147,12686.069
2024-08-22 07:14:28,SOLUSDT,bid,131,9198.166
2024-08-22 07:14:38,SOLUSDT,ask,145,9064.627
2024-08-22 07:14:46,SOLUSDT,bid,130,15550.179
2024-08-22 07:15:09,SOLUSDT,ask,150,28849.878
2024-08-22 07:15:16,SOLUSDT,bid,141,12001.337
2024-08-22 07:15:19,SOLUSDT,ask,180,26803.497
2024-08-22 07:15:46,SOLUSDT,bid,115,19369.437
2024-08-22 07:16:01,SOLUSDT,bid,120,20826.924
2024-08-22 07:16:09,SOLUSDT,ask,165,17156.919
2024-08-22 07:16:13,SOLUSDT,ask,147,12688.067
2024-08-22 07:16:14,SOLUSDT,ask,145,9065.178
2024-08-22 07:16:29,SOLUSDT,ask,180,26801.772
2024-08-22 07:16:40,SOLUSDT,ask,148,26445.943
2024-08-22 07:16:53,SOLUSDT,ask,148,24768.852
2024-08-22 07:17:08,SOLUSDT,bid,130,15530.179
2024-08-22 07:17:21,SOLUSDT,ask,155,13700.21
2024-08-22 07:17:23,SOLUSDT,ask,161,14607.896
2024-08-22 07:17:24,SOLUSDT,ask,160,27745.822
2024-08-22 07:17:25,SOLUSDT,ask,180,26803.497
2024-08-22 07:17:53,SOLUSDT,ask,145,9145.5
2024-08-22 07:18:49,SOLUSDT,ask,147,12687.196
2024-08-22 07:18:50,SOLUSDT,ask,152,20290.596
2024-08-22 07:18:56,SOLUSDT,bid,135,14755.6
2024-08-22 07:18:56,SOLUSDT,ask,145,9125.5
2024-08-22 07:19:16,SOLUSDT,ask,147,12687.846
2024-08-22 07:19:19,SOLUSDT,ask,155,13700.139
2024-08-22 07:19:20,SOLUSDT,bid,135,14794.661
2024-08-22 07:19:27,SOLUSDT,ask,150,28849.924
2024-08-22 07:19:53,SOLUSDT,ask,148,24768.653
2024-08-22 07:20:02,SOLUSDT,ask,150,28849.414
2024-08-22 07:20:20,SOLUSDT,ask,150,28859.405
2024-08-22 07:20:26,SOLUSDT,bid,135,14804.942
2024-08-22 07:20:48,SOLUSDT,ask,150,28859.359
2024-08-22 07:20:48,SOLUSDT,ask,151,20820.971
2024-08-22 07:20:58,SOLUSDT,ask,145,9132.1
2024-08-22 07:21:02,SOLUSDT,ask,150,28859.869
2024-08-22 07:21:16,SOLUSDT,ask,150,28859.831
2024-08-22 07:21:27,SOLUSDT,bid,135,14804.274
2024-08-22 07:21:52,SOLUSDT,ask,150,28859.147
2024-08-22 07:22:04,SOLUSDT,ask,147,12686.926
2024-08-22 07:22:33,SOLUSDT,bid,130,15531.179
2024-08-22 07:22:45,SOLUSDT,ask,150,28858.953
2024-08-22 07:22:48,SOLUSDT,ask,149,15787.083
2024-08-22 07:22:53,SOLUSDT,bid,120,20824.589
2024-08-22 07:23:33,SOLUSDT,ask,145,9145.18
2024-08-22 07:23:48,SOLUSDT,bid,130,15530.179
2024-08-22 07:23:49,SOLUSDT,ask,145,9139.59
2024-08-22 07:23:51,SOLUSDT,ask,145,9119.59
2024-08-22 07:23:57,SOLUSDT,ask,151,20819.972
2024-08-22 07:24:04,SOLUSDT,ask,150,28858.994
2024-08-22 07:24:06,SOLUSDT,ask,148,24764.104
2024-08-22 07:24:09,SOLUSDT,ask,147,12686.799
2024-08-22 07:24:14,SOLUSDT,ask,145,9118.59
2024-08-22 07:24:23,SOLUSDT,ask,155,13701.743
2024-08-22 07:24:31,SOLUSDT,ask,145,9123.139
2024-08-22 07:24:37,SOLUSDT,ask,148,24766.102
2024-08-22 07:24:43,SOLUSDT,ask,185,14479.844
2024-08-22 07:24:49,SOLUSDT,ask,148,24767.144
2024-08-22 07:24:57,SOLUSDT,ask,145,9122.588
2024-08-22 07:25:06,SOLUSDT,bid,125,16491.24
2024-08-22 07:25:08,SOLUSDT,bid,130,15309.055
2024-08-22 07:25:17,SOLUSDT,ask,148,24766.19
2024-08-22 07:25:26,SOLUSDT,ask,148,24765.148
2024-08-22 07:26:07,SOLUSDT,ask,148,24765.216
2024-08-22 07:26:10,SOLUSDT,ask,155,13700.547
2024-08-22 07:26:27,SOLUSDT,bid,120,20819.589
2024-08-22 07:26:35,SOLUSDT,ask,148,24766.613
2024-08-22 07:26:41,SOLUSDT,ask,150,28858.956
2024-08-22 07:26:47,SOLUSDT,ask,148,24765.216
2024-08-22 07:26:55,SOLUSDT,ask,150,28859.049
2024-08-22 07:27:04,SOLUSDT,bid,110,25480.576
2024-08-22 07:27:06,SOLUSDT,ask,148,24775.4
2024-08-22 07:27:06,SOLUSDT,ask,155,13690.363
2024-08-22 07:27:15,SOLUSDT,ask,148,24757.938
2024-08-22 07:27:33,SOLUSDT,ask,150,28792.383
2024-08-22 07:27:40,SOLUSDT,ask,148,24759.334
2024-08-22 07:27:55,SOLUSDT,ask,145,9192.588
2024-08-22 07:28:00,SOLUSDT,ask,149,15787.046
2024-08-22 07:28:11,SOLUSDT,ask,151,20829.647
2024-08-22 07:28:12,SOLUSDT,bid,130,15312.055
2024-08-22 07:28:35,SOLUSDT,ask,147,12683.0
2024-08-22 07:28:43,SOLUSDT,bid,120,20828.551
2024-08-22 07:28:43,SOLUSDT,ask,150,28791.466
2024-08-22 07:28:57,SOLUSDT,ask,158,19277.392
2024-08-22 07:29:16,SOLUSDT,ask,145,9192.718
2024-08-22 07:30:33,SOLUSDT,ask,145,9187.139
2024-08-22 07:30:37,SOLUSDT,ask,151,20829.601
2024-08-22 07:30:51,SOLUSDT,bid,125,16491.198
2024-08-22 07:30:54,SOLUSDT,ask,145,9188.139
2024-08-22 07:30:59,SOLUSDT,bid,135,14804.644
2024-08-22 07:31:00,SOLUSDT,ask,147,12684.0
2024-08-22 07:31:06,SOLUSDT,ask,160,27743.822
2024-08-22 07:31:10,SOLUSDT,bid,131,9198.547
2024-08-22 07:31:11,SOLUSDT,ask,145,9193.718
2024-08-22 07:31:12,SOLUSDT,ask,150,28791.9
2024-08-22 07:31:17,SOLUSDT,ask,150,28792.472
2024-08-22 07:31:22,SOLUSDT,ask,163,19518.342
2024-08-22 07:31:23,SOLUSDT,ask,180,26799.63
2024-08-22 07:31:29,SOLUSDT,bid,125,16491.598
2024-08-22 07:31:42,SOLUSDT,ask,170,12351.008
2024-08-22 07:31:42,SOLUSDT,ask,160,27743.86
2024-08-22 07:31:44,SOLUSDT,bid,141,12008.338
2024-08-22 07:31:52,SOLUSDT,ask,147,12636.86
2024-08-22 07:31:52,SOLUSDT,bid,135,14804.682
2024-08-22 07:31:53,SOLUSDT,bid,130,15346.979
2024-08-22 07:31:54,SOLUSDT,ask,149,15774.808
2024-08-22 07:31:58,SOLUSDT,bid,141,12001.337
2024-08-22 07:32:13,SOLUSDT,bid,120,20830.66
2024-08-22 07:32:14,SOLUSDT,ask,180,26799.242
2024-08-22 07:32:17,SOLUSDT,ask,160,27743.816
2024-08-22 07:32:19,SOLUSDT,ask,145,9206.26
2024-08-22 07:32:25,SOLUSDT,bid,120,20828.551
2024-08-22 07:32:33,SOLUSDT,bid,130,15347.179
2024-08-22 07:32:46,SOLUSDT,bid,135,14804.882
2024-08-22 07:32:48,SOLUSDT,bid,141,12008.339
2024-08-22 07:33:24,SOLUSDT,ask,152,20295.487
2024-08-22 07:33:33,SOLUSDT,ask,147,12633.014
2024-08-22 07:33:33,SOLUSDT,ask,150,28793.9
2024-08-22 07:33:37,SOLUSDT,ask,147,12634.214
2024-08-22 07:33:38,SOLUSDT,ask,150,28787.854
2024-08-22 07:33:46,SOLUSDT,bid,141,12001.337
2024-08-22 07:34:09,SOLUSDT,ask,149,15787.047
2024-08-22 07:34:28,SOLUSDT,ask,250,18518.422
2024-08-22 07:35:01,SOLUSDT,ask,150,28787.406
2024-08-22 07:35:03,SOLUSDT,bid,125,16489.094
2024-08-22 07:35:09,SOLUSDT,ask,150,28800.306
2024-08-22 07:35:53,SOLUSDT,ask,145,9200.681
2024-08-22 07:36:15,SOLUSDT,ask,145,9205.681
2024-08-22 07:36:22,SOLUSDT,bid,111,19577.712
2024-08-22 07:36:28,SOLUSDT,bid,111,19578.612
2024-08-22 07:36:57,SOLUSDT,ask,165,17163.77
2024-08-22 07:37:08,SOLUSDT,ask,145,9227.071
2024-08-22 07:37:11,SOLUSDT,ask,163,19512.978
2024-08-22 07:37:15,SOLUSDT,ask,152,20285.487
2024-08-22 07:37:36,SOLUSDT,ask,150,28799.534
2024-08-22 07:37:46,SOLUSDT,ask,148,24758.327
2024-08-22 07:37:48,SOLUSDT,bid,110,25480.516
2024-08-22 07:37:48,SOLUSDT,ask,150,28799.474
2024-08-22 07:37:48,SOLUSDT,ask,158,19277.332
2024-08-22 07:37:48,SOLUSDT,ask,182,5583.388
2024-08-22 07:37:48,SOLUSDT,ask,190,22466.015
2024-08-22 07:37:53,SOLUSDT,ask,147,12630.713
2024-08-22 07:38:02,SOLUSDT,ask,149,15787.819
2024-08-22 07:38:24,SOLUSDT,ask,150,28697.902
2024-08-22 07:38:36,SOLUSDT,ask,150,28698.909
2024-08-22 07:39:03,SOLUSDT,ask,150,28686.009
2024-08-22 07:39:06,SOLUSDT,ask,145,9225.668
2024-08-22 07:39:21,SOLUSDT,ask,161,14598.207
2024-08-22 07:39:28,SOLUSDT,ask,147,12576.292
2024-08-22 07:39:35,SOLUSDT,ask,145,9213.126
2024-08-22 07:39:39,SOLUSDT,ask,145,9206.526
2024-08-22 07:39:49,SOLUSDT,ask,165,17163.817
2024-08-22 07:39:50,SOLUSDT,ask,158,19277.379
2024-08-22 07:39:51,SOLUSDT,ask,151,20829.648
2024-08-22 07:39:54,SOLUSDT,ask,149,15783.423
2024-08-22 07:39:55,SOLUSDT,ask,148,24764.092
2024-08-22 07:39:56,SOLUSDT,bid,130,15347.226
2024-08-22 07:40:17,SOLUSDT,ask,160,27744.253
2024-08-22 07:40:24,SOLUSDT,ask,163,19512.224
2024-08-22 07:40:26,SOLUSDT,ask,145,9201.578
2024-08-22 07:40:35,SOLUSDT,ask,155,13691.117
2024-08-22 07:40:39,SOLUSDT,ask,147,12574.986
2024-08-22 07:40:48,SOLUSDT,ask,148,24231.422
2024-08-22 07:41:21,SOLUSDT,ask,148,23931.422
2024-08-22 07:41:32,SOLUSDT,ask,147,12575.549
2024-08-22 07:41:36,SOLUSDT,ask,145,9209.455
2024-08-22 07:41:41,SOLUSDT,ask,147,12578.794
2024-08-22 07:41:46,SOLUSDT,bid,110,25480.426
2024-08-22 07:41:53,SOLUSDT,ask,150,28688.71
2024-08-22 07:41:56,SOLUSDT,ask,150,28695.31
2024-08-22 07:42:08,SOLUSDT,ask,155,13695.004
2024-08-22 07:42:31,SOLUSDT,ask,160,27743.877
2024-08-22 07:42:43,SOLUSDT,bid,111,19548.891
2024-08-22 07:42:48,SOLUSDT,ask,148,23930.024
2024-08-22 07:42:51,SOLUSDT,ask,145,9216.433
2024-08-22 07:43:01,SOLUSDT,ask,145,9209.455
2024-08-22 07:43:06,SOLUSDT,ask,148,25607.115
2024-08-22 07:43:26,SOLUSDT,bid,100,28114.599
2024-08-22 07:43:37,SOLUSDT,ask,147,12578.52
2024-08-22 07:43:45,SOLUSDT,bid,111,19566.913
2024-08-22 07:44:16,SOLUSDT,ask,200,46090.602
2024-08-22 07:44:32,SOLUSDT,ask,200,44984.971
2024-08-22 07:44:44,SOLUSDT,ask,147,12579.218
2024-08-22 07:44:44,SOLUSDT,ask,180,26856.033
2024-08-22 07:44:52,SOLUSDT,ask,150,28653.304
2024-08-22 07:45:00,SOLUSDT,ask,220,12349.173
2024-08-22 07:45:07,SOLUSDT,ask,200,46090.602
2024-08-22 07:45:09,SOLUSDT,ask,145,9212.829
2024-08-22 07:45:27,SOLUSDT,ask,145,9225.371
2024-08-22 07:45:35,SOLUSDT,ask,145,9227.371
2024-08-22 07:45:41,SOLUSDT,ask,148,25600.949
2024-08-22 07:45:52,SOLUSDT,ask,160,27759.049
2024-08-22 07:45:57,SOLUSDT,ask,210,25902.853
2024-08-22 07:45:59,SOLUSDT,bid,110,25480.291
2024-08-22 07:45:59,SOLUSDT,ask,152,20285.389
2024-08-22 07:46:01,SOLUSDT,ask,147,12593.506
2024-08-22 07:46:29,SOLUSDT,bid,135,14804.697
2024-08-22 07:46:36,SOLUSDT,ask,145,9226.371
2024-08-22 07:46:50,SOLUSDT,ask,200,44984.971
2024-08-22 07:46:51,SOLUSDT,ask,147,12592.501
2024-08-22 07:46:52,SOLUSDT,ask,149,15783.523
2024-08-22 07:46:58,SOLUSDT,ask,155,13694.904
2024-08-22 07:47:01,SOLUSDT,bid,141,12008.337
2024-08-22 07:47:10,SOLUSDT,bid,141,12009.115
2024-08-22 07:47:22,SOLUSDT,ask,145,9229.876
2024-08-22 07:47:29,SOLUSDT,ask,152,20275.389
2024-08-22 07:47:31,SOLUSDT,ask,155,13684.904
2024-08-22 07:47:36,SOLUSDT,bid,135,14801.753
2024-08-22 07:47:43,SOLUSDT,ask,148,25600.996
2024-08-22 07:47:52,SOLUSDT,ask,147,12592.543
2024-08-22 07:47:55,SOLUSDT,ask,175,8475.629
2024-08-22 07:47:56,SOLUSDT,ask,145,9226.502
2024-08-22 07:48:01,SOLUSDT,bid,130,15337.158
2024-08-22 07:48:09,SOLUSDT,ask,160,27761.047
2024-08-22 07:48:10,SOLUSDT,ask,145,9226.556
2024-08-22 07:48:19,SOLUSDT,ask,149,15783.584
2024-08-22 07:48:23,SOLUSDT,ask,150,28657.892
2024-08-22 07:48:30,SOLUSDT,ask,170,12355.722
2024-08-22 07:48:37,SOLUSDT,ask,148,25464.057
2024-08-22 07:48:49,SOLUSDT,ask,145,9227.983
2024-08-22 07:48:54,SOLUSDT,bid,141,12002.115
2024-08-22 07:49:09,SOLUSDT,bid,141,12001.337
2024-08-22 07:49:30,SOLUSDT,bid,130,15350.158
2024-08-22 07:49:33,SOLUSDT,bid,135,14801.715
2024-08-22 07:49:33,SOLUSDT,bid,131,9198.508
2024-08-22 07:49:33,SOLUSDT,bid,130,15350.119
2024-08-22 07:49:35,SOLUSDT,ask,147,12593.543
2024-08-22 07:49:37,SOLUSDT,ask,145,9227.947
2024-08-22 07:49:49,SOLUSDT,ask,148,25466.555
2024-08-22 07:50:20,SOLUSDT,ask,145,9917.602
2024-08-22 07:50:32,SOLUSDT,bid,141,12008.337
2024-08-22 07:50:35,SOLUSDT,bid,141,12011.561
2024-08-22 07:50:36,SOLUSDT,bid,141,12014.791
2024-08-22 07:51:24,SOLUSDT,ask,145,9897.602
2024-08-22 07:51:32,SOLUSDT,ask,147,12593.891
2024-08-22 07:51:35,SOLUSDT,ask,147,12586.391
2024-08-22 07:51:39,SOLUSDT,ask,145,9898.023
2024-08-22 07:51:46,SOLUSDT,ask,147,12585.394
2024-08-22 07:51:50,SOLUSDT,ask,154,18163.558
2024-08-22 07:51:51,SOLUSDT,ask,147,12584.394
2024-08-22 07:51:55,SOLUSDT,bid,125,16487.951
2024-08-22 07:52:17,SOLUSDT,ask,148,25455.783
2024-08-22 07:52:17,SOLUSDT,ask,155,13674.904
2024-08-22 07:52:24,SOLUSDT,ask,147,12583.111
2024-08-22 07:52:26,SOLUSDT,ask,150,28657.512
2024-08-22 07:52:28,SOLUSDT,ask,147,12585.254
2024-08-22 07:52:45,SOLUSDT,ask,145,9899.089
2024-08-22 07:52:51,SOLUSDT,bid,141,12007.791
2024-08-22 07:52:55,SOLUSDT,ask,145,9900.372
2024-08-22 07:53:05,SOLUSDT,ask,145,9905.974
2024-08-22 07:53:17,SOLUSDT,bid,135,14801.789
2024-08-22 07:53:23,SOLUSDT,ask,154,18163.308
2024-08-22 07:53:23,SOLUSDT,ask,155,13674.157
2024-08-22 07:53:23,SOLUSDT,ask,145,9917.961
2024-08-22 07:53:50,SOLUSDT,bid,141,12014.791
2024-08-22 07:54:32,SOLUSDT,bid,131,9198.584
2024-08-22 07:54:49,SOLUSDT,ask,145,9926.307
2024-08-22 07:54:54,SOLUSDT,bid,130,15350.196
2024-08-22 07:55:14,SOLUSDT,ask,145,9926.237
2024-08-22 07:55:18,SOLUSDT,ask,145,9927.237
2024-08-22 07:55:29,SOLUSDT,bid,100,28117.754
2024-08-22 07:55:34,SOLUSDT,ask,145,9921.838
2024-08-22 07:56:05,SOLUSDT,ask,148,25455.078
2024-08-22 07:56:07,SOLUSDT,ask,246,5088.461
2024-08-22 07:56:12,SOLUSDT,bid,90,11928.393
2024-08-22 07:56:24,SOLUSDT,ask,145,9921.254
2024-08-22 07:56:24,SOLUSDT,ask,150,28657.22
2024-08-22 07:56:24,SOLUSDT,ask,155,13673.864
2024-08-22 07:56:27,SOLUSDT,ask,147,12586.328
2024-08-22 07:56:27,SOLUSDT,ask,156,20270.165
2024-08-22 07:56:40,SOLUSDT,ask,150,28657.17
2024-08-22 07:56:41,SOLUSDT,bid,80,26046.243
2024-08-22 07:56:56,SOLUSDT,bid,135,14790.678
2024-08-22 07:57:09,SOLUSDT,ask,170,12355.89
2024-08-22 07:57:37,SOLUSDT,ask,163,19510.224
2024-08-22 07:57:40,SOLUSDT,bid,80,26043.084
2024-08-22 07:57:41,SOLUSDT,bid,90,11924.922
2024-08-22 07:57:42,SOLUSDT,bid,100,28114.599
2024-08-22 07:57:49,SOLUSDT,ask,150,28657.437
2024-08-22 07:57:49,SOLUSDT,bid,111,19560.566
2024-08-22 07:57:58,SOLUSDT,ask,190,22451.522
2024-08-22 07:58:16,SOLUSDT,ask,160,27748.355
2024-08-22 07:58:26,SOLUSDT,ask,150,28656.68
2024-08-22 07:58:38,SOLUSDT,ask,160,27761.047
2024-08-22 07:58:40,SOLUSDT,bid,111,19560.355
2024-08-22 07:58:41,SOLUSDT,bid,110,25471.201
2024-08-22 07:58:47,SOLUSDT,bid,115,19366.829
2024-08-22 07:58:51,SOLUSDT,ask,160,27761.804
2024-08-22 07:58:51,SOLUSDT,ask,190,22466.122
2024-08-22 07:58:54,SOLUSDT,ask,260,7202.853
2024-08-22 07:58:55,SOLUSDT,ask,175,8475.937
2024-08-22 07:58:56,SOLUSDT,ask,158,19277.687
2024-08-22 07:58:58,SOLUSDT,bid,90,11925.23
2024-08-22 07:59:20,SOLUSDT,ask,148,25454.743
2024-08-22 07:59:27,SOLUSDT,bid,125,16491.951
2024-08-22 07:59:29,SOLUSDT,bid,130,17672.4
2024-08-22 07:59:30,SOLUSDT,ask,160,27762.033
2024-08-22 07:59:35,SOLUSDT,bid,110,25475.746
2024-08-22 07:59:36,SOLUSDT,ask,150,28657.096
2024-08-22 07:59:38,SOLUSDT,bid,120,20832.717
2024-08-22 07:59:42,SOLUSDT,ask,150,28656.521
2024-08-22 07:59:49,SOLUSDT,ask,148,25456.069
2024-08-22 07:59:58,SOLUSDT,bid,90,11930.785
2024-08-22 08:00:03,SOLUSDT,bid,110,25475.646
2024-08-22 08:00:23,SOLUSDT,bid,130,17722.296
2024-08-22 08:00:28,SOLUSDT,ask,150,28657.435
2024-08-22 08:00:28,SOLUSDT,ask,149,15775.301
2024-08-22 08:00:29,SOLUSDT,ask,155,13672.26
2024-08-22 08:00:35,SOLUSDT,ask,145,9921.341
2024-08-22 08:00:36,SOLUSDT,bid,130,17777.799
2024-08-22 08:00:37,SOLUSDT,bid,80,26050.584
2024-08-22 08:00:43,SOLUSDT,ask,147,12562.882
2024-08-22 08:00:45,SOLUSDT,ask,148,25454.853
2024-08-22 08:00:48,SOLUSDT,ask,220,12349.064
2024-08-22 08:01:15,SOLUSDT,ask,145,9908.799
2024-08-22 08:01:18,SOLUSDT,ask,152,20276.391
2024-08-22 08:01:18,SOLUSDT,bid,141,12772.614
2024-08-22 08:01:20,SOLUSDT,ask,160,27761.688
2024-08-22 08:01:20,SOLUSDT,bid,135,14787.013
2024-08-22 08:01:20,SOLUSDT,bid,120,20832.372
2024-08-22 08:01:24,SOLUSDT,bid,100,28117.203
2024-08-22 08:01:29,SOLUSDT,ask,147,12563.467
2024-08-22 08:01:30,SOLUSDT,ask,145,9910.043
2024-08-22 08:01:46,SOLUSDT,bid,141,12766.16
2024-08-22 08:01:47,SOLUSDT,ask,148,25460.316
2024-08-22 08:01:48,SOLUSDT,bid,130,17776.802
2024-08-22 08:01:51,SOLUSDT,bid,100,28114.599
2024-08-22 08:01:53,SOLUSDT,bid,80,26043.084
2024-08-22 08:01:55,SOLUSDT,bid,90,11925.23
2024-08-22 08:01:57,SOLUSDT,bid,110,25471.101
2024-08-22 08:02:08,SOLUSDT,bid,135,14790.678
2024-08-22 08:02:15,SOLUSDT,ask,152,20276.244
2024-08-22 08:02:32,SOLUSDT,bid,110,25475.646
2024-08-22 08:02:33,SOLUSDT,ask,145,9910.112
2024-08-22 08:02:42,SOLUSDT,ask,175,8470.794
2024-08-22 08:02:46,SOLUSDT,bid,100,28119.599
2024-08-22 08:02:46,SOLUSDT,bid,110,25475.544
2024-08-22 08:02:52,SOLUSDT,ask,145,9907.46
2024-08-22 08:03:02,SOLUSDT,bid,90,11930.785
2024-08-22 08:03:10,SOLUSDT,ask,150,28657.782
2024-08-22 08:03:10,SOLUSDT,ask,152,20276.591
2024-08-22 08:03:10,SOLUSDT,ask,154,18163.655
2024-08-22 08:03:10,SOLUSDT,ask,156,20270.512
2024-08-22 08:03:10,SOLUSDT,ask,158,19278.034
2024-08-22 08:03:10,SOLUSDT,ask,160,27762.035
2024-08-22 08:03:10,SOLUSDT,ask,148,25460.663
2024-08-22 08:03:12,SOLUSDT,bid,130,17777.149
2024-08-22 08:03:13,SOLUSDT,bid,120,20832.719
2024-08-22 08:03:16,SOLUSDT,bid,80,26049.334
2024-08-22 08:03:18,SOLUSDT,ask,150,28657.683
2024-08-22 08:03:23,SOLUSDT,ask,148,25993.333
2024-08-22 08:03:29,SOLUSDT,ask,148,25990.835
2024-08-22 08:03:30,SOLUSDT,bid,130,17769.329
2024-08-22 08:03:32,SOLUSDT,bid,130,17546.245
2024-08-22 08:03:37,SOLUSDT,ask,156,20270.416
2024-08-22 08:03:45,SOLUSDT,ask,148,25992.075
2024-08-22 08:03:59,SOLUSDT,bid,120,20802.719
2024-08-22 08:04:05,SOLUSDT,ask,145,9907.537
2024-08-22 08:04:15,SOLUSDT,ask,156,20270.48
2024-08-22 08:04:23,SOLUSDT,ask,145,9905.537
2024-08-22 08:04:30,SOLUSDT,ask,155,13683.991
2024-08-22 08:04:35,SOLUSDT,ask,145,9906.794
2024-08-22 08:04:48,SOLUSDT,ask,149,15765.709
2024-08-22 08:04:50,SOLUSDT,bid,141,12008.337
2024-08-22 08:04:53,SOLUSDT,ask,147,12563.541
2024-08-22 08:04:56,SOLUSDT,ask,152,20277.326
2024-08-22 08:04:58,SOLUSDT,bid,120,20792.719
2024-08-22 08:05:02,SOLUSDT,bid,130,15224.041
2024-08-22 08:05:04,SOLUSDT,ask,150,28651.837
2024-08-22 08:05:05,SOLUSDT,bid,130,15174.145
2024-08-22 08:05:07,SOLUSDT,bid,130,15118.642
2024-08-22 08:05:14,SOLUSDT,ask,150,28655.782
2024-08-22 08:05:37,SOLUSDT,ask,151,20882.648
2024-08-22 08:06:08,SOLUSDT,ask,152,20256.199
2024-08-22 08:06:12,SOLUSDT,bid,110,25475.044
2024-08-22 08:06:13,SOLUSDT,bid,120,20771.743
2024-08-22 08:06:15,SOLUSDT,ask,148,25986.391
2024-08-22 08:06:24,SOLUSDT,ask,150,28634.321
2024-08-22 08:06:31,SOLUSDT,ask,147,12533.534
2024-08-22 08:07:10,SOLUSDT,bid,141,12768.641
2024-08-22 08:07:19,SOLUSDT,ask,152,20277.66
2024-08-22 08:07:24,SOLUSDT,bid,115,19369.313
2024-08-22 08:07:32,SOLUSDT,bid,115,19366.829
2024-08-22 08:08:24,SOLUSDT,ask,155,13633.025
2024-08-22 08:08:58,SOLUSDT,ask,200,44984.903
2024-08-22 08:09:10,SOLUSDT,bid,141,12008.337
2024-08-22 08:09:16,SOLUSDT,ask,155,13633.703
2024-08-22 08:09:28,SOLUSDT,ask,148,25980.928
2024-08-22 08:09:31,SOLUSDT,bid,130,15114.796
2024-08-22 08:09:38,SOLUSDT,bid,141,12001.337
2024-08-22 08:09:52,SOLUSDT,ask,151,20879.153
2024-08-22 08:10:09,SOLUSDT,bid,141,12008.338
2024-08-22 08:10:17,SOLUSDT,bid,141,12001.337
2024-08-22 08:10:31,SOLUSDT,ask,147,12532.949
2024-08-22 08:10:44,SOLUSDT,ask,148,25980.49
2024-08-22 08:11:05,SOLUSDT,ask,148,25973.949
2024-08-22 08:11:11,SOLUSDT,ask,145,9910.414
2024-08-22 08:11:20,SOLUSDT,ask,155,13636.473
2024-08-22 08:11:24,SOLUSDT,bid,141,12008.335
2024-08-22 08:11:50,SOLUSDT,ask,147,12550.303
2024-08-22 08:12:04,SOLUSDT,ask,147,12550.908
2024-08-22 08:12:11,SOLUSDT,ask,151,20874.718
2024-08-22 08:12:17,SOLUSDT,ask,147,12551.908
2024-08-22 08:12:40,SOLUSDT,ask,145,9910.074
2024-08-22 08:12:40,SOLUSDT,ask,150,28633.981
2024-08-22 08:12:40,SOLUSDT,ask,155,13636.133
2024-08-22 08:12:40,SOLUSDT,ask,160,27761.695
2024-08-22 08:12:44,SOLUSDT,ask,147,12551.157
2024-08-22 08:13:21,SOLUSDT,ask,145,9912.3
2024-08-22 08:13:25,SOLUSDT,bid,125,16481.106
2024-08-22 08:13:27,SOLUSDT,ask,148,25976.447
2024-08-22 08:13:58,SOLUSDT,ask,148,25976.086
2024-08-22 08:14:00,SOLUSDT,ask,145,9923.842
2024-08-22 08:14:00,SOLUSDT,bid,141,12001.337
2024-08-22 08:14:16,SOLUSDT,ask,145,9924.842
2024-08-22 08:14:29,SOLUSDT,ask,154,18150.215
2024-08-22 08:14:32,SOLUSDT,ask,145,9923.585
2024-08-22 08:14:59,SOLUSDT,ask,145,9911.598
2024-08-22 08:15:05,SOLUSDT,ask,148,25988.073
2024-08-22 08:15:17,SOLUSDT,ask,155,13636.056
2024-08-22 08:15:20,SOLUSDT,ask,145,9911.967
2024-08-22 08:15:20,SOLUSDT,ask,150,28633.044
2024-08-22 08:15:27,SOLUSDT,ask,148,25991.133
2024-08-22 08:15:40,SOLUSDT,ask,145,9912.967
2024-08-22 08:15:54,SOLUSDT,ask,145,9913.13
2024-08-22 08:16:07,SOLUSDT,ask,150,28632.65
2024-08-22 08:16:08,SOLUSDT,ask,145,9912.761
2024-08-22 08:16:30,SOLUSDT,ask,147,12556.157
2024-08-22 08:16:33,SOLUSDT,ask,145,9913.47
2024-08-22 08:16:35,SOLUSDT,bid,135,14790.549
2024-08-22 08:16:45,SOLUSDT,bid,115,19275.525
2024-08-22 08:16:50,SOLUSDT,ask,148,25994.573
2024-08-22 08:16:51,SOLUSDT,ask,145,9913.12
2024-08-22 08:16:54,SOLUSDT,ask,175,7870.794
2024-08-22 08:17:10,SOLUSDT,ask,145,9963.07
2024-08-22 08:17:19,SOLUSDT,ask,147,12563.124
2024-08-22 08:17:55,SOLUSDT,ask,147,12566.874
2024-08-22 08:18:34,SOLUSDT,ask,148,25923.064
2024-08-22 08:18:42,SOLUSDT,ask,148,25922.282
2024-08-22 08:18:53,SOLUSDT,ask,145,9953.68
2024-08-22 08:19:10,SOLUSDT,ask,190,22466.394
2024-08-22 08:19:27,SOLUSDT,bid,141,12001.407
2024-08-22 08:19:44,SOLUSDT,ask,145,9954.28
2024-08-22 08:19:51,SOLUSDT,ask,148,25915.221
2024-08-22 08:19:56,SOLUSDT,ask,200,45007.145
2024-08-22 08:20:58,SOLUSDT,ask,145,9954.242
2024-08-22 08:21:29,SOLUSDT,ask,165,17163.855
2024-08-22 08:21:30,SOLUSDT,ask,145,9969.025
2024-08-22 08:21:30,SOLUSDT,ask,150,28617.867
2024-08-22 08:21:40,SOLUSDT,ask,350,4153.947
2024-08-22 08:21:45,SOLUSDT,ask,148,25918.863
2024-08-22 08:21:57,SOLUSDT,ask,145,9969.1
2024-08-22 08:21:59,SOLUSDT,ask,148,25915.221
2024-08-22 08:22:03,SOLUSDT,ask,150,28617.438
2024-08-22 08:22:18,SOLUSDT,ask,165,17159.309
2024-08-22 08:22:18,SOLUSDT,ask,145,10015.822
2024-08-22 08:22:18,SOLUSDT,ask,150,28570.716
2024-08-22 08:22:22,SOLUSDT,ask,145,10014.323
2024-08-22 08:22:25,SOLUSDT,ask,145,10012.357
2024-08-22 08:22:26,SOLUSDT,ask,148,25918.863
2024-08-22 08:22:42,SOLUSDT,bid,130,15114.74
2024-08-22 08:23:01,SOLUSDT,ask,150,28571.064
2024-08-22 08:23:02,SOLUSDT,ask,148,25897.534
2024-08-22 08:23:03,SOLUSDT,ask,147,12574.125
2024-08-22 08:23:10,SOLUSDT,ask,148,25911.468
2024-08-22 08:23:23,SOLUSDT,bid,110,25567.916
2024-08-22 08:23:40,SOLUSDT,bid,130,15113.74
2024-08-22 08:23:44,SOLUSDT,ask,148,25912.468
2024-08-22 08:23:55,SOLUSDT,ask,193,7274.676
2024-08-22 08:24:03,SOLUSDT,ask,145,10013.447
2024-08-22 08:24:08,SOLUSDT,bid,141,12001.337
2024-08-22 08:24:22,SOLUSDT,ask,152,20277.238
2024-08-22 08:24:23,SOLUSDT,ask,149,15765.628
2024-08-22 08:24:31,SOLUSDT,ask,149,15764.628
2024-08-22 08:24:31,SOLUSDT,bid,125,16472.0
2024-08-22 08:24:38,SOLUSDT,ask,145,10012.357
2024-08-22 08:24:41,SOLUSDT,bid,111,19542.337
2024-08-22 08:24:55,SOLUSDT,ask,155,13636.094
2024-08-22 08:24:56,SOLUSDT,bid,80,26039.334
2024-08-22 08:24:57,SOLUSDT,bid,135,14790.587
2024-08-22 08:25:04,SOLUSDT,bid,100,28109.599
2024-08-22 08:25:07,SOLUSDT,bid,90,11920.785
2024-08-22 08:25:11,SOLUSDT,ask,147,12573.777
2024-08-22 08:25:15,SOLUSDT,ask,150,28571.007
2024-08-22 08:26:04,SOLUSDT,ask,150,28570.971
2024-08-22 08:26:28,SOLUSDT,bid,135,14789.587
2024-08-22 08:26:28,SOLUSDT,ask,151,20875.38
2024-08-22 08:26:33,SOLUSDT,bid,135,14639.587
2024-08-22 08:26:34,SOLUSDT,ask,210,25883.549
2024-08-22 08:26:37,SOLUSDT,bid,90,11919.286
2024-08-22 08:26:45,SOLUSDT,ask,148,25905.994
2024-08-22 08:27:09,SOLUSDT,ask,155,13636.739
2024-08-22 08:28:07,SOLUSDT,ask,160,27762.32
2024-08-22 08:28:18,SOLUSDT,ask,150,28569.971
2024-08-22 08:28:22,SOLUSDT,ask,147,12573.824
2024-08-22 08:28:30,SOLUSDT,ask,148,25905.799
2024-08-22 08:28:35,SOLUSDT,ask,150,28649.488
2024-08-22 08:28:41,SOLUSDT,ask,145,10011.428
2024-08-22 08:28:41,SOLUSDT,ask,149,15765.557
2024-08-22 08:28:45,SOLUSDT,ask,148,25905.994
2024-08-22 08:28:46,SOLUSDT,bid,135,14791.203
2024-08-22 08:28:52,SOLUSDT,ask,150,28569.971
2024-08-22 08:29:00,SOLUSDT,ask,148,25913.518
2024-08-22 08:29:11,SOLUSDT,ask,180,26856.348
2024-08-22 08:29:30,SOLUSDT,ask,150,28640.528
2024-08-22 08:29:33,SOLUSDT,bid,141,12001.374
2024-08-22 08:29:41,SOLUSDT,ask,145,10011.572
2024-08-22 08:30:00,SOLUSDT,bid,130,15115.714
2024-08-22 08:30:20,SOLUSDT,bid,100,28110.699
2024-08-22 08:30:36,SOLUSDT,ask,145,10018.558
2024-08-22 08:30:43,SOLUSDT,ask,145,10028.755
2024-08-22 08:30:46,SOLUSDT,bid,135,14787.871
2024-08-22 08:30:46,SOLUSDT,ask,145,10027.755
2024-08-22 08:31:15,SOLUSDT,ask,145,9977.805
2024-08-22 08:31:23,SOLUSDT,ask,150,28640.572
2024-08-22 08:31:23,SOLUSDT,ask,145,9977.849
2024-08-22 08:31:33,SOLUSDT,ask,149,15765.894
2024-08-22 08:31:34,SOLUSDT,ask,165,17159.713
2024-08-22 08:31:52,SOLUSDT,ask,230,6706.317
2024-08-22 08:31:53,SOLUSDT,ask,147,12570.607
2024-08-22 08:32:02,SOLUSDT,ask,148,25933.041
2024-08-22 08:32:18,SOLUSDT,ask,148,25938.041
2024-08-22 08:32:26,SOLUSDT,ask,160,27761.354
2024-08-22 08:32:31,SOLUSDT,ask,147,12571.537
2024-08-22 08:32:48,SOLUSDT,ask,147,12569.237
2024-08-22 08:33:07,SOLUSDT,bid,120,20772.168
2024-08-22 08:33:08,SOLUSDT,bid,135,14786.39
2024-08-22 08:33:09,SOLUSDT,ask,150,28640.638
2024-08-22 08:33:09,SOLUSDT,ask,148,25938.006
2024-08-22 08:33:25,SOLUSDT,ask,147,12564.222
2024-08-22 08:33:42,SOLUSDT,ask,152,20282.253
2024-08-22 08:33:46,SOLUSDT,ask,150,28645.638
2024-08-22 08:33:52,SOLUSDT,ask,147,12534.222
2024-08-22 08:33:58,SOLUSDT,ask,150,28647.366
2024-08-22 08:34:07,SOLUSDT,bid,110,25568.38
2024-08-22 08:34:25,SOLUSDT,ask,148,25939.03
2024-08-22 08:34:40,SOLUSDT,bid,130,15115.895
2024-08-22 08:34:42,SOLUSDT,ask,148,25938.937
2024-08-22 08:34:50,SOLUSDT,ask,155,13637.361
2024-08-22 08:35:30,SOLUSDT,ask,145,9976.85
2024-08-22 08:35:34,SOLUSDT,ask,220,12348.885
2024-08-22 08:35:35,SOLUSDT,ask,155,13637.639
2024-08-22 08:35:54,SOLUSDT,ask,152,20283.474
2024-08-22 08:35:57,SOLUSDT,bid,100,28124.684
2024-08-22 08:36:02,SOLUSDT,ask,155,13619.306
2024-08-22 08:36:07,SOLUSDT,bid,135,14785.39
2024-08-22 08:36:13,SOLUSDT,ask,147,12532.479
2024-08-22 08:36:15,SOLUSDT,bid,135,14784.38
2024-08-22 08:36:15,SOLUSDT,bid,125,16473.01
2024-08-22 08:36:27,SOLUSDT,ask,180,26856.527
2024-08-22 08:36:33,SOLUSDT,ask,147,12542.47
2024-08-22 08:36:41,SOLUSDT,ask,147,12550.999
2024-08-22 08:36:43,SOLUSDT,bid,135,14784.278
2024-08-22 08:37:15,SOLUSDT,ask,147,12542.47
2024-08-22 08:37:15,SOLUSDT,ask,148,25947.466
2024-08-22 08:37:41,SOLUSDT,bid,131,9218.615
2024-08-22 08:37:43,SOLUSDT,bid,141,12008.372
2024-08-22 08:37:51,SOLUSDT,ask,150,28644.961
2024-08-22 08:37:57,SOLUSDT,bid,130,15111.895
2024-08-22 08:38:35,SOLUSDT,bid,141,12001.374
2024-08-22 08:38:42,SOLUSDT,ask,500,5827.515
2024-08-22 08:38:44,SOLUSDT,ask,145,9977.073
2024-08-22 08:38:58,SOLUSDT,ask,145,9975.615
2024-08-22 08:39:15,SOLUSDT,ask,180,26901.578
2024-08-22 08:39:20,SOLUSDT,ask,152,20284.007
2024-08-22 08:39:22,SOLUSDT,ask,150,28646.209
2024-08-22 08:39:25,SOLUSDT,ask,148,25947.699
2024-08-22 08:39:46,SOLUSDT,ask,145,9968.201
2024-08-22 08:40:05,SOLUSDT,ask,145,12054.704
2024-08-22 08:40:08,SOLUSDT,ask,145,12054.481
2024-08-22 08:40:19,SOLUSDT,bid,141,12001.337
2024-08-22 08:40:35,SOLUSDT,bid,135,14785.389
2024-08-22 08:40:40,SOLUSDT,ask,145,12054.705
2024-08-22 08:40:43,SOLUSDT,ask,145,12099.997
2024-08-22 08:40:49,SOLUSDT,bid,130,15113.048
2024-08-22 08:40:54,SOLUSDT,bid,125,16474.21
2024-08-22 08:41:00,SOLUSDT,bid,120,20773.418
2024-08-22 08:41:08,SOLUSDT,ask,145,12100.047
2024-08-22 08:41:08,SOLUSDT,ask,147,12542.52
2024-08-22 08:41:08,SOLUSDT,ask,148,25947.749
2024-08-22 08:41:08,SOLUSDT,ask,149,15765.944
2024-08-22 08:41:14,SOLUSDT,bid,115,19276.829
2024-08-22 08:41:24,SOLUSDT,ask,147,12541.285
2024-08-22 08:41:29,SOLUSDT,ask,147,12541.137
2024-08-22 08:41:46,SOLUSDT,ask,145,12101.282
2024-08-22 08:41:50,SOLUSDT,ask,170,12355.551
2024-08-22 08:41:56,SOLUSDT,bid,135,14785.351
2024-08-22 08:41:56,SOLUSDT,ask,155,13619.268
2024-08-22 08:42:16,SOLUSDT,ask,148,25945.749
2024-08-22 08:42:37,SOLUSDT,ask,150,28643.212
2024-08-22 08:42:58,SOLUSDT,bid,141,12002.108
2024-08-22 08:43:01,SOLUSDT,ask,145,12108.282
2024-08-22 08:43:04,SOLUSDT,bid,111,19539.897
2024-08-22 08:43:10,SOLUSDT,bid,141,12001.337
2024-08-22 08:43:18,SOLUSDT,bid,130,15113.259
2024-08-22 08:43:31,SOLUSDT,bid,135,14970.536
2024-08-22 08:44:04,SOLUSDT,ask,145,12108.099
2024-08-22 08:44:12,SOLUSDT,bid,130,15113.067
2024-08-22 08:44:19,SOLUSDT,ask,145,12107.131
2024-08-22 08:44:24,SOLUSDT,bid,111,19542.27
2024-08-22 08:44:34,SOLUSDT,bid,130,15114.174
2024-08-22 08:44:42,SOLUSDT,bid,135,14970.336
2024-08-22 08:44:42,SOLUSDT,bid,125,16474.01
2024-08-22 08:44:45,SOLUSDT,bid,120,20774.618
2024-08-22 08:44:48,SOLUSDT,ask,145,12115.981
2024-08-22 08:44:54,SOLUSDT,bid,110,25569.7
2024-08-22 08:44:59,SOLUSDT,bid,135,14970.536
2024-08-22 08:44:59,SOLUSDT,ask,145,12102.736
2024-08-22 08:45:02,SOLUSDT,ask,152,20290.049
2024-08-22 08:45:06,SOLUSDT,bid,125,16474.21
2024-08-22 08:45:12,SOLUSDT,ask,147,12531.197
2024-08-22 08:45:13,SOLUSDT,bid,115,19277.129
2024-08-22 08:45:16,SOLUSDT,ask,152,20290.092
2024-08-22 08:45:45,SOLUSDT,bid,115,19275.39
2024-08-22 08:45:54,SOLUSDT,bid,120,20776.284
2024-08-22 08:46:00,SOLUSDT,bid,141,12002.115
2024-08-22 08:46:01,SOLUSDT,ask,145,12103.796
2024-08-22 08:46:15,SOLUSDT,bid,115,19275.49
2024-08-22 08:46:17,SOLUSDT,ask,152,20293.584
2024-08-22 08:46:19,SOLUSDT,ask,147,12532.061
2024-08-22 08:46:29,SOLUSDT,bid,110,25573.336
2024-08-22 08:46:45,SOLUSDT,bid,100,28130.684
2024-08-22 08:47:00,SOLUSDT,bid,90,11928.174
2024-08-22 08:47:05,SOLUSDT,bid,80,26051.834
2024-08-22 08:47:14,SOLUSDT,bid,135,14989.78
2024-08-22 08:47:22,SOLUSDT,bid,130,15094.944
2024-08-22 08:47:23,SOLUSDT,ask,163,19502.681
2024-08-22 08:47:30,SOLUSDT,ask,145,12102.736
2024-08-22 08:47:48,SOLUSDT,ask,180,26902.123
2024-08-22 08:48:22,SOLUSDT,ask,160,27761.593
2024-08-22 08:48:57,SOLUSDT,ask,149,15767.004
2024-08-22 08:49:00,SOLUSDT,bid,141,12009.118
2024-08-22 08:49:03,SOLUSDT,bid,135,14970.536
2024-08-22 08:49:03,SOLUSDT,ask,170,12352.247
2024-08-22 08:49:17,SOLUSDT,ask,151,20875.333
2024-08-22 08:49:17,SOLUSDT,bid,130,15094.897
2024-08-22 08:49:17,SOLUSDT,ask,158,19277.987
2024-08-22 08:49:17,SOLUSDT,ask,165,17159.666
2024-08-22 08:49:21,SOLUSDT,ask,170,12355.67
2024-08-22 08:49:22,SOLUSDT,ask,148,25952.74
2024-08-22 08:49:25,SOLUSDT,bid,141,12008.34
2024-08-22 08:50:01,SOLUSDT,ask,190,22459.055
2024-08-22 08:50:05,SOLUSDT,bid,130,15102.589
2024-08-22 08:50:14,SOLUSDT,ask,145,12110.075
2024-08-22 08:50:14,SOLUSDT,ask,163,19078.261
2024-08-22 08:50:15,SOLUSDT,bid,141,12001.337
2024-08-22 08:50:19,SOLUSDT,ask,200,45007.243
2024-08-22 08:50:26,SOLUSDT,ask,145,12110.007
2024-08-22 08:50:43,SOLUSDT,ask,155,13554.426
2024-08-22 08:50:45,SOLUSDT,ask,147,12530.563
2024-08-22 08:50:48,SOLUSDT,ask,150,28621.545
2024-08-22 08:50:56,SOLUSDT,ask,145,12102.668
2024-08-22 08:51:00,SOLUSDT,ask,148,26017.582
2024-08-22 08:51:04,SOLUSDT,bid,141,12008.338
2024-08-22 08:51:13,SOLUSDT,bid,141,12001.337
2024-08-22 08:51:15,SOLUSDT,bid,111,19542.333
2024-08-22 08:51:26,SOLUSDT,ask,180,26901.786
2024-08-22 08:51:27,SOLUSDT,ask,145,12095.526
2024-08-22 08:51:28,SOLUSDT,ask,145,12106.359
2024-08-22 08:51:29,SOLUSDT,ask,149,15766.307
2024-08-22 08:51:38,SOLUSDT,bid,111,19542.432
2024-08-22 08:51:45,SOLUSDT,ask,150,28628.687
2024-08-22 08:51:46,SOLUSDT,ask,147,12555.52
2024-08-22 08:52:12,SOLUSDT,ask,170,12355.826
2024-08-22 08:52:23,SOLUSDT,bid,111,19542.531
2024-08-22 08:52:24,SOLUSDT,ask,148,26019.582
2024-08-22 08:52:33,SOLUSDT,bid,115,19271.143
2024-08-22 08:52:45,SOLUSDT,bid,110,25574.586
2024-08-22 08:53:05,SOLUSDT,ask,145,12105.373
2024-08-22 08:53:31,SOLUSDT,ask,145,12098.387
2024-08-22 08:53:41,SOLUSDT,ask,145,12100.298
2024-08-22 08:53:41,SOLUSDT,ask,147,12553.609
2024-08-22 08:53:54,SOLUSDT,ask,148,26001.669
2024-08-22 08:54:09,SOLUSDT,bid,111,19542.608
2024-08-22 08:54:15,SOLUSDT,bid,111,19542.27
2024-08-22 08:54:21,SOLUSDT,bid,100,28129.684
2024-08-22 08:54:23,SOLUSDT,ask,145,12102.176
2024-08-22 08:54:37,SOLUSDT,ask,145,12100.298
2024-08-22 08:55:06,SOLUSDT,ask,148,26000.109
2024-08-22 08:55:32,SOLUSDT,bid,131,9238.615
2024-08-22 08:55:38,SOLUSDT,bid,100,28128.684
2024-08-22 08:55:40,SOLUSDT,bid,80,26049.959
2024-08-22 08:55:50,SOLUSDT,ask,150,28629.096
2024-08-22 08:55:54,SOLUSDT,ask,150,28622.496
2024-08-22 08:56:05,SOLUSDT,ask,180,26900.226
2024-08-22 08:56:10,SOLUSDT,bid,110,25574.791
2024-08-22 08:56:13,SOLUSDT,ask,150,27623.496
2024-08-22 08:56:27,SOLUSDT,ask,147,12554.609
2024-08-22 08:56:35,SOLUSDT,ask,147,12560.397
2024-08-22 08:56:40,SOLUSDT,ask,180,26901.786
2024-08-22 08:56:50,SOLUSDT,ask,145,12101.858
2024-08-22 08:56:59,SOLUSDT,bid,111,19542.369
2024-08-22 08:57:00,SOLUSDT,bid,110,25575.084
2024-08-22 08:57:08,SOLUSDT,bid,110,25484.175
2024-08-22 08:57:14,SOLUSDT,bid,111,19543.983
2024-08-22 08:57:47,SOLUSDT,bid,130,15102.116
2024-08-22 08:58:06,SOLUSDT,ask,145,12098.969
2024-08-22 08:58:36,SOLUSDT,ask,147,12479.222
2024-08-22 08:58:37,SOLUSDT,bid,111,19543.884
2024-08-22 08:58:48,SOLUSDT,ask,160,27761.94
2024-08-22 08:58:48,SOLUSDT,ask,148,26000.456
2024-08-22 08:58:48,SOLUSDT,ask,151,20875.68
2024-08-22 08:58:48,SOLUSDT,ask,154,18150.562
2024-08-22 08:58:49,SOLUSDT,bid,130,15102.463
2024-08-22 08:58:55,SOLUSDT,ask,155,13495.983
2024-08-22 08:58:59,SOLUSDT,ask,145,12100.847
2024-08-22 08:59:23,SOLUSDT,bid,131,9223.703
2024-08-22 08:59:41,SOLUSDT,ask,150,27622.497
2024-08-22 08:59:56,SOLUSDT,bid,120,20759.618
2024-08-22 08:59:56,SOLUSDT,bid,115,19253.752
2024-08-22 08:59:56,SOLUSDT,bid,110,25465.994
2024-08-22 08:59:56,SOLUSDT,bid,100,28078.684
2024-08-22 08:59:56,SOLUSDT,bid,90,11872.619
2024-08-22 08:59:56,SOLUSDT,bid,80,26021.199
2024-08-22 09:00:10,SOLUSDT,ask,150,27622.718
2024-08-22 09:00:14,SOLUSDT,ask,148,26006.411
2024-08-22 09:00:16,SOLUSDT,bid,135,14970.757
2024-08-22 09:00:37,SOLUSDT,ask,145,12106.719
2024-08-22 09:00:42,SOLUSDT,ask,158,19277.747
2024-08-22 09:00:50,SOLUSDT,ask,149,15768.307
2024-08-22 09:00:52,SOLUSDT,ask,148,26004.411
2024-08-22 09:00:54,SOLUSDT,bid,130,15103.237
2024-08-22 09:01:03,SOLUSDT,ask,150,27621.718
2024-08-22 09:01:14,SOLUSDT,ask,145,12097.869
2024-08-22 09:01:16,SOLUSDT,bid,125,16474.13
2024-08-22 09:01:16,SOLUSDT,ask,193,7274.624
2024-08-22 09:01:16,SOLUSDT,ask,210,25883.501
2024-08-22 09:01:16,SOLUSDT,ask,147,12480.222
2024-08-22 09:01:38,SOLUSDT,ask,147,12483.218
2024-08-22 09:01:43,SOLUSDT,bid,135,14933.868
2024-08-22 09:01:59,SOLUSDT,bid,90,11530.825
2024-08-22 09:02:34,SOLUSDT,bid,135,14935.719
2024-08-22 09:02:40,SOLUSDT,bid,130,15092.28
2024-08-22 09:02:45,SOLUSDT,bid,125,16476.93
2024-08-22 09:02:49,SOLUSDT,bid,100,28078.744
2024-08-22 09:03:04,SOLUSDT,ask,147,12483.261
2024-08-22 09:03:04,SOLUSDT,ask,150,27621.761
2024-08-22 09:03:12,SOLUSDT,ask,150,27623.017
2024-08-22 09:03:13,SOLUSDT,ask,147,12468.742
2024-08-22 09:03:24,SOLUSDT,ask,150,27623.204
2024-08-22 09:03:28,SOLUSDT,ask,163,19077.21
2024-08-22 09:03:30,SOLUSDT,ask,185,14479.927
2024-08-22 09:03:30,SOLUSDT,ask,182,5583.473
2024-08-22 09:03:32,SOLUSDT,ask,170,12355.917
2024-08-22 09:03:33,SOLUSDT,ask,150,27623.017
2024-08-22 09:03:33,SOLUSDT,ask,161,14598.303
2024-08-22 09:03:34,SOLUSDT,ask,158,19277.845
2024-08-22 09:03:34,SOLUSDT,ask,400,5884.553
2024-08-22 09:03:34,SOLUSDT,ask,155,13496.083
2024-08-22 09:03:35,SOLUSDT,ask,152,20293.686
2024-08-22 09:03:35,SOLUSDT,ask,149,15768.411
2024-08-22 09:03:38,SOLUSDT,bid,131,9223.821
2024-08-22 09:03:39,SOLUSDT,bid,125,16477.054
2024-08-22 09:03:53,SOLUSDT,ask,158,19278.453
2024-08-22 09:04:23,SOLUSDT,ask,185,14461.466
2024-08-22 09:04:28,SOLUSDT,ask,155,13514.544
2024-08-22 09:04:29,SOLUSDT,ask,160,27772.488
2024-08-22 09:04:38,SOLUSDT,bid,111,19543.938
2024-08-22 09:05:30,SOLUSDT,bid,135,14938.604
2024-08-22 09:05:31,SOLUSDT,ask,148,26003.412
2024-08-22 09:05:55,SOLUSDT,ask,148,26003.217
2024-08-22 09:06:10,SOLUSDT,ask,154,18152.763
2024-08-22 09:06:19,SOLUSDT,ask,190,22459.485
2024-08-22 09:06:34,SOLUSDT,bid,111,19544.038
2024-08-22 09:07:09,SOLUSDT,bid,111,19544.138
2024-08-22 09:07:09,SOLUSDT,bid,130,15092.344
2024-08-22 09:07:25,SOLUSDT,ask,156,20273.995
2024-08-22 09:07:30,SOLUSDT,ask,147,12497.315
2024-08-22 09:08:06,SOLUSDT,ask,147,12507.837
2024-08-22 09:08:12,SOLUSDT,bid,131,9236.871
2024-08-22 09:08:13,SOLUSDT,ask,148,26003.578
2024-08-22 09:08:23,SOLUSDT,ask,148,26003.773
2024-08-22 09:08:38,SOLUSDT,ask,145,12098.023
2024-08-22 09:08:41,SOLUSDT,ask,148,26002.77
2024-08-22 09:08:46,SOLUSDT,ask,145,12099.023
2024-08-22 09:08:46,SOLUSDT,ask,147,12506.837
2024-08-22 09:09:19,SOLUSDT,ask,400,4710.15
2024-08-22 09:09:25,SOLUSDT,bid,141,12008.339
2024-08-22 09:09:27,SOLUSDT,bid,141,12009.11
2024-08-22 09:09:52,SOLUSDT,bid,141,12002.108
2024-08-22 09:09:56,SOLUSDT,ask,148,26030.34
2024-08-22 09:10:08,SOLUSDT,bid,110,25464.176
2024-08-22 09:10:11,SOLUSDT,bid,120,20757.952
2024-08-22 09:10:14,SOLUSDT,bid,115,19252.013
2024-08-22 09:10:17,SOLUSDT,bid,100,28076.744
2024-08-22 09:10:17,SOLUSDT,bid,111,19544.084
2024-08-22 09:10:19,SOLUSDT,bid,111,19543.884
2024-08-22 09:10:33,SOLUSDT,ask,148,25965.498
2024-08-22 09:11:01,SOLUSDT,bid,120,20790.449
2024-08-22 09:11:07,SOLUSDT,ask,150,27687.859
2024-08-22 09:11:35,SOLUSDT,bid,141,12001.337
2024-08-22 09:11:49,SOLUSDT,ask,150,27623.017
2024-08-22 09:12:09,SOLUSDT,bid,135,14938.974
2024-08-22 09:12:10,SOLUSDT,ask,145,12091.731
2024-08-22 09:12:52,SOLUSDT,ask,148,25959.543
2024-08-22 09:13:17,SOLUSDT,ask,145,12091.556
2024-08-22 09:13:31,SOLUSDT,ask,170,12356.635
2024-08-22 09:14:01,SOLUSDT,ask,147,12512.743
2024-08-22 09:14:15,SOLUSDT,ask,148,25959.58
2024-08-22 09:14:15,SOLUSDT,ask,150,27623.054
2024-08-22 09:14:17,SOLUSDT,ask,145,12090.655
2024-08-22 09:14:57,SOLUSDT,ask,145,12090.723
2024-08-22 09:15:20,SOLUSDT,bid,120,20790.349
2024-08-22 09:15:21,SOLUSDT,ask,163,19073.911
2024-08-22 09:15:25,SOLUSDT,ask,170,12350.635
2024-08-22 09:15:43,SOLUSDT,ask,145,12097.137
2024-08-22 09:15:47,SOLUSDT,ask,145,12097.413
2024-08-22 09:15:56,SOLUSDT,ask,145,12086.58
2024-08-22 09:16:05,SOLUSDT,ask,160,27772.538
2024-08-22 09:16:27,SOLUSDT,ask,147,12515.607
2024-08-22 09:16:35,SOLUSDT,ask,250,18505.83
2024-08-22 09:16:46,SOLUSDT,bid,141,12008.334
2024-08-22 09:17:02,SOLUSDT,bid,141,12009.112
2024-08-22 09:17:03,SOLUSDT,bid,141,12002.115
2024-08-22 09:17:05,SOLUSDT,bid,141,12009.118
2024-08-22 09:17:11,SOLUSDT,ask,195,12365.846
2024-08-22 09:17:14,SOLUSDT,bid,141,12002.115
2024-08-22 09:17:45,SOLUSDT,ask,147,12516.669
2024-08-22 09:17:55,SOLUSDT,ask,161,14611.746
2024-08-22 09:18:14,SOLUSDT,ask,149,15775.391
2024-08-22 09:18:16,SOLUSDT,ask,161,14598.303
2024-08-22 09:18:18,SOLUSDT,bid,100,28093.924
2024-08-22 09:18:35,SOLUSDT,bid,141,12001.337
2024-08-22 09:18:37,SOLUSDT,ask,161,14608.303
2024-08-22 09:18:37,SOLUSDT,ask,145,12111.81
2024-08-22 09:18:39,SOLUSDT,ask,150,27641.255
2024-08-22 09:18:44,SOLUSDT,ask,149,15768.411
2024-08-22 09:18:49,SOLUSDT,ask,165,17178.611
2024-08-22 09:18:56,SOLUSDT,ask,158,19278.533
2024-08-22 09:18:56,SOLUSDT,ask,160,27772.618
2024-08-22 09:18:57,SOLUSDT,ask,156,20274.075
2024-08-22 09:18:57,SOLUSDT,ask,154,18152.843
2024-08-22 09:18:58,SOLUSDT,ask,152,20293.766
2024-08-22 09:18:59,SOLUSDT,ask,150,27641.335
2024-08-22 09:18:59,SOLUSDT,ask,148,25959.66
2024-08-22 09:19:04,SOLUSDT,ask,163,19083.911
2024-08-22 09:19:04,SOLUSDT,ask,250,18504.613
2024-08-22 09:19:06,SOLUSDT,bid,130,15092.424
2024-08-22 09:19:09,SOLUSDT,bid,120,20790.429
2024-08-22 09:19:14,SOLUSDT,ask,170,12350.115
2024-08-22 09:19:51,SOLUSDT,bid,141,12008.337
2024-08-22 09:19:54,SOLUSDT,ask,158,19178.329
2024-08-22 09:20:03,SOLUSDT,ask,148,26059.864
2024-08-22 09:20:12,SOLUSDT,ask,190,22460.005
2024-08-22 09:20:22,SOLUSDT,bid,141,12001.337
2024-08-22 09:20:37,SOLUSDT,ask,190,22459.963
2024-08-22 09:20:50,SOLUSDT,ask,145,11422.155
2024-08-22 09:20:51,SOLUSDT,ask,147,12516.07
2024-08-22 09:20:59,SOLUSDT,ask,148,25859.864
2024-08-22 09:21:03,SOLUSDT,ask,193,7273.511
2024-08-22 09:21:14,SOLUSDT,ask,180,26901.828
2024-08-22 09:21:25,SOLUSDT,ask,148,25860.977
2024-08-22 09:21:34,SOLUSDT,bid,111,19543.164
2024-08-22 09:21:48,SOLUSDT,ask,180,26901.786
2024-08-22 09:21:48,SOLUSDT,ask,148,25960.977
2024-08-22 09:22:35,SOLUSDT,ask,148,25960.782
2024-08-22 09:22:47,SOLUSDT,ask,150,27641.8
2024-08-22 09:22:48,SOLUSDT,bid,135,14939.944
2024-08-22 09:22:57,SOLUSDT,ask,148,25960.977
2024-08-22 09:22:59,SOLUSDT,ask,150,27639.493
2024-08-22 09:23:03,SOLUSDT,ask,150,27639.457
2024-08-22 09:23:05,SOLUSDT,bid,120,20709.549
2024-08-22 09:23:05,SOLUSDT,bid,115,19160.163
2024-08-22 09:23:20,SOLUSDT,ask,150,27639.124
2024-08-22 09:23:27,SOLUSDT,ask,250,18505.621
2024-08-22 09:23:32,SOLUSDT,bid,141,12008.339
2024-08-22 09:23:42,SOLUSDT,ask,145,11421.806
2024-08-22 09:23:42,SOLUSDT,ask,147,12516.419
2024-08-22 09:23:57,SOLUSDT,bid,141,12001.337
2024-08-22 09:24:03,SOLUSDT,ask,148,25960.782
2024-08-22 09:24:16,SOLUSDT,ask,148,25960.98
2024-08-22 09:24:22,SOLUSDT,bid,141,12008.339
2024-08-22 09:24:27,SOLUSDT,ask,200,45009.241
2024-08-22 09:25:00,SOLUSDT,ask,145,11422.787
2024-08-22 09:25:32,SOLUSDT,ask,147,12517.379
2024-08-22 09:25:34,SOLUSDT,bid,120,20732.065
2024-08-22 09:25:45,SOLUSDT,bid,90,11545.835
2024-08-22 09:25:51,SOLUSDT,ask,150,27637.691
2024-08-22 09:25:58,SOLUSDT,bid,80,26038.087
2024-08-22 09:26:01,SOLUSDT,ask,145,11421.806
2024-08-22 09:26:05,SOLUSDT,ask,145,11417.935
2024-08-22 09:26:06,SOLUSDT,ask,147,12519.042
2024-08-22 09:26:15,SOLUSDT,ask,148,25950.98
2024-08-22 09:26:17,SOLUSDT,bid,135,14939.906
2024-08-22 09:26:17,SOLUSDT,bid,130,15092.348
2024-08-22 09:26:17,SOLUSDT,ask,148,25952.959
2024-08-22 09:26:21,SOLUSDT,ask,145,11418.934
2024-08-22 09:26:38,SOLUSDT,ask,163,19085.531
2024-08-22 09:27:03,SOLUSDT,ask,145,11417.935
2024-08-22 09:27:22,SOLUSDT,ask,145,11418.935
2024-08-22 09:27:46,SOLUSDT,ask,148,24275.868
2024-08-22 09:28:01,SOLUSDT,ask,150,27644.291
2024-08-22 09:28:17,SOLUSDT,ask,147,14196.133
2024-08-22 09:28:19,SOLUSDT,bid,135,14938.425
2024-08-22 09:28:20,SOLUSDT,bid,135,14941.743
2024-08-22 09:28:25,SOLUSDT,ask,195,12364.84
2024-08-22 09:28:57,SOLUSDT,bid,110,25473.53
2024-08-22 09:29:02,SOLUSDT,ask,160,27802.625
2024-08-22 09:29:40,SOLUSDT,ask,147,14195.173
2024-08-22 09:29:55,SOLUSDT,ask,152,20294.726
2024-08-22 09:29:59,SOLUSDT,bid,120,20751.065
2024-08-22 09:30:05,SOLUSDT,ask,148,24275.794
2024-08-22 09:30:09,SOLUSDT,ask,195,12360.833
2024-08-22 09:30:32,SOLUSDT,ask,147,14198.71
2024-08-22 09:30:36,SOLUSDT,ask,145,11404.6
2024-08-22 09:30:37,SOLUSDT,ask,147,14199.22
2024-08-22 09:30:50,SOLUSDT,ask,152,20309.061
2024-08-22 09:30:53,SOLUSDT,bid,135,14941.782
2024-08-22 09:31:12,SOLUSDT,bid,130,15057.424
2024-08-22 09:31:16,SOLUSDT,ask,152,20311.658
2024-08-22 09:31:37,SOLUSDT,ask,152,20310.234
2024-08-22 09:31:44,SOLUSDT,bid,141,12043.369
2024-08-22 09:31:48,SOLUSDT,ask,150,27643.726
2024-08-22 09:31:52,SOLUSDT,ask,148,24274.778
2024-08-22 09:32:13,SOLUSDT,ask,151,20872.718
2024-08-22 09:32:20,SOLUSDT,ask,155,13513.922
2024-08-22 09:32:41,SOLUSDT,bid,141,12008.339
2024-08-22 09:32:41,SOLUSDT,ask,147,14199.318
2024-08-22 09:32:47,SOLUSDT,ask,147,14199.94
2024-08-22 09:32:48,SOLUSDT,ask,147,14201.029
2024-08-22 09:33:38,SOLUSDT,ask,148,24274.836
2024-08-22 09:34:04,SOLUSDT,bid,115,19162.654
2024-08-22 09:34:22,SOLUSDT,bid,135,14942.84
2024-08-22 09:34:24,SOLUSDT,ask,147,14223.777
2024-08-22 09:34:31,SOLUSDT,ask,148,24033.26
2024-08-22 09:34:35,SOLUSDT,bid,115,19160.163
2024-08-22 09:34:54,SOLUSDT,ask,145,11405.695
2024-08-22 09:35:26,SOLUSDT,ask,147,14241.496
2024-08-22 09:35:28,SOLUSDT,ask,145,11405.581
2024-08-22 09:35:28,SOLUSDT,ask,147,14241.382
2024-08-22 09:35:28,SOLUSDT,ask,148,24033.146
2024-08-22 09:35:28,SOLUSDT,ask,149,15768.297
2024-08-22 09:35:28,SOLUSDT,ask,150,27643.612
2024-08-22 09:35:28,SOLUSDT,ask,151,20872.604
2024-08-22 09:35:28,SOLUSDT,ask,152,20310.12
2024-08-22 09:35:28,SOLUSDT,ask,154,18152.729
2024-08-22 09:35:28,SOLUSDT,ask,155,13513.808
2024-08-22 09:35:28,SOLUSDT,ask,156,20273.961
2024-08-22 09:35:28,SOLUSDT,ask,158,19178.215
2024-08-22 09:35:32,SOLUSDT,bid,111,19543.218
2024-08-22 09:35:34,SOLUSDT,bid,141,12014.896
2024-08-22 09:35:41,SOLUSDT,ask,158,19177.215
2024-08-22 09:35:44,SOLUSDT,bid,111,19543.29
2024-08-22 09:36:04,SOLUSDT,bid,110,25474.514
2024-08-22 09:36:05,SOLUSDT,ask,195,12640.787
2024-08-22 09:36:12,SOLUSDT,ask,148,23932.942
2024-08-22 09:36:35,SOLUSDT,bid,141,12008.339
2024-08-22 09:37:17,SOLUSDT,ask,145,11403.709
2024-08-22 09:37:21,SOLUSDT,bid,115,19162.672
2024-08-22 09:37:32,SOLUSDT,ask,158,19176.848
2024-08-22 09:37:39,SOLUSDT,bid,115,19160.163
2024-08-22 09:37:49,SOLUSDT,ask,145,11404.946
2024-08-22 09:37:49,SOLUSDT,ask,151,20871.367
2024-08-22 09:38:19,SOLUSDT,ask,145,11401.949
2024-08-22 09:38:20,SOLUSDT,ask,150,27656.512
2024-08-22 09:38:23,SOLUSDT,bid,135,14942.889
2024-08-22 09:38:30,SOLUSDT,bid,135,14938.389
2024-08-22 09:38:33,SOLUSDT,ask,148,23841.347
2024-08-22 09:38:34,SOLUSDT,ask,147,14240.819
2024-08-22 09:38:46,SOLUSDT,ask,150,27654.016
2024-08-22 09:39:20,SOLUSDT,ask,148,23987.396
2024-08-22 09:39:39,SOLUSDT,ask,147,14240.679
2024-08-22 09:39:58,SOLUSDT,bid,135,14938.759
2024-08-22 09:40:33,SOLUSDT,bid,100,28093.863
2024-08-22 09:40:33,SOLUSDT,ask,180,26901.725
2024-08-22 09:40:48,SOLUSDT,ask,147,14238.696
2024-08-22 09:41:07,SOLUSDT,bid,130,15056.652
2024-08-22 09:41:14,SOLUSDT,bid,130,15054.729
2024-08-22 09:41:28,SOLUSDT,ask,147,14238.107
2024-08-22 09:41:31,SOLUSDT,bid,135,14938.043
2024-08-22 09:42:13,SOLUSDT,ask,145,11402.017
2024-08-22 09:42:15,SOLUSDT,ask,148,23948.678
2024-08-22 09:42:32,SOLUSDT,bid,125,16478.254
2024-08-22 09:42:36,SOLUSDT,bid,141,12008.41
2024-08-22 09:42:57,SOLUSDT,ask,152,20311.089
2024-08-22 09:42:57,SOLUSDT,ask,145,11400.59
2024-08-22 09:42:57,SOLUSDT,ask,190,22458.881
2024-08-22 09:42:58,SOLUSDT,bid,141,13103.606
2024-08-22 09:42:58,SOLUSDT,ask,145,11400.937
2024-08-22 09:42:58,SOLUSDT,ask,150,27652.209
2024-08-22 09:42:59,SOLUSDT,bid,141,13117.646
2024-08-22 09:43:06,SOLUSDT,ask,147,14236.86
2024-08-22 09:43:13,SOLUSDT,bid,141,13103.606
2024-08-22 09:43:21,SOLUSDT,bid,141,13117.646
2024-08-22 09:43:21,SOLUSDT,bid,111,19543.164
2024-08-22 09:43:21,SOLUSDT,ask,145,11393.732
2024-08-22 09:43:23,SOLUSDT,bid,141,13119.677
2024-08-22 09:43:24,SOLUSDT,bid,141,13162.243
2024-08-22 09:43:24,SOLUSDT,bid,141,13140.96
2024-08-22 09:43:29,SOLUSDT,bid,141,13126.92
2024-08-22 09:43:29,SOLUSDT,ask,147,14238.369
2024-08-22 09:43:29,SOLUSDT,ask,148,23926.874
2024-08-22 09:43:32,SOLUSDT,ask,149,15762.248
2024-08-22 09:43:32,SOLUSDT,ask,152,20310.12
2024-08-22 09:43:56,SOLUSDT,bid,141,13105.637
2024-08-22 09:44:01,SOLUSDT,ask,160,27800.75
2024-08-22 09:44:07,SOLUSDT,bid,135,14937.043
2024-08-22 09:44:07,SOLUSDT,bid,125,16477.254
2024-08-22 09:44:14,SOLUSDT,ask,149,15769.282
2024-08-22 09:44:15,SOLUSDT,bid,141,13103.606
2024-08-22 09:44:16,SOLUSDT,ask,150,27651.8
2024-08-22 09:44:16,SOLUSDT,bid,141,12008.41
2024-08-22 09:44:31,SOLUSDT,ask,147,14235.468
2024-08-22 09:44:34,SOLUSDT,ask,145,11358.23
2024-08-22 09:44:54,SOLUSDT,ask,220,12348.93
2024-08-22 09:44:56,SOLUSDT,bid,135,14938.77
2024-08-22 09:44:56,SOLUSDT,bid,141,12010.441
2024-08-22 09:45:00,SOLUSDT,bid,125,16478.254
2024-08-22 09:45:15,SOLUSDT,bid,135,14937.77
2024-08-22 09:45:15,SOLUSDT,bid,130,15053.729
2024-08-22 09:45:15,SOLUSDT,bid,120,20750.065
2024-08-22 09:45:15,SOLUSDT,bid,110,25473.514
2024-08-22 09:45:18,SOLUSDT,ask,145,11363.23
2024-08-22 09:45:19,SOLUSDT,bid,135,14938.77
2024-08-22 09:45:19,SOLUSDT,ask,145,11358.23
2024-08-22 09:45:38,SOLUSDT,bid,141,12010.37
2024-08-22 09:46:20,SOLUSDT,ask,170,12329.278
2024-08-22 09:46:21,SOLUSDT,ask,158,19176.895
2024-08-22 09:46:21,SOLUSDT,ask,150,27654.8
2024-08-22 09:46:22,SOLUSDT,ask,154,18152.776
2024-08-22 09:46:23,SOLUSDT,ask,150,27654.847
2024-08-22 09:46:25,SOLUSDT,ask,220,12348.885
2024-08-22 09:46:26,SOLUSDT,bid,130,15053.776
2024-08-22 09:46:28,SOLUSDT,bid,141,12019.843
2024-08-22 09:46:29,SOLUSDT,bid,141,12010.37
2024-08-22 09:46:31,SOLUSDT,bid,135,14939.51
2024-08-22 09:46:33,SOLUSDT,ask,145,11370.756
2024-08-22 09:46:33,SOLUSDT,bid,130,15053.815
2024-08-22 09:46:33,SOLUSDT,bid,141,12008.339
2024-08-22 09:46:35,SOLUSDT,ask,154,18146.571
2024-08-22 09:46:35,SOLUSDT,bid,141,12050.307
2024-08-22 09:46:35,SOLUSDT,bid,141,12113.265
2024-08-22 09:46:36,SOLUSDT,bid,141,12134.249
2024-08-22 09:46:38,SOLUSDT,bid,130,15054.815
2024-08-22 09:46:41,SOLUSDT,bid,141,12134.319
2024-08-22 09:46:43,SOLUSDT,ask,145,11370.688
2024-08-22 09:46:50,SOLUSDT,ask,150,27654.593
2024-08-22 09:46:52,SOLUSDT,bid,141,12071.367
2024-08-22 09:46:54,SOLUSDT,bid,141,12113.687
2024-08-22 09:47:03,SOLUSDT,bid,141,12123.061
2024-08-22 09:47:11,SOLUSDT,bid,141,12122.991
2024-08-22 09:47:12,SOLUSDT,bid,141,12113.617
2024-08-22 09:47:14,SOLUSDT,bid,141,12134.922
2024-08-22 09:47:14,SOLUSDT,bid,141,12071.297
2024-08-22 09:47:22,SOLUSDT,bid,141,12050.311
2024-08-22 09:47:28,SOLUSDT,ask,148,23921.318
2024-08-22 09:47:33,SOLUSDT,bid,141,12008.339
2024-08-22 09:47:56,SOLUSDT,bid,130,15056.206
2024-08-22 09:47:58,SOLUSDT,bid,135,14941.056
2024-08-22 09:48:07,SOLUSDT,bid,141,12114.217
2024-08-22 09:48:07,SOLUSDT,bid,141,12008.339
2024-08-22 09:48:07,SOLUSDT,bid,141,12029.331
2024-08-22 09:48:09,SOLUSDT,ask,152,20305.51
2024-08-22 09:48:12,SOLUSDT,bid,141,12033.576
2024-08-22 09:48:14,SOLUSDT,bid,141,12026.574
2024-08-22 09:48:14,SOLUSDT,bid,141,12005.582
2024-08-22 09:48:15,SOLUSDT,bid,141,12257.42
2024-08-22 09:48:17,SOLUSDT,bid,141,12283.92
2024-08-22 09:48:21,SOLUSDT,bid,141,12423.857
2024-08-22 09:48:22,SOLUSDT,ask,145,11349.298
2024-08-22 09:48:25,SOLUSDT,ask,149,15755.725
2024-08-22 09:48:27,SOLUSDT,bid,135,14942.056
2024-08-22 09:48:32,SOLUSDT,ask,149,15773.634
2024-08-22 09:48:33,SOLUSDT,ask,155,13513.109
2024-08-22 09:48:33,SOLUSDT,ask,160,27796.508
2024-08-22 09:48:33,SOLUSDT,ask,200,45007.702
2024-08-22 09:48:34,SOLUSDT,ask,148,23921.572
2024-08-22 09:48:41,SOLUSDT,bid,130,15057.206
2024-08-22 09:49:00,SOLUSDT,ask,145,11345.133
2024-08-22 09:49:03,SOLUSDT,ask,160,27796.463
2024-08-22 09:49:05,SOLUSDT,bid,139,7557.961
2024-08-22 09:49:05,SOLUSDT,ask,150,27654.337
2024-08-22 09:49:06,SOLUSDT,ask,145,11359.468
2024-08-22 09:49:06,SOLUSDT,ask,152,20291.175
2024-08-22 09:49:10,SOLUSDT,ask,150,27653.869
2024-08-22 09:49:20,SOLUSDT,ask,190,22460.292
2024-08-22 09:49:25,SOLUSDT,ask,147,14233.827
2024-08-22 09:49:26,SOLUSDT,ask,150,27652.919
2024-08-22 09:49:49,SOLUSDT,ask,145,11368.388
2024-08-22 09:50:00,SOLUSDT,ask,145,11321.666
2024-08-22 09:50:07,SOLUSDT,ask,210,25883.57
2024-08-22 09:50:10,SOLUSDT,bid,139,7577.961
2024-08-22 09:50:20,SOLUSDT,ask,155,13507.448
2024-08-22 09:50:21,SOLUSDT,ask,148,23921.318
2024-08-22 09:50:45,SOLUSDT,ask,145,11319.666
2024-08-22 09:50:47,SOLUSDT,ask,148,23924.848
2024-08-22 09:50:51,SOLUSDT,ask,147,14235.381
2024-08-22 09:51:03,SOLUSDT,bid,100,28094.863
2024-08-22 09:51:05,SOLUSDT,ask,148,23927.845
2024-08-22 09:51:09,SOLUSDT,bid,139,7578.101
2024-08-22 09:51:21,SOLUSDT,bid,120,20747.54
2024-08-22 09:51:29,SOLUSDT,ask,150,27651.983
2024-08-22 09:51:33,SOLUSDT,ask,152,20282.518
2024-08-22 09:51:34,SOLUSDT,bid,139,7549.375
2024-08-22 09:51:34,SOLUSDT,ask,170,12325.008
2024-08-22 09:51:36,SOLUSDT,ask,147,14233.29
2024-08-22 09:51:36,SOLUSDT,ask,148,23926.682
2024-08-22 09:51:36,SOLUSDT,ask,149,15773.498
2024-08-22 09:51:36,SOLUSDT,ask,150,27652.181
2024-08-22 09:51:36,SOLUSDT,ask,151,20669.42
2024-08-22 09:51:36,SOLUSDT,ask,160,27796.224
2024-08-22 09:51:40,SOLUSDT,ask,145,11319.353
2024-08-22 09:51:46,SOLUSDT,ask,145,11319.444
2024-08-22 09:51:46,SOLUSDT,ask,200,45002.693
2024-08-22 09:51:49,SOLUSDT,bid,139,7549.466
2024-08-22 09:52:01,SOLUSDT,ask,148,23908.53
2024-08-22 09:52:06,SOLUSDT,bid,135,14940.51
2024-08-22 09:52:06,SOLUSDT,ask,200,44994.49
2024-08-22 09:52:13,SOLUSDT,bid,139,7489.461
2024-08-22 09:52:19,SOLUSDT,bid,139,7490.211
2024-08-22 09:52:19,SOLUSDT,ask,147,14231.355
2024-08-22 09:52:22,SOLUSDT,bid,135,14944.761
2024-08-22 09:52:28,SOLUSDT,bid,139,7490.704
2024-08-22 09:52:29,SOLUSDT,bid,139,7550.709
2024-08-22 09:52:30,SOLUSDT,ask,165,17178.433
2024-08-22 09:52:45,SOLUSDT,bid,131,9511.188
2024-08-22 09:52:58,SOLUSDT,bid,80,26036.455
2024-08-22 09:52:58,SOLUSDT,ask,148,23911.334
2024-08-22 09:53:00,SOLUSDT,ask,147,14239.291
2024-08-22 09:53:03,SOLUSDT,ask,145,11324.444
2024-08-22 09:53:15,SOLUSDT,ask,155,13502.448
2024-08-22 09:53:18,SOLUSDT,ask,145,11324.482
2024-08-22 09:53:18,SOLUSDT,ask,147,14239.329
2024-08-22 09:53:18,SOLUSDT,ask,148,23911.372
2024-08-22 09:53:20,SOLUSDT,bid,135,14944.799
2024-08-22 09:53:32,SOLUSDT,bid,135,14944.867
2024-08-22 09:53:54,SOLUSDT,bid,135,14943.159
2024-08-22 09:54:12,SOLUSDT,ask,145,11324.391
2024-08-22 09:54:13,SOLUSDT,ask,149,15772.321
2024-08-22 09:54:14,SOLUSDT,bid,110,25428.06
2024-08-22 09:54:19,SOLUSDT,ask,160,27450.417
2024-08-22 09:54:24,SOLUSDT,ask,148,23911.16
2024-08-22 09:54:25,SOLUSDT,bid,110,25453.06
2024-08-22 09:54:25,SOLUSDT,bid,80,26011.455
2024-08-22 09:54:30,SOLUSDT,ask,145,10475.857
2024-08-22 09:54:32,SOLUSDT,ask,145,10474.857
2024-08-22 09:54:45,SOLUSDT,ask,145,10475.069
2024-08-22 09:54:46,SOLUSDT,ask,145,10481.136
2024-08-22 09:54:46,SOLUSDT,ask,148,23905.093
2024-08-22 09:54:46,SOLUSDT,ask,145,10481.202
2024-08-22 09:54:51,SOLUSDT,bid,131,9491.188
2024-08-22 09:54:54,SOLUSDT,ask,145,10490.331
2024-08-22 09:54:54,SOLUSDT,ask,149,15763.192
2024-08-22 09:55:02,SOLUSDT,bid,131,9501.188
2024-08-22 09:55:04,SOLUSDT,ask,152,20282.389
2024-08-22 09:55:14,SOLUSDT,bid,135,14943.666
2024-08-22 09:55:25,SOLUSDT,bid,125,16477.15
2024-08-22 09:55:56,SOLUSDT,ask,160,27450.804
2024-08-22 09:55:58,SOLUSDT,bid,115,19161.841
2024-08-22 09:56:04,SOLUSDT,ask,147,14232.361
2024-08-22 09:56:11,SOLUSDT,bid,110,25454.814
2024-08-22 09:56:11,SOLUSDT,ask,145,10489.331
2024-08-22 09:56:17,SOLUSDT,ask,152,20282.448
2024-08-22 09:56:28,SOLUSDT,ask,148,23372.423
2024-08-22 09:56:31,SOLUSDT,bid,125,16480.15
2024-08-22 09:56:35,SOLUSDT,bid,110,25454.946
2024-08-22 09:56:41,SOLUSDT,ask,151,20639.42
2024-08-22 09:56:46,SOLUSDT,ask,150,27641.659
2024-08-22 09:56:49,SOLUSDT,ask,145,10480.202
2024-08-22 09:56:49,SOLUSDT,ask,147,14241.49
2024-08-22 09:56:50,SOLUSDT,bid,135,14939.415
2024-08-22 09:56:53,SOLUSDT,ask,165,17176.902
2024-08-22 09:56:55,SOLUSDT,ask,145,10474.135
2024-08-22 09:56:55,SOLUSDT,ask,148,23378.49
2024-08-22 09:57:03,SOLUSDT,ask,150,27641.73
2024-08-22 09:57:06,SOLUSDT,ask,145,10475.666
2024-08-22 09:57:25,SOLUSDT,ask,152,20279.344
2024-08-22 09:57:28,SOLUSDT,ask,145,10476.366
2024-08-22 09:57:39,SOLUSDT,ask,147,14244.594
2024-08-22 09:57:41,SOLUSDT,ask,145,10431.074
2024-08-22 09:58:06,SOLUSDT,ask,145,8344.571
2024-08-22 09:58:09,SOLUSDT,bid,100,28098.159
2024-08-22 09:58:24,SOLUSDT,ask,145,8340.868
2024-08-22 09:58:39,SOLUSDT,bid,130,15048.601
2024-08-22 09:58:44,SOLUSDT,ask,149,15758.192
2024-08-22 09:58:47,SOLUSDT,bid,139,7487.569
2024-08-22 09:58:51,SOLUSDT,ask,148,23378.436
2024-08-22 09:58:52,SOLUSDT,bid,139,7482.207
2024-08-22 09:59:13,SOLUSDT,bid,120,20624.03
2024-08-22 09:59:16,SOLUSDT,ask,150,27693.821
2024-08-22 09:59:28,SOLUSDT,bid,130,15055.028
2024-08-22 09:59:33,SOLUSDT,bid,135,15049.202
2024-08-22 09:59:37,SOLUSDT,bid,139,7481.848
2024-08-22 10:00:04,SOLUSDT,ask,148,23386.19
2024-08-22 10:00:04,SOLUSDT,ask,152,20271.59
2024-08-22 10:00:10,SOLUSDT,ask,148,23378.436
2024-08-22 10:00:23,SOLUSDT,ask,148,23375.052
2024-08-22 10:00:36,SOLUSDT,ask,155,13495.455
2024-08-22 10:00:36,SOLUSDT,ask,148,23377.176
2024-08-22 10:00:36,SOLUSDT,ask,200,45021.096
2024-08-22 10:00:38,SOLUSDT,ask,160,27445.931
2024-08-22 10:00:40,SOLUSDT,ask,145,8339.463
2024-08-22 10:00:52,SOLUSDT,ask,145,8335.032
2024-08-22 10:00:53,SOLUSDT,ask,148,23375.052
2024-08-22 10:01:07,SOLUSDT,ask,149,15760.316
2024-08-22 10:01:12,SOLUSDT,ask,145,8343.311
2024-08-22 10:01:16,SOLUSDT,bid,111,19542.714
2024-08-22 10:01:19,SOLUSDT,bid,100,28105.58
2024-08-22 10:01:27,SOLUSDT,bid,120,20623.614
2024-08-22 10:01:30,SOLUSDT,ask,147,14241.158
2024-08-22 10:01:33,SOLUSDT,ask,145,8343.098
2024-08-22 10:01:39,SOLUSDT,ask,150,27692.764
2024-08-22 10:02:06,SOLUSDT,ask,147,14254.621
2024-08-22 10:02:14,SOLUSDT,ask,145,8343.254
2024-08-22 10:02:17,SOLUSDT,bid,130,15056.028
2024-08-22 10:02:23,SOLUSDT,bid,135,15123.276
2024-08-22 10:02:45,SOLUSDT,ask,150,27692.81
2024-08-22 10:02:45,SOLUSDT,bid,135,15123.322
2024-08-22 10:02:51,SOLUSDT,ask,145,8343.608
2024-08-22 10:02:52,SOLUSDT,ask,145,8343.452
2024-08-22 10:02:56,SOLUSDT,ask,165,17174.527
2024-08-22 10:03:03,SOLUSDT,ask,165,17176.954
2024-08-22 10:03:04,SOLUSDT,ask,175,7872.932
2024-08-22 10:03:08,SOLUSDT,bid,120,20622.76
2024-08-22 10:03:15,SOLUSDT,bid,135,15124.081
2024-08-22 10:03:36,SOLUSDT,ask,148,23376.562
2024-08-22 10:03:39,SOLUSDT,bid,130,15055.837
2024-08-22 10:03:42,SOLUSDT,ask,145,8343.952
2024-08-22 10:03:47,SOLUSDT,bid,120,20621.208
2024-08-22 10:03:47,SOLUSDT,ask,155,13501.992
2024-08-22 10:03:48,SOLUSDT,bid,130,15069.786
2024-08-22 10:04:20,SOLUSDT,ask,165,17177.648
2024-08-22 10:04:21,SOLUSDT,bid,80,26390.21
2024-08-22 10:04:24,SOLUSDT,bid,135,15132.235
2024-08-22 10:04:27,SOLUSDT,ask,145,8571.667
2024-08-22 10:04:40,SOLUSDT,ask,150,27697.642
2024-08-22 10:04:54,SOLUSDT,ask,147,14274.996
2024-08-22 10:05:11,SOLUSDT,ask,205,10225.379
2024-08-22 10:05:21,SOLUSDT,bid,131,9501.34
2024-08-22 10:05:26,SOLUSDT,bid,131,9481.34
2024-08-22 10:06:32,SOLUSDT,ask,147,14264.996
2024-08-22 10:06:56,SOLUSDT,bid,115,19144.189
2024-08-22 10:07:18,SOLUSDT,bid,120,20628.172
2024-08-22 10:08:05,SOLUSDT,ask,150,27698.642
2024-08-22 10:08:07,SOLUSDT,ask,210,25671.894
2024-08-22 10:08:28,SOLUSDT,bid,115,19161.58
2024-08-22 10:08:58,SOLUSDT,ask,500,5827.306
2024-08-22 10:09:00,SOLUSDT,ask,148,23384.932
2024-08-22 10:09:14,SOLUSDT,bid,135,15132.617
2024-08-22 10:09:17,SOLUSDT,ask,148,23376.562
2024-08-22 10:09:32,SOLUSDT,ask,148,23375.894
2024-08-22 10:09:35,SOLUSDT,bid,125,16475.504
2024-08-22 10:10:06,SOLUSDT,ask,145,8571.91
2024-08-22 10:10:12,SOLUSDT,ask,148,23110.947
2024-08-22 10:10:29,SOLUSDT,ask,147,14232.98
2024-08-22 10:10:29,SOLUSDT,ask,145,8571.841
2024-08-22 10:10:41,SOLUSDT,ask,145,8603.857
2024-08-22 10:10:47,SOLUSDT,ask,160,27446.188
2024-08-22 10:10:55,SOLUSDT,bid,110,25436.765
2024-08-22 10:11:10,SOLUSDT,ask,149,15754.805
2024-08-22 10:11:18,SOLUSDT,ask,210,25672.597
2024-08-22 10:11:33,SOLUSDT,ask,150,27696.099
2024-08-22 10:12:02,SOLUSDT,ask,180,26898.567
2024-08-22 10:12:07,SOLUSDT,ask,161,14608.345
2024-08-22 10:12:21,SOLUSDT,bid,120,20628.214
2024-08-22 10:12:22,SOLUSDT,ask,185,14743.178
2024-08-22 10:12:48,SOLUSDT,ask,145,8603.919
2024-08-22 10:12:48,SOLUSDT,bid,111,19542.813
2024-08-22 10:13:06,SOLUSDT,bid,111,19542.912
2024-08-22 10:13:09,SOLUSDT,bid,130,15071.786
2024-08-22 10:13:29,SOLUSDT,bid,90,11540.835
2024-08-22 10:13:32,SOLUSDT,ask,151,20640.42
2024-08-22 10:13:38,SOLUSDT,bid,115,19160.705
2024-08-22 10:14:30,SOLUSDT,bid,135,15132.573
2024-08-22 10:14:47,SOLUSDT,ask,145,8609.466
2024-08-22 10:15:01,SOLUSDT,ask,148,23110.846
2024-08-22 10:15:17,SOLUSDT,bid,135,15133.073
2024-08-22 10:15:18,SOLUSDT,ask,151,20642.42
2024-08-22 10:15:50,SOLUSDT,ask,150,27695.832
2024-08-22 10:15:55,SOLUSDT,bid,139,7233.702
2024-08-22 10:16:12,SOLUSDT,ask,145,8609.693
2024-08-22 10:16:23,SOLUSDT,bid,139,7234.702
2024-08-22 10:16:35,SOLUSDT,bid,115,19161.574
2024-08-22 10:16:45,SOLUSDT,bid,139,7230.254
2024-08-22 10:16:59,SOLUSDT,ask,145,8652.722
2024-08-22 10:17:24,SOLUSDT,ask,145,8653.022
2024-08-22 10:17:24,SOLUSDT,ask,147,14232.68
2024-08-22 10:17:41,SOLUSDT,ask,150,27696.179
2024-08-22 10:17:52,SOLUSDT,bid,139,7230.351
2024-08-22 10:18:00,SOLUSDT,ask,145,8652.722
2024-08-22 10:18:00,SOLUSDT,ask,149,15754.505
2024-08-22 10:18:00,SOLUSDT,ask,147,14232.328
2024-08-22 10:18:00,SOLUSDT,ask,190,22459.714
2024-08-22 10:18:06,SOLUSDT,ask,147,14228.873
2024-08-22 10:18:12,SOLUSDT,bid,135,15133.295
2024-08-22 10:18:15,SOLUSDT,ask,145,8653.222
2024-08-22 10:18:23,SOLUSDT,bid,139,7269.448
2024-08-22 10:18:26,SOLUSDT,ask,149,15755.005
2024-08-22 10:18:35,SOLUSDT,ask,145,8650.622
2024-08-22 10:18:43,SOLUSDT,ask,145,8650.122
2024-08-22 10:18:46,SOLUSDT,bid,139,7270.283
2024-08-22 10:18:48,SOLUSDT,ask,149,15755.871
2024-08-22 10:18:53,SOLUSDT,ask,145,8650.422
2024-08-22 10:19:14,SOLUSDT,bid,139,7277.477
2024-08-22 10:19:24,SOLUSDT,ask,150,27748.372
2024-08-22 10:20:02,SOLUSDT,bid,139,7279.843
2024-08-22 10:20:10,SOLUSDT,bid,135,15133.563
2024-08-22 10:20:24,SOLUSDT,ask,150,27748.197
2024-08-22 10:20:30,SOLUSDT,bid,139,7281.281
2024-08-22 10:20:34,SOLUSDT,ask,145,8650.524
2024-08-22 10:20:42,SOLUSDT,ask,145,8650.699
2024-08-22 10:20:45,SOLUSDT,bid,139,7281.491
2024-08-22 10:20:52,SOLUSDT,ask,150,27726.555
2024-08-22 10:21:08,SOLUSDT,bid,139,7282.727
2024-08-22 10:21:18,SOLUSDT,bid,130,15072.171
2024-08-22 10:21:34,SOLUSDT,bid,115,19162.009
2024-08-22 10:22:03,SOLUSDT,ask,165,17179.942
2024-08-22 10:22:14,SOLUSDT,bid,135,15134.163
2024-08-22 10:22:16,SOLUSDT,bid,139,7282.856
2024-08-22 10:22:17,SOLUSDT,bid,135,15133.563
2024-08-22 10:22:26,SOLUSDT,ask,150,27727.403
2024-08-22 10:22:27,SOLUSDT,ask,145,8653.665
2024-08-22 10:22:28,SOLUSDT,bid,139,7282.603
2024-08-22 10:22:39,SOLUSDT,ask,152,20277.895
2024-08-22 10:22:41,SOLUSDT,bid,139,7284.012
2024-08-22 10:22:48,SOLUSDT,ask,300,9954.216
2024-08-22 10:22:51,SOLUSDT,ask,300,9950.364
2024-08-22 10:23:18,SOLUSDT,bid,139,7266.4
2024-08-22 10:23:19,SOLUSDT,ask,500,5831.158
2024-08-22 10:23:20,SOLUSDT,ask,145,8654.609
2024-08-22 10:23:20,SOLUSDT,ask,145,8656.011
2024-08-22 10:23:26,SOLUSDT,ask,170,12308.989
2024-08-22 10:23:32,SOLUSDT,bid,139,7260.513
2024-08-22 10:23:35,SOLUSDT,ask,148,23138.303
2024-08-22 10:23:39,SOLUSDT,ask,147,14228.698
2024-08-22 10:23:44,SOLUSDT,ask,147,14230.07
2024-08-22 10:23:44,SOLUSDT,ask,148,23136.931
2024-08-22 10:23:48,SOLUSDT,ask,145,8656.413
2024-08-22 10:23:52,SOLUSDT,bid,139,7278.903
2024-08-22 10:23:54,SOLUSDT,ask,190,22459.556
2024-08-22 10:24:08,SOLUSDT,bid,135,15139.118
2024-08-22 10:24:14,SOLUSDT,bid,139,7273.903
2024-08-22 10:24:19,SOLUSDT,ask,147,14225.669
2024-08-22 10:24:23,SOLUSDT,bid,139,7266.709
2024-08-22 10:24:39,SOLUSDT,bid,125,16479.504
2024-08-22 10:24:46,SOLUSDT,bid,139,7266.334
2024-08-22 10:24:46,SOLUSDT,ask,160,27435.198
2024-08-22 10:25:04,SOLUSDT,bid,139,7276.771
2024-08-22 10:25:35,SOLUSDT,bid,139,7278.929
2024-08-22 10:25:40,SOLUSDT,bid,115,19127.009
2024-08-22 10:25:41,SOLUSDT,bid,111,19507.912
2024-08-22 10:25:49,SOLUSDT,bid,139,7278.969
2024-08-22 10:26:02,SOLUSDT,bid,139,7261.714
2024-08-22 10:26:05,SOLUSDT,ask,145,8657.291
2024-08-22 10:26:11,SOLUSDT,bid,135,15140.121
2024-08-22 10:26:34,SOLUSDT,bid,139,7264.443
2024-08-22 10:26:37,SOLUSDT,ask,180,26897.568
2024-08-22 10:26:44,SOLUSDT,ask,148,23136.481
2024-08-22 10:26:46,SOLUSDT,ask,148,23135.915
2024-08-22 10:26:49,SOLUSDT,bid,139,7257.249
2024-08-22 10:26:49,SOLUSDT,bid,120,20635.408
2024-08-22 10:26:59,SOLUSDT,bid,120,20628.214
2024-08-22 10:27:08,SOLUSDT,ask,195,12449.878
2024-08-22 10:27:28,SOLUSDT,ask,145,8658.757
2024-08-22 10:27:47,SOLUSDT,ask,149,15743.632
2024-08-22 10:28:00,SOLUSDT,bid,125,16475.504
2024-08-22 10:28:01,SOLUSDT,bid,130,15070.633
2024-08-22 10:28:05,SOLUSDT,bid,90,11533.058
2024-08-22 10:28:08,SOLUSDT,bid,115,19125.27
2024-08-22 10:28:22,SOLUSDT,bid,120,20636.547
2024-08-22 10:28:43,SOLUSDT,ask,160,27333.484
2024-08-22 10:28:48,SOLUSDT,ask,152,20234.866
2024-08-22 10:28:59,SOLUSDT,ask,145,8701.786
2024-08-22 10:29:13,SOLUSDT,ask,148,23139.432
2024-08-22 10:29:17,SOLUSDT,ask,148,14489.237
2024-08-22 10:29:45,SOLUSDT,ask,145,8658.757
2024-08-22 10:29:51,SOLUSDT,ask,147,13925.669
2024-08-22 10:29:55,SOLUSDT,ask,145,8701.786
2024-08-22 10:30:42,SOLUSDT,bid,139,7488.971
2024-08-22 10:30:42,SOLUSDT,ask,145,8658.757
2024-08-22 10:30:44,SOLUSDT,bid,139,7491.286
2024-08-22 10:30:46,SOLUSDT,ask,145,8658.257
2024-08-22 10:31:01,SOLUSDT,bid,130,15069.633
2024-08-22 10:31:03,SOLUSDT,bid,130,15030.276
2024-08-22 10:31:04,SOLUSDT,ask,145,8658.756
2024-08-22 10:31:04,SOLUSDT,ask,147,13925.17
2024-08-22 10:31:23,SOLUSDT,ask,150,27725.671
2024-08-22 10:31:23,SOLUSDT,ask,155,13501.126
2024-08-22 10:31:23,SOLUSDT,ask,160,27332.618
2024-08-22 10:31:29,SOLUSDT,ask,148,14503.337
2024-08-22 10:31:40,SOLUSDT,ask,149,15741.632
2024-08-22 10:31:43,SOLUSDT,ask,148,14500.475
2024-08-22 10:32:12,SOLUSDT,bid,139,7492.005
2024-08-22 10:32:20,SOLUSDT,ask,148,14500.417
2024-08-22 10:32:23,SOLUSDT,bid,139,7492.148
2024-08-22 10:32:27,SOLUSDT,ask,161,14607.346
2024-08-22 10:32:30,SOLUSDT,ask,148,22151.612
2024-08-22 10:32:36,SOLUSDT,ask,161,14608.345
2024-08-22 10:32:40,SOLUSDT,ask,180,26899.624
2024-08-22 10:32:43,SOLUSDT,bid,130,15029.787
2024-08-22 10:32:45,SOLUSDT,bid,139,7481.711
2024-08-22 10:32:54,SOLUSDT,ask,145,8658.893
2024-08-22 10:33:00,SOLUSDT,ask,150,27725.634
2024-08-22 10:33:05,SOLUSDT,ask,150,27725.67
2024-08-22 10:33:11,SOLUSDT,bid,139,7480.992
2024-08-22 10:33:11,SOLUSDT,ask,145,8659.353
2024-08-22 10:33:23,SOLUSDT,bid,135,15140.321
2024-08-22 10:33:26,SOLUSDT,bid,110,25437.165
2024-08-22 10:33:28,SOLUSDT,ask,145,8676.494
2024-08-22 10:33:30,SOLUSDT,ask,150,27726.67
2024-08-22 10:33:42,SOLUSDT,bid,90,11498.895
2024-08-22 10:33:43,SOLUSDT,bid,100,28075.58
2024-08-22 10:33:52,SOLUSDT,bid,135,15140.921
2024-08-22 10:33:55,SOLUSDT,bid,135,15140.321
2024-08-22 10:33:57,SOLUSDT,ask,155,13502.126
2024-08-22 10:34:02,SOLUSDT,ask,160,27338.619
2024-08-22 10:34:07,SOLUSDT,ask,160,27339.623
2024-08-22 10:34:08,SOLUSDT,bid,130,15032.094
2024-08-22 10:34:16,SOLUSDT,bid,100,28074.48
2024-08-22 10:34:22,SOLUSDT,ask,161,14608.221
2024-08-22 10:34:34,SOLUSDT,ask,150,27726.747
2024-08-22 10:34:39,SOLUSDT,bid,135,15144.024
2024-08-22 10:34:49,SOLUSDT,ask,149,15741.673
2024-08-22 10:34:49,SOLUSDT,ask,150,27726.788
2024-08-22 10:34:49,SOLUSDT,ask,148,22151.653
2024-08-22 10:34:50,SOLUSDT,ask,147,13925.211
2024-08-22 10:34:52,SOLUSDT,ask,145,8676.535
2024-08-22 10:34:55,SOLUSDT,bid,139,7481.033
2024-08-22 10:34:59,SOLUSDT,bid,135,15144.065
2024-08-22 10:35:01,SOLUSDT,bid,131,9481.381
2024-08-22 10:35:02,SOLUSDT,bid,130,15032.135
2024-08-22 10:35:10,SOLUSDT,ask,195,12419.446
2024-08-22 10:35:10,SOLUSDT,ask,200,44998.728
2024-08-22 10:35:30,SOLUSDT,ask,145,8677.826
2024-08-22 10:35:34,SOLUSDT,ask,145,8678.876
2024-08-22 10:35:45,SOLUSDT,bid,139,7481.207
2024-08-22 10:35:48,SOLUSDT,bid,139,7482.207
2024-08-22 10:36:17,SOLUSDT,ask,147,13926.031
2024-08-22 10:36:22,SOLUSDT,ask,148,22102.81
2024-08-22 10:37:00,SOLUSDT,ask,147,13926.729
2024-08-22 10:37:18,SOLUSDT,bid,111,19508.002
2024-08-22 10:37:20,SOLUSDT,bid,135,15144.359
2024-08-22 10:37:20,SOLUSDT,bid,130,15031.829
2024-08-22 10:37:38,SOLUSDT,ask,150,27725.39
2024-08-22 10:37:43,SOLUSDT,ask,145,8680.274
2024-08-22 10:37:50,SOLUSDT,bid,135,15144.959
2024-08-22 10:37:53,SOLUSDT,bid,135,15144.359
2024-08-22 10:38:02,SOLUSDT,bid,139,7478.885
2024-08-22 10:38:04,SOLUSDT,bid,135,15143.977
2024-08-22 10:38:28,SOLUSDT,ask,145,8480.274
2024-08-22 10:38:35,SOLUSDT,ask,156,20233.753
2024-08-22 10:38:47,SOLUSDT,ask,149,15734.639
2024-08-22 10:39:12,SOLUSDT,bid,100,28076.48
2024-08-22 10:39:25,SOLUSDT,ask,155,13502.489
2024-08-22 10:39:25,SOLUSDT,ask,148,22113.56
2024-08-22 10:39:31,SOLUSDT,bid,139,7496.721
2024-08-22 10:39:33,SOLUSDT,bid,139,7496.834
2024-08-22 10:39:54,SOLUSDT,ask,152,20241.9
2024-08-22 10:40:15,SOLUSDT,ask,151,20638.029
2024-08-22 10:40:47,SOLUSDT,ask,150,27729.781
2024-08-22 10:41:12,SOLUSDT,bid,139,7497.553
2024-08-22 10:41:26,SOLUSDT,bid,139,7496.553
2024-08-22 10:41:51,SOLUSDT,ask,145,8479.909
2024-08-22 10:41:53,SOLUSDT,ask,200,44980.719
2024-08-22 10:41:54,SOLUSDT,bid,135,15144.577
2024-08-22 10:41:58,SOLUSDT,bid,135,15143.977
2024-08-22 10:41:59,SOLUSDT,bid,130,15131.829
2024-08-22 10:42:10,SOLUSDT,ask,145,8479.977
2024-08-22 10:42:12,SOLUSDT,bid,139,7495.834
2024-08-22 10:42:21,SOLUSDT,bid,111,19545.82
2024-08-22 10:42:21,SOLUSDT,ask,220,12348.855
2024-08-22 10:42:36,SOLUSDT,ask,148,22156.755
2024-08-22 10:43:13,SOLUSDT,bid,139,7496.553
2024-08-22 10:43:18,SOLUSDT,ask,185,14761.187
2024-08-22 10:43:19,SOLUSDT,ask,150,27729.649
2024-08-22 10:43:36,SOLUSDT,ask,150,27728.049
2024-08-22 10:43:38,SOLUSDT,ask,155,13501.462
2024-08-22 10:43:45,SOLUSDT,bid,120,20627.547
2024-08-22 10:43:47,SOLUSDT,bid,120,20620.547
2024-08-22 10:43:56,SOLUSDT,bid,139,7495.115
2024-08-22 10:43:58,SOLUSDT,bid,139,7496.115
2024-08-22 10:44:12,SOLUSDT,bid,139,7495.396
2024-08-22 10:44:15,SOLUSDT,bid,139,7496.115
2024-08-22 10:44:39,SOLUSDT,bid,135,15109.79
2024-08-22 10:44:40,SOLUSDT,ask,145,8466.897
2024-08-22 10:44:49,SOLUSDT,ask,145,8472.503
2024-08-22 10:45:03,SOLUSDT,ask,145,8505.942
2024-08-22 10:45:04,SOLUSDT,bid,139,7496.465
2024-08-22 10:45:08,SOLUSDT,bid,139,7496.541
2024-08-22 10:45:40,SOLUSDT,bid,110,25546.261
2024-08-22 10:45:41,SOLUSDT,bid,139,7492.885
2024-08-22 10:45:53,SOLUSDT,ask,161,14607.771
2024-08-22 10:45:53,SOLUSDT,ask,163,19085.981
2024-08-22 10:46:10,SOLUSDT,ask,150,27729.964
2024-08-22 10:47:02,SOLUSDT,bid,120,20579.772
2024-08-22 10:47:20,SOLUSDT,bid,139,7375.735
2024-08-22 10:47:46,SOLUSDT,bid,139,7375.231
2024-08-22 10:47:51,SOLUSDT,bid,139,7376.107
2024-08-22 10:47:56,SOLUSDT,ask,145,8501.252
2024-08-22 10:47:58,SOLUSDT,bid,139,7344.63
2024-08-22 10:48:25,SOLUSDT,bid,139,7573.585
2024-08-22 10:48:27,SOLUSDT,bid,135,15110.39
2024-08-22 10:48:30,SOLUSDT,bid,135,15109.79
2024-08-22 10:48:53,SOLUSDT,bid,139,7572.709
2024-08-22 10:49:31,SOLUSDT,ask,145,8501.601
2024-08-22 10:49:33,SOLUSDT,ask,147,13925.496
2024-08-22 10:49:34,SOLUSDT,bid,139,7569.777
2024-08-22 10:49:58,SOLUSDT,bid,139,7573.374
2024-08-22 10:50:31,SOLUSDT,ask,151,20635.404
2024-08-22 10:50:33,SOLUSDT,ask,160,27339.262
2024-08-22 10:50:37,SOLUSDT,bid,135,15110.29
2024-08-22 10:50:53,SOLUSDT,bid,130,15132.329
2024-08-22 10:51:45,SOLUSDT,bid,139,7344.419
2024-08-22 10:51:55,SOLUSDT,ask,145,8500.199
2024-08-22 10:52:00,SOLUSDT,ask,147,13924.964
2024-08-22 10:52:56,SOLUSDT,ask,200,44980.79
2024-08-22 10:53:11,SOLUSDT,bid,135,15102.29
2024-08-22 10:53:11,SOLUSDT,bid,130,15152.329
2024-08-22 10:53:14,SOLUSDT,bid,139,7345.138
2024-08-22 10:53:27,SOLUSDT,ask,145,8500.905
2024-08-22 10:54:09,SOLUSDT,ask,200,44978.79
2024-08-22 10:54:13,SOLUSDT,bid,120,20246.439
2024-08-22 10:54:20,SOLUSDT,ask,147,13915.803
2024-08-22 10:54:36,SOLUSDT,ask,147,13924.964
2024-08-22 10:54:56,SOLUSDT,bid,120,20602.272
2024-08-22 10:54:56,SOLUSDT,ask,145,8499.439
2024-08-22 10:55:14,SOLUSDT,bid,139,7344.419
2024-08-22 10:55:14,SOLUSDT,ask,150,27730.2
2024-08-22 10:55:25,SOLUSDT,ask,161,14610.685
2024-08-22 10:55:27,SOLUSDT,ask,147,13925.653
2024-08-22 10:55:51,SOLUSDT,bid,139,7349.911
2024-08-22 10:56:04,SOLUSDT,bid,135,15087.905
2024-08-22 10:56:09,SOLUSDT,ask,200,45091.157
2024-08-22 10:56:14,SOLUSDT,bid,120,20611.343
2024-08-22 10:56:17,SOLUSDT,bid,111,19545.622
2024-08-22 10:56:19,SOLUSDT,ask,147,13929.645
2024-08-22 10:56:20,SOLUSDT,ask,150,27735.46
2024-08-22 10:56:23,SOLUSDT,ask,160,27340.262
2024-08-22 10:56:29,SOLUSDT,ask,150,27748.412
2024-08-22 10:56:33,SOLUSDT,bid,135,15094.272
2024-08-22 10:56:33,SOLUSDT,ask,158,18846.847
2024-08-22 10:56:35,SOLUSDT,bid,111,19545.721
2024-08-22 10:56:51,SOLUSDT,ask,200,45092.157
2024-08-22 10:56:59,SOLUSDT,ask,147,13942.597
2024-08-22 10:56:59,SOLUSDT,ask,150,27735.46
2024-08-22 10:57:04,SOLUSDT,ask,160,27340.024
2024-08-22 10:57:07,SOLUSDT,bid,111,19550.74
2024-08-22 10:57:11,SOLUSDT,ask,165,17179.654
2024-08-22 10:57:14,SOLUSDT,ask,150,27735.31
2024-08-22 10:57:14,SOLUSDT,ask,160,27339.824
2024-08-22 10:57:15,SOLUSDT,ask,300,9947.444
2024-08-22 10:57:15,SOLUSDT,ask,150,27728.31
2024-08-22 10:57:28,SOLUSDT,bid,125,16506.555
2024-08-22 10:57:34,SOLUSDT,bid,139,7349.576
2024-08-22 10:57:49,SOLUSDT,bid,130,15149.886
2024-08-22 10:57:50,SOLUSDT,bid,111,19550.839
2024-08-22 10:57:51,SOLUSDT,bid,120,20617.783
2024-08-22 10:57:53,SOLUSDT,ask,147,14019.572
2024-08-22 10:57:59,SOLUSDT,ask,180,26854.573
2024-08-22 10:58:45,SOLUSDT,ask,145,8506.776
2024-08-22 10:58:54,SOLUSDT,bid,111,19550.938
2024-08-22 10:59:09,SOLUSDT,ask,148,22158.847
2024-08-22 10:59:17,SOLUSDT,bid,100,28077.68
2024-08-22 10:59:33,SOLUSDT,bid,111,19571.885
2024-08-22 10:59:40,SOLUSDT,ask,145,8500.445
2024-08-22 10:59:46,SOLUSDT,ask,170,12311.238
2024-08-22 10:59:53,SOLUSDT,ask,200,45089.657
2024-08-22 11:00:00,SOLUSDT,bid,111,19571.984
2024-08-22 11:00:10,SOLUSDT,bid,111,19551.037
2024-08-22 11:00:22,SOLUSDT,ask,155,13502.278
2024-08-22 11:00:29,SOLUSDT,ask,165,17079.654
2024-08-22 11:00:36,SOLUSDT,ask,155,13602.278
2024-08-22 11:00:44,SOLUSDT,bid,135,15092.272
2024-08-22 11:00:47,SOLUSDT,ask,148,22110.663
2024-08-22 11:00:47,SOLUSDT,ask,145,8500.404
2024-08-22 11:01:31,SOLUSDT,bid,139,7352.609
2024-08-22 11:02:31,SOLUSDT,ask,155,13602.317
2024-08-22 11:02:38,SOLUSDT,bid,130,15149.117
2024-08-22 11:02:39,SOLUSDT,bid,125,16506.155
2024-08-22 11:02:40,SOLUSDT,bid,120,20617.367
2024-08-22 11:02:43,SOLUSDT,bid,139,7350.609
2024-08-22 11:03:14,SOLUSDT,ask,145,8493.275
2024-08-22 11:03:27,SOLUSDT,ask,149,15738.163
2024-08-22 11:04:14,SOLUSDT,bid,120,20660.004
2024-08-22 11:04:40,SOLUSDT,ask,180,26854.608
2024-08-22 11:04:45,SOLUSDT,ask,150,27721.71
2024-08-22 11:04:46,SOLUSDT,ask,145,8490.238
2024-08-22 11:05:11,SOLUSDT,ask,149,15739.162
2024-08-22 11:05:14,SOLUSDT,bid,139,7347.012
2024-08-22 11:05:14,SOLUSDT,ask,148,22109.663
2024-08-22 11:05:21,SOLUSDT,bid,139,7357.012
2024-08-22 11:05:23,SOLUSDT,ask,180,26856.278
2024-08-22 11:05:34,SOLUSDT,bid,130,15149.626
2024-08-22 11:06:25,SOLUSDT,bid,139,7359.447
2024-08-22 11:07:26,SOLUSDT,ask,150,27993.678
2024-08-22 11:07:42,SOLUSDT,ask,149,15738.163
2024-08-22 11:07:51,SOLUSDT,bid,139,7341.611
2024-08-22 11:07:54,SOLUSDT,ask,145,8491.237
2024-08-22 11:07:59,SOLUSDT,bid,111,19550.938
2024-08-22 11:08:02,SOLUSDT,bid,111,19550.839
2024-08-22 11:08:03,SOLUSDT,bid,111,19550.74
2024-08-22 11:08:04,SOLUSDT,bid,111,19550.641
2024-08-22 11:08:24,SOLUSDT,ask,148,22110.419
2024-08-22 11:08:29,SOLUSDT,ask,148,22109.663
2024-08-22 11:08:56,SOLUSDT,ask,145,8498.366
2024-08-22 11:08:56,SOLUSDT,bid,110,25646.261
2024-08-22 11:08:57,SOLUSDT,ask,152,20242.394
2024-08-22 11:09:07,SOLUSDT,ask,150,27993.716
2024-08-22 11:09:12,SOLUSDT,ask,190,22480.569
2024-08-22 11:09:29,SOLUSDT,ask,145,8497.367
2024-08-22 11:09:42,SOLUSDT,bid,139,7341.647
2024-08-22 11:10:17,SOLUSDT,ask,145,8511.881
2024-08-22 11:10:28,SOLUSDT,ask,145,8511.813
2024-08-22 11:10:37,SOLUSDT,ask,148,22084.688
2024-08-22 11:11:03,SOLUSDT,ask,145,8512.144
2024-08-22 11:11:03,SOLUSDT,ask,148,22084.357
2024-08-22 11:11:09,SOLUSDT,bid,130,15139.626
2024-08-22 11:11:09,SOLUSDT,ask,155,13609.027
2024-08-22 11:11:19,SOLUSDT,bid,139,7340.64
2024-08-22 11:11:30,SOLUSDT,ask,163,19091.709
2024-08-22 11:11:39,SOLUSDT,ask,147,14019.976
2024-08-22 11:11:42,SOLUSDT,ask,147,14017.907
2024-08-22 11:11:53,SOLUSDT,ask,147,14019.0
2024-08-22 11:11:54,SOLUSDT,ask,156,20233.647
2024-08-22 11:11:54,SOLUSDT,bid,125,16476.029
2024-08-22 11:12:04,SOLUSDT,ask,161,14540.936
2024-08-22 11:12:57,SOLUSDT,bid,130,15009.292
2024-08-22 11:12:58,SOLUSDT,bid,135,15092.642
2024-08-22 11:13:06,SOLUSDT,ask,152,20241.394
2024-08-22 11:13:10,SOLUSDT,ask,150,27992.716
2024-08-22 11:13:13,SOLUSDT,bid,135,15218.149
2024-08-22 11:13:17,SOLUSDT,ask,145,8514.054
2024-08-22 11:13:49,SOLUSDT,bid,130,15008.831
2024-08-22 11:13:52,SOLUSDT,ask,145,8513.054
2024-08-22 11:13:54,SOLUSDT,bid,135,15218.563
2024-08-22 11:14:02,SOLUSDT,ask,145,8513.092
2024-08-22 11:14:03,SOLUSDT,ask,147,14008.75
2024-08-22 11:14:13,SOLUSDT,bid,139,7343.268
2024-08-22 11:14:20,SOLUSDT,bid,110,25546.261
2024-08-22 11:14:22,SOLUSDT,bid,139,7340.833
2024-08-22 11:14:52,SOLUSDT,ask,145,8501.55
2024-08-22 11:15:00,SOLUSDT,ask,148,22087.354
2024-08-22 11:15:12,SOLUSDT,bid,115,19130.27
2024-08-22 11:15:18,SOLUSDT,bid,130,14988.831
2024-08-22 11:15:30,SOLUSDT,bid,130,14998.831
2024-08-22 11:15:54,SOLUSDT,bid,139,7343.564
2024-08-22 11:16:33,SOLUSDT,ask,163,19094.709
2024-08-22 11:16:42,SOLUSDT,ask,150,27991.716
2024-08-22 11:16:49,SOLUSDT,bid,135,15216.563
2024-08-22 11:16:59,SOLUSDT,ask,149,15738.869
2024-08-22 11:17:11,SOLUSDT,bid,135,15217.163
2024-08-22 11:17:14,SOLUSDT,bid,135,15216.563
2024-08-22 11:17:14,SOLUSDT,bid,139,7210.184
2024-08-22 11:18:01,SOLUSDT,bid,139,7250.184
2024-08-22 11:18:10,SOLUSDT,ask,151,20796.692
2024-08-22 11:18:25,SOLUSDT,ask,151,20840.892
2024-08-22 11:18:26,SOLUSDT,bid,139,7231.794
2024-08-22 11:18:31,SOLUSDT,bid,139,7201.794
2024-08-22 11:18:34,SOLUSDT,ask,145,8500.281
2024-08-22 11:18:48,SOLUSDT,ask,149,15861.969
2024-08-22 11:18:52,SOLUSDT,ask,145,8499.905
2024-08-22 11:18:53,SOLUSDT,ask,145,8568.314
2024-08-22 11:19:02,SOLUSDT,ask,161,14610.955
2024-08-22 11:19:24,SOLUSDT,ask,145,8567.356
2024-08-22 11:20:03,SOLUSDT,bid,135,15223.97
2024-08-22 11:20:10,SOLUSDT,ask,145,8569.393
2024-08-22 11:20:12,SOLUSDT,bid,139,7195.794
2024-08-22 11:20:19,SOLUSDT,bid,115,19138.965
2024-08-22 11:20:21,SOLUSDT,bid,135,15224.57
2024-08-22 11:20:24,SOLUSDT,bid,135,15223.97
2024-08-22 11:20:27,SOLUSDT,ask,147,14009.75
2024-08-22 11:20:39,SOLUSDT,bid,130,14934.831
2024-08-22 11:21:30,SOLUSDT,ask,148,22088.363
2024-08-22 11:21:44,SOLUSDT,bid,135,15224.073
2024-08-22 11:21:47,SOLUSDT,ask,145,8569.315
2024-08-22 11:21:55,SOLUSDT,ask,155,13602.317
2024-08-22 11:22:06,SOLUSDT,bid,139,7251.494
2024-08-22 11:22:13,SOLUSDT,ask,149,15981.839
2024-08-22 11:22:26,SOLUSDT,ask,148,22085.559
2024-08-22 11:22:28,SOLUSDT,ask,145,8567.2
2024-08-22 11:22:49,SOLUSDT,ask,152,20241.356
2024-08-22 11:22:57,SOLUSDT,bid,139,7251.566
2024-08-22 11:22:58,SOLUSDT,bid,139,7252.371
2024-08-22 11:23:08,SOLUSDT,ask,150,27993.872
2024-08-22 11:23:44,SOLUSDT,bid,125,16476.18
2024-08-22 11:23:44,SOLUSDT,bid,135,15219.431
2024-08-22 11:23:51,SOLUSDT,ask,160,27340.112
2024-08-22 11:24:06,SOLUSDT,ask,145,8574.697
2024-08-22 11:24:23,SOLUSDT,bid,110,25532.625
2024-08-22 11:24:33,SOLUSDT,bid,139,7253.367
2024-08-22 11:24:37,SOLUSDT,bid,139,7278.546
2024-08-22 11:24:55,SOLUSDT,bid,120,20659.921
2024-08-22 11:25:23,SOLUSDT,ask,180,26854.608
2024-08-22 11:25:58,SOLUSDT,ask,150,27993.967
2024-08-22 11:26:11,SOLUSDT,ask,148,22104.287
2024-08-22 11:26:17,SOLUSDT,bid,130,14934.719
2024-08-22 11:26:17,SOLUSDT,ask,150,27993.872
2024-08-22 11:26:22,SOLUSDT,bid,130,14934.765
2024-08-22 11:26:25,SOLUSDT,bid,139,7278.905
2024-08-22 11:26:30,SOLUSDT,ask,148,22104.382
2024-08-22 11:27:12,SOLUSDT,ask,145,8578.009
2024-08-22 11:27:25,SOLUSDT,bid,139,7276.028
2024-08-22 11:27:58,SOLUSDT,bid,135,15219.239
2024-08-22 11:28:14,SOLUSDT,ask,148,22105.382
2024-08-22 11:28:26,SOLUSDT,ask,147,14009.711
2024-08-22 11:28:34,SOLUSDT,ask,145,8579.24
2024-08-22 11:29:04,SOLUSDT,ask,145,8547.224
2024-08-22 11:29:34,SOLUSDT,bid,139,7220.328
2024-08-22 11:29:36,SOLUSDT,bid,139,7216.878
2024-08-22 11:29:40,SOLUSDT,bid,125,16476.42
2024-08-22 11:29:45,SOLUSDT,ask,145,8552.224
2024-08-22 11:29:45,SOLUSDT,ask,145,8547.224
2024-08-22 11:30:10,SOLUSDT,bid,111,19549.027
2024-08-22 11:30:18,SOLUSDT,ask,180,26854.436
2024-08-22 11:30:20,SOLUSDT,bid,139,7217.527
2024-08-22 11:30:32,SOLUSDT,ask,145,8570.617
2024-08-22 11:30:54,SOLUSDT,ask,145,8598.132
2024-08-22 11:31:32,SOLUSDT,bid,135,15219.313
2024-08-22 11:31:33,SOLUSDT,ask,145,8597.427
2024-08-22 11:32:22,SOLUSDT,ask,145,8595.029
2024-08-22 11:32:31,SOLUSDT,ask,145,8595.197
2024-08-22 11:32:33,SOLUSDT,bid,100,28075.48
2024-08-22 11:32:35,SOLUSDT,bid,131,9480.381
2024-08-22 11:32:52,SOLUSDT,bid,135,15220.824
2024-08-22 11:33:09,SOLUSDT,ask,147,14008.653
2024-08-22 11:33:19,SOLUSDT,bid,120,20664.569
2024-08-22 11:33:30,SOLUSDT,bid,110,25533.125
2024-08-22 11:33:39,SOLUSDT,ask,147,14008.427
2024-08-22 11:34:19,SOLUSDT,ask,147,14007.729
2024-08-22 11:34:25,SOLUSDT,ask,160,27339.824
2024-08-22 11:34:27,SOLUSDT,ask,145,8606.177
2024-08-22 11:34:39,SOLUSDT,bid,130,14935.873
2024-08-22 11:34:56,SOLUSDT,ask,147,14007.448
2024-08-22 11:35:03,SOLUSDT,bid,130,14934.765
2024-08-22 11:35:19,SOLUSDT,ask,150,27994.563
2024-08-22 11:35:43,SOLUSDT,ask,154,18141.576
2024-08-22 11:36:34,SOLUSDT,ask,145,8611.177
2024-08-22 11:36:35,SOLUSDT,bid,131,9479.186
2024-08-22 11:36:39,SOLUSDT,ask,145,8606.177
2024-08-22 11:36:45,SOLUSDT,ask,145,8590.711
2024-08-22 11:36:48,SOLUSDT,ask,150,27994.85
2024-08-22 11:37:11,SOLUSDT,ask,148,22102.778
2024-08-22 11:37:23,SOLUSDT,bid,135,15221.424
2024-08-22 11:37:25,SOLUSDT,bid,135,15220.824
2024-08-22 11:37:28,SOLUSDT,ask,147,14016.865
2024-08-22 11:37:36,SOLUSDT,bid,130,14935.245
2024-08-22 11:37:46,SOLUSDT,ask,148,22152.138
2024-08-22 11:38:06,SOLUSDT,ask,149,15981.958
2024-08-22 11:38:18,SOLUSDT,bid,130,14941.042
2024-08-22 11:39:12,SOLUSDT,ask,145,8583.951
2024-08-22 11:39:17,SOLUSDT,ask,150,27994.811
2024-08-22 11:39:17,SOLUSDT,ask,147,14015.811
2024-08-22 11:39:22,SOLUSDT,ask,148,22151.786
2024-08-22 11:39:28,SOLUSDT,ask,145,8583.888
2024-08-22 11:39:58,SOLUSDT,ask,148,22151.662
2024-08-22 11:40:41,SOLUSDT,ask,145,8583.03
2024-08-22 11:41:56,SOLUSDT,ask,147,14012.661
2024-08-22 11:42:19,SOLUSDT,bid,135,15220.324
2024-08-22 11:42:50,SOLUSDT,bid,131,9466.136
2024-08-22 11:42:51,SOLUSDT,ask,145,8586.504
2024-08-22 11:43:14,SOLUSDT,bid,135,15220.924
2024-08-22 11:43:17,SOLUSDT,bid,135,15220.324
2024-08-22 11:43:32,SOLUSDT,ask,147,14012.942
2024-08-22 11:43:36,SOLUSDT,ask,147,14023.663
2024-08-22 11:44:03,SOLUSDT,ask,158,18851.766
2024-08-22 11:44:12,SOLUSDT,bid,110,25518.125
2024-08-22 11:44:13,SOLUSDT,bid,130,14940.237
2024-08-22 11:44:23,SOLUSDT,ask,148,22151.718
2024-08-22 11:44:30,SOLUSDT,ask,200,45088.713
2024-08-22 11:44:38,SOLUSDT,ask,148,22151.755
2024-08-22 11:44:47,SOLUSDT,ask,147,13923.725
2024-08-22 11:44:57,SOLUSDT,ask,160,27332.717
2024-08-22 11:45:02,SOLUSDT,ask,260,7203.194
2024-08-22 11:45:02,SOLUSDT,ask,400,4709.809
2024-08-22 11:45:10,SOLUSDT,ask,147,13923.766
2024-08-22 11:45:13,SOLUSDT,ask,190,22481.823
2024-08-22 11:45:14,SOLUSDT,ask,145,8586.567
2024-08-22 11:45:25,SOLUSDT,ask,145,8618.583
2024-08-22 11:46:16,SOLUSDT,ask,200,45078.972
2024-08-22 11:46:19,SOLUSDT,ask,160,27331.717
2024-08-22 11:46:21,SOLUSDT,ask,145,8585.144
2024-08-22 11:46:26,SOLUSDT,ask,150,27989.511
2024-08-22 11:47:05,SOLUSDT,ask,152,20241.418
2024-08-22 11:47:06,SOLUSDT,ask,147,13898.809
2024-08-22 11:47:06,SOLUSDT,ask,145,8581.67
2024-08-22 11:47:18,SOLUSDT,ask,152,20242.159
2024-08-22 11:47:42,SOLUSDT,ask,145,8581.787
2024-08-22 11:48:03,SOLUSDT,ask,200,45088.972
2024-08-22 11:48:25,SOLUSDT,bid,130,14917.661
2024-08-22 11:48:38,SOLUSDT,ask,145,8585.261
2024-08-22 11:49:01,SOLUSDT,ask,160,27350.289
2024-08-22 11:49:15,SOLUSDT,ask,151,20841.852
2024-08-22 11:49:28,SOLUSDT,ask,145,8606.351
2024-08-22 11:49:38,SOLUSDT,ask,150,27997.122
2024-08-22 11:50:29,SOLUSDT,ask,148,22155.065
2024-08-22 11:50:30,SOLUSDT,ask,158,18852.408
2024-08-22 11:51:12,SOLUSDT,ask,147,13905.611
2024-08-22 11:51:18,SOLUSDT,ask,148,22161.821
2024-08-22 11:51:31,SOLUSDT,ask,149,15982.958
2024-08-22 11:52:49,SOLUSDT,ask,150,27997.088
2024-08-22 11:53:09,SOLUSDT,ask,147,13805.611
2024-08-22 11:53:40,SOLUSDT,bid,135,15136.753
2024-08-22 11:53:52,SOLUSDT,ask,145,8605.826
2024-08-22 11:53:57,SOLUSDT,ask,150,27998.053
2024-08-22 11:54:41,SOLUSDT,bid,90,11493.895
2024-08-22 11:54:56,SOLUSDT,ask,145,8606.67
2024-08-22 11:55:02,SOLUSDT,ask,155,13602.596
2024-08-22 11:55:35,SOLUSDT,bid,115,19139.071
2024-08-22 11:55:39,SOLUSDT,ask,182,5584.473
2024-08-22 11:55:49,SOLUSDT,ask,145,8607.528
2024-08-22 11:55:49,SOLUSDT,bid,135,15133.05
2024-08-22 11:55:52,SOLUSDT,ask,150,27998.127
2024-08-22 11:56:07,SOLUSDT,ask,185,14895.256
2024-08-22 11:56:33,SOLUSDT,bid,135,15133.218
2024-08-22 11:56:55,SOLUSDT,ask,163,19020.709
2024-08-22 11:57:10,SOLUSDT,bid,125,16526.42
2024-08-22 11:57:26,SOLUSDT,ask,152,20240.751
2024-08-22 11:57:40,SOLUSDT,ask,150,28001.475
2024-08-22 11:57:46,SOLUSDT,ask,150,28001.417
2024-08-22 11:57:48,SOLUSDT,bid,110,25518.566
2024-08-22 11:58:15,SOLUSDT,ask,147,13784.464
2024-08-22 11:58:47,SOLUSDT,bid,90,11491.673
2024-08-22 11:58:51,SOLUSDT,bid,135,14777.71
2024-08-22 11:59:00,SOLUSDT,ask,148,22177.48
2024-08-22 11:59:17,SOLUSDT,ask,145,8625.005
2024-08-22 11:59:18,SOLUSDT,ask,148,22182.493
2024-08-22 11:59:20,SOLUSDT,ask,170,12311.272
2024-08-22 12:00:38,SOLUSDT,ask,145,8626.002
2024-08-22 12:00:38,SOLUSDT,bid,135,14778.456
2024-08-22 12:00:55,SOLUSDT,ask,150,28001.277
2024-08-22 12:01:02,SOLUSDT,ask,145,8625.802
2024-08-22 12:01:07,SOLUSDT,ask,158,18834.691
2024-08-22 12:01:41,SOLUSDT,bid,80,26376.452
2024-08-22 12:01:42,SOLUSDT,ask,180,26853.437
2024-08-22 12:01:51,SOLUSDT,ask,145,8625.507
2024-08-22 12:01:52,SOLUSDT,ask,180,26855.435
2024-08-22 12:01:57,SOLUSDT,bid,110,25516.566
2024-08-22 12:02:03,SOLUSDT,ask,145,7922.453
2024-08-22 12:02:07,SOLUSDT,ask,160,27347.141
2024-08-22 12:02:10,SOLUSDT,ask,148,22176.409
2024-08-22 12:03:04,SOLUSDT,ask,145,7929.846
2024-08-22 12:03:14,SOLUSDT,ask,150,28000.641
2024-08-22 12:03:16,SOLUSDT,ask,155,13601.617
2024-08-22 12:03:19,SOLUSDT,ask,150,27999.642
2024-08-22 12:03:41,SOLUSDT,ask,149,15983.765
2024-08-22 12:03:44,SOLUSDT,ask,190,22470.64
2024-08-22 12:04:02,SOLUSDT,ask,145,7914.846
2024-08-22 12:05:18,SOLUSDT,bid,120,20664.652
2024-08-22 12:05:24,SOLUSDT,bid,115,19139.157
2024-08-22 12:05:26,SOLUSDT,bid,125,16516.02
2024-08-22 12:05:29,SOLUSDT,bid,90,11491.784
2024-08-22 12:05:47,SOLUSDT,ask,145,7911.726
2024-08-22 12:05:54,SOLUSDT,bid,130,14915.353
2024-08-22 12:06:24,SOLUSDT,ask,147,13781.467
2024-08-22 12:06:28,SOLUSDT,bid,130,14913.199
2024-08-22 12:06:39,SOLUSDT,bid,135,14777.716
2024-08-22 12:06:44,SOLUSDT,ask,148,22175.067
2024-08-22 12:06:45,SOLUSDT,ask,210,25666.175
2024-08-22 12:06:57,SOLUSDT,ask,210,25672.609
2024-08-22 12:07:01,SOLUSDT,ask,148,22172.07
2024-08-22 12:07:04,SOLUSDT,bid,125,16496.02
2024-08-22 12:07:30,SOLUSDT,ask,148,22175.067
2024-08-22 12:07:36,SOLUSDT,bid,135,14775.716
2024-08-22 12:07:48,SOLUSDT,bid,135,14776.316
2024-08-22 12:07:51,SOLUSDT,bid,135,14775.716
2024-08-22 12:08:17,SOLUSDT,ask,150,28016.776
2024-08-22 12:08:17,SOLUSDT,ask,160,27330.007
2024-08-22 12:08:21,SOLUSDT,ask,152,20235.137
2024-08-22 12:08:52,SOLUSDT,ask,145,7916.726
2024-08-22 12:08:52,SOLUSDT,ask,145,7911.726
2024-08-22 12:08:53,SOLUSDT,ask,145,7916.726
2024-08-22 12:08:56,SOLUSDT,ask,145,7911.726
2024-08-22 12:09:08,SOLUSDT,bid,135,14790.556
2024-08-22 12:10:19,SOLUSDT,ask,148,22175.011
2024-08-22 12:10:35,SOLUSDT,bid,130,14920.891
2024-08-22 12:10:43,SOLUSDT,ask,149,15983.056
2024-08-22 12:10:49,SOLUSDT,bid,120,20672.985
2024-08-22 12:10:54,SOLUSDT,bid,110,25515.566
2024-08-22 12:11:04,SOLUSDT,ask,147,13768.224
2024-08-22 12:11:18,SOLUSDT,bid,111,19549.126
2024-08-22 12:11:56,SOLUSDT,bid,111,19549.225
2024-08-22 12:12:09,SOLUSDT,bid,130,14940.891
2024-08-22 12:12:25,SOLUSDT,bid,120,20671.841
2024-08-22 12:13:08,SOLUSDT,bid,111,19549.126
2024-08-22 12:13:10,SOLUSDT,bid,111,19549.027
2024-08-22 12:13:22,SOLUSDT,ask,150,28016.741
2024-08-22 12:13:26,SOLUSDT,bid,135,14791.156
2024-08-22 12:13:29,SOLUSDT,bid,135,14790.556
2024-08-22 12:13:32,SOLUSDT,ask,145,7925.555
2024-08-22 12:13:35,SOLUSDT,ask,147,13768.259
2024-08-22 12:13:48,SOLUSDT,ask,185,14893.448
2024-08-22 12:13:56,SOLUSDT,ask,147,13763.498
2024-08-22 12:14:10,SOLUSDT,ask,150,28018.835
2024-08-22 12:14:18,SOLUSDT,ask,147,13766.367
2024-08-22 12:14:23,SOLUSDT,ask,148,22178.161
2024-08-22 12:14:30,SOLUSDT,bid,111,19511.209
2024-08-22 12:14:31,SOLUSDT,ask,150,28016.835
2024-08-22 12:15:01,SOLUSDT,ask,145,7938.798
2024-08-22 12:15:04,SOLUSDT,bid,130,14930.869
2024-08-22 12:15:09,SOLUSDT,bid,130,14897.789
2024-08-22 12:15:20,SOLUSDT,ask,147,13765.382
2024-08-22 12:15:26,SOLUSDT,bid,135,14791.296
2024-08-22 12:15:52,SOLUSDT,ask,155,13600.633
2024-08-22 12:16:02,SOLUSDT,ask,250,18515.431
2024-08-22 12:16:02,SOLUSDT,ask,148,22178.371
2024-08-22 12:16:39,SOLUSDT,ask,145,7938.304
2024-08-22 12:17:11,SOLUSDT,bid,135,14792.036
2024-08-22 12:17:57,SOLUSDT,ask,147,13784.614
2024-08-22 12:17:57,SOLUSDT,ask,150,28006.545
2024-08-22 12:18:06,SOLUSDT,bid,135,14794.53
2024-08-22 12:18:42,SOLUSDT,ask,148,22166.88
2024-08-22 12:19:29,SOLUSDT,ask,152,20234.997
2024-08-22 12:19:31,SOLUSDT,bid,135,14795.13
2024-08-22 12:19:34,SOLUSDT,bid,135,14794.53
2024-08-22 12:19:49,SOLUSDT,ask,145,7938.348
2024-08-22 12:19:49,SOLUSDT,bid,135,14803.106
2024-08-22 12:20:01,SOLUSDT,ask,152,20231.497
2024-08-22 12:20:19,SOLUSDT,bid,120,20672.562
2024-08-22 12:20:21,SOLUSDT,bid,125,16360.474
2024-08-22 12:20:33,SOLUSDT,ask,148,22297.486
2024-08-22 12:20:37,SOLUSDT,bid,130,14898.943
2024-08-22 12:20:39,SOLUSDT,bid,130,14898.631
2024-08-22 12:20:49,SOLUSDT,ask,148,22297.628
2024-08-22 12:20:55,SOLUSDT,ask,148,22167.022
2024-08-22 12:21:06,SOLUSDT,ask,152,20362.103
2024-08-22 12:21:07,SOLUSDT,bid,135,14803.485
2024-08-22 12:21:16,SOLUSDT,ask,160,27331.506
2024-08-22 12:21:25,SOLUSDT,bid,135,14803.106
2024-08-22 12:21:28,SOLUSDT,ask,145,7938.304
2024-08-22 12:21:33,SOLUSDT,ask,145,7941.748
2024-08-22 12:21:40,SOLUSDT,ask,145,7941.048
2024-08-22 12:22:12,SOLUSDT,ask,148,22163.22
2024-08-22 12:22:27,SOLUSDT,bid,135,14803.706
2024-08-22 12:22:31,SOLUSDT,bid,135,14803.106
2024-08-22 12:22:49,SOLUSDT,ask,148,22167.022
2024-08-22 12:23:01,SOLUSDT,ask,250,18505.621
2024-08-22 12:23:12,SOLUSDT,bid,111,19510.845
2024-08-22 12:23:39,SOLUSDT,bid,110,25515.405
2024-08-22 12:23:43,SOLUSDT,bid,115,19139.33
2024-08-22 12:23:49,SOLUSDT,ask,145,7934.277
2024-08-22 12:24:03,SOLUSDT,ask,188,11187.114
2024-08-22 12:24:15,SOLUSDT,bid,135,14803.706
2024-08-22 12:24:19,SOLUSDT,bid,135,14803.106
2024-08-22 12:24:20,SOLUSDT,bid,100,28073.48
2024-08-22 12:24:20,SOLUSDT,ask,158,18835.423
2024-08-22 12:24:22,SOLUSDT,bid,135,14804.606
2024-08-22 12:24:32,SOLUSDT,ask,165,17079.108
2024-08-22 12:25:07,SOLUSDT,ask,160,27330.678
2024-08-22 12:26:14,SOLUSDT,ask,145,7934.559
2024-08-22 12:26:50,SOLUSDT,ask,150,28006.309
2024-08-22 12:27:00,SOLUSDT,ask,150,28006.459
2024-08-22 12:27:22,SOLUSDT,ask,188,11187.432
2024-08-22 12:27:46,SOLUSDT,bid,80,26376.77
2024-08-22 12:28:16,SOLUSDT,ask,155,13600.71
2024-08-22 12:28:16,SOLUSDT,ask,160,27330.601
2024-08-22 12:28:19,SOLUSDT,ask,155,13600.67
2024-08-22 12:28:22,SOLUSDT,bid,135,14804.681
2024-08-22 12:28:23,SOLUSDT,bid,135,14804.915
2024-08-22 12:28:27,SOLUSDT,ask,148,22178.513
2024-08-22 12:28:58,SOLUSDT,ask,152,20361.525
2024-08-22 12:29:08,SOLUSDT,ask,148,22178.379
2024-08-22 12:29:11,SOLUSDT,bid,111,19510.922
2024-08-22 12:29:23,SOLUSDT,ask,148,22181.376
2024-08-22 12:29:34,SOLUSDT,ask,148,22181.598
2024-08-22 12:29:46,SOLUSDT,bid,111,19510.845
2024-08-22 12:29:48,SOLUSDT,ask,150,28006.674
2024-08-22 12:29:51,SOLUSDT,ask,148,22181.893
2024-08-22 12:29:55,SOLUSDT,ask,154,18141.725
2024-08-22 12:30:07,SOLUSDT,ask,150,28006.277
2024-08-22 12:30:08,SOLUSDT,ask,147,13778.316
2024-08-22 12:30:23,SOLUSDT,bid,120,20672.978
2024-08-22 12:30:30,SOLUSDT,bid,120,20672.562
2024-08-22 12:30:37,SOLUSDT,bid,120,20672.978
2024-08-22 12:30:52,SOLUSDT,ask,145,7934.063
2024-08-22 12:30:55,SOLUSDT,bid,115,19140.199
2024-08-22 12:31:01,SOLUSDT,ask,149,16047.038
2024-08-22 12:31:01,SOLUSDT,ask,150,27942.295
2024-08-22 12:31:05,SOLUSDT,bid,110,25517.223
2024-08-22 12:31:19,SOLUSDT,ask,145,7967.502
2024-08-22 12:31:20,SOLUSDT,ask,148,22170.402
2024-08-22 12:31:34,SOLUSDT,bid,100,28073.99
2024-08-22 12:31:40,SOLUSDT,ask,145,7914.049
2024-08-22 12:31:46,SOLUSDT,ask,145,7915.048
2024-08-22 12:31:54,SOLUSDT,bid,100,28078.316
2024-08-22 12:32:12,SOLUSDT,ask,210,25669.692
2024-08-22 12:32:13,SOLUSDT,ask,150,27942.695
2024-08-22 12:32:20,SOLUSDT,ask,160,27330.651
2024-08-22 12:32:24,SOLUSDT,ask,210,25672.88
2024-08-22 12:32:55,SOLUSDT,bid,135,14804.175
2024-08-22 12:34:30,SOLUSDT,ask,155,13604.59
2024-08-22 12:34:40,SOLUSDT,bid,110,25408.127
2024-08-22 12:34:42,SOLUSDT,ask,200,45088.926
2024-08-22 12:34:43,SOLUSDT,ask,193,7273.465
2024-08-22 12:34:43,SOLUSDT,bid,110,25408.081
2024-08-22 12:34:54,SOLUSDT,ask,160,27330.7
2024-08-22 12:34:56,SOLUSDT,ask,148,22170.834
2024-08-22 12:35:06,SOLUSDT,bid,135,14805.711
2024-08-22 12:35:11,SOLUSDT,ask,148,22170.402
2024-08-22 12:35:25,SOLUSDT,ask,145,7916.452
2024-08-22 12:35:34,SOLUSDT,ask,150,27942.731
2024-08-22 12:35:45,SOLUSDT,ask,170,12311.369
2024-08-22 12:35:46,SOLUSDT,ask,158,18835.52
2024-08-22 12:35:47,SOLUSDT,ask,150,27942.963
2024-08-22 12:35:47,SOLUSDT,ask,152,20361.622
2024-08-22 12:35:53,SOLUSDT,ask,151,20842.124
2024-08-22 12:35:55,SOLUSDT,bid,110,25408.178
2024-08-22 12:36:05,SOLUSDT,ask,155,13611.3
2024-08-22 12:36:09,SOLUSDT,ask,158,18836.681
2024-08-22 12:36:22,SOLUSDT,bid,90,11482.896
2024-08-22 12:37:03,SOLUSDT,ask,165,17078.708
2024-08-22 12:37:32,SOLUSDT,ask,149,16046.717
2024-08-22 12:37:43,SOLUSDT,ask,180,26854.755
2024-08-22 12:37:47,SOLUSDT,ask,180,26853.755
2024-08-22 12:37:57,SOLUSDT,ask,152,20361.372
2024-08-22 12:37:59,SOLUSDT,ask,155,13609.3
2024-08-22 12:38:01,SOLUSDT,ask,190,22465.443
2024-08-22 12:38:36,SOLUSDT,bid,135,14805.673
2024-08-22 12:38:36,SOLUSDT,ask,175,7872.894
2024-08-22 12:38:45,SOLUSDT,ask,160,27331.38
2024-08-22 12:39:30,SOLUSDT,ask,155,13608.655
2024-08-22 12:41:01,SOLUSDT,ask,165,17076.694
2024-08-22 12:41:18,SOLUSDT,bid,100,28067.897
2024-08-22 12:41:32,SOLUSDT,bid,130,14902.639
2024-08-22 12:41:40,SOLUSDT,bid,120,20664.296
2024-08-22 12:41:47,SOLUSDT,bid,120,20668.637
2024-08-22 12:41:51,SOLUSDT,ask,145,7915.452
2024-08-22 12:41:51,SOLUSDT,bid,110,25412.914
2024-08-22 12:41:54,SOLUSDT,ask,150,27542.501
2024-08-22 12:41:54,SOLUSDT,ask,155,14009.117
2024-08-22 12:42:02,SOLUSDT,ask,147,13777.316
2024-08-22 12:42:03,SOLUSDT,ask,145,7915.527
2024-08-22 12:42:15,SOLUSDT,ask,147,13777.39
2024-08-22 12:42:21,SOLUSDT,ask,148,22170.476
2024-08-22 12:42:29,SOLUSDT,ask,149,16045.748
2024-08-22 12:42:29,SOLUSDT,ask,155,14010.086
2024-08-22 12:42:29,SOLUSDT,ask,149,16045.821
2024-08-22 12:42:37,SOLUSDT,ask,150,27542.583
2024-08-22 12:42:58,SOLUSDT,ask,152,20361.502
2024-08-22 12:43:29,SOLUSDT,ask,148,22175.506
2024-08-22 12:44:39,SOLUSDT,bid,110,25412.46
2024-08-22 12:44:48,SOLUSDT,bid,139,7251.341
2024-08-22 12:45:06,SOLUSDT,ask,175,7870.896
2024-08-22 12:45:06,SOLUSDT,bid,139,7258.911
2024-08-22 12:45:22,SOLUSDT,ask,145,7928.99
2024-08-22 12:45:22,SOLUSDT,ask,147,13763.927
2024-08-22 12:45:33,SOLUSDT,ask,145,7945.649
2024-08-22 12:45:44,SOLUSDT,bid,139,7253.911
2024-08-22 12:46:39,SOLUSDT,bid,139,7256.788
2024-08-22 12:46:55,SOLUSDT,ask,147,13762.177
2024-08-22 12:47:06,SOLUSDT,bid,125,16363.832
2024-08-22 12:47:19,SOLUSDT,bid,139,7260.22
2024-08-22 12:47:58,SOLUSDT,bid,139,7256.788
2024-08-22 12:48:04,SOLUSDT,ask,150,27542.655
2024-08-22 12:48:43,SOLUSDT,ask,150,27548.354
2024-08-22 12:49:06,SOLUSDT,ask,145,7952.694
2024-08-22 12:49:20,SOLUSDT,ask,175,7870.305
2024-08-22 12:49:26,SOLUSDT,ask,155,14009.695
2024-08-22 12:49:28,SOLUSDT,ask,160,27331.53
2024-08-22 12:49:29,SOLUSDT,bid,139,7260.291
2024-08-22 12:49:35,SOLUSDT,ask,155,14009.795
2024-08-22 12:49:46,SOLUSDT,ask,150,27548.854
2024-08-22 12:49:49,SOLUSDT,bid,130,14903.751
2024-08-22 12:50:20,SOLUSDT,bid,135,14769.959
2024-08-22 12:50:21,SOLUSDT,ask,145,7952.851
2024-08-22 12:50:23,SOLUSDT,ask,200,45088.423
2024-08-22 12:50:28,SOLUSDT,bid,135,14770.699
2024-08-22 12:50:44,SOLUSDT,bid,139,7261.341
2024-08-22 12:51:21,SOLUSDT,ask,145,7957.851
2024-08-22 12:51:22,SOLUSDT,ask,155,14041.61
2024-08-22 12:51:26,SOLUSDT,ask,145,7952.851
2024-08-22 12:51:37,SOLUSDT,ask,150,27548.772
2024-08-22 12:51:51,SOLUSDT,ask,155,14043.61
2024-08-22 12:51:51,SOLUSDT,ask,160,27319.03
2024-08-22 12:51:52,SOLUSDT,ask,155,14030.707
2024-08-22 12:51:54,SOLUSDT,ask,160,27319.533
2024-08-22 12:52:17,SOLUSDT,ask,160,27319.146
2024-08-22 12:52:33,SOLUSDT,ask,149,16043.821
2024-08-22 12:52:33,SOLUSDT,ask,151,20840.124
2024-08-22 12:52:33,SOLUSDT,ask,155,14028.707
2024-08-22 12:52:43,SOLUSDT,bid,130,14903.79
2024-08-22 12:52:47,SOLUSDT,ask,170,11975.352
2024-08-22 12:53:16,SOLUSDT,bid,110,25407.724
2024-08-22 12:53:17,SOLUSDT,bid,120,20664.296
2024-08-22 12:53:18,SOLUSDT,bid,130,14899.782
2024-08-22 12:53:28,SOLUSDT,bid,130,14899.625
2024-08-22 12:53:33,SOLUSDT,ask,180,27189.772
2024-08-22 12:53:34,SOLUSDT,bid,110,25314.852
2024-08-22 12:53:48,SOLUSDT,bid,131,9465.984
2024-08-22 12:53:50,SOLUSDT,bid,139,7257.838
2024-08-22 12:53:50,SOLUSDT,ask,180,27189.703
2024-08-22 12:53:53,SOLUSDT,ask,149,16043.772
2024-08-22 12:53:57,SOLUSDT,ask,190,22464.124
2024-08-22 12:53:57,SOLUSDT,bid,120,20749.43
2024-08-22 12:54:01,SOLUSDT,bid,139,7261.368
2024-08-22 12:54:15,SOLUSDT,ask,175,7869.796
2024-08-22 12:54:21,SOLUSDT,ask,147,13761.48
2024-08-22 12:54:31,SOLUSDT,bid,139,7260.085
2024-08-22 12:54:32,SOLUSDT,ask,158,18836.639
2024-08-22 12:54:37,SOLUSDT,ask,148,22169.374
2024-08-22 12:54:38,SOLUSDT,bid,120,20758.107
2024-08-22 12:54:39,SOLUSDT,ask,175,7870.305
2024-08-22 12:54:49,SOLUSDT,bid,100,28073.104
2024-08-22 12:54:53,SOLUSDT,bid,110,25319.585
2024-08-22 12:54:57,SOLUSDT,ask,170,11975.421
2024-08-22 12:54:59,SOLUSDT,bid,120,20749.43
2024-08-22 12:55:05,SOLUSDT,bid,120,20753.768
2024-08-22 12:55:08,SOLUSDT,bid,130,14903.63
2024-08-22 12:55:10,SOLUSDT,bid,139,7260.948
2024-08-22 12:55:13,SOLUSDT,ask,150,27549.074
2024-08-22 12:55:19,SOLUSDT,bid,130,14903.932
2024-08-22 12:55:45,SOLUSDT,bid,139,7251.948
