2024-08-20 07:00:00,SOLUSDT,bid,125,13471.513
2024-08-20 07:00:04,SOLUSDT,bid,120,22868.766
2024-08-20 07:00:08,SOLUSDT,ask,155,11394.742
2024-08-20 07:00:27,SOLUSDT,ask,151,24617.887
2024-08-20 07:00:35,SOLUSDT,bid,115,20888.419
2024-08-20 07:00:40,SOLUSDT,ask,151,24618.702
2024-08-20 07:00:55,SOLUSDT,bid,115,20888.419
2024-08-20 07:01:15,SOLUSDT,bid,115,20888.419
2024-08-20 07:01:58,SOLUSDT,bid,135,15430.661
2024-08-20 07:01:58,SOLUSDT,bid,131,9719.971
2024-08-20 07:01:58,SOLUSDT,bid,130,15851.67
2024-08-20 07:01:58,SOLUSDT,bid,125,13471.337
2024-08-20 07:01:58,SOLUSDT,bid,120,22868.582
2024-08-20 07:01:58,SOLUSDT,bid,115,20888.227
2024-08-20 07:01:58,SOLUSDT,bid,110,29579.617
2024-08-20 07:01:58,SOLUSDT,ask,147,8825.898
2024-08-20 07:01:58,SOLUSDT,ask,148,10002.935
2024-08-20 07:01:58,SOLUSDT,ask,150,29805.354
2024-08-20 07:01:58,SOLUSDT,bid,111,14298.338
2024-08-20 07:02:00,SOLUSDT,ask,147,8818.787
2024-08-20 07:02:19,SOLUSDT,bid,125,13473.337
2024-08-20 07:02:20,SOLUSDT,ask,148,10012.935
2024-08-20 07:02:37,SOLUSDT,bid,115,20888.227
2024-08-20 07:02:42,SOLUSDT,ask,144,9705.856
2024-08-20 07:02:42,SOLUSDT,ask,144,9706.252
2024-08-20 07:02:43,SOLUSDT,ask,144,9705.856
2024-08-20 07:02:44,SOLUSDT,ask,144,9827.164
2024-08-20 07:02:44,SOLUSDT,ask,144,9799.366
2024-08-20 07:02:44,SOLUSDT,ask,144,9799.537
2024-08-20 07:02:44,SOLUSDT,ask,144,9791.227
2024-08-20 07:02:44,SOLUSDT,ask,144,9939.849
2024-08-20 07:02:45,SOLUSDT,ask,144,9938.113
2024-08-20 07:02:45,SOLUSDT,ask,144,9754.835
2024-08-20 07:02:53,SOLUSDT,ask,148,10011.801
2024-08-20 07:02:57,SOLUSDT,bid,115,20888.227
2024-08-20 07:03:17,SOLUSDT,bid,115,20888.227
2024-08-20 07:03:19,SOLUSDT,ask,148,9995.313
2024-08-20 07:03:31,SOLUSDT,bid,111,14386.539
2024-08-20 07:03:38,SOLUSDT,bid,115,20883.88
2024-08-20 07:03:54,SOLUSDT,bid,135,15435.661
2024-08-20 07:04:43,SOLUSDT,bid,115,20883.88
2024-08-20 07:05:03,SOLUSDT,bid,115,20883.88
2024-08-20 07:05:04,SOLUSDT,bid,135,15436.72
2024-08-20 07:05:09,SOLUSDT,ask,148,9995.524
2024-08-20 07:05:09,SOLUSDT,ask,150,29805.562
2024-08-20 07:05:09,SOLUSDT,ask,147,8818.999
2024-08-20 07:05:11,SOLUSDT,bid,135,15436.951
2024-08-20 07:05:12,SOLUSDT,bid,131,9720.209
2024-08-20 07:05:12,SOLUSDT,bid,130,15851.91
2024-08-20 07:05:23,SOLUSDT,bid,115,20883.88
2024-08-20 07:05:24,SOLUSDT,bid,110,29578.454
2024-08-20 07:05:24,SOLUSDT,ask,160,26236.965
2024-08-20 07:05:24,SOLUSDT,ask,180,22405.459
2024-08-20 07:05:24,SOLUSDT,bid,130,15850.926
2024-08-20 07:05:24,SOLUSDT,bid,120,22867.516
2024-08-20 07:05:24,SOLUSDT,bid,100,34714.412
2024-08-20 07:05:24,SOLUSDT,ask,150,29804.709
2024-08-20 07:05:24,SOLUSDT,ask,170,13855.578
2024-08-20 07:06:08,SOLUSDT,bid,80,27302.075
2024-08-20 07:06:20,SOLUSDT,bid,111,14375.145
2024-08-20 07:06:38,SOLUSDT,bid,110,29577.545
2024-08-20 07:06:48,SOLUSDT,bid,115,20883.88
2024-08-20 07:06:50,SOLUSDT,bid,110,29579.817
2024-08-20 07:06:53,SOLUSDT,ask,200,43632.063
2024-08-20 07:06:55,SOLUSDT,ask,150,29803.212
2024-08-20 07:07:08,SOLUSDT,bid,115,20883.88
2024-08-20 07:07:08,SOLUSDT,ask,150,29811.915
2024-08-20 07:07:08,SOLUSDT,ask,150,29822.372
2024-08-20 07:07:09,SOLUSDT,ask,147,8826.954
2024-08-20 07:07:20,SOLUSDT,ask,160,26242.374
2024-08-20 07:07:21,SOLUSDT,ask,147,8820.632
2024-08-20 07:07:28,SOLUSDT,bid,115,20883.88
2024-08-20 07:08:00,SOLUSDT,ask,147,8825.423
2024-08-20 07:08:22,SOLUSDT,bid,135,15437.013
2024-08-20 07:08:24,SOLUSDT,bid,135,15433.013
2024-08-20 07:08:24,SOLUSDT,ask,170,13866.167
2024-08-20 07:09:30,SOLUSDT,ask,170,13869.892
2024-08-20 07:09:58,SOLUSDT,ask,500,6317.61
2024-08-20 07:10:06,SOLUSDT,ask,150,29793.21
2024-08-20 07:11:10,SOLUSDT,bid,135,15426.521
2024-08-20 07:11:27,SOLUSDT,bid,80,27303.325
2024-08-20 07:11:34,SOLUSDT,ask,170,13864.902
2024-08-20 07:11:54,SOLUSDT,ask,147,8781.753
2024-08-20 07:12:02,SOLUSDT,bid,110,29580.726
2024-08-20 07:12:05,SOLUSDT,ask,170,13853.333
2024-08-20 07:12:13,SOLUSDT,bid,125,13474.137
2024-08-20 07:12:18,SOLUSDT,ask,147,8782.397
2024-08-20 07:12:36,SOLUSDT,ask,201,10001.02
2024-08-20 07:12:53,SOLUSDT,ask,150,29790.422
2024-08-20 07:13:20,SOLUSDT,ask,147,8781.398
2024-08-20 07:13:31,SOLUSDT,ask,151,24632.511
2024-08-20 07:13:33,SOLUSDT,bid,125,13474.05
2024-08-20 07:13:39,SOLUSDT,ask,165,16839.727
2024-08-20 07:13:42,SOLUSDT,ask,150,29791.782
2024-08-20 07:14:10,SOLUSDT,ask,150,29797.182
2024-08-20 07:14:38,SOLUSDT,bid,120,22867.243
2024-08-20 07:14:39,SOLUSDT,ask,147,8904.665
2024-08-20 07:16:00,SOLUSDT,bid,120,22867.059
2024-08-20 07:16:24,SOLUSDT,ask,300,9429.734
2024-08-20 07:16:33,SOLUSDT,bid,110,29527.65
2024-08-20 07:16:34,SOLUSDT,ask,147,8905.664
2024-08-20 07:16:54,SOLUSDT,ask,160,26232.649
2024-08-20 07:16:56,SOLUSDT,bid,135,15425.521
2024-08-20 07:17:22,SOLUSDT,ask,160,26282.649
2024-08-20 07:17:22,SOLUSDT,ask,210,24797.635
2024-08-20 07:17:55,SOLUSDT,ask,147,8904.602
2024-08-20 07:18:01,SOLUSDT,ask,170,13903.333
2024-08-20 07:18:17,SOLUSDT,ask,160,26280.669
2024-08-20 07:18:41,SOLUSDT,ask,151,24633.571
2024-08-20 07:18:52,SOLUSDT,ask,148,9997.504
2024-08-20 07:19:54,SOLUSDT,ask,155,11408.742
2024-08-20 07:20:03,SOLUSDT,ask,147,8902.534
2024-08-20 07:20:06,SOLUSDT,ask,147,8891.134
2024-08-20 07:20:36,SOLUSDT,ask,147,8918.975
2024-08-20 07:20:37,SOLUSDT,ask,147,8917.976
2024-08-20 07:20:49,SOLUSDT,ask,148,9997.105
2024-08-20 07:20:52,SOLUSDT,ask,147,8918.976
2024-08-20 07:20:52,SOLUSDT,ask,150,29796.182
2024-08-20 07:21:23,SOLUSDT,bid,115,20883.98
2024-08-20 07:21:23,SOLUSDT,bid,115,20883.88
2024-08-20 07:21:28,SOLUSDT,bid,90,16748.553
2024-08-20 07:21:32,SOLUSDT,ask,147,8917.976
2024-08-20 07:21:43,SOLUSDT,bid,115,20883.98
2024-08-20 07:21:43,SOLUSDT,bid,115,20883.88
2024-08-20 07:21:50,SOLUSDT,ask,193,7318.197
2024-08-20 07:22:03,SOLUSDT,bid,115,20883.98
2024-08-20 07:22:03,SOLUSDT,bid,115,20883.88
2024-08-20 07:22:19,SOLUSDT,ask,148,9967.105
2024-08-20 07:22:31,SOLUSDT,ask,193,7264.595
2024-08-20 07:23:05,SOLUSDT,ask,160,26262.334
2024-08-20 07:23:15,SOLUSDT,ask,148,9968.239
2024-08-20 07:23:21,SOLUSDT,ask,160,26265.501
2024-08-20 07:23:26,SOLUSDT,bid,131,9715.8
2024-08-20 07:23:27,SOLUSDT,bid,115,20883.88
2024-08-20 07:23:31,SOLUSDT,ask,147,8916.616
2024-08-20 07:23:35,SOLUSDT,ask,160,26274.836
2024-08-20 07:23:41,SOLUSDT,ask,165,16838.727
2024-08-20 07:23:47,SOLUSDT,bid,115,20883.88
2024-08-20 07:23:47,SOLUSDT,ask,150,29803.563
2024-08-20 07:23:48,SOLUSDT,bid,135,15425.459
2024-08-20 07:23:52,SOLUSDT,bid,125,13464.839
2024-08-20 07:23:53,SOLUSDT,ask,148,9966.388
2024-08-20 07:23:57,SOLUSDT,bid,120,22827.059
2024-08-20 07:24:07,SOLUSDT,bid,115,20883.88
2024-08-20 07:24:20,SOLUSDT,ask,147,8923.616
2024-08-20 07:24:21,SOLUSDT,ask,160,26275.336
2024-08-20 07:24:36,SOLUSDT,ask,148,9968.288
2024-08-20 07:24:37,SOLUSDT,bid,125,13424.839
2024-08-20 07:24:57,SOLUSDT,ask,190,23446.358
2024-08-20 07:25:14,SOLUSDT,bid,125,13420.109
2024-08-20 07:25:19,SOLUSDT,ask,150,29797.518
2024-08-20 07:25:22,SOLUSDT,bid,135,15421.311
2024-08-20 07:25:29,SOLUSDT,ask,147,8893.616
2024-08-20 07:25:39,SOLUSDT,ask,147,8898.827
2024-08-20 07:25:40,SOLUSDT,ask,147,8894.589
2024-08-20 07:25:47,SOLUSDT,ask,148,9968.335
2024-08-20 07:25:48,SOLUSDT,ask,147,8899.589
2024-08-20 07:25:50,SOLUSDT,ask,147,8898.548
2024-08-20 07:25:52,SOLUSDT,ask,148,9964.239
2024-08-20 07:25:52,SOLUSDT,ask,150,29794.185
2024-08-20 07:26:00,SOLUSDT,ask,150,29793.389
2024-08-20 07:26:01,SOLUSDT,bid,120,22826.918
2024-08-20 07:26:04,SOLUSDT,ask,147,8898.6
2024-08-20 07:26:04,SOLUSDT,ask,147,9207.804
2024-08-20 07:26:06,SOLUSDT,ask,147,9202.804
2024-08-20 07:26:14,SOLUSDT,ask,147,9202.264
2024-08-20 07:26:17,SOLUSDT,ask,147,9197.264
2024-08-20 07:26:17,SOLUSDT,ask,147,9201.502
2024-08-20 07:26:19,SOLUSDT,ask,147,9176.285
2024-08-20 07:26:19,SOLUSDT,ask,147,9171.074
2024-08-20 07:26:20,SOLUSDT,ask,152,28208.029
2024-08-20 07:26:28,SOLUSDT,ask,147,9171.574
2024-08-20 07:26:28,SOLUSDT,ask,148,9964.2
2024-08-20 07:26:30,SOLUSDT,ask,148,9964.153
2024-08-20 07:26:31,SOLUSDT,ask,147,9170.465
2024-08-20 07:26:33,SOLUSDT,ask,148,9964.199
2024-08-20 07:26:39,SOLUSDT,ask,147,8884.678
2024-08-20 07:26:40,SOLUSDT,bid,130,15851.057
2024-08-20 07:26:43,SOLUSDT,ask,147,8886.678
2024-08-20 07:26:44,SOLUSDT,ask,147,8888.678
2024-08-20 07:26:46,SOLUSDT,ask,147,9186.989
2024-08-20 07:26:52,SOLUSDT,ask,147,9188.361
2024-08-20 07:26:52,SOLUSDT,ask,150,29809.993
2024-08-20 07:26:53,SOLUSDT,ask,148,9984.129
2024-08-20 07:26:55,SOLUSDT,ask,148,9968.239
2024-08-20 07:26:57,SOLUSDT,ask,147,9185.956
2024-08-20 07:27:02,SOLUSDT,ask,147,8887.645
2024-08-20 07:27:03,SOLUSDT,ask,147,8903.535
2024-08-20 07:27:03,SOLUSDT,ask,200,43631.245
2024-08-20 07:27:07,SOLUSDT,ask,147,8904.535
2024-08-20 07:27:08,SOLUSDT,ask,160,26276.336
2024-08-20 07:27:12,SOLUSDT,ask,147,9194.771
2024-08-20 07:27:20,SOLUSDT,ask,160,26266.03
2024-08-20 07:27:28,SOLUSDT,ask,147,9225.754
2024-08-20 07:27:35,SOLUSDT,ask,147,9223.754
2024-08-20 07:27:35,SOLUSDT,ask,148,9970.239
2024-08-20 07:27:35,SOLUSDT,ask,147,9100.487
2024-08-20 07:27:41,SOLUSDT,ask,147,9155.83
2024-08-20 07:27:43,SOLUSDT,bid,130,15851.169
2024-08-20 07:27:44,SOLUSDT,ask,150,29810.493
2024-08-20 07:27:52,SOLUSDT,ask,147,9100.487
2024-08-20 07:27:58,SOLUSDT,ask,147,9130.067
2024-08-20 07:27:58,SOLUSDT,ask,160,26266.345
2024-08-20 07:28:00,SOLUSDT,ask,161,15793.403
2024-08-20 07:28:02,SOLUSDT,ask,170,13902.977
2024-08-20 07:28:16,SOLUSDT,bid,130,15841.531
2024-08-20 07:28:17,SOLUSDT,ask,148,9971.237
2024-08-20 07:28:20,SOLUSDT,ask,151,24563.942
2024-08-20 07:28:22,SOLUSDT,ask,147,9149.997
2024-08-20 07:28:22,SOLUSDT,ask,148,9951.307
2024-08-20 07:28:28,SOLUSDT,ask,150,29813.865
2024-08-20 07:28:30,SOLUSDT,ask,150,29817.418
2024-08-20 07:28:31,SOLUSDT,ask,148,9949.907
2024-08-20 07:28:36,SOLUSDT,ask,160,26265.345
2024-08-20 07:28:42,SOLUSDT,ask,148,9948.007
2024-08-20 07:28:42,SOLUSDT,ask,147,9142.413
2024-08-20 07:28:51,SOLUSDT,ask,147,9159.126
2024-08-20 07:28:51,SOLUSDT,ask,148,10038.572
2024-08-20 07:28:52,SOLUSDT,ask,155,11409.742
2024-08-20 07:28:52,SOLUSDT,ask,148,10038.526
2024-08-20 07:28:53,SOLUSDT,ask,195,12100.426
2024-08-20 07:28:57,SOLUSDT,ask,165,16838.417
2024-08-20 07:29:01,SOLUSDT,ask,170,13903.333
2024-08-20 07:29:02,SOLUSDT,ask,147,9139.196
2024-08-20 07:29:02,SOLUSDT,ask,148,10058.456
2024-08-20 07:29:02,SOLUSDT,ask,147,9134.196
2024-08-20 07:29:14,SOLUSDT,ask,147,9132.836
2024-08-20 07:29:17,SOLUSDT,ask,147,9133.149
2024-08-20 07:29:19,SOLUSDT,ask,148,10116.129
2024-08-20 07:29:21,SOLUSDT,ask,150,29817.322
2024-08-20 07:29:24,SOLUSDT,ask,147,9130.376
2024-08-20 07:29:30,SOLUSDT,ask,147,9266.555
2024-08-20 07:29:32,SOLUSDT,ask,160,26265.03
2024-08-20 07:29:32,SOLUSDT,ask,147,9266.555
2024-08-20 07:29:35,SOLUSDT,ask,147,9320.596
2024-08-20 07:29:37,SOLUSDT,bid,130,15815.531
2024-08-20 07:29:37,SOLUSDT,ask,147,8907.596
2024-08-20 07:29:39,SOLUSDT,ask,147,8910.055
2024-08-20 07:29:39,SOLUSDT,ask,148,10025.564
2024-08-20 07:29:42,SOLUSDT,ask,147,8910.055
2024-08-20 07:29:42,SOLUSDT,ask,148,12159.849
2024-08-20 07:29:43,SOLUSDT,bid,130,15815.095
2024-08-20 07:29:45,SOLUSDT,ask,150,29817.189
2024-08-20 07:29:46,SOLUSDT,ask,147,8907.596
2024-08-20 07:29:48,SOLUSDT,ask,147,8876.613
2024-08-20 07:29:48,SOLUSDT,ask,147,8875.917
2024-08-20 07:29:48,SOLUSDT,ask,148,10025.564
2024-08-20 07:29:53,SOLUSDT,ask,147,8877.983
2024-08-20 07:29:53,SOLUSDT,ask,147,8873.745
2024-08-20 07:29:54,SOLUSDT,ask,148,9967.891
2024-08-20 07:29:57,SOLUSDT,bid,111,14307.398
2024-08-20 07:30:03,SOLUSDT,ask,147,8927.741
2024-08-20 07:30:03,SOLUSDT,ask,147,8981.731
2024-08-20 07:30:03,SOLUSDT,ask,147,8976.731
2024-08-20 07:30:05,SOLUSDT,ask,147,8922.741
2024-08-20 07:30:05,SOLUSDT,ask,300,9428.195
2024-08-20 07:30:05,SOLUSDT,ask,150,29819.189
2024-08-20 07:30:08,SOLUSDT,ask,147,8868.745
2024-08-20 07:30:08,SOLUSDT,ask,147,8922.733
2024-08-20 07:30:08,SOLUSDT,ask,147,8868.745
2024-08-20 07:30:08,SOLUSDT,bid,125,13419.98
2024-08-20 07:30:10,SOLUSDT,ask,147,8350.696
2024-08-20 07:30:11,SOLUSDT,ask,158,18907.499
2024-08-20 07:30:19,SOLUSDT,ask,148,10058.72
2024-08-20 07:30:22,SOLUSDT,ask,147,8352.696
2024-08-20 07:30:24,SOLUSDT,ask,147,8351.72
2024-08-20 07:30:25,SOLUSDT,ask,154,17966.567
2024-08-20 07:30:26,SOLUSDT,ask,148,10059.726
2024-08-20 07:30:27,SOLUSDT,ask,147,8063.236
2024-08-20 07:30:27,SOLUSDT,ask,150,29818.068
2024-08-20 07:30:29,SOLUSDT,bid,135,15420.874
2024-08-20 07:30:30,SOLUSDT,ask,148,10069.726
2024-08-20 07:30:30,SOLUSDT,ask,147,8046.453
2024-08-20 07:30:32,SOLUSDT,ask,147,7970.157
2024-08-20 07:30:32,SOLUSDT,bid,135,15420.183
2024-08-20 07:30:35,SOLUSDT,ask,147,7971.278
2024-08-20 07:30:36,SOLUSDT,ask,147,7835.099
2024-08-20 07:30:39,SOLUSDT,ask,147,7834.392
2024-08-20 07:30:42,SOLUSDT,ask,152,28210.725
2024-08-20 07:30:45,SOLUSDT,ask,147,7835.099
2024-08-20 07:30:55,SOLUSDT,ask,190,23445.359
2024-08-20 07:30:57,SOLUSDT,ask,147,7833.56
2024-08-20 07:30:58,SOLUSDT,ask,147,7834.536
2024-08-20 07:30:59,SOLUSDT,ask,147,7831.536
2024-08-20 07:31:00,SOLUSDT,ask,170,13902.977
2024-08-20 07:31:00,SOLUSDT,bid,100,34714.362
2024-08-20 07:31:00,SOLUSDT,ask,158,18907.449
2024-08-20 07:31:00,SOLUSDT,ask,245,9179.976
2024-08-20 07:31:02,SOLUSDT,ask,148,10067.746
2024-08-20 07:31:02,SOLUSDT,ask,152,28197.14
2024-08-20 07:31:03,SOLUSDT,ask,148,10061.096
2024-08-20 07:31:03,SOLUSDT,ask,147,8061.215
2024-08-20 07:31:04,SOLUSDT,ask,147,8060.508
2024-08-20 07:31:08,SOLUSDT,ask,147,7830.829
2024-08-20 07:31:08,SOLUSDT,ask,147,7831.536
2024-08-20 07:31:09,SOLUSDT,ask,147,7832.536
2024-08-20 07:31:12,SOLUSDT,ask,147,7839.566
2024-08-20 07:31:12,SOLUSDT,ask,148,10054.066
2024-08-20 07:31:13,SOLUSDT,ask,147,7839.06
2024-08-20 07:31:18,SOLUSDT,ask,147,7893.047
2024-08-20 07:31:18,SOLUSDT,ask,148,9963.237
2024-08-20 07:31:19,SOLUSDT,bid,135,15419.072
2024-08-20 07:31:19,SOLUSDT,ask,147,7839.06
2024-08-20 07:31:20,SOLUSDT,ask,150,29819.067
2024-08-20 07:31:21,SOLUSDT,ask,155,11413.92
2024-08-20 07:31:25,SOLUSDT,ask,147,7845.725
2024-08-20 07:31:28,SOLUSDT,ask,147,7846.732
2024-08-20 07:31:29,SOLUSDT,ask,148,9977.037
2024-08-20 07:31:33,SOLUSDT,ask,147,7900.718
2024-08-20 07:31:33,SOLUSDT,ask,147,7922.794
2024-08-20 07:31:33,SOLUSDT,ask,148,9976.031
2024-08-20 07:31:33,SOLUSDT,ask,147,7951.206
2024-08-20 07:31:35,SOLUSDT,ask,147,7925.636
2024-08-20 07:31:36,SOLUSDT,bid,100,34704.026
2024-08-20 07:31:36,SOLUSDT,ask,147,7897.22
2024-08-20 07:31:37,SOLUSDT,ask,147,7868.808
2024-08-20 07:31:38,SOLUSDT,ask,147,7897.228
2024-08-20 07:31:39,SOLUSDT,bid,120,22826.502
2024-08-20 07:31:39,SOLUSDT,ask,163,16827.419
2024-08-20 07:31:40,SOLUSDT,ask,147,7888.841
2024-08-20 07:31:40,SOLUSDT,ask,147,7942.825
2024-08-20 07:31:41,SOLUSDT,ask,147,7914.405
2024-08-20 07:31:41,SOLUSDT,ask,147,7914.405
2024-08-20 07:31:41,SOLUSDT,ask,147,7860.421
2024-08-20 07:31:41,SOLUSDT,ask,147,7888.839
2024-08-20 07:31:41,SOLUSDT,ask,147,7860.421
2024-08-20 07:31:42,SOLUSDT,ask,147,7914.412
2024-08-20 07:31:43,SOLUSDT,ask,147,7860.421
2024-08-20 07:31:44,SOLUSDT,ask,152,28098.456
2024-08-20 07:31:50,SOLUSDT,ask,150,29824.067
2024-08-20 07:31:52,SOLUSDT,ask,148,9966.031
2024-08-20 07:31:53,SOLUSDT,ask,147,7914.411
2024-08-20 07:31:53,SOLUSDT,ask,150,29821.917
2024-08-20 07:31:55,SOLUSDT,ask,147,7860.421
2024-08-20 07:31:57,SOLUSDT,ask,147,8949.285
2024-08-20 07:31:59,SOLUSDT,ask,147,8765.982
2024-08-20 07:31:59,SOLUSDT,ask,148,9968.031
2024-08-20 07:31:59,SOLUSDT,ask,147,8758.952
2024-08-20 07:31:59,SOLUSDT,ask,148,9975.061
2024-08-20 07:32:01,SOLUSDT,ask,147,8784.952
2024-08-20 07:32:01,SOLUSDT,ask,195,12102.711
2024-08-20 07:32:02,SOLUSDT,ask,147,8838.934
2024-08-20 07:32:02,SOLUSDT,ask,147,7469.279
2024-08-20 07:32:02,SOLUSDT,ask,147,7533.263
2024-08-20 07:32:02,SOLUSDT,ask,147,7533.325
2024-08-20 07:32:02,SOLUSDT,ask,147,7688.186
2024-08-20 07:32:03,SOLUSDT,ask,147,7565.316
2024-08-20 07:32:03,SOLUSDT,ask,147,7529.876
2024-08-20 07:32:04,SOLUSDT,ask,147,7465.828
2024-08-20 07:32:04,SOLUSDT,ask,147,7465.993
2024-08-20 07:32:05,SOLUSDT,ask,147,7960.346
2024-08-20 07:32:05,SOLUSDT,ask,147,7465.993
2024-08-20 07:32:07,SOLUSDT,ask,147,7479.625
2024-08-20 07:32:08,SOLUSDT,ask,163,16829.569
2024-08-20 07:32:10,SOLUSDT,ask,148,9965.727
2024-08-20 07:32:11,SOLUSDT,ask,147,7542.173
2024-08-20 07:32:11,SOLUSDT,ask,147,7545.712
2024-08-20 07:32:11,SOLUSDT,ask,147,8034.611
2024-08-20 07:32:11,SOLUSDT,ask,195,12100.426
2024-08-20 07:32:11,SOLUSDT,ask,147,7545.712
2024-08-20 07:32:13,SOLUSDT,ask,147,7510.272
2024-08-20 07:32:13,SOLUSDT,ask,147,7509.272
2024-08-20 07:32:13,SOLUSDT,ask,147,7543.361
2024-08-20 07:32:13,SOLUSDT,ask,152,28098.208
2024-08-20 07:32:14,SOLUSDT,ask,147,7569.17
2024-08-20 07:32:14,SOLUSDT,ask,147,7543.361
2024-08-20 07:32:15,SOLUSDT,ask,150,29811.917
2024-08-20 07:32:18,SOLUSDT,ask,147,7543.361
2024-08-20 07:32:19,SOLUSDT,ask,148,9945.797
2024-08-20 07:32:19,SOLUSDT,ask,147,7542.323
2024-08-20 07:32:21,SOLUSDT,ask,147,7508.234
2024-08-20 07:32:22,SOLUSDT,ask,147,7511.644
2024-08-20 07:32:22,SOLUSDT,ask,147,7784.345
2024-08-20 07:32:24,SOLUSDT,ask,147,7782.38
2024-08-20 07:32:25,SOLUSDT,ask,147,7750.391
2024-08-20 07:32:25,SOLUSDT,ask,147,7764.131
2024-08-20 07:32:25,SOLUSDT,bid,110,29507.65
2024-08-20 07:32:27,SOLUSDT,ask,150,29811.861
2024-08-20 07:32:27,SOLUSDT,bid,125,13418.98
2024-08-20 07:32:30,SOLUSDT,ask,150,29826.861
2024-08-20 07:32:30,SOLUSDT,ask,147,7796.11
2024-08-20 07:32:31,SOLUSDT,ask,148,9937.51
2024-08-20 07:32:32,SOLUSDT,ask,147,7769.002
2024-08-20 07:32:32,SOLUSDT,ask,195,12102.711
2024-08-20 07:32:33,SOLUSDT,ask,147,7737.023
2024-08-20 07:32:34,SOLUSDT,ask,147,7730.313
2024-08-20 07:32:34,SOLUSDT,ask,148,9930.48
2024-08-20 07:32:34,SOLUSDT,ask,147,7739.505
2024-08-20 07:32:36,SOLUSDT,ask,148,9930.565
2024-08-20 07:32:36,SOLUSDT,ask,147,7771.494
2024-08-20 07:32:37,SOLUSDT,ask,147,7736.837
2024-08-20 07:32:37,SOLUSDT,ask,148,9932.308
2024-08-20 07:32:37,SOLUSDT,ask,147,7727.645
2024-08-20 07:32:38,SOLUSDT,ask,147,7695.656
2024-08-20 07:32:40,SOLUSDT,ask,180,22404.228
2024-08-20 07:32:40,SOLUSDT,ask,147,7694.949
2024-08-20 07:32:41,SOLUSDT,ask,148,9918.508
2024-08-20 07:32:41,SOLUSDT,ask,147,7695.949
2024-08-20 07:32:41,SOLUSDT,ask,147,7675.238
2024-08-20 07:32:42,SOLUSDT,ask,148,9928.508
2024-08-20 07:32:43,SOLUSDT,ask,147,7842.559
2024-08-20 07:32:44,SOLUSDT,ask,147,7620.42
2024-08-20 07:32:44,SOLUSDT,ask,147,7647.528
2024-08-20 07:32:45,SOLUSDT,ask,147,7647.535
2024-08-20 07:32:45,SOLUSDT,ask,147,7648.242
2024-08-20 07:32:47,SOLUSDT,ask,147,7652.242
2024-08-20 07:32:47,SOLUSDT,ask,147,7653.242
2024-08-20 07:32:47,SOLUSDT,ask,155,11412.92
2024-08-20 07:32:48,SOLUSDT,bid,135,15417.759
2024-08-20 07:32:48,SOLUSDT,ask,147,7643.953
2024-08-20 07:32:50,SOLUSDT,ask,152,28097.177
2024-08-20 07:32:51,SOLUSDT,ask,147,7675.928
2024-08-20 07:32:52,SOLUSDT,ask,150,29818.158
2024-08-20 07:32:52,SOLUSDT,ask,147,7965.616
2024-08-20 07:32:52,SOLUSDT,ask,147,7962.208
2024-08-20 07:32:53,SOLUSDT,ask,147,7935.1
2024-08-20 07:32:53,SOLUSDT,ask,147,7939.464
2024-08-20 07:32:53,SOLUSDT,ask,147,7935.1
2024-08-20 07:32:53,SOLUSDT,ask,147,7939.463
2024-08-20 07:32:54,SOLUSDT,ask,147,7907.488
2024-08-20 07:32:54,SOLUSDT,ask,148,9926.508
2024-08-20 07:32:55,SOLUSDT,ask,147,7961.463
2024-08-20 07:32:55,SOLUSDT,ask,148,9871.392
2024-08-20 07:32:56,SOLUSDT,ask,150,29819.158
2024-08-20 07:32:57,SOLUSDT,ask,147,7957.463
2024-08-20 07:32:57,SOLUSDT,ask,195,12100.426
2024-08-20 07:32:57,SOLUSDT,ask,147,7943.831
2024-08-20 07:32:57,SOLUSDT,ask,170,13912.311
2024-08-20 07:32:58,SOLUSDT,ask,148,9870.311
2024-08-20 07:32:59,SOLUSDT,ask,148,9836.098
2024-08-20 07:32:59,SOLUSDT,ask,151,24531.07
2024-08-20 07:33:00,SOLUSDT,ask,147,7951.326
2024-08-20 07:33:03,SOLUSDT,ask,147,7983.311
2024-08-20 07:33:03,SOLUSDT,ask,147,7983.311
2024-08-20 07:33:03,SOLUSDT,ask,147,7946.326
2024-08-20 07:33:04,SOLUSDT,ask,147,7892.351
2024-08-20 07:33:04,SOLUSDT,ask,147,7924.334
2024-08-20 07:33:05,SOLUSDT,ask,150,29818.118
2024-08-20 07:33:06,SOLUSDT,ask,147,7605.364
2024-08-20 07:33:06,SOLUSDT,ask,147,7637.348
2024-08-20 07:33:06,SOLUSDT,ask,147,7605.364
2024-08-20 07:33:06,SOLUSDT,ask,147,7605.477
2024-08-20 07:33:07,SOLUSDT,ask,147,7659.336
2024-08-20 07:33:07,SOLUSDT,ask,147,7693.793
2024-08-20 07:33:07,SOLUSDT,ask,147,7697.793
2024-08-20 07:33:07,SOLUSDT,ask,147,7696.793
2024-08-20 07:33:09,SOLUSDT,ask,147,7697.12
2024-08-20 07:33:11,SOLUSDT,ask,147,7725.544
2024-08-20 07:33:12,SOLUSDT,ask,147,7691.087
2024-08-20 07:33:12,SOLUSDT,ask,147,7950.112
2024-08-20 07:33:13,SOLUSDT,ask,147,7943.082
2024-08-20 07:33:13,SOLUSDT,ask,148,9843.128
2024-08-20 07:33:14,SOLUSDT,ask,150,29814.778
2024-08-20 07:33:14,SOLUSDT,ask,147,7938.719
2024-08-20 07:33:14,SOLUSDT,ask,147,7934.719
2024-08-20 07:33:14,SOLUSDT,ask,147,7966.704
2024-08-20 07:33:15,SOLUSDT,ask,147,7934.719
2024-08-20 07:33:15,SOLUSDT,ask,147,7971.615
2024-08-20 07:33:15,SOLUSDT,ask,147,8003.602
2024-08-20 07:33:16,SOLUSDT,ask,147,8003.603
2024-08-20 07:33:16,SOLUSDT,ask,147,8003.603
2024-08-20 07:33:17,SOLUSDT,ask,155,11422.611
2024-08-20 07:33:18,SOLUSDT,bid,111,14127.218
2024-08-20 07:33:18,SOLUSDT,ask,150,29816.832
2024-08-20 07:33:21,SOLUSDT,ask,147,7971.615
2024-08-20 07:33:21,SOLUSDT,ask,147,7943.191
2024-08-20 07:33:21,SOLUSDT,ask,147,7779.679
2024-08-20 07:33:22,SOLUSDT,ask,147,7867.191
2024-08-20 07:33:22,SOLUSDT,ask,147,7821.104
2024-08-20 07:33:22,SOLUSDT,ask,147,7875.068
2024-08-20 07:33:22,SOLUSDT,ask,147,7816.299
2024-08-20 07:33:22,SOLUSDT,ask,147,8250.445
2024-08-20 07:33:22,SOLUSDT,ask,147,8252.147
2024-08-20 07:33:22,SOLUSDT,ask,148,9835.821
2024-08-20 07:33:22,SOLUSDT,ask,147,8306.107
2024-08-20 07:33:23,SOLUSDT,ask,147,8370.061
2024-08-20 07:33:23,SOLUSDT,ask,147,8398.53
2024-08-20 07:33:23,SOLUSDT,ask,147,8395.126
2024-08-20 07:33:23,SOLUSDT,ask,148,9890.937
2024-08-20 07:33:23,SOLUSDT,ask,147,7964.384
2024-08-20 07:33:24,SOLUSDT,ask,147,8453.053
2024-08-20 07:33:24,SOLUSDT,ask,147,8485.034
2024-08-20 07:33:25,SOLUSDT,ask,147,8486.076
2024-08-20 07:33:25,SOLUSDT,ask,147,8425.626
2024-08-20 07:33:25,SOLUSDT,ask,147,8365.145
2024-08-20 07:33:26,SOLUSDT,ask,147,8311.185
2024-08-20 07:33:27,SOLUSDT,ask,147,8307.712
2024-08-20 07:33:27,SOLUSDT,ask,160,26255.03
2024-08-20 07:33:28,SOLUSDT,ask,147,8339.698
2024-08-20 07:33:28,SOLUSDT,ask,147,8307.712
2024-08-20 07:33:29,SOLUSDT,ask,147,8339.697
2024-08-20 07:33:29,SOLUSDT,ask,147,8349.386
2024-08-20 07:33:30,SOLUSDT,ask,147,8341.289
2024-08-20 07:33:30,SOLUSDT,ask,147,8388.894
2024-08-20 07:33:31,SOLUSDT,ask,147,8341.289
2024-08-20 07:33:31,SOLUSDT,ask,147,7852.62
2024-08-20 07:33:31,SOLUSDT,ask,147,8290.604
2024-08-20 07:33:31,SOLUSDT,ask,150,29816.96
2024-08-20 07:33:31,SOLUSDT,ask,147,7852.62
2024-08-20 07:33:32,SOLUSDT,ask,147,8344.584
2024-08-20 07:33:32,SOLUSDT,ask,147,8398.566
2024-08-20 07:33:34,SOLUSDT,ask,147,8367.226
2024-08-20 07:33:34,SOLUSDT,ask,151,24536.498
2024-08-20 07:33:34,SOLUSDT,ask,147,8421.193
2024-08-20 07:33:34,SOLUSDT,ask,147,7983.207
2024-08-20 07:33:35,SOLUSDT,ask,147,8037.175
2024-08-20 07:33:35,SOLUSDT,ask,147,7923.965
2024-08-20 07:33:36,SOLUSDT,ask,148,9390.937
2024-08-20 07:33:37,SOLUSDT,ask,152,28095.759
2024-08-20 07:33:38,SOLUSDT,ask,147,7960.645
2024-08-20 07:33:38,SOLUSDT,ask,147,7959.603
2024-08-20 07:33:38,SOLUSDT,ask,147,8232.665
2024-08-20 07:33:39,SOLUSDT,ask,147,8230.963
2024-08-20 07:33:39,SOLUSDT,ask,152,28096.759
2024-08-20 07:33:40,SOLUSDT,ask,147,8223.468
2024-08-20 07:33:41,SOLUSDT,ask,147,8223.985
2024-08-20 07:33:41,SOLUSDT,ask,147,8255.966
2024-08-20 07:33:41,SOLUSDT,ask,147,8223.985
2024-08-20 07:33:42,SOLUSDT,ask,147,8255.966
2024-08-20 07:33:42,SOLUSDT,ask,147,8233.984
2024-08-20 07:33:43,SOLUSDT,ask,147,7924.242
2024-08-20 07:33:43,SOLUSDT,ask,147,7870.274
2024-08-20 07:33:45,SOLUSDT,ask,147,7816.307
2024-08-20 07:33:45,SOLUSDT,ask,147,7839.951
2024-08-20 07:33:45,SOLUSDT,ask,148,9392.937
2024-08-20 07:33:45,SOLUSDT,ask,147,8290.423
2024-08-20 07:33:45,SOLUSDT,ask,147,8344.4
2024-08-20 07:33:45,SOLUSDT,ask,147,8320.685
2024-08-20 07:33:45,SOLUSDT,ask,147,8021.952
2024-08-20 07:33:45,SOLUSDT,ask,147,7870.284
2024-08-20 07:33:46,SOLUSDT,ask,147,8292.506
2024-08-20 07:33:46,SOLUSDT,ask,147,8318.506
2024-08-20 07:33:46,SOLUSDT,ask,147,8292.506
2024-08-20 07:33:46,SOLUSDT,ask,147,7877.101
2024-08-20 07:33:47,SOLUSDT,ask,147,7870.284
2024-08-20 07:33:49,SOLUSDT,ask,148,9396.344
2024-08-20 07:33:49,SOLUSDT,ask,147,7906.799
2024-08-20 07:33:51,SOLUSDT,ask,147,8197.811
2024-08-20 07:33:51,SOLUSDT,ask,147,8161.296
2024-08-20 07:33:51,SOLUSDT,ask,147,8165.659
2024-08-20 07:33:52,SOLUSDT,ask,147,8166.509
2024-08-20 07:33:53,SOLUSDT,ask,147,8066.509
2024-08-20 07:33:53,SOLUSDT,ask,155,11422.448
2024-08-20 07:33:55,SOLUSDT,ask,148,9156.344
2024-08-20 07:33:55,SOLUSDT,ask,147,8066.509
2024-08-20 07:33:55,SOLUSDT,ask,147,8068.509
2024-08-20 07:33:58,SOLUSDT,ask,160,26255.2
2024-08-20 07:33:58,SOLUSDT,ask,195,12102.711
2024-08-20 07:33:59,SOLUSDT,ask,148,9157.194
2024-08-20 07:33:59,SOLUSDT,ask,150,29812.96
2024-08-20 07:33:59,SOLUSDT,ask,147,8063.718
2024-08-20 07:34:00,SOLUSDT,ask,160,26256.018
2024-08-20 07:34:00,SOLUSDT,ask,148,9102.078
2024-08-20 07:34:00,SOLUSDT,ask,195,12100.426
2024-08-20 07:34:00,SOLUSDT,ask,147,7955.758
2024-08-20 07:34:00,SOLUSDT,ask,147,7901.781
2024-08-20 07:34:00,SOLUSDT,ask,148,9101.993
2024-08-20 07:34:01,SOLUSDT,ask,147,7897.418
2024-08-20 07:34:03,SOLUSDT,ask,147,7897.253
2024-08-20 07:34:03,SOLUSDT,ask,170,13902.977
2024-08-20 07:34:03,SOLUSDT,ask,147,7865.268
2024-08-20 07:34:03,SOLUSDT,ask,150,29812.924
2024-08-20 07:34:04,SOLUSDT,ask,147,7864.292
2024-08-20 07:34:05,SOLUSDT,ask,151,24531.07
2024-08-20 07:34:06,SOLUSDT,ask,147,7844.202
2024-08-20 07:34:09,SOLUSDT,ask,160,26255.732
2024-08-20 07:34:10,SOLUSDT,ask,148,9104.035
2024-08-20 07:34:11,SOLUSDT,ask,155,11419.508
2024-08-20 07:34:11,SOLUSDT,ask,147,7848.365
2024-08-20 07:34:11,SOLUSDT,ask,147,7676.881
2024-08-20 07:34:11,SOLUSDT,ask,147,7684.376
2024-08-20 07:34:14,SOLUSDT,ask,147,7679.11
2024-08-20 07:34:15,SOLUSDT,ask,152,28095.759
2024-08-20 07:34:21,SOLUSDT,ask,200,43640.579
2024-08-20 07:34:22,SOLUSDT,ask,147,7420.085
2024-08-20 07:34:27,SOLUSDT,ask,147,7421.085
2024-08-20 07:34:27,SOLUSDT,ask,152,28099.386
2024-08-20 07:34:28,SOLUSDT,ask,155,11439.314
2024-08-20 07:34:28,SOLUSDT,ask,154,17956.154
2024-08-20 07:34:29,SOLUSDT,ask,160,26255.895
2024-08-20 07:34:30,SOLUSDT,ask,148,9103.994
2024-08-20 07:34:30,SOLUSDT,ask,147,7475.069
2024-08-20 07:34:30,SOLUSDT,ask,148,9102.995
2024-08-20 07:34:31,SOLUSDT,ask,148,9118.514
2024-08-20 07:34:31,SOLUSDT,ask,150,29797.405
2024-08-20 07:34:31,SOLUSDT,ask,147,7421.085
2024-08-20 07:34:31,SOLUSDT,ask,147,7475.074
2024-08-20 07:34:32,SOLUSDT,ask,147,7421.085
2024-08-20 07:34:32,SOLUSDT,ask,147,7491.914
2024-08-20 07:34:33,SOLUSDT,ask,160,26257.125
2024-08-20 07:34:34,SOLUSDT,ask,147,7180.587
2024-08-20 07:34:35,SOLUSDT,ask,147,7555.063
2024-08-20 07:34:36,SOLUSDT,ask,147,7541.423
2024-08-20 07:34:36,SOLUSDT,ask,147,7166.947
2024-08-20 07:34:36,SOLUSDT,ask,147,7166.947
2024-08-20 07:34:37,SOLUSDT,ask,147,7220.943
2024-08-20 07:34:37,SOLUSDT,ask,147,7166.965
2024-08-20 07:34:40,SOLUSDT,ask,148,9301.817
2024-08-20 07:34:41,SOLUSDT,bid,120,22826.102
2024-08-20 07:34:41,SOLUSDT,ask,148,8846.817
2024-08-20 07:34:44,SOLUSDT,ask,147,7220.944
2024-08-20 07:34:44,SOLUSDT,ask,200,43635.168
2024-08-20 07:34:45,SOLUSDT,ask,160,26257.75
2024-08-20 07:34:45,SOLUSDT,ask,147,7282.604
2024-08-20 07:34:45,SOLUSDT,ask,147,7174.641
2024-08-20 07:34:46,SOLUSDT,ask,150,29847.356
2024-08-20 07:34:46,SOLUSDT,ask,147,7174.807
2024-08-20 07:34:46,SOLUSDT,ask,147,7120.81
2024-08-20 07:34:47,SOLUSDT,ask,190,23443.125
2024-08-20 07:34:48,SOLUSDT,ask,147,7174.789
2024-08-20 07:34:48,SOLUSDT,ask,147,7175.768
2024-08-20 07:34:49,SOLUSDT,bid,125,13138.98
2024-08-20 07:34:50,SOLUSDT,ask,152,28099.785
2024-08-20 07:34:51,SOLUSDT,ask,147,7152.351
2024-08-20 07:34:53,SOLUSDT,ask,147,7153.359
2024-08-20 07:34:54,SOLUSDT,ask,147,7154.07
2024-08-20 07:34:58,SOLUSDT,ask,147,7174.0
2024-08-20 07:35:00,SOLUSDT,ask,147,7176.066
2024-08-20 07:35:01,SOLUSDT,ask,147,7168.391
2024-08-20 07:35:01,SOLUSDT,ask,147,7162.579
2024-08-20 07:35:02,SOLUSDT,ask,147,7170.254
2024-08-20 07:35:03,SOLUSDT,ask,147,7168.188
2024-08-20 07:35:03,SOLUSDT,ask,147,7165.637
2024-08-20 07:35:04,SOLUSDT,ask,147,7201.989
2024-08-20 07:35:07,SOLUSDT,ask,147,7232.972
2024-08-20 07:35:08,SOLUSDT,ask,170,13903.565
2024-08-20 07:35:11,SOLUSDT,ask,147,7233.021
2024-08-20 07:35:12,SOLUSDT,ask,147,7233.087
2024-08-20 07:35:12,SOLUSDT,ask,147,7231.087
2024-08-20 07:35:12,SOLUSDT,ask,147,7234.841
2024-08-20 07:35:14,SOLUSDT,ask,147,7263.904
2024-08-20 07:35:14,SOLUSDT,ask,152,28100.316
2024-08-20 07:35:14,SOLUSDT,ask,147,7234.841
2024-08-20 07:35:14,SOLUSDT,ask,170,13899.516
2024-08-20 07:35:16,SOLUSDT,ask,147,7266.83
2024-08-20 07:35:16,SOLUSDT,ask,147,7238.952
2024-08-20 07:35:17,SOLUSDT,ask,147,7173.187
2024-08-20 07:35:17,SOLUSDT,ask,147,6936.152
2024-08-20 07:35:17,SOLUSDT,ask,147,6896.589
2024-08-20 07:35:17,SOLUSDT,ask,147,6896.523
2024-08-20 07:35:18,SOLUSDT,ask,155,11437.129
2024-08-20 07:35:18,SOLUSDT,ask,150,29849.357
2024-08-20 07:35:19,SOLUSDT,ask,147,6893.42
2024-08-20 07:35:20,SOLUSDT,ask,150,29848.44
2024-08-20 07:35:21,SOLUSDT,ask,147,6893.92
2024-08-20 07:35:25,SOLUSDT,ask,147,6923.031
2024-08-20 07:35:25,SOLUSDT,ask,147,6893.92
2024-08-20 07:35:25,SOLUSDT,ask,147,6893.92
2024-08-20 07:35:25,SOLUSDT,ask,147,6894.005
2024-08-20 07:35:26,SOLUSDT,ask,147,6962.551
2024-08-20 07:35:27,SOLUSDT,ask,150,29848.582
2024-08-20 07:35:27,SOLUSDT,ask,165,16842.466
2024-08-20 07:35:28,SOLUSDT,ask,147,6937.678
2024-08-20 07:35:28,SOLUSDT,ask,147,6991.658
2024-08-20 07:35:28,SOLUSDT,ask,147,7476.711
2024-08-20 07:35:29,SOLUSDT,ask,147,7476.0
2024-08-20 07:35:29,SOLUSDT,ask,147,7446.896
2024-08-20 07:35:29,SOLUSDT,ask,147,7441.061
2024-08-20 07:35:29,SOLUSDT,ask,147,7470.157
2024-08-20 07:35:30,SOLUSDT,ask,147,7441.061
2024-08-20 07:35:30,SOLUSDT,ask,147,7470.165
2024-08-20 07:35:32,SOLUSDT,ask,147,7534.135
2024-08-20 07:35:33,SOLUSDT,ask,148,8836.817
2024-08-20 07:35:33,SOLUSDT,ask,147,7418.268
2024-08-20 07:35:33,SOLUSDT,ask,147,7418.405
2024-08-20 07:35:34,SOLUSDT,ask,147,7017.238
2024-08-20 07:35:36,SOLUSDT,ask,147,6988.134
2024-08-20 07:35:36,SOLUSDT,ask,147,6988.139
2024-08-20 07:35:36,SOLUSDT,ask,147,6956.22
2024-08-20 07:35:36,SOLUSDT,ask,147,7632.501
2024-08-20 07:35:37,SOLUSDT,ask,147,7578.517
2024-08-20 07:35:37,SOLUSDT,ask,147,7610.507
2024-08-20 07:35:37,SOLUSDT,ask,147,7621.075
2024-08-20 07:35:38,SOLUSDT,ask,147,7640.463
2024-08-20 07:35:38,SOLUSDT,ask,147,7345.775
2024-08-20 07:35:39,SOLUSDT,ask,147,7374.935
2024-08-20 07:35:40,SOLUSDT,ask,147,7374.864
2024-08-20 07:35:41,SOLUSDT,ask,148,8846.807
2024-08-20 07:35:41,SOLUSDT,ask,152,28097.219
2024-08-20 07:35:41,SOLUSDT,ask,147,7375.235
2024-08-20 07:35:42,SOLUSDT,ask,147,7502.302
2024-08-20 07:35:42,SOLUSDT,ask,190,23443.651
2024-08-20 07:35:42,SOLUSDT,ask,147,7414.81
2024-08-20 07:35:43,SOLUSDT,ask,147,7414.881
2024-08-20 07:35:44,SOLUSDT,ask,147,7347.062
2024-08-20 07:35:44,SOLUSDT,ask,147,7377.804
2024-08-20 07:35:44,SOLUSDT,ask,147,7408.208
2024-08-20 07:35:44,SOLUSDT,ask,147,7344.23
2024-08-20 07:35:45,SOLUSDT,ask,147,7362.678
2024-08-20 07:35:45,SOLUSDT,ask,152,28105.321
2024-08-20 07:35:45,SOLUSDT,ask,147,7394.67
2024-08-20 07:35:45,SOLUSDT,ask,147,7394.667
2024-08-20 07:35:46,SOLUSDT,ask,147,7385.51
2024-08-20 07:35:46,SOLUSDT,ask,147,7384.531
2024-08-20 07:35:46,SOLUSDT,ask,152,28097.219
2024-08-20 07:35:47,SOLUSDT,ask,147,7411.741
2024-08-20 07:35:48,SOLUSDT,ask,147,7364.137
2024-08-20 07:35:48,SOLUSDT,ask,190,23445.651
2024-08-20 07:35:50,SOLUSDT,ask,148,8845.706
2024-08-20 07:35:50,SOLUSDT,ask,147,7339.484
2024-08-20 07:35:50,SOLUSDT,ask,156,21151.633
2024-08-20 07:35:51,SOLUSDT,ask,147,7339.555
2024-08-20 07:35:51,SOLUSDT,bid,120,22826.411
2024-08-20 07:35:52,SOLUSDT,ask,147,7377.759
2024-08-20 07:35:53,SOLUSDT,ask,147,7425.362
2024-08-20 07:35:54,SOLUSDT,ask,147,7429.362
2024-08-20 07:35:54,SOLUSDT,ask,147,7425.362
2024-08-20 07:35:56,SOLUSDT,ask,152,28105.321
2024-08-20 07:35:58,SOLUSDT,ask,147,7426.463
2024-08-20 07:35:59,SOLUSDT,ask,190,23441.703
2024-08-20 07:36:00,SOLUSDT,ask,147,7378.86
2024-08-20 07:36:00,SOLUSDT,ask,152,28095.979
2024-08-20 07:36:00,SOLUSDT,ask,147,7388.057
2024-08-20 07:36:01,SOLUSDT,ask,147,7392.057
2024-08-20 07:36:01,SOLUSDT,ask,147,7388.057
2024-08-20 07:36:01,SOLUSDT,ask,147,7368.127
2024-08-20 07:36:02,SOLUSDT,ask,147,7302.397
2024-08-20 07:36:02,SOLUSDT,ask,150,29858.995
2024-08-20 07:36:02,SOLUSDT,ask,147,7306.397
2024-08-20 07:36:02,SOLUSDT,ask,147,7270.408
2024-08-20 07:36:02,SOLUSDT,ask,147,7318.011
2024-08-20 07:36:03,SOLUSDT,ask,147,7305.861
2024-08-20 07:36:03,SOLUSDT,ask,147,6923.053
2024-08-20 07:36:04,SOLUSDT,ask,147,6804.321
2024-08-20 07:36:07,SOLUSDT,ask,152,28087.877
2024-08-20 07:36:08,SOLUSDT,bid,110,29487.65
2024-08-20 07:36:10,SOLUSDT,ask,147,7135.501
2024-08-20 07:36:10,SOLUSDT,ask,147,7135.449
2024-08-20 07:36:11,SOLUSDT,ask,147,7049.699
2024-08-20 07:36:12,SOLUSDT,ask,147,7097.681
2024-08-20 07:36:14,SOLUSDT,ask,147,7050.036
2024-08-20 07:36:15,SOLUSDT,ask,147,7104.82
2024-08-20 07:36:19,SOLUSDT,ask,147,7176.82
2024-08-20 07:36:19,SOLUSDT,ask,147,7139.924
2024-08-20 07:36:19,SOLUSDT,ask,147,6942.816
2024-08-20 07:36:19,SOLUSDT,ask,148,8845.86
2024-08-20 07:36:20,SOLUSDT,ask,147,6942.887
2024-08-20 07:36:20,SOLUSDT,ask,148,8842.453
2024-08-20 07:36:21,SOLUSDT,ask,148,8832.463
2024-08-20 07:36:23,SOLUSDT,ask,147,6942.838
2024-08-20 07:36:24,SOLUSDT,ask,147,6925.558
2024-08-20 07:36:24,SOLUSDT,ask,147,6992.643
2024-08-20 07:36:24,SOLUSDT,ask,147,6992.572
2024-08-20 07:36:27,SOLUSDT,ask,147,6991.735
2024-08-20 07:36:29,SOLUSDT,ask,152,28080.605
2024-08-20 07:36:30,SOLUSDT,ask,160,26258.106
2024-08-20 07:36:30,SOLUSDT,ask,163,16829.213
2024-08-20 07:36:31,SOLUSDT,ask,152,27879.529
2024-08-20 07:36:32,SOLUSDT,ask,147,6850.9
2024-08-20 07:36:32,SOLUSDT,ask,147,6827.39
2024-08-20 07:36:32,SOLUSDT,ask,147,6826.348
2024-08-20 07:36:33,SOLUSDT,ask,148,8842.453
2024-08-20 07:36:36,SOLUSDT,ask,147,6826.448
2024-08-20 07:36:37,SOLUSDT,ask,147,6823.941
2024-08-20 07:36:37,SOLUSDT,ask,147,6826.292
2024-08-20 07:36:37,SOLUSDT,ask,160,26258.049
2024-08-20 07:36:38,SOLUSDT,bid,135,15413.17
2024-08-20 07:36:38,SOLUSDT,ask,147,6825.612
2024-08-20 07:36:38,SOLUSDT,ask,148,8843.133
2024-08-20 07:36:38,SOLUSDT,ask,147,6824.762
2024-08-20 07:36:41,SOLUSDT,ask,147,7025.838
2024-08-20 07:36:42,SOLUSDT,ask,148,8840.161
2024-08-20 07:36:43,SOLUSDT,ask,147,7057.826
2024-08-20 07:36:43,SOLUSDT,ask,147,7057.827
2024-08-20 07:36:44,SOLUSDT,ask,148,8840.804
2024-08-20 07:36:44,SOLUSDT,ask,147,7025.838
2024-08-20 07:36:44,SOLUSDT,ask,150,29859.452
2024-08-20 07:36:44,SOLUSDT,ask,147,7024.796
2024-08-20 07:36:45,SOLUSDT,ask,148,8843.183
2024-08-20 07:36:45,SOLUSDT,ask,147,7024.796
2024-08-20 07:36:45,SOLUSDT,ask,147,7056.786
2024-08-20 07:36:46,SOLUSDT,ask,147,7085.869
2024-08-20 07:36:46,SOLUSDT,ask,147,7117.853
2024-08-20 07:36:47,SOLUSDT,ask,147,7085.869
2024-08-20 07:36:47,SOLUSDT,ask,147,7053.794
2024-08-20 07:36:47,SOLUSDT,ask,147,7024.711
2024-08-20 07:36:47,SOLUSDT,ask,147,7053.796
2024-08-20 07:36:48,SOLUSDT,ask,147,7085.787
2024-08-20 07:36:49,SOLUSDT,ask,147,7082.877
2024-08-20 07:36:49,SOLUSDT,ask,147,7082.877
2024-08-20 07:36:50,SOLUSDT,ask,147,7082.869
2024-08-20 07:36:50,SOLUSDT,ask,150,29868.918
2024-08-20 07:36:50,SOLUSDT,ask,148,8827.664
2024-08-20 07:36:50,SOLUSDT,ask,190,23437.586
2024-08-20 07:36:50,SOLUSDT,ask,147,7114.858
2024-08-20 07:36:50,SOLUSDT,ask,200,43635.668
2024-08-20 07:36:51,SOLUSDT,ask,147,7104.858
2024-08-20 07:36:51,SOLUSDT,bid,120,22826.102
2024-08-20 07:36:51,SOLUSDT,bid,96,12005.118
2024-08-20 07:36:51,SOLUSDT,ask,147,7105.905
2024-08-20 07:36:52,SOLUSDT,ask,147,7105.885
2024-08-20 07:36:52,SOLUSDT,ask,147,7076.816
2024-08-20 07:36:52,SOLUSDT,ask,147,7134.952
2024-08-20 07:36:53,SOLUSDT,ask,150,29867.919
2024-08-20 07:36:55,SOLUSDT,ask,147,7133.952
2024-08-20 07:36:56,SOLUSDT,ask,147,7153.882
2024-08-20 07:36:56,SOLUSDT,ask,300,9417.84
2024-08-20 07:36:57,SOLUSDT,ask,150,29866.947
2024-08-20 07:36:58,SOLUSDT,ask,147,7121.893
2024-08-20 07:36:58,SOLUSDT,ask,147,7034.688
2024-08-20 07:36:59,SOLUSDT,ask,147,7088.667
2024-08-20 07:36:59,SOLUSDT,ask,147,7142.648
2024-08-20 07:37:01,SOLUSDT,ask,147,7088.669
2024-08-20 07:37:01,SOLUSDT,ask,147,7034.688
2024-08-20 07:37:01,SOLUSDT,ask,147,7088.664
2024-08-20 07:37:02,SOLUSDT,ask,147,7117.783
2024-08-20 07:37:02,SOLUSDT,ask,147,7034.688
2024-08-20 07:37:02,SOLUSDT,ask,147,7092.918
2024-08-20 07:37:02,SOLUSDT,ask,147,7229.339
2024-08-20 07:37:02,SOLUSDT,ask,147,7233.589
2024-08-20 07:37:02,SOLUSDT,ask,147,7204.474
2024-08-20 07:37:02,SOLUSDT,ask,150,29864.465
2024-08-20 07:37:03,SOLUSDT,ask,147,7258.456
2024-08-20 07:37:03,SOLUSDT,ask,147,7267.755
2024-08-20 07:37:03,SOLUSDT,ask,147,7325.943
2024-08-20 07:37:03,SOLUSDT,ask,147,7267.711
2024-08-20 07:37:03,SOLUSDT,ask,155,11437.591
2024-08-20 07:37:05,SOLUSDT,ask,152,27887.631
2024-08-20 07:37:07,SOLUSDT,ask,147,6828.469
2024-08-20 07:37:07,SOLUSDT,ask,147,6829.511
2024-08-20 07:37:09,SOLUSDT,ask,160,26283.131
2024-08-20 07:37:09,SOLUSDT,ask,147,6892.375
2024-08-20 07:37:09,SOLUSDT,ask,147,6867.791
2024-08-20 07:37:09,SOLUSDT,ask,150,29874.403
2024-08-20 07:37:10,SOLUSDT,ask,147,7403.8
2024-08-20 07:37:10,SOLUSDT,ask,180,22424.665
2024-08-20 07:37:10,SOLUSDT,ask,147,7403.8
2024-08-20 07:37:11,SOLUSDT,ask,150,29874.46
2024-08-20 07:37:11,SOLUSDT,ask,158,18908.421
2024-08-20 07:37:12,SOLUSDT,ask,147,7403.765
2024-08-20 07:37:12,SOLUSDT,ask,151,24516.152
2024-08-20 07:37:13,SOLUSDT,ask,147,7402.32
2024-08-20 07:37:13,SOLUSDT,ask,147,7040.282
2024-08-20 07:37:13,SOLUSDT,ask,147,6866.24
2024-08-20 07:37:13,SOLUSDT,ask,147,6857.012
2024-08-20 07:37:14,SOLUSDT,ask,147,6861.262
2024-08-20 07:37:15,SOLUSDT,ask,150,29875.46
2024-08-20 07:37:16,SOLUSDT,ask,210,24798.111
2024-08-20 07:37:16,SOLUSDT,ask,147,6863.161
2024-08-20 07:37:16,SOLUSDT,ask,147,6863.232
2024-08-20 07:37:16,SOLUSDT,ask,147,6858.982
2024-08-20 07:37:18,SOLUSDT,ask,147,7034.674
2024-08-20 07:37:18,SOLUSDT,ask,147,7522.552
2024-08-20 07:37:18,SOLUSDT,ask,147,7554.539
2024-08-20 07:37:18,SOLUSDT,ask,152,27879.529
2024-08-20 07:37:18,SOLUSDT,ask,147,7522.552
2024-08-20 07:37:19,SOLUSDT,ask,147,7546.15
2024-08-20 07:37:21,SOLUSDT,ask,148,8825.285
2024-08-20 07:37:21,SOLUSDT,ask,152,27880.974
2024-08-20 07:37:21,SOLUSDT,bid,130,15814.811
2024-08-20 07:37:21,SOLUSDT,ask,147,7546.252
2024-08-20 07:37:22,SOLUSDT,ask,152,27889.076
2024-08-20 07:37:22,SOLUSDT,ask,147,7523.654
2024-08-20 07:37:22,SOLUSDT,ask,147,7587.628
2024-08-20 07:37:23,SOLUSDT,bid,135,15412.57
2024-08-20 07:37:23,SOLUSDT,ask,147,7411.936
2024-08-20 07:37:23,SOLUSDT,ask,165,16859.777
2024-08-20 07:37:23,SOLUSDT,ask,160,26283.547
2024-08-20 07:37:23,SOLUSDT,ask,147,7411.865
2024-08-20 07:37:25,SOLUSDT,ask,147,7412.084
2024-08-20 07:37:27,SOLUSDT,ask,170,13899.005
2024-08-20 07:37:28,SOLUSDT,ask,147,7286.168
2024-08-20 07:37:28,SOLUSDT,ask,152,27880.974
2024-08-20 07:37:29,SOLUSDT,ask,165,16870.175
2024-08-20 07:37:29,SOLUSDT,ask,150,29876.607
2024-08-20 07:37:30,SOLUSDT,ask,147,7293.269
2024-08-20 07:37:30,SOLUSDT,ask,148,8818.255
2024-08-20 07:37:30,SOLUSDT,ask,147,7293.198
2024-08-20 07:37:32,SOLUSDT,ask,148,8820.85
2024-08-20 07:37:33,SOLUSDT,ask,147,7297.198
2024-08-20 07:37:33,SOLUSDT,ask,147,6935.236
2024-08-20 07:37:35,SOLUSDT,ask,147,6935.307
2024-08-20 07:37:36,SOLUSDT,ask,147,6935.236
2024-08-20 07:37:37,SOLUSDT,ask,400,4716.187
2024-08-20 07:37:37,SOLUSDT,ask,148,8821.85
2024-08-20 07:37:38,SOLUSDT,ask,300,9427.84
2024-08-20 07:37:39,SOLUSDT,ask,150,29872.214
2024-08-20 07:37:40,SOLUSDT,ask,175,13016.325
2024-08-20 07:37:42,SOLUSDT,ask,147,6935.307
2024-08-20 07:37:42,SOLUSDT,ask,147,7486.619
2024-08-20 07:37:43,SOLUSDT,ask,147,7422.645
2024-08-20 07:37:43,SOLUSDT,ask,147,7418.645
2024-08-20 07:37:44,SOLUSDT,ask,150,29822.263
2024-08-20 07:37:45,SOLUSDT,ask,150,29826.375
2024-08-20 07:37:47,SOLUSDT,ask,147,6867.262
2024-08-20 07:37:47,SOLUSDT,ask,147,6901.719
2024-08-20 07:37:50,SOLUSDT,ask,147,7033.105
2024-08-20 07:37:52,SOLUSDT,ask,147,7025.889
2024-08-20 07:37:52,SOLUSDT,ask,210,24862.544
2024-08-20 07:37:52,SOLUSDT,ask,147,7150.523
2024-08-20 07:37:52,SOLUSDT,ask,147,7025.889
2024-08-20 07:37:53,SOLUSDT,ask,147,7023.681
2024-08-20 07:37:54,SOLUSDT,ask,190,23438.604
2024-08-20 07:37:56,SOLUSDT,ask,147,7027.092
2024-08-20 07:37:56,SOLUSDT,ask,147,7152.085
2024-08-20 07:37:57,SOLUSDT,ask,147,7518.759
2024-08-20 07:37:57,SOLUSDT,ask,198,5054.645
2024-08-20 07:37:58,SOLUSDT,ask,147,7516.759
2024-08-20 07:37:58,SOLUSDT,ask,160,26002.813
2024-08-20 07:37:59,SOLUSDT,ask,147,7150.085
2024-08-20 07:38:01,SOLUSDT,ask,147,7150.219
2024-08-20 07:38:02,SOLUSDT,ask,147,7025.226
2024-08-20 07:38:03,SOLUSDT,ask,147,7025.922
2024-08-20 07:38:03,SOLUSDT,ask,147,7036.031
2024-08-20 07:38:05,SOLUSDT,ask,180,22391.698
2024-08-20 07:38:06,SOLUSDT,bid,135,15411.57
2024-08-20 07:38:07,SOLUSDT,ask,147,7035.963
2024-08-20 07:38:09,SOLUSDT,ask,147,7001.506
2024-08-20 07:38:09,SOLUSDT,ask,147,7001.468
2024-08-20 07:38:10,SOLUSDT,ask,147,6991.359
2024-08-20 07:38:10,SOLUSDT,ask,147,6987.948
2024-08-20 07:38:11,SOLUSDT,ask,147,7272.196
2024-08-20 07:38:15,SOLUSDT,ask,147,7265.166
2024-08-20 07:38:16,SOLUSDT,ask,147,7269.262
2024-08-20 07:38:19,SOLUSDT,ask,147,7269.398
2024-08-20 07:38:19,SOLUSDT,ask,155,11438.241
2024-08-20 07:38:19,SOLUSDT,ask,147,7272.808
2024-08-20 07:38:20,SOLUSDT,ask,147,7273.612
2024-08-20 07:38:22,SOLUSDT,ask,147,7269.858
2024-08-20 07:38:23,SOLUSDT,ask,147,7301.843
2024-08-20 07:38:23,SOLUSDT,ask,147,7301.844
2024-08-20 07:38:23,SOLUSDT,ask,147,7301.845
2024-08-20 07:38:25,SOLUSDT,ask,147,7302.849
2024-08-20 07:38:26,SOLUSDT,ask,147,7331.41
2024-08-20 07:38:26,SOLUSDT,ask,147,7299.425
2024-08-20 07:38:26,SOLUSDT,ask,147,7331.412
2024-08-20 07:38:28,SOLUSDT,ask,147,7311.482
2024-08-20 07:38:29,SOLUSDT,ask,147,7306.702
2024-08-20 07:38:32,SOLUSDT,ask,148,8896.346
2024-08-20 07:38:33,SOLUSDT,ask,147,7278.139
2024-08-20 07:38:33,SOLUSDT,ask,158,18909.42
2024-08-20 07:38:36,SOLUSDT,ask,150,29823.815
2024-08-20 07:38:36,SOLUSDT,ask,148,8897.43
2024-08-20 07:38:36,SOLUSDT,ask,150,29844.962
2024-08-20 07:38:39,SOLUSDT,ask,147,7246.152
2024-08-20 07:38:39,SOLUSDT,ask,147,7214.166
2024-08-20 07:38:42,SOLUSDT,ask,147,7246.15
2024-08-20 07:38:42,SOLUSDT,ask,147,7246.154
2024-08-20 07:38:43,SOLUSDT,ask,147,7174.154
2024-08-20 07:38:43,SOLUSDT,ask,147,7172.255
2024-08-20 07:38:49,SOLUSDT,ask,147,7172.254
2024-08-20 07:38:50,SOLUSDT,ask,147,7204.242
2024-08-20 07:38:50,SOLUSDT,ask,147,7172.256
2024-08-20 07:38:53,SOLUSDT,ask,163,16828.192
2024-08-20 07:38:53,SOLUSDT,ask,147,7140.268
2024-08-20 07:38:53,SOLUSDT,ask,147,7064.088
2024-08-20 07:38:54,SOLUSDT,ask,147,7067.562
2024-08-20 07:38:56,SOLUSDT,ask,147,7066.52
2024-08-20 07:38:58,SOLUSDT,ask,148,8895.33
2024-08-20 07:38:59,SOLUSDT,ask,147,7098.505
2024-08-20 07:39:00,SOLUSDT,ask,147,7128.389
2024-08-20 07:39:04,SOLUSDT,ask,147,7128.591
2024-08-20 07:39:05,SOLUSDT,ask,147,7096.606
2024-08-20 07:39:07,SOLUSDT,ask,147,7128.593
2024-08-20 07:39:07,SOLUSDT,ask,147,7132.957
2024-08-20 07:39:07,SOLUSDT,ask,147,7131.949
2024-08-20 07:39:08,SOLUSDT,ask,147,7217.914
2024-08-20 07:39:08,SOLUSDT,ask,147,7185.928
2024-08-20 07:39:13,SOLUSDT,ask,147,7156.044
2024-08-20 07:39:13,SOLUSDT,ask,147,7156.044
2024-08-20 07:39:21,SOLUSDT,ask,147,7124.058
2024-08-20 07:39:23,SOLUSDT,ask,148,8894.48
2024-08-20 07:39:26,SOLUSDT,ask,147,7156.045
2024-08-20 07:39:27,SOLUSDT,ask,147,7156.047
2024-08-20 07:39:28,SOLUSDT,ask,147,7124.058
2024-08-20 07:39:28,SOLUSDT,ask,147,7070.078
2024-08-20 07:39:30,SOLUSDT,ask,156,21151.514
2024-08-20 07:39:31,SOLUSDT,ask,147,7069.738
2024-08-20 07:39:31,SOLUSDT,bid,120,22819.173
2024-08-20 07:39:33,SOLUSDT,bid,130,15807.119
2024-08-20 07:39:40,SOLUSDT,ask,150,29864.962
2024-08-20 07:39:41,SOLUSDT,ask,152,27879.529
2024-08-20 07:39:41,SOLUSDT,ask,147,7065.374
2024-08-20 07:39:42,SOLUSDT,ask,147,7064.575
2024-08-20 07:39:44,SOLUSDT,ask,147,7064.575
2024-08-20 07:39:49,SOLUSDT,ask,147,7118.484
2024-08-20 07:39:49,SOLUSDT,ask,147,7150.462
2024-08-20 07:39:49,SOLUSDT,ask,147,7118.484
2024-08-20 07:39:49,SOLUSDT,ask,147,7125.514
2024-08-20 07:39:51,SOLUSDT,ask,147,7096.434
2024-08-20 07:39:52,SOLUSDT,ask,147,7097.879
2024-08-20 07:39:55,SOLUSDT,ask,147,7129.859
2024-08-20 07:39:55,SOLUSDT,ask,148,8819.984
2024-08-20 07:39:56,SOLUSDT,ask,151,24536.152
2024-08-20 07:39:56,SOLUSDT,ask,147,7128.749
2024-08-20 07:39:56,SOLUSDT,ask,154,17991.108
2024-08-20 07:39:58,SOLUSDT,ask,147,6844.549
2024-08-20 07:39:58,SOLUSDT,ask,148,8816.441
2024-08-20 07:39:58,SOLUSDT,ask,147,6847.549
2024-08-20 07:39:59,SOLUSDT,ask,147,6851.316
2024-08-20 07:39:59,SOLUSDT,ask,147,6852.574
2024-08-20 07:40:01,SOLUSDT,ask,148,8817.997
2024-08-20 07:40:02,SOLUSDT,ask,150,29863.962
2024-08-20 07:40:02,SOLUSDT,ask,147,7147.936
2024-08-20 07:40:02,SOLUSDT,ask,147,7146.936
2024-08-20 07:40:05,SOLUSDT,ask,150,29870.786
2024-08-20 07:40:05,SOLUSDT,ask,165,16869.775
2024-08-20 07:40:06,SOLUSDT,ask,152,27897.822
2024-08-20 07:40:06,SOLUSDT,ask,170,13898.605
2024-08-20 07:40:07,SOLUSDT,ask,147,7143.169
2024-08-20 07:40:07,SOLUSDT,ask,147,7142.489
2024-08-20 07:40:07,SOLUSDT,ask,200,43635.168
2024-08-20 07:40:07,SOLUSDT,ask,147,6847.127
2024-08-20 07:40:08,SOLUSDT,ask,147,6846.961
2024-08-20 07:40:08,SOLUSDT,ask,147,6847.126
2024-08-20 07:40:09,SOLUSDT,ask,147,7142.488
2024-08-20 07:40:09,SOLUSDT,ask,147,7092.488
2024-08-20 07:40:10,SOLUSDT,ask,147,7060.512
2024-08-20 07:40:10,SOLUSDT,ask,147,7122.292
2024-08-20 07:40:11,SOLUSDT,ask,147,7122.29
2024-08-20 07:40:11,SOLUSDT,ask,147,7152.092
2024-08-20 07:40:11,SOLUSDT,ask,147,7181.891
2024-08-20 07:40:11,SOLUSDT,ask,147,7177.795
2024-08-20 07:40:12,SOLUSDT,ask,147,6976.719
2024-08-20 07:40:14,SOLUSDT,ask,147,6946.92
2024-08-20 07:40:14,SOLUSDT,ask,147,6960.557
2024-08-20 07:40:15,SOLUSDT,ask,148,8892.493
2024-08-20 07:40:16,SOLUSDT,ask,148,8890.488
2024-08-20 07:40:18,SOLUSDT,ask,148,8812.101
2024-08-20 07:40:23,SOLUSDT,ask,147,6942.122
2024-08-20 07:40:24,SOLUSDT,ask,147,6969.332
2024-08-20 07:40:25,SOLUSDT,ask,147,6969.403
2024-08-20 07:40:25,SOLUSDT,ask,147,6969.332
2024-08-20 07:40:26,SOLUSDT,ask,147,7170.527
2024-08-20 07:40:26,SOLUSDT,ask,175,13016.525
2024-08-20 07:40:27,SOLUSDT,ask,147,7170.598
2024-08-20 07:40:27,SOLUSDT,ask,147,7138.622
2024-08-20 07:40:28,SOLUSDT,ask,147,7139.622
2024-08-20 07:40:28,SOLUSDT,ask,147,7139.551
2024-08-20 07:40:28,SOLUSDT,ask,147,7139.716
2024-08-20 07:40:29,SOLUSDT,ask,147,7171.765
2024-08-20 07:40:29,SOLUSDT,ask,165,16852.464
2024-08-20 07:40:30,SOLUSDT,ask,155,11437.569
2024-08-20 07:40:31,SOLUSDT,ask,147,7171.694
2024-08-20 07:40:31,SOLUSDT,ask,147,7171.765
2024-08-20 07:40:33,SOLUSDT,ask,147,7172.765
2024-08-20 07:40:34,SOLUSDT,ask,150,29870.644
2024-08-20 07:40:34,SOLUSDT,ask,147,7172.694
2024-08-20 07:40:34,SOLUSDT,ask,147,7172.765
2024-08-20 07:40:35,SOLUSDT,ask,147,7171.765
2024-08-20 07:40:35,SOLUSDT,ask,147,7171.694
2024-08-20 07:40:35,SOLUSDT,ask,147,6997.216
2024-08-20 07:40:35,SOLUSDT,ask,147,6970.499
2024-08-20 07:40:38,SOLUSDT,ask,152,27899.827
2024-08-20 07:40:39,SOLUSDT,ask,147,6973.847
2024-08-20 07:40:39,SOLUSDT,ask,147,6973.847
2024-08-20 07:40:40,SOLUSDT,ask,147,6973.918
2024-08-20 07:40:44,SOLUSDT,ask,154,17998.608
2024-08-20 07:40:44,SOLUSDT,ask,147,7043.821
2024-08-20 07:40:45,SOLUSDT,ask,147,7042.376
2024-08-20 07:40:46,SOLUSDT,ask,147,7032.386
2024-08-20 07:40:49,SOLUSDT,ask,147,7032.486
2024-08-20 07:40:50,SOLUSDT,ask,147,6969.889
2024-08-20 07:40:50,SOLUSDT,ask,152,27898.388
2024-08-20 07:40:52,SOLUSDT,ask,147,6964.285
2024-08-20 07:40:52,SOLUSDT,ask,147,6967.015
2024-08-20 07:40:53,SOLUSDT,ask,160,26002.779
2024-08-20 07:40:54,SOLUSDT,ask,147,6966.944
2024-08-20 07:40:54,SOLUSDT,ask,147,6967.109
2024-08-20 07:40:55,SOLUSDT,ask,147,6967.18
2024-08-20 07:40:56,SOLUSDT,ask,148,8812.135
2024-08-20 07:40:57,SOLUSDT,ask,150,29873.613
2024-08-20 07:40:57,SOLUSDT,ask,150,29862.61
2024-08-20 07:40:58,SOLUSDT,ask,147,6968.18
2024-08-20 07:41:02,SOLUSDT,ask,147,6967.177
2024-08-20 07:41:02,SOLUSDT,ask,147,7082.739
2024-08-20 07:41:03,SOLUSDT,ask,147,7052.627
2024-08-20 07:41:03,SOLUSDT,ask,147,7051.76
2024-08-20 07:41:05,SOLUSDT,ask,147,7079.316
2024-08-20 07:41:06,SOLUSDT,ask,147,7469.45
2024-08-20 07:41:06,SOLUSDT,ask,147,7470.824
2024-08-20 07:41:07,SOLUSDT,ask,175,13016.325
2024-08-20 07:41:07,SOLUSDT,ask,147,7540.727
2024-08-20 07:41:08,SOLUSDT,ask,147,7470.824
2024-08-20 07:41:09,SOLUSDT,ask,147,7406.87
2024-08-20 07:41:09,SOLUSDT,ask,147,7469.454
2024-08-20 07:41:10,SOLUSDT,ask,147,7544.263
2024-08-20 07:41:11,SOLUSDT,ask,147,7469.454
2024-08-20 07:41:11,SOLUSDT,ask,147,7412.07
2024-08-20 07:41:12,SOLUSDT,ask,147,7594.306
2024-08-20 07:41:12,SOLUSDT,ask,147,7594.366
2024-08-20 07:41:12,SOLUSDT,ask,170,13898.805
2024-08-20 07:41:12,SOLUSDT,ask,147,7594.306
2024-08-20 07:41:13,SOLUSDT,ask,150,29862.868
2024-08-20 07:41:13,SOLUSDT,ask,147,7533.958
2024-08-20 07:41:13,SOLUSDT,ask,147,7326.533
2024-08-20 07:41:13,SOLUSDT,ask,147,7467.436
2024-08-20 07:41:13,SOLUSDT,ask,147,7474.236
2024-08-20 07:41:13,SOLUSDT,ask,147,7478.177
2024-08-20 07:41:14,SOLUSDT,ask,147,7451.392
2024-08-20 07:41:14,SOLUSDT,ask,147,7447.918
2024-08-20 07:41:14,SOLUSDT,ask,147,7477.393
2024-08-20 07:41:15,SOLUSDT,ask,147,7477.191
2024-08-20 07:41:15,SOLUSDT,ask,147,7506.749
2024-08-20 07:41:15,SOLUSDT,ask,147,7477.243
2024-08-20 07:41:16,SOLUSDT,ask,147,7416.905
2024-08-20 07:41:16,SOLUSDT,ask,147,7416.905
2024-08-20 07:41:17,SOLUSDT,ask,147,7394.321
2024-08-20 07:41:17,SOLUSDT,ask,147,7364.767
2024-08-20 07:41:17,SOLUSDT,ask,147,7394.321
2024-08-20 07:41:18,SOLUSDT,ask,147,7423.875
2024-08-20 07:41:18,SOLUSDT,ask,147,7321.803
2024-08-20 07:41:18,SOLUSDT,ask,147,7351.366
2024-08-20 07:41:18,SOLUSDT,ask,147,7380.929
2024-08-20 07:41:18,SOLUSDT,ask,147,7317.41
2024-08-20 07:41:19,SOLUSDT,ask,147,7309.455
2024-08-20 07:41:20,SOLUSDT,ask,147,7279.886
2024-08-20 07:41:21,SOLUSDT,ask,147,7309.457
2024-08-20 07:41:23,SOLUSDT,ask,147,7282.301
2024-08-20 07:41:23,SOLUSDT,ask,147,7220.76
2024-08-20 07:41:24,SOLUSDT,ask,147,7161.643
2024-08-20 07:41:24,SOLUSDT,ask,147,7132.089
2024-08-20 07:41:24,SOLUSDT,ask,147,7191.205
2024-08-20 07:41:24,SOLUSDT,ask,147,7132.089
2024-08-20 07:41:24,SOLUSDT,ask,147,7161.647
2024-08-20 07:41:24,SOLUSDT,ask,147,7132.089
2024-08-20 07:41:25,SOLUSDT,ask,147,7161.647
2024-08-20 07:41:25,SOLUSDT,ask,147,7132.089
2024-08-20 07:41:25,SOLUSDT,ask,147,7072.981
2024-08-20 07:41:26,SOLUSDT,ask,147,7102.539
2024-08-20 07:41:26,SOLUSDT,ask,147,7072.981
2024-08-20 07:41:26,SOLUSDT,ask,147,7072.654
2024-08-20 07:41:28,SOLUSDT,ask,147,7147.044
2024-08-20 07:41:29,SOLUSDT,ask,150,29875.28
2024-08-20 07:41:29,SOLUSDT,ask,147,7072.654
2024-08-20 07:41:29,SOLUSDT,ask,147,7074.69
2024-08-20 07:41:31,SOLUSDT,ask,147,7074.652
2024-08-20 07:41:31,SOLUSDT,ask,151,24536.114
2024-08-20 07:41:31,SOLUSDT,ask,155,11437.531
2024-08-20 07:41:31,SOLUSDT,bid,135,15411.532
2024-08-20 07:41:31,SOLUSDT,ask,150,29875.209
2024-08-20 07:41:33,SOLUSDT,ask,147,7074.617
2024-08-20 07:41:36,SOLUSDT,ask,150,29874.762
2024-08-20 07:41:37,SOLUSDT,ask,147,7074.546
2024-08-20 07:41:37,SOLUSDT,ask,150,29878.236
2024-08-20 07:41:38,SOLUSDT,ask,147,7101.654
2024-08-20 07:41:38,SOLUSDT,ask,147,6918.945
2024-08-20 07:41:39,SOLUSDT,ask,147,6990.309
2024-08-20 07:41:39,SOLUSDT,ask,147,6918.945
2024-08-20 07:41:39,SOLUSDT,bid,120,22818.823
2024-08-20 07:41:41,SOLUSDT,ask,147,6912.145
2024-08-20 07:41:41,SOLUSDT,ask,180,22392.622
2024-08-20 07:41:43,SOLUSDT,ask,147,6914.326
2024-08-20 07:41:43,SOLUSDT,ask,147,7375.296
2024-08-20 07:41:43,SOLUSDT,ask,147,7325.296
2024-08-20 07:41:44,SOLUSDT,ask,147,7325.173
2024-08-20 07:41:45,SOLUSDT,ask,148,8896.642
2024-08-20 07:41:46,SOLUSDT,ask,165,16854.164
2024-08-20 07:41:46,SOLUSDT,ask,147,7159.443
2024-08-20 07:41:48,SOLUSDT,ask,150,29876.235
2024-08-20 07:41:48,SOLUSDT,ask,148,8895.962
2024-08-20 07:41:49,SOLUSDT,ask,148,8893.964
2024-08-20 07:41:50,SOLUSDT,ask,147,7162.654
2024-08-20 07:41:50,SOLUSDT,ask,147,7135.546
2024-08-20 07:41:51,SOLUSDT,ask,155,11440.233
2024-08-20 07:41:54,SOLUSDT,ask,147,7134.546
2024-08-20 07:41:56,SOLUSDT,ask,147,7136.963
2024-08-20 07:41:57,SOLUSDT,ask,147,7104.985
2024-08-20 07:41:58,SOLUSDT,ask,147,7073.007
2024-08-20 07:41:58,SOLUSDT,ask,147,7041.029
2024-08-20 07:42:00,SOLUSDT,ask,147,7047.771
2024-08-20 07:42:01,SOLUSDT,ask,148,8911.275
2024-08-20 07:42:04,SOLUSDT,ask,147,7045.904
2024-08-20 07:42:04,SOLUSDT,ask,148,8911.241
2024-08-20 07:42:04,SOLUSDT,bid,135,15410.532
2024-08-20 07:42:05,SOLUSDT,ask,147,7042.693
2024-08-20 07:42:05,SOLUSDT,ask,147,7013.139
2024-08-20 07:42:07,SOLUSDT,ask,147,7012.139
2024-08-20 07:42:12,SOLUSDT,ask,150,29875.235
2024-08-20 07:42:12,SOLUSDT,ask,160,25997.37
2024-08-20 07:42:16,SOLUSDT,ask,148,8836.745
2024-08-20 07:42:18,SOLUSDT,ask,148,8836.102
2024-08-20 07:42:18,SOLUSDT,ask,160,25997.233
2024-08-20 07:42:18,SOLUSDT,ask,150,29871.761
2024-08-20 07:42:19,SOLUSDT,ask,193,7264.927
2024-08-20 07:42:24,SOLUSDT,ask,148,8652.799
2024-08-20 07:42:32,SOLUSDT,ask,148,8644.635
2024-08-20 07:42:43,SOLUSDT,ask,150,29871.689
2024-08-20 07:42:44,SOLUSDT,ask,150,29909.249
2024-08-20 07:42:45,SOLUSDT,ask,160,26006.809
2024-08-20 07:42:45,SOLUSDT,ask,148,8645.582
2024-08-20 07:42:45,SOLUSDT,ask,148,8721.655
2024-08-20 07:42:48,SOLUSDT,ask,148,8729.452
2024-08-20 07:42:55,SOLUSDT,ask,160,26006.744
2024-08-20 07:42:57,SOLUSDT,bid,125,13099.836
2024-08-20 07:43:03,SOLUSDT,bid,110,29487.55
2024-08-20 07:43:03,SOLUSDT,ask,175,13016.225
2024-08-20 07:43:03,SOLUSDT,ask,180,22392.522
2024-08-20 07:43:08,SOLUSDT,ask,150,29902.409
2024-08-20 07:43:10,SOLUSDT,ask,155,11440.089
2024-08-20 07:43:10,SOLUSDT,ask,160,26006.6
2024-08-20 07:43:15,SOLUSDT,ask,250,18595.091
2024-08-20 07:43:18,SOLUSDT,bid,130,15801.357
2024-08-20 07:43:20,SOLUSDT,ask,150,29901.909
2024-08-20 07:43:20,SOLUSDT,ask,152,27896.172
2024-08-20 07:43:21,SOLUSDT,ask,156,21155.512
2024-08-20 07:43:25,SOLUSDT,ask,148,8729.415
2024-08-20 07:43:34,SOLUSDT,ask,600,3101.919
2024-08-20 07:43:37,SOLUSDT,ask,180,22392.556
2024-08-20 07:43:44,SOLUSDT,ask,150,29901.092
2024-08-20 07:43:59,SOLUSDT,ask,188,11002.023
2024-08-20 07:44:00,SOLUSDT,ask,163,16828.805
2024-08-20 07:44:04,SOLUSDT,ask,150,29901.959
2024-08-20 07:44:10,SOLUSDT,ask,155,11441.165
2024-08-20 07:44:17,SOLUSDT,bid,115,20823.051
2024-08-20 07:44:23,SOLUSDT,ask,195,12094.261
2024-08-20 07:44:32,SOLUSDT,ask,163,16834.97
2024-08-20 07:44:36,SOLUSDT,ask,150,29903.359
2024-08-20 07:44:37,SOLUSDT,ask,165,16850.115
2024-08-20 07:44:41,SOLUSDT,bid,135,15409.683
2024-08-20 07:44:51,SOLUSDT,ask,148,8726.238
2024-08-20 07:44:59,SOLUSDT,ask,148,8741.718
2024-08-20 07:45:03,SOLUSDT,ask,148,8741.58
2024-08-20 07:45:05,SOLUSDT,ask,148,8743.604
2024-08-20 07:45:09,SOLUSDT,ask,149,6747.011
2024-08-20 07:45:17,SOLUSDT,ask,148,8757.404
2024-08-20 07:45:23,SOLUSDT,bid,120,22818.771
2024-08-20 07:45:23,SOLUSDT,ask,148,8741.924
2024-08-20 07:45:25,SOLUSDT,ask,149,6748.631
2024-08-20 07:45:34,SOLUSDT,ask,150,29903.575
2024-08-20 07:45:44,SOLUSDT,ask,148,8739.376
2024-08-20 07:45:46,SOLUSDT,bid,110,29486.946
2024-08-20 07:45:50,SOLUSDT,ask,155,11439.706
2024-08-20 07:45:51,SOLUSDT,bid,135,15408.542
2024-08-20 07:45:53,SOLUSDT,ask,150,29968.24
2024-08-20 07:45:53,SOLUSDT,ask,160,26005.365
2024-08-20 07:46:02,SOLUSDT,ask,152,27897.407
2024-08-20 07:46:05,SOLUSDT,bid,110,29487.314
2024-08-20 07:46:06,SOLUSDT,ask,155,11438.63
2024-08-20 07:46:23,SOLUSDT,ask,152,27896.409
2024-08-20 07:46:28,SOLUSDT,bid,135,15396.941
2024-08-20 07:46:32,SOLUSDT,ask,149,6748.587
2024-08-20 07:46:34,SOLUSDT,bid,115,20822.704
2024-08-20 07:46:34,SOLUSDT,ask,149,6748.548
2024-08-20 07:46:35,SOLUSDT,ask,188,11001.934
2024-08-20 07:46:37,SOLUSDT,ask,150,29968.921
2024-08-20 07:46:38,SOLUSDT,ask,150,29961.54
2024-08-20 07:46:39,SOLUSDT,ask,160,25995.789
2024-08-20 07:46:42,SOLUSDT,ask,150,29961.29
2024-08-20 07:46:47,SOLUSDT,ask,151,24537.113
2024-08-20 07:46:48,SOLUSDT,ask,160,25996.134
2024-08-20 07:46:51,SOLUSDT,bid,135,15396.534
2024-08-20 07:46:51,SOLUSDT,ask,150,29960.883
2024-08-20 07:46:52,SOLUSDT,bid,120,22819.116
2024-08-20 07:46:55,SOLUSDT,ask,152,27897.854
2024-08-20 07:46:59,SOLUSDT,ask,150,29961.024
2024-08-20 07:47:00,SOLUSDT,ask,148,8660.093
2024-08-20 07:47:07,SOLUSDT,ask,155,11438.774
2024-08-20 07:47:09,SOLUSDT,ask,150,29971.024
2024-08-20 07:47:10,SOLUSDT,ask,155,11438.998
2024-08-20 07:47:11,SOLUSDT,ask,150,29961.086
2024-08-20 07:47:18,SOLUSDT,bid,135,15407.034
2024-08-20 07:47:19,SOLUSDT,ask,152,27895.849
2024-08-20 07:47:20,SOLUSDT,ask,165,16850.34
2024-08-20 07:47:26,SOLUSDT,ask,148,8648.898
2024-08-20 07:47:30,SOLUSDT,ask,148,8647.898
2024-08-20 07:47:31,SOLUSDT,bid,120,22819.158
2024-08-20 07:47:37,SOLUSDT,bid,120,22819.116
2024-08-20 07:47:51,SOLUSDT,bid,120,22817.116
2024-08-20 07:47:53,SOLUSDT,bid,120,22817.158
2024-08-20 07:47:55,SOLUSDT,ask,156,21157.512
2024-08-20 07:47:57,SOLUSDT,ask,151,24540.11
2024-08-20 07:48:02,SOLUSDT,bid,120,22817.116
2024-08-20 07:48:07,SOLUSDT,ask,152,27907.524
2024-08-20 07:48:12,SOLUSDT,ask,148,8648.897
2024-08-20 07:48:12,SOLUSDT,ask,149,6747.549
2024-08-20 07:48:13,SOLUSDT,ask,180,22392.522
2024-08-20 07:48:17,SOLUSDT,ask,180,22397.02
2024-08-20 07:48:28,SOLUSDT,ask,148,8637.124
2024-08-20 07:48:30,SOLUSDT,bid,120,22817.158
2024-08-20 07:48:34,SOLUSDT,ask,152,27910.62
2024-08-20 07:48:36,SOLUSDT,ask,150,29960.029
2024-08-20 07:48:37,SOLUSDT,bid,120,22797.158
2024-08-20 07:48:37,SOLUSDT,ask,154,17996.113
2024-08-20 07:48:39,SOLUSDT,bid,125,13073.186
2024-08-20 07:48:42,SOLUSDT,ask,193,7265.145
2024-08-20 07:48:45,SOLUSDT,ask,160,25997.114
2024-08-20 07:48:53,SOLUSDT,bid,100,34704.126
2024-08-20 07:48:53,SOLUSDT,ask,148,8637.239
2024-08-20 07:48:54,SOLUSDT,ask,152,27920.62
2024-08-20 07:49:01,SOLUSDT,ask,148,8637.124
2024-08-20 07:49:35,SOLUSDT,bid,135,15406.919
2024-08-20 07:49:35,SOLUSDT,bid,130,15801.242
2024-08-20 07:49:35,SOLUSDT,bid,125,13073.071
2024-08-20 07:49:35,SOLUSDT,bid,120,22797.043
2024-08-20 07:49:35,SOLUSDT,bid,115,20822.589
2024-08-20 07:49:35,SOLUSDT,bid,110,29487.199
2024-08-20 07:49:35,SOLUSDT,bid,100,34704.011
2024-08-20 07:49:35,SOLUSDT,ask,180,22397.157
2024-08-20 07:49:35,SOLUSDT,ask,151,24539.05
2024-08-20 07:49:49,SOLUSDT,ask,150,29960.139
2024-08-20 07:49:51,SOLUSDT,ask,149,6731.755
2024-08-20 07:49:57,SOLUSDT,bid,110,29492.199
2024-08-20 07:50:01,SOLUSDT,ask,150,29960.281
2024-08-20 07:50:10,SOLUSDT,ask,151,24554.844
2024-08-20 07:50:11,SOLUSDT,ask,150,29959.3
2024-08-20 07:50:17,SOLUSDT,ask,160,25996.302
2024-08-20 07:50:18,SOLUSDT,ask,160,25994.047
2024-08-20 07:50:20,SOLUSDT,ask,150,29957.198
2024-08-20 07:50:30,SOLUSDT,ask,151,24555.906
2024-08-20 07:50:33,SOLUSDT,ask,149,6731.855
2024-08-20 07:50:44,SOLUSDT,bid,100,34703.917
2024-08-20 07:50:50,SOLUSDT,bid,100,34703.817
2024-08-20 07:50:51,SOLUSDT,ask,400,4712.708
2024-08-20 07:50:53,SOLUSDT,ask,150,29957.649
2024-08-20 07:50:57,SOLUSDT,ask,148,8619.813
2024-08-20 07:50:57,SOLUSDT,ask,150,29969.422
2024-08-20 07:51:05,SOLUSDT,ask,151,24554.844
2024-08-20 07:51:08,SOLUSDT,ask,156,21156.891
2024-08-20 07:51:18,SOLUSDT,ask,155,11434.981
2024-08-20 07:51:19,SOLUSDT,ask,185,16745.347
2024-08-20 07:51:23,SOLUSDT,bid,135,15425.793
2024-08-20 07:51:23,SOLUSDT,ask,151,24555.906
2024-08-20 07:51:25,SOLUSDT,ask,155,11435.267
2024-08-20 07:51:28,SOLUSDT,ask,149,6732.585
2024-08-20 07:51:36,SOLUSDT,bid,130,15801.002
2024-08-20 07:51:51,SOLUSDT,bid,100,34704.324
2024-08-20 07:51:52,SOLUSDT,ask,150,29964.422
2024-08-20 07:51:57,SOLUSDT,ask,160,25981.8
2024-08-20 07:51:58,SOLUSDT,ask,149,6731.872
2024-08-20 07:51:59,SOLUSDT,ask,150,29984.422
