2024-08-24 07:00:02,SOLUSDT,ask,160,22137.706
2024-08-24 07:00:03,SOLUSDT,ask,155,9058.079
2024-08-24 07:00:03,SOLUSDT,ask,210,25334.954
2024-08-24 07:00:03,SOLUSDT,bid,100,25633.87
2024-08-24 07:00:07,SOLUSDT,ask,155,9055.883
2024-08-24 07:00:16,SOLUSDT,ask,165,17717.713
2024-08-24 07:00:17,SOLUSDT,ask,190,23805.698
2024-08-24 07:00:20,SOLUSDT,ask,170,13591.623
2024-08-24 07:00:20,SOLUSDT,ask,190,23852.697
2024-08-24 07:00:26,SOLUSDT,ask,155,9056.408
2024-08-24 07:00:27,SOLUSDT,ask,160,22137.602
2024-08-24 07:00:34,SOLUSDT,ask,160,22138.201
2024-08-24 07:00:42,SOLUSDT,ask,170,13591.779
2024-08-24 07:00:43,SOLUSDT,ask,180,22807.649
2024-08-24 07:00:56,SOLUSDT,ask,160,22134.979
2024-08-24 07:01:06,SOLUSDT,bid,131,8817.116
2024-08-24 07:01:13,SOLUSDT,ask,155,9059.63
2024-08-24 07:01:25,SOLUSDT,bid,149,6820.122
2024-08-24 07:01:26,SOLUSDT,ask,153,11754.986
2024-08-24 07:01:26,SOLUSDT,ask,153,11914.623
2024-08-24 07:01:26,SOLUSDT,ask,153,11927.634
2024-08-24 07:01:28,SOLUSDT,ask,153,11927.678
2024-08-24 07:01:28,SOLUSDT,ask,153,12041.863
2024-08-24 07:01:29,SOLUSDT,ask,153,12071.978
2024-08-24 07:01:29,SOLUSDT,ask,153,12067.978
2024-08-24 07:01:29,SOLUSDT,ask,153,12063.557
2024-08-24 07:01:30,SOLUSDT,ask,153,11919.318
2024-08-24 07:01:30,SOLUSDT,ask,153,12048.202
2024-08-24 07:01:30,SOLUSDT,ask,153,12048.202
2024-08-24 07:01:30,SOLUSDT,ask,160,22138.156
2024-08-24 07:01:30,SOLUSDT,ask,153,12048.167
2024-08-24 07:01:31,SOLUSDT,ask,210,25335.053
2024-08-24 07:01:31,SOLUSDT,ask,153,12054.685
2024-08-24 07:01:32,SOLUSDT,ask,153,12058.678
2024-08-24 07:01:33,SOLUSDT,ask,153,12060.678
2024-08-24 07:01:33,SOLUSDT,ask,153,12056.678
2024-08-24 07:01:33,SOLUSDT,ask,153,11933.056
2024-08-24 07:01:33,SOLUSDT,ask,153,12170.095
2024-08-24 07:01:35,SOLUSDT,ask,155,8949.103
2024-08-24 07:01:36,SOLUSDT,ask,153,12170.095
2024-08-24 07:01:36,SOLUSDT,ask,153,11939.574
2024-08-24 07:01:37,SOLUSDT,ask,153,11949.326
2024-08-24 07:01:37,SOLUSDT,ask,153,11950.956
2024-08-24 07:01:38,SOLUSDT,ask,153,11942.463
2024-08-24 07:01:38,SOLUSDT,ask,153,12007.514
2024-08-24 07:01:38,SOLUSDT,ask,153,12115.859
2024-08-24 07:01:38,SOLUSDT,ask,153,12344.229
2024-08-24 07:01:38,SOLUSDT,ask,153,12344.625
2024-08-24 07:01:39,SOLUSDT,ask,153,12279.489
2024-08-24 07:01:39,SOLUSDT,ask,153,12275.068
2024-08-24 07:01:39,SOLUSDT,ask,155,8953.08
2024-08-24 07:01:39,SOLUSDT,ask,153,12274.672
2024-08-24 07:01:40,SOLUSDT,ask,153,12050.337
2024-08-24 07:01:40,SOLUSDT,ask,153,12050.337
2024-08-24 07:01:40,SOLUSDT,ask,153,12046.337
2024-08-24 07:01:40,SOLUSDT,ask,153,12039.819
2024-08-24 07:01:40,SOLUSDT,ask,153,12039.784
2024-08-24 07:01:41,SOLUSDT,ask,153,11943.787
2024-08-24 07:01:41,SOLUSDT,ask,155,8952.08
2024-08-24 07:01:41,SOLUSDT,ask,153,11937.269
2024-08-24 07:01:41,SOLUSDT,ask,153,11944.949
2024-08-24 07:01:41,SOLUSDT,ask,153,11918.856
2024-08-24 07:01:42,SOLUSDT,ask,153,11941.681
2024-08-24 07:01:42,SOLUSDT,ask,153,11941.646
2024-08-24 07:01:43,SOLUSDT,ask,153,11915.597
2024-08-24 07:01:44,SOLUSDT,ask,153,11915.691
2024-08-24 07:01:45,SOLUSDT,ask,160,22138.233
2024-08-24 07:01:45,SOLUSDT,ask,153,11909.173
2024-08-24 07:01:45,SOLUSDT,ask,153,11909.208
2024-08-24 07:01:45,SOLUSDT,ask,153,11909.208
2024-08-24 07:01:46,SOLUSDT,bid,140,9296.133
2024-08-24 07:01:46,SOLUSDT,ask,160,22138.177
2024-08-24 07:01:46,SOLUSDT,ask,170,13591.726
2024-08-24 07:01:46,SOLUSDT,bid,136,8031.262
2024-08-24 07:01:46,SOLUSDT,bid,135,13932.087
2024-08-24 07:01:46,SOLUSDT,bid,131,8817.047
2024-08-24 07:01:46,SOLUSDT,bid,130,13794.567
2024-08-24 07:01:46,SOLUSDT,ask,153,11909.173
2024-08-24 07:01:46,SOLUSDT,ask,155,8952.022
2024-08-24 07:01:46,SOLUSDT,ask,159,6798.481
2024-08-24 07:01:46,SOLUSDT,ask,162,9465.522
2024-08-24 07:01:46,SOLUSDT,ask,165,17717.659
2024-08-24 07:01:46,SOLUSDT,ask,168,6637.868
2024-08-24 07:01:46,SOLUSDT,bid,120,18986.5
2024-08-24 07:01:46,SOLUSDT,ask,153,11941.774
2024-08-24 07:01:46,SOLUSDT,ask,153,11941.739
2024-08-24 07:01:46,SOLUSDT,ask,153,11941.774
2024-08-24 07:01:46,SOLUSDT,ask,153,11941.774
2024-08-24 07:01:47,SOLUSDT,ask,153,11941.739
2024-08-24 07:01:47,SOLUSDT,ask,153,11938.48
2024-08-24 07:01:51,SOLUSDT,ask,300,10155.269
2024-08-24 07:01:54,SOLUSDT,ask,160,21938.177
2024-08-24 07:01:54,SOLUSDT,ask,153,12132.59
2024-08-24 07:01:58,SOLUSDT,bid,131,8816.646
2024-08-24 07:01:58,SOLUSDT,ask,153,12093.779
2024-08-24 07:01:58,SOLUSDT,ask,153,12085.949
2024-08-24 07:02:00,SOLUSDT,bid,125,14632.978
2024-08-24 07:02:04,SOLUSDT,ask,153,12115.932
2024-08-24 07:02:07,SOLUSDT,ask,153,12085.949
2024-08-24 07:02:07,SOLUSDT,ask,153,12084.45
2024-08-24 07:02:07,SOLUSDT,ask,153,12069.579
2024-08-24 07:02:07,SOLUSDT,ask,153,12063.086
2024-08-24 07:02:07,SOLUSDT,ask,153,12065.696
2024-08-24 07:02:07,SOLUSDT,ask,153,12081.935
2024-08-24 07:02:09,SOLUSDT,ask,153,12087.155
2024-08-24 07:02:10,SOLUSDT,ask,153,12152.271
2024-08-24 07:02:10,SOLUSDT,ask,153,12161.866
2024-08-24 07:02:10,SOLUSDT,ask,153,12165.866
2024-08-24 07:02:10,SOLUSDT,ask,153,12165.831
2024-08-24 07:02:12,SOLUSDT,ask,153,12146.333
2024-08-24 07:02:12,SOLUSDT,ask,153,12146.424
2024-08-24 07:02:12,SOLUSDT,ask,153,12177.045
2024-08-24 07:02:13,SOLUSDT,ask,153,12196.128
2024-08-24 07:02:14,SOLUSDT,ask,153,12484.426
2024-08-24 07:02:15,SOLUSDT,ask,153,12464.87
2024-08-24 07:02:15,SOLUSDT,ask,153,12445.787
2024-08-24 07:02:15,SOLUSDT,ask,153,12415.201
2024-08-24 07:02:15,SOLUSDT,ask,153,12415.166
2024-08-24 07:02:16,SOLUSDT,ask,153,12063.699
2024-08-24 07:02:16,SOLUSDT,ask,153,12063.699
2024-08-24 07:02:16,SOLUSDT,ask,153,12063.699
2024-08-24 07:02:16,SOLUSDT,ask,153,12063.699
2024-08-24 07:02:16,SOLUSDT,ask,153,12063.699
2024-08-24 07:02:17,SOLUSDT,ask,153,12063.664
2024-08-24 07:02:18,SOLUSDT,ask,153,12068.078
2024-08-24 07:02:18,SOLUSDT,ask,153,11838.689
2024-08-24 07:02:18,SOLUSDT,ask,153,11842.977
2024-08-24 07:02:18,SOLUSDT,ask,153,11865.643
2024-08-24 07:02:20,SOLUSDT,ask,153,11937.253
2024-08-24 07:02:20,SOLUSDT,ask,153,11874.336
2024-08-24 07:02:20,SOLUSDT,ask,153,11858.862
2024-08-24 07:02:26,SOLUSDT,ask,153,12158.475
2024-08-24 07:02:26,SOLUSDT,ask,153,12161.475
2024-08-24 07:02:26,SOLUSDT,ask,153,12132.89
2024-08-24 07:02:26,SOLUSDT,ask,160,21937.505
2024-08-24 07:02:28,SOLUSDT,ask,153,12161.475
2024-08-24 07:02:30,SOLUSDT,ask,153,12189.096
2024-08-24 07:02:30,SOLUSDT,ask,153,12188.883
2024-08-24 07:02:31,SOLUSDT,ask,153,12191.586
2024-08-24 07:02:32,SOLUSDT,ask,153,12074.266
2024-08-24 07:02:34,SOLUSDT,ask,153,12071.563
2024-08-24 07:02:34,SOLUSDT,ask,153,12041.961
2024-08-24 07:02:34,SOLUSDT,ask,153,12011.34
2024-08-24 07:02:36,SOLUSDT,ask,153,12006.662
2024-08-24 07:02:36,SOLUSDT,ask,153,11847.881
2024-08-24 07:02:36,SOLUSDT,bid,140,9296.347
2024-08-24 07:02:36,SOLUSDT,ask,153,12246.023
2024-08-24 07:02:37,SOLUSDT,ask,153,12245.023
2024-08-24 07:02:38,SOLUSDT,ask,153,12313.611
2024-08-24 07:02:39,SOLUSDT,ask,160,21939.505
2024-08-24 07:02:41,SOLUSDT,ask,155,8950.022
2024-08-24 07:02:41,SOLUSDT,ask,153,12380.321
2024-08-24 07:02:45,SOLUSDT,ask,153,12381.478
2024-08-24 07:02:47,SOLUSDT,ask,153,12236.584
2024-08-24 07:02:48,SOLUSDT,ask,153,12235.427
2024-08-24 07:02:50,SOLUSDT,ask,200,45813.228
2024-08-24 07:02:50,SOLUSDT,ask,155,8949.068
2024-08-24 07:02:53,SOLUSDT,ask,155,8948.068
2024-08-24 07:02:55,SOLUSDT,ask,170,13591.609
2024-08-24 07:02:55,SOLUSDT,ask,160,21941.505
2024-08-24 07:02:57,SOLUSDT,ask,155,8951.293
2024-08-24 07:03:02,SOLUSDT,ask,160,21925.79
2024-08-24 07:03:09,SOLUSDT,ask,153,12206.456
2024-08-24 07:03:09,SOLUSDT,ask,155,8952.586
2024-08-24 07:03:10,SOLUSDT,ask,155,8953.13
2024-08-24 07:03:21,SOLUSDT,bid,149,6948.546
2024-08-24 07:03:26,SOLUSDT,ask,160,21940.973
2024-08-24 07:03:31,SOLUSDT,ask,153,12210.837
2024-08-24 07:03:32,SOLUSDT,ask,153,12221.269
2024-08-24 07:03:32,SOLUSDT,ask,153,12247.348
2024-08-24 07:03:32,SOLUSDT,ask,153,12247.548
2024-08-24 07:03:33,SOLUSDT,ask,165,17431.645
2024-08-24 07:03:34,SOLUSDT,ask,153,12247.348
2024-08-24 07:03:34,SOLUSDT,ask,153,12247.548
2024-08-24 07:03:34,SOLUSDT,ask,153,12245.575
2024-08-24 07:03:35,SOLUSDT,ask,153,12245.775
2024-08-24 07:03:35,SOLUSDT,ask,153,12245.575
2024-08-24 07:03:36,SOLUSDT,ask,153,12245.775
2024-08-24 07:03:38,SOLUSDT,ask,160,21941.057
2024-08-24 07:03:38,SOLUSDT,ask,153,12245.575
2024-08-24 07:03:39,SOLUSDT,ask,155,8963.13
2024-08-24 07:03:40,SOLUSDT,ask,153,12242.54
2024-08-24 07:03:40,SOLUSDT,ask,155,8975.01
2024-08-24 07:03:40,SOLUSDT,ask,153,12270.43
2024-08-24 07:03:41,SOLUSDT,ask,153,12280.381
2024-08-24 07:03:41,SOLUSDT,ask,153,12251.398
2024-08-24 07:03:42,SOLUSDT,ask,153,12404.48
2024-08-24 07:03:42,SOLUSDT,ask,153,12430.53
2024-08-24 07:03:42,SOLUSDT,ask,153,12443.566
2024-08-24 07:03:42,SOLUSDT,ask,153,12456.602
2024-08-24 07:03:43,SOLUSDT,ask,153,12534.745
2024-08-24 07:03:43,SOLUSDT,ask,153,12418.704
2024-08-24 07:03:43,SOLUSDT,ask,153,12472.477
2024-08-24 07:03:43,SOLUSDT,ask,153,12472.69
2024-08-24 07:03:43,SOLUSDT,ask,153,12442.69
2024-08-24 07:03:43,SOLUSDT,ask,153,12328.505
2024-08-24 07:03:45,SOLUSDT,ask,153,11952.817
2024-08-24 07:03:47,SOLUSDT,ask,153,11952.817
2024-08-24 07:03:48,SOLUSDT,ask,153,11976.786
2024-08-24 07:03:49,SOLUSDT,ask,153,11976.036
2024-08-24 07:03:49,SOLUSDT,ask,153,12327.23
2024-08-24 07:03:50,SOLUSDT,ask,153,12570.6
2024-08-24 07:03:50,SOLUSDT,ask,153,12570.387
2024-08-24 07:03:50,SOLUSDT,ask,153,12556.137
2024-08-24 07:03:53,SOLUSDT,ask,153,12556.352
2024-08-24 07:03:53,SOLUSDT,ask,165,17439.269
2024-08-24 07:03:54,SOLUSDT,ask,160,21948.749
2024-08-24 07:03:54,SOLUSDT,ask,170,13583.917
2024-08-24 07:03:55,SOLUSDT,ask,153,12585.335
2024-08-24 07:03:56,SOLUSDT,bid,120,18961.5
2024-08-24 07:03:57,SOLUSDT,ask,153,12561.366
