2024-08-18 07:00:07,SOLUSDT,ask,150,27105.183
2024-08-18 07:00:22,SOLUSDT,ask,145,9561.955
2024-08-18 07:00:48,SOLUSDT,bid,110,26382.354
2024-08-18 07:01:42,SOLUSDT,bid,100,35958.466
2024-08-18 07:01:50,SOLUSDT,ask,165,17500.678
2024-08-18 07:01:54,SOLUSDT,bid,120,25477.935
2024-08-18 07:02:08,SOLUSDT,ask,155,9427.85
2024-08-18 07:03:04,SOLUSDT,bid,120,25361.343
2024-08-18 07:03:43,SOLUSDT,bid,110,26509.545
2024-08-18 07:03:43,SOLUSDT,ask,150,27105.145
2024-08-18 07:03:49,SOLUSDT,bid,135,27661.62
2024-08-18 07:03:54,SOLUSDT,ask,145,9561.23
2024-08-18 07:04:09,SOLUSDT,ask,148,9868.252
2024-08-18 07:04:13,SOLUSDT,ask,160,25250.603
2024-08-18 07:04:18,SOLUSDT,ask,148,9872.712
2024-08-18 07:04:27,SOLUSDT,ask,151,24037.988
2024-08-18 07:04:27,SOLUSDT,ask,150,27105.205
2024-08-18 07:04:38,SOLUSDT,ask,161,15400.573
2024-08-18 07:04:50,SOLUSDT,bid,120,25347.255
2024-08-18 07:05:00,SOLUSDT,ask,145,9561.584
2024-08-18 07:05:43,SOLUSDT,ask,190,28424.724
2024-08-18 07:07:04,SOLUSDT,bid,131,11093.345
2024-08-18 07:07:05,SOLUSDT,ask,145,9597.194
2024-08-18 07:07:11,SOLUSDT,bid,120,25347.311
2024-08-18 07:07:14,SOLUSDT,bid,120,25347.591
2024-08-18 07:07:15,SOLUSDT,ask,150,27106.655
2024-08-18 07:07:34,SOLUSDT,ask,150,27105.911
2024-08-18 07:07:38,SOLUSDT,ask,145,9596.671
2024-08-18 07:07:49,SOLUSDT,ask,152,26273.732
2024-08-18 07:08:15,SOLUSDT,ask,145,9597.194
2024-08-18 07:08:19,SOLUSDT,ask,150,27104.877
2024-08-18 07:08:33,SOLUSDT,ask,190,28424.353
2024-08-18 07:09:03,SOLUSDT,ask,145,9597.248
2024-08-18 07:09:07,SOLUSDT,bid,120,25347.511
2024-08-18 07:09:07,SOLUSDT,ask,175,12777.379
2024-08-18 07:09:42,SOLUSDT,ask,188,11065.8
2024-08-18 07:09:52,SOLUSDT,ask,198,5065.253
2024-08-18 07:09:54,SOLUSDT,ask,163,16929.263
2024-08-18 07:10:02,SOLUSDT,ask,151,24040.563
2024-08-18 07:10:02,SOLUSDT,ask,188,11067.305
2024-08-18 07:10:24,SOLUSDT,ask,150,27103.804
2024-08-18 07:10:25,SOLUSDT,bid,100,35957.424
2024-08-18 07:10:27,SOLUSDT,bid,135,27661.99
2024-08-18 07:11:02,SOLUSDT,bid,130,17021.718
2024-08-18 07:11:48,SOLUSDT,ask,145,9597.019
2024-08-18 07:12:27,SOLUSDT,bid,135,27661.25
2024-08-18 07:12:37,SOLUSDT,bid,120,24930.845
2024-08-18 07:12:48,SOLUSDT,bid,130,17017.903
2024-08-18 07:13:05,SOLUSDT,bid,135,27660.756
2024-08-18 07:13:48,SOLUSDT,bid,132,9225.841
2024-08-18 07:13:54,SOLUSDT,bid,131,11093.878
2024-08-18 07:14:24,SOLUSDT,ask,150,27110.373
2024-08-18 07:14:39,SOLUSDT,bid,122,9156.419
2024-08-18 07:14:42,SOLUSDT,ask,205,10792.977
2024-08-18 07:14:45,SOLUSDT,bid,132,9224.629
2024-08-18 07:15:18,SOLUSDT,ask,150,27108.923
2024-08-18 07:15:30,SOLUSDT,ask,148,9872.753
2024-08-18 07:15:37,SOLUSDT,ask,152,26275.727
2024-08-18 07:15:51,SOLUSDT,ask,195,12233.18
2024-08-18 07:16:12,SOLUSDT,ask,160,25251.602
2024-08-18 07:16:31,SOLUSDT,bid,125,22609.509
2024-08-18 07:16:42,SOLUSDT,bid,132,9224.251
2024-08-18 07:16:42,SOLUSDT,bid,130,17017.519
2024-08-18 07:16:42,SOLUSDT,bid,122,9156.011
2024-08-18 07:16:49,SOLUSDT,ask,145,9597.362
2024-08-18 07:16:57,SOLUSDT,ask,160,25252.102
2024-08-18 07:17:24,SOLUSDT,ask,150,27109.202
2024-08-18 07:19:23,SOLUSDT,bid,135,27658.534
2024-08-18 07:19:44,SOLUSDT,bid,135,27658.904
2024-08-18 07:20:07,SOLUSDT,ask,150,27111.351
2024-08-18 07:22:12,SOLUSDT,ask,152,26273.732
2024-08-18 07:22:20,SOLUSDT,bid,131,11093.345
2024-08-18 07:22:30,SOLUSDT,bid,135,27558.904
2024-08-18 07:22:44,SOLUSDT,ask,145,9597.541
2024-08-18 07:23:12,SOLUSDT,ask,158,18767.736
2024-08-18 07:23:21,SOLUSDT,ask,152,26275.727
2024-08-18 07:23:42,SOLUSDT,bid,135,27556.323
2024-08-18 07:24:12,SOLUSDT,ask,150,27012.751
2024-08-18 07:24:30,SOLUSDT,bid,131,11092.732
2024-08-18 07:24:46,SOLUSDT,ask,145,9597.77
2024-08-18 07:24:51,SOLUSDT,bid,130,17022.007
2024-08-18 07:25:30,SOLUSDT,ask,150,27012.324
2024-08-18 07:26:21,SOLUSDT,ask,150,27023.324
2024-08-18 07:26:57,SOLUSDT,bid,135,27554.024
2024-08-18 07:27:09,SOLUSDT,ask,147,14519.467
2024-08-18 07:27:22,SOLUSDT,ask,150,27026.58
2024-08-18 07:28:06,SOLUSDT,ask,145,9581.26
2024-08-18 07:28:08,SOLUSDT,ask,175,12777.328
2024-08-18 07:28:21,SOLUSDT,bid,135,27553.802
2024-08-18 07:30:25,SOLUSDT,ask,150,27036.58
2024-08-18 07:31:30,SOLUSDT,ask,150,26996.647
2024-08-18 07:32:12,SOLUSDT,ask,150,26996.876
2024-08-18 07:32:23,SOLUSDT,ask,152,26283.186
2024-08-18 07:33:16,SOLUSDT,ask,145,9586.26
2024-08-18 07:33:24,SOLUSDT,ask,145,9581.26
2024-08-18 07:33:27,SOLUSDT,bid,111,16055.895
2024-08-18 07:33:37,SOLUSDT,ask,145,9584.11
2024-08-18 07:33:45,SOLUSDT,bid,130,17020.595
2024-08-18 07:33:46,SOLUSDT,bid,131,11092.143
2024-08-18 07:33:58,SOLUSDT,bid,122,9155.362
2024-08-18 07:34:52,SOLUSDT,bid,135,27550.048
2024-08-18 07:35:19,SOLUSDT,ask,145,9584.41
2024-08-18 07:35:32,SOLUSDT,bid,120,24931.345
2024-08-18 07:35:51,SOLUSDT,ask,250,18231.271
2024-08-18 07:35:58,SOLUSDT,ask,145,9583.641
2024-08-18 07:36:05,SOLUSDT,ask,165,17504.195
2024-08-18 07:36:11,SOLUSDT,ask,250,18230.79
2024-08-18 07:36:19,SOLUSDT,ask,145,9580.794
2024-08-18 07:36:23,SOLUSDT,ask,147,14521.673
2024-08-18 07:36:35,SOLUSDT,ask,148,9993.951
2024-08-18 07:36:45,SOLUSDT,ask,145,9581.563
2024-08-18 07:36:55,SOLUSDT,ask,148,9997.953
2024-08-18 07:37:06,SOLUSDT,ask,145,9580.218
2024-08-18 07:37:21,SOLUSDT,ask,150,26995.866
2024-08-18 07:37:47,SOLUSDT,ask,190,28424.4
2024-08-18 07:37:54,SOLUSDT,ask,145,9576.366
2024-08-18 07:38:27,SOLUSDT,ask,150,26995.91
2024-08-18 07:38:29,SOLUSDT,ask,147,14526.462
2024-08-18 07:38:46,SOLUSDT,bid,132,9224.312
2024-08-18 07:38:49,SOLUSDT,ask,152,26282.555
2024-08-18 07:38:53,SOLUSDT,ask,300,9357.799
2024-08-18 07:38:58,SOLUSDT,ask,200,44163.792
2024-08-18 07:39:10,SOLUSDT,ask,150,26996.576
2024-08-18 07:39:18,SOLUSDT,ask,147,14533.107
2024-08-18 07:39:27,SOLUSDT,ask,150,26996.622
2024-08-18 07:39:49,SOLUSDT,bid,120,24930.191
2024-08-18 07:39:50,SOLUSDT,bid,110,26482.273
2024-08-18 07:39:51,SOLUSDT,bid,133,8000.664
2024-08-18 07:39:58,SOLUSDT,ask,145,9807.367
2024-08-18 07:40:05,SOLUSDT,ask,145,9810.911
2024-08-18 07:40:15,SOLUSDT,bid,135,27550.008
2024-08-18 07:40:17,SOLUSDT,ask,145,9910.911
2024-08-18 07:40:19,SOLUSDT,ask,155,9422.597
2024-08-18 07:40:26,SOLUSDT,ask,150,26993.216
2024-08-18 07:40:34,SOLUSDT,ask,145,9911.542
2024-08-18 07:40:37,SOLUSDT,ask,147,14530.901
2024-08-18 07:40:41,SOLUSDT,ask,145,9914.948
2024-08-18 07:40:48,SOLUSDT,bid,135,27549.268
2024-08-18 07:40:53,SOLUSDT,ask,154,18025.523
2024-08-18 07:40:59,SOLUSDT,ask,145,9915.948
2024-08-18 07:41:09,SOLUSDT,ask,147,14532.351
2024-08-18 07:41:12,SOLUSDT,bid,130,17019.13
2024-08-18 07:41:24,SOLUSDT,ask,160,25253.08
2024-08-18 07:41:34,SOLUSDT,bid,120,24928.709
2024-08-18 07:41:40,SOLUSDT,bid,135,27549.026
2024-08-18 07:41:42,SOLUSDT,ask,148,9997.889
2024-08-18 07:41:43,SOLUSDT,ask,150,26995.882
2024-08-18 07:42:04,SOLUSDT,ask,150,26998.791
2024-08-18 07:42:19,SOLUSDT,bid,130,16989.13
2024-08-18 07:42:19,SOLUSDT,bid,130,16991.437
2024-08-18 07:42:29,SOLUSDT,bid,90,17606.426
2024-08-18 07:42:33,SOLUSDT,ask,150,26997.792
2024-08-18 07:42:33,SOLUSDT,ask,160,25254.079
2024-08-18 07:42:41,SOLUSDT,ask,190,28446.896
2024-08-18 07:42:42,SOLUSDT,ask,155,9421.491
2024-08-18 07:42:42,SOLUSDT,ask,160,25255.185
2024-08-18 07:43:03,SOLUSDT,ask,158,18765.905
2024-08-18 07:43:15,SOLUSDT,ask,145,9925.938
2024-08-18 07:43:31,SOLUSDT,ask,145,9928.618
2024-08-18 07:43:32,SOLUSDT,ask,150,26996.515
2024-08-18 07:43:53,SOLUSDT,ask,150,26996.316
2024-08-18 07:44:03,SOLUSDT,ask,150,27002.431
2024-08-18 07:44:04,SOLUSDT,ask,145,9929.618
2024-08-18 07:44:09,SOLUSDT,ask,145,9930.118
2024-08-18 07:44:09,SOLUSDT,ask,150,27001.231
2024-08-18 07:44:13,SOLUSDT,ask,170,14567.966
2024-08-18 07:44:27,SOLUSDT,ask,145,9933.685
2024-08-18 07:44:27,SOLUSDT,ask,150,26997.664
2024-08-18 07:44:27,SOLUSDT,ask,170,14578.623
2024-08-18 07:44:31,SOLUSDT,ask,145,9933.185
2024-08-18 07:44:40,SOLUSDT,ask,150,26998.553
2024-08-18 07:44:51,SOLUSDT,ask,150,26986.714
2024-08-18 07:44:52,SOLUSDT,ask,158,18766.408
2024-08-18 07:44:57,SOLUSDT,ask,190,28447.037
2024-08-18 07:44:57,SOLUSDT,ask,145,9933.448
2024-08-18 07:45:01,SOLUSDT,ask,150,27007.693
2024-08-18 07:45:04,SOLUSDT,ask,145,10037.833
2024-08-18 07:45:05,SOLUSDT,ask,145,10049.672
2024-08-18 07:45:14,SOLUSDT,ask,147,14532.451
2024-08-18 07:45:18,SOLUSDT,ask,145,10050.007
2024-08-18 07:45:19,SOLUSDT,ask,147,14534.451
2024-08-18 07:45:22,SOLUSDT,ask,145,10051.027
2024-08-18 07:45:31,SOLUSDT,ask,150,27029.213
2024-08-18 07:45:31,SOLUSDT,bid,120,24930.709
2024-08-18 07:45:40,SOLUSDT,bid,90,17596.426
2024-08-18 07:45:54,SOLUSDT,bid,131,11091.762
2024-08-18 07:45:54,SOLUSDT,ask,230,7431.362
2024-08-18 07:45:56,SOLUSDT,ask,145,10050.764
2024-08-18 07:45:56,SOLUSDT,ask,145,10050.551
2024-08-18 07:46:00,SOLUSDT,ask,145,10037.451
2024-08-18 07:46:08,SOLUSDT,ask,148,9997.241
2024-08-18 07:46:18,SOLUSDT,ask,165,17504.144
2024-08-18 07:46:18,SOLUSDT,ask,170,14578.572
2024-08-18 07:46:18,SOLUSDT,ask,180,22974.662
2024-08-18 07:46:18,SOLUSDT,ask,200,44163.741
2024-08-18 07:46:18,SOLUSDT,bid,135,27605.313
2024-08-18 07:46:18,SOLUSDT,bid,130,16991.386
2024-08-18 07:46:18,SOLUSDT,bid,125,22609.383
2024-08-18 07:46:18,SOLUSDT,bid,120,24930.658
2024-08-18 07:46:18,SOLUSDT,bid,115,22694.349
2024-08-18 07:46:18,SOLUSDT,bid,110,26482.222
2024-08-18 07:46:18,SOLUSDT,bid,105,9663.53
2024-08-18 07:46:18,SOLUSDT,bid,100,35957.373
2024-08-18 07:46:18,SOLUSDT,ask,145,10037.4
2024-08-18 07:46:18,SOLUSDT,ask,150,27029.162
2024-08-18 07:46:18,SOLUSDT,ask,155,9421.44
2024-08-18 07:46:18,SOLUSDT,ask,160,25255.134
2024-08-18 07:46:18,SOLUSDT,ask,175,12777.277
2024-08-18 07:46:18,SOLUSDT,ask,185,17028.624
2024-08-18 07:46:18,SOLUSDT,ask,190,28446.986
2024-08-18 07:46:18,SOLUSDT,ask,195,12233.129
