2024-09-15 07:00:12,SOLUSDT,ask,141,10267.0
2024-09-15 07:00:14,SOLUSDT,bid,133,10264.0
2024-09-15 07:00:41,SOLUSDT,ask,141,10264.0
2024-09-15 07:01:11,SOLUSDT,ask,141,10267.0
2024-09-15 07:01:37,SOLUSDT,bid,133,10271.0
2024-09-15 07:01:37,SOLUSDT,bid,135,8213.0
2024-09-15 07:01:37,SOLUSDT,ask,141,10264.0
2024-09-15 07:01:37,SOLUSDT,ask,138,8211.0
2024-09-15 07:01:47,SOLUSDT,bid,82,24332.0
2024-09-15 07:01:57,SOLUSDT,bid,134,16630.0
2024-09-15 07:02:31,SOLUSDT,bid,82,24332.0
2024-09-15 07:03:01,SOLUSDT,bid,135,26659.0
2024-09-15 07:03:27,SOLUSDT,bid,82,24332.0
2024-09-15 07:04:07,SOLUSDT,bid,128,8266.0
2024-09-15 07:04:14,SOLUSDT,ask,139,18167.0
2024-09-15 07:05:05,SOLUSDT,ask,139,13167.0
2024-09-15 07:07:08,SOLUSDT,ask,141,14279.0
2024-09-15 07:08:30,SOLUSDT,ask,138,8222.0
2024-09-15 07:08:36,SOLUSDT,ask,138,8231.0
2024-09-15 07:08:37,SOLUSDT,bid,135,26660.0
2024-09-15 07:08:42,SOLUSDT,bid,135,26671.0
2024-09-15 07:08:46,SOLUSDT,ask,138,8249.0
2024-09-15 07:08:53,SOLUSDT,bid,134,16641.0
2024-09-15 07:09:03,SOLUSDT,bid,135,26670.0
2024-09-15 07:09:49,SOLUSDT,ask,139,13168.0
2024-09-15 07:10:10,SOLUSDT,ask,139,13173.0
2024-09-15 07:10:15,SOLUSDT,bid,135,26393.0
2024-09-15 07:10:51,SOLUSDT,ask,140,7397.0
2024-09-15 07:10:58,SOLUSDT,bid,135,26405.0
2024-09-15 07:11:13,SOLUSDT,bid,125,12075.0
2024-09-15 07:12:08,SOLUSDT,ask,141,14212.0
2024-09-15 07:12:26,SOLUSDT,bid,133,10307.0
2024-09-15 07:12:27,SOLUSDT,bid,135,8211.0
2024-09-15 07:12:27,SOLUSDT,ask,141,10264.0
2024-09-15 07:12:27,SOLUSDT,ask,138,8220.0
2024-09-15 07:13:00,SOLUSDT,ask,138,8216.0
2024-09-15 07:13:06,SOLUSDT,bid,135,26401.0
2024-09-15 07:14:03,SOLUSDT,bid,134,17085.0
2024-09-15 07:14:15,SOLUSDT,ask,140,7401.0
2024-09-15 07:14:29,SOLUSDT,bid,134,17115.0
2024-09-15 07:14:30,SOLUSDT,ask,140,7403.0
2024-09-15 07:15:32,SOLUSDT,ask,190,42464.0
2024-09-15 07:15:43,SOLUSDT,ask,190,42475.0
2024-09-15 07:15:58,SOLUSDT,ask,140,7399.0
2024-09-15 07:16:03,SOLUSDT,ask,141,9156.0
2024-09-15 07:16:08,SOLUSDT,bid,134,17085.0
2024-09-15 07:18:33,SOLUSDT,bid,135,26381.0
2024-09-15 07:19:04,SOLUSDT,bid,134,16641.0
2024-09-15 07:19:48,SOLUSDT,bid,85,25293.0
2024-09-15 07:20:19,SOLUSDT,bid,135,26372.0
2024-09-15 07:20:25,SOLUSDT,bid,135,26369.0
2024-09-15 07:20:56,SOLUSDT,bid,135,26370.0
2024-09-15 07:20:56,SOLUSDT,ask,139,13174.0
2024-09-15 07:20:56,SOLUSDT,ask,140,7400.0
2024-09-15 07:22:27,SOLUSDT,bid,133,10269.0
2024-09-15 07:22:27,SOLUSDT,bid,135,8212.0
2024-09-15 07:22:28,SOLUSDT,ask,141,10266.0
2024-09-15 07:22:28,SOLUSDT,ask,138,8229.0
2024-09-15 07:23:07,SOLUSDT,bid,101,26769.0
2024-09-15 07:24:09,SOLUSDT,bid,134,16681.0
2024-09-15 07:24:43,SOLUSDT,ask,144,38955.0
2024-09-15 07:24:43,SOLUSDT,ask,138,8230.0
2024-09-15 07:24:53,SOLUSDT,ask,138,8229.0
2024-09-15 07:25:01,SOLUSDT,ask,139,13175.0
2024-09-15 07:25:13,SOLUSDT,bid,134,16731.0
2024-09-15 07:25:13,SOLUSDT,ask,139,13199.0
2024-09-15 07:25:23,SOLUSDT,bid,101,26074.0
2024-09-15 07:25:38,SOLUSDT,ask,151,14799.0
2024-09-15 07:26:04,SOLUSDT,ask,138,8217.0
2024-09-15 07:26:22,SOLUSDT,ask,146,15905.0
2024-09-15 07:26:38,SOLUSDT,ask,139,13209.0
2024-09-15 07:26:38,SOLUSDT,ask,141,9146.0
2024-09-15 07:28:06,SOLUSDT,ask,139,13199.0
2024-09-15 07:28:06,SOLUSDT,bid,128,8201.0
2024-09-15 07:28:30,SOLUSDT,bid,135,26371.0
2024-09-15 07:28:48,SOLUSDT,bid,134,16681.0
2024-09-15 07:29:03,SOLUSDT,bid,128,8202.0
2024-09-15 07:29:04,SOLUSDT,ask,151,14797.0
2024-09-15 07:29:11,SOLUSDT,bid,135,26385.0
2024-09-15 07:29:14,SOLUSDT,bid,125,12076.0
2024-09-15 07:30:03,SOLUSDT,bid,134,15333.0
2024-09-15 07:30:03,SOLUSDT,ask,144,38956.0
2024-09-15 07:30:21,SOLUSDT,bid,134,16682.0
2024-09-15 07:31:13,SOLUSDT,bid,135,26432.0
2024-09-15 07:31:18,SOLUSDT,ask,139,13176.0
2024-09-15 07:32:28,SOLUSDT,bid,133,10266.0
2024-09-15 07:32:28,SOLUSDT,bid,136,8212.0
2024-09-15 07:32:28,SOLUSDT,ask,141,10265.0
2024-09-15 07:32:28,SOLUSDT,ask,138,8211.0
2024-09-15 07:32:58,SOLUSDT,bid,135,26431.0
2024-09-15 07:33:11,SOLUSDT,ask,139,13153.0
2024-09-15 07:34:18,SOLUSDT,ask,139,13151.0
2024-09-15 07:34:18,SOLUSDT,ask,138,8215.0
2024-09-15 07:34:19,SOLUSDT,bid,135,26371.0
2024-09-15 07:35:00,SOLUSDT,bid,135,25427.0
2024-09-15 07:35:03,SOLUSDT,bid,135,25380.0
2024-09-15 07:35:54,SOLUSDT,bid,134,16681.0
2024-09-15 07:35:56,SOLUSDT,bid,135,25280.0
2024-09-15 07:37:19,SOLUSDT,ask,138,8211.0
2024-09-15 07:37:30,SOLUSDT,bid,135,25330.0
2024-09-15 07:37:32,SOLUSDT,ask,141,9163.0
2024-09-15 07:37:39,SOLUSDT,ask,140,7397.0
2024-09-15 07:37:46,SOLUSDT,bid,135,25430.0
2024-09-15 07:37:51,SOLUSDT,bid,135,25330.0
2024-09-15 07:38:48,SOLUSDT,bid,135,14648.0
2024-09-15 07:39:25,SOLUSDT,bid,135,25437.0
2024-09-15 07:39:27,SOLUSDT,ask,141,9146.0
2024-09-15 07:39:39,SOLUSDT,bid,132,8866.0
2024-09-15 07:40:22,SOLUSDT,bid,135,14638.0
2024-09-15 07:42:26,SOLUSDT,bid,133,10277.0
2024-09-15 07:42:26,SOLUSDT,bid,136,8276.0
2024-09-15 07:42:26,SOLUSDT,ask,141,10285.0
2024-09-15 07:42:26,SOLUSDT,ask,138,8229.0
2024-09-15 07:42:48,SOLUSDT,ask,190,42526.0
2024-09-15 07:42:55,SOLUSDT,bid,135,14652.0
2024-09-15 07:43:10,SOLUSDT,bid,135,14638.0
2024-09-15 07:43:53,SOLUSDT,bid,134,16680.0
2024-09-15 07:44:15,SOLUSDT,ask,145,25014.0
2024-09-15 07:45:02,SOLUSDT,ask,141,10352.0
2024-09-15 07:45:28,SOLUSDT,ask,140,7422.0
2024-09-15 07:45:46,SOLUSDT,bid,125,13076.0
2024-09-15 07:46:38,SOLUSDT,bid,135,25337.0
2024-09-15 07:46:42,SOLUSDT,ask,139,13222.0
2024-09-15 07:47:02,SOLUSDT,bid,135,25297.0
2024-09-15 07:47:43,SOLUSDT,ask,140,7579.0
2024-09-15 07:48:00,SOLUSDT,ask,140,7558.0
2024-09-15 07:48:37,SOLUSDT,ask,140,7579.0
2024-09-15 07:48:53,SOLUSDT,bid,134,15480.0
2024-09-15 07:49:00,SOLUSDT,bid,135,14663.0
2024-09-15 07:49:00,SOLUSDT,bid,110,20567.0
2024-09-15 07:49:50,SOLUSDT,bid,135,14638.0
2024-09-15 07:49:58,SOLUSDT,bid,125,12076.0
2024-09-15 07:50:02,SOLUSDT,ask,141,10285.0
2024-09-15 07:50:07,SOLUSDT,ask,139,13215.0
2024-09-15 07:51:13,SOLUSDT,ask,141,9143.0
2024-09-15 07:51:13,SOLUSDT,ask,147,21587.0
2024-09-15 07:51:37,SOLUSDT,bid,135,25285.0
2024-09-15 07:51:56,SOLUSDT,ask,141,9179.0
2024-09-15 07:52:17,SOLUSDT,ask,140,7580.0
2024-09-15 07:52:28,SOLUSDT,bid,133,10264.0
2024-09-15 07:52:28,SOLUSDT,bid,136,8211.0
2024-09-15 07:52:28,SOLUSDT,ask,141,10266.0
2024-09-15 07:52:29,SOLUSDT,ask,138,8235.0
2024-09-15 07:52:49,SOLUSDT,bid,135,26285.0
2024-09-15 07:52:57,SOLUSDT,bid,128,8195.0
2024-09-15 07:53:20,SOLUSDT,bid,135,26278.0
2024-09-15 07:54:15,SOLUSDT,ask,141,9180.0
2024-09-15 07:54:25,SOLUSDT,ask,139,12923.0
2024-09-15 07:54:42,SOLUSDT,ask,145,25232.0
2024-09-15 07:55:10,SOLUSDT,ask,141,9188.0
2024-09-15 07:55:18,SOLUSDT,ask,139,12867.0
2024-09-15 07:55:51,SOLUSDT,bid,136,8211.0
2024-09-15 07:55:51,SOLUSDT,bid,136,8216.0
2024-09-15 07:55:53,SOLUSDT,bid,133,10305.0
2024-09-15 07:55:53,SOLUSDT,bid,136,8211.0
2024-09-15 07:55:53,SOLUSDT,ask,141,10266.0
2024-09-15 07:55:54,SOLUSDT,ask,138,8211.0
2024-09-15 07:55:56,SOLUSDT,ask,139,12900.0
2024-09-15 07:56:21,SOLUSDT,ask,140,7579.0
2024-09-15 07:56:48,SOLUSDT,bid,135,26204.0
2024-09-15 07:56:49,SOLUSDT,bid,135,26197.0
2024-09-15 07:57:00,SOLUSDT,ask,140,7643.0
2024-09-15 07:57:01,SOLUSDT,ask,140,7707.0
2024-09-15 07:57:02,SOLUSDT,bid,134,16751.0
2024-09-15 07:57:02,SOLUSDT,bid,134,16822.0
2024-09-15 07:57:07,SOLUSDT,ask,140,7550.0
2024-09-15 07:57:30,SOLUSDT,ask,141,9191.0
2024-09-15 07:57:31,SOLUSDT,bid,134,16874.0
2024-09-15 07:57:31,SOLUSDT,bid,134,16933.0
2024-09-15 07:57:32,SOLUSDT,bid,135,26684.0
2024-09-15 07:57:34,SOLUSDT,bid,132,8864.0
2024-09-15 07:57:36,SOLUSDT,bid,134,16970.0
2024-09-15 07:58:24,SOLUSDT,ask,141,9201.0
2024-09-15 07:58:33,SOLUSDT,bid,134,15476.0
2024-09-15 07:58:39,SOLUSDT,ask,140,7551.0
2024-09-15 07:58:43,SOLUSDT,bid,135,26197.0
2024-09-15 07:59:09,SOLUSDT,bid,134,16911.0
2024-09-15 07:59:10,SOLUSDT,bid,134,16859.0
2024-09-15 07:59:16,SOLUSDT,bid,134,16822.0
2024-09-15 07:59:29,SOLUSDT,bid,134,16820.0
2024-09-15 07:59:29,SOLUSDT,bid,135,26196.0
2024-09-15 07:59:39,SOLUSDT,ask,140,7550.0
2024-09-15 08:00:01,SOLUSDT,bid,132,8874.0
2024-09-15 08:00:42,SOLUSDT,ask,141,9231.0
2024-09-15 08:01:00,SOLUSDT,ask,141,9256.0
2024-09-15 08:01:07,SOLUSDT,bid,132,8871.0
2024-09-15 08:01:22,SOLUSDT,bid,132,9017.0
2024-09-15 08:01:37,SOLUSDT,ask,147,21607.0
2024-09-15 08:01:52,SOLUSDT,bid,135,26184.0
2024-09-15 08:02:01,SOLUSDT,ask,140,7486.0
2024-09-15 08:02:01,SOLUSDT,ask,140,7422.0
2024-09-15 08:02:03,SOLUSDT,bid,134,16749.0
2024-09-15 08:02:04,SOLUSDT,bid,134,16678.0
2024-09-15 08:02:26,SOLUSDT,bid,133,10264.0
2024-09-15 08:02:26,SOLUSDT,bid,136,8212.0
2024-09-15 08:02:26,SOLUSDT,ask,141,10292.0
2024-09-15 08:02:26,SOLUSDT,ask,138,8211.0
2024-09-15 08:03:01,SOLUSDT,bid,136,9079.0
2024-09-15 08:03:37,SOLUSDT,bid,136,8212.0
2024-09-15 08:04:24,SOLUSDT,bid,134,15535.0
2024-09-15 08:04:55,SOLUSDT,bid,135,26188.0
2024-09-15 08:05:14,SOLUSDT,bid,134,16972.0
2024-09-15 08:05:21,SOLUSDT,bid,134,15388.0
2024-09-15 08:06:04,SOLUSDT,bid,134,15329.0
2024-09-15 08:06:13,SOLUSDT,ask,141,9270.0
2024-09-15 08:06:19,SOLUSDT,bid,135,14734.0
2024-09-15 08:06:20,SOLUSDT,bid,135,14638.0
2024-09-15 08:06:32,SOLUSDT,bid,135,26184.0
2024-09-15 08:06:50,SOLUSDT,ask,141,9278.0
2024-09-15 08:06:50,SOLUSDT,bid,135,26190.0
2024-09-15 08:07:03,SOLUSDT,ask,140,14444.0
2024-09-15 08:07:04,SOLUSDT,ask,140,14461.0
2024-09-15 08:07:05,SOLUSDT,ask,140,14528.0
2024-09-15 08:07:07,SOLUSDT,ask,140,14595.0
2024-09-15 08:07:18,SOLUSDT,ask,140,14578.0
2024-09-15 08:07:29,SOLUSDT,ask,140,14560.0
2024-09-15 08:08:19,SOLUSDT,ask,141,9286.0
2024-09-15 08:08:26,SOLUSDT,ask,141,9296.0
2024-09-15 08:09:00,SOLUSDT,bid,134,16970.0
2024-09-15 08:09:30,SOLUSDT,ask,141,9298.0
2024-09-15 08:09:45,SOLUSDT,ask,141,9308.0
2024-09-15 08:10:11,SOLUSDT,ask,141,9355.0
2024-09-15 08:10:16,SOLUSDT,bid,120,14612.0
2024-09-15 08:10:23,SOLUSDT,bid,120,14283.0
2024-09-15 08:10:30,SOLUSDT,bid,135,26191.0
2024-09-15 08:10:45,SOLUSDT,ask,141,9358.0
2024-09-15 08:10:45,SOLUSDT,ask,145,25229.0
2024-09-15 08:11:01,SOLUSDT,ask,141,9360.0
2024-09-15 08:11:33,SOLUSDT,bid,134,17056.0
2024-09-15 08:11:54,SOLUSDT,bid,135,26211.0
2024-09-15 08:12:05,SOLUSDT,ask,140,14493.0
2024-09-15 08:12:08,SOLUSDT,ask,140,14426.0
2024-09-15 08:12:15,SOLUSDT,ask,141,9362.0
2024-09-15 08:12:20,SOLUSDT,bid,135,26201.0
2024-09-15 08:12:26,SOLUSDT,bid,133,10987.0
2024-09-15 08:12:26,SOLUSDT,bid,135,8220.0
2024-09-15 08:12:27,SOLUSDT,ask,141,10308.0
2024-09-15 08:12:27,SOLUSDT,ask,138,8212.0
2024-09-15 08:12:32,SOLUSDT,bid,134,15366.0
2024-09-15 08:12:57,SOLUSDT,ask,141,10300.0
2024-09-15 08:13:12,SOLUSDT,ask,138,8404.0
2024-09-15 08:13:12,SOLUSDT,ask,138,8500.0
2024-09-15 08:13:13,SOLUSDT,ask,138,8308.0
2024-09-15 08:13:13,SOLUSDT,ask,138,8212.0
2024-09-15 08:13:17,SOLUSDT,ask,138,8308.0
2024-09-15 08:13:17,SOLUSDT,ask,138,8212.0
2024-09-15 08:13:19,SOLUSDT,ask,140,7421.0
2024-09-15 08:13:21,SOLUSDT,ask,145,25223.0
2024-09-15 08:13:37,SOLUSDT,ask,140,7422.0
2024-09-15 08:14:11,SOLUSDT,bid,134,15329.0
2024-09-15 08:14:39,SOLUSDT,ask,141,10265.0
2024-09-15 08:14:51,SOLUSDT,bid,128,8200.0
2024-09-15 08:14:56,SOLUSDT,ask,141,9366.0
2024-09-15 08:15:06,SOLUSDT,ask,139,12867.0
2024-09-15 08:16:46,SOLUSDT,bid,133,10292.0
2024-09-15 08:16:46,SOLUSDT,bid,136,8211.0
2024-09-15 08:16:47,SOLUSDT,ask,141,10264.0
2024-09-15 08:16:47,SOLUSDT,ask,138,8213.0
2024-09-15 08:17:27,SOLUSDT,ask,141,11646.0
2024-09-15 08:17:43,SOLUSDT,ask,140,9564.0
2024-09-15 08:17:44,SOLUSDT,bid,135,26203.0
2024-09-15 08:17:56,SOLUSDT,bid,120,14244.0
2024-09-15 08:18:12,SOLUSDT,bid,82,24243.0
2024-09-15 08:18:17,SOLUSDT,bid,134,15470.0
2024-09-15 08:18:18,SOLUSDT,bid,132,9006.0
2024-09-15 08:18:18,SOLUSDT,bid,134,16909.0
2024-09-15 08:18:18,SOLUSDT,bid,134,16762.0
2024-09-15 08:18:21,SOLUSDT,bid,134,16763.0
2024-09-15 08:18:24,SOLUSDT,bid,135,26208.0
2024-09-15 08:18:46,SOLUSDT,bid,134,16762.0
2024-09-15 08:19:45,SOLUSDT,ask,143,14103.0
2024-09-15 08:19:55,SOLUSDT,ask,140,9664.0
2024-09-15 08:19:55,SOLUSDT,ask,144,38856.0
2024-09-15 08:20:00,SOLUSDT,ask,145,25419.0
2024-09-15 08:20:10,SOLUSDT,bid,136,8221.0
2024-09-15 08:20:13,SOLUSDT,bid,136,8211.0
2024-09-15 08:20:43,SOLUSDT,bid,135,26188.0
2024-09-15 08:21:10,SOLUSDT,bid,134,16763.0
2024-09-15 08:21:26,SOLUSDT,bid,132,9007.0
2024-09-15 08:21:26,SOLUSDT,bid,134,16762.0
2024-09-15 08:21:35,SOLUSDT,ask,147,21587.0
2024-09-15 08:22:19,SOLUSDT,bid,133,10264.0
2024-09-15 08:22:19,SOLUSDT,bid,136,8211.0
2024-09-15 08:22:19,SOLUSDT,ask,141,10264.0
2024-09-15 08:22:19,SOLUSDT,ask,138,8211.0
2024-09-15 08:22:24,SOLUSDT,bid,135,26195.0
2024-09-15 08:22:25,SOLUSDT,bid,132,9008.0
2024-09-15 08:22:27,SOLUSDT,bid,132,9009.0
2024-09-15 08:22:28,SOLUSDT,bid,132,9010.0
2024-09-15 08:22:51,SOLUSDT,ask,139,12872.0
2024-09-15 08:22:57,SOLUSDT,ask,141,11654.0
2024-09-15 08:23:15,SOLUSDT,bid,134,16763.0
2024-09-15 08:23:55,SOLUSDT,bid,135,25604.0
2024-09-15 08:23:55,SOLUSDT,ask,146,15470.0
2024-09-15 08:24:14,SOLUSDT,ask,139,12871.0
2024-09-15 08:24:15,SOLUSDT,ask,141,11657.0
2024-09-15 08:24:20,SOLUSDT,bid,134,16762.0
2024-09-15 08:24:22,SOLUSDT,ask,145,25420.0
2024-09-15 08:24:42,SOLUSDT,ask,139,12634.0
2024-09-15 08:24:46,SOLUSDT,ask,143,13964.0
2024-09-15 08:24:46,SOLUSDT,ask,139,12635.0
2024-09-15 08:24:46,SOLUSDT,ask,145,25419.0
2024-09-15 08:24:51,SOLUSDT,ask,141,11654.0
2024-09-15 08:25:03,SOLUSDT,bid,135,26899.0
2024-09-15 08:25:15,SOLUSDT,ask,140,9663.0
2024-09-15 08:25:25,SOLUSDT,ask,141,11652.0
2024-09-15 08:25:43,SOLUSDT,bid,135,25604.0
2024-09-15 08:25:47,SOLUSDT,ask,141,11653.0
2024-09-15 08:25:56,SOLUSDT,ask,141,11660.0
2024-09-15 08:25:58,SOLUSDT,ask,139,12634.0
2024-09-15 08:25:58,SOLUSDT,ask,141,10299.0
2024-09-15 08:26:10,SOLUSDT,ask,141,11662.0
2024-09-15 08:26:16,SOLUSDT,ask,141,11665.0
2024-09-15 08:26:42,SOLUSDT,ask,140,9763.0
2024-09-15 08:26:52,SOLUSDT,ask,141,11765.0
2024-09-15 08:26:52,SOLUSDT,bid,134,16760.0
2024-09-15 08:26:58,SOLUSDT,ask,141,11768.0
2024-09-15 08:27:01,SOLUSDT,ask,141,11765.0
2024-09-15 08:27:04,SOLUSDT,bid,125,12074.0
2024-09-15 08:27:18,SOLUSDT,bid,110,20566.0
2024-09-15 08:27:35,SOLUSDT,ask,147,24179.0
2024-09-15 08:27:38,SOLUSDT,ask,140,9769.0
2024-09-15 08:27:51,SOLUSDT,bid,135,25455.0
2024-09-15 08:28:06,SOLUSDT,ask,140,9763.0
2024-09-15 08:28:12,SOLUSDT,bid,135,14674.0
2024-09-15 08:28:13,SOLUSDT,bid,135,14638.0
2024-09-15 08:28:46,SOLUSDT,ask,140,10004.0
2024-09-15 08:28:54,SOLUSDT,bid,134,16761.0
2024-09-15 08:28:56,SOLUSDT,ask,139,12636.0
2024-09-15 08:29:01,SOLUSDT,bid,132,9008.0
2024-09-15 08:29:32,SOLUSDT,ask,141,10264.0
2024-09-15 08:29:45,SOLUSDT,bid,134,16760.0
2024-09-15 08:30:02,SOLUSDT,ask,138,8307.0
2024-09-15 08:30:03,SOLUSDT,ask,138,8211.0
2024-09-15 08:30:08,SOLUSDT,ask,141,11772.0
2024-09-15 08:30:25,SOLUSDT,bid,134,16761.0
2024-09-15 08:30:53,SOLUSDT,bid,134,16760.0
2024-09-15 08:31:05,SOLUSDT,ask,138,8307.0
2024-09-15 08:31:05,SOLUSDT,ask,138,8211.0
2024-09-15 08:31:08,SOLUSDT,ask,141,11780.0
2024-09-15 08:31:15,SOLUSDT,bid,135,25454.0
2024-09-15 08:31:30,SOLUSDT,bid,125,12075.0
2024-09-15 08:31:30,SOLUSDT,ask,145,25420.0
2024-09-15 08:31:32,SOLUSDT,ask,139,12646.0
2024-09-15 08:32:04,SOLUSDT,ask,139,12636.0
2024-09-15 08:32:15,SOLUSDT,bid,133,10264.0
2024-09-15 08:32:15,SOLUSDT,bid,136,8211.0
2024-09-15 08:32:16,SOLUSDT,ask,141,10331.0
2024-09-15 08:32:16,SOLUSDT,ask,138,8252.0
2024-09-15 08:32:16,SOLUSDT,bid,134,16761.0
2024-09-15 08:32:24,SOLUSDT,ask,139,12690.0
2024-09-15 08:32:30,SOLUSDT,ask,140,10002.0
2024-09-15 08:32:44,SOLUSDT,bid,134,16760.0
2024-09-15 08:32:46,SOLUSDT,ask,145,25422.0
2024-09-15 08:32:51,SOLUSDT,bid,128,8201.0
2024-09-15 08:32:56,SOLUSDT,ask,140,10001.0
2024-09-15 08:33:11,SOLUSDT,ask,139,12691.0
2024-09-15 08:33:33,SOLUSDT,ask,141,11773.0
2024-09-15 08:33:49,SOLUSDT,ask,139,12695.0
2024-09-15 08:34:01,SOLUSDT,ask,139,12698.0
2024-09-15 08:34:02,SOLUSDT,ask,145,25423.0
2024-09-15 08:34:04,SOLUSDT,ask,140,9979.0
2024-09-15 08:34:04,SOLUSDT,ask,141,10264.0
2024-09-15 08:34:38,SOLUSDT,ask,145,25422.0
2024-09-15 08:34:38,SOLUSDT,ask,147,24181.0
2024-09-15 08:34:51,SOLUSDT,bid,135,25452.0
2024-09-15 08:34:52,SOLUSDT,ask,140,9999.0
2024-09-15 08:35:01,SOLUSDT,ask,139,12644.0
2024-09-15 08:35:01,SOLUSDT,ask,139,12665.0
2024-09-15 08:35:27,SOLUSDT,ask,141,11787.0
2024-09-15 08:35:41,SOLUSDT,bid,134,16761.0
2024-09-15 08:36:44,SOLUSDT,ask,140,14443.0
2024-09-15 08:36:49,SOLUSDT,ask,140,14460.0
2024-09-15 08:37:00,SOLUSDT,ask,140,10002.0
2024-09-15 08:37:02,SOLUSDT,bid,135,25402.0
2024-09-15 08:37:06,SOLUSDT,ask,141,12047.0
2024-09-15 08:37:14,SOLUSDT,ask,140,14443.0
2024-09-15 08:37:31,SOLUSDT,ask,141,12056.0
2024-09-15 08:37:47,SOLUSDT,ask,140,14426.0
2024-09-15 08:37:51,SOLUSDT,bid,134,16561.0
2024-09-15 08:38:12,SOLUSDT,ask,140,9982.0
2024-09-15 08:38:15,SOLUSDT,bid,128,8159.0
2024-09-15 08:38:18,SOLUSDT,ask,141,12126.0
2024-09-15 08:38:46,SOLUSDT,bid,134,16560.0
2024-09-15 08:39:12,SOLUSDT,bid,134,16561.0
2024-09-15 08:39:16,SOLUSDT,bid,135,25406.0
2024-09-15 08:39:22,SOLUSDT,bid,132,9043.0
2024-09-15 08:39:26,SOLUSDT,bid,128,8163.0
2024-09-15 08:39:29,SOLUSDT,bid,125,12079.0
2024-09-15 08:39:40,SOLUSDT,bid,134,16560.0
2024-09-15 08:39:40,SOLUSDT,bid,120,14248.0
2024-09-15 08:39:47,SOLUSDT,bid,125,12083.0
2024-09-15 08:39:47,SOLUSDT,bid,132,9045.0
2024-09-15 08:39:47,SOLUSDT,bid,135,25404.0
2024-09-15 08:40:10,SOLUSDT,bid,125,12084.0
2024-09-15 08:40:27,SOLUSDT,ask,139,12666.0
2024-09-15 08:40:32,SOLUSDT,ask,140,9983.0
2024-09-15 08:40:37,SOLUSDT,bid,120,14239.0
2024-09-15 08:40:44,SOLUSDT,ask,139,12670.0
2024-09-15 08:41:14,SOLUSDT,ask,139,12677.0
2024-09-15 08:41:38,SOLUSDT,ask,140,9987.0
2024-09-15 08:41:57,SOLUSDT,bid,135,25398.0
2024-09-15 08:42:28,SOLUSDT,bid,133,10264.0
2024-09-15 08:42:28,SOLUSDT,bid,136,8214.0
2024-09-15 08:42:28,SOLUSDT,ask,141,10264.0
2024-09-15 08:42:28,SOLUSDT,ask,139,8211.0
2024-09-15 08:42:43,SOLUSDT,ask,140,9988.0
2024-09-15 08:43:07,SOLUSDT,bid,135,25401.0
2024-09-15 08:43:11,SOLUSDT,bid,132,9036.0
2024-09-15 08:43:35,SOLUSDT,bid,132,9037.0
2024-09-15 08:43:35,SOLUSDT,ask,140,9989.0
2024-09-15 08:43:54,SOLUSDT,ask,140,9988.0
2024-09-15 08:44:58,SOLUSDT,ask,139,12678.0
2024-09-15 08:44:59,SOLUSDT,bid,132,9035.0
2024-09-15 08:45:17,SOLUSDT,bid,135,25438.0
2024-09-15 08:45:33,SOLUSDT,ask,140,9948.0
2024-09-15 08:45:42,SOLUSDT,ask,139,12741.0
2024-09-15 08:45:43,SOLUSDT,ask,141,12141.0
2024-09-15 08:46:33,SOLUSDT,bid,110,20583.0
2024-09-15 08:46:33,SOLUSDT,bid,112,15379.0
2024-09-15 08:46:33,SOLUSDT,bid,120,14255.0
2024-09-15 08:46:33,SOLUSDT,bid,128,8178.0
2024-09-15 08:46:33,SOLUSDT,bid,132,9049.0
2024-09-15 08:46:50,SOLUSDT,ask,147,24179.0
2024-09-15 08:47:07,SOLUSDT,bid,128,8107.0
2024-09-15 08:47:09,SOLUSDT,ask,139,12740.0
2024-09-15 08:48:29,SOLUSDT,bid,135,25435.0
2024-09-15 08:48:51,SOLUSDT,bid,135,25398.0
2024-09-15 08:48:57,SOLUSDT,ask,145,25372.0
2024-09-15 08:49:47,SOLUSDT,bid,110,20574.0
2024-09-15 08:49:47,SOLUSDT,bid,115,11683.0
2024-09-15 08:49:47,SOLUSDT,bid,120,14251.0
2024-09-15 08:49:47,SOLUSDT,bid,125,12080.0
2024-09-15 08:49:47,SOLUSDT,ask,140,9927.0
2024-09-15 08:50:39,SOLUSDT,ask,139,12747.0
2024-09-15 08:50:41,SOLUSDT,ask,141,12143.0
2024-09-15 08:50:58,SOLUSDT,ask,141,12144.0
2024-09-15 08:51:16,SOLUSDT,ask,144,38870.0
2024-09-15 08:51:32,SOLUSDT,ask,141,12140.0
2024-09-15 08:52:06,SOLUSDT,ask,139,13247.0
2024-09-15 08:52:20,SOLUSDT,ask,140,9925.0
2024-09-15 08:52:28,SOLUSDT,bid,133,10270.0
2024-09-15 08:52:28,SOLUSDT,bid,136,8211.0
2024-09-15 08:52:29,SOLUSDT,ask,141,10264.0
2024-09-15 08:52:29,SOLUSDT,ask,139,8211.0
2024-09-15 08:52:39,SOLUSDT,ask,140,9926.0
2024-09-15 08:52:44,SOLUSDT,bid,132,8949.0
2024-09-15 08:53:10,SOLUSDT,ask,139,13397.0
2024-09-15 08:53:16,SOLUSDT,ask,140,9879.0
2024-09-15 08:53:31,SOLUSDT,bid,135,25393.0
2024-09-15 08:54:32,SOLUSDT,ask,139,13396.0
2024-09-15 08:54:55,SOLUSDT,ask,140,9880.0
2024-09-15 08:55:14,SOLUSDT,ask,140,9879.0
2024-09-15 08:55:20,SOLUSDT,ask,139,13395.0
2024-09-15 08:56:48,SOLUSDT,ask,141,12143.0
2024-09-15 08:57:30,SOLUSDT,ask,141,12138.0
2024-09-15 08:57:52,SOLUSDT,ask,139,13396.0
2024-09-15 08:58:01,SOLUSDT,bid,132,8954.0
2024-09-15 08:58:43,SOLUSDT,bid,135,25388.0
2024-09-15 08:58:50,SOLUSDT,ask,139,13395.0
2024-09-15 08:58:54,SOLUSDT,ask,140,14451.0
2024-09-15 08:59:13,SOLUSDT,bid,128,8367.0
2024-09-15 08:59:18,SOLUSDT,ask,139,13399.0
2024-09-15 09:00:24,SOLUSDT,bid,120,14517.0
2024-09-15 09:00:35,SOLUSDT,bid,115,11682.0
2024-09-15 09:02:11,SOLUSDT,ask,140,9871.0
2024-09-15 09:02:17,SOLUSDT,bid,133,10276.0
2024-09-15 09:02:17,SOLUSDT,bid,136,8225.0
2024-09-15 09:02:18,SOLUSDT,ask,139,8212.0
2024-09-15 09:02:32,SOLUSDT,ask,140,14481.0
2024-09-15 09:02:34,SOLUSDT,ask,139,13410.0
2024-09-15 09:02:56,SOLUSDT,bid,132,8948.0
2024-09-15 09:04:14,SOLUSDT,ask,145,25370.0
2024-09-15 09:04:42,SOLUSDT,bid,115,11596.0
2024-09-15 09:05:15,SOLUSDT,ask,139,13411.0
2024-09-15 09:05:36,SOLUSDT,ask,141,10264.0
2024-09-15 09:05:42,SOLUSDT,ask,140,9846.0
2024-09-15 09:05:49,SOLUSDT,ask,140,9844.0
2024-09-15 09:06:06,SOLUSDT,ask,145,25395.0
2024-09-15 09:07:50,SOLUSDT,bid,85,25292.0
2024-09-15 09:08:02,SOLUSDT,ask,145,25394.0
2024-09-15 09:08:03,SOLUSDT,bid,135,25387.0
2024-09-15 09:08:05,SOLUSDT,ask,147,24077.0
2024-09-15 09:08:57,SOLUSDT,bid,125,12042.0
2024-09-15 09:09:25,SOLUSDT,ask,141,12156.0
2024-09-15 09:09:25,SOLUSDT,ask,141,12195.0
2024-09-15 09:10:12,SOLUSDT,ask,141,12202.0
2024-09-15 09:10:35,SOLUSDT,bid,133,10267.0
2024-09-15 09:10:36,SOLUSDT,bid,136,8212.0
2024-09-15 09:10:36,SOLUSDT,ask,141,10264.0
2024-09-15 09:10:36,SOLUSDT,ask,138,8312.0
2024-09-15 09:10:46,SOLUSDT,bid,135,26987.0
2024-09-15 09:11:44,SOLUSDT,ask,141,12163.0
2024-09-15 09:11:45,SOLUSDT,bid,132,8698.0
2024-09-15 09:12:13,SOLUSDT,bid,135,26957.0
2024-09-15 09:12:17,SOLUSDT,bid,132,8695.0
2024-09-15 09:12:17,SOLUSDT,bid,135,26950.0
2024-09-15 09:12:19,SOLUSDT,bid,135,26990.0
2024-09-15 09:12:31,SOLUSDT,bid,135,26998.0
2024-09-15 09:12:37,SOLUSDT,ask,190,42515.0
2024-09-15 09:12:38,SOLUSDT,ask,140,9843.0
2024-09-15 09:12:45,SOLUSDT,bid,110,20572.0
2024-09-15 09:13:01,SOLUSDT,bid,132,8696.0
2024-09-15 09:13:13,SOLUSDT,bid,110,20573.0
2024-09-15 09:13:13,SOLUSDT,bid,110,20572.0
2024-09-15 09:13:13,SOLUSDT,bid,110,20573.0
2024-09-15 09:13:13,SOLUSDT,bid,110,20572.0
2024-09-15 09:13:14,SOLUSDT,bid,110,20574.0
2024-09-15 09:13:14,SOLUSDT,bid,110,20575.0
2024-09-15 09:13:14,SOLUSDT,bid,110,20574.0
2024-09-15 09:13:14,SOLUSDT,bid,110,20575.0
2024-09-15 09:13:15,SOLUSDT,bid,110,20574.0
2024-09-15 09:13:15,SOLUSDT,bid,110,20574.0
2024-09-15 09:13:16,SOLUSDT,bid,110,20574.0
2024-09-15 09:13:16,SOLUSDT,bid,110,20574.0
2024-09-15 09:13:17,SOLUSDT,bid,132,8697.0
2024-09-15 09:13:17,SOLUSDT,bid,110,20574.0
2024-09-15 09:13:17,SOLUSDT,bid,110,20574.0
2024-09-15 09:13:17,SOLUSDT,bid,132,8698.0
2024-09-15 09:13:17,SOLUSDT,bid,110,20575.0
2024-09-15 09:13:17,SOLUSDT,bid,110,20574.0
2024-09-15 09:13:18,SOLUSDT,bid,110,20575.0
2024-09-15 09:13:18,SOLUSDT,bid,110,20574.0
2024-09-15 09:13:19,SOLUSDT,bid,110,20575.0
2024-09-15 09:13:19,SOLUSDT,bid,110,20574.0
2024-09-15 09:13:19,SOLUSDT,bid,110,20574.0
2024-09-15 09:13:20,SOLUSDT,bid,110,20574.0
2024-09-15 09:13:52,SOLUSDT,bid,135,25398.0
2024-09-15 09:14:22,SOLUSDT,ask,141,12201.0
2024-09-15 09:14:34,SOLUSDT,ask,140,14536.0
2024-09-15 09:14:55,SOLUSDT,bid,128,8438.0
2024-09-15 09:15:08,SOLUSDT,ask,139,13421.0
2024-09-15 09:15:12,SOLUSDT,ask,141,12198.0
2024-09-15 09:15:18,SOLUSDT,bid,110,20575.0
2024-09-15 09:15:19,SOLUSDT,bid,110,20574.0
2024-09-15 09:15:22,SOLUSDT,ask,139,13411.0
2024-09-15 09:15:44,SOLUSDT,bid,135,25358.0
2024-09-15 09:15:54,SOLUSDT,ask,145,25397.0
2024-09-15 09:16:03,SOLUSDT,bid,110,20574.0
2024-09-15 09:16:04,SOLUSDT,bid,110,20575.0
2024-09-15 09:16:04,SOLUSDT,bid,110,20574.0
2024-09-15 09:16:04,SOLUSDT,bid,110,20575.0
2024-09-15 09:16:04,SOLUSDT,bid,110,20574.0
2024-09-15 09:16:04,SOLUSDT,bid,110,20575.0
2024-09-15 09:16:04,SOLUSDT,bid,110,20574.0
2024-09-15 09:16:04,SOLUSDT,ask,141,10272.0
2024-09-15 09:16:04,SOLUSDT,bid,132,8699.0
2024-09-15 09:16:05,SOLUSDT,bid,110,20575.0
2024-09-15 09:16:05,SOLUSDT,bid,110,20574.0
2024-09-15 09:16:05,SOLUSDT,bid,110,20574.0
2024-09-15 09:16:06,SOLUSDT,bid,110,20574.0
2024-09-15 09:16:07,SOLUSDT,bid,110,20574.0
2024-09-15 09:16:07,SOLUSDT,bid,132,8700.0
2024-09-15 09:16:07,SOLUSDT,bid,110,20574.0
2024-09-15 09:16:08,SOLUSDT,bid,110,20574.0
2024-09-15 09:16:08,SOLUSDT,bid,110,20575.0
2024-09-15 09:16:08,SOLUSDT,bid,110,20574.0
2024-09-15 09:16:09,SOLUSDT,bid,110,20575.0
2024-09-15 09:16:09,SOLUSDT,bid,110,20574.0
2024-09-15 09:16:09,SOLUSDT,bid,110,20575.0
2024-09-15 09:16:09,SOLUSDT,bid,110,20574.0
2024-09-15 09:16:10,SOLUSDT,bid,110,20575.0
2024-09-15 09:16:10,SOLUSDT,bid,110,20574.0
2024-09-15 09:16:10,SOLUSDT,bid,110,20575.0
2024-09-15 09:16:10,SOLUSDT,bid,110,20574.0
2024-09-15 09:16:11,SOLUSDT,bid,110,20575.0
2024-09-15 09:16:11,SOLUSDT,bid,110,20574.0
2024-09-15 09:16:12,SOLUSDT,bid,110,20575.0
2024-09-15 09:16:12,SOLUSDT,bid,110,20574.0
2024-09-15 09:16:12,SOLUSDT,bid,110,20575.0
2024-09-15 09:16:12,SOLUSDT,bid,110,20574.0
2024-09-15 09:16:13,SOLUSDT,bid,110,20575.0
2024-09-15 09:16:13,SOLUSDT,bid,110,20574.0
2024-09-15 09:16:14,SOLUSDT,bid,110,20574.0
2024-09-15 09:16:15,SOLUSDT,bid,110,20574.0
2024-09-15 09:16:16,SOLUSDT,bid,110,20574.0
2024-09-15 09:16:17,SOLUSDT,bid,110,20574.0
2024-09-15 09:16:17,SOLUSDT,bid,110,20574.0
2024-09-15 09:16:17,SOLUSDT,bid,110,20575.0
2024-09-15 09:16:17,SOLUSDT,bid,110,20574.0
2024-09-15 09:16:18,SOLUSDT,bid,110,20575.0
2024-09-15 09:16:18,SOLUSDT,bid,110,20574.0
2024-09-15 09:16:36,SOLUSDT,ask,167,10094.0
2024-09-15 09:16:41,SOLUSDT,ask,141,10274.0
2024-09-15 09:16:52,SOLUSDT,ask,143,14068.0
2024-09-15 09:16:52,SOLUSDT,bid,135,25344.0
2024-09-15 09:16:52,SOLUSDT,ask,141,10272.0
2024-09-15 09:17:07,SOLUSDT,ask,141,10264.0
2024-09-15 09:17:12,SOLUSDT,ask,143,14172.0
2024-09-15 09:17:15,SOLUSDT,ask,141,10266.0
2024-09-15 09:17:15,SOLUSDT,ask,141,10276.0
2024-09-15 09:17:25,SOLUSDT,ask,141,10274.0
2024-09-15 09:17:27,SOLUSDT,ask,141,10264.0
2024-09-15 09:17:35,SOLUSDT,bid,120,14617.0
2024-09-15 09:18:55,SOLUSDT,bid,110,20583.0
2024-09-15 09:18:58,SOLUSDT,bid,135,25336.0
2024-09-15 09:19:01,SOLUSDT,ask,139,13412.0
2024-09-15 09:19:08,SOLUSDT,bid,110,20574.0
2024-09-15 09:19:15,SOLUSDT,ask,140,9844.0
2024-09-15 09:19:20,SOLUSDT,ask,145,25398.0
2024-09-15 09:19:31,SOLUSDT,bid,135,25364.0
2024-09-15 09:19:36,SOLUSDT,bid,110,20583.0
2024-09-15 09:20:18,SOLUSDT,bid,135,25363.0
2024-09-15 09:20:29,SOLUSDT,bid,134,16549.0
2024-09-15 09:20:39,SOLUSDT,bid,132,8679.0
2024-09-15 09:20:39,SOLUSDT,bid,134,16528.0
2024-09-15 09:20:39,SOLUSDT,bid,135,25342.0
2024-09-15 09:20:39,SOLUSDT,ask,139,13392.0
2024-09-15 09:20:39,SOLUSDT,ask,140,9824.0
2024-09-15 09:21:12,SOLUSDT,bid,133,74848.0
2024-09-15 09:21:19,SOLUSDT,bid,133,74846.0
2024-09-15 09:21:30,SOLUSDT,ask,141,85395.0
2024-09-15 09:21:31,SOLUSDT,ask,141,85393.0
2024-09-15 09:21:32,SOLUSDT,ask,141,85395.0
2024-09-15 09:21:45,SOLUSDT,bid,120,14517.0
2024-09-15 09:21:51,SOLUSDT,ask,143,14068.0
2024-09-15 09:21:57,SOLUSDT,ask,144,37631.0
2024-09-15 09:22:03,SOLUSDT,ask,139,13405.0
2024-09-15 09:22:12,SOLUSDT,ask,143,13964.0
2024-09-15 09:22:13,SOLUSDT,bid,135,25352.0
2024-09-15 09:22:13,SOLUSDT,ask,139,13415.0
2024-09-15 09:22:13,SOLUSDT,ask,140,9834.0
2024-09-15 09:22:15,SOLUSDT,ask,140,9898.0
2024-09-15 09:22:15,SOLUSDT,ask,140,9962.0
2024-09-15 09:22:16,SOLUSDT,ask,140,10026.0
2024-09-15 09:22:18,SOLUSDT,ask,140,10090.0
2024-09-15 09:22:18,SOLUSDT,ask,140,10154.0
2024-09-15 09:22:24,SOLUSDT,ask,140,10148.0
2024-09-15 09:22:27,SOLUSDT,bid,133,10272.0
2024-09-15 09:22:27,SOLUSDT,bid,135,8211.0
2024-09-15 09:22:27,SOLUSDT,ask,141,10265.0
2024-09-15 09:22:27,SOLUSDT,ask,139,8214.0
2024-09-15 09:23:02,SOLUSDT,bid,120,14667.0
2024-09-15 09:23:05,SOLUSDT,bid,120,14517.0
2024-09-15 09:23:24,SOLUSDT,ask,141,12207.0
2024-09-15 09:23:32,SOLUSDT,ask,141,12182.0
2024-09-15 09:23:37,SOLUSDT,bid,125,12039.0
2024-09-15 09:24:29,SOLUSDT,bid,110,20566.0
2024-09-15 09:24:29,SOLUSDT,bid,112,15362.0
2024-09-15 09:24:29,SOLUSDT,bid,120,14501.0
2024-09-15 09:24:29,SOLUSDT,bid,128,8423.0
2024-09-15 09:24:29,SOLUSDT,bid,132,8665.0
2024-09-15 09:24:29,SOLUSDT,ask,140,10135.0
2024-09-15 09:24:29,SOLUSDT,ask,144,37618.0
2024-09-15 09:24:29,SOLUSDT,ask,146,15470.0
2024-09-15 09:24:32,SOLUSDT,ask,141,12259.0
2024-09-15 09:25:21,SOLUSDT,bid,120,14497.0
2024-09-15 09:25:35,SOLUSDT,ask,141,12264.0
2024-09-15 09:26:06,SOLUSDT,ask,141,12187.0
2024-09-15 09:26:21,SOLUSDT,bid,110,20566.0
2024-09-15 09:26:22,SOLUSDT,bid,110,20566.0
2024-09-15 09:26:22,SOLUSDT,bid,110,20567.0
2024-09-15 09:26:22,SOLUSDT,bid,110,20566.0
2024-09-15 09:26:23,SOLUSDT,bid,110,20567.0
2024-09-15 09:26:23,SOLUSDT,bid,110,20566.0
2024-09-15 09:26:23,SOLUSDT,bid,110,20567.0
2024-09-15 09:26:23,SOLUSDT,bid,110,20566.0
2024-09-15 09:26:24,SOLUSDT,bid,110,20566.0
2024-09-15 09:26:25,SOLUSDT,bid,110,20567.0
2024-09-15 09:26:25,SOLUSDT,bid,110,20566.0
2024-09-15 09:26:26,SOLUSDT,bid,132,8666.0
2024-09-15 09:26:26,SOLUSDT,bid,110,20567.0
2024-09-15 09:26:26,SOLUSDT,bid,110,20566.0
2024-09-15 09:26:26,SOLUSDT,bid,110,20567.0
2024-09-15 09:26:26,SOLUSDT,bid,110,20566.0
2024-09-15 09:26:27,SOLUSDT,bid,110,20566.0
2024-09-15 09:26:27,SOLUSDT,bid,110,20566.0
2024-09-15 09:26:28,SOLUSDT,bid,110,20566.0
2024-09-15 09:26:28,SOLUSDT,bid,110,20567.0
2024-09-15 09:26:28,SOLUSDT,bid,110,20566.0
2024-09-15 09:26:29,SOLUSDT,bid,110,20567.0
2024-09-15 09:26:29,SOLUSDT,bid,110,20566.0
2024-09-15 09:26:29,SOLUSDT,bid,110,20567.0
2024-09-15 09:26:30,SOLUSDT,bid,110,20566.0
2024-09-15 09:26:30,SOLUSDT,bid,110,20567.0
2024-09-15 09:26:30,SOLUSDT,bid,110,20566.0
2024-09-15 09:26:31,SOLUSDT,bid,110,20567.0
2024-09-15 09:26:31,SOLUSDT,bid,110,20566.0
2024-09-15 09:26:31,SOLUSDT,bid,110,20566.0
2024-09-15 09:26:32,SOLUSDT,bid,110,20566.0
2024-09-15 09:26:32,SOLUSDT,bid,132,8667.0
2024-09-15 09:26:32,SOLUSDT,bid,110,20566.0
2024-09-15 09:26:46,SOLUSDT,ask,141,12384.0
2024-09-15 09:27:15,SOLUSDT,ask,140,10071.0
2024-09-15 09:27:17,SOLUSDT,ask,140,9943.0
2024-09-15 09:27:18,SOLUSDT,ask,140,9879.0
2024-09-15 09:27:19,SOLUSDT,ask,140,9815.0
2024-09-15 09:27:59,SOLUSDT,bid,134,16527.0
2024-09-15 09:28:09,SOLUSDT,bid,134,16529.0
2024-09-15 09:28:14,SOLUSDT,ask,141,12385.0
2024-09-15 09:28:39,SOLUSDT,ask,139,13365.0
2024-09-15 09:29:09,SOLUSDT,ask,141,12340.0
2024-09-15 09:29:29,SOLUSDT,ask,139,13366.0
2024-09-15 09:29:32,SOLUSDT,ask,141,12490.0
2024-09-15 09:29:40,SOLUSDT,ask,145,25301.0
2024-09-15 09:29:43,SOLUSDT,bid,135,25353.0
2024-09-15 09:30:34,SOLUSDT,ask,141,12599.0
2024-09-15 09:31:43,SOLUSDT,bid,135,25350.0
2024-09-15 09:32:01,SOLUSDT,bid,134,16525.0
2024-09-15 09:32:11,SOLUSDT,ask,141,12577.0
2024-09-15 09:32:26,SOLUSDT,bid,133,10279.0
2024-09-15 09:32:26,SOLUSDT,bid,136,8213.0
2024-09-15 09:32:27,SOLUSDT,ask,141,10264.0
2024-09-15 09:32:27,SOLUSDT,ask,138,8214.0
2024-09-15 09:32:45,SOLUSDT,bid,136,8455.0
2024-09-15 09:32:45,SOLUSDT,bid,136,8359.0
2024-09-15 09:32:46,SOLUSDT,bid,136,8213.0
2024-09-15 09:34:23,SOLUSDT,ask,140,9812.0
2024-09-15 09:34:23,SOLUSDT,ask,145,25303.0
2024-09-15 09:34:33,SOLUSDT,bid,135,25353.0
2024-09-15 09:34:39,SOLUSDT,ask,146,15460.0
2024-09-15 09:34:42,SOLUSDT,bid,135,25350.0
2024-09-15 09:34:45,SOLUSDT,bid,135,25349.0
2024-09-15 09:34:45,SOLUSDT,bid,135,25346.0
2024-09-15 09:35:08,SOLUSDT,ask,141,12620.0
2024-09-15 09:35:18,SOLUSDT,ask,139,13462.0
2024-09-15 09:35:37,SOLUSDT,bid,134,16528.0
2024-09-15 09:36:13,SOLUSDT,ask,146,15452.0
2024-09-15 09:36:38,SOLUSDT,bid,135,25351.0
2024-09-15 09:36:54,SOLUSDT,bid,136,8214.0
2024-09-15 09:37:04,SOLUSDT,bid,136,8214.0
2024-09-15 09:37:14,SOLUSDT,bid,136,8214.0
2024-09-15 09:37:24,SOLUSDT,bid,136,8214.0
2024-09-15 09:37:34,SOLUSDT,ask,143,13990.0
2024-09-15 09:37:35,SOLUSDT,bid,136,8213.0
2024-09-15 09:37:39,SOLUSDT,ask,143,13964.0
2024-09-15 09:38:32,SOLUSDT,bid,135,25358.0
2024-09-15 09:39:08,SOLUSDT,ask,139,13462.0
2024-09-15 09:39:08,SOLUSDT,ask,139,13558.0
2024-09-15 09:39:08,SOLUSDT,ask,139,13654.0
2024-09-15 09:39:10,SOLUSDT,ask,139,13558.0
2024-09-15 09:39:11,SOLUSDT,ask,139,13462.0
2024-09-15 09:39:11,SOLUSDT,ask,139,13366.0
2024-09-15 09:39:21,SOLUSDT,bid,135,25371.0
2024-09-15 09:39:33,SOLUSDT,ask,139,13366.0
2024-09-15 09:39:33,SOLUSDT,ask,139,13462.0
2024-09-15 09:39:33,SOLUSDT,ask,139,13366.0
2024-09-15 09:39:33,SOLUSDT,ask,139,13462.0
2024-09-15 09:39:34,SOLUSDT,ask,139,13366.0
2024-09-15 09:39:56,SOLUSDT,ask,141,12621.0
2024-09-15 09:40:50,SOLUSDT,ask,141,12642.0
2024-09-15 09:41:09,SOLUSDT,bid,125,11966.0
2024-09-15 09:41:48,SOLUSDT,ask,140,9817.0
2024-09-15 09:41:54,SOLUSDT,bid,110,20556.0
2024-09-15 09:41:59,SOLUSDT,bid,132,8668.0
2024-09-15 09:42:11,SOLUSDT,bid,135,25358.0
2024-09-15 09:42:16,SOLUSDT,bid,135,25425.0
2024-09-15 09:42:17,SOLUSDT,bid,135,25492.0
2024-09-15 09:42:18,SOLUSDT,bid,135,25559.0
2024-09-15 09:42:18,SOLUSDT,bid,135,25626.0
2024-09-15 09:42:25,SOLUSDT,bid,133,10264.0
2024-09-15 09:42:26,SOLUSDT,bid,136,8211.0
2024-09-15 09:42:26,SOLUSDT,ask,141,10264.0
2024-09-15 09:42:26,SOLUSDT,ask,139,8229.0
2024-09-15 09:42:36,SOLUSDT,bid,132,8673.0
2024-09-15 09:43:37,SOLUSDT,ask,141,12621.0
2024-09-15 09:43:46,SOLUSDT,bid,134,16526.0
2024-09-15 09:43:53,SOLUSDT,bid,125,11976.0
2024-09-15 09:43:55,SOLUSDT,ask,144,37617.0
2024-09-15 09:44:01,SOLUSDT,ask,139,13367.0
2024-09-15 09:44:20,SOLUSDT,ask,139,13375.0
2024-09-15 09:44:24,SOLUSDT,ask,140,9818.0
2024-09-15 09:44:43,SOLUSDT,ask,141,12622.0
2024-09-15 09:44:56,SOLUSDT,bid,132,8668.0
2024-09-15 09:45:04,SOLUSDT,bid,132,8673.0
2024-09-15 09:45:07,SOLUSDT,bid,134,15485.0
2024-09-15 09:45:29,SOLUSDT,ask,141,12650.0
2024-09-15 09:45:32,SOLUSDT,ask,140,9822.0
2024-09-15 09:46:46,SOLUSDT,bid,134,15470.0
2024-09-15 09:47:17,SOLUSDT,bid,135,25559.0
2024-09-15 09:47:18,SOLUSDT,bid,135,25492.0
2024-09-15 09:47:18,SOLUSDT,bid,135,25425.0
2024-09-15 09:47:19,SOLUSDT,bid,135,25358.0
2024-09-15 09:47:28,SOLUSDT,bid,134,16501.0
2024-09-15 09:48:03,SOLUSDT,bid,135,25359.0
2024-09-15 09:49:09,SOLUSDT,bid,128,8352.0
2024-09-15 09:49:25,SOLUSDT,bid,134,16550.0
2024-09-15 09:49:33,SOLUSDT,ask,141,12656.0
2024-09-15 09:49:34,SOLUSDT,ask,139,13370.0
2024-09-15 09:49:36,SOLUSDT,ask,140,9962.0
2024-09-15 09:49:43,SOLUSDT,ask,140,9822.0
2024-09-15 09:50:09,SOLUSDT,bid,128,8354.0
2024-09-15 09:50:11,SOLUSDT,ask,140,9823.0
2024-09-15 09:50:35,SOLUSDT,bid,133,10271.0
2024-09-15 09:50:35,SOLUSDT,bid,136,8211.0
2024-09-15 09:50:36,SOLUSDT,ask,141,10284.0
2024-09-15 09:50:36,SOLUSDT,ask,139,8212.0
2024-09-15 09:50:40,SOLUSDT,ask,140,9828.0
2024-09-15 09:50:49,SOLUSDT,ask,140,9823.0
2024-09-15 09:50:53,SOLUSDT,ask,141,12655.0
2024-09-15 09:50:55,SOLUSDT,ask,140,9822.0
2024-09-15 09:50:56,SOLUSDT,ask,139,13369.0
2024-09-15 09:51:13,SOLUSDT,ask,140,9830.0
2024-09-15 09:52:24,SOLUSDT,bid,136,8212.0
2024-09-15 09:52:34,SOLUSDT,bid,136,8211.0
2024-09-15 09:54:11,SOLUSDT,ask,139,13358.0
2024-09-15 09:56:07,SOLUSDT,bid,120,14495.0
2024-09-15 09:56:09,SOLUSDT,ask,141,12676.0
2024-09-15 09:56:50,SOLUSDT,ask,141,12731.0
2024-09-15 09:57:15,SOLUSDT,ask,140,9789.0
2024-09-15 09:57:30,SOLUSDT,ask,139,13365.0
2024-09-15 09:57:38,SOLUSDT,bid,135,25364.0
2024-09-15 09:57:40,SOLUSDT,ask,139,13375.0
2024-09-15 09:58:03,SOLUSDT,bid,125,11975.0
2024-09-15 09:58:32,SOLUSDT,ask,139,13364.0
2024-09-15 09:58:55,SOLUSDT,ask,140,9802.0
2024-09-15 09:59:06,SOLUSDT,bid,128,8348.0
2024-09-15 09:59:21,SOLUSDT,bid,136,8212.0
2024-09-15 09:59:23,SOLUSDT,bid,136,8211.0
2024-09-15 09:59:37,SOLUSDT,ask,139,13284.0
2024-09-15 09:59:55,SOLUSDT,ask,139,13283.0
2024-09-15 10:00:05,SOLUSDT,bid,128,8346.0
2024-09-15 10:00:44,SOLUSDT,ask,140,9798.0
2024-09-15 10:00:44,SOLUSDT,ask,139,13284.0
2024-09-15 10:00:45,SOLUSDT,ask,139,13280.0
2024-09-15 10:00:54,SOLUSDT,ask,139,13279.0
2024-09-15 10:01:55,SOLUSDT,bid,135,25359.0
2024-09-15 10:02:14,SOLUSDT,ask,139,13277.0
2024-09-15 10:02:28,SOLUSDT,bid,133,10265.0
2024-09-15 10:02:28,SOLUSDT,bid,136,8212.0
2024-09-15 10:02:29,SOLUSDT,ask,141,10264.0
2024-09-15 10:02:29,SOLUSDT,ask,139,8212.0
2024-09-15 10:02:30,SOLUSDT,ask,140,9785.0
2024-09-15 10:03:52,SOLUSDT,bid,135,25325.0
2024-09-15 10:05:31,SOLUSDT,ask,139,13279.0
2024-09-15 10:06:11,SOLUSDT,bid,135,25322.0
2024-09-15 10:07:44,SOLUSDT,ask,139,13280.0
2024-09-15 10:07:55,SOLUSDT,bid,135,25422.0
2024-09-15 10:08:13,SOLUSDT,bid,132,8665.0
2024-09-15 10:08:15,SOLUSDT,ask,141,12724.0
2024-09-15 10:08:26,SOLUSDT,bid,135,14645.0
2024-09-15 10:08:28,SOLUSDT,bid,135,14652.0
2024-09-15 10:08:28,SOLUSDT,bid,120,14490.0
2024-09-15 10:08:28,SOLUSDT,bid,135,14659.0
2024-09-15 10:08:29,SOLUSDT,bid,135,14666.0
2024-09-15 10:09:08,SOLUSDT,bid,136,8220.0
2024-09-15 10:09:25,SOLUSDT,bid,136,8212.0
2024-09-15 10:09:34,SOLUSDT,bid,128,8341.0
2024-09-15 10:09:34,SOLUSDT,ask,141,12774.0
2024-09-15 10:09:54,SOLUSDT,ask,141,12719.0
2024-09-15 10:10:16,SOLUSDT,bid,135,26014.0
2024-09-15 10:10:28,SOLUSDT,ask,145,25301.0
2024-09-15 10:10:41,SOLUSDT,bid,136,8217.0
2024-09-15 10:10:41,SOLUSDT,bid,136,8220.0
2024-09-15 10:10:47,SOLUSDT,ask,140,9575.0
2024-09-15 10:11:17,SOLUSDT,bid,132,8635.0
2024-09-15 10:11:27,SOLUSDT,bid,135,14659.0
2024-09-15 10:11:28,SOLUSDT,bid,135,14652.0
2024-09-15 10:11:29,SOLUSDT,bid,135,14645.0
2024-09-15 10:11:29,SOLUSDT,bid,135,14638.0
2024-09-15 10:11:36,SOLUSDT,bid,135,25422.0
2024-09-15 10:11:41,SOLUSDT,bid,135,25424.0
2024-09-15 10:11:56,SOLUSDT,ask,141,12786.0
2024-09-15 10:12:11,SOLUSDT,ask,141,12803.0
2024-09-15 10:12:15,SOLUSDT,ask,141,12786.0
2024-09-15 10:12:15,SOLUSDT,ask,141,12804.0
2024-09-15 10:12:36,SOLUSDT,ask,141,12801.0
2024-09-15 10:12:36,SOLUSDT,ask,190,42527.0
2024-09-15 10:12:44,SOLUSDT,bid,133,10270.0
2024-09-15 10:12:44,SOLUSDT,bid,136,8212.0
2024-09-15 10:12:45,SOLUSDT,ask,141,10264.0
2024-09-15 10:12:45,SOLUSDT,ask,138,8214.0
2024-09-15 10:12:48,SOLUSDT,bid,120,14690.0
2024-09-15 10:12:50,SOLUSDT,ask,139,13460.0
2024-09-15 10:12:51,SOLUSDT,ask,139,13280.0
2024-09-15 10:13:12,SOLUSDT,ask,141,12801.0
2024-09-15 10:13:22,SOLUSDT,ask,145,25328.0
2024-09-15 10:13:30,SOLUSDT,ask,141,10331.0
2024-09-15 10:13:42,SOLUSDT,bid,135,25524.0
2024-09-15 10:14:13,SOLUSDT,bid,132,8634.0
2024-09-15 10:14:23,SOLUSDT,ask,139,13294.0
2024-09-15 10:14:24,SOLUSDT,bid,135,25813.0
2024-09-15 10:15:44,SOLUSDT,bid,128,8338.0
2024-09-15 10:15:52,SOLUSDT,ask,139,13304.0
2024-09-15 10:16:16,SOLUSDT,ask,139,13354.0
2024-09-15 10:16:28,SOLUSDT,ask,139,13362.0
2024-09-15 10:16:32,SOLUSDT,bid,132,8633.0
2024-09-15 10:16:50,SOLUSDT,bid,134,16549.0
2024-09-15 10:17:06,SOLUSDT,ask,141,12734.0
2024-09-15 10:17:58,SOLUSDT,ask,139,13361.0
2024-09-15 10:18:15,SOLUSDT,bid,132,8632.0
2024-09-15 10:18:30,SOLUSDT,ask,141,10264.0
2024-09-15 10:19:50,SOLUSDT,bid,132,8631.0
2024-09-15 10:20:38,SOLUSDT,bid,136,8237.0
2024-09-15 10:20:39,SOLUSDT,bid,132,8666.0
2024-09-15 10:20:39,SOLUSDT,bid,135,25778.0
2024-09-15 10:21:10,SOLUSDT,ask,140,9574.0
2024-09-15 10:21:10,SOLUSDT,ask,141,12735.0
2024-09-15 10:21:24,SOLUSDT,bid,135,25828.0
2024-09-15 10:21:27,SOLUSDT,ask,141,12809.0
2024-09-15 10:22:11,SOLUSDT,bid,135,25829.0
2024-09-15 10:22:17,SOLUSDT,ask,141,14279.0
2024-09-15 10:22:26,SOLUSDT,bid,133,10269.0
2024-09-15 10:22:26,SOLUSDT,bid,136,8293.0
2024-09-15 10:22:26,SOLUSDT,ask,141,10265.0
2024-09-15 10:22:27,SOLUSDT,ask,139,8222.0
2024-09-15 10:22:40,SOLUSDT,bid,85,25291.0
2024-09-15 10:22:43,SOLUSDT,bid,136,8275.0
2024-09-15 10:22:44,SOLUSDT,bid,128,8339.0
2024-09-15 10:22:48,SOLUSDT,ask,139,13360.0
2024-09-15 10:22:52,SOLUSDT,bid,136,8264.0
2024-09-15 10:22:56,SOLUSDT,bid,125,11976.0
2024-09-15 10:23:07,SOLUSDT,bid,120,14691.0
2024-09-15 10:23:38,SOLUSDT,ask,139,13364.0
2024-09-15 10:23:40,SOLUSDT,ask,139,8211.0
2024-09-15 10:23:48,SOLUSDT,ask,139,13363.0
2024-09-15 10:23:48,SOLUSDT,ask,140,9573.0
2024-09-15 10:23:48,SOLUSDT,ask,141,12808.0
2024-09-15 10:24:15,SOLUSDT,bid,135,25823.0
2024-09-15 10:24:17,SOLUSDT,ask,139,13360.0
2024-09-15 10:24:39,SOLUSDT,bid,136,8252.0
2024-09-15 10:24:42,SOLUSDT,bid,136,8231.0
2024-09-15 10:24:42,SOLUSDT,bid,136,8219.0
2024-09-15 10:25:01,SOLUSDT,bid,128,8349.0
2024-09-15 10:25:09,SOLUSDT,bid,134,16620.0
2024-09-15 10:25:28,SOLUSDT,bid,135,25723.0
2024-09-15 10:26:38,SOLUSDT,ask,139,13356.0
2024-09-15 10:26:41,SOLUSDT,bid,125,11972.0
2024-09-15 10:26:44,SOLUSDT,ask,139,13367.0
2024-09-15 10:26:51,SOLUSDT,bid,136,8211.0
2024-09-15 10:27:27,SOLUSDT,ask,141,14212.0
2024-09-15 10:27:29,SOLUSDT,bid,135,25817.0
2024-09-15 10:27:34,SOLUSDT,ask,140,9579.0
2024-09-15 10:28:01,SOLUSDT,bid,135,25723.0
2024-09-15 10:28:22,SOLUSDT,bid,135,25722.0
2024-09-15 10:28:50,SOLUSDT,ask,141,12826.0
2024-09-15 10:28:52,SOLUSDT,ask,141,12808.0
2024-09-15 10:28:58,SOLUSDT,ask,140,9577.0
2024-09-15 10:29:00,SOLUSDT,bid,112,15340.0
2024-09-15 10:29:14,SOLUSDT,bid,110,20554.0
2024-09-15 10:29:45,SOLUSDT,ask,139,13356.0
2024-09-15 10:29:58,SOLUSDT,bid,110,20557.0
2024-09-15 10:30:06,SOLUSDT,ask,141,12837.0
2024-09-15 10:30:09,SOLUSDT,bid,134,16549.0
2024-09-15 10:30:58,SOLUSDT,bid,110,20558.0
2024-09-15 10:30:58,SOLUSDT,bid,110,20557.0
2024-09-15 10:30:58,SOLUSDT,bid,110,20558.0
2024-09-15 10:30:58,SOLUSDT,bid,110,20557.0
2024-09-15 10:31:03,SOLUSDT,ask,146,15445.0
2024-09-15 10:31:14,SOLUSDT,bid,91,56317.0
2024-09-15 10:31:16,SOLUSDT,ask,141,12965.0
2024-09-15 10:31:23,SOLUSDT,ask,139,13371.0
2024-09-15 10:31:43,SOLUSDT,ask,145,25326.0
2024-09-15 10:32:26,SOLUSDT,bid,133,10267.0
2024-09-15 10:32:26,SOLUSDT,bid,136,8212.0
2024-09-15 10:32:26,SOLUSDT,ask,141,10264.0
2024-09-15 10:32:27,SOLUSDT,ask,138,8211.0
2024-09-15 10:33:50,SOLUSDT,bid,120,14694.0
2024-09-15 10:34:56,SOLUSDT,bid,134,16578.0
2024-09-15 10:34:56,SOLUSDT,bid,134,16600.0
2024-09-15 10:34:56,SOLUSDT,bid,134,16618.0
2024-09-15 10:34:56,SOLUSDT,bid,134,16637.0
2024-09-15 10:34:59,SOLUSDT,ask,144,37615.0
2024-09-15 10:35:08,SOLUSDT,bid,135,24722.0
2024-09-15 10:35:09,SOLUSDT,bid,135,23722.0
2024-09-15 10:35:09,SOLUSDT,ask,140,9576.0
2024-09-15 10:35:09,SOLUSDT,ask,141,12967.0
2024-09-15 10:35:26,SOLUSDT,ask,139,13351.0
2024-09-15 10:35:32,SOLUSDT,ask,139,13343.0
2024-09-15 10:35:49,SOLUSDT,bid,134,16608.0
2024-09-15 10:35:49,SOLUSDT,bid,134,16586.0
2024-09-15 10:35:49,SOLUSDT,bid,134,16568.0
2024-09-15 10:35:50,SOLUSDT,bid,134,16549.0
2024-09-15 10:35:54,SOLUSDT,bid,132,8667.0
2024-09-15 10:36:28,SOLUSDT,bid,132,8668.0
2024-09-15 10:36:29,SOLUSDT,bid,132,8669.0
2024-09-15 10:36:30,SOLUSDT,bid,132,8670.0
2024-09-15 10:36:30,SOLUSDT,bid,132,8671.0
2024-09-15 10:36:37,SOLUSDT,bid,132,8672.0
2024-09-15 10:36:41,SOLUSDT,bid,120,14691.0
2024-09-15 10:36:59,SOLUSDT,bid,135,23736.0
2024-09-15 10:37:44,SOLUSDT,ask,141,12969.0
2024-09-15 10:38:03,SOLUSDT,ask,140,9555.0
2024-09-15 10:38:06,SOLUSDT,ask,144,37617.0
2024-09-15 10:38:34,SOLUSDT,bid,135,23738.0
2024-09-15 10:38:37,SOLUSDT,bid,136,8229.0
2024-09-15 10:38:46,SOLUSDT,bid,136,8212.0
2024-09-15 10:38:54,SOLUSDT,ask,140,9556.0
2024-09-15 10:39:10,SOLUSDT,ask,139,13346.0
2024-09-15 10:39:25,SOLUSDT,bid,135,23745.0
2024-09-15 10:39:40,SOLUSDT,bid,135,23747.0
2024-09-15 10:39:54,SOLUSDT,ask,140,9555.0
2024-09-15 10:40:03,SOLUSDT,ask,139,13347.0
2024-09-15 10:40:07,SOLUSDT,bid,134,16620.0
2024-09-15 10:40:25,SOLUSDT,ask,140,9655.0
2024-09-15 10:40:46,SOLUSDT,bid,132,8673.0
2024-09-15 10:40:52,SOLUSDT,bid,132,8663.0
2024-09-15 10:41:03,SOLUSDT,bid,125,11973.0
2024-09-15 10:41:07,SOLUSDT,bid,134,15479.0
2024-09-15 10:41:07,SOLUSDT,bid,134,15503.0
2024-09-15 10:41:08,SOLUSDT,bid,134,15523.0
2024-09-15 10:41:09,SOLUSDT,bid,134,15530.0
2024-09-15 10:41:09,SOLUSDT,bid,134,15561.0
2024-09-15 10:41:09,SOLUSDT,bid,134,15583.0
2024-09-15 10:41:09,SOLUSDT,bid,134,15591.0
2024-09-15 10:41:28,SOLUSDT,ask,139,13336.0
2024-09-15 10:41:29,SOLUSDT,bid,135,23718.0
2024-09-15 10:41:34,SOLUSDT,ask,140,9645.0
2024-09-15 10:41:49,SOLUSDT,bid,135,14645.0
2024-09-15 10:42:00,SOLUSDT,bid,135,23711.0
2024-09-15 10:42:03,SOLUSDT,ask,140,9647.0
2024-09-15 10:42:05,SOLUSDT,bid,135,14638.0
2024-09-15 10:42:09,SOLUSDT,ask,141,12986.0
2024-09-15 10:42:27,SOLUSDT,bid,133,10264.0
2024-09-15 10:42:27,SOLUSDT,bid,136,8211.0
2024-09-15 10:42:28,SOLUSDT,ask,141,10264.0
2024-09-15 10:42:28,SOLUSDT,ask,138,8211.0
2024-09-15 10:42:35,SOLUSDT,ask,140,9612.0
2024-09-15 10:43:39,SOLUSDT,bid,133,10301.0
2024-09-15 10:44:13,SOLUSDT,bid,110,20338.0
2024-09-15 10:44:18,SOLUSDT,ask,145,25203.0
2024-09-15 10:44:30,SOLUSDT,ask,141,12991.0
2024-09-15 10:44:31,SOLUSDT,ask,141,12974.0
2024-09-15 10:45:08,SOLUSDT,bid,134,16549.0
2024-09-15 10:45:14,SOLUSDT,bid,125,12192.0
2024-09-15 10:45:25,SOLUSDT,ask,141,13099.0
2024-09-15 10:45:59,SOLUSDT,ask,141,13090.0
2024-09-15 10:47:12,SOLUSDT,ask,141,13120.0
2024-09-15 10:48:00,SOLUSDT,bid,134,15586.0
2024-09-15 10:48:00,SOLUSDT,bid,134,15559.0
2024-09-15 10:48:00,SOLUSDT,bid,134,15524.0
2024-09-15 10:48:00,SOLUSDT,bid,134,15498.0
2024-09-15 10:48:00,SOLUSDT,bid,134,15478.0
2024-09-15 10:48:01,SOLUSDT,bid,134,15470.0
2024-09-15 10:48:02,SOLUSDT,bid,135,23710.0
2024-09-15 10:48:41,SOLUSDT,bid,133,10264.0
2024-09-15 10:48:52,SOLUSDT,bid,120,14591.0
2024-09-15 10:48:56,SOLUSDT,bid,120,14491.0
2024-09-15 10:49:52,SOLUSDT,bid,132,8662.0
2024-09-15 10:50:04,SOLUSDT,ask,141,13121.0
2024-09-15 10:50:08,SOLUSDT,bid,135,23709.0
2024-09-15 10:50:20,SOLUSDT,ask,144,37616.0
2024-09-15 10:51:56,SOLUSDT,bid,135,23782.0
2024-09-15 10:52:16,SOLUSDT,bid,135,14674.0
2024-09-15 10:52:18,SOLUSDT,bid,135,23841.0
2024-09-15 10:52:28,SOLUSDT,bid,133,10350.0
2024-09-15 10:52:28,SOLUSDT,bid,135,23782.0
2024-09-15 10:52:28,SOLUSDT,ask,140,14603.0
2024-09-15 10:52:28,SOLUSDT,bid,136,8211.0
2024-09-15 10:52:28,SOLUSDT,ask,141,10265.0
2024-09-15 10:52:29,SOLUSDT,ask,138,8211.0
2024-09-15 10:52:36,SOLUSDT,bid,135,23811.0
2024-09-15 10:53:13,SOLUSDT,bid,132,8692.0
2024-09-15 10:53:38,SOLUSDT,bid,135,23920.0
2024-09-15 10:54:24,SOLUSDT,bid,135,23912.0
2024-09-15 10:54:26,SOLUSDT,ask,140,14624.0
2024-09-15 10:54:42,SOLUSDT,bid,135,25180.0
2024-09-15 10:54:48,SOLUSDT,bid,135,14679.0
2024-09-15 10:54:52,SOLUSDT,bid,133,10313.0
2024-09-15 10:54:57,SOLUSDT,ask,140,9572.0
2024-09-15 10:54:59,SOLUSDT,bid,135,25272.0
2024-09-15 10:55:11,SOLUSDT,ask,141,13126.0
2024-09-15 10:55:20,SOLUSDT,bid,135,14643.0
2024-09-15 10:55:22,SOLUSDT,bid,135,24004.0
2024-09-15 10:55:38,SOLUSDT,ask,139,13294.0
2024-09-15 10:55:55,SOLUSDT,bid,115,11597.0
2024-09-15 10:56:06,SOLUSDT,ask,139,13291.0
2024-09-15 10:57:02,SOLUSDT,ask,140,14603.0
2024-09-15 10:57:14,SOLUSDT,bid,136,8238.0
2024-09-15 10:57:29,SOLUSDT,bid,136,8211.0
2024-09-15 10:57:32,SOLUSDT,bid,135,14638.0
2024-09-15 10:57:38,SOLUSDT,ask,140,14536.0
2024-09-15 10:59:19,SOLUSDT,ask,139,13277.0
2024-09-15 11:00:40,SOLUSDT,ask,141,13001.0
2024-09-15 11:01:51,SOLUSDT,ask,141,13011.0
2024-09-15 11:01:59,SOLUSDT,bid,135,23931.0
2024-09-15 11:02:16,SOLUSDT,ask,140,9553.0
2024-09-15 11:02:29,SOLUSDT,bid,133,10264.0
2024-09-15 11:02:30,SOLUSDT,bid,136,8351.0
2024-09-15 11:02:30,SOLUSDT,ask,141,10264.0
2024-09-15 11:02:30,SOLUSDT,ask,138,8212.0
2024-09-15 11:03:29,SOLUSDT,ask,144,37620.0
2024-09-15 11:04:48,SOLUSDT,ask,141,13010.0
2024-09-15 11:05:10,SOLUSDT,bid,135,14752.0
2024-09-15 11:05:59,SOLUSDT,ask,139,13273.0
2024-09-15 11:05:59,SOLUSDT,ask,140,9549.0
2024-09-15 11:06:31,SOLUSDT,bid,135,23938.0
2024-09-15 11:07:08,SOLUSDT,bid,134,15488.0
2024-09-15 11:07:09,SOLUSDT,bid,134,15470.0
2024-09-15 11:07:22,SOLUSDT,bid,132,8691.0
2024-09-15 11:07:38,SOLUSDT,ask,154,21182.0
2024-09-15 11:08:22,SOLUSDT,bid,132,8684.0
2024-09-15 11:09:26,SOLUSDT,ask,139,13280.0
2024-09-15 11:09:47,SOLUSDT,bid,132,8683.0
2024-09-15 11:09:48,SOLUSDT,bid,134,16548.0
2024-09-15 11:10:36,SOLUSDT,bid,82,24243.0
2024-09-15 11:10:50,SOLUSDT,bid,132,8682.0
2024-09-15 11:11:48,SOLUSDT,bid,132,8683.0
2024-09-15 11:12:26,SOLUSDT,bid,133,10265.0
2024-09-15 11:12:26,SOLUSDT,bid,136,8299.0
2024-09-15 11:12:26,SOLUSDT,ask,141,10264.0
2024-09-15 11:12:26,SOLUSDT,ask,138,8240.0
2024-09-15 11:13:27,SOLUSDT,bid,132,8682.0
2024-09-15 11:13:38,SOLUSDT,ask,141,13011.0
2024-09-15 11:13:45,SOLUSDT,ask,140,9550.0
2024-09-15 11:13:45,SOLUSDT,ask,141,13010.0
2024-09-15 11:14:45,SOLUSDT,bid,82,24243.0
2024-09-15 11:14:45,SOLUSDT,ask,140,9450.0
2024-09-15 11:14:45,SOLUSDT,ask,140,9451.0
2024-09-15 11:14:46,SOLUSDT,bid,132,8683.0
2024-09-15 11:14:51,SOLUSDT,bid,132,8684.0
2024-09-15 11:15:04,SOLUSDT,bid,132,8683.0
2024-09-15 11:15:10,SOLUSDT,ask,140,9501.0
2024-09-15 11:15:32,SOLUSDT,ask,141,13060.0
2024-09-15 11:15:32,SOLUSDT,ask,145,25331.0
2024-09-15 11:15:32,SOLUSDT,ask,146,15444.0
2024-09-15 11:15:38,SOLUSDT,ask,138,8336.0
2024-09-15 11:15:39,SOLUSDT,ask,138,8240.0
2024-09-15 11:15:41,SOLUSDT,ask,138,8336.0
2024-09-15 11:15:41,SOLUSDT,ask,138,8240.0
2024-09-15 11:15:45,SOLUSDT,ask,140,9500.0
2024-09-15 11:16:20,SOLUSDT,ask,141,13063.0
2024-09-15 11:16:43,SOLUSDT,ask,140,14557.0
2024-09-15 11:16:49,SOLUSDT,ask,141,13073.0
2024-09-15 11:17:55,SOLUSDT,bid,115,11605.0
2024-09-15 11:19:06,SOLUSDT,ask,140,9502.0
2024-09-15 11:20:11,SOLUSDT,ask,140,14536.0
2024-09-15 11:20:37,SOLUSDT,bid,134,16538.0
2024-09-15 11:20:53,SOLUSDT,ask,141,13088.0
2024-09-15 11:21:47,SOLUSDT,bid,135,24047.0
2024-09-15 11:22:10,SOLUSDT,ask,141,14282.0
2024-09-15 11:22:11,SOLUSDT,bid,134,15329.0
2024-09-15 11:22:26,SOLUSDT,bid,133,10264.0
2024-09-15 11:22:26,SOLUSDT,bid,135,8267.0
2024-09-15 11:22:27,SOLUSDT,ask,141,10264.0
2024-09-15 11:22:27,SOLUSDT,ask,138,8219.0
2024-09-15 11:22:35,SOLUSDT,bid,135,14638.0
2024-09-15 11:22:43,SOLUSDT,ask,141,13085.0
2024-09-15 11:22:51,SOLUSDT,bid,132,8681.0
2024-09-15 11:23:01,SOLUSDT,bid,128,8347.0
2024-09-15 11:23:26,SOLUSDT,bid,128,8370.0
2024-09-15 11:23:33,SOLUSDT,bid,135,23758.0
2024-09-15 11:23:51,SOLUSDT,bid,135,23778.0
2024-09-15 11:24:13,SOLUSDT,ask,141,13079.0
2024-09-15 11:24:16,SOLUSDT,bid,135,8270.0
2024-09-15 11:24:23,SOLUSDT,bid,125,12193.0
2024-09-15 11:24:23,SOLUSDT,ask,147,24078.0
2024-09-15 11:24:34,SOLUSDT,bid,135,8267.0
2024-09-15 11:24:35,SOLUSDT,bid,135,23780.0
2024-09-15 11:24:48,SOLUSDT,bid,135,23854.0
2024-09-15 11:24:49,SOLUSDT,ask,139,13209.0
2024-09-15 11:24:52,SOLUSDT,bid,110,20337.0
2024-09-15 11:24:52,SOLUSDT,bid,112,15339.0
2024-09-15 11:24:52,SOLUSDT,bid,115,11604.0
2024-09-15 11:24:52,SOLUSDT,bid,120,14490.0
2024-09-15 11:24:59,SOLUSDT,ask,141,14316.0
2024-09-15 11:25:05,SOLUSDT,bid,135,23864.0
2024-09-15 11:25:13,SOLUSDT,bid,134,15331.0
2024-09-15 11:25:32,SOLUSDT,bid,135,23914.0
2024-09-15 11:25:53,SOLUSDT,bid,135,23915.0
2024-09-15 11:26:27,SOLUSDT,bid,135,23905.0
2024-09-15 11:26:39,SOLUSDT,bid,135,23907.0
2024-09-15 11:26:39,SOLUSDT,ask,141,14282.0
2024-09-15 11:26:40,SOLUSDT,bid,135,8265.0
2024-09-15 11:26:40,SOLUSDT,ask,140,9500.0
2024-09-15 11:27:01,SOLUSDT,ask,139,13214.0
2024-09-15 11:27:01,SOLUSDT,ask,145,25327.0
2024-09-15 11:27:11,SOLUSDT,ask,141,10266.0
2024-09-15 11:27:22,SOLUSDT,ask,141,10276.0
2024-09-15 11:27:22,SOLUSDT,ask,141,10274.0
2024-09-15 11:27:23,SOLUSDT,ask,141,10276.0
2024-09-15 11:27:33,SOLUSDT,ask,141,10275.0
2024-09-15 11:27:33,SOLUSDT,ask,141,10265.0
2024-09-15 11:27:34,SOLUSDT,ask,141,10265.0
2024-09-15 11:27:35,SOLUSDT,ask,141,10266.0
2024-09-15 11:27:40,SOLUSDT,ask,141,10276.0
2024-09-15 11:27:45,SOLUSDT,ask,141,10274.0
2024-09-15 11:27:46,SOLUSDT,bid,135,23906.0
2024-09-15 11:27:51,SOLUSDT,ask,141,10264.0
2024-09-15 11:28:09,SOLUSDT,ask,141,10266.0
2024-09-15 11:28:20,SOLUSDT,ask,141,10264.0
2024-09-15 11:28:29,SOLUSDT,bid,125,12241.0
2024-09-15 11:28:29,SOLUSDT,bid,135,23861.0
2024-09-15 11:28:46,SOLUSDT,bid,125,12271.0
2024-09-15 11:28:48,SOLUSDT,bid,135,23866.0
2024-09-15 11:28:58,SOLUSDT,bid,112,15481.0
2024-09-15 11:29:35,SOLUSDT,bid,132,8680.0
2024-09-15 11:29:50,SOLUSDT,bid,125,12223.0
2024-09-15 11:29:50,SOLUSDT,bid,135,23910.0
2024-09-15 11:30:08,SOLUSDT,bid,134,15352.0
2024-09-15 11:30:15,SOLUSDT,ask,139,13213.0
2024-09-15 11:30:29,SOLUSDT,bid,132,8638.0
2024-09-15 11:30:33,SOLUSDT,bid,132,8608.0
2024-09-15 11:30:34,SOLUSDT,bid,133,10335.0
2024-09-15 11:30:47,SOLUSDT,bid,135,23911.0
2024-09-15 11:30:58,SOLUSDT,ask,141,13068.0
2024-09-15 11:31:01,SOLUSDT,bid,135,23909.0
2024-09-15 11:31:19,SOLUSDT,bid,132,9661.0
2024-09-15 11:31:36,SOLUSDT,ask,141,13065.0
2024-09-15 11:31:37,SOLUSDT,bid,135,14641.0
2024-09-15 11:31:40,SOLUSDT,bid,135,23907.0
2024-09-15 11:31:43,SOLUSDT,ask,141,13076.0
2024-09-15 11:31:50,SOLUSDT,ask,140,9498.0
2024-09-15 11:31:58,SOLUSDT,ask,141,13081.0
2024-09-15 11:32:27,SOLUSDT,bid,133,10271.0
2024-09-15 11:32:27,SOLUSDT,bid,135,8211.0
2024-09-15 11:32:27,SOLUSDT,ask,140,10266.0
2024-09-15 11:32:28,SOLUSDT,ask,138,8224.0
2024-09-15 11:32:35,SOLUSDT,bid,135,14638.0
2024-09-15 11:33:18,SOLUSDT,bid,135,23909.0
2024-09-15 11:33:41,SOLUSDT,ask,139,12713.0
2024-09-15 11:34:04,SOLUSDT,bid,125,12227.0
2024-09-15 11:34:24,SOLUSDT,ask,139,12703.0
2024-09-15 11:35:02,SOLUSDT,ask,154,19922.0
2024-09-15 11:35:15,SOLUSDT,bid,82,24332.0
2024-09-15 11:35:17,SOLUSDT,ask,147,25701.0
2024-09-15 11:36:18,SOLUSDT,bid,135,8228.0
2024-09-15 11:36:26,SOLUSDT,bid,135,24127.0
2024-09-15 11:36:30,SOLUSDT,bid,135,24139.0
2024-09-15 11:36:34,SOLUSDT,bid,132,9538.0
2024-09-15 11:36:57,SOLUSDT,bid,135,24119.0
2024-09-15 11:39:19,SOLUSDT,bid,135,8211.0
2024-09-15 11:39:32,SOLUSDT,bid,135,24118.0
2024-09-15 11:39:58,SOLUSDT,ask,145,25204.0
2024-09-15 11:40:05,SOLUSDT,ask,139,12832.0
2024-09-15 11:40:26,SOLUSDT,bid,135,23900.0
2024-09-15 11:40:59,SOLUSDT,bid,120,14487.0
2024-09-15 11:41:19,SOLUSDT,ask,140,9493.0
2024-09-15 11:41:28,SOLUSDT,ask,139,12826.0
2024-09-15 11:42:00,SOLUSDT,bid,134,16541.0
2024-09-15 11:42:25,SOLUSDT,bid,133,10264.0
2024-09-15 11:42:25,SOLUSDT,bid,135,8211.0
2024-09-15 11:42:25,SOLUSDT,ask,141,10265.0
2024-09-15 11:42:26,SOLUSDT,ask,138,8211.0
2024-09-15 11:43:23,SOLUSDT,bid,135,23899.0
2024-09-15 11:43:23,SOLUSDT,ask,139,12825.0
2024-09-15 11:43:23,SOLUSDT,ask,147,25700.0
2024-09-15 11:43:29,SOLUSDT,ask,145,25187.0
2024-09-15 11:43:35,SOLUSDT,ask,140,9491.0
2024-09-15 11:44:21,SOLUSDT,bid,135,23902.0
2024-09-15 11:44:33,SOLUSDT,bid,135,23911.0
2024-09-15 11:44:53,SOLUSDT,bid,135,23902.0
2024-09-15 11:45:08,SOLUSDT,ask,145,25186.0
2024-09-15 11:45:13,SOLUSDT,ask,144,37619.0
2024-09-15 11:46:09,SOLUSDT,bid,135,23828.0
2024-09-15 11:46:12,SOLUSDT,bid,82,24332.0
2024-09-15 11:46:25,SOLUSDT,bid,135,23826.0
2024-09-15 11:47:01,SOLUSDT,bid,135,23823.0
2024-09-15 11:47:11,SOLUSDT,ask,140,9562.0
2024-09-15 11:47:16,SOLUSDT,bid,125,12228.0
2024-09-15 11:47:16,SOLUSDT,ask,147,25701.0
2024-09-15 11:47:19,SOLUSDT,bid,82,24332.0
2024-09-15 11:47:44,SOLUSDT,bid,82,24332.0
2024-09-15 11:47:45,SOLUSDT,ask,139,12824.0
2024-09-15 11:48:54,SOLUSDT,ask,141,13116.0
2024-09-15 11:49:31,SOLUSDT,ask,141,13316.0
2024-09-15 11:50:20,SOLUSDT,ask,140,9491.0
2024-09-15 11:50:29,SOLUSDT,bid,82,24333.0
2024-09-15 11:50:29,SOLUSDT,bid,82,24332.0
2024-09-15 11:51:42,SOLUSDT,bid,135,23923.0
2024-09-15 11:52:30,SOLUSDT,bid,133,10266.0
2024-09-15 11:52:30,SOLUSDT,bid,135,8211.0
2024-09-15 11:52:31,SOLUSDT,ask,140,10264.0
2024-09-15 11:52:31,SOLUSDT,ask,138,8212.0
2024-09-15 11:53:20,SOLUSDT,bid,82,24332.0
2024-09-15 11:53:47,SOLUSDT,bid,120,14486.0
2024-09-15 11:53:49,SOLUSDT,bid,125,12227.0
2024-09-15 11:53:59,SOLUSDT,ask,141,13281.0
2024-09-15 11:54:09,SOLUSDT,bid,82,24332.0
2024-09-15 11:54:35,SOLUSDT,bid,135,23932.0
2024-09-15 11:55:14,SOLUSDT,bid,125,12237.0
2024-09-15 11:55:34,SOLUSDT,bid,85,25292.0
2024-09-15 11:55:53,SOLUSDT,bid,82,24332.0
2024-09-15 11:56:22,SOLUSDT,ask,140,9513.0
2024-09-15 11:57:02,SOLUSDT,bid,135,23535.0
2024-09-15 11:57:45,SOLUSDT,bid,135,23537.0
2024-09-15 11:58:36,SOLUSDT,ask,141,13295.0
2024-09-15 11:58:47,SOLUSDT,ask,141,13290.0
2024-09-15 11:58:59,SOLUSDT,bid,112,15441.0
2024-09-15 11:59:52,SOLUSDT,bid,128,8371.0
2024-09-15 11:59:58,SOLUSDT,bid,135,23685.0
2024-09-15 12:00:02,SOLUSDT,bid,134,15353.0
2024-09-15 12:00:07,SOLUSDT,ask,145,25187.0
2024-09-15 12:00:37,SOLUSDT,ask,141,14212.0
2024-09-15 12:00:45,SOLUSDT,bid,135,23698.0
2024-09-15 12:00:57,SOLUSDT,bid,135,23696.0
2024-09-15 12:01:08,SOLUSDT,bid,132,9540.0
2024-09-15 12:01:17,SOLUSDT,bid,134,16613.0
2024-09-15 12:01:31,SOLUSDT,ask,139,12839.0
2024-09-15 12:01:44,SOLUSDT,ask,141,13272.0
2024-09-15 12:01:47,SOLUSDT,bid,135,23709.0
2024-09-15 12:01:54,SOLUSDT,ask,139,12832.0
2024-09-15 12:01:56,SOLUSDT,bid,135,23710.0
2024-09-15 12:02:29,SOLUSDT,bid,132,10264.0
2024-09-15 12:02:30,SOLUSDT,bid,135,8213.0
2024-09-15 12:02:30,SOLUSDT,ask,140,10265.0
2024-09-15 12:02:30,SOLUSDT,ask,138,8211.0
2024-09-15 12:03:05,SOLUSDT,bid,135,23732.0
2024-09-15 12:03:14,SOLUSDT,ask,140,9523.0
2024-09-15 12:04:25,SOLUSDT,bid,135,23733.0
2024-09-15 12:05:24,SOLUSDT,bid,125,12238.0
2024-09-15 12:05:24,SOLUSDT,bid,128,8372.0
2024-09-15 12:05:24,SOLUSDT,bid,132,9541.0
2024-09-15 12:05:24,SOLUSDT,bid,135,23734.0
2024-09-15 12:05:24,SOLUSDT,ask,139,12833.0
2024-09-15 12:05:24,SOLUSDT,ask,140,9524.0
2024-09-15 12:05:24,SOLUSDT,ask,141,13273.0
2024-09-15 12:05:24,SOLUSDT,ask,144,37620.0
2024-09-15 12:05:24,SOLUSDT,ask,145,25188.0
2024-09-15 12:05:37,SOLUSDT,bid,132,9522.0
2024-09-15 12:06:01,SOLUSDT,ask,141,13373.0
2024-09-15 12:06:40,SOLUSDT,bid,132,9521.0
2024-09-15 12:06:40,SOLUSDT,bid,134,16612.0
2024-09-15 12:06:40,SOLUSDT,bid,135,23733.0
2024-09-15 12:06:40,SOLUSDT,ask,139,12832.0
2024-09-15 12:06:40,SOLUSDT,ask,140,9523.0
2024-09-15 12:06:48,SOLUSDT,bid,135,23720.0
2024-09-15 12:07:07,SOLUSDT,bid,135,23708.0
2024-09-15 12:07:30,SOLUSDT,ask,139,12825.0
2024-09-15 12:08:41,SOLUSDT,bid,134,16617.0
2024-09-15 12:09:11,SOLUSDT,bid,135,23758.0
2024-09-15 12:09:20,SOLUSDT,bid,135,14643.0
2024-09-15 12:09:20,SOLUSDT,bid,135,14646.0
2024-09-15 12:09:35,SOLUSDT,bid,135,14638.0
2024-09-15 12:10:08,SOLUSDT,bid,132,9800.0
2024-09-15 12:10:21,SOLUSDT,bid,132,9801.0
2024-09-15 12:10:35,SOLUSDT,bid,135,23736.0
2024-09-15 12:11:55,SOLUSDT,ask,139,12843.0
2024-09-15 12:11:58,SOLUSDT,bid,135,23776.0
2024-09-15 12:12:00,SOLUSDT,bid,135,14645.0
2024-09-15 12:12:31,SOLUSDT,bid,135,23726.0
2024-09-15 12:12:45,SOLUSDT,bid,133,10282.0
2024-09-15 12:12:45,SOLUSDT,bid,135,8214.0
2024-09-15 12:12:45,SOLUSDT,ask,140,10265.0
2024-09-15 12:12:45,SOLUSDT,ask,138,8211.0
2024-09-15 12:12:56,SOLUSDT,bid,125,12242.0
2024-09-15 12:13:30,SOLUSDT,ask,146,15594.0
2024-09-15 12:14:08,SOLUSDT,bid,132,9743.0
2024-09-15 12:14:34,SOLUSDT,bid,135,14650.0
2024-09-15 12:15:00,SOLUSDT,bid,135,14643.0
2024-09-15 12:15:10,SOLUSDT,ask,141,13375.0
2024-09-15 12:15:21,SOLUSDT,ask,141,13373.0
2024-09-15 12:15:22,SOLUSDT,ask,141,13375.0
2024-09-15 12:15:30,SOLUSDT,ask,141,13392.0
2024-09-15 12:15:32,SOLUSDT,ask,141,13391.0
2024-09-15 12:15:33,SOLUSDT,ask,141,13391.0
2024-09-15 12:15:34,SOLUSDT,ask,141,13392.0
2024-09-15 12:15:34,SOLUSDT,ask,141,13393.0
2024-09-15 12:15:43,SOLUSDT,ask,141,13392.0
2024-09-15 12:15:44,SOLUSDT,ask,141,13391.0
2024-09-15 12:16:04,SOLUSDT,bid,128,8365.0
2024-09-15 12:16:08,SOLUSDT,ask,145,25187.0
2024-09-15 12:16:13,SOLUSDT,bid,120,14478.0
2024-09-15 12:16:13,SOLUSDT,bid,128,8372.0
2024-09-15 12:19:04,SOLUSDT,bid,132,9724.0
2024-09-15 12:19:09,SOLUSDT,bid,135,14638.0
2024-09-15 12:20:07,SOLUSDT,bid,82,24332.0
2024-09-15 12:20:10,SOLUSDT,bid,82,24332.0
2024-09-15 12:20:50,SOLUSDT,ask,141,13386.0
2024-09-15 12:21:25,SOLUSDT,ask,141,14214.0
2024-09-15 12:21:36,SOLUSDT,ask,141,14212.0
2024-09-15 12:21:49,SOLUSDT,ask,141,14214.0
2024-09-15 12:22:00,SOLUSDT,ask,141,14212.0
2024-09-15 12:22:00,SOLUSDT,ask,141,13369.0
2024-09-15 12:22:17,SOLUSDT,bid,133,10306.0
2024-09-15 12:22:17,SOLUSDT,bid,135,8224.0
2024-09-15 12:22:17,SOLUSDT,ask,140,10265.0
2024-09-15 12:22:17,SOLUSDT,ask,138,8304.0
2024-09-15 12:22:25,SOLUSDT,bid,82,24333.0
2024-09-15 12:22:25,SOLUSDT,bid,82,24332.0
2024-09-15 12:22:53,SOLUSDT,bid,82,24332.0
2024-09-15 12:24:15,SOLUSDT,bid,132,9722.0
2024-09-15 12:24:34,SOLUSDT,bid,82,24332.0
2024-09-15 12:25:10,SOLUSDT,bid,125,12241.0
2024-09-15 12:25:33,SOLUSDT,ask,138,8292.0
2024-09-15 12:25:34,SOLUSDT,ask,138,8283.0
2024-09-15 12:25:51,SOLUSDT,bid,82,24332.0
2024-09-15 12:26:29,SOLUSDT,bid,134,16599.0
2024-09-15 12:26:29,SOLUSDT,bid,134,16545.0
2024-09-15 12:26:34,SOLUSDT,bid,133,10269.0
2024-09-15 12:26:37,SOLUSDT,ask,141,13370.0
2024-09-15 12:26:46,SOLUSDT,ask,139,12840.0
2024-09-15 12:27:15,SOLUSDT,bid,135,8235.0
2024-09-15 12:27:33,SOLUSDT,ask,145,25162.0
2024-09-15 12:28:31,SOLUSDT,ask,140,9629.0
2024-09-15 12:28:33,SOLUSDT,bid,135,14668.0
2024-09-15 12:28:36,SOLUSDT,bid,135,14638.0
2024-09-15 12:29:36,SOLUSDT,ask,141,13390.0
2024-09-15 12:29:54,SOLUSDT,ask,140,9682.0
2024-09-15 12:29:55,SOLUSDT,ask,140,9711.0
2024-09-15 12:29:55,SOLUSDT,bid,132,9721.0
2024-09-15 12:29:56,SOLUSDT,ask,140,9768.0
2024-09-15 12:30:01,SOLUSDT,bid,135,23716.0
2024-09-15 12:30:15,SOLUSDT,bid,135,8224.0
2024-09-15 12:30:35,SOLUSDT,ask,145,25212.0
2024-09-15 12:31:16,SOLUSDT,ask,140,9660.0
2024-09-15 12:31:35,SOLUSDT,ask,140,9631.0
2024-09-15 12:31:39,SOLUSDT,ask,140,9574.0
2024-09-15 12:32:10,SOLUSDT,ask,141,13370.0
2024-09-15 12:32:17,SOLUSDT,bid,133,10307.0
2024-09-15 12:32:17,SOLUSDT,bid,135,8211.0
2024-09-15 12:32:17,SOLUSDT,ask,141,10264.0
2024-09-15 12:32:17,SOLUSDT,ask,138,8216.0
2024-09-15 12:32:31,SOLUSDT,ask,138,8312.0
2024-09-15 12:32:31,SOLUSDT,ask,138,8216.0
2024-09-15 12:33:01,SOLUSDT,bid,110,20333.0
2024-09-15 12:33:06,SOLUSDT,ask,140,9681.0
2024-09-15 12:33:12,SOLUSDT,bid,135,23718.0
2024-09-15 12:33:13,SOLUSDT,ask,141,14213.0
2024-09-15 12:33:24,SOLUSDT,ask,141,14212.0
2024-09-15 12:33:29,SOLUSDT,ask,140,9680.0
2024-09-15 12:33:49,SOLUSDT,bid,135,23717.0
2024-09-15 12:33:50,SOLUSDT,bid,132,9719.0
2024-09-15 12:34:00,SOLUSDT,bid,120,14473.0
2024-09-15 12:34:15,SOLUSDT,bid,132,9718.0
2024-09-15 12:34:16,SOLUSDT,bid,135,23726.0
2024-09-15 12:34:24,SOLUSDT,bid,132,9717.0
2024-09-15 12:34:30,SOLUSDT,ask,139,12841.0
2024-09-15 12:34:38,SOLUSDT,bid,125,12240.0
2024-09-15 12:34:55,SOLUSDT,ask,140,9627.0
2024-09-15 12:35:02,SOLUSDT,ask,141,10281.0
2024-09-15 12:35:02,SOLUSDT,ask,145,20624.0
2024-09-15 12:35:02,SOLUSDT,bid,128,8291.0
2024-09-15 12:35:21,SOLUSDT,bid,132,9716.0
2024-09-15 12:36:22,SOLUSDT,ask,145,25211.0
2024-09-15 12:37:21,SOLUSDT,bid,125,12250.0
2024-09-15 12:37:26,SOLUSDT,bid,125,12246.0
2024-09-15 12:37:26,SOLUSDT,bid,128,8288.0
2024-09-15 12:37:36,SOLUSDT,bid,135,23730.0
2024-09-15 12:38:01,SOLUSDT,ask,141,10264.0
2024-09-15 12:38:08,SOLUSDT,ask,139,12839.0
2024-09-15 12:38:21,SOLUSDT,ask,140,9657.0
2024-09-15 12:39:07,SOLUSDT,bid,135,23731.0
2024-09-15 12:39:27,SOLUSDT,bid,135,23753.0
2024-09-15 12:39:31,SOLUSDT,bid,135,23754.0
2024-09-15 12:39:47,SOLUSDT,bid,135,23732.0
2024-09-15 12:39:59,SOLUSDT,bid,135,14643.0
2024-09-15 12:40:11,SOLUSDT,bid,135,14643.0
2024-09-15 12:40:11,SOLUSDT,bid,135,14638.0
2024-09-15 12:40:11,SOLUSDT,bid,135,14643.0
2024-09-15 12:40:12,SOLUSDT,ask,141,13398.0
2024-09-15 12:40:21,SOLUSDT,bid,125,12239.0
2024-09-15 12:40:38,SOLUSDT,bid,135,14638.0
2024-09-15 12:40:38,SOLUSDT,bid,135,14643.0
2024-09-15 12:40:48,SOLUSDT,bid,135,23731.0
2024-09-15 12:40:56,SOLUSDT,bid,135,14638.0
2024-09-15 12:40:56,SOLUSDT,bid,135,14643.0
2024-09-15 12:41:04,SOLUSDT,bid,134,16546.0
2024-09-15 12:41:17,SOLUSDT,ask,141,13400.0
2024-09-15 12:41:18,SOLUSDT,bid,135,14638.0
2024-09-15 12:41:18,SOLUSDT,bid,135,14643.0
2024-09-15 12:41:28,SOLUSDT,ask,141,13398.0
2024-09-15 12:41:35,SOLUSDT,bid,135,14638.0
2024-09-15 12:41:42,SOLUSDT,bid,110,20331.0
2024-09-15 12:41:44,SOLUSDT,bid,135,14663.0
2024-09-15 12:42:19,SOLUSDT,bid,134,15420.0
2024-09-15 12:42:24,SOLUSDT,bid,134,15487.0
2024-09-15 12:42:26,SOLUSDT,bid,133,10280.0
2024-09-15 12:42:26,SOLUSDT,bid,135,8211.0
2024-09-15 12:42:26,SOLUSDT,ask,140,10272.0
2024-09-15 12:42:26,SOLUSDT,ask,138,8211.0
2024-09-15 12:43:41,SOLUSDT,ask,139,12789.0
2024-09-15 12:44:02,SOLUSDT,bid,134,16545.0
2024-09-15 12:44:11,SOLUSDT,ask,143,13984.0
2024-09-15 12:44:12,SOLUSDT,bid,133,10364.0
2024-09-15 12:44:13,SOLUSDT,bid,135,8241.0
2024-09-15 12:44:13,SOLUSDT,ask,141,10265.0
2024-09-15 12:44:14,SOLUSDT,ask,138,8225.0
2024-09-15 12:44:25,SOLUSDT,ask,143,13964.0
2024-09-15 12:44:28,SOLUSDT,ask,145,25269.0
2024-09-15 12:44:29,SOLUSDT,ask,147,25681.0
2024-09-15 12:44:43,SOLUSDT,ask,141,13384.0
2024-09-15 12:44:47,SOLUSDT,bid,132,9756.0
2024-09-15 12:45:24,SOLUSDT,ask,140,9696.0
2024-09-15 12:45:25,SOLUSDT,ask,138,8243.0
2024-09-15 12:46:02,SOLUSDT,bid,135,8239.0
2024-09-15 12:46:14,SOLUSDT,bid,135,8212.0
2024-09-15 12:46:52,SOLUSDT,bid,135,23730.0
2024-09-15 12:47:16,SOLUSDT,bid,134,15420.0
2024-09-15 12:47:17,SOLUSDT,bid,134,15353.0
2024-09-15 12:47:36,SOLUSDT,bid,134,16612.0
2024-09-15 12:47:41,SOLUSDT,bid,110,20328.0
2024-09-15 12:47:41,SOLUSDT,bid,115,11602.0
2024-09-15 12:47:41,SOLUSDT,bid,120,14471.0
2024-09-15 12:47:41,SOLUSDT,bid,125,12237.0
2024-09-15 12:47:41,SOLUSDT,bid,135,23728.0
2024-09-15 12:47:41,SOLUSDT,ask,140,9694.0
2024-09-15 12:47:41,SOLUSDT,ask,145,25267.0
2024-09-15 12:48:23,SOLUSDT,bid,135,23684.0
2024-09-15 12:48:25,SOLUSDT,ask,138,8225.0
2024-09-15 12:48:43,SOLUSDT,bid,135,23683.0
2024-09-15 12:48:43,SOLUSDT,ask,140,9693.0
2024-09-15 12:49:31,SOLUSDT,ask,140,14553.0
2024-09-15 12:50:03,SOLUSDT,bid,120,14499.0
2024-09-15 12:50:56,SOLUSDT,ask,140,14536.0
2024-09-15 12:50:57,SOLUSDT,ask,141,13405.0
2024-09-15 12:51:46,SOLUSDT,bid,135,14670.0
2024-09-15 12:52:29,SOLUSDT,bid,133,10269.0
2024-09-15 12:52:29,SOLUSDT,bid,135,8256.0
2024-09-15 12:52:29,SOLUSDT,ask,141,10264.0
2024-09-15 12:52:29,SOLUSDT,ask,138,8227.0
2024-09-15 12:52:37,SOLUSDT,bid,134,16545.0
2024-09-15 12:52:52,SOLUSDT,bid,135,14645.0
2024-09-15 12:52:52,SOLUSDT,ask,140,9694.0
2024-09-15 12:53:33,SOLUSDT,bid,132,9753.0
2024-09-15 12:53:42,SOLUSDT,bid,135,23686.0
2024-09-15 12:53:46,SOLUSDT,ask,141,14251.0
2024-09-15 12:54:08,SOLUSDT,ask,139,13018.0
2024-09-15 12:54:44,SOLUSDT,ask,141,14212.0
2024-09-15 12:56:18,SOLUSDT,bid,135,14638.0
2024-09-15 12:56:43,SOLUSDT,bid,128,8289.0
2024-09-15 12:56:55,SOLUSDT,bid,132,9450.0
2024-09-15 12:57:33,SOLUSDT,bid,128,8288.0
2024-09-15 12:57:35,SOLUSDT,bid,134,16546.0
2024-09-15 12:57:44,SOLUSDT,ask,154,19925.0
2024-09-15 12:58:42,SOLUSDT,ask,140,9698.0
2024-09-15 12:58:58,SOLUSDT,bid,135,8267.0
2024-09-15 12:59:46,SOLUSDT,bid,135,8256.0
2024-09-15 13:00:03,SOLUSDT,bid,135,23716.0
2024-09-15 13:00:06,SOLUSDT,ask,156,12772.0
2024-09-15 13:00:08,SOLUSDT,bid,135,8269.0
2024-09-15 13:00:16,SOLUSDT,ask,156,12768.0
2024-09-15 13:00:17,SOLUSDT,ask,156,12772.0
2024-09-15 13:00:27,SOLUSDT,ask,156,12768.0
2024-09-15 13:00:28,SOLUSDT,ask,156,12772.0
2024-09-15 13:00:38,SOLUSDT,ask,156,12768.0
2024-09-15 13:00:38,SOLUSDT,ask,156,12772.0
2024-09-15 13:00:49,SOLUSDT,ask,156,12772.0
2024-09-15 13:00:59,SOLUSDT,ask,156,12768.0
2024-09-15 13:01:00,SOLUSDT,ask,156,12772.0
2024-09-15 13:01:10,SOLUSDT,ask,156,12768.0
2024-09-15 13:01:11,SOLUSDT,ask,156,12772.0
2024-09-15 13:01:21,SOLUSDT,ask,156,12768.0
2024-09-15 13:01:22,SOLUSDT,ask,156,12772.0
2024-09-15 13:01:32,SOLUSDT,ask,156,12768.0
2024-09-15 13:01:33,SOLUSDT,ask,156,12772.0
2024-09-15 13:01:43,SOLUSDT,ask,156,12768.0
2024-09-15 13:01:43,SOLUSDT,ask,156,12772.0
2024-09-15 13:01:54,SOLUSDT,ask,156,12768.0
2024-09-15 13:01:54,SOLUSDT,ask,156,12772.0
2024-09-15 13:02:05,SOLUSDT,ask,156,12768.0
2024-09-15 13:02:05,SOLUSDT,ask,156,12772.0
2024-09-15 13:02:16,SOLUSDT,ask,156,12768.0
2024-09-15 13:02:17,SOLUSDT,ask,156,12772.0
2024-09-15 13:02:24,SOLUSDT,bid,120,14498.0
2024-09-15 13:02:27,SOLUSDT,ask,156,12768.0
2024-09-15 13:02:28,SOLUSDT,bid,133,10269.0
2024-09-15 13:02:28,SOLUSDT,bid,135,8256.0
2024-09-15 13:02:28,SOLUSDT,ask,141,10264.0
2024-09-15 13:02:28,SOLUSDT,ask,156,12772.0
2024-09-15 13:02:28,SOLUSDT,ask,138,8227.0
2024-09-15 13:02:33,SOLUSDT,bid,135,23726.0
2024-09-15 13:02:38,SOLUSDT,ask,156,12768.0
2024-09-15 13:02:39,SOLUSDT,ask,156,12772.0
2024-09-15 13:02:42,SOLUSDT,bid,135,23716.0
2024-09-15 13:02:43,SOLUSDT,ask,141,13403.0
2024-09-15 13:02:48,SOLUSDT,ask,141,13439.0
2024-09-15 13:02:50,SOLUSDT,ask,156,12768.0
2024-09-15 13:02:50,SOLUSDT,ask,156,12772.0
2024-09-15 13:02:56,SOLUSDT,ask,139,13017.0
2024-09-15 13:03:01,SOLUSDT,ask,156,12768.0
2024-09-15 13:03:02,SOLUSDT,ask,156,12772.0
2024-09-15 13:03:08,SOLUSDT,ask,141,13441.0
2024-09-15 13:03:13,SOLUSDT,ask,156,12768.0
2024-09-15 13:03:14,SOLUSDT,ask,156,12772.0
2024-09-15 13:03:17,SOLUSDT,ask,140,9695.0
2024-09-15 13:03:24,SOLUSDT,ask,156,12768.0
2024-09-15 13:03:25,SOLUSDT,ask,140,9549.0
2024-09-15 13:03:25,SOLUSDT,ask,156,12772.0
2024-09-15 13:03:35,SOLUSDT,ask,156,12768.0
2024-09-15 13:03:36,SOLUSDT,ask,156,12772.0
2024-09-15 13:03:47,SOLUSDT,ask,156,12768.0
2024-09-15 13:03:47,SOLUSDT,ask,156,12772.0
2024-09-15 13:03:56,SOLUSDT,bid,110,20325.0
2024-09-15 13:03:58,SOLUSDT,ask,156,12768.0
2024-09-15 13:03:58,SOLUSDT,ask,156,12772.0
2024-09-15 13:04:09,SOLUSDT,ask,156,12768.0
2024-09-15 13:04:10,SOLUSDT,ask,156,12772.0
2024-09-15 13:04:20,SOLUSDT,ask,156,12768.0
2024-09-15 13:04:20,SOLUSDT,ask,156,12772.0
2024-09-15 13:04:31,SOLUSDT,ask,156,12768.0
2024-09-15 13:04:32,SOLUSDT,bid,128,8283.0
2024-09-15 13:04:32,SOLUSDT,bid,132,9446.0
2024-09-15 13:04:32,SOLUSDT,ask,156,12772.0
2024-09-15 13:04:42,SOLUSDT,ask,156,12768.0
2024-09-15 13:04:43,SOLUSDT,ask,156,12772.0
2024-09-15 13:04:54,SOLUSDT,ask,156,12768.0
2024-09-15 13:04:54,SOLUSDT,ask,156,12772.0
2024-09-15 13:05:05,SOLUSDT,ask,156,12768.0
2024-09-15 13:05:06,SOLUSDT,ask,156,12772.0
2024-09-15 13:05:16,SOLUSDT,ask,156,12768.0
2024-09-15 13:05:17,SOLUSDT,ask,156,12772.0
2024-09-15 13:05:28,SOLUSDT,ask,156,12768.0
2024-09-15 13:05:29,SOLUSDT,ask,156,12772.0
2024-09-15 13:05:40,SOLUSDT,ask,156,12768.0
2024-09-15 13:05:40,SOLUSDT,ask,156,12772.0
2024-09-15 13:05:47,SOLUSDT,bid,86,59042.0
2024-09-15 13:05:51,SOLUSDT,ask,156,12768.0
2024-09-15 13:05:51,SOLUSDT,ask,156,12772.0
2024-09-15 13:05:52,SOLUSDT,ask,138,8236.0
2024-09-15 13:05:52,SOLUSDT,ask,138,8245.0
2024-09-15 13:05:53,SOLUSDT,ask,138,8257.0
2024-09-15 13:06:02,SOLUSDT,ask,156,12768.0
2024-09-15 13:06:03,SOLUSDT,ask,156,12772.0
2024-09-15 13:06:12,SOLUSDT,ask,138,8261.0
2024-09-15 13:06:13,SOLUSDT,ask,156,12768.0
2024-09-15 13:06:14,SOLUSDT,ask,156,12772.0
2024-09-15 13:06:25,SOLUSDT,ask,156,12768.0
2024-09-15 13:06:25,SOLUSDT,ask,156,12772.0
2024-09-15 13:06:27,SOLUSDT,bid,132,8393.0
2024-09-15 13:06:35,SOLUSDT,bid,134,15376.0
2024-09-15 13:06:36,SOLUSDT,ask,156,12768.0
2024-09-15 13:06:36,SOLUSDT,bid,135,23666.0
2024-09-15 13:06:46,SOLUSDT,ask,156,12768.0
2024-09-15 13:06:47,SOLUSDT,ask,156,12772.0
2024-09-15 13:06:58,SOLUSDT,ask,156,12768.0
2024-09-15 13:06:59,SOLUSDT,ask,156,12772.0
2024-09-15 13:07:09,SOLUSDT,ask,156,12768.0
2024-09-15 13:07:10,SOLUSDT,ask,156,12772.0
2024-09-15 13:07:21,SOLUSDT,ask,156,12768.0
2024-09-15 13:07:21,SOLUSDT,ask,156,12772.0
2024-09-15 13:07:32,SOLUSDT,ask,156,12768.0
2024-09-15 13:07:32,SOLUSDT,ask,156,12772.0
2024-09-15 13:07:43,SOLUSDT,ask,156,12768.0
2024-09-15 13:07:44,SOLUSDT,ask,156,12772.0
2024-09-15 13:07:54,SOLUSDT,ask,156,12768.0
2024-09-15 13:07:55,SOLUSDT,ask,156,12772.0
2024-09-15 13:08:06,SOLUSDT,ask,156,12768.0
2024-09-15 13:08:07,SOLUSDT,ask,156,12772.0
2024-09-15 13:08:14,SOLUSDT,ask,140,9590.0
2024-09-15 13:08:17,SOLUSDT,ask,156,12768.0
2024-09-15 13:08:18,SOLUSDT,ask,156,12772.0
2024-09-15 13:08:28,SOLUSDT,ask,156,12768.0
2024-09-15 13:08:28,SOLUSDT,ask,156,12772.0
2024-09-15 13:08:39,SOLUSDT,ask,156,12768.0
2024-09-15 13:08:39,SOLUSDT,ask,156,12772.0
2024-09-15 13:08:50,SOLUSDT,ask,156,12768.0
2024-09-15 13:08:50,SOLUSDT,ask,156,12772.0
2024-09-15 13:09:00,SOLUSDT,ask,156,12768.0
2024-09-15 13:09:00,SOLUSDT,ask,156,12772.0
2024-09-15 13:09:10,SOLUSDT,ask,156,12768.0
2024-09-15 13:09:11,SOLUSDT,ask,156,12772.0
2024-09-15 13:09:12,SOLUSDT,ask,138,8257.0
2024-09-15 13:09:21,SOLUSDT,ask,156,12768.0
2024-09-15 13:09:22,SOLUSDT,ask,156,12772.0
2024-09-15 13:09:27,SOLUSDT,bid,135,23664.0
2024-09-15 13:09:33,SOLUSDT,ask,156,12768.0
2024-09-15 13:09:34,SOLUSDT,ask,156,12772.0
2024-09-15 13:09:44,SOLUSDT,ask,156,12768.0
2024-09-15 13:09:44,SOLUSDT,ask,156,12772.0
2024-09-15 13:09:45,SOLUSDT,bid,134,16545.0
2024-09-15 13:09:47,SOLUSDT,bid,132,8392.0
2024-09-15 13:09:55,SOLUSDT,ask,156,12768.0
2024-09-15 13:09:55,SOLUSDT,ask,156,12772.0
2024-09-15 13:10:01,SOLUSDT,ask,140,9549.0
2024-09-15 13:10:05,SOLUSDT,ask,156,12768.0
2024-09-15 13:10:06,SOLUSDT,ask,156,12772.0
2024-09-15 13:10:16,SOLUSDT,bid,115,11594.0
2024-09-15 13:10:17,SOLUSDT,ask,156,12768.0
2024-09-15 13:10:17,SOLUSDT,ask,156,12772.0
2024-09-15 13:10:18,SOLUSDT,ask,139,13010.0
2024-09-15 13:10:28,SOLUSDT,ask,156,12768.0
2024-09-15 13:10:29,SOLUSDT,ask,156,12772.0
2024-09-15 13:10:33,SOLUSDT,ask,146,15592.0
2024-09-15 13:10:35,SOLUSDT,ask,139,13011.0
2024-09-15 13:10:39,SOLUSDT,ask,156,12768.0
2024-09-15 13:10:39,SOLUSDT,ask,156,12772.0
2024-09-15 13:10:50,SOLUSDT,ask,156,12768.0
2024-09-15 13:10:50,SOLUSDT,ask,156,12772.0
2024-09-15 13:10:52,SOLUSDT,ask,138,8248.0
2024-09-15 13:10:53,SOLUSDT,ask,138,8239.0
2024-09-15 13:10:54,SOLUSDT,ask,138,8227.0
2024-09-15 13:11:00,SOLUSDT,ask,139,13009.0
2024-09-15 13:11:00,SOLUSDT,ask,140,9550.0
2024-09-15 13:11:00,SOLUSDT,ask,156,12768.0
2024-09-15 13:11:01,SOLUSDT,ask,156,12772.0
2024-09-15 13:11:03,SOLUSDT,ask,140,9520.0
2024-09-15 13:11:11,SOLUSDT,ask,156,12768.0
2024-09-15 13:11:12,SOLUSDT,ask,156,12772.0
2024-09-15 13:11:16,SOLUSDT,ask,145,25297.0
2024-09-15 13:11:17,SOLUSDT,bid,135,23706.0
2024-09-15 13:11:22,SOLUSDT,bid,120,14499.0
2024-09-15 13:11:22,SOLUSDT,ask,156,12768.0
2024-09-15 13:11:23,SOLUSDT,ask,156,12772.0
2024-09-15 13:11:26,SOLUSDT,bid,132,8391.0
2024-09-15 13:11:30,SOLUSDT,ask,151,14798.0
2024-09-15 13:11:34,SOLUSDT,ask,145,25101.0
2024-09-15 13:11:34,SOLUSDT,ask,156,12768.0
2024-09-15 13:11:34,SOLUSDT,ask,156,12772.0
2024-09-15 13:11:39,SOLUSDT,ask,151,14797.0
2024-09-15 13:11:46,SOLUSDT,ask,156,12768.0
2024-09-15 13:11:46,SOLUSDT,ask,156,12772.0
2024-09-15 13:11:57,SOLUSDT,ask,156,12768.0
2024-09-15 13:11:57,SOLUSDT,ask,156,12772.0
2024-09-15 13:12:08,SOLUSDT,ask,156,12768.0
2024-09-15 13:12:08,SOLUSDT,ask,156,12772.0
2024-09-15 13:12:19,SOLUSDT,ask,156,12768.0
2024-09-15 13:12:19,SOLUSDT,ask,156,12772.0
2024-09-15 13:12:27,SOLUSDT,bid,133,10299.0
2024-09-15 13:12:28,SOLUSDT,bid,135,8233.0
2024-09-15 13:12:28,SOLUSDT,ask,141,10265.0
2024-09-15 13:12:28,SOLUSDT,ask,138,8211.0
2024-09-15 13:12:29,SOLUSDT,ask,156,12768.0
2024-09-15 13:12:29,SOLUSDT,ask,156,12772.0
2024-09-15 13:12:37,SOLUSDT,bid,112,15492.0
2024-09-15 13:12:38,SOLUSDT,ask,140,9527.0
2024-09-15 13:12:39,SOLUSDT,ask,140,9520.0
2024-09-15 13:12:40,SOLUSDT,ask,156,12768.0
2024-09-15 13:12:40,SOLUSDT,ask,156,12772.0
2024-09-15 13:12:51,SOLUSDT,ask,156,12768.0
2024-09-15 13:12:51,SOLUSDT,ask,156,12772.0
2024-09-15 13:13:01,SOLUSDT,ask,156,12768.0
2024-09-15 13:13:02,SOLUSDT,ask,141,13447.0
2024-09-15 13:13:12,SOLUSDT,ask,156,12768.0
2024-09-15 13:13:12,SOLUSDT,ask,156,12772.0
2024-09-15 13:13:20,SOLUSDT,ask,140,9516.0
2024-09-15 13:13:23,SOLUSDT,ask,156,12768.0
2024-09-15 13:13:23,SOLUSDT,ask,156,12772.0
2024-09-15 13:13:34,SOLUSDT,ask,156,12768.0
2024-09-15 13:13:34,SOLUSDT,ask,156,12772.0
2024-09-15 13:13:44,SOLUSDT,ask,156,12768.0
2024-09-15 13:13:45,SOLUSDT,ask,156,12772.0
2024-09-15 13:13:51,SOLUSDT,ask,144,37735.0
2024-09-15 13:13:56,SOLUSDT,ask,156,12768.0
2024-09-15 13:13:56,SOLUSDT,ask,156,12772.0
2024-09-15 13:14:02,SOLUSDT,bid,128,8284.0
2024-09-15 13:14:06,SOLUSDT,ask,156,12768.0
2024-09-15 13:14:06,SOLUSDT,ask,156,12772.0
2024-09-15 13:14:09,SOLUSDT,ask,141,13438.0
2024-09-15 13:14:17,SOLUSDT,ask,156,12768.0
2024-09-15 13:14:17,SOLUSDT,ask,156,12772.0
2024-09-15 13:14:28,SOLUSDT,ask,156,12768.0
2024-09-15 13:14:28,SOLUSDT,ask,156,12772.0
2024-09-15 13:14:38,SOLUSDT,ask,156,12768.0
2024-09-15 13:14:38,SOLUSDT,ask,156,12772.0
2024-09-15 13:14:49,SOLUSDT,ask,156,12768.0
2024-09-15 13:14:49,SOLUSDT,ask,156,12772.0
2024-09-15 13:14:59,SOLUSDT,ask,156,12768.0
2024-09-15 13:15:00,SOLUSDT,ask,156,12772.0
2024-09-15 13:15:05,SOLUSDT,ask,156,12768.0
2024-09-15 13:15:46,SOLUSDT,ask,139,13007.0
2024-09-15 13:15:46,SOLUSDT,ask,140,9514.0
2024-09-15 13:16:07,SOLUSDT,bid,135,8251.0
2024-09-15 13:16:36,SOLUSDT,bid,135,8233.0
2024-09-15 13:16:42,SOLUSDT,bid,135,14648.0
2024-09-15 13:16:51,SOLUSDT,bid,135,14638.0
2024-09-15 13:17:15,SOLUSDT,ask,139,12857.0
2024-09-15 13:17:49,SOLUSDT,ask,151,14798.0
2024-09-15 13:17:53,SOLUSDT,ask,151,14799.0
2024-09-15 13:17:58,SOLUSDT,ask,151,14798.0
2024-09-15 13:18:02,SOLUSDT,ask,151,14797.0
2024-09-15 13:18:48,SOLUSDT,bid,135,8244.0
2024-09-15 13:18:58,SOLUSDT,bid,135,23731.0
2024-09-15 13:19:30,SOLUSDT,bid,135,8261.0
2024-09-15 13:19:31,SOLUSDT,bid,135,8278.0
2024-09-15 13:19:35,SOLUSDT,bid,135,8288.0
2024-09-15 13:19:38,SOLUSDT,bid,135,8305.0
2024-09-15 13:20:06,SOLUSDT,ask,141,13505.0
2024-09-15 13:20:25,SOLUSDT,bid,132,8338.0
2024-09-15 13:21:21,SOLUSDT,ask,139,7857.0
2024-09-15 13:21:48,SOLUSDT,bid,135,8294.0
2024-09-15 13:21:49,SOLUSDT,ask,140,9549.0
2024-09-15 13:21:53,SOLUSDT,bid,135,23730.0
2024-09-15 13:22:30,SOLUSDT,bid,135,23740.0
2024-09-15 13:22:30,SOLUSDT,bid,135,8277.0
2024-09-15 13:22:31,SOLUSDT,bid,135,8260.0
2024-09-15 13:22:43,SOLUSDT,bid,133,10299.0
2024-09-15 13:22:43,SOLUSDT,bid,136,8211.0
2024-09-15 13:22:43,SOLUSDT,ask,141,10264.0
2024-09-15 13:22:44,SOLUSDT,ask,138,8211.0
2024-09-15 13:23:14,SOLUSDT,bid,135,23730.0
2024-09-15 13:23:26,SOLUSDT,bid,132,8341.0
2024-09-15 13:23:43,SOLUSDT,ask,141,10331.0
2024-09-15 13:25:07,SOLUSDT,ask,141,13438.0
2024-09-15 13:25:39,SOLUSDT,ask,141,13338.0
2024-09-15 13:26:16,SOLUSDT,ask,141,13346.0
2024-09-15 13:27:19,SOLUSDT,ask,141,13338.0
2024-09-15 13:28:10,SOLUSDT,bid,128,8264.0
2024-09-15 13:28:37,SOLUSDT,bid,134,15383.0
2024-09-15 13:28:43,SOLUSDT,ask,141,10264.0
2024-09-15 13:28:53,SOLUSDT,bid,134,15376.0
2024-09-15 13:30:33,SOLUSDT,bid,125,11937.0
2024-09-15 13:32:06,SOLUSDT,bid,112,15332.0
2024-09-15 13:32:52,SOLUSDT,bid,135,23726.0
2024-09-15 13:33:38,SOLUSDT,ask,140,9546.0
2024-09-15 13:34:01,SOLUSDT,ask,140,9549.0
2024-09-15 13:35:26,SOLUSDT,bid,125,13337.0
2024-09-15 13:35:32,SOLUSDT,bid,125,13325.0
2024-09-15 13:35:49,SOLUSDT,bid,135,23733.0
2024-09-15 13:36:05,SOLUSDT,bid,135,23726.0
2024-09-15 13:36:20,SOLUSDT,ask,151,14798.0
2024-09-15 13:36:26,SOLUSDT,ask,151,14799.0
2024-09-15 13:36:28,SOLUSDT,ask,151,14800.0
2024-09-15 13:36:28,SOLUSDT,ask,151,14799.0
2024-09-15 13:36:30,SOLUSDT,ask,151,14799.0
2024-09-15 13:36:35,SOLUSDT,ask,151,14799.0
2024-09-15 13:36:35,SOLUSDT,bid,125,13585.0
2024-09-15 13:36:35,SOLUSDT,bid,128,8004.0
2024-09-15 13:36:38,SOLUSDT,ask,151,14800.0
2024-09-15 13:36:38,SOLUSDT,ask,151,14799.0
2024-09-15 13:36:38,SOLUSDT,ask,151,14798.0
2024-09-15 13:36:39,SOLUSDT,ask,151,14799.0
2024-09-15 13:36:44,SOLUSDT,ask,151,14798.0
2024-09-15 13:36:48,SOLUSDT,ask,151,14797.0
2024-09-15 13:36:51,SOLUSDT,bid,135,25474.0
2024-09-15 13:37:12,SOLUSDT,bid,135,26057.0
2024-09-15 13:37:28,SOLUSDT,bid,132,8340.0
2024-09-15 13:37:28,SOLUSDT,bid,135,25474.0
2024-09-15 13:37:29,SOLUSDT,ask,151,14798.0
2024-09-15 13:37:29,SOLUSDT,bid,135,23726.0
2024-09-15 13:37:32,SOLUSDT,ask,151,14799.0
2024-09-15 13:37:38,SOLUSDT,ask,151,14798.0
2024-09-15 13:37:42,SOLUSDT,ask,151,14797.0
2024-09-15 13:37:53,SOLUSDT,bid,134,15443.0
2024-09-15 13:38:12,SOLUSDT,bid,135,23730.0
2024-09-15 13:38:57,SOLUSDT,ask,140,9577.0
2024-09-15 13:39:18,SOLUSDT,ask,140,9568.0
2024-09-15 13:39:25,SOLUSDT,ask,145,25096.0
2024-09-15 13:39:36,SOLUSDT,ask,147,25671.0
2024-09-15 13:39:38,SOLUSDT,bid,125,12185.0
2024-09-15 13:39:47,SOLUSDT,bid,134,16555.0
2024-09-15 13:39:56,SOLUSDT,bid,135,23728.0
2024-09-15 13:41:18,SOLUSDT,ask,141,13342.0
2024-09-15 13:41:20,SOLUSDT,ask,147,25676.0
2024-09-15 13:41:49,SOLUSDT,bid,125,12177.0
2024-09-15 13:41:50,SOLUSDT,ask,139,7871.0
2024-09-15 13:41:59,SOLUSDT,ask,139,7857.0
2024-09-15 13:42:24,SOLUSDT,ask,141,13363.0
2024-09-15 13:42:27,SOLUSDT,bid,133,10264.0
2024-09-15 13:42:27,SOLUSDT,bid,136,8245.0
2024-09-15 13:42:27,SOLUSDT,ask,141,10266.0
2024-09-15 13:42:27,SOLUSDT,ask,138,8214.0
2024-09-15 13:42:30,SOLUSDT,ask,139,7904.0
2024-09-15 13:42:54,SOLUSDT,bid,134,15376.0
2024-09-15 13:46:15,SOLUSDT,ask,147,25684.0
2024-09-15 13:47:21,SOLUSDT,ask,140,9575.0
2024-09-15 13:47:28,SOLUSDT,ask,140,9568.0
2024-09-15 13:47:47,SOLUSDT,ask,140,9575.0
2024-09-15 13:47:48,SOLUSDT,ask,140,9568.0
2024-09-15 13:48:05,SOLUSDT,bid,134,16552.0
2024-09-15 13:48:38,SOLUSDT,bid,135,23732.0
2024-09-15 13:48:45,SOLUSDT,ask,140,9575.0
2024-09-15 13:48:49,SOLUSDT,ask,140,9568.0
2024-09-15 13:49:12,SOLUSDT,ask,151,14798.0
2024-09-15 13:49:13,SOLUSDT,ask,151,14798.0
2024-09-15 13:49:15,SOLUSDT,ask,151,14799.0
2024-09-15 13:49:21,SOLUSDT,ask,151,14799.0
2024-09-15 13:49:23,SOLUSDT,ask,151,14799.0
2024-09-15 13:49:24,SOLUSDT,ask,151,14799.0
2024-09-15 13:49:30,SOLUSDT,ask,151,14799.0
2024-09-15 13:49:33,SOLUSDT,ask,151,14799.0
2024-09-15 13:49:33,SOLUSDT,ask,151,14799.0
2024-09-15 13:49:39,SOLUSDT,ask,151,14798.0
2024-09-15 13:49:39,SOLUSDT,ask,151,14799.0
2024-09-15 13:49:42,SOLUSDT,ask,151,14798.0
2024-09-15 13:49:43,SOLUSDT,bid,112,15331.0
2024-09-15 13:49:48,SOLUSDT,ask,151,14797.0
2024-09-15 13:49:52,SOLUSDT,bid,110,20323.0
2024-09-15 13:49:52,SOLUSDT,bid,125,12176.0
2024-09-15 13:49:52,SOLUSDT,ask,140,9567.0
2024-09-15 13:50:40,SOLUSDT,ask,138,8310.0
2024-09-15 13:50:41,SOLUSDT,ask,138,8214.0
2024-09-15 13:52:26,SOLUSDT,bid,133,10269.0
2024-09-15 13:52:27,SOLUSDT,bid,135,8211.0
2024-09-15 13:52:27,SOLUSDT,ask,141,10264.0
2024-09-15 13:52:27,SOLUSDT,ask,138,8252.0
2024-09-15 13:55:29,SOLUSDT,ask,139,7949.0
2024-09-15 13:56:43,SOLUSDT,ask,140,9574.0
2024-09-15 13:56:43,SOLUSDT,ask,140,9567.0
2024-09-15 13:57:09,SOLUSDT,bid,135,23731.0
2024-09-15 13:57:29,SOLUSDT,ask,147,25584.0
2024-09-15 13:57:36,SOLUSDT,ask,140,9565.0
2024-09-15 13:58:14,SOLUSDT,bid,132,8342.0
2024-09-15 13:58:44,SOLUSDT,ask,145,14673.0
2024-09-15 13:59:10,SOLUSDT,bid,135,23736.0
2024-09-15 13:59:24,SOLUSDT,bid,120,14478.0
2024-09-15 13:59:36,SOLUSDT,bid,110,20322.0
2024-09-15 13:59:41,SOLUSDT,bid,120,14445.0
2024-09-15 14:00:01,SOLUSDT,ask,140,14607.0
2024-09-15 14:00:39,SOLUSDT,bid,128,8027.0
2024-09-15 14:01:34,SOLUSDT,bid,134,15435.0
2024-09-15 14:01:39,SOLUSDT,ask,141,13362.0
2024-09-15 14:02:44,SOLUSDT,bid,133,10264.0
2024-09-15 14:02:44,SOLUSDT,bid,135,8211.0
2024-09-15 14:02:44,SOLUSDT,ask,141,10280.0
2024-09-15 14:02:44,SOLUSDT,ask,138,8211.0
2024-09-15 14:02:51,SOLUSDT,bid,135,14734.0
2024-09-15 14:02:51,SOLUSDT,bid,135,14638.0
2024-09-15 14:02:56,SOLUSDT,ask,143,13990.0
2024-09-15 14:03:10,SOLUSDT,bid,134,15376.0
2024-09-15 14:03:13,SOLUSDT,bid,135,23692.0
2024-09-15 14:03:27,SOLUSDT,ask,140,9615.0
2024-09-15 14:04:13,SOLUSDT,bid,134,15375.0
2024-09-15 14:04:32,SOLUSDT,ask,143,13964.0
2024-09-15 14:04:33,SOLUSDT,bid,135,23690.0
2024-09-15 14:04:49,SOLUSDT,ask,139,7950.0
2024-09-15 14:05:02,SOLUSDT,ask,140,14536.0
2024-09-15 14:05:25,SOLUSDT,bid,135,23674.0
2024-09-15 14:05:54,SOLUSDT,bid,135,23730.0
2024-09-15 14:06:14,SOLUSDT,bid,101,26094.0
2024-09-15 14:06:44,SOLUSDT,bid,101,26074.0
2024-09-15 14:07:15,SOLUSDT,bid,132,8347.0
2024-09-15 14:07:30,SOLUSDT,bid,134,16563.0
2024-09-15 14:07:49,SOLUSDT,bid,134,15377.0
2024-09-15 14:07:49,SOLUSDT,ask,144,37737.0
2024-09-15 14:07:59,SOLUSDT,ask,140,14537.0
2024-09-15 14:08:21,SOLUSDT,ask,145,25078.0
2024-09-15 14:08:58,SOLUSDT,ask,139,8237.0
2024-09-15 14:09:11,SOLUSDT,ask,139,8309.0
2024-09-15 14:09:17,SOLUSDT,bid,135,23737.0
2024-09-15 14:09:19,SOLUSDT,ask,140,9672.0
2024-09-15 14:09:21,SOLUSDT,ask,140,9670.0
2024-09-15 14:10:24,SOLUSDT,ask,141,13467.0
2024-09-15 14:10:43,SOLUSDT,bid,132,8346.0
2024-09-15 14:10:43,SOLUSDT,ask,140,9669.0
2024-09-15 14:10:49,SOLUSDT,bid,110,20302.0
2024-09-15 14:10:50,SOLUSDT,ask,140,9612.0
2024-09-15 14:10:59,SOLUSDT,bid,125,12180.0
2024-09-15 14:11:25,SOLUSDT,ask,139,8310.0
2024-09-15 14:11:29,SOLUSDT,bid,135,23738.0
2024-09-15 14:11:32,SOLUSDT,ask,140,9613.0
2024-09-15 14:11:37,SOLUSDT,ask,145,25079.0
2024-09-15 14:11:38,SOLUSDT,ask,141,13468.0
2024-09-15 14:11:54,SOLUSDT,bid,110,20323.0
2024-09-15 14:12:01,SOLUSDT,bid,135,14734.0
2024-09-15 14:12:02,SOLUSDT,bid,135,14638.0
2024-09-15 14:12:07,SOLUSDT,bid,135,23739.0
2024-09-15 14:12:27,SOLUSDT,bid,133,10265.0
2024-09-15 14:12:27,SOLUSDT,bid,135,8256.0
2024-09-15 14:12:28,SOLUSDT,ask,141,10264.0
2024-09-15 14:12:28,SOLUSDT,ask,138,8250.0
2024-09-15 14:12:34,SOLUSDT,ask,140,9328.0
2024-09-15 14:12:38,SOLUSDT,bid,120,14444.0
2024-09-15 14:12:56,SOLUSDT,bid,132,8358.0
2024-09-15 14:13:02,SOLUSDT,ask,145,25078.0
2024-09-15 14:13:13,SOLUSDT,ask,145,25080.0
2024-09-15 14:13:48,SOLUSDT,bid,132,8373.0
2024-09-15 14:14:46,SOLUSDT,bid,135,23886.0
2024-09-15 14:14:58,SOLUSDT,ask,138,8246.0
2024-09-15 14:14:58,SOLUSDT,ask,138,8235.0
2024-09-15 14:14:58,SOLUSDT,bid,128,8028.0
2024-09-15 14:14:59,SOLUSDT,ask,138,8231.0
2024-09-15 14:14:59,SOLUSDT,ask,138,8227.0
2024-09-15 14:15:05,SOLUSDT,bid,135,23870.0
2024-09-15 14:15:21,SOLUSDT,bid,134,15354.0
2024-09-15 14:15:29,SOLUSDT,bid,82,25176.0
2024-09-15 14:15:55,SOLUSDT,bid,135,23925.0
2024-09-15 14:16:27,SOLUSDT,bid,110,20313.0
2024-09-15 14:16:46,SOLUSDT,bid,132,8417.0
2024-09-15 14:16:53,SOLUSDT,bid,135,24025.0
2024-09-15 14:17:31,SOLUSDT,ask,141,13432.0
2024-09-15 14:18:04,SOLUSDT,bid,110,20292.0
2024-09-15 14:18:06,SOLUSDT,bid,135,23916.0
2024-09-15 14:18:50,SOLUSDT,ask,139,8309.0
2024-09-15 14:18:50,SOLUSDT,ask,140,9327.0
2024-09-15 14:18:50,SOLUSDT,ask,141,13431.0
2024-09-15 14:19:58,SOLUSDT,bid,135,23918.0
2024-09-15 14:20:09,SOLUSDT,bid,135,23922.0
2024-09-15 14:20:22,SOLUSDT,ask,141,14247.0
2024-09-15 14:20:30,SOLUSDT,ask,139,8311.0
2024-09-15 14:20:33,SOLUSDT,ask,140,9398.0
2024-09-15 14:20:38,SOLUSDT,ask,140,9401.0
2024-09-15 14:20:44,SOLUSDT,ask,141,13435.0
2024-09-15 14:20:45,SOLUSDT,ask,141,14248.0
2024-09-15 14:20:46,SOLUSDT,ask,141,14249.0
2024-09-15 14:20:53,SOLUSDT,ask,140,9380.0
2024-09-15 14:20:55,SOLUSDT,ask,141,14248.0
2024-09-15 14:20:56,SOLUSDT,ask,141,14247.0
2024-09-15 14:21:18,SOLUSDT,bid,132,8373.0
2024-09-15 14:21:36,SOLUSDT,bid,133,10285.0
2024-09-15 14:21:36,SOLUSDT,bid,135,8264.0
2024-09-15 14:21:36,SOLUSDT,ask,141,10266.0
2024-09-15 14:21:37,SOLUSDT,ask,141,13400.0
2024-09-15 14:21:39,SOLUSDT,ask,145,14667.0
2024-09-15 14:21:46,SOLUSDT,ask,145,25081.0
2024-09-15 14:22:12,SOLUSDT,bid,135,23921.0
2024-09-15 14:22:54,SOLUSDT,ask,139,8661.0
2024-09-15 14:22:56,SOLUSDT,ask,141,13399.0
2024-09-15 14:23:43,SOLUSDT,ask,140,9309.0
2024-09-15 14:23:49,SOLUSDT,ask,141,14212.0
2024-09-15 14:24:51,SOLUSDT,bid,110,20283.0
2024-09-15 14:26:40,SOLUSDT,bid,134,15352.0
2024-09-15 14:26:40,SOLUSDT,ask,144,37735.0
2024-09-15 14:26:51,SOLUSDT,bid,120,14452.0
2024-09-15 14:27:14,SOLUSDT,bid,101,26093.0
2024-09-15 14:27:18,SOLUSDT,bid,135,23923.0
2024-09-15 14:27:27,SOLUSDT,bid,132,8375.0
2024-09-15 14:27:46,SOLUSDT,bid,128,8027.0
2024-09-15 14:28:18,SOLUSDT,bid,110,20280.0
2024-09-15 14:29:05,SOLUSDT,ask,139,8311.0
2024-09-15 14:29:51,SOLUSDT,bid,135,24034.0
2024-09-15 14:30:01,SOLUSDT,bid,135,23923.0
2024-09-15 14:30:22,SOLUSDT,bid,133,10322.0
2024-09-15 14:32:21,SOLUSDT,bid,135,23925.0
2024-09-15 14:32:28,SOLUSDT,bid,133,10265.0
2024-09-15 14:32:28,SOLUSDT,bid,135,8217.0
2024-09-15 14:32:28,SOLUSDT,ask,141,10264.0
2024-09-15 14:32:28,SOLUSDT,ask,138,8255.0
2024-09-15 14:33:06,SOLUSDT,bid,134,15354.0
2024-09-15 14:34:08,SOLUSDT,bid,135,23923.0
2024-09-15 14:34:24,SOLUSDT,bid,125,12178.0
2024-09-15 14:34:24,SOLUSDT,bid,135,23921.0
2024-09-15 14:35:00,SOLUSDT,bid,132,8377.0
2024-09-15 14:35:07,SOLUSDT,bid,134,16568.0
2024-09-15 14:35:07,SOLUSDT,ask,145,25084.0
2024-09-15 14:35:50,SOLUSDT,bid,135,23922.0
2024-09-15 14:36:01,SOLUSDT,ask,138,8955.0
2024-09-15 14:36:25,SOLUSDT,ask,140,9877.0
2024-09-15 14:36:25,SOLUSDT,ask,141,13396.0
2024-09-15 14:36:29,SOLUSDT,ask,139,8305.0
2024-09-15 14:36:54,SOLUSDT,bid,135,23921.0
2024-09-15 14:37:10,SOLUSDT,bid,112,15280.0
2024-09-15 14:37:18,SOLUSDT,ask,140,9814.0
2024-09-15 14:37:31,SOLUSDT,ask,138,8255.0
2024-09-15 14:37:48,SOLUSDT,bid,112,15291.0
2024-09-15 14:37:53,SOLUSDT,bid,125,12187.0
2024-09-15 14:38:05,SOLUSDT,ask,140,9809.0
2024-09-15 14:38:27,SOLUSDT,bid,135,23959.0
2024-09-15 14:39:09,SOLUSDT,ask,140,14507.0
2024-09-15 14:39:12,SOLUSDT,ask,141,13398.0
2024-09-15 14:39:22,SOLUSDT,ask,141,13396.0
2024-09-15 14:39:23,SOLUSDT,ask,141,13398.0
2024-09-15 14:39:34,SOLUSDT,ask,141,13396.0
2024-09-15 14:39:48,SOLUSDT,ask,140,9880.0
2024-09-15 14:40:31,SOLUSDT,bid,132,8382.0
2024-09-15 14:41:20,SOLUSDT,bid,135,26833.0
2024-09-15 14:41:28,SOLUSDT,bid,135,23959.0
2024-09-15 14:41:38,SOLUSDT,bid,133,10265.0
2024-09-15 14:41:38,SOLUSDT,bid,135,8212.0
2024-09-15 14:41:38,SOLUSDT,ask,140,10265.0
2024-09-15 14:41:39,SOLUSDT,ask,138,8213.0
2024-09-15 14:41:42,SOLUSDT,ask,145,25140.0
2024-09-15 14:41:56,SOLUSDT,bid,134,15355.0
2024-09-15 14:41:56,SOLUSDT,bid,134,16569.0
2024-09-15 14:41:56,SOLUSDT,bid,135,23960.0
2024-09-15 14:41:56,SOLUSDT,ask,139,8306.0
2024-09-15 14:42:00,SOLUSDT,bid,134,16566.0
2024-09-15 14:42:22,SOLUSDT,ask,145,25128.0
2024-09-15 14:42:43,SOLUSDT,ask,146,15588.0
2024-09-15 14:42:45,SOLUSDT,ask,141,13431.0
2024-09-15 14:43:18,SOLUSDT,bid,135,23956.0
2024-09-15 14:43:20,SOLUSDT,ask,140,9887.0
2024-09-15 14:43:21,SOLUSDT,ask,140,9880.0
2024-09-15 14:43:27,SOLUSDT,bid,135,23955.0
2024-09-15 14:44:21,SOLUSDT,bid,135,14639.0
2024-09-15 14:44:21,SOLUSDT,ask,145,25129.0
2024-09-15 14:44:34,SOLUSDT,bid,135,23846.0
2024-09-15 14:44:51,SOLUSDT,bid,135,23797.0
2024-09-15 14:44:58,SOLUSDT,bid,135,14654.0
2024-09-15 14:45:00,SOLUSDT,bid,133,10264.0
2024-09-15 14:45:00,SOLUSDT,bid,134,15354.0
2024-09-15 14:45:02,SOLUSDT,ask,139,8305.0
2024-09-15 14:45:14,SOLUSDT,bid,135,14649.0
2024-09-15 14:45:16,SOLUSDT,bid,135,14646.0
2024-09-15 14:45:17,SOLUSDT,bid,135,14639.0
2024-09-15 14:45:24,SOLUSDT,bid,132,8371.0
2024-09-15 14:45:38,SOLUSDT,bid,120,14449.0
2024-09-15 14:45:48,SOLUSDT,bid,135,23779.0
2024-09-15 14:45:59,SOLUSDT,ask,190,42525.0
2024-09-15 14:46:15,SOLUSDT,bid,134,16523.0
2024-09-15 14:46:42,SOLUSDT,bid,135,23775.0
2024-09-15 14:47:20,SOLUSDT,ask,141,13436.0
2024-09-15 14:48:17,SOLUSDT,bid,128,8020.0
2024-09-15 14:48:42,SOLUSDT,bid,128,8019.0
2024-09-15 14:48:42,SOLUSDT,bid,135,8211.0
2024-09-15 14:49:26,SOLUSDT,bid,135,23774.0
2024-09-15 14:49:33,SOLUSDT,bid,132,8372.0
2024-09-15 14:49:45,SOLUSDT,ask,190,42499.0
2024-09-15 14:51:01,SOLUSDT,bid,134,16525.0
2024-09-15 14:52:13,SOLUSDT,bid,112,15289.0
2024-09-15 14:52:27,SOLUSDT,bid,133,10264.0
2024-09-15 14:52:27,SOLUSDT,bid,135,8219.0
2024-09-15 14:52:27,SOLUSDT,ask,140,10264.0
2024-09-15 14:52:27,SOLUSDT,ask,138,8211.0
2024-09-15 14:53:07,SOLUSDT,bid,134,16520.0
2024-09-15 14:53:07,SOLUSDT,bid,135,8214.0
2024-09-15 14:53:07,SOLUSDT,ask,145,25124.0
2024-09-15 14:53:48,SOLUSDT,ask,141,13421.0
2024-09-15 14:54:28,SOLUSDT,ask,147,25579.0
2024-09-15 14:54:30,SOLUSDT,bid,135,23773.0
2024-09-15 14:55:38,SOLUSDT,bid,135,23783.0
2024-09-15 14:56:58,SOLUSDT,bid,134,16470.0
2024-09-15 14:57:26,SOLUSDT,bid,135,23777.0
2024-09-15 14:57:26,SOLUSDT,ask,140,9877.0
2024-09-15 14:57:26,SOLUSDT,ask,141,13417.0
2024-09-15 14:58:16,SOLUSDT,bid,135,23738.0
2024-09-15 14:58:44,SOLUSDT,bid,120,14444.0
2024-09-15 14:59:42,SOLUSDT,ask,138,8212.0
2024-09-15 14:59:44,SOLUSDT,ask,138,8211.0
2024-09-15 15:00:15,SOLUSDT,bid,135,23739.0
2024-09-15 15:01:25,SOLUSDT,bid,134,16484.0
2024-09-15 15:03:04,SOLUSDT,ask,145,24906.0
2024-09-15 15:03:15,SOLUSDT,bid,134,16470.0
2024-09-15 15:04:02,SOLUSDT,bid,135,23740.0
2024-09-15 15:04:08,SOLUSDT,bid,135,23738.0
2024-09-15 15:05:10,SOLUSDT,bid,134,16543.0
2024-09-15 15:05:34,SOLUSDT,bid,135,23741.0
2024-09-15 15:05:35,SOLUSDT,ask,140,9948.0
2024-09-15 15:05:40,SOLUSDT,ask,140,9877.0
2024-09-15 15:05:45,SOLUSDT,bid,135,23758.0
2024-09-15 15:05:58,SOLUSDT,bid,135,23759.0
2024-09-15 15:06:20,SOLUSDT,bid,120,14443.0
2024-09-15 15:06:55,SOLUSDT,bid,134,16542.0
2024-09-15 15:06:55,SOLUSDT,bid,135,23760.0
2024-09-15 15:07:15,SOLUSDT,bid,135,23761.0
2024-09-15 15:07:18,SOLUSDT,bid,115,11542.0
2024-09-15 15:07:33,SOLUSDT,bid,135,14647.0
2024-09-15 15:07:43,SOLUSDT,bid,135,14644.0
2024-09-15 15:07:43,SOLUSDT,bid,135,14639.0
2024-09-15 15:07:46,SOLUSDT,bid,135,14642.0
2024-09-15 15:07:46,SOLUSDT,bid,135,14647.0
2024-09-15 15:09:13,SOLUSDT,bid,135,23756.0
2024-09-15 15:09:55,SOLUSDT,bid,135,14644.0
2024-09-15 15:09:55,SOLUSDT,bid,135,14639.0
2024-09-15 15:09:57,SOLUSDT,ask,141,13438.0
2024-09-15 15:10:00,SOLUSDT,bid,134,16540.0
2024-09-15 15:10:02,SOLUSDT,bid,134,15355.0
2024-09-15 15:10:03,SOLUSDT,ask,144,37735.0
2024-09-15 15:10:47,SOLUSDT,ask,141,13417.0
2024-09-15 15:11:26,SOLUSDT,bid,135,23751.0
2024-09-15 15:12:28,SOLUSDT,bid,133,10304.0
2024-09-15 15:12:28,SOLUSDT,bid,135,8211.0
2024-09-15 15:12:28,SOLUSDT,ask,140,10264.0
2024-09-15 15:12:29,SOLUSDT,ask,138,8269.0
2024-09-15 15:13:30,SOLUSDT,bid,125,12211.0
2024-09-15 15:13:30,SOLUSDT,ask,138,8269.0
2024-09-15 15:13:30,SOLUSDT,ask,138,8365.0
2024-09-15 15:13:30,SOLUSDT,ask,138,8461.0
2024-09-15 15:13:31,SOLUSDT,ask,138,8365.0
2024-09-15 15:13:31,SOLUSDT,ask,138,8269.0
2024-09-15 15:14:33,SOLUSDT,bid,135,23743.0
2024-09-15 15:14:46,SOLUSDT,bid,135,23687.0
2024-09-15 15:15:06,SOLUSDT,bid,135,23707.0
2024-09-15 15:15:15,SOLUSDT,bid,134,16467.0
2024-09-15 15:15:20,SOLUSDT,ask,138,8268.0
2024-09-15 15:16:39,SOLUSDT,bid,132,8371.0
2024-09-15 15:17:05,SOLUSDT,bid,128,7941.0
2024-09-15 15:17:05,SOLUSDT,bid,135,16465.0
2024-09-15 15:17:15,SOLUSDT,bid,135,8307.0
2024-09-15 15:17:15,SOLUSDT,bid,135,8211.0
2024-09-15 15:17:19,SOLUSDT,ask,141,13421.0
2024-09-15 15:18:00,SOLUSDT,ask,140,9881.0
2024-09-15 15:18:03,SOLUSDT,bid,135,23710.0
2024-09-15 15:18:44,SOLUSDT,bid,135,23732.0
2024-09-15 15:18:47,SOLUSDT,bid,132,8369.0
2024-09-15 15:18:54,SOLUSDT,bid,128,7931.0
2024-09-15 15:19:03,SOLUSDT,bid,134,16474.0
2024-09-15 15:19:19,SOLUSDT,bid,134,16467.0
2024-09-15 15:19:24,SOLUSDT,bid,128,7937.0
2024-09-15 15:20:44,SOLUSDT,bid,135,23710.0
2024-09-15 15:20:47,SOLUSDT,bid,135,23563.0
2024-09-15 15:20:52,SOLUSDT,ask,141,13417.0
2024-09-15 15:21:02,SOLUSDT,bid,134,15488.0
2024-09-15 15:21:03,SOLUSDT,ask,138,8300.0
2024-09-15 15:21:07,SOLUSDT,bid,82,25176.0
2024-09-15 15:21:16,SOLUSDT,bid,135,23556.0
2024-09-15 15:21:51,SOLUSDT,bid,135,23574.0
2024-09-15 15:22:16,SOLUSDT,bid,82,25176.0
2024-09-15 15:22:25,SOLUSDT,bid,125,12207.0
2024-09-15 15:22:26,SOLUSDT,bid,132,10264.0
2024-09-15 15:22:26,SOLUSDT,bid,135,8220.0
2024-09-15 15:22:27,SOLUSDT,ask,140,10264.0
2024-09-15 15:22:27,SOLUSDT,ask,138,8212.0
2024-09-15 15:22:27,SOLUSDT,bid,132,8367.0
2024-09-15 15:22:38,SOLUSDT,ask,144,37786.0
2024-09-15 15:23:05,SOLUSDT,bid,135,23565.0
2024-09-15 15:23:20,SOLUSDT,bid,135,16469.0
2024-09-15 15:23:31,SOLUSDT,bid,135,16465.0
2024-09-15 15:23:52,SOLUSDT,bid,135,23573.0
2024-09-15 15:24:14,SOLUSDT,bid,82,25176.0
2024-09-15 15:24:37,SOLUSDT,bid,135,23579.0
2024-09-15 15:24:48,SOLUSDT,ask,144,37671.0
2024-09-15 15:24:50,SOLUSDT,bid,135,23616.0
2024-09-15 15:24:55,SOLUSDT,bid,135,16466.0
2024-09-15 15:24:57,SOLUSDT,bid,135,16465.0
2024-09-15 15:25:15,SOLUSDT,ask,139,7257.0
2024-09-15 15:25:30,SOLUSDT,bid,135,23618.0
2024-09-15 15:25:39,SOLUSDT,bid,135,23539.0
2024-09-15 15:25:55,SOLUSDT,bid,134,16444.0
2024-09-15 15:26:03,SOLUSDT,ask,138,8308.0
2024-09-15 15:26:04,SOLUSDT,ask,138,8212.0
2024-09-15 15:26:21,SOLUSDT,bid,132,8397.0
2024-09-15 15:26:34,SOLUSDT,ask,138,8286.0
2024-09-15 15:26:36,SOLUSDT,bid,135,23499.0
2024-09-15 15:26:38,SOLUSDT,bid,135,23502.0
2024-09-15 15:26:40,SOLUSDT,bid,135,23465.0
2024-09-15 15:26:41,SOLUSDT,ask,138,8296.0
2024-09-15 15:26:43,SOLUSDT,bid,132,8398.0
2024-09-15 15:26:45,SOLUSDT,ask,140,9597.0
2024-09-15 15:26:45,SOLUSDT,ask,140,9313.0
2024-09-15 15:26:49,SOLUSDT,ask,138,8286.0
2024-09-15 15:27:16,SOLUSDT,bid,135,24465.0
2024-09-15 15:27:17,SOLUSDT,bid,86,59078.0
2024-09-15 15:27:30,SOLUSDT,ask,140,10266.0
2024-09-15 15:27:41,SOLUSDT,ask,140,10264.0
2024-09-15 15:28:28,SOLUSDT,ask,140,9363.0
2024-09-15 15:28:59,SOLUSDT,bid,134,16448.0
2024-09-15 15:29:05,SOLUSDT,bid,135,16466.0
2024-09-15 15:29:07,SOLUSDT,bid,135,16465.0
2024-09-15 15:29:11,SOLUSDT,bid,125,12204.0
2024-09-15 15:29:24,SOLUSDT,bid,135,24470.0
2024-09-15 15:29:29,SOLUSDT,bid,135,8233.0
2024-09-15 15:29:35,SOLUSDT,bid,132,8401.0
2024-09-15 15:30:00,SOLUSDT,ask,149,7353.0
