1727136086791,BTCUSDT,ask,65000,618.054
1727136094215,BTCUSDT,ask,65000,618.074
1727136154413,BTCUSDT,ask,65000,618.105
1727136203239,BTCUSDT,ask,65000,618.11
1727136268403,BTCUSDT,ask,65000,618.282
1727136347204,BTCUSDT,ask,65000,618.277
1727136502184,BTCUSDT,ask,65000,618.275
1727136577312,BTCUSDT,ask,65000,618.269
1727136609397,BTCUSDT,ask,65000,618.098
1727136616806,BTCUSDT,ask,65000,618.067
1727136626796,BTCUSDT,ask,65000,618.09
1727136632865,BTCUSDT,ask,65000,618.05
1727136679087,BTCUSDT,ask,65000,618.048
1727136704804,BTCUSDT,ask,65000,618.049
1727136744884,BTCUSDT,ask,65000,617.878
1727136782263,BTCUSDT,ask,65000,617.838
1727136921650,BTCUSDT,ask,65000,617.438
1727136947944,BTCUSDT,ask,65000,617.669
1727136982621,BTCUSDT,ask,65000,618.438
1727137038068,BTCUSDT,ask,65000,618.183
1727137071107,BTCUSDT,bid,47000,840.64
1727137119705,BTCUSDT,ask,65000,617.868
1727137182680,BTCUSDT,ask,65000,617.861
1727137207094,BTCUSDT,ask,65000,616.861
1727137262454,BTCUSDT,ask,65000,616.714
1727137309598,BTCUSDT,ask,65000,616.706
1727137310923,BTCUSDT,ask,65000,616.726
1727137362072,BTCUSDT,ask,65000,616.656
1727137370827,BTCUSDT,ask,65000,616.61
1727137403961,BTCUSDT,ask,65000,616.617
1727137463505,BTCUSDT,ask,65000,616.594
1727137466040,BTCUSDT,ask,65000,616.592
1727137479154,BTCUSDT,ask,65000,616.585
1727137493766,BTCUSDT,ask,65000,616.579
1727137508826,BTCUSDT,ask,65000,616.575
1727137534700,BTCUSDT,ask,65000,616.525
1727137540204,BTCUSDT,ask,65000,616.92
1727137554678,BTCUSDT,ask,65000,616.9
1727137675835,BTCUSDT,ask,65000,616.87
1727137689104,BTCUSDT,ask,65000,616.916
1727137700327,BTCUSDT,ask,65000,617.204
1727137863159,BTCUSDT,ask,65000,617.267
1727137910017,BTCUSDT,ask,65000,617.253
1727137916317,BTCUSDT,ask,65000,617.19
1727138016876,BTCUSDT,ask,65000,617.59
1727138124510,BTCUSDT,ask,65000,617.824
1727138148025,BTCUSDT,ask,65000,617.846
1727138369700,BTCUSDT,ask,65000,617.826
1727138393463,BTCUSDT,ask,65000,617.824
1727138454134,BTCUSDT,ask,65000,617.181
1727138502028,BTCUSDT,bid,47000,840.646
1727139707517,BTCUSDT,bid,47300,802.717
1727144387241,BTCUSDT,ask,64500,636.99
1727144492085,BTCUSDT,ask,64500,636.985
1727145874064,BTCUSDT,bid,47000,840.642
1727145970594,BTCUSDT,ask,64500,637.026
1727146030092,BTCUSDT,ask,64500,636.985
1727146599455,BTCUSDT,bid,47000,840.631
1727147329444,BTCUSDT,bid,47000,840.634
1727136010089,BTCUSD_PERP,ask,64000,507.14
1727136010606,BTCUSD_PERP,ask,64000,513.53
1727136014991,BTCUSD_PERP,bid,62800,557.63
1727136015297,BTCUSD_PERP,bid,62800,619.81
1727136015602,BTCUSD_PERP,bid,62800,681.36
1727136015901,BTCUSD_PERP,bid,62800,743.54
1727136104601,BTCUSD_PERP,ask,64000,507.14
1727136126670,BTCUSD_PERP,ask,64000,507.4
1727136128608,BTCUSD_PERP,bid,62800,681.99
1727136128710,BTCUSD_PERP,bid,62800,620.44
1727136128811,BTCUSD_PERP,bid,62800,558.26
1727136130050,BTCUSD_PERP,bid,62800,557.34
1727136130250,BTCUSD_PERP,bid,62800,619.56
1727136130358,BTCUSD_PERP,bid,62800,681.78
1727136130562,BTCUSD_PERP,bid,62800,744.0
1727136224687,BTCUSD_PERP,bid,62800,681.44
1727136224885,BTCUSD_PERP,bid,62800,743.63
1727136435410,BTCUSD_PERP,ask,63900,506.44
1727136437546,BTCUSD_PERP,ask,63900,506.2
1727136468340,BTCUSD_PERP,ask,63900,516.59
1727136541892,BTCUSD_PERP,bid,62600,496.48
1727136549894,BTCUSD_PERP,ask,63900,507.39
1727136680243,BTCUSD_PERP,ask,63900,506.36
1727136681442,BTCUSD_PERP,ask,63900,516.58
1727136682210,BTCUSD_PERP,ask,63900,526.79
1727136703078,BTCUSD_PERP,ask,64000,505.97
1727136703185,BTCUSD_PERP,ask,64000,632.75
1727136703241,BTCUSD_PERP,ask,63900,506.11
1727136768127,BTCUSD_PERP,ask,63900,506.04
1727136768971,BTCUSD_PERP,ask,63900,515.93
1727136769082,BTCUSD_PERP,ask,63900,522.31
1727137128883,BTCUSD_PERP,bid,62700,496.17
1727137128981,BTCUSD_PERP,bid,62700,558.27
1727137129079,BTCUSD_PERP,bid,62700,620.37
1727137166646,BTCUSD_PERP,bid,62700,558.27
1727137166746,BTCUSD_PERP,bid,62700,496.17
1727137168058,BTCUSD_PERP,bid,62700,496.49
1727137168190,BTCUSD_PERP,bid,62700,558.63
1727137168294,BTCUSD_PERP,bid,62700,620.77
1727137168495,BTCUSD_PERP,bid,62700,682.91
1727137242828,BTCUSD_PERP,bid,62700,559.26
1727137243024,BTCUSD_PERP,bid,62700,497.12
1727137244243,BTCUSD_PERP,bid,62800,496.73
1727137244340,BTCUSD_PERP,bid,62800,683.24
1727137261185,BTCUSD_PERP,bid,62700,744.42
1727137262336,BTCUSD_PERP,bid,62700,806.56
1727137299389,BTCUSD_PERP,bid,62700,682.28
1727137299492,BTCUSD_PERP,bid,62700,743.94
1727137299694,BTCUSD_PERP,bid,62700,806.04
1727137304308,BTCUSD_PERP,bid,62700,495.93
1727137304414,BTCUSD_PERP,bid,62700,558.0
1727137304604,BTCUSD_PERP,bid,62700,620.07
1727137440751,BTCUSD_PERP,bid,62700,558.0
1727137441568,BTCUSD_PERP,bid,62700,557.64
1727137441667,BTCUSD_PERP,bid,62700,619.74
1727137442441,BTCUSD_PERP,bid,62700,743.94
1727137442542,BTCUSD_PERP,bid,62700,806.04
1727137442654,BTCUSD_PERP,bid,62700,868.14
1727137740168,BTCUSD_PERP,bid,62700,806.56
1727137740285,BTCUSD_PERP,bid,62700,868.7
1727137742070,BTCUSD_PERP,bid,62700,868.85
1727137801510,BTCUSD_PERP,bid,62700,868.86
1727137952338,BTCUSD_PERP,bid,62700,868.71
1727138002511,BTCUSD_PERP,bid,62700,744.43
1727138002617,BTCUSD_PERP,bid,62700,682.29
1727138002918,BTCUSD_PERP,bid,62700,620.15
1727138003119,BTCUSD_PERP,bid,62700,558.01
1727138003219,BTCUSD_PERP,bid,62700,495.87
1727138003443,BTCUSD_PERP,bid,62700,496.8
1727138003854,BTCUSD_PERP,bid,62700,558.27
1727138003955,BTCUSD_PERP,bid,62700,620.37
1727138004161,BTCUSD_PERP,bid,62700,682.47
1727138004264,BTCUSD_PERP,bid,62700,744.57
1727138004368,BTCUSD_PERP,bid,62700,868.14
1727138004580,BTCUSD_PERP,bid,62700,930.24
1727138085924,BTCUSD_PERP,bid,62700,868.14
1727138089708,BTCUSD_PERP,bid,62700,557.64
1727138089812,BTCUSD_PERP,bid,62700,868.71
1727138089916,BTCUSD_PERP,bid,62700,930.85
1727138205917,BTCUSD_PERP,bid,62600,541.66
1727138205917,BTCUSD_PERP,bid,62700,992.34
1727138206036,BTCUSD_PERP,bid,62600,603.66
1727138206036,BTCUSD_PERP,bid,62700,1054.44
1727138209428,BTCUSD_PERP,bid,62600,541.63
1727138209428,BTCUSD_PERP,bid,62700,992.34
1727138209531,BTCUSD_PERP,bid,62600,743.46
1727138209632,BTCUSD_PERP,bid,62600,494.9
1727138209632,BTCUSD_PERP,bid,62600,805.52
1727138209835,BTCUSD_PERP,bid,62600,556.86
1727138209943,BTCUSD_PERP,bid,62600,867.58
1727138224510,BTCUSD_PERP,bid,62600,495.61
1727138224613,BTCUSD_PERP,bid,62500,541.12
1727138224613,BTCUSD_PERP,bid,62600,929.19
1727138224714,BTCUSD_PERP,bid,62500,603.05
1727138224714,BTCUSD_PERP,bid,62600,991.22
1727138277028,BTCUSD_PERP,bid,62600,805.13
1727138277151,BTCUSD_PERP,bid,62600,557.29
1727138277354,BTCUSD_PERP,bid,62600,619.28
1727138365364,BTCUSD_PERP,bid,62500,495.05
1727138365463,BTCUSD_PERP,bid,62500,557.01
1727138365582,BTCUSD_PERP,bid,62500,618.97
1727138400702,BTCUSD_PERP,bid,62500,556.02
1727138400801,BTCUSD_PERP,bid,62400,540.16
1727138400801,BTCUSD_PERP,bid,62500,1175.22
1727138401005,BTCUSD_PERP,bid,62400,601.98
1727138401005,BTCUSD_PERP,bid,62500,1237.14
1727138413894,BTCUSD_PERP,bid,62500,741.78
1727138413993,BTCUSD_PERP,bid,62500,493.8
1727138414195,BTCUSD_PERP,bid,62500,555.68
1727138415006,BTCUSD_PERP,bid,62400,617.25
1727138466021,BTCUSD_PERP,bid,62300,492.74
1727138466214,BTCUSD_PERP,bid,62300,554.49
1727138466321,BTCUSD_PERP,bid,62300,616.24
1727138473639,BTCUSD_PERP,bid,62300,493.37
1727138474045,BTCUSD_PERP,bid,62300,493.05
1727138486290,BTCUSD_PERP,bid,62300,492.81
1727138489664,BTCUSD_PERP,ask,63500,503.09
1727138540887,BTCUSD_PERP,bid,47000,2388.14
1727138544546,BTCUSD_PERP,bid,62300,493.36
1727138544644,BTCUSD_PERP,bid,62300,616.7
1727138544849,BTCUSD_PERP,bid,62300,677.75
1727138544953,BTCUSD_PERP,bid,62300,739.42
1727138545064,BTCUSD_PERP,bid,62300,801.09
1727138545167,BTCUSD_PERP,bid,62300,862.76
1727138545258,BTCUSD_PERP,bid,62300,985.48
1727138545672,BTCUSD_PERP,bid,62300,1047.15
1727138545882,BTCUSD_PERP,bid,62300,1108.82
1727138565067,BTCUSD_PERP,bid,62300,1047.15
1727138565313,BTCUSD_PERP,bid,62300,923.81
1727138565608,BTCUSD_PERP,bid,62300,862.14
1727138565758,BTCUSD_PERP,bid,62300,615.46
1727138566060,BTCUSD_PERP,bid,62300,553.79
1727138567593,BTCUSD_PERP,bid,62400,514.75
1727138581794,BTCUSD_PERP,bid,62500,495.28
1727138581893,BTCUSD_PERP,bid,62500,556.56
1727138582098,BTCUSD_PERP,bid,62500,617.84
1727138602383,BTCUSD_PERP,bid,62500,555.93
1727138602998,BTCUSD_PERP,bid,62500,647.45
1727138613938,BTCUSD_PERP,bid,62500,523.55
1727138620257,BTCUSD_PERP,bid,62700,588.2
1727138620354,BTCUSD_PERP,bid,62700,650.28
1727138658491,BTCUSD_PERP,bid,62700,495.38
1727138658595,BTCUSD_PERP,bid,62700,557.46
1727138748691,BTCUSD_PERP,ask,63700,470.77
1727138768810,BTCUSD_PERP,bid,62400,618.1
1727138768911,BTCUSD_PERP,bid,62400,741.72
1727138769010,BTCUSD_PERP,bid,62400,803.53
1727138772701,BTCUSD_PERP,ask,63600,520.5
1727138786570,BTCUSD_PERP,bid,62400,741.72
1727138786770,BTCUSD_PERP,ask,63600,504.42
1727138786874,BTCUSD_PERP,bid,62400,679.91
1727138787174,BTCUSD_PERP,bid,62400,556.29
1727138852161,BTCUSD_PERP,bid,62500,494.41
1727138852267,BTCUSD_PERP,bid,62500,555.66
1727138852461,BTCUSD_PERP,bid,62500,679.42
1727138853292,BTCUSD_PERP,bid,62500,741.3
1727138853390,BTCUSD_PERP,bid,62500,803.18
1727138853596,BTCUSD_PERP,bid,62500,865.06
1727138876319,BTCUSD_PERP,bid,62500,803.18
1727138876524,BTCUSD_PERP,bid,62500,741.3
1727138877032,BTCUSD_PERP,bid,62500,617.54
1727138877235,BTCUSD_PERP,bid,62400,679.0
1727138908833,BTCUSD_PERP,bid,62400,494.4
1727138919349,BTCUSD_PERP,bid,62400,556.03
1727138919758,BTCUSD_PERP,bid,62400,617.88
1727138928331,BTCUSD_PERP,bid,62400,555.75
1727138928429,BTCUSD_PERP,bid,62400,617.57
1727138928534,BTCUSD_PERP,bid,62400,679.39
1727138946828,BTCUSD_PERP,bid,62400,555.4
1727138947031,BTCUSD_PERP,bid,62400,617.18
1727138952304,BTCUSD_PERP,ask,63600,498.9
1727138992916,BTCUSD_PERP,ask,63600,555.6
1727139010978,BTCUSD_PERP,ask,63600,545.44
1727139013852,BTCUSD_PERP,ask,63600,524.66
1727139015043,BTCUSD_PERP,ask,63600,503.88
1727139022389,BTCUSD_PERP,bid,62400,556.02
1727139022515,BTCUSD_PERP,bid,62400,494.24
1727139023550,BTCUSD_PERP,bid,62400,498.48
1727139023655,BTCUSD_PERP,bid,62400,560.34
1727139023761,BTCUSD_PERP,bid,62400,622.2
1727139023865,BTCUSD_PERP,bid,62400,684.06
1727139023968,BTCUSD_PERP,bid,62400,810.0
1727139024067,BTCUSD_PERP,bid,62400,933.72
1727139024365,BTCUSD_PERP,bid,62400,540.07
1727139024365,BTCUSD_PERP,bid,62400,995.58
1727139039475,BTCUSD_PERP,bid,62400,871.86
1727139039579,BTCUSD_PERP,bid,62400,680.13
1727139039687,BTCUSD_PERP,bid,62400,865.62
1727139039788,BTCUSD_PERP,bid,62300,539.8
1727139039788,BTCUSD_PERP,bid,62400,927.45
1727139082892,BTCUSD_PERP,bid,62300,493.48
1727139082892,BTCUSD_PERP,bid,62400,803.79
1727139082990,BTCUSD_PERP,bid,62400,680.13
1727139083296,BTCUSD_PERP,bid,62400,556.47
1727139084206,BTCUSD_PERP,bid,62500,495.04
1727139084306,BTCUSD_PERP,bid,62500,556.92
1727139084848,BTCUSD_PERP,bid,62500,680.05
1727139085051,BTCUSD_PERP,bid,62500,803.18
1727139198019,BTCUSD_PERP,bid,62500,618.17
1727139198429,BTCUSD_PERP,bid,62500,556.29
1727139198863,BTCUSD_PERP,bid,62400,494.17
1727139199277,BTCUSD_PERP,bid,62400,556.02
1727139199503,BTCUSD_PERP,bid,62400,617.24
1727139199702,BTCUSD_PERP,bid,62400,679.09
1727139199908,BTCUSD_PERP,bid,62400,802.79
1727139243832,BTCUSD_PERP,bid,62400,678.78
1727139243935,BTCUSD_PERP,bid,62400,740.6
1727139366080,BTCUSD_PERP,bid,62400,494.48
1727139371423,BTCUSD_PERP,bid,62400,494.63
1727139417173,BTCUSD_PERP,bid,62400,678.78
1727139417282,BTCUSD_PERP,bid,62400,616.96
1727139417377,BTCUSD_PERP,bid,62400,555.14
1727139417568,BTCUSD_PERP,bid,62400,494.8
1727139417664,BTCUSD_PERP,bid,62400,556.65
1727139417907,BTCUSD_PERP,bid,62400,679.72
1727139418109,BTCUSD_PERP,bid,62400,741.57
1727139418308,BTCUSD_PERP,bid,62400,803.42
1727139418409,BTCUSD_PERP,bid,62400,988.97
1727139418921,BTCUSD_PERP,bid,62400,1050.82
1727139419064,BTCUSD_PERP,bid,62400,539.98
1727139419064,BTCUSD_PERP,bid,62400,1112.04
1727139452014,BTCUSD_PERP,bid,62400,1050.82
1727139452108,BTCUSD_PERP,bid,62400,988.97
1727139452218,BTCUSD_PERP,bid,62400,927.12
1727139452315,BTCUSD_PERP,bid,62400,865.27
1727139452420,BTCUSD_PERP,bid,62400,803.42
1727139452720,BTCUSD_PERP,bid,62400,741.57
1727139452826,BTCUSD_PERP,bid,62400,493.95
1727139452826,BTCUSD_PERP,bid,62400,679.72
1727139452924,BTCUSD_PERP,bid,62400,555.77
1727139452924,BTCUSD_PERP,bid,62400,617.87
1727139453238,BTCUSD_PERP,bid,62400,617.59
1727139453238,BTCUSD_PERP,bid,62400,556.02
1727139453336,BTCUSD_PERP,bid,62400,679.41
1727139453545,BTCUSD_PERP,bid,62400,740.6
1727139453545,BTCUSD_PERP,bid,62400,494.8
1727139453851,BTCUSD_PERP,bid,62400,926.06
1727139453950,BTCUSD_PERP,bid,62400,1049.7
1727139454055,BTCUSD_PERP,bid,62300,539.65
1727139454055,BTCUSD_PERP,bid,62400,1173.34
1727139454257,BTCUSD_PERP,bid,62400,1235.16
1727139454461,BTCUSD_PERP,bid,62400,1238.78
1727139480924,BTCUSD_PERP,bid,62400,1239.4
1727139530291,BTCUSD_PERP,bid,62400,678.34
1727139530387,BTCUSD_PERP,bid,62400,1110.8
1727139530494,BTCUSD_PERP,bid,62300,539.38
1727139530494,BTCUSD_PERP,bid,62400,1172.58
1727139532121,BTCUSD_PERP,bid,62400,1234.36
1727139537197,BTCUSD_PERP,bid,62300,740.38
1727139537297,BTCUSD_PERP,bid,62300,986.76
1727139537597,BTCUSD_PERP,bid,62300,539.18
1727139541473,BTCUSD_PERP,ask,63600,503.72
1727139632873,BTCUSD_PERP,bid,62300,986.27
1727139633073,BTCUSD_PERP,bid,62300,1047.99
1727139636744,BTCUSD_PERP,ask,63500,503.4
1727139730262,BTCUSD_PERP,bid,62300,559.76
1727139730366,BTCUSD_PERP,bid,62300,1113.71
1727139730466,BTCUSD_PERP,bid,62200,538.58
1727139730466,BTCUSD_PERP,bid,62300,1175.4
1727139740953,BTCUSD_PERP,bid,62300,1052.02
1727139741056,BTCUSD_PERP,bid,62300,928.64
1727139741354,BTCUSD_PERP,bid,62300,744.2
1727139741460,BTCUSD_PERP,bid,62300,682.51
1727139741546,BTCUSD_PERP,bid,62300,620.82
1727139741668,BTCUSD_PERP,bid,62300,559.13
1727139741668,BTCUSD_PERP,bid,62300,554.86
1727139741974,BTCUSD_PERP,bid,62300,497.44
1727139741974,BTCUSD_PERP,bid,62300,616.58
1727139742174,BTCUSD_PERP,bid,62300,678.3
1727139742275,BTCUSD_PERP,bid,62300,739.4
1727139742487,BTCUSD_PERP,bid,62300,862.84
1727139742787,BTCUSD_PERP,bid,62300,924.56
1727139742891,BTCUSD_PERP,bid,62300,1109.72
1727139743092,BTCUSD_PERP,bid,62200,538.84
1727139785019,BTCUSD_PERP,bid,62300,1048.0
1727139785234,BTCUSD_PERP,bid,62300,924.56
1727139785336,BTCUSD_PERP,bid,62300,801.34
1727139785434,BTCUSD_PERP,bid,62300,924.72
1727139789769,BTCUSD_PERP,ask,63500,503.16
1727139825311,BTCUSD_PERP,bid,62300,863.03
1727139825809,BTCUSD_PERP,bid,62300,801.34
1727139826130,BTCUSD_PERP,bid,62300,677.96
1727139826238,BTCUSD_PERP,bid,62300,616.27
1727139826337,BTCUSD_PERP,bid,62300,554.58
1727139826337,BTCUSD_PERP,bid,62300,493.14
1727139826431,BTCUSD_PERP,bid,62300,492.89
1727139826431,BTCUSD_PERP,bid,62300,554.86
1727139827204,BTCUSD_PERP,bid,62300,493.21
1727139827413,BTCUSD_PERP,bid,62300,554.94
1727139846396,BTCUSD_PERP,bid,62300,492.82
1727139846492,BTCUSD_PERP,bid,62300,616.34
1727139846598,BTCUSD_PERP,bid,62300,678.1
1727139846698,BTCUSD_PERP,bid,62300,739.86
1727139847109,BTCUSD_PERP,bid,62300,801.62
1727139880686,BTCUSD_PERP,ask,63600,530.8
1727139890687,BTCUSD_PERP,ask,63600,518.51
1727139921560,BTCUSD_PERP,bid,62300,678.1
1727139921661,BTCUSD_PERP,bid,62300,616.34
1727139921862,BTCUSD_PERP,bid,62300,554.58
1727139923505,BTCUSD_PERP,bid,62400,496.75
1727139924133,BTCUSD_PERP,ask,63600,512.22
1727139929056,BTCUSD_PERP,ask,63600,503.96
1727139944474,BTCUSD_PERP,bid,62400,494.09
1727139944572,BTCUSD_PERP,bid,62400,555.93
1727139944760,BTCUSD_PERP,bid,62400,617.77
1727139944904,BTCUSD_PERP,bid,62400,678.98
1727139945222,BTCUSD_PERP,bid,62400,539.39
1727139972629,BTCUSD_PERP,bid,62400,555.58
1727139972734,BTCUSD_PERP,bid,62300,539.1
1727139982056,BTCUSD_PERP,bid,62300,538.48
1727139982404,BTCUSD_PERP,bid,62400,493.4
1727139982503,BTCUSD_PERP,bid,62300,492.01
1727139982503,BTCUSD_PERP,bid,62400,555.23
1727139982604,BTCUSD_PERP,bid,62400,617.06
1727139982703,BTCUSD_PERP,bid,62300,491.99
1727140028146,BTCUSD_PERP,bid,62400,555.85
1727140028244,BTCUSD_PERP,bid,62400,494.02
1727140029969,BTCUSD_PERP,bid,62500,495.04
1727140032201,BTCUSD_PERP,bid,62400,481.33
1727140113690,BTCUSD_PERP,bid,62500,619.1
1727140113796,BTCUSD_PERP,bid,62500,680.38
1727140113882,BTCUSD_PERP,bid,62500,742.29
1727140114004,BTCUSD_PERP,bid,62500,804.2
1727140119624,BTCUSD_PERP,bid,62500,805.76
1727140120692,BTCUSD_PERP,bid,62500,823.24
1727140166085,BTCUSD_PERP,bid,62500,637.51
1727140166184,BTCUSD_PERP,bid,62500,680.05
1727140246606,BTCUSD_PERP,bid,62500,556.29
1727140246710,BTCUSD_PERP,bid,62400,741.57
1727140546606,BTCUSD_PERP,bid,62400,617.87
1727140546715,BTCUSD_PERP,bid,62400,556.02
1727140546809,BTCUSD_PERP,bid,62400,494.17
1727140548113,BTCUSD_PERP,bid,62500,494.42
1727140548454,BTCUSD_PERP,bid,62500,618.18
1727140631104,BTCUSD_PERP,bid,62500,495.36
1727140648814,BTCUSD_PERP,bid,62500,494.97
1727140648905,BTCUSD_PERP,bid,62500,556.92
1727140649018,BTCUSD_PERP,bid,62500,618.87
1727140649442,BTCUSD_PERP,bid,62500,680.82
1727140649780,BTCUSD_PERP,bid,62500,742.77
1727140653933,BTCUSD_PERP,ask,63800,526.22
1727140666223,BTCUSD_PERP,bid,62500,680.82
1727140666530,BTCUSD_PERP,bid,62500,618.87
1727140666635,BTCUSD_PERP,bid,62500,556.92
1727140667246,BTCUSD_PERP,bid,62500,495.6
1727140667664,BTCUSD_PERP,bid,62600,496.89
1727140667776,BTCUSD_PERP,bid,62600,558.88
1727140667776,BTCUSD_PERP,ask,63800,505.63
1727140675044,BTCUSD_PERP,bid,62600,496.89
1727140676471,BTCUSD_PERP,bid,62600,495.36
1727140676568,BTCUSD_PERP,bid,62600,495.51
1727140676776,BTCUSD_PERP,bid,62600,557.55
1727140677181,BTCUSD_PERP,bid,62600,619.59
1727140690894,BTCUSD_PERP,bid,62600,558.18
1727140691306,BTCUSD_PERP,bid,62700,496.01
1727140691408,BTCUSD_PERP,bid,62700,620.17
1727140691928,BTCUSD_PERP,bid,62700,682.25
1727140692031,BTCUSD_PERP,bid,62700,744.33
1727140692139,BTCUSD_PERP,bid,62700,806.41
1727140692238,BTCUSD_PERP,bid,62700,992.65
1727140692335,BTCUSD_PERP,bid,62700,1116.81
1727140692441,BTCUSD_PERP,bid,62700,1178.89
1727140692654,BTCUSD_PERP,bid,62600,495.63
1727140692760,BTCUSD_PERP,bid,62600,542.14
1727140692968,BTCUSD_PERP,bid,62600,603.54
1727140692968,BTCUSD_PERP,bid,62700,1240.34
1727140707158,BTCUSD_PERP,bid,62700,1116.18
1727140707264,BTCUSD_PERP,bid,62600,541.56
1727140707264,BTCUSD_PERP,bid,62700,992.02
1727140707364,BTCUSD_PERP,bid,62600,479.54
1727140707468,BTCUSD_PERP,bid,62700,867.86
1727140707662,BTCUSD_PERP,bid,62700,806.41
1727140707967,BTCUSD_PERP,bid,62600,619.24
1727140708064,BTCUSD_PERP,bid,62600,603.18
1727140708064,BTCUSD_PERP,bid,62600,1177.69
1727140708269,BTCUSD_PERP,bid,62600,1239.74
1727140736659,BTCUSD_PERP,ask,63900,522.79
1727140764809,BTCUSD_PERP,bid,62600,479.25
1727140764809,BTCUSD_PERP,bid,62600,1177.69
1727140765107,BTCUSD_PERP,bid,62600,929.49
1727140765309,BTCUSD_PERP,bid,62600,867.44
1727140765519,BTCUSD_PERP,bid,62600,805.39
1727140765619,BTCUSD_PERP,bid,62600,619.87
1727140765939,BTCUSD_PERP,bid,62600,496.08
1727140783015,BTCUSD_PERP,bid,62600,557.19
1727140783122,BTCUSD_PERP,bid,62600,618.54
1727140783219,BTCUSD_PERP,bid,62600,680.52
1727140785773,BTCUSD_PERP,ask,63800,505.63
1727140922605,BTCUSD_PERP,bid,62600,618.54
1727140922704,BTCUSD_PERP,bid,62500,495.66
1727140922908,BTCUSD_PERP,bid,62600,556.56
1727140924344,BTCUSD_PERP,bid,62500,494.97
1727140924419,BTCUSD_PERP,bid,62500,618.24
1727140924636,BTCUSD_PERP,bid,62500,680.19
1727140926206,BTCUSD_PERP,bid,62500,680.34
1727140927042,BTCUSD_PERP,ask,63800,505.3
1727141046701,BTCUSD_PERP,bid,62500,1113.14
1727141046805,BTCUSD_PERP,bid,62500,1175.05
1727141046903,BTCUSD_PERP,bid,62500,1236.96
1727141049679,BTCUSD_PERP,bid,62500,988.82
1727141049780,BTCUSD_PERP,bid,62500,1112.58
1727141049985,BTCUSD_PERP,bid,62500,1174.46
1727141083617,BTCUSD_PERP,bid,62500,865.69
1727141103955,BTCUSD_PERP,bid,62400,679.28
1727141104057,BTCUSD_PERP,bid,62400,741.09
1727141129892,BTCUSD_PERP,bid,62400,555.66
1727141130098,BTCUSD_PERP,bid,62400,617.17
1727141130199,BTCUSD_PERP,bid,62400,678.95
1727141133656,BTCUSD_PERP,bid,62300,1085.01
1727141133961,BTCUSD_PERP,bid,62300,1146.75
1727141134887,BTCUSD_PERP,ask,63600,503.78
1727141141940,BTCUSD_PERP,bid,62300,900.41
1727141142043,BTCUSD_PERP,bid,62300,804.74
1727141142241,BTCUSD_PERP,bid,62300,866.45
1727141144380,BTCUSD_PERP,ask,63500,533.61
1727141146860,BTCUSD_PERP,ask,63500,523.54
1727141149105,BTCUSD_PERP,ask,63500,503.4
1727141159123,BTCUSD_PERP,bid,62300,804.74
1727141159223,BTCUSD_PERP,bid,62300,743.03
1727141159223,BTCUSD_PERP,ask,63600,503.72
1727141159327,BTCUSD_PERP,bid,62300,681.32
1727141159637,BTCUSD_PERP,bid,62300,619.61
1727141159837,BTCUSD_PERP,bid,62300,557.9
1727141159837,BTCUSD_PERP,bid,62300,494.0
1727141159942,BTCUSD_PERP,bid,62300,496.81
1727141159942,BTCUSD_PERP,bid,62300,555.13
1727141160145,BTCUSD_PERP,bid,62300,678.63
1727141160351,BTCUSD_PERP,bid,62300,802.13
1727141160453,BTCUSD_PERP,bid,62300,863.26
1727141160558,BTCUSD_PERP,bid,62300,925.01
1727141160653,BTCUSD_PERP,bid,62300,986.76
1727141171334,BTCUSD_PERP,bid,62300,739.76
1727141171433,BTCUSD_PERP,bid,62300,801.11
1727141171535,BTCUSD_PERP,bid,62300,986.27
1727141172057,BTCUSD_PERP,bid,62300,1047.99
1727141176421,BTCUSD_PERP,ask,63500,503.4
1727141188500,BTCUSD_PERP,bid,62300,924.55
1727141188602,BTCUSD_PERP,bid,62300,862.58
1727141188700,BTCUSD_PERP,bid,62300,924.27
1727141188801,BTCUSD_PERP,bid,62300,985.96
1727141196436,BTCUSD_PERP,bid,62300,924.9
1727141196532,BTCUSD_PERP,bid,62300,863.21
1727141196640,BTCUSD_PERP,bid,62300,801.52
1727141196743,BTCUSD_PERP,bid,62300,678.14
1727141196849,BTCUSD_PERP,bid,62300,554.76
1727141196946,BTCUSD_PERP,bid,62300,493.07
1727141197245,BTCUSD_PERP,bid,62300,554.85
1727141197451,BTCUSD_PERP,bid,62300,616.57
1727141197558,BTCUSD_PERP,bid,62300,678.29
1727141197661,BTCUSD_PERP,bid,62300,801.73
1727141230115,BTCUSD_PERP,bid,62300,492.82
1727141234505,BTCUSD_PERP,ask,63500,515.7
1727141244604,BTCUSD_PERP,ask,63500,503.4
1727141245451,BTCUSD_PERP,bid,62300,493.76
1727141245543,BTCUSD_PERP,bid,62300,678.29
1727141250581,BTCUSD_PERP,bid,62300,616.57
1727141250684,BTCUSD_PERP,bid,62300,554.85
1727141250906,BTCUSD_PERP,bid,62300,493.13
1727141265413,BTCUSD_PERP,bid,62200,489.5
1727141265945,BTCUSD_PERP,bid,62200,514.16
1727141266804,BTCUSD_PERP,ask,63600,503.88
1727141267305,BTCUSD_PERP,bid,62400,678.96
1727141268604,BTCUSD_PERP,ask,63600,514.04
1727141269223,BTCUSD_PERP,ask,63600,524.2
1727141270400,BTCUSD_PERP,ask,63600,534.36
1727141284094,BTCUSD_PERP,bid,62200,489.5
1727141323105,BTCUSD_PERP,bid,62400,555.4
1727141324040,BTCUSD_PERP,bid,62300,494.01
1727141324238,BTCUSD_PERP,bid,62300,555.76
1727141324340,BTCUSD_PERP,bid,62300,617.51
1727141324549,BTCUSD_PERP,bid,62300,678.63
1727141326865,BTCUSD_PERP,ask,63600,520.14
1727141327170,BTCUSD_PERP,bid,62300,678.78
1727141327481,BTCUSD_PERP,bid,62300,678.93
1727141346136,BTCUSD_PERP,ask,63600,503.88
1727141346399,BTCUSD_PERP,bid,62300,617.18
1727141346505,BTCUSD_PERP,bid,62300,493.68
1727141347753,BTCUSD_PERP,bid,62400,617.8
1727141348053,BTCUSD_PERP,bid,62400,678.95
1727141371910,BTCUSD_PERP,bid,62300,678.62
1727141375476,BTCUSD_PERP,ask,63500,503.64
1727141401706,BTCUSD_PERP,bid,62300,616.87
1727141401807,BTCUSD_PERP,bid,62400,555.39
1727141402213,BTCUSD_PERP,bid,62400,617.17
1727141402319,BTCUSD_PERP,bid,62400,678.95
1727141402625,BTCUSD_PERP,bid,62400,864.29
1727141416504,BTCUSD_PERP,ask,63500,524.5
1727141476320,BTCUSD_PERP,bid,62300,492.58
1727141476527,BTCUSD_PERP,bid,62300,554.31
1727141476630,BTCUSD_PERP,bid,62300,616.04
1727141489083,BTCUSD_PERP,bid,62300,493.21
1727141489182,BTCUSD_PERP,bid,62300,492.44
1727141489283,BTCUSD_PERP,bid,62300,615.84
1727141492934,BTCUSD_PERP,ask,63500,503.24
1727141511641,BTCUSD_PERP,ask,63500,523.54
1727141572011,BTCUSD_PERP,ask,63500,503.24
1727141641605,BTCUSD_PERP,ask,63500,503.23
1727141641919,BTCUSD_PERP,bid,62300,616.28
1727141642002,BTCUSD_PERP,bid,62300,677.97
1727141682713,BTCUSD_PERP,bid,62200,493.28
1727141686099,BTCUSD_PERP,ask,63500,522.88
1727141687394,BTCUSD_PERP,ask,63500,529.22
1727141688348,BTCUSD_PERP,ask,63500,535.56
1727141697965,BTCUSD_PERP,bid,62300,616.28
1727141698056,BTCUSD_PERP,bid,62300,677.97
1727141698286,BTCUSD_PERP,bid,62300,739.66
1727141698492,BTCUSD_PERP,bid,62300,801.35
1727141708733,BTCUSD_PERP,bid,62300,677.97
1727141708934,BTCUSD_PERP,ask,63500,503.52
1727141709034,BTCUSD_PERP,bid,62300,616.28
1727141709863,BTCUSD_PERP,bid,62300,554.59
1727141709863,BTCUSD_PERP,bid,62300,493.85
1727141710169,BTCUSD_PERP,bid,62300,492.9
1727141710169,BTCUSD_PERP,bid,62300,555.58
1727141710268,BTCUSD_PERP,bid,62300,617.31
1727141710369,BTCUSD_PERP,bid,62300,696.32
1727141710471,BTCUSD_PERP,bid,62200,538.47
1727141710471,BTCUSD_PERP,bid,62300,758.05
1727141710573,BTCUSD_PERP,bid,62300,819.78
1727141715651,BTCUSD_PERP,ask,63600,481.78
1727141715850,BTCUSD_PERP,bid,62300,634.59
1727141715850,BTCUSD_PERP,ask,63600,544.74
1727141715956,BTCUSD_PERP,bid,62300,572.86
1727141716055,BTCUSD_PERP,bid,62300,511.13
1727141716781,BTCUSD_PERP,bid,62300,499.29
1727141717288,BTCUSD_PERP,bid,62300,555.21
1727141717390,BTCUSD_PERP,bid,62300,616.97
1727141717493,BTCUSD_PERP,bid,62300,678.1
1727141717595,BTCUSD_PERP,bid,62300,739.86
1727141717696,BTCUSD_PERP,bid,62300,801.62
1727141721579,BTCUSD_PERP,bid,62300,493.84
1727141727474,BTCUSD_PERP,bid,62300,678.1
1727141727675,BTCUSD_PERP,bid,62300,492.82
1727141728185,BTCUSD_PERP,bid,62300,554.24
1727141728285,BTCUSD_PERP,bid,62300,615.96
1727141728485,BTCUSD_PERP,bid,62300,677.68
1727141730527,BTCUSD_PERP,ask,63600,481.76
1727141737497,BTCUSD_PERP,bid,62300,493.6
1727141792002,BTCUSD_PERP,bid,62300,492.52
1727141792210,BTCUSD_PERP,ask,63600,503.72
1727141814268,BTCUSD_PERP,ask,63600,503.96
1727141816116,BTCUSD_PERP,bid,62400,493.22
1727141816427,BTCUSD_PERP,bid,62400,555.03
1727141816530,BTCUSD_PERP,bid,62400,616.84
1727141819773,BTCUSD_PERP,bid,62400,678.65
1727141828713,BTCUSD_PERP,ask,63600,510.57
1727141830244,BTCUSD_PERP,bid,62400,555.66
1727141830446,BTCUSD_PERP,bid,62400,493.85
1727141831055,BTCUSD_PERP,bid,62400,556.57
1727141831150,BTCUSD_PERP,bid,62400,679.62
1727141831253,BTCUSD_PERP,bid,62400,803.3
1727141831458,BTCUSD_PERP,bid,62400,865.14
1727141832068,BTCUSD_PERP,bid,62400,926.98
1727141943684,BTCUSD_PERP,bid,62400,494.73
1727141943784,BTCUSD_PERP,bid,62400,740.46
1727141943886,BTCUSD_PERP,bid,62400,802.27
1727141966774,BTCUSD_PERP,bid,62400,555.03
1727141966872,BTCUSD_PERP,bid,62400,925.31
1727141966968,BTCUSD_PERP,bid,62300,538.83
1727141967082,BTCUSD_PERP,bid,62400,987.08
1727141977127,BTCUSD_PERP,bid,62400,494.16
1727141977223,BTCUSD_PERP,bid,62300,936.91
1727141977336,BTCUSD_PERP,bid,62300,998.65
1727141977432,BTCUSD_PERP,bid,62300,538.56
1727142036997,BTCUSD_PERP,bid,62300,875.79
1727142037102,BTCUSD_PERP,bid,62300,567.71
1727142037199,BTCUSD_PERP,bid,62300,927.53
1727142037300,BTCUSD_PERP,bid,62200,538.3
1727142037397,BTCUSD_PERP,bid,62300,989.24
1727142097915,BTCUSD_PERP,bid,62300,927.53
1727142098122,BTCUSD_PERP,bid,62300,865.82
1727142098434,BTCUSD_PERP,bid,62300,742.4
1727142098540,BTCUSD_PERP,bid,62300,680.69
1727142098643,BTCUSD_PERP,bid,62300,618.98
1727142098948,BTCUSD_PERP,bid,62300,557.9
1727142099156,BTCUSD_PERP,bid,62300,496.19
1727142099156,BTCUSD_PERP,bid,62300,493.37
1727142099356,BTCUSD_PERP,bid,62300,616.24
1727142099449,BTCUSD_PERP,bid,62300,924.99
1727142099967,BTCUSD_PERP,bid,62300,1048.49
1727142100092,BTCUSD_PERP,bid,62300,538.58
1727142100092,BTCUSD_PERP,bid,62300,1052.11
1727142188392,BTCUSD_PERP,bid,62300,990.36
1727142188602,BTCUSD_PERP,bid,62300,492.32
1727142188795,BTCUSD_PERP,bid,62300,928.61
1727142189004,BTCUSD_PERP,bid,62300,866.86
1727142189105,BTCUSD_PERP,bid,62300,805.74
1727142189210,BTCUSD_PERP,bid,62300,744.62
1727142189314,BTCUSD_PERP,bid,62300,682.87
1727142189418,BTCUSD_PERP,bid,62300,559.37
1727142225694,BTCUSD_PERP,bid,62400,616.99
1727142225792,BTCUSD_PERP,bid,62400,740.63
1727142225900,BTCUSD_PERP,bid,62400,864.27
1727142233395,BTCUSD_PERP,bid,62300,481.33
1727142438783,BTCUSD_PERP,bid,62400,802.45
1727142438922,BTCUSD_PERP,bid,62400,740.63
1727142439228,BTCUSD_PERP,bid,62400,678.81
1727142439539,BTCUSD_PERP,bid,62400,555.17
1727142439741,BTCUSD_PERP,bid,62400,493.35
1727142440850,BTCUSD_PERP,bid,62500,493.86
1727142451207,BTCUSD_PERP,ask,63700,507.74
1727142452229,BTCUSD_PERP,ask,63700,501.43
1727142478077,BTCUSD_PERP,ask,63700,495.12
1727142478882,BTCUSD_PERP,ask,63700,474.29
1727142498304,BTCUSD_PERP,bid,62400,556.11
1727142550544,BTCUSD_PERP,bid,62400,555.8
1727142571417,BTCUSD_PERP,bid,62400,555.48
1727142574072,BTCUSD_PERP,bid,62300,554.58
1727142614433,BTCUSD_PERP,bid,62300,493.14
1727142650480,BTCUSD_PERP,ask,63600,509.93
1727142654624,BTCUSD_PERP,ask,63600,503.64
1727142665005,BTCUSD_PERP,bid,62300,554.67
1727142665220,BTCUSD_PERP,bid,62300,616.44
1727142665527,BTCUSD_PERP,bid,62300,678.21
1727142684191,BTCUSD_PERP,ask,63600,536.6
1727142726616,BTCUSD_PERP,ask,63600,530.31
1727142731030,BTCUSD_PERP,ask,63600,513.95
1727142733319,BTCUSD_PERP,ask,63600,503.88
1727142734229,BTCUSD_PERP,bid,62300,616.44
1727142734650,BTCUSD_PERP,bid,62300,492.9
1727142734858,BTCUSD_PERP,bid,62400,494.4
1727142734960,BTCUSD_PERP,bid,62400,556.2
1727142735061,BTCUSD_PERP,bid,62400,617.37
1727142735167,BTCUSD_PERP,bid,62400,679.17
1727142735267,BTCUSD_PERP,bid,62400,740.97
1727142735373,BTCUSD_PERP,bid,62400,802.77
1727142735471,BTCUSD_PERP,bid,62400,925.74
1727142735676,BTCUSD_PERP,bid,62400,987.54
1727142736192,BTCUSD_PERP,bid,62400,1049.34
1727142772839,BTCUSD_PERP,bid,62400,740.97
1727142772935,BTCUSD_PERP,bid,62300,1048.83
1727142900917,BTCUSD_PERP,bid,62300,925.29
1727142901016,BTCUSD_PERP,bid,62400,927.0
1727142901121,BTCUSD_PERP,bid,62400,988.8
1727142901329,BTCUSD_PERP,bid,62400,1111.14
1727142902730,BTCUSD_PERP,bid,62400,1114.76
1727143023225,BTCUSD_PERP,bid,62400,1111.14
1727143191122,BTCUSD_PERP,ask,63600,503.88
1727143199883,BTCUSD_PERP,bid,62300,555.22
1727143199983,BTCUSD_PERP,bid,62300,1048.68
1727143231882,BTCUSD_PERP,ask,63500,510.04
1727143246759,BTCUSD_PERP,ask,63600,503.88
1727143262539,BTCUSD_PERP,bid,62400,925.75
1727143262641,BTCUSD_PERP,bid,62400,1111.15
1727143262948,BTCUSD_PERP,bid,62400,1111.3
1727143263250,BTCUSD_PERP,bid,62400,1111.45
1727143268764,BTCUSD_PERP,bid,62400,1115.07
1727143342801,BTCUSD_PERP,bid,62400,559.5
1727143342902,BTCUSD_PERP,bid,62300,802.26
1727143343001,BTCUSD_PERP,bid,62300,864.02
1727143368517,BTCUSD_PERP,bid,62300,616.98
1727143368611,BTCUSD_PERP,bid,62300,554.94
1727143368710,BTCUSD_PERP,bid,62300,740.13
1727143368815,BTCUSD_PERP,bid,62300,801.86
1727143386992,BTCUSD_PERP,ask,63500,489.56
1727143387092,BTCUSD_PERP,ask,63500,552.46
1727143390821,BTCUSD_PERP,ask,63500,562.61
1727143391027,BTCUSD_PERP,ask,63500,572.76
1727143415378,BTCUSD_PERP,bid,62300,678.4
1727143415480,BTCUSD_PERP,bid,62300,616.67
1727143415990,BTCUSD_PERP,bid,62300,554.94
1727143416393,BTCUSD_PERP,bid,62200,615.05
1727143416393,BTCUSD_PERP,bid,62300,801.47
1727143416494,BTCUSD_PERP,bid,62200,553.43
1727143416494,BTCUSD_PERP,bid,62300,863.17
1727143416600,BTCUSD_PERP,bid,62200,491.79
1727143424563,BTCUSD_PERP,ask,63500,566.47
1727143431134,BTCUSD_PERP,ask,63500,553.89
1727143434117,BTCUSD_PERP,ask,63500,543.83
1727143439618,BTCUSD_PERP,ask,63500,533.77
1727143447129,BTCUSD_PERP,ask,63500,523.62
1727143447935,BTCUSD_PERP,bid,62300,801.47
1727143449665,BTCUSD_PERP,bid,62300,492.66
1727143450587,BTCUSD_PERP,ask,63500,524.6
1727143451305,BTCUSD_PERP,ask,63500,534.76
1727143451624,BTCUSD_PERP,ask,63500,544.92
1727143511702,BTCUSD_PERP,ask,63500,534.76
1727143512513,BTCUSD_PERP,ask,63500,524.6
1727143549077,BTCUSD_PERP,ask,63500,503.64
1727143589920,BTCUSD_PERP,bid,62300,554.67
1727143590031,BTCUSD_PERP,bid,62300,616.44
1727143590350,BTCUSD_PERP,bid,62300,739.98
1727143590664,BTCUSD_PERP,bid,62300,801.75
1727143590881,BTCUSD_PERP,bid,62300,925.29
1727143590984,BTCUSD_PERP,bid,62300,987.06
1727143591086,BTCUSD_PERP,bid,62300,1048.83
1727143608523,BTCUSD_PERP,ask,63600,503.88
1727143697881,BTCUSD_PERP,bid,62300,619.88
1727143697983,BTCUSD_PERP,bid,62300,743.36
1727143698082,BTCUSD_PERP,bid,62300,805.1
1727143709212,BTCUSD_PERP,bid,62300,558.77
1727143709518,BTCUSD_PERP,bid,62300,492.99
1727143714936,BTCUSD_PERP,ask,63500,477.48
1727143715276,BTCUSD_PERP,ask,63500,540.36
1727143720913,BTCUSD_PERP,ask,63500,534.07
1727143741484,BTCUSD_PERP,bid,62200,986.1
1727143741588,BTCUSD_PERP,bid,62200,1108.8
1727143741696,BTCUSD_PERP,bid,62200,537.94
1727143741696,BTCUSD_PERP,bid,62200,1170.47
1727143750794,BTCUSD_PERP,ask,63500,513.31
1727143756729,BTCUSD_PERP,ask,63500,502.84
1727143759381,BTCUSD_PERP,ask,63500,512.98
1727143785136,BTCUSD_PERP,ask,63500,523.38
1727143889838,BTCUSD_PERP,bid,62200,493.04
1727143889978,BTCUSD_PERP,bid,62200,676.69
1727143890078,BTCUSD_PERP,bid,62200,738.32
1727143893750,BTCUSD_PERP,ask,63400,512.9
1727143904144,BTCUSD_PERP,bid,62100,615.26
1727143907743,BTCUSD_PERP,ask,63400,502.43
1727143924266,BTCUSD_PERP,bid,62100,553.69
1727143924672,BTCUSD_PERP,bid,62100,492.12
1727144115800,BTCUSD_PERP,ask,63400,502.12
1727144203174,BTCUSD_PERP,bid,62200,678.88
1727144203374,BTCUSD_PERP,bid,62200,740.54
1727144203475,BTCUSD_PERP,bid,62200,802.2
1727144203577,BTCUSD_PERP,bid,62200,863.86
1727144220861,BTCUSD_PERP,bid,62200,738.94
1727144226593,BTCUSD_PERP,bid,62200,615.68
1727144226900,BTCUSD_PERP,bid,62200,493.04
1727144228217,BTCUSD_PERP,bid,62200,554.4
1727144228327,BTCUSD_PERP,bid,62200,677.74
1727144228422,BTCUSD_PERP,bid,62200,801.08
1727144290638,BTCUSD_PERP,bid,62200,740.04
1727144290738,BTCUSD_PERP,bid,62200,678.37
1727144290841,BTCUSD_PERP,bid,62200,616.7
1727144290941,BTCUSD_PERP,bid,62200,555.03
1727144291345,BTCUSD_PERP,bid,62300,493.6
1727144291667,BTCUSD_PERP,bid,62300,617.0
1727144292104,BTCUSD_PERP,bid,62300,740.4
1727144292512,BTCUSD_PERP,bid,62300,802.1
1727144335586,BTCUSD_PERP,bid,62300,617.0
1727144335900,BTCUSD_PERP,bid,62200,555.03
1727144336405,BTCUSD_PERP,bid,62200,492.73
1727144339362,BTCUSD_PERP,bid,62200,494.96
1727144339877,BTCUSD_PERP,bid,62200,496.5
1727144340798,BTCUSD_PERP,bid,62200,513.91
1727144431920,BTCUSD_PERP,bid,62200,493.36
1727144432757,BTCUSD_PERP,bid,62300,492.98
1727144432855,BTCUSD_PERP,bid,62300,616.38
1727144433062,BTCUSD_PERP,bid,62300,678.08
1727144433166,BTCUSD_PERP,bid,62300,739.78
1727144433478,BTCUSD_PERP,bid,62300,801.48
1727144433592,BTCUSD_PERP,bid,62300,863.18
1727144508549,BTCUSD_PERP,bid,62300,801.48
1727144508657,BTCUSD_PERP,bid,62300,739.78
1727144508758,BTCUSD_PERP,bid,62300,678.08
1727144508862,BTCUSD_PERP,bid,62300,616.38
1727144509166,BTCUSD_PERP,bid,62300,554.68
1727144509470,BTCUSD_PERP,bid,62300,492.98
1727144509470,BTCUSD_PERP,bid,62300,493.85
1727144509573,BTCUSD_PERP,bid,62300,616.69
1727144509874,BTCUSD_PERP,bid,62300,678.42
1727144509978,BTCUSD_PERP,bid,62300,801.88
1727144510086,BTCUSD_PERP,bid,62300,863.61
1727144681374,BTCUSD_PERP,bid,62300,740.15
1727144681974,BTCUSD_PERP,bid,62300,554.96
1727144682076,BTCUSD_PERP,bid,62300,493.23
1727144682792,BTCUSD_PERP,bid,62300,494.17
1727144682894,BTCUSD_PERP,bid,62300,617.71
1727144682999,BTCUSD_PERP,bid,62300,741.25
1727144683200,BTCUSD_PERP,bid,62300,803.02
1727144683300,BTCUSD_PERP,bid,62300,864.15
1727144854350,BTCUSD_PERP,bid,62300,678.84
1727144854453,BTCUSD_PERP,bid,62300,617.07
1727144854556,BTCUSD_PERP,bid,62300,555.3
1727144927357,BTCUSD_PERP,bid,62300,494.08
1727144928504,BTCUSD_PERP,bid,62300,494.23
1727145001281,BTCUSD_PERP,bid,62300,493.84
1727145250203,BTCUSD_PERP,bid,62300,493.84
1727145250300,BTCUSD_PERP,bid,62300,555.57
1727145250500,BTCUSD_PERP,bid,62300,617.3
1727145250601,BTCUSD_PERP,bid,62300,679.03
1727145250807,BTCUSD_PERP,bid,62300,864.22
1727145254104,BTCUSD_PERP,ask,63500,509.82
1727145255323,BTCUSD_PERP,ask,63500,519.98
1727145265512,BTCUSD_PERP,ask,63500,530.14
1727145266240,BTCUSD_PERP,ask,63500,551.09
1727145273747,BTCUSD_PERP,ask,63500,557.44
1727145274077,BTCUSD_PERP,ask,63500,567.6
1727145279003,BTCUSD_PERP,ask,63500,573.94
1727145283917,BTCUSD_PERP,bid,62300,867.84
1727145285163,BTCUSD_PERP,ask,63500,584.1
1727145315447,BTCUSD_PERP,bid,62300,493.52
1727145315769,BTCUSD_PERP,ask,63500,573.94
1727145689125,BTCUSD_PERP,bid,62300,555.66
1727145689230,BTCUSD_PERP,bid,62300,617.4
1727145689333,BTCUSD_PERP,bid,62300,740.25
1727145689537,BTCUSD_PERP,bid,62300,801.36
1727145689642,BTCUSD_PERP,bid,62300,863.1
1727145696980,BTCUSD_PERP,ask,63600,496.77
1727145702003,BTCUSD_PERP,bid,62300,801.36
1727145702210,BTCUSD_PERP,bid,62300,678.51
1727145702310,BTCUSD_PERP,bid,62300,617.4
1727145702612,BTCUSD_PERP,bid,62300,555.66
1727145703220,BTCUSD_PERP,bid,62300,617.4
1727145703420,BTCUSD_PERP,bid,62300,555.66
1727145703605,BTCUSD_PERP,bid,62300,493.92
1727145703942,BTCUSD_PERP,bid,62400,506.28
1727145704046,BTCUSD_PERP,bid,62400,691.62
1727145740777,BTCUSD_PERP,ask,63600,505.85
1727145744259,BTCUSD_PERP,ask,63600,503.96
1727145800135,BTCUSD_PERP,bid,62400,679.58
1727145813651,BTCUSD_PERP,bid,62400,556.02
1727145813752,BTCUSD_PERP,bid,62400,494.24
1727145813952,BTCUSD_PERP,bid,62400,555.03
1727145814275,BTCUSD_PERP,bid,62400,616.84
1727145814376,BTCUSD_PERP,bid,62400,678.65
1727145814480,BTCUSD_PERP,bid,62400,740.46
1727145814586,BTCUSD_PERP,bid,62400,802.27
1727145814889,BTCUSD_PERP,bid,62400,925.89
1727145815205,BTCUSD_PERP,bid,62400,987.7
1727145815304,BTCUSD_PERP,bid,62400,1049.51
1727145815606,BTCUSD_PERP,bid,62400,1111.32
1727145821936,BTCUSD_PERP,ask,63600,504.2
1727145826996,BTCUSD_PERP,ask,63600,525.19
1727145917502,BTCUSD_PERP,ask,63600,504.2
1727145949181,BTCUSD_PERP,bid,62400,987.7
1727145949283,BTCUSD_PERP,bid,62400,864.08
1727145949381,BTCUSD_PERP,bid,62400,802.27
1727145949481,BTCUSD_PERP,bid,62400,678.65
1727145949891,BTCUSD_PERP,bid,62400,616.84
1727145950105,BTCUSD_PERP,bid,62400,555.03
1727145950105,BTCUSD_PERP,bid,62400,494.72
1727145950201,BTCUSD_PERP,bid,62400,556.56
1727145950307,BTCUSD_PERP,bid,62400,618.4
1727145950405,BTCUSD_PERP,bid,62400,803.92
1727145950610,BTCUSD_PERP,bid,62400,865.76
1727145950705,BTCUSD_PERP,bid,62400,926.97
1727145951022,BTCUSD_PERP,bid,62400,988.81
1727145951114,BTCUSD_PERP,bid,62400,1050.02
1727145955404,BTCUSD_PERP,bid,62400,1050.17
1727145962537,BTCUSD_PERP,ask,63700,504.44
1727146009688,BTCUSD_PERP,bid,62400,988.33
1727146009789,BTCUSD_PERP,bid,62400,926.49
1727146009892,BTCUSD_PERP,bid,62400,864.65
1727146010094,BTCUSD_PERP,bid,62400,802.81
1727146010294,BTCUSD_PERP,bid,62400,740.97
1727146010397,BTCUSD_PERP,bid,62400,617.92
1727146010609,BTCUSD_PERP,bid,62400,556.08
1727146010708,BTCUSD_PERP,bid,62400,494.24
1727146011318,BTCUSD_PERP,bid,62500,618.17
1727146011421,BTCUSD_PERP,bid,62500,680.05
1727146011521,BTCUSD_PERP,bid,62500,803.81
1727146011822,BTCUSD_PERP,bid,62400,539.75
1727146011822,BTCUSD_PERP,bid,62500,865.69
1727146011929,BTCUSD_PERP,bid,62500,927.57
1727146014372,BTCUSD_PERP,bid,62500,927.72
1727146039412,BTCUSD_PERP,bid,62500,865.84
1727146039514,BTCUSD_PERP,bid,62500,803.96
1727146039611,BTCUSD_PERP,bid,62500,742.08
1727146039611,BTCUSD_PERP,ask,63700,525.83
1727146039823,BTCUSD_PERP,bid,62500,680.2
1727146040020,BTCUSD_PERP,bid,62500,618.32
1727146040429,BTCUSD_PERP,bid,62500,556.44
1727146040740,BTCUSD_PERP,bid,62500,494.56
1727146093105,BTCUSD_PERP,ask,63700,505.0
1727146150380,BTCUSD_PERP,bid,62500,495.04
1727146150484,BTCUSD_PERP,bid,62500,618.17
1727146153122,BTCUSD_PERP,ask,63700,548.67
1727146180475,BTCUSD_PERP,ask,63700,527.66
1727146208146,BTCUSD_PERP,bid,62500,556.29
1727146208761,BTCUSD_PERP,ask,63700,505.0
1727146209375,BTCUSD_PERP,bid,62500,495.36
1727146209477,BTCUSD_PERP,bid,62500,557.28
1727146209676,BTCUSD_PERP,bid,62500,680.49
1727146210304,BTCUSD_PERP,bid,62500,742.41
1727146252101,BTCUSD_PERP,ask,63800,505.24
1727146255040,BTCUSD_PERP,bid,62500,618.57
1727146255847,BTCUSD_PERP,bid,62500,556.65
1727146256584,BTCUSD_PERP,bid,62500,681.45
1727146256688,BTCUSD_PERP,bid,62500,742.77
1727146543436,BTCUSD_PERP,bid,62500,803.71
1727146543538,BTCUSD_PERP,bid,62500,989.47
1727146587007,BTCUSD_PERP,bid,62500,556.66
1727146587111,BTCUSD_PERP,bid,62500,494.74
1727146587969,BTCUSD_PERP,bid,62500,495.05
1727146588073,BTCUSD_PERP,bid,62500,496.61
1727146589332,BTCUSD_PERP,bid,62500,496.76
1727146708836,BTCUSD_PERP,bid,62500,495.2
1727146709139,BTCUSD_PERP,bid,62500,558.3
1727146712195,BTCUSD_PERP,bid,62500,560.54
1727146801860,BTCUSD_PERP,bid,62500,498.61
1727146803656,BTCUSD_PERP,bid,62500,495.68
1727146803768,BTCUSD_PERP,bid,62500,618.97
1727146803868,BTCUSD_PERP,bid,62500,680.93
1727146847617,BTCUSD_PERP,bid,62500,618.97
1727146847823,BTCUSD_PERP,bid,62500,618.67
1727147120649,BTCUSD_PERP,bid,62500,556.74
1727147121267,BTCUSD_PERP,bid,62500,495.76
1727147121461,BTCUSD_PERP,bid,62500,557.1
1727147121767,BTCUSD_PERP,bid,62500,619.07
1727147122275,BTCUSD_PERP,bid,62500,681.04
1727147122382,BTCUSD_PERP,bid,62500,743.01
1727147179322,BTCUSD_PERP,bid,62500,619.07
1727147179525,BTCUSD_PERP,bid,62500,494.81
1727147243420,BTCUSD_PERP,bid,62500,618.37
1727147556318,BTCUSD_PERP,bid,62500,619.93
1727147614218,BTCUSD_PERP,bid,62500,558.03
1727147614327,BTCUSD_PERP,bid,62500,496.13
1727147615034,BTCUSD_PERP,bid,62500,556.74
1727147615139,BTCUSD_PERP,bid,62500,742.53
1727147627325,BTCUSD_PERP,bid,62500,680.6
1727147627444,BTCUSD_PERP,bid,62500,618.67
1727147627955,BTCUSD_PERP,bid,62600,495.21
1727147628258,BTCUSD_PERP,bid,62600,556.56
1727147825864,BTCUSD_PERP,bid,37900,2263.38
1727147825864,BTCUSD_PERP,bid,45300,1619.73
1727147825864,BTCUSD_PERP,bid,53600,2798.39
1727147825864,BTCUSD_PERP,ask,72600,1519.54
1727147825864,BTCUSD_PERP,ask,83200,1291.87
1727147825864,BTCUSD_PERP,ask,95100,2030.98
1727147859205,BTCUSD_PERP,bid,62600,494.82
1727147859425,BTCUSD_PERP,bid,62600,556.83
1727147943131,BTCUSD_PERP,bid,62600,556.47
1727147982238,BTCUSD_PERP,ask,63800,473.43
1727148145776,BTCUSD_PERP,bid,62500,494.02
1727148145877,BTCUSD_PERP,bid,62500,555.93
1727148268030,BTCUSD_PERP,bid,62500,494.02
1727148269074,BTCUSD_PERP,bid,62500,494.97
1727148269282,BTCUSD_PERP,bid,62500,556.29
1727148407663,BTCUSD_PERP,bid,62500,555.95
1727148408355,BTCUSD_PERP,bid,62500,593.42
1727148528820,BTCUSD_PERP,bid,62500,555.95
1727148938005,BTCUSD_PERP,bid,62500,494.02
1727148938314,BTCUSD_PERP,bid,62500,555.93
1727148941692,BTCUSD_PERP,bid,62500,568.1
1727149028045,BTCUSD_PERP,bid,62500,555.66
1727149074779,BTCUSD_PERP,bid,62500,494.41
1727149076106,BTCUSD_PERP,bid,62400,493.54
1727149076202,BTCUSD_PERP,bid,62400,555.39
1727149076405,BTCUSD_PERP,bid,62400,617.24
1727149142596,BTCUSD_PERP,ask,63600,510.17
1727149174763,BTCUSD_PERP,ask,63600,503.88
1727149244740,BTCUSD_PERP,bid,62400,493.92
1727149279707,BTCUSD_PERP,bid,62400,494.25
1727149279810,BTCUSD_PERP,bid,62400,617.97
1727149279911,BTCUSD_PERP,bid,62400,803.55
1727149280210,BTCUSD_PERP,bid,62400,865.41
1727149280564,BTCUSD_PERP,bid,62400,988.5
1727149280668,BTCUSD_PERP,bid,62400,1050.36
1727149286292,BTCUSD_PERP,ask,63700,504.68
1727149287919,BTCUSD_PERP,ask,63700,511.04
1727149298308,BTCUSD_PERP,ask,63700,521.22
1727149316849,BTCUSD_PERP,bid,62400,988.5
1727149317968,BTCUSD_PERP,bid,62400,494.25
1727149318177,BTCUSD_PERP,bid,62500,557.92
1727149318277,BTCUSD_PERP,bid,62500,619.81
1727149318478,BTCUSD_PERP,bid,62500,805.48
1727149318581,BTCUSD_PERP,bid,62500,866.74
1727149358365,BTCUSD_PERP,ask,63700,511.04
1727149374182,BTCUSD_PERP,ask,63700,504.92
1727149376310,BTCUSD_PERP,ask,63700,515.11
1727149383606,BTCUSD_PERP,ask,63700,525.3
1727149383805,BTCUSD_PERP,ask,63700,535.49
1727149383954,BTCUSD_PERP,ask,63700,545.36
1727149384497,BTCUSD_PERP,ask,63700,555.54
1727149404428,BTCUSD_PERP,bid,62500,679.87
1727149404528,BTCUSD_PERP,bid,62500,803.71
1727149404630,BTCUSD_PERP,bid,62500,865.63
1727149410494,BTCUSD_PERP,bid,62500,867.87
1727149436326,BTCUSD_PERP,ask,63700,545.35
1727149438976,BTCUSD_PERP,bid,62500,869.43
1727149444031,BTCUSD_PERP,ask,63700,535.16
1727149444135,BTCUSD_PERP,ask,63700,524.97
1727149444334,BTCUSD_PERP,ask,63700,515.1
1727149444546,BTCUSD_PERP,ask,63700,504.92
1727149496557,BTCUSD_PERP,bid,62500,906.9
1727149496902,BTCUSD_PERP,bid,62500,919.07
1727149497785,BTCUSD_PERP,bid,62500,922.7
1727149530915,BTCUSD_PERP,bid,62500,920.46
1727149559955,BTCUSD_PERP,bid,62500,918.9
1727149586743,BTCUSD_PERP,bid,62500,856.98
1727149587060,BTCUSD_PERP,bid,62500,795.06
1727149587150,BTCUSD_PERP,bid,62500,733.14
1727149587296,BTCUSD_PERP,bid,62500,671.22
1727149587506,BTCUSD_PERP,bid,62500,609.3
1727149587712,BTCUSD_PERP,bid,62500,547.38
1727149587908,BTCUSD_PERP,bid,62500,556.93
1727149588071,BTCUSD_PERP,bid,62500,680.21
1727149588248,BTCUSD_PERP,bid,62500,742.16
1727149588391,BTCUSD_PERP,bid,62500,804.11
1727149588738,BTCUSD_PERP,bid,62500,866.06
1727149596735,BTCUSD_PERP,bid,62500,866.21
1727149617205,BTCUSD_PERP,bid,62500,903.7
1727149617318,BTCUSD_PERP,bid,62500,915.88
1727149619676,BTCUSD_PERP,bid,62500,919.51
1727149737604,BTCUSD_PERP,bid,62500,869.84
1727149739860,BTCUSD_PERP,bid,62500,866.21
1727149772742,BTCUSD_PERP,bid,62500,804.88
1727149773149,BTCUSD_PERP,bid,62500,680.98
1727149773255,BTCUSD_PERP,bid,62500,619.03
1727149773356,BTCUSD_PERP,bid,62500,557.08
1727149773556,BTCUSD_PERP,bid,62500,495.13
1727149773865,BTCUSD_PERP,bid,62600,495.92
1727149774069,BTCUSD_PERP,bid,62600,557.91
1727149774274,BTCUSD_PERP,bid,62600,619.9
1727149774479,BTCUSD_PERP,bid,62600,681.89
1727149828707,BTCUSD_PERP,bid,62600,619.9
1727149828807,BTCUSD_PERP,bid,62600,495.92
1727149828907,BTCUSD_PERP,bid,62500,743.53
1727149829106,BTCUSD_PERP,bid,62500,805.49
1727149875238,BTCUSD_PERP,bid,62500,812.32
1727149875440,BTCUSD_PERP,bid,62500,805.49
1727150508471,BTCUSD_PERP,bid,62500,742.63
1727150508683,BTCUSD_PERP,bid,62500,804.55
1727150718953,BTCUSD_PERP,ask,63700,541.85
1727150776165,BTCUSD_PERP,ask,63700,531.66
1727150776567,BTCUSD_PERP,ask,63700,521.47
1727150777484,BTCUSD_PERP,ask,63700,511.28
1727150778503,BTCUSD_PERP,ask,63700,504.92
1727150926380,BTCUSD_PERP,bid,62500,495.57
1727150926474,BTCUSD_PERP,bid,62500,803.95
1727150926683,BTCUSD_PERP,bid,62500,865.84
1727151186205,BTCUSD_PERP,bid,62500,878.01
1727151188441,BTCUSD_PERP,bid,62500,915.46
1727151208806,BTCUSD_PERP,bid,62500,919.09
1727151306593,BTCUSD_PERP,bid,62500,906.92
1727151308889,BTCUSD_PERP,bid,62500,869.47
1727151329425,BTCUSD_PERP,bid,62500,865.84
1727151454912,BTCUSD_PERP,bid,62500,803.95
1727151455006,BTCUSD_PERP,bid,62500,742.06
1727151455315,BTCUSD_PERP,bid,62500,680.17
1727151455926,BTCUSD_PERP,bid,62500,557.02
1727151456030,BTCUSD_PERP,bid,62500,495.13
1727151456331,BTCUSD_PERP,bid,62400,494.25
1727151456536,BTCUSD_PERP,bid,62400,556.11
1727151456641,BTCUSD_PERP,bid,62400,617.97
1727151456740,BTCUSD_PERP,bid,62400,679.83
1727151456841,BTCUSD_PERP,bid,62400,865.41
1727151467339,BTCUSD_PERP,bid,62400,867.65
1727151588105,BTCUSD_PERP,bid,62400,865.41
1727151621940,BTCUSD_PERP,bid,62400,679.4
1727151622042,BTCUSD_PERP,bid,62400,741.22
1727151809446,BTCUSD_PERP,bid,62400,679.4
1727151809545,BTCUSD_PERP,bid,62400,741.69
1727151809643,BTCUSD_PERP,bid,62400,803.55
1727151809752,BTCUSD_PERP,bid,62400,865.41
1727151831217,BTCUSD_PERP,ask,63700,479.16
1727151833573,BTCUSD_PERP,ask,63700,485.52
1727151839288,BTCUSD_PERP,ask,63700,506.52
1727151842148,BTCUSD_PERP,ask,63700,512.88
1727151845214,BTCUSD_PERP,ask,63700,523.06
1727151847908,BTCUSD_PERP,ask,63700,533.24
1727151850678,BTCUSD_PERP,ask,63700,543.42
1727151851540,BTCUSD_PERP,ask,63700,549.78
1727151863311,BTCUSD_PERP,ask,63700,559.96
1727151866664,BTCUSD_PERP,ask,63700,570.14
1727151866869,BTCUSD_PERP,ask,63700,580.32
1727151867376,BTCUSD_PERP,ask,63700,590.5
1727151867688,BTCUSD_PERP,ask,63700,600.36
1727151868099,BTCUSD_PERP,ask,63700,606.72
1727151868504,BTCUSD_PERP,ask,63700,616.9
1727151869424,BTCUSD_PERP,ask,63700,637.91
1727151877538,BTCUSD_PERP,ask,63700,648.09
1727151878524,BTCUSD_PERP,ask,63700,654.45
1727151880197,BTCUSD_PERP,ask,63700,648.09
1727151880473,BTCUSD_PERP,ask,63700,654.45
1727151881526,BTCUSD_PERP,ask,63700,644.27
1727151881806,BTCUSD_PERP,ask,63700,654.45
1727151905473,BTCUSD_PERP,ask,63700,644.27
1727151908231,BTCUSD_PERP,ask,63700,634.09
1727151911118,BTCUSD_PERP,ask,63700,623.91
1727151911911,BTCUSD_PERP,ask,63700,617.55
1727151921307,BTCUSD_PERP,ask,63700,596.54
1727151923415,BTCUSD_PERP,ask,63700,586.36
1727151926991,BTCUSD_PERP,ask,63700,566.0
1727151927712,BTCUSD_PERP,ask,63700,555.82
1727151928020,BTCUSD_PERP,ask,63700,545.96
1727151928532,BTCUSD_PERP,ask,63700,539.6
1727151928743,BTCUSD_PERP,ask,63700,529.42
1727151933135,BTCUSD_PERP,ask,63700,523.06
1727151936802,BTCUSD_PERP,bid,62400,803.55
1727151936908,BTCUSD_PERP,bid,62400,741.69
1727151937306,BTCUSD_PERP,bid,62400,617.97
1727151937813,BTCUSD_PERP,bid,62500,495.17
1727151937915,BTCUSD_PERP,ask,63700,512.88
1727151938122,BTCUSD_PERP,bid,62500,557.06
1727151938528,BTCUSD_PERP,bid,62500,618.32
1727151938627,BTCUSD_PERP,bid,62500,680.21
1727151938627,BTCUSD_PERP,ask,63700,506.52
1727151938730,BTCUSD_PERP,bid,62500,803.99
1727151940050,BTCUSD_PERP,ask,63700,485.52
1727151940557,BTCUSD_PERP,ask,63700,479.16
1727152175406,BTCUSD_PERP,bid,62500,742.1
1727152175505,BTCUSD_PERP,bid,62500,618.32
1727152175937,BTCUSD_PERP,bid,62500,556.43
1727152176446,BTCUSD_PERP,bid,62500,556.74
1727152176544,BTCUSD_PERP,bid,62500,618.67
1727152330768,BTCUSD_PERP,bid,62500,619.3
1727152489550,BTCUSD_PERP,bid,62500,495.44
1727152490672,BTCUSD_PERP,bid,62500,494.5
1727152491179,BTCUSD_PERP,bid,62500,556.39
1727152491383,BTCUSD_PERP,bid,62500,679.55
1727152491482,BTCUSD_PERP,bid,62500,741.44
1727152491581,BTCUSD_PERP,bid,62500,803.33
1727152491991,BTCUSD_PERP,bid,62500,865.22
1727153065061,BTCUSD_PERP,bid,62400,741.07
1727153065164,BTCUSD_PERP,bid,62400,802.93
1727153066073,BTCUSD_PERP,bid,62400,804.47
1727153088427,BTCUSD_PERP,ask,63700,476.62
1727153088729,BTCUSD_PERP,ask,63700,482.98
1727153089337,BTCUSD_PERP,ask,63700,493.16
1727153091182,BTCUSD_PERP,ask,63700,499.52
1727153091687,BTCUSD_PERP,ask,63700,505.88
1727153092098,BTCUSD_PERP,ask,63700,516.06
1727153092297,BTCUSD_PERP,ask,63700,526.24
1727153115563,BTCUSD_PERP,ask,63700,547.24
1727153116889,BTCUSD_PERP,ask,63700,557.42
1727153123544,BTCUSD_PERP,ask,63700,563.78
1727153124365,BTCUSD_PERP,ask,63700,570.14
1727153136121,BTCUSD_PERP,ask,63700,559.96
1727153136329,BTCUSD_PERP,ask,63700,570.14
1727153138797,BTCUSD_PERP,ask,63700,563.78
1727153139399,BTCUSD_PERP,ask,63700,553.61
1727153139704,BTCUSD_PERP,ask,63700,543.43
1727153139903,BTCUSD_PERP,ask,63700,533.57
1727153140209,BTCUSD_PERP,ask,63700,523.39
1727153140915,BTCUSD_PERP,ask,63700,513.21
1727153148568,BTCUSD_PERP,ask,63700,503.03
1727153149477,BTCUSD_PERP,ask,63700,492.85
1727153151825,BTCUSD_PERP,ask,63700,486.49
1727153152233,BTCUSD_PERP,ask,63700,476.31
1727153186806,BTCUSD_PERP,bid,62400,802.93
1727153267900,BTCUSD_PERP,ask,63700,473.06
1727153270705,BTCUSD_PERP,ask,63700,483.24
1727153273658,BTCUSD_PERP,ask,63700,489.6
1727153273992,BTCUSD_PERP,ask,63700,499.78
1727153274505,BTCUSD_PERP,ask,63700,509.96
1727153278104,BTCUSD_PERP,ask,63700,516.32
1727153278550,BTCUSD_PERP,ask,63700,526.5
1727153286404,BTCUSD_PERP,ask,63700,532.86
1727153288804,BTCUSD_PERP,ask,63700,553.86
1727153298745,BTCUSD_PERP,ask,63700,564.04
1727153317828,BTCUSD_PERP,ask,63700,553.86
1727153320269,BTCUSD_PERP,ask,63700,547.5
1727153321288,BTCUSD_PERP,ask,63700,537.32
1727153321793,BTCUSD_PERP,ask,63700,527.46
1727153321899,BTCUSD_PERP,ask,63700,507.1
1727153322915,BTCUSD_PERP,ask,63700,496.92
1727153330760,BTCUSD_PERP,ask,63700,486.74
1727153331677,BTCUSD_PERP,ask,63600,514.45
1727153374092,BTCUSD_PERP,bid,62400,493.11
1727153374504,BTCUSD_PERP,bid,62400,554.9
1727153374606,BTCUSD_PERP,bid,62400,678.48
1727153374709,BTCUSD_PERP,bid,62400,740.27
1727153375012,BTCUSD_PERP,bid,62400,802.06
1727153375119,BTCUSD_PERP,bid,62400,925.64
1727153375216,BTCUSD_PERP,bid,62400,987.43
1727153375425,BTCUSD_PERP,bid,62400,1111.01
1727153375526,BTCUSD_PERP,bid,62300,539.0
1727153375526,BTCUSD_PERP,bid,62400,1172.8
1727153378887,BTCUSD_PERP,ask,63600,504.04
1727153696556,BTCUSD_PERP,bid,62400,1111.01
1727153696661,BTCUSD_PERP,bid,62400,988.05
1727153696766,BTCUSD_PERP,bid,62400,803.3
1727153696869,BTCUSD_PERP,bid,62400,679.72
1727153696962,BTCUSD_PERP,bid,62400,556.14
1727153696962,BTCUSD_PERP,bid,62400,617.04
1727153697064,BTCUSD_PERP,bid,62400,740.7
1727153697166,BTCUSD_PERP,bid,62400,802.53
1727153697269,BTCUSD_PERP,bid,62400,926.19
1727153697372,BTCUSD_PERP,bid,62400,988.02
1727153697780,BTCUSD_PERP,bid,62400,1111.68
1727153697984,BTCUSD_PERP,bid,62300,539.28
1727153742974,BTCUSD_PERP,bid,62400,1049.85
1727153743184,BTCUSD_PERP,bid,62400,988.02
1727153743291,BTCUSD_PERP,bid,62400,926.82
1727153743492,BTCUSD_PERP,bid,62400,864.99
1727153743698,BTCUSD_PERP,bid,62400,741.33
1727153743804,BTCUSD_PERP,bid,62400,679.5
1727153743907,BTCUSD_PERP,bid,62400,617.67
1727153744005,BTCUSD_PERP,bid,62400,555.84
1727153744108,BTCUSD_PERP,bid,62400,555.5
1727153744209,BTCUSD_PERP,bid,62400,681.46
1727153744305,BTCUSD_PERP,bid,62400,743.32
1727153744415,BTCUSD_PERP,bid,62400,805.18
1727153744617,BTCUSD_PERP,bid,62400,928.9
1727153744819,BTCUSD_PERP,bid,62400,1052.62
1727153865555,BTCUSD_PERP,bid,62400,1050.38
1727153982739,BTCUSD_PERP,bid,62500,803.44
1727153982836,BTCUSD_PERP,bid,62500,989.14
1727153983046,BTCUSD_PERP,bid,62500,1051.04
1727154055674,BTCUSD_PERP,bid,62500,989.14
1727154055894,BTCUSD_PERP,bid,62500,927.24
1727154055995,BTCUSD_PERP,bid,62500,865.34
1727154056298,BTCUSD_PERP,bid,62500,803.44
1727154056502,BTCUSD_PERP,bid,62500,741.54
1727154056604,BTCUSD_PERP,bid,62500,617.74
1727154056807,BTCUSD_PERP,bid,62500,557.37
1727154056912,BTCUSD_PERP,bid,62500,803.83
1727154057011,BTCUSD_PERP,bid,62500,927.69
1727154057323,BTCUSD_PERP,bid,62400,540.22
1727154057428,BTCUSD_PERP,bid,62500,1051.55
1727154057528,BTCUSD_PERP,bid,62500,1113.48
1727154057937,BTCUSD_PERP,bid,62500,1175.41
1727154060278,BTCUSD_PERP,bid,62500,1175.56
1727154060690,BTCUSD_PERP,bid,62500,1175.71
1727154060892,BTCUSD_PERP,bid,62500,1175.86
1727154061754,BTCUSD_PERP,bid,62500,1176.01
1727154061951,BTCUSD_PERP,bid,62500,1176.16
1727154103023,BTCUSD_PERP,bid,62500,1177.72
1727154223700,BTCUSD_PERP,bid,62500,1176.16
1727154266472,BTCUSD_PERP,bid,62500,1176.01
1727154269252,BTCUSD_PERP,bid,62500,1175.86
1727154270170,BTCUSD_PERP,bid,62500,1175.71
1727154272813,BTCUSD_PERP,bid,62500,1175.56
1727154274562,BTCUSD_PERP,bid,62500,1175.41
1727154361072,BTCUSD_PERP,bid,62500,1113.48
1727154361172,BTCUSD_PERP,bid,62500,1051.55
1727154361364,BTCUSD_PERP,bid,62500,989.62
1727154361474,BTCUSD_PERP,bid,62500,927.69
1727154361571,BTCUSD_PERP,bid,62500,865.76
1727154361669,BTCUSD_PERP,bid,62500,803.83
1727154361774,BTCUSD_PERP,bid,62500,741.9
1727154361982,BTCUSD_PERP,bid,62500,618.67
1727154362082,BTCUSD_PERP,bid,62500,494.81
1727154362486,BTCUSD_PERP,bid,62500,495.13
1727154362584,BTCUSD_PERP,bid,62500,619.07
1727154362689,BTCUSD_PERP,bid,62500,681.04
1727154363205,BTCUSD_PERP,bid,62500,742.38
1727154492328,BTCUSD_PERP,bid,62500,743.01
1727154672982,BTCUSD_PERP,bid,62500,742.38
1727155277310,BTCUSD_PERP,bid,62500,557.1
1727155277414,BTCUSD_PERP,bid,62500,679.97
1727155277519,BTCUSD_PERP,bid,62500,741.9
1727155297959,BTCUSD_PERP,ask,63700,472.27
1727155298090,BTCUSD_PERP,ask,63700,482.46
1727155298473,BTCUSD_PERP,ask,63700,492.65
1727155302678,BTCUSD_PERP,bid,62500,742.05
1727155305334,BTCUSD_PERP,bid,62500,742.2
1727155310805,BTCUSD_PERP,bid,62500,742.35
1727155310872,BTCUSD_PERP,bid,62500,743.91
1727155316713,BTCUSD_PERP,bid,62500,746.15
1727155319998,BTCUSD_PERP,bid,62500,746.3
1727155332709,BTCUSD_PERP,bid,62500,746.45
1727155357305,BTCUSD_PERP,ask,63700,472.27
1727155431379,BTCUSD_PERP,bid,62500,744.89
1727155437383,BTCUSD_PERP,bid,62500,742.65
1727155510634,BTCUSD_PERP,bid,62500,742.5
1727155511006,BTCUSD_PERP,bid,62500,742.35
1727155515311,BTCUSD_PERP,bid,62500,742.2
1727155526693,BTCUSD_PERP,bid,62500,742.05
1727155547178,BTCUSD_PERP,bid,62500,741.9
1727155600704,BTCUSD_PERP,ask,63800,478.86
1727155601173,BTCUSD_PERP,ask,63800,485.23
1727155601290,BTCUSD_PERP,ask,63800,495.43
1727155601515,BTCUSD_PERP,ask,63800,505.62
1727155607505,BTCUSD_PERP,ask,63800,515.82
1727155622845,BTCUSD_PERP,ask,63800,522.19
1727155623511,BTCUSD_PERP,bid,62500,557.37
1727155623719,BTCUSD_PERP,bid,62500,495.44
1727155624438,BTCUSD_PERP,bid,62500,494.48
1727155624536,BTCUSD_PERP,bid,62500,618.42
1727155624841,BTCUSD_PERP,bid,62500,680.39
1727155625143,BTCUSD_PERP,bid,62500,742.36
1727155660560,BTCUSD_PERP,ask,63800,512.0
1727155660665,BTCUSD_PERP,ask,63800,501.81
1727155661176,BTCUSD_PERP,ask,63800,491.93
1727155661580,BTCUSD_PERP,ask,63800,481.73
1727155661792,BTCUSD_PERP,ask,63800,471.54
1727155801771,BTCUSD_PERP,bid,62600,495.37
1727155801869,BTCUSD_PERP,bid,62600,557.37
1727155801972,BTCUSD_PERP,bid,62600,619.37
1727155802277,BTCUSD_PERP,bid,62600,681.37
1727155802375,BTCUSD_PERP,bid,62600,743.37
1727155802477,BTCUSD_PERP,bid,62600,804.74
1727155945842,BTCUSD_PERP,ask,63800,479.97
1727155952537,BTCUSD_PERP,ask,63800,490.17
1727155999205,BTCUSD_PERP,ask,63800,483.8
1727156006306,BTCUSD_PERP,ask,63800,473.6
1727156129984,BTCUSD_PERP,bid,62600,681.37
1727156130282,BTCUSD_PERP,bid,62500,494.5
1727156130388,BTCUSD_PERP,bid,62500,618.44
1727156448959,BTCUSD_PERP,ask,63800,541.86
1727156449207,BTCUSD_PERP,ask,63800,552.05
1727156450004,BTCUSD_PERP,ask,63800,562.24
1727156450105,BTCUSD_PERP,ask,63800,588.99
1727156454509,BTCUSD_PERP,ask,63800,599.18
1727156457993,BTCUSD_PERP,ask,63800,605.55
1727156503505,BTCUSD_PERP,ask,63800,595.36
1727156507500,BTCUSD_PERP,ask,63800,585.17
1727156509388,BTCUSD_PERP,ask,63800,575.3
1727156509505,BTCUSD_PERP,ask,63800,565.11
1727156510326,BTCUSD_PERP,ask,63800,544.73
1727156510961,BTCUSD_PERP,ask,63800,534.54
1727156514782,BTCUSD_PERP,ask,63800,524.35
1727156536989,BTCUSD_PERP,ask,63800,517.98
1727156551351,BTCUSD_PERP,ask,63800,511.61
1727156560713,BTCUSD_PERP,ask,63800,505.24
1727156992121,BTCUSD_PERP,bid,62500,556.47
1727156992220,BTCUSD_PERP,bid,62500,495.13
1727156992937,BTCUSD_PERP,bid,62600,557.47
1727156993241,BTCUSD_PERP,bid,62600,619.47
1727156993340,BTCUSD_PERP,bid,62600,743.47
1727156993752,BTCUSD_PERP,bid,62600,805.47
1727156993859,BTCUSD_PERP,bid,62600,928.84
1727156993957,BTCUSD_PERP,bid,62600,990.84
1727156994056,BTCUSD_PERP,bid,62600,1052.84
1727157005719,BTCUSD_PERP,ask,63800,505.8
1727157216621,BTCUSD_PERP,bid,62600,990.84
1727157216723,BTCUSD_PERP,bid,62600,805.47
1727157216832,BTCUSD_PERP,bid,62600,743.47
1727157216941,BTCUSD_PERP,bid,62600,681.47
1727157217038,BTCUSD_PERP,bid,62600,557.47
1727157217506,BTCUSD_PERP,bid,62600,495.47
1727157217705,BTCUSD_PERP,bid,62600,496.24
1727157217825,BTCUSD_PERP,bid,62600,558.27
1727157217937,BTCUSD_PERP,bid,62600,632.5
1727157218262,BTCUSD_PERP,bid,62600,694.53
1727157218389,BTCUSD_PERP,bid,62600,756.56
1727157218502,BTCUSD_PERP,bid,62600,817.96
1727157218605,BTCUSD_PERP,bid,62600,879.99
1727157218805,BTCUSD_PERP,bid,62600,541.1
1727157227801,BTCUSD_PERP,bid,62600,880.14
1727157338849,BTCUSD_PERP,bid,62600,867.94
1727157441708,BTCUSD_PERP,bid,62600,867.79
1727157679192,BTCUSD_PERP,bid,62600,805.76
1727157679499,BTCUSD_PERP,bid,62600,743.73
1727157679599,BTCUSD_PERP,bid,62600,681.7
1727157679697,BTCUSD_PERP,bid,62600,620.3
1727157679803,BTCUSD_PERP,bid,62600,495.93
1727157679904,BTCUSD_PERP,bid,62600,620.07
1727157680415,BTCUSD_PERP,bid,62600,868.35
1727158019211,BTCUSD_PERP,ask,63900,470.51
1727158022070,BTCUSD_PERP,ask,63900,480.72
1727158024915,BTCUSD_PERP,ask,63900,490.62
1727158025011,BTCUSD_PERP,ask,63900,500.83
1727158025725,BTCUSD_PERP,ask,63900,511.04
1727158026135,BTCUSD_PERP,ask,63900,521.26
1727158029423,BTCUSD_PERP,ask,63900,531.48
1727158033005,BTCUSD_PERP,ask,63900,552.55
1727158082195,BTCUSD_PERP,ask,63900,542.34
1727158085199,BTCUSD_PERP,ask,63900,532.13
1727158085343,BTCUSD_PERP,ask,63900,522.23
1727158085994,BTCUSD_PERP,ask,63900,512.02
1727158086404,BTCUSD_PERP,ask,63900,501.8
1727158090008,BTCUSD_PERP,ask,63900,491.58
1727158121981,BTCUSD_PERP,ask,63900,470.51
1727158138468,BTCUSD_PERP,bid,62600,806.28
1727158138565,BTCUSD_PERP,bid,62600,744.21
1727158138776,BTCUSD_PERP,bid,62600,620.07
1727158138983,BTCUSD_PERP,bid,62600,558.0
1727158139391,BTCUSD_PERP,bid,62600,495.93
1727158139593,BTCUSD_PERP,bid,62700,557.64
1727158139793,BTCUSD_PERP,bid,62700,619.74
1727158139998,BTCUSD_PERP,bid,62700,681.84
1727158140204,BTCUSD_PERP,bid,62700,806.04
1727158140305,BTCUSD_PERP,bid,62700,868.14
1727158140400,BTCUSD_PERP,bid,62700,930.24
1727158140505,BTCUSD_PERP,bid,62700,992.34
1727158206633,BTCUSD_PERP,bid,62700,558.9
1727158206732,BTCUSD_PERP,bid,62700,929.79
1727158206942,BTCUSD_PERP,bid,62600,479.42
1727158206942,BTCUSD_PERP,bid,62700,991.86
1727158455343,BTCUSD_PERP,bid,62600,479.71
1727158455343,BTCUSD_PERP,bid,62700,1054.44
1727158455540,BTCUSD_PERP,bid,62600,541.71
1727158455540,BTCUSD_PERP,bid,62700,1116.54
1727158639462,BTCUSD_PERP,bid,62700,1055.07
1727158639559,BTCUSD_PERP,bid,62700,992.97
1727158639665,BTCUSD_PERP,bid,62600,479.67
1727158639665,BTCUSD_PERP,bid,62700,930.87
1727158639766,BTCUSD_PERP,bid,62700,806.67
1727158639869,BTCUSD_PERP,bid,62700,682.47
1727158640071,BTCUSD_PERP,bid,62700,620.37
1727158640173,BTCUSD_PERP,bid,62700,558.27
1727158640173,BTCUSD_PERP,bid,62700,497.12
1727158640482,BTCUSD_PERP,bid,62700,496.8
1727158640482,BTCUSD_PERP,bid,62700,558.63
1727158640587,BTCUSD_PERP,bid,62700,620.77
1727158640690,BTCUSD_PERP,bid,62700,682.91
1727158640787,BTCUSD_PERP,bid,62700,745.05
1727158640886,BTCUSD_PERP,bid,62700,869.33
1727158641202,BTCUSD_PERP,bid,62700,541.98
1727158641202,BTCUSD_PERP,bid,62700,931.47
1727158641302,BTCUSD_PERP,bid,62700,993.61
1727158641605,BTCUSD_PERP,bid,62700,1055.75
1727158675887,BTCUSD_PERP,bid,62700,542.22
1727158675887,BTCUSD_PERP,bid,62700,1055.93
1727158749209,BTCUSD_PERP,bid,62700,993.79
1727158749717,BTCUSD_PERP,bid,62700,683.09
1727158749817,BTCUSD_PERP,bid,62800,497.36
1727158750005,BTCUSD_PERP,bid,62700,620.95
1727158750005,BTCUSD_PERP,bid,62800,621.7
1727158750120,BTCUSD_PERP,bid,62700,558.81
1727158750120,BTCUSD_PERP,bid,62800,683.87
1727158750325,BTCUSD_PERP,bid,62700,496.67
1727158750325,BTCUSD_PERP,bid,62800,746.04
1727158750530,BTCUSD_PERP,bid,62800,808.21
1727158750733,BTCUSD_PERP,bid,62700,480.24
1727158750940,BTCUSD_PERP,bid,62800,932.55
1727158751039,BTCUSD_PERP,bid,62800,994.72
1727158751143,BTCUSD_PERP,bid,62700,542.35
1727158751143,BTCUSD_PERP,bid,62800,1179.97
1727158751259,BTCUSD_PERP,bid,62800,1304.31
1727158751357,BTCUSD_PERP,bid,62700,604.42
1727158916161,BTCUSD_PERP,bid,62800,1242.14
1727158916259,BTCUSD_PERP,bid,62800,1179.97
1727158916259,BTCUSD_PERP,ask,64000,489.72
1727158916360,BTCUSD_PERP,bid,62700,480.86
1727158916458,BTCUSD_PERP,bid,62800,1117.8
1727158916563,BTCUSD_PERP,ask,64000,553.14
1727158916659,BTCUSD_PERP,bid,62800,1056.26
1727158916763,BTCUSD_PERP,bid,62800,994.09
1727158916876,BTCUSD_PERP,bid,62800,869.75
1727158916975,BTCUSD_PERP,bid,62800,807.58
1727158917175,BTCUSD_PERP,bid,62800,745.41
1727158917278,BTCUSD_PERP,bid,62800,621.07
1727158917380,BTCUSD_PERP,bid,62800,627.24
1727158917477,BTCUSD_PERP,bid,62700,496.07
1727158917477,BTCUSD_PERP,bid,62800,751.68
1727158917573,BTCUSD_PERP,bid,62700,542.68
1727158917573,BTCUSD_PERP,bid,62800,813.9
1727158917682,BTCUSD_PERP,bid,62800,1000.56
1727158917782,BTCUSD_PERP,bid,62800,1062.78
1727158917891,BTCUSD_PERP,bid,62700,604.83
1727158918201,BTCUSD_PERP,bid,62800,1125.0
1727158918306,BTCUSD_PERP,bid,62800,1187.22
1727158971384,BTCUSD_PERP,bid,62800,1125.0
1727158971488,BTCUSD_PERP,bid,62700,480.33
1727158971488,BTCUSD_PERP,bid,62800,744.9
1727158971590,BTCUSD_PERP,bid,62700,542.45
1727158971590,BTCUSD_PERP,bid,62800,931.44
1727158971689,BTCUSD_PERP,bid,62700,604.53
1727158971689,BTCUSD_PERP,bid,62800,993.62
1727159011974,BTCUSD_PERP,bid,62700,542.43
1727159011974,BTCUSD_PERP,bid,62800,931.44
1727159012189,BTCUSD_PERP,bid,62800,807.08
1727159012286,BTCUSD_PERP,bid,62700,480.31
1727159012386,BTCUSD_PERP,bid,62800,682.72
1727159012489,BTCUSD_PERP,bid,62700,497.25
1727159012489,BTCUSD_PERP,bid,62800,496.18
1727159012593,BTCUSD_PERP,bid,62700,559.4
1727159012698,BTCUSD_PERP,bid,62700,621.55
1727159121091,BTCUSD_PERP,bid,62700,497.25
1727159121394,BTCUSD_PERP,bid,62700,496.96
1727159611921,BTCUSD_PERP,bid,62700,496.57
1727159612230,BTCUSD_PERP,bid,62700,558.72
1727159612536,BTCUSD_PERP,bid,62700,620.87
1727159612638,BTCUSD_PERP,bid,62700,683.02
1727159632320,BTCUSD_PERP,bid,62700,695.24
1727160117243,BTCUSD_PERP,bid,62700,559.44
1727160117345,BTCUSD_PERP,bid,62700,620.97
1727160117442,BTCUSD_PERP,bid,62700,745.29
1727160117652,BTCUSD_PERP,bid,62700,807.45
1727160117758,BTCUSD_PERP,bid,62700,868.98
1727160117976,BTCUSD_PERP,bid,62700,480.1
1727160118189,BTCUSD_PERP,bid,62700,931.14
1727160118504,BTCUSD_PERP,bid,62700,993.3
1727160324876,BTCUSD_PERP,bid,62700,931.14
1727160324978,BTCUSD_PERP,bid,62700,868.98
1727160325080,BTCUSD_PERP,bid,62700,806.82
1727160325178,BTCUSD_PERP,bid,62700,744.66
1727160325279,BTCUSD_PERP,bid,62700,682.5
1727160325587,BTCUSD_PERP,bid,62700,558.18
1727160768212,BTCUSD_PERP,bid,62700,744.18
1727160768410,BTCUSD_PERP,bid,62700,806.3
1727161206035,BTCUSD_PERP,bid,62700,744.81
1727161206144,BTCUSD_PERP,bid,62700,620.57
1727161206237,BTCUSD_PERP,bid,62700,496.33
1727161207050,BTCUSD_PERP,bid,62700,497.2
1727161207157,BTCUSD_PERP,bid,62700,559.35
1727161207255,BTCUSD_PERP,bid,62700,745.17
1727161472112,BTCUSD_PERP,bid,62700,683.02
1727161472208,BTCUSD_PERP,bid,62700,559.35
1727161566353,BTCUSD_PERP,bid,62800,497.37
1727161566452,BTCUSD_PERP,bid,62800,621.87
1727161566549,BTCUSD_PERP,bid,62800,684.12
1727161566648,BTCUSD_PERP,bid,62800,808.62
1727161566860,BTCUSD_PERP,bid,62800,870.87
1727161567053,BTCUSD_PERP,bid,62800,933.12
1727161578420,BTCUSD_PERP,bid,62800,808.62
1727161578881,BTCUSD_PERP,bid,62800,621.87
1727161579189,BTCUSD_PERP,bid,62800,559.35
1727161579501,BTCUSD_PERP,bid,62800,683.79
1727161579596,BTCUSD_PERP,bid,62800,746.01
1727161579706,BTCUSD_PERP,bid,62800,808.23
1727161579810,BTCUSD_PERP,bid,62800,870.45
1727161579908,BTCUSD_PERP,bid,62700,480.63
1727161580005,BTCUSD_PERP,bid,62800,932.67
1727161988501,BTCUSD_PERP,bid,62800,808.23
1727161988605,BTCUSD_PERP,bid,62800,683.79
1727161988809,BTCUSD_PERP,bid,62800,621.57
1727161989008,BTCUSD_PERP,bid,62800,559.35
1727161989321,BTCUSD_PERP,bid,62800,497.37
1727161989412,BTCUSD_PERP,bid,62800,684.12
1727161989523,BTCUSD_PERP,bid,62800,746.37
1727161989629,BTCUSD_PERP,bid,62800,870.87
1727161989835,BTCUSD_PERP,bid,62800,480.91
1727161989953,BTCUSD_PERP,bid,62700,480.87
1727161990173,BTCUSD_PERP,bid,62800,933.12
1727161990374,BTCUSD_PERP,bid,62800,994.74
1727162201355,BTCUSD_PERP,bid,62800,932.49
1727162201558,BTCUSD_PERP,bid,62800,870.24
1727162201652,BTCUSD_PERP,bid,62800,683.49
1727162201760,BTCUSD_PERP,bid,62800,621.24
1727162202162,BTCUSD_PERP,bid,62800,558.99
1727162202267,BTCUSD_PERP,bid,62800,496.74
1727162204008,BTCUSD_PERP,bid,62900,497.77
1727162251811,BTCUSD_PERP,bid,62900,485.23
1727162251912,BTCUSD_PERP,bid,62900,546.93
1727162252017,BTCUSD_PERP,bid,62900,609.26
1727162252122,BTCUSD_PERP,bid,62900,671.59
1727162252834,BTCUSD_PERP,bid,62900,737.54
1727162612883,BTCUSD_PERP,bid,62900,621.74
1727162624982,BTCUSD_PERP,bid,62900,559.79
1727163084343,BTCUSD_PERP,bid,62800,683.27
1727163278347,BTCUSD_PERP,bid,62900,683.7
1727163286110,BTCUSD_PERP,bid,62900,685.27
1727163367972,BTCUSD_PERP,bid,62900,623.0
1727163368073,BTCUSD_PERP,bid,62900,498.46
1727163606205,BTCUSD_PERP,bid,62800,559.44
1727163606756,BTCUSD_PERP,bid,62800,621.67
1727163610203,BTCUSD_PERP,ask,64100,516.59
1727163618333,BTCUSD_PERP,ask,64100,537.72
1727163699561,BTCUSD_PERP,ask,64100,528.76
1727163721606,BTCUSD_PERP,ask,64100,507.63
1727163739038,BTCUSD_PERP,ask,633000,385.86
1727163919210,BTCUSD_PERP,bid,62800,559.44
1727163919517,BTCUSD_PERP,ask,64100,507.88
1727163926674,BTCUSD_PERP,bid,62900,497.77
1727163970053,BTCUSD_PERP,bid,62900,559.8
1727164456562,BTCUSD_PERP,bid,63000,498.33
1727164456664,BTCUSD_PERP,bid,63000,623.07
1727164456868,BTCUSD_PERP,bid,63000,747.18
1727164456973,BTCUSD_PERP,bid,63000,809.55
1727164457071,BTCUSD_PERP,bid,63000,871.92
1727164457474,BTCUSD_PERP,bid,63000,934.29
1727164457581,BTCUSD_PERP,bid,62900,481.79
1727164459938,BTCUSD_PERP,bid,63000,938.22
1727164580107,BTCUSD_PERP,bid,63000,934.29
1727164594317,BTCUSD_PERP,bid,63000,946.87
1727164894547,BTCUSD_PERP,bid,63000,934.29
1727164959279,BTCUSD_PERP,bid,63000,871.92
1727164959378,BTCUSD_PERP,bid,63000,810.18
1727164959482,BTCUSD_PERP,bid,63000,747.81
1727164959581,BTCUSD_PERP,bid,63000,560.7
1727164959670,BTCUSD_PERP,bid,63000,498.96
1727164960122,BTCUSD_PERP,bid,63000,498.02
1727164960330,BTCUSD_PERP,bid,63000,622.84
1727164960635,BTCUSD_PERP,bid,63000,685.25
1727164960846,BTCUSD_PERP,bid,63000,747.66
1727164960951,BTCUSD_PERP,bid,63000,872.48
1727164961357,BTCUSD_PERP,bid,63000,934.89
1727164984339,BTCUSD_PERP,bid,63000,872.48
1727164984438,BTCUSD_PERP,bid,63000,747.66
1727164984638,BTCUSD_PERP,bid,63000,685.25
1727164984740,BTCUSD_PERP,bid,63000,622.84
1727164985252,BTCUSD_PERP,bid,63000,498.02
1727164993548,BTCUSD_PERP,ask,64300,515.66
1727165054264,BTCUSD_PERP,ask,64300,509.55
1727165074156,BTCUSD_PERP,bid,63100,625.1
1727165074258,BTCUSD_PERP,bid,63100,687.61
1727165074363,BTCUSD_PERP,bid,63100,750.12
1727165077679,BTCUSD_PERP,bid,63100,562.59
1727165077782,BTCUSD_PERP,bid,63100,638.4
1727165078194,BTCUSD_PERP,bid,63100,700.87
1727165081529,BTCUSD_PERP,ask,64300,509.48
1727165131762,BTCUSD_PERP,bid,62900,482.08
1727165140512,BTCUSD_PERP,bid,63000,498.42
1727165141025,BTCUSD_PERP,bid,63000,560.88
1727165170473,BTCUSD_PERP,ask,64300,519.51
1727165183757,BTCUSD_PERP,bid,63000,810.25
1727165183855,BTCUSD_PERP,bid,63000,872.67
1727165228105,BTCUSD_PERP,ask,64300,509.24
1727165285980,BTCUSD_PERP,bid,63000,872.82
1727165378210,BTCUSD_PERP,bid,63000,811.03
1727165378314,BTCUSD_PERP,bid,63000,748.61
1727165378414,BTCUSD_PERP,bid,63000,686.19
1727165378820,BTCUSD_PERP,bid,63000,623.77
1727165379021,BTCUSD_PERP,bid,63000,498.93
1727165379675,BTCUSD_PERP,bid,63000,499.92
1727165379975,BTCUSD_PERP,bid,63000,561.75
1727165380197,BTCUSD_PERP,bid,63000,624.21
1727165380271,BTCUSD_PERP,bid,63000,686.67
1727165384393,BTCUSD_PERP,ask,64300,509.55
1727165389864,BTCUSD_PERP,ask,64300,519.83
1727165450394,BTCUSD_PERP,ask,64300,509.55
1727165461423,BTCUSD_PERP,bid,63000,624.21
1727165462159,BTCUSD_PERP,bid,63000,561.75
1727165462376,BTCUSD_PERP,bid,63000,499.29
1727165462690,BTCUSD_PERP,bid,63100,500.0
1727165462690,BTCUSD_PERP,ask,64300,509.8
1727165462889,BTCUSD_PERP,bid,63100,562.5
1727165462999,BTCUSD_PERP,bid,63100,625.0
1727165463204,BTCUSD_PERP,bid,63100,687.5
1727165463305,BTCUSD_PERP,bid,63100,750.0
1727165463404,BTCUSD_PERP,bid,63100,812.5
1727165463505,BTCUSD_PERP,bid,63100,875.0
1727165463608,BTCUSD_PERP,bid,63100,936.87
1727165470472,BTCUSD_PERP,ask,64300,516.23
1727165471246,BTCUSD_PERP,ask,64300,526.51
1727165471605,BTCUSD_PERP,bid,63100,939.13
1727165475704,BTCUSD_PERP,bid,63100,943.07
1727165496518,BTCUSD_PERP,bid,63100,630.57
1727165496614,BTCUSD_PERP,bid,63100,686.54
1727165496714,BTCUSD_PERP,bid,63100,749.01
1727165496816,BTCUSD_PERP,bid,63100,811.48
1727165500653,BTCUSD_PERP,ask,64300,509.55
1727165502849,BTCUSD_PERP,ask,64300,515.97
1727165505105,BTCUSD_PERP,ask,64300,526.25
1727165511395,BTCUSD_PERP,ask,64300,536.53
1727165565361,BTCUSD_PERP,ask,64300,526.25
1727165571468,BTCUSD_PERP,ask,64300,515.97
1727165603433,BTCUSD_PERP,ask,64300,509.55
1727165615682,BTCUSD_PERP,bid,63100,687.17
1727165616096,BTCUSD_PERP,bid,63100,562.23
1727165616305,BTCUSD_PERP,bid,63100,499.76
1727165616512,BTCUSD_PERP,bid,63000,498.88
1727165616610,BTCUSD_PERP,bid,63000,561.32
1727165616719,BTCUSD_PERP,bid,63000,623.76
1727165616920,BTCUSD_PERP,bid,63000,686.2
1727165617128,BTCUSD_PERP,bid,63000,748.64
1727165617226,BTCUSD_PERP,bid,63000,811.08
1727165617330,BTCUSD_PERP,bid,63000,873.52
1727165619228,BTCUSD_PERP,ask,64300,509.24
1727165619432,BTCUSD_PERP,ask,64300,530.44
1727165722527,BTCUSD_PERP,ask,64300,509.24
1727165732733,BTCUSD_PERP,bid,63000,811.08
1727165732831,BTCUSD_PERP,bid,63000,748.64
1727165733135,BTCUSD_PERP,bid,63000,624.4
1727165733340,BTCUSD_PERP,bid,63000,561.96
1727165733739,BTCUSD_PERP,bid,63000,499.52
1727165734251,BTCUSD_PERP,bid,63000,623.37
1727165734454,BTCUSD_PERP,bid,63000,748.17
1727165734656,BTCUSD_PERP,bid,63000,872.97
1727165738431,BTCUSD_PERP,ask,64200,509.0
1727165940519,BTCUSD_PERP,bid,63000,810.57
1727165941438,BTCUSD_PERP,bid,63000,748.53
1727165941538,BTCUSD_PERP,bid,63000,810.96
1727165941741,BTCUSD_PERP,bid,63000,873.39
1727165969714,BTCUSD_PERP,bid,63000,810.96
1727165969814,BTCUSD_PERP,bid,63000,624.3
1727165969915,BTCUSD_PERP,bid,63000,561.87
1727165970321,BTCUSD_PERP,bid,63100,561.59
1727165970419,BTCUSD_PERP,bid,63100,624.06
1727165970826,BTCUSD_PERP,ask,64300,512.03
1727165970929,BTCUSD_PERP,ask,64300,575.71
1727165978967,BTCUSD_PERP,ask,64300,585.99
1727165996165,BTCUSD_PERP,ask,64300,579.62
1727166039429,BTCUSD_PERP,ask,64300,569.34
1727166059277,BTCUSD_PERP,bid,63100,561.59
1727166059481,BTCUSD_PERP,bid,63100,499.12
1727166060405,BTCUSD_PERP,bid,63100,561.87
1727166060942,BTCUSD_PERP,bid,63100,624.37
1727166061036,BTCUSD_PERP,bid,63100,686.87
1727166199104,BTCUSD_PERP,ask,64300,509.88
1727166199206,BTCUSD_PERP,ask,64300,520.16
1727166241590,BTCUSD_PERP,bid,63100,562.15
1727166241886,BTCUSD_PERP,bid,63100,624.68
1727166242410,BTCUSD_PERP,bid,63100,687.21
1727166353241,BTCUSD_PERP,bid,63100,624.68
1727166353437,BTCUSD_PERP,bid,63100,562.15
1727166377258,BTCUSD_PERP,bid,63100,811.5
1727166377353,BTCUSD_PERP,bid,63000,483.39
1727166377353,BTCUSD_PERP,bid,63100,874.02
