2024-08-27 08:23:23,BTCUSDT,bid,47000,873.424
2024-08-27 09:02:53,BTCUSDT,bid,47000,873.427
2024-08-27 10:17:09,BTCUSDT,bid,62000,490.747
2024-08-27 10:17:23,BTCUSDT,bid,62000,490.799
2024-08-27 10:17:31,BTCUSDT,bid,62000,490.969
2024-08-27 10:17:58,BTCUSDT,bid,62000,491.086
2024-08-27 10:18:01,BTCUSDT,bid,62000,491.144
2024-08-27 10:18:07,BTCUSDT,bid,62000,491.34
2024-08-27 10:18:18,BTCUSDT,bid,62000,491.343
2024-08-27 10:18:29,BTCUSDT,bid,62000,491.244
2024-08-27 10:18:32,BTCUSDT,bid,62000,491.284
2024-08-27 10:18:34,BTCUSDT,bid,62000,491.288
2024-08-27 10:18:59,BTCUSDT,bid,62000,491.272
2024-08-27 10:18:59,BTCUSDT,bid,62000,491.29
2024-08-27 10:19:58,BTCUSDT,bid,62000,491.26
2024-08-27 10:20:04,BTCUSDT,bid,62000,491.272
2024-08-27 10:20:09,BTCUSDT,bid,62000,491.267
2024-08-27 10:20:17,BTCUSDT,bid,62000,491.27
2024-08-27 10:20:20,BTCUSDT,bid,62000,491.268
2024-08-27 10:20:29,BTCUSDT,bid,62000,491.276
2024-08-27 10:20:29,BTCUSDT,bid,62000,491.302
2024-08-27 10:20:30,BTCUSDT,bid,62000,491.366
2024-08-27 10:20:45,BTCUSDT,bid,62000,491.368
2024-08-27 10:21:01,BTCUSDT,bid,62000,491.402
2024-08-27 10:21:31,BTCUSDT,bid,62000,511.402
2024-08-27 10:22:03,BTCUSDT,bid,62000,611.402
2024-08-27 10:23:40,BTCUSDT,bid,62000,510.792
2024-08-27 10:23:44,BTCUSDT,bid,62000,511.29
2024-08-27 10:23:48,BTCUSDT,bid,62000,511.288
2024-08-27 10:24:06,BTCUSDT,bid,62000,511.364
2024-08-27 10:24:14,BTCUSDT,bid,62000,506.526
2024-08-27 10:24:38,BTCUSDT,bid,62000,506.63
2024-08-27 10:24:58,BTCUSDT,bid,62000,508.242
2024-08-27 10:25:08,BTCUSDT,bid,62000,508.25
2024-08-27 10:25:14,BTCUSDT,bid,62000,508.282
2024-08-27 10:25:14,BTCUSDT,bid,62000,508.285
2024-08-27 10:25:43,BTCUSDT,bid,62000,508.302
2024-08-27 10:25:44,BTCUSDT,bid,62000,508.29
2024-08-27 10:25:45,BTCUSDT,bid,62000,508.284
2024-08-27 10:25:56,BTCUSDT,bid,62000,508.923
2024-08-27 10:25:57,BTCUSDT,bid,62000,509.322
2024-08-27 10:25:57,BTCUSDT,bid,62000,509.721
2024-08-27 10:25:58,BTCUSDT,bid,62000,510.12
2024-08-27 10:26:21,BTCUSDT,bid,62000,510.102
2024-08-27 10:26:22,BTCUSDT,bid,62000,510.075
2024-08-27 10:26:43,BTCUSDT,bid,62000,510.065
2024-08-27 10:26:45,BTCUSDT,bid,62000,510.068
2024-08-27 10:27:01,BTCUSDT,bid,62000,510.072
2024-08-27 10:27:02,BTCUSDT,bid,62000,509.996
2024-08-27 10:27:06,BTCUSDT,bid,62000,510.002
2024-08-27 10:27:12,BTCUSDT,bid,62000,510.05
2024-08-27 10:27:14,BTCUSDT,bid,62000,510.016
2024-08-27 10:27:17,BTCUSDT,bid,62000,510.116
2024-08-27 10:27:53,BTCUSDT,bid,62000,510.113
2024-08-27 10:27:53,BTCUSDT,bid,62000,510.116
2024-08-27 10:28:12,BTCUSDT,bid,62000,510.12
2024-08-27 10:28:16,BTCUSDT,bid,62000,510.118
2024-08-27 10:28:30,BTCUSDT,bid,62000,510.116
2024-08-27 10:28:37,BTCUSDT,bid,62000,510.066
2024-08-27 10:32:02,BTCUSDT,bid,47000,873.627
2024-08-27 10:58:34,BTCUSDT,bid,47000,873.427
2024-08-27 10:58:44,BTCUSDT,bid,47000,873.527
2024-08-27 11:00:42,BTCUSDT,bid,47000,873.53
2024-08-27 11:02:32,BTCUSDT,bid,47000,873.527
2024-08-27 11:02:49,BTCUSDT,bid,47000,873.53
2024-08-27 11:09:24,BTCUSDT,bid,47000,873.527
2024-08-27 11:37:50,BTCUSDT,bid,47000,873.523
2024-08-27 11:23:40,BTCUSD_PERP,bid,62400,491.98
2024-08-27 11:23:40,BTCUSD_PERP,bid,62400,553.79
2024-08-27 11:24:33,BTCUSD_PERP,bid,62400,492.61
2024-08-27 11:24:34,BTCUSD_PERP,bid,62400,492.35
2024-08-27 11:24:35,BTCUSD_PERP,bid,62400,553.5
2024-08-27 11:24:35,BTCUSD_PERP,bid,62400,553.55
2024-08-27 11:28:10,BTCUSD_PERP,bid,62400,553.5
2024-08-27 11:28:35,BTCUSD_PERP,bid,62400,497.68
2024-08-27 11:28:35,BTCUSD_PERP,bid,62400,558.87
2024-08-27 11:28:35,BTCUSD_PERP,bid,62400,620.06
2024-08-27 11:29:06,BTCUSD_PERP,bid,62400,615.68
2024-08-27 11:29:18,BTCUSD_PERP,bid,62400,492.04
2024-08-27 11:29:18,BTCUSD_PERP,bid,62400,491.78
2024-08-27 11:29:18,BTCUSD_PERP,bid,62400,615.36
2024-08-27 11:29:19,BTCUSD_PERP,bid,62400,676.52
2024-08-27 11:29:40,BTCUSD_PERP,bid,62400,676.57
2024-08-27 11:32:41,BTCUSD_PERP,bid,62400,614.78
2024-08-27 11:32:41,BTCUSD_PERP,bid,62400,553.62
2024-08-27 11:32:42,BTCUSD_PERP,bid,62400,492.04
2024-08-27 11:32:43,BTCUSD_PERP,bid,62400,553.86
2024-08-27 11:32:43,BTCUSD_PERP,bid,62400,615.05
2024-08-27 11:32:49,BTCUSD_PERP,bid,62400,615.1
2024-08-27 11:33:03,BTCUSD_PERP,bid,62400,493.29
2024-08-27 11:36:16,BTCUSD_PERP,bid,62400,615.05
2024-08-27 11:36:40,BTCUSD_PERP,bid,62400,492.04
2024-08-27 11:37:04,BTCUSD_PERP,bid,62500,493.86
2024-08-27 11:37:04,BTCUSD_PERP,bid,62500,555.12
2024-08-27 11:37:13,BTCUSD_PERP,bid,62500,555.17
2024-08-27 11:38:22,BTCUSD_PERP,bid,62500,554.44
2024-08-27 11:38:23,BTCUSD_PERP,bid,62500,615.7
2024-08-27 11:39:13,BTCUSD_PERP,bid,62500,493.28
2024-08-27 11:39:13,BTCUSD_PERP,bid,62500,554.44
2024-08-27 11:39:13,BTCUSD_PERP,bid,62500,492.65
2024-08-27 11:39:14,BTCUSD_PERP,bid,62400,492.87
2024-08-27 11:39:14,BTCUSD_PERP,bid,62400,616.59
2024-08-27 11:39:15,BTCUSD_PERP,bid,62400,491.7
2024-08-27 11:39:15,BTCUSD_PERP,bid,62400,553.56
2024-08-27 11:40:20,BTCUSD_PERP,bid,62400,492.33
2024-08-27 11:40:21,BTCUSD_PERP,bid,62400,555.37
2024-08-27 11:40:21,BTCUSD_PERP,bid,62400,493.51
2024-08-27 11:40:22,BTCUSD_PERP,bid,62500,553.86
2024-08-27 11:40:22,BTCUSD_PERP,bid,62500,615.75
2024-08-27 11:40:22,BTCUSD_PERP,bid,62500,677.64
2024-08-27 11:40:22,BTCUSD_PERP,bid,62500,800.69
2024-08-27 11:40:22,BTCUSD_PERP,bid,62500,862.58
2024-08-27 11:40:22,BTCUSD_PERP,bid,62500,924.47
2024-08-27 11:40:23,BTCUSD_PERP,bid,62500,1047.62
