2024-08-21 07:06:11,ETHUSDT,ask,2850,3822.84
2024-08-21 07:29:10,ETHUSDT,bid,2350,4334.312
2024-08-21 07:30:01,ETHUSDT,bid,1680,5969.698
2024-08-21 07:41:47,ETHUSDT,ask,2850,3822.853
2024-08-21 07:46:48,ETHUSDT,ask,2850,3822.98
2024-08-21 07:54:43,ETHUSDT,bid,1960,5145.043
2024-08-21 07:57:41,ETHUSDT,bid,2460,4078.141
2024-08-21 07:59:47,ETHUSDT,bid,2460,4077.651
2024-08-21 08:08:50,ETHUSDT,bid,2290,4365.012
2024-08-21 08:12:23,ETHUSDT,ask,2850,3822.994
2024-08-21 08:21:50,ETHUSDT,bid,2520,4025.021
2024-08-21 08:21:50,ETHUSDT,bid,2520,4223.197
2024-08-21 08:21:50,ETHUSDT,bid,2520,4421.373
2024-08-21 08:21:50,ETHUSDT,bid,2520,4619.549
2024-08-21 08:22:39,ETHUSDT,bid,1700,6024.713
2024-08-21 08:30:56,ETHUSDT,bid,2460,4077.691
2024-08-21 08:31:14,ETHUSDT,bid,1700,6027.484
2024-08-21 08:39:13,ETHUSDT,bid,1700,6028.984
2024-08-21 08:40:51,ETHUSDT,ask,2850,3822.885
2024-08-21 08:46:22,ETHUSDT,bid,2460,4078.191
2024-08-21 08:53:49,ETHUSDT,bid,2200,4588.385
2024-08-21 08:55:19,ETHUSDT,ask,2910,3454.692
2024-08-21 08:55:40,ETHUSDT,ask,2900,3443.464
2024-08-21 08:58:57,ETHUSDT,bid,1700,6028.996
2024-08-21 08:59:45,ETHUSDT,ask,3090,3230.717
2024-08-21 09:08:33,ETHUSDT,bid,2460,4076.591
2024-08-21 09:13:53,ETHUSDT,ask,2850,3822.895
2024-08-21 09:13:53,ETHUSDT,ask,2850,3822.905
2024-08-21 09:14:45,ETHUSDT,ask,2850,3822.915
2024-08-21 09:14:46,ETHUSDT,ask,2850,3822.925
2024-08-21 09:14:46,ETHUSDT,ask,2850,3822.935
2024-08-21 09:14:46,ETHUSDT,ask,2850,3822.945
2024-08-21 09:14:47,ETHUSDT,ask,2850,3822.955
2024-08-21 09:14:48,ETHUSDT,ask,2850,3822.965
2024-08-21 09:14:48,ETHUSDT,ask,2850,3822.975
2024-08-21 09:14:49,ETHUSDT,ask,2850,3822.975
2024-08-21 09:14:50,ETHUSDT,ask,2850,3822.965
2024-08-21 09:15:24,ETHUSDT,bid,2420,4147.371
2024-08-21 09:15:26,ETHUSDT,ask,2850,3822.955
2024-08-21 09:15:27,ETHUSDT,ask,2850,3822.945
2024-08-21 09:15:27,ETHUSDT,ask,2850,3822.935
2024-08-21 09:15:27,ETHUSDT,ask,2850,3822.925
2024-08-21 09:15:29,ETHUSDT,ask,2850,3822.915
2024-08-21 09:15:30,ETHUSDT,ask,2850,3822.905
2024-08-21 09:15:30,ETHUSDT,ask,2850,3822.895
2024-08-21 09:15:30,ETHUSDT,ask,2850,3822.885
2024-08-21 09:17:35,ETHUSDT,ask,2850,3822.895
2024-08-21 09:18:30,ETHUSDT,ask,2850,3822.885
2024-08-21 09:35:20,ETHUSDT,bid,2280,4389.946
2024-08-21 09:45:33,ETHUSDT,ask,2850,3822.895
2024-08-21 09:46:34,ETHUSDT,ask,2850,3822.885
2024-08-21 09:51:19,ETHUSDT,ask,2850,3822.688
2024-08-21 09:54:33,ETHUSDT,ask,2850,3822.698
2024-08-21 09:55:21,ETHUSDT,ask,2850,3822.688
2024-08-21 09:56:36,ETHUSDT,ask,2850,3822.68
2024-08-21 10:01:57,ETHUSDT,ask,2910,3455.262
2024-08-21 10:13:41,ETHUSDT,ask,2850,3822.69
2024-08-21 10:14:28,ETHUSDT,ask,2850,3822.68
2024-08-21 10:22:46,ETHUSDT,ask,2850,3822.69
2024-08-21 10:23:18,ETHUSDT,ask,2850,3822.68
2024-08-21 10:24:30,ETHUSDT,ask,2850,3822.69
2024-08-21 10:26:27,ETHUSDT,ask,2850,3822.69
2024-08-21 10:26:30,ETHUSDT,ask,2850,3822.7
2024-08-21 10:26:52,ETHUSDT,ask,2850,3822.709
2024-08-21 10:27:31,ETHUSDT,ask,2850,3822.699
2024-08-21 10:27:33,ETHUSDT,ask,2850,3822.689
2024-08-21 10:29:25,ETHUSDT,bid,1680,5969.53
2024-08-21 10:35:41,ETHUSDT,ask,2850,3822.68
2024-08-21 10:42:30,ETHUSDT,ask,2850,3822.69
2024-08-21 10:42:32,ETHUSDT,ask,2850,3819.644
2024-08-21 10:45:46,ETHUSDT,ask,2850,3819.57
2024-08-21 10:49:22,ETHUSDT,ask,2850,3819.717
2024-08-21 11:01:44,ETHUSDT,bid,2270,4433.221
2024-08-21 11:01:44,ETHUSDT,ask,2850,3819.084
2024-08-21 11:03:23,ETHUSDT,ask,2850,3819.094
2024-08-21 11:04:40,ETHUSDT,ask,2850,3819.084
2024-08-21 11:06:13,ETHUSDT,bid,1960,5145.027
2024-08-21 11:06:13,ETHUSDT,bid,2140,4700.903
2024-08-21 11:07:03,ETHUSDT,bid,1960,5145.419
2024-08-21 11:07:03,ETHUSDT,bid,2140,4701.295
2024-08-21 11:10:07,ETHUSDT,ask,2850,3819.888
2024-08-21 11:17:32,ETHUSDT,bid,1960,5145.43
2024-08-21 11:17:32,ETHUSDT,bid,2140,4701.306
2024-08-21 11:23:42,ETHUSDT,ask,2850,3819.898
2024-08-21 11:23:42,ETHUSDT,ask,2850,3819.908
2024-08-21 11:24:36,ETHUSDT,ask,2850,3819.898
2024-08-21 11:24:37,ETHUSDT,ask,2850,3819.888
2024-08-21 11:25:37,ETHUSDT,ask,2850,3819.898
2024-08-21 11:26:40,ETHUSDT,ask,2850,3819.888
2024-08-21 11:33:23,ETHUSDT,ask,2850,3819.896
2024-08-21 11:34:31,ETHUSDT,bid,2340,4281.466
2024-08-21 11:34:47,ETHUSDT,ask,2850,3819.888
2024-08-21 11:36:58,ETHUSDT,bid,2290,4364.903
2024-08-21 11:37:10,ETHUSDT,ask,2850,3819.985
2024-08-21 11:38:08,ETHUSDT,ask,2850,3819.888
2024-08-21 11:55:23,ETHUSDT,bid,2270,4434.221
2024-08-21 11:59:52,ETHUSDT,ask,2850,3819.898
2024-08-21 12:00:48,ETHUSDT,ask,2850,3819.888
2024-08-21 12:03:08,ETHUSDT,ask,2850,3819.898
2024-08-21 12:03:09,ETHUSDT,ask,2850,3819.908
2024-08-21 12:03:10,ETHUSDT,ask,2850,3819.918
2024-08-21 12:03:11,ETHUSDT,ask,2850,3819.928
2024-08-21 12:03:57,ETHUSDT,ask,2850,3819.918
2024-08-21 12:03:57,ETHUSDT,ask,2850,3819.908
2024-08-21 12:03:57,ETHUSDT,ask,2850,3819.898
2024-08-21 12:03:58,ETHUSDT,ask,2850,3819.888
2024-08-21 12:04:29,ETHUSDT,ask,2850,3819.908
2024-08-21 12:05:09,ETHUSDT,ask,2850,3819.898
2024-08-21 12:05:12,ETHUSDT,ask,2850,3819.888
2024-08-21 12:07:54,ETHUSDT,ask,2850,3819.898
2024-08-21 12:08:31,ETHUSDT,ask,2850,3819.888
2024-08-21 12:08:54,ETHUSDT,ask,2850,3819.898
2024-08-21 12:08:55,ETHUSDT,ask,2850,3819.908
2024-08-21 12:08:58,ETHUSDT,ask,2850,3819.918
2024-08-21 12:08:58,ETHUSDT,ask,2850,3819.928
2024-08-21 12:08:59,ETHUSDT,ask,2850,3819.938
2024-08-21 12:08:59,ETHUSDT,ask,2850,3819.948
2024-08-21 12:09:41,ETHUSDT,ask,2850,3819.938
2024-08-21 12:09:41,ETHUSDT,ask,2850,3819.928
2024-08-21 12:09:43,ETHUSDT,ask,2850,3819.918
2024-08-21 12:09:43,ETHUSDT,ask,2850,3819.908
2024-08-21 12:09:45,ETHUSDT,ask,2850,3819.898
2024-08-21 12:09:45,ETHUSDT,ask,2850,3819.888
2024-08-21 12:10:10,ETHUSDT,ask,2850,3819.879
2024-08-21 12:19:43,ETHUSDT,bid,2140,4701.12
2024-08-21 12:21:19,ETHUSDT,bid,2350,4329.312
2024-08-21 12:44:01,ETHUSDT,ask,2850,3819.889
2024-08-21 12:44:43,ETHUSDT,ask,2850,3819.879
2024-08-21 12:54:38,ETHUSDT,bid,2460,4076.541
2024-08-21 12:57:34,ETHUSDT,ask,2850,3819.889
2024-08-21 12:57:40,ETHUSDT,ask,2850,3819.899
2024-08-21 12:57:41,ETHUSDT,ask,2850,3819.909
2024-08-21 12:58:20,ETHUSDT,ask,2850,3819.899
2024-08-21 12:58:23,ETHUSDT,ask,2850,3819.889
2024-08-21 12:58:23,ETHUSDT,ask,2850,3819.879
2024-08-21 13:03:52,ETHUSDT,ask,2850,3816.799
2024-08-21 13:07:33,ETHUSDT,bid,2280,4390.096
2024-08-21 13:16:26,ETHUSDT,ask,2900,3442.991
2024-08-21 13:20:19,ETHUSDT,ask,2850,3816.624
2024-08-21 13:21:05,ETHUSDT,bid,2340,4281.476
2024-08-21 13:21:52,ETHUSDT,bid,2340,4281.466
2024-08-21 13:24:14,ETHUSDT,bid,2340,4279.466
2024-08-21 13:27:00,ETHUSDT,bid,1700,6026.008
2024-08-21 13:27:15,ETHUSDT,bid,2340,4279.475
2024-08-21 13:27:16,ETHUSDT,bid,2340,4279.484
2024-08-21 13:27:17,ETHUSDT,bid,2340,4279.493
2024-08-21 13:27:18,ETHUSDT,bid,2340,4279.502
2024-08-21 13:27:24,ETHUSDT,bid,2340,4279.493
2024-08-21 13:27:26,ETHUSDT,bid,2340,4279.484
2024-08-21 13:27:26,ETHUSDT,bid,2340,4279.475
2024-08-21 13:27:27,ETHUSDT,bid,2340,4279.466
2024-08-21 13:28:37,ETHUSDT,bid,2340,4279.466
2024-08-21 13:28:38,ETHUSDT,bid,2340,4279.476
2024-08-21 13:28:39,ETHUSDT,bid,2340,4279.476
2024-08-21 13:28:40,ETHUSDT,bid,2340,4279.492
2024-08-21 13:28:40,ETHUSDT,bid,2340,4279.492
2024-08-21 13:28:40,ETHUSDT,bid,2340,4279.508
2024-08-21 13:28:41,ETHUSDT,bid,2340,4279.517
2024-08-21 13:28:41,ETHUSDT,bid,2340,4279.526
2024-08-21 13:28:50,ETHUSDT,bid,2340,4279.517
2024-08-21 13:28:50,ETHUSDT,bid,2340,4279.508
2024-08-21 13:28:50,ETHUSDT,bid,2340,4279.517
2024-08-21 13:28:51,ETHUSDT,bid,2340,4279.526
2024-08-21 13:28:51,ETHUSDT,bid,2340,4279.535
2024-08-21 13:28:52,ETHUSDT,bid,2340,4279.544
2024-08-21 13:28:59,ETHUSDT,bid,2340,4279.535
2024-08-21 13:29:00,ETHUSDT,bid,2340,4279.526
2024-08-21 13:29:00,ETHUSDT,bid,2340,4279.517
2024-08-21 13:29:00,ETHUSDT,bid,2340,4279.508
2024-08-21 13:29:23,ETHUSDT,bid,2340,4279.498
2024-08-21 13:29:42,ETHUSDT,ask,2850,3816.755
2024-08-21 13:30:54,ETHUSDT,bid,2340,4279.508
2024-08-21 13:31:38,ETHUSDT,bid,2340,4279.498
2024-08-21 13:38:24,ETHUSDT,bid,2420,4147.791
2024-08-21 13:38:40,ETHUSDT,bid,2340,4279.482
2024-08-21 13:38:40,ETHUSDT,bid,2340,4279.466
2024-08-21 13:40:04,ETHUSDT,bid,1960,5145.038
2024-08-21 13:40:04,ETHUSDT,bid,2140,4700.728
2024-08-21 13:43:24,ETHUSDT,bid,2340,4279.466
2024-08-21 13:43:25,ETHUSDT,bid,2340,4279.466
2024-08-21 13:44:37,ETHUSDT,bid,2340,4279.476
2024-08-21 13:44:38,ETHUSDT,bid,2340,4279.486
2024-08-21 13:44:53,ETHUSDT,bid,2340,4279.495
2024-08-21 13:44:53,ETHUSDT,bid,2340,4279.504
2024-08-21 13:44:54,ETHUSDT,bid,2340,4279.513
2024-08-21 13:44:55,ETHUSDT,bid,2340,4279.531
2024-08-21 13:44:55,ETHUSDT,bid,2340,4279.54
2024-08-21 13:44:55,ETHUSDT,bid,2340,4279.549
2024-08-21 13:45:02,ETHUSDT,bid,2340,4279.54
2024-08-21 13:45:02,ETHUSDT,bid,2340,4279.531
2024-08-21 13:45:03,ETHUSDT,bid,2340,4279.522
2024-08-21 13:45:04,ETHUSDT,bid,2340,4279.504
2024-08-21 13:45:04,ETHUSDT,bid,2340,4279.495
2024-08-21 13:45:04,ETHUSDT,bid,2340,4279.486
2024-08-21 13:45:10,ETHUSDT,bid,2340,4279.486
2024-08-21 13:45:11,ETHUSDT,bid,2340,4279.486
2024-08-21 13:45:31,ETHUSDT,bid,2340,4279.476
2024-08-21 13:45:32,ETHUSDT,bid,2340,4279.466
2024-08-21 13:51:50,ETHUSDT,bid,2350,4328.427
2024-08-21 14:00:36,ETHUSDT,ask,2850,3825.479
2024-08-21 14:00:56,ETHUSDT,bid,1710,5862.405
2024-08-21 14:02:34,ETHUSDT,bid,2340,4279.475
2024-08-21 14:02:43,ETHUSDT,bid,2340,4279.466
2024-08-21 14:02:47,ETHUSDT,bid,2340,4279.476
2024-08-21 14:03:01,ETHUSDT,bid,2340,4279.485
2024-08-21 14:03:10,ETHUSDT,bid,2340,4279.476
2024-08-21 14:03:27,ETHUSDT,bid,2340,4279.466
2024-08-21 14:03:50,ETHUSDT,bid,2340,4279.475
2024-08-21 14:03:51,ETHUSDT,bid,2340,4279.493
2024-08-21 14:03:51,ETHUSDT,bid,2340,4279.502
2024-08-21 14:03:51,ETHUSDT,bid,2340,4279.511
2024-08-21 14:03:52,ETHUSDT,bid,2340,4279.52
2024-08-21 14:03:52,ETHUSDT,bid,2340,4279.529
2024-08-21 14:03:59,ETHUSDT,bid,2340,4279.52
2024-08-21 14:04:00,ETHUSDT,bid,2340,4279.511
2024-08-21 14:04:00,ETHUSDT,bid,2340,4279.493
2024-08-21 14:04:00,ETHUSDT,bid,2340,4279.484
2024-08-21 14:04:01,ETHUSDT,bid,2340,4279.475
2024-08-21 14:04:01,ETHUSDT,bid,2340,4279.466
2024-08-21 14:04:48,ETHUSDT,ask,2850,3825.471
2024-08-21 14:10:01,ETHUSDT,ask,2850,3825.634
2024-08-21 14:11:27,ETHUSDT,bid,1940,5162.037
2024-08-21 14:13:04,ETHUSDT,bid,2340,4279.476
2024-08-21 14:13:41,ETHUSDT,bid,2340,4279.466
2024-08-21 14:15:57,ETHUSDT,ask,2850,3825.599
2024-08-21 14:16:59,ETHUSDT,bid,2340,4279.484
2024-08-21 14:17:00,ETHUSDT,bid,2340,4279.493
2024-08-21 14:17:02,ETHUSDT,bid,2340,4279.502
2024-08-21 14:17:03,ETHUSDT,bid,2340,4279.511
2024-08-21 14:17:04,ETHUSDT,bid,2340,4279.52
2024-08-21 14:17:05,ETHUSDT,bid,2340,4279.529
2024-08-21 14:17:05,ETHUSDT,bid,2340,4279.538
2024-08-21 14:17:05,ETHUSDT,bid,2340,4279.547
2024-08-21 14:17:06,ETHUSDT,bid,2340,4279.556
2024-08-21 14:17:06,ETHUSDT,bid,2340,4279.565
2024-08-21 14:17:08,ETHUSDT,bid,2340,4279.574
2024-08-21 14:17:08,ETHUSDT,bid,2340,4279.574
2024-08-21 14:17:09,ETHUSDT,bid,2340,4279.565
2024-08-21 14:17:09,ETHUSDT,bid,2340,4279.574
2024-08-21 14:17:11,ETHUSDT,bid,2340,4279.565
2024-08-21 14:17:12,ETHUSDT,bid,2340,4279.556
2024-08-21 14:17:13,ETHUSDT,bid,2340,4279.547
2024-08-21 14:17:14,ETHUSDT,bid,2340,4279.538
2024-08-21 14:17:14,ETHUSDT,bid,2340,4279.529
2024-08-21 14:17:14,ETHUSDT,bid,2340,4279.52
2024-08-21 14:17:15,ETHUSDT,bid,2340,4279.511
2024-08-21 14:17:15,ETHUSDT,bid,2340,4279.502
2024-08-21 14:17:17,ETHUSDT,bid,2340,4279.493
2024-08-21 14:17:17,ETHUSDT,bid,2340,4279.475
2024-08-21 14:17:19,ETHUSDT,bid,2340,4279.466
2024-08-21 14:17:23,ETHUSDT,bid,2340,4279.475
2024-08-21 14:17:23,ETHUSDT,bid,2340,4279.484
2024-08-21 14:17:31,ETHUSDT,bid,2340,4279.475
2024-08-21 14:17:32,ETHUSDT,bid,2340,4279.466
2024-08-21 14:17:45,ETHUSDT,bid,2340,4279.475
2024-08-21 14:17:54,ETHUSDT,bid,2340,4279.466
2024-08-21 14:18:24,ETHUSDT,ask,2850,3825.599
2024-08-21 14:21:47,ETHUSDT,ask,2850,3825.619
2024-08-21 14:21:56,ETHUSDT,bid,2340,4279.476
2024-08-21 14:21:57,ETHUSDT,bid,2340,4279.486
2024-08-21 14:23:06,ETHUSDT,bid,2340,4279.476
2024-08-21 14:23:07,ETHUSDT,bid,2340,4279.466
2024-08-21 14:24:23,ETHUSDT,bid,2340,4279.466
2024-08-21 14:24:24,ETHUSDT,bid,2340,4279.466
2024-08-21 14:24:25,ETHUSDT,bid,2340,4279.466
2024-08-21 14:24:26,ETHUSDT,bid,2340,4279.475
2024-08-21 14:24:26,ETHUSDT,bid,2340,4279.466
2024-08-21 14:24:27,ETHUSDT,bid,2340,4279.466
2024-08-21 14:24:28,ETHUSDT,bid,2340,4279.466
2024-08-21 14:24:29,ETHUSDT,bid,2340,4279.466
2024-08-21 14:24:29,ETHUSDT,bid,2340,4279.476
2024-08-21 14:24:30,ETHUSDT,bid,2340,4279.476
2024-08-21 14:24:31,ETHUSDT,bid,2340,4279.476
2024-08-21 14:24:32,ETHUSDT,bid,2340,4279.476
2024-08-21 14:24:33,ETHUSDT,bid,2340,4279.476
2024-08-21 14:24:34,ETHUSDT,bid,2340,4279.486
2024-08-21 14:24:34,ETHUSDT,bid,2340,4279.486
2024-08-21 14:25:02,ETHUSDT,bid,2340,4279.486
2024-08-21 14:25:03,ETHUSDT,bid,2340,4279.486
2024-08-21 14:25:25,ETHUSDT,bid,2340,4279.476
2024-08-21 14:25:28,ETHUSDT,bid,2340,4279.466
2024-08-21 14:28:54,ETHUSDT,bid,1960,5144.915
2024-08-21 14:34:29,ETHUSDT,ask,2850,3825.635
2024-08-21 14:35:30,ETHUSDT,bid,2340,4279.476
2024-08-21 14:36:06,ETHUSDT,bid,2340,4279.466
2024-08-21 14:40:00,ETHUSDT,ask,2910,3456.429
2024-08-21 14:40:10,ETHUSDT,ask,2850,3825.619
2024-08-21 14:41:12,ETHUSDT,bid,1680,5968.53
2024-08-21 14:41:43,ETHUSDT,bid,1700,6024.508
2024-08-21 14:44:46,ETHUSDT,ask,2850,3825.603
2024-08-21 14:56:11,ETHUSDT,ask,2910,3456.903
2024-08-21 15:05:20,ETHUSDT,ask,2850,3825.091
2024-08-21 15:08:50,ETHUSDT,ask,2850,3825.111
2024-08-21 15:08:52,ETHUSDT,ask,2850,3825.101
2024-08-21 15:08:58,ETHUSDT,ask,2850,3825.091
2024-08-21 15:09:32,ETHUSDT,ask,2850,3825.101
2024-08-21 15:10:04,ETHUSDT,ask,2910,3457.761
2024-08-21 15:10:10,ETHUSDT,ask,2850,3825.091
2024-08-21 15:11:04,ETHUSDT,ask,2890,3457.333
2024-08-21 15:14:39,ETHUSDT,ask,2850,3824.974
2024-08-21 15:18:29,ETHUSDT,ask,2850,3824.982
2024-08-21 15:20:55,ETHUSDT,ask,2850,3824.314
2024-08-21 15:21:51,ETHUSDT,bid,2140,4700.714
2024-08-21 15:21:51,ETHUSDT,ask,2850,3824.3
2024-08-21 15:24:31,ETHUSDT,ask,2850,3824.968
2024-08-21 15:33:59,ETHUSDT,bid,2350,4338.309
2024-08-21 15:35:36,ETHUSDT,ask,2900,3443.63
2024-08-21 15:36:01,ETHUSDT,ask,2850,3824.968
2024-08-21 15:43:35,ETHUSDT,ask,2850,3824.978
2024-08-21 15:44:36,ETHUSDT,ask,2850,3824.968
2024-08-21 15:52:11,ETHUSDT,bid,1960,5144.904
2024-08-21 15:52:11,ETHUSDT,bid,2140,4700.703
2024-08-21 15:53:33,ETHUSDT,bid,2380,4389.289
2024-08-21 15:53:33,ETHUSDT,bid,2380,4689.289
2024-08-21 15:59:59,ETHUSDT,bid,2350,4342.23
2024-08-21 16:08:52,ETHUSDT,bid,1940,5161.574
2024-08-21 16:10:12,ETHUSDT,ask,2850,3825.002
2024-08-21 16:32:53,ETHUSDT,ask,2850,3825.177
2024-08-21 16:33:59,ETHUSDT,bid,2230,4529.504
2024-08-21 16:35:19,ETHUSDT,ask,2850,3825.182
2024-08-21 16:40:17,ETHUSDT,bid,2350,4332.348
2024-08-21 16:49:41,ETHUSDT,bid,2140,4700.713
2024-08-21 16:49:41,ETHUSDT,ask,2850,3825.192
2024-08-21 16:51:21,ETHUSDT,ask,2850,3837.018
2024-08-21 16:55:27,ETHUSDT,bid,2340,4279.596
2024-08-21 17:05:22,ETHUSDT,bid,1960,5144.943
2024-08-21 17:05:22,ETHUSDT,bid,2140,4700.752
2024-08-21 17:10:46,ETHUSDT,ask,2910,3457.191
2024-08-21 17:29:19,ETHUSDT,ask,2850,3836.141
2024-08-21 17:39:42,ETHUSDT,bid,2200,4593.196
2024-08-21 17:42:04,ETHUSDT,ask,2850,3836.131
2024-08-21 17:51:32,ETHUSDT,bid,1960,5144.904
2024-08-21 17:53:37,ETHUSDT,bid,2350,4328.427
2024-08-21 17:58:36,ETHUSDT,bid,2340,4279.34
2024-08-21 18:07:36,ETHUSDT,bid,2340,4279.331
2024-08-21 18:10:47,ETHUSDT,bid,2460,4076.071
2024-08-21 18:25:38,ETHUSDT,bid,2350,4343.427
2024-08-21 18:31:55,ETHUSDT,ask,2850,3836.117
2024-08-21 18:45:25,ETHUSDT,bid,1700,6024.914
2024-08-21 18:45:25,ETHUSDT,bid,2270,4434.627
2024-08-21 18:51:19,ETHUSDT,ask,2910,3457.391
2024-08-21 18:58:10,ETHUSDT,bid,1700,6024.508
2024-08-21 18:58:10,ETHUSDT,bid,2270,4434.221
2024-08-21 18:58:10,ETHUSDT,ask,2850,3836.117
2024-08-21 19:04:50,ETHUSDT,ask,2850,3835.99
2024-08-21 19:18:34,ETHUSDT,bid,1940,5161.764
2024-08-21 19:18:34,ETHUSDT,bid,1960,5145.094
2024-08-21 19:18:34,ETHUSDT,bid,2140,4700.903
2024-08-21 19:18:34,ETHUSDT,bid,2270,4434.411
2024-08-21 19:22:12,ETHUSDT,ask,2850,3838.395
2024-08-21 19:24:26,ETHUSDT,bid,2340,4282.331
2024-08-21 19:24:50,ETHUSDT,bid,2340,4279.331
2024-08-21 19:30:01,ETHUSDT,bid,1940,5161.574
2024-08-21 19:30:01,ETHUSDT,bid,1960,5144.904
2024-08-21 19:30:01,ETHUSDT,bid,2140,4700.713
2024-08-21 19:30:01,ETHUSDT,bid,2270,4434.221
2024-08-21 19:30:45,ETHUSDT,bid,2420,4147.811
2024-08-21 19:34:15,ETHUSDT,bid,2420,4147.791
2024-08-21 19:38:42,ETHUSDT,bid,2270,4434.144
2024-08-21 19:48:31,ETHUSDT,ask,2850,3842.754
2024-08-21 19:48:31,ETHUSDT,bid,2460,4078.071
2024-08-21 19:48:54,ETHUSDT,ask,2850,3838.395
2024-08-21 19:49:39,ETHUSDT,bid,2460,4074.071
2024-08-21 19:50:55,ETHUSDT,ask,2850,3851.395
2024-08-21 19:58:14,ETHUSDT,bid,2340,4279.251
2024-08-21 20:04:27,ETHUSDT,bid,2460,4072.071
2024-08-21 20:06:05,ETHUSDT,ask,2850,3851.395
2024-08-21 20:10:04,ETHUSDT,bid,2200,4588.385
2024-08-21 20:13:14,ETHUSDT,ask,2850,3851.381
2024-08-21 20:23:34,ETHUSDT,bid,2270,4434.127
2024-08-21 20:28:56,ETHUSDT,bid,2200,4588.022
2024-08-21 20:34:27,ETHUSDT,bid,2140,4700.724
2024-08-21 20:35:34,ETHUSDT,bid,2460,4072.081
2024-08-21 20:37:30,ETHUSDT,bid,2360,4232.598
2024-08-21 20:41:01,ETHUSDT,bid,2460,4075.975
2024-08-21 20:41:01,ETHUSDT,bid,2460,4152.345
2024-08-21 20:41:01,ETHUSDT,bid,2460,4172.53
2024-08-21 20:41:01,ETHUSDT,bid,2460,4173.019
2024-08-21 20:41:42,ETHUSDT,bid,2230,4529.522
2024-08-21 20:41:42,ETHUSDT,bid,2270,4434.145
2024-08-21 20:42:00,ETHUSDT,bid,2460,4116.201
2024-08-21 20:42:00,ETHUSDT,bid,2460,4072.57
2024-08-21 20:42:01,ETHUSDT,bid,2460,4072.081
2024-08-21 20:42:22,ETHUSDT,bid,2290,4364.913
2024-08-21 20:42:28,ETHUSDT,bid,2290,4364.903
2024-08-21 20:43:11,ETHUSDT,bid,2460,4073.3
2024-08-21 20:45:03,ETHUSDT,bid,2140,4700.714
2024-08-21 20:45:17,ETHUSDT,bid,2350,4343.483
2024-08-21 20:45:28,ETHUSDT,bid,2290,4364.913
2024-08-21 20:45:29,ETHUSDT,bid,2460,4073.29
2024-08-21 20:45:33,ETHUSDT,bid,2290,4364.923
2024-08-21 20:45:35,ETHUSDT,bid,2290,4364.913
2024-08-21 20:45:40,ETHUSDT,bid,2290,4364.903
2024-08-21 20:46:12,ETHUSDT,bid,2140,4700.704
2024-08-21 20:46:26,ETHUSDT,bid,2290,4364.913
2024-08-21 20:46:28,ETHUSDT,bid,2290,4364.903
2024-08-21 20:48:25,ETHUSDT,bid,2290,4365.053
2024-08-21 20:51:14,ETHUSDT,bid,2420,4147.961
2024-08-21 20:54:12,ETHUSDT,bid,2350,4345.183
2024-08-21 20:55:31,ETHUSDT,bid,2350,4345.127
2024-08-21 20:57:33,ETHUSDT,bid,2350,4343.427
2024-08-21 20:58:00,ETHUSDT,bid,2290,4364.903
2024-08-21 21:00:14,ETHUSDT,bid,2140,4700.483
2024-08-21 21:00:27,ETHUSDT,bid,2340,4280.728
2024-08-21 21:00:49,ETHUSDT,bid,2140,4700.415
2024-08-21 21:00:49,ETHUSDT,bid,2290,4364.835
2024-08-21 21:03:45,ETHUSDT,bid,2270,4434.155
2024-08-21 21:04:19,ETHUSDT,bid,2340,4280.738
2024-08-21 21:04:25,ETHUSDT,bid,2340,4280.728
2024-08-21 21:04:57,ETHUSDT,bid,2270,4434.145
2024-08-21 21:05:04,ETHUSDT,bid,2340,4280.738
2024-08-21 21:05:09,ETHUSDT,bid,2340,4280.728
2024-08-21 21:05:22,ETHUSDT,bid,2340,4280.764
2024-08-21 21:07:05,ETHUSDT,bid,2140,4700.601
2024-08-21 21:07:05,ETHUSDT,bid,2290,4365.021
2024-08-21 21:08:29,ETHUSDT,bid,2460,4073.998
2024-08-21 21:09:41,ETHUSDT,bid,2140,4700.59
2024-08-21 21:10:27,ETHUSDT,bid,2140,4700.404
2024-08-21 21:10:27,ETHUSDT,bid,2290,4364.835
2024-08-21 21:20:07,ETHUSDT,bid,1940,5161.55
2024-08-21 21:23:14,ETHUSDT,bid,1960,5144.976
2024-08-21 21:23:14,ETHUSDT,bid,2140,4700.476
2024-08-21 21:23:47,ETHUSDT,bid,1960,5144.904
2024-08-21 21:23:47,ETHUSDT,bid,2140,4700.404
2024-08-21 21:24:02,ETHUSDT,bid,2340,4280.774
2024-08-21 21:24:08,ETHUSDT,bid,2340,4280.764
2024-08-21 21:25:21,ETHUSDT,bid,2270,4434.155
2024-08-21 21:25:21,ETHUSDT,bid,2350,4343.437
2024-08-21 21:26:15,ETHUSDT,bid,1960,5144.95
2024-08-21 21:26:15,ETHUSDT,bid,2140,4700.45
2024-08-21 21:26:42,ETHUSDT,bid,2340,4280.773
2024-08-21 21:26:42,ETHUSDT,bid,2340,4280.764
2024-08-21 21:26:59,ETHUSDT,bid,2270,4433.155
2024-08-21 21:27:43,ETHUSDT,ask,2850,3832.987
2024-08-21 21:28:39,ETHUSDT,bid,2340,4280.764
2024-08-21 21:28:40,ETHUSDT,bid,2340,4280.764
2024-08-21 21:29:09,ETHUSDT,ask,2900,3442.991
2024-08-21 21:31:07,ETHUSDT,bid,2340,4280.774
2024-08-21 21:31:30,ETHUSDT,bid,2340,4280.764
2024-08-21 21:32:28,ETHUSDT,bid,2340,4280.774
2024-08-21 21:32:34,ETHUSDT,bid,2340,4280.764
2024-08-21 21:35:00,ETHUSDT,bid,2340,4280.774
2024-08-21 21:35:33,ETHUSDT,bid,2340,4280.764
2024-08-21 21:43:05,ETHUSDT,bid,2350,4343.457
2024-08-21 21:43:05,ETHUSDT,bid,2350,4343.467
2024-08-21 21:43:11,ETHUSDT,bid,2350,4343.457
2024-08-21 21:43:11,ETHUSDT,bid,2350,4343.437
2024-08-21 21:44:43,ETHUSDT,bid,2140,4700.479
2024-08-21 21:44:43,ETHUSDT,ask,2850,3822.757
2024-08-21 21:48:01,ETHUSDT,ask,2910,3456.024
2024-08-21 21:48:50,ETHUSDT,bid,2340,4280.774
2024-08-21 21:48:50,ETHUSDT,bid,2340,4280.784
2024-08-21 21:49:04,ETHUSDT,bid,2340,4280.774
2024-08-21 21:49:04,ETHUSDT,bid,2340,4280.764
2024-08-21 21:49:19,ETHUSDT,bid,2340,4280.774
2024-08-21 21:49:30,ETHUSDT,bid,2340,4280.764
2024-08-21 21:51:30,ETHUSDT,bid,2350,4345.392
2024-08-21 21:51:45,ETHUSDT,bid,2140,4700.494
2024-08-21 21:52:17,ETHUSDT,ask,2850,3822.772
2024-08-21 21:56:42,ETHUSDT,bid,2270,4433.419
2024-08-21 21:58:39,ETHUSDT,ask,2850,3822.782
2024-08-21 21:58:54,ETHUSDT,ask,2850,3822.782
2024-08-21 21:59:21,ETHUSDT,bid,2350,4345.257
2024-08-21 22:03:03,ETHUSDT,bid,2350,4345.893
2024-08-21 22:05:12,ETHUSDT,bid,2350,4350.137
2024-08-21 22:11:53,ETHUSDT,bid,2340,4280.773
2024-08-21 22:11:54,ETHUSDT,bid,2340,4280.791
2024-08-21 22:12:02,ETHUSDT,bid,2340,4280.782
2024-08-21 22:12:03,ETHUSDT,bid,2340,4280.764
2024-08-21 22:12:25,ETHUSDT,bid,2350,4345.893
2024-08-21 22:13:09,ETHUSDT,bid,2340,4280.764
2024-08-21 22:13:14,ETHUSDT,bid,2340,4280.774
2024-08-21 22:13:46,ETHUSDT,bid,2340,4280.764
2024-08-21 22:20:15,ETHUSDT,bid,2420,4147.92
2024-08-21 22:20:20,ETHUSDT,bid,2460,4073.958
2024-08-21 22:23:09,ETHUSDT,bid,2340,4280.774
2024-08-21 22:23:50,ETHUSDT,bid,2340,4280.764
2024-08-21 22:24:55,ETHUSDT,bid,2340,4280.774
2024-08-21 22:24:56,ETHUSDT,bid,2340,4280.774
2024-08-21 22:24:56,ETHUSDT,bid,2340,4280.79
2024-08-21 22:24:57,ETHUSDT,bid,2340,4280.806
2024-08-21 22:24:57,ETHUSDT,bid,2340,4280.806
2024-08-21 22:25:39,ETHUSDT,bid,2340,4280.796
2024-08-21 22:26:24,ETHUSDT,bid,2340,4280.796
2024-08-21 22:27:42,ETHUSDT,bid,2350,4346.893
2024-08-21 22:31:49,ETHUSDT,bid,2340,4280.806
2024-08-21 22:32:01,ETHUSDT,bid,2340,4280.816
2024-08-21 22:32:07,ETHUSDT,bid,2340,4280.826
2024-08-21 22:32:28,ETHUSDT,bid,2340,4280.816
2024-08-21 22:32:40,ETHUSDT,bid,2340,4280.806
2024-08-21 22:32:52,ETHUSDT,bid,2340,4280.796
2024-08-21 22:34:41,ETHUSDT,bid,2340,4280.764
2024-08-21 22:42:06,ETHUSDT,bid,2350,4347.161
2024-08-21 22:50:39,ETHUSDT,bid,2340,4280.774
2024-08-21 22:51:26,ETHUSDT,bid,2340,4280.764
2024-08-21 22:51:33,ETHUSDT,bid,2340,4280.774
2024-08-21 22:51:36,ETHUSDT,bid,2340,4280.784
2024-08-21 22:52:10,ETHUSDT,bid,2340,4280.774
2024-08-21 22:52:18,ETHUSDT,bid,2340,4280.764
2024-08-21 23:00:31,ETHUSDT,bid,2340,4280.774
2024-08-21 23:00:33,ETHUSDT,bid,2340,4280.79
2024-08-21 23:00:34,ETHUSDT,bid,2340,4280.806
2024-08-21 23:00:34,ETHUSDT,bid,2340,4280.822
2024-08-21 23:00:34,ETHUSDT,bid,2340,4280.854
2024-08-21 23:00:34,ETHUSDT,bid,2340,4280.854
2024-08-21 23:00:34,ETHUSDT,bid,2340,4280.87
2024-08-21 23:00:34,ETHUSDT,bid,2340,4280.88
2024-08-21 23:00:35,ETHUSDT,bid,2340,4280.896
2024-08-21 23:00:35,ETHUSDT,bid,2340,4280.912
2024-08-21 23:00:35,ETHUSDT,bid,2340,4280.912
2024-08-21 23:00:35,ETHUSDT,bid,2340,4280.928
2024-08-21 23:00:35,ETHUSDT,bid,2340,4280.96
2024-08-21 23:00:35,ETHUSDT,bid,2340,4280.976
2024-08-21 23:00:35,ETHUSDT,bid,2340,4280.992
2024-08-21 23:00:36,ETHUSDT,bid,2340,4281.008
2024-08-21 23:00:36,ETHUSDT,bid,2340,4281.008
2024-08-21 23:00:36,ETHUSDT,bid,2340,4281.024
2024-08-21 23:00:36,ETHUSDT,bid,2340,4281.04
2024-08-21 23:00:37,ETHUSDT,bid,2340,4281.056
2024-08-21 23:00:37,ETHUSDT,bid,2340,4281.072
2024-08-21 23:00:37,ETHUSDT,bid,2340,4281.072
2024-08-21 23:00:37,ETHUSDT,bid,2340,4281.088
2024-08-21 23:00:37,ETHUSDT,bid,2340,4281.104
2024-08-21 23:00:38,ETHUSDT,bid,2340,4281.12
2024-08-21 23:00:38,ETHUSDT,bid,2340,4281.12
2024-08-21 23:00:38,ETHUSDT,bid,2340,4281.136
2024-08-21 23:00:38,ETHUSDT,bid,2340,4281.152
2024-08-21 23:00:39,ETHUSDT,bid,2340,4281.168
2024-08-21 23:00:39,ETHUSDT,bid,2340,4281.168
2024-08-21 23:00:41,ETHUSDT,bid,2340,4281.177
2024-08-21 23:00:41,ETHUSDT,bid,2340,4281.168
2024-08-21 23:00:46,ETHUSDT,bid,2340,4281.178
2024-08-21 23:01:30,ETHUSDT,bid,2340,4281.168
2024-08-21 23:01:31,ETHUSDT,bid,2340,4281.158
2024-08-21 23:01:34,ETHUSDT,bid,2340,4281.148
2024-08-21 23:04:11,ETHUSDT,bid,2340,4281.116
2024-08-21 23:07:10,ETHUSDT,bid,2340,4281.084
2024-08-21 23:10:34,ETHUSDT,bid,2340,4281.068
2024-08-21 23:10:34,ETHUSDT,bid,2340,4281.036
2024-08-21 23:10:34,ETHUSDT,bid,2340,4281.02
2024-08-21 23:10:35,ETHUSDT,bid,2340,4281.004
2024-08-21 23:10:35,ETHUSDT,bid,2340,4280.972
2024-08-21 23:10:35,ETHUSDT,bid,2340,4280.956
2024-08-21 23:10:36,ETHUSDT,bid,2340,4280.94
2024-08-21 23:10:36,ETHUSDT,bid,2340,4280.924
2024-08-21 23:10:36,ETHUSDT,bid,2340,4280.908
2024-08-21 23:10:36,ETHUSDT,bid,2340,4280.892
2024-08-21 23:10:37,ETHUSDT,bid,2340,4280.876
2024-08-21 23:10:37,ETHUSDT,bid,2340,4280.86
2024-08-21 23:10:38,ETHUSDT,bid,2340,4280.844
2024-08-21 23:10:38,ETHUSDT,bid,2340,4280.828
2024-08-21 23:10:38,ETHUSDT,bid,2340,4280.812
2024-08-21 23:10:39,ETHUSDT,bid,2340,4280.796
2024-08-21 23:10:39,ETHUSDT,bid,2340,4280.78
2024-08-21 23:10:39,ETHUSDT,bid,2340,4280.764
2024-08-21 23:11:53,ETHUSDT,ask,2850,3825.678
2024-08-21 23:16:38,ETHUSDT,ask,2850,3831.109
2024-08-21 23:22:33,ETHUSDT,bid,2420,4147.94
2024-08-21 23:23:10,ETHUSDT,bid,2270,4433.429
2024-08-21 23:29:50,ETHUSDT,ask,2850,3825.678
2024-08-21 23:31:37,ETHUSDT,bid,2340,4280.774
2024-08-21 23:31:37,ETHUSDT,bid,2340,4280.784
2024-08-21 23:32:20,ETHUSDT,bid,2340,4280.774
2024-08-21 23:32:24,ETHUSDT,bid,2340,4280.764
2024-08-21 23:32:31,ETHUSDT,bid,2340,4280.774
2024-08-21 23:33:14,ETHUSDT,bid,2340,4280.764
2024-08-21 23:35:03,ETHUSDT,bid,2350,4347.565
2024-08-21 23:36:36,ETHUSDT,bid,2340,4280.774
2024-08-21 23:37:38,ETHUSDT,bid,2340,4280.764
2024-08-21 23:47:15,ETHUSDT,ask,2850,3825.67
2024-08-21 23:47:48,ETHUSDT,ask,2850,3830.67
2024-08-21 23:48:36,ETHUSDT,bid,1700,6024.527
2024-08-22 00:05:13,ETHUSDT,bid,2360,4232.531
2024-08-22 00:05:14,ETHUSDT,bid,2140,4700.401
2024-08-22 00:07:05,ETHUSDT,bid,2340,4280.774
2024-08-22 00:07:12,ETHUSDT,bid,2340,4280.774
2024-08-22 00:07:12,ETHUSDT,bid,2340,4280.79
2024-08-22 00:08:04,ETHUSDT,bid,2340,4280.78
2024-08-22 00:09:09,ETHUSDT,bid,2340,4280.789
2024-08-22 00:09:10,ETHUSDT,bid,2340,4280.798
2024-08-22 00:09:12,ETHUSDT,bid,2340,4280.807
2024-08-22 00:09:12,ETHUSDT,bid,2340,4280.834
2024-08-22 00:09:13,ETHUSDT,bid,2340,4280.843
2024-08-22 00:09:13,ETHUSDT,bid,2340,4280.861
2024-08-22 00:09:18,ETHUSDT,bid,2340,4280.852
2024-08-22 00:09:20,ETHUSDT,bid,2340,4280.843
2024-08-22 00:09:21,ETHUSDT,bid,2340,4280.834
2024-08-22 00:09:21,ETHUSDT,bid,2340,4280.816
2024-08-22 00:09:21,ETHUSDT,bid,2340,4280.807
2024-08-22 00:09:22,ETHUSDT,bid,2340,4280.798
2024-08-22 00:09:22,ETHUSDT,bid,2340,4280.78
2024-08-22 00:09:24,ETHUSDT,bid,2340,4280.79
2024-08-22 00:09:25,ETHUSDT,bid,2340,4280.8
2024-08-22 00:09:27,ETHUSDT,bid,2340,4280.81
2024-08-22 00:09:27,ETHUSDT,bid,2340,4280.82
2024-08-22 00:10:06,ETHUSDT,bid,2340,4280.829
2024-08-22 00:10:07,ETHUSDT,bid,2340,4280.856
2024-08-22 00:10:07,ETHUSDT,bid,2340,4280.865
2024-08-22 00:10:07,ETHUSDT,bid,2340,4280.883
2024-08-22 00:10:11,ETHUSDT,bid,2340,4280.873
2024-08-22 00:10:12,ETHUSDT,bid,2340,4280.863
2024-08-22 00:10:14,ETHUSDT,bid,2340,4280.853
2024-08-22 00:10:15,ETHUSDT,bid,2340,4280.844
2024-08-22 00:10:15,ETHUSDT,bid,2340,4280.817
2024-08-22 00:10:16,ETHUSDT,bid,2340,4280.808
2024-08-22 00:10:16,ETHUSDT,bid,2340,4280.79
2024-08-22 00:10:17,ETHUSDT,bid,2340,4280.78
2024-08-22 00:14:07,ETHUSDT,ask,2850,3832.075
2024-08-22 00:17:12,ETHUSDT,bid,2340,4280.764
2024-08-22 00:18:52,ETHUSDT,bid,2420,4147.92
2024-08-22 00:22:49,ETHUSDT,bid,2360,4232.541
2024-08-22 00:22:50,ETHUSDT,bid,2360,4232.541
2024-08-22 00:22:52,ETHUSDT,bid,2360,4232.55
2024-08-22 00:22:52,ETHUSDT,bid,2360,4232.56
2024-08-22 00:22:53,ETHUSDT,bid,2360,4232.56
2024-08-22 00:22:53,ETHUSDT,bid,2360,4232.569
2024-08-22 00:22:53,ETHUSDT,bid,2360,4232.578
2024-08-22 00:22:53,ETHUSDT,bid,2360,4232.587
2024-08-22 00:22:54,ETHUSDT,bid,2360,4232.596
2024-08-22 00:22:54,ETHUSDT,bid,2360,4232.605
2024-08-22 00:23:01,ETHUSDT,bid,2360,4232.596
2024-08-22 00:23:02,ETHUSDT,bid,2360,4232.587
2024-08-22 00:23:02,ETHUSDT,bid,2360,4232.578
2024-08-22 00:23:02,ETHUSDT,bid,2360,4232.569
2024-08-22 00:23:03,ETHUSDT,bid,2360,4232.551
2024-08-22 00:23:39,ETHUSDT,bid,2360,4232.541
2024-08-22 00:23:43,ETHUSDT,bid,2360,4232.531
2024-08-22 00:25:24,ETHUSDT,bid,2420,4147.851
2024-08-22 00:28:43,ETHUSDT,bid,1700,6024.492
2024-08-22 00:28:43,ETHUSDT,bid,2270,4433.403
2024-08-22 00:28:43,ETHUSDT,ask,2850,3832.055
2024-08-22 00:30:23,ETHUSDT,ask,2850,3831.629
2024-08-22 00:32:01,ETHUSDT,ask,2850,3831.577
2024-08-22 00:32:24,ETHUSDT,ask,2850,3831.953
2024-08-22 00:33:34,ETHUSDT,bid,2270,4434.508
2024-08-22 00:37:10,ETHUSDT,bid,2350,4347.583
2024-08-22 00:37:18,ETHUSDT,bid,2350,4347.593
2024-08-22 00:37:20,ETHUSDT,bid,2350,4347.575
2024-08-22 00:37:29,ETHUSDT,bid,2340,4283.009
2024-08-22 00:37:50,ETHUSDT,bid,2340,4280.764
2024-08-22 00:37:54,ETHUSDT,bid,2350,4347.565
2024-08-22 00:43:36,ETHUSDT,bid,1700,6024.48
2024-08-22 00:46:53,ETHUSDT,bid,2360,4232.541
2024-08-22 00:47:27,ETHUSDT,bid,1960,5139.95
2024-08-22 00:47:31,ETHUSDT,bid,2360,4232.531
2024-08-22 00:56:54,ETHUSDT,bid,1960,5139.912
2024-08-22 00:56:54,ETHUSDT,bid,2140,4700.366
2024-08-22 00:59:43,ETHUSDT,bid,2350,4347.297
2024-08-22 01:00:37,ETHUSDT,bid,2360,4232.54
2024-08-22 01:00:46,ETHUSDT,bid,2360,4232.531
2024-08-22 01:00:49,ETHUSDT,bid,1960,5139.952
2024-08-22 01:00:49,ETHUSDT,bid,2140,4700.403
2024-08-22 01:02:22,ETHUSDT,bid,2460,4073.968
2024-08-22 01:02:47,ETHUSDT,ask,2850,3834.386
2024-08-22 01:04:09,ETHUSDT,bid,2360,4232.531
2024-08-22 01:05:12,ETHUSDT,bid,2360,4232.541
2024-08-22 01:05:12,ETHUSDT,bid,2360,4232.551
2024-08-22 01:05:55,ETHUSDT,bid,2360,4232.541
2024-08-22 01:05:57,ETHUSDT,bid,2360,4232.531
2024-08-22 01:07:54,ETHUSDT,bid,2140,4700.45
