2024-08-21 07:00:12,BTCUSDT,bid,58000,519.001
2024-08-21 07:00:44,BTCUSDT,bid,58000,518.991
2024-08-21 07:00:52,BTCUSDT,bid,58000,518.969
2024-08-21 07:00:58,BTCUSDT,bid,58000,518.968
2024-08-21 07:01:07,BTCUSDT,bid,58000,518.983
2024-08-21 07:01:09,BTCUSDT,ask,60500,1141.975
2024-08-21 07:01:17,BTCUSDT,ask,60500,1141.973
2024-08-21 07:01:20,BTCUSDT,bid,58000,518.997
2024-08-21 07:01:40,BTCUSDT,bid,58000,519.214
2024-08-21 07:01:51,BTCUSDT,bid,58000,519.386
2024-08-21 07:01:55,BTCUSDT,bid,58000,519.388
2024-08-21 07:01:55,BTCUSDT,bid,58000,519.439
2024-08-21 07:02:04,BTCUSDT,bid,58000,519.418
2024-08-21 07:02:21,BTCUSDT,bid,58000,518.873
2024-08-21 07:02:21,BTCUSDT,bid,58000,518.701
2024-08-21 07:02:41,BTCUSDT,bid,58000,518.744
2024-08-21 07:03:19,BTCUSDT,ask,60500,1141.877
2024-08-21 07:03:29,BTCUSDT,bid,58000,518.757
2024-08-21 07:03:32,BTCUSDT,bid,47000,876.997
2024-08-21 07:03:36,BTCUSDT,bid,58000,518.744
2024-08-21 07:03:43,BTCUSDT,bid,58000,518.742
2024-08-21 07:03:45,BTCUSDT,bid,58000,518.744
2024-08-21 07:03:46,BTCUSDT,bid,58000,518.755
2024-08-21 07:03:56,BTCUSDT,bid,58000,519.272
2024-08-21 07:04:05,BTCUSDT,bid,58000,519.345
2024-08-21 07:04:30,BTCUSDT,ask,60500,1141.901
2024-08-21 07:04:42,BTCUSDT,bid,58000,519.334
2024-08-21 07:04:51,BTCUSDT,ask,60500,1141.91
2024-08-21 07:04:53,BTCUSDT,bid,58000,519.345
2024-08-21 07:05:00,BTCUSDT,bid,58000,519.343
2024-08-21 07:05:09,BTCUSDT,ask,60500,1141.836
2024-08-21 07:05:24,BTCUSDT,bid,58000,519.339
2024-08-21 07:05:27,BTCUSDT,bid,58000,519.478
2024-08-21 07:05:41,BTCUSDT,bid,58000,519.509
2024-08-21 07:06:08,BTCUSDT,bid,58000,519.507
2024-08-21 07:06:09,BTCUSDT,bid,58000,519.468
2024-08-21 07:06:40,BTCUSDT,bid,58000,519.668
2024-08-21 07:06:43,BTCUSDT,bid,58000,519.468
2024-08-21 07:06:44,BTCUSDT,ask,60500,1141.819
2024-08-21 07:06:45,BTCUSDT,bid,58000,519.456
2024-08-21 07:07:14,BTCUSDT,bid,58000,519.458
2024-08-21 07:07:19,BTCUSDT,bid,58000,519.461
2024-08-21 07:07:36,BTCUSDT,bid,58000,519.464
2024-08-21 07:09:55,BTCUSDT,ask,60500,1141.81
2024-08-21 07:10:08,BTCUSDT,bid,58000,519.441
2024-08-21 07:10:10,BTCUSDT,bid,58000,519.443
2024-08-21 07:10:31,BTCUSDT,bid,58000,519.446
2024-08-21 07:10:34,BTCUSDT,ask,60500,1142.118
2024-08-21 07:10:40,BTCUSDT,bid,58000,519.441
2024-08-21 07:10:40,BTCUSDT,bid,58000,519.393
2024-08-21 07:11:28,BTCUSDT,ask,60500,1142.121
2024-08-21 07:11:36,BTCUSDT,bid,58000,519.472
2024-08-21 07:11:38,BTCUSDT,ask,60500,1142.118
2024-08-21 07:11:39,BTCUSDT,bid,58000,519.464
2024-08-21 07:11:46,BTCUSDT,bid,58000,519.498
2024-08-21 07:12:03,BTCUSDT,bid,58000,519.495
2024-08-21 07:12:03,BTCUSDT,bid,58000,519.52
2024-08-21 07:12:09,BTCUSDT,bid,58000,519.32
2024-08-21 07:12:14,BTCUSDT,ask,60500,1142.276
2024-08-21 07:12:20,BTCUSDT,bid,58000,519.318
2024-08-21 07:12:23,BTCUSDT,bid,58000,520.006
2024-08-21 07:12:24,BTCUSDT,bid,58000,520.021
2024-08-21 07:12:34,BTCUSDT,bid,58000,520.866
2024-08-21 07:12:46,BTCUSDT,bid,58000,520.868
2024-08-21 07:13:06,BTCUSDT,ask,60500,1142.27
2024-08-21 07:13:11,BTCUSDT,ask,60500,1142.264
2024-08-21 07:13:12,BTCUSDT,bid,58000,520.866
2024-08-21 07:13:14,BTCUSDT,bid,58000,521.066
2024-08-21 07:13:16,BTCUSDT,bid,58000,520.866
2024-08-21 07:13:18,BTCUSDT,bid,58000,521.066
2024-08-21 07:13:19,BTCUSDT,bid,58000,521.058
2024-08-21 07:13:20,BTCUSDT,bid,58000,520.858
2024-08-21 07:13:21,BTCUSDT,bid,58000,521.058
2024-08-21 07:13:24,BTCUSDT,bid,58000,520.858
2024-08-21 07:13:25,BTCUSDT,bid,58000,520.714
2024-08-21 07:13:27,BTCUSDT,bid,58000,520.514
2024-08-21 07:13:28,BTCUSDT,bid,58000,520.714
2024-08-21 07:13:31,BTCUSDT,bid,58000,520.514
2024-08-21 07:13:32,BTCUSDT,bid,58000,520.714
2024-08-21 07:13:35,BTCUSDT,bid,58000,520.514
2024-08-21 07:13:36,BTCUSDT,bid,58000,520.714
2024-08-21 07:13:38,BTCUSDT,bid,58000,520.514
2024-08-21 07:13:39,BTCUSDT,bid,58000,520.714
2024-08-21 07:13:41,BTCUSDT,bid,58000,520.514
2024-08-21 07:13:50,BTCUSDT,bid,58000,520.714
2024-08-21 07:13:52,BTCUSDT,bid,58000,520.514
2024-08-21 07:14:19,BTCUSDT,bid,58000,520.517
2024-08-21 07:14:33,BTCUSDT,bid,58000,520.717
2024-08-21 07:14:35,BTCUSDT,bid,58000,520.517
2024-08-21 07:14:37,BTCUSDT,bid,58000,520.717
2024-08-21 07:14:39,BTCUSDT,bid,58000,520.517
2024-08-21 07:14:40,BTCUSDT,bid,58000,520.717
2024-08-21 07:14:42,BTCUSDT,bid,58000,520.517
2024-08-21 07:14:44,BTCUSDT,bid,58000,520.717
2024-08-21 07:14:46,BTCUSDT,bid,58000,520.517
2024-08-21 07:14:48,BTCUSDT,bid,58000,520.717
2024-08-21 07:14:49,BTCUSDT,bid,58000,520.517
2024-08-21 07:14:54,BTCUSDT,bid,58000,520.417
2024-08-21 07:15:47,BTCUSDT,bid,58000,520.278
2024-08-21 07:15:57,BTCUSDT,bid,58000,520.261
2024-08-21 07:16:15,BTCUSDT,bid,58000,519.573
2024-08-21 07:16:22,BTCUSDT,bid,58000,519.522
2024-08-21 07:16:23,BTCUSDT,bid,58000,519.52
2024-08-21 07:16:49,BTCUSDT,bid,58000,519.516
2024-08-21 07:17:58,BTCUSDT,ask,60500,1142.285
2024-08-21 07:18:17,BTCUSDT,ask,60500,1141.64
2024-08-21 07:19:44,BTCUSDT,ask,60500,1141.642
2024-08-21 07:20:17,BTCUSDT,ask,60500,1141.342
2024-08-21 07:20:35,BTCUSDT,ask,60500,1141.351
2024-08-21 07:20:36,BTCUSDT,ask,60500,1141.258
2024-08-21 07:20:56,BTCUSDT,ask,60500,1141.351
2024-08-21 07:22:05,BTCUSDT,ask,60500,1141.347
2024-08-21 07:22:41,BTCUSDT,ask,60500,1141.254
2024-08-21 07:24:08,BTCUSDT,ask,60500,1141.273
2024-08-21 07:24:25,BTCUSDT,ask,60500,1141.293
2024-08-21 07:25:49,BTCUSDT,ask,60500,1141.272
2024-08-21 07:28:35,BTCUSDT,bid,47000,877.401
2024-08-21 07:29:10,BTCUSDT,bid,47000,877.316
2024-08-21 07:30:18,BTCUSDT,ask,60500,1141.91
2024-08-21 07:31:07,BTCUSDT,ask,60500,1142.007
2024-08-21 07:40:58,BTCUSDT,ask,60500,1141.866
2024-08-21 07:41:38,BTCUSDT,ask,60500,1141.863
2024-08-21 07:43:07,BTCUSDT,ask,60500,1141.901
2024-08-21 07:44:31,BTCUSDT,ask,60500,1143.076
2024-08-21 07:44:34,BTCUSDT,ask,60500,1141.901
2024-08-21 07:44:53,BTCUSDT,ask,60500,1142.488
2024-08-21 07:48:06,BTCUSDT,ask,60500,1142.504
2024-08-21 07:51:14,BTCUSDT,ask,60500,1142.509
2024-08-21 07:54:09,BTCUSDT,ask,60500,1142.485
2024-08-21 07:54:47,BTCUSDT,ask,60500,1143.485
2024-08-21 07:56:41,BTCUSDT,ask,60500,1143.479
2024-08-21 07:56:43,BTCUSDT,ask,60500,1143.47
2024-08-21 07:58:09,BTCUSDT,ask,60500,1143.239
2024-08-21 08:03:01,BTCUSDT,ask,60500,1143.202
2024-08-21 08:09:03,BTCUSDT,ask,60500,1143.203
2024-08-21 08:11:19,BTCUSDT,ask,60500,1143.213
2024-08-21 08:13:16,BTCUSDT,ask,60500,1143.225
2024-08-21 08:13:51,BTCUSDT,ask,60500,1143.223
2024-08-21 08:15:46,BTCUSDT,ask,60500,1143.459
2024-08-21 08:19:56,BTCUSDT,ask,60500,1143.489
2024-08-21 08:20:16,BTCUSDT,ask,60500,1143.253
2024-08-21 08:22:36,BTCUSDT,bid,47000,877.319
2024-08-21 08:23:04,BTCUSDT,ask,60500,1143.553
2024-08-21 08:23:06,BTCUSDT,ask,60500,1143.543
2024-08-21 08:26:01,BTCUSDT,ask,60500,1143.532
2024-08-21 08:26:56,BTCUSDT,ask,60500,1143.567
2024-08-21 08:30:49,BTCUSDT,ask,60500,1143.154
2024-08-21 08:30:52,BTCUSDT,ask,60500,1143.319
2024-08-21 08:32:11,BTCUSDT,ask,60500,1143.956
2024-08-21 08:32:41,BTCUSDT,ask,60500,1143.931
2024-08-21 08:33:00,BTCUSDT,ask,60500,1143.956
2024-08-21 08:33:10,BTCUSDT,ask,60500,1143.319
2024-08-21 08:35:09,BTCUSDT,ask,60500,1143.311
2024-08-21 08:36:30,BTCUSDT,ask,60500,1143.281
2024-08-21 08:36:44,BTCUSDT,ask,60500,1143.591
2024-08-21 08:38:09,BTCUSDT,ask,60500,1143.281
2024-08-21 08:41:25,BTCUSDT,ask,60500,1143.288
2024-08-21 08:42:34,BTCUSDT,ask,60500,1143.291
2024-08-21 08:43:26,BTCUSDT,ask,60500,1143.405
2024-08-21 08:43:51,BTCUSDT,ask,60500,1143.447
2024-08-21 08:44:34,BTCUSDT,ask,60500,1143.444
2024-08-21 08:46:38,BTCUSDT,ask,60500,1141.406
2024-08-21 08:46:45,BTCUSDT,ask,60500,1141.736
2024-08-21 08:47:28,BTCUSDT,ask,60500,1141.406
2024-08-21 08:48:29,BTCUSDT,bid,47000,877.316
2024-08-21 08:49:25,BTCUSDT,bid,47000,877.266
2024-08-21 08:49:58,BTCUSDT,ask,60500,1141.402
2024-08-21 08:51:12,BTCUSDT,ask,60500,1142.402
2024-08-21 08:52:51,BTCUSDT,ask,60500,1142.302
2024-08-21 08:55:34,BTCUSDT,ask,60500,1142.264
2024-08-21 08:56:08,BTCUSDT,ask,60500,1142.266
2024-08-21 08:56:10,BTCUSDT,ask,60500,1142.27
2024-08-21 08:56:55,BTCUSDT,ask,60500,1142.258
2024-08-21 08:59:54,BTCUSDT,ask,60500,1142.358
2024-08-21 09:02:04,BTCUSDT,ask,60500,1142.458
2024-08-21 09:03:19,BTCUSDT,ask,60500,1142.544
2024-08-21 09:04:39,BTCUSDT,ask,60500,1142.447
2024-08-21 09:05:10,BTCUSDT,ask,60500,1142.511
2024-08-21 09:07:09,BTCUSDT,ask,60500,1151.189
2024-08-21 09:07:33,BTCUSDT,ask,60500,1151.196
2024-08-21 09:10:35,BTCUSDT,ask,60500,1151.202
2024-08-21 09:12:10,BTCUSDT,ask,60500,1151.201
2024-08-21 09:16:59,BTCUSDT,ask,60500,1151.199
2024-08-21 09:17:12,BTCUSDT,ask,60500,1151.243
2024-08-21 09:17:56,BTCUSDT,ask,60500,1151.244
2024-08-21 09:19:10,BTCUSDT,bid,47000,877.263
2024-08-21 09:20:17,BTCUSDT,ask,60500,1150.244
2024-08-21 09:21:28,BTCUSDT,ask,60500,1150.744
2024-08-21 09:23:11,BTCUSDT,ask,60500,1151.234
2024-08-21 09:23:22,BTCUSDT,ask,60500,1151.286
2024-08-21 09:24:03,BTCUSDT,ask,60500,1152.314
2024-08-21 09:24:23,BTCUSDT,ask,60500,1152.719
2024-08-21 09:26:18,BTCUSDT,ask,60500,1152.718
2024-08-21 09:26:22,BTCUSDT,ask,60500,1152.13
2024-08-21 09:26:45,BTCUSDT,ask,60500,1152.012
2024-08-21 09:27:59,BTCUSDT,bid,47300,807.039
2024-08-21 09:30:05,BTCUSDT,ask,60500,1152.312
2024-08-21 09:31:12,BTCUSDT,bid,47000,877.26
2024-08-21 09:31:12,BTCUSDT,ask,60500,1152.309
2024-08-21 09:32:37,BTCUSDT,ask,60500,1152.361
2024-08-21 09:32:48,BTCUSDT,ask,60500,1152.228
2024-08-21 09:33:16,BTCUSDT,ask,60500,1152.302
2024-08-21 09:33:37,BTCUSDT,ask,60500,1152.338
2024-08-21 09:34:29,BTCUSDT,ask,60500,1152.585
2024-08-21 09:35:23,BTCUSDT,ask,60500,1152.552
2024-08-21 09:35:49,BTCUSDT,ask,60500,1152.594
2024-08-21 09:38:21,BTCUSDT,ask,60500,1152.216
2024-08-21 09:38:22,BTCUSDT,ask,60500,1152.262
2024-08-21 09:39:52,BTCUSDT,ask,60500,1152.265
2024-08-21 09:41:33,BTCUSDT,ask,60500,1152.272
2024-08-21 09:45:27,BTCUSDT,ask,60500,1152.075
2024-08-21 09:46:33,BTCUSDT,ask,60500,1152.068
2024-08-21 09:46:33,BTCUSDT,ask,60500,1152.094
2024-08-21 09:46:40,BTCUSDT,ask,60500,1152.087
2024-08-21 09:46:43,BTCUSDT,ask,60500,1152.111
2024-08-21 09:47:51,BTCUSDT,ask,60500,1152.109
2024-08-21 09:48:01,BTCUSDT,ask,60500,1152.737
2024-08-21 09:48:21,BTCUSDT,ask,60500,1152.739
2024-08-21 09:48:31,BTCUSDT,ask,60500,1152.735
2024-08-21 09:49:14,BTCUSDT,ask,60500,1153.148
2024-08-21 09:49:22,BTCUSDT,ask,60500,1153.048
2024-08-21 09:49:33,BTCUSDT,ask,60500,1153.006
2024-08-21 09:50:30,BTCUSDT,ask,60500,1152.942
2024-08-21 09:51:05,BTCUSDT,ask,60500,1152.972
2024-08-21 09:51:52,BTCUSDT,ask,60500,1153.005
2024-08-21 09:53:15,BTCUSDT,ask,60500,1152.962
2024-08-21 09:53:31,BTCUSDT,ask,60500,1153.936
2024-08-21 09:54:02,BTCUSDT,ask,60500,1152.962
2024-08-21 09:54:49,BTCUSDT,ask,60500,1153.705
2024-08-21 09:56:01,BTCUSDT,ask,60500,1153.704
2024-08-21 09:56:46,BTCUSDT,ask,60500,1153.698
2024-08-21 09:57:01,BTCUSDT,ask,60500,1153.696
2024-08-21 09:57:25,BTCUSDT,ask,60500,1153.496
2024-08-21 09:58:04,BTCUSDT,ask,60500,1153.703
2024-08-21 09:58:44,BTCUSDT,ask,60500,1153.688
2024-08-21 09:59:04,BTCUSDT,ask,60500,1152.945
2024-08-21 10:00:04,BTCUSDT,ask,60500,1152.738
2024-08-21 10:01:09,BTCUSDT,ask,60500,1152.945
2024-08-21 10:03:28,BTCUSDT,ask,60500,1152.696
2024-08-21 10:03:31,BTCUSDT,ask,60500,1152.693
2024-08-21 10:05:03,BTCUSDT,ask,60500,1152.695
2024-08-21 10:05:07,BTCUSDT,ask,60500,1151.695
2024-08-21 10:07:55,BTCUSDT,ask,60500,1153.695
2024-08-21 10:09:15,BTCUSDT,ask,60500,1153.666
2024-08-21 10:11:30,BTCUSDT,ask,60500,1153.671
2024-08-21 10:12:51,BTCUSDT,ask,60500,1153.712
2024-08-21 10:13:32,BTCUSDT,ask,60500,1153.714
2024-08-21 10:13:32,BTCUSDT,ask,60500,1153.723
2024-08-21 10:13:41,BTCUSDT,ask,60500,1153.725
2024-08-21 10:14:10,BTCUSDT,ask,60500,1153.726
2024-08-21 10:14:24,BTCUSDT,ask,60500,1153.717
2024-08-21 10:15:43,BTCUSDT,ask,60500,1153.715
2024-08-21 10:15:46,BTCUSDT,ask,60500,1153.755
2024-08-21 10:17:45,BTCUSDT,ask,60500,1153.655
2024-08-21 10:20:53,BTCUSDT,ask,60500,1153.67
2024-08-21 10:23:44,BTCUSDT,ask,60500,1153.57
2024-08-21 10:23:49,BTCUSDT,ask,60500,1153.546
2024-08-21 10:24:17,BTCUSDT,ask,60500,1153.55
2024-08-21 10:26:07,BTCUSDT,ask,60500,1153.53
2024-08-21 10:26:49,BTCUSDT,ask,60500,1153.612
2024-08-21 10:27:26,BTCUSDT,ask,60500,1153.618
2024-08-21 10:28:32,BTCUSDT,ask,60500,1153.651
2024-08-21 10:28:43,BTCUSDT,ask,60500,1154.651
2024-08-21 10:29:09,BTCUSDT,ask,60500,1154.653
2024-08-21 10:30:36,BTCUSDT,ask,60500,1155.503
2024-08-21 10:30:57,BTCUSDT,ask,60500,1157.155
2024-08-21 10:31:14,BTCUSDT,ask,60500,1157.204
2024-08-21 10:31:16,BTCUSDT,ask,60500,1157.304
2024-08-21 10:31:38,BTCUSDT,ask,60500,1157.386
2024-08-21 10:31:39,BTCUSDT,ask,60500,1157.382
2024-08-21 10:32:25,BTCUSDT,ask,60500,1157.399
2024-08-21 10:32:30,BTCUSDT,ask,60500,1157.405
2024-08-21 10:32:35,BTCUSDT,ask,60500,1157.388
2024-08-21 10:32:37,BTCUSDT,ask,60500,1158.388
2024-08-21 10:32:42,BTCUSDT,bid,47000,876.76
2024-08-21 10:32:57,BTCUSDT,ask,60500,1158.378
2024-08-21 10:32:59,BTCUSDT,ask,60500,1158.494
2024-08-21 10:33:01,BTCUSDT,ask,60500,1158.577
2024-08-21 10:33:07,BTCUSDT,ask,60500,1158.587
2024-08-21 10:33:36,BTCUSDT,ask,60500,1128.587
2024-08-21 10:33:40,BTCUSDT,ask,60500,1128.471
2024-08-21 10:33:49,BTCUSDT,ask,60500,1128.573
2024-08-21 10:34:26,BTCUSDT,ask,60500,1128.698
2024-08-21 10:34:29,BTCUSDT,ask,60500,1128.78
2024-08-21 10:34:39,BTCUSDT,ask,60500,1128.79
2024-08-21 10:34:43,BTCUSDT,ask,60500,1128.8
2024-08-21 10:35:30,BTCUSDT,ask,60500,1128.718
2024-08-21 10:35:31,BTCUSDT,ask,60500,1128.756
2024-08-21 10:35:33,BTCUSDT,ask,60500,1128.343
2024-08-21 10:35:41,BTCUSDT,ask,60500,1131.423
2024-08-21 10:35:49,BTCUSDT,ask,60500,1131.505
2024-08-21 10:36:54,BTCUSDT,ask,60500,1131.461
2024-08-21 10:39:29,BTCUSDT,ask,60500,1131.462
2024-08-21 10:39:31,BTCUSDT,ask,60500,1131.465
2024-08-21 10:39:57,BTCUSDT,ask,60500,1131.683
2024-08-21 10:43:14,BTCUSDT,ask,60500,1131.581
2024-08-21 10:44:04,BTCUSDT,ask,60500,1131.655
2024-08-21 10:44:57,BTCUSDT,ask,60500,1131.985
2024-08-21 10:45:29,BTCUSDT,ask,60500,1131.999
2024-08-21 10:45:38,BTCUSDT,ask,60500,1132.004
2024-08-21 10:46:01,BTCUSDT,ask,60500,1132.026
2024-08-21 10:46:19,BTCUSDT,ask,60500,1132.109
2024-08-21 10:46:53,BTCUSDT,ask,60500,1132.095
2024-08-21 10:47:07,BTCUSDT,ask,60500,1132.114
2024-08-21 10:48:09,BTCUSDT,ask,60500,1132.165
2024-08-21 10:48:21,BTCUSDT,ask,60500,1132.248
2024-08-21 10:48:26,BTCUSDT,ask,60500,1132.272
2024-08-21 10:48:30,BTCUSDT,ask,60500,1132.282
2024-08-21 10:49:02,BTCUSDT,ask,60500,1132.354
2024-08-21 10:49:06,BTCUSDT,ask,60500,1132.282
2024-08-21 10:49:09,BTCUSDT,ask,60500,1132.354
2024-08-21 10:49:55,BTCUSDT,ask,60500,1132.403
2024-08-21 10:50:12,BTCUSDT,ask,60500,1132.436
2024-08-21 10:50:39,BTCUSDT,ask,60500,1132.686
2024-08-21 10:52:06,BTCUSDT,ask,60500,1132.771
2024-08-21 10:53:48,BTCUSDT,bid,47000,876.675
2024-08-21 10:55:05,BTCUSDT,ask,60500,1132.801
2024-08-21 10:55:15,BTCUSDT,ask,60500,1132.85
2024-08-21 10:56:37,BTCUSDT,ask,60500,1132.869
2024-08-21 10:57:39,BTCUSDT,ask,60500,1132.834
2024-08-21 10:57:56,BTCUSDT,ask,60500,1132.839
2024-08-21 10:59:06,BTCUSDT,ask,60500,1132.836
2024-08-21 11:01:14,BTCUSDT,ask,60500,1132.817
2024-08-21 11:01:15,BTCUSDT,ask,60500,1132.807
2024-08-21 11:02:31,BTCUSDT,ask,60500,1134.515
2024-08-21 11:02:48,BTCUSDT,ask,60500,1134.398
2024-08-21 11:04:32,BTCUSDT,ask,60500,1134.118
2024-08-21 11:05:00,BTCUSDT,ask,60500,1134.492
2024-08-21 11:05:14,BTCUSDT,ask,60500,1134.49
2024-08-21 11:06:18,BTCUSDT,ask,60500,1134.568
2024-08-21 11:06:23,BTCUSDT,ask,60500,1134.509
2024-08-21 11:07:48,BTCUSDT,ask,60500,1134.491
2024-08-21 11:08:56,BTCUSDT,ask,60500,1134.54
2024-08-21 11:09:56,BTCUSDT,ask,60500,1134.53
2024-08-21 11:11:26,BTCUSDT,ask,60500,1134.527
2024-08-21 11:13:11,BTCUSDT,ask,60500,1134.617
2024-08-21 11:14:25,BTCUSDT,ask,60500,1134.619
2024-08-21 11:15:18,BTCUSDT,ask,60500,1134.628
2024-08-21 11:16:44,BTCUSDT,ask,60500,1134.528
2024-08-21 11:18:45,BTCUSDT,ask,60500,1134.503
2024-08-21 11:18:58,BTCUSDT,ask,60500,1134.517
2024-08-21 11:20:20,BTCUSDT,ask,60500,1134.512
2024-08-21 11:20:29,BTCUSDT,ask,60500,1134.354
2024-08-21 11:22:15,BTCUSDT,ask,60500,1134.357
2024-08-21 11:22:25,BTCUSDT,ask,60500,1134.359
2024-08-21 11:23:06,BTCUSDT,ask,60500,1134.259
2024-08-21 11:23:59,BTCUSDT,ask,60500,1135.259
2024-08-21 11:24:27,BTCUSDT,ask,60500,1135.27
2024-08-21 11:25:44,BTCUSDT,ask,60500,1135.288
2024-08-21 11:26:11,BTCUSDT,ask,60500,1135.32
2024-08-21 11:30:11,BTCUSDT,ask,60500,1135.352
2024-08-21 11:31:44,BTCUSDT,ask,60500,1135.354
2024-08-21 11:31:55,BTCUSDT,ask,60500,1135.384
2024-08-21 11:33:05,BTCUSDT,ask,60500,1135.39
2024-08-21 11:39:34,BTCUSDT,bid,47000,876.625
2024-08-21 11:40:29,BTCUSDT,ask,60500,1135.394
2024-08-21 11:41:55,BTCUSDT,ask,60500,1135.391
2024-08-21 11:42:08,BTCUSDT,ask,60500,1135.473
2024-08-21 11:42:15,BTCUSDT,ask,60500,1135.477
2024-08-21 11:47:04,BTCUSDT,ask,60500,1135.475
2024-08-21 11:48:16,BTCUSDT,ask,60500,1135.477
2024-08-21 11:48:22,BTCUSDT,ask,60500,1135.565
2024-08-21 11:48:33,BTCUSDT,ask,60500,1135.493
2024-08-21 11:53:54,BTCUSDT,ask,60500,1135.743
2024-08-21 11:53:58,BTCUSDT,ask,60500,1135.661
2024-08-21 11:54:03,BTCUSDT,ask,60500,1135.643
2024-08-21 11:54:18,BTCUSDT,ask,60500,1135.678
2024-08-21 11:54:37,BTCUSDT,ask,60500,1135.694
2024-08-21 11:56:32,BTCUSDT,ask,60500,1135.776
2024-08-21 11:56:37,BTCUSDT,ask,60500,1135.688
2024-08-21 11:56:44,BTCUSDT,ask,60500,1135.655
2024-08-21 12:01:00,BTCUSDT,ask,60500,1135.571
2024-08-21 12:02:19,BTCUSDT,ask,60500,1135.729
2024-08-21 12:02:38,BTCUSDT,ask,60500,1135.731
2024-08-21 12:03:16,BTCUSDT,ask,60500,1135.729
2024-08-21 12:04:20,BTCUSDT,ask,60500,1135.731
2024-08-21 12:04:57,BTCUSDT,ask,60500,1135.357
2024-08-21 12:05:20,BTCUSDT,ask,60500,1136.183
2024-08-21 12:05:40,BTCUSDT,ask,60500,1136.174
2024-08-21 12:05:58,BTCUSDT,ask,60500,1136.156
2024-08-21 12:07:40,BTCUSDT,ask,60500,1136.145
2024-08-21 12:08:35,BTCUSDT,ask,60500,1136.97
2024-08-21 12:08:43,BTCUSDT,ask,60500,1137.796
2024-08-21 12:08:44,BTCUSDT,ask,60500,1137.794
2024-08-21 12:09:07,BTCUSDT,ask,60500,1137.805
2024-08-21 12:12:21,BTCUSDT,ask,60500,1137.803
2024-08-21 12:12:25,BTCUSDT,ask,60500,1137.795
2024-08-21 12:12:53,BTCUSDT,ask,60500,1138.208
2024-08-21 12:15:55,BTCUSDT,ask,60500,1137.91
2024-08-21 12:18:05,BTCUSDT,ask,60500,1137.928
2024-08-21 12:18:23,BTCUSDT,ask,60500,1138.063
2024-08-21 12:18:27,BTCUSDT,ask,60500,1137.928
2024-08-21 12:18:33,BTCUSDT,ask,60500,1137.995
2024-08-21 12:23:47,BTCUSDT,ask,60500,1139.995
2024-08-21 12:23:57,BTCUSDT,ask,60500,1139.955
2024-08-21 12:24:45,BTCUSDT,ask,60500,1140.285
2024-08-21 12:24:59,BTCUSDT,bid,47300,807.05
2024-08-21 12:24:59,BTCUSDT,ask,60500,1140.296
2024-08-21 12:25:18,BTCUSDT,ask,60500,1140.279
2024-08-21 12:25:47,BTCUSDT,ask,60500,1140.299
2024-08-21 12:26:06,BTCUSDT,ask,60500,1140.301
2024-08-21 12:27:43,BTCUSDT,bid,47300,807.053
2024-08-21 12:27:43,BTCUSDT,ask,60500,1140.304
2024-08-21 12:28:00,BTCUSDT,ask,60500,1140.51
2024-08-21 12:28:40,BTCUSDT,ask,60500,1139.684
2024-08-21 12:29:48,BTCUSDT,ask,60500,1139.686
2024-08-21 12:32:10,BTCUSDT,ask,60500,1138.851
2024-08-21 12:32:13,BTCUSDT,ask,60500,1138.025
2024-08-21 12:33:49,BTCUSDT,ask,60500,1138.009
2024-08-21 12:34:10,BTCUSDT,ask,60500,1138.011
2024-08-21 12:34:22,BTCUSDT,ask,60500,1138.009
2024-08-21 12:36:04,BTCUSDT,ask,60500,1138.174
2024-08-21 12:40:40,BTCUSDT,ask,60500,1138.19
2024-08-21 12:41:02,BTCUSDT,ask,60500,1138.14
2024-08-21 12:41:27,BTCUSDT,ask,60500,1138.143
2024-08-21 12:44:27,BTCUSDT,ask,60500,1138.159
2024-08-21 12:44:36,BTCUSDT,ask,60500,1138.076
2024-08-21 12:46:32,BTCUSDT,bid,47000,892.539
2024-08-21 12:46:37,BTCUSDT,ask,60500,1138.082
2024-08-21 12:47:16,BTCUSDT,bid,47000,892.546
2024-08-21 12:47:53,BTCUSDT,ask,60500,1138.172
2024-08-21 12:48:34,BTCUSDT,ask,60500,1138.182
2024-08-21 12:49:29,BTCUSDT,ask,60500,1138.176
2024-08-21 12:51:43,BTCUSDT,ask,60500,1138.422
2024-08-21 12:53:07,BTCUSDT,ask,60500,1138.414
2024-08-21 12:53:30,BTCUSDT,ask,60500,1138.381
2024-08-21 12:55:13,BTCUSDT,ask,60500,1138.372
2024-08-21 12:57:39,BTCUSDT,ask,60500,1138.357
2024-08-21 12:57:49,BTCUSDT,ask,60500,1138.356
2024-08-21 12:58:27,BTCUSDT,ask,60500,1138.336
2024-08-21 13:02:42,BTCUSDT,ask,60500,1138.35
2024-08-21 13:03:04,BTCUSDT,ask,60500,1138.344
2024-08-21 13:03:23,BTCUSDT,ask,60500,1138.346
2024-08-21 13:05:19,BTCUSDT,bid,47000,892.532
2024-08-21 13:05:19,BTCUSDT,ask,60500,1138.332
2024-08-21 13:08:14,BTCUSDT,ask,60500,1138.382
2024-08-21 13:08:22,BTCUSDT,ask,60500,1138.402
2024-08-21 13:09:48,BTCUSDT,bid,47000,892.529
2024-08-21 13:09:57,BTCUSDT,ask,60500,1138.406
2024-08-21 13:10:36,BTCUSDT,ask,60500,1138.606
2024-08-21 13:11:00,BTCUSDT,ask,60500,1138.84
2024-08-21 13:11:24,BTCUSDT,bid,47000,892.543
2024-08-21 13:11:24,BTCUSDT,ask,60500,1138.854
2024-08-21 13:13:58,BTCUSDT,ask,60500,1138.863
2024-08-21 13:14:00,BTCUSDT,ask,60500,1138.859
2024-08-21 13:14:36,BTCUSDT,ask,60500,1138.809
2024-08-21 13:15:32,BTCUSDT,ask,60500,1138.812
2024-08-21 13:15:33,BTCUSDT,ask,60500,1138.399
2024-08-21 13:16:12,BTCUSDT,ask,60500,1138.332
2024-08-21 13:16:21,BTCUSDT,ask,60500,1138.343
2024-08-21 13:16:30,BTCUSDT,ask,60500,1138.756
2024-08-21 13:17:10,BTCUSDT,ask,60500,1138.644
2024-08-21 13:17:25,BTCUSDT,ask,60500,1138.642
2024-08-21 13:17:51,BTCUSDT,ask,60500,1138.649
2024-08-21 13:18:48,BTCUSDT,ask,60500,1138.749
2024-08-21 13:18:53,BTCUSDT,ask,60500,1138.754
2024-08-21 13:19:04,BTCUSDT,ask,60500,1139.754
2024-08-21 13:19:14,BTCUSDT,ask,60500,1139.822
2024-08-21 13:20:13,BTCUSDT,ask,60500,1138.822
2024-08-21 13:20:15,BTCUSDT,ask,60500,1138.826
2024-08-21 13:20:16,BTCUSDT,ask,60500,1138.832
2024-08-21 13:20:40,BTCUSDT,ask,60500,1141.116
2024-08-21 13:21:22,BTCUSDT,ask,60500,1141.925
2024-08-21 13:21:25,BTCUSDT,ask,60500,1142.734
2024-08-21 13:22:13,BTCUSDT,ask,60500,1142.005
2024-08-21 13:22:25,BTCUSDT,ask,60500,1141.196
2024-08-21 13:22:26,BTCUSDT,ask,60500,1141.205
2024-08-21 13:23:09,BTCUSDT,ask,60500,1138.831
2024-08-21 13:23:12,BTCUSDT,ask,60500,1139.101
2024-08-21 13:23:14,BTCUSDT,ask,60500,1139.09
2024-08-21 13:23:25,BTCUSDT,ask,60500,1139.075
2024-08-21 13:23:36,BTCUSDT,ask,60500,1139.084
2024-08-21 13:23:50,BTCUSDT,ask,60500,1139.893
2024-08-21 13:23:51,BTCUSDT,ask,60500,1140.592
2024-08-21 13:23:56,BTCUSDT,ask,60500,1141.401
2024-08-21 13:23:57,BTCUSDT,ask,60500,1141.387
2024-08-21 13:24:04,BTCUSDT,ask,60500,1141.486
2024-08-21 13:24:06,BTCUSDT,ask,60500,1141.236
2024-08-21 13:24:07,BTCUSDT,ask,60500,1141.3
2024-08-21 13:24:16,BTCUSDT,ask,60500,1141.547
2024-08-21 13:24:20,BTCUSDT,ask,60500,1140.738
2024-08-21 13:24:27,BTCUSDT,ask,60500,1139.929
2024-08-21 13:24:37,BTCUSDT,ask,60500,1139.932
2024-08-21 13:24:43,BTCUSDT,ask,60500,1139.953
2024-08-21 13:24:56,BTCUSDT,ask,60500,1140.003
2024-08-21 13:25:07,BTCUSDT,ask,60500,1140.013
2024-08-21 13:25:13,BTCUSDT,ask,60500,1140.023
2024-08-21 13:25:17,BTCUSDT,ask,60500,1139.998
2024-08-21 13:25:25,BTCUSDT,ask,60500,1140.039
2024-08-21 13:25:37,BTCUSDT,ask,60500,1140.027
2024-08-21 13:25:57,BTCUSDT,ask,60500,1139.827
2024-08-21 13:26:23,BTCUSDT,ask,60500,1140.074
2024-08-21 13:26:39,BTCUSDT,ask,60500,1140.094
2024-08-21 13:26:44,BTCUSDT,ask,60500,1140.099
2024-08-21 13:27:12,BTCUSDT,ask,60500,1140.14
2024-08-21 13:27:36,BTCUSDT,ask,60500,1145.483
2024-08-21 13:27:58,BTCUSDT,ask,60500,1145.466
2024-08-21 13:28:08,BTCUSDT,ask,60500,1145.566
2024-08-21 13:28:14,BTCUSDT,ask,60500,1145.648
2024-08-21 13:28:21,BTCUSDT,ask,60500,1145.668
2024-08-21 13:28:45,BTCUSDT,ask,60500,1145.599
2024-08-21 13:28:56,BTCUSDT,ask,60500,1144.971
2024-08-21 13:29:03,BTCUSDT,ask,60500,1144.979
2024-08-21 13:30:29,BTCUSDT,ask,60500,1109.213
2024-08-21 13:30:40,BTCUSDT,ask,60500,1109.715
2024-08-21 13:30:46,BTCUSDT,ask,60500,1110.168
2024-08-21 13:31:23,BTCUSDT,ask,60500,1110.173
2024-08-21 13:31:37,BTCUSDT,ask,60500,1110.164
2024-08-21 13:31:42,BTCUSDT,ask,60500,1110.179
2024-08-21 13:32:19,BTCUSDT,ask,60500,1110.362
2024-08-21 13:32:23,BTCUSDT,ask,60500,1110.372
2024-08-21 13:32:28,BTCUSDT,ask,60500,1110.459
2024-08-21 13:32:52,BTCUSDT,ask,60500,1110.461
2024-08-21 13:32:55,BTCUSDT,ask,60500,1110.423
2024-08-21 13:33:01,BTCUSDT,ask,60500,1110.373
2024-08-21 13:34:52,BTCUSDT,ask,60500,1110.423
2024-08-21 13:36:37,BTCUSDT,ask,60500,1110.419
2024-08-21 13:37:08,BTCUSDT,ask,60500,1110.578
2024-08-21 13:37:32,BTCUSDT,ask,60500,1105.578
2024-08-21 13:37:56,BTCUSDT,ask,60500,1105.078
2024-08-21 13:37:59,BTCUSDT,ask,60500,1105.085
2024-08-21 13:38:09,BTCUSDT,ask,60500,1105.101
2024-08-21 13:38:44,BTCUSDT,ask,60500,1105.058
2024-08-21 13:38:51,BTCUSDT,ask,60500,1104.899
2024-08-21 13:39:22,BTCUSDT,ask,60500,1104.96
2024-08-21 13:39:30,BTCUSDT,ask,60500,1104.972
2024-08-21 13:39:33,BTCUSDT,ask,60500,1104.974
2024-08-21 13:39:39,BTCUSDT,ask,60500,1104.999
2024-08-21 13:40:20,BTCUSDT,ask,60500,1105.002
2024-08-21 13:40:54,BTCUSDT,ask,60500,1105.603
2024-08-21 13:40:55,BTCUSDT,ask,60500,1105.62
2024-08-21 13:41:36,BTCUSDT,ask,60500,1105.643
2024-08-21 13:43:04,BTCUSDT,ask,60500,1106.143
2024-08-21 13:44:06,BTCUSDT,ask,60500,1106.195
2024-08-21 13:44:25,BTCUSDT,ask,60500,1106.279
2024-08-21 13:44:34,BTCUSDT,ask,60500,1106.293
2024-08-21 13:45:00,BTCUSDT,ask,60500,1106.277
2024-08-21 13:45:05,BTCUSDT,ask,60500,1106.377
2024-08-21 13:45:42,BTCUSDT,ask,60500,1105.972
2024-08-21 13:46:23,BTCUSDT,ask,60500,1105.949
2024-08-21 13:46:30,BTCUSDT,ask,60500,1105.96
2024-08-21 13:47:05,BTCUSDT,ask,60500,1106.077
2024-08-21 13:47:07,BTCUSDT,ask,60500,1106.126
2024-08-21 13:47:39,BTCUSDT,ask,60500,1106.176
2024-08-21 13:49:02,BTCUSDT,ask,60500,1105.855
2024-08-21 13:49:56,BTCUSDT,ask,60500,1105.858
2024-08-21 13:50:24,BTCUSDT,ask,60500,1105.869
2024-08-21 13:50:46,BTCUSDT,bid,47000,902.543
2024-08-21 13:50:59,BTCUSDT,ask,60500,1105.858
2024-08-21 13:51:04,BTCUSDT,ask,60500,1107.535
2024-08-21 13:51:10,BTCUSDT,ask,60500,1107.61
2024-08-21 13:51:15,BTCUSDT,ask,60500,1107.657
2024-08-21 13:51:29,BTCUSDT,ask,60500,1107.61
2024-08-21 13:51:44,BTCUSDT,ask,60500,1107.615
2024-08-21 13:52:03,BTCUSDT,ask,60500,1107.631
2024-08-21 13:53:15,BTCUSDT,ask,60500,1107.87
2024-08-21 13:54:01,BTCUSDT,ask,60500,1107.88
2024-08-21 13:54:56,BTCUSDT,ask,60500,1110.577
2024-08-21 13:55:01,BTCUSDT,ask,60500,1110.583
2024-08-21 13:56:46,BTCUSDT,ask,60500,1110.587
2024-08-21 13:57:09,BTCUSDT,ask,60500,1110.572
2024-08-21 13:58:06,BTCUSDT,ask,60500,1110.366
2024-08-21 13:58:12,BTCUSDT,ask,60500,1111.431
2024-08-21 13:58:40,BTCUSDT,ask,60500,1111.314
2024-08-21 13:58:53,BTCUSDT,ask,60500,1111.33
2024-08-21 14:00:18,BTCUSDT,ask,60500,1111.321
2024-08-21 14:00:28,BTCUSDT,ask,60500,1111.331
2024-08-21 14:01:42,BTCUSDT,ask,60500,1111.341
2024-08-21 14:02:47,BTCUSDT,ask,60500,1111.425
2024-08-21 14:03:50,BTCUSDT,ask,60500,1111.419
2024-08-21 14:04:17,BTCUSDT,ask,60500,1111.594
2024-08-21 14:04:58,BTCUSDT,ask,60500,1111.777
2024-08-21 14:05:06,BTCUSDT,ask,60500,1111.813
2024-08-21 14:05:40,BTCUSDT,ask,60500,1111.79
2024-08-21 14:06:51,BTCUSDT,ask,60500,1111.828
2024-08-21 14:06:54,BTCUSDT,ask,60500,1111.902
2024-08-21 14:07:01,BTCUSDT,ask,60500,1111.904
2024-08-21 14:07:02,BTCUSDT,ask,60500,1111.918
2024-08-21 14:07:38,BTCUSDT,ask,60500,1112.004
2024-08-21 14:07:43,BTCUSDT,ask,60500,1112.334
2024-08-21 14:07:45,BTCUSDT,ask,60500,1112.344
2024-08-21 14:08:29,BTCUSDT,ask,60500,1112.312
2024-08-21 14:08:36,BTCUSDT,ask,60500,1112.318
2024-08-21 14:08:47,BTCUSDT,ask,60500,1112.418
2024-08-21 14:08:54,BTCUSDT,ask,60500,1112.357
2024-08-21 14:08:58,BTCUSDT,ask,60500,1112.406
2024-08-21 14:08:59,BTCUSDT,ask,60500,1112.41
2024-08-21 14:09:18,BTCUSDT,ask,60500,1112.421
2024-08-21 14:09:49,BTCUSDT,ask,60500,1112.372
2024-08-21 14:10:03,BTCUSDT,ask,60500,1112.368
2024-08-21 14:10:38,BTCUSDT,ask,60500,1115.15
2024-08-21 14:11:00,BTCUSDT,ask,60500,1115.355
2024-08-21 14:11:05,BTCUSDT,ask,60500,1115.255
2024-08-21 14:11:41,BTCUSDT,ask,60500,1114.925
2024-08-21 14:12:35,BTCUSDT,ask,60500,1114.883
2024-08-21 14:13:14,BTCUSDT,ask,60500,1115.883
2024-08-21 14:13:38,BTCUSDT,ask,60500,1116.883
2024-08-21 14:13:58,BTCUSDT,ask,60500,1116.88
2024-08-21 14:14:40,BTCUSDT,ask,60500,1116.874
2024-08-21 14:14:51,BTCUSDT,ask,60500,1116.886
2024-08-21 14:17:47,BTCUSDT,ask,60500,1117.138
2024-08-21 14:18:39,BTCUSDT,ask,60500,1116.551
2024-08-21 14:18:56,BTCUSDT,ask,60500,1116.551
2024-08-21 14:19:08,BTCUSDT,ask,60500,1116.821
2024-08-21 14:19:27,BTCUSDT,ask,60500,1116.871
2024-08-21 14:19:39,BTCUSDT,ask,60500,1116.86
2024-08-21 14:19:47,BTCUSDT,ask,60500,1116.928
2024-08-21 14:20:19,BTCUSDT,ask,60500,1117.057
2024-08-21 14:20:31,BTCUSDT,ask,60500,1117.276
2024-08-21 14:21:46,BTCUSDT,ask,60500,1117.342
2024-08-21 14:21:47,BTCUSDT,ask,60500,1117.095
2024-08-21 14:22:24,BTCUSDT,ask,60500,1117.098
2024-08-21 14:22:41,BTCUSDT,ask,60500,1117.093
2024-08-21 14:23:06,BTCUSDT,ask,60500,1117.052
2024-08-21 14:24:40,BTCUSDT,ask,60500,1117.057
2024-08-21 14:26:00,BTCUSDT,ask,60500,1117.074
2024-08-21 14:26:03,BTCUSDT,ask,60500,1116.869
2024-08-21 14:26:35,BTCUSDT,ask,60500,1116.844
2024-08-21 14:27:17,BTCUSDT,ask,60500,1116.9
2024-08-21 14:27:27,BTCUSDT,ask,60500,1116.941
2024-08-21 14:28:09,BTCUSDT,ask,60500,1117.641
2024-08-21 14:28:44,BTCUSDT,ask,60500,1117.681
2024-08-21 14:28:56,BTCUSDT,ask,60500,1117.685
2024-08-21 14:30:01,BTCUSDT,ask,60500,1117.721
2024-08-21 14:30:40,BTCUSDT,ask,60500,1117.659
2024-08-21 14:31:30,BTCUSDT,ask,60500,1118.659
2024-08-21 14:31:35,BTCUSDT,ask,60500,1118.655
2024-08-21 14:31:48,BTCUSDT,ask,60500,1119.655
2024-08-21 14:32:12,BTCUSDT,ask,60500,1119.605
2024-08-21 14:32:26,BTCUSDT,ask,60500,1119.613
2024-08-21 14:33:17,BTCUSDT,ask,60500,1119.641
2024-08-21 14:35:03,BTCUSDT,ask,60500,1119.644
2024-08-21 14:35:03,BTCUSDT,ask,60500,1119.669
2024-08-21 14:36:09,BTCUSDT,ask,60500,1119.773
2024-08-21 14:36:20,BTCUSDT,ask,60500,1119.779
2024-08-21 14:36:28,BTCUSDT,ask,60500,1119.784
2024-08-21 14:36:47,BTCUSDT,ask,60500,1119.72
2024-08-21 14:38:53,BTCUSDT,ask,60500,1119.681
2024-08-21 14:38:54,BTCUSDT,ask,60500,1119.684
2024-08-21 14:38:59,BTCUSDT,ask,60500,1119.701
2024-08-21 14:39:17,BTCUSDT,ask,60500,1119.699
2024-08-21 14:39:41,BTCUSDT,ask,60500,1119.707
2024-08-21 14:39:48,BTCUSDT,ask,60500,1119.742
2024-08-21 14:40:23,BTCUSDT,ask,60500,1119.734
2024-08-21 14:41:01,BTCUSDT,ask,60500,1119.731
2024-08-21 14:41:27,BTCUSDT,ask,60500,1119.787
2024-08-21 14:41:29,BTCUSDT,ask,60500,1119.793
2024-08-21 14:41:33,BTCUSDT,ask,60500,1119.737
2024-08-21 14:41:52,BTCUSDT,ask,60500,1119.771
2024-08-21 14:43:48,BTCUSDT,ask,60500,1119.722
2024-08-21 14:43:48,BTCUSDT,ask,60500,1119.736
2024-08-21 14:44:59,BTCUSDT,ask,60500,1119.72
2024-08-21 14:45:18,BTCUSDT,ask,60500,1119.82
2024-08-21 14:45:18,BTCUSDT,ask,60500,1119.822
2024-08-21 14:47:04,BTCUSDT,ask,60500,1118.822
2024-08-21 14:49:25,BTCUSDT,ask,60500,1119.822
2024-08-21 14:50:45,BTCUSDT,ask,60500,1118.952
2024-08-21 14:50:50,BTCUSDT,ask,60500,1119.052
2024-08-21 14:50:51,BTCUSDT,ask,60500,1119.042
2024-08-21 14:51:35,BTCUSDT,ask,60500,1119.072
2024-08-21 14:51:38,BTCUSDT,ask,60500,1118.072
2024-08-21 14:52:21,BTCUSDT,ask,60500,1117.99
2024-08-21 14:52:24,BTCUSDT,ask,60500,1117.72
2024-08-21 14:53:43,BTCUSDT,ask,60500,1117.722
2024-08-21 14:53:45,BTCUSDT,ask,60500,1117.72
2024-08-21 14:54:10,BTCUSDT,ask,60500,1117.848
2024-08-21 14:54:34,BTCUSDT,ask,60500,1117.898
2024-08-21 14:55:11,BTCUSDT,ask,60500,1117.948
2024-08-21 14:55:28,BTCUSDT,ask,60500,1117.997
2024-08-21 14:55:45,BTCUSDT,ask,60500,1117.992
2024-08-21 14:55:49,BTCUSDT,ask,60500,1118.036
2024-08-21 14:55:49,BTCUSDT,ask,60500,1117.986
2024-08-21 14:55:58,BTCUSDT,ask,60500,1117.918
2024-08-21 14:56:18,BTCUSDT,ask,60500,1117.912
2024-08-21 14:57:07,BTCUSDT,ask,60500,1117.907
2024-08-21 14:57:15,BTCUSDT,ask,60500,1117.773
2024-08-21 14:57:37,BTCUSDT,ask,60500,1117.789
2024-08-21 14:57:57,BTCUSDT,ask,60500,1117.712
2024-08-21 14:58:40,BTCUSDT,ask,60500,1117.761
2024-08-21 14:58:53,BTCUSDT,ask,60500,1117.901
2024-08-21 14:59:17,BTCUSDT,ask,60500,1117.871
2024-08-21 14:59:33,BTCUSDT,ask,60500,1117.946
2024-08-21 15:00:28,BTCUSDT,ask,60500,1117.951
2024-08-21 15:01:06,BTCUSDT,ask,60500,1118.542
2024-08-21 15:01:15,BTCUSDT,bid,47000,902.561
2024-08-21 15:01:21,BTCUSDT,ask,60500,1118.473
2024-08-21 15:01:27,BTCUSDT,ask,60500,1118.254
2024-08-21 15:01:37,BTCUSDT,ask,60500,1118.303
2024-08-21 15:01:41,BTCUSDT,ask,60500,1119.111
2024-08-21 15:01:42,BTCUSDT,ask,60500,1118.841
2024-08-21 15:01:43,BTCUSDT,ask,60500,1118.774
2024-08-21 15:01:50,BTCUSDT,ask,60500,1119.457
2024-08-21 15:02:02,BTCUSDT,ask,60500,1118.647
2024-08-21 15:02:06,BTCUSDT,ask,60500,1118.661
2024-08-21 15:02:42,BTCUSDT,ask,60500,1118.971
2024-08-21 15:02:43,BTCUSDT,ask,60500,1138.971
2024-08-21 15:03:01,BTCUSDT,ask,60500,1139.053
2024-08-21 15:03:06,BTCUSDT,ask,60500,1139.11
2024-08-21 15:03:17,BTCUSDT,ask,60500,1138.927
2024-08-21 15:03:19,BTCUSDT,ask,60500,1138.934
2024-08-21 15:03:23,BTCUSDT,ask,60500,1138.924
2024-08-21 15:03:29,BTCUSDT,ask,60500,1138.929
2024-08-21 15:03:31,BTCUSDT,ask,60500,1138.939
2024-08-21 15:03:38,BTCUSDT,ask,60500,1140.192
2024-08-21 15:03:56,BTCUSDT,ask,60500,1140.297
2024-08-21 15:04:07,BTCUSDT,ask,60500,1140.317
2024-08-21 15:04:29,BTCUSDT,ask,60500,1140.342
2024-08-21 15:04:34,BTCUSDT,ask,60500,1140.8
2024-08-21 15:04:46,BTCUSDT,ask,60500,1120.802
2024-08-21 15:04:54,BTCUSDT,ask,60500,1120.312
2024-08-21 15:05:00,BTCUSDT,ask,60500,1119.854
2024-08-21 15:05:17,BTCUSDT,ask,60500,1119.868
2024-08-21 15:05:20,BTCUSDT,ask,60500,1119.98
2024-08-21 15:05:23,BTCUSDT,ask,60500,1120.242
2024-08-21 15:05:24,BTCUSDT,ask,60500,1120.332
2024-08-21 15:05:25,BTCUSDT,ask,60500,1120.45
2024-08-21 15:05:30,BTCUSDT,ask,60500,1120.838
2024-08-21 15:05:33,BTCUSDT,ask,60500,1120.98
2024-08-21 15:05:35,BTCUSDT,ask,60500,1121.079
2024-08-21 15:05:37,BTCUSDT,ask,60500,1121.097
2024-08-21 15:05:40,BTCUSDT,ask,60500,1121.157
2024-08-21 15:05:48,BTCUSDT,ask,60500,1121.162
2024-08-21 15:05:51,BTCUSDT,bid,47000,902.578
2024-08-21 15:05:59,BTCUSDT,ask,60500,1121.044
2024-08-21 15:05:59,BTCUSDT,ask,60500,1121.094
2024-08-21 15:06:02,BTCUSDT,ask,60500,1121.259
2024-08-21 15:06:14,BTCUSDT,ask,60500,1121.094
2024-08-21 15:07:15,BTCUSDT,ask,60500,1127.717
2024-08-21 15:07:43,BTCUSDT,ask,60500,1129.376
2024-08-21 15:07:49,BTCUSDT,ask,60500,1129.535
2024-08-21 15:08:04,BTCUSDT,ask,60500,1128.553
2024-08-21 15:08:05,BTCUSDT,ask,60500,1128.226
2024-08-21 15:08:13,BTCUSDT,ask,60500,1128.234
2024-08-21 15:09:08,BTCUSDT,bid,47000,902.561
2024-08-21 15:10:30,BTCUSDT,ask,60500,1126.107
2024-08-21 15:10:41,BTCUSDT,ask,60500,1126.003
2024-08-21 15:10:46,BTCUSDT,ask,60500,1125.987
2024-08-21 15:11:01,BTCUSDT,ask,60500,1125.982
2024-08-21 15:11:59,BTCUSDT,ask,60500,1126.276
2024-08-21 15:12:28,BTCUSDT,ask,60500,1126.177
2024-08-21 15:13:42,BTCUSDT,ask,60500,1127.119
2024-08-21 15:13:53,BTCUSDT,ask,60500,1127.224
2024-08-21 15:14:38,BTCUSDT,ask,60500,1126.44
2024-08-21 15:16:05,BTCUSDT,bid,47000,902.554
2024-08-21 15:16:56,BTCUSDT,ask,60500,1125.352
2024-08-21 15:16:58,BTCUSDT,ask,60500,1125.322
2024-08-21 15:19:13,BTCUSDT,ask,60500,1125.312
2024-08-21 15:20:17,BTCUSDT,ask,60500,1125.356
2024-08-21 15:20:45,BTCUSDT,ask,60500,1126.015
2024-08-21 15:21:05,BTCUSDT,ask,60500,1125.715
2024-08-21 15:21:11,BTCUSDT,ask,60500,1125.601
2024-08-21 15:21:19,BTCUSDT,ask,60500,1125.576
2024-08-21 15:21:41,BTCUSDT,ask,60500,1125.461
2024-08-21 15:22:13,BTCUSDT,ask,60500,1125.412
2024-08-21 15:22:37,BTCUSDT,ask,60500,1125.307
2024-08-21 15:22:51,BTCUSDT,ask,60500,1125.25
2024-08-21 15:23:36,BTCUSDT,ask,60500,1125.248
2024-08-21 15:23:55,BTCUSDT,ask,60500,1125.254
2024-08-21 15:24:02,BTCUSDT,ask,60500,1125.247
2024-08-21 15:24:05,BTCUSDT,ask,60500,1125.311
2024-08-21 15:24:40,BTCUSDT,ask,60500,1125.812
2024-08-21 15:25:03,BTCUSDT,ask,60500,1125.153
2024-08-21 15:25:27,BTCUSDT,ask,60500,1125.238
2024-08-21 15:26:14,BTCUSDT,ask,60500,1125.259
2024-08-21 15:27:07,BTCUSDT,ask,60500,1124.758
2024-08-21 15:27:10,BTCUSDT,ask,60500,1124.742
2024-08-21 15:27:15,BTCUSDT,ask,60500,1125.745
2024-08-21 15:29:24,BTCUSDT,ask,60500,1125.696
2024-08-21 15:31:20,BTCUSDT,ask,60500,1125.789
2024-08-21 15:32:34,BTCUSDT,ask,60500,1131.682
2024-08-21 15:33:02,BTCUSDT,ask,60500,1131.725
2024-08-21 15:34:10,BTCUSDT,ask,60500,1131.775
2024-08-21 15:35:02,BTCUSDT,ask,60500,1131.693
2024-08-21 15:35:05,BTCUSDT,ask,60500,1132.37
2024-08-21 15:35:56,BTCUSDT,ask,60500,1132.374
2024-08-21 15:36:29,BTCUSDT,ask,60500,1132.379
2024-08-21 15:36:47,BTCUSDT,ask,60500,1132.377
2024-08-21 15:36:47,BTCUSDT,ask,60500,1133.202
2024-08-21 15:36:47,BTCUSDT,ask,60500,1133.243
2024-08-21 15:37:37,BTCUSDT,ask,60500,1133.143
2024-08-21 15:37:38,BTCUSDT,ask,60500,1133.146
2024-08-21 15:37:56,BTCUSDT,ask,60500,1133.046
2024-08-21 15:38:29,BTCUSDT,ask,60500,1132.455
2024-08-21 15:38:36,BTCUSDT,ask,60500,1132.46
2024-08-21 15:38:38,BTCUSDT,ask,60500,1132.337
2024-08-21 15:38:55,BTCUSDT,ask,60500,1131.334
2024-08-21 15:38:58,BTCUSDT,ask,60500,1131.492
2024-08-21 15:39:20,BTCUSDT,ask,60500,1131.517
2024-08-21 15:41:01,BTCUSDT,ask,60500,1131.599
2024-08-21 15:41:30,BTCUSDT,ask,60500,1131.564
2024-08-21 15:42:06,BTCUSDT,ask,60500,1129.032
2024-08-21 15:43:39,BTCUSDT,ask,60500,1132.567
2024-08-21 15:43:51,BTCUSDT,ask,60500,1132.572
2024-08-21 07:00:50,BTCUSD_PERP,bid,58500,577.54
2024-08-21 07:00:53,BTCUSD_PERP,bid,58500,634.63
2024-08-21 07:00:53,BTCUSD_PERP,bid,58500,692.59
2024-08-21 07:01:52,BTCUSD_PERP,bid,58500,519.3
2024-08-21 07:03:36,BTCUSD_PERP,bid,58600,642.06
2024-08-21 07:03:36,BTCUSD_PERP,bid,58600,700.12
2024-08-21 07:03:36,BTCUSD_PERP,bid,58600,816.24
2024-08-21 07:03:36,BTCUSD_PERP,bid,58600,931.77
2024-08-21 07:04:40,BTCUSD_PERP,bid,58600,873.71
2024-08-21 07:04:40,BTCUSD_PERP,bid,58600,808.79
2024-08-21 07:04:40,BTCUSD_PERP,bid,58600,924.85
2024-08-21 07:04:40,BTCUSD_PERP,bid,58600,982.88
2024-08-21 07:04:56,BTCUSD_PERP,bid,58600,519.82
2024-08-21 07:04:56,BTCUSD_PERP,bid,58500,982.36
2024-08-21 07:04:56,BTCUSD_PERP,bid,58500,1040.36
2024-08-21 07:05:01,BTCUSD_PERP,bid,58500,1097.77
2024-08-21 07:05:22,BTCUSD_PERP,bid,58500,693.54
2024-08-21 07:05:23,BTCUSD_PERP,bid,58500,520.72
2024-08-21 07:05:24,BTCUSD_PERP,bid,58600,578.48
2024-08-21 07:07:14,BTCUSD_PERP,bid,58600,520.17
2024-08-21 07:07:15,BTCUSD_PERP,bid,58600,578.24
2024-08-21 07:07:15,BTCUSD_PERP,bid,58600,636.31
2024-08-21 07:07:15,BTCUSD_PERP,bid,58600,694.38
2024-08-21 07:07:16,BTCUSD_PERP,bid,58600,752.45
2024-08-21 07:07:16,BTCUSD_PERP,bid,58600,867.99
2024-08-21 07:07:16,BTCUSD_PERP,bid,58600,926.06
2024-08-21 07:07:16,BTCUSD_PERP,bid,58600,983.54
2024-08-21 07:07:41,BTCUSD_PERP,bid,44000,1127.3
2024-08-21 07:10:33,BTCUSD_PERP,bid,58600,810.52
2024-08-21 07:10:33,BTCUSD_PERP,bid,58600,694.38
2024-08-21 07:10:34,BTCUSD_PERP,bid,58600,520.86
2024-08-21 07:10:34,BTCUSD_PERP,bid,58600,521.02
2024-08-21 07:10:34,BTCUSD_PERP,bid,58600,636.63
2024-08-21 07:10:34,BTCUSD_PERP,bid,58600,694.73
2024-08-21 07:10:34,BTCUSD_PERP,bid,58600,752.83
2024-08-21 07:10:34,BTCUSD_PERP,bid,58600,810.34
2024-08-21 07:10:34,BTCUSD_PERP,bid,58600,867.85
2024-08-21 07:10:35,BTCUSD_PERP,bid,58600,925.95
2024-08-21 07:10:35,BTCUSD_PERP,bid,58600,984.05
2024-08-21 07:11:02,BTCUSD_PERP,bid,58600,925.95
2024-08-21 07:11:02,BTCUSD_PERP,bid,58600,810.34
2024-08-21 07:11:51,BTCUSD_PERP,bid,58600,519.78
2024-08-21 07:11:51,BTCUSD_PERP,bid,58600,577.27
2024-08-21 07:12:01,BTCUSD_PERP,bid,58600,519.19
2024-08-21 07:12:02,BTCUSD_PERP,bid,58600,519.52
2024-08-21 07:12:02,BTCUSD_PERP,bid,58600,576.98
2024-08-21 07:12:57,BTCUSD_PERP,bid,58600,576.96
2024-08-21 07:15:26,BTCUSD_PERP,bid,59100,1097.06
2024-08-21 07:15:26,BTCUSD_PERP,bid,58600,518.91
2024-08-21 07:15:27,BTCUSD_PERP,bid,59100,1096.69
2024-08-21 07:15:34,BTCUSD_PERP,bid,59100,1096.81
2024-08-21 07:15:37,BTCUSD_PERP,bid,59200,808.89
2024-08-21 07:15:37,BTCUSD_PERP,bid,59200,808.87
2024-08-21 07:15:38,BTCUSD_PERP,bid,59200,809.29
2024-08-21 07:15:38,BTCUSD_PERP,bid,59200,808.87
2024-08-21 07:15:38,BTCUSD_PERP,bid,58700,521.9
2024-08-21 07:15:38,BTCUSD_PERP,bid,59200,811.98
2024-08-21 07:15:38,BTCUSD_PERP,bid,58700,694.52
2024-08-21 07:15:38,BTCUSD_PERP,bid,58700,868.32
2024-08-21 07:15:38,BTCUSD_PERP,bid,58600,565.2
2024-08-21 07:15:38,BTCUSD_PERP,bid,58700,1042.13
2024-08-21 07:15:39,BTCUSD_PERP,bid,58700,1157.8
2024-08-21 07:15:39,BTCUSD_PERP,bid,58600,575.07
2024-08-21 07:15:40,BTCUSD_PERP,bid,59200,813.48
2024-08-21 07:15:41,BTCUSD_PERP,bid,59200,813.89
2024-08-21 07:15:44,BTCUSD_PERP,bid,58700,1042.13
2024-08-21 07:15:44,BTCUSD_PERP,bid,58700,984.0
2024-08-21 07:15:45,BTCUSD_PERP,bid,58700,868.33
2024-08-21 07:15:45,BTCUSD_PERP,bid,58700,810.79
2024-08-21 07:15:45,BTCUSD_PERP,bid,58700,580.04
2024-08-21 07:15:45,BTCUSD_PERP,bid,58700,543.83
2024-08-21 07:15:45,BTCUSD_PERP,bid,58700,521.91
2024-08-21 07:15:45,BTCUSD_PERP,bid,58700,602.01
2024-08-21 07:15:45,BTCUSD_PERP,bid,58700,775.96
2024-08-21 07:15:45,BTCUSD_PERP,bid,58700,834.14
2024-08-21 07:15:45,BTCUSD_PERP,bid,58700,892.32
2024-08-21 07:15:45,BTCUSD_PERP,bid,58700,894.41
2024-08-21 07:15:45,BTCUSD_PERP,bid,58700,952.59
2024-08-21 07:15:46,BTCUSD_PERP,bid,58700,1010.18
2024-08-21 07:15:46,BTCUSD_PERP,bid,58700,1126.45
2024-08-21 07:15:46,BTCUSD_PERP,bid,58700,1184.63
2024-08-21 07:15:47,BTCUSD_PERP,bid,58700,1184.67
2024-08-21 07:15:49,BTCUSD_PERP,bid,58700,1184.71
2024-08-21 07:15:53,BTCUSD_PERP,bid,58700,1127.12
2024-08-21 07:15:53,BTCUSD_PERP,bid,58700,1069.53
2024-08-21 07:15:53,BTCUSD_PERP,bid,58700,868.61
2024-08-21 07:15:53,BTCUSD_PERP,bid,58700,1042.47
2024-08-21 07:15:53,BTCUSD_PERP,bid,58700,1100.62
2024-08-21 07:15:55,BTCUSD_PERP,bid,58700,1158.18
2024-08-21 07:16:14,BTCUSD_PERP,bid,58700,1100.62
2024-08-21 07:16:14,BTCUSD_PERP,bid,58700,984.32
2024-08-21 07:16:14,BTCUSD_PERP,bid,58700,926.76
2024-08-21 07:16:14,BTCUSD_PERP,bid,58700,869.2
2024-08-21 07:16:15,BTCUSD_PERP,bid,58700,811.05
2024-08-21 07:16:15,BTCUSD_PERP,bid,58700,752.9
2024-08-21 07:16:15,BTCUSD_PERP,bid,58700,521.22
2024-08-21 07:16:15,BTCUSD_PERP,bid,58700,578.8
2024-08-21 07:16:15,BTCUSD_PERP,bid,58700,636.38
2024-08-21 07:16:16,BTCUSD_PERP,bid,58700,810.92
2024-08-21 07:16:16,BTCUSD_PERP,bid,58700,869.0
2024-08-21 07:16:16,BTCUSD_PERP,bid,58700,927.18
2024-08-21 07:16:45,BTCUSD_PERP,bid,58700,579.05
2024-08-21 07:16:45,BTCUSD_PERP,bid,58700,1042.48
2024-08-21 07:16:45,BTCUSD_PERP,bid,58700,1100.63
2024-08-21 07:16:46,BTCUSD_PERP,bid,58700,1158.19
2024-08-21 07:18:35,BTCUSD_PERP,bid,44000,1127.21
2024-08-21 07:21:52,BTCUSD_PERP,bid,58700,1041.89
2024-08-21 07:21:52,BTCUSD_PERP,bid,58700,926.18
2024-08-21 07:21:52,BTCUSD_PERP,bid,58700,809.88
2024-08-21 07:21:53,BTCUSD_PERP,bid,58700,751.73
2024-08-21 07:21:53,BTCUSD_PERP,bid,58700,694.17
2024-08-21 07:21:53,BTCUSD_PERP,bid,58700,579.05
2024-08-21 07:21:53,BTCUSD_PERP,bid,58700,520.99
2024-08-21 07:21:53,BTCUSD_PERP,bid,58700,579.4
2024-08-21 07:21:53,BTCUSD_PERP,bid,58700,637.59
2024-08-21 07:21:54,BTCUSD_PERP,bid,58700,753.97
2024-08-21 07:21:54,BTCUSD_PERP,bid,58700,811.56
2024-08-21 07:21:54,BTCUSD_PERP,bid,58700,869.16
2024-08-21 07:22:58,BTCUSD_PERP,bid,58700,811.56
2024-08-21 07:22:58,BTCUSD_PERP,bid,58700,695.42
2024-08-21 07:22:59,BTCUSD_PERP,bid,58700,753.58
2024-08-21 07:25:08,BTCUSD_PERP,bid,58700,694.99
2024-08-21 07:25:08,BTCUSD_PERP,bid,58700,753.11
2024-08-21 07:27:45,BTCUSD_PERP,bid,58700,638.05
2024-08-21 07:27:45,BTCUSD_PERP,bid,58700,579.93
2024-08-21 07:27:45,BTCUSD_PERP,bid,58600,867.14
2024-08-21 07:27:46,BTCUSD_PERP,bid,58600,925.23
2024-08-21 07:28:17,BTCUSD_PERP,bid,58600,867.73
2024-08-21 07:28:21,BTCUSD_PERP,bid,58600,521.04
2024-08-21 07:28:21,BTCUSD_PERP,bid,58700,1041.36
2024-08-21 07:28:21,BTCUSD_PERP,bid,58700,1099.48
2024-08-21 07:29:05,BTCUSD_PERP,bid,58700,578.25
2024-08-21 07:29:05,BTCUSD_PERP,bid,58600,983.32
2024-08-21 07:29:05,BTCUSD_PERP,bid,58600,1041.41
2024-08-21 07:32:28,BTCUSD_PERP,bid,58600,877.05
2024-08-21 07:32:28,BTCUSD_PERP,bid,58600,935.11
2024-08-21 07:32:33,BTCUSD_PERP,bid,58600,877.63
2024-08-21 07:32:33,BTCUSD_PERP,bid,58600,820.16
2024-08-21 07:32:34,BTCUSD_PERP,bid,58600,693.33
2024-08-21 07:32:34,BTCUSD_PERP,bid,58600,924.86
2024-08-21 07:32:34,BTCUSD_PERP,bid,58600,982.89
2024-08-21 07:33:05,BTCUSD_PERP,bid,58600,867.42
2024-08-21 07:33:05,BTCUSD_PERP,bid,58500,751.56
2024-08-21 07:33:05,BTCUSD_PERP,bid,58500,924.38
2024-08-21 07:33:06,BTCUSD_PERP,bid,58500,982.38
2024-08-21 07:33:25,BTCUSD_PERP,bid,58500,924.47
2024-08-21 07:33:26,BTCUSD_PERP,bid,58500,808.47
2024-08-21 07:33:26,BTCUSD_PERP,bid,58500,520.83
2024-08-21 07:33:26,BTCUSD_PERP,bid,58500,692.6
2024-08-21 07:33:42,BTCUSD_PERP,bid,58500,644.06
2024-08-21 07:34:49,BTCUSD_PERP,bid,58500,586.12
2024-08-21 07:34:50,BTCUSD_PERP,bid,58500,528.77
2024-08-21 07:34:51,BTCUSD_PERP,bid,58500,519.3
2024-08-21 07:34:51,BTCUSD_PERP,bid,58500,576.68
2024-08-21 07:34:52,BTCUSD_PERP,bid,58500,634.65
2024-08-21 07:36:23,BTCUSD_PERP,bid,58500,530.07
2024-08-21 07:36:23,BTCUSD_PERP,bid,58500,587.48
2024-08-21 07:36:23,BTCUSD_PERP,bid,58500,644.89
2024-08-21 07:36:32,BTCUSD_PERP,bid,58500,646.11
2024-08-21 07:38:32,BTCUSD_PERP,bid,58500,644.89
2024-08-21 07:40:01,BTCUSD_PERP,bid,58500,529.47
2024-08-21 07:40:02,BTCUSD_PERP,bid,58500,518.84
2024-08-21 07:40:02,BTCUSD_PERP,bid,58500,634.7
2024-08-21 07:40:02,BTCUSD_PERP,bid,58500,692.68
2024-08-21 07:40:03,BTCUSD_PERP,bid,58500,750.66
2024-08-21 07:40:03,BTCUSD_PERP,bid,58500,924.0
2024-08-21 07:40:03,BTCUSD_PERP,bid,58500,981.98
2024-08-21 07:40:03,BTCUSD_PERP,bid,58500,984.08
2024-08-21 07:40:03,BTCUSD_PERP,bid,58500,998.11
2024-08-21 07:41:00,BTCUSD_PERP,bid,58500,981.98
2024-08-21 07:41:11,BTCUSD_PERP,bid,58500,635.06
2024-08-21 07:41:11,BTCUSD_PERP,bid,58500,693.01
2024-08-21 07:41:48,BTCUSD_PERP,bid,58500,635.06
2024-08-21 07:41:49,BTCUSD_PERP,bid,58500,519.76
2024-08-21 07:41:49,BTCUSD_PERP,bid,58500,634.8
2024-08-21 07:41:49,BTCUSD_PERP,bid,58500,692.68
2024-08-21 07:41:50,BTCUSD_PERP,bid,58500,750.66
2024-08-21 07:41:50,BTCUSD_PERP,bid,58500,808.64
2024-08-21 07:41:57,BTCUSD_PERP,bid,58500,750.66
2024-08-21 07:41:57,BTCUSD_PERP,bid,58500,635.28
2024-08-21 07:41:58,BTCUSD_PERP,bid,58500,519.92
2024-08-21 07:41:58,BTCUSD_PERP,bid,58600,519.08
2024-08-21 07:41:59,BTCUSD_PERP,bid,58600,577.09
2024-08-21 07:41:59,BTCUSD_PERP,bid,58600,635.1
2024-08-21 07:41:59,BTCUSD_PERP,bid,58600,692.52
2024-08-21 07:41:59,BTCUSD_PERP,bid,58600,750.53
2024-08-21 07:42:00,BTCUSD_PERP,bid,58600,866.55
2024-08-21 07:43:02,BTCUSD_PERP,bid,58600,751.11
2024-08-21 07:43:03,BTCUSD_PERP,bid,58600,693.19
2024-08-21 07:43:03,BTCUSD_PERP,bid,58600,635.18
2024-08-21 07:43:03,BTCUSD_PERP,bid,58600,577.75
2024-08-21 07:43:03,BTCUSD_PERP,bid,58600,519.74
2024-08-21 07:43:03,BTCUSD_PERP,bid,58600,578.62
2024-08-21 07:43:04,BTCUSD_PERP,bid,58600,636.67
2024-08-21 07:43:04,BTCUSD_PERP,bid,58600,694.13
2024-08-21 07:43:04,BTCUSD_PERP,bid,58600,751.59
2024-08-21 07:43:05,BTCUSD_PERP,bid,58600,752.81
2024-08-21 07:44:32,BTCUSD_PERP,bid,58600,695.35
2024-08-21 07:44:32,BTCUSD_PERP,bid,58600,637.89
2024-08-21 07:44:33,BTCUSD_PERP,bid,58600,577.84
2024-08-21 07:44:33,BTCUSD_PERP,bid,58600,635.27
2024-08-21 07:44:33,BTCUSD_PERP,bid,58600,693.29
2024-08-21 07:45:37,BTCUSD_PERP,bid,58600,635.86
2024-08-21 07:45:40,BTCUSD_PERP,bid,58600,578.04
2024-08-21 07:45:40,BTCUSD_PERP,bid,58600,693.54
2024-08-21 07:45:41,BTCUSD_PERP,bid,58600,751.59
2024-08-21 07:46:59,BTCUSD_PERP,bid,58600,694.13
2024-08-21 07:47:00,BTCUSD_PERP,bid,58600,593.55
2024-08-21 07:47:00,BTCUSD_PERP,bid,58600,651.03
2024-08-21 07:47:01,BTCUSD_PERP,bid,58600,708.51
2024-08-21 07:47:01,BTCUSD_PERP,bid,58600,710.61
2024-08-21 07:47:01,BTCUSD_PERP,bid,58600,768.09
2024-08-21 07:47:02,BTCUSD_PERP,bid,58600,765.99
2024-08-21 07:47:03,BTCUSD_PERP,bid,58600,751.94
2024-08-21 07:48:48,BTCUSD_PERP,bid,58600,694.46
2024-08-21 07:48:48,BTCUSD_PERP,bid,58600,520.82
2024-08-21 07:48:49,BTCUSD_PERP,bid,58700,521.18
2024-08-21 07:48:50,BTCUSD_PERP,bid,58700,578.7
2024-08-21 07:49:04,BTCUSD_PERP,bid,47300,2366.65
2024-08-21 07:49:51,BTCUSD_PERP,bid,58600,520.84
2024-08-21 07:49:51,BTCUSD_PERP,bid,58600,578.32
2024-08-21 07:51:27,BTCUSD_PERP,bid,58600,534.35
2024-08-21 07:51:29,BTCUSD_PERP,bid,58600,591.78
2024-08-21 07:52:29,BTCUSD_PERP,bid,58500,519.98
2024-08-21 07:52:30,BTCUSD_PERP,bid,58500,577.38
2024-08-21 07:55:29,BTCUSD_PERP,bid,58500,579.48
2024-08-21 07:55:29,BTCUSD_PERP,bid,58500,593.51
2024-08-21 07:56:18,BTCUSD_PERP,bid,58500,634.42
2024-08-21 07:56:18,BTCUSD_PERP,bid,58500,750.32
2024-08-21 07:56:18,BTCUSD_PERP,bid,58500,808.27
2024-08-21 07:57:16,BTCUSD_PERP,bid,58400,758.51
2024-08-21 07:57:16,BTCUSD_PERP,bid,58400,816.38
2024-08-21 07:57:26,BTCUSD_PERP,bid,58400,827.79
2024-08-21 07:57:46,BTCUSD_PERP,bid,58400,816.38
2024-08-21 07:59:13,BTCUSD_PERP,bid,58400,818.47
2024-08-21 07:59:15,BTCUSD_PERP,bid,58400,832.48
2024-08-21 07:59:57,BTCUSD_PERP,bid,58400,601.59
2024-08-21 07:59:58,BTCUSD_PERP,bid,58400,633.28
2024-08-21 07:59:58,BTCUSD_PERP,bid,58400,691.18
2024-08-21 07:59:58,BTCUSD_PERP,bid,58400,806.98
2024-08-21 07:59:58,BTCUSD_PERP,bid,58400,864.88
2024-08-21 08:00:52,BTCUSD_PERP,bid,58400,807.57
2024-08-21 08:00:53,BTCUSD_PERP,bid,58400,749.67
2024-08-21 08:00:53,BTCUSD_PERP,bid,58400,633.87
2024-08-21 08:00:53,BTCUSD_PERP,bid,58400,576.56
2024-08-21 08:00:53,BTCUSD_PERP,bid,58400,519.25
2024-08-21 08:00:53,BTCUSD_PERP,bid,58500,645.24
2024-08-21 08:00:53,BTCUSD_PERP,bid,58500,702.59
2024-08-21 08:00:53,BTCUSD_PERP,bid,58500,818.47
2024-08-21 08:00:53,BTCUSD_PERP,bid,58500,876.41
2024-08-21 08:00:54,BTCUSD_PERP,bid,58500,933.76
2024-08-21 08:00:54,BTCUSD_PERP,bid,58500,991.7
2024-08-21 08:00:56,BTCUSD_PERP,bid,58500,992.92
2024-08-21 08:01:17,BTCUSD_PERP,bid,58500,877.04
2024-08-21 08:01:17,BTCUSD_PERP,bid,58500,819.69
2024-08-21 08:01:18,BTCUSD_PERP,bid,58500,761.75
2024-08-21 08:01:18,BTCUSD_PERP,bid,58500,703.81
2024-08-21 08:01:18,BTCUSD_PERP,bid,58500,645.87
2024-08-21 08:01:19,BTCUSD_PERP,bid,58500,587.93
2024-08-21 08:01:19,BTCUSD_PERP,bid,58500,520.01
2024-08-21 08:01:19,BTCUSD_PERP,bid,58500,577.92
2024-08-21 08:01:19,BTCUSD_PERP,bid,58500,635.83
2024-08-21 08:01:19,BTCUSD_PERP,bid,58500,751.56
2024-08-21 08:01:19,BTCUSD_PERP,bid,58500,866.79
2024-08-21 08:01:19,BTCUSD_PERP,bid,58500,981.43
2024-08-21 08:01:35,BTCUSD_PERP,bid,58500,635.24
2024-08-21 08:01:35,BTCUSD_PERP,bid,58400,923.03
2024-08-21 08:01:35,BTCUSD_PERP,bid,58400,980.91
2024-08-21 08:02:10,BTCUSD_PERP,bid,58400,519.64
2024-08-21 08:02:10,BTCUSD_PERP,bid,58400,922.13
2024-08-21 08:02:11,BTCUSD_PERP,bid,58400,979.98
2024-08-21 08:02:31,BTCUSD_PERP,bid,58400,922.13
2024-08-21 08:02:31,BTCUSD_PERP,bid,58400,864.28
2024-08-21 08:02:31,BTCUSD_PERP,bid,58400,691.91
2024-08-21 08:02:31,BTCUSD_PERP,bid,58400,634.16
2024-08-21 08:02:32,BTCUSD_PERP,bid,58400,576.31
2024-08-21 08:02:32,BTCUSD_PERP,bid,58400,518.46
2024-08-21 08:02:32,BTCUSD_PERP,bid,58400,576.99
2024-08-21 08:02:32,BTCUSD_PERP,bid,58400,692.16
2024-08-21 08:02:33,BTCUSD_PERP,bid,58400,749.45
2024-08-21 08:02:33,BTCUSD_PERP,bid,58400,807.33
2024-08-21 08:02:33,BTCUSD_PERP,bid,58400,865.21
2024-08-21 08:02:33,BTCUSD_PERP,bid,58400,922.5
2024-08-21 08:02:33,BTCUSD_PERP,bid,58400,980.38
2024-08-21 08:02:57,BTCUSD_PERP,bid,58400,922.5
2024-08-21 08:02:57,BTCUSD_PERP,bid,58400,807.33
2024-08-21 08:02:57,BTCUSD_PERP,bid,58400,691.67
2024-08-21 08:02:58,BTCUSD_PERP,bid,58400,633.79
2024-08-21 08:02:58,BTCUSD_PERP,bid,58400,518.62
2024-08-21 08:02:58,BTCUSD_PERP,bid,58500,519.32
2024-08-21 08:03:46,BTCUSD_PERP,bid,58400,519.05
2024-08-21 08:05:37,BTCUSD_PERP,bid,58500,520.05
2024-08-21 08:05:37,BTCUSD_PERP,bid,58500,577.44
2024-08-21 08:05:47,BTCUSD_PERP,bid,58500,519.46
2024-08-21 08:05:49,BTCUSD_PERP,bid,58600,530.08
2024-08-21 08:05:49,BTCUSD_PERP,bid,58600,587.51
2024-08-21 08:07:14,BTCUSD_PERP,bid,58500,518.87
2024-08-21 08:07:14,BTCUSD_PERP,bid,58500,634.83
2024-08-21 08:07:14,BTCUSD_PERP,bid,58500,692.81
2024-08-21 08:08:00,BTCUSD_PERP,bid,58500,576.85
2024-08-21 08:08:00,BTCUSD_PERP,bid,58500,576.55
2024-08-21 08:08:00,BTCUSD_PERP,bid,58500,634.5
2024-08-21 08:08:14,BTCUSD_PERP,bid,58500,635.66
2024-08-21 08:09:44,BTCUSD_PERP,bid,58500,634.5
2024-08-21 08:11:21,BTCUSD_PERP,bid,58500,576.25
2024-08-21 08:11:21,BTCUSD_PERP,bid,58500,634.17
2024-08-21 08:11:57,BTCUSD_PERP,bid,58500,518.92
2024-08-21 08:11:58,BTCUSD_PERP,bid,58500,519.68
2024-08-21 08:11:58,BTCUSD_PERP,bid,58500,634.99
2024-08-21 08:11:58,BTCUSD_PERP,bid,58500,692.35
2024-08-21 08:11:58,BTCUSD_PERP,bid,58500,750.3
2024-08-21 08:11:58,BTCUSD_PERP,bid,58500,807.66
2024-08-21 08:13:25,BTCUSD_PERP,bid,58500,750.3
2024-08-21 08:13:26,BTCUSD_PERP,bid,58500,692.71
2024-08-21 08:13:26,BTCUSD_PERP,bid,58500,750.69
2024-08-21 08:15:22,BTCUSD_PERP,bid,58500,693.3
2024-08-21 08:15:22,BTCUSD_PERP,bid,58500,635.91
2024-08-21 08:15:23,BTCUSD_PERP,bid,58500,635.57
2024-08-21 08:15:23,BTCUSD_PERP,bid,58500,693.52
2024-08-21 08:16:09,BTCUSD_PERP,bid,58500,635.67
2024-08-21 08:16:09,BTCUSD_PERP,bid,58500,577.72
2024-08-21 08:16:09,BTCUSD_PERP,bid,58500,519.77
2024-08-21 08:18:05,BTCUSD_PERP,bid,58500,519.96
2024-08-21 08:20:05,BTCUSD_PERP,bid,58500,519.69
2024-08-21 08:21:16,BTCUSD_PERP,bid,58400,533.97
2024-08-21 08:21:16,BTCUSD_PERP,bid,58400,650.25
2024-08-21 08:21:16,BTCUSD_PERP,bid,58400,708.08
2024-08-21 08:21:39,BTCUSD_PERP,bid,58300,576.49
2024-08-21 08:21:40,BTCUSD_PERP,bid,58300,634.22
2024-08-21 08:21:40,BTCUSD_PERP,bid,58300,749.09
2024-08-21 08:21:40,BTCUSD_PERP,bid,58300,806.23
2024-08-21 08:21:40,BTCUSD_PERP,bid,58300,863.96
2024-08-21 08:21:51,BTCUSD_PERP,bid,58300,518.76
2024-08-21 08:21:51,BTCUSD_PERP,bid,58300,689.62
2024-08-21 08:21:51,BTCUSD_PERP,bid,58300,805.14
2024-08-21 08:21:51,BTCUSD_PERP,bid,58300,862.32
2024-08-21 08:21:51,BTCUSD_PERP,bid,58300,920.08
2024-08-21 08:21:51,BTCUSD_PERP,bid,58300,977.84
2024-08-21 08:21:52,BTCUSD_PERP,bid,58300,1035.51
2024-08-21 08:21:52,BTCUSD_PERP,bid,58300,1093.27
2024-08-21 08:22:05,BTCUSD_PERP,bid,58300,1035.51
2024-08-21 08:22:05,BTCUSD_PERP,bid,58300,862.36
2024-08-21 08:22:05,BTCUSD_PERP,bid,58300,920.09
2024-08-21 08:22:13,BTCUSD_PERP,bid,58300,517.99
2024-08-21 08:22:13,BTCUSD_PERP,bid,58300,748.45
2024-08-21 08:22:13,BTCUSD_PERP,bid,58300,806.21
2024-08-21 08:22:13,BTCUSD_PERP,bid,58300,978.91
2024-08-21 08:22:13,BTCUSD_PERP,bid,58300,1036.09
2024-08-21 08:22:13,BTCUSD_PERP,bid,58300,1093.27
2024-08-21 08:22:17,BTCUSD_PERP,bid,58300,862.81
2024-08-21 08:22:21,BTCUSD_PERP,bid,58300,805.64
2024-08-21 08:22:21,BTCUSD_PERP,bid,58300,747.88
2024-08-21 08:22:21,BTCUSD_PERP,bid,58300,690.12
2024-08-21 08:22:22,BTCUSD_PERP,bid,58300,632.36
2024-08-21 08:22:22,BTCUSD_PERP,bid,58300,574.69
2024-08-21 08:22:23,BTCUSD_PERP,bid,58300,575.05
2024-08-21 08:22:55,BTCUSD_PERP,bid,58300,517.25
2024-08-21 08:24:10,BTCUSD_PERP,bid,58400,575.94
2024-08-21 08:25:28,BTCUSD_PERP,bid,58400,518.11
2024-08-21 08:25:29,BTCUSD_PERP,bid,58300,518.43
2024-08-21 08:25:29,BTCUSD_PERP,bid,58300,690.65
2024-08-21 08:25:49,BTCUSD_PERP,bid,58300,633.44
2024-08-21 08:25:49,BTCUSD_PERP,bid,58300,575.64
2024-08-21 08:25:49,BTCUSD_PERP,bid,58300,517.84
2024-08-21 08:25:51,BTCUSD_PERP,bid,58400,517.51
2024-08-21 08:25:51,BTCUSD_PERP,bid,58400,575.35
2024-08-21 08:25:51,BTCUSD_PERP,bid,58400,633.19
2024-08-21 08:25:57,BTCUSD_PERP,bid,58400,575.94
2024-08-21 08:25:58,BTCUSD_PERP,bid,58400,517.89
2024-08-21 08:25:58,BTCUSD_PERP,bid,58400,575.76
2024-08-21 08:25:59,BTCUSD_PERP,bid,58400,691.4
2024-08-21 08:26:06,BTCUSD_PERP,bid,58400,633.2
2024-08-21 08:26:06,BTCUSD_PERP,bid,58400,691.04
2024-08-21 08:26:40,BTCUSD_PERP,bid,58400,518.11
2024-08-21 08:26:42,BTCUSD_PERP,bid,58400,518.98
2024-08-21 08:26:42,BTCUSD_PERP,bid,58400,691.41
2024-08-21 08:27:55,BTCUSD_PERP,bid,58400,633.54
2024-08-21 08:27:55,BTCUSD_PERP,bid,58400,575.67
2024-08-21 08:27:55,BTCUSD_PERP,bid,58400,517.89
2024-08-21 08:27:55,BTCUSD_PERP,bid,58400,576.05
2024-08-21 08:27:56,BTCUSD_PERP,bid,58400,633.96
2024-08-21 08:28:35,BTCUSD_PERP,bid,58400,576.15
2024-08-21 08:28:35,BTCUSD_PERP,bid,58400,518.24
2024-08-21 08:28:36,BTCUSD_PERP,bid,58400,517.85
2024-08-21 08:28:36,BTCUSD_PERP,bid,58400,575.73
2024-08-21 08:28:36,BTCUSD_PERP,bid,58400,633.61
2024-08-21 08:29:11,BTCUSD_PERP,bid,58400,518.12
2024-08-21 08:29:11,BTCUSD_PERP,bid,58400,576.03
2024-08-21 08:29:11,BTCUSD_PERP,bid,58400,633.94
2024-08-21 08:31:09,BTCUSD_PERP,bid,58400,575.73
2024-08-21 08:31:09,BTCUSD_PERP,bid,58400,633.61
2024-08-21 08:32:02,BTCUSD_PERP,bid,58400,575.73
2024-08-21 08:32:02,BTCUSD_PERP,bid,58400,575.3
2024-08-21 08:32:03,BTCUSD_PERP,bid,58400,633.13
2024-08-21 08:33:11,BTCUSD_PERP,bid,58400,518.96
2024-08-21 08:33:11,BTCUSD_PERP,bid,58400,576.83
2024-08-21 08:33:11,BTCUSD_PERP,bid,58400,691.98
2024-08-21 08:33:11,BTCUSD_PERP,bid,58400,807.13
2024-08-21 08:33:11,BTCUSD_PERP,bid,58400,865.0
2024-08-21 08:33:11,BTCUSD_PERP,bid,58400,922.28
2024-08-21 08:33:12,BTCUSD_PERP,bid,58400,980.15
2024-08-21 08:33:48,BTCUSD_PERP,bid,58400,692.43
2024-08-21 08:33:48,BTCUSD_PERP,bid,58400,807.65
2024-08-21 08:33:48,BTCUSD_PERP,bid,58400,864.96
2024-08-21 08:33:48,BTCUSD_PERP,bid,58400,922.87
2024-08-21 08:33:55,BTCUSD_PERP,bid,58400,936.87
2024-08-21 08:33:56,BTCUSD_PERP,bid,58400,938.97
2024-08-21 08:34:59,BTCUSD_PERP,bid,58400,881.16
2024-08-21 08:34:59,BTCUSD_PERP,bid,58400,823.25
2024-08-21 08:34:59,BTCUSD_PERP,bid,58400,765.34
2024-08-21 08:35:00,BTCUSD_PERP,bid,58400,650.12
2024-08-21 08:35:00,BTCUSD_PERP,bid,58400,592.8
2024-08-21 08:35:00,BTCUSD_PERP,bid,58400,576.94
2024-08-21 08:35:00,BTCUSD_PERP,bid,58400,692.09
2024-08-21 08:35:00,BTCUSD_PERP,bid,58400,749.37
2024-08-21 08:35:01,BTCUSD_PERP,bid,58400,865.11
2024-08-21 08:35:01,BTCUSD_PERP,bid,58400,922.39
2024-08-21 08:35:55,BTCUSD_PERP,bid,58400,864.07
2024-08-21 08:35:55,BTCUSD_PERP,bid,58400,921.91
2024-08-21 08:37:01,BTCUSD_PERP,bid,58400,865.24
2024-08-21 08:37:01,BTCUSD_PERP,bid,58400,923.12
2024-08-21 08:37:32,BTCUSD_PERP,bid,58400,807.36
2024-08-21 08:37:32,BTCUSD_PERP,bid,58400,750.07
2024-08-21 08:37:32,BTCUSD_PERP,bid,58400,635.5
2024-08-21 08:37:33,BTCUSD_PERP,bid,58400,577.62
2024-08-21 08:37:33,BTCUSD_PERP,bid,58400,519.74
2024-08-21 08:37:33,BTCUSD_PERP,bid,58400,576.63
2024-08-21 08:37:33,BTCUSD_PERP,bid,58400,691.86
2024-08-21 08:37:33,BTCUSD_PERP,bid,58400,749.18
2024-08-21 08:37:33,BTCUSD_PERP,bid,58400,563.45
2024-08-21 08:37:34,BTCUSD_PERP,bid,58400,806.5
2024-08-21 08:37:34,BTCUSD_PERP,bid,58400,864.41
2024-08-21 08:37:34,BTCUSD_PERP,bid,58400,1037.55
2024-08-21 08:37:34,BTCUSD_PERP,bid,58400,1095.46
2024-08-21 08:37:34,BTCUSD_PERP,bid,58400,1153.37
2024-08-21 08:39:54,BTCUSD_PERP,bid,58400,1096.05
2024-08-21 08:39:55,BTCUSD_PERP,bid,58400,750.47
2024-08-21 08:39:55,BTCUSD_PERP,bid,58400,692.56
2024-08-21 08:39:55,BTCUSD_PERP,bid,58400,635.24
2024-08-21 08:40:43,BTCUSD_PERP,bid,58400,576.12
2024-08-21 08:40:43,BTCUSD_PERP,bid,58400,634.03
2024-08-21 08:40:43,BTCUSD_PERP,bid,58400,691.94
2024-08-21 08:40:43,BTCUSD_PERP,bid,58400,749.85
2024-08-21 08:40:43,BTCUSD_PERP,bid,58400,865.08
2024-08-21 08:40:44,BTCUSD_PERP,bid,58400,922.39
2024-08-21 08:40:44,BTCUSD_PERP,bid,58400,1096.02
2024-08-21 08:40:44,BTCUSD_PERP,bid,58400,562.96
2024-08-21 08:40:44,BTCUSD_PERP,bid,58400,1153.33
2024-08-21 08:42:28,BTCUSD_PERP,bid,58400,1096.01
2024-08-21 08:42:30,BTCUSD_PERP,bid,58500,519.08
2024-08-21 08:42:30,BTCUSD_PERP,bid,58500,980.11
2024-08-21 08:42:30,BTCUSD_PERP,bid,58500,1038.05
2024-08-21 08:42:30,BTCUSD_PERP,bid,58400,563.26
2024-08-21 08:43:18,BTCUSD_PERP,bid,58500,1039.61
2024-08-21 08:43:20,BTCUSD_PERP,bid,58500,924.32
2024-08-21 08:43:20,BTCUSD_PERP,bid,58500,866.48
2024-08-21 08:43:20,BTCUSD_PERP,bid,58500,751.78
2024-08-21 08:43:20,BTCUSD_PERP,bid,58500,635.9
2024-08-21 08:43:21,BTCUSD_PERP,bid,58500,521.22
2024-08-21 08:43:21,BTCUSD_PERP,bid,58500,519.25
2024-08-21 08:43:22,BTCUSD_PERP,bid,58500,519.34
2024-08-21 08:44:14,BTCUSD_PERP,bid,58500,576.97
2024-08-21 08:44:14,BTCUSD_PERP,bid,58500,692.38
2024-08-21 08:44:14,BTCUSD_PERP,bid,58500,807.79
2024-08-21 08:44:15,BTCUSD_PERP,bid,58500,865.79
2024-08-21 08:44:15,BTCUSD_PERP,bid,58500,923.2
2024-08-21 08:44:15,BTCUSD_PERP,bid,58500,981.2
2024-08-21 08:44:15,BTCUSD_PERP,bid,58500,1039.2
2024-08-21 08:44:15,BTCUSD_PERP,bid,58500,1155.2
2024-08-21 08:44:15,BTCUSD_PERP,bid,58500,520.38
2024-08-21 08:44:40,BTCUSD_PERP,bid,58500,1097.2
2024-08-21 08:44:40,BTCUSD_PERP,bid,58500,982.38
2024-08-21 08:44:40,BTCUSD_PERP,bid,58500,866.47
2024-08-21 08:44:40,BTCUSD_PERP,bid,58500,809.05
2024-08-21 08:44:40,BTCUSD_PERP,bid,58500,751.05
2024-08-21 08:44:40,BTCUSD_PERP,bid,58500,537.32
2024-08-21 08:44:40,BTCUSD_PERP,bid,58500,693.05
2024-08-21 08:44:40,BTCUSD_PERP,bid,58500,595.3
2024-08-21 08:44:40,BTCUSD_PERP,bid,58500,520.23
2024-08-21 08:44:40,BTCUSD_PERP,bid,58600,577.86
2024-08-21 08:44:40,BTCUSD_PERP,bid,58600,693.33
2024-08-21 08:44:40,BTCUSD_PERP,bid,58600,750.77
2024-08-21 08:44:40,BTCUSD_PERP,bid,58500,653.28
2024-08-21 08:44:41,BTCUSD_PERP,bid,58600,866.83
2024-08-21 08:44:41,BTCUSD_PERP,bid,58500,711.26
2024-08-21 08:44:41,BTCUSD_PERP,bid,58600,924.86
2024-08-21 08:44:41,BTCUSD_PERP,bid,58500,769.2
2024-08-21 08:44:41,BTCUSD_PERP,bid,58600,1040.92
2024-08-21 08:44:41,BTCUSD_PERP,bid,58600,1098.36
2024-08-21 08:44:41,BTCUSD_PERP,bid,58600,1155.8
2024-08-21 08:46:35,BTCUSD_PERP,bid,58600,1097.77
2024-08-21 08:46:35,BTCUSD_PERP,bid,58500,711.8
2024-08-21 08:46:35,BTCUSD_PERP,bid,58600,1039.83
2024-08-21 08:46:35,BTCUSD_PERP,bid,58600,924.36
2024-08-21 08:46:35,BTCUSD_PERP,bid,58600,866.33
2024-08-21 08:46:35,BTCUSD_PERP,bid,58600,635.38
2024-08-21 08:46:36,BTCUSD_PERP,bid,58500,596.27
2024-08-21 08:46:36,BTCUSD_PERP,bid,58600,520.69
2024-08-21 08:46:36,BTCUSD_PERP,bid,58600,577.35
2024-08-21 08:46:36,BTCUSD_PERP,bid,58600,519.91
2024-08-21 08:46:36,BTCUSD_PERP,bid,58600,578.75
2024-08-21 08:46:36,BTCUSD_PERP,bid,58600,694.28
2024-08-21 08:46:36,BTCUSD_PERP,bid,58600,751.75
2024-08-21 08:46:36,BTCUSD_PERP,bid,58600,809.81
2024-08-21 08:46:36,BTCUSD_PERP,bid,58600,925.34
2024-08-21 08:46:37,BTCUSD_PERP,bid,58600,982.81
2024-08-21 08:46:37,BTCUSD_PERP,bid,58600,1156.4
2024-08-21 08:46:37,BTCUSD_PERP,bid,58500,564.52
2024-08-21 08:55:04,BTCUSD_PERP,bid,58600,1098.34
2024-08-21 08:55:11,BTCUSD_PERP,bid,58600,1040.28
2024-08-21 08:55:15,BTCUSD_PERP,bid,58600,982.22
2024-08-21 08:58:10,BTCUSD_PERP,bid,58600,924.75
2024-08-21 08:58:10,BTCUSD_PERP,bid,58600,867.28
2024-08-21 08:58:10,BTCUSD_PERP,bid,58600,809.22
2024-08-21 08:58:10,BTCUSD_PERP,bid,58600,693.69
2024-08-21 08:58:10,BTCUSD_PERP,bid,58600,577.66
2024-08-21 08:58:11,BTCUSD_PERP,bid,58600,521.62
2024-08-21 08:58:11,BTCUSD_PERP,bid,58600,694.74
2024-08-21 08:58:11,BTCUSD_PERP,bid,58600,752.25
2024-08-21 08:58:11,BTCUSD_PERP,bid,58600,809.76
2024-08-21 08:58:12,BTCUSD_PERP,bid,58600,925.37
2024-08-21 08:58:50,BTCUSD_PERP,bid,58600,867.86
2024-08-21 08:58:51,BTCUSD_PERP,bid,58600,809.76
2024-08-21 08:58:51,BTCUSD_PERP,bid,58600,694.74
2024-08-21 08:58:51,BTCUSD_PERP,bid,58600,636.64
2024-08-21 08:58:51,BTCUSD_PERP,bid,58600,578.64
2024-08-21 08:58:51,BTCUSD_PERP,bid,58600,521.13
2024-08-21 08:58:51,BTCUSD_PERP,bid,58700,520.72
2024-08-21 08:58:52,BTCUSD_PERP,bid,58700,520.8
2024-08-21 08:59:14,BTCUSD_PERP,bid,58700,579.91
2024-08-21 08:59:14,BTCUSD_PERP,bid,58700,637.48
2024-08-21 08:59:14,BTCUSD_PERP,bid,58700,695.05
2024-08-21 09:00:02,BTCUSD_PERP,bid,58700,637.48
2024-08-21 09:00:02,BTCUSD_PERP,bid,58700,521.14
2024-08-21 09:00:02,BTCUSD_PERP,bid,58700,579.55
2024-08-21 09:00:03,BTCUSD_PERP,bid,58700,695.95
2024-08-21 09:00:03,BTCUSD_PERP,bid,58700,754.15
2024-08-21 09:00:03,BTCUSD_PERP,bid,58700,928.16
2024-08-21 09:00:03,BTCUSD_PERP,bid,58700,985.77
2024-08-21 09:00:03,BTCUSD_PERP,bid,58700,1043.38
2024-08-21 09:00:09,BTCUSD_PERP,bid,58700,869.37
2024-08-21 09:00:10,BTCUSD_PERP,bid,58700,811.76
2024-08-21 09:00:10,BTCUSD_PERP,bid,58700,868.91
2024-08-21 09:00:10,BTCUSD_PERP,bid,58700,927.08
2024-08-21 09:01:05,BTCUSD_PERP,bid,58700,578.65
2024-08-21 09:01:05,BTCUSD_PERP,bid,58700,580.23
2024-08-21 09:01:05,BTCUSD_PERP,bid,58700,638.43
2024-08-21 09:01:16,BTCUSD_PERP,bid,58700,522.03
2024-08-21 09:01:16,BTCUSD_PERP,bid,58800,638.17
2024-08-21 09:01:16,BTCUSD_PERP,bid,58800,696.4
2024-08-21 09:03:03,BTCUSD_PERP,bid,58800,638.17
2024-08-21 09:03:41,BTCUSD_PERP,bid,58800,579.94
2024-08-21 09:03:41,BTCUSD_PERP,bid,58800,522.3
2024-08-21 09:03:45,BTCUSD_PERP,bid,58800,590.04
2024-08-21 09:04:06,BTCUSD_PERP,bid,58800,580.53
2024-08-21 09:04:23,BTCUSD_PERP,bid,58800,522.3
2024-08-21 09:04:25,BTCUSD_PERP,bid,58700,533.0
2024-08-21 09:04:25,BTCUSD_PERP,bid,58700,648.22
2024-08-21 09:04:26,BTCUSD_PERP,bid,58700,648.26
2024-08-21 09:07:16,BTCUSD_PERP,bid,58700,590.65
2024-08-21 09:07:16,BTCUSD_PERP,bid,58700,579.93
2024-08-21 09:07:16,BTCUSD_PERP,bid,58700,638.1
2024-08-21 09:08:00,BTCUSD_PERP,bid,58700,580.52
2024-08-21 09:08:39,BTCUSD_PERP,bid,58700,520.75
2024-08-21 09:16:48,BTCUSD_PERP,bid,58800,521.93
2024-08-21 09:16:48,BTCUSD_PERP,bid,58800,580.2
2024-08-21 09:16:48,BTCUSD_PERP,bid,58800,638.47
2024-08-21 09:18:46,BTCUSD_PERP,bid,58800,580.4
2024-08-21 09:26:30,BTCUSD_PERP,bid,58800,522.12
2024-08-21 09:26:35,BTCUSD_PERP,bid,58700,531.31
2024-08-21 09:29:42,BTCUSD_PERP,bid,58800,522.16
2024-08-21 09:30:03,BTCUSD_PERP,ask,59900,504.6
2024-08-21 09:30:14,BTCUSD_PERP,ask,59900,514.18
2024-08-21 09:30:21,BTCUSD_PERP,ask,59900,524.06
2024-08-21 09:30:51,BTCUSD_PERP,ask,59900,514.48
2024-08-21 09:30:54,BTCUSD_PERP,ask,59900,504.9
2024-08-21 09:50:06,BTCUSD_PERP,bid,58900,532.94
2024-08-21 09:50:28,BTCUSD_PERP,bid,59000,523.98
2024-08-21 09:50:28,BTCUSD_PERP,bid,59000,582.4
2024-08-21 09:50:28,BTCUSD_PERP,bid,59000,640.23
2024-08-21 09:50:29,BTCUSD_PERP,bid,59000,698.05
2024-08-21 09:50:29,BTCUSD_PERP,bid,58900,509.58
2024-08-21 09:51:39,BTCUSD_PERP,bid,59000,640.23
2024-08-21 09:51:40,BTCUSD_PERP,bid,59000,582.41
2024-08-21 09:51:40,BTCUSD_PERP,bid,58900,755.99
2024-08-21 09:51:40,BTCUSD_PERP,bid,58900,509.31
2024-08-21 09:52:18,BTCUSD_PERP,bid,58900,582.62
2024-08-21 09:52:18,BTCUSD_PERP,bid,58900,639.49
2024-08-21 09:53:00,BTCUSD_PERP,bid,58900,581.14
2024-08-21 09:53:06,BTCUSD_PERP,bid,58900,522.79
2024-08-21 09:54:14,BTCUSD_PERP,bid,58900,580.84
2024-08-21 09:54:15,BTCUSD_PERP,bid,58900,638.57
2024-08-21 09:56:35,BTCUSD_PERP,bid,58800,580.54
2024-08-21 10:01:34,BTCUSD_PERP,bid,58800,522.25
2024-08-21 10:01:35,BTCUSD_PERP,bid,58800,580.24
2024-08-21 10:02:48,BTCUSD_PERP,bid,58800,522.57
2024-08-21 10:02:49,BTCUSD_PERP,bid,58800,579.94
2024-08-21 10:04:40,BTCUSD_PERP,bid,58800,521.71
2024-08-21 10:06:33,BTCUSD_PERP,bid,58800,579.91
2024-08-21 10:06:33,BTCUSD_PERP,bid,58800,696.51
2024-08-21 10:06:33,BTCUSD_PERP,bid,58800,523.07
2024-08-21 10:06:33,BTCUSD_PERP,bid,58800,812.51
2024-08-21 10:06:33,BTCUSD_PERP,bid,58800,566.75
2024-08-21 10:06:33,BTCUSD_PERP,bid,58800,870.81
2024-08-21 10:09:58,BTCUSD_PERP,bid,58800,521.89
2024-08-21 10:09:58,BTCUSD_PERP,bid,58800,870.27
2024-08-21 10:09:58,BTCUSD_PERP,bid,58700,566.45
2024-08-21 10:10:41,BTCUSD_PERP,bid,58800,753.75
2024-08-21 10:10:41,BTCUSD_PERP,bid,58800,696.08
2024-08-21 10:10:42,BTCUSD_PERP,bid,58800,580.15
2024-08-21 10:10:42,BTCUSD_PERP,bid,58800,521.89
2024-08-21 10:10:42,BTCUSD_PERP,bid,58800,522.31
2024-08-21 10:10:42,BTCUSD_PERP,bid,58800,580.61
2024-08-21 10:10:42,BTCUSD_PERP,bid,58800,638.31
2024-08-21 10:10:43,BTCUSD_PERP,bid,58800,696.51
2024-08-21 10:10:43,BTCUSD_PERP,bid,58800,566.76
2024-08-21 10:10:43,BTCUSD_PERP,bid,58800,754.21
2024-08-21 10:10:43,BTCUSD_PERP,bid,58800,812.51
2024-08-21 10:14:40,BTCUSD_PERP,bid,58800,523.08
2024-08-21 10:14:40,BTCUSD_PERP,bid,58800,697.11
2024-08-21 10:14:40,BTCUSD_PERP,bid,58800,581.1
2024-08-21 10:14:40,BTCUSD_PERP,bid,58800,522.8
2024-08-21 10:14:42,BTCUSD_PERP,bid,58900,523.18
2024-08-21 10:14:42,BTCUSD_PERP,bid,58900,581.41
2024-08-21 10:14:42,BTCUSD_PERP,bid,58900,639.74
2024-08-21 10:14:42,BTCUSD_PERP,bid,58900,649.55
2024-08-21 10:14:43,BTCUSD_PERP,bid,58900,649.59
2024-08-21 10:15:00,BTCUSD_PERP,bid,58900,649.63
2024-08-21 10:16:49,BTCUSD_PERP,bid,58800,581.11
2024-08-21 10:19:45,BTCUSD_PERP,bid,58800,639.07
2024-08-21 10:20:53,BTCUSD_PERP,bid,58800,753.95
2024-08-21 10:22:01,BTCUSD_PERP,bid,58800,580.15
2024-08-21 10:22:01,BTCUSD_PERP,bid,58800,638.41
2024-08-21 10:22:02,BTCUSD_PERP,bid,58800,753.75
2024-08-21 10:22:02,BTCUSD_PERP,bid,58800,812.01
2024-08-21 10:22:51,BTCUSD_PERP,bid,58800,811.57
2024-08-21 10:28:08,BTCUSD_PERP,bid,58800,753.34
2024-08-21 10:28:08,BTCUSD_PERP,bid,58800,695.11
2024-08-21 10:28:08,BTCUSD_PERP,bid,58800,637.48
2024-08-21 10:28:08,BTCUSD_PERP,bid,58800,579.84
2024-08-21 10:28:08,BTCUSD_PERP,bid,58800,521.61
2024-08-21 10:28:37,BTCUSD_PERP,bid,58800,579.8
2024-08-21 10:28:37,BTCUSD_PERP,bid,58800,869.75
2024-08-21 10:31:52,BTCUSD_PERP,bid,58800,811.52
2024-08-21 10:31:53,BTCUSD_PERP,bid,58700,811.17
2024-08-21 10:36:33,BTCUSD_PERP,bid,58700,811.76
2024-08-21 10:36:41,BTCUSD_PERP,bid,58700,754.15
2024-08-21 10:36:45,BTCUSD_PERP,bid,58700,696.54
2024-08-21 10:36:45,BTCUSD_PERP,bid,58700,638.93
2024-08-21 10:36:46,BTCUSD_PERP,bid,58700,581.32
2024-08-21 10:38:45,BTCUSD_PERP,bid,58700,523.12
2024-08-21 10:38:46,BTCUSD_PERP,bid,58700,522.29
2024-08-21 10:38:46,BTCUSD_PERP,bid,58700,580.46
2024-08-21 10:39:06,BTCUSD_PERP,bid,58600,516.94
2024-08-21 10:39:06,BTCUSD_PERP,bid,58600,574.98
2024-08-21 10:43:11,BTCUSD_PERP,bid,58600,516.9
2024-08-21 10:56:11,BTCUSD_PERP,bid,58700,522.26
2024-08-21 10:57:07,BTCUSD_PERP,bid,58700,638.34
2024-08-21 10:57:07,BTCUSD_PERP,bid,58700,565.81
2024-08-21 10:57:07,BTCUSD_PERP,bid,58700,696.54
2024-08-21 10:57:07,BTCUSD_PERP,bid,58700,812.94
2024-08-21 10:57:09,BTCUSD_PERP,bid,58700,812.98
2024-08-21 11:00:40,BTCUSD_PERP,bid,58700,812.94
2024-08-21 11:02:27,BTCUSD_PERP,bid,58700,755.33
2024-08-21 11:02:29,BTCUSD_PERP,bid,58700,639.52
2024-08-21 11:02:29,BTCUSD_PERP,bid,58800,638.67
2024-08-21 11:02:29,BTCUSD_PERP,bid,58800,755.13
2024-08-21 11:02:29,BTCUSD_PERP,bid,58700,566.1
2024-08-21 11:02:29,BTCUSD_PERP,bid,58800,813.36
2024-08-21 11:03:32,BTCUSD_PERP,bid,58800,755.72
2024-08-21 11:03:32,BTCUSD_PERP,bid,58700,639.21
2024-08-21 11:03:32,BTCUSD_PERP,bid,58700,697.41
2024-08-21 11:03:32,BTCUSD_PERP,bid,58700,755.61
2024-08-21 11:07:30,BTCUSD_PERP,bid,58700,522.83
2024-08-21 11:07:30,BTCUSD_PERP,bid,58700,581.0
2024-08-21 11:11:01,BTCUSD_PERP,bid,58700,522.83
2024-08-21 11:11:03,BTCUSD_PERP,bid,58700,580.03
2024-08-21 11:11:03,BTCUSD_PERP,bid,58700,638.16
2024-08-21 11:11:06,BTCUSD_PERP,bid,58700,638.2
2024-08-21 11:14:40,BTCUSD_PERP,bid,58700,638.16
2024-08-21 11:15:42,BTCUSD_PERP,bid,58700,639.72
2024-08-21 11:15:58,BTCUSD_PERP,ask,59900,514.12
2024-08-21 11:15:59,BTCUSD_PERP,ask,59900,520.1
2024-08-21 11:15:59,BTCUSD_PERP,ask,59900,529.67
2024-08-21 11:16:03,BTCUSD_PERP,ask,59900,539.24
2024-08-21 11:16:08,BTCUSD_PERP,ask,59900,545.22
2024-08-21 11:16:49,BTCUSD_PERP,ask,59900,535.65
2024-08-21 11:16:51,BTCUSD_PERP,ask,59900,526.08
2024-08-21 11:16:54,BTCUSD_PERP,ask,59900,516.51
2024-08-21 11:16:56,BTCUSD_PERP,ask,59900,506.94
2024-08-21 11:17:20,BTCUSD_PERP,bid,58700,581.59
2024-08-21 11:17:20,BTCUSD_PERP,bid,58700,523.46
2024-08-21 11:17:21,BTCUSD_PERP,bid,58700,522.83
2024-08-21 11:17:21,BTCUSD_PERP,bid,58700,580.4
2024-08-21 11:19:49,BTCUSD_PERP,bid,58700,580.23
2024-08-21 11:19:50,BTCUSD_PERP,bid,58700,695.45
2024-08-21 11:19:50,BTCUSD_PERP,bid,58700,753.06
2024-08-21 11:19:50,BTCUSD_PERP,bid,58700,811.26
2024-08-21 11:19:50,BTCUSD_PERP,bid,58700,869.46
2024-08-21 11:19:50,BTCUSD_PERP,bid,58700,927.66
2024-08-21 11:19:50,BTCUSD_PERP,bid,58700,585.47
2024-08-21 11:19:51,BTCUSD_PERP,bid,58700,1043.38
2024-08-21 11:19:51,BTCUSD_PERP,bid,58700,1159.19
2024-08-21 11:19:59,BTCUSD_PERP,bid,58700,985.27
2024-08-21 11:19:59,BTCUSD_PERP,bid,58700,927.07
2024-08-21 11:20:00,BTCUSD_PERP,bid,58700,868.87
2024-08-21 11:20:00,BTCUSD_PERP,bid,58700,753.65
2024-08-21 11:20:00,BTCUSD_PERP,bid,58700,637.25
2024-08-21 11:20:00,BTCUSD_PERP,bid,58700,521.44
2024-08-21 11:20:00,BTCUSD_PERP,bid,58800,522.21
2024-08-21 11:20:00,BTCUSD_PERP,bid,58800,754.54
2024-08-21 11:20:00,BTCUSD_PERP,bid,58800,870.41
2024-08-21 11:20:00,BTCUSD_PERP,bid,58800,928.05
2024-08-21 11:20:00,BTCUSD_PERP,bid,58800,986.28
2024-08-21 11:20:00,BTCUSD_PERP,bid,58800,1043.92
2024-08-21 11:20:00,BTCUSD_PERP,bid,58800,1102.15
2024-08-21 11:20:01,BTCUSD_PERP,bid,58800,1159.79
2024-08-21 11:20:03,BTCUSD_PERP,bid,58800,1173.88
2024-08-21 11:21:09,BTCUSD_PERP,bid,58800,1116.24
2024-08-21 11:21:11,BTCUSD_PERP,bid,58800,700.77
2024-08-21 11:21:11,BTCUSD_PERP,bid,58800,1108.0
2024-08-21 11:21:11,BTCUSD_PERP,bid,58800,1166.26
2024-08-21 11:21:12,BTCUSD_PERP,bid,58800,1166.3
2024-08-21 11:21:24,BTCUSD_PERP,bid,58800,1166.34
2024-08-21 11:21:34,BTCUSD_PERP,bid,47000,2452.99
2024-08-21 11:21:36,BTCUSD_PERP,bid,58800,1160.47
2024-08-21 11:24:40,BTCUSD_PERP,bid,58800,1160.43
2024-08-21 11:24:55,BTCUSD_PERP,bid,58800,1160.39
2024-08-21 11:28:46,BTCUSD_PERP,bid,58800,1102.13
2024-08-21 11:28:46,BTCUSD_PERP,bid,58800,1043.87
2024-08-21 11:28:46,BTCUSD_PERP,bid,58800,927.94
2024-08-21 11:28:46,BTCUSD_PERP,bid,58800,812.01
2024-08-21 11:28:46,BTCUSD_PERP,bid,58800,753.84
2024-08-21 11:28:47,BTCUSD_PERP,bid,58800,928.05
2024-08-21 11:28:47,BTCUSD_PERP,bid,58800,1101.56
2024-08-21 11:28:47,BTCUSD_PERP,bid,58800,1159.79
2024-08-21 11:32:05,BTCUSD_PERP,bid,58700,565.49
2024-08-21 11:32:06,BTCUSD_PERP,bid,58800,1102.15
2024-08-21 11:32:06,BTCUSD_PERP,bid,58800,1043.92
2024-08-21 11:32:06,BTCUSD_PERP,bid,58800,985.69
2024-08-21 11:32:06,BTCUSD_PERP,bid,58800,927.46
2024-08-21 11:32:06,BTCUSD_PERP,bid,58800,869.23
2024-08-21 11:32:06,BTCUSD_PERP,bid,58800,753.36
2024-08-21 11:32:07,BTCUSD_PERP,bid,58800,637.49
2024-08-21 11:32:07,BTCUSD_PERP,bid,58800,579.85
2024-08-21 11:32:07,BTCUSD_PERP,bid,58800,522.21
2024-08-21 11:32:07,BTCUSD_PERP,bid,58800,580.24
2024-08-21 11:32:07,BTCUSD_PERP,bid,58800,638.5
2024-08-21 11:32:08,BTCUSD_PERP,bid,58800,755.02
2024-08-21 11:32:08,BTCUSD_PERP,bid,58800,929.12
2024-08-21 11:32:08,BTCUSD_PERP,bid,58800,986.79
2024-08-21 11:32:09,BTCUSD_PERP,bid,58800,986.83
2024-08-21 11:35:36,BTCUSD_PERP,bid,58800,986.79
2024-08-21 11:36:11,BTCUSD_PERP,bid,58800,871.45
2024-08-21 11:36:11,BTCUSD_PERP,bid,58800,754.93
2024-08-21 11:36:12,BTCUSD_PERP,bid,58800,638.41
2024-08-21 11:36:12,BTCUSD_PERP,bid,58800,580.74
2024-08-21 11:36:12,BTCUSD_PERP,bid,58800,522.48
2024-08-21 11:36:12,BTCUSD_PERP,bid,58800,523.29
2024-08-21 11:36:12,BTCUSD_PERP,bid,58800,581.6
2024-08-21 11:36:12,BTCUSD_PERP,bid,58800,698.12
2024-08-21 11:36:12,BTCUSD_PERP,bid,58800,756.43
2024-08-21 11:36:13,BTCUSD_PERP,bid,58800,871.85
2024-08-21 11:36:13,BTCUSD_PERP,bid,58800,929.56
2024-08-21 11:36:13,BTCUSD_PERP,bid,58800,987.87
2024-08-21 11:36:13,BTCUSD_PERP,bid,58800,1045.58
2024-08-21 11:37:04,BTCUSD_PERP,bid,58800,928.69
2024-08-21 11:37:04,BTCUSD_PERP,bid,58800,986.96
2024-08-21 11:50:33,BTCUSD_PERP,bid,58800,871.01
2024-08-21 11:50:33,BTCUSD_PERP,bid,58800,812.74
2024-08-21 11:50:33,BTCUSD_PERP,bid,58800,754.47
2024-08-21 11:50:33,BTCUSD_PERP,bid,58800,580.84
2024-08-21 11:50:33,BTCUSD_PERP,bid,58800,638.94
2024-08-21 11:50:33,BTCUSD_PERP,bid,58800,697.24
2024-08-21 11:50:34,BTCUSD_PERP,bid,58800,755.54
2024-08-21 11:50:34,BTCUSD_PERP,bid,58800,813.25
2024-08-21 11:50:34,BTCUSD_PERP,bid,58800,871.55
2024-08-21 11:50:34,BTCUSD_PERP,bid,58800,929.26
2024-08-21 11:50:35,BTCUSD_PERP,bid,58800,987.47
2024-08-21 11:54:19,BTCUSD_PERP,bid,58800,929.17
2024-08-21 11:54:19,BTCUSD_PERP,bid,58800,870.87
2024-08-21 11:54:19,BTCUSD_PERP,bid,58800,754.86
2024-08-21 11:54:19,BTCUSD_PERP,bid,58800,696.56
2024-08-21 11:54:19,BTCUSD_PERP,bid,58800,522.25
2024-08-21 11:54:19,BTCUSD_PERP,bid,58800,523.18
2024-08-21 11:54:20,BTCUSD_PERP,bid,58800,580.86
2024-08-21 11:54:20,BTCUSD_PERP,bid,58800,638.54
2024-08-21 11:54:20,BTCUSD_PERP,bid,58800,696.21
2024-08-21 11:54:20,BTCUSD_PERP,bid,58800,1045.15
2024-08-21 11:54:38,BTCUSD_PERP,bid,58800,1045.19
2024-08-21 11:54:41,BTCUSD_PERP,bid,58800,1045.23
2024-08-21 11:58:01,BTCUSD_PERP,bid,58800,1045.19
2024-08-21 11:58:09,BTCUSD_PERP,bid,58800,1045.15
2024-08-21 12:01:03,BTCUSD_PERP,bid,58800,986.88
2024-08-21 12:01:03,BTCUSD_PERP,bid,58800,928.61
2024-08-21 12:01:03,BTCUSD_PERP,bid,58800,870.34
2024-08-21 12:01:04,BTCUSD_PERP,bid,58800,812.66
2024-08-21 12:01:04,BTCUSD_PERP,bid,58800,696.71
2024-08-21 12:01:04,BTCUSD_PERP,bid,58800,639.03
2024-08-21 12:01:04,BTCUSD_PERP,bid,58800,580.76
2024-08-21 12:01:04,BTCUSD_PERP,bid,58800,522.49
2024-08-21 12:01:04,BTCUSD_PERP,bid,58900,522.99
2024-08-21 12:01:05,BTCUSD_PERP,bid,58900,697.82
2024-08-21 12:01:05,BTCUSD_PERP,bid,58900,755.53
2024-08-21 12:01:05,BTCUSD_PERP,bid,58900,813.24
2024-08-21 12:01:05,BTCUSD_PERP,bid,58900,871.55
2024-08-21 12:01:05,BTCUSD_PERP,bid,58900,987.57
2024-08-21 12:04:38,BTCUSD_PERP,bid,58900,929.86
2024-08-21 12:04:38,BTCUSD_PERP,bid,58900,871.55
2024-08-21 12:04:38,BTCUSD_PERP,bid,58800,928.78
2024-08-21 12:04:38,BTCUSD_PERP,bid,58800,987.06
2024-08-21 12:04:38,BTCUSD_PERP,bid,58800,1044.74
2024-08-21 12:06:03,BTCUSD_PERP,bid,58800,987.06
2024-08-21 12:06:04,BTCUSD_PERP,bid,58800,986.97
2024-08-21 12:06:04,BTCUSD_PERP,bid,58800,1045.28
2024-08-21 12:06:37,BTCUSD_PERP,bid,58800,1045.32
2024-08-21 12:07:47,BTCUSD_PERP,bid,58800,870.99
2024-08-21 12:07:47,BTCUSD_PERP,bid,58800,812.68
2024-08-21 12:07:47,BTCUSD_PERP,bid,58800,754.97
2024-08-21 12:07:47,BTCUSD_PERP,bid,58800,696.76
2024-08-21 12:07:47,BTCUSD_PERP,bid,58800,580.14
2024-08-21 12:07:47,BTCUSD_PERP,bid,58800,580.25
2024-08-21 12:07:47,BTCUSD_PERP,bid,58800,637.93
2024-08-21 12:07:47,BTCUSD_PERP,bid,58800,753.88
2024-08-21 12:07:48,BTCUSD_PERP,bid,58800,928.69
2024-08-21 12:07:48,BTCUSD_PERP,bid,58800,1044.64
2024-08-21 12:19:44,BTCUSD_PERP,bid,58800,928.69
2024-08-21 12:19:44,BTCUSD_PERP,bid,58800,870.51
2024-08-21 12:19:45,BTCUSD_PERP,bid,58800,812.83
2024-08-21 12:19:45,BTCUSD_PERP,bid,58800,754.56
2024-08-21 12:19:45,BTCUSD_PERP,bid,58800,523.25
2024-08-21 12:26:57,BTCUSD_PERP,bid,58800,521.39
2024-08-21 12:26:57,BTCUSD_PERP,bid,58800,579.66
2024-08-21 12:36:21,BTCUSD_PERP,bid,58800,521.48
2024-08-21 12:36:23,BTCUSD_PERP,bid,58800,522.59
2024-08-21 12:36:23,BTCUSD_PERP,bid,58800,638.61
2024-08-21 12:39:43,BTCUSD_PERP,bid,58800,580.9
2024-08-21 12:39:44,BTCUSD_PERP,bid,58800,579.68
2024-08-21 12:39:44,BTCUSD_PERP,bid,58800,637.95
2024-08-21 12:44:14,BTCUSD_PERP,bid,58800,521.71
2024-08-21 13:00:10,BTCUSD_PERP,bid,58900,523.01
2024-08-21 13:00:10,BTCUSD_PERP,bid,58900,581.32
2024-08-21 13:06:06,BTCUSD_PERP,bid,58900,523.01
2024-08-21 13:06:41,BTCUSD_PERP,bid,58900,523.71
2024-08-21 13:07:14,BTCUSD_PERP,bid,59000,522.78
2024-08-21 13:07:14,BTCUSD_PERP,bid,59000,639.62
2024-08-21 13:07:14,BTCUSD_PERP,bid,59000,756.46
2024-08-21 13:07:14,BTCUSD_PERP,bid,59000,814.28
2024-08-21 13:07:14,BTCUSD_PERP,bid,59000,872.7
2024-08-21 13:07:14,BTCUSD_PERP,bid,59000,930.52
2024-08-21 13:07:15,BTCUSD_PERP,bid,59000,988.94
2024-08-21 13:08:12,BTCUSD_PERP,bid,58900,522.51
2024-08-21 13:08:12,BTCUSD_PERP,bid,58900,872.25
2024-08-21 13:08:12,BTCUSD_PERP,bid,58900,930.64
2024-08-21 13:08:12,BTCUSD_PERP,bid,58900,988.43
2024-08-21 13:08:14,BTCUSD_PERP,bid,58900,990.55
2024-08-21 13:08:15,BTCUSD_PERP,bid,58900,1004.68
2024-08-21 13:08:17,BTCUSD_PERP,bid,58900,1005.91
2024-08-21 13:08:59,BTCUSD_PERP,bid,58900,1005.95
2024-08-21 13:09:25,BTCUSD_PERP,bid,58900,773.59
2024-08-21 13:09:25,BTCUSD_PERP,bid,58900,697.32
2024-08-21 13:09:26,BTCUSD_PERP,bid,58900,871.8
2024-08-21 13:09:26,BTCUSD_PERP,bid,58900,930.16
2024-08-21 13:09:26,BTCUSD_PERP,bid,58900,987.92
2024-08-21 13:11:59,BTCUSD_PERP,bid,58900,929.56
2024-08-21 13:11:59,BTCUSD_PERP,bid,58900,813.44
2024-08-21 13:11:59,BTCUSD_PERP,bid,58900,755.08
2024-08-21 13:11:59,BTCUSD_PERP,bid,58900,697.32
2024-08-21 13:11:59,BTCUSD_PERP,bid,58900,638.96
2024-08-21 13:11:59,BTCUSD_PERP,bid,58900,581.2
2024-08-21 13:12:00,BTCUSD_PERP,bid,58900,523.2
2024-08-21 13:12:00,BTCUSD_PERP,bid,58900,581.6
2024-08-21 13:12:01,BTCUSD_PERP,bid,58900,697.8
2024-08-21 13:12:06,BTCUSD_PERP,bid,59000,524.07
2024-08-21 13:12:06,BTCUSD_PERP,bid,59000,581.9
2024-08-21 13:12:06,BTCUSD_PERP,bid,59000,639.73
2024-08-21 13:12:06,BTCUSD_PERP,bid,59000,698.16
2024-08-21 13:12:08,BTCUSD_PERP,bid,59000,699.39
2024-08-21 13:12:10,BTCUSD_PERP,bid,59000,640.96
2024-08-21 13:12:10,BTCUSD_PERP,bid,59000,582.53
2024-08-21 13:12:12,BTCUSD_PERP,bid,59000,523.74
2024-08-21 13:12:12,BTCUSD_PERP,bid,59000,582.2
2024-08-21 13:12:12,BTCUSD_PERP,bid,59000,640.06
2024-08-21 13:12:46,BTCUSD_PERP,bid,59000,581.6
2024-08-21 13:12:46,BTCUSD_PERP,bid,59000,523.14
2024-08-21 13:16:42,BTCUSD_PERP,bid,59000,523.7
2024-08-21 13:16:42,BTCUSD_PERP,bid,59000,581.54
2024-08-21 13:16:42,BTCUSD_PERP,bid,59000,639.97
2024-08-21 13:16:43,BTCUSD_PERP,bid,59000,698.4
2024-08-21 13:17:22,BTCUSD_PERP,bid,59000,524.29
2024-08-21 13:17:24,BTCUSD_PERP,bid,59000,640.17
2024-08-21 13:17:25,BTCUSD_PERP,bid,59000,698.64
2024-08-21 13:17:45,BTCUSD_PERP,bid,59000,582.0
2024-08-21 13:17:45,BTCUSD_PERP,bid,59000,640.44
2024-08-21 13:18:42,BTCUSD_PERP,bid,59000,640.19
2024-08-21 13:18:42,BTCUSD_PERP,bid,59000,698.66
2024-08-21 13:19:39,BTCUSD_PERP,bid,59000,640.19
2024-08-21 13:19:39,BTCUSD_PERP,bid,59000,581.72
2024-08-21 13:19:39,BTCUSD_PERP,bid,59000,523.85
2024-08-21 13:19:40,BTCUSD_PERP,bid,59100,523.67
2024-08-21 13:19:40,BTCUSD_PERP,bid,59100,581.6
2024-08-21 13:19:40,BTCUSD_PERP,bid,59100,639.53
2024-08-21 13:19:41,BTCUSD_PERP,bid,59100,815.12
2024-08-21 13:19:41,BTCUSD_PERP,bid,59100,873.65
2024-08-21 13:19:43,BTCUSD_PERP,bid,59100,524.27
2024-08-21 13:19:46,BTCUSD_PERP,bid,59000,524.6
2024-08-21 13:19:46,BTCUSD_PERP,bid,59000,582.5
2024-08-21 13:20:12,BTCUSD_PERP,bid,59000,524.6
2024-08-21 13:20:13,BTCUSD_PERP,bid,59100,698.66
2024-08-21 13:20:13,BTCUSD_PERP,bid,47000,2453.0
2024-08-21 13:20:23,BTCUSD_PERP,bid,59100,640.73
2024-08-21 13:20:24,BTCUSD_PERP,bid,59100,582.2
2024-08-21 13:21:21,BTCUSD_PERP,bid,59100,524.27
2024-08-21 13:21:21,BTCUSD_PERP,bid,59100,523.94
2024-08-21 13:21:21,BTCUSD_PERP,bid,59100,640.46
2024-08-21 13:21:21,BTCUSD_PERP,bid,59100,699.02
2024-08-21 13:23:58,BTCUSD_PERP,bid,42000,1066.83
2024-08-21 13:27:38,BTCUSD_PERP,bid,59100,641.06
2024-08-21 13:27:38,BTCUSD_PERP,bid,59100,583.1
2024-08-21 13:27:38,BTCUSD_PERP,bid,59100,524.54
2024-08-21 13:27:39,BTCUSD_PERP,bid,59100,524.81
2024-08-21 13:27:39,BTCUSD_PERP,bid,59100,582.8
2024-08-21 13:27:40,BTCUSD_PERP,bid,59100,641.39
2024-08-21 13:27:40,BTCUSD_PERP,bid,59100,699.38
2024-08-21 13:27:42,BTCUSD_PERP,bid,59100,582.8
2024-08-21 13:28:01,BTCUSD_PERP,bid,59200,524.49
2024-08-21 13:28:01,BTCUSD_PERP,bid,59200,583.1
2024-08-21 13:28:35,BTCUSD_PERP,bid,59100,884.26
2024-08-21 13:28:35,BTCUSD_PERP,bid,59100,511.0
2024-08-21 13:28:35,BTCUSD_PERP,bid,59100,569.48
2024-08-21 13:28:35,BTCUSD_PERP,bid,59100,942.84
2024-08-21 13:28:36,BTCUSD_PERP,bid,59100,1000.82
2024-08-21 13:29:12,BTCUSD_PERP,bid,59100,942.84
2024-08-21 13:29:14,BTCUSD_PERP,bid,59100,511.26
2024-08-21 13:29:14,BTCUSD_PERP,bid,59200,932.86
2024-08-21 13:29:14,BTCUSD_PERP,bid,59200,991.47
2024-08-21 13:29:14,BTCUSD_PERP,bid,59100,569.77
2024-08-21 13:31:03,BTCUSD_PERP,bid,59100,874.4
2024-08-21 13:31:03,BTCUSD_PERP,bid,59100,932.98
2024-08-21 13:33:17,BTCUSD_PERP,bid,59100,640.35
2024-08-21 13:33:17,BTCUSD_PERP,bid,59100,873.95
2024-08-21 13:33:17,BTCUSD_PERP,bid,59100,932.5
2024-08-21 13:33:39,BTCUSD_PERP,ask,596000,342.04
2024-08-21 13:34:27,BTCUSD_PERP,bid,59100,816.0
2024-08-21 13:34:27,BTCUSD_PERP,bid,59100,699.6
2024-08-21 13:34:28,BTCUSD_PERP,bid,59100,583.1
2024-08-21 13:34:28,BTCUSD_PERP,bid,59100,525.15
2024-08-21 13:34:28,BTCUSD_PERP,bid,59100,523.58
2024-08-21 13:34:28,BTCUSD_PERP,bid,59100,883.34
2024-08-21 13:34:28,BTCUSD_PERP,bid,59100,941.86
2024-08-21 13:36:40,BTCUSD_PERP,bid,59100,883.94
2024-08-21 13:36:40,BTCUSD_PERP,bid,59100,766.9
2024-08-21 13:36:41,BTCUSD_PERP,bid,59100,591.44
2024-08-21 13:36:41,BTCUSD_PERP,bid,59100,532.92
2024-08-21 13:36:41,BTCUSD_PERP,bid,59100,526.25
2024-08-21 13:36:41,BTCUSD_PERP,bid,59100,642.15
2024-08-21 13:36:41,BTCUSD_PERP,bid,59100,758.65
2024-08-21 13:36:41,BTCUSD_PERP,bid,59100,816.6
2024-08-21 13:36:41,BTCUSD_PERP,bid,59100,874.55
2024-08-21 13:36:41,BTCUSD_PERP,bid,59100,932.5
2024-08-21 13:36:41,BTCUSD_PERP,bid,59100,991.05
2024-08-21 13:36:42,BTCUSD_PERP,bid,59100,1049.0
2024-08-21 13:37:15,BTCUSD_PERP,bid,59100,932.5
2024-08-21 13:37:15,BTCUSD_PERP,bid,59100,757.45
2024-08-21 13:37:15,BTCUSD_PERP,bid,59100,699.5
2024-08-21 13:37:16,BTCUSD_PERP,bid,59100,525.05
2024-08-21 13:37:16,BTCUSD_PERP,bid,59100,534.08
2024-08-21 13:37:16,BTCUSD_PERP,bid,59100,592.06
2024-08-21 13:37:16,BTCUSD_PERP,bid,59100,709.13
2024-08-21 13:37:16,BTCUSD_PERP,bid,59100,767.11
2024-08-21 13:38:37,BTCUSD_PERP,bid,59100,767.15
2024-08-21 13:38:53,BTCUSD_PERP,bid,59100,593.2
2024-08-21 13:38:53,BTCUSD_PERP,bid,59100,525.08
2024-08-21 13:38:54,BTCUSD_PERP,bid,59100,583.63
2024-08-21 13:39:09,BTCUSD_PERP,bid,59100,525.08
2024-08-21 13:39:10,BTCUSD_PERP,bid,59100,525.64
2024-08-21 13:39:10,BTCUSD_PERP,bid,59100,584.13
2024-08-21 13:39:20,BTCUSD_PERP,bid,59100,584.17
2024-08-21 13:40:34,BTCUSD_PERP,bid,59100,525.58
2024-08-21 13:40:34,BTCUSD_PERP,bid,59100,700.74
2024-08-21 13:40:34,BTCUSD_PERP,bid,59000,511.37
2024-08-21 13:40:34,BTCUSD_PERP,bid,59100,759.29
2024-08-21 13:41:21,BTCUSD_PERP,bid,59100,642.28
2024-08-21 13:41:21,BTCUSD_PERP,bid,59100,583.73
2024-08-21 13:41:22,BTCUSD_PERP,bid,59100,524.82
2024-08-21 13:41:22,BTCUSD_PERP,bid,59100,583.4
2024-08-21 13:41:23,BTCUSD_PERP,bid,59100,641.98
2024-08-21 13:42:36,BTCUSD_PERP,bid,59100,583.4
2024-08-21 13:42:36,BTCUSD_PERP,bid,59100,700.15
2024-08-21 13:42:36,BTCUSD_PERP,bid,59000,511.37
2024-08-21 13:42:36,BTCUSD_PERP,bid,59100,758.7
2024-08-21 13:47:22,BTCUSD_PERP,bid,59100,710.21
2024-08-21 13:47:22,BTCUSD_PERP,bid,59000,511.05
2024-08-21 13:47:22,BTCUSD_PERP,bid,59100,826.66
2024-08-21 13:48:13,BTCUSD_PERP,bid,59000,757.91
2024-08-21 13:48:13,BTCUSD_PERP,bid,59000,816.4
2024-08-21 13:49:48,BTCUSD_PERP,bid,59000,830.55
2024-08-21 13:49:50,BTCUSD_PERP,bid,59000,832.67
2024-08-21 13:49:56,BTCUSD_PERP,bid,59000,832.71
2024-08-21 13:51:20,BTCUSD_PERP,bid,59000,830.59
2024-08-21 13:51:20,BTCUSD_PERP,bid,59000,816.44
2024-08-21 13:53:17,BTCUSD_PERP,bid,59000,816.4
2024-08-21 13:57:45,BTCUSD_PERP,bid,59000,758.51
2024-08-21 13:57:45,BTCUSD_PERP,bid,59000,641.53
2024-08-21 13:57:45,BTCUSD_PERP,bid,59000,583.04
2024-08-21 13:57:46,BTCUSD_PERP,bid,59100,524.8
2024-08-21 13:57:46,BTCUSD_PERP,bid,59100,582.72
2024-08-21 13:57:46,BTCUSD_PERP,bid,59100,758.28
2024-08-21 13:57:46,BTCUSD_PERP,bid,59100,816.8
2024-08-21 13:58:21,BTCUSD_PERP,bid,59100,758.28
2024-08-21 13:58:21,BTCUSD_PERP,bid,59100,700.36
2024-08-21 13:58:21,BTCUSD_PERP,bid,59100,641.84
2024-08-21 13:58:22,BTCUSD_PERP,bid,59100,525.39
2024-08-21 13:58:22,BTCUSD_PERP,bid,59100,525.09
2024-08-21 13:58:22,BTCUSD_PERP,bid,59100,642.19
2024-08-21 13:58:22,BTCUSD_PERP,bid,59100,700.15
2024-08-21 13:58:22,BTCUSD_PERP,bid,59100,758.11
2024-08-21 13:58:23,BTCUSD_PERP,bid,59100,875.21
2024-08-21 13:58:23,BTCUSD_PERP,bid,59100,991.72
2024-08-21 13:58:23,BTCUSD_PERP,bid,59100,1049.68
2024-08-21 13:58:23,BTCUSD_PERP,bid,59000,510.7
2024-08-21 14:02:04,BTCUSD_PERP,bid,59100,991.72
2024-08-21 14:02:07,BTCUSD_PERP,bid,59100,701.33
2024-08-21 14:02:07,BTCUSD_PERP,bid,59100,511.08
2024-08-21 14:02:07,BTCUSD_PERP,bid,59100,1050.32
2024-08-21 14:02:07,BTCUSD_PERP,bid,59100,569.57
2024-08-21 14:02:07,BTCUSD_PERP,bid,59100,1108.91
2024-08-21 14:05:53,BTCUSD_PERP,bid,59100,933.14
2024-08-21 14:05:53,BTCUSD_PERP,bid,59100,511.08
2024-08-21 14:05:53,BTCUSD_PERP,bid,59100,874.65
2024-08-21 14:05:53,BTCUSD_PERP,bid,59100,816.66
2024-08-21 14:05:54,BTCUSD_PERP,bid,59100,699.48
2024-08-21 14:05:54,BTCUSD_PERP,bid,59100,640.89
2024-08-21 14:05:54,BTCUSD_PERP,bid,59100,523.71
2024-08-21 14:05:54,BTCUSD_PERP,bid,59200,525.68
2024-08-21 14:05:54,BTCUSD_PERP,bid,59200,583.7
2024-08-21 14:05:54,BTCUSD_PERP,bid,59200,642.32
2024-08-21 14:05:55,BTCUSD_PERP,bid,59200,817.58
2024-08-21 14:05:55,BTCUSD_PERP,bid,59100,511.31
2024-08-21 14:05:55,BTCUSD_PERP,bid,59200,875.6
2024-08-21 14:05:55,BTCUSD_PERP,bid,59100,569.87
2024-08-21 14:05:55,BTCUSD_PERP,bid,59200,991.64
2024-08-21 14:11:00,BTCUSD_PERP,bid,59200,1003.43
2024-08-21 14:11:09,BTCUSD_PERP,bid,59200,991.64
2024-08-21 14:12:12,BTCUSD_PERP,bid,59100,511.08
2024-08-21 14:12:12,BTCUSD_PERP,bid,59100,933.58
2024-08-21 14:12:12,BTCUSD_PERP,bid,59100,569.57
2024-08-21 14:12:12,BTCUSD_PERP,bid,59100,992.16
2024-08-21 14:12:14,BTCUSD_PERP,bid,59100,511.04
2024-08-21 14:12:14,BTCUSD_PERP,bid,59100,933.58
2024-08-21 14:12:14,BTCUSD_PERP,bid,59100,875.1
2024-08-21 14:12:14,BTCUSD_PERP,bid,59000,919.04
2024-08-21 14:12:14,BTCUSD_PERP,bid,59100,933.26
2024-08-21 14:12:15,BTCUSD_PERP,bid,59000,977.5
2024-08-21 14:12:15,BTCUSD_PERP,bid,59100,991.82
2024-08-21 14:12:15,BTCUSD_PERP,bid,59000,627.76
2024-08-21 14:12:15,BTCUSD_PERP,bid,59000,569.28
2024-08-21 14:13:14,BTCUSD_PERP,bid,59100,526.58
2024-08-21 14:13:14,BTCUSD_PERP,bid,59000,510.62
2024-08-21 14:13:14,BTCUSD_PERP,bid,59100,884.54
2024-08-21 14:13:14,BTCUSD_PERP,bid,59000,569.04
2024-08-21 14:13:14,BTCUSD_PERP,bid,59100,943.06
2024-08-21 14:14:44,BTCUSD_PERP,bid,59000,641.59
2024-08-21 14:15:22,BTCUSD_PERP,bid,59000,583.1
2024-08-21 14:15:23,BTCUSD_PERP,bid,59100,524.88
2024-08-21 14:15:23,BTCUSD_PERP,bid,59100,583.4
2024-08-21 14:20:48,BTCUSD_PERP,bid,59100,525.17
2024-08-21 14:22:41,BTCUSD_PERP,bid,59100,525.5
2024-08-21 14:22:41,BTCUSD_PERP,bid,59100,583.43
2024-08-21 14:22:41,BTCUSD_PERP,bid,59100,816.24
2024-08-21 14:22:41,BTCUSD_PERP,bid,59000,510.48
2024-08-21 14:22:41,BTCUSD_PERP,bid,59100,1107.66
2024-08-21 14:22:42,BTCUSD_PERP,bid,59100,1165.59
2024-08-21 14:26:41,BTCUSD_PERP,bid,59100,1107.66
2024-08-21 14:26:42,BTCUSD_PERP,bid,59000,510.44
2024-08-21 14:26:42,BTCUSD_PERP,bid,59100,816.83
2024-08-21 14:26:42,BTCUSD_PERP,bid,59000,568.9
2024-08-21 14:26:42,BTCUSD_PERP,bid,59000,525.05
2024-08-21 14:26:42,BTCUSD_PERP,bid,59100,758.9
2024-08-21 14:26:42,BTCUSD_PERP,bid,59100,642.45
2024-08-21 14:26:42,BTCUSD_PERP,bid,59100,583.93
2024-08-21 14:26:43,BTCUSD_PERP,bid,59100,525.15
2024-08-21 14:26:43,BTCUSD_PERP,bid,59100,642.27
2024-08-21 14:26:43,BTCUSD_PERP,bid,59100,700.83
2024-08-21 14:29:37,BTCUSD_PERP,bid,59100,642.86
2024-08-21 14:29:44,BTCUSD_PERP,bid,59100,584.3
2024-08-21 14:29:44,BTCUSD_PERP,bid,59100,526.14
2024-08-21 14:29:45,BTCUSD_PERP,bid,59100,584.73
2024-08-21 14:29:45,BTCUSD_PERP,bid,59100,700.71
2024-08-21 14:29:45,BTCUSD_PERP,bid,59100,817.89
2024-08-21 14:29:45,BTCUSD_PERP,bid,59100,875.88
2024-08-21 14:33:36,BTCUSD_PERP,bid,59100,700.71
2024-08-21 14:33:36,BTCUSD_PERP,bid,59100,642.12
2024-08-21 14:33:36,BTCUSD_PERP,bid,59100,584.13
2024-08-21 14:34:49,BTCUSD_PERP,bid,59100,524.83
2024-08-21 14:34:49,BTCUSD_PERP,bid,59100,583.41
2024-08-21 14:35:18,BTCUSD_PERP,bid,59100,641.56
2024-08-21 14:35:18,BTCUSD_PERP,bid,59100,758.07
2024-08-21 14:35:18,BTCUSD_PERP,bid,59100,816.62
2024-08-21 14:36:35,BTCUSD_PERP,bid,59100,767.5
2024-08-21 14:36:35,BTCUSD_PERP,bid,59100,826.02
2024-08-21 14:37:41,BTCUSD_PERP,bid,59100,767.5
2024-08-21 14:37:41,BTCUSD_PERP,bid,59100,534.02
2024-08-21 14:37:41,BTCUSD_PERP,bid,59100,524.55
2024-08-21 14:39:20,BTCUSD_PERP,bid,59100,583.4
2024-08-21 14:39:21,BTCUSD_PERP,bid,59100,641.33
2024-08-21 14:40:24,BTCUSD_PERP,bid,59100,524.87
2024-08-21 14:40:25,BTCUSD_PERP,bid,59100,525.83
2024-08-21 14:40:25,BTCUSD_PERP,bid,59100,583.8
2024-08-21 14:45:18,BTCUSD_PERP,bid,59100,524.6
2024-08-21 14:48:13,BTCUSD_PERP,bid,59100,524.82
2024-08-21 14:49:19,BTCUSD_PERP,bid,42000,1062.63
2024-08-21 14:50:03,BTCUSD_PERP,bid,44000,1129.41
2024-08-21 14:50:44,BTCUSD_PERP,bid,42000,1064.73
2024-08-21 14:52:17,BTCUSD_PERP,bid,42000,1062.63
2024-08-21 15:00:13,BTCUSD_PERP,bid,59200,524.85
2024-08-21 15:00:13,BTCUSD_PERP,bid,59200,583.5
2024-08-21 15:00:13,BTCUSD_PERP,bid,59200,642.05
2024-08-21 15:00:13,BTCUSD_PERP,bid,59200,651.91
2024-08-21 15:00:14,BTCUSD_PERP,bid,59200,710.56
2024-08-21 15:00:17,BTCUSD_PERP,bid,59200,593.26
2024-08-21 15:00:17,BTCUSD_PERP,bid,59200,534.61
2024-08-21 15:09:39,BTCUSD_PERP,bid,59000,523.96
2024-08-21 15:09:40,BTCUSD_PERP,bid,59000,582.45
2024-08-21 15:10:40,BTCUSD_PERP,bid,59000,522.68
2024-08-21 15:11:17,BTCUSD_PERP,bid,59000,522.37
2024-08-21 15:11:30,BTCUSD_PERP,bid,59000,580.5
2024-08-21 15:11:30,BTCUSD_PERP,bid,59000,638.92
2024-08-21 15:11:56,BTCUSD_PERP,bid,59000,580.6
2024-08-21 15:11:56,BTCUSD_PERP,bid,58900,754.66
2024-08-21 15:11:56,BTCUSD_PERP,bid,58900,813.04
2024-08-21 15:12:35,BTCUSD_PERP,bid,58900,579.9
2024-08-21 15:12:35,BTCUSD_PERP,bid,58900,638.26
2024-08-21 15:13:34,BTCUSD_PERP,bid,58900,580.6
2024-08-21 15:13:34,BTCUSD_PERP,bid,58900,638.96
2024-08-21 15:13:44,BTCUSD_PERP,bid,58900,522.52
2024-08-21 15:13:58,BTCUSD_PERP,bid,58900,522.52
2024-08-21 15:14:01,BTCUSD_PERP,bid,58800,522.16
2024-08-21 15:14:02,BTCUSD_PERP,bid,58800,580.44
2024-08-21 15:14:11,BTCUSD_PERP,bid,58800,522.16
2024-08-21 15:14:12,BTCUSD_PERP,bid,58900,523.2
2024-08-21 15:14:12,BTCUSD_PERP,bid,58900,581.44
2024-08-21 15:14:12,BTCUSD_PERP,bid,58900,639.18
2024-08-21 15:14:13,BTCUSD_PERP,bid,58900,696.92
2024-08-21 15:14:34,BTCUSD_PERP,bid,58800,812.65
2024-08-21 15:14:34,BTCUSD_PERP,bid,58800,870.95
2024-08-21 15:14:38,BTCUSD_PERP,bid,58800,813.24
2024-08-21 15:15:22,BTCUSD_PERP,bid,58800,695.99
2024-08-21 15:15:22,BTCUSD_PERP,bid,58800,566.78
2024-08-21 15:15:22,BTCUSD_PERP,bid,58800,754.29
2024-08-21 15:15:30,BTCUSD_PERP,bid,58800,753.87
2024-08-21 15:15:30,BTCUSD_PERP,bid,58800,566.49
2024-08-21 15:15:30,BTCUSD_PERP,bid,58800,812.14
2024-08-21 15:15:47,BTCUSD_PERP,bid,58700,591.31
2024-08-21 15:15:58,BTCUSD_PERP,bid,58700,519.99
2024-08-21 15:15:58,BTCUSD_PERP,bid,58700,580.9
2024-08-21 15:16:07,BTCUSD_PERP,bid,58700,522.74
2024-08-21 15:17:10,BTCUSD_PERP,bid,58800,580.72
2024-08-21 15:17:28,BTCUSD_PERP,bid,58800,523.06
2024-08-21 15:18:41,BTCUSD_PERP,bid,58900,523.08
2024-08-21 15:19:45,BTCUSD_PERP,bid,58800,522.02
2024-08-21 15:19:45,BTCUSD_PERP,bid,58800,579.7
2024-08-21 15:19:46,BTCUSD_PERP,bid,58800,637.98
2024-08-21 15:19:46,BTCUSD_PERP,bid,58800,696.26
2024-08-21 15:20:02,BTCUSD_PERP,bid,58800,638.08
2024-08-21 15:20:02,BTCUSD_PERP,bid,58800,579.8
2024-08-21 15:20:03,BTCUSD_PERP,bid,58900,522.3
2024-08-21 15:20:03,BTCUSD_PERP,bid,58900,580.61
2024-08-21 15:20:03,BTCUSD_PERP,bid,58900,638.32
2024-08-21 15:20:03,BTCUSD_PERP,bid,58900,696.03
2024-08-21 15:20:03,BTCUSD_PERP,bid,58900,754.34
2024-08-21 15:20:20,BTCUSD_PERP,bid,58900,696.63
2024-08-21 15:20:20,BTCUSD_PERP,bid,58900,638.32
2024-08-21 15:20:20,BTCUSD_PERP,bid,58900,580.6
2024-08-21 15:20:21,BTCUSD_PERP,bid,58900,522.89
2024-08-21 15:20:21,BTCUSD_PERP,bid,58900,522.57
2024-08-21 15:20:21,BTCUSD_PERP,bid,58900,639.25
2024-08-21 15:20:22,BTCUSD_PERP,bid,58900,754.73
2024-08-21 15:22:05,BTCUSD_PERP,bid,58900,696.39
2024-08-21 15:22:06,BTCUSD_PERP,bid,58900,638.64
2024-08-21 15:22:06,BTCUSD_PERP,bid,58900,580.9
2024-08-21 15:22:48,BTCUSD_PERP,bid,58900,754.33
2024-08-21 15:23:20,BTCUSD_PERP,bid,58900,696.12
2024-08-21 15:23:21,BTCUSD_PERP,bid,58900,580.1
2024-08-21 15:23:21,BTCUSD_PERP,bid,58900,521.79
2024-08-21 15:23:49,BTCUSD_PERP,bid,58800,696.62
2024-08-21 15:25:32,BTCUSD_PERP,bid,58800,638.94
2024-08-21 15:26:47,BTCUSD_PERP,bid,58800,522.93
2024-08-21 15:26:47,BTCUSD_PERP,bid,58800,581.23
2024-08-21 15:28:03,BTCUSD_PERP,bid,58900,523.18
2024-08-21 15:28:03,BTCUSD_PERP,bid,58900,581.51
2024-08-21 15:28:03,BTCUSD_PERP,bid,58900,639.24
2024-08-21 15:28:51,BTCUSD_PERP,bid,58900,580.91
2024-08-21 15:28:51,BTCUSD_PERP,bid,58900,523.18
2024-08-21 15:28:52,BTCUSD_PERP,bid,58900,523.38
2024-08-21 15:28:52,BTCUSD_PERP,bid,58900,639.51
2024-08-21 15:28:52,BTCUSD_PERP,bid,58900,697.28
2024-08-21 15:29:12,BTCUSD_PERP,bid,58900,639.51
2024-08-21 15:29:12,BTCUSD_PERP,bid,58900,523.47
2024-08-21 15:29:13,BTCUSD_PERP,bid,58900,523.11
2024-08-21 15:29:13,BTCUSD_PERP,bid,58900,580.85
2024-08-21 15:29:13,BTCUSD_PERP,bid,58900,638.59
2024-08-21 15:29:14,BTCUSD_PERP,bid,58900,696.92
2024-08-21 15:29:58,BTCUSD_PERP,bid,58900,638.59
2024-08-21 15:29:58,BTCUSD_PERP,bid,58900,522.52
2024-08-21 15:29:59,BTCUSD_PERP,bid,58900,581.83
2024-08-21 15:30:00,BTCUSD_PERP,bid,58900,522.23
2024-08-21 15:30:03,BTCUSD_PERP,bid,58900,523.47
2024-08-21 15:30:03,BTCUSD_PERP,bid,58900,929.06
2024-08-21 15:31:38,BTCUSD_PERP,bid,58900,639.27
2024-08-21 15:31:38,BTCUSD_PERP,bid,58900,638.97
2024-08-21 15:31:38,BTCUSD_PERP,bid,58900,697.34
2024-08-21 15:31:38,BTCUSD_PERP,bid,58900,755.71
2024-08-21 15:31:38,BTCUSD_PERP,bid,58900,813.48
2024-08-21 15:31:38,BTCUSD_PERP,bid,58900,509.56
2024-08-21 15:31:38,BTCUSD_PERP,bid,58900,871.25
2024-08-21 15:31:39,BTCUSD_PERP,bid,58900,987.99
2024-08-21 15:31:39,BTCUSD_PERP,bid,58900,1162.5
2024-08-21 15:32:30,BTCUSD_PERP,bid,58900,1104.73
2024-08-21 15:32:30,BTCUSD_PERP,bid,58900,988.59
2024-08-21 15:32:31,BTCUSD_PERP,bid,58900,872.45
2024-08-21 15:32:31,BTCUSD_PERP,bid,58900,756.31
2024-08-21 15:32:31,BTCUSD_PERP,bid,58900,581.8
2024-08-21 15:32:31,BTCUSD_PERP,bid,59000,581.1
2024-08-21 15:32:31,BTCUSD_PERP,bid,58900,524.03
2024-08-21 15:32:31,BTCUSD_PERP,bid,59000,638.91
2024-08-21 15:32:31,BTCUSD_PERP,bid,59000,755.73
2024-08-21 15:32:31,BTCUSD_PERP,bid,59000,814.04
2024-08-21 15:33:04,BTCUSD_PERP,bid,59000,697.22
2024-08-21 15:33:04,BTCUSD_PERP,bid,58900,813.62
2024-08-21 15:34:05,BTCUSD_PERP,bid,58900,755.24
2024-08-21 15:34:05,BTCUSD_PERP,bid,58900,638.48
2024-08-21 15:34:06,BTCUSD_PERP,bid,58900,580.7
2024-08-21 15:34:06,BTCUSD_PERP,bid,58900,522.92
2024-08-21 15:35:23,BTCUSD_PERP,bid,59000,533.43
2024-08-21 15:35:23,BTCUSD_PERP,bid,59000,591.87
2024-08-21 15:35:35,BTCUSD_PERP,bid,59000,581.74
2024-08-21 15:36:05,BTCUSD_PERP,bid,59000,523.92
2024-08-21 15:40:10,BTCUSD_PERP,ask,64500,1616.81
2024-08-21 15:40:44,BTCUSD_PERP,ask,64500,1615.28
2024-08-21 15:43:54,BTCUSD_PERP,bid,59000,525.55
