2024-09-12 18:07:14,BTCUSD_PERP,bid,57500,525.71
2024-09-12 18:07:15,BTCUSD_PERP,bid,57500,526.91
2024-09-12 18:17:20,BTCUSD_PERP,bid,57500,567.08
2024-09-12 18:18:29,BTCUSD_PERP,bid,57500,567.35
2024-09-12 18:18:32,BTCUSD_PERP,bid,57500,567.49
2024-09-12 18:18:37,BTCUSD_PERP,bid,57500,567.08
2024-09-12 18:41:07,BTCUSD_PERP,bid,47000,2437.3
2024-09-12 18:47:18,BTCUSD_PERP,bid,47000,2437.52
2024-09-12 18:49:28,BTCUSD_PERP,bid,57500,567.29
2024-09-12 18:55:43,BTCUSD_PERP,bid,57500,566.99
2024-09-12 19:00:32,BTCUSD_PERP,bid,47000,2437.38
2024-09-12 19:03:51,BTCUSD_PERP,ask,58700,513.0
2024-09-12 19:03:53,BTCUSD_PERP,ask,58700,532.35
2024-09-12 19:03:55,BTCUSD_PERP,ask,58700,541.73
2024-09-12 19:03:57,BTCUSD_PERP,ask,58700,551.11
2024-09-12 19:04:27,BTCUSD_PERP,ask,58700,541.73
2024-09-12 19:04:28,BTCUSD_PERP,ask,58700,532.35
2024-09-12 19:04:30,BTCUSD_PERP,ask,58700,523.26
2024-09-12 19:04:40,BTCUSD_PERP,ask,58700,513.88
2024-09-12 19:06:55,BTCUSD_PERP,bid,57600,567.49
2024-09-12 19:06:55,BTCUSD_PERP,bid,57600,738.03
2024-09-12 19:08:43,BTCUSD_PERP,bid,57600,623.95
2024-09-12 19:08:43,BTCUSD_PERP,bid,57600,567.5
2024-09-12 19:08:44,BTCUSD_PERP,bid,57600,684.05
2024-09-12 19:08:44,BTCUSD_PERP,bid,57600,741.03
2024-09-12 19:08:44,BTCUSD_PERP,bid,57600,911.67
2024-09-12 19:08:44,BTCUSD_PERP,bid,57600,1025.81
2024-09-12 19:08:45,BTCUSD_PERP,bid,57600,1082.31
2024-09-12 19:08:45,BTCUSD_PERP,bid,57600,1153.2
2024-09-12 19:10:11,BTCUSD_PERP,bid,57600,1096.13
2024-09-12 19:10:12,BTCUSD_PERP,bid,57600,682.11
2024-09-12 19:10:12,BTCUSD_PERP,bid,57600,1023.2
2024-09-12 19:10:12,BTCUSD_PERP,bid,57500,554.59
2024-09-12 19:10:12,BTCUSD_PERP,bid,57600,1080.24
2024-09-12 19:13:39,BTCUSD_PERP,bid,57600,967.31
2024-09-12 19:13:39,BTCUSD_PERP,bid,57500,852.18
2024-09-12 19:13:39,BTCUSD_PERP,bid,57500,909.19
2024-09-12 19:15:21,BTCUSD_PERP,bid,57500,852.76
2024-09-12 19:15:21,BTCUSD_PERP,bid,57500,737.87
2024-09-12 19:15:21,BTCUSD_PERP,bid,57500,1022.1
2024-09-12 19:15:21,BTCUSD_PERP,bid,57500,1079.08
2024-09-12 19:15:21,BTCUSD_PERP,bid,57500,553.99
2024-09-12 19:15:58,BTCUSD_PERP,bid,57500,965.7
2024-09-12 19:15:58,BTCUSD_PERP,bid,57500,681.96
2024-09-12 19:16:00,BTCUSD_PERP,bid,57500,568.94
2024-09-12 19:16:00,BTCUSD_PERP,bid,57500,682.39
2024-09-12 19:16:00,BTCUSD_PERP,bid,57500,738.83
2024-09-12 19:17:17,BTCUSD_PERP,bid,57500,681.81
2024-09-12 19:17:17,BTCUSD_PERP,bid,57500,624.79
2024-09-12 19:17:17,BTCUSD_PERP,bid,57500,568.36
2024-09-12 19:17:18,BTCUSD_PERP,bid,57600,567.59
2024-09-12 19:17:18,BTCUSD_PERP,bid,57600,624.54
2024-09-12 19:17:18,BTCUSD_PERP,bid,57600,738.06
2024-09-12 19:17:18,BTCUSD_PERP,bid,57600,851.58
2024-09-12 19:17:19,BTCUSD_PERP,bid,57600,908.63
2024-09-12 19:17:19,BTCUSD_PERP,bid,57600,1022.73
2024-09-12 19:17:19,BTCUSD_PERP,bid,57500,555.0
