2024-08-26 07:00:00,SOLUSDT,bid,158,7602.0
2024-08-26 07:00:03,SOLUSDT,bid,158,7517.0
2024-08-26 07:00:04,SOLUSDT,bid,158,7520.0
2024-08-26 07:00:06,SOLUSDT,bid,158,7523.0
2024-08-26 07:00:06,SOLUSDT,bid,158,7535.0
2024-08-26 07:00:06,SOLUSDT,bid,158,7522.0
2024-08-26 07:00:07,SOLUSDT,bid,158,7519.0
2024-08-26 07:00:07,SOLUSDT,bid,158,7520.0
2024-08-26 07:00:07,SOLUSDT,bid,158,7533.0
2024-08-26 07:00:08,SOLUSDT,bid,158,7534.0
2024-08-26 07:00:09,SOLUSDT,bid,158,7521.0
2024-08-26 07:00:09,SOLUSDT,bid,158,7517.0
2024-08-26 07:00:10,SOLUSDT,bid,158,7507.0
2024-08-26 07:00:10,SOLUSDT,bid,158,7510.0
2024-08-26 07:00:11,SOLUSDT,bid,158,7504.0
2024-08-26 07:00:11,SOLUSDT,bid,158,7507.0
2024-08-26 07:00:13,SOLUSDT,bid,158,7501.0
2024-08-26 07:00:14,SOLUSDT,bid,158,7504.0
2024-08-26 07:00:14,SOLUSDT,bid,158,7501.0
2024-08-26 07:00:14,SOLUSDT,bid,158,7502.0
2024-08-26 07:00:15,SOLUSDT,bid,158,7505.0
2024-08-26 07:00:15,SOLUSDT,bid,158,7502.0
2024-08-26 07:00:16,SOLUSDT,bid,158,7495.0
2024-08-26 07:00:16,SOLUSDT,bid,158,7495.0
2024-08-26 07:00:17,SOLUSDT,bid,158,7513.0
2024-08-26 07:00:18,SOLUSDT,bid,158,7620.0
2024-08-26 07:00:18,SOLUSDT,bid,158,7584.0
2024-08-26 07:00:19,SOLUSDT,bid,158,7581.0
2024-08-26 07:00:19,SOLUSDT,bid,158,7568.0
2024-08-26 07:00:19,SOLUSDT,bid,158,7581.0
2024-08-26 07:00:20,SOLUSDT,bid,158,7581.0
2024-08-26 07:00:20,SOLUSDT,bid,158,7562.0
2024-08-26 07:00:21,SOLUSDT,bid,158,7560.0
2024-08-26 07:00:22,SOLUSDT,bid,158,7557.0
2024-08-26 07:00:22,SOLUSDT,bid,158,7502.0
2024-08-26 07:00:22,SOLUSDT,bid,158,7501.0
2024-08-26 07:00:22,SOLUSDT,bid,158,7564.0
2024-08-26 07:00:23,SOLUSDT,bid,158,7488.0
2024-08-26 07:00:23,SOLUSDT,bid,158,7501.0
2024-08-26 07:00:24,SOLUSDT,bid,158,7556.0
2024-08-26 07:00:25,SOLUSDT,bid,158,7501.0
2024-08-26 07:00:25,SOLUSDT,bid,158,7488.0
2024-08-26 07:00:25,SOLUSDT,bid,158,7504.0
2024-08-26 07:00:25,SOLUSDT,bid,158,7491.0
2024-08-26 07:00:25,SOLUSDT,bid,158,7504.0
2024-08-26 07:00:26,SOLUSDT,bid,158,7559.0
2024-08-26 07:00:26,SOLUSDT,bid,158,7679.0
2024-08-26 07:00:26,SOLUSDT,bid,158,7559.0
2024-08-26 07:00:26,SOLUSDT,bid,158,7546.0
2024-08-26 07:00:26,SOLUSDT,bid,158,7656.0
2024-08-26 07:00:28,SOLUSDT,bid,158,7660.0
2024-08-26 07:00:28,SOLUSDT,bid,158,7605.0
2024-08-26 07:00:31,SOLUSDT,bid,158,7495.0
2024-08-26 07:00:33,SOLUSDT,bid,156,7026.0
2024-08-26 07:00:33,SOLUSDT,bid,158,7494.0
2024-08-26 07:00:33,SOLUSDT,bid,158,7379.0
2024-08-26 07:00:37,SOLUSDT,bid,158,7380.0
2024-08-26 07:00:37,SOLUSDT,bid,158,7376.0
2024-08-26 07:00:42,SOLUSDT,bid,158,7375.0
2024-08-26 07:00:44,SOLUSDT,bid,158,7376.0
2024-08-26 07:00:51,SOLUSDT,bid,158,7435.0
2024-08-26 07:01:00,SOLUSDT,bid,158,7389.0
2024-08-26 07:01:01,SOLUSDT,bid,158,7415.0
2024-08-26 07:01:02,SOLUSDT,bid,158,7356.0
2024-08-26 07:01:03,SOLUSDT,bid,158,7331.0
2024-08-26 07:01:03,SOLUSDT,bid,158,7330.0
2024-08-26 07:01:12,SOLUSDT,bid,158,7331.0
2024-08-26 07:01:13,SOLUSDT,bid,158,7330.0
2024-08-26 07:01:18,SOLUSDT,bid,158,7329.0
2024-08-26 07:01:21,SOLUSDT,bid,158,7328.0
2024-08-26 07:01:32,SOLUSDT,bid,158,7325.0
2024-08-26 07:01:45,SOLUSDT,bid,155,11339.0
2024-08-26 07:01:54,SOLUSDT,bid,158,7313.0
2024-08-26 07:01:59,SOLUSDT,bid,155,11338.0
2024-08-26 07:02:00,SOLUSDT,bid,158,7312.0
2024-08-26 07:02:12,SOLUSDT,bid,155,11337.0
2024-08-26 07:02:20,SOLUSDT,bid,150,9477.0
2024-08-26 07:02:25,SOLUSDT,bid,158,7313.0
2024-08-26 07:02:36,SOLUSDT,bid,158,7314.0
2024-08-26 07:03:05,SOLUSDT,bid,158,7313.0
2024-08-26 07:03:09,SOLUSDT,bid,158,7311.0
2024-08-26 07:03:14,SOLUSDT,bid,150,9470.0
2024-08-26 07:03:18,SOLUSDT,ask,175,33547.0
2024-08-26 07:03:18,SOLUSDT,ask,170,7445.0
2024-08-26 07:03:21,SOLUSDT,bid,158,7310.0
2024-08-26 07:04:00,SOLUSDT,bid,158,7311.0
2024-08-26 07:04:05,SOLUSDT,bid,158,7310.0
2024-08-26 07:04:08,SOLUSDT,bid,156,6899.0
2024-08-26 07:04:14,SOLUSDT,bid,158,7311.0
2024-08-26 07:04:16,SOLUSDT,bid,150,9054.0
2024-08-26 07:04:17,SOLUSDT,bid,158,7782.0
2024-08-26 07:04:23,SOLUSDT,bid,158,7311.0
2024-08-26 07:04:23,SOLUSDT,bid,158,7310.0
2024-08-26 07:04:27,SOLUSDT,bid,155,11367.0
2024-08-26 07:04:42,SOLUSDT,bid,155,11337.0
2024-08-26 07:04:43,SOLUSDT,bid,155,11335.0
2024-08-26 07:05:12,SOLUSDT,bid,148,19810.0
2024-08-26 07:05:18,SOLUSDT,bid,155,11206.0
2024-08-26 07:05:21,SOLUSDT,ask,162,8835.0
2024-08-26 07:05:35,SOLUSDT,bid,158,7333.0
2024-08-26 07:06:01,SOLUSDT,bid,155,11207.0
2024-08-26 07:06:04,SOLUSDT,bid,155,11206.0
2024-08-26 07:06:13,SOLUSDT,bid,158,7334.0
2024-08-26 07:06:31,SOLUSDT,bid,158,7336.0
2024-08-26 07:06:31,SOLUSDT,bid,158,7334.0
2024-08-26 07:06:31,SOLUSDT,bid,158,7336.0
2024-08-26 07:06:31,SOLUSDT,bid,158,7334.0
2024-08-26 07:06:31,SOLUSDT,bid,158,7336.0
2024-08-26 07:06:32,SOLUSDT,bid,155,11256.0
2024-08-26 07:06:35,SOLUSDT,bid,158,7313.0
2024-08-26 07:06:36,SOLUSDT,bid,140,9150.0
2024-08-26 07:06:39,SOLUSDT,bid,155,11273.0
2024-08-26 07:06:42,SOLUSDT,bid,158,7311.0
2024-08-26 07:06:55,SOLUSDT,bid,158,7310.0
2024-08-26 07:07:32,SOLUSDT,bid,155,11274.0
2024-08-26 07:07:50,SOLUSDT,ask,162,8837.0
2024-08-26 07:08:02,SOLUSDT,ask,162,8843.0
2024-08-26 07:08:27,SOLUSDT,bid,158,7410.0
2024-08-26 07:08:27,SOLUSDT,bid,158,7430.0
2024-08-26 07:08:45,SOLUSDT,bid,158,7310.0
2024-08-26 07:09:20,SOLUSDT,bid,158,7311.0
2024-08-26 07:09:25,SOLUSDT,bid,158,7310.0
2024-08-26 07:09:27,SOLUSDT,bid,155,88580.0
2024-08-26 07:09:32,SOLUSDT,bid,158,7311.0
2024-08-26 07:09:39,SOLUSDT,ask,162,8901.0
2024-08-26 07:09:57,SOLUSDT,bid,158,7310.0
2024-08-26 07:10:15,SOLUSDT,bid,150,9056.0
2024-08-26 07:10:24,SOLUSDT,bid,155,11276.0
2024-08-26 07:10:40,SOLUSDT,bid,158,7311.0
2024-08-26 07:10:55,SOLUSDT,bid,150,9054.0
2024-08-26 07:10:56,SOLUSDT,ask,167,11550.0
2024-08-26 07:11:14,SOLUSDT,bid,158,7276.0
2024-08-26 07:11:24,SOLUSDT,bid,140,9225.0
2024-08-26 07:11:36,SOLUSDT,bid,145,9364.0
2024-08-26 07:11:38,SOLUSDT,bid,158,7275.0
2024-08-26 07:11:58,SOLUSDT,bid,140,9150.0
2024-08-26 07:12:27,SOLUSDT,bid,155,11282.0
2024-08-26 07:12:29,SOLUSDT,ask,159,8681.0
2024-08-26 07:12:31,SOLUSDT,bid,158,7296.0
2024-08-26 07:12:31,SOLUSDT,bid,158,7297.0
2024-08-26 07:12:33,SOLUSDT,bid,155,11332.0
2024-08-26 07:12:38,SOLUSDT,bid,158,7296.0
2024-08-26 07:12:39,SOLUSDT,bid,158,7278.0
2024-08-26 07:12:41,SOLUSDT,bid,158,7279.0
2024-08-26 07:12:41,SOLUSDT,bid,158,7336.0
2024-08-26 07:12:41,SOLUSDT,bid,155,11396.0
2024-08-26 07:12:42,SOLUSDT,bid,158,7277.0
2024-08-26 07:12:42,SOLUSDT,bid,158,7336.0
2024-08-26 07:12:43,SOLUSDT,bid,158,7277.0
2024-08-26 07:12:45,SOLUSDT,bid,158,7519.0
2024-08-26 07:12:45,SOLUSDT,bid,158,7277.0
2024-08-26 07:12:47,SOLUSDT,bid,158,7276.0
2024-08-26 07:12:48,SOLUSDT,bid,158,7277.0
2024-08-26 07:12:52,SOLUSDT,bid,158,7279.0
2024-08-26 07:12:53,SOLUSDT,bid,158,7278.0
2024-08-26 07:13:13,SOLUSDT,bid,150,9057.0
2024-08-26 07:13:19,SOLUSDT,bid,140,9146.0
2024-08-26 07:13:20,SOLUSDT,bid,150,9056.0
2024-08-26 07:13:22,SOLUSDT,bid,145,9362.0
2024-08-26 07:13:33,SOLUSDT,ask,162,8912.0
2024-08-26 07:13:36,SOLUSDT,ask,162,8934.0
2024-08-26 07:13:36,SOLUSDT,ask,162,8935.0
2024-08-26 07:13:42,SOLUSDT,bid,158,9233.0
2024-08-26 07:13:42,SOLUSDT,bid,158,7278.0
2024-08-26 07:13:43,SOLUSDT,bid,158,7279.0
2024-08-26 07:13:49,SOLUSDT,bid,158,7344.0
2024-08-26 07:13:49,SOLUSDT,bid,158,7279.0
2024-08-26 07:13:50,SOLUSDT,bid,158,7297.0
2024-08-26 07:13:50,SOLUSDT,bid,158,7298.0
2024-08-26 07:13:56,SOLUSDT,bid,158,7313.0
2024-08-26 07:13:58,SOLUSDT,bid,158,7313.0
2024-08-26 07:14:04,SOLUSDT,bid,158,7280.0
2024-08-26 07:14:04,SOLUSDT,bid,155,11332.0
2024-08-26 07:14:14,SOLUSDT,bid,158,7281.0
2024-08-26 07:14:16,SOLUSDT,bid,158,7280.0
2024-08-26 07:14:16,SOLUSDT,bid,158,7280.0
2024-08-26 07:14:21,SOLUSDT,bid,158,7278.0
2024-08-26 07:14:21,SOLUSDT,bid,158,7351.0
2024-08-26 07:14:22,SOLUSDT,bid,158,7351.0
2024-08-26 07:14:22,SOLUSDT,bid,158,7296.0
2024-08-26 07:14:22,SOLUSDT,bid,158,7352.0
2024-08-26 07:14:23,SOLUSDT,bid,158,7360.0
2024-08-26 07:14:25,SOLUSDT,ask,162,8974.0
2024-08-26 07:14:29,SOLUSDT,ask,162,8924.0
2024-08-26 07:14:32,SOLUSDT,ask,162,8866.0
2024-08-26 07:14:35,SOLUSDT,ask,162,8843.0
2024-08-26 07:15:29,SOLUSDT,bid,155,11359.0
2024-08-26 07:15:31,SOLUSDT,bid,155,11301.0
2024-08-26 07:15:57,SOLUSDT,bid,145,9363.0
2024-08-26 07:16:15,SOLUSDT,ask,170,7340.0
2024-08-26 07:16:23,SOLUSDT,ask,167,11546.0
2024-08-26 07:16:34,SOLUSDT,bid,155,11288.0
2024-08-26 07:16:41,SOLUSDT,bid,150,14801.0
2024-08-26 07:16:48,SOLUSDT,ask,170,7331.0
2024-08-26 07:16:50,SOLUSDT,bid,155,11286.0
2024-08-26 07:16:54,SOLUSDT,bid,155,11288.0
2024-08-26 07:17:38,SOLUSDT,bid,150,14802.0
2024-08-26 07:18:00,SOLUSDT,bid,155,11238.0
2024-08-26 07:18:16,SOLUSDT,bid,155,11252.0
2024-08-26 07:19:19,SOLUSDT,bid,148,19808.0
2024-08-26 07:19:57,SOLUSDT,bid,155,11253.0
2024-08-26 07:20:33,SOLUSDT,bid,155,11236.0
2024-08-26 07:20:40,SOLUSDT,ask,160,10000.0
2024-08-26 07:20:44,SOLUSDT,ask,167,11418.0
2024-08-26 07:20:44,SOLUSDT,ask,161,14380.0
2024-08-26 07:20:59,SOLUSDT,ask,161,14567.0
2024-08-26 07:21:08,SOLUSDT,bid,148,20248.0
2024-08-26 07:21:11,SOLUSDT,bid,156,6908.0
2024-08-26 07:21:20,SOLUSDT,ask,178,30366.0
2024-08-26 07:21:30,SOLUSDT,bid,155,11237.0
2024-08-26 07:21:31,SOLUSDT,bid,156,6899.0
2024-08-26 07:21:39,SOLUSDT,bid,156,6905.0
2024-08-26 07:22:00,SOLUSDT,bid,145,10013.0
2024-08-26 07:22:25,SOLUSDT,ask,161,14568.0
2024-08-26 07:22:30,SOLUSDT,bid,150,14799.0
2024-08-26 07:22:56,SOLUSDT,ask,161,14569.0
2024-08-26 07:23:20,SOLUSDT,bid,156,6899.0
2024-08-26 07:23:29,SOLUSDT,bid,150,14800.0
2024-08-26 07:23:47,SOLUSDT,bid,150,14799.0
2024-08-26 07:23:48,SOLUSDT,ask,161,14631.0
2024-08-26 07:24:07,SOLUSDT,bid,158,6666.0
2024-08-26 07:24:30,SOLUSDT,ask,161,14693.0
2024-08-26 07:24:34,SOLUSDT,ask,161,14631.0
2024-08-26 07:24:37,SOLUSDT,bid,155,11238.0
2024-08-26 07:24:49,SOLUSDT,bid,155,88592.0
2024-08-26 07:24:55,SOLUSDT,bid,155,11223.0
2024-08-26 07:25:12,SOLUSDT,bid,155,11243.0
2024-08-26 07:25:28,SOLUSDT,bid,148,20298.0
2024-08-26 07:25:44,SOLUSDT,bid,138,12464.0
2024-08-26 07:25:58,SOLUSDT,bid,155,11247.0
2024-08-26 07:25:58,SOLUSDT,bid,155,11263.0
2024-08-26 07:26:05,SOLUSDT,ask,162,8865.0
2024-08-26 07:26:21,SOLUSDT,ask,162,8859.0
2024-08-26 07:26:23,SOLUSDT,ask,161,14651.0
2024-08-26 07:26:26,SOLUSDT,bid,155,11259.0
2024-08-26 07:26:37,SOLUSDT,bid,150,14845.0
2024-08-26 07:27:01,SOLUSDT,ask,162,8870.0
2024-08-26 07:27:09,SOLUSDT,ask,161,14861.0
2024-08-26 07:27:30,SOLUSDT,bid,148,20173.0
2024-08-26 07:27:36,SOLUSDT,bid,155,11260.0
2024-08-26 07:27:53,SOLUSDT,ask,162,8880.0
2024-08-26 07:28:20,SOLUSDT,bid,150,14970.0
2024-08-26 07:28:26,SOLUSDT,ask,161,14871.0
2024-08-26 07:29:05,SOLUSDT,ask,160,10035.0
2024-08-26 07:29:29,SOLUSDT,bid,156,6902.0
2024-08-26 07:29:52,SOLUSDT,ask,160,10000.0
2024-08-26 07:30:08,SOLUSDT,ask,162,8882.0
2024-08-26 07:30:42,SOLUSDT,bid,155,11255.0
2024-08-26 07:30:44,SOLUSDT,bid,150,14965.0
2024-08-26 07:30:55,SOLUSDT,ask,161,14872.0
2024-08-26 07:31:17,SOLUSDT,bid,155,11262.0
2024-08-26 07:32:10,SOLUSDT,ask,161,14662.0
2024-08-26 07:32:48,SOLUSDT,bid,150,14964.0
2024-08-26 07:32:51,SOLUSDT,bid,155,11184.0
2024-08-26 07:33:14,SOLUSDT,ask,162,8877.0
2024-08-26 07:33:34,SOLUSDT,ask,162,8569.0
2024-08-26 07:33:37,SOLUSDT,bid,155,11181.0
2024-08-26 07:33:43,SOLUSDT,ask,161,14661.0
2024-08-26 07:33:46,SOLUSDT,ask,161,14660.0
2024-08-26 07:33:52,SOLUSDT,ask,170,7336.0
2024-08-26 07:33:56,SOLUSDT,bid,155,11180.0
2024-08-26 07:34:32,SOLUSDT,ask,162,8570.0
2024-08-26 07:34:41,SOLUSDT,ask,161,14709.0
2024-08-26 07:34:50,SOLUSDT,ask,162,8600.0
2024-08-26 07:34:51,SOLUSDT,ask,161,14743.0
2024-08-26 07:34:54,SOLUSDT,ask,162,8877.0
2024-08-26 07:34:56,SOLUSDT,ask,161,14694.0
2024-08-26 07:35:14,SOLUSDT,ask,170,7363.0
2024-08-26 07:35:14,SOLUSDT,ask,161,14743.0
2024-08-26 07:35:16,SOLUSDT,ask,161,14744.0
2024-08-26 07:35:17,SOLUSDT,ask,161,14743.0
2024-08-26 07:35:35,SOLUSDT,ask,171,8746.0
2024-08-26 07:35:36,SOLUSDT,ask,160,10016.0
2024-08-26 07:35:45,SOLUSDT,ask,161,14694.0
2024-08-26 07:36:01,SOLUSDT,ask,171,8753.0
2024-08-26 07:37:25,SOLUSDT,bid,145,10026.0
2024-08-26 07:38:36,SOLUSDT,ask,161,14712.0
2024-08-26 07:38:59,SOLUSDT,ask,175,33547.0
2024-08-26 07:39:30,SOLUSDT,ask,161,14694.0
2024-08-26 07:39:49,SOLUSDT,ask,162,8876.0
2024-08-26 07:40:06,SOLUSDT,bid,155,11182.0
2024-08-26 07:40:08,SOLUSDT,bid,155,11180.0
2024-08-26 07:40:12,SOLUSDT,ask,161,14701.0
2024-08-26 07:40:20,SOLUSDT,ask,171,8382.0
2024-08-26 07:40:29,SOLUSDT,ask,162,8880.0
2024-08-26 07:41:07,SOLUSDT,bid,155,11178.0
2024-08-26 07:41:35,SOLUSDT,bid,156,7098.0
2024-08-26 07:41:39,SOLUSDT,bid,155,11177.0
2024-08-26 07:41:43,SOLUSDT,bid,156,7092.0
2024-08-26 07:41:46,SOLUSDT,ask,161,14901.0
2024-08-26 07:42:00,SOLUSDT,ask,161,14888.0
2024-08-26 07:42:02,SOLUSDT,bid,156,7123.0
2024-08-26 07:42:11,SOLUSDT,bid,156,7092.0
2024-08-26 07:42:17,SOLUSDT,bid,155,11179.0
2024-08-26 07:42:23,SOLUSDT,ask,161,14688.0
2024-08-26 07:42:23,SOLUSDT,bid,145,10028.0
2024-08-26 07:42:54,SOLUSDT,bid,150,14965.0
2024-08-26 07:43:31,SOLUSDT,bid,148,20179.0
2024-08-26 07:44:02,SOLUSDT,bid,148,20169.0
2024-08-26 07:44:03,SOLUSDT,ask,161,14668.0
2024-08-26 07:44:03,SOLUSDT,ask,180,5584.0
2024-08-26 07:44:12,SOLUSDT,ask,178,30303.0
2024-08-26 07:44:16,SOLUSDT,bid,156,7098.0
2024-08-26 07:44:32,SOLUSDT,bid,156,7092.0
2024-08-26 07:44:49,SOLUSDT,bid,155,11230.0
2024-08-26 07:45:03,SOLUSDT,bid,155,11179.0
2024-08-26 07:45:04,SOLUSDT,bid,155,11180.0
2024-08-26 07:45:11,SOLUSDT,ask,162,8890.0
2024-08-26 07:45:17,SOLUSDT,ask,172,11405.0
2024-08-26 07:45:21,SOLUSDT,bid,155,11179.0
2024-08-26 07:45:36,SOLUSDT,ask,162,8885.0
2024-08-26 07:45:57,SOLUSDT,bid,148,20469.0
2024-08-26 07:46:28,SOLUSDT,ask,162,8886.0
2024-08-26 07:46:30,SOLUSDT,bid,155,11180.0
2024-08-26 07:46:34,SOLUSDT,ask,161,14669.0
2024-08-26 07:46:47,SOLUSDT,ask,161,14668.0
2024-08-26 07:46:52,SOLUSDT,ask,174,11518.0
2024-08-26 07:47:02,SOLUSDT,ask,174,11517.0
2024-08-26 07:47:02,SOLUSDT,ask,161,14671.0
2024-08-26 07:47:15,SOLUSDT,ask,161,14672.0
2024-08-26 07:47:30,SOLUSDT,ask,161,14671.0
2024-08-26 07:47:35,SOLUSDT,bid,156,7094.0
2024-08-26 07:47:40,SOLUSDT,ask,162,8886.0
2024-08-26 07:47:42,SOLUSDT,ask,161,14672.0
2024-08-26 07:47:53,SOLUSDT,ask,167,11618.0
2024-08-26 07:48:13,SOLUSDT,ask,161,14682.0
2024-08-26 07:48:15,SOLUSDT,ask,162,8885.0
2024-08-26 07:48:24,SOLUSDT,ask,161,14683.0
2024-08-26 07:48:35,SOLUSDT,ask,162,8897.0
2024-08-26 07:48:47,SOLUSDT,ask,162,8885.0
2024-08-26 07:49:20,SOLUSDT,bid,155,11181.0
2024-08-26 07:49:24,SOLUSDT,ask,162,8886.0
2024-08-26 07:49:43,SOLUSDT,bid,155,11156.0
2024-08-26 07:50:16,SOLUSDT,ask,162,8808.0
2024-08-26 07:50:16,SOLUSDT,ask,162,8805.0
2024-08-26 07:51:40,SOLUSDT,ask,161,14684.0
2024-08-26 07:51:43,SOLUSDT,bid,156,7092.0
2024-08-26 07:51:43,SOLUSDT,bid,155,11181.0
2024-08-26 07:51:57,SOLUSDT,ask,162,8787.0
2024-08-26 07:51:58,SOLUSDT,ask,161,14683.0
2024-08-26 07:52:35,SOLUSDT,bid,150,14966.0
2024-08-26 07:52:46,SOLUSDT,bid,155,11179.0
2024-08-26 07:52:46,SOLUSDT,ask,160,10016.0
2024-08-26 07:53:01,SOLUSDT,bid,155,11180.0
2024-08-26 07:53:21,SOLUSDT,bid,156,7255.0
2024-08-26 07:53:24,SOLUSDT,bid,155,11179.0
2024-08-26 07:53:28,SOLUSDT,bid,156,7382.0
2024-08-26 07:53:42,SOLUSDT,ask,161,14733.0
2024-08-26 07:53:44,SOLUSDT,bid,156,7383.0
2024-08-26 07:53:53,SOLUSDT,bid,150,14723.0
2024-08-26 07:54:07,SOLUSDT,bid,156,7220.0
2024-08-26 07:54:14,SOLUSDT,bid,145,10023.0
2024-08-26 07:54:19,SOLUSDT,ask,161,14738.0
2024-08-26 07:54:20,SOLUSDT,ask,161,14760.0
2024-08-26 07:54:37,SOLUSDT,ask,167,11614.0
2024-08-26 07:54:41,SOLUSDT,bid,138,12465.0
2024-08-26 07:54:45,SOLUSDT,bid,150,14003.0
2024-08-26 07:54:47,SOLUSDT,bid,155,11216.0
2024-08-26 07:54:51,SOLUSDT,ask,161,14755.0
2024-08-26 07:54:56,SOLUSDT,bid,150,14002.0
2024-08-26 07:54:59,SOLUSDT,ask,161,14756.0
2024-08-26 07:55:03,SOLUSDT,bid,150,14717.0
2024-08-26 07:55:20,SOLUSDT,ask,161,14757.0
2024-08-26 07:55:23,SOLUSDT,ask,161,14905.0
2024-08-26 07:55:26,SOLUSDT,bid,156,7093.0
2024-08-26 07:55:51,SOLUSDT,ask,161,14902.0
2024-08-26 07:55:53,SOLUSDT,ask,162,8788.0
2024-08-26 07:56:02,SOLUSDT,ask,162,8773.0
2024-08-26 07:56:09,SOLUSDT,bid,156,7083.0
2024-08-26 07:56:18,SOLUSDT,bid,155,11316.0
2024-08-26 07:56:35,SOLUSDT,bid,150,14702.0
2024-08-26 07:56:45,SOLUSDT,ask,161,14905.0
2024-08-26 07:56:49,SOLUSDT,bid,150,14701.0
2024-08-26 07:57:01,SOLUSDT,bid,155,11336.0
2024-08-26 07:57:49,SOLUSDT,bid,155,11536.0
2024-08-26 07:59:56,SOLUSDT,ask,162,8758.0
2024-08-26 08:01:57,SOLUSDT,bid,150,14767.0
2024-08-26 08:02:03,SOLUSDT,bid,150,14768.0
2024-08-26 08:02:04,SOLUSDT,ask,162,8771.0
2024-08-26 08:02:12,SOLUSDT,ask,162,8701.0
2024-08-26 08:02:35,SOLUSDT,ask,167,11605.0
2024-08-26 08:02:41,SOLUSDT,bid,148,20463.0
2024-08-26 08:03:05,SOLUSDT,ask,159,8438.0
2024-08-26 08:03:05,SOLUSDT,ask,159,8426.0
2024-08-26 08:03:18,SOLUSDT,ask,159,8254.0
2024-08-26 08:03:23,SOLUSDT,ask,159,8451.0
2024-08-26 08:03:23,SOLUSDT,bid,155,11546.0
2024-08-26 08:03:32,SOLUSDT,bid,145,10025.0
2024-08-26 08:03:32,SOLUSDT,bid,150,14770.0
2024-08-26 08:03:32,SOLUSDT,bid,155,11548.0
2024-08-26 08:03:32,SOLUSDT,ask,170,7365.0
2024-08-26 08:03:34,SOLUSDT,bid,150,14780.0
2024-08-26 08:04:07,SOLUSDT,ask,162,8647.0
2024-08-26 08:04:39,SOLUSDT,bid,155,88653.0
2024-08-26 08:04:53,SOLUSDT,bid,155,11549.0
2024-08-26 08:05:40,SOLUSDT,ask,162,8648.0
2024-08-26 08:06:15,SOLUSDT,bid,155,11548.0
2024-08-26 08:06:38,SOLUSDT,bid,155,11516.0
2024-08-26 08:07:08,SOLUSDT,bid,155,11479.0
2024-08-26 08:07:32,SOLUSDT,bid,158,6443.0
2024-08-26 08:07:34,SOLUSDT,bid,148,20511.0
2024-08-26 08:08:03,SOLUSDT,bid,95,21030.0
2024-08-26 08:08:35,SOLUSDT,bid,148,20463.0
2024-08-26 08:08:57,SOLUSDT,ask,162,7448.0
2024-08-26 08:08:59,SOLUSDT,ask,162,7549.0
2024-08-26 08:09:04,SOLUSDT,bid,150,14787.0
2024-08-26 08:09:17,SOLUSDT,bid,155,11485.0
2024-08-26 08:09:20,SOLUSDT,ask,167,11603.0
2024-08-26 08:09:27,SOLUSDT,bid,155,11470.0
2024-08-26 08:09:40,SOLUSDT,bid,155,88592.0
2024-08-26 08:10:16,SOLUSDT,bid,148,20472.0
2024-08-26 08:10:19,SOLUSDT,ask,167,11607.0
2024-08-26 08:11:46,SOLUSDT,bid,155,11473.0
2024-08-26 08:12:10,SOLUSDT,bid,150,14786.0
2024-08-26 08:12:33,SOLUSDT,ask,174,11518.0
2024-08-26 08:12:42,SOLUSDT,ask,174,11517.0
2024-08-26 08:12:42,SOLUSDT,ask,162,7561.0
2024-08-26 08:13:17,SOLUSDT,bid,155,88623.0
2024-08-26 08:13:35,SOLUSDT,bid,150,14785.0
2024-08-26 08:13:35,SOLUSDT,ask,162,7560.0
2024-08-26 08:13:47,SOLUSDT,ask,159,8048.0
2024-08-26 08:13:48,SOLUSDT,ask,159,8039.0
2024-08-26 08:13:50,SOLUSDT,ask,159,8086.0
2024-08-26 08:14:34,SOLUSDT,ask,159,8497.0
2024-08-26 08:14:35,SOLUSDT,ask,162,7556.0
2024-08-26 08:15:01,SOLUSDT,ask,170,7364.0
2024-08-26 08:15:16,SOLUSDT,bid,155,88592.0
2024-08-26 08:15:32,SOLUSDT,ask,159,7454.0
2024-08-26 08:16:48,SOLUSDT,bid,155,11472.0
2024-08-26 08:16:50,SOLUSDT,bid,150,14885.0
2024-08-26 08:16:52,SOLUSDT,bid,158,6884.0
2024-08-26 08:17:01,SOLUSDT,bid,156,7084.0
2024-08-26 08:17:07,SOLUSDT,ask,162,7559.0
2024-08-26 08:17:18,SOLUSDT,bid,154,8359.0
2024-08-26 08:17:34,SOLUSDT,bid,154,8353.0
2024-08-26 08:17:36,SOLUSDT,bid,155,11478.0
2024-08-26 08:17:59,SOLUSDT,bid,156,7090.0
2024-08-26 08:18:19,SOLUSDT,bid,156,7084.0
2024-08-26 08:20:33,SOLUSDT,ask,170,7355.0
2024-08-26 08:20:47,SOLUSDT,bid,155,11488.0
2024-08-26 08:20:48,SOLUSDT,bid,155,11487.0
2024-08-26 08:21:55,SOLUSDT,bid,155,12087.0
2024-08-26 08:22:24,SOLUSDT,bid,145,9902.0
2024-08-26 08:23:05,SOLUSDT,bid,150,14883.0
2024-08-26 08:23:05,SOLUSDT,bid,155,12089.0
2024-08-26 08:23:22,SOLUSDT,bid,155,11489.0
2024-08-26 08:23:28,SOLUSDT,ask,159,6329.0
2024-08-26 08:24:57,SOLUSDT,ask,167,11609.0
2024-08-26 08:25:45,SOLUSDT,bid,150,14881.0
2024-08-26 08:26:41,SOLUSDT,ask,159,6678.0
2024-08-26 08:26:49,SOLUSDT,bid,155,88653.0
2024-08-26 08:26:51,SOLUSDT,bid,155,88714.0
2024-08-26 08:26:51,SOLUSDT,bid,155,88775.0
2024-08-26 08:26:53,SOLUSDT,bid,155,88836.0
2024-08-26 08:27:15,SOLUSDT,bid,150,14882.0
2024-08-26 08:27:16,SOLUSDT,bid,150,14877.0
2024-08-26 08:28:26,SOLUSDT,bid,158,6639.0
2024-08-26 08:28:45,SOLUSDT,bid,148,7402.0
2024-08-26 08:29:11,SOLUSDT,bid,148,7400.0
2024-08-26 08:29:54,SOLUSDT,bid,155,11493.0
2024-08-26 08:30:17,SOLUSDT,bid,155,11499.0
2024-08-26 08:30:33,SOLUSDT,bid,155,11493.0
2024-08-26 08:31:00,SOLUSDT,bid,140,9140.0
2024-08-26 08:31:18,SOLUSDT,ask,162,7683.0
2024-08-26 08:31:35,SOLUSDT,ask,162,7705.0
2024-08-26 08:31:48,SOLUSDT,bid,140,9096.0
2024-08-26 08:32:01,SOLUSDT,bid,155,88775.0
2024-08-26 08:32:02,SOLUSDT,bid,155,88714.0
2024-08-26 08:32:02,SOLUSDT,bid,155,88653.0
2024-08-26 08:32:03,SOLUSDT,bid,155,88592.0
2024-08-26 08:32:04,SOLUSDT,bid,158,6346.0
2024-08-26 08:32:05,SOLUSDT,bid,158,6379.0
2024-08-26 08:32:11,SOLUSDT,bid,155,11622.0
2024-08-26 08:32:29,SOLUSDT,bid,150,14887.0
2024-08-26 08:32:35,SOLUSDT,ask,162,7683.0
2024-08-26 08:32:42,SOLUSDT,ask,162,7684.0
2024-08-26 08:33:09,SOLUSDT,bid,155,88608.0
2024-08-26 08:33:09,SOLUSDT,bid,155,88627.0
2024-08-26 08:33:13,SOLUSDT,bid,158,6403.0
2024-08-26 08:33:15,SOLUSDT,bid,158,6478.0
2024-08-26 08:33:15,SOLUSDT,bid,158,6478.0
2024-08-26 08:33:15,SOLUSDT,bid,158,6478.0
2024-08-26 08:33:17,SOLUSDT,bid,158,6506.0
2024-08-26 08:33:18,SOLUSDT,bid,158,6543.0
2024-08-26 08:33:20,SOLUSDT,bid,158,6445.0
2024-08-26 08:33:21,SOLUSDT,bid,158,6483.0
2024-08-26 08:33:22,SOLUSDT,bid,158,6491.0
2024-08-26 08:33:22,SOLUSDT,bid,158,6491.0
2024-08-26 08:33:25,SOLUSDT,bid,155,88611.0
2024-08-26 08:33:26,SOLUSDT,bid,155,88592.0
2024-08-26 08:33:26,SOLUSDT,bid,158,7032.0
2024-08-26 08:33:27,SOLUSDT,bid,158,7062.0
2024-08-26 08:33:34,SOLUSDT,bid,155,11422.0
2024-08-26 08:33:40,SOLUSDT,bid,158,6324.0
2024-08-26 08:33:41,SOLUSDT,bid,156,8084.0
2024-08-26 08:33:42,SOLUSDT,bid,158,6375.0
2024-08-26 08:33:47,SOLUSDT,bid,158,7177.0
2024-08-26 08:33:47,SOLUSDT,bid,158,7177.0
2024-08-26 08:33:47,SOLUSDT,bid,158,7177.0
2024-08-26 08:33:58,SOLUSDT,bid,155,11412.0
2024-08-26 08:34:00,SOLUSDT,bid,156,8094.0
2024-08-26 08:34:06,SOLUSDT,bid,150,15153.0
2024-08-26 08:34:07,SOLUSDT,bid,150,15553.0
2024-08-26 08:34:22,SOLUSDT,bid,155,11410.0
2024-08-26 08:34:28,SOLUSDT,bid,158,6910.0
2024-08-26 08:34:29,SOLUSDT,bid,158,6910.0
2024-08-26 08:34:29,SOLUSDT,bid,158,6606.0
2024-08-26 08:34:30,SOLUSDT,bid,158,6606.0
2024-08-26 08:34:30,SOLUSDT,bid,158,6630.0
2024-08-26 08:34:33,SOLUSDT,bid,158,6700.0
2024-08-26 08:34:35,SOLUSDT,bid,158,6750.0
2024-08-26 08:34:38,SOLUSDT,bid,158,6747.0
2024-08-26 08:34:39,SOLUSDT,bid,158,6744.0
2024-08-26 08:34:39,SOLUSDT,bid,158,6774.0
2024-08-26 08:34:39,SOLUSDT,bid,158,6742.0
2024-08-26 08:34:40,SOLUSDT,bid,158,6742.0
2024-08-26 08:34:41,SOLUSDT,bid,158,6698.0
2024-08-26 08:34:41,SOLUSDT,bid,158,6701.0
2024-08-26 08:34:44,SOLUSDT,bid,158,6671.0
2024-08-26 08:34:44,SOLUSDT,bid,158,6667.0
2024-08-26 08:34:46,SOLUSDT,bid,158,6678.0
2024-08-26 08:34:55,SOLUSDT,bid,158,6544.0
2024-08-26 08:34:56,SOLUSDT,bid,158,6534.0
2024-08-26 08:35:10,SOLUSDT,bid,158,6761.0
2024-08-26 08:35:12,SOLUSDT,bid,158,6779.0
2024-08-26 08:35:19,SOLUSDT,bid,158,6594.0
2024-08-26 08:35:27,SOLUSDT,bid,148,20172.0
2024-08-26 08:35:36,SOLUSDT,bid,158,6354.0
2024-08-26 08:35:36,SOLUSDT,bid,158,6354.0
2024-08-26 08:36:05,SOLUSDT,bid,95,21030.0
2024-08-26 08:38:02,SOLUSDT,ask,167,11613.0
2024-08-26 08:38:20,SOLUSDT,bid,155,11404.0
2024-08-26 08:38:38,SOLUSDT,bid,155,11507.0
2024-08-26 08:39:07,SOLUSDT,bid,150,15287.0
2024-08-26 08:39:08,SOLUSDT,bid,150,14887.0
2024-08-26 08:39:14,SOLUSDT,bid,155,11512.0
2024-08-26 08:39:15,SOLUSDT,bid,148,20171.0
2024-08-26 08:39:15,SOLUSDT,bid,150,14886.0
2024-08-26 08:39:16,SOLUSDT,bid,95,21030.0
2024-08-26 08:39:44,SOLUSDT,ask,162,7674.0
2024-08-26 08:39:52,SOLUSDT,ask,162,7679.0
2024-08-26 08:41:02,SOLUSDT,bid,155,11529.0
2024-08-26 08:41:04,SOLUSDT,ask,162,7689.0
2024-08-26 08:42:38,SOLUSDT,bid,155,11530.0
2024-08-26 08:42:44,SOLUSDT,bid,150,14887.0
2024-08-26 08:42:55,SOLUSDT,bid,150,14886.0
2024-08-26 08:43:02,SOLUSDT,bid,95,21030.0
2024-08-26 08:43:06,SOLUSDT,bid,158,6485.0
2024-08-26 08:43:18,SOLUSDT,bid,155,11531.0
2024-08-26 08:43:35,SOLUSDT,bid,155,88593.0
2024-08-26 08:44:03,SOLUSDT,bid,150,14896.0
2024-08-26 08:44:10,SOLUSDT,bid,156,8009.0
2024-08-26 08:44:14,SOLUSDT,bid,154,8481.0
2024-08-26 08:44:35,SOLUSDT,bid,155,88592.0
2024-08-26 08:45:16,SOLUSDT,bid,155,11529.0
2024-08-26 08:45:46,SOLUSDT,bid,95,21030.0
2024-08-26 08:46:33,SOLUSDT,bid,155,11528.0
2024-08-26 08:47:04,SOLUSDT,bid,154,8353.0
2024-08-26 08:47:51,SOLUSDT,bid,155,11399.0
2024-08-26 08:47:53,SOLUSDT,ask,162,7666.0
2024-08-26 08:47:56,SOLUSDT,bid,155,11444.0
2024-08-26 08:48:02,SOLUSDT,ask,162,7856.0
2024-08-26 08:48:10,SOLUSDT,ask,172,11214.0
2024-08-26 08:48:38,SOLUSDT,ask,162,8057.0
2024-08-26 08:49:08,SOLUSDT,bid,156,8094.0
2024-08-26 08:49:20,SOLUSDT,bid,155,11476.0
2024-08-26 08:49:20,SOLUSDT,bid,155,11444.0
2024-08-26 08:49:35,SOLUSDT,bid,155,11399.0
2024-08-26 08:49:45,SOLUSDT,ask,162,8047.0
2024-08-26 08:49:51,SOLUSDT,ask,162,8054.0
2024-08-26 08:50:51,SOLUSDT,bid,150,14886.0
2024-08-26 08:50:54,SOLUSDT,bid,150,14052.0
2024-08-26 08:50:57,SOLUSDT,bid,150,15343.0
2024-08-26 08:51:22,SOLUSDT,bid,150,14053.0
2024-08-26 08:51:22,SOLUSDT,bid,156,8093.0
2024-08-26 08:51:29,SOLUSDT,bid,150,15342.0
2024-08-26 08:51:29,SOLUSDT,bid,150,14052.0
2024-08-26 08:51:47,SOLUSDT,bid,140,8896.0
2024-08-26 08:51:47,SOLUSDT,bid,155,11393.0
2024-08-26 08:51:50,SOLUSDT,bid,150,14053.0
2024-08-26 08:51:53,SOLUSDT,bid,155,11408.0
2024-08-26 08:51:57,SOLUSDT,bid,150,14052.0
2024-08-26 08:52:05,SOLUSDT,bid,150,14053.0
2024-08-26 08:52:11,SOLUSDT,bid,150,14052.0
2024-08-26 08:52:11,SOLUSDT,bid,155,11410.0
2024-08-26 08:52:30,SOLUSDT,bid,156,8101.0
2024-08-26 08:52:30,SOLUSDT,bid,155,11409.0
2024-08-26 08:52:33,SOLUSDT,bid,156,8501.0
2024-08-26 08:52:47,SOLUSDT,bid,150,15356.0
2024-08-26 08:53:09,SOLUSDT,bid,156,8416.0
2024-08-26 08:53:21,SOLUSDT,bid,150,15354.0
2024-08-26 08:53:43,SOLUSDT,bid,150,14053.0
2024-08-26 08:53:43,SOLUSDT,bid,150,14054.0
2024-08-26 08:53:50,SOLUSDT,bid,150,14052.0
2024-08-26 08:54:10,SOLUSDT,bid,155,11518.0
2024-08-26 08:54:26,SOLUSDT,bid,145,9897.0
2024-08-26 08:54:26,SOLUSDT,bid,150,15359.0
2024-08-26 08:54:41,SOLUSDT,bid,155,11669.0
2024-08-26 08:55:01,SOLUSDT,ask,162,8046.0
2024-08-26 08:55:04,SOLUSDT,ask,162,8040.0
2024-08-26 08:55:06,SOLUSDT,bid,156,8417.0
2024-08-26 08:55:36,SOLUSDT,ask,162,8035.0
2024-08-26 08:56:08,SOLUSDT,bid,155,11666.0
2024-08-26 08:57:05,SOLUSDT,bid,156,8418.0
2024-08-26 08:57:09,SOLUSDT,bid,156,8419.0
2024-08-26 08:57:14,SOLUSDT,bid,148,20170.0
2024-08-26 08:57:24,SOLUSDT,ask,172,11212.0
2024-08-26 08:57:43,SOLUSDT,bid,155,11661.0
2024-08-26 08:57:52,SOLUSDT,bid,150,15350.0
2024-08-26 08:57:55,SOLUSDT,bid,155,11711.0
2024-08-26 08:58:13,SOLUSDT,bid,155,11714.0
2024-08-26 08:58:16,SOLUSDT,ask,183,13116.0
2024-08-26 08:58:39,SOLUSDT,bid,155,11713.0
2024-08-26 08:58:58,SOLUSDT,bid,150,15351.0
2024-08-26 08:58:58,SOLUSDT,ask,170,7356.0
2024-08-26 08:58:59,SOLUSDT,bid,140,8897.0
2024-08-26 08:59:01,SOLUSDT,bid,155,11709.0
2024-08-26 08:59:05,SOLUSDT,bid,156,14703.0
2024-08-26 08:59:12,SOLUSDT,bid,155,11713.0
2024-08-26 08:59:35,SOLUSDT,bid,156,14680.0
2024-08-26 08:59:37,SOLUSDT,bid,150,14053.0
2024-08-26 08:59:44,SOLUSDT,bid,150,14052.0
2024-08-26 08:59:44,SOLUSDT,bid,150,14053.0
2024-08-26 08:59:51,SOLUSDT,bid,150,14052.0
2024-08-26 09:00:00,SOLUSDT,bid,156,8418.0
2024-08-26 09:00:03,SOLUSDT,ask,162,7844.0
2024-08-26 09:02:45,SOLUSDT,bid,155,11513.0
2024-08-26 09:02:46,SOLUSDT,bid,156,8443.0
2024-08-26 09:03:18,SOLUSDT,bid,156,8418.0
2024-08-26 09:03:30,SOLUSDT,bid,156,8018.0
2024-08-26 09:03:30,SOLUSDT,bid,156,15080.0
2024-08-26 09:04:01,SOLUSDT,bid,156,14680.0
2024-08-26 09:04:08,SOLUSDT,bid,156,8073.0
2024-08-26 09:04:15,SOLUSDT,bid,145,9896.0
2024-08-26 09:04:15,SOLUSDT,bid,155,11512.0
2024-08-26 09:04:34,SOLUSDT,bid,150,14053.0
2024-08-26 09:04:34,SOLUSDT,bid,150,14054.0
2024-08-26 09:04:35,SOLUSDT,bid,150,14055.0
2024-08-26 09:04:40,SOLUSDT,bid,150,14054.0
2024-08-26 09:04:40,SOLUSDT,bid,150,14053.0
2024-08-26 09:04:41,SOLUSDT,bid,150,14052.0
2024-08-26 09:05:21,SOLUSDT,bid,153,9674.0
2024-08-26 09:05:23,SOLUSDT,bid,155,11403.0
2024-08-26 09:05:33,SOLUSDT,bid,155,11453.0
2024-08-26 09:05:46,SOLUSDT,bid,150,15360.0
2024-08-26 09:05:59,SOLUSDT,bid,126,7927.0
2024-08-26 09:06:38,SOLUSDT,ask,162,7783.0
2024-08-26 09:06:51,SOLUSDT,bid,150,14053.0
2024-08-26 09:06:57,SOLUSDT,bid,150,14052.0
2024-08-26 09:07:00,SOLUSDT,bid,153,9739.0
2024-08-26 09:07:01,SOLUSDT,bid,155,11459.0
2024-08-26 09:07:11,SOLUSDT,bid,156,8074.0
2024-08-26 09:07:12,SOLUSDT,bid,155,11462.0
2024-08-26 09:07:14,SOLUSDT,ask,159,10031.0
2024-08-26 09:07:28,SOLUSDT,ask,183,13107.0
2024-08-26 09:07:49,SOLUSDT,bid,153,6669.0
2024-08-26 09:08:07,SOLUSDT,bid,153,6667.0
2024-08-26 09:08:07,SOLUSDT,ask,162,7781.0
2024-08-26 09:08:10,SOLUSDT,bid,156,14950.0
2024-08-26 09:08:14,SOLUSDT,bid,145,9897.0
2024-08-26 09:08:43,SOLUSDT,ask,175,33503.0
2024-08-26 09:09:21,SOLUSDT,bid,150,14053.0
2024-08-26 09:09:24,SOLUSDT,bid,145,9896.0
2024-08-26 09:09:28,SOLUSDT,bid,150,14052.0
2024-08-26 09:09:28,SOLUSDT,bid,155,11473.0
2024-08-26 09:10:05,SOLUSDT,bid,156,14951.0
2024-08-26 09:10:16,SOLUSDT,bid,156,15078.0
2024-08-26 09:10:25,SOLUSDT,bid,156,8092.0
2024-08-26 09:10:32,SOLUSDT,bid,150,15333.0
2024-08-26 09:10:33,SOLUSDT,bid,156,8219.0
2024-08-26 09:11:02,SOLUSDT,bid,156,15079.0
2024-08-26 09:11:03,SOLUSDT,bid,156,15078.0
2024-08-26 09:12:00,SOLUSDT,bid,153,9674.0
2024-08-26 09:12:57,SOLUSDT,bid,148,20160.0
2024-08-26 09:13:16,SOLUSDT,bid,150,15341.0
2024-08-26 09:13:20,SOLUSDT,bid,150,15351.0
2024-08-26 09:13:27,SOLUSDT,bid,156,8234.0
2024-08-26 09:13:36,SOLUSDT,bid,155,6473.0
2024-08-26 09:13:44,SOLUSDT,bid,155,6472.0
2024-08-26 09:14:08,SOLUSDT,ask,159,10034.0
2024-08-26 09:14:26,SOLUSDT,bid,153,9736.0
2024-08-26 09:15:05,SOLUSDT,ask,159,10031.0
2024-08-26 09:15:38,SOLUSDT,bid,156,8238.0
2024-08-26 09:15:43,SOLUSDT,bid,156,15062.0
2024-08-26 09:15:50,SOLUSDT,bid,156,15061.0
2024-08-26 09:16:07,SOLUSDT,ask,158,10046.0
2024-08-26 09:16:07,SOLUSDT,ask,158,10021.0
2024-08-26 09:16:07,SOLUSDT,ask,158,10016.0
2024-08-26 09:16:07,SOLUSDT,ask,158,10006.0
2024-08-26 09:16:08,SOLUSDT,ask,158,10006.0
2024-08-26 09:16:08,SOLUSDT,ask,158,10000.0
2024-08-26 09:16:08,SOLUSDT,ask,158,10019.0
2024-08-26 09:16:08,SOLUSDT,ask,158,10038.0
2024-08-26 09:16:09,SOLUSDT,ask,158,10039.0
2024-08-26 09:16:12,SOLUSDT,ask,158,10239.0
2024-08-26 09:16:12,SOLUSDT,ask,158,10239.0
2024-08-26 09:16:16,SOLUSDT,bid,156,14791.0
2024-08-26 09:16:18,SOLUSDT,ask,158,11947.0
2024-08-26 09:16:18,SOLUSDT,ask,158,10239.0
2024-08-26 09:16:20,SOLUSDT,ask,158,10239.0
2024-08-26 09:16:21,SOLUSDT,ask,158,10039.0
2024-08-26 09:16:23,SOLUSDT,ask,158,10040.0
2024-08-26 09:16:39,SOLUSDT,ask,158,10043.0
2024-08-26 09:16:42,SOLUSDT,ask,158,10106.0
2024-08-26 09:16:42,SOLUSDT,ask,158,10043.0
2024-08-26 09:16:42,SOLUSDT,ask,158,10040.0
2024-08-26 09:16:48,SOLUSDT,ask,158,10042.0
2024-08-26 09:16:49,SOLUSDT,ask,158,10049.0
2024-08-26 09:16:50,SOLUSDT,ask,158,10030.0
2024-08-26 09:16:50,SOLUSDT,ask,158,10032.0
2024-08-26 09:16:58,SOLUSDT,ask,158,10030.0
2024-08-26 09:17:00,SOLUSDT,ask,158,10020.0
2024-08-26 09:17:26,SOLUSDT,ask,158,10026.0
2024-08-26 09:17:27,SOLUSDT,ask,158,10020.0
2024-08-26 09:17:28,SOLUSDT,ask,167,11614.0
2024-08-26 09:17:36,SOLUSDT,ask,158,10021.0
2024-08-26 09:17:36,SOLUSDT,ask,158,10028.0
2024-08-26 09:17:36,SOLUSDT,ask,158,10021.0
2024-08-26 09:17:39,SOLUSDT,ask,158,10101.0
2024-08-26 09:17:40,SOLUSDT,ask,158,10021.0
2024-08-26 09:17:43,SOLUSDT,ask,158,10020.0
2024-08-26 09:17:44,SOLUSDT,ask,158,10026.0
2024-08-26 09:17:44,SOLUSDT,ask,158,10020.0
2024-08-26 09:17:44,SOLUSDT,ask,158,10001.0
2024-08-26 09:17:44,SOLUSDT,ask,158,10033.0
2024-08-26 09:17:44,SOLUSDT,ask,158,10075.0
2024-08-26 09:17:46,SOLUSDT,ask,158,10076.0
2024-08-26 09:17:46,SOLUSDT,ask,158,10011.0
2024-08-26 09:17:46,SOLUSDT,ask,167,11613.0
2024-08-26 09:17:47,SOLUSDT,bid,140,8896.0
2024-08-26 09:17:47,SOLUSDT,ask,170,7355.0
2024-08-26 09:17:54,SOLUSDT,ask,158,10102.0
2024-08-26 09:17:55,SOLUSDT,ask,158,10008.0
2024-08-26 09:17:55,SOLUSDT,ask,158,10013.0
2024-08-26 09:17:59,SOLUSDT,ask,158,10006.0
2024-08-26 09:18:00,SOLUSDT,ask,158,10019.0
2024-08-26 09:18:01,SOLUSDT,ask,158,10012.0
2024-08-26 09:18:02,SOLUSDT,ask,158,10007.0
2024-08-26 09:18:02,SOLUSDT,ask,158,10033.0
2024-08-26 09:18:02,SOLUSDT,ask,158,10006.0
2024-08-26 09:18:03,SOLUSDT,bid,156,8234.0
2024-08-26 09:18:03,SOLUSDT,ask,158,10001.0
2024-08-26 09:18:05,SOLUSDT,ask,158,11652.0
2024-08-26 09:18:05,SOLUSDT,ask,158,10001.0
2024-08-26 09:18:05,SOLUSDT,ask,158,11652.0
2024-08-26 09:18:05,SOLUSDT,ask,158,10001.0
2024-08-26 09:18:24,SOLUSDT,ask,158,10001.0
2024-08-26 09:18:26,SOLUSDT,ask,158,10195.0
2024-08-26 09:18:28,SOLUSDT,ask,158,10001.0
2024-08-26 09:18:38,SOLUSDT,ask,158,10001.0
2024-08-26 09:19:03,SOLUSDT,bid,150,14053.0
2024-08-26 09:19:09,SOLUSDT,bid,150,14052.0
2024-08-26 09:19:18,SOLUSDT,bid,156,8238.0
2024-08-26 09:19:27,SOLUSDT,bid,153,9674.0
2024-08-26 09:20:03,SOLUSDT,bid,155,88628.0
2024-08-26 09:20:04,SOLUSDT,bid,155,88661.0
2024-08-26 09:20:09,SOLUSDT,bid,150,15352.0
2024-08-26 09:20:13,SOLUSDT,bid,150,15353.0
2024-08-26 09:20:15,SOLUSDT,bid,150,15354.0
2024-08-26 09:20:15,SOLUSDT,bid,150,15353.0
2024-08-26 09:20:18,SOLUSDT,bid,150,15352.0
2024-08-26 09:20:20,SOLUSDT,bid,150,15351.0
2024-08-26 09:20:20,SOLUSDT,ask,158,10004.0
2024-08-26 09:20:40,SOLUSDT,bid,156,15061.0
2024-08-26 09:20:41,SOLUSDT,ask,158,10004.0
2024-08-26 09:20:46,SOLUSDT,bid,155,88609.0
2024-08-26 09:20:46,SOLUSDT,bid,155,88592.0
2024-08-26 09:20:48,SOLUSDT,bid,156,15062.0
2024-08-26 09:20:48,SOLUSDT,bid,156,15061.0
2024-08-26 09:20:49,SOLUSDT,bid,156,15062.0
2024-08-26 09:20:51,SOLUSDT,bid,156,8239.0
2024-08-26 09:20:53,SOLUSDT,bid,156,15061.0
2024-08-26 09:20:58,SOLUSDT,bid,156,15064.0
2024-08-26 09:20:59,SOLUSDT,bid,156,15538.0
2024-08-26 09:20:59,SOLUSDT,bid,156,15064.0
2024-08-26 09:21:01,SOLUSDT,bid,156,15024.0
2024-08-26 09:21:06,SOLUSDT,bid,156,15021.0
2024-08-26 09:21:29,SOLUSDT,bid,156,8249.0
2024-08-26 09:21:47,SOLUSDT,bid,155,6471.0
2024-08-26 09:21:54,SOLUSDT,bid,155,6474.0
2024-08-26 09:22:03,SOLUSDT,ask,183,11107.0
2024-08-26 09:22:16,SOLUSDT,bid,155,6578.0
2024-08-26 09:22:19,SOLUSDT,bid,156,8256.0
2024-08-26 09:22:21,SOLUSDT,bid,155,6571.0
2024-08-26 09:22:37,SOLUSDT,ask,167,11609.0
2024-08-26 09:22:56,SOLUSDT,ask,158,10010.0
2024-08-26 09:22:58,SOLUSDT,ask,158,10000.0
2024-08-26 09:23:04,SOLUSDT,bid,150,15226.0
2024-08-26 09:23:27,SOLUSDT,ask,158,10200.0
2024-08-26 09:23:43,SOLUSDT,bid,155,6573.0
2024-08-26 09:24:14,SOLUSDT,bid,155,6571.0
2024-08-26 09:24:28,SOLUSDT,ask,158,10180.0
2024-08-26 09:24:28,SOLUSDT,ask,158,10151.0
2024-08-26 09:24:31,SOLUSDT,ask,158,10043.0
2024-08-26 09:24:35,SOLUSDT,ask,158,10044.0
2024-08-26 09:24:35,SOLUSDT,ask,158,10043.0
2024-08-26 09:24:49,SOLUSDT,ask,158,10045.0
2024-08-26 09:24:53,SOLUSDT,bid,150,15254.0
2024-08-26 09:24:55,SOLUSDT,ask,158,10043.0
2024-08-26 09:24:59,SOLUSDT,ask,158,10183.0
2024-08-26 09:25:01,SOLUSDT,bid,138,12459.0
2024-08-26 09:25:01,SOLUSDT,bid,145,9901.0
2024-08-26 09:25:06,SOLUSDT,ask,158,10045.0
2024-08-26 09:25:16,SOLUSDT,ask,158,10007.0
2024-08-26 09:25:17,SOLUSDT,ask,158,10008.0
2024-08-26 09:25:19,SOLUSDT,ask,158,10151.0
2024-08-26 09:25:21,SOLUSDT,ask,158,10007.0
2024-08-26 09:25:45,SOLUSDT,bid,156,14751.0
2024-08-26 09:26:40,SOLUSDT,bid,155,6696.0
2024-08-26 09:26:48,SOLUSDT,bid,156,14863.0
2024-08-26 09:26:50,SOLUSDT,bid,138,12462.0
2024-08-26 09:27:12,SOLUSDT,bid,156,8129.0
2024-08-26 09:27:12,SOLUSDT,bid,156,14736.0
2024-08-26 09:27:14,SOLUSDT,bid,153,9675.0
2024-08-26 09:27:54,SOLUSDT,bid,150,15252.0
2024-08-26 09:30:09,SOLUSDT,bid,155,6694.0
2024-08-26 09:30:10,SOLUSDT,bid,156,8131.0
2024-08-26 09:30:12,SOLUSDT,ask,162,7800.0
2024-08-26 09:30:15,SOLUSDT,bid,156,8202.0
2024-08-26 09:30:55,SOLUSDT,ask,178,30301.0
2024-08-26 09:30:56,SOLUSDT,bid,150,15238.0
2024-08-26 09:31:26,SOLUSDT,bid,150,14781.0
2024-08-26 09:31:46,SOLUSDT,bid,155,6691.0
2024-08-26 09:33:13,SOLUSDT,bid,95,21030.0
2024-08-26 09:33:17,SOLUSDT,bid,153,9674.0
2024-08-26 09:33:26,SOLUSDT,bid,95,21030.0
2024-08-26 09:33:33,SOLUSDT,bid,156,8252.0
2024-08-26 09:34:02,SOLUSDT,bid,95,21030.0
2024-08-26 09:34:20,SOLUSDT,bid,95,21030.0
2024-08-26 09:35:20,SOLUSDT,ask,162,7806.0
2024-08-26 09:35:43,SOLUSDT,bid,155,6566.0
2024-08-26 09:35:44,SOLUSDT,bid,155,6565.0
2024-08-26 09:36:03,SOLUSDT,bid,156,8263.0
2024-08-26 09:36:06,SOLUSDT,bid,155,6587.0
2024-08-26 09:36:09,SOLUSDT,bid,155,6565.0
2024-08-26 09:36:12,SOLUSDT,bid,145,9900.0
2024-08-26 09:36:17,SOLUSDT,bid,150,14784.0
2024-08-26 09:36:20,SOLUSDT,bid,150,14785.0
2024-08-26 09:36:23,SOLUSDT,ask,167,11606.0
2024-08-26 09:36:25,SOLUSDT,bid,150,14782.0
2024-08-26 09:36:25,SOLUSDT,bid,155,6570.0
2024-08-26 09:36:28,SOLUSDT,bid,140,8897.0
2024-08-26 09:36:34,SOLUSDT,bid,155,6565.0
2024-08-26 09:36:49,SOLUSDT,bid,155,88751.0
2024-08-26 09:36:49,SOLUSDT,bid,155,88814.0
2024-08-26 09:36:53,SOLUSDT,ask,167,11596.0
2024-08-26 09:37:02,SOLUSDT,bid,150,14053.0
2024-08-26 09:37:06,SOLUSDT,ask,175,33483.0
2024-08-26 09:37:08,SOLUSDT,bid,150,14052.0
2024-08-26 09:37:17,SOLUSDT,bid,155,6567.0
2024-08-26 09:37:57,SOLUSDT,bid,156,8259.0
2024-08-26 09:38:03,SOLUSDT,ask,162,7799.0
2024-08-26 09:38:08,SOLUSDT,bid,156,8261.0
2024-08-26 09:38:28,SOLUSDT,bid,150,14784.0
2024-08-26 09:38:35,SOLUSDT,bid,155,6569.0
2024-08-26 09:38:48,SOLUSDT,bid,155,6567.0
2024-08-26 09:38:50,SOLUSDT,bid,145,9890.0
2024-08-26 09:38:53,SOLUSDT,bid,155,6571.0
2024-08-26 09:38:58,SOLUSDT,bid,155,6567.0
2024-08-26 09:39:36,SOLUSDT,bid,155,6547.0
2024-08-26 09:39:38,SOLUSDT,bid,155,6647.0
2024-08-26 09:40:42,SOLUSDT,bid,155,6589.0
2024-08-26 09:41:20,SOLUSDT,bid,155,6590.0
2024-08-26 09:41:20,SOLUSDT,bid,140,8896.0
2024-08-26 09:41:58,SOLUSDT,ask,172,11212.0
2024-08-26 09:42:24,SOLUSDT,bid,138,12463.0
2024-08-26 09:42:30,SOLUSDT,bid,156,8260.0
2024-08-26 09:42:45,SOLUSDT,bid,155,6589.0
2024-08-26 09:42:55,SOLUSDT,bid,150,14785.0
2024-08-26 09:42:56,SOLUSDT,bid,155,6597.0
2024-08-26 09:43:05,SOLUSDT,bid,155,6589.0
2024-08-26 09:43:54,SOLUSDT,bid,155,6590.0
2024-08-26 09:44:02,SOLUSDT,ask,162,7779.0
2024-08-26 09:44:14,SOLUSDT,bid,150,14790.0
2024-08-26 09:44:29,SOLUSDT,bid,145,9895.0
2024-08-26 09:44:46,SOLUSDT,bid,140,8901.0
2024-08-26 09:45:26,SOLUSDT,bid,145,11069.0
2024-08-26 09:46:10,SOLUSDT,bid,155,6636.0
2024-08-26 09:46:19,SOLUSDT,bid,150,14053.0
2024-08-26 09:46:25,SOLUSDT,bid,150,14052.0
2024-08-26 09:46:40,SOLUSDT,bid,156,8259.0
2024-08-26 09:46:52,SOLUSDT,bid,155,6590.0
2024-08-26 09:46:55,SOLUSDT,bid,150,14792.0
2024-08-26 09:47:02,SOLUSDT,bid,156,8241.0
2024-08-26 09:48:12,SOLUSDT,bid,140,8899.0
2024-08-26 09:48:48,SOLUSDT,bid,156,8231.0
2024-08-26 09:49:04,SOLUSDT,ask,162,7760.0
2024-08-26 09:49:44,SOLUSDT,bid,150,14053.0
2024-08-26 09:49:45,SOLUSDT,bid,150,14055.0
2024-08-26 09:49:48,SOLUSDT,bid,150,14056.0
2024-08-26 09:49:49,SOLUSDT,bid,150,14057.0
2024-08-26 09:49:49,SOLUSDT,bid,150,14058.0
2024-08-26 09:49:50,SOLUSDT,bid,150,14057.0
2024-08-26 09:49:51,SOLUSDT,bid,150,14056.0
2024-08-26 09:49:51,SOLUSDT,bid,150,14055.0
2024-08-26 09:49:54,SOLUSDT,bid,150,14054.0
2024-08-26 09:49:56,SOLUSDT,bid,150,14053.0
2024-08-26 09:49:56,SOLUSDT,bid,150,14052.0
2024-08-26 09:50:06,SOLUSDT,ask,167,11592.0
2024-08-26 09:50:24,SOLUSDT,bid,155,6591.0
2024-08-26 09:50:24,SOLUSDT,bid,156,8232.0
2024-08-26 09:50:34,SOLUSDT,ask,162,7761.0
2024-08-26 09:51:13,SOLUSDT,bid,155,88840.0
2024-08-26 09:51:35,SOLUSDT,bid,156,8182.0
2024-08-26 09:52:41,SOLUSDT,ask,162,7762.0
2024-08-26 09:52:48,SOLUSDT,bid,155,88814.0
2024-08-26 09:52:58,SOLUSDT,bid,155,6592.0
2024-08-26 09:53:04,SOLUSDT,bid,145,11066.0
2024-08-26 09:53:43,SOLUSDT,bid,138,12462.0
2024-08-26 09:54:55,SOLUSDT,bid,155,6638.0
2024-08-26 09:55:03,SOLUSDT,bid,150,14815.0
2024-08-26 09:55:03,SOLUSDT,bid,138,12461.0
2024-08-26 09:55:04,SOLUSDT,bid,155,88592.0
2024-08-26 09:55:04,SOLUSDT,bid,158,18554.0
2024-08-26 09:55:04,SOLUSDT,bid,158,18528.0
2024-08-26 09:55:08,SOLUSDT,bid,158,18531.0
2024-08-26 09:55:11,SOLUSDT,bid,158,18547.0
2024-08-26 09:55:11,SOLUSDT,bid,158,18550.0
2024-08-26 09:55:15,SOLUSDT,bid,158,18524.0
2024-08-26 09:55:16,SOLUSDT,bid,158,18523.0
2024-08-26 09:55:17,SOLUSDT,bid,158,18523.0
2024-08-26 09:55:18,SOLUSDT,bid,158,18523.0
2024-08-26 09:55:18,SOLUSDT,bid,158,18521.0
2024-08-26 09:55:20,SOLUSDT,bid,158,18523.0
2024-08-26 09:55:22,SOLUSDT,bid,158,18521.0
2024-08-26 09:55:23,SOLUSDT,bid,158,18579.0
2024-08-26 09:55:23,SOLUSDT,bid,158,18521.0
2024-08-26 09:55:25,SOLUSDT,bid,158,18536.0
2024-08-26 09:55:25,SOLUSDT,bid,158,18521.0
2024-08-26 09:55:26,SOLUSDT,bid,158,18523.0
2024-08-26 09:56:02,SOLUSDT,bid,150,14818.0
2024-08-26 09:56:08,SOLUSDT,bid,157,6629.0
2024-08-26 09:56:10,SOLUSDT,bid,155,6637.0
2024-08-26 09:56:10,SOLUSDT,bid,156,8181.0
2024-08-26 09:56:15,SOLUSDT,bid,157,6498.0
2024-08-26 09:56:36,SOLUSDT,bid,155,88593.0
2024-08-26 09:57:03,SOLUSDT,bid,150,14813.0
2024-08-26 09:57:35,SOLUSDT,bid,155,88592.0
2024-08-26 09:58:49,SOLUSDT,ask,170,7353.0
2024-08-26 09:59:20,SOLUSDT,bid,153,9736.0
2024-08-26 09:59:32,SOLUSDT,bid,157,6497.0
2024-08-26 09:59:45,SOLUSDT,ask,167,11591.0
2024-08-26 09:59:46,SOLUSDT,bid,155,6643.0
2024-08-26 10:00:51,SOLUSDT,bid,150,14806.0
2024-08-26 10:00:53,SOLUSDT,bid,155,88656.0
2024-08-26 10:01:59,SOLUSDT,ask,162,7801.0
2024-08-26 10:02:13,SOLUSDT,ask,162,7803.0
2024-08-26 10:02:19,SOLUSDT,ask,162,7802.0
2024-08-26 10:02:48,SOLUSDT,bid,148,20159.0
2024-08-26 10:03:00,SOLUSDT,bid,140,8894.0
2024-08-26 10:03:08,SOLUSDT,bid,155,6743.0
2024-08-26 10:03:17,SOLUSDT,bid,157,6487.0
2024-08-26 10:03:21,SOLUSDT,bid,155,6740.0
2024-08-26 10:03:45,SOLUSDT,bid,140,8892.0
2024-08-26 10:03:54,SOLUSDT,bid,155,6694.0
2024-08-26 10:04:02,SOLUSDT,bid,95,21030.0
2024-08-26 10:04:15,SOLUSDT,bid,150,14853.0
2024-08-26 10:04:21,SOLUSDT,bid,153,9674.0
2024-08-26 10:04:40,SOLUSDT,bid,155,6697.0
2024-08-26 10:04:41,SOLUSDT,ask,162,7801.0
2024-08-26 10:04:43,SOLUSDT,ask,170,7352.0
2024-08-26 10:05:03,SOLUSDT,bid,157,6492.0
2024-08-26 10:05:10,SOLUSDT,ask,162,7800.0
2024-08-26 10:05:19,SOLUSDT,ask,162,7798.0
2024-08-26 10:07:02,SOLUSDT,ask,175,33472.0
2024-08-26 10:07:27,SOLUSDT,bid,157,6496.0
2024-08-26 10:08:30,SOLUSDT,ask,172,11210.0
2024-08-26 10:08:35,SOLUSDT,bid,157,6494.0
2024-08-26 10:08:59,SOLUSDT,bid,150,14851.0
2024-08-26 10:09:15,SOLUSDT,bid,155,6594.0
2024-08-26 10:10:02,SOLUSDT,bid,157,6495.0
2024-08-26 10:10:39,SOLUSDT,bid,157,6481.0
2024-08-26 10:10:52,SOLUSDT,bid,155,6508.0
2024-08-26 10:11:01,SOLUSDT,bid,138,12437.0
2024-08-26 10:11:13,SOLUSDT,bid,155,6507.0
2024-08-26 10:11:22,SOLUSDT,bid,150,14852.0
2024-08-26 10:11:33,SOLUSDT,bid,145,11067.0
2024-08-26 10:11:37,SOLUSDT,bid,157,6401.0
2024-08-26 10:12:04,SOLUSDT,bid,150,14829.0
2024-08-26 10:12:45,SOLUSDT,bid,150,14837.0
2024-08-26 10:12:54,SOLUSDT,ask,170,7350.0
2024-08-26 10:13:17,SOLUSDT,bid,157,6415.0
2024-08-26 10:13:25,SOLUSDT,bid,158,6995.0
2024-08-26 10:13:32,SOLUSDT,bid,158,6993.0
2024-08-26 10:13:36,SOLUSDT,bid,150,14903.0
2024-08-26 10:13:37,SOLUSDT,ask,178,30281.0
2024-08-26 10:14:48,SOLUSDT,bid,157,6401.0
2024-08-26 10:15:01,SOLUSDT,bid,150,15157.0
2024-08-26 10:15:22,SOLUSDT,bid,155,6505.0
2024-08-26 10:15:46,SOLUSDT,bid,145,11062.0
2024-08-26 10:15:52,SOLUSDT,bid,155,88592.0
2024-08-26 10:15:55,SOLUSDT,ask,175,33471.0
2024-08-26 10:15:57,SOLUSDT,ask,162,7815.0
2024-08-26 10:16:05,SOLUSDT,bid,157,6381.0
2024-08-26 10:16:39,SOLUSDT,bid,158,19794.0
2024-08-26 10:16:39,SOLUSDT,bid,158,19894.0
2024-08-26 10:16:40,SOLUSDT,bid,158,19884.0
2024-08-26 10:16:40,SOLUSDT,bid,158,19784.0
2024-08-26 10:16:41,SOLUSDT,bid,158,19797.0
2024-08-26 10:16:41,SOLUSDT,bid,158,19799.0
2024-08-26 10:16:43,SOLUSDT,bid,158,19786.0
2024-08-26 10:16:47,SOLUSDT,bid,158,19880.0
2024-08-26 10:16:47,SOLUSDT,bid,158,19786.0
2024-08-26 10:16:48,SOLUSDT,bid,158,19880.0
2024-08-26 10:16:48,SOLUSDT,bid,158,19880.0
2024-08-26 10:16:49,SOLUSDT,bid,158,19786.0
2024-08-26 10:16:54,SOLUSDT,bid,158,19787.0
2024-08-26 10:16:54,SOLUSDT,bid,158,19908.0
2024-08-26 10:16:54,SOLUSDT,bid,158,19787.0
2024-08-26 10:16:55,SOLUSDT,bid,158,19801.0
2024-08-26 10:16:55,SOLUSDT,bid,158,19801.0
2024-08-26 10:16:55,SOLUSDT,bid,158,19786.0
2024-08-26 10:16:55,SOLUSDT,bid,158,24772.0
2024-08-26 10:16:56,SOLUSDT,bid,158,24752.0
2024-08-26 10:16:57,SOLUSDT,bid,158,24753.0
2024-08-26 10:16:57,SOLUSDT,bid,158,19801.0
2024-08-26 10:16:57,SOLUSDT,bid,158,24766.0
2024-08-26 10:16:57,SOLUSDT,bid,158,19826.0
2024-08-26 10:16:58,SOLUSDT,bid,158,24778.0
2024-08-26 10:16:58,SOLUSDT,bid,158,24753.0
2024-08-26 10:16:59,SOLUSDT,bid,158,24784.0
2024-08-26 10:17:00,SOLUSDT,bid,150,15120.0
2024-08-26 10:17:01,SOLUSDT,bid,158,24753.0
2024-08-26 10:17:01,SOLUSDT,bid,158,19811.0
2024-08-26 10:17:01,SOLUSDT,bid,150,14903.0
2024-08-26 10:17:01,SOLUSDT,bid,158,19811.0
2024-08-26 10:17:01,SOLUSDT,bid,158,24787.0
2024-08-26 10:17:01,SOLUSDT,bid,158,24811.0
2024-08-26 10:17:01,SOLUSDT,bid,158,24817.0
2024-08-26 10:17:02,SOLUSDT,bid,158,24826.0
2024-08-26 10:17:02,SOLUSDT,bid,158,24817.0
2024-08-26 10:17:03,SOLUSDT,bid,158,24822.0
2024-08-26 10:17:03,SOLUSDT,bid,158,24922.0
2024-08-26 10:17:03,SOLUSDT,bid,158,24917.0
2024-08-26 10:17:04,SOLUSDT,bid,158,24788.0
2024-08-26 10:17:04,SOLUSDT,bid,158,24742.0
2024-08-26 10:17:05,SOLUSDT,bid,158,19786.0
2024-08-26 10:17:05,SOLUSDT,bid,158,24773.0
2024-08-26 10:17:05,SOLUSDT,bid,158,24769.0
2024-08-26 10:17:05,SOLUSDT,bid,158,24743.0
2024-08-26 10:17:05,SOLUSDT,bid,158,24747.0
2024-08-26 10:17:05,SOLUSDT,bid,158,24746.0
2024-08-26 10:17:05,SOLUSDT,bid,158,24747.0
2024-08-26 10:17:05,SOLUSDT,bid,158,24743.0
2024-08-26 10:17:09,SOLUSDT,bid,158,24753.0
2024-08-26 10:17:09,SOLUSDT,bid,158,24743.0
2024-08-26 10:17:10,SOLUSDT,bid,158,19786.0
2024-08-26 10:17:10,SOLUSDT,bid,158,24746.0
2024-08-26 10:17:10,SOLUSDT,bid,158,24743.0
2024-08-26 10:17:11,SOLUSDT,bid,158,24742.0
2024-08-26 10:17:37,SOLUSDT,ask,161,6889.0
2024-08-26 10:17:54,SOLUSDT,ask,162,7969.0
2024-08-26 10:18:33,SOLUSDT,bid,155,6504.0
2024-08-26 10:18:36,SOLUSDT,ask,162,7972.0
2024-08-26 10:19:12,SOLUSDT,bid,155,6508.0
2024-08-26 10:19:21,SOLUSDT,ask,162,7954.0
2024-08-26 10:20:36,SOLUSDT,ask,161,6890.0
2024-08-26 10:20:39,SOLUSDT,bid,150,14959.0
2024-08-26 10:21:05,SOLUSDT,ask,162,7955.0
2024-08-26 10:21:16,SOLUSDT,bid,155,6636.0
2024-08-26 10:21:23,SOLUSDT,bid,158,22901.0
2024-08-26 10:21:24,SOLUSDT,bid,158,22886.0
2024-08-26 10:21:30,SOLUSDT,bid,158,22886.0
2024-08-26 10:21:36,SOLUSDT,bid,158,22918.0
2024-08-26 10:21:41,SOLUSDT,bid,158,22893.0
2024-08-26 10:21:41,SOLUSDT,bid,158,22886.0
2024-08-26 10:21:42,SOLUSDT,bid,158,22886.0
2024-08-26 10:22:04,SOLUSDT,ask,161,6522.0
2024-08-26 10:22:48,SOLUSDT,bid,145,11068.0
2024-08-26 10:23:45,SOLUSDT,ask,162,7965.0
2024-08-26 10:23:49,SOLUSDT,bid,150,14953.0
2024-08-26 10:23:50,SOLUSDT,bid,150,14952.0
2024-08-26 10:23:51,SOLUSDT,ask,162,7955.0
2024-08-26 10:23:51,SOLUSDT,bid,148,20150.0
2024-08-26 10:23:59,SOLUSDT,ask,162,7965.0
2024-08-26 10:24:02,SOLUSDT,bid,155,6633.0
2024-08-26 10:24:05,SOLUSDT,ask,162,7955.0
2024-08-26 10:24:19,SOLUSDT,bid,150,15019.0
2024-08-26 10:24:39,SOLUSDT,bid,155,6529.0
2024-08-26 10:24:39,SOLUSDT,ask,162,7967.0
2024-08-26 10:25:02,SOLUSDT,ask,162,7927.0
2024-08-26 10:25:09,SOLUSDT,ask,161,6523.0
2024-08-26 10:26:51,SOLUSDT,ask,161,6588.0
2024-08-26 10:27:36,SOLUSDT,bid,145,11073.0
2024-08-26 10:27:48,SOLUSDT,bid,145,11068.0
2024-08-26 10:28:15,SOLUSDT,bid,145,11073.0
2024-08-26 10:28:38,SOLUSDT,bid,148,7402.0
2024-08-26 10:29:50,SOLUSDT,bid,140,8891.0
2024-08-26 10:30:07,SOLUSDT,ask,162,7918.0
2024-08-26 10:30:31,SOLUSDT,ask,161,6730.0
2024-08-26 10:31:33,SOLUSDT,ask,162,7917.0
2024-08-26 10:31:40,SOLUSDT,ask,161,6513.0
2024-08-26 10:32:10,SOLUSDT,ask,162,7922.0
2024-08-26 10:32:11,SOLUSDT,ask,162,7919.0
2024-08-26 10:32:52,SOLUSDT,ask,161,6517.0
2024-08-26 10:33:30,SOLUSDT,ask,161,6518.0
2024-08-26 10:33:38,SOLUSDT,bid,150,14952.0
2024-08-26 10:33:38,SOLUSDT,ask,161,6519.0
2024-08-26 10:33:45,SOLUSDT,ask,162,7921.0
2024-08-26 10:33:47,SOLUSDT,ask,176,29096.0
2024-08-26 10:33:48,SOLUSDT,ask,162,7920.0
2024-08-26 10:33:57,SOLUSDT,ask,162,7915.0
2024-08-26 10:34:13,SOLUSDT,ask,161,6519.0
2024-08-26 10:34:20,SOLUSDT,ask,162,7922.0
2024-08-26 10:34:38,SOLUSDT,ask,161,6524.0
2024-08-26 10:35:08,SOLUSDT,ask,161,6530.0
2024-08-26 10:36:58,SOLUSDT,bid,150,14983.0
2024-08-26 10:36:59,SOLUSDT,ask,161,6529.0
2024-08-26 10:37:13,SOLUSDT,ask,161,6530.0
2024-08-26 10:37:19,SOLUSDT,ask,161,6531.0
2024-08-26 10:37:40,SOLUSDT,bid,150,14948.0
2024-08-26 10:38:01,SOLUSDT,bid,145,11093.0
2024-08-26 10:38:46,SOLUSDT,ask,161,6621.0
2024-08-26 10:38:58,SOLUSDT,ask,170,7351.0
2024-08-26 10:39:06,SOLUSDT,ask,171,8383.0
2024-08-26 10:39:12,SOLUSDT,ask,172,11211.0
2024-08-26 10:39:35,SOLUSDT,ask,175,32903.0
2024-08-26 10:39:37,SOLUSDT,ask,162,7928.0
2024-08-26 10:39:50,SOLUSDT,ask,162,7926.0
2024-08-26 10:40:01,SOLUSDT,bid,145,11073.0
2024-08-26 10:40:22,SOLUSDT,bid,145,11078.0
2024-08-26 10:41:00,SOLUSDT,bid,159,35608.0
2024-08-26 10:41:01,SOLUSDT,bid,159,32737.0
2024-08-26 10:41:02,SOLUSDT,bid,159,32678.0
2024-08-26 10:41:02,SOLUSDT,bid,159,32672.0
2024-08-26 10:41:03,SOLUSDT,bid,159,32678.0
2024-08-26 10:41:03,SOLUSDT,bid,159,32686.0
2024-08-26 10:41:03,SOLUSDT,bid,159,32678.0
2024-08-26 10:41:05,SOLUSDT,bid,159,32709.0
2024-08-26 10:41:05,SOLUSDT,bid,159,32678.0
2024-08-26 10:41:08,SOLUSDT,ask,162,7902.0
2024-08-26 10:41:09,SOLUSDT,bid,159,32703.0
2024-08-26 10:41:09,SOLUSDT,bid,159,32678.0
2024-08-26 10:41:21,SOLUSDT,ask,161,6671.0
2024-08-26 10:41:25,SOLUSDT,bid,148,20090.0
2024-08-26 10:41:28,SOLUSDT,ask,172,11214.0
2024-08-26 10:41:30,SOLUSDT,ask,175,32904.0
2024-08-26 10:41:36,SOLUSDT,ask,162,7932.0
2024-08-26 10:42:03,SOLUSDT,ask,162,7936.0
2024-08-26 10:42:35,SOLUSDT,ask,162,7956.0
2024-08-26 10:43:00,SOLUSDT,bid,138,12436.0
2024-08-26 10:43:09,SOLUSDT,ask,161,6665.0
2024-08-26 10:43:13,SOLUSDT,bid,150,14947.0
2024-08-26 10:44:03,SOLUSDT,ask,161,6666.0
2024-08-26 10:44:03,SOLUSDT,ask,161,6684.0
2024-08-26 10:44:03,SOLUSDT,ask,161,6683.0
2024-08-26 10:44:12,SOLUSDT,ask,162,7973.0
2024-08-26 10:44:40,SOLUSDT,ask,170,7354.0
2024-08-26 10:44:57,SOLUSDT,ask,161,6665.0
2024-08-26 10:45:15,SOLUSDT,bid,140,8894.0
2024-08-26 10:45:18,SOLUSDT,ask,161,6695.0
2024-08-26 10:45:18,SOLUSDT,ask,162,7943.0
2024-08-26 10:45:21,SOLUSDT,bid,140,8893.0
2024-08-26 10:45:21,SOLUSDT,bid,150,14919.0
2024-08-26 10:45:33,SOLUSDT,ask,161,6553.0
2024-08-26 10:45:55,SOLUSDT,bid,140,9043.0
2024-08-26 10:45:59,SOLUSDT,bid,150,14872.0
2024-08-26 10:46:17,SOLUSDT,ask,162,7944.0
2024-08-26 10:46:22,SOLUSDT,ask,161,6597.0
2024-08-26 10:46:27,SOLUSDT,ask,161,6600.0
2024-08-26 10:46:42,SOLUSDT,ask,161,6603.0
2024-08-26 10:46:47,SOLUSDT,ask,162,7946.0
2024-08-26 10:46:52,SOLUSDT,bid,150,14864.0
2024-08-26 10:46:58,SOLUSDT,ask,162,7945.0
2024-08-26 10:47:07,SOLUSDT,ask,162,7947.0
2024-08-26 10:47:17,SOLUSDT,ask,162,7949.0
2024-08-26 10:47:30,SOLUSDT,ask,175,32916.0
2024-08-26 10:47:39,SOLUSDT,bid,145,9904.0
2024-08-26 10:47:45,SOLUSDT,ask,162,7951.0
2024-08-26 10:48:00,SOLUSDT,ask,162,7955.0
2024-08-26 10:48:06,SOLUSDT,ask,167,11592.0
2024-08-26 10:48:07,SOLUSDT,ask,167,11629.0
2024-08-26 10:48:08,SOLUSDT,ask,167,11664.0
2024-08-26 10:48:16,SOLUSDT,ask,162,7948.0
2024-08-26 10:48:17,SOLUSDT,ask,167,11872.0
2024-08-26 10:48:34,SOLUSDT,ask,162,7949.0
2024-08-26 10:49:08,SOLUSDT,ask,162,7875.0
2024-08-26 10:49:26,SOLUSDT,ask,162,7948.0
2024-08-26 10:49:40,SOLUSDT,ask,162,7978.0
2024-08-26 10:49:51,SOLUSDT,ask,162,7982.0
2024-08-26 10:50:04,SOLUSDT,bid,140,9044.0
2024-08-26 10:50:13,SOLUSDT,ask,162,7953.0
2024-08-26 10:50:26,SOLUSDT,ask,161,6215.0
2024-08-26 10:50:31,SOLUSDT,bid,150,14936.0
2024-08-26 10:51:03,SOLUSDT,ask,161,6216.0
2024-08-26 10:51:04,SOLUSDT,ask,167,11800.0
2024-08-26 10:51:13,SOLUSDT,ask,162,7954.0
2024-08-26 10:51:20,SOLUSDT,ask,172,11241.0
2024-08-26 10:51:20,SOLUSDT,ask,161,6222.0
2024-08-26 10:51:33,SOLUSDT,ask,162,7986.0
2024-08-26 10:51:46,SOLUSDT,bid,150,14934.0
2024-08-26 10:51:56,SOLUSDT,ask,161,6394.0
2024-08-26 10:52:15,SOLUSDT,ask,161,6393.0
2024-08-26 10:52:18,SOLUSDT,ask,176,29097.0
2024-08-26 10:52:19,SOLUSDT,ask,176,29098.0
2024-08-26 10:52:20,SOLUSDT,ask,176,29099.0
2024-08-26 10:52:28,SOLUSDT,ask,176,29098.0
2024-08-26 10:52:28,SOLUSDT,ask,176,29097.0
2024-08-26 10:52:30,SOLUSDT,ask,176,29096.0
2024-08-26 10:52:30,SOLUSDT,ask,161,6394.0
2024-08-26 10:52:35,SOLUSDT,ask,167,11818.0
2024-08-26 10:52:38,SOLUSDT,ask,162,7994.0
2024-08-26 10:52:39,SOLUSDT,bid,150,15129.0
2024-08-26 10:52:39,SOLUSDT,ask,161,6412.0
2024-08-26 10:52:41,SOLUSDT,ask,162,7995.0
2024-08-26 10:52:48,SOLUSDT,ask,162,7994.0
2024-08-26 10:52:58,SOLUSDT,ask,161,6421.0
2024-08-26 10:52:58,SOLUSDT,ask,161,6422.0
2024-08-26 10:53:03,SOLUSDT,ask,161,6379.0
2024-08-26 10:53:09,SOLUSDT,ask,161,6380.0
2024-08-26 10:53:14,SOLUSDT,ask,161,6479.0
2024-08-26 10:53:20,SOLUSDT,ask,161,6481.0
2024-08-26 10:53:44,SOLUSDT,ask,162,7990.0
2024-08-26 10:53:52,SOLUSDT,bid,150,14934.0
2024-08-26 10:53:56,SOLUSDT,ask,161,6482.0
2024-08-26 10:53:56,SOLUSDT,ask,170,7354.0
2024-08-26 10:54:15,SOLUSDT,ask,161,6483.0
2024-08-26 10:54:32,SOLUSDT,ask,161,6482.0
2024-08-26 10:54:53,SOLUSDT,ask,161,6483.0
2024-08-26 10:55:07,SOLUSDT,ask,161,6481.0
2024-08-26 10:55:10,SOLUSDT,ask,176,29097.0
2024-08-26 10:55:10,SOLUSDT,ask,176,29098.0
2024-08-26 10:55:11,SOLUSDT,ask,162,7989.0
2024-08-26 10:55:12,SOLUSDT,ask,176,29099.0
2024-08-26 10:55:15,SOLUSDT,ask,176,29100.0
2024-08-26 10:55:18,SOLUSDT,ask,176,29102.0
2024-08-26 10:55:19,SOLUSDT,ask,176,29104.0
2024-08-26 10:55:19,SOLUSDT,ask,176,29104.0
2024-08-26 10:55:21,SOLUSDT,ask,176,29103.0
2024-08-26 10:55:24,SOLUSDT,ask,176,29102.0
2024-08-26 10:55:28,SOLUSDT,ask,176,29101.0
2024-08-26 10:55:28,SOLUSDT,ask,176,29100.0
2024-08-26 10:55:37,SOLUSDT,bid,145,9869.0
2024-08-26 10:55:44,SOLUSDT,ask,161,6482.0
2024-08-26 10:55:54,SOLUSDT,ask,161,6473.0
2024-08-26 10:56:16,SOLUSDT,ask,162,8007.0
2024-08-26 10:56:26,SOLUSDT,ask,161,6443.0
2024-08-26 10:56:37,SOLUSDT,bid,131,7652.0
2024-08-26 10:56:40,SOLUSDT,ask,162,8016.0
2024-08-26 10:56:48,SOLUSDT,bid,150,14929.0
2024-08-26 10:56:49,SOLUSDT,ask,161,6476.0
2024-08-26 10:56:53,SOLUSDT,ask,161,6478.0
2024-08-26 10:57:01,SOLUSDT,ask,161,6426.0
2024-08-26 10:57:06,SOLUSDT,ask,162,7998.0
2024-08-26 10:57:21,SOLUSDT,ask,162,7995.0
2024-08-26 10:57:22,SOLUSDT,ask,162,8007.0
2024-08-26 10:57:25,SOLUSDT,bid,140,9045.0
2024-08-26 10:57:25,SOLUSDT,ask,162,8008.0
2024-08-26 10:57:38,SOLUSDT,ask,162,8010.0
2024-08-26 10:57:38,SOLUSDT,ask,162,8002.0
2024-08-26 10:57:43,SOLUSDT,ask,162,7992.0
2024-08-26 10:57:52,SOLUSDT,ask,162,7960.0
2024-08-26 10:57:53,SOLUSDT,ask,162,7961.0
2024-08-26 10:58:03,SOLUSDT,ask,162,7960.0
2024-08-26 10:58:15,SOLUSDT,ask,162,7967.0
2024-08-26 10:58:18,SOLUSDT,ask,162,7968.0
2024-08-26 10:58:26,SOLUSDT,bid,140,9042.0
2024-08-26 10:58:26,SOLUSDT,bid,145,9866.0
2024-08-26 10:58:27,SOLUSDT,ask,176,29101.0
2024-08-26 10:58:28,SOLUSDT,ask,176,29102.0
2024-08-26 10:58:29,SOLUSDT,ask,176,29103.0
2024-08-26 10:58:34,SOLUSDT,ask,176,29104.0
2024-08-26 10:58:36,SOLUSDT,ask,161,6427.0
2024-08-26 10:58:37,SOLUSDT,ask,176,29104.0
2024-08-26 10:58:38,SOLUSDT,ask,176,29102.0
2024-08-26 10:58:43,SOLUSDT,ask,176,29101.0
2024-08-26 10:58:46,SOLUSDT,ask,176,29100.0
2024-08-26 10:59:01,SOLUSDT,ask,161,6437.0
2024-08-26 10:59:06,SOLUSDT,bid,159,20219.0
2024-08-26 10:59:10,SOLUSDT,bid,159,20204.0
2024-08-26 10:59:10,SOLUSDT,bid,159,20208.0
2024-08-26 10:59:12,SOLUSDT,bid,159,20208.0
2024-08-26 10:59:13,SOLUSDT,bid,159,20223.0
2024-08-26 10:59:14,SOLUSDT,bid,159,14653.0
2024-08-26 10:59:14,SOLUSDT,bid,159,14651.0
2024-08-26 10:59:14,SOLUSDT,bid,159,14648.0
2024-08-26 10:59:15,SOLUSDT,bid,159,14804.0
2024-08-26 10:59:19,SOLUSDT,bid,159,14806.0
2024-08-26 10:59:19,SOLUSDT,bid,159,14804.0
2024-08-26 10:59:22,SOLUSDT,bid,159,14765.0
2024-08-26 10:59:22,SOLUSDT,bid,159,14604.0
2024-08-26 10:59:23,SOLUSDT,bid,159,14586.0
2024-08-26 10:59:24,SOLUSDT,bid,159,14589.0
2024-08-26 10:59:24,SOLUSDT,bid,159,14589.0
2024-08-26 10:59:24,SOLUSDT,bid,159,44589.0
2024-08-26 10:59:25,SOLUSDT,ask,162,7983.0
2024-08-26 10:59:27,SOLUSDT,bid,159,44586.0
2024-08-26 10:59:30,SOLUSDT,bid,159,44604.0
2024-08-26 10:59:34,SOLUSDT,bid,159,44607.0
2024-08-26 10:59:56,SOLUSDT,bid,159,44613.0
2024-08-26 10:59:56,SOLUSDT,bid,159,44607.0
2024-08-26 10:59:58,SOLUSDT,bid,159,44613.0
2024-08-26 11:00:01,SOLUSDT,bid,159,44595.0
2024-08-26 11:00:01,SOLUSDT,bid,159,44601.0
2024-08-26 11:00:03,SOLUSDT,bid,159,44619.0
2024-08-26 11:00:03,SOLUSDT,bid,159,44637.0
2024-08-26 11:00:04,SOLUSDT,bid,159,44655.0
2024-08-26 11:00:05,SOLUSDT,bid,159,44656.0
2024-08-26 11:00:08,SOLUSDT,bid,159,44655.0
2024-08-26 11:00:08,SOLUSDT,bid,159,44656.0
2024-08-26 11:00:10,SOLUSDT,bid,159,44647.0
2024-08-26 11:00:12,SOLUSDT,bid,159,44648.0
2024-08-26 11:00:16,SOLUSDT,ask,176,29098.0
2024-08-26 11:00:16,SOLUSDT,ask,176,29096.0
2024-08-26 11:00:26,SOLUSDT,ask,162,7981.0
2024-08-26 11:00:29,SOLUSDT,ask,162,7964.0
2024-08-26 11:00:31,SOLUSDT,bid,159,44647.0
2024-08-26 11:00:39,SOLUSDT,bid,159,44659.0
2024-08-26 11:00:39,SOLUSDT,bid,159,44653.0
2024-08-26 11:00:39,SOLUSDT,bid,159,44647.0
2024-08-26 11:00:39,SOLUSDT,bid,159,44629.0
2024-08-26 11:00:40,SOLUSDT,ask,162,7963.0
2024-08-26 11:00:43,SOLUSDT,ask,162,8006.0
2024-08-26 11:00:58,SOLUSDT,bid,159,30067.0
2024-08-26 11:01:01,SOLUSDT,ask,170,7358.0
2024-08-26 11:01:03,SOLUSDT,bid,150,14053.0
2024-08-26 11:01:14,SOLUSDT,bid,140,9041.0
2024-08-26 11:01:14,SOLUSDT,ask,162,8005.0
2024-08-26 11:01:45,SOLUSDT,ask,170,7363.0
2024-08-26 11:02:11,SOLUSDT,ask,162,8008.0
2024-08-26 11:02:31,SOLUSDT,bid,150,14912.0
2024-08-26 11:02:51,SOLUSDT,bid,145,9766.0
2024-08-26 11:03:09,SOLUSDT,ask,161,7312.0
2024-08-26 11:03:14,SOLUSDT,ask,162,8035.0
2024-08-26 11:03:18,SOLUSDT,ask,161,7329.0
2024-08-26 11:03:24,SOLUSDT,bid,140,8912.0
2024-08-26 11:03:27,SOLUSDT,ask,161,7339.0
2024-08-26 11:03:29,SOLUSDT,ask,161,7342.0
2024-08-26 11:03:34,SOLUSDT,ask,162,8045.0
2024-08-26 11:03:36,SOLUSDT,ask,161,7341.0
2024-08-26 11:03:41,SOLUSDT,ask,162,8046.0
2024-08-26 11:04:01,SOLUSDT,ask,162,8076.0
2024-08-26 11:04:23,SOLUSDT,ask,161,7441.0
2024-08-26 11:04:46,SOLUSDT,ask,161,7405.0
2024-08-26 11:04:55,SOLUSDT,ask,161,7404.0
2024-08-26 11:05:00,SOLUSDT,ask,161,7557.0
2024-08-26 11:05:16,SOLUSDT,ask,161,7556.0
2024-08-26 11:05:22,SOLUSDT,ask,161,7557.0
2024-08-26 11:05:27,SOLUSDT,ask,162,8126.0
2024-08-26 11:05:34,SOLUSDT,ask,161,7404.0
2024-08-26 11:05:39,SOLUSDT,ask,162,8191.0
2024-08-26 11:05:40,SOLUSDT,ask,161,7412.0
2024-08-26 11:05:52,SOLUSDT,ask,161,7413.0
2024-08-26 11:05:54,SOLUSDT,ask,162,8127.0
2024-08-26 11:06:08,SOLUSDT,ask,161,7410.0
2024-08-26 11:06:15,SOLUSDT,bid,145,9417.0
2024-08-26 11:06:21,SOLUSDT,ask,162,8124.0
2024-08-26 11:06:28,SOLUSDT,ask,162,8129.0
2024-08-26 11:06:40,SOLUSDT,bid,145,9854.0
2024-08-26 11:06:43,SOLUSDT,ask,162,8100.0
2024-08-26 11:07:09,SOLUSDT,ask,161,7457.0
2024-08-26 11:07:14,SOLUSDT,ask,161,7410.0
2024-08-26 11:07:21,SOLUSDT,ask,161,7411.0
2024-08-26 11:07:36,SOLUSDT,ask,161,6226.0
2024-08-26 11:07:41,SOLUSDT,bid,140,8913.0
2024-08-26 11:07:52,SOLUSDT,ask,176,29097.0
2024-08-26 11:07:55,SOLUSDT,ask,176,29098.0
2024-08-26 11:07:56,SOLUSDT,ask,176,29099.0
2024-08-26 11:07:58,SOLUSDT,ask,161,6227.0
2024-08-26 11:08:00,SOLUSDT,ask,162,8105.0
2024-08-26 11:08:01,SOLUSDT,ask,176,29098.0
2024-08-26 11:08:04,SOLUSDT,ask,176,29097.0
2024-08-26 11:08:05,SOLUSDT,ask,176,29096.0
2024-08-26 11:08:06,SOLUSDT,ask,161,6340.0
2024-08-26 11:08:10,SOLUSDT,ask,161,6338.0
2024-08-26 11:08:13,SOLUSDT,ask,176,29097.0
2024-08-26 11:08:13,SOLUSDT,ask,161,6294.0
2024-08-26 11:08:14,SOLUSDT,ask,161,6299.0
2024-08-26 11:08:14,SOLUSDT,ask,176,29098.0
2024-08-26 11:08:14,SOLUSDT,ask,176,29099.0
2024-08-26 11:08:16,SOLUSDT,ask,162,8110.0
2024-08-26 11:08:19,SOLUSDT,ask,176,29100.0
2024-08-26 11:08:22,SOLUSDT,ask,176,29099.0
2024-08-26 11:08:22,SOLUSDT,ask,176,29100.0
2024-08-26 11:08:23,SOLUSDT,ask,176,29100.0
2024-08-26 11:08:24,SOLUSDT,ask,176,29100.0
2024-08-26 11:08:28,SOLUSDT,ask,176,29100.0
2024-08-26 11:08:31,SOLUSDT,ask,176,29099.0
2024-08-26 11:08:32,SOLUSDT,ask,176,29098.0
2024-08-26 11:08:33,SOLUSDT,ask,176,29097.0
2024-08-26 11:08:34,SOLUSDT,ask,161,6392.0
2024-08-26 11:08:37,SOLUSDT,ask,176,29096.0
2024-08-26 11:08:39,SOLUSDT,bid,140,8916.0
2024-08-26 11:08:43,SOLUSDT,ask,161,6400.0
2024-08-26 11:08:55,SOLUSDT,ask,162,8060.0
2024-08-26 11:09:13,SOLUSDT,ask,161,6401.0
2024-08-26 11:10:01,SOLUSDT,ask,162,8059.0
2024-08-26 11:10:18,SOLUSDT,ask,161,6402.0
2024-08-26 11:10:36,SOLUSDT,ask,162,8061.0
2024-08-26 11:10:47,SOLUSDT,ask,162,8062.0
2024-08-26 11:10:51,SOLUSDT,ask,162,8064.0
2024-08-26 11:10:56,SOLUSDT,bid,158,6358.0
2024-08-26 11:11:20,SOLUSDT,ask,161,6401.0
2024-08-26 11:11:39,SOLUSDT,ask,162,8062.0
2024-08-26 11:11:39,SOLUSDT,ask,178,30314.0
2024-08-26 11:11:40,SOLUSDT,ask,178,30352.0
2024-08-26 11:12:02,SOLUSDT,ask,178,30314.0
2024-08-26 11:12:04,SOLUSDT,bid,158,6362.0
2024-08-26 11:12:23,SOLUSDT,ask,167,11610.0
2024-08-26 11:12:26,SOLUSDT,ask,162,8162.0
2024-08-26 11:12:33,SOLUSDT,ask,178,30281.0
2024-08-26 11:12:52,SOLUSDT,bid,140,8921.0
2024-08-26 11:12:57,SOLUSDT,bid,158,6360.0
2024-08-26 11:13:24,SOLUSDT,ask,161,6399.0
2024-08-26 11:13:24,SOLUSDT,bid,150,14881.0
2024-08-26 11:13:32,SOLUSDT,bid,140,8922.0
2024-08-26 11:13:47,SOLUSDT,bid,158,6382.0
2024-08-26 11:13:59,SOLUSDT,bid,159,38508.0
2024-08-26 11:13:59,SOLUSDT,bid,159,38543.0
2024-08-26 11:13:59,SOLUSDT,bid,159,38480.0
2024-08-26 11:14:01,SOLUSDT,bid,159,38484.0
2024-08-26 11:14:04,SOLUSDT,bid,159,38482.0
2024-08-26 11:14:04,SOLUSDT,bid,159,38481.0
2024-08-26 11:14:05,SOLUSDT,ask,161,6409.0
2024-08-26 11:14:06,SOLUSDT,bid,159,38508.0
2024-08-26 11:14:07,SOLUSDT,bid,159,38483.0
2024-08-26 11:14:07,SOLUSDT,bid,159,38474.0
2024-08-26 11:14:10,SOLUSDT,bid,159,38499.0
2024-08-26 11:14:10,SOLUSDT,bid,159,38512.0
2024-08-26 11:14:11,SOLUSDT,bid,159,38499.0
2024-08-26 11:14:40,SOLUSDT,bid,159,13645.0
2024-08-26 11:14:40,SOLUSDT,bid,159,13620.0
2024-08-26 11:14:40,SOLUSDT,bid,159,13621.0
2024-08-26 11:14:41,SOLUSDT,ask,176,29097.0
2024-08-26 11:14:42,SOLUSDT,ask,176,29098.0
2024-08-26 11:14:43,SOLUSDT,bid,159,13587.0
2024-08-26 11:14:43,SOLUSDT,bid,159,13575.0
2024-08-26 11:14:45,SOLUSDT,ask,161,6410.0
2024-08-26 11:14:49,SOLUSDT,ask,162,8160.0
2024-08-26 11:14:49,SOLUSDT,ask,176,29098.0
2024-08-26 11:14:51,SOLUSDT,ask,176,29097.0
2024-08-26 11:14:51,SOLUSDT,ask,176,29096.0
2024-08-26 11:14:56,SOLUSDT,bid,159,13580.0
2024-08-26 11:14:57,SOLUSDT,bid,159,13575.0
2024-08-26 11:14:58,SOLUSDT,ask,162,8161.0
2024-08-26 11:15:00,SOLUSDT,bid,159,13606.0
2024-08-26 11:15:01,SOLUSDT,bid,159,13615.0
2024-08-26 11:15:01,SOLUSDT,bid,159,13627.0
2024-08-26 11:15:01,SOLUSDT,bid,159,13587.0
2024-08-26 11:15:02,SOLUSDT,bid,159,13680.0
2024-08-26 11:15:02,SOLUSDT,bid,159,13587.0
2024-08-26 11:15:03,SOLUSDT,bid,159,13599.0
2024-08-26 11:15:03,SOLUSDT,bid,159,13587.0
2024-08-26 11:15:03,SOLUSDT,bid,159,13593.0
2024-08-26 11:15:03,SOLUSDT,bid,159,13593.0
2024-08-26 11:15:04,SOLUSDT,bid,159,13594.0
2024-08-26 11:15:04,SOLUSDT,bid,159,13593.0
2024-08-26 11:15:06,SOLUSDT,bid,159,13575.0
2024-08-26 11:15:06,SOLUSDT,bid,159,13599.0
2024-08-26 11:15:06,SOLUSDT,bid,159,13599.0
2024-08-26 11:15:07,SOLUSDT,bid,159,13602.0
2024-08-26 11:15:11,SOLUSDT,bid,158,6413.0
2024-08-26 11:15:20,SOLUSDT,ask,161,6417.0
2024-08-26 11:15:27,SOLUSDT,ask,162,8162.0
2024-08-26 11:15:34,SOLUSDT,ask,161,6419.0
2024-08-26 11:16:01,SOLUSDT,bid,158,6382.0
2024-08-26 11:16:17,SOLUSDT,bid,158,6384.0
2024-08-26 11:16:25,SOLUSDT,ask,162,8122.0
2024-08-26 11:16:26,SOLUSDT,ask,162,8159.0
2024-08-26 11:16:39,SOLUSDT,ask,162,8160.0
2024-08-26 11:16:50,SOLUSDT,ask,161,6519.0
2024-08-26 11:16:56,SOLUSDT,bid,150,14871.0
2024-08-26 11:17:28,SOLUSDT,ask,162,8161.0
2024-08-26 11:17:34,SOLUSDT,ask,171,8384.0
2024-08-26 11:17:39,SOLUSDT,bid,150,14872.0
2024-08-26 11:17:39,SOLUSDT,bid,158,6385.0
2024-08-26 11:17:39,SOLUSDT,ask,162,8162.0
2024-08-26 11:17:39,SOLUSDT,ask,170,7365.0
2024-08-26 11:17:52,SOLUSDT,ask,162,8161.0
2024-08-26 11:17:56,SOLUSDT,ask,162,8061.0
2024-08-26 11:18:09,SOLUSDT,bid,158,6381.0
2024-08-26 11:18:10,SOLUSDT,bid,158,6382.0
2024-08-26 11:18:15,SOLUSDT,bid,150,14882.0
2024-08-26 11:18:22,SOLUSDT,ask,162,8086.0
2024-08-26 11:18:25,SOLUSDT,ask,167,11887.0
2024-08-26 11:18:27,SOLUSDT,ask,171,8388.0
2024-08-26 11:18:28,SOLUSDT,ask,162,8061.0
2024-08-26 11:19:02,SOLUSDT,ask,170,7980.0
2024-08-26 11:19:12,SOLUSDT,ask,162,8064.0
2024-08-26 11:19:22,SOLUSDT,bid,158,6383.0
2024-08-26 11:19:27,SOLUSDT,bid,150,14881.0
2024-08-26 11:19:27,SOLUSDT,bid,158,6382.0
2024-08-26 11:19:27,SOLUSDT,ask,162,8063.0
2024-08-26 11:19:32,SOLUSDT,ask,162,8053.0
2024-08-26 11:19:46,SOLUSDT,bid,158,6383.0
2024-08-26 11:19:52,SOLUSDT,ask,162,8058.0
2024-08-26 11:19:54,SOLUSDT,ask,162,8059.0
2024-08-26 11:20:11,SOLUSDT,ask,170,7984.0
2024-08-26 11:20:30,SOLUSDT,ask,171,8384.0
2024-08-26 11:20:49,SOLUSDT,ask,162,8174.0
2024-08-26 11:21:00,SOLUSDT,ask,162,8173.0
2024-08-26 11:21:00,SOLUSDT,ask,162,8177.0
2024-08-26 11:21:01,SOLUSDT,ask,162,8182.0
2024-08-26 11:21:02,SOLUSDT,bid,158,6383.0
2024-08-26 11:21:09,SOLUSDT,ask,162,8078.0
2024-08-26 11:21:19,SOLUSDT,ask,162,8066.0
2024-08-26 11:21:21,SOLUSDT,bid,158,6389.0
2024-08-26 11:21:23,SOLUSDT,ask,162,8681.0
2024-08-26 11:21:23,SOLUSDT,ask,170,7369.0
2024-08-26 11:21:42,SOLUSDT,ask,162,8686.0
2024-08-26 11:21:53,SOLUSDT,ask,162,8688.0
2024-08-26 11:21:55,SOLUSDT,bid,150,14898.0
2024-08-26 11:21:57,SOLUSDT,ask,162,8694.0
2024-08-26 11:22:02,SOLUSDT,ask,162,8719.0
2024-08-26 11:22:17,SOLUSDT,bid,158,6396.0
2024-08-26 11:22:34,SOLUSDT,ask,162,8799.0
2024-08-26 11:22:54,SOLUSDT,ask,162,8899.0
2024-08-26 11:23:03,SOLUSDT,ask,162,8909.0
2024-08-26 11:23:11,SOLUSDT,ask,162,8884.0
2024-08-26 11:23:50,SOLUSDT,ask,162,8841.0
2024-08-26 11:23:50,SOLUSDT,ask,162,8842.0
2024-08-26 11:24:16,SOLUSDT,ask,162,8838.0
2024-08-26 11:24:16,SOLUSDT,ask,162,8839.0
2024-08-26 11:24:23,SOLUSDT,bid,150,14897.0
2024-08-26 11:24:38,SOLUSDT,ask,170,7364.0
2024-08-26 11:25:01,SOLUSDT,ask,162,8862.0
2024-08-26 11:25:04,SOLUSDT,ask,171,8394.0
2024-08-26 11:25:10,SOLUSDT,ask,162,8863.0
2024-08-26 11:25:14,SOLUSDT,bid,148,20077.0
2024-08-26 11:25:22,SOLUSDT,ask,162,8248.0
2024-08-26 11:25:25,SOLUSDT,ask,167,11975.0
2024-08-26 11:25:32,SOLUSDT,bid,140,9000.0
2024-08-26 11:25:35,SOLUSDT,bid,150,14902.0
2024-08-26 11:26:05,SOLUSDT,ask,170,7361.0
2024-08-26 11:26:05,SOLUSDT,ask,175,32918.0
2024-08-26 11:26:24,SOLUSDT,bid,140,8965.0
2024-08-26 11:26:26,SOLUSDT,bid,145,9853.0
2024-08-26 11:26:30,SOLUSDT,ask,162,8255.0
2024-08-26 11:26:31,SOLUSDT,ask,162,8355.0
2024-08-26 11:27:21,SOLUSDT,ask,167,11995.0
2024-08-26 11:27:30,SOLUSDT,ask,162,8360.0
2024-08-26 11:27:54,SOLUSDT,ask,162,8372.0
2024-08-26 11:28:15,SOLUSDT,ask,167,11996.0
2024-08-26 11:28:30,SOLUSDT,ask,171,8395.0
2024-08-26 11:28:36,SOLUSDT,ask,171,8394.0
2024-08-26 11:28:46,SOLUSDT,ask,162,8428.0
2024-08-26 11:28:46,SOLUSDT,ask,162,8423.0
2024-08-26 11:28:50,SOLUSDT,ask,171,8395.0
2024-08-26 11:28:52,SOLUSDT,ask,162,8416.0
2024-08-26 11:29:05,SOLUSDT,ask,162,8445.0
2024-08-26 11:29:17,SOLUSDT,ask,162,8448.0
2024-08-26 11:29:19,SOLUSDT,ask,167,11995.0
2024-08-26 11:29:25,SOLUSDT,ask,162,8462.0
2024-08-26 11:29:28,SOLUSDT,ask,162,8433.0
2024-08-26 11:29:38,SOLUSDT,ask,170,7381.0
2024-08-26 11:29:39,SOLUSDT,ask,162,8508.0
2024-08-26 11:29:41,SOLUSDT,ask,162,8485.0
2024-08-26 11:29:43,SOLUSDT,ask,162,8486.0
2024-08-26 11:30:01,SOLUSDT,ask,171,8385.0
2024-08-26 11:30:05,SOLUSDT,ask,162,8515.0
2024-08-26 11:30:06,SOLUSDT,ask,162,8501.0
2024-08-26 11:30:40,SOLUSDT,ask,162,8515.0
2024-08-26 11:30:46,SOLUSDT,ask,162,8514.0
2024-08-26 11:31:01,SOLUSDT,ask,167,11994.0
2024-08-26 11:31:06,SOLUSDT,ask,162,8616.0
2024-08-26 11:31:08,SOLUSDT,ask,167,11996.0
2024-08-26 11:31:54,SOLUSDT,ask,171,8565.0
2024-08-26 11:32:06,SOLUSDT,ask,162,8783.0
2024-08-26 11:32:07,SOLUSDT,ask,171,8708.0
2024-08-26 11:32:12,SOLUSDT,ask,162,8782.0
2024-08-26 11:32:17,SOLUSDT,bid,150,14996.0
2024-08-26 11:33:07,SOLUSDT,ask,162,8795.0
2024-08-26 11:33:08,SOLUSDT,ask,162,8805.0
2024-08-26 11:33:23,SOLUSDT,ask,174,11451.0
2024-08-26 11:33:35,SOLUSDT,ask,162,8869.0
2024-08-26 11:34:07,SOLUSDT,ask,172,11242.0
2024-08-26 11:34:15,SOLUSDT,ask,162,8889.0
2024-08-26 11:34:33,SOLUSDT,ask,172,11241.0
2024-08-26 11:34:42,SOLUSDT,ask,162,8894.0
2024-08-26 11:35:01,SOLUSDT,ask,162,8896.0
2024-08-26 11:35:56,SOLUSDT,ask,162,8906.0
2024-08-26 11:36:03,SOLUSDT,ask,162,8926.0
2024-08-26 11:36:03,SOLUSDT,ask,162,8825.0
2024-08-26 11:36:18,SOLUSDT,ask,162,8844.0
2024-08-26 11:36:19,SOLUSDT,ask,170,9703.0
2024-08-26 11:36:22,SOLUSDT,ask,162,8945.0
2024-08-26 11:36:43,SOLUSDT,ask,162,9259.0
2024-08-26 11:37:23,SOLUSDT,ask,162,9206.0
2024-08-26 11:37:32,SOLUSDT,ask,162,9201.0
2024-08-26 11:37:34,SOLUSDT,ask,162,9226.0
2024-08-26 11:37:38,SOLUSDT,ask,162,9233.0
2024-08-26 11:37:49,SOLUSDT,ask,162,9234.0
2024-08-26 11:38:03,SOLUSDT,ask,162,9497.0
2024-08-26 11:38:31,SOLUSDT,ask,162,9234.0
2024-08-26 11:39:13,SOLUSDT,ask,162,9249.0
2024-08-26 11:39:23,SOLUSDT,ask,162,9244.0
2024-08-26 11:39:54,SOLUSDT,ask,162,9263.0
2024-08-26 11:39:59,SOLUSDT,ask,162,9248.0
2024-08-26 11:40:09,SOLUSDT,ask,162,9249.0
2024-08-26 11:40:41,SOLUSDT,ask,162,9250.0
2024-08-26 11:41:04,SOLUSDT,bid,150,15011.0
2024-08-26 11:41:13,SOLUSDT,ask,162,9224.0
2024-08-26 11:41:16,SOLUSDT,bid,150,14996.0
2024-08-26 11:41:19,SOLUSDT,bid,150,15006.0
2024-08-26 11:42:04,SOLUSDT,bid,148,7401.0
2024-08-26 11:42:11,SOLUSDT,ask,162,9234.0
2024-08-26 11:42:16,SOLUSDT,ask,162,9244.0
2024-08-26 11:42:29,SOLUSDT,ask,162,9247.0
2024-08-26 11:42:38,SOLUSDT,bid,140,8962.0
2024-08-26 11:43:14,SOLUSDT,bid,148,20097.0
2024-08-26 11:43:39,SOLUSDT,ask,162,9245.0
2024-08-26 11:44:40,SOLUSDT,ask,162,8931.0
2024-08-26 11:44:44,SOLUSDT,ask,170,9720.0
2024-08-26 11:44:54,SOLUSDT,bid,148,20101.0
2024-08-26 11:45:47,SOLUSDT,ask,170,9703.0
2024-08-26 11:45:49,SOLUSDT,ask,162,9247.0
2024-08-26 11:46:07,SOLUSDT,ask,162,9279.0
2024-08-26 11:46:16,SOLUSDT,bid,140,8963.0
2024-08-26 11:46:23,SOLUSDT,ask,162,9280.0
2024-08-26 11:46:39,SOLUSDT,ask,162,9261.0
2024-08-26 11:46:43,SOLUSDT,ask,162,9229.0
2024-08-26 11:47:01,SOLUSDT,ask,162,9254.0
2024-08-26 11:47:52,SOLUSDT,ask,170,9696.0
2024-08-26 11:47:53,SOLUSDT,bid,148,20097.0
2024-08-26 11:48:09,SOLUSDT,ask,170,9707.0
2024-08-26 11:48:24,SOLUSDT,ask,170,9696.0
2024-08-26 11:48:28,SOLUSDT,bid,145,9848.0
2024-08-26 11:48:33,SOLUSDT,ask,170,9693.0
2024-08-26 11:48:43,SOLUSDT,ask,175,32938.0
2024-08-26 11:48:52,SOLUSDT,ask,162,9232.0
2024-08-26 11:48:58,SOLUSDT,ask,171,8528.0
2024-08-26 11:49:11,SOLUSDT,ask,171,8385.0
2024-08-26 11:49:32,SOLUSDT,ask,171,8585.0
2024-08-26 11:50:02,SOLUSDT,ask,162,9478.0
2024-08-26 11:50:11,SOLUSDT,ask,162,9475.0
2024-08-26 11:50:52,SOLUSDT,ask,162,9476.0
2024-08-26 11:50:56,SOLUSDT,ask,162,9475.0
2024-08-26 11:51:00,SOLUSDT,ask,162,9478.0
2024-08-26 11:51:23,SOLUSDT,ask,170,9692.0
2024-08-26 11:51:34,SOLUSDT,ask,162,9483.0
2024-08-26 11:52:16,SOLUSDT,bid,145,10348.0
2024-08-26 11:52:45,SOLUSDT,ask,162,9535.0
2024-08-26 11:53:01,SOLUSDT,ask,162,9534.0
2024-08-26 11:53:49,SOLUSDT,ask,162,9529.0
2024-08-26 11:54:18,SOLUSDT,bid,145,10287.0
2024-08-26 11:54:19,SOLUSDT,ask,162,9535.0
2024-08-26 11:54:37,SOLUSDT,ask,162,9527.0
2024-08-26 11:54:50,SOLUSDT,ask,162,9514.0
2024-08-26 11:55:04,SOLUSDT,ask,162,9504.0
2024-08-26 11:55:19,SOLUSDT,ask,162,9498.0
2024-08-26 11:55:21,SOLUSDT,bid,150,14996.0
2024-08-26 11:55:28,SOLUSDT,ask,162,9507.0
2024-08-26 11:55:32,SOLUSDT,ask,162,9517.0
2024-08-26 11:55:40,SOLUSDT,ask,162,9522.0
2024-08-26 11:55:58,SOLUSDT,ask,162,9542.0
2024-08-26 11:56:01,SOLUSDT,ask,162,9532.0
2024-08-26 11:56:09,SOLUSDT,ask,162,9505.0
2024-08-26 11:56:15,SOLUSDT,ask,162,9515.0
2024-08-26 11:56:27,SOLUSDT,ask,162,9505.0
2024-08-26 11:56:50,SOLUSDT,ask,162,9506.0
2024-08-26 11:56:56,SOLUSDT,ask,162,9501.0
2024-08-26 11:57:01,SOLUSDT,ask,162,9511.0
2024-08-26 11:57:23,SOLUSDT,ask,178,30175.0
2024-08-26 11:58:05,SOLUSDT,bid,140,8962.0
2024-08-26 11:58:05,SOLUSDT,ask,167,12001.0
2024-08-26 11:58:11,SOLUSDT,ask,162,9507.0
2024-08-26 11:58:14,SOLUSDT,ask,162,9506.0
2024-08-26 11:58:30,SOLUSDT,ask,175,32926.0
2024-08-26 11:58:36,SOLUSDT,ask,162,9509.0
2024-08-26 11:59:00,SOLUSDT,ask,171,8595.0
2024-08-26 11:59:01,SOLUSDT,ask,170,9675.0
2024-08-26 11:59:04,SOLUSDT,ask,162,9515.0
2024-08-26 11:59:13,SOLUSDT,ask,162,9525.0
2024-08-26 11:59:14,SOLUSDT,ask,167,12085.0
2024-08-26 11:59:14,SOLUSDT,ask,172,11194.0
2024-08-26 11:59:32,SOLUSDT,ask,162,9515.0
2024-08-26 11:59:43,SOLUSDT,ask,162,9517.0
2024-08-26 11:59:55,SOLUSDT,ask,162,9515.0
2024-08-26 12:00:09,SOLUSDT,ask,162,9516.0
2024-08-26 12:00:15,SOLUSDT,bid,150,14998.0
2024-08-26 12:00:18,SOLUSDT,ask,170,9688.0
2024-08-26 12:00:22,SOLUSDT,ask,170,9675.0
2024-08-26 12:00:23,SOLUSDT,ask,162,9769.0
2024-08-26 12:00:24,SOLUSDT,ask,167,12086.0
2024-08-26 12:00:30,SOLUSDT,ask,162,9791.0
2024-08-26 12:00:40,SOLUSDT,bid,150,14996.0
2024-08-26 12:01:19,SOLUSDT,ask,162,9790.0
2024-08-26 12:01:34,SOLUSDT,ask,162,9791.0
2024-08-26 12:01:45,SOLUSDT,ask,162,9790.0
2024-08-26 12:02:05,SOLUSDT,ask,162,9794.0
2024-08-26 12:02:27,SOLUSDT,ask,167,12085.0
2024-08-26 12:02:37,SOLUSDT,ask,175,32938.0
2024-08-26 12:02:56,SOLUSDT,ask,162,9804.0
2024-08-26 12:02:57,SOLUSDT,ask,162,9802.0
2024-08-26 12:03:13,SOLUSDT,bid,82,24346.0
2024-08-26 12:04:02,SOLUSDT,ask,162,9829.0
2024-08-26 12:04:20,SOLUSDT,bid,145,10292.0
2024-08-26 12:04:30,SOLUSDT,ask,176,29784.0
2024-08-26 12:05:02,SOLUSDT,bid,148,20096.0
2024-08-26 12:05:34,SOLUSDT,bid,82,24336.0
2024-08-26 12:06:43,SOLUSDT,bid,158,6336.0
2024-08-26 12:07:22,SOLUSDT,bid,150,14696.0
2024-08-26 12:07:59,SOLUSDT,bid,158,6399.0
2024-08-26 12:08:09,SOLUSDT,bid,158,6395.0
2024-08-26 12:08:31,SOLUSDT,bid,150,14055.0
2024-08-26 12:08:56,SOLUSDT,bid,150,14053.0
2024-08-26 12:09:05,SOLUSDT,bid,158,6401.0
2024-08-26 12:09:24,SOLUSDT,ask,162,9842.0
2024-08-26 12:10:58,SOLUSDT,ask,162,10092.0
2024-08-26 12:11:28,SOLUSDT,ask,162,10093.0
2024-08-26 12:11:29,SOLUSDT,ask,163,6159.0
2024-08-26 12:11:41,SOLUSDT,ask,162,10064.0
2024-08-26 12:11:52,SOLUSDT,bid,158,6402.0
2024-08-26 12:12:02,SOLUSDT,ask,162,10065.0
2024-08-26 12:12:12,SOLUSDT,ask,163,6154.0
2024-08-26 12:12:21,SOLUSDT,ask,167,12073.0
2024-08-26 12:12:28,SOLUSDT,ask,163,6173.0
2024-08-26 12:13:14,SOLUSDT,ask,162,10071.0
2024-08-26 12:13:20,SOLUSDT,bid,140,8902.0
2024-08-26 12:13:53,SOLUSDT,bid,158,6403.0
2024-08-26 12:13:58,SOLUSDT,ask,163,6182.0
2024-08-26 12:14:13,SOLUSDT,ask,163,6213.0
2024-08-26 12:14:15,SOLUSDT,ask,163,6204.0
2024-08-26 12:14:43,SOLUSDT,ask,163,6202.0
2024-08-26 12:14:48,SOLUSDT,bid,158,6407.0
2024-08-26 12:15:23,SOLUSDT,bid,158,6412.0
2024-08-26 12:15:43,SOLUSDT,bid,158,6416.0
2024-08-26 12:15:51,SOLUSDT,bid,150,14695.0
2024-08-26 12:16:01,SOLUSDT,ask,163,6203.0
2024-08-26 12:16:23,SOLUSDT,ask,162,10070.0
2024-08-26 12:16:42,SOLUSDT,ask,162,10055.0
2024-08-26 12:16:59,SOLUSDT,ask,162,10455.0
2024-08-26 12:17:05,SOLUSDT,ask,162,10446.0
2024-08-26 12:17:59,SOLUSDT,ask,172,11193.0
2024-08-26 12:18:18,SOLUSDT,bid,158,6417.0
2024-08-26 12:18:21,SOLUSDT,bid,145,10279.0
2024-08-26 12:18:47,SOLUSDT,ask,162,10432.0
2024-08-26 12:18:50,SOLUSDT,bid,140,8904.0
2024-08-26 12:18:53,SOLUSDT,bid,158,6407.0
2024-08-26 12:19:10,SOLUSDT,bid,158,6408.0
2024-08-26 12:19:19,SOLUSDT,ask,163,6215.0
2024-08-26 12:19:30,SOLUSDT,ask,163,6216.0
2024-08-26 12:19:42,SOLUSDT,ask,162,10545.0
2024-08-26 12:19:42,SOLUSDT,ask,167,11989.0
2024-08-26 12:19:47,SOLUSDT,ask,162,10535.0
2024-08-26 12:19:53,SOLUSDT,ask,167,12005.0
2024-08-26 12:19:59,SOLUSDT,ask,163,6215.0
2024-08-26 12:20:21,SOLUSDT,ask,162,10515.0
2024-08-26 12:20:52,SOLUSDT,bid,158,6420.0
2024-08-26 12:20:52,SOLUSDT,bid,158,6451.0
2024-08-26 12:20:58,SOLUSDT,bid,158,6420.0
2024-08-26 12:20:59,SOLUSDT,bid,158,6376.0
2024-08-26 12:21:00,SOLUSDT,bid,138,12429.0
2024-08-26 12:21:01,SOLUSDT,bid,158,6390.0
2024-08-26 12:21:07,SOLUSDT,ask,163,6186.0
2024-08-26 12:21:08,SOLUSDT,ask,163,6156.0
2024-08-26 12:21:14,SOLUSDT,bid,158,6378.0
2024-08-26 12:21:16,SOLUSDT,ask,162,10558.0
2024-08-26 12:21:19,SOLUSDT,bid,150,14686.0
2024-08-26 12:21:27,SOLUSDT,ask,163,6216.0
2024-08-26 12:21:27,SOLUSDT,ask,163,6520.0
2024-08-26 12:21:41,SOLUSDT,ask,162,10565.0
2024-08-26 12:21:50,SOLUSDT,bid,158,6385.0
2024-08-26 12:22:13,SOLUSDT,ask,162,10516.0
2024-08-26 12:22:52,SOLUSDT,bid,158,6386.0
2024-08-26 12:22:58,SOLUSDT,bid,158,6398.0
2024-08-26 12:22:58,SOLUSDT,bid,158,6397.0
2024-08-26 12:23:02,SOLUSDT,ask,162,10517.0
2024-08-26 12:23:12,SOLUSDT,ask,163,6490.0
2024-08-26 12:23:36,SOLUSDT,bid,158,6334.0
2024-08-26 12:23:50,SOLUSDT,ask,162,10516.0
2024-08-26 12:24:21,SOLUSDT,bid,145,10272.0
2024-08-26 12:24:25,SOLUSDT,ask,167,11728.0
2024-08-26 12:24:39,SOLUSDT,bid,140,8905.0
2024-08-26 12:25:01,SOLUSDT,ask,162,10517.0
2024-08-26 12:25:36,SOLUSDT,ask,162,10437.0
2024-08-26 12:25:36,SOLUSDT,bid,158,6434.0
2024-08-26 12:25:57,SOLUSDT,bid,158,6438.0
2024-08-26 12:26:05,SOLUSDT,ask,162,10444.0
2024-08-26 12:26:30,SOLUSDT,bid,150,14703.0
2024-08-26 12:26:31,SOLUSDT,bid,158,6442.0
2024-08-26 12:26:52,SOLUSDT,ask,167,11726.0
2024-08-26 12:27:04,SOLUSDT,ask,163,6217.0
2024-08-26 12:27:05,SOLUSDT,bid,150,14686.0
2024-08-26 12:27:07,SOLUSDT,bid,158,6450.0
2024-08-26 12:27:17,SOLUSDT,bid,159,7283.0
2024-08-26 12:27:17,SOLUSDT,bid,140,8904.0
2024-08-26 12:27:17,SOLUSDT,ask,170,9674.0
2024-08-26 12:27:22,SOLUSDT,bid,158,6503.0
2024-08-26 12:27:23,SOLUSDT,bid,158,6504.0
2024-08-26 12:27:24,SOLUSDT,bid,158,6503.0
2024-08-26 12:27:32,SOLUSDT,bid,159,6569.0
2024-08-26 12:27:36,SOLUSDT,bid,158,6504.0
2024-08-26 12:27:38,SOLUSDT,bid,159,6552.0
2024-08-26 12:27:40,SOLUSDT,bid,158,6451.0
2024-08-26 12:27:48,SOLUSDT,bid,158,6482.0
2024-08-26 12:27:51,SOLUSDT,bid,158,6478.0
2024-08-26 12:27:51,SOLUSDT,bid,159,6555.0
2024-08-26 12:28:03,SOLUSDT,bid,140,8906.0
2024-08-26 12:28:06,SOLUSDT,ask,162,10324.0
2024-08-26 12:28:12,SOLUSDT,bid,159,6585.0
2024-08-26 12:28:17,SOLUSDT,ask,170,9673.0
2024-08-26 12:28:27,SOLUSDT,bid,158,6484.0
2024-08-26 12:28:32,SOLUSDT,bid,159,6606.0
2024-08-26 12:28:32,SOLUSDT,bid,159,6604.0
2024-08-26 12:28:35,SOLUSDT,ask,162,10317.0
2024-08-26 12:28:47,SOLUSDT,ask,162,10067.0
2024-08-26 12:28:50,SOLUSDT,bid,159,6603.0
2024-08-26 12:28:52,SOLUSDT,bid,158,6488.0
2024-08-26 12:28:52,SOLUSDT,bid,140,8905.0
2024-08-26 12:29:05,SOLUSDT,ask,162,10058.0
2024-08-26 12:29:08,SOLUSDT,bid,159,6589.0
2024-08-26 12:29:12,SOLUSDT,bid,159,6590.0
2024-08-26 12:29:19,SOLUSDT,ask,162,10059.0
2024-08-26 12:29:21,SOLUSDT,bid,150,14687.0
2024-08-26 12:29:25,SOLUSDT,bid,150,14703.0
2024-08-26 12:29:27,SOLUSDT,bid,158,6495.0
2024-08-26 12:29:29,SOLUSDT,ask,162,10058.0
2024-08-26 12:29:29,SOLUSDT,bid,159,6589.0
2024-08-26 12:29:31,SOLUSDT,bid,159,6593.0
2024-08-26 12:29:33,SOLUSDT,bid,158,7238.0
2024-08-26 12:29:35,SOLUSDT,bid,159,7034.0
2024-08-26 12:29:35,SOLUSDT,bid,159,6594.0
2024-08-26 12:29:43,SOLUSDT,bid,159,6593.0
2024-08-26 12:29:47,SOLUSDT,bid,158,7240.0
2024-08-26 12:29:52,SOLUSDT,ask,162,9958.0
2024-08-26 12:29:56,SOLUSDT,bid,159,6613.0
2024-08-26 12:30:07,SOLUSDT,bid,158,6497.0
2024-08-26 12:30:24,SOLUSDT,bid,158,6496.0
2024-08-26 12:30:58,SOLUSDT,bid,158,6488.0
2024-08-26 12:31:01,SOLUSDT,ask,162,9953.0
2024-08-26 12:31:03,SOLUSDT,ask,162,9965.0
2024-08-26 12:31:31,SOLUSDT,ask,162,9966.0
2024-08-26 12:32:05,SOLUSDT,ask,162,9954.0
2024-08-26 12:32:34,SOLUSDT,bid,150,14705.0
2024-08-26 12:33:13,SOLUSDT,ask,162,9958.0
2024-08-26 12:33:23,SOLUSDT,ask,162,9957.0
2024-08-26 12:33:30,SOLUSDT,ask,162,9969.0
2024-08-26 12:34:12,SOLUSDT,ask,162,9984.0
2024-08-26 12:34:29,SOLUSDT,bid,150,14707.0
2024-08-26 12:35:29,SOLUSDT,ask,176,29785.0
2024-08-26 12:35:33,SOLUSDT,ask,162,9985.0
2024-08-26 12:35:38,SOLUSDT,ask,176,29784.0
2024-08-26 12:35:49,SOLUSDT,ask,162,9986.0
2024-08-26 12:37:01,SOLUSDT,ask,163,6138.0
2024-08-26 12:37:03,SOLUSDT,ask,163,6137.0
2024-08-26 12:37:22,SOLUSDT,ask,162,9987.0
2024-08-26 12:37:24,SOLUSDT,ask,163,6140.0
2024-08-26 12:37:37,SOLUSDT,ask,162,9986.0
2024-08-26 12:38:04,SOLUSDT,ask,176,29790.0
2024-08-26 12:38:20,SOLUSDT,ask,162,9980.0
2024-08-26 12:38:50,SOLUSDT,ask,163,6177.0
2024-08-26 12:39:19,SOLUSDT,ask,162,10020.0
2024-08-26 12:39:27,SOLUSDT,ask,162,10021.0
2024-08-26 12:39:46,SOLUSDT,ask,178,30173.0
2024-08-26 12:40:14,SOLUSDT,ask,163,6158.0
2024-08-26 12:40:14,SOLUSDT,ask,167,11707.0
2024-08-26 12:40:14,SOLUSDT,ask,171,8576.0
2024-08-26 12:40:14,SOLUSDT,ask,175,32919.0
2024-08-26 12:40:31,SOLUSDT,ask,176,29791.0
2024-08-26 12:40:40,SOLUSDT,ask,176,29790.0
2024-08-26 12:42:36,SOLUSDT,bid,140,8903.0
2024-08-26 12:42:55,SOLUSDT,ask,162,10020.0
2024-08-26 12:43:02,SOLUSDT,ask,163,6208.0
2024-08-26 12:43:19,SOLUSDT,bid,150,14717.0
2024-08-26 12:43:22,SOLUSDT,ask,163,6158.0
2024-08-26 12:43:23,SOLUSDT,ask,167,11710.0
2024-08-26 12:43:26,SOLUSDT,ask,175,32918.0
2024-08-26 12:44:20,SOLUSDT,bid,150,14707.0
2024-08-26 12:45:35,SOLUSDT,ask,162,10018.0
2024-08-26 12:46:02,SOLUSDT,ask,162,10006.0
2024-08-26 12:47:05,SOLUSDT,bid,150,14700.0
2024-08-26 12:47:28,SOLUSDT,ask,162,10004.0
2024-08-26 12:48:05,SOLUSDT,ask,163,6164.0
2024-08-26 12:49:09,SOLUSDT,ask,163,6152.0
2024-08-26 12:49:35,SOLUSDT,ask,162,10001.0
2024-08-26 12:50:40,SOLUSDT,ask,162,10002.0
2024-08-26 12:50:51,SOLUSDT,ask,162,10001.0
2024-08-26 12:51:28,SOLUSDT,ask,176,29791.0
2024-08-26 12:51:29,SOLUSDT,ask,176,29793.0
2024-08-26 12:51:29,SOLUSDT,ask,176,29794.0
2024-08-26 12:51:30,SOLUSDT,ask,176,29796.0
2024-08-26 12:51:30,SOLUSDT,ask,176,29798.0
2024-08-26 12:51:30,SOLUSDT,ask,176,29802.0
2024-08-26 12:51:30,SOLUSDT,ask,176,29804.0
2024-08-26 12:51:30,SOLUSDT,ask,176,29805.0
2024-08-26 12:51:30,SOLUSDT,ask,176,29807.0
2024-08-26 12:51:30,SOLUSDT,ask,176,29809.0
2024-08-26 12:51:31,SOLUSDT,ask,176,29811.0
2024-08-26 12:51:34,SOLUSDT,ask,162,10002.0
2024-08-26 12:51:38,SOLUSDT,ask,176,29810.0
2024-08-26 12:51:39,SOLUSDT,ask,176,29809.0
2024-08-26 12:51:39,SOLUSDT,ask,176,29808.0
2024-08-26 12:51:39,SOLUSDT,ask,176,29810.0
2024-08-26 12:51:39,SOLUSDT,ask,176,29818.0
2024-08-26 12:51:40,SOLUSDT,ask,176,29820.0
2024-08-26 12:51:40,SOLUSDT,ask,163,6161.0
2024-08-26 12:51:40,SOLUSDT,ask,176,29822.0
2024-08-26 12:51:40,SOLUSDT,ask,176,29824.0
2024-08-26 12:51:40,SOLUSDT,ask,176,29826.0
2024-08-26 12:51:40,SOLUSDT,ask,176,29828.0
2024-08-26 12:51:40,SOLUSDT,ask,176,29830.0
2024-08-26 12:51:41,SOLUSDT,ask,176,29834.0
2024-08-26 12:51:41,SOLUSDT,ask,176,29838.0
2024-08-26 12:51:41,SOLUSDT,ask,176,29842.0
2024-08-26 12:51:42,SOLUSDT,ask,176,29843.0
2024-08-26 12:51:43,SOLUSDT,ask,176,29845.0
2024-08-26 12:51:43,SOLUSDT,ask,176,29851.0
2024-08-26 12:51:44,SOLUSDT,ask,176,29853.0
2024-08-26 12:51:44,SOLUSDT,ask,176,29855.0
2024-08-26 12:51:44,SOLUSDT,ask,176,29857.0
2024-08-26 12:51:46,SOLUSDT,ask,176,29859.0
2024-08-26 12:51:46,SOLUSDT,ask,176,29861.0
2024-08-26 12:51:46,SOLUSDT,ask,176,29862.0
2024-08-26 12:51:47,SOLUSDT,ask,176,29863.0
2024-08-26 12:51:48,SOLUSDT,ask,176,29864.0
2024-08-26 12:51:51,SOLUSDT,ask,176,29864.0
2024-08-26 12:51:56,SOLUSDT,ask,176,29862.0
2024-08-26 12:51:57,SOLUSDT,ask,176,29861.0
2024-08-26 12:52:00,SOLUSDT,ask,176,29860.0
2024-08-26 12:52:18,SOLUSDT,ask,176,29861.0
2024-08-26 12:52:27,SOLUSDT,ask,176,29860.0
2024-08-26 12:52:39,SOLUSDT,bid,150,14753.0
2024-08-26 12:53:02,SOLUSDT,bid,158,6486.0
2024-08-26 12:53:03,SOLUSDT,ask,162,10003.0
2024-08-26 12:53:30,SOLUSDT,ask,163,6159.0
2024-08-26 12:53:43,SOLUSDT,bid,158,6481.0
2024-08-26 12:55:04,SOLUSDT,bid,150,14750.0
2024-08-26 12:55:31,SOLUSDT,ask,162,10005.0
2024-08-26 12:55:37,SOLUSDT,ask,170,9674.0
2024-08-26 12:56:01,SOLUSDT,ask,162,10006.0
2024-08-26 12:56:07,SOLUSDT,bid,158,6487.0
2024-08-26 12:56:25,SOLUSDT,ask,162,10012.0
2024-08-26 12:57:01,SOLUSDT,ask,163,6144.0
2024-08-26 12:58:06,SOLUSDT,bid,150,14749.0
2024-08-26 12:58:26,SOLUSDT,bid,150,14751.0
2024-08-26 12:58:38,SOLUSDT,ask,172,11190.0
2024-08-26 12:58:43,SOLUSDT,bid,148,20090.0
2024-08-26 12:58:52,SOLUSDT,bid,150,14679.0
2024-08-26 12:59:03,SOLUSDT,ask,162,9975.0
2024-08-26 12:59:11,SOLUSDT,bid,158,6502.0
2024-08-26 12:59:29,SOLUSDT,bid,158,6525.0
2024-08-26 13:00:11,SOLUSDT,bid,158,6510.0
2024-08-26 13:00:29,SOLUSDT,bid,158,6500.0
2024-08-26 13:00:39,SOLUSDT,ask,163,6143.0
2024-08-26 13:00:42,SOLUSDT,ask,162,10029.0
2024-08-26 13:00:53,SOLUSDT,ask,162,10059.0
2024-08-26 13:01:05,SOLUSDT,bid,150,14680.0
2024-08-26 13:01:06,SOLUSDT,ask,162,10058.0
2024-08-26 13:01:10,SOLUSDT,bid,140,8904.0
2024-08-26 13:01:21,SOLUSDT,bid,150,14676.0
2024-08-26 13:01:25,SOLUSDT,ask,176,29858.0
2024-08-26 13:01:25,SOLUSDT,ask,176,29856.0
2024-08-26 13:01:25,SOLUSDT,ask,176,29854.0
2024-08-26 13:01:25,SOLUSDT,ask,176,29852.0
2024-08-26 13:01:26,SOLUSDT,ask,176,29850.0
2024-08-26 13:01:30,SOLUSDT,ask,176,29848.0
2024-08-26 13:01:30,SOLUSDT,ask,176,29846.0
2024-08-26 13:01:31,SOLUSDT,ask,176,29844.0
2024-08-26 13:01:31,SOLUSDT,ask,176,29842.0
2024-08-26 13:01:31,SOLUSDT,bid,150,14553.0
2024-08-26 13:01:32,SOLUSDT,ask,176,29838.0
2024-08-26 13:01:32,SOLUSDT,ask,176,29836.0
2024-08-26 13:01:38,SOLUSDT,ask,176,29832.0
2024-08-26 13:01:40,SOLUSDT,ask,176,29830.0
2024-08-26 13:01:40,SOLUSDT,ask,176,29820.0
2024-08-26 13:01:40,SOLUSDT,ask,176,29818.0
2024-08-26 13:01:40,SOLUSDT,ask,176,29816.0
2024-08-26 13:01:40,SOLUSDT,ask,176,29814.0
2024-08-26 13:01:41,SOLUSDT,ask,176,29812.0
2024-08-26 13:01:41,SOLUSDT,ask,176,29810.0
2024-08-26 13:01:43,SOLUSDT,ask,176,29800.0
2024-08-26 13:01:43,SOLUSDT,ask,176,29798.0
2024-08-26 13:01:43,SOLUSDT,ask,176,29794.0
2024-08-26 13:01:44,SOLUSDT,ask,176,29792.0
2024-08-26 13:01:44,SOLUSDT,ask,176,29790.0
2024-08-26 13:02:09,SOLUSDT,bid,158,6501.0
2024-08-26 13:02:11,SOLUSDT,ask,167,11712.0
2024-08-26 13:02:53,SOLUSDT,ask,167,11713.0
2024-08-26 13:03:50,SOLUSDT,bid,158,6502.0
2024-08-26 13:03:50,SOLUSDT,ask,167,11723.0
2024-08-26 13:04:06,SOLUSDT,bid,145,11272.0
2024-08-26 13:04:06,SOLUSDT,bid,150,14677.0
2024-08-26 13:04:19,SOLUSDT,ask,162,10063.0
2024-08-26 13:04:21,SOLUSDT,bid,158,6515.0
2024-08-26 13:04:23,SOLUSDT,ask,162,10063.0
2024-08-26 13:04:32,SOLUSDT,bid,158,6568.0
2024-08-26 13:04:39,SOLUSDT,bid,158,6567.0
2024-08-26 13:04:39,SOLUSDT,bid,158,6514.0
2024-08-26 13:05:21,SOLUSDT,bid,150,14730.0
2024-08-26 13:05:32,SOLUSDT,ask,167,11637.0
2024-08-26 13:05:41,SOLUSDT,bid,158,6534.0
2024-08-26 13:05:42,SOLUSDT,ask,167,11636.0
2024-08-26 13:05:48,SOLUSDT,bid,158,6514.0
2024-08-26 13:06:08,SOLUSDT,bid,158,6546.0
2024-08-26 13:06:11,SOLUSDT,ask,162,10066.0
2024-08-26 13:07:11,SOLUSDT,bid,158,6551.0
2024-08-26 13:07:12,SOLUSDT,bid,158,8551.0
2024-08-26 13:07:15,SOLUSDT,bid,158,8538.0
2024-08-26 13:07:21,SOLUSDT,bid,158,8533.0
2024-08-26 13:07:30,SOLUSDT,bid,150,14729.0
2024-08-26 13:07:30,SOLUSDT,bid,158,8532.0
2024-08-26 13:07:30,SOLUSDT,ask,162,10060.0
2024-08-26 13:07:30,SOLUSDT,ask,170,9673.0
2024-08-26 13:07:32,SOLUSDT,bid,140,8902.0
2024-08-26 13:07:57,SOLUSDT,bid,158,8533.0
2024-08-26 13:08:22,SOLUSDT,bid,140,8903.0
2024-08-26 13:08:22,SOLUSDT,bid,158,8534.0
2024-08-26 13:08:36,SOLUSDT,bid,140,8902.0
2024-08-26 13:08:36,SOLUSDT,ask,162,10059.0
2024-08-26 13:08:36,SOLUSDT,bid,145,10272.0
2024-08-26 13:09:23,SOLUSDT,bid,158,8535.0
2024-08-26 13:09:27,SOLUSDT,ask,170,9672.0
2024-08-26 13:09:35,SOLUSDT,bid,150,14676.0
2024-08-26 13:09:40,SOLUSDT,bid,158,8540.0
2024-08-26 13:09:50,SOLUSDT,bid,155,88583.0
2024-08-26 13:10:02,SOLUSDT,ask,162,10058.0
2024-08-26 13:10:10,SOLUSDT,bid,158,8545.0
2024-08-26 13:10:41,SOLUSDT,ask,176,29784.0
2024-08-26 13:10:43,SOLUSDT,ask,172,11179.0
2024-08-26 13:10:46,SOLUSDT,bid,148,20091.0
2024-08-26 13:10:46,SOLUSDT,ask,170,9673.0
2024-08-26 13:10:48,SOLUSDT,bid,140,8903.0
2024-08-26 13:10:48,SOLUSDT,ask,162,10059.0
2024-08-26 13:11:00,SOLUSDT,bid,158,8539.0
2024-08-26 13:11:02,SOLUSDT,bid,158,8507.0
2024-08-26 13:11:05,SOLUSDT,ask,175,32923.0
2024-08-26 13:11:18,SOLUSDT,bid,158,8508.0
2024-08-26 13:11:25,SOLUSDT,bid,150,14675.0
2024-08-26 13:11:28,SOLUSDT,ask,167,11618.0
2024-08-26 13:11:40,SOLUSDT,bid,158,8640.0
2024-08-26 13:11:50,SOLUSDT,bid,145,10273.0
2024-08-26 13:12:10,SOLUSDT,bid,158,8620.0
2024-08-26 13:12:45,SOLUSDT,ask,162,10066.0
2024-08-26 13:12:50,SOLUSDT,bid,158,8650.0
2024-08-26 13:13:02,SOLUSDT,ask,162,10073.0
2024-08-26 13:13:05,SOLUSDT,bid,158,8652.0
2024-08-26 13:13:05,SOLUSDT,bid,158,8650.0
2024-08-26 13:13:07,SOLUSDT,bid,158,8652.0
2024-08-26 13:13:08,SOLUSDT,bid,150,14671.0
2024-08-26 13:13:11,SOLUSDT,bid,158,8650.0
2024-08-26 13:13:11,SOLUSDT,bid,158,8652.0
2024-08-26 13:13:11,SOLUSDT,bid,158,8662.0
2024-08-26 13:13:17,SOLUSDT,ask,162,10074.0
2024-08-26 13:13:23,SOLUSDT,bid,140,8853.0
2024-08-26 13:13:23,SOLUSDT,bid,158,8663.0
2024-08-26 13:13:54,SOLUSDT,bid,158,8668.0
2024-08-26 13:13:59,SOLUSDT,bid,158,8731.0
2024-08-26 13:14:20,SOLUSDT,bid,158,8900.0
2024-08-26 13:14:24,SOLUSDT,bid,150,14936.0
2024-08-26 13:14:25,SOLUSDT,bid,145,10274.0
2024-08-26 13:14:25,SOLUSDT,ask,162,10079.0
2024-08-26 13:14:27,SOLUSDT,bid,158,8731.0
2024-08-26 13:14:33,SOLUSDT,bid,138,12430.0
2024-08-26 13:14:34,SOLUSDT,bid,158,11731.0
2024-08-26 13:14:40,SOLUSDT,bid,158,11900.0
2024-08-26 13:14:40,SOLUSDT,bid,140,8858.0
2024-08-26 13:14:45,SOLUSDT,bid,158,11774.0
2024-08-26 13:14:45,SOLUSDT,bid,140,8863.0
2024-08-26 13:14:47,SOLUSDT,bid,138,12431.0
2024-08-26 13:14:50,SOLUSDT,bid,158,11605.0
2024-08-26 13:14:51,SOLUSDT,bid,158,11609.0
2024-08-26 13:14:57,SOLUSDT,bid,140,8858.0
2024-08-26 13:15:04,SOLUSDT,bid,158,11608.0
2024-08-26 13:15:05,SOLUSDT,bid,158,11606.0
2024-08-26 13:15:07,SOLUSDT,ask,167,11616.0
2024-08-26 13:15:14,SOLUSDT,bid,158,11608.0
2024-08-26 13:15:14,SOLUSDT,bid,158,11606.0
2024-08-26 13:15:14,SOLUSDT,bid,158,11608.0
2024-08-26 13:15:26,SOLUSDT,bid,158,11604.0
2024-08-26 13:15:27,SOLUSDT,bid,158,11623.0
2024-08-26 13:15:28,SOLUSDT,bid,158,11622.0
2024-08-26 13:15:47,SOLUSDT,bid,158,11722.0
2024-08-26 13:15:53,SOLUSDT,bid,158,11717.0
2024-08-26 13:16:00,SOLUSDT,bid,158,11729.0
2024-08-26 13:16:01,SOLUSDT,bid,150,14711.0
2024-08-26 13:16:08,SOLUSDT,ask,172,11181.0
2024-08-26 13:16:25,SOLUSDT,bid,158,11719.0
2024-08-26 13:16:31,SOLUSDT,bid,158,11733.0
2024-08-26 13:16:33,SOLUSDT,bid,158,11699.0
2024-08-26 13:16:34,SOLUSDT,ask,172,11179.0
2024-08-26 13:16:48,SOLUSDT,bid,145,10275.0
2024-08-26 13:16:56,SOLUSDT,bid,138,12432.0
2024-08-26 13:17:01,SOLUSDT,bid,150,14553.0
2024-08-26 13:17:09,SOLUSDT,bid,158,11700.0
2024-08-26 13:17:09,SOLUSDT,bid,158,11699.0
2024-08-26 13:17:12,SOLUSDT,ask,167,11416.0
2024-08-26 13:17:13,SOLUSDT,bid,158,11736.0
2024-08-26 13:17:21,SOLUSDT,bid,158,11750.0
2024-08-26 13:17:29,SOLUSDT,bid,158,11755.0
2024-08-26 13:17:31,SOLUSDT,bid,158,11741.0
2024-08-26 13:17:31,SOLUSDT,bid,158,11742.0
2024-08-26 13:17:31,SOLUSDT,bid,158,11756.0
2024-08-26 13:17:36,SOLUSDT,bid,158,11757.0
2024-08-26 13:17:37,SOLUSDT,bid,158,11756.0
2024-08-26 13:17:38,SOLUSDT,bid,158,11781.0
2024-08-26 13:17:39,SOLUSDT,bid,158,11756.0
2024-08-26 13:17:39,SOLUSDT,bid,158,11726.0
2024-08-26 13:17:40,SOLUSDT,bid,158,11712.0
2024-08-26 13:17:40,SOLUSDT,ask,162,10080.0
2024-08-26 13:17:43,SOLUSDT,bid,158,11722.0
2024-08-26 13:17:44,SOLUSDT,bid,158,12164.0
2024-08-26 13:17:44,SOLUSDT,bid,158,12165.0
2024-08-26 13:17:44,SOLUSDT,bid,158,12315.0
2024-08-26 13:17:45,SOLUSDT,bid,158,11873.0
2024-08-26 13:17:45,SOLUSDT,ask,162,10079.0
2024-08-26 13:17:45,SOLUSDT,bid,158,11874.0
2024-08-26 13:17:54,SOLUSDT,bid,158,11875.0
2024-08-26 13:17:57,SOLUSDT,bid,158,11874.0
2024-08-26 13:17:57,SOLUSDT,bid,158,11875.0
2024-08-26 13:18:00,SOLUSDT,bid,158,11874.0
2024-08-26 13:18:05,SOLUSDT,bid,158,11873.0
2024-08-26 13:18:06,SOLUSDT,bid,158,11903.0
2024-08-26 13:18:06,SOLUSDT,bid,158,11884.0
2024-08-26 13:18:10,SOLUSDT,bid,158,11888.0
2024-08-26 13:18:16,SOLUSDT,bid,158,11899.0
2024-08-26 13:18:19,SOLUSDT,bid,95,21030.0
2024-08-26 13:18:22,SOLUSDT,bid,158,11895.0
2024-08-26 13:18:28,SOLUSDT,bid,158,11832.0
2024-08-26 13:18:35,SOLUSDT,bid,158,11836.0
2024-08-26 13:18:36,SOLUSDT,bid,158,11837.0
2024-08-26 13:18:50,SOLUSDT,bid,158,11887.0
2024-08-26 13:18:56,SOLUSDT,bid,158,11877.0
2024-08-26 13:18:57,SOLUSDT,ask,162,10078.0
2024-08-26 13:19:00,SOLUSDT,bid,158,12087.0
2024-08-26 13:19:01,SOLUSDT,bid,158,12083.0
2024-08-26 13:19:09,SOLUSDT,bid,95,21030.0
2024-08-26 13:19:12,SOLUSDT,bid,158,12084.0
2024-08-26 13:19:16,SOLUSDT,bid,158,11874.0
2024-08-26 13:19:17,SOLUSDT,bid,158,11872.0
2024-08-26 13:19:24,SOLUSDT,bid,150,14671.0
2024-08-26 13:19:27,SOLUSDT,bid,95,21030.0
2024-08-26 13:19:27,SOLUSDT,bid,145,10274.0
2024-08-26 13:19:31,SOLUSDT,bid,158,11873.0
2024-08-26 13:19:45,SOLUSDT,bid,158,11872.0
2024-08-26 13:19:45,SOLUSDT,ask,162,10077.0
2024-08-26 13:19:46,SOLUSDT,bid,158,11871.0
2024-08-26 13:20:01,SOLUSDT,bid,158,11872.0
2024-08-26 13:20:01,SOLUSDT,bid,95,21030.0
2024-08-26 13:20:09,SOLUSDT,bid,158,11873.0
2024-08-26 13:20:16,SOLUSDT,bid,158,11872.0
2024-08-26 13:20:25,SOLUSDT,bid,158,11878.0
2024-08-26 13:20:31,SOLUSDT,bid,158,11877.0
2024-08-26 13:20:33,SOLUSDT,bid,158,11871.0
2024-08-26 13:20:33,SOLUSDT,bid,158,11971.0
2024-08-26 13:20:40,SOLUSDT,bid,158,11871.0
2024-08-26 13:20:40,SOLUSDT,bid,158,11869.0
2024-08-26 13:20:58,SOLUSDT,bid,150,14063.0
2024-08-26 13:21:07,SOLUSDT,bid,140,8818.0
2024-08-26 13:21:19,SOLUSDT,bid,150,14503.0
2024-08-26 13:21:31,SOLUSDT,bid,158,11769.0
2024-08-26 13:22:04,SOLUSDT,ask,162,10082.0
2024-08-26 13:22:23,SOLUSDT,bid,158,11772.0
2024-08-26 13:22:39,SOLUSDT,bid,150,14414.0
2024-08-26 13:22:45,SOLUSDT,bid,158,11646.0
2024-08-26 13:22:55,SOLUSDT,bid,158,11641.0
2024-08-26 13:23:05,SOLUSDT,bid,158,11629.0
2024-08-26 13:23:24,SOLUSDT,bid,150,14397.0
2024-08-26 13:23:24,SOLUSDT,bid,158,11579.0
2024-08-26 13:23:41,SOLUSDT,bid,158,8579.0
2024-08-26 13:24:12,SOLUSDT,bid,158,8587.0
2024-08-26 13:24:21,SOLUSDT,bid,158,8630.0
2024-08-26 13:24:36,SOLUSDT,bid,158,8666.0
2024-08-26 13:25:10,SOLUSDT,bid,158,8667.0
2024-08-26 13:25:21,SOLUSDT,bid,158,8668.0
2024-08-26 13:25:22,SOLUSDT,bid,158,8667.0
2024-08-26 13:25:24,SOLUSDT,bid,158,8668.0
2024-08-26 13:25:28,SOLUSDT,bid,158,8667.0
2024-08-26 13:25:29,SOLUSDT,bid,150,14395.0
2024-08-26 13:25:30,SOLUSDT,bid,158,8535.0
2024-08-26 13:25:36,SOLUSDT,bid,158,8527.0
2024-08-26 13:25:50,SOLUSDT,bid,158,8978.0
2024-08-26 13:25:55,SOLUSDT,ask,162,10699.0
2024-08-26 13:26:23,SOLUSDT,bid,158,8935.0
2024-08-26 13:26:41,SOLUSDT,bid,158,8921.0
2024-08-26 13:26:49,SOLUSDT,ask,162,10698.0
2024-08-26 13:27:22,SOLUSDT,ask,162,10699.0
2024-08-26 13:27:23,SOLUSDT,ask,162,10679.0
2024-08-26 13:27:25,SOLUSDT,bid,158,8952.0
2024-08-26 13:27:31,SOLUSDT,bid,158,9450.0
2024-08-26 13:27:32,SOLUSDT,bid,158,19998.0
2024-08-26 13:27:32,SOLUSDT,bid,158,9452.0
2024-08-26 13:27:32,SOLUSDT,bid,158,19995.0
2024-08-26 13:27:32,SOLUSDT,ask,162,10681.0
2024-08-26 13:27:33,SOLUSDT,bid,158,19998.0
2024-08-26 13:27:33,SOLUSDT,bid,158,20155.0
2024-08-26 13:27:33,SOLUSDT,bid,158,20158.0
2024-08-26 13:27:33,SOLUSDT,bid,158,20236.0
2024-08-26 13:27:34,SOLUSDT,bid,158,20158.0
2024-08-26 13:27:34,SOLUSDT,bid,158,20168.0
2024-08-26 13:27:35,SOLUSDT,bid,158,20165.0
2024-08-26 13:27:44,SOLUSDT,ask,162,10682.0
2024-08-26 13:27:44,SOLUSDT,bid,158,8923.0
2024-08-26 13:27:52,SOLUSDT,bid,148,20094.0
2024-08-26 13:27:53,SOLUSDT,bid,158,11923.0
2024-08-26 13:27:55,SOLUSDT,bid,150,14379.0
2024-08-26 13:28:04,SOLUSDT,bid,158,12012.0
2024-08-26 13:28:06,SOLUSDT,bid,158,11993.0
2024-08-26 13:28:10,SOLUSDT,bid,158,11995.0
2024-08-26 13:28:20,SOLUSDT,bid,158,11099.0
2024-08-26 13:28:20,SOLUSDT,bid,158,11009.0
2024-08-26 13:28:20,SOLUSDT,bid,158,11000.0
2024-08-26 13:28:21,SOLUSDT,bid,158,11000.0
2024-08-26 13:28:22,SOLUSDT,bid,158,11000.0
2024-08-26 13:28:22,SOLUSDT,bid,158,12000.0
2024-08-26 13:28:23,SOLUSDT,bid,158,11126.0
2024-08-26 13:28:23,SOLUSDT,bid,158,11000.0
2024-08-26 13:28:24,SOLUSDT,bid,158,11126.0
2024-08-26 13:28:24,SOLUSDT,bid,158,11000.0
2024-08-26 13:28:26,SOLUSDT,bid,158,11104.0
2024-08-26 13:28:26,SOLUSDT,bid,158,11000.0
2024-08-26 13:28:32,SOLUSDT,bid,158,11083.0
2024-08-26 13:28:32,SOLUSDT,bid,158,11083.0
2024-08-26 13:28:33,SOLUSDT,bid,158,11092.0
2024-08-26 13:28:33,SOLUSDT,bid,158,11083.0
2024-08-26 13:28:34,SOLUSDT,bid,158,11086.0
2024-08-26 13:28:35,SOLUSDT,bid,158,12002.0
2024-08-26 13:28:35,SOLUSDT,bid,158,11083.0
2024-08-26 13:28:38,SOLUSDT,bid,158,11016.0
2024-08-26 13:28:39,SOLUSDT,bid,158,10992.0
2024-08-26 13:28:39,SOLUSDT,bid,158,10995.0
2024-08-26 13:28:39,SOLUSDT,bid,158,10928.0
2024-08-26 13:28:40,SOLUSDT,bid,158,10931.0
2024-08-26 13:28:42,SOLUSDT,bid,158,10935.0
2024-08-26 13:28:43,SOLUSDT,bid,158,10875.0
2024-08-26 13:28:43,SOLUSDT,bid,158,10878.0
2024-08-26 13:28:44,SOLUSDT,bid,158,10848.0
2024-08-26 13:28:44,SOLUSDT,bid,158,10845.0
2024-08-26 13:28:44,SOLUSDT,bid,158,10848.0
2024-08-26 13:28:44,SOLUSDT,bid,158,10827.0
2024-08-26 13:28:45,SOLUSDT,bid,158,10803.0
2024-08-26 13:28:45,SOLUSDT,bid,158,10800.0
2024-08-26 13:28:46,SOLUSDT,bid,158,10803.0
2024-08-26 13:28:46,SOLUSDT,bid,158,10806.0
2024-08-26 13:28:46,SOLUSDT,bid,158,10802.0
2024-08-26 13:28:47,SOLUSDT,bid,158,10799.0
2024-08-26 13:28:47,SOLUSDT,bid,158,10802.0
2024-08-26 13:28:47,SOLUSDT,bid,158,10799.0
2024-08-26 13:28:47,SOLUSDT,bid,158,10802.0
2024-08-26 13:28:47,SOLUSDT,bid,158,10800.0
2024-08-26 13:28:48,SOLUSDT,bid,158,10799.0
2024-08-26 13:28:48,SOLUSDT,bid,158,10956.0
2024-08-26 13:28:48,SOLUSDT,bid,158,10799.0
2024-08-26 13:28:48,SOLUSDT,bid,158,10792.0
2024-08-26 13:28:48,SOLUSDT,bid,158,10792.0
2024-08-26 13:28:49,SOLUSDT,bid,158,10751.0
2024-08-26 13:28:50,SOLUSDT,bid,158,10730.0
2024-08-26 13:28:51,SOLUSDT,bid,158,10725.0
2024-08-26 13:28:52,SOLUSDT,bid,158,10720.0
2024-08-26 13:28:52,SOLUSDT,bid,158,10728.0
2024-08-26 13:28:53,SOLUSDT,bid,158,10730.0
2024-08-26 13:28:54,SOLUSDT,bid,158,10731.0
2024-08-26 13:28:55,SOLUSDT,bid,158,10728.0
2024-08-26 13:28:55,SOLUSDT,bid,158,10728.0
2024-08-26 13:28:55,SOLUSDT,bid,158,10731.0
2024-08-26 13:28:55,SOLUSDT,bid,158,10728.0
2024-08-26 13:28:55,SOLUSDT,bid,158,10731.0
2024-08-26 13:28:55,SOLUSDT,bid,158,10728.0
2024-08-26 13:28:56,SOLUSDT,bid,158,10731.0
2024-08-26 13:28:56,SOLUSDT,bid,158,10728.0
2024-08-26 13:28:56,SOLUSDT,bid,158,10726.0
2024-08-26 13:28:56,SOLUSDT,bid,158,10729.0
2024-08-26 13:28:57,SOLUSDT,bid,158,10693.0
2024-08-26 13:28:57,SOLUSDT,bid,158,10696.0
2024-08-26 13:28:57,SOLUSDT,bid,158,10695.0
2024-08-26 13:28:58,SOLUSDT,bid,158,10692.0
2024-08-26 13:28:59,SOLUSDT,bid,158,10692.0
2024-08-26 13:29:00,SOLUSDT,bid,158,10695.0
2024-08-26 13:29:00,SOLUSDT,bid,158,10692.0
2024-08-26 13:29:00,SOLUSDT,bid,158,10697.0
2024-08-26 13:29:00,SOLUSDT,bid,158,10694.0
2024-08-26 13:29:01,SOLUSDT,bid,158,10682.0
2024-08-26 13:29:02,SOLUSDT,bid,158,10678.0
2024-08-26 13:29:02,SOLUSDT,bid,158,7662.0
2024-08-26 13:29:10,SOLUSDT,bid,158,12000.0
2024-08-26 13:29:10,SOLUSDT,ask,162,10680.0
2024-08-26 13:29:13,SOLUSDT,bid,158,12002.0
2024-08-26 13:29:14,SOLUSDT,bid,145,10286.0
2024-08-26 13:29:16,SOLUSDT,ask,162,10567.0
2024-08-26 13:29:59,SOLUSDT,bid,158,20511.0
2024-08-26 13:29:59,SOLUSDT,bid,158,20514.0
2024-08-26 13:30:01,SOLUSDT,bid,158,20527.0
2024-08-26 13:30:01,SOLUSDT,bid,158,20514.0
2024-08-26 13:30:02,SOLUSDT,bid,158,20511.0
2024-08-26 13:30:02,SOLUSDT,bid,158,20507.0
2024-08-26 13:30:04,SOLUSDT,bid,158,20503.0
2024-08-26 13:30:06,SOLUSDT,bid,158,20510.0
2024-08-26 13:30:06,SOLUSDT,bid,158,20503.0
2024-08-26 13:30:09,SOLUSDT,bid,158,12004.0
2024-08-26 13:30:10,SOLUSDT,bid,158,20517.0
2024-08-26 13:30:10,SOLUSDT,bid,158,20766.0
2024-08-26 13:30:11,SOLUSDT,bid,158,20517.0
2024-08-26 13:30:32,SOLUSDT,bid,158,12003.0
2024-08-26 13:30:46,SOLUSDT,bid,158,11993.0
2024-08-26 13:30:55,SOLUSDT,bid,158,11983.0
2024-08-26 13:30:57,SOLUSDT,ask,162,10566.0
2024-08-26 13:31:08,SOLUSDT,bid,158,11980.0
2024-08-26 13:31:21,SOLUSDT,ask,170,9674.0
2024-08-26 13:31:25,SOLUSDT,ask,170,9676.0
2024-08-26 13:31:28,SOLUSDT,ask,162,10564.0
2024-08-26 13:31:44,SOLUSDT,bid,158,8980.0
2024-08-26 13:31:45,SOLUSDT,bid,158,8987.0
2024-08-26 13:31:47,SOLUSDT,ask,162,10597.0
2024-08-26 13:31:54,SOLUSDT,bid,158,8997.0
2024-08-26 13:32:05,SOLUSDT,bid,158,8987.0
2024-08-26 13:32:46,SOLUSDT,ask,170,9674.0
2024-08-26 13:32:52,SOLUSDT,bid,158,8987.0
