2024-08-18 07:19:56,ETHUSDT,bid,1700,6040.451
2024-08-18 07:28:30,ETHUSDT,bid,1700,6040.422
2024-08-18 07:35:08,ETHUSDT,bid,1700,6040.452
2024-08-18 07:41:44,ETHUSDT,bid,1700,6040.363
2024-08-18 08:03:17,ETHUSDT,bid,2270,4491.621
2024-08-18 08:03:45,ETHUSDT,bid,2270,4491.402
2024-08-18 08:05:30,ETHUSDT,bid,1700,6040.951
2024-08-18 08:11:30,ETHUSDT,bid,2350,4411.786
2024-08-18 08:11:33,ETHUSDT,bid,2350,4411.796
2024-08-18 08:12:26,ETHUSDT,bid,2350,4411.786
2024-08-18 08:19:57,ETHUSDT,bid,2270,4491.392
2024-08-18 08:29:24,ETHUSDT,bid,2350,4411.828
2024-08-18 08:38:39,ETHUSDT,bid,2250,4443.614
2024-08-18 08:53:20,ETHUSDT,bid,1700,6041.158
2024-08-18 09:18:49,ETHUSDT,bid,1950,5118.928
2024-08-18 09:52:27,ETHUSDT,bid,2350,4411.786
2024-08-18 09:58:26,ETHUSDT,bid,2360,4232.419
2024-08-18 09:59:44,ETHUSDT,ask,2890,3458.534
2024-08-18 10:00:06,ETHUSDT,ask,2890,3458.524
2024-08-18 10:04:08,ETHUSDT,bid,1700,6040.945
2024-08-18 10:05:48,ETHUSDT,bid,2360,4232.429
2024-08-18 10:06:20,ETHUSDT,bid,2360,4232.419
2024-08-18 10:21:03,ETHUSDT,bid,2270,4491.362
2024-08-18 10:21:11,ETHUSDT,bid,1700,6041.002
2024-08-18 10:21:11,ETHUSDT,bid,2270,4491.404
2024-08-18 10:23:29,ETHUSDT,bid,1700,6040.795
2024-08-18 10:51:36,ETHUSDT,ask,2890,3455.589
2024-08-18 11:02:34,ETHUSDT,bid,2350,4411.828
2024-08-18 11:04:04,ETHUSDT,bid,1700,6040.672
2024-08-18 11:04:04,ETHUSDT,bid,2270,4491.281
2024-08-18 11:08:22,ETHUSDT,bid,1700,6040.254
2024-08-18 11:17:49,ETHUSDT,bid,1960,5142.73
2024-08-18 11:20:52,ETHUSDT,bid,1700,6040.461
2024-08-18 11:22:55,ETHUSDT,bid,1700,6040.804
2024-08-18 11:23:21,ETHUSDT,bid,1700,6040.597
2024-08-18 11:25:44,ETHUSDT,bid,2340,4275.272
2024-08-18 11:25:47,ETHUSDT,bid,2340,4275.281
2024-08-18 11:25:47,ETHUSDT,bid,2340,4275.291
2024-08-18 11:25:47,ETHUSDT,bid,2340,4275.3
2024-08-18 11:25:53,ETHUSDT,bid,2340,4275.291
2024-08-18 11:25:56,ETHUSDT,bid,2340,4275.282
2024-08-18 11:25:56,ETHUSDT,bid,2340,4275.273
2024-08-18 11:26:28,ETHUSDT,bid,2340,4275.263
2024-08-18 11:28:38,ETHUSDT,bid,2350,4410.828
2024-08-18 11:44:49,ETHUSDT,bid,1700,6040.804
2024-08-18 11:51:00,ETHUSDT,bid,2340,4275.273
2024-08-18 11:51:00,ETHUSDT,bid,2340,4275.273
2024-08-18 11:51:53,ETHUSDT,bid,2340,4275.263
2024-08-18 11:55:01,ETHUSDT,bid,2340,4275.273
2024-08-18 11:55:59,ETHUSDT,bid,2340,4275.263
2024-08-18 11:56:26,ETHUSDT,bid,2340,4275.273
2024-08-18 11:56:27,ETHUSDT,bid,2340,4275.283
2024-08-18 11:57:28,ETHUSDT,bid,2340,4275.273
2024-08-18 11:57:30,ETHUSDT,bid,2340,4275.263
2024-08-18 11:57:32,ETHUSDT,bid,2340,4275.263
2024-08-18 11:59:28,ETHUSDT,bid,2340,4275.273
2024-08-18 11:59:43,ETHUSDT,bid,2340,4275.273
2024-08-18 11:59:45,ETHUSDT,bid,2340,4275.273
2024-08-18 11:59:46,ETHUSDT,bid,2340,4275.273
2024-08-18 11:59:47,ETHUSDT,bid,2340,4275.273
2024-08-18 11:59:48,ETHUSDT,bid,2340,4275.273
2024-08-18 11:59:49,ETHUSDT,bid,2340,4275.273
2024-08-18 12:00:16,ETHUSDT,bid,2340,4275.273
2024-08-18 12:00:16,ETHUSDT,bid,2340,4275.263
2024-08-18 12:00:16,ETHUSDT,bid,2340,4275.263
2024-08-18 12:00:17,ETHUSDT,bid,2340,4275.272
2024-08-18 12:00:17,ETHUSDT,bid,2340,4275.263
2024-08-18 12:00:18,ETHUSDT,bid,2340,4275.263
2024-08-18 12:00:19,ETHUSDT,bid,2340,4275.263
2024-08-18 12:06:43,ETHUSDT,bid,1700,6039.628
2024-08-18 12:09:52,ETHUSDT,bid,2140,4703.075
2024-08-18 12:11:25,ETHUSDT,bid,2280,4385.053
2024-08-18 12:29:37,ETHUSDT,bid,2340,4275.272
2024-08-18 12:29:46,ETHUSDT,bid,2340,4275.263
2024-08-18 12:30:42,ETHUSDT,bid,2270,4491.83
2024-08-18 12:41:49,ETHUSDT,bid,2270,4491.73
2024-08-18 13:00:53,ETHUSDT,bid,2340,4275.272
2024-08-18 13:01:02,ETHUSDT,bid,2340,4275.263
2024-08-18 13:42:38,ETHUSDT,bid,2270,4491.779
2024-08-18 13:43:20,ETHUSDT,bid,2140,4773.167
2024-08-18 14:08:17,ETHUSDT,bid,2270,4491.73
2024-08-18 14:12:19,ETHUSDT,bid,2340,4275.273
2024-08-18 14:13:00,ETHUSDT,bid,2340,4275.263
2024-08-18 14:21:10,ETHUSDT,bid,2140,4773.537
2024-08-18 14:34:01,ETHUSDT,bid,2270,4491.584
2024-08-18 14:34:16,ETHUSDT,bid,2350,4411.252
2024-08-18 14:57:11,ETHUSDT,bid,2140,4773.167
2024-08-18 14:58:57,ETHUSDT,bid,2140,4773.151
2024-08-18 15:00:06,ETHUSDT,bid,2140,4773.336
2024-08-18 15:07:20,ETHUSDT,bid,2290,4364.716
2024-08-18 15:16:35,ETHUSDT,bid,2270,4491.596
2024-08-18 15:21:56,ETHUSDT,bid,2270,4487.151
2024-08-18 15:38:30,ETHUSDT,bid,1700,6039.583
2024-08-18 15:38:30,ETHUSDT,bid,2140,4773.291
2024-08-18 15:50:22,ETHUSDT,bid,2350,4411.268
2024-08-18 15:50:23,ETHUSDT,bid,2350,4411.316
2024-08-18 15:50:23,ETHUSDT,bid,2350,4411.348
2024-08-18 15:50:23,ETHUSDT,bid,2350,4411.373
2024-08-18 15:50:23,ETHUSDT,bid,2350,4411.364
2024-08-18 15:50:23,ETHUSDT,bid,2350,4411.38
2024-08-18 15:50:24,ETHUSDT,bid,2350,4411.38
2024-08-18 15:50:25,ETHUSDT,bid,2350,4411.38
2024-08-18 15:50:25,ETHUSDT,bid,2350,4411.396
2024-08-18 15:50:26,ETHUSDT,bid,2350,4411.428
2024-08-18 15:50:26,ETHUSDT,bid,2350,4411.444
2024-08-18 15:50:26,ETHUSDT,bid,2350,4411.444
2024-08-18 15:50:27,ETHUSDT,bid,2350,4411.46
2024-08-18 15:50:27,ETHUSDT,bid,2350,4411.476
2024-08-18 15:50:27,ETHUSDT,bid,2350,4411.476
2024-08-18 15:59:08,ETHUSDT,bid,2350,4411.486
2024-08-18 15:59:08,ETHUSDT,bid,2350,4411.496
2024-08-18 15:59:08,ETHUSDT,bid,2350,4411.506
2024-08-18 15:59:09,ETHUSDT,bid,2350,4411.516
2024-08-18 15:59:10,ETHUSDT,bid,2350,4411.526
2024-08-18 15:59:10,ETHUSDT,bid,2350,4411.536
2024-08-18 15:59:45,ETHUSDT,bid,2350,4411.526
2024-08-18 15:59:45,ETHUSDT,bid,2350,4411.516
2024-08-18 15:59:47,ETHUSDT,bid,2350,4411.496
2024-08-18 15:59:50,ETHUSDT,bid,2350,4411.486
2024-08-18 15:59:50,ETHUSDT,bid,2350,4411.476
2024-08-18 16:00:23,ETHUSDT,bid,2350,4411.444
2024-08-18 16:00:23,ETHUSDT,bid,2350,4411.412
2024-08-18 16:00:23,ETHUSDT,bid,2350,4411.38
2024-08-18 16:00:23,ETHUSDT,bid,2350,4411.364
2024-08-18 16:00:24,ETHUSDT,bid,2350,4411.348
2024-08-18 16:00:25,ETHUSDT,bid,2350,4411.332
2024-08-18 16:00:26,ETHUSDT,bid,2350,4411.3
2024-08-18 16:00:26,ETHUSDT,bid,2350,4411.284
2024-08-18 16:00:27,ETHUSDT,bid,2350,4411.268
2024-08-18 16:00:27,ETHUSDT,bid,2350,4411.252
2024-08-18 16:00:36,ETHUSDT,bid,2350,4411.262
2024-08-18 16:01:01,ETHUSDT,bid,2350,4411.272
2024-08-18 16:01:34,ETHUSDT,bid,2350,4411.262
2024-08-18 16:01:43,ETHUSDT,bid,2350,4411.252
2024-08-18 16:10:17,ETHUSDT,bid,2350,4411.21
2024-08-18 16:16:15,ETHUSDT,bid,2360,4232.419
2024-08-18 16:16:15,ETHUSDT,bid,2360,4232.429
2024-08-18 16:16:55,ETHUSDT,bid,2360,4232.419
2024-08-18 16:17:36,ETHUSDT,bid,2350,4389.47
2024-08-18 16:34:34,ETHUSDT,bid,1710,5861.668
2024-08-18 16:46:44,ETHUSDT,bid,2620,4623.46
2024-08-18 16:46:48,ETHUSDT,bid,2620,4704.506
2024-08-18 16:46:48,ETHUSDT,bid,2620,4623.452
2024-08-18 16:46:49,ETHUSDT,bid,2620,4623.552
2024-08-18 16:46:49,ETHUSDT,bid,2620,4623.452
2024-08-18 16:46:49,ETHUSDT,bid,2620,4623.652
2024-08-18 16:50:29,ETHUSDT,bid,2630,6358.916
2024-08-18 16:50:31,ETHUSDT,bid,2630,6362.127
2024-08-18 16:50:31,ETHUSDT,bid,2630,6361.747
2024-08-18 16:50:31,ETHUSDT,bid,2630,6361.817
2024-08-18 16:50:32,ETHUSDT,bid,2630,6362.387
2024-08-18 16:50:32,ETHUSDT,bid,2630,6369.755
2024-08-18 16:50:41,ETHUSDT,bid,2630,7310.298
2024-08-18 16:50:42,ETHUSDT,bid,2630,7311.256
2024-08-18 16:50:43,ETHUSDT,bid,2630,7313.788
2024-08-18 16:50:45,ETHUSDT,bid,1700,6034.249
2024-08-18 16:50:46,ETHUSDT,bid,2650,3853.522
2024-08-18 16:52:14,ETHUSDT,ask,2910,3461.304
2024-08-18 16:52:24,ETHUSDT,ask,2910,3461.304
2024-08-18 16:52:28,ETHUSDT,ask,2910,3461.294
2024-08-18 16:58:37,ETHUSDT,ask,2900,3440.438
2024-08-18 16:59:11,ETHUSDT,ask,2900,3440.438
2024-08-18 16:59:48,ETHUSDT,ask,2900,3440.428
