2024-09-10 08:28:00,BTCUSDT,bid,47000,924.457
2024-09-10 08:31:53,BTCUSDT,bid,47000,923.919
2024-09-10 08:35:47,BTCUSDT,bid,47000,924.457
2024-09-10 08:40:27,BTCUSDT,bid,47000,923.919
2024-09-10 08:26:22,BTCUSD_PERP,bid,56400,890.21
2024-09-10 08:26:22,BTCUSD_PERP,bid,56400,834.93
2024-09-10 08:26:22,BTCUSD_PERP,bid,56400,779.16
2024-09-10 08:26:22,BTCUSD_PERP,bid,56400,723.3
2024-09-10 08:26:22,BTCUSD_PERP,bid,56400,612.72
2024-09-10 08:26:22,BTCUSD_PERP,bid,56400,557.44
2024-09-10 08:26:23,BTCUSD_PERP,bid,56400,556.15
2024-09-10 08:26:23,BTCUSD_PERP,bid,56400,611.48
2024-09-10 08:26:23,BTCUSD_PERP,bid,56400,723.28
2024-09-10 08:26:23,BTCUSD_PERP,bid,56400,779.18
2024-09-10 08:26:23,BTCUSD_PERP,bid,56400,835.08
2024-09-10 08:27:20,BTCUSD_PERP,bid,56400,779.75
2024-09-10 08:27:21,BTCUSD_PERP,bid,56400,724.42
2024-09-10 08:27:21,BTCUSD_PERP,bid,56400,668.52
2024-09-10 08:27:21,BTCUSD_PERP,bid,56400,557.29
2024-09-10 08:27:21,BTCUSD_PERP,bid,56500,724.72
2024-09-10 08:27:21,BTCUSD_PERP,bid,56500,891.94
2024-09-10 08:27:22,BTCUSD_PERP,bid,56500,947.3
2024-09-10 08:29:21,BTCUSD_PERP,bid,56500,891.94
2024-09-10 08:29:21,BTCUSD_PERP,bid,56500,724.15
2024-09-10 08:29:21,BTCUSD_PERP,bid,56500,668.22
2024-09-10 08:29:21,BTCUSD_PERP,bid,56500,612.86
2024-09-10 08:29:21,BTCUSD_PERP,bid,56500,556.93
2024-09-10 08:29:22,BTCUSD_PERP,bid,56400,612.53
2024-09-10 08:29:22,BTCUSD_PERP,bid,56400,723.19
2024-09-10 08:29:22,BTCUSD_PERP,bid,56400,778.52
2024-09-10 08:29:22,BTCUSD_PERP,bid,56400,834.42
2024-09-10 08:29:22,BTCUSD_PERP,bid,56400,890.32
2024-09-10 08:29:22,BTCUSD_PERP,bid,56400,1002.12
2024-09-10 08:29:48,BTCUSD_PERP,bid,56400,833.99
2024-09-10 08:29:48,BTCUSD_PERP,bid,56400,889.86
2024-09-10 08:29:54,BTCUSD_PERP,bid,56400,833.54
2024-09-10 08:29:55,BTCUSD_PERP,bid,56400,889.38
2024-09-10 08:30:08,BTCUSD_PERP,bid,56400,611.31
2024-09-10 08:31:39,BTCUSD_PERP,bid,56300,790.24
2024-09-10 08:33:39,BTCUSD_PERP,bid,56300,776.86
2024-09-10 08:35:11,BTCUSD_PERP,bid,56300,555.11
2024-09-10 08:35:11,BTCUSD_PERP,bid,56300,666.73
2024-09-10 08:35:11,BTCUSD_PERP,bid,56300,721.98
2024-09-10 08:35:11,BTCUSD_PERP,bid,56300,777.79
2024-09-10 08:35:12,BTCUSD_PERP,bid,56300,833.6
2024-09-10 08:35:12,BTCUSD_PERP,bid,56300,888.85
2024-09-10 08:36:48,BTCUSD_PERP,bid,56400,722.42
2024-09-10 08:36:48,BTCUSD_PERP,bid,56400,833.53
2024-09-10 08:36:48,BTCUSD_PERP,bid,56400,889.37
2024-09-10 08:36:48,BTCUSD_PERP,bid,56400,902.89
2024-09-10 08:36:51,BTCUSD_PERP,bid,56400,904.91
2024-09-10 08:36:51,BTCUSD_PERP,bid,56400,906.09
2024-09-10 08:40:32,BTCUSD_PERP,bid,56300,557.44
