2024-08-17 09:54:43,BTCUSDT,bid,50000,775.006
2024-08-17 09:56:48,BTCUSDT,bid,50000,775.348
2024-08-17 09:59:21,BTCUSDT,bid,50000,775.648
2024-08-17 10:00:10,BTCUSDT,bid,47000,893.547
2024-08-17 10:00:10,BTCUSDT,bid,50000,775.645
2024-08-17 10:00:30,BTCUSDT,bid,50000,764.485
2024-08-17 10:01:09,BTCUSDT,bid,50000,764.185
2024-08-17 10:01:16,BTCUSDT,bid,50000,764.585
2024-08-17 10:12:42,BTCUSDT,bid,50000,764.593
2024-08-17 10:18:49,BTCUSDT,bid,50000,764.596
2024-08-17 10:19:24,BTCUSDT,bid,50000,764.593
2024-08-17 10:20:52,BTCUSDT,bid,47000,893.747
2024-08-17 10:23:07,BTCUSDT,bid,50000,764.59
2024-08-17 10:24:45,BTCUSDT,bid,50000,764.587
2024-08-17 10:41:22,BTCUSDT,bid,50000,764.589
2024-08-17 10:45:55,BTCUSDT,bid,50000,764.587
2024-08-17 10:47:44,BTCUSDT,bid,50000,764.574
2024-08-17 10:49:54,BTCUSDT,bid,50000,764.572
2024-08-17 10:52:27,BTCUSDT,bid,50000,764.542
2024-08-17 10:59:41,BTCUSDT,bid,50000,764.572
2024-08-17 10:59:44,BTCUSDT,bid,50000,764.587
2024-08-17 11:01:22,BTCUSDT,bid,50000,764.572
2024-08-17 11:01:23,BTCUSDT,bid,50000,764.542
2024-08-17 11:02:22,BTCUSDT,bid,50000,764.552
2024-08-17 11:02:23,BTCUSDT,bid,50000,764.542
2024-08-17 11:02:35,BTCUSDT,bid,50000,764.552
2024-08-17 11:02:37,BTCUSDT,bid,50000,764.542
2024-08-17 11:04:33,BTCUSDT,bid,50000,764.544
2024-08-17 11:04:55,BTCUSDT,bid,50000,764.55
2024-08-17 11:05:00,BTCUSDT,bid,50000,764.548
2024-08-17 11:05:42,BTCUSDT,bid,50000,764.542
2024-08-17 11:06:08,BTCUSDT,bid,50000,764.544
2024-08-17 11:06:19,BTCUSDT,bid,50000,764.56
2024-08-17 11:06:49,BTCUSDT,bid,50000,764.564
2024-08-17 11:06:54,BTCUSDT,bid,50000,764.562
2024-08-17 11:07:24,BTCUSDT,bid,50000,764.564
2024-08-17 11:08:16,BTCUSDT,bid,50000,764.562
2024-08-17 11:08:34,BTCUSDT,bid,50000,764.564
2024-08-17 11:08:47,BTCUSDT,bid,50000,764.562
2024-08-17 11:09:41,BTCUSDT,bid,50000,764.564
2024-08-17 11:09:51,BTCUSDT,bid,50000,764.562
2024-08-17 11:10:03,BTCUSDT,bid,50000,764.564
2024-08-17 11:11:05,BTCUSDT,bid,50000,764.562
2024-08-17 11:11:57,BTCUSDT,bid,50000,764.564
2024-08-17 11:12:14,BTCUSDT,bid,50000,764.562
2024-08-17 11:12:37,BTCUSDT,bid,50000,764.564
2024-08-17 11:13:36,BTCUSDT,bid,50000,764.566
2024-08-17 11:13:47,BTCUSDT,bid,50000,764.562
2024-08-17 11:14:33,BTCUSDT,bid,50000,764.564
2024-08-17 11:14:43,BTCUSDT,bid,50000,764.562
2024-08-17 11:15:00,BTCUSDT,bid,50000,764.564
2024-08-17 11:16:07,BTCUSDT,bid,50000,764.562
2024-08-17 11:16:26,BTCUSDT,bid,50000,764.564
2024-08-17 11:16:37,BTCUSDT,bid,50000,764.562
2024-08-17 11:17:40,BTCUSDT,bid,50000,764.546
2024-08-17 11:17:41,BTCUSDT,bid,50000,764.548
2024-08-17 11:18:07,BTCUSDT,bid,50000,764.554
2024-08-17 11:20:38,BTCUSDT,bid,50000,764.503
2024-08-17 11:22:08,BTCUSDT,bid,50000,764.603
2024-08-17 11:22:13,BTCUSDT,bid,50000,764.503
2024-08-17 11:22:24,BTCUSDT,bid,50000,764.513
2024-08-17 11:24:11,BTCUSDT,bid,47000,893.737
2024-08-17 11:24:11,BTCUSDT,bid,47300,804.558
2024-08-17 11:24:11,BTCUSDT,bid,50000,764.495
2024-08-17 11:28:42,BTCUSDT,bid,50000,764.78
2024-08-17 11:30:31,BTCUSDT,bid,50000,764.887
2024-08-17 11:30:36,BTCUSDT,bid,50000,764.915
2024-08-17 11:31:14,BTCUSDT,bid,50000,764.89
2024-08-17 11:32:26,BTCUSDT,bid,47000,893.779
2024-08-17 11:40:14,BTCUSDT,bid,50000,764.645
2024-08-17 11:41:09,BTCUSDT,bid,50000,764.657
2024-08-17 11:41:31,BTCUSDT,bid,50000,764.645
2024-08-17 11:41:49,BTCUSDT,bid,50000,764.303
2024-08-17 11:45:16,BTCUSDT,bid,50000,764.499
2024-08-17 11:46:19,BTCUSDT,bid,47000,893.789
2024-08-17 11:46:19,BTCUSDT,bid,50000,764.509
2024-08-17 11:47:07,BTCUSDT,bid,47000,893.779
2024-08-17 11:47:07,BTCUSDT,bid,50000,764.499
2024-08-17 11:49:44,BTCUSDT,bid,50000,764.519
2024-08-17 11:50:40,BTCUSDT,bid,47000,893.776
2024-08-17 11:53:10,BTCUSDT,bid,50000,765.509
2024-08-17 11:53:43,BTCUSDT,bid,50000,765.505
2024-08-17 12:05:11,BTCUSDT,bid,50000,765.508
2024-08-17 12:08:17,BTCUSDT,bid,50000,765.388
2024-08-17 12:12:44,BTCUSDT,bid,50000,765.386
2024-08-17 12:15:10,BTCUSDT,bid,50000,765.39
2024-08-17 12:15:58,BTCUSDT,bid,50000,765.392
2024-08-17 12:23:39,BTCUSDT,bid,58500,534.852
2024-08-17 12:24:08,BTCUSDT,bid,58500,534.885
2024-08-17 12:24:09,BTCUSDT,bid,58500,534.896
2024-08-17 12:25:48,BTCUSDT,bid,58500,538.896
2024-08-17 12:36:30,BTCUSDT,bid,47000,893.773
2024-08-17 12:37:58,BTCUSDT,bid,47000,893.826
2024-08-17 12:48:29,BTCUSDT,bid,47000,893.8
2024-08-17 13:01:02,BTCUSDT,bid,47000,893.787
2024-08-17 13:06:00,BTCUSDT,bid,47000,893.734
2024-08-17 13:21:56,BTCUSDT,bid,47000,893.756
2024-08-17 14:12:32,BTCUSDT,bid,47000,893.76
2024-08-17 14:13:55,BTCUSDT,bid,47000,893.726
2024-08-17 14:41:22,BTCUSDT,bid,47000,893.729
2024-08-17 15:24:39,BTCUSDT,bid,47000,893.726
2024-08-17 15:24:42,BTCUSDT,bid,47000,893.695
2024-08-17 16:39:08,BTCUSDT,bid,47000,893.495
2024-08-17 16:41:51,BTCUSDT,bid,47000,893.492
2024-08-17 16:58:55,BTCUSDT,bid,47000,893.495
2024-08-17 17:18:01,BTCUSDT,bid,47000,893.49
2024-08-17 17:18:29,BTCUSDT,bid,47000,893.231
2024-08-17 17:52:42,BTCUSDT,bid,47000,893.224
2024-08-17 18:29:51,BTCUSDT,bid,47000,893.255
2024-08-17 19:00:50,BTCUSDT,bid,47000,897.255
2024-08-17 19:12:51,BTCUSDT,bid,47000,898.255
2024-08-17 07:00:22,BTCUSD_PERP,bid,58300,576.72
2024-08-17 07:00:23,BTCUSD_PERP,bid,58400,576.43
2024-08-17 07:00:23,BTCUSD_PERP,bid,58400,690.91
2024-08-17 07:00:23,BTCUSD_PERP,bid,58400,748.74
2024-08-17 07:00:23,BTCUSD_PERP,bid,58400,863.81
2024-08-17 07:00:46,BTCUSD_PERP,bid,58400,748.25
2024-08-17 07:00:46,BTCUSD_PERP,bid,58400,690.42
2024-08-17 07:00:46,BTCUSD_PERP,bid,58400,575.35
2024-08-17 07:00:47,BTCUSD_PERP,bid,58300,576.01
2024-08-17 07:00:47,BTCUSD_PERP,bid,58300,863.2
2024-08-17 07:00:47,BTCUSD_PERP,bid,58300,920.98
2024-08-17 07:00:48,BTCUSD_PERP,bid,58300,978.19
2024-08-17 07:01:23,BTCUSD_PERP,bid,58300,862.63
2024-08-17 07:01:24,BTCUSD_PERP,bid,58300,804.85
2024-08-17 07:01:24,BTCUSD_PERP,bid,58300,747.07
2024-08-17 07:01:24,BTCUSD_PERP,bid,58300,689.29
2024-08-17 07:01:24,BTCUSD_PERP,bid,58300,631.51
2024-08-17 07:01:24,BTCUSD_PERP,bid,58300,517.09
2024-08-17 07:01:24,BTCUSD_PERP,bid,58300,575.94
2024-08-17 07:01:25,BTCUSD_PERP,bid,58300,633.71
2024-08-17 07:01:25,BTCUSD_PERP,bid,58300,748.56
2024-08-17 07:01:25,BTCUSD_PERP,bid,58300,806.33
2024-08-17 07:01:25,BTCUSD_PERP,bid,58300,863.51
2024-08-17 07:01:25,BTCUSD_PERP,bid,58300,920.69
2024-08-17 07:01:25,BTCUSD_PERP,bid,58300,977.87
2024-08-17 07:02:41,BTCUSD_PERP,bid,58300,920.69
2024-08-17 07:02:41,BTCUSD_PERP,bid,58300,862.92
2024-08-17 07:02:41,BTCUSD_PERP,bid,58300,805.15
2024-08-17 07:02:41,BTCUSD_PERP,bid,58300,747.97
2024-08-17 07:02:42,BTCUSD_PERP,bid,58300,633.02
2024-08-17 07:02:42,BTCUSD_PERP,bid,58300,575.25
2024-08-17 07:02:42,BTCUSD_PERP,bid,58300,576.16
2024-08-17 07:02:43,BTCUSD_PERP,bid,58300,690.6
2024-08-17 07:02:43,BTCUSD_PERP,bid,58300,748.4
2024-08-17 07:02:43,BTCUSD_PERP,bid,58300,805.62
2024-08-17 07:02:45,BTCUSD_PERP,bid,58300,805.66
2024-08-17 07:03:55,BTCUSD_PERP,bid,58300,575.04
2024-08-17 07:05:41,BTCUSD_PERP,bid,42000,1061.92
2024-08-17 07:06:04,BTCUSD_PERP,bid,42000,1061.91
2024-08-17 07:06:04,BTCUSD_PERP,bid,44000,1122.36
2024-08-17 07:06:04,BTCUSD_PERP,bid,47000,2459.55
2024-08-17 07:10:51,BTCUSD_PERP,bid,58300,518.56
2024-08-17 07:10:51,BTCUSD_PERP,bid,58300,575.78
2024-08-17 07:10:51,BTCUSD_PERP,bid,58300,748.03
2024-08-17 07:10:52,BTCUSD_PERP,bid,58300,805.74
2024-08-17 07:12:36,BTCUSD_PERP,bid,58300,747.93
2024-08-17 07:12:36,BTCUSD_PERP,bid,58300,690.71
2024-08-17 07:12:36,BTCUSD_PERP,bid,58300,632.9
2024-08-17 07:12:36,BTCUSD_PERP,bid,58300,575.68
2024-08-17 07:12:36,BTCUSD_PERP,bid,58300,517.97
2024-08-17 07:12:37,BTCUSD_PERP,bid,58300,517.51
2024-08-17 07:12:37,BTCUSD_PERP,bid,58300,632.47
2024-08-17 07:12:37,BTCUSD_PERP,bid,58300,689.66
2024-08-17 07:12:38,BTCUSD_PERP,bid,58300,747.43
2024-08-17 07:12:38,BTCUSD_PERP,bid,58300,805.2
2024-08-17 07:13:05,BTCUSD_PERP,bid,58300,632.65
2024-08-17 07:13:05,BTCUSD_PERP,bid,58300,690.38
2024-08-17 07:14:26,BTCUSD_PERP,bid,58300,632.65
2024-08-17 07:14:27,BTCUSD_PERP,bid,58300,575.49
2024-08-17 07:14:27,BTCUSD_PERP,bid,58300,517.76
2024-08-17 07:14:28,BTCUSD_PERP,bid,58300,518.17
2024-08-17 07:14:28,BTCUSD_PERP,bid,58300,633.14
2024-08-17 07:14:47,BTCUSD_PERP,bid,58300,518.17
2024-08-17 07:14:47,BTCUSD_PERP,bid,58400,517.92
2024-08-17 07:14:47,BTCUSD_PERP,bid,58400,575.15
2024-08-17 07:14:47,BTCUSD_PERP,bid,58400,632.38
2024-08-17 07:14:48,BTCUSD_PERP,bid,58400,690.2
2024-08-17 07:14:48,BTCUSD_PERP,bid,58400,748.02
2024-08-17 07:15:48,BTCUSD_PERP,ask,63500,645.88
2024-08-17 07:15:49,BTCUSD_PERP,bid,58400,632.48
2024-08-17 07:15:49,BTCUSD_PERP,bid,58300,632.64
2024-08-17 07:15:50,BTCUSD_PERP,bid,58300,690.43
2024-08-17 07:16:45,BTCUSD_PERP,bid,58300,575.44
2024-08-17 07:16:45,BTCUSD_PERP,bid,58300,518.24
2024-08-17 07:16:46,BTCUSD_PERP,bid,58400,518.02
2024-08-17 07:16:46,BTCUSD_PERP,bid,58400,575.84
2024-08-17 07:16:46,BTCUSD_PERP,bid,58400,633.56
2024-08-17 07:17:34,BTCUSD_PERP,bid,58400,518.51
2024-08-17 07:17:35,BTCUSD_PERP,bid,58300,517.7
2024-08-17 07:17:35,BTCUSD_PERP,bid,58300,632.68
2024-08-17 07:17:35,BTCUSD_PERP,bid,58300,690.46
2024-08-17 07:17:35,BTCUSD_PERP,bid,58300,747.66
2024-08-17 07:17:36,BTCUSD_PERP,bid,58300,747.7
2024-08-17 07:18:52,BTCUSD_PERP,bid,58300,517.74
2024-08-17 07:18:52,BTCUSD_PERP,bid,58300,632.93
2024-08-17 07:18:52,BTCUSD_PERP,bid,58300,690.1
2024-08-17 07:19:50,BTCUSD_PERP,bid,58300,632.35
2024-08-17 07:19:50,BTCUSD_PERP,bid,58300,574.6
2024-08-17 07:19:50,BTCUSD_PERP,bid,58300,517.43
2024-08-17 07:19:51,BTCUSD_PERP,bid,58300,583.98
2024-08-17 07:19:51,BTCUSD_PERP,bid,58300,641.77
2024-08-17 07:19:51,BTCUSD_PERP,bid,58300,699.56
2024-08-17 07:19:51,BTCUSD_PERP,bid,58300,757.35
2024-08-17 07:19:59,BTCUSD_PERP,bid,58300,757.39
2024-08-17 07:20:00,BTCUSD_PERP,bid,58300,757.43
2024-08-17 07:20:52,BTCUSD_PERP,bid,58300,642.44
2024-08-17 07:20:52,BTCUSD_PERP,bid,58300,584.65
2024-08-17 07:20:53,BTCUSD_PERP,bid,58300,517.42
2024-08-17 07:22:34,BTCUSD_PERP,bid,58300,574.97
2024-08-17 07:22:35,BTCUSD_PERP,bid,58300,632.66
2024-08-17 07:22:35,BTCUSD_PERP,bid,58300,689.86
2024-08-17 07:22:35,BTCUSD_PERP,bid,58300,747.65
2024-08-17 07:23:43,BTCUSD_PERP,bid,58300,690.44
2024-08-17 07:23:43,BTCUSD_PERP,bid,58300,632.75
2024-08-17 07:23:44,BTCUSD_PERP,bid,58300,575.54
2024-08-17 07:23:44,BTCUSD_PERP,bid,58300,518.34
2024-08-17 07:23:45,BTCUSD_PERP,bid,58400,517.96
2024-08-17 07:23:45,BTCUSD_PERP,bid,58400,575.78
2024-08-17 07:23:45,BTCUSD_PERP,bid,58400,633.6
2024-08-17 07:24:14,BTCUSD_PERP,bid,58400,576.37
2024-08-17 07:24:15,BTCUSD_PERP,bid,58400,518.31
2024-08-17 07:24:15,BTCUSD_PERP,bid,58400,575.58
2024-08-17 07:24:15,BTCUSD_PERP,bid,58400,691.3
2024-08-17 07:24:15,BTCUSD_PERP,bid,58400,807.02
2024-08-17 07:24:15,BTCUSD_PERP,bid,58400,922.15
2024-08-17 07:24:15,BTCUSD_PERP,bid,58400,1037.28
2024-08-17 07:25:08,BTCUSD_PERP,bid,58400,805.84
2024-08-17 07:25:08,BTCUSD_PERP,bid,58400,747.98
2024-08-17 07:25:08,BTCUSD_PERP,bid,58400,633.44
2024-08-17 07:25:09,BTCUSD_PERP,bid,58400,576.17
2024-08-17 07:25:59,BTCUSD_PERP,bid,58400,518.37
2024-08-17 07:25:59,BTCUSD_PERP,bid,58400,576.24
2024-08-17 07:26:48,BTCUSD_PERP,bid,58400,518.69
2024-08-17 07:27:03,BTCUSD_PERP,bid,58300,518.42
2024-08-17 07:31:57,BTCUSD_PERP,bid,58400,577.02
2024-08-17 07:31:58,BTCUSD_PERP,bid,58400,634.26
2024-08-17 07:32:27,BTCUSD_PERP,bid,58400,576.43
2024-08-17 07:32:27,BTCUSD_PERP,bid,58400,518.6
2024-08-17 07:32:29,BTCUSD_PERP,bid,58300,575.54
2024-08-17 07:32:29,BTCUSD_PERP,bid,58300,633.23
2024-08-17 07:32:29,BTCUSD_PERP,bid,58300,691.02
2024-08-17 07:32:29,BTCUSD_PERP,bid,58300,700.74
2024-08-17 07:32:31,BTCUSD_PERP,bid,58300,701.96
2024-08-17 07:34:01,BTCUSD_PERP,bid,58300,644.76
2024-08-17 07:34:01,BTCUSD_PERP,bid,58300,587.56
2024-08-17 07:34:02,BTCUSD_PERP,bid,58300,518.07
2024-08-17 07:34:02,BTCUSD_PERP,bid,58300,575.24
2024-08-17 07:34:02,BTCUSD_PERP,bid,58300,632.9
2024-08-17 07:34:03,BTCUSD_PERP,bid,58300,690.66
2024-08-17 07:35:34,BTCUSD_PERP,bid,58300,632.9
2024-08-17 07:35:34,BTCUSD_PERP,bid,58300,575.14
2024-08-17 07:35:35,BTCUSD_PERP,bid,58300,633.26
2024-08-17 07:35:35,BTCUSD_PERP,bid,58300,691.05
2024-08-17 07:37:23,BTCUSD_PERP,bid,58300,633.84
2024-08-17 07:37:23,BTCUSD_PERP,bid,58300,576.15
2024-08-17 07:37:23,BTCUSD_PERP,bid,58300,518.36
2024-08-17 07:37:25,BTCUSD_PERP,bid,58400,518.67
2024-08-17 07:37:25,BTCUSD_PERP,bid,58400,576.5
2024-08-17 07:37:25,BTCUSD_PERP,bid,58400,634.33
2024-08-17 07:37:25,BTCUSD_PERP,bid,58400,691.56
2024-08-17 07:39:30,BTCUSD_PERP,bid,58400,633.73
2024-08-17 07:39:30,BTCUSD_PERP,bid,58400,575.9
2024-08-17 07:39:30,BTCUSD_PERP,bid,58400,518.67
2024-08-17 07:39:31,BTCUSD_PERP,bid,58400,518.97
2024-08-17 07:39:31,BTCUSD_PERP,bid,58400,576.83
2024-08-17 07:39:31,BTCUSD_PERP,bid,58400,634.1
2024-08-17 07:39:32,BTCUSD_PERP,bid,58400,691.96
2024-08-17 07:39:37,BTCUSD_PERP,bid,58400,694.05
2024-08-17 07:39:38,BTCUSD_PERP,bid,58400,708.05
2024-08-17 07:39:39,BTCUSD_PERP,bid,58400,709.27
2024-08-17 07:39:47,BTCUSD_PERP,bid,58400,709.31
2024-08-17 07:40:04,BTCUSD_PERP,bid,58400,708.09
2024-08-17 07:40:29,BTCUSD_PERP,bid,58400,592.37
2024-08-17 07:40:29,BTCUSD_PERP,bid,58400,534.51
2024-08-17 07:40:31,BTCUSD_PERP,bid,58400,518.68
2024-08-17 07:40:31,BTCUSD_PERP,bid,58400,575.99
2024-08-17 07:42:32,BTCUSD_PERP,bid,58400,518.68
2024-08-17 07:42:32,BTCUSD_PERP,bid,58500,518.92
2024-08-17 07:42:33,BTCUSD_PERP,bid,58500,576.84
2024-08-17 07:42:33,BTCUSD_PERP,bid,58500,634.76
2024-08-17 07:43:40,BTCUSD_PERP,bid,58500,636.86
2024-08-17 07:43:42,BTCUSD_PERP,bid,58500,650.88
2024-08-17 07:44:27,BTCUSD_PERP,ask,59600,508.3
2024-08-17 07:44:32,BTCUSD_PERP,ask,59600,514.25
2024-08-17 07:44:32,BTCUSD_PERP,ask,59600,523.78
2024-08-17 07:44:35,BTCUSD_PERP,ask,59600,533.31
2024-08-17 07:44:37,BTCUSD_PERP,ask,59600,542.84
2024-08-17 07:44:38,BTCUSD_PERP,ask,59600,552.37
2024-08-17 07:44:39,BTCUSD_PERP,ask,59600,561.6
2024-08-17 07:44:43,BTCUSD_PERP,ask,59600,571.13
2024-08-17 07:44:58,BTCUSD_PERP,ask,59600,577.08
2024-08-17 07:45:03,BTCUSD_PERP,ask,59600,567.55
2024-08-17 07:45:07,BTCUSD_PERP,ask,59600,558.02
2024-08-17 07:45:12,BTCUSD_PERP,ask,59600,538.96
2024-08-17 07:45:33,BTCUSD_PERP,bid,58500,593.55
2024-08-17 07:46:12,BTCUSD_PERP,bid,58500,520.23
2024-08-17 07:47:26,BTCUSD_PERP,bid,58600,521.67
2024-08-17 07:47:26,BTCUSD_PERP,bid,58600,579.7
2024-08-17 07:47:27,BTCUSD_PERP,bid,58600,637.13
2024-08-17 07:47:27,BTCUSD_PERP,bid,58600,694.56
2024-08-17 07:47:27,BTCUSD_PERP,bid,58600,810.02
2024-08-17 07:47:27,BTCUSD_PERP,bid,58600,867.45
2024-08-17 07:47:27,BTCUSD_PERP,bid,58500,516.45
2024-08-17 07:47:27,BTCUSD_PERP,bid,58600,925.48
2024-08-17 07:47:27,BTCUSD_PERP,bid,58500,573.99
2024-08-17 07:47:35,BTCUSD_PERP,bid,58500,516.02
2024-08-17 07:47:35,BTCUSD_PERP,bid,58600,809.42
2024-08-17 07:47:35,BTCUSD_PERP,bid,58600,751.99
2024-08-17 07:47:36,BTCUSD_PERP,bid,58600,637.13
2024-08-17 07:47:36,BTCUSD_PERP,bid,58500,521.41
2024-08-17 07:47:36,BTCUSD_PERP,bid,58500,579.41
2024-08-17 07:48:03,BTCUSD_PERP,bid,58500,521.41
2024-08-17 07:48:09,BTCUSD_PERP,bid,58600,521.68
2024-08-17 07:48:09,BTCUSD_PERP,bid,58600,579.12
2024-08-17 07:48:10,BTCUSD_PERP,bid,58600,637.15
2024-08-17 07:48:10,BTCUSD_PERP,bid,58600,695.18
2024-08-17 07:48:10,BTCUSD_PERP,bid,58600,752.62
2024-08-17 07:48:10,BTCUSD_PERP,bid,58500,564.73
2024-08-17 07:48:10,BTCUSD_PERP,bid,58600,810.06
2024-08-17 07:48:55,BTCUSD_PERP,bid,58500,521.25
2024-08-17 07:48:55,BTCUSD_PERP,bid,58600,752.03
2024-08-17 07:48:56,BTCUSD_PERP,bid,58600,694.0
2024-08-17 07:48:56,BTCUSD_PERP,bid,58600,635.97
2024-08-17 07:48:56,BTCUSD_PERP,bid,58500,621.04
2024-08-17 07:48:56,BTCUSD_PERP,bid,58500,852.35
2024-08-17 07:48:56,BTCUSD_PERP,bid,58500,809.64
2024-08-17 07:48:56,BTCUSD_PERP,bid,58500,910.25
2024-08-17 07:48:56,BTCUSD_PERP,bid,58500,867.05
2024-08-17 07:49:00,BTCUSD_PERP,bid,58500,679.12
2024-08-17 07:49:00,BTCUSD_PERP,bid,58500,563.84
2024-08-17 07:49:30,BTCUSD_PERP,bid,58500,809.05
2024-08-17 07:49:30,BTCUSD_PERP,bid,58500,635.05
2024-08-17 07:49:30,BTCUSD_PERP,bid,58500,577.05
2024-08-17 07:49:30,BTCUSD_PERP,bid,58500,519.05
2024-08-17 07:49:31,BTCUSD_PERP,bid,58600,520.68
2024-08-17 07:50:57,BTCUSD_PERP,bid,58600,518.64
2024-08-17 07:50:57,BTCUSD_PERP,bid,58600,576.07
2024-08-17 07:50:57,BTCUSD_PERP,bid,58600,750.03
2024-08-17 07:50:57,BTCUSD_PERP,bid,58600,982.11
2024-08-17 07:50:57,BTCUSD_PERP,bid,58600,1040.13
2024-08-17 07:52:12,BTCUSD_PERP,bid,58600,982.11
2024-08-17 07:52:13,BTCUSD_PERP,bid,58600,866.07
2024-08-17 07:52:13,BTCUSD_PERP,bid,58600,808.15
2024-08-17 07:52:13,BTCUSD_PERP,bid,58600,750.13
2024-08-17 07:52:13,BTCUSD_PERP,bid,58600,692.7
2024-08-17 07:52:13,BTCUSD_PERP,bid,58600,634.68
2024-08-17 07:52:13,BTCUSD_PERP,bid,58600,519.23
2024-08-17 07:52:13,BTCUSD_PERP,bid,58600,578.63
2024-08-17 07:52:14,BTCUSD_PERP,bid,58600,694.73
2024-08-17 07:52:14,BTCUSD_PERP,bid,58600,752.19
2024-08-17 07:52:14,BTCUSD_PERP,bid,58600,867.11
2024-08-17 07:52:15,BTCUSD_PERP,bid,58600,925.16
2024-08-17 07:53:03,BTCUSD_PERP,bid,58600,867.11
2024-08-17 07:53:03,BTCUSD_PERP,bid,58600,809.65
2024-08-17 07:53:03,BTCUSD_PERP,bid,58600,752.19
2024-08-17 07:53:03,BTCUSD_PERP,bid,58600,636.68
2024-08-17 07:53:04,BTCUSD_PERP,bid,58600,578.63
2024-08-17 07:53:04,BTCUSD_PERP,bid,58600,520.68
2024-08-17 07:53:04,BTCUSD_PERP,bid,58600,520.85
2024-08-17 07:53:04,BTCUSD_PERP,bid,58600,578.93
2024-08-17 07:53:04,BTCUSD_PERP,bid,58600,636.42
2024-08-17 07:53:05,BTCUSD_PERP,bid,58600,751.99
2024-08-17 07:53:05,BTCUSD_PERP,bid,58600,867.56
2024-08-17 07:53:05,BTCUSD_PERP,bid,58600,925.64
2024-08-17 07:53:05,BTCUSD_PERP,bid,58600,983.72
2024-08-17 07:53:29,BTCUSD_PERP,bid,58600,810.66
2024-08-17 07:53:29,BTCUSD_PERP,bid,58600,752.68
2024-08-17 07:53:30,BTCUSD_PERP,bid,58600,694.6
2024-08-17 07:53:30,BTCUSD_PERP,bid,58600,636.52
2024-08-17 07:53:30,BTCUSD_PERP,bid,58600,578.44
2024-08-17 07:53:30,BTCUSD_PERP,bid,58600,520.95
2024-08-17 07:55:14,BTCUSD_PERP,bid,58700,637.3
2024-08-17 07:55:14,BTCUSD_PERP,bid,58700,695.46
2024-08-17 07:56:03,BTCUSD_PERP,bid,58700,637.4
2024-08-17 07:56:04,BTCUSD_PERP,bid,58700,521.08
2024-08-17 07:56:04,BTCUSD_PERP,bid,58700,523.52
2024-08-17 07:56:04,BTCUSD_PERP,bid,58700,581.7
2024-08-17 07:56:05,BTCUSD_PERP,bid,58700,639.3
2024-08-17 07:56:05,BTCUSD_PERP,bid,58700,754.5
2024-08-17 07:56:05,BTCUSD_PERP,bid,58700,812.1
2024-08-17 07:56:05,BTCUSD_PERP,bid,58700,927.88
2024-08-17 07:56:05,BTCUSD_PERP,bid,58700,517.39
2024-08-17 07:56:05,BTCUSD_PERP,bid,58700,575.52
2024-08-17 07:56:33,BTCUSD_PERP,bid,58700,695.46
2024-08-17 07:56:33,BTCUSD_PERP,bid,58700,753.62
2024-08-17 07:57:06,BTCUSD_PERP,bid,58700,580.32
2024-08-17 07:57:06,BTCUSD_PERP,bid,58600,516.82
2024-08-17 07:57:06,BTCUSD_PERP,bid,58700,868.9
2024-08-17 07:57:06,BTCUSD_PERP,bid,58700,927.03
2024-08-17 07:57:06,BTCUSD_PERP,ask,63500,645.38
2024-08-17 07:59:33,BTCUSD_PERP,bid,58700,811.36
2024-08-17 07:59:34,BTCUSD_PERP,bid,58700,753.23
2024-08-17 07:59:34,BTCUSD_PERP,bid,58700,695.1
2024-08-17 07:59:34,BTCUSD_PERP,bid,58700,521.3
2024-08-17 07:59:35,BTCUSD_PERP,bid,58600,521.72
2024-08-17 07:59:35,BTCUSD_PERP,bid,58600,579.82
2024-08-17 07:59:35,BTCUSD_PERP,bid,58600,637.92
2024-08-17 07:59:35,BTCUSD_PERP,bid,58600,696.02
2024-08-17 07:59:35,BTCUSD_PERP,bid,58600,811.53
2024-08-17 07:59:35,BTCUSD_PERP,bid,58600,926.55
2024-08-17 07:59:35,BTCUSD_PERP,bid,58600,564.77
2024-08-17 07:59:37,BTCUSD_PERP,bid,58600,940.61
2024-08-17 07:59:38,BTCUSD_PERP,bid,58600,942.72
2024-08-17 08:01:24,BTCUSD_PERP,bid,58600,868.0
2024-08-17 08:01:24,BTCUSD_PERP,bid,58600,926.07
2024-08-17 08:03:42,BTCUSD_PERP,bid,58600,868.1
2024-08-17 08:03:43,BTCUSD_PERP,bid,58600,637.23
2024-08-17 08:03:43,BTCUSD_PERP,bid,58600,868.45
2024-08-17 08:03:43,BTCUSD_PERP,bid,58600,926.55
2024-08-17 08:04:52,BTCUSD_PERP,bid,58600,868.45
2024-08-17 08:04:52,BTCUSD_PERP,bid,58600,810.35
2024-08-17 08:04:52,BTCUSD_PERP,bid,58600,752.25
2024-08-17 08:04:52,BTCUSD_PERP,bid,58600,579.13
2024-08-17 08:04:52,BTCUSD_PERP,bid,58700,521.39
2024-08-17 08:04:52,BTCUSD_PERP,bid,58700,579.53
2024-08-17 08:05:07,BTCUSD_PERP,bid,58700,521.98
2024-08-17 08:05:07,BTCUSD_PERP,bid,58700,521.66
2024-08-17 08:05:07,BTCUSD_PERP,bid,58700,579.83
2024-08-17 08:05:08,BTCUSD_PERP,bid,58700,638.0
2024-08-17 08:05:25,BTCUSD_PERP,bid,58700,579.83
2024-08-17 08:05:26,BTCUSD_PERP,bid,58700,521.66
2024-08-17 08:05:26,BTCUSD_PERP,bid,58700,636.38
2024-08-17 08:05:27,BTCUSD_PERP,bid,58700,693.92
2024-08-17 08:05:41,BTCUSD_PERP,bid,58700,578.84
2024-08-17 08:05:43,BTCUSD_PERP,bid,58700,520.98
2024-08-17 08:06:56,BTCUSD_PERP,bid,58700,579.48
2024-08-17 08:07:20,BTCUSD_PERP,bid,58700,578.25
2024-08-17 08:10:15,BTCUSD_PERP,bid,58700,983.98
2024-08-17 08:10:16,BTCUSD_PERP,bid,58700,1042.11
2024-08-17 08:21:10,BTCUSD_PERP,bid,58700,983.98
2024-08-17 08:21:10,BTCUSD_PERP,bid,58600,925.96
2024-08-17 08:21:10,BTCUSD_PERP,bid,58600,984.06
2024-08-17 08:22:29,BTCUSD_PERP,bid,58600,868.45
2024-08-17 08:22:29,BTCUSD_PERP,bid,58600,752.84
2024-08-17 08:22:29,BTCUSD_PERP,bid,58600,637.23
2024-08-17 08:22:29,BTCUSD_PERP,bid,58600,579.13
2024-08-17 08:22:29,BTCUSD_PERP,bid,58600,752.45
2024-08-17 08:22:29,BTCUSD_PERP,bid,58600,925.48
2024-08-17 08:22:29,BTCUSD_PERP,bid,58600,983.55
2024-08-17 08:25:06,BTCUSD_PERP,bid,58600,809.93
2024-08-17 08:25:06,BTCUSD_PERP,bid,58600,751.86
2024-08-17 08:25:06,BTCUSD_PERP,bid,58600,693.79
2024-08-17 08:25:06,BTCUSD_PERP,bid,58600,635.72
2024-08-17 08:25:06,BTCUSD_PERP,bid,58600,519.58
2024-08-17 08:25:07,BTCUSD_PERP,bid,58600,522.8
2024-08-17 08:25:07,BTCUSD_PERP,bid,58600,638.41
2024-08-17 08:25:07,BTCUSD_PERP,bid,58600,753.44
2024-08-17 08:25:07,BTCUSD_PERP,bid,58600,810.95
2024-08-17 08:25:08,BTCUSD_PERP,bid,58600,868.46
2024-08-17 08:25:36,BTCUSD_PERP,bid,58600,636.75
2024-08-17 08:25:36,BTCUSD_PERP,bid,58700,1109.35
2024-08-17 08:25:37,BTCUSD_PERP,bid,58600,565.11
2024-08-17 08:25:37,BTCUSD_PERP,bid,58700,1167.48
2024-08-17 08:28:18,BTCUSD_PERP,bid,55000,754.15
2024-08-17 08:28:52,BTCUSD_PERP,bid,58700,1109.35
2024-08-17 08:28:52,BTCUSD_PERP,bid,58700,936.16
2024-08-17 08:28:53,BTCUSD_PERP,bid,58700,820.5
2024-08-17 08:28:53,BTCUSD_PERP,bid,58700,704.24
2024-08-17 08:28:53,BTCUSD_PERP,bid,58700,646.11
2024-08-17 08:28:53,BTCUSD_PERP,bid,58700,587.98
2024-08-17 08:28:53,BTCUSD_PERP,bid,58700,530.45
2024-08-17 08:28:54,BTCUSD_PERP,bid,58700,579.93
2024-08-17 08:28:54,BTCUSD_PERP,bid,58700,637.51
2024-08-17 08:28:54,BTCUSD_PERP,bid,58700,753.85
2024-08-17 08:28:54,BTCUSD_PERP,bid,58700,869.5
2024-08-17 08:29:18,BTCUSD_PERP,bid,58700,517.48
2024-08-17 08:29:18,BTCUSD_PERP,bid,58700,754.14
2024-08-17 08:29:18,BTCUSD_PERP,bid,58700,1042.78
2024-08-17 08:29:19,BTCUSD_PERP,bid,58700,1100.98
2024-08-17 08:29:19,BTCUSD_PERP,bid,58700,575.58
2024-08-17 08:29:21,BTCUSD_PERP,bid,58700,1101.02
2024-08-17 08:29:51,BTCUSD_PERP,bid,58700,517.44
2024-08-17 08:29:51,BTCUSD_PERP,bid,58700,927.08
2024-08-17 08:29:51,BTCUSD_PERP,bid,58700,985.25
2024-08-17 08:30:22,BTCUSD_PERP,bid,58700,927.67
2024-08-17 08:30:22,BTCUSD_PERP,bid,58700,521.33
2024-08-17 08:30:23,BTCUSD_PERP,bid,58700,868.37
2024-08-17 08:30:23,BTCUSD_PERP,bid,58700,926.5
2024-08-17 08:31:16,BTCUSD_PERP,bid,58700,868.37
2024-08-17 08:31:17,BTCUSD_PERP,bid,58700,810.82
2024-08-17 08:31:17,BTCUSD_PERP,bid,58700,752.69
2024-08-17 08:31:17,BTCUSD_PERP,bid,58700,636.43
2024-08-17 08:31:17,BTCUSD_PERP,bid,58700,578.3
2024-08-17 08:31:18,BTCUSD_PERP,bid,58700,520.75
2024-08-17 08:31:18,BTCUSD_PERP,bid,58700,636.75
2024-08-17 08:31:18,BTCUSD_PERP,bid,58700,926.12
2024-08-17 08:31:18,BTCUSD_PERP,bid,58600,516.73
2024-08-17 08:33:09,BTCUSD_PERP,bid,58700,810.59
2024-08-17 08:33:10,BTCUSD_PERP,bid,58700,753.36
2024-08-17 08:33:10,BTCUSD_PERP,bid,58700,868.46
2024-08-17 08:33:10,BTCUSD_PERP,bid,58700,926.6
2024-08-17 08:34:23,BTCUSD_PERP,bid,58700,811.5
2024-08-17 08:34:24,BTCUSD_PERP,bid,58700,753.36
2024-08-17 08:34:24,BTCUSD_PERP,bid,58700,637.67
2024-08-17 08:34:24,BTCUSD_PERP,bid,58700,580.12
2024-08-17 08:34:24,BTCUSD_PERP,bid,58700,529.98
2024-08-17 08:34:25,BTCUSD_PERP,bid,58700,588.16
2024-08-17 08:34:25,BTCUSD_PERP,bid,58700,704.52
2024-08-17 08:34:25,BTCUSD_PERP,bid,58700,762.11
2024-08-17 08:34:25,BTCUSD_PERP,bid,58700,820.29
2024-08-17 08:34:25,BTCUSD_PERP,bid,58700,877.88
2024-08-17 08:34:25,BTCUSD_PERP,bid,58700,517.34
2024-08-17 08:34:25,BTCUSD_PERP,bid,58700,936.06
2024-08-17 08:35:18,BTCUSD_PERP,bid,58700,927.26
2024-08-17 08:39:47,BTCUSD_PERP,bid,58700,811.49
2024-08-17 08:39:47,BTCUSD_PERP,bid,58700,637.05
2024-08-17 08:39:47,BTCUSD_PERP,bid,58700,521.87
2024-08-17 08:39:48,BTCUSD_PERP,bid,58800,521.43
2024-08-17 08:39:57,BTCUSD_PERP,ask,60000,519.47
2024-08-17 08:43:48,BTCUSD_PERP,bid,58800,522.38
2024-08-17 08:43:48,BTCUSD_PERP,bid,58800,580.04
2024-08-17 08:43:58,BTCUSD_PERP,bid,58800,522.38
2024-08-17 08:45:49,BTCUSD_PERP,bid,58800,753.73
2024-08-17 08:46:06,BTCUSD_PERP,bid,58800,696.06
2024-08-17 08:46:06,BTCUSD_PERP,bid,58800,522.46
2024-08-17 08:46:11,BTCUSD_PERP,bid,58800,522.73
2024-08-17 08:46:37,BTCUSD_PERP,bid,58800,522.44
2024-08-17 08:54:31,BTCUSD_PERP,bid,55000,775.56
2024-08-17 08:55:03,BTCUSD_PERP,bid,55000,754.15
2024-08-17 08:56:01,BTCUSD_PERP,bid,58700,522.48
2024-08-17 08:56:04,BTCUSD_PERP,bid,58700,523.71
2024-08-17 08:56:04,BTCUSD_PERP,bid,58700,525.82
2024-08-17 08:56:06,BTCUSD_PERP,bid,58700,539.89
2024-08-17 08:59:57,BTCUSD_PERP,bid,58700,522.75
2024-08-17 09:02:20,BTCUSD_PERP,bid,58700,522.43
2024-08-17 09:02:20,BTCUSD_PERP,bid,58700,580.62
2024-08-17 09:03:14,BTCUSD_PERP,bid,58700,522.43
2024-08-17 09:09:19,BTCUSD_PERP,bid,58800,522.02
2024-08-17 09:09:19,BTCUSD_PERP,bid,58800,580.23
2024-08-17 09:09:19,BTCUSD_PERP,bid,58800,696.06
2024-08-17 09:11:29,BTCUSD_PERP,bid,55000,754.31
2024-08-17 09:12:25,BTCUSD_PERP,bid,58800,637.85
2024-08-17 09:12:26,BTCUSD_PERP,bid,58800,579.64
2024-08-17 09:12:26,BTCUSD_PERP,bid,58800,531.25
2024-08-17 09:12:26,BTCUSD_PERP,bid,58800,589.5
2024-08-17 09:12:27,BTCUSD_PERP,bid,58800,647.65
2024-08-17 09:12:27,BTCUSD_PERP,bid,58800,705.31
2024-08-17 09:12:27,BTCUSD_PERP,bid,58800,762.97
2024-08-17 09:12:34,BTCUSD_PERP,bid,58800,763.01
2024-08-17 09:13:32,BTCUSD_PERP,bid,58800,579.63
2024-08-17 09:14:23,BTCUSD_PERP,bid,58700,636.88
2024-08-17 09:14:50,BTCUSD_PERP,bid,58700,694.74
2024-08-17 09:14:55,BTCUSD_PERP,bid,58700,636.59
2024-08-17 09:14:55,BTCUSD_PERP,bid,58700,578.73
2024-08-17 09:14:55,BTCUSD_PERP,bid,58700,694.38
2024-08-17 09:15:31,BTCUSD_PERP,bid,58700,578.73
2024-08-17 09:15:31,BTCUSD_PERP,bid,58700,579.13
2024-08-17 09:15:31,BTCUSD_PERP,bid,58700,868.13
2024-08-17 09:16:41,BTCUSD_PERP,bid,58700,810.56
2024-08-17 09:16:42,BTCUSD_PERP,bid,58700,752.4
2024-08-17 09:16:42,BTCUSD_PERP,bid,58700,636.08
2024-08-17 09:16:42,BTCUSD_PERP,bid,58700,520.94
2024-08-17 09:16:43,BTCUSD_PERP,bid,58700,520.15
2024-08-17 09:16:43,BTCUSD_PERP,bid,58700,809.47
2024-08-17 09:16:43,BTCUSD_PERP,bid,58700,867.59
2024-08-17 09:19:33,BTCUSD_PERP,bid,58700,810.05
2024-08-17 09:19:34,BTCUSD_PERP,bid,58700,751.93
2024-08-17 09:19:34,BTCUSD_PERP,bid,58700,578.26
2024-08-17 09:19:34,BTCUSD_PERP,bid,58700,520.73
2024-08-17 09:25:08,BTCUSD_PERP,bid,58600,635.68
2024-08-17 09:25:08,BTCUSD_PERP,bid,58600,751.82
2024-08-17 09:30:34,BTCUSD_PERP,bid,58600,693.75
2024-08-17 09:30:34,BTCUSD_PERP,bid,58600,578.81
2024-08-17 09:30:34,BTCUSD_PERP,bid,58600,521.34
2024-08-17 09:37:19,BTCUSD_PERP,bid,58700,520.12
2024-08-17 09:37:19,BTCUSD_PERP,bid,58700,635.79
2024-08-17 09:37:19,BTCUSD_PERP,bid,58700,693.92
2024-08-17 09:37:19,BTCUSD_PERP,bid,58700,751.46
2024-08-17 09:37:20,BTCUSD_PERP,bid,58700,809.59
2024-08-17 09:38:04,BTCUSD_PERP,bid,58700,635.79
2024-08-17 09:38:04,BTCUSD_PERP,bid,58700,577.66
2024-08-17 09:38:05,BTCUSD_PERP,bid,58600,577.95
2024-08-17 09:38:06,BTCUSD_PERP,bid,58600,692.97
2024-08-17 09:38:06,BTCUSD_PERP,bid,58600,751.07
2024-08-17 09:38:06,BTCUSD_PERP,bid,58600,809.17
2024-08-17 09:41:20,BTCUSD_PERP,bid,58600,751.66
2024-08-17 09:41:20,BTCUSD_PERP,bid,58600,636.31
2024-08-17 09:44:38,BTCUSD_PERP,bid,58600,578.34
2024-08-17 09:44:38,BTCUSD_PERP,bid,58600,521.03
2024-08-17 09:44:39,BTCUSD_PERP,bid,58600,579.13
2024-08-17 09:44:39,BTCUSD_PERP,bid,58600,636.64
2024-08-17 09:45:45,BTCUSD_PERP,bid,58600,579.13
2024-08-17 09:45:46,BTCUSD_PERP,bid,58600,867.99
2024-08-17 09:45:46,BTCUSD_PERP,bid,58600,926.06
2024-08-17 09:45:55,BTCUSD_PERP,bid,55000,754.32
2024-08-17 09:47:36,BTCUSD_PERP,bid,58600,521.34
2024-08-17 09:47:37,BTCUSD_PERP,bid,58600,636.88
2024-08-17 09:47:37,BTCUSD_PERP,bid,58600,694.95
2024-08-17 09:47:37,BTCUSD_PERP,bid,58600,752.42
2024-08-17 09:47:37,BTCUSD_PERP,bid,58600,809.9
2024-08-17 09:48:40,BTCUSD_PERP,bid,58600,694.36
2024-08-17 09:48:40,BTCUSD_PERP,bid,58600,578.32
2024-08-17 09:48:40,BTCUSD_PERP,bid,58600,520.25
2024-08-17 09:48:42,BTCUSD_PERP,bid,58600,520.53
2024-08-17 09:48:42,BTCUSD_PERP,bid,58600,578.63
2024-08-17 09:56:41,BTCUSD_PERP,bid,58600,521.12
2024-08-17 09:56:43,BTCUSD_PERP,bid,58600,520.85
2024-08-17 09:56:43,BTCUSD_PERP,bid,58600,578.33
2024-08-17 09:56:46,BTCUSD_PERP,bid,58600,635.8
2024-08-17 10:02:47,BTCUSD_PERP,bid,58600,577.73
2024-08-17 10:02:48,BTCUSD_PERP,bid,58600,520.25
2024-08-17 10:04:14,BTCUSD_PERP,bid,58600,520.26
2024-08-17 10:04:14,BTCUSD_PERP,bid,58600,578.33
2024-08-17 10:12:17,BTCUSD_PERP,bid,47000,2459.54
2024-08-17 10:13:22,BTCUSD_PERP,bid,55000,754.33
2024-08-17 10:14:00,BTCUSD_PERP,bid,58500,519.64
2024-08-17 10:14:00,BTCUSD_PERP,bid,58500,577.04
2024-08-17 10:14:00,BTCUSD_PERP,bid,58500,634.94
2024-08-17 10:14:00,BTCUSD_PERP,bid,58500,692.94
2024-08-17 10:14:01,BTCUSD_PERP,bid,58500,750.94
2024-08-17 10:14:30,BTCUSD_PERP,bid,58500,750.98
2024-08-17 10:15:47,BTCUSD_PERP,bid,55000,754.14
2024-08-17 10:18:05,BTCUSD_PERP,bid,58500,750.94
2024-08-17 10:19:07,BTCUSD_PERP,bid,58500,751.13
2024-08-17 10:19:07,BTCUSD_PERP,bid,58500,809.1
2024-08-17 10:19:45,BTCUSD_PERP,bid,58500,693.85
2024-08-17 10:19:45,BTCUSD_PERP,bid,58500,578.51
2024-08-17 10:19:45,BTCUSD_PERP,bid,58500,520.54
2024-08-17 10:19:46,BTCUSD_PERP,bid,58500,520.23
2024-08-17 10:19:47,BTCUSD_PERP,bid,58500,635.64
2024-08-17 10:19:47,BTCUSD_PERP,bid,58500,693.64
2024-08-17 10:19:47,BTCUSD_PERP,bid,58500,751.64
2024-08-17 10:19:47,BTCUSD_PERP,bid,58500,809.64
2024-08-17 10:19:47,BTCUSD_PERP,bid,58500,867.05
2024-08-17 10:20:38,BTCUSD_PERP,bid,58500,809.05
2024-08-17 10:20:38,BTCUSD_PERP,bid,58500,693.05
2024-08-17 10:20:38,BTCUSD_PERP,bid,58500,519.64
2024-08-17 10:20:39,BTCUSD_PERP,bid,58600,588.19
2024-08-17 10:20:39,BTCUSD_PERP,bid,58600,646.22
2024-08-17 10:20:39,BTCUSD_PERP,bid,58600,703.66
2024-08-17 10:20:39,BTCUSD_PERP,bid,58600,761.69
2024-08-17 10:20:39,BTCUSD_PERP,bid,58600,819.13
2024-08-17 10:20:39,BTCUSD_PERP,bid,58600,877.16
2024-08-17 10:20:40,BTCUSD_PERP,bid,58600,935.19
2024-08-17 10:20:40,BTCUSD_PERP,bid,58600,1050.66
2024-08-17 10:25:37,BTCUSD_PERP,bid,58600,992.73
2024-08-17 10:25:37,BTCUSD_PERP,bid,58600,934.7
2024-08-17 10:25:37,BTCUSD_PERP,bid,58600,877.26
2024-08-17 10:25:37,BTCUSD_PERP,bid,58600,819.82
2024-08-17 10:25:37,BTCUSD_PERP,bid,58600,761.79
2024-08-17 10:25:37,BTCUSD_PERP,bid,58600,703.76
2024-08-17 10:25:38,BTCUSD_PERP,bid,58600,588.88
2024-08-17 10:25:38,BTCUSD_PERP,bid,58500,519.54
2024-08-17 10:25:38,BTCUSD_PERP,bid,58600,530.85
2024-08-17 10:25:38,BTCUSD_PERP,bid,58500,576.95
2024-08-17 10:25:38,BTCUSD_PERP,bid,58500,634.36
2024-08-17 10:25:38,BTCUSD_PERP,bid,58500,750.36
2024-08-17 10:25:39,BTCUSD_PERP,bid,58500,515.72
2024-08-17 10:25:39,BTCUSD_PERP,bid,58500,924.36
2024-08-17 10:25:39,BTCUSD_PERP,bid,58500,1040.36
2024-08-17 10:27:41,BTCUSD_PERP,bid,55000,753.74
2024-08-17 10:33:25,BTCUSD_PERP,bid,58500,980.28
2024-08-17 10:33:25,BTCUSD_PERP,bid,58500,1038.19
2024-08-17 10:34:18,BTCUSD_PERP,bid,58500,865.63
2024-08-17 10:34:18,BTCUSD_PERP,bid,58500,807.72
2024-08-17 10:34:18,BTCUSD_PERP,bid,58500,749.81
2024-08-17 10:34:19,BTCUSD_PERP,bid,58500,691.9
2024-08-17 10:34:19,BTCUSD_PERP,bid,58500,633.99
2024-08-17 10:34:19,BTCUSD_PERP,bid,58500,518.85
2024-08-17 10:34:19,BTCUSD_PERP,bid,58500,519.67
2024-08-17 10:34:19,BTCUSD_PERP,bid,58500,577.62
2024-08-17 10:34:20,BTCUSD_PERP,bid,58500,634.98
2024-08-17 10:34:20,BTCUSD_PERP,bid,58500,692.93
2024-08-17 10:34:20,BTCUSD_PERP,bid,58500,808.83
2024-08-17 10:34:20,BTCUSD_PERP,bid,58500,866.19
2024-08-17 10:34:20,BTCUSD_PERP,bid,58500,981.5
2024-08-17 10:34:20,BTCUSD_PERP,bid,58500,1038.85
2024-08-17 10:38:02,BTCUSD_PERP,bid,58500,922.95
2024-08-17 10:38:02,BTCUSD_PERP,bid,58500,865.0
2024-08-17 10:38:02,BTCUSD_PERP,bid,58500,807.65
2024-08-17 10:38:02,BTCUSD_PERP,bid,58500,692.34
2024-08-17 10:38:03,BTCUSD_PERP,bid,58500,634.39
2024-08-17 10:38:03,BTCUSD_PERP,bid,58500,577.03
2024-08-17 10:38:03,BTCUSD_PERP,bid,58500,578.02
2024-08-17 10:38:03,BTCUSD_PERP,bid,58500,693.39
2024-08-17 10:38:03,BTCUSD_PERP,bid,58500,750.78
2024-08-17 10:38:04,BTCUSD_PERP,bid,58500,808.76
2024-08-17 10:38:04,BTCUSD_PERP,bid,58500,866.14
2024-08-17 10:41:35,BTCUSD_PERP,bid,58500,808.16
2024-08-17 10:41:35,BTCUSD_PERP,bid,58500,692.79
2024-08-17 10:41:35,BTCUSD_PERP,bid,58500,634.81
2024-08-17 10:41:35,BTCUSD_PERP,bid,58500,750.37
2024-08-17 10:41:35,BTCUSD_PERP,bid,58500,808.32
2024-08-17 10:43:50,BTCUSD_PERP,bid,55000,753.54
2024-08-17 10:46:24,BTCUSD_PERP,bid,58500,519.16
2024-08-17 10:46:24,BTCUSD_PERP,bid,58500,749.92
2024-08-17 10:46:25,BTCUSD_PERP,bid,58500,923.09
2024-08-17 10:47:47,BTCUSD_PERP,bid,58500,865.17
2024-08-17 10:47:47,BTCUSD_PERP,bid,58500,807.25
2024-08-17 10:47:47,BTCUSD_PERP,bid,58500,749.33
2024-08-17 10:47:47,BTCUSD_PERP,bid,58500,691.41
2024-08-17 10:47:47,BTCUSD_PERP,bid,58500,576.16
2024-08-17 10:47:48,BTCUSD_PERP,bid,58500,518.83
2024-08-17 10:47:48,BTCUSD_PERP,bid,58500,519.09
2024-08-17 10:47:48,BTCUSD_PERP,bid,58500,576.45
2024-08-17 10:49:41,BTCUSD_PERP,bid,58500,518.5
2024-08-17 10:49:42,BTCUSD_PERP,bid,58500,577.34
2024-08-17 10:49:42,BTCUSD_PERP,bid,58500,635.32
2024-08-17 10:49:42,BTCUSD_PERP,bid,58500,750.69
2024-08-17 10:49:42,BTCUSD_PERP,bid,58500,808.08
2024-08-17 10:51:05,BTCUSD_PERP,bid,58500,634.73
2024-08-17 10:51:05,BTCUSD_PERP,bid,58600,808.5
2024-08-17 10:51:05,BTCUSD_PERP,bid,58600,866.51
2024-08-17 10:51:06,BTCUSD_PERP,bid,58600,868.61
2024-08-17 10:51:06,BTCUSD_PERP,bid,58600,882.65
2024-08-17 10:51:07,BTCUSD_PERP,bid,58600,883.87
2024-08-17 10:52:34,BTCUSD_PERP,bid,58600,826.45
2024-08-17 10:52:34,BTCUSD_PERP,bid,58600,769.03
2024-08-17 10:52:35,BTCUSD_PERP,bid,58600,653.11
2024-08-17 10:52:35,BTCUSD_PERP,bid,58600,537.68
2024-08-17 10:52:35,BTCUSD_PERP,bid,58600,520.58
2024-08-17 10:52:35,BTCUSD_PERP,bid,58600,578.04
2024-08-17 10:52:35,BTCUSD_PERP,bid,58600,635.5
2024-08-17 10:52:35,BTCUSD_PERP,bid,58600,693.55
2024-08-17 10:52:36,BTCUSD_PERP,bid,58600,751.6
2024-08-17 10:52:36,BTCUSD_PERP,bid,58600,809.65
2024-08-17 10:53:02,BTCUSD_PERP,bid,58600,809.69
2024-08-17 10:53:07,BTCUSD_PERP,bid,58600,811.79
2024-08-17 10:53:07,BTCUSD_PERP,bid,58600,825.84
2024-08-17 10:53:09,BTCUSD_PERP,bid,58600,827.06
2024-08-17 10:53:11,BTCUSD_PERP,bid,58600,827.1
2024-08-17 10:53:41,BTCUSD_PERP,bid,58600,825.88
2024-08-17 10:53:41,BTCUSD_PERP,bid,58600,825.92
2024-08-17 10:55:08,BTCUSD_PERP,bid,58600,823.82
2024-08-17 10:55:08,BTCUSD_PERP,bid,58600,809.77
2024-08-17 10:56:22,BTCUSD_PERP,bid,58600,809.73
2024-08-17 10:56:44,BTCUSD_PERP,bid,58600,809.69
2024-08-17 10:56:51,BTCUSD_PERP,bid,58600,693.59
2024-08-17 10:56:52,BTCUSD_PERP,bid,58600,578.08
2024-08-17 10:56:53,BTCUSD_PERP,bid,58600,520.85
2024-08-17 10:56:53,BTCUSD_PERP,bid,58600,578.34
2024-08-17 10:56:53,BTCUSD_PERP,bid,58600,693.91
2024-08-17 10:57:06,BTCUSD_PERP,bid,58600,693.95
2024-08-17 11:00:36,BTCUSD_PERP,bid,58600,693.91
2024-08-17 11:00:42,BTCUSD_PERP,bid,58600,635.83
2024-08-17 11:00:42,BTCUSD_PERP,bid,58600,578.34
2024-08-17 11:00:42,BTCUSD_PERP,bid,58600,809.06
2024-08-17 11:00:42,BTCUSD_PERP,bid,58600,867.11
2024-08-17 11:03:05,BTCUSD_PERP,bid,58600,809.06
2024-08-17 11:03:06,BTCUSD_PERP,bid,58600,751.6
2024-08-17 11:03:06,BTCUSD_PERP,bid,58600,694.14
2024-08-17 11:03:06,BTCUSD_PERP,bid,58600,636.09
2024-08-17 11:03:06,BTCUSD_PERP,bid,58600,578.04
2024-08-17 11:03:06,BTCUSD_PERP,bid,58600,520.58
2024-08-17 11:03:07,BTCUSD_PERP,bid,58600,520.26
2024-08-17 11:03:07,BTCUSD_PERP,bid,58600,693.91
2024-08-17 11:03:07,BTCUSD_PERP,bid,58600,751.99
2024-08-17 11:03:07,BTCUSD_PERP,bid,58600,809.48
2024-08-17 11:03:07,BTCUSD_PERP,bid,58600,867.56
2024-08-17 11:05:18,BTCUSD_PERP,bid,58600,578.93
2024-08-17 11:05:18,BTCUSD_PERP,bid,58600,693.55
2024-08-17 11:05:18,BTCUSD_PERP,bid,58600,751.6
2024-08-17 11:05:18,BTCUSD_PERP,bid,58600,809.65
2024-08-17 11:11:04,BTCUSD_PERP,bid,58600,751.7
2024-08-17 11:11:05,BTCUSD_PERP,bid,58600,694.24
2024-08-17 11:11:05,BTCUSD_PERP,bid,58600,578.73
2024-08-17 11:11:05,BTCUSD_PERP,bid,58600,520.68
2024-08-17 11:11:05,BTCUSD_PERP,bid,58600,635.67
2024-08-17 11:11:05,BTCUSD_PERP,bid,58600,693.09
2024-08-17 11:11:06,BTCUSD_PERP,bid,58600,809.11
2024-08-17 11:11:06,BTCUSD_PERP,bid,58600,866.53
2024-08-17 11:11:32,BTCUSD_PERP,bid,58600,866.57
2024-08-17 11:12:18,BTCUSD_PERP,bid,55000,752.99
2024-08-17 11:14:55,BTCUSD_PERP,bid,58600,866.53
2024-08-17 11:15:25,BTCUSD_PERP,bid,58600,808.52
2024-08-17 11:15:25,BTCUSD_PERP,bid,58600,751.1
2024-08-17 11:15:25,BTCUSD_PERP,bid,58600,693.09
2024-08-17 11:15:25,BTCUSD_PERP,bid,58600,635.67
2024-08-17 11:15:25,BTCUSD_PERP,bid,58600,577.66
2024-08-17 11:15:26,BTCUSD_PERP,bid,58600,522.26
2024-08-17 11:15:26,BTCUSD_PERP,bid,58600,579.72
2024-08-17 11:15:27,BTCUSD_PERP,bid,58600,695.21
2024-08-17 11:15:27,BTCUSD_PERP,bid,58600,810.71
2024-08-17 11:15:27,BTCUSD_PERP,bid,58600,868.16
2024-08-17 11:16:35,BTCUSD_PERP,bid,58600,636.59
2024-08-17 11:16:35,BTCUSD_PERP,bid,58600,809.36
2024-08-17 11:16:35,BTCUSD_PERP,bid,58600,867.43
2024-08-17 11:16:37,BTCUSD_PERP,bid,58600,867.47
2024-08-17 11:16:47,BTCUSD_PERP,bid,58600,867.51
2024-08-17 11:18:56,BTCUSD_PERP,bid,58600,810.03
2024-08-17 11:18:57,BTCUSD_PERP,bid,58600,693.89
2024-08-17 11:18:57,BTCUSD_PERP,bid,58600,577.75
2024-08-17 11:18:57,BTCUSD_PERP,bid,58600,578.64
2024-08-17 11:18:57,BTCUSD_PERP,bid,58600,636.15
2024-08-17 11:18:57,BTCUSD_PERP,bid,58600,694.25
2024-08-17 11:18:58,BTCUSD_PERP,bid,58600,752.25
2024-08-17 11:18:58,BTCUSD_PERP,bid,58600,809.76
2024-08-17 11:18:58,BTCUSD_PERP,bid,58600,867.86
2024-08-17 11:18:58,BTCUSD_PERP,bid,58600,925.96
2024-08-17 11:20:19,BTCUSD_PERP,bid,55000,753.02
2024-08-17 11:22:39,BTCUSD_PERP,bid,55000,751.38
2024-08-17 11:23:04,BTCUSD_PERP,bid,58600,867.86
2024-08-17 11:23:04,BTCUSD_PERP,bid,58600,752.25
2024-08-17 11:23:04,BTCUSD_PERP,bid,58600,694.25
2024-08-17 11:23:04,BTCUSD_PERP,bid,58600,636.15
2024-08-17 11:23:05,BTCUSD_PERP,bid,58600,519.95
2024-08-17 11:23:06,BTCUSD_PERP,bid,58700,530.18
2024-08-17 11:23:24,BTCUSD_PERP,bid,58700,530.22
2024-08-17 11:23:36,BTCUSD_PERP,bid,58700,530.39
2024-08-17 11:26:53,BTCUSD_PERP,bid,58700,530.35
2024-08-17 11:32:10,BTCUSD_PERP,bid,47000,2459.58
2024-08-17 11:32:19,BTCUSD_PERP,bid,47000,2459.54
2024-08-17 11:32:50,BTCUSD_PERP,bid,47000,2459.61
2024-08-17 11:33:00,BTCUSD_PERP,bid,47000,2459.54
2024-08-17 11:33:20,BTCUSD_PERP,bid,47000,2459.61
2024-08-17 11:36:07,BTCUSD_PERP,bid,58700,522.07
2024-08-17 11:36:08,BTCUSD_PERP,bid,58700,580.22
2024-08-17 11:36:08,BTCUSD_PERP,bid,58700,637.78
2024-08-17 11:36:08,BTCUSD_PERP,bid,58700,753.49
2024-08-17 11:36:08,BTCUSD_PERP,bid,58700,811.64
2024-08-17 11:36:08,BTCUSD_PERP,bid,58700,869.79
2024-08-17 11:36:08,BTCUSD_PERP,bid,58700,927.35
2024-08-17 11:42:37,BTCUSD_PERP,bid,58700,869.2
2024-08-17 11:42:37,BTCUSD_PERP,bid,58700,811.05
2024-08-17 11:42:37,BTCUSD_PERP,bid,58700,752.9
2024-08-17 11:42:37,BTCUSD_PERP,bid,58700,695.34
2024-08-17 11:42:37,BTCUSD_PERP,bid,58700,637.29
2024-08-17 11:42:38,BTCUSD_PERP,bid,58700,520.99
2024-08-17 11:42:38,BTCUSD_PERP,bid,58700,522.42
2024-08-17 11:42:38,BTCUSD_PERP,bid,58700,638.21
2024-08-17 11:42:39,BTCUSD_PERP,bid,58700,754.59
2024-08-17 11:42:39,BTCUSD_PERP,bid,58700,812.19
2024-08-17 11:42:39,BTCUSD_PERP,bid,58700,869.79
2024-08-17 11:43:11,BTCUSD_PERP,bid,58700,580.72
2024-08-17 11:43:11,BTCUSD_PERP,bid,58700,869.34
2024-08-17 11:43:11,BTCUSD_PERP,bid,58700,927.5
2024-08-17 11:44:08,BTCUSD_PERP,ask,64500,1633.17
2024-08-17 11:49:04,BTCUSD_PERP,bid,58700,869.34
2024-08-17 11:49:04,BTCUSD_PERP,bid,58700,811.18
2024-08-17 11:49:04,BTCUSD_PERP,bid,58700,695.45
2024-08-17 11:49:04,BTCUSD_PERP,bid,58700,637.29
2024-08-17 11:49:04,BTCUSD_PERP,bid,58700,579.72
2024-08-17 11:49:04,BTCUSD_PERP,bid,58700,521.56
2024-08-17 11:49:13,BTCUSD_PERP,bid,58700,522.16
2024-08-17 11:49:13,BTCUSD_PERP,bid,58700,579.73
2024-08-17 11:49:14,BTCUSD_PERP,bid,58700,695.46
2024-08-17 11:49:14,BTCUSD_PERP,bid,58700,753.03
2024-08-17 11:49:14,BTCUSD_PERP,bid,58700,869.35
2024-08-17 11:49:15,BTCUSD_PERP,bid,58700,927.51
2024-08-17 11:56:42,BTCUSD_PERP,bid,58700,868.9
2024-08-17 11:56:42,BTCUSD_PERP,bid,58700,927.03
2024-08-17 12:07:06,BTCUSD_PERP,bid,55000,750.93
2024-08-17 12:12:41,BTCUSD_PERP,bid,55000,745.43
2024-08-17 12:13:23,BTCUSD_PERP,bid,58700,869.49
2024-08-17 12:13:23,BTCUSD_PERP,bid,58700,754.41
2024-08-17 12:13:23,BTCUSD_PERP,bid,58700,696.87
2024-08-17 12:13:23,BTCUSD_PERP,bid,58700,639.33
2024-08-17 12:18:37,BTCUSD_PERP,bid,58600,522.8
2024-08-17 12:18:38,BTCUSD_PERP,bid,58600,580.9
2024-08-17 12:36:39,BTCUSD_PERP,bid,58700,523.07
2024-08-17 12:36:40,BTCUSD_PERP,bid,58700,581.2
2024-08-17 12:36:51,BTCUSD_PERP,bid,58700,581.24
2024-08-17 12:40:20,BTCUSD_PERP,bid,58700,581.2
2024-08-17 12:42:39,BTCUSD_PERP,bid,58700,523.07
2024-08-17 12:42:40,BTCUSD_PERP,bid,58700,523.34
2024-08-17 12:45:37,BTCUSD_PERP,bid,58700,523.07
2024-08-17 12:45:37,BTCUSD_PERP,bid,58700,523.11
2024-08-17 12:47:52,BTCUSD_PERP,bid,58600,522.8
2024-08-17 13:00:30,BTCUSD_PERP,ask,64500,1627.91
2024-08-17 13:09:46,BTCUSD_PERP,bid,58600,522.02
2024-08-17 13:09:46,BTCUSD_PERP,bid,58600,579.5
2024-08-17 13:09:46,BTCUSD_PERP,bid,58600,637.58
2024-08-17 13:09:53,BTCUSD_PERP,bid,58600,637.62
2024-08-17 13:12:04,BTCUSD_PERP,bid,58600,521.56
2024-08-17 13:12:05,BTCUSD_PERP,bid,58700,522.3
2024-08-17 13:20:19,BTCUSD_PERP,bid,58600,579.82
2024-08-17 13:20:19,BTCUSD_PERP,bid,58600,637.93
2024-08-17 13:20:20,BTCUSD_PERP,bid,58600,637.97
2024-08-17 13:22:48,BTCUSD_PERP,bid,55000,745.42
2024-08-17 13:23:53,BTCUSD_PERP,bid,58600,637.93
2024-08-17 13:36:59,BTCUSD_PERP,bid,58600,580.41
2024-08-17 13:36:59,BTCUSD_PERP,bid,58600,522.89
2024-08-17 13:40:07,BTCUSD_PERP,ask,59900,515.76
2024-08-17 13:40:08,BTCUSD_PERP,ask,59900,523.54
2024-08-17 13:40:08,BTCUSD_PERP,ask,59900,533.12
2024-08-17 13:40:13,BTCUSD_PERP,ask,59900,543.89
2024-08-17 13:40:14,BTCUSD_PERP,ask,59900,534.61
2024-08-17 13:40:14,BTCUSD_PERP,ask,59900,525.03
2024-08-17 13:40:14,BTCUSD_PERP,ask,59900,534.31
2024-08-17 13:40:15,BTCUSD_PERP,ask,59900,543.89
2024-08-17 13:40:15,BTCUSD_PERP,ask,59900,534.31
2024-08-17 13:40:16,BTCUSD_PERP,ask,59900,543.89
2024-08-17 13:40:17,BTCUSD_PERP,ask,59900,534.31
2024-08-17 13:40:17,BTCUSD_PERP,ask,59900,543.89
2024-08-17 13:40:22,BTCUSD_PERP,ask,59900,534.31
2024-08-17 13:40:22,BTCUSD_PERP,ask,59900,543.89
2024-08-17 13:40:25,BTCUSD_PERP,ask,59900,533.11
2024-08-17 13:40:25,BTCUSD_PERP,ask,59900,543.89
2024-08-17 13:40:30,BTCUSD_PERP,ask,59900,533.11
2024-08-17 13:40:30,BTCUSD_PERP,ask,59900,543.89
2024-08-17 13:40:38,BTCUSD_PERP,ask,59900,534.31
2024-08-17 13:40:40,BTCUSD_PERP,ask,59900,545.09
2024-08-17 13:40:40,BTCUSD_PERP,ask,59900,535.51
2024-08-17 13:40:40,BTCUSD_PERP,ask,59900,545.09
2024-08-17 13:40:41,BTCUSD_PERP,ask,59900,534.31
2024-08-17 13:40:42,BTCUSD_PERP,ask,59900,545.09
2024-08-17 13:40:48,BTCUSD_PERP,ask,59900,537.31
2024-08-17 13:40:48,BTCUSD_PERP,ask,59900,527.73
2024-08-17 13:40:52,BTCUSD_PERP,ask,59900,518.15
2024-08-17 13:40:53,BTCUSD_PERP,ask,59900,508.57
2024-08-17 13:41:49,BTCUSD_PERP,bid,55000,746.79
2024-08-17 13:47:44,BTCUSD_PERP,bid,58600,522.62
2024-08-17 13:49:55,BTCUSD_PERP,bid,58600,522.89
2024-08-17 13:50:02,BTCUSD_PERP,bid,58600,522.93
2024-08-17 13:50:25,BTCUSD_PERP,bid,58600,522.62
2024-08-17 13:50:26,BTCUSD_PERP,bid,58600,580.7
2024-08-17 13:50:27,BTCUSD_PERP,bid,58600,580.74
2024-08-17 13:51:05,BTCUSD_PERP,bid,58600,638.22
2024-08-17 13:51:05,BTCUSD_PERP,bid,58600,695.7
2024-08-17 13:51:07,BTCUSD_PERP,bid,58600,695.74
2024-08-17 13:51:35,BTCUSD_PERP,bid,58600,753.22
2024-08-17 13:51:36,BTCUSD_PERP,bid,58600,810.7
2024-08-17 13:51:36,BTCUSD_PERP,bid,58600,868.18
2024-08-17 13:51:37,BTCUSD_PERP,bid,58600,925.66
2024-08-17 13:51:55,BTCUSD_PERP,bid,58600,925.7
2024-08-17 13:53:56,BTCUSD_PERP,bid,58600,925.66
2024-08-17 13:54:36,BTCUSD_PERP,bid,58600,925.62
2024-08-17 13:55:16,BTCUSD_PERP,bid,58600,925.58
2024-08-17 14:00:28,BTCUSD_PERP,bid,55000,749.54
2024-08-17 14:01:59,BTCUSD_PERP,bid,55000,749.59
2024-08-17 14:06:26,BTCUSD_PERP,bid,55000,749.54
2024-08-17 14:07:04,BTCUSD_PERP,bid,44000,1132.05
2024-08-17 14:07:45,BTCUSD_PERP,bid,58600,868.1
2024-08-17 14:07:46,BTCUSD_PERP,bid,58600,810.62
2024-08-17 14:08:15,BTCUSD_PERP,bid,58600,753.14
2024-08-17 14:08:16,BTCUSD_PERP,bid,58600,695.66
2024-08-17 14:08:17,BTCUSD_PERP,bid,58600,638.18
2024-08-17 14:08:17,BTCUSD_PERP,bid,58600,580.7
2024-08-17 14:08:18,BTCUSD_PERP,bid,58600,522.62
2024-08-17 14:08:20,BTCUSD_PERP,bid,58600,521.67
2024-08-17 14:09:24,BTCUSD_PERP,bid,58500,520.81
2024-08-17 14:09:25,BTCUSD_PERP,bid,58500,578.82
2024-08-17 14:11:10,BTCUSD_PERP,bid,58500,520.81
2024-08-17 14:11:50,BTCUSD_PERP,bid,58500,518.33
2024-08-17 14:12:13,BTCUSD_PERP,bid,58500,520.52
2024-08-17 14:15:43,BTCUSD_PERP,bid,58600,519.2
2024-08-17 14:15:43,BTCUSD_PERP,bid,58600,576.62
2024-08-17 14:16:53,BTCUSD_PERP,bid,58600,521.67
2024-08-17 14:16:53,BTCUSD_PERP,bid,58600,579.12
2024-08-17 14:18:48,BTCUSD_PERP,bid,58600,521.08
2024-08-17 14:18:50,BTCUSD_PERP,bid,58600,521.41
2024-08-17 14:18:50,BTCUSD_PERP,bid,58600,578.83
2024-08-17 14:20:28,BTCUSD_PERP,bid,58600,521.41
2024-08-17 14:20:32,BTCUSD_PERP,bid,58600,521.08
2024-08-17 14:20:32,BTCUSD_PERP,bid,58600,579.12
2024-08-17 14:23:54,BTCUSD_PERP,ask,2550000,80.76
2024-08-17 14:28:36,BTCUSD_PERP,ask,63500,645.18
2024-08-17 14:28:58,BTCUSD_PERP,bid,58600,521.42
2024-08-17 14:28:58,BTCUSD_PERP,bid,58600,579.5
2024-08-17 14:28:59,BTCUSD_PERP,bid,58600,579.54
2024-08-17 14:30:01,BTCUSD_PERP,bid,58600,521.46
2024-08-17 14:33:35,BTCUSD_PERP,bid,58700,521.98
2024-08-17 14:33:35,BTCUSD_PERP,bid,58700,638.26
2024-08-17 14:41:33,BTCUSD_PERP,bid,58700,522.32
2024-08-17 14:45:12,BTCUSD_PERP,bid,58700,522.59
2024-08-17 14:45:12,BTCUSD_PERP,bid,58700,580.64
2024-08-17 14:49:02,BTCUSD_PERP,bid,58700,522.51
2024-08-17 14:49:03,BTCUSD_PERP,bid,58700,522.92
2024-08-17 14:49:03,BTCUSD_PERP,bid,58700,581.1
2024-08-17 14:51:18,BTCUSD_PERP,bid,58700,522.67
2024-08-17 14:51:18,BTCUSD_PERP,bid,58700,580.81
2024-08-17 14:57:56,BTCUSD_PERP,bid,58700,522.84
2024-08-17 14:57:56,BTCUSD_PERP,bid,58700,581.01
2024-08-17 14:58:20,BTCUSD_PERP,bid,58700,581.05
2024-08-17 15:01:53,BTCUSD_PERP,bid,58700,581.01
2024-08-17 15:02:07,BTCUSD_PERP,bid,58700,522.84
2024-08-17 15:02:08,BTCUSD_PERP,bid,58700,522.59
2024-08-17 15:03:57,BTCUSD_PERP,bid,58700,522.26
2024-08-17 15:03:57,BTCUSD_PERP,bid,58700,580.43
2024-08-17 15:05:31,BTCUSD_PERP,bid,58700,522.26
2024-08-17 15:05:32,BTCUSD_PERP,bid,58700,580.72
2024-08-17 15:12:42,BTCUSD_PERP,bid,58700,522.79
2024-08-17 15:15:04,BTCUSD_PERP,bid,47000,2459.31
2024-08-17 15:15:49,BTCUSD_PERP,bid,44000,1132.35
2024-08-17 15:16:27,BTCUSD_PERP,bid,44000,1131.75
2024-08-17 15:16:54,BTCUSD_PERP,bid,58600,521.44
2024-08-17 15:16:54,BTCUSD_PERP,bid,58600,637.6
2024-08-17 15:16:55,BTCUSD_PERP,bid,58600,695.09
2024-08-17 15:17:50,BTCUSD_PERP,bid,58600,579.03
2024-08-17 15:17:50,BTCUSD_PERP,bid,58600,520.95
2024-08-17 15:17:51,BTCUSD_PERP,bid,58700,579.32
2024-08-17 15:17:51,BTCUSD_PERP,bid,58700,637.44
2024-08-17 15:17:51,BTCUSD_PERP,bid,58700,695.56
2024-08-17 15:34:11,BTCUSD_PERP,bid,58700,637.44
2024-08-17 15:34:12,BTCUSD_PERP,bid,58700,521.2
2024-08-17 15:34:12,BTCUSD_PERP,bid,58700,522.06
2024-08-17 15:34:13,BTCUSD_PERP,bid,58700,580.21
2024-08-17 15:37:11,BTCUSD_PERP,bid,58700,522.66
2024-08-17 15:37:13,BTCUSD_PERP,bid,58700,579.3
2024-08-17 15:37:13,BTCUSD_PERP,bid,58700,637.42
2024-08-17 15:37:13,BTCUSD_PERP,bid,58700,695.54
2024-08-17 15:39:10,BTCUSD_PERP,bid,58700,637.42
2024-08-17 15:39:10,BTCUSD_PERP,bid,58700,579.9
2024-08-17 15:43:28,BTCUSD_PERP,ask,60000,512.68
2024-08-17 15:43:36,BTCUSD_PERP,ask,60000,523.46
2024-08-17 15:43:36,BTCUSD_PERP,ask,60000,533.05
2024-08-17 15:43:39,BTCUSD_PERP,ask,60000,541.43
2024-08-17 15:43:40,BTCUSD_PERP,ask,60000,552.22
2024-08-17 15:43:44,BTCUSD_PERP,ask,60000,561.81
2024-08-17 15:43:46,BTCUSD_PERP,ask,60000,572.59
2024-08-17 15:43:48,BTCUSD_PERP,ask,60000,582.18
2024-08-17 15:43:48,BTCUSD_PERP,ask,60000,572.59
2024-08-17 15:43:48,BTCUSD_PERP,ask,60000,580.38
2024-08-17 15:43:50,BTCUSD_PERP,ask,60000,589.97
2024-08-17 15:43:53,BTCUSD_PERP,ask,60000,579.19
2024-08-17 15:43:53,BTCUSD_PERP,ask,60000,589.97
2024-08-17 15:43:54,BTCUSD_PERP,ask,60000,597.76
2024-08-17 15:43:55,BTCUSD_PERP,ask,60000,608.55
2024-08-17 15:44:01,BTCUSD_PERP,ask,60000,598.96
2024-08-17 15:44:02,BTCUSD_PERP,ask,60000,589.38
2024-08-17 15:44:02,BTCUSD_PERP,ask,60000,607.35
2024-08-17 15:44:02,BTCUSD_PERP,ask,60000,616.93
2024-08-17 15:44:05,BTCUSD_PERP,ask,60000,607.34
2024-08-17 15:44:05,BTCUSD_PERP,ask,60000,616.93
2024-08-17 15:44:05,BTCUSD_PERP,ask,60000,626.52
2024-08-17 15:44:18,BTCUSD_PERP,ask,60000,616.63
2024-08-17 15:44:18,BTCUSD_PERP,ask,60000,626.52
2024-08-17 15:44:21,BTCUSD_PERP,ask,60000,616.93
2024-08-17 15:44:21,BTCUSD_PERP,ask,60000,626.52
2024-08-17 15:44:21,BTCUSD_PERP,ask,60000,617.23
2024-08-17 15:44:22,BTCUSD_PERP,ask,60000,626.52
2024-08-17 15:44:27,BTCUSD_PERP,ask,60000,616.93
2024-08-17 15:44:27,BTCUSD_PERP,ask,60000,626.52
2024-08-17 15:44:28,BTCUSD_PERP,ask,60000,607.34
2024-08-17 15:44:28,BTCUSD_PERP,ask,60000,626.52
2024-08-17 15:44:36,BTCUSD_PERP,ask,60000,615.74
2024-08-17 15:44:36,BTCUSD_PERP,ask,60000,626.52
2024-08-17 15:44:37,BTCUSD_PERP,ask,60000,616.93
2024-08-17 15:44:37,BTCUSD_PERP,ask,60000,626.52
2024-08-17 15:44:38,BTCUSD_PERP,ask,60000,618.13
2024-08-17 15:44:38,BTCUSD_PERP,ask,60000,626.52
2024-08-17 15:44:40,BTCUSD_PERP,ask,60000,615.73
2024-08-17 15:44:41,BTCUSD_PERP,ask,60000,626.52
2024-08-17 15:44:43,BTCUSD_PERP,ask,60000,618.74
2024-08-17 15:44:43,BTCUSD_PERP,ask,60000,626.52
2024-08-17 15:44:48,BTCUSD_PERP,ask,60000,616.93
2024-08-17 15:44:50,BTCUSD_PERP,ask,60000,606.14
2024-08-17 15:44:50,BTCUSD_PERP,ask,60000,616.93
2024-08-17 15:44:50,BTCUSD_PERP,ask,60000,626.52
2024-08-17 15:44:50,BTCUSD_PERP,ask,60000,616.93
2024-08-17 15:44:52,BTCUSD_PERP,ask,60000,626.52
2024-08-17 15:44:53,BTCUSD_PERP,ask,60000,615.74
2024-08-17 15:44:53,BTCUSD_PERP,ask,60000,626.52
2024-08-17 15:45:02,BTCUSD_PERP,ask,60000,616.93
2024-08-17 15:45:02,BTCUSD_PERP,ask,60000,607.35
2024-08-17 15:45:05,BTCUSD_PERP,ask,60000,597.76
2024-08-17 15:45:05,BTCUSD_PERP,bid,58700,521.89
2024-08-17 15:45:06,BTCUSD_PERP,ask,60000,586.98
2024-08-17 15:45:15,BTCUSD_PERP,ask,60000,577.39
2024-08-17 15:45:16,BTCUSD_PERP,ask,60000,569.01
2024-08-17 15:45:21,BTCUSD_PERP,ask,60000,559.42
2024-08-17 15:45:22,BTCUSD_PERP,ask,60000,550.13
2024-08-17 15:45:24,BTCUSD_PERP,ask,60000,539.35
2024-08-17 15:45:27,BTCUSD_PERP,ask,60000,529.76
2024-08-17 15:45:28,BTCUSD_PERP,ask,60000,520.17
2024-08-17 15:45:29,BTCUSD_PERP,ask,60000,512.38
2024-08-17 15:45:29,BTCUSD_PERP,ask,60000,502.79
2024-08-17 15:52:31,BTCUSD_PERP,bid,58700,522.33
2024-08-17 15:52:31,BTCUSD_PERP,bid,58700,580.51
2024-08-17 15:52:31,BTCUSD_PERP,bid,58700,696.28
2024-08-17 15:52:32,BTCUSD_PERP,bid,58700,812.05
2024-08-17 16:05:31,BTCUSD_PERP,bid,58700,753.87
2024-08-17 16:05:31,BTCUSD_PERP,bid,58700,638.11
2024-08-17 16:05:31,BTCUSD_PERP,bid,58700,579.93
2024-08-17 16:05:31,BTCUSD_PERP,bid,58700,522.34
2024-08-17 16:05:32,BTCUSD_PERP,bid,58800,580.81
2024-08-17 16:05:32,BTCUSD_PERP,bid,58800,639.02
2024-08-17 16:05:32,BTCUSD_PERP,bid,58800,697.23
2024-08-17 16:05:33,BTCUSD_PERP,bid,58800,754.85
2024-08-17 16:05:33,BTCUSD_PERP,bid,58800,812.47
2024-08-17 16:10:07,BTCUSD_PERP,bid,58700,637.99
2024-08-17 16:19:22,BTCUSD_PERP,bid,58700,580.41
2024-08-17 16:19:22,BTCUSD_PERP,bid,58700,522.24
2024-08-17 16:19:24,BTCUSD_PERP,bid,58700,521.93
2024-08-17 16:19:24,BTCUSD_PERP,bid,58700,638.33
2024-08-17 16:19:24,BTCUSD_PERP,bid,58700,696.53
2024-08-17 16:24:05,BTCUSD_PERP,bid,58700,638.92
2024-08-17 16:24:08,BTCUSD_PERP,bid,58800,696.29
2024-08-17 16:24:08,BTCUSD_PERP,bid,58800,754.52
2024-08-17 16:24:08,BTCUSD_PERP,bid,58800,812.75
2024-08-17 16:26:14,BTCUSD_PERP,bid,58800,754.52
2024-08-17 16:26:14,BTCUSD_PERP,bid,58800,696.88
2024-08-17 16:26:14,BTCUSD_PERP,bid,58800,638.65
2024-08-17 16:26:14,BTCUSD_PERP,bid,58800,580.42
2024-08-17 16:26:14,BTCUSD_PERP,bid,58800,522.29
2024-08-17 16:26:14,BTCUSD_PERP,bid,58800,521.88
2024-08-17 16:26:15,BTCUSD_PERP,bid,58800,580.14
2024-08-17 16:26:15,BTCUSD_PERP,bid,58800,696.07
2024-08-17 16:26:15,BTCUSD_PERP,bid,58800,869.67
2024-08-17 16:26:15,BTCUSD_PERP,bid,58800,927.93
2024-08-17 16:26:15,BTCUSD_PERP,bid,58800,986.19
2024-08-17 16:26:15,BTCUSD_PERP,bid,58800,1102.16
2024-08-17 16:26:15,BTCUSD_PERP,bid,58800,1160.42
2024-08-17 16:26:17,BTCUSD_PERP,bid,58800,1160.46
2024-08-17 16:29:45,BTCUSD_PERP,bid,58800,1160.42
2024-08-17 16:29:48,BTCUSD_PERP,bid,58800,1160.38
2024-08-17 16:30:17,BTCUSD_PERP,bid,55000,749.49
2024-08-17 16:31:49,BTCUSD_PERP,bid,58800,1043.86
2024-08-17 16:31:49,BTCUSD_PERP,bid,58800,986.19
2024-08-17 16:31:49,BTCUSD_PERP,bid,58800,870.26
2024-08-17 16:31:49,BTCUSD_PERP,bid,58800,812.0
2024-08-17 16:31:50,BTCUSD_PERP,bid,58800,695.48
2024-08-17 16:31:50,BTCUSD_PERP,bid,58800,637.81
2024-08-17 16:31:50,BTCUSD_PERP,bid,58800,579.65
2024-08-17 16:31:50,BTCUSD_PERP,bid,58800,521.98
2024-08-17 16:31:51,BTCUSD_PERP,bid,58900,522.43
2024-08-17 16:36:43,BTCUSD_PERP,bid,58900,532.47
2024-08-17 16:36:47,BTCUSD_PERP,bid,58900,532.51
2024-08-17 16:36:48,BTCUSD_PERP,bid,58900,532.55
2024-08-17 16:37:37,BTCUSD_PERP,bid,58900,523.45
2024-08-17 16:40:35,BTCUSD_PERP,bid,58900,523.17
2024-08-17 16:41:14,BTCUSD_PERP,bid,58900,522.49
2024-08-17 16:41:14,BTCUSD_PERP,bid,58900,580.71
2024-08-17 16:44:00,BTCUSD_PERP,bid,58800,522.12
2024-08-17 16:44:00,BTCUSD_PERP,bid,58800,580.41
2024-08-17 16:44:33,BTCUSD_PERP,ask,60000,501.08
2024-08-17 16:44:45,BTCUSD_PERP,ask,60000,510.97
2024-08-17 16:44:47,BTCUSD_PERP,ask,60000,520.56
2024-08-17 16:44:47,BTCUSD_PERP,ask,60000,526.55
2024-08-17 16:44:49,BTCUSD_PERP,ask,60000,532.54
2024-08-17 16:44:52,BTCUSD_PERP,ask,60000,542.13
2024-08-17 16:45:06,BTCUSD_PERP,ask,60000,532.54
2024-08-17 16:45:11,BTCUSD_PERP,ask,60000,522.95
2024-08-17 16:45:16,BTCUSD_PERP,ask,60000,513.36
2024-08-17 16:45:22,BTCUSD_PERP,bid,58800,533.6
2024-08-17 16:45:22,BTCUSD_PERP,bid,58800,591.86
2024-08-17 16:45:22,BTCUSD_PERP,ask,60000,503.77
2024-08-17 16:45:41,BTCUSD_PERP,bid,58800,533.6
2024-08-17 16:45:42,BTCUSD_PERP,bid,58800,521.58
2024-08-17 16:45:42,BTCUSD_PERP,bid,58800,579.81
2024-08-17 16:46:24,BTCUSD_PERP,bid,58800,521.58
2024-08-17 16:46:25,BTCUSD_PERP,bid,58700,521.34
2024-08-17 16:47:27,BTCUSD_PERP,bid,58700,521.07
2024-08-17 16:51:03,BTCUSD_PERP,bid,58700,521.76
2024-08-17 16:51:03,BTCUSD_PERP,bid,58700,695.68
2024-08-17 16:51:03,BTCUSD_PERP,bid,58700,753.75
2024-08-17 16:51:04,BTCUSD_PERP,bid,58700,811.33
2024-08-17 16:51:04,BTCUSD_PERP,bid,58700,868.91
2024-08-17 16:51:37,BTCUSD_PERP,bid,58700,752.18
2024-08-17 16:51:37,BTCUSD_PERP,bid,58700,810.32
2024-08-17 16:51:50,BTCUSD_PERP,bid,58700,752.77
2024-08-17 16:51:50,BTCUSD_PERP,bid,58700,695.22
2024-08-17 16:51:50,BTCUSD_PERP,bid,58700,579.53
2024-08-17 16:51:50,BTCUSD_PERP,bid,58700,521.49
2024-08-17 16:51:50,BTCUSD_PERP,bid,58700,521.07
2024-08-17 16:51:50,BTCUSD_PERP,bid,58700,578.65
2024-08-17 16:51:50,BTCUSD_PERP,bid,58700,636.23
2024-08-17 16:51:51,BTCUSD_PERP,bid,58700,694.4
2024-08-17 16:51:51,BTCUSD_PERP,bid,58700,751.98
2024-08-17 16:51:51,BTCUSD_PERP,bid,58700,810.15
2024-08-17 16:51:52,BTCUSD_PERP,bid,58700,868.32
2024-08-17 16:52:43,BTCUSD_PERP,bid,58700,752.57
2024-08-17 16:52:43,BTCUSD_PERP,bid,58700,694.4
2024-08-17 16:52:43,BTCUSD_PERP,bid,58700,636.82
2024-08-17 16:52:44,BTCUSD_PERP,bid,58700,579.24
2024-08-17 16:52:44,BTCUSD_PERP,bid,58700,521.66
2024-08-17 16:52:44,BTCUSD_PERP,bid,58700,579.54
2024-08-17 16:52:44,BTCUSD_PERP,bid,58700,752.96
2024-08-17 16:52:44,BTCUSD_PERP,bid,58700,810.57
2024-08-17 16:52:45,BTCUSD_PERP,bid,58700,868.77
2024-08-17 16:59:19,BTCUSD_PERP,bid,58700,752.37
2024-08-17 17:01:04,BTCUSD_PERP,bid,58800,753.71
2024-08-17 17:01:05,BTCUSD_PERP,bid,58800,811.97
2024-08-17 17:01:20,BTCUSD_PERP,bid,58800,812.01
2024-08-17 17:01:21,BTCUSD_PERP,bid,58800,812.05
2024-08-17 17:02:00,BTCUSD_PERP,bid,58800,753.79
2024-08-17 17:02:00,BTCUSD_PERP,bid,58800,696.12
2024-08-17 17:02:00,BTCUSD_PERP,bid,58800,580.3
2024-08-17 17:02:00,BTCUSD_PERP,bid,58800,522.04
2024-08-17 17:02:01,BTCUSD_PERP,bid,58800,522.27
2024-08-17 17:03:33,BTCUSD_PERP,bid,58700,521.94
2024-08-17 17:06:12,BTCUSD_PERP,bid,55000,743.09
2024-08-17 17:09:07,BTCUSD_PERP,bid,58700,521.67
2024-08-17 17:09:29,BTCUSD_PERP,bid,58700,521.4
2024-08-17 17:09:35,BTCUSD_PERP,bid,58700,523.51
2024-08-17 17:09:35,BTCUSD_PERP,bid,58700,537.58
2024-08-17 17:09:35,BTCUSD_PERP,bid,58700,538.81
2024-08-17 17:11:36,BTCUSD_PERP,bid,58700,523.51
2024-08-17 17:11:36,BTCUSD_PERP,bid,58700,521.4
2024-08-17 17:17:48,BTCUSD_PERP,bid,58600,521.13
2024-08-17 17:22:05,BTCUSD_PERP,bid,58700,520.6
2024-08-17 17:22:05,BTCUSD_PERP,bid,58700,578.71
2024-08-17 17:22:05,BTCUSD_PERP,bid,58700,694.24
2024-08-17 17:22:05,BTCUSD_PERP,bid,58700,751.76
2024-08-17 17:22:06,BTCUSD_PERP,bid,58700,809.87
2024-08-17 17:22:06,BTCUSD_PERP,bid,58700,867.98
2024-08-17 17:22:06,BTCUSD_PERP,bid,58700,926.09
2024-08-17 17:22:10,BTCUSD_PERP,bid,58700,926.13
2024-08-17 17:24:17,BTCUSD_PERP,bid,58700,520.54
2024-08-17 17:24:17,BTCUSD_PERP,bid,58600,925.58
2024-08-17 17:25:34,BTCUSD_PERP,bid,58600,868.1
2024-08-17 17:25:34,BTCUSD_PERP,bid,58600,810.02
2024-08-17 17:25:34,BTCUSD_PERP,bid,58600,751.94
2024-08-17 17:25:34,BTCUSD_PERP,bid,58600,578.3
2024-08-17 17:25:34,BTCUSD_PERP,bid,58600,520.22
2024-08-17 17:25:35,BTCUSD_PERP,bid,58600,636.23
2024-08-17 17:25:35,BTCUSD_PERP,bid,58600,694.24
2024-08-17 17:25:35,BTCUSD_PERP,bid,58600,867.97
2024-08-17 17:32:01,BTCUSD_PERP,bid,58700,579.41
2024-08-17 17:32:02,BTCUSD_PERP,bid,58700,636.93
2024-08-17 17:32:02,BTCUSD_PERP,bid,58700,752.57
2024-08-17 17:32:02,BTCUSD_PERP,bid,58700,810.59
2024-08-17 17:33:48,BTCUSD_PERP,bid,58700,752.47
2024-08-17 17:33:48,BTCUSD_PERP,bid,58700,521.78
2024-08-17 17:33:48,BTCUSD_PERP,bid,58600,751.96
2024-08-17 17:33:48,BTCUSD_PERP,bid,58600,810.04
2024-08-17 17:33:49,BTCUSD_PERP,bid,58600,867.54
2024-08-17 17:35:08,BTCUSD_PERP,bid,58600,810.04
2024-08-17 17:35:08,BTCUSD_PERP,bid,58600,578.42
2024-08-17 17:35:08,BTCUSD_PERP,bid,58600,520.34
2024-08-17 17:35:09,BTCUSD_PERP,bid,58700,578.72
2024-08-17 17:35:09,BTCUSD_PERP,bid,58700,694.36
2024-08-17 17:35:09,BTCUSD_PERP,bid,58700,752.48
2024-08-17 17:35:09,BTCUSD_PERP,bid,58700,810.01
2024-08-17 17:35:09,BTCUSD_PERP,bid,58700,868.13
2024-08-17 17:36:56,BTCUSD_PERP,bid,55000,744.19
2024-08-17 17:37:51,BTCUSD_PERP,bid,58700,810.01
2024-08-17 17:37:51,BTCUSD_PERP,bid,58700,752.48
2024-08-17 17:37:51,BTCUSD_PERP,bid,58700,694.36
2024-08-17 17:37:51,BTCUSD_PERP,bid,58700,636.24
2024-08-17 17:37:51,BTCUSD_PERP,bid,58700,578.12
2024-08-17 17:37:51,BTCUSD_PERP,bid,58700,520.0
2024-08-17 17:37:52,BTCUSD_PERP,bid,58700,522.85
2024-08-17 17:37:52,BTCUSD_PERP,bid,58700,638.47
2024-08-17 17:37:52,BTCUSD_PERP,bid,58700,696.63
2024-08-17 17:37:52,BTCUSD_PERP,bid,58700,754.2
2024-08-17 17:37:53,BTCUSD_PERP,bid,58700,869.33
2024-08-17 17:37:53,BTCUSD_PERP,bid,58600,565.41
2024-08-17 17:37:53,BTCUSD_PERP,bid,58700,926.89
2024-08-17 17:39:35,BTCUSD_PERP,bid,58700,869.33
2024-08-17 17:39:36,BTCUSD_PERP,bid,58700,811.76
2024-08-17 17:39:36,BTCUSD_PERP,bid,58700,754.2
2024-08-17 17:39:36,BTCUSD_PERP,bid,58700,696.04
2024-08-17 17:39:36,BTCUSD_PERP,bid,58700,637.88
2024-08-17 17:39:36,BTCUSD_PERP,bid,58700,521.56
2024-08-17 17:39:37,BTCUSD_PERP,bid,58700,520.79
2024-08-17 17:39:37,BTCUSD_PERP,bid,58600,564.94
2024-08-17 17:39:37,BTCUSD_PERP,bid,58700,637.05
2024-08-17 17:39:37,BTCUSD_PERP,bid,58600,738.68
2024-08-17 17:39:37,BTCUSD_PERP,bid,58700,694.58
2024-08-17 17:39:37,BTCUSD_PERP,bid,58600,796.75
2024-08-17 17:39:37,BTCUSD_PERP,bid,58700,810.25
2024-08-17 17:39:37,BTCUSD_PERP,bid,58600,854.82
2024-08-17 17:39:37,BTCUSD_PERP,bid,58600,912.89
2024-08-17 17:39:37,BTCUSD_PERP,bid,58700,926.41
2024-08-17 17:39:38,BTCUSD_PERP,bid,58600,854.83
2024-08-17 17:39:38,BTCUSD_PERP,bid,58600,565.11
2024-08-17 17:40:54,BTCUSD_PERP,bid,58700,810.74
2024-08-17 17:40:55,BTCUSD_PERP,bid,58700,753.21
2024-08-17 17:40:55,BTCUSD_PERP,bid,58700,695.18
2024-08-17 17:40:55,BTCUSD_PERP,bid,58700,637.65
2024-08-17 17:40:55,BTCUSD_PERP,bid,58700,521.39
2024-08-17 17:40:56,BTCUSD_PERP,bid,58600,578.52
2024-08-17 17:40:56,BTCUSD_PERP,bid,58600,636.62
2024-08-17 17:40:56,BTCUSD_PERP,bid,58600,752.23
2024-08-17 17:40:56,BTCUSD_PERP,bid,58600,810.33
2024-08-17 17:40:56,BTCUSD_PERP,bid,58600,564.82
2024-08-17 17:40:56,BTCUSD_PERP,bid,58600,868.43
2024-08-17 17:40:56,BTCUSD_PERP,bid,58600,925.93
2024-08-17 17:47:44,BTCUSD_PERP,bid,58600,943.51
2024-08-17 17:47:51,BTCUSD_PERP,bid,58600,576.53
2024-08-17 17:52:44,BTCUSD_PERP,bid,58600,925.93
2024-08-17 17:52:52,BTCUSD_PERP,bid,58600,564.82
2024-08-17 17:53:43,BTCUSD_PERP,bid,58600,867.83
2024-08-17 17:53:43,BTCUSD_PERP,bid,58600,694.72
2024-08-17 17:53:43,BTCUSD_PERP,bid,58600,636.62
2024-08-17 17:53:43,BTCUSD_PERP,bid,58600,521.01
2024-08-17 17:53:43,BTCUSD_PERP,bid,58600,519.66
2024-08-17 17:53:43,BTCUSD_PERP,bid,58600,635.8
2024-08-17 17:53:44,BTCUSD_PERP,bid,58600,693.77
2024-08-17 17:53:44,BTCUSD_PERP,bid,58600,521.02
2024-08-17 17:53:44,BTCUSD_PERP,bid,58600,751.84
2024-08-17 17:53:44,BTCUSD_PERP,bid,58600,564.53
2024-08-17 17:53:44,BTCUSD_PERP,bid,58600,867.98
2024-08-17 17:53:44,BTCUSD_PERP,bid,58600,925.45
2024-08-17 17:53:48,BTCUSD_PERP,bid,58600,925.49
2024-08-17 17:53:55,BTCUSD_PERP,bid,58600,925.53
2024-08-17 17:57:08,BTCUSD_PERP,bid,58600,635.97
2024-08-17 17:57:10,BTCUSD_PERP,bid,58600,693.41
2024-08-17 17:58:56,BTCUSD_PERP,bid,58500,520.72
2024-08-17 17:58:56,BTCUSD_PERP,bid,58500,519.64
2024-08-17 17:59:17,BTCUSD_PERP,bid,58600,519.87
2024-08-17 17:59:18,BTCUSD_PERP,bid,58600,577.31
2024-08-17 17:59:18,BTCUSD_PERP,bid,58600,751.43
2024-08-17 17:59:18,BTCUSD_PERP,bid,58600,867.51
2024-08-17 17:59:18,BTCUSD_PERP,bid,58600,925.55
2024-08-17 17:59:18,BTCUSD_PERP,bid,58600,982.99
2024-08-17 18:02:38,BTCUSD_PERP,bid,58500,867.05
2024-08-17 18:02:38,BTCUSD_PERP,bid,58500,925.06
2024-08-17 18:03:05,BTCUSD_PERP,bid,58500,576.65
2024-08-17 18:03:05,BTCUSD_PERP,bid,58500,865.49
2024-08-17 18:03:05,BTCUSD_PERP,bid,58500,923.46
2024-08-17 18:03:20,BTCUSD_PERP,bid,55000,744.21
2024-08-17 18:04:33,BTCUSD_PERP,bid,58500,866.08
2024-08-17 18:04:33,BTCUSD_PERP,bid,58500,808.11
2024-08-17 18:04:34,BTCUSD_PERP,bid,58500,635.38
2024-08-17 18:04:34,BTCUSD_PERP,bid,58500,577.51
2024-08-17 18:04:34,BTCUSD_PERP,bid,58500,519.54
2024-08-17 18:04:34,BTCUSD_PERP,bid,58500,519.54
2024-08-17 18:04:34,BTCUSD_PERP,bid,58500,576.95
2024-08-17 18:04:35,BTCUSD_PERP,bid,58500,634.95
2024-08-17 18:04:35,BTCUSD_PERP,bid,58500,692.95
2024-08-17 18:04:35,BTCUSD_PERP,bid,58500,750.95
2024-08-17 18:04:35,BTCUSD_PERP,bid,58500,808.95
2024-08-17 18:04:35,BTCUSD_PERP,bid,58500,866.36
2024-08-17 18:04:35,BTCUSD_PERP,bid,58500,924.36
2024-08-17 18:04:35,BTCUSD_PERP,bid,58500,981.77
2024-08-17 18:04:47,BTCUSD_PERP,bid,58500,923.77
2024-08-17 18:04:47,BTCUSD_PERP,bid,58500,865.77
2024-08-17 18:04:48,BTCUSD_PERP,bid,58500,807.77
2024-08-17 18:04:48,BTCUSD_PERP,bid,58500,691.77
2024-08-17 18:04:48,BTCUSD_PERP,bid,58500,519.05
2024-08-17 18:04:48,BTCUSD_PERP,bid,58600,692.73
2024-08-17 18:04:49,BTCUSD_PERP,bid,58600,808.79
2024-08-17 18:04:49,BTCUSD_PERP,bid,58600,924.85
2024-08-17 18:04:49,BTCUSD_PERP,bid,58600,982.88
2024-08-17 18:04:49,BTCUSD_PERP,bid,58600,1097.76
2024-08-17 18:05:22,BTCUSD_PERP,bid,58600,1039.73
2024-08-17 18:05:22,BTCUSD_PERP,bid,58600,981.7
2024-08-17 18:05:22,BTCUSD_PERP,bid,58600,924.26
2024-08-17 18:05:23,BTCUSD_PERP,bid,58600,750.85
2024-08-17 18:05:23,BTCUSD_PERP,bid,58600,635.38
2024-08-17 18:05:23,BTCUSD_PERP,bid,58600,520.5
2024-08-17 18:05:23,BTCUSD_PERP,bid,58600,577.55
2024-08-17 18:05:23,BTCUSD_PERP,bid,58600,693.67
2024-08-17 18:05:23,BTCUSD_PERP,bid,58600,751.14
2024-08-17 18:05:23,BTCUSD_PERP,bid,58600,867.26
2024-08-17 18:05:24,BTCUSD_PERP,bid,58600,924.73
2024-08-17 18:05:24,BTCUSD_PERP,bid,58600,982.79
2024-08-17 18:05:24,BTCUSD_PERP,bid,58500,564.51
2024-08-17 18:05:24,BTCUSD_PERP,bid,58600,1098.91
2024-08-17 18:05:24,BTCUSD_PERP,bid,58600,1156.38
2024-08-17 18:05:26,BTCUSD_PERP,bid,58600,1157.61
2024-08-17 18:05:29,BTCUSD_PERP,bid,58600,1159.71
2024-08-17 18:05:30,BTCUSD_PERP,bid,58600,1173.76
2024-08-17 18:05:45,BTCUSD_PERP,bid,58600,1115.7
2024-08-17 18:07:27,BTCUSD_PERP,bid,58600,1114.47
2024-08-17 18:07:30,BTCUSD_PERP,bid,58600,1112.37
2024-08-17 18:07:31,BTCUSD_PERP,bid,58600,1098.32
2024-08-17 18:16:24,BTCUSD_PERP,bid,58600,1107.1
2024-08-17 18:21:25,BTCUSD_PERP,bid,58600,1098.32
2024-08-17 18:22:03,BTCUSD_PERP,bid,58600,1040.85
2024-08-17 18:22:03,BTCUSD_PERP,bid,58600,983.38
2024-08-17 18:22:03,BTCUSD_PERP,bid,58600,925.91
2024-08-17 18:22:03,BTCUSD_PERP,bid,58600,868.44
2024-08-17 18:22:04,BTCUSD_PERP,bid,58600,810.97
2024-08-17 18:22:04,BTCUSD_PERP,bid,58600,753.5
2024-08-17 18:22:04,BTCUSD_PERP,bid,58600,696.03
2024-08-17 18:22:05,BTCUSD_PERP,bid,58600,638.56
2024-08-17 18:28:03,BTCUSD_PERP,bid,58600,580.5
2024-08-17 18:32:28,BTCUSD_PERP,bid,58600,584.61
2024-08-17 18:34:44,BTCUSD_PERP,bid,58600,580.5
2024-08-17 18:43:00,BTCUSD_PERP,bid,58600,533.8
2024-08-17 18:43:01,BTCUSD_PERP,bid,58600,591.73
2024-08-17 18:43:01,BTCUSD_PERP,bid,58500,564.15
2024-08-17 18:45:21,BTCUSD_PERP,bid,42000,1063.66
2024-08-17 18:45:21,BTCUSD_PERP,bid,44000,1133.5
2024-08-17 18:45:51,BTCUSD_PERP,bid,42000,1061.91
2024-08-17 18:45:51,BTCUSD_PERP,bid,44000,1131.75
2024-08-17 18:46:03,BTCUSD_PERP,bid,58600,522.26
2024-08-17 18:46:03,BTCUSD_PERP,bid,58600,522.3
2024-08-17 18:46:15,BTCUSD_PERP,bid,58600,522.34
2024-08-17 18:46:17,BTCUSD_PERP,bid,58600,522.38
2024-08-17 18:46:22,BTCUSD_PERP,ask,59700,518.98
2024-08-17 18:46:24,BTCUSD_PERP,ask,59700,528.53
2024-08-17 18:46:26,BTCUSD_PERP,ask,59700,538.08
2024-08-17 18:46:32,BTCUSD_PERP,ask,59700,547.63
2024-08-17 18:46:40,BTCUSD_PERP,ask,59700,557.18
2024-08-17 18:46:45,BTCUSD_PERP,ask,59700,563.14
2024-08-17 18:46:45,BTCUSD_PERP,ask,59700,572.99
2024-08-17 18:46:47,BTCUSD_PERP,ask,59700,592.69
2024-08-17 18:46:54,BTCUSD_PERP,ask,59700,598.65
2024-08-17 18:46:59,BTCUSD_PERP,ask,59700,608.2
2024-08-17 18:47:00,BTCUSD_PERP,ask,59700,617.75
2024-08-17 18:47:03,BTCUSD_PERP,ask,59700,608.2
2024-08-17 18:47:04,BTCUSD_PERP,ask,59700,617.75
2024-08-17 18:47:04,BTCUSD_PERP,ask,59700,608.2
2024-08-17 18:47:04,BTCUSD_PERP,ask,59700,598.65
2024-08-17 18:47:06,BTCUSD_PERP,ask,59700,592.68
2024-08-17 18:47:06,BTCUSD_PERP,ask,59700,583.43
2024-08-17 18:47:09,BTCUSD_PERP,ask,59700,577.46
2024-08-17 18:47:13,BTCUSD_PERP,ask,59700,567.91
2024-08-17 18:47:18,BTCUSD_PERP,ask,59700,561.94
2024-08-17 18:47:25,BTCUSD_PERP,ask,59700,552.39
2024-08-17 18:47:26,BTCUSD_PERP,ask,59700,542.84
2024-08-17 18:47:32,BTCUSD_PERP,ask,59700,533.29
2024-08-17 18:47:40,BTCUSD_PERP,ask,59700,523.74
2024-08-17 18:47:54,BTCUSD_PERP,ask,59700,504.04
2024-08-17 18:48:30,BTCUSD_PERP,bid,58600,517.76
2024-08-17 18:49:35,BTCUSD_PERP,bid,58600,522.34
2024-08-17 18:54:27,BTCUSD_PERP,bid,42000,1061.97
2024-08-17 18:54:27,BTCUSD_PERP,bid,44000,1131.81
2024-08-17 19:11:33,BTCUSD_PERP,ask,59700,504.37
2024-08-17 19:11:37,BTCUSD_PERP,ask,59700,524.08
2024-08-17 19:11:39,BTCUSD_PERP,ask,59700,533.63
2024-08-17 19:11:40,BTCUSD_PERP,ask,59700,539.6
2024-08-17 19:11:40,BTCUSD_PERP,ask,59700,549.15
2024-08-17 19:11:49,BTCUSD_PERP,ask,59700,539.6
2024-08-17 19:11:56,BTCUSD_PERP,ask,59700,530.05
2024-08-17 19:12:03,BTCUSD_PERP,ask,59700,520.5
2024-08-17 19:12:13,BTCUSD_PERP,ask,59700,510.95
