1726902499672,ETHUSDT,bid,2510,5711.808
1726902520049,ETHUSDT,bid,2420,4251.825
1726902520049,ETHUSDT,bid,2500,5624.966
1726902520049,ETHUSDT,bid,2510,9352.468
1726902520049,ETHUSDT,bid,2510,5711.943
1726902568637,ETHUSDT,bid,2490,4170.605
1726902649047,ETHUSDT,bid,2500,5653.708
1726902651450,ETHUSDT,bid,2510,9356.446
1726902711545,ETHUSDT,bid,2510,9352.468
1726902764285,ETHUSDT,bid,2500,5652.335
1726902811634,ETHUSDT,bid,2500,5649.872
1726902963073,ETHUSDT,bid,2510,9352.269
1726902988066,ETHUSDT,bid,2510,9351.769
1726903013876,ETHUSDT,bid,2500,5649.912
1726903039951,ETHUSDT,bid,2510,9346.769
1726903084551,ETHUSDT,bid,2500,5654.412
1726903124269,ETHUSDT,bid,2510,5711.893
1726903141446,ETHUSDT,bid,2510,9347.199
1726903266027,ETHUSDT,bid,2500,5655.763
1726903462546,ETHUSDT,bid,2510,9347.271
1726903559583,ETHUSDT,bid,2510,9347.268
1726903576032,ETHUSDT,bid,2510,9347.27
1726903676629,ETHUSDT,bid,2510,9347.278
1726903754071,ETHUSDT,bid,2510,9337.318
1726903755007,ETHUSDT,bid,2500,5656.099
1726903766191,ETHUSDT,bid,2500,5655.763
1726903799872,ETHUSDT,bid,2510,9337.246
1726903800281,ETHUSDT,bid,2500,5651.263
1726903850439,ETHUSDT,bid,2500,5653.763
1726903869971,ETHUSDT,bid,2510,9337.206
1726903874771,ETHUSDT,bid,2500,5655.759
1726903934721,ETHUSDT,bid,2500,5656.557
1726904038575,ETHUSDT,bid,2510,9345.165
1726904047272,ETHUSDT,bid,2510,5716.893
1726904072701,ETHUSDT,bid,2490,4130.194
1726904109083,ETHUSDT,bid,2510,9345.231
1726904123903,ETHUSDT,bid,2510,5717.193
1726904148804,ETHUSDT,bid,2510,9337.272
1726904318175,ETHUSDT,bid,2510,5716.193
1726904338424,ETHUSDT,bid,2510,9337.264
1726904355243,ETHUSDT,bid,2500,5653.563
1726904410428,ETHUSDT,bid,2500,5660.748
1726904496750,ETHUSDT,bid,2510,5715.907
1726904515300,ETHUSDT,bid,2510,5716.336
1726904607712,ETHUSDT,bid,2500,5654.358
1726904676881,ETHUSDT,bid,2420,4251.805
1726904700067,ETHUSDT,bid,2490,4130.185
1726904731540,ETHUSDT,bid,2510,9338.824
1726904741435,ETHUSDT,bid,2510,5714.348
1726904742675,ETHUSDT,bid,2490,4130.176
1726904820653,ETHUSDT,bid,2490,4134.455
1726904832217,ETHUSDT,bid,2510,9338.808
1726904869632,ETHUSDT,bid,2460,4189.368
1726904912304,ETHUSDT,bid,2510,9338.821
1726904912831,ETHUSDT,bid,2510,9336.033
1726904944221,ETHUSDT,bid,2500,5654.122
1726904996676,ETHUSDT,bid,2510,9336.02
1726905050983,ETHUSDT,bid,2500,5656.122
1726905101728,ETHUSDT,bid,2510,5713.348
1726905120207,ETHUSDT,bid,2510,5712.919
1726905195702,ETHUSDT,bid,2500,5655.922
1726905236659,ETHUSDT,bid,2510,9335.92
1726905287817,ETHUSDT,bid,2510,9335.67
1726905309205,ETHUSDT,bid,2510,5712.942
1726905324031,ETHUSDT,bid,2510,9336.671
1726905372705,ETHUSDT,bid,2490,4133.455
1726905411173,ETHUSDT,bid,2500,5675.922
1726905422411,ETHUSDT,bid,2500,5675.942
1726905506526,ETHUSDT,bid,2460,4189.395
1726905545228,ETHUSDT,bid,2510,5713.14
1726905552797,ETHUSDT,bid,2500,5680.807
1726905557051,ETHUSDT,bid,2500,5679.61
1726905572958,ETHUSDT,bid,2510,9336.686
1726905580353,ETHUSDT,bid,2500,5674.745
1726905587884,ETHUSDT,bid,2460,4189.413
1726905603582,ETHUSDT,bid,2510,5707.225
1726905638164,ETHUSDT,bid,2500,5679.367
1726905707562,ETHUSDT,bid,2510,9336.694
1726905733638,ETHUSDT,bid,2500,5678.016
1726905770803,ETHUSDT,bid,2500,5676.016
1726905886905,ETHUSDT,bid,2510,9336.717
1726905893726,ETHUSDT,bid,2500,5676.039
1726906109783,ETHUSDT,bid,2500,5674.039
1726906202646,ETHUSDT,bid,2490,4133.464
1726906258240,ETHUSDT,bid,2510,9336.741
1726906271031,ETHUSDT,bid,2510,5706.225
1726906271653,ETHUSDT,bid,2510,9335.741
1726906272704,ETHUSDT,bid,2500,5673.039
1726906363158,ETHUSDT,bid,2510,9331.856
1726906424971,ETHUSDT,bid,2510,5705.775
1726906435149,ETHUSDT,bid,2490,4136.464
1726906445579,ETHUSDT,bid,2490,4133.464
1726906491229,ETHUSDT,bid,2510,9332.106
1726906515617,ETHUSDT,bid,2500,5683.039
1726906520406,ETHUSDT,bid,2510,9331.856
1726906551290,ETHUSDT,bid,2510,9331.956
1726906589487,ETHUSDT,bid,2510,5707.758
1726906590203,ETHUSDT,bid,2510,5705.775
1726906622311,ETHUSDT,bid,2510,5706.172
1726906630730,ETHUSDT,bid,2510,5712.502
1726906675973,ETHUSDT,bid,2510,9331.89
1726906684141,ETHUSDT,bid,2510,9339.89
1726906695223,ETHUSDT,bid,2490,4133.864
1726906709208,ETHUSDT,bid,2510,9334.993
1726906710003,ETHUSDT,bid,2510,4334.993
1726906710105,ETHUSDT,bid,2430,4122.955
1726906741104,ETHUSDT,bid,2510,4374.812
1726906741204,ETHUSDT,bid,2510,4383.049
1726906741418,ETHUSDT,bid,2510,4385.006
1726906742264,ETHUSDT,bid,2510,4405.712
1726906776962,ETHUSDT,bid,2460,4189.792
1726906800330,ETHUSDT,bid,2510,4399.581
1726906800635,ETHUSDT,bid,2510,4397.475
1726906800835,ETHUSDT,bid,2510,4395.518
1726906829059,ETHUSDT,bid,2490,4132.799
1726906860465,ETHUSDT,bid,2510,4374.812
1726906862227,ETHUSDT,bid,2510,4334.993
1726906931047,ETHUSDT,bid,2510,4335.126
1726906982609,ETHUSDT,bid,2490,4117.271
1726907275823,ETHUSDT,bid,2510,4334.523
1726907351415,ETHUSDT,bid,2510,4334.613
1726907503406,ETHUSDT,bid,2510,4334.633
1726907664505,ETHUSDT,bid,2430,4122.913
1726907778873,ETHUSDT,bid,2510,4335.633
1726907852301,ETHUSDT,bid,2460,4189.927
1726908320553,ETHUSDT,bid,2510,4332.633
1726908411908,ETHUSDT,bid,2490,4135.276
1726908531935,ETHUSDT,bid,2420,4251.908
1726908560244,ETHUSDT,bid,2220,4588.218
1726908567395,ETHUSDT,bid,2220,4587.893
1726908578666,ETHUSDT,bid,2490,4136.268
1726908643842,ETHUSDT,bid,2510,4385.005
1726908674760,ETHUSDT,bid,2490,4118.263
1726908760351,ETHUSDT,bid,2510,4387.005
1726908814965,ETHUSDT,bid,2510,4377.005
1726908964775,ETHUSDT,bid,2510,4425.913
1726909060042,ETHUSDT,bid,2510,4443.814
1726909070806,ETHUSDT,bid,2510,4461.715
1726909170239,ETHUSDT,bid,2510,4462.649
1726909173471,ETHUSDT,bid,2510,4562.649
1726909207704,ETHUSDT,bid,2510,4513.741
1726909322586,ETHUSDT,bid,2510,4495.84
1726909328742,ETHUSDT,bid,2510,4477.939
1726909371976,ETHUSDT,bid,2420,4252.008
1726909372681,ETHUSDT,bid,2490,4117.271
1726909655576,ETHUSDT,bid,2510,4487.939
1726909780996,ETHUSDT,bid,2490,4160.54
1726909822044,ETHUSDT,bid,2490,4117.271
1726909862352,ETHUSDT,bid,2430,4122.928
1726909946940,ETHUSDT,bid,2510,4488.039
1726909948598,ETHUSDT,bid,2490,4196.271
1726909948700,ETHUSDT,bid,2490,4117.271
1726910040770,ETHUSDT,bid,2510,4488.049
1726910096162,ETHUSDT,bid,2490,4120.271
1726910337290,ETHUSDT,bid,2490,4120.191
1726910403047,ETHUSDT,bid,2460,4190.927
1726910424594,ETHUSDT,bid,1710,5868.983
1726910424594,ETHUSDT,bid,1780,5728.172
1726910424594,ETHUSDT,bid,1950,5480.695
1726910481648,ETHUSDT,bid,2220,4587.872
1726910604752,ETHUSDT,bid,2510,4487.096
1726910682335,ETHUSDT,bid,2490,4138.196
1726910684833,ETHUSDT,bid,2490,4156.201
1726910686079,ETHUSDT,bid,2510,4471.055
1726910797092,ETHUSDT,bid,2510,4471.154
1726910938052,ETHUSDT,bid,2490,4138.196
1726910944164,ETHUSDT,bid,2490,4120.191
1726910974532,ETHUSDT,bid,2510,4471.064
1726911065534,ETHUSDT,bid,2510,4470.564
1726911159728,ETHUSDT,bid,2510,4474.542
1726911167473,ETHUSDT,bid,2460,4190.9
1726911216244,ETHUSDT,bid,2430,4122.913
1726911220181,ETHUSDT,bid,2510,4470.564
1726911291321,ETHUSDT,bid,2510,4470.574
1726911351414,ETHUSDT,bid,2420,4253.038
1726911383405,ETHUSDT,bid,2510,4470.588
1726911588966,ETHUSDT,bid,2510,4472.588
1726911762168,ETHUSDT,bid,2510,4472.574
1726911798403,ETHUSDT,ask,2990,3443.479
1726912032902,ETHUSDT,bid,2510,4471.778
1726912218693,ETHUSDT,bid,2430,4130.875
1726912231507,ETHUSDT,bid,2510,4471.589
1726912252153,ETHUSDT,bid,2510,4471.489
1726912548365,ETHUSDT,bid,2510,4469.929
1726912644095,ETHUSDT,bid,2510,4369.929
1726912681032,ETHUSDT,bid,2460,4199.048
1726912761242,ETHUSDT,bid,2510,4369.665
1726912807268,ETHUSDT,bid,2490,4119.791
1726912818648,ETHUSDT,bid,2510,4368.383
1726912954340,ETHUSDT,bid,2490,4119.813
1726912958971,ETHUSDT,bid,2490,4120.013
1726912995496,ETHUSDT,bid,2490,4119.813
1726912999575,ETHUSDT,bid,2490,4120.013
1726913112074,ETHUSDT,bid,2510,4368.457
1726913267097,ETHUSDT,bid,2510,4368.52
1726913346049,ETHUSDT,bid,2460,4190.9
1726913439695,ETHUSDT,bid,2490,4120.253
1726913466179,ETHUSDT,bid,2510,4368.62
1726913485600,ETHUSDT,ask,2550,8093.449
1726913487118,ETHUSDT,ask,2550,8093.769
1726913488660,ETHUSDT,ask,2550,8098.231
1726913490237,ETHUSDT,ask,2550,8099.825
1726913492004,ETHUSDT,ask,2540,8113.074
1726913493202,ETHUSDT,ask,2540,8113.574
1726913495642,ETHUSDT,ask,2540,8113.074
1726913495939,ETHUSDT,ask,2540,8113.574
1726913496365,ETHUSDT,ask,2540,8113.074
1726913496602,ETHUSDT,ask,2540,8113.574
1726913497661,ETHUSDT,ask,2540,8031.429
1726913498915,ETHUSDT,ask,2550,8102.474
1726913499431,ETHUSDT,ask,2550,8039.656
1726913499966,ETHUSDT,ask,2540,8113.074
1726913500087,ETHUSDT,ask,2540,8113.574
1726913501026,ETHUSDT,ask,2550,8102.238
1726913501239,ETHUSDT,ask,2550,8020.406
1726913502838,ETHUSDT,ask,2550,8047.129
1726913506331,ETHUSDT,ask,2550,8041.869
1726913552743,ETHUSDT,bid,2510,4368.52
1726913748769,ETHUSDT,bid,2510,4368.968
1726914093068,ETHUSDT,bid,2510,4316.596
1726914681670,ETHUSDT,bid,2490,4117.253
1726914770865,ETHUSDT,bid,2490,4117.503
1726914885430,ETHUSDT,bid,2460,4192.9
1726915109163,ETHUSDT,bid,2490,4122.503
1726915382972,ETHUSDT,bid,2490,4122.512
1726915623630,ETHUSDT,bid,2490,4122.752
1726915633658,ETHUSDT,bid,2490,4117.752
1726915983731,ETHUSDT,bid,2420,4253.002
1726916128238,ETHUSDT,bid,1960,5178.375
1726916400509,ETHUSDT,ask,3040,3285.347
1726916600767,ETHUSDT,bid,2490,4117.452
1726917036160,ETHUSDT,bid,2030,5062.413
1726917079328,ETHUSDT,bid,2030,5062.302
1726917301803,ETHUSDT,bid,2030,5062.411
1726917572605,ETHUSDT,bid,2490,4119.438
1726917588665,ETHUSDT,bid,2490,4117.452
1726917677208,ETHUSDT,bid,2490,4117.467
1726918946716,ETHUSDT,bid,2490,4121.353
1726919673627,ETHUSDT,bid,2420,4252.888
1726920768287,ETHUSDT,ask,2620,5391.142
1726920779648,ETHUSDT,ask,2620,6030.228
1726920791111,ETHUSDT,ask,2630,5676.079
1726920801450,ETHUSDT,ask,2630,5058.602
1726920812906,ETHUSDT,ask,2640,5125.004
1726920823672,ETHUSDT,ask,2640,5084.019
1726921108251,ETHUSDT,bid,2420,4252.93
1726921114287,ETHUSDT,bid,2420,4252.888
1726921275176,ETHUSDT,bid,2420,4252.93
1726921281216,ETHUSDT,bid,2420,4252.888
1726921314949,ETHUSDT,bid,2490,4121.366
1726921946565,ETHUSDT,bid,2490,4120.366
1726922036467,ETHUSDT,bid,2490,4123.366
1726922046908,ETHUSDT,bid,2490,4120.366
1726923159669,ETHUSDT,bid,2220,4587.811
1726923159669,ETHUSDT,bid,2420,4252.832
1726923377798,ETHUSDT,bid,2490,4116.087
1726923418053,ETHUSDT,bid,2220,4587.761
1726923532385,ETHUSDT,bid,2490,4116.077
1726923538484,ETHUSDT,bid,2490,4144.084
1726923539283,ETHUSDT,bid,2490,4172.091
1726923636992,ETHUSDT,bid,2460,4192.91
1726923691093,ETHUSDT,bid,2490,4204.104
1726923838003,ETHUSDT,bid,2490,4203.604
1726923838725,ETHUSDT,bid,2490,4175.597
1726923839560,ETHUSDT,bid,2490,4147.59
1726923909100,ETHUSDT,bid,2460,4190.91
1726923966967,ETHUSDT,bid,2460,4191.11
1726923991165,ETHUSDT,bid,2490,4115.577
1726924072421,ETHUSDT,bid,2420,4253.547
1726924080212,ETHUSDT,bid,1700,6017.449
1726924113342,ETHUSDT,bid,2490,4115.587
1726924233396,ETHUSDT,bid,2490,4116.087
1726924297785,ETHUSDT,bid,2420,4248.6
1726924349580,ETHUSDT,ask,2990,3443.459
1726924436796,ETHUSDT,ask,2550,10049.409
1726924437099,ETHUSDT,ask,2550,10049.089
1726924438019,ETHUSDT,ask,2550,10067.707
1726924438119,ETHUSDT,ask,2550,10049.089
1726924439081,ETHUSDT,ask,2550,10049.089
1726924440106,ETHUSDT,ask,2550,10049.089
1726924862780,ETHUSDT,bid,2490,4116.165
1726924891052,ETHUSDT,bid,2490,4119.189
1726924917535,ETHUSDT,bid,2490,4118.689
1726924974111,ETHUSDT,bid,2490,4118.679
1726925055890,ETHUSDT,bid,2420,4248.5
1726925070205,ETHUSDT,bid,2460,4191.1
1726925234101,ETHUSDT,bid,2490,4120.657
1726925250175,ETHUSDT,bid,2490,4118.679
1726926000134,ETHUSDT,bid,2460,4190.9
1726926061902,ETHUSDT,bid,2220,4587.708
1726926240268,ETHUSDT,bid,2490,4118.67
1726926437880,ETHUSDT,bid,2490,4118.664
1726926610830,ETHUSDT,bid,2490,4118.164
1726926686803,ETHUSDT,bid,2420,4248.485
1726926699578,ETHUSDT,bid,2460,4188.939
1726926783368,ETHUSDT,bid,2420,4247.455
1726926927553,ETHUSDT,bid,2420,4247.621
1726927004453,ETHUSDT,bid,2220,4584.837
1726927125170,ETHUSDT,bid,2420,4247.659
1726927383143,ETHUSDT,bid,2490,4117.933
1726927435052,ETHUSDT,bid,2490,4117.967
1726927445098,ETHUSDT,bid,2490,4117.95
1726927446007,ETHUSDT,bid,2490,4117.933
1726927447047,ETHUSDT,bid,2490,4117.95
1726927457005,ETHUSDT,bid,2490,4117.933
1726927553838,ETHUSDT,bid,2490,4117.942
1726927717878,ETHUSDT,bid,2490,4118.075
1726927829205,ETHUSDT,bid,2420,4247.165
1726928079351,ETHUSDT,bid,1680,8950.25
1726928079351,ETHUSDT,bid,1700,6017.288
1726928079351,ETHUSDT,bid,1710,5868.829
1726928079351,ETHUSDT,bid,1740,5778.3
1726928079351,ETHUSDT,bid,1780,5728.057
1726928079351,ETHUSDT,bid,1960,5178.316
1726928086440,ETHUSDT,bid,2420,4247.176
1726928188963,ETHUSDT,bid,2490,4118.087
1726928593992,ETHUSDT,bid,2430,4130.886
1726928659474,ETHUSDT,bid,2420,4247.073
1726928810511,ETHUSDT,bid,2460,4192.939
1726928820842,ETHUSDT,bid,2460,4188.939
1726928969881,ETHUSDT,bid,2220,4584.877
1726928997682,ETHUSDT,bid,2030,5066.928
1726929307375,ETHUSDT,ask,2990,3471.827
1726929701915,ETHUSDT,bid,2490,4116.865
1726929717992,ETHUSDT,bid,2430,4130.848
1726929762106,ETHUSDT,bid,2460,4190.97
1726929838331,ETHUSDT,bid,2420,4247.132
1726929862802,ETHUSDT,bid,2430,4130.887
1726929906878,ETHUSDT,bid,2490,4116.845
