2024-08-15 20:54:51,ETHUSDT,bid,2270,4461.921
2024-08-15 20:55:02,ETHUSDT,ask,2890,3513.448
2024-08-15 20:55:06,ETHUSDT,ask,2890,3514.306
2024-08-15 20:56:00,ETHUSDT,ask,2890,3829.306
2024-08-15 20:56:05,ETHUSDT,ask,2890,3828.448
2024-08-15 20:58:15,ETHUSDT,ask,2890,3829.518
2024-08-15 20:58:34,ETHUSDT,ask,2890,3836.029
2024-08-15 20:59:14,ETHUSDT,ask,2890,3834.959
2024-08-15 20:59:34,ETHUSDT,bid,1700,6157.993
2024-08-15 20:59:43,ETHUSDT,ask,2890,3828.448
2024-08-15 21:00:25,ETHUSDT,bid,1700,6158.006
2024-08-15 21:03:04,ETHUSDT,bid,1960,5138.895
2024-08-15 21:12:38,ETHUSDT,ask,3040,4054.241
2024-08-15 21:15:58,ETHUSDT,bid,2540,7899.352
2024-08-15 21:16:27,ETHUSDT,ask,2910,3494.252
2024-08-15 21:16:38,ETHUSDT,ask,2910,3494.242
2024-08-15 21:16:46,ETHUSDT,ask,2910,3494.222
2024-08-15 21:16:47,ETHUSDT,ask,2910,3494.212
2024-08-15 21:16:48,ETHUSDT,ask,2910,3494.202
2024-08-15 21:22:32,ETHUSDT,ask,2910,3494.222
2024-08-15 21:23:00,ETHUSDT,ask,2910,3494.212
2024-08-15 21:23:00,ETHUSDT,ask,2910,3494.202
2024-08-15 21:26:54,ETHUSDT,bid,1700,6158.026
2024-08-15 21:27:38,ETHUSDT,bid,1700,6158.006
2024-08-15 21:32:06,ETHUSDT,bid,2540,7899.332
2024-08-15 21:40:32,ETHUSDT,bid,2540,7899.322
2024-08-15 21:41:37,ETHUSDT,bid,1960,5138.937
2024-08-15 21:41:51,ETHUSDT,bid,1960,5138.895
2024-08-15 21:43:19,ETHUSDT,bid,2540,7899.295
2024-08-15 21:45:29,ETHUSDT,bid,2540,7899.473
2024-08-15 21:46:01,ETHUSDT,bid,2270,4462.22
2024-08-15 21:48:38,ETHUSDT,bid,2540,7898.473
2024-08-15 22:13:21,ETHUSDT,bid,2590,13386.807
2024-08-15 22:13:24,ETHUSDT,ask,2910,3494.212
2024-08-15 22:14:06,ETHUSDT,ask,2910,3494.202
2024-08-15 22:15:21,ETHUSDT,bid,2590,13390.152
2024-08-15 22:18:29,ETHUSDT,bid,2590,13363.049
2024-08-15 22:21:05,ETHUSDT,bid,2270,4459.58
2024-08-15 22:24:38,ETHUSDT,bid,1700,6148.006
2024-08-15 22:32:23,ETHUSDT,bid,2540,7899.771
2024-08-15 22:32:24,ETHUSDT,bid,2540,7898.473
2024-08-15 22:35:28,ETHUSDT,bid,1700,6027.998
2024-08-15 22:35:57,ETHUSDT,bid,1700,6027.986
2024-08-15 22:45:53,ETHUSDT,bid,1700,6027.973
2024-08-15 22:50:36,ETHUSDT,bid,2340,4272.084
2024-08-15 22:53:25,ETHUSDT,bid,1960,5137.365
2024-08-15 22:53:26,ETHUSDT,bid,1940,5151.337
2024-08-15 22:55:05,ETHUSDT,bid,1960,5137.354
2024-08-15 22:56:09,ETHUSDT,bid,1960,5137.38
2024-08-15 22:57:24,ETHUSDT,ask,2900,3476.908
2024-08-15 22:57:46,ETHUSDT,bid,2670,10026.256
2024-08-15 22:57:46,ETHUSDT,bid,2670,10026.783
2024-08-15 22:57:47,ETHUSDT,bid,2670,10027.523
2024-08-15 22:57:47,ETHUSDT,bid,2670,10027.539
2024-08-15 22:57:48,ETHUSDT,bid,2670,10027.549
2024-08-15 23:06:32,ETHUSDT,bid,2540,7898.295
2024-08-15 23:06:44,ETHUSDT,bid,2270,4459.281
2024-08-15 23:35:43,ETHUSDT,bid,1700,6032.973
2024-08-15 23:36:32,ETHUSDT,bid,1700,6027.973
2024-08-15 23:46:34,ETHUSDT,bid,2340,4272.031
2024-08-15 23:49:29,ETHUSDT,ask,2900,3476.897
2024-08-16 00:00:10,ETHUSDT,bid,2540,7898.395
2024-08-16 00:05:08,ETHUSDT,bid,2340,4272.252
2024-08-16 00:08:28,ETHUSDT,ask,3040,4054.251
2024-08-16 00:08:29,ETHUSDT,ask,3040,4054.241
2024-08-16 00:09:48,ETHUSDT,bid,1700,6033.099
2024-08-16 00:09:49,ETHUSDT,bid,2270,4459.299
2024-08-16 00:13:00,ETHUSDT,bid,1960,5137.396
2024-08-16 00:20:02,ETHUSDT,ask,2900,3476.904
2024-08-16 00:20:11,ETHUSDT,ask,2900,3476.897
2024-08-16 00:20:54,ETHUSDT,ask,2900,3476.904
2024-08-16 00:21:03,ETHUSDT,ask,2900,3476.897
2024-08-16 00:21:42,ETHUSDT,ask,2910,3494.212
2024-08-16 00:21:43,ETHUSDT,ask,2910,3494.222
2024-08-16 00:21:43,ETHUSDT,ask,2910,3494.232
2024-08-16 00:24:47,ETHUSDT,ask,3040,4054.291
2024-08-16 00:24:50,ETHUSDT,ask,3040,4054.241
2024-08-16 00:26:27,ETHUSDT,bid,2340,4272.892
2024-08-16 00:26:49,ETHUSDT,bid,2540,7897.42
2024-08-16 00:30:57,ETHUSDT,ask,2890,3516.383
2024-08-16 00:34:44,ETHUSDT,ask,3040,4054.241
2024-08-16 00:38:43,ETHUSDT,ask,3040,4054.251
2024-08-16 00:38:44,ETHUSDT,ask,3040,4054.241
2024-08-16 00:38:56,ETHUSDT,bid,2270,4459.288
2024-08-16 00:46:21,ETHUSDT,ask,2900,3476.907
2024-08-16 00:46:59,ETHUSDT,ask,2900,3476.897
2024-08-16 00:48:59,ETHUSDT,bid,2540,7897.43
2024-08-16 00:59:27,ETHUSDT,bid,2540,7897.42
2024-08-16 01:01:12,ETHUSDT,bid,2250,4454.509
2024-08-16 01:01:16,ETHUSDT,bid,2340,4272.902
2024-08-16 01:01:23,ETHUSDT,bid,2340,4272.892
2024-08-16 01:01:24,ETHUSDT,bid,2250,4443.403
2024-08-16 01:01:42,ETHUSDT,bid,2540,7900.173
2024-08-16 01:01:44,ETHUSDT,bid,2540,7919.654
2024-08-16 01:01:47,ETHUSDT,bid,2540,7900.173
2024-08-16 01:01:50,ETHUSDT,bid,2540,7900.183
2024-08-16 01:01:59,ETHUSDT,bid,2540,7957.066
2024-08-16 01:01:59,ETHUSDT,bid,2540,7900.183
2024-08-16 01:02:22,ETHUSDT,bid,2540,7916.911
2024-08-16 01:02:23,ETHUSDT,bid,2270,4458.905
2024-08-16 01:02:23,ETHUSDT,bid,2540,7897.43
2024-08-16 01:02:50,ETHUSDT,bid,2540,7899.397
2024-08-16 01:02:51,ETHUSDT,bid,2540,7897.43
2024-08-16 01:02:55,ETHUSDT,bid,2340,4272.921
2024-08-16 01:02:57,ETHUSDT,bid,2540,7897.44
2024-08-16 01:03:03,ETHUSDT,bid,2540,7905.31
2024-08-16 01:03:21,ETHUSDT,bid,1700,6033.13
2024-08-16 01:03:32,ETHUSDT,bid,2540,7905.319
2024-08-16 01:03:35,ETHUSDT,bid,2540,7908.458
2024-08-16 01:03:35,ETHUSDT,bid,2540,7908.448
2024-08-16 01:03:36,ETHUSDT,bid,2540,7905.3
2024-08-16 01:03:47,ETHUSDT,bid,2540,7905.305
2024-08-16 01:04:01,ETHUSDT,bid,2540,7906.146
2024-08-16 01:04:54,ETHUSDT,bid,2540,7914.016
2024-08-16 01:05:22,ETHUSDT,bid,2540,7921.886
2024-08-16 01:05:25,ETHUSDT,bid,2540,7922.058
2024-08-16 01:05:35,ETHUSDT,bid,2250,4443.419
2024-08-16 01:08:23,ETHUSDT,ask,2900,3475.127
2024-08-16 01:09:32,ETHUSDT,bid,2540,7921.886
2024-08-16 01:10:08,ETHUSDT,bid,2540,7921.7
2024-08-16 01:10:21,ETHUSDT,bid,2540,7924.848
2024-08-16 01:10:28,ETHUSDT,bid,2540,7924.887
2024-08-16 01:10:53,ETHUSDT,bid,2540,7944.368
2024-08-16 01:10:58,ETHUSDT,bid,2540,7924.887
2024-08-16 01:11:09,ETHUSDT,bid,2540,3989.429
2024-08-16 01:11:21,ETHUSDT,bid,2540,3992.53
2024-08-16 01:11:24,ETHUSDT,bid,2540,4071.53
2024-08-16 01:11:34,ETHUSDT,bid,2540,3992.53
2024-08-16 01:11:44,ETHUSDT,bid,2540,4292.53
2024-08-16 01:11:45,ETHUSDT,bid,2540,3992.53
2024-08-16 01:12:23,ETHUSDT,bid,2540,3993.138
2024-08-16 01:12:24,ETHUSDT,bid,2540,3990.037
2024-08-16 01:12:35,ETHUSDT,bid,2540,3990.076
2024-08-16 01:12:38,ETHUSDT,bid,2540,3990.076
2024-08-16 01:12:41,ETHUSDT,bid,2540,4000.076
2024-08-16 01:12:59,ETHUSDT,bid,2540,4000.084
2024-08-16 01:13:22,ETHUSDT,bid,2540,4052.085
2024-08-16 01:13:22,ETHUSDT,bid,2540,4000.084
2024-08-16 01:13:36,ETHUSDT,bid,2540,3999.661
2024-08-16 01:13:42,ETHUSDT,bid,2540,4007.302
2024-08-16 01:13:42,ETHUSDT,bid,2540,4007.502
2024-08-16 01:13:52,ETHUSDT,bid,2540,4007.302
2024-08-16 01:13:57,ETHUSDT,bid,2540,4008.302
2024-08-16 01:14:27,ETHUSDT,bid,2540,4012.178
2024-08-16 01:14:30,ETHUSDT,bid,2540,4012.278
2024-08-16 01:14:33,ETHUSDT,bid,2540,4002.278
2024-08-16 01:14:44,ETHUSDT,bid,2540,3998.402
2024-08-16 01:14:52,ETHUSDT,bid,2540,3998.412
2024-08-16 01:15:17,ETHUSDT,bid,2540,3996.663
2024-08-16 01:15:20,ETHUSDT,bid,2540,3999.506
2024-08-16 01:15:38,ETHUSDT,bid,2540,3999.701
2024-08-16 01:15:44,ETHUSDT,bid,2540,3999.506
2024-08-16 01:15:53,ETHUSDT,bid,1700,6033.144
2024-08-16 01:16:13,ETHUSDT,bid,2540,4048.506
2024-08-16 01:16:23,ETHUSDT,bid,2540,3999.506
2024-08-16 01:16:53,ETHUSDT,bid,2540,3996.663
2024-08-16 01:17:10,ETHUSDT,bid,2540,3996.703
2024-08-16 01:17:12,ETHUSDT,ask,2550,5133.817
2024-08-16 01:17:13,ETHUSDT,ask,2550,5037.8
2024-08-16 01:17:13,ETHUSDT,ask,2550,4747.758
2024-08-16 01:17:15,ETHUSDT,bid,2540,3996.718
2024-08-16 01:17:21,ETHUSDT,bid,2540,3997.318
2024-08-16 01:17:24,ETHUSDT,bid,2540,4007.318
2024-08-16 01:17:24,ETHUSDT,bid,2540,4006.718
2024-08-16 01:17:26,ETHUSDT,bid,2540,4007.503
2024-08-16 01:17:27,ETHUSDT,bid,2540,4007.463
2024-08-16 01:17:27,ETHUSDT,bid,2540,4007.463
2024-08-16 01:17:31,ETHUSDT,bid,2540,4021.096
2024-08-16 01:17:31,ETHUSDT,bid,2540,4019.441
2024-08-16 01:17:33,ETHUSDT,bid,2540,4006.678
2024-08-16 01:17:34,ETHUSDT,bid,2540,4006.678
2024-08-16 01:17:34,ETHUSDT,bid,2540,4007.07
2024-08-16 01:17:34,ETHUSDT,bid,2540,4006.678
2024-08-16 01:17:36,ETHUSDT,bid,2540,4004.492
2024-08-16 01:17:40,ETHUSDT,bid,2540,4004.878
2024-08-16 01:18:01,ETHUSDT,bid,2540,4004.978
2024-08-16 01:18:14,ETHUSDT,bid,2540,4004.973
2024-08-16 01:18:33,ETHUSDT,bid,2540,4004.978
2024-08-16 01:18:47,ETHUSDT,bid,2540,4006.53
2024-08-16 01:18:49,ETHUSDT,bid,2540,4005.076
2024-08-16 01:18:49,ETHUSDT,bid,2540,4005.578
2024-08-16 01:18:50,ETHUSDT,bid,2540,4019.723
2024-08-16 01:18:50,ETHUSDT,bid,2540,4019.123
2024-08-16 01:18:53,ETHUSDT,bid,2540,4019.278
2024-08-16 01:18:54,ETHUSDT,bid,2540,4024.032
2024-08-16 01:18:54,ETHUSDT,bid,2540,4019.123
2024-08-16 01:18:55,ETHUSDT,bid,2540,4004.978
2024-08-16 01:18:57,ETHUSDT,bid,2540,4006.772
2024-08-16 01:18:57,ETHUSDT,bid,2540,4004.978
2024-08-16 01:18:59,ETHUSDT,bid,2540,4004.998
2024-08-16 01:19:01,ETHUSDT,bid,2540,4004.978
2024-08-16 01:19:04,ETHUSDT,bid,1960,5137.498
2024-08-16 01:19:12,ETHUSDT,bid,2540,4014.978
2024-08-16 01:19:12,ETHUSDT,bid,2540,4004.978
2024-08-16 01:19:16,ETHUSDT,bid,2540,4005.455
2024-08-16 01:19:16,ETHUSDT,bid,2540,4010.964
2024-08-16 01:19:17,ETHUSDT,bid,2540,4010.487
2024-08-16 01:19:22,ETHUSDT,bid,2540,4010.487
2024-08-16 01:19:25,ETHUSDT,bid,2540,4026.487
2024-08-16 01:19:27,ETHUSDT,bid,2540,4012.45
2024-08-16 01:19:29,ETHUSDT,bid,2540,4013.773
2024-08-16 01:19:31,ETHUSDT,bid,2540,4012.45
2024-08-16 01:19:31,ETHUSDT,bid,2540,4012.45
2024-08-16 01:19:31,ETHUSDT,bid,2540,4010.487
2024-08-16 01:19:31,ETHUSDT,bid,2540,4022.217
2024-08-16 01:19:31,ETHUSDT,bid,2540,4010.487
2024-08-16 01:19:33,ETHUSDT,bid,2540,4011.81
2024-08-16 01:19:34,ETHUSDT,bid,2540,4010.487
2024-08-16 01:20:08,ETHUSDT,bid,2540,4004.978
2024-08-16 01:20:11,ETHUSDT,bid,2540,4006.449
2024-08-16 01:20:11,ETHUSDT,bid,2540,4002.514
2024-08-16 01:20:12,ETHUSDT,bid,2540,3981.263
2024-08-16 01:20:13,ETHUSDT,bid,2540,4003.468
2024-08-16 01:20:13,ETHUSDT,bid,2540,3981.263
2024-08-16 01:20:43,ETHUSDT,bid,1700,6033.156
2024-08-16 01:20:48,ETHUSDT,bid,1700,6036.144
2024-08-16 01:20:52,ETHUSDT,bid,2540,3985.173
2024-08-16 01:20:53,ETHUSDT,bid,2540,3981.263
2024-08-16 01:21:07,ETHUSDT,bid,2540,3979.792
2024-08-16 01:21:15,ETHUSDT,bid,2540,3979.406
2024-08-16 01:21:28,ETHUSDT,bid,2270,4459.051
2024-08-16 01:22:58,ETHUSDT,bid,2540,3979.461
2024-08-16 01:23:22,ETHUSDT,bid,2540,3979.661
2024-08-16 01:24:02,ETHUSDT,bid,2540,3971.791
2024-08-16 01:24:17,ETHUSDT,bid,2540,3971.736
2024-08-16 01:24:21,ETHUSDT,bid,2540,3971.536
2024-08-16 01:24:23,ETHUSDT,bid,2540,3970.695
2024-08-16 01:25:02,ETHUSDT,bid,2270,4459.067
2024-08-16 01:25:10,ETHUSDT,bid,1700,6036.132
2024-08-16 01:26:07,ETHUSDT,bid,2500,13849.64
2024-08-16 01:26:23,ETHUSDT,bid,2540,3970.802
2024-08-16 01:26:25,ETHUSDT,bid,2540,3970.695
2024-08-16 01:27:05,ETHUSDT,bid,2540,3979.472
2024-08-16 01:27:15,ETHUSDT,bid,2540,3970.695
2024-08-16 01:28:38,ETHUSDT,bid,2540,3970.93
2024-08-16 01:28:44,ETHUSDT,bid,2540,3970.695
2024-08-16 01:29:31,ETHUSDT,bid,2540,3989.93
2024-08-16 01:30:07,ETHUSDT,bid,2540,3970.695
2024-08-16 01:30:20,ETHUSDT,bid,2540,3972.221
2024-08-16 01:30:30,ETHUSDT,bid,2540,3970.695
2024-08-16 01:31:28,ETHUSDT,bid,1700,6028.834
2024-08-16 01:32:10,ETHUSDT,bid,2540,3970.676
2024-08-16 01:32:38,ETHUSDT,bid,2540,3970.926
2024-08-16 01:33:04,ETHUSDT,bid,2540,3972.35
2024-08-16 01:33:04,ETHUSDT,bid,2540,3972.35
2024-08-16 01:33:04,ETHUSDT,bid,2540,3970.926
2024-08-16 01:33:07,ETHUSDT,bid,2540,3994.471
2024-08-16 01:33:07,ETHUSDT,bid,2540,3970.926
2024-08-16 01:33:44,ETHUSDT,bid,2540,3980.926
2024-08-16 01:33:45,ETHUSDT,bid,2540,3970.926
2024-08-16 01:34:10,ETHUSDT,bid,2540,3972.469
2024-08-16 01:34:21,ETHUSDT,bid,2540,3972.43
2024-08-16 01:34:26,ETHUSDT,bid,2540,3972.391
2024-08-16 01:34:31,ETHUSDT,bid,2540,3995.871
2024-08-16 01:34:31,ETHUSDT,bid,2540,3972.391
2024-08-16 01:34:34,ETHUSDT,bid,2540,3972.402
2024-08-16 01:34:39,ETHUSDT,bid,2540,3972.391
2024-08-16 01:34:58,ETHUSDT,bid,2540,3984.191
2024-08-16 01:34:59,ETHUSDT,bid,2540,3972.391
2024-08-16 01:35:41,ETHUSDT,bid,1700,6028.82
2024-08-16 01:36:20,ETHUSDT,bid,2540,3972.542
2024-08-16 01:36:48,ETHUSDT,bid,2540,3972.391
2024-08-16 01:37:34,ETHUSDT,bid,2540,3971.391
2024-08-16 01:39:47,ETHUSDT,bid,1700,6027.558
2024-08-16 01:40:42,ETHUSDT,bid,1700,6038.374
2024-08-16 01:40:51,ETHUSDT,bid,2540,3973.825
2024-08-16 01:40:53,ETHUSDT,bid,2540,3974.06
2024-08-16 01:40:58,ETHUSDT,bid,1700,6038.386
2024-08-16 01:41:11,ETHUSDT,bid,2540,3974.068
2024-08-16 01:41:20,ETHUSDT,bid,2540,3973.833
2024-08-16 01:41:32,ETHUSDT,bid,2540,3973.834
2024-08-16 01:41:36,ETHUSDT,bid,2540,3973.984
2024-08-16 01:41:42,ETHUSDT,bid,2540,3973.834
2024-08-16 01:41:45,ETHUSDT,bid,2540,3973.941
2024-08-16 01:41:46,ETHUSDT,bid,2540,3973.834
2024-08-16 01:42:20,ETHUSDT,bid,2540,3971.4
2024-08-16 01:42:27,ETHUSDT,bid,2540,3981.4
2024-08-16 01:42:28,ETHUSDT,bid,2540,3971.4
2024-08-16 01:43:19,ETHUSDT,bid,2540,3971.411
2024-08-16 01:43:34,ETHUSDT,bid,1960,5141.498
2024-08-16 01:44:27,ETHUSDT,bid,2540,3972.411
2024-08-16 01:44:54,ETHUSDT,bid,1960,5142.498
2024-08-16 01:45:02,ETHUSDT,bid,1700,6038.374
2024-08-16 01:45:08,ETHUSDT,bid,2540,3972.605
2024-08-16 01:45:21,ETHUSDT,bid,2540,3972.411
2024-08-16 01:46:06,ETHUSDT,bid,2540,3972.55
2024-08-16 01:48:03,ETHUSDT,bid,2540,3991.114
2024-08-16 01:48:10,ETHUSDT,bid,2540,3972.55
2024-08-16 01:48:17,ETHUSDT,bid,2540,3973.445
2024-08-16 01:48:22,ETHUSDT,bid,2540,3975.445
2024-08-16 01:49:11,ETHUSDT,bid,2540,3975.453
2024-08-16 01:49:15,ETHUSDT,bid,2540,3975.445
2024-08-16 01:49:45,ETHUSDT,bid,2490,13921.721
2024-08-16 01:50:10,ETHUSDT,bid,2540,3985.445
2024-08-16 01:50:11,ETHUSDT,bid,2540,3975.445
2024-08-16 01:50:15,ETHUSDT,bid,2540,3975.453
2024-08-16 01:50:16,ETHUSDT,bid,2540,3976.602
2024-08-16 01:50:19,ETHUSDT,bid,2540,3978.067
2024-08-16 01:50:22,ETHUSDT,bid,2540,3976.602
2024-08-16 01:50:28,ETHUSDT,bid,2540,3976.602
2024-08-16 01:50:28,ETHUSDT,bid,2540,3976.594
2024-08-16 01:50:29,ETHUSDT,bid,2540,3976.594
2024-08-16 01:50:30,ETHUSDT,bid,2540,3975.445
2024-08-16 01:50:32,ETHUSDT,bid,2540,4367.389
2024-08-16 01:50:32,ETHUSDT,bid,2540,3975.445
2024-08-16 01:50:33,ETHUSDT,bid,2540,3975.502
2024-08-16 01:50:36,ETHUSDT,bid,2540,3973.502
2024-08-16 01:50:36,ETHUSDT,bid,1960,5142.523
2024-08-16 01:50:42,ETHUSDT,bid,2540,3979.464
2024-08-16 01:50:44,ETHUSDT,bid,2540,3973.502
2024-08-16 01:50:49,ETHUSDT,bid,2540,3984.527
2024-08-16 01:50:51,ETHUSDT,bid,2540,3973.502
2024-08-16 01:51:06,ETHUSDT,bid,2540,3979.95
2024-08-16 01:51:06,ETHUSDT,bid,2540,3979.965
2024-08-16 01:52:10,ETHUSDT,bid,1700,6038.386
2024-08-16 01:55:17,ETHUSDT,bid,2490,13920.043
2024-08-16 01:55:35,ETHUSDT,bid,2490,26147.797
2024-08-16 01:58:17,ETHUSDT,bid,1700,6038.374
2024-08-16 01:58:59,ETHUSDT,ask,2900,3471.002
2024-08-16 02:01:00,ETHUSDT,bid,2290,4364.851
2024-08-16 02:01:11,ETHUSDT,bid,2290,4364.841
2024-08-16 02:03:07,ETHUSDT,bid,2500,9348.168
2024-08-16 02:03:21,ETHUSDT,bid,2490,18720.966
2024-08-16 02:03:43,ETHUSDT,bid,2290,4364.85
2024-08-16 02:03:43,ETHUSDT,bid,2290,4364.841
2024-08-16 02:04:35,ETHUSDT,bid,2340,4272.281
2024-08-16 02:07:26,ETHUSDT,bid,2490,18768.024
2024-08-16 02:07:39,ETHUSDT,bid,2490,26162.106
2024-08-16 02:07:45,ETHUSDT,bid,2340,4274.281
2024-08-16 02:09:19,ETHUSDT,bid,2280,4393.636
2024-08-16 02:09:22,ETHUSDT,bid,2280,4393.626
2024-08-16 02:09:22,ETHUSDT,bid,2280,4393.616
2024-08-16 02:10:28,ETHUSDT,bid,2480,20000.091
2024-08-16 02:12:52,ETHUSDT,bid,2270,4509.067
2024-08-16 02:13:27,ETHUSDT,bid,2480,26225.036
2024-08-16 02:14:04,ETHUSDT,bid,2270,4509.43
2024-08-16 02:14:46,ETHUSDT,bid,2280,4393.616
2024-08-16 02:15:10,ETHUSDT,bid,1700,6040.374
2024-08-16 02:16:26,ETHUSDT,bid,1700,6040.386
2024-08-16 02:16:45,ETHUSDT,bid,2290,4364.851
2024-08-16 02:16:45,ETHUSDT,bid,2290,4364.851
2024-08-16 02:16:46,ETHUSDT,bid,2290,4364.861
2024-08-16 02:17:06,ETHUSDT,bid,2290,4364.851
2024-08-16 02:17:06,ETHUSDT,bid,2290,4364.841
2024-08-16 02:18:17,ETHUSDT,bid,1700,6040.431
2024-08-16 02:20:03,ETHUSDT,bid,2270,4479.43
2024-08-16 02:20:18,ETHUSDT,bid,2270,4489.43
2024-08-16 02:20:34,ETHUSDT,bid,2280,4393.626
2024-08-16 02:20:47,ETHUSDT,bid,2280,4393.616
2024-08-16 02:22:34,ETHUSDT,bid,2340,4274.298
2024-08-16 02:24:27,ETHUSDT,bid,2270,4500.247
2024-08-16 02:26:19,ETHUSDT,bid,2280,4393.634
2024-08-16 02:26:47,ETHUSDT,bid,2250,4443.437
2024-08-16 02:27:05,ETHUSDT,bid,2230,4490.932
2024-08-16 02:30:08,ETHUSDT,bid,2280,4393.644
2024-08-16 02:30:08,ETHUSDT,bid,2280,4393.654
2024-08-16 02:30:08,ETHUSDT,bid,2280,4393.664
2024-08-16 02:30:08,ETHUSDT,bid,2280,4393.674
2024-08-16 02:30:12,ETHUSDT,bid,2280,4393.654
2024-08-16 02:30:14,ETHUSDT,bid,2280,4393.644
2024-08-16 02:30:14,ETHUSDT,bid,2280,4393.634
2024-08-16 02:32:53,ETHUSDT,bid,1950,5127.461
2024-08-16 02:32:53,ETHUSDT,bid,2250,4443.584
2024-08-16 02:33:20,ETHUSDT,bid,1950,5127.478
2024-08-16 02:33:43,ETHUSDT,bid,1940,5192.219
2024-08-16 02:36:00,ETHUSDT,ask,2910,3494.197
2024-08-16 02:36:00,ETHUSDT,ask,2910,3494.247
2024-08-16 02:36:03,ETHUSDT,ask,2910,3494.187
2024-08-16 02:36:06,ETHUSDT,bid,2270,4500.267
2024-08-16 02:36:06,ETHUSDT,bid,2270,4500.277
2024-08-16 02:36:13,ETHUSDT,bid,2270,4500.267
2024-08-16 02:36:13,ETHUSDT,bid,2270,4500.247
2024-08-16 02:36:24,ETHUSDT,bid,2270,4502.052
2024-08-16 02:37:10,ETHUSDT,bid,2270,4502.066
2024-08-16 02:37:17,ETHUSDT,bid,2270,4502.076
2024-08-16 02:37:17,ETHUSDT,bid,2270,4502.076
2024-08-16 02:37:23,ETHUSDT,bid,2270,4502.066
2024-08-16 02:37:37,ETHUSDT,bid,1700,6040.233
2024-08-16 02:40:12,ETHUSDT,bid,1960,5142.512
2024-08-16 02:40:22,ETHUSDT,bid,1700,6052.88
2024-08-16 02:42:22,ETHUSDT,bid,1700,6050.527
2024-08-16 02:43:23,ETHUSDT,bid,2270,4502.052
2024-08-16 02:43:55,ETHUSDT,bid,1680,5975.132
2024-08-16 02:45:37,ETHUSDT,bid,1700,6050.585
2024-08-16 02:47:24,ETHUSDT,bid,1940,5161.337
2024-08-16 02:48:30,ETHUSDT,bid,2290,4364.841
2024-08-16 02:49:08,ETHUSDT,bid,2230,4493.345
2024-08-16 02:49:37,ETHUSDT,bid,2340,4274.348
2024-08-16 02:50:05,ETHUSDT,bid,2230,4490.932
2024-08-16 02:50:19,ETHUSDT,bid,2270,4492.052
2024-08-16 02:55:34,ETHUSDT,bid,1680,5974.132
2024-08-16 03:01:13,ETHUSDT,bid,1940,5212.219
2024-08-16 03:01:44,ETHUSDT,bid,2290,4364.85
2024-08-16 03:01:44,ETHUSDT,bid,2290,4364.841
2024-08-16 03:01:44,ETHUSDT,bid,2290,4364.851
2024-08-16 03:01:45,ETHUSDT,bid,2290,4364.861
2024-08-16 03:02:07,ETHUSDT,bid,2290,4364.861
2024-08-16 03:02:07,ETHUSDT,bid,2290,4364.87
2024-08-16 03:02:16,ETHUSDT,bid,2290,4364.861
2024-08-16 03:02:32,ETHUSDT,bid,2290,4364.851
2024-08-16 03:02:33,ETHUSDT,bid,2290,4364.841
2024-08-16 03:02:53,ETHUSDT,bid,1700,6050.573
2024-08-16 03:04:07,ETHUSDT,bid,2270,4492.062
2024-08-16 03:07:46,ETHUSDT,bid,2270,4491.812
2024-08-16 03:07:50,ETHUSDT,bid,1680,5974.3
2024-08-16 03:07:55,ETHUSDT,bid,1700,6060.573
2024-08-16 03:10:42,ETHUSDT,bid,2250,4443.628
2024-08-16 03:10:49,ETHUSDT,bid,2270,4493.159
2024-08-16 03:11:05,ETHUSDT,bid,1700,6060.484
2024-08-16 03:11:14,ETHUSDT,bid,2280,4393.644
2024-08-16 03:11:18,ETHUSDT,bid,2280,4393.66
2024-08-16 03:11:33,ETHUSDT,bid,2280,4393.67
2024-08-16 03:11:53,ETHUSDT,bid,2280,4393.66
2024-08-16 03:12:14,ETHUSDT,bid,2280,4393.65
2024-08-16 03:14:24,ETHUSDT,bid,2270,4493.149
2024-08-16 03:17:44,ETHUSDT,bid,1960,5142.492
2024-08-16 03:19:37,ETHUSDT,bid,1680,5975.3
2024-08-16 03:19:46,ETHUSDT,bid,1700,6060.425
2024-08-16 03:21:18,ETHUSDT,bid,2280,4393.634
2024-08-16 03:25:59,ETHUSDT,bid,2270,4493.164
2024-08-16 03:28:46,ETHUSDT,bid,2290,4364.851
2024-08-16 03:29:37,ETHUSDT,bid,2290,4364.841
2024-08-16 03:30:33,ETHUSDT,bid,2270,4493.149
2024-08-16 03:32:06,ETHUSDT,ask,2910,3493.342
2024-08-16 03:45:43,ETHUSDT,bid,2340,4274.564
2024-08-16 03:52:30,ETHUSDT,bid,2280,4393.644
2024-08-16 03:53:08,ETHUSDT,bid,1680,5975.442
2024-08-16 03:53:12,ETHUSDT,bid,2280,4393.634
2024-08-16 03:57:27,ETHUSDT,bid,2340,4274.514
2024-08-16 03:58:02,ETHUSDT,bid,2270,4493.159
2024-08-16 03:58:10,ETHUSDT,bid,2270,4493.149
2024-08-16 04:00:43,ETHUSDT,bid,2290,4364.841
2024-08-16 04:00:43,ETHUSDT,bid,2290,4364.861
2024-08-16 04:00:51,ETHUSDT,bid,2290,4364.841
2024-08-16 04:08:44,ETHUSDT,bid,1960,5142.506
2024-08-16 04:18:09,ETHUSDT,bid,1680,5974.442
2024-08-16 04:20:21,ETHUSDT,bid,2250,4443.928
2024-08-16 04:32:28,ETHUSDT,ask,2900,3439.002
2024-08-16 04:32:29,ETHUSDT,ask,2910,3461.294
2024-08-16 04:32:46,ETHUSDT,ask,2890,3458.383
2024-08-16 04:33:17,ETHUSDT,bid,1960,5142.492
2024-08-16 04:41:38,ETHUSDT,bid,2340,4274.727
2024-08-16 04:47:58,ETHUSDT,bid,1940,5161.55
2024-08-16 04:47:58,ETHUSDT,bid,1950,5120.7
2024-08-16 04:47:58,ETHUSDT,bid,2270,4493.331
