2024-08-22 07:19:09,BTCUSDT,bid,47000,888.691
2024-08-22 08:07:28,BTCUSDT,bid,47000,888.683
2024-08-22 08:22:13,BTCUSDT,bid,47000,884.683
2024-08-22 08:33:28,BTCUSDT,bid,47000,874.683
2024-08-22 08:42:09,BTCUSDT,bid,47000,874.939
2024-08-22 08:42:33,BTCUSDT,bid,47000,874.683
2024-08-22 09:31:04,BTCUSDT,bid,47000,874.303
2024-08-22 09:37:09,BTCUSDT,bid,47000,884.303
2024-08-22 09:56:10,BTCUSDT,bid,47000,884.3
2024-08-22 10:56:42,BTCUSDT,bid,47000,884.296
2024-08-22 11:15:54,BTCUSDT,bid,47000,884.293
2024-08-22 11:58:20,BTCUSDT,ask,61500,491.21
2024-08-22 11:59:06,BTCUSDT,ask,61500,491.218
2024-08-22 11:59:11,BTCUSDT,ask,61500,491.215
2024-08-22 11:59:21,BTCUSDT,ask,61500,491.615
2024-08-22 11:59:24,BTCUSDT,ask,61500,491.607
2024-08-22 12:00:20,BTCUSDT,ask,61500,491.666
2024-08-22 12:00:24,BTCUSDT,ask,61500,491.686
2024-08-22 12:00:46,BTCUSDT,ask,61500,491.604
2024-08-22 12:00:54,BTCUSDT,ask,61500,491.746
2024-08-22 12:01:05,BTCUSDT,ask,61500,491.726
2024-08-22 12:01:10,BTCUSDT,ask,61500,492.095
2024-08-22 12:01:12,BTCUSDT,ask,61500,492.111
2024-08-22 12:01:16,BTCUSDT,ask,61500,492.115
2024-08-22 12:01:16,BTCUSDT,ask,61500,492.15
2024-08-22 12:01:37,BTCUSDT,ask,61500,492.232
2024-08-22 12:01:37,BTCUSDT,ask,61500,493.232
2024-08-22 12:01:51,BTCUSDT,ask,61500,493.538
2024-08-22 12:02:12,BTCUSDT,ask,61500,493.582
2024-08-22 12:02:12,BTCUSDT,ask,61500,493.63
2024-08-22 12:02:20,BTCUSDT,ask,61500,493.642
2024-08-22 12:02:40,BTCUSDT,ask,61500,492.642
2024-08-22 12:02:42,BTCUSDT,ask,61500,492.592
2024-08-22 12:02:47,BTCUSDT,ask,61500,492.838
2024-08-22 12:03:04,BTCUSDT,ask,61500,492.841
2024-08-22 12:03:21,BTCUSDT,ask,61500,492.818
2024-08-22 12:03:42,BTCUSDT,ask,61500,492.743
2024-08-22 12:03:44,BTCUSDT,ask,61500,492.793
2024-08-22 12:03:57,BTCUSDT,ask,61500,492.773
2024-08-22 12:03:58,BTCUSDT,ask,61500,492.775
2024-08-22 12:04:28,BTCUSDT,ask,61500,493.275
2024-08-22 12:04:46,BTCUSDT,ask,61500,493.194
2024-08-22 12:04:56,BTCUSDT,ask,61500,492.888
2024-08-22 12:06:42,BTCUSDT,ask,61500,492.912
2024-08-22 12:06:43,BTCUSDT,ask,61500,493.045
2024-08-22 12:07:00,BTCUSDT,ask,61500,493.322
2024-08-22 12:07:30,BTCUSDT,ask,61500,493.238
2024-08-22 12:09:42,BTCUSDT,ask,61500,493.972
2024-08-22 12:09:45,BTCUSDT,ask,61500,494.002
2024-08-22 12:10:13,BTCUSDT,ask,61500,494.004
2024-08-22 12:11:29,BTCUSDT,ask,61500,494.0
2024-08-22 12:11:29,BTCUSDT,ask,61500,493.984
2024-08-22 12:11:53,BTCUSDT,ask,61500,493.986
2024-08-22 12:12:01,BTCUSDT,ask,61500,493.936
2024-08-22 12:12:14,BTCUSDT,ask,61500,494.036
2024-08-22 12:12:18,BTCUSDT,ask,61500,495.068
2024-08-22 12:12:38,BTCUSDT,ask,61500,495.082
2024-08-22 12:13:03,BTCUSDT,ask,61500,495.098
2024-08-22 12:13:10,BTCUSDT,ask,61500,494.871
2024-08-22 12:13:17,BTCUSDT,ask,61500,494.887
2024-08-22 12:13:21,BTCUSDT,ask,61500,494.902
2024-08-22 12:13:30,BTCUSDT,ask,61500,494.856
2024-08-22 12:13:45,BTCUSDT,ask,61500,494.82
2024-08-22 12:13:49,BTCUSDT,ask,61500,494.835
2024-08-22 12:14:07,BTCUSDT,ask,61500,494.847
2024-08-22 12:15:09,BTCUSDT,ask,61500,494.862
2024-08-22 12:15:34,BTCUSDT,ask,61500,494.847
2024-08-22 12:15:41,BTCUSDT,ask,61500,494.864
2024-08-22 12:17:05,BTCUSDT,ask,61500,495.073
2024-08-22 12:17:07,BTCUSDT,ask,61500,494.748
2024-08-22 12:17:20,BTCUSDT,ask,61500,494.732
2024-08-22 12:17:23,BTCUSDT,ask,61500,494.754
2024-08-22 12:17:28,BTCUSDT,ask,61500,494.554
2024-08-22 12:17:45,BTCUSDT,ask,61500,494.557
2024-08-22 12:18:55,BTCUSDT,ask,61500,494.581
2024-08-22 12:19:10,BTCUSDT,ask,61500,494.585
2024-08-22 12:19:30,BTCUSDT,ask,61500,494.579
2024-08-22 12:19:35,BTCUSDT,ask,61500,494.618
2024-08-22 12:19:44,BTCUSDT,ask,61500,494.721
2024-08-22 12:20:13,BTCUSDT,ask,61500,494.719
2024-08-22 12:20:37,BTCUSDT,ask,61500,494.86
2024-08-22 12:20:38,BTCUSDT,ask,61500,494.868
2024-08-22 12:20:42,BTCUSDT,ask,61500,496.494
2024-08-22 12:20:59,BTCUSDT,ask,61500,498.49
2024-08-22 12:21:00,BTCUSDT,ask,61500,498.652
2024-08-22 12:21:17,BTCUSDT,ask,61500,498.626
2024-08-22 12:22:02,BTCUSDT,ask,61500,497.0
2024-08-22 12:22:20,BTCUSDT,ask,61500,496.997
2024-08-22 12:22:50,BTCUSDT,ask,61500,496.192
2024-08-22 12:23:12,BTCUSDT,ask,61500,496.05
2024-08-22 12:23:19,BTCUSDT,ask,61500,496.577
2024-08-22 12:23:22,BTCUSDT,ask,61500,496.579
2024-08-22 12:23:27,BTCUSDT,ask,61500,496.644
2024-08-22 12:23:59,BTCUSDT,ask,61500,496.663
2024-08-22 12:24:02,BTCUSDT,ask,61500,496.814
2024-08-22 12:24:19,BTCUSDT,ask,61500,496.841
2024-08-22 12:24:39,BTCUSDT,ask,61500,496.868
2024-08-22 12:25:21,BTCUSDT,ask,61500,496.881
2024-08-22 12:25:39,BTCUSDT,ask,61500,496.931
2024-08-22 12:27:18,BTCUSDT,ask,61500,496.971
2024-08-22 12:28:20,BTCUSDT,ask,61500,496.961
2024-08-22 12:28:23,BTCUSDT,ask,61500,497.209
2024-08-22 12:28:41,BTCUSDT,ask,61500,498.027
2024-08-22 12:30:19,BTCUSDT,ask,61500,498.036
2024-08-22 12:30:41,BTCUSDT,ask,61500,499.236
2024-08-22 12:31:20,BTCUSDT,ask,61500,495.217
2024-08-22 12:32:08,BTCUSDT,ask,61500,495.209
2024-08-22 12:32:10,BTCUSDT,ask,61500,494.682
2024-08-22 12:33:06,BTCUSDT,ask,61500,494.457
2024-08-22 12:33:26,BTCUSDT,ask,61500,494.313
2024-08-22 12:33:38,BTCUSDT,ask,61500,494.264
2024-08-22 12:33:58,BTCUSDT,ask,61500,494.324
2024-08-22 12:34:34,BTCUSDT,ask,61500,494.353
2024-08-22 12:34:36,BTCUSDT,ask,61500,494.593
2024-08-22 12:34:50,BTCUSDT,ask,61500,494.618
2024-08-22 12:35:06,BTCUSDT,ask,61500,494.646
2024-08-22 12:35:37,BTCUSDT,ask,61500,494.639
2024-08-22 12:35:38,BTCUSDT,ask,61500,494.637
2024-08-22 12:36:00,BTCUSDT,ask,61500,493.437
2024-08-22 12:38:50,BTCUSDT,ask,61500,494.437
2024-08-22 12:39:55,BTCUSDT,ask,61500,494.521
2024-08-22 12:40:51,BTCUSDT,ask,61500,494.524
2024-08-22 12:40:58,BTCUSDT,ask,61500,494.529
2024-08-22 12:41:15,BTCUSDT,ask,61500,495.558
2024-08-22 12:41:21,BTCUSDT,ask,61500,495.609
2024-08-22 12:42:00,BTCUSDT,ask,61500,495.615
2024-08-22 12:42:07,BTCUSDT,bid,47000,884.303
2024-08-22 12:42:13,BTCUSDT,ask,61500,495.663
2024-08-22 12:42:47,BTCUSDT,ask,61500,495.78
2024-08-22 12:43:33,BTCUSDT,ask,61500,495.772
2024-08-22 12:43:48,BTCUSDT,ask,61500,495.762
2024-08-22 12:43:55,BTCUSDT,ask,61500,495.607
2024-08-22 12:43:56,BTCUSDT,ask,61500,495.634
2024-08-22 12:44:25,BTCUSDT,ask,61500,495.742
2024-08-22 12:44:50,BTCUSDT,ask,61500,495.746
2024-08-22 12:45:00,BTCUSDT,ask,61500,495.763
2024-08-22 12:46:54,BTCUSDT,ask,61500,495.762
2024-08-22 12:48:39,BTCUSDT,ask,61500,496.411
2024-08-22 12:48:51,BTCUSDT,ask,61500,496.303
2024-08-22 12:49:25,BTCUSDT,ask,61500,496.154
2024-08-22 12:50:18,BTCUSDT,ask,61500,496.16
2024-08-22 12:52:27,BTCUSDT,ask,61500,496.208
2024-08-22 12:52:27,BTCUSDT,ask,61500,496.206
2024-08-22 12:52:49,BTCUSDT,ask,61500,495.961
2024-08-22 12:53:03,BTCUSDT,ask,61500,495.312
2024-08-22 12:53:07,BTCUSDT,ask,61500,495.307
2024-08-22 12:53:10,BTCUSDT,ask,61500,495.375
2024-08-22 12:53:41,BTCUSDT,ask,61500,495.373
2024-08-22 12:54:34,BTCUSDT,ask,61500,495.224
2024-08-22 12:54:41,BTCUSDT,ask,61500,495.23
2024-08-22 12:55:03,BTCUSDT,ask,61500,495.392
2024-08-22 12:56:35,BTCUSDT,ask,61500,496.635
2024-08-22 12:58:15,BTCUSDT,ask,61500,496.637
2024-08-22 12:58:41,BTCUSDT,ask,61500,496.647
2024-08-22 12:58:45,BTCUSDT,ask,61500,496.63
2024-08-22 12:59:54,BTCUSDT,ask,61500,496.628
2024-08-22 13:00:22,BTCUSDT,ask,61500,496.632
2024-08-22 13:00:45,BTCUSDT,ask,61500,496.637
2024-08-22 13:00:52,BTCUSDT,ask,61500,496.301
2024-08-22 13:01:30,BTCUSDT,ask,61500,496.198
2024-08-22 13:02:23,BTCUSDT,ask,61500,496.2
2024-08-22 13:02:52,BTCUSDT,ask,61500,495.2
2024-08-22 13:02:58,BTCUSDT,ask,61500,495.24
2024-08-22 13:03:30,BTCUSDT,ask,61500,495.242
2024-08-22 13:03:50,BTCUSDT,ask,61500,495.259
2024-08-22 13:03:58,BTCUSDT,ask,61500,495.293
2024-08-22 13:04:16,BTCUSDT,ask,61500,494.293
2024-08-22 13:04:20,BTCUSDT,ask,61500,494.188
2024-08-22 13:04:31,BTCUSDT,ask,61500,494.19
2024-08-22 13:04:33,BTCUSDT,ask,61500,494.04
2024-08-22 13:05:07,BTCUSDT,ask,61500,493.761
2024-08-22 13:05:16,BTCUSDT,ask,61500,493.731
2024-08-22 13:05:34,BTCUSDT,ask,61500,493.733
2024-08-22 13:05:51,BTCUSDT,ask,61500,492.759
2024-08-22 13:05:59,BTCUSDT,ask,61500,492.778
2024-08-22 13:06:06,BTCUSDT,ask,61500,493.778
2024-08-22 13:06:07,BTCUSDT,ask,61500,493.793
2024-08-22 13:06:29,BTCUSDT,ask,61500,492.793
2024-08-22 13:06:32,BTCUSDT,ask,61500,492.795
2024-08-22 13:06:38,BTCUSDT,ask,61500,492.821
2024-08-22 13:06:45,BTCUSDT,ask,61500,492.811
2024-08-22 13:06:48,BTCUSDT,ask,61500,492.869
2024-08-22 13:06:52,BTCUSDT,ask,61500,492.898
2024-08-22 13:06:52,BTCUSDT,ask,61500,493.05
2024-08-22 13:07:07,BTCUSDT,ask,61500,493.005
2024-08-22 13:07:10,BTCUSDT,ask,61500,493.037
2024-08-22 13:07:14,BTCUSDT,ask,61500,493.03
2024-08-22 13:07:23,BTCUSDT,ask,61500,493.028
2024-08-22 13:07:31,BTCUSDT,ask,61500,493.126
2024-08-22 13:07:31,BTCUSDT,ask,61500,493.188
2024-08-22 13:07:34,BTCUSDT,ask,61500,493.107
2024-08-22 13:07:38,BTCUSDT,ask,61500,493.139
2024-08-22 13:07:41,BTCUSDT,ask,61500,518.887
2024-08-22 13:07:43,BTCUSDT,ask,61500,518.889
2024-08-22 13:07:43,BTCUSDT,ask,61500,518.857
2024-08-22 13:07:49,BTCUSDT,ask,61500,518.849
2024-08-22 13:07:55,BTCUSDT,ask,61500,519.013
2024-08-22 13:07:58,BTCUSDT,ask,61500,519.043
2024-08-22 13:08:01,BTCUSDT,ask,61500,519.024
2024-08-22 13:08:04,BTCUSDT,ask,61500,519.017
2024-08-22 13:08:10,BTCUSDT,ask,61500,519.064
2024-08-22 13:08:13,BTCUSDT,ask,61500,519.113
2024-08-22 13:08:15,BTCUSDT,ask,61500,519.083
2024-08-22 13:08:17,BTCUSDT,ask,61500,519.292
2024-08-22 13:08:29,BTCUSDT,ask,61500,519.324
2024-08-22 13:08:37,BTCUSDT,ask,61500,519.829
2024-08-22 13:08:43,BTCUSDT,ask,61500,519.979
2024-08-22 13:08:46,BTCUSDT,ask,61500,520.141
2024-08-22 13:08:51,BTCUSDT,ask,61500,520.466
2024-08-22 13:09:07,BTCUSDT,ask,61500,520.35
2024-08-22 13:09:16,BTCUSDT,ask,61500,520.316
2024-08-22 13:09:33,BTCUSDT,ask,61500,520.349
2024-08-22 13:10:02,BTCUSDT,ask,61500,520.43
2024-08-22 13:10:04,BTCUSDT,ask,61500,520.412
2024-08-22 13:10:11,BTCUSDT,ask,61500,520.416
2024-08-22 13:10:11,BTCUSDT,ask,61500,520.419
2024-08-22 13:10:22,BTCUSDT,ask,61500,519.619
2024-08-22 13:10:25,BTCUSDT,ask,61500,519.819
2024-08-22 13:10:27,BTCUSDT,ask,61500,519.877
2024-08-22 13:10:27,BTCUSDT,ask,61500,519.879
2024-08-22 13:10:45,BTCUSDT,ask,61500,520.286
2024-08-22 13:10:54,BTCUSDT,ask,61500,520.293
2024-08-22 13:11:01,BTCUSDT,ask,61500,520.367
2024-08-22 13:11:09,BTCUSDT,ask,61500,520.529
2024-08-22 13:11:25,BTCUSDT,ask,61500,521.529
2024-08-22 13:11:26,BTCUSDT,ask,61500,521.579
2024-08-22 13:11:35,BTCUSDT,ask,61500,521.621
2024-08-22 13:39:45,BTCUSDT,bid,60000,653.234
2024-08-22 13:39:46,BTCUSDT,bid,60000,653.223
2024-08-22 13:39:49,BTCUSDT,bid,60000,653.219
2024-08-22 13:39:50,BTCUSDT,bid,60000,652.219
2024-08-22 13:39:56,BTCUSDT,bid,60000,652.196
2024-08-22 13:39:56,BTCUSDT,bid,60000,652.201
2024-08-22 13:40:25,BTCUSDT,bid,60000,652.199
2024-08-22 13:40:29,BTCUSDT,bid,60000,652.215
2024-08-22 13:40:29,BTCUSDT,bid,60000,652.22
2024-08-22 13:40:39,BTCUSDT,bid,60000,652.215
2024-08-22 13:41:06,BTCUSDT,bid,60000,652.289
2024-08-22 13:41:19,BTCUSDT,bid,60000,652.284
2024-08-22 13:41:29,BTCUSDT,bid,60000,652.3
2024-08-22 13:41:31,BTCUSDT,bid,60000,652.302
2024-08-22 13:41:33,BTCUSDT,bid,60000,652.304
2024-08-22 13:41:36,BTCUSDT,bid,60000,652.306
2024-08-22 13:41:37,BTCUSDT,bid,60000,652.289
2024-08-22 13:42:00,BTCUSDT,bid,60000,652.367
2024-08-22 13:42:05,BTCUSDT,bid,60000,652.372
2024-08-22 13:42:29,BTCUSDT,bid,60000,652.322
2024-08-22 14:32:17,BTCUSDT,bid,47000,884.218
2024-08-22 16:37:47,BTCUSDT,bid,47000,884.204
2024-08-22 16:51:29,BTCUSDT,bid,47000,884.2
2024-08-22 17:30:13,BTCUSDT,bid,47300,804.172
2024-08-22 17:35:39,BTCUSDT,bid,47300,804.066
2024-08-22 17:49:59,BTCUSDT,bid,47000,884.162
2024-08-22 19:05:40,BTCUSDT,bid,47300,803.961
2024-08-22 19:33:50,BTCUSDT,bid,47000,884.183
2024-08-22 20:08:42,BTCUSDT,bid,47000,884.194
2024-08-22 20:19:58,BTCUSDT,bid,47000,884.187
2024-08-22 20:28:57,BTCUSDT,bid,47000,884.166
2024-08-22 20:28:58,BTCUSDT,bid,47000,884.185
2024-08-22 20:29:04,BTCUSDT,bid,47000,884.166
2024-08-22 20:52:13,BTCUSDT,bid,60000,615.127
2024-08-22 20:52:18,BTCUSDT,bid,60000,615.111
2024-08-22 20:52:19,BTCUSDT,bid,60000,614.911
2024-08-22 20:52:20,BTCUSDT,bid,60000,614.944
2024-08-22 20:52:32,BTCUSDT,bid,60000,614.938
2024-08-22 20:52:33,BTCUSDT,bid,60000,614.936
2024-08-22 20:52:36,BTCUSDT,bid,60000,614.831
2024-08-22 20:52:42,BTCUSDT,bid,60000,614.665
2024-08-22 20:52:44,BTCUSDT,bid,60000,614.667
2024-08-22 20:52:46,BTCUSDT,bid,60000,614.67
2024-08-22 20:53:01,BTCUSDT,bid,60000,614.629
2024-08-22 20:53:06,BTCUSDT,bid,60000,614.641
2024-08-22 20:53:20,BTCUSDT,bid,60000,614.625
2024-08-22 20:53:20,BTCUSDT,bid,60000,614.63
2024-08-22 20:53:21,BTCUSDT,bid,60000,615.226
2024-08-22 20:53:30,BTCUSDT,bid,60000,615.206
2024-08-22 20:53:44,BTCUSDT,ask,61000,604.548
2024-08-22 20:53:45,BTCUSDT,ask,61000,604.564
2024-08-22 20:53:52,BTCUSDT,ask,61000,604.554
2024-08-22 20:59:25,BTCUSDT,bid,47000,884.173
2024-08-22 21:00:13,BTCUSDT,bid,47000,884.166
2024-08-22 21:30:59,BTCUSDT,bid,59300,890.621
2024-08-22 21:36:53,BTCUSDT,ask,61700,809.57
2024-08-22 21:37:08,BTCUSDT,bid,59300,842.569
2024-08-22 21:37:19,BTCUSDT,bid,47000,884.838
2024-08-22 21:47:41,BTCUSDT,bid,47000,884.827
2024-08-22 21:55:22,BTCUSDT,bid,60000,636.373
2024-08-22 21:55:26,BTCUSDT,bid,60000,636.873
2024-08-22 21:55:27,BTCUSDT,bid,60000,636.871
2024-08-22 21:55:30,BTCUSDT,bid,60000,636.895
2024-08-22 21:55:31,BTCUSDT,bid,60000,636.718
2024-08-22 21:55:32,BTCUSDT,bid,60000,636.635
2024-08-22 21:55:34,BTCUSDT,bid,60000,636.627
2024-08-22 21:55:37,BTCUSDT,bid,60000,636.616
2024-08-22 21:55:37,BTCUSDT,bid,60000,636.714
2024-08-22 21:55:44,BTCUSDT,bid,60000,636.601
2024-08-22 21:55:50,BTCUSDT,bid,60000,636.631
2024-08-22 21:55:54,BTCUSDT,bid,60000,636.131
2024-08-22 21:55:54,BTCUSDT,bid,60000,636.133
2024-08-22 21:56:02,BTCUSDT,bid,60000,636.137
2024-08-22 21:56:13,BTCUSDT,bid,60000,636.182
2024-08-22 21:56:14,BTCUSDT,bid,60000,636.19
2024-08-22 21:56:31,BTCUSDT,bid,60000,636.081
2024-08-22 21:56:50,BTCUSDT,bid,60000,636.181
2024-08-22 21:56:52,BTCUSDT,bid,60000,636.081
2024-08-22 21:56:57,BTCUSDT,bid,60000,636.181
2024-08-22 21:57:00,BTCUSDT,bid,60000,636.081
2024-08-22 21:57:01,BTCUSDT,bid,60000,636.181
2024-08-22 21:57:01,BTCUSDT,bid,60000,639.181
2024-08-22 21:57:03,BTCUSDT,bid,60000,639.015
2024-08-22 21:57:04,BTCUSDT,bid,60000,638.915
2024-08-22 21:57:25,BTCUSDT,bid,60000,639.245
2024-08-22 21:57:26,BTCUSDT,bid,60000,639.248
2024-08-22 21:57:26,BTCUSDT,bid,60000,639.271
2024-08-22 21:57:28,BTCUSDT,bid,60000,639.273
2024-08-22 21:57:31,BTCUSDT,bid,60000,639.303
2024-08-22 21:57:34,BTCUSDT,bid,60000,639.514
2024-08-22 21:57:35,BTCUSDT,bid,60000,639.534
2024-08-22 21:57:35,BTCUSDT,bid,60000,639.539
2024-08-22 21:57:44,BTCUSDT,bid,60000,639.523
2024-08-22 21:57:51,BTCUSDT,bid,60000,639.521
2024-08-22 21:57:57,BTCUSDT,bid,60000,639.537
2024-08-22 21:57:58,BTCUSDT,bid,60000,639.545
2024-08-22 21:58:00,BTCUSDT,bid,60000,639.504
2024-08-22 21:58:14,BTCUSDT,bid,60000,639.506
2024-08-22 21:58:17,BTCUSDT,bid,60000,639.502
2024-08-22 21:58:20,BTCUSDT,bid,60000,637.783
2024-08-22 21:58:21,BTCUSDT,bid,60000,637.781
2024-08-22 21:58:21,BTCUSDT,bid,60000,637.705
2024-08-22 21:58:22,BTCUSDT,bid,60000,637.984
2024-08-22 21:58:26,BTCUSDT,bid,60000,637.979
2024-08-22 21:58:35,BTCUSDT,bid,60000,637.995
2024-08-22 21:58:36,BTCUSDT,bid,60000,637.997
2024-08-22 21:58:42,BTCUSDT,bid,60000,638.026
2024-08-22 21:58:49,BTCUSDT,bid,60000,638.022
2024-08-22 21:58:51,BTCUSDT,bid,60000,638.032
2024-08-22 21:58:55,BTCUSDT,bid,60000,638.065
2024-08-22 21:58:58,BTCUSDT,bid,60000,638.083
2024-08-22 21:59:00,BTCUSDT,bid,60000,638.088
2024-08-22 21:59:06,BTCUSDT,bid,60000,638.083
2024-08-22 21:59:10,BTCUSDT,bid,60000,638.093
2024-08-22 21:59:14,BTCUSDT,bid,60000,638.145
2024-08-22 21:59:22,BTCUSDT,bid,60000,638.135
2024-08-22 21:59:25,BTCUSDT,bid,60000,638.137
2024-08-22 21:59:30,BTCUSDT,bid,60000,637.637
2024-08-22 21:59:35,BTCUSDT,bid,60000,637.537
2024-08-22 21:59:43,BTCUSDT,bid,60000,637.57
2024-08-22 21:59:47,BTCUSDT,bid,60000,637.58
2024-08-22 22:00:04,BTCUSDT,bid,60000,637.589
2024-08-22 22:00:06,BTCUSDT,bid,60000,637.639
2024-08-22 22:00:17,BTCUSDT,bid,60000,637.616
2024-08-22 22:00:31,BTCUSDT,bid,60000,637.614
2024-08-22 22:00:33,BTCUSDT,bid,60000,637.581
2024-08-22 22:00:34,BTCUSDT,bid,60000,637.599
2024-08-22 22:00:34,BTCUSDT,bid,60000,637.594
2024-08-22 22:00:38,BTCUSDT,bid,60000,637.631
2024-08-22 22:00:46,BTCUSDT,bid,60000,637.628
2024-08-22 22:00:50,BTCUSDT,bid,60000,636.656
2024-08-22 22:01:03,BTCUSDT,bid,60000,636.669
2024-08-22 22:01:06,BTCUSDT,bid,60000,637.95
2024-08-22 22:01:09,BTCUSDT,bid,60000,638.05
2024-08-22 22:01:13,BTCUSDT,bid,60000,637.95
2024-08-22 22:01:13,BTCUSDT,bid,60000,637.937
2024-08-22 22:01:15,BTCUSDT,bid,60000,637.935
2024-08-22 22:01:23,BTCUSDT,bid,60000,637.938
2024-08-22 22:01:33,BTCUSDT,bid,60000,637.936
2024-08-22 22:01:35,BTCUSDT,bid,60000,637.926
2024-08-22 22:01:41,BTCUSDT,bid,60000,637.864
2024-08-22 22:01:43,BTCUSDT,bid,60000,636.583
2024-08-22 22:01:46,BTCUSDT,bid,60000,638.255
2024-08-22 22:01:49,BTCUSDT,bid,60000,638.306
2024-08-22 22:02:01,BTCUSDT,bid,60000,638.301
2024-08-22 22:02:03,BTCUSDT,bid,60000,638.311
2024-08-22 22:02:14,BTCUSDT,bid,60000,638.308
2024-08-22 22:02:21,BTCUSDT,bid,60000,638.313
2024-08-22 22:02:24,BTCUSDT,bid,60000,638.297
2024-08-22 22:02:26,BTCUSDT,bid,60000,637.265
2024-08-22 22:02:27,BTCUSDT,bid,60000,637.316
2024-08-22 22:02:33,BTCUSDT,bid,60000,637.567
2024-08-22 22:02:56,BTCUSDT,bid,60000,637.559
2024-08-22 22:02:58,BTCUSDT,bid,60000,637.546
2024-08-22 22:03:04,BTCUSDT,bid,60000,637.556
2024-08-22 22:03:16,BTCUSDT,bid,60000,637.172
2024-08-22 22:03:16,BTCUSDT,bid,60000,637.196
2024-08-22 22:03:27,BTCUSDT,bid,60000,637.198
2024-08-22 22:03:31,BTCUSDT,bid,60000,637.22
2024-08-22 22:03:34,BTCUSDT,bid,60000,637.03
2024-08-22 22:03:43,BTCUSDT,bid,60000,637.033
2024-08-22 22:03:46,BTCUSDT,bid,60000,637.025
2024-08-22 22:03:49,BTCUSDT,bid,60000,637.029
2024-08-22 22:03:56,BTCUSDT,bid,60000,637.011
2024-08-22 22:04:19,BTCUSDT,bid,60000,637.044
2024-08-22 22:04:22,BTCUSDT,bid,60000,636.982
2024-08-22 22:04:25,BTCUSDT,bid,60000,636.828
2024-08-22 22:04:25,BTCUSDT,bid,60000,636.436
2024-08-22 22:04:44,BTCUSDT,bid,60000,636.45
2024-08-22 22:05:19,BTCUSDT,bid,60000,636.438
2024-08-22 22:05:34,BTCUSDT,bid,60000,636.388
2024-08-22 22:05:37,BTCUSDT,bid,60000,636.383
2024-08-22 22:05:41,BTCUSDT,bid,60000,633.812
2024-08-22 22:05:43,BTCUSDT,bid,60000,633.761
2024-08-22 22:05:45,BTCUSDT,bid,60000,633.71
2024-08-22 22:05:46,BTCUSDT,bid,60000,633.685
2024-08-22 22:05:48,BTCUSDT,bid,60000,633.585
2024-08-22 22:05:57,BTCUSDT,bid,60000,633.565
2024-08-22 22:06:05,BTCUSDT,bid,60000,633.082
2024-08-22 22:06:12,BTCUSDT,bid,60000,632.828
2024-08-22 22:06:14,BTCUSDT,bid,60000,632.806
2024-08-22 22:06:24,BTCUSDT,bid,60000,633.136
2024-08-22 22:06:26,BTCUSDT,bid,60000,633.131
2024-08-22 22:06:31,BTCUSDT,bid,60000,633.129
2024-08-22 22:06:31,BTCUSDT,bid,60000,633.16
2024-08-22 22:06:57,BTCUSDT,bid,60000,633.144
2024-08-22 22:06:58,BTCUSDT,bid,60000,633.142
2024-08-22 22:06:59,BTCUSDT,bid,60000,633.312
2024-08-22 22:07:02,BTCUSDT,bid,60000,632.812
2024-08-22 22:07:12,BTCUSDT,bid,60000,632.862
2024-08-22 22:07:27,BTCUSDT,bid,60000,632.532
2024-08-22 22:07:33,BTCUSDT,bid,60000,632.606
2024-08-22 22:07:33,BTCUSDT,bid,59500,840.253
2024-08-22 22:07:42,BTCUSDT,bid,60000,632.273
2024-08-22 22:08:01,BTCUSDT,bid,60000,632.266
2024-08-22 22:08:01,BTCUSDT,bid,59400,840.587
2024-08-22 22:08:10,BTCUSDT,bid,60000,632.278
2024-08-22 22:08:16,BTCUSDT,bid,60000,632.578
2024-08-22 22:08:18,BTCUSDT,bid,60000,632.516
2024-08-22 22:08:22,BTCUSDT,bid,60000,632.467
2024-08-22 22:08:25,BTCUSDT,bid,60000,632.464
2024-08-22 22:08:28,BTCUSDT,bid,60000,632.344
2024-08-22 22:08:29,BTCUSDT,bid,60000,632.374
2024-08-22 22:08:38,BTCUSDT,bid,60000,632.498
2024-08-22 22:09:02,BTCUSDT,bid,60000,632.493
2024-08-22 22:09:20,BTCUSDT,bid,60000,632.699
2024-08-22 22:09:23,BTCUSDT,bid,60000,632.843
2024-08-22 22:09:25,BTCUSDT,bid,60000,632.919
2024-08-22 22:09:34,BTCUSDT,bid,60000,632.903
2024-08-22 22:09:37,BTCUSDT,bid,60000,632.898
2024-08-22 22:09:38,BTCUSDT,bid,60000,632.822
2024-08-22 22:09:54,BTCUSDT,bid,60000,632.789
2024-08-22 22:10:08,BTCUSDT,bid,60000,632.793
2024-08-22 22:10:23,BTCUSDT,bid,60000,632.776
2024-08-22 22:10:38,BTCUSDT,bid,60000,631.96
2024-08-22 22:10:41,BTCUSDT,bid,60000,632.01
2024-08-22 22:10:45,BTCUSDT,bid,60000,632.012
2024-08-22 22:10:46,BTCUSDT,bid,60000,631.708
2024-08-22 22:10:49,BTCUSDT,bid,60000,631.675
2024-08-22 22:10:52,BTCUSDT,bid,60000,631.707
2024-08-22 22:11:10,BTCUSDT,bid,60000,631.44
2024-08-22 22:11:19,BTCUSDT,bid,60000,631.445
2024-08-22 22:11:20,BTCUSDT,bid,60000,631.786
2024-08-22 22:11:51,BTCUSDT,bid,60000,631.75
2024-08-22 22:12:05,BTCUSDT,bid,60000,631.539
2024-08-22 22:12:21,BTCUSDT,bid,60000,631.639
2024-08-22 22:29:23,BTCUSDT,bid,47000,884.953
2024-08-22 22:45:19,BTCUSDT,bid,47000,885.113
2024-08-22 22:50:08,BTCUSDT,bid,60000,665.261
2024-08-22 22:50:14,BTCUSDT,bid,60000,665.263
2024-08-22 22:50:17,BTCUSDT,bid,60000,656.284
2024-08-22 22:50:17,BTCUSDT,bid,60000,656.294
2024-08-22 22:50:17,BTCUSDT,bid,60000,656.296
2024-08-22 22:50:19,BTCUSDT,bid,60000,656.281
2024-08-22 22:50:21,BTCUSDT,bid,60000,656.248
2024-08-22 22:50:22,BTCUSDT,bid,60000,656.258
2024-08-22 22:50:22,BTCUSDT,bid,60000,656.374
2024-08-22 22:50:24,BTCUSDT,bid,60000,656.408
2024-08-22 22:50:24,BTCUSDT,bid,60000,656.394
2024-08-22 22:50:26,BTCUSDT,bid,60000,656.376
2024-08-22 22:50:28,BTCUSDT,bid,60000,656.378
2024-08-22 22:50:30,BTCUSDT,bid,60000,655.978
2024-08-22 22:50:30,BTCUSDT,bid,60000,655.968
2024-08-22 22:50:31,BTCUSDT,bid,60000,656.068
2024-08-22 22:50:31,BTCUSDT,bid,60000,656.066
2024-08-22 22:50:32,BTCUSDT,bid,60000,656.062
2024-08-22 22:50:32,BTCUSDT,bid,60000,656.073
2024-08-22 22:50:33,BTCUSDT,bid,60000,656.028
2024-08-22 22:50:34,BTCUSDT,bid,60000,656.194
2024-08-22 22:50:34,BTCUSDT,bid,60000,656.192
2024-08-22 22:50:35,BTCUSDT,bid,60000,656.137
2024-08-22 22:50:38,BTCUSDT,bid,60000,656.203
2024-08-22 22:50:38,BTCUSDT,bid,60000,656.206
2024-08-22 22:50:39,BTCUSDT,bid,60000,656.219
2024-08-22 22:50:42,BTCUSDT,bid,60000,656.222
2024-08-22 22:50:42,BTCUSDT,bid,60000,656.198
2024-08-22 22:50:43,BTCUSDT,bid,60000,656.419
2024-08-22 22:50:44,BTCUSDT,bid,60000,658.118
2024-08-22 22:50:45,BTCUSDT,bid,60000,658.052
2024-08-22 22:50:45,BTCUSDT,bid,60000,657.531
2024-08-22 22:50:46,BTCUSDT,bid,60000,657.533
2024-08-22 22:50:48,BTCUSDT,bid,60000,656.533
2024-08-22 22:50:50,BTCUSDT,bid,60000,656.531
2024-08-22 22:50:52,BTCUSDT,bid,60000,656.415
2024-08-22 22:50:52,BTCUSDT,bid,60000,656.445
2024-08-22 22:50:53,BTCUSDT,bid,60000,656.5
2024-08-22 22:50:54,BTCUSDT,bid,60000,656.501
2024-08-22 22:50:55,BTCUSDT,bid,60000,656.495
2024-08-22 22:50:56,BTCUSDT,bid,60000,656.512
2024-08-22 22:50:56,BTCUSDT,bid,60000,656.388
2024-08-22 22:50:57,BTCUSDT,bid,60000,656.413
2024-08-22 22:50:57,BTCUSDT,bid,60000,656.508
2024-08-22 22:50:58,BTCUSDT,bid,60000,656.511
2024-08-22 22:50:58,BTCUSDT,bid,60000,656.859
2024-08-22 22:51:00,BTCUSDT,bid,60000,656.809
2024-08-22 22:51:01,BTCUSDT,bid,60000,656.796
2024-08-22 22:51:03,BTCUSDT,bid,60000,656.792
2024-08-22 22:51:06,BTCUSDT,bid,60000,656.594
2024-08-22 22:51:06,BTCUSDT,bid,60000,656.994
2024-08-22 22:51:09,BTCUSDT,bid,60000,657.0
2024-08-22 22:51:10,BTCUSDT,bid,60000,654.977
2024-08-22 22:51:10,BTCUSDT,bid,60000,655.06
2024-08-22 22:51:14,BTCUSDT,bid,60000,655.13
2024-08-22 22:51:14,BTCUSDT,bid,60000,654.961
2024-08-22 22:51:18,BTCUSDT,bid,60000,654.952
2024-08-22 22:51:20,BTCUSDT,bid,60000,654.94
2024-08-22 22:51:24,BTCUSDT,bid,60000,654.908
2024-08-22 22:51:25,BTCUSDT,bid,60000,654.892
2024-08-22 22:51:26,BTCUSDT,bid,60000,656.154
2024-08-22 22:51:26,BTCUSDT,bid,60000,656.254
2024-08-22 22:51:27,BTCUSDT,bid,60000,656.06
2024-08-22 22:51:27,BTCUSDT,bid,60000,654.798
2024-08-22 22:51:28,BTCUSDT,bid,60000,654.788
2024-08-22 22:51:30,BTCUSDT,bid,60000,654.794
2024-08-22 22:51:32,BTCUSDT,bid,60000,654.858
2024-08-22 22:51:32,BTCUSDT,bid,60000,654.842
2024-08-22 22:51:33,BTCUSDT,bid,60000,654.776
2024-08-22 22:51:33,BTCUSDT,bid,60000,654.784
2024-08-22 22:51:35,BTCUSDT,bid,60000,654.434
2024-08-22 22:51:37,BTCUSDT,bid,60000,654.034
2024-08-22 22:51:37,BTCUSDT,bid,60000,654.037
2024-08-22 22:51:40,BTCUSDT,bid,60000,654.047
2024-08-22 22:51:40,BTCUSDT,bid,60000,654.068
2024-08-22 22:51:41,BTCUSDT,bid,60000,654.07
2024-08-22 22:51:42,BTCUSDT,bid,60000,654.068
2024-08-22 22:51:43,BTCUSDT,bid,60000,654.058
2024-08-22 22:51:43,BTCUSDT,bid,60000,654.06
2024-08-22 22:51:44,BTCUSDT,bid,60000,654.066
2024-08-22 22:51:45,BTCUSDT,bid,60000,654.025
2024-08-22 22:51:46,BTCUSDT,bid,60000,654.008
2024-08-22 22:51:46,BTCUSDT,bid,60000,653.858
2024-08-22 22:51:48,BTCUSDT,bid,60000,656.358
2024-08-22 22:51:48,BTCUSDT,bid,60000,656.356
2024-08-22 22:51:50,BTCUSDT,bid,60000,656.256
2024-08-22 22:51:50,BTCUSDT,bid,60000,656.272
2024-08-22 22:51:52,BTCUSDT,bid,60000,656.181
2024-08-22 22:51:53,BTCUSDT,bid,60000,656.342
2024-08-22 22:51:56,BTCUSDT,bid,60000,656.675
2024-08-22 22:51:58,BTCUSDT,bid,60000,656.342
2024-08-22 22:52:01,BTCUSDT,bid,60000,656.346
2024-08-22 22:52:04,BTCUSDT,bid,60000,656.308
2024-08-22 22:52:05,BTCUSDT,bid,60000,656.318
2024-08-22 22:52:05,BTCUSDT,bid,60000,656.409
2024-08-22 22:52:06,BTCUSDT,bid,60000,656.43
2024-08-22 22:52:07,BTCUSDT,bid,60000,656.502
2024-08-22 22:52:08,BTCUSDT,bid,60000,656.527
2024-08-22 22:52:08,BTCUSDT,bid,60000,656.632
2024-08-22 22:52:12,BTCUSDT,bid,60000,656.612
2024-08-22 22:52:14,BTCUSDT,bid,60000,656.548
2024-08-22 22:52:16,BTCUSDT,bid,60000,656.588
2024-08-22 22:52:17,BTCUSDT,bid,60000,656.584
2024-08-22 22:52:18,BTCUSDT,bid,47000,884.987
2024-08-22 22:52:19,BTCUSDT,bid,60000,656.545
2024-08-22 22:52:20,BTCUSDT,bid,60000,656.55
2024-08-22 22:52:20,BTCUSDT,bid,60000,656.552
2024-08-22 22:52:21,BTCUSDT,bid,60000,659.336
2024-08-22 22:52:21,BTCUSDT,bid,60000,659.326
2024-08-22 22:52:21,BTCUSDT,bid,60000,659.321
2024-08-22 22:52:28,BTCUSDT,bid,60000,656.537
2024-08-22 22:52:31,BTCUSDT,bid,60000,656.534
2024-08-22 22:52:31,BTCUSDT,bid,60000,656.532
2024-08-22 22:52:33,BTCUSDT,bid,60000,656.598
2024-08-22 22:52:35,BTCUSDT,bid,60000,656.665
2024-08-22 22:52:35,BTCUSDT,bid,60000,656.732
2024-08-22 22:52:36,BTCUSDT,bid,60000,656.749
2024-08-22 22:52:37,BTCUSDT,bid,60000,656.772
2024-08-22 22:52:37,BTCUSDT,bid,60000,656.774
2024-08-22 22:52:41,BTCUSDT,bid,60000,656.55
2024-08-22 22:52:42,BTCUSDT,bid,60000,656.534
2024-08-22 22:52:45,BTCUSDT,bid,60000,656.536
2024-08-22 22:52:46,BTCUSDT,bid,60000,656.526
2024-08-22 22:52:46,BTCUSDT,bid,60000,656.506
2024-08-22 22:52:47,BTCUSDT,bid,60000,656.512
2024-08-22 22:52:48,BTCUSDT,bid,60000,656.511
2024-08-22 22:52:52,BTCUSDT,bid,60000,656.552
2024-08-22 22:52:52,BTCUSDT,bid,60000,657.552
2024-08-22 22:52:55,BTCUSDT,bid,60000,657.452
2024-08-22 22:52:56,BTCUSDT,bid,60000,657.442
2024-08-22 22:52:59,BTCUSDT,bid,60000,657.435
2024-08-22 22:53:02,BTCUSDT,bid,60000,657.328
2024-08-22 22:53:03,BTCUSDT,bid,60000,657.828
2024-08-22 22:53:03,BTCUSDT,bid,60000,657.82
2024-08-22 22:53:05,BTCUSDT,bid,60000,657.828
2024-08-22 22:53:06,BTCUSDT,bid,60000,657.809
2024-08-22 22:53:14,BTCUSDT,bid,60000,657.857
2024-08-22 22:53:16,BTCUSDT,bid,60000,657.859
2024-08-22 22:53:17,BTCUSDT,bid,60000,657.359
2024-08-22 22:53:18,BTCUSDT,bid,60000,657.375
2024-08-22 22:53:24,BTCUSDT,bid,60000,657.382
2024-08-22 22:53:24,BTCUSDT,bid,60000,657.379
2024-08-22 22:53:25,BTCUSDT,bid,60000,657.368
2024-08-22 22:53:26,BTCUSDT,bid,60000,657.371
2024-08-22 22:53:28,BTCUSDT,bid,60000,657.214
2024-08-22 22:53:32,BTCUSDT,bid,60000,657.222
2024-08-22 22:53:32,BTCUSDT,bid,60000,657.117
2024-08-22 22:53:33,BTCUSDT,bid,60000,656.876
2024-08-22 22:53:33,BTCUSDT,bid,60000,656.874
2024-08-22 22:53:34,BTCUSDT,bid,60000,657.272
2024-08-22 22:53:35,BTCUSDT,bid,60000,657.284
2024-08-22 22:53:36,BTCUSDT,bid,60000,657.286
2024-08-22 22:53:37,BTCUSDT,bid,60000,657.283
2024-08-22 22:53:37,BTCUSDT,bid,60000,657.307
2024-08-22 22:53:38,BTCUSDT,bid,60000,657.297
2024-08-22 22:53:40,BTCUSDT,bid,60000,657.305
2024-08-22 22:53:42,BTCUSDT,bid,60000,657.297
2024-08-22 22:53:43,BTCUSDT,bid,60000,657.289
2024-08-22 22:53:44,BTCUSDT,bid,60000,657.287
2024-08-22 22:53:45,BTCUSDT,bid,60000,657.279
2024-08-22 22:53:55,BTCUSDT,bid,60000,657.272
2024-08-22 22:53:59,BTCUSDT,bid,60000,657.269
2024-08-22 22:54:00,BTCUSDT,bid,60000,657.17
2024-08-22 22:54:09,BTCUSDT,bid,60000,657.745
2024-08-22 22:54:12,BTCUSDT,bid,60000,657.84
2024-08-22 22:54:13,BTCUSDT,bid,60000,657.846
2024-08-22 22:54:14,BTCUSDT,bid,60000,658.696
2024-08-22 22:54:15,BTCUSDT,bid,60000,657.846
2024-08-22 22:54:18,BTCUSDT,bid,60000,657.844
2024-08-22 22:54:19,BTCUSDT,bid,60000,657.885
2024-08-22 22:54:20,BTCUSDT,bid,60000,657.89
2024-08-22 22:54:20,BTCUSDT,bid,60000,657.897
2024-08-22 22:54:24,BTCUSDT,bid,60000,657.997
2024-08-22 22:54:25,BTCUSDT,bid,60000,657.897
2024-08-22 22:54:29,BTCUSDT,bid,60000,658.397
2024-08-22 22:54:38,BTCUSDT,bid,60000,658.407
2024-08-22 22:54:42,BTCUSDT,bid,60000,658.414
2024-08-22 22:54:43,BTCUSDT,bid,60000,658.409
2024-08-22 22:54:46,BTCUSDT,bid,60000,658.414
2024-08-22 22:54:47,BTCUSDT,bid,60000,658.404
2024-08-22 22:54:47,BTCUSDT,bid,60000,680.519
2024-08-22 22:54:49,BTCUSDT,bid,60000,680.294
2024-08-22 22:54:52,BTCUSDT,bid,60000,680.131
2024-08-22 22:54:56,BTCUSDT,bid,60000,680.092
2024-08-22 22:54:57,BTCUSDT,bid,60000,680.102
2024-08-22 22:54:59,BTCUSDT,bid,60000,650.102
2024-08-22 22:55:00,BTCUSDT,bid,60000,650.129
2024-08-22 22:55:03,BTCUSDT,bid,60000,650.295
2024-08-22 22:55:05,BTCUSDT,bid,60000,650.261
2024-08-22 22:55:05,BTCUSDT,bid,60000,650.241
2024-08-22 22:55:05,BTCUSDT,bid,60000,650.141
2024-08-22 22:55:09,BTCUSDT,bid,60000,647.641
2024-08-22 22:55:16,BTCUSDT,bid,60000,647.644
2024-08-22 22:55:18,BTCUSDT,bid,60000,647.655
2024-08-22 22:55:25,BTCUSDT,bid,60000,647.155
2024-08-22 22:55:25,BTCUSDT,bid,60000,647.188
2024-08-22 22:55:31,BTCUSDT,bid,60000,647.148
2024-08-22 22:55:33,BTCUSDT,bid,60000,647.139
2024-08-22 22:55:36,BTCUSDT,bid,60000,646.973
2024-08-22 22:55:46,BTCUSDT,bid,60000,646.938
2024-08-22 22:55:48,BTCUSDT,bid,60000,646.923
2024-08-22 22:55:49,BTCUSDT,bid,60000,646.961
2024-08-22 22:55:52,BTCUSDT,bid,60000,646.971
2024-08-22 22:55:56,BTCUSDT,bid,60000,646.973
2024-08-22 22:56:00,BTCUSDT,bid,60000,624.858
2024-08-22 22:56:07,BTCUSDT,bid,60000,624.879
2024-08-22 22:56:07,BTCUSDT,bid,60000,624.846
2024-08-22 22:56:08,BTCUSDT,bid,60000,625.012
2024-08-22 22:56:10,BTCUSDT,bid,60000,625.003
2024-08-22 22:56:16,BTCUSDT,bid,60000,624.003
2024-08-22 22:56:19,BTCUSDT,bid,60000,623.993
2024-08-22 22:56:19,BTCUSDT,bid,60000,624.093
2024-08-22 22:56:22,BTCUSDT,bid,60000,624.226
2024-08-22 22:56:29,BTCUSDT,bid,60000,624.21
2024-08-22 22:56:30,BTCUSDT,bid,60000,624.204
2024-08-22 22:56:36,BTCUSDT,bid,60000,624.362
2024-08-22 22:56:39,BTCUSDT,bid,60000,624.462
2024-08-22 22:56:39,BTCUSDT,bid,60000,624.46
2024-08-22 22:56:42,BTCUSDT,bid,60000,624.294
2024-08-22 22:56:44,BTCUSDT,bid,60000,624.317
2024-08-22 22:56:48,BTCUSDT,bid,60000,624.309
2024-08-22 22:56:49,BTCUSDT,bid,60000,624.3
2024-08-22 22:56:50,BTCUSDT,bid,60000,624.294
2024-08-22 22:56:50,BTCUSDT,bid,60000,624.199
2024-08-22 22:56:52,BTCUSDT,bid,60000,624.091
2024-08-22 22:56:52,BTCUSDT,bid,60000,624.218
2024-08-22 22:56:56,BTCUSDT,bid,60000,624.226
2024-08-22 22:56:57,BTCUSDT,bid,60000,624.203
2024-08-22 22:56:58,BTCUSDT,bid,60000,624.129
2024-08-22 22:56:59,BTCUSDT,bid,60000,623.554
2024-08-22 22:56:59,BTCUSDT,bid,60000,623.449
2024-08-22 22:57:02,BTCUSDT,bid,60000,623.442
2024-08-22 22:57:04,BTCUSDT,bid,60000,623.742
2024-08-22 22:57:15,BTCUSDT,bid,60000,623.988
2024-08-22 22:57:18,BTCUSDT,bid,60000,623.998
2024-08-22 22:57:22,BTCUSDT,bid,60000,624.021
2024-08-22 22:57:22,BTCUSDT,bid,60000,623.623
2024-08-22 22:57:23,BTCUSDT,bid,60000,623.623
2024-08-22 22:57:25,BTCUSDT,bid,60000,623.625
2024-08-22 22:57:27,BTCUSDT,bid,60000,623.706
2024-08-22 22:57:27,BTCUSDT,bid,60000,622.706
2024-08-22 22:57:29,BTCUSDT,bid,60000,622.739
2024-08-22 22:57:34,BTCUSDT,bid,60000,622.742
2024-08-22 22:57:41,BTCUSDT,bid,60000,622.732
2024-08-22 22:57:45,BTCUSDT,bid,60000,622.713
2024-08-22 22:57:51,BTCUSDT,bid,60000,622.717
2024-08-22 22:57:52,BTCUSDT,bid,60000,622.72
2024-08-22 22:57:58,BTCUSDT,bid,60000,622.765
2024-08-22 22:58:06,BTCUSDT,bid,60000,622.696
2024-08-22 22:58:15,BTCUSDT,bid,60000,622.665
2024-08-22 22:58:16,BTCUSDT,bid,60000,622.67
2024-08-22 22:58:17,BTCUSDT,bid,60000,622.694
2024-08-22 22:58:19,BTCUSDT,bid,60000,622.727
2024-08-22 22:58:19,BTCUSDT,bid,60000,622.715
2024-08-22 22:58:23,BTCUSDT,bid,60000,622.731
2024-08-22 22:58:34,BTCUSDT,bid,60000,622.729
2024-08-22 22:58:35,BTCUSDT,bid,60000,622.704
2024-08-22 22:58:37,BTCUSDT,bid,60000,622.687
2024-08-22 22:58:37,BTCUSDT,bid,60000,622.692
2024-08-22 22:58:38,BTCUSDT,bid,60000,622.69
2024-08-22 22:58:38,BTCUSDT,bid,60000,623.523
2024-08-22 22:58:39,BTCUSDT,bid,60000,623.515
2024-08-22 22:58:41,BTCUSDT,bid,60000,623.47
2024-08-22 22:58:54,BTCUSDT,bid,60000,623.46
2024-08-22 22:59:02,BTCUSDT,bid,60000,623.253
2024-08-22 22:59:05,BTCUSDT,bid,60000,623.212
2024-08-22 22:59:06,BTCUSDT,bid,60000,623.162
2024-08-22 22:59:10,BTCUSDT,bid,60000,623.172
2024-08-22 22:59:11,BTCUSDT,bid,60000,623.147
2024-08-22 22:59:12,BTCUSDT,bid,60000,623.191
2024-08-22 22:59:14,BTCUSDT,bid,60000,623.166
2024-08-22 22:59:16,BTCUSDT,bid,60000,623.083
2024-08-22 22:59:20,BTCUSDT,bid,60000,623.081
2024-08-22 22:59:25,BTCUSDT,bid,60000,623.082
2024-08-22 22:59:26,BTCUSDT,bid,60000,623.072
2024-08-22 22:59:26,BTCUSDT,bid,60000,623.051
2024-08-22 22:59:29,BTCUSDT,bid,60000,623.084
2024-08-22 22:59:31,BTCUSDT,bid,60000,623.134
2024-08-22 22:59:33,BTCUSDT,bid,60000,623.717
2024-08-22 22:59:33,BTCUSDT,bid,60000,623.768
2024-08-22 22:59:47,BTCUSDT,bid,60000,623.708
2024-08-22 22:59:49,BTCUSDT,bid,60000,623.542
2024-08-22 22:59:50,BTCUSDT,bid,60000,623.539
2024-08-22 23:00:03,BTCUSDT,bid,60000,623.456
2024-08-22 23:00:09,BTCUSDT,bid,60000,623.156
2024-08-22 23:00:23,BTCUSDT,bid,60000,623.159
2024-08-22 23:00:24,BTCUSDT,bid,60000,622.976
2024-08-22 23:00:27,BTCUSDT,bid,60000,623.421
2024-08-22 23:00:35,BTCUSDT,bid,60000,623.423
2024-08-22 23:00:35,BTCUSDT,bid,60000,622.978
2024-08-22 23:00:41,BTCUSDT,bid,60000,622.976
2024-08-22 23:00:42,BTCUSDT,bid,60000,622.86
2024-08-22 23:05:12,BTCUSDT,bid,47000,884.99
2024-08-22 23:08:07,BTCUSDT,bid,47000,885.172
2024-08-22 23:17:32,BTCUSDT,ask,61400,813.531
2024-08-22 23:17:46,BTCUSDT,bid,59000,899.396
2024-08-22 23:19:50,BTCUSDT,bid,59100,897.78
2024-08-22 23:21:00,BTCUSDT,bid,59200,895.013
2024-08-22 23:21:34,BTCUSDT,bid,59200,895.855
2024-08-22 23:22:09,BTCUSDT,bid,59200,895.855
2024-08-22 23:29:04,BTCUSDT,ask,61600,1622.042
2024-08-22 23:29:18,BTCUSDT,bid,59200,895.243
2024-08-23 00:42:48,BTCUSDT,bid,47300,803.911
2024-08-23 01:00:07,BTCUSDT,bid,60000,618.11
2024-08-23 01:00:07,BTCUSDT,bid,60000,618.085
2024-08-23 01:00:08,BTCUSDT,bid,60000,618.07
2024-08-23 01:00:14,BTCUSDT,bid,60000,617.904
2024-08-23 01:00:15,BTCUSDT,bid,60000,618.004
2024-08-23 01:00:16,BTCUSDT,bid,60000,618.096
2024-08-23 01:00:21,BTCUSDT,bid,60000,618.09
2024-08-23 01:00:34,BTCUSDT,bid,60000,618.082
2024-08-23 01:00:34,BTCUSDT,bid,60000,618.08
2024-08-23 01:00:36,BTCUSDT,bid,60000,618.083
2024-08-23 01:00:37,BTCUSDT,bid,60000,618.085
2024-08-23 01:00:41,BTCUSDT,bid,60000,618.091
2024-08-23 01:02:18,BTCUSDT,bid,60000,618.644
2024-08-23 01:02:20,BTCUSDT,bid,60000,618.52
2024-08-23 01:02:24,BTCUSDT,bid,60000,618.517
2024-08-23 01:02:33,BTCUSDT,bid,60000,618.513
2024-08-23 01:02:33,BTCUSDT,bid,60000,618.629
2024-08-23 01:02:35,BTCUSDT,bid,60000,618.529
2024-08-23 01:02:37,BTCUSDT,bid,60000,618.533
2024-08-23 01:02:39,BTCUSDT,bid,60000,619.749
2024-08-23 01:02:47,BTCUSDT,bid,60000,619.665
2024-08-23 01:02:47,BTCUSDT,bid,60000,618.449
2024-08-23 01:02:49,BTCUSDT,bid,60000,618.411
2024-08-23 01:02:56,BTCUSDT,bid,60000,618.2
2024-08-23 01:02:59,BTCUSDT,bid,60000,618.194
2024-08-23 01:02:59,BTCUSDT,bid,60000,618.192
2024-08-23 01:03:00,BTCUSDT,bid,60000,618.196
2024-08-23 01:03:03,BTCUSDT,bid,60000,618.194
2024-08-23 01:03:04,BTCUSDT,bid,60000,618.19
2024-08-23 01:03:05,BTCUSDT,bid,60000,618.24
2024-08-23 01:03:07,BTCUSDT,bid,60000,618.243
2024-08-23 01:03:13,BTCUSDT,bid,60000,624.234
2024-08-23 01:03:21,BTCUSDT,bid,60000,618.243
2024-08-23 01:03:29,BTCUSDT,bid,60000,618.253
2024-08-23 01:03:40,BTCUSDT,bid,60000,618.243
2024-08-23 01:03:46,BTCUSDT,bid,60000,618.238
2024-08-23 01:03:50,BTCUSDT,bid,60000,618.24
2024-08-23 01:03:54,BTCUSDT,bid,60000,618.346
2024-08-23 01:04:09,BTCUSDT,bid,60000,620.128
2024-08-23 01:04:21,BTCUSDT,bid,60000,619.492
2024-08-23 01:04:24,BTCUSDT,bid,60000,618.644
2024-08-23 01:04:31,BTCUSDT,bid,60000,618.218
2024-08-23 01:04:57,BTCUSDT,bid,60000,618.224
2024-08-23 01:04:59,BTCUSDT,bid,60000,618.183
2024-08-23 01:04:59,BTCUSDT,bid,60000,618.172
2024-08-23 01:05:03,BTCUSDT,bid,60000,618.192
2024-08-23 01:05:03,BTCUSDT,bid,60000,618.172
2024-08-23 01:05:08,BTCUSDT,bid,60000,619.881
2024-08-23 01:05:25,BTCUSDT,bid,60000,619.875
2024-08-23 01:05:32,BTCUSDT,bid,60000,619.908
2024-08-23 01:05:33,BTCUSDT,bid,60000,619.893
2024-08-23 01:05:42,BTCUSDT,bid,60000,620.009
2024-08-23 01:05:51,BTCUSDT,bid,60000,619.983
2024-08-23 01:06:03,BTCUSDT,bid,60000,619.867
2024-08-23 01:06:04,BTCUSDT,bid,60000,619.873
2024-08-23 01:06:15,BTCUSDT,bid,60000,619.885
2024-08-23 01:06:34,BTCUSDT,bid,60000,620.051
2024-08-23 01:06:37,BTCUSDT,bid,60000,620.049
2024-08-23 01:07:22,BTCUSDT,bid,60000,620.261
2024-08-23 01:07:22,BTCUSDT,bid,60000,620.049
2024-08-23 01:07:22,BTCUSDT,bid,60000,620.149
2024-08-23 01:07:22,BTCUSDT,bid,60000,620.049
2024-08-23 01:07:31,BTCUSDT,bid,60000,620.051
2024-08-23 01:07:33,BTCUSDT,bid,60000,620.061
2024-08-23 01:07:37,BTCUSDT,bid,60000,620.073
2024-08-23 01:07:37,BTCUSDT,bid,60000,620.1
2024-08-23 01:07:59,BTCUSDT,bid,60000,621.908
2024-08-23 01:08:07,BTCUSDT,bid,60000,621.958
2024-08-23 01:08:08,BTCUSDT,bid,60000,621.908
2024-08-23 01:08:19,BTCUSDT,bid,60000,620.0
2024-08-23 01:08:23,BTCUSDT,bid,60000,619.925
2024-08-23 01:08:30,BTCUSDT,bid,60000,619.882
2024-08-23 01:08:33,BTCUSDT,bid,60000,619.888
2024-08-23 01:08:49,BTCUSDT,bid,60000,619.86
2024-08-23 01:08:55,BTCUSDT,bid,60000,619.854
2024-08-23 01:09:14,BTCUSDT,bid,60000,619.831
2024-08-23 01:09:19,BTCUSDT,bid,47000,884.99
2024-08-23 01:09:19,BTCUSDT,bid,60000,619.829
2024-08-23 01:09:23,BTCUSDT,bid,60000,619.831
2024-08-23 01:09:28,BTCUSDT,bid,60000,619.855
2024-08-23 01:09:34,BTCUSDT,bid,60000,619.857
2024-08-23 01:09:35,BTCUSDT,bid,60000,619.793
2024-08-23 01:09:41,BTCUSDT,bid,60000,619.795
2024-08-23 01:09:57,BTCUSDT,bid,60000,619.903
2024-08-23 01:09:58,BTCUSDT,bid,60000,619.907
2024-08-23 01:10:08,BTCUSDT,bid,60000,619.893
2024-08-23 01:10:34,BTCUSDT,bid,60000,619.727
2024-08-23 01:10:41,BTCUSDT,bid,60000,619.719
2024-08-23 01:10:42,BTCUSDT,bid,60000,629.719
2024-08-23 01:10:49,BTCUSDT,bid,60000,629.774
2024-08-23 01:11:01,BTCUSDT,bid,60000,629.741
2024-08-23 01:11:04,BTCUSDT,bid,60000,629.907
2024-08-23 01:11:09,BTCUSDT,bid,60000,629.909
2024-08-23 01:11:13,BTCUSDT,bid,60000,629.835
2024-08-23 01:11:16,BTCUSDT,bid,60000,629.849
2024-08-23 01:11:45,BTCUSDT,bid,60000,628.14
2024-08-23 01:11:51,BTCUSDT,bid,60000,628.177
2024-08-23 01:12:00,BTCUSDT,bid,60000,628.171
2024-08-23 01:12:03,BTCUSDT,bid,60000,628.15
2024-08-23 01:12:37,BTCUSDT,bid,60000,628.137
2024-08-23 01:12:46,BTCUSDT,bid,60000,628.14
2024-08-23 01:13:03,BTCUSDT,bid,60000,628.147
2024-08-23 01:14:05,BTCUSDT,bid,60000,628.145
2024-08-23 01:14:27,BTCUSDT,bid,60000,628.148
2024-08-23 01:14:42,BTCUSDT,bid,60000,628.146
2024-08-23 01:14:52,BTCUSDT,bid,60000,628.178
2024-08-23 01:15:22,BTCUSDT,bid,60000,628.171
2024-08-23 01:15:25,BTCUSDT,bid,60000,628.161
2024-08-23 01:15:40,BTCUSDT,bid,60000,628.111
2024-08-23 01:15:47,BTCUSDT,bid,60000,628.087
2024-08-23 01:15:49,BTCUSDT,bid,60000,628.137
2024-08-23 01:15:56,BTCUSDT,bid,60000,628.087
2024-08-23 01:16:39,BTCUSDT,bid,60000,628.13
2024-08-23 01:16:43,BTCUSDT,bid,60000,628.132
2024-08-23 01:17:07,BTCUSDT,bid,60000,628.122
2024-08-23 01:17:10,BTCUSDT,bid,60000,628.042
2024-08-23 01:17:11,BTCUSDT,bid,60000,627.961
2024-08-23 01:17:24,BTCUSDT,bid,60000,627.874
2024-08-23 01:17:25,BTCUSDT,bid,60000,627.86
2024-08-23 01:17:26,BTCUSDT,bid,60000,627.854
2024-08-23 01:17:36,BTCUSDT,bid,60000,627.878
2024-08-23 01:17:45,BTCUSDT,bid,60000,627.884
2024-08-23 01:17:46,BTCUSDT,bid,60000,627.917
2024-08-23 01:17:57,BTCUSDT,bid,60000,627.897
2024-08-23 01:18:05,BTCUSDT,bid,60000,627.924
2024-08-23 01:18:50,BTCUSDT,bid,60000,627.941
2024-08-23 01:18:50,BTCUSDT,bid,60000,627.924
2024-08-23 01:18:59,BTCUSDT,bid,60000,627.985
2024-08-23 01:19:29,BTCUSDT,bid,60000,628.092
2024-08-23 01:19:43,BTCUSDT,bid,60000,628.084
2024-08-23 01:20:02,BTCUSDT,bid,60000,628.079
2024-08-23 01:20:14,BTCUSDT,bid,60000,628.076
2024-08-23 01:20:15,BTCUSDT,bid,60000,628.048
2024-08-23 01:20:55,BTCUSDT,bid,60000,628.045
2024-08-23 01:21:04,BTCUSDT,bid,60000,628.023
2024-08-23 01:21:26,BTCUSDT,bid,60000,628.025
2024-08-23 01:21:41,BTCUSDT,bid,60000,628.022
2024-08-23 01:21:42,BTCUSDT,bid,60000,628.014
2024-08-23 01:21:51,BTCUSDT,bid,60000,628.02
2024-08-23 01:21:59,BTCUSDT,bid,60000,628.014
2024-08-23 01:21:59,BTCUSDT,bid,60000,627.953
2024-08-23 01:22:02,BTCUSDT,bid,60000,627.958
2024-08-23 01:22:07,BTCUSDT,bid,60000,627.948
2024-08-23 01:22:42,BTCUSDT,bid,60000,627.94
2024-08-23 01:23:26,BTCUSDT,bid,60000,627.964
2024-08-23 01:23:37,BTCUSDT,bid,60000,628.964
2024-08-23 01:23:46,BTCUSDT,bid,60000,628.972
2024-08-23 01:23:56,BTCUSDT,bid,60000,628.993
2024-08-23 01:24:06,BTCUSDT,bid,60000,628.333
2024-08-23 01:24:28,BTCUSDT,bid,47000,885.011
2024-08-23 01:24:41,BTCUSDT,bid,60000,628.309
2024-08-23 01:24:47,BTCUSDT,bid,60000,628.307
2024-08-23 01:24:57,BTCUSDT,bid,60000,628.291
2024-08-23 01:25:10,BTCUSDT,bid,60000,628.411
2024-08-23 01:25:17,BTCUSDT,bid,60000,628.291
2024-08-23 01:25:29,BTCUSDT,bid,60000,628.286
2024-08-23 01:25:40,BTCUSDT,bid,60000,628.28
2024-08-23 01:25:49,BTCUSDT,bid,60000,628.038
2024-08-23 01:25:57,BTCUSDT,bid,60000,628.047
2024-08-23 01:26:26,BTCUSDT,bid,60000,628.045
2024-08-23 01:26:50,BTCUSDT,bid,60000,628.137
2024-08-23 01:27:07,BTCUSDT,bid,60000,628.139
2024-08-23 01:27:30,BTCUSDT,bid,60000,628.177
2024-08-23 01:27:55,BTCUSDT,bid,60000,628.161
2024-08-23 01:27:55,BTCUSDT,bid,60000,628.159
2024-08-23 01:28:05,BTCUSDT,bid,60000,628.093
2024-08-23 01:28:44,BTCUSDT,bid,60000,628.159
2024-08-23 01:29:06,BTCUSDT,bid,60000,628.157
2024-08-23 01:29:10,BTCUSDT,bid,60000,628.102
2024-08-23 01:29:30,BTCUSDT,bid,60000,628.117
2024-08-23 01:29:36,BTCUSDT,bid,60000,628.112
2024-08-23 01:29:38,BTCUSDT,bid,60000,628.118
2024-08-23 01:29:39,BTCUSDT,bid,60000,626.518
2024-08-23 01:29:59,BTCUSDT,bid,60000,626.521
2024-08-23 01:30:13,BTCUSDT,bid,60000,626.52
2024-08-23 01:30:34,BTCUSDT,bid,60000,627.027
2024-08-23 01:30:35,BTCUSDT,bid,60000,627.043
2024-08-23 01:30:46,BTCUSDT,bid,60000,627.027
2024-08-23 01:30:56,BTCUSDT,bid,60000,627.036
2024-08-23 01:31:06,BTCUSDT,bid,60000,626.986
2024-08-23 01:31:14,BTCUSDT,bid,60000,626.465
2024-08-23 01:31:37,BTCUSDT,bid,60000,626.459
2024-08-23 01:32:04,BTCUSDT,bid,60000,626.456
2024-08-23 01:32:12,BTCUSDT,bid,60000,626.268
2024-08-23 01:32:31,BTCUSDT,bid,60000,626.468
2024-08-23 01:32:58,BTCUSDT,bid,60000,626.471
2024-08-23 01:33:05,BTCUSDT,bid,60000,626.468
2024-08-23 01:33:17,BTCUSDT,bid,60000,626.402
2024-08-23 01:33:35,BTCUSDT,bid,60000,626.398
2024-08-23 01:33:55,BTCUSDT,bid,60000,627.231
2024-08-23 01:34:02,BTCUSDT,bid,60000,627.233
2024-08-23 01:34:14,BTCUSDT,bid,47000,885.926
2024-08-23 01:34:14,BTCUSDT,bid,60000,626.4
2024-08-23 01:34:30,BTCUSDT,bid,60000,626.398
2024-08-23 01:34:32,BTCUSDT,bid,60000,626.401
2024-08-23 01:34:57,BTCUSDT,bid,60000,626.403
2024-08-23 01:35:19,BTCUSDT,bid,60000,626.536
2024-08-23 01:35:41,BTCUSDT,bid,60000,626.591
2024-08-23 01:36:12,BTCUSDT,bid,60000,626.491
2024-08-23 01:36:22,BTCUSDT,bid,60000,626.493
2024-08-23 01:36:29,BTCUSDT,bid,60000,627.118
2024-08-23 01:36:37,BTCUSDT,bid,60000,627.19
2024-08-23 01:36:43,BTCUSDT,bid,60000,626.774
2024-08-23 01:36:56,BTCUSDT,bid,60000,627.274
2024-08-23 01:37:24,BTCUSDT,bid,60000,627.344
2024-08-23 01:37:35,BTCUSDT,bid,60000,627.392
2024-08-23 01:37:48,BTCUSDT,bid,60000,627.492
2024-08-23 01:37:57,BTCUSDT,bid,60000,627.385
2024-08-23 01:38:02,BTCUSDT,bid,60000,627.361
2024-08-23 01:38:30,BTCUSDT,bid,60000,627.367
2024-08-23 01:39:53,BTCUSDT,bid,60000,627.312
2024-08-23 01:40:20,BTCUSDT,bid,60000,628.145
2024-08-23 01:40:49,BTCUSDT,bid,60000,628.207
2024-08-23 01:41:11,BTCUSDT,bid,60000,628.213
2024-08-23 01:41:45,BTCUSDT,bid,60000,628.207
2024-08-23 01:42:32,BTCUSDT,bid,60000,628.239
2024-08-23 01:42:37,BTCUSDT,bid,60000,628.173
2024-08-23 01:43:06,BTCUSDT,bid,60000,628.157
2024-08-23 01:43:11,BTCUSDT,bid,60000,628.146
2024-08-23 01:43:23,BTCUSDT,bid,60000,628.148
2024-08-23 01:43:27,BTCUSDT,bid,60000,628.255
2024-08-23 01:43:38,BTCUSDT,bid,60000,628.284
2024-08-23 01:43:41,BTCUSDT,bid,60000,628.282
2024-08-23 01:57:44,BTCUSDT,bid,47300,803.94
2024-08-23 01:58:23,BTCUSDT,bid,47300,803.911
2024-08-23 02:10:12,BTCUSDT,bid,47300,803.94
2024-08-23 02:30:46,BTCUSDT,bid,47000,886.032
2024-08-23 02:38:18,BTCUSDT,bid,60000,642.887
2024-08-23 02:38:30,BTCUSDT,bid,60000,642.487
2024-08-23 02:38:46,BTCUSDT,bid,60000,641.737
2024-08-23 02:39:00,BTCUSDT,bid,60000,641.778
2024-08-23 02:39:07,BTCUSDT,bid,60000,641.776
2024-08-23 02:39:13,BTCUSDT,bid,60000,641.735
2024-08-23 02:39:31,BTCUSDT,bid,60000,641.738
2024-08-23 02:39:45,BTCUSDT,bid,60000,641.75
2024-08-23 02:40:06,BTCUSDT,bid,60000,641.765
2024-08-23 02:40:21,BTCUSDT,bid,60000,641.77
2024-08-23 02:41:15,BTCUSDT,bid,60000,641.768
2024-08-23 02:41:17,BTCUSDT,bid,60000,641.74
2024-08-23 02:41:37,BTCUSDT,bid,60000,641.742
2024-08-23 02:41:53,BTCUSDT,bid,60000,641.66
2024-08-23 02:41:55,BTCUSDT,bid,60000,639.523
2024-08-23 02:42:16,BTCUSDT,bid,60000,639.564
2024-08-23 02:42:33,BTCUSDT,bid,60000,639.514
2024-08-23 02:42:34,BTCUSDT,bid,60000,639.516
2024-08-23 02:42:49,BTCUSDT,bid,60000,639.566
2024-08-23 02:42:50,BTCUSDT,bid,60000,639.616
2024-08-23 02:43:20,BTCUSDT,bid,60000,639.614
2024-08-23 02:43:29,BTCUSDT,bid,60000,639.616
2024-08-23 02:43:37,BTCUSDT,bid,60000,639.618
2024-08-23 02:43:39,BTCUSDT,bid,60000,639.656
2024-08-23 02:43:52,BTCUSDT,bid,60000,639.658
2024-08-23 02:43:53,BTCUSDT,bid,60000,639.656
2024-08-23 02:44:15,BTCUSDT,bid,60000,639.681
2024-08-23 02:44:41,BTCUSDT,bid,60000,639.598
2024-08-23 02:45:20,BTCUSDT,bid,60000,639.612
2024-08-23 02:45:22,BTCUSDT,bid,60000,639.583
2024-08-23 02:45:47,BTCUSDT,bid,60000,639.505
2024-08-23 02:45:47,BTCUSDT,bid,60000,639.513
2024-08-23 02:46:00,BTCUSDT,bid,60000,639.516
2024-08-23 02:46:21,BTCUSDT,bid,60000,639.705
2024-08-23 02:46:48,BTCUSDT,bid,60000,639.702
2024-08-23 02:46:50,BTCUSDT,bid,60000,639.707
2024-08-23 02:47:00,BTCUSDT,bid,60000,639.607
2024-08-23 02:47:09,BTCUSDT,bid,60000,639.586
2024-08-23 02:48:00,BTCUSDT,bid,60000,639.877
2024-08-23 02:48:11,BTCUSDT,bid,60000,639.791
2024-08-23 02:48:54,BTCUSDT,bid,60000,639.794
2024-08-23 02:48:56,BTCUSDT,bid,60000,639.801
2024-08-23 02:49:01,BTCUSDT,bid,60000,639.793
2024-08-23 02:49:52,BTCUSDT,bid,60000,639.772
2024-08-23 02:50:52,BTCUSDT,bid,60000,639.779
2024-08-23 02:51:16,BTCUSDT,bid,60000,639.772
2024-08-23 02:51:35,BTCUSDT,bid,60000,639.771
2024-08-23 02:51:39,BTCUSDT,bid,60000,639.854
2024-08-23 02:51:54,BTCUSDT,bid,60000,639.856
2024-08-23 02:51:59,BTCUSDT,bid,60000,642.021
2024-08-23 02:51:59,BTCUSDT,bid,60000,642.166
2024-08-23 02:52:06,BTCUSDT,bid,60000,642.169
2024-08-23 02:52:11,BTCUSDT,bid,60000,642.166
2024-08-23 02:52:29,BTCUSDT,bid,60000,642.218
2024-08-23 02:52:30,BTCUSDT,bid,60000,642.211
2024-08-23 02:53:08,BTCUSDT,bid,60000,642.218
2024-08-23 02:53:09,BTCUSDT,bid,60000,642.221
2024-08-23 02:53:14,BTCUSDT,bid,60000,641.93
2024-08-23 02:53:36,BTCUSDT,bid,60000,641.928
2024-08-23 02:54:03,BTCUSDT,bid,60000,641.926
2024-08-23 02:54:11,BTCUSDT,bid,60000,641.919
2024-08-23 02:54:27,BTCUSDT,bid,60000,641.917
2024-08-23 02:54:41,BTCUSDT,bid,60000,641.947
2024-08-23 02:54:41,BTCUSDT,bid,60000,641.084
2024-08-23 02:54:53,BTCUSDT,bid,60000,641.292
2024-08-23 02:55:11,BTCUSDT,bid,60000,641.295
2024-08-23 02:55:23,BTCUSDT,bid,60000,641.298
2024-08-23 02:55:48,BTCUSDT,bid,60000,641.295
2024-08-23 02:56:09,BTCUSDT,bid,60000,641.386
2024-08-23 02:56:35,BTCUSDT,bid,60000,641.388
2024-08-23 02:57:22,BTCUSDT,bid,60000,641.47
2024-08-23 02:57:33,BTCUSDT,bid,60000,644.67
2024-08-23 02:57:56,BTCUSDT,bid,60000,644.668
2024-08-23 02:58:29,BTCUSDT,bid,60000,644.665
2024-08-23 02:58:51,BTCUSDT,bid,60000,644.682
2024-08-23 02:59:05,BTCUSDT,bid,60000,644.684
2024-08-23 02:59:27,BTCUSDT,bid,60000,644.634
2024-08-23 03:00:33,BTCUSDT,bid,60000,644.664
2024-08-23 03:00:50,BTCUSDT,bid,60000,645.593
2024-08-23 03:00:52,BTCUSDT,bid,60000,645.595
2024-08-23 03:01:07,BTCUSDT,bid,60000,645.592
2024-08-23 03:01:07,BTCUSDT,bid,60000,645.59
2024-08-23 03:01:12,BTCUSDT,bid,60000,645.588
2024-08-23 03:01:23,BTCUSDT,bid,60000,644.659
2024-08-23 03:01:41,BTCUSDT,bid,60000,644.568
2024-08-23 03:01:44,BTCUSDT,bid,60000,644.527
2024-08-23 03:01:56,BTCUSDT,bid,60000,644.627
2024-08-23 03:01:59,BTCUSDT,bid,60000,644.647
2024-08-23 03:02:13,BTCUSDT,bid,60000,644.547
2024-08-23 03:03:35,BTCUSDT,bid,60000,644.402
2024-08-23 03:04:01,BTCUSDT,bid,60000,644.352
2024-08-23 03:04:40,BTCUSDT,bid,60000,644.348
2024-08-23 03:04:52,BTCUSDT,bid,60000,644.33
2024-08-23 03:05:58,BTCUSDT,bid,60000,644.43
2024-08-23 03:07:20,BTCUSDT,bid,60000,644.428
2024-08-23 03:07:23,BTCUSDT,bid,60000,644.43
2024-08-23 03:07:41,BTCUSDT,bid,60000,642.265
2024-08-23 03:07:45,BTCUSDT,bid,60000,642.245
2024-08-23 03:09:25,BTCUSDT,bid,60000,642.249
2024-08-23 03:10:07,BTCUSDT,bid,60000,642.246
2024-08-23 03:10:24,BTCUSDT,bid,60000,642.219
2024-08-23 03:10:28,BTCUSDT,bid,60000,642.202
2024-08-23 03:10:37,BTCUSDT,bid,60000,642.17
2024-08-23 03:11:03,BTCUSDT,bid,60000,642.203
2024-08-23 03:11:10,BTCUSDT,bid,60000,642.2
2024-08-23 03:11:19,BTCUSDT,bid,60000,642.177
2024-08-23 03:11:42,BTCUSDT,bid,60000,642.175
2024-08-23 03:11:44,BTCUSDT,bid,60000,642.183
2024-08-23 03:11:44,BTCUSDT,bid,60000,642.175
2024-08-23 03:12:56,BTCUSDT,bid,60000,642.192
2024-08-23 03:12:56,BTCUSDT,bid,60000,642.175
2024-08-23 03:12:58,BTCUSDT,bid,60000,642.192
2024-08-23 03:12:59,BTCUSDT,bid,60000,642.175
2024-08-23 03:13:00,BTCUSDT,bid,60000,642.192
2024-08-23 03:13:01,BTCUSDT,bid,60000,642.175
2024-08-23 03:13:10,BTCUSDT,bid,60000,642.172
2024-08-23 03:13:31,BTCUSDT,bid,60000,642.178
2024-08-23 03:14:55,BTCUSDT,bid,60000,642.182
2024-08-23 03:15:09,BTCUSDT,bid,60000,642.127
2024-08-23 03:15:16,BTCUSDT,bid,60000,642.014
2024-08-23 03:15:31,BTCUSDT,bid,60000,642.18
2024-08-23 03:15:31,BTCUSDT,bid,60000,642.13
2024-08-23 03:15:31,BTCUSDT,bid,60000,641.964
2024-08-23 03:15:39,BTCUSDT,bid,60000,641.99
2024-08-23 03:15:41,BTCUSDT,bid,60000,641.96
2024-08-23 03:15:53,BTCUSDT,bid,60000,641.944
2024-08-23 03:16:28,BTCUSDT,bid,60000,641.942
2024-08-23 03:16:39,BTCUSDT,bid,60000,641.905
2024-08-23 03:16:45,BTCUSDT,bid,60000,641.903
2024-08-23 03:17:19,BTCUSDT,bid,60000,644.632
2024-08-23 03:18:12,BTCUSDT,bid,60000,644.634
2024-08-23 03:18:20,BTCUSDT,bid,60000,644.636
2024-08-23 03:18:42,BTCUSDT,bid,60000,644.236
2024-08-23 03:19:49,BTCUSDT,bid,60000,644.332
2024-08-23 03:20:00,BTCUSDT,bid,60000,644.199
2024-08-23 03:20:07,BTCUSDT,bid,60000,644.201
2024-08-23 03:20:32,BTCUSDT,bid,60000,644.206
2024-08-23 03:20:54,BTCUSDT,bid,60000,673.777
2024-08-23 03:21:31,BTCUSDT,bid,60000,673.744
2024-08-23 03:22:28,BTCUSDT,bid,60000,673.964
2024-08-23 03:22:36,BTCUSDT,bid,60000,673.967
2024-08-23 03:23:08,BTCUSDT,bid,60000,673.979
2024-08-23 03:23:20,BTCUSDT,bid,60000,674.062
2024-08-23 03:23:26,BTCUSDT,bid,60000,674.066
2024-08-23 03:23:33,BTCUSDT,bid,60000,674.016
2024-08-23 03:23:51,BTCUSDT,bid,60000,674.031
2024-08-23 03:23:55,BTCUSDT,bid,60000,674.024
2024-08-23 03:24:42,BTCUSDT,bid,60000,674.032
2024-08-23 03:24:53,BTCUSDT,bid,60000,674.073
2024-08-23 03:24:56,BTCUSDT,bid,59100,1004.003
2024-08-23 03:25:02,BTCUSDT,bid,59100,1009.903
2024-08-23 03:25:13,BTCUSDT,bid,60000,674.094
2024-08-23 03:25:18,BTCUSDT,bid,60000,674.069
2024-08-23 03:25:19,BTCUSDT,bid,60000,666.509
2024-08-23 03:25:41,BTCUSDT,bid,60000,666.451
2024-08-23 03:25:44,BTCUSDT,bid,60000,666.436
2024-08-23 03:26:15,BTCUSDT,bid,60000,666.403
2024-08-23 03:26:20,BTCUSDT,bid,60000,666.436
2024-08-23 03:26:22,BTCUSDT,bid,60000,666.494
2024-08-23 03:27:07,BTCUSDT,bid,60000,666.486
2024-08-23 03:27:14,BTCUSDT,bid,60000,666.484
2024-08-23 03:27:15,BTCUSDT,bid,60000,666.426
2024-08-23 03:27:21,BTCUSDT,bid,60000,666.436
2024-08-23 03:27:28,BTCUSDT,bid,60000,665.936
2024-08-23 03:27:39,BTCUSDT,bid,60000,665.92
2024-08-23 03:29:17,BTCUSDT,bid,60000,665.915
2024-08-23 03:29:35,BTCUSDT,bid,60000,665.816
2024-08-23 03:30:08,BTCUSDT,bid,60000,666.114
2024-08-23 03:30:36,BTCUSDT,bid,60000,666.214
2024-08-23 03:31:02,BTCUSDT,bid,60000,666.231
2024-08-23 03:32:09,BTCUSDT,bid,60000,666.272
2024-08-23 03:32:27,BTCUSDT,bid,60000,666.29
2024-08-23 03:32:34,BTCUSDT,bid,60000,666.717
2024-08-23 03:32:40,BTCUSDT,bid,60000,666.699
2024-08-23 03:32:45,BTCUSDT,bid,60000,666.651
2024-08-23 03:33:00,BTCUSDT,bid,60000,666.701
2024-08-23 03:33:48,BTCUSDT,bid,60000,666.718
2024-08-23 03:33:48,BTCUSDT,bid,60000,666.701
2024-08-23 03:34:01,BTCUSDT,bid,60000,666.685
2024-08-23 03:34:33,BTCUSDT,bid,60000,666.644
2024-08-23 03:35:34,BTCUSDT,bid,60000,666.81
2024-08-23 03:35:40,BTCUSDT,bid,60000,666.644
2024-08-23 03:36:05,BTCUSDT,bid,60000,666.548
2024-08-23 03:36:26,BTCUSDT,bid,60000,666.531
2024-08-23 03:36:41,BTCUSDT,bid,60000,666.547
2024-08-23 03:36:52,BTCUSDT,bid,60000,666.713
2024-08-23 03:37:05,BTCUSDT,bid,60000,666.723
2024-08-23 03:37:06,BTCUSDT,bid,60000,666.705
2024-08-23 03:37:07,BTCUSDT,bid,60000,666.701
2024-08-23 03:37:08,BTCUSDT,bid,60000,666.535
2024-08-23 03:38:00,BTCUSDT,bid,60000,666.516
2024-08-23 03:38:22,BTCUSDT,bid,60000,666.529
2024-08-23 03:38:39,BTCUSDT,bid,60000,666.52
2024-08-23 03:39:17,BTCUSDT,bid,60000,666.504
2024-08-23 03:39:44,BTCUSDT,bid,60000,666.566
2024-08-23 03:40:23,BTCUSDT,bid,60000,666.626
2024-08-23 03:40:32,BTCUSDT,bid,60000,666.493
2024-08-23 03:40:32,BTCUSDT,bid,60000,666.421
2024-08-23 03:40:35,BTCUSDT,bid,60000,666.359
2024-08-23 03:40:55,BTCUSDT,bid,60000,666.471
2024-08-23 03:41:11,BTCUSDT,bid,60000,666.468
2024-08-23 03:42:18,BTCUSDT,bid,60000,666.518
2024-08-23 03:42:37,BTCUSDT,bid,60000,666.586
2024-08-23 03:43:14,BTCUSDT,bid,60000,666.641
2024-08-23 03:43:41,BTCUSDT,bid,60000,666.575
2024-08-23 03:43:54,BTCUSDT,bid,60000,666.56
2024-08-23 03:43:56,BTCUSDT,bid,60000,666.558
2024-08-23 03:43:58,BTCUSDT,bid,60000,666.547
2024-08-23 03:44:48,BTCUSDT,bid,60000,666.249
2024-08-23 03:45:24,BTCUSDT,bid,60000,666.949
2024-08-23 03:45:34,BTCUSDT,bid,60000,666.881
2024-08-23 03:45:49,BTCUSDT,bid,60000,666.901
2024-08-23 03:46:09,BTCUSDT,bid,60000,663.701
2024-08-23 03:46:59,BTCUSDT,bid,60000,663.026
2024-08-23 03:47:11,BTCUSDT,bid,60000,662.849
2024-08-23 03:47:25,BTCUSDT,bid,60000,662.841
2024-08-23 03:47:34,BTCUSDT,bid,60000,662.836
2024-08-23 03:47:56,BTCUSDT,bid,60000,662.381
2024-08-22 07:00:16,BTCUSD_PERP,bid,60600,1076.96
2024-08-22 07:00:16,BTCUSD_PERP,bid,60600,1017.53
2024-08-22 07:00:16,BTCUSD_PERP,bid,60600,958.1
2024-08-22 07:00:16,BTCUSD_PERP,bid,60600,838.02
2024-08-22 07:00:16,BTCUSD_PERP,bid,60600,777.98
2024-08-22 07:00:17,BTCUSD_PERP,bid,60600,658.51
2024-08-22 07:00:17,BTCUSD_PERP,bid,60600,539.65
2024-08-22 07:00:17,BTCUSD_PERP,bid,60600,597.04
2024-08-22 07:00:17,BTCUSD_PERP,bid,60600,657.11
2024-08-22 07:00:17,BTCUSD_PERP,bid,60600,777.25
2024-08-22 07:00:17,BTCUSD_PERP,bid,60600,837.32
2024-08-22 07:00:18,BTCUSD_PERP,bid,60600,957.46
2024-08-22 07:00:18,BTCUSD_PERP,bid,60600,523.97
2024-08-22 07:00:18,BTCUSD_PERP,bid,60600,1016.92
2024-08-22 07:00:18,BTCUSD_PERP,bid,60600,1076.89
2024-08-22 07:00:26,BTCUSD_PERP,bid,60600,1076.93
2024-08-22 07:00:40,BTCUSD_PERP,bid,60600,1081.19
2024-08-22 07:01:41,BTCUSD_PERP,bid,60600,1021.73
2024-08-22 07:01:42,BTCUSD_PERP,bid,60600,842.13
2024-08-22 07:01:43,BTCUSD_PERP,bid,60700,494.2
2024-08-22 07:01:43,BTCUSD_PERP,bid,60700,554.31
2024-08-22 07:01:45,BTCUSD_PERP,bid,60700,556.49
2024-08-22 07:01:54,BTCUSD_PERP,bid,60700,496.38
2024-08-22 07:01:54,BTCUSD_PERP,bid,60600,539.59
2024-08-22 07:03:41,BTCUSD_PERP,bid,60700,496.38
2024-08-22 07:03:44,BTCUSD_PERP,bid,60700,496.38
2024-08-22 07:03:45,BTCUSD_PERP,bid,60700,494.2
2024-08-22 07:03:45,BTCUSD_PERP,bid,60700,496.38
2024-08-22 07:04:07,BTCUSD_PERP,bid,60600,957.37
2024-08-22 07:04:07,BTCUSD_PERP,bid,60600,524.0
2024-08-22 07:04:07,BTCUSD_PERP,bid,60600,1017.44
2024-08-22 07:08:08,BTCUSD_PERP,bid,60600,837.23
2024-08-22 07:08:08,BTCUSD_PERP,bid,60600,776.69
2024-08-22 07:08:08,BTCUSD_PERP,bid,60600,836.72
2024-08-22 07:08:08,BTCUSD_PERP,bid,60600,896.75
2024-08-22 07:08:11,BTCUSD_PERP,bid,60600,597.9
2024-08-22 07:08:11,BTCUSD_PERP,bid,60600,776.37
2024-08-22 07:08:11,BTCUSD_PERP,bid,60600,836.38
2024-08-22 07:08:11,BTCUSD_PERP,bid,60600,896.39
2024-08-22 07:08:26,BTCUSD_PERP,bid,60600,657.57
2024-08-22 07:08:26,BTCUSD_PERP,bid,60600,836.74
2024-08-22 07:08:26,BTCUSD_PERP,bid,60600,896.77
2024-08-22 07:08:52,BTCUSD_PERP,bid,60600,896.39
2024-08-22 07:08:52,BTCUSD_PERP,bid,60600,956.4
2024-08-22 07:11:27,BTCUSD_PERP,bid,60600,956.44
2024-08-22 07:11:27,BTCUSD_PERP,bid,60600,956.48
2024-08-22 07:12:26,BTCUSD_PERP,bid,60600,896.47
2024-08-22 07:14:16,BTCUSD_PERP,bid,60600,717.15
2024-08-22 07:15:19,BTCUSD_PERP,bid,60600,598.17
2024-08-22 07:15:19,BTCUSD_PERP,bid,60600,658.18
2024-08-22 07:15:49,BTCUSD_PERP,bid,47000,2452.11
2024-08-22 07:15:49,BTCUSD_PERP,ask,64500,1618.8
2024-08-22 07:16:23,BTCUSD_PERP,bid,60600,598.78
2024-08-22 07:16:23,BTCUSD_PERP,bid,60600,538.77
2024-08-22 07:18:37,BTCUSD_PERP,bid,60600,1015.8
2024-08-22 07:18:37,BTCUSD_PERP,bid,60600,1075.81
2024-08-22 07:18:43,BTCUSD_PERP,bid,60600,1016.41
2024-08-22 07:18:43,BTCUSD_PERP,bid,60600,956.4
2024-08-22 07:18:43,BTCUSD_PERP,bid,60600,836.38
2024-08-22 07:18:43,BTCUSD_PERP,bid,60600,776.37
2024-08-22 07:18:43,BTCUSD_PERP,bid,60600,537.65
2024-08-22 07:18:43,BTCUSD_PERP,bid,60600,548.59
2024-08-22 07:18:44,BTCUSD_PERP,bid,60600,608.64
2024-08-22 07:18:44,BTCUSD_PERP,bid,60600,668.69
2024-08-22 07:18:44,BTCUSD_PERP,bid,60600,788.17
2024-08-22 07:18:44,BTCUSD_PERP,bid,60600,848.22
2024-08-22 07:18:44,BTCUSD_PERP,bid,60600,907.65
2024-08-22 07:18:44,BTCUSD_PERP,bid,60600,967.7
2024-08-22 07:18:44,BTCUSD_PERP,bid,60600,1027.13
2024-08-22 07:18:45,BTCUSD_PERP,bid,60600,1029.31
2024-08-22 07:19:09,BTCUSD_PERP,ask,2960000,222.17
2024-08-22 07:19:19,BTCUSD_PERP,bid,60600,657.1
2024-08-22 07:19:19,BTCUSD_PERP,bid,60600,717.11
2024-08-22 07:34:08,BTCUSD_PERP,bid,60600,547.41
2024-08-22 07:34:08,BTCUSD_PERP,bid,60600,666.17
2024-08-22 07:34:08,BTCUSD_PERP,bid,60600,786.13
2024-08-22 07:34:08,BTCUSD_PERP,bid,60600,846.11
2024-08-22 08:21:20,BTCUSD_PERP,ask,61500,495.09
2024-08-22 08:21:30,BTCUSD_PERP,ask,61500,504.93
2024-08-22 08:21:30,BTCUSD_PERP,ask,61500,514.77
2024-08-22 08:21:42,BTCUSD_PERP,ask,61500,535.07
2024-08-22 08:22:11,BTCUSD_PERP,ask,61500,528.92
2024-08-22 08:22:13,BTCUSD_PERP,ask,61500,519.09
2024-08-22 08:22:19,BTCUSD_PERP,ask,61500,509.25
2024-08-22 08:22:21,BTCUSD_PERP,ask,61500,499.41
2024-08-22 08:30:15,BTCUSD_PERP,ask,61600,496.11
2024-08-22 08:30:16,BTCUSD_PERP,ask,61600,502.25
2024-08-22 08:30:17,BTCUSD_PERP,ask,61600,512.09
2024-08-22 08:30:19,BTCUSD_PERP,ask,61600,521.93
2024-08-22 08:30:23,BTCUSD_PERP,ask,61600,531.77
2024-08-22 08:30:25,BTCUSD_PERP,ask,61600,537.91
2024-08-22 08:30:26,BTCUSD_PERP,ask,61600,547.75
2024-08-22 08:31:09,BTCUSD_PERP,ask,61600,537.91
2024-08-22 08:31:11,BTCUSD_PERP,ask,61600,528.07
2024-08-22 08:31:13,BTCUSD_PERP,ask,61600,518.23
2024-08-22 08:31:15,BTCUSD_PERP,ask,61600,508.39
2024-08-22 08:31:15,BTCUSD_PERP,ask,61600,498.85
2024-08-22 08:31:16,BTCUSD_PERP,ask,61600,492.71
2024-08-22 08:44:18,BTCUSD_PERP,ask,60800,664.03
2024-08-22 08:44:18,BTCUSD_PERP,ask,60800,662.03
2024-08-22 08:44:53,BTCUSD_PERP,ask,61400,495.92
2024-08-22 08:45:00,BTCUSD_PERP,ask,61400,505.74
2024-08-22 08:45:01,BTCUSD_PERP,ask,61400,515.56
2024-08-22 08:45:16,BTCUSD_PERP,ask,61400,505.52
2024-08-22 08:45:16,BTCUSD_PERP,ask,61400,515.65
2024-08-22 08:45:16,BTCUSD_PERP,ask,61400,525.47
2024-08-22 08:45:17,BTCUSD_PERP,ask,61400,515.73
2024-08-22 08:45:18,BTCUSD_PERP,ask,61400,525.55
2024-08-22 08:45:18,BTCUSD_PERP,ask,61400,535.37
2024-08-22 08:45:20,BTCUSD_PERP,ask,61400,529.29
2024-08-22 08:45:21,BTCUSD_PERP,ask,61400,535.43
2024-08-22 08:45:21,BTCUSD_PERP,ask,61400,529.35
2024-08-22 08:45:21,BTCUSD_PERP,ask,61400,535.49
2024-08-22 08:45:23,BTCUSD_PERP,ask,61400,529.41
2024-08-22 08:45:23,BTCUSD_PERP,ask,61400,535.55
2024-08-22 08:45:25,BTCUSD_PERP,ask,61400,525.81
2024-08-22 08:45:25,BTCUSD_PERP,ask,61400,535.63
2024-08-22 08:45:27,BTCUSD_PERP,ask,61400,529.55
2024-08-22 08:45:28,BTCUSD_PERP,ask,61400,535.69
2024-08-22 08:45:29,BTCUSD_PERP,ask,61400,541.83
2024-08-22 08:45:32,BTCUSD_PERP,ask,61400,535.69
2024-08-22 08:45:32,BTCUSD_PERP,ask,61400,541.83
2024-08-22 08:45:54,BTCUSD_PERP,ask,61400,532.01
2024-08-22 08:45:59,BTCUSD_PERP,bid,47000,2452.17
2024-08-22 08:45:59,BTCUSD_PERP,ask,64500,1618.86
2024-08-22 08:46:01,BTCUSD_PERP,ask,61400,522.19
2024-08-22 08:46:02,BTCUSD_PERP,ask,61400,512.37
2024-08-22 08:46:16,BTCUSD_PERP,ask,61400,502.55
2024-08-22 08:46:17,BTCUSD_PERP,ask,61400,492.73
2024-08-22 08:56:32,BTCUSD_PERP,bid,44000,1137.23
2024-08-22 09:03:11,BTCUSD_PERP,ask,61500,487.92
2024-08-22 09:03:13,BTCUSD_PERP,ask,61500,497.75
2024-08-22 09:03:14,BTCUSD_PERP,ask,61500,503.89
2024-08-22 09:03:14,BTCUSD_PERP,ask,61500,510.03
2024-08-22 09:04:08,BTCUSD_PERP,ask,61500,500.2
2024-08-22 09:04:09,BTCUSD_PERP,ask,61500,490.37
2024-08-22 09:04:35,BTCUSD_PERP,bid,44000,1139.87
2024-08-22 09:07:00,BTCUSD_PERP,bid,44000,1140.24
2024-08-22 09:19:57,BTCUSD_PERP,bid,60100,520.32
2024-08-22 09:29:48,BTCUSD_PERP,bid,60100,651.56
2024-08-22 09:29:49,BTCUSD_PERP,bid,60100,532.54
2024-08-22 09:34:30,BTCUSD_PERP,bid,60100,533.26
2024-08-22 09:34:30,BTCUSD_PERP,bid,60100,592.85
2024-08-22 09:34:30,BTCUSD_PERP,bid,60100,711.42
2024-08-22 09:34:30,BTCUSD_PERP,bid,60100,889.58
2024-08-22 09:35:27,BTCUSD_PERP,bid,60100,829.99
2024-08-22 09:37:14,BTCUSD_PERP,bid,60100,770.4
2024-08-22 09:37:14,BTCUSD_PERP,bid,60100,769.95
2024-08-22 09:38:11,BTCUSD_PERP,bid,60100,532.29
2024-08-22 09:38:12,BTCUSD_PERP,bid,60100,591.84
2024-08-22 09:38:56,BTCUSD_PERP,bid,60100,769.49
2024-08-22 09:39:04,BTCUSD_PERP,bid,60100,710.58
2024-08-22 09:39:05,BTCUSD_PERP,bid,60100,651.67
2024-08-22 09:39:05,BTCUSD_PERP,bid,60100,592.15
2024-08-22 09:39:05,BTCUSD_PERP,bid,60100,532.63
2024-08-22 09:39:06,BTCUSD_PERP,bid,60100,532.29
2024-08-22 09:39:06,BTCUSD_PERP,bid,60100,591.84
2024-08-22 09:39:06,BTCUSD_PERP,bid,60100,651.39
2024-08-22 09:39:06,BTCUSD_PERP,bid,60100,710.94
2024-08-22 09:39:15,BTCUSD_PERP,bid,60100,651.39
2024-08-22 09:39:15,BTCUSD_PERP,bid,60100,591.84
2024-08-22 09:39:15,BTCUSD_PERP,bid,60100,532.29
2024-08-22 09:39:16,BTCUSD_PERP,bid,60100,534.29
2024-08-22 09:39:16,BTCUSD_PERP,bid,60100,593.87
2024-08-22 09:39:16,BTCUSD_PERP,bid,60100,653.45
2024-08-22 09:39:16,BTCUSD_PERP,bid,60100,712.42
2024-08-22 09:39:16,BTCUSD_PERP,bid,60100,771.39
2024-08-22 09:39:17,BTCUSD_PERP,bid,60100,830.36
2024-08-22 09:39:17,BTCUSD_PERP,bid,60100,948.3
2024-08-22 09:39:17,BTCUSD_PERP,bid,60100,530.15
2024-08-22 09:39:17,BTCUSD_PERP,bid,60100,1007.88
2024-08-22 09:39:23,BTCUSD_PERP,bid,60100,1022.3
2024-08-22 09:40:22,BTCUSD_PERP,bid,60100,726.23
2024-08-22 09:40:22,BTCUSD_PERP,bid,60100,888.88
2024-08-22 09:40:22,BTCUSD_PERP,bid,60000,519.81
2024-08-22 09:41:17,BTCUSD_PERP,bid,60100,829.33
2024-08-22 09:41:17,BTCUSD_PERP,bid,60100,769.88
2024-08-22 09:41:17,BTCUSD_PERP,bid,60100,710.94
2024-08-22 09:41:17,BTCUSD_PERP,bid,60100,651.39
2024-08-22 09:41:18,BTCUSD_PERP,bid,60100,592.45
2024-08-22 09:41:18,BTCUSD_PERP,bid,60100,532.9
2024-08-22 09:41:18,BTCUSD_PERP,bid,60100,592.61
2024-08-22 09:41:19,BTCUSD_PERP,bid,60100,711.03
2024-08-22 09:41:19,BTCUSD_PERP,bid,60100,769.94
2024-08-22 09:41:19,BTCUSD_PERP,bid,60000,519.59
2024-08-22 09:41:19,BTCUSD_PERP,bid,60100,888.36
2024-08-22 09:41:24,BTCUSD_PERP,bid,60100,902.76
2024-08-22 09:41:24,BTCUSD_PERP,bid,60100,904.92
2024-08-22 09:41:57,BTCUSD_PERP,bid,60100,902.76
2024-08-22 09:42:21,BTCUSD_PERP,bid,60100,843.85
2024-08-22 09:42:21,BTCUSD_PERP,bid,60000,769.55
2024-08-22 09:42:21,BTCUSD_PERP,bid,60000,887.91
2024-08-22 09:42:21,BTCUSD_PERP,bid,60000,519.29
2024-08-22 09:42:54,BTCUSD_PERP,bid,60000,768.49
2024-08-22 09:43:27,BTCUSD_PERP,bid,60000,886.85
2024-08-22 09:43:29,BTCUSD_PERP,bid,60000,768.03
2024-08-22 09:43:29,BTCUSD_PERP,bid,59900,650.04
2024-08-22 09:43:29,BTCUSD_PERP,bid,59900,826.97
2024-08-22 09:43:31,BTCUSD_PERP,bid,59900,709.43
2024-08-22 09:43:31,BTCUSD_PERP,bid,59900,650.65
2024-08-22 09:43:31,BTCUSD_PERP,bid,59900,591.27
2024-08-22 09:43:31,BTCUSD_PERP,bid,59900,531.89
2024-08-22 09:43:32,BTCUSD_PERP,bid,60000,590.46
2024-08-22 09:43:32,BTCUSD_PERP,bid,60000,649.87
2024-08-22 09:43:33,BTCUSD_PERP,bid,60000,709.28
2024-08-22 09:43:33,BTCUSD_PERP,bid,60000,768.59
2024-08-22 09:43:33,BTCUSD_PERP,bid,60000,827.4
2024-08-22 09:43:54,BTCUSD_PERP,bid,60000,709.18
2024-08-22 09:43:55,BTCUSD_PERP,bid,60000,650.38
2024-08-22 09:43:55,BTCUSD_PERP,bid,60000,591.57
2024-08-22 09:43:56,BTCUSD_PERP,bid,60000,532.16
2024-08-22 09:43:56,BTCUSD_PERP,bid,60000,531.96
2024-08-22 09:43:56,BTCUSD_PERP,bid,60000,709.68
2024-08-22 09:43:56,BTCUSD_PERP,bid,60000,827.87
2024-08-22 09:43:56,BTCUSD_PERP,bid,60000,887.31
2024-08-22 09:45:10,BTCUSD_PERP,bid,44000,1137.6
2024-08-22 09:45:43,BTCUSD_PERP,bid,60000,591.7
2024-08-22 09:45:43,BTCUSD_PERP,bid,60000,828.05
2024-08-22 09:49:07,BTCUSD_PERP,bid,59600,597.44
2024-08-22 09:49:10,BTCUSD_PERP,bid,59600,538.38
2024-08-22 09:50:36,BTCUSD_PERP,bid,59700,530.76
2024-08-22 09:50:37,BTCUSD_PERP,bid,59700,589.27
2024-08-22 09:50:42,BTCUSD_PERP,bid,59700,530.15
2024-08-22 09:51:28,BTCUSD_PERP,bid,59600,527.63
2024-08-22 09:52:07,BTCUSD_PERP,bid,59400,528.63
2024-08-22 09:52:10,BTCUSD_PERP,bid,59400,528.38
2024-08-22 09:53:39,BTCUSD_PERP,bid,59400,526.8
2024-08-22 09:53:51,BTCUSD_PERP,bid,59400,527.74
2024-08-22 09:54:03,BTCUSD_PERP,bid,59300,936.78
2024-08-22 09:54:03,BTCUSD_PERP,bid,59300,995.56
2024-08-22 09:54:03,BTCUSD_PERP,bid,59300,513.3
2024-08-22 09:54:16,BTCUSD_PERP,bid,59300,937.38
2024-08-22 09:54:21,BTCUSD_PERP,bid,59300,528.6
2024-08-22 09:54:28,BTCUSD_PERP,bid,59300,527.22
2024-08-22 09:54:28,BTCUSD_PERP,bid,59300,585.4
2024-08-22 09:54:33,BTCUSD_PERP,bid,59300,527.22
2024-08-22 09:54:34,BTCUSD_PERP,bid,59400,527.49
2024-08-22 09:54:39,BTCUSD_PERP,bid,59400,644.25
2024-08-22 09:54:39,BTCUSD_PERP,bid,59400,703.1
2024-08-22 09:55:12,BTCUSD_PERP,bid,59400,644.85
2024-08-22 09:55:12,BTCUSD_PERP,bid,59400,528.35
2024-08-22 09:55:53,BTCUSD_PERP,bid,59400,527.86
2024-08-22 09:55:53,BTCUSD_PERP,bid,59400,586.72
2024-08-22 09:56:08,BTCUSD_PERP,bid,59400,527.86
2024-08-22 09:56:25,BTCUSD_PERP,bid,59600,530.13
2024-08-22 10:03:44,BTCUSD_PERP,bid,59600,528.69
2024-08-22 10:05:59,BTCUSD_PERP,bid,59700,538.08
2024-08-22 10:06:00,BTCUSD_PERP,bid,59700,597.22
2024-08-22 10:06:07,BTCUSD_PERP,bid,59700,528.86
2024-08-22 10:08:11,BTCUSD_PERP,bid,59800,590.95
2024-08-22 10:08:11,BTCUSD_PERP,bid,59800,650.17
2024-08-22 10:08:12,BTCUSD_PERP,bid,59800,708.79
2024-08-22 10:08:12,BTCUSD_PERP,bid,59800,768.01
2024-08-22 10:08:12,BTCUSD_PERP,bid,59800,944.47
2024-08-22 10:08:12,BTCUSD_PERP,bid,59700,585.69
2024-08-22 10:08:12,BTCUSD_PERP,bid,59800,1003.09
2024-08-22 10:08:12,BTCUSD_PERP,bid,59800,1062.31
2024-08-22 10:08:18,BTCUSD_PERP,bid,59800,1062.27
2024-08-22 10:09:13,BTCUSD_PERP,bid,59800,1003.05
2024-08-22 10:09:13,BTCUSD_PERP,bid,59700,526.53
2024-08-22 10:09:13,BTCUSD_PERP,bid,59800,885.3
2024-08-22 10:09:13,BTCUSD_PERP,bid,59800,826.08
2024-08-22 10:09:14,BTCUSD_PERP,bid,59800,767.46
2024-08-22 10:09:14,BTCUSD_PERP,bid,59800,591.0
2024-08-22 10:09:14,BTCUSD_PERP,bid,59800,531.78
2024-08-22 10:09:14,BTCUSD_PERP,bid,59700,530.14
2024-08-22 10:09:14,BTCUSD_PERP,bid,59700,589.32
2024-08-22 10:09:14,BTCUSD_PERP,bid,59700,647.9
2024-08-22 10:09:14,BTCUSD_PERP,bid,59700,706.48
2024-08-22 10:09:14,BTCUSD_PERP,bid,59700,765.66
2024-08-22 10:09:15,BTCUSD_PERP,bid,59700,575.44
2024-08-22 10:09:15,BTCUSD_PERP,bid,59700,884.02
2024-08-22 10:09:15,BTCUSD_PERP,bid,59700,943.2
2024-08-22 10:09:15,BTCUSD_PERP,bid,59700,1002.38
2024-08-22 10:09:15,BTCUSD_PERP,bid,59700,1061.56
2024-08-22 10:10:04,BTCUSD_PERP,bid,59700,1002.46
2024-08-22 10:10:04,BTCUSD_PERP,bid,59700,516.35
2024-08-22 10:10:04,BTCUSD_PERP,bid,59700,943.88
2024-08-22 10:10:04,BTCUSD_PERP,bid,59700,885.3
2024-08-22 10:10:05,BTCUSD_PERP,bid,59700,826.12
2024-08-22 10:10:05,BTCUSD_PERP,bid,59700,707.76
2024-08-22 10:10:05,BTCUSD_PERP,bid,59700,648.58
2024-08-22 10:10:05,BTCUSD_PERP,bid,59700,590.0
2024-08-22 10:10:06,BTCUSD_PERP,bid,59700,530.82
2024-08-22 10:10:06,BTCUSD_PERP,bid,59800,531.09
2024-08-22 10:10:06,BTCUSD_PERP,bid,59800,589.71
2024-08-22 10:10:06,BTCUSD_PERP,bid,59800,648.93
2024-08-22 10:10:06,BTCUSD_PERP,bid,59800,767.37
2024-08-22 10:10:07,BTCUSD_PERP,bid,59800,768.62
2024-08-22 10:10:39,BTCUSD_PERP,bid,59800,709.4
2024-08-22 10:10:40,BTCUSD_PERP,bid,59800,532.94
2024-08-22 10:10:41,BTCUSD_PERP,bid,59800,532.73
2024-08-22 10:10:41,BTCUSD_PERP,bid,59800,650.67
2024-08-22 10:10:41,BTCUSD_PERP,bid,59800,709.33
2024-08-22 10:10:41,BTCUSD_PERP,bid,59800,768.6
2024-08-22 10:10:50,BTCUSD_PERP,bid,59800,590.47
2024-08-22 10:12:15,BTCUSD_PERP,bid,59800,531.84
2024-08-22 10:12:57,BTCUSD_PERP,bid,59800,530.67
2024-08-22 10:12:57,BTCUSD_PERP,bid,59800,589.3
2024-08-22 10:12:57,BTCUSD_PERP,bid,59800,648.53
2024-08-22 10:13:08,BTCUSD_PERP,bid,59800,589.9
2024-08-22 10:15:24,BTCUSD_PERP,bid,59900,541.88
2024-08-22 10:15:24,BTCUSD_PERP,bid,59900,600.59
2024-08-22 10:15:24,BTCUSD_PERP,bid,59900,659.9
2024-08-22 10:15:24,BTCUSD_PERP,bid,59900,719.21
2024-08-22 10:15:24,BTCUSD_PERP,bid,59900,777.92
2024-08-22 10:15:27,BTCUSD_PERP,bid,59900,718.7
2024-08-22 10:15:27,BTCUSD_PERP,bid,59800,708.87
2024-08-22 10:16:31,BTCUSD_PERP,bid,59900,777.92
2024-08-22 10:17:14,BTCUSD_PERP,bid,59900,719.21
2024-08-22 10:17:15,BTCUSD_PERP,bid,59800,590.52
2024-08-22 10:17:15,BTCUSD_PERP,bid,59800,709.08
2024-08-22 10:17:15,BTCUSD_PERP,bid,59800,767.76
2024-08-22 10:17:21,BTCUSD_PERP,bid,59800,590.01
2024-08-22 10:18:55,BTCUSD_PERP,bid,59800,649.95
2024-08-22 10:19:03,BTCUSD_PERP,bid,59800,708.61
2024-08-22 10:19:13,BTCUSD_PERP,bid,59800,530.83
2024-08-22 10:19:13,BTCUSD_PERP,bid,59800,590.39
2024-08-22 10:20:22,BTCUSD_PERP,bid,59700,530.87
2024-08-22 10:20:31,BTCUSD_PERP,bid,59800,708.23
2024-08-22 10:20:31,BTCUSD_PERP,bid,59700,516.65
2024-08-22 10:20:41,BTCUSD_PERP,bid,59800,590.38
2024-08-22 10:22:36,BTCUSD_PERP,bid,59800,530.67
2024-08-22 10:30:34,BTCUSD_PERP,bid,59900,531.35
2024-08-22 10:33:01,BTCUSD_PERP,bid,59800,531.08
2024-08-22 10:33:41,BTCUSD_PERP,bid,59800,530.77
2024-08-22 10:36:09,BTCUSD_PERP,bid,59800,530.25
2024-08-22 10:41:34,BTCUSD_PERP,ask,2860000,214.65
2024-08-22 10:42:16,BTCUSD_PERP,bid,59800,531.62
2024-08-22 10:43:01,BTCUSD_PERP,bid,59900,541.35
2024-08-22 10:43:01,BTCUSD_PERP,bid,59900,600.67
2024-08-22 10:43:18,BTCUSD_PERP,bid,59900,541.95
2024-08-22 10:43:20,BTCUSD_PERP,bid,59900,531.66
2024-08-22 10:43:21,BTCUSD_PERP,bid,59900,591.01
2024-08-22 10:44:14,BTCUSD_PERP,bid,44000,1127.6
2024-08-22 10:55:10,BTCUSD_PERP,bid,60000,532.47
2024-08-22 10:55:11,BTCUSD_PERP,bid,60000,591.9
2024-08-22 10:55:11,BTCUSD_PERP,bid,60000,650.73
2024-08-22 10:55:11,BTCUSD_PERP,bid,60000,709.56
2024-08-22 10:55:12,BTCUSD_PERP,bid,60000,723.94
2024-08-22 10:55:14,BTCUSD_PERP,bid,60000,725.19
2024-08-22 10:55:15,BTCUSD_PERP,bid,60000,727.34
2024-08-22 10:55:29,BTCUSD_PERP,bid,60000,608.48
2024-08-22 10:55:29,BTCUSD_PERP,bid,60000,549.05
2024-08-22 10:55:30,BTCUSD_PERP,bid,60000,543.91
2024-08-22 10:55:30,BTCUSD_PERP,bid,60000,662.24
2024-08-22 10:55:31,BTCUSD_PERP,bid,60000,721.1
2024-08-22 10:55:31,BTCUSD_PERP,bid,60000,779.96
2024-08-22 10:55:31,BTCUSD_PERP,bid,60000,839.43
2024-08-22 10:55:31,BTCUSD_PERP,bid,60000,898.29
2024-08-22 10:55:46,BTCUSD_PERP,bid,60000,838.82
2024-08-22 10:55:46,BTCUSD_PERP,bid,60000,779.35
2024-08-22 10:55:47,BTCUSD_PERP,bid,60000,661.02
2024-08-22 10:55:47,BTCUSD_PERP,bid,60000,601.55
2024-08-22 10:55:47,BTCUSD_PERP,bid,60000,542.08
2024-08-22 10:55:51,BTCUSD_PERP,bid,60100,545.22
2024-08-22 10:55:51,BTCUSD_PERP,bid,60100,737.38
2024-08-22 10:55:51,BTCUSD_PERP,bid,60100,796.31
2024-08-22 10:55:51,BTCUSD_PERP,bid,60100,855.23
2024-08-22 10:56:07,BTCUSD_PERP,bid,60100,499.26
2024-08-22 10:56:07,BTCUSD_PERP,bid,60100,710.84
2024-08-22 10:56:07,BTCUSD_PERP,bid,60100,770.34
2024-08-22 11:06:05,BTCUSD_PERP,bid,60000,592.88
2024-08-22 11:06:05,BTCUSD_PERP,bid,60000,651.69
2024-08-22 11:06:05,BTCUSD_PERP,bid,60000,710.51
2024-08-22 11:06:05,BTCUSD_PERP,bid,60000,769.93
2024-08-22 11:07:21,BTCUSD_PERP,bid,60000,710.51
2024-08-22 11:07:21,BTCUSD_PERP,bid,60000,532.86
2024-08-22 11:07:21,BTCUSD_PERP,bid,59900,591.98
2024-08-22 11:07:21,BTCUSD_PERP,bid,59900,710.15
2024-08-22 11:10:01,BTCUSD_PERP,bid,60000,591.67
2024-08-22 11:10:01,BTCUSD_PERP,bid,60000,651.09
2024-08-22 11:10:01,BTCUSD_PERP,bid,60000,710.51
2024-08-22 11:10:29,BTCUSD_PERP,bid,60000,651.09
2024-08-22 11:10:29,BTCUSD_PERP,bid,60000,592.27
2024-08-22 11:10:30,BTCUSD_PERP,bid,60000,542.69
2024-08-22 11:10:30,BTCUSD_PERP,bid,60000,661.59
2024-08-22 11:10:30,BTCUSD_PERP,bid,60000,720.95
2024-08-22 11:10:30,BTCUSD_PERP,bid,60000,780.4
2024-08-22 11:10:30,BTCUSD_PERP,bid,60000,898.7
2024-08-22 11:10:30,BTCUSD_PERP,bid,60000,957.55
2024-08-22 11:10:30,BTCUSD_PERP,bid,60000,1017.0
2024-08-22 11:11:48,BTCUSD_PERP,bid,60000,721.04
2024-08-22 11:11:48,BTCUSD_PERP,bid,60000,888.15
2024-08-22 11:13:40,BTCUSD_PERP,bid,60000,651.08
2024-08-22 11:13:40,BTCUSD_PERP,bid,60000,710.9
2024-08-22 11:13:41,BTCUSD_PERP,bid,60000,770.35
2024-08-22 11:14:27,BTCUSD_PERP,bid,60000,711.5
2024-08-22 11:14:27,BTCUSD_PERP,bid,60000,652.05
2024-08-22 11:14:27,BTCUSD_PERP,bid,60000,651.71
2024-08-22 11:14:27,BTCUSD_PERP,bid,60000,711.13
2024-08-22 11:15:56,BTCUSD_PERP,bid,60000,651.71
2024-08-22 11:15:56,BTCUSD_PERP,bid,60000,592.29
2024-08-22 11:15:56,BTCUSD_PERP,bid,60000,532.97
2024-08-22 11:15:57,BTCUSD_PERP,bid,59900,651.41
2024-08-22 11:15:57,BTCUSD_PERP,bid,59900,710.8
2024-08-22 11:16:14,BTCUSD_PERP,bid,59900,651.41
2024-08-22 11:16:15,BTCUSD_PERP,bid,59900,533.23
2024-08-22 11:26:37,BTCUSD_PERP,bid,60100,531.7
2024-08-22 11:27:05,BTCUSD_PERP,bid,60100,531.41
2024-08-22 11:29:47,BTCUSD_PERP,bid,60100,533.34
2024-08-22 11:29:47,BTCUSD_PERP,bid,60100,592.86
2024-08-22 11:29:47,BTCUSD_PERP,bid,60100,770.82
2024-08-22 11:29:47,BTCUSD_PERP,bid,60100,830.34
2024-08-22 11:30:59,BTCUSD_PERP,bid,60100,771.42
2024-08-22 11:31:00,BTCUSD_PERP,bid,60100,593.46
2024-08-22 11:31:00,BTCUSD_PERP,bid,60100,1067.61
2024-08-22 11:31:00,BTCUSD_PERP,bid,60100,1127.16
2024-08-22 11:31:02,BTCUSD_PERP,bid,60100,1127.2
2024-08-22 11:33:21,BTCUSD_PERP,bid,60100,948.55
2024-08-22 11:33:21,BTCUSD_PERP,bid,60100,889.0
2024-08-22 11:33:21,BTCUSD_PERP,bid,60100,770.5
2024-08-22 11:33:21,BTCUSD_PERP,bid,60100,711.55
2024-08-22 11:33:21,BTCUSD_PERP,bid,60100,652.0
2024-08-22 11:33:21,BTCUSD_PERP,bid,60100,592.45
2024-08-22 11:34:26,BTCUSD_PERP,ask,64500,1615.38
2024-08-22 11:35:07,BTCUSD_PERP,bid,60100,533.93
2024-08-22 11:36:20,BTCUSD_PERP,bid,60100,533.66
2024-08-22 11:38:16,BTCUSD_PERP,bid,60100,533.7
2024-08-22 11:38:22,BTCUSD_PERP,bid,60100,533.94
2024-08-22 11:38:22,BTCUSD_PERP,bid,60100,592.87
2024-08-22 11:38:28,BTCUSD_PERP,bid,60100,534.21
2024-08-22 11:38:28,BTCUSD_PERP,bid,60100,593.78
2024-08-22 11:38:28,BTCUSD_PERP,bid,60100,712.31
2024-08-22 11:38:28,BTCUSD_PERP,bid,60100,771.27
2024-08-22 11:38:50,BTCUSD_PERP,bid,60100,652.41
2024-08-22 11:38:50,BTCUSD_PERP,bid,60100,711.95
2024-08-22 11:39:46,BTCUSD_PERP,bid,60100,653.02
2024-08-22 11:39:47,BTCUSD_PERP,bid,60100,593.48
2024-08-22 11:39:47,BTCUSD_PERP,bid,60100,534.04
2024-08-22 11:39:47,BTCUSD_PERP,bid,60100,592.56
2024-08-22 11:39:47,BTCUSD_PERP,bid,60100,519.69
2024-08-22 11:39:47,BTCUSD_PERP,bid,60100,711.7
2024-08-22 11:39:47,BTCUSD_PERP,bid,60100,579.16
2024-08-22 11:39:47,BTCUSD_PERP,bid,60100,771.27
2024-08-22 11:42:26,BTCUSD_PERP,bid,60100,520.24
2024-08-22 11:42:26,BTCUSD_PERP,bid,60100,711.7
2024-08-22 11:42:26,BTCUSD_PERP,bid,60100,652.74
2024-08-22 11:42:27,BTCUSD_PERP,bid,60100,519.91
2024-08-22 11:42:27,BTCUSD_PERP,bid,60100,579.44
2024-08-22 11:49:20,BTCUSD_PERP,bid,60100,519.9
2024-08-22 11:49:21,BTCUSD_PERP,bid,60100,520.22
2024-08-22 12:23:07,BTCUSD_PERP,bid,60100,519.97
2024-08-22 12:24:30,BTCUSD_PERP,ask,61400,497.16
2024-08-22 12:24:32,BTCUSD_PERP,ask,61400,506.97
2024-08-22 12:24:33,BTCUSD_PERP,ask,61400,516.79
2024-08-22 12:25:24,BTCUSD_PERP,ask,61400,510.66
2024-08-22 12:25:25,BTCUSD_PERP,ask,61400,504.53
2024-08-22 12:25:26,BTCUSD_PERP,ask,61400,494.72
2024-08-22 12:28:33,BTCUSD_PERP,bid,44000,1127.23
2024-08-22 12:29:36,BTCUSD_PERP,bid,44000,1127.98
2024-08-22 12:30:46,BTCUSD_PERP,bid,60100,534.63
2024-08-22 12:30:46,BTCUSD_PERP,bid,60100,653.2
2024-08-22 12:32:47,BTCUSD_PERP,bid,60100,653.8
2024-08-22 12:32:58,BTCUSD_PERP,bid,60100,652.62
2024-08-22 12:33:34,BTCUSD_PERP,bid,60100,652.96
2024-08-22 12:33:41,BTCUSD_PERP,bid,60100,653.0
2024-08-22 12:34:06,BTCUSD_PERP,bid,60100,653.04
2024-08-22 12:34:14,BTCUSD_PERP,bid,60100,653.08
2024-08-22 12:34:52,BTCUSD_PERP,bid,60100,653.12
2024-08-22 12:35:04,BTCUSD_PERP,bid,60100,653.16
2024-08-22 12:37:02,BTCUSD_PERP,bid,60100,653.12
2024-08-22 12:37:30,BTCUSD_PERP,bid,60100,771.0
2024-08-22 12:37:30,BTCUSD_PERP,bid,60000,519.46
2024-08-22 12:37:30,BTCUSD_PERP,bid,60100,830.55
2024-08-22 12:38:22,BTCUSD_PERP,bid,60100,653.22
2024-08-22 12:38:22,BTCUSD_PERP,bid,60100,593.67
2024-08-22 12:38:23,BTCUSD_PERP,bid,60100,534.12
2024-08-22 12:38:23,BTCUSD_PERP,bid,60100,664.86
2024-08-22 12:38:23,BTCUSD_PERP,bid,60100,724.44
2024-08-22 12:38:24,BTCUSD_PERP,bid,60100,784.02
2024-08-22 12:38:24,BTCUSD_PERP,bid,60100,902.57
2024-08-22 12:38:36,BTCUSD_PERP,bid,60100,890.55
2024-08-22 12:40:27,BTCUSD_PERP,bid,60100,831.58
2024-08-22 12:40:27,BTCUSD_PERP,bid,60100,712.52
2024-08-22 12:40:27,BTCUSD_PERP,bid,60100,652.94
2024-08-22 12:40:28,BTCUSD_PERP,bid,60100,533.78
2024-08-22 12:40:50,BTCUSD_PERP,bid,60100,592.85
2024-08-22 12:40:50,BTCUSD_PERP,bid,60100,711.42
2024-08-22 12:40:50,BTCUSD_PERP,bid,60100,771.01
2024-08-22 12:41:58,BTCUSD_PERP,bid,60100,711.42
2024-08-22 12:43:55,BTCUSD_PERP,bid,60100,592.85
2024-08-22 12:43:55,BTCUSD_PERP,bid,60100,770.39
2024-08-22 12:43:55,BTCUSD_PERP,bid,60100,829.33
2024-08-22 12:43:55,BTCUSD_PERP,bid,60100,888.88
2024-08-22 12:45:10,BTCUSD_PERP,bid,60100,829.94
2024-08-22 12:45:10,BTCUSD_PERP,bid,60100,712.06
2024-08-22 12:45:11,BTCUSD_PERP,bid,60100,593.57
2024-08-22 12:45:11,BTCUSD_PERP,bid,60100,534.02
2024-08-22 12:45:11,BTCUSD_PERP,bid,60100,533.68
2024-08-22 12:45:11,BTCUSD_PERP,bid,60100,593.26
2024-08-22 12:47:40,BTCUSD_PERP,bid,60100,534.02
2024-08-22 12:47:40,BTCUSD_PERP,bid,60100,771.0
2024-08-22 12:53:16,BTCUSD_PERP,bid,60100,652.51
2024-08-22 12:53:16,BTCUSD_PERP,bid,60100,534.29
2024-08-22 12:53:17,BTCUSD_PERP,bid,60100,593.26
2024-08-22 12:53:17,BTCUSD_PERP,bid,60100,652.84
2024-08-22 12:53:17,BTCUSD_PERP,bid,60100,711.81
2024-08-22 12:53:17,BTCUSD_PERP,bid,60100,771.39
2024-08-22 12:55:22,BTCUSD_PERP,ask,2960000,222.16
2024-08-22 12:58:57,BTCUSD_PERP,ask,61400,499.58
2024-08-22 12:58:57,BTCUSD_PERP,bid,60100,711.81
2024-08-22 12:58:57,BTCUSD_PERP,bid,60100,652.23
2024-08-22 12:58:57,BTCUSD_PERP,bid,60100,533.68
2024-08-22 12:59:17,BTCUSD_PERP,ask,61400,490.39
2024-08-22 13:00:18,BTCUSD_PERP,bid,60100,533.17
2024-08-22 13:19:52,BTCUSD_PERP,ask,61400,532.3
2024-08-22 13:20:07,BTCUSD_PERP,ask,61400,523.71
2024-08-22 13:20:10,BTCUSD_PERP,ask,61400,503.44
2024-08-22 14:09:22,BTCUSD_PERP,bid,60100,520.12
2024-08-22 14:10:56,BTCUSD_PERP,bid,47000,2452.16
2024-08-22 14:56:02,BTCUSD_PERP,bid,60900,605.88
2024-08-22 14:56:02,BTCUSD_PERP,bid,60900,604.36
2024-08-22 14:56:02,BTCUSD_PERP,bid,60900,603.56
2024-08-22 14:56:08,BTCUSD_PERP,bid,60900,603.94
2024-08-22 14:56:08,BTCUSD_PERP,bid,60900,603.56
2024-08-22 14:56:12,BTCUSD_PERP,bid,60900,603.31
2024-08-22 14:56:19,BTCUSD_PERP,bid,60900,603.69
2024-08-22 14:56:54,BTCUSD_PERP,bid,60600,538.62
2024-08-22 14:57:15,BTCUSD_PERP,bid,60900,603.92
2024-08-22 14:57:15,BTCUSD_PERP,bid,60900,604.53
2024-08-22 14:57:16,BTCUSD_PERP,bid,60900,603.92
2024-08-22 14:57:24,BTCUSD_PERP,bid,60900,604.53
2024-08-22 14:57:30,BTCUSD_PERP,bid,60900,603.81
2024-08-22 14:57:30,BTCUSD_PERP,bid,60900,604.06
2024-08-22 14:57:30,BTCUSD_PERP,bid,60900,603.31
2024-08-22 14:58:42,BTCUSD_PERP,bid,60900,604.06
2024-08-22 14:58:43,BTCUSD_PERP,bid,60900,603.31
2024-08-22 14:58:45,BTCUSD_PERP,bid,60900,609.4
2024-08-22 14:58:49,BTCUSD_PERP,bid,60900,610.15
2024-08-22 14:58:50,BTCUSD_PERP,bid,60900,609.4
2024-08-22 14:58:53,BTCUSD_PERP,bid,60900,609.7
2024-08-22 15:00:07,BTCUSD_PERP,bid,60900,612.5
2024-08-22 15:00:12,BTCUSD_PERP,bid,60900,609.7
2024-08-22 15:02:11,BTCUSD_PERP,bid,60900,629.65
2024-08-22 15:02:11,BTCUSD_PERP,bid,60900,609.7
2024-08-22 15:03:26,BTCUSD_PERP,bid,60900,609.7
2024-08-22 15:03:27,BTCUSD_PERP,bid,60900,609.7
2024-08-22 15:03:33,BTCUSD_PERP,bid,60900,609.7
2024-08-22 15:03:35,BTCUSD_PERP,bid,60900,609.95
2024-08-22 15:03:35,BTCUSD_PERP,bid,60900,610.45
2024-08-22 15:03:35,BTCUSD_PERP,bid,60900,609.7
2024-08-22 15:03:35,BTCUSD_PERP,bid,60900,609.95
2024-08-22 15:03:35,BTCUSD_PERP,bid,60900,609.7
2024-08-22 15:03:35,BTCUSD_PERP,bid,60900,609.7
2024-08-22 15:03:35,BTCUSD_PERP,bid,60900,609.7
2024-08-22 15:03:36,BTCUSD_PERP,bid,60900,609.7
2024-08-22 15:03:37,BTCUSD_PERP,bid,60900,610.2
2024-08-22 15:03:37,BTCUSD_PERP,bid,60900,609.7
2024-08-22 15:03:38,BTCUSD_PERP,bid,60900,610.4
2024-08-22 15:03:43,BTCUSD_PERP,bid,60900,609.7
2024-08-22 15:03:45,BTCUSD_PERP,bid,60900,609.68
2024-08-22 15:03:45,BTCUSD_PERP,bid,60900,608.4
2024-08-22 15:03:45,BTCUSD_PERP,bid,60900,608.38
2024-08-22 15:03:45,BTCUSD_PERP,bid,60900,607.7
2024-08-22 15:03:45,BTCUSD_PERP,bid,60900,607.64
2024-08-22 15:03:46,BTCUSD_PERP,bid,60900,607.06
2024-08-22 15:03:46,BTCUSD_PERP,bid,60900,606.0
2024-08-22 15:03:46,BTCUSD_PERP,bid,60900,605.43
2024-08-22 15:03:47,BTCUSD_PERP,bid,60900,605.41
2024-08-22 15:03:47,BTCUSD_PERP,bid,60900,602.29
2024-08-22 15:03:47,BTCUSD_PERP,bid,60900,603.68
2024-08-22 15:03:47,BTCUSD_PERP,bid,60900,603.64
2024-08-22 15:03:48,BTCUSD_PERP,bid,60900,603.61
2024-08-22 15:03:48,BTCUSD_PERP,bid,60900,603.6
2024-08-22 15:03:48,BTCUSD_PERP,bid,60900,603.45
2024-08-22 15:03:48,BTCUSD_PERP,bid,60900,603.43
2024-08-22 15:03:49,BTCUSD_PERP,bid,60900,603.42
2024-08-22 15:03:49,BTCUSD_PERP,bid,60900,603.41
2024-08-22 15:03:49,BTCUSD_PERP,bid,60900,603.37
2024-08-22 15:03:50,BTCUSD_PERP,bid,60900,603.34
2024-08-22 15:03:50,BTCUSD_PERP,bid,60900,602.84
2024-08-22 15:03:50,BTCUSD_PERP,bid,60900,602.82
2024-08-22 15:03:51,BTCUSD_PERP,bid,60900,600.64
2024-08-22 15:03:51,BTCUSD_PERP,bid,60900,600.01
2024-08-22 15:03:51,BTCUSD_PERP,bid,60900,597.24
2024-08-22 15:03:52,BTCUSD_PERP,bid,60900,597.14
2024-08-22 15:03:52,BTCUSD_PERP,bid,60900,564.6
2024-08-22 15:03:52,BTCUSD_PERP,bid,60900,564.59
2024-08-22 15:03:52,BTCUSD_PERP,bid,60900,564.58
2024-08-22 15:03:52,BTCUSD_PERP,bid,60900,560.41
2024-08-22 15:03:52,BTCUSD_PERP,bid,60900,555.95
2024-08-22 15:03:53,BTCUSD_PERP,bid,60900,555.36
2024-08-22 15:03:53,BTCUSD_PERP,bid,60900,553.47
2024-08-22 15:03:53,BTCUSD_PERP,bid,60900,553.46
2024-08-22 15:03:53,BTCUSD_PERP,bid,60900,537.76
2024-08-22 15:03:54,BTCUSD_PERP,bid,60900,513.05
2024-08-22 15:03:54,BTCUSD_PERP,bid,60900,513.01
2024-08-22 15:03:54,BTCUSD_PERP,bid,60900,512.95
2024-08-22 15:03:54,BTCUSD_PERP,bid,60900,512.93
2024-08-22 15:03:54,BTCUSD_PERP,bid,60900,512.92
2024-08-22 15:03:54,BTCUSD_PERP,bid,60900,512.91
2024-08-22 15:03:54,BTCUSD_PERP,bid,60900,512.89
2024-08-22 15:03:54,BTCUSD_PERP,bid,60900,508.06
2024-08-22 15:03:55,BTCUSD_PERP,bid,60900,508.05
2024-08-22 15:03:55,BTCUSD_PERP,bid,60900,508.04
2024-08-22 15:03:55,BTCUSD_PERP,bid,60900,493.29
2024-08-22 15:03:55,BTCUSD_PERP,bid,60900,492.68
2024-08-22 15:03:56,BTCUSD_PERP,bid,60900,492.49
2024-08-22 15:03:56,BTCUSD_PERP,bid,60900,492.34
2024-08-22 15:03:56,BTCUSD_PERP,bid,60900,492.33
2024-08-22 15:54:05,BTCUSD_PERP,bid,47000,2452.1
2024-08-22 15:54:05,BTCUSD_PERP,ask,64500,1615.32
2024-08-22 15:55:49,BTCUSD_PERP,ask,61600,492.51
2024-08-22 16:02:00,BTCUSD_PERP,bid,42000,1062.33
2024-08-22 16:02:00,BTCUSD_PERP,bid,44000,1128.0
2024-08-22 16:02:00,BTCUSD_PERP,bid,47000,2452.12
2024-08-22 16:02:00,BTCUSD_PERP,ask,64500,1615.34
2024-08-22 16:04:09,BTCUSD_PERP,bid,44000,1128.02
2024-08-22 16:04:29,BTCUSD_PERP,bid,42000,1062.39
2024-08-22 16:09:45,BTCUSD_PERP,ask,61500,496.59
2024-08-22 16:09:55,BTCUSD_PERP,ask,61500,506.42
2024-08-22 16:09:56,BTCUSD_PERP,ask,61500,516.26
2024-08-22 16:09:58,BTCUSD_PERP,ask,61500,525.79
2024-08-22 17:05:09,BTCUSD_PERP,ask,61500,494.74
2024-08-22 17:05:52,BTCUSD_PERP,ask,61500,488.6
2024-08-22 17:40:22,BTCUSD_PERP,bid,60600,538.79
2024-08-22 17:40:22,BTCUSD_PERP,bid,60600,598.24
2024-08-22 17:40:22,BTCUSD_PERP,bid,60600,658.31
2024-08-22 17:40:22,BTCUSD_PERP,bid,60600,717.77
2024-08-22 17:40:22,BTCUSD_PERP,bid,60600,777.84
2024-08-22 17:40:49,BTCUSD_PERP,bid,60600,717.77
2024-08-22 17:40:49,BTCUSD_PERP,bid,60600,658.31
2024-08-22 17:40:49,BTCUSD_PERP,bid,60600,538.17
2024-08-22 17:43:17,BTCUSD_PERP,bid,60700,538.55
2024-08-22 17:44:58,BTCUSD_PERP,bid,60700,496.01
2024-08-22 17:45:56,BTCUSD_PERP,bid,60700,538.55
2024-08-22 17:46:07,BTCUSD_PERP,bid,42000,1066.59
2024-08-22 17:48:13,BTCUSD_PERP,bid,60700,539.06
2024-08-22 17:48:13,BTCUSD_PERP,bid,60700,599.12
2024-08-22 17:51:03,BTCUSD_PERP,bid,60700,538.96
2024-08-22 17:52:05,BTCUSD_PERP,bid,60700,540.02
2024-08-22 17:52:53,BTCUSD_PERP,bid,60700,600.5
2024-08-22 17:52:53,BTCUSD_PERP,bid,60700,660.07
2024-08-22 17:52:53,BTCUSD_PERP,bid,60700,719.64
2024-08-22 17:55:27,BTCUSD_PERP,bid,60700,539.71
2024-08-22 17:57:15,BTCUSD_PERP,bid,60800,549.33
2024-08-22 17:58:19,BTCUSD_PERP,bid,60800,541.28
2024-08-22 17:59:11,BTCUSD_PERP,bid,60800,541.55
2024-08-22 17:59:38,BTCUSD_PERP,ask,64500,1616.67
2024-08-22 18:00:59,BTCUSD_PERP,bid,60800,540.23
2024-08-22 18:00:59,BTCUSD_PERP,bid,60800,600.46
2024-08-22 18:00:59,BTCUSD_PERP,bid,60800,660.08
2024-08-22 18:01:17,BTCUSD_PERP,bid,60800,599.85
2024-08-22 18:01:17,BTCUSD_PERP,bid,60800,539.62
2024-08-22 18:01:18,BTCUSD_PERP,bid,60800,539.35
2024-08-22 18:01:18,BTCUSD_PERP,bid,60800,599.55
2024-08-22 18:01:18,BTCUSD_PERP,bid,60800,718.73
2024-08-22 18:01:18,BTCUSD_PERP,bid,60800,778.93
2024-08-22 18:01:22,BTCUSD_PERP,bid,60700,899.36
2024-08-22 18:01:22,BTCUSD_PERP,bid,60700,959.53
2024-08-22 18:02:01,BTCUSD_PERP,bid,60700,718.85
2024-08-22 18:02:01,BTCUSD_PERP,bid,60700,608.97
2024-08-22 18:02:01,BTCUSD_PERP,bid,60700,728.62
2024-08-22 18:02:02,BTCUSD_PERP,ask,64500,1615.34
2024-08-22 18:02:07,BTCUSD_PERP,bid,60700,608.97
2024-08-22 18:02:07,BTCUSD_PERP,bid,60700,549.45
2024-08-22 18:02:36,BTCUSD_PERP,bid,60700,659.49
2024-08-22 18:04:18,BTCUSD_PERP,bid,60700,599.36
2024-08-22 18:13:21,BTCUSD_PERP,bid,60700,539.8
2024-08-22 18:16:30,BTCUSD_PERP,bid,60700,539.49
2024-08-22 18:19:16,BTCUSD_PERP,bid,60700,539.49
2024-08-22 18:20:27,BTCUSD_PERP,bid,60600,539.22
2024-08-22 18:20:34,BTCUSD_PERP,bid,60600,539.26
2024-08-22 18:20:38,BTCUSD_PERP,bid,60600,539.3
2024-08-22 18:23:46,BTCUSD_PERP,bid,60700,598.52
2024-08-22 18:23:46,BTCUSD_PERP,bid,60700,658.63
2024-08-22 18:23:47,BTCUSD_PERP,bid,60700,778.24
2024-08-22 18:23:47,BTCUSD_PERP,bid,60700,897.85
2024-08-22 18:23:47,BTCUSD_PERP,bid,60700,1018.07
2024-08-22 18:23:47,BTCUSD_PERP,bid,60700,1077.57
2024-08-22 18:28:43,BTCUSD_PERP,bid,60700,1018.08
2024-08-22 18:28:43,BTCUSD_PERP,bid,60700,958.58
2024-08-22 18:28:43,BTCUSD_PERP,bid,60700,838.36
2024-08-22 18:28:43,BTCUSD_PERP,bid,60700,718.25
2024-08-22 18:28:44,BTCUSD_PERP,bid,60700,598.03
2024-08-22 18:28:44,BTCUSD_PERP,bid,60700,538.53
2024-08-22 18:28:45,BTCUSD_PERP,bid,60700,538.89
2024-08-22 18:31:38,BTCUSD_PERP,bid,60700,598.13
2024-08-22 18:31:38,BTCUSD_PERP,bid,60700,658.25
2024-08-22 18:35:21,BTCUSD_PERP,bid,60700,659.62
2024-08-22 18:35:22,BTCUSD_PERP,bid,60700,719.81
2024-08-22 18:35:22,BTCUSD_PERP,bid,60700,779.39
2024-08-22 18:35:22,BTCUSD_PERP,bid,60700,838.97
2024-08-22 18:35:22,BTCUSD_PERP,bid,60700,899.05
2024-08-22 18:35:22,BTCUSD_PERP,bid,60700,1019.43
2024-08-22 18:37:26,BTCUSD_PERP,bid,60700,779.41
2024-08-22 18:37:26,BTCUSD_PERP,bid,60700,839.56
2024-08-22 18:37:26,BTCUSD_PERP,bid,60700,899.71
2024-08-22 18:40:33,BTCUSD_PERP,bid,60700,839.14
2024-08-22 18:40:33,BTCUSD_PERP,bid,60700,899.26
2024-08-22 18:41:24,BTCUSD_PERP,bid,60700,779.02
2024-08-22 18:41:24,BTCUSD_PERP,bid,60700,719.76
2024-08-22 18:41:24,BTCUSD_PERP,bid,60700,898.81
2024-08-22 18:42:20,BTCUSD_PERP,bid,60700,779.85
2024-08-22 18:42:20,BTCUSD_PERP,bid,60600,837.68
2024-08-22 18:42:20,BTCUSD_PERP,bid,60600,897.74
2024-08-22 18:42:20,BTCUSD_PERP,bid,60600,957.8
2024-08-22 18:42:34,BTCUSD_PERP,bid,60600,838.29
2024-08-22 18:42:34,BTCUSD_PERP,bid,60600,778.23
2024-08-22 18:42:34,BTCUSD_PERP,bid,60600,658.72
2024-08-22 18:42:35,BTCUSD_PERP,bid,60600,598.66
2024-08-22 18:42:35,BTCUSD_PERP,bid,60600,538.6
2024-08-22 18:42:36,BTCUSD_PERP,bid,60700,538.92
2024-08-22 18:42:36,BTCUSD_PERP,bid,60700,598.4
2024-08-22 18:42:36,BTCUSD_PERP,bid,60700,718.46
2024-08-22 18:42:36,BTCUSD_PERP,bid,60700,778.54
2024-08-22 18:42:36,BTCUSD_PERP,bid,60700,838.62
2024-08-22 18:43:43,BTCUSD_PERP,bid,60700,718.56
2024-08-22 18:43:43,BTCUSD_PERP,bid,60700,658.48
2024-08-22 18:43:43,BTCUSD_PERP,bid,60700,598.4
2024-08-22 18:43:43,BTCUSD_PERP,bid,60700,538.92
2024-08-22 18:43:44,BTCUSD_PERP,bid,60700,539.76
2024-08-22 18:45:53,BTCUSD_PERP,ask,2560000,223.1
2024-08-22 18:49:01,BTCUSD_PERP,bid,60700,540.22
2024-08-22 18:49:01,BTCUSD_PERP,bid,60700,599.76
2024-08-22 18:49:02,BTCUSD_PERP,bid,60700,659.92
2024-08-22 18:49:19,BTCUSD_PERP,bid,60700,540.21
2024-08-22 18:49:19,BTCUSD_PERP,bid,60700,599.45
2024-08-22 18:49:19,BTCUSD_PERP,bid,60700,659.58
2024-08-22 18:50:42,BTCUSD_PERP,bid,60700,599.45
2024-08-22 18:50:42,BTCUSD_PERP,bid,60700,539.32
2024-08-22 18:50:43,BTCUSD_PERP,bid,60700,539.6
2024-08-22 18:50:43,BTCUSD_PERP,bid,60700,599.77
2024-08-22 18:50:44,BTCUSD_PERP,bid,60700,659.33
2024-08-22 18:50:44,BTCUSD_PERP,bid,60700,719.5
2024-08-22 18:50:54,BTCUSD_PERP,bid,60700,659.94
2024-08-22 18:50:54,BTCUSD_PERP,bid,60700,540.21
2024-08-22 18:50:55,BTCUSD_PERP,bid,60800,599.57
2024-08-22 18:50:55,BTCUSD_PERP,bid,60800,719.26
2024-08-22 18:50:55,BTCUSD_PERP,bid,60800,779.46
2024-08-22 18:52:40,BTCUSD_PERP,bid,60800,719.26
2024-08-22 18:52:40,BTCUSD_PERP,bid,60800,659.06
2024-08-22 18:52:40,BTCUSD_PERP,bid,60800,599.47
2024-08-22 18:52:40,BTCUSD_PERP,bid,60800,539.27
2024-08-22 18:54:28,BTCUSD_PERP,bid,60800,540.46
2024-08-22 18:54:29,BTCUSD_PERP,bid,60800,661.0
2024-08-22 18:54:29,BTCUSD_PERP,bid,60800,720.65
2024-08-22 18:55:38,BTCUSD_PERP,bid,60800,600.73
2024-08-22 18:55:38,BTCUSD_PERP,bid,60800,541.08
2024-08-22 18:56:27,BTCUSD_PERP,bid,60800,541.76
2024-08-22 18:56:27,BTCUSD_PERP,bid,60800,661.67
2024-08-22 18:56:35,BTCUSD_PERP,bid,60800,600.36
2024-08-22 18:56:35,BTCUSD_PERP,bid,60800,660.59
2024-08-22 19:04:57,BTCUSD_PERP,bid,60700,539.06
2024-08-22 19:04:57,BTCUSD_PERP,bid,60700,599.24
2024-08-22 19:08:07,BTCUSD_PERP,bid,60700,539.06
2024-08-22 19:08:16,BTCUSD_PERP,bid,60800,539.44
2024-08-22 19:08:17,BTCUSD_PERP,bid,60800,659.14
2024-08-22 19:08:20,BTCUSD_PERP,bid,60800,659.18
2024-08-22 19:10:23,BTCUSD_PERP,bid,60700,539.05
2024-08-22 19:10:23,BTCUSD_PERP,bid,60700,599.23
2024-08-22 19:10:25,BTCUSD_PERP,bid,60700,538.25
2024-08-22 19:10:26,BTCUSD_PERP,bid,60700,598.4
2024-08-22 19:12:43,BTCUSD_PERP,bid,60700,537.99
2024-08-22 19:12:43,BTCUSD_PERP,bid,60700,1017.62
2024-08-22 19:12:43,BTCUSD_PERP,bid,60600,524.85
2024-08-22 19:12:43,BTCUSD_PERP,bid,60700,1077.74
2024-08-22 19:13:38,BTCUSD_PERP,bid,60700,957.61
2024-08-22 19:13:38,BTCUSD_PERP,bid,60700,897.49
2024-08-22 19:13:38,BTCUSD_PERP,bid,60700,777.25
2024-08-22 19:13:38,BTCUSD_PERP,bid,60700,717.75
2024-08-22 19:13:39,BTCUSD_PERP,bid,60700,597.51
2024-08-22 19:13:39,BTCUSD_PERP,bid,60600,540.08
2024-08-22 19:13:39,BTCUSD_PERP,bid,60600,659.64
2024-08-22 19:13:39,BTCUSD_PERP,bid,60600,779.21
2024-08-22 19:13:39,BTCUSD_PERP,bid,60600,898.77
2024-08-22 19:13:39,BTCUSD_PERP,bid,60600,958.25
2024-08-22 19:13:40,BTCUSD_PERP,bid,60600,1017.72
2024-08-22 19:13:40,BTCUSD_PERP,bid,60600,1077.2
2024-08-22 19:15:14,BTCUSD_PERP,bid,60600,537.63
2024-08-22 19:15:14,BTCUSD_PERP,bid,60600,539.23
2024-08-22 19:16:14,BTCUSD_PERP,bid,60600,538.96
2024-08-22 19:20:09,BTCUSD_PERP,bid,60600,539.11
2024-08-22 19:20:09,BTCUSD_PERP,bid,60600,599.13
2024-08-22 19:20:46,BTCUSD_PERP,bid,60600,539.11
2024-08-22 19:20:47,BTCUSD_PERP,bid,60600,539.31
2024-08-22 19:20:48,BTCUSD_PERP,bid,60600,599.37
2024-08-22 19:21:43,BTCUSD_PERP,bid,60600,539.92
2024-08-22 19:21:50,BTCUSD_PERP,bid,60600,539.57
2024-08-22 19:21:53,BTCUSD_PERP,bid,60600,539.61
2024-08-22 19:22:08,BTCUSD_PERP,bid,60600,539.92
2024-08-22 19:24:07,BTCUSD_PERP,bid,60700,539.86
2024-08-22 19:27:21,BTCUSD_PERP,bid,60600,598.58
2024-08-22 19:27:21,BTCUSD_PERP,bid,60600,658.63
2024-08-22 19:28:10,BTCUSD_PERP,bid,60600,598.58
2024-08-22 19:28:11,BTCUSD_PERP,bid,60600,539.14
2024-08-22 19:28:55,BTCUSD_PERP,bid,60700,539.13
2024-08-22 19:29:02,BTCUSD_PERP,bid,60700,539.25
2024-08-22 19:29:42,BTCUSD_PERP,bid,60700,493.75
2024-08-22 19:29:43,BTCUSD_PERP,bid,60700,545.58
2024-08-22 19:30:03,BTCUSD_PERP,bid,60700,539.25
2024-08-22 19:30:13,BTCUSD_PERP,bid,60700,538.2
2024-08-22 19:30:13,BTCUSD_PERP,bid,60700,598.35
2024-08-22 19:30:14,BTCUSD_PERP,bid,60700,658.5
2024-08-22 19:30:14,BTCUSD_PERP,bid,60700,718.65
2024-08-22 19:30:14,BTCUSD_PERP,bid,60700,778.8
2024-08-22 19:30:48,BTCUSD_PERP,bid,60700,539.12
2024-08-22 19:30:48,BTCUSD_PERP,bid,60700,599.31
2024-08-22 19:30:48,BTCUSD_PERP,bid,60700,659.5
2024-08-22 19:31:14,BTCUSD_PERP,bid,60700,599.93
2024-08-22 19:31:14,BTCUSD_PERP,bid,60700,673.49
2024-08-22 19:31:14,BTCUSD_PERP,bid,60700,733.64
2024-08-22 19:31:14,BTCUSD_PERP,bid,60700,793.18
2024-08-22 19:31:18,BTCUSD_PERP,bid,60700,733.03
2024-08-22 19:31:18,BTCUSD_PERP,bid,60700,673.49
2024-08-22 19:31:18,BTCUSD_PERP,bid,60700,613.95
2024-08-22 19:31:18,BTCUSD_PERP,bid,60700,494.36
2024-08-22 19:32:00,BTCUSD_PERP,bid,60600,539.47
2024-08-22 19:32:00,BTCUSD_PERP,bid,60600,598.94
2024-08-22 19:33:01,BTCUSD_PERP,ask,61700,503.47
2024-08-22 19:33:11,BTCUSD_PERP,ask,61700,497.36
2024-08-22 19:49:38,BTCUSD_PERP,ask,2960000,258.46
2024-08-22 19:51:36,BTCUSD_PERP,ask,61600,491.13
2024-08-22 20:31:18,BTCUSD_PERP,ask,61400,521.15
2024-08-22 20:31:18,BTCUSD_PERP,ask,61400,582.01
2024-08-22 20:31:22,BTCUSD_PERP,ask,61400,561.92
2024-08-22 20:31:25,BTCUSD_PERP,ask,61400,551.88
2024-08-22 20:31:34,BTCUSD_PERP,ask,61400,531.79
2024-08-22 20:39:14,BTCUSD_PERP,bid,60100,533.87
2024-08-22 20:44:07,BTCUSD_PERP,ask,2960000,258.64
2024-08-22 20:45:40,BTCUSD_PERP,bid,60100,652.43
2024-08-22 20:45:48,BTCUSD_PERP,bid,60100,711.58
2024-08-22 20:46:56,BTCUSD_PERP,bid,59900,532.53
2024-08-22 20:50:19,BTCUSD_PERP,bid,59900,531.99
2024-08-22 20:52:03,BTCUSD_PERP,bid,60000,592.37
2024-08-22 20:52:32,BTCUSD_PERP,bid,60100,543.01
2024-08-22 20:52:32,BTCUSD_PERP,bid,60100,602.56
2024-08-22 20:52:32,BTCUSD_PERP,bid,60100,721.06
2024-08-22 20:52:46,BTCUSD_PERP,bid,60100,543.01
2024-08-22 21:01:44,BTCUSD_PERP,ask,2960000,258.48
2024-08-22 21:03:30,BTCUSD_PERP,bid,60100,726.61
2024-08-22 21:04:22,BTCUSD_PERP,bid,60100,533.26
2024-08-22 21:04:24,BTCUSD_PERP,bid,60100,591.39
2024-08-22 21:04:24,BTCUSD_PERP,bid,60100,650.89
2024-08-22 21:04:34,BTCUSD_PERP,bid,60100,592.0
2024-08-22 21:04:51,BTCUSD_PERP,bid,60000,593.0
2024-08-22 21:05:04,BTCUSD_PERP,bid,60000,533.51
2024-08-22 21:05:06,BTCUSD_PERP,bid,60100,592.89
2024-08-22 21:05:06,BTCUSD_PERP,bid,60100,711.35
2024-08-22 21:05:06,BTCUSD_PERP,bid,60100,770.78
2024-08-22 21:05:06,BTCUSD_PERP,bid,60100,830.31
2024-08-22 21:05:12,BTCUSD_PERP,bid,60100,711.85
2024-08-22 21:05:12,BTCUSD_PERP,bid,60100,652.92
2024-08-22 21:05:12,BTCUSD_PERP,bid,60100,594.0
2024-08-22 21:05:51,BTCUSD_PERP,bid,60100,534.22
2024-08-22 21:05:51,BTCUSD_PERP,bid,60100,593.18
2024-08-22 21:05:51,BTCUSD_PERP,bid,60100,652.75
2024-08-22 21:06:06,BTCUSD_PERP,bid,60100,593.79
2024-08-22 21:06:06,BTCUSD_PERP,bid,60100,534.82
2024-08-22 21:06:28,BTCUSD_PERP,bid,60100,533.11
2024-08-22 21:06:33,BTCUSD_PERP,bid,60000,532.77
2024-08-22 21:06:59,BTCUSD_PERP,bid,60100,652.07
2024-08-22 21:07:00,BTCUSD_PERP,bid,60100,711.58
2024-08-22 21:07:12,BTCUSD_PERP,bid,60000,532.81
2024-08-22 21:07:23,BTCUSD_PERP,bid,60100,652.06
2024-08-22 21:07:23,BTCUSD_PERP,bid,60100,771.08
2024-08-22 21:07:23,BTCUSD_PERP,bid,60100,829.98
2024-08-22 21:07:24,BTCUSD_PERP,bid,60100,889.49
2024-08-22 21:07:28,BTCUSD_PERP,bid,60000,770.69
2024-08-22 21:07:29,BTCUSD_PERP,bid,60000,830.17
2024-08-22 21:07:38,BTCUSD_PERP,bid,60000,711.32
2024-08-22 21:08:20,BTCUSD_PERP,bid,60000,711.88
2024-08-22 21:08:20,BTCUSD_PERP,bid,60000,949.08
2024-08-22 21:08:20,BTCUSD_PERP,bid,59900,538.63
2024-08-22 21:08:20,BTCUSD_PERP,bid,60000,1008.53
2024-08-22 21:08:24,BTCUSD_PERP,bid,60000,949.08
2024-08-22 21:08:24,BTCUSD_PERP,bid,60000,889.63
2024-08-22 21:08:24,BTCUSD_PERP,bid,60000,830.18
2024-08-22 21:08:24,BTCUSD_PERP,bid,59900,754.5
2024-08-22 21:08:24,BTCUSD_PERP,bid,60000,946.46
2024-08-22 21:08:24,BTCUSD_PERP,bid,59900,813.84
2024-08-22 21:08:25,BTCUSD_PERP,bid,59900,873.15
2024-08-22 21:08:25,BTCUSD_PERP,bid,60000,1005.88
2024-08-22 21:08:28,BTCUSD_PERP,bid,59900,814.4
2024-08-22 21:08:29,BTCUSD_PERP,bid,59900,755.06
2024-08-22 21:08:35,BTCUSD_PERP,bid,60000,827.62
2024-08-22 21:08:35,BTCUSD_PERP,bid,59900,887.23
2024-08-22 21:08:35,BTCUSD_PERP,bid,59900,946.62
2024-08-22 21:08:36,BTCUSD_PERP,bid,59900,534.54
2024-08-22 21:08:36,BTCUSD_PERP,bid,59900,593.9
2024-08-22 21:09:40,BTCUSD_PERP,bid,60000,531.6
2024-08-22 21:09:40,BTCUSD_PERP,bid,60000,591.0
2024-08-22 21:10:25,BTCUSD_PERP,bid,59900,531.05
2024-08-22 21:10:25,BTCUSD_PERP,bid,59900,590.39
2024-08-22 21:10:57,BTCUSD_PERP,bid,59900,532.6
2024-08-22 21:10:58,BTCUSD_PERP,bid,59900,591.99
2024-08-22 21:11:43,BTCUSD_PERP,bid,60000,533.48
2024-08-22 21:11:43,BTCUSD_PERP,bid,60000,592.29
2024-08-22 21:11:44,BTCUSD_PERP,bid,60000,651.1
2024-08-22 21:11:46,BTCUSD_PERP,bid,59900,708.86
2024-08-22 21:11:47,BTCUSD_PERP,bid,59900,768.24
2024-08-22 21:12:10,BTCUSD_PERP,bid,59900,709.46
2024-08-22 21:12:10,BTCUSD_PERP,bid,59900,650.08
2024-08-22 21:12:10,BTCUSD_PERP,bid,59900,590.7
2024-08-22 21:12:10,BTCUSD_PERP,bid,59900,531.42
2024-08-22 21:17:37,BTCUSD_PERP,bid,60100,534.82
2024-08-22 21:18:34,BTCUSD_PERP,bid,60100,830.13
2024-08-22 21:18:34,BTCUSD_PERP,bid,60000,519.17
2024-08-22 21:18:34,BTCUSD_PERP,bid,60100,889.65
2024-08-22 21:18:43,BTCUSD_PERP,bid,60100,770.61
2024-08-22 21:18:43,BTCUSD_PERP,bid,60000,888.58
2024-08-22 21:18:43,BTCUSD_PERP,bid,60000,518.89
2024-08-22 21:18:43,BTCUSD_PERP,bid,60000,948.07
2024-08-22 21:19:02,BTCUSD_PERP,bid,50900,726.73
2024-08-22 21:19:38,BTCUSD_PERP,bid,60000,888.58
2024-08-22 21:19:39,BTCUSD_PERP,bid,60000,829.09
2024-08-22 21:19:39,BTCUSD_PERP,bid,60000,710.72
2024-08-22 21:19:39,BTCUSD_PERP,bid,60000,651.23
2024-08-22 21:19:39,BTCUSD_PERP,bid,60000,532.86
2024-08-22 21:19:39,BTCUSD_PERP,bid,60100,533.86
2024-08-22 21:19:53,BTCUSD_PERP,bid,60000,711.34
2024-08-22 21:19:53,BTCUSD_PERP,bid,60000,770.83
2024-08-22 21:20:32,BTCUSD_PERP,bid,60000,651.85
