2024-08-28 07:01:36,BTCUSDT,bid,47300,804.522
2024-08-28 07:04:18,BTCUSDT,bid,47000,877.394
2024-08-28 07:04:28,BTCUSDT,bid,47000,877.388
2024-08-28 07:06:47,BTCUSDT,bid,47000,876.75
2024-08-28 07:08:35,BTCUSDT,bid,47000,877.175
2024-08-28 07:10:15,BTCUSDT,bid,47300,804.944
2024-08-28 07:11:40,BTCUSDT,bid,47300,804.956
2024-08-28 07:25:01,BTCUSDT,bid,47000,877.153
2024-08-28 07:32:55,BTCUSDT,bid,47000,877.189
2024-08-28 07:42:46,BTCUSDT,bid,47000,877.186
2024-08-28 07:46:45,BTCUSDT,bid,47300,805.056
2024-08-28 07:52:27,BTCUSDT,bid,47000,877.183
2024-08-28 08:04:47,BTCUSDT,bid,47000,877.162
2024-08-28 08:05:17,BTCUSDT,bid,57500,634.247
2024-08-28 08:05:31,BTCUSDT,bid,57500,634.255
2024-08-28 08:05:33,BTCUSDT,bid,57500,634.348
2024-08-28 08:05:48,BTCUSDT,bid,57500,634.372
2024-08-28 08:07:39,BTCUSDT,bid,57500,634.363
2024-08-28 08:07:50,BTCUSDT,bid,57500,634.373
2024-08-28 08:08:04,BTCUSDT,bid,57500,634.403
2024-08-28 08:08:22,BTCUSDT,bid,57500,634.379
2024-08-28 08:08:35,BTCUSDT,bid,57500,634.387
2024-08-28 08:08:54,BTCUSDT,bid,57500,634.392
2024-08-28 08:09:19,BTCUSDT,bid,57500,634.4
2024-08-28 08:09:35,BTCUSDT,bid,57500,634.388
2024-08-28 08:09:46,BTCUSDT,bid,57500,634.38
2024-08-28 08:10:40,BTCUSDT,bid,57500,634.382
2024-08-28 08:10:58,BTCUSDT,bid,57500,634.402
2024-08-28 08:11:19,BTCUSDT,bid,57500,634.404
2024-08-28 08:11:53,BTCUSDT,bid,57500,634.335
2024-08-28 08:12:02,BTCUSDT,bid,57500,634.327
2024-08-28 08:12:08,BTCUSDT,bid,57500,634.695
2024-08-28 08:12:16,BTCUSDT,bid,57500,634.795
2024-08-28 08:12:34,BTCUSDT,bid,57500,634.814
2024-08-28 08:13:03,BTCUSDT,bid,57500,634.831
2024-08-28 08:13:08,BTCUSDT,bid,57500,634.944
2024-08-28 08:14:26,BTCUSDT,bid,47000,877.171
2024-08-28 08:15:17,BTCUSDT,bid,57500,634.946
2024-08-28 08:15:17,BTCUSDT,bid,57500,634.944
2024-08-28 08:15:43,BTCUSDT,bid,57500,634.954
2024-08-28 08:16:30,BTCUSDT,bid,57500,634.976
2024-08-28 08:16:51,BTCUSDT,bid,57500,634.978
2024-08-28 08:16:58,BTCUSDT,bid,57500,634.976
2024-08-28 08:17:06,BTCUSDT,bid,57500,634.974
2024-08-28 08:17:24,BTCUSDT,bid,57500,634.976
2024-08-28 08:17:29,BTCUSDT,bid,47000,877.186
2024-08-28 08:19:41,BTCUSDT,bid,57500,635.011
2024-08-28 08:19:54,BTCUSDT,bid,57500,635.019
2024-08-28 08:20:41,BTCUSDT,bid,57500,635.022
2024-08-28 08:21:23,BTCUSDT,bid,57500,635.02
2024-08-28 08:21:37,BTCUSDT,bid,57500,634.958
2024-08-28 08:21:52,BTCUSDT,bid,57500,634.871
2024-08-28 08:22:07,BTCUSDT,bid,57500,634.402
2024-08-28 08:22:13,BTCUSDT,bid,57500,634.408
2024-08-28 08:22:14,BTCUSDT,bid,57500,634.29
2024-08-28 08:23:00,BTCUSDT,bid,57500,634.352
2024-08-28 08:23:15,BTCUSDT,bid,47000,877.207
2024-08-28 08:25:24,BTCUSDT,bid,57500,634.36
2024-08-28 08:26:08,BTCUSDT,bid,47000,876.207
2024-08-28 08:27:06,BTCUSDT,bid,57500,634.364
2024-08-28 08:28:19,BTCUSDT,bid,57500,634.214
2024-08-28 08:28:22,BTCUSDT,bid,57500,634.194
2024-08-28 08:29:06,BTCUSDT,bid,57500,634.223
2024-08-28 08:29:30,BTCUSDT,bid,57500,634.218
2024-08-28 08:29:59,BTCUSDT,bid,57500,634.223
2024-08-28 08:30:17,BTCUSDT,bid,57500,634.121
2024-08-28 08:31:05,BTCUSDT,bid,57500,634.115
2024-08-28 08:31:22,BTCUSDT,bid,57500,635.115
2024-08-28 08:31:29,BTCUSDT,bid,57500,635.233
2024-08-28 08:31:51,BTCUSDT,bid,57500,635.225
2024-08-28 08:31:55,BTCUSDT,bid,57500,635.227
2024-08-28 08:33:49,BTCUSDT,bid,57500,635.313
2024-08-28 08:33:58,BTCUSDT,bid,57500,635.319
2024-08-28 08:34:54,BTCUSDT,bid,57500,635.405
2024-08-28 08:34:57,BTCUSDT,bid,57500,635.221
2024-08-28 08:35:04,BTCUSDT,bid,57500,630.221
2024-08-28 08:35:33,BTCUSDT,bid,47000,876.192
2024-08-28 08:35:45,BTCUSDT,bid,57500,630.193
2024-08-28 08:38:00,BTCUSDT,bid,57500,630.179
2024-08-28 08:38:13,BTCUSDT,bid,57500,630.176
2024-08-28 08:39:06,BTCUSDT,bid,57500,630.603
2024-08-28 08:39:13,BTCUSDT,bid,57500,630.656
2024-08-28 08:39:53,BTCUSDT,bid,57500,630.658
2024-08-28 08:39:54,BTCUSDT,bid,57500,630.661
2024-08-28 08:39:55,BTCUSDT,bid,47000,876.222
2024-08-28 08:39:55,BTCUSDT,bid,57500,630.234
2024-08-28 08:40:26,BTCUSDT,bid,57500,630.277
2024-08-28 08:40:51,BTCUSDT,bid,57500,630.283
2024-08-28 08:40:59,BTCUSDT,bid,57500,630.286
2024-08-28 08:41:06,BTCUSDT,bid,57500,630.243
2024-08-28 08:41:08,BTCUSDT,bid,57500,630.258
2024-08-28 08:41:44,BTCUSDT,bid,57500,630.357
2024-08-28 08:41:55,BTCUSDT,bid,57500,630.365
2024-08-28 08:42:13,BTCUSDT,bid,57500,630.353
2024-08-28 08:42:23,BTCUSDT,bid,57500,630.361
2024-08-28 08:42:27,BTCUSDT,bid,57500,630.702
2024-08-28 08:42:28,BTCUSDT,bid,57500,630.788
2024-08-28 08:42:34,BTCUSDT,bid,57500,630.786
2024-08-28 08:43:08,BTCUSDT,bid,57500,630.789
2024-08-28 08:43:13,BTCUSDT,bid,57500,630.493
2024-08-28 08:43:26,BTCUSDT,bid,47000,876.192
2024-08-28 08:43:44,BTCUSDT,bid,57500,631.014
2024-08-28 08:44:32,BTCUSDT,bid,47300,805.056
2024-08-28 08:44:34,BTCUSDT,bid,47300,805.06
2024-08-28 08:44:34,BTCUSDT,bid,47300,805.056
2024-08-28 08:44:35,BTCUSDT,bid,47300,805.056
2024-08-28 08:44:35,BTCUSDT,bid,47300,805.056
2024-08-28 08:44:36,BTCUSDT,bid,47300,805.056
2024-08-28 08:44:37,BTCUSDT,bid,47300,805.06
2024-08-28 08:44:37,BTCUSDT,bid,47300,805.056
2024-08-28 08:44:38,BTCUSDT,bid,57500,630.915
2024-08-28 08:44:39,BTCUSDT,bid,47300,805.056
2024-08-28 08:44:40,BTCUSDT,bid,47300,805.056
2024-08-28 08:44:41,BTCUSDT,bid,47300,805.06
2024-08-28 08:44:41,BTCUSDT,bid,47300,805.056
2024-08-28 08:45:25,BTCUSDT,bid,57500,631.088
2024-08-28 08:45:26,BTCUSDT,bid,57500,631.321
2024-08-28 08:45:27,BTCUSDT,bid,57500,631.313
2024-08-28 08:45:47,BTCUSDT,bid,57500,631.47
2024-08-28 08:46:46,BTCUSDT,bid,57500,631.237
2024-08-28 08:47:23,BTCUSDT,bid,57500,631.47
2024-08-28 08:47:53,BTCUSDT,bid,57500,631.462
2024-08-28 08:48:10,BTCUSDT,bid,57500,631.433
2024-08-28 08:48:53,BTCUSDT,bid,57500,631.105
2024-08-28 08:49:50,BTCUSDT,bid,57500,631.107
2024-08-28 08:50:33,BTCUSDT,bid,57500,631.116
2024-08-28 08:50:58,BTCUSDT,bid,57500,631.118
2024-08-28 08:51:32,BTCUSDT,bid,57500,631.12
2024-08-28 08:54:04,BTCUSDT,bid,57500,631.122
2024-08-28 08:54:34,BTCUSDT,bid,57500,632.122
2024-08-28 08:54:47,BTCUSDT,bid,57500,632.254
2024-08-28 08:55:02,BTCUSDT,bid,57500,632.251
2024-08-28 08:55:05,BTCUSDT,bid,57500,632.264
2024-08-28 08:55:20,BTCUSDT,bid,57500,632.244
2024-08-28 08:55:24,BTCUSDT,bid,57500,632.087
2024-08-28 08:56:32,BTCUSDT,bid,57500,632.131
2024-08-28 08:56:37,BTCUSDT,bid,57500,632.165
2024-08-28 08:57:30,BTCUSDT,bid,57500,632.155
2024-08-28 08:58:16,BTCUSDT,bid,57500,632.137
2024-08-28 08:58:26,BTCUSDT,bid,57500,632.135
2024-08-28 08:59:37,BTCUSDT,bid,57500,632.138
2024-08-28 08:59:43,BTCUSDT,bid,57500,632.14
2024-08-28 09:00:11,BTCUSDT,bid,57500,632.212
2024-08-28 09:00:12,BTCUSDT,bid,57500,632.21
2024-08-28 09:00:24,BTCUSDT,bid,57500,632.204
2024-08-28 09:00:52,BTCUSDT,bid,57500,632.22
2024-08-28 09:01:45,BTCUSDT,bid,57500,632.222
2024-08-28 09:02:23,BTCUSDT,bid,57500,632.232
2024-08-28 09:03:22,BTCUSDT,bid,57500,632.212
2024-08-28 09:03:29,BTCUSDT,bid,47000,875.554
2024-08-28 09:04:10,BTCUSDT,bid,57500,632.215
2024-08-28 09:04:20,BTCUSDT,bid,57500,632.213
2024-08-28 09:04:24,BTCUSDT,bid,57500,632.207
2024-08-28 09:06:13,BTCUSDT,bid,57500,632.205
2024-08-28 09:07:42,BTCUSDT,bid,57500,632.207
2024-08-28 09:08:19,BTCUSDT,bid,57500,631.974
2024-08-28 09:08:35,BTCUSDT,bid,57500,631.983
2024-08-28 09:08:51,BTCUSDT,bid,57500,631.999
2024-08-28 09:09:56,BTCUSDT,bid,57500,631.994
2024-08-28 09:10:23,BTCUSDT,bid,57500,631.989
2024-08-28 09:10:46,BTCUSDT,bid,57500,631.985
2024-08-28 09:10:56,BTCUSDT,bid,57500,632.002
2024-08-28 09:11:03,BTCUSDT,bid,57500,631.916
2024-08-28 09:11:12,BTCUSDT,bid,57500,631.92
2024-08-28 09:11:21,BTCUSDT,bid,57500,631.912
2024-08-28 09:11:26,BTCUSDT,bid,57500,631.987
2024-08-28 09:11:37,BTCUSDT,bid,57500,631.984
2024-08-28 09:12:02,BTCUSDT,bid,57500,632.001
2024-08-28 09:12:30,BTCUSDT,bid,57500,631.997
2024-08-28 09:13:15,BTCUSDT,bid,57500,632.047
2024-08-28 09:14:17,BTCUSDT,bid,57500,632.147
2024-08-28 09:14:21,BTCUSDT,bid,57500,632.144
2024-08-28 09:15:28,BTCUSDT,bid,57500,632.131
2024-08-28 09:15:50,BTCUSDT,bid,57500,632.153
2024-08-28 09:17:43,BTCUSDT,bid,57500,631.785
2024-08-28 09:18:24,BTCUSDT,bid,47000,875.639
2024-08-28 09:18:51,BTCUSDT,bid,57500,631.776
2024-08-28 09:20:13,BTCUSDT,bid,57500,631.773
2024-08-28 09:20:29,BTCUSDT,bid,57500,631.771
2024-08-28 09:21:37,BTCUSDT,bid,47000,876.518
2024-08-28 09:22:26,BTCUSDT,bid,57500,631.788
2024-08-28 09:22:27,BTCUSDT,bid,47000,875.639
2024-08-28 09:23:26,BTCUSDT,bid,57500,631.79
2024-08-28 09:23:45,BTCUSDT,bid,57500,631.785
2024-08-28 09:24:11,BTCUSDT,bid,57500,631.783
2024-08-28 09:24:24,BTCUSDT,bid,57500,630.425
2024-08-28 09:26:01,BTCUSDT,bid,57500,630.423
2024-08-28 09:26:07,BTCUSDT,bid,57500,630.455
2024-08-28 09:26:21,BTCUSDT,bid,57500,630.58
2024-08-28 09:26:23,BTCUSDT,bid,47000,875.643
2024-08-28 09:26:26,BTCUSDT,bid,57500,630.813
2024-08-28 09:26:34,BTCUSDT,bid,57500,630.781
2024-08-28 09:27:00,BTCUSDT,bid,57500,630.681
2024-08-28 09:27:34,BTCUSDT,bid,57500,630.448
2024-08-28 09:27:34,BTCUSDT,bid,57500,630.517
2024-08-28 09:27:45,BTCUSDT,bid,57500,630.519
2024-08-28 09:28:02,BTCUSDT,bid,57500,630.635
2024-08-28 09:28:10,BTCUSDT,bid,57500,630.643
2024-08-28 09:28:14,BTCUSDT,bid,57500,630.518
2024-08-28 09:28:50,BTCUSDT,bid,57500,630.171
2024-08-28 09:29:38,BTCUSDT,bid,57500,630.16
2024-08-28 09:29:52,BTCUSDT,bid,57500,630.158
2024-08-28 09:30:29,BTCUSDT,bid,57500,630.168
2024-08-28 09:32:12,BTCUSDT,bid,57500,630.052
2024-08-28 09:32:32,BTCUSDT,bid,47000,875.667
2024-08-28 09:32:32,BTCUSDT,bid,57500,630.072
2024-08-28 09:32:59,BTCUSDT,bid,57500,630.045
2024-08-28 09:34:03,BTCUSDT,bid,47000,875.672
2024-08-28 09:34:27,BTCUSDT,bid,57500,630.079
2024-08-28 09:35:55,BTCUSDT,bid,57500,630.083
2024-08-28 09:36:07,BTCUSDT,bid,57500,630.07
2024-08-28 09:36:59,BTCUSDT,bid,57500,629.892
2024-08-28 09:38:16,BTCUSDT,bid,57500,629.875
2024-08-28 09:39:24,BTCUSDT,bid,57500,629.892
2024-08-28 09:41:01,BTCUSDT,bid,57500,629.894
2024-08-28 09:41:16,BTCUSDT,bid,57500,629.914
2024-08-28 09:41:23,BTCUSDT,bid,57500,629.764
2024-08-28 09:42:34,BTCUSDT,bid,57500,632.764
2024-08-28 09:42:44,BTCUSDT,bid,57500,632.781
2024-08-28 09:43:26,BTCUSDT,bid,57500,632.764
2024-08-28 09:44:36,BTCUSDT,bid,57500,632.798
2024-08-28 09:45:10,BTCUSDT,bid,57500,632.805
2024-08-28 09:46:18,BTCUSDT,bid,57500,632.937
2024-08-28 09:46:30,BTCUSDT,bid,57500,632.963
2024-08-28 09:46:35,BTCUSDT,bid,57500,632.892
2024-08-28 09:46:54,BTCUSDT,bid,57500,632.9
2024-08-28 09:47:36,BTCUSDT,bid,57500,632.414
2024-08-28 09:50:16,BTCUSDT,bid,57500,632.432
2024-08-28 09:51:01,BTCUSDT,bid,57500,632.484
2024-08-28 09:53:11,BTCUSDT,bid,47000,875.669
2024-08-28 09:55:51,BTCUSDT,bid,57500,632.474
2024-08-28 09:57:56,BTCUSDT,bid,57500,632.72
2024-08-28 09:59:43,BTCUSDT,bid,57500,632.718
2024-08-28 10:01:05,BTCUSDT,bid,57500,632.652
2024-08-28 10:01:07,BTCUSDT,bid,57500,632.679
2024-08-28 10:01:30,BTCUSDT,bid,57500,632.683
2024-08-28 10:01:32,BTCUSDT,bid,57500,632.691
2024-08-28 10:01:40,BTCUSDT,bid,57500,632.694
2024-08-28 10:01:54,BTCUSDT,bid,57500,632.676
2024-08-28 10:04:47,BTCUSDT,bid,57500,633.954
2024-08-28 10:04:51,BTCUSDT,bid,57500,633.946
2024-08-28 10:04:59,BTCUSDT,bid,57500,633.943
2024-08-28 10:05:35,BTCUSDT,bid,57500,633.95
2024-08-28 10:06:29,BTCUSDT,bid,57500,633.953
2024-08-28 10:08:54,BTCUSDT,bid,57500,633.951
2024-08-28 10:09:19,BTCUSDT,bid,57500,633.45
2024-08-28 10:10:04,BTCUSDT,bid,57500,633.395
2024-08-28 10:10:58,BTCUSDT,bid,57500,633.282
2024-08-28 10:11:17,BTCUSDT,bid,57500,632.847
2024-08-28 10:12:24,BTCUSDT,bid,57500,633.847
2024-08-28 10:13:43,BTCUSDT,bid,57500,633.674
2024-08-28 10:15:00,BTCUSDT,bid,57500,633.672
2024-08-28 10:15:45,BTCUSDT,bid,57500,633.67
2024-08-28 10:16:20,BTCUSDT,bid,57500,633.752
2024-08-28 10:16:25,BTCUSDT,bid,57500,633.67
2024-08-28 10:18:00,BTCUSDT,bid,57500,633.636
2024-08-28 10:18:49,BTCUSDT,bid,47000,875.571
2024-08-28 10:19:54,BTCUSDT,bid,57500,633.639
2024-08-28 10:20:05,BTCUSDT,bid,47000,875.573
2024-08-28 10:20:17,BTCUSDT,bid,57500,633.626
2024-08-28 10:20:36,BTCUSDT,bid,57500,633.624
2024-08-28 10:20:49,BTCUSDT,bid,57500,633.856
2024-08-28 10:21:17,BTCUSDT,bid,57500,633.852
2024-08-28 10:21:26,BTCUSDT,bid,57500,633.861
2024-08-28 10:23:53,BTCUSDT,bid,57500,633.842
2024-08-28 10:24:57,BTCUSDT,bid,57500,633.847
2024-08-28 10:26:08,BTCUSDT,bid,57500,630.847
2024-08-28 10:26:48,BTCUSDT,bid,57500,630.813
2024-08-28 10:28:10,BTCUSDT,bid,57500,630.823
2024-08-28 10:30:01,BTCUSDT,bid,57500,630.322
2024-08-28 10:30:20,BTCUSDT,bid,57500,630.448
2024-08-28 10:30:58,BTCUSDT,bid,57500,630.447
2024-08-28 10:31:39,BTCUSDT,bid,57500,630.452
2024-08-28 10:33:01,BTCUSDT,bid,57500,629.952
2024-08-28 10:33:29,BTCUSDT,bid,57500,629.949
2024-08-28 10:36:51,BTCUSDT,bid,57500,629.776
2024-08-28 10:37:17,BTCUSDT,bid,57500,629.778
2024-08-28 10:37:31,BTCUSDT,bid,57500,629.778
2024-08-28 10:37:31,BTCUSDT,bid,57500,629.778
2024-08-28 10:37:31,BTCUSDT,bid,57500,629.778
2024-08-28 10:37:31,BTCUSDT,bid,57500,629.778
2024-08-28 10:37:32,BTCUSDT,bid,57500,629.778
2024-08-28 10:37:40,BTCUSDT,bid,57500,629.768
2024-08-28 10:39:13,BTCUSDT,bid,57500,629.765
2024-08-28 10:39:52,BTCUSDT,bid,57500,629.763
2024-08-28 10:39:53,BTCUSDT,bid,57500,629.759
2024-08-28 10:39:58,BTCUSDT,bid,57500,631.237
2024-08-28 10:39:58,BTCUSDT,bid,57500,631.187
2024-08-28 10:40:20,BTCUSDT,bid,57500,631.2
2024-08-28 10:42:02,BTCUSDT,bid,57500,631.373
2024-08-28 10:42:06,BTCUSDT,bid,57500,631.2
2024-08-28 10:42:19,BTCUSDT,bid,57500,631.373
2024-08-28 10:42:33,BTCUSDT,bid,47000,875.526
2024-08-28 10:44:24,BTCUSDT,bid,57500,631.372
2024-08-28 10:44:52,BTCUSDT,bid,57500,631.37
2024-08-28 10:46:30,BTCUSDT,bid,47000,875.521
2024-08-28 10:47:07,BTCUSDT,bid,47000,875.528
2024-08-28 10:47:08,BTCUSDT,bid,57500,631.37
2024-08-28 10:47:09,BTCUSDT,bid,57500,631.37
2024-08-28 10:47:09,BTCUSDT,bid,57500,631.37
2024-08-28 10:47:09,BTCUSDT,bid,57500,631.37
2024-08-28 10:47:09,BTCUSDT,bid,57500,631.37
2024-08-28 10:47:10,BTCUSDT,bid,57500,631.37
2024-08-28 10:47:10,BTCUSDT,bid,57500,631.37
2024-08-28 10:47:10,BTCUSDT,bid,57500,631.37
2024-08-28 10:47:37,BTCUSDT,bid,57500,631.378
2024-08-28 10:48:07,BTCUSDT,bid,57500,631.39
2024-08-28 10:48:30,BTCUSDT,bid,57500,631.382
2024-08-28 10:48:42,BTCUSDT,bid,57500,631.434
2024-08-28 10:48:46,BTCUSDT,bid,47000,875.521
2024-08-28 10:49:42,BTCUSDT,bid,47000,875.531
2024-08-28 10:49:44,BTCUSDT,bid,57500,631.417
2024-08-28 10:49:50,BTCUSDT,bid,57500,631.337
2024-08-28 10:52:09,BTCUSDT,bid,57500,631.358
2024-08-28 10:52:13,BTCUSDT,bid,57500,631.346
2024-08-28 10:54:33,BTCUSDT,bid,57500,631.364
2024-08-28 10:55:12,BTCUSDT,bid,57500,631.359
2024-08-28 10:56:12,BTCUSDT,bid,57500,631.355
2024-08-28 10:56:37,BTCUSDT,bid,57500,631.358
2024-08-28 10:57:36,BTCUSDT,bid,57500,631.362
2024-08-28 10:58:50,BTCUSDT,bid,57500,631.36
2024-08-28 11:00:30,BTCUSDT,bid,57500,631.364
2024-08-28 11:05:10,BTCUSDT,bid,57500,631.356
2024-08-28 11:05:24,BTCUSDT,bid,57500,631.36
2024-08-28 11:05:43,BTCUSDT,bid,57500,631.353
2024-08-28 11:09:00,BTCUSDT,bid,57500,631.359
2024-08-28 11:09:38,BTCUSDT,bid,57500,631.357
2024-08-28 11:09:40,BTCUSDT,bid,57500,631.337
2024-08-28 11:09:59,BTCUSDT,bid,57500,631.337
2024-08-28 11:09:59,BTCUSDT,bid,57500,631.337
2024-08-28 11:10:00,BTCUSDT,bid,57500,631.337
2024-08-28 11:10:00,BTCUSDT,bid,57500,631.337
2024-08-28 11:10:00,BTCUSDT,bid,57500,631.337
2024-08-28 11:10:00,BTCUSDT,bid,57500,631.337
2024-08-28 11:10:01,BTCUSDT,bid,57500,631.337
2024-08-28 11:10:01,BTCUSDT,bid,57500,631.337
2024-08-28 11:10:01,BTCUSDT,bid,57500,631.339
2024-08-28 11:10:01,BTCUSDT,bid,57500,631.337
2024-08-28 11:10:01,BTCUSDT,bid,57500,631.337
2024-08-28 11:10:02,BTCUSDT,bid,57500,631.337
2024-08-28 11:10:02,BTCUSDT,bid,57500,631.337
2024-08-28 11:10:02,BTCUSDT,bid,57500,631.337
2024-08-28 11:10:03,BTCUSDT,bid,57500,631.337
2024-08-28 11:10:03,BTCUSDT,bid,57500,631.337
2024-08-28 11:10:03,BTCUSDT,bid,57500,631.339
2024-08-28 11:10:03,BTCUSDT,bid,57500,631.337
2024-08-28 11:10:03,BTCUSDT,bid,57500,631.337
2024-08-28 11:10:49,BTCUSDT,bid,57500,631.355
2024-08-28 11:11:49,BTCUSDT,bid,57500,631.359
2024-08-28 11:13:14,BTCUSDT,bid,57500,631.411
2024-08-28 11:13:41,BTCUSDT,bid,57500,631.256
2024-08-28 11:14:50,BTCUSDT,bid,57500,631.204
2024-08-28 11:15:10,BTCUSDT,bid,57500,631.206
2024-08-28 11:15:32,BTCUSDT,bid,57500,631.204
2024-08-28 11:17:36,BTCUSDT,bid,57500,631.202
2024-08-28 11:17:53,BTCUSDT,bid,57500,631.189
2024-08-28 11:17:56,BTCUSDT,bid,57500,631.187
2024-08-28 11:17:56,BTCUSDT,bid,57500,631.226
2024-08-28 11:18:01,BTCUSDT,bid,57500,631.278
2024-08-28 11:18:03,BTCUSDT,bid,57500,631.284
2024-08-28 11:18:38,BTCUSDT,bid,57500,631.346
2024-08-28 11:18:49,BTCUSDT,bid,57500,631.35
2024-08-28 11:19:34,BTCUSDT,bid,57500,631.317
2024-08-28 11:19:36,BTCUSDT,bid,57500,631.265
2024-08-28 11:20:25,BTCUSDT,bid,57500,631.213
2024-08-28 11:20:34,BTCUSDT,bid,57500,631.245
2024-08-28 11:21:08,BTCUSDT,bid,57500,631.592
2024-08-28 11:22:04,BTCUSDT,bid,57500,631.762
2024-08-28 11:22:18,BTCUSDT,bid,47300,805.062
2024-08-28 11:22:33,BTCUSDT,bid,57500,631.592
2024-08-28 11:23:24,BTCUSDT,bid,57500,631.603
2024-08-28 11:24:26,BTCUSDT,bid,57500,631.593
2024-08-28 11:24:31,BTCUSDT,bid,57500,631.679
2024-08-28 11:24:49,BTCUSDT,bid,57500,631.693
2024-08-28 11:25:35,BTCUSDT,bid,57500,631.706
2024-08-28 11:26:02,BTCUSDT,bid,57500,631.704
2024-08-28 11:26:20,BTCUSDT,bid,57500,631.7
2024-08-28 11:26:21,BTCUSDT,bid,47000,877.658
2024-08-28 11:27:30,BTCUSDT,bid,57500,632.134
2024-08-28 11:27:53,BTCUSDT,bid,57500,632.107
2024-08-28 11:28:48,BTCUSDT,bid,57500,632.124
2024-08-28 11:28:49,BTCUSDT,bid,57500,632.107
2024-08-28 11:30:32,BTCUSDT,bid,57500,632.246
2024-08-28 11:33:40,BTCUSDT,bid,57500,632.253
2024-08-28 11:36:43,BTCUSDT,bid,57500,631.819
2024-08-28 11:37:11,BTCUSDT,bid,57500,631.819
2024-08-28 11:37:12,BTCUSDT,bid,57500,631.819
2024-08-28 11:37:12,BTCUSDT,bid,57500,631.819
2024-08-28 11:37:29,BTCUSDT,bid,57500,631.819
2024-08-28 11:37:29,BTCUSDT,bid,57500,631.819
2024-08-28 11:37:29,BTCUSDT,bid,57500,631.819
2024-08-28 11:37:30,BTCUSDT,bid,57500,631.819
2024-08-28 11:37:30,BTCUSDT,bid,57500,631.819
2024-08-28 11:37:30,BTCUSDT,bid,57500,631.819
2024-08-28 11:37:30,BTCUSDT,bid,57500,631.819
2024-08-28 11:37:31,BTCUSDT,bid,57500,631.819
2024-08-28 11:37:31,BTCUSDT,bid,57500,631.819
2024-08-28 11:37:31,BTCUSDT,bid,57500,631.819
2024-08-28 11:37:32,BTCUSDT,bid,57500,631.819
2024-08-28 11:37:32,BTCUSDT,bid,57500,631.819
2024-08-28 11:38:55,BTCUSDT,bid,57500,632.704
2024-08-28 11:39:22,BTCUSDT,bid,57500,632.723
2024-08-28 11:39:42,BTCUSDT,bid,57500,632.637
2024-08-28 11:40:15,BTCUSDT,bid,57500,632.637
2024-08-28 11:40:15,BTCUSDT,bid,57500,632.637
2024-08-28 11:40:15,BTCUSDT,bid,57500,632.637
2024-08-28 11:40:16,BTCUSDT,bid,57500,632.637
2024-08-28 11:40:16,BTCUSDT,bid,57500,632.637
2024-08-28 11:40:16,BTCUSDT,bid,57500,632.637
2024-08-28 11:40:16,BTCUSDT,bid,57500,632.637
2024-08-28 11:40:17,BTCUSDT,bid,57500,632.637
2024-08-28 11:40:17,BTCUSDT,bid,57500,632.637
2024-08-28 11:40:17,BTCUSDT,bid,57500,632.637
2024-08-28 11:40:18,BTCUSDT,bid,57500,632.637
2024-08-28 11:40:18,BTCUSDT,bid,57500,632.637
2024-08-28 11:40:18,BTCUSDT,bid,57500,632.637
2024-08-28 11:40:18,BTCUSDT,bid,57500,632.637
2024-08-28 11:40:18,BTCUSDT,bid,57500,632.637
2024-08-28 11:40:23,BTCUSDT,bid,57500,632.637
2024-08-28 11:40:23,BTCUSDT,bid,57500,632.637
2024-08-28 11:40:23,BTCUSDT,bid,57500,632.637
2024-08-28 11:40:24,BTCUSDT,bid,57500,632.637
2024-08-28 11:40:24,BTCUSDT,bid,57500,632.637
2024-08-28 11:40:24,BTCUSDT,bid,57500,632.637
2024-08-28 11:40:25,BTCUSDT,bid,57500,632.637
2024-08-28 11:40:25,BTCUSDT,bid,57500,632.637
2024-08-28 11:40:25,BTCUSDT,bid,57500,632.637
2024-08-28 11:40:25,BTCUSDT,bid,57500,632.637
2024-08-28 11:40:26,BTCUSDT,bid,57500,632.637
2024-08-28 11:40:26,BTCUSDT,bid,57500,632.637
2024-08-28 11:40:26,BTCUSDT,bid,57500,632.637
2024-08-28 11:40:26,BTCUSDT,bid,57500,632.637
2024-08-28 11:40:40,BTCUSDT,bid,57500,632.642
2024-08-28 11:42:28,BTCUSDT,bid,57500,632.65
2024-08-28 11:44:41,BTCUSDT,bid,57500,632.7
2024-08-28 11:44:50,BTCUSDT,bid,57500,632.682
2024-08-28 11:45:28,BTCUSDT,bid,57500,632.732
2024-08-28 11:45:53,BTCUSDT,bid,57500,632.682
2024-08-28 11:49:42,BTCUSDT,bid,57500,632.665
2024-08-28 11:49:44,BTCUSDT,bid,57500,632.667
2024-08-28 11:50:06,BTCUSDT,bid,57500,632.67
2024-08-28 11:51:13,BTCUSDT,bid,57500,632.666
2024-08-28 11:51:57,BTCUSDT,bid,57500,632.747
2024-08-28 11:52:03,BTCUSDT,bid,57500,632.717
2024-08-28 11:52:05,BTCUSDT,bid,57500,632.544
2024-08-28 11:54:21,BTCUSDT,bid,57500,632.896
2024-08-28 11:55:16,BTCUSDT,bid,57500,632.902
2024-08-28 11:56:38,BTCUSDT,bid,57500,632.894
2024-08-28 11:57:19,BTCUSDT,bid,57500,632.808
2024-08-28 11:57:52,BTCUSDT,bid,57500,635.308
2024-08-28 11:57:58,BTCUSDT,bid,57500,635.288
2024-08-28 11:58:00,BTCUSDT,bid,47000,875.531
2024-08-28 11:59:01,BTCUSDT,bid,57500,635.3
2024-08-28 11:59:21,BTCUSDT,bid,57500,635.295
2024-08-28 11:59:26,BTCUSDT,bid,57500,635.174
2024-08-28 11:59:43,BTCUSDT,bid,57500,635.314
2024-08-28 12:01:27,BTCUSDT,bid,57500,635.324
2024-08-28 12:01:30,BTCUSDT,bid,57500,635.328
2024-08-28 12:01:37,BTCUSDT,bid,57500,635.762
2024-08-28 12:01:59,BTCUSDT,bid,57500,635.782
2024-08-28 12:02:05,BTCUSDT,bid,57500,635.807
2024-08-28 12:02:13,BTCUSDT,bid,57500,635.887
2024-08-28 12:02:36,BTCUSDT,bid,57500,635.872
2024-08-28 12:08:18,BTCUSDT,bid,57500,635.878
2024-08-28 12:08:35,BTCUSDT,bid,57500,635.905
2024-08-28 12:08:44,BTCUSDT,bid,57500,635.899
2024-08-28 12:09:05,BTCUSDT,bid,57500,635.896
2024-08-28 12:09:08,BTCUSDT,bid,57500,635.874
2024-08-28 12:09:10,BTCUSDT,bid,57500,635.879
2024-08-28 12:10:16,BTCUSDT,bid,57500,635.869
2024-08-28 12:11:07,BTCUSDT,bid,57500,635.899
2024-08-28 12:11:21,BTCUSDT,bid,57500,635.869
2024-08-28 12:11:21,BTCUSDT,bid,57500,635.842
2024-08-28 12:11:41,BTCUSDT,bid,57500,635.877
2024-08-28 12:14:03,BTCUSDT,bid,57500,653.9
2024-08-28 12:14:12,BTCUSDT,bid,57500,653.895
2024-08-28 12:14:14,BTCUSDT,bid,57500,653.897
2024-08-28 12:14:43,BTCUSDT,bid,57500,653.904
2024-08-28 12:14:49,BTCUSDT,bid,47000,875.661
2024-08-28 12:15:02,BTCUSDT,bid,57500,654.034
2024-08-28 12:15:53,BTCUSDT,bid,57500,654.038
2024-08-28 12:16:05,BTCUSDT,bid,57500,654.133
2024-08-28 12:16:10,BTCUSDT,bid,57500,654.141
2024-08-28 12:22:00,BTCUSDT,bid,57500,654.092
2024-08-28 12:24:14,BTCUSDT,bid,57500,654.075
2024-08-28 12:24:20,BTCUSDT,bid,57500,654.233
2024-08-28 12:25:08,BTCUSDT,bid,57500,654.183
2024-08-28 12:25:39,BTCUSDT,bid,57500,654.025
2024-08-28 12:25:43,BTCUSDT,bid,57500,653.99
2024-08-28 12:28:23,BTCUSDT,bid,57500,653.643
2024-08-28 12:29:48,BTCUSDT,bid,57500,653.645
2024-08-28 12:30:33,BTCUSDT,bid,47000,875.698
2024-08-28 12:30:52,BTCUSDT,bid,57500,653.731
2024-08-28 12:31:13,BTCUSDT,bid,57500,652.861
2024-08-28 12:31:31,BTCUSDT,bid,57500,652.866
2024-08-28 12:31:42,BTCUSDT,bid,57500,653.764
2024-08-28 12:31:42,BTCUSDT,bid,57500,653.774
2024-08-28 12:33:14,BTCUSDT,bid,57500,653.772
2024-08-28 12:33:30,BTCUSDT,bid,57500,653.84
2024-08-28 12:34:59,BTCUSDT,bid,47000,875.695
2024-08-28 12:36:23,BTCUSDT,bid,57500,653.754
2024-08-28 12:37:56,BTCUSDT,bid,57500,653.756
2024-08-28 12:42:20,BTCUSDT,bid,57500,653.75
2024-08-28 12:42:22,BTCUSDT,bid,57500,653.682
2024-08-28 12:42:33,BTCUSDT,bid,57500,653.699
2024-08-28 12:42:54,BTCUSDT,bid,57500,654.099
2024-08-28 12:47:39,BTCUSDT,bid,57500,654.095
2024-08-28 12:48:24,BTCUSDT,bid,57500,655.082
2024-08-28 12:48:46,BTCUSDT,bid,57500,655.086
2024-08-28 12:49:07,BTCUSDT,bid,57500,655.089
2024-08-28 12:50:01,BTCUSDT,bid,57500,655.085
2024-08-28 12:52:04,BTCUSDT,bid,57500,655.089
2024-08-28 12:52:10,BTCUSDT,bid,47000,875.61
2024-08-28 12:53:05,BTCUSDT,bid,57500,655.099
2024-08-28 12:53:36,BTCUSDT,bid,57500,655.089
2024-08-28 12:53:38,BTCUSDT,bid,57500,655.158
2024-08-28 12:54:27,BTCUSDT,bid,57500,655.258
2024-08-28 12:55:39,BTCUSDT,bid,57500,655.294
2024-08-28 12:55:42,BTCUSDT,bid,57500,655.225
2024-08-28 12:55:53,BTCUSDT,bid,57500,655.292
2024-08-28 12:56:28,BTCUSDT,bid,57500,655.271
2024-08-28 12:58:22,BTCUSDT,bid,57500,655.28
2024-08-28 12:58:44,BTCUSDT,bid,57500,655.286
2024-08-28 12:59:05,BTCUSDT,bid,57500,654.886
2024-08-28 13:00:49,BTCUSDT,bid,47000,875.48
2024-08-28 13:01:16,BTCUSDT,bid,47000,875.552
2024-08-28 13:02:37,BTCUSDT,bid,57500,654.888
2024-08-28 13:02:52,BTCUSDT,bid,57500,654.856
2024-08-28 13:02:52,BTCUSDT,bid,57500,654.858
2024-08-28 13:03:03,BTCUSDT,bid,57500,654.852
2024-08-28 13:03:12,BTCUSDT,bid,57500,654.872
2024-08-28 13:06:04,BTCUSDT,bid,57500,654.846
2024-08-28 13:06:36,BTCUSDT,bid,57500,654.863
2024-08-28 13:08:33,BTCUSDT,bid,57500,654.884
2024-08-28 13:09:22,BTCUSDT,bid,57500,654.882
2024-08-28 13:11:08,BTCUSDT,bid,57500,654.869
2024-08-28 13:12:19,BTCUSDT,bid,47000,875.561
2024-08-28 13:13:27,BTCUSDT,bid,57500,655.169
2024-08-28 13:14:25,BTCUSDT,bid,57500,655.255
2024-08-28 13:18:49,BTCUSDT,bid,57500,655.261
2024-08-28 13:19:40,BTCUSDT,bid,57500,652.761
2024-08-28 13:20:00,BTCUSDT,bid,57500,652.746
2024-08-28 13:20:17,BTCUSDT,bid,57500,652.727
2024-08-28 13:20:47,BTCUSDT,bid,57500,652.721
2024-08-28 13:21:20,BTCUSDT,bid,47000,875.574
2024-08-28 13:21:32,BTCUSDT,bid,57500,652.742
2024-08-28 13:22:51,BTCUSDT,bid,57500,653.089
2024-08-28 13:23:59,BTCUSDT,bid,57500,653.091
2024-08-28 13:24:49,BTCUSDT,bid,57500,653.056
2024-08-28 13:25:08,BTCUSDT,bid,57500,583.155
2024-08-28 13:25:45,BTCUSDT,bid,57500,583.15
2024-08-28 13:27:56,BTCUSDT,bid,47000,877.701
2024-08-28 13:32:26,BTCUSDT,bid,57500,583.166
2024-08-28 13:35:51,BTCUSDT,bid,57500,583.167
2024-08-28 13:36:25,BTCUSDT,bid,57500,583.227
2024-08-28 13:36:55,BTCUSDT,bid,57500,583.232
2024-08-28 13:38:07,BTCUSDT,bid,57500,583.332
2024-08-28 13:39:01,BTCUSDT,bid,57500,583.232
2024-08-28 13:40:43,BTCUSDT,bid,57500,583.442
2024-08-28 13:42:07,BTCUSDT,bid,57500,583.426
2024-08-28 13:43:05,BTCUSDT,bid,57500,583.428
2024-08-28 13:43:31,BTCUSDT,bid,47000,877.813
2024-08-28 13:44:14,BTCUSDT,bid,57500,583.426
2024-08-28 13:45:02,BTCUSDT,bid,57500,583.599
2024-08-28 13:46:13,BTCUSDT,bid,57500,583.643
2024-08-28 13:46:52,BTCUSDT,bid,57500,583.583
2024-08-28 13:47:00,BTCUSDT,bid,57500,583.601
2024-08-28 13:47:58,BTCUSDT,bid,57500,583.391
2024-08-28 13:48:30,BTCUSDT,bid,57500,583.374
2024-08-28 13:49:20,BTCUSDT,bid,57500,583.39
2024-08-28 13:49:26,BTCUSDT,bid,57500,583.407
2024-08-28 13:49:26,BTCUSDT,bid,57500,583.459
2024-08-28 13:49:54,BTCUSDT,bid,57500,583.464
2024-08-28 13:50:11,BTCUSDT,bid,57500,583.725
2024-08-28 13:50:20,BTCUSDT,bid,57500,583.7
2024-08-28 13:50:46,BTCUSDT,bid,57500,583.702
2024-08-28 13:51:06,BTCUSDT,bid,47000,878.451
2024-08-28 13:51:29,BTCUSDT,bid,57500,583.7
2024-08-28 13:51:31,BTCUSDT,bid,57500,583.704
2024-08-28 13:52:28,BTCUSDT,bid,57500,583.713
2024-08-28 13:52:36,BTCUSDT,bid,57500,583.627
2024-08-28 13:52:58,BTCUSDT,bid,47000,878.504
2024-08-28 13:53:20,BTCUSDT,bid,57500,583.611
2024-08-28 13:57:24,BTCUSDT,bid,57500,582.333
2024-08-28 13:57:41,BTCUSDT,bid,57500,582.355
2024-08-28 13:59:04,BTCUSDT,bid,57500,582.455
2024-08-28 13:59:15,BTCUSDT,bid,57500,582.655
2024-08-28 14:01:40,BTCUSDT,bid,57500,582.811
2024-08-28 14:03:11,BTCUSDT,bid,57500,582.813
2024-08-28 14:03:55,BTCUSDT,bid,57500,582.777
2024-08-28 14:05:06,BTCUSDT,bid,57500,582.785
2024-08-28 14:05:14,BTCUSDT,bid,57500,582.995
2024-08-28 14:08:19,BTCUSDT,bid,57500,582.979
2024-08-28 14:08:22,BTCUSDT,bid,57500,582.973
2024-08-28 14:09:05,BTCUSDT,bid,47000,878.57
2024-08-28 14:10:10,BTCUSDT,bid,57500,582.983
2024-08-28 14:10:23,BTCUSDT,bid,57500,582.98
2024-08-28 14:11:27,BTCUSDT,bid,57500,582.905
2024-08-28 14:11:52,BTCUSDT,bid,57500,582.907
2024-08-28 14:12:25,BTCUSDT,bid,57500,582.915
2024-08-28 14:12:34,BTCUSDT,bid,57500,583.126
2024-08-28 14:13:09,BTCUSDT,bid,57500,583.118
2024-08-28 14:13:32,BTCUSDT,bid,57500,583.121
2024-08-28 14:13:34,BTCUSDT,bid,57500,583.111
2024-08-28 14:13:36,BTCUSDT,bid,47300,805.062
2024-08-28 14:13:37,BTCUSDT,bid,47300,805.062
2024-08-28 14:13:37,BTCUSDT,bid,47300,805.062
2024-08-28 14:13:38,BTCUSDT,bid,47300,805.062
2024-08-28 14:13:39,BTCUSDT,bid,47300,805.062
2024-08-28 14:13:39,BTCUSDT,bid,47300,805.062
2024-08-28 14:14:36,BTCUSDT,bid,57500,583.128
2024-08-28 14:16:28,BTCUSDT,bid,57500,583.129
2024-08-28 14:16:35,BTCUSDT,bid,57500,583.132
2024-08-28 14:18:03,BTCUSDT,bid,57500,583.138
2024-08-28 14:18:51,BTCUSDT,bid,57500,583.158
2024-08-28 14:19:05,BTCUSDT,bid,57500,583.163
2024-08-28 14:19:40,BTCUSDT,bid,57500,583.063
2024-08-28 14:19:44,BTCUSDT,bid,57500,583.065
2024-08-28 14:19:45,BTCUSDT,bid,57500,583.926
2024-08-28 14:19:49,BTCUSDT,bid,57500,583.928
2024-08-28 14:20:09,BTCUSDT,bid,57500,583.931
2024-08-28 14:20:15,BTCUSDT,bid,57500,583.497
2024-08-28 14:20:30,BTCUSDT,bid,57500,583.063
2024-08-28 14:20:33,BTCUSDT,bid,57500,583.446
2024-08-28 14:20:35,BTCUSDT,bid,57500,583.377
2024-08-28 14:20:40,BTCUSDT,bid,57500,583.387
2024-08-28 14:21:09,BTCUSDT,bid,57500,583.398
2024-08-28 14:21:14,BTCUSDT,bid,57500,582.728
2024-08-28 14:21:18,BTCUSDT,bid,57500,582.731
2024-08-28 14:21:35,BTCUSDT,bid,57500,582.733
2024-08-28 14:21:41,BTCUSDT,bid,57500,582.751
2024-08-28 14:22:08,BTCUSDT,bid,57500,582.754
2024-08-28 14:22:34,BTCUSDT,bid,57500,582.661
2024-08-28 14:22:49,BTCUSDT,bid,57500,582.451
2024-08-28 14:23:20,BTCUSDT,bid,57500,582.453
2024-08-28 14:23:37,BTCUSDT,bid,57500,582.502
2024-08-28 14:24:30,BTCUSDT,bid,57500,582.505
2024-08-28 14:24:35,BTCUSDT,bid,57500,582.756
2024-08-28 14:24:54,BTCUSDT,bid,57500,582.759
2024-08-28 14:25:01,BTCUSDT,bid,57500,582.756
2024-08-28 14:25:15,BTCUSDT,bid,57500,582.753
2024-08-28 14:25:31,BTCUSDT,bid,57500,582.765
2024-08-28 14:25:47,BTCUSDT,bid,57500,582.767
2024-08-28 14:26:00,BTCUSDT,bid,57500,583.188
2024-08-28 14:26:22,BTCUSDT,bid,57500,583.257
2024-08-28 14:26:26,BTCUSDT,bid,57500,583.245
2024-08-28 14:26:57,BTCUSDT,bid,57500,583.265
2024-08-28 14:27:16,BTCUSDT,bid,47300,805.072
2024-08-28 14:27:33,BTCUSDT,bid,57500,583.245
2024-08-28 14:27:35,BTCUSDT,bid,57500,583.249
2024-08-28 14:27:50,BTCUSDT,bid,57500,583.245
2024-08-28 14:28:05,BTCUSDT,bid,57500,583.196
2024-08-28 14:28:20,BTCUSDT,bid,57500,583.2
2024-08-28 14:29:11,BTCUSDT,bid,57500,582.928
2024-08-28 14:29:37,BTCUSDT,bid,57500,582.93
2024-08-28 14:29:46,BTCUSDT,bid,57500,582.928
2024-08-28 14:30:10,BTCUSDT,bid,57500,582.934
2024-08-28 14:30:20,BTCUSDT,bid,57500,583.034
2024-08-28 14:30:30,BTCUSDT,bid,57500,582.173
2024-08-28 14:30:47,BTCUSDT,bid,57500,582.181
2024-08-28 14:30:52,BTCUSDT,bid,57500,582.204
2024-08-28 14:30:54,BTCUSDT,bid,57500,582.212
2024-08-28 14:31:18,BTCUSDT,bid,57500,582.215
2024-08-28 14:32:14,BTCUSDT,bid,57500,582.26
2024-08-28 14:33:03,BTCUSDT,bid,57500,581.839
2024-08-28 14:33:12,BTCUSDT,bid,57500,581.842
2024-08-28 14:36:00,BTCUSDT,bid,57500,582.015
2024-08-28 14:36:33,BTCUSDT,bid,57500,581.117
2024-08-28 14:37:35,BTCUSDT,bid,57500,581.136
2024-08-28 14:37:38,BTCUSDT,bid,57500,581.113
2024-08-28 14:38:25,BTCUSDT,bid,57500,581.199
2024-08-28 14:38:38,BTCUSDT,bid,57500,581.222
2024-08-28 14:38:49,BTCUSDT,bid,57500,581.224
2024-08-28 14:39:26,BTCUSDT,bid,57500,581.051
2024-08-28 14:39:27,BTCUSDT,bid,47000,878.67
2024-08-28 14:39:34,BTCUSDT,bid,57500,581.137
2024-08-28 14:40:28,BTCUSDT,bid,57500,581.177
2024-08-28 14:40:56,BTCUSDT,bid,57500,580.987
2024-08-28 14:41:32,BTCUSDT,bid,57500,580.985
2024-08-28 14:41:32,BTCUSDT,bid,47000,878.663
2024-08-28 14:41:49,BTCUSDT,bid,57500,581.006
2024-08-28 14:41:53,BTCUSDT,bid,57500,581.114
2024-08-28 14:42:01,BTCUSDT,bid,57500,581.136
2024-08-28 14:42:27,BTCUSDT,bid,57500,581.436
2024-08-28 14:42:42,BTCUSDT,bid,57500,581.414
2024-08-28 14:43:04,BTCUSDT,bid,57500,581.418
2024-08-28 14:43:09,BTCUSDT,bid,57500,581.436
2024-08-28 14:43:15,BTCUSDT,bid,57500,581.418
2024-08-28 14:43:17,BTCUSDT,bid,47000,878.666
2024-08-28 14:43:20,BTCUSDT,bid,57500,581.42
2024-08-28 14:43:25,BTCUSDT,bid,47000,877.482
2024-08-28 14:43:29,BTCUSDT,bid,57500,581.422
2024-08-28 14:43:57,BTCUSDT,bid,57500,581.42
2024-08-28 14:44:05,BTCUSDT,bid,57500,581.41
2024-08-28 14:44:09,BTCUSDT,bid,57500,581.405
2024-08-28 14:44:10,BTCUSDT,bid,57500,581.407
2024-08-28 14:44:36,BTCUSDT,bid,57500,581.415
2024-08-28 14:44:50,BTCUSDT,bid,57500,581.465
2024-08-28 14:45:10,BTCUSDT,bid,57500,581.467
2024-08-28 14:45:19,BTCUSDT,bid,57500,581.462
2024-08-28 14:45:34,BTCUSDT,bid,57500,581.449
2024-08-28 14:45:46,BTCUSDT,bid,57500,581.466
2024-08-28 14:45:50,BTCUSDT,bid,57500,582.13
2024-08-28 14:45:54,BTCUSDT,bid,57500,581.466
2024-08-28 14:45:58,BTCUSDT,bid,57500,581.964
2024-08-28 14:46:03,BTCUSDT,bid,47000,877.492
2024-08-28 14:46:26,BTCUSDT,bid,57500,582.064
2024-08-28 14:46:32,BTCUSDT,bid,57500,582.118
2024-08-28 14:47:04,BTCUSDT,bid,57500,582.269
2024-08-28 14:47:22,BTCUSDT,bid,57500,581.969
2024-08-28 14:47:23,BTCUSDT,bid,57500,582.055
2024-08-28 14:47:26,BTCUSDT,bid,57500,582.068
2024-08-28 14:47:44,BTCUSDT,bid,57500,581.985
2024-08-28 14:47:56,BTCUSDT,bid,57500,582.035
2024-08-28 14:48:11,BTCUSDT,bid,57500,582.037
2024-08-28 14:48:20,BTCUSDT,bid,57500,582.089
2024-08-28 14:48:29,BTCUSDT,bid,57500,582.091
2024-08-28 14:48:36,BTCUSDT,bid,57500,582.093
2024-08-28 14:48:36,BTCUSDT,ask,59500,608.957
2024-08-28 14:48:37,BTCUSDT,bid,57500,582.11
2024-08-28 14:48:40,BTCUSDT,bid,47000,877.657
2024-08-28 14:49:43,BTCUSDT,bid,57500,582.112
2024-08-28 14:49:55,BTCUSDT,bid,57500,587.154
2024-08-28 14:49:57,BTCUSDT,bid,57500,587.156
2024-08-28 14:50:02,BTCUSDT,bid,57500,587.185
2024-08-28 14:50:03,BTCUSDT,ask,59500,608.954
2024-08-28 14:50:04,BTCUSDT,bid,57500,587.034
2024-08-28 14:50:18,BTCUSDT,ask,59500,608.95
2024-08-28 14:50:38,BTCUSDT,bid,57500,587.037
2024-08-28 14:50:39,BTCUSDT,ask,59500,608.94
2024-08-28 14:51:22,BTCUSDT,bid,57500,587.096
2024-08-28 14:51:35,BTCUSDT,bid,57500,587.098
2024-08-28 14:51:43,BTCUSDT,bid,57500,587.095
2024-08-28 14:51:44,BTCUSDT,ask,59500,608.6
2024-08-28 14:51:45,BTCUSDT,bid,57500,587.087
2024-08-28 14:51:46,BTCUSDT,bid,57500,588.231
2024-08-28 14:51:53,BTCUSDT,bid,57500,587.087
2024-08-28 14:51:58,BTCUSDT,bid,57500,587.148
2024-08-28 14:52:02,BTCUSDT,ask,59500,608.714
2024-08-28 14:52:12,BTCUSDT,bid,57500,587.168
2024-08-28 14:52:17,BTCUSDT,bid,57500,587.107
2024-08-28 14:52:19,BTCUSDT,bid,57500,587.207
2024-08-28 14:52:19,BTCUSDT,bid,57500,587.187
2024-08-28 14:52:34,BTCUSDT,bid,57500,587.212
2024-08-28 14:52:41,BTCUSDT,bid,57500,587.207
2024-08-28 14:52:43,BTCUSDT,bid,57500,587.202
2024-08-28 14:52:47,BTCUSDT,bid,57500,587.116
2024-08-28 14:52:47,BTCUSDT,bid,57500,587.289
2024-08-28 14:52:53,BTCUSDT,bid,57500,587.286
2024-08-28 14:53:00,BTCUSDT,bid,57500,587.786
2024-08-28 14:53:03,BTCUSDT,ask,59500,608.785
2024-08-28 14:53:07,BTCUSDT,bid,57500,587.784
2024-08-28 14:53:09,BTCUSDT,ask,59500,607.518
2024-08-28 14:53:11,BTCUSDT,bid,57500,587.799
2024-08-28 14:53:18,BTCUSDT,bid,57500,587.811
2024-08-28 14:53:26,BTCUSDT,bid,57500,587.311
2024-08-28 14:53:43,BTCUSDT,bid,57500,587.079
2024-08-28 14:53:48,BTCUSDT,ask,59500,607.53
2024-08-28 14:53:59,BTCUSDT,bid,57500,587.196
2024-08-28 14:54:02,BTCUSDT,bid,57500,587.26
2024-08-28 14:54:25,BTCUSDT,ask,59500,607.521
2024-08-28 14:54:34,BTCUSDT,bid,57500,587.262
2024-08-28 14:54:39,BTCUSDT,bid,57500,587.264
2024-08-28 14:54:53,BTCUSDT,bid,57500,587.273
2024-08-28 14:54:56,BTCUSDT,ask,59500,607.941
2024-08-28 14:55:01,BTCUSDT,bid,57500,587.473
2024-08-28 14:55:09,BTCUSDT,bid,57500,587.49
2024-08-28 14:55:16,BTCUSDT,bid,57500,587.493
2024-08-28 14:55:18,BTCUSDT,bid,57500,587.476
2024-08-28 14:55:18,BTCUSDT,ask,59500,608.109
2024-08-28 14:55:21,BTCUSDT,bid,57500,587.498
2024-08-28 14:55:22,BTCUSDT,ask,59500,608.116
2024-08-28 14:55:24,BTCUSDT,bid,57500,587.547
2024-08-28 14:55:27,BTCUSDT,bid,57500,587.633
2024-08-28 14:56:07,BTCUSDT,ask,59500,608.109
2024-08-28 14:56:09,BTCUSDT,bid,57500,587.623
2024-08-28 14:56:12,BTCUSDT,bid,57500,587.635
2024-08-28 14:56:20,BTCUSDT,bid,57500,587.629
2024-08-28 14:56:25,BTCUSDT,ask,59500,608.101
2024-08-28 14:56:26,BTCUSDT,bid,57500,587.679
2024-08-28 14:56:31,BTCUSDT,bid,57500,587.681
2024-08-28 14:56:43,BTCUSDT,bid,57500,587.798
2024-08-28 14:56:44,BTCUSDT,bid,57500,587.884
2024-08-28 14:56:55,BTCUSDT,bid,57500,587.887
2024-08-28 14:56:57,BTCUSDT,ask,59500,608.15
2024-08-28 14:57:01,BTCUSDT,bid,57500,587.95
2024-08-28 14:57:10,BTCUSDT,ask,59500,608.118
2024-08-28 14:57:10,BTCUSDT,bid,57500,588.21
2024-08-28 14:57:13,BTCUSDT,bid,57500,588.206
2024-08-28 14:57:15,BTCUSDT,ask,59500,608.121
2024-08-28 14:57:16,BTCUSDT,ask,59500,608.124
2024-08-28 14:57:20,BTCUSDT,bid,57500,588.406
2024-08-28 14:57:22,BTCUSDT,bid,57500,588.206
2024-08-28 14:57:23,BTCUSDT,bid,47000,877.647
2024-08-28 14:57:24,BTCUSDT,bid,57500,588.22
2024-08-28 14:57:29,BTCUSDT,bid,57500,588.222
2024-08-28 14:57:30,BTCUSDT,bid,57500,588.208
2024-08-28 14:57:42,BTCUSDT,bid,57500,588.293
2024-08-28 14:57:48,BTCUSDT,bid,57500,588.334
2024-08-28 14:58:01,BTCUSDT,bid,57500,588.293
2024-08-28 14:58:09,BTCUSDT,bid,57500,588.493
2024-08-28 14:58:12,BTCUSDT,bid,57500,588.293
2024-08-28 14:58:14,BTCUSDT,bid,57500,588.328
2024-08-28 14:58:16,BTCUSDT,bid,57500,588.242
2024-08-28 14:58:17,BTCUSDT,bid,57500,588.246
2024-08-28 14:58:25,BTCUSDT,ask,59500,608.166
2024-08-28 14:58:33,BTCUSDT,bid,57500,588.248
2024-08-28 14:58:41,BTCUSDT,ask,59500,606.524
2024-08-28 14:58:47,BTCUSDT,bid,57500,588.366
2024-08-28 14:58:51,BTCUSDT,bid,57500,588.363
2024-08-28 14:58:51,BTCUSDT,bid,57500,588.369
2024-08-28 14:58:59,BTCUSDT,bid,57500,588.397
2024-08-28 14:59:06,BTCUSDT,bid,57500,588.606
2024-08-28 14:59:30,BTCUSDT,bid,57500,588.618
2024-08-28 14:59:33,BTCUSDT,bid,57500,588.614
2024-08-28 14:59:39,BTCUSDT,bid,57500,588.58
2024-08-28 14:59:47,BTCUSDT,ask,59500,605.293
2024-08-28 14:59:48,BTCUSDT,ask,59500,605.294
2024-08-28 14:59:49,BTCUSDT,bid,57500,588.588
2024-08-28 14:59:49,BTCUSDT,bid,57500,588.59
2024-08-28 14:59:53,BTCUSDT,bid,57500,588.6
2024-08-28 14:59:55,BTCUSDT,ask,59500,605.09
2024-08-28 14:59:56,BTCUSDT,bid,57500,588.61
2024-08-28 14:59:56,BTCUSDT,bid,57500,587.741
2024-08-28 15:00:06,BTCUSDT,bid,57500,587.744
2024-08-28 15:00:28,BTCUSDT,bid,57500,587.753
2024-08-28 15:00:39,BTCUSDT,bid,57500,587.839
2024-08-28 15:00:43,BTCUSDT,bid,57500,587.835
2024-08-28 15:00:44,BTCUSDT,bid,57500,587.852
2024-08-28 15:00:47,BTCUSDT,bid,57500,587.857
2024-08-28 15:00:49,BTCUSDT,bid,57500,587.891
2024-08-28 15:00:51,BTCUSDT,bid,57500,588.108
2024-08-28 15:00:51,BTCUSDT,bid,57500,588.161
2024-08-28 15:00:54,BTCUSDT,bid,57500,588.164
2024-08-28 15:01:00,BTCUSDT,bid,57500,588.383
2024-08-28 15:01:04,BTCUSDT,bid,57500,588.421
2024-08-28 15:01:06,BTCUSDT,bid,57500,588.304
2024-08-28 15:01:15,BTCUSDT,ask,59500,605.492
2024-08-28 15:01:15,BTCUSDT,bid,57500,588.251
2024-08-28 15:01:18,BTCUSDT,bid,57500,588.296
2024-08-28 15:01:22,BTCUSDT,bid,47000,877.65
2024-08-28 15:01:28,BTCUSDT,bid,57500,588.346
2024-08-28 15:01:32,BTCUSDT,ask,59500,605.528
2024-08-28 15:01:51,BTCUSDT,bid,57500,588.246
2024-08-28 15:01:53,BTCUSDT,bid,57500,588.593
2024-08-28 15:01:54,BTCUSDT,ask,59500,605.36
2024-08-28 15:02:00,BTCUSDT,bid,57500,588.59
2024-08-28 15:02:01,BTCUSDT,bid,57500,588.243
2024-08-28 15:02:07,BTCUSDT,bid,57500,588.764
2024-08-28 15:02:08,BTCUSDT,bid,57500,588.767
2024-08-28 15:02:21,BTCUSDT,bid,57500,588.797
2024-08-28 15:02:22,BTCUSDT,bid,57500,588.795
2024-08-28 15:02:23,BTCUSDT,bid,57500,589.795
2024-08-28 15:02:24,BTCUSDT,bid,57500,589.812
2024-08-28 15:02:31,BTCUSDT,ask,59500,605.11
2024-08-28 15:02:34,BTCUSDT,bid,57500,589.822
2024-08-28 15:02:37,BTCUSDT,bid,57500,588.822
2024-08-28 15:02:39,BTCUSDT,ask,59500,607.11
2024-08-28 15:02:45,BTCUSDT,bid,57500,588.829
2024-08-28 15:02:51,BTCUSDT,bid,57500,588.833
2024-08-28 15:02:58,BTCUSDT,ask,59500,607.108
2024-08-28 15:03:07,BTCUSDT,ask,59500,607.112
2024-08-28 15:03:15,BTCUSDT,bid,57500,588.84
2024-08-28 15:03:17,BTCUSDT,ask,59500,605.112
2024-08-28 15:03:23,BTCUSDT,bid,57500,588.843
2024-08-28 15:03:24,BTCUSDT,bid,57500,588.86
2024-08-28 15:03:24,BTCUSDT,ask,59500,605.093
2024-08-28 15:03:27,BTCUSDT,bid,57500,589.555
2024-08-28 15:03:41,BTCUSDT,bid,57500,589.546
2024-08-28 15:03:48,BTCUSDT,bid,57500,589.959
2024-08-28 15:03:50,BTCUSDT,bid,57500,589.954
2024-08-28 15:03:55,BTCUSDT,bid,47000,877.673
2024-08-28 15:04:00,BTCUSDT,bid,57500,589.971
2024-08-28 15:04:03,BTCUSDT,bid,57500,589.966
2024-08-28 15:04:09,BTCUSDT,bid,57500,589.99
2024-08-28 15:04:22,BTCUSDT,ask,59500,605.083
2024-08-28 15:04:27,BTCUSDT,bid,57500,589.492
2024-08-28 15:04:31,BTCUSDT,bid,57500,589.447
2024-08-28 15:04:34,BTCUSDT,bid,57500,589.459
2024-08-28 15:04:34,BTCUSDT,bid,57500,589.467
2024-08-28 15:04:39,BTCUSDT,bid,57500,589.499
2024-08-28 15:04:41,BTCUSDT,bid,57500,589.744
2024-08-28 15:04:42,BTCUSDT,ask,59500,605.184
2024-08-28 15:04:44,BTCUSDT,bid,57500,589.743
2024-08-28 15:04:45,BTCUSDT,bid,57500,589.751
2024-08-28 15:04:50,BTCUSDT,bid,57500,589.727
2024-08-28 15:04:53,BTCUSDT,ask,59500,605.085
2024-08-28 15:04:54,BTCUSDT,bid,57500,589.641
2024-08-28 15:04:57,BTCUSDT,ask,59500,605.114
2024-08-28 15:04:57,BTCUSDT,bid,57500,589.729
2024-08-28 15:05:02,BTCUSDT,bid,57500,589.732
2024-08-28 15:05:06,BTCUSDT,bid,47000,877.65
2024-08-28 15:05:08,BTCUSDT,bid,57500,589.726
2024-08-28 15:05:09,BTCUSDT,bid,57500,590.113
2024-08-28 15:05:10,BTCUSDT,ask,59500,605.085
2024-08-28 15:05:13,BTCUSDT,bid,57500,590.05
2024-08-28 15:05:16,BTCUSDT,bid,57500,590.07
2024-08-28 15:05:16,BTCUSDT,bid,57500,590.046
2024-08-28 15:05:20,BTCUSDT,bid,57500,589.946
2024-08-28 15:05:31,BTCUSDT,bid,57500,589.971
2024-08-28 15:05:33,BTCUSDT,bid,57500,590.128
2024-08-28 15:05:35,BTCUSDT,bid,57500,590.125
2024-08-28 15:05:37,BTCUSDT,ask,59500,605.278
2024-08-28 15:05:41,BTCUSDT,bid,57500,590.04
2024-08-28 15:05:44,BTCUSDT,bid,57500,590.042
2024-08-28 15:05:48,BTCUSDT,bid,57500,590.079
2024-08-28 15:05:49,BTCUSDT,ask,59500,605.446
2024-08-28 15:05:49,BTCUSDT,bid,57500,590.057
2024-08-28 15:05:52,BTCUSDT,ask,59500,605.255
2024-08-28 15:06:02,BTCUSDT,bid,57500,590.059
2024-08-28 15:06:12,BTCUSDT,bid,57500,590.07
2024-08-28 15:06:14,BTCUSDT,bid,57500,589.375
2024-08-28 15:06:17,BTCUSDT,bid,57500,589.377
2024-08-28 15:06:25,BTCUSDT,bid,57500,589.363
2024-08-28 15:06:45,BTCUSDT,bid,57500,589.163
2024-08-28 15:06:47,BTCUSDT,ask,59500,605.285
2024-08-28 15:06:53,BTCUSDT,bid,57500,589.213
2024-08-28 15:06:57,BTCUSDT,bid,57500,589.215
2024-08-28 15:07:28,BTCUSDT,bid,57500,589.222
2024-08-28 15:07:29,BTCUSDT,bid,57500,589.277
2024-08-28 15:07:34,BTCUSDT,bid,57500,589.281
2024-08-28 15:07:43,BTCUSDT,ask,59500,605.29
2024-08-28 15:07:45,BTCUSDT,bid,57500,589.252
2024-08-28 15:07:54,BTCUSDT,bid,57500,589.258
2024-08-28 15:07:59,BTCUSDT,bid,57500,589.26
2024-08-28 15:08:00,BTCUSDT,ask,59500,605.285
2024-08-28 15:08:23,BTCUSDT,ask,59500,605.784
2024-08-28 15:08:24,BTCUSDT,bid,57500,589.38
2024-08-28 15:08:39,BTCUSDT,bid,47300,802.494
2024-08-28 15:08:46,BTCUSDT,bid,57500,589.382
2024-08-28 15:08:48,BTCUSDT,ask,59500,605.788
2024-08-28 15:08:57,BTCUSDT,ask,59500,605.754
2024-08-28 15:09:03,BTCUSDT,bid,57500,589.342
2024-08-28 15:09:05,BTCUSDT,ask,59500,605.766
2024-08-28 15:09:13,BTCUSDT,bid,57500,589.348
2024-08-28 15:09:26,BTCUSDT,ask,59500,606.766
2024-08-28 15:09:26,BTCUSDT,ask,59500,606.715
2024-08-28 15:09:38,BTCUSDT,bid,57500,589.159
2024-08-28 15:09:39,BTCUSDT,bid,57500,589.1
2024-08-28 15:09:43,BTCUSDT,bid,57500,589.15
2024-08-28 15:09:52,BTCUSDT,bid,57500,589.197
2024-08-28 15:10:12,BTCUSDT,bid,57500,589.19
2024-08-28 15:10:19,BTCUSDT,bid,57500,589.188
2024-08-28 15:10:22,BTCUSDT,bid,57500,589.19
2024-08-28 15:10:35,BTCUSDT,ask,59500,606.743
2024-08-28 15:10:38,BTCUSDT,bid,57500,589.192
2024-08-28 15:10:44,BTCUSDT,bid,57500,589.195
2024-08-28 15:11:07,BTCUSDT,bid,57500,639.195
2024-08-28 15:11:12,BTCUSDT,bid,57500,589.195
2024-08-28 15:11:35,BTCUSDT,bid,57500,589.283
2024-08-28 15:11:36,BTCUSDT,ask,59500,606.743
2024-08-28 15:11:49,BTCUSDT,ask,59500,606.753
2024-08-28 15:12:12,BTCUSDT,ask,59500,605.756
2024-08-28 15:12:41,BTCUSDT,ask,59500,605.753
2024-08-28 15:12:42,BTCUSDT,ask,59500,605.803
2024-08-28 15:12:55,BTCUSDT,ask,59500,605.971
2024-08-28 15:12:59,BTCUSDT,ask,59500,605.921
2024-08-28 15:13:06,BTCUSDT,bid,57500,589.327
2024-08-28 15:13:06,BTCUSDT,bid,57500,589.329
2024-08-28 15:13:40,BTCUSDT,ask,59500,605.975
2024-08-28 15:13:56,BTCUSDT,bid,57500,589.199
2024-08-28 15:13:58,BTCUSDT,ask,59500,606.059
2024-08-28 15:14:02,BTCUSDT,ask,59500,606.109
2024-08-28 15:14:06,BTCUSDT,ask,59500,606.111
2024-08-28 15:14:09,BTCUSDT,bid,57500,589.197
2024-08-28 15:14:11,BTCUSDT,ask,59500,606.261
2024-08-28 15:14:13,BTCUSDT,ask,59500,606.093
2024-08-28 15:14:20,BTCUSDT,bid,57500,589.199
2024-08-28 15:14:22,BTCUSDT,bid,57500,589.36
2024-08-28 15:14:24,BTCUSDT,bid,57500,589.316
2024-08-28 15:14:29,BTCUSDT,ask,59500,606.334
2024-08-28 15:14:32,BTCUSDT,ask,59500,606.337
2024-08-28 15:14:46,BTCUSDT,ask,59500,606.387
2024-08-28 15:15:15,BTCUSDT,bid,57500,589.155
2024-08-28 15:15:30,BTCUSDT,bid,57500,589.316
2024-08-28 15:15:33,BTCUSDT,bid,57500,589.313
2024-08-28 15:15:41,BTCUSDT,bid,57500,589.195
2024-08-28 15:15:52,BTCUSDT,ask,59500,606.489
2024-08-28 15:15:57,BTCUSDT,ask,59500,606.313
2024-08-28 15:16:08,BTCUSDT,ask,59500,606.315
2024-08-28 15:16:14,BTCUSDT,ask,59500,606.667
2024-08-28 15:16:27,BTCUSDT,ask,59500,606.767
2024-08-28 15:16:34,BTCUSDT,ask,59500,606.784
2024-08-28 15:16:44,BTCUSDT,ask,59500,606.774
2024-08-28 15:16:47,BTCUSDT,ask,59500,606.794
2024-08-28 15:16:59,BTCUSDT,ask,59500,606.803
2024-08-28 15:17:00,BTCUSDT,bid,47000,877.7
2024-08-28 15:17:21,BTCUSDT,bid,57500,589.192
2024-08-28 15:17:24,BTCUSDT,bid,57500,589.075
2024-08-28 15:17:37,BTCUSDT,bid,57500,594.075
2024-08-28 15:17:39,BTCUSDT,ask,59500,606.823
2024-08-28 15:17:43,BTCUSDT,bid,57500,594.117
2024-08-28 15:17:49,BTCUSDT,bid,57500,594.147
2024-08-28 15:17:50,BTCUSDT,bid,47000,877.697
2024-08-28 15:17:57,BTCUSDT,ask,59500,607.489
2024-08-28 15:17:57,BTCUSDT,ask,59500,609.152
2024-08-28 15:17:57,BTCUSDT,ask,59500,609.984
2024-08-28 15:17:57,BTCUSDT,ask,59500,612.829
2024-08-28 15:17:58,BTCUSDT,ask,59500,614.327
2024-08-28 15:17:58,BTCUSDT,ask,59500,617.139
2024-08-28 15:17:58,BTCUSDT,ask,59500,618.803
2024-08-28 15:17:58,BTCUSDT,ask,59500,619.635
2024-08-28 15:17:58,BTCUSDT,ask,59500,619.943
2024-08-28 15:17:58,BTCUSDT,ask,59500,621.441
2024-08-28 15:17:59,BTCUSDT,ask,59500,624.236
2024-08-28 15:17:59,BTCUSDT,ask,59500,625.068
2024-08-28 15:17:59,BTCUSDT,ask,59500,625.401
2024-08-28 15:18:03,BTCUSDT,ask,59500,624.735
2024-08-28 15:18:07,BTCUSDT,ask,59500,625.873
2024-08-28 15:18:12,BTCUSDT,ask,59500,624.209
2024-08-28 15:18:12,BTCUSDT,ask,59500,624.227
2024-08-28 15:18:14,BTCUSDT,bid,57500,594.085
2024-08-28 15:18:18,BTCUSDT,ask,59500,624.308
2024-08-28 15:18:29,BTCUSDT,ask,59500,623.576
2024-08-28 15:18:30,BTCUSDT,ask,59500,623.584
2024-08-28 15:18:42,BTCUSDT,ask,59500,622.96
2024-08-28 15:18:44,BTCUSDT,ask,59500,607.33
2024-08-28 15:18:49,BTCUSDT,bid,57500,594.183
2024-08-28 15:18:52,BTCUSDT,ask,59500,607.322
2024-08-28 15:19:01,BTCUSDT,ask,59500,607.49
2024-08-28 15:19:08,BTCUSDT,bid,57500,594.182
2024-08-28 15:19:09,BTCUSDT,bid,57500,594.152
2024-08-28 15:19:18,BTCUSDT,bid,57500,594.202
2024-08-28 15:19:25,BTCUSDT,bid,57500,594.214
2024-08-28 15:19:32,BTCUSDT,ask,59500,607.551
2024-08-28 15:19:38,BTCUSDT,ask,59500,607.646
2024-08-28 15:19:46,BTCUSDT,ask,59500,607.642
2024-08-28 15:19:51,BTCUSDT,ask,59500,607.645
2024-08-28 15:20:04,BTCUSDT,ask,59500,608.642
2024-08-28 15:20:05,BTCUSDT,ask,59500,608.692
2024-08-28 15:20:06,BTCUSDT,ask,59500,608.792
2024-08-28 15:20:08,BTCUSDT,ask,59500,608.692
2024-08-28 15:20:11,BTCUSDT,ask,59500,608.776
2024-08-28 15:20:34,BTCUSDT,ask,59500,609.073
2024-08-28 15:20:42,BTCUSDT,bid,57500,594.167
2024-08-28 15:20:43,BTCUSDT,bid,57500,594.287
2024-08-28 15:20:52,BTCUSDT,bid,57500,593.874
2024-08-28 15:20:56,BTCUSDT,ask,59500,608.566
2024-08-28 15:20:59,BTCUSDT,ask,59500,608.563
2024-08-28 15:21:27,BTCUSDT,ask,59500,608.813
2024-08-28 15:21:35,BTCUSDT,bid,57500,593.885
2024-08-28 15:21:43,BTCUSDT,ask,59500,609.313
2024-08-28 15:21:51,BTCUSDT,ask,59500,609.512
2024-08-28 15:21:58,BTCUSDT,ask,59500,609.313
2024-08-28 15:22:06,BTCUSDT,ask,59500,609.31
2024-08-28 15:22:08,BTCUSDT,bid,57500,593.891
2024-08-28 15:22:14,BTCUSDT,ask,59500,609.32
2024-08-28 15:22:21,BTCUSDT,ask,59500,609.328
2024-08-28 15:22:27,BTCUSDT,ask,59500,609.344
2024-08-28 15:22:28,BTCUSDT,ask,59500,609.348
2024-08-28 15:22:44,BTCUSDT,bid,57500,593.898
2024-08-28 15:22:55,BTCUSDT,ask,59500,608.904
2024-08-28 15:23:05,BTCUSDT,ask,59500,609.904
2024-08-28 15:23:07,BTCUSDT,ask,59500,609.908
2024-08-28 15:23:25,BTCUSDT,ask,59500,610.251
2024-08-28 15:23:28,BTCUSDT,bid,57500,593.926
2024-08-28 15:23:30,BTCUSDT,ask,59500,610.256
2024-08-28 15:23:38,BTCUSDT,ask,59500,612.704
2024-08-28 15:23:46,BTCUSDT,ask,59500,610.427
2024-08-28 15:23:47,BTCUSDT,ask,59500,610.437
2024-08-28 15:23:56,BTCUSDT,bid,57500,593.932
2024-08-28 15:24:02,BTCUSDT,ask,59500,610.109
2024-08-28 15:24:21,BTCUSDT,bid,57500,593.942
2024-08-28 15:24:23,BTCUSDT,ask,59500,610.173
2024-08-28 15:24:31,BTCUSDT,ask,59500,611.653
2024-08-28 15:24:35,BTCUSDT,bid,57500,593.933
2024-08-28 15:24:42,BTCUSDT,ask,59500,611.681
2024-08-28 15:24:46,BTCUSDT,ask,59500,661.681
2024-08-28 15:24:52,BTCUSDT,bid,57500,593.94
2024-08-28 15:24:55,BTCUSDT,ask,59500,665.212
2024-08-28 15:25:00,BTCUSDT,ask,59500,664.503
2024-08-28 15:25:01,BTCUSDT,ask,59500,664.536
2024-08-28 15:25:04,BTCUSDT,ask,59500,663.056
2024-08-28 15:25:06,BTCUSDT,bid,57500,593.932
2024-08-28 15:25:15,BTCUSDT,bid,57500,595.03
2024-08-28 15:25:16,BTCUSDT,ask,59500,663.208
2024-08-28 15:25:40,BTCUSDT,ask,59500,664.538
2024-08-28 15:25:48,BTCUSDT,ask,59500,664.546
2024-08-28 15:26:07,BTCUSDT,ask,59500,664.541
2024-08-28 15:26:11,BTCUSDT,ask,59500,664.544
2024-08-28 15:26:29,BTCUSDT,ask,59500,665.544
2024-08-28 15:26:31,BTCUSDT,ask,59500,666.562
2024-08-28 15:26:42,BTCUSDT,ask,59500,666.775
2024-08-28 15:26:46,BTCUSDT,ask,59500,665.775
2024-08-28 15:26:49,BTCUSDT,ask,59500,665.9
2024-08-28 15:26:59,BTCUSDT,bid,57500,595.022
2024-08-28 15:27:08,BTCUSDT,bid,57500,595.02
2024-08-28 15:27:14,BTCUSDT,ask,59500,665.916
2024-08-28 15:27:20,BTCUSDT,ask,59500,666.094
2024-08-28 15:27:21,BTCUSDT,ask,59500,666.076
2024-08-28 15:27:23,BTCUSDT,ask,59500,666.11
2024-08-28 15:27:24,BTCUSDT,ask,59500,666.111
2024-08-28 15:27:25,BTCUSDT,ask,59500,666.117
2024-08-28 15:27:35,BTCUSDT,bid,57500,595.089
2024-08-28 15:27:38,BTCUSDT,ask,59500,666.133
2024-08-28 15:27:45,BTCUSDT,ask,59500,664.653
2024-08-28 15:27:48,BTCUSDT,ask,59500,664.686
2024-08-28 15:27:52,BTCUSDT,ask,59500,664.832
2024-08-28 15:27:59,BTCUSDT,ask,59500,665.0
2024-08-28 15:28:02,BTCUSDT,ask,59500,665.002
2024-08-28 15:28:07,BTCUSDT,bid,57500,595.094
2024-08-28 15:28:15,BTCUSDT,ask,59500,665.028
2024-08-28 15:28:18,BTCUSDT,ask,59500,665.128
2024-08-28 15:28:28,BTCUSDT,ask,59500,663.077
2024-08-28 15:28:30,BTCUSDT,bid,57500,595.025
2024-08-28 15:28:30,BTCUSDT,ask,59500,663.073
2024-08-28 15:28:30,BTCUSDT,ask,59500,662.055
2024-08-28 15:28:37,BTCUSDT,ask,59500,662.063
2024-08-28 15:28:46,BTCUSDT,ask,59500,662.139
2024-08-28 15:28:52,BTCUSDT,ask,59500,662.063
2024-08-28 15:28:55,BTCUSDT,bid,57500,595.028
2024-08-28 15:28:57,BTCUSDT,bid,57500,594.978
2024-08-28 15:28:59,BTCUSDT,ask,59500,662.114
2024-08-28 15:29:00,BTCUSDT,ask,59500,662.121
2024-08-28 15:29:14,BTCUSDT,ask,59500,664.534
2024-08-28 15:29:14,BTCUSDT,ask,59500,664.542
2024-08-28 15:29:15,BTCUSDT,ask,59500,664.781
2024-08-28 15:29:16,BTCUSDT,ask,59500,665.446
2024-08-28 15:29:16,BTCUSDT,bid,57500,595.003
2024-08-28 15:29:17,BTCUSDT,ask,59500,665.442
2024-08-28 15:29:17,BTCUSDT,bid,57500,594.662
2024-08-28 15:29:22,BTCUSDT,bid,57500,594.554
2024-08-28 15:29:28,BTCUSDT,bid,57500,594.614
2024-08-28 15:29:34,BTCUSDT,ask,59500,665.592
2024-08-28 15:29:36,BTCUSDT,ask,59500,665.501
2024-08-28 15:29:39,BTCUSDT,ask,59500,665.351
2024-08-28 15:29:46,BTCUSDT,ask,59500,665.226
2024-08-28 15:29:52,BTCUSDT,ask,59500,665.239
2024-08-28 15:29:54,BTCUSDT,ask,59500,665.439
2024-08-28 15:29:56,BTCUSDT,ask,59500,665.639
2024-08-28 15:29:58,BTCUSDT,ask,59500,665.701
2024-08-28 15:29:58,BTCUSDT,ask,59500,665.733
2024-08-28 15:29:59,BTCUSDT,bid,57500,594.683
2024-08-28 15:30:02,BTCUSDT,ask,59500,665.785
2024-08-28 15:30:05,BTCUSDT,ask,59500,665.812
2024-08-28 15:30:08,BTCUSDT,ask,59500,665.831
2024-08-28 15:30:20,BTCUSDT,ask,59500,665.827
2024-08-28 15:30:21,BTCUSDT,ask,59500,665.813
2024-08-28 15:30:34,BTCUSDT,bid,47000,877.585
2024-08-28 15:30:35,BTCUSDT,ask,59500,665.635
2024-08-28 15:30:41,BTCUSDT,bid,57500,594.708
2024-08-28 15:30:52,BTCUSDT,ask,59500,665.584
2024-08-28 15:30:54,BTCUSDT,ask,59500,667.584
2024-08-28 15:30:59,BTCUSDT,ask,59500,667.264
2024-08-28 15:31:01,BTCUSDT,ask,59500,667.45
2024-08-28 15:31:01,BTCUSDT,ask,59500,667.453
2024-08-28 15:31:05,BTCUSDT,ask,59500,667.451
2024-08-28 15:31:08,BTCUSDT,ask,59500,667.449
2024-08-28 15:31:17,BTCUSDT,ask,59500,667.502
2024-08-28 15:31:19,BTCUSDT,bid,57500,594.702
2024-08-28 15:31:38,BTCUSDT,bid,57500,594.692
2024-08-28 15:31:44,BTCUSDT,ask,59500,667.765
2024-08-28 15:31:58,BTCUSDT,ask,59500,664.234
2024-08-28 15:31:58,BTCUSDT,bid,57500,594.865
2024-08-28 15:32:02,BTCUSDT,ask,59500,664.224
2024-08-28 15:32:06,BTCUSDT,ask,59500,664.249
2024-08-28 15:32:11,BTCUSDT,ask,59500,665.249
2024-08-28 15:32:19,BTCUSDT,ask,59500,665.283
2024-08-28 15:32:21,BTCUSDT,bid,57500,594.851
2024-08-28 15:32:25,BTCUSDT,ask,59500,665.278
2024-08-28 15:32:38,BTCUSDT,ask,59500,665.281
2024-08-28 15:32:55,BTCUSDT,bid,57500,594.868
2024-08-28 15:33:08,BTCUSDT,bid,57500,594.863
2024-08-28 15:33:17,BTCUSDT,bid,57500,594.813
2024-08-28 15:33:21,BTCUSDT,ask,59500,665.434
2024-08-28 15:33:31,BTCUSDT,bid,57500,594.918
2024-08-28 15:34:19,BTCUSDT,bid,57500,594.926
2024-08-28 15:34:19,BTCUSDT,ask,59500,665.523
2024-08-28 15:34:22,BTCUSDT,bid,47000,878.053
2024-08-28 15:34:35,BTCUSDT,ask,59500,665.548
2024-08-28 15:34:39,BTCUSDT,bid,57500,594.937
2024-08-28 15:34:39,BTCUSDT,ask,59500,665.598
2024-08-28 15:34:51,BTCUSDT,ask,59500,665.683
2024-08-28 15:34:55,BTCUSDT,ask,59500,665.933
2024-08-28 15:34:57,BTCUSDT,ask,59500,665.947
2024-08-28 15:35:07,BTCUSDT,ask,59500,665.913
2024-08-28 15:35:08,BTCUSDT,ask,59500,665.914
2024-08-28 15:35:10,BTCUSDT,ask,59500,665.985
2024-08-28 15:35:11,BTCUSDT,ask,59500,665.735
2024-08-28 15:35:25,BTCUSDT,ask,59500,665.795
2024-08-28 15:35:38,BTCUSDT,bid,57500,594.961
2024-08-28 15:35:39,BTCUSDT,ask,59500,665.814
2024-08-28 15:35:43,BTCUSDT,bid,57500,594.805
2024-08-28 15:35:46,BTCUSDT,ask,59500,665.885
2024-08-28 15:35:48,BTCUSDT,ask,59500,665.996
2024-08-28 15:36:04,BTCUSDT,ask,59500,665.979
2024-08-28 15:36:13,BTCUSDT,ask,59500,665.951
2024-08-28 15:36:15,BTCUSDT,bid,57500,594.831
2024-08-28 15:36:19,BTCUSDT,ask,59500,665.953
2024-08-28 15:36:22,BTCUSDT,bid,57500,594.869
2024-08-28 15:36:25,BTCUSDT,ask,59500,665.864
2024-08-28 15:36:25,BTCUSDT,ask,59500,665.872
2024-08-28 15:36:27,BTCUSDT,ask,59500,665.877
2024-08-28 15:36:27,BTCUSDT,ask,59500,665.793
2024-08-28 15:36:37,BTCUSDT,ask,59500,665.79
2024-08-28 15:36:39,BTCUSDT,ask,59500,666.147
2024-08-28 15:36:43,BTCUSDT,ask,59500,665.937
2024-08-28 15:36:48,BTCUSDT,ask,59500,665.928
2024-08-28 15:36:55,BTCUSDT,ask,59500,665.729
2024-08-28 15:36:57,BTCUSDT,ask,59500,665.372
2024-08-28 15:36:57,BTCUSDT,ask,59500,665.112
2024-08-28 15:36:58,BTCUSDT,ask,59500,665.11
2024-08-28 15:37:03,BTCUSDT,ask,59500,665.118
2024-08-28 15:37:05,BTCUSDT,bid,57500,594.85
2024-08-28 15:37:07,BTCUSDT,ask,59500,665.207
2024-08-28 15:37:10,BTCUSDT,ask,59500,665.227
2024-08-28 15:37:17,BTCUSDT,bid,57500,595.078
2024-08-28 15:37:18,BTCUSDT,ask,59500,664.927
2024-08-28 15:37:26,BTCUSDT,ask,59500,664.934
2024-08-28 15:37:41,BTCUSDT,ask,59500,664.734
2024-08-28 15:37:52,BTCUSDT,ask,59500,665.1
2024-08-28 15:37:53,BTCUSDT,ask,59500,665.664
2024-08-28 15:37:57,BTCUSDT,ask,59500,666.064
2024-08-28 15:38:06,BTCUSDT,ask,59500,665.664
2024-08-28 15:38:26,BTCUSDT,bid,57500,595.107
2024-08-28 15:38:26,BTCUSDT,bid,57500,595.17
2024-08-28 15:38:35,BTCUSDT,ask,59500,665.684
2024-08-28 15:38:37,BTCUSDT,ask,59500,665.676
2024-08-28 15:38:37,BTCUSDT,ask,59500,665.676
2024-08-28 15:38:38,BTCUSDT,bid,57500,595.158
2024-08-28 15:38:43,BTCUSDT,ask,59500,665.668
2024-08-28 15:38:51,BTCUSDT,ask,59500,665.687
2024-08-28 15:38:59,BTCUSDT,bid,57500,595.146
2024-08-28 15:39:00,BTCUSDT,ask,59500,665.728
2024-08-28 15:39:06,BTCUSDT,bid,57500,594.918
2024-08-28 15:39:31,BTCUSDT,bid,57500,594.915
2024-08-28 15:39:35,BTCUSDT,ask,59500,665.736
2024-08-28 15:39:37,BTCUSDT,ask,59500,665.738
2024-08-28 15:39:37,BTCUSDT,ask,59500,666.744
2024-08-28 15:39:38,BTCUSDT,ask,59500,667.076
2024-08-28 15:39:44,BTCUSDT,bid,57500,594.825
2024-08-28 15:39:45,BTCUSDT,ask,59500,667.041
2024-08-28 15:39:50,BTCUSDT,bid,57500,594.791
2024-08-28 15:40:00,BTCUSDT,ask,59500,667.044
2024-08-28 15:40:01,BTCUSDT,ask,59500,667.306
2024-08-28 15:40:05,BTCUSDT,ask,59500,667.322
2024-08-28 15:40:11,BTCUSDT,ask,59500,667.296
2024-08-28 15:40:27,BTCUSDT,bid,57500,594.574
2024-08-28 15:40:33,BTCUSDT,ask,59500,667.556
2024-08-28 15:40:34,BTCUSDT,ask,59500,667.564
2024-08-28 15:40:36,BTCUSDT,ask,59500,667.574
2024-08-28 15:40:42,BTCUSDT,ask,59500,667.546
2024-08-28 15:40:48,BTCUSDT,ask,59500,667.538
2024-08-28 15:40:51,BTCUSDT,ask,59500,667.457
2024-08-28 15:40:51,BTCUSDT,ask,59500,667.557
2024-08-28 15:41:02,BTCUSDT,ask,59500,667.572
2024-08-28 15:41:04,BTCUSDT,ask,59500,667.656
2024-08-28 15:41:04,BTCUSDT,ask,59500,667.86
2024-08-28 15:41:07,BTCUSDT,bid,57500,594.474
2024-08-28 15:41:12,BTCUSDT,ask,59500,667.866
2024-08-28 15:41:14,BTCUSDT,ask,59500,667.868
2024-08-28 15:41:15,BTCUSDT,ask,59500,667.884
2024-08-28 15:41:16,BTCUSDT,ask,59500,667.874
2024-08-28 15:41:24,BTCUSDT,ask,59500,667.868
2024-08-28 15:41:34,BTCUSDT,ask,59500,667.88
2024-08-28 15:41:39,BTCUSDT,ask,59500,667.855
2024-08-28 15:41:47,BTCUSDT,ask,59500,667.86
2024-08-28 15:41:57,BTCUSDT,ask,59500,667.704
2024-08-28 15:41:57,BTCUSDT,ask,59500,667.729
2024-08-28 15:42:08,BTCUSDT,bid,47000,878.015
2024-08-28 15:42:26,BTCUSDT,ask,59500,667.74
2024-08-28 15:42:40,BTCUSDT,ask,59500,668.076
2024-08-28 15:42:47,BTCUSDT,ask,59500,668.093
2024-08-28 15:42:47,BTCUSDT,bid,57500,594.451
2024-08-28 15:43:07,BTCUSDT,ask,59500,668.095
2024-08-28 15:43:09,BTCUSDT,ask,59500,668.054
2024-08-28 15:43:11,BTCUSDT,bid,57500,576.428
2024-08-28 15:43:13,BTCUSDT,ask,59500,678.054
2024-08-28 15:43:16,BTCUSDT,ask,59500,678.045
2024-08-28 15:43:19,BTCUSDT,ask,59500,678.04
2024-08-28 15:43:21,BTCUSDT,ask,59500,678.073
2024-08-28 15:43:25,BTCUSDT,ask,59500,677.989
2024-08-28 15:43:26,BTCUSDT,bid,57500,576.426
2024-08-28 15:43:37,BTCUSDT,ask,59500,677.976
2024-08-28 15:43:41,BTCUSDT,ask,59500,678.026
2024-08-28 15:43:42,BTCUSDT,ask,59500,677.937
2024-08-28 15:43:57,BTCUSDT,ask,59500,677.605
2024-08-28 15:44:06,BTCUSDT,ask,59500,677.395
2024-08-28 15:44:09,BTCUSDT,ask,59500,677.677
2024-08-28 15:44:17,BTCUSDT,ask,59500,677.68
2024-08-28 15:44:31,BTCUSDT,ask,59500,677.398
2024-08-28 15:44:37,BTCUSDT,ask,59500,677.405
2024-08-28 15:44:56,BTCUSDT,bid,57500,576.568
2024-08-28 15:44:57,BTCUSDT,ask,59500,677.913
2024-08-28 15:45:03,BTCUSDT,bid,57500,576.559
2024-08-28 15:45:19,BTCUSDT,bid,57500,576.451
2024-08-28 15:45:26,BTCUSDT,ask,59500,677.75
2024-08-28 15:45:28,BTCUSDT,ask,59500,677.746
2024-08-28 15:45:50,BTCUSDT,ask,59500,677.742
2024-08-28 15:45:51,BTCUSDT,bid,47300,802.498
2024-08-28 15:45:51,BTCUSDT,bid,47300,802.494
2024-08-28 15:46:32,BTCUSDT,ask,59500,677.077
2024-08-28 15:46:35,BTCUSDT,ask,59500,677.577
2024-08-28 15:46:43,BTCUSDT,bid,57500,576.346
2024-08-28 15:46:46,BTCUSDT,bid,57500,576.301
2024-08-28 15:46:46,BTCUSDT,bid,57500,576.299
2024-08-28 15:46:48,BTCUSDT,ask,59500,677.877
2024-08-28 15:46:55,BTCUSDT,bid,57500,577.053
2024-08-28 15:46:57,BTCUSDT,bid,57500,577.061
2024-08-28 15:47:01,BTCUSDT,ask,59500,677.872
2024-08-28 15:47:03,BTCUSDT,ask,59500,677.875
2024-08-28 15:47:10,BTCUSDT,bid,57500,577.022
2024-08-28 15:47:12,BTCUSDT,bid,57500,577.069
2024-08-28 15:47:16,BTCUSDT,ask,59500,677.871
2024-08-28 15:47:23,BTCUSDT,ask,59500,677.953
2024-08-28 15:47:31,BTCUSDT,bid,57500,576.315
2024-08-28 15:48:06,BTCUSDT,ask,59500,677.969
2024-08-28 15:48:11,BTCUSDT,ask,59500,675.918
2024-08-28 15:48:15,BTCUSDT,ask,59500,675.931
2024-08-28 15:48:15,BTCUSDT,ask,59500,676.237
2024-08-28 15:48:18,BTCUSDT,ask,59500,676.254
2024-08-28 15:48:23,BTCUSDT,bid,57500,576.42
2024-08-28 15:48:35,BTCUSDT,ask,59500,676.3
2024-08-28 15:48:38,BTCUSDT,bid,57500,576.468
2024-08-28 15:48:38,BTCUSDT,ask,59500,676.298
2024-08-28 15:48:51,BTCUSDT,ask,59500,676.206
2024-08-28 15:48:59,BTCUSDT,bid,57500,576.451
2024-08-28 15:48:59,BTCUSDT,ask,59500,676.241
2024-08-28 15:49:23,BTCUSDT,bid,57500,576.453
2024-08-28 15:49:34,BTCUSDT,ask,59500,676.247
2024-08-28 15:49:39,BTCUSDT,ask,59500,676.261
2024-08-28 15:49:46,BTCUSDT,ask,59500,676.361
2024-08-28 15:50:01,BTCUSDT,ask,59500,675.861
2024-08-28 15:50:18,BTCUSDT,ask,59500,675.611
2024-08-28 15:50:34,BTCUSDT,ask,59500,675.511
2024-08-28 15:50:39,BTCUSDT,bid,57500,576.365
2024-08-28 15:50:43,BTCUSDT,bid,57500,576.156
2024-08-28 15:50:43,BTCUSDT,bid,57500,576.155
2024-08-28 15:50:53,BTCUSDT,bid,57500,576.153
2024-08-28 15:50:53,BTCUSDT,ask,59500,675.461
2024-08-28 15:51:02,BTCUSDT,ask,59500,675.625
2024-08-28 15:51:24,BTCUSDT,ask,59500,675.439
2024-08-28 15:51:36,BTCUSDT,ask,59500,675.892
2024-08-28 15:51:36,BTCUSDT,ask,59500,676.402
2024-08-28 15:51:37,BTCUSDT,ask,59500,676.412
2024-08-28 15:51:40,BTCUSDT,ask,59500,675.902
2024-08-28 15:51:44,BTCUSDT,ask,59500,675.239
2024-08-28 15:51:46,BTCUSDT,ask,59500,675.064
2024-08-28 15:51:49,BTCUSDT,ask,59500,675.395
2024-08-28 15:51:49,BTCUSDT,ask,59500,674.895
2024-08-28 15:51:53,BTCUSDT,ask,59500,674.897
2024-08-28 15:52:13,BTCUSDT,ask,59500,675.031
2024-08-28 15:52:17,BTCUSDT,ask,59500,675.015
2024-08-28 15:52:24,BTCUSDT,ask,59500,675.017
2024-08-28 15:52:25,BTCUSDT,ask,59500,675.015
2024-08-28 15:52:29,BTCUSDT,ask,59500,675.115
2024-08-28 15:52:38,BTCUSDT,ask,59500,675.125
2024-08-28 15:52:40,BTCUSDT,ask,59500,678.541
2024-08-28 15:52:42,BTCUSDT,bid,57500,576.292
2024-08-28 15:52:53,BTCUSDT,ask,59500,678.541
2024-08-28 15:52:53,BTCUSDT,ask,59500,678.543
2024-08-28 15:52:54,BTCUSDT,ask,59500,678.541
2024-08-28 15:52:54,BTCUSDT,ask,59500,678.541
2024-08-28 15:52:56,BTCUSDT,ask,59500,678.541
2024-08-28 15:52:57,BTCUSDT,bid,57500,576.304
2024-08-28 15:52:57,BTCUSDT,ask,59500,678.541
2024-08-28 15:53:07,BTCUSDT,ask,59500,678.562
2024-08-28 15:53:07,BTCUSDT,ask,59500,678.598
2024-08-28 15:53:07,BTCUSDT,bid,57500,576.199
2024-08-28 15:53:13,BTCUSDT,ask,59500,679.154
2024-08-28 15:53:15,BTCUSDT,ask,59500,679.195
2024-08-28 15:53:21,BTCUSDT,ask,59500,678.695
2024-08-28 15:53:26,BTCUSDT,bid,57500,576.201
2024-08-28 15:53:26,BTCUSDT,bid,57500,576.264
2024-08-28 15:53:31,BTCUSDT,ask,59500,678.697
2024-08-28 15:53:32,BTCUSDT,ask,59500,678.713
2024-08-28 15:53:43,BTCUSDT,ask,59500,678.787
2024-08-28 15:53:53,BTCUSDT,ask,59500,678.787
2024-08-28 15:53:53,BTCUSDT,ask,59500,678.789
2024-08-28 15:53:54,BTCUSDT,ask,59500,678.787
2024-08-28 15:53:55,BTCUSDT,ask,59500,678.787
2024-08-28 15:53:56,BTCUSDT,ask,59500,678.787
2024-08-28 15:53:56,BTCUSDT,ask,59500,678.787
2024-08-28 15:53:58,BTCUSDT,ask,59500,678.787
2024-08-28 15:53:58,BTCUSDT,ask,59500,678.456
2024-08-28 15:53:58,BTCUSDT,bid,57500,576.304
2024-08-28 15:53:59,BTCUSDT,ask,59500,678.456
2024-08-28 15:53:59,BTCUSDT,ask,59500,678.456
2024-08-28 15:54:01,BTCUSDT,ask,59500,678.456
2024-08-28 15:54:02,BTCUSDT,ask,59500,678.456
2024-08-28 15:54:03,BTCUSDT,ask,59500,678.456
2024-08-28 15:54:04,BTCUSDT,ask,59500,678.456
2024-08-28 15:54:04,BTCUSDT,ask,59500,677.788
2024-08-28 15:54:07,BTCUSDT,ask,59500,677.782
2024-08-28 15:54:08,BTCUSDT,ask,59500,677.784
2024-08-28 15:54:16,BTCUSDT,bid,57500,576.204
2024-08-28 15:54:20,BTCUSDT,ask,59500,677.781
2024-08-28 15:54:21,BTCUSDT,ask,59500,677.232
2024-08-28 15:54:33,BTCUSDT,ask,59500,677.234
2024-08-28 15:54:36,BTCUSDT,ask,59500,677.209
2024-08-28 15:54:53,BTCUSDT,ask,59500,677.211
2024-08-28 15:54:55,BTCUSDT,ask,59500,677.216
2024-08-28 15:54:57,BTCUSDT,ask,59500,677.206
2024-08-28 15:55:18,BTCUSDT,ask,59500,677.289
2024-08-28 15:55:24,BTCUSDT,bid,47000,875.888
2024-08-28 15:55:24,BTCUSDT,ask,59500,677.206
2024-08-28 15:55:31,BTCUSDT,ask,59500,677.526
2024-08-28 15:55:33,BTCUSDT,bid,57500,576.179
2024-08-28 15:55:43,BTCUSDT,ask,59500,677.522
2024-08-28 15:55:44,BTCUSDT,bid,57500,576.352
2024-08-28 15:55:49,BTCUSDT,ask,59500,677.422
2024-08-28 15:55:54,BTCUSDT,ask,59500,677.429
2024-08-28 15:55:55,BTCUSDT,ask,59500,677.439
2024-08-28 15:56:03,BTCUSDT,ask,59500,677.423
2024-08-28 15:56:13,BTCUSDT,ask,59500,677.43
2024-08-28 15:56:14,BTCUSDT,ask,59500,677.513
2024-08-28 15:56:29,BTCUSDT,ask,59500,677.65
2024-08-28 15:56:31,BTCUSDT,ask,59500,677.667
2024-08-28 15:56:31,BTCUSDT,ask,59500,677.689
2024-08-28 15:56:42,BTCUSDT,bid,57500,576.354
2024-08-28 15:56:50,BTCUSDT,ask,59500,677.857
2024-08-28 15:57:02,BTCUSDT,ask,59500,677.957
2024-08-28 15:57:05,BTCUSDT,ask,59500,677.899
2024-08-28 15:57:19,BTCUSDT,ask,59500,676.893
2024-08-28 15:57:26,BTCUSDT,ask,59500,676.905
2024-08-28 15:57:30,BTCUSDT,ask,59500,676.913
2024-08-28 15:57:50,BTCUSDT,ask,59500,677.978
2024-08-28 15:57:51,BTCUSDT,ask,59500,678.04
2024-08-28 15:57:55,BTCUSDT,ask,59500,678.09
2024-08-28 15:58:00,BTCUSDT,ask,59500,678.19
2024-08-28 15:58:08,BTCUSDT,ask,59500,677.489
2024-08-28 15:58:13,BTCUSDT,ask,59500,677.594
2024-08-28 15:58:21,BTCUSDT,ask,59500,677.61
2024-08-28 15:58:28,BTCUSDT,ask,59500,677.528
2024-08-28 15:58:29,BTCUSDT,ask,59500,677.558
2024-08-28 15:58:43,BTCUSDT,ask,59500,679.584
2024-08-28 15:58:59,BTCUSDT,ask,59500,679.884
2024-08-28 15:59:05,BTCUSDT,ask,59500,679.881
2024-08-28 15:59:17,BTCUSDT,ask,59500,679.801
2024-08-28 15:59:24,BTCUSDT,ask,59500,679.635
2024-08-28 15:59:51,BTCUSDT,ask,59500,684.635
2024-08-28 16:00:05,BTCUSDT,ask,59500,684.16
2024-08-28 16:00:07,BTCUSDT,ask,59500,684.185
2024-08-28 16:00:11,BTCUSDT,ask,59500,684.19
2024-08-28 16:00:11,BTCUSDT,ask,59500,684.192
2024-08-28 16:00:16,BTCUSDT,ask,59500,684.292
2024-08-28 16:00:28,BTCUSDT,ask,59500,684.681
2024-08-28 16:00:33,BTCUSDT,ask,59500,684.174
2024-08-28 16:00:33,BTCUSDT,ask,59500,684.186
2024-08-28 16:00:38,BTCUSDT,ask,59500,684.172
2024-08-28 16:00:39,BTCUSDT,bid,57500,576.426
2024-08-28 16:00:39,BTCUSDT,ask,59500,684.18
2024-08-28 16:00:52,BTCUSDT,ask,59500,684.22
2024-08-28 16:00:55,BTCUSDT,ask,59500,684.204
2024-08-28 16:01:08,BTCUSDT,ask,59500,634.204
2024-08-28 16:01:22,BTCUSDT,ask,59500,634.128
2024-08-28 16:01:23,BTCUSDT,ask,59500,634.13
2024-08-28 16:01:23,BTCUSDT,ask,59500,634.146
2024-08-28 16:01:54,BTCUSDT,ask,59500,634.186
2024-08-28 16:02:00,BTCUSDT,ask,59500,634.189
2024-08-28 16:02:02,BTCUSDT,ask,59500,634.191
2024-08-28 16:02:06,BTCUSDT,ask,59500,634.291
2024-08-28 16:02:08,BTCUSDT,ask,59500,634.191
2024-08-28 16:02:09,BTCUSDT,ask,59500,634.332
2024-08-28 16:02:09,BTCUSDT,ask,59500,634.454
2024-08-28 16:02:14,BTCUSDT,bid,57500,576.377
2024-08-28 16:02:15,BTCUSDT,ask,59500,634.422
2024-08-28 16:02:16,BTCUSDT,bid,57500,576.361
2024-08-28 16:02:23,BTCUSDT,ask,59500,634.424
2024-08-28 16:02:34,BTCUSDT,ask,59500,634.429
2024-08-28 16:02:39,BTCUSDT,ask,59500,634.436
2024-08-28 16:02:42,BTCUSDT,ask,59500,634.383
2024-08-28 16:02:46,BTCUSDT,bid,57500,576.359
2024-08-28 16:02:59,BTCUSDT,ask,59500,634.406
2024-08-28 16:03:01,BTCUSDT,ask,59500,634.39
2024-08-28 16:03:04,BTCUSDT,ask,59500,634.4
2024-08-28 16:03:16,BTCUSDT,ask,59500,634.5
2024-08-28 16:03:16,BTCUSDT,ask,59500,634.332
2024-08-28 16:03:18,BTCUSDT,ask,59500,636.053
2024-08-28 16:03:19,BTCUSDT,ask,59500,636.057
2024-08-28 16:03:19,BTCUSDT,bid,57500,576.609
2024-08-28 16:03:19,BTCUSDT,ask,59500,636.053
2024-08-28 16:03:30,BTCUSDT,ask,59500,636.065
2024-08-28 16:03:39,BTCUSDT,ask,59500,636.044
2024-08-28 16:03:49,BTCUSDT,bid,57500,576.359
2024-08-28 16:03:54,BTCUSDT,ask,59500,636.004
2024-08-28 16:04:05,BTCUSDT,ask,59500,637.504
2024-08-28 16:04:05,BTCUSDT,ask,59500,637.546
2024-08-28 16:04:15,BTCUSDT,ask,59500,637.608
2024-08-28 16:04:16,BTCUSDT,ask,59500,639.244
2024-08-28 16:04:25,BTCUSDT,ask,59500,639.318
2024-08-28 16:04:46,BTCUSDT,ask,59500,639.316
2024-08-28 16:05:02,BTCUSDT,ask,59500,639.304
2024-08-28 16:05:13,BTCUSDT,ask,59500,639.446
2024-08-28 16:05:19,BTCUSDT,bid,57500,576.365
2024-08-28 16:05:23,BTCUSDT,ask,59500,639.546
2024-08-28 16:05:35,BTCUSDT,ask,59500,639.528
2024-08-28 16:05:44,BTCUSDT,ask,59500,639.222
2024-08-28 16:06:00,BTCUSDT,ask,59500,638.222
2024-08-28 16:06:03,BTCUSDT,bid,57500,576.368
2024-08-28 16:06:15,BTCUSDT,ask,59500,638.224
2024-08-28 16:06:33,BTCUSDT,ask,59500,638.254
2024-08-28 16:06:37,BTCUSDT,ask,59500,638.259
2024-08-28 16:06:52,BTCUSDT,bid,57500,576.356
2024-08-28 16:07:04,BTCUSDT,ask,59500,637.959
2024-08-28 16:07:29,BTCUSDT,ask,59500,637.959
2024-08-28 16:07:31,BTCUSDT,ask,59500,637.959
2024-08-28 16:07:31,BTCUSDT,ask,59500,637.959
2024-08-28 16:07:32,BTCUSDT,ask,59500,637.959
2024-08-28 16:07:55,BTCUSDT,ask,59500,637.959
2024-08-28 16:07:57,BTCUSDT,ask,59500,637.897
2024-08-28 16:07:58,BTCUSDT,ask,59500,638.77
2024-08-28 16:08:04,BTCUSDT,bid,57500,576.354
2024-08-28 16:08:04,BTCUSDT,ask,59500,638.768
2024-08-28 16:08:11,BTCUSDT,ask,59500,635.322
2024-08-28 16:08:19,BTCUSDT,ask,59500,635.383
2024-08-28 16:08:19,BTCUSDT,bid,57500,576.352
2024-08-28 16:08:22,BTCUSDT,ask,59500,635.386
2024-08-28 16:08:23,BTCUSDT,ask,59500,630.386
2024-08-28 16:08:32,BTCUSDT,ask,59500,630.486
2024-08-28 16:08:38,BTCUSDT,ask,59500,630.516
2024-08-28 16:08:44,BTCUSDT,ask,59500,630.497
2024-08-28 16:08:44,BTCUSDT,ask,59500,630.503
2024-08-28 16:08:45,BTCUSDT,ask,59500,630.506
2024-08-28 16:08:51,BTCUSDT,ask,59500,630.519
2024-08-28 16:08:52,BTCUSDT,ask,59500,630.544
2024-08-28 16:08:52,BTCUSDT,ask,59500,630.519
2024-08-28 16:08:55,BTCUSDT,ask,59500,630.512
2024-08-28 16:09:01,BTCUSDT,ask,59500,628.504
2024-08-28 16:09:03,BTCUSDT,ask,59500,628.506
2024-08-28 16:09:07,BTCUSDT,ask,59500,628.455
2024-08-28 16:09:08,BTCUSDT,ask,59500,628.453
2024-08-28 16:09:10,BTCUSDT,ask,59500,629.453
2024-08-28 16:09:11,BTCUSDT,ask,59500,629.378
2024-08-28 16:09:14,BTCUSDT,ask,59500,629.462
2024-08-28 16:09:16,BTCUSDT,ask,59500,629.483
2024-08-28 16:09:28,BTCUSDT,bid,57500,576.355
2024-08-28 16:09:35,BTCUSDT,ask,59500,629.474
2024-08-28 16:09:36,BTCUSDT,ask,59500,629.494
2024-08-28 16:09:38,BTCUSDT,ask,59500,629.502
2024-08-28 16:09:42,BTCUSDT,ask,59500,630.342
2024-08-28 16:09:44,BTCUSDT,ask,59500,630.46
2024-08-28 16:09:44,BTCUSDT,ask,59500,630.427
2024-08-28 16:09:46,BTCUSDT,ask,59500,630.419
2024-08-28 16:09:54,BTCUSDT,ask,59500,630.413
2024-08-28 16:09:59,BTCUSDT,ask,59500,630.913
2024-08-28 16:10:00,BTCUSDT,ask,59500,630.883
2024-08-28 16:10:04,BTCUSDT,ask,59500,630.881
2024-08-28 16:10:04,BTCUSDT,ask,59500,630.901
2024-08-28 16:10:08,BTCUSDT,ask,59500,630.91
2024-08-28 16:10:16,BTCUSDT,ask,59500,630.884
2024-08-28 16:10:25,BTCUSDT,ask,59500,631.384
2024-08-28 16:10:26,BTCUSDT,ask,59500,630.884
2024-08-28 16:10:32,BTCUSDT,ask,59500,630.867
2024-08-28 16:10:43,BTCUSDT,ask,59500,630.87
2024-08-28 16:11:15,BTCUSDT,ask,59500,630.752
2024-08-28 16:11:15,BTCUSDT,ask,59500,630.362
2024-08-28 16:11:19,BTCUSDT,ask,59500,629.362
2024-08-28 16:11:22,BTCUSDT,ask,59500,627.766
2024-08-28 16:11:22,BTCUSDT,ask,59500,627.726
2024-08-28 16:11:23,BTCUSDT,ask,59500,627.693
2024-08-28 16:11:24,BTCUSDT,ask,59500,627.777
2024-08-28 16:11:24,BTCUSDT,ask,59500,627.77
2024-08-28 16:11:25,BTCUSDT,ask,59500,627.775
2024-08-28 16:11:40,BTCUSDT,bid,57500,576.359
2024-08-28 16:11:40,BTCUSDT,ask,59500,626.275
2024-08-28 16:11:46,BTCUSDT,ask,59500,626.359
2024-08-28 16:11:47,BTCUSDT,ask,59500,626.359
2024-08-28 16:11:50,BTCUSDT,ask,59500,626.323
2024-08-28 16:11:54,BTCUSDT,ask,59500,626.306
2024-08-28 16:12:01,BTCUSDT,ask,59500,626.62
2024-08-28 16:12:02,BTCUSDT,ask,59500,626.808
2024-08-28 16:12:06,BTCUSDT,ask,59500,629.329
2024-08-28 16:12:06,BTCUSDT,ask,59500,629.655
2024-08-28 16:12:20,BTCUSDT,ask,59500,630.301
2024-08-28 16:12:24,BTCUSDT,bid,57500,576.261
2024-08-28 16:12:26,BTCUSDT,ask,59500,630.321
2024-08-28 16:12:27,BTCUSDT,ask,59500,629.969
2024-08-28 16:12:59,BTCUSDT,ask,59500,630.002
2024-08-28 16:13:01,BTCUSDT,bid,57500,576.258
2024-08-28 16:13:01,BTCUSDT,ask,59500,630.022
2024-08-28 16:13:07,BTCUSDT,ask,59500,630.08
2024-08-28 16:13:10,BTCUSDT,ask,59500,630.105
2024-08-28 16:13:13,BTCUSDT,ask,59500,630.115
2024-08-28 16:13:17,BTCUSDT,bid,47000,873.815
2024-08-28 16:13:17,BTCUSDT,ask,59500,630.24
2024-08-28 16:13:25,BTCUSDT,ask,59500,630.244
2024-08-28 16:13:35,BTCUSDT,bid,57500,576.361
2024-08-28 16:13:41,BTCUSDT,ask,59500,629.799
2024-08-28 16:13:45,BTCUSDT,ask,59500,629.807
2024-08-28 16:13:55,BTCUSDT,ask,59500,629.555
2024-08-28 16:14:03,BTCUSDT,ask,59500,628.893
2024-08-28 16:14:04,BTCUSDT,ask,59500,629.29
2024-08-28 16:14:11,BTCUSDT,ask,59500,629.32
2024-08-28 16:14:19,BTCUSDT,ask,59500,629.316
2024-08-28 16:14:47,BTCUSDT,ask,59500,628.476
2024-08-28 16:14:57,BTCUSDT,ask,59500,628.559
2024-08-28 16:15:04,BTCUSDT,ask,59500,628.139
2024-08-28 16:15:15,BTCUSDT,ask,59500,628.089
2024-08-28 16:15:22,BTCUSDT,ask,59500,628.086
2024-08-28 16:15:35,BTCUSDT,ask,59500,629.042
2024-08-28 16:15:42,BTCUSDT,ask,59500,629.062
2024-08-28 16:15:45,BTCUSDT,ask,59500,629.037
2024-08-28 16:15:48,BTCUSDT,ask,59500,628.081
2024-08-28 16:16:12,BTCUSDT,ask,59500,628.207
2024-08-28 16:16:21,BTCUSDT,ask,59500,628.465
2024-08-28 16:16:24,BTCUSDT,ask,59500,628.472
2024-08-28 16:16:24,BTCUSDT,ask,59500,628.474
2024-08-28 16:16:32,BTCUSDT,ask,59500,628.214
2024-08-28 16:16:37,BTCUSDT,ask,59500,626.493
2024-08-28 16:16:38,BTCUSDT,ask,59500,626.503
2024-08-28 16:16:40,BTCUSDT,bid,57500,576.363
2024-08-28 16:16:48,BTCUSDT,ask,59500,626.47
2024-08-28 16:16:52,BTCUSDT,ask,59500,626.464
2024-08-28 16:16:59,BTCUSDT,bid,57500,576.356
2024-08-28 16:17:13,BTCUSDT,ask,59500,627.731
2024-08-28 16:17:21,BTCUSDT,ask,59500,627.823
2024-08-28 16:17:28,BTCUSDT,ask,59500,627.802
2024-08-28 16:17:41,BTCUSDT,ask,59500,628.758
2024-08-28 16:18:04,BTCUSDT,ask,59500,628.762
2024-08-28 16:18:11,BTCUSDT,bid,57500,576.354
2024-08-28 16:18:13,BTCUSDT,ask,59500,628.8
2024-08-28 16:18:16,BTCUSDT,ask,59500,628.826
2024-08-28 16:18:21,BTCUSDT,ask,59500,628.829
2024-08-28 16:18:47,BTCUSDT,ask,59500,628.899
2024-08-28 16:18:57,BTCUSDT,ask,59500,628.967
2024-08-28 16:19:17,BTCUSDT,ask,59500,629.287
2024-08-28 16:19:36,BTCUSDT,ask,59500,628.967
2024-08-28 16:19:44,BTCUSDT,ask,59500,628.969
2024-08-28 16:19:51,BTCUSDT,ask,59500,628.931
2024-08-28 16:20:22,BTCUSDT,bid,57500,576.352
2024-08-28 16:20:29,BTCUSDT,bid,57500,576.436
2024-08-28 16:20:31,BTCUSDT,ask,59500,629.473
2024-08-28 16:20:41,BTCUSDT,ask,59500,629.471
2024-08-28 16:20:41,BTCUSDT,bid,57500,577.436
2024-08-28 16:20:43,BTCUSDT,ask,59500,629.405
2024-08-28 16:21:00,BTCUSDT,bid,57500,577.441
2024-08-28 16:21:14,BTCUSDT,ask,59500,629.305
2024-08-28 16:21:22,BTCUSDT,ask,59500,630.824
2024-08-28 16:22:04,BTCUSDT,bid,57500,577.443
2024-08-28 16:22:33,BTCUSDT,ask,59500,630.804
2024-08-28 16:22:55,BTCUSDT,ask,59500,630.784
2024-08-28 16:22:57,BTCUSDT,bid,57500,577.437
2024-08-28 16:23:04,BTCUSDT,ask,59500,630.782
2024-08-28 16:23:27,BTCUSDT,ask,59500,630.775
2024-08-28 16:23:34,BTCUSDT,ask,59500,630.942
2024-08-28 16:23:36,BTCUSDT,ask,59500,630.97
2024-08-28 16:24:02,BTCUSDT,bid,57500,577.42
2024-08-28 16:24:24,BTCUSDT,ask,59500,630.81
2024-08-28 16:24:43,BTCUSDT,ask,59500,630.76
2024-08-28 16:24:45,BTCUSDT,ask,59500,630.196
2024-08-28 16:24:47,BTCUSDT,ask,59500,631.032
2024-08-28 16:24:54,BTCUSDT,ask,59500,631.025
2024-08-28 16:24:55,BTCUSDT,ask,59500,630.711
2024-08-28 16:25:05,BTCUSDT,bid,57500,576.42
2024-08-28 16:25:10,BTCUSDT,ask,59500,630.714
2024-08-28 16:25:20,BTCUSDT,ask,59500,630.711
2024-08-28 16:25:38,BTCUSDT,ask,59500,630.839
2024-08-28 16:25:40,BTCUSDT,ask,59500,630.842
2024-08-28 16:25:45,BTCUSDT,ask,59500,630.844
2024-08-28 16:25:46,BTCUSDT,ask,59500,630.88
2024-08-28 16:25:55,BTCUSDT,ask,59500,630.929
2024-08-28 16:26:00,BTCUSDT,ask,59500,630.887
2024-08-28 16:26:04,BTCUSDT,bid,57500,576.417
2024-08-28 16:26:12,BTCUSDT,ask,59500,631.887
2024-08-28 16:26:24,BTCUSDT,ask,59500,631.928
2024-08-28 16:26:30,BTCUSDT,ask,59500,631.933
2024-08-28 16:26:40,BTCUSDT,ask,59500,631.935
2024-08-28 16:26:41,BTCUSDT,ask,59500,631.946
2024-08-28 16:26:50,BTCUSDT,ask,59500,631.913
2024-08-28 16:26:58,BTCUSDT,ask,59500,632.191
2024-08-28 16:27:01,BTCUSDT,bid,47000,873.802
2024-08-28 16:27:10,BTCUSDT,bid,47000,878.365
2024-08-28 16:27:18,BTCUSDT,ask,59500,632.161
2024-08-28 16:27:28,BTCUSDT,bid,57500,576.391
2024-08-28 16:27:53,BTCUSDT,ask,59500,632.159
2024-08-28 16:28:33,BTCUSDT,ask,59500,633.269
2024-08-28 16:28:34,BTCUSDT,ask,59500,633.249
2024-08-28 16:28:43,BTCUSDT,ask,59500,632.949
2024-08-28 16:28:58,BTCUSDT,ask,59500,632.941
2024-08-28 16:29:07,BTCUSDT,ask,59500,632.938
2024-08-28 16:29:13,BTCUSDT,bid,57500,576.385
2024-08-28 16:29:24,BTCUSDT,bid,57500,576.383
2024-08-28 16:29:24,BTCUSDT,ask,59500,632.936
2024-08-28 16:29:25,BTCUSDT,ask,59500,632.862
2024-08-28 16:29:29,BTCUSDT,ask,59500,632.536
2024-08-28 16:29:30,BTCUSDT,bid,57500,576.381
2024-08-28 16:29:36,BTCUSDT,ask,59500,632.538
2024-08-28 16:29:41,BTCUSDT,ask,59500,632.712
2024-08-28 16:29:50,BTCUSDT,ask,59500,632.695
2024-08-28 16:29:51,BTCUSDT,ask,59500,632.693
2024-08-28 16:29:54,BTCUSDT,ask,59500,632.695
2024-08-28 16:29:58,BTCUSDT,ask,59500,632.795
2024-08-28 16:30:13,BTCUSDT,ask,59500,632.894
2024-08-28 16:30:17,BTCUSDT,ask,59500,632.896
2024-08-28 16:30:17,BTCUSDT,ask,59500,632.861
2024-08-28 16:30:26,BTCUSDT,bid,57500,576.431
2024-08-28 16:30:29,BTCUSDT,ask,59500,633.12
2024-08-28 16:30:30,BTCUSDT,bid,57500,576.465
2024-08-28 16:30:38,BTCUSDT,ask,59500,633.123
2024-08-28 16:30:39,BTCUSDT,ask,59500,633.108
2024-08-28 16:30:46,BTCUSDT,bid,57500,576.457
2024-08-28 16:30:51,BTCUSDT,ask,59500,633.143
2024-08-28 16:30:53,BTCUSDT,ask,59500,633.243
2024-08-28 16:31:02,BTCUSDT,ask,59500,633.469
2024-08-28 16:31:06,BTCUSDT,ask,59500,633.471
2024-08-28 16:31:09,BTCUSDT,ask,59500,633.371
2024-08-28 16:31:11,BTCUSDT,bid,57500,576.407
2024-08-28 16:31:14,BTCUSDT,ask,59500,633.384
2024-08-28 16:31:16,BTCUSDT,ask,59500,633.389
2024-08-28 16:31:18,BTCUSDT,ask,59500,633.13
2024-08-28 16:31:19,BTCUSDT,ask,59500,633.222
2024-08-28 16:31:28,BTCUSDT,ask,59500,633.297
2024-08-28 16:31:33,BTCUSDT,ask,59500,633.33
2024-08-28 16:31:39,BTCUSDT,ask,59500,633.162
2024-08-28 16:31:52,BTCUSDT,ask,59500,634.482
2024-08-28 16:31:53,BTCUSDT,ask,59500,634.462
2024-08-28 16:31:55,BTCUSDT,ask,59500,634.551
2024-08-28 16:31:56,BTCUSDT,ask,59500,634.544
2024-08-28 16:31:58,BTCUSDT,ask,59500,634.533
2024-08-28 16:31:59,BTCUSDT,bid,57500,576.373
2024-08-28 16:32:01,BTCUSDT,ask,59500,633.693
2024-08-28 16:32:07,BTCUSDT,ask,59500,633.726
2024-08-28 16:32:08,BTCUSDT,ask,59500,633.693
2024-08-28 16:32:09,BTCUSDT,ask,59500,633.713
2024-08-28 16:32:10,BTCUSDT,ask,59500,633.713
2024-08-28 16:32:10,BTCUSDT,ask,59500,634.58
2024-08-28 16:32:10,BTCUSDT,ask,59500,634.56
2024-08-28 16:32:11,BTCUSDT,ask,59500,623.695
2024-08-28 16:32:14,BTCUSDT,ask,59500,622.855
2024-08-28 16:32:18,BTCUSDT,ask,59500,622.875
2024-08-28 16:32:19,BTCUSDT,ask,59500,622.855
2024-08-28 16:32:26,BTCUSDT,ask,59500,622.809
2024-08-28 16:32:26,BTCUSDT,ask,59500,622.829
2024-08-28 16:32:27,BTCUSDT,ask,59500,622.809
2024-08-28 16:32:28,BTCUSDT,ask,59500,622.814
2024-08-28 16:32:30,BTCUSDT,ask,59500,623.605
2024-08-28 16:32:30,BTCUSDT,ask,59500,622.822
2024-08-28 16:32:31,BTCUSDT,ask,59500,622.322
2024-08-28 16:32:32,BTCUSDT,ask,59500,623.045
2024-08-28 16:32:32,BTCUSDT,ask,59500,623.049
2024-08-28 16:32:32,BTCUSDT,ask,59500,623.055
2024-08-28 16:32:37,BTCUSDT,ask,59500,623.075
2024-08-28 16:32:37,BTCUSDT,ask,59500,622.352
2024-08-28 16:32:37,BTCUSDT,ask,59500,622.337
2024-08-28 16:32:38,BTCUSDT,ask,59500,623.073
2024-08-28 16:32:38,BTCUSDT,ask,59500,623.053
2024-08-28 16:32:40,BTCUSDT,ask,59500,623.194
2024-08-28 16:32:41,BTCUSDT,ask,59500,624.085
2024-08-28 16:32:41,BTCUSDT,ask,59500,624.152
2024-08-28 16:32:42,BTCUSDT,ask,59500,624.981
2024-08-28 16:32:42,BTCUSDT,ask,59500,624.356
2024-08-28 16:32:42,BTCUSDT,ask,59500,624.496
2024-08-28 16:32:43,BTCUSDT,ask,59500,624.429
2024-08-28 16:32:43,BTCUSDT,ask,59500,624.289
2024-08-28 16:32:44,BTCUSDT,ask,59500,623.026
2024-08-28 16:32:46,BTCUSDT,ask,59500,623.81
2024-08-28 16:32:47,BTCUSDT,ask,59500,623.812
2024-08-28 16:32:47,BTCUSDT,ask,59500,623.026
2024-08-28 16:32:49,BTCUSDT,ask,59500,623.042
2024-08-28 16:32:51,BTCUSDT,ask,59500,623.795
2024-08-28 16:32:51,BTCUSDT,ask,59500,623.912
2024-08-28 16:32:52,BTCUSDT,ask,59500,623.792
2024-08-28 16:32:53,BTCUSDT,ask,59500,623.797
2024-08-28 16:32:54,BTCUSDT,ask,59500,623.805
2024-08-28 16:32:55,BTCUSDT,ask,59500,623.843
2024-08-28 16:32:56,BTCUSDT,ask,59500,623.775
2024-08-28 16:33:00,BTCUSDT,ask,59500,623.022
2024-08-28 16:33:00,BTCUSDT,ask,59500,623.756
2024-08-28 16:33:01,BTCUSDT,ask,59500,623.744
2024-08-28 16:33:02,BTCUSDT,ask,59500,623.01
2024-08-28 16:33:04,BTCUSDT,ask,59500,623.02
2024-08-28 16:33:05,BTCUSDT,ask,59500,622.92
2024-08-28 16:33:06,BTCUSDT,ask,59500,622.9
2024-08-28 16:33:08,BTCUSDT,ask,59500,622.895
2024-08-28 16:33:09,BTCUSDT,ask,59500,622.84
2024-08-28 16:33:22,BTCUSDT,ask,59500,623.004
2024-08-28 16:33:25,BTCUSDT,ask,59500,622.988
2024-08-28 16:33:28,BTCUSDT,ask,59500,623.088
2024-08-28 16:33:28,BTCUSDT,ask,59500,623.086
2024-08-28 16:33:28,BTCUSDT,ask,59500,623.174
2024-08-28 16:33:32,BTCUSDT,ask,59500,618.199
2024-08-28 16:33:32,BTCUSDT,ask,59500,618.229
2024-08-28 16:33:41,BTCUSDT,ask,59500,618.224
2024-08-28 16:33:42,BTCUSDT,ask,59500,618.22
2024-08-28 16:33:43,BTCUSDT,ask,59500,618.137
2024-08-28 16:33:45,BTCUSDT,ask,59500,618.17
2024-08-28 16:33:48,BTCUSDT,ask,59500,618.27
2024-08-28 16:33:48,BTCUSDT,ask,59500,618.29
2024-08-28 16:33:49,BTCUSDT,ask,59500,618.262
2024-08-28 16:33:50,BTCUSDT,ask,59500,618.242
2024-08-28 16:33:52,BTCUSDT,ask,59500,618.316
2024-08-28 16:33:54,BTCUSDT,ask,59500,618.148
2024-08-28 16:34:00,BTCUSDT,ask,59500,618.276
2024-08-28 16:34:00,BTCUSDT,ask,59500,618.281
2024-08-28 16:34:01,BTCUSDT,ask,59500,618.147
2024-08-28 16:34:03,BTCUSDT,ask,59500,617.999
2024-08-28 16:34:05,BTCUSDT,bid,57500,576.375
2024-08-28 16:34:05,BTCUSDT,ask,59500,618.003
2024-08-28 16:34:07,BTCUSDT,ask,59500,618.043
2024-08-28 16:34:07,BTCUSDT,ask,59500,618.003
2024-08-28 16:34:15,BTCUSDT,ask,59500,618.004
2024-08-28 16:34:16,BTCUSDT,bid,57500,576.164
2024-08-28 16:34:19,BTCUSDT,ask,59500,618.037
2024-08-28 16:34:22,BTCUSDT,ask,59500,618.045
2024-08-28 16:34:24,BTCUSDT,ask,59500,618.108
2024-08-28 16:34:27,BTCUSDT,ask,59500,618.839
2024-08-28 16:34:29,BTCUSDT,ask,59500,618.94
2024-08-28 16:34:29,BTCUSDT,ask,59500,618.959
2024-08-28 16:34:30,BTCUSDT,ask,59500,618.951
2024-08-28 16:34:30,BTCUSDT,ask,59500,618.22
2024-08-28 16:34:34,BTCUSDT,ask,59500,618.245
2024-08-28 16:34:37,BTCUSDT,ask,59500,618.248
2024-08-28 16:34:40,BTCUSDT,ask,59500,618.298
2024-08-28 16:34:42,BTCUSDT,ask,59500,618.305
2024-08-28 16:34:50,BTCUSDT,ask,59500,617.038
2024-08-28 16:34:53,BTCUSDT,ask,59500,617.033
2024-08-28 16:34:55,BTCUSDT,ask,59500,616.648
2024-08-28 16:34:55,BTCUSDT,ask,59500,616.732
2024-08-28 16:35:03,BTCUSDT,ask,59500,616.732
2024-08-28 16:35:04,BTCUSDT,ask,59500,616.738
2024-08-28 16:35:06,BTCUSDT,ask,59500,616.801
2024-08-28 16:35:09,BTCUSDT,ask,59500,617.283
2024-08-28 16:35:10,BTCUSDT,ask,59500,616.782
2024-08-28 16:35:13,BTCUSDT,ask,59500,616.778
2024-08-28 16:35:14,BTCUSDT,ask,59500,616.759
2024-08-28 16:35:18,BTCUSDT,ask,59500,616.757
2024-08-28 16:35:18,BTCUSDT,ask,59500,616.767
2024-08-28 16:35:20,BTCUSDT,ask,59500,616.777
2024-08-28 16:35:20,BTCUSDT,ask,59500,616.809
2024-08-28 16:35:22,BTCUSDT,ask,59500,616.796
2024-08-28 16:35:23,BTCUSDT,ask,59500,616.794
2024-08-28 16:35:32,BTCUSDT,ask,59500,616.817
2024-08-28 16:35:34,BTCUSDT,ask,59500,617.002
2024-08-28 16:35:35,BTCUSDT,ask,59500,616.986
2024-08-28 16:35:43,BTCUSDT,ask,59500,617.986
2024-08-28 16:35:50,BTCUSDT,ask,59500,617.981
2024-08-28 16:35:51,BTCUSDT,ask,59500,617.138
2024-08-28 16:35:52,BTCUSDT,ask,59500,616.936
2024-08-28 16:35:58,BTCUSDT,ask,59500,616.988
2024-08-28 16:36:10,BTCUSDT,ask,59500,616.82
2024-08-28 16:36:17,BTCUSDT,ask,59500,616.748
2024-08-28 16:36:22,BTCUSDT,ask,59500,616.784
2024-08-28 16:36:24,BTCUSDT,ask,59500,616.786
2024-08-28 16:36:30,BTCUSDT,ask,59500,616.781
2024-08-28 16:36:31,BTCUSDT,bid,57500,576.181
2024-08-28 16:36:36,BTCUSDT,ask,59500,616.785
2024-08-28 16:36:48,BTCUSDT,ask,59500,616.813
2024-08-28 16:36:58,BTCUSDT,ask,59500,616.793
2024-08-28 16:36:58,BTCUSDT,ask,59500,616.795
2024-08-28 16:37:00,BTCUSDT,ask,59500,616.77
2024-08-28 16:37:03,BTCUSDT,ask,59500,616.762
2024-08-28 16:37:03,BTCUSDT,ask,59500,616.77
2024-08-28 16:37:03,BTCUSDT,ask,59500,616.76
2024-08-28 16:37:08,BTCUSDT,bid,57500,575.935
2024-08-28 16:37:13,BTCUSDT,ask,59500,616.708
2024-08-28 16:37:16,BTCUSDT,ask,59500,616.712
2024-08-28 16:37:18,BTCUSDT,ask,59500,616.704
2024-08-28 16:37:19,BTCUSDT,bid,57500,575.961
2024-08-28 16:37:26,BTCUSDT,ask,59500,616.72
2024-08-28 16:37:33,BTCUSDT,ask,59500,616.811
2024-08-28 16:37:36,BTCUSDT,ask,59500,616.853
2024-08-28 16:37:39,BTCUSDT,ask,59500,616.889
2024-08-28 16:37:43,BTCUSDT,ask,59500,616.857
2024-08-28 16:37:44,BTCUSDT,ask,59500,616.868
2024-08-28 16:37:55,BTCUSDT,ask,59500,616.778
2024-08-28 16:37:57,BTCUSDT,ask,59500,616.776
2024-08-28 16:38:00,BTCUSDT,ask,59500,616.866
2024-08-28 16:38:01,BTCUSDT,ask,59500,616.862
2024-08-28 16:38:01,BTCUSDT,ask,59500,616.87
2024-08-28 16:38:03,BTCUSDT,ask,59500,616.91
2024-08-28 16:38:04,BTCUSDT,ask,59500,616.944
2024-08-28 16:38:04,BTCUSDT,ask,59500,616.904
2024-08-28 16:38:16,BTCUSDT,ask,59500,616.906
2024-08-28 16:38:16,BTCUSDT,ask,59500,616.721
2024-08-28 16:38:17,BTCUSDT,ask,59500,616.691
2024-08-28 16:38:23,BTCUSDT,ask,59500,616.699
2024-08-28 16:38:23,BTCUSDT,ask,59500,616.841
2024-08-28 16:38:40,BTCUSDT,ask,59500,616.759
2024-08-28 16:38:42,BTCUSDT,ask,59500,616.766
2024-08-28 16:38:44,BTCUSDT,ask,59500,616.764
2024-08-28 16:38:47,BTCUSDT,ask,59500,616.647
2024-08-28 16:38:49,BTCUSDT,ask,59500,616.732
2024-08-28 16:38:49,BTCUSDT,ask,59500,616.817
2024-08-28 16:38:49,BTCUSDT,ask,59500,616.902
2024-08-28 16:38:49,BTCUSDT,ask,59500,617.072
2024-08-28 16:39:03,BTCUSDT,bid,57500,575.994
2024-08-28 16:39:07,BTCUSDT,ask,59500,617.064
2024-08-28 16:39:13,BTCUSDT,bid,57500,575.961
2024-08-28 16:39:16,BTCUSDT,ask,59500,617.163
2024-08-28 16:39:52,BTCUSDT,ask,59500,617.153
2024-08-28 16:39:53,BTCUSDT,ask,59500,616.756
2024-08-28 16:40:01,BTCUSDT,ask,59500,616.353
2024-08-28 16:40:05,BTCUSDT,ask,59500,616.251
2024-08-28 16:40:11,BTCUSDT,ask,59500,616.691
2024-08-28 16:40:11,BTCUSDT,ask,59500,616.701
2024-08-28 16:40:16,BTCUSDT,ask,59500,616.783
2024-08-28 16:40:19,BTCUSDT,ask,59500,615.264
2024-08-28 16:40:19,BTCUSDT,bid,57500,575.995
2024-08-28 16:40:24,BTCUSDT,ask,59500,615.267
2024-08-28 16:40:26,BTCUSDT,ask,59500,615.714
2024-08-28 16:40:26,BTCUSDT,ask,59500,615.734
2024-08-28 16:40:58,BTCUSDT,bid,57500,575.993
2024-08-28 16:41:28,BTCUSDT,bid,57500,576.082
2024-08-28 16:41:43,BTCUSDT,bid,57500,576.071
2024-08-28 16:42:12,BTCUSDT,bid,57500,576.105
2024-08-28 16:43:15,BTCUSDT,bid,57500,576.055
2024-08-28 16:44:21,BTCUSDT,bid,47300,804.616
2024-08-28 16:44:35,BTCUSDT,bid,57500,576.037
2024-08-28 16:45:08,BTCUSDT,bid,57500,576.089
2024-08-28 16:46:49,BTCUSDT,bid,57500,576.045
2024-08-28 16:47:16,BTCUSDT,bid,57500,575.968
2024-08-28 16:48:42,BTCUSDT,bid,57500,575.968
2024-08-28 16:48:42,BTCUSDT,bid,57500,575.97
2024-08-28 16:48:42,BTCUSDT,bid,57500,575.968
2024-08-28 16:48:42,BTCUSDT,bid,57500,575.968
2024-08-28 16:48:43,BTCUSDT,bid,57500,575.968
2024-08-28 16:48:43,BTCUSDT,bid,57500,575.968
2024-08-28 16:49:21,BTCUSDT,bid,57500,575.966
2024-08-28 16:50:20,BTCUSDT,bid,57500,575.956
2024-08-28 16:50:24,BTCUSDT,bid,47000,877.897
2024-08-28 16:50:24,BTCUSDT,bid,57500,575.939
2024-08-28 16:50:38,BTCUSDT,bid,57500,575.935
2024-08-28 16:50:52,BTCUSDT,bid,57500,575.844
2024-08-28 16:50:59,BTCUSDT,bid,57500,575.842
2024-08-28 16:51:18,BTCUSDT,bid,57500,575.455
2024-08-28 16:51:35,BTCUSDT,bid,57500,575.371
2024-08-28 16:51:50,BTCUSDT,bid,57500,575.353
2024-08-28 16:52:18,BTCUSDT,bid,57500,575.333
2024-08-28 16:53:30,BTCUSDT,bid,57500,575.345
2024-08-28 16:54:01,BTCUSDT,bid,57500,575.29
2024-08-28 16:56:06,BTCUSDT,bid,57500,575.278
2024-08-28 16:57:00,BTCUSDT,bid,57500,575.27
2024-08-28 16:57:01,BTCUSDT,bid,57500,575.258
2024-08-28 16:57:02,BTCUSDT,bid,57500,575.23
2024-08-28 16:57:02,BTCUSDT,bid,57500,575.234
2024-08-28 16:57:25,BTCUSDT,bid,57500,575.232
2024-08-28 16:57:29,BTCUSDT,bid,57500,575.152
2024-08-28 16:57:38,BTCUSDT,bid,57500,575.148
2024-08-28 16:57:50,BTCUSDT,bid,57500,575.144
2024-08-28 16:58:02,BTCUSDT,bid,57500,575.132
2024-08-28 16:58:19,BTCUSDT,bid,57500,575.134
2024-08-28 16:58:26,BTCUSDT,bid,57500,575.138
2024-08-28 16:58:36,BTCUSDT,bid,57500,574.977
2024-08-28 16:59:28,BTCUSDT,bid,57500,574.975
2024-08-28 16:59:49,BTCUSDT,bid,57500,574.923
2024-08-28 17:00:07,BTCUSDT,bid,57500,574.921
2024-08-28 17:00:15,BTCUSDT,bid,57500,574.918
2024-08-28 17:00:17,BTCUSDT,bid,47000,877.884
2024-08-28 17:00:41,BTCUSDT,bid,57500,575.497
2024-08-28 17:00:48,BTCUSDT,bid,57500,575.445
2024-08-28 17:00:56,BTCUSDT,bid,57500,575.442
2024-08-28 17:01:41,BTCUSDT,bid,57500,575.379
2024-08-28 17:01:54,BTCUSDT,bid,47000,877.889
2024-08-28 17:01:54,BTCUSDT,bid,57500,575.372
2024-08-28 17:02:42,BTCUSDT,bid,57500,575.355
2024-08-28 17:02:49,BTCUSDT,bid,57500,575.369
2024-08-28 17:03:00,BTCUSDT,bid,57500,575.283
2024-08-28 17:03:03,BTCUSDT,bid,57500,574.9
2024-08-28 17:03:21,BTCUSDT,bid,57500,574.91
2024-08-28 17:03:26,BTCUSDT,bid,47000,877.884
2024-08-28 17:03:44,BTCUSDT,bid,57500,574.907
2024-08-28 17:03:57,BTCUSDT,bid,57500,574.607
2024-08-28 17:04:15,BTCUSDT,bid,57500,574.599
2024-08-28 17:04:19,BTCUSDT,bid,57500,574.602
2024-08-28 17:04:31,BTCUSDT,bid,57500,574.607
2024-08-28 17:04:38,BTCUSDT,bid,57500,574.61
2024-08-28 17:04:48,BTCUSDT,bid,57500,574.437
2024-08-28 17:05:00,BTCUSDT,bid,57500,574.435
2024-08-28 17:05:29,BTCUSDT,bid,57500,574.427
2024-08-28 17:05:33,BTCUSDT,bid,57500,574.425
2024-08-28 17:05:59,BTCUSDT,bid,57500,573.878
2024-08-28 17:06:05,BTCUSDT,bid,57500,573.876
2024-08-28 17:06:46,BTCUSDT,bid,57500,573.749
2024-08-28 17:07:47,BTCUSDT,bid,57500,573.755
2024-08-28 17:07:53,BTCUSDT,bid,57500,573.762
2024-08-28 17:08:05,BTCUSDT,bid,57500,573.737
2024-08-28 17:08:38,BTCUSDT,bid,57500,573.741
2024-08-28 17:08:43,BTCUSDT,bid,57500,573.744
2024-08-28 17:08:44,BTCUSDT,bid,57500,573.739
2024-08-28 17:08:48,BTCUSDT,bid,57500,573.742
2024-08-28 17:09:25,BTCUSDT,bid,57500,573.163
2024-08-28 17:09:58,BTCUSDT,bid,57500,573.155
2024-08-28 17:10:04,BTCUSDT,bid,57500,573.069
2024-08-28 17:10:06,BTCUSDT,bid,57500,573.067
2024-08-28 17:11:31,BTCUSDT,bid,47000,877.812
2024-08-28 17:11:48,BTCUSDT,bid,57500,573.06
2024-08-28 17:11:49,BTCUSDT,bid,57500,573.055
2024-08-28 17:12:08,BTCUSDT,bid,57500,573.03
2024-08-28 17:12:26,BTCUSDT,bid,57500,573.034
2024-08-28 17:13:18,BTCUSDT,bid,47000,877.674
2024-08-28 17:14:06,BTCUSDT,bid,57500,573.048
2024-08-28 17:14:26,BTCUSDT,bid,57500,573.045
2024-08-28 17:16:26,BTCUSDT,bid,57500,573.021
2024-08-28 17:16:36,BTCUSDT,bid,57500,573.019
2024-08-28 17:16:56,BTCUSDT,bid,57500,572.936
2024-08-28 17:18:03,BTCUSDT,bid,57500,572.94
2024-08-28 17:19:04,BTCUSDT,bid,57500,572.943
2024-08-28 17:19:25,BTCUSDT,bid,57500,572.941
2024-08-28 17:20:55,BTCUSDT,bid,57500,572.945
2024-08-28 17:24:36,BTCUSDT,bid,57500,572.962
2024-08-28 17:25:43,BTCUSDT,bid,57500,572.945
2024-08-28 17:26:52,BTCUSDT,bid,57500,573.005
2024-08-28 17:27:37,BTCUSDT,bid,57500,573.065
2024-08-28 17:28:25,BTCUSDT,bid,57500,573.082
2024-08-28 17:28:47,BTCUSDT,bid,57500,573.056
2024-08-28 17:29:19,BTCUSDT,bid,57500,573.039
2024-08-28 17:31:41,BTCUSDT,bid,57500,573.037
2024-08-28 17:32:50,BTCUSDT,bid,47000,879.835
2024-08-28 17:33:13,BTCUSDT,bid,57500,573.013
2024-08-28 17:33:42,BTCUSDT,bid,57500,573.007
2024-08-28 17:35:45,BTCUSDT,bid,57500,573.038
2024-08-28 17:36:33,BTCUSDT,bid,47000,877.674
2024-08-28 17:37:27,BTCUSDT,bid,57500,573.083
2024-08-28 17:38:15,BTCUSDT,bid,57500,573.085
2024-08-28 17:38:20,BTCUSDT,bid,57500,573.068
2024-08-28 17:39:33,BTCUSDT,bid,57500,573.282
2024-08-28 17:39:44,BTCUSDT,bid,57500,573.261
2024-08-28 17:40:10,BTCUSDT,bid,57500,573.263
2024-08-28 17:40:46,BTCUSDT,bid,57500,573.343
2024-08-28 17:40:49,BTCUSDT,bid,57500,573.087
2024-08-28 17:41:39,BTCUSDT,bid,57500,573.154
2024-08-28 17:42:00,BTCUSDT,bid,57500,573.482
2024-08-28 17:42:01,BTCUSDT,bid,57500,573.48
2024-08-28 17:42:37,BTCUSDT,bid,57500,573.375
2024-08-28 17:42:37,BTCUSDT,bid,57500,573.383
2024-08-28 17:43:53,BTCUSDT,bid,57500,573.735
2024-08-28 17:43:54,BTCUSDT,bid,57500,573.698
2024-08-28 17:44:53,BTCUSDT,bid,57500,573.706
2024-08-28 17:46:54,BTCUSDT,bid,57500,573.737
2024-08-28 17:47:00,BTCUSDT,bid,57500,573.893
2024-08-28 17:47:17,BTCUSDT,bid,57500,573.833
2024-08-28 17:48:24,BTCUSDT,bid,57500,573.807
2024-08-28 17:48:40,BTCUSDT,bid,57500,573.81
2024-08-28 17:48:44,BTCUSDT,bid,57500,573.808
2024-08-28 17:48:58,BTCUSDT,bid,47000,877.774
2024-08-28 17:49:11,BTCUSDT,bid,57500,573.908
2024-08-28 17:49:15,BTCUSDT,bid,47300,804.716
2024-08-28 17:49:37,BTCUSDT,bid,57500,573.91
2024-08-28 17:49:48,BTCUSDT,bid,47000,877.574
2024-08-28 17:50:39,BTCUSDT,bid,57500,573.89
2024-08-28 17:51:59,BTCUSDT,bid,47300,804.706
2024-08-28 17:53:56,BTCUSDT,bid,57500,573.886
2024-08-28 17:54:00,BTCUSDT,bid,57500,573.881
2024-08-28 17:54:47,BTCUSDT,bid,57500,574.212
2024-08-28 17:54:48,BTCUSDT,bid,47000,877.576
2024-08-28 17:54:55,BTCUSDT,bid,57500,574.557
2024-08-28 17:55:05,BTCUSDT,bid,57500,574.564
2024-08-28 17:55:08,BTCUSDT,bid,57500,574.512
2024-08-28 17:58:53,BTCUSDT,bid,57500,574.184
2024-08-28 18:01:35,BTCUSDT,bid,57500,575.584
2024-08-28 18:01:46,BTCUSDT,bid,57500,575.063
2024-08-28 18:01:54,BTCUSDT,bid,47000,873.013
2024-08-28 18:02:03,BTCUSDT,bid,57500,575.068
2024-08-28 18:02:31,BTCUSDT,bid,57500,575.071
2024-08-28 18:02:52,BTCUSDT,bid,57500,575.069
2024-08-28 18:02:55,BTCUSDT,bid,57500,575.05
2024-08-28 18:03:32,BTCUSDT,bid,47000,877.576
2024-08-28 18:03:51,BTCUSDT,bid,57500,575.119
2024-08-28 18:03:56,BTCUSDT,bid,57500,575.37
2024-08-28 18:04:50,BTCUSDT,bid,57500,575.119
2024-08-28 18:05:46,BTCUSDT,bid,57500,575.16
2024-08-28 18:07:10,BTCUSDT,bid,57500,575.199
2024-08-28 18:08:10,BTCUSDT,bid,57500,575.16
2024-08-28 18:08:54,BTCUSDT,bid,57500,575.165
2024-08-28 18:09:41,BTCUSDT,bid,57500,575.162
2024-08-28 18:10:52,BTCUSDT,bid,57500,575.169
2024-08-28 18:11:17,BTCUSDT,bid,57500,575.174
2024-08-28 18:13:26,BTCUSDT,bid,57500,575.094
2024-08-28 18:13:53,BTCUSDT,bid,57500,575.097
2024-08-28 18:15:32,BTCUSDT,bid,57500,575.113
2024-08-28 18:16:42,BTCUSDT,bid,57500,575.102
2024-08-28 18:16:47,BTCUSDT,bid,57500,575.1
2024-08-28 18:16:53,BTCUSDT,bid,57500,575.083
2024-08-28 18:17:25,BTCUSDT,bid,57500,575.416
2024-08-28 18:17:53,BTCUSDT,bid,57500,575.918
2024-08-28 18:19:49,BTCUSDT,bid,57500,575.585
2024-08-28 18:24:31,BTCUSDT,bid,57500,575.485
2024-08-28 18:25:12,BTCUSDT,bid,57500,570.485
2024-08-28 18:26:12,BTCUSDT,bid,57500,570.396
2024-08-28 18:27:19,BTCUSDT,bid,57500,570.403
2024-08-28 18:27:28,BTCUSDT,bid,57500,570.4
2024-08-28 18:27:34,BTCUSDT,bid,57500,570.409
2024-08-28 18:27:44,BTCUSDT,bid,57500,570.382
2024-08-28 18:27:53,BTCUSDT,bid,57500,570.037
2024-08-28 18:30:26,BTCUSDT,bid,57500,570.034
2024-08-28 18:31:17,BTCUSDT,bid,57500,570.03
2024-08-28 18:32:43,BTCUSDT,bid,57500,570.035
2024-08-28 18:32:46,BTCUSDT,bid,47000,877.566
2024-08-28 18:34:52,BTCUSDT,bid,57500,570.024
2024-08-28 18:36:38,BTCUSDT,bid,57500,570.022
2024-08-28 18:36:41,BTCUSDT,bid,57500,570.024
2024-08-28 18:39:54,BTCUSDT,bid,57500,570.027
2024-08-28 18:40:09,BTCUSDT,bid,47000,877.501
2024-08-28 18:40:49,BTCUSDT,bid,57500,570.019
2024-08-28 18:41:09,BTCUSDT,bid,57500,570.028
2024-08-28 18:42:14,BTCUSDT,bid,47000,877.489
2024-08-28 18:43:01,BTCUSDT,bid,47000,877.549
2024-08-28 18:45:47,BTCUSDT,bid,57500,570.036
2024-08-28 18:46:00,BTCUSDT,bid,57500,570.02
2024-08-28 18:46:00,BTCUSDT,bid,57500,570.923
2024-08-28 18:46:25,BTCUSDT,bid,57500,570.407
2024-08-28 18:46:30,BTCUSDT,bid,57500,570.418
2024-08-28 18:47:08,BTCUSDT,bid,57500,570.401
2024-08-28 18:48:15,BTCUSDT,bid,57500,570.412
2024-08-28 18:48:16,BTCUSDT,bid,57500,570.412
2024-08-28 18:48:20,BTCUSDT,bid,57500,570.404
2024-08-28 18:48:25,BTCUSDT,bid,57500,570.412
2024-08-28 18:50:24,BTCUSDT,bid,57500,570.401
2024-08-28 18:50:28,BTCUSDT,bid,57500,569.498
2024-08-28 18:50:34,BTCUSDT,bid,57500,569.501
2024-08-28 18:54:45,BTCUSDT,bid,57500,569.492
2024-08-28 18:55:38,BTCUSDT,bid,57500,569.487
2024-08-28 18:56:02,BTCUSDT,bid,57500,569.428
2024-08-28 18:57:28,BTCUSDT,bid,57500,569.416
2024-08-28 18:58:16,BTCUSDT,bid,57500,569.347
2024-08-28 18:59:31,BTCUSDT,bid,57500,569.433
2024-08-28 19:00:17,BTCUSDT,bid,47000,877.537
2024-08-28 19:02:30,BTCUSDT,bid,57500,569.78
2024-08-28 19:03:16,BTCUSDT,bid,57500,569.78
2024-08-28 19:04:32,BTCUSDT,bid,57500,569.782
2024-08-28 19:05:21,BTCUSDT,bid,57500,569.761
2024-08-28 19:05:44,BTCUSDT,bid,57500,569.798
2024-08-28 19:23:57,BTCUSDT,bid,47000,877.534
2024-08-28 19:27:57,BTCUSDT,bid,47000,877.557
2024-08-28 19:31:15,BTCUSDT,bid,47000,876.509
2024-08-28 19:33:45,BTCUSDT,bid,60000,1000.714
2024-08-28 19:33:46,BTCUSDT,bid,60000,1000.623
2024-08-28 19:33:48,BTCUSDT,bid,60000,1000.623
2024-08-28 19:33:48,BTCUSDT,bid,60000,1001.247
2024-08-28 19:33:56,BTCUSDT,bid,60000,1000.64
2024-08-28 19:33:57,BTCUSDT,bid,60000,1000.557
2024-08-28 19:34:00,BTCUSDT,bid,60000,1000.54
2024-08-28 19:34:04,BTCUSDT,bid,60000,1000.551
2024-08-28 19:34:06,BTCUSDT,bid,60000,1000.554
2024-08-28 19:34:06,BTCUSDT,bid,60000,1000.554
2024-08-28 19:34:06,BTCUSDT,bid,60000,1000.562
2024-08-28 19:34:07,BTCUSDT,bid,60000,1000.555
2024-08-28 19:34:07,BTCUSDT,bid,60000,1000.547
2024-08-28 19:34:07,BTCUSDT,bid,60000,1000.544
2024-08-28 19:51:35,BTCUSDT,bid,47000,876.514
2024-08-28 20:12:28,BTCUSDT,bid,47000,877.152
2024-08-28 20:13:52,BTCUSDT,bid,47000,876.514
2024-08-28 20:24:47,BTCUSDT,bid,47000,877.577
2024-08-28 20:25:42,BTCUSDT,bid,47000,877.598
2024-08-28 20:42:35,BTCUSDT,bid,47000,877.607
2024-08-28 20:59:28,BTCUSDT,bid,47000,877.71
2024-08-28 21:01:19,BTCUSDT,bid,47000,877.714
2024-08-28 21:04:27,BTCUSDT,bid,47300,804.674
2024-08-28 21:39:14,BTCUSDT,bid,47000,877.794
2024-08-28 21:48:14,BTCUSDT,bid,47000,877.606
2024-08-28 21:51:24,BTCUSDT,bid,47000,878.74
2024-08-28 22:04:46,BTCUSDT,bid,47000,886.885
2024-08-28 22:05:25,BTCUSDT,bid,47000,886.91
2024-08-28 22:18:57,BTCUSDT,bid,47000,887.41
2024-08-28 22:19:36,BTCUSDT,bid,47000,887.21
2024-08-28 22:19:59,BTCUSDT,bid,47000,886.91
2024-08-28 22:23:36,BTCUSDT,bid,47000,886.931
2024-08-28 22:42:44,BTCUSDT,bid,47000,878.786
2024-08-28 22:51:07,BTCUSDT,bid,47300,804.411
2024-08-28 22:52:24,BTCUSDT,bid,47000,878.683
2024-08-28 23:09:37,BTCUSDT,bid,47000,878.693
2024-08-28 23:12:02,BTCUSDT,bid,47300,804.495
2024-08-28 23:13:44,BTCUSDT,bid,47000,878.696
2024-08-28 23:20:55,BTCUSDT,bid,47000,878.687
2024-08-28 23:22:16,BTCUSDT,bid,47000,878.691
2024-08-28 23:24:58,BTCUSDT,bid,47000,878.791
2024-08-28 23:26:07,BTCUSDT,bid,47000,879.004
2024-08-28 23:28:19,BTCUSDT,bid,47000,997.066
2024-08-28 23:28:44,BTCUSDT,bid,47000,997.063
2024-08-28 23:29:43,BTCUSDT,ask,60000,561.919
2024-08-28 23:29:46,BTCUSDT,ask,60000,561.926
2024-08-28 23:29:49,BTCUSDT,ask,60000,561.954
2024-08-28 23:30:10,BTCUSDT,ask,60000,561.917
2024-08-28 23:30:12,BTCUSDT,ask,60000,563.917
2024-08-28 23:30:17,BTCUSDT,ask,60000,563.909
2024-08-28 23:30:20,BTCUSDT,bid,47000,997.146
2024-08-28 23:30:22,BTCUSDT,ask,60000,563.924
2024-08-28 23:30:24,BTCUSDT,ask,60000,563.98
2024-08-28 23:30:25,BTCUSDT,ask,60000,567.313
2024-08-28 23:30:39,BTCUSDT,ask,60000,567.423
2024-08-28 23:30:48,BTCUSDT,bid,47000,997.182
2024-08-28 23:31:10,BTCUSDT,ask,60000,567.842
2024-08-28 23:31:57,BTCUSDT,ask,60000,567.852
2024-08-28 23:31:58,BTCUSDT,ask,60000,567.854
2024-08-28 23:32:25,BTCUSDT,ask,60000,568.12
2024-08-28 23:32:26,BTCUSDT,ask,60000,568.124
2024-08-28 23:32:36,BTCUSDT,ask,60000,568.309
