2024-08-23 12:30:33,BTCUSDT,bid,47000,887.286
2024-08-23 13:12:23,BTCUSDT,bid,47000,886.686
2024-08-23 13:23:07,BTCUSDT,bid,47000,886.68
2024-08-23 13:26:08,BTCUSDT,bid,47000,887.539
2024-08-23 13:26:14,BTCUSDT,bid,47000,887.543
2024-08-23 13:56:51,BTCUSDT,bid,47000,886.916
2024-08-23 14:24:11,BTCUSDT,bid,47000,885.928
2024-08-23 14:26:12,BTCUSDT,bid,47000,886.449
2024-08-23 14:40:58,BTCUSDT,bid,47000,886.452
2024-08-23 14:48:29,BTCUSDT,bid,47300,803.801
2024-08-23 15:55:19,BTCUSDT,bid,47000,886.664
2024-08-23 16:22:22,BTCUSDT,bid,47000,886.684
2024-08-23 16:22:28,BTCUSDT,bid,47000,886.664
2024-08-23 16:27:49,BTCUSDT,bid,47000,886.661
2024-08-23 17:04:16,BTCUSDT,bid,47000,886.658
2024-08-23 17:06:54,BTCUSDT,bid,47000,886.661
2024-08-23 07:01:52,BTCUSD_PERP,bid,59800,650.39
2024-08-23 07:01:52,BTCUSD_PERP,bid,59800,709.64
2024-08-23 07:02:00,BTCUSD_PERP,bid,59800,650.39
2024-08-23 07:02:01,BTCUSD_PERP,bid,59800,591.26
2024-08-23 07:02:01,BTCUSD_PERP,bid,59800,532.01
2024-08-23 07:02:02,BTCUSD_PERP,bid,59800,532.19
2024-08-23 07:02:02,BTCUSD_PERP,bid,59800,650.75
2024-08-23 07:02:02,BTCUSD_PERP,bid,59800,517.69
2024-08-23 07:02:02,BTCUSD_PERP,bid,59800,576.32
2024-08-23 07:02:02,BTCUSD_PERP,bid,59800,710.03
2024-08-23 07:02:02,BTCUSD_PERP,bid,59800,769.31
2024-08-23 07:06:07,BTCUSD_PERP,bid,59800,651.36
2024-08-23 07:06:08,BTCUSD_PERP,bid,59800,517.14
2024-08-23 07:06:08,BTCUSD_PERP,bid,59800,532.8
2024-08-23 07:08:21,BTCUSD_PERP,bid,59900,531.98
2024-08-23 07:08:21,BTCUSD_PERP,bid,59900,591.36
2024-08-23 07:08:21,BTCUSD_PERP,bid,59900,650.13
2024-08-23 07:09:06,BTCUSD_PERP,bid,60000,532.32
2024-08-23 07:09:07,BTCUSD_PERP,bid,60000,591.75
2024-08-23 07:09:07,BTCUSD_PERP,bid,60000,593.9
2024-08-23 07:09:13,BTCUSD_PERP,bid,60000,595.15
2024-08-23 07:09:17,BTCUSD_PERP,bid,60000,595.19
2024-08-23 12:02:35,BTCUSD_PERP,bid,60300,714.37
2024-08-23 12:02:35,BTCUSD_PERP,bid,60300,595.49
2024-08-23 12:02:36,BTCUSD_PERP,bid,60300,536.35
2024-08-23 12:02:46,BTCUSD_PERP,bid,60400,596.25
2024-08-23 12:02:46,BTCUSD_PERP,bid,60400,598.4
2024-08-23 12:02:46,BTCUSD_PERP,bid,60400,658.22
2024-08-23 12:03:02,BTCUSD_PERP,bid,60400,599.01
2024-08-23 12:03:02,BTCUSD_PERP,bid,60400,539.19
2024-08-23 12:03:03,BTCUSD_PERP,bid,60400,546.79
2024-08-23 12:03:03,BTCUSD_PERP,bid,60400,606.64
2024-08-23 12:03:03,BTCUSD_PERP,bid,60400,666.49
2024-08-23 12:03:08,BTCUSD_PERP,bid,60400,715.91
2024-08-23 12:03:17,BTCUSD_PERP,bid,60300,546.33
2024-08-23 12:03:31,BTCUSD_PERP,bid,60300,893.23
2024-08-23 12:03:31,BTCUSD_PERP,bid,60300,952.99
2024-08-23 12:05:47,BTCUSD_PERP,bid,60300,893.23
2024-08-23 12:05:47,BTCUSD_PERP,bid,60300,774.32
2024-08-23 12:05:47,BTCUSD_PERP,bid,60300,715.17
2024-08-23 12:05:47,BTCUSD_PERP,bid,60300,594.89
2024-08-23 12:05:47,BTCUSD_PERP,bid,60300,714.36
2024-08-23 12:05:47,BTCUSD_PERP,bid,60300,773.54
2024-08-23 12:05:48,BTCUSD_PERP,bid,60300,833.33
2024-08-23 12:05:48,BTCUSD_PERP,bid,60300,893.12
2024-08-23 12:05:48,BTCUSD_PERP,bid,60300,1012.7
2024-08-23 12:06:27,BTCUSD_PERP,bid,60300,953.52
2024-08-23 12:06:28,BTCUSD_PERP,bid,60300,894.35
2024-08-23 12:06:28,BTCUSD_PERP,bid,60300,774.77
2024-08-23 12:06:28,BTCUSD_PERP,bid,60300,714.98
2024-08-23 12:06:28,BTCUSD_PERP,bid,60300,655.19
2024-08-23 12:06:28,BTCUSD_PERP,bid,60300,594.43
2024-08-23 12:06:28,BTCUSD_PERP,bid,60300,654.19
2024-08-23 12:06:29,BTCUSD_PERP,bid,60300,952.38
2024-08-23 12:06:29,BTCUSD_PERP,bid,60300,1012.14
2024-08-23 12:06:34,BTCUSD_PERP,bid,60300,952.38
2024-08-23 12:06:34,BTCUSD_PERP,bid,60300,833.48
2024-08-23 12:06:34,BTCUSD_PERP,bid,60300,774.33
2024-08-23 12:06:35,BTCUSD_PERP,bid,60300,595.66
2024-08-23 12:06:35,BTCUSD_PERP,bid,60300,536.01
2024-08-23 12:06:35,BTCUSD_PERP,bid,60400,535.57
2024-08-23 12:06:35,BTCUSD_PERP,bid,60400,595.36
2024-08-23 12:06:35,BTCUSD_PERP,bid,60400,774.12
2024-08-23 12:06:35,BTCUSD_PERP,bid,60400,833.91
2024-08-23 12:06:35,BTCUSD_PERP,bid,60400,893.7
2024-08-23 12:06:36,BTCUSD_PERP,bid,60400,953.49
2024-08-23 12:06:36,BTCUSD_PERP,bid,60400,1013.28
2024-08-23 12:06:36,BTCUSD_PERP,bid,60400,1072.46
2024-08-23 12:07:16,BTCUSD_PERP,bid,60400,952.88
2024-08-23 12:07:16,BTCUSD_PERP,bid,60300,953.01
2024-08-23 12:07:16,BTCUSD_PERP,bid,60300,1012.77
2024-08-23 12:07:17,BTCUSD_PERP,bid,60300,1071.92
2024-08-23 12:08:26,BTCUSD_PERP,bid,60300,953.01
2024-08-23 12:08:26,BTCUSD_PERP,bid,60300,893.86
2024-08-23 12:08:26,BTCUSD_PERP,bid,60300,834.1
2024-08-23 12:08:26,BTCUSD_PERP,bid,60300,595.77
2024-08-23 12:08:26,BTCUSD_PERP,bid,60300,535.64
2024-08-23 12:08:26,BTCUSD_PERP,bid,60300,595.37
2024-08-23 12:08:27,BTCUSD_PERP,bid,60300,655.1
2024-08-23 12:08:27,BTCUSD_PERP,bid,60300,773.95
2024-08-23 12:08:28,BTCUSD_PERP,bid,60300,714.83
2024-08-23 12:08:28,BTCUSD_PERP,bid,60300,595.47
2024-08-23 12:08:29,BTCUSD_PERP,bid,60300,537.21
2024-08-23 12:08:29,BTCUSD_PERP,bid,60300,596.37
2024-08-23 12:08:30,BTCUSD_PERP,bid,60300,655.53
2024-08-23 12:08:30,BTCUSD_PERP,bid,60300,714.69
2024-08-23 12:08:30,BTCUSD_PERP,bid,60300,774.46
2024-08-23 12:09:41,BTCUSD_PERP,bid,60300,595.46
2024-08-23 12:09:41,BTCUSD_PERP,bid,60300,655.2
2024-08-23 12:11:08,BTCUSD_PERP,bid,60300,595.57
2024-08-23 12:11:08,BTCUSD_PERP,bid,60300,535.83
2024-08-23 12:11:09,BTCUSD_PERP,bid,60300,534.93
2024-08-23 12:11:09,BTCUSD_PERP,bid,60300,594.7
2024-08-23 12:11:09,BTCUSD_PERP,bid,60300,654.47
2024-08-23 12:11:09,BTCUSD_PERP,bid,60300,773.41
2024-08-23 12:11:25,BTCUSD_PERP,bid,60300,714.24
2024-08-23 12:11:25,BTCUSD_PERP,bid,60300,654.47
2024-08-23 12:11:26,BTCUSD_PERP,bid,60300,536.13
2024-08-23 12:11:27,BTCUSD_PERP,bid,60400,535.94
2024-08-23 12:12:21,BTCUSD_PERP,bid,60300,535.72
2024-08-23 12:12:21,BTCUSD_PERP,bid,60300,595.51
2024-08-23 12:13:37,BTCUSD_PERP,bid,60300,535.72
2024-08-23 12:13:37,BTCUSD_PERP,bid,60300,535.4
2024-08-23 12:13:37,BTCUSD_PERP,bid,60300,595.16
2024-08-23 12:13:44,BTCUSD_PERP,bid,60300,595.2
2024-08-23 12:15:42,BTCUSD_PERP,bid,60300,536.05
2024-08-23 12:15:43,BTCUSD_PERP,bid,60400,535.42
2024-08-23 12:15:44,BTCUSD_PERP,bid,60400,594.64
2024-08-23 12:15:44,BTCUSD_PERP,bid,60400,774.03
2024-08-23 12:16:19,BTCUSD_PERP,bid,60400,654.37
2024-08-23 12:16:19,BTCUSD_PERP,bid,60400,535.04
2024-08-23 12:16:19,BTCUSD_PERP,bid,60400,654.03
2024-08-23 12:17:29,BTCUSD_PERP,bid,60400,594.84
2024-08-23 12:17:32,BTCUSD_PERP,bid,60400,537.34
2024-08-23 12:19:44,BTCUSD_PERP,bid,60400,537.46
2024-08-23 12:19:44,BTCUSD_PERP,bid,60400,597.31
2024-08-23 12:19:48,BTCUSD_PERP,bid,60400,611.79
2024-08-23 12:19:49,BTCUSD_PERP,bid,60400,613.96
2024-08-23 12:20:32,BTCUSD_PERP,bid,60400,611.79
2024-08-23 12:20:32,BTCUSD_PERP,bid,60400,597.31
2024-08-23 12:20:40,BTCUSD_PERP,bid,60400,537.46
2024-08-23 12:20:42,BTCUSD_PERP,bid,60500,538.03
2024-08-23 12:20:56,BTCUSD_PERP,bid,60400,596.45
2024-08-23 12:20:56,BTCUSD_PERP,bid,60400,656.33
2024-08-23 12:25:25,BTCUSD_PERP,bid,60400,597.06
2024-08-23 12:25:25,BTCUSD_PERP,bid,60400,537.18
2024-08-23 12:25:26,BTCUSD_PERP,bid,60500,537.87
2024-08-23 12:25:27,BTCUSD_PERP,bid,60500,657.08
2024-08-23 12:26:03,BTCUSD_PERP,bid,60500,597.17
2024-08-23 12:26:03,BTCUSD_PERP,bid,60500,537.87
2024-08-23 12:31:39,BTCUSD_PERP,bid,60500,536.66
2024-08-23 12:32:05,BTCUSD_PERP,bid,60400,596.15
2024-08-23 12:32:49,BTCUSD_PERP,bid,60400,536.64
2024-08-23 12:32:49,BTCUSD_PERP,bid,60400,714.81
2024-08-23 12:35:33,BTCUSD_PERP,bid,60300,521.62
2024-08-23 12:36:06,BTCUSD_PERP,bid,60300,783.86
2024-08-23 12:36:07,BTCUSD_PERP,bid,60300,843.58
2024-08-23 12:38:29,BTCUSD_PERP,bid,60300,783.86
2024-08-23 12:38:29,BTCUSD_PERP,bid,60300,724.14
2024-08-23 12:38:30,BTCUSD_PERP,bid,60300,664.42
2024-08-23 12:38:30,BTCUSD_PERP,bid,60300,545.69
2024-08-23 12:38:31,BTCUSD_PERP,bid,60300,535.82
2024-08-23 12:38:31,BTCUSD_PERP,bid,60300,595.57
2024-08-23 12:40:21,BTCUSD_PERP,bid,60300,535.92
2024-08-23 12:40:22,BTCUSD_PERP,bid,60300,713.48
2024-08-23 12:40:22,BTCUSD_PERP,bid,60300,773.2
2024-08-23 12:40:22,BTCUSD_PERP,bid,60300,892.64
2024-08-23 12:40:22,BTCUSD_PERP,bid,60300,952.36
2024-08-23 12:40:23,BTCUSD_PERP,bid,60200,520.92
2024-08-23 12:45:37,BTCUSD_PERP,bid,60300,892.64
2024-08-23 12:45:37,BTCUSD_PERP,bid,60300,832.92
2024-08-23 12:45:37,BTCUSD_PERP,bid,60300,714.09
2024-08-23 12:45:37,BTCUSD_PERP,bid,60300,654.37
2024-08-23 12:45:38,BTCUSD_PERP,bid,60300,595.26
2024-08-23 12:45:38,BTCUSD_PERP,bid,60300,536.15
2024-08-23 12:45:38,BTCUSD_PERP,bid,60300,535.82
2024-08-23 12:45:38,BTCUSD_PERP,bid,60300,595.57
2024-08-23 12:45:38,BTCUSD_PERP,bid,60300,654.71
2024-08-23 12:45:39,BTCUSD_PERP,bid,60300,774.21
2024-08-23 12:45:39,BTCUSD_PERP,bid,60300,833.35
2024-08-23 12:45:39,BTCUSD_PERP,bid,60300,893.1
2024-08-23 12:45:42,BTCUSD_PERP,bid,60300,893.14
2024-08-23 12:49:05,BTCUSD_PERP,bid,60300,893.1
2024-08-23 12:50:51,BTCUSD_PERP,bid,60300,833.35
2024-08-23 12:50:51,BTCUSD_PERP,bid,60300,654.71
2024-08-23 12:50:51,BTCUSD_PERP,bid,60300,595.06
2024-08-23 12:50:52,BTCUSD_PERP,bid,60300,535.92
2024-08-23 13:00:18,BTCUSD_PERP,bid,60300,546.24
2024-08-23 13:03:50,BTCUSD_PERP,bid,60300,535.48
2024-08-23 13:03:50,BTCUSD_PERP,bid,60300,594.65
2024-08-23 13:03:50,BTCUSD_PERP,bid,60300,654.43
2024-08-23 13:03:50,BTCUSD_PERP,bid,60300,714.21
2024-08-23 13:04:41,BTCUSD_PERP,bid,60300,654.43
2024-08-23 13:04:41,BTCUSD_PERP,bid,60300,595.26
2024-08-23 13:04:41,BTCUSD_PERP,bid,60300,535.48
2024-08-23 13:08:01,BTCUSD_PERP,bid,60400,536.71
2024-08-23 13:08:01,BTCUSD_PERP,bid,60400,596.56
2024-08-23 13:09:15,BTCUSD_PERP,bid,60400,536.4
2024-08-23 13:16:10,BTCUSD_PERP,bid,60400,535.72
2024-08-23 13:20:18,BTCUSD_PERP,bid,60300,536.09
2024-08-23 13:20:18,BTCUSD_PERP,bid,60300,595.87
2024-08-23 13:20:47,BTCUSD_PERP,bid,60300,535.48
2024-08-23 13:21:31,BTCUSD_PERP,bid,60300,536.68
2024-08-23 13:22:37,BTCUSD_PERP,bid,60300,535.82
2024-08-23 13:22:37,BTCUSD_PERP,bid,60300,595.57
2024-08-23 13:23:14,BTCUSD_PERP,bid,60300,535.48
2024-08-23 13:25:59,BTCUSD_PERP,bid,60300,536.43
2024-08-23 13:39:19,BTCUSD_PERP,bid,60400,535.76
2024-08-23 13:39:19,BTCUSD_PERP,bid,60400,594.95
2024-08-23 13:45:31,BTCUSD_PERP,bid,60400,536.11
2024-08-23 13:45:57,BTCUSD_PERP,bid,60400,537.31
2024-08-23 13:47:29,BTCUSD_PERP,bid,60400,536.11
2024-08-23 13:47:52,BTCUSD_PERP,bid,60400,546.55
2024-08-23 13:47:52,BTCUSD_PERP,bid,60400,605.82
2024-08-23 13:47:52,BTCUSD_PERP,bid,60400,784.85
2024-08-23 13:47:59,BTCUSD_PERP,bid,60400,784.89
2024-08-23 13:48:00,BTCUSD_PERP,bid,60400,784.93
2024-08-23 13:48:40,BTCUSD_PERP,bid,60400,725.66
2024-08-23 13:48:41,BTCUSD_PERP,bid,60400,665.78
2024-08-23 13:48:41,BTCUSD_PERP,bid,60400,606.51
2024-08-23 13:48:41,BTCUSD_PERP,bid,60400,546.63
2024-08-23 13:49:05,BTCUSD_PERP,bid,60500,537.11
2024-08-23 13:49:05,BTCUSD_PERP,bid,60500,656.29
2024-08-23 13:49:05,BTCUSD_PERP,bid,60400,498.26
2024-08-23 13:49:05,BTCUSD_PERP,bid,60500,715.63
2024-08-23 13:49:05,BTCUSD_PERP,bid,60500,954.81
2024-08-23 13:49:05,BTCUSD_PERP,bid,60500,1014.76
2024-08-23 13:49:05,BTCUSD_PERP,bid,60500,1084.79
2024-08-23 13:49:05,BTCUSD_PERP,bid,60400,558.15
2024-08-23 13:49:06,BTCUSD_PERP,bid,60400,603.07
2024-08-23 13:49:10,BTCUSD_PERP,bid,60500,966.11
2024-08-23 13:49:11,BTCUSD_PERP,bid,60400,543.18
2024-08-23 13:49:11,BTCUSD_PERP,bid,60500,906.16
2024-08-23 13:49:11,BTCUSD_PERP,bid,60500,786.26
2024-08-23 13:49:11,BTCUSD_PERP,bid,60500,726.92
2024-08-23 13:49:11,BTCUSD_PERP,bid,60500,666.97
2024-08-23 13:49:11,BTCUSD_PERP,bid,60500,607.13
2024-08-23 13:49:11,BTCUSD_PERP,bid,60600,538.59
2024-08-23 13:49:12,BTCUSD_PERP,bid,60600,657.96
2024-08-23 13:49:12,BTCUSD_PERP,bid,60600,777.33
2024-08-23 13:49:12,BTCUSD_PERP,bid,60600,837.32
2024-08-23 13:49:12,BTCUSD_PERP,bid,60600,911.7
2024-08-23 13:49:12,BTCUSD_PERP,bid,60600,971.08
2024-08-23 13:49:12,BTCUSD_PERP,bid,60600,1031.07
2024-08-23 13:49:12,BTCUSD_PERP,bid,60600,1090.45
2024-08-23 13:49:12,BTCUSD_PERP,bid,60500,523.28
2024-08-23 13:49:12,BTCUSD_PERP,bid,60600,1092.6
2024-08-23 13:49:38,BTCUSD_PERP,bid,60600,1032.61
2024-08-23 13:49:38,BTCUSD_PERP,bid,60600,972.62
2024-08-23 13:49:38,BTCUSD_PERP,bid,60600,912.63
2024-08-23 13:49:38,BTCUSD_PERP,bid,60600,793.26
2024-08-23 13:49:38,BTCUSD_PERP,bid,60600,733.88
2024-08-23 13:49:39,BTCUSD_PERP,bid,60600,673.89
2024-08-23 13:49:39,BTCUSD_PERP,bid,60600,614.0
2024-08-23 13:49:39,BTCUSD_PERP,bid,60600,554.01
2024-08-23 13:49:40,BTCUSD_PERP,bid,60600,548.66
2024-08-23 13:49:40,BTCUSD_PERP,bid,60600,608.09
2024-08-23 13:49:49,BTCUSD_PERP,bid,60600,548.66
2024-08-23 13:49:49,BTCUSD_PERP,bid,60600,548.62
2024-08-23 13:49:50,BTCUSD_PERP,bid,60600,537.62
2024-08-23 13:50:06,BTCUSD_PERP,bid,60700,538.55
2024-08-23 13:50:06,BTCUSD_PERP,bid,60700,548.66
2024-08-23 13:50:06,BTCUSD_PERP,bid,60700,608.77
2024-08-23 13:50:21,BTCUSD_PERP,bid,60700,538.64
2024-08-23 13:50:35,BTCUSD_PERP,bid,60700,538.38
2024-08-23 13:50:35,BTCUSD_PERP,bid,60700,597.93
2024-08-23 13:50:36,BTCUSD_PERP,bid,60700,658.09
2024-08-23 13:50:37,BTCUSD_PERP,bid,60700,597.93
2024-08-23 13:50:37,BTCUSD_PERP,bid,60700,537.77
2024-08-23 13:50:38,BTCUSD_PERP,bid,60800,539.32
2024-08-23 13:50:38,BTCUSD_PERP,bid,60800,599.52
2024-08-23 13:50:38,BTCUSD_PERP,bid,60800,661.88
2024-08-23 13:50:38,BTCUSD_PERP,bid,60800,676.32
2024-08-23 13:50:50,BTCUSD_PERP,bid,60800,616.74
2024-08-23 13:50:51,BTCUSD_PERP,bid,60800,556.54
2024-08-23 13:50:54,BTCUSD_PERP,bid,60800,496.34
2024-08-23 13:51:06,BTCUSD_PERP,bid,60800,538.7
2024-08-23 13:51:19,BTCUSD_PERP,bid,60700,718.16
2024-08-23 13:51:19,BTCUSD_PERP,bid,60700,524.78
2024-08-23 13:52:34,BTCUSD_PERP,bid,60700,658.0
2024-08-23 13:52:34,BTCUSD_PERP,bid,60700,777.92
2024-08-23 13:52:34,BTCUSD_PERP,bid,60600,534.61
2024-08-23 13:52:39,BTCUSD_PERP,bid,60700,794.65
2024-08-23 13:53:33,BTCUSD_PERP,bid,60700,778.38
2024-08-23 13:53:33,BTCUSD_PERP,bid,60700,524.79
2024-08-23 13:54:23,BTCUSD_PERP,bid,60700,597.98
2024-08-23 14:02:07,BTCUSD_PERP,bid,60700,598.24
2024-08-23 14:02:07,BTCUSD_PERP,bid,60700,667.87
2024-08-23 14:02:07,BTCUSD_PERP,bid,60700,727.39
2024-08-23 14:02:07,BTCUSD_PERP,bid,60700,787.56
2024-08-23 14:02:10,BTCUSD_PERP,bid,60700,787.6
2024-08-23 14:02:15,BTCUSD_PERP,bid,60700,787.64
2024-08-23 14:03:14,BTCUSD_PERP,bid,60700,717.53
2024-08-23 14:04:00,BTCUSD_PERP,bid,60600,837.2
2024-08-23 14:05:02,BTCUSD_PERP,bid,60600,777.13
2024-08-23 14:05:02,BTCUSD_PERP,bid,60600,717.68
2024-08-23 14:05:02,BTCUSD_PERP,bid,60600,657.61
2024-08-23 14:05:03,BTCUSD_PERP,bid,60600,537.47
2024-08-23 14:07:55,BTCUSD_PERP,bid,60700,538.73
2024-08-23 14:08:58,BTCUSD_PERP,bid,60700,837.62
2024-08-23 14:08:59,BTCUSD_PERP,bid,60600,524.18
2024-08-23 14:09:08,BTCUSD_PERP,bid,60700,837.66
2024-08-23 14:09:13,BTCUSD_PERP,bid,60700,837.7
2024-08-23 14:09:21,BTCUSD_PERP,bid,60700,837.74
2024-08-23 14:09:22,BTCUSD_PERP,bid,60700,837.78
2024-08-23 14:10:14,BTCUSD_PERP,bid,60700,778.3
2024-08-23 14:10:14,BTCUSD_PERP,bid,60600,658.22
2024-08-23 14:10:14,BTCUSD_PERP,bid,60600,523.97
2024-08-23 14:10:23,BTCUSD_PERP,ask,62000,490.35
2024-08-23 14:10:23,BTCUSD_PERP,ask,62000,551.71
2024-08-23 14:10:23,BTCUSD_PERP,ask,62000,613.07
2024-08-23 14:10:29,BTCUSD_PERP,bid,60600,656.59
2024-08-23 14:12:17,BTCUSD_PERP,bid,60600,537.75
2024-08-23 14:12:17,BTCUSD_PERP,bid,60600,716.84
2024-08-23 14:12:18,BTCUSD_PERP,bid,60600,716.88
2024-08-23 14:15:16,BTCUSD_PERP,bid,60600,538.1
2024-08-23 14:15:17,BTCUSD_PERP,bid,60600,537.11
2024-08-23 14:18:49,BTCUSD_PERP,bid,60600,725.7
2024-08-23 14:20:33,BTCUSD_PERP,bid,60500,655.89
2024-08-23 14:20:33,BTCUSD_PERP,bid,60500,715.25
2024-08-23 14:26:07,BTCUSD_PERP,ask,61700,489.49
2024-08-23 14:26:52,BTCUSD_PERP,bid,60500,536.81
2024-08-23 14:28:30,BTCUSD_PERP,bid,60500,595.85
2024-08-23 14:28:30,BTCUSD_PERP,bid,60500,655.81
2024-08-23 14:29:16,BTCUSD_PERP,ask,61700,490.39
2024-08-23 14:30:34,BTCUSD_PERP,ask,61700,486.68
2024-08-23 14:30:37,BTCUSD_PERP,ask,61700,496.54
2024-08-23 14:30:37,BTCUSD_PERP,ask,61700,506.1
2024-08-23 14:30:38,BTCUSD_PERP,ask,61700,512.26
2024-08-23 14:30:39,BTCUSD_PERP,ask,61700,522.12
2024-08-23 14:30:43,BTCUSD_PERP,ask,61700,531.98
2024-08-23 14:30:47,BTCUSD_PERP,bid,60500,595.85
2024-08-23 14:30:47,BTCUSD_PERP,bid,60500,536.5
2024-08-23 14:30:49,BTCUSD_PERP,bid,60500,546.3
2024-08-23 14:30:49,BTCUSD_PERP,bid,60500,606.23
2024-08-23 14:30:49,BTCUSD_PERP,bid,60500,665.55
2024-08-23 14:31:34,BTCUSD_PERP,ask,61700,522.12
2024-08-23 14:31:34,BTCUSD_PERP,ask,61700,515.96
2024-08-23 14:31:36,BTCUSD_PERP,ask,61700,506.1
2024-08-23 14:31:37,BTCUSD_PERP,ask,61700,496.54
2024-08-23 14:31:38,BTCUSD_PERP,ask,61700,490.38
2024-08-23 14:32:51,BTCUSD_PERP,bid,60500,546.3
2024-08-23 14:32:52,BTCUSD_PERP,bid,60500,536.49
2024-08-23 14:34:32,BTCUSD_PERP,bid,60500,536.22
2024-08-23 14:37:52,BTCUSD_PERP,bid,60500,536.56
2024-08-23 14:39:44,BTCUSD_PERP,ask,61700,490.04
2024-08-23 14:39:44,BTCUSD_PERP,ask,61700,499.91
2024-08-23 14:39:48,BTCUSD_PERP,ask,61700,509.78
2024-08-23 14:39:54,BTCUSD_PERP,ask,61700,530.14
2024-08-23 14:39:58,BTCUSD_PERP,ask,61700,536.31
2024-08-23 14:40:40,BTCUSD_PERP,ask,61700,526.44
2024-08-23 14:40:41,BTCUSD_PERP,ask,61700,520.27
2024-08-23 14:40:42,BTCUSD_PERP,ask,61700,510.71
2024-08-23 14:40:43,BTCUSD_PERP,ask,61700,500.84
2024-08-23 14:40:44,BTCUSD_PERP,ask,61700,494.67
2024-08-23 14:53:31,BTCUSD_PERP,bid,60500,536.23
2024-08-23 14:54:07,BTCUSD_PERP,bid,60500,535.98
2024-08-23 14:54:07,BTCUSD_PERP,bid,60500,655.9
2024-08-23 14:54:07,BTCUSD_PERP,bid,60500,774.6
2024-08-23 14:54:11,BTCUSD_PERP,bid,60500,774.64
2024-08-23 14:55:36,BTCUSD_PERP,bid,60500,715.29
2024-08-23 14:55:36,BTCUSD_PERP,bid,60500,655.94
2024-08-23 14:55:36,BTCUSD_PERP,bid,60500,595.98
2024-08-23 14:55:38,BTCUSD_PERP,bid,60600,538.02
2024-08-23 14:55:38,BTCUSD_PERP,bid,60600,656.78
2024-08-23 14:55:38,BTCUSD_PERP,bid,60600,775.54
2024-08-23 14:57:32,BTCUSD_PERP,bid,60500,655.29
2024-08-23 14:57:51,BTCUSD_PERP,ask,61700,494.55
2024-08-23 14:57:51,BTCUSD_PERP,ask,61700,504.11
2024-08-23 14:57:53,BTCUSD_PERP,ask,61700,513.97
2024-08-23 14:57:54,BTCUSD_PERP,bid,60500,595.33
2024-08-23 14:57:54,BTCUSD_PERP,bid,60500,535.37
2024-08-23 14:57:55,BTCUSD_PERP,bid,60500,536.93
2024-08-23 14:57:59,BTCUSD_PERP,ask,61700,513.75
2024-08-23 14:58:10,BTCUSD_PERP,ask,61700,507.64
2024-08-23 14:58:29,BTCUSD_PERP,bid,60500,715.26
2024-08-23 14:58:29,BTCUSD_PERP,bid,60500,775.22
2024-08-23 14:58:40,BTCUSD_PERP,bid,60500,789.73
2024-08-23 14:58:41,BTCUSD_PERP,bid,60500,791.9
2024-08-23 14:58:51,BTCUSD_PERP,ask,61700,497.78
2024-08-23 14:58:51,BTCUSD_PERP,ask,61700,488.22
2024-08-23 14:58:51,BTCUSD_PERP,bid,60500,777.39
2024-08-23 14:58:52,BTCUSD_PERP,bid,60500,775.22
2024-08-23 15:00:45,BTCUSD_PERP,bid,60500,536.31
2024-08-23 15:00:45,BTCUSD_PERP,bid,60500,596.24
2024-08-23 15:01:55,BTCUSD_PERP,bid,60500,536.92
2024-08-23 15:02:31,BTCUSD_PERP,bid,60600,538.06
2024-08-23 15:02:31,BTCUSD_PERP,bid,60600,658.06
2024-08-23 15:02:32,BTCUSD_PERP,bid,60500,538.34
2024-08-23 15:02:32,BTCUSD_PERP,bid,60600,836.83
2024-08-23 15:02:32,BTCUSD_PERP,bid,60600,1016.22
2024-08-23 15:02:32,BTCUSD_PERP,bid,60600,1135.0
2024-08-23 15:02:32,BTCUSD_PERP,bid,60500,583.29
2024-08-23 15:02:32,BTCUSD_PERP,bid,60600,1195.0
2024-08-23 15:09:59,BTCUSD_PERP,bid,60500,523.35
2024-08-23 15:09:59,BTCUSD_PERP,bid,60600,1135.61
2024-08-23 15:09:59,BTCUSD_PERP,bid,60600,956.84
2024-08-23 15:10:00,BTCUSD_PERP,bid,60600,897.45
2024-08-23 15:10:00,BTCUSD_PERP,bid,60600,838.06
2024-08-23 15:10:00,BTCUSD_PERP,bid,60600,718.06
2024-08-23 15:10:00,BTCUSD_PERP,bid,60500,595.92
2024-08-23 15:10:00,BTCUSD_PERP,bid,60600,598.78
2024-08-23 15:10:00,BTCUSD_PERP,bid,60500,655.89
2024-08-23 15:10:00,BTCUSD_PERP,bid,60600,538.78
2024-08-23 15:10:00,BTCUSD_PERP,bid,60500,775.83
2024-08-23 15:10:01,BTCUSD_PERP,bid,60500,895.16
2024-08-23 15:10:01,BTCUSD_PERP,bid,60500,955.13
2024-08-23 15:10:01,BTCUSD_PERP,bid,60500,1015.1
2024-08-23 15:10:02,BTCUSD_PERP,bid,60500,1074.46
2024-08-23 15:10:57,BTCUSD_PERP,bid,60600,597.55
2024-08-23 15:10:57,BTCUSD_PERP,bid,60500,523.4
2024-08-23 15:10:57,BTCUSD_PERP,bid,60600,716.94
2024-08-23 15:10:57,BTCUSD_PERP,bid,60500,583.29
2024-08-23 15:10:57,BTCUSD_PERP,bid,60600,836.33
2024-08-23 15:10:57,BTCUSD_PERP,bid,60600,895.72
2024-08-23 15:11:49,BTCUSD_PERP,bid,60500,523.35
2024-08-23 15:11:49,BTCUSD_PERP,bid,60600,836.33
2024-08-23 15:11:49,BTCUSD_PERP,bid,60600,716.94
2024-08-23 15:11:49,BTCUSD_PERP,bid,60600,537.55
2024-08-23 15:11:49,BTCUSD_PERP,bid,60600,537.73
2024-08-23 15:11:49,BTCUSD_PERP,bid,60600,717.21
2024-08-23 15:11:50,BTCUSD_PERP,bid,60600,777.24
2024-08-23 15:11:50,BTCUSD_PERP,bid,60600,836.66
2024-08-23 15:11:50,BTCUSD_PERP,bid,60500,523.65
2024-08-23 15:11:50,BTCUSD_PERP,bid,60600,896.69
2024-08-23 15:11:50,BTCUSD_PERP,bid,60600,1076.17
2024-08-23 15:11:50,BTCUSD_PERP,bid,60600,1135.59
2024-08-23 15:11:50,BTCUSD_PERP,bid,60600,1195.62
2024-08-23 15:11:51,BTCUSD_PERP,bid,60600,1195.66
2024-08-23 15:11:58,BTCUSD_PERP,bid,60600,1195.7
2024-08-23 15:13:03,BTCUSD_PERP,bid,60600,1196.31
2024-08-23 15:15:20,BTCUSD_PERP,bid,60600,1196.27
2024-08-23 15:15:23,BTCUSD_PERP,bid,60600,1196.23
2024-08-23 15:16:03,BTCUSD_PERP,bid,60600,1195.62
2024-08-23 15:17:21,BTCUSD_PERP,bid,60500,583.61
2024-08-23 15:17:22,BTCUSD_PERP,bid,60600,1076.17
2024-08-23 15:17:22,BTCUSD_PERP,bid,60500,523.65
2024-08-23 15:17:22,BTCUSD_PERP,bid,60600,1016.14
2024-08-23 15:17:22,BTCUSD_PERP,bid,60600,956.11
2024-08-23 15:17:22,BTCUSD_PERP,bid,60600,776.63
2024-08-23 15:17:22,BTCUSD_PERP,bid,60600,657.18
2024-08-23 15:17:22,BTCUSD_PERP,bid,60600,538.77
2024-08-23 15:17:22,BTCUSD_PERP,bid,60600,597.15
2024-08-23 15:17:22,BTCUSD_PERP,bid,60600,537.73
2024-08-23 15:17:22,BTCUSD_PERP,bid,60600,598.84
2024-08-23 15:17:22,BTCUSD_PERP,bid,60600,658.29
2024-08-23 15:17:23,BTCUSD_PERP,bid,60600,718.25
2024-08-23 15:17:23,BTCUSD_PERP,bid,60600,838.39
2024-08-23 15:17:23,BTCUSD_PERP,bid,60600,534.05
2024-08-23 15:17:23,BTCUSD_PERP,bid,60600,898.46
2024-08-23 15:17:23,BTCUSD_PERP,bid,60600,957.92
2024-08-23 15:17:23,BTCUSD_PERP,bid,60600,1017.38
2024-08-23 15:17:23,BTCUSD_PERP,bid,60600,1136.29
2024-08-23 15:17:24,BTCUSD_PERP,bid,60600,1196.36
2024-08-23 15:17:52,BTCUSD_PERP,bid,60600,1077.46
2024-08-23 15:17:52,BTCUSD_PERP,bid,60600,897.25
2024-08-23 15:17:52,BTCUSD_PERP,bid,60600,837.8
2024-08-23 15:17:52,BTCUSD_PERP,bid,60600,777.73
2024-08-23 15:17:53,BTCUSD_PERP,bid,60600,717.66
2024-08-23 15:17:53,BTCUSD_PERP,bid,60600,657.7
2024-08-23 15:17:53,BTCUSD_PERP,bid,60700,538.92
2024-08-23 15:17:53,BTCUSD_PERP,bid,60600,538.17
2024-08-23 15:17:53,BTCUSD_PERP,bid,60700,658.5
2024-08-23 15:17:53,BTCUSD_PERP,bid,60700,718.6
2024-08-23 15:17:53,BTCUSD_PERP,bid,60700,778.08
2024-08-23 15:17:54,BTCUSD_PERP,bid,60700,838.18
2024-08-23 15:17:54,BTCUSD_PERP,bid,60700,957.76
2024-08-23 15:17:54,BTCUSD_PERP,bid,60700,1017.24
2024-08-23 15:17:54,BTCUSD_PERP,bid,60700,1077.34
2024-08-23 15:17:54,BTCUSD_PERP,bid,60600,584.27
2024-08-23 15:17:54,BTCUSD_PERP,bid,60700,1137.44
2024-08-23 15:17:55,BTCUSD_PERP,bid,60700,1196.92
2024-08-23 15:22:48,BTCUSD_PERP,bid,60600,524.68
2024-08-23 15:22:48,BTCUSD_PERP,bid,60700,1136.82
2024-08-23 15:22:48,BTCUSD_PERP,bid,60700,1076.72
2024-08-23 15:22:48,BTCUSD_PERP,bid,60700,957.76
2024-08-23 15:22:48,BTCUSD_PERP,bid,60700,838.8
2024-08-23 15:22:48,BTCUSD_PERP,bid,60700,778.7
2024-08-23 15:22:49,BTCUSD_PERP,bid,60600,537.42
2024-08-23 15:22:49,BTCUSD_PERP,bid,60700,659.24
2024-08-23 15:22:49,BTCUSD_PERP,bid,60600,597.49
2024-08-23 15:22:49,BTCUSD_PERP,bid,60700,599.14
2024-08-23 15:22:49,BTCUSD_PERP,bid,60600,657.56
2024-08-23 15:22:49,BTCUSD_PERP,bid,60600,777.7
2024-08-23 15:22:49,BTCUSD_PERP,bid,60600,897.84
2024-08-23 15:22:49,BTCUSD_PERP,bid,60600,957.29
2024-08-23 15:22:49,BTCUSD_PERP,bid,60600,523.9
2024-08-23 15:22:49,BTCUSD_PERP,bid,60600,1016.74
2024-08-23 15:22:50,BTCUSD_PERP,bid,60600,583.9
2024-08-23 15:22:50,BTCUSD_PERP,bid,60600,1196.33
2024-08-23 15:23:31,BTCUSD_PERP,bid,60600,1136.88
2024-08-23 15:23:31,BTCUSD_PERP,bid,60600,523.9
2024-08-23 15:23:31,BTCUSD_PERP,bid,60600,1016.85
2024-08-23 15:23:31,BTCUSD_PERP,bid,60600,897.33
2024-08-23 15:23:31,BTCUSD_PERP,bid,60600,837.88
2024-08-23 15:23:31,BTCUSD_PERP,bid,60600,718.36
2024-08-23 15:23:32,BTCUSD_PERP,bid,60600,598.22
2024-08-23 15:23:32,BTCUSD_PERP,bid,60700,539.05
2024-08-23 15:23:33,BTCUSD_PERP,bid,60700,599.15
2024-08-23 15:23:33,BTCUSD_PERP,bid,60700,658.64
2024-08-23 15:23:33,BTCUSD_PERP,bid,60700,718.74
2024-08-23 15:24:19,BTCUSD_PERP,bid,60700,719.1
2024-08-23 15:28:59,BTCUSD_PERP,bid,60700,658.55
2024-08-23 15:31:19,BTCUSD_PERP,bid,60600,658.83
2024-08-23 15:34:44,BTCUSD_PERP,bid,60600,598.77
2024-08-23 15:34:44,BTCUSD_PERP,bid,60600,539.32
2024-08-23 15:34:45,BTCUSD_PERP,bid,60700,539.59
2024-08-23 15:34:45,BTCUSD_PERP,bid,60700,659.16
2024-08-23 15:37:16,BTCUSD_PERP,bid,60600,538.68
2024-08-23 15:37:16,BTCUSD_PERP,bid,60600,718.24
2024-08-23 15:37:36,BTCUSD_PERP,bid,60600,599.36
2024-08-23 15:37:36,BTCUSD_PERP,bid,60600,537.74
2024-08-23 15:37:36,BTCUSD_PERP,bid,60600,896.64
2024-08-23 15:37:36,BTCUSD_PERP,bid,60500,524.16
2024-08-23 15:37:36,BTCUSD_PERP,bid,60600,956.66
2024-08-23 15:38:29,BTCUSD_PERP,bid,60600,717.19
2024-08-23 15:38:29,BTCUSD_PERP,bid,60600,1016.68
2024-08-23 15:38:29,BTCUSD_PERP,bid,60600,1076.74
2024-08-23 15:38:29,BTCUSD_PERP,bid,60600,524.44
2024-08-23 15:45:21,BTCUSD_PERP,bid,60600,548.65
2024-08-23 15:45:40,BTCUSD_PERP,bid,60600,956.62
2024-08-23 15:45:40,BTCUSD_PERP,bid,60600,896.56
2024-08-23 15:45:40,BTCUSD_PERP,bid,60600,836.5
2024-08-23 15:45:40,BTCUSD_PERP,bid,60600,717.0
2024-08-23 15:45:40,BTCUSD_PERP,bid,60600,657.56
2024-08-23 15:45:40,BTCUSD_PERP,bid,60700,658.56
2024-08-23 15:45:41,BTCUSD_PERP,bid,60700,718.05
2024-08-23 15:45:41,BTCUSD_PERP,bid,60700,778.15
2024-08-23 15:45:41,BTCUSD_PERP,bid,60600,524.25
2024-08-23 15:45:41,BTCUSD_PERP,bid,60700,837.64
2024-08-23 15:45:42,BTCUSD_PERP,bid,60700,957.23
2024-08-23 15:45:42,BTCUSD_PERP,bid,60700,1017.33
2024-08-23 15:45:42,BTCUSD_PERP,bid,60700,1137.53
2024-08-23 15:45:55,BTCUSD_PERP,bid,60700,1137.57
2024-08-23 15:47:23,BTCUSD_PERP,bid,60700,897.27
2024-08-23 15:47:23,BTCUSD_PERP,bid,60700,658.09
2024-08-23 15:47:23,BTCUSD_PERP,bid,60700,598.6
2024-08-23 15:47:23,BTCUSD_PERP,bid,60700,539.29
2024-08-23 15:47:23,BTCUSD_PERP,bid,60700,598.81
2024-08-23 15:47:24,BTCUSD_PERP,bid,60700,718.47
2024-08-23 15:47:24,BTCUSD_PERP,bid,60700,777.99
2024-08-23 15:47:24,BTCUSD_PERP,bid,60700,957.79
2024-08-23 15:47:24,BTCUSD_PERP,bid,60700,1017.93
2024-08-23 15:47:25,BTCUSD_PERP,bid,60600,524.52
2024-08-23 15:47:25,BTCUSD_PERP,bid,60700,1078.07
2024-08-23 15:47:25,BTCUSD_PERP,bid,60700,1138.21
2024-08-23 15:47:56,BTCUSD_PERP,bid,60700,1078.07
2024-08-23 15:47:56,BTCUSD_PERP,bid,60700,1018.55
2024-08-23 15:47:57,BTCUSD_PERP,bid,60700,958.41
2024-08-23 15:47:57,BTCUSD_PERP,bid,60700,838.13
2024-08-23 15:47:57,BTCUSD_PERP,bid,60700,777.99
2024-08-23 15:47:57,BTCUSD_PERP,bid,60700,717.85
2024-08-23 15:47:57,BTCUSD_PERP,bid,60700,657.71
2024-08-23 15:47:57,BTCUSD_PERP,bid,60700,540.92
2024-08-23 15:47:57,BTCUSD_PERP,bid,60700,600.48
2024-08-23 15:47:57,BTCUSD_PERP,bid,60700,660.54
2024-08-23 15:47:58,BTCUSD_PERP,bid,60700,779.66
2024-08-23 15:47:58,BTCUSD_PERP,bid,60700,839.21
2024-08-23 15:47:58,BTCUSD_PERP,bid,60700,899.38
2024-08-23 15:47:58,BTCUSD_PERP,bid,60700,958.94
2024-08-23 15:47:58,BTCUSD_PERP,bid,60700,1078.67
2024-08-23 15:47:58,BTCUSD_PERP,bid,60700,525.36
2024-08-23 15:47:58,BTCUSD_PERP,bid,60700,585.45
2024-08-23 15:47:58,BTCUSD_PERP,bid,60700,1138.23
2024-08-23 15:50:10,BTCUSD_PERP,bid,60700,525.34
2024-08-23 15:50:10,BTCUSD_PERP,bid,60700,1018.5
2024-08-23 15:50:11,BTCUSD_PERP,bid,60700,958.33
2024-08-23 15:50:11,BTCUSD_PERP,bid,60700,838.87
2024-08-23 15:50:11,BTCUSD_PERP,bid,60600,524.63
2024-08-23 15:50:11,BTCUSD_PERP,bid,60700,1078.09
2024-08-23 15:50:11,BTCUSD_PERP,bid,60600,584.66
2024-08-23 15:50:11,BTCUSD_PERP,bid,60700,1138.23
2024-08-23 15:50:11,BTCUSD_PERP,bid,60700,1197.76
2024-08-23 15:54:47,BTCUSD_PERP,bid,60700,957.2
2024-08-23 15:54:47,BTCUSD_PERP,bid,60600,524.6
2024-08-23 15:54:47,BTCUSD_PERP,bid,60700,897.17
2024-08-23 15:54:48,BTCUSD_PERP,bid,60700,838.33
2024-08-23 15:54:48,BTCUSD_PERP,bid,60600,524.35
2024-08-23 15:54:48,BTCUSD_PERP,bid,60700,1077.53
2024-08-23 15:54:48,BTCUSD_PERP,bid,60600,584.35
2024-08-23 15:54:48,BTCUSD_PERP,bid,60700,1137.64
2024-08-23 15:54:48,BTCUSD_PERP,bid,60700,1197.13
2024-08-23 15:57:37,BTCUSD_PERP,bid,60600,524.32
2024-08-23 15:57:37,BTCUSD_PERP,bid,60700,1137.64
2024-08-23 15:57:37,BTCUSD_PERP,bid,60700,1018.04
2024-08-23 15:57:37,BTCUSD_PERP,bid,60700,958.55
2024-08-23 15:57:38,BTCUSD_PERP,bid,60700,898.44
2024-08-23 15:57:38,BTCUSD_PERP,bid,60700,778.84
2024-08-23 15:57:38,BTCUSD_PERP,bid,60700,719.35
2024-08-23 15:57:38,BTCUSD_PERP,bid,60700,659.24
2024-08-23 15:57:38,BTCUSD_PERP,bid,60700,539.64
2024-08-23 15:58:29,BTCUSD_PERP,bid,60700,668.94
2024-08-23 15:58:29,BTCUSD_PERP,bid,60700,728.5
2024-08-23 15:58:29,BTCUSD_PERP,bid,60700,909.01
2024-08-23 15:58:30,BTCUSD_PERP,bid,60700,969.18
2024-08-23 15:58:30,BTCUSD_PERP,bid,60700,1028.74
2024-08-23 15:58:30,BTCUSD_PERP,bid,60700,524.91
2024-08-23 15:58:30,BTCUSD_PERP,bid,60700,1148.37
2024-08-23 16:03:06,BTCUSD_PERP,bid,60700,969.08
2024-08-23 16:03:07,BTCUSD_PERP,bid,60700,789.28
2024-08-23 16:03:07,BTCUSD_PERP,bid,60700,669.55
2024-08-23 16:03:07,BTCUSD_PERP,bid,60700,609.38
2024-08-23 16:03:07,BTCUSD_PERP,bid,60800,539.3
2024-08-23 16:03:07,BTCUSD_PERP,bid,60700,549.21
2024-08-23 16:03:07,BTCUSD_PERP,bid,60800,599.51
2024-08-23 16:03:07,BTCUSD_PERP,bid,60800,719.31
2024-08-23 16:03:08,BTCUSD_PERP,bid,60800,778.9
2024-08-23 16:03:08,BTCUSD_PERP,bid,60800,899.32
2024-08-23 16:03:08,BTCUSD_PERP,bid,60800,959.53
2024-08-23 16:03:08,BTCUSD_PERP,bid,60700,525.18
2024-08-23 16:03:08,BTCUSD_PERP,bid,60800,1019.74
2024-08-23 16:03:08,BTCUSD_PERP,bid,60700,585.28
2024-08-23 16:03:08,BTCUSD_PERP,bid,60800,1079.33
2024-08-23 16:04:03,BTCUSD_PERP,bid,60700,524.91
2024-08-23 16:04:03,BTCUSD_PERP,bid,60700,958.35
2024-08-23 16:04:03,BTCUSD_PERP,bid,60700,584.98
2024-08-23 16:04:03,BTCUSD_PERP,bid,60700,1018.52
2024-08-23 16:04:50,BTCUSD_PERP,bid,60700,524.88
2024-08-23 16:04:50,BTCUSD_PERP,bid,60700,958.35
2024-08-23 16:04:51,BTCUSD_PERP,bid,60700,838.62
2024-08-23 16:04:51,BTCUSD_PERP,bid,60700,779.06
2024-08-23 16:04:51,BTCUSD_PERP,bid,60700,718.89
2024-08-23 16:04:51,BTCUSD_PERP,bid,60700,659.33
2024-08-23 16:04:51,BTCUSD_PERP,bid,60700,539.6
2024-08-23 16:04:51,BTCUSD_PERP,bid,60800,538.79
2024-08-23 16:04:51,BTCUSD_PERP,bid,60800,598.38
2024-08-23 16:04:51,BTCUSD_PERP,bid,60800,779.01
2024-08-23 16:04:51,BTCUSD_PERP,bid,60800,898.81
2024-08-23 16:04:51,BTCUSD_PERP,bid,60800,958.91
2024-08-23 16:06:39,BTCUSD_PERP,bid,60800,898.7
2024-08-23 16:06:39,BTCUSD_PERP,bid,60800,719.31
2024-08-23 16:06:39,BTCUSD_PERP,bid,60700,719.5
2024-08-23 16:06:39,BTCUSD_PERP,bid,60700,898.79
2024-08-23 16:06:40,BTCUSD_PERP,bid,60700,958.35
2024-08-23 16:15:46,BTCUSD_PERP,bid,60700,539.18
2024-08-23 16:15:46,BTCUSD_PERP,bid,60700,599.36
2024-08-23 16:15:46,BTCUSD_PERP,bid,60700,658.93
2024-08-23 16:15:47,BTCUSD_PERP,bid,60700,719.11
2024-08-23 16:20:45,BTCUSD_PERP,bid,60800,539.16
2024-08-23 16:20:45,BTCUSD_PERP,bid,60800,598.74
2024-08-23 16:20:45,BTCUSD_PERP,bid,60800,658.31
2024-08-23 16:20:45,BTCUSD_PERP,bid,60800,718.5
2024-08-23 16:20:45,BTCUSD_PERP,bid,60800,838.27
2024-08-23 16:24:23,BTCUSD_PERP,bid,60700,718.74
2024-08-23 16:24:23,BTCUSD_PERP,bid,60700,778.28
2024-08-23 16:25:09,BTCUSD_PERP,bid,60700,597.83
2024-08-23 16:25:09,BTCUSD_PERP,bid,60700,658.26
2024-08-23 16:25:15,BTCUSD_PERP,ask,61900,485.32
2024-08-23 16:25:18,BTCUSD_PERP,ask,61900,495.21
2024-08-23 16:25:36,BTCUSD_PERP,bid,60700,538.02
2024-08-23 16:25:36,BTCUSD_PERP,bid,60700,717.35
2024-08-23 16:25:41,BTCUSD_PERP,ask,61900,489.09
2024-08-23 16:25:45,BTCUSD_PERP,ask,61900,498.28
2024-08-23 16:27:22,BTCUSD_PERP,bid,60700,657.87
2024-08-23 16:27:22,BTCUSD_PERP,bid,60700,597.79
2024-08-23 16:27:23,BTCUSD_PERP,bid,60700,538.03
2024-08-23 16:27:23,BTCUSD_PERP,bid,60700,597.53
2024-08-23 16:27:24,BTCUSD_PERP,bid,60700,657.65
2024-08-23 16:27:24,BTCUSD_PERP,bid,60700,717.77
2024-08-23 16:28:46,BTCUSD_PERP,bid,60700,657.65
2024-08-23 16:28:49,BTCUSD_PERP,bid,60700,597.53
2024-08-23 16:29:00,BTCUSD_PERP,bid,60700,537.41
2024-08-23 16:29:26,BTCUSD_PERP,bid,60700,538.15
2024-08-23 16:29:26,BTCUSD_PERP,bid,60700,597.68
2024-08-23 16:29:26,BTCUSD_PERP,bid,60700,657.83
2024-08-23 16:29:26,BTCUSD_PERP,bid,60700,717.98
2024-08-23 16:29:26,BTCUSD_PERP,bid,60700,535.51
2024-08-23 16:29:26,BTCUSD_PERP,bid,60700,777.51
2024-08-23 16:30:30,BTCUSD_PERP,bid,60700,717.36
2024-08-23 16:30:30,BTCUSD_PERP,bid,60700,657.83
2024-08-23 16:30:30,BTCUSD_PERP,bid,60700,597.78
2024-08-23 16:30:30,BTCUSD_PERP,bid,60700,537.63
2024-08-23 16:30:31,BTCUSD_PERP,bid,60700,539.69
2024-08-23 16:30:31,BTCUSD_PERP,bid,60700,599.87
2024-08-23 16:30:31,BTCUSD_PERP,bid,60700,659.44
2024-08-23 16:33:12,BTCUSD_PERP,bid,60700,659.44
2024-08-23 16:33:57,BTCUSD_PERP,bid,60700,599.87
2024-08-23 16:33:58,BTCUSD_PERP,bid,60700,657.89
2024-08-23 16:33:58,BTCUSD_PERP,bid,60700,718.04
2024-08-23 16:36:41,BTCUSD_PERP,bid,60700,657.89
2024-08-23 16:38:34,BTCUSD_PERP,bid,60700,597.74
2024-08-23 16:38:34,BTCUSD_PERP,bid,60700,537.59
2024-08-23 16:38:35,BTCUSD_PERP,bid,60700,597.43
2024-08-23 16:39:50,BTCUSD_PERP,bid,60700,657.21
2024-08-23 16:41:10,BTCUSD_PERP,bid,60600,537.99
2024-08-23 16:41:27,BTCUSD_PERP,bid,60500,523.59
2024-08-23 16:41:28,BTCUSD_PERP,bid,60500,583.51
2024-08-23 16:43:11,BTCUSD_PERP,bid,60500,523.55
2024-08-23 16:45:21,BTCUSD_PERP,bid,60600,495.01
2024-08-23 16:47:47,BTCUSD_PERP,bid,60500,500.91
2024-08-23 16:47:47,BTCUSD_PERP,bid,60500,560.21
2024-08-23 17:02:59,BTCUSD_PERP,bid,47000,2444.36
2024-08-23 17:03:15,BTCUSD_PERP,bid,60500,535.95
2024-08-23 17:03:16,BTCUSD_PERP,bid,60500,595.85
2024-08-23 17:05:14,BTCUSD_PERP,bid,60500,536.83
2024-08-23 17:05:14,BTCUSD_PERP,bid,60500,596.15
2024-08-23 17:05:50,BTCUSD_PERP,bid,60500,536.83
2024-08-23 17:05:52,BTCUSD_PERP,bid,60500,537.19
2024-08-23 17:05:52,BTCUSD_PERP,bid,60500,597.16
2024-08-23 17:05:52,BTCUSD_PERP,bid,60500,717.1
2024-08-23 17:06:32,BTCUSD_PERP,bid,60500,538.41
2024-08-23 17:06:33,BTCUSD_PERP,bid,60600,538.29
2024-08-23 17:06:59,BTCUSD_PERP,bid,60500,537.19
2024-08-23 17:06:59,BTCUSD_PERP,bid,60500,835.82
2024-08-23 17:06:59,BTCUSD_PERP,bid,60500,895.79
2024-08-23 17:08:01,BTCUSD_PERP,bid,60500,776.46
2024-08-23 17:08:01,BTCUSD_PERP,bid,60500,717.1
2024-08-23 17:08:02,BTCUSD_PERP,bid,60500,657.13
2024-08-23 17:08:02,BTCUSD_PERP,bid,60600,596.85
2024-08-23 17:08:02,BTCUSD_PERP,bid,60600,716.85
2024-08-23 17:08:02,BTCUSD_PERP,bid,60600,776.24
2024-08-23 17:08:03,BTCUSD_PERP,bid,60600,836.24
2024-08-23 17:08:03,BTCUSD_PERP,bid,60600,955.63
2024-08-23 17:08:03,BTCUSD_PERP,bid,60600,1015.63
2024-08-23 17:11:55,BTCUSD_PERP,bid,60600,955.63
2024-08-23 17:11:55,BTCUSD_PERP,bid,60600,895.63
2024-08-23 17:11:55,BTCUSD_PERP,bid,60500,836.43
2024-08-23 17:12:42,BTCUSD_PERP,bid,60500,895.34
2024-08-23 17:12:43,BTCUSD_PERP,bid,60500,955.28
2024-08-23 17:26:49,BTCUSD_PERP,bid,60500,895.34
2024-08-23 17:29:23,BTCUSD_PERP,bid,60500,836.01
2024-08-23 17:29:23,BTCUSD_PERP,bid,60500,717.35
2024-08-23 17:29:23,BTCUSD_PERP,bid,60500,658.02
2024-08-23 17:29:24,BTCUSD_PERP,bid,60500,539.36
