2024-09-01 07:02:57,BTCUSDT,ask,59900,632.387
2024-09-01 07:04:02,BTCUSDT,bid,55800,735.752
2024-09-01 07:04:32,BTCUSDT,ask,59900,632.555
2024-09-01 07:05:37,BTCUSDT,bid,47100,800.035
2024-09-01 07:05:37,BTCUSDT,bid,47100,800.035
2024-09-01 07:05:37,BTCUSDT,bid,47100,800.035
2024-09-01 07:05:37,BTCUSDT,bid,47100,800.032
2024-09-01 07:05:37,BTCUSDT,bid,47100,800.032
2024-09-01 07:05:38,BTCUSDT,bid,47100,800.032
2024-09-01 07:05:38,BTCUSDT,bid,47100,800.032
2024-09-01 07:05:38,BTCUSDT,bid,47100,800.032
2024-09-01 07:05:38,BTCUSDT,bid,47100,800.032
2024-09-01 07:05:39,BTCUSDT,bid,47100,800.035
2024-09-01 07:05:39,BTCUSDT,bid,47100,800.035
2024-09-01 07:05:39,BTCUSDT,bid,47100,800.032
2024-09-01 07:05:39,BTCUSDT,bid,47100,800.032
2024-09-01 07:05:39,BTCUSDT,bid,47100,800.036
2024-09-01 07:05:40,BTCUSDT,bid,47100,800.032
2024-09-01 07:05:40,BTCUSDT,bid,47100,800.032
2024-09-01 07:05:40,BTCUSDT,bid,47100,800.032
2024-09-01 07:05:40,BTCUSDT,bid,47100,800.032
2024-09-01 07:05:40,BTCUSDT,bid,47100,800.035
2024-09-01 07:05:41,BTCUSDT,bid,47100,800.032
2024-09-01 07:05:41,BTCUSDT,bid,47100,800.032
2024-09-01 07:05:41,BTCUSDT,bid,47100,800.032
2024-09-01 07:05:41,BTCUSDT,bid,47100,800.032
2024-09-01 07:05:41,BTCUSDT,bid,47100,800.032
2024-09-01 07:05:41,BTCUSDT,bid,47100,800.032
2024-09-01 07:05:42,BTCUSDT,bid,47100,800.032
2024-09-01 07:05:42,BTCUSDT,bid,47100,800.032
2024-09-01 07:05:42,BTCUSDT,bid,47100,800.032
2024-09-01 07:05:42,BTCUSDT,bid,47100,800.035
2024-09-01 07:05:43,BTCUSDT,bid,47100,800.032
2024-09-01 07:05:43,BTCUSDT,bid,47100,800.032
2024-09-01 07:05:43,BTCUSDT,bid,47100,800.035
2024-09-01 07:05:43,BTCUSDT,bid,47100,800.032
2024-09-01 07:05:44,BTCUSDT,bid,47100,800.032
2024-09-01 07:05:44,BTCUSDT,bid,47100,800.032
2024-09-01 07:05:44,BTCUSDT,bid,47100,800.032
2024-09-01 07:05:45,BTCUSDT,bid,47100,800.032
2024-09-01 07:05:45,BTCUSDT,bid,47100,800.032
2024-09-01 07:05:45,BTCUSDT,bid,47100,800.035
2024-09-01 07:05:45,BTCUSDT,bid,47100,800.032
2024-09-01 07:05:45,BTCUSDT,bid,47100,800.035
2024-09-01 07:05:45,BTCUSDT,bid,47100,800.035
2024-09-01 07:05:45,BTCUSDT,bid,47100,800.032
2024-09-01 07:05:46,BTCUSDT,bid,47100,800.032
2024-09-01 07:05:46,BTCUSDT,bid,47100,800.032
2024-09-01 07:05:46,BTCUSDT,bid,47100,800.032
2024-09-01 07:05:46,BTCUSDT,bid,47100,800.032
2024-09-01 07:05:46,BTCUSDT,bid,47100,800.032
2024-09-01 07:05:47,BTCUSDT,bid,47100,800.032
2024-09-01 07:05:47,BTCUSDT,bid,47100,800.032
2024-09-01 07:05:47,BTCUSDT,bid,47100,800.032
2024-09-01 07:05:47,BTCUSDT,bid,47100,800.032
2024-09-01 07:05:47,BTCUSDT,bid,47100,800.032
2024-09-01 07:05:48,BTCUSDT,bid,47100,800.032
2024-09-01 07:05:48,BTCUSDT,bid,47100,800.035
2024-09-01 07:05:48,BTCUSDT,bid,47100,800.032
2024-09-01 07:05:48,BTCUSDT,bid,47100,800.035
2024-09-01 07:05:48,BTCUSDT,bid,47100,800.039
2024-09-01 07:05:48,BTCUSDT,bid,47100,800.032
2024-09-01 07:05:49,BTCUSDT,bid,47100,800.035
2024-09-01 07:05:49,BTCUSDT,bid,47100,800.032
2024-09-01 07:05:49,BTCUSDT,bid,47100,800.032
2024-09-01 07:05:50,BTCUSDT,bid,47100,800.035
2024-09-01 07:05:50,BTCUSDT,bid,47100,800.036
2024-09-01 07:05:50,BTCUSDT,bid,47100,800.032
2024-09-01 07:05:50,BTCUSDT,bid,47100,800.035
2024-09-01 07:05:50,BTCUSDT,bid,47100,800.032
2024-09-01 07:05:50,BTCUSDT,bid,47100,800.032
2024-09-01 07:05:50,BTCUSDT,bid,47100,800.035
2024-09-01 07:05:50,BTCUSDT,bid,47100,800.032
2024-09-01 07:08:10,BTCUSDT,ask,59900,632.355
2024-09-01 07:09:03,BTCUSDT,ask,59900,632.352
2024-09-01 07:11:22,BTCUSDT,ask,59900,632.35
2024-09-01 07:12:24,BTCUSDT,ask,59900,632.353
2024-09-01 07:13:58,BTCUSDT,ask,59900,633.17
2024-09-01 07:14:16,BTCUSDT,bid,47000,894.775
2024-09-01 07:14:28,BTCUSDT,ask,59900,632.353
2024-09-01 07:16:14,BTCUSDT,ask,59900,632.396
2024-09-01 07:16:35,BTCUSDT,ask,59900,632.394
2024-09-01 07:17:31,BTCUSDT,ask,59900,632.352
2024-09-01 07:22:17,BTCUSDT,bid,55800,735.599
2024-09-01 07:22:44,BTCUSDT,ask,59900,632.368
2024-09-01 07:23:23,BTCUSDT,ask,59900,632.364
2024-09-01 07:25:36,BTCUSDT,bid,47100,800.032
2024-09-01 07:27:41,BTCUSDT,ask,59900,632.454
2024-09-01 07:28:58,BTCUSDT,ask,59900,632.448
2024-09-01 07:29:22,BTCUSDT,bid,47000,894.525
2024-09-01 07:35:39,BTCUSDT,ask,59900,632.451
2024-09-01 07:43:22,BTCUSDT,bid,55800,735.593
2024-09-01 07:43:51,BTCUSDT,ask,59900,632.951
2024-09-01 07:43:52,BTCUSDT,bid,47000,894.521
2024-09-01 07:47:18,BTCUSDT,ask,59900,632.451
2024-09-01 07:51:28,BTCUSDT,bid,55800,735.567
2024-09-01 07:56:20,BTCUSDT,ask,59900,632.525
2024-09-01 07:57:38,BTCUSDT,ask,59900,632.509
2024-09-01 07:58:09,BTCUSDT,bid,55800,735.805
2024-09-01 07:58:29,BTCUSDT,bid,55800,735.567
2024-09-01 08:00:35,BTCUSDT,ask,59900,632.259
2024-09-01 08:07:39,BTCUSDT,bid,47000,894.512
2024-09-01 08:08:42,BTCUSDT,ask,59900,632.159
2024-09-01 08:08:55,BTCUSDT,ask,59900,632.162
2024-09-01 08:12:57,BTCUSDT,ask,59900,632.167
2024-09-01 08:14:51,BTCUSDT,ask,59900,632.028
2024-09-01 08:16:26,BTCUSDT,ask,59900,632.025
2024-09-01 08:19:17,BTCUSDT,ask,59900,633.726
2024-09-01 08:20:22,BTCUSDT,bid,55800,735.575
2024-09-01 08:20:44,BTCUSDT,ask,59900,633.728
2024-09-01 08:27:04,BTCUSDT,ask,59900,633.635
2024-09-01 08:27:46,BTCUSDT,ask,59900,633.605
2024-09-01 08:28:31,BTCUSDT,bid,47000,894.412
2024-09-01 08:34:27,BTCUSDT,ask,59900,633.61
2024-09-01 08:37:27,BTCUSDT,ask,59900,633.613
2024-09-01 08:39:47,BTCUSDT,ask,59900,633.61
2024-09-01 08:40:51,BTCUSDT,ask,59900,633.66
2024-09-01 08:44:39,BTCUSDT,bid,55800,735.587
2024-09-01 08:45:28,BTCUSDT,bid,47000,894.438
2024-09-01 08:49:27,BTCUSDT,ask,59900,633.577
2024-09-01 07:12:59,BTCUSD_PERP,ask,59600,510.64
2024-09-01 07:13:04,BTCUSD_PERP,ask,59600,516.59
2024-09-01 07:13:07,BTCUSD_PERP,ask,59600,522.55
2024-09-01 07:13:27,BTCUSD_PERP,ask,59600,513.02
2024-09-01 07:13:34,BTCUSD_PERP,ask,59600,503.49
2024-09-01 07:16:28,BTCUSD_PERP,bid,58500,576.3
2024-09-01 07:16:29,BTCUSD_PERP,bid,58500,634.29
2024-09-01 07:16:29,BTCUSD_PERP,bid,58500,692.28
2024-09-01 07:17:01,BTCUSD_PERP,bid,58500,634.89
2024-09-01 07:17:02,BTCUSD_PERP,bid,58500,520.11
2024-09-01 07:17:03,BTCUSD_PERP,bid,58500,519.2
2024-09-01 07:21:30,BTCUSD_PERP,bid,58500,520.1
2024-09-01 07:21:30,BTCUSD_PERP,bid,58500,577.43
2024-09-01 07:21:30,BTCUSD_PERP,bid,58500,634.76
2024-09-01 07:21:30,BTCUSD_PERP,bid,58500,692.09
2024-09-01 07:21:56,BTCUSD_PERP,bid,58500,692.13
2024-09-01 07:25:01,BTCUSD_PERP,ask,59600,507.12
2024-09-01 07:25:07,BTCUSD_PERP,ask,59600,516.65
2024-09-01 07:25:07,BTCUSD_PERP,ask,59600,536.3
2024-09-01 07:25:14,BTCUSD_PERP,ask,59600,542.25
2024-09-01 07:25:23,BTCUSD_PERP,bid,58500,692.09
2024-09-01 07:25:24,BTCUSD_PERP,ask,59600,551.78
2024-09-01 07:25:25,BTCUSD_PERP,ask,59600,561.01
2024-09-01 07:25:25,BTCUSD_PERP,ask,59600,566.96
2024-09-01 07:25:25,BTCUSD_PERP,ask,59600,586.62
2024-09-01 07:25:26,BTCUSD_PERP,ask,59600,592.57
2024-09-01 07:25:28,BTCUSD_PERP,ask,59600,611.63
2024-09-01 07:25:33,BTCUSD_PERP,bid,58500,576.84
2024-09-01 07:25:33,BTCUSD_PERP,bid,58500,518.92
2024-09-01 07:25:42,BTCUSD_PERP,ask,59600,552.59
2024-09-01 07:26:31,BTCUSD_PERP,bid,58400,518.61
2024-09-01 07:26:31,BTCUSD_PERP,bid,58400,576.43
2024-09-01 07:26:42,BTCUSD_PERP,ask,59500,529.43
2024-09-01 07:27:21,BTCUSD_PERP,ask,59500,509.98
2024-09-01 07:27:28,BTCUSD_PERP,bid,58400,576.14
2024-09-01 07:27:28,BTCUSD_PERP,bid,58400,633.99
2024-09-01 07:27:29,BTCUSD_PERP,ask,59500,506.39
2024-09-01 07:28:27,BTCUSD_PERP,ask,59600,510.52
2024-09-01 07:28:28,BTCUSD_PERP,ask,59600,520.04
2024-09-01 07:28:29,BTCUSD_PERP,ask,59600,525.99
2024-09-01 07:28:30,BTCUSD_PERP,ask,59600,535.51
2024-09-01 07:28:30,BTCUSD_PERP,ask,59600,541.46
2024-09-01 07:28:31,BTCUSD_PERP,ask,59600,561.11
2024-09-01 07:28:32,BTCUSD_PERP,ask,59600,570.63
2024-09-01 07:28:34,BTCUSD_PERP,ask,59600,580.15
2024-09-01 07:28:36,BTCUSD_PERP,ask,59600,589.67
2024-09-01 07:29:26,BTCUSD_PERP,ask,59600,580.15
2024-09-01 07:29:27,BTCUSD_PERP,ask,59600,570.92
2024-09-01 07:29:29,BTCUSD_PERP,ask,59600,564.97
2024-09-01 07:29:29,BTCUSD_PERP,ask,59600,555.45
2024-09-01 07:29:30,BTCUSD_PERP,ask,59600,545.93
2024-09-01 07:29:30,BTCUSD_PERP,ask,59600,539.98
2024-09-01 07:29:32,BTCUSD_PERP,ask,59600,530.46
2024-09-01 07:29:34,BTCUSD_PERP,ask,59600,520.94
2024-09-01 07:29:36,BTCUSD_PERP,ask,59600,511.42
2024-09-01 07:31:31,BTCUSD_PERP,ask,59500,511.97
2024-09-01 07:31:32,BTCUSD_PERP,ask,59500,527.44
2024-09-01 07:31:33,BTCUSD_PERP,ask,59500,537.26
2024-09-01 07:32:28,BTCUSD_PERP,ask,59500,527.74
2024-09-01 07:32:29,BTCUSD_PERP,ask,59500,518.52
2024-09-01 07:32:31,BTCUSD_PERP,ask,59500,512.57
2024-09-01 07:35:22,BTCUSD_PERP,bid,58400,576.73
2024-09-01 07:35:22,BTCUSD_PERP,bid,58400,519.47
2024-09-01 07:35:23,BTCUSD_PERP,bid,58400,518.63
2024-09-01 07:35:23,BTCUSD_PERP,bid,58400,576.52
2024-09-01 07:35:53,BTCUSD_PERP,bid,58400,594.03
2024-09-01 07:40:53,BTCUSD_PERP,bid,58400,576.52
2024-09-01 07:43:02,BTCUSD_PERP,bid,58400,518.63
2024-09-01 07:43:03,BTCUSD_PERP,bid,58500,519.49
2024-09-01 07:43:03,BTCUSD_PERP,bid,58500,577.41
2024-09-01 07:43:04,BTCUSD_PERP,bid,58500,635.33
2024-09-01 07:44:22,BTCUSD_PERP,bid,58500,520.08
2024-09-01 07:44:23,BTCUSD_PERP,bid,58400,518.55
2024-09-01 07:44:23,BTCUSD_PERP,bid,58400,691.63
2024-09-01 07:44:24,BTCUSD_PERP,bid,58400,807.41
2024-09-01 07:44:24,BTCUSD_PERP,bid,58400,864.71
2024-09-01 07:44:24,BTCUSD_PERP,bid,58400,922.6
2024-09-01 07:44:25,BTCUSD_PERP,bid,58400,1037.2
2024-09-01 07:44:26,BTCUSD_PERP,bid,58400,1037.24
2024-09-01 07:44:27,BTCUSD_PERP,bid,58400,1037.28
2024-09-01 07:44:28,BTCUSD_PERP,bid,58400,979.98
2024-09-01 07:44:29,BTCUSD_PERP,bid,58400,922.09
2024-09-01 07:44:29,BTCUSD_PERP,bid,58400,864.79
2024-09-01 07:44:29,BTCUSD_PERP,bid,58400,692.3
2024-09-01 07:44:29,BTCUSD_PERP,bid,58400,634.41
2024-09-01 07:44:29,BTCUSD_PERP,bid,58400,519.22
2024-09-01 07:44:30,BTCUSD_PERP,bid,58400,518.3
2024-09-01 07:44:30,BTCUSD_PERP,bid,58400,634.02
2024-09-01 07:44:30,BTCUSD_PERP,bid,58400,749.74
2024-09-01 07:44:51,BTCUSD_PERP,bid,58400,692.47
2024-09-01 07:44:51,BTCUSD_PERP,bid,58400,577.0
2024-09-01 07:44:51,BTCUSD_PERP,bid,58400,634.83
2024-09-01 07:46:51,BTCUSD_PERP,bid,58400,577.37
2024-09-01 07:46:51,BTCUSD_PERP,bid,58400,635.23
2024-09-01 07:46:52,BTCUSD_PERP,bid,58400,692.5
2024-09-01 07:55:28,BTCUSD_PERP,bid,58400,692.09
2024-09-01 07:55:28,BTCUSD_PERP,bid,58400,749.97
2024-09-01 07:59:46,BTCUSD_PERP,bid,58400,576.63
2024-09-01 07:59:46,BTCUSD_PERP,bid,58400,634.48
2024-09-01 08:08:33,BTCUSD_PERP,ask,59500,513.14
2024-09-01 08:08:35,BTCUSD_PERP,ask,59500,522.66
2024-09-01 08:08:38,BTCUSD_PERP,ask,59500,532.17
2024-09-01 08:08:39,BTCUSD_PERP,ask,59500,541.68
2024-09-01 08:08:40,BTCUSD_PERP,ask,59500,551.19
2024-09-01 08:08:46,BTCUSD_PERP,ask,59500,570.82
2024-09-01 08:08:47,BTCUSD_PERP,ask,59500,576.76
2024-09-01 08:08:47,BTCUSD_PERP,ask,59500,586.57
2024-09-01 08:08:50,BTCUSD_PERP,ask,59500,595.79
2024-09-01 08:09:08,BTCUSD_PERP,ask,59500,586.28
2024-09-01 08:09:10,BTCUSD_PERP,ask,59500,595.79
2024-09-01 08:09:21,BTCUSD_PERP,ask,59500,586.27
2024-09-01 08:09:22,BTCUSD_PERP,ask,59500,592.21
2024-09-01 08:09:22,BTCUSD_PERP,ask,59500,611.84
2024-09-01 08:09:23,BTCUSD_PERP,ask,59500,621.36
2024-09-01 08:09:25,BTCUSD_PERP,ask,59500,611.85
2024-09-01 08:09:26,BTCUSD_PERP,ask,59500,621.36
2024-09-01 08:09:26,BTCUSD_PERP,ask,59500,611.85
2024-09-01 08:09:27,BTCUSD_PERP,ask,59500,621.36
2024-09-01 08:09:27,BTCUSD_PERP,ask,59500,627.31
2024-09-01 08:09:28,BTCUSD_PERP,ask,59500,617.8
2024-09-01 08:09:28,BTCUSD_PERP,ask,59500,611.86
2024-09-01 08:09:32,BTCUSD_PERP,ask,59500,605.92
2024-09-01 08:09:33,BTCUSD_PERP,ask,59500,596.41
2024-09-01 08:09:35,BTCUSD_PERP,ask,59500,586.89
2024-09-01 08:09:39,BTCUSD_PERP,ask,59500,577.38
2024-09-01 08:09:39,BTCUSD_PERP,ask,59500,567.87
2024-09-01 08:09:40,BTCUSD_PERP,ask,59500,558.36
2024-09-01 08:09:47,BTCUSD_PERP,ask,59500,552.42
2024-09-01 08:09:47,BTCUSD_PERP,ask,59500,546.48
2024-09-01 08:09:51,BTCUSD_PERP,ask,59500,537.26
2024-09-01 08:09:56,BTCUSD_PERP,ask,59500,517.63
2024-09-01 08:10:03,BTCUSD_PERP,ask,59500,511.69
2024-09-01 08:16:38,BTCUSD_PERP,ask,59500,505.95
2024-09-01 08:16:38,BTCUSD_PERP,ask,59500,515.46
2024-09-01 08:17:32,BTCUSD_PERP,ask,59500,509.52
2024-09-01 08:18:47,BTCUSD_PERP,bid,58400,519.61
2024-09-01 08:18:47,BTCUSD_PERP,bid,58400,576.83
2024-09-01 08:18:49,BTCUSD_PERP,bid,58400,576.87
2024-09-01 08:20:12,BTCUSD_PERP,bid,58400,519.23
2024-09-01 08:20:12,BTCUSD_PERP,bid,58400,577.06
2024-09-01 08:22:34,BTCUSD_PERP,bid,58400,517.88
2024-09-01 08:22:35,BTCUSD_PERP,bid,58400,575.75
2024-09-01 08:25:08,BTCUSD_PERP,bid,58400,632.7
2024-09-01 08:28:50,BTCUSD_PERP,ask,59500,511.24
2024-09-01 08:28:51,BTCUSD_PERP,ask,59500,520.75
2024-09-01 08:28:51,BTCUSD_PERP,ask,59500,530.27
2024-09-01 08:29:00,BTCUSD_PERP,ask,59500,549.9
2024-09-01 08:29:01,BTCUSD_PERP,ask,59500,559.12
2024-09-01 08:29:04,BTCUSD_PERP,ask,59500,568.64
2024-09-01 08:29:35,BTCUSD_PERP,ask,59500,559.12
2024-09-01 08:29:37,BTCUSD_PERP,ask,59500,549.6
2024-09-01 08:29:39,BTCUSD_PERP,ask,59500,543.65
2024-09-01 08:29:39,BTCUSD_PERP,ask,59500,534.13
2024-09-01 08:29:44,BTCUSD_PERP,ask,59500,524.61
2024-09-01 08:29:45,BTCUSD_PERP,ask,59500,515.09
2024-09-01 08:29:50,BTCUSD_PERP,ask,59500,505.57
2024-09-01 08:32:22,BTCUSD_PERP,bid,58400,519.23
2024-09-01 08:32:24,BTCUSD_PERP,bid,58400,577.82
2024-09-01 08:32:37,BTCUSD_PERP,bid,58400,577.86
2024-09-01 08:33:07,BTCUSD_PERP,bid,58400,520.05
2024-09-01 08:35:06,BTCUSD_PERP,bid,58400,519.01
2024-09-01 08:35:06,BTCUSD_PERP,bid,58400,576.82
2024-09-01 08:39:04,BTCUSD_PERP,bid,58400,517.61
2024-09-01 08:39:04,BTCUSD_PERP,bid,58300,575.15
2024-09-01 08:39:34,BTCUSD_PERP,bid,58300,518.74
2024-09-01 08:39:34,BTCUSD_PERP,bid,58300,576.52
2024-09-01 08:39:34,BTCUSD_PERP,bid,58300,517.66
2024-09-01 08:40:03,BTCUSD_PERP,bid,58300,518.82
2024-09-01 08:41:38,BTCUSD_PERP,bid,58300,517.66
2024-09-01 08:48:32,BTCUSD_PERP,bid,58300,518.74
2024-09-01 08:48:34,BTCUSD_PERP,bid,58400,519.01
