2024-08-24 07:00:00,BTCUSDT,bid,62800,643.549
2024-08-24 07:00:17,BTCUSDT,bid,62800,643.552
2024-08-24 07:00:21,BTCUSDT,bid,62800,643.562
2024-08-24 07:00:37,BTCUSDT,bid,62800,643.498
2024-08-24 07:00:38,BTCUSDT,bid,62800,643.488
2024-08-24 07:00:57,BTCUSDT,bid,63300,514.966
2024-08-24 07:01:28,BTCUSDT,bid,63300,514.184
2024-08-24 07:01:48,BTCUSDT,bid,63300,514.484
2024-08-24 07:02:47,BTCUSDT,bid,63300,514.531
2024-08-24 07:03:25,BTCUSDT,bid,63300,514.731
2024-08-24 07:03:31,BTCUSDT,bid,63300,514.777
2024-08-24 07:03:32,BTCUSDT,bid,63300,515.559
2024-08-24 07:03:33,BTCUSDT,bid,63300,516.341
2024-08-24 07:04:03,BTCUSDT,bid,63300,515.559
2024-08-24 07:04:03,BTCUSDT,bid,63300,514.777
2024-08-24 07:04:37,BTCUSDT,bid,62800,643.51
2024-08-24 07:04:46,BTCUSDT,bid,63300,515.25
2024-08-24 07:05:30,BTCUSDT,bid,63300,515.211
2024-08-24 07:05:31,BTCUSDT,bid,62800,643.351
2024-08-24 07:05:53,BTCUSDT,bid,62800,643.347
2024-08-24 07:05:53,BTCUSDT,bid,63300,515.209
2024-08-24 07:07:14,BTCUSDT,bid,62800,643.349
2024-08-24 07:07:23,BTCUSDT,bid,62800,643.425
2024-08-24 07:07:33,BTCUSDT,bid,63300,515.212
2024-08-24 07:07:35,BTCUSDT,bid,63300,515.217
2024-08-24 07:08:22,BTCUSDT,bid,63300,515.214
2024-08-24 07:08:27,BTCUSDT,bid,63300,515.297
2024-08-24 07:08:42,BTCUSDT,bid,62800,643.628
2024-08-24 07:09:35,BTCUSDT,bid,63300,515.308
2024-08-24 07:09:54,BTCUSDT,bid,62800,643.639
2024-08-24 07:10:12,BTCUSDT,bid,62800,643.643
2024-08-24 07:10:38,BTCUSDT,bid,62800,644.424
2024-08-24 07:10:49,BTCUSDT,bid,63300,515.306
2024-08-24 07:11:19,BTCUSDT,bid,63300,515.286
2024-08-24 07:11:46,BTCUSDT,bid,63300,515.402
2024-08-24 07:11:50,BTCUSDT,bid,62800,644.426
2024-08-24 07:12:04,BTCUSDT,bid,63300,515.444
2024-08-24 07:12:27,BTCUSDT,bid,63300,515.464
2024-08-24 07:12:42,BTCUSDT,bid,62800,644.424
2024-08-24 07:13:27,BTCUSDT,bid,63300,515.467
2024-08-24 07:13:33,BTCUSDT,bid,63300,515.469
2024-08-24 07:13:45,BTCUSDT,bid,63300,516.415
2024-08-24 07:13:53,BTCUSDT,bid,63300,516.413
2024-08-24 07:14:02,BTCUSDT,bid,62800,644.436
2024-08-24 07:14:06,BTCUSDT,bid,62800,644.683
2024-08-24 07:14:10,BTCUSDT,bid,62800,645.109
2024-08-24 07:14:16,BTCUSDT,bid,62800,645.309
2024-08-24 07:14:27,BTCUSDT,bid,62800,645.297
2024-08-24 07:15:05,BTCUSDT,bid,62800,645.197
2024-08-24 07:15:08,BTCUSDT,bid,63300,516.462
2024-08-24 07:15:15,BTCUSDT,bid,63300,515.516
2024-08-24 07:15:28,BTCUSDT,bid,62800,645.194
2024-08-24 07:15:42,BTCUSDT,bid,63300,515.548
2024-08-24 07:15:42,BTCUSDT,bid,63300,515.516
2024-08-24 07:15:45,BTCUSDT,bid,63300,515.476
2024-08-24 07:16:07,BTCUSDT,bid,47000,886.81
2024-08-24 07:16:30,BTCUSDT,bid,62800,645.216
2024-08-24 07:16:34,BTCUSDT,bid,63300,515.501
2024-08-24 07:16:56,BTCUSDT,bid,63300,515.489
2024-08-24 07:17:07,BTCUSDT,bid,62800,646.216
2024-08-24 07:18:04,BTCUSDT,bid,63300,515.44
2024-08-24 07:18:04,BTCUSDT,bid,63300,515.47
2024-08-24 07:19:27,BTCUSDT,bid,62800,646.206
2024-08-24 07:19:59,BTCUSDT,bid,63300,515.48
2024-08-24 07:20:06,BTCUSDT,bid,62800,646.241
2024-08-24 07:20:24,BTCUSDT,bid,47000,884.804
2024-08-24 07:20:32,BTCUSDT,bid,63300,515.479
2024-08-24 07:20:37,BTCUSDT,bid,62800,646.231
2024-08-24 07:20:37,BTCUSDT,bid,47000,885.828
2024-08-24 07:21:37,BTCUSDT,bid,63300,516.267
2024-08-24 07:21:42,BTCUSDT,bid,63300,516.242
2024-08-24 07:21:45,BTCUSDT,bid,63300,516.605
2024-08-24 07:21:46,BTCUSDT,bid,63300,517.235
2024-08-24 07:21:49,BTCUSDT,bid,62800,646.24
2024-08-24 07:21:57,BTCUSDT,bid,62800,646.25
2024-08-24 07:22:05,BTCUSDT,bid,62800,646.45
2024-08-24 07:22:07,BTCUSDT,bid,62800,646.25
2024-08-24 07:22:09,BTCUSDT,bid,63300,517.241
2024-08-24 07:23:22,BTCUSDT,bid,62800,646.235
2024-08-24 07:23:32,BTCUSDT,bid,62800,646.242
2024-08-24 07:23:50,BTCUSDT,bid,63300,516.453
2024-08-24 07:23:51,BTCUSDT,bid,63300,515.46
2024-08-24 07:23:57,BTCUSDT,bid,62800,646.254
2024-08-24 07:23:57,BTCUSDT,bid,63300,515.69
2024-08-24 07:24:02,BTCUSDT,bid,63300,515.574
2024-08-24 07:24:14,BTCUSDT,bid,63300,515.582
2024-08-24 07:24:28,BTCUSDT,bid,62800,646.26
2024-08-24 07:24:30,BTCUSDT,bid,62800,646.254
2024-08-24 07:24:45,BTCUSDT,bid,47000,885.773
2024-08-24 07:24:49,BTCUSDT,bid,63300,515.586
2024-08-24 07:24:58,BTCUSDT,bid,63300,515.356
2024-08-24 07:25:01,BTCUSDT,bid,62800,646.256
2024-08-24 07:25:33,BTCUSDT,bid,62800,646.415
2024-08-24 07:25:41,BTCUSDT,bid,63300,515.336
2024-08-24 07:25:55,BTCUSDT,bid,63300,515.414
2024-08-24 07:26:26,BTCUSDT,bid,63300,515.406
2024-08-24 07:26:33,BTCUSDT,bid,62800,646.359
2024-08-24 07:27:18,BTCUSDT,bid,62800,646.559
2024-08-24 07:27:20,BTCUSDT,bid,62800,646.359
2024-08-24 07:27:21,BTCUSDT,bid,62800,646.559
2024-08-24 07:27:23,BTCUSDT,bid,62800,646.359
2024-08-24 07:27:45,BTCUSDT,bid,63300,515.413
2024-08-24 07:28:16,BTCUSDT,bid,63300,515.386
2024-08-24 07:28:18,BTCUSDT,bid,63300,515.382
2024-08-24 07:28:24,BTCUSDT,bid,63300,515.34
2024-08-24 07:28:35,BTCUSDT,bid,63300,515.342
2024-08-24 07:28:42,BTCUSDT,bid,62800,646.374
2024-08-24 07:28:46,BTCUSDT,bid,63300,518.48
2024-08-24 07:28:48,BTCUSDT,bid,62800,646.376
2024-08-24 07:28:52,BTCUSDT,bid,63300,518.483
2024-08-24 07:29:21,BTCUSDT,bid,62800,646.975
2024-08-24 07:29:21,BTCUSDT,bid,63300,518.485
2024-08-24 07:29:23,BTCUSDT,bid,62800,647.13
2024-08-24 07:29:32,BTCUSDT,bid,62800,646.975
2024-08-24 07:29:41,BTCUSDT,bid,62800,646.376
2024-08-24 07:29:59,BTCUSDT,bid,62800,644.604
2024-08-24 07:30:27,BTCUSDT,bid,63300,518.455
2024-08-24 07:30:47,BTCUSDT,bid,62800,644.624
2024-08-24 07:31:13,BTCUSDT,bid,63300,519.455
2024-08-24 07:31:56,BTCUSDT,bid,62800,644.666
2024-08-24 07:32:17,BTCUSDT,bid,62800,644.686
2024-08-24 07:32:54,BTCUSDT,bid,63300,519.448
2024-08-24 07:33:10,BTCUSDT,bid,62800,644.645
2024-08-24 07:33:12,BTCUSDT,bid,63300,519.7
2024-08-24 07:33:19,BTCUSDT,bid,63300,519.747
2024-08-24 07:34:02,BTCUSDT,bid,62800,644.845
2024-08-24 07:34:17,BTCUSDT,bid,63300,520.247
2024-08-24 07:34:27,BTCUSDT,bid,62800,644.823
2024-08-24 07:34:29,BTCUSDT,bid,62800,644.623
2024-08-24 07:34:47,BTCUSDT,bid,62800,644.638
2024-08-24 07:34:50,BTCUSDT,bid,63300,520.249
2024-08-24 07:34:52,BTCUSDT,bid,63300,517.111
2024-08-24 07:34:59,BTCUSDT,bid,63300,517.311
2024-08-24 07:35:01,BTCUSDT,bid,62800,644.662
2024-08-24 07:35:08,BTCUSDT,bid,62800,643.881
2024-08-24 07:35:12,BTCUSDT,bid,62800,643.891
2024-08-24 07:35:25,BTCUSDT,bid,62800,643.893
2024-08-24 07:36:04,BTCUSDT,bid,62800,643.889
2024-08-24 07:36:18,BTCUSDT,bid,62800,643.813
2024-08-24 07:36:27,BTCUSDT,bid,63300,517.166
2024-08-24 07:37:12,BTCUSDT,bid,62800,643.823
2024-08-24 07:37:34,BTCUSDT,bid,63300,517.132
2024-08-24 07:37:43,BTCUSDT,bid,62800,643.873
2024-08-24 07:37:46,BTCUSDT,bid,63300,517.477
2024-08-24 07:37:50,BTCUSDT,bid,63300,517.5
2024-08-24 07:37:51,BTCUSDT,bid,62800,643.864
2024-08-24 07:38:12,BTCUSDT,bid,62800,644.064
2024-08-24 07:38:15,BTCUSDT,bid,62800,643.864
2024-08-24 07:38:17,BTCUSDT,bid,63300,517.65
2024-08-24 07:38:20,BTCUSDT,bid,62800,643.862
2024-08-24 07:38:37,BTCUSDT,bid,62800,644.062
2024-08-24 07:38:39,BTCUSDT,bid,62800,643.862
2024-08-24 07:38:55,BTCUSDT,bid,63300,517.655
2024-08-24 07:38:56,BTCUSDT,bid,62800,643.912
2024-08-24 07:40:03,BTCUSDT,bid,63300,517.678
2024-08-24 07:41:09,BTCUSDT,bid,62800,643.665
2024-08-24 07:41:55,BTCUSDT,bid,62800,643.673
2024-08-24 07:41:57,BTCUSDT,bid,63300,517.686
2024-08-24 07:42:36,BTCUSDT,bid,63300,517.764
2024-08-24 07:43:02,BTCUSDT,bid,62800,643.676
2024-08-24 07:43:02,BTCUSDT,bid,63300,517.767
2024-08-24 07:43:07,BTCUSDT,bid,62800,643.726
2024-08-24 07:43:26,BTCUSDT,bid,63300,517.774
2024-08-24 07:43:33,BTCUSDT,bid,63300,516.774
2024-08-24 07:43:55,BTCUSDT,bid,63300,517.274
2024-08-24 07:44:19,BTCUSDT,bid,63300,517.774
2024-08-24 07:44:26,BTCUSDT,bid,63300,518.979
2024-08-24 07:44:32,BTCUSDT,bid,63300,518.999
2024-08-24 07:44:40,BTCUSDT,bid,62800,643.826
2024-08-24 07:44:55,BTCUSDT,bid,63300,517.491
2024-08-24 07:45:13,BTCUSDT,bid,62800,644.026
2024-08-24 07:45:15,BTCUSDT,bid,62800,643.826
2024-08-24 07:45:24,BTCUSDT,bid,63300,518.491
2024-08-24 07:46:16,BTCUSDT,bid,62800,644.026
2024-08-24 07:46:19,BTCUSDT,bid,62800,643.826
2024-08-24 07:46:24,BTCUSDT,bid,62800,644.026
2024-08-24 07:46:26,BTCUSDT,bid,62800,643.826
2024-08-24 07:46:36,BTCUSDT,bid,62800,643.985
2024-08-24 07:46:43,BTCUSDT,bid,62800,643.987
2024-08-24 07:47:39,BTCUSDT,bid,63300,518.413
2024-08-24 07:48:14,BTCUSDT,bid,62800,643.977
2024-08-24 07:48:47,BTCUSDT,bid,62800,643.984
2024-08-24 07:49:05,BTCUSDT,bid,63300,518.411
2024-08-24 07:50:39,BTCUSDT,bid,63300,518.501
2024-08-24 07:50:51,BTCUSDT,bid,62800,644.774
2024-08-24 07:51:33,BTCUSDT,bid,62800,644.824
2024-08-24 07:51:37,BTCUSDT,bid,62800,644.839
2024-08-24 07:52:04,BTCUSDT,bid,62800,645.021
2024-08-24 07:52:15,BTCUSDT,bid,62800,644.231
2024-08-24 07:52:31,BTCUSDT,bid,63300,518.344
2024-08-24 07:52:46,BTCUSDT,bid,63300,518.346
2024-08-24 07:53:51,BTCUSDT,bid,63300,518.396
2024-08-24 07:54:19,BTCUSDT,bid,62800,644.278
2024-08-24 07:54:22,BTCUSDT,bid,63300,518.404
2024-08-24 07:54:53,BTCUSDT,bid,62800,644.373
2024-08-24 07:55:10,BTCUSDT,bid,62800,644.623
2024-08-24 07:55:59,BTCUSDT,bid,63300,518.467
2024-08-24 07:56:49,BTCUSDT,bid,63300,517.967
2024-08-24 07:56:54,BTCUSDT,bid,63300,517.959
2024-08-24 07:56:56,BTCUSDT,bid,63300,517.969
2024-08-24 07:57:13,BTCUSDT,bid,47000,885.769
2024-08-24 07:57:13,BTCUSDT,bid,63300,517.977
2024-08-24 07:57:15,BTCUSDT,bid,63300,517.979
2024-08-24 07:57:25,BTCUSDT,bid,63300,517.977
2024-08-24 07:57:59,BTCUSDT,bid,63300,517.777
2024-08-24 07:58:02,BTCUSDT,bid,62800,644.673
2024-08-24 07:58:18,BTCUSDT,bid,62800,644.514
2024-08-24 07:58:53,BTCUSDT,bid,63300,517.769
2024-08-24 07:58:55,BTCUSDT,bid,63300,517.784
2024-08-24 07:58:58,BTCUSDT,bid,62800,644.516
2024-08-24 07:59:01,BTCUSDT,bid,63300,517.809
2024-08-24 07:59:24,BTCUSDT,bid,62800,644.463
2024-08-24 07:59:45,BTCUSDT,bid,62800,644.478
2024-08-24 07:59:50,BTCUSDT,bid,62800,644.476
2024-08-24 07:59:51,BTCUSDT,bid,62800,644.493
2024-08-24 07:59:55,BTCUSDT,bid,63300,517.859
2024-08-24 08:00:30,BTCUSDT,bid,63300,517.869
2024-08-24 08:00:53,BTCUSDT,bid,63300,517.87
2024-08-24 08:01:11,BTCUSDT,bid,62800,646.417
2024-08-24 08:02:00,BTCUSDT,bid,63300,517.873
2024-08-24 08:02:07,BTCUSDT,bid,63300,517.87
2024-08-24 08:02:35,BTCUSDT,bid,63300,517.872
2024-08-24 08:02:58,BTCUSDT,bid,62800,646.419
2024-08-24 08:03:09,BTCUSDT,bid,63300,517.926
2024-08-24 08:03:20,BTCUSDT,bid,63300,518.185
2024-08-24 08:03:23,BTCUSDT,bid,63300,518.178
2024-08-24 08:04:47,BTCUSDT,bid,62800,646.434
2024-08-24 08:05:15,BTCUSDT,bid,63300,518.079
2024-08-24 08:05:35,BTCUSDT,bid,62800,646.426
2024-08-24 08:06:01,BTCUSDT,bid,63300,518.179
2024-08-24 08:06:04,BTCUSDT,bid,63300,518.079
2024-08-24 08:07:11,BTCUSDT,bid,62800,647.54
2024-08-24 08:07:40,BTCUSDT,bid,63300,518.072
2024-08-24 08:07:48,BTCUSDT,bid,62800,648.97
2024-08-24 08:08:12,BTCUSDT,bid,62800,648.98
2024-08-24 08:08:28,BTCUSDT,bid,63300,518.172
2024-08-24 08:08:30,BTCUSDT,bid,63300,518.072
2024-08-24 08:08:31,BTCUSDT,bid,63300,518.172
2024-08-24 08:08:34,BTCUSDT,bid,63300,518.072
2024-08-24 08:09:02,BTCUSDT,bid,63300,517.922
2024-08-24 08:09:20,BTCUSDT,bid,62800,649.436
2024-08-24 08:10:11,BTCUSDT,bid,62800,649.481
2024-08-24 08:10:17,BTCUSDT,bid,63300,518.02
2024-08-24 08:10:57,BTCUSDT,bid,62800,649.504
2024-08-24 08:11:01,BTCUSDT,bid,63300,518.018
2024-08-24 08:11:22,BTCUSDT,bid,62800,649.481
2024-08-24 08:11:22,BTCUSDT,bid,62800,649.551
2024-08-24 08:11:34,BTCUSDT,bid,62800,649.574
2024-08-24 08:13:20,BTCUSDT,bid,62800,652.574
2024-08-24 08:14:47,BTCUSDT,bid,62800,652.475
2024-08-24 08:14:55,BTCUSDT,bid,62800,652.498
2024-08-24 08:15:17,BTCUSDT,bid,62800,652.545
2024-08-24 08:15:29,BTCUSDT,bid,62800,652.624
2024-08-24 08:15:50,BTCUSDT,bid,63300,518.038
2024-08-24 08:16:05,BTCUSDT,bid,62800,652.609
2024-08-24 08:16:05,BTCUSDT,bid,63300,518.023
2024-08-24 08:16:45,BTCUSDT,bid,63300,518.123
2024-08-24 08:16:48,BTCUSDT,bid,63300,518.023
2024-08-24 08:16:49,BTCUSDT,bid,62800,652.619
2024-08-24 08:16:52,BTCUSDT,bid,63300,518.123
2024-08-24 08:16:55,BTCUSDT,bid,63300,518.023
2024-08-24 08:17:00,BTCUSDT,bid,62800,652.624
2024-08-24 08:17:25,BTCUSDT,bid,63300,518.123
2024-08-24 08:17:28,BTCUSDT,bid,63300,518.023
2024-08-24 08:17:28,BTCUSDT,bid,63300,518.123
2024-08-24 08:17:31,BTCUSDT,bid,63300,518.023
2024-08-24 08:17:31,BTCUSDT,bid,63300,518.123
2024-08-24 08:17:35,BTCUSDT,bid,63300,518.023
2024-08-24 08:17:42,BTCUSDT,bid,63300,518.123
2024-08-24 08:17:45,BTCUSDT,bid,63300,518.023
2024-08-24 08:17:46,BTCUSDT,bid,63300,518.123
2024-08-24 08:17:48,BTCUSDT,bid,62800,652.628
2024-08-24 08:17:49,BTCUSDT,bid,63300,518.023
2024-08-24 08:17:49,BTCUSDT,bid,63300,518.025
2024-08-24 08:17:50,BTCUSDT,bid,63300,518.125
2024-08-24 08:17:52,BTCUSDT,bid,63300,518.025
2024-08-24 08:17:53,BTCUSDT,bid,63300,518.125
2024-08-24 08:17:56,BTCUSDT,bid,63300,518.025
2024-08-24 08:17:56,BTCUSDT,bid,63300,518.125
2024-08-24 08:17:59,BTCUSDT,bid,63300,518.025
2024-08-24 08:18:00,BTCUSDT,bid,63300,518.125
2024-08-24 08:18:03,BTCUSDT,bid,63300,518.025
2024-08-24 08:18:04,BTCUSDT,bid,63300,518.125
2024-08-24 08:18:06,BTCUSDT,bid,63300,518.025
2024-08-24 08:18:07,BTCUSDT,bid,63300,518.125
2024-08-24 08:18:10,BTCUSDT,bid,63300,518.025
2024-08-24 08:18:37,BTCUSDT,bid,63300,516.933
2024-08-24 08:19:11,BTCUSDT,bid,62800,652.631
2024-08-24 08:19:11,BTCUSDT,bid,63300,516.936
2024-08-24 08:19:23,BTCUSDT,bid,63300,516.943
2024-08-24 08:19:27,BTCUSDT,bid,63300,516.923
2024-08-24 08:19:33,BTCUSDT,bid,63300,516.943
2024-08-24 08:19:38,BTCUSDT,bid,63300,516.923
2024-08-24 08:19:45,BTCUSDT,bid,63300,516.946
2024-08-24 08:19:46,BTCUSDT,bid,63300,516.993
2024-08-24 08:19:57,BTCUSDT,bid,62800,652.694
2024-08-24 08:19:59,BTCUSDT,bid,63300,516.895
2024-08-24 08:20:19,BTCUSDT,bid,62800,652.624
2024-08-24 08:20:30,BTCUSDT,bid,63300,516.902
2024-08-24 08:20:35,BTCUSDT,bid,63300,516.899
2024-08-24 08:20:50,BTCUSDT,bid,62800,652.658
2024-08-24 08:21:14,BTCUSDT,bid,62800,652.695
2024-08-24 08:21:40,BTCUSDT,bid,62800,652.705
2024-08-24 08:21:40,BTCUSDT,bid,63300,516.909
2024-08-24 08:21:43,BTCUSDT,bid,63300,516.986
2024-08-24 08:21:49,BTCUSDT,bid,62800,652.707
2024-08-24 08:21:55,BTCUSDT,bid,62800,652.697
2024-08-24 07:00:13,BTCUSD_PERP,bid,63500,565.72
2024-08-24 07:00:13,BTCUSD_PERP,bid,63500,502.81
2024-08-24 07:00:24,BTCUSD_PERP,bid,63500,501.48
2024-08-24 07:02:29,BTCUSD_PERP,bid,63500,627.16
2024-08-24 07:02:29,BTCUSD_PERP,bid,63500,690.07
2024-08-24 07:03:40,BTCUSD_PERP,bid,63500,627.79
2024-08-24 07:03:40,BTCUSD_PERP,bid,63500,564.88
2024-08-24 07:03:40,BTCUSD_PERP,bid,63500,501.97
2024-08-24 07:03:41,BTCUSD_PERP,bid,63500,501.04
2024-08-24 07:03:41,BTCUSD_PERP,bid,63500,626.94
2024-08-24 07:03:41,BTCUSD_PERP,bid,63500,815.15
2024-08-24 07:03:41,BTCUSD_PERP,bid,63500,878.1
2024-08-24 07:03:41,BTCUSD_PERP,bid,63500,940.95
2024-08-24 07:03:42,BTCUSD_PERP,bid,63500,1003.26
2024-08-24 07:03:42,BTCUSD_PERP,bid,63500,1065.57
2024-08-24 07:05:13,BTCUSD_PERP,bid,63500,1065.57
2024-08-24 07:05:22,BTCUSD_PERP,bid,63500,813.87
2024-08-24 07:05:23,BTCUSD_PERP,bid,63500,751.56
2024-08-24 07:05:23,BTCUSD_PERP,bid,63500,626.3
2024-08-24 07:05:23,BTCUSD_PERP,bid,63500,501.04
2024-08-24 07:05:23,BTCUSD_PERP,bid,63600,564.8
2024-08-24 07:05:24,BTCUSD_PERP,bid,63600,627.14
2024-08-24 07:05:24,BTCUSD_PERP,bid,63600,690.12
2024-08-24 07:05:41,BTCUSD_PERP,bid,63600,627.14
2024-08-24 07:05:42,BTCUSD_PERP,bid,63600,501.92
2024-08-24 07:05:42,BTCUSD_PERP,bid,63600,502.78
2024-08-24 07:05:42,BTCUSD_PERP,bid,63600,628.18
2024-08-24 07:05:43,BTCUSD_PERP,bid,63600,691.2
2024-08-24 07:05:43,BTCUSD_PERP,bid,63600,753.58
2024-08-24 07:06:39,BTCUSD_PERP,bid,63600,627.34
2024-08-24 07:06:39,BTCUSD_PERP,bid,63600,690.33
2024-08-24 07:07:33,BTCUSD_PERP,ask,64800,508.03
2024-08-24 07:07:33,BTCUSD_PERP,ask,64800,518.39
2024-08-24 07:08:11,BTCUSD_PERP,bid,63400,486.51
2024-08-24 07:08:11,BTCUSD_PERP,bid,63500,1065.06
2024-08-24 07:08:11,BTCUSD_PERP,bid,63400,549.32
2024-08-24 07:08:11,BTCUSD_PERP,bid,63500,1127.98
2024-08-24 07:08:20,BTCUSD_PERP,ask,64700,476.45
2024-08-24 07:09:07,BTCUSD_PERP,ask,64700,470.04
2024-08-24 07:10:20,BTCUSD_PERP,bid,63500,814.14
2024-08-24 07:10:20,BTCUSD_PERP,bid,63500,1127.26
2024-08-24 07:10:20,BTCUSD_PERP,bid,63400,501.86
2024-08-24 07:10:20,BTCUSD_PERP,bid,63500,1190.14
2024-08-24 07:10:39,BTCUSD_PERP,bid,63500,1065.66
2024-08-24 07:10:39,BTCUSD_PERP,bid,63400,750.83
2024-08-24 07:10:39,BTCUSD_PERP,bid,63400,939.35
2024-08-24 07:10:39,BTCUSD_PERP,bid,63400,501.09
2024-08-24 07:10:39,BTCUSD_PERP,bid,63400,1002.19
2024-08-24 07:10:53,BTCUSD_PERP,ask,64700,467.69
2024-08-24 07:12:47,BTCUSD_PERP,bid,63400,1002.82
2024-08-24 07:12:54,BTCUSD_PERP,bid,63400,939.98
2024-08-24 07:12:54,BTCUSD_PERP,bid,63400,500.59
2024-08-24 07:12:55,BTCUSD_PERP,bid,63300,506.8
2024-08-24 07:12:55,BTCUSD_PERP,bid,63400,1001.08
2024-08-24 07:12:55,BTCUSD_PERP,bid,63300,569.5
2024-08-24 07:13:20,BTCUSD_PERP,bid,63300,563.58
2024-08-24 07:15:03,BTCUSD_PERP,bid,63400,938.27
2024-08-24 07:15:03,BTCUSD_PERP,bid,63400,875.46
2024-08-24 07:15:03,BTCUSD_PERP,bid,63300,501.46
2024-08-24 07:15:03,BTCUSD_PERP,bid,63400,750.47
2024-08-24 07:15:03,BTCUSD_PERP,bid,63400,562.67
2024-08-24 07:15:04,BTCUSD_PERP,bid,63400,500.49
2024-08-24 07:15:04,BTCUSD_PERP,bid,63400,500.24
2024-08-24 07:15:04,BTCUSD_PERP,bid,63400,562.45
2024-08-24 07:15:56,BTCUSD_PERP,bid,63400,500.24
2024-08-24 07:15:57,BTCUSD_PERP,bid,63400,500.49
2024-08-24 07:15:57,BTCUSD_PERP,bid,63400,563.3
2024-08-24 07:15:57,BTCUSD_PERP,bid,63400,750.47
2024-08-24 07:16:10,BTCUSD_PERP,bid,63400,574.23
2024-08-24 07:17:00,BTCUSD_PERP,bid,63400,511.46
2024-08-24 07:17:30,BTCUSD_PERP,bid,63400,500.96
2024-08-24 07:17:30,BTCUSD_PERP,bid,63400,563.72
2024-08-24 07:17:31,BTCUSD_PERP,bid,63400,626.58
2024-08-24 07:18:54,BTCUSD_PERP,bid,63400,814.76
2024-08-24 07:19:53,BTCUSD_PERP,bid,63400,563.43
2024-08-24 07:19:53,BTCUSD_PERP,bid,63400,626.25
2024-08-24 07:19:53,BTCUSD_PERP,bid,63400,751.26
2024-08-24 07:19:55,BTCUSD_PERP,bid,63400,751.31
2024-08-24 07:20:03,BTCUSD_PERP,ask,64900,539.59
2024-08-24 07:20:13,BTCUSD_PERP,bid,63400,689.13
2024-08-24 07:20:14,BTCUSD_PERP,bid,63400,626.31
2024-08-24 07:20:14,BTCUSD_PERP,bid,47000,2444.54
2024-08-24 07:20:14,BTCUSD_PERP,bid,63400,501.59
2024-08-24 07:23:48,BTCUSD_PERP,ask,64600,495.41
2024-08-24 07:23:50,BTCUSD_PERP,ask,64600,501.86
2024-08-24 07:23:51,BTCUSD_PERP,bid,63300,498.88
2024-08-24 07:24:43,BTCUSD_PERP,ask,64600,491.85
2024-08-24 07:24:44,BTCUSD_PERP,ask,64600,481.52
2024-08-24 07:24:46,BTCUSD_PERP,ask,64600,471.19
2024-08-24 07:25:42,BTCUSD_PERP,bid,63300,498.61
2024-08-24 07:31:48,BTCUSD_PERP,ask,64600,474.45
2024-08-24 07:31:50,BTCUSD_PERP,ask,64600,484.77
2024-08-24 07:32:32,BTCUSD_PERP,ask,64500,468.36
2024-08-24 07:32:34,BTCUSD_PERP,ask,64500,478.67
2024-08-24 07:33:33,BTCUSD_PERP,ask,64500,468.35
2024-08-24 07:34:49,BTCUSD_PERP,ask,64600,468.34
2024-08-24 07:34:50,BTCUSD_PERP,ask,64600,478.34
2024-08-24 07:34:51,BTCUSD_PERP,ask,64600,488.66
2024-08-24 07:34:52,BTCUSD_PERP,ask,64600,495.11
2024-08-24 07:34:54,BTCUSD_PERP,ask,64600,501.56
2024-08-24 07:35:06,BTCUSD_PERP,bid,63300,500.03
2024-08-24 07:35:06,BTCUSD_PERP,bid,63300,562.77
2024-08-24 07:35:06,BTCUSD_PERP,bid,63300,500.9
2024-08-24 07:37:09,BTCUSD_PERP,bid,63300,500.03
2024-08-24 07:37:41,BTCUSD_PERP,ask,64600,475.0
2024-08-24 07:37:43,BTCUSD_PERP,ask,64600,481.45
2024-08-24 07:38:20,BTCUSD_PERP,ask,64600,468.83
2024-08-24 07:38:21,BTCUSD_PERP,ask,64600,475.29
2024-08-24 07:38:30,BTCUSD_PERP,bid,63400,501.67
2024-08-24 07:39:20,BTCUSD_PERP,ask,64600,464.96
2024-08-24 07:41:00,BTCUSD_PERP,bid,63500,501.68
2024-08-24 07:41:31,BTCUSD_PERP,bid,63500,511.33
2024-08-24 07:42:24,BTCUSD_PERP,bid,63400,500.78
2024-08-24 07:42:24,BTCUSD_PERP,bid,63400,563.63
2024-08-24 07:43:20,BTCUSD_PERP,ask,64700,476.11
2024-08-24 07:43:22,BTCUSD_PERP,ask,64700,486.45
2024-08-24 07:43:23,BTCUSD_PERP,ask,64700,503.24
2024-08-24 07:43:26,BTCUSD_PERP,ask,64700,513.58
2024-08-24 07:44:13,BTCUSD_PERP,bid,63400,500.78
2024-08-24 07:44:22,BTCUSD_PERP,ask,64700,503.24
2024-08-24 07:44:24,BTCUSD_PERP,ask,64700,492.91
2024-08-24 07:44:24,BTCUSD_PERP,ask,64700,486.45
2024-08-24 07:44:27,BTCUSD_PERP,ask,64700,476.11
2024-08-24 07:47:25,BTCUSD_PERP,bid,63400,500.83
2024-08-24 07:47:25,BTCUSD_PERP,bid,63400,563.04
2024-08-24 07:47:25,BTCUSD_PERP,bid,63400,625.88
2024-08-24 07:47:27,BTCUSD_PERP,bid,63400,500.79
2024-08-24 07:47:28,BTCUSD_PERP,bid,63400,563.64
2024-08-24 07:48:29,BTCUSD_PERP,bid,63400,563.67
2024-08-24 07:48:29,BTCUSD_PERP,bid,63400,501.46
2024-08-24 07:48:31,BTCUSD_PERP,bid,63500,500.48
2024-08-24 07:48:31,BTCUSD_PERP,bid,63500,563.36
2024-08-24 07:48:31,BTCUSD_PERP,bid,63500,626.24
2024-08-24 07:48:32,BTCUSD_PERP,bid,63400,500.79
2024-08-24 07:48:46,BTCUSD_PERP,bid,63500,501.12
2024-08-24 07:49:04,BTCUSD_PERP,bid,63500,564.34
2024-08-24 07:50:46,BTCUSD_PERP,bid,63500,564.08
2024-08-24 07:51:17,BTCUSD_PERP,bid,63500,501.41
2024-08-24 07:53:24,BTCUSD_PERP,bid,63500,500.56
2024-08-24 07:54:26,BTCUSD_PERP,bid,63400,510.81
2024-08-24 07:54:36,BTCUSD_PERP,ask,64700,469.2
2024-08-24 07:54:37,BTCUSD_PERP,ask,64700,479.54
2024-08-24 07:54:37,BTCUSD_PERP,ask,64700,500.87
2024-08-24 07:54:42,BTCUSD_PERP,ask,64700,507.33
2024-08-24 07:54:45,BTCUSD_PERP,ask,64700,513.79
2024-08-24 07:54:45,BTCUSD_PERP,ask,64700,520.25
2024-08-24 07:54:46,BTCUSD_PERP,ask,64700,526.71
2024-08-24 07:54:47,BTCUSD_PERP,ask,64700,537.05
2024-08-24 07:54:52,BTCUSD_PERP,ask,64700,543.51
2024-08-24 07:54:55,BTCUSD_PERP,ask,64700,553.85
2024-08-24 07:55:32,BTCUSD_PERP,ask,64700,543.51
2024-08-24 07:55:36,BTCUSD_PERP,ask,64700,533.17
2024-08-24 07:55:37,BTCUSD_PERP,ask,64700,522.83
2024-08-24 07:55:45,BTCUSD_PERP,ask,64700,516.37
2024-08-24 07:55:46,BTCUSD_PERP,ask,64700,509.91
2024-08-24 07:55:47,BTCUSD_PERP,ask,64700,499.57
2024-08-24 07:55:53,BTCUSD_PERP,ask,64700,493.11
2024-08-24 07:55:55,BTCUSD_PERP,ask,64700,482.77
2024-08-24 07:58:27,BTCUSD_PERP,bid,63400,510.86
2024-08-24 08:01:48,BTCUSD_PERP,bid,63400,510.81
2024-08-24 08:02:46,BTCUSD_PERP,bid,63400,500.0
2024-08-24 08:03:13,BTCUSD_PERP,ask,64700,485.78
2024-08-24 08:03:13,BTCUSD_PERP,ask,64900,603.84
2024-08-24 08:04:06,BTCUSD_PERP,ask,64700,475.77
2024-08-24 08:04:09,BTCUSD_PERP,ask,64700,465.43
2024-08-24 08:04:37,BTCUSD_PERP,bid,63400,573.06
2024-08-24 08:04:42,BTCUSD_PERP,bid,63400,573.11
2024-08-24 08:04:57,BTCUSD_PERP,ask,64900,539.59
2024-08-24 08:05:01,BTCUSD_PERP,bid,63400,510.33
2024-08-24 08:05:01,BTCUSD_PERP,bid,63300,499.66
2024-08-24 08:06:25,BTCUSD_PERP,bid,63300,499.67
2024-08-24 08:06:25,BTCUSD_PERP,bid,63300,499.66
2024-08-24 08:08:49,BTCUSD_PERP,bid,63300,499.47
2024-08-24 08:08:49,BTCUSD_PERP,bid,63300,562.22
2024-08-24 08:08:50,BTCUSD_PERP,bid,63300,624.34
2024-08-24 08:08:51,BTCUSD_PERP,bid,63300,624.39
2024-08-24 08:09:09,BTCUSD_PERP,bid,63300,562.27
2024-08-24 08:09:09,BTCUSD_PERP,bid,63300,499.52
2024-08-24 08:11:47,BTCUSD_PERP,bid,63400,501.17
2024-08-24 08:11:47,BTCUSD_PERP,bid,63400,563.35
2024-08-24 08:11:48,BTCUSD_PERP,bid,63400,501.3
2024-08-24 08:11:48,BTCUSD_PERP,bid,63400,625.67
2024-08-24 08:11:49,BTCUSD_PERP,bid,63400,687.86
2024-08-24 08:12:22,BTCUSD_PERP,bid,63400,625.34
2024-08-24 08:12:26,BTCUSD_PERP,bid,63400,500.22
2024-08-24 08:12:26,BTCUSD_PERP,bid,63400,563.0
2024-08-24 08:12:43,BTCUSD_PERP,bid,63400,565.28
2024-08-24 08:12:54,BTCUSD_PERP,bid,63400,565.33
2024-08-24 08:13:14,BTCUSD_PERP,bid,63300,547.34
2024-08-24 08:13:14,BTCUSD_PERP,bid,63300,1000.11
2024-08-24 08:13:14,BTCUSD_PERP,bid,63300,1062.86
2024-08-24 08:13:14,BTCUSD_PERP,bid,63300,609.98
2024-08-24 08:18:29,BTCUSD_PERP,bid,63300,874.61
2024-08-24 08:18:29,BTCUSD_PERP,bid,63200,557.52
2024-08-24 08:18:29,BTCUSD_PERP,bid,63300,998.77
2024-08-24 08:18:29,BTCUSD_PERP,bid,63200,620.12
2024-08-24 08:18:29,BTCUSD_PERP,bid,63300,1061.48
2024-08-24 08:18:51,BTCUSD_PERP,bid,63200,484.11
2024-08-24 08:18:51,BTCUSD_PERP,bid,63300,811.73
2024-08-24 08:18:51,BTCUSD_PERP,bid,63300,874.4
2024-08-24 08:18:55,BTCUSD_PERP,bid,63300,874.13
2024-08-24 08:19:52,BTCUSD_PERP,bid,63300,623.55
2024-08-24 08:19:52,BTCUSD_PERP,bid,63200,498.32
2024-08-24 08:19:52,BTCUSD_PERP,bid,63200,560.93
2024-08-24 08:20:08,BTCUSD_PERP,bid,63200,498.32
2024-08-24 08:20:10,BTCUSD_PERP,bid,63200,498.0
2024-08-24 08:20:10,BTCUSD_PERP,bid,63200,623.3
2024-08-24 08:20:10,BTCUSD_PERP,bid,63200,748.6
2024-08-24 08:20:37,BTCUSD_PERP,bid,63200,686.59
2024-08-24 08:20:37,BTCUSD_PERP,bid,63200,561.29
2024-08-24 08:20:38,BTCUSD_PERP,bid,63300,498.96
2024-08-24 08:20:38,BTCUSD_PERP,bid,63300,624.34
2024-08-24 08:20:38,BTCUSD_PERP,bid,63300,749.08
2024-08-24 08:20:38,BTCUSD_PERP,bid,63300,811.77
2024-08-24 08:20:39,BTCUSD_PERP,bid,63300,873.82
2024-08-24 08:20:39,BTCUSD_PERP,bid,63300,935.87
2024-08-24 08:20:39,BTCUSD_PERP,bid,63200,484.8
2024-08-24 08:21:24,BTCUSD_PERP,bid,63200,877.2
2024-08-24 08:21:24,BTCUSD_PERP,bid,63200,484.54
2024-08-24 08:21:33,BTCUSD_PERP,ask,64500,467.67
2024-08-24 08:21:35,BTCUSD_PERP,bid,63200,872.76
2024-08-24 08:21:43,BTCUSD_PERP,ask,64500,477.98
2024-08-24 08:21:44,BTCUSD_PERP,ask,64500,488.28
2024-08-24 08:21:45,BTCUSD_PERP,ask,64500,498.59
2024-08-24 08:21:51,BTCUSD_PERP,bid,63200,872.27
2024-08-24 08:21:51,BTCUSD_PERP,bid,63100,484.3
