2024-09-16 08:13:18,BTCUSDT,bid,47000,865.867
2024-09-16 08:13:56,BTCUSDT,bid,47000,865.846
2024-09-16 08:24:54,BTCUSDT,bid,47000,865.843
2024-09-16 08:33:47,BTCUSDT,bid,47000,865.84
2024-09-16 08:38:05,BTCUSDT,bid,47000,865.843
2024-09-16 08:53:25,BTCUSDT,bid,47000,865.84
2024-09-16 08:56:53,BTCUSDT,bid,47000,865.837
2024-09-16 09:11:27,BTCUSDT,bid,47000,865.8
2024-09-16 09:12:34,BTCUSDT,bid,47000,865.59
2024-09-16 09:15:00,BTCUSDT,bid,47000,867.411
2024-09-16 09:52:33,BTCUSDT,bid,47000,867.431
2024-09-16 10:01:08,BTCUSDT,bid,47000,865.61
2024-09-16 10:03:54,BTCUSDT,bid,47000,865.607
2024-09-16 10:24:59,BTCUSDT,bid,47300,806.594
2024-09-16 10:25:15,BTCUSDT,bid,47300,810.594
2024-09-16 10:27:05,BTCUSDT,bid,47300,806.594
2024-09-16 10:27:09,BTCUSDT,bid,47300,804.594
2024-09-16 10:27:09,BTCUSDT,bid,47500,632.353
2024-09-16 10:27:59,BTCUSDT,bid,47500,633.353
2024-09-16 10:42:23,BTCUSDT,bid,47000,865.628
2024-09-16 10:45:06,BTCUSDT,bid,47000,865.798
2024-09-16 10:45:17,BTCUSDT,bid,47000,865.628
2024-09-16 11:03:11,BTCUSDT,bid,47500,633.395
2024-09-16 11:06:36,BTCUSDT,bid,47500,633.405
2024-09-16 11:06:36,BTCUSDT,bid,47500,633.416
2024-09-16 11:06:37,BTCUSDT,bid,47500,633.426
2024-09-16 11:07:55,BTCUSDT,bid,47500,633.415
2024-09-16 11:08:03,BTCUSDT,bid,47500,633.405
2024-09-16 11:08:21,BTCUSDT,bid,47500,633.395
2024-09-16 11:19:19,BTCUSDT,bid,47500,633.364
2024-09-16 11:28:51,BTCUSDT,bid,47000,866.128
2024-09-16 11:39:13,BTCUSDT,bid,47000,866.003
2024-09-16 11:39:13,BTCUSDT,bid,47500,633.24
2024-09-16 11:42:59,BTCUSDT,bid,47000,866.006
2024-09-16 11:45:33,BTCUSDT,bid,47000,862.981
2024-09-16 12:04:24,BTCUSDT,bid,57500,527.352
2024-09-16 12:04:40,BTCUSDT,bid,57500,527.348
2024-09-16 12:04:46,BTCUSDT,bid,57500,528.348
2024-09-16 12:05:06,BTCUSDT,bid,57500,528.35
2024-09-16 12:05:10,BTCUSDT,bid,57500,528.333
2024-09-16 12:05:10,BTCUSDT,bid,57500,529.891
2024-09-16 12:05:32,BTCUSDT,bid,57500,529.908
2024-09-16 12:05:50,BTCUSDT,bid,57500,529.903
2024-09-16 12:05:56,BTCUSDT,bid,57500,529.89
2024-09-16 12:06:06,BTCUSDT,bid,47500,633.245
2024-09-16 12:06:06,BTCUSDT,bid,57500,529.895
2024-09-16 12:06:39,BTCUSDT,bid,57500,530.066
2024-09-16 12:06:49,BTCUSDT,bid,57500,530.101
2024-09-16 12:06:51,BTCUSDT,bid,57500,529.58
2024-09-16 12:07:33,BTCUSDT,bid,57500,529.578
2024-09-16 12:08:07,BTCUSDT,bid,57500,529.573
2024-09-16 12:26:18,BTCUSDT,bid,47000,863.106
2024-09-16 12:26:18,BTCUSDT,bid,47500,633.369
2024-09-16 12:28:26,BTCUSDT,bid,47000,863.806
2024-09-16 13:24:59,BTCUSDT,bid,47000,863.818
2024-09-16 13:24:59,BTCUSDT,bid,47000,863.806
2024-09-16 13:25:00,BTCUSDT,bid,47000,863.81
2024-09-16 13:25:00,BTCUSDT,bid,47000,863.806
2024-09-16 13:25:00,BTCUSDT,bid,47000,863.81
2024-09-16 13:25:00,BTCUSDT,bid,47000,863.806
2024-09-16 13:25:00,BTCUSDT,bid,47000,863.818
2024-09-16 13:25:00,BTCUSDT,bid,47000,863.806
2024-09-16 13:25:45,BTCUSDT,bid,47500,633.363
2024-09-16 13:29:37,BTCUSDT,bid,47500,633.413
2024-09-16 13:34:36,BTCUSDT,bid,47000,863.809
2024-09-16 13:43:31,BTCUSDT,bid,47000,863.109
2024-09-16 13:50:38,BTCUSDT,bid,47000,863.112
2024-09-16 13:51:29,BTCUSDT,bid,47000,863.122
2024-09-16 13:51:41,BTCUSDT,bid,47000,863.112
2024-09-16 14:02:37,BTCUSDT,bid,47000,863.175
2024-09-16 14:29:30,BTCUSDT,bid,47500,633.333
2024-09-16 14:41:03,BTCUSDT,bid,47000,863.18
2024-09-16 14:46:11,BTCUSDT,bid,47000,863.177
2024-09-16 14:52:35,BTCUSDT,bid,47500,633.304
2024-09-16 14:57:06,BTCUSDT,bid,47500,633.262
2024-09-16 15:00:49,BTCUSDT,bid,47500,633.212
2024-09-16 16:22:41,BTCUSDT,bid,47000,863.377
2024-09-16 16:33:39,BTCUSDT,bid,47000,863.374
2024-09-16 16:53:29,BTCUSDT,bid,48900,701.436
2024-09-16 17:25:48,BTCUSDT,bid,47000,863.371
2024-09-16 17:25:49,BTCUSDT,bid,47300,804.591
2024-09-16 17:27:13,BTCUSDT,bid,47300,804.645
2024-09-16 17:27:24,BTCUSDT,bid,47300,804.591
2024-09-16 17:28:19,BTCUSDT,bid,47300,804.597
2024-09-16 17:30:38,BTCUSDT,bid,47500,633.757
2024-09-16 17:34:09,BTCUSDT,bid,47000,858.808
2024-09-16 17:38:07,BTCUSDT,bid,47000,858.805
2024-09-16 17:39:44,BTCUSDT,bid,47000,858.808
2024-09-16 17:41:24,BTCUSDT,bid,47000,858.805
2024-09-16 17:52:08,BTCUSDT,bid,47500,633.705
2024-09-16 18:05:17,BTCUSDT,bid,47000,858.813
2024-09-16 18:05:17,BTCUSDT,bid,47000,858.805
2024-09-16 18:05:18,BTCUSDT,bid,47000,858.809
2024-09-16 18:05:18,BTCUSDT,bid,47000,858.805
2024-09-16 18:05:19,BTCUSDT,bid,47000,858.809
2024-09-16 18:05:19,BTCUSDT,bid,47000,858.805
2024-09-16 18:05:20,BTCUSDT,bid,47000,858.805
2024-09-16 18:13:11,BTCUSDT,bid,47000,858.817
2024-09-16 18:13:11,BTCUSDT,bid,47000,858.805
2024-09-16 18:13:12,BTCUSDT,bid,47000,858.805
2024-09-16 18:13:13,BTCUSDT,bid,47000,858.805
2024-09-16 18:13:13,BTCUSDT,bid,47000,858.805
2024-09-16 18:13:14,BTCUSDT,bid,47000,858.805
2024-09-16 18:14:09,BTCUSDT,bid,47000,858.802
2024-09-16 18:16:44,BTCUSDT,bid,47500,633.708
2024-09-16 18:16:48,BTCUSDT,bid,47000,858.805
2024-09-16 18:17:06,BTCUSDT,bid,47000,858.808
2024-09-16 18:35:05,BTCUSDT,bid,47000,858.808
2024-09-16 18:35:05,BTCUSDT,bid,47000,858.808
2024-09-16 18:35:05,BTCUSDT,bid,47000,858.808
2024-09-16 18:41:10,BTCUSDT,bid,47500,633.691
2024-09-16 18:47:54,BTCUSDT,bid,47000,858.8
2024-09-16 18:47:54,BTCUSDT,bid,47500,633.683
2024-09-16 19:03:39,BTCUSDT,bid,47000,858.3
2024-09-16 19:09:15,BTCUSDT,bid,47000,858.304
2024-09-16 19:09:15,BTCUSDT,bid,47000,858.3
2024-09-16 19:09:16,BTCUSDT,bid,47000,858.308
2024-09-16 19:09:16,BTCUSDT,bid,47000,858.3
2024-09-16 19:09:18,BTCUSDT,bid,47000,858.3
2024-09-16 19:09:18,BTCUSDT,bid,47000,858.304
2024-09-16 19:09:18,BTCUSDT,bid,47000,858.3
2024-09-16 19:09:18,BTCUSDT,bid,47000,858.304
2024-09-16 19:09:18,BTCUSDT,bid,47000,858.3
2024-09-16 19:09:18,BTCUSDT,bid,47000,858.304
2024-09-16 19:09:19,BTCUSDT,bid,47000,858.3
2024-09-16 19:09:19,BTCUSDT,bid,47000,858.304
2024-09-16 19:09:19,BTCUSDT,bid,47000,858.3
2024-09-16 19:09:20,BTCUSDT,bid,47000,858.3
2024-09-16 19:09:21,BTCUSDT,bid,47000,858.3
2024-09-16 19:09:22,BTCUSDT,bid,47000,858.3
2024-09-16 19:09:23,BTCUSDT,bid,47000,858.3
2024-09-16 19:09:25,BTCUSDT,bid,47000,858.304
2024-09-16 19:09:25,BTCUSDT,bid,47000,858.3
2024-09-16 19:09:25,BTCUSDT,bid,47000,858.3
2024-09-16 19:09:26,BTCUSDT,bid,47000,858.312
2024-09-16 19:09:26,BTCUSDT,bid,47000,858.3
2024-09-16 19:09:27,BTCUSDT,bid,47000,858.3
2024-09-16 19:11:02,BTCUSDT,bid,47000,858.305
2024-09-16 19:12:19,BTCUSDT,bid,44800,701.985
2024-09-16 19:13:03,BTCUSDT,bid,47500,633.723
2024-09-16 19:16:28,BTCUSDT,bid,47000,858.481
2024-09-16 19:36:23,BTCUSDT,bid,47500,633.733
2024-09-16 19:37:55,BTCUSDT,bid,47000,858.456
2024-09-16 19:37:55,BTCUSDT,bid,47500,633.708
2024-09-16 19:40:51,BTCUSDT,bid,47000,858.506
2024-09-16 19:41:21,BTCUSDT,bid,47500,633.758
2024-09-16 19:56:55,BTCUSDT,bid,47500,633.258
2024-09-16 20:19:19,BTCUSDT,bid,47500,633.263
2024-09-16 20:40:35,BTCUSDT,bid,47500,633.431
2024-09-16 20:42:12,BTCUSDT,bid,47000,858.516
2024-09-16 20:53:22,BTCUSDT,bid,47000,858.512
2024-09-16 21:05:27,BTCUSDT,bid,47000,858.534
2024-09-16 08:16:34,BTCUSD_PERP,bid,57900,571.58
2024-09-16 08:16:41,BTCUSD_PERP,bid,57900,571.28
2024-09-16 08:38:12,BTCUSD_PERP,bid,55600,546.33
2024-09-16 08:50:13,BTCUSD_PERP,bid,57900,629.21
2024-09-16 09:03:08,BTCUSD_PERP,bid,57900,686.94
2024-09-16 09:03:29,BTCUSD_PERP,bid,57900,572.73
2024-09-16 09:03:42,BTCUSD_PERP,bid,57900,571.77
2024-09-16 09:03:42,BTCUSD_PERP,bid,57900,743.41
2024-09-16 09:03:42,BTCUSD_PERP,bid,57900,800.82
2024-09-16 09:04:29,BTCUSD_PERP,bid,57900,743.99
2024-09-16 09:04:29,BTCUSD_PERP,bid,57900,629.17
2024-09-16 09:04:29,BTCUSD_PERP,bid,57900,572.35
2024-09-16 09:05:34,BTCUSD_PERP,bid,57900,972.47
2024-09-16 09:05:34,BTCUSD_PERP,bid,57900,1029.88
2024-09-16 09:05:45,BTCUSD_PERP,bid,57900,572.93
2024-09-16 09:05:45,BTCUSD_PERP,bid,57900,572.63
2024-09-16 09:06:57,BTCUSD_PERP,bid,57900,573.21
2024-09-16 09:07:33,BTCUSD_PERP,bid,57900,572.14
2024-09-16 09:07:33,BTCUSD_PERP,bid,57900,629.53
2024-09-16 09:10:17,BTCUSD_PERP,bid,57900,629.55
2024-09-16 09:10:17,BTCUSD_PERP,bid,57900,686.36
2024-09-16 09:10:17,BTCUSD_PERP,bid,57900,743.17
2024-09-16 09:10:18,BTCUSD_PERP,bid,57900,800.57
2024-09-16 09:11:54,BTCUSD_PERP,bid,57900,686.24
2024-09-16 09:11:54,BTCUSD_PERP,bid,57900,743.63
2024-09-16 09:12:24,BTCUSD_PERP,bid,57900,572.63
2024-09-16 09:12:26,BTCUSD_PERP,bid,57900,685.89
2024-09-16 09:12:26,BTCUSD_PERP,bid,57900,743.25
2024-09-16 09:12:44,BTCUSD_PERP,bid,57900,573.06
2024-09-16 09:12:54,BTCUSD_PERP,bid,57800,583.25
2024-09-16 09:12:55,BTCUSD_PERP,bid,57800,640.55
2024-09-16 09:13:03,BTCUSD_PERP,bid,57800,626.82
2024-09-16 09:13:43,BTCUSD_PERP,bid,57800,684.21
2024-09-16 09:14:50,BTCUSD_PERP,bid,57900,571.64
2024-09-16 09:14:50,BTCUSD_PERP,bid,57900,628.99
2024-09-16 09:14:50,BTCUSD_PERP,bid,57900,685.76
2024-09-16 09:14:51,BTCUSD_PERP,bid,57900,743.11
2024-09-16 09:14:51,BTCUSD_PERP,bid,57900,800.46
2024-09-16 09:14:51,BTCUSD_PERP,bid,57900,800.6
2024-09-16 09:15:03,BTCUSD_PERP,bid,57900,629.72
2024-09-16 09:15:03,BTCUSD_PERP,bid,57800,571.83
2024-09-16 09:15:03,BTCUSD_PERP,bid,57800,629.14
2024-09-16 09:15:23,BTCUSD_PERP,bid,57800,571.83
2024-09-16 09:15:23,BTCUSD_PERP,bid,57800,802.45
2024-09-16 09:15:23,BTCUSD_PERP,bid,57800,859.72
2024-09-16 09:16:20,BTCUSD_PERP,bid,57800,856.08
2024-09-16 09:16:34,BTCUSD_PERP,bid,57800,798.81
2024-09-16 09:17:14,BTCUSD_PERP,bid,57800,570.64
2024-09-16 09:18:42,BTCUSD_PERP,bid,57800,627.42
2024-09-16 09:18:42,BTCUSD_PERP,bid,57800,740.77
2024-09-16 09:18:43,BTCUSD_PERP,bid,57800,797.45
2024-09-16 09:18:43,BTCUSD_PERP,bid,57800,854.71
2024-09-16 09:18:43,BTCUSD_PERP,bid,57800,911.97
2024-09-16 09:19:09,BTCUSD_PERP,bid,57800,855.3
2024-09-16 09:19:09,BTCUSD_PERP,bid,57800,741.36
2024-09-16 09:19:10,BTCUSD_PERP,bid,57800,684.69
2024-09-16 09:22:58,BTCUSD_PERP,bid,57900,570.88
2024-09-16 09:22:58,BTCUSD_PERP,bid,57900,628.26
2024-09-16 09:27:24,BTCUSD_PERP,bid,57900,571.46
2024-09-16 09:27:48,BTCUSD_PERP,bid,57900,628.18
2024-09-16 09:30:06,BTCUSD_PERP,bid,57800,571.06
2024-09-16 09:30:07,BTCUSD_PERP,bid,57800,570.75
2024-09-16 09:30:08,BTCUSD_PERP,bid,57800,570.89
2024-09-16 09:31:13,BTCUSD_PERP,bid,57800,570.44
2024-09-16 09:32:25,BTCUSD_PERP,bid,57800,571.14
2024-09-16 09:32:25,BTCUSD_PERP,bid,57800,628.43
2024-09-16 09:32:25,BTCUSD_PERP,bid,57800,742.43
2024-09-16 09:32:25,BTCUSD_PERP,bid,57800,799.72
2024-09-16 09:32:41,BTCUSD_PERP,bid,57800,742.43
2024-09-16 09:32:41,BTCUSD_PERP,bid,57800,742.04
2024-09-16 09:32:41,BTCUSD_PERP,bid,57800,799.3
2024-09-16 09:32:45,BTCUSD_PERP,bid,57800,742.63
2024-09-16 09:32:45,BTCUSD_PERP,bid,57800,685.96
2024-09-16 09:33:19,BTCUSD_PERP,bid,57800,628.7
2024-09-16 09:33:19,BTCUSD_PERP,bid,57800,571.44
2024-09-16 09:33:19,BTCUSD_PERP,bid,57800,570.48
2024-09-16 09:43:04,BTCUSD_PERP,bid,57900,686.6
2024-09-16 09:43:42,BTCUSD_PERP,bid,57900,571.96
2024-09-16 09:43:42,BTCUSD_PERP,bid,57800,628.35
2024-09-16 09:43:42,BTCUSD_PERP,bid,57800,685.63
2024-09-16 09:44:07,BTCUSD_PERP,bid,57800,628.35
2024-09-16 09:44:08,BTCUSD_PERP,bid,57900,573.26
2024-09-16 09:44:08,BTCUSD_PERP,bid,57900,630.0
2024-09-16 09:44:08,BTCUSD_PERP,bid,57900,686.73
2024-09-16 09:44:08,BTCUSD_PERP,bid,57900,744.05
2024-09-16 09:44:08,BTCUSD_PERP,bid,57900,801.37
2024-09-16 09:44:08,BTCUSD_PERP,bid,57900,858.69
2024-09-16 09:45:38,BTCUSD_PERP,bid,57900,745.22
2024-09-16 09:45:38,BTCUSD_PERP,bid,57900,687.9
2024-09-16 09:45:39,BTCUSD_PERP,bid,57900,630.68
2024-09-16 09:45:39,BTCUSD_PERP,bid,57900,573.36
2024-09-16 09:54:44,BTCUSD_PERP,bid,57700,570.84
2024-09-16 10:03:19,BTCUSD_PERP,bid,57700,569.66
2024-09-16 10:03:19,BTCUSD_PERP,bid,57700,626.86
2024-09-16 10:04:42,BTCUSD_PERP,bid,57700,626.53
2024-09-16 10:06:14,BTCUSD_PERP,bid,57700,569.36
2024-09-16 10:06:15,BTCUSD_PERP,bid,57700,626.85
2024-09-16 10:06:15,BTCUSD_PERP,bid,57700,683.47
2024-09-16 10:07:24,BTCUSD_PERP,bid,57700,626.86
2024-09-16 10:07:25,BTCUSD_PERP,bid,57800,627.18
2024-09-16 10:07:25,BTCUSD_PERP,bid,57800,683.83
2024-09-16 10:07:25,BTCUSD_PERP,bid,57800,741.06
2024-09-16 10:07:25,BTCUSD_PERP,bid,57800,797.71
2024-09-16 10:07:25,BTCUSD_PERP,bid,57800,911.58
2024-09-16 10:07:26,BTCUSD_PERP,bid,57700,556.36
2024-09-16 10:07:32,BTCUSD_PERP,bid,57800,912.79
2024-09-16 10:08:19,BTCUSD_PERP,bid,57800,855.56
2024-09-16 10:08:19,BTCUSD_PERP,bid,57700,854.49
2024-09-16 10:08:20,BTCUSD_PERP,bid,57700,556.07
2024-09-16 10:08:20,BTCUSD_PERP,bid,57700,911.1
2024-09-16 10:08:58,BTCUSD_PERP,bid,57700,911.18
2024-09-16 10:08:58,BTCUSD_PERP,bid,57600,555.77
2024-09-16 10:09:09,BTCUSD_PERP,bid,57700,739.89
2024-09-16 10:12:06,BTCUSD_PERP,bid,57700,569.75
2024-09-16 10:12:07,BTCUSD_PERP,bid,57700,626.96
2024-09-16 10:12:08,BTCUSD_PERP,bid,57700,628.17
2024-09-16 10:12:58,BTCUSD_PERP,bid,57700,571.55
2024-09-16 10:13:00,BTCUSD_PERP,bid,57800,683.94
2024-09-16 10:13:00,BTCUSD_PERP,bid,57800,741.18
2024-09-16 10:14:07,BTCUSD_PERP,bid,57800,569.99
2024-09-16 10:21:41,BTCUSD_PERP,bid,57800,627.12
2024-09-16 10:25:02,BTCUSD_PERP,bid,57800,627.48
2024-09-16 10:29:32,BTCUSD_PERP,bid,57900,570.47
2024-09-16 10:31:26,BTCUSD_PERP,bid,57900,572.63
2024-09-16 10:31:26,BTCUSD_PERP,bid,57900,573.84
2024-09-16 10:37:29,BTCUSD_PERP,bid,57900,629.17
2024-09-16 10:37:29,BTCUSD_PERP,bid,57900,686.58
2024-09-16 10:40:18,BTCUSD_PERP,bid,57900,571.76
2024-09-16 10:41:09,BTCUSD_PERP,bid,57900,686.58
2024-09-16 10:41:47,BTCUSD_PERP,bid,57900,629.43
2024-09-16 10:41:47,BTCUSD_PERP,bid,57900,686.81
2024-09-16 10:45:58,BTCUSD_PERP,bid,57900,629.43
2024-09-16 11:12:28,BTCUSD_PERP,bid,57900,571.48
2024-09-16 11:19:43,BTCUSD_PERP,bid,57900,570.95
2024-09-16 11:19:43,BTCUSD_PERP,bid,57900,742.53
2024-09-16 11:19:43,BTCUSD_PERP,bid,57900,799.92
2024-09-16 11:19:44,BTCUSD_PERP,bid,57900,856.72
2024-09-16 11:23:29,BTCUSD_PERP,bid,57900,629.44
2024-09-16 11:23:29,BTCUSD_PERP,bid,57900,743.61
2024-09-16 11:25:45,BTCUSD_PERP,bid,57900,686.23
2024-09-16 11:25:45,BTCUSD_PERP,bid,57900,628.85
2024-09-16 11:25:45,BTCUSD_PERP,bid,57900,571.57
2024-09-16 11:25:46,BTCUSD_PERP,bid,57900,571.65
2024-09-16 11:25:46,BTCUSD_PERP,bid,57900,629.06
2024-09-16 11:25:46,BTCUSD_PERP,bid,57900,686.47
2024-09-16 11:25:47,BTCUSD_PERP,bid,57900,743.88
2024-09-16 11:30:30,BTCUSD_PERP,bid,57900,571.64
2024-09-16 11:30:30,BTCUSD_PERP,bid,57900,628.99
2024-09-16 11:35:39,BTCUSD_PERP,bid,57900,571.64
2024-09-16 11:35:40,BTCUSD_PERP,bid,57900,628.93
2024-09-16 11:35:40,BTCUSD_PERP,bid,57900,743.71
2024-09-16 11:35:41,BTCUSD_PERP,bid,57900,743.85
2024-09-16 11:39:08,BTCUSD_PERP,bid,57900,743.71
2024-09-16 11:40:00,BTCUSD_PERP,bid,57900,628.53
2024-09-16 11:40:00,BTCUSD_PERP,bid,57900,685.88
2024-09-16 11:40:59,BTCUSD_PERP,bid,57900,572.34
2024-09-16 11:40:59,BTCUSD_PERP,bid,57900,571.54
2024-09-16 11:40:59,BTCUSD_PERP,bid,57900,628.87
2024-09-16 11:40:59,BTCUSD_PERP,bid,57900,686.2
2024-09-16 11:46:03,BTCUSD_PERP,bid,57900,628.87
2024-09-16 11:46:03,BTCUSD_PERP,bid,57900,571.54
2024-09-16 11:46:03,BTCUSD_PERP,bid,57800,570.56
2024-09-16 11:46:03,BTCUSD_PERP,bid,57800,627.85
2024-09-16 11:46:22,BTCUSD_PERP,bid,57800,627.99
2024-09-16 11:49:54,BTCUSD_PERP,bid,57800,627.85
2024-09-16 11:55:37,BTCUSD_PERP,bid,57800,684.78
2024-09-16 11:55:37,BTCUSD_PERP,bid,57800,742.04
2024-09-16 12:01:01,BTCUSD_PERP,bid,57800,570.85
2024-09-16 12:02:17,BTCUSD_PERP,bid,57900,571.86
2024-09-16 12:02:17,BTCUSD_PERP,bid,57900,628.64
2024-09-16 12:02:17,BTCUSD_PERP,bid,57900,743.36
2024-09-16 12:02:17,BTCUSD_PERP,bid,57900,914.76
2024-09-16 12:02:17,BTCUSD_PERP,bid,57900,972.12
2024-09-16 12:03:02,BTCUSD_PERP,bid,57900,857.53
2024-09-16 12:03:02,BTCUSD_PERP,bid,57900,971.61
2024-09-16 12:05:01,BTCUSD_PERP,bid,57900,914.28
2024-09-16 12:05:01,BTCUSD_PERP,bid,57900,857.53
2024-09-16 12:05:01,BTCUSD_PERP,bid,57900,800.2
2024-09-16 12:05:02,BTCUSD_PERP,bid,57900,686.12
2024-09-16 12:05:02,BTCUSD_PERP,bid,57900,628.79
2024-09-16 12:05:02,BTCUSD_PERP,bid,57900,571.46
2024-09-16 12:05:03,BTCUSD_PERP,bid,57900,531.9
2024-09-16 12:05:03,BTCUSD_PERP,bid,57900,588.7
2024-09-16 12:05:03,BTCUSD_PERP,bid,57900,645.5
2024-09-16 12:05:15,BTCUSD_PERP,bid,57900,588.7
2024-09-16 12:05:16,BTCUSD_PERP,bid,57900,531.32
2024-09-16 12:05:16,BTCUSD_PERP,bid,57900,571.07
2024-09-16 12:05:16,BTCUSD_PERP,bid,57900,584.95
2024-09-16 12:05:39,BTCUSD_PERP,bid,57900,528.19
2024-09-16 12:05:40,BTCUSD_PERP,bid,57900,571.38
2024-09-16 12:07:04,BTCUSD_PERP,bid,57900,571.68
2024-09-16 12:33:30,BTCUSD_PERP,bid,57900,741.87
2024-09-16 12:33:30,BTCUSD_PERP,bid,57900,856.65
2024-09-16 12:33:30,BTCUSD_PERP,bid,57900,914.04
2024-09-16 12:36:21,BTCUSD_PERP,bid,57900,742.45
2024-09-16 12:36:21,BTCUSD_PERP,bid,57900,856.79
2024-09-16 12:36:21,BTCUSD_PERP,bid,57900,914.15
2024-09-16 12:39:37,BTCUSD_PERP,bid,57900,742.65
2024-09-16 12:39:37,BTCUSD_PERP,bid,57900,856.34
2024-09-16 12:39:38,BTCUSD_PERP,bid,57900,913.67
2024-09-16 12:40:55,BTCUSD_PERP,bid,57900,856.34
2024-09-16 12:40:55,BTCUSD_PERP,bid,57900,742.26
2024-09-16 12:40:56,BTCUSD_PERP,bid,57900,627.6
2024-09-16 12:40:56,BTCUSD_PERP,bid,57900,570.85
2024-09-16 12:40:57,BTCUSD_PERP,bid,57900,627.93
2024-09-16 12:40:57,BTCUSD_PERP,bid,57900,685.29
2024-09-16 12:40:57,BTCUSD_PERP,bid,57900,742.65
2024-09-16 12:40:57,BTCUSD_PERP,bid,57900,856.2
2024-09-16 12:43:44,BTCUSD_PERP,bid,57900,798.84
2024-09-16 12:43:44,BTCUSD_PERP,bid,57900,742.07
2024-09-16 12:43:44,BTCUSD_PERP,bid,57900,684.71
2024-09-16 13:08:49,BTCUSD_PERP,bid,47000,2399.07
2024-09-16 15:27:38,BTCUSD_PERP,ask,60000,505.29
2024-09-16 18:22:18,BTCUSD_PERP,ask,59400,511.64
2024-09-16 18:22:26,BTCUSD_PERP,ask,59400,505.76
2024-09-16 19:41:06,BTCUSD_PERP,bid,57900,805.68
2024-09-16 19:41:06,BTCUSD_PERP,bid,57900,863.03
2024-09-16 19:41:14,BTCUSD_PERP,bid,57900,748.91
2024-09-16 19:41:14,BTCUSD_PERP,bid,57900,692.14
2024-09-16 19:41:14,BTCUSD_PERP,bid,57900,577.44
2024-09-16 19:41:14,BTCUSD_PERP,bid,57900,520.68
2024-09-16 19:41:15,BTCUSD_PERP,bid,57900,570.84
2024-09-16 19:41:15,BTCUSD_PERP,bid,57900,628.22
2024-09-16 19:41:15,BTCUSD_PERP,bid,57900,742.4
2024-09-16 19:41:15,BTCUSD_PERP,bid,57900,799.78
2024-09-16 19:41:16,BTCUSD_PERP,bid,57900,856.58
2024-09-16 19:41:25,BTCUSD_PERP,bid,57900,799.8
2024-09-16 19:41:25,BTCUSD_PERP,bid,57900,742.42
2024-09-16 19:41:25,BTCUSD_PERP,bid,57900,685.64
2024-09-16 19:41:25,BTCUSD_PERP,bid,57900,628.86
2024-09-16 20:05:02,BTCUSD_PERP,ask,59100,511.73
2024-09-16 20:19:33,BTCUSD_PERP,bid,47000,2399.02
2024-09-16 20:21:23,BTCUSD_PERP,bid,57900,685.89
2024-09-16 20:22:45,BTCUSD_PERP,bid,57900,685.49
2024-09-16 20:22:50,BTCUSD_PERP,bid,57900,628.12
2024-09-16 20:30:20,BTCUSD_PERP,bid,57900,571.52
2024-09-16 20:30:32,BTCUSD_PERP,bid,57900,571.28
2024-09-16 20:31:24,BTCUSD_PERP,bid,57900,572.23
2024-09-16 20:33:05,BTCUSD_PERP,bid,57800,570.76
2024-09-16 20:34:01,BTCUSD_PERP,bid,57700,626.41
2024-09-16 20:34:02,BTCUSD_PERP,bid,57700,683.58
2024-09-16 20:34:09,BTCUSD_PERP,bid,57700,626.41
2024-09-16 20:34:10,BTCUSD_PERP,bid,57700,569.24
2024-09-16 20:34:10,BTCUSD_PERP,bid,57700,626.99
2024-09-16 20:34:14,BTCUSD_PERP,bid,57700,569.78
2024-09-16 20:34:15,BTCUSD_PERP,bid,57700,570.06
2024-09-16 20:34:15,BTCUSD_PERP,bid,57700,626.66
2024-09-16 20:34:27,BTCUSD_PERP,bid,57700,569.48
2024-09-16 20:35:11,BTCUSD_PERP,bid,57600,569.33
2024-09-16 20:35:50,BTCUSD_PERP,bid,57600,685.41
2024-09-16 20:35:58,BTCUSD_PERP,bid,57600,628.94
2024-09-16 20:35:58,BTCUSD_PERP,bid,57600,572.47
2024-09-16 20:36:00,BTCUSD_PERP,bid,57600,569.74
2024-09-16 20:36:00,BTCUSD_PERP,bid,57600,626.74
2024-09-16 20:36:00,BTCUSD_PERP,bid,57600,683.83
2024-09-16 20:36:00,BTCUSD_PERP,bid,57600,797.43
2024-09-16 20:36:26,BTCUSD_PERP,bid,57600,740.34
2024-09-16 20:36:27,BTCUSD_PERP,bid,57700,567.89
2024-09-16 20:36:27,BTCUSD_PERP,bid,57700,625.02
2024-09-16 20:36:27,BTCUSD_PERP,bid,57700,795.82
2024-09-16 20:36:57,BTCUSD_PERP,bid,57600,569.26
2024-09-16 20:38:16,BTCUSD_PERP,bid,57800,569.38
2024-09-16 20:38:17,BTCUSD_PERP,bid,57800,626.61
2024-09-16 20:38:27,BTCUSD_PERP,bid,57800,569.38
2024-09-16 20:38:27,BTCUSD_PERP,bid,57800,628.01
2024-09-16 20:38:27,BTCUSD_PERP,bid,57800,684.68
2024-09-16 20:38:27,BTCUSD_PERP,bid,57800,741.36
2024-09-16 20:38:27,BTCUSD_PERP,bid,57800,912.56
2024-09-16 20:38:27,BTCUSD_PERP,bid,57800,969.23
2024-09-16 20:38:28,BTCUSD_PERP,bid,57800,1026.49
2024-09-16 20:38:44,BTCUSD_PERP,bid,57800,969.23
2024-09-16 20:38:48,BTCUSD_PERP,bid,57700,854.24
2024-09-16 20:38:48,BTCUSD_PERP,bid,57700,1026.43
2024-09-16 20:38:49,BTCUSD_PERP,bid,57700,1083.62
2024-09-16 20:38:52,BTCUSD_PERP,bid,57700,855.45
2024-09-16 20:38:52,BTCUSD_PERP,bid,57700,798.26
2024-09-16 20:38:52,BTCUSD_PERP,bid,57700,683.88
2024-09-16 20:38:52,BTCUSD_PERP,bid,57700,570.08
2024-09-16 20:38:52,BTCUSD_PERP,bid,57800,570.94
2024-09-16 20:38:52,BTCUSD_PERP,bid,57800,742.02
2024-09-16 20:38:53,BTCUSD_PERP,bid,57800,799.24
2024-09-16 20:38:53,BTCUSD_PERP,bid,57800,855.88
2024-09-16 20:40:04,BTCUSD_PERP,bid,57800,742.12
2024-09-16 20:40:04,BTCUSD_PERP,bid,57700,627.84
2024-09-16 20:40:04,BTCUSD_PERP,bid,57700,684.45
2024-09-16 20:40:04,BTCUSD_PERP,bid,57700,741.64
2024-09-16 20:40:53,BTCUSD_PERP,bid,57700,741.24
2024-09-16 20:40:53,BTCUSD_PERP,bid,57700,797.82
2024-09-16 20:40:53,BTCUSD_PERP,bid,57700,854.98
2024-09-16 20:41:02,BTCUSD_PERP,bid,57700,683.5
2024-09-16 20:41:02,BTCUSD_PERP,bid,57700,854.51
2024-09-16 20:41:02,BTCUSD_PERP,bid,57700,911.64
2024-09-16 20:41:30,BTCUSD_PERP,bid,57700,854.51
2024-09-16 20:41:30,BTCUSD_PERP,bid,57600,796.17
2024-09-16 20:41:30,BTCUSD_PERP,bid,57600,853.25
2024-09-16 20:41:57,BTCUSD_PERP,bid,57600,739.09
2024-09-16 20:41:57,BTCUSD_PERP,bid,57600,682.01
2024-09-16 20:41:57,BTCUSD_PERP,bid,57600,625.5
2024-09-16 20:41:57,BTCUSD_PERP,bid,57600,568.99
2024-09-16 20:41:58,BTCUSD_PERP,bid,57700,625.41
2024-09-16 20:41:58,BTCUSD_PERP,bid,57700,739.67
2024-09-16 20:41:59,BTCUSD_PERP,bid,57700,796.8
2024-09-16 20:43:13,BTCUSD_PERP,bid,57700,568.96
2024-09-16 20:43:13,BTCUSD_PERP,bid,57600,796.39
2024-09-16 20:43:14,BTCUSD_PERP,bid,57600,853.49
2024-09-16 20:44:27,BTCUSD_PERP,bid,57600,796.39
2024-09-16 20:44:27,BTCUSD_PERP,bid,57600,740.06
2024-09-16 20:44:27,BTCUSD_PERP,bid,57600,853.03
2024-09-16 20:44:27,BTCUSD_PERP,bid,57600,910.1
2024-09-16 20:44:54,BTCUSD_PERP,bid,57600,739.47
2024-09-16 20:44:54,BTCUSD_PERP,bid,57600,568.57
2024-09-16 20:44:56,BTCUSD_PERP,bid,57500,852.23
2024-09-16 20:45:05,BTCUSD_PERP,bid,57500,681.2
2024-09-16 20:45:05,BTCUSD_PERP,bid,57500,571.29
2024-09-16 20:45:05,BTCUSD_PERP,bid,57500,684.67
2024-09-16 20:45:05,BTCUSD_PERP,bid,57500,628.27
2024-09-16 20:45:11,BTCUSD_PERP,bid,57500,623.4
2024-09-16 20:45:15,BTCUSD_PERP,bid,57500,566.98
2024-09-16 20:45:16,BTCUSD_PERP,bid,57600,567.29
2024-09-16 20:45:20,BTCUSD_PERP,bid,57500,623.99
2024-09-16 20:45:21,BTCUSD_PERP,bid,57500,680.99
2024-09-16 20:45:21,BTCUSD_PERP,bid,57500,737.4
2024-09-16 20:45:33,BTCUSD_PERP,bid,57500,680.4
2024-09-16 20:45:34,BTCUSD_PERP,bid,57500,623.98
2024-09-16 20:45:34,BTCUSD_PERP,bid,57500,566.98
2024-09-16 20:45:35,BTCUSD_PERP,bid,57600,567.39
2024-09-16 20:45:35,BTCUSD_PERP,bid,57600,680.76
2024-09-16 20:45:41,BTCUSD_PERP,bid,57600,624.32
2024-09-16 20:45:41,BTCUSD_PERP,bid,57600,567.29
2024-09-16 20:46:17,BTCUSD_PERP,bid,57600,682.17
2024-09-16 20:47:57,BTCUSD_PERP,bid,47000,2399.03
2024-09-16 20:49:03,BTCUSD_PERP,bid,57700,569.45
2024-09-16 20:49:03,BTCUSD_PERP,bid,57700,626.64
2024-09-16 20:49:03,BTCUSD_PERP,bid,57700,684.44
2024-09-16 20:49:04,BTCUSD_PERP,bid,57700,741.05
2024-09-16 20:49:36,BTCUSD_PERP,bid,57700,683.86
2024-09-16 20:49:36,BTCUSD_PERP,bid,57700,626.67
2024-09-16 20:49:37,BTCUSD_PERP,bid,57700,570.07
2024-09-16 20:50:12,BTCUSD_PERP,bid,57700,569.07
2024-09-16 20:51:47,BTCUSD_PERP,bid,57800,626.93
2024-09-16 20:51:47,BTCUSD_PERP,bid,57800,684.19
2024-09-16 20:51:47,BTCUSD_PERP,bid,57800,740.87
2024-09-16 20:51:48,BTCUSD_PERP,bid,57800,797.55
2024-09-16 20:51:48,BTCUSD_PERP,bid,57800,854.81
2024-09-16 20:52:48,BTCUSD_PERP,bid,57800,798.14
2024-09-16 20:52:49,BTCUSD_PERP,bid,57800,740.88
2024-09-16 20:52:49,BTCUSD_PERP,bid,57800,626.94
2024-09-16 20:52:49,BTCUSD_PERP,bid,57800,569.68
2024-09-16 20:53:23,BTCUSD_PERP,bid,57900,627.09
2024-09-16 20:53:24,BTCUSD_PERP,bid,57900,684.42
2024-09-16 20:53:24,BTCUSD_PERP,bid,57900,741.17
2024-09-16 20:53:46,BTCUSD_PERP,bid,57900,627.18
2024-09-16 20:53:46,BTCUSD_PERP,bid,57800,570.1
2024-09-16 20:54:32,BTCUSD_PERP,bid,57900,570.96
2024-09-16 20:54:32,BTCUSD_PERP,bid,57900,627.77
2024-09-16 20:54:37,BTCUSD_PERP,bid,57900,572.63
2024-09-16 20:55:01,BTCUSD_PERP,bid,57900,570.38
2024-09-16 20:55:26,BTCUSD_PERP,bid,57900,686.13
2024-09-16 20:55:26,BTCUSD_PERP,bid,57900,857.09
2024-09-16 20:55:26,BTCUSD_PERP,bid,57900,914.47
2024-09-16 20:55:39,BTCUSD_PERP,bid,57900,743.14
2024-09-16 20:56:40,BTCUSD_PERP,bid,57900,1028.18
2024-09-16 20:56:40,BTCUSD_PERP,bid,57900,1085.5
2024-09-16 20:56:43,BTCUSD_PERP,bid,57900,742.74
2024-09-16 20:56:43,BTCUSD_PERP,bid,57900,571.46
2024-09-16 20:56:44,BTCUSD_PERP,bid,57900,571.76
2024-09-16 20:56:44,BTCUSD_PERP,bid,57900,629.12
2024-09-16 20:56:44,BTCUSD_PERP,bid,57900,743.25
2024-09-16 20:56:45,BTCUSD_PERP,bid,57900,800.61
2024-09-16 20:56:46,BTCUSD_PERP,bid,57900,685.99
2024-09-16 20:56:46,BTCUSD_PERP,bid,57900,628.63
2024-09-16 20:56:46,BTCUSD_PERP,bid,57900,571.85
2024-09-16 20:58:03,BTCUSD_PERP,bid,57900,686.32
2024-09-16 20:58:03,BTCUSD_PERP,bid,57900,800.51
2024-09-16 20:58:14,BTCUSD_PERP,bid,57900,743.12
2024-09-16 20:58:14,BTCUSD_PERP,bid,57900,686.32
2024-09-16 20:58:15,BTCUSD_PERP,bid,57900,742.65
2024-09-16 20:58:15,BTCUSD_PERP,bid,57900,800.0
2024-09-16 20:59:24,BTCUSD_PERP,bid,57900,742.65
2024-09-16 20:59:25,BTCUSD_PERP,bid,57900,628.53
2024-09-16 20:59:25,BTCUSD_PERP,bid,57900,571.18
2024-09-16 20:59:25,BTCUSD_PERP,bid,57900,572.14
2024-09-16 20:59:25,BTCUSD_PERP,bid,57900,628.94
2024-09-16 20:59:25,BTCUSD_PERP,bid,57900,685.74
2024-09-16 20:59:26,BTCUSD_PERP,bid,57900,743.13
2024-09-16 20:59:26,BTCUSD_PERP,bid,57900,857.32
2024-09-16 20:59:52,BTCUSD_PERP,bid,57900,800.52
2024-09-16 20:59:52,BTCUSD_PERP,bid,57900,685.74
2024-09-16 20:59:53,BTCUSD_PERP,bid,57900,571.55
2024-09-16 20:59:53,BTCUSD_PERP,bid,58000,572.44
2024-09-16 20:59:53,BTCUSD_PERP,bid,58000,686.69
2024-09-16 20:59:53,BTCUSD_PERP,bid,58000,800.94
2024-09-16 20:59:54,BTCUSD_PERP,bid,58000,858.36
2024-09-16 20:59:54,BTCUSD_PERP,bid,58000,915.19
2024-09-16 20:59:54,BTCUSD_PERP,bid,58000,972.03
2024-09-16 21:00:05,BTCUSD_PERP,bid,58000,915.2
2024-09-16 21:00:05,BTCUSD_PERP,bid,57900,570.97
2024-09-16 21:00:29,BTCUSD_PERP,bid,58000,572.75
2024-09-16 21:00:30,BTCUSD_PERP,bid,58000,630.2
2024-09-16 21:00:30,BTCUSD_PERP,bid,58000,687.65
2024-09-16 21:00:30,BTCUSD_PERP,bid,58000,801.38
2024-09-16 21:00:50,BTCUSD_PERP,bid,58000,687.06
2024-09-16 21:00:51,BTCUSD_PERP,bid,58000,629.61
2024-09-16 21:00:51,BTCUSD_PERP,bid,58000,571.85
2024-09-16 21:00:51,BTCUSD_PERP,bid,58000,629.27
2024-09-16 21:00:51,BTCUSD_PERP,bid,58000,686.69
2024-09-16 21:00:52,BTCUSD_PERP,bid,58000,800.95
2024-09-16 21:00:52,BTCUSD_PERP,bid,58000,857.78
2024-09-16 21:00:52,BTCUSD_PERP,bid,58000,914.61
2024-09-16 21:00:57,BTCUSD_PERP,bid,58000,800.94
2024-09-16 21:00:57,BTCUSD_PERP,bid,57900,571.49
2024-09-16 21:02:14,BTCUSD_PERP,bid,57900,570.18
2024-09-16 21:02:14,BTCUSD_PERP,bid,57900,627.5
2024-09-16 21:02:28,BTCUSD_PERP,bid,57800,855.66
2024-09-16 21:02:28,BTCUSD_PERP,bid,57800,912.36
2024-09-16 21:02:28,BTCUSD_PERP,bid,57800,969.64
2024-09-16 21:02:40,BTCUSD_PERP,bid,57800,856.22
2024-09-16 21:02:40,BTCUSD_PERP,bid,57800,798.94
2024-09-16 21:02:41,BTCUSD_PERP,bid,57800,741.66
2024-09-16 21:02:41,BTCUSD_PERP,bid,57800,684.96
2024-09-16 21:02:41,BTCUSD_PERP,bid,57800,627.68
2024-09-16 21:02:41,BTCUSD_PERP,bid,57800,570.27
2024-09-16 21:02:41,BTCUSD_PERP,bid,57800,626.95
2024-09-16 21:02:42,BTCUSD_PERP,bid,57800,683.62
2024-09-16 21:02:42,BTCUSD_PERP,bid,57800,740.88
2024-09-16 21:02:42,BTCUSD_PERP,bid,57800,797.55
2024-09-16 21:02:42,BTCUSD_PERP,bid,57800,854.81
2024-09-16 21:02:46,BTCUSD_PERP,bid,57800,740.29
2024-09-16 21:02:46,BTCUSD_PERP,bid,57800,854.71
2024-09-16 21:03:08,BTCUSD_PERP,bid,57800,797.42
2024-09-16 21:04:07,BTCUSD_PERP,bid,57800,569.96
2024-09-16 21:04:07,BTCUSD_PERP,bid,57800,626.62
2024-09-16 21:04:08,BTCUSD_PERP,bid,57800,683.27
2024-09-16 21:04:08,BTCUSD_PERP,bid,57800,740.51
2024-09-16 21:05:33,BTCUSD_PERP,bid,57800,683.86
2024-09-16 21:05:33,BTCUSD_PERP,bid,57800,626.62
2024-09-16 21:05:33,BTCUSD_PERP,bid,57700,626.87
2024-09-16 21:05:34,BTCUSD_PERP,bid,57700,740.12
2024-09-16 21:05:45,BTCUSD_PERP,bid,57700,625.7
2024-09-16 21:05:45,BTCUSD_PERP,bid,57800,570.69
2024-09-16 21:05:45,BTCUSD_PERP,bid,57800,627.35
2024-09-16 21:06:20,BTCUSD_PERP,bid,57700,570.26
2024-09-16 21:06:20,BTCUSD_PERP,bid,57700,626.88
2024-09-16 21:06:23,BTCUSD_PERP,bid,57700,569.67
2024-09-16 21:06:23,BTCUSD_PERP,bid,57700,626.55
2024-09-16 21:06:39,BTCUSD_PERP,bid,57700,569.96
2024-09-16 21:07:17,BTCUSD_PERP,bid,57700,569.08
2024-09-16 21:08:17,BTCUSD_PERP,bid,57700,569.68
2024-09-16 21:09:18,BTCUSD_PERP,bid,57700,569.37
2024-09-16 21:09:28,BTCUSD_PERP,bid,57700,682.7
2024-09-16 21:10:34,BTCUSD_PERP,bid,57700,626.13
2024-09-16 21:10:34,BTCUSD_PERP,bid,57700,568.99
2024-09-16 21:10:43,BTCUSD_PERP,bid,57700,569.07
2024-09-16 21:10:43,BTCUSD_PERP,bid,57700,626.28
2024-09-16 21:10:43,BTCUSD_PERP,bid,57700,682.91
2024-09-16 21:11:11,BTCUSD_PERP,bid,57700,569.08
