2024-08-29 07:00:43,ETHUSDT,bid,2440,9535.404
2024-08-29 07:01:08,ETHUSDT,bid,2400,11423.77
2024-08-29 07:01:32,ETHUSDT,bid,2400,11423.67
2024-08-29 07:02:25,ETHUSDT,bid,2450,5402.349
2024-08-29 07:02:30,ETHUSDT,bid,2200,5128.589
2024-08-29 07:03:32,ETHUSDT,bid,2440,9535.282
2024-08-29 07:05:28,ETHUSDT,bid,2400,11424.905
2024-08-29 07:05:54,ETHUSDT,bid,1950,5363.502
2024-08-29 07:06:03,ETHUSDT,bid,2030,4924.643
2024-08-29 07:06:48,ETHUSDT,bid,2450,5402.365
2024-08-29 07:07:11,ETHUSDT,bid,2430,8083.119
2024-08-29 07:07:58,ETHUSDT,bid,2400,11425.071
2024-08-29 07:08:16,ETHUSDT,bid,2430,8083.104
2024-08-29 07:08:29,ETHUSDT,bid,2400,11426.112
2024-08-29 07:08:54,ETHUSDT,bid,2400,11426.06
2024-08-29 07:10:00,ETHUSDT,bid,2400,11425.849
2024-08-29 07:10:01,ETHUSDT,bid,2430,8083.119
2024-08-29 07:10:01,ETHUSDT,bid,2440,9535.297
2024-08-29 07:10:01,ETHUSDT,bid,2450,5402.38
2024-08-29 07:11:21,ETHUSDT,bid,2450,5186.38
2024-08-29 07:12:48,ETHUSDT,bid,2440,9535.327
2024-08-29 07:12:53,ETHUSDT,bid,2400,11425.822
2024-08-29 07:13:03,ETHUSDT,bid,2400,11425.718
2024-08-29 07:13:31,ETHUSDT,bid,2420,5446.166
2024-08-29 07:16:13,ETHUSDT,bid,2400,11425.818
2024-08-29 07:17:40,ETHUSDT,bid,2400,11425.943
2024-08-29 07:18:11,ETHUSDT,bid,2450,5186.583
2024-08-29 07:18:23,ETHUSDT,bid,2440,9534.51
2024-08-29 07:20:42,ETHUSDT,bid,2440,9533.887
2024-08-29 07:22:20,ETHUSDT,bid,2400,11426.088
2024-08-29 07:23:36,ETHUSDT,bid,2400,11426.167
2024-08-29 07:23:43,ETHUSDT,bid,2400,11425.123
2024-08-29 07:24:03,ETHUSDT,bid,2440,9533.838
2024-08-29 07:25:21,ETHUSDT,bid,2400,11424.873
2024-08-29 07:25:34,ETHUSDT,bid,2400,11424.86
2024-08-29 07:25:53,ETHUSDT,bid,2400,11424.87
2024-08-29 07:26:49,ETHUSDT,bid,2400,11425.503
2024-08-29 07:26:55,ETHUSDT,bid,2200,5119.698
2024-08-29 07:27:34,ETHUSDT,bid,2400,11425.751
2024-08-29 07:27:35,ETHUSDT,bid,2400,11429.751
2024-08-29 07:28:48,ETHUSDT,bid,2400,11429.594
2024-08-29 07:31:32,ETHUSDT,bid,2450,5186.502
2024-08-29 07:31:48,ETHUSDT,bid,2440,9550.179
2024-08-29 07:32:09,ETHUSDT,bid,2400,11429.469
2024-08-29 07:32:12,ETHUSDT,bid,2430,8082.996
2024-08-29 07:32:13,ETHUSDT,bid,2440,9550.057
2024-08-29 07:32:24,ETHUSDT,bid,2400,11429.324
2024-08-29 07:32:48,ETHUSDT,bid,2450,5186.624
2024-08-29 07:32:57,ETHUSDT,bid,2440,9550.179
2024-08-29 07:33:02,ETHUSDT,bid,2400,11428.869
2024-08-29 07:33:07,ETHUSDT,bid,2430,8083.119
2024-08-29 07:33:16,ETHUSDT,bid,2400,11428.733
2024-08-29 07:33:27,ETHUSDT,bid,2400,11579.957
2024-08-29 07:33:40,ETHUSDT,bid,2400,11580.082
2024-08-29 07:34:02,ETHUSDT,bid,2400,11582.12
2024-08-29 07:34:05,ETHUSDT,bid,2430,8083.272
2024-08-29 07:34:30,ETHUSDT,bid,2400,11582.26
2024-08-29 07:34:47,ETHUSDT,bid,2400,11582.766
2024-08-29 07:35:48,ETHUSDT,bid,2400,11582.804
2024-08-29 07:36:19,ETHUSDT,bid,2440,9550.232
2024-08-29 07:36:42,ETHUSDT,bid,2430,8083.372
2024-08-29 07:36:43,ETHUSDT,bid,2400,11582.67
2024-08-29 07:36:49,ETHUSDT,bid,2440,9533.891
2024-08-29 07:37:02,ETHUSDT,bid,2450,5187.336
2024-08-29 07:38:03,ETHUSDT,bid,2400,11431.446
2024-08-29 07:38:04,ETHUSDT,bid,2430,8083.422
2024-08-29 07:38:04,ETHUSDT,bid,2400,11582.897
2024-08-29 07:38:20,ETHUSDT,bid,2420,5446.176
2024-08-29 07:38:21,ETHUSDT,bid,2420,5446.186
2024-08-29 07:38:24,ETHUSDT,bid,2420,5459.926
2024-08-29 07:38:57,ETHUSDT,bid,2400,11582.819
2024-08-29 07:39:15,ETHUSDT,bid,2400,11582.789
2024-08-29 07:39:16,ETHUSDT,bid,2400,11580.789
2024-08-29 07:40:05,ETHUSDT,bid,2400,11580.809
2024-08-29 07:40:08,ETHUSDT,bid,2400,11580.836
2024-08-29 07:40:15,ETHUSDT,bid,2430,8083.012
2024-08-29 07:40:40,ETHUSDT,bid,2400,11580.588
2024-08-29 07:40:50,ETHUSDT,bid,2440,9503.891
2024-08-29 07:40:51,ETHUSDT,bid,2400,11580.597
2024-08-29 07:40:53,ETHUSDT,bid,2400,11575.597
2024-08-29 07:41:10,ETHUSDT,bid,2400,11575.091
2024-08-29 07:41:41,ETHUSDT,bid,2450,5187.327
2024-08-29 07:42:43,ETHUSDT,bid,2400,11574.737
2024-08-29 07:42:50,ETHUSDT,bid,2400,11423.286
2024-08-29 07:42:51,ETHUSDT,bid,2400,11574.984
2024-08-29 07:44:46,ETHUSDT,bid,2400,11570.984
2024-08-29 07:44:55,ETHUSDT,bid,2400,11571.527
2024-08-29 07:45:04,ETHUSDT,bid,2440,9504.391
2024-08-29 07:46:12,ETHUSDT,bid,2400,11567.507
2024-08-29 07:47:26,ETHUSDT,bid,2400,11415.809
2024-08-29 07:47:27,ETHUSDT,bid,2400,11567.749
2024-08-29 07:47:29,ETHUSDT,bid,2400,11568.024
2024-08-29 07:48:39,ETHUSDT,bid,2430,8086.012
2024-08-29 07:48:44,ETHUSDT,bid,2400,11572.127
2024-08-29 07:49:06,ETHUSDT,bid,2400,11572.118
2024-08-29 07:49:47,ETHUSDT,bid,2400,11566.013
2024-08-29 07:49:49,ETHUSDT,bid,2440,9507.458
2024-08-29 07:50:24,ETHUSDT,bid,2400,11574.013
2024-08-29 07:50:25,ETHUSDT,bid,2450,5187.527
2024-08-29 07:51:16,ETHUSDT,bid,2400,11589.013
2024-08-29 07:52:18,ETHUSDT,bid,2400,11437.073
2024-08-29 07:52:19,ETHUSDT,bid,2400,11589.253
2024-08-29 07:52:34,ETHUSDT,bid,1700,6163.456
2024-08-29 07:52:43,ETHUSDT,bid,2400,11588.942
2024-08-29 07:53:44,ETHUSDT,bid,2400,11589.517
2024-08-29 07:54:19,ETHUSDT,bid,2440,9504.391
2024-08-29 07:55:13,ETHUSDT,bid,2400,11587.384
2024-08-29 07:55:13,ETHUSDT,bid,2430,8084.436
2024-08-29 07:55:16,ETHUSDT,bid,2400,11588.384
2024-08-29 07:56:22,ETHUSDT,bid,2400,11573.384
2024-08-29 07:56:28,ETHUSDT,bid,2400,11598.384
2024-08-29 07:56:42,ETHUSDT,bid,2400,11573.384
2024-08-29 07:57:05,ETHUSDT,bid,2400,11421.204
2024-08-29 07:57:06,ETHUSDT,bid,2400,11573.629
2024-08-29 07:57:18,ETHUSDT,bid,2400,11598.629
2024-08-29 07:57:42,ETHUSDT,bid,2400,11598.209
2024-08-29 07:58:02,ETHUSDT,bid,2400,11597.168
2024-08-29 07:58:58,ETHUSDT,bid,2450,5187.547
2024-08-29 07:59:19,ETHUSDT,bid,2450,5186.547
2024-08-29 07:59:40,ETHUSDT,bid,2030,4924.658
2024-08-29 07:59:40,ETHUSDT,bid,2230,4491.401
2024-08-29 08:01:49,ETHUSDT,bid,2420,5446.186
2024-08-29 08:01:51,ETHUSDT,bid,2400,11444.743
2024-08-29 08:01:52,ETHUSDT,bid,2400,11597.417
2024-08-29 08:02:28,ETHUSDT,bid,2400,11597.429
2024-08-29 08:02:28,ETHUSDT,bid,2430,8084.448
2024-08-29 08:04:46,ETHUSDT,bid,2400,11602.429
2024-08-29 08:04:58,ETHUSDT,bid,2450,5186.526
2024-08-29 08:06:17,ETHUSDT,bid,2400,11602.529
2024-08-29 08:06:17,ETHUSDT,bid,2450,5186.517
2024-08-29 08:06:41,ETHUSDT,bid,2400,11449.855
2024-08-29 08:06:42,ETHUSDT,bid,2400,11602.774
2024-08-29 08:06:46,ETHUSDT,bid,2440,9504.098
2024-08-29 08:07:15,ETHUSDT,bid,2450,5183.259
2024-08-29 08:08:11,ETHUSDT,bid,2400,11602.82
2024-08-29 08:08:28,ETHUSDT,bid,2400,11602.52
2024-08-29 08:08:35,ETHUSDT,bid,2400,11602.563
2024-08-29 08:09:23,ETHUSDT,bid,2400,11602.716
2024-08-29 08:09:34,ETHUSDT,bid,2400,11602.441
2024-08-29 08:10:44,ETHUSDT,bid,2400,11602.262
2024-08-29 08:11:13,ETHUSDT,bid,2400,11603.346
2024-08-29 08:11:27,ETHUSDT,bid,2400,11450.427
2024-08-29 08:11:50,ETHUSDT,bid,2450,5183.355
2024-08-29 08:12:30,ETHUSDT,bid,2400,11450.298
2024-08-29 08:12:32,ETHUSDT,bid,2450,5183.434
2024-08-29 08:12:45,ETHUSDT,bid,2420,5446.262
2024-08-29 08:12:46,ETHUSDT,bid,2400,11452.258
2024-08-29 08:13:07,ETHUSDT,bid,2400,11451.966
2024-08-29 08:13:13,ETHUSDT,bid,2400,11451.55
2024-08-29 08:14:34,ETHUSDT,bid,2440,9504.068
2024-08-29 08:14:44,ETHUSDT,bid,2430,8084.295
2024-08-29 08:15:03,ETHUSDT,bid,2400,11451.842
2024-08-29 08:16:20,ETHUSDT,bid,2440,9534.068
2024-08-29 08:16:21,ETHUSDT,bid,2400,11445.592
2024-08-29 08:16:51,ETHUSDT,bid,2430,8084.349
2024-08-29 08:18:50,ETHUSDT,bid,2400,11445.176
2024-08-29 08:19:07,ETHUSDT,bid,2400,11445.275
2024-08-29 08:19:54,ETHUSDT,bid,2450,5184.039
2024-08-29 08:20:27,ETHUSDT,bid,2440,9538.566
2024-08-29 08:20:53,ETHUSDT,bid,2400,11445.266
2024-08-29 08:20:55,ETHUSDT,bid,2400,11453.283
2024-08-29 08:20:56,ETHUSDT,bid,2440,9537.566
2024-08-29 08:22:26,ETHUSDT,bid,2400,11451.323
2024-08-29 08:22:40,ETHUSDT,bid,2400,11451.339
2024-08-29 08:23:22,ETHUSDT,bid,2400,11450.036
2024-08-29 08:24:24,ETHUSDT,bid,2400,11460.036
2024-08-29 08:24:55,ETHUSDT,bid,2400,11460.057
2024-08-29 08:27:37,ETHUSDT,bid,2400,11460.036
2024-08-29 08:27:48,ETHUSDT,bid,2450,5184.535
2024-08-29 08:28:43,ETHUSDT,bid,2400,11460.054
2024-08-29 08:29:22,ETHUSDT,bid,2400,11460.036
2024-08-29 08:29:31,ETHUSDT,bid,2400,11460.306
2024-08-29 08:30:18,ETHUSDT,bid,2400,11460.324
2024-08-29 08:30:43,ETHUSDT,bid,2400,11460.306
2024-08-29 08:31:17,ETHUSDT,bid,2400,11461.306
2024-08-29 08:31:53,ETHUSDT,bid,2420,5445.862
2024-08-29 08:32:40,ETHUSDT,bid,2400,11472.898
2024-08-29 08:33:12,ETHUSDT,bid,2400,11476.109
2024-08-29 08:33:12,ETHUSDT,bid,2430,8084.295
2024-08-29 08:33:52,ETHUSDT,bid,2400,11476.117
2024-08-29 08:34:25,ETHUSDT,bid,2140,4722.026
2024-08-29 08:34:25,ETHUSDT,bid,2400,11476.136
2024-08-29 08:35:25,ETHUSDT,bid,2450,5185.563
2024-08-29 08:35:35,ETHUSDT,bid,2400,11476.336
2024-08-29 08:35:46,ETHUSDT,bid,2400,11241.962
2024-08-29 08:36:37,ETHUSDT,bid,2140,4722.004
2024-08-29 08:36:37,ETHUSDT,bid,2400,11241.943
2024-08-29 08:37:21,ETHUSDT,bid,2400,11242.067
2024-08-29 08:38:39,ETHUSDT,bid,2450,5184.958
2024-08-29 08:39:21,ETHUSDT,bid,2400,11242.086
2024-08-29 08:39:37,ETHUSDT,bid,2400,11242.095
2024-08-29 08:40:11,ETHUSDT,bid,2400,11241.914
2024-08-29 08:40:50,ETHUSDT,bid,2400,11241.895
2024-08-29 08:41:00,ETHUSDT,bid,2420,5441.862
2024-08-29 08:41:13,ETHUSDT,bid,2400,11237.435
2024-08-29 08:41:15,ETHUSDT,bid,2400,11237.422
2024-08-29 08:42:30,ETHUSDT,bid,2430,8084.963
2024-08-29 08:45:33,ETHUSDT,bid,2450,5185.079
2024-08-29 08:46:35,ETHUSDT,bid,2450,5185.398
2024-08-29 08:46:37,ETHUSDT,bid,2400,11235.422
2024-08-29 08:47:06,ETHUSDT,bid,2440,9536.904
2024-08-29 08:48:04,ETHUSDT,bid,2400,11235.413
2024-08-29 08:48:11,ETHUSDT,bid,2440,9506.904
2024-08-29 08:48:53,ETHUSDT,bid,2400,11235.422
2024-08-29 08:49:08,ETHUSDT,bid,2430,8085.213
2024-08-29 08:49:53,ETHUSDT,bid,2400,11230.422
2024-08-29 08:50:04,ETHUSDT,bid,2400,11229.172
2024-08-29 08:50:06,ETHUSDT,bid,2440,9506.938
2024-08-29 08:50:16,ETHUSDT,bid,2440,9506.921
2024-08-29 08:50:17,ETHUSDT,bid,2440,9506.904
2024-08-29 08:51:37,ETHUSDT,bid,2400,11227.535
2024-08-29 08:51:48,ETHUSDT,bid,2440,9507.537
2024-08-29 08:51:56,ETHUSDT,bid,2420,5442.068
2024-08-29 08:52:59,ETHUSDT,bid,2400,11228.129
2024-08-29 08:53:45,ETHUSDT,bid,2440,9506.904
2024-08-29 08:54:20,ETHUSDT,bid,2450,5183.442
2024-08-29 08:54:54,ETHUSDT,bid,2400,11228.12
2024-08-29 08:56:57,ETHUSDT,bid,2400,11228.536
2024-08-29 08:57:02,ETHUSDT,bid,2400,11228.457
2024-08-29 08:57:06,ETHUSDT,bid,2450,5186.097
2024-08-29 08:57:23,ETHUSDT,bid,2430,8085.562
2024-08-29 08:57:28,ETHUSDT,bid,2400,11228.443
2024-08-29 08:58:15,ETHUSDT,bid,2450,5187.99
2024-08-29 08:58:29,ETHUSDT,bid,2400,11228.453
2024-08-29 08:58:34,ETHUSDT,bid,2430,8085.213
2024-08-29 08:58:54,ETHUSDT,bid,2450,5188.24
2024-08-29 08:59:13,ETHUSDT,bid,2400,11229.213
2024-08-29 08:59:17,ETHUSDT,bid,1700,6164.956
2024-08-29 09:00:36,ETHUSDT,bid,2400,11229.254
2024-08-29 09:01:44,ETHUSDT,bid,2400,11229.218
2024-08-29 09:01:44,ETHUSDT,bid,2450,5187.99
2024-08-29 09:02:28,ETHUSDT,bid,2400,11229.344
2024-08-29 09:03:03,ETHUSDT,bid,2400,11229.363
2024-08-29 09:03:59,ETHUSDT,bid,2400,11229.295
2024-08-29 09:04:19,ETHUSDT,bid,2400,11228.789
2024-08-29 09:05:27,ETHUSDT,bid,1700,6167.956
2024-08-29 09:05:30,ETHUSDT,bid,2400,11230.904
2024-08-29 09:05:49,ETHUSDT,bid,2400,11229.005
2024-08-29 09:06:47,ETHUSDT,bid,2440,9502.406
2024-08-29 09:07:28,ETHUSDT,bid,2400,11228.993
2024-08-29 09:10:18,ETHUSDT,bid,2400,11229.011
2024-08-29 09:11:29,ETHUSDT,bid,2400,11229.219
2024-08-29 09:14:43,ETHUSDT,bid,2400,11228.219
2024-08-29 09:15:37,ETHUSDT,bid,2400,11226.104
2024-08-29 09:15:47,ETHUSDT,bid,2400,11226.047
2024-08-29 09:16:09,ETHUSDT,bid,2400,11225.988
2024-08-29 09:16:25,ETHUSDT,bid,2430,8085.079
2024-08-29 09:16:26,ETHUSDT,bid,2400,11225.852
2024-08-29 09:16:43,ETHUSDT,bid,2400,11226.701
2024-08-29 09:16:58,ETHUSDT,bid,2400,11225.852
2024-08-29 09:19:05,ETHUSDT,bid,2400,11225.352
2024-08-29 09:19:08,ETHUSDT,bid,2400,11225.249
2024-08-29 09:19:42,ETHUSDT,bid,2430,8125.079
2024-08-29 09:22:43,ETHUSDT,bid,2400,11225.239
2024-08-29 09:24:46,ETHUSDT,bid,2400,11225.216
2024-08-29 09:25:00,ETHUSDT,bid,2400,11226.466
2024-08-29 09:25:34,ETHUSDT,bid,2400,11226.258
2024-08-29 09:26:16,ETHUSDT,bid,2400,11226.468
2024-08-29 09:26:24,ETHUSDT,bid,2420,5455.808
2024-08-29 09:26:39,ETHUSDT,bid,2440,9501.589
2024-08-29 09:27:39,ETHUSDT,bid,2430,8125.132
2024-08-29 09:28:34,ETHUSDT,bid,2400,11226.498
2024-08-29 09:28:58,ETHUSDT,bid,2450,5191.99
2024-08-29 09:29:14,ETHUSDT,bid,2430,8126.364
2024-08-29 09:29:21,ETHUSDT,bid,2450,5193.99
2024-08-29 09:29:22,ETHUSDT,bid,2440,9502.815
2024-08-29 09:29:45,ETHUSDT,bid,2450,5195.211
2024-08-29 09:31:29,ETHUSDT,bid,2400,11228.135
2024-08-29 09:34:20,ETHUSDT,bid,2400,11228.235
2024-08-29 09:34:22,ETHUSDT,bid,2450,5196.838
2024-08-29 09:34:23,ETHUSDT,bid,2420,5455.798
2024-08-29 09:35:03,ETHUSDT,bid,2420,5455.788
2024-08-29 09:35:07,ETHUSDT,bid,2400,11228.272
2024-08-29 09:36:06,ETHUSDT,bid,2400,11228.222
2024-08-29 09:36:56,ETHUSDT,bid,2450,5194.572
2024-08-29 09:37:15,ETHUSDT,bid,2400,11216.63
2024-08-29 09:37:47,ETHUSDT,bid,2420,5442.048
2024-08-29 09:39:00,ETHUSDT,bid,2450,5194.657
2024-08-29 09:39:04,ETHUSDT,bid,2400,11207.783
2024-08-29 09:42:20,ETHUSDT,bid,2400,11232.932
2024-08-29 09:42:22,ETHUSDT,bid,2400,11260.003
2024-08-29 09:42:46,ETHUSDT,bid,2400,11260.028
2024-08-29 09:43:05,ETHUSDT,bid,2430,8126.405
2024-08-29 09:43:05,ETHUSDT,bid,2400,11234.879
2024-08-29 09:43:08,ETHUSDT,bid,2380,10494.509
2024-08-29 09:43:31,ETHUSDT,bid,2360,10915.534
2024-08-29 09:43:40,ETHUSDT,bid,2430,8126.325
2024-08-29 09:43:46,ETHUSDT,bid,2430,8126.284
2024-08-29 09:43:50,ETHUSDT,bid,2350,12111.027
2024-08-29 09:45:09,ETHUSDT,bid,2450,5190.191
2024-08-29 09:45:12,ETHUSDT,bid,2400,11235.094
2024-08-29 09:45:18,ETHUSDT,bid,2140,4722.026
2024-08-29 09:45:18,ETHUSDT,bid,2400,11235.113
2024-08-29 09:45:21,ETHUSDT,bid,2430,8126.252
2024-08-29 09:45:26,ETHUSDT,bid,2430,8127.252
2024-08-29 09:45:45,ETHUSDT,bid,2400,11235.014
2024-08-29 09:45:50,ETHUSDT,bid,2400,11233.3
2024-08-29 09:45:50,ETHUSDT,bid,2450,5186.939
2024-08-29 09:46:05,ETHUSDT,bid,2450,5187.439
2024-08-29 09:48:05,ETHUSDT,bid,2400,11232.297
2024-08-29 09:48:21,ETHUSDT,bid,2400,11232.315
2024-08-29 09:48:21,ETHUSDT,bid,2430,8127.27
2024-08-29 09:48:21,ETHUSDT,bid,2440,9502.833
2024-08-29 09:48:21,ETHUSDT,bid,2450,5187.457
2024-08-29 09:48:22,ETHUSDT,bid,2400,11231.899
2024-08-29 09:48:30,ETHUSDT,bid,2400,11231.999
2024-08-29 09:48:32,ETHUSDT,bid,2440,9503.833
2024-08-29 09:48:34,ETHUSDT,bid,2450,5187.417
2024-08-29 09:48:43,ETHUSDT,bid,2400,11231.899
2024-08-29 09:49:52,ETHUSDT,bid,2400,11230.591
2024-08-29 09:50:24,ETHUSDT,bid,2400,11230.582
2024-08-29 09:50:32,ETHUSDT,bid,2400,11230.552
2024-08-29 09:50:41,ETHUSDT,bid,2450,5191.213
2024-08-29 09:50:56,ETHUSDT,bid,2400,11230.65
2024-08-29 09:51:20,ETHUSDT,bid,2400,11232.65
2024-08-29 09:52:56,ETHUSDT,bid,2400,11232.573
2024-08-29 09:54:15,ETHUSDT,bid,2400,11232.49
2024-08-29 09:54:46,ETHUSDT,bid,2430,8122.27
2024-08-29 09:55:15,ETHUSDT,bid,2400,11232.39
2024-08-29 09:55:18,ETHUSDT,bid,2400,11232.89
2024-08-29 09:56:53,ETHUSDT,bid,2430,8122.252
2024-08-29 09:57:56,ETHUSDT,bid,2400,11233.89
2024-08-29 09:58:18,ETHUSDT,bid,2450,5191.173
2024-08-29 09:59:15,ETHUSDT,bid,2520,4034.945
2024-08-29 09:59:15,ETHUSDT,bid,2520,4039.145
2024-08-29 09:59:16,ETHUSDT,bid,2520,4039.145
2024-08-29 09:59:17,ETHUSDT,bid,2520,4058.849
2024-08-29 09:59:17,ETHUSDT,bid,2520,4039.145
2024-08-29 09:59:17,ETHUSDT,bid,2520,4039.545
2024-08-29 09:59:17,ETHUSDT,bid,2520,4039.145
2024-08-29 09:59:17,ETHUSDT,bid,2520,4041.152
2024-08-29 09:59:18,ETHUSDT,bid,2520,4041.152
2024-08-29 09:59:18,ETHUSDT,bid,2520,4039.145
2024-08-29 09:59:19,ETHUSDT,bid,2520,4039.145
2024-08-29 09:59:20,ETHUSDT,bid,2520,4058.521
2024-08-29 09:59:20,ETHUSDT,bid,2520,4039.145
2024-08-29 10:00:29,ETHUSDT,bid,2400,11233.914
2024-08-29 10:00:50,ETHUSDT,bid,2400,11233.794
2024-08-29 10:00:50,ETHUSDT,bid,2450,5191.053
2024-08-29 10:00:52,ETHUSDT,bid,2520,6016.749
2024-08-29 10:00:52,ETHUSDT,bid,2520,6016.354
2024-08-29 10:00:53,ETHUSDT,bid,2520,6035.738
2024-08-29 10:00:53,ETHUSDT,bid,2520,6016.362
2024-08-29 10:00:54,ETHUSDT,bid,2520,6016.362
2024-08-29 10:00:55,ETHUSDT,bid,2520,6016.362
2024-08-29 10:00:56,ETHUSDT,bid,2520,6016.362
2024-08-29 10:00:57,ETHUSDT,bid,2520,6035.738
2024-08-29 10:00:57,ETHUSDT,bid,2520,6016.362
2024-08-29 10:00:58,ETHUSDT,bid,2520,6043.228
2024-08-29 10:00:58,ETHUSDT,bid,2520,6043.228
2024-08-29 10:00:58,ETHUSDT,bid,2520,6018.489
2024-08-29 10:00:58,ETHUSDT,bid,2520,6043.151
2024-08-29 10:00:58,ETHUSDT,bid,2520,6018.489
2024-08-29 10:00:59,ETHUSDT,bid,2520,6043.449
2024-08-29 10:00:59,ETHUSDT,bid,2520,6043.469
2024-08-29 10:01:00,ETHUSDT,bid,2520,6063.174
2024-08-29 10:01:00,ETHUSDT,bid,2520,6043.469
2024-08-29 10:01:01,ETHUSDT,bid,2520,6043.469
2024-08-29 10:01:02,ETHUSDT,bid,2520,6043.469
2024-08-29 10:01:02,ETHUSDT,bid,2520,6018.509
2024-08-29 10:01:49,ETHUSDT,bid,2450,5191.113
2024-08-29 10:01:49,ETHUSDT,bid,2450,5189.22
2024-08-29 10:02:02,ETHUSDT,bid,2400,11233.824
2024-08-29 10:02:02,ETHUSDT,bid,2440,9503.863
2024-08-29 10:02:59,ETHUSDT,bid,2450,5187.999
2024-08-29 10:03:04,ETHUSDT,bid,2440,9502.637
2024-08-29 10:03:06,ETHUSDT,bid,2430,8121.02
2024-08-29 10:03:19,ETHUSDT,bid,2430,8120.967
2024-08-29 10:03:37,ETHUSDT,bid,2400,11235.49
2024-08-29 10:03:51,ETHUSDT,bid,2430,8141.209
2024-08-29 10:03:55,ETHUSDT,bid,2380,10496.605
2024-08-29 10:04:26,ETHUSDT,bid,2380,10494.509
2024-08-29 10:04:39,ETHUSDT,bid,2520,7019.844
2024-08-29 10:04:40,ETHUSDT,bid,2520,7019.449
2024-08-29 10:04:41,ETHUSDT,bid,2520,7016.279
2024-08-29 10:04:42,ETHUSDT,bid,2520,7035.655
2024-08-29 10:04:42,ETHUSDT,bid,2520,7016.279
2024-08-29 10:04:43,ETHUSDT,bid,2520,7016.279
2024-08-29 10:04:44,ETHUSDT,bid,2520,7035.986
2024-08-29 10:04:44,ETHUSDT,bid,2520,7016.279
2024-08-29 10:04:45,ETHUSDT,bid,2520,7016.279
2024-08-29 10:04:46,ETHUSDT,bid,2520,7035.986
2024-08-29 10:04:46,ETHUSDT,bid,2520,7016.279
2024-08-29 10:04:47,ETHUSDT,bid,2520,7016.279
2024-08-29 10:04:48,ETHUSDT,bid,2520,7035.655
2024-08-29 10:04:48,ETHUSDT,bid,2520,7016.279
2024-08-29 10:04:50,ETHUSDT,bid,2520,7016.279
2024-08-29 10:04:52,ETHUSDT,bid,2520,7035.655
2024-08-29 10:04:52,ETHUSDT,bid,2520,7016.279
2024-08-29 10:04:52,ETHUSDT,bid,2520,7016.295
2024-08-29 10:04:53,ETHUSDT,bid,2520,7016.295
2024-08-29 10:04:54,ETHUSDT,bid,2520,7016.295
2024-08-29 10:04:55,ETHUSDT,bid,2520,7035.671
2024-08-29 10:04:55,ETHUSDT,bid,2520,7016.295
2024-08-29 10:04:56,ETHUSDT,bid,2520,7035.671
2024-08-29 10:04:56,ETHUSDT,bid,2520,7016.295
2024-08-29 10:04:57,ETHUSDT,bid,2520,7016.295
2024-08-29 10:04:58,ETHUSDT,bid,2380,10496.605
2024-08-29 10:04:58,ETHUSDT,bid,2520,7035.671
2024-08-29 10:04:58,ETHUSDT,bid,2520,7016.295
2024-08-29 10:04:59,ETHUSDT,bid,2520,7016.295
2024-08-29 10:05:00,ETHUSDT,bid,2520,7035.671
2024-08-29 10:05:00,ETHUSDT,bid,2520,7016.295
2024-08-29 10:05:01,ETHUSDT,bid,2520,7036.002
2024-08-29 10:05:01,ETHUSDT,bid,2520,7016.295
2024-08-29 10:05:02,ETHUSDT,bid,2520,7035.671
2024-08-29 10:05:02,ETHUSDT,bid,2520,7016.295
2024-08-29 10:05:03,ETHUSDT,bid,2520,7016.453
2024-08-29 10:05:03,ETHUSDT,bid,2520,7016.453
2024-08-29 10:05:03,ETHUSDT,bid,2520,7016.453
2024-08-29 10:05:03,ETHUSDT,bid,2520,7016.295
2024-08-29 10:05:03,ETHUSDT,bid,2520,7016.358
2024-08-29 10:05:04,ETHUSDT,bid,2520,7016.358
2024-08-29 10:05:05,ETHUSDT,bid,2520,7036.065
2024-08-29 10:05:05,ETHUSDT,bid,2520,7016.358
2024-08-29 10:05:05,ETHUSDT,bid,2520,7022.467
2024-08-29 10:05:06,ETHUSDT,bid,2520,7041.843
2024-08-29 10:05:06,ETHUSDT,bid,2520,7022.467
2024-08-29 10:05:07,ETHUSDT,bid,2520,7022.467
2024-08-29 10:05:08,ETHUSDT,bid,2520,7042.174
2024-08-29 10:05:08,ETHUSDT,bid,2520,7022.467
2024-08-29 10:05:09,ETHUSDT,bid,2520,7022.467
2024-08-29 10:05:10,ETHUSDT,bid,2520,7022.451
2024-08-29 10:05:11,ETHUSDT,bid,2520,7022.451
2024-08-29 10:05:13,ETHUSDT,bid,2380,10494.509
2024-08-29 10:06:14,ETHUSDT,bid,2400,11235.48
2024-08-29 10:08:22,ETHUSDT,bid,2400,11244.178
2024-08-29 10:10:51,ETHUSDT,bid,2400,11244.187
2024-08-29 10:11:13,ETHUSDT,bid,2400,11244.305
2024-08-29 10:14:08,ETHUSDT,bid,2400,11244.425
2024-08-29 10:14:08,ETHUSDT,bid,2450,5188.119
2024-08-29 10:14:15,ETHUSDT,bid,2400,11235.727
2024-08-29 10:14:44,ETHUSDT,bid,2400,11235.827
2024-08-29 10:18:44,ETHUSDT,bid,2400,11236.059
2024-08-29 10:19:14,ETHUSDT,bid,2400,11236.559
2024-08-29 10:20:40,ETHUSDT,bid,2440,9504.637
2024-08-29 10:21:01,ETHUSDT,bid,2430,8143.209
2024-08-29 10:25:07,ETHUSDT,bid,2200,5120.898
2024-08-29 10:25:39,ETHUSDT,bid,2420,5441.537
2024-08-29 10:27:05,ETHUSDT,bid,2450,5187.997
2024-08-29 10:27:33,ETHUSDT,bid,2400,11236.892
2024-08-29 10:27:55,ETHUSDT,bid,2400,11236.933
2024-08-29 10:28:10,ETHUSDT,bid,2400,11236.813
2024-08-29 10:28:10,ETHUSDT,bid,2450,5187.877
2024-08-29 10:28:26,ETHUSDT,bid,2400,11236.863
2024-08-29 10:28:29,ETHUSDT,bid,2400,11236.606
2024-08-29 10:28:54,ETHUSDT,bid,2400,11236.398
2024-08-29 10:29:58,ETHUSDT,bid,2400,11238.898
2024-08-29 10:31:35,ETHUSDT,bid,2400,11238.909
2024-08-29 10:33:18,ETHUSDT,bid,2450,5186.25
2024-08-29 10:34:21,ETHUSDT,bid,2400,11238.929
2024-08-29 10:34:55,ETHUSDT,bid,2450,5186.207
2024-08-29 10:35:42,ETHUSDT,bid,2450,5186.122
2024-08-29 10:35:52,ETHUSDT,bid,2400,11238.918
2024-08-29 10:35:56,ETHUSDT,bid,2400,11241.418
2024-08-29 10:36:15,ETHUSDT,bid,2450,5196.122
2024-08-29 10:39:23,ETHUSDT,bid,2400,11240.418
2024-08-29 10:41:38,ETHUSDT,bid,2140,4722.048
2024-08-29 10:42:34,ETHUSDT,bid,2400,11239.418
2024-08-29 10:45:17,ETHUSDT,bid,2400,11238.418
2024-08-29 10:46:04,ETHUSDT,bid,2430,8143.109
2024-08-29 10:46:53,ETHUSDT,bid,2400,11238.439
2024-08-29 10:46:56,ETHUSDT,bid,2450,5192.049
2024-08-29 10:47:10,ETHUSDT,bid,2400,11238.421
2024-08-29 10:47:10,ETHUSDT,bid,2430,8143.091
2024-08-29 10:47:10,ETHUSDT,bid,2440,9504.619
2024-08-29 10:47:10,ETHUSDT,bid,2450,5192.031
2024-08-29 10:48:11,ETHUSDT,bid,2440,9504.885
2024-08-29 10:48:17,ETHUSDT,bid,2400,11238.549
2024-08-29 10:49:54,ETHUSDT,bid,2400,11239.383
2024-08-29 10:50:29,ETHUSDT,bid,2400,11236.383
2024-08-29 10:52:21,ETHUSDT,bid,2450,5192.044
2024-08-29 10:53:13,ETHUSDT,bid,2400,11224.176
2024-08-29 10:53:54,ETHUSDT,bid,2400,11224.893
2024-08-29 10:55:12,ETHUSDT,bid,2400,11224.94
2024-08-29 10:56:38,ETHUSDT,bid,2430,8143.055
2024-08-29 10:56:50,ETHUSDT,bid,2400,11224.919
2024-08-29 10:57:31,ETHUSDT,bid,2400,11229.085
2024-08-29 10:57:31,ETHUSDT,bid,2400,11228.085
2024-08-29 10:57:37,ETHUSDT,bid,2400,11228.646
2024-08-29 10:58:41,ETHUSDT,bid,2400,11228.679
2024-08-29 10:58:56,ETHUSDT,bid,2450,5200.918
2024-08-29 10:59:02,ETHUSDT,bid,2380,10494.892
2024-08-29 11:00:20,ETHUSDT,bid,2400,11224.042
2024-08-29 11:01:33,ETHUSDT,bid,2360,10915.516
2024-08-29 11:01:33,ETHUSDT,bid,2380,10494.874
2024-08-29 11:01:33,ETHUSDT,bid,2440,9504.867
2024-08-29 11:02:12,ETHUSDT,bid,2400,11224.572
2024-08-29 11:02:14,ETHUSDT,bid,2430,8143.26
2024-08-29 11:02:17,ETHUSDT,bid,2450,5202.918
2024-08-29 11:02:36,ETHUSDT,bid,2400,11222.87
2024-08-29 11:02:45,ETHUSDT,bid,2450,5203.282
2024-08-29 11:03:06,ETHUSDT,bid,2450,5202.918
2024-08-29 11:04:55,ETHUSDT,bid,2400,11222.34
2024-08-29 11:05:28,ETHUSDT,bid,2400,11226.246
2024-08-29 11:05:29,ETHUSDT,bid,2400,11227.015
2024-08-29 11:06:08,ETHUSDT,bid,2400,11227.056
2024-08-29 11:07:31,ETHUSDT,bid,2400,11227.066
2024-08-29 11:07:34,ETHUSDT,bid,2400,11227.993
2024-08-29 11:07:57,ETHUSDT,bid,2400,11227.066
2024-08-29 11:08:11,ETHUSDT,bid,2430,8143.055
2024-08-29 11:09:22,ETHUSDT,bid,2430,8143.044
2024-08-29 11:09:22,ETHUSDT,ask,2990,3456.077
2024-08-29 11:10:53,ETHUSDT,bid,2400,11227.649
2024-08-29 11:11:56,ETHUSDT,bid,2400,11227.659
2024-08-29 11:13:37,ETHUSDT,bid,2400,11227.834
2024-08-29 11:14:17,ETHUSDT,bid,2450,5203.334
2024-08-29 11:14:20,ETHUSDT,bid,2450,5203.367
2024-08-29 11:14:44,ETHUSDT,bid,2360,10913.402
2024-08-29 11:14:53,ETHUSDT,bid,2400,11227.843
2024-08-29 11:17:51,ETHUSDT,bid,1700,6167.366
2024-08-29 11:20:43,ETHUSDT,bid,2450,5203.334
2024-08-29 11:21:25,ETHUSDT,bid,2450,5203.862
2024-08-29 11:21:57,ETHUSDT,bid,2450,5208.1
2024-08-29 11:22:10,ETHUSDT,bid,2400,11227.801
2024-08-29 11:22:16,ETHUSDT,bid,2400,11227.768
2024-08-29 11:22:26,ETHUSDT,bid,2400,11227.778
2024-08-29 11:23:06,ETHUSDT,bid,2430,8143.544
2024-08-29 11:23:41,ETHUSDT,bid,2400,11227.796
2024-08-29 11:24:07,ETHUSDT,bid,2400,11232.709
2024-08-29 11:24:43,ETHUSDT,bid,2450,5203.862
2024-08-29 11:24:56,ETHUSDT,bid,2400,11232.729
2024-08-29 11:27:08,ETHUSDT,bid,2430,8123.302
2024-08-29 11:29:01,ETHUSDT,bid,2400,11232.708
2024-08-29 11:29:04,ETHUSDT,bid,2450,5203.147
2024-08-29 11:29:33,ETHUSDT,bid,2400,11232.667
2024-08-29 11:29:45,ETHUSDT,bid,2400,11232.867
2024-08-29 11:33:42,ETHUSDT,bid,2400,11232.892
2024-08-29 11:34:06,ETHUSDT,bid,2400,11232.909
2024-08-29 11:35:32,ETHUSDT,bid,2450,5207.318
2024-08-29 11:36:05,ETHUSDT,bid,2450,5208.181
2024-08-29 11:36:22,ETHUSDT,bid,2450,5204.01
2024-08-29 11:37:06,ETHUSDT,bid,2400,11232.868
2024-08-29 11:37:15,ETHUSDT,bid,1700,6167.346
2024-08-29 11:37:47,ETHUSDT,bid,2400,11232.24
2024-08-29 11:38:35,ETHUSDT,bid,2400,11232.254
2024-08-29 11:39:19,ETHUSDT,bid,2400,11232.354
2024-08-29 11:40:31,ETHUSDT,bid,2430,8123.284
2024-08-29 11:40:39,ETHUSDT,bid,2400,11232.363
2024-08-29 11:40:39,ETHUSDT,bid,2430,8123.293
2024-08-29 11:43:24,ETHUSDT,bid,2400,11230.654
2024-08-29 11:44:22,ETHUSDT,bid,2400,11230.862
2024-08-29 11:45:14,ETHUSDT,bid,2400,11230.853
2024-08-29 11:46:39,ETHUSDT,bid,2400,11229.546
2024-08-29 11:47:26,ETHUSDT,bid,2450,5210.01
2024-08-29 11:48:06,ETHUSDT,bid,2440,9504.516
2024-08-29 11:50:14,ETHUSDT,bid,2450,5201.136
2024-08-29 11:51:09,ETHUSDT,bid,2400,11229.358
2024-08-29 11:51:52,ETHUSDT,bid,2400,11229.338
2024-08-29 11:53:02,ETHUSDT,bid,2450,5201.624
2024-08-29 11:53:24,ETHUSDT,bid,2400,11229.379
2024-08-29 11:55:42,ETHUSDT,bid,2400,11229.391
2024-08-29 11:55:46,ETHUSDT,bid,2400,11229.119
2024-08-29 11:58:38,ETHUSDT,bid,2400,11229.091
2024-08-29 11:58:58,ETHUSDT,bid,2400,11228.791
2024-08-29 12:00:26,ETHUSDT,bid,2400,11228.559
2024-08-29 12:00:30,ETHUSDT,bid,2400,11230.054
2024-08-29 12:00:59,ETHUSDT,bid,2400,11229.991
2024-08-29 12:01:01,ETHUSDT,bid,2400,11229.688
2024-08-29 12:01:10,ETHUSDT,bid,2400,11228.193
2024-08-29 12:01:16,ETHUSDT,bid,2400,11228.253
2024-08-29 12:01:45,ETHUSDT,bid,2400,11228.202
2024-08-29 12:03:05,ETHUSDT,bid,2140,4722.026
2024-08-29 12:03:05,ETHUSDT,bid,2400,11228.183
2024-08-29 12:03:20,ETHUSDT,bid,2420,5439.552
2024-08-29 12:03:47,ETHUSDT,bid,2450,5201.587
2024-08-29 12:09:43,ETHUSDT,bid,2360,10911.114
2024-08-29 12:09:48,ETHUSDT,bid,2400,11224.017
2024-08-29 12:11:10,ETHUSDT,bid,2400,11224.048
2024-08-29 12:11:41,ETHUSDT,bid,2400,11222.048
2024-08-29 12:12:03,ETHUSDT,bid,2400,11222.057
2024-08-29 12:13:44,ETHUSDT,bid,1700,6173.287
2024-08-29 12:13:45,ETHUSDT,bid,2400,11222.157
2024-08-29 12:14:05,ETHUSDT,bid,2400,11222.169
2024-08-29 12:14:32,ETHUSDT,bid,2380,10493.563
2024-08-29 12:15:01,ETHUSDT,bid,2440,9506.128
2024-08-29 12:16:51,ETHUSDT,bid,2420,5439.476
2024-08-29 12:17:12,ETHUSDT,bid,2450,5201.646
2024-08-29 12:17:58,ETHUSDT,bid,2440,9508.195
2024-08-29 12:18:16,ETHUSDT,bid,2400,11221.626
2024-08-29 12:18:25,ETHUSDT,bid,2420,5439.542
2024-08-29 12:18:38,ETHUSDT,bid,2400,11220.168
2024-08-29 12:18:38,ETHUSDT,bid,2400,11219.084
2024-08-29 12:20:01,ETHUSDT,bid,2400,11219.663
2024-08-29 12:22:36,ETHUSDT,bid,2400,11219.497
2024-08-29 12:24:04,ETHUSDT,bid,2430,8120.475
2024-08-29 12:24:50,ETHUSDT,bid,2400,11219.488
2024-08-29 12:25:22,ETHUSDT,bid,2400,11217.488
2024-08-29 12:28:59,ETHUSDT,bid,2400,11217.94
2024-08-29 12:29:45,ETHUSDT,bid,2400,11222.106
2024-08-29 12:29:51,ETHUSDT,bid,2400,11221.69
2024-08-29 12:30:50,ETHUSDT,bid,2430,8120.83
2024-08-29 12:30:51,ETHUSDT,bid,2400,11221.647
2024-08-29 12:31:58,ETHUSDT,bid,2420,5439.476
2024-08-29 12:31:58,ETHUSDT,bid,2400,11221.231
2024-08-29 12:32:18,ETHUSDT,bid,2290,4442.904
2024-08-29 12:33:17,ETHUSDT,bid,2420,5443.476
2024-08-29 12:33:23,ETHUSDT,bid,2400,11221.222
2024-08-29 12:34:13,ETHUSDT,bid,2400,11221.336
2024-08-29 12:34:34,ETHUSDT,bid,2380,10493.661
2024-08-29 12:38:03,ETHUSDT,bid,2360,10911.072
2024-08-29 12:38:32,ETHUSDT,bid,2400,11221.175
2024-08-29 12:38:32,ETHUSDT,bid,2400,11218.175
2024-08-29 12:39:32,ETHUSDT,bid,2440,9508.205
2024-08-29 12:39:36,ETHUSDT,bid,2440,9508.195
2024-08-29 12:40:06,ETHUSDT,bid,2400,11218.077
2024-08-29 12:40:07,ETHUSDT,bid,2400,11217.959
2024-08-29 12:40:11,ETHUSDT,bid,2400,11217.365
2024-08-29 12:40:18,ETHUSDT,bid,2440,9508.205
2024-08-29 12:40:20,ETHUSDT,bid,2440,9508.195
2024-08-29 12:42:01,ETHUSDT,bid,2400,11217.781
2024-08-29 12:42:42,ETHUSDT,bid,2400,11218.074
2024-08-29 12:43:43,ETHUSDT,bid,2400,11217.658
2024-08-29 12:45:03,ETHUSDT,bid,2400,11217.383
2024-08-29 12:46:39,ETHUSDT,bid,2400,11217.596
2024-08-29 12:49:13,ETHUSDT,bid,2400,11217.549
2024-08-29 12:49:35,ETHUSDT,bid,2400,11217.097
2024-08-29 12:50:15,ETHUSDT,bid,1700,6173.267
2024-08-29 12:50:15,ETHUSDT,bid,1960,5206.502
2024-08-29 12:50:49,ETHUSDT,bid,2400,11218.998
2024-08-29 12:52:22,ETHUSDT,bid,2400,11217.097
2024-08-29 12:53:55,ETHUSDT,bid,2400,11217.085
2024-08-29 12:57:04,ETHUSDT,bid,1700,6172.593
2024-08-29 12:57:17,ETHUSDT,bid,2420,5443.54
2024-08-29 12:57:51,ETHUSDT,bid,2430,8120.813
2024-08-29 12:58:03,ETHUSDT,bid,2400,11217.042
2024-08-29 12:58:25,ETHUSDT,bid,2450,5201.732
2024-08-29 12:58:37,ETHUSDT,bid,2400,11217.017
2024-08-29 12:59:03,ETHUSDT,bid,2450,5203.759
2024-08-29 12:59:39,ETHUSDT,bid,2450,5203.638
2024-08-29 12:59:51,ETHUSDT,bid,2400,11217.517
2024-08-29 13:00:34,ETHUSDT,bid,2450,5201.611
2024-08-29 13:01:46,ETHUSDT,bid,2400,11217.45
2024-08-29 13:03:24,ETHUSDT,bid,2400,11217.322
2024-08-29 13:03:58,ETHUSDT,bid,2450,5201.814
2024-08-29 13:04:39,ETHUSDT,bid,2400,11215.322
2024-08-29 13:05:16,ETHUSDT,bid,2400,11214.462
2024-08-29 13:07:14,ETHUSDT,bid,2380,10493.563
2024-08-29 13:07:14,ETHUSDT,bid,2400,11214.348
2024-08-29 13:08:47,ETHUSDT,bid,2400,11213.101
2024-08-29 13:09:06,ETHUSDT,bid,2450,5201.77
2024-08-29 13:09:10,ETHUSDT,bid,2420,5443.476
2024-08-29 13:10:03,ETHUSDT,bid,2400,11213.079
2024-08-29 13:12:03,ETHUSDT,bid,2400,11213.1
2024-08-29 13:12:51,ETHUSDT,bid,2450,5191.77
2024-08-29 13:14:07,ETHUSDT,bid,2360,10909.045
2024-08-29 13:15:00,ETHUSDT,bid,2450,5193.747
2024-08-29 13:15:30,ETHUSDT,bid,2400,11213.6
2024-08-29 13:15:46,ETHUSDT,bid,2420,5443.582
2024-08-29 13:16:44,ETHUSDT,bid,2400,11213.625
2024-08-29 13:18:51,ETHUSDT,bid,2400,11214.625
2024-08-29 13:19:00,ETHUSDT,bid,2400,11214.525
2024-08-29 13:19:30,ETHUSDT,bid,2400,11172.859
2024-08-29 13:19:56,ETHUSDT,bid,2400,11171.859
2024-08-29 13:22:21,ETHUSDT,bid,2400,11167.693
2024-08-29 13:22:26,ETHUSDT,bid,2420,5443.476
2024-08-29 13:22:32,ETHUSDT,bid,2400,11167.652
2024-08-29 13:24:14,ETHUSDT,bid,2450,5187.747
2024-08-29 13:24:59,ETHUSDT,bid,2400,11167.852
2024-08-29 13:25:24,ETHUSDT,bid,2400,11167.799
2024-08-29 13:27:18,ETHUSDT,bid,2450,5186.12
2024-08-29 13:27:24,ETHUSDT,bid,2430,8121.813
2024-08-29 13:27:35,ETHUSDT,bid,2400,11166.299
2024-08-29 13:28:48,ETHUSDT,bid,2400,11366.554
2024-08-29 13:28:57,ETHUSDT,bid,2290,4442.914
2024-08-29 13:28:57,ETHUSDT,bid,2440,9508.205
2024-08-29 13:28:59,ETHUSDT,bid,2440,9508.215
2024-08-29 13:29:19,ETHUSDT,bid,2400,11364.054
2024-08-29 13:29:43,ETHUSDT,bid,2290,4442.904
2024-08-29 13:30:32,ETHUSDT,bid,2400,11363.428
2024-08-29 13:30:48,ETHUSDT,bid,2400,11363.415
2024-08-29 13:30:48,ETHUSDT,bid,2440,9508.202
2024-08-29 13:30:58,ETHUSDT,bid,2450,5186.034
2024-08-29 13:31:55,ETHUSDT,bid,2420,5443.588
2024-08-29 13:32:17,ETHUSDT,bid,2400,11363.405
2024-08-29 13:33:10,ETHUSDT,bid,2450,5184.612
2024-08-29 13:33:50,ETHUSDT,bid,2400,11363.395
2024-08-29 13:34:02,ETHUSDT,bid,2140,4722.036
2024-08-29 13:34:02,ETHUSDT,bid,2400,11363.405
2024-08-29 13:34:46,ETHUSDT,bid,2140,4722.026
2024-08-29 13:34:46,ETHUSDT,bid,2400,11363.395
2024-08-29 13:35:26,ETHUSDT,bid,2430,8119.813
2024-08-29 13:35:27,ETHUSDT,bid,2440,9506.202
2024-08-29 13:36:09,ETHUSDT,bid,2400,11363.404
2024-08-29 13:36:18,ETHUSDT,bid,2400,11363.393
2024-08-29 13:36:42,ETHUSDT,bid,2350,12107.555
2024-08-29 13:36:51,ETHUSDT,bid,2440,9511.313
2024-08-29 13:37:02,ETHUSDT,bid,2290,4442.889
2024-08-29 13:37:02,ETHUSDT,bid,2350,12107.54
2024-08-29 13:37:02,ETHUSDT,bid,2360,10909.03
2024-08-29 13:37:28,ETHUSDT,bid,2380,10493.563
2024-08-29 13:37:58,ETHUSDT,bid,2360,10909.045
2024-08-29 13:38:12,ETHUSDT,bid,2350,12107.555
2024-08-29 13:38:54,ETHUSDT,bid,2440,9509.701
2024-08-29 13:39:19,ETHUSDT,bid,1700,6172.607
2024-08-29 13:39:19,ETHUSDT,bid,2400,11363.301
2024-08-29 13:39:36,ETHUSDT,bid,2430,8119.764
2024-08-29 13:40:26,ETHUSDT,bid,2290,4442.904
2024-08-29 13:40:30,ETHUSDT,bid,2400,11364.694
2024-08-29 13:41:11,ETHUSDT,bid,2400,11364.301
2024-08-29 13:41:24,ETHUSDT,bid,2250,4474.697
2024-08-29 13:41:48,ETHUSDT,bid,2350,12107.074
2024-08-29 13:42:02,ETHUSDT,bid,2230,4491.416
2024-08-29 13:42:43,ETHUSDT,bid,2400,11365.101
2024-08-29 13:42:48,ETHUSDT,bid,2200,5120.913
2024-08-29 13:43:24,ETHUSDT,bid,2450,5184.702
2024-08-29 13:44:45,ETHUSDT,bid,2400,11365.057
2024-08-29 13:46:20,ETHUSDT,bid,2430,8120.096
2024-08-29 13:46:21,ETHUSDT,bid,2400,11352.908
2024-08-29 13:47:02,ETHUSDT,bid,2400,11352.091
2024-08-29 13:47:43,ETHUSDT,bid,2400,11352.606
2024-08-29 13:47:59,ETHUSDT,bid,2450,5184.422
2024-08-29 13:48:24,ETHUSDT,bid,2400,11351.606
2024-08-29 13:48:29,ETHUSDT,bid,2440,9509.823
2024-08-29 13:48:30,ETHUSDT,bid,2440,9509.701
2024-08-29 13:49:08,ETHUSDT,bid,2400,11351.533
2024-08-29 13:49:11,ETHUSDT,bid,2400,11365.175
2024-08-29 13:52:46,ETHUSDT,bid,2400,11364.882
2024-08-29 13:53:56,ETHUSDT,bid,2400,11364.873
2024-08-29 13:54:39,ETHUSDT,bid,2400,11364.848
2024-08-29 13:55:30,ETHUSDT,bid,2040,9800.554
2024-08-29 13:55:30,ETHUSDT,bid,2040,9800.47
2024-08-29 13:55:59,ETHUSDT,bid,2400,11364.838
2024-08-29 13:56:11,ETHUSDT,bid,2400,11359.838
2024-08-29 13:56:18,ETHUSDT,bid,2400,11359.849
2024-08-29 13:57:26,ETHUSDT,bid,2400,11349.849
2024-08-29 13:58:14,ETHUSDT,bid,2400,11348.896
2024-08-29 13:58:17,ETHUSDT,bid,2430,8119.846
2024-08-29 13:58:44,ETHUSDT,bid,1700,6152.025
2024-08-29 13:59:35,ETHUSDT,bid,2140,4722.004
2024-08-29 14:00:01,ETHUSDT,bid,2350,12107.157
2024-08-29 14:00:26,ETHUSDT,bid,2140,4721.933
2024-08-29 14:00:26,ETHUSDT,bid,2400,11348.825
2024-08-29 14:00:40,ETHUSDT,bid,2380,10497.563
2024-08-29 14:00:46,ETHUSDT,bid,2400,11348.799
2024-08-29 14:00:50,ETHUSDT,bid,2400,11348.78
2024-08-29 14:01:22,ETHUSDT,bid,2450,5184.828
2024-08-29 14:01:36,ETHUSDT,bid,2450,5184.422
2024-08-29 14:03:41,ETHUSDT,bid,2400,11348.636
2024-08-29 14:03:50,ETHUSDT,bid,2400,11348.732
2024-08-29 14:05:39,ETHUSDT,bid,2450,5190.752
2024-08-29 14:05:58,ETHUSDT,bid,2450,5184.422
2024-08-29 14:06:29,ETHUSDT,bid,2380,10496.681
2024-08-29 14:08:58,ETHUSDT,bid,2400,11346.024
2024-08-29 14:09:00,ETHUSDT,bid,2450,5185.297
2024-08-29 14:10:28,ETHUSDT,bid,2400,11345.483
2024-08-29 14:11:15,ETHUSDT,bid,2400,11345.383
2024-08-29 14:12:56,ETHUSDT,bid,2430,8119.859
2024-08-29 14:12:56,ETHUSDT,bid,2440,9509.714
2024-08-29 14:12:56,ETHUSDT,bid,2450,5185.31
2024-08-29 14:14:22,ETHUSDT,bid,2400,11343.145
2024-08-29 14:14:31,ETHUSDT,bid,2380,10499.681
2024-08-29 14:15:03,ETHUSDT,bid,2400,11345.137
2024-08-29 14:15:54,ETHUSDT,bid,2440,9549.714
2024-08-29 14:17:28,ETHUSDT,bid,1960,5205.431
2024-08-29 14:17:30,ETHUSDT,bid,2400,11345.075
2024-08-29 14:18:55,ETHUSDT,bid,2450,5185.189
2024-08-29 14:18:56,ETHUSDT,bid,2400,11344.19
2024-08-29 14:19:37,ETHUSDT,bid,2400,11345.69
2024-08-29 14:20:01,ETHUSDT,bid,2400,11346.082
2024-08-29 14:20:29,ETHUSDT,bid,2400,11344.09
2024-08-29 14:20:38,ETHUSDT,bid,2360,10908.919
2024-08-29 14:20:40,ETHUSDT,bid,2400,11344.007
2024-08-29 14:21:04,ETHUSDT,bid,1960,5205.304
2024-08-29 14:23:13,ETHUSDT,bid,2400,11342.507
2024-08-29 14:23:45,ETHUSDT,bid,2450,5186.549
2024-08-29 14:24:52,ETHUSDT,bid,2450,5196.276
2024-08-29 14:26:22,ETHUSDT,bid,1700,6122.615
2024-08-29 14:27:39,ETHUSDT,bid,2400,11342.007
2024-08-29 14:27:50,ETHUSDT,bid,2420,5445.06
2024-08-29 14:30:34,ETHUSDT,bid,2400,11341.976
2024-08-29 14:30:58,ETHUSDT,bid,2400,11341.956
2024-08-29 14:31:12,ETHUSDT,bid,2400,11342.106
2024-08-29 14:31:15,ETHUSDT,bid,2290,4442.914
2024-08-29 14:31:24,ETHUSDT,bid,2290,4442.924
2024-08-29 14:31:26,ETHUSDT,bid,2290,4442.934
2024-08-29 14:31:26,ETHUSDT,bid,2290,4442.944
2024-08-29 14:31:27,ETHUSDT,bid,2290,4442.954
2024-08-29 14:31:28,ETHUSDT,bid,2290,4442.964
2024-08-29 14:31:28,ETHUSDT,bid,2290,4442.974
2024-08-29 14:31:29,ETHUSDT,bid,2290,4442.984
2024-08-29 14:31:35,ETHUSDT,bid,2400,11342.22
2024-08-29 14:31:35,ETHUSDT,bid,2430,8119.973
2024-08-29 14:31:35,ETHUSDT,bid,2440,9549.828
2024-08-29 14:31:35,ETHUSDT,bid,2450,5196.39
2024-08-29 14:31:57,ETHUSDT,bid,2400,11342.426
2024-08-29 14:31:59,ETHUSDT,bid,2430,8120.383
2024-08-29 14:32:04,ETHUSDT,bid,2290,4442.974
2024-08-29 14:32:09,ETHUSDT,bid,2290,4442.964
2024-08-29 14:32:09,ETHUSDT,bid,2290,4442.954
2024-08-29 14:32:10,ETHUSDT,bid,2290,4442.944
2024-08-29 14:32:12,ETHUSDT,bid,2290,4442.934
2024-08-29 14:32:13,ETHUSDT,bid,2290,4442.924
2024-08-29 14:32:14,ETHUSDT,bid,2290,4442.914
2024-08-29 14:32:16,ETHUSDT,bid,2290,4442.904
2024-08-29 14:32:32,ETHUSDT,bid,2400,11341.926
2024-08-29 14:33:51,ETHUSDT,bid,2380,10499.722
2024-08-29 14:34:24,ETHUSDT,bid,2400,11341.939
2024-08-29 14:34:41,ETHUSDT,bid,2400,11341.926
2024-08-29 14:34:49,ETHUSDT,ask,3040,3280.533
2024-08-29 14:35:20,ETHUSDT,bid,2450,5198.352
2024-08-29 14:35:36,ETHUSDT,bid,2450,5198.435
2024-08-29 14:36:04,ETHUSDT,bid,2450,5198.411
2024-08-29 14:36:39,ETHUSDT,bid,2430,8120.316
2024-08-29 14:38:22,ETHUSDT,bid,2400,11341.769
2024-08-29 14:38:49,ETHUSDT,bid,2400,11341.757
2024-08-29 14:39:56,ETHUSDT,bid,2400,11332.703
2024-08-29 14:40:07,ETHUSDT,bid,2440,9552.665
2024-08-29 14:40:32,ETHUSDT,bid,1700,6122.673
2024-08-29 14:41:34,ETHUSDT,bid,2400,11332.744
2024-08-29 14:43:01,ETHUSDT,bid,2400,11332.724
2024-08-29 14:45:07,ETHUSDT,bid,2400,11332.59
2024-08-29 14:49:45,ETHUSDT,bid,1700,6122.615
2024-08-29 14:49:45,ETHUSDT,bid,2400,11332.549
2024-08-29 14:51:36,ETHUSDT,bid,2400,11330.511
2024-08-29 14:51:57,ETHUSDT,bid,2400,11330.557
2024-08-29 14:52:43,ETHUSDT,bid,1700,6122.673
2024-08-29 14:52:57,ETHUSDT,bid,2400,11330.618
2024-08-29 14:53:41,ETHUSDT,bid,2400,11330.659
2024-08-29 14:54:52,ETHUSDT,bid,1960,5205.264
2024-08-29 14:54:52,ETHUSDT,bid,2140,4721.896
2024-08-29 14:55:51,ETHUSDT,bid,2400,11330.72
2024-08-29 14:56:16,ETHUSDT,bid,2400,11330.42
2024-08-29 14:58:11,ETHUSDT,bid,2400,11330.429
2024-08-29 15:00:00,ETHUSDT,bid,2350,12107.074
2024-08-29 15:00:08,ETHUSDT,bid,2290,4442.914
2024-08-29 15:00:58,ETHUSDT,bid,2140,4721.798
2024-08-29 15:00:58,ETHUSDT,bid,2400,11330.341
2024-08-29 15:01:06,ETHUSDT,bid,2290,4442.904
2024-08-29 15:03:52,ETHUSDT,bid,2400,11330.258
2024-08-29 15:04:39,ETHUSDT,bid,2450,5198.398
2024-08-29 15:05:11,ETHUSDT,bid,2400,11331.299
2024-08-29 15:05:37,ETHUSDT,bid,2450,5198.601
2024-08-29 15:06:25,ETHUSDT,bid,2400,11131.044
2024-08-29 15:06:42,ETHUSDT,bid,2400,11130.98
2024-08-29 15:06:45,ETHUSDT,bid,2400,11331.235
2024-08-29 15:08:38,ETHUSDT,bid,2290,4442.914
2024-08-29 15:09:20,ETHUSDT,bid,2430,8118.316
2024-08-29 15:09:24,ETHUSDT,bid,2290,4442.904
2024-08-29 15:09:50,ETHUSDT,bid,2400,11331.205
2024-08-29 15:09:50,ETHUSDT,bid,2440,9552.635
2024-08-29 15:10:28,ETHUSDT,bid,2400,11330.205
2024-08-29 15:10:35,ETHUSDT,bid,2400,11320.205
2024-08-29 15:10:46,ETHUSDT,bid,2430,8113.689
2024-08-29 15:10:48,ETHUSDT,bid,2360,10908.888
2024-08-29 15:11:00,ETHUSDT,bid,2450,5197.726
2024-08-29 15:11:43,ETHUSDT,bid,2140,4721.772
2024-08-29 15:12:07,ETHUSDT,bid,2430,8113.75
2024-08-29 15:12:13,ETHUSDT,bid,2400,11320.214
2024-08-29 15:12:14,ETHUSDT,bid,2450,5197.776
2024-08-29 15:12:21,ETHUSDT,bid,2440,9552.696
2024-08-29 15:12:45,ETHUSDT,bid,2400,11320.108
2024-08-29 15:13:22,ETHUSDT,bid,2400,11320.725
2024-08-29 15:13:32,ETHUSDT,bid,2400,11320.808
2024-08-29 15:13:37,ETHUSDT,bid,2400,11320.882
2024-08-29 15:13:40,ETHUSDT,bid,2400,11320.799
2024-08-29 15:13:48,ETHUSDT,bid,2400,11320.903
2024-08-29 15:14:01,ETHUSDT,bid,2440,9605.966
2024-08-29 15:14:01,ETHUSDT,bid,2440,9746.926
2024-08-29 15:14:01,ETHUSDT,bid,2440,9810.165
2024-08-29 15:14:01,ETHUSDT,bid,2440,9810.657
2024-08-29 15:14:15,ETHUSDT,bid,2400,11320.923
2024-08-29 15:15:00,ETHUSDT,bid,2440,9757.387
2024-08-29 15:15:00,ETHUSDT,bid,2440,9685.54
2024-08-29 15:15:00,ETHUSDT,bid,2440,9557.108
2024-08-29 15:15:00,ETHUSDT,bid,2440,9553.188
2024-08-29 15:15:00,ETHUSDT,bid,2440,9552.696
2024-08-29 15:15:35,ETHUSDT,bid,2400,11328.469
2024-08-29 15:16:17,ETHUSDT,bid,2290,4442.914
2024-08-29 15:16:17,ETHUSDT,bid,2290,4442.924
2024-08-29 15:16:24,ETHUSDT,bid,1700,6123.073
2024-08-29 15:16:59,ETHUSDT,bid,2290,4442.914
2024-08-29 15:17:00,ETHUSDT,bid,2290,4442.904
2024-08-29 15:17:00,ETHUSDT,bid,2440,9556.785
2024-08-29 15:18:12,ETHUSDT,bid,2400,11328.449
2024-08-29 15:18:15,ETHUSDT,bid,2440,9556.795
2024-08-29 15:18:43,ETHUSDT,bid,2400,11322.755
2024-08-29 15:18:53,ETHUSDT,bid,1700,6122.673
2024-08-29 15:18:53,ETHUSDT,bid,2400,11322.735
2024-08-29 15:20:56,ETHUSDT,bid,2400,11322.75
2024-08-29 15:21:19,ETHUSDT,bid,2400,11322.45
2024-08-29 15:21:38,ETHUSDT,bid,2440,9557.197
2024-08-29 15:21:42,ETHUSDT,bid,2400,11322.995
2024-08-29 15:22:22,ETHUSDT,bid,2400,11321.242
2024-08-29 15:22:59,ETHUSDT,bid,2400,11321.679
2024-08-29 15:23:01,ETHUSDT,bid,2030,4924.756
2024-08-29 15:23:01,ETHUSDT,bid,2030,4924.658
2024-08-29 15:23:46,ETHUSDT,bid,2400,11321.67
2024-08-29 15:24:17,ETHUSDT,bid,2400,11320.004
2024-08-29 15:24:28,ETHUSDT,bid,2440,9553.108
2024-08-29 15:25:54,ETHUSDT,bid,2030,4924.756
2024-08-29 15:25:54,ETHUSDT,bid,2030,4924.658
2024-08-29 15:25:55,ETHUSDT,bid,2030,4924.756
2024-08-29 15:25:55,ETHUSDT,bid,2030,4924.658
2024-08-29 15:25:56,ETHUSDT,bid,2030,4924.658
2024-08-29 15:27:08,ETHUSDT,bid,2400,11322.004
2024-08-29 15:27:12,ETHUSDT,bid,2400,11322.024
2024-08-29 15:27:22,ETHUSDT,bid,2400,11321.999
2024-08-29 15:27:23,ETHUSDT,bid,2450,5194.776
2024-08-29 15:27:32,ETHUSDT,bid,2440,9553.098
2024-08-29 15:27:47,ETHUSDT,bid,2380,10503.981
2024-08-29 15:28:25,ETHUSDT,bid,2440,9553.088
2024-08-29 15:28:48,ETHUSDT,bid,2400,11322.421
2024-08-29 15:28:56,ETHUSDT,bid,2400,11323.286
2024-08-29 15:30:57,ETHUSDT,bid,2400,11327.869
2024-08-29 15:35:43,ETHUSDT,bid,2400,11327.86
2024-08-29 15:37:42,ETHUSDT,bid,2400,11367.763
2024-08-29 15:37:44,ETHUSDT,bid,2450,5195.182
2024-08-29 15:41:34,ETHUSDT,bid,2400,11368.487
2024-08-29 15:43:20,ETHUSDT,bid,2430,8115.434
2024-08-29 15:43:51,ETHUSDT,bid,2400,11369.487
2024-08-29 15:44:05,ETHUSDT,bid,2400,11369.469
2024-08-29 15:44:52,ETHUSDT,bid,2400,11370.369
2024-08-29 15:45:01,ETHUSDT,bid,2400,11370.261
2024-08-29 15:45:03,ETHUSDT,bid,2400,11376.198
2024-08-29 15:45:14,ETHUSDT,bid,2400,11370.261
2024-08-29 15:45:55,ETHUSDT,bid,2430,8115.664
2024-08-29 15:46:31,ETHUSDT,bid,2400,11369.839
2024-08-29 15:46:57,ETHUSDT,bid,2400,11370.507
2024-08-29 15:47:24,ETHUSDT,bid,2400,11330.604
2024-08-29 15:47:27,ETHUSDT,bid,2400,11330.645
2024-08-29 15:47:59,ETHUSDT,bid,2450,5193.22
2024-08-29 15:48:44,ETHUSDT,bid,2420,5445.123
2024-08-29 15:49:37,ETHUSDT,bid,2400,11329.745
2024-08-29 15:50:04,ETHUSDT,bid,2400,11345.094
2024-08-29 15:51:54,ETHUSDT,bid,2430,8115.434
2024-08-29 15:53:23,ETHUSDT,bid,2400,11345.035
2024-08-29 15:53:38,ETHUSDT,bid,2430,8115.402
2024-08-29 15:53:41,ETHUSDT,bid,2440,9553.055
2024-08-29 15:53:41,ETHUSDT,bid,2400,11343.035
2024-08-29 15:55:20,ETHUSDT,bid,2430,8113.718
2024-08-29 15:58:54,ETHUSDT,bid,2400,11343.055
2024-08-29 15:59:36,ETHUSDT,bid,2400,11348.53
2024-08-29 16:01:55,ETHUSDT,bid,2400,11348.519
2024-08-29 16:02:19,ETHUSDT,bid,2450,5195.22
2024-08-29 16:02:33,ETHUSDT,bid,2420,5445.16
2024-08-29 16:02:38,ETHUSDT,bid,2400,11348.427
2024-08-29 16:02:49,ETHUSDT,bid,2400,11333.078
2024-08-29 16:04:40,ETHUSDT,bid,2380,10473.86
2024-08-29 16:04:41,ETHUSDT,bid,2400,11306.007
2024-08-29 16:06:09,ETHUSDT,bid,2400,11305.428
2024-08-29 16:06:10,ETHUSDT,bid,2440,9552.985
2024-08-29 16:06:34,ETHUSDT,bid,2400,11304.563
2024-08-29 16:07:00,ETHUSDT,bid,2400,11304.501
2024-08-29 16:07:31,ETHUSDT,bid,2400,11303.108
2024-08-29 16:07:32,ETHUSDT,bid,2400,11304.108
2024-08-29 16:08:01,ETHUSDT,bid,2400,11309.108
2024-08-29 16:08:26,ETHUSDT,bid,2400,11309.609
2024-08-29 16:08:31,ETHUSDT,bid,2400,11309.619
2024-08-29 16:08:52,ETHUSDT,bid,2290,4442.914
2024-08-29 16:09:14,ETHUSDT,bid,2400,11309.628
2024-08-29 16:09:33,ETHUSDT,bid,2450,5193.22
2024-08-29 16:09:45,ETHUSDT,bid,2400,11306.628
2024-08-29 16:09:49,ETHUSDT,bid,2400,11306.605
2024-08-29 16:09:55,ETHUSDT,bid,2290,4442.904
2024-08-29 16:10:20,ETHUSDT,bid,2400,11306.48
2024-08-29 16:11:23,ETHUSDT,bid,2440,9547.985
2024-08-29 16:12:26,ETHUSDT,bid,2400,11306.317
2024-08-29 16:13:26,ETHUSDT,bid,2440,9547.131
2024-08-29 16:14:32,ETHUSDT,bid,2440,9546.729
2024-08-29 16:14:44,ETHUSDT,bid,2420,5445.097
2024-08-29 16:15:30,ETHUSDT,bid,2400,11306.296
2024-08-29 16:16:52,ETHUSDT,bid,2400,11330.296
2024-08-29 16:17:31,ETHUSDT,bid,2400,11306.296
2024-08-29 16:17:53,ETHUSDT,bid,2400,11316.296
2024-08-29 16:19:07,ETHUSDT,bid,2250,4474.774
2024-08-29 16:19:22,ETHUSDT,bid,2400,11317.546
2024-08-29 16:19:56,ETHUSDT,bid,2420,5460.405
2024-08-29 16:20:08,ETHUSDT,bid,2400,11317.188
2024-08-29 16:21:08,ETHUSDT,bid,2400,11322.188
2024-08-29 16:21:21,ETHUSDT,bid,2400,11322.131
2024-08-29 16:22:56,ETHUSDT,bid,2400,11322.331
2024-08-29 16:23:00,ETHUSDT,bid,2400,11322.249
2024-08-29 16:23:34,ETHUSDT,bid,2400,11322.072
2024-08-29 16:24:34,ETHUSDT,bid,2420,5445.097
2024-08-29 16:24:35,ETHUSDT,bid,2420,5460.43
2024-08-29 16:24:57,ETHUSDT,bid,2400,11322.081
2024-08-29 16:25:09,ETHUSDT,bid,2400,11321.456
2024-08-29 16:26:22,ETHUSDT,bid,2400,11320.206
2024-08-29 16:26:22,ETHUSDT,bid,2400,11340.206
2024-08-29 16:27:02,ETHUSDT,bid,2400,11340.296
2024-08-29 16:27:19,ETHUSDT,bid,1700,6121.516
2024-08-29 16:28:46,ETHUSDT,bid,2400,11340.096
2024-08-29 16:29:16,ETHUSDT,bid,2400,11340.106
2024-08-29 16:29:17,ETHUSDT,bid,2400,11341.726
2024-08-29 16:29:21,ETHUSDT,bid,2420,5445.097
2024-08-29 16:29:22,ETHUSDT,bid,2420,5460.455
2024-08-29 16:29:41,ETHUSDT,bid,2420,5458.983
2024-08-29 16:29:55,ETHUSDT,bid,2400,11341.714
2024-08-29 16:29:55,ETHUSDT,bid,2430,8113.706
2024-08-29 16:30:59,ETHUSDT,bid,2420,5459.602
2024-08-29 16:31:42,ETHUSDT,bid,2400,11341.614
2024-08-29 16:32:03,ETHUSDT,bid,2420,5459.662
2024-08-29 16:32:18,ETHUSDT,bid,2400,11339.994
2024-08-29 16:34:08,ETHUSDT,bid,2400,11341.035
2024-08-29 16:34:09,ETHUSDT,bid,2420,5444.304
2024-08-29 16:34:10,ETHUSDT,bid,2420,5459.687
2024-08-29 16:34:37,ETHUSDT,bid,2420,5459.627
2024-08-29 16:37:20,ETHUSDT,bid,2430,8113.706
2024-08-29 16:38:55,ETHUSDT,bid,2420,5444.244
2024-08-29 16:38:56,ETHUSDT,bid,2420,5459.652
2024-08-29 16:39:14,ETHUSDT,bid,2400,11340.52
2024-08-29 16:39:14,ETHUSDT,bid,2400,11347.928
2024-08-29 16:39:15,ETHUSDT,bid,2430,8113.374
2024-08-29 16:39:30,ETHUSDT,bid,2430,8113.786
2024-08-29 16:39:49,ETHUSDT,bid,2400,11339.748
2024-08-29 16:40:33,ETHUSDT,bid,2450,5194.22
2024-08-29 16:40:57,ETHUSDT,bid,2400,11359.748
2024-08-29 16:42:30,ETHUSDT,bid,2450,5194.137
2024-08-29 16:43:02,ETHUSDT,bid,2400,11359.738
2024-08-29 16:43:06,ETHUSDT,bid,2400,11359.721
2024-08-29 16:43:36,ETHUSDT,bid,2420,5444.244
2024-08-29 16:43:37,ETHUSDT,bid,2420,5459.676
2024-08-29 16:43:38,ETHUSDT,bid,2400,11359.762
2024-08-29 16:45:09,ETHUSDT,bid,2440,9546.629
2024-08-29 16:45:11,ETHUSDT,bid,2360,10908.762
2024-08-29 16:45:47,ETHUSDT,bid,2450,5195.137
2024-08-29 16:47:45,ETHUSDT,bid,2400,11359.777
2024-08-29 16:47:57,ETHUSDT,bid,2400,11359.793
2024-08-29 16:48:22,ETHUSDT,bid,2420,5444.244
2024-08-29 16:48:23,ETHUSDT,bid,2420,5459.701
2024-08-29 16:48:34,ETHUSDT,bid,2400,11359.802
2024-08-29 16:48:34,ETHUSDT,bid,2430,8113.795
2024-08-29 16:48:34,ETHUSDT,bid,2440,9546.638
2024-08-29 16:48:34,ETHUSDT,bid,2450,5195.146
2024-08-29 16:49:17,ETHUSDT,bid,2400,11359.532
2024-08-29 16:49:51,ETHUSDT,bid,2400,11339.532
2024-08-29 16:50:35,ETHUSDT,bid,2440,9546.648
2024-08-29 16:52:02,ETHUSDT,bid,2400,11339.541
2024-08-29 16:52:02,ETHUSDT,ask,2990,3456.086
2024-08-29 16:53:08,ETHUSDT,bid,2420,5444.244
2024-08-29 16:53:09,ETHUSDT,bid,2420,5459.724
2024-08-29 16:53:25,ETHUSDT,bid,2450,5195.172
2024-08-29 16:55:33,ETHUSDT,bid,2400,11340.952
2024-08-29 16:55:44,ETHUSDT,bid,2400,11339.952
2024-08-29 16:56:00,ETHUSDT,bid,2400,11339.806
2024-08-29 16:56:52,ETHUSDT,bid,2400,11339.791
2024-08-29 16:57:55,ETHUSDT,bid,2420,5444.244
2024-08-29 16:58:34,ETHUSDT,bid,2400,11339.123
2024-08-29 16:58:40,ETHUSDT,bid,1700,6121.493
2024-08-29 16:58:40,ETHUSDT,bid,1960,5205.241
2024-08-29 16:58:40,ETHUSDT,bid,2140,4721.749
2024-08-29 16:58:40,ETHUSDT,bid,2400,11339.1
2024-08-29 16:59:09,ETHUSDT,bid,2400,11339.161
2024-08-29 16:59:18,ETHUSDT,bid,2450,5194.969
2024-08-29 17:00:58,ETHUSDT,bid,2400,11338.946
2024-08-29 17:03:02,ETHUSDT,bid,2200,5121.269
2024-08-29 17:05:37,ETHUSDT,bid,2400,11338.96
2024-08-29 17:05:40,ETHUSDT,bid,2400,11339.293
2024-08-29 17:05:47,ETHUSDT,bid,2140,4720.605
2024-08-29 17:06:12,ETHUSDT,ask,2990,3453.167
2024-08-29 17:07:22,ETHUSDT,ask,2990,3457.109
2024-08-29 17:07:24,ETHUSDT,bid,2400,11336.422
2024-08-29 17:07:52,ETHUSDT,bid,2400,11336.397
2024-08-29 17:08:42,ETHUSDT,bid,1700,6120.788
2024-08-29 17:09:37,ETHUSDT,bid,2400,11336.379
2024-08-29 17:11:21,ETHUSDT,bid,2400,11335.963
2024-08-29 17:15:27,ETHUSDT,bid,2440,9546.638
2024-08-29 17:15:54,ETHUSDT,bid,2400,11335.906
2024-08-29 17:16:18,ETHUSDT,bid,2400,11335.959
2024-08-29 17:17:01,ETHUSDT,bid,2140,4720.615
2024-08-29 17:17:01,ETHUSDT,bid,2360,10908.772
2024-08-29 17:17:50,ETHUSDT,bid,2400,11335.928
2024-08-29 17:18:28,ETHUSDT,bid,2400,11335.595
2024-08-29 17:19:12,ETHUSDT,bid,2400,11338.288
2024-08-29 17:19:40,ETHUSDT,bid,2400,11333.705
2024-08-29 17:20:55,ETHUSDT,bid,2430,8113.383
2024-08-29 17:21:57,ETHUSDT,bid,2440,9506.638
2024-08-29 17:26:04,ETHUSDT,bid,2400,11333.686
2024-08-29 17:26:08,ETHUSDT,bid,2440,9504.571
2024-08-29 17:27:52,ETHUSDT,bid,2400,11333.603
2024-08-29 17:28:45,ETHUSDT,bid,2450,5194.766
2024-08-29 17:29:53,ETHUSDT,bid,2400,11333.594
2024-08-29 17:29:55,ETHUSDT,bid,2400,11333.094
2024-08-29 17:29:57,ETHUSDT,bid,2400,11333.103
2024-08-29 17:30:43,ETHUSDT,bid,2400,11332.791
2024-08-29 17:30:43,ETHUSDT,bid,2400,11332.8
2024-08-29 17:30:57,ETHUSDT,bid,2440,9503.154
2024-08-29 17:32:21,ETHUSDT,bid,2400,11333.216
2024-08-29 17:32:47,ETHUSDT,bid,2400,11333.416
2024-08-29 17:33:48,ETHUSDT,bid,2400,11340.916
2024-08-29 17:33:53,ETHUSDT,bid,2400,11340.907
2024-08-29 17:34:53,ETHUSDT,bid,2400,11340.854
2024-08-29 17:35:10,ETHUSDT,bid,2400,11340.868
2024-08-29 17:35:26,ETHUSDT,bid,2400,11340.918
2024-08-29 17:36:29,ETHUSDT,bid,2400,11340.868
2024-08-29 17:37:05,ETHUSDT,bid,2400,11341.212
2024-08-29 17:37:18,ETHUSDT,bid,2400,11341.628
2024-08-29 17:38:29,ETHUSDT,bid,2400,11337.462
2024-08-29 17:40:06,ETHUSDT,bid,2400,11337.07
2024-08-29 17:40:59,ETHUSDT,bid,2400,11335.659
2024-08-29 17:41:28,ETHUSDT,bid,2400,11337.59
2024-08-29 17:41:36,ETHUSDT,bid,2400,11337.806
2024-08-29 17:41:54,ETHUSDT,bid,2400,11338.306
2024-08-29 17:41:56,ETHUSDT,bid,2400,11338.281
2024-08-29 17:42:53,ETHUSDT,bid,2400,11337.268
2024-08-29 17:43:21,ETHUSDT,bid,2400,11337.284
2024-08-29 17:43:25,ETHUSDT,bid,2400,11336.868
2024-08-29 17:43:47,ETHUSDT,bid,2140,4720.115
2024-08-29 17:48:27,ETHUSDT,bid,2400,11336.848
2024-08-29 17:48:45,ETHUSDT,bid,2400,11331.848
2024-08-29 17:48:51,ETHUSDT,bid,2350,12106.523
2024-08-29 17:48:51,ETHUSDT,bid,2400,11326.848
2024-08-29 17:49:06,ETHUSDT,bid,2400,11327.448
2024-08-29 17:49:18,ETHUSDT,bid,2400,11326.848
2024-08-29 17:50:23,ETHUSDT,bid,2400,11326.858
2024-08-29 17:51:25,ETHUSDT,bid,2400,11326.867
2024-08-29 17:53:10,ETHUSDT,bid,2400,11327.017
2024-08-29 17:53:23,ETHUSDT,bid,2400,11331.6
2024-08-29 17:53:40,ETHUSDT,bid,2400,11331.45
2024-08-29 17:54:12,ETHUSDT,bid,2200,5120.913
2024-08-29 17:54:15,ETHUSDT,bid,2400,11331.483
2024-08-29 17:56:29,ETHUSDT,bid,2400,11332.3
2024-08-29 17:56:47,ETHUSDT,bid,2400,11331.884
2024-08-29 17:58:15,ETHUSDT,bid,2400,11331.067
2024-08-29 17:59:51,ETHUSDT,bid,2400,11330.092
2024-08-29 18:00:55,ETHUSDT,bid,2400,11330.731
2024-08-29 18:00:56,ETHUSDT,bid,2400,11332.326
2024-08-29 18:01:42,ETHUSDT,bid,2400,11332.31
2024-08-29 18:03:26,ETHUSDT,bid,2440,9503.39
2024-08-29 18:06:12,ETHUSDT,bid,2400,11329.81
2024-08-29 18:06:25,ETHUSDT,bid,2400,11329.61
2024-08-29 18:06:40,ETHUSDT,bid,2410,8295.887
2024-08-29 18:10:46,ETHUSDT,bid,2400,11327.61
2024-08-29 18:10:56,ETHUSDT,bid,2360,10908.987
2024-08-29 18:11:54,ETHUSDT,bid,2380,10471.86
2024-08-29 18:11:54,ETHUSDT,bid,2400,11324.61
2024-08-29 18:11:57,ETHUSDT,bid,2380,10471.11
2024-08-29 18:12:52,ETHUSDT,bid,2290,4442.914
2024-08-29 18:12:53,ETHUSDT,bid,2290,4442.924
2024-08-29 18:12:56,ETHUSDT,bid,2400,11324.992
2024-08-29 18:13:03,ETHUSDT,bid,2400,11325.092
2024-08-29 18:13:28,ETHUSDT,bid,2440,9503.337
2024-08-29 18:13:41,ETHUSDT,bid,2400,11325.105
2024-08-29 18:13:41,ETHUSDT,bid,2290,4442.914
2024-08-29 18:13:43,ETHUSDT,bid,2290,4442.904
2024-08-29 18:14:20,ETHUSDT,bid,2400,11324.889
2024-08-29 18:14:36,ETHUSDT,bid,2400,11325.177
2024-08-29 18:15:25,ETHUSDT,bid,2400,11324.004
2024-08-29 18:19:28,ETHUSDT,bid,2360,10905.987
2024-08-29 18:19:45,ETHUSDT,bid,2400,11323.995
2024-08-29 18:19:45,ETHUSDT,bid,2430,8113.374
2024-08-29 18:20:19,ETHUSDT,bid,2440,9501.124
2024-08-29 18:20:23,ETHUSDT,bid,1700,6120.688
2024-08-29 18:20:28,ETHUSDT,bid,2420,5444.132
2024-08-29 18:20:31,ETHUSDT,bid,2430,8113.428
2024-08-29 18:20:40,ETHUSDT,bid,2400,11324.018
2024-08-29 18:20:52,ETHUSDT,bid,2400,11323.998
2024-08-29 18:21:35,ETHUSDT,bid,1700,6120.928
2024-08-29 18:21:42,ETHUSDT,bid,2400,11323.988
2024-08-29 18:21:48,ETHUSDT,bid,2400,11323.938
2024-08-29 18:22:09,ETHUSDT,bid,2400,11325.938
2024-08-29 18:22:17,ETHUSDT,bid,2400,11325.953
2024-08-29 18:22:30,ETHUSDT,bid,2400,11325.963
2024-08-29 18:22:35,ETHUSDT,bid,1700,6120.688
2024-08-29 18:22:56,ETHUSDT,bid,2400,11321.38
2024-08-29 18:24:29,ETHUSDT,bid,2400,11313.834
2024-08-29 18:25:44,ETHUSDT,bid,2380,10464.883
2024-08-29 18:25:49,ETHUSDT,bid,2400,11315.915
2024-08-29 18:26:24,ETHUSDT,bid,2400,11316.628
2024-08-29 18:27:01,ETHUSDT,bid,2430,8118.428
2024-08-29 18:28:56,ETHUSDT,bid,2360,10905.925
2024-08-29 18:31:11,ETHUSDT,bid,2360,10905.934
2024-08-29 18:31:13,ETHUSDT,bid,2400,11324.181
2024-08-29 18:31:27,ETHUSDT,bid,2440,9501.024
2024-08-29 18:31:39,ETHUSDT,bid,2400,11324.172
2024-08-29 18:31:44,ETHUSDT,bid,1700,6120.715
2024-08-29 18:31:44,ETHUSDT,bid,1960,5205.268
2024-08-29 18:31:44,ETHUSDT,bid,2140,4720.142
2024-08-29 18:31:44,ETHUSDT,bid,2400,11324.199
2024-08-29 18:32:52,ETHUSDT,bid,2440,9500.788
2024-08-29 18:34:10,ETHUSDT,bid,2400,11324.499
2024-08-29 18:34:28,ETHUSDT,bid,2400,11324.485
2024-08-29 18:35:16,ETHUSDT,bid,2450,5195.29
2024-08-29 18:35:40,ETHUSDT,bid,2400,11321.792
2024-08-29 18:36:11,ETHUSDT,bid,2430,8078.428
2024-08-29 18:36:42,ETHUSDT,bid,2400,11321.688
2024-08-29 18:37:11,ETHUSDT,bid,2430,8078.478
2024-08-29 18:37:53,ETHUSDT,bid,2400,11321.71
2024-08-29 18:38:38,ETHUSDT,bid,2420,5443.132
2024-08-29 18:38:41,ETHUSDT,bid,2400,11321.442
2024-08-29 18:39:19,ETHUSDT,bid,2400,11321.451
2024-08-29 18:39:25,ETHUSDT,bid,2400,11320.691
2024-08-29 18:40:22,ETHUSDT,bid,1700,6120.757
2024-08-29 18:40:46,ETHUSDT,bid,2450,5195.096
2024-08-29 18:41:27,ETHUSDT,bid,2400,11320.701
2024-08-29 18:44:22,ETHUSDT,bid,2450,5195.293
2024-08-29 18:46:15,ETHUSDT,bid,2380,10463.961
2024-08-29 18:46:28,ETHUSDT,bid,2400,11318.618
2024-08-29 18:46:29,ETHUSDT,bid,2400,11318.559
2024-08-29 18:46:37,ETHUSDT,bid,2430,8065.978
2024-08-29 18:46:53,ETHUSDT,bid,2400,11318.498
2024-08-29 18:47:20,ETHUSDT,bid,2400,11318.452
2024-08-29 18:47:39,ETHUSDT,bid,2400,11316.815
2024-08-29 18:47:51,ETHUSDT,bid,2400,11310.363
2024-08-29 18:48:22,ETHUSDT,bid,1950,5353.272
2024-08-29 18:48:33,ETHUSDT,bid,2400,12910.363
2024-08-29 18:48:38,ETHUSDT,bid,2450,5194.887
2024-08-29 18:49:30,ETHUSDT,bid,2360,10905.866
2024-08-29 18:49:45,ETHUSDT,bid,2400,12910.233
2024-08-29 18:49:49,ETHUSDT,bid,2400,12910.213
2024-08-29 18:50:08,ETHUSDT,bid,2400,11310.213
2024-08-29 18:50:52,ETHUSDT,bid,2400,11310.203
2024-08-29 18:51:01,ETHUSDT,ask,2990,3458.517
2024-08-29 18:51:20,ETHUSDT,bid,2400,11309.766
2024-08-29 18:51:21,ETHUSDT,bid,2400,11309.974
2024-08-29 18:51:30,ETHUSDT,bid,2450,5194.861
2024-08-29 18:52:07,ETHUSDT,bid,2400,11316.37
2024-08-29 18:52:28,ETHUSDT,bid,2450,5195.861
2024-08-29 18:52:35,ETHUSDT,bid,2450,5195.846
2024-08-29 18:52:55,ETHUSDT,bid,2400,11315.537
2024-08-29 18:53:22,ETHUSDT,bid,2400,11357.203
2024-08-29 18:54:18,ETHUSDT,bid,2450,5195.837
2024-08-29 18:54:38,ETHUSDT,bid,2400,11357.783
2024-08-29 18:54:53,ETHUSDT,bid,2400,11357.983
2024-08-29 18:55:32,ETHUSDT,bid,2140,4720.165
2024-08-29 18:55:32,ETHUSDT,bid,2400,11358.004
2024-08-29 18:55:56,ETHUSDT,bid,2400,11358.154
2024-08-29 18:56:15,ETHUSDT,bid,2400,11358.054
2024-08-29 18:56:24,ETHUSDT,bid,2420,5442.513
2024-08-29 18:56:27,ETHUSDT,bid,2350,12106.023
2024-08-29 18:57:35,ETHUSDT,bid,2420,5443.647
2024-08-29 18:58:25,ETHUSDT,bid,2430,8063.978
2024-08-29 18:58:54,ETHUSDT,bid,2400,11356.123
2024-08-29 19:00:01,ETHUSDT,bid,2450,5195.337
2024-08-29 19:00:03,ETHUSDT,bid,2450,5196.337
2024-08-29 19:00:20,ETHUSDT,bid,2400,11356.325
2024-08-29 19:00:26,ETHUSDT,bid,2400,11357.143
2024-08-29 19:00:27,ETHUSDT,bid,2400,11356.941
2024-08-29 19:01:27,ETHUSDT,bid,2400,11357.14
2024-08-29 19:01:51,ETHUSDT,bid,2400,11357.224
2024-08-29 19:02:20,ETHUSDT,bid,2400,11357.335
2024-08-29 19:02:37,ETHUSDT,bid,2400,11363.335
2024-08-29 19:02:41,ETHUSDT,bid,2400,11363.43
2024-08-29 19:02:59,ETHUSDT,bid,2400,11363.335
2024-08-29 19:03:35,ETHUSDT,bid,2400,11363.224
2024-08-29 19:03:41,ETHUSDT,bid,2400,11363.164
2024-08-29 19:04:42,ETHUSDT,bid,2400,11362.584
2024-08-29 19:05:30,ETHUSDT,bid,2430,8063.916
2024-08-29 19:06:17,ETHUSDT,bid,2440,9500.992
2024-08-29 19:06:27,ETHUSDT,bid,2400,11362.792
2024-08-29 19:07:31,ETHUSDT,bid,2400,11362.58
2024-08-29 19:08:18,ETHUSDT,bid,2140,4720.154
2024-08-29 19:08:18,ETHUSDT,bid,2400,11362.569
2024-08-29 19:08:18,ETHUSDT,ask,2990,3458.506
2024-08-29 19:08:19,ETHUSDT,bid,2400,11362.559
2024-08-29 19:08:33,ETHUSDT,bid,2400,11362.659
2024-08-29 19:08:52,ETHUSDT,bid,2450,5196.744
2024-08-29 19:09:20,ETHUSDT,bid,2230,4493.825
2024-08-29 19:10:39,ETHUSDT,bid,2400,11362.608
2024-08-29 19:11:32,ETHUSDT,bid,2400,11362.508
2024-08-29 19:11:41,ETHUSDT,bid,2450,5196.866
2024-08-29 19:11:56,ETHUSDT,bid,2440,9500.592
2024-08-29 19:12:11,ETHUSDT,bid,2400,11362.462
2024-08-29 19:12:12,ETHUSDT,bid,2350,12105.663
2024-08-29 19:12:56,ETHUSDT,bid,2450,5196.831
2024-08-29 19:13:24,ETHUSDT,bid,2400,11362.924
2024-08-29 19:14:22,ETHUSDT,bid,2400,11362.899
2024-08-29 19:14:41,ETHUSDT,bid,2400,11363.419
2024-08-29 19:15:19,ETHUSDT,bid,2450,5197.031
2024-08-29 19:15:21,ETHUSDT,bid,2400,11393.419
2024-08-29 19:15:28,ETHUSDT,bid,2400,11393.273
2024-08-29 19:15:31,ETHUSDT,bid,2400,11392.56
2024-08-29 19:15:57,ETHUSDT,bid,2400,11392.659
2024-08-29 19:16:08,ETHUSDT,bid,2400,11392.428
2024-08-29 19:17:59,ETHUSDT,bid,2140,4720.173
2024-08-29 19:17:59,ETHUSDT,bid,2400,11392.445
2024-08-29 19:18:12,ETHUSDT,bid,2450,5197.045
2024-08-29 19:18:38,ETHUSDT,bid,2380,10459.961
2024-08-29 19:18:53,ETHUSDT,bid,2400,11392.233
2024-08-29 19:18:56,ETHUSDT,bid,2400,11391.713
2024-08-29 19:18:56,ETHUSDT,bid,2430,8064.429
2024-08-29 19:19:39,ETHUSDT,bid,2400,11391.635
2024-08-29 19:20:11,ETHUSDT,bid,2450,5196.842
2024-08-29 19:20:47,ETHUSDT,bid,1700,6125.757
2024-08-29 19:21:07,ETHUSDT,bid,2400,11391.544
2024-08-29 19:22:51,ETHUSDT,bid,2400,11389.544
2024-08-29 19:23:32,ETHUSDT,bid,2400,11389.535
2024-08-29 19:23:36,ETHUSDT,bid,2400,11393.318
2024-08-29 19:24:29,ETHUSDT,bid,2400,11393.526
2024-08-29 19:24:40,ETHUSDT,bid,2440,9500.602
2024-08-29 19:24:42,ETHUSDT,bid,2430,8064.439
2024-08-29 19:24:58,ETHUSDT,bid,2400,11393.46
2024-08-29 19:25:34,ETHUSDT,bid,2400,11393.48
2024-08-29 19:25:35,ETHUSDT,bid,2400,11390.98
2024-08-29 19:25:48,ETHUSDT,bid,2430,8064.043
2024-08-29 19:26:00,ETHUSDT,bid,2400,11410.98
2024-08-29 19:26:09,ETHUSDT,bid,2450,5241.587
2024-08-29 19:26:15,ETHUSDT,bid,2400,11410.88
2024-08-29 19:27:04,ETHUSDT,bid,2400,11409.88
2024-08-29 19:30:15,ETHUSDT,bid,2450,5241.506
2024-08-29 19:30:17,ETHUSDT,bid,2400,11410.286
2024-08-29 19:31:10,ETHUSDT,bid,2450,5196.761
2024-08-29 19:31:51,ETHUSDT,bid,2400,11410.268
2024-08-29 19:32:39,ETHUSDT,bid,2430,8056.767
2024-08-29 19:33:16,ETHUSDT,bid,2400,11390.268
2024-08-29 19:33:59,ETHUSDT,bid,2400,11390.351
2024-08-29 19:34:27,ETHUSDT,bid,2350,12104.663
2024-08-29 19:34:41,ETHUSDT,bid,2450,5196.861
2024-08-29 19:35:26,ETHUSDT,bid,2140,4720.154
2024-08-29 19:35:26,ETHUSDT,bid,2400,11390.334
2024-08-29 19:36:01,ETHUSDT,bid,2450,5206.081
2024-08-29 19:36:01,ETHUSDT,bid,2450,5323.998
2024-08-29 19:36:01,ETHUSDT,bid,2450,5453.281
2024-08-29 19:36:01,ETHUSDT,bid,2450,5453.771
2024-08-29 19:36:53,ETHUSDT,bid,2140,4720.173
2024-08-29 19:36:53,ETHUSDT,bid,2400,11390.351
2024-08-29 19:37:00,ETHUSDT,bid,2450,5444.551
2024-08-29 19:37:00,ETHUSDT,bid,2450,5421.047
2024-08-29 19:37:16,ETHUSDT,bid,2430,8056.717
2024-08-29 19:38:00,ETHUSDT,bid,2450,5367.994
2024-08-29 19:38:00,ETHUSDT,bid,2450,5217.585
2024-08-29 19:38:00,ETHUSDT,bid,2450,5197.351
2024-08-29 19:38:00,ETHUSDT,bid,2450,5196.861
2024-08-29 19:38:02,ETHUSDT,bid,2400,11390.183
2024-08-29 19:38:09,ETHUSDT,bid,2400,11389.682
2024-08-29 19:38:16,ETHUSDT,bid,2380,10460.247
2024-08-29 19:38:26,ETHUSDT,bid,2440,9488.102
2024-08-29 19:38:42,ETHUSDT,bid,2400,11391.519
2024-08-29 19:39:07,ETHUSDT,bid,2400,11391.219
2024-08-29 19:39:59,ETHUSDT,bid,2450,5197.085
2024-08-29 19:40:12,ETHUSDT,bid,2400,11391.499
2024-08-29 19:40:23,ETHUSDT,bid,2350,12104.95
2024-08-29 19:43:46,ETHUSDT,bid,2440,9488.112
2024-08-29 19:43:50,ETHUSDT,bid,1700,6125.581
2024-08-29 19:44:09,ETHUSDT,bid,2400,11391.49
2024-08-29 19:44:16,ETHUSDT,bid,2140,4720.163
2024-08-29 19:44:16,ETHUSDT,bid,2380,10460.237
2024-08-29 19:44:16,ETHUSDT,bid,2450,5197.075
2024-08-29 19:44:36,ETHUSDT,bid,2420,5443.325
2024-08-29 19:45:19,ETHUSDT,bid,2400,11391.407
2024-08-29 19:45:24,ETHUSDT,bid,2450,5137.777
2024-08-29 19:46:00,ETHUSDT,bid,2420,5444.326
2024-08-29 19:46:07,ETHUSDT,bid,2430,8055.41
2024-08-29 19:46:10,ETHUSDT,bid,2440,9490.112
2024-08-29 19:48:28,ETHUSDT,bid,2400,11391.558
2024-08-29 19:48:30,ETHUSDT,bid,2400,11392.558
2024-08-29 19:48:57,ETHUSDT,bid,2400,11388.146
2024-08-29 19:49:41,ETHUSDT,bid,2400,11386.679
2024-08-29 19:51:53,ETHUSDT,bid,2400,11386.471
2024-08-29 19:52:26,ETHUSDT,bid,2400,11386.571
2024-08-29 19:54:33,ETHUSDT,bid,2400,11386.488
2024-08-29 19:55:24,ETHUSDT,bid,2400,11386.447
2024-08-29 19:55:41,ETHUSDT,bid,2400,11384.61
2024-08-29 19:55:44,ETHUSDT,bid,2400,11378.61
2024-08-29 19:56:36,ETHUSDT,bid,2400,11377.569
2024-08-29 19:57:05,ETHUSDT,bid,2400,11377.597
2024-08-29 19:57:11,ETHUSDT,bid,2430,8055.9
2024-08-29 19:57:32,ETHUSDT,bid,2400,11379.597
2024-08-29 19:57:44,ETHUSDT,bid,2400,11380.113
2024-08-29 19:58:05,ETHUSDT,bid,2450,5147.777
2024-08-29 19:58:40,ETHUSDT,bid,2430,8050.9
2024-08-29 20:00:05,ETHUSDT,bid,2400,11379.913
2024-08-29 20:00:19,ETHUSDT,bid,2400,11379.851
2024-08-29 20:00:26,ETHUSDT,bid,2400,11379.507
2024-08-29 20:01:05,ETHUSDT,bid,2400,11379.517
2024-08-29 20:01:14,ETHUSDT,bid,2400,11379.185
2024-08-29 20:01:49,ETHUSDT,bid,2400,11379.144
2024-08-29 20:02:15,ETHUSDT,bid,2400,11379.116
2024-08-29 20:03:18,ETHUSDT,bid,2420,5444.289
2024-08-29 20:03:39,ETHUSDT,bid,2400,11420.782
2024-08-29 20:04:04,ETHUSDT,bid,2140,4720.153
2024-08-29 20:04:04,ETHUSDT,bid,2360,10905.856
2024-08-29 20:04:48,ETHUSDT,bid,2400,11418.782
2024-08-29 20:05:49,ETHUSDT,bid,2230,4493.786
2024-08-29 20:05:49,ETHUSDT,bid,2420,5444.253
2024-08-29 20:05:49,ETHUSDT,bid,2430,8050.864
2024-08-29 20:06:25,ETHUSDT,bid,2450,5147.79
2024-08-29 20:07:01,ETHUSDT,bid,2350,12104.309
2024-08-29 20:08:45,ETHUSDT,bid,2450,5147.302
2024-08-29 20:08:46,ETHUSDT,bid,2400,11417.782
2024-08-29 20:08:56,ETHUSDT,bid,2400,11416.602
2024-08-29 20:12:36,ETHUSDT,bid,2400,11416.977
2024-08-29 20:13:58,ETHUSDT,bid,2400,11416.895
2024-08-29 20:14:48,ETHUSDT,bid,2400,11423.222
2024-08-29 20:15:48,ETHUSDT,bid,2350,12103.309
2024-08-29 20:17:04,ETHUSDT,bid,2400,11423.122
2024-08-29 20:17:07,ETHUSDT,bid,2450,5147.288
2024-08-29 20:17:20,ETHUSDT,bid,2400,11423.322
2024-08-29 20:17:36,ETHUSDT,bid,2400,11422.806
2024-08-29 20:17:49,ETHUSDT,bid,2400,11419.89
2024-08-29 20:18:23,ETHUSDT,bid,2420,5444.171
2024-08-29 20:19:10,ETHUSDT,bid,2400,11482.903
2024-08-29 20:19:28,ETHUSDT,bid,2400,11483.996
2024-08-29 20:19:37,ETHUSDT,bid,2420,5444.287
2024-08-29 20:19:46,ETHUSDT,bid,2400,11482.903
2024-08-29 20:19:49,ETHUSDT,bid,2400,11482.653
2024-08-29 20:19:59,ETHUSDT,bid,2400,11481.153
2024-08-29 20:21:56,ETHUSDT,bid,2450,5137.561
2024-08-29 20:23:23,ETHUSDT,bid,2200,5070.113
2024-08-29 20:23:31,ETHUSDT,bid,2400,11474.826
2024-08-29 20:24:08,ETHUSDT,bid,2380,10460.07
2024-08-29 20:24:58,ETHUSDT,bid,2430,8063.184
2024-08-29 20:25:23,ETHUSDT,bid,2400,11474.743
2024-08-29 20:26:49,ETHUSDT,bid,2360,10921.856
2024-08-29 20:27:50,ETHUSDT,bid,2400,11482.724
2024-08-29 20:28:59,ETHUSDT,bid,2420,5443.286
2024-08-29 20:29:03,ETHUSDT,bid,2400,11482.62
2024-08-29 20:29:49,ETHUSDT,bid,2400,11479.62
2024-08-29 20:33:03,ETHUSDT,bid,2400,11479.633
2024-08-29 20:35:56,ETHUSDT,bid,2400,11479.646
2024-08-29 20:37:13,ETHUSDT,bid,2400,11480.646
2024-08-29 20:37:49,ETHUSDT,bid,2400,11480.687
2024-08-29 20:38:44,ETHUSDT,bid,2400,11486.035
2024-08-29 20:39:02,ETHUSDT,bid,2440,9489.908
2024-08-29 20:39:03,ETHUSDT,bid,2450,5138.561
2024-08-29 20:39:30,ETHUSDT,bid,2400,11485.035
2024-08-29 20:41:16,ETHUSDT,bid,2400,11485.555
2024-08-29 20:41:32,ETHUSDT,bid,2400,11495.555
2024-08-29 20:42:14,ETHUSDT,bid,2440,9490.908
2024-08-29 20:42:41,ETHUSDT,bid,2430,8062.184
2024-08-29 20:42:57,ETHUSDT,bid,2400,11495.505
2024-08-29 20:43:00,ETHUSDT,bid,2400,11498.505
2024-08-29 20:43:05,ETHUSDT,bid,2400,11468.505
2024-08-29 20:43:34,ETHUSDT,bid,2440,9490.712
2024-08-29 20:44:09,ETHUSDT,bid,2400,11468.391
2024-08-29 20:44:09,ETHUSDT,bid,2430,8062.07
2024-08-29 20:44:09,ETHUSDT,bid,2440,9490.598
2024-08-29 20:44:09,ETHUSDT,bid,2450,5138.447
2024-08-29 20:44:10,ETHUSDT,bid,1700,6125.516
2024-08-29 20:44:20,ETHUSDT,bid,2440,9489.598
2024-08-29 20:44:36,ETHUSDT,bid,2450,5138.368
2024-08-29 20:45:41,ETHUSDT,bid,2400,11467.622
2024-08-29 20:46:20,ETHUSDT,bid,2430,8049.75
2024-08-29 20:48:11,ETHUSDT,bid,2400,11467.613
2024-08-29 20:48:14,ETHUSDT,bid,2440,9489.607
2024-08-29 20:48:14,ETHUSDT,bid,2450,5138.377
2024-08-29 20:48:46,ETHUSDT,bid,2400,11467.622
2024-08-29 20:48:57,ETHUSDT,bid,2450,5139.598
2024-08-29 20:50:54,ETHUSDT,bid,2400,11466.622
2024-08-29 20:51:39,ETHUSDT,bid,1700,6125.489
2024-08-29 20:51:39,ETHUSDT,bid,1960,5205.241
2024-08-29 20:51:39,ETHUSDT,bid,2140,4720.126
2024-08-29 20:51:39,ETHUSDT,bid,2400,11466.595
2024-08-29 20:51:40,ETHUSDT,bid,2450,5139.584
2024-08-29 20:51:45,ETHUSDT,bid,2450,5138.872
2024-08-29 20:51:52,ETHUSDT,bid,2400,11466.387
2024-08-29 20:52:46,ETHUSDT,bid,2450,5139.241
2024-08-29 20:53:28,ETHUSDT,bid,2290,4443.346
2024-08-29 20:53:57,ETHUSDT,bid,2400,11466.346
2024-08-29 20:54:01,ETHUSDT,bid,2400,11469.082
2024-08-29 20:54:32,ETHUSDT,bid,2400,11466.346
2024-08-29 20:54:58,ETHUSDT,bid,2420,5442.531
2024-08-29 20:55:09,ETHUSDT,bid,2400,11467.346
2024-08-29 20:55:30,ETHUSDT,bid,2400,11470.082
2024-08-29 20:55:33,ETHUSDT,bid,2400,11470.092
2024-08-29 20:55:56,ETHUSDT,bid,2400,11469.759
2024-08-29 20:55:56,ETHUSDT,bid,2400,11469.925
2024-08-29 20:56:09,ETHUSDT,bid,2400,11469.759
2024-08-29 20:56:48,ETHUSDT,bid,2400,11469.925
2024-08-29 20:57:12,ETHUSDT,bid,2400,11469.555
2024-08-29 20:57:21,ETHUSDT,bid,2420,5442.591
2024-08-29 20:58:03,ETHUSDT,bid,2450,5139.119
2024-08-29 20:58:03,ETHUSDT,bid,2440,9489.485
2024-08-29 20:58:05,ETHUSDT,bid,2430,8049.627
2024-08-29 20:58:25,ETHUSDT,bid,2440,9489.476
2024-08-29 20:58:25,ETHUSDT,bid,2450,5139.11
2024-08-29 21:00:01,ETHUSDT,bid,2400,11469.566
2024-08-29 21:00:14,ETHUSDT,bid,2420,5442.475
2024-08-29 21:00:58,ETHUSDT,bid,2400,11472.399
2024-08-29 21:01:40,ETHUSDT,bid,2400,11472.388
2024-08-29 21:02:27,ETHUSDT,bid,2400,11472.379
2024-08-29 21:04:16,ETHUSDT,bid,2400,11472.213
2024-08-29 21:04:28,ETHUSDT,bid,2400,11467.95
2024-08-29 21:04:59,ETHUSDT,bid,2400,11468.203
2024-08-29 21:05:54,ETHUSDT,bid,2400,11468.503
2024-08-29 21:06:08,ETHUSDT,bid,2400,11468.378
2024-08-29 21:06:10,ETHUSDT,bid,2380,10459.945
2024-08-29 21:06:14,ETHUSDT,bid,2360,10921.73
2024-08-29 21:06:16,ETHUSDT,bid,2350,12103.182
2024-08-29 21:06:29,ETHUSDT,bid,2400,11467.378
2024-08-29 21:06:40,ETHUSDT,bid,2450,5139.05
2024-08-29 21:07:10,ETHUSDT,bid,2400,11472.169
2024-08-29 21:08:03,ETHUSDT,bid,2140,4720.107
2024-08-29 21:08:03,ETHUSDT,bid,2400,11472.152
2024-08-29 21:08:55,ETHUSDT,bid,2400,11472.566
2024-08-29 21:09:09,ETHUSDT,bid,2400,11472.557
2024-08-29 21:09:44,ETHUSDT,bid,2400,11472.522
2024-08-29 21:09:52,ETHUSDT,bid,2140,4720.126
2024-08-29 21:09:52,ETHUSDT,bid,2400,11472.539
2024-08-29 21:10:10,ETHUSDT,bid,2400,11482.955
2024-08-29 21:10:52,ETHUSDT,bid,2400,11475.547
2024-08-29 21:11:02,ETHUSDT,bid,2400,11475.647
2024-08-29 21:11:36,ETHUSDT,bid,2400,11475.564
2024-08-29 21:12:03,ETHUSDT,bid,2400,11475.46
2024-08-29 21:12:05,ETHUSDT,bid,2400,11474.843
2024-08-29 21:12:25,ETHUSDT,bid,2400,11474.63
2024-08-29 21:13:00,ETHUSDT,bid,2400,11477.88
2024-08-29 21:14:28,ETHUSDT,bid,2400,11477.98
2024-08-29 21:15:34,ETHUSDT,bid,2400,11477.996
2024-08-29 21:16:31,ETHUSDT,bid,2350,12102.97
2024-08-29 21:17:33,ETHUSDT,bid,2420,5442.415
2024-08-29 21:17:57,ETHUSDT,bid,2400,11474.746
2024-08-29 21:18:05,ETHUSDT,bid,2440,9489.466
2024-08-29 21:19:39,ETHUSDT,bid,2400,11474.777
2024-08-29 21:19:45,ETHUSDT,bid,2420,5442.529
2024-08-29 21:19:57,ETHUSDT,bid,2400,11474.877
2024-08-29 21:22:13,ETHUSDT,bid,2400,11474.677
2024-08-29 21:22:17,ETHUSDT,bid,2400,11474.594
2024-08-29 21:22:20,ETHUSDT,bid,2450,5136.395
2024-08-29 21:22:34,ETHUSDT,bid,2400,11474.603
2024-08-29 21:22:42,ETHUSDT,bid,2400,11474.594
2024-08-29 21:24:01,ETHUSDT,bid,2400,11486.953
2024-08-29 21:24:28,ETHUSDT,bid,2400,11486.944
2024-08-29 21:25:14,ETHUSDT,bid,2400,11487.007
2024-08-29 21:25:16,ETHUSDT,bid,2450,5132.599
2024-08-29 21:26:01,ETHUSDT,bid,2430,8046.627
2024-08-29 21:27:31,ETHUSDT,bid,2400,11486.997
2024-08-29 21:28:32,ETHUSDT,bid,2430,8056.834
2024-08-29 21:30:09,ETHUSDT,bid,2400,11485.956
2024-08-29 21:30:48,ETHUSDT,bid,2400,11485.893
2024-08-29 21:30:50,ETHUSDT,bid,2400,11485.694
2024-08-29 21:31:00,ETHUSDT,bid,2400,11485.758
2024-08-29 21:31:42,ETHUSDT,bid,2440,9490.466
2024-08-29 21:31:42,ETHUSDT,bid,2450,5131.599
2024-08-29 21:31:52,ETHUSDT,bid,2440,9490.457
2024-08-29 21:32:52,ETHUSDT,bid,2380,10460.874
2024-08-29 21:35:03,ETHUSDT,bid,2290,4442.904
2024-08-29 21:35:33,ETHUSDT,bid,2430,8056.424
2024-08-29 21:36:02,ETHUSDT,bid,1700,6126.528
2024-08-29 21:37:24,ETHUSDT,bid,2400,11485.958
2024-08-29 21:37:46,ETHUSDT,bid,2400,11486.824
2024-08-29 21:38:24,ETHUSDT,bid,2400,11488.074
2024-08-29 21:38:58,ETHUSDT,bid,2290,4443.246
2024-08-29 21:39:05,ETHUSDT,bid,2400,11487.957
2024-08-29 21:40:18,ETHUSDT,bid,2350,12096.287
2024-08-29 21:40:59,ETHUSDT,bid,2400,11487.998
2024-08-29 21:41:19,ETHUSDT,bid,2430,8057.393
2024-08-29 21:41:29,ETHUSDT,bid,2400,11487.934
2024-08-29 21:42:26,ETHUSDT,bid,2350,12096.384
2024-08-29 21:42:26,ETHUSDT,bid,2380,10460.971
2024-08-29 21:42:26,ETHUSDT,bid,2400,11488.031
2024-08-29 21:42:26,ETHUSDT,bid,2440,9490.554
2024-08-29 21:42:32,ETHUSDT,bid,2420,5442.415
2024-08-29 21:42:50,ETHUSDT,bid,2400,11488.041
2024-08-29 21:43:39,ETHUSDT,bid,2400,11490.041
2024-08-29 21:43:40,ETHUSDT,bid,2420,5442.474
2024-08-29 21:45:29,ETHUSDT,bid,2400,11490.05
2024-08-29 21:45:44,ETHUSDT,bid,2400,11497.54
2024-08-29 21:47:30,ETHUSDT,bid,2400,11497.508
2024-08-29 21:47:36,ETHUSDT,bid,2400,11498.341
2024-08-29 21:48:13,ETHUSDT,bid,2440,9485.443
2024-08-29 21:49:37,ETHUSDT,bid,2400,11492.993
2024-08-29 21:50:33,ETHUSDT,bid,2400,11486.597
2024-08-29 21:53:16,ETHUSDT,bid,2230,4489.808
2024-08-29 21:53:20,ETHUSDT,bid,2450,5140.183
2024-08-29 21:53:54,ETHUSDT,bid,2440,9484.953
2024-08-29 21:54:09,ETHUSDT,bid,2400,11487.597
2024-08-29 21:54:20,ETHUSDT,bid,2450,5131.599
2024-08-29 21:54:26,ETHUSDT,bid,2420,5442.415
2024-08-29 21:54:34,ETHUSDT,bid,2400,11487.606
2024-08-29 21:55:05,ETHUSDT,bid,2440,9484.873
2024-08-29 21:55:59,ETHUSDT,bid,2400,11486.606
2024-08-29 21:58:15,ETHUSDT,bid,2420,5441.281
2024-08-29 21:58:25,ETHUSDT,bid,2400,11486.71
2024-08-29 22:01:25,ETHUSDT,bid,2450,5131.518
2024-08-29 22:01:27,ETHUSDT,bid,2400,11486.61
2024-08-29 22:01:35,ETHUSDT,bid,2420,5442.725
2024-08-29 22:01:59,ETHUSDT,bid,2400,11487.41
2024-08-29 22:02:35,ETHUSDT,bid,2400,11487.426
2024-08-29 22:02:35,ETHUSDT,bid,2440,9484.888
2024-08-29 22:02:44,ETHUSDT,bid,2350,12094.699
2024-08-29 22:03:44,ETHUSDT,bid,2400,11485.426
2024-08-29 22:03:48,ETHUSDT,bid,2400,11485.416
2024-08-29 22:04:10,ETHUSDT,bid,2400,11482.68
2024-08-29 22:04:26,ETHUSDT,bid,2400,11483.137
2024-08-29 22:04:44,ETHUSDT,bid,2350,12094.91
2024-08-29 22:05:02,ETHUSDT,bid,2400,11481.054
2024-08-29 22:05:27,ETHUSDT,bid,2440,9483.888
2024-08-29 22:05:41,ETHUSDT,bid,2400,11481.073
2024-08-29 22:05:41,ETHUSDT,bid,2440,9483.906
2024-08-29 22:06:26,ETHUSDT,bid,2400,11480.207
2024-08-29 22:09:00,ETHUSDT,bid,2400,11477.374
2024-08-29 22:09:07,ETHUSDT,bid,2400,11481.327
2024-08-29 22:09:10,ETHUSDT,bid,2450,5131.485
2024-08-29 22:10:47,ETHUSDT,bid,2360,10920.885
2024-08-29 22:11:45,ETHUSDT,bid,2400,11481.682
2024-08-29 22:12:30,ETHUSDT,bid,2400,11481.667
2024-08-29 22:13:20,ETHUSDT,bid,2400,11481.467
2024-08-29 22:13:38,ETHUSDT,bid,2350,12094.826
2024-08-29 22:13:38,ETHUSDT,bid,2360,10920.801
2024-08-29 22:13:38,ETHUSDT,bid,2380,10460.888
2024-08-29 22:13:38,ETHUSDT,bid,2400,11481.384
2024-08-29 22:13:38,ETHUSDT,bid,2430,8057.311
2024-08-29 22:13:38,ETHUSDT,bid,2440,9483.825
2024-08-29 22:13:40,ETHUSDT,bid,2400,11481.425
2024-08-29 22:13:45,ETHUSDT,bid,2400,11481.44
2024-08-29 22:15:27,ETHUSDT,bid,2400,11481.45
2024-08-29 22:16:26,ETHUSDT,bid,1700,6126.428
2024-08-29 22:16:32,ETHUSDT,bid,2400,11418.437
2024-08-29 22:16:50,ETHUSDT,bid,2380,10460.258
2024-08-29 22:17:35,ETHUSDT,bid,2140,4720.141
2024-08-29 22:17:59,ETHUSDT,bid,1700,6126.459
2024-08-29 22:17:59,ETHUSDT,bid,1960,5205.272
2024-08-29 22:17:59,ETHUSDT,bid,2140,4720.172
2024-08-29 22:17:59,ETHUSDT,bid,2400,11418.468
2024-08-29 22:19:05,ETHUSDT,bid,2360,10920.781
2024-08-29 22:19:29,ETHUSDT,bid,2400,11417.803
2024-08-29 22:20:22,ETHUSDT,bid,2380,10459.758
2024-08-29 22:20:42,ETHUSDT,bid,2400,11417.515
2024-08-29 22:20:52,ETHUSDT,bid,2450,5130.485
2024-08-29 22:21:00,ETHUSDT,bid,2400,11417.529
2024-08-29 22:22:33,ETHUSDT,bid,2400,11417.137
2024-08-29 22:23:54,ETHUSDT,bid,2420,5640.876
2024-08-29 22:27:29,ETHUSDT,bid,2400,11407.137
2024-08-29 22:28:11,ETHUSDT,bid,2450,5130.627
2024-08-29 22:28:20,ETHUSDT,bid,2400,11406.929
2024-08-29 22:28:35,ETHUSDT,bid,2400,11406.586
2024-08-29 22:28:40,ETHUSDT,bid,2420,5442.725
2024-08-29 22:28:41,ETHUSDT,bid,2420,5641.191
2024-08-29 22:29:07,ETHUSDT,bid,2440,9464.825
2024-08-29 22:30:15,ETHUSDT,bid,2400,11402.42
2024-08-29 22:30:26,ETHUSDT,bid,2350,12094.805
2024-08-29 22:31:14,ETHUSDT,bid,2140,4719.172
2024-08-29 22:31:22,ETHUSDT,bid,2450,5118.127
2024-08-29 22:31:22,ETHUSDT,bid,2380,10429.758
2024-08-29 22:31:34,ETHUSDT,bid,2400,11400.42
2024-08-29 22:31:50,ETHUSDT,bid,2400,11400.337
2024-08-29 22:32:04,ETHUSDT,bid,2400,11400.259
2024-08-29 22:32:33,ETHUSDT,bid,2360,10920.502
2024-08-29 22:32:52,ETHUSDT,bid,2400,11406.259
2024-08-29 22:32:59,ETHUSDT,bid,2580,10006.527
2024-08-29 22:33:00,ETHUSDT,bid,2580,10025.903
2024-08-29 22:33:00,ETHUSDT,bid,2580,10006.527
2024-08-29 22:33:01,ETHUSDT,bid,2580,10011.527
2024-08-29 22:33:02,ETHUSDT,bid,2580,10069.509
2024-08-29 22:33:03,ETHUSDT,bid,2580,10069.509
2024-08-29 22:33:04,ETHUSDT,bid,2580,10068.727
2024-08-29 22:33:06,ETHUSDT,bid,2580,10069.011
2024-08-29 22:33:15,ETHUSDT,bid,2400,11404.593
2024-08-29 22:33:24,ETHUSDT,bid,2420,5442.725
2024-08-29 22:33:25,ETHUSDT,bid,2420,5641.536
2024-08-29 22:33:29,ETHUSDT,bid,2400,11404.613
2024-08-29 22:33:39,ETHUSDT,bid,2400,11404.593
2024-08-29 22:33:40,ETHUSDT,bid,2430,8057.296
2024-08-29 22:33:41,ETHUSDT,bid,1960,5205.284
2024-08-29 22:33:41,ETHUSDT,bid,2140,4719.184
2024-08-29 22:33:41,ETHUSDT,bid,2400,11404.605
2024-08-29 22:33:48,ETHUSDT,bid,2400,11404.564
2024-08-29 22:33:48,ETHUSDT,bid,2350,12094.405
2024-08-29 22:34:15,ETHUSDT,bid,2400,11404.422
2024-08-29 22:34:34,ETHUSDT,bid,2400,11403.795
2024-08-29 22:34:44,ETHUSDT,bid,2400,11398.882
2024-08-29 22:36:05,ETHUSDT,bid,2400,11398.243
2024-08-29 22:36:40,ETHUSDT,bid,2400,11398.164
2024-08-29 22:36:46,ETHUSDT,bid,2440,9464.325
2024-08-29 22:36:52,ETHUSDT,bid,2400,11398.148
2024-08-29 22:37:41,ETHUSDT,bid,2450,5116.127
2024-08-29 22:38:19,ETHUSDT,bid,2420,5442.725
2024-08-29 22:38:20,ETHUSDT,bid,2420,5641.891
2024-08-29 22:38:21,ETHUSDT,bid,2400,11398.139
2024-08-29 22:38:50,ETHUSDT,bid,2400,11399.139
2024-08-29 22:39:29,ETHUSDT,bid,2400,11399.112
2024-08-29 22:39:39,ETHUSDT,bid,2400,11398.294
2024-08-29 22:39:51,ETHUSDT,bid,2400,11399.294
2024-08-29 22:40:39,ETHUSDT,bid,2400,11399.086
2024-08-29 22:40:43,ETHUSDT,bid,2380,10439.758
2024-08-29 22:40:52,ETHUSDT,bid,2400,11399.502
2024-08-29 22:41:26,ETHUSDT,bid,2400,11399.086
2024-08-29 22:41:39,ETHUSDT,bid,2400,11398.086
2024-08-29 22:41:54,ETHUSDT,bid,2400,11400.086
2024-08-29 22:42:22,ETHUSDT,bid,2400,11399.172
2024-08-29 22:42:54,ETHUSDT,bid,2400,11398.696
2024-08-29 22:43:00,ETHUSDT,bid,2420,5442.725
2024-08-29 22:43:01,ETHUSDT,bid,2420,5642.224
2024-08-29 22:43:11,ETHUSDT,bid,2400,11398.063
2024-08-29 22:43:33,ETHUSDT,bid,2400,11396.063
2024-08-29 22:43:38,ETHUSDT,bid,2350,12095.095
2024-08-29 22:43:38,ETHUSDT,bid,2430,8056.628
2024-08-29 22:43:40,ETHUSDT,bid,2400,11396.277
2024-08-29 22:44:33,ETHUSDT,bid,2450,5116.527
2024-08-29 22:44:38,ETHUSDT,bid,2450,5116.027
2024-08-29 22:45:01,ETHUSDT,bid,2400,11396.443
2024-08-29 22:45:06,ETHUSDT,bid,2400,11396.588
2024-08-29 22:45:10,ETHUSDT,bid,2400,11396.692
2024-08-29 22:45:12,ETHUSDT,bid,2400,11392.739
2024-08-29 22:45:14,ETHUSDT,bid,2400,11392.843
2024-08-29 22:45:18,ETHUSDT,bid,2400,11396.796
2024-08-29 22:45:18,ETHUSDT,bid,2400,11396.9
2024-08-29 22:45:23,ETHUSDT,bid,2400,11396.92
2024-08-29 22:45:27,ETHUSDT,bid,2400,11396.94
2024-08-29 22:45:31,ETHUSDT,bid,2400,11396.967
2024-08-29 22:45:34,ETHUSDT,bid,2440,9465.025
2024-08-29 22:45:35,ETHUSDT,bid,2400,11396.987
2024-08-29 22:45:57,ETHUSDT,bid,2450,5113.638
2024-08-29 22:46:12,ETHUSDT,bid,2400,11397.403
2024-08-29 22:47:50,ETHUSDT,bid,2420,5442.725
2024-08-29 22:47:51,ETHUSDT,bid,2420,5642.541
2024-08-29 22:48:16,ETHUSDT,bid,2350,12095.039
2024-08-29 22:48:49,ETHUSDT,bid,2400,11397.736
2024-08-29 22:49:12,ETHUSDT,bid,2400,11404.736
2024-08-29 22:49:37,ETHUSDT,bid,2350,12095.026
2024-08-29 22:49:37,ETHUSDT,bid,2360,10920.489
2024-08-29 22:49:37,ETHUSDT,bid,2380,10439.745
2024-08-29 22:49:37,ETHUSDT,bid,2400,11404.723
2024-08-29 22:49:37,ETHUSDT,bid,2430,8056.615
2024-08-29 22:49:37,ETHUSDT,bid,2440,9465.012
2024-08-29 22:49:37,ETHUSDT,bid,2450,5113.625
2024-08-29 22:50:15,ETHUSDT,bid,2140,4718.024
2024-08-29 22:50:21,ETHUSDT,bid,2430,8056.515
2024-08-29 22:52:10,ETHUSDT,bid,2400,11405.223
2024-08-29 22:52:40,ETHUSDT,bid,2400,11404.644
2024-08-29 22:52:42,ETHUSDT,bid,2420,5442.725
2024-08-29 22:52:45,ETHUSDT,bid,2450,5113.125
2024-08-29 22:53:21,ETHUSDT,bid,2400,11404.689
2024-08-29 22:53:50,ETHUSDT,bid,2450,5110.478
2024-08-29 22:53:55,ETHUSDT,bid,2450,5110.546
2024-08-29 22:56:56,ETHUSDT,bid,2400,11405.689
2024-08-29 22:57:16,ETHUSDT,bid,2400,11405.475
2024-08-29 22:59:13,ETHUSDT,bid,2070,4821.131
2024-08-29 22:59:45,ETHUSDT,bid,2430,8057.535
2024-08-29 23:00:33,ETHUSDT,bid,2450,5110.607
2024-08-29 23:00:59,ETHUSDT,bid,2400,11405.491
2024-08-29 23:01:03,ETHUSDT,bid,2440,9465.339
2024-08-29 23:01:32,ETHUSDT,bid,2450,5110.539
2024-08-29 23:01:33,ETHUSDT,bid,2400,11404.491
2024-08-29 23:01:41,ETHUSDT,bid,2400,11404.405
2024-08-29 23:02:34,ETHUSDT,bid,2440,9465.329
2024-08-29 23:02:50,ETHUSDT,bid,2430,8056.515
2024-08-29 23:03:45,ETHUSDT,bid,2450,5128.762
2024-08-29 23:04:13,ETHUSDT,bid,2400,11404.414
2024-08-29 23:04:39,ETHUSDT,bid,2400,11405.598
2024-08-29 23:05:10,ETHUSDT,bid,2400,11405.657
2024-08-29 23:05:37,ETHUSDT,bid,2440,9464.629
2024-08-29 23:05:57,ETHUSDT,bid,2400,11405.553
2024-08-29 23:06:11,ETHUSDT,bid,2400,11405.396
2024-08-29 23:06:19,ETHUSDT,bid,2400,11404.396
2024-08-29 23:06:28,ETHUSDT,bid,2400,11403.212
2024-08-29 23:07:35,ETHUSDT,bid,2400,11403.412
2024-08-29 23:07:36,ETHUSDT,bid,2400,11403.384
2024-08-29 23:08:16,ETHUSDT,bid,2350,12089.675
2024-08-29 23:08:32,ETHUSDT,bid,2450,5127.568
2024-08-29 23:09:31,ETHUSDT,bid,2400,11403.134
2024-08-29 23:09:52,ETHUSDT,bid,2400,11403.929
2024-08-29 23:13:23,ETHUSDT,bid,2400,11404.137
2024-08-29 23:13:35,ETHUSDT,bid,2380,10439.735
2024-08-29 23:13:40,ETHUSDT,bid,2400,11403.929
2024-08-29 23:13:48,ETHUSDT,bid,2400,11404.189
2024-08-29 23:14:31,ETHUSDT,bid,2230,4489.752
2024-08-29 23:15:44,ETHUSDT,bid,2400,11403.814
2024-08-29 23:16:52,ETHUSDT,bid,2440,9464.302
2024-08-29 23:17:41,ETHUSDT,bid,2400,11404.23
2024-08-29 23:19:08,ETHUSDT,bid,2400,11404.28
2024-08-29 23:19:16,ETHUSDT,bid,2400,11405.464
2024-08-29 23:19:36,ETHUSDT,bid,2400,11405.455
2024-08-29 23:20:02,ETHUSDT,bid,2400,11405.844
2024-08-29 23:20:51,ETHUSDT,bid,2400,11406.102
2024-08-29 23:21:11,ETHUSDT,bid,2400,11405.844
2024-08-29 23:21:17,ETHUSDT,bid,2400,11406.016
2024-08-29 23:21:29,ETHUSDT,bid,2380,10439.989
2024-08-29 23:22:29,ETHUSDT,bid,2450,5127.663
2024-08-29 23:22:36,ETHUSDT,bid,2450,5128.477
2024-08-29 23:23:54,ETHUSDT,bid,2400,11405.966
2024-08-29 23:25:02,ETHUSDT,bid,2400,11404.966
2024-08-29 23:25:34,ETHUSDT,bid,2400,11404.954
2024-08-29 23:27:25,ETHUSDT,bid,2140,4718.013
2024-08-29 23:27:25,ETHUSDT,bid,2400,11404.943
2024-08-29 23:27:30,ETHUSDT,bid,2400,11374.943
2024-08-29 23:27:40,ETHUSDT,bid,2400,11374.529
2024-08-29 23:27:41,ETHUSDT,bid,2430,8056.678
2024-08-29 23:28:03,ETHUSDT,bid,2350,12089.528
2024-08-29 23:28:52,ETHUSDT,bid,2400,11374.737
2024-08-29 23:28:54,ETHUSDT,bid,2400,11374.778
2024-08-29 23:30:27,ETHUSDT,bid,2430,8060.107
2024-08-29 23:30:42,ETHUSDT,bid,2430,8056.678
2024-08-29 23:30:50,ETHUSDT,bid,2140,4718.043
2024-08-29 23:31:08,ETHUSDT,bid,2400,11377.856
2024-08-29 23:31:15,ETHUSDT,bid,2400,11377.866
2024-08-29 23:31:24,ETHUSDT,bid,2400,11380.602
2024-08-29 23:32:34,ETHUSDT,bid,2380,10429.989
2024-08-29 23:33:00,ETHUSDT,bid,2400,11382.602
2024-08-29 23:33:21,ETHUSDT,bid,2400,11383.602
2024-08-29 23:33:56,ETHUSDT,bid,2380,10430.114
2024-08-29 23:34:06,ETHUSDT,bid,2400,11383.822
2024-08-29 23:34:27,ETHUSDT,bid,2400,11382.989
2024-08-29 23:34:37,ETHUSDT,bid,2400,11384.239
2024-08-29 23:34:38,ETHUSDT,bid,2360,10917.821
2024-08-29 23:35:09,ETHUSDT,bid,2400,11384.26
2024-08-29 23:35:15,ETHUSDT,bid,2400,11384.36
2024-08-29 23:35:24,ETHUSDT,bid,2430,8059.268
2024-08-29 23:36:29,ETHUSDT,bid,2400,11384.568
2024-08-29 23:36:40,ETHUSDT,bid,2400,11384.364
2024-08-29 23:37:07,ETHUSDT,bid,2400,11384.144
2024-08-29 23:37:10,ETHUSDT,bid,2400,11383.995
2024-08-29 23:37:17,ETHUSDT,bid,2450,5128.382
2024-08-29 23:38:01,ETHUSDT,bid,2430,8059.324
2024-08-29 23:39:08,ETHUSDT,bid,2400,11383.974
2024-08-29 23:39:59,ETHUSDT,bid,2400,11384.182
2024-08-29 23:40:06,ETHUSDT,bid,2400,11386.182
2024-08-29 23:40:10,ETHUSDT,bid,2400,11386.082
2024-08-29 23:40:19,ETHUSDT,bid,2450,5128.319
2024-08-29 23:40:36,ETHUSDT,bid,2140,4718.064
2024-08-29 23:41:04,ETHUSDT,bid,2400,11396.082
2024-08-29 23:41:07,ETHUSDT,bid,2400,11396.072
2024-08-29 23:41:20,ETHUSDT,bid,2450,5127.919
2024-08-29 23:42:19,ETHUSDT,bid,1700,6126.474
2024-08-29 23:42:34,ETHUSDT,bid,2450,5127.801
2024-08-29 23:44:44,ETHUSDT,bid,2400,11393.336
2024-08-29 23:45:32,ETHUSDT,bid,2400,11392.336
2024-08-29 23:45:33,ETHUSDT,bid,2400,11391.92
2024-08-29 23:47:04,ETHUSDT,bid,2400,11391.9
2024-08-29 23:47:04,ETHUSDT,bid,2360,10918.666
2024-08-29 23:47:07,ETHUSDT,bid,2400,11393.045
2024-08-29 23:47:17,ETHUSDT,bid,2400,11393.117
2024-08-29 23:47:31,ETHUSDT,bid,2450,5131.001
2024-08-29 23:48:00,ETHUSDT,bid,1700,6126.418
2024-08-29 23:48:00,ETHUSDT,bid,2400,11393.074
2024-08-29 23:48:39,ETHUSDT,bid,2400,11391.929
2024-08-29 23:49:00,ETHUSDT,bid,2400,11383.948
2024-08-29 23:49:12,ETHUSDT,bid,2400,11381.222
2024-08-29 23:50:40,ETHUSDT,bid,2450,5131.422
2024-08-29 23:50:42,ETHUSDT,bid,2440,9465.779
2024-08-29 23:51:18,ETHUSDT,bid,2400,11381.202
2024-08-29 23:52:11,ETHUSDT,bid,2420,5442.925
2024-08-29 23:52:45,ETHUSDT,bid,2400,11381.618
2024-08-29 23:52:46,ETHUSDT,bid,2400,11381.37
2024-08-29 23:53:20,ETHUSDT,bid,2400,11380.862
2024-08-29 23:54:02,ETHUSDT,bid,2350,12098.528
2024-08-29 23:54:06,ETHUSDT,bid,2400,11380.654
2024-08-29 23:54:14,ETHUSDT,bid,2290,4444.246
2024-08-29 23:54:39,ETHUSDT,bid,2400,11380.702
2024-08-29 23:55:06,ETHUSDT,bid,2400,11374.702
2024-08-29 23:55:39,ETHUSDT,bid,2430,8077.153
2024-08-29 23:56:08,ETHUSDT,bid,2400,11374.909
2024-08-29 23:56:16,ETHUSDT,bid,2400,11374.927
2024-08-29 23:56:57,ETHUSDT,bid,2400,11377.282
2024-08-29 23:57:05,ETHUSDT,bid,1700,6126.451
2024-08-29 23:57:45,ETHUSDT,bid,2400,11374.204
2024-08-29 23:57:52,ETHUSDT,bid,2400,11373.834
2024-08-29 23:59:36,ETHUSDT,bid,2400,11373.065
2024-08-29 23:59:39,ETHUSDT,bid,2400,11373.087
2024-08-29 23:59:46,ETHUSDT,bid,2400,11374.087
2024-08-30 00:00:28,ETHUSDT,bid,2430,8059.324
2024-08-30 00:00:29,ETHUSDT,bid,2430,8077.179
2024-08-30 00:00:30,ETHUSDT,bid,2430,8078.894
2024-08-30 00:00:35,ETHUSDT,bid,2400,11374.119
2024-08-30 00:00:44,ETHUSDT,bid,2400,11376.119
2024-08-30 00:00:59,ETHUSDT,bid,2400,11376.129
2024-08-30 00:01:11,ETHUSDT,bid,2400,11376.169
2024-08-30 00:02:07,ETHUSDT,bid,2400,11376.159
2024-08-30 00:02:18,ETHUSDT,bid,2400,11376.575
2024-08-30 00:02:38,ETHUSDT,bid,2430,8077.179
2024-08-30 00:03:34,ETHUSDT,bid,2400,11376.566
2024-08-30 00:04:07,ETHUSDT,bid,2400,11377.066
2024-08-30 00:04:51,ETHUSDT,bid,2400,11377.057
2024-08-30 00:05:23,ETHUSDT,bid,2430,8059.324
2024-08-30 00:05:25,ETHUSDT,bid,2430,8077.206
2024-08-30 00:05:30,ETHUSDT,bid,2400,11377.265
2024-08-30 00:05:40,ETHUSDT,bid,2400,11377.057
2024-08-30 00:05:45,ETHUSDT,bid,2400,11377.182
2024-08-30 00:06:17,ETHUSDT,bid,2350,12348.528
2024-08-30 00:06:19,ETHUSDT,bid,2400,11378.015
2024-08-30 00:06:23,ETHUSDT,bid,2400,11378.181
2024-08-30 00:07:46,ETHUSDT,bid,2400,11370.628
2024-08-30 00:07:51,ETHUSDT,bid,2400,11370.212
2024-08-30 00:08:47,ETHUSDT,bid,2400,11370.221
2024-08-30 00:08:51,ETHUSDT,bid,2430,8097.589
2024-08-30 00:09:58,ETHUSDT,bid,2400,11360.221
2024-08-30 00:10:04,ETHUSDT,bid,2430,8097.648
2024-08-30 00:10:15,ETHUSDT,bid,2430,8079.766
2024-08-30 00:10:16,ETHUSDT,bid,2430,8097.673
2024-08-30 00:10:25,ETHUSDT,bid,2450,5132.154
2024-08-30 00:11:06,ETHUSDT,bid,2400,11360.461
2024-08-30 00:11:40,ETHUSDT,bid,2400,11358.461
2024-08-30 00:12:22,ETHUSDT,bid,2450,5131.924
2024-08-30 00:13:11,ETHUSDT,bid,2400,11359.481
2024-08-30 00:13:53,ETHUSDT,bid,2400,11359.44
2024-08-30 00:14:52,ETHUSDT,bid,2140,4718.043
2024-08-30 00:15:06,ETHUSDT,bid,2430,8079.766
2024-08-30 00:15:07,ETHUSDT,bid,2430,8097.698
2024-08-30 00:16:32,ETHUSDT,bid,1700,6126.494
2024-08-30 00:16:47,ETHUSDT,bid,2400,11359.773
2024-08-30 00:17:13,ETHUSDT,bid,2400,11359.44
2024-08-30 00:17:28,ETHUSDT,bid,2380,10431.045
2024-08-30 00:17:40,ETHUSDT,bid,2380,10430.114
2024-08-30 00:18:13,ETHUSDT,bid,1700,6126.451
2024-08-30 00:18:19,ETHUSDT,bid,2140,4718.064
2024-08-30 00:19:32,ETHUSDT,bid,2430,8077.315
2024-08-30 00:19:55,ETHUSDT,bid,2430,8059.383
2024-08-30 00:19:56,ETHUSDT,bid,2430,8077.341
2024-08-30 00:20:47,ETHUSDT,bid,2450,5131.802
2024-08-30 00:20:49,ETHUSDT,bid,2400,11359.34
2024-08-30 00:20:57,ETHUSDT,bid,2400,11359.54
2024-08-30 00:23:29,ETHUSDT,bid,2400,11357.54
2024-08-30 00:23:38,ETHUSDT,bid,2400,11359.54
2024-08-30 00:24:11,ETHUSDT,bid,2400,11359.566
2024-08-30 00:24:44,ETHUSDT,bid,2430,8059.383
2024-08-30 00:24:45,ETHUSDT,bid,2430,8077.367
2024-08-30 00:27:23,ETHUSDT,bid,2400,11359.876
2024-08-30 00:28:05,ETHUSDT,bid,2400,11362.612
2024-08-30 00:28:08,ETHUSDT,bid,2400,11362.897
2024-08-30 00:29:28,ETHUSDT,bid,2400,11362.882
2024-08-30 00:29:32,ETHUSDT,bid,2430,8059.383
2024-08-30 00:29:33,ETHUSDT,bid,2430,8077.392
2024-08-30 00:34:14,ETHUSDT,bid,2400,11362.853
2024-08-30 00:34:20,ETHUSDT,bid,2450,5140.887
2024-08-30 00:34:25,ETHUSDT,bid,2430,8059.383
2024-08-30 00:34:26,ETHUSDT,bid,2430,8077.418
2024-08-30 00:34:56,ETHUSDT,bid,2140,4719.064
2024-08-30 00:34:58,ETHUSDT,bid,2430,8082.418
2024-08-30 00:35:20,ETHUSDT,bid,2450,5131.802
2024-08-30 00:36:31,ETHUSDT,ask,3040,3280.543
2024-08-30 00:37:02,ETHUSDT,bid,2400,11362.862
2024-08-30 00:37:28,ETHUSDT,bid,2400,11362.84
2024-08-30 00:38:45,ETHUSDT,bid,2400,11362.79
2024-08-30 00:39:09,ETHUSDT,bid,2430,8064.383
2024-08-30 00:40:26,ETHUSDT,bid,2400,11362.781
2024-08-30 00:43:42,ETHUSDT,bid,2400,11362.496
2024-08-30 00:46:26,ETHUSDT,bid,2400,11364.847
2024-08-30 00:48:14,ETHUSDT,bid,2420,5442.822
2024-08-30 00:48:25,ETHUSDT,bid,2400,11365.055
2024-08-30 00:48:40,ETHUSDT,bid,2400,11365.677
2024-08-30 00:48:53,ETHUSDT,bid,2400,11365.469
2024-08-30 00:52:26,ETHUSDT,bid,2400,11365.493
2024-08-30 00:52:42,ETHUSDT,bid,2400,11365.595
2024-08-30 00:52:51,ETHUSDT,bid,2380,10430.463
2024-08-30 00:53:45,ETHUSDT,bid,2400,11365.617
2024-08-30 00:53:58,ETHUSDT,bid,2360,10917.821
2024-08-30 00:54:14,ETHUSDT,bid,2430,8064.444
2024-08-30 00:54:34,ETHUSDT,bid,2400,11365.608
2024-08-30 00:55:21,ETHUSDT,bid,2440,9465.992
2024-08-30 00:57:31,ETHUSDT,bid,2400,11365.599
2024-08-30 00:58:15,ETHUSDT,bid,2430,8064.744
2024-08-30 01:02:30,ETHUSDT,bid,2400,11367.682
2024-08-30 01:03:31,ETHUSDT,bid,2360,10917.812
2024-08-30 01:04:14,ETHUSDT,bid,2400,11367.744
2024-08-30 01:08:08,ETHUSDT,bid,2380,10430.472
2024-08-30 01:09:01,ETHUSDT,bid,2400,11367.703
2024-08-30 01:09:02,ETHUSDT,bid,2380,10430.463
2024-08-30 01:09:42,ETHUSDT,bid,2360,10917.597
2024-08-30 01:10:47,ETHUSDT,bid,2400,11367.081
2024-08-30 01:11:09,ETHUSDT,bid,2400,11354.722
2024-08-30 01:11:22,ETHUSDT,bid,2400,11354.699
2024-08-30 01:12:58,ETHUSDT,bid,2400,11354.782
2024-08-30 01:13:12,ETHUSDT,bid,2400,11366.13
2024-08-30 01:14:04,ETHUSDT,bid,2400,11371.716
2024-08-30 01:14:17,ETHUSDT,bid,2430,8064.494
2024-08-30 01:14:23,ETHUSDT,bid,2430,8064.431
2024-08-30 01:14:47,ETHUSDT,bid,2400,11371.516
2024-08-30 01:15:06,ETHUSDT,bid,2400,11371.412
2024-08-30 01:15:12,ETHUSDT,bid,2450,5113.579
2024-08-30 01:15:14,ETHUSDT,bid,2400,11371.397
2024-08-30 01:15:24,ETHUSDT,bid,1960,5205.334
2024-08-30 01:15:24,ETHUSDT,bid,2140,4719.114
2024-08-30 01:15:49,ETHUSDT,bid,2400,11371.387
2024-08-30 01:15:55,ETHUSDT,bid,2400,11371.187
2024-08-30 01:15:56,ETHUSDT,bid,2400,11371.395
2024-08-30 01:15:57,ETHUSDT,bid,2400,11371.39
2024-08-30 01:16:06,ETHUSDT,bid,2290,4444.256
2024-08-30 01:16:10,ETHUSDT,bid,2290,4444.246
2024-08-30 01:16:15,ETHUSDT,bid,2400,11372.39
2024-08-30 01:17:07,ETHUSDT,bid,1700,6127.676
2024-08-30 01:17:10,ETHUSDT,bid,2450,5116.32
2024-08-30 01:17:20,ETHUSDT,bid,2450,5115.913
2024-08-30 01:17:23,ETHUSDT,bid,2380,10430.57
2024-08-30 01:17:27,ETHUSDT,bid,2140,4719.06
2024-08-30 01:17:27,ETHUSDT,bid,2400,11372.342
2024-08-30 01:17:35,ETHUSDT,bid,2400,11384.842
2024-08-30 01:17:35,ETHUSDT,bid,2400,11372.342
2024-08-30 01:17:47,ETHUSDT,bid,2290,4444.256
2024-08-30 01:17:51,ETHUSDT,bid,2450,5115.938
2024-08-30 01:18:01,ETHUSDT,bid,2290,4444.246
2024-08-30 01:18:10,ETHUSDT,bid,2430,8059.431
2024-08-30 01:18:18,ETHUSDT,bid,2400,11372.675
2024-08-30 01:18:50,ETHUSDT,bid,2400,11372.525
2024-08-30 01:18:58,ETHUSDT,bid,2380,10430.463
2024-08-30 01:18:59,ETHUSDT,bid,2400,11372.673
2024-08-30 01:19:11,ETHUSDT,bid,2400,11372.809
2024-08-30 01:19:17,ETHUSDT,bid,2400,11371.809
2024-08-30 01:19:47,ETHUSDT,bid,2400,11371.601
2024-08-30 01:19:55,ETHUSDT,bid,2400,11373.201
2024-08-30 01:20:04,ETHUSDT,bid,2400,11373.002
2024-08-30 01:20:14,ETHUSDT,bid,2400,11373.012
2024-08-30 01:20:14,ETHUSDT,bid,2400,11372.512
2024-08-30 01:20:43,ETHUSDT,bid,2400,11496.121
2024-08-30 01:21:11,ETHUSDT,bid,2440,9465.931
2024-08-30 01:21:38,ETHUSDT,bid,2400,11495.705
2024-08-30 01:21:44,ETHUSDT,bid,2350,12349.528
2024-08-30 01:22:00,ETHUSDT,bid,2400,11495.905
2024-08-30 01:22:44,ETHUSDT,bid,2450,5115.913
2024-08-30 01:22:52,ETHUSDT,bid,2360,10917.865
2024-08-30 01:23:00,ETHUSDT,bid,2400,11496.6
2024-08-30 01:23:07,ETHUSDT,bid,2400,11496.484
2024-08-30 01:23:26,ETHUSDT,bid,2400,11496.336
2024-08-30 01:23:32,ETHUSDT,bid,2430,8060.252
2024-08-30 01:23:38,ETHUSDT,bid,2400,11496.48
2024-08-30 01:23:42,ETHUSDT,bid,2400,11496.518
2024-08-30 01:23:45,ETHUSDT,bid,2430,8060.239
2024-08-30 01:23:45,ETHUSDT,bid,2440,9465.918
2024-08-30 01:23:45,ETHUSDT,bid,2450,5115.9
2024-08-30 01:23:46,ETHUSDT,bid,1960,5205.284
2024-08-30 01:23:46,ETHUSDT,bid,2140,4719.01
2024-08-30 01:23:51,ETHUSDT,bid,2400,11496.67
2024-08-30 01:24:13,ETHUSDT,bid,2400,11496.72
2024-08-30 01:24:15,ETHUSDT,bid,2400,11496.568
2024-08-30 01:24:54,ETHUSDT,bid,2400,11496.358
2024-08-30 01:25:03,ETHUSDT,bid,2400,11496.608
2024-08-30 01:25:16,ETHUSDT,bid,2430,8056.239
2024-08-30 01:26:24,ETHUSDT,bid,2290,4444.256
2024-08-30 01:26:41,ETHUSDT,bid,2400,11491.022
2024-08-30 01:26:41,ETHUSDT,bid,2400,11491.218
2024-08-30 01:28:40,ETHUSDT,bid,2440,9485.918
2024-08-30 01:29:13,ETHUSDT,bid,2400,11491.281
2024-08-30 01:29:31,ETHUSDT,bid,2400,11491.081
2024-08-30 01:29:41,ETHUSDT,bid,2430,8056.224
2024-08-30 01:29:41,ETHUSDT,bid,2440,9485.903
2024-08-30 01:29:41,ETHUSDT,bid,2450,5115.885
2024-08-30 01:30:27,ETHUSDT,bid,2400,11498.521
2024-08-30 01:31:26,ETHUSDT,bid,2440,9485.919
2024-08-30 01:33:20,ETHUSDT,bid,2380,10433.834
2024-08-30 01:33:20,ETHUSDT,bid,2380,10434.154
2024-08-30 01:33:39,ETHUSDT,bid,2450,5116.385
2024-08-30 01:33:47,ETHUSDT,bid,2400,11501.343
2024-08-30 01:34:00,ETHUSDT,bid,2400,11504.498
2024-08-30 01:34:42,ETHUSDT,bid,2450,5116.695
2024-08-30 01:35:25,ETHUSDT,bid,2450,5117.484
2024-08-30 01:35:34,ETHUSDT,bid,2140,4719.02
2024-08-30 01:35:34,ETHUSDT,bid,2400,11504.508
2024-08-30 01:35:40,ETHUSDT,bid,2400,11513.508
2024-08-30 01:36:48,ETHUSDT,bid,2400,11504.508
2024-08-30 01:36:52,ETHUSDT,bid,1700,6127.711
2024-08-30 01:36:52,ETHUSDT,bid,1960,5205.314
2024-08-30 01:36:54,ETHUSDT,bid,2360,10919.821
2024-08-30 01:36:57,ETHUSDT,bid,2400,11504.528
2024-08-30 01:37:01,ETHUSDT,bid,2400,11504.444
2024-08-30 01:37:06,ETHUSDT,bid,2400,11509.444
2024-08-30 01:37:07,ETHUSDT,bid,2400,11509.494
2024-08-30 01:37:26,ETHUSDT,bid,2450,5119.29
2024-08-30 01:37:32,ETHUSDT,bid,2400,11510.379
2024-08-30 01:37:40,ETHUSDT,bid,2400,11510.179
2024-08-30 01:38:16,ETHUSDT,bid,2400,11515.179
2024-08-30 01:38:30,ETHUSDT,bid,2400,11516.587
2024-08-30 01:38:36,ETHUSDT,bid,2400,11518.744
2024-08-30 01:38:47,ETHUSDT,bid,2400,11515.922
2024-08-30 01:39:06,ETHUSDT,bid,2400,11516.264
2024-08-30 01:39:07,ETHUSDT,bid,2450,5119.307
2024-08-30 01:39:15,ETHUSDT,bid,1700,6127.811
2024-08-30 01:39:17,ETHUSDT,bid,2450,5119.29
2024-08-30 01:40:18,ETHUSDT,bid,2450,5118.98
2024-08-30 01:40:24,ETHUSDT,bid,2400,11520.004
2024-08-30 01:40:31,ETHUSDT,bid,2400,11519.804
2024-08-30 01:40:44,ETHUSDT,bid,2450,5098.426
2024-08-30 01:40:59,ETHUSDT,bid,2400,11519.812
2024-08-30 01:41:08,ETHUSDT,bid,2400,11516.072
2024-08-30 01:41:17,ETHUSDT,bid,2400,11515.822
2024-08-30 01:41:17,ETHUSDT,bid,2450,5101.347
2024-08-30 01:41:28,ETHUSDT,bid,2350,12349.104
2024-08-30 01:41:45,ETHUSDT,bid,2400,11519.703
2024-08-30 01:41:49,ETHUSDT,bid,2400,11520.703
2024-08-30 01:41:56,ETHUSDT,bid,2230,4491.619
2024-08-30 01:42:00,ETHUSDT,bid,2230,4492.365
2024-08-30 01:42:12,ETHUSDT,bid,2400,11520.694
2024-08-30 01:42:17,ETHUSDT,bid,2400,11520.194
2024-08-30 01:42:36,ETHUSDT,bid,2450,5101.248
2024-08-30 01:42:48,ETHUSDT,bid,2430,8058.1
2024-08-30 01:42:48,ETHUSDT,bid,2400,11520.203
2024-08-30 01:42:53,ETHUSDT,bid,2400,11520.265
2024-08-30 01:42:55,ETHUSDT,bid,2430,8058.9
2024-08-30 01:43:04,ETHUSDT,bid,2450,5101.15
2024-08-30 01:43:13,ETHUSDT,bid,2400,11520.27
2024-08-30 01:43:21,ETHUSDT,bid,2400,11523.092
2024-08-30 01:43:38,ETHUSDT,bid,2380,10433.834
2024-08-30 01:43:41,ETHUSDT,bid,2400,11524.271
2024-08-30 01:43:46,ETHUSDT,bid,2450,5102.15
2024-08-30 01:44:01,ETHUSDT,bid,2400,11525.188
2024-08-30 01:44:15,ETHUSDT,bid,2450,5103.779
2024-08-30 01:44:26,ETHUSDT,bid,2400,11526.181
2024-08-30 01:44:28,ETHUSDT,bid,2400,11526.19
2024-08-30 01:44:42,ETHUSDT,bid,2400,11526.046
2024-08-30 01:44:45,ETHUSDT,bid,2400,11525.657
2024-08-30 01:45:18,ETHUSDT,bid,2400,11525.461
2024-08-30 01:45:22,ETHUSDT,bid,2400,11525.496
2024-08-30 01:45:39,ETHUSDT,bid,2400,11533.829
2024-08-30 01:45:51,ETHUSDT,bid,2430,8059.413
2024-08-30 01:45:51,ETHUSDT,bid,2440,9484.919
2024-08-30 01:46:04,ETHUSDT,bid,2400,11525.496
2024-08-30 01:46:12,ETHUSDT,bid,2400,11525.765
2024-08-30 01:46:14,ETHUSDT,bid,2450,5103.963
2024-08-30 01:46:42,ETHUSDT,bid,2400,11524.848
2024-08-30 01:47:00,ETHUSDT,bid,2400,11520.745
2024-08-30 01:47:10,ETHUSDT,bid,2400,11522.251
2024-08-30 01:47:58,ETHUSDT,bid,2400,11520.251
2024-08-30 01:48:08,ETHUSDT,bid,2400,11521.252
2024-08-30 01:48:27,ETHUSDT,bid,2450,5116.463
2024-08-30 01:48:56,ETHUSDT,bid,2140,4719.01
2024-08-30 01:48:56,ETHUSDT,bid,2400,11521.242
2024-08-30 01:48:57,ETHUSDT,bid,2400,11516.242
2024-08-30 01:49:07,ETHUSDT,bid,2360,10920.118
2024-08-30 01:49:21,ETHUSDT,bid,2450,5113.722
2024-08-30 01:49:22,ETHUSDT,bid,2400,11517.612
2024-08-30 01:49:29,ETHUSDT,bid,2400,11517.621
2024-08-30 01:49:35,ETHUSDT,bid,2360,10919.85
2024-08-30 01:49:37,ETHUSDT,bid,2400,11517.612
2024-08-30 01:49:49,ETHUSDT,bid,2400,11517.621
2024-08-30 01:49:58,ETHUSDT,bid,2400,11517.606
2024-08-30 01:50:43,ETHUSDT,bid,2400,11517.616
2024-08-30 01:50:50,ETHUSDT,bid,2420,5444.675
2024-08-30 01:50:52,ETHUSDT,bid,2400,11518.624
2024-08-30 01:51:06,ETHUSDT,bid,2450,5112.722
2024-08-30 01:51:20,ETHUSDT,bid,2400,11519.04
2024-08-30 01:51:21,ETHUSDT,bid,2400,11520.04
2024-08-30 01:51:34,ETHUSDT,bid,2400,11521.088
2024-08-30 01:51:36,ETHUSDT,bid,2400,11522.088
2024-08-30 01:51:44,ETHUSDT,bid,2400,11522.213
2024-08-30 01:51:47,ETHUSDT,bid,2380,10430.834
2024-08-30 01:51:48,ETHUSDT,bid,2400,11524.213
2024-08-30 01:51:53,ETHUSDT,bid,2400,11524.181
2024-08-30 01:51:56,ETHUSDT,bid,2400,11525.581
2024-08-30 01:51:57,ETHUSDT,bid,2450,5114.914
2024-08-30 01:52:26,ETHUSDT,bid,2400,11525.805
2024-08-30 01:52:27,ETHUSDT,bid,2400,11526.138
2024-08-30 01:52:39,ETHUSDT,bid,2450,5113.108
2024-08-30 01:52:42,ETHUSDT,bid,2430,8065.895
2024-08-30 01:52:53,ETHUSDT,bid,2400,11525.888
2024-08-30 01:53:09,ETHUSDT,bid,2400,11526.268
2024-08-30 01:53:18,ETHUSDT,bid,2400,11526.295
2024-08-30 01:53:23,ETHUSDT,bid,2430,8066.616
2024-08-30 01:53:38,ETHUSDT,bid,2400,11528.295
2024-08-30 01:53:39,ETHUSDT,bid,2430,8065.895
2024-08-30 01:53:47,ETHUSDT,bid,2450,5113.128
2024-08-30 01:53:47,ETHUSDT,bid,2400,11526.295
2024-08-30 01:53:50,ETHUSDT,bid,2400,11524.925
2024-08-30 01:53:53,ETHUSDT,bid,2440,9484.939
2024-08-30 01:54:08,ETHUSDT,bid,2450,5112.619
2024-08-30 01:54:11,ETHUSDT,bid,2360,10918.159
2024-08-30 01:54:20,ETHUSDT,bid,2400,11524.785
2024-08-30 01:54:20,ETHUSDT,bid,2400,11524.75
2024-08-30 01:54:30,ETHUSDT,bid,2400,11516.75
2024-08-30 01:54:40,ETHUSDT,bid,2380,10432.834
2024-08-30 01:54:49,ETHUSDT,bid,2450,5113.637
2024-08-30 01:55:01,ETHUSDT,bid,2360,10902.159
2024-08-30 01:55:09,ETHUSDT,bid,2400,11517.166
2024-08-30 01:55:38,ETHUSDT,bid,2400,11513.285
2024-08-30 01:55:50,ETHUSDT,bid,2400,11513.312
2024-08-30 01:55:51,ETHUSDT,bid,2140,4719.049
2024-08-30 01:55:58,ETHUSDT,bid,2400,11513.637
2024-08-30 01:56:00,ETHUSDT,bid,2450,5113.137
2024-08-30 01:56:01,ETHUSDT,bid,2400,11513.845
2024-08-30 01:56:02,ETHUSDT,bid,2400,11514.234
2024-08-30 01:56:05,ETHUSDT,bid,2400,11512.834
2024-08-30 01:56:17,ETHUSDT,bid,2430,8059.413
2024-08-30 01:56:33,ETHUSDT,bid,2400,11512.901
2024-08-30 01:56:54,ETHUSDT,bid,2400,11512.851
2024-08-30 01:57:05,ETHUSDT,bid,1700,6117.03
2024-08-30 01:57:14,ETHUSDT,bid,2400,11515.209
2024-08-30 01:57:25,ETHUSDT,bid,2450,5113.305
2024-08-30 01:57:36,ETHUSDT,bid,2400,11513.703
2024-08-30 01:57:37,ETHUSDT,bid,2400,11502.355
2024-08-30 01:57:44,ETHUSDT,bid,2400,11502.582
2024-08-30 01:57:44,ETHUSDT,ask,2990,3454.564
