2024-09-03 07:00:43,ETHUSDT,ask,2590,5831.987
2024-09-03 07:08:35,ETHUSDT,ask,2570,3977.232
2024-09-03 07:08:39,ETHUSDT,ask,2570,3939.254
2024-09-03 07:11:32,ETHUSDT,bid,1960,5451.36
2024-09-03 07:15:20,ETHUSDT,ask,2570,3939.745
2024-09-03 07:15:26,ETHUSDT,ask,2570,3924.244
2024-09-03 07:15:34,ETHUSDT,ask,2590,5832.794
2024-09-03 07:15:49,ETHUSDT,ask,2590,5831.987
2024-09-03 07:16:20,ETHUSDT,ask,2570,3923.753
2024-09-03 07:19:52,ETHUSDT,ask,2570,3919.876
2024-09-03 07:38:22,ETHUSDT,ask,2590,5835.834
2024-09-03 07:41:57,ETHUSDT,bid,2140,9338.885
2024-09-03 07:45:46,ETHUSDT,bid,2070,4819.175
2024-09-03 07:55:55,ETHUSDT,bid,2070,4819.162
2024-09-03 07:56:19,ETHUSDT,bid,1960,5451.426
2024-09-03 07:56:19,ETHUSDT,bid,2140,4895.367
2024-09-03 08:03:13,ETHUSDT,bid,1700,6028.784
2024-09-03 08:04:31,ETHUSDT,ask,2570,3916.968
2024-09-03 08:09:40,ETHUSDT,ask,2570,3924.645
2024-09-03 08:09:41,ETHUSDT,ask,2570,3927.357
2024-09-03 08:09:41,ETHUSDT,ask,2570,3935.103
2024-09-03 08:13:46,ETHUSDT,bid,2140,4887.891
2024-09-03 08:14:00,ETHUSDT,ask,2590,5835.954
2024-09-03 08:14:15,ETHUSDT,ask,2590,5837.108
2024-09-03 08:17:20,ETHUSDT,ask,2570,3934.39
2024-09-03 08:18:58,ETHUSDT,ask,2570,3916.968
2024-09-03 08:20:16,ETHUSDT,ask,2570,3916.468
2024-09-03 08:21:12,ETHUSDT,bid,2220,4504.761
2024-09-03 08:21:12,ETHUSDT,ask,2650,3807.448
2024-09-03 08:22:14,ETHUSDT,bid,2360,4296.132
2024-09-03 08:22:21,ETHUSDT,ask,2590,5837.208
2024-09-03 08:22:35,ETHUSDT,ask,2570,3920.468
2024-09-03 08:22:49,ETHUSDT,ask,2590,5836.054
2024-09-03 08:24:02,ETHUSDT,bid,2140,4887.85
2024-09-03 08:25:49,ETHUSDT,ask,2570,3916.468
2024-09-03 08:26:11,ETHUSDT,bid,2250,4495.407
2024-09-03 08:30:05,ETHUSDT,bid,1960,5451.448
2024-09-03 08:30:05,ETHUSDT,bid,2140,4887.872
2024-09-03 08:38:02,ETHUSDT,bid,1960,5451.426
2024-09-03 08:38:02,ETHUSDT,bid,2140,4887.85
2024-09-03 08:39:11,ETHUSDT,ask,2590,5835.446
2024-09-03 08:41:20,ETHUSDT,ask,2570,3916.438
2024-09-03 08:42:16,ETHUSDT,bid,2310,4349.04
2024-09-03 08:47:32,ETHUSDT,ask,2650,3807.478
2024-09-03 08:54:31,ETHUSDT,bid,2140,4887.835
2024-09-03 09:02:12,ETHUSDT,ask,2570,3916.138
2024-09-03 09:03:27,ETHUSDT,bid,2220,4504.751
2024-09-03 09:03:27,ETHUSDT,bid,2290,4368.038
2024-09-03 09:03:27,ETHUSDT,ask,2650,3807.438
2024-09-03 09:03:27,ETHUSDT,ask,2670,3874.684
2024-09-03 09:10:12,ETHUSDT,ask,2570,3915.982
2024-09-03 09:14:12,ETHUSDT,ask,2590,5831.179
2024-09-03 09:17:22,ETHUSDT,ask,2590,5832.179
2024-09-03 09:19:17,ETHUSDT,ask,2990,3452.774
2024-09-03 09:20:04,ETHUSDT,ask,2590,5832.755
2024-09-03 09:20:04,ETHUSDT,ask,2590,5832.179
2024-09-03 09:22:50,ETHUSDT,ask,2570,3914.775
2024-09-03 09:23:59,ETHUSDT,ask,2650,3849.198
2024-09-03 09:24:27,ETHUSDT,ask,2650,3849.164
2024-09-03 09:24:44,ETHUSDT,ask,2650,3849.147
2024-09-03 09:24:55,ETHUSDT,ask,2650,3849.13
2024-09-03 09:25:09,ETHUSDT,ask,2650,3849.072
2024-09-03 09:33:04,ETHUSDT,ask,2670,3871.688
2024-09-03 09:33:22,ETHUSDT,ask,2590,5835.497
2024-09-03 09:34:32,ETHUSDT,ask,2570,3932.197
2024-09-03 09:35:40,ETHUSDT,ask,2570,3914.775
2024-09-03 09:38:42,ETHUSDT,bid,2210,4522.538
2024-09-03 09:38:42,ETHUSDT,bid,2310,4349.061
2024-09-03 09:40:04,ETHUSDT,ask,2590,5831.65
2024-09-03 09:42:22,ETHUSDT,bid,2350,4388.663
2024-09-03 09:42:36,ETHUSDT,ask,2570,3914.79
2024-09-03 09:53:02,ETHUSDT,bid,1960,5451.47
2024-09-03 09:53:02,ETHUSDT,bid,2140,4887.879
2024-09-03 09:53:25,ETHUSDT,ask,2650,3807.2
2024-09-03 09:54:17,ETHUSDT,ask,2590,5831.926
2024-09-03 09:57:51,ETHUSDT,bid,1960,5451.676
2024-09-03 10:04:21,ETHUSDT,bid,2140,4888.02
2024-09-03 10:08:28,ETHUSDT,bid,2210,4522.528
2024-09-03 10:08:28,ETHUSDT,bid,2360,4296.122
2024-09-03 10:08:47,ETHUSDT,bid,2250,4495.169
2024-09-03 10:13:00,ETHUSDT,ask,2650,3805.303
2024-09-03 10:13:00,ETHUSDT,ask,2670,3871.931
2024-09-03 10:18:12,ETHUSDT,ask,2590,5832.1
2024-09-03 10:21:42,ETHUSDT,ask,2570,3913.822
2024-09-03 10:25:35,ETHUSDT,ask,2990,3360.848
2024-09-03 10:25:42,ETHUSDT,ask,2670,3871.945
2024-09-03 10:26:14,ETHUSDT,bid,2140,9338.866
2024-09-03 10:26:14,ETHUSDT,ask,2670,3871.93
2024-09-03 10:35:24,ETHUSDT,bid,2140,4887.879
2024-09-03 10:35:24,ETHUSDT,ask,2670,3871.789
2024-09-03 10:35:24,ETHUSDT,ask,2990,3452.708
2024-09-03 10:39:51,ETHUSDT,ask,2670,3869.161
2024-09-03 10:42:03,ETHUSDT,ask,2670,3869.147
2024-09-03 10:44:41,ETHUSDT,bid,1700,6028.744
2024-09-03 10:44:41,ETHUSDT,bid,2070,9668.763
2024-09-03 10:47:17,ETHUSDT,bid,2070,9670.497
2024-09-03 10:50:03,ETHUSDT,bid,1960,5449.387
2024-09-03 10:51:14,ETHUSDT,bid,2350,4391.163
2024-09-03 10:52:31,ETHUSDT,ask,2510,3985.103
2024-09-03 10:52:32,ETHUSDT,ask,2510,4010.122
2024-09-03 10:52:32,ETHUSDT,ask,2510,4006.888
2024-09-03 10:52:45,ETHUSDT,ask,2510,3987.663
2024-09-03 10:52:45,ETHUSDT,ask,2510,3987.615
2024-09-03 10:52:46,ETHUSDT,ask,2510,4003.309
2024-09-03 10:52:46,ETHUSDT,ask,2510,3987.615
2024-09-03 10:52:47,ETHUSDT,ask,2510,3986.08
2024-09-03 10:52:47,ETHUSDT,ask,2510,3986.08
2024-09-03 10:52:48,ETHUSDT,ask,2510,3986.08
2024-09-03 10:52:49,ETHUSDT,ask,2510,3985.922
2024-09-03 10:54:05,ETHUSDT,ask,2670,3863.042
2024-09-03 11:01:02,ETHUSDT,bid,1960,5449.687
2024-09-03 11:02:21,ETHUSDT,bid,1960,5449.387
2024-09-03 11:02:52,ETHUSDT,ask,2570,3898.949
2024-09-03 11:02:53,ETHUSDT,ask,2570,3900.41
2024-09-03 11:02:58,ETHUSDT,ask,2570,3898.949
2024-09-03 11:06:57,ETHUSDT,ask,2510,4135.093
2024-09-03 11:06:57,ETHUSDT,ask,2510,4135.132
2024-09-03 11:06:58,ETHUSDT,ask,2510,4137.105
2024-09-03 11:06:58,ETHUSDT,ask,2510,4137.066
2024-09-03 11:06:59,ETHUSDT,ask,2510,4152.76
2024-09-03 11:06:59,ETHUSDT,ask,2510,4137.066
2024-09-03 11:07:00,ETHUSDT,ask,2510,4137.066
2024-09-03 11:07:01,ETHUSDT,ask,2510,4137.066
2024-09-03 11:07:02,ETHUSDT,ask,2510,4150.161
2024-09-03 11:07:02,ETHUSDT,ask,2510,4137.066
2024-09-03 11:07:02,ETHUSDT,ask,2510,4137.074
2024-09-03 11:07:03,ETHUSDT,ask,2510,4137.074
2024-09-03 11:07:03,ETHUSDT,ask,2510,4133.114
2024-09-03 11:07:03,ETHUSDT,ask,2510,4133.122
2024-09-03 11:07:04,ETHUSDT,ask,2510,4149.156
2024-09-03 11:07:04,ETHUSDT,ask,2510,4133.122
2024-09-03 11:07:04,ETHUSDT,ask,2510,4133.274
2024-09-03 11:07:05,ETHUSDT,ask,2510,4149.308
2024-09-03 11:07:05,ETHUSDT,ask,2510,4133.274
2024-09-03 11:13:44,ETHUSDT,bid,2140,4888.369
2024-09-03 11:16:07,ETHUSDT,ask,2670,3863.04
2024-09-03 11:16:27,ETHUSDT,ask,2570,3899.449
2024-09-03 11:17:26,ETHUSDT,ask,2570,3898.949
2024-09-03 11:23:50,ETHUSDT,bid,2140,4888.523
2024-09-03 11:26:48,ETHUSDT,ask,2670,3863.254
2024-09-03 11:29:38,ETHUSDT,ask,2590,5837.795
2024-09-03 11:38:39,ETHUSDT,ask,2590,5838.095
2024-09-03 11:41:28,ETHUSDT,bid,1940,5162.705
2024-09-03 11:45:37,ETHUSDT,bid,2140,4888.369
2024-09-03 11:45:37,ETHUSDT,ask,2670,3863.1
2024-09-03 11:45:37,ETHUSDT,ask,2990,3452.708
2024-09-03 11:46:05,ETHUSDT,ask,2670,3864.151
2024-09-03 11:49:28,ETHUSDT,ask,2570,3899.142
2024-09-03 11:49:48,ETHUSDT,bid,2200,4536.302
2024-09-03 11:49:48,ETHUSDT,bid,2220,4504.761
2024-09-03 11:51:56,ETHUSDT,bid,2140,4888.661
2024-09-03 11:52:34,ETHUSDT,bid,2140,4888.369
2024-09-03 11:55:08,ETHUSDT,ask,2670,3864.173
2024-09-03 11:55:29,ETHUSDT,bid,2210,4522.908
2024-09-03 11:58:35,ETHUSDT,ask,2670,3864.151
2024-09-03 12:00:12,ETHUSDT,ask,2670,3864.173
2024-09-03 12:02:08,ETHUSDT,ask,2990,3454.144
2024-09-03 12:03:44,ETHUSDT,ask,2670,3864.151
2024-09-03 12:03:48,ETHUSDT,bid,2140,4888.537
2024-09-03 12:03:48,ETHUSDT,ask,2670,3864.319
2024-09-03 12:03:48,ETHUSDT,ask,2990,3454.312
2024-09-03 12:04:35,ETHUSDT,bid,2510,5496.023
2024-09-03 12:04:39,ETHUSDT,bid,2510,5445.067
2024-09-03 12:04:40,ETHUSDT,bid,2510,5460.761
2024-09-03 12:04:40,ETHUSDT,bid,2510,5445.067
2024-09-03 12:04:41,ETHUSDT,bid,2510,5445.076
2024-09-03 12:04:43,ETHUSDT,bid,2510,5468.05
2024-09-03 12:04:43,ETHUSDT,bid,2510,5445.076
2024-09-03 12:04:45,ETHUSDT,bid,2510,5445.076
2024-09-03 12:05:00,ETHUSDT,bid,2510,5445.116
2024-09-03 12:05:00,ETHUSDT,bid,2510,5445.076
2024-09-03 12:05:03,ETHUSDT,bid,2510,5445.116
2024-09-03 12:05:03,ETHUSDT,bid,2510,5444.944
2024-09-03 12:05:03,ETHUSDT,bid,2510,5445.872
2024-09-03 12:05:03,ETHUSDT,bid,2510,5431.744
2024-09-03 12:05:14,ETHUSDT,bid,2510,5445.34
2024-09-03 12:05:17,ETHUSDT,bid,2510,5443.35
2024-09-03 12:05:21,ETHUSDT,bid,2510,5429.754
2024-09-03 12:05:21,ETHUSDT,bid,2510,5451.1
2024-09-03 12:05:21,ETHUSDT,bid,2510,5446.254
2024-09-03 12:05:22,ETHUSDT,bid,2510,5422.238
2024-09-03 12:05:33,ETHUSDT,bid,2510,5422.229
2024-09-03 12:05:37,ETHUSDT,bid,2510,5438.229
2024-09-03 12:05:38,ETHUSDT,bid,2510,5422.229
2024-09-03 12:05:50,ETHUSDT,bid,2510,5422.219
2024-09-03 12:06:06,ETHUSDT,bid,2510,5424.183
2024-09-03 12:06:19,ETHUSDT,bid,2510,5427.169
2024-09-03 12:06:27,ETHUSDT,bid,2510,5424.183
2024-09-03 12:07:04,ETHUSDT,bid,2510,5424.265
2024-09-03 12:07:36,ETHUSDT,bid,2510,5424.183
2024-09-03 12:07:53,ETHUSDT,bid,2510,5424.781
2024-09-03 12:08:37,ETHUSDT,bid,2510,5454.639
2024-09-03 12:08:43,ETHUSDT,bid,2510,5454.68
2024-09-03 12:08:44,ETHUSDT,bid,2510,5454.639
2024-09-03 12:08:49,ETHUSDT,bid,2510,5454.598
2024-09-03 12:09:12,ETHUSDT,bid,2510,5422.776
2024-09-03 12:09:14,ETHUSDT,bid,2510,5422.858
2024-09-03 12:09:14,ETHUSDT,bid,2510,5422.26
2024-09-03 12:09:14,ETHUSDT,bid,2510,5422.178
2024-09-03 12:10:32,ETHUSDT,bid,2510,5422.168
2024-09-03 12:10:44,ETHUSDT,bid,2510,5421.168
2024-09-03 12:13:12,ETHUSDT,ask,2670,3864.402
2024-09-03 12:13:31,ETHUSDT,bid,2510,5421.964
2024-09-03 12:14:04,ETHUSDT,bid,2510,5422.568
2024-09-03 12:15:13,ETHUSDT,bid,2140,4888.369
2024-09-03 12:15:13,ETHUSDT,ask,2670,3864.234
2024-09-03 12:15:13,ETHUSDT,ask,2990,3454.144
2024-09-03 12:16:50,ETHUSDT,bid,2510,5422.579
2024-09-03 12:17:07,ETHUSDT,bid,2510,5422.658
2024-09-03 12:18:19,ETHUSDT,ask,2670,3863.224
2024-09-03 12:19:18,ETHUSDT,bid,2510,5442.658
2024-09-03 12:19:53,ETHUSDT,bid,2510,5443.252
2024-09-03 12:20:47,ETHUSDT,bid,2030,4937.494
2024-09-03 12:20:48,ETHUSDT,bid,2510,5443.173
2024-09-03 12:21:30,ETHUSDT,bid,2510,5442.579
2024-09-03 12:22:28,ETHUSDT,bid,2510,5361.398
2024-09-03 12:22:47,ETHUSDT,bid,2510,5359.553
2024-09-03 12:23:40,ETHUSDT,bid,2510,5359.692
2024-09-03 12:24:10,ETHUSDT,bid,2360,4296.092
2024-09-03 12:25:08,ETHUSDT,bid,2510,5360.898
2024-09-03 12:25:23,ETHUSDT,bid,2510,5360.937
2024-09-03 12:25:26,ETHUSDT,bid,2510,5361.737
2024-09-03 12:25:46,ETHUSDT,bid,2510,5361.698
2024-09-03 12:26:43,ETHUSDT,bid,2510,5361.579
2024-09-03 12:26:45,ETHUSDT,bid,2510,5356.624
2024-09-03 12:27:10,ETHUSDT,bid,2510,5358.476
2024-09-03 12:27:23,ETHUSDT,ask,2570,3902.142
2024-09-03 12:27:28,ETHUSDT,ask,2570,3899.142
2024-09-03 12:27:29,ETHUSDT,bid,2510,5360.332
2024-09-03 12:27:58,ETHUSDT,bid,2510,5362.19
2024-09-03 12:28:33,ETHUSDT,bid,2510,5367.19
2024-09-03 12:28:34,ETHUSDT,bid,2140,4888.52
2024-09-03 12:28:37,ETHUSDT,bid,2510,5387.19
2024-09-03 12:28:42,ETHUSDT,bid,2510,5367.19
2024-09-03 12:28:46,ETHUSDT,bid,2520,4142.773
2024-09-03 12:28:47,ETHUSDT,bid,2520,4141.624
2024-09-03 12:28:49,ETHUSDT,bid,2520,4157.318
2024-09-03 12:28:49,ETHUSDT,bid,2520,4141.624
2024-09-03 12:28:49,ETHUSDT,bid,2510,5365.332
2024-09-03 12:28:50,ETHUSDT,bid,2520,4141.624
2024-09-03 12:28:51,ETHUSDT,bid,2520,4157.318
2024-09-03 12:28:51,ETHUSDT,bid,2520,4141.624
2024-09-03 12:28:52,ETHUSDT,bid,2520,4141.624
2024-09-03 12:28:52,ETHUSDT,bid,2520,4141.662
2024-09-03 12:28:53,ETHUSDT,bid,2520,4141.662
2024-09-03 12:28:54,ETHUSDT,bid,2520,4157.356
2024-09-03 12:28:54,ETHUSDT,bid,2520,4141.662
2024-09-03 12:28:55,ETHUSDT,bid,2520,4141.662
2024-09-03 12:28:56,ETHUSDT,bid,2520,4141.662
2024-09-03 12:28:57,ETHUSDT,bid,2520,4157.356
2024-09-03 12:28:57,ETHUSDT,bid,2520,4141.662
2024-09-03 12:28:58,ETHUSDT,bid,2520,4141.662
2024-09-03 12:28:59,ETHUSDT,bid,2520,4157.356
2024-09-03 12:28:59,ETHUSDT,bid,2520,4141.662
2024-09-03 12:28:59,ETHUSDT,bid,2520,4135.167
2024-09-03 12:28:59,ETHUSDT,bid,2520,4135.129
2024-09-03 12:29:00,ETHUSDT,bid,2520,4150.823
2024-09-03 12:29:00,ETHUSDT,bid,2520,4135.129
2024-09-03 12:29:00,ETHUSDT,bid,2520,4119.27
2024-09-03 12:29:01,ETHUSDT,bid,2520,4119.27
2024-09-03 12:29:01,ETHUSDT,bid,2520,4113.71
2024-09-03 12:29:01,ETHUSDT,bid,2520,4113.585
2024-09-03 12:29:02,ETHUSDT,bid,2520,4129.644
2024-09-03 12:29:03,ETHUSDT,bid,2520,4129.139
2024-09-03 12:29:03,ETHUSDT,bid,2520,4113.445
2024-09-03 12:29:04,ETHUSDT,bid,2520,4129.139
2024-09-03 12:29:04,ETHUSDT,bid,2520,4113.445
2024-09-03 12:29:05,ETHUSDT,bid,2520,4113.445
2024-09-03 12:29:06,ETHUSDT,bid,2520,4129.139
2024-09-03 12:29:06,ETHUSDT,bid,2520,4113.445
2024-09-03 12:29:08,ETHUSDT,bid,2520,4113.445
2024-09-03 12:29:09,ETHUSDT,bid,2520,4113.445
2024-09-03 12:29:10,ETHUSDT,bid,2520,4129.139
2024-09-03 12:29:10,ETHUSDT,bid,2520,4113.445
2024-09-03 12:29:11,ETHUSDT,bid,2520,4113.445
2024-09-03 12:29:11,ETHUSDT,ask,2570,3899.127
2024-09-03 12:29:12,ETHUSDT,bid,2520,4113.445
2024-09-03 12:29:12,ETHUSDT,bid,2520,4113.945
2024-09-03 12:29:13,ETHUSDT,bid,2520,4129.639
2024-09-03 12:29:13,ETHUSDT,bid,2520,4113.945
2024-09-03 12:29:13,ETHUSDT,bid,2520,4113.925
2024-09-03 12:29:14,ETHUSDT,bid,2520,4129.619
2024-09-03 12:29:14,ETHUSDT,bid,2520,4113.925
2024-09-03 12:29:17,ETHUSDT,bid,2520,4113.925
2024-09-03 12:29:18,ETHUSDT,bid,2520,4113.925
2024-09-03 12:29:21,ETHUSDT,bid,2520,4113.925
2024-09-03 12:29:22,ETHUSDT,bid,2520,4129.619
2024-09-03 12:29:22,ETHUSDT,bid,2520,4113.925
2024-09-03 12:29:23,ETHUSDT,bid,2520,4129.619
2024-09-03 12:29:23,ETHUSDT,bid,2520,4113.925
2024-09-03 12:29:24,ETHUSDT,bid,2520,4113.925
2024-09-03 12:29:25,ETHUSDT,bid,2520,4129.619
2024-09-03 12:29:25,ETHUSDT,bid,2520,4113.925
2024-09-03 12:29:26,ETHUSDT,bid,2520,4113.925
2024-09-03 12:29:27,ETHUSDT,bid,2520,4114.083
2024-09-03 12:29:28,ETHUSDT,bid,2520,4114.223
2024-09-03 12:29:29,ETHUSDT,bid,2520,4118.754
2024-09-03 12:29:32,ETHUSDT,bid,2510,5358.476
2024-09-03 12:29:32,ETHUSDT,bid,2520,4118.754
2024-09-03 12:29:33,ETHUSDT,bid,2520,4118.854
2024-09-03 12:29:34,ETHUSDT,bid,2520,4118.894
2024-09-03 12:29:38,ETHUSDT,bid,2510,5356.624
2024-09-03 12:29:40,ETHUSDT,bid,2520,4123.241
2024-09-03 12:29:42,ETHUSDT,bid,2520,4123.201
2024-09-03 12:29:50,ETHUSDT,bid,2520,4124.391
2024-09-03 12:29:51,ETHUSDT,bid,2520,4124.251
2024-09-03 12:29:52,ETHUSDT,bid,2520,4144.092
2024-09-03 12:29:54,ETHUSDT,bid,2520,4142.902
2024-09-03 12:30:01,ETHUSDT,bid,2520,4142.902
2024-09-03 12:30:07,ETHUSDT,bid,2520,4144.092
2024-09-03 12:30:18,ETHUSDT,bid,2520,4144.077
2024-09-03 12:30:21,ETHUSDT,ask,2570,3899.03
2024-09-03 12:30:26,ETHUSDT,bid,2520,4144.87
2024-09-03 12:30:39,ETHUSDT,bid,2520,4144.077
2024-09-03 12:30:43,ETHUSDT,bid,2520,4124.236
2024-09-03 12:30:52,ETHUSDT,bid,2520,4125.236
2024-09-03 12:30:54,ETHUSDT,bid,2520,4125.236
2024-09-03 12:30:55,ETHUSDT,bid,2520,4125.292
2024-09-03 12:31:21,ETHUSDT,bid,2520,4125.332
2024-09-03 12:31:26,ETHUSDT,bid,2520,4124.332
2024-09-03 12:31:27,ETHUSDT,bid,2520,4124.34
2024-09-03 12:31:27,ETHUSDT,bid,2520,4136.23
2024-09-03 12:31:29,ETHUSDT,bid,2520,4136.23
2024-09-03 12:31:30,ETHUSDT,bid,2520,4136.27
2024-09-03 12:31:30,ETHUSDT,bid,2520,4136.23
2024-09-03 12:31:30,ETHUSDT,bid,2520,4137.13
2024-09-03 12:31:34,ETHUSDT,bid,2520,4137.17
2024-09-03 12:31:34,ETHUSDT,bid,2520,4137.13
2024-09-03 12:31:42,ETHUSDT,bid,2520,4143.313
2024-09-03 12:31:42,ETHUSDT,bid,2520,4127.619
2024-09-03 12:31:44,ETHUSDT,bid,2520,4143.313
2024-09-03 12:31:44,ETHUSDT,bid,2520,4127.619
2024-09-03 12:31:44,ETHUSDT,bid,2520,4130.799
2024-09-03 12:31:44,ETHUSDT,bid,2520,4130.839
2024-09-03 12:31:44,ETHUSDT,bid,2520,4130.799
2024-09-03 12:31:45,ETHUSDT,bid,2520,4130.799
2024-09-03 12:31:45,ETHUSDT,bid,2520,4127.619
2024-09-03 12:31:46,ETHUSDT,bid,2520,4143.313
2024-09-03 12:31:46,ETHUSDT,bid,2520,4127.619
2024-09-03 12:31:46,ETHUSDT,bid,2520,4126.719
2024-09-03 12:31:47,ETHUSDT,bid,2520,4142.413
2024-09-03 12:31:47,ETHUSDT,bid,2520,4126.719
2024-09-03 12:31:48,ETHUSDT,bid,2520,4126.719
2024-09-03 12:31:49,ETHUSDT,bid,2520,4126.719
2024-09-03 12:31:50,ETHUSDT,bid,2520,4126.719
2024-09-03 12:31:51,ETHUSDT,bid,2520,4142.413
2024-09-03 12:31:51,ETHUSDT,bid,2520,4126.719
2024-09-03 12:31:53,ETHUSDT,bid,2520,4126.719
2024-09-03 12:31:54,ETHUSDT,bid,2520,4126.719
2024-09-03 12:31:56,ETHUSDT,bid,2520,4126.719
2024-09-03 12:31:57,ETHUSDT,bid,2520,4142.413
2024-09-03 12:31:57,ETHUSDT,bid,2520,4126.719
2024-09-03 12:32:03,ETHUSDT,bid,2520,4142.413
2024-09-03 12:32:03,ETHUSDT,bid,2520,4126.719
2024-09-03 12:32:04,ETHUSDT,bid,2520,4126.719
2024-09-03 12:32:05,ETHUSDT,bid,2520,4126.727
2024-09-03 12:32:06,ETHUSDT,bid,2520,4127.327
2024-09-03 12:32:06,ETHUSDT,bid,2520,4127.327
2024-09-03 12:32:06,ETHUSDT,bid,2520,4131.448
2024-09-03 12:32:07,ETHUSDT,bid,2520,4147.508
2024-09-03 12:32:07,ETHUSDT,bid,2520,4131.448
2024-09-03 12:32:08,ETHUSDT,bid,2520,4131.448
2024-09-03 12:32:09,ETHUSDT,bid,2520,4147.142
2024-09-03 12:32:09,ETHUSDT,bid,2520,4131.448
2024-09-03 12:32:11,ETHUSDT,bid,2520,4131.448
2024-09-03 12:32:12,ETHUSDT,bid,2520,4131.448
2024-09-03 12:32:14,ETHUSDT,bid,2520,4131.448
2024-09-03 12:32:15,ETHUSDT,bid,2520,4147.508
2024-09-03 12:32:15,ETHUSDT,bid,2520,4131.448
2024-09-03 12:32:16,ETHUSDT,bid,2520,4131.448
2024-09-03 12:32:17,ETHUSDT,bid,2520,4131.448
2024-09-03 12:32:18,ETHUSDT,bid,2520,4147.508
2024-09-03 12:32:18,ETHUSDT,bid,2520,4131.448
2024-09-03 12:32:19,ETHUSDT,bid,2520,4147.142
2024-09-03 12:32:19,ETHUSDT,bid,2520,4131.448
2024-09-03 12:32:20,ETHUSDT,bid,2520,4131.448
2024-09-03 12:32:21,ETHUSDT,bid,2520,4147.142
2024-09-03 12:32:21,ETHUSDT,bid,2520,4127.327
2024-09-03 12:32:21,ETHUSDT,bid,2520,4127.459
2024-09-03 12:32:21,ETHUSDT,bid,2520,4127.892
2024-09-03 12:32:22,ETHUSDT,bid,2520,4127.892
2024-09-03 12:32:23,ETHUSDT,bid,2520,4127.892
2024-09-03 12:32:24,ETHUSDT,bid,2520,4127.892
2024-09-03 12:32:24,ETHUSDT,bid,2520,4128.084
2024-09-03 12:32:25,ETHUSDT,bid,2520,4128.348
2024-09-03 12:32:25,ETHUSDT,bid,2520,4128.348
2024-09-03 12:32:25,ETHUSDT,bid,2520,4128.4
2024-09-03 12:32:26,ETHUSDT,bid,2520,4128.34
2024-09-03 12:32:26,ETHUSDT,bid,2520,4144.034
2024-09-03 12:32:26,ETHUSDT,bid,2520,4128.34
2024-09-03 12:32:27,ETHUSDT,bid,2520,4128.34
2024-09-03 12:32:28,ETHUSDT,bid,2520,4128.34
2024-09-03 12:32:29,ETHUSDT,bid,2520,4144.034
2024-09-03 12:32:29,ETHUSDT,bid,2520,4128.34
2024-09-03 12:32:30,ETHUSDT,bid,2520,4128.34
2024-09-03 12:32:31,ETHUSDT,bid,2520,4128.076
2024-09-03 12:32:31,ETHUSDT,bid,2520,4128.076
2024-09-03 12:32:32,ETHUSDT,bid,2520,4143.938
2024-09-03 12:32:32,ETHUSDT,bid,2520,4128.244
2024-09-03 12:32:33,ETHUSDT,bid,2520,4128.244
2024-09-03 12:32:34,ETHUSDT,bid,2520,4128.244
2024-09-03 12:32:35,ETHUSDT,bid,2520,4143.938
2024-09-03 12:32:35,ETHUSDT,bid,2520,4128.244
2024-09-03 12:32:36,ETHUSDT,bid,2520,4143.938
2024-09-03 12:32:36,ETHUSDT,bid,2520,4128.244
2024-09-03 12:32:37,ETHUSDT,bid,2520,4128.244
2024-09-03 12:32:39,ETHUSDT,bid,2520,4128.244
2024-09-03 12:32:40,ETHUSDT,bid,2520,4128.244
2024-09-03 12:32:40,ETHUSDT,bid,2520,4128.64
2024-09-03 12:32:40,ETHUSDT,bid,2520,4128.244
2024-09-03 12:32:41,ETHUSDT,bid,2520,4128.244
2024-09-03 12:32:42,ETHUSDT,bid,2520,4128.244
2024-09-03 12:32:43,ETHUSDT,bid,2520,4143.938
2024-09-03 12:32:43,ETHUSDT,bid,2520,4128.244
2024-09-03 12:32:43,ETHUSDT,bid,2520,4128.052
2024-09-03 12:32:44,ETHUSDT,bid,2520,4128.052
2024-09-03 12:32:45,ETHUSDT,bid,2520,4128.052
2024-09-03 12:32:46,ETHUSDT,bid,2520,4143.746
2024-09-03 12:32:46,ETHUSDT,bid,2520,4128.052
2024-09-03 12:32:47,ETHUSDT,bid,2520,4143.746
2024-09-03 12:32:47,ETHUSDT,bid,2520,4128.052
2024-09-03 12:32:48,ETHUSDT,bid,2520,4129.386
2024-09-03 12:32:49,ETHUSDT,bid,2520,4145.08
2024-09-03 12:32:49,ETHUSDT,bid,2520,4129.386
2024-09-03 12:32:50,ETHUSDT,bid,2520,4130.055
2024-09-03 12:32:50,ETHUSDT,bid,2520,4130.055
2024-09-03 12:32:51,ETHUSDT,bid,2520,4130.055
2024-09-03 12:32:52,ETHUSDT,bid,2520,4145.749
2024-09-03 12:32:52,ETHUSDT,bid,2520,4130.055
2024-09-03 12:32:53,ETHUSDT,bid,2520,4145.749
2024-09-03 12:32:53,ETHUSDT,bid,2520,4130.055
2024-09-03 12:32:54,ETHUSDT,bid,2520,4130.055
2024-09-03 12:32:55,ETHUSDT,bid,2520,4130.055
2024-09-03 12:32:56,ETHUSDT,bid,2520,4130.055
2024-09-03 12:32:57,ETHUSDT,bid,2520,4145.749
2024-09-03 12:32:57,ETHUSDT,bid,2520,4130.055
2024-09-03 12:32:58,ETHUSDT,bid,2520,4130.055
2024-09-03 12:32:59,ETHUSDT,bid,2520,4145.749
2024-09-03 12:32:59,ETHUSDT,bid,2520,4130.055
2024-09-03 12:33:00,ETHUSDT,bid,2520,4145.749
2024-09-03 12:33:00,ETHUSDT,bid,2520,4130.055
2024-09-03 12:33:01,ETHUSDT,bid,2520,4130.055
2024-09-03 12:33:01,ETHUSDT,bid,2510,5357.031
2024-09-03 12:33:02,ETHUSDT,bid,2520,4146.115
2024-09-03 12:33:02,ETHUSDT,bid,2520,4129.887
2024-09-03 12:33:03,ETHUSDT,bid,2520,4129.887
2024-09-03 12:33:04,ETHUSDT,bid,2520,4145.947
2024-09-03 12:33:04,ETHUSDT,bid,2520,4129.887
2024-09-03 12:33:05,ETHUSDT,bid,2520,4145.581
2024-09-03 12:33:05,ETHUSDT,bid,2520,4129.887
2024-09-03 12:33:06,ETHUSDT,bid,2520,4129.887
2024-09-03 12:33:07,ETHUSDT,bid,2520,4129.887
2024-09-03 12:33:08,ETHUSDT,bid,2520,4145.947
2024-09-03 12:33:08,ETHUSDT,bid,2520,4129.887
2024-09-03 12:33:09,ETHUSDT,bid,2520,4145.581
2024-09-03 12:33:09,ETHUSDT,bid,2520,4129.887
2024-09-03 12:33:10,ETHUSDT,bid,2520,4129.887
2024-09-03 12:33:11,ETHUSDT,bid,2520,4129.887
2024-09-03 12:33:12,ETHUSDT,bid,2520,4145.947
2024-09-03 12:33:12,ETHUSDT,bid,2520,4129.887
2024-09-03 12:33:14,ETHUSDT,bid,2520,4129.887
2024-09-03 12:33:15,ETHUSDT,bid,2520,4145.947
2024-09-03 12:33:15,ETHUSDT,bid,2520,4129.887
2024-09-03 12:33:15,ETHUSDT,bid,2520,4130.271
2024-09-03 12:33:16,ETHUSDT,bid,2520,4145.965
2024-09-03 12:33:16,ETHUSDT,bid,2520,4130.271
2024-09-03 12:33:17,ETHUSDT,bid,2520,4130.271
2024-09-03 12:33:19,ETHUSDT,bid,2520,4181.065
2024-09-03 12:33:19,ETHUSDT,bid,2520,4130.271
2024-09-03 12:33:20,ETHUSDT,bid,2520,4130.271
2024-09-03 12:33:22,ETHUSDT,bid,2520,4130.079
2024-09-03 12:33:22,ETHUSDT,bid,2510,5357.701
2024-09-03 12:33:22,ETHUSDT,bid,2520,4129.41
2024-09-03 12:33:23,ETHUSDT,bid,2520,4129.41
2024-09-03 12:33:24,ETHUSDT,bid,2520,4129.41
2024-09-03 12:33:25,ETHUSDT,bid,2520,4145.104
2024-09-03 12:33:25,ETHUSDT,bid,2520,4129.41
2024-09-03 12:33:27,ETHUSDT,bid,2520,4129.41
2024-09-03 12:33:28,ETHUSDT,bid,2520,4129.41
2024-09-03 12:33:28,ETHUSDT,bid,2520,4129.218
2024-09-03 12:33:29,ETHUSDT,bid,2520,4129.41
2024-09-03 12:33:29,ETHUSDT,bid,2520,4145.104
2024-09-03 12:33:29,ETHUSDT,bid,2520,4129.41
2024-09-03 12:33:30,ETHUSDT,bid,2520,4145.104
2024-09-03 12:33:30,ETHUSDT,bid,2520,4129.41
2024-09-03 12:33:31,ETHUSDT,bid,2520,4129.41
2024-09-03 12:33:32,ETHUSDT,bid,2520,4129.41
2024-09-03 12:33:33,ETHUSDT,bid,2520,4145.47
2024-09-03 12:33:33,ETHUSDT,bid,2520,4129.41
2024-09-03 12:33:33,ETHUSDT,bid,2520,4139.41
2024-09-03 12:33:33,ETHUSDT,bid,2520,4139.362
2024-09-03 12:33:34,ETHUSDT,bid,2520,4139.362
2024-09-03 12:33:35,ETHUSDT,bid,2520,4139.362
2024-09-03 12:33:37,ETHUSDT,bid,2520,4155.056
2024-09-03 12:33:37,ETHUSDT,bid,2520,4139.362
2024-09-03 12:33:38,ETHUSDT,bid,2520,4139.362
2024-09-03 12:33:39,ETHUSDT,bid,2520,4155.422
2024-09-03 12:33:39,ETHUSDT,bid,2520,4139.362
2024-09-03 12:33:40,ETHUSDT,bid,2520,4139.362
2024-09-03 12:33:41,ETHUSDT,bid,2520,4139.362
2024-09-03 12:33:42,ETHUSDT,bid,2520,4155.056
2024-09-03 12:33:42,ETHUSDT,bid,2520,4139.362
2024-09-03 12:33:42,ETHUSDT,bid,2520,4139.17
2024-09-03 12:33:44,ETHUSDT,bid,2520,4139.17
2024-09-03 12:33:45,ETHUSDT,bid,2520,4154.864
2024-09-03 12:33:45,ETHUSDT,bid,2520,4139.17
2024-09-03 12:33:46,ETHUSDT,bid,2520,4154.864
2024-09-03 12:33:46,ETHUSDT,bid,2520,4139.17
2024-09-03 12:33:47,ETHUSDT,bid,2520,4139.17
2024-09-03 12:33:48,ETHUSDT,bid,2520,4154.864
2024-09-03 12:33:48,ETHUSDT,bid,2520,4139.17
2024-09-03 12:33:49,ETHUSDT,bid,2520,4139.17
2024-09-03 12:33:50,ETHUSDT,bid,2520,4139.17
2024-09-03 12:33:50,ETHUSDT,bid,2520,4139.17
2024-09-03 12:33:51,ETHUSDT,bid,2520,4154.864
2024-09-03 12:33:51,ETHUSDT,bid,2520,4139.17
2024-09-03 12:33:52,ETHUSDT,bid,2520,4154.864
2024-09-03 12:33:52,ETHUSDT,bid,2520,4139.17
2024-09-03 12:33:53,ETHUSDT,bid,2520,4139.179
2024-09-03 12:33:54,ETHUSDT,bid,2520,4139.179
2024-09-03 12:33:55,ETHUSDT,bid,2520,4154.873
2024-09-03 12:33:55,ETHUSDT,bid,2520,4139.179
2024-09-03 12:33:55,ETHUSDT,bid,2520,4155.035
2024-09-03 12:33:56,ETHUSDT,bid,2520,4170.729
2024-09-03 12:33:56,ETHUSDT,bid,2520,4155.035
2024-09-03 12:33:57,ETHUSDT,bid,2520,4155.035
2024-09-03 12:33:58,ETHUSDT,bid,2520,4170.729
2024-09-03 12:33:58,ETHUSDT,bid,2520,4155.035
2024-09-03 12:33:59,ETHUSDT,bid,2520,4155.035
2024-09-03 12:34:00,ETHUSDT,bid,2520,4155.035
2024-09-03 12:34:01,ETHUSDT,bid,2520,4160.985
2024-09-03 12:34:01,ETHUSDT,bid,2520,4177.045
2024-09-03 12:34:01,ETHUSDT,bid,2520,4160.985
2024-09-03 12:34:02,ETHUSDT,bid,2520,4176.679
2024-09-03 12:34:02,ETHUSDT,bid,2520,4160.985
2024-09-03 12:34:03,ETHUSDT,bid,2520,4160.985
2024-09-03 12:34:04,ETHUSDT,bid,2520,4160.985
2024-09-03 12:34:05,ETHUSDT,bid,2520,4160.985
2024-09-03 12:34:06,ETHUSDT,bid,2520,4160.985
2024-09-03 12:34:07,ETHUSDT,bid,2520,4177.045
2024-09-03 12:34:07,ETHUSDT,bid,2520,4160.985
2024-09-03 12:34:08,ETHUSDT,bid,2520,4160.985
2024-09-03 12:34:10,ETHUSDT,bid,2520,4176.679
2024-09-03 12:34:10,ETHUSDT,bid,2520,4160.985
2024-09-03 12:34:11,ETHUSDT,bid,2520,4160.985
2024-09-03 12:34:12,ETHUSDT,bid,2520,4160.985
2024-09-03 12:34:13,ETHUSDT,bid,2520,4160.985
2024-09-03 12:34:14,ETHUSDT,bid,2520,4176.679
2024-09-03 12:34:14,ETHUSDT,bid,2520,4160.985
2024-09-03 12:34:15,ETHUSDT,bid,2520,4160.985
2024-09-03 12:34:15,ETHUSDT,bid,2520,4161.485
2024-09-03 12:34:16,ETHUSDT,bid,2520,4177.545
2024-09-03 12:34:16,ETHUSDT,bid,2520,4161.485
2024-09-03 12:34:17,ETHUSDT,bid,2520,4177.179
2024-09-03 12:34:17,ETHUSDT,bid,2520,4161.485
2024-09-03 12:34:18,ETHUSDT,bid,2520,4155.535
2024-09-03 12:34:18,ETHUSDT,bid,2520,4155.535
2024-09-03 12:34:19,ETHUSDT,bid,2520,4155.55
2024-09-03 12:34:20,ETHUSDT,bid,2520,4155.55
2024-09-03 12:34:20,ETHUSDT,bid,2510,5367.701
2024-09-03 12:34:21,ETHUSDT,bid,2520,4155.55
2024-09-03 12:34:23,ETHUSDT,bid,2520,4175.391
2024-09-03 12:34:24,ETHUSDT,bid,2520,4175.391
2024-09-03 12:34:25,ETHUSDT,bid,2520,4191.451
2024-09-03 12:34:25,ETHUSDT,bid,2520,4175.391
2024-09-03 12:34:26,ETHUSDT,bid,2520,4191.085
2024-09-03 12:34:26,ETHUSDT,bid,2520,4175.391
2024-09-03 12:34:27,ETHUSDT,bid,2520,4175.391
2024-09-03 12:34:28,ETHUSDT,bid,2520,4191.085
2024-09-03 12:34:28,ETHUSDT,bid,2520,4175.391
2024-09-03 12:34:28,ETHUSDT,bid,2520,4195.302
2024-09-03 12:34:29,ETHUSDT,bid,2520,4195.302
2024-09-03 12:34:30,ETHUSDT,bid,2520,4195.302
2024-09-03 12:34:31,ETHUSDT,bid,2520,4210.996
2024-09-03 12:34:31,ETHUSDT,bid,2520,4195.302
2024-09-03 12:34:32,ETHUSDT,bid,2520,4195.302
2024-09-03 12:34:33,ETHUSDT,bid,2510,5370.676
2024-09-03 12:34:33,ETHUSDT,bid,2520,4211.362
2024-09-03 12:34:33,ETHUSDT,bid,2520,4195.302
2024-09-03 12:34:34,ETHUSDT,bid,2520,4195.302
2024-09-03 12:34:35,ETHUSDT,bid,2520,4211.362
2024-09-03 12:34:35,ETHUSDT,bid,2520,4195.302
2024-09-03 12:34:35,ETHUSDT,bid,2520,4195.584
2024-09-03 12:34:35,ETHUSDT,bid,2520,4195.584
2024-09-03 12:34:36,ETHUSDT,bid,2520,4211.278
2024-09-03 12:34:36,ETHUSDT,bid,2520,4195.584
2024-09-03 12:34:37,ETHUSDT,bid,2520,4195.584
2024-09-03 12:34:38,ETHUSDT,bid,2520,4211.644
2024-09-03 12:34:38,ETHUSDT,bid,2520,4195.584
2024-09-03 12:34:39,ETHUSDT,bid,2520,4195.584
2024-09-03 12:34:40,ETHUSDT,bid,2520,4195.584
2024-09-03 12:34:40,ETHUSDT,bid,2520,4195.981
2024-09-03 12:34:40,ETHUSDT,bid,2520,4195.188
2024-09-03 12:34:41,ETHUSDT,bid,2520,4176.773
2024-09-03 12:34:43,ETHUSDT,bid,2520,4177.764
2024-09-03 12:34:43,ETHUSDT,bid,2520,4178.161
2024-09-03 12:34:45,ETHUSDT,bid,2520,4194.017
2024-09-03 12:34:46,ETHUSDT,bid,2520,4193.026
2024-09-03 12:34:46,ETHUSDT,bid,2520,4161.314
2024-09-03 12:34:47,ETHUSDT,bid,2520,4172.31
2024-09-03 12:34:47,ETHUSDT,bid,2520,4172.43
2024-09-03 12:34:48,ETHUSDT,bid,2520,4161.434
2024-09-03 12:34:48,ETHUSDT,bid,2520,4160.244
2024-09-03 12:34:48,ETHUSDT,bid,2520,4153.36
2024-09-03 12:34:51,ETHUSDT,bid,2520,4153.078
2024-09-03 12:34:51,ETHUSDT,bid,2520,4177.055
2024-09-03 12:34:52,ETHUSDT,bid,2520,4153.078
2024-09-03 12:34:52,ETHUSDT,bid,2520,4178.022
2024-09-03 12:34:53,ETHUSDT,bid,2520,4152.681
2024-09-03 12:34:58,ETHUSDT,bid,2520,4152.164
2024-09-03 12:34:58,ETHUSDT,bid,2520,4152.178
2024-09-03 12:34:59,ETHUSDT,bid,2520,4152.188
2024-09-03 12:34:59,ETHUSDT,bid,2520,4152.178
2024-09-03 12:35:00,ETHUSDT,bid,2520,4152.178
2024-09-03 12:35:00,ETHUSDT,bid,2520,4156.625
2024-09-03 12:35:00,ETHUSDT,bid,2520,4162.781
2024-09-03 12:35:00,ETHUSDT,bid,2520,4162.791
2024-09-03 12:35:01,ETHUSDT,bid,2520,4162.781
2024-09-03 12:35:01,ETHUSDT,bid,2520,4162.781
2024-09-03 12:35:01,ETHUSDT,bid,2520,4188.716
2024-09-03 12:35:02,ETHUSDT,bid,2520,4188.736
2024-09-03 12:35:02,ETHUSDT,bid,2520,4177.416
2024-09-03 12:35:02,ETHUSDT,bid,2520,4152.673
2024-09-03 12:35:02,ETHUSDT,bid,2520,4177.988
2024-09-03 12:35:03,ETHUSDT,bid,2520,4152.673
2024-09-03 12:35:03,ETHUSDT,bid,2520,4178.52
2024-09-03 12:35:03,ETHUSDT,bid,2520,4178.154
2024-09-03 12:35:03,ETHUSDT,bid,2520,4152.673
2024-09-03 12:35:03,ETHUSDT,bid,2520,4152.673
2024-09-03 12:35:04,ETHUSDT,bid,2520,4152.673
2024-09-03 12:35:04,ETHUSDT,bid,2520,4152.673
2024-09-03 12:35:04,ETHUSDT,bid,2520,4152.673
2024-09-03 12:35:04,ETHUSDT,bid,2520,4178.635
2024-09-03 12:35:04,ETHUSDT,bid,2520,4178.635
2024-09-03 12:35:04,ETHUSDT,bid,2520,4178.635
2024-09-03 12:35:05,ETHUSDT,bid,2520,4179.001
2024-09-03 12:35:05,ETHUSDT,bid,2520,4178.635
2024-09-03 12:35:05,ETHUSDT,bid,2520,4178.635
2024-09-03 12:35:05,ETHUSDT,bid,2520,4178.635
2024-09-03 12:35:05,ETHUSDT,bid,2510,5372.608
2024-09-03 12:35:05,ETHUSDT,bid,2520,4152.673
2024-09-03 12:35:06,ETHUSDT,bid,2520,4153.039
2024-09-03 12:35:06,ETHUSDT,bid,2520,4152.673
2024-09-03 12:35:06,ETHUSDT,bid,2520,4152.673
2024-09-03 12:35:06,ETHUSDT,bid,2520,4177.764
2024-09-03 12:35:06,ETHUSDT,bid,2520,4177.764
2024-09-03 12:35:06,ETHUSDT,bid,2520,4152.673
2024-09-03 12:35:07,ETHUSDT,bid,2520,4152.673
2024-09-03 12:35:07,ETHUSDT,bid,2520,4154.686
2024-09-03 12:35:07,ETHUSDT,bid,2520,4154.686
2024-09-03 12:35:07,ETHUSDT,bid,2520,4180.552
2024-09-03 12:35:07,ETHUSDT,bid,2520,4180.562
2024-09-03 12:35:07,ETHUSDT,bid,2520,4180.562
2024-09-03 12:35:08,ETHUSDT,bid,2520,4178.539
2024-09-03 12:35:08,ETHUSDT,bid,2520,4178.539
2024-09-03 12:35:08,ETHUSDT,bid,2520,4178.539
2024-09-03 12:35:09,ETHUSDT,bid,2520,4178.905
2024-09-03 12:35:09,ETHUSDT,bid,2520,4178.539
2024-09-03 12:35:09,ETHUSDT,bid,2520,4178.539
2024-09-03 12:35:09,ETHUSDT,bid,2520,4177.347
2024-09-03 12:35:10,ETHUSDT,bid,2520,4151.329
2024-09-03 12:35:10,ETHUSDT,bid,2520,4150.729
2024-09-03 12:35:10,ETHUSDT,bid,2520,4176.674
2024-09-03 12:35:11,ETHUSDT,bid,2520,4150.729
2024-09-03 12:35:11,ETHUSDT,bid,2520,4177.957
2024-09-03 12:35:12,ETHUSDT,bid,2210,4523.373
2024-09-03 12:35:12,ETHUSDT,bid,2520,4178.54
2024-09-03 12:35:14,ETHUSDT,bid,2520,4180.553
2024-09-03 12:35:15,ETHUSDT,bid,2520,4178.54
2024-09-03 12:35:16,ETHUSDT,bid,2520,4178.945
2024-09-03 12:35:16,ETHUSDT,bid,2520,4153.742
2024-09-03 12:35:17,ETHUSDT,bid,2520,4153.733
2024-09-03 12:35:18,ETHUSDT,bid,2520,4154.099
2024-09-03 12:35:18,ETHUSDT,bid,2520,4153.733
2024-09-03 12:35:19,ETHUSDT,bid,2520,4153.741
2024-09-03 12:35:20,ETHUSDT,bid,2520,4153.43
2024-09-03 12:35:20,ETHUSDT,bid,2520,4151.716
2024-09-03 12:35:21,ETHUSDT,bid,2520,4152.678
2024-09-03 12:35:21,ETHUSDT,bid,2520,4152.312
2024-09-03 12:35:21,ETHUSDT,bid,2520,4152.304
2024-09-03 12:35:23,ETHUSDT,bid,2520,4168.364
2024-09-03 12:35:23,ETHUSDT,bid,2520,4152.304
2024-09-03 12:35:24,ETHUSDT,bid,2520,4167.998
2024-09-03 12:35:24,ETHUSDT,bid,2520,4152.304
2024-09-03 12:35:25,ETHUSDT,bid,2520,4152.304
2024-09-03 12:35:26,ETHUSDT,bid,2520,4168.364
2024-09-03 12:35:26,ETHUSDT,bid,2520,4152.304
2024-09-03 12:35:26,ETHUSDT,bid,2520,4151.708
2024-09-03 12:35:27,ETHUSDT,bid,2520,4167.402
2024-09-03 12:35:27,ETHUSDT,bid,2520,4151.708
2024-09-03 12:35:28,ETHUSDT,bid,2520,4151.708
2024-09-03 12:35:29,ETHUSDT,bid,2520,4167.768
2024-09-03 12:35:29,ETHUSDT,bid,2520,4151.708
2024-09-03 12:35:29,ETHUSDT,bid,2520,4151.754
2024-09-03 12:35:30,ETHUSDT,bid,2520,4167.448
2024-09-03 12:35:30,ETHUSDT,bid,2520,4151.754
2024-09-03 12:35:31,ETHUSDT,bid,2520,4151.754
2024-09-03 12:35:32,ETHUSDT,bid,2520,4167.814
2024-09-03 12:35:32,ETHUSDT,bid,2520,4151.754
2024-09-03 12:35:32,ETHUSDT,bid,2520,4151.77
2024-09-03 12:35:33,ETHUSDT,bid,2520,4151.77
2024-09-03 12:35:34,ETHUSDT,bid,2520,4151.373
2024-09-03 12:35:35,ETHUSDT,bid,2520,4167.433
2024-09-03 12:35:35,ETHUSDT,bid,2520,4151.373
2024-09-03 12:35:36,ETHUSDT,bid,2520,4167.433
2024-09-03 12:35:36,ETHUSDT,bid,2520,4151.373
2024-09-03 12:35:37,ETHUSDT,bid,2520,4151.373
2024-09-03 12:35:38,ETHUSDT,bid,2520,4151.373
2024-09-03 12:35:40,ETHUSDT,bid,2520,4151.373
2024-09-03 12:35:40,ETHUSDT,bid,2520,4151.769
2024-09-03 12:35:41,ETHUSDT,bid,2520,4154.324
2024-09-03 12:35:41,ETHUSDT,bid,2520,4154.874
2024-09-03 12:35:42,ETHUSDT,bid,2520,4170.568
2024-09-03 12:35:42,ETHUSDT,bid,2520,4154.874
2024-09-03 12:35:44,ETHUSDT,bid,2520,4154.874
2024-09-03 12:35:44,ETHUSDT,bid,2520,4154.884
2024-09-03 12:35:45,ETHUSDT,bid,2520,4154.884
2024-09-03 12:35:46,ETHUSDT,bid,2520,4154.884
2024-09-03 12:35:46,ETHUSDT,bid,2520,4154.868
2024-09-03 12:35:47,ETHUSDT,bid,2520,4154.868
2024-09-03 12:35:50,ETHUSDT,bid,2520,4154.951
2024-09-03 12:35:50,ETHUSDT,bid,2520,4153.488
2024-09-03 12:35:51,ETHUSDT,bid,2520,4153.488
2024-09-03 12:35:51,ETHUSDT,bid,2520,4153.395
2024-09-03 12:35:52,ETHUSDT,bid,2520,4153.395
2024-09-03 12:35:53,ETHUSDT,bid,2520,4169.089
2024-09-03 12:35:53,ETHUSDT,bid,2520,4153.395
2024-09-03 12:35:53,ETHUSDT,bid,2520,4153.411
2024-09-03 12:35:54,ETHUSDT,bid,2520,4153.411
2024-09-03 12:35:54,ETHUSDT,bid,2520,4153.419
2024-09-03 12:35:55,ETHUSDT,bid,2520,4169.113
2024-09-03 12:35:55,ETHUSDT,bid,2520,4153.419
2024-09-03 12:35:56,ETHUSDT,bid,2520,4153.419
2024-09-03 12:35:56,ETHUSDT,bid,2520,4153.411
2024-09-03 12:35:57,ETHUSDT,bid,2520,4154.311
2024-09-03 12:35:58,ETHUSDT,bid,2520,4170.005
2024-09-03 12:35:58,ETHUSDT,bid,2520,4154.311
2024-09-03 12:35:59,ETHUSDT,bid,2520,4154.311
2024-09-03 12:36:00,ETHUSDT,bid,2520,4154.311
2024-09-03 12:36:04,ETHUSDT,bid,2520,4178.981
2024-09-03 12:36:04,ETHUSDT,bid,2520,4153.728
2024-09-03 12:36:05,ETHUSDT,bid,2520,4153.728
2024-09-03 12:36:06,ETHUSDT,bid,2520,4153.728
2024-09-03 12:36:07,ETHUSDT,bid,2520,4169.788
2024-09-03 12:36:07,ETHUSDT,bid,2520,4153.728
2024-09-03 12:36:07,ETHUSDT,bid,2520,4153.712
2024-09-03 12:36:08,ETHUSDT,bid,2520,4153.712
2024-09-03 12:36:09,ETHUSDT,bid,2520,4169.406
2024-09-03 12:36:09,ETHUSDT,bid,2520,4153.712
2024-09-03 12:36:11,ETHUSDT,bid,2520,4153.712
2024-09-03 12:36:11,ETHUSDT,bid,2210,4522.908
2024-09-03 12:36:11,ETHUSDT,bid,2520,4165.812
2024-09-03 12:36:12,ETHUSDT,bid,2520,4165.82
2024-09-03 12:36:12,ETHUSDT,bid,2520,4181.88
2024-09-03 12:36:12,ETHUSDT,bid,2520,4165.82
2024-09-03 12:36:13,ETHUSDT,bid,2520,4165.82
2024-09-03 12:36:14,ETHUSDT,bid,2520,4165.82
2024-09-03 12:36:14,ETHUSDT,bid,2520,4165.836
2024-09-03 12:36:15,ETHUSDT,bid,2520,4181.53
2024-09-03 12:36:15,ETHUSDT,bid,2520,4165.836
2024-09-03 12:36:16,ETHUSDT,bid,2520,4165.836
2024-09-03 12:36:17,ETHUSDT,bid,2520,4181.53
2024-09-03 12:36:17,ETHUSDT,bid,2520,4165.836
2024-09-03 12:36:18,ETHUSDT,bid,2520,4165.836
2024-09-03 12:36:19,ETHUSDT,bid,2520,4165.836
2024-09-03 12:36:20,ETHUSDT,bid,2520,4181.896
2024-09-03 12:36:20,ETHUSDT,bid,2520,4165.836
2024-09-03 12:36:20,ETHUSDT,bid,2520,4167.82
2024-09-03 12:36:21,ETHUSDT,bid,2520,4165.836
2024-09-03 12:36:22,ETHUSDT,bid,2520,4181.896
2024-09-03 12:36:22,ETHUSDT,bid,2520,4165.836
2024-09-03 12:36:23,ETHUSDT,bid,2520,4165.836
2024-09-03 12:36:23,ETHUSDT,bid,2520,4165.79
2024-09-03 12:36:24,ETHUSDT,bid,2520,4181.85
2024-09-03 12:36:24,ETHUSDT,bid,2520,4165.79
2024-09-03 12:36:25,ETHUSDT,bid,2520,4165.79
2024-09-03 12:36:26,ETHUSDT,bid,2520,4165.79
2024-09-03 12:36:27,ETHUSDT,bid,2520,4181.484
2024-09-03 12:36:27,ETHUSDT,bid,2520,4184.205
2024-09-03 12:36:27,ETHUSDT,bid,2520,4192.805
2024-09-03 12:36:27,ETHUSDT,bid,2520,4192.815
2024-09-03 12:36:27,ETHUSDT,bid,2520,4193.411
2024-09-03 12:36:27,ETHUSDT,bid,2520,4193.421
2024-09-03 12:36:27,ETHUSDT,bid,2520,4193.421
2024-09-03 12:36:27,ETHUSDT,bid,2520,4181.321
2024-09-03 12:36:27,ETHUSDT,bid,2520,4181.321
2024-09-03 12:36:28,ETHUSDT,bid,2520,4183.308
2024-09-03 12:36:28,ETHUSDT,bid,2520,4183.292
2024-09-03 12:36:28,ETHUSDT,bid,2520,4183.292
2024-09-03 12:36:28,ETHUSDT,bid,2520,4183.292
2024-09-03 12:36:29,ETHUSDT,bid,2520,4199.352
2024-09-03 12:36:29,ETHUSDT,bid,2520,4183.292
2024-09-03 12:36:29,ETHUSDT,bid,2520,4182.696
2024-09-03 12:36:29,ETHUSDT,bid,2520,4182.696
2024-09-03 12:36:29,ETHUSDT,bid,2520,4182.696
2024-09-03 12:36:30,ETHUSDT,bid,2520,4198.39
2024-09-03 12:36:30,ETHUSDT,bid,2520,4180.709
2024-09-03 12:36:30,ETHUSDT,bid,2520,4186.656
2024-09-03 12:36:30,ETHUSDT,bid,2520,4186.656
2024-09-03 12:36:31,ETHUSDT,bid,2520,4202.717
2024-09-03 12:36:31,ETHUSDT,bid,2520,4186.656
2024-09-03 12:36:31,ETHUSDT,bid,2520,4198.774
2024-09-03 12:36:31,ETHUSDT,bid,2520,4186.656
2024-09-03 12:36:31,ETHUSDT,bid,2520,4186.656
2024-09-03 12:36:31,ETHUSDT,bid,2520,4186.636
2024-09-03 12:36:32,ETHUSDT,bid,2520,4186.656
2024-09-03 12:36:32,ETHUSDT,bid,2520,4202.35
2024-09-03 12:36:32,ETHUSDT,bid,2520,4180.709
2024-09-03 12:36:32,ETHUSDT,bid,2520,4192.827
2024-09-03 12:36:32,ETHUSDT,bid,2520,4180.759
2024-09-03 12:36:32,ETHUSDT,bid,2520,4179.349
2024-09-03 12:36:32,ETHUSDT,bid,2520,4178.849
2024-09-03 12:36:33,ETHUSDT,bid,2520,4153.166
2024-09-03 12:36:33,ETHUSDT,bid,2520,4178.046
2024-09-03 12:36:34,ETHUSDT,bid,2520,4183.993
2024-09-03 12:36:35,ETHUSDT,bid,2520,4195.291
2024-09-03 12:36:35,ETHUSDT,bid,2520,4183.993
2024-09-03 12:36:37,ETHUSDT,bid,2520,4186.979
2024-09-03 12:36:37,ETHUSDT,bid,2520,4162.892
2024-09-03 12:36:38,ETHUSDT,bid,2520,4156.945
2024-09-03 12:36:38,ETHUSDT,bid,2520,4173.026
2024-09-03 12:36:38,ETHUSDT,bid,2520,4155.556
2024-09-03 12:36:39,ETHUSDT,bid,2520,4155.556
2024-09-03 12:36:39,ETHUSDT,bid,2520,4165.421
2024-09-03 12:36:40,ETHUSDT,bid,2520,4165.421
2024-09-03 12:36:40,ETHUSDT,bid,2520,4165.453
2024-09-03 12:36:40,ETHUSDT,bid,2520,4171.4
2024-09-03 12:36:41,ETHUSDT,bid,2520,4187.461
2024-09-03 12:36:41,ETHUSDT,bid,2520,4171.4
2024-09-03 12:36:42,ETHUSDT,bid,2520,4171.4
2024-09-03 12:36:42,ETHUSDT,bid,2520,4165.893
2024-09-03 12:36:42,ETHUSDT,bid,2520,4159.966
2024-09-03 12:36:43,ETHUSDT,bid,2520,4175.66
2024-09-03 12:36:43,ETHUSDT,bid,2520,4159.966
2024-09-03 12:36:43,ETHUSDT,bid,2520,4179.875
2024-09-03 12:36:43,ETHUSDT,bid,2520,4154.021
2024-09-03 12:36:43,ETHUSDT,bid,2510,5388.608
2024-09-03 12:36:43,ETHUSDT,bid,2520,4154.021
2024-09-03 12:36:43,ETHUSDT,bid,2510,5372.608
2024-09-03 12:36:43,ETHUSDT,bid,2520,4185.555
2024-09-03 12:36:44,ETHUSDT,bid,2520,4159.968
2024-09-03 12:36:44,ETHUSDT,bid,2520,4159.968
2024-09-03 12:36:44,ETHUSDT,bid,2520,4161.168
2024-09-03 12:36:44,ETHUSDT,bid,2520,4186.2
2024-09-03 12:36:44,ETHUSDT,bid,2520,4186.2
2024-09-03 12:36:44,ETHUSDT,bid,2520,4186.2
2024-09-03 12:36:45,ETHUSDT,bid,2520,4201.894
2024-09-03 12:36:45,ETHUSDT,bid,2520,4186.2
2024-09-03 12:36:45,ETHUSDT,bid,2520,4186.2
2024-09-03 12:36:45,ETHUSDT,bid,2520,4186.2
2024-09-03 12:36:46,ETHUSDT,bid,2520,4186.2
2024-09-03 12:36:46,ETHUSDT,bid,2520,4161.168
2024-09-03 12:36:46,ETHUSDT,bid,2520,4155.221
2024-09-03 12:36:46,ETHUSDT,bid,2520,4181.142
2024-09-03 12:36:46,ETHUSDT,bid,2520,4181.442
2024-09-03 12:36:47,ETHUSDT,bid,2520,4197.136
2024-09-03 12:36:47,ETHUSDT,bid,2520,4181.442
2024-09-03 12:36:47,ETHUSDT,bid,2520,4181.442
2024-09-03 12:36:47,ETHUSDT,bid,2520,4181.442
2024-09-03 12:36:48,ETHUSDT,bid,2520,4181.442
2024-09-03 12:36:48,ETHUSDT,bid,2510,5375.108
2024-09-03 12:36:48,ETHUSDT,bid,2520,4181.442
2024-09-03 12:36:48,ETHUSDT,bid,2520,4181.842
2024-09-03 12:36:48,ETHUSDT,bid,2520,4181.842
2024-09-03 12:36:49,ETHUSDT,bid,2520,4181.842
2024-09-03 12:36:49,ETHUSDT,bid,2520,4181.842
2024-09-03 12:36:50,ETHUSDT,bid,2520,4181.842
2024-09-03 12:36:50,ETHUSDT,bid,2520,4181.842
2024-09-03 12:36:50,ETHUSDT,bid,2520,4181.842
2024-09-03 12:36:51,ETHUSDT,bid,2520,4181.842
2024-09-03 12:36:51,ETHUSDT,bid,2520,4181.049
2024-09-03 12:36:51,ETHUSDT,bid,2520,4182.636
2024-09-03 12:36:51,ETHUSDT,bid,2510,5375.19
2024-09-03 12:36:51,ETHUSDT,bid,2520,4185.306
2024-09-03 12:36:51,ETHUSDT,bid,2520,4179.519
2024-09-03 12:36:54,ETHUSDT,bid,2520,4179.119
2024-09-03 12:36:54,ETHUSDT,bid,2520,4166.822
2024-09-03 12:36:54,ETHUSDT,bid,2520,4173.681
2024-09-03 12:36:54,ETHUSDT,bid,2520,4198.768
2024-09-03 12:36:56,ETHUSDT,bid,2520,4173.681
2024-09-03 12:36:56,ETHUSDT,bid,2520,4198.442
2024-09-03 12:36:57,ETHUSDT,bid,2520,4173.681
2024-09-03 12:36:58,ETHUSDT,bid,2520,4159.207
2024-09-03 12:36:58,ETHUSDT,bid,2520,4173.682
2024-09-03 12:36:58,ETHUSDT,bid,2520,4159.217
2024-09-03 12:36:59,ETHUSDT,bid,2520,4158.417
2024-09-03 12:37:00,ETHUSDT,bid,2520,3986.557
2024-09-03 12:37:33,ETHUSDT,bid,2510,5375.303
2024-09-03 12:37:45,ETHUSDT,bid,2510,5375.303
2024-09-03 12:37:46,ETHUSDT,bid,2510,5375.479
2024-09-03 12:37:50,ETHUSDT,bid,2510,5370.625
2024-09-03 12:37:56,ETHUSDT,bid,2510,5370.512
2024-09-03 12:38:06,ETHUSDT,bid,2510,5368.58
2024-09-03 12:38:30,ETHUSDT,bid,2510,5367.91
2024-09-03 12:38:57,ETHUSDT,bid,2510,5368.093
2024-09-03 12:39:14,ETHUSDT,bid,2510,5368.206
2024-09-03 12:39:15,ETHUSDT,bid,2510,5370.08
2024-09-03 12:39:20,ETHUSDT,bid,2510,5372.08
2024-09-03 12:39:25,ETHUSDT,bid,2510,5371.967
2024-09-03 12:39:42,ETHUSDT,bid,2510,5421.668
2024-09-03 12:40:15,ETHUSDT,bid,2510,5421.586
2024-09-03 12:41:11,ETHUSDT,bid,2510,5421.595
2024-09-03 12:41:32,ETHUSDT,bid,2510,5421.586
2024-09-03 12:41:35,ETHUSDT,bid,2510,5421.807
2024-09-03 12:42:03,ETHUSDT,bid,2510,5423.906
2024-09-03 12:42:03,ETHUSDT,bid,2510,5423.926
2024-09-03 12:42:06,ETHUSDT,bid,2510,5424.025
2024-09-03 12:42:07,ETHUSDT,bid,2510,5423.926
2024-09-03 12:42:50,ETHUSDT,ask,2650,3807.257
2024-09-03 12:43:06,ETHUSDT,bid,2510,5424.13
2024-09-03 12:43:08,ETHUSDT,bid,2510,5421.63
2024-09-03 12:43:19,ETHUSDT,bid,2510,5421.961
2024-09-03 12:44:11,ETHUSDT,bid,2510,5421.74
2024-09-03 12:44:26,ETHUSDT,ask,2650,3805.303
2024-09-03 12:44:32,ETHUSDT,bid,2510,5422.097
2024-09-03 12:44:51,ETHUSDT,bid,2510,5421.682
2024-09-03 12:45:03,ETHUSDT,bid,2510,5421.519
2024-09-03 12:45:03,ETHUSDT,bid,2510,5419.526
2024-09-03 12:45:04,ETHUSDT,bid,2510,5419.676
2024-09-03 12:45:20,ETHUSDT,bid,2510,5421.684
2024-09-03 12:45:21,ETHUSDT,bid,2510,5431.684
2024-09-03 12:45:30,ETHUSDT,bid,2510,5430.478
2024-09-03 12:45:36,ETHUSDT,bid,2510,5430.64
2024-09-03 12:45:38,ETHUSDT,bid,2510,5428.632
2024-09-03 12:45:39,ETHUSDT,bid,2510,5430.505
2024-09-03 12:45:44,ETHUSDT,bid,2510,5430.515
2024-09-03 12:45:48,ETHUSDT,bid,2510,5432.389
2024-09-03 12:45:50,ETHUSDT,bid,2510,5434.256
2024-09-03 12:45:50,ETHUSDT,bid,2510,5436.123
2024-09-03 12:45:51,ETHUSDT,bid,2510,5456.003
2024-09-03 12:46:03,ETHUSDT,bid,2510,5457.914
2024-09-03 12:46:05,ETHUSDT,bid,2510,5459.828
2024-09-03 12:46:38,ETHUSDT,bid,2510,5461.716
2024-09-03 12:46:44,ETHUSDT,bid,2510,5461.724
2024-09-03 12:46:45,ETHUSDT,bid,2510,5463.601
2024-09-03 12:46:49,ETHUSDT,bid,2510,5463.593
2024-09-03 12:47:31,ETHUSDT,bid,2510,5463.633
2024-09-03 12:48:03,ETHUSDT,bid,2510,5461.816
2024-09-03 12:48:05,ETHUSDT,bid,2510,5459.942
2024-09-03 12:48:17,ETHUSDT,bid,2510,5459.585
2024-09-03 12:48:23,ETHUSDT,bid,2510,5469.585
2024-09-03 12:48:28,ETHUSDT,bid,2510,5469.381
2024-09-03 12:48:39,ETHUSDT,bid,2510,5467.508
2024-09-03 12:48:50,ETHUSDT,bid,2510,5463.774
2024-09-03 12:48:54,ETHUSDT,bid,2510,5464.0
2024-09-03 12:49:03,ETHUSDT,bid,2510,5462.089
2024-09-03 12:49:05,ETHUSDT,bid,2510,5460.175
2024-09-03 12:49:38,ETHUSDT,bid,2510,5458.287
2024-09-03 12:49:42,ETHUSDT,bid,2510,5460.1
2024-09-03 12:49:46,ETHUSDT,bid,2510,5458.223
2024-09-03 12:49:51,ETHUSDT,bid,2510,5438.343
2024-09-03 12:49:57,ETHUSDT,bid,2140,4888.369
2024-09-03 12:49:57,ETHUSDT,ask,2670,3863.224
2024-09-03 12:49:57,ETHUSDT,ask,2990,3454.144
2024-09-03 12:50:20,ETHUSDT,bid,2510,5440.921
2024-09-03 12:50:30,ETHUSDT,bid,2510,5438.343
2024-09-03 12:51:04,ETHUSDT,bid,2510,5440.363
2024-09-03 12:51:07,ETHUSDT,bid,2510,5440.45
2024-09-03 12:51:18,ETHUSDT,bid,2510,5440.95
2024-09-03 12:51:24,ETHUSDT,bid,2510,5391.249
2024-09-03 12:52:43,ETHUSDT,bid,2510,5389.436
2024-09-03 12:53:42,ETHUSDT,bid,2510,5389.446
2024-09-03 12:53:42,ETHUSDT,bid,2510,5387.426
2024-09-03 12:53:58,ETHUSDT,bid,2510,5387.416
2024-09-03 12:55:31,ETHUSDT,bid,2510,5389.288
2024-09-03 12:55:35,ETHUSDT,bid,2510,5391.159
2024-09-03 12:55:57,ETHUSDT,bid,2510,5391.259
2024-09-03 12:56:20,ETHUSDT,bid,2510,5393.14
2024-09-03 12:56:23,ETHUSDT,bid,2510,5393.12
2024-09-03 12:56:36,ETHUSDT,bid,2510,5395.0
2024-09-03 12:56:37,ETHUSDT,bid,2510,5396.88
2024-09-03 12:56:43,ETHUSDT,bid,2510,5398.697
2024-09-03 12:56:44,ETHUSDT,bid,2510,5396.816
2024-09-03 12:56:55,ETHUSDT,bid,2510,5396.806
2024-09-03 12:56:59,ETHUSDT,bid,2510,5394.926
2024-09-03 12:57:01,ETHUSDT,bid,2510,5393.046
2024-09-03 12:57:03,ETHUSDT,bid,2510,5403.046
2024-09-03 12:57:03,ETHUSDT,bid,2510,5403.087
2024-09-03 12:57:03,ETHUSDT,bid,2510,5404.889
2024-09-03 12:57:04,ETHUSDT,bid,2510,5394.889
2024-09-03 12:57:35,ETHUSDT,bid,2510,5394.988
2024-09-03 12:58:11,ETHUSDT,bid,2510,5394.889
2024-09-03 12:58:12,ETHUSDT,bid,2510,5384.889
2024-09-03 12:58:32,ETHUSDT,bid,2510,5383.017
2024-09-03 12:58:35,ETHUSDT,bid,2510,5384.799
2024-09-03 12:58:35,ETHUSDT,bid,2510,5382.928
2024-09-03 12:58:48,ETHUSDT,bid,2510,5383.126
2024-09-03 12:59:09,ETHUSDT,bid,2510,5382.928
2024-09-03 12:59:43,ETHUSDT,bid,2510,5381.111
2024-09-03 12:59:49,ETHUSDT,bid,2510,5391.111
2024-09-03 12:59:49,ETHUSDT,bid,2510,5391.111
2024-09-03 12:59:50,ETHUSDT,bid,2510,5391.071
2024-09-03 12:59:52,ETHUSDT,bid,2510,5381.071
2024-09-03 13:00:02,ETHUSDT,bid,2510,5382.985
2024-09-03 13:00:04,ETHUSDT,bid,2510,5381.142
2024-09-03 13:00:13,ETHUSDT,bid,2510,5379.228
2024-09-03 13:00:55,ETHUSDT,bid,2510,5392.512
2024-09-03 13:00:55,ETHUSDT,bid,2510,5379.228
2024-09-03 13:01:02,ETHUSDT,bid,2510,5379.228
2024-09-03 13:01:08,ETHUSDT,bid,2510,5383.161
2024-09-03 13:01:09,ETHUSDT,bid,2510,5388.18
2024-09-03 13:01:09,ETHUSDT,bid,2510,5385.13
2024-09-03 13:01:14,ETHUSDT,bid,2510,5392.275
2024-09-03 13:01:14,ETHUSDT,bid,2510,5392.479
2024-09-03 13:01:16,ETHUSDT,bid,2510,5392.489
2024-09-03 13:01:21,ETHUSDT,bid,2140,4888.539
2024-09-03 13:01:21,ETHUSDT,ask,2670,3863.394
2024-09-03 13:01:21,ETHUSDT,ask,2990,3454.314
2024-09-03 13:01:27,ETHUSDT,bid,2510,5399.981
2024-09-03 13:01:27,ETHUSDT,bid,2510,5400.021
2024-09-03 13:01:30,ETHUSDT,bid,2510,5399.981
2024-09-03 13:01:30,ETHUSDT,bid,2510,5399.704
2024-09-03 13:01:30,ETHUSDT,bid,2510,5399.664
2024-09-03 13:01:30,ETHUSDT,bid,2510,5399.704
2024-09-03 13:01:33,ETHUSDT,bid,2510,5399.664
2024-09-03 13:01:47,ETHUSDT,bid,2510,5383.799
2024-09-03 13:01:48,ETHUSDT,bid,2510,5383.839
2024-09-03 13:01:48,ETHUSDT,bid,2510,5383.799
2024-09-03 13:01:49,ETHUSDT,bid,2510,5383.839
2024-09-03 13:01:50,ETHUSDT,bid,2510,5383.799
2024-09-03 13:01:53,ETHUSDT,bid,2510,5395.896
2024-09-03 13:01:53,ETHUSDT,bid,2510,5383.799
2024-09-03 13:02:01,ETHUSDT,bid,2510,5398.129
2024-09-03 13:02:02,ETHUSDT,bid,2510,5382.435
2024-09-03 13:02:03,ETHUSDT,bid,2510,5382.435
2024-09-03 13:02:04,ETHUSDT,bid,2510,5382.435
2024-09-03 13:02:05,ETHUSDT,bid,2510,5399.325
2024-09-03 13:02:06,ETHUSDT,bid,2510,5383.259
2024-09-03 13:02:07,ETHUSDT,bid,2510,5383.259
2024-09-03 13:02:08,ETHUSDT,bid,2510,5383.259
2024-09-03 13:02:09,ETHUSDT,bid,2510,5399.325
2024-09-03 13:02:09,ETHUSDT,bid,2510,5383.259
2024-09-03 13:02:10,ETHUSDT,bid,2510,5383.259
2024-09-03 13:02:11,ETHUSDT,bid,2510,5383.259
2024-09-03 13:02:13,ETHUSDT,bid,2510,3981.331
2024-09-03 13:02:13,ETHUSDT,bid,2510,3981.37
2024-09-03 13:02:13,ETHUSDT,bid,2510,3981.361
2024-09-03 13:02:13,ETHUSDT,bid,2510,3981.371
2024-09-03 13:02:13,ETHUSDT,bid,2510,3997.246
2024-09-03 13:02:14,ETHUSDT,bid,2510,3981.381
2024-09-03 13:02:14,ETHUSDT,bid,2510,3981.48
2024-09-03 13:02:14,ETHUSDT,bid,2510,3984.255
2024-09-03 13:02:15,ETHUSDT,bid,2510,3986.043
2024-09-03 13:02:15,ETHUSDT,bid,2510,3984.03
2024-09-03 13:02:15,ETHUSDT,bid,2510,3984.438
2024-09-03 13:02:17,ETHUSDT,bid,2510,3980.992
2024-09-03 13:02:17,ETHUSDT,bid,2510,3985.752
2024-09-03 13:02:18,ETHUSDT,bid,2510,3986.124
2024-09-03 13:02:18,ETHUSDT,bid,2510,3985.752
2024-09-03 13:02:18,ETHUSDT,bid,2510,3980.992
2024-09-03 13:02:19,ETHUSDT,bid,2510,3980.992
2024-09-03 13:02:19,ETHUSDT,bid,2510,3977.984
2024-09-03 13:02:25,ETHUSDT,bid,2510,3978.251
2024-09-03 13:02:26,ETHUSDT,bid,2510,3981.191
2024-09-03 13:02:26,ETHUSDT,bid,2510,3978.251
2024-09-03 13:02:26,ETHUSDT,bid,2510,3979.051
2024-09-03 13:02:27,ETHUSDT,bid,2510,3979.851
2024-09-03 13:02:27,ETHUSDT,bid,2510,3979.99
2024-09-03 13:02:27,ETHUSDT,bid,2510,3983.387
2024-09-03 13:02:27,ETHUSDT,bid,2510,3977.447
2024-09-03 13:02:27,ETHUSDT,bid,2510,3980.447
2024-09-03 13:02:27,ETHUSDT,bid,2510,3980.437
2024-09-03 13:02:28,ETHUSDT,bid,2510,3998.888
2024-09-03 13:02:28,ETHUSDT,bid,2510,3998.888
2024-09-03 13:02:29,ETHUSDT,bid,2510,3980.809
2024-09-03 13:02:29,ETHUSDT,bid,2510,3981.777
2024-09-03 13:02:30,ETHUSDT,bid,2510,3978.777
2024-09-03 13:02:30,ETHUSDT,bid,2510,3978.786
2024-09-03 13:02:32,ETHUSDT,bid,2510,3976.218
2024-09-03 13:02:33,ETHUSDT,bid,2510,3978.636
2024-09-03 13:02:35,ETHUSDT,bid,2510,3978.36
2024-09-03 13:02:35,ETHUSDT,bid,2510,3981.501
2024-09-03 13:02:35,ETHUSDT,bid,2510,3983.089
2024-09-03 13:02:36,ETHUSDT,bid,2510,3983.089
2024-09-03 13:02:37,ETHUSDT,bid,2510,3998.783
2024-09-03 13:02:37,ETHUSDT,bid,2510,3983.089
2024-09-03 13:02:41,ETHUSDT,bid,2510,3988.091
2024-09-03 13:02:42,ETHUSDT,bid,2510,3988.091
2024-09-03 13:02:56,ETHUSDT,bid,2510,3989.57
2024-09-03 13:03:05,ETHUSDT,bid,2510,3989.603
2024-09-03 13:03:09,ETHUSDT,bid,2510,3989.641
2024-09-03 13:03:11,ETHUSDT,bid,2510,3990.095
2024-09-03 13:03:17,ETHUSDT,bid,2510,3990.095
2024-09-03 13:03:20,ETHUSDT,bid,2510,3990.095
2024-09-03 13:03:21,ETHUSDT,bid,2510,3976.909
2024-09-03 13:03:21,ETHUSDT,bid,2510,3982.166
2024-09-03 13:03:21,ETHUSDT,bid,2510,3976.909
2024-09-03 13:03:22,ETHUSDT,bid,2510,3988.671
2024-09-03 13:03:22,ETHUSDT,bid,2510,3988.171
2024-09-03 13:03:22,ETHUSDT,bid,2510,3991.21
2024-09-03 13:03:22,ETHUSDT,bid,2510,3991.608
2024-09-03 13:03:22,ETHUSDT,bid,2510,3976.448
2024-09-03 13:03:23,ETHUSDT,bid,2510,3978.744
2024-09-03 13:03:44,ETHUSDT,ask,2670,3863.378
2024-09-03 13:05:08,ETHUSDT,ask,2530,5686.318
2024-09-03 13:05:37,ETHUSDT,ask,2530,5686.357
2024-09-03 13:05:42,ETHUSDT,ask,2530,5686.318
2024-09-03 13:06:36,ETHUSDT,ask,2530,5687.068
2024-09-03 13:07:03,ETHUSDT,bid,2200,5071.287
2024-09-03 13:07:04,ETHUSDT,ask,2530,5686.752
2024-09-03 13:07:08,ETHUSDT,ask,2530,5686.65
2024-09-03 13:07:13,ETHUSDT,ask,2530,5686.611
2024-09-03 13:07:13,ETHUSDT,ask,2530,5686.887
2024-09-03 13:07:28,ETHUSDT,ask,2530,5686.987
2024-09-03 13:07:53,ETHUSDT,ask,2530,5688.987
2024-09-03 13:08:15,ETHUSDT,bid,2210,4522.886
2024-09-03 13:08:15,ETHUSDT,bid,2310,4349.04
2024-09-03 13:09:15,ETHUSDT,ask,2530,5688.96
2024-09-03 13:10:09,ETHUSDT,ask,2530,5689.118
2024-09-03 13:10:19,ETHUSDT,ask,2530,5679.118
2024-09-03 13:10:28,ETHUSDT,ask,2530,5678.96
2024-09-03 13:10:31,ETHUSDT,ask,2530,5678.975
2024-09-03 13:10:46,ETHUSDT,ask,2530,5679.034
2024-09-03 13:10:52,ETHUSDT,ask,2990,3361.861
2024-09-03 13:11:25,ETHUSDT,ask,2530,5679.084
2024-09-03 13:12:01,ETHUSDT,ask,2530,5677.684
2024-09-03 13:13:45,ETHUSDT,ask,2530,5693.684
2024-09-03 13:14:20,ETHUSDT,ask,2530,5693.093
2024-09-03 13:14:31,ETHUSDT,ask,2530,5693.251
2024-09-03 13:15:03,ETHUSDT,ask,2530,5693.458
2024-09-03 13:15:18,ETHUSDT,ask,2530,5693.251
2024-09-03 13:16:29,ETHUSDT,ask,2530,5693.105
2024-09-03 13:17:10,ETHUSDT,ask,2570,3898.837
2024-09-03 13:18:04,ETHUSDT,ask,2530,5695.018
2024-09-03 13:18:52,ETHUSDT,ask,2530,5707.863
2024-09-03 13:20:21,ETHUSDT,ask,2530,5708.363
2024-09-03 13:20:52,ETHUSDT,ask,2590,5844.095
2024-09-03 13:21:27,ETHUSDT,ask,2570,3899.302
2024-09-03 13:22:05,ETHUSDT,ask,2530,5709.801
2024-09-03 13:22:43,ETHUSDT,ask,2590,5843.975
2024-09-03 13:23:00,ETHUSDT,ask,2530,5709.873
2024-09-03 13:23:09,ETHUSDT,ask,2570,3898.837
2024-09-03 13:24:05,ETHUSDT,ask,2530,5709.73
2024-09-03 13:24:32,ETHUSDT,ask,2530,5709.718
2024-09-03 13:26:03,ETHUSDT,ask,2590,5845.128
2024-09-03 13:26:39,ETHUSDT,ask,2670,3863.178
2024-09-03 13:27:08,ETHUSDT,bid,2310,4348.74
2024-09-03 13:27:22,ETHUSDT,bid,2510,4386.549
2024-09-03 13:27:23,ETHUSDT,bid,2510,4402.62
2024-09-03 13:27:23,ETHUSDT,bid,2510,4386.549
2024-09-03 13:27:23,ETHUSDT,bid,2510,4401.753
2024-09-03 13:27:24,ETHUSDT,bid,2510,4417.447
2024-09-03 13:27:24,ETHUSDT,bid,2510,4401.753
2024-09-03 13:27:25,ETHUSDT,bid,2510,4401.753
2024-09-03 13:27:26,ETHUSDT,bid,2510,4386.549
2024-09-03 13:27:28,ETHUSDT,bid,2510,4466.665
2024-09-03 13:27:29,ETHUSDT,bid,2510,4466.665
2024-09-03 13:27:30,ETHUSDT,bid,2510,4466.665
2024-09-03 13:27:31,ETHUSDT,bid,2510,4482.359
2024-09-03 13:27:31,ETHUSDT,bid,2510,4466.665
2024-09-03 13:27:33,ETHUSDT,bid,2510,4466.665
2024-09-03 13:27:34,ETHUSDT,bid,2510,4482.359
2024-09-03 13:27:34,ETHUSDT,bid,2510,4466.665
2024-09-03 13:27:36,ETHUSDT,bid,2510,4464.74
2024-09-03 13:27:37,ETHUSDT,ask,2590,5843.975
2024-09-03 13:27:38,ETHUSDT,bid,2510,4385.224
2024-09-03 13:27:39,ETHUSDT,bid,2510,4385.264
2024-09-03 13:27:40,ETHUSDT,bid,2510,4385.256
2024-09-03 13:27:40,ETHUSDT,bid,2510,4385.216
2024-09-03 13:27:40,ETHUSDT,bid,2510,4385.256
2024-09-03 13:27:40,ETHUSDT,bid,2510,4382.871
2024-09-03 13:27:44,ETHUSDT,bid,2510,4394.966
2024-09-03 13:27:48,ETHUSDT,bid,2510,4395.006
2024-09-03 13:27:52,ETHUSDT,bid,2510,4394.966
2024-09-03 13:28:03,ETHUSDT,bid,2510,4394.951
2024-09-03 13:28:04,ETHUSDT,bid,2510,4394.351
2024-09-03 13:28:04,ETHUSDT,bid,2510,4394.362
2024-09-03 13:28:06,ETHUSDT,bid,2510,4396.31
2024-09-03 13:28:06,ETHUSDT,bid,2510,4396.779
2024-09-03 13:28:09,ETHUSDT,bid,2510,4396.768
2024-09-03 13:28:10,ETHUSDT,bid,2510,4384.633
2024-09-03 13:28:27,ETHUSDT,bid,2510,4384.246
2024-09-03 13:28:29,ETHUSDT,bid,2510,4397.232
2024-09-03 13:28:38,ETHUSDT,bid,2510,4397.15
2024-09-03 13:30:11,ETHUSDT,bid,2510,4382.216
2024-09-03 13:30:44,ETHUSDT,ask,2570,3904.837
2024-09-03 13:30:44,ETHUSDT,ask,2590,5837.975
2024-09-03 13:30:46,ETHUSDT,bid,2510,4398.216
2024-09-03 13:30:47,ETHUSDT,bid,2510,4382.216
2024-09-03 13:30:59,ETHUSDT,bid,2510,4398.216
2024-09-03 13:31:00,ETHUSDT,bid,2510,4382.216
2024-09-03 13:31:25,ETHUSDT,bid,2510,4408.392
2024-09-03 13:32:34,ETHUSDT,bid,2510,4410.247
2024-09-03 13:32:35,ETHUSDT,bid,2510,4408.392
2024-09-03 13:33:12,ETHUSDT,bid,2510,4410.169
2024-09-03 13:33:27,ETHUSDT,bid,2510,4410.569
2024-09-03 13:33:38,ETHUSDT,bid,2510,4410.751
2024-09-03 13:33:42,ETHUSDT,bid,2510,4420.751
2024-09-03 13:33:47,ETHUSDT,bid,2510,4410.751
2024-09-03 13:33:49,ETHUSDT,bid,2510,4410.904
2024-09-03 13:33:59,ETHUSDT,bid,2510,4410.935
2024-09-03 13:34:02,ETHUSDT,bid,2510,4410.782
2024-09-03 13:34:25,ETHUSDT,bid,2510,4412.717
2024-09-03 13:34:40,ETHUSDT,bid,2510,4412.535
2024-09-03 13:34:52,ETHUSDT,bid,2510,4413.103
2024-09-03 13:34:52,ETHUSDT,bid,2510,4412.535
2024-09-03 13:34:55,ETHUSDT,bid,2510,4421.027
2024-09-03 13:35:49,ETHUSDT,bid,2510,4419.269
2024-09-03 13:36:31,ETHUSDT,bid,2510,4414.269
2024-09-03 13:36:39,ETHUSDT,bid,2510,4414.419
2024-09-03 13:36:40,ETHUSDT,bid,2510,4415.549
2024-09-03 13:36:40,ETHUSDT,bid,2510,4414.419
2024-09-03 13:36:52,ETHUSDT,bid,2210,4523.994
2024-09-03 13:36:54,ETHUSDT,bid,2510,4412.484
2024-09-03 13:37:09,ETHUSDT,bid,2510,4411.888
2024-09-03 13:37:34,ETHUSDT,bid,2510,4413.888
2024-09-03 13:37:34,ETHUSDT,bid,2510,4413.896
2024-09-03 13:37:36,ETHUSDT,bid,2510,4411.896
2024-09-03 13:37:54,ETHUSDT,bid,2510,4403.404
2024-09-03 13:37:55,ETHUSDT,bid,2510,4421.205
2024-09-03 13:38:07,ETHUSDT,bid,2510,4421.197
2024-09-03 13:38:18,ETHUSDT,bid,2510,4420.797
2024-09-03 13:38:22,ETHUSDT,bid,2510,4422.74
2024-09-03 13:38:29,ETHUSDT,bid,2510,4447.331
2024-09-03 13:38:50,ETHUSDT,bid,2510,4449.378
2024-09-03 13:38:54,ETHUSDT,bid,2510,4449.386
2024-09-03 13:39:01,ETHUSDT,bid,2510,4451.413
2024-09-03 13:39:02,ETHUSDT,bid,2510,4453.428
2024-09-03 13:39:02,ETHUSDT,bid,2510,4455.451
2024-09-03 13:39:19,ETHUSDT,bid,2510,4456.049
2024-09-03 13:39:32,ETHUSDT,bid,2510,4431.458
2024-09-03 13:39:43,ETHUSDT,bid,2510,4431.858
2024-09-03 13:40:01,ETHUSDT,bid,2510,4433.176
2024-09-03 13:40:13,ETHUSDT,bid,2510,4434.886
2024-09-03 13:40:35,ETHUSDT,ask,2670,3863.552
2024-09-03 13:40:46,ETHUSDT,bid,2510,4434.736
2024-09-03 13:40:47,ETHUSDT,ask,2670,3863.553
2024-09-03 13:40:50,ETHUSDT,bid,2510,4434.138
2024-09-03 13:40:59,ETHUSDT,bid,2510,4434.456
2024-09-03 13:40:59,ETHUSDT,bid,2510,4434.476
2024-09-03 13:40:59,ETHUSDT,bid,2510,4432.766
2024-09-03 13:41:22,ETHUSDT,bid,2510,4430.823
2024-09-03 13:41:23,ETHUSDT,bid,2510,4430.831
2024-09-03 13:41:24,ETHUSDT,bid,2510,4430.513
2024-09-03 13:41:26,ETHUSDT,bid,2510,4428.478
2024-09-03 13:41:51,ETHUSDT,bid,2510,4426.431
2024-09-03 13:42:01,ETHUSDT,bid,2510,4426.59
2024-09-03 13:42:01,ETHUSDT,bid,2510,4426.431
2024-09-03 13:42:02,ETHUSDT,bid,2510,4449.41
2024-09-03 13:42:02,ETHUSDT,bid,2510,4426.431
2024-09-03 13:42:02,ETHUSDT,bid,2510,4424.416
2024-09-03 13:42:03,ETHUSDT,bid,2510,4422.393
2024-09-03 13:42:15,ETHUSDT,bid,2510,4396.217
2024-09-03 13:42:31,ETHUSDT,bid,2510,4421.217
2024-09-03 13:42:31,ETHUSDT,bid,2510,4423.196
2024-09-03 13:42:38,ETHUSDT,ask,2590,5839.128
2024-09-03 13:42:57,ETHUSDT,bid,2220,4517.444
2024-09-03 13:43:02,ETHUSDT,bid,2510,4423.215
2024-09-03 13:43:03,ETHUSDT,bid,2510,4423.815
2024-09-03 13:43:09,ETHUSDT,bid,2510,4398.815
2024-09-03 13:43:20,ETHUSDT,bid,2510,4398.215
2024-09-03 13:43:30,ETHUSDT,bid,2510,4396.236
2024-09-03 13:43:38,ETHUSDT,bid,2510,4396.216
2024-09-03 13:43:39,ETHUSDT,bid,2510,4400.512
2024-09-03 13:44:02,ETHUSDT,bid,2210,4526.015
2024-09-03 13:45:01,ETHUSDT,bid,2210,4523.994
2024-09-03 13:45:15,ETHUSDT,bid,2210,4525.022
2024-09-03 13:45:17,ETHUSDT,bid,2210,4525.655
2024-09-03 13:45:33,ETHUSDT,bid,2510,4400.521
2024-09-03 13:45:37,ETHUSDT,bid,2210,4528.145
2024-09-03 13:45:42,ETHUSDT,bid,2510,4400.512
2024-09-03 13:46:01,ETHUSDT,bid,2350,4391.412
2024-09-03 13:46:17,ETHUSDT,bid,2210,4527.512
2024-09-03 13:46:21,ETHUSDT,bid,2210,4530.758
2024-09-03 13:46:23,ETHUSDT,bid,2210,4533.135
2024-09-03 13:46:28,ETHUSDT,bid,2210,4535.749
2024-09-03 13:46:42,ETHUSDT,bid,2210,4534.721
2024-09-03 21:07:27,ETHUSDT,bid,2230,4491.077
2024-09-03 21:08:38,ETHUSDT,bid,2140,4865.467
2024-09-03 21:09:02,ETHUSDT,bid,1950,5119.727
2024-09-03 21:09:24,ETHUSDT,bid,1950,5118.727
2024-09-03 21:09:25,ETHUSDT,bid,2250,4470.415
2024-09-03 21:09:28,ETHUSDT,bid,2350,4390.176
2024-09-03 21:09:53,ETHUSDT,bid,2200,5071.377
2024-09-03 21:09:56,ETHUSDT,bid,2210,4523.989
2024-09-03 21:10:29,ETHUSDT,bid,2210,4523.979
2024-09-03 21:11:21,ETHUSDT,bid,2210,4525.979
2024-09-03 21:12:59,ETHUSDT,bid,2140,4861.963
2024-09-03 21:13:35,ETHUSDT,bid,2140,4859.445
2024-09-03 21:13:47,ETHUSDT,bid,2140,4860.945
2024-09-03 21:14:34,ETHUSDT,bid,1960,5504.432
2024-09-03 21:15:15,ETHUSDT,bid,2200,4536.312
2024-09-03 21:15:19,ETHUSDT,bid,2200,4536.302
2024-09-03 21:16:22,ETHUSDT,bid,2140,9338.974
2024-09-03 21:16:57,ETHUSDT,bid,2230,4487.971
2024-09-03 21:18:01,ETHUSDT,bid,2350,4475.935
2024-09-03 21:18:01,ETHUSDT,bid,2350,4556.553
2024-09-03 21:18:01,ETHUSDT,bid,2350,4637.484
2024-09-03 21:18:01,ETHUSDT,bid,2350,4658.45
2024-09-03 21:18:25,ETHUSDT,bid,2350,4658.46
2024-09-03 21:18:49,ETHUSDT,bid,1700,6029.107
2024-09-03 21:19:26,ETHUSDT,ask,2570,3894.505
2024-09-03 21:19:30,ETHUSDT,bid,1700,6028.503
2024-09-03 21:20:30,ETHUSDT,bid,2140,4861.026
2024-09-03 21:20:36,ETHUSDT,bid,2140,4863.965
2024-09-03 21:20:54,ETHUSDT,ask,2570,3894.605
2024-09-03 21:21:19,ETHUSDT,bid,2070,9682.587
2024-09-03 21:21:48,ETHUSDT,bid,2070,9682.607
2024-09-03 21:22:00,ETHUSDT,bid,2210,4525.989
2024-09-03 21:22:17,ETHUSDT,bid,2210,4525.979
2024-09-03 21:22:18,ETHUSDT,bid,2140,9338.888
2024-09-03 21:22:41,ETHUSDT,bid,2140,4863.999
2024-09-03 21:23:00,ETHUSDT,bid,2350,4627.703
2024-09-03 21:23:00,ETHUSDT,bid,2350,4617.103
2024-09-03 21:23:00,ETHUSDT,bid,2350,4515.1
2024-09-03 21:23:00,ETHUSDT,bid,2350,4470.641
2024-09-03 21:23:00,ETHUSDT,bid,2350,4394.275
2024-09-03 21:23:00,ETHUSDT,bid,2350,4390.186
2024-09-03 21:23:04,ETHUSDT,bid,2220,4505.005
2024-09-03 21:23:44,ETHUSDT,bid,2200,4536.664
2024-09-03 21:23:45,ETHUSDT,bid,1700,6028.474
2024-09-03 21:23:48,ETHUSDT,bid,2210,4525.989
2024-09-03 21:23:50,ETHUSDT,bid,1960,5498.054
2024-09-03 21:24:01,ETHUSDT,bid,2140,4865.999
2024-09-03 21:24:32,ETHUSDT,bid,2210,4525.979
2024-09-03 21:26:06,ETHUSDT,bid,1960,5498.773
2024-09-03 21:26:29,ETHUSDT,bid,2210,4525.754
2024-09-03 21:26:35,ETHUSDT,bid,2210,4525.764
2024-09-03 21:26:42,ETHUSDT,bid,2360,4297.691
2024-09-03 21:27:14,ETHUSDT,bid,2210,4525.754
2024-09-03 21:28:37,ETHUSDT,bid,2200,4536.211
2024-09-03 21:29:07,ETHUSDT,bid,2210,4525.619
2024-09-03 21:29:53,ETHUSDT,bid,2200,5076.377
2024-09-03 21:31:01,ETHUSDT,bid,2360,4298.511
2024-09-03 21:32:04,ETHUSDT,bid,2350,4390.243
2024-09-03 21:32:09,ETHUSDT,bid,2200,4536.221
2024-09-03 21:32:19,ETHUSDT,bid,2200,4536.211
2024-09-03 21:32:49,ETHUSDT,bid,1960,5502.642
2024-09-03 21:34:16,ETHUSDT,ask,2590,5834.585
2024-09-03 21:34:38,ETHUSDT,bid,2070,4819.624
2024-09-03 21:35:15,ETHUSDT,bid,2070,4819.384
2024-09-03 21:35:20,ETHUSDT,bid,2200,4536.221
2024-09-03 21:35:30,ETHUSDT,bid,2200,4536.211
2024-09-03 21:36:04,ETHUSDT,bid,2200,4536.211
2024-09-03 21:36:05,ETHUSDT,bid,2200,4536.211
2024-09-03 21:39:52,ETHUSDT,bid,2250,4478.55
2024-09-03 21:40:26,ETHUSDT,bid,2350,4390.252
2024-09-03 21:40:39,ETHUSDT,bid,2360,4299.012
2024-09-03 21:42:48,ETHUSDT,bid,2070,9683.607
2024-09-03 21:43:05,ETHUSDT,bid,2070,9684.607
2024-09-03 21:43:53,ETHUSDT,bid,1940,5163.219
2024-09-03 21:45:35,ETHUSDT,bid,2140,9338.984
2024-09-03 21:45:35,ETHUSDT,ask,2670,3877.532
2024-09-03 21:47:12,ETHUSDT,bid,2350,4410.252
2024-09-03 21:49:18,ETHUSDT,bid,2310,4349.198
2024-09-03 21:50:19,ETHUSDT,bid,2230,4490.918
2024-09-03 21:51:05,ETHUSDT,bid,2350,4410.263
2024-09-03 21:51:12,ETHUSDT,bid,2140,4863.999
2024-09-03 21:51:40,ETHUSDT,bid,2200,5076.387
2024-09-03 21:52:15,ETHUSDT,bid,2200,5076.377
2024-09-03 21:53:36,ETHUSDT,bid,2360,4298.012
2024-09-03 21:55:08,ETHUSDT,bid,1700,6030.239
2024-09-03 21:55:16,ETHUSDT,bid,2310,4349.086
2024-09-03 21:56:34,ETHUSDT,bid,1960,5502.744
2024-09-03 21:56:34,ETHUSDT,bid,1960,5502.642
2024-09-03 21:56:43,ETHUSDT,bid,2250,4480.03
2024-09-03 21:57:59,ETHUSDT,bid,1960,5502.642
2024-09-03 21:58:05,ETHUSDT,bid,1960,5502.642
2024-09-03 21:58:42,ETHUSDT,bid,1940,5162.705
2024-09-03 21:58:50,ETHUSDT,ask,2670,3733.439
2024-09-03 21:58:58,ETHUSDT,bid,2360,4299.512
2024-09-03 21:59:15,ETHUSDT,bid,2140,9337.586
2024-09-03 21:59:53,ETHUSDT,bid,2200,5076.387
2024-09-03 21:59:56,ETHUSDT,bid,2200,5076.397
2024-09-03 22:00:09,ETHUSDT,bid,2200,5076.397
2024-09-03 22:00:21,ETHUSDT,bid,2200,5076.397
2024-09-03 22:00:21,ETHUSDT,bid,2200,5076.407
2024-09-03 22:00:22,ETHUSDT,bid,2200,5076.407
2024-09-03 22:00:25,ETHUSDT,bid,2200,5076.397
2024-09-03 22:00:29,ETHUSDT,bid,2200,5076.387
2024-09-03 22:00:29,ETHUSDT,bid,2200,5076.397
2024-09-03 22:00:52,ETHUSDT,bid,2200,5076.387
2024-09-03 22:00:59,ETHUSDT,bid,2200,5076.377
2024-09-03 22:02:43,ETHUSDT,bid,2360,4299.637
2024-09-03 22:02:59,ETHUSDT,bid,2350,4410.387
2024-09-03 22:06:45,ETHUSDT,bid,2200,5076.377
2024-09-03 22:06:45,ETHUSDT,bid,2200,5076.387
2024-09-03 22:07:19,ETHUSDT,bid,2200,5076.377
2024-09-03 22:07:46,ETHUSDT,bid,1960,5502.642
2024-09-03 22:08:35,ETHUSDT,bid,1960,5463.995
2024-09-03 22:08:47,ETHUSDT,bid,2310,4347.386
2024-09-03 22:13:16,ETHUSDT,bid,2310,4347.306
2024-09-03 22:13:50,ETHUSDT,ask,2670,3876.532
2024-09-03 22:16:26,ETHUSDT,ask,2570,3891.794
2024-09-03 22:18:49,ETHUSDT,bid,1960,5460.126
2024-09-03 22:18:56,ETHUSDT,ask,2590,5834.485
2024-09-03 22:19:22,ETHUSDT,bid,2200,4536.221
2024-09-03 22:19:30,ETHUSDT,bid,2200,4536.211
2024-09-03 22:19:33,ETHUSDT,ask,2590,5834.101
2024-09-03 22:21:28,ETHUSDT,ask,2590,5834.092
2024-09-03 22:21:43,ETHUSDT,bid,1700,6031.239
2024-09-03 22:24:12,ETHUSDT,ask,2670,3877.532
2024-09-03 22:24:44,ETHUSDT,ask,2670,3873.532
2024-09-03 22:24:54,ETHUSDT,bid,2220,4505.103
2024-09-03 22:25:19,ETHUSDT,bid,2350,4410.33
2024-09-03 22:26:10,ETHUSDT,bid,2200,5076.387
2024-09-03 22:26:44,ETHUSDT,bid,2200,5076.377
2024-09-03 22:27:01,ETHUSDT,bid,2350,4420.93
2024-09-03 22:27:01,ETHUSDT,bid,2350,4598.661
2024-09-03 22:27:02,ETHUSDT,bid,2350,4658.15
2024-09-03 22:27:02,ETHUSDT,bid,2350,4678.604
2024-09-03 22:28:00,ETHUSDT,bid,2350,4668.976
2024-09-03 22:30:05,ETHUSDT,bid,1960,5468.4
2024-09-03 22:30:05,ETHUSDT,bid,2200,5076.387
2024-09-03 22:30:48,ETHUSDT,bid,2200,5076.377
2024-09-03 22:31:01,ETHUSDT,bid,2210,4525.594
2024-09-03 22:31:01,ETHUSDT,bid,2310,4347.281
2024-09-03 22:31:02,ETHUSDT,bid,2360,4309.224
2024-09-03 22:31:02,ETHUSDT,bid,2360,4309.733
2024-09-03 22:31:14,ETHUSDT,bid,2210,4552.072
2024-09-03 22:32:00,ETHUSDT,bid,2350,4628.427
2024-09-03 22:32:00,ETHUSDT,bid,2350,4568.95
2024-09-03 22:32:00,ETHUSDT,bid,2350,4467.114
2024-09-03 22:32:00,ETHUSDT,bid,2360,4300.146
2024-09-03 22:32:00,ETHUSDT,bid,2350,4445.985
2024-09-03 22:32:00,ETHUSDT,bid,2350,4434.873
2024-09-03 22:32:00,ETHUSDT,bid,2360,4299.637
2024-09-03 22:32:01,ETHUSDT,bid,2350,4430.784
2024-09-03 22:32:01,ETHUSDT,bid,2350,4410.33
2024-09-03 22:37:29,ETHUSDT,bid,2350,4411.33
2024-09-03 22:38:27,ETHUSDT,bid,2210,4525.594
2024-09-03 22:38:59,ETHUSDT,bid,2210,4552.072
2024-09-03 22:39:37,ETHUSDT,bid,2310,4347.161
2024-09-03 22:40:40,ETHUSDT,ask,2570,3891.784
2024-09-03 22:41:56,ETHUSDT,bid,2210,4525.594
2024-09-03 22:42:30,ETHUSDT,bid,2210,4547.659
2024-09-03 22:42:39,ETHUSDT,bid,2350,4412.33
2024-09-03 22:43:01,ETHUSDT,ask,2670,3873.532
2024-09-03 22:45:15,ETHUSDT,bid,2210,4525.594
2024-09-03 22:45:32,ETHUSDT,bid,2200,5076.387
2024-09-03 22:46:01,ETHUSDT,bid,2200,5076.377
2024-09-03 22:47:03,ETHUSDT,bid,1960,5468.018
2024-09-03 22:47:41,ETHUSDT,bid,2350,4412.341
2024-09-03 22:47:42,ETHUSDT,bid,2350,4412.352
2024-09-03 22:48:23,ETHUSDT,bid,2200,5076.387
2024-09-03 22:48:23,ETHUSDT,bid,2200,5076.397
2024-09-03 22:48:23,ETHUSDT,bid,2200,5076.407
2024-09-03 22:48:23,ETHUSDT,bid,2200,5076.407
2024-09-03 22:48:30,ETHUSDT,bid,2250,4480.918
2024-09-03 22:48:32,ETHUSDT,bid,2200,5076.397
2024-09-03 22:49:12,ETHUSDT,bid,2200,5076.387
2024-09-03 22:49:12,ETHUSDT,bid,2200,5076.377
2024-09-03 22:51:50,ETHUSDT,bid,2250,4503.13
2024-09-03 22:53:26,ETHUSDT,bid,2250,4494.995
2024-09-03 22:55:30,ETHUSDT,bid,2140,4864.111
2024-09-03 22:55:42,ETHUSDT,bid,2250,4496.995
2024-09-03 22:55:43,ETHUSDT,bid,2200,5076.387
2024-09-03 22:56:27,ETHUSDT,bid,2350,4434.647
2024-09-03 22:56:35,ETHUSDT,bid,2200,5076.377
2024-09-03 22:58:39,ETHUSDT,ask,2590,5834.306
2024-09-03 22:58:56,ETHUSDT,bid,2140,4864.061
2024-09-03 22:59:07,ETHUSDT,bid,2310,4347.333
2024-09-03 22:59:21,ETHUSDT,bid,1700,6031.474
2024-09-03 22:59:31,ETHUSDT,bid,2250,4496.97
2024-09-03 23:00:19,ETHUSDT,bid,2250,4499.97
2024-09-03 23:00:51,ETHUSDT,ask,2650,3804.653
2024-09-03 23:02:01,ETHUSDT,bid,2200,5076.387
2024-09-03 23:02:02,ETHUSDT,bid,2200,5076.387
2024-09-03 23:02:30,ETHUSDT,bid,2200,5076.377
2024-09-03 23:02:32,ETHUSDT,bid,2350,4433.647
2024-09-03 23:03:26,ETHUSDT,bid,2200,5076.387
2024-09-03 23:03:27,ETHUSDT,bid,2200,5076.387
2024-09-03 23:03:28,ETHUSDT,bid,2200,5076.387
2024-09-03 23:04:06,ETHUSDT,bid,2200,5076.377
2024-09-03 23:04:12,ETHUSDT,ask,2570,3886.834
2024-09-03 23:04:35,ETHUSDT,bid,2140,4864.071
2024-09-03 23:04:37,ETHUSDT,bid,2230,4487.971
2024-09-03 23:05:09,ETHUSDT,ask,2590,5834.376
2024-09-03 23:06:19,ETHUSDT,bid,2360,4299.848
2024-09-03 23:08:56,ETHUSDT,bid,2350,4433.817
2024-09-03 23:10:52,ETHUSDT,bid,1700,6031.974
2024-09-03 23:11:45,ETHUSDT,ask,2590,5834.3
2024-09-03 23:13:07,ETHUSDT,ask,2670,3813.332
2024-09-03 23:13:15,ETHUSDT,bid,2390,5085.433
2024-09-03 23:13:44,ETHUSDT,bid,2230,4490.971
2024-09-03 23:14:08,ETHUSDT,bid,1960,5233.018
2024-09-03 23:14:13,ETHUSDT,ask,2480,4896.72
2024-09-03 23:15:02,ETHUSDT,bid,2140,4863.838
2024-09-03 23:15:19,ETHUSDT,bid,2140,9338.586
2024-09-03 23:15:42,ETHUSDT,bid,2140,4873.183
2024-09-03 23:15:57,ETHUSDT,bid,2200,5076.377
2024-09-03 23:16:50,ETHUSDT,bid,2390,5111.595
2024-09-03 23:17:11,ETHUSDT,bid,2210,4525.579
2024-09-03 23:17:11,ETHUSDT,bid,2310,4347.318
2024-09-03 23:17:46,ETHUSDT,bid,2220,4505.078
2024-09-03 23:18:01,ETHUSDT,bid,2200,5076.377
2024-09-03 23:20:34,ETHUSDT,bid,2200,5076.413
2024-09-03 23:20:56,ETHUSDT,bid,2200,5076.413
2024-09-03 23:20:56,ETHUSDT,bid,2200,5076.423
2024-09-03 23:21:17,ETHUSDT,bid,1950,5118.727
2024-09-03 23:21:33,ETHUSDT,bid,2200,5076.413
2024-09-03 23:24:32,ETHUSDT,bid,2200,5076.423
2024-09-03 23:25:09,ETHUSDT,bid,2200,5076.413
2024-09-03 23:30:34,ETHUSDT,bid,2200,5076.377
2024-09-03 23:31:04,ETHUSDT,bid,2070,9684.597
2024-09-03 23:31:04,ETHUSDT,ask,2990,3454.158
2024-09-03 23:31:40,ETHUSDT,bid,2220,4505.342
2024-09-03 23:33:47,ETHUSDT,bid,1700,6032.974
2024-09-03 23:37:32,ETHUSDT,bid,2290,4367.975
2024-09-03 23:37:48,ETHUSDT,bid,2070,9789.597
2024-09-03 23:38:01,ETHUSDT,bid,1700,6033.562
2024-09-03 23:38:17,ETHUSDT,bid,2310,4347.404
2024-09-03 23:39:54,ETHUSDT,bid,2310,4347.232
2024-09-03 23:41:34,ETHUSDT,bid,2220,4515.342
2024-09-03 23:42:18,ETHUSDT,bid,2070,9684.597
2024-09-03 23:43:07,ETHUSDT,bid,1940,5163.147
2024-09-03 23:43:07,ETHUSDT,bid,1960,5233.456
2024-09-03 23:43:07,ETHUSDT,bid,2140,4873.585
2024-09-03 23:45:21,ETHUSDT,bid,2360,4278.671
2024-09-03 23:46:57,ETHUSDT,bid,1960,5225.182
2024-09-03 23:48:15,ETHUSDT,bid,2350,4411.522
2024-09-03 23:48:36,ETHUSDT,bid,2350,4411.511
2024-09-03 23:48:58,ETHUSDT,bid,1700,6033.962
2024-09-03 23:49:19,ETHUSDT,bid,1700,6033.562
2024-09-03 23:51:15,ETHUSDT,bid,2310,4347.241
2024-09-03 23:51:18,ETHUSDT,ask,2590,5834.418
2024-09-03 23:51:50,ETHUSDT,bid,1950,5118.727
2024-09-03 23:51:51,ETHUSDT,bid,1950,5118.829
2024-09-03 23:51:51,ETHUSDT,bid,1950,5118.727
2024-09-03 23:52:28,ETHUSDT,bid,1950,5118.727
2024-09-03 23:54:00,ETHUSDT,bid,2290,4368.652
2024-09-03 23:55:17,ETHUSDT,bid,2140,9338.081
2024-09-03 23:55:51,ETHUSDT,bid,2070,9684.623
2024-09-03 23:56:17,ETHUSDT,bid,1700,6033.612
2024-09-03 23:56:51,ETHUSDT,bid,1700,6032.612
2024-09-04 00:03:02,ETHUSDT,bid,1700,6032.712
2024-09-04 00:05:49,ETHUSDT,bid,1960,5226.632
2024-09-04 00:07:25,ETHUSDT,ask,2590,5833.265
2024-09-04 00:09:11,ETHUSDT,bid,2310,4349.403
2024-09-04 00:09:40,ETHUSDT,bid,2350,4416.011
2024-09-04 00:09:45,ETHUSDT,bid,2350,4411.511
2024-09-04 00:11:10,ETHUSDT,bid,2360,4281.671
2024-09-04 00:12:29,ETHUSDT,bid,2350,4416.011
2024-09-04 00:12:34,ETHUSDT,bid,2350,4411.511
2024-09-04 00:18:08,ETHUSDT,bid,1950,5118.727
2024-09-04 00:19:55,ETHUSDT,bid,1700,6032.662
2024-09-04 00:20:10,ETHUSDT,bid,2200,5076.377
2024-09-04 00:21:25,ETHUSDT,bid,2200,5076.377
2024-09-04 00:22:41,ETHUSDT,bid,1700,6032.762
2024-09-04 00:23:13,ETHUSDT,ask,2590,5834.637
2024-09-04 00:23:45,ETHUSDT,ask,2570,3894.588
2024-09-04 00:24:31,ETHUSDT,bid,2350,4411.522
2024-09-04 00:24:40,ETHUSDT,bid,2350,4411.533
2024-09-04 00:25:22,ETHUSDT,bid,1960,5226.632
2024-09-04 00:25:23,ETHUSDT,bid,1960,5226.734
2024-09-04 00:25:23,ETHUSDT,bid,1960,5226.632
2024-09-04 00:28:13,ETHUSDT,ask,2650,3804.129
2024-09-04 00:29:03,ETHUSDT,ask,2590,5833.265
2024-09-04 00:29:31,ETHUSDT,bid,2310,4350.403
2024-09-04 00:36:35,ETHUSDT,bid,1960,5226.734
2024-09-04 00:36:35,ETHUSDT,bid,1960,5226.632
2024-09-04 00:37:26,ETHUSDT,bid,2140,4967.926
2024-09-04 00:37:30,ETHUSDT,bid,2200,4536.221
2024-09-04 00:37:30,ETHUSDT,ask,2670,3813.332
2024-09-04 00:37:31,ETHUSDT,bid,2200,4536.231
2024-09-04 00:37:52,ETHUSDT,bid,2140,4873.585
2024-09-04 00:38:15,ETHUSDT,bid,2200,4536.221
2024-09-04 00:38:15,ETHUSDT,bid,2200,4536.211
2024-09-04 00:38:21,ETHUSDT,bid,2290,4368.065
2024-09-04 00:39:03,ETHUSDT,bid,2140,4967.926
2024-09-04 00:39:48,ETHUSDT,bid,2140,4873.585
2024-09-04 00:40:44,ETHUSDT,bid,2140,4967.926
2024-09-04 00:40:47,ETHUSDT,bid,2310,4350.603
2024-09-04 00:43:38,ETHUSDT,bid,2350,4411.522
2024-09-04 00:45:21,ETHUSDT,bid,2350,4411.511
2024-09-04 00:45:35,ETHUSDT,bid,2140,4970.426
2024-09-04 00:45:41,ETHUSDT,bid,2140,4980.426
2024-09-04 00:45:49,ETHUSDT,bid,2140,4987.926
2024-09-04 00:47:56,ETHUSDT,bid,2200,4536.221
2024-09-04 00:48:05,ETHUSDT,bid,2200,4536.211
2024-09-04 00:54:21,ETHUSDT,bid,2140,4978.581
2024-09-04 01:01:01,ETHUSDT,bid,2350,4411.711
2024-09-04 01:03:38,ETHUSDT,bid,1700,6033.595
2024-09-04 01:09:26,ETHUSDT,bid,2380,5089.535
2024-09-04 01:11:48,ETHUSDT,bid,2390,14863.903
2024-09-04 01:12:44,ETHUSDT,bid,1700,6034.183
2024-09-04 01:15:38,ETHUSDT,bid,2310,4348.441
2024-09-04 01:15:59,ETHUSDT,bid,2250,4497.97
2024-09-04 01:16:02,ETHUSDT,bid,2200,5076.387
2024-09-04 01:16:03,ETHUSDT,bid,2200,5076.397
2024-09-04 01:16:03,ETHUSDT,bid,2200,5076.397
2024-09-04 01:16:12,ETHUSDT,bid,2360,4284.077
2024-09-04 01:16:51,ETHUSDT,bid,2200,5076.387
2024-09-04 01:16:52,ETHUSDT,bid,2200,5076.377
2024-09-04 01:16:58,ETHUSDT,bid,1950,5118.727
2024-09-04 01:16:59,ETHUSDT,bid,1950,5118.727
2024-09-04 01:17:00,ETHUSDT,bid,1950,5118.727
2024-09-04 01:17:01,ETHUSDT,bid,1950,5118.727
2024-09-04 01:17:01,ETHUSDT,bid,1950,5118.727
2024-09-04 01:17:03,ETHUSDT,bid,1950,5118.829
2024-09-04 01:17:03,ETHUSDT,bid,1950,5118.727
2024-09-04 01:17:30,ETHUSDT,bid,2200,5076.387
2024-09-04 01:18:18,ETHUSDT,bid,2200,5076.377
2024-09-04 01:18:41,ETHUSDT,bid,2200,5077.493
2024-09-04 01:21:23,ETHUSDT,bid,2360,4283.576
2024-09-04 01:24:12,ETHUSDT,bid,1960,5210.307
2024-09-04 01:28:01,ETHUSDT,bid,2350,4522.337
2024-09-04 01:28:01,ETHUSDT,bid,2350,4628.262
2024-09-04 01:28:01,ETHUSDT,bid,2350,4670.357
2024-09-04 01:32:33,ETHUSDT,bid,2350,4670.468
2024-09-04 01:34:00,ETHUSDT,bid,2350,4583.296
2024-09-04 01:34:00,ETHUSDT,bid,2350,4491.765
2024-09-04 01:34:00,ETHUSDT,bid,2350,4487.676
2024-09-04 01:34:01,ETHUSDT,bid,2350,4467.222
2024-09-04 01:34:02,ETHUSDT,bid,2350,4411.822
2024-09-04 01:35:29,ETHUSDT,bid,2400,14829.178
2024-09-04 01:40:45,ETHUSDT,bid,2070,9684.789
2024-09-04 01:41:23,ETHUSDT,bid,2140,4979.67
2024-09-04 01:43:01,ETHUSDT,bid,2140,4989.015
2024-09-04 01:52:19,ETHUSDT,ask,2670,3813.345
2024-09-04 01:54:50,ETHUSDT,bid,2140,4989.447
2024-09-04 01:59:02,ETHUSDT,bid,2200,4536.221
2024-09-04 01:59:46,ETHUSDT,bid,2200,4536.221
2024-09-04 01:59:47,ETHUSDT,bid,2200,4536.221
2024-09-04 01:59:48,ETHUSDT,bid,2200,4536.221
2024-09-04 01:59:48,ETHUSDT,bid,2200,4536.211
2024-09-04 01:59:49,ETHUSDT,bid,2200,4536.211
2024-09-04 01:59:50,ETHUSDT,bid,2200,4536.211
2024-09-04 01:59:51,ETHUSDT,bid,2200,4536.221
2024-09-04 01:59:59,ETHUSDT,bid,2200,4536.231
2024-09-04 02:00:00,ETHUSDT,bid,2200,4536.241
2024-09-04 02:00:28,ETHUSDT,bid,2200,4536.231
2024-09-04 02:00:53,ETHUSDT,bid,2200,4536.221
2024-09-04 02:00:54,ETHUSDT,bid,2200,4536.211
2024-09-04 02:06:52,ETHUSDT,bid,1700,6034.322
2024-09-04 02:11:09,ETHUSDT,bid,2360,4283.587
2024-09-04 02:11:47,ETHUSDT,bid,2070,9685.032
2024-09-04 02:14:22,ETHUSDT,bid,2140,4989.292
2024-09-04 02:16:49,ETHUSDT,bid,2040,9800.799
2024-09-04 02:16:49,ETHUSDT,bid,2200,5077.727
2024-09-04 02:16:49,ETHUSDT,bid,2220,4517.685
2024-09-04 02:16:49,ETHUSDT,bid,2360,4283.805
2024-09-04 02:17:40,ETHUSDT,bid,2350,4411.811
2024-09-04 02:19:46,ETHUSDT,bid,2350,4411.8
2024-09-04 02:21:29,ETHUSDT,bid,2070,9684.032
2024-09-04 02:23:08,ETHUSDT,bid,2210,4525.597
2024-09-04 02:23:08,ETHUSDT,bid,2210,4525.633
2024-09-04 02:23:08,ETHUSDT,bid,2210,4525.661
2024-09-04 02:23:09,ETHUSDT,bid,2210,4525.661
2024-09-04 02:23:10,ETHUSDT,bid,2210,4525.671
2024-09-04 02:23:10,ETHUSDT,bid,2210,4525.671
2024-09-04 02:23:11,ETHUSDT,bid,2210,4525.671
2024-09-04 02:23:12,ETHUSDT,bid,2210,4525.691
2024-09-04 02:23:12,ETHUSDT,bid,2210,4525.691
2024-09-04 02:23:13,ETHUSDT,bid,2210,4525.691
2024-09-04 02:23:20,ETHUSDT,bid,2040,9800.547
2024-09-04 02:23:20,ETHUSDT,bid,2200,5077.493
2024-09-04 02:23:20,ETHUSDT,bid,2220,4517.453
2024-09-04 02:23:20,ETHUSDT,bid,2360,4283.587
2024-09-04 02:23:33,ETHUSDT,bid,2070,9683.032
2024-09-04 02:23:59,ETHUSDT,bid,2210,4525.681
2024-09-04 02:24:00,ETHUSDT,bid,2210,4525.671
2024-09-04 02:24:01,ETHUSDT,bid,2210,4525.651
2024-09-04 02:27:41,ETHUSDT,bid,2360,4283.598
2024-09-04 02:27:42,ETHUSDT,bid,2360,4283.609
2024-09-04 02:27:42,ETHUSDT,bid,2360,4283.62
2024-09-04 02:27:47,ETHUSDT,bid,2360,4283.631
2024-09-04 02:27:48,ETHUSDT,bid,2360,4283.642
2024-09-04 02:27:48,ETHUSDT,bid,2360,4283.653
2024-09-04 02:27:50,ETHUSDT,bid,2360,4283.664
2024-09-04 02:27:52,ETHUSDT,bid,2360,4283.675
2024-09-04 02:27:53,ETHUSDT,bid,2360,4283.686
2024-09-04 02:27:57,ETHUSDT,bid,2360,4283.697
2024-09-04 02:28:31,ETHUSDT,bid,2350,4409.124
2024-09-04 02:28:52,ETHUSDT,bid,2220,4515.471
2024-09-04 02:31:37,ETHUSDT,bid,2350,4408.954
2024-09-04 02:31:37,ETHUSDT,bid,2360,4283.431
2024-09-04 02:32:55,ETHUSDT,bid,2210,4525.615
2024-09-04 02:32:56,ETHUSDT,bid,2210,4525.579
2024-09-04 02:45:34,ETHUSDT,bid,2360,4283.68
2024-09-04 02:45:41,ETHUSDT,bid,2350,4409.191
2024-09-04 02:46:58,ETHUSDT,bid,2200,4536.221
2024-09-04 02:47:05,ETHUSDT,bid,2350,4409.204
2024-09-04 02:47:07,ETHUSDT,bid,2200,4536.211
2024-09-04 02:47:16,ETHUSDT,bid,2200,4536.221
2024-09-04 02:47:24,ETHUSDT,bid,2200,4536.231
2024-09-04 02:47:25,ETHUSDT,bid,2200,4536.241
2024-09-04 02:47:25,ETHUSDT,bid,2200,4536.231
2024-09-04 02:48:10,ETHUSDT,bid,2200,4536.211
2024-09-04 02:49:24,ETHUSDT,bid,2360,4284.68
2024-09-04 02:50:33,ETHUSDT,bid,2350,4409.81
2024-09-04 02:51:06,ETHUSDT,bid,2220,4515.342
2024-09-04 02:51:38,ETHUSDT,bid,2360,4289.18
2024-09-04 02:51:44,ETHUSDT,bid,2360,4284.68
2024-09-04 02:57:27,ETHUSDT,bid,2350,4409.56
2024-09-04 02:57:40,ETHUSDT,bid,2360,4284.431
2024-09-04 02:59:45,ETHUSDT,bid,2200,5077.503
2024-09-04 02:59:45,ETHUSDT,bid,2200,5077.503
2024-09-04 02:59:46,ETHUSDT,bid,2200,5077.503
2024-09-04 02:59:47,ETHUSDT,bid,2200,5077.513
2024-09-04 02:59:53,ETHUSDT,bid,2200,5077.513
2024-09-04 02:59:54,ETHUSDT,bid,2200,5077.503
2024-09-04 02:59:56,ETHUSDT,bid,2200,5077.493
2024-09-04 03:09:22,ETHUSDT,bid,2210,4525.589
2024-09-04 03:09:56,ETHUSDT,bid,2210,4525.579
2024-09-04 03:13:33,ETHUSDT,bid,2210,4525.589
2024-09-04 03:13:33,ETHUSDT,bid,2210,4525.599
2024-09-04 03:13:36,ETHUSDT,bid,2210,4525.609
2024-09-04 03:13:37,ETHUSDT,bid,2210,4525.619
2024-09-04 03:14:19,ETHUSDT,bid,2210,4525.609
2024-09-04 03:14:19,ETHUSDT,bid,2210,4525.599
2024-09-04 03:14:22,ETHUSDT,bid,2210,4525.589
2024-09-04 03:14:22,ETHUSDT,bid,2210,4525.579
2024-09-04 03:15:32,ETHUSDT,bid,2250,4498.231
2024-09-04 03:15:39,ETHUSDT,bid,2220,4517.579
2024-09-04 03:22:46,ETHUSDT,bid,2210,4525.579
2024-09-04 03:23:06,ETHUSDT,ask,2570,3894.597
2024-09-04 03:23:17,ETHUSDT,bid,2350,4409.57
2024-09-04 03:23:24,ETHUSDT,bid,2250,4498.241
2024-09-04 03:24:27,ETHUSDT,ask,2590,5833.274
2024-09-04 03:27:16,ETHUSDT,bid,1960,5208.857
2024-09-04 03:31:37,ETHUSDT,bid,2140,4989.312
2024-09-04 03:34:23,ETHUSDT,bid,2360,4298.529
