2024-09-01 07:02:57,BTCUSDT,ask,59900,632.387
2024-09-01 07:04:02,BTCUSDT,bid,55800,735.752
2024-09-01 07:04:32,BTCUSDT,ask,59900,632.555
2024-09-01 07:05:37,BTCUSDT,bid,47100,800.035
2024-09-01 07:05:37,BTCUSDT,bid,47100,800.035
2024-09-01 07:05:37,BTCUSDT,bid,47100,800.035
2024-09-01 07:05:37,BTCUSDT,bid,47100,800.032
2024-09-01 07:05:37,BTCUSDT,bid,47100,800.032
2024-09-01 07:05:38,BTCUSDT,bid,47100,800.032
2024-09-01 07:05:38,BTCUSDT,bid,47100,800.032
2024-09-01 07:05:38,BTCUSDT,bid,47100,800.032
2024-09-01 07:05:38,BTCUSDT,bid,47100,800.032
2024-09-01 07:05:39,BTCUSDT,bid,47100,800.035
2024-09-01 07:05:39,BTCUSDT,bid,47100,800.035
2024-09-01 07:05:39,BTCUSDT,bid,47100,800.032
2024-09-01 07:05:39,BTCUSDT,bid,47100,800.032
2024-09-01 07:05:39,BTCUSDT,bid,47100,800.036
2024-09-01 07:05:40,BTCUSDT,bid,47100,800.032
2024-09-01 07:05:40,BTCUSDT,bid,47100,800.032
2024-09-01 07:05:40,BTCUSDT,bid,47100,800.032
2024-09-01 07:05:40,BTCUSDT,bid,47100,800.032
2024-09-01 07:05:40,BTCUSDT,bid,47100,800.035
2024-09-01 07:05:41,BTCUSDT,bid,47100,800.032
2024-09-01 07:05:41,BTCUSDT,bid,47100,800.032
2024-09-01 07:05:41,BTCUSDT,bid,47100,800.032
2024-09-01 07:05:41,BTCUSDT,bid,47100,800.032
2024-09-01 07:05:41,BTCUSDT,bid,47100,800.032
2024-09-01 07:05:41,BTCUSDT,bid,47100,800.032
2024-09-01 07:05:42,BTCUSDT,bid,47100,800.032
2024-09-01 07:05:42,BTCUSDT,bid,47100,800.032
2024-09-01 07:05:42,BTCUSDT,bid,47100,800.032
2024-09-01 07:05:42,BTCUSDT,bid,47100,800.035
2024-09-01 07:05:43,BTCUSDT,bid,47100,800.032
2024-09-01 07:05:43,BTCUSDT,bid,47100,800.032
2024-09-01 07:05:43,BTCUSDT,bid,47100,800.035
2024-09-01 07:05:43,BTCUSDT,bid,47100,800.032
2024-09-01 07:05:44,BTCUSDT,bid,47100,800.032
2024-09-01 07:05:44,BTCUSDT,bid,47100,800.032
2024-09-01 07:05:44,BTCUSDT,bid,47100,800.032
2024-09-01 07:05:45,BTCUSDT,bid,47100,800.032
2024-09-01 07:05:45,BTCUSDT,bid,47100,800.032
2024-09-01 07:05:45,BTCUSDT,bid,47100,800.035
2024-09-01 07:05:45,BTCUSDT,bid,47100,800.032
2024-09-01 07:05:45,BTCUSDT,bid,47100,800.035
2024-09-01 07:05:45,BTCUSDT,bid,47100,800.035
2024-09-01 07:05:45,BTCUSDT,bid,47100,800.032
2024-09-01 07:05:46,BTCUSDT,bid,47100,800.032
2024-09-01 07:05:46,BTCUSDT,bid,47100,800.032
2024-09-01 07:05:46,BTCUSDT,bid,47100,800.032
2024-09-01 07:05:46,BTCUSDT,bid,47100,800.032
2024-09-01 07:05:46,BTCUSDT,bid,47100,800.032
2024-09-01 07:05:47,BTCUSDT,bid,47100,800.032
2024-09-01 07:05:47,BTCUSDT,bid,47100,800.032
2024-09-01 07:05:47,BTCUSDT,bid,47100,800.032
2024-09-01 07:05:47,BTCUSDT,bid,47100,800.032
2024-09-01 07:05:47,BTCUSDT,bid,47100,800.032
2024-09-01 07:05:48,BTCUSDT,bid,47100,800.032
2024-09-01 07:05:48,BTCUSDT,bid,47100,800.035
2024-09-01 07:05:48,BTCUSDT,bid,47100,800.032
2024-09-01 07:05:48,BTCUSDT,bid,47100,800.035
2024-09-01 07:05:48,BTCUSDT,bid,47100,800.039
2024-09-01 07:05:48,BTCUSDT,bid,47100,800.032
2024-09-01 07:05:49,BTCUSDT,bid,47100,800.035
2024-09-01 07:05:49,BTCUSDT,bid,47100,800.032
2024-09-01 07:05:49,BTCUSDT,bid,47100,800.032
2024-09-01 07:05:50,BTCUSDT,bid,47100,800.035
2024-09-01 07:05:50,BTCUSDT,bid,47100,800.036
2024-09-01 07:05:50,BTCUSDT,bid,47100,800.032
2024-09-01 07:05:50,BTCUSDT,bid,47100,800.035
2024-09-01 07:05:50,BTCUSDT,bid,47100,800.032
2024-09-01 07:05:50,BTCUSDT,bid,47100,800.032
2024-09-01 07:05:50,BTCUSDT,bid,47100,800.035
2024-09-01 07:05:50,BTCUSDT,bid,47100,800.032
2024-09-01 07:08:10,BTCUSDT,ask,59900,632.355
2024-09-01 07:09:03,BTCUSDT,ask,59900,632.352
2024-09-01 07:11:22,BTCUSDT,ask,59900,632.35
2024-09-01 07:12:24,BTCUSDT,ask,59900,632.353
2024-09-01 07:13:58,BTCUSDT,ask,59900,633.17
2024-09-01 07:14:16,BTCUSDT,bid,47000,894.775
2024-09-01 07:14:28,BTCUSDT,ask,59900,632.353
2024-09-01 07:16:14,BTCUSDT,ask,59900,632.396
2024-09-01 07:16:35,BTCUSDT,ask,59900,632.394
2024-09-01 07:17:31,BTCUSDT,ask,59900,632.352
2024-09-01 07:22:17,BTCUSDT,bid,55800,735.599
2024-09-01 07:22:44,BTCUSDT,ask,59900,632.368
2024-09-01 07:23:23,BTCUSDT,ask,59900,632.364
2024-09-01 07:25:36,BTCUSDT,bid,47100,800.032
2024-09-01 07:27:41,BTCUSDT,ask,59900,632.454
2024-09-01 07:28:58,BTCUSDT,ask,59900,632.448
2024-09-01 07:29:22,BTCUSDT,bid,47000,894.525
2024-09-01 07:35:39,BTCUSDT,ask,59900,632.451
2024-09-01 07:43:22,BTCUSDT,bid,55800,735.593
2024-09-01 07:43:51,BTCUSDT,ask,59900,632.951
2024-09-01 07:43:52,BTCUSDT,bid,47000,894.521
2024-09-01 07:47:18,BTCUSDT,ask,59900,632.451
2024-09-01 07:51:28,BTCUSDT,bid,55800,735.567
2024-09-01 07:56:20,BTCUSDT,ask,59900,632.525
2024-09-01 07:57:38,BTCUSDT,ask,59900,632.509
2024-09-01 07:58:09,BTCUSDT,bid,55800,735.805
2024-09-01 07:58:29,BTCUSDT,bid,55800,735.567
2024-09-01 08:00:35,BTCUSDT,ask,59900,632.259
2024-09-01 08:07:39,BTCUSDT,bid,47000,894.512
2024-09-01 08:08:42,BTCUSDT,ask,59900,632.159
2024-09-01 08:08:55,BTCUSDT,ask,59900,632.162
2024-09-01 08:12:57,BTCUSDT,ask,59900,632.167
2024-09-01 08:14:51,BTCUSDT,ask,59900,632.028
2024-09-01 08:16:26,BTCUSDT,ask,59900,632.025
2024-09-01 08:19:17,BTCUSDT,ask,59900,633.726
2024-09-01 08:20:22,BTCUSDT,bid,55800,735.575
2024-09-01 08:20:44,BTCUSDT,ask,59900,633.728
2024-09-01 08:27:04,BTCUSDT,ask,59900,633.635
2024-09-01 08:27:46,BTCUSDT,ask,59900,633.605
2024-09-01 08:28:31,BTCUSDT,bid,47000,894.412
2024-09-01 08:34:27,BTCUSDT,ask,59900,633.61
2024-09-01 08:37:27,BTCUSDT,ask,59900,633.613
2024-09-01 08:39:47,BTCUSDT,ask,59900,633.61
2024-09-01 08:40:51,BTCUSDT,ask,59900,633.66
2024-09-01 08:44:39,BTCUSDT,bid,55800,735.587
2024-09-01 08:45:28,BTCUSDT,bid,47000,894.438
2024-09-01 08:49:27,BTCUSDT,ask,59900,633.577
2024-09-01 08:50:30,BTCUSDT,ask,59900,633.574
2024-09-01 09:00:14,BTCUSDT,ask,59900,633.774
2024-09-01 09:00:16,BTCUSDT,ask,59900,633.574
2024-09-01 09:00:17,BTCUSDT,ask,59900,633.774
2024-09-01 09:00:19,BTCUSDT,ask,59900,633.574
2024-09-01 09:00:21,BTCUSDT,ask,59900,633.774
2024-09-01 09:00:23,BTCUSDT,ask,59900,633.574
2024-09-01 09:00:24,BTCUSDT,ask,59900,633.774
2024-09-01 09:00:26,BTCUSDT,ask,59900,633.574
2024-09-01 09:00:28,BTCUSDT,ask,59900,633.774
2024-09-01 09:00:30,BTCUSDT,ask,59900,633.574
2024-09-01 09:00:31,BTCUSDT,ask,59900,633.774
2024-09-01 09:00:33,BTCUSDT,ask,59900,633.574
2024-09-01 09:00:35,BTCUSDT,ask,59900,633.774
2024-09-01 09:00:37,BTCUSDT,ask,59900,633.574
2024-09-01 09:02:27,BTCUSDT,ask,59900,633.774
2024-09-01 09:02:29,BTCUSDT,ask,59900,633.574
2024-09-01 09:02:31,BTCUSDT,ask,59900,633.774
2024-09-01 09:02:33,BTCUSDT,ask,59900,633.574
2024-09-01 09:02:36,BTCUSDT,ask,59900,633.574
2024-09-01 09:02:38,BTCUSDT,ask,59900,633.706
2024-09-01 09:04:10,BTCUSDT,bid,55800,735.585
2024-09-01 09:04:51,BTCUSDT,ask,59900,633.906
2024-09-01 09:04:54,BTCUSDT,ask,59900,633.706
2024-09-01 09:04:55,BTCUSDT,ask,59900,633.906
2024-09-01 09:04:57,BTCUSDT,ask,59900,633.706
2024-09-01 09:04:59,BTCUSDT,ask,59900,633.906
2024-09-01 09:05:01,BTCUSDT,ask,59900,633.706
2024-09-01 09:05:23,BTCUSDT,ask,59900,633.906
2024-09-01 09:05:25,BTCUSDT,ask,59900,633.706
2024-09-01 09:05:27,BTCUSDT,ask,59900,633.906
2024-09-01 09:05:29,BTCUSDT,ask,59900,633.706
2024-09-01 09:05:32,BTCUSDT,ask,59900,633.706
2024-09-01 09:06:14,BTCUSDT,ask,59900,633.552
2024-09-01 09:06:19,BTCUSDT,ask,59900,633.752
2024-09-01 09:07:17,BTCUSDT,ask,59900,633.458
2024-09-01 09:07:17,BTCUSDT,bid,47000,894.443
2024-09-01 09:07:25,BTCUSDT,bid,47000,894.446
2024-09-01 09:08:54,BTCUSDT,ask,59900,631.8
2024-09-01 09:08:57,BTCUSDT,bid,55800,735.591
2024-09-01 09:09:18,BTCUSDT,bid,47000,894.584
2024-09-01 09:11:59,BTCUSDT,ask,59900,631.75
2024-09-01 09:12:12,BTCUSDT,bid,55800,735.587
2024-09-01 09:12:12,BTCUSDT,ask,59900,631.747
2024-09-01 09:12:25,BTCUSDT,bid,55800,735.845
2024-09-01 09:12:30,BTCUSDT,bid,55800,740.423
2024-09-01 09:13:21,BTCUSDT,bid,55800,740.429
2024-09-01 09:13:22,BTCUSDT,ask,59900,633.513
2024-09-01 09:14:48,BTCUSDT,ask,59900,633.51
2024-09-01 09:16:50,BTCUSDT,bid,55800,740.425
2024-09-01 09:17:41,BTCUSDT,ask,59900,633.526
2024-09-01 09:20:17,BTCUSDT,bid,55800,740.427
2024-09-01 09:21:13,BTCUSDT,ask,59900,633.381
2024-09-01 09:21:21,BTCUSDT,ask,59900,633.365
2024-09-01 09:21:27,BTCUSDT,bid,55800,740.429
2024-09-01 09:22:08,BTCUSDT,ask,59900,633.315
2024-09-01 09:22:58,BTCUSDT,bid,55800,740.492
2024-09-01 09:23:18,BTCUSDT,bid,55800,740.501
2024-09-01 09:23:19,BTCUSDT,ask,59900,631.212
2024-09-01 09:23:55,BTCUSDT,ask,59900,630.907
2024-09-01 09:24:08,BTCUSDT,ask,59900,630.901
2024-09-01 09:25:08,BTCUSDT,bid,55800,740.243
2024-09-01 09:25:38,BTCUSDT,bid,55800,740.207
2024-09-01 09:25:42,BTCUSDT,bid,47000,894.589
2024-09-01 09:25:51,BTCUSDT,ask,59900,630.789
2024-09-01 09:25:58,BTCUSDT,bid,55800,735.629
2024-09-01 09:26:23,BTCUSDT,ask,59900,630.762
2024-09-01 09:27:01,BTCUSDT,ask,59900,630.756
2024-09-01 09:27:33,BTCUSDT,bid,47000,894.643
2024-09-01 09:28:11,BTCUSDT,ask,59900,630.715
2024-09-01 09:29:06,BTCUSDT,bid,55800,735.632
2024-09-01 09:29:27,BTCUSDT,ask,59900,630.711
2024-09-01 09:29:57,BTCUSDT,bid,47000,894.649
2024-09-01 09:30:09,BTCUSDT,bid,55800,735.652
2024-09-01 09:33:06,BTCUSDT,bid,55800,735.883
2024-09-01 09:33:51,BTCUSDT,bid,55800,735.519
2024-09-01 09:34:34,BTCUSDT,bid,55800,735.514
2024-09-01 09:35:58,BTCUSDT,bid,47000,894.595
2024-09-01 09:36:24,BTCUSDT,bid,55800,735.508
2024-09-01 09:36:25,BTCUSDT,ask,59900,630.1
2024-09-01 09:36:30,BTCUSDT,bid,55800,742.712
2024-09-01 09:37:54,BTCUSDT,bid,55800,742.481
2024-09-01 09:39:26,BTCUSDT,ask,59900,630.06
2024-09-01 09:41:41,BTCUSDT,ask,59900,630.042
2024-09-01 09:43:24,BTCUSDT,bid,47000,894.589
2024-09-01 09:43:35,BTCUSDT,bid,55800,742.418
2024-09-01 09:43:45,BTCUSDT,bid,55800,742.427
2024-09-01 09:44:12,BTCUSDT,ask,59900,630.125
2024-09-01 09:45:48,BTCUSDT,bid,47300,805.912
2024-09-01 09:48:22,BTCUSDT,ask,59900,630.116
2024-09-01 09:49:56,BTCUSDT,bid,55800,742.429
2024-09-01 09:49:56,BTCUSDT,ask,59900,630.118
2024-09-01 09:50:00,BTCUSDT,bid,55800,742.529
2024-09-01 09:50:47,BTCUSDT,ask,59900,630.144
2024-09-01 09:51:36,BTCUSDT,ask,59900,630.15
2024-09-01 09:52:04,BTCUSDT,bid,55800,742.566
2024-09-01 09:52:20,BTCUSDT,bid,55800,742.529
2024-09-01 09:52:36,BTCUSDT,bid,55800,742.547
2024-09-01 09:53:28,BTCUSDT,bid,47000,894.592
2024-09-01 09:54:02,BTCUSDT,ask,59900,630.132
2024-09-01 09:54:24,BTCUSDT,ask,59900,630.049
2024-09-01 09:55:16,BTCUSDT,ask,59900,629.999
2024-09-01 09:56:32,BTCUSDT,ask,59900,629.983
2024-09-01 09:56:59,BTCUSDT,ask,59900,629.908
2024-09-01 09:58:25,BTCUSDT,ask,59900,629.8
2024-09-01 10:00:06,BTCUSDT,bid,55800,742.536
2024-09-01 10:00:37,BTCUSDT,ask,59900,629.742
2024-09-01 10:03:30,BTCUSDT,ask,59900,628.038
2024-09-01 10:06:05,BTCUSDT,bid,55800,743.013
2024-09-01 10:09:38,BTCUSDT,bid,55800,742.481
2024-09-01 10:13:06,BTCUSDT,bid,55800,742.57
2024-09-01 10:14:00,BTCUSDT,bid,47300,805.881
2024-09-01 10:14:29,BTCUSDT,ask,59900,627.962
2024-09-01 10:14:48,BTCUSDT,ask,59900,627.978
2024-09-01 10:14:55,BTCUSDT,ask,59900,627.994
2024-09-01 10:16:23,BTCUSDT,ask,59900,627.92
2024-09-01 10:16:48,BTCUSDT,ask,59900,627.917
2024-09-01 10:17:09,BTCUSDT,bid,55800,742.559
2024-09-01 10:17:26,BTCUSDT,bid,47000,895.431
2024-09-01 10:17:37,BTCUSDT,bid,47000,895.436
2024-09-01 10:18:12,BTCUSDT,bid,47000,896.463
2024-09-01 10:18:48,BTCUSDT,ask,59900,627.929
2024-09-01 10:21:44,BTCUSDT,ask,59900,627.967
2024-09-01 10:22:57,BTCUSDT,ask,59900,627.891
2024-09-01 10:23:01,BTCUSDT,ask,59900,627.883
2024-09-01 10:23:30,BTCUSDT,bid,47000,896.466
2024-09-01 10:24:13,BTCUSDT,ask,59900,628.057
2024-09-01 10:26:38,BTCUSDT,ask,59900,628.059
2024-09-01 10:26:56,BTCUSDT,ask,59900,628.033
2024-09-01 10:27:04,BTCUSDT,ask,59900,628.032
2024-09-01 10:27:21,BTCUSDT,bid,55800,742.561
2024-09-01 10:27:42,BTCUSDT,ask,59900,628.027
2024-09-01 10:27:50,BTCUSDT,ask,59900,628.028
2024-09-01 10:30:51,BTCUSDT,ask,59900,628.012
2024-09-01 10:31:56,BTCUSDT,bid,47000,896.29
2024-09-01 10:32:14,BTCUSDT,ask,59900,628.061
2024-09-01 10:33:25,BTCUSDT,bid,55800,742.461
2024-09-01 10:33:42,BTCUSDT,ask,59900,628.07
2024-09-01 10:39:46,BTCUSDT,ask,59900,628.064
2024-09-01 10:40:03,BTCUSDT,ask,59900,627.991
2024-09-01 10:43:39,BTCUSDT,ask,59900,627.979
2024-09-01 10:50:41,BTCUSDT,ask,59900,627.963
2024-09-01 10:50:50,BTCUSDT,ask,59900,627.947
2024-09-01 10:54:10,BTCUSDT,bid,47000,896.293
2024-09-01 11:00:06,BTCUSDT,ask,59900,628.03
2024-09-01 11:00:29,BTCUSDT,ask,59900,628.022
2024-09-01 11:00:42,BTCUSDT,ask,59900,628.105
2024-09-01 11:04:37,BTCUSDT,ask,59900,628.066
2024-09-01 11:05:15,BTCUSDT,ask,59900,628.061
2024-09-01 11:08:53,BTCUSDT,bid,55800,741.984
2024-09-01 11:10:16,BTCUSDT,ask,59900,627.978
2024-09-01 11:20:04,BTCUSDT,bid,55800,741.268
2024-09-01 11:20:36,BTCUSDT,bid,55800,740.268
2024-09-01 11:20:48,BTCUSDT,bid,55800,740.251
2024-09-01 11:21:08,BTCUSDT,bid,47000,896.307
2024-09-01 11:21:29,BTCUSDT,ask,59900,627.013
2024-09-01 11:21:38,BTCUSDT,ask,59900,626.897
2024-09-01 11:22:14,BTCUSDT,ask,59900,626.732
2024-09-01 11:24:43,BTCUSDT,bid,58400,513.889
2024-09-01 11:24:43,BTCUSDT,bid,58400,513.884
2024-09-01 11:24:43,BTCUSDT,bid,58400,516.962
2024-09-01 11:24:43,BTCUSDT,bid,58400,518.501
2024-09-01 11:28:20,BTCUSDT,ask,59900,626.817
2024-09-01 11:33:44,BTCUSDT,ask,59900,626.807
2024-09-01 11:34:00,BTCUSDT,bid,55800,739.893
2024-09-01 11:34:36,BTCUSDT,ask,59900,626.791
2024-09-01 11:36:02,BTCUSDT,bid,55800,740.251
2024-09-01 11:37:34,BTCUSDT,ask,59900,626.784
2024-09-01 11:38:53,BTCUSDT,bid,55800,740.248
2024-09-01 11:44:44,BTCUSDT,bid,55800,740.472
2024-09-01 11:44:56,BTCUSDT,bid,55800,741.472
2024-09-01 11:55:47,BTCUSDT,bid,55800,741.248
2024-09-01 11:56:50,BTCUSDT,bid,55800,741.696
2024-09-01 11:58:30,BTCUSDT,bid,55800,741.702
2024-09-01 12:02:13,BTCUSDT,ask,59900,626.785
2024-09-01 12:02:49,BTCUSDT,ask,59000,580.891
2024-09-01 12:03:25,BTCUSDT,ask,59000,580.891
2024-09-01 12:06:49,BTCUSDT,bid,55800,741.813
2024-09-01 12:06:56,BTCUSDT,ask,59000,577.375
2024-09-01 12:06:57,BTCUSDT,ask,59000,579.907
2024-09-01 12:07:08,BTCUSDT,ask,59000,577.375
2024-09-01 12:07:23,BTCUSDT,ask,59000,579.907
2024-09-01 12:07:29,BTCUSDT,bid,55800,741.927
2024-09-01 12:07:39,BTCUSDT,ask,59000,579.91
2024-09-01 12:07:39,BTCUSDT,ask,59900,626.788
2024-09-01 12:08:10,BTCUSDT,ask,59000,579.92
2024-09-01 12:08:52,BTCUSDT,ask,59000,579.917
2024-09-01 12:09:32,BTCUSDT,ask,59000,579.889
2024-09-01 12:10:04,BTCUSDT,ask,59000,580.736
2024-09-01 12:10:11,BTCUSDT,ask,59000,580.743
2024-09-01 12:10:18,BTCUSDT,ask,59000,580.709
2024-09-01 12:11:47,BTCUSDT,bid,55800,740.927
2024-09-01 12:12:36,BTCUSDT,ask,59000,580.719
2024-09-01 12:13:13,BTCUSDT,ask,59000,578.58
2024-09-01 12:13:17,BTCUSDT,ask,59000,578.569
2024-09-01 12:13:51,BTCUSDT,bid,47000,897.258
2024-09-01 12:13:53,BTCUSDT,ask,59000,578.561
2024-09-01 12:13:54,BTCUSDT,bid,55800,740.963
2024-09-01 12:14:24,BTCUSDT,bid,55800,740.966
2024-09-01 12:14:41,BTCUSDT,ask,59000,578.563
2024-09-01 12:15:34,BTCUSDT,ask,59000,578.479
2024-09-01 12:15:36,BTCUSDT,ask,59000,578.499
2024-09-01 12:15:37,BTCUSDT,bid,55800,741.131
2024-09-01 12:15:47,BTCUSDT,ask,59000,578.668
2024-09-01 12:15:52,BTCUSDT,ask,59000,578.678
2024-09-01 12:16:24,BTCUSDT,ask,59000,578.598
2024-09-01 12:17:25,BTCUSDT,ask,59000,578.6
2024-09-01 12:17:37,BTCUSDT,bid,55800,741.148
2024-09-01 12:17:40,BTCUSDT,ask,59000,578.799
2024-09-01 12:18:07,BTCUSDT,bid,55800,741.15
2024-09-01 12:18:17,BTCUSDT,ask,59000,578.793
2024-09-01 12:18:20,BTCUSDT,ask,59000,581.793
2024-09-01 12:18:23,BTCUSDT,ask,59900,626.521
2024-09-01 12:18:37,BTCUSDT,ask,59000,578.793
2024-09-01 12:19:22,BTCUSDT,ask,59000,578.834
2024-09-01 12:19:28,BTCUSDT,ask,59000,578.839
2024-09-01 12:20:12,BTCUSDT,ask,59000,578.841
2024-09-01 12:20:21,BTCUSDT,ask,59000,578.839
2024-09-01 12:20:36,BTCUSDT,ask,59900,626.56
2024-09-01 12:21:02,BTCUSDT,bid,47000,896.307
2024-09-01 12:21:29,BTCUSDT,ask,59000,576.307
2024-09-01 12:22:02,BTCUSDT,ask,59000,576.319
2024-09-01 12:22:30,BTCUSDT,ask,59900,626.538
2024-09-01 12:23:17,BTCUSDT,bid,55800,741.15
2024-09-01 12:23:20,BTCUSDT,bid,55800,733.946
2024-09-01 12:23:35,BTCUSDT,ask,59000,575.976
2024-09-01 12:23:42,BTCUSDT,ask,59000,575.98
2024-09-01 12:24:48,BTCUSDT,ask,59000,576.218
2024-09-01 12:24:52,BTCUSDT,ask,59000,576.418
2024-09-01 12:24:56,BTCUSDT,ask,59000,576.367
2024-09-01 12:24:57,BTCUSDT,bid,47000,894.818
2024-09-01 12:25:01,BTCUSDT,ask,59000,576.369
2024-09-01 12:25:03,BTCUSDT,ask,59000,576.371
2024-09-01 12:25:27,BTCUSDT,ask,59000,576.353
2024-09-01 12:25:37,BTCUSDT,ask,59000,577.344
2024-09-01 12:26:13,BTCUSDT,ask,59000,577.346
2024-09-01 12:26:15,BTCUSDT,ask,59000,577.388
2024-09-01 12:26:25,BTCUSDT,ask,59000,577.522
2024-09-01 12:27:02,BTCUSDT,ask,59000,576.47
2024-09-01 12:27:08,BTCUSDT,bid,55800,733.946
2024-09-01 12:27:08,BTCUSDT,bid,55800,733.946
2024-09-01 12:27:08,BTCUSDT,bid,55800,733.946
2024-09-01 12:27:08,BTCUSDT,bid,55800,733.948
2024-09-01 12:27:09,BTCUSDT,bid,55800,733.946
2024-09-01 12:27:09,BTCUSDT,ask,59000,576.469
2024-09-01 12:27:44,BTCUSDT,ask,59000,576.802
2024-09-01 12:27:53,BTCUSDT,bid,55800,733.996
2024-09-01 12:27:53,BTCUSDT,bid,55800,733.831
2024-09-01 12:28:02,BTCUSDT,ask,59000,576.788
2024-09-01 12:28:04,BTCUSDT,ask,59000,576.783
2024-09-01 12:28:04,BTCUSDT,ask,59000,576.991
2024-09-01 12:28:14,BTCUSDT,ask,59900,626.656
2024-09-01 12:28:18,BTCUSDT,ask,59000,577.44
2024-09-01 12:28:36,BTCUSDT,ask,59000,577.268
2024-09-01 12:28:42,BTCUSDT,ask,59000,577.27
2024-09-01 12:28:53,BTCUSDT,ask,59000,577.275
2024-09-01 12:29:03,BTCUSDT,ask,59000,577.247
2024-09-01 12:29:13,BTCUSDT,ask,59000,577.245
2024-09-01 12:29:14,BTCUSDT,ask,59000,577.247
2024-09-01 12:29:19,BTCUSDT,ask,59000,577.263
2024-09-01 12:29:19,BTCUSDT,ask,59900,626.661
2024-09-01 12:29:25,BTCUSDT,ask,59000,577.27
2024-09-01 12:29:26,BTCUSDT,ask,59000,577.291
2024-09-01 12:29:30,BTCUSDT,ask,59000,577.298
2024-09-01 12:29:35,BTCUSDT,ask,59000,577.345
2024-09-01 12:29:52,BTCUSDT,ask,59000,577.348
2024-09-01 12:30:03,BTCUSDT,ask,59000,577.254
2024-09-01 12:30:08,BTCUSDT,ask,59000,577.252
2024-09-01 12:30:08,BTCUSDT,ask,59900,626.663
2024-09-01 12:30:11,BTCUSDT,ask,59000,577.12
2024-09-01 12:30:39,BTCUSDT,ask,59000,577.121
2024-09-01 12:30:43,BTCUSDT,ask,59000,577.206
2024-09-01 12:30:50,BTCUSDT,ask,59000,577.159
2024-09-01 12:31:04,BTCUSDT,ask,59000,577.356
2024-09-01 12:31:09,BTCUSDT,ask,59000,577.35
2024-09-01 12:31:26,BTCUSDT,ask,59000,577.352
2024-09-01 12:31:30,BTCUSDT,bid,55800,743.831
2024-09-01 12:31:33,BTCUSDT,ask,59000,577.652
2024-09-01 12:31:36,BTCUSDT,bid,47000,893.791
2024-09-01 12:31:41,BTCUSDT,ask,59900,626.658
2024-09-01 12:31:44,BTCUSDT,ask,59000,577.65
2024-09-01 12:31:49,BTCUSDT,ask,59000,577.647
2024-09-01 12:32:00,BTCUSDT,ask,59000,577.65
2024-09-01 12:32:03,BTCUSDT,ask,59000,577.644
2024-09-01 12:32:06,BTCUSDT,bid,47000,893.367
2024-09-01 12:32:08,BTCUSDT,ask,59000,577.636
2024-09-01 12:32:12,BTCUSDT,ask,59000,577.644
2024-09-01 12:32:14,BTCUSDT,bid,55800,743.834
2024-09-01 12:32:16,BTCUSDT,ask,59000,577.813
2024-09-01 12:32:19,BTCUSDT,ask,59000,577.86
2024-09-01 12:32:35,BTCUSDT,ask,59000,577.838
2024-09-01 12:33:04,BTCUSDT,ask,59900,624.941
2024-09-01 12:33:27,BTCUSDT,ask,59900,624.904
2024-09-01 12:33:30,BTCUSDT,ask,59000,577.834
2024-09-01 12:33:43,BTCUSDT,ask,59000,577.84
2024-09-01 12:34:17,BTCUSDT,ask,59000,577.845
2024-09-01 12:34:20,BTCUSDT,bid,47000,893.37
2024-09-01 12:34:28,BTCUSDT,ask,59000,577.854
2024-09-01 12:34:31,BTCUSDT,ask,59000,578.282
2024-09-01 12:34:42,BTCUSDT,ask,59000,578.284
2024-09-01 12:34:52,BTCUSDT,ask,59000,578.264
2024-09-01 12:34:54,BTCUSDT,ask,59000,579.677
2024-09-01 12:35:04,BTCUSDT,bid,55800,743.785
2024-09-01 12:35:04,BTCUSDT,bid,47000,893.793
2024-09-01 12:35:05,BTCUSDT,bid,55800,713.785
2024-09-01 12:35:08,BTCUSDT,bid,55800,713.781
2024-09-01 12:35:09,BTCUSDT,ask,59000,579.68
2024-09-01 12:35:09,BTCUSDT,ask,59900,624.907
2024-09-01 12:35:19,BTCUSDT,ask,59000,580.032
2024-09-01 12:35:26,BTCUSDT,ask,59000,580.022
2024-09-01 12:35:28,BTCUSDT,ask,59000,580.02
2024-09-01 12:35:38,BTCUSDT,bid,55800,713.881
2024-09-01 12:35:47,BTCUSDT,ask,59000,580.011
2024-09-01 12:35:49,BTCUSDT,ask,59000,580.014
2024-09-01 12:35:56,BTCUSDT,ask,59000,579.662
2024-09-01 12:36:04,BTCUSDT,bid,55800,714.081
2024-09-01 12:36:06,BTCUSDT,ask,59900,624.907
2024-09-01 12:36:06,BTCUSDT,ask,59900,624.907
2024-09-01 12:36:07,BTCUSDT,ask,59900,624.907
2024-09-01 12:36:07,BTCUSDT,ask,59900,624.907
2024-09-01 12:36:07,BTCUSDT,ask,59900,624.907
2024-09-01 12:36:07,BTCUSDT,ask,59900,624.907
2024-09-01 12:36:07,BTCUSDT,ask,59900,624.907
2024-09-01 12:36:08,BTCUSDT,ask,59900,624.907
2024-09-01 12:36:19,BTCUSDT,ask,59000,580.038
2024-09-01 12:36:19,BTCUSDT,bid,55800,714.091
2024-09-01 12:36:22,BTCUSDT,ask,59000,580.005
2024-09-01 12:36:36,BTCUSDT,bid,55800,713.891
2024-09-01 12:36:40,BTCUSDT,bid,55800,713.896
2024-09-01 12:36:40,BTCUSDT,ask,59000,580.009
2024-09-01 12:36:40,BTCUSDT,ask,59900,624.911
2024-09-01 12:36:52,BTCUSDT,ask,59000,579.942
2024-09-01 12:36:52,BTCUSDT,ask,59000,579.95
2024-09-01 12:37:06,BTCUSDT,ask,59000,579.935
2024-09-01 12:37:11,BTCUSDT,ask,59900,624.911
2024-09-01 12:37:11,BTCUSDT,ask,59000,579.925
2024-09-01 12:37:11,BTCUSDT,ask,59900,624.911
2024-09-01 12:37:11,BTCUSDT,ask,59900,624.913
2024-09-01 12:37:11,BTCUSDT,ask,59900,624.911
2024-09-01 12:37:11,BTCUSDT,ask,59900,624.911
2024-09-01 12:37:12,BTCUSDT,ask,59900,624.911
2024-09-01 12:37:12,BTCUSDT,ask,59900,624.911
2024-09-01 12:37:32,BTCUSDT,bid,55800,713.785
2024-09-01 12:37:53,BTCUSDT,bid,55800,713.535
2024-09-01 12:38:09,BTCUSDT,ask,59000,580.035
2024-09-01 12:38:20,BTCUSDT,ask,59000,579.755
2024-09-01 12:38:24,BTCUSDT,ask,59000,579.655
2024-09-01 12:38:32,BTCUSDT,ask,59000,579.57
2024-09-01 12:38:45,BTCUSDT,ask,59000,579.59
2024-09-01 12:39:01,BTCUSDT,bid,55800,713.537
2024-09-01 12:39:07,BTCUSDT,ask,59000,579.605
2024-09-01 12:39:10,BTCUSDT,ask,59000,579.611
2024-09-01 12:39:18,BTCUSDT,ask,59000,579.621
2024-09-01 12:39:30,BTCUSDT,bid,55800,713.583
2024-09-01 12:39:51,BTCUSDT,ask,59000,579.516
2024-09-01 12:39:57,BTCUSDT,bid,55800,713.637
2024-09-01 12:40:18,BTCUSDT,ask,59900,624.91
2024-09-01 12:40:27,BTCUSDT,ask,59000,579.511
2024-09-01 12:40:32,BTCUSDT,bid,55800,713.639
2024-09-01 12:40:36,BTCUSDT,bid,47000,894.793
2024-09-01 12:40:37,BTCUSDT,ask,59000,579.763
2024-09-01 12:40:38,BTCUSDT,ask,59000,579.574
2024-09-01 12:40:40,BTCUSDT,bid,55800,712.385
2024-09-01 12:40:44,BTCUSDT,bid,55800,712.516
2024-09-01 12:40:44,BTCUSDT,ask,59000,579.564
2024-09-01 12:40:58,BTCUSDT,ask,59000,579.61
2024-09-01 12:41:06,BTCUSDT,bid,47000,894.772
2024-09-01 12:41:08,BTCUSDT,bid,55800,712.536
2024-09-01 12:41:16,BTCUSDT,ask,59900,624.911
2024-09-01 12:41:35,BTCUSDT,bid,55800,712.482
2024-09-01 12:41:36,BTCUSDT,ask,59000,579.612
2024-09-01 12:41:37,BTCUSDT,bid,55800,712.571
2024-09-01 12:41:54,BTCUSDT,ask,59000,579.305
2024-09-01 12:42:05,BTCUSDT,bid,55800,712.569
2024-09-01 12:42:08,BTCUSDT,ask,59000,580.644
2024-09-01 12:42:50,BTCUSDT,ask,59900,624.737
2024-09-01 12:42:55,BTCUSDT,bid,55800,712.533
2024-09-01 12:43:18,BTCUSDT,ask,59900,624.738
2024-09-01 12:43:19,BTCUSDT,bid,55800,712.383
2024-09-01 12:43:22,BTCUSDT,ask,59900,624.74
2024-09-01 12:43:35,BTCUSDT,ask,59900,624.759
2024-09-01 12:43:39,BTCUSDT,ask,59900,624.493
2024-09-01 12:43:40,BTCUSDT,ask,59000,580.656
2024-09-01 12:44:04,BTCUSDT,bid,55800,712.294
2024-09-01 12:44:42,BTCUSDT,ask,59000,580.664
2024-09-01 12:44:47,BTCUSDT,ask,59000,580.684
2024-09-01 12:45:09,BTCUSDT,bid,55800,712.306
2024-09-01 12:45:29,BTCUSDT,ask,59000,580.682
2024-09-01 12:45:35,BTCUSDT,ask,59000,580.698
2024-09-01 12:45:54,BTCUSDT,ask,59000,580.71
2024-09-01 12:45:58,BTCUSDT,ask,59000,580.744
2024-09-01 12:46:03,BTCUSDT,bid,55800,712.314
2024-09-01 12:46:04,BTCUSDT,bid,55800,712.39
2024-09-01 12:46:09,BTCUSDT,bid,55800,712.314
2024-09-01 12:46:33,BTCUSDT,ask,59900,624.593
2024-09-01 12:46:49,BTCUSDT,ask,59900,624.493
2024-09-01 12:47:17,BTCUSDT,bid,55800,712.305
2024-09-01 12:47:19,BTCUSDT,ask,59000,580.957
2024-09-01 12:47:23,BTCUSDT,ask,59000,581.66
2024-09-01 12:47:31,BTCUSDT,ask,59900,624.485
2024-09-01 12:47:41,BTCUSDT,bid,55800,712.307
2024-09-01 12:48:01,BTCUSDT,ask,59000,581.608
2024-09-01 12:48:19,BTCUSDT,ask,59000,582.108
2024-09-01 12:48:20,BTCUSDT,ask,59000,582.591
2024-09-01 12:48:50,BTCUSDT,ask,59000,582.593
2024-09-01 12:48:55,BTCUSDT,ask,59000,582.637
2024-09-01 12:49:00,BTCUSDT,bid,55800,712.378
2024-09-01 12:49:17,BTCUSDT,ask,59000,582.651
2024-09-01 12:49:30,BTCUSDT,ask,59000,582.659
2024-09-01 12:49:33,BTCUSDT,bid,55800,714.181
2024-09-01 12:49:58,BTCUSDT,ask,59000,582.808
2024-09-01 12:50:05,BTCUSDT,bid,55800,714.302
2024-09-01 12:50:07,BTCUSDT,ask,59000,582.828
2024-09-01 12:50:12,BTCUSDT,ask,59000,582.816
2024-09-01 12:50:19,BTCUSDT,bid,55800,714.31
2024-09-01 12:50:27,BTCUSDT,ask,59000,582.349
2024-09-01 12:50:54,BTCUSDT,ask,59000,582.351
2024-09-01 12:51:23,BTCUSDT,ask,59000,582.351
2024-09-01 12:51:37,BTCUSDT,ask,59000,582.395
2024-09-01 12:51:41,BTCUSDT,ask,59000,582.404
2024-09-01 12:51:44,BTCUSDT,ask,59000,582.104
2024-09-01 12:51:54,BTCUSDT,ask,59000,582.095
2024-09-01 12:52:20,BTCUSDT,ask,59000,581.993
2024-09-01 12:52:34,BTCUSDT,ask,59000,582.027
2024-09-01 12:53:28,BTCUSDT,ask,59000,581.856
2024-09-01 12:53:55,BTCUSDT,ask,59900,623.985
2024-09-01 12:53:59,BTCUSDT,ask,59000,581.814
2024-09-01 12:54:12,BTCUSDT,ask,59000,582.322
2024-09-01 12:54:18,BTCUSDT,ask,59000,582.287
2024-09-01 12:54:34,BTCUSDT,bid,55800,714.312
2024-09-01 12:54:34,BTCUSDT,ask,59000,582.035
2024-09-01 12:54:46,BTCUSDT,ask,59000,582.145
2024-09-01 12:55:13,BTCUSDT,ask,59900,623.886
2024-09-01 12:55:36,BTCUSDT,bid,47000,894.782
2024-09-01 12:55:50,BTCUSDT,ask,59000,582.341
2024-09-01 12:55:58,BTCUSDT,ask,59900,623.786
2024-09-01 12:56:09,BTCUSDT,ask,59000,582.13
2024-09-01 12:57:03,BTCUSDT,ask,59000,581.642
2024-09-01 12:57:52,BTCUSDT,bid,55800,714.318
2024-09-01 12:58:14,BTCUSDT,bid,55800,714.313
2024-09-01 12:58:14,BTCUSDT,ask,59000,581.472
2024-09-01 12:58:14,BTCUSDT,ask,59900,623.782
2024-09-01 12:58:17,BTCUSDT,ask,59000,581.463
2024-09-01 12:58:18,BTCUSDT,ask,59000,581.547
2024-09-01 12:58:47,BTCUSDT,ask,59900,623.787
2024-09-01 12:58:53,BTCUSDT,ask,59000,581.564
2024-09-01 12:59:00,BTCUSDT,ask,59000,580.222
2024-09-01 12:59:00,BTCUSDT,ask,59900,623.785
2024-09-01 12:59:13,BTCUSDT,bid,55800,714.316
2024-09-01 12:59:13,BTCUSDT,bid,55800,715.212
2024-09-01 12:59:14,BTCUSDT,bid,55800,714.316
2024-09-01 12:59:16,BTCUSDT,ask,59000,580.252
2024-09-01 12:59:24,BTCUSDT,bid,55800,714.318
2024-09-01 12:59:35,BTCUSDT,ask,59000,580.25
2024-09-01 12:59:35,BTCUSDT,ask,59000,580.24
2024-09-01 12:59:41,BTCUSDT,ask,59000,580.274
2024-09-01 13:00:06,BTCUSDT,bid,55800,714.316
2024-09-01 13:00:25,BTCUSDT,ask,59000,580.292
2024-09-01 13:00:27,BTCUSDT,bid,55800,714.27
2024-09-01 13:00:39,BTCUSDT,ask,59000,580.297
2024-09-01 13:01:04,BTCUSDT,ask,59000,580.302
2024-09-01 13:01:06,BTCUSDT,ask,59000,580.269
2024-09-01 13:01:18,BTCUSDT,ask,59000,580.253
2024-09-01 13:01:30,BTCUSDT,bid,55800,715.166
2024-09-01 13:01:31,BTCUSDT,bid,55800,714.27
2024-09-01 13:01:48,BTCUSDT,ask,59000,580.353
2024-09-01 13:01:50,BTCUSDT,ask,59000,580.371
2024-09-01 13:02:03,BTCUSDT,ask,59000,580.384
2024-09-01 13:02:08,BTCUSDT,ask,59000,580.388
2024-09-01 13:02:09,BTCUSDT,ask,59000,580.438
2024-09-01 13:02:20,BTCUSDT,ask,59000,580.624
2024-09-01 13:03:05,BTCUSDT,ask,59000,581.024
2024-09-01 13:03:13,BTCUSDT,bid,47000,894.82
2024-09-01 13:03:23,BTCUSDT,ask,59000,581.057
2024-09-01 13:03:43,BTCUSDT,ask,59000,581.062
2024-09-01 13:04:17,BTCUSDT,ask,59000,581.057
2024-09-01 13:04:17,BTCUSDT,ask,59900,623.778
2024-09-01 13:04:28,BTCUSDT,bid,55800,714.25
2024-09-01 13:04:41,BTCUSDT,ask,59000,581.067
2024-09-01 13:05:14,BTCUSDT,ask,59000,580.999
2024-09-01 13:05:20,BTCUSDT,bid,55800,714.249
2024-09-01 13:05:22,BTCUSDT,bid,55800,714.247
2024-09-01 13:05:34,BTCUSDT,ask,59000,581.041
2024-09-01 13:05:34,BTCUSDT,ask,59900,623.808
2024-09-01 13:05:45,BTCUSDT,ask,59000,581.075
2024-09-01 13:06:08,BTCUSDT,ask,59000,581.065
2024-09-01 13:06:18,BTCUSDT,ask,59000,581.068
2024-09-01 13:06:35,BTCUSDT,ask,59000,580.855
2024-09-01 13:06:43,BTCUSDT,ask,59000,582.855
2024-09-01 13:06:54,BTCUSDT,bid,47000,893.686
2024-09-01 13:06:55,BTCUSDT,ask,59000,582.989
2024-09-01 13:07:10,BTCUSDT,ask,59900,623.41
2024-09-01 13:07:20,BTCUSDT,ask,59000,583.989
2024-09-01 13:07:37,BTCUSDT,ask,59900,623.407
2024-09-01 13:07:42,BTCUSDT,ask,59000,583.987
2024-09-01 13:07:53,BTCUSDT,ask,59000,584.021
2024-09-01 13:08:22,BTCUSDT,ask,59000,584.026
2024-09-01 13:08:24,BTCUSDT,ask,59000,584.036
2024-09-01 13:09:31,BTCUSDT,ask,59000,582.283
2024-09-01 13:09:53,BTCUSDT,ask,59000,582.281
2024-09-01 13:10:48,BTCUSDT,ask,59000,582.586
2024-09-01 13:10:55,BTCUSDT,ask,59000,582.594
2024-09-01 13:11:15,BTCUSDT,ask,59000,582.596
2024-09-01 13:11:16,BTCUSDT,ask,59000,582.735
2024-09-01 13:11:18,BTCUSDT,ask,59000,582.819
2024-09-01 13:11:29,BTCUSDT,ask,59000,582.903
2024-09-01 13:11:46,BTCUSDT,bid,55800,714.251
2024-09-01 13:11:46,BTCUSDT,ask,59000,582.906
2024-09-01 13:11:46,BTCUSDT,ask,59900,623.41
2024-09-01 13:12:00,BTCUSDT,ask,59000,582.909
2024-09-01 13:12:19,BTCUSDT,ask,59000,583.766
2024-09-01 13:12:22,BTCUSDT,ask,59000,583.786
2024-09-01 13:12:46,BTCUSDT,ask,59000,583.786
2024-09-01 13:12:57,BTCUSDT,ask,59000,583.617
2024-09-01 13:13:09,BTCUSDT,ask,59000,583.653
2024-09-01 13:13:13,BTCUSDT,ask,59000,583.657
2024-09-01 13:13:22,BTCUSDT,ask,59000,583.697
2024-09-01 13:13:39,BTCUSDT,ask,59000,583.677
2024-09-01 13:13:52,BTCUSDT,ask,59000,583.724
2024-09-01 13:13:53,BTCUSDT,ask,59000,583.726
2024-09-01 13:13:57,BTCUSDT,ask,59000,583.743
2024-09-01 13:14:08,BTCUSDT,ask,59000,583.746
2024-09-01 13:14:24,BTCUSDT,ask,59900,623.369
2024-09-01 13:17:28,BTCUSDT,ask,59900,623.326
2024-09-01 13:18:12,BTCUSDT,ask,59900,620.326
2024-09-01 13:18:51,BTCUSDT,bid,55800,714.249
2024-09-01 13:19:16,BTCUSDT,bid,55800,714.252
2024-09-01 13:19:17,BTCUSDT,bid,55800,714.252
2024-09-01 13:19:17,BTCUSDT,bid,55800,714.255
2024-09-01 13:19:19,BTCUSDT,bid,55800,714.319
2024-09-01 13:19:19,BTCUSDT,bid,55800,714.322
2024-09-01 13:19:19,BTCUSDT,bid,55800,714.325
2024-09-01 13:19:19,BTCUSDT,bid,55800,714.328
2024-09-01 13:19:19,BTCUSDT,bid,55800,714.331
2024-09-01 13:19:20,BTCUSDT,bid,55800,714.334
2024-09-01 13:19:20,BTCUSDT,bid,55800,714.34
2024-09-01 13:19:21,BTCUSDT,bid,55800,714.34
2024-09-01 13:19:21,BTCUSDT,bid,55800,714.343
2024-09-01 13:19:21,BTCUSDT,bid,55800,714.346
2024-09-01 13:19:21,BTCUSDT,bid,55800,714.349
2024-09-01 13:19:23,BTCUSDT,bid,55800,714.352
2024-09-01 13:19:24,BTCUSDT,bid,55800,714.355
2024-09-01 13:19:24,BTCUSDT,bid,55800,714.358
2024-09-01 13:19:25,BTCUSDT,bid,55800,714.361
2024-09-01 13:19:27,BTCUSDT,bid,55800,714.364
2024-09-01 13:19:28,BTCUSDT,bid,55800,714.367
2024-09-01 13:19:29,BTCUSDT,bid,55800,714.37
2024-09-01 13:19:30,BTCUSDT,bid,55800,714.373
2024-09-01 13:19:32,BTCUSDT,bid,55800,714.376
2024-09-01 13:19:32,BTCUSDT,bid,47300,805.831
2024-09-01 13:19:32,BTCUSDT,bid,55800,714.379
2024-09-01 13:19:32,BTCUSDT,bid,55800,714.382
2024-09-01 13:19:32,BTCUSDT,bid,55800,714.385
2024-09-01 13:19:48,BTCUSDT,bid,55800,714.321
2024-09-01 13:19:52,BTCUSDT,bid,55800,714.931
2024-09-01 13:21:24,BTCUSDT,bid,55800,714.321
2024-09-01 13:21:36,BTCUSDT,bid,55800,714.931
2024-09-01 13:21:40,BTCUSDT,ask,59900,620.325
2024-09-01 13:23:26,BTCUSDT,bid,55800,704.931
2024-09-01 13:23:56,BTCUSDT,bid,55800,704.919
2024-09-01 13:24:53,BTCUSDT,bid,55800,704.309
2024-09-01 13:27:28,BTCUSDT,ask,59900,620.322
2024-09-01 13:28:26,BTCUSDT,bid,47300,805.925
2024-09-01 13:28:32,BTCUSDT,bid,47300,805.831
2024-09-01 13:29:24,BTCUSDT,bid,47300,805.925
2024-09-01 13:31:19,BTCUSDT,bid,47300,805.831
2024-09-01 13:34:07,BTCUSDT,ask,59900,620.319
2024-09-01 13:34:20,BTCUSDT,bid,55800,704.312
2024-09-01 13:34:38,BTCUSDT,ask,59900,620.289
2024-09-01 13:35:21,BTCUSDT,bid,55800,704.312
2024-09-01 13:35:21,BTCUSDT,bid,55800,704.315
2024-09-01 13:35:21,BTCUSDT,bid,55800,704.318
2024-09-01 13:35:22,BTCUSDT,bid,55800,705.213
2024-09-01 13:35:23,BTCUSDT,bid,55800,705.213
2024-09-01 13:35:23,BTCUSDT,bid,55800,705.216
2024-09-01 13:35:26,BTCUSDT,bid,55800,705.219
2024-09-01 13:35:26,BTCUSDT,bid,55800,705.222
2024-09-01 13:35:27,BTCUSDT,bid,55800,705.225
2024-09-01 13:35:28,BTCUSDT,bid,55800,705.228
2024-09-01 13:35:29,BTCUSDT,bid,55800,705.231
2024-09-01 13:35:31,BTCUSDT,bid,55800,705.234
2024-09-01 13:35:32,BTCUSDT,bid,55800,705.237
2024-09-01 13:35:32,BTCUSDT,bid,55800,705.24
2024-09-01 13:35:35,BTCUSDT,bid,55800,705.243
2024-09-01 13:36:31,BTCUSDT,bid,55800,705.24
2024-09-01 13:44:34,BTCUSDT,bid,47000,894.111
2024-09-01 13:48:31,BTCUSDT,bid,55800,705.243
2024-09-01 13:48:34,BTCUSDT,bid,55800,705.24
2024-09-01 13:48:38,BTCUSDT,bid,55800,705.244
2024-09-01 13:50:28,BTCUSDT,bid,55800,705.415
2024-09-01 13:52:43,BTCUSDT,bid,55800,705.401
2024-09-01 13:58:53,BTCUSDT,bid,55800,704.506
2024-09-01 14:01:18,BTCUSDT,bid,55800,704.483
2024-09-01 14:02:49,BTCUSDT,bid,55800,704.465
2024-09-01 14:03:40,BTCUSDT,bid,47000,894.108
2024-09-01 14:08:05,BTCUSDT,bid,55800,704.518
2024-09-01 14:08:22,BTCUSDT,bid,55800,704.465
2024-09-01 14:10:23,BTCUSDT,bid,47000,893.683
2024-09-01 14:15:06,BTCUSDT,bid,47000,893.676
2024-09-01 14:17:14,BTCUSDT,bid,47000,894.047
2024-09-01 14:24:16,BTCUSDT,bid,47000,894.043
2024-09-01 14:26:38,BTCUSDT,bid,55800,704.899
2024-09-01 14:30:06,BTCUSDT,bid,55800,704.891
2024-09-01 14:34:27,BTCUSDT,bid,47000,896.635
2024-09-01 14:35:35,BTCUSDT,bid,55800,704.915
2024-09-01 14:42:52,BTCUSDT,bid,55800,704.917
2024-09-01 14:46:05,BTCUSDT,bid,55800,704.893
2024-09-01 14:47:20,BTCUSDT,bid,55800,704.891
2024-09-01 14:49:02,BTCUSDT,bid,55800,704.82
2024-09-01 14:49:17,BTCUSDT,bid,55800,704.386
2024-09-01 14:50:13,BTCUSDT,bid,55800,704.434
2024-09-01 14:52:18,BTCUSDT,bid,55800,704.334
2024-09-01 14:57:52,BTCUSDT,bid,55800,704.286
2024-09-01 14:59:08,BTCUSDT,bid,55800,704.558
2024-09-01 15:01:08,BTCUSDT,bid,55800,704.547
2024-09-01 15:01:09,BTCUSDT,bid,47000,884.894
2024-09-01 15:01:20,BTCUSDT,bid,55800,704.525
2024-09-01 15:03:21,BTCUSDT,bid,58300,602.955
2024-09-01 15:03:21,BTCUSDT,bid,58300,602.955
2024-09-01 15:03:30,BTCUSDT,bid,58300,602.989
2024-09-01 15:03:30,BTCUSDT,bid,58300,602.989
2024-09-01 15:03:30,BTCUSDT,bid,58300,603.331
2024-09-01 15:03:33,BTCUSDT,bid,58300,603.347
2024-09-01 15:03:36,BTCUSDT,bid,58300,603.313
2024-09-01 15:03:42,BTCUSDT,bid,58300,603.49
2024-09-01 15:03:43,BTCUSDT,bid,58300,603.362
2024-09-01 15:03:48,BTCUSDT,bid,58300,600.419
2024-09-01 15:03:49,BTCUSDT,bid,58300,600.552
2024-09-01 15:04:15,BTCUSDT,bid,58300,803.228
2024-09-01 15:04:15,BTCUSDT,bid,58300,803.23
2024-09-01 15:04:16,BTCUSDT,bid,58300,803.224
2024-09-01 15:04:17,BTCUSDT,bid,58300,803.222
2024-09-01 15:04:20,BTCUSDT,bid,58300,804.722
2024-09-01 15:04:21,BTCUSDT,bid,58300,804.724
2024-09-01 15:04:27,BTCUSDT,bid,58300,800.527
2024-09-01 15:04:27,BTCUSDT,bid,58300,800.612
2024-09-01 15:04:28,BTCUSDT,bid,58300,800.697
2024-09-01 15:04:28,BTCUSDT,bid,58300,800.697
2024-09-01 15:04:30,BTCUSDT,bid,58300,800.527
2024-09-01 15:04:33,BTCUSDT,bid,58300,800.529
2024-09-01 15:04:34,BTCUSDT,bid,58300,800.531
2024-09-01 15:04:37,BTCUSDT,bid,58300,800.529
2024-09-01 15:12:04,BTCUSDT,bid,55800,704.522
2024-09-01 15:12:32,BTCUSDT,bid,55800,704.519
2024-09-01 15:12:45,BTCUSDT,bid,47000,884.888
2024-09-01 15:13:11,BTCUSDT,bid,55800,704.516
2024-09-01 15:13:11,BTCUSDT,bid,55800,704.513
2024-09-01 15:13:22,BTCUSDT,bid,55800,704.51
2024-09-01 15:13:36,BTCUSDT,bid,55800,704.507
2024-09-01 15:13:58,BTCUSDT,bid,55800,704.504
2024-09-01 15:13:58,BTCUSDT,bid,55800,704.501
2024-09-01 15:14:00,BTCUSDT,bid,55800,704.498
2024-09-01 15:14:21,BTCUSDT,bid,47000,884.882
2024-09-01 15:14:31,BTCUSDT,bid,55800,704.492
2024-09-01 15:14:49,BTCUSDT,bid,55800,704.489
2024-09-01 15:14:50,BTCUSDT,bid,55800,704.486
2024-09-01 15:14:55,BTCUSDT,bid,55800,704.483
2024-09-01 15:15:06,BTCUSDT,bid,47000,884.886
2024-09-01 15:15:41,BTCUSDT,bid,55800,704.48
2024-09-01 15:15:41,BTCUSDT,bid,55800,704.477
2024-09-01 15:16:03,BTCUSDT,bid,55800,704.474
2024-09-01 15:16:04,BTCUSDT,bid,55800,704.471
2024-09-01 15:17:30,BTCUSDT,bid,55800,704.468
2024-09-01 15:18:02,BTCUSDT,bid,55800,704.465
2024-09-01 15:18:02,BTCUSDT,bid,55800,704.459
2024-09-01 15:18:46,BTCUSDT,bid,55800,704.456
2024-09-01 15:18:50,BTCUSDT,bid,55800,704.453
2024-09-01 15:20:51,BTCUSDT,bid,55800,704.49
2024-09-01 15:21:15,BTCUSDT,bid,55800,704.552
2024-09-01 15:27:13,BTCUSDT,bid,55800,704.55
2024-09-01 15:27:46,BTCUSDT,bid,55800,704.547
2024-09-01 15:28:54,BTCUSDT,bid,55800,704.544
2024-09-01 15:29:20,BTCUSDT,bid,55800,704.541
2024-09-01 15:31:39,BTCUSDT,bid,55800,704.538
2024-09-01 15:31:48,BTCUSDT,bid,55800,704.536
2024-09-01 15:32:15,BTCUSDT,bid,55800,704.533
2024-09-01 15:32:53,BTCUSDT,bid,55800,704.53
2024-09-01 15:33:11,BTCUSDT,bid,55800,704.527
2024-09-01 15:33:27,BTCUSDT,bid,55800,704.525
2024-09-01 15:33:40,BTCUSDT,bid,55800,704.522
2024-09-01 15:33:40,BTCUSDT,bid,55800,704.519
2024-09-01 15:34:03,BTCUSDT,bid,55800,704.516
2024-09-01 15:34:22,BTCUSDT,bid,55800,704.513
2024-09-01 15:35:07,BTCUSDT,bid,55800,704.51
2024-09-01 15:42:55,BTCUSDT,bid,55800,704.641
2024-09-01 15:42:56,BTCUSDT,bid,55800,703.387
2024-09-01 15:43:51,BTCUSDT,bid,55800,703.256
2024-09-01 15:47:26,BTCUSDT,bid,47000,885.334
2024-09-01 15:54:08,BTCUSDT,bid,47000,884.886
2024-09-01 15:54:09,BTCUSDT,bid,55800,703.258
2024-09-01 16:01:01,BTCUSDT,bid,47000,885.917
2024-09-01 16:01:06,BTCUSDT,bid,55800,703.254
2024-09-01 16:01:18,BTCUSDT,bid,47000,885.312
2024-09-01 16:08:05,BTCUSDT,bid,55800,703.291
2024-09-01 16:14:01,BTCUSDT,bid,47000,885.152
2024-09-01 16:14:42,BTCUSDT,bid,56100,702.947
2024-09-01 16:22:43,BTCUSDT,bid,55800,703.281
2024-09-01 16:30:42,BTCUSDT,bid,55800,703.298
2024-09-01 16:30:43,BTCUSDT,bid,55800,703.315
2024-09-01 16:30:46,BTCUSDT,bid,55800,703.281
2024-09-01 16:32:02,BTCUSDT,bid,55800,703.298
2024-09-01 16:34:49,BTCUSDT,bid,47000,885.277
2024-09-01 16:47:39,BTCUSDT,bid,56100,703.047
2024-09-01 16:48:04,BTCUSDT,bid,56100,702.947
2024-09-01 16:51:37,BTCUSDT,bid,56100,702.947
2024-09-01 16:51:37,BTCUSDT,bid,56100,702.947
2024-09-01 16:51:38,BTCUSDT,bid,56100,702.947
2024-09-01 16:51:38,BTCUSDT,bid,56100,702.947
2024-09-01 16:51:38,BTCUSDT,bid,56100,702.947
2024-09-01 16:51:38,BTCUSDT,bid,56100,702.947
2024-09-01 16:51:38,BTCUSDT,bid,56100,702.947
2024-09-01 16:51:39,BTCUSDT,bid,56100,702.947
2024-09-01 16:51:39,BTCUSDT,bid,56100,702.947
2024-09-01 16:51:39,BTCUSDT,bid,56100,702.947
2024-09-01 16:51:40,BTCUSDT,bid,56100,702.947
2024-09-01 16:51:40,BTCUSDT,bid,56100,702.947
2024-09-01 16:51:40,BTCUSDT,bid,56100,702.947
2024-09-01 16:51:51,BTCUSDT,bid,56100,702.947
2024-09-01 16:51:51,BTCUSDT,bid,56100,702.947
2024-09-01 17:04:22,BTCUSDT,bid,55800,703.281
2024-09-01 17:07:59,BTCUSDT,bid,55800,702.781
2024-09-01 17:12:36,BTCUSDT,bid,47000,885.281
2024-09-01 17:12:50,BTCUSDT,bid,55800,702.681
2024-09-01 17:15:36,BTCUSDT,bid,55800,702.679
2024-09-01 17:16:08,BTCUSDT,bid,47000,885.6
2024-09-01 17:16:26,BTCUSDT,bid,47000,885.281
2024-09-01 17:18:04,BTCUSDT,bid,55800,702.698
2024-09-01 17:21:23,BTCUSDT,bid,47000,885.299
2024-09-01 17:23:21,BTCUSDT,bid,55800,702.712
2024-09-01 17:23:59,BTCUSDT,bid,47000,884.928
2024-09-01 17:29:37,BTCUSDT,bid,55800,702.724
2024-09-01 17:30:18,BTCUSDT,bid,47000,884.88
2024-09-01 17:33:58,BTCUSDT,bid,55800,702.667
2024-09-01 17:34:35,BTCUSDT,bid,55800,702.675
2024-09-01 17:35:03,BTCUSDT,bid,55800,702.708
2024-09-01 17:36:00,BTCUSDT,bid,55800,702.844
2024-09-01 17:36:14,BTCUSDT,bid,55800,702.944
2024-09-01 17:38:04,BTCUSDT,bid,55800,703.055
2024-09-01 17:38:11,BTCUSDT,bid,55800,703.09
2024-09-01 17:38:28,BTCUSDT,bid,55800,702.799
2024-09-01 17:38:42,BTCUSDT,bid,55800,702.782
2024-09-01 17:38:59,BTCUSDT,bid,55800,702.799
2024-09-01 17:42:07,BTCUSDT,bid,55800,702.899
2024-09-01 17:43:04,BTCUSDT,bid,55800,702.901
2024-09-01 17:46:09,BTCUSDT,bid,55800,702.909
2024-09-01 17:47:26,BTCUSDT,bid,56100,703.302
2024-09-01 17:49:56,BTCUSDT,bid,56100,703.318
2024-09-01 17:52:44,BTCUSDT,bid,55800,702.911
2024-09-01 17:54:02,BTCUSDT,bid,47000,884.822
2024-09-01 17:55:28,BTCUSDT,bid,55800,702.941
2024-09-01 17:55:30,BTCUSDT,bid,47000,884.843
2024-09-01 17:58:11,BTCUSDT,bid,47000,884.893
2024-09-01 17:58:17,BTCUSDT,bid,47000,884.896
2024-09-01 17:59:37,BTCUSDT,bid,55800,702.939
2024-09-01 17:59:41,BTCUSDT,bid,47000,885.017
2024-09-01 18:01:06,BTCUSDT,bid,47000,884.501
2024-09-01 18:01:23,BTCUSDT,bid,55800,702.939
2024-09-01 18:01:24,BTCUSDT,bid,55800,702.939
2024-09-01 18:01:24,BTCUSDT,bid,55800,702.939
2024-09-01 18:01:24,BTCUSDT,bid,55800,702.939
2024-09-01 18:01:24,BTCUSDT,bid,55800,702.939
2024-09-01 18:01:25,BTCUSDT,bid,55800,702.939
2024-09-01 18:02:11,BTCUSDT,bid,55800,702.942
2024-09-01 18:02:39,BTCUSDT,bid,56100,703.324
2024-09-01 18:02:50,BTCUSDT,bid,56100,703.318
2024-09-01 18:03:10,BTCUSDT,bid,47000,884.498
2024-09-01 18:03:30,BTCUSDT,bid,55800,702.939
2024-09-01 18:03:33,BTCUSDT,bid,55800,702.942
2024-09-01 18:03:44,BTCUSDT,bid,55800,702.939
2024-09-01 18:05:34,BTCUSDT,bid,55800,702.942
2024-09-01 18:05:40,BTCUSDT,bid,55800,704.554
2024-09-01 18:06:51,BTCUSDT,bid,55800,704.639
2024-09-01 18:09:58,BTCUSDT,bid,47000,884.535
2024-09-01 18:13:31,BTCUSDT,bid,56100,706.318
2024-09-01 18:20:23,BTCUSDT,bid,55800,704.665
2024-09-01 18:24:25,BTCUSDT,bid,56100,706.318
2024-09-01 18:28:15,BTCUSDT,bid,55800,704.676
2024-09-01 18:35:08,BTCUSDT,bid,55800,704.576
2024-09-01 18:42:42,BTCUSDT,bid,55800,704.579
2024-09-01 18:44:15,BTCUSDT,bid,55800,704.479
2024-09-01 18:46:10,BTCUSDT,bid,56100,706.398
2024-09-01 18:52:59,BTCUSDT,bid,47000,884.53
2024-09-01 18:53:59,BTCUSDT,bid,56100,706.043
2024-09-01 18:55:48,BTCUSDT,bid,55800,705.202
2024-09-01 18:56:51,BTCUSDT,bid,55800,705.204
2024-09-01 19:07:35,BTCUSDT,bid,47000,884.682
2024-09-01 19:12:05,BTCUSDT,bid,55800,704.481
2024-09-01 19:13:11,BTCUSDT,bid,47000,882.09
2024-09-01 19:15:33,BTCUSDT,bid,55800,704.516
2024-09-01 19:17:34,BTCUSDT,bid,55800,704.504
2024-09-01 19:18:57,BTCUSDT,bid,55800,704.628
2024-09-01 19:19:00,BTCUSDT,bid,55800,704.63
2024-09-01 19:20:08,BTCUSDT,bid,47000,882.409
2024-09-01 19:25:11,BTCUSDT,bid,55800,704.66
2024-09-01 19:25:16,BTCUSDT,bid,55800,704.63
2024-09-01 19:29:13,BTCUSDT,bid,55800,704.666
2024-09-01 19:29:44,BTCUSDT,bid,55800,704.703
2024-09-01 19:30:36,BTCUSDT,bid,47000,882.406
2024-09-01 19:33:03,BTCUSDT,bid,55800,704.532
2024-09-01 07:12:59,BTCUSD_PERP,ask,59600,510.64
2024-09-01 07:13:04,BTCUSD_PERP,ask,59600,516.59
2024-09-01 07:13:07,BTCUSD_PERP,ask,59600,522.55
2024-09-01 07:13:27,BTCUSD_PERP,ask,59600,513.02
2024-09-01 07:13:34,BTCUSD_PERP,ask,59600,503.49
2024-09-01 07:16:28,BTCUSD_PERP,bid,58500,576.3
2024-09-01 07:16:29,BTCUSD_PERP,bid,58500,634.29
2024-09-01 07:16:29,BTCUSD_PERP,bid,58500,692.28
2024-09-01 07:17:01,BTCUSD_PERP,bid,58500,634.89
2024-09-01 07:17:02,BTCUSD_PERP,bid,58500,520.11
2024-09-01 07:17:03,BTCUSD_PERP,bid,58500,519.2
2024-09-01 07:21:30,BTCUSD_PERP,bid,58500,520.1
2024-09-01 07:21:30,BTCUSD_PERP,bid,58500,577.43
2024-09-01 07:21:30,BTCUSD_PERP,bid,58500,634.76
2024-09-01 07:21:30,BTCUSD_PERP,bid,58500,692.09
2024-09-01 07:21:56,BTCUSD_PERP,bid,58500,692.13
2024-09-01 07:25:01,BTCUSD_PERP,ask,59600,507.12
2024-09-01 07:25:07,BTCUSD_PERP,ask,59600,516.65
2024-09-01 07:25:07,BTCUSD_PERP,ask,59600,536.3
2024-09-01 07:25:14,BTCUSD_PERP,ask,59600,542.25
2024-09-01 07:25:23,BTCUSD_PERP,bid,58500,692.09
2024-09-01 07:25:24,BTCUSD_PERP,ask,59600,551.78
2024-09-01 07:25:25,BTCUSD_PERP,ask,59600,561.01
2024-09-01 07:25:25,BTCUSD_PERP,ask,59600,566.96
2024-09-01 07:25:25,BTCUSD_PERP,ask,59600,586.62
2024-09-01 07:25:26,BTCUSD_PERP,ask,59600,592.57
2024-09-01 07:25:28,BTCUSD_PERP,ask,59600,611.63
2024-09-01 07:25:33,BTCUSD_PERP,bid,58500,576.84
2024-09-01 07:25:33,BTCUSD_PERP,bid,58500,518.92
2024-09-01 07:25:42,BTCUSD_PERP,ask,59600,552.59
2024-09-01 07:26:31,BTCUSD_PERP,bid,58400,518.61
2024-09-01 07:26:31,BTCUSD_PERP,bid,58400,576.43
2024-09-01 07:26:42,BTCUSD_PERP,ask,59500,529.43
2024-09-01 07:27:21,BTCUSD_PERP,ask,59500,509.98
2024-09-01 07:27:28,BTCUSD_PERP,bid,58400,576.14
2024-09-01 07:27:28,BTCUSD_PERP,bid,58400,633.99
2024-09-01 07:27:29,BTCUSD_PERP,ask,59500,506.39
2024-09-01 07:28:27,BTCUSD_PERP,ask,59600,510.52
2024-09-01 07:28:28,BTCUSD_PERP,ask,59600,520.04
2024-09-01 07:28:29,BTCUSD_PERP,ask,59600,525.99
2024-09-01 07:28:30,BTCUSD_PERP,ask,59600,535.51
2024-09-01 07:28:30,BTCUSD_PERP,ask,59600,541.46
2024-09-01 07:28:31,BTCUSD_PERP,ask,59600,561.11
2024-09-01 07:28:32,BTCUSD_PERP,ask,59600,570.63
2024-09-01 07:28:34,BTCUSD_PERP,ask,59600,580.15
2024-09-01 07:28:36,BTCUSD_PERP,ask,59600,589.67
2024-09-01 07:29:26,BTCUSD_PERP,ask,59600,580.15
2024-09-01 07:29:27,BTCUSD_PERP,ask,59600,570.92
2024-09-01 07:29:29,BTCUSD_PERP,ask,59600,564.97
2024-09-01 07:29:29,BTCUSD_PERP,ask,59600,555.45
2024-09-01 07:29:30,BTCUSD_PERP,ask,59600,545.93
2024-09-01 07:29:30,BTCUSD_PERP,ask,59600,539.98
2024-09-01 07:29:32,BTCUSD_PERP,ask,59600,530.46
2024-09-01 07:29:34,BTCUSD_PERP,ask,59600,520.94
2024-09-01 07:29:36,BTCUSD_PERP,ask,59600,511.42
2024-09-01 07:31:31,BTCUSD_PERP,ask,59500,511.97
2024-09-01 07:31:32,BTCUSD_PERP,ask,59500,527.44
2024-09-01 07:31:33,BTCUSD_PERP,ask,59500,537.26
2024-09-01 07:32:28,BTCUSD_PERP,ask,59500,527.74
2024-09-01 07:32:29,BTCUSD_PERP,ask,59500,518.52
2024-09-01 07:32:31,BTCUSD_PERP,ask,59500,512.57
2024-09-01 07:35:22,BTCUSD_PERP,bid,58400,576.73
2024-09-01 07:35:22,BTCUSD_PERP,bid,58400,519.47
2024-09-01 07:35:23,BTCUSD_PERP,bid,58400,518.63
2024-09-01 07:35:23,BTCUSD_PERP,bid,58400,576.52
2024-09-01 07:35:53,BTCUSD_PERP,bid,58400,594.03
2024-09-01 07:40:53,BTCUSD_PERP,bid,58400,576.52
2024-09-01 07:43:02,BTCUSD_PERP,bid,58400,518.63
2024-09-01 07:43:03,BTCUSD_PERP,bid,58500,519.49
2024-09-01 07:43:03,BTCUSD_PERP,bid,58500,577.41
2024-09-01 07:43:04,BTCUSD_PERP,bid,58500,635.33
2024-09-01 07:44:22,BTCUSD_PERP,bid,58500,520.08
2024-09-01 07:44:23,BTCUSD_PERP,bid,58400,518.55
2024-09-01 07:44:23,BTCUSD_PERP,bid,58400,691.63
2024-09-01 07:44:24,BTCUSD_PERP,bid,58400,807.41
2024-09-01 07:44:24,BTCUSD_PERP,bid,58400,864.71
2024-09-01 07:44:24,BTCUSD_PERP,bid,58400,922.6
2024-09-01 07:44:25,BTCUSD_PERP,bid,58400,1037.2
2024-09-01 07:44:26,BTCUSD_PERP,bid,58400,1037.24
2024-09-01 07:44:27,BTCUSD_PERP,bid,58400,1037.28
2024-09-01 07:44:28,BTCUSD_PERP,bid,58400,979.98
2024-09-01 07:44:29,BTCUSD_PERP,bid,58400,922.09
2024-09-01 07:44:29,BTCUSD_PERP,bid,58400,864.79
2024-09-01 07:44:29,BTCUSD_PERP,bid,58400,692.3
2024-09-01 07:44:29,BTCUSD_PERP,bid,58400,634.41
2024-09-01 07:44:29,BTCUSD_PERP,bid,58400,519.22
2024-09-01 07:44:30,BTCUSD_PERP,bid,58400,518.3
2024-09-01 07:44:30,BTCUSD_PERP,bid,58400,634.02
2024-09-01 07:44:30,BTCUSD_PERP,bid,58400,749.74
2024-09-01 07:44:51,BTCUSD_PERP,bid,58400,692.47
2024-09-01 07:44:51,BTCUSD_PERP,bid,58400,577.0
2024-09-01 07:44:51,BTCUSD_PERP,bid,58400,634.83
2024-09-01 07:46:51,BTCUSD_PERP,bid,58400,577.37
2024-09-01 07:46:51,BTCUSD_PERP,bid,58400,635.23
2024-09-01 07:46:52,BTCUSD_PERP,bid,58400,692.5
2024-09-01 07:55:28,BTCUSD_PERP,bid,58400,692.09
2024-09-01 07:55:28,BTCUSD_PERP,bid,58400,749.97
2024-09-01 07:59:46,BTCUSD_PERP,bid,58400,576.63
2024-09-01 07:59:46,BTCUSD_PERP,bid,58400,634.48
2024-09-01 08:08:33,BTCUSD_PERP,ask,59500,513.14
2024-09-01 08:08:35,BTCUSD_PERP,ask,59500,522.66
2024-09-01 08:08:38,BTCUSD_PERP,ask,59500,532.17
2024-09-01 08:08:39,BTCUSD_PERP,ask,59500,541.68
2024-09-01 08:08:40,BTCUSD_PERP,ask,59500,551.19
2024-09-01 08:08:46,BTCUSD_PERP,ask,59500,570.82
2024-09-01 08:08:47,BTCUSD_PERP,ask,59500,576.76
2024-09-01 08:08:47,BTCUSD_PERP,ask,59500,586.57
2024-09-01 08:08:50,BTCUSD_PERP,ask,59500,595.79
2024-09-01 08:09:08,BTCUSD_PERP,ask,59500,586.28
2024-09-01 08:09:10,BTCUSD_PERP,ask,59500,595.79
2024-09-01 08:09:21,BTCUSD_PERP,ask,59500,586.27
2024-09-01 08:09:22,BTCUSD_PERP,ask,59500,592.21
2024-09-01 08:09:22,BTCUSD_PERP,ask,59500,611.84
2024-09-01 08:09:23,BTCUSD_PERP,ask,59500,621.36
2024-09-01 08:09:25,BTCUSD_PERP,ask,59500,611.85
2024-09-01 08:09:26,BTCUSD_PERP,ask,59500,621.36
2024-09-01 08:09:26,BTCUSD_PERP,ask,59500,611.85
2024-09-01 08:09:27,BTCUSD_PERP,ask,59500,621.36
2024-09-01 08:09:27,BTCUSD_PERP,ask,59500,627.31
2024-09-01 08:09:28,BTCUSD_PERP,ask,59500,617.8
2024-09-01 08:09:28,BTCUSD_PERP,ask,59500,611.86
2024-09-01 08:09:32,BTCUSD_PERP,ask,59500,605.92
2024-09-01 08:09:33,BTCUSD_PERP,ask,59500,596.41
2024-09-01 08:09:35,BTCUSD_PERP,ask,59500,586.89
2024-09-01 08:09:39,BTCUSD_PERP,ask,59500,577.38
2024-09-01 08:09:39,BTCUSD_PERP,ask,59500,567.87
2024-09-01 08:09:40,BTCUSD_PERP,ask,59500,558.36
2024-09-01 08:09:47,BTCUSD_PERP,ask,59500,552.42
2024-09-01 08:09:47,BTCUSD_PERP,ask,59500,546.48
2024-09-01 08:09:51,BTCUSD_PERP,ask,59500,537.26
2024-09-01 08:09:56,BTCUSD_PERP,ask,59500,517.63
2024-09-01 08:10:03,BTCUSD_PERP,ask,59500,511.69
2024-09-01 08:16:38,BTCUSD_PERP,ask,59500,505.95
2024-09-01 08:16:38,BTCUSD_PERP,ask,59500,515.46
2024-09-01 08:17:32,BTCUSD_PERP,ask,59500,509.52
2024-09-01 08:18:47,BTCUSD_PERP,bid,58400,519.61
2024-09-01 08:18:47,BTCUSD_PERP,bid,58400,576.83
2024-09-01 08:18:49,BTCUSD_PERP,bid,58400,576.87
2024-09-01 08:20:12,BTCUSD_PERP,bid,58400,519.23
2024-09-01 08:20:12,BTCUSD_PERP,bid,58400,577.06
2024-09-01 08:22:34,BTCUSD_PERP,bid,58400,517.88
2024-09-01 08:22:35,BTCUSD_PERP,bid,58400,575.75
2024-09-01 08:25:08,BTCUSD_PERP,bid,58400,632.7
2024-09-01 08:28:50,BTCUSD_PERP,ask,59500,511.24
2024-09-01 08:28:51,BTCUSD_PERP,ask,59500,520.75
2024-09-01 08:28:51,BTCUSD_PERP,ask,59500,530.27
2024-09-01 08:29:00,BTCUSD_PERP,ask,59500,549.9
2024-09-01 08:29:01,BTCUSD_PERP,ask,59500,559.12
2024-09-01 08:29:04,BTCUSD_PERP,ask,59500,568.64
2024-09-01 08:29:35,BTCUSD_PERP,ask,59500,559.12
2024-09-01 08:29:37,BTCUSD_PERP,ask,59500,549.6
2024-09-01 08:29:39,BTCUSD_PERP,ask,59500,543.65
2024-09-01 08:29:39,BTCUSD_PERP,ask,59500,534.13
2024-09-01 08:29:44,BTCUSD_PERP,ask,59500,524.61
2024-09-01 08:29:45,BTCUSD_PERP,ask,59500,515.09
2024-09-01 08:29:50,BTCUSD_PERP,ask,59500,505.57
2024-09-01 08:32:22,BTCUSD_PERP,bid,58400,519.23
2024-09-01 08:32:24,BTCUSD_PERP,bid,58400,577.82
2024-09-01 08:32:37,BTCUSD_PERP,bid,58400,577.86
2024-09-01 08:33:07,BTCUSD_PERP,bid,58400,520.05
2024-09-01 08:35:06,BTCUSD_PERP,bid,58400,519.01
2024-09-01 08:35:06,BTCUSD_PERP,bid,58400,576.82
2024-09-01 08:39:04,BTCUSD_PERP,bid,58400,517.61
2024-09-01 08:39:04,BTCUSD_PERP,bid,58300,575.15
2024-09-01 08:39:34,BTCUSD_PERP,bid,58300,518.74
2024-09-01 08:39:34,BTCUSD_PERP,bid,58300,576.52
2024-09-01 08:39:34,BTCUSD_PERP,bid,58300,517.66
2024-09-01 08:40:03,BTCUSD_PERP,bid,58300,518.82
2024-09-01 08:41:38,BTCUSD_PERP,bid,58300,517.66
2024-09-01 08:48:32,BTCUSD_PERP,bid,58300,518.74
2024-09-01 08:48:34,BTCUSD_PERP,bid,58400,519.01
2024-09-01 08:51:52,BTCUSD_PERP,ask,59500,506.97
2024-09-01 08:51:53,BTCUSD_PERP,ask,59500,512.91
2024-09-01 08:51:59,BTCUSD_PERP,ask,59500,522.42
2024-09-01 08:52:05,BTCUSD_PERP,bid,58300,518.25
2024-09-01 08:52:33,BTCUSD_PERP,ask,59500,512.91
2024-09-01 08:52:35,BTCUSD_PERP,ask,59500,506.97
2024-09-01 08:52:50,BTCUSD_PERP,ask,59500,520.95
2024-09-01 08:52:51,BTCUSD_PERP,ask,59500,511.44
2024-09-01 08:52:53,BTCUSD_PERP,ask,59500,511.44
2024-09-01 08:52:53,BTCUSD_PERP,ask,59500,511.44
2024-09-01 08:52:53,BTCUSD_PERP,ask,59500,520.95
2024-09-01 08:52:54,BTCUSD_PERP,ask,59500,515.01
2024-09-01 08:52:54,BTCUSD_PERP,ask,59500,520.95
2024-09-01 08:53:00,BTCUSD_PERP,ask,59500,511.44
2024-09-01 08:53:00,BTCUSD_PERP,ask,59500,520.95
2024-09-01 08:53:00,BTCUSD_PERP,ask,59500,530.46
2024-09-01 08:53:21,BTCUSD_PERP,ask,59500,510.84
2024-09-01 08:53:26,BTCUSD_PERP,ask,59500,504.9
2024-09-01 08:58:35,BTCUSD_PERP,bid,58300,517.39
2024-09-01 08:58:36,BTCUSD_PERP,bid,58300,632.89
2024-09-01 09:02:37,BTCUSD_PERP,bid,58300,575.14
2024-09-01 09:02:38,BTCUSD_PERP,bid,58300,517.39
2024-09-01 09:03:13,BTCUSD_PERP,bid,58200,516.93
2024-09-01 09:04:06,BTCUSD_PERP,bid,58300,517.2
2024-09-01 09:04:59,BTCUSD_PERP,ask,59400,509.52
2024-09-01 09:04:59,BTCUSD_PERP,ask,59400,519.02
2024-09-01 09:05:02,BTCUSD_PERP,ask,59400,528.52
2024-09-01 09:05:02,BTCUSD_PERP,ask,59400,534.46
2024-09-01 09:05:08,BTCUSD_PERP,ask,59400,543.96
2024-09-01 09:05:08,BTCUSD_PERP,ask,59400,553.46
2024-09-01 09:05:23,BTCUSD_PERP,ask,59400,562.66
2024-09-01 09:05:26,BTCUSD_PERP,ask,59400,568.6
2024-09-01 09:05:56,BTCUSD_PERP,ask,59400,559.1
2024-09-01 09:05:59,BTCUSD_PERP,ask,59400,549.6
2024-09-01 09:05:59,BTCUSD_PERP,ask,59400,540.1
2024-09-01 09:06:02,BTCUSD_PERP,ask,59400,530.6
2024-09-01 09:06:03,BTCUSD_PERP,ask,59400,524.66
2024-09-01 09:06:08,BTCUSD_PERP,ask,59400,515.16
2024-09-01 09:06:08,BTCUSD_PERP,ask,59400,505.66
2024-09-01 09:06:22,BTCUSD_PERP,bid,58200,516.93
2024-09-01 09:06:23,BTCUSD_PERP,bid,58200,517.26
2024-09-01 09:06:23,BTCUSD_PERP,bid,58200,574.93
2024-09-01 09:06:23,BTCUSD_PERP,bid,58200,632.6
2024-09-01 09:08:35,BTCUSD_PERP,bid,58100,571.88
2024-09-01 09:08:35,BTCUSD_PERP,bid,58100,629.43
2024-09-01 09:08:35,BTCUSD_PERP,bid,58100,686.98
2024-09-01 09:08:35,BTCUSD_PERP,bid,58100,744.53
2024-09-01 09:08:35,BTCUSD_PERP,bid,58100,859.04
2024-09-01 09:08:36,BTCUSD_PERP,bid,58100,916.59
2024-09-01 09:08:55,BTCUSD_PERP,bid,58100,743.53
2024-09-01 09:08:55,BTCUSD_PERP,bid,58100,801.05
2024-09-01 09:08:59,BTCUSD_PERP,bid,58100,743.53
2024-09-01 09:08:59,BTCUSD_PERP,bid,58100,686.6
2024-09-01 09:08:59,BTCUSD_PERP,bid,58000,628.71
2024-09-01 09:09:00,BTCUSD_PERP,bid,58000,686.19
2024-09-01 09:09:03,BTCUSD_PERP,ask,59200,521.12
2024-09-01 09:09:19,BTCUSD_PERP,bid,58000,629.29
2024-09-01 09:09:20,BTCUSD_PERP,bid,58100,572.76
2024-09-01 09:09:33,BTCUSD_PERP,bid,58100,516.7
2024-09-01 09:09:34,BTCUSD_PERP,bid,58100,574.25
2024-09-01 09:09:34,BTCUSD_PERP,bid,58100,631.8
2024-09-01 09:09:34,BTCUSD_PERP,bid,58100,688.77
2024-09-01 09:09:34,BTCUSD_PERP,bid,58100,745.74
2024-09-01 09:09:40,BTCUSD_PERP,bid,58100,688.77
2024-09-01 09:09:40,BTCUSD_PERP,bid,58100,631.22
2024-09-01 09:09:41,BTCUSD_PERP,bid,58100,687.79
2024-09-01 09:09:41,BTCUSD_PERP,bid,58100,745.31
2024-09-01 09:09:48,BTCUSD_PERP,ask,59200,517.22
2024-09-01 09:09:48,BTCUSD_PERP,ask,59200,526.68
2024-09-01 09:09:48,BTCUSD_PERP,ask,59200,535.85
2024-09-01 09:10:14,BTCUSD_PERP,bid,58100,516.41
2024-09-01 09:10:15,BTCUSD_PERP,bid,58100,573.09
2024-09-01 09:10:49,BTCUSD_PERP,bid,58100,744.84
2024-09-01 09:10:49,BTCUSD_PERP,bid,58100,802.37
2024-09-01 09:11:02,BTCUSD_PERP,ask,59200,509.89
2024-09-01 09:11:08,BTCUSD_PERP,bid,58100,745.43
2024-09-01 09:11:08,BTCUSD_PERP,bid,58100,630.96
2024-09-01 09:11:08,BTCUSD_PERP,bid,58100,573.43
2024-09-01 09:11:17,BTCUSD_PERP,bid,58100,572.4
2024-09-01 09:11:17,BTCUSD_PERP,bid,58100,744.89
2024-09-01 09:11:18,BTCUSD_PERP,bid,58100,802.42
2024-09-01 09:12:33,BTCUSD_PERP,bid,58100,744.89
2024-09-01 09:12:33,BTCUSD_PERP,bid,58100,687.95
2024-09-01 09:12:33,BTCUSD_PERP,bid,58100,631.01
2024-09-01 09:12:34,BTCUSD_PERP,bid,58100,573.48
2024-09-01 09:12:34,BTCUSD_PERP,bid,58100,516.53
2024-09-01 09:12:34,BTCUSD_PERP,bid,58100,572.66
2024-09-01 09:12:34,BTCUSD_PERP,bid,58100,630.23
2024-09-01 09:12:34,BTCUSD_PERP,bid,58100,687.8
2024-09-01 09:12:53,BTCUSD_PERP,bid,58100,630.23
2024-09-01 09:12:53,BTCUSD_PERP,bid,58100,572.66
2024-09-01 09:15:13,BTCUSD_PERP,ask,59200,524.65
2024-09-01 09:15:13,BTCUSD_PERP,ask,59200,534.12
2024-09-01 09:15:20,BTCUSD_PERP,bid,58100,516.28
2024-09-01 09:15:20,BTCUSD_PERP,bid,58100,573.85
2024-09-01 09:19:19,BTCUSD_PERP,bid,58100,516.28
2024-09-01 09:19:19,BTCUSD_PERP,bid,58100,516.99
2024-09-01 09:19:19,BTCUSD_PERP,bid,58100,688.44
2024-09-01 09:19:19,BTCUSD_PERP,bid,58100,745.98
2024-09-01 09:19:36,BTCUSD_PERP,bid,58100,688.39
2024-09-01 09:19:36,BTCUSD_PERP,bid,58100,745.96
2024-09-01 09:20:02,BTCUSD_PERP,bid,58100,688.98
2024-09-01 09:20:03,BTCUSD_PERP,bid,58100,631.41
2024-09-01 09:20:03,BTCUSD_PERP,bid,58100,574.43
2024-09-01 09:20:03,BTCUSD_PERP,bid,58100,517.44
2024-09-01 09:20:03,BTCUSD_PERP,bid,58100,572.95
2024-09-01 09:20:04,BTCUSD_PERP,bid,58100,630.49
2024-09-01 09:20:04,BTCUSD_PERP,bid,58100,688.03
2024-09-01 09:20:04,BTCUSD_PERP,bid,58100,745.57
2024-09-01 09:23:12,BTCUSD_PERP,bid,58000,522.74
2024-09-01 09:24:03,BTCUSD_PERP,bid,58000,573.42
2024-09-01 09:24:04,BTCUSD_PERP,bid,58000,630.3
2024-09-01 09:31:45,BTCUSD_PERP,bid,47000,2442.77
2024-09-01 09:32:00,BTCUSD_PERP,bid,57800,627.56
2024-09-01 09:32:00,BTCUSD_PERP,bid,57800,742.0
2024-09-01 09:32:01,BTCUSD_PERP,bid,57800,799.22
2024-09-01 09:33:01,BTCUSD_PERP,bid,57800,742.0
2024-09-01 09:33:04,BTCUSD_PERP,bid,57800,570.91
2024-09-01 09:33:04,BTCUSD_PERP,bid,57800,627.59
2024-09-01 09:34:22,BTCUSD_PERP,bid,57900,571.53
2024-09-01 09:35:38,BTCUSD_PERP,bid,57900,571.92
2024-09-01 09:35:39,BTCUSD_PERP,bid,57900,629.3
2024-09-01 09:38:45,BTCUSD_PERP,bid,57900,572.5
2024-09-01 09:38:46,BTCUSD_PERP,bid,57900,569.98
2024-09-01 09:38:46,BTCUSD_PERP,bid,57900,627.39
2024-09-01 09:38:47,BTCUSD_PERP,bid,57900,742.21
2024-09-01 09:38:47,BTCUSD_PERP,bid,57900,799.62
2024-09-01 09:41:49,BTCUSD_PERP,bid,57900,571.15
2024-09-01 09:41:50,BTCUSD_PERP,bid,58000,628.89
2024-09-01 09:41:50,BTCUSD_PERP,bid,58000,686.23
2024-09-01 09:41:50,BTCUSD_PERP,bid,58000,743.67
2024-09-01 09:41:51,BTCUSD_PERP,bid,58000,801.11
2024-09-01 09:44:26,BTCUSD_PERP,bid,58000,629.38
2024-09-01 09:44:26,BTCUSD_PERP,bid,57900,800.21
2024-09-01 09:44:26,BTCUSD_PERP,bid,57900,857.62
2024-09-01 09:44:27,BTCUSD_PERP,bid,57900,915.03
2024-09-01 09:44:40,BTCUSD_PERP,bid,57900,927.55
2024-09-01 09:44:40,BTCUSD_PERP,bid,57900,984.93
2024-09-01 09:46:41,BTCUSD_PERP,bid,57900,971.16
2024-09-01 09:47:54,BTCUSD_PERP,bid,57900,913.88
2024-09-01 09:47:54,BTCUSD_PERP,bid,57900,571.4
2024-09-01 09:47:54,BTCUSD_PERP,bid,57900,913.98
2024-09-01 09:47:54,BTCUSD_PERP,bid,57900,1028.09
2024-09-01 09:50:28,BTCUSD_PERP,bid,57900,913.39
2024-09-01 09:50:28,BTCUSD_PERP,bid,57900,856.04
2024-09-01 09:50:28,BTCUSD_PERP,bid,57900,742.03
2024-09-01 09:50:28,BTCUSD_PERP,bid,57900,684.68
2024-09-01 09:50:28,BTCUSD_PERP,bid,57900,627.92
2024-09-01 09:50:28,BTCUSD_PERP,bid,57900,570.57
2024-09-01 09:54:56,BTCUSD_PERP,bid,58000,628.91
2024-09-01 09:55:12,BTCUSD_PERP,ask,59100,512.02
2024-09-01 09:55:15,BTCUSD_PERP,ask,59100,521.47
2024-09-01 09:56:06,BTCUSD_PERP,ask,59100,512.31
2024-09-01 10:01:25,BTCUSD_PERP,bid,57900,571.17
2024-09-01 10:01:25,BTCUSD_PERP,bid,57900,628.58
2024-09-01 10:02:36,BTCUSD_PERP,bid,57900,571.75
2024-09-01 10:02:38,BTCUSD_PERP,bid,58000,572.63
2024-09-01 10:04:48,BTCUSD_PERP,bid,58000,518.75
2024-09-01 10:06:35,BTCUSD_PERP,bid,58000,572.64
2024-09-01 10:06:40,BTCUSD_PERP,bid,58000,572.68
2024-09-01 10:08:21,BTCUSD_PERP,ask,59100,511.98
2024-09-01 10:08:22,BTCUSD_PERP,bid,57900,572.03
2024-09-01 10:08:22,BTCUSD_PERP,bid,57900,628.84
2024-09-01 10:10:21,BTCUSD_PERP,ask,59000,511.62
2024-09-01 10:10:22,BTCUSD_PERP,ask,59000,521.06
2024-09-01 10:10:23,BTCUSD_PERP,ask,59000,530.5
2024-09-01 10:10:24,BTCUSD_PERP,ask,59000,539.94
2024-09-01 10:10:25,BTCUSD_PERP,ask,59000,530.5
2024-09-01 10:10:25,BTCUSD_PERP,ask,59000,539.94
2024-09-01 10:10:27,BTCUSD_PERP,ask,59000,545.84
2024-09-01 10:10:36,BTCUSD_PERP,ask,59000,536.4
2024-09-01 10:10:36,BTCUSD_PERP,ask,59000,545.84
2024-09-01 10:10:38,BTCUSD_PERP,ask,59000,565.31
2024-09-01 10:10:41,BTCUSD_PERP,ask,59000,555.87
2024-09-01 10:10:43,BTCUSD_PERP,ask,59000,565.31
2024-09-01 10:10:45,BTCUSD_PERP,ask,59000,555.87
2024-09-01 10:10:45,BTCUSD_PERP,ask,59000,565.31
2024-09-01 10:10:45,BTCUSD_PERP,ask,59000,584.78
2024-09-01 10:10:45,BTCUSD_PERP,ask,59000,578.88
2024-09-01 10:10:46,BTCUSD_PERP,ask,59000,584.78
2024-09-01 10:11:22,BTCUSD_PERP,ask,59000,575.34
2024-09-01 10:11:23,BTCUSD_PERP,ask,59000,565.9
2024-09-01 10:11:24,BTCUSD_PERP,ask,59000,556.46
2024-09-01 10:11:25,BTCUSD_PERP,ask,59000,547.02
2024-09-01 10:11:27,BTCUSD_PERP,ask,59000,541.12
2024-09-01 10:11:36,BTCUSD_PERP,ask,59000,531.68
2024-09-01 10:11:44,BTCUSD_PERP,ask,59000,522.24
2024-09-01 10:11:45,BTCUSD_PERP,ask,59000,512.8
2024-09-01 10:14:40,BTCUSD_PERP,bid,58100,516.09
2024-09-01 10:14:40,BTCUSD_PERP,bid,58100,573.64
2024-09-01 10:14:41,BTCUSD_PERP,bid,58100,630.6
2024-09-01 10:14:41,BTCUSD_PERP,bid,58100,688.15
2024-09-01 10:16:05,BTCUSD_PERP,bid,58100,630.6
2024-09-01 10:16:06,BTCUSD_PERP,bid,58100,573.64
2024-09-01 10:16:06,BTCUSD_PERP,bid,58100,516.09
2024-09-01 10:16:07,BTCUSD_PERP,bid,58100,516.36
2024-09-01 10:16:07,BTCUSD_PERP,bid,58100,573.94
2024-09-01 10:16:55,BTCUSD_PERP,bid,58100,516.95
2024-09-01 10:18:53,BTCUSD_PERP,bid,58100,573.34
2024-09-01 10:19:17,BTCUSD_PERP,ask,59300,527.71
2024-09-01 10:23:25,BTCUSD_PERP,bid,58100,573.08
2024-09-01 10:26:31,BTCUSD_PERP,bid,58100,516.27
2024-09-01 10:26:31,BTCUSD_PERP,bid,58100,573.83
2024-09-01 10:26:31,BTCUSD_PERP,bid,58100,630.8
2024-09-01 10:26:40,BTCUSD_PERP,bid,58100,634.88
2024-09-01 10:28:45,BTCUSD_PERP,bid,58100,630.8
2024-09-01 10:29:55,BTCUSD_PERP,ask,59200,516.33
2024-09-01 10:30:40,BTCUSD_PERP,ask,59200,510.41
2024-09-01 10:35:03,BTCUSD_PERP,ask,59200,519.6
2024-09-01 10:35:07,BTCUSD_PERP,ask,59200,528.77
2024-09-01 10:35:10,BTCUSD_PERP,ask,59200,538.24
2024-09-01 10:35:12,BTCUSD_PERP,ask,59200,547.71
2024-09-01 10:35:12,BTCUSD_PERP,ask,59200,557.18
2024-09-01 10:35:13,BTCUSD_PERP,ask,59200,576.41
2024-09-01 10:35:14,BTCUSD_PERP,ask,59200,595.94
2024-09-01 10:35:17,BTCUSD_PERP,ask,59200,605.41
2024-09-01 10:35:19,BTCUSD_PERP,ask,59200,614.88
2024-09-01 10:35:19,BTCUSD_PERP,ask,59200,624.35
2024-09-01 10:35:42,BTCUSD_PERP,ask,59200,608.97
2024-09-01 10:35:56,BTCUSD_PERP,ask,59200,599.5
2024-09-01 10:36:00,BTCUSD_PERP,ask,59200,540.83
2024-09-01 10:36:30,BTCUSD_PERP,bid,58100,630.47
2024-09-01 10:38:24,BTCUSD_PERP,bid,47000,2442.73
2024-09-01 10:41:18,BTCUSD_PERP,ask,59200,507.55
2024-09-01 10:41:19,BTCUSD_PERP,bid,58100,572.94
2024-09-01 10:41:21,BTCUSD_PERP,bid,58000,572.58
2024-09-01 10:41:21,BTCUSD_PERP,bid,58000,630.07
2024-09-01 10:44:16,BTCUSD_PERP,bid,58000,572.58
2024-09-01 10:44:18,BTCUSD_PERP,bid,58100,573.68
2024-09-01 10:44:18,BTCUSD_PERP,bid,58100,630.61
2024-09-01 10:44:33,BTCUSD_PERP,bid,58100,573.68
2024-09-01 10:50:42,BTCUSD_PERP,ask,59100,518.42
2024-09-01 10:50:43,BTCUSD_PERP,ask,59100,527.87
2024-09-01 10:50:49,BTCUSD_PERP,ask,59100,533.77
2024-09-01 10:51:22,BTCUSD_PERP,ask,59100,527.92
2024-09-01 10:51:36,BTCUSD_PERP,ask,59100,508.6
2024-09-01 10:52:47,BTCUSD_PERP,bid,58000,572.54
2024-09-01 10:52:47,BTCUSD_PERP,bid,58000,629.38
2024-09-01 11:05:03,BTCUSD_PERP,bid,57900,685.86
2024-09-01 11:05:38,BTCUSD_PERP,bid,57900,628.5
2024-09-01 11:05:48,BTCUSD_PERP,bid,57900,571.44
2024-09-01 11:06:16,BTCUSD_PERP,bid,57900,572.33
2024-09-01 11:06:59,BTCUSD_PERP,bid,57900,571.75
2024-09-01 11:06:59,BTCUSD_PERP,bid,57900,629.16
2024-09-01 11:06:59,BTCUSD_PERP,bid,57900,686.57
2024-09-01 11:07:31,BTCUSD_PERP,bid,57900,572.34
2024-09-01 11:09:50,BTCUSD_PERP,bid,57900,742.81
2024-09-01 11:09:50,BTCUSD_PERP,bid,57900,800.22
2024-09-01 11:10:15,BTCUSD_PERP,ask,59100,508.31
2024-09-01 11:10:19,BTCUSD_PERP,ask,59100,517.75
2024-09-01 11:10:20,BTCUSD_PERP,ask,59100,523.65
2024-09-01 11:10:23,BTCUSD_PERP,ask,59100,543.13
2024-09-01 11:10:23,BTCUSD_PERP,ask,59100,549.03
2024-09-01 11:10:24,BTCUSD_PERP,ask,59100,554.93
2024-09-01 11:10:26,BTCUSD_PERP,ask,59100,564.08
2024-09-01 11:10:35,BTCUSD_PERP,bid,57900,684.9
2024-09-01 11:10:35,BTCUSD_PERP,bid,57900,742.27
2024-09-01 11:11:05,BTCUSD_PERP,ask,59100,554.64
2024-09-01 11:11:10,BTCUSD_PERP,ask,59100,548.74
2024-09-01 11:11:12,BTCUSD_PERP,ask,59100,539.3
2024-09-01 11:11:12,BTCUSD_PERP,ask,59100,529.86
2024-09-01 11:11:15,BTCUSD_PERP,ask,59100,523.96
2024-09-01 11:11:19,BTCUSD_PERP,ask,59100,514.52
2024-09-01 11:11:23,BTCUSD_PERP,ask,59100,508.62
2024-09-01 11:16:38,BTCUSD_PERP,ask,59000,515.76
2024-09-01 11:26:00,BTCUSD_PERP,bid,58000,629.99
2024-09-01 11:26:00,BTCUSD_PERP,bid,58000,687.32
2024-09-01 11:26:00,BTCUSD_PERP,bid,58000,744.17
2024-09-01 11:26:00,BTCUSD_PERP,bid,58000,801.6
2024-09-01 11:26:20,BTCUSD_PERP,bid,58000,801.64
2024-09-01 11:26:22,BTCUSD_PERP,bid,58000,801.68
2024-09-01 11:26:24,BTCUSD_PERP,bid,58000,801.72
2024-09-01 11:27:34,BTCUSD_PERP,bid,58000,744.29
2024-09-01 11:28:55,BTCUSD_PERP,ask,59100,511.46
2024-09-01 11:28:55,BTCUSD_PERP,ask,59100,520.91
2024-09-01 11:28:57,BTCUSD_PERP,ask,59100,530.37
2024-09-01 11:28:58,BTCUSD_PERP,ask,59100,539.82
2024-09-01 11:28:59,BTCUSD_PERP,ask,59100,549.27
2024-09-01 11:29:04,BTCUSD_PERP,ask,59100,555.18
2024-09-01 11:29:05,BTCUSD_PERP,ask,59100,561.09
2024-09-01 11:29:06,BTCUSD_PERP,ask,59100,570.54
2024-09-01 11:29:08,BTCUSD_PERP,ask,59100,580.29
2024-09-01 11:29:10,BTCUSD_PERP,ask,59100,586.2
2024-09-01 11:29:22,BTCUSD_PERP,ask,59100,592.11
2024-09-01 11:29:34,BTCUSD_PERP,ask,59100,611.61
2024-09-01 11:29:34,BTCUSD_PERP,ask,59100,605.7
2024-09-01 11:29:34,BTCUSD_PERP,ask,59100,611.61
2024-09-01 11:29:38,BTCUSD_PERP,ask,59100,602.45
2024-09-01 11:29:38,BTCUSD_PERP,ask,59100,611.61
2024-09-01 11:29:42,BTCUSD_PERP,ask,59100,602.15
2024-09-01 11:29:42,BTCUSD_PERP,ask,59100,611.61
2024-09-01 11:29:43,BTCUSD_PERP,ask,59100,602.15
2024-09-01 11:29:43,BTCUSD_PERP,ask,59100,592.7
2024-09-01 11:29:43,BTCUSD_PERP,ask,59100,602.15
2024-09-01 11:29:45,BTCUSD_PERP,ask,59100,602.16
2024-09-01 11:29:45,BTCUSD_PERP,ask,59100,611.61
2024-09-01 11:29:45,BTCUSD_PERP,ask,59100,617.52
2024-09-01 11:29:48,BTCUSD_PERP,bid,58000,744.25
2024-09-01 11:29:48,BTCUSD_PERP,ask,59100,608.06
2024-09-01 11:29:48,BTCUSD_PERP,ask,59100,617.52
2024-09-01 11:29:51,BTCUSD_PERP,bid,58000,744.21
2024-09-01 11:29:54,BTCUSD_PERP,ask,59100,623.43
2024-09-01 11:29:55,BTCUSD_PERP,bid,58000,744.17
2024-09-01 11:29:55,BTCUSD_PERP,ask,59100,613.98
2024-09-01 11:29:56,BTCUSD_PERP,ask,59100,623.43
2024-09-01 11:29:57,BTCUSD_PERP,ask,59100,613.97
2024-09-01 11:29:58,BTCUSD_PERP,ask,59100,604.52
2024-09-01 11:29:59,BTCUSD_PERP,ask,59100,585.01
2024-09-01 11:29:59,BTCUSD_PERP,ask,59100,594.46
2024-09-01 11:29:59,BTCUSD_PERP,ask,59100,594.47
2024-09-01 11:30:00,BTCUSD_PERP,ask,59100,603.92
2024-09-01 11:30:00,BTCUSD_PERP,ask,59100,623.43
2024-09-01 11:30:04,BTCUSD_PERP,ask,59100,617.52
2024-09-01 11:30:04,BTCUSD_PERP,ask,59100,623.43
2024-09-01 11:30:05,BTCUSD_PERP,ask,59100,617.52
2024-09-01 11:30:06,BTCUSD_PERP,ask,59100,623.43
2024-09-01 11:30:06,BTCUSD_PERP,ask,59100,613.98
2024-09-01 11:30:06,BTCUSD_PERP,ask,59100,623.43
2024-09-01 11:30:30,BTCUSD_PERP,ask,59100,603.92
2024-09-01 11:30:31,BTCUSD_PERP,ask,59100,623.43
2024-09-01 11:30:35,BTCUSD_PERP,ask,59100,617.52
2024-09-01 11:30:35,BTCUSD_PERP,ask,59100,623.43
2024-09-01 11:30:39,BTCUSD_PERP,ask,59100,614.27
2024-09-01 11:30:39,BTCUSD_PERP,ask,59100,623.43
2024-09-01 11:30:42,BTCUSD_PERP,ask,59100,617.52
2024-09-01 11:30:42,BTCUSD_PERP,ask,59100,623.43
2024-09-01 11:30:43,BTCUSD_PERP,ask,59100,613.97
2024-09-01 11:30:43,BTCUSD_PERP,ask,59100,623.43
2024-09-01 11:30:44,BTCUSD_PERP,ask,59100,613.98
2024-09-01 11:30:44,BTCUSD_PERP,ask,59100,623.43
2024-09-01 11:30:45,BTCUSD_PERP,ask,59100,613.97
2024-09-01 11:30:45,BTCUSD_PERP,ask,59100,604.52
2024-09-01 11:30:46,BTCUSD_PERP,ask,59100,613.97
2024-09-01 11:30:47,BTCUSD_PERP,ask,59100,623.43
2024-09-01 11:30:49,BTCUSD_PERP,ask,59100,613.97
2024-09-01 11:30:49,BTCUSD_PERP,ask,59100,623.43
2024-09-01 11:30:52,BTCUSD_PERP,ask,59100,613.68
2024-09-01 11:30:52,BTCUSD_PERP,ask,59100,623.43
2024-09-01 11:30:56,BTCUSD_PERP,ask,59100,613.98
2024-09-01 11:30:56,BTCUSD_PERP,ask,59100,623.43
2024-09-01 11:30:57,BTCUSD_PERP,bid,58000,629.31
2024-09-01 11:30:57,BTCUSD_PERP,bid,58000,571.88
2024-09-01 11:30:59,BTCUSD_PERP,bid,58000,571.18
2024-09-01 11:30:59,BTCUSD_PERP,ask,59100,613.98
2024-09-01 11:31:00,BTCUSD_PERP,ask,59100,595.07
2024-09-01 11:31:00,BTCUSD_PERP,ask,59100,589.16
2024-09-01 11:31:04,BTCUSD_PERP,ask,59100,583.25
2024-09-01 11:31:06,BTCUSD_PERP,ask,59100,577.34
2024-09-01 11:31:06,BTCUSD_PERP,ask,59100,567.89
2024-09-01 11:31:18,BTCUSD_PERP,ask,59100,548.39
2024-09-01 11:31:24,BTCUSD_PERP,ask,59100,542.48
2024-09-01 11:31:34,BTCUSD_PERP,ask,59100,536.57
2024-09-01 11:31:35,BTCUSD_PERP,ask,59100,530.66
2024-09-01 11:31:39,BTCUSD_PERP,ask,59100,521.5
2024-09-01 11:35:01,BTCUSD_PERP,bid,58000,542.97
2024-09-01 11:35:01,BTCUSD_PERP,bid,58000,599.88
2024-09-01 11:35:01,BTCUSD_PERP,bid,58000,656.8
2024-09-01 11:38:11,BTCUSD_PERP,bid,47000,2442.52
2024-09-01 11:41:16,BTCUSD_PERP,bid,58000,599.89
2024-09-01 11:41:16,BTCUSD_PERP,bid,58000,542.39
2024-09-01 11:41:17,BTCUSD_PERP,bid,58000,571.75
2024-09-01 11:41:18,BTCUSD_PERP,bid,58000,628.63
2024-09-01 11:45:28,BTCUSD_PERP,bid,58000,628.32
2024-09-01 11:45:28,BTCUSD_PERP,bid,58000,685.76
2024-09-01 11:46:40,BTCUSD_PERP,bid,58000,628.32
2024-09-01 11:46:40,BTCUSD_PERP,bid,57900,685.4
2024-09-01 11:46:41,BTCUSD_PERP,bid,57900,742.22
2024-09-01 11:49:53,BTCUSD_PERP,bid,57900,686.6
2024-09-01 11:49:53,BTCUSD_PERP,bid,57900,743.97
2024-09-01 11:55:22,BTCUSD_PERP,ask,59000,513.52
2024-09-01 11:55:30,BTCUSD_PERP,ask,59000,523.25
2024-09-01 11:55:33,BTCUSD_PERP,ask,59000,542.71
2024-09-01 11:55:36,BTCUSD_PERP,ask,59000,552.14
2024-09-01 11:55:37,BTCUSD_PERP,ask,59000,558.03
2024-09-01 11:55:49,BTCUSD_PERP,ask,59000,563.92
2024-09-01 11:55:58,BTCUSD_PERP,ask,59000,573.35
2024-09-01 11:55:59,BTCUSD_PERP,ask,59000,582.78
2024-09-01 11:56:01,BTCUSD_PERP,ask,59000,592.21
2024-09-01 11:56:05,BTCUSD_PERP,ask,59000,601.64
2024-09-01 11:56:07,BTCUSD_PERP,ask,59000,607.53
2024-09-01 11:56:10,BTCUSD_PERP,ask,59000,616.96
2024-09-01 11:56:13,BTCUSD_PERP,ask,59000,607.53
2024-09-01 11:56:14,BTCUSD_PERP,ask,59000,616.96
2024-09-01 11:56:14,BTCUSD_PERP,ask,59000,607.53
2024-09-01 11:56:14,BTCUSD_PERP,ask,59000,616.96
2024-09-01 11:56:19,BTCUSD_PERP,ask,59000,616.96
2024-09-01 11:56:20,BTCUSD_PERP,ask,59000,611.07
2024-09-01 11:56:22,BTCUSD_PERP,ask,59000,601.64
2024-09-01 11:57:42,BTCUSD_PERP,bid,57900,570.42
2024-09-01 11:57:42,BTCUSD_PERP,bid,57900,627.75
2024-09-01 11:57:42,BTCUSD_PERP,bid,57900,742.35
2024-09-01 11:57:43,BTCUSD_PERP,bid,57900,742.39
2024-09-01 12:01:01,BTCUSD_PERP,bid,57900,685.64
2024-09-01 12:01:04,BTCUSD_PERP,bid,57900,685.41
2024-09-01 12:01:04,BTCUSD_PERP,bid,57900,742.78
2024-09-01 12:01:35,BTCUSD_PERP,bid,57900,742.82
2024-09-01 12:04:22,BTCUSD_PERP,bid,57900,697.21
2024-09-01 12:04:23,BTCUSD_PERP,bid,57900,753.96
2024-09-01 12:04:27,BTCUSD_PERP,bid,57900,754.0
2024-09-01 12:05:34,BTCUSD_PERP,bid,57900,742.44
2024-09-01 12:05:50,BTCUSD_PERP,bid,57900,685.68
2024-09-01 12:05:51,BTCUSD_PERP,bid,57800,627.97
2024-09-01 12:05:51,BTCUSD_PERP,bid,57800,685.28
2024-09-01 12:05:52,BTCUSD_PERP,bid,57800,742.0
2024-09-01 12:05:57,BTCUSD_PERP,bid,57800,744.08
2024-09-01 12:05:58,BTCUSD_PERP,bid,57800,745.29
2024-09-01 12:05:58,BTCUSD_PERP,bid,57800,759.16
2024-09-01 12:07:04,BTCUSD_PERP,bid,57800,701.85
2024-09-01 12:07:04,BTCUSD_PERP,bid,57800,531.67
2024-09-01 12:07:04,BTCUSD_PERP,bid,57800,570.95
2024-09-01 12:11:20,BTCUSD_PERP,bid,57800,570.66
2024-09-01 12:19:03,BTCUSD_PERP,bid,57800,570.48
2024-09-01 12:19:04,BTCUSD_PERP,bid,57800,684.46
2024-09-01 12:19:04,BTCUSD_PERP,bid,57800,741.74
2024-09-01 12:19:21,BTCUSD_PERP,bid,57800,629.16
2024-09-01 12:19:21,BTCUSD_PERP,bid,57800,799.75
2024-09-01 12:19:56,BTCUSD_PERP,bid,57800,798.6
2024-09-01 12:20:22,BTCUSD_PERP,bid,57800,741.35
2024-09-01 12:20:22,BTCUSD_PERP,bid,57800,684.1
2024-09-01 12:20:22,BTCUSD_PERP,bid,57800,570.18
2024-09-01 12:20:24,BTCUSD_PERP,bid,57800,569.88
2024-09-01 12:20:24,BTCUSD_PERP,bid,57800,740.96
2024-09-01 12:20:24,BTCUSD_PERP,bid,57800,798.18
2024-09-01 12:20:31,BTCUSD_PERP,bid,57800,626.52
2024-09-01 12:21:08,BTCUSD_PERP,bid,57700,569.64
2024-09-01 12:21:51,BTCUSD_PERP,bid,57700,570.54
2024-09-01 12:21:52,BTCUSD_PERP,bid,57700,627.14
2024-09-01 12:22:48,BTCUSD_PERP,ask,58800,510.11
2024-09-01 12:22:59,BTCUSD_PERP,bid,57600,737.23
2024-09-01 12:23:01,BTCUSD_PERP,bid,57600,623.75
2024-09-01 12:23:01,BTCUSD_PERP,bid,57600,568.77
2024-09-01 12:23:02,BTCUSD_PERP,bid,57600,625.25
2024-09-01 12:23:02,BTCUSD_PERP,bid,57600,681.73
2024-09-01 12:23:02,BTCUSD_PERP,bid,57600,738.79
2024-09-01 12:23:03,BTCUSD_PERP,bid,57600,682.31
2024-09-01 12:23:20,BTCUSD_PERP,bid,57600,625.25
2024-09-01 12:24:14,BTCUSD_PERP,bid,57600,568.77
2024-09-01 12:24:14,BTCUSD_PERP,bid,57600,625.83
2024-09-01 12:24:14,BTCUSD_PERP,bid,57600,738.79
2024-09-01 12:24:14,BTCUSD_PERP,bid,57600,795.85
2024-09-01 12:24:15,BTCUSD_PERP,bid,57600,852.33
2024-09-01 12:24:15,BTCUSD_PERP,bid,57500,554.78
2024-09-01 12:24:15,BTCUSD_PERP,bid,57600,966.45
2024-09-01 12:24:15,BTCUSD_PERP,bid,57600,1079.41
2024-09-01 12:24:15,BTCUSD_PERP,bid,57600,1136.47
2024-09-01 12:24:40,BTCUSD_PERP,bid,57500,567.18
2024-09-01 12:25:12,BTCUSD_PERP,bid,57500,566.6
2024-09-01 12:25:12,BTCUSD_PERP,bid,57500,623.56
2024-09-01 12:25:28,BTCUSD_PERP,bid,57400,795.65
2024-09-01 12:25:28,BTCUSD_PERP,bid,57400,852.57
2024-09-01 12:25:39,BTCUSD_PERP,bid,57400,638.81
2024-09-01 12:25:40,BTCUSD_PERP,bid,57400,525.76
2024-09-01 12:26:44,BTCUSD_PERP,bid,57400,623.58
2024-09-01 12:26:46,BTCUSD_PERP,bid,57400,581.89
2024-09-01 12:26:46,BTCUSD_PERP,bid,57400,638.17
2024-09-01 12:26:46,BTCUSD_PERP,bid,57400,695.03
2024-09-01 12:26:49,BTCUSD_PERP,bid,57400,679.55
2024-09-01 12:26:52,BTCUSD_PERP,bid,57300,736.44
2024-09-01 12:26:52,BTCUSD_PERP,bid,57300,793.23
2024-09-01 12:27:02,BTCUSD_PERP,bid,57300,679.65
2024-09-01 12:27:02,BTCUSD_PERP,bid,57300,566.07
2024-09-01 12:27:03,BTCUSD_PERP,bid,57400,568.24
2024-09-01 12:27:06,BTCUSD_PERP,bid,57300,624.01
2024-09-01 12:27:07,BTCUSD_PERP,bid,57300,567.23
2024-09-01 12:27:07,BTCUSD_PERP,bid,57300,621.95
2024-09-01 12:27:19,BTCUSD_PERP,bid,57300,576.96
2024-09-01 12:27:19,BTCUSD_PERP,bid,57300,633.76
2024-09-01 12:27:19,BTCUSD_PERP,bid,57300,746.78
2024-09-01 12:27:19,BTCUSD_PERP,bid,57300,803.0
2024-09-01 12:27:21,BTCUSD_PERP,bid,57300,746.2
2024-09-01 12:27:21,BTCUSD_PERP,bid,57300,689.98
2024-09-01 12:27:22,BTCUSD_PERP,bid,57300,633.76
2024-09-01 12:27:22,BTCUSD_PERP,bid,57300,576.96
2024-09-01 12:27:23,BTCUSD_PERP,bid,57400,678.98
2024-09-01 12:27:23,BTCUSD_PERP,bid,57400,735.81
2024-09-01 12:27:23,BTCUSD_PERP,bid,57400,848.32
2024-09-01 12:27:23,BTCUSD_PERP,bid,57400,905.15
2024-09-01 12:27:23,BTCUSD_PERP,bid,57400,961.98
2024-09-01 12:27:23,BTCUSD_PERP,bid,57400,1018.23
2024-09-01 12:27:33,BTCUSD_PERP,bid,57400,961.4
2024-09-01 12:27:33,BTCUSD_PERP,bid,57400,848.9
2024-09-01 12:27:33,BTCUSD_PERP,bid,57400,735.81
2024-09-01 12:27:33,BTCUSD_PERP,bid,57400,678.98
2024-09-01 12:27:33,BTCUSD_PERP,bid,57400,565.9
2024-09-01 12:27:33,BTCUSD_PERP,bid,57400,523.12
2024-09-01 12:28:02,BTCUSD_PERP,bid,57400,565.52
2024-09-01 12:28:02,BTCUSD_PERP,bid,57400,679.32
2024-09-01 12:28:09,BTCUSD_PERP,bid,57400,622.42
2024-09-01 12:28:09,BTCUSD_PERP,bid,57400,566.1
2024-09-01 12:28:10,BTCUSD_PERP,bid,57500,623.81
2024-09-01 12:28:10,BTCUSD_PERP,bid,57500,794.02
2024-09-01 12:28:10,BTCUSD_PERP,bid,57500,850.95
2024-09-01 12:28:10,BTCUSD_PERP,bid,57500,907.3
2024-09-01 12:28:22,BTCUSD_PERP,bid,57500,850.37
2024-09-01 12:28:23,BTCUSD_PERP,bid,57500,793.44
2024-09-01 12:28:23,BTCUSD_PERP,bid,57500,737.09
2024-09-01 12:28:23,BTCUSD_PERP,bid,57500,623.23
2024-09-01 12:28:52,BTCUSD_PERP,bid,57500,567.42
2024-09-01 12:31:19,BTCUSD_PERP,bid,57500,567.72
2024-09-01 12:31:19,BTCUSD_PERP,bid,57500,624.66
2024-09-01 12:31:19,BTCUSD_PERP,bid,57500,681.6
2024-09-01 12:31:42,BTCUSD_PERP,bid,57500,625.24
2024-09-01 12:31:42,BTCUSD_PERP,bid,57500,681.77
2024-09-01 12:31:43,BTCUSD_PERP,bid,57500,738.74
2024-09-01 12:33:56,BTCUSD_PERP,bid,57400,623.4
2024-09-01 12:33:56,BTCUSD_PERP,bid,57400,737.08
2024-09-01 12:34:01,BTCUSD_PERP,bid,57400,680.24
2024-09-01 12:34:01,BTCUSD_PERP,bid,57400,566.56
2024-09-01 12:34:02,BTCUSD_PERP,bid,57300,624.25
2024-09-01 12:34:02,BTCUSD_PERP,bid,57300,680.48
2024-09-01 12:34:07,BTCUSD_PERP,bid,57300,918.2
2024-09-01 12:34:09,BTCUSD_PERP,bid,57300,748.5
2024-09-01 12:34:09,BTCUSD_PERP,bid,57300,692.32
2024-09-01 12:34:10,BTCUSD_PERP,bid,57300,636.14
2024-09-01 12:34:10,BTCUSD_PERP,bid,57300,574.69
2024-09-01 12:34:10,BTCUSD_PERP,bid,57300,631.49
2024-09-01 12:34:11,BTCUSD_PERP,bid,57300,687.71
2024-09-01 12:34:11,BTCUSD_PERP,bid,57300,744.51
2024-09-01 12:35:28,BTCUSD_PERP,bid,57300,687.71
2024-09-01 12:35:28,BTCUSD_PERP,bid,57300,631.0
2024-09-01 12:35:29,BTCUSD_PERP,bid,57300,574.2
2024-09-01 12:35:29,BTCUSD_PERP,bid,57400,565.5
2024-09-01 12:35:30,BTCUSD_PERP,bid,57400,622.34
2024-09-01 12:40:38,BTCUSD_PERP,bid,57400,566.76
2024-09-01 12:40:38,BTCUSD_PERP,bid,57400,623.04
2024-09-01 12:42:04,BTCUSD_PERP,bid,57500,568.44
2024-09-01 12:45:28,BTCUSD_PERP,bid,57500,624.08
2024-09-01 12:45:28,BTCUSD_PERP,bid,57500,736.8
2024-09-01 12:46:05,BTCUSD_PERP,bid,57500,738.86
2024-09-01 12:46:18,BTCUSD_PERP,bid,57500,682.5
2024-09-01 12:46:22,BTCUSD_PERP,bid,57500,626.14
2024-09-01 12:46:22,BTCUSD_PERP,bid,57500,569.2
2024-09-01 12:48:22,BTCUSD_PERP,bid,57500,568.15
2024-09-01 12:50:35,BTCUSD_PERP,bid,57400,736.84
2024-09-01 12:50:35,BTCUSD_PERP,bid,57400,793.75
2024-09-01 12:50:41,BTCUSD_PERP,bid,57400,623.27
2024-09-01 12:50:41,BTCUSD_PERP,bid,57400,680.15
2024-09-01 12:50:57,BTCUSD_PERP,bid,57400,623.85
2024-09-01 12:50:58,BTCUSD_PERP,bid,57400,566.97
2024-09-01 12:50:58,BTCUSD_PERP,ask,58600,518.31
2024-09-01 12:51:35,BTCUSD_PERP,ask,58500,520.73
2024-09-01 12:51:35,BTCUSD_PERP,ask,58500,529.8
2024-09-01 12:53:28,BTCUSD_PERP,bid,57400,623.37
2024-09-01 12:53:56,BTCUSD_PERP,bid,57400,566.49
2024-09-01 12:54:23,BTCUSD_PERP,bid,57400,567.14
2024-09-01 12:54:32,BTCUSD_PERP,bid,57400,566.18
2024-09-01 12:54:32,BTCUSD_PERP,bid,57400,623.03
2024-09-01 12:55:21,BTCUSD_PERP,bid,57400,566.78
2024-09-01 12:55:23,BTCUSD_PERP,bid,57400,566.82
2024-09-01 12:55:24,BTCUSD_PERP,bid,57400,566.86
2024-09-01 12:55:47,BTCUSD_PERP,bid,57500,567.68
2024-09-01 12:55:47,BTCUSD_PERP,bid,57500,624.04
2024-09-01 12:55:47,BTCUSD_PERP,bid,57500,680.4
2024-09-01 12:55:47,BTCUSD_PERP,bid,57500,794.28
2024-09-01 12:57:42,BTCUSD_PERP,bid,57500,680.74
2024-09-01 12:57:42,BTCUSD_PERP,bid,57500,737.71
2024-09-01 12:57:42,BTCUSD_PERP,bid,57500,794.68
2024-09-01 12:57:47,BTCUSD_PERP,bid,57500,795.88
2024-09-01 12:58:36,BTCUSD_PERP,bid,57500,737.34
2024-09-01 12:58:36,BTCUSD_PERP,bid,57500,794.28
2024-09-01 12:59:19,BTCUSD_PERP,bid,57500,737.34
2024-09-01 12:59:19,BTCUSD_PERP,bid,57500,680.4
2024-09-01 12:59:19,BTCUSD_PERP,bid,57500,623.46
2024-09-01 12:59:19,BTCUSD_PERP,bid,57500,567.1
2024-09-01 12:59:20,BTCUSD_PERP,bid,57400,623.11
2024-09-01 12:59:20,BTCUSD_PERP,bid,57400,680.02
2024-09-01 12:59:20,BTCUSD_PERP,bid,57400,736.93
2024-09-01 12:59:21,BTCUSD_PERP,bid,57400,793.84
2024-09-01 12:59:31,BTCUSD_PERP,bid,57400,680.02
2024-09-01 12:59:31,BTCUSD_PERP,bid,57400,623.69
2024-09-01 12:59:31,BTCUSD_PERP,bid,57400,566.78
2024-09-01 12:59:32,BTCUSD_PERP,bid,57400,736.56
2024-09-01 12:59:32,BTCUSD_PERP,bid,57400,793.44
2024-09-01 13:00:26,BTCUSD_PERP,bid,57400,622.8
2024-09-01 13:01:03,BTCUSD_PERP,bid,57500,624.04
2024-09-01 13:01:03,BTCUSD_PERP,bid,57500,737.92
2024-09-01 13:01:03,BTCUSD_PERP,bid,57500,794.86
2024-09-01 13:02:03,BTCUSD_PERP,bid,57500,737.92
2024-09-01 13:02:03,BTCUSD_PERP,bid,57400,623.71
2024-09-01 13:02:03,BTCUSD_PERP,bid,57400,680.62
2024-09-01 13:07:03,BTCUSD_PERP,bid,57500,524.97
2024-09-01 13:10:20,BTCUSD_PERP,bid,57600,568.57
2024-09-01 13:10:20,BTCUSD_PERP,bid,57600,625.61
2024-09-01 13:11:06,BTCUSD_PERP,bid,57600,568.4
2024-09-01 13:11:07,BTCUSD_PERP,bid,57600,625.47
2024-09-01 13:11:07,BTCUSD_PERP,bid,57600,739.03
2024-09-01 13:13:03,BTCUSD_PERP,bid,57600,681.96
2024-09-01 13:13:03,BTCUSD_PERP,bid,57600,624.98
2024-09-01 13:13:03,BTCUSD_PERP,bid,57600,568.49
2024-09-01 13:13:04,BTCUSD_PERP,bid,57600,625.77
2024-09-01 13:13:52,BTCUSD_PERP,bid,57600,568.66
2024-09-01 13:13:53,BTCUSD_PERP,bid,57600,568.41
2024-09-01 13:13:53,BTCUSD_PERP,bid,57600,681.98
2024-09-01 13:13:54,BTCUSD_PERP,bid,57600,739.06
2024-09-01 13:13:54,BTCUSD_PERP,bid,57600,795.55
2024-09-01 13:13:54,BTCUSD_PERP,bid,57500,554.88
2024-09-01 13:13:54,BTCUSD_PERP,bid,57600,852.63
2024-09-01 13:13:54,BTCUSD_PERP,bid,57600,909.12
2024-09-01 13:13:54,BTCUSD_PERP,bid,57600,966.2
2024-09-01 13:13:54,BTCUSD_PERP,bid,57600,1023.28
2024-09-01 13:14:18,BTCUSD_PERP,bid,57600,681.39
2024-09-01 13:14:18,BTCUSD_PERP,bid,57600,568.75
2024-09-01 13:14:18,BTCUSD_PERP,bid,57600,625.86
2024-09-01 13:14:18,BTCUSD_PERP,bid,57600,682.97
2024-09-01 13:14:18,BTCUSD_PERP,bid,57600,739.49
2024-09-01 13:14:18,BTCUSD_PERP,bid,57600,796.5
2024-09-01 13:14:19,BTCUSD_PERP,bid,57600,910.72
2024-09-01 13:14:19,BTCUSD_PERP,bid,57600,967.25
2024-09-01 13:14:19,BTCUSD_PERP,bid,57600,555.18
2024-09-01 13:14:19,BTCUSD_PERP,bid,57600,1023.77
2024-09-01 13:15:06,BTCUSD_PERP,bid,57600,909.65
2024-09-01 13:15:06,BTCUSD_PERP,bid,57600,966.73
2024-09-01 13:15:12,BTCUSD_PERP,bid,57600,909.21
2024-09-01 13:15:12,BTCUSD_PERP,bid,57600,966.26
2024-09-01 13:18:01,BTCUSD_PERP,bid,57600,909.21
2024-09-01 13:18:01,BTCUSD_PERP,bid,57600,852.75
2024-09-01 13:18:02,BTCUSD_PERP,bid,57600,739.23
2024-09-01 13:18:02,BTCUSD_PERP,bid,57600,568.67
2024-09-01 13:18:03,BTCUSD_PERP,bid,57600,625.06
2024-09-01 13:18:03,BTCUSD_PERP,bid,57600,682.15
2024-09-01 13:18:03,BTCUSD_PERP,bid,57600,795.74
2024-09-01 13:18:03,BTCUSD_PERP,bid,57600,852.73
2024-09-01 13:20:14,BTCUSD_PERP,bid,57600,739.14
2024-09-01 13:20:15,BTCUSD_PERP,bid,57600,738.66
2024-09-01 13:20:15,BTCUSD_PERP,bid,57600,795.71
2024-09-01 13:21:31,BTCUSD_PERP,bid,57600,625.14
2024-09-01 13:21:32,BTCUSD_PERP,bid,57600,568.67
2024-09-01 13:21:33,BTCUSD_PERP,bid,57600,623.77
2024-09-01 13:21:33,BTCUSD_PERP,bid,57600,737.81
2024-09-01 13:21:33,BTCUSD_PERP,bid,57600,851.76
2024-09-01 13:21:36,BTCUSD_PERP,bid,57600,853.83
2024-09-01 13:21:36,BTCUSD_PERP,bid,57600,867.63
2024-09-01 13:21:39,BTCUSD_PERP,bid,57600,868.83
2024-09-01 13:23:03,BTCUSD_PERP,bid,57600,867.63
2024-09-01 13:23:36,BTCUSD_PERP,bid,57600,865.56
2024-09-01 13:23:37,BTCUSD_PERP,bid,57600,851.76
2024-09-01 13:23:46,BTCUSD_PERP,bid,57600,738.29
2024-09-01 13:23:47,BTCUSD_PERP,bid,57600,681.27
2024-09-01 13:23:47,BTCUSD_PERP,bid,57600,624.25
2024-09-01 13:23:48,BTCUSD_PERP,bid,57600,568.74
2024-09-01 13:23:48,BTCUSD_PERP,bid,57600,625.21
2024-09-01 13:25:38,BTCUSD_PERP,bid,57600,568.74
2024-09-01 13:25:39,BTCUSD_PERP,bid,57600,569.14
2024-09-01 13:25:39,BTCUSD_PERP,bid,57600,682.63
2024-09-01 13:25:39,BTCUSD_PERP,bid,57600,739.72
2024-09-01 13:25:39,BTCUSD_PERP,bid,57600,796.81
2024-09-01 13:25:40,BTCUSD_PERP,bid,57600,796.85
2024-09-01 13:29:12,BTCUSD_PERP,bid,57600,796.81
2024-09-01 13:31:49,BTCUSD_PERP,bid,57600,683.22
2024-09-01 13:31:49,BTCUSD_PERP,bid,57600,626.13
2024-09-01 13:31:49,BTCUSD_PERP,bid,57600,569.04
2024-09-01 13:31:50,BTCUSD_PERP,bid,57600,569.45
2024-09-01 13:31:50,BTCUSD_PERP,bid,57600,626.57
2024-09-01 13:31:51,BTCUSD_PERP,bid,57600,683.59
2024-09-01 13:31:51,BTCUSD_PERP,bid,57600,797.24
2024-09-01 13:33:08,BTCUSD_PERP,bid,57600,966.32
2024-09-01 13:33:08,BTCUSD_PERP,bid,57600,554.98
2024-09-01 13:33:08,BTCUSD_PERP,bid,57600,1023.41
2024-09-01 13:33:26,BTCUSD_PERP,bid,57600,796.82
2024-09-01 13:33:26,BTCUSD_PERP,bid,57600,738.66
2024-09-01 13:33:26,BTCUSD_PERP,bid,57600,795.71
2024-09-01 13:33:26,BTCUSD_PERP,bid,57600,852.76
2024-09-01 13:35:48,BTCUSD_PERP,bid,57600,795.71
2024-09-01 13:35:48,BTCUSD_PERP,bid,57600,852.05
2024-09-01 13:35:48,BTCUSD_PERP,bid,57600,1022.71
2024-09-01 13:35:48,BTCUSD_PERP,bid,57600,554.96
2024-09-01 13:35:48,BTCUSD_PERP,bid,57600,1079.79
2024-09-01 13:41:57,BTCUSD_PERP,bid,57600,1023.29
2024-09-01 13:41:57,BTCUSD_PERP,bid,57600,966.79
2024-09-01 13:41:57,BTCUSD_PERP,bid,57600,909.71
2024-09-01 13:41:57,BTCUSD_PERP,bid,57600,852.63
2024-09-01 13:41:57,BTCUSD_PERP,bid,57600,795.55
2024-09-01 13:41:58,BTCUSD_PERP,bid,57600,681.97
2024-09-01 13:41:58,BTCUSD_PERP,bid,57600,624.89
2024-09-01 13:45:01,BTCUSD_PERP,bid,57700,625.66
2024-09-01 13:45:02,BTCUSD_PERP,bid,57700,739.96
2024-09-01 13:46:06,BTCUSD_PERP,bid,57700,569.09
2024-09-01 13:51:32,BTCUSD_PERP,bid,57700,568.85
2024-09-01 13:51:33,BTCUSD_PERP,bid,57700,625.98
2024-09-01 14:00:00,BTCUSD_PERP,bid,57600,572.82
2024-09-01 14:00:35,BTCUSD_PERP,bid,57600,568.78
2024-09-01 14:06:21,BTCUSD_PERP,ask,58800,518.51
2024-09-01 14:06:23,BTCUSD_PERP,ask,58800,527.91
2024-09-01 14:06:23,BTCUSD_PERP,ask,58800,537.31
2024-09-01 14:06:28,BTCUSD_PERP,ask,58800,546.71
2024-09-01 14:06:59,BTCUSD_PERP,bid,57600,568.75
2024-09-01 14:07:00,BTCUSD_PERP,bid,57600,625.87
2024-09-01 14:07:02,BTCUSD_PERP,ask,58800,537.31
2024-09-01 14:07:05,BTCUSD_PERP,ask,58800,527.91
2024-09-01 14:07:05,BTCUSD_PERP,ask,58800,518.8
2024-09-01 14:09:49,BTCUSD_PERP,bid,57600,569.34
2024-09-01 14:11:31,BTCUSD_PERP,bid,57600,568.45
2024-09-01 14:12:31,BTCUSD_PERP,ask,58700,513.34
2024-09-01 14:15:08,BTCUSD_PERP,bid,57700,625.9
2024-09-01 14:15:08,BTCUSD_PERP,bid,57700,682.44
2024-09-01 14:15:08,BTCUSD_PERP,bid,57700,739.56
2024-09-01 14:15:09,BTCUSD_PERP,bid,57700,910.34
2024-09-01 14:15:09,BTCUSD_PERP,bid,57700,967.46
2024-09-01 14:15:11,BTCUSD_PERP,bid,57700,967.5
2024-09-01 14:15:15,BTCUSD_PERP,bid,57700,967.54
2024-09-01 14:16:23,BTCUSD_PERP,bid,57700,682.62
2024-09-01 14:16:23,BTCUSD_PERP,bid,57600,739.17
2024-09-01 14:16:23,BTCUSD_PERP,bid,57600,796.26
2024-09-01 14:19:07,BTCUSD_PERP,bid,57600,739.75
2024-09-01 14:19:07,BTCUSD_PERP,bid,57600,738.78
2024-09-01 14:19:07,BTCUSD_PERP,bid,57600,795.84
2024-09-01 14:19:17,BTCUSD_PERP,ask,58700,514.4
2024-09-01 14:19:19,BTCUSD_PERP,ask,58700,520.27
2024-09-01 14:19:22,BTCUSD_PERP,ask,58700,526.14
2024-09-01 14:20:12,BTCUSD_PERP,ask,58700,516.75
2024-09-01 14:20:30,BTCUSD_PERP,bid,57600,625.82
2024-09-01 14:20:31,BTCUSD_PERP,bid,57600,569.34
2024-09-01 14:20:32,BTCUSD_PERP,bid,57600,568.58
2024-09-01 14:20:32,BTCUSD_PERP,bid,57600,625.09
2024-09-01 14:21:39,BTCUSD_PERP,bid,57600,625.13
2024-09-01 14:23:53,BTCUSD_PERP,bid,57600,738.78
2024-09-01 14:23:53,BTCUSD_PERP,bid,57600,795.84
2024-09-01 14:24:06,BTCUSD_PERP,ask,58700,511.75
2024-09-01 14:24:07,BTCUSD_PERP,ask,58700,521.14
2024-09-01 14:24:08,BTCUSD_PERP,ask,58700,530.53
2024-09-01 14:24:12,BTCUSD_PERP,ask,58700,539.92
2024-09-01 14:24:14,BTCUSD_PERP,ask,58700,549.31
2024-09-01 14:24:16,BTCUSD_PERP,ask,58700,558.7
2024-09-01 14:24:17,BTCUSD_PERP,ask,58700,567.8
2024-09-01 14:24:21,BTCUSD_PERP,ask,58700,577.19
2024-09-01 14:24:21,BTCUSD_PERP,ask,58700,583.06
2024-09-01 14:24:23,BTCUSD_PERP,ask,58700,592.74
2024-09-01 14:24:25,BTCUSD_PERP,ask,58700,598.61
2024-09-01 14:24:30,BTCUSD_PERP,ask,58700,613.87
2024-09-01 14:24:33,BTCUSD_PERP,ask,58700,623.26
2024-09-01 14:24:35,BTCUSD_PERP,ask,58700,629.13
2024-09-01 14:24:39,BTCUSD_PERP,ask,58700,638.52
2024-09-01 14:25:00,BTCUSD_PERP,ask,58700,629.13
2024-09-01 14:25:08,BTCUSD_PERP,ask,58700,619.74
2024-09-01 14:25:08,BTCUSD_PERP,ask,58700,610.35
2024-09-01 14:25:13,BTCUSD_PERP,ask,58700,600.96
2024-09-01 14:25:15,BTCUSD_PERP,ask,58700,591.57
2024-09-01 14:25:16,BTCUSD_PERP,ask,58700,582.18
2024-09-01 14:25:17,BTCUSD_PERP,ask,58700,573.08
2024-09-01 14:25:21,BTCUSD_PERP,ask,58700,563.69
2024-09-01 14:25:22,BTCUSD_PERP,ask,58700,557.82
2024-09-01 14:25:25,BTCUSD_PERP,ask,58700,551.95
2024-09-01 14:25:30,BTCUSD_PERP,ask,58700,542.56
2024-09-01 14:25:30,BTCUSD_PERP,ask,58700,536.69
2024-09-01 14:25:31,BTCUSD_PERP,ask,58700,517.32
2024-09-01 14:32:13,BTCUSD_PERP,bid,57600,739.36
2024-09-01 14:32:14,BTCUSD_PERP,bid,57600,682.3
2024-09-01 14:32:14,BTCUSD_PERP,bid,57600,569.1
2024-09-01 14:32:14,BTCUSD_PERP,bid,57600,625.61
2024-09-01 14:32:15,BTCUSD_PERP,bid,57600,739.79
2024-09-01 14:32:15,BTCUSD_PERP,bid,57600,796.88
2024-09-01 14:32:15,BTCUSD_PERP,bid,57600,853.39
2024-09-01 14:32:15,BTCUSD_PERP,bid,57600,966.99
2024-09-01 14:32:15,BTCUSD_PERP,bid,57600,1024.08
2024-09-01 14:32:38,BTCUSD_PERP,bid,57600,967.57
2024-09-01 14:32:40,BTCUSD_PERP,bid,57600,570.26
2024-09-01 14:32:40,BTCUSD_PERP,bid,57700,910.34
2024-09-01 14:32:41,BTCUSD_PERP,bid,57700,967.46
2024-09-01 14:32:41,BTCUSD_PERP,bid,57700,1024.58
2024-09-01 14:32:45,BTCUSD_PERP,bid,57700,1024.62
2024-09-01 14:35:39,BTCUSD_PERP,bid,57700,968.08
2024-09-01 14:35:39,BTCUSD_PERP,bid,57700,739.7
2024-09-01 14:35:39,BTCUSD_PERP,bid,57700,683.38
2024-09-01 14:35:40,BTCUSD_PERP,bid,57700,740.53
2024-09-01 14:38:08,BTCUSD_PERP,bid,57700,626.45
2024-09-01 14:38:08,BTCUSD_PERP,bid,57700,683.57
2024-09-01 14:38:22,BTCUSD_PERP,ask,58800,513.47
2024-09-01 14:38:24,BTCUSD_PERP,ask,58800,532.86
2024-09-01 14:39:16,BTCUSD_PERP,ask,58800,523.46
2024-09-01 14:39:16,BTCUSD_PERP,ask,58800,532.86
2024-09-01 14:39:20,BTCUSD_PERP,ask,58800,538.73
2024-09-01 14:39:21,BTCUSD_PERP,ask,58800,529.33
2024-09-01 14:39:21,BTCUSD_PERP,ask,58800,538.73
2024-09-01 14:39:23,BTCUSD_PERP,ask,58800,529.33
2024-09-01 14:39:23,BTCUSD_PERP,ask,58800,538.73
2024-09-01 14:39:25,BTCUSD_PERP,ask,58800,548.13
2024-09-01 14:39:44,BTCUSD_PERP,ask,58800,528.74
2024-09-01 14:43:06,BTCUSD_PERP,bid,57700,627.04
2024-09-01 14:43:06,BTCUSD_PERP,bid,57600,568.99
2024-09-01 14:43:06,BTCUSD_PERP,bid,57600,682.58
2024-09-01 14:43:06,BTCUSD_PERP,bid,57600,739.66
2024-09-01 14:43:25,BTCUSD_PERP,ask,58800,513.19
2024-09-01 14:43:26,BTCUSD_PERP,ask,58800,519.06
2024-09-01 14:43:34,BTCUSD_PERP,bid,57600,625.6
2024-09-01 14:43:34,BTCUSD_PERP,bid,57600,568.52
2024-09-01 14:47:16,BTCUSD_PERP,bid,57900,570.4
2024-09-01 14:47:16,BTCUSD_PERP,bid,57900,627.64
2024-09-01 14:47:16,BTCUSD_PERP,bid,57900,741.72
2024-09-01 14:47:16,BTCUSD_PERP,bid,57900,799.05
2024-09-01 14:47:29,BTCUSD_PERP,bid,57900,741.72
2024-09-01 14:47:30,BTCUSD_PERP,bid,57900,684.97
2024-09-01 14:47:30,BTCUSD_PERP,bid,57900,627.64
2024-09-01 14:47:30,BTCUSD_PERP,bid,57900,570.31
2024-09-01 14:47:31,BTCUSD_PERP,bid,57900,628.05
2024-09-01 14:47:31,BTCUSD_PERP,bid,57900,741.61
2024-09-01 14:48:19,BTCUSD_PERP,bid,57900,684.24
2024-09-01 14:48:19,BTCUSD_PERP,bid,57900,626.87
2024-09-01 14:48:20,BTCUSD_PERP,bid,57900,572.24
2024-09-01 14:48:20,BTCUSD_PERP,bid,57900,685.87
2024-09-01 14:48:20,BTCUSD_PERP,bid,57900,799.98
2024-09-01 14:48:20,BTCUSD_PERP,bid,57900,857.38
2024-09-01 14:48:20,BTCUSD_PERP,bid,57900,914.19
2024-09-01 14:48:21,BTCUSD_PERP,bid,57900,971.59
2024-09-01 14:48:44,BTCUSD_PERP,bid,57900,1028.45
2024-09-01 14:48:44,BTCUSD_PERP,bid,57900,1085.82
2024-09-01 14:49:57,BTCUSD_PERP,bid,57900,1029.04
2024-09-01 14:49:57,BTCUSD_PERP,bid,57900,971.67
2024-09-01 14:49:57,BTCUSD_PERP,bid,57900,914.3
2024-09-01 14:49:57,BTCUSD_PERP,bid,57900,856.93
2024-09-01 14:49:58,BTCUSD_PERP,bid,57900,742.19
2024-09-01 14:49:58,BTCUSD_PERP,bid,57900,570.67
2024-09-01 14:49:58,BTCUSD_PERP,bid,57900,799.83
2024-09-01 14:49:58,BTCUSD_PERP,bid,57900,1085.25
2024-09-01 14:49:59,BTCUSD_PERP,bid,57900,1085.29
2024-09-01 14:50:18,BTCUSD_PERP,bid,57900,970.61
2024-09-01 14:50:19,BTCUSD_PERP,bid,57900,857.11
2024-09-01 14:50:19,BTCUSD_PERP,bid,57900,742.43
2024-09-01 14:50:19,BTCUSD_PERP,bid,57900,685.09
2024-09-01 14:50:19,BTCUSD_PERP,bid,57900,570.41
2024-09-01 14:50:20,BTCUSD_PERP,bid,57900,628.64
2024-09-01 14:50:20,BTCUSD_PERP,bid,57900,742.79
2024-09-01 14:51:24,BTCUSD_PERP,bid,57900,685.42
2024-09-01 14:51:24,BTCUSD_PERP,bid,57900,628.32
2024-09-01 14:51:24,BTCUSD_PERP,bid,57900,742.41
2024-09-01 14:51:37,BTCUSD_PERP,bid,57900,685.07
2024-09-01 14:51:37,BTCUSD_PERP,bid,57900,571.06
2024-09-01 14:51:38,BTCUSD_PERP,bid,57900,686.1
2024-09-01 14:51:39,BTCUSD_PERP,bid,57900,743.48
2024-09-01 14:51:39,BTCUSD_PERP,bid,57900,800.86
2024-09-01 14:51:39,BTCUSD_PERP,bid,57900,914.44
2024-09-01 14:53:09,BTCUSD_PERP,bid,57900,629.31
2024-09-01 14:53:09,BTCUSD_PERP,bid,57900,571.57
2024-09-01 14:53:10,BTCUSD_PERP,bid,57900,628.91
2024-09-01 14:55:17,BTCUSD_PERP,bid,57800,627.38
2024-09-01 14:57:41,BTCUSD_PERP,bid,57800,684.1
2024-09-01 14:58:29,BTCUSD_PERP,bid,57800,627.38
2024-09-01 14:58:51,BTCUSD_PERP,bid,57900,1027.97
2024-09-01 14:58:51,BTCUSD_PERP,bid,57900,1084.73
2024-09-01 14:58:51,BTCUSD_PERP,bid,57900,1142.07
2024-09-01 14:59:39,BTCUSD_PERP,bid,57900,1085.31
2024-09-01 14:59:53,BTCUSD_PERP,bid,57900,1027.97
2024-09-01 14:59:53,BTCUSD_PERP,bid,57900,970.63
2024-09-01 14:59:54,BTCUSD_PERP,bid,57900,856.53
2024-09-01 14:59:54,BTCUSD_PERP,bid,57900,684.6
2024-09-01 14:59:54,BTCUSD_PERP,bid,57900,571.08
2024-09-01 14:59:55,BTCUSD_PERP,bid,57900,570.23
2024-09-01 14:59:55,BTCUSD_PERP,bid,57900,627.61
2024-09-01 14:59:55,BTCUSD_PERP,bid,57900,684.99
2024-09-01 14:59:55,BTCUSD_PERP,bid,57900,741.79
2024-09-01 14:59:55,BTCUSD_PERP,bid,57900,856.55
2024-09-01 14:59:55,BTCUSD_PERP,bid,57900,913.93
2024-09-01 14:59:56,BTCUSD_PERP,bid,57900,971.31
2024-09-01 15:01:57,BTCUSD_PERP,bid,57900,913.93
2024-09-01 15:01:57,BTCUSD_PERP,bid,57900,856.55
2024-09-01 15:01:57,BTCUSD_PERP,bid,57900,742.95
2024-09-01 15:01:57,BTCUSD_PERP,bid,57900,685.57
2024-09-01 15:01:57,BTCUSD_PERP,bid,57900,628.19
2024-09-01 15:01:58,BTCUSD_PERP,bid,57900,571.39
2024-09-01 15:01:58,BTCUSD_PERP,bid,58000,629.75
2024-09-01 15:01:58,BTCUSD_PERP,bid,58000,687.17
2024-09-01 15:01:58,BTCUSD_PERP,bid,58000,744.0
2024-09-01 15:01:58,BTCUSD_PERP,bid,58000,857.66
2024-09-01 15:01:59,BTCUSD_PERP,bid,58000,971.91
2024-09-01 15:02:55,BTCUSD_PERP,bid,58000,857.66
2024-09-01 15:02:55,BTCUSD_PERP,bid,57900,971.4
2024-09-01 15:03:14,BTCUSD_PERP,bid,57900,628.34
2024-09-01 15:03:14,BTCUSD_PERP,bid,57900,571.14
2024-09-01 15:04:50,BTCUSD_PERP,bid,57900,571.34
2024-09-01 15:04:50,BTCUSD_PERP,bid,57900,742.72
2024-09-01 15:07:18,BTCUSD_PERP,bid,57800,742.22
2024-09-01 15:07:18,BTCUSD_PERP,bid,57800,799.5
2024-09-01 15:16:54,BTCUSD_PERP,bid,57800,685.25
2024-09-01 15:16:54,BTCUSD_PERP,bid,57800,742.51
2024-09-01 15:20:29,BTCUSD_PERP,bid,57800,570.44
2024-09-01 15:20:29,BTCUSD_PERP,bid,57800,627.67
2024-09-01 15:25:02,BTCUSD_PERP,bid,57800,570.19
2024-09-01 15:26:27,BTCUSD_PERP,bid,57800,570.64
2024-09-01 15:26:27,BTCUSD_PERP,bid,57800,685.24
2024-09-01 15:26:27,BTCUSD_PERP,bid,57800,799.15
2024-09-01 15:26:27,BTCUSD_PERP,bid,57800,855.86
2024-09-01 15:26:27,BTCUSD_PERP,bid,57800,606.98
2024-09-01 15:26:27,BTCUSD_PERP,bid,57800,912.57
2024-09-01 15:27:53,BTCUSD_PERP,bid,57800,683.96
2024-09-01 15:27:53,BTCUSD_PERP,bid,57800,969.36
2024-09-01 15:27:53,BTCUSD_PERP,bid,57800,1026.63
2024-09-01 15:27:53,BTCUSD_PERP,bid,57700,556.72
2024-09-01 15:28:49,BTCUSD_PERP,bid,57800,969.36
2024-09-01 15:28:49,BTCUSD_PERP,bid,57800,855.41
2024-09-01 15:28:50,BTCUSD_PERP,bid,57800,798.73
2024-09-01 15:28:50,BTCUSD_PERP,bid,57800,684.78
2024-09-01 15:28:50,BTCUSD_PERP,bid,57800,627.61
2024-09-01 15:29:53,BTCUSD_PERP,bid,57800,855.46
2024-09-01 15:29:53,BTCUSD_PERP,bid,57800,912.69
2024-09-01 15:30:26,BTCUSD_PERP,bid,57800,798.81
2024-09-01 15:30:26,BTCUSD_PERP,bid,57700,684.64
2024-09-01 15:30:26,BTCUSD_PERP,bid,57700,854.96
2024-09-01 15:30:26,BTCUSD_PERP,bid,57700,912.16
2024-09-01 15:30:50,BTCUSD_PERP,ask,58800,525.74
2024-09-01 15:31:29,BTCUSD_PERP,bid,57700,626.75
2024-09-01 15:31:29,BTCUSD_PERP,bid,57700,683.95
2024-09-01 15:31:30,BTCUSD_PERP,bid,57700,741.15
2024-09-01 15:31:30,BTCUSD_PERP,bid,57700,798.35
2024-09-01 15:31:31,BTCUSD_PERP,bid,57700,798.39
2024-09-01 15:31:46,BTCUSD_PERP,bid,57700,684.58
2024-09-01 15:31:47,BTCUSD_PERP,bid,57700,627.97
2024-09-01 15:31:47,BTCUSD_PERP,bid,57700,570.77
2024-09-01 15:31:48,BTCUSD_PERP,bid,57700,740.75
2024-09-01 15:31:48,BTCUSD_PERP,bid,57700,797.92
2024-09-01 15:34:50,BTCUSD_PERP,bid,57700,741.34
2024-09-01 15:34:50,BTCUSD_PERP,bid,57700,569.83
2024-09-01 15:36:13,BTCUSD_PERP,bid,57700,740.78
2024-09-01 15:36:13,BTCUSD_PERP,bid,57700,797.95
2024-09-01 15:46:03,BTCUSD_PERP,bid,57700,570.14
2024-09-01 15:46:03,BTCUSD_PERP,bid,57700,627.28
2024-09-01 15:48:45,BTCUSD_PERP,ask,58800,518.46
2024-09-01 15:48:46,BTCUSD_PERP,ask,58800,527.86
2024-09-01 15:48:46,BTCUSD_PERP,ask,58800,533.73
2024-09-01 15:48:52,BTCUSD_PERP,ask,58800,539.6
2024-09-01 15:48:53,BTCUSD_PERP,ask,58800,549.0
2024-09-01 15:48:54,BTCUSD_PERP,ask,58800,554.87
2024-09-01 15:48:58,BTCUSD_PERP,ask,58800,566.61
2024-09-01 15:48:59,BTCUSD_PERP,ask,58800,576.01
2024-09-01 15:49:01,BTCUSD_PERP,ask,58800,581.88
2024-09-01 15:49:04,BTCUSD_PERP,ask,58800,591.28
2024-09-01 15:49:07,BTCUSD_PERP,ask,58800,600.97
2024-09-01 15:49:21,BTCUSD_PERP,ask,58800,591.57
2024-09-01 15:49:21,BTCUSD_PERP,ask,58800,582.17
2024-09-01 15:49:32,BTCUSD_PERP,ask,58800,573.06
2024-09-01 15:49:36,BTCUSD_PERP,ask,58800,563.66
2024-09-01 15:49:45,BTCUSD_PERP,ask,58800,554.26
2024-09-01 15:49:46,BTCUSD_PERP,ask,58800,544.86
2024-09-01 15:49:52,BTCUSD_PERP,ask,58800,538.99
2024-09-01 15:49:53,BTCUSD_PERP,ask,58800,529.59
2024-09-01 15:49:54,BTCUSD_PERP,ask,58800,523.72
2024-09-01 15:49:58,BTCUSD_PERP,ask,58800,517.85
2024-09-01 15:55:52,BTCUSD_PERP,bid,57700,571.01
2024-09-01 15:55:52,BTCUSD_PERP,bid,57700,627.59
2024-09-01 15:55:52,BTCUSD_PERP,bid,57700,684.76
2024-09-01 15:55:52,BTCUSD_PERP,bid,57700,741.34
2024-09-01 15:55:52,BTCUSD_PERP,bid,57700,798.51
2024-09-01 15:58:18,BTCUSD_PERP,ask,58800,510.47
2024-09-01 15:58:19,BTCUSD_PERP,ask,58800,519.88
2024-09-01 15:58:32,BTCUSD_PERP,bid,57700,798.55
2024-09-01 15:59:15,BTCUSD_PERP,ask,58800,510.47
2024-09-01 15:59:22,BTCUSD_PERP,bid,57700,740.96
2024-09-01 15:59:22,BTCUSD_PERP,bid,57700,798.1
2024-09-01 16:03:53,BTCUSD_PERP,bid,57700,626.68
2024-09-01 16:03:54,BTCUSD_PERP,bid,57600,626.35
2024-09-01 16:04:22,BTCUSD_PERP,ask,58800,511.61
2024-09-01 16:04:30,BTCUSD_PERP,ask,58800,530.41
2024-09-01 16:04:30,BTCUSD_PERP,ask,58800,539.81
2024-09-01 16:05:00,BTCUSD_PERP,bid,57600,569.04
2024-09-01 16:05:01,BTCUSD_PERP,ask,58800,533.94
2024-09-01 16:05:02,BTCUSD_PERP,ask,58800,524.54
2024-09-01 16:05:03,BTCUSD_PERP,ask,58800,518.67
2024-09-01 16:06:26,BTCUSD_PERP,bid,57600,796.5
2024-09-01 16:06:44,BTCUSD_PERP,bid,57600,796.54
2024-09-01 16:07:52,BTCUSD_PERP,bid,57600,795.99
2024-09-01 16:08:04,BTCUSD_PERP,ask,58700,521.33
2024-09-01 16:08:04,BTCUSD_PERP,ask,58700,527.2
2024-09-01 16:08:05,BTCUSD_PERP,ask,58700,536.59
2024-09-01 16:08:05,BTCUSD_PERP,ask,58700,555.96
2024-09-01 16:08:06,BTCUSD_PERP,ask,58700,561.83
2024-09-01 16:08:57,BTCUSD_PERP,ask,58700,552.44
2024-09-01 16:08:57,BTCUSD_PERP,ask,58700,543.05
2024-09-01 16:09:03,BTCUSD_PERP,ask,58700,537.18
2024-09-01 16:09:05,BTCUSD_PERP,ask,58700,527.79
2024-09-01 16:09:06,BTCUSD_PERP,ask,58700,521.92
2024-09-01 16:09:39,BTCUSD_PERP,ask,58700,516.05
2024-09-01 16:09:58,BTCUSD_PERP,bid,57600,739.5
2024-09-01 16:09:58,BTCUSD_PERP,bid,57600,568.01
2024-09-01 16:09:58,BTCUSD_PERP,bid,57600,682.21
2024-09-01 16:09:58,BTCUSD_PERP,bid,57600,852.93
2024-09-01 16:09:59,BTCUSD_PERP,bid,57600,910.03
2024-09-01 16:17:23,BTCUSD_PERP,bid,57600,682.79
2024-09-01 16:17:23,BTCUSD_PERP,bid,57600,625.69
2024-09-01 16:17:23,BTCUSD_PERP,bid,57600,569.17
2024-09-01 16:21:10,BTCUSD_PERP,bid,57700,570.82
2024-09-01 16:24:07,BTCUSD_PERP,bid,57700,569.65
2024-09-01 16:24:07,BTCUSD_PERP,bid,57700,626.86
2024-09-01 16:24:12,BTCUSD_PERP,bid,57700,626.9
2024-09-01 16:24:15,BTCUSD_PERP,bid,57700,626.94
2024-09-01 16:31:34,BTCUSD_PERP,bid,57700,555.27
2024-09-01 16:31:35,BTCUSD_PERP,bid,57700,612.39
2024-09-01 16:31:35,BTCUSD_PERP,bid,57700,569.76
2024-09-01 16:32:01,BTCUSD_PERP,bid,57800,627.32
2024-09-01 16:32:01,BTCUSD_PERP,bid,57800,684.56
2024-09-01 16:32:01,BTCUSD_PERP,bid,57800,741.22
2024-09-01 16:32:01,BTCUSD_PERP,bid,57800,798.46
2024-09-01 16:32:01,BTCUSD_PERP,bid,57800,855.7
2024-09-01 16:32:02,BTCUSD_PERP,bid,57800,912.85
2024-09-01 16:32:02,BTCUSD_PERP,bid,57800,970.09
2024-09-01 16:34:03,BTCUSD_PERP,bid,57800,912.85
2024-09-01 16:34:04,BTCUSD_PERP,bid,57800,855.61
2024-09-01 16:34:04,BTCUSD_PERP,bid,57800,683.98
2024-09-01 16:34:04,BTCUSD_PERP,bid,57800,626.74
2024-09-01 16:34:05,BTCUSD_PERP,bid,57800,569.5
2024-09-01 16:34:05,BTCUSD_PERP,bid,57800,627.15
2024-09-01 16:34:05,BTCUSD_PERP,bid,57800,684.43
2024-09-01 16:34:06,BTCUSD_PERP,bid,57800,741.71
2024-09-01 16:39:24,BTCUSD_PERP,bid,57800,627.74
2024-09-01 16:39:24,BTCUSD_PERP,bid,57800,570.46
2024-09-01 16:39:25,BTCUSD_PERP,bid,57800,571.82
2024-09-01 16:39:25,BTCUSD_PERP,bid,57800,685.26
2024-09-01 16:39:25,BTCUSD_PERP,bid,57800,742.57
2024-09-01 16:39:26,BTCUSD_PERP,bid,57800,799.88
2024-09-01 16:39:26,BTCUSD_PERP,bid,57800,913.91
2024-09-01 16:39:26,BTCUSD_PERP,bid,57800,971.22
2024-09-01 16:39:51,BTCUSD_PERP,bid,57800,570.74
2024-09-01 16:39:51,BTCUSD_PERP,bid,57800,741.47
