2024-08-25 07:00:04,BTCUSDT,bid,63300,575.19
2024-08-25 07:03:36,BTCUSDT,bid,63300,575.24
2024-08-25 07:03:59,BTCUSDT,bid,63300,575.245
2024-08-25 07:04:08,BTCUSDT,bid,63300,575.295
2024-08-25 07:05:19,BTCUSDT,bid,63300,574.506
2024-08-25 07:05:19,BTCUSDT,bid,63300,574.108
2024-08-25 07:05:19,BTCUSDT,bid,63300,574.069
2024-08-25 07:05:19,BTCUSDT,bid,63300,574.03
2024-08-25 07:05:28,BTCUSDT,bid,63300,574.005
2024-08-25 07:05:41,BTCUSDT,bid,63300,574.003
2024-08-25 07:05:46,BTCUSDT,bid,63300,573.989
2024-08-25 07:06:51,BTCUSDT,bid,63300,572.914
2024-08-25 07:07:07,BTCUSDT,bid,63300,574.493
2024-08-25 07:07:07,BTCUSDT,bid,63300,572.914
2024-08-25 07:08:03,BTCUSDT,bid,63300,572.923
2024-08-25 07:08:06,BTCUSDT,bid,63300,572.951
2024-08-25 07:10:19,BTCUSDT,bid,63300,573.001
2024-08-25 07:10:25,BTCUSDT,bid,63300,572.889
2024-08-25 07:10:30,BTCUSDT,bid,47000,875.898
2024-08-25 07:11:29,BTCUSDT,bid,63300,572.886
2024-08-25 07:12:13,BTCUSDT,bid,63300,572.686
2024-08-25 07:13:53,BTCUSDT,bid,63300,572.682
2024-08-25 07:14:34,BTCUSDT,bid,63300,572.918
2024-08-25 07:14:38,BTCUSDT,bid,63300,573.549
2024-08-25 07:15:31,BTCUSDT,bid,63300,572.549
2024-08-25 07:15:41,BTCUSDT,bid,63300,570.567
2024-08-25 07:15:48,BTCUSDT,bid,47000,875.9
2024-08-25 07:16:45,BTCUSDT,bid,63300,569.936
2024-08-25 07:17:12,BTCUSDT,bid,63300,569.958
2024-08-25 07:17:41,BTCUSDT,bid,63300,569.956
2024-08-25 07:18:14,BTCUSDT,bid,63300,569.892
2024-08-25 07:18:16,BTCUSDT,bid,63300,569.87
2024-08-25 07:18:33,BTCUSDT,bid,63300,569.868
2024-08-25 07:19:15,BTCUSDT,bid,63300,569.87
2024-08-25 07:19:15,BTCUSDT,bid,63300,569.874
2024-08-25 07:20:50,BTCUSDT,bid,63300,569.86
2024-08-25 07:21:03,BTCUSDT,bid,63300,569.824
2024-08-25 07:21:58,BTCUSDT,bid,63300,569.798
2024-08-25 07:23:53,BTCUSDT,bid,63300,569.791
2024-08-25 07:28:23,BTCUSDT,bid,63300,570.422
2024-08-25 07:31:44,BTCUSDT,bid,63300,570.138
2024-08-25 09:45:46,BTCUSDT,bid,47000,875.879
2024-08-25 10:18:00,BTCUSDT,bid,47000,875.889
2024-08-25 11:56:33,BTCUSDT,bid,47000,876.289
2024-08-25 12:31:42,BTCUSDT,bid,47000,876.295
2024-08-25 12:31:59,BTCUSDT,bid,47000,876.289
2024-08-25 15:08:55,BTCUSDT,bid,47000,876.284
2024-08-25 15:35:36,BTCUSDT,bid,47000,876.281
2024-08-25 17:15:28,BTCUSDT,bid,47000,876.387
2024-08-25 17:26:50,BTCUSDT,bid,47000,876.417
2024-08-25 17:33:40,BTCUSDT,bid,47000,876.434
2024-08-25 17:34:07,BTCUSDT,bid,47000,876.417
2024-08-25 07:00:11,BTCUSD_PERP,ask,64800,493.04
2024-08-25 07:00:12,BTCUSD_PERP,ask,64800,471.66
2024-08-25 07:05:19,BTCUSD_PERP,bid,63700,566.16
2024-08-25 07:06:00,BTCUSD_PERP,bid,63800,503.27
2024-08-25 07:06:00,BTCUSD_PERP,bid,63800,566.5
2024-08-25 07:06:43,BTCUSD_PERP,bid,63900,504.21
2024-08-25 07:07:43,BTCUSD_PERP,bid,63800,503.28
2024-08-25 07:08:52,BTCUSD_PERP,bid,63800,503.44
2024-08-25 07:08:53,BTCUSD_PERP,bid,63800,504.77
2024-08-25 07:09:09,BTCUSD_PERP,bid,63800,503.18
2024-08-25 07:09:09,BTCUSD_PERP,bid,63800,566.39
2024-08-25 07:09:10,BTCUSD_PERP,bid,63800,628.96
2024-08-25 07:09:10,BTCUSD_PERP,bid,63800,692.17
2024-08-25 07:09:10,BTCUSD_PERP,bid,63800,755.38
2024-08-25 07:09:31,BTCUSD_PERP,bid,63800,692.17
2024-08-25 07:09:32,BTCUSD_PERP,bid,63800,628.96
2024-08-25 07:09:32,BTCUSD_PERP,bid,63800,628.51
2024-08-25 07:09:38,BTCUSD_PERP,bid,63700,755.1
2024-08-25 07:10:29,BTCUSD_PERP,bid,63700,630.11
2024-08-25 07:10:29,BTCUSD_PERP,bid,63700,503.83
2024-08-25 07:10:31,BTCUSD_PERP,bid,63800,504.06
2024-08-25 07:11:23,BTCUSD_PERP,bid,63700,816.85
2024-08-25 07:11:49,BTCUSD_PERP,bid,63700,691.23
2024-08-25 07:11:49,BTCUSD_PERP,bid,63700,690.9
2024-08-25 07:12:42,BTCUSD_PERP,bid,63700,565.07
2024-08-25 07:12:43,BTCUSD_PERP,bid,63700,628.14
2024-08-25 07:13:03,BTCUSD_PERP,bid,63700,565.07
2024-08-25 07:13:04,BTCUSD_PERP,bid,63700,565.99
2024-08-25 07:13:04,BTCUSD_PERP,bid,63700,628.46
2024-08-25 07:16:15,BTCUSD_PERP,bid,63700,502.9
2024-08-25 07:16:31,BTCUSD_PERP,ask,65000,578.27
2024-08-25 07:16:31,BTCUSD_PERP,bid,63800,514.95
2024-08-25 07:16:31,BTCUSD_PERP,bid,63800,577.51
2024-08-25 07:16:43,BTCUSD_PERP,bid,63800,567.88
2024-08-25 07:16:43,BTCUSD_PERP,bid,63800,693.72
2024-08-25 07:17:50,BTCUSD_PERP,bid,63800,755.84
2024-08-25 07:17:51,BTCUSD_PERP,bid,63800,819.04
2024-08-25 07:18:26,BTCUSD_PERP,ask,65100,472.79
2024-08-25 07:18:26,BTCUSD_PERP,ask,65100,483.2
2024-08-25 07:18:29,BTCUSD_PERP,bid,63800,630.72
2024-08-25 07:18:29,BTCUSD_PERP,bid,63800,756.32
2024-08-25 07:18:29,BTCUSD_PERP,bid,63800,819.56
2024-08-25 07:18:36,BTCUSD_PERP,bid,63800,504.0
2024-08-25 07:18:37,BTCUSD_PERP,bid,63900,507.81
2024-08-25 07:18:37,BTCUSD_PERP,bid,63900,585.76
2024-08-25 07:18:37,BTCUSD_PERP,bid,63700,498.18
2024-08-25 07:18:37,BTCUSD_PERP,bid,63900,649.03
2024-08-25 07:18:37,BTCUSD_PERP,bid,63800,511.6
2024-08-25 07:18:37,BTCUSD_PERP,bid,63900,774.29
2024-08-25 07:18:37,BTCUSD_PERP,bid,63900,837.56
2024-08-25 07:19:05,BTCUSD_PERP,bid,63900,774.29
2024-08-25 07:19:05,BTCUSD_PERP,bid,63900,585.12
2024-08-25 07:19:05,BTCUSD_PERP,bid,63900,521.85
2024-08-25 07:19:06,BTCUSD_PERP,bid,63800,568.52
2024-08-25 07:19:06,BTCUSD_PERP,bid,63800,631.12
2024-08-25 07:19:07,BTCUSD_PERP,bid,63800,489.04
2024-08-25 07:19:07,BTCUSD_PERP,bid,63800,756.32
2024-08-25 07:19:07,BTCUSD_PERP,bid,63800,819.56
2024-08-25 07:21:44,BTCUSD_PERP,bid,63800,693.08
2024-08-25 07:21:44,BTCUSD_PERP,bid,63800,630.48
2024-08-25 07:21:44,BTCUSD_PERP,bid,63800,567.24
2024-08-25 07:21:45,BTCUSD_PERP,bid,63800,504.0
2024-08-25 07:23:31,BTCUSD_PERP,ask,65100,462.03
2024-08-25 07:23:32,BTCUSD_PERP,ask,65100,478.93
2024-08-25 07:23:33,BTCUSD_PERP,ask,65100,485.43
2024-08-25 07:24:29,BTCUSD_PERP,ask,65100,475.02
2024-08-25 07:24:32,BTCUSD_PERP,ask,65100,464.62
2024-08-25 07:26:33,BTCUSD_PERP,ask,65000,461.38
2024-08-25 07:26:34,BTCUSD_PERP,ask,65000,471.78
2024-08-25 07:26:34,BTCUSD_PERP,ask,65000,478.27
2024-08-25 07:26:34,BTCUSD_PERP,ask,65000,484.77
2024-08-25 07:27:31,BTCUSD_PERP,ask,65000,474.37
2024-08-25 07:27:34,BTCUSD_PERP,ask,65000,463.97
2024-08-25 07:28:54,BTCUSD_PERP,bid,63800,503.83
2024-08-25 07:28:54,BTCUSD_PERP,bid,63800,693.38
2024-08-25 07:28:54,BTCUSD_PERP,bid,63800,756.6
2024-08-25 07:28:54,BTCUSD_PERP,bid,63800,819.82
2024-08-25 07:28:54,BTCUSD_PERP,bid,63800,945.61
2024-08-25 07:28:54,BTCUSD_PERP,bid,63800,1071.41
2024-08-25 07:28:54,BTCUSD_PERP,bid,63800,1133.99
2024-08-25 07:28:54,BTCUSD_PERP,bid,63700,551.4
2024-08-25 07:31:13,BTCUSD_PERP,bid,63700,551.4
2024-08-25 07:37:03,BTCUSD_PERP,bid,63700,488.25
2024-08-25 07:37:03,BTCUSD_PERP,bid,63800,1007.55
2024-08-25 07:37:03,BTCUSD_PERP,bid,63800,629.14
2024-08-25 07:37:04,BTCUSD_PERP,bid,63700,488.06
2024-08-25 07:37:04,BTCUSD_PERP,bid,63800,1133.3
2024-08-25 07:37:04,BTCUSD_PERP,bid,63700,551.14
2024-08-25 07:37:04,BTCUSD_PERP,bid,63800,1195.84
2024-08-25 07:38:05,BTCUSD_PERP,bid,63800,881.22
2024-08-25 07:38:05,BTCUSD_PERP,bid,63700,1069.58
2024-08-25 07:38:06,BTCUSD_PERP,bid,63700,503.53
2024-08-25 07:38:06,BTCUSD_PERP,bid,63700,1132.73
2024-08-25 07:43:48,BTCUSD_PERP,bid,63700,1069.58
2024-08-25 07:43:48,BTCUSD_PERP,bid,63700,1006.43
2024-08-25 07:43:48,BTCUSD_PERP,bid,63700,943.28
2024-08-25 07:43:48,BTCUSD_PERP,bid,63700,817.62
2024-08-25 07:43:48,BTCUSD_PERP,bid,63700,754.47
2024-08-25 07:43:48,BTCUSD_PERP,bid,63700,628.92
2024-08-25 07:43:48,BTCUSD_PERP,bid,63700,1005.31
2024-08-25 07:43:48,BTCUSD_PERP,bid,63700,1131.55
2024-08-25 07:43:48,BTCUSD_PERP,bid,63600,503.24
2024-08-25 07:43:48,BTCUSD_PERP,bid,63700,1194.67
2024-08-25 07:44:58,BTCUSD_PERP,bid,63700,1005.96
2024-08-25 07:44:58,BTCUSD_PERP,bid,63700,942.24
2024-08-25 07:44:58,BTCUSD_PERP,bid,63700,1005.32
2024-08-25 07:45:44,BTCUSD_PERP,bid,63700,565.68
2024-08-25 07:45:44,BTCUSD_PERP,bid,63600,487.52
2024-08-25 07:45:44,BTCUSD_PERP,bid,63700,1130.75
2024-08-25 07:45:44,BTCUSD_PERP,bid,63700,1193.86
2024-08-25 07:45:44,BTCUSD_PERP,bid,63600,550.53
2024-08-25 07:48:17,BTCUSD_PERP,bid,63700,1068.28
2024-08-25 07:48:17,BTCUSD_PERP,bid,63700,565.32
2024-08-25 07:48:17,BTCUSD_PERP,bid,63600,487.25
2024-08-25 07:48:17,BTCUSD_PERP,bid,63700,1067.77
2024-08-25 07:48:17,BTCUSD_PERP,bid,63600,550.23
2024-08-25 07:48:17,BTCUSD_PERP,bid,63700,1130.85
2024-08-25 07:48:17,BTCUSD_PERP,bid,63700,1130.9
2024-08-25 07:48:18,BTCUSD_PERP,bid,63700,1193.33
2024-08-25 07:48:40,BTCUSD_PERP,bid,63600,487.69
2024-08-25 07:48:40,BTCUSD_PERP,bid,63700,1130.89
2024-08-25 07:48:40,BTCUSD_PERP,bid,63700,691.25
2024-08-25 07:48:40,BTCUSD_PERP,bid,63600,486.98
2024-08-25 07:48:40,BTCUSD_PERP,bid,63600,1067.24
2024-08-25 07:48:40,BTCUSD_PERP,bid,63600,1130.29
2024-08-25 07:48:40,BTCUSD_PERP,bid,63600,549.92
2024-08-25 07:48:42,BTCUSD_PERP,bid,63600,1192.69
2024-08-25 07:49:10,BTCUSD_PERP,bid,63600,1130.28
2024-08-25 07:55:26,BTCUSD_PERP,bid,63600,752.44
2024-08-25 07:57:47,BTCUSD_PERP,bid,63600,689.47
2024-08-25 07:57:48,BTCUSD_PERP,bid,63600,627.14
2024-08-25 07:57:48,BTCUSD_PERP,bid,63600,564.17
2024-08-25 07:57:48,BTCUSD_PERP,bid,63600,501.2
2024-08-25 07:57:49,BTCUSD_PERP,bid,63600,501.51
2024-08-25 07:57:49,BTCUSD_PERP,bid,63600,563.87
2024-08-25 07:57:49,BTCUSD_PERP,bid,63600,752.26
2024-08-25 07:57:49,BTCUSD_PERP,bid,63600,877.64
2024-08-25 07:57:49,BTCUSD_PERP,bid,63500,486.63
2024-08-25 07:57:49,BTCUSD_PERP,bid,63600,940.65
2024-08-25 07:58:19,BTCUSD_PERP,ask,643000,50.0
2024-08-25 08:00:07,BTCUSD_PERP,bid,63600,815.92
2024-08-25 08:00:07,BTCUSD_PERP,bid,63600,752.91
2024-08-25 08:00:07,BTCUSD_PERP,bid,63600,689.9
2024-08-25 08:00:07,BTCUSD_PERP,bid,63600,565.16
2024-08-25 08:00:08,BTCUSD_PERP,bid,63600,502.15
2024-08-25 08:00:08,BTCUSD_PERP,bid,63700,513.15
2024-08-25 08:01:03,BTCUSD_PERP,bid,63700,501.58
2024-08-25 08:01:03,BTCUSD_PERP,bid,63700,564.68
2024-08-25 08:01:03,BTCUSD_PERP,bid,63700,627.14
2024-08-25 08:01:14,BTCUSD_PERP,bid,63700,564.04
2024-08-25 08:01:15,BTCUSD_PERP,bid,63700,498.39
2024-08-25 08:01:15,BTCUSD_PERP,bid,63700,639.9
2024-08-25 08:01:15,BTCUSD_PERP,bid,63700,765.52
2024-08-25 08:01:15,BTCUSD_PERP,bid,63700,561.46
2024-08-25 08:01:15,BTCUSD_PERP,bid,63700,890.49
2024-08-25 08:01:16,BTCUSD_PERP,bid,63700,624.49
2024-08-25 08:01:16,BTCUSD_PERP,bid,63700,952.98
2024-08-25 08:01:24,BTCUSD_PERP,bid,63700,561.46
2024-08-25 08:01:24,BTCUSD_PERP,bid,63700,828.01
2024-08-25 08:01:24,BTCUSD_PERP,bid,63700,765.52
2024-08-25 08:01:25,BTCUSD_PERP,bid,63700,702.39
2024-08-25 08:01:25,BTCUSD_PERP,bid,63700,576.87
2024-08-25 08:01:25,BTCUSD_PERP,bid,63700,513.74
2024-08-25 08:01:25,BTCUSD_PERP,bid,63800,503.98
2024-08-25 08:01:26,BTCUSD_PERP,bid,63800,567.15
2024-08-25 08:01:26,BTCUSD_PERP,bid,63800,693.49
2024-08-25 08:02:34,BTCUSD_PERP,bid,63800,630.32
2024-08-25 08:02:34,BTCUSD_PERP,bid,63800,503.98
2024-08-25 08:02:35,BTCUSD_PERP,bid,63700,502.56
2024-08-25 08:02:36,BTCUSD_PERP,bid,63700,565.6
2024-08-25 08:02:36,BTCUSD_PERP,bid,63700,487.75
2024-08-25 08:02:36,BTCUSD_PERP,bid,63700,628.74
2024-08-25 08:02:36,BTCUSD_PERP,bid,63700,818.16
2024-08-25 08:05:18,BTCUSD_PERP,bid,63700,755.02
2024-08-25 08:05:18,BTCUSD_PERP,bid,63700,691.98
2024-08-25 08:05:19,BTCUSD_PERP,bid,63700,628.84
2024-08-25 08:05:19,BTCUSD_PERP,bid,63700,503.2
2024-08-25 08:05:20,BTCUSD_PERP,bid,63800,502.86
2024-08-25 08:05:20,BTCUSD_PERP,bid,63800,692.4
2024-08-25 08:05:27,BTCUSD_PERP,bid,63800,694.69
2024-08-25 08:05:27,BTCUSD_PERP,bid,63800,709.99
2024-08-25 08:06:01,BTCUSD_PERP,bid,63800,694.69
2024-08-25 08:06:02,BTCUSD_PERP,bid,63800,692.4
2024-08-25 08:06:49,BTCUSD_PERP,bid,63800,629.87
2024-08-25 08:06:49,BTCUSD_PERP,bid,63800,567.33
2024-08-25 08:06:49,BTCUSD_PERP,bid,63800,504.8
2024-08-25 08:06:50,BTCUSD_PERP,bid,63800,503.13
2024-08-25 08:06:50,BTCUSD_PERP,bid,63800,566.34
2024-08-25 08:06:50,BTCUSD_PERP,bid,63800,629.55
2024-08-25 08:06:50,BTCUSD_PERP,bid,63800,755.97
2024-08-25 08:06:50,BTCUSD_PERP,bid,63800,818.54
2024-08-25 08:06:50,BTCUSD_PERP,bid,63800,881.75
2024-08-25 08:06:51,BTCUSD_PERP,bid,63800,1007.53
2024-08-25 08:06:51,BTCUSD_PERP,bid,63700,498.87
2024-08-25 08:06:51,BTCUSD_PERP,bid,63800,1070.74
2024-08-25 08:08:24,BTCUSD_PERP,bid,63800,504.06
2024-08-25 08:08:24,BTCUSD_PERP,bid,63800,1069.48
2024-08-25 08:08:24,BTCUSD_PERP,bid,63700,488.01
2024-08-25 08:08:24,BTCUSD_PERP,bid,63800,1132.66
2024-08-25 08:10:10,BTCUSD_PERP,bid,63800,818.68
2024-08-25 08:10:10,BTCUSD_PERP,bid,63700,1005.79
2024-08-25 08:10:10,BTCUSD_PERP,bid,63700,1068.94
2024-08-25 08:10:10,BTCUSD_PERP,bid,63700,498.32
2024-08-25 08:10:10,BTCUSD_PERP,bid,63700,1132.09
2024-08-25 08:10:10,BTCUSD_PERP,bid,63700,1194.59
2024-08-25 08:10:27,BTCUSD_PERP,bid,63700,503.16
2024-08-25 08:10:27,BTCUSD_PERP,bid,63700,943.23
2024-08-25 08:10:27,BTCUSD_PERP,bid,63700,1006.33
2024-08-25 08:10:38,BTCUSD_PERP,bid,63700,880.13
2024-08-25 08:10:38,BTCUSD_PERP,bid,63700,753.93
2024-08-25 08:10:38,BTCUSD_PERP,bid,63700,691.47
2024-08-25 08:10:38,BTCUSD_PERP,bid,63700,629.0
2024-08-25 08:10:38,BTCUSD_PERP,bid,63700,502.9
2024-08-25 08:10:38,BTCUSD_PERP,bid,63700,566.21
2024-08-25 08:10:38,BTCUSD_PERP,bid,63700,629.35
2024-08-25 08:10:38,BTCUSD_PERP,bid,63700,754.99
2024-08-25 08:10:39,BTCUSD_PERP,bid,63700,879.98
2024-08-25 08:10:39,BTCUSD_PERP,bid,63700,1005.62
2024-08-25 08:10:39,BTCUSD_PERP,bid,63700,1068.76
2024-08-25 08:10:39,BTCUSD_PERP,bid,63700,503.49
2024-08-25 08:10:39,BTCUSD_PERP,bid,63700,1195.04
2024-08-25 08:10:40,BTCUSD_PERP,bid,63700,1257.54
2024-08-25 08:11:17,BTCUSD_PERP,bid,63700,880.74
2024-08-25 08:11:17,BTCUSD_PERP,bid,63700,1005.15
2024-08-25 08:11:17,BTCUSD_PERP,bid,63700,1131.37
2024-08-25 08:11:17,BTCUSD_PERP,bid,63700,1194.48
2024-08-25 08:13:04,BTCUSD_PERP,bid,63700,1068.37
2024-08-25 08:13:04,BTCUSD_PERP,bid,63700,943.43
2024-08-25 08:13:04,BTCUSD_PERP,bid,63700,817.85
2024-08-25 08:13:05,BTCUSD_PERP,bid,63700,692.27
2024-08-25 08:13:05,BTCUSD_PERP,bid,63700,564.95
2024-08-25 08:13:05,BTCUSD_PERP,bid,63700,628.09
2024-08-25 08:13:05,BTCUSD_PERP,bid,63700,816.87
2024-08-25 08:13:05,BTCUSD_PERP,bid,63700,880.01
2024-08-25 08:13:05,BTCUSD_PERP,bid,63700,1005.01
2024-08-25 08:13:05,BTCUSD_PERP,bid,63700,1194.43
2024-08-25 08:13:05,BTCUSD_PERP,bid,63700,1257.57
2024-08-25 08:13:05,BTCUSD_PERP,bid,63700,487.7
2024-08-25 08:13:06,BTCUSD_PERP,bid,63700,550.78
2024-08-25 08:13:06,BTCUSD_PERP,bid,63700,613.86
2024-08-25 08:13:21,BTCUSD_PERP,bid,63700,1257.61
2024-08-25 08:14:53,BTCUSD_PERP,bid,63700,628.77
2024-08-25 08:14:53,BTCUSD_PERP,bid,63600,550.48
2024-08-25 08:14:53,BTCUSD_PERP,bid,63700,1068.26
2024-08-25 08:14:54,BTCUSD_PERP,bid,63600,613.48
2024-08-25 08:14:54,BTCUSD_PERP,bid,63700,1131.37
2024-08-25 08:16:59,BTCUSD_PERP,bid,63600,550.44
2024-08-25 08:16:59,BTCUSD_PERP,bid,63700,1005.79
2024-08-25 08:16:59,BTCUSD_PERP,bid,63700,943.33
2024-08-25 08:16:59,BTCUSD_PERP,bid,63700,880.86
2024-08-25 08:16:59,BTCUSD_PERP,bid,63600,487.4
2024-08-25 08:16:59,BTCUSD_PERP,bid,63700,755.39
2024-08-25 08:16:59,BTCUSD_PERP,bid,63700,692.28
2024-08-25 08:17:00,BTCUSD_PERP,bid,63700,566.7
2024-08-25 08:17:00,BTCUSD_PERP,bid,63700,502.47
2024-08-25 08:17:00,BTCUSD_PERP,bid,63700,503.59
2024-08-25 08:17:00,BTCUSD_PERP,bid,63700,565.61
2024-08-25 08:17:32,BTCUSD_PERP,bid,63700,564.69
2024-08-25 08:17:32,BTCUSD_PERP,bid,63700,627.8
2024-08-25 08:17:32,BTCUSD_PERP,bid,63700,690.91
2024-08-25 08:19:48,BTCUSD_PERP,bid,63700,565.33
2024-08-25 08:19:49,BTCUSD_PERP,bid,63700,502.86
2024-08-25 08:19:49,BTCUSD_PERP,bid,63700,502.56
2024-08-25 08:19:49,BTCUSD_PERP,bid,63700,488.34
2024-08-25 08:19:49,BTCUSD_PERP,bid,63700,628.84
2024-08-25 08:19:49,BTCUSD_PERP,bid,63700,754.38
2024-08-25 08:19:49,BTCUSD_PERP,bid,63700,817.52
2024-08-25 08:19:49,BTCUSD_PERP,bid,63700,551.42
2024-08-25 08:19:49,BTCUSD_PERP,bid,63700,880.66
2024-08-25 08:19:49,BTCUSD_PERP,bid,63700,613.87
2024-08-25 08:19:49,BTCUSD_PERP,bid,63700,1131.94
2024-08-25 08:19:50,BTCUSD_PERP,bid,63700,1194.44
2024-08-25 08:19:50,BTCUSD_PERP,bid,63700,1257.58
2024-08-25 08:19:50,BTCUSD_PERP,bid,63700,1257.63
2024-08-25 08:19:55,BTCUSD_PERP,bid,63700,1257.68
2024-08-25 08:20:07,BTCUSD_PERP,bid,63700,1257.73
2024-08-25 08:20:17,BTCUSD_PERP,bid,63700,1257.78
2024-08-25 08:21:17,BTCUSD_PERP,bid,63700,550.79
2024-08-25 08:21:17,BTCUSD_PERP,bid,63700,1194.64
2024-08-25 08:21:17,BTCUSD_PERP,bid,63700,1131.5
2024-08-25 08:21:17,BTCUSD_PERP,bid,63700,1006.5
2024-08-25 08:21:17,BTCUSD_PERP,bid,63700,488.34
2024-08-25 08:21:17,BTCUSD_PERP,bid,63700,944.0
2024-08-25 08:21:17,BTCUSD_PERP,bid,63700,880.86
2024-08-25 08:21:18,BTCUSD_PERP,bid,63700,817.72
2024-08-25 08:21:18,BTCUSD_PERP,bid,63700,755.22
2024-08-25 08:21:18,BTCUSD_PERP,bid,63700,692.08
2024-08-25 08:21:18,BTCUSD_PERP,bid,63700,503.94
2024-08-25 08:21:19,BTCUSD_PERP,bid,63800,504.12
2024-08-25 08:22:50,BTCUSD_PERP,bid,63800,504.17
2024-08-25 08:22:52,BTCUSD_PERP,bid,63800,506.46
2024-08-25 08:22:54,BTCUSD_PERP,bid,63800,521.76
2024-08-25 08:22:55,BTCUSD_PERP,bid,63800,523.09
2024-08-25 08:23:19,BTCUSD_PERP,bid,63800,521.76
2024-08-25 08:24:32,BTCUSD_PERP,bid,63700,564.51
2024-08-25 08:24:32,BTCUSD_PERP,bid,63700,627.66
2024-08-25 08:27:25,BTCUSD_PERP,bid,63700,503.58
2024-08-25 08:27:28,BTCUSD_PERP,bid,63700,565.15
2024-08-25 08:29:11,BTCUSD_PERP,bid,63700,502.74
2024-08-25 08:29:11,BTCUSD_PERP,bid,63600,498.47
2024-08-25 08:30:17,BTCUSD_PERP,bid,63700,502.74
2024-08-25 08:30:17,BTCUSD_PERP,bid,63700,565.22
2024-08-25 08:30:18,BTCUSD_PERP,bid,63700,691.46
2024-08-25 08:30:18,BTCUSD_PERP,bid,63600,487.95
2024-08-25 08:30:18,BTCUSD_PERP,bid,63700,817.05
2024-08-25 08:30:18,BTCUSD_PERP,bid,63600,550.53
2024-08-25 08:30:18,BTCUSD_PERP,bid,63700,817.1
2024-08-25 08:30:18,BTCUSD_PERP,bid,63700,879.58
2024-08-25 08:30:18,BTCUSD_PERP,bid,63700,942.7
2024-08-25 08:30:30,BTCUSD_PERP,bid,63700,942.75
2024-08-25 08:31:00,BTCUSD_PERP,bid,63600,487.48
2024-08-25 08:31:00,BTCUSD_PERP,bid,63700,817.15
2024-08-25 08:31:01,BTCUSD_PERP,bid,63700,754.03
2024-08-25 08:31:01,BTCUSD_PERP,bid,63700,565.96
2024-08-25 08:31:01,BTCUSD_PERP,bid,63700,502.84
2024-08-25 08:31:01,BTCUSD_PERP,bid,63700,565.09
2024-08-25 08:31:01,BTCUSD_PERP,bid,63700,753.06
2024-08-25 08:31:01,BTCUSD_PERP,bid,63600,487.28
2024-08-25 08:31:01,BTCUSD_PERP,bid,63700,879.22
2024-08-25 08:31:02,BTCUSD_PERP,bid,63600,550.26
2024-08-25 08:31:25,BTCUSD_PERP,bid,63600,502.48
2024-08-25 08:31:25,BTCUSD_PERP,bid,63600,878.76
2024-08-25 08:31:25,BTCUSD_PERP,bid,63600,487.01
2024-08-25 08:31:51,BTCUSD_PERP,ask,64900,462.88
2024-08-25 08:31:55,BTCUSD_PERP,ask,64900,484.28
2024-08-25 08:31:57,BTCUSD_PERP,ask,64900,505.68
2024-08-25 08:32:04,BTCUSD_PERP,ask,64900,512.16
2024-08-25 08:32:04,BTCUSD_PERP,ask,64900,522.53
2024-08-25 08:32:06,BTCUSD_PERP,ask,64900,529.01
2024-08-25 08:32:08,BTCUSD_PERP,ask,64900,535.49
2024-08-25 08:32:10,BTCUSD_PERP,ask,64900,545.86
2024-08-25 08:32:10,BTCUSD_PERP,ask,64900,556.23
2024-08-25 08:32:19,BTCUSD_PERP,bid,63600,815.71
2024-08-25 08:32:19,BTCUSD_PERP,bid,63600,752.66
2024-08-25 08:32:19,BTCUSD_PERP,bid,63600,690.25
2024-08-25 08:32:19,BTCUSD_PERP,bid,63600,627.84
2024-08-25 08:32:20,BTCUSD_PERP,bid,63600,564.79
2024-08-25 08:32:20,BTCUSD_PERP,bid,63600,501.74
2024-08-25 08:32:20,BTCUSD_PERP,bid,63500,549.65
2024-08-25 08:32:20,BTCUSD_PERP,bid,63600,752.91
2024-08-25 08:32:20,BTCUSD_PERP,bid,63600,878.31
2024-08-25 08:32:34,BTCUSD_PERP,bid,63500,486.7
2024-08-25 08:32:34,BTCUSD_PERP,bid,63600,563.85
2024-08-25 08:32:34,BTCUSD_PERP,bid,63500,486.51
2024-08-25 08:32:34,BTCUSD_PERP,bid,63600,877.82
2024-08-25 08:32:34,BTCUSD_PERP,bid,63500,549.39
2024-08-25 08:33:01,BTCUSD_PERP,bid,63500,486.21
2024-08-25 08:33:01,BTCUSD_PERP,bid,63500,877.35
2024-08-25 08:33:01,BTCUSD_PERP,bid,63500,549.06
2024-08-25 08:33:30,BTCUSD_PERP,bid,63500,486.18
2024-08-25 08:33:30,BTCUSD_PERP,bid,63500,626.83
2024-08-25 08:33:30,BTCUSD_PERP,bid,63500,500.93
2024-08-25 08:46:46,BTCUSD_PERP,bid,63500,501.43
2024-08-25 08:50:00,BTCUSD_PERP,bid,63600,502.64
2024-08-25 08:50:09,BTCUSD_PERP,bid,63600,502.39
2024-08-25 08:50:09,BTCUSD_PERP,bid,63600,565.44
2024-08-25 08:51:36,BTCUSD_PERP,bid,63600,502.76
2024-08-25 08:51:36,BTCUSD_PERP,bid,63600,565.78
2024-08-25 08:51:58,BTCUSD_PERP,bid,63600,816.2
2024-08-25 08:52:00,BTCUSD_PERP,bid,63600,816.21
2024-08-25 08:52:00,BTCUSD_PERP,bid,63600,816.2
2024-08-25 08:52:27,BTCUSD_PERP,bid,63600,816.2
2024-08-25 08:53:17,BTCUSD_PERP,bid,63600,627.36
2024-08-25 08:53:17,BTCUSD_PERP,bid,63600,564.38
2024-08-25 09:00:42,BTCUSD_PERP,bid,63500,564.07
2024-08-25 09:00:53,BTCUSD_PERP,bid,63500,501.11
2024-08-25 09:00:54,BTCUSD_PERP,bid,63600,501.99
2024-08-25 09:00:54,BTCUSD_PERP,bid,63600,564.34
2024-08-25 09:00:54,BTCUSD_PERP,bid,63600,627.33
2024-08-25 09:01:13,BTCUSD_PERP,bid,63600,627.33
2024-08-25 09:01:18,BTCUSD_PERP,bid,63500,564.07
2024-08-25 09:02:02,BTCUSD_PERP,bid,63500,501.11
2024-08-25 09:02:02,BTCUSD_PERP,bid,63600,501.99
2024-08-25 09:02:03,BTCUSD_PERP,bid,63600,564.34
2024-08-25 09:04:13,BTCUSD_PERP,bid,63600,564.34
2024-08-25 09:07:45,BTCUSD_PERP,bid,63600,501.63
2024-08-25 09:07:46,BTCUSD_PERP,bid,63600,564.65
2024-08-25 09:09:54,BTCUSD_PERP,bid,63600,564.65
2024-08-25 09:14:08,BTCUSD_PERP,bid,63700,501.27
2024-08-25 09:14:08,BTCUSD_PERP,bid,63700,564.33
2024-08-25 09:14:09,BTCUSD_PERP,bid,63700,627.39
2024-08-25 09:14:09,BTCUSD_PERP,bid,63700,753.4
2024-08-25 09:14:09,BTCUSD_PERP,bid,63700,879.52
2024-08-25 09:42:24,BTCUSD_PERP,bid,63700,501.82
2024-08-25 09:43:05,BTCUSD_PERP,bid,63700,501.87
2024-08-25 09:43:17,BTCUSD_PERP,bid,63700,501.92
2024-08-25 09:46:32,BTCUSD_PERP,bid,63700,501.87
2024-08-25 09:46:38,BTCUSD_PERP,bid,63700,501.82
2024-08-25 09:47:57,BTCUSD_PERP,bid,63600,563.96
2024-08-25 09:47:57,BTCUSD_PERP,bid,63600,626.99
2024-08-25 09:48:11,BTCUSD_PERP,ask,64900,471.24
2024-08-25 09:48:18,BTCUSD_PERP,ask,64900,477.72
2024-08-25 09:48:24,BTCUSD_PERP,ask,64900,484.2
2024-08-25 09:48:31,BTCUSD_PERP,ask,64900,494.57
2024-08-25 09:48:33,BTCUSD_PERP,ask,64900,505.27
2024-08-25 09:48:36,BTCUSD_PERP,ask,64900,515.64
2024-08-25 09:48:39,BTCUSD_PERP,ask,64900,522.12
2024-08-25 09:48:39,BTCUSD_PERP,ask,64900,532.49
2024-08-25 09:48:40,BTCUSD_PERP,ask,64900,538.97
2024-08-25 09:48:41,BTCUSD_PERP,ask,64900,555.82
2024-08-25 09:48:41,BTCUSD_PERP,ask,64900,565.87
2024-08-25 09:49:31,BTCUSD_PERP,bid,63600,564.34
2024-08-25 09:49:32,BTCUSD_PERP,bid,63600,627.33
2024-08-25 09:49:32,BTCUSD_PERP,ask,64900,555.5
2024-08-25 10:06:09,BTCUSD_PERP,bid,63600,564.34
2024-08-25 10:06:09,BTCUSD_PERP,bid,63500,627.58
2024-08-25 10:06:09,BTCUSD_PERP,bid,63500,877.46
2024-08-25 10:06:10,BTCUSD_PERP,bid,63500,940.41
2024-08-25 10:08:10,BTCUSD_PERP,bid,63500,752.2
2024-08-25 10:08:11,BTCUSD_PERP,bid,63500,564.63
2024-08-25 10:08:11,BTCUSD_PERP,bid,63600,501.34
2024-08-25 10:08:11,BTCUSD_PERP,bid,63600,564.33
2024-08-25 10:08:11,BTCUSD_PERP,bid,63600,690.31
2024-08-25 10:08:12,BTCUSD_PERP,bid,63600,815.64
2024-08-25 10:08:12,BTCUSD_PERP,bid,63600,878.63
2024-08-25 10:08:12,BTCUSD_PERP,bid,63600,940.98
2024-08-25 10:11:12,BTCUSD_PERP,bid,63600,877.99
2024-08-25 10:11:13,BTCUSD_PERP,bid,63600,690.32
2024-08-25 10:11:13,BTCUSD_PERP,bid,63600,627.33
2024-08-25 10:14:10,BTCUSD_PERP,bid,63600,753.22
2024-08-25 10:14:10,BTCUSD_PERP,bid,63600,815.57
2024-08-25 10:14:31,BTCUSD_PERP,bid,63600,815.62
2024-08-25 10:14:40,BTCUSD_PERP,bid,63600,815.67
2024-08-25 10:14:50,BTCUSD_PERP,bid,63600,815.72
2024-08-25 10:15:12,BTCUSD_PERP,bid,63600,815.77
2024-08-25 10:15:13,BTCUSD_PERP,bid,63600,815.82
2024-08-25 10:17:53,BTCUSD_PERP,bid,63600,815.77
2024-08-25 10:18:11,BTCUSD_PERP,bid,63600,815.72
2024-08-25 10:18:13,BTCUSD_PERP,bid,63600,815.67
2024-08-25 10:18:34,BTCUSD_PERP,bid,63600,815.62
2024-08-25 10:18:46,BTCUSD_PERP,bid,63600,815.57
2024-08-25 10:20:21,BTCUSD_PERP,bid,63600,752.58
2024-08-25 10:20:21,BTCUSD_PERP,bid,63600,689.59
2024-08-25 10:20:21,BTCUSD_PERP,bid,63600,564.25
2024-08-25 10:20:21,BTCUSD_PERP,bid,63600,501.9
2024-08-25 10:20:22,BTCUSD_PERP,bid,63500,501.64
2024-08-25 10:20:22,BTCUSD_PERP,bid,63500,563.95
2024-08-25 10:34:42,BTCUSD_PERP,bid,63500,501.1
2024-08-25 10:34:43,BTCUSD_PERP,bid,63500,500.72
2024-08-25 10:34:44,BTCUSD_PERP,bid,63500,563.64
2024-08-25 10:34:44,BTCUSD_PERP,bid,63500,625.93
2024-08-25 10:34:44,BTCUSD_PERP,bid,63500,688.85
2024-08-25 10:34:44,BTCUSD_PERP,bid,63500,751.77
2024-08-25 10:39:48,BTCUSD_PERP,bid,63500,689.13
2024-08-25 10:43:21,BTCUSD_PERP,bid,63400,563.82
2024-08-25 10:43:21,BTCUSD_PERP,bid,63400,813.87
2024-08-25 10:45:44,BTCUSD_PERP,bid,63400,625.4
2024-08-25 10:48:23,BTCUSD_PERP,bid,63500,500.64
2024-08-25 10:48:23,BTCUSD_PERP,bid,63500,563.54
2024-08-25 10:48:24,BTCUSD_PERP,bid,63500,625.8
2024-08-25 10:48:29,BTCUSD_PERP,bid,63500,562.9
2024-08-25 10:48:29,BTCUSD_PERP,bid,63500,500.39
2024-08-25 10:48:44,BTCUSD_PERP,bid,63500,567.21
2024-08-25 10:48:44,BTCUSD_PERP,bid,63500,629.48
2024-08-25 10:48:44,BTCUSD_PERP,bid,63500,692.39
2024-08-25 10:48:44,BTCUSD_PERP,bid,63500,755.3
2024-08-25 10:48:47,BTCUSD_PERP,bid,63500,755.93
2024-08-25 10:49:40,BTCUSD_PERP,bid,63500,755.3
2024-08-25 10:49:56,BTCUSD_PERP,bid,63500,568.49
2024-08-25 10:49:56,BTCUSD_PERP,bid,63500,501.12
2024-08-25 10:51:14,BTCUSD_PERP,bid,63500,567.85
2024-08-25 10:51:14,BTCUSD_PERP,bid,63500,630.12
2024-08-25 10:51:14,BTCUSD_PERP,bid,63500,693.03
2024-08-25 10:54:55,BTCUSD_PERP,bid,63500,501.85
2024-08-25 10:57:22,BTCUSD_PERP,bid,63500,502.63
2024-08-25 10:57:22,BTCUSD_PERP,bid,63500,564.9
2024-08-25 10:58:09,BTCUSD_PERP,bid,63500,502.64
2024-08-25 10:58:26,BTCUSD_PERP,bid,63600,500.37
2024-08-25 10:59:10,BTCUSD_PERP,bid,63500,500.11
2024-08-25 11:03:40,BTCUSD_PERP,bid,63500,500.11
2024-08-25 11:05:41,BTCUSD_PERP,bid,63500,499.82
2024-08-25 11:09:29,BTCUSD_PERP,bid,63500,564.07
2024-08-25 11:09:30,BTCUSD_PERP,bid,63500,626.33
2024-08-25 11:09:30,BTCUSD_PERP,bid,63500,688.59
2024-08-25 11:12:23,BTCUSD_PERP,bid,63500,625.69
2024-08-25 11:12:24,BTCUSD_PERP,bid,63500,562.79
2024-08-25 11:12:24,BTCUSD_PERP,bid,63500,500.29
2024-08-25 11:12:25,BTCUSD_PERP,bid,63500,563.16
2024-08-25 11:12:25,BTCUSD_PERP,bid,63500,625.39
2024-08-25 11:12:25,BTCUSD_PERP,bid,63500,688.26
2024-08-25 11:23:51,BTCUSD_PERP,bid,63500,500.93
2024-08-25 11:31:42,BTCUSD_PERP,ask,64700,469.75
2024-08-25 11:31:42,BTCUSD_PERP,ask,64700,480.1
2024-08-25 11:31:43,BTCUSD_PERP,ask,64700,511.8
2024-08-25 11:31:52,BTCUSD_PERP,ask,64700,533.15
2024-08-25 11:32:24,BTCUSD_PERP,ask,64700,522.8
2024-08-25 11:32:35,BTCUSD_PERP,ask,64700,516.33
2024-08-25 11:32:36,BTCUSD_PERP,ask,64700,505.98
2024-08-25 11:32:38,BTCUSD_PERP,ask,64700,499.51
2024-08-25 11:32:40,BTCUSD_PERP,ask,64700,489.16
2024-08-25 11:32:41,BTCUSD_PERP,ask,64700,479.13
2024-08-25 11:32:41,BTCUSD_PERP,ask,64700,468.78
2024-08-25 11:34:33,BTCUSD_PERP,bid,47000,2440.48
2024-08-25 12:18:55,BTCUSD_PERP,bid,63600,502.86
2024-08-25 12:18:56,BTCUSD_PERP,bid,63600,565.89
2024-08-25 12:30:48,BTCUSD_PERP,bid,63600,502.86
2024-08-25 12:30:48,BTCUSD_PERP,bid,63600,502.61
2024-08-25 12:30:48,BTCUSD_PERP,bid,63600,565.61
2024-08-25 12:30:48,BTCUSD_PERP,bid,63600,565.66
2024-08-25 12:33:19,BTCUSD_PERP,bid,63600,502.66
2024-08-25 12:33:20,BTCUSD_PERP,bid,63600,503.6
2024-08-25 12:33:20,BTCUSD_PERP,bid,63600,566.63
2024-08-25 12:33:20,BTCUSD_PERP,bid,63600,692.59
2024-08-25 12:33:20,BTCUSD_PERP,bid,63600,755.62
2024-08-25 12:33:22,BTCUSD_PERP,bid,63600,754.98
2024-08-25 12:37:29,BTCUSD_PERP,bid,44000,1127.1
2024-08-25 12:43:07,BTCUSD_PERP,bid,63600,692.05
2024-08-25 12:43:07,BTCUSD_PERP,bid,63600,691.61
2024-08-25 12:43:07,BTCUSD_PERP,bid,63600,754.61
2024-08-25 12:51:27,BTCUSD_PERP,bid,63600,691.17
2024-08-25 12:51:28,BTCUSD_PERP,bid,63600,754.13
2024-08-25 13:02:23,BTCUSD_PERP,bid,63600,691.81
2024-08-25 13:02:23,BTCUSD_PERP,bid,63600,502.93
2024-08-25 13:02:24,BTCUSD_PERP,bid,63600,503.25
2024-08-25 13:02:24,BTCUSD_PERP,bid,63600,566.25
2024-08-25 13:06:56,BTCUSD_PERP,bid,63600,628.4
2024-08-25 13:06:56,BTCUSD_PERP,bid,63600,691.37
2024-08-25 13:08:33,BTCUSD_PERP,bid,63500,628.02
2024-08-25 13:08:33,BTCUSD_PERP,bid,63500,690.95
2024-08-25 13:08:41,BTCUSD_PERP,ask,64800,531.56
2024-08-25 13:08:43,BTCUSD_PERP,ask,64800,538.03
2024-08-25 13:09:35,BTCUSD_PERP,ask,64800,527.68
2024-08-25 13:09:36,BTCUSD_PERP,ask,64800,517.33
2024-08-25 13:09:37,BTCUSD_PERP,ask,64800,507.3
2024-08-25 13:09:38,BTCUSD_PERP,ask,64800,496.95
2024-08-25 13:09:39,BTCUSD_PERP,ask,64800,486.6
2024-08-25 13:09:39,BTCUSD_PERP,ask,64800,476.25
2024-08-25 13:09:40,BTCUSD_PERP,ask,64800,465.9
2024-08-25 13:10:36,BTCUSD_PERP,bid,63500,690.51
2024-08-25 13:10:36,BTCUSD_PERP,bid,63500,753.41
2024-08-25 13:10:36,BTCUSD_PERP,bid,63500,816.31
2024-08-25 13:10:45,BTCUSD_PERP,ask,64700,479.85
2024-08-25 13:11:41,BTCUSD_PERP,ask,64700,469.51
2024-08-25 13:13:30,BTCUSD_PERP,bid,63500,564.71
2024-08-25 13:13:30,BTCUSD_PERP,bid,63500,501.81
2024-08-25 13:13:32,BTCUSD_PERP,bid,63500,502.7
2024-08-25 13:13:37,BTCUSD_PERP,ask,64800,468.7
2024-08-25 13:13:37,BTCUSD_PERP,ask,64800,479.06
2024-08-25 13:13:38,BTCUSD_PERP,ask,64800,489.42
2024-08-25 13:13:39,BTCUSD_PERP,ask,64800,499.78
2024-08-25 13:13:40,BTCUSD_PERP,ask,64800,510.14
2024-08-25 13:13:40,BTCUSD_PERP,ask,64800,520.18
2024-08-25 13:13:41,BTCUSD_PERP,ask,64800,530.54
2024-08-25 13:13:41,BTCUSD_PERP,ask,64800,540.9
2024-08-25 13:13:41,BTCUSD_PERP,ask,64800,551.26
2024-08-25 13:13:43,BTCUSD_PERP,ask,64800,561.62
2024-08-25 13:13:45,BTCUSD_PERP,ask,64800,582.99
2024-08-25 13:13:51,BTCUSD_PERP,ask,64800,593.35
2024-08-25 13:14:11,BTCUSD_PERP,ask,64800,603.71
2024-08-25 13:14:17,BTCUSD_PERP,ask,64800,610.18
2024-08-25 13:14:21,BTCUSD_PERP,ask,64800,631.55
2024-08-25 13:14:26,BTCUSD_PERP,ask,64800,642.23
2024-08-25 13:14:28,BTCUSD_PERP,ask,64800,648.7
2024-08-25 13:14:37,BTCUSD_PERP,ask,64800,642.23
2024-08-25 13:14:37,BTCUSD_PERP,ask,64800,631.87
2024-08-25 13:14:38,BTCUSD_PERP,ask,64800,621.51
2024-08-25 13:14:39,BTCUSD_PERP,ask,64800,611.15
2024-08-25 13:14:40,BTCUSD_PERP,ask,64800,590.75
2024-08-25 13:14:41,BTCUSD_PERP,ask,64800,580.39
2024-08-25 13:14:41,BTCUSD_PERP,ask,64800,570.03
2024-08-25 13:14:42,BTCUSD_PERP,ask,64800,559.67
2024-08-25 13:14:43,BTCUSD_PERP,ask,64800,549.31
2024-08-25 13:14:51,BTCUSD_PERP,ask,64800,538.95
2024-08-25 13:15:11,BTCUSD_PERP,ask,64800,532.48
2024-08-25 13:15:11,BTCUSD_PERP,ask,64800,522.12
2024-08-25 13:15:16,BTCUSD_PERP,ask,64800,515.65
2024-08-25 13:15:16,BTCUSD_PERP,ask,64800,494.28
2024-08-25 13:15:17,BTCUSD_PERP,ask,64800,487.81
2024-08-25 13:15:57,BTCUSD_PERP,ask,64800,477.13
2024-08-25 13:20:24,BTCUSD_PERP,bid,63500,503.34
2024-08-25 13:23:24,BTCUSD_PERP,bid,63500,502.7
2024-08-25 13:31:01,BTCUSD_PERP,bid,63500,628.89
2024-08-25 13:31:01,BTCUSD_PERP,bid,63500,691.79
2024-08-25 13:35:32,BTCUSD_PERP,bid,63500,628.89
2024-08-25 13:35:32,BTCUSD_PERP,bid,63500,565.99
2024-08-25 13:35:32,BTCUSD_PERP,bid,63500,503.09
2024-08-25 13:35:33,BTCUSD_PERP,bid,63500,565.05
2024-08-25 13:41:01,BTCUSD_PERP,bid,63500,502.76
2024-08-25 13:41:03,BTCUSD_PERP,bid,63500,501.17
2024-08-25 13:41:03,BTCUSD_PERP,bid,63500,564.07
2024-08-25 13:41:03,BTCUSD_PERP,bid,63500,689.87
2024-08-25 13:41:06,BTCUSD_PERP,bid,63500,689.92
2024-08-25 13:41:30,BTCUSD_PERP,ask,64700,480.5
2024-08-25 13:41:33,BTCUSD_PERP,ask,64700,486.97
2024-08-25 13:41:33,BTCUSD_PERP,ask,64700,508.32
2024-08-25 13:41:36,BTCUSD_PERP,ask,64700,518.67
2024-08-25 13:41:49,BTCUSD_PERP,bid,63500,690.16
2024-08-25 13:41:49,BTCUSD_PERP,bid,63500,753.03
2024-08-25 13:41:58,BTCUSD_PERP,ask,64700,529.02
2024-08-25 13:42:04,BTCUSD_PERP,ask,64700,464.9
2024-08-25 13:48:06,BTCUSD_PERP,bid,63500,690.81
2024-08-25 13:48:06,BTCUSD_PERP,bid,63500,627.94
2024-08-25 13:48:07,BTCUSD_PERP,bid,63500,565.07
2024-08-25 13:48:07,BTCUSD_PERP,bid,63500,690.52
2024-08-25 13:48:07,BTCUSD_PERP,bid,63500,877.94
2024-08-25 13:48:07,BTCUSD_PERP,bid,63500,1003.1
2024-08-25 13:55:09,BTCUSD_PERP,bid,63500,815.04
2024-08-25 13:55:09,BTCUSD_PERP,bid,63500,501.01
2024-08-25 13:55:09,BTCUSD_PERP,bid,63500,563.88
2024-08-25 13:55:57,BTCUSD_PERP,bid,63400,501.18
2024-08-25 13:55:57,BTCUSD_PERP,bid,63400,626.82
2024-08-25 13:55:57,BTCUSD_PERP,bid,63400,689.64
2024-08-25 13:56:02,BTCUSD_PERP,ask,64700,493.05
2024-08-25 13:56:03,BTCUSD_PERP,ask,64700,503.39
2024-08-25 13:56:04,BTCUSD_PERP,ask,64700,513.73
2024-08-25 13:56:04,BTCUSD_PERP,ask,64700,523.75
2024-08-25 13:56:05,BTCUSD_PERP,ask,64700,534.09
2024-08-25 13:56:06,BTCUSD_PERP,ask,64700,544.43
2024-08-25 13:56:06,BTCUSD_PERP,ask,64700,554.77
2024-08-25 13:56:07,BTCUSD_PERP,ask,64700,565.11
2024-08-25 13:56:07,BTCUSD_PERP,ask,64700,575.45
2024-08-25 13:57:00,BTCUSD_PERP,ask,64700,568.99
2024-08-25 13:57:01,BTCUSD_PERP,ask,64700,558.65
2024-08-25 13:57:03,BTCUSD_PERP,ask,64700,548.31
2024-08-25 13:57:05,BTCUSD_PERP,ask,64700,537.97
2024-08-25 13:57:05,BTCUSD_PERP,ask,64700,527.95
2024-08-25 13:57:05,BTCUSD_PERP,ask,64700,517.61
2024-08-25 13:57:06,BTCUSD_PERP,ask,64700,507.27
2024-08-25 13:57:07,BTCUSD_PERP,ask,64700,496.93
2024-08-25 13:57:07,BTCUSD_PERP,ask,64700,486.59
2024-08-25 13:57:07,BTCUSD_PERP,ask,64700,476.25
2024-08-25 13:57:39,BTCUSD_PERP,ask,64700,469.79
2024-08-25 14:08:16,BTCUSD_PERP,bid,63400,563.72
2024-08-25 14:08:16,BTCUSD_PERP,bid,63400,626.51
2024-08-25 14:08:16,BTCUSD_PERP,bid,63400,689.3
2024-08-25 14:10:53,BTCUSD_PERP,bid,63400,502.21
2024-08-25 14:10:53,BTCUSD_PERP,bid,63300,814.47
2024-08-25 14:10:53,BTCUSD_PERP,bid,63300,877.23
2024-08-25 14:18:11,BTCUSD_PERP,bid,63300,814.47
2024-08-25 14:18:12,BTCUSD_PERP,bid,63300,564.08
2024-08-25 14:18:12,BTCUSD_PERP,bid,63300,501.65
2024-08-25 14:18:55,BTCUSD_PERP,ask,64500,474.55
2024-08-25 14:19:03,BTCUSD_PERP,ask,64500,484.87
2024-08-25 14:19:06,BTCUSD_PERP,bid,63300,636.33
2024-08-25 14:19:06,BTCUSD_PERP,bid,63300,698.91
2024-08-25 14:19:25,BTCUSD_PERP,bid,63300,636.22
2024-08-25 14:19:34,BTCUSD_PERP,bid,63300,573.53
2024-08-25 14:21:54,BTCUSD_PERP,bid,63300,511.49
2024-08-25 14:21:55,BTCUSD_PERP,bid,63300,500.5
2024-08-25 14:21:55,BTCUSD_PERP,bid,63300,563.12
2024-08-25 14:21:55,BTCUSD_PERP,bid,63300,625.84
2024-08-25 14:21:56,BTCUSD_PERP,bid,63300,688.56
2024-08-25 14:21:56,BTCUSD_PERP,bid,63300,814.0
2024-08-25 14:21:56,BTCUSD_PERP,bid,63300,876.08
2024-08-25 14:22:30,BTCUSD_PERP,bid,63300,751.28
2024-08-25 14:22:30,BTCUSD_PERP,bid,63300,689.2
2024-08-25 14:22:30,BTCUSD_PERP,bid,63300,627.12
2024-08-25 14:22:30,BTCUSD_PERP,bid,63300,564.4
2024-08-25 14:22:41,BTCUSD_PERP,bid,63400,500.4
2024-08-25 14:22:41,BTCUSD_PERP,bid,63400,562.55
2024-08-25 14:22:41,BTCUSD_PERP,bid,63400,625.34
2024-08-25 14:22:41,BTCUSD_PERP,bid,63400,750.28
2024-08-25 14:22:42,BTCUSD_PERP,bid,63400,813.07
2024-08-25 14:24:43,BTCUSD_PERP,bid,63400,750.92
2024-08-25 14:24:43,BTCUSD_PERP,bid,63400,501.68
2024-08-25 14:25:13,BTCUSD_PERP,bid,63400,500.29
2024-08-25 14:25:13,BTCUSD_PERP,bid,63400,625.37
2024-08-25 14:25:13,BTCUSD_PERP,bid,63400,485.57
2024-08-25 14:28:20,BTCUSD_PERP,bid,63400,485.28
2024-08-25 14:28:20,BTCUSD_PERP,bid,63400,687.25
2024-08-25 14:28:30,BTCUSD_PERP,ask,64700,500.65
2024-08-25 14:29:03,BTCUSD_PERP,ask,64700,479.33
2024-08-25 14:29:26,BTCUSD_PERP,ask,64700,468.99
2024-08-25 14:30:25,BTCUSD_PERP,bid,63400,625.07
2024-08-25 14:30:25,BTCUSD_PERP,bid,63400,562.24
2024-08-25 14:30:25,BTCUSD_PERP,bid,63400,624.7
2024-08-25 14:30:26,BTCUSD_PERP,bid,63300,485.13
2024-08-25 14:32:32,BTCUSD_PERP,bid,63000,482.81
2024-08-25 14:36:27,BTCUSD_PERP,bid,63400,561.91
2024-08-25 14:36:27,BTCUSD_PERP,bid,63400,499.12
2024-08-25 14:36:28,BTCUSD_PERP,bid,63400,624.41
2024-08-25 14:36:28,BTCUSD_PERP,bid,63400,687.13
2024-08-25 14:36:28,BTCUSD_PERP,bid,63400,749.96
2024-08-25 14:36:28,BTCUSD_PERP,bid,63400,874.97
2024-08-25 14:36:29,BTCUSD_PERP,bid,63400,937.8
2024-08-25 14:36:29,BTCUSD_PERP,bid,63400,1000.63
2024-08-25 14:36:29,BTCUSD_PERP,bid,63400,1063.46
2024-08-25 14:36:29,BTCUSD_PERP,bid,63400,485.88
2024-08-25 14:36:29,BTCUSD_PERP,bid,63400,610.78
2024-08-25 14:36:29,BTCUSD_PERP,bid,63400,1126.29
2024-08-25 14:36:29,BTCUSD_PERP,bid,63400,1188.48
2024-08-25 14:36:31,BTCUSD_PERP,bid,63400,1188.53
2024-08-25 14:36:49,BTCUSD_PERP,bid,63400,1188.58
2024-08-25 14:37:00,BTCUSD_PERP,bid,63400,1125.75
2024-08-25 14:37:03,BTCUSD_PERP,bid,63300,573.27
2024-08-25 14:37:29,BTCUSD_PERP,bid,63300,562.45
2024-08-25 14:37:41,BTCUSD_PERP,bid,63300,500.37
2024-08-25 14:37:42,BTCUSD_PERP,bid,63300,635.41
2024-08-25 14:37:42,BTCUSD_PERP,bid,63300,946.94
2024-08-25 14:37:42,BTCUSD_PERP,bid,63200,484.64
2024-08-25 14:37:42,BTCUSD_PERP,bid,63300,1009.63
2024-08-25 14:37:46,BTCUSD_PERP,ask,64600,466.98
2024-08-25 14:37:46,BTCUSD_PERP,ask,64500,488.78
2024-08-25 14:37:46,BTCUSD_PERP,ask,64600,488.29
2024-08-25 14:37:48,BTCUSD_PERP,bid,63300,1009.68
2024-08-25 14:37:48,BTCUSD_PERP,ask,64500,478.56
2024-08-25 14:37:49,BTCUSD_PERP,ask,64500,472.17
2024-08-25 14:38:07,BTCUSD_PERP,ask,64600,467.17
2024-08-25 14:39:10,BTCUSD_PERP,bid,63300,946.99
2024-08-25 14:39:10,BTCUSD_PERP,bid,63300,884.94
2024-08-25 14:39:10,BTCUSD_PERP,bid,63300,822.25
2024-08-25 14:39:10,BTCUSD_PERP,bid,63300,696.87
2024-08-25 14:39:11,BTCUSD_PERP,bid,63300,634.18
2024-08-25 14:39:11,BTCUSD_PERP,bid,63300,571.49
2024-08-25 14:39:11,BTCUSD_PERP,bid,63300,508.91
2024-08-25 14:39:12,BTCUSD_PERP,bid,63300,563.09
2024-08-25 14:39:12,BTCUSD_PERP,bid,63200,485.1
2024-08-25 14:39:12,BTCUSD_PERP,bid,63300,625.17
2024-08-25 14:39:12,BTCUSD_PERP,bid,63200,547.13
2024-08-25 14:39:12,BTCUSD_PERP,bid,63300,749.33
2024-08-25 14:39:12,BTCUSD_PERP,bid,63300,812.05
2024-08-25 14:39:12,BTCUSD_PERP,bid,63300,937.49
2024-08-25 14:39:12,BTCUSD_PERP,bid,63200,609.77
2024-08-25 14:39:12,BTCUSD_PERP,bid,63300,1062.29
2024-08-25 14:39:25,BTCUSD_PERP,bid,63300,999.57
2024-08-25 14:39:25,BTCUSD_PERP,bid,63300,811.52
2024-08-25 14:39:25,BTCUSD_PERP,bid,63200,546.83
2024-08-25 14:39:25,BTCUSD_PERP,bid,63300,873.67
2024-08-25 14:39:25,BTCUSD_PERP,bid,63200,609.42
2024-08-25 14:39:25,BTCUSD_PERP,bid,63300,936.36
2024-08-25 14:41:11,BTCUSD_PERP,bid,63200,547.45
2024-08-25 14:41:11,BTCUSD_PERP,bid,63300,811.41
2024-08-25 14:41:11,BTCUSD_PERP,bid,63200,610.07
2024-08-25 14:41:11,BTCUSD_PERP,bid,63300,874.13
2024-08-25 14:42:26,BTCUSD_PERP,bid,63200,548.04
2024-08-25 14:42:26,BTCUSD_PERP,bid,63300,749.33
2024-08-25 14:42:26,BTCUSD_PERP,bid,63200,501.05
2024-08-25 14:42:27,BTCUSD_PERP,bid,63300,687.25
2024-08-25 14:42:27,BTCUSD_PERP,bid,63300,563.09
2024-08-25 14:42:27,BTCUSD_PERP,bid,63300,560.32
2024-08-25 14:42:27,BTCUSD_PERP,bid,63300,685.7
2024-08-25 14:42:28,BTCUSD_PERP,bid,63300,748.39
2024-08-25 14:42:28,BTCUSD_PERP,bid,63200,546.82
2024-08-25 14:42:28,BTCUSD_PERP,bid,63300,936.35
2024-08-25 14:42:28,BTCUSD_PERP,bid,63200,609.4
2024-08-25 14:42:28,BTCUSD_PERP,bid,63300,999.04
2024-08-25 14:48:07,BTCUSD_PERP,bid,63200,484.82
2024-08-25 14:48:07,BTCUSD_PERP,bid,63300,810.97
2024-08-25 14:48:08,BTCUSD_PERP,bid,63300,686.89
2024-08-25 14:48:08,BTCUSD_PERP,bid,63300,562.27
2024-08-25 14:48:08,BTCUSD_PERP,bid,63300,499.76
2024-08-25 14:48:08,BTCUSD_PERP,bid,63300,500.22
2024-08-25 14:48:09,BTCUSD_PERP,bid,63300,499.84
2024-08-25 14:48:09,BTCUSD_PERP,bid,63300,562.56
2024-08-25 14:48:51,BTCUSD_PERP,bid,63300,999.11
2024-08-25 14:48:51,BTCUSD_PERP,bid,63200,484.45
2024-08-25 14:48:51,BTCUSD_PERP,bid,63200,547.04
2024-08-25 14:48:51,BTCUSD_PERP,bid,63300,1061.8
2024-08-25 14:49:27,BTCUSD_PERP,bid,63200,686.59
2024-08-25 14:49:27,BTCUSD_PERP,bid,63200,499.56
2024-08-25 14:51:18,BTCUSD_PERP,bid,63200,499.92
2024-08-25 14:52:51,BTCUSD_PERP,bid,63300,500.48
2024-08-25 14:52:52,BTCUSD_PERP,bid,63300,625.28
2024-08-25 14:52:52,BTCUSD_PERP,bid,63300,687.36
2024-08-25 14:52:52,BTCUSD_PERP,bid,63200,500.12
2024-08-25 14:53:13,BTCUSD_PERP,bid,63300,625.28
2024-08-25 14:53:14,BTCUSD_PERP,bid,63300,562.56
2024-08-25 14:53:14,BTCUSD_PERP,bid,63300,499.84
2024-08-25 14:53:15,BTCUSD_PERP,bid,63300,510.63
2024-08-25 14:53:15,BTCUSD_PERP,bid,63300,572.74
2024-08-25 14:53:37,BTCUSD_PERP,bid,63300,509.99
2024-08-25 14:53:37,BTCUSD_PERP,bid,63300,561.92
2024-08-25 14:53:45,BTCUSD_PERP,bid,63300,561.97
2024-08-25 14:53:56,BTCUSD_PERP,bid,63300,562.02
2024-08-25 14:55:58,BTCUSD_PERP,ask,64500,474.88
2024-08-25 14:56:02,BTCUSD_PERP,ask,64500,496.17
2024-08-25 14:56:03,BTCUSD_PERP,ask,64500,502.62
2024-08-25 14:56:06,BTCUSD_PERP,ask,64500,512.94
2024-08-25 14:56:38,BTCUSD_PERP,bid,63300,884.85
2024-08-25 14:56:38,BTCUSD_PERP,bid,63200,499.82
2024-08-25 14:56:38,BTCUSD_PERP,bid,63300,947.54
2024-08-25 14:56:58,BTCUSD_PERP,ask,64500,502.62
2024-08-25 14:57:04,BTCUSD_PERP,ask,64500,496.17
2024-08-25 14:57:06,BTCUSD_PERP,ask,64500,485.85
2024-08-25 14:57:31,BTCUSD_PERP,ask,64500,475.21
2024-08-25 14:59:02,BTCUSD_PERP,bid,63300,884.96
2024-08-25 14:59:02,BTCUSD_PERP,bid,63300,760.22
2024-08-25 14:59:03,BTCUSD_PERP,bid,63300,635.49
2024-08-25 14:59:03,BTCUSD_PERP,bid,63300,510.11
2024-08-25 14:59:03,BTCUSD_PERP,bid,63300,562.45
2024-08-25 15:01:17,BTCUSD_PERP,bid,63300,499.47
2024-08-25 15:01:17,BTCUSD_PERP,bid,63300,562.16
2024-08-25 15:01:41,BTCUSD_PERP,ask,64500,485.28
2024-08-25 15:01:42,BTCUSD_PERP,ask,64500,495.59
2024-08-25 15:01:47,BTCUSD_PERP,ask,64500,502.03
2024-08-25 15:04:11,BTCUSD_PERP,ask,64500,474.26
2024-08-25 15:05:31,BTCUSD_PERP,bid,63300,499.58
2024-08-25 15:05:31,BTCUSD_PERP,bid,63300,499.73
2024-08-25 15:05:31,BTCUSD_PERP,bid,63300,562.45
2024-08-25 15:06:34,BTCUSD_PERP,bid,63300,500.03
2024-08-25 15:06:34,BTCUSD_PERP,bid,63300,698.22
2024-08-25 15:06:34,BTCUSD_PERP,bid,63300,760.33
2024-08-25 15:06:37,BTCUSD_PERP,bid,63300,762.6
2024-08-25 15:06:37,BTCUSD_PERP,bid,63300,777.79
2024-08-25 15:06:37,BTCUSD_PERP,bid,63300,779.11
2024-08-25 15:07:25,BTCUSD_PERP,bid,63300,716.35
2024-08-25 15:07:26,BTCUSD_PERP,bid,63300,653.59
2024-08-25 15:07:26,BTCUSD_PERP,bid,63300,590.83
2024-08-25 15:08:14,BTCUSD_PERP,bid,63300,562.17
2024-08-25 15:08:14,BTCUSD_PERP,bid,63300,624.93
2024-08-25 15:08:47,BTCUSD_PERP,bid,63400,562.44
2024-08-25 15:08:47,BTCUSD_PERP,bid,63400,625.23
2024-08-25 15:11:10,BTCUSD_PERP,bid,63400,562.44
2024-08-25 15:11:10,BTCUSD_PERP,bid,63400,500.29
2024-08-25 15:15:42,BTCUSD_PERP,bid,63400,501.27
2024-08-25 15:15:42,BTCUSD_PERP,bid,63400,564.09
2024-08-25 15:15:42,BTCUSD_PERP,bid,63400,689.08
2024-08-25 15:15:43,BTCUSD_PERP,bid,63300,574.27
2024-08-25 15:15:43,BTCUSD_PERP,bid,63400,751.25
2024-08-25 15:15:43,BTCUSD_PERP,bid,63300,621.33
2024-08-25 15:15:43,BTCUSD_PERP,bid,63400,1001.23
2024-08-25 15:15:43,BTCUSD_PERP,bid,63400,1063.94
2024-08-25 15:19:44,BTCUSD_PERP,bid,63400,1001.12
2024-08-25 15:30:05,BTCUSD_PERP,bid,63300,558.58
2024-08-25 15:30:05,BTCUSD_PERP,bid,63400,938.95
2024-08-25 15:30:06,BTCUSD_PERP,bid,63400,876.13
2024-08-25 15:30:06,BTCUSD_PERP,bid,63400,751.14
2024-08-25 15:30:06,BTCUSD_PERP,bid,63400,688.32
2024-08-25 15:30:06,BTCUSD_PERP,bid,63300,495.83
2024-08-25 15:30:06,BTCUSD_PERP,bid,63400,562.68
2024-08-25 15:30:06,BTCUSD_PERP,bid,63400,500.51
2024-08-25 15:30:06,BTCUSD_PERP,bid,63400,500.78
2024-08-25 15:31:37,BTCUSD_PERP,bid,63400,500.53
2024-08-25 15:31:37,BTCUSD_PERP,bid,63300,485.23
2024-08-25 15:31:37,BTCUSD_PERP,bid,63400,563.35
2024-08-25 15:35:29,BTCUSD_PERP,bid,63400,500.64
2024-08-25 15:39:08,BTCUSD_PERP,bid,63400,501.18
2024-08-25 15:39:09,BTCUSD_PERP,bid,63400,563.36
2024-08-25 15:39:09,BTCUSD_PERP,bid,63400,687.72
2024-08-25 15:39:09,BTCUSD_PERP,bid,63400,485.23
2024-08-25 15:39:09,BTCUSD_PERP,bid,63400,749.9
2024-08-25 15:39:09,BTCUSD_PERP,bid,63400,812.72
2024-08-25 15:47:56,BTCUSD_PERP,bid,63400,750.54
2024-08-25 15:47:56,BTCUSD_PERP,bid,63400,688.36
2024-08-25 15:47:56,BTCUSD_PERP,bid,63400,626.18
2024-08-25 15:47:56,BTCUSD_PERP,bid,63400,563.36
2024-08-25 15:47:57,BTCUSD_PERP,bid,63400,499.01
2024-08-25 15:47:57,BTCUSD_PERP,bid,63400,561.8
2024-08-25 15:47:57,BTCUSD_PERP,bid,63300,484.99
2024-08-25 15:47:57,BTCUSD_PERP,bid,63400,624.59
2024-08-25 15:47:57,BTCUSD_PERP,bid,63400,749.53
2024-08-25 15:47:57,BTCUSD_PERP,bid,63400,812.32
2024-08-25 15:49:16,BTCUSD_PERP,bid,63400,874.47
2024-08-25 15:49:30,BTCUSD_PERP,ask,64600,472.4
2024-08-25 15:49:31,BTCUSD_PERP,ask,64600,482.73
2024-08-25 15:49:34,BTCUSD_PERP,ask,64600,476.27
2024-08-25 15:49:34,BTCUSD_PERP,ask,64600,482.73
2024-08-25 15:49:36,BTCUSD_PERP,ask,64600,489.18
2024-08-25 15:49:37,BTCUSD_PERP,ask,64600,472.39
2024-08-25 15:49:38,BTCUSD_PERP,ask,64600,489.18
2024-08-25 15:49:40,BTCUSD_PERP,ask,64600,478.85
2024-08-25 15:49:44,BTCUSD_PERP,ask,64600,472.39
2024-08-25 16:01:02,BTCUSD_PERP,bid,63400,687.38
2024-08-25 16:01:03,BTCUSD_PERP,bid,63400,563.08
2024-08-25 16:07:02,BTCUSD_PERP,bid,63400,563.08
2024-08-25 16:07:02,BTCUSD_PERP,bid,63400,625.87
2024-08-25 16:07:49,BTCUSD_PERP,ask,64600,466.65
2024-08-25 16:07:56,BTCUSD_PERP,ask,64600,473.1
2024-08-25 16:07:58,BTCUSD_PERP,ask,64600,483.43
2024-08-25 16:07:59,BTCUSD_PERP,ask,64600,493.76
2024-08-25 16:08:00,BTCUSD_PERP,ask,64600,500.21
2024-08-25 16:08:41,BTCUSD_PERP,ask,64600,489.88
2024-08-25 16:08:44,BTCUSD_PERP,ask,64600,483.43
2024-08-25 16:08:48,BTCUSD_PERP,ask,64600,473.1
2024-08-25 16:08:49,BTCUSD_PERP,ask,64600,466.65
2024-08-25 16:09:24,BTCUSD_PERP,bid,63400,562.81
2024-08-25 16:09:24,BTCUSD_PERP,bid,63400,625.57
2024-08-25 16:10:30,BTCUSD_PERP,ask,64600,479.37
2024-08-25 16:11:24,BTCUSD_PERP,ask,64600,469.05
2024-08-25 16:16:18,BTCUSD_PERP,ask,64700,510.89
2024-08-25 16:16:24,BTCUSD_PERP,ask,64600,468.38
2024-08-25 16:16:25,BTCUSD_PERP,ask,64600,478.7
2024-08-25 16:16:36,BTCUSD_PERP,ask,64600,489.02
2024-08-25 16:16:38,BTCUSD_PERP,ask,64600,499.67
2024-08-25 16:16:40,BTCUSD_PERP,ask,64600,506.12
2024-08-25 16:16:46,BTCUSD_PERP,ask,64600,516.44
2024-08-25 16:16:49,BTCUSD_PERP,ask,64600,522.89
2024-08-25 16:16:54,BTCUSD_PERP,ask,64600,529.34
2024-08-25 16:16:54,BTCUSD_PERP,ask,64600,539.66
2024-08-25 16:17:00,BTCUSD_PERP,ask,64600,560.96
2024-08-25 16:17:00,BTCUSD_PERP,ask,64600,567.41
2024-08-25 16:17:02,BTCUSD_PERP,ask,64700,500.55
2024-08-25 16:17:03,BTCUSD_PERP,ask,64600,577.73
2024-08-25 16:17:03,BTCUSD_PERP,bid,63300,499.79
2024-08-25 16:17:03,BTCUSD_PERP,ask,64600,588.05
2024-08-25 16:17:04,BTCUSD_PERP,ask,64700,490.2
2024-08-25 16:17:04,BTCUSD_PERP,ask,64700,479.86
2024-08-25 16:17:04,BTCUSD_PERP,ask,64700,468.22
2024-08-25 16:17:19,BTCUSD_PERP,ask,64600,577.73
2024-08-25 16:17:24,BTCUSD_PERP,ask,64600,567.41
2024-08-25 16:17:26,BTCUSD_PERP,ask,64600,557.09
2024-08-25 16:17:36,BTCUSD_PERP,ask,64600,546.77
2024-08-25 16:17:46,BTCUSD_PERP,ask,64600,536.45
2024-08-25 16:17:49,BTCUSD_PERP,ask,64600,530.0
2024-08-25 16:17:54,BTCUSD_PERP,ask,64600,523.55
2024-08-25 16:17:55,BTCUSD_PERP,ask,64600,513.23
2024-08-25 16:18:03,BTCUSD_PERP,ask,64600,502.91
2024-08-25 16:18:03,BTCUSD_PERP,ask,64600,492.59
2024-08-25 16:18:08,BTCUSD_PERP,ask,64600,481.94
2024-08-25 16:18:12,BTCUSD_PERP,ask,64600,475.49
2024-08-25 16:20:16,BTCUSD_PERP,bid,63300,623.6
2024-08-25 16:20:16,BTCUSD_PERP,bid,63300,686.29
2024-08-25 16:20:24,BTCUSD_PERP,ask,64500,478.99
2024-08-25 16:20:24,BTCUSD_PERP,ask,64500,485.43
2024-08-25 16:20:26,BTCUSD_PERP,ask,64500,495.75
2024-08-25 16:21:21,BTCUSD_PERP,ask,64500,485.44
2024-08-25 16:21:26,BTCUSD_PERP,ask,64500,475.12
2024-08-25 16:24:28,BTCUSD_PERP,ask,64500,468.03
2024-08-25 16:24:39,BTCUSD_PERP,ask,64500,478.67
2024-08-25 16:24:42,BTCUSD_PERP,ask,64500,488.99
2024-08-25 16:24:43,BTCUSD_PERP,ask,64500,495.43
2024-08-25 16:24:50,BTCUSD_PERP,ask,64500,505.74
2024-08-25 16:24:53,BTCUSD_PERP,ask,64500,512.19
2024-08-25 16:24:53,BTCUSD_PERP,ask,64500,522.51
2024-08-25 16:24:58,BTCUSD_PERP,ask,64500,528.95
2024-08-25 16:24:58,BTCUSD_PERP,ask,64500,539.26
2024-08-25 16:25:08,BTCUSD_PERP,ask,64500,549.58
2024-08-25 16:25:08,BTCUSD_PERP,ask,64500,559.89
2024-08-25 16:25:12,BTCUSD_PERP,ask,64500,569.88
2024-08-25 16:25:13,BTCUSD_PERP,ask,64500,580.19
2024-08-25 16:25:16,BTCUSD_PERP,ask,64500,590.5
2024-08-25 16:25:19,BTCUSD_PERP,ask,64500,596.94
2024-08-25 16:25:21,BTCUSD_PERP,ask,64600,477.83
2024-08-25 16:25:21,BTCUSD_PERP,ask,64600,499.14
2024-08-25 16:25:24,BTCUSD_PERP,ask,64500,586.63
2024-08-25 16:25:24,BTCUSD_PERP,ask,64500,596.94
2024-08-25 16:25:25,BTCUSD_PERP,ask,64500,603.38
2024-08-25 16:25:28,BTCUSD_PERP,ask,64500,593.06
2024-08-25 16:25:29,BTCUSD_PERP,ask,64500,603.38
2024-08-25 16:25:29,BTCUSD_PERP,ask,64500,624.66
2024-08-25 16:25:43,BTCUSD_PERP,ask,64500,614.34
2024-08-25 16:25:50,BTCUSD_PERP,ask,64500,604.03
2024-08-25 16:25:53,BTCUSD_PERP,ask,64500,587.26
2024-08-25 16:25:58,BTCUSD_PERP,ask,64500,580.82
2024-08-25 16:25:59,BTCUSD_PERP,ask,64500,570.51
2024-08-25 16:26:08,BTCUSD_PERP,ask,64500,549.88
2024-08-25 16:26:12,BTCUSD_PERP,ask,64500,539.89
2024-08-25 16:26:13,BTCUSD_PERP,ask,64500,529.58
2024-08-25 16:26:13,BTCUSD_PERP,ask,64600,477.83
2024-08-25 16:26:16,BTCUSD_PERP,ask,64500,519.27
2024-08-25 16:26:19,BTCUSD_PERP,ask,64500,512.83
2024-08-25 16:26:20,BTCUSD_PERP,ask,64500,502.19
2024-08-25 16:26:24,BTCUSD_PERP,ask,64500,491.88
2024-08-25 16:26:25,BTCUSD_PERP,ask,64500,485.44
2024-08-25 16:26:29,BTCUSD_PERP,ask,64500,475.12
2024-08-25 16:27:06,BTCUSD_PERP,ask,64500,468.68
2024-08-25 16:28:32,BTCUSD_PERP,bid,63300,686.92
2024-08-25 16:30:42,BTCUSD_PERP,bid,63200,499.01
2024-08-25 16:30:42,BTCUSD_PERP,bid,63200,561.27
2024-08-25 16:30:42,BTCUSD_PERP,bid,63200,623.28
2024-08-25 16:30:42,BTCUSD_PERP,bid,63200,685.94
2024-08-25 16:30:56,BTCUSD_PERP,ask,64500,495.51
2024-08-25 16:31:01,BTCUSD_PERP,ask,64500,501.95
2024-08-25 16:31:02,BTCUSD_PERP,ask,64500,512.26
2024-08-25 16:31:06,BTCUSD_PERP,ask,64500,522.57
2024-08-25 16:31:11,BTCUSD_PERP,ask,64500,532.88
2024-08-25 16:31:11,BTCUSD_PERP,ask,64500,543.19
2024-08-25 16:31:14,BTCUSD_PERP,ask,64500,553.18
2024-08-25 16:31:16,BTCUSD_PERP,ask,64500,563.49
2024-08-25 16:31:20,BTCUSD_PERP,ask,64500,573.8
2024-08-25 16:31:21,BTCUSD_PERP,ask,64500,580.24
2024-08-25 16:31:22,BTCUSD_PERP,ask,64500,590.87
2024-08-25 16:31:25,BTCUSD_PERP,ask,64500,597.31
2024-08-25 16:31:28,BTCUSD_PERP,ask,64500,607.62
2024-08-25 16:31:31,BTCUSD_PERP,ask,64500,617.93
2024-08-25 16:31:54,BTCUSD_PERP,ask,64500,607.62
2024-08-25 16:31:55,BTCUSD_PERP,ask,64500,597.31
2024-08-25 16:31:56,BTCUSD_PERP,ask,64500,590.87
2024-08-25 16:32:02,BTCUSD_PERP,ask,64500,584.43
2024-08-25 16:32:02,BTCUSD_PERP,ask,64500,574.12
2024-08-25 16:32:06,BTCUSD_PERP,ask,64500,563.81
2024-08-25 16:32:11,BTCUSD_PERP,ask,64500,553.5
2024-08-25 16:32:12,BTCUSD_PERP,ask,64500,543.19
2024-08-25 16:32:15,BTCUSD_PERP,ask,64500,533.2
2024-08-25 16:32:17,BTCUSD_PERP,ask,64500,522.89
2024-08-25 16:32:20,BTCUSD_PERP,ask,64500,512.58
2024-08-25 16:32:20,BTCUSD_PERP,ask,64500,491.31
2024-08-25 16:32:21,BTCUSD_PERP,ask,64500,484.87
2024-08-25 16:34:37,BTCUSD_PERP,bid,63200,498.6
2024-08-25 16:34:39,BTCUSD_PERP,bid,63300,561.08
2024-08-25 16:35:03,BTCUSD_PERP,bid,63300,499.25
2024-08-25 16:35:04,BTCUSD_PERP,bid,63300,561.35
2024-08-25 16:35:04,BTCUSD_PERP,bid,63300,561.4
2024-08-25 16:35:05,BTCUSD_PERP,bid,63300,561.45
2024-08-25 16:35:05,BTCUSD_PERP,bid,63300,561.5
2024-08-25 16:35:06,BTCUSD_PERP,bid,63300,563.77
2024-08-25 16:35:09,BTCUSD_PERP,bid,63300,565.09
2024-08-25 16:35:09,BTCUSD_PERP,bid,63300,580.28
2024-08-25 16:35:45,BTCUSD_PERP,bid,63300,517.54
2024-08-25 16:35:46,BTCUSD_PERP,bid,63300,498.99
2024-08-25 16:36:26,BTCUSD_PERP,bid,63300,500.16
2024-08-25 16:36:26,BTCUSD_PERP,bid,63300,562.84
2024-08-25 16:36:27,BTCUSD_PERP,bid,63300,624.88
2024-08-25 16:37:33,BTCUSD_PERP,bid,63300,498.69
2024-08-25 16:40:11,BTCUSD_PERP,bid,63300,562.2
2024-08-25 16:40:11,BTCUSD_PERP,bid,63300,499.52
2024-08-25 16:40:12,BTCUSD_PERP,bid,63300,500.29
2024-08-25 16:40:12,BTCUSD_PERP,bid,63300,563.0
2024-08-25 16:40:12,BTCUSD_PERP,bid,63300,750.49
2024-08-25 16:40:12,BTCUSD_PERP,bid,63200,500.04
2024-08-25 16:40:12,BTCUSD_PERP,bid,63300,875.27
2024-08-25 16:40:12,BTCUSD_PERP,bid,63200,547.03
2024-08-25 16:40:12,BTCUSD_PERP,bid,63300,937.34
2024-08-25 16:40:13,BTCUSD_PERP,bid,63300,1062.12
2024-08-25 16:40:13,BTCUSD_PERP,bid,63300,1124.83
2024-08-25 16:40:13,BTCUSD_PERP,bid,63300,1186.9
2024-08-25 16:40:13,BTCUSD_PERP,bid,63300,1248.97
2024-08-25 16:42:54,BTCUSD_PERP,bid,63200,485.01
2024-08-25 16:42:54,BTCUSD_PERP,bid,63300,1186.9
2024-08-25 16:42:54,BTCUSD_PERP,bid,63300,1124.19
2024-08-25 16:42:54,BTCUSD_PERP,bid,63300,999.41
2024-08-25 16:42:54,BTCUSD_PERP,bid,63300,873.99
2024-08-25 16:42:54,BTCUSD_PERP,bid,63300,811.92
2024-08-25 16:42:54,BTCUSD_PERP,bid,63300,749.85
2024-08-25 16:42:55,BTCUSD_PERP,bid,63300,563.64
2024-08-25 16:42:55,BTCUSD_PERP,bid,63300,498.8
2024-08-25 16:42:55,BTCUSD_PERP,bid,63300,624.19
2024-08-25 16:42:55,BTCUSD_PERP,bid,63300,686.94
2024-08-25 16:42:55,BTCUSD_PERP,bid,63300,749.69
2024-08-25 16:42:55,BTCUSD_PERP,bid,63300,812.44
2024-08-25 16:42:56,BTCUSD_PERP,bid,63300,874.55
2024-08-25 16:42:56,BTCUSD_PERP,bid,63300,937.3
2024-08-25 16:47:01,BTCUSD_PERP,bid,63300,750.33
2024-08-25 16:47:01,BTCUSD_PERP,bid,63300,936.81
2024-08-25 16:47:01,BTCUSD_PERP,bid,63200,485.01
2024-08-25 16:49:26,BTCUSD_PERP,bid,63300,811.37
2024-08-25 16:49:26,BTCUSD_PERP,bid,63300,749.3
2024-08-25 16:49:27,BTCUSD_PERP,bid,63300,687.23
2024-08-25 16:49:27,BTCUSD_PERP,bid,63300,624.51
2024-08-25 16:49:27,BTCUSD_PERP,bid,63300,561.79
2024-08-25 16:49:27,BTCUSD_PERP,bid,63300,499.18
2024-08-25 16:49:27,BTCUSD_PERP,bid,63300,499.47
2024-08-25 16:49:28,BTCUSD_PERP,bid,63300,562.15
2024-08-25 16:49:28,BTCUSD_PERP,bid,63300,812.23
2024-08-25 16:49:28,BTCUSD_PERP,bid,63200,484.8
2024-08-25 16:49:28,BTCUSD_PERP,bid,63300,874.27
2024-08-25 16:49:28,BTCUSD_PERP,bid,63300,936.31
2024-08-25 16:57:30,BTCUSD_PERP,bid,63300,748.91
2024-08-25 16:57:30,BTCUSD_PERP,bid,63300,686.87
2024-08-25 17:06:08,BTCUSD_PERP,bid,63300,624.83
2024-08-25 17:06:08,BTCUSD_PERP,bid,63300,562.79
2024-08-25 17:06:08,BTCUSD_PERP,bid,63300,500.75
2024-08-25 17:08:49,BTCUSD_PERP,ask,64500,474.11
2024-08-25 17:08:51,BTCUSD_PERP,ask,64500,495.37
2024-08-25 17:08:53,BTCUSD_PERP,ask,64500,505.68
2024-08-25 17:08:55,BTCUSD_PERP,ask,64500,516.31
2024-08-25 17:08:56,BTCUSD_PERP,ask,64500,522.75
2024-08-25 17:08:59,BTCUSD_PERP,ask,64500,529.19
2024-08-25 17:09:46,BTCUSD_PERP,ask,64500,518.88
2024-08-25 17:09:49,BTCUSD_PERP,ask,64500,508.57
2024-08-25 17:09:49,BTCUSD_PERP,ask,64500,502.13
2024-08-25 17:09:53,BTCUSD_PERP,ask,64500,491.82
2024-08-25 17:09:56,BTCUSD_PERP,ask,64500,485.38
2024-08-25 17:10:11,BTCUSD_PERP,bid,63300,498.24
2024-08-25 17:10:11,BTCUSD_PERP,bid,63300,622.96
2024-08-25 17:10:11,BTCUSD_PERP,bid,63200,484.16
2024-08-25 17:10:11,BTCUSD_PERP,bid,63200,546.76
2024-08-25 17:10:11,BTCUSD_PERP,bid,63300,809.72
2024-08-25 17:10:11,BTCUSD_PERP,bid,63300,872.4
2024-08-25 17:10:11,BTCUSD_PERP,bid,63300,935.08
2024-08-25 17:10:12,BTCUSD_PERP,bid,63300,997.76
2024-08-25 17:10:12,BTCUSD_PERP,bid,63300,1060.44
2024-08-25 17:12:38,BTCUSD_PERP,bid,63200,484.14
2024-08-25 17:12:38,BTCUSD_PERP,bid,63300,997.76
2024-08-25 17:12:38,BTCUSD_PERP,bid,63300,935.08
2024-08-25 17:12:39,BTCUSD_PERP,bid,63300,873.04
2024-08-25 17:12:39,BTCUSD_PERP,bid,63300,811.0
2024-08-25 17:12:39,BTCUSD_PERP,bid,63300,748.96
2024-08-25 17:12:39,BTCUSD_PERP,bid,63300,624.88
2024-08-25 17:12:39,BTCUSD_PERP,bid,63300,562.2
2024-08-25 17:12:39,BTCUSD_PERP,bid,63300,498.48
2024-08-25 17:12:39,BTCUSD_PERP,bid,63300,560.55
2024-08-25 17:12:39,BTCUSD_PERP,bid,63200,484.38
2024-08-25 17:12:39,BTCUSD_PERP,bid,63300,685.33
2024-08-25 17:12:39,BTCUSD_PERP,bid,63200,547.03
2024-08-25 17:12:39,BTCUSD_PERP,bid,63300,748.04
2024-08-25 17:12:40,BTCUSD_PERP,bid,63300,936.17
2024-08-25 17:12:40,BTCUSD_PERP,bid,63300,998.88
2024-08-25 17:12:40,BTCUSD_PERP,bid,63300,1060.95
2024-08-25 17:15:50,BTCUSD_PERP,bid,63300,936.17
2024-08-25 17:15:50,BTCUSD_PERP,bid,63300,874.1
2024-08-25 17:15:51,BTCUSD_PERP,bid,63300,811.39
2024-08-25 17:15:51,BTCUSD_PERP,bid,63200,484.38
2024-08-25 17:15:51,BTCUSD_PERP,bid,63300,686.61
2024-08-25 17:16:02,BTCUSD_PERP,bid,63300,626.04
2024-08-25 17:16:03,BTCUSD_PERP,bid,63300,814.29
2024-08-25 17:16:03,BTCUSD_PERP,bid,63300,877.04
2024-08-25 17:16:03,BTCUSD_PERP,bid,63300,939.15
2024-08-25 17:17:10,BTCUSD_PERP,bid,63300,877.05
2024-08-25 17:17:10,BTCUSD_PERP,bid,63300,752.19
2024-08-25 17:17:10,BTCUSD_PERP,bid,63300,689.44
2024-08-25 17:17:10,BTCUSD_PERP,bid,63300,626.69
2024-08-25 17:17:10,BTCUSD_PERP,bid,63300,563.94
2024-08-25 17:17:10,BTCUSD_PERP,bid,63400,499.68
2024-08-25 17:17:11,BTCUSD_PERP,bid,63400,510.24
2024-08-25 17:17:11,BTCUSD_PERP,bid,63300,501.19
2024-08-25 17:17:11,BTCUSD_PERP,bid,63400,573.02
2024-08-25 17:17:11,BTCUSD_PERP,bid,63300,495.51
2024-08-25 17:17:11,BTCUSD_PERP,bid,63400,635.16
2024-08-25 17:17:11,BTCUSD_PERP,bid,63400,697.94
2024-08-25 17:17:11,BTCUSD_PERP,bid,63400,760.72
2024-08-25 17:17:11,BTCUSD_PERP,bid,63400,886.28
2024-08-25 17:17:12,BTCUSD_PERP,bid,63400,1010.56
2024-08-25 17:17:12,BTCUSD_PERP,bid,63400,1072.7
2024-08-25 17:17:12,BTCUSD_PERP,bid,63300,558.19
2024-08-25 17:22:14,BTCUSD_PERP,bid,63400,1077.15
2024-08-25 17:24:30,BTCUSD_PERP,bid,63400,1072.7
2024-08-25 17:25:06,BTCUSD_PERP,bid,63400,572.38
2024-08-25 17:34:55,BTCUSD_PERP,bid,63300,811.39
2024-08-25 17:34:55,BTCUSD_PERP,bid,63300,874.1
2024-08-25 17:34:56,BTCUSD_PERP,bid,63200,484.4
2024-08-25 17:38:09,BTCUSD_PERP,bid,63300,812.03
2024-08-25 17:38:09,BTCUSD_PERP,bid,63300,749.32
2024-08-25 17:38:09,BTCUSD_PERP,bid,63300,686.61
2024-08-25 17:38:09,BTCUSD_PERP,bid,63300,561.19
2024-08-25 17:38:10,BTCUSD_PERP,bid,63300,498.48
2024-08-25 17:38:10,BTCUSD_PERP,bid,63300,500.8
2024-08-25 17:38:10,BTCUSD_PERP,bid,63300,563.48
2024-08-25 17:38:10,BTCUSD_PERP,bid,63300,625.52
2024-08-25 17:38:10,BTCUSD_PERP,bid,63300,687.56
2024-08-25 17:38:10,BTCUSD_PERP,bid,63200,484.14
2024-08-25 17:38:10,BTCUSD_PERP,bid,63300,811.64
2024-08-25 17:38:11,BTCUSD_PERP,bid,63300,873.68
2024-08-25 17:38:11,BTCUSD_PERP,bid,63300,935.72
2024-08-25 17:38:11,BTCUSD_PERP,bid,63200,546.76
2024-08-25 17:38:11,BTCUSD_PERP,bid,63300,998.4
2024-08-25 17:40:07,BTCUSD_PERP,bid,63300,561.83
2024-08-25 17:40:07,BTCUSD_PERP,bid,63300,624.54
2024-08-25 17:43:00,BTCUSD_PERP,bid,63300,561.83
2024-08-25 17:43:00,BTCUSD_PERP,bid,63300,561.56
2024-08-25 17:57:13,BTCUSD_PERP,bid,63200,500.12
2024-08-25 17:57:13,BTCUSD_PERP,bid,63300,498.56
2024-08-25 17:57:13,BTCUSD_PERP,bid,63300,685.44
2024-08-25 17:57:13,BTCUSD_PERP,bid,63300,748.16
2024-08-25 18:00:52,BTCUSD_PERP,bid,63300,685.44
2024-08-25 18:00:52,BTCUSD_PERP,bid,63300,622.72
2024-08-25 18:00:52,BTCUSD_PERP,bid,63300,560.64
2024-08-25 18:00:53,BTCUSD_PERP,bid,63300,498.8
2024-08-25 18:00:53,BTCUSD_PERP,bid,63300,623.66
2024-08-25 18:00:54,BTCUSD_PERP,bid,63300,748.52
2024-08-25 18:00:54,BTCUSD_PERP,bid,63300,511.01
2024-08-25 18:01:04,BTCUSD_PERP,bid,63300,761.18
2024-08-25 18:02:49,BTCUSD_PERP,bid,63400,499.74
2024-08-25 18:02:49,BTCUSD_PERP,bid,63400,562.53
2024-08-25 18:14:23,BTCUSD_PERP,bid,63400,499.74
2024-08-25 18:14:24,BTCUSD_PERP,bid,63400,625.0
2024-08-25 18:14:24,BTCUSD_PERP,bid,63400,687.18
2024-08-25 18:14:24,BTCUSD_PERP,bid,63400,750.0
2024-08-25 18:14:25,BTCUSD_PERP,bid,63300,500.93
2024-08-25 18:14:25,BTCUSD_PERP,bid,63400,812.18
2024-08-25 18:20:49,BTCUSD_PERP,bid,63400,624.36
2024-08-25 18:20:49,BTCUSD_PERP,bid,63400,624.72
2024-08-25 18:20:49,BTCUSD_PERP,bid,63400,686.87
2024-08-25 18:20:49,BTCUSD_PERP,bid,63400,749.66
2024-08-25 18:21:17,BTCUSD_PERP,ask,64600,468.62
2024-08-25 18:21:19,BTCUSD_PERP,ask,64600,478.63
2024-08-25 18:21:20,BTCUSD_PERP,ask,64600,488.95
2024-08-25 18:21:20,BTCUSD_PERP,ask,64600,499.28
2024-08-25 18:22:17,BTCUSD_PERP,ask,64600,478.62
2024-08-25 18:22:19,BTCUSD_PERP,ask,64600,468.61
2024-08-25 18:28:51,BTCUSD_PERP,bid,63400,687.51
2024-08-25 18:28:51,BTCUSD_PERP,bid,63400,625.36
2024-08-25 18:28:52,BTCUSD_PERP,bid,63400,562.57
2024-08-25 18:28:52,BTCUSD_PERP,bid,63400,625.0
2024-08-25 18:29:05,BTCUSD_PERP,ask,64700,465.18
2024-08-25 18:29:06,BTCUSD_PERP,ask,64700,475.52
2024-08-25 18:30:02,BTCUSD_PERP,ask,64700,465.18
2024-08-25 18:31:37,BTCUSD_PERP,bid,63400,562.18
2024-08-25 18:31:37,BTCUSD_PERP,bid,63400,500.0
2024-08-25 18:32:24,BTCUSD_PERP,ask,64700,469.05
2024-08-25 18:32:25,BTCUSD_PERP,ask,64700,479.06
2024-08-25 18:32:26,BTCUSD_PERP,ask,64700,489.39
2024-08-25 18:32:27,BTCUSD_PERP,ask,64700,499.73
2024-08-25 18:32:28,BTCUSD_PERP,ask,64700,510.39
2024-08-25 18:32:30,BTCUSD_PERP,ask,64700,531.71
2024-08-25 18:32:32,BTCUSD_PERP,ask,64700,553.04
2024-08-25 18:32:35,BTCUSD_PERP,ask,64700,563.38
2024-08-25 18:32:42,BTCUSD_PERP,ask,64700,573.72
2024-08-25 18:32:55,BTCUSD_PERP,ask,64700,584.06
2024-08-25 18:32:57,BTCUSD_PERP,ask,64700,590.52
2024-08-25 18:32:57,BTCUSD_PERP,ask,64700,596.98
2024-08-25 18:33:23,BTCUSD_PERP,ask,64700,586.64
2024-08-25 18:33:24,BTCUSD_PERP,ask,64700,576.3
2024-08-25 18:33:26,BTCUSD_PERP,ask,64700,566.29
2024-08-25 18:33:26,BTCUSD_PERP,ask,64700,555.96
2024-08-25 18:33:27,BTCUSD_PERP,ask,64700,545.62
2024-08-25 18:33:35,BTCUSD_PERP,ask,64700,535.28
2024-08-25 18:33:42,BTCUSD_PERP,ask,64700,524.94
2024-08-25 18:33:55,BTCUSD_PERP,ask,64700,514.6
2024-08-25 18:34:02,BTCUSD_PERP,ask,64700,493.28
2024-08-25 18:34:07,BTCUSD_PERP,ask,64700,471.95
2024-08-25 19:01:19,BTCUSD_PERP,ask,64600,475.79
2024-08-25 19:01:20,BTCUSD_PERP,ask,64600,465.47
2024-08-25 19:01:20,BTCUSD_PERP,ask,64600,475.79
2024-08-25 19:01:23,BTCUSD_PERP,ask,64600,469.34
2024-08-25 19:01:23,BTCUSD_PERP,ask,64600,475.79
2024-08-25 19:01:26,BTCUSD_PERP,ask,64600,469.34
2024-08-25 19:01:26,BTCUSD_PERP,ask,64600,475.79
2024-08-25 19:01:28,BTCUSD_PERP,ask,64600,482.24
2024-08-25 19:01:31,BTCUSD_PERP,ask,64600,488.69
2024-08-25 19:01:39,BTCUSD_PERP,ask,64600,478.37
2024-08-25 19:01:40,BTCUSD_PERP,ask,64600,488.69
2024-08-25 19:01:41,BTCUSD_PERP,ask,64600,478.37
2024-08-25 19:01:41,BTCUSD_PERP,ask,64600,488.69
2024-08-25 19:01:42,BTCUSD_PERP,ask,64600,478.37
2024-08-25 19:01:42,BTCUSD_PERP,ask,64600,488.69
2024-08-25 19:01:42,BTCUSD_PERP,ask,64600,478.69
2024-08-25 19:01:42,BTCUSD_PERP,ask,64600,488.69
2024-08-25 19:01:45,BTCUSD_PERP,ask,64600,478.37
2024-08-25 19:01:45,BTCUSD_PERP,ask,64600,488.69
2024-08-25 19:01:47,BTCUSD_PERP,ask,64600,478.04
2024-08-25 19:01:48,BTCUSD_PERP,ask,64600,488.69
2024-08-25 19:01:51,BTCUSD_PERP,ask,64600,478.37
2024-08-25 19:01:52,BTCUSD_PERP,ask,64600,488.69
2024-08-25 19:01:57,BTCUSD_PERP,ask,64600,478.37
2024-08-25 19:01:57,BTCUSD_PERP,ask,64600,488.69
2024-08-25 19:02:00,BTCUSD_PERP,ask,64600,478.37
2024-08-25 19:02:02,BTCUSD_PERP,ask,64600,488.69
2024-08-25 19:02:11,BTCUSD_PERP,ask,64600,478.37
2024-08-25 19:26:56,BTCUSD_PERP,bid,63300,497.76
2024-08-25 19:26:57,BTCUSD_PERP,bid,63300,560.46
2024-08-25 19:26:57,BTCUSD_PERP,bid,63300,623.16
2024-08-25 19:26:57,BTCUSD_PERP,bid,63300,685.86
2024-08-25 19:29:38,BTCUSD_PERP,bid,63300,623.8
2024-08-25 19:29:38,BTCUSD_PERP,bid,63300,499.04
2024-08-25 19:29:39,BTCUSD_PERP,bid,63300,498.13
2024-08-25 19:29:40,BTCUSD_PERP,bid,63300,622.82
2024-08-25 19:29:40,BTCUSD_PERP,bid,63300,685.49
2024-08-25 19:30:07,BTCUSD_PERP,bid,63300,685.54
2024-08-25 19:30:09,BTCUSD_PERP,bid,63300,685.59
2024-08-25 19:30:40,BTCUSD_PERP,bid,63300,623.57
2024-08-25 19:30:41,BTCUSD_PERP,bid,63300,561.54
2024-08-25 19:30:41,BTCUSD_PERP,bid,63300,499.52
2024-08-25 19:30:42,BTCUSD_PERP,bid,63300,500.96
2024-08-25 19:30:42,BTCUSD_PERP,bid,63300,563.66
2024-08-25 19:30:42,BTCUSD_PERP,bid,63300,688.42
2024-08-25 19:32:28,BTCUSD_PERP,bid,63300,563.02
2024-08-25 19:32:28,BTCUSD_PERP,bid,63300,500.96
2024-08-25 19:32:28,BTCUSD_PERP,bid,63300,561.43
2024-08-25 19:32:28,BTCUSD_PERP,bid,63300,623.52
2024-08-25 19:32:29,BTCUSD_PERP,bid,63300,686.26
2024-08-25 19:48:15,BTCUSD_PERP,bid,63300,624.17
2024-08-25 19:48:15,BTCUSD_PERP,bid,63300,561.43
2024-08-25 19:48:15,BTCUSD_PERP,bid,63300,499.33
2024-08-25 20:16:36,BTCUSD_PERP,bid,63400,499.57
2024-08-25 20:16:36,BTCUSD_PERP,bid,63400,562.34
2024-08-25 20:16:36,BTCUSD_PERP,bid,63400,624.46
2024-08-25 20:22:20,BTCUSD_PERP,bid,63400,562.34
2024-08-25 20:22:20,BTCUSD_PERP,bid,63400,500.21
2024-08-25 20:22:21,BTCUSD_PERP,bid,63400,499.73
2024-08-25 20:22:21,BTCUSD_PERP,bid,63400,562.53
2024-08-25 20:22:21,BTCUSD_PERP,bid,63400,624.69
2024-08-25 20:22:21,BTCUSD_PERP,bid,63400,687.49
2024-08-25 20:22:21,BTCUSD_PERP,bid,63400,813.09
2024-08-25 20:22:28,BTCUSD_PERP,bid,63400,813.13
2024-08-25 20:22:40,BTCUSD_PERP,bid,63400,813.17
2024-08-25 20:22:44,BTCUSD_PERP,bid,63400,812.54
2024-08-25 20:23:49,BTCUSD_PERP,bid,63400,500.46
2024-08-25 20:23:49,BTCUSD_PERP,bid,63400,750.08
2024-08-25 20:23:49,BTCUSD_PERP,bid,63400,812.92
2024-08-25 20:24:01,BTCUSD_PERP,bid,63400,750.72
2024-08-25 20:24:02,BTCUSD_PERP,bid,63400,625.15
2024-08-25 20:24:02,BTCUSD_PERP,bid,63400,500.12
2024-08-25 20:24:03,BTCUSD_PERP,bid,63500,563.78
2024-08-25 20:24:03,BTCUSD_PERP,bid,63500,688.87
2024-08-25 20:24:03,BTCUSD_PERP,bid,63500,751.09
2024-08-25 20:24:10,BTCUSD_PERP,bid,63400,754.46
2024-08-25 20:24:11,BTCUSD_PERP,bid,63400,817.29
2024-08-25 20:24:11,BTCUSD_PERP,bid,63400,485.77
2024-08-25 20:24:30,BTCUSD_PERP,bid,63400,755.1
2024-08-25 20:24:30,BTCUSD_PERP,bid,63400,692.27
2024-08-25 20:24:30,BTCUSD_PERP,bid,63400,629.44
2024-08-25 20:24:30,BTCUSD_PERP,bid,63400,503.78
2024-08-25 20:24:30,BTCUSD_PERP,bid,63500,501.01
2024-08-25 20:24:31,BTCUSD_PERP,bid,63500,563.23
2024-08-25 20:24:31,BTCUSD_PERP,bid,63500,625.99
2024-08-25 20:24:31,BTCUSD_PERP,bid,63500,751.08
2024-08-25 20:24:31,BTCUSD_PERP,bid,63500,813.31
2024-08-25 20:24:35,BTCUSD_PERP,bid,63500,813.36
2024-08-25 20:25:57,BTCUSD_PERP,bid,63500,751.14
2024-08-25 20:25:57,BTCUSD_PERP,bid,63500,688.27
2024-08-25 20:25:57,BTCUSD_PERP,bid,63500,625.4
2024-08-25 20:25:57,BTCUSD_PERP,bid,63500,501.34
2024-08-25 20:25:57,BTCUSD_PERP,bid,63500,563.18
2024-08-25 20:25:58,BTCUSD_PERP,bid,63500,688.66
2024-08-25 20:25:58,BTCUSD_PERP,bid,63500,512.02
2024-08-25 20:25:59,BTCUSD_PERP,bid,63500,527.25
2024-08-25 20:28:00,BTCUSD_PERP,bid,63500,512.02
2024-08-25 20:28:55,BTCUSD_PERP,bid,63500,501.47
2024-08-25 20:28:55,BTCUSD_PERP,bid,63500,688.99
2024-08-25 20:29:13,BTCUSD_PERP,bid,63500,626.05
2024-08-25 20:29:13,BTCUSD_PERP,bid,63500,500.93
2024-08-25 20:29:14,BTCUSD_PERP,bid,63600,501.79
2024-08-25 20:29:14,BTCUSD_PERP,bid,63600,626.45
2024-08-25 20:29:14,BTCUSD_PERP,bid,63600,689.43
2024-08-25 20:29:14,BTCUSD_PERP,bid,63600,752.41
2024-08-25 20:29:14,BTCUSD_PERP,bid,63600,814.75
2024-08-25 20:29:14,BTCUSD_PERP,bid,63600,877.73
2024-08-25 20:29:14,BTCUSD_PERP,bid,63500,486.39
2024-08-25 20:29:43,BTCUSD_PERP,bid,63600,814.75
2024-08-25 20:29:44,BTCUSD_PERP,bid,63600,690.08
2024-08-25 20:29:44,BTCUSD_PERP,bid,63600,627.1
2024-08-25 20:29:44,BTCUSD_PERP,bid,63600,564.12
2024-08-25 20:29:44,BTCUSD_PERP,bid,63500,563.8
2024-08-25 20:29:44,BTCUSD_PERP,bid,63500,486.16
2024-08-25 20:29:44,BTCUSD_PERP,bid,63500,814.92
2024-08-25 20:31:50,BTCUSD_PERP,bid,63500,689.67
2024-08-25 20:31:50,BTCUSD_PERP,bid,63500,626.73
2024-08-25 20:31:50,BTCUSD_PERP,bid,63500,563.79
2024-08-25 20:31:51,BTCUSD_PERP,bid,63600,512.6
2024-08-25 20:37:55,BTCUSD_PERP,bid,63500,627.66
2024-08-25 20:37:55,BTCUSD_PERP,bid,63500,690.62
2024-08-25 20:40:29,BTCUSD_PERP,bid,63500,511.31
2024-08-25 20:40:30,BTCUSD_PERP,bid,63500,627.29
2024-08-25 20:43:46,BTCUSD_PERP,bid,63500,564.37
2024-08-25 20:43:47,BTCUSD_PERP,bid,63500,501.45
2024-08-25 20:43:48,BTCUSD_PERP,bid,63500,501.13
2024-08-25 20:43:48,BTCUSD_PERP,bid,63400,485.71
2024-08-25 20:43:48,BTCUSD_PERP,bid,63500,626.89
2024-08-25 20:43:48,BTCUSD_PERP,bid,63500,689.14
2024-08-25 20:44:25,BTCUSD_PERP,bid,63400,500.17
2024-08-25 20:44:25,BTCUSD_PERP,bid,63400,563.03
2024-08-25 20:44:26,BTCUSD_PERP,bid,63400,564.37
2024-08-25 20:46:52,BTCUSD_PERP,bid,63500,564.64
2024-08-25 20:47:00,BTCUSD_PERP,bid,63400,500.17
2024-08-25 20:47:01,BTCUSD_PERP,bid,63500,564.62
2024-08-25 20:47:04,BTCUSD_PERP,bid,63500,564.67
2024-08-25 20:47:07,BTCUSD_PERP,bid,63500,564.72
2024-08-25 20:48:49,BTCUSD_PERP,bid,63500,562.82
2024-08-25 20:49:25,BTCUSD_PERP,bid,63500,502.07
2024-08-25 20:49:25,BTCUSD_PERP,bid,63500,564.99
2024-08-25 20:50:34,BTCUSD_PERP,bid,63500,562.77
2024-08-25 20:50:34,BTCUSD_PERP,bid,63500,562.72
2024-08-25 20:51:09,BTCUSD_PERP,bid,63500,502.72
2024-08-25 20:55:29,BTCUSD_PERP,bid,63500,563.7
2024-08-25 20:55:29,BTCUSD_PERP,bid,63500,625.99
2024-08-25 20:55:29,BTCUSD_PERP,bid,63500,688.28
2024-08-25 20:55:29,BTCUSD_PERP,bid,63500,751.21
2024-08-25 20:55:29,BTCUSD_PERP,bid,63500,876.43
2024-08-25 20:55:29,BTCUSD_PERP,bid,63500,887.01
2024-08-25 20:55:29,BTCUSD_PERP,bid,63500,949.94
2024-08-25 20:55:30,BTCUSD_PERP,bid,63500,1012.87
2024-08-25 21:02:24,BTCUSD_PERP,bid,63500,887.65
2024-08-25 21:02:24,BTCUSD_PERP,bid,63500,824.72
2024-08-25 21:02:24,BTCUSD_PERP,bid,63500,635.93
2024-08-25 21:02:24,BTCUSD_PERP,bid,63500,573.64
2024-08-25 21:02:24,BTCUSD_PERP,bid,63600,627.11
2024-08-25 21:02:24,BTCUSD_PERP,bid,63600,689.43
2024-08-25 21:02:25,BTCUSD_PERP,bid,63600,815.26
2024-08-25 21:02:25,BTCUSD_PERP,bid,63600,939.91
2024-08-25 21:02:25,BTCUSD_PERP,bid,63600,1002.23
2024-08-25 21:02:25,BTCUSD_PERP,bid,63600,1065.2
2024-08-25 21:11:30,BTCUSD_PERP,bid,63600,1002.87
2024-08-25 21:11:30,BTCUSD_PERP,bid,63600,939.9
2024-08-25 21:11:30,BTCUSD_PERP,bid,63600,876.93
2024-08-25 21:11:31,BTCUSD_PERP,bid,63600,814.61
2024-08-25 21:11:31,BTCUSD_PERP,bid,63600,689.32
2024-08-25 21:11:31,BTCUSD_PERP,bid,63600,626.46
2024-08-25 21:11:31,BTCUSD_PERP,bid,63600,564.14
2024-08-25 21:11:31,BTCUSD_PERP,bid,63600,501.43
2024-08-25 21:11:32,BTCUSD_PERP,bid,63600,626.15
2024-08-25 21:11:32,BTCUSD_PERP,bid,63600,688.51
2024-08-25 21:11:32,BTCUSD_PERP,bid,63600,762.12
2024-08-25 21:11:32,BTCUSD_PERP,bid,63600,825.13
2024-08-25 21:11:33,BTCUSD_PERP,bid,63600,888.14
2024-08-25 21:11:33,BTCUSD_PERP,bid,63600,888.19
2024-08-25 21:11:33,BTCUSD_PERP,bid,63600,888.24
2024-08-25 21:11:41,BTCUSD_PERP,bid,63600,888.29
2024-08-25 21:14:51,BTCUSD_PERP,bid,63600,888.24
2024-08-25 21:14:59,BTCUSD_PERP,bid,63600,888.19
2024-08-25 21:15:01,BTCUSD_PERP,bid,63600,888.14
2024-08-25 21:15:04,BTCUSD_PERP,bid,63600,888.09
2024-08-25 21:16:17,BTCUSD_PERP,bid,63600,825.08
2024-08-25 21:16:17,BTCUSD_PERP,bid,63600,699.71
2024-08-25 21:16:17,BTCUSD_PERP,bid,63600,636.7
2024-08-25 21:16:17,BTCUSD_PERP,bid,63600,573.8
2024-08-25 21:16:17,BTCUSD_PERP,bid,63600,511.44
2024-08-25 21:16:18,BTCUSD_PERP,bid,63600,502.3
2024-08-25 21:16:18,BTCUSD_PERP,bid,63600,564.71
2024-08-25 21:16:18,BTCUSD_PERP,bid,63600,627.11
2024-08-25 21:16:19,BTCUSD_PERP,bid,63600,689.51
2024-08-25 21:16:44,BTCUSD_PERP,bid,63600,564.71
2024-08-25 21:16:44,BTCUSD_PERP,bid,63600,502.31
2024-08-25 21:16:45,BTCUSD_PERP,bid,63600,563.88
2024-08-25 21:16:45,BTCUSD_PERP,bid,63600,626.24
2024-08-25 21:16:45,BTCUSD_PERP,bid,63600,689.14
2024-08-25 21:16:45,BTCUSD_PERP,bid,63600,815.16
2024-08-25 21:16:46,BTCUSD_PERP,bid,63600,877.52
2024-08-25 21:16:46,BTCUSD_PERP,bid,63600,940.53
2024-08-25 21:16:46,BTCUSD_PERP,bid,63600,1002.9
2024-08-25 21:17:41,BTCUSD_PERP,bid,63600,499.93
2024-08-25 21:17:41,BTCUSD_PERP,bid,63600,562.9
2024-08-25 21:19:41,BTCUSD_PERP,bid,63600,815.9
2024-08-25 21:19:41,BTCUSD_PERP,bid,63600,878.91
2024-08-25 21:19:41,BTCUSD_PERP,bid,63600,941.27
2024-08-25 21:19:41,BTCUSD_PERP,bid,63600,1003.63
2024-08-25 21:19:42,BTCUSD_PERP,bid,63500,501.93
2024-08-25 21:31:29,BTCUSD_PERP,bid,63600,814.72
2024-08-25 21:32:01,BTCUSD_PERP,bid,63600,751.75
2024-08-25 21:32:01,BTCUSD_PERP,bid,63600,689.43
2024-08-25 21:32:02,BTCUSD_PERP,bid,63600,626.46
2024-08-25 21:32:02,BTCUSD_PERP,bid,63600,564.14
2024-08-25 21:32:03,BTCUSD_PERP,bid,63600,502.13
2024-08-25 21:32:03,BTCUSD_PERP,bid,63600,564.5
2024-08-25 21:32:17,BTCUSD_PERP,bid,63600,501.49
2024-08-25 21:32:18,BTCUSD_PERP,bid,63600,501.7
2024-08-25 21:32:20,BTCUSD_PERP,bid,63600,503.99
2024-08-25 21:32:22,BTCUSD_PERP,bid,63600,520.57
2024-08-25 21:34:21,BTCUSD_PERP,bid,63600,518.28
2024-08-25 21:34:23,BTCUSD_PERP,bid,63600,503.03
2024-08-25 21:34:23,BTCUSD_PERP,bid,63600,501.7
2024-08-25 21:37:08,BTCUSD_PERP,bid,63700,502.78
2024-08-25 21:37:08,BTCUSD_PERP,bid,63700,691.41
2024-08-25 21:37:08,BTCUSD_PERP,bid,63600,503.04
2024-08-25 21:37:08,BTCUSD_PERP,bid,63700,754.5
2024-08-25 21:37:08,BTCUSD_PERP,bid,63700,942.36
2024-08-25 21:37:08,BTCUSD_PERP,bid,63600,513.75
2024-08-25 21:37:08,BTCUSD_PERP,bid,63700,1004.8
2024-08-25 21:37:09,BTCUSD_PERP,bid,63600,561.02
2024-08-25 21:37:09,BTCUSD_PERP,bid,63700,1015.41
2024-08-25 21:37:09,BTCUSD_PERP,bid,63700,1077.85
2024-08-25 21:43:20,BTCUSD_PERP,ask,64900,471.61
2024-08-25 21:43:21,BTCUSD_PERP,ask,64900,481.98
2024-08-25 21:43:24,BTCUSD_PERP,ask,64900,492.35
2024-08-25 21:43:28,BTCUSD_PERP,ask,64900,498.83
2024-08-25 21:43:31,BTCUSD_PERP,ask,64900,520.23
2024-08-25 21:43:31,BTCUSD_PERP,ask,64900,530.61
2024-08-25 21:43:31,BTCUSD_PERP,ask,64900,537.09
2024-08-25 21:43:40,BTCUSD_PERP,ask,64900,547.47
2024-08-25 21:43:55,BTCUSD_PERP,ask,64900,558.17
2024-08-25 21:43:56,BTCUSD_PERP,ask,64900,568.54
2024-08-25 21:44:02,BTCUSD_PERP,ask,64900,578.92
2024-08-25 21:44:14,BTCUSD_PERP,ask,64900,568.54
2024-08-25 21:44:14,BTCUSD_PERP,ask,64900,562.06
2024-08-25 21:44:15,BTCUSD_PERP,ask,64900,555.58
2024-08-25 21:44:17,BTCUSD_PERP,ask,64900,545.21
2024-08-25 21:44:18,BTCUSD_PERP,ask,64900,534.84
2024-08-25 21:44:19,BTCUSD_PERP,ask,64900,524.47
2024-08-25 21:44:21,BTCUSD_PERP,ask,64900,514.42
2024-08-25 21:44:21,BTCUSD_PERP,ask,64900,504.05
2024-08-25 21:44:24,BTCUSD_PERP,ask,64900,493.68
2024-08-25 21:44:32,BTCUSD_PERP,ask,64900,483.3
2024-08-25 21:44:41,BTCUSD_PERP,ask,64900,472.92
2024-08-25 21:45:20,BTCUSD_PERP,ask,64900,468.36
2024-08-25 21:45:21,BTCUSD_PERP,ask,64900,478.42
2024-08-25 21:45:22,BTCUSD_PERP,ask,64900,488.8
2024-08-25 21:45:25,BTCUSD_PERP,ask,64900,499.18
2024-08-25 21:45:28,BTCUSD_PERP,ask,64900,509.89
2024-08-25 21:46:15,BTCUSD_PERP,ask,64900,493.02
2024-08-25 21:46:16,BTCUSD_PERP,ask,64900,486.53
2024-08-25 21:46:18,BTCUSD_PERP,ask,64900,476.15
2024-08-25 21:46:19,BTCUSD_PERP,ask,64900,465.77
2024-08-25 21:47:22,BTCUSD_PERP,bid,63600,498.0
2024-08-25 21:47:22,BTCUSD_PERP,bid,63700,951.78
2024-08-25 21:47:22,BTCUSD_PERP,bid,63700,825.6
2024-08-25 21:47:22,BTCUSD_PERP,bid,63600,502.34
2024-08-25 21:47:22,BTCUSD_PERP,bid,63600,550.04
2024-08-25 21:47:22,BTCUSD_PERP,bid,63600,941.1
2024-08-25 21:48:09,BTCUSD_PERP,bid,63500,549.69
2024-08-25 21:48:09,BTCUSD_PERP,bid,63600,1009.61
2024-08-25 21:48:10,BTCUSD_PERP,bid,63600,1071.99
2024-08-25 21:48:13,BTCUSD_PERP,bid,63600,1074.27
2024-08-25 21:49:00,BTCUSD_PERP,bid,63600,564.79
2024-08-25 21:49:01,BTCUSD_PERP,bid,63600,502.35
2024-08-25 21:49:33,BTCUSD_PERP,bid,63600,627.11
2024-08-25 21:49:33,BTCUSD_PERP,bid,63600,689.43
2024-08-25 21:49:50,BTCUSD_PERP,ask,64800,481.23
2024-08-25 21:49:52,BTCUSD_PERP,ask,64800,491.59
2024-08-25 21:50:44,BTCUSD_PERP,ask,64800,481.23
2024-08-25 21:50:53,BTCUSD_PERP,ask,64800,470.87
2024-08-25 21:55:55,BTCUSD_PERP,bid,63600,626.46
2024-08-25 21:55:55,BTCUSD_PERP,bid,63600,564.14
2024-08-25 21:55:55,BTCUSD_PERP,bid,63600,501.17
2024-08-25 21:55:56,BTCUSD_PERP,bid,63600,502.13
2024-08-25 21:55:56,BTCUSD_PERP,bid,63600,628.04
2024-08-25 21:55:56,BTCUSD_PERP,bid,63600,690.41
2024-08-25 21:55:56,BTCUSD_PERP,bid,63600,752.78
2024-08-25 21:55:56,BTCUSD_PERP,bid,63600,815.14
2024-08-25 22:01:09,BTCUSD_PERP,bid,63600,689.77
2024-08-25 22:01:10,BTCUSD_PERP,bid,63600,627.4
2024-08-25 22:01:10,BTCUSD_PERP,bid,63600,564.39
2024-08-25 22:01:10,BTCUSD_PERP,bid,63600,501.49
2024-08-25 22:01:11,BTCUSD_PERP,bid,63600,627.11
2024-08-25 22:01:11,BTCUSD_PERP,bid,63600,751.77
2024-08-25 22:01:11,BTCUSD_PERP,bid,63600,814.75
2024-08-25 22:01:17,BTCUSD_PERP,ask,64800,472.74
2024-08-25 22:01:24,BTCUSD_PERP,ask,64800,479.21
2024-08-25 22:02:15,BTCUSD_PERP,ask,64800,468.85
2024-08-25 22:05:00,BTCUSD_PERP,bid,63600,690.09
2024-08-25 22:05:00,BTCUSD_PERP,bid,63600,564.77
2024-08-25 22:05:00,BTCUSD_PERP,bid,63600,501.79
2024-08-25 22:13:47,BTCUSD_PERP,bid,63600,501.81
2024-08-25 22:13:47,BTCUSD_PERP,bid,63600,564.22
2024-08-25 22:13:47,BTCUSD_PERP,bid,63600,627.16
2024-08-25 22:13:48,BTCUSD_PERP,bid,63600,690.21
2024-08-25 22:13:48,BTCUSD_PERP,bid,63600,753.26
2024-08-25 22:14:39,BTCUSD_PERP,bid,63600,627.16
2024-08-25 22:14:39,BTCUSD_PERP,bid,63600,501.81
2024-08-25 22:14:39,BTCUSD_PERP,bid,63700,503.24
2024-08-25 22:14:39,BTCUSD_PERP,bid,63700,566.32
2024-08-25 22:14:40,BTCUSD_PERP,bid,63700,628.76
2024-08-25 22:14:40,BTCUSD_PERP,bid,63700,817.35
2024-08-25 22:14:40,BTCUSD_PERP,bid,63700,942.26
2024-08-25 22:14:40,BTCUSD_PERP,bid,63700,1067.77
2024-08-25 22:14:43,BTCUSD_PERP,bid,63700,1067.82
2024-08-25 22:14:47,BTCUSD_PERP,bid,63700,1067.87
2024-08-25 22:17:05,BTCUSD_PERP,bid,63700,628.26
2024-08-25 22:17:05,BTCUSD_PERP,bid,63600,941.22
2024-08-25 22:17:05,BTCUSD_PERP,bid,63600,1004.16
2024-08-25 22:17:05,BTCUSD_PERP,bid,63600,1067.21
2024-08-25 22:18:18,BTCUSD_PERP,bid,63600,1004.81
2024-08-25 22:18:18,BTCUSD_PERP,bid,63600,941.76
2024-08-25 22:18:18,BTCUSD_PERP,bid,63600,815.66
2024-08-25 22:18:18,BTCUSD_PERP,bid,63600,627.16
2024-08-25 22:18:18,BTCUSD_PERP,bid,63600,564.76
2024-08-25 22:18:19,BTCUSD_PERP,bid,63700,502.03
2024-08-25 22:18:19,BTCUSD_PERP,bid,63700,627.56
2024-08-25 22:18:19,BTCUSD_PERP,bid,63700,690.65
2024-08-25 22:28:13,BTCUSD_PERP,bid,63700,628.2
2024-08-25 22:28:13,BTCUSD_PERP,bid,63700,565.76
2024-08-25 22:28:13,BTCUSD_PERP,bid,63700,503.32
2024-08-25 22:28:15,BTCUSD_PERP,bid,63700,503.22
2024-08-25 22:28:39,BTCUSD_PERP,bid,63700,502.93
2024-08-25 22:28:40,BTCUSD_PERP,bid,63700,502.98
2024-08-25 22:28:47,BTCUSD_PERP,bid,63700,503.03
2024-08-25 22:30:12,BTCUSD_PERP,bid,63700,565.58
2024-08-25 22:33:09,BTCUSD_PERP,bid,63600,501.95
2024-08-25 22:34:18,BTCUSD_PERP,bid,63600,564.68
2024-08-25 22:46:09,BTCUSD_PERP,bid,63500,939.75
2024-08-25 22:46:09,BTCUSD_PERP,bid,63500,486.24
2024-08-25 22:46:09,BTCUSD_PERP,bid,63500,1002.71
2024-08-25 22:55:41,BTCUSD_PERP,bid,63500,689.86
2024-08-25 22:55:41,BTCUSD_PERP,bid,63600,940.2
2024-08-25 22:55:41,BTCUSD_PERP,bid,63500,486.54
2024-08-25 22:55:41,BTCUSD_PERP,bid,63600,1003.19
2024-08-25 23:00:32,BTCUSD_PERP,bid,63500,564.58
2024-08-25 23:00:32,BTCUSD_PERP,bid,63500,939.75
2024-08-25 23:00:32,BTCUSD_PERP,bid,63500,486.29
2024-08-25 23:00:32,BTCUSD_PERP,bid,63500,1002.71
2024-08-25 23:01:18,BTCUSD_PERP,bid,63500,626.25
2024-08-25 23:01:18,BTCUSD_PERP,bid,63500,500.98
2024-08-25 23:01:18,BTCUSD_PERP,bid,63600,501.97
2024-08-25 23:01:39,BTCUSD_PERP,bid,63600,513.52
2024-08-25 23:01:39,BTCUSD_PERP,bid,63600,576.54
2024-08-25 23:01:39,BTCUSD_PERP,bid,63600,638.92
2024-08-25 23:01:40,BTCUSD_PERP,bid,63600,701.31
2024-08-25 23:01:40,BTCUSD_PERP,bid,63600,764.33
2024-08-25 23:01:40,BTCUSD_PERP,bid,63600,827.35
2024-08-25 23:09:04,BTCUSD_PERP,bid,63600,690.94
2024-08-25 23:09:04,BTCUSD_PERP,bid,63600,753.93
2024-08-25 23:12:46,BTCUSD_PERP,bid,63600,690.94
2024-08-25 23:12:46,BTCUSD_PERP,bid,63500,690.61
2024-08-25 23:12:46,BTCUSD_PERP,bid,63500,753.57
2024-08-25 23:15:52,BTCUSD_PERP,bid,63500,627.65
2024-08-25 23:15:52,BTCUSD_PERP,bid,63500,501.73
2024-08-25 23:25:02,BTCUSD_PERP,bid,63500,627.65
2024-08-25 23:25:02,BTCUSD_PERP,bid,63500,753.57
