2024-09-02 07:12:00,BTCUSDT,bid,47000,886.071
2024-09-02 07:22:11,BTCUSDT,bid,47000,886.065
2024-09-02 07:24:32,BTCUSDT,bid,57400,1001.704
2024-09-02 07:24:39,BTCUSDT,bid,57400,1001.735
2024-09-02 07:24:45,BTCUSDT,bid,57400,1001.735
2024-09-02 07:24:46,BTCUSDT,bid,57400,1001.74
2024-09-02 07:24:47,BTCUSDT,bid,57400,1001.742
2024-09-02 07:24:48,BTCUSDT,bid,57400,1001.538
2024-09-02 07:24:53,BTCUSDT,bid,57400,1001.712
2024-09-02 07:24:54,BTCUSDT,bid,57400,1001.916
2024-09-02 07:24:54,BTCUSDT,bid,57400,1001.969
2024-09-02 07:24:55,BTCUSDT,bid,57400,1002.471
2024-09-02 07:24:56,BTCUSDT,bid,57400,1001.969
2024-09-02 07:24:58,BTCUSDT,bid,57400,1001.967
2024-09-02 07:25:29,BTCUSDT,bid,57300,1000.872
2024-09-02 07:25:32,BTCUSDT,bid,57300,1000.959
2024-09-02 07:25:34,BTCUSDT,bid,57300,1001.074
2024-09-02 07:25:35,BTCUSDT,bid,57300,1000.959
2024-09-02 07:27:35,BTCUSDT,bid,57400,1003.656
2024-09-02 07:27:41,BTCUSDT,bid,57400,1003.603
2024-09-02 07:27:45,BTCUSDT,bid,57400,1004.58
2024-09-02 07:27:48,BTCUSDT,bid,57400,1504.58
2024-09-02 07:27:53,BTCUSDT,bid,57400,1504.618
2024-09-02 07:28:02,BTCUSDT,bid,57400,1004.618
2024-09-02 07:28:21,BTCUSDT,bid,57400,1005.564
2024-09-02 07:28:21,BTCUSDT,bid,57400,1006.569
2024-09-02 07:28:21,BTCUSDT,bid,57400,1006.588
2024-09-02 07:28:27,BTCUSDT,bid,57400,1005.489
2024-09-02 07:28:29,BTCUSDT,bid,47000,885.992
2024-09-02 07:28:30,BTCUSDT,bid,57400,1006.123
2024-09-02 07:28:36,BTCUSDT,bid,57400,1006.125
2024-09-02 07:28:42,BTCUSDT,bid,57400,1006.562
2024-09-02 07:28:44,BTCUSDT,bid,57400,1006.342
2024-09-02 07:28:44,BTCUSDT,bid,57400,1006.263
2024-09-02 07:28:44,BTCUSDT,bid,57400,1006.418
2024-09-02 07:28:47,BTCUSDT,bid,57400,1006.464
2024-09-02 07:28:49,BTCUSDT,bid,57400,1006.681
2024-09-02 07:28:49,BTCUSDT,bid,57400,1006.901
2024-09-02 07:28:49,BTCUSDT,bid,57400,1006.681
2024-09-02 07:28:51,BTCUSDT,bid,57400,1006.901
2024-09-02 07:28:53,BTCUSDT,bid,57400,1006.681
2024-09-02 07:28:53,BTCUSDT,bid,57400,1006.901
2024-09-02 07:29:36,BTCUSDT,bid,57400,1000.441
2024-09-02 07:29:37,BTCUSDT,bid,57400,1000.255
2024-09-02 07:29:38,BTCUSDT,bid,57400,1000.321
2024-09-02 07:29:40,BTCUSDT,bid,57400,1000.321
2024-09-02 07:29:41,BTCUSDT,bid,57400,1000.145
2024-09-02 07:29:43,BTCUSDT,bid,57400,1000.176
2024-09-02 07:29:44,BTCUSDT,bid,57400,1000.226
2024-09-02 07:29:44,BTCUSDT,bid,57400,1000.231
2024-09-02 07:29:47,BTCUSDT,bid,57400,1000.249
2024-09-02 07:29:52,BTCUSDT,bid,57400,1800.249
2024-09-02 07:29:54,BTCUSDT,bid,57400,1800.256
2024-09-02 07:29:56,BTCUSDT,bid,57400,1800.256
2024-09-02 07:30:01,BTCUSDT,bid,57400,1800.206
2024-09-02 07:30:02,BTCUSDT,bid,57400,1800.208
2024-09-02 07:30:02,BTCUSDT,bid,57400,1800.203
2024-09-02 07:30:03,BTCUSDT,bid,57400,1000.203
2024-09-02 07:30:18,BTCUSDT,bid,57400,1000.201
2024-09-02 07:30:24,BTCUSDT,bid,57400,1000.201
2024-09-02 07:30:27,BTCUSDT,bid,57400,1000.241
2024-09-02 07:30:27,BTCUSDT,bid,57400,1000.201
2024-09-02 07:30:30,BTCUSDT,bid,57400,1000.291
2024-09-02 07:31:36,BTCUSDT,bid,57400,1000.007
2024-09-02 07:31:40,BTCUSDT,bid,57400,1000.002
2024-09-02 07:31:45,BTCUSDT,bid,57400,1000.093
2024-09-02 07:31:48,BTCUSDT,bid,57400,1000.093
2024-09-02 07:32:06,BTCUSDT,bid,57400,1003.326
2024-09-02 07:32:08,BTCUSDT,bid,57400,1003.324
2024-09-02 07:32:11,BTCUSDT,bid,57400,1003.424
2024-09-02 07:32:11,BTCUSDT,bid,57400,1003.426
2024-09-02 07:32:11,BTCUSDT,bid,57400,1003.424
2024-09-02 07:32:11,BTCUSDT,bid,47000,886.044
2024-09-02 07:32:12,BTCUSDT,bid,57400,1003.426
2024-09-02 07:32:13,BTCUSDT,bid,57400,1003.428
2024-09-02 07:32:18,BTCUSDT,bid,57400,1003.426
2024-09-02 07:32:18,BTCUSDT,bid,57400,1003.643
2024-09-02 07:32:21,BTCUSDT,bid,57400,1001.169
2024-09-02 07:32:21,BTCUSDT,bid,57400,1001.268
2024-09-02 07:32:26,BTCUSDT,bid,57400,1003.426
2024-09-02 07:32:27,BTCUSDT,bid,57400,1001.278
2024-09-02 07:32:28,BTCUSDT,bid,57400,1003.436
2024-09-02 07:32:28,BTCUSDT,bid,57400,1003.438
2024-09-02 07:32:29,BTCUSDT,bid,57400,1001.268
2024-09-02 07:32:30,BTCUSDT,bid,57400,1003.436
2024-09-02 07:32:35,BTCUSDT,ask,57800,519.22
2024-09-02 07:33:04,BTCUSDT,ask,57800,519.199
2024-09-02 07:33:35,BTCUSDT,ask,57800,519.386
2024-09-02 07:33:45,BTCUSDT,ask,57800,519.384
2024-09-02 07:33:50,BTCUSDT,ask,57800,519.564
2024-09-02 07:33:52,BTCUSDT,ask,57800,519.494
2024-09-02 07:33:54,BTCUSDT,ask,57800,519.515
2024-09-02 07:33:55,BTCUSDT,ask,57800,519.636
2024-09-02 07:33:58,BTCUSDT,ask,57800,519.873
2024-09-02 07:34:03,BTCUSDT,ask,57800,519.816
2024-09-02 07:34:10,BTCUSDT,ask,57800,519.825
2024-09-02 07:34:18,BTCUSDT,ask,57800,519.827
2024-09-02 07:34:19,BTCUSDT,ask,57800,519.853
2024-09-02 07:34:26,BTCUSDT,ask,57800,519.861
2024-09-02 07:34:37,BTCUSDT,ask,57800,519.869
2024-09-02 07:34:44,BTCUSDT,ask,57800,519.875
2024-09-02 07:34:45,BTCUSDT,ask,57800,519.877
2024-09-02 07:35:08,BTCUSDT,ask,57800,519.855
2024-09-02 07:35:19,BTCUSDT,ask,57800,520.865
2024-09-02 07:35:23,BTCUSDT,ask,57800,521.558
2024-09-02 07:35:34,BTCUSDT,ask,57800,521.56
2024-09-02 07:35:34,BTCUSDT,ask,57800,521.558
2024-09-02 07:35:37,BTCUSDT,ask,57800,521.575
2024-09-02 07:35:51,BTCUSDT,ask,57800,521.605
2024-09-02 07:35:58,BTCUSDT,bid,57400,1001.074
2024-09-02 07:35:58,BTCUSDT,ask,57800,521.484
2024-09-02 07:36:04,BTCUSDT,ask,57800,521.496
2024-09-02 07:36:08,BTCUSDT,ask,57800,521.501
2024-09-02 07:36:08,BTCUSDT,bid,57400,1001.15
2024-09-02 07:36:11,BTCUSDT,ask,57800,520.808
2024-09-02 07:36:18,BTCUSDT,ask,57800,520.771
2024-09-02 07:36:21,BTCUSDT,bid,57400,1000.978
2024-09-02 07:36:21,BTCUSDT,bid,57400,1001.063
2024-09-02 07:36:22,BTCUSDT,bid,57500,1005.609
2024-09-02 07:36:22,BTCUSDT,bid,57400,1000.978
2024-09-02 07:36:23,BTCUSDT,bid,57400,1001.106
2024-09-02 07:36:32,BTCUSDT,ask,57800,520.79
2024-09-02 07:36:34,BTCUSDT,ask,57800,520.802
2024-09-02 07:36:35,BTCUSDT,ask,57800,520.804
2024-09-02 07:36:36,BTCUSDT,ask,57800,520.824
2024-09-02 07:36:37,BTCUSDT,ask,57800,520.812
2024-09-02 07:36:48,BTCUSDT,ask,57800,520.632
2024-09-02 07:36:50,BTCUSDT,ask,57800,520.716
2024-09-02 07:36:55,BTCUSDT,bid,57500,1000.002
2024-09-02 07:36:56,BTCUSDT,bid,57500,1000.057
2024-09-02 07:37:00,BTCUSDT,bid,57500,1000.06
2024-09-02 07:37:01,BTCUSDT,bid,57500,1000.08
2024-09-02 07:37:02,BTCUSDT,bid,57500,1000.077
2024-09-02 07:37:05,BTCUSDT,bid,57500,1000.067
2024-09-02 07:37:07,BTCUSDT,bid,57500,1000.057
2024-09-02 07:37:08,BTCUSDT,bid,57500,1000.074
2024-09-02 07:37:09,BTCUSDT,bid,57500,1000.01
2024-09-02 07:37:11,BTCUSDT,bid,57500,1000.015
2024-09-02 07:37:12,BTCUSDT,bid,57500,1000.018
2024-09-02 07:37:24,BTCUSDT,ask,57800,520.887
2024-09-02 07:37:27,BTCUSDT,ask,57800,520.889
2024-09-02 07:37:45,BTCUSDT,ask,57800,520.889
2024-09-02 07:37:50,BTCUSDT,bid,57500,1011.684
2024-09-02 07:37:51,BTCUSDT,ask,57800,520.893
2024-09-02 07:37:53,BTCUSDT,bid,57500,1011.823
2024-09-02 07:37:53,BTCUSDT,bid,57500,1011.821
2024-09-02 07:37:54,BTCUSDT,bid,57500,1011.768
2024-09-02 07:37:54,BTCUSDT,bid,57500,1011.803
2024-09-02 07:38:02,BTCUSDT,bid,57500,1011.72
2024-09-02 07:38:03,BTCUSDT,bid,57500,1012.634
2024-09-02 07:38:05,BTCUSDT,bid,57500,1012.693
2024-09-02 07:38:05,BTCUSDT,bid,57500,1000.042
2024-09-02 07:38:06,BTCUSDT,bid,57500,1000.002
2024-09-02 07:38:07,BTCUSDT,bid,57500,1011.808
2024-09-02 07:38:10,BTCUSDT,ask,57800,521.21
2024-09-02 07:38:11,BTCUSDT,bid,57500,1011.806
2024-09-02 07:38:17,BTCUSDT,ask,57800,521.193
2024-09-02 07:38:23,BTCUSDT,ask,57800,521.598
2024-09-02 07:38:24,BTCUSDT,ask,57800,521.707
2024-09-02 07:38:40,BTCUSDT,ask,57800,521.351
2024-09-02 07:38:40,BTCUSDT,ask,57800,521.349
2024-09-02 07:38:44,BTCUSDT,ask,57800,521.115
2024-09-02 07:38:51,BTCUSDT,ask,57800,521.115
2024-09-02 07:39:18,BTCUSDT,ask,57800,522.343
2024-09-02 07:39:43,BTCUSDT,ask,57800,522.347
2024-09-02 07:40:18,BTCUSDT,ask,57800,522.349
2024-09-02 07:40:19,BTCUSDT,ask,57800,522.354
2024-09-02 07:40:29,BTCUSDT,ask,57800,522.357
2024-09-02 07:41:14,BTCUSDT,ask,57800,522.362
2024-09-02 07:41:36,BTCUSDT,ask,57800,522.351
2024-09-02 07:41:45,BTCUSDT,ask,57800,522.237
2024-09-02 07:41:59,BTCUSDT,ask,57800,522.233
2024-09-02 07:42:00,BTCUSDT,ask,57800,522.214
2024-09-02 07:42:13,BTCUSDT,ask,57800,523.214
2024-09-02 07:48:58,BTCUSDT,bid,47300,806.896
2024-09-02 07:49:03,BTCUSDT,bid,47000,886.047
2024-09-02 07:49:19,BTCUSDT,bid,47000,885.208
2024-09-02 07:49:27,BTCUSDT,bid,47000,885.508
2024-09-02 07:53:30,BTCUSDT,bid,57100,1000.718
2024-09-02 07:53:30,BTCUSDT,bid,57100,1000.709
2024-09-02 07:53:30,BTCUSDT,bid,57100,1000.7
2024-09-02 07:53:31,BTCUSDT,bid,57100,1000.706
2024-09-02 07:53:32,BTCUSDT,bid,57100,1000.698
2024-09-02 07:53:35,BTCUSDT,bid,57100,1000.701
2024-09-02 07:53:35,BTCUSDT,bid,57100,1000.706
2024-09-02 07:53:37,BTCUSDT,bid,47000,885.505
2024-09-02 07:53:39,BTCUSDT,bid,57100,1000.71
2024-09-02 07:53:39,BTCUSDT,bid,57100,1000.712
2024-09-02 07:53:42,BTCUSDT,bid,57100,1000.714
2024-09-02 07:53:45,BTCUSDT,bid,57100,1000.521
2024-09-02 07:53:46,BTCUSDT,bid,57100,1001.004
2024-09-02 07:53:46,BTCUSDT,bid,57100,1001.254
2024-09-02 07:53:47,BTCUSDT,bid,57100,1001.25
2024-09-02 07:53:48,BTCUSDT,bid,57100,1001.334
2024-09-02 07:53:48,BTCUSDT,bid,57100,1001.336
2024-09-02 07:53:50,BTCUSDT,bid,57100,1001.407
2024-09-02 07:53:51,BTCUSDT,bid,57100,1001.405
2024-09-02 07:53:52,BTCUSDT,bid,57100,1001.407
2024-09-02 07:53:56,BTCUSDT,bid,57100,1001.907
2024-09-02 07:53:57,BTCUSDT,bid,57100,1001.905
2024-09-02 07:54:16,BTCUSDT,bid,57200,1002.358
2024-09-02 07:54:19,BTCUSDT,bid,57200,1002.36
2024-09-02 07:54:23,BTCUSDT,bid,57200,1002.36
2024-09-02 07:54:23,BTCUSDT,bid,57200,1012.849
2024-09-02 07:54:23,BTCUSDT,bid,57200,1012.857
2024-09-02 07:54:25,BTCUSDT,bid,57200,1012.862
2024-09-02 07:54:25,BTCUSDT,bid,57200,1013.961
2024-09-02 07:54:48,BTCUSDT,bid,57200,1000.834
2024-09-02 07:54:48,BTCUSDT,bid,57200,1001.074
2024-09-02 07:54:49,BTCUSDT,bid,57200,1000.834
2024-09-02 07:54:51,BTCUSDT,bid,57200,1000.93
2024-09-02 07:54:55,BTCUSDT,bid,57200,1000.849
2024-09-02 07:54:56,BTCUSDT,bid,57200,1000.708
2024-09-02 07:54:59,BTCUSDT,bid,57200,1000.659
2024-09-02 07:55:04,BTCUSDT,bid,57200,1000.659
2024-09-02 07:58:41,BTCUSDT,bid,47000,882.466
2024-09-02 08:06:07,BTCUSDT,bid,47300,806.796
2024-09-02 08:08:21,BTCUSDT,bid,47000,882.473
2024-09-02 08:08:29,BTCUSDT,bid,47300,806.696
2024-09-02 08:12:25,BTCUSDT,bid,47000,882.579
2024-09-02 08:13:14,BTCUSDT,bid,47300,806.749
2024-09-02 08:19:00,BTCUSDT,bid,57400,1000.888
2024-09-02 08:19:03,BTCUSDT,bid,57400,1000.89
2024-09-02 08:19:06,BTCUSDT,bid,57400,1000.901
2024-09-02 08:19:07,BTCUSDT,bid,57400,1000.942
2024-09-02 08:19:12,BTCUSDT,bid,57400,970.047
2024-09-02 08:19:12,BTCUSDT,bid,57400,970.17
2024-09-02 08:19:12,BTCUSDT,bid,57400,1001.058
2024-09-02 08:19:12,BTCUSDT,bid,57400,970.134
2024-09-02 08:19:13,BTCUSDT,bid,57400,970.136
2024-09-02 08:19:13,BTCUSDT,bid,57400,1001.258
2024-09-02 08:19:13,BTCUSDT,bid,57400,970.138
2024-09-02 08:20:47,BTCUSDT,bid,55100,591.857
2024-09-02 08:22:04,BTCUSDT,bid,57500,1000.412
2024-09-02 08:22:04,BTCUSDT,bid,57500,1000.412
2024-09-02 08:22:06,BTCUSDT,bid,57500,1000.455
2024-09-02 08:22:07,BTCUSDT,bid,57500,1000.453
2024-09-02 08:22:13,BTCUSDT,bid,57500,1000.653
2024-09-02 08:22:13,BTCUSDT,bid,57500,1000.693
2024-09-02 08:22:14,BTCUSDT,bid,57500,1000.653
2024-09-02 08:22:17,BTCUSDT,bid,57500,2000.306
2024-09-02 08:22:23,BTCUSDT,bid,57500,2000.363
2024-09-02 08:22:23,BTCUSDT,bid,57500,2000.346
2024-09-02 08:22:23,BTCUSDT,bid,57500,2000.806
2024-09-02 08:22:24,BTCUSDT,bid,57500,2000.306
2024-09-02 08:22:24,BTCUSDT,bid,57500,2001.379
2024-09-02 08:22:25,BTCUSDT,bid,57500,2000.306
2024-09-02 08:22:46,BTCUSDT,bid,57400,1000.133
2024-09-02 08:22:58,BTCUSDT,bid,57400,1000.157
2024-09-02 08:23:01,BTCUSDT,bid,57400,1000.144
2024-09-02 08:23:05,BTCUSDT,bid,57400,1000.197
2024-09-02 08:23:14,BTCUSDT,bid,57400,1000.237
2024-09-02 08:23:14,BTCUSDT,bid,57400,1000.197
2024-09-02 08:23:46,BTCUSDT,bid,55100,591.957
2024-09-02 08:26:23,BTCUSDT,bid,55100,592.002
2024-09-02 08:27:35,BTCUSDT,bid,57300,1000.841
2024-09-02 08:27:35,BTCUSDT,bid,57300,1002.066
2024-09-02 08:27:38,BTCUSDT,bid,57300,1002.073
2024-09-02 08:27:41,BTCUSDT,bid,57300,1002.076
2024-09-02 08:27:42,BTCUSDT,bid,57300,1000.851
2024-09-02 08:27:43,BTCUSDT,bid,57300,1000.853
2024-09-02 08:27:45,BTCUSDT,bid,57300,1000.82
2024-09-02 08:27:45,BTCUSDT,bid,57300,1001.31
2024-09-02 08:27:46,BTCUSDT,bid,57300,1001.232
2024-09-02 08:27:47,BTCUSDT,bid,57300,1001.482
2024-09-02 08:27:47,BTCUSDT,bid,57300,1001.403
2024-09-02 08:27:50,BTCUSDT,bid,57300,1000.624
2024-09-02 08:27:51,BTCUSDT,bid,57300,1000.607
2024-09-02 08:27:55,BTCUSDT,bid,57300,1001.405
2024-09-02 08:28:02,BTCUSDT,bid,57300,1001.407
2024-09-02 08:28:02,BTCUSDT,bid,57300,1001.414
2024-09-02 08:28:07,BTCUSDT,bid,57300,1000.613
2024-09-02 08:28:08,BTCUSDT,bid,57300,1000.96
2024-09-02 08:28:10,BTCUSDT,bid,57300,1001.412
2024-09-02 08:28:10,BTCUSDT,bid,57300,1000.613
2024-09-02 08:28:11,BTCUSDT,bid,57300,1000.607
2024-09-02 08:28:12,BTCUSDT,bid,57300,1001.414
2024-09-02 08:28:18,BTCUSDT,bid,57300,1000.613
2024-09-02 08:28:32,BTCUSDT,bid,57300,1001.423
2024-09-02 08:28:32,BTCUSDT,bid,57300,1000.607
2024-09-02 08:28:34,BTCUSDT,bid,57300,1001.414
2024-09-02 08:28:41,BTCUSDT,bid,55100,592.011
2024-09-02 08:30:32,BTCUSDT,bid,55100,592.091
2024-09-02 08:30:56,BTCUSDT,bid,57400,1000.006
2024-09-02 08:31:03,BTCUSDT,bid,57400,1000.006
2024-09-02 08:31:04,BTCUSDT,bid,57400,1000.872
2024-09-02 08:31:09,BTCUSDT,bid,57400,1000.008
2024-09-02 08:31:09,BTCUSDT,bid,57400,1000.016
2024-09-02 08:31:10,BTCUSDT,bid,57400,1000.008
2024-09-02 08:31:11,BTCUSDT,bid,57400,1000.158
2024-09-02 08:31:11,BTCUSDT,bid,57400,1000.008
2024-09-02 08:31:12,BTCUSDT,bid,57400,1000.012
2024-09-02 08:31:15,BTCUSDT,bid,57400,1000.022
2024-09-02 08:31:17,BTCUSDT,bid,57400,1000.077
2024-09-02 08:31:17,BTCUSDT,bid,57400,1000.074
2024-09-02 08:31:17,BTCUSDT,bid,57400,1000.004
2024-09-02 08:31:19,BTCUSDT,bid,57400,1000.016
2024-09-02 08:31:20,BTCUSDT,bid,57400,1000.017
2024-09-02 08:31:42,BTCUSDT,bid,47000,882.599
2024-09-02 08:35:19,BTCUSDT,bid,47300,806.752
2024-09-02 08:35:22,BTCUSDT,bid,55100,592.13
2024-09-02 08:35:55,BTCUSDT,bid,47300,806.749
2024-09-02 08:37:12,BTCUSDT,ask,57400,1000.441
2024-09-02 08:37:26,BTCUSDT,bid,47000,882.552
2024-09-02 08:37:32,BTCUSDT,ask,57400,1000.954
2024-09-02 08:37:40,BTCUSDT,ask,57400,1000.517
2024-09-02 08:37:42,BTCUSDT,ask,57300,1000.019
2024-09-02 08:37:42,BTCUSDT,ask,57300,1000.074
2024-09-02 08:39:17,BTCUSDT,ask,57300,1000.259
2024-09-02 08:39:17,BTCUSDT,ask,57300,1000.055
2024-09-02 08:39:40,BTCUSDT,ask,57400,1000.677
2024-09-02 08:39:41,BTCUSDT,ask,57400,1000.881
2024-09-02 08:39:42,BTCUSDT,ask,57400,1000.921
2024-09-02 08:39:47,BTCUSDT,bid,47000,882.567
2024-09-02 08:40:11,BTCUSDT,bid,57300,1004.803
2024-09-02 08:40:15,BTCUSDT,bid,55100,592.127
2024-09-02 08:40:18,BTCUSDT,bid,57300,1005.854
2024-09-02 08:40:21,BTCUSDT,bid,57300,1005.829
2024-09-02 08:40:21,BTCUSDT,bid,57300,1000.046
2024-09-02 08:40:22,BTCUSDT,bid,57300,1005.832
2024-09-02 08:40:22,BTCUSDT,bid,57300,1000.046
2024-09-02 08:40:22,BTCUSDT,bid,57300,1000.058
2024-09-02 08:40:23,BTCUSDT,bid,57300,1000.018
2024-09-02 08:40:24,BTCUSDT,bid,57300,1004.775
2024-09-02 08:40:27,BTCUSDT,bid,57300,1000.02
2024-09-02 08:40:39,BTCUSDT,bid,57300,1004.985
2024-09-02 08:40:41,BTCUSDT,bid,57300,1004.988
2024-09-02 08:40:42,BTCUSDT,bid,57300,1000.02
2024-09-02 08:41:13,BTCUSDT,bid,57300,1005.688
2024-09-02 08:41:14,BTCUSDT,bid,57300,1006.504
2024-09-02 08:41:16,BTCUSDT,bid,57300,1006.341
2024-09-02 08:41:17,BTCUSDT,bid,57300,1006.401
2024-09-02 08:41:18,BTCUSDT,bid,57300,1006.341
2024-09-02 08:41:18,BTCUSDT,bid,57300,1006.381
2024-09-02 08:41:18,BTCUSDT,bid,57300,1006.341
2024-09-02 08:41:20,BTCUSDT,bid,57300,1006.349
2024-09-02 08:41:21,BTCUSDT,bid,57300,1006.341
2024-09-02 08:41:22,BTCUSDT,bid,57300,1006.461
2024-09-02 08:41:23,BTCUSDT,bid,57300,1005.688
2024-09-02 08:41:24,BTCUSDT,bid,57300,1005.035
2024-09-02 08:41:55,BTCUSDT,bid,57300,1005.05
2024-09-02 08:41:58,BTCUSDT,bid,57300,1005.045
2024-09-02 08:43:07,BTCUSDT,bid,55100,592.062
2024-09-02 08:43:09,BTCUSDT,bid,57200,1012.874
2024-09-02 08:43:47,BTCUSDT,bid,57200,1015.955
2024-09-02 08:43:50,BTCUSDT,bid,57200,1015.94
2024-09-02 08:43:58,BTCUSDT,bid,57200,1015.942
2024-09-02 08:46:00,BTCUSDT,bid,55100,592.072
2024-09-02 08:46:08,BTCUSDT,bid,55100,592.062
2024-09-02 08:46:30,BTCUSDT,bid,55100,592.072
2024-09-02 08:47:45,BTCUSDT,bid,57300,1000.076
2024-09-02 08:47:48,BTCUSDT,bid,57300,1003.444
2024-09-02 08:47:52,BTCUSDT,bid,57300,1003.448
2024-09-02 08:48:01,BTCUSDT,bid,57300,1003.444
2024-09-02 08:48:08,BTCUSDT,bid,57300,1003.432
2024-09-02 08:48:19,BTCUSDT,bid,47000,882.609
2024-09-02 08:50:08,BTCUSDT,bid,55100,592.063
2024-09-02 08:52:42,BTCUSDT,bid,55100,591.927
2024-09-02 08:53:23,BTCUSDT,bid,55100,591.933
2024-09-02 08:56:19,BTCUSDT,bid,47000,882.63
2024-09-02 09:03:06,BTCUSDT,bid,47000,882.625
2024-09-02 09:08:29,BTCUSDT,bid,55100,591.917
2024-09-02 09:09:46,BTCUSDT,ask,57500,650.247
2024-09-02 09:09:46,BTCUSDT,ask,57500,637.087
2024-09-02 09:09:46,BTCUSDT,ask,57500,635.014
2024-09-02 09:09:46,BTCUSDT,ask,57500,633.781
2024-09-02 09:09:47,BTCUSDT,ask,57500,633.483
2024-09-02 09:09:47,BTCUSDT,ask,57500,633.211
2024-09-02 09:09:47,BTCUSDT,ask,57500,633.126
2024-09-02 09:09:47,BTCUSDT,ask,57500,633.136
2024-09-02 09:09:48,BTCUSDT,ask,57500,633.138
2024-09-02 09:09:59,BTCUSDT,ask,57500,699.622
2024-09-02 09:10:00,BTCUSDT,ask,57500,699.562
2024-09-02 09:10:12,BTCUSDT,ask,57500,602.761
2024-09-02 09:10:12,BTCUSDT,ask,57500,585.675
2024-09-02 09:10:12,BTCUSDT,ask,57500,584.852
2024-09-02 09:10:12,BTCUSDT,ask,57500,583.98
2024-09-02 09:10:12,BTCUSDT,ask,57500,583.265
2024-09-02 09:10:12,BTCUSDT,ask,57500,583.18
2024-09-02 09:15:41,BTCUSDT,bid,57400,1002.51
2024-09-02 09:15:43,BTCUSDT,bid,57400,1002.524
2024-09-02 09:15:43,BTCUSDT,bid,57400,1002.527
2024-09-02 09:15:45,BTCUSDT,bid,57400,1002.524
2024-09-02 09:15:45,BTCUSDT,bid,57400,1002.491
2024-09-02 09:15:46,BTCUSDT,bid,57500,1006.038
2024-09-02 09:15:47,BTCUSDT,bid,57500,1005.891
2024-09-02 09:15:47,BTCUSDT,bid,57500,1005.839
2024-09-02 09:15:47,BTCUSDT,bid,57500,1005.889
2024-09-02 09:15:50,BTCUSDT,bid,57500,1005.895
2024-09-02 09:15:52,BTCUSDT,bid,57400,1002.489
2024-09-02 09:15:55,BTCUSDT,bid,57400,1002.332
2024-09-02 09:15:57,BTCUSDT,bid,57400,1002.334
2024-09-02 09:16:00,BTCUSDT,bid,57400,1002.438
2024-09-02 09:16:49,BTCUSDT,bid,47000,882.632
2024-09-02 09:17:21,BTCUSDT,bid,57500,1000.565
2024-09-02 09:17:21,BTCUSDT,bid,57500,1000.687
2024-09-02 09:17:29,BTCUSDT,bid,57500,1000.691
2024-09-02 09:17:29,BTCUSDT,bid,57500,1035.556
2024-09-02 09:17:29,BTCUSDT,bid,57500,1035.556
2024-09-02 09:17:29,BTCUSDT,bid,57500,1000.691
2024-09-02 09:17:30,BTCUSDT,bid,57500,1035.556
2024-09-02 09:17:30,BTCUSDT,bid,57500,1000.691
2024-09-02 09:17:30,BTCUSDT,bid,57500,1035.556
2024-09-02 09:17:30,BTCUSDT,bid,57500,1000.691
2024-09-02 09:17:32,BTCUSDT,bid,57600,1003.875
2024-09-02 09:17:33,BTCUSDT,bid,57600,1001.262
2024-09-02 09:17:34,BTCUSDT,bid,57600,1001.272
2024-09-02 09:17:35,BTCUSDT,bid,57600,1001.525
2024-09-02 09:17:35,BTCUSDT,bid,57600,1000.474
2024-09-02 09:17:37,BTCUSDT,bid,57500,1002.664
2024-09-02 09:17:37,BTCUSDT,bid,57500,1000.7
2024-09-02 09:18:11,BTCUSDT,bid,55100,591.907
2024-09-02 09:18:50,BTCUSDT,bid,47000,882.625
2024-09-02 09:19:36,BTCUSDT,bid,47000,880.625
2024-09-02 09:20:00,BTCUSDT,bid,57600,1002.145
2024-09-02 09:20:01,BTCUSDT,bid,57600,1002.162
2024-09-02 09:20:02,BTCUSDT,bid,57600,1002.145
2024-09-02 09:20:03,BTCUSDT,bid,57600,1001.942
2024-09-02 09:20:03,BTCUSDT,bid,57600,1000.442
2024-09-02 09:20:06,BTCUSDT,bid,57600,1000.511
2024-09-02 09:20:11,BTCUSDT,bid,57600,1000.328
2024-09-02 09:20:11,BTCUSDT,bid,57600,1000.01
2024-09-02 09:20:17,BTCUSDT,bid,57600,1000.33
2024-09-02 09:20:19,BTCUSDT,bid,57600,1000.33
2024-09-02 09:20:19,BTCUSDT,bid,57600,1000.005
2024-09-02 09:20:21,BTCUSDT,bid,57600,1000.53
2024-09-02 09:20:22,BTCUSDT,bid,57600,1000.733
2024-09-02 09:20:23,BTCUSDT,bid,57600,1000.004
2024-09-02 09:20:35,BTCUSDT,bid,57600,1000.266
2024-09-02 09:20:36,BTCUSDT,bid,57600,1000.787
2024-09-02 09:20:38,BTCUSDT,bid,57600,1000.805
2024-09-02 09:20:39,BTCUSDT,bid,57600,1000.805
2024-09-02 09:20:40,BTCUSDT,bid,57600,1000.605
2024-09-02 09:20:40,BTCUSDT,bid,57600,1000.805
2024-09-02 09:20:40,BTCUSDT,bid,57600,1000.805
2024-09-02 09:20:42,BTCUSDT,bid,57600,1000.602
2024-09-02 09:20:42,BTCUSDT,bid,57600,1000.642
2024-09-02 09:20:43,BTCUSDT,bid,57600,1000.602
2024-09-02 09:20:44,BTCUSDT,bid,57600,1000.61
2024-09-02 09:20:44,BTCUSDT,bid,57600,1000.615
2024-09-02 09:20:45,BTCUSDT,bid,57600,1000.415
2024-09-02 09:20:46,BTCUSDT,bid,57600,1000.618
2024-09-02 09:20:46,BTCUSDT,bid,57600,1000.415
2024-09-02 09:20:47,BTCUSDT,bid,57600,1000.485
2024-09-02 09:20:49,BTCUSDT,bid,57600,1000.888
2024-09-02 09:20:49,BTCUSDT,bid,57600,1000.919
2024-09-02 09:20:49,BTCUSDT,bid,57600,1000.951
2024-09-02 09:20:50,BTCUSDT,bid,57600,1000.951
2024-09-02 09:21:00,BTCUSDT,bid,57600,1000.734
2024-09-02 09:21:00,BTCUSDT,bid,57600,1001.789
2024-09-02 09:21:01,BTCUSDT,bid,57600,1001.573
2024-09-02 09:21:01,BTCUSDT,bid,57600,780.783
2024-09-02 09:21:02,BTCUSDT,bid,57600,778.89
2024-09-02 09:21:12,BTCUSDT,bid,57500,1001.137
2024-09-02 09:21:12,BTCUSDT,bid,57500,1000.606
2024-09-02 09:21:17,BTCUSDT,bid,57500,1000.623
2024-09-02 09:21:34,BTCUSDT,bid,57500,2000.634
2024-09-02 09:21:35,BTCUSDT,bid,57500,2000.544
2024-09-02 09:21:36,BTCUSDT,bid,57500,2000.597
2024-09-02 09:21:37,BTCUSDT,bid,57500,2000.606
2024-09-02 09:21:43,BTCUSDT,bid,57500,2000.608
2024-09-02 09:21:49,BTCUSDT,bid,57500,2000.648
2024-09-02 09:21:53,BTCUSDT,bid,57500,2000.608
2024-09-02 09:21:54,BTCUSDT,bid,57500,1000.608
2024-09-02 09:22:14,BTCUSDT,bid,57500,1000.54
2024-09-02 09:22:16,BTCUSDT,bid,57500,1000.593
2024-09-02 09:22:29,BTCUSDT,bid,57500,1000.565
2024-09-02 09:22:32,BTCUSDT,bid,57500,1000.562
2024-09-02 09:22:36,BTCUSDT,bid,57500,1000.565
2024-09-02 09:22:54,BTCUSDT,bid,57500,1000.128
2024-09-02 09:23:01,BTCUSDT,bid,57500,1000.005
2024-09-02 09:23:01,BTCUSDT,bid,57500,1000.009
2024-09-02 09:23:02,BTCUSDT,bid,57500,1000.005
2024-09-02 09:23:06,BTCUSDT,bid,57500,1000.096
2024-09-02 09:23:06,BTCUSDT,bid,57500,1000.166
2024-09-02 09:23:09,BTCUSDT,bid,57500,1000.16
2024-09-02 09:23:27,BTCUSDT,ask,57700,722.597
2024-09-02 09:23:43,BTCUSDT,bid,57500,1000.565
2024-09-02 09:23:44,BTCUSDT,ask,57700,1022.597
2024-09-02 09:23:44,BTCUSDT,bid,57500,1000.637
2024-09-02 09:23:44,BTCUSDT,ask,57700,1022.544
2024-09-02 09:23:46,BTCUSDT,bid,47000,880.522
2024-09-02 09:23:46,BTCUSDT,bid,57500,1001.598
2024-09-02 09:23:47,BTCUSDT,ask,57700,1034.959
2024-09-02 09:23:58,BTCUSDT,ask,57700,1034.316
2024-09-02 09:23:58,BTCUSDT,ask,57700,1035.349
2024-09-02 09:24:00,BTCUSDT,bid,57500,1001.545
2024-09-02 09:24:02,BTCUSDT,ask,57700,1035.355
2024-09-02 09:24:07,BTCUSDT,bid,57500,1001.547
2024-09-02 09:24:10,BTCUSDT,bid,57500,1001.545
2024-09-02 09:24:14,BTCUSDT,ask,57700,1035.364
2024-09-02 09:24:23,BTCUSDT,bid,57600,1000.012
2024-09-02 09:24:23,BTCUSDT,bid,57600,1000.264
2024-09-02 09:24:24,BTCUSDT,ask,57700,1035.358
2024-09-02 09:24:43,BTCUSDT,ask,57700,1035.463
2024-09-02 09:24:43,BTCUSDT,ask,57700,1035.592
2024-09-02 09:24:50,BTCUSDT,ask,57700,1005.382
2024-09-02 09:24:51,BTCUSDT,ask,57700,1005.164
2024-09-02 09:24:54,BTCUSDT,ask,57700,1004.864
2024-09-02 09:25:02,BTCUSDT,ask,57700,1003.768
2024-09-02 09:25:09,BTCUSDT,ask,57700,1003.668
2024-09-02 09:25:37,BTCUSDT,ask,57700,1003.46
2024-09-02 09:25:40,BTCUSDT,ask,57700,1003.546
2024-09-02 09:25:42,BTCUSDT,ask,57700,1003.521
2024-09-02 09:26:13,BTCUSDT,ask,57700,1003.605
2024-09-02 09:26:19,BTCUSDT,ask,57700,603.5
2024-09-02 09:26:25,BTCUSDT,ask,57700,603.502
2024-09-02 09:26:27,BTCUSDT,ask,57700,603.5
2024-09-02 09:26:45,BTCUSDT,ask,57700,603.51
2024-09-02 09:27:00,BTCUSDT,ask,57700,603.5
2024-09-02 09:27:09,BTCUSDT,ask,57700,603.414
2024-09-02 09:27:14,BTCUSDT,ask,57700,603.124
2024-09-02 09:27:18,BTCUSDT,ask,57700,613.7
2024-09-02 09:27:21,BTCUSDT,ask,57700,613.6
2024-09-02 09:27:23,BTCUSDT,ask,57700,613.568
2024-09-02 09:27:31,BTCUSDT,ask,57700,613.518
2024-09-02 09:27:47,BTCUSDT,ask,57700,612.707
2024-09-02 09:27:59,BTCUSDT,ask,57700,612.741
2024-09-02 09:27:59,BTCUSDT,ask,57700,612.724
2024-09-02 09:28:20,BTCUSDT,ask,57700,612.735
2024-09-02 09:28:23,BTCUSDT,ask,57700,612.684
2024-09-02 09:28:41,BTCUSDT,ask,57700,612.542
2024-09-02 09:28:49,BTCUSDT,ask,57700,612.506
2024-09-02 09:28:51,BTCUSDT,ask,57700,612.679
2024-09-02 09:28:54,BTCUSDT,ask,57700,612.821
2024-09-02 09:29:31,BTCUSDT,ask,57700,612.838
2024-09-02 09:29:33,BTCUSDT,ask,57700,612.821
2024-09-02 09:29:45,BTCUSDT,ask,57700,613.021
2024-09-02 09:29:46,BTCUSDT,ask,57700,613.721
2024-09-02 09:29:48,BTCUSDT,ask,57700,613.221
2024-09-02 09:30:13,BTCUSDT,ask,57700,613.173
2024-09-02 09:30:23,BTCUSDT,ask,57700,613.123
2024-09-02 09:30:27,BTCUSDT,ask,57700,613.123
2024-09-02 09:30:28,BTCUSDT,ask,57700,613.123
2024-09-02 09:30:30,BTCUSDT,ask,57700,613.114
2024-09-02 09:30:36,BTCUSDT,ask,57700,612.972
2024-09-02 09:30:36,BTCUSDT,bid,47000,880.512
2024-09-02 09:30:39,BTCUSDT,ask,57700,612.976
2024-09-02 09:30:40,BTCUSDT,ask,57700,612.972
2024-09-02 09:30:41,BTCUSDT,ask,57700,612.976
2024-09-02 09:30:42,BTCUSDT,ask,57700,612.972
2024-09-02 09:30:43,BTCUSDT,ask,57700,612.976
2024-09-02 09:30:44,BTCUSDT,ask,57700,612.972
2024-09-02 09:30:50,BTCUSDT,ask,57700,612.992
2024-09-02 09:30:52,BTCUSDT,ask,57700,612.992
2024-09-02 09:30:54,BTCUSDT,ask,57700,612.992
2024-09-02 09:30:55,BTCUSDT,ask,57700,612.992
2024-09-02 09:31:10,BTCUSDT,ask,57700,612.923
2024-09-02 09:31:17,BTCUSDT,ask,57700,612.732
2024-09-02 09:31:49,BTCUSDT,ask,57700,612.715
2024-09-02 09:31:50,BTCUSDT,ask,57700,612.713
2024-09-02 09:31:50,BTCUSDT,ask,57700,612.705
2024-09-02 09:31:50,BTCUSDT,ask,57700,612.635
2024-09-02 09:31:56,BTCUSDT,ask,57700,612.618
2024-09-02 09:32:25,BTCUSDT,ask,57700,612.601
2024-09-02 09:32:33,BTCUSDT,ask,57700,612.594
2024-09-02 09:32:38,BTCUSDT,ask,57700,612.669
2024-09-02 09:32:43,BTCUSDT,ask,57700,612.594
2024-09-02 09:32:53,BTCUSDT,ask,57700,612.572
2024-09-02 09:33:10,BTCUSDT,ask,57700,612.544
2024-09-02 09:33:26,BTCUSDT,bid,47000,880.522
2024-09-02 09:33:45,BTCUSDT,bid,47000,880.161
2024-09-02 09:34:02,BTCUSDT,ask,57700,612.595
2024-09-02 09:34:54,BTCUSDT,ask,57700,612.865
2024-09-02 09:35:01,BTCUSDT,ask,57700,612.595
2024-09-02 09:35:07,BTCUSDT,ask,57700,612.593
2024-09-02 09:35:44,BTCUSDT,ask,57700,612.507
2024-09-02 09:37:33,BTCUSDT,ask,57700,612.56
2024-09-02 09:38:22,BTCUSDT,ask,57700,612.58
2024-09-02 09:38:51,BTCUSDT,ask,57700,612.583
2024-09-02 09:39:10,BTCUSDT,ask,57700,612.599
2024-09-02 09:39:26,BTCUSDT,ask,57700,612.621
2024-09-02 09:40:14,BTCUSDT,ask,57700,612.626
2024-09-02 09:40:32,BTCUSDT,ask,57700,612.622
2024-09-02 09:41:00,BTCUSDT,ask,57700,612.632
2024-09-02 09:41:45,BTCUSDT,ask,57700,613.065
2024-09-02 09:42:07,BTCUSDT,ask,57700,613.068
2024-09-02 09:43:04,BTCUSDT,ask,57700,612.818
2024-09-02 09:43:09,BTCUSDT,ask,57700,612.918
2024-09-02 09:43:31,BTCUSDT,ask,57700,724.735
2024-09-02 09:43:49,BTCUSDT,ask,57700,725.688
2024-09-02 09:43:50,BTCUSDT,ask,57700,725.698
2024-09-02 09:44:03,BTCUSDT,ask,57700,725.678
2024-09-02 09:44:14,BTCUSDT,ask,57700,725.828
2024-09-02 09:44:18,BTCUSDT,ask,57300,1402.097
2024-09-02 09:45:12,BTCUSDT,ask,57700,725.432
2024-09-02 09:45:35,BTCUSDT,ask,57700,725.532
2024-09-02 09:46:57,BTCUSDT,ask,57700,725.685
2024-09-02 09:47:03,BTCUSDT,ask,57700,725.631
2024-09-02 09:47:08,BTCUSDT,ask,57700,726.131
2024-09-02 09:47:17,BTCUSDT,ask,57700,726.139
2024-09-02 09:47:35,BTCUSDT,ask,57700,726.129
2024-09-02 09:47:52,BTCUSDT,ask,57700,725.956
2024-09-02 09:47:53,BTCUSDT,bid,57300,1000.429
2024-09-02 09:47:54,BTCUSDT,bid,57300,1000.031
2024-09-02 09:47:57,BTCUSDT,bid,57300,1000.051
2024-09-02 09:47:58,BTCUSDT,bid,57300,1001.057
2024-09-02 09:47:58,BTCUSDT,bid,57300,1000.051
2024-09-02 09:47:59,BTCUSDT,bid,57300,1000.031
2024-09-02 09:48:09,BTCUSDT,bid,57300,1000.752
2024-09-02 09:48:10,BTCUSDT,bid,57300,1000.732
2024-09-02 09:48:10,BTCUSDT,ask,57700,725.956
2024-09-02 09:48:11,BTCUSDT,ask,57700,725.956
2024-09-02 09:48:12,BTCUSDT,ask,57700,725.956
2024-09-02 09:48:13,BTCUSDT,bid,57300,1000.086
2024-09-02 09:48:16,BTCUSDT,ask,57700,725.956
2024-09-02 09:48:17,BTCUSDT,bid,57300,1000.086
2024-09-02 09:48:17,BTCUSDT,bid,57300,1001.235
2024-09-02 09:48:17,BTCUSDT,bid,57300,1000.086
2024-09-02 09:48:18,BTCUSDT,bid,57300,1000.031
2024-09-02 09:48:18,BTCUSDT,bid,57300,1000.734
2024-09-02 09:48:19,BTCUSDT,bid,57300,1000.732
2024-09-02 09:48:19,BTCUSDT,bid,57300,1000.735
2024-09-02 09:48:19,BTCUSDT,bid,57300,1000.732
2024-09-02 09:48:19,BTCUSDT,bid,57300,1000.732
2024-09-02 09:48:20,BTCUSDT,bid,57300,1000.732
2024-09-02 09:48:20,BTCUSDT,bid,57300,1000.732
2024-09-02 09:48:20,BTCUSDT,bid,57300,1000.732
2024-09-02 09:48:20,BTCUSDT,bid,57300,1000.732
2024-09-02 09:48:21,BTCUSDT,bid,57300,1000.752
2024-09-02 09:48:21,BTCUSDT,bid,57300,1000.754
2024-09-02 09:48:21,BTCUSDT,bid,57300,1000.752
2024-09-02 09:48:21,BTCUSDT,bid,57300,1000.031
2024-09-02 09:48:22,BTCUSDT,bid,57300,1000.031
2024-09-02 09:48:41,BTCUSDT,ask,57700,725.966
2024-09-02 09:48:42,BTCUSDT,ask,57700,725.964
2024-09-02 09:48:47,BTCUSDT,ask,57700,726.076
2024-09-02 09:48:51,BTCUSDT,ask,57700,726.503
2024-09-02 09:49:00,BTCUSDT,ask,57700,726.518
2024-09-02 09:49:03,BTCUSDT,ask,57700,726.527
2024-09-02 09:49:07,BTCUSDT,ask,57700,726.1
2024-09-02 09:49:27,BTCUSDT,ask,57700,726.12
2024-09-02 09:49:29,BTCUSDT,ask,57700,726.1
2024-09-02 09:52:12,BTCUSDT,ask,57500,680.106
2024-09-02 09:52:13,BTCUSDT,ask,57500,680.102
2024-09-02 09:52:17,BTCUSDT,ask,57500,680.106
2024-09-02 09:52:18,BTCUSDT,ask,57500,680.102
2024-09-02 09:52:20,BTCUSDT,ask,57500,680.106
2024-09-02 09:56:08,BTCUSDT,ask,57500,680.102
2024-09-02 09:56:50,BTCUSDT,ask,57500,680.112
2024-09-02 09:57:22,BTCUSDT,ask,57500,680.194
2024-09-02 10:02:12,BTCUSDT,bid,47000,880.166
2024-09-02 10:03:41,BTCUSDT,bid,57600,1000.045
2024-09-02 10:03:42,BTCUSDT,bid,57600,1000.244
2024-09-02 10:03:43,BTCUSDT,bid,57600,1000.447
2024-09-02 10:03:43,BTCUSDT,bid,57600,1000.464
2024-09-02 10:03:45,BTCUSDT,bid,57600,1000.464
2024-09-02 10:03:49,BTCUSDT,bid,57600,1000.062
2024-09-02 10:03:50,BTCUSDT,bid,57600,1000.261
2024-09-02 10:03:50,BTCUSDT,bid,57600,1000.062
2024-09-02 10:03:50,BTCUSDT,bid,57600,1000.261
2024-09-02 10:03:50,BTCUSDT,bid,57600,1000.464
2024-09-02 10:03:51,BTCUSDT,bid,57600,1000.261
2024-09-02 10:03:52,BTCUSDT,bid,57600,1000.464
2024-09-02 10:03:53,BTCUSDT,bid,57600,1000.794
2024-09-02 10:03:53,BTCUSDT,bid,57600,1000.594
2024-09-02 10:03:55,BTCUSDT,bid,57600,1000.594
2024-09-02 10:03:55,BTCUSDT,bid,57600,1000.395
2024-09-02 10:03:56,BTCUSDT,bid,57600,1000.594
2024-09-02 10:03:57,BTCUSDT,bid,57600,1000.292
2024-09-02 10:03:58,BTCUSDT,bid,57600,1000.491
2024-09-02 10:03:58,BTCUSDT,bid,57600,1000.292
2024-09-02 10:03:59,BTCUSDT,bid,57600,1000.344
2024-09-02 10:03:59,BTCUSDT,bid,57600,1000.292
2024-09-02 10:04:00,BTCUSDT,bid,57600,1000.295
2024-09-02 10:04:00,BTCUSDT,bid,57600,1000.292
2024-09-02 10:04:28,BTCUSDT,bid,57600,1000.875
2024-09-02 10:04:29,BTCUSDT,bid,57600,1000.656
2024-09-02 10:04:30,BTCUSDT,bid,57600,1001.116
2024-09-02 10:04:32,BTCUSDT,bid,57600,1000.724
2024-09-02 10:04:33,BTCUSDT,bid,57600,1000.748
2024-09-02 10:04:34,BTCUSDT,bid,57600,1000.688
2024-09-02 10:04:35,BTCUSDT,bid,57600,1000.668
2024-09-02 10:04:35,BTCUSDT,bid,57600,1000.664
2024-09-02 10:04:39,BTCUSDT,bid,57600,1000.677
2024-09-02 10:04:39,BTCUSDT,bid,57600,1000.025
2024-09-02 10:04:41,BTCUSDT,bid,57600,1003.175
2024-09-02 10:04:43,BTCUSDT,bid,57600,1000.011
2024-09-02 10:04:43,BTCUSDT,bid,57600,1000.006
2024-09-02 10:04:44,BTCUSDT,bid,57600,1000.009
2024-09-02 10:04:44,BTCUSDT,bid,57600,1000.355
2024-09-02 10:07:40,BTCUSDT,bid,57600,1000.002
2024-09-02 10:07:53,BTCUSDT,bid,57600,1000.071
2024-09-02 10:07:54,BTCUSDT,bid,57600,1000.079
2024-09-02 10:07:55,BTCUSDT,bid,57600,1000.079
2024-09-02 10:07:58,BTCUSDT,bid,57600,1000.079
2024-09-02 10:07:59,BTCUSDT,bid,57600,1000.119
2024-09-02 10:08:00,BTCUSDT,bid,57600,1000.078
2024-09-02 10:08:00,BTCUSDT,bid,57600,1000.465
2024-09-02 10:08:01,BTCUSDT,bid,57600,1000.149
2024-09-02 10:08:05,BTCUSDT,bid,57600,1000.269
2024-09-02 10:08:06,BTCUSDT,bid,57600,1000.189
2024-09-02 10:08:06,BTCUSDT,bid,57600,1000.193
2024-09-02 10:08:08,BTCUSDT,bid,57600,1000.478
2024-09-02 10:08:09,BTCUSDT,bid,57600,1000.132
2024-09-02 10:08:10,BTCUSDT,bid,57600,1000.124
2024-09-02 10:08:10,BTCUSDT,bid,57600,1000.127
2024-09-02 10:08:24,BTCUSDT,bid,57600,1000.051
2024-09-02 10:08:25,BTCUSDT,bid,57600,1000.111
2024-09-02 10:08:25,BTCUSDT,bid,57600,1000.111
2024-09-02 10:08:25,BTCUSDT,bid,57600,1000.111
2024-09-02 10:08:25,BTCUSDT,bid,57600,1000.051
2024-09-02 10:08:27,BTCUSDT,bid,57600,1000.011
2024-09-02 10:08:30,BTCUSDT,bid,57600,1000.071
2024-09-02 10:08:30,BTCUSDT,bid,57600,1000.011
2024-09-02 10:08:34,BTCUSDT,bid,57600,1000.051
2024-09-02 10:08:39,BTCUSDT,bid,57600,1000.376
2024-09-02 10:08:41,BTCUSDT,bid,57600,1000.373
2024-09-02 10:08:41,BTCUSDT,bid,57600,1000.029
2024-09-02 10:09:02,BTCUSDT,bid,47000,880.169
2024-09-02 10:09:15,BTCUSDT,bid,57600,1001.074
2024-09-02 10:09:15,BTCUSDT,bid,57600,1000.944
2024-09-02 10:09:16,BTCUSDT,bid,57600,1002.739
2024-09-02 10:09:17,BTCUSDT,bid,57600,1002.536
2024-09-02 10:09:18,BTCUSDT,bid,57600,1002.236
2024-09-02 10:09:19,BTCUSDT,bid,57600,1002.439
2024-09-02 10:09:21,BTCUSDT,bid,57600,1002.456
2024-09-02 10:09:21,BTCUSDT,bid,57600,1002.439
2024-09-02 10:09:24,BTCUSDT,bid,57600,1002.442
2024-09-02 10:09:29,BTCUSDT,bid,57600,1002.447
2024-09-02 10:09:30,BTCUSDT,bid,57600,1000.091
2024-09-02 10:09:30,BTCUSDT,bid,57600,1002.239
2024-09-02 10:09:32,BTCUSDT,bid,57600,1001.092
2024-09-02 10:09:33,BTCUSDT,bid,57600,1002.041
2024-09-02 10:09:37,BTCUSDT,bid,57600,1001.09
2024-09-02 10:09:38,BTCUSDT,bid,57600,1002.043
2024-09-02 10:09:40,BTCUSDT,bid,57600,1002.045
2024-09-02 10:09:40,BTCUSDT,bid,57600,1000.089
2024-09-02 10:09:41,BTCUSDT,bid,57600,1000.091
2024-09-02 10:09:41,BTCUSDT,bid,57600,1000.004
2024-09-02 10:09:41,BTCUSDT,bid,57600,1000.024
2024-09-02 10:09:42,BTCUSDT,bid,57600,1000.026
2024-09-02 10:09:42,BTCUSDT,bid,57600,1000.006
2024-09-02 10:09:43,BTCUSDT,bid,57600,1000.006
2024-09-02 10:09:43,BTCUSDT,bid,57600,1000.004
2024-09-02 10:09:45,BTCUSDT,bid,57600,1000.594
2024-09-02 10:09:45,BTCUSDT,bid,57600,1000.646
2024-09-02 10:09:45,BTCUSDT,bid,57600,1000.594
2024-09-02 10:09:45,BTCUSDT,bid,57600,1000.004
2024-09-02 10:09:50,BTCUSDT,bid,57600,1000.066
2024-09-02 10:17:58,BTCUSDT,bid,47000,880.162
2024-09-02 10:20:58,BTCUSDT,bid,47000,880.159
2024-09-02 10:25:16,BTCUSDT,bid,47000,880.135
2024-09-02 10:26:20,BTCUSDT,bid,47000,880.14
2024-09-02 10:28:45,BTCUSDT,bid,47000,881.828
2024-09-02 10:28:50,BTCUSDT,bid,47000,881.791
2024-09-02 10:37:16,BTCUSDT,ask,57900,700.662
2024-09-02 10:39:02,BTCUSDT,ask,57900,700.652
2024-09-02 10:39:05,BTCUSDT,ask,57900,700.672
2024-09-02 10:47:59,BTCUSDT,ask,57900,699.752
2024-09-02 10:48:50,BTCUSDT,bid,47000,881.841
2024-09-02 10:52:32,BTCUSDT,bid,47000,881.791
2024-09-02 10:52:57,BTCUSDT,ask,57900,699.792
2024-09-02 10:55:50,BTCUSDT,ask,57900,699.892
2024-09-02 11:08:37,BTCUSDT,bid,57600,1000.002
2024-09-02 11:09:10,BTCUSDT,bid,47000,881.897
2024-09-02 11:14:44,BTCUSDT,bid,47000,881.997
2024-09-02 11:24:16,BTCUSDT,bid,47000,881.947
2024-09-02 11:32:41,BTCUSDT,bid,47000,881.952
2024-09-02 12:11:51,BTCUSDT,bid,47000,881.9
2024-09-02 12:13:20,BTCUSDT,bid,47000,881.942
2024-09-02 12:24:30,BTCUSDT,bid,47000,881.9
2024-09-02 12:32:24,BTCUSDT,bid,47300,806.719
2024-09-02 12:46:30,BTCUSDT,bid,47000,881.897
2024-09-02 13:18:53,BTCUSDT,bid,47000,881.855
2024-09-02 13:24:04,BTCUSDT,bid,47000,882.0
2024-09-02 13:28:19,BTCUSDT,bid,47000,881.994
2024-09-02 13:28:23,BTCUSDT,bid,47000,881.979
2024-09-02 13:30:05,BTCUSDT,bid,47000,880.291
2024-09-02 13:41:13,BTCUSDT,bid,47000,880.288
2024-09-02 13:52:22,BTCUSDT,bid,57700,1003.675
2024-09-02 13:52:36,BTCUSDT,bid,57700,1003.695
2024-09-02 13:52:37,BTCUSDT,bid,57700,1003.675
2024-09-02 13:52:42,BTCUSDT,bid,57700,1003.189
2024-09-02 14:03:18,BTCUSDT,bid,47000,880.322
2024-09-02 14:16:32,BTCUSDT,bid,47000,880.325
2024-09-02 14:20:00,BTCUSDT,bid,57600,1000.006
2024-09-02 14:20:04,BTCUSDT,bid,57600,1000.006
2024-09-02 14:20:07,BTCUSDT,bid,57600,1000.026
2024-09-02 14:20:09,BTCUSDT,bid,57600,1000.25
2024-09-02 14:20:09,BTCUSDT,bid,57600,1000.278
2024-09-02 14:20:09,BTCUSDT,bid,57600,1000.248
2024-09-02 14:20:09,BTCUSDT,bid,57600,1000.278
2024-09-02 14:20:10,BTCUSDT,bid,57600,1000.248
2024-09-02 14:20:11,BTCUSDT,bid,57600,1000.026
2024-09-02 14:20:12,BTCUSDT,bid,57600,1000.066
2024-09-02 14:20:12,BTCUSDT,bid,57600,1000.068
2024-09-02 14:20:12,BTCUSDT,bid,57600,1000.096
2024-09-02 14:20:12,BTCUSDT,bid,57600,1000.026
2024-09-02 14:20:12,BTCUSDT,bid,57600,1000.026
2024-09-02 14:20:13,BTCUSDT,bid,57600,1000.026
2024-09-02 14:20:13,BTCUSDT,bid,57600,1000.024
2024-09-02 14:20:14,BTCUSDT,bid,57600,1000.064
2024-09-02 14:20:14,BTCUSDT,bid,57600,1000.094
2024-09-02 14:20:15,BTCUSDT,bid,57600,1000.103
2024-09-02 14:20:16,BTCUSDT,bid,57600,1000.093
2024-09-02 14:20:16,BTCUSDT,bid,57600,1000.093
2024-09-02 14:26:39,BTCUSDT,bid,47000,880.321
2024-09-02 14:31:54,BTCUSDT,bid,47000,880.176
2024-09-02 14:49:13,BTCUSDT,ask,58800,512.277
2024-09-02 14:49:21,BTCUSDT,bid,47000,880.493
2024-09-02 15:21:57,BTCUSDT,bid,57900,1000.054
2024-09-02 15:21:58,BTCUSDT,bid,57900,1000.062
2024-09-02 15:21:59,BTCUSDT,bid,57900,1000.101
2024-09-02 15:22:05,BTCUSDT,bid,57900,1000.106
2024-09-02 15:22:05,BTCUSDT,bid,58000,1003.549
2024-09-02 15:22:06,BTCUSDT,bid,58000,1003.547
2024-09-02 15:22:07,BTCUSDT,bid,57900,1000.109
2024-09-02 15:22:08,BTCUSDT,bid,58000,1003.556
2024-09-02 15:22:09,BTCUSDT,bid,58000,1003.546
2024-09-02 15:22:37,BTCUSDT,bid,57900,1000.676
2024-09-02 15:22:37,BTCUSDT,bid,57900,1000.671
2024-09-02 15:22:38,BTCUSDT,bid,57900,1000.111
2024-09-02 15:22:57,BTCUSDT,bid,57900,1000.121
2024-09-02 15:23:01,BTCUSDT,bid,57900,1000.111
2024-09-02 15:23:01,BTCUSDT,bid,57900,1000.108
2024-09-02 15:23:03,BTCUSDT,bid,57900,1000.106
2024-09-02 15:23:03,BTCUSDT,bid,58000,1000.721
2024-09-02 15:23:04,BTCUSDT,bid,58000,1000.342
2024-09-02 15:23:04,BTCUSDT,bid,58000,1001.042
2024-09-02 15:23:04,BTCUSDT,bid,58000,1001.044
2024-09-02 15:23:04,BTCUSDT,bid,58000,1001.152
2024-09-02 15:23:05,BTCUSDT,bid,58000,1001.356
2024-09-02 15:23:06,BTCUSDT,bid,57900,1000.183
2024-09-02 15:23:06,BTCUSDT,bid,58000,1001.358
2024-09-02 15:23:06,BTCUSDT,bid,58000,1001.431
2024-09-02 15:24:54,BTCUSDT,bid,47000,880.479
2024-09-02 15:35:58,BTCUSDT,bid,58200,912.412
2024-09-02 15:35:58,BTCUSDT,bid,58200,912.588
2024-09-02 15:36:01,BTCUSDT,bid,58200,913.073
2024-09-02 15:36:01,BTCUSDT,bid,58200,912.759
2024-09-02 15:36:02,BTCUSDT,bid,58200,912.41
2024-09-02 15:36:02,BTCUSDT,bid,58200,912.586
2024-09-02 15:36:13,BTCUSDT,bid,58100,1006.991
2024-09-02 15:36:13,BTCUSDT,bid,58100,1007.191
2024-09-02 15:36:20,BTCUSDT,bid,58200,1000.329
2024-09-02 15:36:21,BTCUSDT,bid,58200,1000.331
2024-09-02 15:36:24,BTCUSDT,bid,58200,1000.14
2024-09-02 15:36:25,BTCUSDT,bid,58100,1006.882
2024-09-02 15:36:26,BTCUSDT,bid,58200,1000.141
2024-09-02 15:36:27,BTCUSDT,bid,58100,1007.244
2024-09-02 15:39:59,BTCUSDT,bid,58000,1000.767
2024-09-02 15:40:00,BTCUSDT,bid,58000,1001.264
2024-09-02 15:40:00,BTCUSDT,bid,58000,1001.272
2024-09-02 15:40:00,BTCUSDT,bid,58000,1000.775
2024-09-02 15:40:00,BTCUSDT,bid,58000,1000.767
2024-09-02 15:40:00,BTCUSDT,bid,58000,1000.772
2024-09-02 15:40:01,BTCUSDT,bid,58000,1000.872
2024-09-02 15:40:05,BTCUSDT,bid,58000,1000.458
2024-09-02 15:40:06,BTCUSDT,bid,58000,1000.453
2024-09-02 15:40:21,BTCUSDT,bid,58000,1000.242
2024-09-02 15:40:23,BTCUSDT,bid,58000,1000.24
2024-09-02 15:41:59,BTCUSDT,bid,58100,1000.522
2024-09-02 15:42:00,BTCUSDT,bid,58100,1000.524
2024-09-02 15:42:12,BTCUSDT,bid,58100,1000.634
2024-09-02 15:42:14,BTCUSDT,bid,58100,1000.636
2024-09-02 15:42:15,BTCUSDT,bid,58100,1000.636
2024-09-02 15:42:17,BTCUSDT,bid,58100,1000.566
2024-09-02 15:42:25,BTCUSDT,bid,58100,1000.546
2024-09-02 15:42:26,BTCUSDT,bid,58100,1000.554
2024-09-02 15:42:30,BTCUSDT,bid,58100,1000.579
2024-09-02 15:42:35,BTCUSDT,bid,58100,1000.818
2024-09-02 15:42:35,BTCUSDT,bid,58100,1000.818
2024-09-02 15:42:36,BTCUSDT,bid,58100,1000.559
2024-09-02 15:42:37,BTCUSDT,bid,58100,1000.561
2024-09-02 15:42:38,BTCUSDT,bid,58100,1003.46
2024-09-02 15:42:38,BTCUSDT,bid,58100,1000.561
2024-09-02 15:46:10,BTCUSDT,bid,58000,1004.137
2024-09-02 15:46:11,BTCUSDT,bid,58000,1000.259
2024-09-02 15:46:11,BTCUSDT,bid,58000,1000.259
2024-09-02 15:46:12,BTCUSDT,bid,58000,1000.259
2024-09-02 15:46:12,BTCUSDT,bid,58000,1000.299
2024-09-02 15:46:12,BTCUSDT,bid,58000,1000.259
2024-09-02 15:46:14,BTCUSDT,bid,58000,1000.559
2024-09-02 15:51:46,BTCUSDT,bid,47000,880.618
2024-09-02 15:52:06,BTCUSDT,bid,58100,955.804
2024-09-02 15:52:09,BTCUSDT,bid,58100,955.376
2024-09-02 15:52:09,BTCUSDT,bid,58100,955.169
2024-09-02 15:52:13,BTCUSDT,bid,58100,955.238
2024-09-02 15:52:13,BTCUSDT,bid,58100,955.811
2024-09-02 15:52:14,BTCUSDT,bid,58100,956.209
2024-09-02 15:52:14,BTCUSDT,bid,58100,956.205
2024-09-02 15:52:14,BTCUSDT,bid,58100,955.238
2024-09-02 15:52:15,BTCUSDT,bid,58100,955.169
2024-09-02 15:52:20,BTCUSDT,bid,58200,970.231
2024-09-02 15:52:21,BTCUSDT,bid,58200,968.406
2024-09-02 15:52:21,BTCUSDT,bid,58200,970.195
2024-09-02 15:52:21,BTCUSDT,bid,58200,969.323
2024-09-02 15:52:21,BTCUSDT,bid,58200,969.248
2024-09-02 15:52:21,BTCUSDT,bid,58200,969.803
2024-09-02 15:52:21,BTCUSDT,bid,58200,970.354
2024-09-02 15:52:21,BTCUSDT,bid,58200,970.356
2024-09-02 15:52:21,BTCUSDT,bid,58200,970.106
2024-09-02 15:52:21,BTCUSDT,bid,58200,969.625
2024-09-02 15:52:22,BTCUSDT,bid,58200,969.61
2024-09-02 15:52:22,BTCUSDT,bid,58200,969.565
2024-09-02 15:52:22,BTCUSDT,bid,58200,969.57
2024-09-02 15:52:22,BTCUSDT,bid,58200,969.576
2024-09-02 15:52:22,BTCUSDT,bid,58200,969.627
2024-09-02 15:52:22,BTCUSDT,bid,58200,967.761
2024-09-02 15:52:22,BTCUSDT,bid,58200,963.751
2024-09-02 15:52:22,BTCUSDT,bid,58200,963.148
2024-09-02 15:52:22,BTCUSDT,bid,58200,962.658
2024-09-02 15:52:22,BTCUSDT,bid,58200,963.434
2024-09-02 15:52:23,BTCUSDT,bid,58200,960.93
2024-09-02 15:52:23,BTCUSDT,bid,58200,962.193
2024-09-02 15:52:23,BTCUSDT,bid,58200,962.193
2024-09-02 15:52:23,BTCUSDT,bid,58200,962.188
2024-09-02 15:52:23,BTCUSDT,bid,58200,962.186
2024-09-02 15:52:23,BTCUSDT,bid,58200,961.392
2024-09-02 15:52:23,BTCUSDT,bid,58200,961.368
2024-09-02 15:52:23,BTCUSDT,bid,58200,961.238
2024-09-02 15:52:24,BTCUSDT,bid,58200,961.225
2024-09-02 15:52:24,BTCUSDT,bid,58200,961.226
2024-09-02 15:52:24,BTCUSDT,bid,58200,961.141
2024-09-02 15:52:24,BTCUSDT,bid,58200,961.059
2024-09-02 15:52:24,BTCUSDT,bid,58200,958.745
2024-09-02 15:52:24,BTCUSDT,bid,58200,959.005
2024-09-02 15:52:24,BTCUSDT,bid,58200,957.583
2024-09-02 15:52:24,BTCUSDT,bid,58200,956.466
2024-09-02 15:52:25,BTCUSDT,bid,58200,955.212
2024-09-02 15:52:25,BTCUSDT,bid,58200,955.19
2024-09-02 15:52:25,BTCUSDT,bid,58200,955.221
2024-09-02 15:52:25,BTCUSDT,bid,58200,960.953
2024-09-02 15:52:25,BTCUSDT,bid,58200,960.953
2024-09-02 15:52:25,BTCUSDT,bid,58200,963.084
2024-09-02 15:52:25,BTCUSDT,bid,58200,963.654
2024-09-02 15:52:25,BTCUSDT,bid,58200,963.539
2024-09-02 15:52:26,BTCUSDT,bid,58200,963.533
2024-09-02 15:52:26,BTCUSDT,bid,58200,963.545
2024-09-02 15:52:26,BTCUSDT,bid,58200,959.586
2024-09-02 15:52:26,BTCUSDT,bid,58200,959.136
2024-09-02 15:52:26,BTCUSDT,bid,58200,958.755
2024-09-02 15:52:26,BTCUSDT,bid,58200,958.702
2024-09-02 15:52:26,BTCUSDT,bid,58200,958.682
2024-09-02 15:52:26,BTCUSDT,bid,58200,958.68
2024-09-02 15:52:28,BTCUSDT,bid,58200,958.883
2024-09-02 15:52:30,BTCUSDT,bid,58200,958.883
2024-09-02 15:52:30,BTCUSDT,bid,58200,959.075
2024-09-02 15:52:30,BTCUSDT,bid,58200,958.883
2024-09-02 15:52:31,BTCUSDT,bid,58200,960.328
2024-09-02 15:52:33,BTCUSDT,bid,58200,960.077
2024-09-02 15:56:56,BTCUSDT,bid,58000,1019.063
2024-09-02 15:57:00,BTCUSDT,bid,58000,1018.483
2024-09-02 15:57:02,BTCUSDT,bid,58000,1005.05
2024-09-02 15:57:02,BTCUSDT,bid,58000,1018.481
2024-09-02 15:57:16,BTCUSDT,bid,58000,1018.694
2024-09-02 15:57:16,BTCUSDT,bid,58000,1018.797
2024-09-02 07:00:00,BTCUSD_PERP,bid,56800,561.18
2024-09-02 07:03:22,BTCUSD_PERP,bid,56900,622.1
2024-09-02 07:03:27,BTCUSD_PERP,bid,56800,953.29
2024-09-02 07:03:27,BTCUSD_PERP,bid,56800,1009.61
2024-09-02 07:03:32,BTCUSD_PERP,bid,56800,896.97
2024-09-02 07:03:32,BTCUSD_PERP,bid,56800,618.26
2024-09-02 07:03:38,BTCUSD_PERP,bid,56900,563.41
2024-09-02 07:03:51,BTCUSD_PERP,bid,56800,560.78
2024-09-02 07:03:51,BTCUSD_PERP,bid,56800,729.16
2024-09-02 07:03:52,BTCUSD_PERP,bid,56800,784.9
2024-09-02 07:03:52,BTCUSD_PERP,bid,56800,841.22
2024-09-02 07:03:52,BTCUSD_PERP,bid,56800,952.71
2024-09-02 07:03:52,BTCUSD_PERP,bid,56800,1009.03
2024-09-02 07:03:52,BTCUSD_PERP,bid,56800,547.47
2024-09-02 07:03:52,BTCUSD_PERP,bid,56800,1065.35
2024-09-02 07:03:52,BTCUSD_PERP,bid,56800,1121.67
2024-09-02 07:04:09,BTCUSD_PERP,bid,56800,744.06
2024-09-02 07:04:09,BTCUSD_PERP,bid,56800,800.35
2024-09-02 07:05:27,BTCUSD_PERP,bid,56800,688.35
2024-09-02 07:05:27,BTCUSD_PERP,bid,56800,576.93
2024-09-02 07:05:28,BTCUSD_PERP,bid,56800,547.52
2024-09-02 07:05:28,BTCUSD_PERP,bid,56800,673.43
2024-09-02 07:05:28,BTCUSD_PERP,bid,56800,729.17
2024-09-02 07:05:28,BTCUSD_PERP,bid,56800,784.92
2024-09-02 07:05:29,BTCUSD_PERP,bid,56800,953.88
2024-09-02 07:05:29,BTCUSD_PERP,bid,56800,1009.62
2024-09-02 07:05:29,BTCUSD_PERP,bid,56800,1065.94
2024-09-02 07:05:29,BTCUSD_PERP,bid,56800,1121.68
2024-09-02 07:06:12,BTCUSD_PERP,bid,56800,1065.94
2024-09-02 07:06:12,BTCUSD_PERP,bid,56800,954.46
2024-09-02 07:06:12,BTCUSD_PERP,bid,56800,898.72
2024-09-02 07:06:12,BTCUSD_PERP,bid,56800,842.4
2024-09-02 07:06:13,BTCUSD_PERP,bid,56800,786.08
2024-09-02 07:06:13,BTCUSD_PERP,bid,56800,674.02
2024-09-02 07:06:13,BTCUSD_PERP,bid,56800,562.54
2024-09-02 07:06:13,BTCUSD_PERP,bid,56900,672.72
2024-09-02 07:06:13,BTCUSD_PERP,bid,56900,729.07
2024-09-02 07:06:13,BTCUSD_PERP,bid,56900,784.85
2024-09-02 07:06:13,BTCUSD_PERP,bid,56900,841.11
2024-09-02 07:06:14,BTCUSD_PERP,bid,56900,897.46
2024-09-02 07:06:14,BTCUSD_PERP,bid,56900,953.81
2024-09-02 07:06:14,BTCUSD_PERP,bid,56900,1010.16
2024-09-02 07:06:14,BTCUSD_PERP,bid,56900,1122.86
2024-09-02 07:06:14,BTCUSD_PERP,bid,56800,547.81
2024-09-02 07:07:09,BTCUSD_PERP,bid,56900,954.39
2024-09-02 07:07:09,BTCUSD_PERP,bid,56800,786.21
2024-09-02 07:07:09,BTCUSD_PERP,bid,56800,842.53
2024-09-02 07:07:14,BTCUSD_PERP,bid,56800,786.78
2024-09-02 07:07:14,BTCUSD_PERP,bid,56800,562.16
2024-09-02 07:07:14,BTCUSD_PERP,bid,56800,840.26
2024-09-02 07:07:14,BTCUSD_PERP,bid,56800,952.84
2024-09-02 07:07:14,BTCUSD_PERP,bid,56800,547.45
2024-09-02 07:07:14,BTCUSD_PERP,bid,56800,1009.13
2024-09-02 07:07:48,BTCUSD_PERP,bid,56800,896.55
2024-09-02 07:07:48,BTCUSD_PERP,bid,56800,840.83
2024-09-02 07:07:49,BTCUSD_PERP,bid,56800,784.54
2024-09-02 07:07:49,BTCUSD_PERP,bid,56800,728.25
2024-09-02 07:07:49,BTCUSD_PERP,bid,56800,672.53
2024-09-02 07:07:49,BTCUSD_PERP,bid,56800,952.33
2024-09-02 07:07:49,BTCUSD_PERP,bid,56700,546.95
2024-09-02 07:07:49,BTCUSD_PERP,bid,56800,1008.59
2024-09-02 07:12:45,BTCUSD_PERP,bid,56900,618.11
2024-09-02 07:12:45,BTCUSD_PERP,bid,56900,674.46
2024-09-02 07:16:10,BTCUSD_PERP,bid,56900,618.11
2024-09-02 07:16:10,BTCUSD_PERP,bid,56900,561.76
2024-09-02 07:16:37,BTCUSD_PERP,bid,57000,564.8
2024-09-02 07:16:37,BTCUSD_PERP,bid,57000,620.67
2024-09-02 07:16:37,BTCUSD_PERP,bid,57000,634.21
2024-09-02 07:16:37,BTCUSD_PERP,bid,57000,690.66
2024-09-02 07:16:37,BTCUSD_PERP,bid,57000,803.56
2024-09-02 07:17:12,BTCUSD_PERP,bid,57000,747.11
2024-09-02 07:17:13,BTCUSD_PERP,bid,57000,690.66
2024-09-02 07:17:13,BTCUSD_PERP,bid,56900,563.04
2024-09-02 07:17:13,BTCUSD_PERP,bid,56900,787.57
2024-09-02 07:17:13,BTCUSD_PERP,bid,56900,843.41
2024-09-02 07:17:21,BTCUSD_PERP,bid,56900,786.99
2024-09-02 07:17:21,BTCUSD_PERP,bid,56900,674.73
2024-09-02 07:17:21,BTCUSD_PERP,bid,56900,561.89
2024-09-02 07:17:22,BTCUSD_PERP,bid,56900,562.09
2024-09-02 07:17:22,BTCUSD_PERP,bid,56900,617.9
2024-09-02 07:17:22,BTCUSD_PERP,bid,56900,730.09
2024-09-02 07:17:23,BTCUSD_PERP,bid,56900,786.47
2024-09-02 07:18:07,BTCUSD_PERP,bid,56900,673.71
2024-09-02 07:18:08,BTCUSD_PERP,bid,56900,617.57
2024-09-02 07:18:13,BTCUSD_PERP,bid,56900,561.22
2024-09-02 07:20:02,BTCUSD_PERP,bid,56900,562.09
2024-09-02 07:20:02,BTCUSD_PERP,bid,56900,618.47
2024-09-02 07:20:03,BTCUSD_PERP,bid,56900,730.66
2024-09-02 07:23:34,BTCUSD_PERP,bid,56900,561.24
2024-09-02 07:25:17,BTCUSD_PERP,bid,56900,618.21
2024-09-02 07:25:44,BTCUSD_PERP,bid,56900,561.84
2024-09-02 07:25:46,BTCUSD_PERP,bid,56900,562.44
2024-09-02 07:26:24,BTCUSD_PERP,bid,56900,562.45
2024-09-02 07:28:30,BTCUSD_PERP,bid,57000,564.16
2024-09-02 07:28:30,BTCUSD_PERP,bid,57000,620.62
2024-09-02 07:28:56,BTCUSD_PERP,bid,57000,564.16
2024-09-02 07:28:57,BTCUSD_PERP,bid,57000,674.16
2024-09-02 07:29:35,BTCUSD_PERP,bid,57000,617.73
2024-09-02 07:29:35,BTCUSD_PERP,bid,57000,561.4
2024-09-02 07:30:45,BTCUSD_PERP,bid,57000,674.64
2024-09-02 07:30:45,BTCUSD_PERP,bid,57000,730.56
2024-09-02 07:30:45,BTCUSD_PERP,bid,57000,842.99
2024-09-02 07:31:16,BTCUSD_PERP,bid,57000,674.65
2024-09-02 07:31:17,BTCUSD_PERP,bid,57000,618.15
2024-09-02 07:31:17,BTCUSD_PERP,bid,57000,674.17
2024-09-02 07:31:17,BTCUSD_PERP,bid,57000,730.64
2024-09-02 07:31:17,BTCUSD_PERP,bid,57000,786.53
2024-09-02 07:31:23,BTCUSD_PERP,bid,57000,561.81
2024-09-02 07:31:28,BTCUSD_PERP,bid,56900,562.38
2024-09-02 07:31:28,BTCUSD_PERP,bid,56900,674.65
2024-09-02 07:31:36,BTCUSD_PERP,bid,56900,562.4
2024-09-02 07:33:00,BTCUSD_PERP,bid,57100,564.06
2024-09-02 07:33:01,BTCUSD_PERP,bid,57100,675.96
2024-09-02 07:33:01,BTCUSD_PERP,bid,57100,731.91
2024-09-02 07:33:29,BTCUSD_PERP,bid,57100,675.96
2024-09-02 07:33:29,BTCUSD_PERP,bid,57100,619.43
2024-09-02 07:33:30,BTCUSD_PERP,bid,57100,562.9
2024-09-02 07:33:48,BTCUSD_PERP,bid,57100,562.44
2024-09-02 07:35:32,BTCUSD_PERP,bid,57100,562.72
2024-09-02 07:35:36,BTCUSD_PERP,bid,57100,562.44
2024-09-02 07:35:38,BTCUSD_PERP,bid,57000,675.05
2024-09-02 07:35:42,BTCUSD_PERP,bid,57000,747.59
2024-09-02 07:36:09,BTCUSD_PERP,bid,57000,691.12
2024-09-02 07:36:09,BTCUSD_PERP,bid,57000,635.22
2024-09-02 07:36:09,BTCUSD_PERP,bid,57000,579.33
2024-09-02 07:37:13,BTCUSD_PERP,bid,57000,618.71
2024-09-02 07:39:05,BTCUSD_PERP,bid,57100,564.03
2024-09-02 07:40:14,BTCUSD_PERP,bid,57000,842.93
2024-09-02 07:40:14,BTCUSD_PERP,bid,57000,899.36
2024-09-02 07:40:54,BTCUSD_PERP,bid,57000,842.93
2024-09-02 07:40:54,BTCUSD_PERP,bid,57000,786.5
2024-09-02 07:40:54,BTCUSD_PERP,bid,57000,618.44
2024-09-02 07:40:55,BTCUSD_PERP,bid,57000,562.58
2024-09-02 07:40:55,BTCUSD_PERP,bid,56900,562.2
2024-09-02 07:40:55,BTCUSD_PERP,bid,56900,842.48
2024-09-02 07:40:55,BTCUSD_PERP,bid,56900,898.88
2024-09-02 07:41:09,BTCUSD_PERP,bid,56900,618.68
2024-09-02 07:41:09,BTCUSD_PERP,bid,56900,785.74
2024-09-02 07:41:09,BTCUSD_PERP,bid,56900,842.12
2024-09-02 07:41:09,BTCUSD_PERP,bid,56900,898.5
2024-09-02 07:41:26,BTCUSD_PERP,bid,56900,729.94
2024-09-02 07:41:26,BTCUSD_PERP,bid,56900,729.44
2024-09-02 07:41:26,BTCUSD_PERP,bid,56900,785.78
2024-09-02 07:41:26,BTCUSD_PERP,bid,56900,842.12
2024-09-02 07:41:54,BTCUSD_PERP,bid,56900,674.26
2024-09-02 07:41:54,BTCUSD_PERP,bid,56800,729.05
2024-09-02 07:41:54,BTCUSD_PERP,bid,56800,785.36
2024-09-02 07:42:19,BTCUSD_PERP,bid,56800,673.32
2024-09-02 07:42:19,BTCUSD_PERP,bid,56800,784.45
2024-09-02 07:42:19,BTCUSD_PERP,bid,56800,896.91
2024-09-02 07:42:19,BTCUSD_PERP,bid,56800,953.19
2024-09-02 07:42:39,BTCUSD_PERP,bid,56800,840.63
2024-09-02 07:42:39,BTCUSD_PERP,bid,56800,784.93
2024-09-02 07:42:40,BTCUSD_PERP,bid,56800,728.65
2024-09-02 07:42:40,BTCUSD_PERP,bid,56800,672.47
2024-09-02 07:42:40,BTCUSD_PERP,bid,56800,616.77
2024-09-02 07:43:24,BTCUSD_PERP,bid,56800,616.67
2024-09-02 07:43:24,BTCUSD_PERP,bid,56800,672.95
2024-09-02 07:45:21,BTCUSD_PERP,bid,56800,672.6
2024-09-02 07:45:21,BTCUSD_PERP,bid,56800,728.85
2024-09-02 07:45:29,BTCUSD_PERP,bid,56800,672.69
2024-09-02 07:45:29,BTCUSD_PERP,bid,56800,560.19
2024-09-02 07:45:30,BTCUSD_PERP,bid,56700,672.23
2024-09-02 07:47:40,BTCUSD_PERP,bid,56700,616.59
2024-09-02 07:47:41,BTCUSD_PERP,bid,56800,729.55
2024-09-02 07:47:41,BTCUSD_PERP,bid,56800,785.23
2024-09-02 07:47:41,BTCUSD_PERP,bid,56800,952.86
2024-09-02 07:49:50,BTCUSD_PERP,bid,56800,784.08
2024-09-02 07:49:51,BTCUSD_PERP,bid,56800,727.42
2024-09-02 07:49:51,BTCUSD_PERP,bid,56800,783.65
2024-09-02 07:49:51,BTCUSD_PERP,bid,56800,839.88
2024-09-02 07:50:43,BTCUSD_PERP,bid,56800,727.42
2024-09-02 07:50:43,BTCUSD_PERP,bid,56800,671.77
2024-09-02 07:50:44,BTCUSD_PERP,bid,56700,671.41
2024-09-02 07:50:44,BTCUSD_PERP,bid,56700,783.23
2024-09-02 07:50:44,BTCUSD_PERP,bid,56700,839.43
2024-09-02 07:50:58,BTCUSD_PERP,ask,57800,520.8
2024-09-02 07:51:00,BTCUSD_PERP,ask,57800,526.58
2024-09-02 07:52:17,BTCUSD_PERP,ask,57700,522.1
2024-09-02 07:52:33,BTCUSD_PERP,bid,56600,614.24
2024-09-02 07:52:33,BTCUSD_PERP,bid,56600,670.34
2024-09-02 07:52:34,BTCUSD_PERP,bid,56600,670.38
2024-09-02 07:52:51,BTCUSD_PERP,bid,56600,558.18
2024-09-02 07:53:39,BTCUSD_PERP,bid,56700,559.12
2024-09-02 07:53:47,BTCUSD_PERP,bid,56700,563.16
2024-09-02 07:53:47,BTCUSD_PERP,bid,56700,619.34
2024-09-02 07:53:47,BTCUSD_PERP,bid,56700,675.52
2024-09-02 07:53:47,BTCUSD_PERP,bid,56700,731.12
2024-09-02 07:54:20,BTCUSD_PERP,bid,56700,675.52
2024-09-02 07:54:20,BTCUSD_PERP,bid,56700,619.34
2024-09-02 07:54:21,BTCUSD_PERP,bid,56700,560.87
2024-09-02 07:54:22,BTCUSD_PERP,bid,56700,617.08
2024-09-02 07:54:22,BTCUSD_PERP,bid,56700,673.29
2024-09-02 07:54:22,BTCUSD_PERP,bid,56700,728.93
2024-09-02 07:54:22,BTCUSD_PERP,bid,56700,785.14
2024-09-02 07:54:22,BTCUSD_PERP,bid,56700,841.35
2024-09-02 07:54:36,BTCUSD_PERP,bid,56700,785.14
2024-09-02 07:54:36,BTCUSD_PERP,bid,56700,728.93
2024-09-02 07:54:37,BTCUSD_PERP,bid,56700,617.08
2024-09-02 07:54:37,BTCUSD_PERP,bid,56700,560.87
2024-09-02 07:56:01,BTCUSD_PERP,bid,56700,560.3
2024-09-02 07:56:01,BTCUSD_PERP,bid,56700,672.15
2024-09-02 07:56:01,BTCUSD_PERP,bid,56700,727.79
2024-09-02 07:56:02,BTCUSD_PERP,bid,56700,840.21
2024-09-02 07:56:02,BTCUSD_PERP,bid,56700,896.42
2024-09-02 07:56:02,BTCUSD_PERP,bid,56700,952.06
2024-09-02 07:56:03,BTCUSD_PERP,bid,56700,952.1
2024-09-02 07:56:48,BTCUSD_PERP,bid,56700,896.46
2024-09-02 07:56:49,BTCUSD_PERP,bid,56700,785.18
2024-09-02 07:56:49,BTCUSD_PERP,bid,56700,672.85
2024-09-02 07:56:49,BTCUSD_PERP,bid,56700,616.64
2024-09-02 07:56:49,BTCUSD_PERP,bid,56700,561.0
2024-09-02 07:57:09,BTCUSD_PERP,bid,56900,616.91
2024-09-02 07:57:09,BTCUSD_PERP,bid,56900,672.69
2024-09-02 07:57:09,BTCUSD_PERP,bid,56900,729.04
2024-09-02 07:57:09,BTCUSD_PERP,bid,56900,785.39
2024-09-02 07:57:10,BTCUSD_PERP,bid,56900,841.74
2024-09-02 07:57:10,BTCUSD_PERP,bid,56900,953.87
2024-09-02 07:59:21,BTCUSD_PERP,bid,56900,897.52
2024-09-02 07:59:21,BTCUSD_PERP,bid,56900,841.74
2024-09-02 07:59:21,BTCUSD_PERP,bid,56900,730.18
2024-09-02 07:59:21,BTCUSD_PERP,bid,56900,561.7
2024-09-02 07:59:21,BTCUSD_PERP,bid,56900,561.74
2024-09-02 07:59:21,BTCUSD_PERP,bid,56900,618.15
2024-09-02 07:59:22,BTCUSD_PERP,bid,56900,673.98
2024-09-02 07:59:22,BTCUSD_PERP,bid,56900,730.39
2024-09-02 07:59:22,BTCUSD_PERP,bid,56900,786.8
2024-09-02 07:59:22,BTCUSD_PERP,bid,56900,899.04
2024-09-02 07:59:22,BTCUSD_PERP,bid,56900,955.45
2024-09-02 07:59:23,BTCUSD_PERP,bid,56900,1067.11
2024-09-02 07:59:30,BTCUSD_PERP,bid,56900,1067.15
2024-09-02 07:59:31,BTCUSD_PERP,bid,56900,1067.11
2024-09-02 07:59:33,BTCUSD_PERP,bid,56900,1067.15
2024-09-02 08:01:42,BTCUSD_PERP,bid,56900,1010.83
2024-09-02 08:01:42,BTCUSD_PERP,bid,56900,954.42
2024-09-02 08:01:42,BTCUSD_PERP,bid,56900,898.01
2024-09-02 08:01:42,BTCUSD_PERP,bid,56900,842.18
2024-09-02 08:01:42,BTCUSD_PERP,bid,56900,786.35
2024-09-02 08:01:42,BTCUSD_PERP,bid,56900,674.1
2024-09-02 08:01:42,BTCUSD_PERP,bid,56900,618.27
2024-09-02 08:01:43,BTCUSD_PERP,bid,56900,561.4
2024-09-02 08:01:43,BTCUSD_PERP,bid,56900,561.86
2024-09-02 08:01:43,BTCUSD_PERP,bid,56900,617.2
2024-09-02 08:01:43,BTCUSD_PERP,bid,56900,673.58
2024-09-02 08:02:13,BTCUSD_PERP,bid,56900,561.4
2024-09-02 08:02:14,BTCUSD_PERP,bid,56900,617.53
2024-09-02 08:02:14,BTCUSD_PERP,bid,56900,730.23
2024-09-02 08:02:14,BTCUSD_PERP,bid,56900,841.78
2024-09-02 08:02:15,BTCUSD_PERP,bid,56900,898.13
2024-09-02 08:02:15,BTCUSD_PERP,bid,56900,953.9
2024-09-02 08:02:15,BTCUSD_PERP,bid,56900,1010.25
2024-09-02 08:02:21,BTCUSD_PERP,bid,56900,1011.44
2024-09-02 08:02:29,BTCUSD_PERP,bid,56900,1011.4
2024-09-02 08:02:30,BTCUSD_PERP,bid,56900,1011.44
2024-09-02 08:02:33,BTCUSD_PERP,bid,56900,1011.4
2024-09-02 08:03:00,BTCUSD_PERP,bid,56900,898.7
2024-09-02 08:03:00,BTCUSD_PERP,bid,56900,842.35
2024-09-02 08:03:00,BTCUSD_PERP,bid,56900,674.46
2024-09-02 08:03:00,BTCUSD_PERP,bid,56900,618.11
2024-09-02 08:03:01,BTCUSD_PERP,bid,56900,562.34
2024-09-02 08:03:01,BTCUSD_PERP,bid,56800,785.0
2024-09-02 08:03:02,BTCUSD_PERP,bid,56800,841.22
2024-09-02 08:03:02,BTCUSD_PERP,bid,56800,896.96
2024-09-02 08:03:24,BTCUSD_PERP,bid,56800,840.64
2024-09-02 08:03:24,BTCUSD_PERP,bid,56800,728.58
2024-09-02 08:03:24,BTCUSD_PERP,bid,56800,672.84
2024-09-02 08:03:24,BTCUSD_PERP,bid,56800,616.52
2024-09-02 08:03:24,BTCUSD_PERP,bid,56800,560.78
2024-09-02 08:03:25,BTCUSD_PERP,bid,56800,672.41
2024-09-02 08:03:25,BTCUSD_PERP,bid,56800,728.69
2024-09-02 08:03:25,BTCUSD_PERP,bid,56800,784.4
2024-09-02 08:03:25,BTCUSD_PERP,bid,56800,895.82
2024-09-02 08:03:25,BTCUSD_PERP,bid,56800,1008.38
2024-09-02 08:03:26,BTCUSD_PERP,bid,56800,1064.66
2024-09-02 08:03:28,BTCUSD_PERP,bid,56800,729.49
2024-09-02 08:03:28,BTCUSD_PERP,bid,56800,1009.6
2024-09-02 08:03:28,BTCUSD_PERP,bid,56800,1065.85
2024-09-02 08:04:23,BTCUSD_PERP,bid,56800,897.67
2024-09-02 08:04:23,BTCUSD_PERP,bid,56800,559.95
2024-09-02 08:05:13,BTCUSD_PERP,bid,56800,896.97
2024-09-02 08:06:07,BTCUSD_PERP,bid,56800,841.26
2024-09-02 08:06:08,BTCUSD_PERP,bid,56800,673.08
2024-09-02 08:06:08,BTCUSD_PERP,bid,56800,617.37
2024-09-02 08:06:08,BTCUSD_PERP,bid,56800,561.09
2024-09-02 08:06:08,BTCUSD_PERP,bid,56800,616.93
2024-09-02 08:06:08,BTCUSD_PERP,bid,56800,1008.95
2024-09-02 08:06:24,BTCUSD_PERP,bid,56800,840.77
2024-09-02 08:07:03,BTCUSD_PERP,bid,56700,558.95
2024-09-02 08:07:15,BTCUSD_PERP,bid,56700,559.3
2024-09-02 08:08:30,BTCUSD_PERP,bid,56800,560.19
2024-09-02 08:08:30,BTCUSD_PERP,bid,56800,616.47
2024-09-02 08:09:04,BTCUSD_PERP,bid,56800,560.19
2024-09-02 08:09:06,BTCUSD_PERP,bid,56800,561.27
2024-09-02 08:09:06,BTCUSD_PERP,bid,56800,617.58
2024-09-02 08:09:06,BTCUSD_PERP,bid,56800,729.62
2024-09-02 08:10:20,BTCUSD_PERP,bid,56800,673.31
2024-09-02 08:10:20,BTCUSD_PERP,bid,56800,617.58
2024-09-02 08:21:59,BTCUSD_PERP,bid,57000,564.34
2024-09-02 08:21:59,BTCUSD_PERP,bid,57000,620.27
2024-09-02 08:22:00,BTCUSD_PERP,bid,57000,676.77
2024-09-02 08:22:00,BTCUSD_PERP,bid,57000,789.2
2024-09-02 08:22:00,BTCUSD_PERP,bid,57000,845.7
2024-09-02 08:22:02,BTCUSD_PERP,bid,57000,847.75
2024-09-02 08:22:02,BTCUSD_PERP,bid,57000,848.94
2024-09-02 08:22:02,BTCUSD_PERP,bid,57000,862.61
2024-09-02 08:22:41,BTCUSD_PERP,bid,57000,693.77
2024-09-02 08:22:41,BTCUSD_PERP,bid,57000,956.42
2024-09-02 08:22:41,BTCUSD_PERP,bid,57000,1068.79
2024-09-02 08:22:41,BTCUSD_PERP,bid,56900,549.02
2024-09-02 08:22:41,BTCUSD_PERP,bid,57000,1125.26
2024-09-02 08:23:33,BTCUSD_PERP,bid,57000,844.16
2024-09-02 08:23:33,BTCUSD_PERP,bid,57000,956.53
2024-09-02 08:23:33,BTCUSD_PERP,bid,57000,1012.4
2024-09-02 08:23:33,BTCUSD_PERP,bid,56900,548.73
2024-09-02 08:23:33,BTCUSD_PERP,bid,57000,1068.84
2024-09-02 08:23:42,BTCUSD_PERP,bid,57000,1012.4
2024-09-02 08:23:42,BTCUSD_PERP,bid,57000,900.09
2024-09-02 08:23:43,BTCUSD_PERP,bid,57000,787.21
2024-09-02 08:23:43,BTCUSD_PERP,bid,56900,786.18
2024-09-02 08:23:43,BTCUSD_PERP,bid,56900,842.59
2024-09-02 08:23:48,BTCUSD_PERP,bid,56900,561.42
2024-09-02 08:23:48,BTCUSD_PERP,bid,56900,785.8
2024-09-02 08:23:48,BTCUSD_PERP,bid,56900,842.18
2024-09-02 08:24:03,BTCUSD_PERP,bid,56900,729.99
2024-09-02 08:24:04,BTCUSD_PERP,bid,56900,673.25
2024-09-02 08:24:04,BTCUSD_PERP,bid,56900,729.6
2024-09-02 08:24:08,BTCUSD_PERP,bid,56900,673.82
2024-09-02 08:24:08,BTCUSD_PERP,bid,56800,897.6
2024-09-02 08:24:08,BTCUSD_PERP,bid,56800,953.92
2024-09-02 08:24:13,BTCUSD_PERP,bid,56800,730.46
2024-09-02 08:24:32,BTCUSD_PERP,bid,56800,784.07
2024-09-02 08:24:33,BTCUSD_PERP,bid,56800,1008.56
2024-09-02 08:24:33,BTCUSD_PERP,bid,56800,1064.82
2024-09-02 08:24:58,BTCUSD_PERP,bid,56800,1009.13
2024-09-02 08:24:59,BTCUSD_PERP,bid,56800,952.87
2024-09-02 08:24:59,BTCUSD_PERP,bid,56800,896.71
2024-09-02 08:24:59,BTCUSD_PERP,bid,56800,840.45
2024-09-02 08:24:59,BTCUSD_PERP,bid,56800,728.51
2024-09-02 08:24:59,BTCUSD_PERP,bid,56800,672.25
2024-09-02 08:24:59,BTCUSD_PERP,bid,56800,615.99
2024-09-02 08:24:59,BTCUSD_PERP,bid,56800,559.73
2024-09-02 08:25:00,BTCUSD_PERP,bid,56800,617.17
2024-09-02 08:25:10,BTCUSD_PERP,bid,56800,618.3
2024-09-02 08:26:50,BTCUSD_PERP,bid,56800,617.17
2024-09-02 08:27:07,BTCUSD_PERP,bid,56800,617.21
2024-09-02 08:27:40,BTCUSD_PERP,bid,56900,560.99
2024-09-02 08:30:50,BTCUSD_PERP,bid,57000,561.99
2024-09-02 08:30:50,BTCUSD_PERP,bid,57000,618.43
2024-09-02 08:32:09,BTCUSD_PERP,bid,57000,561.99
2024-09-02 08:32:09,BTCUSD_PERP,bid,56900,562.3
2024-09-02 08:36:09,BTCUSD_PERP,ask,57900,522.57
2024-09-02 08:40:54,BTCUSD_PERP,bid,56800,560.59
2024-09-02 08:40:55,BTCUSD_PERP,bid,56800,560.63
2024-09-02 08:40:58,BTCUSD_PERP,bid,56800,560.67
2024-09-02 08:45:33,BTCUSD_PERP,bid,56700,616.08
2024-09-02 08:45:34,BTCUSD_PERP,bid,56700,672.3
2024-09-02 08:45:34,BTCUSD_PERP,bid,56700,674.34
2024-09-02 08:45:35,BTCUSD_PERP,bid,56700,687.94
2024-09-02 08:45:38,BTCUSD_PERP,bid,56700,632.31
2024-09-02 08:45:38,BTCUSD_PERP,bid,56700,576.09
2024-09-02 08:45:39,BTCUSD_PERP,bid,56800,560.2
2024-09-02 08:45:40,BTCUSD_PERP,bid,56800,672.7
2024-09-02 08:45:54,BTCUSD_PERP,bid,56700,616.11
2024-09-02 08:45:54,BTCUSD_PERP,bid,56700,672.33
2024-09-02 08:46:49,BTCUSD_PERP,bid,56800,560.18
2024-09-02 08:46:49,BTCUSD_PERP,bid,56800,616.43
2024-09-02 08:46:50,BTCUSD_PERP,bid,56800,672.68
2024-09-02 08:47:09,BTCUSD_PERP,bid,56800,616.43
2024-09-02 08:47:09,BTCUSD_PERP,bid,56800,560.76
2024-09-02 08:47:47,BTCUSD_PERP,bid,56900,617.07
2024-09-02 08:47:47,BTCUSD_PERP,bid,56900,673.44
2024-09-02 08:47:47,BTCUSD_PERP,bid,56900,729.81
2024-09-02 08:47:48,BTCUSD_PERP,bid,56900,786.18
2024-09-02 08:47:48,BTCUSD_PERP,bid,56900,842.55
2024-09-02 08:47:48,BTCUSD_PERP,bid,56900,898.38
2024-09-02 08:47:48,BTCUSD_PERP,bid,56900,1010.54
2024-09-02 08:47:49,BTCUSD_PERP,bid,56900,1066.91
2024-09-02 08:48:11,BTCUSD_PERP,bid,56900,1011.12
2024-09-02 08:48:11,BTCUSD_PERP,bid,56900,560.98
2024-09-02 08:48:11,BTCUSD_PERP,bid,56900,954.2
2024-09-02 08:48:11,BTCUSD_PERP,bid,56900,1010.54
2024-09-02 08:48:44,BTCUSD_PERP,bid,56900,954.2
2024-09-02 08:48:44,BTCUSD_PERP,bid,56900,898.44
2024-09-02 08:48:45,BTCUSD_PERP,bid,56900,786.34
2024-09-02 08:48:45,BTCUSD_PERP,bid,56900,730.1
2024-09-02 08:48:45,BTCUSD_PERP,bid,56900,618.0
2024-09-02 08:48:45,BTCUSD_PERP,bid,56800,560.68
2024-09-02 08:48:45,BTCUSD_PERP,bid,56800,673.3
2024-09-02 08:48:45,BTCUSD_PERP,bid,56800,729.61
2024-09-02 08:48:45,BTCUSD_PERP,bid,56800,785.34
2024-09-02 08:48:46,BTCUSD_PERP,bid,56800,841.65
2024-09-02 08:48:46,BTCUSD_PERP,bid,56800,897.38
2024-09-02 08:48:46,BTCUSD_PERP,bid,56800,953.69
2024-09-02 08:48:46,BTCUSD_PERP,bid,56800,1010.0
2024-09-02 08:51:33,BTCUSD_PERP,bid,56800,1012.04
2024-09-02 08:51:36,BTCUSD_PERP,bid,56800,1012.08
2024-09-02 08:51:59,BTCUSD_PERP,bid,56800,1010.04
2024-09-02 08:53:34,BTCUSD_PERP,bid,56800,673.92
2024-09-02 08:53:34,BTCUSD_PERP,bid,56900,673.6
2024-09-02 08:53:34,BTCUSD_PERP,bid,56900,841.45
2024-09-02 08:53:34,BTCUSD_PERP,bid,56900,1010.44
2024-09-02 08:55:48,BTCUSD_PERP,bid,56900,954.11
2024-09-02 08:55:48,BTCUSD_PERP,bid,56900,897.78
2024-09-02 08:55:48,BTCUSD_PERP,bid,56900,729.36
2024-09-02 08:55:48,BTCUSD_PERP,bid,56900,673.03
2024-09-02 08:55:49,BTCUSD_PERP,bid,56900,617.27
2024-09-02 08:55:49,BTCUSD_PERP,bid,56900,561.29
2024-09-02 08:55:49,BTCUSD_PERP,bid,56900,617.08
2024-09-02 08:56:19,BTCUSD_PERP,bid,56900,560.9
2024-09-02 08:56:19,BTCUSD_PERP,bid,56900,617.23
2024-09-02 08:58:33,BTCUSD_PERP,bid,56900,730.02
2024-09-02 08:58:33,BTCUSD_PERP,bid,56800,547.94
2024-09-02 08:58:33,BTCUSD_PERP,bid,56900,786.38
2024-09-02 09:00:01,BTCUSD_PERP,bid,56900,562.65
2024-09-02 09:00:01,BTCUSD_PERP,bid,56800,730.45
2024-09-02 09:02:19,BTCUSD_PERP,bid,56800,674.7
2024-09-02 09:02:19,BTCUSD_PERP,bid,56800,618.37
2024-09-02 09:02:19,BTCUSD_PERP,bid,56800,562.04
2024-09-02 09:06:50,BTCUSD_PERP,bid,57100,619.4
2024-09-02 09:07:32,BTCUSD_PERP,bid,57100,620.54
2024-09-02 09:08:19,BTCUSD_PERP,bid,57100,564.01
2024-09-02 09:08:20,BTCUSD_PERP,bid,57100,563.77
2024-09-02 09:08:20,BTCUSD_PERP,bid,57100,676.31
2024-09-02 09:08:20,BTCUSD_PERP,bid,57100,732.29
2024-09-02 09:08:44,BTCUSD_PERP,bid,57100,675.73
2024-09-02 09:08:45,BTCUSD_PERP,bid,57100,619.17
2024-09-02 09:08:45,BTCUSD_PERP,bid,57100,562.61
2024-09-02 09:08:46,BTCUSD_PERP,bid,57200,563.29
2024-09-02 09:08:46,BTCUSD_PERP,bid,57200,619.92
2024-09-02 09:10:12,BTCUSD_PERP,bid,57000,618.61
2024-09-02 09:10:12,BTCUSD_PERP,bid,57000,675.11
2024-09-02 09:10:47,BTCUSD_PERP,bid,57100,563.59
2024-09-02 09:10:48,BTCUSD_PERP,bid,57100,620.12
2024-09-02 09:10:48,BTCUSD_PERP,bid,57100,676.08
2024-09-02 09:10:48,BTCUSD_PERP,bid,57100,732.61
2024-09-02 09:10:48,BTCUSD_PERP,bid,57100,845.67
2024-09-02 09:10:48,BTCUSD_PERP,bid,57100,957.59
2024-09-02 09:11:01,BTCUSD_PERP,bid,57100,618.98
2024-09-02 09:15:49,BTCUSD_PERP,bid,57000,562.72
2024-09-02 09:16:22,BTCUSD_PERP,bid,57100,562.99
2024-09-02 09:16:22,BTCUSD_PERP,bid,57100,618.94
2024-09-02 09:16:22,BTCUSD_PERP,bid,57100,675.51
2024-09-02 09:16:22,BTCUSD_PERP,bid,57100,732.04
2024-09-02 09:17:22,BTCUSD_PERP,bid,57100,675.51
2024-09-02 09:17:23,BTCUSD_PERP,bid,57100,618.98
2024-09-02 09:17:23,BTCUSD_PERP,bid,57100,562.45
2024-09-02 09:17:24,BTCUSD_PERP,bid,57100,563.96
2024-09-02 09:17:24,BTCUSD_PERP,bid,57100,676.52
2024-09-02 09:17:24,BTCUSD_PERP,bid,57100,732.5
2024-09-02 09:17:24,BTCUSD_PERP,bid,57100,788.49
2024-09-02 09:17:24,BTCUSD_PERP,bid,57100,845.06
2024-09-02 09:18:12,BTCUSD_PERP,bid,57100,788.49
2024-09-02 09:18:13,BTCUSD_PERP,bid,57100,732.5
2024-09-02 09:18:13,BTCUSD_PERP,bid,57100,675.93
2024-09-02 09:18:13,BTCUSD_PERP,bid,57100,563.37
2024-09-02 09:18:13,BTCUSD_PERP,bid,57100,563.04
2024-09-02 09:18:14,BTCUSD_PERP,bid,57100,619.06
2024-09-02 09:18:35,BTCUSD_PERP,bid,47000,2443.38
2024-09-02 09:19:23,BTCUSD_PERP,bid,57100,562.47
2024-09-02 09:19:24,BTCUSD_PERP,bid,57200,620.03
2024-09-02 09:19:24,BTCUSD_PERP,bid,57200,789.34
2024-09-02 09:19:24,BTCUSD_PERP,bid,57200,845.38
2024-09-02 09:19:25,BTCUSD_PERP,bid,57200,901.43
2024-09-02 09:20:24,BTCUSD_PERP,bid,57200,619.44
2024-09-02 09:21:03,BTCUSD_PERP,bid,57100,618.6
2024-09-02 09:24:33,BTCUSD_PERP,ask,60000,507.29
2024-09-02 09:25:32,BTCUSD_PERP,ask,58200,520.34
2024-09-02 09:26:33,BTCUSD_PERP,ask,58200,519.81
2024-09-02 09:26:33,BTCUSD_PERP,ask,58200,539.0
2024-09-02 09:26:33,BTCUSD_PERP,ask,58200,544.81
2024-09-02 09:26:38,BTCUSD_PERP,ask,58200,553.82
2024-09-02 09:26:39,BTCUSD_PERP,ask,58200,573.01
2024-09-02 09:26:39,BTCUSD_PERP,ask,58200,578.82
2024-09-02 09:26:40,BTCUSD_PERP,ask,58200,588.12
2024-09-02 09:27:00,BTCUSD_PERP,ask,58200,569.1
2024-09-02 09:27:07,BTCUSD_PERP,ask,58200,563.34
2024-09-02 09:27:14,BTCUSD_PERP,ask,58200,557.58
2024-09-02 09:30:27,BTCUSD_PERP,ask,58000,521.83
2024-09-02 09:30:34,BTCUSD_PERP,ask,58000,527.62
2024-09-02 09:30:34,BTCUSD_PERP,ask,58000,536.89
2024-09-02 09:30:35,BTCUSD_PERP,ask,58000,546.16
2024-09-02 09:30:37,BTCUSD_PERP,ask,58000,551.96
2024-09-02 09:30:41,BTCUSD_PERP,ask,58000,560.95
2024-09-02 09:30:49,BTCUSD_PERP,ask,58000,570.23
2024-09-02 09:30:54,BTCUSD_PERP,ask,58000,576.02
2024-09-02 09:30:59,BTCUSD_PERP,ask,58000,585.29
2024-09-02 09:31:03,BTCUSD_PERP,bid,56900,785.25
2024-09-02 09:31:03,BTCUSD_PERP,bid,56900,841.59
2024-09-02 09:31:19,BTCUSD_PERP,ask,58000,527.81
2024-09-02 09:31:23,BTCUSD_PERP,bid,56900,785.82
2024-09-02 09:31:23,BTCUSD_PERP,bid,56800,729.04
2024-09-02 09:34:52,BTCUSD_PERP,bid,56800,616.42
2024-09-02 09:34:53,BTCUSD_PERP,bid,56800,560.99
2024-09-02 09:34:53,BTCUSD_PERP,bid,56800,616.7
2024-09-02 09:36:39,BTCUSD_PERP,ask,57900,530.22
2024-09-02 09:36:39,BTCUSD_PERP,ask,57900,539.48
2024-09-02 09:36:44,BTCUSD_PERP,ask,57900,545.26
2024-09-02 09:37:36,BTCUSD_PERP,ask,57900,539.48
2024-09-02 09:37:39,BTCUSD_PERP,ask,57900,530.22
2024-09-02 09:37:39,BTCUSD_PERP,ask,57900,520.96
2024-09-02 09:38:15,BTCUSD_PERP,bid,56800,672.06
2024-09-02 09:44:45,BTCUSD_PERP,bid,56800,615.81
2024-09-02 09:44:50,BTCUSD_PERP,bid,56800,562.25
2024-09-02 09:44:51,BTCUSD_PERP,bid,56800,563.44
2024-09-02 09:44:52,BTCUSD_PERP,bid,56800,577.07
2024-09-02 09:45:16,BTCUSD_PERP,bid,56800,559.9
2024-09-02 09:46:48,BTCUSD_PERP,bid,56900,560.12
2024-09-02 09:46:48,BTCUSD_PERP,bid,56900,616.48
2024-09-02 09:46:48,BTCUSD_PERP,bid,56900,729.2
2024-09-02 09:46:48,BTCUSD_PERP,bid,56900,785.46
2024-09-02 09:48:25,BTCUSD_PERP,bid,56800,617.11
2024-09-02 09:50:36,BTCUSD_PERP,bid,56800,560.53
2024-09-02 09:50:37,BTCUSD_PERP,bid,56800,616.82
2024-09-02 09:50:47,BTCUSD_PERP,bid,56800,616.86
2024-09-02 09:51:17,BTCUSD_PERP,bid,56800,561.46
2024-09-02 09:56:12,BTCUSD_PERP,bid,57000,618.63
2024-09-02 09:56:56,BTCUSD_PERP,bid,57000,562.76
2024-09-02 09:58:23,BTCUSD_PERP,bid,57000,787.4
2024-09-02 09:58:23,BTCUSD_PERP,bid,57000,843.85
2024-09-02 09:58:54,BTCUSD_PERP,bid,57000,787.4
2024-09-02 09:58:54,BTCUSD_PERP,bid,57000,675.08
2024-09-02 09:58:55,BTCUSD_PERP,bid,57000,618.63
2024-09-02 09:58:55,BTCUSD_PERP,bid,57000,562.76
2024-09-02 09:58:56,BTCUSD_PERP,bid,57000,562.48
2024-09-02 09:58:56,BTCUSD_PERP,bid,57000,618.96
2024-09-02 09:58:56,BTCUSD_PERP,bid,57000,674.86
2024-09-02 09:58:56,BTCUSD_PERP,bid,57000,731.34
2024-09-02 09:58:56,BTCUSD_PERP,bid,57000,787.82
2024-09-02 09:59:36,BTCUSD_PERP,bid,57000,676.02
2024-09-02 09:59:36,BTCUSD_PERP,bid,57000,619.54
2024-09-02 09:59:37,BTCUSD_PERP,bid,57000,618.56
2024-09-02 09:59:37,BTCUSD_PERP,bid,57000,675.0
2024-09-02 09:59:37,BTCUSD_PERP,bid,57000,730.87
2024-09-02 09:59:38,BTCUSD_PERP,bid,57000,843.75
2024-09-02 09:59:38,BTCUSD_PERP,bid,56900,548.75
2024-09-02 09:59:58,BTCUSD_PERP,ask,58100,518.13
2024-09-02 10:00:51,BTCUSD_PERP,bid,57000,562.42
2024-09-02 10:00:51,BTCUSD_PERP,bid,57000,675.36
2024-09-02 10:00:52,BTCUSD_PERP,bid,56900,549.02
2024-09-02 10:00:52,BTCUSD_PERP,bid,57000,787.73
2024-09-02 10:00:59,BTCUSD_PERP,bid,57000,787.77
2024-09-02 10:01:14,BTCUSD_PERP,bid,57000,787.81
2024-09-02 10:01:46,BTCUSD_PERP,bid,57000,675.44
2024-09-02 10:01:46,BTCUSD_PERP,bid,57000,563.07
2024-09-02 10:01:48,BTCUSD_PERP,bid,57000,563.37
2024-09-02 10:01:48,BTCUSD_PERP,bid,57000,731.74
2024-09-02 10:01:48,BTCUSD_PERP,bid,57000,788.25
2024-09-02 10:01:50,BTCUSD_PERP,bid,57000,788.29
2024-09-02 10:02:26,BTCUSD_PERP,bid,57000,675.27
2024-09-02 10:02:27,BTCUSD_PERP,bid,57000,562.25
2024-09-02 10:02:28,BTCUSD_PERP,bid,57100,562.7
2024-09-02 10:02:37,BTCUSD_PERP,bid,57100,562.9
2024-09-02 10:02:38,BTCUSD_PERP,bid,57100,619.49
2024-09-02 10:02:38,BTCUSD_PERP,bid,57100,676.08
2024-09-02 10:02:39,BTCUSD_PERP,bid,57100,732.67
2024-09-02 10:03:07,BTCUSD_PERP,bid,57100,676.18
2024-09-02 10:03:08,BTCUSD_PERP,bid,57100,619.59
2024-09-02 10:03:08,BTCUSD_PERP,bid,57100,563.0
2024-09-02 10:03:09,BTCUSD_PERP,bid,57100,691.93
2024-09-02 10:03:09,BTCUSD_PERP,bid,57100,748.55
2024-09-02 10:03:09,BTCUSD_PERP,bid,57100,750.58
2024-09-02 10:03:09,BTCUSD_PERP,bid,57100,806.62
2024-09-02 10:03:33,BTCUSD_PERP,bid,57100,750.0
2024-09-02 10:03:33,BTCUSD_PERP,bid,57100,693.38
2024-09-02 10:03:33,BTCUSD_PERP,bid,57100,636.76
2024-09-02 10:03:33,BTCUSD_PERP,bid,57100,580.14
2024-09-02 10:03:34,BTCUSD_PERP,bid,57100,563.43
2024-09-02 10:03:34,BTCUSD_PERP,bid,57100,620.01
2024-09-02 10:04:10,BTCUSD_PERP,bid,57100,733.06
2024-09-02 10:04:10,BTCUSD_PERP,bid,57100,789.68
2024-09-02 10:05:10,BTCUSD_PERP,bid,57100,733.06
2024-09-02 10:05:10,BTCUSD_PERP,bid,57100,620.4
2024-09-02 10:05:11,BTCUSD_PERP,bid,57100,564.36
2024-09-02 10:05:11,BTCUSD_PERP,bid,57100,563.48
2024-09-02 10:05:11,BTCUSD_PERP,bid,57100,676.07
2024-09-02 10:05:11,BTCUSD_PERP,bid,57100,732.65
2024-09-02 10:05:12,BTCUSD_PERP,bid,57100,789.23
2024-09-02 10:06:08,BTCUSD_PERP,bid,57100,733.22
2024-09-02 10:06:08,BTCUSD_PERP,bid,57100,676.64
2024-09-02 10:06:08,BTCUSD_PERP,bid,57100,620.06
2024-09-02 10:06:09,BTCUSD_PERP,bid,57100,563.48
2024-09-02 10:06:09,BTCUSD_PERP,bid,57100,562.56
2024-09-02 10:06:09,BTCUSD_PERP,bid,57100,619.11
2024-09-02 10:06:35,BTCUSD_PERP,bid,57100,562.86
2024-09-02 10:06:35,BTCUSD_PERP,bid,57100,676.02
2024-09-02 10:06:35,BTCUSD_PERP,bid,57100,732.6
2024-09-02 10:07:39,BTCUSD_PERP,bid,57100,676.11
2024-09-02 10:07:39,BTCUSD_PERP,bid,57100,619.53
2024-09-02 10:13:55,BTCUSD_PERP,bid,57100,563.6
2024-09-02 10:21:25,BTCUSD_PERP,bid,57200,563.89
2024-09-02 10:22:18,BTCUSD_PERP,bid,57100,563.59
2024-09-02 10:22:19,BTCUSD_PERP,bid,57100,619.61
2024-09-02 10:22:19,BTCUSD_PERP,bid,57100,676.21
2024-09-02 10:22:45,BTCUSD_PERP,bid,57100,678.26
2024-09-02 10:24:27,BTCUSD_PERP,bid,57100,622.24
2024-09-02 10:24:29,BTCUSD_PERP,bid,57100,565.73
2024-09-02 10:24:30,BTCUSD_PERP,bid,57200,732.73
2024-09-02 10:24:30,BTCUSD_PERP,bid,57200,789.37
2024-09-02 10:25:54,BTCUSD_PERP,bid,57100,732.23
2024-09-02 10:25:55,BTCUSD_PERP,bid,57100,788.83
2024-09-02 10:26:22,BTCUSD_PERP,bid,57100,620.19
2024-09-02 10:26:23,BTCUSD_PERP,bid,57100,562.71
2024-09-02 10:26:23,BTCUSD_PERP,bid,57100,619.28
2024-09-02 10:26:23,BTCUSD_PERP,bid,57100,675.27
2024-09-02 10:26:23,BTCUSD_PERP,bid,57100,731.84
2024-09-02 10:26:24,BTCUSD_PERP,bid,57100,788.41
2024-09-02 10:28:57,BTCUSD_PERP,bid,57100,732.42
2024-09-02 10:28:57,BTCUSD_PERP,bid,57100,620.44
2024-09-02 10:28:57,BTCUSD_PERP,bid,57100,564.45
2024-09-02 10:34:35,BTCUSD_PERP,ask,58200,519.7
2024-09-02 10:34:36,BTCUSD_PERP,ask,58200,529.0
2024-09-02 10:34:37,BTCUSD_PERP,ask,58200,538.3
2024-09-02 10:34:38,BTCUSD_PERP,ask,58200,547.89
2024-09-02 10:35:24,BTCUSD_PERP,bid,57100,562.8
2024-09-02 10:36:27,BTCUSD_PERP,bid,57000,562.1
2024-09-02 10:36:28,BTCUSD_PERP,bid,57000,618.61
2024-09-02 10:37:16,BTCUSD_PERP,bid,57100,564.08
2024-09-02 10:37:26,BTCUSD_PERP,bid,57100,564.96
2024-09-02 10:37:27,BTCUSD_PERP,bid,57100,678.2
2024-09-02 10:37:27,BTCUSD_PERP,bid,57100,734.24
2024-09-02 10:37:27,BTCUSD_PERP,bid,57100,790.27
2024-09-02 10:37:27,BTCUSD_PERP,bid,57100,903.51
2024-09-02 10:38:13,BTCUSD_PERP,bid,57100,846.89
2024-09-02 10:38:13,BTCUSD_PERP,bid,57100,733.19
2024-09-02 10:38:14,BTCUSD_PERP,bid,57100,789.77
2024-09-02 10:38:38,BTCUSD_PERP,bid,57100,620.61
2024-09-02 10:38:39,BTCUSD_PERP,bid,57100,563.79
2024-09-02 10:38:40,BTCUSD_PERP,bid,57100,620.41
2024-09-02 10:38:40,BTCUSD_PERP,bid,57100,733.65
2024-09-02 10:39:23,BTCUSD_PERP,bid,57100,620.41
2024-09-02 10:39:23,BTCUSD_PERP,bid,57100,620.08
2024-09-02 10:39:23,BTCUSD_PERP,bid,57100,676.67
2024-09-02 10:39:23,BTCUSD_PERP,bid,57100,733.26
2024-09-02 10:39:53,BTCUSD_PERP,bid,57100,676.67
2024-09-02 10:39:53,BTCUSD_PERP,bid,57100,620.08
2024-09-02 10:41:47,BTCUSD_PERP,bid,57000,563.26
2024-09-02 10:47:57,BTCUSD_PERP,bid,57100,619.81
2024-09-02 10:47:57,BTCUSD_PERP,bid,57100,676.42
2024-09-02 10:47:57,BTCUSD_PERP,bid,57100,733.03
2024-09-02 10:47:57,BTCUSD_PERP,bid,57100,789.06
2024-09-02 10:47:58,BTCUSD_PERP,bid,57100,902.19
2024-09-02 10:48:06,BTCUSD_PERP,bid,57100,902.23
2024-09-02 10:48:09,BTCUSD_PERP,bid,57100,846.2
2024-09-02 10:48:09,BTCUSD_PERP,bid,57100,790.17
2024-09-02 10:48:09,BTCUSD_PERP,bid,57100,733.56
2024-09-02 10:48:09,BTCUSD_PERP,bid,57100,620.34
2024-09-02 10:48:09,BTCUSD_PERP,bid,57100,564.31
2024-09-02 10:48:10,BTCUSD_PERP,bid,57100,620.06
2024-09-02 10:48:10,BTCUSD_PERP,bid,57100,676.06
2024-09-02 10:48:10,BTCUSD_PERP,bid,57100,732.64
2024-09-02 10:48:10,BTCUSD_PERP,bid,57100,788.64
2024-09-02 10:48:10,BTCUSD_PERP,bid,57100,845.22
2024-09-02 10:48:11,BTCUSD_PERP,bid,57100,901.71
2024-09-02 10:50:48,BTCUSD_PERP,bid,57100,957.03
2024-09-02 10:50:48,BTCUSD_PERP,bid,57100,1013.57
2024-09-02 10:51:29,BTCUSD_PERP,bid,57100,957.61
2024-09-02 10:51:29,BTCUSD_PERP,bid,57100,901.07
2024-09-02 10:51:29,BTCUSD_PERP,bid,57100,844.53
2024-09-02 10:51:29,BTCUSD_PERP,bid,57100,731.54
2024-09-02 10:51:29,BTCUSD_PERP,bid,57000,844.17
2024-09-02 10:51:30,BTCUSD_PERP,bid,57000,900.68
2024-09-02 10:51:37,BTCUSD_PERP,bid,57000,731.73
2024-09-02 10:51:37,BTCUSD_PERP,bid,57000,675.22
2024-09-02 10:51:37,BTCUSD_PERP,bid,57000,618.71
2024-09-02 10:52:04,BTCUSD_PERP,bid,57100,618.41
2024-09-02 10:52:28,BTCUSD_PERP,bid,57100,561.88
2024-09-02 10:52:30,BTCUSD_PERP,bid,57100,563.58
2024-09-02 10:52:30,BTCUSD_PERP,bid,57100,620.18
2024-09-02 10:52:47,BTCUSD_PERP,ask,58200,516.21
2024-09-02 10:52:49,BTCUSD_PERP,ask,58200,522.03
2024-09-02 10:53:53,BTCUSD_PERP,bid,57200,563.81
2024-09-02 10:53:53,BTCUSD_PERP,bid,57200,620.43
2024-09-02 10:53:53,BTCUSD_PERP,bid,57200,677.05
2024-09-02 10:53:54,BTCUSD_PERP,bid,57200,733.1
2024-09-02 10:53:54,BTCUSD_PERP,bid,57200,845.77
2024-09-02 10:54:47,BTCUSD_PERP,bid,57200,789.15
2024-09-02 10:54:47,BTCUSD_PERP,bid,57200,732.53
2024-09-02 10:54:47,BTCUSD_PERP,bid,57200,676.48
2024-09-02 10:54:48,BTCUSD_PERP,bid,57200,619.86
2024-09-02 10:54:48,BTCUSD_PERP,bid,57100,620.11
2024-09-02 10:54:48,BTCUSD_PERP,bid,57100,676.7
2024-09-02 10:54:48,BTCUSD_PERP,bid,57100,733.29
2024-09-02 10:54:49,BTCUSD_PERP,bid,57100,789.31
2024-09-02 10:54:49,BTCUSD_PERP,bid,57100,845.32
2024-09-02 10:54:49,BTCUSD_PERP,bid,57100,901.91
2024-09-02 10:55:32,BTCUSD_PERP,bid,57100,845.32
2024-09-02 10:55:32,BTCUSD_PERP,bid,57100,732.71
2024-09-02 10:55:32,BTCUSD_PERP,bid,57100,676.12
2024-09-02 10:55:33,BTCUSD_PERP,bid,57100,619.53
2024-09-02 10:55:33,BTCUSD_PERP,bid,57100,676.34
2024-09-02 10:55:33,BTCUSD_PERP,bid,57100,845.45
2024-09-02 10:56:28,BTCUSD_PERP,bid,57100,620.02
2024-09-02 10:56:28,BTCUSD_PERP,bid,57000,731.55
2024-09-02 10:56:29,BTCUSD_PERP,bid,57000,788.05
2024-09-02 10:56:29,BTCUSD_PERP,bid,57000,844.55
2024-09-02 10:56:30,BTCUSD_PERP,bid,57000,732.12
2024-09-02 10:56:30,BTCUSD_PERP,bid,57000,563.06
2024-09-02 10:56:30,BTCUSD_PERP,bid,57000,675.33
2024-09-02 10:56:31,BTCUSD_PERP,bid,57000,731.81
2024-09-02 10:56:31,BTCUSD_PERP,bid,57000,733.0
2024-09-02 10:56:45,BTCUSD_PERP,ask,60000,507.3
2024-09-02 11:00:54,BTCUSD_PERP,bid,57200,564.99
2024-09-02 11:00:58,BTCUSD_PERP,bid,57200,578.71
2024-09-02 11:01:27,BTCUSD_PERP,bid,57100,563.77
2024-09-02 11:01:27,BTCUSD_PERP,bid,57100,620.39
2024-09-02 11:01:28,BTCUSD_PERP,bid,57100,563.77
2024-09-02 11:01:29,BTCUSD_PERP,bid,57100,563.02
2024-09-02 11:01:54,BTCUSD_PERP,bid,57100,562.51
2024-09-02 11:01:54,BTCUSD_PERP,bid,57100,619.06
2024-09-02 11:02:00,BTCUSD_PERP,bid,57100,562.93
2024-09-02 11:02:49,BTCUSD_PERP,bid,57200,620.55
2024-09-02 11:02:49,BTCUSD_PERP,bid,57200,677.18
2024-09-02 11:02:49,BTCUSD_PERP,bid,57100,564.19
2024-09-02 11:03:17,BTCUSD_PERP,bid,57100,563.89
2024-09-02 11:03:28,BTCUSD_PERP,bid,57100,563.53
2024-09-02 11:04:56,BTCUSD_PERP,bid,57100,563.6
2024-09-02 11:04:56,BTCUSD_PERP,bid,57100,619.62
2024-09-02 11:04:56,BTCUSD_PERP,bid,57100,676.21
2024-09-02 11:04:56,BTCUSD_PERP,bid,57100,732.8
2024-09-02 11:06:11,BTCUSD_PERP,bid,57100,619.62
2024-09-02 11:19:29,BTCUSD_PERP,ask,60000,507.31
2024-09-02 11:26:09,BTCUSD_PERP,ask,58200,533.64
2024-09-02 11:26:14,BTCUSD_PERP,ask,58200,542.95
2024-09-02 11:26:17,BTCUSD_PERP,ask,58200,552.55
2024-09-02 11:27:04,BTCUSD_PERP,ask,58200,543.24
2024-09-02 11:27:05,BTCUSD_PERP,ask,58200,533.93
2024-09-02 11:27:06,BTCUSD_PERP,ask,58200,524.62
2024-09-02 11:27:15,BTCUSD_PERP,ask,58200,515.31
2024-09-02 11:31:14,BTCUSD_PERP,ask,60000,501.31
2024-09-02 11:37:50,BTCUSD_PERP,ask,60000,501.3
2024-09-02 11:39:39,BTCUSD_PERP,ask,58100,521.87
2024-09-02 11:43:34,BTCUSD_PERP,ask,58100,518.41
2024-09-02 11:43:34,BTCUSD_PERP,ask,58100,527.7
2024-09-02 11:43:35,BTCUSD_PERP,ask,58100,536.99
2024-09-02 11:43:36,BTCUSD_PERP,ask,58100,542.79
2024-09-02 11:43:39,BTCUSD_PERP,ask,58100,552.07
2024-09-02 11:43:39,BTCUSD_PERP,ask,58100,561.36
2024-09-02 11:43:41,BTCUSD_PERP,ask,58100,570.65
2024-09-02 11:43:42,BTCUSD_PERP,ask,58100,579.65
2024-09-02 11:44:16,BTCUSD_PERP,ask,58100,570.36
2024-09-02 11:44:23,BTCUSD_PERP,ask,58100,561.07
2024-09-02 11:44:27,BTCUSD_PERP,ask,58100,551.78
2024-09-02 11:44:30,BTCUSD_PERP,ask,58100,545.98
2024-09-02 11:44:30,BTCUSD_PERP,ask,58100,540.18
2024-09-02 11:44:34,BTCUSD_PERP,ask,58100,530.89
2024-09-02 11:44:35,BTCUSD_PERP,ask,58100,521.6
2024-09-02 11:50:24,BTCUSD_PERP,ask,58100,529.64
2024-09-02 11:50:39,BTCUSD_PERP,bid,56900,674.37
2024-09-02 11:50:39,BTCUSD_PERP,bid,56900,730.76
2024-09-02 11:51:22,BTCUSD_PERP,bid,56900,674.37
2024-09-02 11:51:22,BTCUSD_PERP,bid,56900,617.98
2024-09-02 11:51:22,BTCUSD_PERP,bid,56900,562.17
2024-09-02 11:51:23,BTCUSD_PERP,bid,56900,561.88
2024-09-02 11:51:23,BTCUSD_PERP,bid,56900,618.3
2024-09-02 11:51:23,BTCUSD_PERP,bid,56900,674.72
2024-09-02 11:51:50,BTCUSD_PERP,bid,56900,618.88
2024-09-02 11:51:51,BTCUSD_PERP,bid,57000,562.18
2024-09-02 11:51:51,BTCUSD_PERP,bid,57000,618.63
2024-09-02 11:51:52,BTCUSD_PERP,bid,57000,674.5
2024-09-02 11:51:52,BTCUSD_PERP,bid,57000,787.4
2024-09-02 11:52:47,BTCUSD_PERP,bid,56900,674.73
2024-09-02 11:52:47,BTCUSD_PERP,bid,56900,731.15
2024-09-02 11:53:31,BTCUSD_PERP,bid,56900,560.9
2024-09-02 11:53:31,BTCUSD_PERP,bid,56900,1011.44
2024-09-02 11:53:31,BTCUSD_PERP,bid,56900,1067.83
2024-09-02 11:55:10,BTCUSD_PERP,bid,56900,1011.44
2024-09-02 11:55:10,BTCUSD_PERP,bid,56900,898.66
2024-09-02 11:55:10,BTCUSD_PERP,bid,56900,842.85
2024-09-02 11:55:10,BTCUSD_PERP,bid,56900,674.26
2024-09-02 11:55:10,BTCUSD_PERP,bid,56900,617.87
2024-09-02 11:55:11,BTCUSD_PERP,bid,56900,562.46
2024-09-02 11:55:11,BTCUSD_PERP,bid,56900,618.3
2024-09-02 11:55:11,BTCUSD_PERP,bid,56900,731.14
2024-09-02 11:55:11,BTCUSD_PERP,bid,56900,843.4
2024-09-02 11:55:12,BTCUSD_PERP,bid,56900,899.72
2024-09-02 11:55:12,BTCUSD_PERP,bid,56900,955.56
2024-09-02 11:55:12,BTCUSD_PERP,bid,56900,1011.98
2024-09-02 12:03:50,BTCUSD_PERP,bid,56900,562.46
2024-09-02 12:03:50,BTCUSD_PERP,bid,56900,898.56
2024-09-02 12:03:50,BTCUSD_PERP,bid,56900,954.94
2024-09-02 12:04:51,BTCUSD_PERP,bid,56900,899.13
2024-09-02 12:04:51,BTCUSD_PERP,bid,56900,731.13
2024-09-02 12:04:51,BTCUSD_PERP,bid,56900,675.32
2024-09-02 12:04:51,BTCUSD_PERP,bid,56900,618.94
2024-09-02 12:04:51,BTCUSD_PERP,bid,56900,562.66
2024-09-02 12:04:52,BTCUSD_PERP,bid,56900,674.63
2024-09-02 12:04:52,BTCUSD_PERP,bid,56900,731.05
2024-09-02 12:04:52,BTCUSD_PERP,bid,56900,786.89
2024-09-02 12:04:52,BTCUSD_PERP,bid,56900,843.31
2024-09-02 12:04:52,BTCUSD_PERP,bid,56900,956.15
2024-09-02 12:04:52,BTCUSD_PERP,bid,56900,1011.99
2024-09-02 12:05:23,BTCUSD_PERP,bid,57000,562.12
2024-09-02 12:05:23,BTCUSD_PERP,bid,57000,618.57
2024-09-02 12:05:23,BTCUSD_PERP,bid,57000,787.34
2024-09-02 12:05:24,BTCUSD_PERP,bid,57000,900.24
2024-09-02 12:05:24,BTCUSD_PERP,bid,57000,956.69
2024-09-02 12:05:47,BTCUSD_PERP,bid,57000,676.25
2024-09-02 12:05:47,BTCUSD_PERP,bid,56900,562.95
2024-09-02 12:06:49,BTCUSD_PERP,bid,57000,562.69
2024-09-02 12:06:49,BTCUSD_PERP,bid,57000,619.13
2024-09-02 12:06:50,BTCUSD_PERP,bid,57000,732.01
2024-09-02 12:06:50,BTCUSD_PERP,bid,57000,788.36
2024-09-02 12:06:50,BTCUSD_PERP,bid,56900,548.75
2024-09-02 12:06:50,BTCUSD_PERP,bid,57000,956.53
2024-09-02 12:06:50,BTCUSD_PERP,bid,57000,1012.4
2024-09-02 12:06:51,BTCUSD_PERP,bid,57000,1012.44
2024-09-02 12:07:34,BTCUSD_PERP,bid,57000,956.57
2024-09-02 12:07:34,BTCUSD_PERP,bid,57000,900.13
2024-09-02 12:07:34,BTCUSD_PERP,bid,57000,731.38
2024-09-02 12:07:34,BTCUSD_PERP,bid,57000,619.07
2024-09-02 12:07:34,BTCUSD_PERP,bid,57000,562.63
2024-09-02 12:07:34,BTCUSD_PERP,bid,56900,562.36
2024-09-02 12:07:35,BTCUSD_PERP,bid,56900,618.78
2024-09-02 12:07:35,BTCUSD_PERP,bid,56900,675.2
2024-09-02 12:07:35,BTCUSD_PERP,bid,56900,1011.98
2024-09-02 12:09:39,BTCUSD_PERP,bid,56900,956.14
2024-09-02 12:09:39,BTCUSD_PERP,bid,56900,787.46
2024-09-02 12:10:02,BTCUSD_PERP,bid,56900,618.78
2024-09-02 12:10:02,BTCUSD_PERP,bid,56900,562.36
2024-09-02 12:10:03,BTCUSD_PERP,bid,57000,562.6
2024-09-02 12:10:39,BTCUSD_PERP,bid,57000,731.92
2024-09-02 12:10:39,BTCUSD_PERP,bid,57000,787.82
2024-09-02 12:10:39,BTCUSD_PERP,bid,57000,844.21
2024-09-02 12:10:39,BTCUSD_PERP,bid,57000,857.88
2024-09-02 12:10:39,BTCUSD_PERP,bid,57000,913.78
2024-09-02 12:10:40,BTCUSD_PERP,bid,57000,970.26
2024-09-02 12:10:40,BTCUSD_PERP,bid,57000,1026.74
2024-09-02 12:10:40,BTCUSD_PERP,bid,57000,1083.22
2024-09-02 12:12:06,BTCUSD_PERP,bid,57000,731.44
2024-09-02 12:12:06,BTCUSD_PERP,bid,57000,1012.53
2024-09-02 12:12:06,BTCUSD_PERP,bid,57000,1068.98
2024-09-02 12:16:43,BTCUSD_PERP,bid,57000,1012.53
2024-09-02 12:16:44,BTCUSD_PERP,bid,57000,788.47
2024-09-02 12:16:44,BTCUSD_PERP,bid,57000,732.02
2024-09-02 12:16:44,BTCUSD_PERP,bid,57000,675.57
2024-09-02 12:16:44,BTCUSD_PERP,bid,57000,563.25
2024-09-02 12:16:45,BTCUSD_PERP,bid,57000,619.54
2024-09-02 12:16:45,BTCUSD_PERP,bid,57000,787.82
2024-09-02 12:16:45,BTCUSD_PERP,bid,57000,844.3
2024-09-02 12:16:45,BTCUSD_PERP,bid,57000,957.16
2024-09-02 12:16:45,BTCUSD_PERP,bid,57000,1013.64
2024-09-02 12:18:20,BTCUSD_PERP,bid,57000,957.16
2024-09-02 12:18:20,BTCUSD_PERP,bid,57000,844.2
2024-09-02 12:18:20,BTCUSD_PERP,bid,57000,788.3
2024-09-02 12:18:20,BTCUSD_PERP,bid,57000,675.92
2024-09-02 12:18:20,BTCUSD_PERP,bid,57000,619.44
2024-09-02 12:18:21,BTCUSD_PERP,bid,57100,619.33
2024-09-02 12:18:21,BTCUSD_PERP,bid,57100,731.8
2024-09-02 12:18:22,BTCUSD_PERP,bid,57100,787.75
2024-09-02 12:18:22,BTCUSD_PERP,bid,57100,844.27
2024-09-02 12:18:22,BTCUSD_PERP,bid,57100,900.79
2024-09-02 12:18:23,BTCUSD_PERP,bid,57100,901.98
2024-09-02 12:18:26,BTCUSD_PERP,bid,57100,904.03
2024-09-02 12:18:27,BTCUSD_PERP,bid,57100,917.71
2024-09-02 12:18:29,BTCUSD_PERP,bid,57100,917.75
2024-09-02 12:19:50,BTCUSD_PERP,bid,57100,916.56
2024-09-02 12:20:27,BTCUSD_PERP,bid,57100,914.51
2024-09-02 12:20:28,BTCUSD_PERP,bid,57100,900.83
2024-09-02 12:20:51,BTCUSD_PERP,bid,57100,844.31
2024-09-02 12:20:51,BTCUSD_PERP,bid,57100,787.79
2024-09-02 12:20:51,BTCUSD_PERP,bid,57100,674.75
2024-09-02 12:20:51,BTCUSD_PERP,bid,57100,562.28
2024-09-02 12:20:52,BTCUSD_PERP,bid,57100,562.62
2024-09-02 12:20:52,BTCUSD_PERP,bid,57100,619.17
2024-09-02 12:20:53,BTCUSD_PERP,bid,57100,732.18
2024-09-02 12:20:53,BTCUSD_PERP,bid,57100,788.73
2024-09-02 12:20:53,BTCUSD_PERP,bid,57100,844.71
2024-09-02 12:24:33,BTCUSD_PERP,bid,57100,563.69
2024-09-02 12:25:42,BTCUSD_PERP,bid,57100,563.24
2024-09-02 12:25:42,BTCUSD_PERP,bid,57100,619.86
2024-09-02 12:25:42,BTCUSD_PERP,bid,57100,733.1
2024-09-02 12:26:12,BTCUSD_PERP,bid,47000,2443.39
2024-09-02 12:28:37,BTCUSD_PERP,bid,57100,733.15
2024-09-02 12:30:20,BTCUSD_PERP,bid,57100,733.72
2024-09-02 12:30:29,BTCUSD_PERP,bid,57100,677.1
2024-09-02 12:30:29,BTCUSD_PERP,bid,57100,620.48
2024-09-02 12:30:29,BTCUSD_PERP,bid,57100,564.43
2024-09-02 12:36:24,BTCUSD_PERP,bid,57200,619.9
2024-09-02 12:37:14,BTCUSD_PERP,bid,57200,525.12
2024-09-02 12:37:17,BTCUSD_PERP,bid,57200,527.17
2024-09-02 12:37:17,BTCUSD_PERP,bid,57200,528.36
2024-09-02 12:37:18,BTCUSD_PERP,bid,57200,542.06
2024-09-02 12:37:51,BTCUSD_PERP,bid,57200,536.35
2024-09-02 12:37:52,BTCUSD_PERP,bid,57200,524.93
2024-09-02 12:39:26,BTCUSD_PERP,bid,57200,563.53
2024-09-02 12:39:26,BTCUSD_PERP,bid,57200,620.18
2024-09-02 12:40:23,BTCUSD_PERP,bid,57200,551.79
2024-09-02 12:40:23,BTCUSD_PERP,bid,57300,733.73
2024-09-02 12:40:26,BTCUSD_PERP,bid,57300,620.88
2024-09-02 12:40:27,BTCUSD_PERP,bid,57300,621.7
2024-09-02 12:40:28,BTCUSD_PERP,bid,57300,677.91
2024-09-02 12:40:28,BTCUSD_PERP,bid,57300,734.12
2024-09-02 12:40:28,BTCUSD_PERP,bid,57300,790.91
2024-09-02 12:40:28,BTCUSD_PERP,bid,57300,847.7
2024-09-02 12:41:10,BTCUSD_PERP,bid,57300,791.07
2024-09-02 12:46:51,BTCUSD_PERP,bid,57300,734.31
2024-09-02 12:46:51,BTCUSD_PERP,bid,57300,677.55
2024-09-02 12:46:51,BTCUSD_PERP,bid,57300,620.79
2024-09-02 12:46:52,BTCUSD_PERP,bid,57300,565.52
2024-09-02 12:46:52,BTCUSD_PERP,bid,57300,621.74
2024-09-02 12:46:52,BTCUSD_PERP,bid,57300,678.53
2024-09-02 12:46:52,BTCUSD_PERP,bid,57300,734.74
2024-09-02 12:46:52,BTCUSD_PERP,bid,57300,791.53
2024-09-02 12:46:52,BTCUSD_PERP,bid,57300,847.74
2024-09-02 12:46:53,BTCUSD_PERP,bid,57300,904.53
2024-09-02 12:48:33,BTCUSD_PERP,bid,57300,791.52
2024-09-02 12:48:33,BTCUSD_PERP,bid,57300,734.73
2024-09-02 12:48:34,BTCUSD_PERP,bid,57300,677.94
2024-09-02 12:48:34,BTCUSD_PERP,bid,57300,621.72
2024-09-02 12:48:34,BTCUSD_PERP,bid,57300,564.93
2024-09-02 12:48:35,BTCUSD_PERP,bid,57300,564.77
2024-09-02 12:48:35,BTCUSD_PERP,bid,57300,677.71
2024-09-02 12:48:35,BTCUSD_PERP,bid,57300,734.38
2024-09-02 12:48:35,BTCUSD_PERP,bid,57300,791.14
2024-09-02 12:48:35,BTCUSD_PERP,bid,57300,847.33
2024-09-02 12:48:35,BTCUSD_PERP,bid,57300,904.09
2024-09-02 12:49:21,BTCUSD_PERP,bid,57300,847.33
2024-09-02 12:49:22,BTCUSD_PERP,bid,57300,904.59
2024-09-02 12:49:22,BTCUSD_PERP,bid,57300,961.87
2024-09-02 12:49:24,BTCUSD_PERP,bid,57300,905.11
2024-09-02 12:49:25,BTCUSD_PERP,bid,57300,962.39
2024-09-02 12:49:35,BTCUSD_PERP,bid,57300,905.63
2024-09-02 12:49:37,BTCUSD_PERP,bid,57300,962.89
2024-09-02 12:49:48,BTCUSD_PERP,bid,57300,905.61
2024-09-02 12:49:48,BTCUSD_PERP,bid,57300,848.33
2024-09-02 12:49:49,BTCUSD_PERP,bid,57300,791.57
2024-09-02 12:49:49,BTCUSD_PERP,bid,57300,677.55
2024-09-02 12:49:49,BTCUSD_PERP,bid,57300,564.61
2024-09-02 12:49:49,BTCUSD_PERP,bid,57300,565.57
2024-09-02 12:49:49,BTCUSD_PERP,bid,57300,621.73
2024-09-02 12:49:49,BTCUSD_PERP,bid,57300,904.14
2024-09-02 12:49:49,BTCUSD_PERP,bid,57300,1130.49
2024-09-02 12:49:55,BTCUSD_PERP,bid,57300,1130.53
2024-09-02 12:52:01,BTCUSD_PERP,bid,57300,792.3
2024-09-02 12:52:01,BTCUSD_PERP,bid,57300,849.06
2024-09-02 12:52:01,BTCUSD_PERP,bid,57300,905.82
2024-09-02 12:52:01,BTCUSD_PERP,bid,57300,962.0
2024-09-02 12:52:01,BTCUSD_PERP,bid,57300,1018.76
2024-09-02 12:52:01,BTCUSD_PERP,bid,57300,1074.94
2024-09-02 12:52:02,BTCUSD_PERP,bid,57300,1131.13
2024-09-02 12:52:34,BTCUSD_PERP,bid,57300,791.52
2024-09-02 12:52:34,BTCUSD_PERP,bid,57300,848.31
2024-09-02 12:52:52,BTCUSD_PERP,bid,57300,791.52
2024-09-02 12:52:52,BTCUSD_PERP,bid,57300,734.73
2024-09-02 12:52:53,BTCUSD_PERP,bid,57300,678.52
2024-09-02 12:52:53,BTCUSD_PERP,bid,57300,564.94
2024-09-02 12:52:53,BTCUSD_PERP,bid,57400,566.0
2024-09-02 12:52:54,BTCUSD_PERP,bid,57400,622.83
2024-09-02 12:52:54,BTCUSD_PERP,bid,57400,679.09
2024-09-02 12:52:54,BTCUSD_PERP,bid,57400,848.43
2024-09-02 12:52:54,BTCUSD_PERP,bid,57400,961.99
2024-09-02 12:52:54,BTCUSD_PERP,bid,57400,1018.82
2024-09-02 12:52:54,BTCUSD_PERP,bid,57400,1131.91
2024-09-02 12:53:05,BTCUSD_PERP,bid,57400,1075.65
2024-09-02 12:53:05,BTCUSD_PERP,bid,57400,905.74
2024-09-02 12:53:05,BTCUSD_PERP,bid,57400,848.91
2024-09-02 12:53:06,BTCUSD_PERP,bid,57400,735.83
2024-09-02 12:53:06,BTCUSD_PERP,bid,57400,679.0
2024-09-02 12:53:06,BTCUSD_PERP,bid,57400,565.34
2024-09-02 12:53:06,BTCUSD_PERP,bid,57400,566.87
2024-09-02 12:53:06,BTCUSD_PERP,bid,57400,623.16
2024-09-02 12:53:06,BTCUSD_PERP,bid,57400,679.45
2024-09-02 12:53:07,BTCUSD_PERP,bid,57400,735.74
2024-09-02 12:53:07,BTCUSD_PERP,bid,57400,792.6
2024-09-02 12:53:07,BTCUSD_PERP,bid,57400,905.17
2024-09-02 12:53:07,BTCUSD_PERP,bid,57400,962.03
2024-09-02 12:53:07,BTCUSD_PERP,bid,57400,1018.89
2024-09-02 12:53:07,BTCUSD_PERP,bid,57300,552.82
2024-09-02 12:53:07,BTCUSD_PERP,bid,57400,1075.66
2024-09-02 12:53:07,BTCUSD_PERP,bid,57400,1132.52
2024-09-02 12:53:11,BTCUSD_PERP,bid,57400,1018.8
2024-09-02 12:53:11,BTCUSD_PERP,bid,57400,906.23
2024-09-02 12:53:11,BTCUSD_PERP,bid,57400,792.6
2024-09-02 12:53:11,BTCUSD_PERP,bid,57400,735.74
2024-09-02 12:53:12,BTCUSD_PERP,bid,57400,679.45
2024-09-02 12:53:12,BTCUSD_PERP,bid,57400,623.17
2024-09-02 12:53:12,BTCUSD_PERP,bid,57400,624.7
2024-09-02 12:53:12,BTCUSD_PERP,bid,57400,681.02
2024-09-02 12:53:12,BTCUSD_PERP,bid,57400,737.92
2024-09-02 12:53:12,BTCUSD_PERP,bid,57400,553.22
2024-09-02 12:53:13,BTCUSD_PERP,bid,57400,794.82
2024-09-02 12:53:13,BTCUSD_PERP,bid,57400,851.72
2024-09-02 12:53:13,BTCUSD_PERP,bid,57400,908.62
2024-09-02 12:53:13,BTCUSD_PERP,bid,57400,964.95
2024-09-02 12:53:30,BTCUSD_PERP,bid,57400,908.14
2024-09-02 12:53:31,BTCUSD_PERP,bid,57400,851.24
2024-09-02 12:53:31,BTCUSD_PERP,bid,57400,738.01
2024-09-02 12:53:31,BTCUSD_PERP,bid,57400,681.11
2024-09-02 12:53:31,BTCUSD_PERP,bid,57400,567.53
2024-09-02 12:53:31,BTCUSD_PERP,bid,57400,1133.41
2024-09-02 12:53:31,BTCUSD_PERP,bid,57300,552.93
2024-09-02 12:53:40,BTCUSD_PERP,bid,57400,792.77
2024-09-02 12:53:40,BTCUSD_PERP,bid,57400,849.61
2024-09-02 12:54:49,BTCUSD_PERP,bid,57300,735.54
2024-09-02 12:54:49,BTCUSD_PERP,bid,57300,1018.43
2024-09-02 12:54:49,BTCUSD_PERP,bid,57300,552.31
2024-09-02 12:54:49,BTCUSD_PERP,bid,57300,1075.24
2024-09-02 12:54:50,BTCUSD_PERP,bid,57300,1132.05
2024-09-02 12:55:42,BTCUSD_PERP,bid,57300,1075.82
2024-09-02 12:55:42,BTCUSD_PERP,bid,57300,1019.01
2024-09-02 12:55:42,BTCUSD_PERP,bid,57300,962.2
2024-09-02 12:55:42,BTCUSD_PERP,bid,57300,849.16
2024-09-02 12:55:42,BTCUSD_PERP,bid,57300,735.54
2024-09-02 12:55:42,BTCUSD_PERP,bid,57300,678.73
2024-09-02 12:55:42,BTCUSD_PERP,bid,57300,621.92
2024-09-02 12:55:43,BTCUSD_PERP,bid,57300,565.2
2024-09-02 12:55:43,BTCUSD_PERP,bid,57300,623.31
2024-09-02 12:55:43,BTCUSD_PERP,bid,57300,679.5
2024-09-02 12:55:43,BTCUSD_PERP,bid,57300,735.69
2024-09-02 12:55:43,BTCUSD_PERP,bid,57300,791.89
2024-09-02 12:55:43,BTCUSD_PERP,bid,57300,848.09
2024-09-02 12:55:43,BTCUSD_PERP,bid,57300,904.87
2024-09-02 12:55:43,BTCUSD_PERP,bid,57300,961.65
2024-09-02 12:55:44,BTCUSD_PERP,bid,57200,551.97
2024-09-02 12:55:44,BTCUSD_PERP,bid,57300,1018.43
2024-09-02 12:55:44,BTCUSD_PERP,bid,57300,1075.21
2024-09-02 12:55:45,BTCUSD_PERP,bid,57300,1075.25
2024-09-02 12:56:58,BTCUSD_PERP,bid,57300,678.65
2024-09-02 12:56:58,BTCUSD_PERP,bid,57300,961.14
2024-09-02 12:56:58,BTCUSD_PERP,bid,57200,551.68
2024-09-02 12:56:58,BTCUSD_PERP,bid,57300,1017.89
2024-09-02 12:59:06,BTCUSD_PERP,bid,57200,960.05
2024-09-02 12:59:06,BTCUSD_PERP,bid,57200,1016.76
2024-09-02 13:02:00,BTCUSD_PERP,bid,57200,847.78
2024-09-02 13:02:00,BTCUSD_PERP,bid,57200,791.07
2024-09-02 13:02:00,BTCUSD_PERP,bid,57200,734.36
2024-09-02 13:02:01,BTCUSD_PERP,bid,57200,677.65
2024-09-02 13:02:01,BTCUSD_PERP,bid,57200,621.52
2024-09-02 13:02:01,BTCUSD_PERP,bid,57300,565.6
2024-09-02 13:02:02,BTCUSD_PERP,bid,57300,621.77
2024-09-02 13:02:02,BTCUSD_PERP,bid,57300,735.23
2024-09-02 13:02:02,BTCUSD_PERP,bid,57300,848.13
2024-09-02 13:02:02,BTCUSD_PERP,bid,57300,904.86
2024-09-02 13:02:45,BTCUSD_PERP,bid,57300,848.69
2024-09-02 13:02:45,BTCUSD_PERP,bid,57300,791.96
2024-09-02 13:02:45,BTCUSD_PERP,bid,57300,735.79
2024-09-02 13:02:45,BTCUSD_PERP,bid,57300,679.06
2024-09-02 13:02:45,BTCUSD_PERP,bid,57300,566.16
2024-09-02 13:02:45,BTCUSD_PERP,bid,57300,564.84
2024-09-02 13:02:46,BTCUSD_PERP,bid,57300,621.61
2024-09-02 13:02:46,BTCUSD_PERP,bid,57300,734.57
2024-09-02 13:02:46,BTCUSD_PERP,bid,57300,790.76
2024-09-02 13:02:46,BTCUSD_PERP,bid,57300,847.53
2024-09-02 13:02:47,BTCUSD_PERP,bid,57300,961.07
2024-09-02 13:02:47,BTCUSD_PERP,bid,57200,551.96
2024-09-02 13:02:47,BTCUSD_PERP,bid,57300,1017.84
2024-09-02 13:02:47,BTCUSD_PERP,bid,57300,1074.52
2024-09-02 13:02:47,BTCUSD_PERP,bid,57300,1131.29
2024-09-02 13:02:49,BTCUSD_PERP,bid,57300,1145.03
2024-09-02 13:03:21,BTCUSD_PERP,bid,57300,918.52
2024-09-02 13:03:21,BTCUSD_PERP,bid,57300,805.56
2024-09-02 13:03:22,BTCUSD_PERP,bid,57300,749.36
2024-09-02 13:03:22,BTCUSD_PERP,bid,57300,523.42
2024-09-02 13:03:22,BTCUSD_PERP,bid,57300,621.94
2024-09-02 13:03:22,BTCUSD_PERP,bid,57300,678.74
2024-09-02 13:03:22,BTCUSD_PERP,bid,57300,735.54
2024-09-02 13:03:22,BTCUSD_PERP,bid,57300,904.78
2024-09-02 13:03:23,BTCUSD_PERP,bid,57300,552.25
2024-09-02 13:03:23,BTCUSD_PERP,bid,57300,1075.09
2024-09-02 13:03:23,BTCUSD_PERP,bid,57300,1131.89
2024-09-02 13:05:26,BTCUSD_PERP,bid,57300,1075.09
2024-09-02 13:05:26,BTCUSD_PERP,bid,57300,792.39
2024-09-02 13:05:26,BTCUSD_PERP,bid,57300,1018.33
2024-09-02 13:05:26,BTCUSD_PERP,bid,57200,551.96
2024-09-02 13:05:26,BTCUSD_PERP,bid,57300,1075.1
2024-09-02 13:06:16,BTCUSD_PERP,bid,57300,1018.33
2024-09-02 13:06:16,BTCUSD_PERP,bid,57300,961.56
2024-09-02 13:06:16,BTCUSD_PERP,bid,57300,904.79
2024-09-02 13:06:17,BTCUSD_PERP,bid,57300,848.02
2024-09-02 13:06:17,BTCUSD_PERP,bid,57300,791.34
2024-09-02 13:06:17,BTCUSD_PERP,bid,57300,734.57
2024-09-02 13:06:17,BTCUSD_PERP,bid,57200,621.74
2024-09-02 13:06:17,BTCUSD_PERP,bid,57200,720.93
2024-09-02 13:06:17,BTCUSD_PERP,bid,57300,677.8
2024-09-02 13:06:17,BTCUSD_PERP,bid,57300,565.41
2024-09-02 13:06:17,BTCUSD_PERP,bid,57200,777.19
2024-09-02 13:06:17,BTCUSD_PERP,bid,57300,566.23
2024-09-02 13:06:18,BTCUSD_PERP,bid,57300,679.15
2024-09-02 13:06:18,BTCUSD_PERP,bid,57300,792.07
2024-09-02 13:06:18,BTCUSD_PERP,bid,57300,848.24
2024-09-02 13:06:18,BTCUSD_PERP,bid,57300,904.99
2024-09-02 13:06:18,BTCUSD_PERP,bid,57200,720.52
2024-09-02 13:06:18,BTCUSD_PERP,bid,57200,664.41
2024-09-02 13:06:19,BTCUSD_PERP,bid,57200,607.74
2024-09-02 13:06:19,BTCUSD_PERP,bid,57300,905.03
2024-09-02 13:06:19,BTCUSD_PERP,bid,57200,551.05
2024-09-02 13:07:49,BTCUSD_PERP,bid,57300,848.87
2024-09-02 13:07:49,BTCUSD_PERP,bid,57200,735.49
2024-09-02 13:07:49,BTCUSD_PERP,bid,57200,792.21
2024-09-02 13:07:57,BTCUSD_PERP,bid,57200,563.82
2024-09-02 13:08:17,BTCUSD_PERP,bid,57200,564.12
2024-09-02 13:08:50,BTCUSD_PERP,bid,57200,621.1
2024-09-02 13:09:21,BTCUSD_PERP,bid,57200,564.43
2024-09-02 13:09:23,BTCUSD_PERP,bid,57200,576.9
2024-09-02 13:09:23,BTCUSD_PERP,bid,57200,633.02
2024-09-02 13:10:55,BTCUSD_PERP,ask,60000,501.32
2024-09-02 13:11:30,BTCUSD_PERP,bid,57200,576.32
2024-09-02 13:11:30,BTCUSD_PERP,bid,57200,563.16
2024-09-02 13:11:31,BTCUSD_PERP,bid,57200,789.71
2024-09-02 13:11:31,BTCUSD_PERP,bid,57200,846.37
2024-09-02 13:11:33,BTCUSD_PERP,bid,57200,564.39
2024-09-02 13:11:33,BTCUSD_PERP,bid,57200,1015.05
2024-09-02 13:11:33,BTCUSD_PERP,bid,57100,550.48
2024-09-02 13:11:33,BTCUSD_PERP,bid,57200,1071.67
2024-09-02 13:11:40,BTCUSD_PERP,bid,57200,902.38
2024-09-02 13:11:41,BTCUSD_PERP,bid,57200,845.76
2024-09-02 13:11:41,BTCUSD_PERP,bid,57200,733.1
2024-09-02 13:11:41,BTCUSD_PERP,bid,57200,620.43
2024-09-02 13:11:41,BTCUSD_PERP,bid,57200,620.77
2024-09-02 13:11:41,BTCUSD_PERP,bid,57200,676.84
2024-09-02 13:11:42,BTCUSD_PERP,bid,57200,733.49
2024-09-02 13:11:42,BTCUSD_PERP,bid,57200,902.3
2024-09-02 13:11:42,BTCUSD_PERP,bid,57200,958.95
2024-09-02 13:11:42,BTCUSD_PERP,bid,57200,1015.6
2024-09-02 13:11:59,BTCUSD_PERP,ask,60000,501.3
2024-09-02 13:13:00,BTCUSD_PERP,bid,57200,958.95
2024-09-02 13:13:00,BTCUSD_PERP,bid,57200,902.3
2024-09-02 13:13:00,BTCUSD_PERP,bid,57200,845.65
2024-09-02 13:13:00,BTCUSD_PERP,bid,57200,789.09
2024-09-02 13:13:01,BTCUSD_PERP,bid,57200,676.95
2024-09-02 13:13:01,BTCUSD_PERP,bid,57200,620.88
2024-09-02 13:13:01,BTCUSD_PERP,bid,57200,563.77
2024-09-02 13:13:01,BTCUSD_PERP,bid,57200,619.82
2024-09-02 13:13:01,BTCUSD_PERP,bid,57200,676.44
2024-09-02 13:13:01,BTCUSD_PERP,bid,57200,733.06
2024-09-02 13:13:01,BTCUSD_PERP,bid,57200,789.11
2024-09-02 13:13:02,BTCUSD_PERP,bid,57200,845.16
2024-09-02 13:13:22,BTCUSD_PERP,bid,57200,845.2
2024-09-02 13:14:21,BTCUSD_PERP,bid,57200,789.15
2024-09-02 13:14:21,BTCUSD_PERP,bid,57200,732.53
2024-09-02 13:14:22,BTCUSD_PERP,bid,57200,675.91
2024-09-02 13:14:22,BTCUSD_PERP,bid,57200,678.67
2024-09-02 13:14:22,BTCUSD_PERP,bid,57200,847.49
2024-09-02 13:14:22,BTCUSD_PERP,bid,57200,904.15
2024-09-02 13:14:22,BTCUSD_PERP,bid,57100,550.82
2024-09-02 13:14:23,BTCUSD_PERP,bid,57200,1129.05
2024-09-02 13:15:41,BTCUSD_PERP,bid,57200,1016.31
2024-09-02 13:15:41,BTCUSD_PERP,bid,57200,902.99
2024-09-02 13:15:41,BTCUSD_PERP,bid,57200,846.33
2024-09-02 13:15:41,BTCUSD_PERP,bid,57200,789.76
