2024-09-11 12:11:37,BTCUSDT,bid,47500,639.972
2024-09-11 12:26:06,BTCUSDT,bid,47000,897.287
2024-09-11 12:26:44,BTCUSDT,bid,47500,639.969
2024-09-11 12:30:28,BTCUSDT,bid,47500,639.919
2024-09-11 12:36:42,BTCUSDT,bid,47300,807.711
2024-09-11 12:07:13,BTCUSD_PERP,bid,55800,551.62
2024-09-11 12:07:25,BTCUSD_PERP,bid,55900,551.92
2024-09-11 12:10:25,BTCUSD_PERP,bid,55900,552.22
2024-09-11 12:11:07,BTCUSD_PERP,bid,55900,717.34
2024-09-11 12:11:07,BTCUSD_PERP,bid,55900,992.45
2024-09-11 12:11:07,BTCUSD_PERP,bid,55900,1047.81
2024-09-11 12:11:15,BTCUSD_PERP,bid,55900,992.45
2024-09-11 12:11:15,BTCUSD_PERP,bid,55900,937.65
2024-09-11 12:11:15,BTCUSD_PERP,bid,55900,828.06
2024-09-11 12:11:15,BTCUSD_PERP,bid,55900,607.18
2024-09-11 12:11:15,BTCUSD_PERP,bid,55800,662.18
2024-09-11 12:12:23,BTCUSD_PERP,bid,55800,606.52
2024-09-11 12:12:23,BTCUSD_PERP,bid,55800,661.26
2024-09-11 12:12:52,BTCUSD_PERP,bid,55800,936.13
2024-09-11 12:12:52,BTCUSD_PERP,bid,55800,991.4
2024-09-11 12:15:58,BTCUSD_PERP,bid,55800,550.67
2024-09-11 12:18:42,BTCUSD_PERP,bid,55800,936.12
2024-09-11 12:18:42,BTCUSD_PERP,bid,55800,991.39
2024-09-11 12:20:40,BTCUSD_PERP,bid,55800,549.89
2024-09-11 12:20:40,BTCUSD_PERP,bid,55800,991.26
2024-09-11 12:20:40,BTCUSD_PERP,bid,55800,1101.84
2024-09-11 12:22:13,BTCUSD_PERP,bid,55800,1046.55
2024-09-11 12:22:13,BTCUSD_PERP,bid,55800,551.79
2024-09-11 12:22:13,BTCUSD_PERP,bid,55800,1045.93
2024-09-11 12:22:13,BTCUSD_PERP,bid,55800,1101.19
2024-09-11 12:22:21,BTCUSD_PERP,bid,55800,990.67
2024-09-11 12:22:22,BTCUSD_PERP,bid,55800,935.97
2024-09-11 12:22:22,BTCUSD_PERP,bid,55800,880.71
2024-09-11 12:22:22,BTCUSD_PERP,bid,55800,825.45
2024-09-11 12:22:22,BTCUSD_PERP,bid,55800,714.93
2024-09-11 12:22:22,BTCUSD_PERP,bid,55800,604.41
2024-09-11 12:22:22,BTCUSD_PERP,bid,55800,551.31
2024-09-11 12:22:22,BTCUSD_PERP,bid,55800,606.61
2024-09-11 12:22:22,BTCUSD_PERP,bid,55800,716.55
2024-09-11 12:22:23,BTCUSD_PERP,bid,55800,771.85
2024-09-11 12:22:23,BTCUSD_PERP,bid,55800,826.59
2024-09-11 12:22:23,BTCUSD_PERP,bid,55800,881.89
2024-09-11 12:22:23,BTCUSD_PERP,bid,55800,936.63
2024-09-11 12:22:23,BTCUSD_PERP,bid,55800,991.37
2024-09-11 12:22:40,BTCUSD_PERP,bid,55800,770.73
2024-09-11 12:22:40,BTCUSD_PERP,bid,55800,936.14
2024-09-11 12:22:40,BTCUSD_PERP,bid,55800,1046.12
2024-09-11 12:22:40,BTCUSD_PERP,bid,55800,1101.39
2024-09-11 12:23:21,BTCUSD_PERP,bid,47000,2439.79
2024-09-11 12:23:27,BTCUSD_PERP,bid,55800,936.7
2024-09-11 12:23:28,BTCUSD_PERP,bid,55800,881.43
2024-09-11 12:23:28,BTCUSD_PERP,bid,55800,826.16
2024-09-11 12:23:28,BTCUSD_PERP,bid,55800,716.74
2024-09-11 12:23:28,BTCUSD_PERP,bid,55800,661.47
2024-09-11 12:23:28,BTCUSD_PERP,bid,55800,606.2
2024-09-11 12:23:28,BTCUSD_PERP,bid,55700,551.28
2024-09-11 12:23:29,BTCUSD_PERP,bid,55700,606.42
2024-09-11 12:23:29,BTCUSD_PERP,bid,55700,661.66
2024-09-11 12:23:29,BTCUSD_PERP,bid,55700,771.58
2024-09-11 12:23:29,BTCUSD_PERP,bid,55700,881.49
2024-09-11 12:23:29,BTCUSD_PERP,bid,55700,936.17
2024-09-11 12:23:44,BTCUSD_PERP,bid,55800,1045.99
2024-09-11 12:23:44,BTCUSD_PERP,bid,55800,1101.25
2024-09-11 12:24:35,BTCUSD_PERP,bid,55800,1045.99
2024-09-11 12:24:35,BTCUSD_PERP,bid,55800,991.12
2024-09-11 12:24:36,BTCUSD_PERP,bid,55800,1046.36
2024-09-11 12:26:52,BTCUSD_PERP,bid,55800,936.44
2024-09-11 12:26:52,BTCUSD_PERP,bid,55800,881.2
2024-09-11 12:26:53,BTCUSD_PERP,bid,55800,826.52
2024-09-11 12:26:53,BTCUSD_PERP,bid,55800,771.84
2024-09-11 12:26:53,BTCUSD_PERP,bid,55800,661.36
2024-09-11 12:26:53,BTCUSD_PERP,bid,55800,606.68
2024-09-11 12:26:53,BTCUSD_PERP,bid,55700,549.86
2024-09-11 12:26:53,BTCUSD_PERP,bid,55700,659.16
2024-09-11 12:26:53,BTCUSD_PERP,bid,55700,769.0
2024-09-11 12:26:54,BTCUSD_PERP,bid,55700,879.32
2024-09-11 12:26:54,BTCUSD_PERP,bid,55700,934.53
2024-09-11 12:27:27,BTCUSD_PERP,bid,55700,550.42
2024-09-11 12:27:27,BTCUSD_PERP,bid,55700,604.52
2024-09-11 12:27:27,BTCUSD_PERP,bid,55700,659.69
2024-09-11 12:27:28,BTCUSD_PERP,bid,55700,604.52
2024-09-11 12:27:39,BTCUSD_PERP,bid,55700,549.45
2024-09-11 12:27:41,BTCUSD_PERP,bid,55700,549.25
2024-09-11 12:27:41,BTCUSD_PERP,bid,55700,659.65
2024-09-11 12:27:41,BTCUSD_PERP,bid,55700,714.85
2024-09-11 12:27:51,BTCUSD_PERP,bid,55700,659.65
2024-09-11 12:27:51,BTCUSD_PERP,bid,55700,605.0
2024-09-11 12:27:51,BTCUSD_PERP,bid,55700,549.8
2024-09-11 12:27:56,BTCUSD_PERP,bid,55700,604.36
2024-09-11 12:27:56,BTCUSD_PERP,bid,55700,714.21
2024-09-11 12:28:18,BTCUSD_PERP,bid,55700,713.76
2024-09-11 12:28:34,BTCUSD_PERP,bid,55700,658.59
2024-09-11 12:29:39,BTCUSD_PERP,bid,55600,549.25
2024-09-11 12:31:15,BTCUSD_PERP,bid,55600,549.59
2024-09-11 12:31:15,BTCUSD_PERP,bid,55600,604.14
2024-09-11 12:31:15,BTCUSD_PERP,bid,55600,659.25
2024-09-11 12:31:16,BTCUSD_PERP,bid,55600,714.36
2024-09-11 12:31:16,BTCUSD_PERP,bid,55600,769.47
2024-09-11 12:31:18,BTCUSD_PERP,bid,55600,771.47
2024-09-11 12:31:22,BTCUSD_PERP,bid,55600,551.59
2024-09-11 12:31:23,BTCUSD_PERP,bid,55700,549.15
2024-09-11 12:31:24,BTCUSD_PERP,bid,55700,713.91
2024-09-11 12:31:24,BTCUSD_PERP,bid,55700,768.49
2024-09-11 12:32:06,BTCUSD_PERP,bid,55700,713.91
2024-09-11 12:32:06,BTCUSD_PERP,bid,55700,659.33
2024-09-11 12:32:07,BTCUSD_PERP,bid,55700,604.19
2024-09-11 12:32:07,BTCUSD_PERP,bid,55700,549.05
2024-09-11 12:32:26,BTCUSD_PERP,bid,55700,604.6
2024-09-11 12:32:26,BTCUSD_PERP,bid,55700,714.38
2024-09-11 12:32:27,BTCUSD_PERP,bid,55700,768.99
2024-09-11 12:32:30,BTCUSD_PERP,bid,55700,769.12
2024-09-11 12:32:31,BTCUSD_PERP,bid,55700,769.25
2024-09-11 12:38:58,BTCUSD_PERP,bid,55700,550.32
2024-09-11 12:38:58,BTCUSD_PERP,bid,55700,660.05
2024-09-11 12:38:58,BTCUSD_PERP,bid,55700,715.25
