2024-09-08 12:04:45,SOLUSDT,bid,120,23378.0
2024-09-08 12:05:13,SOLUSDT,ask,135,11050.0
2024-09-08 12:05:26,SOLUSDT,bid,115,16022.0
2024-09-08 12:05:55,SOLUSDT,bid,120,23377.0
2024-09-08 12:05:55,SOLUSDT,ask,134,9413.0
2024-09-08 12:05:55,SOLUSDT,ask,136,8175.0
2024-09-08 12:06:02,SOLUSDT,bid,121,17198.0
2024-09-08 12:06:44,SOLUSDT,bid,120,23378.0
2024-09-08 12:06:44,SOLUSDT,ask,134,9414.0
2024-09-08 12:06:44,SOLUSDT,ask,136,8176.0
2024-09-08 12:07:30,SOLUSDT,ask,133,9396.0
2024-09-08 12:07:34,SOLUSDT,bid,121,17154.0
2024-09-08 12:07:51,SOLUSDT,bid,108,55350.0
2024-09-08 12:08:23,SOLUSDT,bid,105,106065.0
2024-09-08 12:08:52,SOLUSDT,bid,86,59024.0
2024-09-08 12:09:20,SOLUSDT,bid,105,107772.0
2024-09-08 12:10:15,SOLUSDT,bid,110,120297.0
2024-09-08 12:10:50,SOLUSDT,ask,131,10978.0
2024-09-08 12:10:50,SOLUSDT,bid,120,23654.0
2024-09-08 12:11:09,SOLUSDT,bid,120,23652.0
2024-09-08 12:11:28,SOLUSDT,ask,134,9413.0
2024-09-08 12:11:47,SOLUSDT,bid,120,23651.0
2024-09-08 12:12:23,SOLUSDT,bid,110,120293.0
2024-09-08 12:13:54,SOLUSDT,bid,121,17155.0
2024-09-08 12:15:20,SOLUSDT,bid,120,23641.0
2024-09-08 12:15:37,SOLUSDT,ask,131,10977.0
2024-09-08 12:16:11,SOLUSDT,bid,120,23637.0
2024-09-08 12:16:17,SOLUSDT,bid,121,17153.0
2024-09-08 12:16:23,SOLUSDT,bid,110,120230.0
2024-09-08 12:16:49,SOLUSDT,bid,120,23635.0
2024-09-08 12:16:49,SOLUSDT,ask,150,16724.0
2024-09-08 12:17:18,SOLUSDT,bid,121,17152.0
2024-09-08 12:17:23,SOLUSDT,bid,120,23359.0
2024-09-08 12:17:45,SOLUSDT,bid,110,120193.0
2024-09-08 12:17:47,SOLUSDT,bid,120,23364.0
2024-09-08 12:18:10,SOLUSDT,ask,134,9412.0
2024-09-08 12:18:11,SOLUSDT,ask,136,8175.0
2024-09-08 12:18:12,SOLUSDT,ask,139,37418.0
2024-09-08 12:18:13,SOLUSDT,ask,142,8407.0
2024-09-08 12:18:13,SOLUSDT,ask,144,49954.0
2024-09-08 12:18:13,SOLUSDT,ask,146,15946.0
2024-09-08 12:18:15,SOLUSDT,bid,120,23363.0
2024-09-08 12:18:17,SOLUSDT,bid,116,10168.0
2024-09-08 12:18:17,SOLUSDT,bid,115,16021.0
2024-09-08 12:18:18,SOLUSDT,bid,113,25694.0
2024-09-08 12:18:19,SOLUSDT,bid,111,37179.0
2024-09-08 12:18:20,SOLUSDT,bid,107,48473.0
2024-09-08 12:18:22,SOLUSDT,bid,105,107769.0
2024-09-08 12:19:09,SOLUSDT,bid,110,120187.0
2024-09-08 12:19:17,SOLUSDT,bid,120,23361.0
2024-09-08 12:19:17,SOLUSDT,bid,121,17153.0
2024-09-08 12:19:23,SOLUSDT,bid,121,17152.0
2024-09-08 12:19:30,SOLUSDT,bid,121,17154.0
2024-09-08 12:19:41,SOLUSDT,ask,131,10173.0
2024-09-08 12:19:46,SOLUSDT,ask,133,9416.0
2024-09-08 12:20:01,SOLUSDT,bid,117,8759.0
2024-09-08 12:20:05,SOLUSDT,bid,90,59979.0
2024-09-08 12:20:29,SOLUSDT,ask,134,9411.0
2024-09-08 12:20:46,SOLUSDT,bid,110,120169.0
2024-09-08 12:21:25,SOLUSDT,ask,131,10977.0
2024-09-08 12:21:36,SOLUSDT,bid,113,25689.0
2024-09-08 12:21:46,SOLUSDT,ask,135,11021.0
2024-09-08 12:21:46,SOLUSDT,bid,120,23362.0
2024-09-08 12:21:51,SOLUSDT,bid,121,17155.0
2024-09-08 12:22:00,SOLUSDT,bid,117,8741.0
2024-09-08 12:22:01,SOLUSDT,bid,116,10193.0
2024-09-08 12:22:02,SOLUSDT,bid,120,23325.0
2024-09-08 12:22:24,SOLUSDT,bid,121,17152.0
2024-09-08 12:22:30,SOLUSDT,bid,113,25691.0
2024-09-08 12:23:38,SOLUSDT,bid,120,23324.0
2024-09-08 12:24:00,SOLUSDT,bid,116,10168.0
2024-09-08 12:24:21,SOLUSDT,bid,121,17150.0
2024-09-08 12:24:48,SOLUSDT,bid,120,23325.0
2024-09-08 12:25:05,SOLUSDT,bid,105,12531.0
2024-09-08 12:25:23,SOLUSDT,ask,145,20599.0
2024-09-08 12:25:45,SOLUSDT,bid,110,120165.0
2024-09-08 12:26:42,SOLUSDT,ask,133,9408.0
2024-09-08 12:26:53,SOLUSDT,ask,131,10169.0
2024-09-08 12:29:13,SOLUSDT,ask,131,10176.0
2024-09-08 12:30:45,SOLUSDT,bid,121,17149.0
2024-09-08 12:31:12,SOLUSDT,bid,101,109452.0
2024-09-08 12:31:30,SOLUSDT,ask,133,9407.0
2024-09-08 12:31:49,SOLUSDT,ask,133,9408.0
2024-09-08 12:32:22,SOLUSDT,bid,121,17150.0
2024-09-08 12:32:24,SOLUSDT,ask,135,11020.0
2024-09-08 12:32:37,SOLUSDT,bid,113,25682.0
2024-09-08 12:32:37,SOLUSDT,bid,121,17159.0
2024-09-08 12:33:45,SOLUSDT,ask,134,9408.0
2024-09-08 12:34:20,SOLUSDT,bid,121,17135.0
2024-09-08 12:35:55,SOLUSDT,bid,111,36279.0
2024-09-08 12:36:46,SOLUSDT,bid,106,10748.0
2024-09-08 12:36:48,SOLUSDT,bid,120,23331.0
2024-09-08 12:37:14,SOLUSDT,bid,120,23314.0
2024-09-08 12:37:35,SOLUSDT,bid,120,23315.0
2024-09-08 12:37:46,SOLUSDT,bid,106,10717.0
2024-09-08 12:37:51,SOLUSDT,ask,134,9368.0
2024-09-08 12:37:53,SOLUSDT,bid,106,10786.0
2024-09-08 12:38:15,SOLUSDT,bid,120,23314.0
2024-09-08 12:38:15,SOLUSDT,ask,135,11019.0
2024-09-08 12:38:16,SOLUSDT,bid,110,120164.0
2024-09-08 12:38:57,SOLUSDT,bid,120,23313.0
2024-09-08 12:38:57,SOLUSDT,ask,135,11018.0
2024-09-08 12:41:01,SOLUSDT,ask,134,9366.0
2024-09-08 12:41:10,SOLUSDT,bid,106,10717.0
2024-09-08 12:42:36,SOLUSDT,bid,120,23323.0
2024-09-08 12:44:04,SOLUSDT,bid,115,16022.0
2024-09-08 12:44:04,SOLUSDT,ask,135,11019.0
2024-09-08 12:44:40,SOLUSDT,ask,134,9367.0
2024-09-08 12:44:56,SOLUSDT,bid,115,16023.0
2024-09-08 12:44:57,SOLUSDT,bid,120,23325.0
2024-09-08 12:45:35,SOLUSDT,ask,139,37442.0
2024-09-08 12:45:48,SOLUSDT,ask,139,37418.0
2024-09-08 12:47:57,SOLUSDT,bid,120,23322.0
2024-09-08 12:47:59,SOLUSDT,bid,110,120159.0
2024-09-08 12:49:07,SOLUSDT,bid,115,16022.0
2024-09-08 12:49:17,SOLUSDT,bid,115,16011.0
2024-09-08 12:49:38,SOLUSDT,ask,133,9409.0
2024-09-08 12:49:42,SOLUSDT,ask,131,10187.0
2024-09-08 12:51:29,SOLUSDT,bid,121,17136.0
2024-09-08 12:51:32,SOLUSDT,bid,120,23323.0
2024-09-08 12:51:33,SOLUSDT,ask,150,16723.0
2024-09-08 12:51:52,SOLUSDT,bid,115,16012.0
2024-09-08 12:52:00,SOLUSDT,bid,116,10068.0
2024-09-08 12:54:12,SOLUSDT,ask,131,10186.0
2024-09-08 12:55:21,SOLUSDT,bid,121,17131.0
2024-09-08 12:55:48,SOLUSDT,ask,131,10217.0
2024-09-08 12:55:55,SOLUSDT,ask,133,9272.0
2024-09-08 12:56:09,SOLUSDT,bid,96,53532.0
2024-09-08 12:56:20,SOLUSDT,bid,106,10667.0
2024-09-08 12:56:44,SOLUSDT,bid,111,36362.0
2024-09-08 12:57:11,SOLUSDT,bid,96,53491.0
2024-09-08 12:57:26,SOLUSDT,bid,121,17129.0
2024-09-08 12:57:26,SOLUSDT,ask,139,37417.0
2024-09-08 12:57:35,SOLUSDT,bid,96,53533.0
2024-09-08 12:57:46,SOLUSDT,bid,120,23330.0
2024-09-08 12:57:59,SOLUSDT,bid,115,16018.0
2024-09-08 12:59:47,SOLUSDT,ask,133,9280.0
2024-09-08 12:59:51,SOLUSDT,ask,136,8174.0
2024-09-08 13:00:03,SOLUSDT,bid,110,120105.0
2024-09-08 13:00:03,SOLUSDT,bid,116,10017.0
2024-09-08 13:00:06,SOLUSDT,bid,90,22214.0
2024-09-08 13:00:12,SOLUSDT,ask,133,9242.0
2024-09-08 13:00:58,SOLUSDT,bid,120,23331.0
2024-09-08 13:01:23,SOLUSDT,bid,121,17229.0
2024-09-08 13:02:56,SOLUSDT,bid,110,120205.0
2024-09-08 13:03:08,SOLUSDT,bid,121,17129.0
2024-09-08 13:03:37,SOLUSDT,ask,135,11020.0
2024-09-08 13:04:38,SOLUSDT,bid,110,120105.0
2024-09-08 13:05:13,SOLUSDT,ask,135,10990.0
2024-09-08 13:06:08,SOLUSDT,bid,110,120205.0
2024-09-08 13:06:21,SOLUSDT,bid,110,120105.0
2024-09-08 13:06:32,SOLUSDT,bid,110,120155.0
2024-09-08 13:07:04,SOLUSDT,bid,121,17131.0
2024-09-08 13:07:28,SOLUSDT,bid,110,120105.0
2024-09-08 13:07:40,SOLUSDT,ask,133,9365.0
2024-09-08 13:07:42,SOLUSDT,ask,131,10264.0
2024-09-08 13:08:23,SOLUSDT,bid,121,17129.0
2024-09-08 13:08:44,SOLUSDT,bid,121,17216.0
2024-09-08 13:10:03,SOLUSDT,bid,117,8740.0
2024-09-08 13:11:06,SOLUSDT,bid,120,23349.0
2024-09-08 13:12:19,SOLUSDT,ask,134,9395.0
2024-09-08 13:12:50,SOLUSDT,ask,134,9394.0
2024-09-08 13:13:23,SOLUSDT,bid,110,120101.0
2024-09-08 13:13:52,SOLUSDT,bid,105,12542.0
2024-09-08 13:14:01,SOLUSDT,ask,134,9366.0
2024-09-08 13:15:03,SOLUSDT,bid,90,22201.0
2024-09-08 13:15:06,SOLUSDT,bid,120,23351.0
2024-09-08 13:15:06,SOLUSDT,ask,150,16724.0
2024-09-08 13:15:23,SOLUSDT,ask,131,10263.0
2024-09-08 13:15:23,SOLUSDT,ask,136,8173.0
2024-09-08 13:15:35,SOLUSDT,ask,135,10987.0
2024-09-08 13:16:06,SOLUSDT,bid,120,23345.0
2024-09-08 13:16:06,SOLUSDT,ask,136,8167.0
2024-09-08 13:16:55,SOLUSDT,bid,121,17219.0
2024-09-08 13:17:17,SOLUSDT,ask,131,10264.0
2024-09-08 13:17:17,SOLUSDT,ask,136,8168.0
2024-09-08 13:17:34,SOLUSDT,bid,121,17212.0
2024-09-08 13:17:42,SOLUSDT,bid,121,17220.0
2024-09-08 13:17:52,SOLUSDT,bid,110,120095.0
2024-09-08 13:18:07,SOLUSDT,bid,111,36381.0
2024-09-08 13:18:07,SOLUSDT,bid,120,23327.0
2024-09-08 13:18:42,SOLUSDT,bid,112,18285.0
2024-09-08 13:18:42,SOLUSDT,ask,150,16725.0
2024-09-08 13:19:47,SOLUSDT,bid,120,23154.0
2024-09-08 13:20:08,SOLUSDT,bid,111,36380.0
2024-09-08 13:21:10,SOLUSDT,bid,121,17228.0
2024-09-08 13:21:42,SOLUSDT,bid,91,57243.0
2024-09-08 13:21:47,SOLUSDT,bid,121,17227.0
2024-09-08 13:22:44,SOLUSDT,bid,100,10029.0
2024-09-08 13:22:49,SOLUSDT,bid,116,10025.0
2024-09-08 13:23:15,SOLUSDT,bid,120,23155.0
2024-09-08 13:23:22,SOLUSDT,bid,115,16021.0
2024-09-08 13:23:48,SOLUSDT,bid,121,17277.0
2024-09-08 13:23:48,SOLUSDT,bid,120,23154.0
2024-09-08 13:24:01,SOLUSDT,bid,121,17227.0
2024-09-08 13:24:26,SOLUSDT,ask,139,37414.0
2024-09-08 13:24:58,SOLUSDT,bid,105,12544.0
2024-09-08 13:24:58,SOLUSDT,bid,112,21064.0
2024-09-08 13:24:58,SOLUSDT,ask,133,9367.0
2024-09-08 13:25:04,SOLUSDT,bid,111,36361.0
2024-09-08 13:25:22,SOLUSDT,bid,111,36344.0
2024-09-08 13:26:01,SOLUSDT,ask,134,9374.0
2024-09-08 13:27:04,SOLUSDT,ask,131,10263.0
2024-09-08 13:27:25,SOLUSDT,bid,120,23032.0
2024-09-08 13:27:58,SOLUSDT,ask,135,10985.0
2024-09-08 13:28:03,SOLUSDT,ask,131,10205.0
2024-09-08 13:28:13,SOLUSDT,bid,100,10028.0
2024-09-08 13:28:18,SOLUSDT,ask,136,8166.0
2024-09-08 13:29:27,SOLUSDT,bid,100,10033.0
2024-09-08 13:30:10,SOLUSDT,ask,133,8963.0
2024-09-08 13:31:52,SOLUSDT,bid,120,22962.0
2024-09-08 13:31:57,SOLUSDT,ask,133,9285.0
2024-09-08 13:32:03,SOLUSDT,bid,110,120059.0
2024-09-08 13:32:14,SOLUSDT,ask,133,9284.0
2024-09-08 13:32:14,SOLUSDT,ask,134,9373.0
2024-09-08 13:32:14,SOLUSDT,ask,135,10984.0
2024-09-08 13:32:21,SOLUSDT,bid,120,22963.0
2024-09-08 13:32:31,SOLUSDT,ask,134,9374.0
2024-09-08 13:33:09,SOLUSDT,bid,112,21164.0
2024-09-08 13:33:11,SOLUSDT,bid,120,22962.0
2024-09-08 13:33:23,SOLUSDT,bid,112,21064.0
2024-09-08 13:33:52,SOLUSDT,bid,110,120159.0
2024-09-08 13:34:02,SOLUSDT,bid,110,120059.0
2024-09-08 13:34:25,SOLUSDT,bid,110,120109.0
2024-09-08 13:34:36,SOLUSDT,bid,115,16017.0
2024-09-08 13:34:38,SOLUSDT,bid,110,120110.0
2024-09-08 13:35:32,SOLUSDT,ask,131,10453.0
2024-09-08 13:36:24,SOLUSDT,ask,142,8373.0
2024-09-08 13:38:57,SOLUSDT,ask,135,10982.0
2024-09-08 13:39:24,SOLUSDT,bid,120,22961.0
2024-09-08 13:39:24,SOLUSDT,ask,134,9373.0
2024-09-08 13:39:24,SOLUSDT,ask,136,8165.0
2024-09-08 13:39:30,SOLUSDT,ask,131,10310.0
2024-09-08 13:39:40,SOLUSDT,ask,131,10384.0
2024-09-08 13:39:54,SOLUSDT,ask,134,9372.0
2024-09-08 13:40:54,SOLUSDT,bid,121,17214.0
2024-09-08 13:41:14,SOLUSDT,ask,134,9374.0
2024-09-08 13:42:01,SOLUSDT,bid,121,17217.0
2024-09-08 13:42:18,SOLUSDT,bid,120,22959.0
2024-09-08 13:42:42,SOLUSDT,bid,115,16009.0
2024-09-08 13:42:47,SOLUSDT,bid,121,17221.0
2024-09-08 13:43:00,SOLUSDT,bid,121,17218.0
2024-09-08 13:43:15,SOLUSDT,ask,131,10345.0
2024-09-08 13:44:48,SOLUSDT,bid,116,10026.0
2024-09-08 13:45:57,SOLUSDT,ask,135,10974.0
2024-09-08 13:46:17,SOLUSDT,bid,116,10027.0
2024-09-08 13:46:22,SOLUSDT,bid,111,36334.0
2024-09-08 13:47:14,SOLUSDT,bid,120,22949.0
2024-09-08 13:47:50,SOLUSDT,bid,121,16977.0
2024-09-08 13:48:11,SOLUSDT,bid,120,22957.0
2024-09-08 13:48:16,SOLUSDT,bid,120,22974.0
2024-09-08 13:48:23,SOLUSDT,bid,110,120109.0
2024-09-08 13:48:41,SOLUSDT,bid,110,120110.0
2024-09-08 13:48:44,SOLUSDT,bid,120,22973.0
2024-09-08 13:48:48,SOLUSDT,bid,110,120112.0
2024-09-08 13:49:17,SOLUSDT,ask,135,10976.0
2024-09-08 13:49:56,SOLUSDT,ask,134,9390.0
2024-09-08 13:51:01,SOLUSDT,bid,96,52073.0
2024-09-08 13:51:24,SOLUSDT,ask,145,16989.0
