2024-08-11 00:06:55,SOLUSDT,ask,176,29005.0
2024-08-11 00:11:34,SOLUSDT,ask,175,31055.0
2024-08-11 01:35:27,SOLUSDT,ask,178,34863.0
2024-08-11 01:41:12,SOLUSDT,ask,175,31057.0
2024-08-11 01:43:52,SOLUSDT,ask,175,31083.0
2024-08-11 01:46:30,SOLUSDT,ask,175,31057.0
2024-08-11 01:47:35,SOLUSDT,ask,175,31039.0
2024-08-11 01:48:14,SOLUSDT,ask,175,31040.0
2024-08-11 01:50:59,SOLUSDT,ask,175,31041.0
2024-08-11 02:03:54,SOLUSDT,ask,175,31040.0
2024-08-11 02:29:30,SOLUSDT,ask,178,34865.0
2024-08-11 02:31:57,SOLUSDT,ask,175,31039.0
2024-08-11 02:42:25,SOLUSDT,ask,178,34870.0
2024-08-11 02:44:42,SOLUSDT,ask,178,34865.0
2024-08-11 02:44:42,SOLUSDT,ask,175,31038.0
2024-08-11 03:52:18,SOLUSDT,ask,175,31027.0
2024-08-11 04:08:44,SOLUSDT,ask,176,29115.0
2024-08-11 04:38:04,SOLUSDT,bid,74,67596.0
2024-08-11 04:50:51,SOLUSDT,ask,175,31024.0
2024-08-11 05:03:50,SOLUSDT,ask,178,34861.0
2024-08-11 05:05:10,SOLUSDT,ask,175,31022.0
2024-08-11 05:12:59,SOLUSDT,ask,159,91728.0
2024-08-11 05:42:52,SOLUSDT,ask,175,31019.0
2024-08-11 07:19:03,SOLUSDT,ask,175,31018.0
2024-08-11 07:19:03,SOLUSDT,ask,176,29114.0
2024-08-11 07:19:03,SOLUSDT,ask,178,34860.0
2024-08-11 08:10:15,SOLUSDT,ask,176,29150.0
2024-08-11 08:14:34,SOLUSDT,bid,46,108730.0
2024-08-11 08:40:32,SOLUSDT,ask,178,34876.0
2024-08-11 08:40:35,SOLUSDT,ask,175,31016.0
2024-08-11 09:48:17,SOLUSDT,ask,175,30952.0
2024-08-11 09:54:21,SOLUSDT,ask,178,34886.0
2024-08-11 10:14:51,SOLUSDT,ask,175,30982.0
2024-08-11 10:16:19,SOLUSDT,ask,175,30952.0
2024-08-11 10:16:19,SOLUSDT,ask,178,34916.0
2024-08-11 10:17:30,SOLUSDT,ask,176,29151.0
2024-08-11 10:32:34,SOLUSDT,ask,198,32249.0
2024-08-11 10:35:23,SOLUSDT,ask,175,30963.0
2024-08-11 10:35:56,SOLUSDT,ask,175,30952.0
2024-08-11 10:41:43,SOLUSDT,ask,175,30950.0
2024-08-11 10:52:17,SOLUSDT,ask,175,30835.0
2024-08-11 10:58:32,SOLUSDT,ask,175,30837.0
2024-08-11 10:59:26,SOLUSDT,ask,175,30835.0
2024-08-11 10:59:26,SOLUSDT,ask,178,34917.0
2024-08-11 10:59:31,SOLUSDT,ask,178,34916.0
2024-08-11 10:59:39,SOLUSDT,ask,178,34918.0
2024-08-11 11:07:28,SOLUSDT,ask,175,30876.0
2024-08-11 11:12:19,SOLUSDT,ask,178,34913.0
2024-08-11 11:24:37,SOLUSDT,ask,175,30835.0
2024-08-11 11:38:25,SOLUSDT,ask,176,29150.0
2024-08-11 12:00:44,SOLUSDT,bid,46,108718.0
2024-08-11 12:35:26,SOLUSDT,ask,175,30836.0
2024-08-11 12:36:51,SOLUSDT,ask,178,34911.0
2024-08-11 12:38:08,SOLUSDT,ask,175,30838.0
2024-08-11 12:43:38,SOLUSDT,ask,175,30839.0
2024-08-11 12:50:23,SOLUSDT,ask,175,30848.0
2024-08-11 12:57:29,SOLUSDT,ask,175,30854.0
2024-08-11 13:02:29,SOLUSDT,ask,176,29149.0
2024-08-11 13:23:51,SOLUSDT,ask,175,30840.0
2024-08-11 13:25:22,SOLUSDT,ask,175,30850.0
2024-08-11 13:44:30,SOLUSDT,bid,46,108763.0
2024-08-11 13:45:28,SOLUSDT,bid,46,108718.0
2024-08-11 13:46:11,SOLUSDT,bid,46,108763.0
2024-08-11 13:48:12,SOLUSDT,ask,176,29113.0
2024-08-11 13:52:41,SOLUSDT,ask,176,29111.0
2024-08-11 14:30:50,SOLUSDT,ask,175,30849.0
2024-08-11 15:28:41,SOLUSDT,ask,178,34926.0
2024-08-11 15:30:33,SOLUSDT,ask,176,29121.0
2024-08-11 15:45:45,SOLUSDT,ask,178,41948.0
2024-08-11 15:52:38,SOLUSDT,ask,175,30850.0
2024-08-11 16:03:09,SOLUSDT,bid,46,108718.0
2024-08-11 16:11:22,SOLUSDT,ask,175,30870.0
2024-08-11 16:12:50,SOLUSDT,ask,175,30906.0
2024-08-11 16:13:50,SOLUSDT,ask,175,30896.0
2024-08-11 16:20:44,SOLUSDT,ask,175,30895.0
2024-08-11 16:23:32,SOLUSDT,ask,178,41918.0
2024-08-11 16:27:34,SOLUSDT,ask,175,30896.0
2024-08-11 16:28:00,SOLUSDT,ask,178,41948.0
2024-08-11 16:32:43,SOLUSDT,ask,175,30897.0
2024-08-11 16:36:10,SOLUSDT,ask,178,41952.0
2024-08-11 16:41:28,SOLUSDT,ask,175,30928.0
2024-08-11 16:48:49,SOLUSDT,ask,176,29110.0
2024-08-11 16:48:49,SOLUSDT,ask,178,41953.0
2024-08-11 16:53:41,SOLUSDT,ask,176,29109.0
2024-08-11 16:53:41,SOLUSDT,ask,178,41952.0
2024-08-11 16:57:28,SOLUSDT,ask,175,30928.0
2024-08-11 17:01:04,SOLUSDT,ask,176,29471.0
2024-08-11 17:01:23,SOLUSDT,ask,175,30929.0
2024-08-11 17:05:26,SOLUSDT,ask,175,30928.0
2024-08-11 17:06:20,SOLUSDT,ask,175,30929.0
2024-08-11 17:08:35,SOLUSDT,ask,178,42334.0
2024-08-11 17:11:03,SOLUSDT,ask,175,30930.0
2024-08-11 17:11:03,SOLUSDT,ask,176,29472.0
2024-08-11 17:11:03,SOLUSDT,ask,178,42335.0
2024-08-11 17:32:43,SOLUSDT,ask,178,42315.0
2024-08-11 17:34:04,SOLUSDT,ask,175,30931.0
2024-08-11 18:26:50,SOLUSDT,ask,175,30915.0
2024-08-11 18:27:09,SOLUSDT,ask,175,30884.0
2024-08-11 18:47:58,SOLUSDT,ask,178,42380.0
2024-08-11 19:17:53,SOLUSDT,ask,178,35358.0
2024-08-11 19:22:13,SOLUSDT,ask,178,35293.0
2024-08-11 19:24:21,SOLUSDT,ask,175,30912.0
2024-08-11 20:04:39,SOLUSDT,bid,150,33464.0
2024-08-11 20:09:34,SOLUSDT,bid,150,33351.0
2024-08-11 20:09:36,SOLUSDT,bid,150,34481.0
2024-08-11 20:09:37,SOLUSDT,bid,150,33351.0
2024-08-11 20:09:38,SOLUSDT,bid,150,33357.0
2024-08-11 20:09:39,SOLUSDT,bid,150,33556.0
2024-08-11 20:09:40,SOLUSDT,bid,150,33357.0
2024-08-11 20:09:40,SOLUSDT,bid,150,33367.0
2024-08-11 20:10:38,SOLUSDT,bid,75,93208.0
2024-08-11 20:10:39,SOLUSDT,bid,75,93209.0
2024-08-11 20:10:39,SOLUSDT,bid,75,93208.0
2024-08-11 20:10:39,SOLUSDT,bid,75,93209.0
2024-08-11 20:10:40,SOLUSDT,bid,75,93208.0
2024-08-11 19:50:22,SOLUSD_PERP,bid,150,7507.0
2024-08-11 19:50:24,SOLUSD_PERP,bid,150,12500.0
2024-08-11 19:50:24,SOLUSD_PERP,bid,150,13079.0
2024-08-11 19:50:24,SOLUSD_PERP,bid,150,10796.0
2024-08-11 19:50:25,SOLUSD_PERP,bid,150,7182.0
2024-08-11 19:50:25,SOLUSD_PERP,ask,151,10500.0
2024-08-11 19:50:26,SOLUSD_PERP,bid,150,8619.0
2024-08-11 19:50:26,SOLUSD_PERP,ask,150,6750.0
2024-08-11 19:50:26,SOLUSD_PERP,bid,150,11488.0
2024-08-11 19:50:27,SOLUSD_PERP,ask,151,7000.0
2024-08-11 19:50:27,SOLUSD_PERP,bid,150,9623.0
2024-08-11 19:50:27,SOLUSD_PERP,bid,150,6774.0
2024-08-11 19:50:28,SOLUSD_PERP,bid,150,11276.0
2024-08-11 19:50:28,SOLUSD_PERP,bid,150,10500.0
2024-08-11 19:50:29,SOLUSD_PERP,bid,150,9303.0
2024-08-11 19:50:29,SOLUSD_PERP,bid,150,12500.0
2024-08-11 19:50:29,SOLUSD_PERP,bid,150,8273.0
2024-08-11 19:50:29,SOLUSD_PERP,bid,150,10500.0
2024-08-11 19:50:30,SOLUSD_PERP,bid,150,8274.0
2024-08-11 19:50:30,SOLUSD_PERP,ask,150,7698.0
2024-08-11 19:50:31,SOLUSD_PERP,bid,150,12820.0
2024-08-11 19:50:31,SOLUSD_PERP,ask,150,7817.0
2024-08-11 19:50:32,SOLUSD_PERP,ask,151,29664.0
2024-08-11 19:50:32,SOLUSD_PERP,ask,151,7058.0
2024-08-11 19:50:33,SOLUSD_PERP,ask,151,8417.0
2024-08-11 19:50:35,SOLUSD_PERP,bid,150,12500.0
2024-08-11 19:50:36,SOLUSD_PERP,ask,151,8318.0
2024-08-11 19:50:38,SOLUSD_PERP,bid,150,8273.0
2024-08-11 19:50:38,SOLUSD_PERP,bid,150,12106.0
2024-08-11 19:50:38,SOLUSD_PERP,ask,151,7751.0
2024-08-11 19:50:38,SOLUSD_PERP,bid,150,22151.0
2024-08-11 19:50:38,SOLUSD_PERP,bid,150,10500.0
2024-08-11 19:50:38,SOLUSD_PERP,ask,151,6647.0
2024-08-11 19:50:39,SOLUSD_PERP,ask,151,6624.0
2024-08-11 19:50:39,SOLUSD_PERP,ask,151,6624.0
2024-08-11 19:50:39,SOLUSD_PERP,ask,151,10847.0
2024-08-11 19:50:40,SOLUSD_PERP,ask,151,7058.0
2024-08-11 19:50:41,SOLUSD_PERP,ask,151,10500.0
2024-08-11 19:50:41,SOLUSD_PERP,bid,150,20773.0
2024-08-11 19:50:41,SOLUSD_PERP,ask,152,7087.0
2024-08-11 19:50:41,SOLUSD_PERP,ask,151,10847.0
2024-08-11 19:50:42,SOLUSD_PERP,ask,151,11179.0
2024-08-11 19:50:43,SOLUSD_PERP,bid,148,18001.0
2024-08-11 19:50:47,SOLUSD_PERP,bid,150,12500.0
2024-08-11 19:50:47,SOLUSD_PERP,bid,150,8273.0
2024-08-11 19:50:48,SOLUSD_PERP,bid,150,6648.0
2024-08-11 19:50:49,SOLUSD_PERP,ask,151,7030.0
2024-08-11 19:50:51,SOLUSD_PERP,ask,151,11499.0
2024-08-11 19:50:51,SOLUSD_PERP,ask,151,6710.0
2024-08-11 19:50:51,SOLUSD_PERP,ask,151,11152.0
2024-08-11 19:50:52,SOLUSD_PERP,ask,151,11573.0
2024-08-11 19:50:52,SOLUSD_PERP,ask,151,12342.0
2024-08-11 19:50:52,SOLUSD_PERP,ask,152,34018.0
2024-08-11 19:50:52,SOLUSD_PERP,bid,150,12641.0
2024-08-11 19:50:52,SOLUSD_PERP,bid,150,10500.0
2024-08-11 19:50:52,SOLUSD_PERP,bid,150,36062.0
2024-08-11 19:50:52,SOLUSD_PERP,ask,151,6964.0
2024-08-11 19:50:53,SOLUSD_PERP,ask,152,29668.0
2024-08-11 19:50:53,SOLUSD_PERP,bid,150,7091.0
2024-08-11 19:50:56,SOLUSD_PERP,ask,151,8210.0
2024-08-11 19:50:58,SOLUSD_PERP,bid,150,10173.0
2024-08-11 19:50:58,SOLUSD_PERP,bid,150,10500.0
2024-08-11 19:50:59,SOLUSD_PERP,ask,151,6744.0
2024-08-11 19:50:59,SOLUSD_PERP,bid,150,10550.0
2024-08-11 19:50:59,SOLUSD_PERP,bid,150,10650.0
2024-08-11 19:50:59,SOLUSD_PERP,bid,150,10500.0
2024-08-11 19:51:00,SOLUSD_PERP,ask,151,7952.0
2024-08-11 19:51:00,SOLUSD_PERP,bid,148,32281.0
2024-08-11 19:51:02,SOLUSD_PERP,ask,151,7667.0
2024-08-11 19:51:03,SOLUSD_PERP,ask,151,7671.0
2024-08-11 19:51:04,SOLUSD_PERP,ask,151,8127.0
2024-08-11 19:51:05,SOLUSD_PERP,bid,150,6808.0
2024-08-11 19:51:05,SOLUSD_PERP,ask,153,7608.0
2024-08-11 19:51:05,SOLUSD_PERP,bid,150,10832.0
2024-08-11 19:51:06,SOLUSD_PERP,bid,150,10500.0
2024-08-11 19:51:06,SOLUSD_PERP,ask,151,6873.0
2024-08-11 19:51:06,SOLUSD_PERP,ask,151,6873.0
2024-08-11 19:51:10,SOLUSD_PERP,ask,151,6910.0
2024-08-11 19:51:11,SOLUSD_PERP,ask,151,6899.0
2024-08-11 19:51:11,SOLUSD_PERP,ask,151,7489.0
2024-08-11 19:51:11,SOLUSD_PERP,ask,151,7644.0
2024-08-11 19:51:12,SOLUSD_PERP,bid,150,11911.0
2024-08-11 19:51:12,SOLUSD_PERP,ask,151,7125.0
2024-08-11 19:51:12,SOLUSD_PERP,bid,150,11911.0
2024-08-11 19:51:12,SOLUSD_PERP,ask,151,10500.0
2024-08-11 19:51:12,SOLUSD_PERP,bid,150,11911.0
2024-08-11 19:51:12,SOLUSD_PERP,bid,148,26634.0
2024-08-11 19:51:13,SOLUSD_PERP,ask,151,7794.0
2024-08-11 19:51:14,SOLUSD_PERP,ask,151,8405.0
2024-08-11 19:51:14,SOLUSD_PERP,ask,152,29715.0
2024-08-11 19:51:15,SOLUSD_PERP,ask,151,7929.0
2024-08-11 19:51:15,SOLUSD_PERP,bid,150,11579.0
2024-08-11 19:51:15,SOLUSD_PERP,bid,149,29715.0
2024-08-11 19:51:15,SOLUSD_PERP,bid,150,11579.0
2024-08-11 19:51:16,SOLUSD_PERP,ask,151,6958.0
2024-08-11 19:51:17,SOLUSD_PERP,bid,150,6954.0
2024-08-11 19:51:17,SOLUSD_PERP,ask,151,9064.0
2024-08-11 19:51:17,SOLUSD_PERP,ask,151,11528.0
2024-08-11 19:51:20,SOLUSD_PERP,ask,152,29721.0
2024-08-11 19:51:21,SOLUSD_PERP,ask,151,7218.0
2024-08-11 19:51:21,SOLUSD_PERP,ask,151,6750.0
2024-08-11 19:51:22,SOLUSD_PERP,ask,151,6617.0
2024-08-11 19:51:23,SOLUSD_PERP,ask,151,13251.0
2024-08-11 19:51:24,SOLUSD_PERP,ask,151,7520.0
2024-08-11 19:51:26,SOLUSD_PERP,bid,148,26445.0
2024-08-11 19:51:26,SOLUSD_PERP,ask,151,8331.0
2024-08-11 19:51:26,SOLUSD_PERP,ask,151,7058.0
2024-08-11 19:51:27,SOLUSD_PERP,ask,151,9702.0
2024-08-11 19:51:27,SOLUSD_PERP,bid,150,7286.0
2024-08-11 19:51:27,SOLUSD_PERP,bid,150,22152.0
2024-08-11 19:51:27,SOLUSD_PERP,ask,151,10043.0
2024-08-11 19:51:27,SOLUSD_PERP,ask,151,7277.0
2024-08-11 19:51:28,SOLUSD_PERP,ask,151,8400.0
2024-08-11 19:51:29,SOLUSD_PERP,ask,151,10025.0
2024-08-11 19:51:29,SOLUSD_PERP,ask,151,8650.0
2024-08-11 19:51:29,SOLUSD_PERP,bid,150,6954.0
2024-08-11 19:51:30,SOLUSD_PERP,ask,151,7111.0
2024-08-11 19:51:31,SOLUSD_PERP,ask,151,7355.0
2024-08-11 19:51:32,SOLUSD_PERP,ask,151,8886.0
2024-08-11 19:51:32,SOLUSD_PERP,bid,150,11926.0
2024-08-11 19:51:32,SOLUSD_PERP,bid,149,7201.0
2024-08-11 19:51:33,SOLUSD_PERP,ask,151,10500.0
2024-08-11 19:51:34,SOLUSD_PERP,ask,151,8571.0
2024-08-11 19:51:34,SOLUSD_PERP,ask,151,6985.0
2024-08-11 19:51:34,SOLUSD_PERP,bid,150,21952.0
2024-08-11 19:51:34,SOLUSD_PERP,ask,151,7073.0
2024-08-11 19:51:35,SOLUSD_PERP,bid,150,8620.0
2024-08-11 19:51:35,SOLUSD_PERP,bid,150,15937.0
2024-08-11 19:51:35,SOLUSD_PERP,bid,150,11926.0
2024-08-11 19:51:36,SOLUSD_PERP,ask,151,6960.0
2024-08-11 19:51:36,SOLUSD_PERP,bid,150,10941.0
2024-08-11 19:51:36,SOLUSD_PERP,ask,151,9412.0
2024-08-11 19:51:36,SOLUSD_PERP,bid,150,6954.0
2024-08-11 19:51:38,SOLUSD_PERP,ask,151,11564.0
2024-08-11 19:51:38,SOLUSD_PERP,ask,151,10500.0
2024-08-11 19:51:38,SOLUSD_PERP,bid,150,8273.0
2024-08-11 19:51:38,SOLUSD_PERP,ask,151,11557.0
2024-08-11 19:51:38,SOLUSD_PERP,ask,152,29752.0
2024-08-11 19:51:39,SOLUSD_PERP,ask,151,10500.0
2024-08-11 19:51:39,SOLUSD_PERP,ask,151,11511.0
2024-08-11 19:51:39,SOLUSD_PERP,ask,151,10500.0
2024-08-11 19:51:39,SOLUSD_PERP,ask,151,11505.0
2024-08-11 19:51:39,SOLUSD_PERP,bid,150,14134.0
2024-08-11 19:51:39,SOLUSD_PERP,bid,150,7274.0
2024-08-11 19:51:39,SOLUSD_PERP,ask,151,6889.0
2024-08-11 19:51:41,SOLUSD_PERP,bid,150,8620.0
2024-08-11 19:51:41,SOLUSD_PERP,ask,151,10500.0
2024-08-11 19:51:41,SOLUSD_PERP,bid,150,6954.0
2024-08-11 19:51:41,SOLUSD_PERP,bid,150,11926.0
2024-08-11 19:51:42,SOLUSD_PERP,bid,150,22052.0
2024-08-11 19:51:42,SOLUSD_PERP,ask,151,6689.0
2024-08-11 19:51:43,SOLUSD_PERP,bid,150,6954.0
2024-08-11 19:51:43,SOLUSD_PERP,ask,151,6790.0
2024-08-11 19:51:43,SOLUSD_PERP,ask,151,7717.0
2024-08-11 19:51:44,SOLUSD_PERP,ask,151,7796.0
2024-08-11 19:51:44,SOLUSD_PERP,ask,151,7276.0
2024-08-11 19:51:45,SOLUSD_PERP,ask,151,7208.0
2024-08-11 19:51:45,SOLUSD_PERP,ask,151,7208.0
2024-08-11 19:51:46,SOLUSD_PERP,ask,151,7208.0
2024-08-11 19:51:46,SOLUSD_PERP,bid,150,10388.0
2024-08-11 19:51:46,SOLUSD_PERP,bid,150,6954.0
2024-08-11 19:51:46,SOLUSD_PERP,ask,151,9872.0
2024-08-11 19:51:47,SOLUSD_PERP,ask,151,7849.0
2024-08-11 19:51:49,SOLUSD_PERP,ask,151,6673.0
2024-08-11 19:51:49,SOLUSD_PERP,ask,151,6673.0
2024-08-11 19:51:49,SOLUSD_PERP,bid,150,8273.0
2024-08-11 19:51:49,SOLUSD_PERP,bid,150,11579.0
2024-08-11 19:51:51,SOLUSD_PERP,ask,151,7569.0
2024-08-11 19:51:51,SOLUSD_PERP,ask,151,6620.0
2024-08-11 19:51:51,SOLUSD_PERP,ask,151,6664.0
2024-08-11 19:51:52,SOLUSD_PERP,ask,151,6664.0
2024-08-11 19:51:52,SOLUSD_PERP,ask,151,7000.0
2024-08-11 19:51:52,SOLUSD_PERP,ask,151,6670.0
2024-08-11 19:51:52,SOLUSD_PERP,ask,151,7631.0
2024-08-11 19:51:52,SOLUSD_PERP,ask,151,7212.0
2024-08-11 19:51:53,SOLUSD_PERP,ask,151,10277.0
2024-08-11 19:51:53,SOLUSD_PERP,ask,151,6656.0
2024-08-11 19:51:53,SOLUSD_PERP,ask,151,7705.0
2024-08-11 19:51:53,SOLUSD_PERP,ask,151,10350.0
2024-08-11 19:51:53,SOLUSD_PERP,ask,151,7705.0
2024-08-11 19:51:53,SOLUSD_PERP,ask,151,6656.0
2024-08-11 19:51:53,SOLUSD_PERP,ask,151,7705.0
2024-08-11 19:51:54,SOLUSD_PERP,ask,151,10350.0
2024-08-11 19:51:54,SOLUSD_PERP,ask,151,7705.0
2024-08-11 19:51:54,SOLUSD_PERP,ask,151,7244.0
2024-08-11 19:51:54,SOLUSD_PERP,ask,151,7243.0
2024-08-11 19:51:54,SOLUSD_PERP,ask,151,7662.0
2024-08-11 19:51:54,SOLUSD_PERP,ask,151,10307.0
2024-08-11 19:51:54,SOLUSD_PERP,ask,151,7243.0
2024-08-11 19:51:54,SOLUSD_PERP,ask,151,7243.0
2024-08-11 19:51:55,SOLUSD_PERP,bid,143,170729.0
2024-08-11 19:51:55,SOLUSD_PERP,ask,151,7365.0
2024-08-11 19:51:55,SOLUSD_PERP,ask,151,6735.0
2024-08-11 19:51:55,SOLUSD_PERP,ask,151,7353.0
2024-08-11 19:51:55,SOLUSD_PERP,ask,151,7478.0
2024-08-11 19:51:55,SOLUSD_PERP,ask,151,6736.0
2024-08-11 19:51:55,SOLUSD_PERP,ask,151,11517.0
2024-08-11 19:51:55,SOLUSD_PERP,ask,151,6736.0
2024-08-11 19:51:55,SOLUSD_PERP,ask,151,6736.0
2024-08-11 19:51:56,SOLUSD_PERP,ask,151,6736.0
2024-08-11 19:51:56,SOLUSD_PERP,ask,151,6750.0
2024-08-11 19:51:56,SOLUSD_PERP,ask,151,6738.0
2024-08-11 19:51:56,SOLUSD_PERP,ask,151,6871.0
2024-08-11 19:51:56,SOLUSD_PERP,ask,151,6871.0
2024-08-11 19:51:56,SOLUSD_PERP,ask,151,8475.0
2024-08-11 19:51:56,SOLUSD_PERP,ask,151,6953.0
2024-08-11 19:51:57,SOLUSD_PERP,bid,150,36017.0
2024-08-11 19:51:57,SOLUSD_PERP,ask,151,6871.0
2024-08-11 19:51:57,SOLUSD_PERP,ask,151,7017.0
2024-08-11 19:51:57,SOLUSD_PERP,bid,150,7301.0
2024-08-11 19:51:57,SOLUSD_PERP,ask,151,7898.0
2024-08-11 19:51:58,SOLUSD_PERP,ask,151,7022.0
2024-08-11 19:51:58,SOLUSD_PERP,ask,151,6936.0
2024-08-11 19:51:58,SOLUSD_PERP,ask,151,7035.0
2024-08-11 19:51:58,SOLUSD_PERP,ask,151,6935.0
2024-08-11 19:51:58,SOLUSD_PERP,ask,151,8193.0
2024-08-11 19:51:58,SOLUSD_PERP,ask,151,7244.0
2024-08-11 19:51:58,SOLUSD_PERP,ask,151,10500.0
2024-08-11 19:51:59,SOLUSD_PERP,ask,151,7392.0
2024-08-11 19:51:59,SOLUSD_PERP,ask,151,7342.0
2024-08-11 19:51:59,SOLUSD_PERP,ask,151,7342.0
2024-08-11 19:51:59,SOLUSD_PERP,ask,151,7142.0
2024-08-11 19:51:59,SOLUSD_PERP,ask,151,8729.0
2024-08-11 19:51:59,SOLUSD_PERP,ask,151,7228.0
2024-08-11 19:51:59,SOLUSD_PERP,ask,151,6997.0
2024-08-11 19:51:59,SOLUSD_PERP,ask,151,6997.0
2024-08-11 19:51:59,SOLUSD_PERP,ask,151,6997.0
2024-08-11 19:52:00,SOLUSD_PERP,ask,151,6997.0
2024-08-11 19:52:00,SOLUSD_PERP,ask,151,6997.0
2024-08-11 19:52:00,SOLUSD_PERP,ask,151,6997.0
2024-08-11 19:52:00,SOLUSD_PERP,ask,151,7109.0
2024-08-11 19:52:00,SOLUSD_PERP,bid,150,7648.0
2024-08-11 19:52:00,SOLUSD_PERP,ask,151,7037.0
2024-08-11 19:52:00,SOLUSD_PERP,bid,150,7301.0
2024-08-11 19:52:00,SOLUSD_PERP,ask,151,6935.0
2024-08-11 19:52:00,SOLUSD_PERP,ask,151,6934.0
2024-08-11 19:52:01,SOLUSD_PERP,ask,151,7017.0
2024-08-11 19:52:01,SOLUSD_PERP,ask,151,7017.0
2024-08-11 19:52:01,SOLUSD_PERP,ask,151,6934.0
2024-08-11 19:52:01,SOLUSD_PERP,ask,151,6934.0
2024-08-11 19:52:01,SOLUSD_PERP,ask,151,6935.0
2024-08-11 19:52:01,SOLUSD_PERP,ask,151,6741.0
2024-08-11 19:52:01,SOLUSD_PERP,ask,151,6740.0
2024-08-11 19:52:01,SOLUSD_PERP,ask,151,7392.0
2024-08-11 19:52:02,SOLUSD_PERP,ask,151,7088.0
2024-08-11 19:52:02,SOLUSD_PERP,ask,151,6742.0
2024-08-11 19:52:02,SOLUSD_PERP,ask,151,6742.0
2024-08-11 19:52:02,SOLUSD_PERP,bid,150,7621.0
2024-08-11 19:52:02,SOLUSD_PERP,ask,151,6742.0
2024-08-11 19:52:02,SOLUSD_PERP,ask,151,6742.0
2024-08-11 19:52:02,SOLUSD_PERP,ask,151,6749.0
2024-08-11 19:52:02,SOLUSD_PERP,ask,151,8315.0
2024-08-11 19:52:02,SOLUSD_PERP,ask,151,7614.0
2024-08-11 19:52:03,SOLUSD_PERP,ask,151,8315.0
2024-08-11 19:52:03,SOLUSD_PERP,ask,151,7614.0
2024-08-11 19:52:04,SOLUSD_PERP,ask,151,8265.0
2024-08-11 19:52:04,SOLUSD_PERP,bid,150,7941.0
2024-08-11 19:52:04,SOLUSD_PERP,ask,151,11557.0
2024-08-11 19:52:04,SOLUSD_PERP,bid,150,6842.0
2024-08-11 19:52:04,SOLUSD_PERP,ask,151,7507.0
2024-08-11 19:52:04,SOLUSD_PERP,ask,151,10500.0
2024-08-11 19:52:05,SOLUSD_PERP,ask,151,10424.0
2024-08-11 19:52:05,SOLUSD_PERP,bid,150,7621.0
2024-08-11 19:52:05,SOLUSD_PERP,ask,151,8271.0
2024-08-11 19:52:06,SOLUSD_PERP,bid,150,7301.0
2024-08-11 19:52:06,SOLUSD_PERP,ask,151,7502.0
2024-08-11 19:52:06,SOLUSD_PERP,bid,150,14982.0
2024-08-11 19:52:06,SOLUSD_PERP,bid,150,7301.0
2024-08-11 19:52:06,SOLUSD_PERP,bid,150,11579.0
2024-08-11 19:52:06,SOLUSD_PERP,ask,151,7065.0
2024-08-11 19:52:07,SOLUSD_PERP,ask,151,7043.0
2024-08-11 19:52:07,SOLUSD_PERP,bid,150,7621.0
2024-08-11 19:52:07,SOLUSD_PERP,ask,151,12808.0
2024-08-11 19:52:08,SOLUSD_PERP,bid,150,11899.0
2024-08-11 19:52:08,SOLUSD_PERP,ask,151,9907.0
2024-08-11 19:52:09,SOLUSD_PERP,ask,151,11569.0
2024-08-11 19:52:09,SOLUSD_PERP,ask,151,10500.0
2024-08-11 19:52:10,SOLUSD_PERP,ask,151,7108.0
2024-08-11 19:52:10,SOLUSD_PERP,ask,151,9795.0
2024-08-11 19:52:10,SOLUSD_PERP,bid,150,12539.0
2024-08-11 19:52:10,SOLUSD_PERP,bid,150,7941.0
2024-08-11 19:52:10,SOLUSD_PERP,ask,151,7108.0
2024-08-11 19:52:10,SOLUSD_PERP,bid,150,11579.0
2024-08-11 19:52:10,SOLUSD_PERP,bid,150,7301.0
2024-08-11 19:52:10,SOLUSD_PERP,ask,151,7932.0
2024-08-11 19:52:11,SOLUSD_PERP,ask,151,8728.0
2024-08-11 19:52:11,SOLUSD_PERP,ask,151,7231.0
2024-08-11 19:52:11,SOLUSD_PERP,ask,151,8728.0
2024-08-11 19:52:11,SOLUSD_PERP,ask,151,11505.0
2024-08-11 19:52:11,SOLUSD_PERP,bid,150,13787.0
2024-08-11 19:52:11,SOLUSD_PERP,ask,152,7000.0
2024-08-11 19:52:13,SOLUSD_PERP,bid,145,8500.0
2024-08-11 19:52:13,SOLUSD_PERP,ask,151,7114.0
2024-08-11 19:52:13,SOLUSD_PERP,ask,151,6869.0
2024-08-11 19:52:14,SOLUSD_PERP,ask,151,6918.0
2024-08-11 19:52:14,SOLUSD_PERP,ask,151,7257.0
2024-08-11 19:52:15,SOLUSD_PERP,ask,151,7504.0
2024-08-11 19:52:15,SOLUSD_PERP,ask,151,7000.0
2024-08-11 19:52:18,SOLUSD_PERP,ask,151,6662.0
2024-08-11 19:52:18,SOLUSD_PERP,ask,151,6662.0
2024-08-11 19:52:18,SOLUSD_PERP,bid,150,6954.0
2024-08-11 19:52:18,SOLUSD_PERP,ask,151,6641.0
2024-08-11 19:52:18,SOLUSD_PERP,ask,151,6642.0
2024-08-11 19:52:18,SOLUSD_PERP,ask,151,6650.0
2024-08-11 19:52:18,SOLUSD_PERP,ask,151,6642.0
2024-08-11 19:52:18,SOLUSD_PERP,ask,151,6642.0
2024-08-11 19:52:19,SOLUSD_PERP,ask,151,10637.0
2024-08-11 19:52:19,SOLUSD_PERP,ask,151,6642.0
2024-08-11 19:52:19,SOLUSD_PERP,ask,154,8309.0
2024-08-11 19:52:20,SOLUSD_PERP,bid,150,7286.0
2024-08-11 19:52:21,SOLUSD_PERP,ask,151,7299.0
2024-08-11 19:52:22,SOLUSD_PERP,ask,151,7723.0
2024-08-11 19:52:22,SOLUSD_PERP,ask,151,7000.0
2024-08-11 19:52:22,SOLUSD_PERP,bid,150,6954.0
2024-08-11 19:52:23,SOLUSD_PERP,ask,151,9439.0
2024-08-11 19:52:23,SOLUSD_PERP,bid,150,11579.0
2024-08-11 19:52:24,SOLUSD_PERP,ask,151,9268.0
2024-08-11 19:52:25,SOLUSD_PERP,ask,151,11825.0
2024-08-11 19:52:25,SOLUSD_PERP,bid,150,7235.0
2024-08-11 19:52:27,SOLUSD_PERP,bid,150,10500.0
2024-08-11 19:52:27,SOLUSD_PERP,bid,150,19251.0
2024-08-11 19:52:27,SOLUSD_PERP,bid,150,11502.0
2024-08-11 19:52:28,SOLUSD_PERP,ask,151,8366.0
2024-08-11 19:52:28,SOLUSD_PERP,ask,151,7000.0
2024-08-11 19:52:29,SOLUSD_PERP,bid,150,11834.0
2024-08-11 19:52:30,SOLUSD_PERP,bid,150,11502.0
2024-08-11 19:52:31,SOLUSD_PERP,ask,151,7728.0
2024-08-11 19:52:33,SOLUSD_PERP,ask,151,8405.0
2024-08-11 19:52:33,SOLUSD_PERP,ask,151,6842.0
2024-08-11 19:52:34,SOLUSD_PERP,ask,151,9385.0
2024-08-11 19:52:35,SOLUSD_PERP,ask,151,8916.0
2024-08-11 19:52:36,SOLUSD_PERP,ask,152,42603.0
2024-08-11 19:52:39,SOLUSD_PERP,ask,151,9591.0
2024-08-11 19:52:39,SOLUSD_PERP,ask,151,34018.0
2024-08-11 19:52:39,SOLUSD_PERP,bid,150,21734.0
2024-08-11 19:52:41,SOLUSD_PERP,ask,151,6715.0
2024-08-11 19:52:41,SOLUSD_PERP,ask,151,7824.0
2024-08-11 19:52:43,SOLUSD_PERP,ask,151,6980.0
2024-08-11 19:52:45,SOLUSD_PERP,ask,151,9537.0
2024-08-11 19:52:47,SOLUSD_PERP,bid,129,13094.0
2024-08-11 19:52:48,SOLUSD_PERP,ask,151,7126.0
2024-08-11 19:52:48,SOLUSD_PERP,ask,151,7166.0
2024-08-11 19:52:50,SOLUSD_PERP,bid,150,35000.0
2024-08-11 19:52:55,SOLUSD_PERP,ask,152,35000.0
2024-08-11 19:53:02,SOLUSD_PERP,ask,151,9866.0
2024-08-11 19:53:03,SOLUSD_PERP,bid,149,7000.0
2024-08-11 19:53:06,SOLUSD_PERP,ask,151,7855.0
2024-08-11 19:53:06,SOLUSD_PERP,ask,151,7855.0
2024-08-11 19:53:06,SOLUSD_PERP,bid,150,6662.0
2024-08-11 19:53:08,SOLUSD_PERP,ask,151,6981.0
2024-08-11 19:53:09,SOLUSD_PERP,ask,151,10392.0
2024-08-11 19:53:09,SOLUSD_PERP,ask,151,7137.0
2024-08-11 19:53:10,SOLUSD_PERP,ask,151,7423.0
2024-08-11 19:53:10,SOLUSD_PERP,ask,151,9180.0
2024-08-11 19:53:10,SOLUSD_PERP,ask,151,9180.0
2024-08-11 19:53:11,SOLUSD_PERP,ask,151,10574.0
2024-08-11 19:53:11,SOLUSD_PERP,ask,151,6821.0
2024-08-11 19:53:11,SOLUSD_PERP,ask,151,6827.0
2024-08-11 19:53:11,SOLUSD_PERP,ask,151,6821.0
2024-08-11 19:53:11,SOLUSD_PERP,ask,151,7463.0
2024-08-11 19:53:11,SOLUSD_PERP,ask,151,6822.0
2024-08-11 19:53:11,SOLUSD_PERP,ask,151,6821.0
2024-08-11 19:53:12,SOLUSD_PERP,ask,151,6822.0
2024-08-11 19:53:12,SOLUSD_PERP,ask,151,6821.0
2024-08-11 19:53:12,SOLUSD_PERP,ask,151,11505.0
2024-08-11 19:53:12,SOLUSD_PERP,bid,150,10500.0
2024-08-11 19:53:12,SOLUSD_PERP,ask,151,6822.0
2024-08-11 19:53:12,SOLUSD_PERP,ask,151,6876.0
2024-08-11 19:53:12,SOLUSD_PERP,ask,151,6877.0
2024-08-11 19:53:12,SOLUSD_PERP,ask,151,6876.0
2024-08-11 19:53:12,SOLUSD_PERP,ask,151,6876.0
2024-08-11 19:53:12,SOLUSD_PERP,ask,151,7007.0
2024-08-11 19:53:13,SOLUSD_PERP,ask,151,6927.0
2024-08-11 19:53:13,SOLUSD_PERP,ask,151,6927.0
2024-08-11 19:53:13,SOLUSD_PERP,ask,151,6927.0
2024-08-11 19:53:14,SOLUSD_PERP,ask,151,7126.0
2024-08-11 19:53:14,SOLUSD_PERP,ask,151,7126.0
2024-08-11 19:53:14,SOLUSD_PERP,ask,151,7155.0
2024-08-11 19:53:14,SOLUSD_PERP,ask,151,7154.0
2024-08-11 19:53:14,SOLUSD_PERP,ask,151,7154.0
2024-08-11 19:53:15,SOLUSD_PERP,ask,151,7437.0
2024-08-11 19:53:15,SOLUSD_PERP,ask,151,7567.0
2024-08-11 19:53:15,SOLUSD_PERP,ask,151,7284.0
2024-08-11 19:53:15,SOLUSD_PERP,ask,151,7284.0
2024-08-11 19:53:15,SOLUSD_PERP,ask,151,7284.0
2024-08-11 19:53:15,SOLUSD_PERP,ask,151,7284.0
2024-08-11 19:53:15,SOLUSD_PERP,ask,151,7285.0
2024-08-11 19:53:15,SOLUSD_PERP,ask,151,7296.0
2024-08-11 19:53:16,SOLUSD_PERP,ask,151,7284.0
2024-08-11 19:53:16,SOLUSD_PERP,ask,151,8809.0
2024-08-11 19:53:16,SOLUSD_PERP,ask,151,7137.0
2024-08-11 19:53:16,SOLUSD_PERP,ask,151,7137.0
2024-08-11 19:53:17,SOLUSD_PERP,ask,151,7139.0
2024-08-11 19:53:17,SOLUSD_PERP,ask,151,7152.0
2024-08-11 19:53:17,SOLUSD_PERP,ask,152,29872.0
2024-08-11 19:53:17,SOLUSD_PERP,ask,151,7003.0
2024-08-11 19:53:17,SOLUSD_PERP,ask,151,6988.0
2024-08-11 19:53:17,SOLUSD_PERP,ask,151,7990.0
2024-08-11 19:53:17,SOLUSD_PERP,ask,151,6988.0
2024-08-11 19:53:17,SOLUSD_PERP,ask,151,6988.0
2024-08-11 19:53:17,SOLUSD_PERP,ask,151,6988.0
2024-08-11 19:53:18,SOLUSD_PERP,ask,151,6988.0
2024-08-11 19:53:18,SOLUSD_PERP,ask,151,7071.0
2024-08-11 19:53:18,SOLUSD_PERP,ask,151,7070.0
2024-08-11 19:53:18,SOLUSD_PERP,ask,151,16445.0
2024-08-11 19:53:18,SOLUSD_PERP,ask,151,7403.0
2024-08-11 19:53:18,SOLUSD_PERP,ask,151,7071.0
2024-08-11 19:53:18,SOLUSD_PERP,bid,150,11580.0
2024-08-11 19:53:18,SOLUSD_PERP,ask,151,7071.0
2024-08-11 19:53:18,SOLUSD_PERP,ask,151,7071.0
2024-08-11 19:53:18,SOLUSD_PERP,ask,151,7072.0
2024-08-11 19:53:19,SOLUSD_PERP,ask,151,11570.0
2024-08-11 19:53:19,SOLUSD_PERP,bid,145,10000.0
2024-08-11 19:53:19,SOLUSD_PERP,ask,151,7497.0
2024-08-11 19:53:19,SOLUSD_PERP,bid,149,7037.0
2024-08-11 19:53:19,SOLUSD_PERP,ask,151,11119.0
2024-08-11 19:53:19,SOLUSD_PERP,ask,151,8531.0
2024-08-11 19:53:19,SOLUSD_PERP,ask,151,6939.0
2024-08-11 19:53:19,SOLUSD_PERP,ask,151,6939.0
2024-08-11 19:53:19,SOLUSD_PERP,ask,151,6940.0
2024-08-11 19:53:19,SOLUSD_PERP,bid,151,6774.0
2024-08-11 19:53:19,SOLUSD_PERP,ask,151,6940.0
2024-08-11 19:53:19,SOLUSD_PERP,ask,151,6939.0
2024-08-11 19:53:20,SOLUSD_PERP,ask,151,6939.0
2024-08-11 19:53:20,SOLUSD_PERP,bid,149,7000.0
2024-08-11 19:53:20,SOLUSD_PERP,ask,151,6939.0
2024-08-11 19:53:20,SOLUSD_PERP,ask,151,7746.0
2024-08-11 19:53:20,SOLUSD_PERP,bid,150,6873.0
2024-08-11 19:53:20,SOLUSD_PERP,ask,151,6739.0
2024-08-11 19:53:20,SOLUSD_PERP,ask,151,12535.0
2024-08-11 19:53:20,SOLUSD_PERP,ask,151,7746.0
2024-08-11 19:53:20,SOLUSD_PERP,ask,151,6739.0
2024-08-11 19:53:20,SOLUSD_PERP,ask,151,6740.0
2024-08-11 19:53:20,SOLUSD_PERP,ask,151,6739.0
2024-08-11 19:53:20,SOLUSD_PERP,ask,151,6739.0
2024-08-11 19:53:20,SOLUSD_PERP,ask,151,19250.0
2024-08-11 19:53:21,SOLUSD_PERP,ask,151,6740.0
2024-08-11 19:53:21,SOLUSD_PERP,ask,151,6740.0
2024-08-11 19:53:21,SOLUSD_PERP,ask,151,6801.0
2024-08-11 19:53:22,SOLUSD_PERP,ask,151,7528.0
2024-08-11 19:53:23,SOLUSD_PERP,ask,151,7250.0
2024-08-11 19:53:24,SOLUSD_PERP,ask,151,9104.0
2024-08-11 19:53:24,SOLUSD_PERP,ask,151,6613.0
2024-08-11 19:53:25,SOLUSD_PERP,bid,150,21771.0
2024-08-11 19:53:25,SOLUSD_PERP,ask,151,8531.0
2024-08-11 19:53:25,SOLUSD_PERP,bid,149,8859.0
2024-08-11 19:53:25,SOLUSD_PERP,ask,151,6945.0
2024-08-11 19:53:25,SOLUSD_PERP,ask,151,7504.0
2024-08-11 19:53:25,SOLUSD_PERP,ask,151,6945.0
2024-08-11 19:53:26,SOLUSD_PERP,bid,150,21734.0
2024-08-11 19:53:26,SOLUSD_PERP,ask,151,8547.0
2024-08-11 19:53:27,SOLUSD_PERP,ask,151,6875.0
2024-08-11 19:53:27,SOLUSD_PERP,ask,151,8046.0
2024-08-11 19:53:28,SOLUSD_PERP,ask,151,8730.0
2024-08-11 19:53:28,SOLUSD_PERP,ask,151,8405.0
2024-08-11 19:53:28,SOLUSD_PERP,ask,151,8977.0
2024-08-11 19:53:28,SOLUSD_PERP,ask,151,9019.0
2024-08-11 19:53:29,SOLUSD_PERP,bid,149,7382.0
2024-08-11 19:53:29,SOLUSD_PERP,ask,151,10500.0
2024-08-11 19:53:30,SOLUSD_PERP,bid,147,7316.0
2024-08-11 19:53:30,SOLUSD_PERP,bid,150,7000.0
2024-08-11 19:53:33,SOLUSD_PERP,ask,151,7067.0
2024-08-11 19:53:34,SOLUSD_PERP,ask,151,7551.0
2024-08-11 19:53:35,SOLUSD_PERP,ask,151,9560.0
2024-08-11 19:53:36,SOLUSD_PERP,ask,151,8629.0
2024-08-11 19:53:39,SOLUSD_PERP,ask,151,8730.0
2024-08-11 19:53:42,SOLUSD_PERP,bid,138,156881.0
2024-08-11 19:53:42,SOLUSD_PERP,ask,152,7000.0
2024-08-11 19:53:46,SOLUSD_PERP,ask,151,8006.0
2024-08-11 19:53:46,SOLUSD_PERP,bid,151,8438.0
2024-08-11 19:53:47,SOLUSD_PERP,ask,151,9019.0
2024-08-11 19:53:48,SOLUSD_PERP,ask,151,6633.0
2024-08-11 19:53:48,SOLUSD_PERP,ask,151,6634.0
2024-08-11 19:53:48,SOLUSD_PERP,ask,151,6713.0
2024-08-11 19:53:48,SOLUSD_PERP,ask,151,6713.0
2024-08-11 19:53:48,SOLUSD_PERP,ask,151,10745.0
2024-08-11 19:53:48,SOLUSD_PERP,ask,151,6713.0
2024-08-11 19:53:48,SOLUSD_PERP,ask,151,6714.0
2024-08-11 19:53:48,SOLUSD_PERP,ask,151,6713.0
2024-08-11 19:53:48,SOLUSD_PERP,ask,151,6713.0
2024-08-11 19:53:48,SOLUSD_PERP,ask,151,6714.0
2024-08-11 19:53:49,SOLUSD_PERP,ask,151,6714.0
2024-08-11 19:53:49,SOLUSD_PERP,ask,151,6875.0
2024-08-11 19:53:49,SOLUSD_PERP,ask,151,6876.0
2024-08-11 19:53:49,SOLUSD_PERP,ask,151,7738.0
2024-08-11 19:53:49,SOLUSD_PERP,ask,151,6875.0
2024-08-11 19:53:49,SOLUSD_PERP,ask,151,10431.0
2024-08-11 19:53:49,SOLUSD_PERP,ask,151,6875.0
2024-08-11 19:53:50,SOLUSD_PERP,ask,151,11006.0
2024-08-11 19:53:50,SOLUSD_PERP,ask,151,6875.0
2024-08-11 19:53:50,SOLUSD_PERP,ask,151,7016.0
2024-08-11 19:53:50,SOLUSD_PERP,ask,151,7646.0
2024-08-11 19:53:50,SOLUSD_PERP,ask,151,7016.0
2024-08-11 19:53:51,SOLUSD_PERP,ask,151,7016.0
2024-08-11 19:53:51,SOLUSD_PERP,ask,151,6997.0
2024-08-11 19:53:51,SOLUSD_PERP,bid,150,35000.0
2024-08-11 19:53:51,SOLUSD_PERP,ask,151,6997.0
2024-08-11 19:53:51,SOLUSD_PERP,ask,151,6997.0
2024-08-11 19:53:52,SOLUSD_PERP,ask,151,6962.0
2024-08-11 19:53:52,SOLUSD_PERP,ask,151,7294.0
2024-08-11 19:53:52,SOLUSD_PERP,ask,151,6963.0
2024-08-11 19:53:52,SOLUSD_PERP,ask,151,6962.0
2024-08-11 19:53:53,SOLUSD_PERP,ask,151,6938.0
2024-08-11 19:53:53,SOLUSD_PERP,ask,151,6937.0
2024-08-11 19:53:53,SOLUSD_PERP,ask,151,6937.0
2024-08-11 19:53:53,SOLUSD_PERP,ask,151,6937.0
2024-08-11 19:53:53,SOLUSD_PERP,ask,151,7269.0
2024-08-11 19:53:53,SOLUSD_PERP,ask,151,6938.0
2024-08-11 19:53:54,SOLUSD_PERP,ask,151,7270.0
2024-08-11 19:53:54,SOLUSD_PERP,ask,151,6934.0
2024-08-11 19:53:54,SOLUSD_PERP,ask,151,7266.0
2024-08-11 19:53:54,SOLUSD_PERP,ask,151,7000.0
2024-08-11 19:53:54,SOLUSD_PERP,ask,151,6934.0
2024-08-11 19:53:54,SOLUSD_PERP,ask,151,6934.0
2024-08-11 19:53:54,SOLUSD_PERP,ask,151,6934.0
2024-08-11 19:53:55,SOLUSD_PERP,ask,151,8920.0
2024-08-11 19:53:55,SOLUSD_PERP,ask,151,6885.0
2024-08-11 19:53:55,SOLUSD_PERP,ask,151,6885.0
2024-08-11 19:53:55,SOLUSD_PERP,ask,151,6885.0
2024-08-11 19:53:55,SOLUSD_PERP,ask,151,6885.0
2024-08-11 19:53:55,SOLUSD_PERP,ask,151,6885.0
2024-08-11 19:53:55,SOLUSD_PERP,ask,151,6885.0
2024-08-11 19:53:56,SOLUSD_PERP,ask,151,6886.0
2024-08-11 19:53:56,SOLUSD_PERP,ask,151,7525.0
2024-08-11 19:53:56,SOLUSD_PERP,ask,151,6787.0
2024-08-11 19:53:56,SOLUSD_PERP,ask,151,6955.0
2024-08-11 19:53:56,SOLUSD_PERP,ask,151,6787.0
2024-08-11 19:53:56,SOLUSD_PERP,ask,152,35000.0
2024-08-11 19:53:57,SOLUSD_PERP,ask,151,6955.0
2024-08-11 19:53:57,SOLUSD_PERP,ask,151,7044.0
2024-08-11 19:53:57,SOLUSD_PERP,ask,151,6940.0
2024-08-11 19:53:57,SOLUSD_PERP,ask,151,6941.0
2024-08-11 19:53:57,SOLUSD_PERP,ask,151,7041.0
2024-08-11 19:53:57,SOLUSD_PERP,ask,151,6941.0
2024-08-11 19:53:57,SOLUSD_PERP,ask,151,6940.0
2024-08-11 19:53:58,SOLUSD_PERP,ask,151,6940.0
2024-08-11 19:53:58,SOLUSD_PERP,ask,151,6940.0
2024-08-11 19:53:58,SOLUSD_PERP,ask,151,6940.0
2024-08-11 19:53:58,SOLUSD_PERP,bid,150,10500.0
2024-08-11 19:53:58,SOLUSD_PERP,ask,151,6941.0
2024-08-11 19:53:58,SOLUSD_PERP,ask,151,10825.0
2024-08-11 19:53:58,SOLUSD_PERP,ask,151,8149.0
2024-08-11 19:53:58,SOLUSD_PERP,ask,151,12342.0
2024-08-11 19:53:58,SOLUSD_PERP,ask,151,7079.0
2024-08-11 19:53:58,SOLUSD_PERP,ask,151,7079.0
2024-08-11 19:53:58,SOLUSD_PERP,ask,151,7080.0
2024-08-11 19:53:58,SOLUSD_PERP,ask,151,7080.0
2024-08-11 19:53:58,SOLUSD_PERP,ask,151,8405.0
2024-08-11 19:53:58,SOLUSD_PERP,ask,151,7080.0
2024-08-11 19:53:59,SOLUSD_PERP,ask,151,7082.0
2024-08-11 19:53:59,SOLUSD_PERP,ask,151,7080.0
2024-08-11 19:53:59,SOLUSD_PERP,ask,151,7080.0
2024-08-11 19:53:59,SOLUSD_PERP,ask,151,7026.0
2024-08-11 19:53:59,SOLUSD_PERP,ask,151,7026.0
2024-08-11 19:53:59,SOLUSD_PERP,ask,151,7027.0
2024-08-11 19:53:59,SOLUSD_PERP,ask,151,7026.0
2024-08-11 19:53:59,SOLUSD_PERP,ask,151,7026.0
2024-08-11 19:54:00,SOLUSD_PERP,ask,151,7027.0
2024-08-11 19:54:00,SOLUSD_PERP,ask,151,7027.0
2024-08-11 19:54:00,SOLUSD_PERP,ask,151,7671.0
2024-08-11 19:54:00,SOLUSD_PERP,ask,151,8385.0
2024-08-11 19:54:00,SOLUSD_PERP,ask,151,7012.0
2024-08-11 19:54:00,SOLUSD_PERP,ask,151,7014.0
2024-08-11 19:54:00,SOLUSD_PERP,ask,151,7012.0
2024-08-11 19:54:00,SOLUSD_PERP,ask,151,7012.0
2024-08-11 19:54:00,SOLUSD_PERP,ask,151,11223.0
2024-08-11 19:54:00,SOLUSD_PERP,ask,151,7012.0
2024-08-11 19:54:01,SOLUSD_PERP,ask,151,7012.0
2024-08-11 19:54:01,SOLUSD_PERP,ask,151,7012.0
2024-08-11 19:54:01,SOLUSD_PERP,bid,150,11505.0
2024-08-11 19:54:01,SOLUSD_PERP,ask,151,8067.0
2024-08-11 19:54:01,SOLUSD_PERP,ask,151,6949.0
2024-08-11 19:54:01,SOLUSD_PERP,ask,151,6950.0
2024-08-11 19:54:01,SOLUSD_PERP,ask,151,10596.0
2024-08-11 19:54:01,SOLUSD_PERP,ask,151,6950.0
2024-08-11 19:54:01,SOLUSD_PERP,bid,150,10500.0
2024-08-11 19:54:01,SOLUSD_PERP,ask,151,6950.0
2024-08-11 19:54:02,SOLUSD_PERP,ask,151,6950.0
2024-08-11 19:54:02,SOLUSD_PERP,ask,151,6950.0
2024-08-11 19:54:02,SOLUSD_PERP,ask,151,6952.0
2024-08-11 19:54:02,SOLUSD_PERP,ask,151,6950.0
2024-08-11 19:54:02,SOLUSD_PERP,ask,151,6788.0
2024-08-11 19:54:02,SOLUSD_PERP,ask,151,6788.0
2024-08-11 19:54:02,SOLUSD_PERP,ask,151,6788.0
2024-08-11 19:54:03,SOLUSD_PERP,ask,151,6790.0
2024-08-11 19:54:03,SOLUSD_PERP,ask,151,6789.0
2024-08-11 19:54:03,SOLUSD_PERP,ask,151,6789.0
2024-08-11 19:54:03,SOLUSD_PERP,ask,151,6789.0
2024-08-11 19:54:03,SOLUSD_PERP,ask,151,8487.0
2024-08-11 19:54:03,SOLUSD_PERP,ask,151,6738.0
2024-08-11 19:54:03,SOLUSD_PERP,ask,151,6737.0
2024-08-11 19:54:04,SOLUSD_PERP,ask,151,6737.0
2024-08-11 19:54:04,SOLUSD_PERP,ask,151,6737.0
2024-08-11 19:54:04,SOLUSD_PERP,ask,151,6737.0
2024-08-11 19:54:04,SOLUSD_PERP,ask,151,6737.0
2024-08-11 19:54:04,SOLUSD_PERP,ask,151,6738.0
2024-08-11 19:54:04,SOLUSD_PERP,ask,151,6600.0
2024-08-11 19:54:04,SOLUSD_PERP,ask,151,10566.0
2024-08-11 19:54:05,SOLUSD_PERP,ask,151,6600.0
2024-08-11 19:54:05,SOLUSD_PERP,ask,151,6600.0
2024-08-11 19:54:05,SOLUSD_PERP,ask,151,11157.0
2024-08-11 19:54:05,SOLUSD_PERP,ask,151,6600.0
2024-08-11 19:54:05,SOLUSD_PERP,ask,151,6601.0
2024-08-11 19:54:05,SOLUSD_PERP,bid,150,11503.0
2024-08-11 19:54:05,SOLUSD_PERP,ask,151,6611.0
2024-08-11 19:54:06,SOLUSD_PERP,ask,151,7918.0
2024-08-11 19:54:06,SOLUSD_PERP,ask,151,7533.0
2024-08-11 19:54:07,SOLUSD_PERP,ask,151,8068.0
2024-08-11 19:54:07,SOLUSD_PERP,ask,152,34018.0
2024-08-11 19:54:07,SOLUSD_PERP,bid,150,10500.0
2024-08-11 19:54:07,SOLUSD_PERP,bid,150,11543.0
2024-08-11 19:54:07,SOLUSD_PERP,ask,151,7710.0
2024-08-11 19:54:08,SOLUSD_PERP,bid,150,10500.0
2024-08-11 19:54:09,SOLUSD_PERP,ask,151,9402.0
2024-08-11 19:54:10,SOLUSD_PERP,ask,151,9155.0
2024-08-11 19:54:11,SOLUSD_PERP,ask,151,8008.0
2024-08-11 19:54:11,SOLUSD_PERP,ask,151,8405.0
2024-08-11 19:54:11,SOLUSD_PERP,ask,151,10832.0
2024-08-11 19:54:11,SOLUSD_PERP,bid,150,19250.0
2024-08-11 19:54:12,SOLUSD_PERP,bid,151,7035.0
2024-08-11 19:54:12,SOLUSD_PERP,bid,149,18000.0
2024-08-11 19:54:12,SOLUSD_PERP,bid,151,10500.0
2024-08-11 19:54:12,SOLUSD_PERP,ask,154,7623.0
2024-08-11 19:54:13,SOLUSD_PERP,ask,151,9077.0
2024-08-11 19:54:13,SOLUSD_PERP,ask,151,9074.0
2024-08-11 19:54:13,SOLUSD_PERP,ask,151,6740.0
2024-08-11 19:54:14,SOLUSD_PERP,ask,151,9351.0
2024-08-11 19:54:16,SOLUSD_PERP,bid,151,10500.0
2024-08-11 19:54:16,SOLUSD_PERP,bid,151,14894.0
2024-08-11 19:54:16,SOLUSD_PERP,ask,151,7491.0
2024-08-11 19:54:16,SOLUSD_PERP,bid,151,10500.0
2024-08-11 19:54:16,SOLUSD_PERP,bid,151,10702.0
2024-08-11 19:54:16,SOLUSD_PERP,ask,151,9531.0
2024-08-11 19:54:17,SOLUSD_PERP,ask,151,7580.0
2024-08-11 19:54:17,SOLUSD_PERP,bid,151,11495.0
2024-08-11 19:54:17,SOLUSD_PERP,bid,150,10500.0
2024-08-11 19:54:17,SOLUSD_PERP,ask,151,12808.0
2024-08-11 19:54:17,SOLUSD_PERP,ask,151,7316.0
2024-08-11 19:54:17,SOLUSD_PERP,ask,151,10500.0
2024-08-11 19:54:18,SOLUSD_PERP,ask,151,8405.0
2024-08-11 19:54:18,SOLUSD_PERP,ask,151,8101.0
2024-08-11 19:54:18,SOLUSD_PERP,bid,150,12641.0
2024-08-11 19:54:18,SOLUSD_PERP,bid,150,8273.0
2024-08-11 19:54:20,SOLUSD_PERP,ask,151,6700.0
2024-08-11 19:54:20,SOLUSD_PERP,ask,151,6699.0
2024-08-11 19:54:21,SOLUSD_PERP,ask,151,6699.0
2024-08-11 19:54:21,SOLUSD_PERP,ask,151,6855.0
2024-08-11 19:54:24,SOLUSD_PERP,ask,151,6633.0
2024-08-11 19:54:25,SOLUSD_PERP,bid,150,8273.0
2024-08-11 19:54:25,SOLUSD_PERP,ask,151,9859.0
2024-08-11 19:54:26,SOLUSD_PERP,ask,151,7201.0
2024-08-11 19:54:26,SOLUSD_PERP,ask,151,7201.0
2024-08-11 19:54:29,SOLUSD_PERP,ask,151,6781.0
2024-08-11 19:54:31,SOLUSD_PERP,ask,151,6633.0
2024-08-11 19:54:31,SOLUSD_PERP,ask,151,9601.0
2024-08-11 19:54:32,SOLUSD_PERP,ask,151,7353.0
2024-08-11 19:54:32,SOLUSD_PERP,ask,151,9601.0
2024-08-11 19:54:32,SOLUSD_PERP,ask,151,9601.0
2024-08-11 19:54:32,SOLUSD_PERP,ask,151,9792.0
2024-08-11 19:54:32,SOLUSD_PERP,ask,151,6816.0
2024-08-11 19:54:33,SOLUSD_PERP,bid,150,9076.0
2024-08-11 19:54:33,SOLUSD_PERP,ask,151,6891.0
2024-08-11 19:54:34,SOLUSD_PERP,ask,151,6662.0
2024-08-11 19:54:34,SOLUSD_PERP,ask,151,6759.0
2024-08-11 19:54:34,SOLUSD_PERP,ask,151,6623.0
2024-08-11 19:54:34,SOLUSD_PERP,ask,151,10825.0
2024-08-11 19:54:34,SOLUSD_PERP,ask,151,10290.0
2024-08-11 19:54:37,SOLUSD_PERP,ask,151,8222.0
2024-08-11 19:54:37,SOLUSD_PERP,ask,151,6921.0
2024-08-11 19:54:37,SOLUSD_PERP,ask,151,6923.0
2024-08-11 19:54:39,SOLUSD_PERP,ask,151,6701.0
2024-08-11 19:54:41,SOLUSD_PERP,ask,151,7530.0
2024-08-11 19:54:41,SOLUSD_PERP,ask,151,9380.0
2024-08-11 19:54:41,SOLUSD_PERP,ask,151,6769.0
2024-08-11 19:54:42,SOLUSD_PERP,ask,151,9380.0
2024-08-11 19:54:42,SOLUSD_PERP,ask,151,7928.0
2024-08-11 19:54:42,SOLUSD_PERP,bid,148,32251.0
2024-08-11 19:54:42,SOLUSD_PERP,ask,151,9296.0
2024-08-11 19:54:42,SOLUSD_PERP,ask,151,9296.0
2024-08-11 19:54:44,SOLUSD_PERP,ask,151,6728.0
2024-08-11 19:54:44,SOLUSD_PERP,ask,151,6641.0
2024-08-11 19:54:45,SOLUSD_PERP,ask,151,6641.0
2024-08-11 19:54:45,SOLUSD_PERP,ask,151,8021.0
2024-08-11 19:54:46,SOLUSD_PERP,ask,151,6890.0
2024-08-11 19:54:46,SOLUSD_PERP,ask,151,19299.0
2024-08-11 19:54:46,SOLUSD_PERP,ask,151,8711.0
2024-08-11 19:54:47,SOLUSD_PERP,ask,151,9084.0
2024-08-11 19:54:48,SOLUSD_PERP,ask,151,7002.0
2024-08-11 19:54:48,SOLUSD_PERP,ask,151,10500.0
2024-08-11 19:54:48,SOLUSD_PERP,ask,151,9166.0
2024-08-11 19:54:49,SOLUSD_PERP,ask,151,9428.0
2024-08-11 19:54:50,SOLUSD_PERP,ask,151,6652.0
2024-08-11 19:54:50,SOLUSD_PERP,ask,151,6652.0
2024-08-11 19:54:51,SOLUSD_PERP,ask,151,10858.0
2024-08-11 19:54:51,SOLUSD_PERP,ask,151,6899.0
2024-08-11 19:54:51,SOLUSD_PERP,ask,151,10858.0
2024-08-11 19:54:52,SOLUSD_PERP,ask,151,10858.0
2024-08-11 19:54:52,SOLUSD_PERP,ask,151,6729.0
2024-08-11 19:54:52,SOLUSD_PERP,ask,151,11020.0
2024-08-11 19:54:53,SOLUSD_PERP,ask,151,6729.0
2024-08-11 19:54:53,SOLUSD_PERP,ask,151,6613.0
2024-08-11 19:54:53,SOLUSD_PERP,ask,151,11188.0
2024-08-11 19:54:53,SOLUSD_PERP,ask,151,6897.0
2024-08-11 19:54:54,SOLUSD_PERP,ask,151,6897.0
2024-08-11 19:54:54,SOLUSD_PERP,ask,151,6897.0
2024-08-11 19:54:54,SOLUSD_PERP,ask,151,7045.0
2024-08-11 19:54:54,SOLUSD_PERP,ask,151,7046.0
2024-08-11 19:54:54,SOLUSD_PERP,ask,151,7046.0
2024-08-11 19:54:54,SOLUSD_PERP,ask,151,7047.0
2024-08-11 19:54:54,SOLUSD_PERP,ask,151,7047.0
2024-08-11 19:54:54,SOLUSD_PERP,ask,151,7053.0
2024-08-11 19:54:55,SOLUSD_PERP,ask,151,7033.0
2024-08-11 19:54:55,SOLUSD_PERP,ask,151,7033.0
2024-08-11 19:54:55,SOLUSD_PERP,ask,151,7034.0
2024-08-11 19:54:55,SOLUSD_PERP,ask,151,7034.0
2024-08-11 19:54:55,SOLUSD_PERP,ask,151,7033.0
2024-08-11 19:54:56,SOLUSD_PERP,bid,151,6986.0
2024-08-11 19:54:56,SOLUSD_PERP,bid,151,7023.0
2024-08-11 19:54:56,SOLUSD_PERP,ask,151,7233.0
2024-08-11 19:54:56,SOLUSD_PERP,ask,151,7235.0
2024-08-11 19:54:56,SOLUSD_PERP,ask,151,7234.0
2024-08-11 19:54:56,SOLUSD_PERP,ask,151,7234.0
2024-08-11 19:54:56,SOLUSD_PERP,bid,148,32351.0
2024-08-11 19:54:57,SOLUSD_PERP,ask,151,7234.0
2024-08-11 19:54:57,SOLUSD_PERP,ask,151,7234.0
2024-08-11 19:54:57,SOLUSD_PERP,ask,151,7234.0
2024-08-11 19:54:57,SOLUSD_PERP,ask,151,7157.0
2024-08-11 19:54:57,SOLUSD_PERP,ask,151,7157.0
2024-08-11 19:54:57,SOLUSD_PERP,ask,151,7157.0
2024-08-11 19:54:57,SOLUSD_PERP,ask,151,7157.0
2024-08-11 19:54:57,SOLUSD_PERP,ask,151,7157.0
2024-08-11 19:54:58,SOLUSD_PERP,ask,151,11458.0
2024-08-11 19:54:58,SOLUSD_PERP,ask,151,7157.0
2024-08-11 19:54:58,SOLUSD_PERP,ask,151,11454.0
2024-08-11 19:54:58,SOLUSD_PERP,ask,151,7238.0
2024-08-11 19:54:58,SOLUSD_PERP,ask,151,7238.0
2024-08-11 19:54:58,SOLUSD_PERP,ask,151,7238.0
2024-08-11 19:54:58,SOLUSD_PERP,ask,151,7238.0
2024-08-11 19:54:59,SOLUSD_PERP,ask,151,7238.0
2024-08-11 19:54:59,SOLUSD_PERP,ask,151,7004.0
2024-08-11 19:54:59,SOLUSD_PERP,ask,151,7010.0
2024-08-11 19:54:59,SOLUSD_PERP,ask,151,7004.0
2024-08-11 19:55:00,SOLUSD_PERP,ask,151,7010.0
2024-08-11 19:55:00,SOLUSD_PERP,ask,151,6829.0
2024-08-11 19:55:00,SOLUSD_PERP,ask,151,6829.0
2024-08-11 19:55:00,SOLUSD_PERP,ask,151,6828.0
2024-08-11 19:55:00,SOLUSD_PERP,ask,151,6828.0
2024-08-11 19:55:00,SOLUSD_PERP,ask,151,6828.0
2024-08-11 19:55:01,SOLUSD_PERP,ask,151,6828.0
2024-08-11 19:55:01,SOLUSD_PERP,ask,151,6729.0
2024-08-11 19:55:01,SOLUSD_PERP,bid,150,21664.0
2024-08-11 19:55:01,SOLUSD_PERP,ask,151,6729.0
2024-08-11 19:55:01,SOLUSD_PERP,ask,151,6729.0
2024-08-11 19:55:01,SOLUSD_PERP,bid,151,8700.0
2024-08-11 19:55:01,SOLUSD_PERP,ask,151,6729.0
2024-08-11 19:55:01,SOLUSD_PERP,bid,151,6987.0
2024-08-11 19:55:01,SOLUSD_PERP,ask,151,7061.0
2024-08-11 19:55:02,SOLUSD_PERP,ask,151,7025.0
2024-08-11 19:55:02,SOLUSD_PERP,ask,151,7025.0
2024-08-11 19:55:02,SOLUSD_PERP,ask,151,6693.0
2024-08-11 19:55:02,SOLUSD_PERP,ask,151,6695.0
2024-08-11 19:55:02,SOLUSD_PERP,ask,151,6694.0
2024-08-11 19:55:02,SOLUSD_PERP,ask,151,6694.0
2024-08-11 19:55:03,SOLUSD_PERP,ask,151,6694.0
2024-08-11 19:55:03,SOLUSD_PERP,bid,151,6989.0
2024-08-11 19:55:03,SOLUSD_PERP,ask,151,6694.0
2024-08-11 19:55:03,SOLUSD_PERP,ask,151,7564.0
2024-08-11 19:55:03,SOLUSD_PERP,bid,151,6992.0
2024-08-11 19:55:04,SOLUSD_PERP,ask,151,10101.0
2024-08-11 19:55:05,SOLUSD_PERP,ask,151,10106.0
2024-08-11 19:55:05,SOLUSD_PERP,ask,151,10294.0
2024-08-11 19:55:05,SOLUSD_PERP,bid,151,7224.0
2024-08-11 19:55:10,SOLUSD_PERP,bid,151,7254.0
2024-08-11 19:55:10,SOLUSD_PERP,bid,151,7248.0
2024-08-11 19:55:10,SOLUSD_PERP,ask,151,6889.0
2024-08-11 19:55:11,SOLUSD_PERP,ask,151,7110.0
2024-08-11 19:55:11,SOLUSD_PERP,ask,151,7183.0
2024-08-11 19:55:12,SOLUSD_PERP,ask,152,7000.0
2024-08-11 19:55:15,SOLUSD_PERP,ask,152,35000.0
2024-08-11 19:55:17,SOLUSD_PERP,ask,151,8031.0
2024-08-11 19:55:18,SOLUSD_PERP,bid,151,7570.0
2024-08-11 19:55:18,SOLUSD_PERP,ask,151,8797.0
2024-08-11 19:55:19,SOLUSD_PERP,ask,151,8782.0
2024-08-11 19:55:19,SOLUSD_PERP,ask,151,19250.0
2024-08-11 19:55:20,SOLUSD_PERP,ask,151,8117.0
2024-08-11 19:55:21,SOLUSD_PERP,ask,151,9114.0
2024-08-11 19:55:21,SOLUSD_PERP,bid,151,10832.0
2024-08-11 19:55:21,SOLUSD_PERP,ask,151,7000.0
2024-08-11 19:55:22,SOLUSD_PERP,ask,151,7771.0
2024-08-11 19:55:22,SOLUSD_PERP,bid,151,7511.0
2024-08-11 19:55:22,SOLUSD_PERP,ask,151,8411.0
2024-08-11 19:55:22,SOLUSD_PERP,ask,151,7746.0
2024-08-11 19:55:23,SOLUSD_PERP,ask,151,7734.0
2024-08-11 19:55:23,SOLUSD_PERP,bid,151,9517.0
2024-08-11 19:55:24,SOLUSD_PERP,ask,151,6763.0
2024-08-11 19:55:24,SOLUSD_PERP,bid,151,9150.0
2024-08-11 19:55:25,SOLUSD_PERP,ask,151,7973.0
2024-08-11 19:55:26,SOLUSD_PERP,ask,151,7149.0
2024-08-11 19:55:26,SOLUSD_PERP,bid,151,11164.0
2024-08-11 19:55:27,SOLUSD_PERP,ask,151,7745.0
2024-08-11 19:55:27,SOLUSD_PERP,ask,151,7745.0
2024-08-11 19:55:28,SOLUSD_PERP,ask,151,7253.0
2024-08-11 19:55:29,SOLUSD_PERP,ask,151,6850.0
2024-08-11 19:55:30,SOLUSD_PERP,ask,151,7256.0
2024-08-11 19:55:30,SOLUSD_PERP,ask,151,7256.0
2024-08-11 19:55:30,SOLUSD_PERP,ask,151,6762.0
2024-08-11 19:55:30,SOLUSD_PERP,ask,151,8763.0
2024-08-11 19:55:32,SOLUSD_PERP,ask,151,8944.0
2024-08-11 19:55:35,SOLUSD_PERP,ask,151,7369.0
2024-08-11 19:55:36,SOLUSD_PERP,bid,150,19250.0
2024-08-11 19:55:37,SOLUSD_PERP,ask,151,8244.0
2024-08-11 19:55:38,SOLUSD_PERP,ask,151,9130.0
2024-08-11 19:55:38,SOLUSD_PERP,ask,151,13361.0
2024-08-11 19:55:40,SOLUSD_PERP,ask,151,12342.0
2024-08-11 19:55:40,SOLUSD_PERP,ask,151,9909.0
2024-08-11 19:55:40,SOLUSD_PERP,ask,151,8722.0
2024-08-11 19:55:43,SOLUSD_PERP,bid,151,15052.0
2024-08-11 19:55:43,SOLUSD_PERP,bid,151,11164.0
2024-08-11 19:55:45,SOLUSD_PERP,ask,151,7248.0
2024-08-11 19:55:45,SOLUSD_PERP,ask,151,6870.0
2024-08-11 19:55:47,SOLUSD_PERP,bid,125,9674.0
2024-08-11 19:55:47,SOLUSD_PERP,ask,151,13417.0
2024-08-11 19:55:47,SOLUSD_PERP,ask,151,6891.0
2024-08-11 19:55:47,SOLUSD_PERP,ask,151,8358.0
2024-08-11 19:55:48,SOLUSD_PERP,ask,151,6680.0
2024-08-11 19:55:48,SOLUSD_PERP,ask,151,9537.0
2024-08-11 19:55:48,SOLUSD_PERP,ask,151,6680.0
2024-08-11 19:55:49,SOLUSD_PERP,bid,151,6661.0
2024-08-11 19:55:49,SOLUSD_PERP,ask,152,12808.0
2024-08-11 19:55:49,SOLUSD_PERP,ask,151,8738.0
2024-08-11 19:55:51,SOLUSD_PERP,bid,150,15652.0
2024-08-11 19:55:51,SOLUSD_PERP,ask,151,8405.0
2024-08-11 19:55:51,SOLUSD_PERP,ask,152,29847.0
2024-08-11 19:55:51,SOLUSD_PERP,bid,151,10500.0
2024-08-11 19:55:52,SOLUSD_PERP,ask,151,6850.0
2024-08-11 19:55:53,SOLUSD_PERP,ask,151,9614.0
2024-08-11 19:55:54,SOLUSD_PERP,ask,151,7041.0
2024-08-11 19:55:54,SOLUSD_PERP,ask,151,8760.0
2024-08-11 19:55:55,SOLUSD_PERP,bid,151,10833.0
2024-08-11 19:55:56,SOLUSD_PERP,ask,151,7640.0
2024-08-11 19:55:56,SOLUSD_PERP,ask,151,7537.0
2024-08-11 19:55:56,SOLUSD_PERP,ask,151,8026.0
2024-08-11 19:55:56,SOLUSD_PERP,ask,151,9053.0
2024-08-11 19:55:56,SOLUSD_PERP,bid,150,21668.0
2024-08-11 19:55:57,SOLUSD_PERP,ask,151,6649.0
2024-08-11 19:55:58,SOLUSD_PERP,bid,151,10500.0
2024-08-11 19:55:58,SOLUSD_PERP,ask,151,6596.0
2024-08-11 19:55:58,SOLUSD_PERP,ask,151,6597.0
2024-08-11 19:55:59,SOLUSD_PERP,ask,151,6596.0
2024-08-11 19:55:59,SOLUSD_PERP,ask,151,6596.0
2024-08-11 19:55:59,SOLUSD_PERP,ask,151,7200.0
2024-08-11 19:56:00,SOLUSD_PERP,ask,151,6823.0
2024-08-11 19:56:00,SOLUSD_PERP,ask,152,42603.0
2024-08-11 19:56:01,SOLUSD_PERP,ask,151,10282.0
2024-08-11 19:56:01,SOLUSD_PERP,bid,151,9523.0
2024-08-11 19:56:01,SOLUSD_PERP,ask,151,8190.0
2024-08-11 19:56:02,SOLUSD_PERP,ask,151,6777.0
2024-08-11 19:56:02,SOLUSD_PERP,ask,151,6789.0
2024-08-11 19:56:02,SOLUSD_PERP,ask,151,10859.0
2024-08-11 19:56:02,SOLUSD_PERP,ask,151,6777.0
2024-08-11 19:56:03,SOLUSD_PERP,bid,151,9552.0
2024-08-11 19:56:03,SOLUSD_PERP,ask,151,6789.0
2024-08-11 19:56:03,SOLUSD_PERP,ask,151,6778.0
2024-08-11 19:56:03,SOLUSD_PERP,ask,151,6777.0
2024-08-11 19:56:03,SOLUSD_PERP,ask,151,6885.0
2024-08-11 19:56:03,SOLUSD_PERP,ask,151,6885.0
2024-08-11 19:56:03,SOLUSD_PERP,ask,151,6886.0
2024-08-11 19:56:03,SOLUSD_PERP,ask,151,11796.0
2024-08-11 19:56:03,SOLUSD_PERP,bid,150,7000.0
2024-08-11 19:56:03,SOLUSD_PERP,ask,151,6885.0
2024-08-11 19:56:03,SOLUSD_PERP,ask,151,6885.0
2024-08-11 19:56:04,SOLUSD_PERP,ask,151,6885.0
2024-08-11 19:56:04,SOLUSD_PERP,ask,151,6885.0
2024-08-11 19:56:04,SOLUSD_PERP,ask,151,6885.0
2024-08-11 19:56:04,SOLUSD_PERP,ask,151,6915.0
2024-08-11 19:56:04,SOLUSD_PERP,ask,151,6915.0
2024-08-11 19:56:04,SOLUSD_PERP,ask,151,6915.0
2024-08-11 19:56:05,SOLUSD_PERP,ask,151,6915.0
2024-08-11 19:56:05,SOLUSD_PERP,ask,151,7878.0
2024-08-11 19:56:05,SOLUSD_PERP,ask,151,7878.0
2024-08-11 19:56:05,SOLUSD_PERP,ask,151,6915.0
2024-08-11 19:56:05,SOLUSD_PERP,ask,151,7102.0
2024-08-11 19:56:05,SOLUSD_PERP,ask,151,7102.0
2024-08-11 19:56:05,SOLUSD_PERP,ask,151,9580.0
2024-08-11 19:56:05,SOLUSD_PERP,ask,151,7330.0
2024-08-11 19:56:05,SOLUSD_PERP,ask,151,6998.0
2024-08-11 19:56:06,SOLUSD_PERP,ask,151,9184.0
2024-08-11 19:56:06,SOLUSD_PERP,ask,151,6974.0
2024-08-11 19:56:06,SOLUSD_PERP,ask,151,6974.0
2024-08-11 19:56:06,SOLUSD_PERP,ask,151,6989.0
2024-08-11 19:56:07,SOLUSD_PERP,ask,151,8549.0
2024-08-11 19:56:07,SOLUSD_PERP,ask,151,8010.0
2024-08-11 19:56:07,SOLUSD_PERP,ask,151,6974.0
2024-08-11 19:56:07,SOLUSD_PERP,ask,151,8632.0
2024-08-11 19:56:07,SOLUSD_PERP,ask,151,8132.0
2024-08-11 19:56:08,SOLUSD_PERP,ask,151,7552.0
2024-08-11 19:56:08,SOLUSD_PERP,ask,151,7156.0
2024-08-11 19:56:08,SOLUSD_PERP,ask,151,7155.0
2024-08-11 19:56:08,SOLUSD_PERP,ask,151,7155.0
2024-08-11 19:56:09,SOLUSD_PERP,ask,151,7155.0
2024-08-11 19:56:09,SOLUSD_PERP,ask,151,7155.0
2024-08-11 19:56:09,SOLUSD_PERP,ask,151,7156.0
2024-08-11 19:56:09,SOLUSD_PERP,bid,151,7123.0
2024-08-11 19:56:09,SOLUSD_PERP,ask,151,7304.0
2024-08-11 19:56:09,SOLUSD_PERP,ask,151,7701.0
2024-08-11 19:56:09,SOLUSD_PERP,ask,151,7304.0
2024-08-11 19:56:09,SOLUSD_PERP,ask,151,9490.0
2024-08-11 19:56:09,SOLUSD_PERP,ask,151,7304.0
2024-08-11 19:56:10,SOLUSD_PERP,ask,151,7311.0
2024-08-11 19:56:10,SOLUSD_PERP,ask,151,7304.0
2024-08-11 19:56:10,SOLUSD_PERP,ask,151,7513.0
2024-08-11 19:56:11,SOLUSD_PERP,ask,151,7528.0
2024-08-11 19:56:11,SOLUSD_PERP,ask,151,8589.0
2024-08-11 19:56:11,SOLUSD_PERP,ask,151,7528.0
2024-08-11 19:56:11,SOLUSD_PERP,ask,151,7488.0
2024-08-11 19:56:11,SOLUSD_PERP,ask,151,8563.0
2024-08-11 19:56:11,SOLUSD_PERP,ask,151,7489.0
2024-08-11 19:56:12,SOLUSD_PERP,ask,151,7488.0
2024-08-11 19:56:12,SOLUSD_PERP,ask,151,7489.0
2024-08-11 19:56:12,SOLUSD_PERP,ask,151,7488.0
2024-08-11 19:56:12,SOLUSD_PERP,ask,151,7488.0
2024-08-11 19:56:12,SOLUSD_PERP,ask,151,8577.0
2024-08-11 19:56:12,SOLUSD_PERP,ask,151,7503.0
2024-08-11 19:56:12,SOLUSD_PERP,ask,151,7502.0
2024-08-11 19:56:13,SOLUSD_PERP,ask,151,7502.0
2024-08-11 19:56:13,SOLUSD_PERP,ask,151,9077.0
2024-08-11 19:56:13,SOLUSD_PERP,ask,151,8538.0
2024-08-11 19:56:13,SOLUSD_PERP,ask,152,35000.0
2024-08-11 19:56:14,SOLUSD_PERP,ask,151,8513.0
2024-08-11 19:56:14,SOLUSD_PERP,ask,151,7492.0
2024-08-11 19:56:14,SOLUSD_PERP,ask,151,7477.0
2024-08-11 19:56:14,SOLUSD_PERP,bid,150,12500.0
2024-08-11 19:56:14,SOLUSD_PERP,ask,151,12342.0
2024-08-11 19:56:15,SOLUSD_PERP,ask,152,29863.0
2024-08-11 19:56:15,SOLUSD_PERP,ask,151,7859.0
2024-08-11 19:56:15,SOLUSD_PERP,ask,151,7526.0
2024-08-11 19:56:15,SOLUSD_PERP,ask,151,7923.0
2024-08-11 19:56:15,SOLUSD_PERP,ask,151,7164.0
2024-08-11 19:56:15,SOLUSD_PERP,ask,151,7162.0
2024-08-11 19:56:15,SOLUSD_PERP,ask,151,7162.0
2024-08-11 19:56:15,SOLUSD_PERP,ask,151,7171.0
2024-08-11 19:56:16,SOLUSD_PERP,ask,151,7162.0
2024-08-11 19:56:16,SOLUSD_PERP,ask,151,7162.0
2024-08-11 19:56:16,SOLUSD_PERP,bid,150,7000.0
2024-08-11 19:56:16,SOLUSD_PERP,ask,151,7161.0
2024-08-11 19:56:16,SOLUSD_PERP,ask,151,7161.0
2024-08-11 19:56:16,SOLUSD_PERP,ask,151,7266.0
2024-08-11 19:56:16,SOLUSD_PERP,ask,151,7172.0
2024-08-11 19:56:16,SOLUSD_PERP,ask,151,7174.0
2024-08-11 19:56:16,SOLUSD_PERP,ask,151,7172.0
2024-08-11 19:56:17,SOLUSD_PERP,ask,151,7173.0
2024-08-11 19:56:17,SOLUSD_PERP,ask,151,7172.0
2024-08-11 19:56:17,SOLUSD_PERP,ask,151,7172.0
2024-08-11 19:56:17,SOLUSD_PERP,ask,151,6961.0
2024-08-11 19:56:17,SOLUSD_PERP,ask,151,6960.0
2024-08-11 19:56:18,SOLUSD_PERP,ask,151,6960.0
2024-08-11 19:56:18,SOLUSD_PERP,ask,151,6960.0
2024-08-11 19:56:18,SOLUSD_PERP,ask,151,6960.0
2024-08-11 19:56:18,SOLUSD_PERP,ask,151,6962.0
2024-08-11 19:56:18,SOLUSD_PERP,ask,151,6960.0
2024-08-11 19:56:18,SOLUSD_PERP,ask,151,6961.0
2024-08-11 19:56:18,SOLUSD_PERP,ask,151,6960.0
2024-08-11 19:56:18,SOLUSD_PERP,bid,151,6800.0
2024-08-11 19:56:18,SOLUSD_PERP,ask,151,6960.0
2024-08-11 19:56:18,SOLUSD_PERP,ask,151,10908.0
2024-08-11 19:56:18,SOLUSD_PERP,ask,151,6728.0
2024-08-11 19:56:19,SOLUSD_PERP,ask,151,6728.0
2024-08-11 19:56:19,SOLUSD_PERP,ask,151,6728.0
2024-08-11 19:56:19,SOLUSD_PERP,ask,151,6728.0
2024-08-11 19:56:19,SOLUSD_PERP,ask,151,8730.0
2024-08-11 19:56:19,SOLUSD_PERP,ask,151,8092.0
2024-08-11 19:56:20,SOLUSD_PERP,ask,151,7911.0
2024-08-11 19:56:21,SOLUSD_PERP,ask,151,10058.0
2024-08-11 19:56:23,SOLUSD_PERP,ask,152,13808.0
2024-08-11 19:56:25,SOLUSD_PERP,ask,151,7479.0
2024-08-11 19:56:26,SOLUSD_PERP,bid,149,7570.0
2024-08-11 19:56:26,SOLUSD_PERP,ask,151,10472.0
2024-08-11 19:56:26,SOLUSD_PERP,ask,151,8730.0
2024-08-11 19:56:26,SOLUSD_PERP,ask,151,10500.0
2024-08-11 19:56:26,SOLUSD_PERP,ask,151,8566.0
2024-08-11 19:56:27,SOLUSD_PERP,ask,151,9894.0
2024-08-11 19:56:27,SOLUSD_PERP,ask,152,7000.0
2024-08-11 19:56:28,SOLUSD_PERP,ask,151,7195.0
2024-08-11 19:56:28,SOLUSD_PERP,ask,151,6861.0
2024-08-11 19:56:29,SOLUSD_PERP,ask,151,8405.0
2024-08-11 19:56:29,SOLUSD_PERP,ask,151,7872.0
2024-08-11 19:56:29,SOLUSD_PERP,ask,151,7119.0
2024-08-11 19:56:29,SOLUSD_PERP,ask,151,9362.0
2024-08-11 19:56:31,SOLUSD_PERP,bid,150,7056.0
2024-08-11 19:56:32,SOLUSD_PERP,ask,151,6609.0
2024-08-11 19:56:34,SOLUSD_PERP,bid,150,8273.0
2024-08-11 19:56:40,SOLUSD_PERP,ask,151,7056.0
2024-08-11 19:56:40,SOLUSD_PERP,ask,151,8663.0
2024-08-11 19:56:40,SOLUSD_PERP,ask,151,7159.0
2024-08-11 19:56:42,SOLUSD_PERP,ask,152,7084.0
2024-08-11 19:56:43,SOLUSD_PERP,ask,151,7997.0
2024-08-11 19:56:43,SOLUSD_PERP,ask,151,12989.0
2024-08-11 19:56:44,SOLUSD_PERP,ask,151,6742.0
2024-08-11 19:56:44,SOLUSD_PERP,ask,151,7997.0
2024-08-11 19:56:44,SOLUSD_PERP,ask,152,29884.0
2024-08-11 19:56:45,SOLUSD_PERP,ask,151,8100.0
2024-08-11 19:56:46,SOLUSD_PERP,ask,151,7928.0
2024-08-11 19:56:46,SOLUSD_PERP,ask,152,20250.0
2024-08-11 19:56:47,SOLUSD_PERP,ask,151,7817.0
2024-08-11 19:56:48,SOLUSD_PERP,ask,151,9529.0
2024-08-11 19:56:49,SOLUSD_PERP,ask,151,8925.0
2024-08-11 19:56:49,SOLUSD_PERP,ask,151,7151.0
2024-08-11 19:56:53,SOLUSD_PERP,ask,151,10354.0
2024-08-11 19:56:54,SOLUSD_PERP,ask,151,6965.0
2024-08-11 19:56:55,SOLUSD_PERP,bid,150,35001.0
2024-08-11 19:56:55,SOLUSD_PERP,ask,151,6612.0
2024-08-11 19:56:55,SOLUSD_PERP,ask,151,6612.0
2024-08-11 19:56:55,SOLUSD_PERP,ask,151,6612.0
2024-08-11 19:56:57,SOLUSD_PERP,ask,151,6952.0
2024-08-11 19:56:57,SOLUSD_PERP,ask,151,6842.0
2024-08-11 19:56:57,SOLUSD_PERP,ask,151,6842.0
2024-08-11 19:56:58,SOLUSD_PERP,ask,151,6842.0
2024-08-11 19:56:58,SOLUSD_PERP,ask,151,6753.0
2024-08-11 19:56:58,SOLUSD_PERP,ask,151,6753.0
2024-08-11 19:56:58,SOLUSD_PERP,ask,151,6753.0
2024-08-11 19:56:59,SOLUSD_PERP,ask,151,6753.0
2024-08-11 19:56:59,SOLUSD_PERP,ask,151,6775.0
2024-08-11 19:56:59,SOLUSD_PERP,ask,151,6775.0
2024-08-11 19:56:59,SOLUSD_PERP,ask,151,6775.0
2024-08-11 19:57:00,SOLUSD_PERP,bid,151,19250.0
2024-08-11 19:57:00,SOLUSD_PERP,ask,151,6750.0
2024-08-11 19:57:00,SOLUSD_PERP,ask,151,8099.0
2024-08-11 19:57:00,SOLUSD_PERP,ask,151,6749.0
2024-08-11 19:57:00,SOLUSD_PERP,ask,151,8099.0
2024-08-11 19:57:00,SOLUSD_PERP,ask,151,6750.0
2024-08-11 19:57:01,SOLUSD_PERP,ask,151,7379.0
2024-08-11 19:57:01,SOLUSD_PERP,ask,151,6750.0
2024-08-11 19:57:01,SOLUSD_PERP,ask,151,7903.0
2024-08-11 19:57:01,SOLUSD_PERP,ask,151,6818.0
2024-08-11 19:57:01,SOLUSD_PERP,ask,151,6820.0
2024-08-11 19:57:01,SOLUSD_PERP,ask,151,6820.0
2024-08-11 19:57:01,SOLUSD_PERP,ask,151,8169.0
2024-08-11 19:57:01,SOLUSD_PERP,ask,151,6819.0
2024-08-11 19:57:02,SOLUSD_PERP,ask,151,8169.0
2024-08-11 19:57:02,SOLUSD_PERP,ask,151,6877.0
2024-08-11 19:57:02,SOLUSD_PERP,ask,151,7046.0
2024-08-11 19:57:02,SOLUSD_PERP,ask,151,8227.0
2024-08-11 19:57:02,SOLUSD_PERP,bid,151,7551.0
2024-08-11 19:57:02,SOLUSD_PERP,ask,151,6877.0
2024-08-11 19:57:02,SOLUSD_PERP,ask,151,7080.0
2024-08-11 19:57:02,SOLUSD_PERP,ask,151,6877.0
2024-08-11 19:57:02,SOLUSD_PERP,ask,151,8227.0
2024-08-11 19:57:03,SOLUSD_PERP,ask,151,6801.0
2024-08-11 19:57:03,SOLUSD_PERP,ask,151,8150.0
2024-08-11 19:57:03,SOLUSD_PERP,ask,151,8988.0
2024-08-11 19:57:04,SOLUSD_PERP,ask,151,6970.0
2024-08-11 19:57:04,SOLUSD_PERP,ask,151,6759.0
2024-08-11 19:57:04,SOLUSD_PERP,ask,151,6650.0
2024-08-11 19:57:04,SOLUSD_PERP,ask,151,6650.0
2024-08-11 19:57:04,SOLUSD_PERP,ask,151,6651.0
2024-08-11 19:57:04,SOLUSD_PERP,ask,151,6651.0
2024-08-11 19:57:04,SOLUSD_PERP,ask,151,6702.0
2024-08-11 19:57:04,SOLUSD_PERP,ask,151,6650.0
2024-08-11 19:57:05,SOLUSD_PERP,ask,151,6650.0
2024-08-11 19:57:05,SOLUSD_PERP,ask,151,7572.0
2024-08-11 19:57:05,SOLUSD_PERP,bid,151,7464.0
2024-08-11 19:57:06,SOLUSD_PERP,ask,151,7016.0
2024-08-11 19:57:07,SOLUSD_PERP,ask,152,19250.0
2024-08-11 19:57:07,SOLUSD_PERP,bid,151,7103.0
2024-08-11 19:57:08,SOLUSD_PERP,ask,151,7179.0
2024-08-11 19:57:08,SOLUSD_PERP,ask,151,6733.0
2024-08-11 19:57:09,SOLUSD_PERP,ask,151,7426.0
2024-08-11 19:57:09,SOLUSD_PERP,ask,151,7787.0
2024-08-11 19:57:09,SOLUSD_PERP,ask,151,7326.0
2024-08-11 19:57:10,SOLUSD_PERP,ask,151,9544.0
2024-08-11 19:57:10,SOLUSD_PERP,ask,151,7853.0
2024-08-11 19:57:10,SOLUSD_PERP,ask,151,9544.0
2024-08-11 19:57:10,SOLUSD_PERP,ask,151,7687.0
2024-08-11 19:57:11,SOLUSD_PERP,ask,151,6931.0
2024-08-11 19:57:11,SOLUSD_PERP,ask,151,7395.0
2024-08-11 19:57:11,SOLUSD_PERP,ask,151,7395.0
2024-08-11 19:57:12,SOLUSD_PERP,ask,151,7395.0
2024-08-11 19:57:12,SOLUSD_PERP,ask,151,7419.0
2024-08-11 19:57:12,SOLUSD_PERP,ask,151,9276.0
2024-08-11 19:57:12,SOLUSD_PERP,ask,151,7055.0
2024-08-11 19:57:12,SOLUSD_PERP,ask,151,6639.0
2024-08-11 19:57:12,SOLUSD_PERP,ask,151,7054.0
2024-08-11 19:57:13,SOLUSD_PERP,ask,151,6991.0
2024-08-11 19:57:13,SOLUSD_PERP,bid,151,6826.0
2024-08-11 19:57:13,SOLUSD_PERP,ask,152,8000.0
2024-08-11 19:57:15,SOLUSD_PERP,bid,151,7000.0
2024-08-11 19:57:16,SOLUSD_PERP,ask,151,6980.0
2024-08-11 19:57:16,SOLUSD_PERP,ask,151,9547.0
2024-08-11 19:57:16,SOLUSD_PERP,ask,151,7032.0
2024-08-11 19:57:16,SOLUSD_PERP,ask,151,9585.0
2024-08-11 19:57:17,SOLUSD_PERP,ask,151,7930.0
2024-08-11 19:57:17,SOLUSD_PERP,ask,151,7067.0
2024-08-11 19:57:18,SOLUSD_PERP,ask,151,7067.0
2024-08-11 19:57:18,SOLUSD_PERP,bid,151,8336.0
2024-08-11 19:57:18,SOLUSD_PERP,ask,151,7168.0
2024-08-11 19:57:18,SOLUSD_PERP,ask,151,7708.0
2024-08-11 19:57:20,SOLUSD_PERP,ask,151,8259.0
2024-08-11 19:57:20,SOLUSD_PERP,bid,151,8235.0
2024-08-11 19:57:20,SOLUSD_PERP,ask,151,7174.0
2024-08-11 19:57:21,SOLUSD_PERP,ask,151,9272.0
2024-08-11 19:57:21,SOLUSD_PERP,bid,151,6661.0
2024-08-11 19:57:22,SOLUSD_PERP,bid,150,21673.0
2024-08-11 19:57:22,SOLUSD_PERP,bid,151,6662.0
2024-08-11 19:57:25,SOLUSD_PERP,ask,151,7298.0
2024-08-11 19:57:25,SOLUSD_PERP,ask,151,9158.0
2024-08-11 19:57:26,SOLUSD_PERP,ask,153,18003.0
2024-08-11 19:57:26,SOLUSD_PERP,bid,150,40579.0
2024-08-11 19:57:28,SOLUSD_PERP,ask,151,9031.0
2024-08-11 19:57:31,SOLUSD_PERP,ask,151,7316.0
2024-08-11 19:57:32,SOLUSD_PERP,ask,151,7049.0
2024-08-11 19:57:33,SOLUSD_PERP,ask,151,7057.0
2024-08-11 19:57:34,SOLUSD_PERP,bid,150,7000.0
2024-08-11 19:57:38,SOLUSD_PERP,ask,151,8415.0
2024-08-11 19:57:40,SOLUSD_PERP,ask,151,8551.0
2024-08-11 19:57:41,SOLUSD_PERP,bid,151,7014.0
2024-08-11 19:57:41,SOLUSD_PERP,ask,151,7237.0
2024-08-11 19:57:43,SOLUSD_PERP,ask,151,8142.0
2024-08-11 19:57:43,SOLUSD_PERP,ask,151,6837.0
2024-08-11 19:57:43,SOLUSD_PERP,ask,151,6620.0
2024-08-11 19:57:44,SOLUSD_PERP,ask,151,6620.0
2024-08-11 19:57:44,SOLUSD_PERP,ask,151,6621.0
2024-08-11 19:57:44,SOLUSD_PERP,ask,151,6838.0
2024-08-11 19:57:45,SOLUSD_PERP,ask,151,9197.0
2024-08-11 19:57:45,SOLUSD_PERP,ask,151,6836.0
2024-08-11 19:57:45,SOLUSD_PERP,ask,151,7632.0
2024-08-11 19:57:45,SOLUSD_PERP,ask,151,6836.0
2024-08-11 19:57:46,SOLUSD_PERP,ask,158,48477.0
2024-08-11 19:57:47,SOLUSD_PERP,ask,151,6595.0
2024-08-11 19:57:48,SOLUSD_PERP,ask,151,6786.0
2024-08-11 19:57:49,SOLUSD_PERP,ask,151,7582.0
2024-08-11 19:57:49,SOLUSD_PERP,ask,151,6733.0
2024-08-11 19:57:49,SOLUSD_PERP,ask,151,7745.0
2024-08-11 19:57:50,SOLUSD_PERP,ask,151,7745.0
2024-08-11 19:57:50,SOLUSD_PERP,ask,151,6949.0
2024-08-11 19:57:50,SOLUSD_PERP,ask,151,7020.0
2024-08-11 19:57:51,SOLUSD_PERP,bid,151,11909.0
2024-08-11 19:57:51,SOLUSD_PERP,bid,151,7048.0
2024-08-11 19:57:51,SOLUSD_PERP,ask,151,7176.0
2024-08-11 19:57:53,SOLUSD_PERP,bid,150,34124.0
2024-08-11 19:57:54,SOLUSD_PERP,bid,151,10500.0
2024-08-11 19:57:54,SOLUSD_PERP,ask,152,7000.0
2024-08-11 19:57:56,SOLUSD_PERP,bid,151,6609.0
2024-08-11 19:57:56,SOLUSD_PERP,bid,151,6652.0
2024-08-11 19:57:59,SOLUSD_PERP,ask,151,6637.0
2024-08-11 19:57:59,SOLUSD_PERP,ask,151,6636.0
2024-08-11 19:57:59,SOLUSD_PERP,bid,151,7058.0
2024-08-11 19:57:59,SOLUSD_PERP,ask,151,7607.0
2024-08-11 19:58:00,SOLUSD_PERP,bid,151,7058.0
2024-08-11 19:58:00,SOLUSD_PERP,ask,151,6764.0
2024-08-11 19:58:01,SOLUSD_PERP,ask,151,6633.0
2024-08-11 19:58:01,SOLUSD_PERP,bid,151,8433.0
2024-08-11 19:58:01,SOLUSD_PERP,bid,151,7032.0
2024-08-11 19:58:02,SOLUSD_PERP,bid,151,8223.0
2024-08-11 19:58:03,SOLUSD_PERP,bid,151,9350.0
2024-08-11 19:58:05,SOLUSD_PERP,ask,151,8208.0
2024-08-11 19:58:07,SOLUSD_PERP,bid,151,7449.0
2024-08-11 19:58:07,SOLUSD_PERP,bid,151,9128.0
2024-08-11 19:58:07,SOLUSD_PERP,bid,151,7377.0
2024-08-11 19:58:08,SOLUSD_PERP,bid,151,7284.0
2024-08-11 19:58:08,SOLUSD_PERP,ask,151,8793.0
2024-08-11 19:58:09,SOLUSD_PERP,bid,151,7284.0
2024-08-11 19:58:09,SOLUSD_PERP,ask,151,8543.0
2024-08-11 19:58:09,SOLUSD_PERP,ask,151,8424.0
2024-08-11 19:58:13,SOLUSD_PERP,ask,152,7000.0
2024-08-11 19:58:15,SOLUSD_PERP,ask,152,19952.0
2024-08-11 19:58:16,SOLUSD_PERP,bid,151,6677.0
2024-08-11 19:58:17,SOLUSD_PERP,bid,151,6677.0
2024-08-11 19:58:18,SOLUSD_PERP,bid,151,6604.0
2024-08-11 19:58:19,SOLUSD_PERP,bid,151,7980.0
2024-08-11 19:58:19,SOLUSD_PERP,ask,151,7998.0
2024-08-11 19:58:20,SOLUSD_PERP,ask,152,35000.0
2024-08-11 19:58:21,SOLUSD_PERP,ask,151,6836.0
2024-08-11 19:58:22,SOLUSD_PERP,bid,151,7011.0
2024-08-11 19:58:23,SOLUSD_PERP,ask,151,6650.0
2024-08-11 19:58:25,SOLUSD_PERP,ask,151,7463.0
2024-08-11 19:58:27,SOLUSD_PERP,ask,151,7018.0
2024-08-11 19:58:27,SOLUSD_PERP,ask,151,7018.0
2024-08-11 19:58:28,SOLUSD_PERP,bid,151,7728.0
2024-08-11 19:58:28,SOLUSD_PERP,bid,151,6693.0
2024-08-11 19:58:29,SOLUSD_PERP,ask,151,6840.0
2024-08-11 19:58:32,SOLUSD_PERP,bid,151,8978.0
2024-08-11 19:58:33,SOLUSD_PERP,bid,151,8273.0
2024-08-11 19:58:33,SOLUSD_PERP,bid,151,9037.0
2024-08-11 19:58:33,SOLUSD_PERP,ask,151,10826.0
2024-08-11 19:58:37,SOLUSD_PERP,ask,151,6999.0
2024-08-11 19:58:37,SOLUSD_PERP,ask,151,8362.0
2024-08-11 19:58:38,SOLUSD_PERP,ask,151,7010.0
2024-08-11 19:58:42,SOLUSD_PERP,ask,151,7980.0
2024-08-11 19:58:44,SOLUSD_PERP,bid,149,8864.0
2024-08-11 19:58:45,SOLUSD_PERP,bid,150,12500.0
2024-08-11 19:58:46,SOLUSD_PERP,bid,151,19250.0
2024-08-11 19:58:47,SOLUSD_PERP,bid,148,26593.0
2024-08-11 19:58:51,SOLUSD_PERP,ask,151,7881.0
2024-08-11 19:58:51,SOLUSD_PERP,bid,151,7901.0
2024-08-11 19:58:54,SOLUSD_PERP,bid,151,7365.0
2024-08-11 19:58:56,SOLUSD_PERP,ask,151,7106.0
2024-08-11 19:58:58,SOLUSD_PERP,ask,151,7097.0
2024-08-11 19:58:58,SOLUSD_PERP,bid,151,7521.0
2024-08-11 19:59:01,SOLUSD_PERP,bid,145,182108.0
2024-08-11 19:59:01,SOLUSD_PERP,bid,149,8964.0
2024-08-11 19:59:03,SOLUSD_PERP,bid,150,35000.0
2024-08-11 19:59:05,SOLUSD_PERP,bid,150,7000.0
2024-08-11 19:59:06,SOLUSD_PERP,ask,151,10500.0
2024-08-11 19:59:10,SOLUSD_PERP,ask,151,7199.0
2024-08-11 19:59:12,SOLUSD_PERP,bid,150,21748.0
2024-08-11 19:59:13,SOLUSD_PERP,bid,148,26598.0
2024-08-11 19:59:19,SOLUSD_PERP,bid,140,11985.0
2024-08-11 19:59:19,SOLUSD_PERP,bid,143,170829.0
2024-08-11 19:59:24,SOLUSD_PERP,ask,151,10500.0
2024-08-11 19:59:24,SOLUSD_PERP,ask,152,7090.0
2024-08-11 19:59:27,SOLUSD_PERP,ask,151,8159.0
2024-08-11 19:59:29,SOLUSD_PERP,bid,135,161565.0
2024-08-11 19:59:29,SOLUSD_PERP,bid,138,156981.0
2024-08-11 19:59:29,SOLUSD_PERP,bid,150,12643.0
2024-08-11 19:59:31,SOLUSD_PERP,bid,151,19250.0
2024-08-11 19:59:36,SOLUSD_PERP,ask,152,19250.0
2024-08-11 19:59:36,SOLUSD_PERP,ask,151,8659.0
2024-08-11 19:59:38,SOLUSD_PERP,bid,148,32356.0
2024-08-11 19:59:40,SOLUSD_PERP,ask,151,8411.0
2024-08-11 19:59:41,SOLUSD_PERP,ask,151,7822.0
2024-08-11 19:59:41,SOLUSD_PERP,ask,151,8648.0
2024-08-11 19:59:42,SOLUSD_PERP,bid,130,104413.0
2024-08-11 19:59:42,SOLUSD_PERP,ask,151,7838.0
2024-08-11 19:59:43,SOLUSD_PERP,ask,151,6878.0
2024-08-11 19:59:43,SOLUSD_PERP,ask,152,7000.0
2024-08-11 19:59:44,SOLUSD_PERP,bid,151,8883.0
2024-08-11 19:59:44,SOLUSD_PERP,ask,152,35505.0
2024-08-11 19:59:46,SOLUSD_PERP,ask,151,7054.0
2024-08-11 19:59:46,SOLUSD_PERP,ask,151,10827.0
2024-08-11 19:59:46,SOLUSD_PERP,ask,151,8547.0
2024-08-11 19:59:47,SOLUSD_PERP,ask,151,7502.0
2024-08-11 19:59:48,SOLUSD_PERP,ask,151,7568.0
2024-08-11 19:59:49,SOLUSD_PERP,ask,151,7686.0
2024-08-11 19:59:49,SOLUSD_PERP,ask,151,7138.0
2024-08-11 19:59:49,SOLUSD_PERP,bid,151,7586.0
2024-08-11 19:59:50,SOLUSD_PERP,ask,151,7768.0
2024-08-11 19:59:51,SOLUSD_PERP,ask,151,7633.0
2024-08-11 19:59:51,SOLUSD_PERP,ask,151,7597.0
2024-08-11 19:59:53,SOLUSD_PERP,bid,150,7000.0
2024-08-11 19:59:54,SOLUSD_PERP,bid,150,35000.0
2024-08-11 19:59:55,SOLUSD_PERP,ask,151,11154.0
2024-08-11 19:59:57,SOLUSD_PERP,bid,151,6974.0
2024-08-11 19:59:58,SOLUSD_PERP,ask,151,8491.0
2024-08-11 20:00:01,SOLUSD_PERP,ask,151,7347.0
2024-08-11 20:00:02,SOLUSD_PERP,ask,151,7346.0
2024-08-11 20:00:02,SOLUSD_PERP,ask,151,7449.0
2024-08-11 20:00:02,SOLUSD_PERP,ask,151,7449.0
2024-08-11 20:00:02,SOLUSD_PERP,ask,151,8433.0
2024-08-11 20:00:03,SOLUSD_PERP,ask,151,7462.0
2024-08-11 20:00:03,SOLUSD_PERP,bid,150,35299.0
2024-08-11 20:00:03,SOLUSD_PERP,ask,151,7056.0
2024-08-11 20:00:03,SOLUSD_PERP,bid,151,11515.0
2024-08-11 20:00:03,SOLUSD_PERP,ask,151,10500.0
2024-08-11 20:00:03,SOLUSD_PERP,bid,151,7048.0
2024-08-11 20:00:03,SOLUSD_PERP,ask,151,8604.0
2024-08-11 20:00:04,SOLUSD_PERP,ask,151,6681.0
2024-08-11 20:00:05,SOLUSD_PERP,ask,151,7930.0
2024-08-11 20:00:06,SOLUSD_PERP,ask,151,6663.0
2024-08-11 20:00:06,SOLUSD_PERP,bid,151,7048.0
2024-08-11 20:00:06,SOLUSD_PERP,bid,151,7048.0
2024-08-11 20:00:06,SOLUSD_PERP,bid,151,6947.0
2024-08-11 20:00:06,SOLUSD_PERP,bid,151,10500.0
2024-08-11 20:00:07,SOLUSD_PERP,ask,151,7542.0
2024-08-11 20:00:08,SOLUSD_PERP,ask,151,6660.0
2024-08-11 20:00:09,SOLUSD_PERP,ask,151,7121.0
2024-08-11 20:00:09,SOLUSD_PERP,ask,151,7124.0
2024-08-11 20:00:09,SOLUSD_PERP,bid,151,14498.0
2024-08-11 20:00:09,SOLUSD_PERP,bid,151,7048.0
2024-08-11 20:00:09,SOLUSD_PERP,ask,151,6604.0
2024-08-11 20:00:09,SOLUSD_PERP,bid,151,10500.0
2024-08-11 20:00:09,SOLUSD_PERP,ask,151,9463.0
2024-08-11 20:00:10,SOLUSD_PERP,ask,151,8244.0
2024-08-11 20:00:10,SOLUSD_PERP,ask,151,7855.0
2024-08-11 20:00:10,SOLUSD_PERP,bid,149,7382.0
2024-08-11 20:00:10,SOLUSD_PERP,bid,149,29911.0
2024-08-11 20:00:10,SOLUSD_PERP,bid,151,10500.0
2024-08-11 20:00:10,SOLUSD_PERP,ask,151,6692.0
2024-08-11 20:00:11,SOLUSD_PERP,ask,151,8213.0
2024-08-11 20:00:11,SOLUSD_PERP,bid,151,10832.0
2024-08-11 20:00:11,SOLUSD_PERP,ask,151,10325.0
2024-08-11 20:00:11,SOLUSD_PERP,ask,151,8124.0
2024-08-11 20:00:11,SOLUSD_PERP,ask,151,6657.0
2024-08-11 20:00:12,SOLUSD_PERP,ask,151,7198.0
2024-08-11 20:00:12,SOLUSD_PERP,bid,151,6839.0
2024-08-11 20:00:12,SOLUSD_PERP,ask,151,6714.0
2024-08-11 20:00:12,SOLUSD_PERP,ask,151,7512.0
2024-08-11 20:00:14,SOLUSD_PERP,ask,151,6870.0
2024-08-11 20:00:14,SOLUSD_PERP,ask,151,6668.0
2024-08-11 20:00:14,SOLUSD_PERP,bid,147,169986.0
2024-08-11 20:00:15,SOLUSD_PERP,ask,151,7550.0
2024-08-11 20:00:15,SOLUSD_PERP,ask,151,6733.0
2024-08-11 20:00:15,SOLUSD_PERP,ask,151,6680.0
2024-08-11 20:00:15,SOLUSD_PERP,ask,151,6619.0
2024-08-11 20:00:15,SOLUSD_PERP,ask,151,6619.0
2024-08-11 20:00:16,SOLUSD_PERP,ask,151,6619.0
2024-08-11 20:00:20,SOLUSD_PERP,ask,151,9897.0
2024-08-11 20:00:21,SOLUSD_PERP,ask,151,10397.0
2024-08-11 20:00:21,SOLUSD_PERP,bid,150,19250.0
2024-08-11 20:00:22,SOLUSD_PERP,ask,151,6736.0
2024-08-11 20:00:22,SOLUSD_PERP,bid,151,7166.0
2024-08-11 20:00:22,SOLUSD_PERP,ask,151,6826.0
2024-08-11 20:00:23,SOLUSD_PERP,bid,151,13040.0
2024-08-11 20:00:24,SOLUSD_PERP,ask,151,9697.0
2024-08-11 20:00:25,SOLUSD_PERP,ask,151,7153.0
2024-08-11 20:00:25,SOLUSD_PERP,bid,151,7504.0
2024-08-11 20:00:26,SOLUSD_PERP,ask,151,7363.0
2024-08-11 20:00:26,SOLUSD_PERP,bid,151,10832.0
2024-08-11 20:00:26,SOLUSD_PERP,ask,151,7749.0
2024-08-11 20:00:27,SOLUSD_PERP,ask,151,7749.0
2024-08-11 20:00:27,SOLUSD_PERP,ask,151,7684.0
2024-08-11 20:00:27,SOLUSD_PERP,ask,151,7684.0
2024-08-11 20:00:28,SOLUSD_PERP,ask,151,7135.0
2024-08-11 20:00:28,SOLUSD_PERP,bid,145,182109.0
2024-08-11 20:00:30,SOLUSD_PERP,ask,151,6870.0
2024-08-11 20:00:31,SOLUSD_PERP,ask,151,7000.0
2024-08-11 20:00:31,SOLUSD_PERP,ask,151,6753.0
2024-08-11 20:00:32,SOLUSD_PERP,bid,151,6839.0
2024-08-11 20:00:32,SOLUSD_PERP,ask,151,6833.0
2024-08-11 20:00:34,SOLUSD_PERP,bid,151,6685.0
2024-08-11 20:00:34,SOLUSD_PERP,bid,151,9888.0
2024-08-11 20:00:35,SOLUSD_PERP,bid,150,7002.0
2024-08-11 20:00:36,SOLUSD_PERP,ask,151,10827.0
2024-08-11 20:00:36,SOLUSD_PERP,ask,151,6750.0
2024-08-11 20:00:38,SOLUSD_PERP,ask,151,6868.0
2024-08-11 20:00:39,SOLUSD_PERP,bid,151,7056.0
2024-08-11 20:00:40,SOLUSD_PERP,bid,151,7861.0
2024-08-11 20:00:40,SOLUSD_PERP,bid,151,7254.0
2024-08-11 20:00:41,SOLUSD_PERP,bid,151,9814.0
2024-08-11 20:00:44,SOLUSD_PERP,ask,151,19250.0
2024-08-11 20:00:48,SOLUSD_PERP,bid,151,6823.0
2024-08-11 20:00:48,SOLUSD_PERP,bid,151,6823.0
2024-08-11 20:00:49,SOLUSD_PERP,bid,151,10500.0
2024-08-11 20:00:49,SOLUSD_PERP,bid,151,8227.0
2024-08-11 20:00:50,SOLUSD_PERP,ask,151,9061.0
2024-08-11 20:00:50,SOLUSD_PERP,bid,151,8231.0
2024-08-11 20:00:50,SOLUSD_PERP,bid,151,8456.0
2024-08-11 20:00:50,SOLUSD_PERP,ask,151,6888.0
2024-08-11 20:00:53,SOLUSD_PERP,ask,151,6919.0
2024-08-11 20:00:54,SOLUSD_PERP,ask,151,7089.0
2024-08-11 20:00:54,SOLUSD_PERP,ask,151,8019.0
2024-08-11 20:00:55,SOLUSD_PERP,bid,151,8085.0
2024-08-11 20:00:58,SOLUSD_PERP,ask,151,8875.0
2024-08-11 20:01:00,SOLUSD_PERP,ask,151,10622.0
2024-08-11 20:01:00,SOLUSD_PERP,ask,151,8803.0
2024-08-11 20:01:01,SOLUSD_PERP,ask,151,7818.0
2024-08-11 20:01:01,SOLUSD_PERP,ask,151,7818.0
2024-08-11 20:01:01,SOLUSD_PERP,ask,151,7573.0
2024-08-11 20:01:02,SOLUSD_PERP,ask,151,7619.0
2024-08-11 20:01:02,SOLUSD_PERP,ask,151,8049.0
2024-08-11 20:01:03,SOLUSD_PERP,ask,151,7244.0
2024-08-11 20:01:03,SOLUSD_PERP,ask,151,7033.0
2024-08-11 20:01:03,SOLUSD_PERP,ask,151,7025.0
2024-08-11 20:01:04,SOLUSD_PERP,ask,151,7505.0
2024-08-11 20:01:04,SOLUSD_PERP,ask,151,6954.0
2024-08-11 20:01:04,SOLUSD_PERP,ask,152,35000.0
2024-08-11 20:01:05,SOLUSD_PERP,ask,151,7030.0
2024-08-11 20:01:05,SOLUSD_PERP,ask,151,7777.0
2024-08-11 20:01:05,SOLUSD_PERP,ask,151,7777.0
2024-08-11 20:01:06,SOLUSD_PERP,bid,150,35000.0
2024-08-11 20:01:06,SOLUSD_PERP,bid,150,10500.0
2024-08-11 20:01:06,SOLUSD_PERP,bid,151,6839.0
2024-08-11 20:01:06,SOLUSD_PERP,ask,151,7573.0
2024-08-11 20:01:06,SOLUSD_PERP,ask,151,6776.0
2024-08-11 20:01:06,SOLUSD_PERP,ask,151,6774.0
2024-08-11 20:01:06,SOLUSD_PERP,ask,151,6774.0
2024-08-11 20:01:06,SOLUSD_PERP,ask,151,7837.0
2024-08-11 20:01:06,SOLUSD_PERP,ask,151,6774.0
2024-08-11 20:01:06,SOLUSD_PERP,bid,151,9682.0
2024-08-11 20:01:06,SOLUSD_PERP,ask,151,7411.0
2024-08-11 20:01:06,SOLUSD_PERP,ask,151,6773.0
2024-08-11 20:01:07,SOLUSD_PERP,bid,150,7000.0
2024-08-11 20:01:07,SOLUSD_PERP,ask,151,6773.0
2024-08-11 20:01:07,SOLUSD_PERP,ask,151,6773.0
2024-08-11 20:01:07,SOLUSD_PERP,ask,151,10879.0
2024-08-11 20:01:07,SOLUSD_PERP,bid,150,12828.0
2024-08-11 20:01:07,SOLUSD_PERP,ask,151,6973.0
2024-08-11 20:01:07,SOLUSD_PERP,ask,151,7856.0
2024-08-11 20:01:07,SOLUSD_PERP,ask,151,6811.0
2024-08-11 20:01:07,SOLUSD_PERP,bid,150,14999.0
2024-08-11 20:01:07,SOLUSD_PERP,bid,150,8273.0
2024-08-11 20:01:07,SOLUSD_PERP,ask,151,6811.0
2024-08-11 20:01:07,SOLUSD_PERP,ask,151,7580.0
2024-08-11 20:01:08,SOLUSD_PERP,ask,151,6811.0
2024-08-11 20:01:08,SOLUSD_PERP,bid,151,9352.0
2024-08-11 20:01:08,SOLUSD_PERP,bid,150,12706.0
2024-08-11 20:01:08,SOLUSD_PERP,ask,151,6620.0
2024-08-11 20:01:08,SOLUSD_PERP,ask,151,7663.0
2024-08-11 20:01:08,SOLUSD_PERP,ask,151,6619.0
2024-08-11 20:01:08,SOLUSD_PERP,ask,151,7580.0
2024-08-11 20:01:08,SOLUSD_PERP,ask,151,6620.0
2024-08-11 20:01:08,SOLUSD_PERP,ask,151,6952.0
2024-08-11 20:01:08,SOLUSD_PERP,ask,151,6620.0
2024-08-11 20:01:09,SOLUSD_PERP,ask,151,6620.0
2024-08-11 20:01:09,SOLUSD_PERP,ask,151,7250.0
2024-08-11 20:01:09,SOLUSD_PERP,ask,151,6927.0
2024-08-11 20:01:09,SOLUSD_PERP,ask,151,6928.0
2024-08-11 20:01:10,SOLUSD_PERP,ask,151,7573.0
2024-08-11 20:01:10,SOLUSD_PERP,ask,151,6928.0
2024-08-11 20:01:10,SOLUSD_PERP,ask,151,6612.0
2024-08-11 20:01:10,SOLUSD_PERP,ask,151,6612.0
2024-08-11 20:01:10,SOLUSD_PERP,ask,151,6944.0
2024-08-11 20:01:10,SOLUSD_PERP,ask,151,6613.0
2024-08-11 20:01:11,SOLUSD_PERP,ask,151,6676.0
2024-08-11 20:01:11,SOLUSD_PERP,ask,151,6676.0
2024-08-11 20:01:11,SOLUSD_PERP,ask,151,7009.0
2024-08-11 20:01:12,SOLUSD_PERP,ask,151,7685.0
2024-08-11 20:01:12,SOLUSD_PERP,ask,151,7057.0
2024-08-11 20:01:12,SOLUSD_PERP,ask,151,7057.0
2024-08-11 20:01:12,SOLUSD_PERP,ask,151,6725.0
2024-08-11 20:01:12,SOLUSD_PERP,ask,151,6725.0
2024-08-11 20:01:12,SOLUSD_PERP,ask,151,6726.0
2024-08-11 20:01:12,SOLUSD_PERP,ask,151,6726.0
2024-08-11 20:01:13,SOLUSD_PERP,ask,151,7734.0
2024-08-11 20:01:13,SOLUSD_PERP,ask,151,6848.0
2024-08-11 20:01:13,SOLUSD_PERP,ask,151,6848.0
2024-08-11 20:01:14,SOLUSD_PERP,ask,151,6848.0
2024-08-11 20:01:14,SOLUSD_PERP,ask,151,6848.0
2024-08-11 20:01:14,SOLUSD_PERP,ask,152,7537.0
2024-08-11 20:01:14,SOLUSD_PERP,ask,151,6851.0
2024-08-11 20:01:14,SOLUSD_PERP,bid,150,10828.0
2024-08-11 20:01:14,SOLUSD_PERP,ask,151,7491.0
2024-08-11 20:01:15,SOLUSD_PERP,ask,151,6851.0
2024-08-11 20:01:15,SOLUSD_PERP,ask,151,7560.0
2024-08-11 20:01:15,SOLUSD_PERP,ask,151,6921.0
2024-08-11 20:01:15,SOLUSD_PERP,ask,151,6920.0
2024-08-11 20:01:15,SOLUSD_PERP,ask,151,6920.0
2024-08-11 20:01:16,SOLUSD_PERP,ask,151,6830.0
2024-08-11 20:01:16,SOLUSD_PERP,ask,151,6830.0
2024-08-11 20:01:17,SOLUSD_PERP,ask,151,6831.0
2024-08-11 20:01:17,SOLUSD_PERP,ask,151,6861.0
2024-08-11 20:01:18,SOLUSD_PERP,ask,151,6862.0
2024-08-11 20:01:18,SOLUSD_PERP,ask,151,7141.0
2024-08-11 20:01:18,SOLUSD_PERP,ask,151,8184.0
2024-08-11 20:01:18,SOLUSD_PERP,ask,151,8168.0
2024-08-11 20:01:19,SOLUSD_PERP,ask,151,7140.0
2024-08-11 20:01:19,SOLUSD_PERP,ask,151,7251.0
2024-08-11 20:01:19,SOLUSD_PERP,bid,150,7350.0
2024-08-11 20:01:19,SOLUSD_PERP,ask,151,7164.0
2024-08-11 20:01:19,SOLUSD_PERP,ask,151,8208.0
2024-08-11 20:01:19,SOLUSD_PERP,ask,151,8208.0
2024-08-11 20:01:19,SOLUSD_PERP,ask,151,7209.0
2024-08-11 20:01:19,SOLUSD_PERP,ask,151,7164.0
2024-08-11 20:01:19,SOLUSD_PERP,ask,151,7251.0
2024-08-11 20:01:19,SOLUSD_PERP,ask,151,8192.0
2024-08-11 20:01:20,SOLUSD_PERP,bid,151,6900.0
2024-08-11 20:01:20,SOLUSD_PERP,ask,151,7164.0
2024-08-11 20:01:20,SOLUSD_PERP,ask,151,7013.0
2024-08-11 20:01:20,SOLUSD_PERP,ask,151,7013.0
2024-08-11 20:01:20,SOLUSD_PERP,ask,151,7013.0
2024-08-11 20:01:20,SOLUSD_PERP,ask,151,8041.0
2024-08-11 20:01:20,SOLUSD_PERP,ask,151,7013.0
2024-08-11 20:01:21,SOLUSD_PERP,ask,151,7643.0
2024-08-11 20:01:21,SOLUSD_PERP,ask,151,6840.0
2024-08-11 20:01:21,SOLUSD_PERP,bid,150,12641.0
2024-08-11 20:01:21,SOLUSD_PERP,ask,151,6928.0
2024-08-11 20:01:21,SOLUSD_PERP,ask,151,6840.0
2024-08-11 20:01:21,SOLUSD_PERP,ask,151,6840.0
2024-08-11 20:01:21,SOLUSD_PERP,ask,151,7077.0
2024-08-11 20:01:22,SOLUSD_PERP,ask,151,6840.0
2024-08-11 20:01:22,SOLUSD_PERP,ask,151,10500.0
2024-08-11 20:01:22,SOLUSD_PERP,ask,151,6704.0
2024-08-11 20:01:22,SOLUSD_PERP,ask,151,7344.0
2024-08-11 20:01:22,SOLUSD_PERP,ask,151,6704.0
2024-08-11 20:01:22,SOLUSD_PERP,ask,151,7334.0
2024-08-11 20:01:22,SOLUSD_PERP,ask,151,7086.0
2024-08-11 20:01:22,SOLUSD_PERP,ask,151,6705.0
2024-08-11 20:01:22,SOLUSD_PERP,ask,151,6705.0
2024-08-11 20:01:22,SOLUSD_PERP,ask,151,6705.0
2024-08-11 20:01:23,SOLUSD_PERP,ask,151,7037.0
2024-08-11 20:01:23,SOLUSD_PERP,ask,151,7370.0
2024-08-11 20:01:23,SOLUSD_PERP,ask,151,10832.0
2024-08-11 20:01:23,SOLUSD_PERP,ask,151,7188.0
2024-08-11 20:01:23,SOLUSD_PERP,ask,151,6907.0
2024-08-11 20:01:23,SOLUSD_PERP,ask,151,7573.0
2024-08-11 20:01:24,SOLUSD_PERP,ask,151,6908.0
2024-08-11 20:01:24,SOLUSD_PERP,bid,151,7924.0
2024-08-11 20:01:24,SOLUSD_PERP,ask,151,6932.0
2024-08-11 20:01:24,SOLUSD_PERP,ask,151,10500.0
2024-08-11 20:01:24,SOLUSD_PERP,ask,151,7336.0
2024-08-11 20:01:24,SOLUSD_PERP,bid,150,12500.0
2024-08-11 20:01:24,SOLUSD_PERP,ask,151,6601.0
2024-08-11 20:01:24,SOLUSD_PERP,ask,151,6603.0
2024-08-11 20:01:24,SOLUSD_PERP,ask,152,29861.0
2024-08-11 20:01:24,SOLUSD_PERP,ask,151,6603.0
2024-08-11 20:01:25,SOLUSD_PERP,ask,151,6602.0
2024-08-11 20:01:26,SOLUSD_PERP,ask,151,7270.0
2024-08-11 20:01:26,SOLUSD_PERP,ask,151,7582.0
2024-08-11 20:01:26,SOLUSD_PERP,ask,151,10112.0
2024-08-11 20:01:26,SOLUSD_PERP,ask,151,7573.0
2024-08-11 20:01:27,SOLUSD_PERP,ask,151,7761.0
2024-08-11 20:01:28,SOLUSD_PERP,ask,151,6746.0
2024-08-11 20:01:28,SOLUSD_PERP,ask,151,6614.0
2024-08-11 20:01:28,SOLUSD_PERP,bid,151,8273.0
2024-08-11 20:01:28,SOLUSD_PERP,ask,151,7573.0
2024-08-11 20:01:28,SOLUSD_PERP,bid,150,7094.0
2024-08-11 20:01:28,SOLUSD_PERP,ask,151,10233.0
2024-08-11 20:01:28,SOLUSD_PERP,ask,151,7663.0
2024-08-11 20:01:29,SOLUSD_PERP,ask,151,7653.0
2024-08-11 20:01:29,SOLUSD_PERP,ask,151,8133.0
2024-08-11 20:01:29,SOLUSD_PERP,ask,151,7604.0
2024-08-11 20:01:29,SOLUSD_PERP,ask,151,7573.0
2024-08-11 20:01:29,SOLUSD_PERP,ask,151,7230.0
2024-08-11 20:01:30,SOLUSD_PERP,ask,151,7582.0
2024-08-11 20:01:30,SOLUSD_PERP,ask,151,7230.0
2024-08-11 20:01:30,SOLUSD_PERP,ask,151,6639.0
2024-08-11 20:01:30,SOLUSD_PERP,ask,151,7459.0
2024-08-11 20:01:31,SOLUSD_PERP,ask,151,8547.0
2024-08-11 20:01:31,SOLUSD_PERP,ask,151,7573.0
2024-08-11 20:01:31,SOLUSD_PERP,ask,151,6972.0
2024-08-11 20:01:31,SOLUSD_PERP,ask,151,6805.0
2024-08-11 20:01:31,SOLUSD_PERP,bid,150,10500.0
2024-08-11 20:01:31,SOLUSD_PERP,ask,151,7133.0
2024-08-11 20:01:31,SOLUSD_PERP,ask,151,10839.0
2024-08-11 20:01:31,SOLUSD_PERP,ask,151,6805.0
2024-08-11 20:01:31,SOLUSD_PERP,ask,151,6645.0
2024-08-11 20:01:31,SOLUSD_PERP,ask,151,6806.0
2024-08-11 20:01:32,SOLUSD_PERP,ask,151,6806.0
2024-08-11 20:01:32,SOLUSD_PERP,ask,151,6807.0
2024-08-11 20:01:32,SOLUSD_PERP,ask,151,6623.0
2024-08-11 20:01:32,SOLUSD_PERP,ask,151,6623.0
2024-08-11 20:01:32,SOLUSD_PERP,ask,151,6624.0
2024-08-11 20:01:32,SOLUSD_PERP,ask,151,7573.0
2024-08-11 20:01:33,SOLUSD_PERP,ask,151,7573.0
2024-08-11 20:01:33,SOLUSD_PERP,ask,151,6623.0
2024-08-11 20:01:33,SOLUSD_PERP,ask,151,7623.0
2024-08-11 20:01:33,SOLUSD_PERP,ask,151,6623.0
2024-08-11 20:01:33,SOLUSD_PERP,ask,151,6623.0
2024-08-11 20:01:33,SOLUSD_PERP,ask,151,7573.0
2024-08-11 20:01:34,SOLUSD_PERP,ask,151,10536.0
2024-08-11 20:01:34,SOLUSD_PERP,ask,151,7801.0
2024-08-11 20:01:35,SOLUSD_PERP,ask,151,7675.0
2024-08-11 20:01:35,SOLUSD_PERP,ask,151,6685.0
2024-08-11 20:01:35,SOLUSD_PERP,ask,151,7573.0
2024-08-11 20:01:35,SOLUSD_PERP,ask,151,7000.0
2024-08-11 20:01:36,SOLUSD_PERP,ask,151,7628.0
2024-08-11 20:01:36,SOLUSD_PERP,ask,151,7628.0
2024-08-11 20:01:37,SOLUSD_PERP,ask,151,10221.0
2024-08-11 20:01:37,SOLUSD_PERP,ask,151,7504.0
2024-08-11 20:01:37,SOLUSD_PERP,ask,151,10507.0
2024-08-11 20:01:38,SOLUSD_PERP,ask,151,9238.0
2024-08-11 20:01:38,SOLUSD_PERP,ask,151,6638.0
2024-08-11 20:01:38,SOLUSD_PERP,bid,150,8273.0
2024-08-11 20:01:38,SOLUSD_PERP,bid,151,8225.0
2024-08-11 20:01:39,SOLUSD_PERP,bid,150,7150.0
2024-08-11 20:01:40,SOLUSD_PERP,bid,151,6783.0
2024-08-11 20:01:40,SOLUSD_PERP,ask,151,6651.0
2024-08-11 20:01:41,SOLUSD_PERP,ask,151,6651.0
2024-08-11 20:01:41,SOLUSD_PERP,ask,151,9422.0
2024-08-11 20:01:42,SOLUSD_PERP,bid,151,7147.0
2024-08-11 20:01:43,SOLUSD_PERP,bid,149,29817.0
2024-08-11 20:01:45,SOLUSD_PERP,bid,151,6671.0
2024-08-11 20:01:46,SOLUSD_PERP,bid,151,6787.0
2024-08-11 20:01:46,SOLUSD_PERP,bid,151,6910.0
2024-08-11 20:01:46,SOLUSD_PERP,bid,150,10832.0
2024-08-11 20:01:47,SOLUSD_PERP,bid,151,8327.0
2024-08-11 20:01:49,SOLUSD_PERP,bid,151,6843.0
2024-08-11 20:01:50,SOLUSD_PERP,bid,151,6727.0
2024-08-11 20:01:53,SOLUSD_PERP,ask,151,9023.0
2024-08-11 20:01:53,SOLUSD_PERP,bid,151,7467.0
2024-08-11 20:01:53,SOLUSD_PERP,ask,151,9024.0
2024-08-11 20:01:54,SOLUSD_PERP,ask,151,6669.0
2024-08-11 20:01:54,SOLUSD_PERP,ask,151,6669.0
2024-08-11 20:01:56,SOLUSD_PERP,bid,151,7315.0
2024-08-11 20:01:56,SOLUSD_PERP,bid,151,7308.0
2024-08-11 20:01:56,SOLUSD_PERP,ask,152,35000.0
2024-08-11 20:02:00,SOLUSD_PERP,ask,151,6834.0
2024-08-11 20:02:00,SOLUSD_PERP,bid,150,10500.0
2024-08-11 20:02:00,SOLUSD_PERP,ask,151,6611.0
2024-08-11 20:02:01,SOLUSD_PERP,ask,151,7000.0
2024-08-11 20:02:01,SOLUSD_PERP,bid,150,10832.0
2024-08-11 20:02:02,SOLUSD_PERP,bid,151,7359.0
2024-08-11 20:02:02,SOLUSD_PERP,bid,151,7465.0
2024-08-11 20:02:03,SOLUSD_PERP,bid,140,12035.0
2024-08-11 20:02:03,SOLUSD_PERP,bid,145,182059.0
2024-08-11 20:02:03,SOLUSD_PERP,bid,150,6634.0
2024-08-11 20:02:03,SOLUSD_PERP,bid,150,35000.0
2024-08-11 20:02:03,SOLUSD_PERP,bid,150,19250.0
2024-08-11 20:02:04,SOLUSD_PERP,ask,151,8863.0
2024-08-11 20:02:06,SOLUSD_PERP,bid,150,7000.0
2024-08-11 20:02:06,SOLUSD_PERP,ask,151,7048.0
2024-08-11 20:02:06,SOLUSD_PERP,ask,151,8136.0
2024-08-11 20:02:06,SOLUSD_PERP,ask,151,7120.0
2024-08-11 20:02:06,SOLUSD_PERP,ask,151,8952.0
2024-08-11 20:02:07,SOLUSD_PERP,bid,151,7222.0
2024-08-11 20:02:07,SOLUSD_PERP,ask,151,7141.0
2024-08-11 20:02:07,SOLUSD_PERP,bid,151,7182.0
2024-08-11 20:02:08,SOLUSD_PERP,ask,151,7141.0
2024-08-11 20:02:11,SOLUSD_PERP,bid,151,7240.0
2024-08-11 20:02:12,SOLUSD_PERP,bid,151,7243.0
2024-08-11 20:02:12,SOLUSD_PERP,ask,151,6921.0
2024-08-11 20:02:12,SOLUSD_PERP,bid,151,7139.0
2024-08-11 20:02:12,SOLUSD_PERP,ask,151,6964.0
2024-08-11 20:02:13,SOLUSD_PERP,ask,151,6964.0
2024-08-11 20:02:13,SOLUSD_PERP,ask,151,7061.0
2024-08-11 20:02:13,SOLUSD_PERP,bid,150,8515.0
2024-08-11 20:02:13,SOLUSD_PERP,bid,150,9649.0
2024-08-11 20:02:13,SOLUSD_PERP,bid,150,10500.0
2024-08-11 20:02:13,SOLUSD_PERP,ask,151,7049.0
2024-08-11 20:02:14,SOLUSD_PERP,ask,151,10884.0
2024-08-11 20:02:15,SOLUSD_PERP,ask,151,7149.0
2024-08-11 20:02:15,SOLUSD_PERP,bid,150,21747.0
2024-08-11 20:02:15,SOLUSD_PERP,ask,151,7477.0
2024-08-11 20:02:15,SOLUSD_PERP,ask,151,7477.0
2024-08-11 20:02:16,SOLUSD_PERP,ask,151,7099.0
2024-08-11 20:02:16,SOLUSD_PERP,ask,151,7118.0
2024-08-11 20:02:16,SOLUSD_PERP,ask,151,7293.0
2024-08-11 20:02:16,SOLUSD_PERP,ask,151,9375.0
2024-08-11 20:02:17,SOLUSD_PERP,bid,150,7308.0
2024-08-11 20:02:17,SOLUSD_PERP,ask,151,6976.0
2024-08-11 20:02:17,SOLUSD_PERP,ask,151,6773.0
2024-08-11 20:02:17,SOLUSD_PERP,ask,153,7608.0
2024-08-11 20:02:18,SOLUSD_PERP,ask,151,6815.0
2024-08-11 20:02:19,SOLUSD_PERP,ask,151,6750.0
2024-08-11 20:02:20,SOLUSD_PERP,bid,150,6984.0
2024-08-11 20:02:22,SOLUSD_PERP,ask,151,19250.0
2024-08-11 20:02:23,SOLUSD_PERP,bid,150,7437.0
2024-08-11 20:02:23,SOLUSD_PERP,bid,150,6894.0
2024-08-11 20:02:25,SOLUSD_PERP,bid,150,6743.0
2024-08-11 20:02:26,SOLUSD_PERP,ask,152,35000.0
2024-08-11 20:02:28,SOLUSD_PERP,bid,150,6743.0
2024-08-11 20:02:29,SOLUSD_PERP,bid,150,6743.0
2024-08-11 20:02:29,SOLUSD_PERP,bid,150,6743.0
2024-08-11 20:02:29,SOLUSD_PERP,bid,150,6740.0
2024-08-11 20:02:30,SOLUSD_PERP,bid,150,6735.0
2024-08-11 20:02:31,SOLUSD_PERP,bid,150,6735.0
2024-08-11 20:02:31,SOLUSD_PERP,bid,150,19250.0
2024-08-11 20:02:31,SOLUSD_PERP,bid,150,6749.0
2024-08-11 20:02:31,SOLUSD_PERP,bid,150,6749.0
2024-08-11 20:02:32,SOLUSD_PERP,ask,151,7920.0
2024-08-11 20:02:32,SOLUSD_PERP,bid,150,6662.0
2024-08-11 20:02:33,SOLUSD_PERP,bid,150,34124.0
2024-08-11 20:02:33,SOLUSD_PERP,bid,150,12641.0
2024-08-11 20:02:33,SOLUSD_PERP,bid,150,12500.0
2024-08-11 20:02:33,SOLUSD_PERP,bid,150,10500.0
2024-08-11 20:02:33,SOLUSD_PERP,bid,150,8281.0
2024-08-11 20:02:33,SOLUSD_PERP,bid,150,6758.0
2024-08-11 20:02:33,SOLUSD_PERP,bid,150,19250.0
2024-08-11 20:02:33,SOLUSD_PERP,bid,150,8765.0
2024-08-11 20:02:33,SOLUSD_PERP,bid,150,10832.0
2024-08-11 20:02:33,SOLUSD_PERP,ask,151,6624.0
2024-08-11 20:02:33,SOLUSD_PERP,ask,152,18000.0
2024-08-11 20:02:33,SOLUSD_PERP,ask,151,7667.0
2024-08-11 20:02:34,SOLUSD_PERP,bid,149,40579.0
2024-08-11 20:02:34,SOLUSD_PERP,bid,150,12500.0
2024-08-11 20:02:34,SOLUSD_PERP,bid,150,8274.0
2024-08-11 20:02:34,SOLUSD_PERP,ask,151,8231.0
2024-08-11 20:02:34,SOLUSD_PERP,bid,148,7365.0
2024-08-11 20:02:34,SOLUSD_PERP,ask,151,7530.0
2024-08-11 20:02:34,SOLUSD_PERP,ask,152,29840.0
2024-08-11 20:02:35,SOLUSD_PERP,bid,150,10500.0
2024-08-11 20:02:35,SOLUSD_PERP,bid,150,7406.0
2024-08-11 20:02:35,SOLUSD_PERP,ask,151,7169.0
2024-08-11 20:02:35,SOLUSD_PERP,ask,151,7642.0
2024-08-11 20:02:36,SOLUSD_PERP,bid,150,7066.0
2024-08-11 20:02:36,SOLUSD_PERP,bid,150,6885.0
2024-08-11 20:02:36,SOLUSD_PERP,ask,151,8102.0
2024-08-11 20:02:36,SOLUSD_PERP,ask,151,7952.0
2024-08-11 20:02:37,SOLUSD_PERP,bid,150,6716.0
2024-08-11 20:02:37,SOLUSD_PERP,ask,151,7861.0
2024-08-11 20:02:37,SOLUSD_PERP,ask,151,6733.0
2024-08-11 20:02:38,SOLUSD_PERP,bid,150,10518.0
2024-08-11 20:02:38,SOLUSD_PERP,bid,150,8273.0
2024-08-11 20:02:38,SOLUSD_PERP,bid,150,7642.0
2024-08-11 20:02:39,SOLUSD_PERP,bid,150,6838.0
2024-08-11 20:02:43,SOLUSD_PERP,bid,150,7642.0
2024-08-11 20:02:44,SOLUSD_PERP,ask,151,6855.0
2024-08-11 20:02:44,SOLUSD_PERP,ask,152,7963.0
2024-08-11 20:02:46,SOLUSD_PERP,ask,151,6635.0
2024-08-11 20:02:46,SOLUSD_PERP,ask,151,7265.0
2024-08-11 20:02:47,SOLUSD_PERP,ask,151,6854.0
2024-08-11 20:02:47,SOLUSD_PERP,ask,151,6934.0
2024-08-11 20:02:47,SOLUSD_PERP,ask,151,8405.0
2024-08-11 20:02:48,SOLUSD_PERP,ask,151,6770.0
2024-08-11 20:02:50,SOLUSD_PERP,ask,151,6624.0
2024-08-11 20:02:50,SOLUSD_PERP,ask,151,10715.0
2024-08-11 20:02:51,SOLUSD_PERP,ask,151,8417.0
2024-08-11 20:02:51,SOLUSD_PERP,ask,151,6632.0
2024-08-11 20:02:51,SOLUSD_PERP,ask,151,6679.0
2024-08-11 20:02:51,SOLUSD_PERP,bid,151,6799.0
2024-08-11 20:02:51,SOLUSD_PERP,ask,151,6679.0
2024-08-11 20:02:51,SOLUSD_PERP,ask,151,6680.0
2024-08-11 20:02:51,SOLUSD_PERP,bid,151,6744.0
2024-08-11 20:02:51,SOLUSD_PERP,ask,151,6804.0
2024-08-11 20:02:51,SOLUSD_PERP,ask,151,6805.0
2024-08-11 20:02:52,SOLUSD_PERP,ask,151,6679.0
2024-08-11 20:02:53,SOLUSD_PERP,ask,151,6867.0
2024-08-11 20:02:53,SOLUSD_PERP,ask,151,9260.0
2024-08-11 20:02:53,SOLUSD_PERP,ask,151,6883.0
2024-08-11 20:02:53,SOLUSD_PERP,ask,151,8943.0
2024-08-11 20:02:54,SOLUSD_PERP,bid,150,12500.0
2024-08-11 20:02:54,SOLUSD_PERP,bid,150,14791.0
2024-08-11 20:02:54,SOLUSD_PERP,ask,151,6725.0
2024-08-11 20:02:54,SOLUSD_PERP,ask,152,29852.0
2024-08-11 20:02:54,SOLUSD_PERP,ask,151,7446.0
2024-08-11 20:02:54,SOLUSD_PERP,ask,151,7905.0
2024-08-11 20:02:54,SOLUSD_PERP,ask,151,6814.0
2024-08-11 20:02:55,SOLUSD_PERP,ask,151,8383.0
2024-08-11 20:02:55,SOLUSD_PERP,ask,151,8086.0
2024-08-11 20:02:55,SOLUSD_PERP,ask,151,6633.0
2024-08-11 20:02:55,SOLUSD_PERP,ask,151,6632.0
2024-08-11 20:02:55,SOLUSD_PERP,ask,151,6633.0
2024-08-11 20:02:55,SOLUSD_PERP,ask,151,6632.0
2024-08-11 20:02:56,SOLUSD_PERP,ask,151,6632.0
2024-08-11 20:02:56,SOLUSD_PERP,ask,151,8194.0
2024-08-11 20:02:56,SOLUSD_PERP,ask,151,7573.0
2024-08-11 20:02:56,SOLUSD_PERP,bid,130,103051.0
2024-08-11 20:02:56,SOLUSD_PERP,ask,151,6793.0
2024-08-11 20:02:57,SOLUSD_PERP,bid,130,101077.0
2024-08-11 20:02:57,SOLUSD_PERP,ask,151,7195.0
2024-08-11 20:02:57,SOLUSD_PERP,bid,150,8567.0
2024-08-11 20:02:57,SOLUSD_PERP,ask,151,8251.0
2024-08-11 20:02:57,SOLUSD_PERP,ask,151,6718.0
2024-08-11 20:02:58,SOLUSD_PERP,ask,151,6718.0
2024-08-11 20:02:59,SOLUSD_PERP,bid,150,10500.0
2024-08-11 20:02:59,SOLUSD_PERP,bid,150,11560.0
2024-08-11 20:03:01,SOLUSD_PERP,bid,150,6943.0
2024-08-11 20:03:02,SOLUSD_PERP,ask,151,6756.0
2024-08-11 20:03:02,SOLUSD_PERP,ask,151,7145.0
2024-08-11 20:03:04,SOLUSD_PERP,ask,152,29852.0
2024-08-11 20:03:06,SOLUSD_PERP,ask,151,7204.0
2024-08-11 20:03:06,SOLUSD_PERP,ask,151,7029.0
2024-08-11 20:03:07,SOLUSD_PERP,ask,151,7063.0
2024-08-11 20:03:07,SOLUSD_PERP,ask,151,6841.0
2024-08-11 20:03:07,SOLUSD_PERP,ask,151,6841.0
2024-08-11 20:03:08,SOLUSD_PERP,bid,150,8109.0
2024-08-11 20:03:09,SOLUSD_PERP,ask,151,7000.0
2024-08-11 20:03:09,SOLUSD_PERP,ask,151,7594.0
2024-08-11 20:03:10,SOLUSD_PERP,ask,151,7581.0
2024-08-11 20:03:11,SOLUSD_PERP,ask,151,6818.0
2024-08-11 20:03:13,SOLUSD_PERP,ask,151,6678.0
2024-08-11 20:03:14,SOLUSD_PERP,bid,149,29863.0
2024-08-11 20:03:14,SOLUSD_PERP,bid,150,12500.0
2024-08-11 20:03:14,SOLUSD_PERP,bid,150,8273.0
2024-08-11 20:03:14,SOLUSD_PERP,bid,148,32440.0
2024-08-11 20:03:15,SOLUSD_PERP,ask,151,8785.0
2024-08-11 20:03:16,SOLUSD_PERP,bid,150,11560.0
2024-08-11 20:03:17,SOLUSD_PERP,bid,150,10505.0
2024-08-11 20:03:18,SOLUSD_PERP,ask,151,7000.0
2024-08-11 20:03:18,SOLUSD_PERP,ask,151,8264.0
2024-08-11 20:03:19,SOLUSD_PERP,bid,150,11914.0
2024-08-11 20:03:20,SOLUSD_PERP,bid,150,13521.0
2024-08-11 20:03:20,SOLUSD_PERP,ask,151,10500.0
2024-08-11 20:03:20,SOLUSD_PERP,ask,151,6883.0
2024-08-11 20:03:21,SOLUSD_PERP,bid,150,7000.0
2024-08-11 20:03:21,SOLUSD_PERP,bid,149,29948.0
2024-08-11 20:03:21,SOLUSD_PERP,ask,151,8569.0
2024-08-11 20:03:22,SOLUSD_PERP,bid,149,29911.0
2024-08-11 20:03:22,SOLUSD_PERP,bid,149,35000.0
2024-08-11 20:03:22,SOLUSD_PERP,ask,151,11156.0
2024-08-11 20:03:24,SOLUSD_PERP,bid,150,7599.0
2024-08-11 20:03:24,SOLUSD_PERP,ask,151,8985.0
2024-08-11 20:03:24,SOLUSD_PERP,ask,151,9041.0
2024-08-11 20:03:24,SOLUSD_PERP,bid,150,9446.0
2024-08-11 20:03:24,SOLUSD_PERP,bid,150,10505.0
2024-08-11 20:03:24,SOLUSD_PERP,ask,151,7232.0
2024-08-11 20:03:25,SOLUSD_PERP,bid,150,10505.0
2024-08-11 20:03:25,SOLUSD_PERP,ask,151,7232.0
2024-08-11 20:03:25,SOLUSD_PERP,ask,151,8457.0
2024-08-11 20:03:25,SOLUSD_PERP,ask,151,8457.0
2024-08-11 20:03:25,SOLUSD_PERP,ask,151,8457.0
2024-08-11 20:03:29,SOLUSD_PERP,ask,151,6884.0
2024-08-11 20:03:30,SOLUSD_PERP,ask,151,10500.0
2024-08-11 20:03:30,SOLUSD_PERP,bid,150,12500.0
2024-08-11 20:03:31,SOLUSD_PERP,ask,151,7059.0
2024-08-11 20:03:31,SOLUSD_PERP,ask,151,6957.0
2024-08-11 20:03:34,SOLUSD_PERP,bid,150,13513.0
2024-08-11 20:03:34,SOLUSD_PERP,ask,151,8308.0
2024-08-11 20:03:35,SOLUSD_PERP,ask,150,6674.0
2024-08-11 20:03:36,SOLUSD_PERP,bid,150,8602.0
2024-08-11 20:03:36,SOLUSD_PERP,ask,150,7336.0
2024-08-11 20:03:36,SOLUSD_PERP,bid,149,7000.0
2024-08-11 20:03:36,SOLUSD_PERP,ask,150,7546.0
2024-08-11 20:03:37,SOLUSD_PERP,ask,150,7546.0
2024-08-11 20:03:37,SOLUSD_PERP,ask,150,7397.0
2024-08-11 20:03:37,SOLUSD_PERP,bid,149,29843.0
2024-08-11 20:03:37,SOLUSD_PERP,bid,150,20777.0
2024-08-11 20:03:37,SOLUSD_PERP,bid,150,12641.0
2024-08-11 20:03:37,SOLUSD_PERP,bid,150,12500.0
2024-08-11 20:03:37,SOLUSD_PERP,bid,150,10828.0
2024-08-11 20:03:37,SOLUSD_PERP,bid,150,8396.0
2024-08-11 20:03:38,SOLUSD_PERP,bid,149,34125.0
2024-08-11 20:03:38,SOLUSD_PERP,bid,150,7000.0
2024-08-11 20:03:38,SOLUSD_PERP,bid,150,11156.0
2024-08-11 20:03:38,SOLUSD_PERP,ask,150,7643.0
2024-08-11 20:03:38,SOLUSD_PERP,ask,153,7592.0
2024-08-11 20:03:38,SOLUSD_PERP,bid,150,8274.0
2024-08-11 20:03:38,SOLUSD_PERP,ask,151,7068.0
2024-08-11 20:03:39,SOLUSD_PERP,ask,150,7057.0
2024-08-11 20:03:39,SOLUSD_PERP,ask,150,7592.0
2024-08-11 20:03:40,SOLUSD_PERP,ask,150,7592.0
2024-08-11 20:03:40,SOLUSD_PERP,bid,150,8273.0
2024-08-11 20:03:40,SOLUSD_PERP,bid,150,10828.0
2024-08-11 20:03:40,SOLUSD_PERP,ask,150,7861.0
2024-08-11 20:03:40,SOLUSD_PERP,ask,151,6716.0
2024-08-11 20:03:42,SOLUSD_PERP,ask,150,7926.0
2024-08-11 20:03:42,SOLUSD_PERP,ask,150,7926.0
2024-08-11 20:03:42,SOLUSD_PERP,ask,150,10087.0
2024-08-11 20:03:42,SOLUSD_PERP,ask,150,8051.0
2024-08-11 20:03:43,SOLUSD_PERP,ask,150,8135.0
2024-08-11 20:03:43,SOLUSD_PERP,ask,150,10225.0
2024-08-11 20:03:43,SOLUSD_PERP,ask,150,7964.0
2024-08-11 20:03:44,SOLUSD_PERP,ask,150,7838.0
2024-08-11 20:03:44,SOLUSD_PERP,ask,150,7569.0
2024-08-11 20:03:45,SOLUSD_PERP,ask,151,7873.0
2024-08-11 20:03:46,SOLUSD_PERP,ask,150,6630.0
2024-08-11 20:03:46,SOLUSD_PERP,ask,150,6630.0
2024-08-11 20:03:46,SOLUSD_PERP,ask,150,6743.0
2024-08-11 20:03:46,SOLUSD_PERP,ask,150,6630.0
2024-08-11 20:03:47,SOLUSD_PERP,ask,150,6773.0
2024-08-11 20:03:47,SOLUSD_PERP,ask,150,6660.0
2024-08-11 20:03:48,SOLUSD_PERP,ask,150,6768.0
2024-08-11 20:03:48,SOLUSD_PERP,ask,150,6767.0
2024-08-11 20:03:48,SOLUSD_PERP,ask,150,8352.0
2024-08-11 20:03:48,SOLUSD_PERP,ask,150,7099.0
2024-08-11 20:03:48,SOLUSD_PERP,ask,150,7059.0
2024-08-11 20:03:48,SOLUSD_PERP,ask,151,29806.0
2024-08-11 20:03:48,SOLUSD_PERP,ask,150,6768.0
2024-08-11 20:03:49,SOLUSD_PERP,ask,150,10390.0
2024-08-11 20:03:49,SOLUSD_PERP,ask,150,6849.0
2024-08-11 20:03:49,SOLUSD_PERP,ask,150,6716.0
2024-08-11 20:03:49,SOLUSD_PERP,ask,150,10338.0
2024-08-11 20:03:49,SOLUSD_PERP,ask,150,6718.0
2024-08-11 20:03:49,SOLUSD_PERP,ask,150,7048.0
2024-08-11 20:03:49,SOLUSD_PERP,ask,150,7048.0
2024-08-11 20:03:49,SOLUSD_PERP,ask,150,7710.0
2024-08-11 20:03:49,SOLUSD_PERP,ask,150,7710.0
2024-08-11 20:03:49,SOLUSD_PERP,ask,150,7048.0
2024-08-11 20:03:50,SOLUSD_PERP,ask,150,7049.0
2024-08-11 20:03:50,SOLUSD_PERP,ask,150,7233.0
2024-08-11 20:03:50,SOLUSD_PERP,ask,151,7573.0
2024-08-11 20:03:50,SOLUSD_PERP,ask,150,6902.0
2024-08-11 20:03:50,SOLUSD_PERP,ask,150,7895.0
2024-08-11 20:03:50,SOLUSD_PERP,ask,150,6990.0
2024-08-11 20:03:50,SOLUSD_PERP,ask,150,7234.0
2024-08-11 20:03:50,SOLUSD_PERP,ask,150,7233.0
2024-08-11 20:03:51,SOLUSD_PERP,ask,150,6902.0
2024-08-11 20:03:51,SOLUSD_PERP,ask,150,7099.0
2024-08-11 20:03:51,SOLUSD_PERP,ask,150,7187.0
2024-08-11 20:03:51,SOLUSD_PERP,bid,150,6669.0
2024-08-11 20:03:51,SOLUSD_PERP,ask,150,7187.0
2024-08-11 20:03:51,SOLUSD_PERP,ask,150,11413.0
2024-08-11 20:03:52,SOLUSD_PERP,ask,150,7187.0
2024-08-11 20:03:52,SOLUSD_PERP,ask,150,8092.0
2024-08-11 20:03:52,SOLUSD_PERP,ask,150,7306.0
2024-08-11 20:03:52,SOLUSD_PERP,ask,150,7637.0
2024-08-11 20:03:52,SOLUSD_PERP,ask,150,7394.0
2024-08-11 20:03:52,SOLUSD_PERP,ask,150,7394.0
2024-08-11 20:03:53,SOLUSD_PERP,ask,150,8299.0
2024-08-11 20:03:53,SOLUSD_PERP,ask,150,7394.0
2024-08-11 20:03:53,SOLUSD_PERP,ask,150,11948.0
2024-08-11 20:03:53,SOLUSD_PERP,ask,150,7839.0
2024-08-11 20:03:53,SOLUSD_PERP,ask,150,7839.0
2024-08-11 20:03:53,SOLUSD_PERP,ask,150,7508.0
2024-08-11 20:03:54,SOLUSD_PERP,ask,150,7930.0
2024-08-11 20:03:54,SOLUSD_PERP,ask,150,7705.0
2024-08-11 20:03:54,SOLUSD_PERP,ask,150,7598.0
2024-08-11 20:03:54,SOLUSD_PERP,ask,150,7930.0
2024-08-11 20:03:55,SOLUSD_PERP,ask,150,7705.0
2024-08-11 20:03:55,SOLUSD_PERP,ask,150,7752.0
2024-08-11 20:03:55,SOLUSD_PERP,ask,150,8084.0
2024-08-11 20:03:55,SOLUSD_PERP,ask,150,7752.0
2024-08-11 20:03:55,SOLUSD_PERP,ask,150,7859.0
2024-08-11 20:03:55,SOLUSD_PERP,bid,145,181754.0
2024-08-11 20:03:55,SOLUSD_PERP,bid,147,170295.0
2024-08-11 20:03:55,SOLUSD_PERP,ask,150,7752.0
2024-08-11 20:03:56,SOLUSD_PERP,ask,150,7970.0
2024-08-11 20:03:56,SOLUSD_PERP,ask,150,7863.0
2024-08-11 20:03:57,SOLUSD_PERP,ask,150,9437.0
2024-08-11 20:03:57,SOLUSD_PERP,ask,150,7982.0
2024-08-11 20:03:57,SOLUSD_PERP,ask,150,7982.0
2024-08-11 20:03:57,SOLUSD_PERP,ask,150,7982.0
2024-08-11 20:03:57,SOLUSD_PERP,ask,150,7981.0
2024-08-11 20:03:57,SOLUSD_PERP,ask,150,8042.0
2024-08-11 20:03:58,SOLUSD_PERP,ask,150,7830.0
2024-08-11 20:03:58,SOLUSD_PERP,ask,150,12533.0
2024-08-11 20:03:58,SOLUSD_PERP,ask,150,7997.0
2024-08-11 20:03:59,SOLUSD_PERP,ask,150,7829.0
2024-08-11 20:03:59,SOLUSD_PERP,ask,150,7829.0
2024-08-11 20:03:59,SOLUSD_PERP,ask,150,7829.0
2024-08-11 20:03:59,SOLUSD_PERP,ask,150,7829.0
2024-08-11 20:03:59,SOLUSD_PERP,ask,150,8096.0
2024-08-11 20:03:59,SOLUSD_PERP,ask,150,7800.0
2024-08-11 20:03:59,SOLUSD_PERP,ask,150,7801.0
2024-08-11 20:03:59,SOLUSD_PERP,ask,150,7801.0
2024-08-11 20:04:00,SOLUSD_PERP,ask,150,8844.0
2024-08-11 20:04:00,SOLUSD_PERP,ask,150,9338.0
2024-08-11 20:04:00,SOLUSD_PERP,ask,150,10347.0
2024-08-11 20:04:00,SOLUSD_PERP,ask,150,7539.0
2024-08-11 20:04:00,SOLUSD_PERP,ask,150,7539.0
2024-08-11 20:04:00,SOLUSD_PERP,ask,150,7540.0
2024-08-11 20:04:00,SOLUSD_PERP,ask,150,12070.0
2024-08-11 20:04:00,SOLUSD_PERP,ask,150,7540.0
2024-08-11 20:04:00,SOLUSD_PERP,ask,150,8170.0
2024-08-11 20:04:01,SOLUSD_PERP,ask,150,7600.0
2024-08-11 20:04:01,SOLUSD_PERP,ask,150,7540.0
2024-08-11 20:04:01,SOLUSD_PERP,ask,150,8876.0
2024-08-11 20:04:01,SOLUSD_PERP,ask,150,7287.0
2024-08-11 20:04:01,SOLUSD_PERP,ask,150,7286.0
2024-08-11 20:04:01,SOLUSD_PERP,ask,150,7286.0
2024-08-11 20:04:02,SOLUSD_PERP,ask,150,7286.0
2024-08-11 20:04:02,SOLUSD_PERP,ask,150,7287.0
2024-08-11 20:04:02,SOLUSD_PERP,ask,150,6984.0
2024-08-11 20:04:02,SOLUSD_PERP,ask,150,6959.0
2024-08-11 20:04:02,SOLUSD_PERP,ask,151,20747.0
2024-08-11 20:04:02,SOLUSD_PERP,ask,150,6959.0
2024-08-11 20:04:02,SOLUSD_PERP,ask,150,6959.0
2024-08-11 20:04:03,SOLUSD_PERP,ask,150,6850.0
2024-08-11 20:04:03,SOLUSD_PERP,ask,150,7669.0
2024-08-11 20:04:04,SOLUSD_PERP,ask,150,7256.0
2024-08-11 20:04:04,SOLUSD_PERP,bid,150,7000.0
2024-08-11 20:04:05,SOLUSD_PERP,ask,150,7642.0
2024-08-11 20:04:07,SOLUSD_PERP,bid,150,6839.0
2024-08-11 20:04:08,SOLUSD_PERP,bid,147,7294.0
2024-08-11 20:04:10,SOLUSD_PERP,bid,150,12508.0
2024-08-11 20:04:10,SOLUSD_PERP,ask,150,7369.0
2024-08-11 20:04:10,SOLUSD_PERP,bid,150,7000.0
2024-08-11 20:04:10,SOLUSD_PERP,ask,150,10500.0
2024-08-11 20:04:10,SOLUSD_PERP,bid,150,7055.0
2024-08-11 20:04:10,SOLUSD_PERP,ask,151,19433.0
2024-08-11 20:04:11,SOLUSD_PERP,bid,150,8601.0
2024-08-11 20:04:11,SOLUSD_PERP,bid,150,11159.0
2024-08-11 20:04:11,SOLUSD_PERP,bid,150,10831.0
2024-08-11 20:04:13,SOLUSD_PERP,bid,150,8273.0
2024-08-11 20:04:14,SOLUSD_PERP,bid,150,7435.0
2024-08-11 20:04:15,SOLUSD_PERP,ask,151,7000.0
2024-08-11 20:04:16,SOLUSD_PERP,bid,150,7020.0
2024-08-11 20:04:16,SOLUSD_PERP,bid,149,40616.0
2024-08-11 20:04:16,SOLUSD_PERP,ask,151,7000.0
2024-08-11 20:04:17,SOLUSD_PERP,bid,149,40579.0
2024-08-11 20:04:17,SOLUSD_PERP,bid,150,7424.0
2024-08-11 20:04:19,SOLUSD_PERP,bid,150,21737.0
2024-08-11 20:04:20,SOLUSD_PERP,ask,150,6867.0
2024-08-11 20:04:20,SOLUSD_PERP,ask,150,6916.0
2024-08-11 20:04:20,SOLUSD_PERP,bid,149,35000.0
2024-08-11 20:04:20,SOLUSD_PERP,bid,150,13383.0
2024-08-11 20:04:20,SOLUSD_PERP,bid,150,10500.0
2024-08-11 20:04:21,SOLUSD_PERP,bid,150,19250.0
2024-08-11 20:04:21,SOLUSD_PERP,bid,150,12234.0
2024-08-11 20:04:21,SOLUSD_PERP,ask,151,19250.0
2024-08-11 20:04:21,SOLUSD_PERP,bid,148,7348.0
2024-08-11 20:04:21,SOLUSD_PERP,bid,150,8273.0
2024-08-11 20:04:21,SOLUSD_PERP,ask,154,7629.0
2024-08-11 20:04:21,SOLUSD_PERP,bid,148,18000.0
2024-08-11 20:04:21,SOLUSD_PERP,ask,151,8405.0
2024-08-11 20:04:21,SOLUSD_PERP,ask,151,12342.0
2024-08-11 20:04:21,SOLUSD_PERP,bid,149,40579.0
2024-08-11 20:04:22,SOLUSD_PERP,bid,150,12500.0
2024-08-11 20:04:22,SOLUSD_PERP,bid,150,8601.0
2024-08-11 20:04:22,SOLUSD_PERP,bid,150,12641.0
2024-08-11 20:04:25,SOLUSD_PERP,bid,150,8273.0
2024-08-11 20:04:25,SOLUSD_PERP,bid,149,34124.0
2024-08-11 20:04:25,SOLUSD_PERP,bid,150,10500.0
2024-08-11 20:04:26,SOLUSD_PERP,ask,151,7464.0
2024-08-11 20:04:27,SOLUSD_PERP,bid,147,169986.0
2024-08-11 20:04:30,SOLUSD_PERP,bid,150,8601.0
2024-08-11 20:04:36,SOLUSD_PERP,bid,150,8273.0
2024-08-11 20:04:39,SOLUSD_PERP,bid,150,8602.0
2024-08-11 20:04:39,SOLUSD_PERP,bid,150,8273.0
2024-08-11 20:04:41,SOLUSD_PERP,bid,150,8932.0
2024-08-11 20:04:44,SOLUSD_PERP,ask,150,6773.0
2024-08-11 20:04:45,SOLUSD_PERP,ask,150,6773.0
2024-08-11 20:04:46,SOLUSD_PERP,bid,150,7294.0
2024-08-11 20:04:47,SOLUSD_PERP,bid,150,8066.0
2024-08-11 20:04:48,SOLUSD_PERP,ask,151,12811.0
2024-08-11 20:04:48,SOLUSD_PERP,ask,150,6692.0
2024-08-11 20:04:48,SOLUSD_PERP,ask,150,6692.0
2024-08-11 20:04:49,SOLUSD_PERP,bid,150,8316.0
2024-08-11 20:04:50,SOLUSD_PERP,ask,150,8830.0
2024-08-11 20:04:50,SOLUSD_PERP,ask,150,8805.0
2024-08-11 20:04:50,SOLUSD_PERP,ask,150,7253.0
2024-08-11 20:04:51,SOLUSD_PERP,bid,143,170766.0
2024-08-11 20:04:52,SOLUSD_PERP,ask,150,8193.0
2024-08-11 20:04:53,SOLUSD_PERP,ask,150,8854.0
2024-08-11 20:04:53,SOLUSD_PERP,ask,150,7854.0
2024-08-11 20:04:54,SOLUSD_PERP,bid,150,11347.0
2024-08-11 20:04:54,SOLUSD_PERP,ask,150,9963.0
2024-08-11 20:04:54,SOLUSD_PERP,ask,150,7648.0
2024-08-11 20:04:54,SOLUSD_PERP,bid,150,10500.0
2024-08-11 20:04:54,SOLUSD_PERP,bid,150,6966.0
2024-08-11 20:04:55,SOLUSD_PERP,ask,150,8456.0
2024-08-11 20:04:56,SOLUSD_PERP,ask,152,42603.0
2024-08-11 20:04:56,SOLUSD_PERP,bid,150,7033.0
2024-08-11 20:04:56,SOLUSD_PERP,ask,150,7027.0
2024-08-11 20:04:56,SOLUSD_PERP,ask,150,7027.0
2024-08-11 20:04:58,SOLUSD_PERP,bid,150,6966.0
2024-08-11 20:04:58,SOLUSD_PERP,bid,150,8426.0
2024-08-11 20:04:58,SOLUSD_PERP,ask,150,8025.0
2024-08-11 20:04:59,SOLUSD_PERP,ask,151,29837.0
2024-08-11 20:05:00,SOLUSD_PERP,bid,150,8273.0
2024-08-11 20:05:00,SOLUSD_PERP,ask,150,10829.0
2024-08-11 20:05:01,SOLUSD_PERP,bid,150,7000.0
2024-08-11 20:05:01,SOLUSD_PERP,ask,151,7000.0
2024-08-11 20:05:01,SOLUSD_PERP,ask,150,11160.0
2024-08-11 20:05:02,SOLUSD_PERP,ask,150,6640.0
2024-08-11 20:05:02,SOLUSD_PERP,ask,150,6969.0
2024-08-11 20:05:02,SOLUSD_PERP,ask,150,11489.0
2024-08-11 20:05:02,SOLUSD_PERP,bid,150,12501.0
2024-08-11 20:05:02,SOLUSD_PERP,ask,150,6969.0
2024-08-11 20:05:07,SOLUSD_PERP,bid,149,7000.0
2024-08-11 20:05:09,SOLUSD_PERP,ask,150,7623.0
2024-08-11 20:05:10,SOLUSD_PERP,bid,149,34125.0
2024-08-11 20:05:14,SOLUSD_PERP,ask,151,34018.0
2024-08-11 20:05:15,SOLUSD_PERP,ask,151,8405.0
2024-08-11 20:05:15,SOLUSD_PERP,ask,151,12344.0
2024-08-11 20:05:17,SOLUSD_PERP,ask,150,7952.0
2024-08-11 20:05:18,SOLUSD_PERP,ask,150,8050.0
2024-08-11 20:05:19,SOLUSD_PERP,ask,151,19250.0
2024-08-11 20:05:22,SOLUSD_PERP,ask,151,7051.0
2024-08-11 20:05:23,SOLUSD_PERP,bid,150,6758.0
2024-08-11 20:05:23,SOLUSD_PERP,ask,150,7016.0
2024-08-11 20:05:24,SOLUSD_PERP,ask,151,7613.0
