2024-09-12 18:07:14,BTCUSD_PERP,bid,57500,525.71
2024-09-12 18:07:15,BTCUSD_PERP,bid,57500,526.91
2024-09-12 18:17:20,BTCUSD_PERP,bid,57500,567.08
2024-09-12 18:18:29,BTCUSD_PERP,bid,57500,567.35
2024-09-12 18:18:32,BTCUSD_PERP,bid,57500,567.49
2024-09-12 18:18:37,BTCUSD_PERP,bid,57500,567.08
2024-09-12 18:41:07,BTCUSD_PERP,bid,47000,2437.3
2024-09-12 18:47:18,BTCUSD_PERP,bid,47000,2437.52
2024-09-12 18:49:28,BTCUSD_PERP,bid,57500,567.29
2024-09-12 18:55:43,BTCUSD_PERP,bid,57500,566.99
2024-09-12 19:00:32,BTCUSD_PERP,bid,47000,2437.38
2024-09-12 19:03:51,BTCUSD_PERP,ask,58700,513.0
2024-09-12 19:03:53,BTCUSD_PERP,ask,58700,532.35
2024-09-12 19:03:55,BTCUSD_PERP,ask,58700,541.73
2024-09-12 19:03:57,BTCUSD_PERP,ask,58700,551.11
2024-09-12 19:04:27,BTCUSD_PERP,ask,58700,541.73
2024-09-12 19:04:28,BTCUSD_PERP,ask,58700,532.35
2024-09-12 19:04:30,BTCUSD_PERP,ask,58700,523.26
2024-09-12 19:04:40,BTCUSD_PERP,ask,58700,513.88
2024-09-12 19:10:12,BTCUSD_PERP,bid,57500,554.59
2024-09-12 19:13:39,BTCUSD_PERP,bid,57500,852.18
2024-09-12 19:13:39,BTCUSD_PERP,bid,57500,909.19
2024-09-12 19:15:21,BTCUSD_PERP,bid,57500,852.76
2024-09-12 19:15:21,BTCUSD_PERP,bid,57500,737.87
2024-09-12 19:15:21,BTCUSD_PERP,bid,57500,1022.1
2024-09-12 19:15:21,BTCUSD_PERP,bid,57500,1079.08
2024-09-12 19:15:21,BTCUSD_PERP,bid,57500,553.99
2024-09-12 19:15:58,BTCUSD_PERP,bid,57500,965.7
2024-09-12 19:15:58,BTCUSD_PERP,bid,57500,681.96
2024-09-12 19:16:00,BTCUSD_PERP,bid,57500,568.94
2024-09-12 19:16:00,BTCUSD_PERP,bid,57500,682.39
2024-09-12 19:16:00,BTCUSD_PERP,bid,57500,738.83
2024-09-12 19:17:17,BTCUSD_PERP,bid,57500,681.81
2024-09-12 19:17:17,BTCUSD_PERP,bid,57500,624.79
2024-09-12 19:17:17,BTCUSD_PERP,bid,57500,568.36
2024-09-12 19:17:19,BTCUSD_PERP,bid,57500,555.0
2024-09-12 19:20:06,BTCUSD_PERP,bid,57500,680.8
2024-09-12 19:20:06,BTCUSD_PERP,bid,57500,737.78
2024-09-12 19:22:30,BTCUSD_PERP,bid,57500,567.57
2024-09-12 19:30:00,BTCUSD_PERP,bid,57500,566.54
2024-09-12 19:30:06,BTCUSD_PERP,bid,57500,794.52
2024-09-12 19:30:14,BTCUSD_PERP,bid,57500,681.68
2024-09-12 19:30:15,BTCUSD_PERP,bid,57500,624.68
2024-09-12 19:30:41,BTCUSD_PERP,bid,57500,567.08
2024-09-12 19:31:05,BTCUSD_PERP,bid,57400,679.46
2024-09-12 19:31:41,BTCUSD_PERP,bid,57400,566.22
2024-09-12 19:31:43,BTCUSD_PERP,bid,57500,566.56
2024-09-12 19:31:43,BTCUSD_PERP,bid,57500,680.46
2024-09-12 19:31:43,BTCUSD_PERP,bid,57500,737.41
2024-09-12 19:31:43,BTCUSD_PERP,bid,57500,794.36
2024-09-12 19:31:43,BTCUSD_PERP,bid,57500,850.74
2024-09-12 19:31:51,BTCUSD_PERP,bid,57500,737.5
2024-09-12 19:31:51,BTCUSD_PERP,bid,57500,681.12
2024-09-12 19:31:51,BTCUSD_PERP,bid,57500,624.17
2024-09-12 19:31:52,BTCUSD_PERP,bid,57500,623.89
2024-09-12 19:31:52,BTCUSD_PERP,bid,57500,680.88
2024-09-12 19:31:52,BTCUSD_PERP,bid,57500,737.87
2024-09-12 19:32:00,BTCUSD_PERP,bid,57500,737.48
2024-09-12 19:32:15,BTCUSD_PERP,bid,57500,567.76
2024-09-12 19:32:15,BTCUSD_PERP,bid,57500,737.09
2024-09-12 19:32:16,BTCUSD_PERP,bid,57500,794.02
2024-09-12 19:32:25,BTCUSD_PERP,bid,57500,737.19
2024-09-12 19:32:25,BTCUSD_PERP,bid,57500,680.26
2024-09-12 19:32:25,BTCUSD_PERP,bid,57500,623.91
2024-09-12 19:32:26,BTCUSD_PERP,bid,57400,623.48
2024-09-12 19:32:26,BTCUSD_PERP,bid,57400,679.8
2024-09-12 19:32:26,BTCUSD_PERP,bid,57400,793.02
2024-09-12 19:32:41,BTCUSD_PERP,bid,57400,795.08
2024-09-12 19:33:27,BTCUSD_PERP,bid,57400,679.66
2024-09-12 19:33:28,BTCUSD_PERP,bid,57400,736.5
2024-09-12 19:33:37,BTCUSD_PERP,bid,57400,622.82
2024-09-12 19:34:13,BTCUSD_PERP,bid,57400,622.72
2024-09-12 19:35:02,BTCUSD_PERP,bid,57400,623.15
2024-09-12 19:36:20,BTCUSD_PERP,bid,57400,565.45
2024-09-12 19:36:56,BTCUSD_PERP,bid,57300,621.91
2024-09-12 19:36:56,BTCUSD_PERP,bid,57300,678.72
2024-09-12 19:37:09,BTCUSD_PERP,bid,57300,792.21
2024-09-12 19:37:09,BTCUSD_PERP,bid,57300,848.99
2024-09-12 19:37:09,BTCUSD_PERP,bid,57300,792.79
2024-09-12 19:39:07,BTCUSD_PERP,bid,57200,564.97
2024-09-12 19:39:07,BTCUSD_PERP,bid,57200,621.64
2024-09-12 19:39:35,BTCUSD_PERP,bid,57200,621.52
2024-09-12 19:40:22,BTCUSD_PERP,bid,57200,564.85
2024-09-12 19:42:33,BTCUSD_PERP,bid,57200,621.67
2024-09-12 19:42:33,BTCUSD_PERP,bid,57200,678.35
2024-09-12 19:42:39,BTCUSD_PERP,bid,57200,621.67
2024-09-12 19:42:39,BTCUSD_PERP,bid,57200,564.99
2024-09-12 19:45:40,BTCUSD_PERP,bid,57300,564.6
2024-09-12 19:45:40,BTCUSD_PERP,bid,57300,620.77
2024-09-12 19:45:40,BTCUSD_PERP,bid,57300,734.27
2024-09-12 19:47:10,BTCUSD_PERP,bid,57200,733.82
2024-09-12 19:47:16,BTCUSD_PERP,bid,57200,677.69
2024-09-12 19:47:16,BTCUSD_PERP,bid,57200,564.25
2024-09-12 19:47:18,BTCUSD_PERP,bid,57200,564.58
2024-09-12 19:47:18,BTCUSD_PERP,bid,57200,790.18
2024-09-12 19:47:18,BTCUSD_PERP,bid,57200,846.29
2024-09-12 19:47:36,BTCUSD_PERP,bid,57200,790.18
2024-09-12 19:47:36,BTCUSD_PERP,bid,57200,733.49
2024-09-12 19:47:36,BTCUSD_PERP,bid,57200,620.69
2024-09-12 19:47:36,BTCUSD_PERP,bid,57200,564.28
2024-09-12 19:48:19,BTCUSD_PERP,bid,57200,620.04
2024-09-12 19:51:37,BTCUSD_PERP,bid,57200,565.26
2024-09-12 19:51:47,BTCUSD_PERP,bid,57200,621.63
2024-09-12 19:51:52,BTCUSD_PERP,bid,57200,564.96
2024-09-12 19:52:49,BTCUSD_PERP,bid,57200,621.43
2024-09-12 19:53:59,BTCUSD_PERP,bid,57200,564.86
2024-09-12 19:56:21,BTCUSD_PERP,bid,57100,550.01
2024-09-12 19:57:17,BTCUSD_PERP,bid,57100,563.88
2024-09-12 19:57:17,BTCUSD_PERP,bid,57100,620.5
2024-09-12 20:00:37,BTCUSD_PERP,bid,57100,563.88
2024-09-12 20:00:38,BTCUSD_PERP,bid,57100,563.58
2024-09-12 20:00:38,BTCUSD_PERP,bid,57100,619.59
2024-09-12 20:00:38,BTCUSD_PERP,bid,57100,676.18
2024-09-12 20:00:38,BTCUSD_PERP,bid,57100,901.38
2024-09-12 20:00:47,BTCUSD_PERP,bid,57100,900.8
2024-09-12 20:00:47,BTCUSD_PERP,bid,57100,957.36
2024-09-12 20:01:00,BTCUSD_PERP,bid,57100,788.1
2024-09-12 20:01:00,BTCUSD_PERP,bid,57100,844.69
2024-09-12 20:01:31,BTCUSD_PERP,bid,57100,957.29
2024-09-12 20:01:31,BTCUSD_PERP,bid,57100,1013.88
2024-09-12 20:02:34,BTCUSD_PERP,bid,57100,957.29
2024-09-12 20:02:34,BTCUSD_PERP,bid,57100,901.28
2024-09-12 20:02:34,BTCUSD_PERP,bid,57100,844.69
2024-09-12 20:02:34,BTCUSD_PERP,bid,57100,732.09
2024-09-12 20:02:34,BTCUSD_PERP,bid,57100,675.5
2024-09-12 20:02:34,BTCUSD_PERP,bid,57100,619.49
2024-09-12 20:02:35,BTCUSD_PERP,bid,57100,563.48
2024-09-12 20:18:49,BTCUSD_PERP,bid,57100,563.35
2024-09-12 20:18:59,BTCUSD_PERP,bid,57100,577.06
2024-09-12 20:19:00,BTCUSD_PERP,bid,57100,579.11
2024-09-12 20:19:59,BTCUSD_PERP,bid,57100,565.4
2024-09-12 20:20:02,BTCUSD_PERP,bid,57100,563.35
