1726531341716,ETHUSDT,bid,2230,4721.575
1726531635216,ETHUSDT,bid,2210,10251.475
1726531635216,ETHUSDT,bid,2220,14732.805
1726531635216,ETHUSDT,bid,2230,4721.585
1726531653635,ETHUSDT,bid,1700,6047.023
1726531660173,ETHUSDT,bid,2260,10053.113
1726531665627,ETHUSDT,bid,2260,10059.734
1726531678007,ETHUSDT,bid,2260,10060.308
1726531692370,ETHUSDT,bid,2260,10069.14
1726531713932,ETHUSDT,bid,2240,4551.022
1726531745664,ETHUSDT,bid,2250,10196.96
1726531746173,ETHUSDT,bid,2250,10182.326
1726531746583,ETHUSDT,bid,2250,10167.692
1726531747505,ETHUSDT,bid,2250,10153.058
1726531758507,ETHUSDT,bid,2260,10068.257
1726531840205,ETHUSDT,bid,2240,4550.357
1726531925324,ETHUSDT,bid,2260,10061.636
1726531946755,ETHUSDT,bid,2240,10266.575
1726531978031,ETHUSDT,bid,2260,10061.062
1726531992945,ETHUSDT,bid,2260,10052.23
1726532185666,ETHUSDT,bid,2250,10153.501
1726532201770,ETHUSDT,bid,2250,10153.058
1726532232807,ETHUSDT,bid,2230,10080.424
1726532321951,ETHUSDT,bid,2240,4550.22
1726532361970,ETHUSDT,bid,2250,10157.492
1726532376976,ETHUSDT,bid,2220,14732.636
1726532561147,ETHUSDT,bid,2240,4572.076
1726532561340,ETHUSDT,bid,2230,10080.434
1726532564939,ETHUSDT,bid,2250,10158.189
1726532626957,ETHUSDT,bid,2250,10153.755
1726532738688,ETHUSDT,bid,2220,14732.502
1726532765134,ETHUSDT,bid,2230,4717.782
1726532809006,ETHUSDT,bid,1700,6046.723
1726532819170,ETHUSDT,bid,2220,14732.452
1726532903279,ETHUSDT,bid,2240,4575.076
1726532903593,ETHUSDT,bid,2260,10054.439
1726532907800,ETHUSDT,bid,2260,10076.322
1726532908506,ETHUSDT,bid,2240,4572.076
1726532919647,ETHUSDT,bid,2260,10074.113
1726532930279,ETHUSDT,bid,2230,4717.282
1726532952116,ETHUSDT,bid,2230,10080.358
1726532988069,ETHUSDT,bid,2260,10052.23
1726533072974,ETHUSDT,bid,2260,10050.823
1726533272947,ETHUSDT,bid,2240,10299.988
1726533273251,ETHUSDT,bid,2240,10308.897
1726533310125,ETHUSDT,bid,2260,10050.647
1726533359448,ETHUSDT,bid,2220,4507.859
1726533372766,ETHUSDT,bid,2240,10309.897
1726533406419,ETHUSDT,bid,2240,10309.926
1726533416709,ETHUSDT,bid,2250,10157.636
1726533427171,ETHUSDT,bid,1700,6046.223
1726533456182,ETHUSDT,bid,2250,10159.636
1726533572968,ETHUSDT,bid,2240,10276.513
1726533573483,ETHUSDT,bid,2240,10267.604
1726533728304,ETHUSDT,bid,2230,4717.671
1726533775436,ETHUSDT,bid,2260,10050.868
1726533784033,ETHUSDT,bid,2240,10267.187
1726533914007,ETHUSDT,bid,2240,4572.187
1726533979716,ETHUSDT,bid,2240,4572.076
1726533991320,ETHUSDT,bid,2240,4550.22
1726534005318,ETHUSDT,bid,2230,4717.275
1726534006024,ETHUSDT,bid,2230,10080.371
1726534096836,ETHUSDT,bid,2260,10050.647
1726534110633,ETHUSDT,bid,2220,14732.094
1726534125481,ETHUSDT,bid,2230,10080.343
1726534125481,ETHUSDT,bid,2250,10159.608
1726534179161,ETHUSDT,bid,2250,10161.141
1726534203246,ETHUSDT,bid,2250,10161.274
1726534252565,ETHUSDT,bid,2250,10166.274
1726534266906,ETHUSDT,bid,2230,10085.343
1726534311907,ETHUSDT,bid,2240,4550.816
1726534362159,ETHUSDT,bid,2240,4565.54
1726534363569,ETHUSDT,bid,2240,10067.187
1726534404131,ETHUSDT,bid,2240,4565.652
1726534445261,ETHUSDT,bid,2240,10067.158
1726534456694,ETHUSDT,bid,2230,4717.384
1726534456694,ETHUSDT,bid,2250,10166.382
1726534481188,ETHUSDT,bid,2240,10075.989
1726534498469,ETHUSDT,bid,2260,10053.108
1726534499383,ETHUSDT,bid,2260,10052.835
1726534500001,ETHUSDT,bid,2230,4732.277
1726534500510,ETHUSDT,bid,2260,10050.647
1726534502849,ETHUSDT,bid,2260,10050.92
1726534503764,ETHUSDT,bid,2260,10050.647
1726534512465,ETHUSDT,bid,2250,10168.382
1726534522388,ETHUSDT,bid,2230,4734.759
1726534537618,ETHUSDT,bid,2260,10056.182
1726534544422,ETHUSDT,bid,2220,14732.535
1726534556913,ETHUSDT,bid,2260,10060.321
1726534561929,ETHUSDT,bid,2240,10076.523
1726534566752,ETHUSDT,bid,2240,4550.928
1726534567464,ETHUSDT,bid,2220,14732.094
1726534571853,ETHUSDT,bid,2240,10067.692
1726534571954,ETHUSDT,bid,2240,10067.158
1726534585327,ETHUSDT,bid,2220,14746.924
1726534588178,ETHUSDT,bid,2230,4729.759
1726534592251,ETHUSDT,bid,2260,10060.583
1726534592659,ETHUSDT,bid,2260,10060.601
1726534593166,ETHUSDT,bid,2260,10060.583
1726534608462,ETHUSDT,bid,2230,4729.459
1726534616051,ETHUSDT,bid,2220,14747.133
1726534697753,ETHUSDT,bid,2230,4729.236
1726534722879,ETHUSDT,bid,2220,14732.303
1726534770140,ETHUSDT,bid,2210,10251.666
1726534801677,ETHUSDT,bid,2220,14732.977
1726534879496,ETHUSDT,bid,2260,10056.182
1726534890704,ETHUSDT,bid,2250,10168.382
1726534900536,ETHUSDT,bid,2260,10059.039
1726534910268,ETHUSDT,bid,2260,10056.182
1726534912820,ETHUSDT,bid,2220,14743.573
1726534961225,ETHUSDT,bid,2220,14743.564
1726534968750,ETHUSDT,bid,2210,10251.475
1726534975575,ETHUSDT,bid,2250,10168.57
1726535012621,ETHUSDT,bid,2240,4568.171
1726535027248,ETHUSDT,bid,2220,14743.524
1726535030218,ETHUSDT,bid,2220,14744.22
1726535052150,ETHUSDT,bid,2240,4550.332
1726535103340,ETHUSDT,bid,2260,10059.634
1726535107119,ETHUSDT,bid,2260,10056.182
1726535108131,ETHUSDT,bid,2210,10251.175
1726535209023,ETHUSDT,bid,2250,10168.876
1726535213849,ETHUSDT,bid,2220,14744.354
1726535226790,ETHUSDT,bid,2220,14738.761
1726535289942,ETHUSDT,bid,2250,10163.876
1726535325525,ETHUSDT,bid,2220,14738.552
1726535325525,ETHUSDT,bid,2230,4729.444
1726535354237,ETHUSDT,ask,2270,7524.152
1726535354336,ETHUSDT,ask,2270,7411.114
1726535354443,ETHUSDT,ask,2270,6530.633
1726535354544,ETHUSDT,ask,2270,6514.735
1726535354645,ETHUSDT,ask,2270,6530.769
1726535354746,ETHUSDT,ask,2270,6496.07
1726535354847,ETHUSDT,ask,2270,6490.041
1726535373282,ETHUSDT,ask,2270,9502.679
1726535373383,ETHUSDT,ask,2270,9475.202
1726535373484,ETHUSDT,ask,2270,9472.103
1726535373585,ETHUSDT,ask,2270,9472.385
1726535373686,ETHUSDT,ask,2270,9478.187
1726535373787,ETHUSDT,ask,2270,9475.317
1726535373886,ETHUSDT,ask,2270,9472.385
1726535374191,ETHUSDT,ask,2270,9473.105
1726535421742,ETHUSDT,bid,2220,14736.552
1726535441576,ETHUSDT,bid,2250,10165.076
1726535442389,ETHUSDT,ask,2270,7998.409
1726535442496,ETHUSDT,ask,2270,7978.386
1726535442597,ETHUSDT,ask,2270,7975.713
1726535442698,ETHUSDT,ask,2270,7973.913
1726535442799,ETHUSDT,ask,2270,6940.963
1726535442900,ETHUSDT,bid,2260,10067.248
1726535442900,ETHUSDT,ask,2270,6791.099
1726535443407,ETHUSDT,ask,2270,6788.418
1726535443507,ETHUSDT,ask,2270,6788.418
1726535443918,ETHUSDT,bid,2260,10067.608
1726535444940,ETHUSDT,ask,2270,6786.218
1726535445145,ETHUSDT,ask,2270,6794.598
1726535445245,ETHUSDT,ask,2270,6794.552
1726535445756,ETHUSDT,ask,2270,6783.218
1726535446498,ETHUSDT,ask,2270,6675.47
1726535446699,ETHUSDT,ask,2270,6675.887
1726535446903,ETHUSDT,ask,2270,6675.897
1726535447105,ETHUSDT,ask,2270,6686.494
1726535447209,ETHUSDT,ask,2270,6692.462
1726535447316,ETHUSDT,ask,2270,6692.462
1726535447420,ETHUSDT,ask,2270,6704.134
1726535447516,ETHUSDT,ask,2270,6717.259
1726535447623,ETHUSDT,ask,2270,6709.106
1726535447727,ETHUSDT,ask,2270,6712.729
1726535447928,ETHUSDT,ask,2270,6690.108
1726535448765,ETHUSDT,ask,2270,6690.099
1726535450753,ETHUSDT,ask,2270,6700.881
1726535450979,ETHUSDT,ask,2270,6690.099
1726535451389,ETHUSDT,ask,2270,6700.839
1726535451790,ETHUSDT,ask,2270,6690.099
1726535452628,ETHUSDT,ask,2270,6529.426
1726535452728,ETHUSDT,ask,2270,6569.386
1726535452832,ETHUSDT,ask,2270,6569.294
1726535452931,ETHUSDT,bid,2220,14737.052
1726535452931,ETHUSDT,ask,2270,6569.294
1726535453037,ETHUSDT,ask,2270,6568.848
1726535453137,ETHUSDT,ask,2270,6570.607
1726535453239,ETHUSDT,ask,2270,6588.216
1726535453331,ETHUSDT,ask,2270,6588.225
1726535453443,ETHUSDT,ask,2270,6588.314
1726535453547,ETHUSDT,ask,2270,6588.402
1726535453655,ETHUSDT,ask,2270,6587.516
1726535453762,ETHUSDT,ask,2270,6587.443
1726535454072,ETHUSDT,ask,2270,6587.213
1726535454164,ETHUSDT,ask,2270,6587.196
1726535454281,ETHUSDT,ask,2270,6587.519
1726535454377,ETHUSDT,ask,2270,6587.031
1726535454503,ETHUSDT,ask,2270,6587.014
1726535454602,ETHUSDT,ask,2270,6587.102
1726535454706,ETHUSDT,ask,2270,6587.102
1726535454805,ETHUSDT,ask,2270,6586.917
1726535454916,ETHUSDT,ask,2270,6586.857
1726535455019,ETHUSDT,ask,2270,6582.588
1726535455121,ETHUSDT,ask,2270,6580.851
1726535455224,ETHUSDT,ask,2270,6574.566
1726535455321,ETHUSDT,ask,2270,6561.592
1726535455428,ETHUSDT,ask,2270,6561.219
1726535455528,ETHUSDT,ask,2270,6561.219
1726535455628,ETHUSDT,ask,2270,6561.241
1726535455729,ETHUSDT,ask,2270,6560.88
1726535455833,ETHUSDT,ask,2270,6560.748
1726535455934,ETHUSDT,ask,2270,6554.555
1726535456023,ETHUSDT,ask,2270,6551.239
1726535456143,ETHUSDT,ask,2270,6549.074
1726535456239,ETHUSDT,ask,2270,6550.797
1726535456348,ETHUSDT,ask,2270,6550.62
1726535456987,ETHUSDT,ask,2270,6550.708
1726535457091,ETHUSDT,ask,2270,6550.62
1726535457201,ETHUSDT,ask,2270,6550.551
1726535457302,ETHUSDT,ask,2270,6550.291
1726535457403,ETHUSDT,bid,2260,10067.248
1726535457507,ETHUSDT,ask,2270,6550.416
1726535457605,ETHUSDT,ask,2270,6550.5
1726535457710,ETHUSDT,ask,2270,6550.588
1726535457811,ETHUSDT,ask,2270,6548.971
1726535457910,ETHUSDT,ask,2270,6549.181
1726535458218,ETHUSDT,ask,2270,6549.046
1726535458326,ETHUSDT,ask,2270,6549.093
1726535458426,ETHUSDT,ask,2270,6549.035
1726535458528,ETHUSDT,ask,2270,6548.646
1726535458640,ETHUSDT,ask,2270,6546.319
1726535458845,ETHUSDT,ask,2270,6543.169
1726535458946,ETHUSDT,ask,2270,6536.554
1726535459040,ETHUSDT,ask,2270,6536.48
1726535459143,ETHUSDT,ask,2270,6535.882
1726535459259,ETHUSDT,ask,2270,6535.88
1726535459367,ETHUSDT,ask,2270,6535.903
1726535459468,ETHUSDT,ask,2270,6530.276
1726535459771,ETHUSDT,ask,2270,6528.172
1726535460891,ETHUSDT,ask,2270,6528.163
1726535461405,ETHUSDT,ask,2270,6528.163
1726535461912,ETHUSDT,ask,2270,6531.053
1726535462014,ETHUSDT,ask,2270,6531.14
1726535462115,ETHUSDT,ask,2270,6531.164
1726535462218,ETHUSDT,ask,2270,6532.856
1726535462418,ETHUSDT,ask,2270,6532.838
1726535462626,ETHUSDT,ask,2270,6526.938
1726535462725,ETHUSDT,ask,2270,6525.138
1726535467114,ETHUSDT,bid,2250,10164.725
1726535492119,ETHUSDT,bid,2220,14737.726
1726535519606,ETHUSDT,bid,2260,10067.992
1726535526154,ETHUSDT,bid,2250,10172.216
1726535531172,ETHUSDT,bid,2260,10067.248
1726535535680,ETHUSDT,bid,2260,10067.418
1726535543471,ETHUSDT,bid,2260,10067.43
1726535544494,ETHUSDT,bid,2230,4714.551
1726535545606,ETHUSDT,bid,2260,10067.418
1726535547020,ETHUSDT,bid,2260,10068.248
1726535547121,ETHUSDT,bid,2260,10068.248
1726535547222,ETHUSDT,bid,2260,10075.233
1726535549460,ETHUSDT,bid,2260,10068.248
1726535549765,ETHUSDT,bid,2260,10068.248
1726535550170,ETHUSDT,bid,2260,10068.257
1726535551794,ETHUSDT,bid,2260,10068.248
1726535552504,ETHUSDT,bid,2240,4550.368
1726535558652,ETHUSDT,bid,2260,10068.257
1726535558853,ETHUSDT,bid,2260,10068.617
1726535562229,ETHUSDT,bid,2260,10068.608
1726535565586,ETHUSDT,bid,2250,10164.725
1726535569694,ETHUSDT,bid,2260,10068.248
1726535582317,ETHUSDT,bid,2210,10256.175
1726535586107,ETHUSDT,bid,2260,10102.988
1726535587027,ETHUSDT,bid,2260,10103.088
1726535588044,ETHUSDT,bid,2260,10068.348
1726535599005,ETHUSDT,bid,2260,10068.357
1726535599719,ETHUSDT,bid,2250,10169.709
1726535600329,ETHUSDT,bid,2260,10068.798
1726535600840,ETHUSDT,bid,2220,14738.726
1726535600936,ETHUSDT,bid,2260,10068.357
1726535605429,ETHUSDT,bid,2260,10068.357
1726535611377,ETHUSDT,bid,2260,10068.348
1726535623178,ETHUSDT,bid,2260,10068.357
1726535625137,ETHUSDT,bid,2260,10068.357
1726535627087,ETHUSDT,bid,2260,10070.309
1726535628102,ETHUSDT,bid,2220,14742.769
1726535628405,ETHUSDT,bid,2260,10069.167
1726535629415,ETHUSDT,bid,2220,14738.726
1726535629617,ETHUSDT,bid,2260,8820.302
1726535631639,ETHUSDT,bid,2260,8504.868
1726535631843,ETHUSDT,bid,2260,8482.668
1726535631944,ETHUSDT,bid,2240,4554.703
1726535632858,ETHUSDT,bid,2260,8130.692
1726535633067,ETHUSDT,bid,2250,10169.929
1726535633169,ETHUSDT,bid,2260,8130.72
1726535633270,ETHUSDT,bid,2260,8130.71
1726535633372,ETHUSDT,bid,2260,8130.701
1726535634187,ETHUSDT,bid,2260,8130.711
1726535634696,ETHUSDT,bid,2260,8130.698
1726535635100,ETHUSDT,bid,2260,8130.713
1726535635405,ETHUSDT,bid,2250,10172.929
1726535635808,ETHUSDT,bid,2240,4554.717
1726535636319,ETHUSDT,bid,2260,8130.171
1726535637238,ETHUSDT,bid,2260,8131.702
1726535638473,ETHUSDT,bid,2260,8130.171
1726535638878,ETHUSDT,bid,2260,8131.171
1726535639082,ETHUSDT,bid,2260,8131.285
1726535640102,ETHUSDT,bid,2260,8131.318
1726535641013,ETHUSDT,bid,2260,8131.733
1726535642135,ETHUSDT,bid,2260,8131.329
1726535643464,ETHUSDT,bid,2250,10172.709
1726535644180,ETHUSDT,bid,2260,8131.429
1726535645098,ETHUSDT,bid,2260,8131.418
1726535645304,ETHUSDT,bid,2260,8131.318
1726535645405,ETHUSDT,bid,2260,8136.318
1726535645911,ETHUSDT,bid,2260,8136.46
1726535646013,ETHUSDT,bid,2230,4715.119
1726535646013,ETHUSDT,bid,2260,8139.46
1726535646216,ETHUSDT,bid,2260,8136.46
1726535646622,ETHUSDT,bid,2260,8137.46
1726535647332,ETHUSDT,bid,2260,8136.438
1726535648055,ETHUSDT,bid,2260,8136.798
1726535648156,ETHUSDT,bid,2260,8150.018
1726535648257,ETHUSDT,bid,2260,8136.986
1726535648354,ETHUSDT,bid,2260,8140.586
1726535648459,ETHUSDT,bid,2260,8137.398
1726535649069,ETHUSDT,bid,2260,8137.398
1726535649275,ETHUSDT,bid,2260,8150.737
1726535649675,ETHUSDT,bid,2250,10174.942
1726535649675,ETHUSDT,bid,2260,8150.6
1726535650906,ETHUSDT,bid,2260,8137.411
1726535651007,ETHUSDT,bid,2260,8137.424
1726535652568,ETHUSDT,bid,2260,8138.308
1726535653074,ETHUSDT,bid,2260,8142.727
1726535653893,ETHUSDT,bid,2260,8145.727
1726535654002,ETHUSDT,bid,2260,8142.727
1726535654102,ETHUSDT,bid,2260,8157.27
1726535654306,ETHUSDT,bid,2260,8142.727
1726535654406,ETHUSDT,bid,2260,8145.727
1726535654716,ETHUSDT,bid,2260,8142.727
1726535655021,ETHUSDT,bid,2260,8143.169
1726535655343,ETHUSDT,bid,2260,8146.169
1726535656163,ETHUSDT,bid,2260,8141.75
1726535657587,ETHUSDT,bid,2260,8138.718
1726535659617,ETHUSDT,bid,2260,8134.721
1726535660235,ETHUSDT,bid,2260,8133.888
1726535662194,ETHUSDT,bid,2260,8133.898
1726535662298,ETHUSDT,bid,2250,10175.942
1726535662501,ETHUSDT,bid,2260,8136.888
1726535662907,ETHUSDT,bid,2260,8138.307
1726535663726,ETHUSDT,bid,2260,8136.752
1726535663827,ETHUSDT,bid,2260,8136.137
1726535663930,ETHUSDT,bid,2260,8135.86
1726535664447,ETHUSDT,bid,2260,8133.373
1726535665160,ETHUSDT,bid,2260,8133.259
1726535665668,ETHUSDT,bid,2260,8136.259
1726535667195,ETHUSDT,bid,2260,8136.159
1726535668322,ETHUSDT,bid,2260,8136.212
1726535669956,ETHUSDT,bid,2260,8138.975
1726535670262,ETHUSDT,bid,2260,8144.113
1726535670465,ETHUSDT,bid,2260,8152.113
1726535672207,ETHUSDT,bid,2260,8147.695
1726535674151,ETHUSDT,bid,2260,8150.243
1726535674249,ETHUSDT,bid,2260,8150.383
1726535675614,ETHUSDT,bid,2260,8150.523
1726535675825,ETHUSDT,bid,2260,8149.923
1726535681501,ETHUSDT,bid,2250,10176.442
1726535682111,ETHUSDT,bid,2260,8151.873
1726535683863,ETHUSDT,bid,2260,8148.42
1726535687044,ETHUSDT,bid,2260,8147.315
1726535689209,ETHUSDT,bid,2260,8158.049
1726535691773,ETHUSDT,bid,2260,8150.078
1726535692184,ETHUSDT,bid,2260,8152.078
1726535692386,ETHUSDT,bid,2260,8152.649
1726535696584,ETHUSDT,bid,2260,8152.078
1726535696790,ETHUSDT,bid,2260,8174.455
1726535696891,ETHUSDT,bid,2260,8149.315
1726535703320,ETHUSDT,bid,2260,8144.895
1726535703724,ETHUSDT,bid,2230,4715.109
1726535704643,ETHUSDT,bid,2230,4715.119
1726535704944,ETHUSDT,bid,2220,14738.736
1726535705868,ETHUSDT,bid,2260,8145.331
1726535707817,ETHUSDT,bid,2260,8145.191
1726535707918,ETHUSDT,bid,2260,8145.137
1726535708941,ETHUSDT,bid,2230,4714.911
1726535711387,ETHUSDT,bid,2260,8145.557
1726535714282,ETHUSDT,bid,2260,8145.115
1726535715504,ETHUSDT,bid,2260,8145.262
1726535717145,ETHUSDT,bid,2260,8145.115
1726535718061,ETHUSDT,bid,2260,8145.262
1726535718364,ETHUSDT,bid,2260,8145.173
1726535718566,ETHUSDT,bid,2260,8146.173
1726535718662,ETHUSDT,bid,2260,8147.797
1726535720805,ETHUSDT,bid,2260,8146.797
1726535721011,ETHUSDT,bid,2260,8147.797
1726535723375,ETHUSDT,bid,2260,8145.293
1726535725429,ETHUSDT,bid,2230,4714.934
1726535725530,ETHUSDT,bid,2260,8145.287
1726535731153,ETHUSDT,bid,2260,8147.287
1726535731761,ETHUSDT,bid,2240,4555.451
1726535734322,ETHUSDT,bid,2260,8147.287
1726535738214,ETHUSDT,bid,2250,10178.101
1726535739144,ETHUSDT,bid,2260,8148.556
1726535742029,ETHUSDT,bid,2250,10178.124
1726535742333,ETHUSDT,bid,2220,14739.046
1726535743150,ETHUSDT,bid,2260,8145.556
1726535757509,ETHUSDT,bid,2220,14739.146
1726535758722,ETHUSDT,bid,2260,8144.566
1726535762620,ETHUSDT,bid,2260,8144.581
1726535762721,ETHUSDT,bid,2260,8145.581
1726535763634,ETHUSDT,bid,2260,8143.146
1726535764142,ETHUSDT,bid,2260,8143.155
1726535765057,ETHUSDT,bid,2260,8142.155
1726535765460,ETHUSDT,bid,2260,8143.155
1726535765883,ETHUSDT,bid,2260,8143.146
1726535765985,ETHUSDT,bid,2260,8143.146
1726535767011,ETHUSDT,bid,2260,8174.011
1726535768948,ETHUSDT,bid,2260,8174.171
1726535771495,ETHUSDT,bid,2260,8174.225
1726535771597,ETHUSDT,bid,2260,8143.36
1726535772923,ETHUSDT,bid,2260,8142.091
1726535773128,ETHUSDT,bid,2260,8144.369
1726535773333,ETHUSDT,bid,2240,4554.951
1726535774662,ETHUSDT,bid,2260,8143.369
1726535775558,ETHUSDT,bid,2260,8143.359
1726535775991,ETHUSDT,bid,2260,8147.779
1726535776708,ETHUSDT,bid,2260,8147.679
1726535778982,ETHUSDT,bid,2260,8147.519
1726535779796,ETHUSDT,bid,2260,8147.54
1726535780303,ETHUSDT,bid,2260,8147.567
1726535780405,ETHUSDT,bid,2260,8148.558
1726535781418,ETHUSDT,bid,2260,8148.668
1726535783255,ETHUSDT,bid,2260,8148.93
1726535786648,ETHUSDT,bid,2230,4719.934
1726535789511,ETHUSDT,bid,2260,8148.939
1726535791164,ETHUSDT,bid,2260,8154.951
1726535792075,ETHUSDT,bid,2260,8154.689
1726535792484,ETHUSDT,bid,2260,8148.677
1726535801645,ETHUSDT,bid,2260,8148.668
1726535802464,ETHUSDT,bid,2260,8148.677
1726535802559,ETHUSDT,bid,2260,8149.82
1726535803792,ETHUSDT,bid,2260,8149.811
1726535805536,ETHUSDT,bid,2260,8184.578
1726535811289,ETHUSDT,bid,2260,8184.569
1726535811390,ETHUSDT,bid,2260,8149.811
1726535813731,ETHUSDT,bid,2260,8150.073
1726535819183,ETHUSDT,bid,2260,8150.376
1726535819384,ETHUSDT,bid,2260,8150.096
1726535820207,ETHUSDT,bid,2250,10180.988
1726535823470,ETHUSDT,bid,2260,8150.151
1726535828671,ETHUSDT,bid,2260,8281.451
1726535828777,ETHUSDT,bid,2250,10178.988
1726535829696,ETHUSDT,bid,2260,8280.451
1726535830101,ETHUSDT,bid,2250,10176.124
1726535840216,ETHUSDT,bid,2230,4721.934
1726535848582,ETHUSDT,bid,2220,14741.146
1726535852255,ETHUSDT,bid,2250,10176.524
1726535861838,ETHUSDT,bid,2260,8149.151
1726535862951,ETHUSDT,bid,2260,8149.16
1726535863665,ETHUSDT,bid,2260,8149.151
1726535868586,ETHUSDT,bid,2260,8149.16
1726535868794,ETHUSDT,bid,2260,8149.151
1726535869000,ETHUSDT,bid,2260,8149.16
1726535869305,ETHUSDT,bid,2260,8149.151
1726535871264,ETHUSDT,bid,2260,8149.175
1726535871569,ETHUSDT,bid,2260,8149.184
1726535872290,ETHUSDT,bid,2260,8149.175
1726535874446,ETHUSDT,bid,2260,8149.184
1726535875598,ETHUSDT,bid,2260,8149.175
1726535876107,ETHUSDT,bid,2260,8149.184
1726535880212,ETHUSDT,bid,2260,8149.175
1726535881639,ETHUSDT,bid,2250,10176.569
1726535882060,ETHUSDT,bid,2210,10256.471
1726535882469,ETHUSDT,bid,2260,8149.184
1726535884396,ETHUSDT,bid,2260,8148.922
1726535884903,ETHUSDT,bid,2260,8180.623
1726535885307,ETHUSDT,bid,2220,14746.089
1726535885811,ETHUSDT,bid,2260,8149.976
1726535886019,ETHUSDT,bid,2260,8149.976
1726535887248,ETHUSDT,bid,2260,8150.13
1726535888573,ETHUSDT,bid,2260,8150.63
1726535893305,ETHUSDT,bid,2260,8151.73
1726535895283,ETHUSDT,bid,2260,8151.676
1726535895891,ETHUSDT,bid,2260,8151.522
1726535898168,ETHUSDT,bid,2260,8292.99
1726535898269,ETHUSDT,bid,2260,8151.522
1726535903568,ETHUSDT,bid,2260,8151.576
1726535904909,ETHUSDT,bid,2210,10259.471
1726535906850,ETHUSDT,bid,2260,8151.522
1726535908175,ETHUSDT,bid,2260,8151.692
1726535910208,ETHUSDT,bid,2210,10256.471
1726535912562,ETHUSDT,bid,2260,8151.522
1726535915449,ETHUSDT,bid,2210,10259.471
1726535920783,ETHUSDT,bid,2210,10256.471
1726535922204,ETHUSDT,bid,2230,4716.934
1726535926445,ETHUSDT,bid,2260,8151.522
1726535928182,ETHUSDT,bid,2260,8170.648
1726535928487,ETHUSDT,bid,2260,8151.522
1726535930793,ETHUSDT,bid,2250,10179.437
1726535932133,ETHUSDT,bid,2260,8150.522
1726535935306,ETHUSDT,bid,2260,8150.522
1726535937879,ETHUSDT,bid,2260,8151.522
1726535938082,ETHUSDT,bid,2260,8156.91
1726535940434,ETHUSDT,bid,2250,10176.569
1726535940638,ETHUSDT,bid,2250,10297.274
1726535941759,ETHUSDT,bid,2260,8166.474
1726535941860,ETHUSDT,bid,2260,8166.474
1726535941961,ETHUSDT,bid,2260,8156.91
1726535945863,ETHUSDT,bid,2260,8156.91
1726535951563,ETHUSDT,bid,2260,8176.036
1726535951664,ETHUSDT,bid,2260,8156.91
1726535952174,ETHUSDT,bid,2260,8157.02
1726535952369,ETHUSDT,bid,2260,8156.91
1726535960469,ETHUSDT,bid,2210,10256.175
1726535970276,ETHUSDT,bid,2260,8166.475
1726535972637,ETHUSDT,bid,2220,14746.045
1726535973989,ETHUSDT,bid,2260,8156.91
1726535982882,ETHUSDT,bid,2260,8156.94
1726535983603,ETHUSDT,bid,2260,8156.91
1726535989198,ETHUSDT,bid,2260,8157.173
1726535995204,ETHUSDT,bid,2240,4572.092
1726536000420,ETHUSDT,bid,2250,10176.569
1726536003750,ETHUSDT,bid,2220,4511.047
1726536004893,ETHUSDT,bid,2260,8151.785
1726536006009,ETHUSDT,bid,2260,8151.785
1726536006110,ETHUSDT,bid,2260,8151.815
1726536006822,ETHUSDT,bid,2260,8151.785
1726536011130,ETHUSDT,bid,2260,8151.776
1726536012456,ETHUSDT,bid,2260,8151.513
1726536012968,ETHUSDT,bid,2220,14741.102
1726536013067,ETHUSDT,bid,2260,8159.513
1726536016050,ETHUSDT,bid,2260,8151.513
1726536016151,ETHUSDT,bid,2260,8151.775
1726536034148,ETHUSDT,bid,2260,8150.775
1726536037407,ETHUSDT,bid,2260,8150.977
1726536037913,ETHUSDT,bid,2260,8149.977
1726536039339,ETHUSDT,bid,2260,8150.007
1726536040050,ETHUSDT,bid,2260,8149.977
1726536043835,ETHUSDT,bid,2260,8157.977
1726536045795,ETHUSDT,bid,2260,8149.977
1726536046505,ETHUSDT,bid,2260,8149.715
1726536055211,ETHUSDT,bid,2260,8138.649
1726536063924,ETHUSDT,bid,2260,8143.649
1726536064637,ETHUSDT,bid,2260,8138.649
1726536067280,ETHUSDT,bid,2260,8148.174
1726536070019,ETHUSDT,bid,2260,8138.649
1726536087335,ETHUSDT,bid,2260,8140.04
1726536092901,ETHUSDT,bid,2260,8141.04
1726536098445,ETHUSDT,bid,2220,14741.65
1726536102326,ETHUSDT,bid,2250,10177.901
1726536102837,ETHUSDT,bid,2230,4717.493
1726536122924,ETHUSDT,bid,2220,14746.65
1726536124905,ETHUSDT,bid,2250,10178.401
1726536129431,ETHUSDT,bid,2260,8149.04
1726536129534,ETHUSDT,bid,2250,10175.401
1726536131477,ETHUSDT,bid,2260,8141.04
1726536132289,ETHUSDT,bid,2230,4716.493
1726536143670,ETHUSDT,bid,2260,8146.04
1726536144697,ETHUSDT,bid,2260,8141.04
1726536146733,ETHUSDT,bid,2230,4715.493
1726536150219,ETHUSDT,bid,2250,10176.755
1726536162590,ETHUSDT,bid,2260,8141.029
1726536171051,ETHUSDT,bid,1960,5224.611
1726536190568,ETHUSDT,bid,2260,8141.042
1726536199156,ETHUSDT,bid,2260,8141.118
1726536199363,ETHUSDT,bid,2260,8141.38
1726536200600,ETHUSDT,bid,2260,8141.367
1726536201107,ETHUSDT,bid,2260,8149.367
1726536201312,ETHUSDT,bid,2260,8141.367
1726536201616,ETHUSDT,bid,2260,8141.597
1726536207832,ETHUSDT,bid,2260,8143.597
1726536213741,ETHUSDT,bid,2260,8141.597
1726536214563,ETHUSDT,bid,2260,8141.367
1726536235701,ETHUSDT,bid,2230,4716.022
1726536242333,ETHUSDT,bid,2260,8149.367
1726536243253,ETHUSDT,bid,2260,8141.367
1726536252002,ETHUSDT,bid,2220,14746.351
1726536256941,ETHUSDT,bid,2210,10255.775
1726536257459,ETHUSDT,bid,2250,10173.589
1726536267303,ETHUSDT,bid,2230,4716.092
1726536274203,ETHUSDT,bid,2260,8139.089
1726536283323,ETHUSDT,bid,2260,8139.271
1726536287620,ETHUSDT,bid,2260,8139.089
1726536293222,ETHUSDT,bid,2260,8139.013
1726536311257,ETHUSDT,bid,2230,4801.36
1726536313938,ETHUSDT,bid,2260,8138.751
1726536316306,ETHUSDT,bid,2260,8137.751
1726536320095,ETHUSDT,bid,2240,4589.765
1726536328459,ETHUSDT,bid,2260,8137.763
1726536338545,ETHUSDT,bid,2260,8137.751
1726536344309,ETHUSDT,bid,2220,14746.041
1726536355682,ETHUSDT,bid,2210,10251.261
1726536361329,ETHUSDT,bid,2240,4594.958
1726536363503,ETHUSDT,bid,2210,10252.261
1726536363503,ETHUSDT,bid,2240,4595.596
1726536370794,ETHUSDT,bid,2250,10171.93
1726536383788,ETHUSDT,bid,2260,8138.751
1726536384291,ETHUSDT,bid,2260,8139.111
1726536393886,ETHUSDT,bid,2260,8138.751
1726536397667,ETHUSDT,bid,2260,8143.751
1726536398183,ETHUSDT,bid,2260,8138.751
1726536401703,ETHUSDT,bid,2230,4716.092
1726536415944,ETHUSDT,bid,2250,10173.93
1726536428829,ETHUSDT,bid,2260,8137.751
1726536476725,ETHUSDT,bid,2260,8181.818
1726536478367,ETHUSDT,bid,2240,4595.484
1726536481389,ETHUSDT,bid,2260,8181.818
1726536486439,ETHUSDT,bid,2250,10172.567
1726536515119,ETHUSDT,bid,2260,8138.015
1726536523383,ETHUSDT,bid,2260,8138.826
1726536527469,ETHUSDT,bid,2210,10250.681
1726536532529,ETHUSDT,bid,2210,10250.712
1726536532529,ETHUSDT,bid,2220,14746.072
1726536532529,ETHUSDT,bid,2230,4716.123
1726536535405,ETHUSDT,bid,2260,8139.477
1726536541161,ETHUSDT,bid,2260,8280.525
1726536541366,ETHUSDT,bid,2260,8139.477
1726536544843,ETHUSDT,bid,2260,8138.826
1726536546473,ETHUSDT,bid,2250,10178.835
1726536574589,ETHUSDT,bid,2260,8138.856
1726536579146,ETHUSDT,bid,2260,8138.826
1726536600478,ETHUSDT,bid,2240,4590.291
1726536600581,ETHUSDT,bid,2240,4589.653
1726536645605,ETHUSDT,bid,2260,8137.683
1726536657136,ETHUSDT,bid,2260,8136.583
1726536673350,ETHUSDT,bid,2260,8136.319
1726536692876,ETHUSDT,bid,2260,8136.437
1726536698717,ETHUSDT,bid,2260,8136.451
1726536725385,ETHUSDT,bid,2260,8136.463
1726536725891,ETHUSDT,bid,2260,8136.451
1726536732708,ETHUSDT,bid,2240,4590.653
1726536735416,ETHUSDT,bid,2260,8136.463
1726536739762,ETHUSDT,bid,2260,8136.451
1726536742360,ETHUSDT,bid,2260,8135.64
1726536759649,ETHUSDT,bid,2220,14741.072
1726536765521,ETHUSDT,bid,2260,8160.64
1726536803414,ETHUSDT,bid,2260,8162.386
1726536803616,ETHUSDT,bid,2260,8137.386
1726536804021,ETHUSDT,bid,2260,8172.668
1726536804223,ETHUSDT,bid,2260,8137.386
1726536804424,ETHUSDT,bid,2260,8135.64
1726536806364,ETHUSDT,bid,2260,8135.81
1726536817335,ETHUSDT,bid,2260,8135.861
1726536826303,ETHUSDT,bid,2260,8135.691
1726536829304,ETHUSDT,bid,2220,14741.085
1726536875655,ETHUSDT,bid,2260,8135.997
1726536901250,ETHUSDT,bid,2260,8138.247
1726536919583,ETHUSDT,bid,2260,8138.259
1726536920503,ETHUSDT,bid,2260,8138.247
1726536920808,ETHUSDT,bid,2260,8141.108
1726536925073,ETHUSDT,bid,2260,8138.858
1726536930402,ETHUSDT,bid,2260,8135.997
1726536937084,ETHUSDT,bid,2260,8136.059
1726536973987,ETHUSDT,bid,2250,10178.335
1726536979224,ETHUSDT,bid,2260,8136.059
1726536980243,ETHUSDT,bid,2260,8136.147
1726536986276,ETHUSDT,bid,2260,8144.147
1726536987003,ETHUSDT,bid,2260,8136.147
1726536993529,ETHUSDT,bid,2260,8137.147
1726536994036,ETHUSDT,bid,2260,8137.059
1726537027096,ETHUSDT,bid,2210,10255.712
1726537035920,ETHUSDT,bid,2240,4586.318
1726537074415,ETHUSDT,bid,1780,5749.279
1726537080319,ETHUSDT,bid,2260,8136.059
1726537081944,ETHUSDT,bid,2260,8136.071
1726537083580,ETHUSDT,bid,2260,8136.059
1726537098950,ETHUSDT,bid,2260,8180.117
1726537099153,ETHUSDT,bid,2230,4716.113
1726537110447,ETHUSDT,bid,2260,8136.059
1726537110751,ETHUSDT,bid,2260,8138.921
1726537120194,ETHUSDT,bid,2260,8136.059
1726537122349,ETHUSDT,bid,2230,4716.413
1726537134652,ETHUSDT,bid,2260,8147.908
1726537139542,ETHUSDT,bid,2260,8136.059
1726537140601,ETHUSDT,bid,2250,10250.854
1726537144822,ETHUSDT,bid,2230,4716.423
1726537148439,ETHUSDT,bid,2240,4606.368
1726537200209,ETHUSDT,bid,2260,8136.089
1726537201542,ETHUSDT,bid,2260,8136.059
1726537202167,ETHUSDT,bid,2250,10178.335
1726537206684,ETHUSDT,bid,2230,4715.923
1726537222884,ETHUSDT,bid,2260,8136.071
1726537233043,ETHUSDT,bid,2260,8136.059
1726537260803,ETHUSDT,bid,2260,8136.068
1726537263563,ETHUSDT,bid,2260,8155.068
1726537267242,ETHUSDT,bid,2260,8155.086
1726537269301,ETHUSDT,bid,2260,8155.068
1726537270643,ETHUSDT,bid,2260,8153.677
1726537274767,ETHUSDT,bid,2250,10178.775
1726537277715,ETHUSDT,bid,2250,10178.335
1726537279148,ETHUSDT,bid,2260,8153.668
1726537285686,ETHUSDT,bid,2260,8134.668
1726537286095,ETHUSDT,bid,2240,4586.318
1726537316497,ETHUSDT,bid,2230,4715.932
1726537326145,ETHUSDT,bid,2250,10192.183
1726537328700,ETHUSDT,bid,2260,8134.888
1726537329833,ETHUSDT,bid,2260,8134.668
1726537336988,ETHUSDT,bid,2230,4764.322
1726537351109,ETHUSDT,bid,2230,4764.313
1726537362666,ETHUSDT,bid,2220,14741.968
1726537366267,ETHUSDT,bid,2230,4764.322
1726537368863,ETHUSDT,bid,2210,10250.712
1726537382972,ETHUSDT,bid,2210,10250.722
1726537393745,ETHUSDT,bid,2260,8134.617
1726537395164,ETHUSDT,bid,2250,10178.335
1726537479778,ETHUSDT,bid,2260,8135.617
1726537511802,ETHUSDT,bid,2260,8135.632
1726537571142,ETHUSDT,bid,2250,10177.935
1726537655181,ETHUSDT,bid,2210,10249.82
1726537665095,ETHUSDT,bid,2260,8135.643
1726537696404,ETHUSDT,bid,2250,10178.345
1726537707095,ETHUSDT,bid,2250,10178.345
1726537765421,ETHUSDT,bid,2230,4764.099
1726537777203,ETHUSDT,bid,2260,8136.643
1726537843803,ETHUSDT,bid,2250,10183.345
1726537896587,ETHUSDT,bid,2230,4765.888
1726537912436,ETHUSDT,bid,2210,10248.015
1726537974660,ETHUSDT,bid,2230,4764.099
1726538048740,ETHUSDT,bid,2260,8136.693
1726538055152,ETHUSDT,bid,2260,8136.719
1726538071925,ETHUSDT,bid,2260,8136.693
1726538078952,ETHUSDT,bid,2210,10247.682
1726538104694,ETHUSDT,bid,2220,4506.088
1726538109203,ETHUSDT,bid,2260,8136.793
1726538119795,ETHUSDT,bid,2250,10187.69
1726538125928,ETHUSDT,bid,1950,5264.094
1726538151224,ETHUSDT,bid,2220,14741.924
1726538165538,ETHUSDT,bid,2250,10187.79
1726538181227,ETHUSDT,bid,2220,14741.683
1726538181227,ETHUSDT,bid,2240,4586.559
1726538193033,ETHUSDT,bid,2210,10247.936
1726538210237,ETHUSDT,bid,2250,10183.445
1726538218136,ETHUSDT,bid,2220,14741.796
1726538224866,ETHUSDT,bid,2210,10246.381
1726538237667,ETHUSDT,bid,2250,10184.691
1726538245405,ETHUSDT,bid,2220,14756.758
1726538295986,ETHUSDT,bid,2220,14756.658
1726538338827,ETHUSDT,bid,2220,14756.443
1726538358037,ETHUSDT,bid,2260,8139.003
1726538418514,ETHUSDT,bid,2250,10183.445
1726538418809,ETHUSDT,bid,2250,10184.445
1726538478898,ETHUSDT,bid,2230,4764.199
1726538510874,ETHUSDT,bid,2260,8144.003
1726538524674,ETHUSDT,bid,2240,4597.479
1726538542586,ETHUSDT,bid,2230,4827.541
1726538571630,ETHUSDT,bid,2260,8143.503
1726538576694,ETHUSDT,bid,2240,4586.559
1726538610177,ETHUSDT,bid,2250,10184.265
1726538643517,ETHUSDT,bid,2260,8143.591
1726538644647,ETHUSDT,bid,2260,8143.503
1726538668256,ETHUSDT,bid,2260,8143.723
1726538669282,ETHUSDT,bid,2260,8143.503
1726538682278,ETHUSDT,bid,2230,4829.775
1726538682903,ETHUSDT,bid,2230,4964.003
1726538683312,ETHUSDT,bid,2230,4829.775
1726538701734,ETHUSDT,bid,2220,14756.354
1726538706433,ETHUSDT,bid,2260,8143.514
1726538736669,ETHUSDT,bid,2250,10182.933
1726538751082,ETHUSDT,bid,2260,8143.525
1726538877556,ETHUSDT,bid,2250,10221.495
1726538879926,ETHUSDT,bid,2220,14754.854
1726538881710,ETHUSDT,bid,2260,8276.15
1726538883780,ETHUSDT,bid,2250,10221.526
1726538932629,ETHUSDT,bid,2230,4827.541
1726538952268,ETHUSDT,bid,2250,10212.251
1726538964960,ETHUSDT,bid,2250,10210.251
1726539034305,ETHUSDT,bid,2260,8296.15
1726539043822,ETHUSDT,bid,2230,4764.199
1726539094562,ETHUSDT,bid,2260,8297.15
1726539124757,ETHUSDT,bid,2230,4766.443
1726539177485,ETHUSDT,bid,2250,10211.251
1726539180171,ETHUSDT,bid,2260,8298.65
1726539230479,ETHUSDT,bid,2260,8166.025
1726539266342,ETHUSDT,bid,2230,4765.443
1726539295359,ETHUSDT,bid,2240,4587.069
1726539402501,ETHUSDT,bid,2220,14757.854
1726539408405,ETHUSDT,bid,2260,8164.525
1726539418078,ETHUSDT,bid,2220,14754.854
1726539475754,ETHUSDT,bid,2240,4586.814
1726539475854,ETHUSDT,bid,2240,4586.559
1726539476673,ETHUSDT,bid,2250,10172.689
1726539498699,ETHUSDT,bid,2250,10173.149
1726539606849,ETHUSDT,ask,2270,6148.219
1726539606957,ETHUSDT,ask,2270,6115.022
1726539607058,ETHUSDT,ask,2270,6134.214
1726539607260,ETHUSDT,ask,2270,5710.106
1726539607361,ETHUSDT,ask,2270,5198.464
1726539607462,ETHUSDT,ask,2270,5085.288
1726539607563,ETHUSDT,ask,2270,5058.437
1726539607869,ETHUSDT,ask,2270,5057.437
1726539607971,ETHUSDT,ask,2270,5050.406
1726539608069,ETHUSDT,ask,2270,5050.714
1726539608684,ETHUSDT,ask,2270,5050.723
1726539609600,ETHUSDT,ask,2270,5050.713
1726539619057,ETHUSDT,bid,2230,4795.443
1726539657995,ETHUSDT,bid,2220,14739.892
1726539706461,ETHUSDT,bid,2210,10245.782
1726539721797,ETHUSDT,bid,2230,4795.943
1726539722416,ETHUSDT,bid,2240,4608.861
1726539723138,ETHUSDT,bid,2240,4653.466
1726539754411,ETHUSDT,bid,2240,4654.357
1726539754818,ETHUSDT,bid,2240,4654.803
1726539759605,ETHUSDT,bid,2260,10223.533
1726539774201,ETHUSDT,bid,2250,10596.156
1726539787197,ETHUSDT,bid,2240,10221.085
1726539799377,ETHUSDT,bid,2230,14795.943
1726539807581,ETHUSDT,bid,2260,10223.873
1726539811305,ETHUSDT,bid,2220,14754.852
1726539813912,ETHUSDT,bid,2220,24754.852
1726539815346,ETHUSDT,bid,2260,10223.917
1726539823781,ETHUSDT,bid,2240,10201.241
1726539825736,ETHUSDT,bid,2260,10223.577
1726539833984,ETHUSDT,bid,2210,20245.782
1726539835206,ETHUSDT,bid,2240,4739.843
1726539835717,ETHUSDT,bid,2240,4798.377
1726539835926,ETHUSDT,bid,2240,4866.188
1726539840373,ETHUSDT,bid,2260,10173.577
1726539841914,ETHUSDT,bid,2240,4821.583
1726539842438,ETHUSDT,bid,2240,4799.281
1726539843554,ETHUSDT,bid,2260,10173.665
1726539843655,ETHUSDT,bid,2260,10173.577
1726539844163,ETHUSDT,bid,2240,4740.747
1726539844476,ETHUSDT,bid,2240,4672.936
1726539845178,ETHUSDT,bid,2240,4672.49
1726539845994,ETHUSDT,bid,2240,4587.45
1726539848558,ETHUSDT,bid,2240,4586.559
1726539860670,ETHUSDT,bid,2260,10173.917
1726539874656,ETHUSDT,bid,2260,10133.451
1726539875067,ETHUSDT,bid,2260,10133.842
1726539884272,ETHUSDT,bid,2260,10174.791
1726539887133,ETHUSDT,bid,2260,10174.451
1726539914217,ETHUSDT,bid,2280,10005.073
1726539916378,ETHUSDT,bid,2280,10006.875
1726539921879,ETHUSDT,bid,2260,10174.791
1726539924141,ETHUSDT,bid,2280,10007.802
1726539924648,ETHUSDT,bid,2280,10006.925
1726539927224,ETHUSDT,bid,2280,10007.057
1726539927321,ETHUSDT,bid,2280,10007.188
1726539930083,ETHUSDT,bid,2280,10007.057
1726539931849,ETHUSDT,bid,2280,10026.587
1726539932252,ETHUSDT,bid,2280,10026.587
1726539932667,ETHUSDT,bid,2280,10026.455
1726539955522,ETHUSDT,bid,2260,10174.451
1726539959082,ETHUSDT,bid,2250,10596.18
1726539963102,ETHUSDT,bid,2280,10015.445
1726539965173,ETHUSDT,bid,2260,10133.502
1726539965279,ETHUSDT,bid,2260,10133.48
1726539966101,ETHUSDT,bid,2280,10015.945
1726539966923,ETHUSDT,bid,2260,10133.7
1726539968252,ETHUSDT,bid,2260,10133.8
1726539972785,ETHUSDT,bid,2240,4569.418
1726539976272,ETHUSDT,bid,2260,10174.706
1726539985418,ETHUSDT,bid,2280,10009.647
1726539986241,ETHUSDT,bid,2280,10011.283
1726539986649,ETHUSDT,bid,2280,10011.023
1726539986951,ETHUSDT,bid,2280,10014.995
1726539987781,ETHUSDT,bid,2280,10023.186
1726539989523,ETHUSDT,bid,2280,10023.236
1726539990353,ETHUSDT,bid,2280,10025.428
1726539993236,ETHUSDT,bid,2280,10023.02
1726539993451,ETHUSDT,bid,2280,10023.174
1726539997566,ETHUSDT,bid,2230,14795.881
1726540001073,ETHUSDT,bid,2280,10023.275
1726540002306,ETHUSDT,bid,2280,10023.851
1726540004204,ETHUSDT,bid,2280,7002.064
1726540007605,ETHUSDT,bid,2280,7002.0
1726540008217,ETHUSDT,bid,2280,10024.202
1726540011954,ETHUSDT,bid,2280,7003.096
1726540012470,ETHUSDT,bid,2240,10205.69
1726540016512,ETHUSDT,bid,2280,10024.452
1726540016617,ETHUSDT,bid,2280,10025.096
1726540016925,ETHUSDT,bid,2260,10175.569
1726540017024,ETHUSDT,bid,2260,10175.569
1726540017126,ETHUSDT,bid,2250,10596.18
1726540017126,ETHUSDT,bid,2260,10174.706
1726540017227,ETHUSDT,bid,2250,10597.043
1726540017332,ETHUSDT,bid,2250,10596.18
1726540052962,ETHUSDT,bid,2250,10589.32
1726540072705,ETHUSDT,bid,2240,10201.241
1726540075903,ETHUSDT,bid,2260,10133.8
1726540085362,ETHUSDT,bid,2260,10173.803
1726540096683,ETHUSDT,bid,2220,24754.942
1726540099798,ETHUSDT,bid,2240,4569.918
1726540120631,ETHUSDT,bid,2250,10589.32
1726540143708,ETHUSDT,bid,2250,10598.028
1726540143916,ETHUSDT,bid,2250,10589.32
1726540144026,ETHUSDT,bid,2250,10598.028
1726540144126,ETHUSDT,bid,2250,10589.32
1726540144634,ETHUSDT,bid,2250,10589.32
1726540144981,ETHUSDT,bid,2250,10589.32
1726540145604,ETHUSDT,bid,2260,10173.891
1726540251692,ETHUSDT,bid,2260,10133.888
1726540261607,ETHUSDT,bid,2260,10174.814
1726540268089,ETHUSDT,bid,2230,14796.031
1726540299860,ETHUSDT,bid,2240,10202.577
1726540300689,ETHUSDT,bid,2260,10174.783
1726540309145,ETHUSDT,bid,2260,10183.613
1726540317310,ETHUSDT,bid,2220,24754.298
1726540324794,ETHUSDT,bid,2260,10183.792
1726540335542,ETHUSDT,bid,2260,10142.866
1726540346828,ETHUSDT,bid,2260,10184.857
1726540433791,ETHUSDT,bid,2210,20245.793
1726540453693,ETHUSDT,bid,2220,24753.415
1726540474651,ETHUSDT,bid,2220,24753.615
1726540474651,ETHUSDT,bid,2240,10202.377
1726540487323,ETHUSDT,bid,2220,24753.727
1726540489283,ETHUSDT,bid,2260,10142.866
1726540500043,ETHUSDT,bid,2260,10185.927
1726540554295,ETHUSDT,bid,2250,10584.32
1726540610287,ETHUSDT,bid,2250,10587.664
1726540611403,ETHUSDT,bid,2260,10185.904
1726540613140,ETHUSDT,bid,2260,10186.483
1726540619381,ETHUSDT,bid,1780,5748.939
1726540671907,ETHUSDT,bid,2250,10588.98
1726540676033,ETHUSDT,bid,2260,10143.422
1726540686630,ETHUSDT,bid,2260,10184.275
1726540765437,ETHUSDT,bid,2260,10184.775
1726540782924,ETHUSDT,bid,2250,10587.73
1726540785195,ETHUSDT,bid,2260,10184.275
1726540787775,ETHUSDT,bid,2250,10588.23
1726540821528,ETHUSDT,bid,2260,10143.422
1726540826636,ETHUSDT,bid,2260,10143.334
1726540831035,ETHUSDT,bid,2260,10184.731
1726540856413,ETHUSDT,bid,2220,24738.767
1726540857229,ETHUSDT,bid,2250,10588.23
1726540861105,ETHUSDT,bid,2250,10588.451
1726540874655,ETHUSDT,bid,2260,10189.146
1726540896004,ETHUSDT,bid,2230,14810.795
1726540906169,ETHUSDT,bid,2240,4552.245
1726540917756,ETHUSDT,bid,2260,10147.749
1726540918572,ETHUSDT,bid,2240,10202.195
1726540926058,ETHUSDT,bid,2230,14810.686
1726540929089,ETHUSDT,bid,2260,10191.654
1726540971901,ETHUSDT,bid,2260,10192.454
1726540978202,ETHUSDT,bid,2260,10192.494
1726541023803,ETHUSDT,bid,2260,10148.589
1726541034360,ETHUSDT,bid,2260,10191.854
1726541087571,ETHUSDT,bid,2260,10192.354
1726541089063,ETHUSDT,bid,2230,14795.922
1726541207210,ETHUSDT,bid,2260,10149.089
1726541218093,ETHUSDT,bid,2260,10191.544
1726541263250,ETHUSDT,bid,2250,10590.951
1726541296202,ETHUSDT,bid,2210,20246.3
1726541301181,ETHUSDT,bid,2260,10149.089
1726541311826,ETHUSDT,bid,2260,10193.014
1726541324214,ETHUSDT,bid,2240,4552.231
1726541327194,ETHUSDT,bid,2210,20245.848
1726541328628,ETHUSDT,bid,2260,10194.117
1726541333209,ETHUSDT,bid,2260,10216.117
1726541343093,ETHUSDT,bid,2260,10214.296
1726541371345,ETHUSDT,bid,2260,10214.196
1726541380542,ETHUSDT,bid,2260,10214.396
1726541384585,ETHUSDT,bid,2210,20246.021
1726541386503,ETHUSDT,ask,2280,4752.195
1726541388564,ETHUSDT,ask,2280,4750.009
1726541389075,ETHUSDT,bid,2260,10170.471
1726541389075,ETHUSDT,ask,2280,4750.024
1726541399903,ETHUSDT,bid,2260,10212.849
1726541453063,ETHUSDT,bid,2260,10215.241
1726541456640,ETHUSDT,bid,2230,14765.922
1726541490552,ETHUSDT,bid,2260,10172.863
1726541501391,ETHUSDT,bid,2260,10217.848
1726541524311,ETHUSDT,bid,2260,10218.348
1726541528360,ETHUSDT,bid,2240,10203.195
1726541548544,ETHUSDT,bid,1700,6046.245
1726541587845,ETHUSDT,bid,2240,4551.497
1726541592269,ETHUSDT,bid,2260,10173.363
1726541602917,ETHUSDT,bid,2260,10218.559
1726541617323,ETHUSDT,bid,2260,10217.909
1726541669730,ETHUSDT,bid,2260,10172.713
1726541680856,ETHUSDT,bid,2260,10217.414
1726541705739,ETHUSDT,bid,2260,10217.914
1726541707915,ETHUSDT,bid,2260,10218.914
1726541712272,ETHUSDT,bid,2220,24738.071
1726541712803,ETHUSDT,bid,2250,10590.464
1726541771984,ETHUSDT,bid,2260,10218.833
1726541785035,ETHUSDT,bid,2270,5548.751
1726541789694,ETHUSDT,bid,2260,10174.132
1726541800476,ETHUSDT,bid,2260,10217.338
1726541816575,ETHUSDT,bid,2270,5548.807
1726541846202,ETHUSDT,bid,2270,5549.026
1726541847222,ETHUSDT,bid,2270,5548.807
1726541853712,ETHUSDT,bid,2270,5548.895
1726541854742,ETHUSDT,bid,2270,5548.807
1726541880050,ETHUSDT,bid,2250,10590.499
1726541901453,ETHUSDT,bid,2260,10217.347
1726541903843,ETHUSDT,bid,2250,10590.49
1726541905219,ETHUSDT,bid,2250,10590.991
1726541917094,ETHUSDT,bid,2270,5549.003
1726541925890,ETHUSDT,bid,2260,10174.141
1726541936605,ETHUSDT,bid,2260,10218.805
1726541949060,ETHUSDT,bid,2270,5548.886
1726541979733,ETHUSDT,bid,2270,5548.853
1726542033247,ETHUSDT,bid,2250,10588.81
1726542068060,ETHUSDT,bid,2240,10202.806
1726542088172,ETHUSDT,bid,2270,5551.051
1726542090486,ETHUSDT,bid,2260,10174.141
1726542103263,ETHUSDT,bid,2260,10218.332
1726542106727,ETHUSDT,bid,2250,10589.41
1726542108893,ETHUSDT,bid,2230,14765.852
1726542122797,ETHUSDT,bid,2250,10588.91
1726542162054,ETHUSDT,bid,2240,10202.871
1726542171405,ETHUSDT,bid,2270,5550.855
1726542176454,ETHUSDT,bid,2260,10218.777
1726542178952,ETHUSDT,bid,2270,5548.657
1726542192178,ETHUSDT,bid,2260,10219.023
1726542231340,ETHUSDT,bid,2260,10174.832
1726542242202,ETHUSDT,bid,2260,10219.675
1726542257922,ETHUSDT,bid,2240,4551.503
1726542298260,ETHUSDT,bid,2260,10222.675
1726542383205,ETHUSDT,bid,2260,10177.832
1726542394616,ETHUSDT,bid,2260,10221.968
1726542401227,ETHUSDT,bid,2220,24737.395
1726542401227,ETHUSDT,bid,2260,10219.761
1726542412803,ETHUSDT,bid,2220,24738.286
1726542424273,ETHUSDT,bid,2260,10212.669
1726542437591,ETHUSDT,bid,2210,10246.021
1726542437591,ETHUSDT,bid,2220,14738.286
1726542437591,ETHUSDT,bid,2230,4765.852
1726542445555,ETHUSDT,bid,2220,14736.228
1726542556537,ETHUSDT,bid,2230,4765.922
1726542564005,ETHUSDT,bid,2230,4786.029
1726542586355,ETHUSDT,bid,2230,4760.293
1726542825221,ETHUSDT,bid,2230,4740.186
1726542827066,ETHUSDT,bid,2220,14792.249
1726543066356,ETHUSDT,bid,2240,4551.453
1726543069292,ETHUSDT,bid,2240,4571.506
1726543195183,ETHUSDT,bid,2230,4740.521
1726543210317,ETHUSDT,bid,2220,14805.73
1726543320039,ETHUSDT,bid,2240,4551.453
1726543378031,ETHUSDT,bid,1940,5285.328
1726543507771,ETHUSDT,bid,2220,14806.23
1726543570690,ETHUSDT,bid,2220,14805.73
1726543668493,ETHUSDT,bid,2220,14807.948
1726543682070,ETHUSDT,bid,2230,4740.021
1726543684623,ETHUSDT,bid,2220,14805.73
1726543727123,ETHUSDT,bid,2230,4739.127
1726543747016,ETHUSDT,bid,2210,10246.04
1726543748062,ETHUSDT,bid,2210,10246.059
1726543758092,ETHUSDT,bid,2210,10246.021
1726543838007,ETHUSDT,bid,2210,10246.04
1726543841096,ETHUSDT,bid,2210,10246.059
1726543848052,ETHUSDT,bid,2210,10246.04
1726543852100,ETHUSDT,bid,2210,10246.021
1726543877759,ETHUSDT,bid,2220,14806.297
1726544023015,ETHUSDT,bid,2210,10246.04
1726544024059,ETHUSDT,bid,2210,10246.059
1726544033046,ETHUSDT,bid,2210,10246.04
1726544034077,ETHUSDT,bid,2210,10246.04
1726544035005,ETHUSDT,bid,2210,10246.059
1726544042767,ETHUSDT,bid,2210,10246.127
1726544042866,ETHUSDT,bid,2210,10246.195
1726544044004,ETHUSDT,bid,2210,10246.176
1726544045031,ETHUSDT,bid,2210,10246.157
1726544087986,ETHUSDT,bid,2210,10246.413
1726544093703,ETHUSDT,bid,2230,4738.359
1726544103205,ETHUSDT,bid,2210,10246.277
