2024-09-16 08:13:18,BTCUSDT,bid,47000,865.867
2024-09-16 08:13:56,BTCUSDT,bid,47000,865.846
2024-09-16 08:24:54,BTCUSDT,bid,47000,865.843
2024-09-16 08:33:47,BTCUSDT,bid,47000,865.84
2024-09-16 08:38:05,BTCUSDT,bid,47000,865.843
2024-09-16 08:53:25,BTCUSDT,bid,47000,865.84
2024-09-16 08:56:53,BTCUSDT,bid,47000,865.837
2024-09-16 09:11:27,BTCUSDT,bid,47000,865.8
2024-09-16 09:12:34,BTCUSDT,bid,47000,865.59
2024-09-16 09:15:00,BTCUSDT,bid,47000,867.411
2024-09-16 09:52:33,BTCUSDT,bid,47000,867.431
2024-09-16 10:01:08,BTCUSDT,bid,47000,865.61
2024-09-16 10:03:54,BTCUSDT,bid,47000,865.607
2024-09-16 10:24:59,BTCUSDT,bid,47300,806.594
2024-09-16 10:25:15,BTCUSDT,bid,47300,810.594
2024-09-16 10:27:05,BTCUSDT,bid,47300,806.594
2024-09-16 10:27:09,BTCUSDT,bid,47300,804.594
2024-09-16 10:27:09,BTCUSDT,bid,47500,632.353
2024-09-16 10:27:59,BTCUSDT,bid,47500,633.353
2024-09-16 10:42:23,BTCUSDT,bid,47000,865.628
2024-09-16 10:45:06,BTCUSDT,bid,47000,865.798
2024-09-16 10:45:17,BTCUSDT,bid,47000,865.628
2024-09-16 11:03:11,BTCUSDT,bid,47500,633.395
2024-09-16 11:06:36,BTCUSDT,bid,47500,633.405
2024-09-16 11:06:36,BTCUSDT,bid,47500,633.416
2024-09-16 11:06:37,BTCUSDT,bid,47500,633.426
2024-09-16 11:07:55,BTCUSDT,bid,47500,633.415
2024-09-16 11:08:03,BTCUSDT,bid,47500,633.405
2024-09-16 11:08:21,BTCUSDT,bid,47500,633.395
2024-09-16 11:19:19,BTCUSDT,bid,47500,633.364
2024-09-16 11:28:51,BTCUSDT,bid,47000,866.128
2024-09-16 11:39:13,BTCUSDT,bid,47000,866.003
2024-09-16 11:39:13,BTCUSDT,bid,47500,633.24
2024-09-16 11:42:59,BTCUSDT,bid,47000,866.006
2024-09-16 11:45:33,BTCUSDT,bid,47000,862.981
2024-09-16 08:13:47,BTCUSD_PERP,bid,58000,744.13
2024-09-16 08:13:47,BTCUSD_PERP,bid,58000,562.24
2024-09-16 08:13:59,BTCUSD_PERP,bid,58000,572.34
2024-09-16 08:13:59,BTCUSD_PERP,bid,58000,629.82
2024-09-16 08:14:59,BTCUSD_PERP,bid,58000,572.16
2024-09-16 08:14:59,BTCUSD_PERP,bid,58000,743.92
2024-09-16 08:15:01,BTCUSD_PERP,bid,58000,687.05
2024-09-16 08:15:01,BTCUSD_PERP,bid,58000,687.27
2024-09-16 08:15:01,BTCUSD_PERP,bid,58000,744.1
2024-09-16 08:15:07,BTCUSD_PERP,bid,58000,629.85
2024-09-16 08:15:10,BTCUSD_PERP,bid,58000,573.43
2024-09-16 08:15:23,BTCUSD_PERP,bid,58000,572.55
2024-09-16 08:16:34,BTCUSD_PERP,bid,57900,571.58
2024-09-16 08:16:41,BTCUSD_PERP,bid,57900,571.28
2024-09-16 08:17:07,BTCUSD_PERP,bid,58000,571.86
2024-09-16 08:17:07,BTCUSD_PERP,bid,58000,628.69
2024-09-16 08:17:08,BTCUSD_PERP,bid,58000,685.52
2024-09-16 08:18:59,BTCUSD_PERP,bid,58000,686.95
2024-09-16 08:18:59,BTCUSD_PERP,bid,58000,743.85
2024-09-16 08:19:37,BTCUSD_PERP,bid,58000,685.89
2024-09-16 08:19:37,BTCUSD_PERP,bid,58000,743.34
2024-09-16 08:20:04,BTCUSD_PERP,bid,58000,685.89
2024-09-16 08:20:05,BTCUSD_PERP,bid,58000,570.7
2024-09-16 08:37:54,BTCUSD_PERP,bid,58000,574.49
2024-09-16 08:38:12,BTCUSD_PERP,bid,55600,546.33
2024-09-16 08:47:46,BTCUSD_PERP,bid,58000,516.72
2024-09-16 08:48:02,BTCUSD_PERP,bid,58000,687.66
2024-09-16 08:50:13,BTCUSD_PERP,bid,57900,629.21
2024-09-16 08:54:19,BTCUSD_PERP,bid,58000,572.94
2024-09-16 08:54:19,BTCUSD_PERP,bid,58000,629.83
2024-09-16 08:55:39,BTCUSD_PERP,bid,58000,572.94
2024-09-16 09:02:40,BTCUSD_PERP,bid,58000,629.95
2024-09-16 09:02:40,BTCUSD_PERP,bid,58000,687.44
2024-09-16 09:02:48,BTCUSD_PERP,bid,58000,629.95
2024-09-16 09:02:48,BTCUSD_PERP,bid,58000,573.05
2024-09-16 09:03:03,BTCUSD_PERP,bid,58000,572.45
2024-09-16 09:03:08,BTCUSD_PERP,bid,57900,686.94
2024-09-16 09:03:29,BTCUSD_PERP,bid,57900,572.73
2024-09-16 09:03:42,BTCUSD_PERP,bid,57900,571.77
2024-09-16 09:03:42,BTCUSD_PERP,bid,57900,743.41
2024-09-16 09:03:42,BTCUSD_PERP,bid,57900,800.82
2024-09-16 09:04:29,BTCUSD_PERP,bid,57900,743.99
2024-09-16 09:04:29,BTCUSD_PERP,bid,57900,629.17
2024-09-16 09:04:29,BTCUSD_PERP,bid,57900,572.35
2024-09-16 09:04:30,BTCUSD_PERP,bid,58000,628.92
2024-09-16 09:04:30,BTCUSD_PERP,bid,58000,743.22
2024-09-16 09:04:30,BTCUSD_PERP,bid,58000,800.66
2024-09-16 09:04:30,BTCUSD_PERP,bid,58000,858.1
2024-09-16 09:04:30,BTCUSD_PERP,bid,58000,915.54
2024-09-16 09:04:30,BTCUSD_PERP,bid,58000,972.98
2024-09-16 09:04:31,BTCUSD_PERP,bid,58000,1030.56
2024-09-16 09:05:34,BTCUSD_PERP,bid,57900,972.47
2024-09-16 09:05:34,BTCUSD_PERP,bid,57900,1029.88
2024-09-16 09:05:45,BTCUSD_PERP,bid,57900,572.93
2024-09-16 09:05:45,BTCUSD_PERP,bid,57900,572.63
2024-09-16 09:06:57,BTCUSD_PERP,bid,57900,573.21
2024-09-16 09:07:12,BTCUSD_PERP,bid,58000,572.43
2024-09-16 09:07:12,BTCUSD_PERP,bid,58000,629.85
2024-09-16 09:07:33,BTCUSD_PERP,bid,57900,572.14
2024-09-16 09:07:33,BTCUSD_PERP,bid,57900,629.53
2024-09-16 09:10:17,BTCUSD_PERP,bid,57900,629.55
2024-09-16 09:10:17,BTCUSD_PERP,bid,57900,686.36
2024-09-16 09:10:17,BTCUSD_PERP,bid,57900,743.17
2024-09-16 09:10:18,BTCUSD_PERP,bid,57900,800.57
2024-09-16 09:11:23,BTCUSD_PERP,bid,58000,742.97
2024-09-16 09:11:23,BTCUSD_PERP,bid,58000,857.25
2024-09-16 09:11:23,BTCUSD_PERP,bid,58000,972.11
2024-09-16 09:11:54,BTCUSD_PERP,bid,58000,800.99
2024-09-16 09:11:54,BTCUSD_PERP,bid,57900,686.24
2024-09-16 09:11:54,BTCUSD_PERP,bid,57900,743.63
2024-09-16 09:12:24,BTCUSD_PERP,bid,57900,572.63
2024-09-16 09:12:26,BTCUSD_PERP,bid,57900,685.89
2024-09-16 09:12:26,BTCUSD_PERP,bid,57900,743.25
2024-09-16 09:12:44,BTCUSD_PERP,bid,57900,573.06
2024-09-16 09:12:54,BTCUSD_PERP,bid,57800,583.25
2024-09-16 09:12:55,BTCUSD_PERP,bid,57800,640.55
2024-09-16 09:13:03,BTCUSD_PERP,bid,57800,626.82
2024-09-16 09:13:43,BTCUSD_PERP,bid,57800,684.21
2024-09-16 09:14:50,BTCUSD_PERP,bid,57900,571.64
2024-09-16 09:14:50,BTCUSD_PERP,bid,57900,628.99
2024-09-16 09:14:50,BTCUSD_PERP,bid,57900,685.76
2024-09-16 09:14:51,BTCUSD_PERP,bid,57900,743.11
2024-09-16 09:14:51,BTCUSD_PERP,bid,57900,800.46
2024-09-16 09:14:51,BTCUSD_PERP,bid,57900,800.6
2024-09-16 09:15:03,BTCUSD_PERP,bid,57900,629.72
2024-09-16 09:15:03,BTCUSD_PERP,bid,57800,571.83
2024-09-16 09:15:03,BTCUSD_PERP,bid,57800,629.14
2024-09-16 09:15:23,BTCUSD_PERP,bid,57800,571.83
2024-09-16 09:15:23,BTCUSD_PERP,bid,57800,802.45
2024-09-16 09:15:23,BTCUSD_PERP,bid,57800,859.72
2024-09-16 09:16:20,BTCUSD_PERP,bid,57800,856.08
2024-09-16 09:16:34,BTCUSD_PERP,bid,57800,798.81
2024-09-16 09:17:14,BTCUSD_PERP,bid,57800,570.64
2024-09-16 09:18:42,BTCUSD_PERP,bid,57800,627.42
2024-09-16 09:18:42,BTCUSD_PERP,bid,57800,740.77
2024-09-16 09:18:43,BTCUSD_PERP,bid,57800,797.45
2024-09-16 09:18:43,BTCUSD_PERP,bid,57800,854.71
2024-09-16 09:18:43,BTCUSD_PERP,bid,57800,911.97
2024-09-16 09:19:09,BTCUSD_PERP,bid,57800,855.3
2024-09-16 09:19:09,BTCUSD_PERP,bid,57800,741.36
2024-09-16 09:19:10,BTCUSD_PERP,bid,57800,684.69
2024-09-16 09:22:58,BTCUSD_PERP,bid,57900,570.88
2024-09-16 09:22:58,BTCUSD_PERP,bid,57900,628.26
2024-09-16 09:27:24,BTCUSD_PERP,bid,57900,571.46
2024-09-16 09:27:48,BTCUSD_PERP,bid,57900,628.18
2024-09-16 09:30:06,BTCUSD_PERP,bid,57800,571.06
2024-09-16 09:30:07,BTCUSD_PERP,bid,57800,570.75
2024-09-16 09:30:08,BTCUSD_PERP,bid,57800,570.89
2024-09-16 09:31:13,BTCUSD_PERP,bid,57800,570.44
2024-09-16 09:32:25,BTCUSD_PERP,bid,57800,571.14
2024-09-16 09:32:25,BTCUSD_PERP,bid,57800,628.43
2024-09-16 09:32:25,BTCUSD_PERP,bid,57800,742.43
2024-09-16 09:32:25,BTCUSD_PERP,bid,57800,799.72
2024-09-16 09:32:41,BTCUSD_PERP,bid,57800,742.43
2024-09-16 09:32:41,BTCUSD_PERP,bid,57800,742.04
2024-09-16 09:32:41,BTCUSD_PERP,bid,57800,799.3
2024-09-16 09:32:45,BTCUSD_PERP,bid,57800,742.63
2024-09-16 09:32:45,BTCUSD_PERP,bid,57800,685.96
2024-09-16 09:33:19,BTCUSD_PERP,bid,57800,628.7
2024-09-16 09:33:19,BTCUSD_PERP,bid,57800,571.44
2024-09-16 09:33:19,BTCUSD_PERP,bid,57800,570.48
2024-09-16 09:43:04,BTCUSD_PERP,bid,57900,686.6
2024-09-16 09:43:42,BTCUSD_PERP,bid,57900,571.96
2024-09-16 09:43:42,BTCUSD_PERP,bid,57800,628.35
2024-09-16 09:43:42,BTCUSD_PERP,bid,57800,685.63
2024-09-16 09:44:07,BTCUSD_PERP,bid,57800,628.35
2024-09-16 09:44:08,BTCUSD_PERP,bid,57900,573.26
2024-09-16 09:44:08,BTCUSD_PERP,bid,57900,630.0
2024-09-16 09:44:08,BTCUSD_PERP,bid,57900,686.73
2024-09-16 09:44:08,BTCUSD_PERP,bid,57900,744.05
2024-09-16 09:44:08,BTCUSD_PERP,bid,57900,801.37
2024-09-16 09:44:08,BTCUSD_PERP,bid,57900,858.69
2024-09-16 09:45:38,BTCUSD_PERP,bid,57900,745.22
2024-09-16 09:45:38,BTCUSD_PERP,bid,57900,687.9
2024-09-16 09:45:39,BTCUSD_PERP,bid,57900,630.68
2024-09-16 09:45:39,BTCUSD_PERP,bid,57900,573.36
2024-09-16 09:54:44,BTCUSD_PERP,bid,57700,570.84
2024-09-16 10:03:19,BTCUSD_PERP,bid,57700,569.66
2024-09-16 10:03:19,BTCUSD_PERP,bid,57700,626.86
2024-09-16 10:04:42,BTCUSD_PERP,bid,57700,626.53
2024-09-16 10:06:14,BTCUSD_PERP,bid,57700,569.36
2024-09-16 10:06:15,BTCUSD_PERP,bid,57700,626.85
2024-09-16 10:06:15,BTCUSD_PERP,bid,57700,683.47
2024-09-16 10:07:24,BTCUSD_PERP,bid,57700,626.86
2024-09-16 10:07:25,BTCUSD_PERP,bid,57800,627.18
2024-09-16 10:07:25,BTCUSD_PERP,bid,57800,683.83
2024-09-16 10:07:25,BTCUSD_PERP,bid,57800,741.06
2024-09-16 10:07:25,BTCUSD_PERP,bid,57800,797.71
2024-09-16 10:07:25,BTCUSD_PERP,bid,57800,911.58
2024-09-16 10:07:26,BTCUSD_PERP,bid,57700,556.36
2024-09-16 10:07:32,BTCUSD_PERP,bid,57800,912.79
2024-09-16 10:08:19,BTCUSD_PERP,bid,57800,855.56
2024-09-16 10:08:19,BTCUSD_PERP,bid,57700,854.49
2024-09-16 10:08:20,BTCUSD_PERP,bid,57700,556.07
2024-09-16 10:08:20,BTCUSD_PERP,bid,57700,911.1
2024-09-16 10:08:58,BTCUSD_PERP,bid,57700,911.18
2024-09-16 10:08:58,BTCUSD_PERP,bid,57600,555.77
2024-09-16 10:09:09,BTCUSD_PERP,bid,57700,739.89
2024-09-16 10:12:06,BTCUSD_PERP,bid,57700,569.75
2024-09-16 10:12:07,BTCUSD_PERP,bid,57700,626.96
2024-09-16 10:12:08,BTCUSD_PERP,bid,57700,628.17
2024-09-16 10:12:58,BTCUSD_PERP,bid,57700,571.55
2024-09-16 10:13:00,BTCUSD_PERP,bid,57800,683.94
2024-09-16 10:13:00,BTCUSD_PERP,bid,57800,741.18
2024-09-16 10:14:07,BTCUSD_PERP,bid,57800,569.99
2024-09-16 10:21:41,BTCUSD_PERP,bid,57800,627.12
2024-09-16 10:25:02,BTCUSD_PERP,bid,57800,627.48
2024-09-16 10:29:32,BTCUSD_PERP,bid,57900,570.47
2024-09-16 10:31:26,BTCUSD_PERP,bid,57900,572.63
2024-09-16 10:31:26,BTCUSD_PERP,bid,57900,573.84
2024-09-16 10:34:20,BTCUSD_PERP,bid,58000,573.22
2024-09-16 10:34:20,BTCUSD_PERP,bid,58000,630.08
2024-09-16 10:34:20,BTCUSD_PERP,bid,58000,686.94
2024-09-16 10:37:29,BTCUSD_PERP,bid,57900,629.17
2024-09-16 10:37:29,BTCUSD_PERP,bid,57900,686.58
2024-09-16 10:40:18,BTCUSD_PERP,bid,57900,571.76
2024-09-16 10:40:20,BTCUSD_PERP,bid,58000,572.14
2024-09-16 10:41:09,BTCUSD_PERP,bid,57900,686.58
2024-09-16 10:41:47,BTCUSD_PERP,bid,57900,629.43
2024-09-16 10:41:47,BTCUSD_PERP,bid,57900,686.81
2024-09-16 10:45:58,BTCUSD_PERP,bid,57900,629.43
2024-09-16 11:04:20,BTCUSD_PERP,bid,58000,572.36
2024-09-16 11:04:20,BTCUSD_PERP,bid,58000,629.83
2024-09-16 11:04:41,BTCUSD_PERP,bid,58000,572.06
2024-09-16 11:04:41,BTCUSD_PERP,bid,58000,629.5
2024-09-16 11:12:28,BTCUSD_PERP,bid,57900,571.48
2024-09-16 11:17:49,BTCUSD_PERP,bid,58000,571.25
2024-09-16 11:17:49,BTCUSD_PERP,bid,58000,685.5
2024-09-16 11:17:49,BTCUSD_PERP,bid,58000,742.92
2024-09-16 11:17:50,BTCUSD_PERP,bid,58000,800.34
2024-09-16 11:17:50,BTCUSD_PERP,bid,58000,857.17
2024-09-16 11:19:42,BTCUSD_PERP,bid,58000,800.34
2024-09-16 11:19:43,BTCUSD_PERP,bid,57900,570.95
2024-09-16 11:19:43,BTCUSD_PERP,bid,57900,742.53
2024-09-16 11:19:43,BTCUSD_PERP,bid,57900,799.92
2024-09-16 11:19:44,BTCUSD_PERP,bid,57900,856.72
2024-09-16 11:23:29,BTCUSD_PERP,bid,57900,629.44
2024-09-16 11:23:29,BTCUSD_PERP,bid,57900,743.61
2024-09-16 11:25:45,BTCUSD_PERP,bid,57900,686.23
2024-09-16 11:25:45,BTCUSD_PERP,bid,57900,628.85
2024-09-16 11:25:45,BTCUSD_PERP,bid,57900,571.57
2024-09-16 11:25:46,BTCUSD_PERP,bid,57900,571.65
2024-09-16 11:25:46,BTCUSD_PERP,bid,57900,629.06
2024-09-16 11:25:46,BTCUSD_PERP,bid,57900,686.47
2024-09-16 11:25:47,BTCUSD_PERP,bid,57900,743.88
2024-09-16 11:30:30,BTCUSD_PERP,bid,57900,571.64
2024-09-16 11:30:30,BTCUSD_PERP,bid,57900,628.99
2024-09-16 11:35:39,BTCUSD_PERP,bid,57900,571.64
2024-09-16 11:35:40,BTCUSD_PERP,bid,57900,628.93
2024-09-16 11:35:40,BTCUSD_PERP,bid,57900,743.71
2024-09-16 11:35:41,BTCUSD_PERP,bid,57900,743.85
2024-09-16 11:39:08,BTCUSD_PERP,bid,57900,743.71
2024-09-16 11:40:00,BTCUSD_PERP,bid,57900,628.53
2024-09-16 11:40:00,BTCUSD_PERP,bid,57900,685.88
2024-09-16 11:40:59,BTCUSD_PERP,bid,57900,572.34
2024-09-16 11:40:59,BTCUSD_PERP,bid,57900,571.54
2024-09-16 11:40:59,BTCUSD_PERP,bid,57900,628.87
2024-09-16 11:40:59,BTCUSD_PERP,bid,57900,686.2
2024-09-16 11:46:03,BTCUSD_PERP,bid,57900,628.87
2024-09-16 11:46:03,BTCUSD_PERP,bid,57900,571.54
2024-09-16 11:46:03,BTCUSD_PERP,bid,57800,570.56
2024-09-16 11:46:03,BTCUSD_PERP,bid,57800,627.85
2024-09-16 11:46:22,BTCUSD_PERP,bid,57800,627.99
2024-09-16 11:49:54,BTCUSD_PERP,bid,57800,627.85
