2024-09-14 14:36:56,SOLUSDT,ask,144,37884.0
2024-09-14 14:37:10,SOLUSDT,bid,135,9776.0
2024-09-14 14:37:12,SOLUSDT,ask,140,33386.0
2024-09-14 14:37:16,SOLUSDT,bid,135,9780.0
2024-09-14 14:39:55,SOLUSDT,ask,141,9387.0
2024-09-14 14:40:08,SOLUSDT,ask,145,24249.0
2024-09-14 14:40:24,SOLUSDT,bid,135,9782.0
2024-09-14 14:40:49,SOLUSDT,bid,128,8662.0
2024-09-14 14:41:14,SOLUSDT,bid,135,9787.0
2024-09-14 14:42:05,SOLUSDT,ask,147,21387.0
2024-09-14 14:42:09,SOLUSDT,ask,145,24247.0
2024-09-14 14:42:16,SOLUSDT,ask,146,15702.0
2024-09-14 14:42:16,SOLUSDT,ask,144,37875.0
2024-09-14 14:42:17,SOLUSDT,ask,144,37914.0
2024-09-14 14:42:17,SOLUSDT,ask,140,33370.0
2024-09-14 14:42:34,SOLUSDT,bid,133,10272.0
2024-09-14 14:42:34,SOLUSDT,bid,110,20481.0
2024-09-14 14:42:34,SOLUSDT,bid,136,8216.0
2024-09-14 14:42:37,SOLUSDT,ask,141,10264.0
2024-09-14 14:42:37,SOLUSDT,ask,138,8213.0
2024-09-14 14:43:32,SOLUSDT,ask,144,37875.0
2024-09-14 14:43:59,SOLUSDT,ask,143,14035.0
2024-09-14 14:44:10,SOLUSDT,bid,135,9781.0
2024-09-14 14:44:51,SOLUSDT,ask,140,33371.0
2024-09-14 14:44:57,SOLUSDT,ask,141,9388.0
2024-09-14 14:45:30,SOLUSDT,ask,146,15698.0
2024-09-14 14:46:15,SOLUSDT,bid,135,9606.0
2024-09-14 14:46:34,SOLUSDT,bid,128,8660.0
2024-09-14 14:46:37,SOLUSDT,bid,110,20472.0
2024-09-14 14:46:53,SOLUSDT,bid,110,20463.0
2024-09-14 14:47:12,SOLUSDT,ask,140,33377.0
2024-09-14 14:47:34,SOLUSDT,bid,135,9616.0
2024-09-14 14:48:24,SOLUSDT,ask,146,15630.0
2024-09-14 14:48:52,SOLUSDT,ask,144,39233.0
2024-09-14 14:48:52,SOLUSDT,bid,135,9538.0
2024-09-14 14:49:07,SOLUSDT,ask,138,8309.0
2024-09-14 14:49:09,SOLUSDT,ask,138,8213.0
2024-09-14 14:49:09,SOLUSDT,ask,138,8309.0
2024-09-14 14:49:09,SOLUSDT,ask,138,8213.0
2024-09-14 14:49:24,SOLUSDT,ask,143,23658.0
2024-09-14 14:49:27,SOLUSDT,bid,110,20464.0
2024-09-14 14:49:27,SOLUSDT,bid,110,20463.0
2024-09-14 14:49:28,SOLUSDT,bid,110,20464.0
2024-09-14 14:49:28,SOLUSDT,bid,110,20463.0
2024-09-14 14:49:28,SOLUSDT,bid,110,20463.0
2024-09-14 14:49:30,SOLUSDT,bid,110,20463.0
2024-09-14 14:49:30,SOLUSDT,bid,110,20463.0
2024-09-14 14:49:30,SOLUSDT,bid,110,20464.0
2024-09-14 14:49:30,SOLUSDT,bid,110,20463.0
2024-09-14 14:49:31,SOLUSDT,bid,110,20463.0
2024-09-14 14:49:31,SOLUSDT,bid,110,20463.0
2024-09-14 14:49:32,SOLUSDT,bid,110,20463.0
2024-09-14 14:49:32,SOLUSDT,bid,110,20463.0
2024-09-14 14:49:32,SOLUSDT,bid,110,20463.0
2024-09-14 14:49:32,SOLUSDT,bid,110,20464.0
2024-09-14 14:49:32,SOLUSDT,bid,110,20463.0
2024-09-14 14:49:36,SOLUSDT,bid,110,20463.0
2024-09-14 14:49:36,SOLUSDT,bid,110,20463.0
2024-09-14 14:49:37,SOLUSDT,bid,110,20463.0
2024-09-14 14:49:37,SOLUSDT,bid,110,20464.0
2024-09-14 14:49:37,SOLUSDT,bid,110,20463.0
2024-09-14 14:49:37,SOLUSDT,bid,110,20464.0
2024-09-14 14:49:37,SOLUSDT,bid,110,20463.0
2024-09-14 14:49:37,SOLUSDT,bid,110,20464.0
2024-09-14 14:49:37,SOLUSDT,bid,110,20463.0
2024-09-14 14:49:38,SOLUSDT,bid,110,20464.0
2024-09-14 14:49:38,SOLUSDT,bid,110,20463.0
2024-09-14 14:49:38,SOLUSDT,bid,110,20463.0
2024-09-14 14:49:38,SOLUSDT,bid,110,20463.0
2024-09-14 14:49:38,SOLUSDT,bid,110,20463.0
2024-09-14 14:49:38,SOLUSDT,bid,110,20463.0
2024-09-14 14:49:38,SOLUSDT,bid,110,20463.0
2024-09-14 14:49:40,SOLUSDT,bid,110,20463.0
2024-09-14 14:49:40,SOLUSDT,bid,110,20463.0
2024-09-14 14:49:40,SOLUSDT,bid,110,20464.0
2024-09-14 14:49:40,SOLUSDT,bid,110,20463.0
2024-09-14 14:49:40,SOLUSDT,bid,110,20464.0
2024-09-14 14:49:40,SOLUSDT,bid,110,20463.0
2024-09-14 14:49:41,SOLUSDT,bid,110,20464.0
2024-09-14 14:49:41,SOLUSDT,bid,110,20463.0
2024-09-14 14:49:43,SOLUSDT,bid,110,20464.0
2024-09-14 14:49:43,SOLUSDT,bid,110,20463.0
2024-09-14 14:49:43,SOLUSDT,bid,110,20463.0
2024-09-14 14:49:43,SOLUSDT,bid,110,20463.0
2024-09-14 14:49:43,SOLUSDT,bid,110,20463.0
2024-09-14 14:49:44,SOLUSDT,bid,110,20463.0
2024-09-14 14:49:46,SOLUSDT,bid,110,20463.0
2024-09-14 14:49:46,SOLUSDT,bid,110,20463.0
2024-09-14 14:49:46,SOLUSDT,bid,110,20464.0
2024-09-14 14:49:46,SOLUSDT,bid,110,20463.0
2024-09-14 14:49:46,SOLUSDT,bid,120,15367.0
2024-09-14 14:49:46,SOLUSDT,bid,125,12284.0
2024-09-14 14:49:46,SOLUSDT,bid,110,20464.0
2024-09-14 14:49:47,SOLUSDT,bid,110,20463.0
2024-09-14 14:49:47,SOLUSDT,bid,110,20464.0
2024-09-14 14:49:47,SOLUSDT,bid,110,20463.0
2024-09-14 14:49:47,SOLUSDT,bid,110,20464.0
2024-09-14 14:49:47,SOLUSDT,bid,110,20463.0
2024-09-14 14:49:50,SOLUSDT,bid,110,20463.0
2024-09-14 14:49:50,SOLUSDT,bid,110,20463.0
2024-09-14 14:49:50,SOLUSDT,bid,110,20463.0
2024-09-14 14:49:50,SOLUSDT,bid,110,20463.0
2024-09-14 14:49:50,SOLUSDT,bid,110,20463.0
2024-09-14 14:49:50,SOLUSDT,bid,110,20464.0
2024-09-14 14:49:50,SOLUSDT,bid,110,20463.0
2024-09-14 14:49:53,SOLUSDT,bid,110,20464.0
2024-09-14 14:49:53,SOLUSDT,bid,110,20463.0
2024-09-14 14:49:54,SOLUSDT,bid,110,20464.0
2024-09-14 14:49:54,SOLUSDT,bid,110,20463.0
2024-09-14 14:49:54,SOLUSDT,bid,110,20463.0
2024-09-14 14:49:54,SOLUSDT,bid,110,20464.0
2024-09-14 14:49:54,SOLUSDT,bid,110,20463.0
2024-09-14 14:49:54,SOLUSDT,bid,110,20464.0
2024-09-14 14:49:54,SOLUSDT,bid,110,20463.0
2024-09-14 14:49:54,SOLUSDT,bid,110,20464.0
2024-09-14 14:49:54,SOLUSDT,bid,110,20463.0
2024-09-14 14:49:58,SOLUSDT,bid,110,20463.0
2024-09-14 14:49:58,SOLUSDT,bid,110,20463.0
2024-09-14 14:49:58,SOLUSDT,ask,138,8224.0
2024-09-14 14:49:58,SOLUSDT,bid,110,20463.0
2024-09-14 14:49:58,SOLUSDT,bid,110,20463.0
2024-09-14 14:49:58,SOLUSDT,bid,110,20464.0
2024-09-14 14:49:58,SOLUSDT,bid,110,20463.0
2024-09-14 14:49:58,SOLUSDT,bid,110,20464.0
2024-09-14 14:49:58,SOLUSDT,bid,110,20463.0
2024-09-14 14:50:00,SOLUSDT,bid,110,20464.0
2024-09-14 14:50:00,SOLUSDT,bid,110,20463.0
2024-09-14 14:50:00,SOLUSDT,bid,110,20464.0
2024-09-14 14:50:00,SOLUSDT,bid,110,20463.0
2024-09-14 14:50:00,SOLUSDT,bid,110,20464.0
2024-09-14 14:50:00,SOLUSDT,bid,110,20463.0
2024-09-14 14:50:00,SOLUSDT,bid,110,20464.0
2024-09-14 14:50:00,SOLUSDT,bid,110,20463.0
2024-09-14 14:50:01,SOLUSDT,bid,125,12283.0
2024-09-14 14:50:01,SOLUSDT,bid,128,8659.0
2024-09-14 14:50:01,SOLUSDT,bid,110,20463.0
2024-09-14 14:50:01,SOLUSDT,bid,110,20463.0
2024-09-14 14:50:02,SOLUSDT,bid,110,20463.0
2024-09-14 14:50:02,SOLUSDT,bid,110,20463.0
2024-09-14 14:50:03,SOLUSDT,bid,136,8214.0
2024-09-14 14:50:12,SOLUSDT,bid,135,9558.0
2024-09-14 14:51:37,SOLUSDT,bid,133,10265.0
2024-09-14 14:51:37,SOLUSDT,bid,136,8227.0
2024-09-14 14:51:37,SOLUSDT,ask,141,10264.0
2024-09-14 14:51:37,SOLUSDT,ask,138,8214.0
2024-09-14 14:51:38,SOLUSDT,bid,110,20464.0
2024-09-14 14:51:38,SOLUSDT,bid,110,20463.0
2024-09-14 14:51:40,SOLUSDT,bid,110,20464.0
2024-09-14 14:51:40,SOLUSDT,bid,110,20463.0
2024-09-14 14:51:40,SOLUSDT,bid,110,20464.0
2024-09-14 14:51:40,SOLUSDT,bid,110,20463.0
2024-09-14 14:51:40,SOLUSDT,bid,110,20464.0
2024-09-14 14:51:40,SOLUSDT,bid,110,20463.0
2024-09-14 14:51:43,SOLUSDT,bid,110,20464.0
2024-09-14 14:51:43,SOLUSDT,bid,110,20463.0
2024-09-14 14:51:43,SOLUSDT,bid,110,20464.0
2024-09-14 14:51:43,SOLUSDT,bid,110,20463.0
2024-09-14 14:51:43,SOLUSDT,bid,110,20464.0
2024-09-14 14:51:43,SOLUSDT,bid,110,20463.0
2024-09-14 14:51:43,SOLUSDT,bid,110,20464.0
2024-09-14 14:51:43,SOLUSDT,bid,110,20463.0
2024-09-14 14:51:44,SOLUSDT,bid,110,20464.0
2024-09-14 14:51:44,SOLUSDT,bid,110,20463.0
2024-09-14 14:51:44,SOLUSDT,bid,110,20464.0
2024-09-14 14:51:44,SOLUSDT,bid,110,20463.0
2024-09-14 14:51:44,SOLUSDT,bid,110,20464.0
2024-09-14 14:51:44,SOLUSDT,bid,110,20463.0
2024-09-14 14:51:47,SOLUSDT,bid,110,20464.0
2024-09-14 14:51:47,SOLUSDT,bid,110,20463.0
2024-09-14 14:51:47,SOLUSDT,bid,110,20464.0
2024-09-14 14:51:47,SOLUSDT,bid,110,20463.0
2024-09-14 14:51:47,SOLUSDT,bid,110,20464.0
2024-09-14 14:51:47,SOLUSDT,bid,110,20463.0
2024-09-14 14:51:47,SOLUSDT,bid,110,20463.0
2024-09-14 14:51:48,SOLUSDT,bid,110,20463.0
2024-09-14 14:51:48,SOLUSDT,bid,110,20463.0
2024-09-14 14:51:48,SOLUSDT,bid,110,20463.0
2024-09-14 14:51:50,SOLUSDT,bid,110,20464.0
2024-09-14 14:51:50,SOLUSDT,bid,110,20463.0
2024-09-14 14:51:50,SOLUSDT,bid,110,20464.0
2024-09-14 14:51:50,SOLUSDT,bid,110,20463.0
2024-09-14 14:51:50,SOLUSDT,bid,110,20463.0
2024-09-14 14:51:50,SOLUSDT,bid,110,20463.0
2024-09-14 14:51:53,SOLUSDT,bid,110,20463.0
2024-09-14 14:51:53,SOLUSDT,bid,110,20463.0
2024-09-14 14:51:53,SOLUSDT,bid,110,20463.0
2024-09-14 14:51:53,SOLUSDT,bid,110,20463.0
2024-09-14 14:51:53,SOLUSDT,bid,110,20463.0
2024-09-14 14:51:54,SOLUSDT,bid,110,20463.0
2024-09-14 14:51:55,SOLUSDT,bid,110,20464.0
2024-09-14 14:51:55,SOLUSDT,bid,110,20463.0
2024-09-14 14:51:55,SOLUSDT,bid,110,20463.0
2024-09-14 14:51:55,SOLUSDT,bid,110,20464.0
2024-09-14 14:51:55,SOLUSDT,bid,110,20463.0
2024-09-14 14:51:55,SOLUSDT,bid,110,20463.0
2024-09-14 14:51:58,SOLUSDT,bid,110,20463.0
2024-09-14 14:51:58,SOLUSDT,bid,110,20463.0
2024-09-14 14:51:58,SOLUSDT,bid,110,20464.0
2024-09-14 14:51:58,SOLUSDT,bid,110,20463.0
2024-09-14 14:52:00,SOLUSDT,bid,110,20463.0
2024-09-14 14:52:29,SOLUSDT,ask,140,33372.0
2024-09-14 14:52:46,SOLUSDT,ask,145,24248.0
2024-09-14 14:53:04,SOLUSDT,ask,171,8078.0
2024-09-14 14:53:34,SOLUSDT,bid,115,11302.0
2024-09-14 14:53:39,SOLUSDT,bid,135,9543.0
2024-09-14 14:54:04,SOLUSDT,ask,141,9369.0
2024-09-14 14:54:09,SOLUSDT,bid,128,8665.0
2024-09-14 14:54:17,SOLUSDT,bid,82,24247.0
2024-09-14 14:54:25,SOLUSDT,ask,143,23656.0
2024-09-14 14:54:42,SOLUSDT,ask,141,9366.0
2024-09-14 14:54:46,SOLUSDT,bid,135,9643.0
2024-09-14 14:55:09,SOLUSDT,ask,145,24243.0
2024-09-14 14:55:11,SOLUSDT,bid,135,9638.0
2024-09-14 14:55:14,SOLUSDT,bid,135,9643.0
2024-09-14 14:55:24,SOLUSDT,bid,135,9635.0
2024-09-14 14:56:24,SOLUSDT,ask,138,8216.0
2024-09-14 14:56:25,SOLUSDT,ask,138,8214.0
2024-09-14 14:56:30,SOLUSDT,bid,112,15291.0
2024-09-14 14:57:09,SOLUSDT,ask,141,14318.0
2024-09-14 14:57:38,SOLUSDT,ask,140,33362.0
2024-09-14 14:58:05,SOLUSDT,bid,82,24247.0
2024-09-14 14:58:36,SOLUSDT,ask,145,24242.0
2024-09-14 14:58:38,SOLUSDT,bid,135,9633.0
2024-09-14 14:58:52,SOLUSDT,ask,140,33363.0
2024-09-14 14:59:44,SOLUSDT,ask,144,37874.0
2024-09-14 15:00:03,SOLUSDT,bid,136,8235.0
2024-09-14 15:00:05,SOLUSDT,bid,136,8257.0
2024-09-14 15:00:06,SOLUSDT,bid,125,12294.0
2024-09-14 15:00:46,SOLUSDT,ask,140,33349.0
2024-09-14 15:00:47,SOLUSDT,ask,140,33342.0
2024-09-14 15:01:00,SOLUSDT,bid,136,8235.0
2024-09-14 15:01:01,SOLUSDT,bid,136,8227.0
2024-09-14 15:01:14,SOLUSDT,bid,135,9630.0
2024-09-14 15:01:58,SOLUSDT,ask,140,33285.0
2024-09-14 15:01:59,SOLUSDT,bid,135,9607.0
2024-09-14 15:02:10,SOLUSDT,ask,141,14212.0
2024-09-14 15:02:14,SOLUSDT,ask,140,14963.0
2024-09-14 15:02:20,SOLUSDT,bid,135,9624.0
2024-09-14 15:02:25,SOLUSDT,bid,133,10264.0
2024-09-14 15:02:25,SOLUSDT,bid,136,8252.0
2024-09-14 15:02:25,SOLUSDT,ask,141,10265.0
2024-09-14 15:02:25,SOLUSDT,ask,138,8211.0
2024-09-14 15:03:05,SOLUSDT,bid,135,9625.0
2024-09-14 15:03:22,SOLUSDT,bid,135,9624.0
2024-09-14 15:03:24,SOLUSDT,bid,135,9620.0
2024-09-14 15:03:55,SOLUSDT,bid,135,9621.0
2024-09-14 15:04:46,SOLUSDT,bid,135,9619.0
2024-09-14 15:04:54,SOLUSDT,ask,145,24236.0
2024-09-14 15:05:03,SOLUSDT,bid,135,9733.0
2024-09-14 15:05:03,SOLUSDT,bid,125,12283.0
2024-09-14 15:05:54,SOLUSDT,bid,135,9734.0
2024-09-14 15:06:03,SOLUSDT,ask,140,33286.0
2024-09-14 15:06:07,SOLUSDT,ask,141,9367.0
2024-09-14 15:07:04,SOLUSDT,bid,135,9741.0
2024-09-14 15:07:08,SOLUSDT,ask,140,33291.0
2024-09-14 15:07:09,SOLUSDT,bid,135,9734.0
2024-09-14 15:07:14,SOLUSDT,ask,140,14468.0
2024-09-14 15:08:02,SOLUSDT,bid,136,8274.0
2024-09-14 15:08:03,SOLUSDT,bid,135,9740.0
2024-09-14 15:08:04,SOLUSDT,bid,135,9746.0
2024-09-14 15:08:04,SOLUSDT,bid,136,8282.0
2024-09-14 15:08:15,SOLUSDT,bid,128,8666.0
2024-09-14 15:08:15,SOLUSDT,bid,128,8654.0
2024-09-14 15:08:25,SOLUSDT,bid,128,8653.0
2024-09-14 15:08:32,SOLUSDT,ask,140,33290.0
2024-09-14 15:09:00,SOLUSDT,bid,135,9740.0
2024-09-14 15:09:00,SOLUSDT,bid,135,9734.0
2024-09-14 15:10:01,SOLUSDT,bid,136,8274.0
2024-09-14 15:10:03,SOLUSDT,ask,144,37875.0
2024-09-14 15:10:05,SOLUSDT,bid,136,8252.0
2024-09-14 15:10:20,SOLUSDT,bid,135,9735.0
2024-09-14 15:10:29,SOLUSDT,ask,145,24764.0
2024-09-14 15:10:36,SOLUSDT,bid,135,9736.0
2024-09-14 15:11:18,SOLUSDT,bid,135,9747.0
2024-09-14 15:11:35,SOLUSDT,bid,135,9746.0
2024-09-14 15:12:26,SOLUSDT,bid,135,9775.0
2024-09-14 15:12:27,SOLUSDT,bid,133,10264.0
2024-09-14 15:12:28,SOLUSDT,bid,136,8241.0
2024-09-14 15:12:29,SOLUSDT,ask,141,10264.0
2024-09-14 15:12:29,SOLUSDT,ask,138,8211.0
2024-09-14 15:13:07,SOLUSDT,bid,136,8214.0
2024-09-14 15:13:19,SOLUSDT,bid,135,9762.0
2024-09-14 15:13:21,SOLUSDT,bid,135,9705.0
2024-09-14 15:13:52,SOLUSDT,ask,140,33304.0
2024-09-14 15:14:11,SOLUSDT,bid,128,8647.0
2024-09-14 15:14:34,SOLUSDT,bid,135,9676.0
2024-09-14 15:14:38,SOLUSDT,ask,140,33276.0
2024-09-14 15:14:38,SOLUSDT,ask,145,14668.0
2024-09-14 15:14:47,SOLUSDT,bid,135,9716.0
2024-09-14 15:15:09,SOLUSDT,ask,140,33273.0
2024-09-14 15:15:18,SOLUSDT,ask,145,24770.0
2024-09-14 15:15:23,SOLUSDT,bid,135,9750.0
2024-09-14 15:15:42,SOLUSDT,bid,135,9747.0
2024-09-14 15:16:15,SOLUSDT,bid,128,8649.0
2024-09-14 15:16:53,SOLUSDT,bid,135,9748.0
2024-09-14 15:17:04,SOLUSDT,bid,135,9750.0
2024-09-14 15:17:28,SOLUSDT,bid,128,8651.0
2024-09-14 15:17:34,SOLUSDT,ask,140,33275.0
2024-09-14 15:17:39,SOLUSDT,ask,145,24768.0
2024-09-14 15:17:43,SOLUSDT,bid,120,15284.0
2024-09-14 15:17:43,SOLUSDT,bid,125,12086.0
2024-09-14 15:17:43,SOLUSDT,bid,128,8559.0
2024-09-14 15:17:59,SOLUSDT,bid,136,8227.0
2024-09-14 15:17:59,SOLUSDT,bid,136,8214.0
2024-09-14 15:19:23,SOLUSDT,bid,135,9751.0
2024-09-14 15:19:23,SOLUSDT,ask,140,34582.0
2024-09-14 15:19:23,SOLUSDT,bid,135,11022.0
2024-09-14 15:19:29,SOLUSDT,ask,140,34579.0
2024-09-14 15:19:34,SOLUSDT,bid,135,10983.0
2024-09-14 15:19:53,SOLUSDT,ask,140,34578.0
2024-09-14 15:20:04,SOLUSDT,ask,140,33271.0
2024-09-14 15:20:04,SOLUSDT,bid,135,9712.0
2024-09-14 15:20:15,SOLUSDT,bid,120,15288.0
2024-09-14 15:20:43,SOLUSDT,ask,140,33270.0
2024-09-14 15:21:11,SOLUSDT,ask,146,15623.0
2024-09-14 15:21:37,SOLUSDT,bid,133,11003.0
2024-09-14 15:21:37,SOLUSDT,bid,133,11009.0
2024-09-14 15:21:37,SOLUSDT,bid,136,8211.0
2024-09-14 15:21:37,SOLUSDT,ask,141,10264.0
2024-09-14 15:21:38,SOLUSDT,ask,138,8213.0
2024-09-14 15:21:42,SOLUSDT,ask,138,8309.0
2024-09-14 15:21:42,SOLUSDT,ask,138,8213.0
2024-09-14 15:21:46,SOLUSDT,ask,138,8309.0
2024-09-14 15:21:47,SOLUSDT,ask,138,8213.0
2024-09-14 15:22:18,SOLUSDT,bid,135,9714.0
2024-09-14 15:22:36,SOLUSDT,bid,135,9680.0
2024-09-14 15:23:03,SOLUSDT,ask,143,14034.0
2024-09-14 15:23:03,SOLUSDT,ask,143,14033.0
2024-09-14 15:23:08,SOLUSDT,bid,128,8558.0
2024-09-14 15:23:12,SOLUSDT,bid,135,9681.0
2024-09-14 15:23:39,SOLUSDT,ask,151,14762.0
2024-09-14 15:23:48,SOLUSDT,ask,151,14761.0
2024-09-14 15:24:00,SOLUSDT,bid,135,9679.0
2024-09-14 15:24:03,SOLUSDT,ask,140,33269.0
2024-09-14 15:24:13,SOLUSDT,ask,140,33268.0
2024-09-14 15:24:20,SOLUSDT,bid,135,9662.0
2024-09-14 15:24:25,SOLUSDT,bid,112,15308.0
2024-09-14 15:24:34,SOLUSDT,bid,135,9691.0
2024-09-14 15:24:48,SOLUSDT,ask,140,33129.0
2024-09-14 15:25:22,SOLUSDT,bid,115,10713.0
2024-09-14 15:26:06,SOLUSDT,ask,145,20667.0
2024-09-14 15:26:13,SOLUSDT,ask,145,24763.0
2024-09-14 15:26:23,SOLUSDT,bid,120,15262.0
2024-09-14 15:26:31,SOLUSDT,bid,135,9696.0
2024-09-14 15:26:32,SOLUSDT,ask,147,21392.0
2024-09-14 15:26:36,SOLUSDT,ask,147,21437.0
2024-09-14 15:27:38,SOLUSDT,ask,146,15627.0
2024-09-14 15:27:57,SOLUSDT,bid,135,9691.0
2024-09-14 15:27:57,SOLUSDT,ask,147,21392.0
2024-09-14 15:27:57,SOLUSDT,bid,135,9681.0
2024-09-14 15:28:15,SOLUSDT,bid,120,15261.0
2024-09-14 15:28:15,SOLUSDT,ask,141,9463.0
2024-09-14 15:28:25,SOLUSDT,bid,135,9713.0
2024-09-14 15:28:31,SOLUSDT,bid,135,9714.0
2024-09-14 15:28:31,SOLUSDT,bid,133,11010.0
2024-09-14 15:28:37,SOLUSDT,bid,135,9814.0
2024-09-14 15:28:50,SOLUSDT,bid,135,9830.0
2024-09-14 15:29:00,SOLUSDT,bid,120,15262.0
2024-09-14 15:29:08,SOLUSDT,bid,135,9838.0
2024-09-14 15:29:09,SOLUSDT,bid,112,15291.0
2024-09-14 15:29:24,SOLUSDT,ask,140,33126.0
2024-09-14 15:29:25,SOLUSDT,bid,120,15261.0
2024-09-14 15:29:29,SOLUSDT,ask,140,33125.0
2024-09-14 15:29:33,SOLUSDT,ask,140,33095.0
2024-09-14 15:30:18,SOLUSDT,ask,140,33096.0
2024-09-14 15:31:01,SOLUSDT,ask,141,9437.0
2024-09-14 15:31:06,SOLUSDT,bid,136,9681.0
2024-09-14 15:31:13,SOLUSDT,bid,135,9837.0
2024-09-14 15:31:37,SOLUSDT,bid,125,12121.0
2024-09-14 15:31:40,SOLUSDT,bid,135,9844.0
2024-09-14 15:31:47,SOLUSDT,ask,141,9436.0
2024-09-14 15:32:08,SOLUSDT,bid,136,8211.0
2024-09-14 15:32:12,SOLUSDT,bid,135,9842.0
2024-09-14 15:32:41,SOLUSDT,bid,115,10714.0
2024-09-14 15:32:45,SOLUSDT,bid,133,10266.0
2024-09-14 15:32:47,SOLUSDT,bid,135,8213.0
2024-09-14 15:32:47,SOLUSDT,ask,141,10268.0
2024-09-14 15:32:47,SOLUSDT,ask,138,8212.0
2024-09-14 15:33:05,SOLUSDT,bid,135,8211.0
2024-09-14 15:33:30,SOLUSDT,bid,135,9834.0
2024-09-14 15:34:33,SOLUSDT,bid,135,9844.0
2024-09-14 15:35:01,SOLUSDT,bid,137,12246.0
2024-09-14 15:35:05,SOLUSDT,bid,137,12274.0
2024-09-14 15:35:17,SOLUSDT,bid,137,12266.0
2024-09-14 15:35:23,SOLUSDT,bid,137,12293.0
2024-09-14 15:35:26,SOLUSDT,bid,137,12320.0
2024-09-14 15:35:26,SOLUSDT,bid,137,12348.0
2024-09-14 15:35:27,SOLUSDT,bid,137,12376.0
2024-09-14 15:35:29,SOLUSDT,bid,137,12403.0
2024-09-14 15:35:30,SOLUSDT,bid,137,12430.0
2024-09-14 15:35:31,SOLUSDT,bid,137,12457.0
2024-09-14 15:35:39,SOLUSDT,bid,135,9845.0
2024-09-14 15:35:44,SOLUSDT,ask,138,8216.0
2024-09-14 15:35:51,SOLUSDT,bid,137,12458.0
2024-09-14 15:35:52,SOLUSDT,bid,137,10760.0
2024-09-14 15:35:55,SOLUSDT,bid,137,10780.0
2024-09-14 15:36:03,SOLUSDT,bid,137,10799.0
2024-09-14 15:36:05,SOLUSDT,bid,137,10803.0
2024-09-14 15:36:07,SOLUSDT,bid,137,10418.0
2024-09-14 15:36:10,SOLUSDT,bid,137,10400.0
2024-09-14 15:36:11,SOLUSDT,bid,137,10408.0
2024-09-14 15:36:15,SOLUSDT,bid,137,10412.0
2024-09-14 15:36:17,SOLUSDT,bid,133,10274.0
2024-09-14 15:36:22,SOLUSDT,bid,137,10411.0
2024-09-14 15:36:23,SOLUSDT,bid,137,10403.0
2024-09-14 15:36:26,SOLUSDT,bid,137,10383.0
2024-09-14 15:36:31,SOLUSDT,bid,137,10411.0
2024-09-14 15:36:39,SOLUSDT,bid,137,10412.0
2024-09-14 15:36:42,SOLUSDT,bid,137,10411.0
2024-09-14 15:36:46,SOLUSDT,bid,137,10412.0
2024-09-14 15:36:46,SOLUSDT,bid,137,10462.0
2024-09-14 15:36:47,SOLUSDT,bid,137,10463.0
2024-09-14 15:36:50,SOLUSDT,bid,137,10462.0
2024-09-14 15:36:51,SOLUSDT,bid,135,9861.0
2024-09-14 15:37:01,SOLUSDT,bid,137,10458.0
2024-09-14 15:37:02,SOLUSDT,bid,137,10459.0
2024-09-14 15:37:02,SOLUSDT,bid,137,11033.0
2024-09-14 15:37:04,SOLUSDT,bid,137,11108.0
2024-09-14 15:37:08,SOLUSDT,ask,137,11308.0
2024-09-14 15:37:10,SOLUSDT,bid,137,11089.0
2024-09-14 15:37:14,SOLUSDT,bid,137,11062.0
2024-09-14 15:37:14,SOLUSDT,bid,137,10554.0
2024-09-14 15:37:14,SOLUSDT,bid,137,10527.0
2024-09-14 15:37:14,SOLUSDT,bid,137,10500.0
2024-09-14 15:37:16,SOLUSDT,bid,137,10507.0
2024-09-14 15:37:18,SOLUSDT,bid,137,10482.0
2024-09-14 15:37:18,SOLUSDT,bid,137,10426.0
2024-09-14 15:37:19,SOLUSDT,bid,137,10344.0
2024-09-14 15:37:19,SOLUSDT,bid,133,10266.0
2024-09-14 15:37:19,SOLUSDT,bid,137,10337.0
2024-09-14 15:37:20,SOLUSDT,ask,141,9431.0
2024-09-14 15:37:21,SOLUSDT,bid,137,10237.0
2024-09-14 15:37:21,SOLUSDT,bid,137,10276.0
2024-09-14 15:37:27,SOLUSDT,bid,137,10266.0
2024-09-14 15:37:28,SOLUSDT,bid,137,10146.0
2024-09-14 15:37:32,SOLUSDT,bid,137,10144.0
2024-09-14 15:37:32,SOLUSDT,bid,137,10094.0
2024-09-14 15:37:33,SOLUSDT,bid,137,10280.0
2024-09-14 15:37:33,SOLUSDT,bid,137,10332.0
2024-09-14 15:37:33,SOLUSDT,bid,137,10080.0
2024-09-14 15:37:35,SOLUSDT,bid,135,9862.0
2024-09-14 15:37:35,SOLUSDT,bid,137,10079.0
2024-09-14 15:37:38,SOLUSDT,bid,137,10042.0
2024-09-14 15:37:39,SOLUSDT,bid,137,10114.0
2024-09-14 15:37:39,SOLUSDT,bid,137,10042.0
2024-09-14 15:37:39,SOLUSDT,bid,137,10056.0
2024-09-14 15:37:40,SOLUSDT,bid,137,10063.0
2024-09-14 15:37:40,SOLUSDT,bid,137,10092.0
2024-09-14 15:37:40,SOLUSDT,bid,137,10042.0
2024-09-14 15:37:40,SOLUSDT,bid,137,10103.0
2024-09-14 15:37:40,SOLUSDT,bid,137,10176.0
2024-09-14 15:37:41,SOLUSDT,bid,137,10103.0
2024-09-14 15:37:44,SOLUSDT,bid,137,10206.0
2024-09-14 15:37:44,SOLUSDT,bid,137,10279.0
2024-09-14 15:37:44,SOLUSDT,bid,137,10176.0
2024-09-14 15:37:44,SOLUSDT,bid,137,10103.0
2024-09-14 15:37:48,SOLUSDT,bid,137,10200.0
2024-09-14 15:37:48,SOLUSDT,bid,137,10103.0
2024-09-14 15:37:48,SOLUSDT,bid,137,10107.0
2024-09-14 15:37:48,SOLUSDT,bid,137,10132.0
2024-09-14 15:37:48,SOLUSDT,bid,137,10130.0
2024-09-14 15:37:48,SOLUSDT,bid,137,10105.0
2024-09-14 15:37:50,SOLUSDT,bid,137,10065.0
2024-09-14 15:37:50,SOLUSDT,bid,137,10019.0
2024-09-14 15:37:50,SOLUSDT,bid,137,10002.0
2024-09-14 15:37:52,SOLUSDT,bid,137,10007.0
2024-09-14 15:37:52,SOLUSDT,bid,137,10002.0
2024-09-14 15:37:53,SOLUSDT,bid,137,10034.0
2024-09-14 15:37:55,SOLUSDT,bid,137,10179.0
2024-09-14 15:37:55,SOLUSDT,bid,137,10198.0
2024-09-14 15:37:55,SOLUSDT,bid,137,10002.0
2024-09-14 15:37:56,SOLUSDT,bid,137,10011.0
2024-09-14 15:37:56,SOLUSDT,bid,137,10002.0
2024-09-14 15:37:56,SOLUSDT,bid,137,10011.0
2024-09-14 15:37:56,SOLUSDT,bid,137,10016.0
2024-09-14 15:37:56,SOLUSDT,bid,137,10011.0
2024-09-14 15:37:57,SOLUSDT,bid,137,10002.0
2024-09-14 15:37:57,SOLUSDT,bid,137,10002.0
2024-09-14 15:37:57,SOLUSDT,bid,137,10002.0
2024-09-14 15:37:58,SOLUSDT,bid,137,10011.0
2024-09-14 15:37:58,SOLUSDT,bid,137,10002.0
2024-09-14 15:38:00,SOLUSDT,ask,137,11310.0
2024-09-14 15:38:00,SOLUSDT,bid,137,10007.0
2024-09-14 15:38:00,SOLUSDT,bid,137,10016.0
2024-09-14 15:38:00,SOLUSDT,bid,137,10007.0
2024-09-14 15:38:02,SOLUSDT,bid,137,10007.0
2024-09-14 15:38:02,SOLUSDT,bid,137,10007.0
2024-09-14 15:38:02,SOLUSDT,bid,137,10016.0
2024-09-14 15:38:02,SOLUSDT,bid,137,10007.0
2024-09-14 15:38:03,SOLUSDT,bid,137,10207.0
2024-09-14 15:38:25,SOLUSDT,ask,140,33095.0
2024-09-14 15:38:44,SOLUSDT,ask,138,8212.0
2024-09-14 15:38:51,SOLUSDT,bid,128,8562.0
2024-09-14 15:39:01,SOLUSDT,bid,135,9861.0
2024-09-14 15:39:05,SOLUSDT,bid,135,9910.0
2024-09-14 15:39:06,SOLUSDT,bid,135,9922.0
2024-09-14 15:39:15,SOLUSDT,bid,135,9940.0
2024-09-14 15:39:30,SOLUSDT,ask,145,24235.0
2024-09-14 15:39:31,SOLUSDT,bid,135,8212.0
2024-09-14 15:39:32,SOLUSDT,bid,135,8211.0
2024-09-14 15:39:38,SOLUSDT,bid,120,15230.0
2024-09-14 15:39:46,SOLUSDT,bid,135,9946.0
2024-09-14 15:39:47,SOLUSDT,bid,120,15303.0
2024-09-14 15:39:52,SOLUSDT,ask,140,33052.0
2024-09-14 15:40:03,SOLUSDT,bid,120,15323.0
2024-09-14 15:40:05,SOLUSDT,bid,125,12094.0
2024-09-14 15:40:14,SOLUSDT,bid,120,15303.0
2024-09-14 15:40:14,SOLUSDT,ask,137,11337.0
2024-09-14 15:40:17,SOLUSDT,ask,137,11336.0
2024-09-14 15:40:18,SOLUSDT,bid,125,12059.0
2024-09-14 15:40:19,SOLUSDT,ask,145,24236.0
2024-09-14 15:40:23,SOLUSDT,bid,120,15230.0
2024-09-14 15:40:23,SOLUSDT,bid,128,8605.0
2024-09-14 15:40:24,SOLUSDT,bid,120,15263.0
2024-09-14 15:40:40,SOLUSDT,bid,135,9948.0
2024-09-14 15:40:40,SOLUSDT,bid,135,9928.0
2024-09-14 15:41:15,SOLUSDT,ask,144,37886.0
2024-09-14 15:41:16,SOLUSDT,ask,137,11226.0
2024-09-14 15:41:35,SOLUSDT,bid,128,8601.0
2024-09-14 15:42:04,SOLUSDT,bid,120,15262.0
2024-09-14 15:42:05,SOLUSDT,ask,137,11236.0
2024-09-14 15:42:17,SOLUSDT,bid,133,10301.0
2024-09-14 15:42:18,SOLUSDT,bid,135,8211.0
2024-09-14 15:42:18,SOLUSDT,ask,140,10272.0
2024-09-14 15:42:18,SOLUSDT,ask,138,8233.0
2024-09-14 15:42:24,SOLUSDT,bid,125,12058.0
2024-09-14 15:42:26,SOLUSDT,ask,137,11241.0
2024-09-14 15:42:27,SOLUSDT,bid,135,9927.0
2024-09-14 15:42:29,SOLUSDT,ask,144,37892.0
2024-09-14 15:42:32,SOLUSDT,ask,137,11239.0
2024-09-14 15:42:34,SOLUSDT,bid,120,15260.0
2024-09-14 15:43:05,SOLUSDT,ask,140,33091.0
2024-09-14 15:43:06,SOLUSDT,bid,135,9936.0
2024-09-14 15:43:10,SOLUSDT,ask,137,11243.0
2024-09-14 15:43:15,SOLUSDT,ask,137,12188.0
2024-09-14 15:43:17,SOLUSDT,bid,135,9886.0
2024-09-14 15:43:21,SOLUSDT,ask,137,12184.0
2024-09-14 15:43:31,SOLUSDT,ask,137,11239.0
2024-09-14 15:43:36,SOLUSDT,bid,125,12098.0
2024-09-14 15:43:47,SOLUSDT,ask,140,10271.0
2024-09-14 15:44:19,SOLUSDT,ask,137,11276.0
2024-09-14 15:44:21,SOLUSDT,bid,135,9880.0
2024-09-14 15:44:32,SOLUSDT,bid,135,9887.0
2024-09-14 15:44:40,SOLUSDT,ask,137,11320.0
2024-09-14 15:44:52,SOLUSDT,ask,140,14531.0
2024-09-14 15:44:52,SOLUSDT,ask,137,11317.0
2024-09-14 15:44:53,SOLUSDT,bid,133,10264.0
2024-09-14 15:45:41,SOLUSDT,bid,133,10272.0
2024-09-14 15:45:42,SOLUSDT,bid,128,8636.0
2024-09-14 15:46:08,SOLUSDT,ask,140,33090.0
2024-09-14 15:46:34,SOLUSDT,bid,132,10267.0
2024-09-14 15:46:35,SOLUSDT,bid,135,8216.0
2024-09-14 15:46:35,SOLUSDT,ask,140,10264.0
2024-09-14 15:46:36,SOLUSDT,ask,138,8211.0
2024-09-14 15:46:55,SOLUSDT,ask,141,14297.0
2024-09-14 15:46:57,SOLUSDT,ask,146,15622.0
2024-09-14 15:47:00,SOLUSDT,bid,135,9884.0
2024-09-14 15:47:09,SOLUSDT,bid,110,20459.0
2024-09-14 15:47:40,SOLUSDT,ask,140,33031.0
2024-09-14 15:48:02,SOLUSDT,bid,120,15261.0
2024-09-14 15:48:12,SOLUSDT,bid,135,9893.0
2024-09-14 15:48:16,SOLUSDT,ask,147,21370.0
2024-09-14 15:48:16,SOLUSDT,ask,144,37886.0
2024-09-14 15:48:21,SOLUSDT,bid,135,9929.0
2024-09-14 15:48:29,SOLUSDT,bid,135,9930.0
2024-09-14 15:48:30,SOLUSDT,bid,135,9932.0
2024-09-14 15:48:35,SOLUSDT,ask,141,14212.0
2024-09-14 15:49:17,SOLUSDT,bid,135,10262.0
2024-09-14 15:49:19,SOLUSDT,bid,128,8716.0
2024-09-14 15:49:32,SOLUSDT,bid,135,10269.0
2024-09-14 15:49:34,SOLUSDT,bid,128,8713.0
2024-09-14 15:49:39,SOLUSDT,ask,140,14533.0
2024-09-14 15:49:46,SOLUSDT,bid,120,15260.0
2024-09-14 15:49:46,SOLUSDT,ask,144,37885.0
2024-09-14 15:49:47,SOLUSDT,bid,135,10268.0
2024-09-14 15:49:53,SOLUSDT,ask,140,14531.0
