1726531865262,BTCUSDT,bid,47000,848.782
1726532811203,BTCUSDT,bid,47000,848.779
1726532811923,BTCUSDT,bid,47000,848.769
1726533134448,BTCUSDT,bid,47500,633.698
1726534755458,BTCUSDT,ask,57700,1023.5
1726534756903,BTCUSDT,ask,57700,1025.932
1726534760000,BTCUSDT,ask,57700,1032.198
1726534796209,BTCUSDT,ask,57600,1001.036
1726534799081,BTCUSDT,ask,57600,1001.13
1726534801424,BTCUSDT,ask,57600,1001.147
1726534802139,BTCUSDT,ask,57600,1001.137
1726534838203,BTCUSDT,bid,47500,633.649
1726536158745,BTCUSDT,bid,47000,848.782
1726537411415,BTCUSDT,bid,57800,600.091
1726537412435,BTCUSDT,bid,57800,600.105
1726537413764,BTCUSDT,bid,57800,600.107
1726537414495,BTCUSDT,bid,57800,600.107
1726537414598,BTCUSDT,bid,57800,600.107
1726537414689,BTCUSDT,bid,57800,600.107
1726537417568,BTCUSDT,bid,57800,600.105
1726537419225,BTCUSDT,bid,57800,600.036
1726537435518,BTCUSDT,bid,57800,600.276
1726537436329,BTCUSDT,bid,57800,600.278
1726537439000,BTCUSDT,bid,57800,600.264
1726537439304,BTCUSDT,bid,57800,600.333
1726538074384,BTCUSDT,bid,47000,848.779
1726538528029,BTCUSDT,bid,57800,600.214
1726538558503,BTCUSDT,bid,57900,601.248
1726538559532,BTCUSDT,bid,57900,601.369
1726538563657,BTCUSDT,bid,57900,601.409
1726538564582,BTCUSDT,bid,57900,601.369
1726538566240,BTCUSDT,bid,57900,601.283
1726538570587,BTCUSDT,bid,57900,601.323
1726538571610,BTCUSDT,bid,57900,601.283
1726538590662,BTCUSDT,bid,57900,652.116
1726538590763,BTCUSDT,bid,57900,653.661
1726538590867,BTCUSDT,bid,57900,652.093
1726538591378,BTCUSDT,bid,57900,652.09
1726538592403,BTCUSDT,bid,57900,651.152
1726538595380,BTCUSDT,bid,57900,651.195
1726538598292,BTCUSDT,bid,57900,651.209
1726538598809,BTCUSDT,bid,57900,651.219
1726538602354,BTCUSDT,bid,57900,651.259
1726538602987,BTCUSDT,bid,57900,651.249
1726538603702,BTCUSDT,bid,57900,651.245
1726538603906,BTCUSDT,bid,57900,651.213
1726538604405,BTCUSDT,bid,57900,651.205
1726538605672,BTCUSDT,bid,57900,651.162
1726538608062,BTCUSDT,bid,57900,651.148
1726538612360,BTCUSDT,bid,57900,651.15
1726538613821,BTCUSDT,bid,57900,651.19
1726538614335,BTCUSDT,bid,57900,651.15
1726538616722,BTCUSDT,bid,57900,651.148
1726539152129,BTCUSDT,bid,44800,703.051
1726539181312,BTCUSDT,bid,44800,703.151
1726539336869,BTCUSDT,bid,57800,609.145
1726540642316,BTCUSDT,bid,57900,701.984
1726540665244,BTCUSDT,bid,57900,700.039
1726540665547,BTCUSDT,bid,57900,700.102
1726540667606,BTCUSDT,bid,57900,700.102
1726540679407,BTCUSDT,bid,57900,700.085
1726540688190,BTCUSDT,bid,57900,700.37
1726540688396,BTCUSDT,bid,57900,700.442
1726540691269,BTCUSDT,bid,57900,700.094
1726540691375,BTCUSDT,bid,57900,700.104
1726540691473,BTCUSDT,bid,57900,700.101
1726540691582,BTCUSDT,bid,57900,700.091
1726540699418,BTCUSDT,bid,57900,700.022
1726540721642,BTCUSDT,bid,57900,700.026
1726540725576,BTCUSDT,bid,57900,700.029
1726540725999,BTCUSDT,bid,57900,700.039
1726540726203,BTCUSDT,bid,57900,700.029
1726540733486,BTCUSDT,bid,57900,700.024
1726540827054,BTCUSDT,bid,47500,633.349
1726541131783,BTCUSDT,bid,58100,700.293
1726541132187,BTCUSDT,bid,58100,700.086
1726541132391,BTCUSDT,bid,58100,701.727
1726541588326,BTCUSDT,bid,47500,633.344
1726544023385,BTCUSDT,bid,47000,848.845
1726544140307,BTCUSDT,bid,47500,633.349
1726546412618,BTCUSDT,bid,47000,848.801
1726546870589,BTCUSDT,bid,47000,848.805
1726547792433,BTCUSDT,bid,47000,848.847
1726547925320,BTCUSDT,bid,47000,848.805
1726548094885,BTCUSDT,bid,47000,848.83
1726549291363,BTCUSDT,bid,47300,804.624
1726552032654,BTCUSDT,bid,47000,848.248
1726552049889,BTCUSDT,bid,47500,632.81
1726552350118,BTCUSDT,bid,47000,848.222
1726552494642,BTCUSDT,bid,58700,603.677
1726552495051,BTCUSDT,bid,58700,603.608
1726552500965,BTCUSDT,bid,58700,603.648
1726552501482,BTCUSDT,bid,58700,603.606
1726552501583,BTCUSDT,bid,58700,627.606
1726552504246,BTCUSDT,bid,58700,628.106
1726552506290,BTCUSDT,bid,58700,628.113
1726552507208,BTCUSDT,bid,58700,628.153
1726552507308,BTCUSDT,bid,58700,628.557
1726552507816,BTCUSDT,bid,58700,628.563
1726552509240,BTCUSDT,bid,58700,628.119
1726552522156,BTCUSDT,bid,58600,600.765
1726552522566,BTCUSDT,bid,58600,600.965
1726552560592,BTCUSDT,bid,47000,848.203
1726553110182,BTCUSDT,bid,47000,848.027
1726553706293,BTCUSDT,bid,47000,848.022
1726553872833,BTCUSDT,bid,47500,632.82
1726554414547,BTCUSDT,bid,47000,847.916
1726555553231,BTCUSDT,bid,47100,800.032
1726557712526,BTCUSDT,bid,47500,632.823
1726559820605,BTCUSDT,bid,58600,600.262
1726560271774,BTCUSDT,bid,47000,847.928
1726560271881,BTCUSDT,bid,47000,847.916
1726560272606,BTCUSDT,bid,47000,847.92
1726560272705,BTCUSDT,bid,47000,847.916
1726560272804,BTCUSDT,bid,47000,847.92
1726560272910,BTCUSDT,bid,47000,847.916
1726560320422,BTCUSDT,bid,58700,686.795
1726560320930,BTCUSDT,bid,58700,686.797
1726560323496,BTCUSDT,bid,58700,686.997
1726560325136,BTCUSDT,bid,58700,686.659
1726560325645,BTCUSDT,bid,58700,686.579
1726560325846,BTCUSDT,bid,58700,687.819
1726560326054,BTCUSDT,bid,58700,686.599
1726560327484,BTCUSDT,bid,58700,686.463
1726560327990,BTCUSDT,bid,58700,686.463
1726560328496,BTCUSDT,bid,58700,686.471
1726560328905,BTCUSDT,bid,58700,689.38
1726560329107,BTCUSDT,bid,58700,689.385
1726560452339,BTCUSDT,bid,47000,847.904
1726560509600,BTCUSDT,bid,47000,847.907
1726562080416,BTCUSDT,bid,47500,632.774
1726562429303,BTCUSDT,bid,47000,847.907
1726563641067,BTCUSDT,bid,47000,847.911
1726563641169,BTCUSDT,bid,47000,847.907
1726563793759,BTCUSDT,bid,47000,847.891
1726564533751,BTCUSDT,bid,47000,847.895
1726564533848,BTCUSDT,bid,47000,847.899
1726564533954,BTCUSDT,bid,47000,847.891
1726564545619,BTCUSDT,bid,47000,847.899
1726564545714,BTCUSDT,bid,47000,847.895
1726564545824,BTCUSDT,bid,47000,847.891
1726564546131,BTCUSDT,bid,47000,847.895
1726564546235,BTCUSDT,bid,47000,847.891
1726564546542,BTCUSDT,bid,47000,847.891
1726564546644,BTCUSDT,bid,47000,847.895
1726564546746,BTCUSDT,bid,47000,847.891
1726564547055,BTCUSDT,bid,47000,847.891
1726564547160,BTCUSDT,bid,47000,847.891
1726564547253,BTCUSDT,bid,47000,847.891
1726564547570,BTCUSDT,bid,47000,847.891
1726564547672,BTCUSDT,bid,47000,847.891
1726531362855,BTCUSD_PERP,bid,57700,568.28
1726531913991,BTCUSD_PERP,bid,57800,568.41
1726531914103,BTCUSD_PERP,bid,57800,625.67
1726531914205,BTCUSD_PERP,bid,57800,682.93
1726531914303,BTCUSD_PERP,bid,57800,740.19
1726531914406,BTCUSD_PERP,bid,57800,797.45
1726532245420,BTCUSD_PERP,bid,57800,740.78
1726532245615,BTCUSD_PERP,bid,57800,626.51
1726532259885,BTCUSD_PERP,bid,57700,569.57
1726532342213,BTCUSD_PERP,bid,57800,569.3
1726532342327,BTCUSD_PERP,bid,57800,625.95
1726532342436,BTCUSD_PERP,bid,57800,683.18
1726532444087,BTCUSD_PERP,bid,57700,626.21
1726532680963,BTCUSD_PERP,bid,57700,568.68
1726532681065,BTCUSD_PERP,bid,57700,796.19
1726532888419,BTCUSD_PERP,bid,57700,625.36
1726532905617,BTCUSD_PERP,bid,57600,681.81
1726532908355,BTCUSD_PERP,bid,57600,681.45
1726532938636,BTCUSD_PERP,bid,57600,624.37
1726532938846,BTCUSD_PERP,bid,57600,567.29
1726532939764,BTCUSD_PERP,bid,57600,568.2
1726532939860,BTCUSD_PERP,bid,57600,625.31
1726532940062,BTCUSD_PERP,bid,57600,681.84
1726532940269,BTCUSD_PERP,bid,57600,738.37
1726533089841,BTCUSD_PERP,bid,57600,681.84
1726533089941,BTCUSD_PERP,bid,57600,625.31
1726533090150,BTCUSD_PERP,bid,57600,568.2
1726533155336,BTCUSD_PERP,bid,57600,795.56
1726533206887,BTCUSD_PERP,bid,57600,681.98
1726533206990,BTCUSD_PERP,bid,57600,625.48
1726533207405,BTCUSD_PERP,bid,57600,568.4
1726533367882,BTCUSD_PERP,bid,57600,568.49
1726533396032,BTCUSD_PERP,bid,57600,738.21
1726533510253,BTCUSD_PERP,bid,57600,623.78
1726533664480,BTCUSD_PERP,bid,57500,794.45
1726533664577,BTCUSD_PERP,bid,57500,851.45
1726533970990,BTCUSD_PERP,bid,57500,624.6
1726533971310,BTCUSD_PERP,bid,57500,567.76
1726534092968,BTCUSD_PERP,bid,57500,567.07
1726534155982,BTCUSD_PERP,bid,57400,566.77
1726534207450,BTCUSD_PERP,bid,57400,622.23
1726534235300,BTCUSD_PERP,bid,57400,565.96
1726534361874,BTCUSD_PERP,bid,57400,848.94
1726534361971,BTCUSD_PERP,bid,57400,905.77
1726534407060,BTCUSD_PERP,bid,57400,565.37
1726534407161,BTCUSD_PERP,bid,57300,792.27
1726534407262,BTCUSD_PERP,bid,57300,849.07
1726534407361,BTCUSD_PERP,bid,57300,905.87
1726534474753,BTCUSD_PERP,bid,57300,961.47
1726534474960,BTCUSD_PERP,bid,57300,1018.23
1726534487705,BTCUSD_PERP,bid,57300,791.77
1726534499004,BTCUSD_PERP,bid,57200,564.58
1726534508199,BTCUSD_PERP,bid,57200,564.84
1726534571073,BTCUSD_PERP,bid,57200,792.84
1726534571280,BTCUSD_PERP,bid,57200,849.47
1726534575597,BTCUSD_PERP,bid,57200,793.42
1726534575704,BTCUSD_PERP,bid,57200,737.37
1726534575804,BTCUSD_PERP,bid,57200,681.32
1726534575904,BTCUSD_PERP,bid,57200,624.79
1726534576000,BTCUSD_PERP,bid,57200,568.16
1726534706323,BTCUSD_PERP,bid,57100,564.65
1726534714177,BTCUSD_PERP,bid,57100,732.15
1726534714378,BTCUSD_PERP,bid,57100,788.7
1726534732339,BTCUSD_PERP,bid,57100,732.15
1726534732448,BTCUSD_PERP,bid,57100,619.05
1726534870651,BTCUSD_PERP,bid,57200,619.23
1726534870738,BTCUSD_PERP,bid,57200,675.89
1726534871057,BTCUSD_PERP,bid,57200,789.21
1726534871158,BTCUSD_PERP,bid,57200,845.3
1726534945827,BTCUSD_PERP,bid,57200,789.22
1726534949031,BTCUSD_PERP,bid,57200,675.9
1726534949129,BTCUSD_PERP,bid,57200,790.07
1726534949230,BTCUSD_PERP,bid,57200,1015.67
1726534949328,BTCUSD_PERP,bid,57200,1072.35
1726534961831,BTCUSD_PERP,bid,57200,902.96
1726534961931,BTCUSD_PERP,bid,57200,846.28
1726534962237,BTCUSD_PERP,bid,57200,733.49
1726534962449,BTCUSD_PERP,bid,57200,1015.77
1726534962657,BTCUSD_PERP,bid,57200,1072.43
1726534985811,BTCUSD_PERP,bid,57200,1015.77
1726534986013,BTCUSD_PERP,bid,57200,959.69
1726534986225,BTCUSD_PERP,bid,57200,903.03
1726534986326,BTCUSD_PERP,bid,57200,790.85
1726534986524,BTCUSD_PERP,bid,57200,678.68
1726534986836,BTCUSD_PERP,bid,57200,565.93
1726534987237,BTCUSD_PERP,bid,57200,564.6
1726534987434,BTCUSD_PERP,bid,57200,621.29
1726534987536,BTCUSD_PERP,bid,57200,734.67
1726534987642,BTCUSD_PERP,bid,57200,791.26
1726534987741,BTCUSD_PERP,bid,57200,847.37
1726534990577,BTCUSD_PERP,bid,57200,848.79
1726534991291,BTCUSD_PERP,bid,57200,850.84
1726535077506,BTCUSD_PERP,bid,57200,849.42
1726535112467,BTCUSD_PERP,bid,57200,847.37
1726535174524,BTCUSD_PERP,bid,57200,735.14
1726535174922,BTCUSD_PERP,bid,57200,678.45
1726535176078,BTCUSD_PERP,bid,57300,622.11
1726535176176,BTCUSD_PERP,bid,57300,791.7
1726535176280,BTCUSD_PERP,bid,57300,904.56
1726535176405,BTCUSD_PERP,bid,57300,961.28
1726535203047,BTCUSD_PERP,bid,57300,791.78
1726535203139,BTCUSD_PERP,bid,57300,621.62
1726535204189,BTCUSD_PERP,bid,57300,565.34
1726535204290,BTCUSD_PERP,bid,57300,622.1
1726535204398,BTCUSD_PERP,bid,57300,678.86
1726535216381,BTCUSD_PERP,bid,57300,678.46
1726535267788,BTCUSD_PERP,bid,57300,565.3
1726535267890,BTCUSD_PERP,bid,57300,622.06
1726535268098,BTCUSD_PERP,bid,57300,678.82
1726535360904,BTCUSD_PERP,bid,57300,791.25
1726535361005,BTCUSD_PERP,bid,57300,847.98
1726535403473,BTCUSD_PERP,bid,57200,677.53
1726535403685,BTCUSD_PERP,bid,57200,734.23
1726535410314,BTCUSD_PERP,bid,57200,790.35
1726535433053,BTCUSD_PERP,bid,57200,734.23
1726535433259,BTCUSD_PERP,bid,57200,564.71
1726535536805,BTCUSD_PERP,bid,57200,621.52
1726535629372,BTCUSD_PERP,bid,57100,1015.25
1726535629679,BTCUSD_PERP,bid,57100,1071.85
1726535694726,BTCUSD_PERP,bid,57100,903.2
1726535694825,BTCUSD_PERP,bid,57200,620.53
1726535694924,BTCUSD_PERP,bid,57200,789.28
1726535695035,BTCUSD_PERP,bid,57200,902.54
1726535695245,BTCUSD_PERP,bid,57200,959.17
1726535695351,BTCUSD_PERP,bid,57200,1072.43
1726535695473,BTCUSD_PERP,bid,57200,1128.48
1726535718476,BTCUSD_PERP,bid,57200,1015.79
1726535718778,BTCUSD_PERP,bid,57200,903.67
1726535718878,BTCUSD_PERP,bid,57200,790.41
1726535718981,BTCUSD_PERP,bid,57200,733.78
1726535719094,BTCUSD_PERP,bid,57200,621.1
1726535719301,BTCUSD_PERP,bid,57200,564.47
1726535719707,BTCUSD_PERP,bid,57200,565.54
1726535719804,BTCUSD_PERP,bid,57200,622.21
1726535720004,BTCUSD_PERP,bid,57200,735.45
1726535720112,BTCUSD_PERP,bid,57200,792.94
1726535720218,BTCUSD_PERP,bid,57200,905.69
1726535744561,BTCUSD_PERP,bid,57200,904.28
1726535772132,BTCUSD_PERP,bid,57200,678.88
1726535772236,BTCUSD_PERP,bid,57200,565.16
1726535772337,BTCUSD_PERP,bid,57200,621.86
1726535772441,BTCUSD_PERP,bid,57200,678.56
1726535772551,BTCUSD_PERP,bid,57200,734.68
1726535772759,BTCUSD_PERP,bid,57200,847.5
1726535772862,BTCUSD_PERP,bid,57200,904.2
1726535772965,BTCUSD_PERP,bid,57200,960.9
1726535775449,BTCUSD_PERP,bid,57200,962.32
1726535819510,BTCUSD_PERP,bid,57200,905.62
1726535819816,BTCUSD_PERP,bid,57200,848.92
1726535819914,BTCUSD_PERP,bid,57200,551.01
1726535819914,BTCUSD_PERP,bid,57200,736.1
1726535820016,BTCUSD_PERP,bid,57200,679.98
1726535820116,BTCUSD_PERP,bid,57200,566.58
1726535830931,BTCUSD_PERP,bid,57300,524.86
1726535831138,BTCUSD_PERP,bid,57300,638.3
1726535831660,BTCUSD_PERP,bid,57300,694.49
1726535831868,BTCUSD_PERP,bid,57300,750.68
1726535838193,BTCUSD_PERP,bid,57300,736.12
1726535862119,BTCUSD_PERP,bid,57200,566.47
1726535862220,BTCUSD_PERP,bid,57200,790.99
1726535885345,BTCUSD_PERP,bid,57200,734.28
1726535885449,BTCUSD_PERP,bid,57200,691.83
1726535885546,BTCUSD_PERP,bid,57200,804.02
1726536006310,BTCUSD_PERP,bid,57200,790.42
1726536010935,BTCUSD_PERP,bid,57200,733.75
1726536011246,BTCUSD_PERP,bid,57200,621.56
1726536011343,BTCUSD_PERP,bid,57200,564.89
1726536023146,BTCUSD_PERP,bid,57300,565.07
1726536023457,BTCUSD_PERP,bid,57300,677.98
1726536023561,BTCUSD_PERP,bid,57300,734.73
1726536023764,BTCUSD_PERP,bid,57300,790.9
1726536103584,BTCUSD_PERP,bid,57300,734.74
1726536103690,BTCUSD_PERP,bid,57300,678.57
1726536103996,BTCUSD_PERP,bid,57300,622.4
1726536104096,BTCUSD_PERP,bid,57300,565.65
1726536105034,BTCUSD_PERP,bid,57200,564.3
1726536105232,BTCUSD_PERP,bid,57200,621.02
1726536105335,BTCUSD_PERP,bid,57200,677.74
1726536105538,BTCUSD_PERP,bid,57200,790.5
1726536131955,BTCUSD_PERP,bid,57200,620.92
1726536132055,BTCUSD_PERP,bid,57200,564.78
1726536727304,BTCUSD_PERP,bid,57300,565.83
1726536727406,BTCUSD_PERP,bid,57300,678.19
1726536732339,BTCUSD_PERP,bid,57300,691.93
1726536733461,BTCUSD_PERP,bid,57300,692.06
1726536743133,BTCUSD_PERP,bid,57300,692.2
1726536749342,BTCUSD_PERP,bid,57300,578.66
1726537441088,BTCUSD_PERP,bid,57400,622.81
1726537441194,BTCUSD_PERP,bid,57400,679.06
1726537498261,BTCUSD_PERP,bid,57400,622.81
1726537498671,BTCUSD_PERP,bid,57400,565.98
1726537499387,BTCUSD_PERP,bid,57400,566.38
1726537499477,BTCUSD_PERP,bid,57400,623.25
1726537499588,BTCUSD_PERP,bid,57400,680.02
1726537499703,BTCUSD_PERP,bid,57400,736.89
1726537499797,BTCUSD_PERP,bid,57400,906.92
1726537499905,BTCUSD_PERP,bid,57400,963.79
1726537500232,BTCUSD_PERP,bid,57400,1020.08
1726537674743,BTCUSD_PERP,bid,57400,736.89
1726537674848,BTCUSD_PERP,bid,57400,906.44
1726537675054,BTCUSD_PERP,bid,57400,963.28
1726537751261,BTCUSD_PERP,bid,57400,850.18
1726537751360,BTCUSD_PERP,bid,57300,566.84
1726537751461,BTCUSD_PERP,bid,57300,793.5
1726537751560,BTCUSD_PERP,bid,57300,850.31
1726537873923,BTCUSD_PERP,bid,57300,794.08
1726537874027,BTCUSD_PERP,bid,57300,680.46
1726537874129,BTCUSD_PERP,bid,57300,566.84
1726537874744,BTCUSD_PERP,bid,57400,567.14
1726537874954,BTCUSD_PERP,bid,57400,623.39
1726537875051,BTCUSD_PERP,bid,57400,679.64
1726537875263,BTCUSD_PERP,bid,57400,736.48
1726537875365,BTCUSD_PERP,bid,57400,793.32
1726537875704,BTCUSD_PERP,bid,57400,850.16
1726537875805,BTCUSD_PERP,bid,57400,906.42
1726537875905,BTCUSD_PERP,bid,57400,963.26
1726537876438,BTCUSD_PERP,bid,57400,965.32
1726537918089,BTCUSD_PERP,bid,57300,1019.0
1726537918193,BTCUSD_PERP,bid,57300,1075.81
1726538112368,BTCUSD_PERP,bid,57300,1019.0
1726538112561,BTCUSD_PERP,bid,57300,962.77
1726538112667,BTCUSD_PERP,bid,57300,905.96
1726538112884,BTCUSD_PERP,bid,57300,849.73
1726538112984,BTCUSD_PERP,bid,57300,792.92
1726538113084,BTCUSD_PERP,bid,57300,679.88
1726538113199,BTCUSD_PERP,bid,57300,623.17
1726538113406,BTCUSD_PERP,bid,57300,566.94
1726538113505,BTCUSD_PERP,bid,57300,565.41
1726538113610,BTCUSD_PERP,bid,57300,678.38
1726538113716,BTCUSD_PERP,bid,57300,735.16
1726538113817,BTCUSD_PERP,bid,57300,1018.47
1726538114132,BTCUSD_PERP,bid,57300,1075.25
1726538385105,BTCUSD_PERP,bid,57300,1019.06
1726538385515,BTCUSD_PERP,bid,57300,679.65
1726538386423,BTCUSD_PERP,bid,57300,566.38
1726538386528,BTCUSD_PERP,bid,57300,623.19
1726538386630,BTCUSD_PERP,bid,57300,680.0
1726538404580,BTCUSD_PERP,bid,57300,623.76
1726538404679,BTCUSD_PERP,bid,57300,566.95
1726539134179,BTCUSD_PERP,ask,58400,516.43
1726539134488,BTCUSD_PERP,ask,58400,526.06
1726539134694,BTCUSD_PERP,ask,58400,535.4
1726539134909,BTCUSD_PERP,ask,58400,544.74
1726539171005,BTCUSD_PERP,ask,58400,535.4
1726539179991,BTCUSD_PERP,ask,58400,526.35
1726539181214,BTCUSD_PERP,ask,58400,517.01
1726539917454,BTCUSD_PERP,bid,57400,566.86
1726539917558,BTCUSD_PERP,bid,57400,623.72
1726539917660,BTCUSD_PERP,bid,57400,680.58
1726539919390,BTCUSD_PERP,bid,57400,680.72
1726539920299,BTCUSD_PERP,bid,57400,680.86
1726539923133,BTCUSD_PERP,bid,57400,681.0
1726539928490,BTCUSD_PERP,bid,57400,681.14
1726539930246,BTCUSD_PERP,bid,57400,681.28
1726539932170,BTCUSD_PERP,bid,57400,681.42
1726540068443,BTCUSD_PERP,bid,57400,624.56
1726540577332,BTCUSD_PERP,bid,57400,565.92
1726540577527,BTCUSD_PERP,bid,57400,735.98
1726540577633,BTCUSD_PERP,bid,57400,849.17
1726540577730,BTCUSD_PERP,bid,57400,962.93
1726540607448,BTCUSD_PERP,bid,57400,850.31
1726540607551,BTCUSD_PERP,bid,57400,793.43
1726540607655,BTCUSD_PERP,bid,57400,680.25
1726540607759,BTCUSD_PERP,bid,57400,566.49
1726541040605,BTCUSD_PERP,bid,57600,568.17
1726541240553,BTCUSD_PERP,bid,57600,567.14
1726541320325,BTCUSD_PERP,bid,57600,625.86
1726541320424,BTCUSD_PERP,bid,57600,796.63
1726541320634,BTCUSD_PERP,bid,57600,853.75
1726541320756,BTCUSD_PERP,bid,57600,910.28
1726541320955,BTCUSD_PERP,bid,57600,967.4
1726541321173,BTCUSD_PERP,bid,57600,1024.52
1726541321271,BTCUSD_PERP,bid,57600,555.28
1726541321271,BTCUSD_PERP,bid,57600,1194.7
1726541436684,BTCUSD_PERP,bid,57600,1137.58
1726541436788,BTCUSD_PERP,bid,57600,910.28
1726541436880,BTCUSD_PERP,bid,57600,1023.43
1726541436985,BTCUSD_PERP,bid,57600,554.98
1726541436985,BTCUSD_PERP,bid,57600,1080.52
1726541437184,BTCUSD_PERP,bid,57600,1137.61
1726541472063,BTCUSD_PERP,bid,57600,967.02
1726541472363,BTCUSD_PERP,bid,57600,909.93
1726541472462,BTCUSD_PERP,bid,57600,852.84
1726541472773,BTCUSD_PERP,bid,57600,739.83
1726541472880,BTCUSD_PERP,bid,57600,682.74
1726541473086,BTCUSD_PERP,bid,57600,626.23
1726541473086,BTCUSD_PERP,bid,57600,568.15
1726541473200,BTCUSD_PERP,bid,57600,569.73
1726541473305,BTCUSD_PERP,bid,57600,624.68
1726541473405,BTCUSD_PERP,bid,57600,681.8
1726541473494,BTCUSD_PERP,bid,57600,795.45
1726541473607,BTCUSD_PERP,bid,57600,909.69
1726541473712,BTCUSD_PERP,bid,57600,555.28
1726541473712,BTCUSD_PERP,bid,57600,1023.93
1726541473831,BTCUSD_PERP,bid,57600,1137.58
1726541473917,BTCUSD_PERP,bid,57600,1194.7
1726541515373,BTCUSD_PERP,bid,57600,1081.64
1726541515474,BTCUSD_PERP,bid,57600,738.56
1726541515559,BTCUSD_PERP,bid,57600,1022.84
1726541515777,BTCUSD_PERP,bid,57600,1137.02
1726541518897,BTCUSD_PERP,bid,57600,1080.03
1726541519000,BTCUSD_PERP,bid,57600,965.85
1726541519096,BTCUSD_PERP,bid,57600,908.76
1726541519506,BTCUSD_PERP,bid,57600,908.78
1726541519605,BTCUSD_PERP,bid,57600,1022.3
1726541550599,BTCUSD_PERP,bid,57600,852.3
1726541598839,BTCUSD_PERP,bid,57600,567.87
1726541643476,BTCUSD_PERP,bid,57500,567.57
1726541697109,BTCUSD_PERP,bid,57600,567.87
1726542270348,BTCUSD_PERP,bid,57600,625.8
1726542678233,BTCUSD_PERP,ask,58700,517.5
1726542683727,BTCUSD_PERP,ask,58700,526.89
1726542684613,BTCUSD_PERP,ask,58700,536.28
1726542687852,BTCUSD_PERP,ask,58700,545.67
1726542689405,BTCUSD_PERP,ask,58700,551.53
1726542690562,BTCUSD_PERP,ask,58700,560.92
1726542693205,BTCUSD_PERP,ask,58700,566.79
1726542697331,BTCUSD_PERP,ask,58700,560.92
1726542698560,BTCUSD_PERP,ask,58700,551.54
1726542711706,BTCUSD_PERP,ask,58700,542.15
1726542714535,BTCUSD_PERP,ask,58700,532.76
1726542731674,BTCUSD_PERP,ask,58700,523.37
1726542733038,BTCUSD_PERP,ask,58700,514.28
1726542782038,BTCUSD_PERP,bid,57600,569.34
1726542848460,BTCUSD_PERP,bid,57600,569.04
1726543142794,BTCUSD_PERP,bid,57500,568.87
1726543142899,BTCUSD_PERP,bid,57500,625.87
1726543197163,BTCUSD_PERP,bid,57500,738.08
1726543197265,BTCUSD_PERP,bid,57500,795.04
1726543371791,BTCUSD_PERP,bid,57500,681.69
1726543371891,BTCUSD_PERP,bid,57500,624.73
1726544212639,BTCUSD_PERP,bid,57600,529.16
1726544300019,BTCUSD_PERP,bid,57600,527.73
1726544331281,BTCUSD_PERP,bid,57600,525.66
1726544371072,BTCUSD_PERP,bid,57600,796.0
1726544371170,BTCUSD_PERP,bid,57600,852.44
1726544371276,BTCUSD_PERP,bid,57600,909.47
1726544703566,BTCUSD_PERP,bid,57600,739.54
1726544703669,BTCUSD_PERP,bid,57600,739.44
1726544703773,BTCUSD_PERP,bid,57600,796.4
1726544703874,BTCUSD_PERP,bid,57500,554.7
1726544703874,BTCUSD_PERP,bid,57600,853.46
1726544703977,BTCUSD_PERP,bid,57600,909.93
1726544785847,BTCUSD_PERP,bid,57600,738.83
1726544785947,BTCUSD_PERP,bid,57600,795.85
1726544786052,BTCUSD_PERP,bid,57600,852.87
1726544817865,BTCUSD_PERP,ask,58700,511.09
1726544819822,BTCUSD_PERP,ask,58700,520.47
1726544853269,BTCUSD_PERP,ask,58700,511.09
1726545111274,BTCUSD_PERP,bid,57600,795.85
1726545111374,BTCUSD_PERP,bid,57500,738.57
1726545111474,BTCUSD_PERP,bid,57500,794.98
1726545111582,BTCUSD_PERP,bid,57500,851.97
1726545839638,BTCUSD_PERP,bid,57500,851.37
1726545839740,BTCUSD_PERP,bid,57500,908.33
1726545872327,BTCUSD_PERP,bid,57500,794.41
1726545872429,BTCUSD_PERP,bid,57500,624.21
1726545872935,BTCUSD_PERP,bid,57500,568.04
1726545873138,BTCUSD_PERP,bid,57500,681.44
1726545873446,BTCUSD_PERP,bid,57500,737.84
1726545873545,BTCUSD_PERP,bid,57500,794.83
1726545873749,BTCUSD_PERP,bid,57500,851.82
1726545874268,BTCUSD_PERP,bid,57500,908.81
1726545876714,BTCUSD_PERP,bid,57500,908.95
1726545935040,BTCUSD_PERP,bid,57500,851.96
1726545935245,BTCUSD_PERP,bid,57500,795.56
1726545935445,BTCUSD_PERP,bid,57500,681.58
1726545935654,BTCUSD_PERP,bid,57500,624.59
1726545935753,BTCUSD_PERP,bid,57500,568.19
1726545936566,BTCUSD_PERP,bid,57600,626.08
1726545936964,BTCUSD_PERP,bid,57600,796.01
1726545937170,BTCUSD_PERP,bid,57600,852.46
1726545937682,BTCUSD_PERP,bid,57600,854.53
1726545991021,BTCUSD_PERP,bid,57600,741.05
1726545991318,BTCUSD_PERP,bid,57600,684.02
1726545991529,BTCUSD_PERP,bid,57600,626.99
1726545991629,BTCUSD_PERP,bid,57600,569.96
1726545992643,BTCUSD_PERP,bid,57600,569.35
1726545992735,BTCUSD_PERP,bid,57600,626.41
1726545992943,BTCUSD_PERP,bid,57600,852.91
1726546624705,BTCUSD_PERP,bid,57600,796.43
1726546624808,BTCUSD_PERP,bid,57600,739.95
1726546625012,BTCUSD_PERP,bid,57600,682.89
1726546625318,BTCUSD_PERP,bid,57600,568.77
1726546625727,BTCUSD_PERP,bid,57600,569.07
1726546626028,BTCUSD_PERP,bid,57600,626.16
1726546626232,BTCUSD_PERP,bid,57600,739.77
1726546626737,BTCUSD_PERP,bid,57600,853.38
1726547124880,BTCUSD_PERP,bid,57600,739.77
1726547124983,BTCUSD_PERP,bid,57600,683.25
1726547125085,BTCUSD_PERP,bid,57600,626.16
1726547125186,BTCUSD_PERP,bid,57600,569.07
1726547980187,BTCUSD_PERP,bid,57700,626.58
1726547980287,BTCUSD_PERP,bid,57700,683.76
1726547980511,BTCUSD_PERP,bid,57700,740.36
1726547983708,BTCUSD_PERP,bid,57700,740.5
1726547986406,BTCUSD_PERP,bid,57700,740.64
1726547991859,BTCUSD_PERP,bid,57700,740.78
1726548192705,BTCUSD_PERP,bid,57700,740.64
1726548193363,BTCUSD_PERP,bid,57700,740.5
1726548200610,BTCUSD_PERP,bid,57700,740.36
1726548414859,BTCUSD_PERP,bid,57700,626.58
1726548415165,BTCUSD_PERP,bid,57700,569.98
1726548415778,BTCUSD_PERP,bid,57700,626.9
1726548415869,BTCUSD_PERP,bid,57700,684.11
1726548415987,BTCUSD_PERP,bid,57700,741.32
1726548416186,BTCUSD_PERP,bid,57700,797.95
1726548416293,BTCUSD_PERP,bid,57700,855.16
1726548416393,BTCUSD_PERP,bid,57700,911.79
1726548416499,BTCUSD_PERP,bid,57700,969.0
1726548564303,BTCUSD_PERP,bid,57700,982.85
1726548578305,BTCUSD_PERP,bid,57700,982.99
1726548684685,BTCUSD_PERP,bid,57700,969.14
1726548692138,BTCUSD_PERP,bid,57700,854.72
1726548693258,BTCUSD_PERP,bid,57700,797.6
1726548693463,BTCUSD_PERP,bid,57700,683.18
1726548694070,BTCUSD_PERP,bid,57700,569.34
1726548695200,BTCUSD_PERP,bid,57800,568.99
1726548695303,BTCUSD_PERP,bid,57800,683.49
1726548834632,BTCUSD_PERP,bid,57700,854.92
1726548834734,BTCUSD_PERP,bid,57700,911.53
1726549009420,BTCUSD_PERP,bid,57700,796.73
1726549009520,BTCUSD_PERP,bid,57700,853.89
1726549202964,BTCUSD_PERP,bid,57700,796.73
1726549203164,BTCUSD_PERP,bid,57700,740.16
1726549203313,BTCUSD_PERP,bid,57700,683.59
1726549203587,BTCUSD_PERP,bid,57700,626.43
1726549203792,BTCUSD_PERP,bid,57700,569.85
1726549204312,BTCUSD_PERP,bid,57700,569.0
1726549204416,BTCUSD_PERP,bid,57700,625.61
1726549204511,BTCUSD_PERP,bid,57700,682.8
1726549249217,BTCUSD_PERP,bid,57700,626.19
1726549249317,BTCUSD_PERP,bid,57700,569.0
1726549250541,BTCUSD_PERP,bid,57700,569.28
1726549250645,BTCUSD_PERP,bid,57700,682.44
1726549260156,BTCUSD_PERP,bid,57700,682.58
1726549261132,BTCUSD_PERP,bid,57700,682.72
1726549261227,BTCUSD_PERP,bid,57700,682.86
1726549261477,BTCUSD_PERP,bid,57700,683.0
1726549262547,BTCUSD_PERP,bid,57700,683.14
1726549263906,BTCUSD_PERP,bid,57700,683.28
1726549302267,BTCUSD_PERP,bid,57700,569.54
1726549302983,BTCUSD_PERP,bid,57700,570.16
1726549303084,BTCUSD_PERP,bid,57700,627.35
1726549303293,BTCUSD_PERP,bid,57700,684.54
1726549303599,BTCUSD_PERP,bid,57700,741.15
1726549303706,BTCUSD_PERP,bid,57700,797.76
1726549303806,BTCUSD_PERP,bid,57700,854.37
1726549829063,BTCUSD_PERP,bid,57700,797.18
1726549829168,BTCUSD_PERP,bid,57700,739.99
1726549829472,BTCUSD_PERP,bid,57700,682.8
1726549829572,BTCUSD_PERP,bid,57700,569.58
1726549829980,BTCUSD_PERP,bid,57800,569.94
1726549830183,BTCUSD_PERP,bid,57800,626.57
1726549830384,BTCUSD_PERP,bid,57800,797.58
1726549830484,BTCUSD_PERP,bid,57800,854.81
1726549830882,BTCUSD_PERP,bid,57700,556.36
1726549830882,BTCUSD_PERP,bid,57800,911.44
1726549830985,BTCUSD_PERP,bid,57800,968.67
1726549889205,BTCUSD_PERP,bid,47000,2436.7
1726550174801,BTCUSD_PERP,bid,57800,912.04
1726550177648,BTCUSD_PERP,bid,57800,1026.48
1726550177790,BTCUSD_PERP,bid,57700,556.65
1726550177790,BTCUSD_PERP,bid,57800,1083.74
1726550353875,BTCUSD_PERP,bid,57800,1083.16
1726550448536,BTCUSD_PERP,bid,57800,1026.48
1726550448636,BTCUSD_PERP,bid,57800,627.67
1726550448740,BTCUSD_PERP,bid,57800,798.19
1726550728646,BTCUSD_PERP,bid,57800,626.6
1726550728741,BTCUSD_PERP,bid,57800,1025.9
1726550728930,BTCUSD_PERP,bid,57700,556.65
1726550728930,BTCUSD_PERP,bid,57800,1083.16
1726550737237,BTCUSD_PERP,bid,57800,1083.3
1726550739504,BTCUSD_PERP,bid,57800,1097.16
1726550747762,BTCUSD_PERP,bid,57800,1097.3
1726550859990,BTCUSD_PERP,bid,57800,1083.44
1726550923951,BTCUSD_PERP,bid,57800,1026.77
1726550924063,BTCUSD_PERP,bid,57800,970.09
1726550924164,BTCUSD_PERP,bid,57800,856.74
1726550924487,BTCUSD_PERP,bid,57800,799.48
1726550924599,BTCUSD_PERP,bid,57800,742.22
1726550924705,BTCUSD_PERP,bid,57800,685.54
1726550924812,BTCUSD_PERP,bid,57800,571.61
1726550924911,BTCUSD_PERP,bid,57800,569.4
1726550925013,BTCUSD_PERP,bid,57800,741.27
1726550925118,BTCUSD_PERP,bid,57800,798.56
1726550925223,BTCUSD_PERP,bid,57800,855.85
1726550925325,BTCUSD_PERP,bid,57800,913.14
1726550925635,BTCUSD_PERP,bid,57800,969.84
1726551095524,BTCUSD_PERP,bid,57800,912.55
1726551095625,BTCUSD_PERP,bid,57800,741.27
1726551095929,BTCUSD_PERP,bid,57800,683.98
1726551096036,BTCUSD_PERP,bid,57800,627.28
1726551096136,BTCUSD_PERP,bid,57800,570.57
1726551097375,BTCUSD_PERP,bid,57900,627.5
1726551097473,BTCUSD_PERP,bid,57900,684.24
1726551097578,BTCUSD_PERP,bid,57900,741.56
1726551102215,BTCUSD_PERP,bid,57900,755.43
1726551222833,BTCUSD_PERP,bid,57900,741.56
1726551248260,BTCUSD_PERP,bid,57900,684.24
1726551248464,BTCUSD_PERP,bid,57900,626.92
1726551248563,BTCUSD_PERP,bid,57900,570.18
1726551255679,BTCUSD_PERP,bid,57900,571.51
1726551360727,BTCUSD_PERP,bid,57900,570.98
1726551434554,BTCUSD_PERP,bid,57900,571.34
1726551574823,BTCUSD_PERP,bid,57900,570.98
1726551981462,BTCUSD_PERP,bid,57900,571.36
1726551981577,BTCUSD_PERP,bid,57900,628.73
1726551982093,BTCUSD_PERP,bid,57900,686.1
1726551982194,BTCUSD_PERP,bid,57900,742.88
1726551982711,BTCUSD_PERP,bid,57900,800.25
1726551995945,BTCUSD_PERP,bid,57900,800.39
1726552007116,BTCUSD_PERP,bid,57900,800.53
1726552057608,BTCUSD_PERP,bid,57900,686.38
1726552057708,BTCUSD_PERP,bid,57900,629.01
1726552057806,BTCUSD_PERP,bid,57900,572.23
1726552349925,BTCUSD_PERP,bid,58100,573.16
1726552364265,BTCUSD_PERP,bid,58100,516.5
1726552365613,BTCUSD_PERP,bid,58100,516.64
1726552378789,BTCUSD_PERP,bid,58100,516.5
1726552420720,BTCUSD_PERP,bid,58100,515.97
1726552436345,BTCUSD_PERP,bid,58200,516.65
1726552442004,BTCUSD_PERP,bid,58200,516.83
1726552442412,BTCUSD_PERP,bid,58200,573.86
1726552454989,BTCUSD_PERP,bid,58200,530.7
1726552455206,BTCUSD_PERP,bid,58200,588.33
1726552455763,BTCUSD_PERP,bid,58200,516.82
1726552467131,BTCUSD_PERP,bid,58200,530.7
1726552472124,BTCUSD_PERP,bid,47000,2436.7
1726552492094,BTCUSD_PERP,bid,47000,2436.7
1726552512158,BTCUSD_PERP,bid,47000,2436.7
1726552521103,BTCUSD_PERP,bid,58200,575.03
1726552521309,BTCUSD_PERP,bid,58200,632.65
1726552543446,BTCUSD_PERP,bid,58100,689.71
1726552544462,BTCUSD_PERP,bid,58100,574.55
1726552544563,BTCUSD_PERP,bid,58100,516.97
1726552546205,BTCUSD_PERP,bid,58200,516.89
1726552546323,BTCUSD_PERP,bid,58200,631.58
1726552546758,BTCUSD_PERP,bid,58200,688.63
1726552563276,BTCUSD_PERP,bid,58200,630.99
1726552563378,BTCUSD_PERP,bid,58100,516.62
1726552563479,BTCUSD_PERP,bid,58100,802.9
1726552572931,BTCUSD_PERP,bid,58100,803.01
1726552577000,BTCUSD_PERP,bid,58100,746.02
1726552577105,BTCUSD_PERP,bid,58100,688.44
1726552577533,BTCUSD_PERP,bid,58100,516.39
1726552578149,BTCUSD_PERP,bid,58100,574.24
1726552578256,BTCUSD_PERP,bid,58100,690.32
1726552578650,BTCUSD_PERP,bid,58100,747.35
1726552578859,BTCUSD_PERP,bid,58100,804.37
1726552609122,BTCUSD_PERP,bid,58100,802.93
1726552735921,BTCUSD_PERP,bid,58100,686.71
1726552736019,BTCUSD_PERP,bid,58100,859.32
1726552833188,BTCUSD_PERP,bid,58100,916.26
1726552833396,BTCUSD_PERP,bid,58100,973.79
1726552899720,BTCUSD_PERP,bid,58000,629.49
1726552899818,BTCUSD_PERP,bid,58000,973.31
1726552900021,BTCUSD_PERP,bid,58000,1030.81
1726552950592,BTCUSD_PERP,bid,58000,800.81
1726552950696,BTCUSD_PERP,bid,58000,915.33
1726552950894,BTCUSD_PERP,bid,58000,972.8
1726553110412,BTCUSD_PERP,bid,58000,685.09
1726553110515,BTCUSD_PERP,bid,58000,857.41
1726553110615,BTCUSD_PERP,bid,58000,914.85
1726553270301,BTCUSD_PERP,bid,58000,742.53
1726553270505,BTCUSD_PERP,bid,58000,685.09
1726553270705,BTCUSD_PERP,bid,58000,570.89
1726553426735,BTCUSD_PERP,bid,58000,571.39
1726553426936,BTCUSD_PERP,bid,58000,628.83
1726553449313,BTCUSD_PERP,bid,58000,571.98
1726553450076,BTCUSD_PERP,bid,58000,528.77
1726553450406,BTCUSD_PERP,bid,58000,643.12
1726553450609,BTCUSD_PERP,bid,58000,700.0
1726553450705,BTCUSD_PERP,bid,58000,757.47
1726553450837,BTCUSD_PERP,bid,58000,814.35
1726553450944,BTCUSD_PERP,bid,58000,871.72
1726553451048,BTCUSD_PERP,bid,57900,558.69
1726553451048,BTCUSD_PERP,bid,58000,929.19
1726553451366,BTCUSD_PERP,bid,58000,986.66
1726553520500,BTCUSD_PERP,bid,58000,972.76
1726553583591,BTCUSD_PERP,bid,58000,915.29
1726553583695,BTCUSD_PERP,bid,58000,800.35
1726553583798,BTCUSD_PERP,bid,58000,743.47
1726553583898,BTCUSD_PERP,bid,58000,629.12
1726553584105,BTCUSD_PERP,bid,58000,857.99
1726553584210,BTCUSD_PERP,bid,58000,972.29
1726553584309,BTCUSD_PERP,bid,57900,558.42
1726553861346,BTCUSD_PERP,bid,58000,857.41
1726553861542,BTCUSD_PERP,bid,57900,743.9
1726553861643,BTCUSD_PERP,bid,57900,971.78
1726553861744,BTCUSD_PERP,bid,57900,558.13
1726553883740,BTCUSD_PERP,bid,57900,985.67
1726553891804,BTCUSD_PERP,bid,57900,985.81
1726553900408,BTCUSD_PERP,bid,57900,985.95
1726553970352,BTCUSD_PERP,bid,57900,700.18
1726553970659,BTCUSD_PERP,bid,57900,529.69
1726553970761,BTCUSD_PERP,bid,58000,571.39
1726553970954,BTCUSD_PERP,bid,58000,743.12
1726553971373,BTCUSD_PERP,bid,58000,858.0
1726553971662,BTCUSD_PERP,bid,58000,915.44
1726553971877,BTCUSD_PERP,bid,58000,972.88
1726553972206,BTCUSD_PERP,bid,57900,558.43
1726553972306,BTCUSD_PERP,bid,58000,1029.74
1726554004344,BTCUSD_PERP,bid,58000,1043.64
1726554124914,BTCUSD_PERP,bid,58000,1029.74
1726554212501,BTCUSD_PERP,bid,58000,972.3
1726554212807,BTCUSD_PERP,bid,58000,858.59
1726554212915,BTCUSD_PERP,bid,57900,800.14
1726554213013,BTCUSD_PERP,bid,57900,971.79
1726554213113,BTCUSD_PERP,bid,57900,558.12
1726554213113,BTCUSD_PERP,bid,57900,1029.2
1726554261272,BTCUSD_PERP,bid,57900,1051.49
1726554465217,BTCUSD_PERP,bid,57900,994.67
1726554465316,BTCUSD_PERP,bid,57900,765.12
1726554465620,BTCUSD_PERP,bid,57900,1028.66
1726554465821,BTCUSD_PERP,bid,57900,557.89
1726554763418,BTCUSD_PERP,bid,57900,971.28
1726554763527,BTCUSD_PERP,bid,57900,914.49
1726554763631,BTCUSD_PERP,bid,57900,857.11
1726554763832,BTCUSD_PERP,bid,57900,684.97
1726554764073,BTCUSD_PERP,bid,57900,570.3
1726554764169,BTCUSD_PERP,bid,57900,572.24
1726554764367,BTCUSD_PERP,bid,57900,629.65
1726554764598,BTCUSD_PERP,bid,57900,686.47
1726554764801,BTCUSD_PERP,bid,57900,743.3
1726554765005,BTCUSD_PERP,bid,57900,558.13
1726554765112,BTCUSD_PERP,bid,57900,800.13
1726554765212,BTCUSD_PERP,bid,57900,914.95
1726554765305,BTCUSD_PERP,bid,57900,971.78
1726554765415,BTCUSD_PERP,bid,57900,1029.19
1726554957133,BTCUSD_PERP,bid,57900,972.37
1726554957439,BTCUSD_PERP,bid,57900,915.55
1726554957532,BTCUSD_PERP,bid,57900,858.73
1726554957639,BTCUSD_PERP,bid,57900,801.32
1726554957742,BTCUSD_PERP,bid,57900,743.91
1726554957825,BTCUSD_PERP,bid,57900,629.67
1726554958058,BTCUSD_PERP,bid,57900,572.84
1726554958623,BTCUSD_PERP,bid,58000,572.14
1726554958834,BTCUSD_PERP,bid,58000,629.59
1726554958928,BTCUSD_PERP,bid,58000,801.84
1726554959153,BTCUSD_PERP,bid,58000,858.7
1726554959365,BTCUSD_PERP,bid,58000,916.15
1726555298952,BTCUSD_PERP,bid,58000,859.29
1726555299277,BTCUSD_PERP,bid,58000,686.94
1726555299377,BTCUSD_PERP,bid,58000,572.63
1726555299475,BTCUSD_PERP,bid,58000,572.39
1726555299688,BTCUSD_PERP,bid,58000,629.28
1726555300106,BTCUSD_PERP,bid,58000,686.17
1726555300202,BTCUSD_PERP,bid,58000,800.54
1726555522461,BTCUSD_PERP,bid,58000,629.87
1726555522561,BTCUSD_PERP,bid,58000,572.98
1726555523786,BTCUSD_PERP,bid,58000,628.41
1726555523885,BTCUSD_PERP,bid,58000,685.27
1726555524391,BTCUSD_PERP,bid,58000,742.72
1726555524490,BTCUSD_PERP,bid,58000,800.07
1726555598379,BTCUSD_PERP,bid,58000,685.76
1726555598488,BTCUSD_PERP,bid,58000,628.31
1726555598792,BTCUSD_PERP,bid,58000,742.85
1726555599328,BTCUSD_PERP,bid,58000,799.68
1726555602415,BTCUSD_PERP,bid,58000,801.12
1726555617851,BTCUSD_PERP,bid,58000,629.45
1726555618361,BTCUSD_PERP,bid,58000,572.61
1726556088728,BTCUSD_PERP,bid,58000,628.01
1726556088825,BTCUSD_PERP,bid,58000,685.43
1726556453568,BTCUSD_PERP,bid,58000,571.77
1726556454177,BTCUSD_PERP,bid,58000,571.45
1726556454277,BTCUSD_PERP,bid,58000,628.31
1726556454381,BTCUSD_PERP,bid,58000,685.76
1726556454482,BTCUSD_PERP,bid,58000,742.62
1726556522677,BTCUSD_PERP,bid,58000,521.32
1726556883248,BTCUSD_PERP,bid,58000,572.06
1726557001625,BTCUSD_PERP,bid,58000,572.47
1726557360797,BTCUSD_PERP,bid,58100,572.45
1726557361205,BTCUSD_PERP,bid,58100,687.53
1726557532764,BTCUSD_PERP,bid,58100,629.99
1726557532970,BTCUSD_PERP,bid,58000,577.76
1726557533067,BTCUSD_PERP,bid,58000,635.27
1726557533276,BTCUSD_PERP,bid,58000,692.19
1726557614294,BTCUSD_PERP,bid,58000,572.52
1726557614395,BTCUSD_PERP,bid,58000,630.0
1726557689423,BTCUSD_PERP,bid,58000,629.95
1726557854973,BTCUSD_PERP,bid,58000,526.87
1726557855074,BTCUSD_PERP,bid,58000,584.32
1726557875033,BTCUSD_PERP,bid,58000,572.74
1726558113035,BTCUSD_PERP,bid,58000,528.89
1726558588231,BTCUSD_PERP,bid,58100,573.06
1726558787005,BTCUSD_PERP,bid,58100,516.1
1726558788662,BTCUSD_PERP,bid,58100,515.79
1726558788989,BTCUSD_PERP,bid,58100,573.37
1726558823761,BTCUSD_PERP,bid,58100,515.79
1726558930312,BTCUSD_PERP,ask,59200,510.37
1726558930914,BTCUSD_PERP,ask,59200,516.29
1726558933783,BTCUSD_PERP,ask,59200,525.75
1726558974702,BTCUSD_PERP,ask,59200,519.84
1726558979098,BTCUSD_PERP,ask,59200,510.37
1726559045239,BTCUSD_PERP,bid,58100,516.63
1726559193586,BTCUSD_PERP,bid,58200,516.9
1726559193806,BTCUSD_PERP,bid,58200,574.53
1726559230043,BTCUSD_PERP,bid,58100,631.24
1726559230147,BTCUSD_PERP,bid,58100,688.84
1726560024910,BTCUSD_PERP,bid,58100,631.24
1726560025008,BTCUSD_PERP,bid,58100,574.23
1726560025107,BTCUSD_PERP,bid,58100,516.63
1726560026665,BTCUSD_PERP,bid,58200,516.91
1726560065053,BTCUSD_PERP,bid,58200,517.26
1726560415422,BTCUSD_PERP,bid,58100,517.89
1726560415526,BTCUSD_PERP,bid,58100,575.49
1726560528504,BTCUSD_PERP,ask,59300,511.51
1726560535356,BTCUSD_PERP,ask,59300,517.43
1726560537606,BTCUSD_PERP,ask,59300,527.21
1726560544101,BTCUSD_PERP,ask,59300,536.69
1726560615862,BTCUSD_PERP,bid,58200,516.76
1726560748337,BTCUSD_PERP,bid,58200,516.93
1726560748425,BTCUSD_PERP,bid,58200,689.47
1726560748877,BTCUSD_PERP,bid,58200,747.18
1726560811539,BTCUSD_PERP,bid,47000,2389.34
1726560886043,BTCUSD_PERP,bid,58200,631.98
1726560969857,BTCUSD_PERP,bid,58200,516.36
1726560969983,BTCUSD_PERP,bid,58200,631.78
1726560970303,BTCUSD_PERP,bid,58200,746.03
1726560970394,BTCUSD_PERP,bid,58200,803.74
1726561034758,BTCUSD_PERP,bid,58200,688.32
1726561034859,BTCUSD_PERP,bid,58200,631.19
1726561035066,BTCUSD_PERP,bid,58200,515.87
1726561035980,BTCUSD_PERP,bid,58200,574.36
1726561036077,BTCUSD_PERP,bid,58200,803.31
1726561082159,BTCUSD_PERP,bid,58200,745.63
1726561082260,BTCUSD_PERP,bid,58200,630.86
1726561344972,BTCUSD_PERP,bid,58200,630.71
1726561345070,BTCUSD_PERP,bid,58200,687.73
1726561506093,BTCUSD_PERP,bid,58200,630.71
1726561506402,BTCUSD_PERP,bid,58200,573.19
1726561506811,BTCUSD_PERP,bid,58200,516.16
1726561507612,BTCUSD_PERP,bid,58100,572.2
1726561508025,BTCUSD_PERP,bid,58100,629.78
1726561508255,BTCUSD_PERP,bid,58100,687.36
1726561942535,BTCUSD_PERP,bid,58100,572.78
1726561943959,BTCUSD_PERP,bid,58200,515.48
1726562158550,BTCUSD_PERP,bid,58200,517.26
1726562158955,BTCUSD_PERP,bid,58200,574.93
1726562159873,BTCUSD_PERP,bid,58200,575.07
1726562372729,BTCUSD_PERP,bid,58200,574.93
1726562429477,BTCUSD_PERP,bid,58200,517.26
1726562791428,BTCUSD_PERP,bid,58200,516.39
1726563679263,BTCUSD_PERP,bid,58200,517.43
1726563812464,BTCUSD_PERP,bid,58200,517.1
1726563929018,BTCUSD_PERP,bid,58200,517.37
1726564003832,BTCUSD_PERP,bid,58300,631.89
1726564003941,BTCUSD_PERP,bid,58300,748.81
1726564004446,BTCUSD_PERP,bid,58300,805.94
1726564004982,BTCUSD_PERP,bid,58300,863.65
1726564007864,BTCUSD_PERP,bid,58300,865.1
1726564017546,BTCUSD_PERP,bid,58300,807.39
1726564017949,BTCUSD_PERP,bid,58300,749.68
1726564018167,BTCUSD_PERP,bid,58300,692.55
1726564018275,BTCUSD_PERP,bid,58300,577.13
1726564018475,BTCUSD_PERP,bid,58300,520.01
1726564018680,BTCUSD_PERP,bid,58300,532.33
1726564018779,BTCUSD_PERP,bid,58300,762.15
1726564018878,BTCUSD_PERP,bid,58300,819.9
1726564018982,BTCUSD_PERP,bid,58300,877.06
1726564019064,BTCUSD_PERP,bid,58300,934.22
1726564019607,BTCUSD_PERP,bid,58300,991.38
1726564138911,BTCUSD_PERP,bid,58300,977.52
1726564144868,BTCUSD_PERP,bid,58300,747.11
1726564144965,BTCUSD_PERP,bid,58300,689.95
1726564145169,BTCUSD_PERP,bid,58300,632.79
1726564145273,BTCUSD_PERP,bid,58300,575.63
1726564145372,BTCUSD_PERP,bid,58300,518.47
1726564179507,BTCUSD_PERP,bid,58400,576.02
1726564179711,BTCUSD_PERP,bid,58400,633.86
1726564180023,BTCUSD_PERP,bid,58400,691.1
1726564180245,BTCUSD_PERP,bid,58400,748.94
1726564180467,BTCUSD_PERP,bid,58400,806.78
1726564180575,BTCUSD_PERP,bid,58400,864.62
1726564180783,BTCUSD_PERP,bid,58400,980.2
1726564180886,BTCUSD_PERP,bid,58400,1038.04
1726564216290,BTCUSD_PERP,bid,58400,980.8
1726564216394,BTCUSD_PERP,bid,58400,865.12
1726564216594,BTCUSD_PERP,bid,58400,807.28
1726564216694,BTCUSD_PERP,bid,58400,749.44
1726564216997,BTCUSD_PERP,bid,58400,691.6
1726564217191,BTCUSD_PERP,bid,58400,576.51
1726564340353,BTCUSD_PERP,bid,58400,519.4
1726564473306,BTCUSD_PERP,bid,47000,2389.34
1726564493296,BTCUSD_PERP,bid,47000,2389.35
1726564493405,BTCUSD_PERP,bid,47000,2389.34
1726564513392,BTCUSD_PERP,bid,47000,2389.34
1726564589669,BTCUSD_PERP,bid,58200,746.67
1726564589764,BTCUSD_PERP,bid,58200,804.34
1726564644541,BTCUSD_PERP,bid,58200,516.58
1726564645354,BTCUSD_PERP,bid,58200,574.66
1726564645555,BTCUSD_PERP,bid,58200,689.47
1726564645662,BTCUSD_PERP,bid,58200,747.08
1726564645748,BTCUSD_PERP,bid,58200,804.78
1726564718594,BTCUSD_PERP,bid,58200,747.08
1726564718697,BTCUSD_PERP,bid,58200,632.36
1726564719095,BTCUSD_PERP,bid,58200,574.66
1726564719500,BTCUSD_PERP,bid,58200,517.54
1726564719909,BTCUSD_PERP,bid,58200,516.59
1726564720018,BTCUSD_PERP,bid,58200,803.76
1726564720122,BTCUSD_PERP,bid,58200,861.43
1726564720226,BTCUSD_PERP,bid,58200,919.1
1726564795261,BTCUSD_PERP,bid,58200,862.02
1726564795364,BTCUSD_PERP,bid,58200,804.94
1726564795569,BTCUSD_PERP,bid,58200,690.29
1726564795669,BTCUSD_PERP,bid,58200,633.2
1726564795768,BTCUSD_PERP,bid,58200,575.53
1726564796077,BTCUSD_PERP,bid,58200,518.17
1726564988260,BTCUSD_PERP,ask,58700,529.19
1726565006720,BTCUSD_PERP,ask,58700,558.59
1726565197825,BTCUSD_PERP,bid,58200,516.67
1726565197944,BTCUSD_PERP,bid,58200,632.01
1726565198051,BTCUSD_PERP,bid,58200,689.09
1726565198375,BTCUSD_PERP,bid,58200,746.76
1726565198438,BTCUSD_PERP,bid,58200,862.0
