1726704760855,BTCUSDT,bid,61900,1000.324
1726704762379,BTCUSDT,bid,61900,1000.349
1726704766562,BTCUSDT,bid,61900,1000.374
1726704848070,BTCUSDT,bid,61900,1001.041
1726704850005,BTCUSDT,bid,61900,1002.412
1726704850511,BTCUSDT,bid,61900,1002.412
1726704850810,BTCUSDT,bid,61900,1002.362
1726704855541,BTCUSDT,bid,61900,1002.412
1726704856257,BTCUSDT,bid,61900,1002.362
1726704863790,BTCUSDT,bid,61900,1002.461
1726705128102,BTCUSDT,bid,61900,1000.322
1726705128614,BTCUSDT,bid,61900,1000.322
1726705128718,BTCUSDT,bid,61900,1000.302
1726705129938,BTCUSDT,bid,61900,1000.306
1726705130854,BTCUSDT,bid,61900,1000.306
1726705131259,BTCUSDT,bid,61900,1000.538
1726705132487,BTCUSDT,bid,61900,1000.57
1726705132688,BTCUSDT,bid,61900,1000.538
1726705133298,BTCUSDT,bid,61900,1000.306
1726705134206,BTCUSDT,bid,61900,1000.326
1726705135322,BTCUSDT,bid,61900,1000.347
1726705135727,BTCUSDT,bid,61900,1000.327
1726705224843,BTCUSDT,bid,61900,1000.32
1726705225151,BTCUSDT,bid,61900,1000.295
1726705225252,BTCUSDT,bid,61900,1000.275
1726705228103,BTCUSDT,bid,61900,1000.331
1726705246971,BTCUSDT,bid,61900,1000.329
1726705253345,BTCUSDT,bid,61900,1000.392
1726705254267,BTCUSDT,bid,61900,1000.41
1726705264551,BTCUSDT,bid,62000,1005.013
1726705265972,BTCUSDT,bid,62000,1005.026
1726705267309,BTCUSDT,bid,61900,1000.45
1726705267820,BTCUSDT,bid,61900,1000.41
1726705268023,BTCUSDT,bid,62000,1005.024
1726705268326,BTCUSDT,bid,62000,1005.022
1726705269538,BTCUSDT,bid,62000,1004.944
1726705390611,BTCUSDT,bid,47000,852.926
1726705557066,BTCUSDT,bid,62000,1002.355
1726705561368,BTCUSDT,bid,62000,1002.208
1726705563613,BTCUSDT,bid,62000,1002.206
1726705566668,BTCUSDT,bid,62000,1002.246
1726705567075,BTCUSDT,bid,62000,1002.206
1726705575260,BTCUSDT,bid,62100,1012.102
1726705575664,BTCUSDT,bid,62100,1012.262
1726705576170,BTCUSDT,bid,62100,1012.272
1726705577503,BTCUSDT,bid,62100,1012.112
1726705578112,BTCUSDT,bid,62100,1012.172
1726705578317,BTCUSDT,bid,62100,1012.166
1726705579947,BTCUSDT,bid,62000,1002.208
1726705580250,BTCUSDT,bid,62100,1012.126
1726705580771,BTCUSDT,bid,62100,1012.076
1726705581490,BTCUSDT,bid,62100,1012.087
1726705583445,BTCUSDT,bid,62100,1012.076
1726705584060,BTCUSDT,bid,62100,1012.072
1726705584371,BTCUSDT,bid,62100,1011.911
1726705584778,BTCUSDT,bid,62000,1002.206
1726705584778,BTCUSDT,bid,62100,1011.886
1726705586725,BTCUSDT,bid,62100,1011.866
1726705710021,BTCUSDT,bid,62100,1013.993
1726705711139,BTCUSDT,bid,62100,1014.043
1726705711444,BTCUSDT,bid,62100,1013.993
1726705712156,BTCUSDT,bid,62100,1014.043
1726705713372,BTCUSDT,bid,62100,1013.993
1726705716901,BTCUSDT,bid,62100,1014.043
1726705725107,BTCUSDT,bid,62100,1014.13
1726705726330,BTCUSDT,bid,62100,1013.969
1726705726856,BTCUSDT,bid,62100,1013.889
1726705728178,BTCUSDT,bid,62100,1013.911
1726705733584,BTCUSDT,bid,62100,1013.909
1726705734699,BTCUSDT,bid,62100,1013.911
1726705734800,BTCUSDT,bid,62100,1013.909
1726705736222,BTCUSDT,bid,62100,1003.909
1726705898327,BTCUSDT,bid,47000,852.895
1726706013300,BTCUSDT,bid,62100,1008.924
1726706014623,BTCUSDT,bid,62100,1008.949
1726706014825,BTCUSDT,bid,62100,1008.924
1726706014926,BTCUSDT,bid,62100,1008.914
1726706015028,BTCUSDT,bid,62100,1008.889
1726706015230,BTCUSDT,bid,62100,1008.879
1726706016346,BTCUSDT,bid,62100,1008.904
1726706016548,BTCUSDT,bid,62100,1008.879
1726706017662,BTCUSDT,bid,62100,1008.915
1726706020931,BTCUSDT,bid,62100,1008.926
1726706021032,BTCUSDT,bid,62100,1008.976
1726706024007,BTCUSDT,bid,62100,1009.06
1726706025634,BTCUSDT,bid,62100,1009.063
1726706025738,BTCUSDT,bid,62100,1008.979
1726706028678,BTCUSDT,bid,62100,1008.981
1726706029923,BTCUSDT,bid,62100,1008.979
1726706030126,BTCUSDT,bid,62100,1008.981
1726706031136,BTCUSDT,bid,62100,1008.931
1726706032556,BTCUSDT,bid,62100,1008.981
1726706032658,BTCUSDT,bid,62100,1009.153
1726706036219,BTCUSDT,bid,62100,2009.153
1726706038371,BTCUSDT,bid,62100,2009.103
1726706043156,BTCUSDT,bid,62100,1009.103
1726706070719,BTCUSDT,bid,62200,1000.5
1726706075600,BTCUSDT,bid,62200,1000.6
1726706075702,BTCUSDT,bid,62200,1000.646
1726706077131,BTCUSDT,bid,62200,1000.648
1726706077841,BTCUSDT,bid,62200,1001.148
1726706078351,BTCUSDT,bid,62200,1001.495
1726706078657,BTCUSDT,bid,62200,1001.489
1726706078960,BTCUSDT,bid,62200,1001.142
1726706082114,BTCUSDT,bid,62200,1001.136
1726706083130,BTCUSDT,bid,62200,1002.131
1726706089245,BTCUSDT,bid,62200,1001.631
1726706092828,BTCUSDT,bid,62200,1001.667
1726706093443,BTCUSDT,bid,62200,1001.635
1726706093645,BTCUSDT,bid,62200,1001.631
1726706094771,BTCUSDT,bid,62200,1001.681
1726706095588,BTCUSDT,bid,62200,1001.6
1726706096000,BTCUSDT,bid,62200,1001.55
1726706096709,BTCUSDT,bid,62200,1000.555
1726706098847,BTCUSDT,bid,62200,1000.648
1726706099967,BTCUSDT,bid,62200,1000.684
1726706101203,BTCUSDT,bid,62200,1000.648
1726706101304,BTCUSDT,bid,62200,1000.668
1726706102221,BTCUSDT,bid,62200,1000.648
1726706103947,BTCUSDT,bid,62200,1000.669
1726706111076,BTCUSDT,bid,62200,1000.705
1726706111783,BTCUSDT,bid,62200,1000.715
1726706111884,BTCUSDT,bid,62200,1000.725
1726706112496,BTCUSDT,bid,62200,2000.725
1726706113104,BTCUSDT,bid,62200,2000.689
1726706113205,BTCUSDT,bid,62200,2000.689
1726706113410,BTCUSDT,bid,62200,2000.725
1726706113509,BTCUSDT,bid,62200,2000.725
1726706113615,BTCUSDT,bid,62200,2000.725
1726706115542,BTCUSDT,bid,62200,1000.725
1726706116159,BTCUSDT,bid,62200,1000.806
1726706116361,BTCUSDT,bid,62200,1000.856
1726706116458,BTCUSDT,bid,62200,1000.82
1726706375308,BTCUSDT,bid,47000,852.884
1726704046411,BTCUSD_PERP,bid,61200,544.05
1726704048951,BTCUSD_PERP,bid,61200,545.99
1726704065307,BTCUSD_PERP,bid,61200,544.26
1726704065407,BTCUSD_PERP,bid,61200,604.83
1726704065509,BTCUSD_PERP,bid,61200,664.89
1726704065610,BTCUSD_PERP,bid,61200,724.95
1726704068861,BTCUSD_PERP,bid,61200,664.89
1726704068962,BTCUSD_PERP,bid,61200,604.83
1726704069171,BTCUSD_PERP,bid,61200,544.15
1726704119605,BTCUSD_PERP,bid,61400,545.41
1726704119704,BTCUSD_PERP,bid,61400,605.61
1726704119803,BTCUSD_PERP,bid,61400,681.02
1726704134829,BTCUSD_PERP,bid,61400,499.18
1726704166424,BTCUSD_PERP,bid,61500,545.44
1726704199534,BTCUSD_PERP,bid,61300,606.44
1726704199934,BTCUSD_PERP,bid,61300,606.58
1726704204206,BTCUSD_PERP,bid,61300,605.98
1726704215605,BTCUSD_PERP,bid,47000,2388.82
1726704216613,BTCUSD_PERP,bid,61300,545.25
1726704242552,BTCUSD_PERP,bid,61200,546.03
1726704276268,BTCUSD_PERP,bid,61300,543.61
1726704276469,BTCUSD_PERP,bid,61300,604.3
1726704286031,BTCUSD_PERP,bid,61300,543.61
1726704304500,BTCUSD_PERP,bid,61300,545.04
1726704312734,BTCUSD_PERP,bid,61300,606.06
1726704322774,BTCUSD_PERP,bid,61400,544.6
1726704322877,BTCUSD_PERP,bid,61400,604.78
1726704344953,BTCUSD_PERP,bid,61400,544.0
1726704345260,BTCUSD_PERP,bid,61300,543.75
1726704345363,BTCUSD_PERP,bid,61300,604.51
1726704350452,BTCUSD_PERP,bid,61300,544.69
1726704350773,BTCUSD_PERP,bid,61300,605.42
1726704354704,BTCUSD_PERP,bid,61300,500.42
1726704354704,BTCUSD_PERP,bid,61300,604.21
1726704357051,BTCUSD_PERP,bid,61300,544.1
1726704424787,BTCUSD_PERP,bid,61300,544.88
1726704456423,BTCUSD_PERP,bid,61400,666.3
1726704456520,BTCUSD_PERP,bid,61400,727.11
1726704456625,BTCUSD_PERP,bid,61400,787.92
1726704466624,BTCUSD_PERP,bid,61400,605.49
1726704466721,BTCUSD_PERP,bid,61300,907.72
1726704466927,BTCUSD_PERP,bid,61300,968.49
1726704481816,BTCUSD_PERP,bid,61300,907.72
1726704482015,BTCUSD_PERP,bid,61300,786.8
1726704482121,BTCUSD_PERP,bid,61300,605.11
1726704482223,BTCUSD_PERP,bid,61300,544.96
1726704482630,BTCUSD_PERP,bid,61400,545.35
1726704482732,BTCUSD_PERP,bid,61400,605.54
1726704545299,BTCUSD_PERP,bid,61300,544.45
1726704560863,BTCUSD_PERP,bid,61400,545.93
1726704577257,BTCUSD_PERP,bid,61900,523.17
1726704582386,BTCUSD_PERP,bid,61900,523.73
1726704582788,BTCUSD_PERP,bid,61900,522.17
1726704583808,BTCUSD_PERP,bid,61900,523.64
1726704584003,BTCUSD_PERP,bid,61900,522.17
1726704584214,BTCUSD_PERP,bid,61900,523.7
1726704585236,BTCUSD_PERP,bid,61900,522.17
1726704588615,BTCUSD_PERP,bid,61900,523.61
1726704588714,BTCUSD_PERP,bid,61900,522.17
1726704614592,BTCUSD_PERP,bid,61500,547.01
1726704614803,BTCUSD_PERP,bid,61500,607.32
1726704618029,BTCUSD_PERP,bid,61500,546.39
1726704620362,BTCUSD_PERP,bid,61500,498.43
1726704620769,BTCUSD_PERP,bid,61500,559.41
1726704654824,BTCUSD_PERP,bid,61500,667.84
1726704654929,BTCUSD_PERP,bid,61500,728.16
1726704655030,BTCUSD_PERP,bid,61500,789.1
1726704704929,BTCUSD_PERP,bid,61500,788.05
1726704705133,BTCUSD_PERP,bid,61500,848.96
1726704708408,BTCUSD_PERP,bid,61400,606.48
1726704708508,BTCUSD_PERP,bid,61400,730.41
1726704708705,BTCUSD_PERP,bid,61400,791.28
1726704713841,BTCUSD_PERP,bid,61400,730.41
1726704714045,BTCUSD_PERP,bid,61400,787.1
1726704714247,BTCUSD_PERP,bid,61400,847.93
1726704714348,BTCUSD_PERP,bid,61400,908.15
1726704750858,BTCUSD_PERP,bid,61400,847.93
1726704751366,BTCUSD_PERP,bid,61400,666.05
1726704751469,BTCUSD_PERP,bid,61400,605.22
1726704751672,BTCUSD_PERP,bid,61400,544.39
1726704762103,BTCUSD_PERP,bid,61500,546.36
1726704762204,BTCUSD_PERP,bid,61500,789.39
1726704762305,BTCUSD_PERP,bid,61500,911.11
1726704762514,BTCUSD_PERP,bid,61500,972.02
1726704763240,BTCUSD_PERP,bid,61500,1032.31
1726704799813,BTCUSD_PERP,bid,61500,607.47
1726704799909,BTCUSD_PERP,bid,61500,910.63
1726704817180,BTCUSD_PERP,bid,61500,849.75
1726704817383,BTCUSD_PERP,bid,61500,667.72
1726704817481,BTCUSD_PERP,bid,61500,546.58
1726704910170,BTCUSD_PERP,bid,61500,970.43
1726704915575,BTCUSD_PERP,bid,61500,667.22
1726704915771,BTCUSD_PERP,bid,61500,606.95
1726704915978,BTCUSD_PERP,bid,61500,606.82
1726704916075,BTCUSD_PERP,bid,61500,667.75
1726704916285,BTCUSD_PERP,bid,61500,788.99
1726704916369,BTCUSD_PERP,bid,61500,849.92
1726704916486,BTCUSD_PERP,bid,61500,971.06
1726704916583,BTCUSD_PERP,bid,61500,1092.3
1726704946973,BTCUSD_PERP,bid,61500,606.3
1726704959029,BTCUSD_PERP,bid,61400,726.98
1726704966921,BTCUSD_PERP,bid,61400,498.77
1726704983285,BTCUSD_PERP,bid,61400,726.62
1726704989927,BTCUSD_PERP,bid,61400,666.42
1726704990031,BTCUSD_PERP,bid,61400,665.47
1726705009766,BTCUSD_PERP,bid,61400,545.6
1726705009971,BTCUSD_PERP,bid,61400,606.43
1726705010076,BTCUSD_PERP,bid,61400,667.26
1726705010384,BTCUSD_PERP,bid,61400,728.09
1726705018325,BTCUSD_PERP,bid,61400,607.06
1726705018946,BTCUSD_PERP,bid,61400,849.39
1726705019048,BTCUSD_PERP,bid,61400,970.36
1726705019145,BTCUSD_PERP,bid,61300,530.52
1726705019145,BTCUSD_PERP,bid,61400,1030.54
1726705046366,BTCUSD_PERP,bid,61400,848.17
1726705046466,BTCUSD_PERP,bid,61400,546.06
1726705046670,BTCUSD_PERP,bid,61400,545.6
1726705046774,BTCUSD_PERP,bid,61400,606.43
1726705046981,BTCUSD_PERP,bid,61400,666.63
1726705047186,BTCUSD_PERP,bid,61400,787.67
1726705047289,BTCUSD_PERP,bid,61400,908.71
1726705047397,BTCUSD_PERP,bid,61400,1030.26
1726705047498,BTCUSD_PERP,bid,61400,1090.47
1726705047603,BTCUSD_PERP,bid,61400,1151.3
1726705047703,BTCUSD_PERP,bid,61300,530.63
1726705047801,BTCUSD_PERP,bid,61300,591.35
1726705047801,BTCUSD_PERP,bid,61400,1212.13
1726705053466,BTCUSD_PERP,bid,61400,1224.09
1726705071455,BTCUSD_PERP,bid,61300,530.62
1726705071858,BTCUSD_PERP,bid,61400,1042.22
1726705072161,BTCUSD_PERP,bid,61400,981.39
1726705072367,BTCUSD_PERP,bid,61400,860.36
1726705072466,BTCUSD_PERP,bid,61400,799.53
1726705072564,BTCUSD_PERP,bid,61400,739.32
1726705072671,BTCUSD_PERP,bid,61400,618.28
1726705072869,BTCUSD_PERP,bid,61400,557.45
1726705073381,BTCUSD_PERP,bid,61400,545.22
1726705073477,BTCUSD_PERP,bid,61400,666.34
1726705073586,BTCUSD_PERP,bid,61400,727.21
1726705101769,BTCUSD_PERP,bid,61400,666.97
1726705119205,BTCUSD_PERP,bid,61400,606.1
1726705119716,BTCUSD_PERP,bid,61400,545.23
1726705120432,BTCUSD_PERP,bid,61500,546.2
1726705120745,BTCUSD_PERP,bid,61500,667.4
1726705228028,BTCUSD_PERP,bid,61500,607.11
1726705228129,BTCUSD_PERP,bid,61500,546.2
1726705259522,BTCUSD_PERP,bid,61500,546.85
1726705275392,BTCUSD_PERP,bid,61700,486.32
1726705275481,BTCUSD_PERP,bid,61700,547.42
1726705292129,BTCUSD_PERP,bid,61700,486.94
1726705292232,BTCUSD_PERP,bid,61700,486.58
1726705292337,BTCUSD_PERP,bid,61700,547.71
1726705292444,BTCUSD_PERP,bid,61700,669.97
1726705292544,BTCUSD_PERP,bid,61700,791.61
1726705292646,BTCUSD_PERP,bid,61700,912.63
1726705292746,BTCUSD_PERP,bid,61700,973.76
1726705294678,BTCUSD_PERP,bid,61700,790.99
1726705294878,BTCUSD_PERP,bid,61700,729.86
1726705294979,BTCUSD_PERP,bid,61700,608.84
1726705314251,BTCUSD_PERP,bid,61800,487.97
1726705314351,BTCUSD_PERP,bid,61800,549.2
1726705314551,BTCUSD_PERP,bid,61800,670.42
1726705318417,BTCUSD_PERP,bid,61800,975.32
1726705318727,BTCUSD_PERP,bid,61800,1036.52
1726705337442,BTCUSD_PERP,bid,61800,914.75
1726705337541,BTCUSD_PERP,bid,61800,854.18
1726705337746,BTCUSD_PERP,bid,61800,792.98
1726705337844,BTCUSD_PERP,bid,61800,671.21
1726705337948,BTCUSD_PERP,bid,61800,549.44
1726705337948,BTCUSD_PERP,bid,61800,487.97
1726705338050,BTCUSD_PERP,bid,61800,488.24
1726705338050,BTCUSD_PERP,bid,61800,670.42
1726705338357,BTCUSD_PERP,bid,61800,731.65
1726705338555,BTCUSD_PERP,bid,61800,792.77
1726705338658,BTCUSD_PERP,bid,61800,853.38
1726705338752,BTCUSD_PERP,bid,61800,975.84
1726705338864,BTCUSD_PERP,bid,61700,537.42
1726705338864,BTCUSD_PERP,bid,61800,1037.07
1726705356118,BTCUSD_PERP,bid,61800,976.46
1726705356632,BTCUSD_PERP,bid,61800,915.85
1726705356943,BTCUSD_PERP,bid,61800,733.4
1726705357158,BTCUSD_PERP,bid,61800,672.17
1726705357158,BTCUSD_PERP,bid,61800,486.93
1726705357261,BTCUSD_PERP,bid,61800,489.11
1726705357261,BTCUSD_PERP,bid,61800,548.19
1726705357763,BTCUSD_PERP,bid,61800,488.8
1726705357863,BTCUSD_PERP,bid,61800,550.07
1726705357964,BTCUSD_PERP,bid,61800,611.34
1726705358172,BTCUSD_PERP,bid,61800,672.61
1726705451084,BTCUSD_PERP,bid,61700,488.15
1726705451199,BTCUSD_PERP,bid,61700,549.26
1726705451512,BTCUSD_PERP,bid,61700,549.41
1726705451723,BTCUSD_PERP,bid,61700,549.56
1726705476818,BTCUSD_PERP,bid,61600,487.43
1726705496713,BTCUSD_PERP,bid,61600,487.12
1726705515611,BTCUSD_PERP,bid,61600,547.48
1726705515714,BTCUSD_PERP,bid,61600,608.53
1726705515914,BTCUSD_PERP,bid,61600,669.58
1726705539466,BTCUSD_PERP,bid,61700,486.8
1726705539671,BTCUSD_PERP,bid,61700,547.27
1726705548834,BTCUSD_PERP,bid,61600,486.55
1726705548935,BTCUSD_PERP,bid,61600,547.6
1726705612210,BTCUSD_PERP,bid,61600,486.7
1726705612308,BTCUSD_PERP,bid,61600,547.72
1726705735962,BTCUSD_PERP,bid,61700,486.98
1726705764543,BTCUSD_PERP,bid,61700,668.14
1726705764644,BTCUSD_PERP,bid,61700,729.23
1726705780374,BTCUSD_PERP,bid,61700,545.96
1726705780889,BTCUSD_PERP,bid,61700,547.45
1726705781705,BTCUSD_PERP,bid,61700,607.95
1726705781808,BTCUSD_PERP,bid,61700,669.07
1726705782027,BTCUSD_PERP,bid,61700,729.57
1726705805499,BTCUSD_PERP,bid,61700,669.09
1726705805603,BTCUSD_PERP,bid,61700,608.59
1726705805705,BTCUSD_PERP,bid,61700,548.09
1726705806004,BTCUSD_PERP,bid,61700,486.97
1726705817789,BTCUSD_PERP,bid,61700,486.62
1726705817895,BTCUSD_PERP,bid,61700,547.74
1726705817994,BTCUSD_PERP,bid,61600,533.14
1726705823596,BTCUSD_PERP,bid,61700,486.18
1726705823810,BTCUSD_PERP,bid,61600,532.87
1726705823906,BTCUSD_PERP,bid,61700,547.26
1726705823906,BTCUSD_PERP,ask,62900,482.43
1726705843563,BTCUSD_PERP,bid,61600,532.61
1726705843563,BTCUSD_PERP,bid,61600,547.04
1726705854409,BTCUSD_PERP,bid,61700,546.71
1726705854506,BTCUSD_PERP,bid,61600,532.89
1726705854608,BTCUSD_PERP,bid,61700,607.8
1726705863984,BTCUSD_PERP,bid,61600,547.04
1726705892048,BTCUSD_PERP,bid,61600,487.59
1726705892453,BTCUSD_PERP,bid,61600,546.7
1726705935649,BTCUSD_PERP,bid,61600,487.53
1726705950523,BTCUSD_PERP,bid,61600,546.41
1726705950822,BTCUSD_PERP,bid,61600,607.47
1726705960411,BTCUSD_PERP,bid,61600,546.41
1726706027659,BTCUSD_PERP,bid,61700,486.28
1726706027763,BTCUSD_PERP,bid,61700,546.77
1726706027982,BTCUSD_PERP,bid,61700,607.25
1726706031042,BTCUSD_PERP,bid,61700,546.14
1726706032272,BTCUSD_PERP,bid,61700,547.15
1726706032582,BTCUSD_PERP,bid,61700,608.3
1726706049166,BTCUSD_PERP,bid,61700,486.62
1726706050186,BTCUSD_PERP,bid,61800,487.6
1726706050288,BTCUSD_PERP,bid,61800,548.78
1726706050389,BTCUSD_PERP,bid,61800,669.92
1726706050499,BTCUSD_PERP,bid,61800,731.1
1726706050597,BTCUSD_PERP,bid,61800,792.18
1726706050805,BTCUSD_PERP,bid,61800,853.36
1726706050906,BTCUSD_PERP,bid,61800,913.93
1726706051004,BTCUSD_PERP,bid,61800,974.5
1726706051106,BTCUSD_PERP,bid,61800,1035.68
1726706111527,BTCUSD_PERP,bid,61700,670.03
1726706111628,BTCUSD_PERP,bid,61700,533.52
1726706111628,BTCUSD_PERP,bid,61700,1096.9
1726706111726,BTCUSD_PERP,bid,61700,594.57
1726706111726,BTCUSD_PERP,bid,61700,1158.06
1726706117062,BTCUSD_PERP,bid,61700,608.0
1726706117159,BTCUSD_PERP,bid,61600,534.99
1726706117159,BTCUSD_PERP,bid,61700,1156.84
1726706117462,BTCUSD_PERP,bid,61600,596.01
1726706117462,BTCUSD_PERP,bid,61700,1217.96
1726706131376,BTCUSD_PERP,bid,61600,535.4
1726706131376,BTCUSD_PERP,bid,61700,912.36
1726706131479,BTCUSD_PERP,bid,61700,547.5
1726706131576,BTCUSD_PERP,bid,61700,486.38
1726706132605,BTCUSD_PERP,bid,61700,486.09
1726706132908,BTCUSD_PERP,bid,61700,547.25
1726706179723,BTCUSD_PERP,bid,61700,729.73
1726706179821,BTCUSD_PERP,bid,61700,790.86
1726706180651,BTCUSD_PERP,bid,61700,730.35
1726706180850,BTCUSD_PERP,bid,61700,607.76
1726706181158,BTCUSD_PERP,bid,61700,668.86
1726706305774,BTCUSD_PERP,bid,61600,547.06
