2024-08-30 09:06:18,BTCUSDT,bid,47000,882.62
2024-08-30 09:06:55,BTCUSDT,bid,47000,882.619
2024-08-30 09:07:46,BTCUSDT,bid,47000,882.633
2024-08-30 09:11:18,BTCUSDT,bid,47000,882.63
2024-08-30 09:35:17,BTCUSDT,bid,47000,882.641
2024-08-30 10:05:11,BTCUSDT,bid,47000,882.552
2024-08-30 10:08:28,BTCUSDT,bid,47300,805.836
2024-08-30 10:28:28,BTCUSDT,bid,47000,883.399
2024-08-30 10:29:40,BTCUSDT,bid,47000,882.552
2024-08-30 10:34:52,BTCUSDT,bid,47000,882.989
2024-08-30 10:35:37,BTCUSDT,bid,47000,882.552
2024-08-30 10:36:51,BTCUSDT,bid,47000,882.557
2024-08-30 11:24:18,BTCUSDT,bid,47000,882.552
2024-08-30 11:47:48,BTCUSDT,bid,47300,805.862
2024-08-30 13:10:31,BTCUSDT,bid,47000,882.436
2024-08-30 13:43:14,BTCUSDT,bid,47000,882.224
2024-08-30 13:57:24,BTCUSDT,bid,47300,806.885
2024-08-30 14:02:11,BTCUSDT,bid,47000,882.102
2024-08-30 14:03:26,BTCUSDT,bid,47000,882.091
2024-08-30 14:34:42,BTCUSDT,bid,47300,806.859
2024-08-30 15:16:22,BTCUSDT,ask,61500,567.556
2024-08-30 15:16:33,BTCUSDT,ask,61500,567.546
2024-08-30 15:17:05,BTCUSDT,ask,61500,567.554
2024-08-30 15:18:35,BTCUSDT,ask,61500,567.629
2024-08-30 15:18:45,BTCUSDT,ask,61500,567.457
2024-08-30 15:19:42,BTCUSDT,ask,61500,567.441
2024-08-30 15:19:47,BTCUSDT,ask,61500,567.443
2024-08-30 15:19:54,BTCUSDT,ask,61500,568.443
2024-08-30 15:22:49,BTCUSDT,ask,61500,568.321
2024-08-30 15:24:22,BTCUSDT,ask,61500,567.886
2024-08-30 15:24:23,BTCUSDT,ask,61500,567.854
2024-08-30 15:24:29,BTCUSDT,ask,61500,567.846
2024-08-30 15:24:46,BTCUSDT,ask,61500,567.856
2024-08-30 15:59:37,BTCUSDT,bid,47300,806.479
2024-08-30 16:28:15,BTCUSDT,bid,47000,882.088
2024-08-30 17:25:05,BTCUSDT,bid,47000,882.096
2024-08-30 17:25:54,BTCUSDT,bid,47000,882.088
2024-08-30 17:28:04,BTCUSDT,bid,47000,882.094
2024-08-30 17:38:00,BTCUSDT,bid,47000,885.378
2024-08-30 18:23:22,BTCUSDT,bid,47000,883.804
2024-08-30 18:35:02,BTCUSDT,bid,47000,883.797
2024-08-30 18:44:27,BTCUSDT,ask,60000,708.159
2024-08-30 18:44:30,BTCUSDT,ask,60000,707.659
2024-08-30 18:44:38,BTCUSDT,ask,60000,706.834
2024-08-30 18:44:43,BTCUSDT,ask,60000,706.009
2024-08-30 18:44:49,BTCUSDT,ask,60000,705.184
2024-08-30 18:44:52,BTCUSDT,ask,60000,704.359
2024-08-30 18:44:59,BTCUSDT,ask,60000,704.264
2024-08-30 18:45:47,BTCUSDT,ask,60000,704.77
2024-08-30 18:46:06,BTCUSDT,ask,60000,704.765
2024-08-30 18:46:14,BTCUSDT,ask,60000,704.64
2024-08-30 18:46:43,BTCUSDT,ask,60000,704.14
2024-08-30 18:47:24,BTCUSDT,ask,60000,704.147
2024-08-30 18:48:06,BTCUSDT,ask,60000,707.759
2024-08-30 18:48:08,BTCUSDT,ask,60000,707.733
2024-08-30 18:49:09,BTCUSDT,ask,60000,707.7
2024-08-30 18:49:59,BTCUSDT,ask,60000,707.711
2024-08-30 18:50:01,BTCUSDT,ask,60000,707.709
2024-08-30 18:50:04,BTCUSDT,ask,60000,707.704
2024-08-30 18:50:20,BTCUSDT,ask,60000,707.714
2024-08-30 18:50:39,BTCUSDT,ask,60000,707.681
2024-08-30 18:50:51,BTCUSDT,ask,60000,707.699
2024-08-30 18:53:10,BTCUSDT,ask,60000,707.225
2024-08-30 18:54:18,BTCUSDT,ask,60000,707.182
2024-08-30 18:54:49,BTCUSDT,ask,60000,707.179
2024-08-30 18:54:51,BTCUSDT,ask,60000,707.399
2024-08-30 18:54:56,BTCUSDT,ask,60000,707.397
2024-08-30 18:55:02,BTCUSDT,ask,60000,707.412
2024-08-30 18:55:20,BTCUSDT,ask,60000,712.412
2024-08-30 18:55:35,BTCUSDT,ask,60000,707.412
2024-08-30 18:55:57,BTCUSDT,ask,60000,707.422
2024-08-30 18:56:06,BTCUSDT,ask,60000,707.434
2024-08-30 18:56:08,BTCUSDT,ask,60000,707.437
2024-08-30 18:57:44,BTCUSDT,bid,47000,880.513
2024-08-30 18:57:53,BTCUSDT,ask,60000,707.428
2024-08-30 18:58:55,BTCUSDT,ask,60000,707.431
2024-08-30 18:59:11,BTCUSDT,ask,60000,707.377
2024-08-30 18:59:34,BTCUSDT,ask,60000,705.881
2024-08-30 18:59:47,BTCUSDT,ask,60000,705.883
2024-08-30 18:59:54,BTCUSDT,ask,60000,707.883
2024-08-30 18:59:57,BTCUSDT,ask,60000,707.969
2024-08-30 19:00:37,BTCUSDT,ask,60000,707.418
2024-08-30 19:01:51,BTCUSDT,ask,60000,709.882
2024-08-30 19:02:18,BTCUSDT,ask,60000,709.872
2024-08-30 19:04:03,BTCUSDT,ask,60000,709.877
2024-08-30 19:04:40,BTCUSDT,ask,60000,710.577
2024-08-30 19:04:59,BTCUSDT,ask,60000,710.507
2024-08-30 19:05:12,BTCUSDT,ask,60000,710.464
2024-08-30 19:06:41,BTCUSDT,ask,60000,710.466
2024-08-30 19:07:13,BTCUSDT,bid,47000,880.183
2024-08-30 19:07:20,BTCUSDT,ask,60000,710.566
2024-08-30 19:08:06,BTCUSDT,ask,60000,709.566
2024-08-30 19:08:12,BTCUSDT,ask,60000,708.866
2024-08-30 19:08:36,BTCUSDT,ask,60000,709.246
2024-08-30 19:09:33,BTCUSDT,ask,60000,708.325
2024-08-30 19:09:33,BTCUSDT,bid,47000,880.583
2024-08-30 19:09:34,BTCUSDT,ask,60000,708.342
2024-08-30 19:10:33,BTCUSDT,ask,60000,708.442
2024-08-30 19:10:50,BTCUSDT,ask,60000,706.941
2024-08-30 19:10:54,BTCUSDT,ask,60000,706.956
2024-08-30 19:11:02,BTCUSDT,ask,60000,706.941
2024-08-30 19:11:13,BTCUSDT,ask,60000,706.943
2024-08-30 19:11:30,BTCUSDT,ask,60000,707.059
2024-08-30 19:11:33,BTCUSDT,ask,60000,706.959
2024-08-30 19:27:38,BTCUSDT,bid,47000,880.511
2024-08-30 19:29:37,BTCUSDT,bid,47000,880.524
2024-08-30 19:30:50,BTCUSDT,bid,47000,880.51
2024-08-30 07:00:02,BTCUSD_PERP,bid,58800,522.38
2024-08-30 07:01:01,BTCUSD_PERP,bid,58800,522.06
2024-08-30 07:01:01,BTCUSD_PERP,bid,58800,696.87
2024-08-30 07:01:15,BTCUSD_PERP,bid,58800,638.6
2024-08-30 07:01:15,BTCUSD_PERP,bid,58800,522.06
2024-08-30 07:01:15,BTCUSD_PERP,bid,58800,522.36
2024-08-30 07:01:16,BTCUSD_PERP,bid,58800,580.01
2024-08-30 07:01:21,BTCUSD_PERP,bid,58800,637.66
2024-08-30 07:01:29,BTCUSD_PERP,bid,58800,580.02
2024-08-30 07:01:29,BTCUSD_PERP,bid,58800,521.78
2024-08-30 07:01:31,BTCUSD_PERP,bid,58700,531.88
2024-08-30 07:01:31,BTCUSD_PERP,bid,58700,647.71
2024-08-30 07:02:00,BTCUSD_PERP,bid,58700,589.5
2024-08-30 07:10:50,BTCUSD_PERP,bid,58700,522.33
2024-08-30 07:10:50,BTCUSD_PERP,bid,58700,638.08
2024-08-30 07:10:50,BTCUSD_PERP,bid,58700,695.65
2024-08-30 07:14:03,BTCUSD_PERP,bid,58600,521.02
2024-08-30 07:14:10,BTCUSD_PERP,bid,58600,936.5
2024-08-30 07:14:10,BTCUSD_PERP,bid,58600,994.57
2024-08-30 07:14:11,BTCUSD_PERP,bid,58600,820.46
2024-08-30 07:14:11,BTCUSD_PERP,bid,58600,579.71
2024-08-30 07:14:11,BTCUSD_PERP,bid,58600,637.81
2024-08-30 07:14:11,BTCUSD_PERP,bid,58600,695.91
2024-08-30 07:14:12,BTCUSD_PERP,bid,58600,754.01
2024-08-30 07:15:11,BTCUSD_PERP,bid,58600,695.91
2024-08-30 07:15:29,BTCUSD_PERP,bid,58600,637.81
2024-08-30 07:15:32,BTCUSD_PERP,bid,58700,1062.3
2024-08-30 07:15:32,BTCUSD_PERP,bid,58700,1178.56
2024-08-30 07:16:22,BTCUSD_PERP,bid,58700,1120.43
2024-08-30 07:16:22,BTCUSD_PERP,bid,58700,1004.87
2024-08-30 07:16:22,BTCUSD_PERP,bid,58700,946.74
2024-08-30 07:16:22,BTCUSD_PERP,bid,58700,772.95
2024-08-30 07:16:22,BTCUSD_PERP,bid,58700,714.82
2024-08-30 07:16:23,BTCUSD_PERP,bid,58700,656.69
2024-08-30 07:16:23,BTCUSD_PERP,bid,58700,599.16
2024-08-30 07:16:23,BTCUSD_PERP,bid,58600,521.7
2024-08-30 07:16:23,BTCUSD_PERP,bid,58600,637.3
2024-08-30 07:16:23,BTCUSD_PERP,bid,58600,752.9
2024-08-30 07:16:23,BTCUSD_PERP,bid,58600,811.0
2024-08-30 07:16:24,BTCUSD_PERP,bid,58600,868.51
2024-08-30 07:16:24,BTCUSD_PERP,bid,58600,926.01
2024-08-30 07:16:24,BTCUSD_PERP,bid,58600,984.11
2024-08-30 07:16:24,BTCUSD_PERP,bid,58600,1042.21
2024-08-30 07:18:06,BTCUSD_PERP,bid,58600,522.31
2024-08-30 07:18:06,BTCUSD_PERP,bid,58600,1040.82
2024-08-30 07:18:06,BTCUSD_PERP,bid,58600,1098.88
2024-08-30 07:20:35,BTCUSD_PERP,bid,58600,867.83
2024-08-30 07:20:36,BTCUSD_PERP,bid,58600,752.3
2024-08-30 07:20:36,BTCUSD_PERP,bid,58600,694.84
2024-08-30 07:20:36,BTCUSD_PERP,bid,58600,636.78
2024-08-30 07:20:36,BTCUSD_PERP,bid,58600,578.72
2024-08-30 07:20:37,BTCUSD_PERP,bid,58600,637.65
2024-08-30 07:20:37,BTCUSD_PERP,bid,58600,695.15
2024-08-30 07:20:37,BTCUSD_PERP,bid,58600,753.23
2024-08-30 07:20:37,BTCUSD_PERP,bid,58600,868.81
2024-08-30 07:22:23,BTCUSD_PERP,bid,58600,810.73
2024-08-30 07:22:23,BTCUSD_PERP,bid,58600,753.23
2024-08-30 07:22:24,BTCUSD_PERP,bid,58600,637.07
2024-08-30 07:22:24,BTCUSD_PERP,bid,58700,580.52
2024-08-30 07:22:25,BTCUSD_PERP,bid,58700,695.59
2024-08-30 07:22:25,BTCUSD_PERP,bid,58700,811.24
2024-08-30 07:22:25,BTCUSD_PERP,bid,58700,869.36
2024-08-30 07:22:25,BTCUSD_PERP,bid,58700,926.89
2024-08-30 07:23:06,BTCUSD_PERP,bid,58700,753.7
2024-08-30 07:23:06,BTCUSD_PERP,bid,58700,696.17
2024-08-30 07:23:06,BTCUSD_PERP,bid,58700,638.05
2024-08-30 07:23:06,BTCUSD_PERP,bid,58700,520.4
2024-08-30 07:23:07,BTCUSD_PERP,bid,58700,580.02
2024-08-30 07:23:07,BTCUSD_PERP,bid,58700,578.46
2024-08-30 07:23:07,BTCUSD_PERP,bid,58700,521.9
2024-08-30 07:23:07,BTCUSD_PERP,bid,58700,636.61
2024-08-30 07:24:56,BTCUSD_PERP,bid,58700,578.73
2024-08-30 07:24:56,BTCUSD_PERP,bid,58700,636.25
2024-08-30 07:25:55,BTCUSD_PERP,ask,59800,504.68
2024-08-30 07:25:58,BTCUSD_PERP,ask,59800,514.25
2024-08-30 07:25:59,BTCUSD_PERP,bid,58700,578.23
2024-08-30 07:26:00,BTCUSD_PERP,bid,58700,521.69
2024-08-30 07:26:01,BTCUSD_PERP,bid,58700,579.85
2024-08-30 07:26:01,BTCUSD_PERP,bid,58700,579.89
2024-08-30 07:26:01,BTCUSD_PERP,bid,58700,638.05
2024-08-30 07:26:01,BTCUSD_PERP,bid,58700,753.17
2024-08-30 07:26:03,BTCUSD_PERP,bid,58700,753.21
2024-08-30 07:26:41,BTCUSD_PERP,bid,58700,521.76
2024-08-30 07:26:42,BTCUSD_PERP,bid,58700,520.72
2024-08-30 07:26:42,BTCUSD_PERP,bid,58700,578.91
2024-08-30 07:26:43,BTCUSD_PERP,bid,58700,637.1
2024-08-30 07:26:43,BTCUSD_PERP,bid,58700,695.29
2024-08-30 07:26:44,BTCUSD_PERP,bid,58700,695.33
2024-08-30 07:27:11,BTCUSD_PERP,bid,58700,637.73
2024-08-30 07:27:11,BTCUSD_PERP,bid,58700,521.35
2024-08-30 07:27:12,BTCUSD_PERP,bid,58800,522.68
2024-08-30 07:27:12,BTCUSD_PERP,bid,58800,696.74
2024-08-30 07:27:13,BTCUSD_PERP,bid,58800,754.36
2024-08-30 07:27:13,BTCUSD_PERP,bid,58700,522.37
2024-08-30 07:27:13,BTCUSD_PERP,bid,58800,812.58
2024-08-30 07:27:13,BTCUSD_PERP,bid,58800,870.8
2024-08-30 07:27:13,BTCUSD_PERP,bid,58800,928.42
2024-08-30 07:27:43,BTCUSD_PERP,bid,58800,870.2
2024-08-30 07:27:43,BTCUSD_PERP,bid,58800,522.45
2024-08-30 07:27:43,BTCUSD_PERP,bid,58800,638.36
2024-08-30 07:27:43,BTCUSD_PERP,bid,58800,696.61
2024-08-30 07:27:44,BTCUSD_PERP,bid,58800,754.26
2024-08-30 07:27:44,BTCUSD_PERP,bid,58800,811.91
2024-08-30 07:27:44,BTCUSD_PERP,bid,58800,870.16
2024-08-30 07:27:55,BTCUSD_PERP,bid,58800,1160.71
2024-08-30 07:27:55,BTCUSD_PERP,bid,58700,566.28
2024-08-30 07:29:24,BTCUSD_PERP,bid,58800,1102.46
2024-08-30 07:29:24,BTCUSD_PERP,bid,58800,1044.81
2024-08-30 07:29:24,BTCUSD_PERP,bid,58800,524.17
2024-08-30 07:29:24,BTCUSD_PERP,bid,58800,1102.78
2024-08-30 07:29:24,BTCUSD_PERP,bid,58700,565.98
2024-08-30 07:29:24,BTCUSD_PERP,bid,58800,1161.0
2024-08-30 07:29:32,BTCUSD_PERP,bid,58800,1161.04
2024-08-30 07:29:32,BTCUSD_PERP,bid,58800,1161.08
2024-08-30 07:29:36,BTCUSD_PERP,bid,58800,1161.12
2024-08-30 07:30:13,BTCUSD_PERP,bid,58800,1045.27
2024-08-30 07:30:13,BTCUSD_PERP,bid,58800,814.19
2024-08-30 07:30:14,BTCUSD_PERP,bid,58800,640.13
2024-08-30 07:30:14,BTCUSD_PERP,bid,58800,581.91
2024-08-30 07:30:14,BTCUSD_PERP,bid,58800,522.95
2024-08-30 07:30:15,BTCUSD_PERP,bid,58800,581.2
2024-08-30 07:30:15,BTCUSD_PERP,bid,58800,591.0
2024-08-30 07:30:15,BTCUSD_PERP,bid,58800,707.5
2024-08-30 07:30:15,BTCUSD_PERP,bid,58800,823.4
2024-08-30 07:31:30,BTCUSD_PERP,bid,58800,707.5
2024-08-30 07:31:30,BTCUSD_PERP,bid,58800,591.0
2024-08-30 07:31:30,BTCUSD_PERP,bid,58800,533.35
2024-08-30 07:33:44,BTCUSD_PERP,bid,58900,522.34
2024-08-30 07:33:44,BTCUSD_PERP,bid,58900,706.6
2024-08-30 07:33:45,BTCUSD_PERP,bid,58900,764.91
2024-08-30 07:33:45,BTCUSD_PERP,bid,58900,822.63
2024-08-30 07:33:45,BTCUSD_PERP,bid,58900,832.44
2024-08-30 07:33:45,BTCUSD_PERP,bid,58900,948.47
2024-08-30 07:34:55,BTCUSD_PERP,bid,58900,774.12
2024-08-30 07:34:55,BTCUSD_PERP,bid,58900,657.59
2024-08-30 07:34:55,BTCUSD_PERP,bid,58900,540.97
2024-08-30 07:34:56,BTCUSD_PERP,bid,58900,525.02
2024-08-30 07:34:56,BTCUSD_PERP,bid,58900,698.86
2024-08-30 07:34:56,BTCUSD_PERP,bid,58900,756.61
2024-08-30 07:34:56,BTCUSD_PERP,bid,58900,814.95
2024-08-30 07:34:56,BTCUSD_PERP,bid,58900,989.97
2024-08-30 07:34:56,BTCUSD_PERP,bid,58900,1048.31
2024-08-30 07:34:57,BTCUSD_PERP,bid,58900,1163.81
2024-08-30 07:35:15,BTCUSD_PERP,bid,58900,1047.72
2024-08-30 07:35:15,BTCUSD_PERP,bid,58900,523.52
2024-08-30 07:35:15,BTCUSD_PERP,bid,58900,1103.68
2024-08-30 07:35:15,BTCUSD_PERP,bid,58900,1161.99
2024-08-30 07:35:16,BTCUSD_PERP,bid,58900,1220.3
2024-08-30 07:35:36,BTCUSD_PERP,bid,58900,1162.58
2024-08-30 07:35:36,BTCUSD_PERP,bid,58900,1046.55
2024-08-30 07:35:36,BTCUSD_PERP,bid,58900,988.24
2024-08-30 07:35:36,BTCUSD_PERP,bid,58900,929.93
2024-08-30 07:35:37,BTCUSD_PERP,bid,58900,813.9
2024-08-30 07:35:37,BTCUSD_PERP,bid,58900,755.59
2024-08-30 07:35:37,BTCUSD_PERP,bid,58900,581.25
2024-08-30 07:35:37,BTCUSD_PERP,bid,58900,639.5
2024-08-30 07:35:37,BTCUSD_PERP,bid,58900,522.94
2024-08-30 07:35:37,BTCUSD_PERP,bid,58900,697.85
2024-08-30 07:35:37,BTCUSD_PERP,bid,58900,813.96
2024-08-30 07:35:38,BTCUSD_PERP,bid,58900,930.06
2024-08-30 07:35:38,BTCUSD_PERP,bid,58900,1046.16
2024-08-30 07:35:38,BTCUSD_PERP,bid,58900,1162.86
2024-08-30 07:35:38,BTCUSD_PERP,bid,58900,1221.11
2024-08-30 07:36:11,BTCUSD_PERP,bid,58900,1163.36
2024-08-30 07:36:11,BTCUSD_PERP,bid,58900,988.9
2024-08-30 07:36:11,BTCUSD_PERP,bid,58900,928.83
2024-08-30 07:36:12,BTCUSD_PERP,bid,58900,1103.79
2024-08-30 07:36:12,BTCUSD_PERP,bid,58900,1162.11
2024-08-30 07:36:47,BTCUSD_PERP,bid,58900,1104.39
2024-08-30 07:36:47,BTCUSD_PERP,bid,58900,1046.07
2024-08-30 07:36:47,BTCUSD_PERP,bid,58900,929.43
2024-08-30 07:36:48,BTCUSD_PERP,bid,58900,813.99
2024-08-30 07:36:48,BTCUSD_PERP,bid,58900,755.67
2024-08-30 07:36:48,BTCUSD_PERP,bid,58900,697.35
2024-08-30 07:36:48,BTCUSD_PERP,bid,58900,522.99
2024-08-30 07:36:49,BTCUSD_PERP,bid,58900,581.71
2024-08-30 07:36:49,BTCUSD_PERP,bid,58900,639.96
2024-08-30 07:36:49,BTCUSD_PERP,bid,58900,698.31
2024-08-30 07:36:49,BTCUSD_PERP,bid,58900,756.06
2024-08-30 07:36:49,BTCUSD_PERP,bid,58900,814.41
2024-08-30 07:38:10,BTCUSD_PERP,bid,58900,582.2
2024-08-30 07:38:10,BTCUSD_PERP,bid,58900,523.85
2024-08-30 07:38:10,BTCUSD_PERP,bid,58900,524.41
2024-08-30 07:38:11,BTCUSD_PERP,bid,58900,582.79
2024-08-30 07:38:11,BTCUSD_PERP,bid,58900,708.77
2024-08-30 07:38:11,BTCUSD_PERP,bid,58900,941.69
2024-08-30 07:38:11,BTCUSD_PERP,bid,58900,1000.07
2024-08-30 07:38:11,BTCUSD_PERP,bid,58900,1067.77
2024-08-30 07:38:11,BTCUSD_PERP,bid,58900,1125.55
2024-08-30 07:38:12,BTCUSD_PERP,bid,58900,1183.93
2024-08-30 07:38:12,BTCUSD_PERP,bid,58900,1242.31
2024-08-30 07:38:49,BTCUSD_PERP,bid,58900,1183.93
2024-08-30 07:38:49,BTCUSD_PERP,bid,58900,1068.37
2024-08-30 07:38:49,BTCUSD_PERP,bid,58900,952.21
2024-08-30 07:38:50,BTCUSD_PERP,bid,58900,893.83
2024-08-30 07:38:50,BTCUSD_PERP,bid,58900,777.67
2024-08-30 07:38:50,BTCUSD_PERP,bid,58900,580.5
2024-08-30 07:38:50,BTCUSD_PERP,bid,58900,661.51
2024-08-30 07:38:50,BTCUSD_PERP,bid,58900,755.55
2024-08-30 07:38:50,BTCUSD_PERP,bid,58900,1221.06
2024-08-30 07:41:03,BTCUSD_PERP,bid,58900,930.03
2024-08-30 07:41:03,BTCUSD_PERP,bid,58900,988.35
2024-08-30 07:43:15,BTCUSD_PERP,bid,58800,813.57
2024-08-30 07:43:15,BTCUSD_PERP,bid,58800,929.55
2024-08-30 07:43:15,BTCUSD_PERP,bid,58800,987.84
2024-08-30 07:44:42,BTCUSD_PERP,bid,58800,638.8
2024-08-30 07:44:42,BTCUSD_PERP,bid,58800,697.23
2024-08-30 07:44:42,BTCUSD_PERP,bid,58800,755.49
2024-08-30 07:44:56,BTCUSD_PERP,bid,58800,697.23
2024-08-30 07:44:56,BTCUSD_PERP,bid,58800,754.49
2024-08-30 07:44:56,BTCUSD_PERP,bid,58800,928.59
2024-08-30 07:44:56,BTCUSD_PERP,bid,58800,986.82
2024-08-30 07:44:59,BTCUSD_PERP,bid,58700,705.58
2024-08-30 07:44:59,BTCUSD_PERP,bid,58700,1111.12
2024-08-30 07:45:00,BTCUSD_PERP,bid,58700,1169.31
2024-08-30 07:45:14,BTCUSD_PERP,bid,58700,869.92
2024-08-30 07:45:14,BTCUSD_PERP,bid,58700,928.08
2024-08-30 07:45:18,BTCUSD_PERP,bid,58700,869.92
2024-08-30 07:45:18,BTCUSD_PERP,bid,58700,521.55
2024-08-30 07:45:18,BTCUSD_PERP,bid,58700,695.07
2024-08-30 07:45:18,BTCUSD_PERP,bid,58700,753.2
2024-08-30 07:47:09,BTCUSD_PERP,bid,58700,695.07
2024-08-30 07:47:09,BTCUSD_PERP,bid,58700,636.94
2024-08-30 07:47:09,BTCUSD_PERP,bid,58700,578.81
2024-08-30 07:47:11,BTCUSD_PERP,bid,58700,521.14
2024-08-30 07:47:11,BTCUSD_PERP,bid,58700,579.31
2024-08-30 07:47:11,BTCUSD_PERP,bid,58700,636.88
2024-08-30 07:49:17,BTCUSD_PERP,bid,58700,579.31
2024-08-30 07:49:17,BTCUSD_PERP,bid,58700,578.41
2024-08-30 07:49:17,BTCUSD_PERP,bid,58700,636.55
2024-08-30 07:49:18,BTCUSD_PERP,bid,58700,638.66
2024-08-30 07:49:19,BTCUSD_PERP,bid,58700,652.73
2024-08-30 07:49:50,BTCUSD_PERP,bid,58700,595.18
2024-08-30 07:49:50,BTCUSD_PERP,bid,58700,537.04
2024-08-30 07:49:51,BTCUSD_PERP,bid,58700,521.14
2024-08-30 07:50:38,BTCUSD_PERP,bid,58700,522.5
2024-08-30 07:50:40,BTCUSD_PERP,bid,58700,522.54
2024-08-30 07:50:46,BTCUSD_PERP,bid,58700,579.06
2024-08-30 07:50:46,BTCUSD_PERP,bid,58700,637.26
2024-08-30 07:51:09,BTCUSD_PERP,bid,58800,523.41
2024-08-30 07:51:12,BTCUSD_PERP,bid,58700,579.06
2024-08-30 07:51:12,BTCUSD_PERP,bid,58700,520.86
2024-08-30 07:51:13,BTCUSD_PERP,bid,58800,521.76
2024-08-30 07:51:13,BTCUSD_PERP,bid,58800,580.0
2024-08-30 07:51:14,BTCUSD_PERP,bid,58800,637.65
2024-08-30 07:54:36,BTCUSD_PERP,bid,58800,523.37
2024-08-30 07:57:01,BTCUSD_PERP,bid,58700,521.44
2024-08-30 07:57:01,BTCUSD_PERP,bid,58700,579.64
2024-08-30 07:57:02,BTCUSD_PERP,bid,58700,522.5
2024-08-30 07:57:02,BTCUSD_PERP,bid,58700,580.7
2024-08-30 07:57:30,BTCUSD_PERP,bid,58700,521.14
2024-08-30 07:57:30,BTCUSD_PERP,bid,58700,579.31
2024-08-30 07:57:32,BTCUSD_PERP,bid,58700,522.5
2024-08-30 07:57:33,BTCUSD_PERP,bid,58700,522.15
2024-08-30 07:57:33,BTCUSD_PERP,bid,58700,523.38
2024-08-30 07:57:34,BTCUSD_PERP,bid,58700,581.54
2024-08-30 07:57:35,BTCUSD_PERP,bid,58700,595.61
2024-08-30 07:58:03,BTCUSD_PERP,bid,58700,521.14
2024-08-30 07:58:03,BTCUSD_PERP,bid,58700,530.75
2024-08-30 07:58:03,BTCUSD_PERP,bid,58700,588.89
2024-08-30 07:58:04,BTCUSD_PERP,bid,58700,531.66
2024-08-30 07:58:05,BTCUSD_PERP,bid,58700,589.79
2024-08-30 07:58:11,BTCUSD_PERP,bid,58700,520.6
2024-08-30 07:58:11,BTCUSD_PERP,bid,58700,578.71
2024-08-30 07:58:31,BTCUSD_PERP,ask,59800,501.3
2024-08-30 07:58:31,BTCUSD_PERP,ask,59800,507.27
2024-08-30 07:58:31,BTCUSD_PERP,ask,59800,526.99
2024-08-30 07:58:31,BTCUSD_PERP,ask,59800,536.55
2024-08-30 07:58:35,BTCUSD_PERP,ask,59800,546.11
2024-08-30 07:58:37,BTCUSD_PERP,ask,59800,555.67
2024-08-30 07:58:38,BTCUSD_PERP,ask,59800,565.23
2024-08-30 07:58:40,BTCUSD_PERP,ask,59800,574.79
2024-08-30 07:59:23,BTCUSD_PERP,ask,59800,568.82
2024-08-30 07:59:25,BTCUSD_PERP,ask,59800,559.26
2024-08-30 07:59:28,BTCUSD_PERP,ask,59800,553.29
2024-08-30 07:59:31,BTCUSD_PERP,ask,59800,547.32
2024-08-30 07:59:31,BTCUSD_PERP,ask,59800,537.76
2024-08-30 07:59:36,BTCUSD_PERP,ask,59800,528.2
2024-08-30 07:59:37,BTCUSD_PERP,ask,59800,518.64
2024-08-30 07:59:39,BTCUSD_PERP,ask,59800,509.08
2024-08-30 08:00:02,BTCUSD_PERP,bid,58600,521.61
2024-08-30 08:00:58,BTCUSD_PERP,bid,58700,521.2
2024-08-30 08:00:58,BTCUSD_PERP,bid,58600,530.2
2024-08-30 08:00:58,BTCUSD_PERP,bid,58600,588.28
2024-08-30 08:02:46,BTCUSD_PERP,bid,58600,530.2
2024-08-30 08:06:42,BTCUSD_PERP,bid,58700,578.7
2024-08-30 08:06:42,BTCUSD_PERP,bid,58700,695.06
2024-08-30 08:07:27,BTCUSD_PERP,bid,58700,579.3
2024-08-30 08:07:27,BTCUSD_PERP,bid,58700,521.72
2024-08-30 08:07:27,BTCUSD_PERP,bid,58700,521.46
2024-08-30 08:07:44,BTCUSD_PERP,ask,59800,521.3
2024-08-30 08:07:45,BTCUSD_PERP,ask,59800,530.86
2024-08-30 08:07:45,BTCUSD_PERP,ask,59800,540.42
2024-08-30 08:07:46,BTCUSD_PERP,ask,59800,549.98
2024-08-30 08:07:49,BTCUSD_PERP,bid,58700,753.07
2024-08-30 08:07:49,BTCUSD_PERP,bid,58700,811.19
2024-08-30 08:08:31,BTCUSD_PERP,bid,58700,579.91
2024-08-30 08:08:31,BTCUSD_PERP,bid,58600,578.5
2024-08-30 08:08:32,BTCUSD_PERP,bid,58600,752.08
2024-08-30 08:08:32,BTCUSD_PERP,bid,58600,810.17
2024-08-30 08:09:55,BTCUSD_PERP,bid,58600,752.08
2024-08-30 08:09:55,BTCUSD_PERP,bid,58600,694.58
2024-08-30 08:10:20,BTCUSD_PERP,bid,58600,636.59
2024-08-30 08:10:20,BTCUSD_PERP,bid,58600,578.5
2024-08-30 08:10:20,BTCUSD_PERP,bid,58600,521.01
2024-08-30 08:10:22,BTCUSD_PERP,bid,58700,637.42
2024-08-30 08:10:22,BTCUSD_PERP,bid,58700,694.94
2024-08-30 08:11:45,BTCUSD_PERP,bid,58700,637.26
2024-08-30 08:11:45,BTCUSD_PERP,bid,58700,695.41
2024-08-30 08:11:45,BTCUSD_PERP,bid,58700,752.97
2024-08-30 08:11:46,BTCUSD_PERP,bid,58700,869.17
2024-08-30 08:11:46,BTCUSD_PERP,bid,58700,984.87
2024-08-30 08:11:56,BTCUSD_PERP,bid,58700,869.76
2024-08-30 08:11:56,BTCUSD_PERP,bid,58700,811.61
2024-08-30 08:11:56,BTCUSD_PERP,bid,58700,753.46
2024-08-30 08:11:57,BTCUSD_PERP,bid,58700,695.31
2024-08-30 08:11:57,BTCUSD_PERP,bid,58700,579.61
2024-08-30 08:11:57,BTCUSD_PERP,bid,58700,521.29
2024-08-30 08:11:57,BTCUSD_PERP,bid,58700,695.65
2024-08-30 08:11:57,BTCUSD_PERP,bid,58700,811.29
2024-08-30 08:11:58,BTCUSD_PERP,bid,58700,926.34
2024-08-30 08:11:58,BTCUSD_PERP,bid,58700,984.46
2024-08-30 08:11:58,BTCUSD_PERP,bid,58700,1042.48
2024-08-30 08:12:10,BTCUSD_PERP,bid,58700,1042.52
2024-08-30 08:13:42,BTCUSD_PERP,bid,58700,984.4
2024-08-30 08:13:42,BTCUSD_PERP,bid,58700,926.28
2024-08-30 08:13:42,BTCUSD_PERP,bid,58700,868.76
2024-08-30 08:13:42,BTCUSD_PERP,bid,58700,810.64
2024-08-30 08:13:42,BTCUSD_PERP,bid,58700,753.12
2024-08-30 08:13:43,BTCUSD_PERP,bid,58700,695.6
2024-08-30 08:13:43,BTCUSD_PERP,bid,58700,637.48
2024-08-30 08:13:43,BTCUSD_PERP,bid,58700,579.36
2024-08-30 08:13:44,BTCUSD_PERP,bid,58700,580.3
2024-08-30 08:13:44,BTCUSD_PERP,bid,58700,696.03
2024-08-30 08:14:21,BTCUSD_PERP,bid,58700,521.55
2024-08-30 08:14:21,BTCUSD_PERP,bid,58700,695.0
2024-08-30 08:14:22,BTCUSD_PERP,bid,58700,753.12
2024-08-30 08:15:04,BTCUSD_PERP,bid,58700,695.0
2024-08-30 08:15:04,BTCUSD_PERP,bid,58700,637.47
2024-08-30 08:15:04,BTCUSD_PERP,bid,58700,579.35
2024-08-30 08:15:04,BTCUSD_PERP,bid,58700,521.23
2024-08-30 08:15:05,BTCUSD_PERP,bid,58600,521.53
2024-08-30 08:15:05,BTCUSD_PERP,bid,58600,637.12
2024-08-30 08:15:05,BTCUSD_PERP,bid,58600,695.21
2024-08-30 08:15:06,BTCUSD_PERP,bid,58600,752.71
2024-08-30 08:15:07,BTCUSD_PERP,bid,58600,752.75
2024-08-30 08:15:16,BTCUSD_PERP,bid,58600,752.79
2024-08-30 08:16:06,BTCUSD_PERP,bid,58600,809.16
2024-08-30 08:16:27,BTCUSD_PERP,bid,58600,751.7
2024-08-30 08:16:28,BTCUSD_PERP,bid,58600,694.24
2024-08-30 08:16:28,BTCUSD_PERP,bid,58600,636.18
2024-08-30 08:16:28,BTCUSD_PERP,bid,58600,578.41
2024-08-30 08:16:28,BTCUSD_PERP,bid,58600,636.5
2024-08-30 08:16:29,BTCUSD_PERP,bid,58600,752.68
2024-08-30 08:16:29,BTCUSD_PERP,bid,58600,810.18
2024-08-30 08:16:29,BTCUSD_PERP,bid,58600,867.67
2024-08-30 08:16:29,BTCUSD_PERP,bid,58600,925.76
2024-08-30 08:17:29,BTCUSD_PERP,bid,58600,868.27
2024-08-30 08:17:30,BTCUSD_PERP,bid,58600,694.7
2024-08-30 08:17:30,BTCUSD_PERP,bid,58600,636.61
2024-08-30 08:17:30,BTCUSD_PERP,bid,58600,578.52
2024-08-30 08:17:30,BTCUSD_PERP,bid,58600,521.03
2024-08-30 08:17:31,BTCUSD_PERP,bid,58700,531.17
2024-08-30 08:17:31,BTCUSD_PERP,bid,58700,588.7
2024-08-30 08:17:31,BTCUSD_PERP,bid,58700,646.83
2024-08-30 08:17:52,BTCUSD_PERP,bid,58700,648.94
2024-08-30 08:17:53,BTCUSD_PERP,bid,58700,650.17
2024-08-30 08:17:54,BTCUSD_PERP,bid,58700,664.24
2024-08-30 08:18:18,BTCUSD_PERP,bid,58700,663.01
2024-08-30 08:18:35,BTCUSD_PERP,bid,58700,604.88
2024-08-30 08:18:35,BTCUSD_PERP,bid,58600,810.32
2024-08-30 08:18:35,BTCUSD_PERP,bid,58600,925.93
2024-08-30 08:18:35,BTCUSD_PERP,bid,58600,984.03
2024-08-30 08:19:17,BTCUSD_PERP,bid,58600,752.83
2024-08-30 08:19:17,BTCUSD_PERP,bid,58600,636.38
2024-08-30 08:19:17,BTCUSD_PERP,bid,58600,694.45
2024-08-30 08:19:19,BTCUSD_PERP,bid,58600,752.52
2024-08-30 08:20:20,BTCUSD_PERP,bid,58600,579.51
2024-08-30 08:20:21,BTCUSD_PERP,bid,58600,521.44
2024-08-30 08:20:22,BTCUSD_PERP,bid,58700,522.01
2024-08-30 08:22:15,BTCUSD_PERP,bid,58600,521.56
2024-08-30 08:25:30,BTCUSD_PERP,bid,58700,521.33
2024-08-30 08:25:53,BTCUSD_PERP,bid,58700,532.04
2024-08-30 08:25:53,BTCUSD_PERP,bid,58700,647.74
2024-08-30 08:25:53,BTCUSD_PERP,bid,58700,705.89
2024-08-30 08:26:26,BTCUSD_PERP,bid,58700,647.74
2024-08-30 08:27:04,BTCUSD_PERP,bid,58600,580.92
2024-08-30 08:27:42,BTCUSD_PERP,bid,58500,693.87
2024-08-30 08:27:44,BTCUSD_PERP,bid,58500,866.45
2024-08-30 08:27:46,BTCUSD_PERP,bid,58500,809.12
2024-08-30 08:27:46,BTCUSD_PERP,bid,58500,751.79
2024-08-30 08:27:46,BTCUSD_PERP,bid,58500,636.53
2024-08-30 08:27:46,BTCUSD_PERP,bid,58500,578.6
2024-08-30 08:31:40,BTCUSD_PERP,bid,58000,519.06
2024-08-30 08:33:10,BTCUSD_PERP,bid,58000,519.07
2024-08-30 08:34:43,BTCUSD_PERP,bid,58500,519.59
2024-08-30 08:34:43,BTCUSD_PERP,bid,58500,576.94
2024-08-30 08:34:48,BTCUSD_PERP,bid,58500,519.0
2024-08-30 08:35:28,BTCUSD_PERP,bid,58600,520.0
2024-08-30 08:35:28,BTCUSD_PERP,bid,58600,577.95
2024-08-30 08:36:02,BTCUSD_PERP,bid,58600,637.72
2024-08-30 08:36:02,BTCUSD_PERP,bid,58600,695.8
2024-08-30 08:36:05,BTCUSD_PERP,bid,58600,637.72
2024-08-30 08:36:06,BTCUSD_PERP,bid,58600,579.64
2024-08-30 08:36:06,BTCUSD_PERP,bid,58600,521.56
2024-08-30 08:36:07,BTCUSD_PERP,bid,58700,579.51
2024-08-30 08:36:07,BTCUSD_PERP,bid,58700,637.64
2024-08-30 08:36:44,BTCUSD_PERP,bid,58700,579.51
2024-08-30 08:36:45,BTCUSD_PERP,bid,58700,521.38
2024-08-30 08:37:41,BTCUSD_PERP,bid,58600,521.72
2024-08-30 08:37:46,BTCUSD_PERP,bid,58600,522.31
2024-08-30 08:38:26,BTCUSD_PERP,bid,58700,521.47
2024-08-30 08:38:26,BTCUSD_PERP,bid,58700,579.61
2024-08-30 08:38:56,BTCUSD_PERP,bid,58700,522.07
2024-08-30 08:38:57,BTCUSD_PERP,bid,58600,535.86
2024-08-30 08:39:12,BTCUSD_PERP,bid,58600,520.93
2024-08-30 08:39:12,BTCUSD_PERP,bid,58600,579.01
2024-08-30 08:40:15,BTCUSD_PERP,bid,58000,519.05
2024-08-30 08:40:44,BTCUSD_PERP,bid,58600,521.8
2024-08-30 08:41:18,BTCUSD_PERP,bid,58600,578.93
2024-08-30 08:41:18,BTCUSD_PERP,bid,58600,694.48
2024-08-30 08:41:18,BTCUSD_PERP,bid,58600,752.55
2024-08-30 08:41:35,BTCUSD_PERP,bid,58600,637.0
2024-08-30 08:41:35,BTCUSD_PERP,bid,58600,636.75
2024-08-30 08:41:35,BTCUSD_PERP,bid,58600,752.95
2024-08-30 08:45:10,BTCUSD_PERP,bid,58600,695.44
2024-08-30 08:45:10,BTCUSD_PERP,bid,58600,521.06
2024-08-30 08:45:10,BTCUSD_PERP,bid,58600,579.13
2024-08-30 08:45:58,BTCUSD_PERP,bid,58600,752.44
2024-08-30 08:45:58,BTCUSD_PERP,bid,58600,810.55
2024-08-30 08:46:09,BTCUSD_PERP,bid,58600,810.59
2024-08-30 08:46:11,BTCUSD_PERP,bid,58600,810.63
2024-08-30 08:46:24,BTCUSD_PERP,bid,58600,695.01
2024-08-30 08:46:24,BTCUSD_PERP,bid,58600,637.5
2024-08-30 08:46:24,BTCUSD_PERP,bid,58600,521.87
2024-08-30 08:47:21,BTCUSD_PERP,bid,58700,521.77
2024-08-30 08:47:21,BTCUSD_PERP,bid,58700,638.11
2024-08-30 08:47:21,BTCUSD_PERP,bid,58700,695.69
2024-08-30 08:47:21,BTCUSD_PERP,bid,58700,753.86
2024-08-30 08:49:29,BTCUSD_PERP,bid,58700,578.99
2024-08-30 08:49:30,BTCUSD_PERP,bid,58700,695.25
2024-08-30 08:49:30,BTCUSD_PERP,bid,58700,753.38
2024-08-30 08:51:24,BTCUSD_PERP,bid,58700,637.7
2024-08-30 08:51:24,BTCUSD_PERP,bid,58700,580.15
2024-08-30 08:51:25,BTCUSD_PERP,bid,58700,521.22
2024-08-30 08:51:25,BTCUSD_PERP,bid,58700,579.4
2024-08-30 08:51:25,BTCUSD_PERP,bid,58700,695.76
2024-08-30 08:51:26,BTCUSD_PERP,bid,58700,753.94
2024-08-30 08:51:54,BTCUSD_PERP,bid,58800,696.15
2024-08-30 08:51:54,BTCUSD_PERP,bid,58800,754.36
2024-08-30 08:51:55,BTCUSD_PERP,bid,58800,768.45
2024-08-30 08:51:56,BTCUSD_PERP,bid,58800,770.56
2024-08-30 08:52:15,BTCUSD_PERP,bid,58800,712.35
2024-08-30 08:52:15,BTCUSD_PERP,bid,58700,695.77
2024-08-30 08:52:15,BTCUSD_PERP,bid,58700,753.95
2024-08-30 08:55:51,BTCUSD_PERP,bid,58000,519.21
2024-08-30 08:56:17,BTCUSD_PERP,bid,58000,519.05
2024-08-30 08:56:26,BTCUSD_PERP,bid,58000,519.08
2024-08-30 09:00:57,BTCUSD_PERP,bid,58600,771.82
2024-08-30 09:00:57,BTCUSD_PERP,bid,58600,888.0
2024-08-30 09:01:28,BTCUSD_PERP,bid,58000,519.09
2024-08-30 09:01:57,BTCUSD_PERP,bid,58000,520.19
2024-08-30 09:02:05,BTCUSD_PERP,bid,58600,541.25
2024-08-30 09:02:06,BTCUSD_PERP,bid,58700,521.9
2024-08-30 09:02:06,BTCUSD_PERP,bid,58700,637.55
2024-08-30 09:02:06,BTCUSD_PERP,bid,58700,695.67
2024-08-30 09:03:25,BTCUSD_PERP,bid,58000,520.24
2024-08-30 09:04:09,BTCUSD_PERP,bid,58700,638.14
2024-08-30 09:04:09,BTCUSD_PERP,bid,58700,580.02
2024-08-30 09:04:09,BTCUSD_PERP,bid,58700,521.9
2024-08-30 09:04:10,BTCUSD_PERP,bid,58700,522.24
2024-08-30 09:04:10,BTCUSD_PERP,bid,58700,580.4
2024-08-30 09:04:10,BTCUSD_PERP,bid,58700,638.56
2024-08-30 09:04:10,BTCUSD_PERP,bid,58700,753.68
2024-08-30 09:04:10,BTCUSD_PERP,bid,58700,811.84
2024-08-30 09:04:12,BTCUSD_PERP,bid,58700,813.07
2024-08-30 09:04:50,BTCUSD_PERP,bid,58700,638.59
2024-08-30 09:04:52,BTCUSD_PERP,bid,58700,521.91
2024-08-30 09:04:52,BTCUSD_PERP,bid,58700,579.5
2024-08-30 09:04:52,BTCUSD_PERP,bid,58700,637.69
2024-08-30 09:06:33,BTCUSD_PERP,bid,58700,521.91
2024-08-30 09:06:34,BTCUSD_PERP,bid,58800,522.78
2024-08-30 09:07:47,BTCUSD_PERP,bid,58700,699.41
2024-08-30 09:07:47,BTCUSD_PERP,bid,58700,757.0
2024-08-30 09:08:29,BTCUSD_PERP,bid,58700,640.62
2024-08-30 09:08:29,BTCUSD_PERP,bid,58700,525.44
2024-08-30 09:08:30,BTCUSD_PERP,bid,58800,528.65
2024-08-30 09:08:30,BTCUSD_PERP,bid,58800,586.27
2024-08-30 09:08:30,BTCUSD_PERP,bid,58800,644.49
2024-08-30 09:08:30,BTCUSD_PERP,bid,58800,702.71
2024-08-30 09:08:31,BTCUSD_PERP,bid,58800,760.33
2024-08-30 09:09:35,BTCUSD_PERP,ask,59900,516.12
2024-08-30 09:09:40,BTCUSD_PERP,ask,59900,522.1
2024-08-30 09:09:40,BTCUSD_PERP,ask,59900,528.08
2024-08-30 09:09:41,BTCUSD_PERP,ask,59900,537.66
2024-08-30 09:09:41,BTCUSD_PERP,ask,59900,547.24
2024-08-30 09:09:44,BTCUSD_PERP,ask,59900,556.52
2024-08-30 09:09:44,BTCUSD_PERP,ask,59900,566.1
2024-08-30 09:09:44,BTCUSD_PERP,ask,59900,575.68
2024-08-30 09:09:45,BTCUSD_PERP,ask,59900,581.66
2024-08-30 09:09:45,BTCUSD_PERP,ask,59900,587.64
2024-08-30 09:09:49,BTCUSD_PERP,ask,59900,597.22
2024-08-30 09:09:58,BTCUSD_PERP,ask,59900,607.1
2024-08-30 09:09:58,BTCUSD_PERP,ask,59900,616.68
2024-08-30 09:10:15,BTCUSD_PERP,ask,59900,626.26
2024-08-30 09:10:43,BTCUSD_PERP,ask,59900,560.95
2024-08-30 09:10:43,BTCUSD_PERP,ask,59900,620.28
2024-08-30 09:10:44,BTCUSD_PERP,ask,59900,611.0
2024-08-30 09:10:44,BTCUSD_PERP,ask,59900,620.28
2024-08-30 09:10:44,BTCUSD_PERP,ask,59900,601.12
2024-08-30 09:10:45,BTCUSD_PERP,ask,59900,610.7
2024-08-30 09:10:46,BTCUSD_PERP,ask,59900,620.28
2024-08-30 09:10:50,BTCUSD_PERP,ask,59900,610.7
2024-08-30 09:10:54,BTCUSD_PERP,bid,58800,702.71
2024-08-30 09:10:54,BTCUSD_PERP,bid,58800,644.49
2024-08-30 09:10:54,BTCUSD_PERP,bid,58800,586.27
2024-08-30 09:10:54,BTCUSD_PERP,bid,58800,528.05
2024-08-30 09:10:54,BTCUSD_PERP,bid,58700,754.07
2024-08-30 09:10:54,BTCUSD_PERP,bid,58000,520.06
2024-08-30 09:10:59,BTCUSD_PERP,ask,59900,601.12
2024-08-30 09:11:09,BTCUSD_PERP,ask,59900,595.14
2024-08-30 09:11:16,BTCUSD_PERP,ask,59900,579.58
2024-08-30 09:11:18,BTCUSD_PERP,ask,59900,559.82
2024-08-30 09:11:26,BTCUSD_PERP,ask,59900,553.84
2024-08-30 09:11:35,BTCUSD_PERP,ask,59900,543.96
2024-08-30 09:11:37,BTCUSD_PERP,ask,59900,534.38
2024-08-30 09:11:41,BTCUSD_PERP,ask,59900,528.4
2024-08-30 09:11:41,BTCUSD_PERP,ask,59900,522.42
2024-08-30 09:11:42,BTCUSD_PERP,ask,59900,512.84
2024-08-30 09:11:42,BTCUSD_PERP,ask,59900,503.26
2024-08-30 09:13:11,BTCUSD_PERP,bid,58700,695.88
2024-08-30 09:13:11,BTCUSD_PERP,bid,58700,753.68
2024-08-30 09:15:04,BTCUSD_PERP,bid,58700,754.07
2024-08-30 09:16:08,BTCUSD_PERP,bid,58700,753.68
2024-08-30 09:16:22,BTCUSD_PERP,bid,58700,637.36
2024-08-30 09:16:23,BTCUSD_PERP,bid,58700,521.64
2024-08-30 09:16:23,BTCUSD_PERP,bid,58700,521.31
2024-08-30 09:16:38,BTCUSD_PERP,bid,58700,695.04
2024-08-30 09:16:38,BTCUSD_PERP,bid,58700,752.6
2024-08-30 09:16:38,BTCUSD_PERP,bid,58700,810.76
2024-08-30 09:17:12,BTCUSD_PERP,bid,58700,810.72
2024-08-30 09:17:39,BTCUSD_PERP,bid,58700,810.68
2024-08-30 09:17:43,BTCUSD_PERP,bid,58700,810.64
2024-08-30 09:18:11,BTCUSD_PERP,bid,58700,578.6
2024-08-30 09:18:11,BTCUSD_PERP,bid,58700,868.26
2024-08-30 09:20:20,BTCUSD_PERP,bid,58700,578.84
2024-08-30 09:20:20,BTCUSD_PERP,bid,58600,751.56
2024-08-30 09:20:21,BTCUSD_PERP,bid,58600,752.79
2024-08-30 09:20:54,BTCUSD_PERP,bid,58600,751.56
2024-08-30 09:21:03,BTCUSD_PERP,bid,58600,694.06
2024-08-30 09:21:03,BTCUSD_PERP,bid,58600,693.15
2024-08-30 09:21:03,BTCUSD_PERP,bid,58600,867.33
2024-08-30 09:21:23,BTCUSD_PERP,bid,58600,751.8
2024-08-30 09:21:23,BTCUSD_PERP,bid,58600,693.36
2024-08-30 09:21:23,BTCUSD_PERP,bid,58600,866.86
2024-08-30 09:21:45,BTCUSD_PERP,bid,58500,1097.71
2024-08-30 09:21:45,BTCUSD_PERP,bid,58500,1155.71
2024-08-30 09:23:00,BTCUSD_PERP,bid,58000,520.56
2024-08-30 09:24:12,BTCUSD_PERP,bid,58600,520.05
2024-08-30 09:24:12,BTCUSD_PERP,bid,58600,693.64
2024-08-30 09:24:13,BTCUSD_PERP,bid,58600,693.68
2024-08-30 09:24:26,BTCUSD_PERP,bid,58000,520.6
2024-08-30 09:27:41,BTCUSD_PERP,bid,58600,693.64
2024-08-30 09:27:42,BTCUSD_PERP,bid,58600,519.46
2024-08-30 09:31:32,BTCUSD_PERP,bid,58000,526.4
2024-08-30 09:36:46,BTCUSD_PERP,bid,58600,521.03
2024-08-30 09:36:46,BTCUSD_PERP,bid,58600,579.12
2024-08-30 09:36:46,BTCUSD_PERP,bid,58600,593.18
2024-08-30 09:37:32,BTCUSD_PERP,ask,59800,503.92
2024-08-30 09:37:34,BTCUSD_PERP,ask,59800,509.89
2024-08-30 09:37:35,BTCUSD_PERP,ask,59800,515.86
2024-08-30 09:37:37,BTCUSD_PERP,ask,59800,534.98
2024-08-30 09:37:39,BTCUSD_PERP,ask,59800,544.54
2024-08-30 09:37:41,BTCUSD_PERP,bid,58600,579.12
2024-08-30 09:37:42,BTCUSD_PERP,ask,59800,553.8
2024-08-30 09:37:52,BTCUSD_PERP,ask,59800,544.24
2024-08-30 09:37:53,BTCUSD_PERP,ask,59800,534.68
2024-08-30 09:38:03,BTCUSD_PERP,ask,59800,525.12
2024-08-30 09:38:08,BTCUSD_PERP,ask,59800,515.56
2024-08-30 09:38:32,BTCUSD_PERP,ask,59800,506.0
2024-08-30 09:40:20,BTCUSD_PERP,bid,58600,521.03
2024-08-30 09:40:21,BTCUSD_PERP,bid,58600,520.78
2024-08-30 09:40:21,BTCUSD_PERP,bid,58600,578.84
2024-08-30 09:40:50,BTCUSD_PERP,bid,58000,526.9
2024-08-30 09:41:37,BTCUSD_PERP,bid,58600,520.78
2024-08-30 09:42:38,BTCUSD_PERP,ask,59800,521.35
2024-08-30 09:42:40,BTCUSD_PERP,ask,59800,530.9
2024-08-30 09:42:45,BTCUSD_PERP,ask,59800,540.15
2024-08-30 09:42:48,BTCUSD_PERP,ask,59800,546.12
2024-08-30 09:42:48,BTCUSD_PERP,ask,59800,555.67
2024-08-30 09:42:49,BTCUSD_PERP,ask,59800,561.64
2024-08-30 09:42:49,BTCUSD_PERP,ask,59800,571.19
2024-08-30 09:42:56,BTCUSD_PERP,ask,59800,580.74
2024-08-30 09:42:57,BTCUSD_PERP,bid,58000,526.95
2024-08-30 09:43:31,BTCUSD_PERP,ask,59800,571.19
2024-08-30 09:43:35,BTCUSD_PERP,ask,59800,561.64
2024-08-30 09:43:37,BTCUSD_PERP,ask,59800,552.09
2024-08-30 09:43:39,BTCUSD_PERP,bid,58000,526.9
2024-08-30 09:43:40,BTCUSD_PERP,ask,59800,542.54
2024-08-30 09:43:45,BTCUSD_PERP,ask,59800,533.29
2024-08-30 09:43:48,BTCUSD_PERP,ask,59800,527.32
2024-08-30 09:43:48,BTCUSD_PERP,ask,59800,517.77
2024-08-30 09:43:49,BTCUSD_PERP,ask,59800,511.8
2024-08-30 09:43:49,BTCUSD_PERP,ask,59800,502.25
2024-08-30 09:45:39,BTCUSD_PERP,ask,59700,512.04
2024-08-30 09:45:42,BTCUSD_PERP,ask,59700,521.59
2024-08-30 09:45:43,BTCUSD_PERP,ask,59700,531.44
2024-08-30 09:46:38,BTCUSD_PERP,ask,59700,521.89
2024-08-30 09:46:39,BTCUSD_PERP,ask,59700,512.34
2024-08-30 09:46:42,BTCUSD_PERP,ask,59700,502.79
2024-08-30 09:47:57,BTCUSD_PERP,bid,58000,526.4
2024-08-30 09:52:27,BTCUSD_PERP,bid,58500,578.14
2024-08-30 09:52:27,BTCUSD_PERP,bid,58500,636.14
2024-08-30 09:52:27,BTCUSD_PERP,bid,58500,636.18
2024-08-30 09:53:14,BTCUSD_PERP,bid,58500,578.77
2024-08-30 09:53:14,BTCUSD_PERP,bid,58500,520.77
2024-08-30 09:53:15,BTCUSD_PERP,bid,58600,578.54
2024-08-30 09:53:15,BTCUSD_PERP,bid,58600,635.99
2024-08-30 09:53:16,BTCUSD_PERP,bid,58600,751.49
2024-08-30 09:53:32,BTCUSD_PERP,ask,59700,504.46
2024-08-30 09:54:54,BTCUSD_PERP,bid,58600,577.67
2024-08-30 09:54:54,BTCUSD_PERP,bid,58600,635.74
2024-08-30 09:55:37,BTCUSD_PERP,bid,58600,578.26
2024-08-30 09:55:37,BTCUSD_PERP,bid,58600,520.19
2024-08-30 09:55:38,BTCUSD_PERP,bid,58700,521.19
2024-08-30 09:55:38,BTCUSD_PERP,bid,58700,694.95
2024-08-30 09:55:39,BTCUSD_PERP,bid,58700,753.07
2024-08-30 10:00:10,BTCUSD_PERP,bid,58700,694.95
2024-08-30 10:00:11,BTCUSD_PERP,bid,58700,636.83
2024-08-30 10:00:11,BTCUSD_PERP,bid,58700,578.71
2024-08-30 10:00:11,BTCUSD_PERP,bid,58700,520.59
2024-08-30 10:03:13,BTCUSD_PERP,bid,58600,578.15
2024-08-30 10:03:13,BTCUSD_PERP,bid,58600,636.2
2024-08-30 10:04:17,BTCUSD_PERP,bid,58600,520.24
2024-08-30 10:05:33,BTCUSD_PERP,bid,58600,529.02
2024-08-30 10:06:43,BTCUSD_PERP,bid,58500,750.74
2024-08-30 10:06:43,BTCUSD_PERP,bid,58500,865.42
2024-08-30 10:06:44,BTCUSD_PERP,bid,58400,519.9
2024-08-30 10:06:44,BTCUSD_PERP,bid,58500,981.3
2024-08-30 10:07:13,BTCUSD_PERP,bid,58500,923.36
2024-08-30 10:07:13,BTCUSD_PERP,bid,58500,866.01
2024-08-30 10:07:14,BTCUSD_PERP,bid,58500,750.23
2024-08-30 10:07:14,BTCUSD_PERP,bid,58500,692.89
2024-08-30 10:07:14,BTCUSD_PERP,bid,58500,577.01
2024-08-30 10:07:14,BTCUSD_PERP,bid,58500,577.82
2024-08-30 10:07:14,BTCUSD_PERP,bid,58500,693.76
2024-08-30 10:07:14,BTCUSD_PERP,bid,58500,809.1
2024-08-30 10:08:06,BTCUSD_PERP,bid,58000,526.34
2024-08-30 10:08:08,BTCUSD_PERP,bid,58500,636.39
2024-08-30 10:08:08,BTCUSD_PERP,bid,58500,520.45
2024-08-30 10:08:08,BTCUSD_PERP,bid,58500,694.2
2024-08-30 10:08:08,BTCUSD_PERP,bid,58500,752.2
2024-08-30 10:08:08,BTCUSD_PERP,bid,58500,810.2
2024-08-30 10:09:37,BTCUSD_PERP,bid,58500,521.13
2024-08-30 10:09:37,BTCUSD_PERP,bid,58500,809.78
2024-08-30 10:09:37,BTCUSD_PERP,bid,58500,867.75
2024-08-30 10:10:13,BTCUSD_PERP,bid,58500,694.44
2024-08-30 10:10:13,BTCUSD_PERP,bid,58500,695.23
2024-08-30 10:10:13,BTCUSD_PERP,bid,58500,752.57
2024-08-30 10:10:14,BTCUSD_PERP,bid,58500,810.51
2024-08-30 10:11:08,BTCUSD_PERP,bid,58500,809.36
2024-08-30 10:11:15,BTCUSD_PERP,bid,58500,577.6
2024-08-30 10:11:15,BTCUSD_PERP,bid,58400,808.94
2024-08-30 10:11:15,BTCUSD_PERP,bid,58400,866.85
2024-08-30 10:11:39,BTCUSD_PERP,bid,58400,645.21
2024-08-30 10:11:39,BTCUSD_PERP,bid,58400,703.09
2024-08-30 10:12:30,BTCUSD_PERP,bid,58400,528.49
2024-08-30 10:12:48,BTCUSD_PERP,bid,58400,527.91
2024-08-30 10:12:48,BTCUSD_PERP,bid,58400,585.74
2024-08-30 10:13:19,BTCUSD_PERP,bid,58400,527.91
2024-08-30 10:13:21,BTCUSD_PERP,bid,58400,519.06
2024-08-30 10:13:21,BTCUSD_PERP,bid,58400,634.21
2024-08-30 10:13:21,BTCUSD_PERP,bid,58400,692.08
2024-08-30 10:13:32,BTCUSD_PERP,bid,58400,634.8
2024-08-30 10:14:24,BTCUSD_PERP,bid,58400,806.68
2024-08-30 10:14:24,BTCUSD_PERP,bid,58400,864.51
2024-08-30 10:15:03,BTCUSD_PERP,bid,58400,575.95
2024-08-30 10:15:04,BTCUSD_PERP,bid,58400,519.07
2024-08-30 10:15:04,BTCUSD_PERP,bid,58400,576.35
2024-08-30 10:16:03,BTCUSD_PERP,bid,58400,577.31
2024-08-30 10:16:25,BTCUSD_PERP,ask,59000,510.78
2024-08-30 10:16:35,BTCUSD_PERP,bid,58500,520.17
2024-08-30 10:16:35,BTCUSD_PERP,bid,58500,577.52
2024-08-30 10:17:55,BTCUSD_PERP,ask,59000,520.81
2024-08-30 10:17:55,BTCUSD_PERP,ask,59000,520.79
2024-08-30 10:17:55,BTCUSD_PERP,ask,59000,520.87
2024-08-30 10:17:55,BTCUSD_PERP,ask,59000,520.86
2024-08-30 10:17:56,BTCUSD_PERP,ask,59000,521.21
2024-08-30 10:17:56,BTCUSD_PERP,ask,59000,522.9
2024-08-30 10:17:56,BTCUSD_PERP,ask,59000,523.9
2024-08-30 10:17:56,BTCUSD_PERP,ask,59000,529.66
2024-08-30 10:17:56,BTCUSD_PERP,ask,59000,529.86
2024-08-30 10:17:57,BTCUSD_PERP,ask,59000,529.79
2024-08-30 10:17:57,BTCUSD_PERP,ask,59000,529.85
2024-08-30 10:17:57,BTCUSD_PERP,ask,59000,529.94
2024-08-30 10:17:58,BTCUSD_PERP,ask,59000,529.86
2024-08-30 10:17:58,BTCUSD_PERP,ask,59000,529.95
2024-08-30 10:17:59,BTCUSD_PERP,ask,59000,529.93
2024-08-30 10:17:59,BTCUSD_PERP,ask,59000,529.92
2024-08-30 10:17:59,BTCUSD_PERP,ask,59000,528.73
2024-08-30 10:18:00,BTCUSD_PERP,ask,59000,528.72
2024-08-30 10:18:01,BTCUSD_PERP,ask,59000,528.67
2024-08-30 10:18:01,BTCUSD_PERP,ask,59000,528.74
2024-08-30 10:18:01,BTCUSD_PERP,ask,59000,528.73
2024-08-30 10:18:02,BTCUSD_PERP,ask,59000,531.38
2024-08-30 10:18:02,BTCUSD_PERP,ask,59000,538.48
2024-08-30 10:18:02,BTCUSD_PERP,ask,59000,512.95
2024-08-30 10:18:02,BTCUSD_PERP,ask,59000,512.9
2024-08-30 10:19:14,BTCUSD_PERP,bid,58400,519.14
2024-08-30 10:19:14,BTCUSD_PERP,bid,58400,577.02
2024-08-30 10:19:57,BTCUSD_PERP,ask,59600,510.34
2024-08-30 10:19:58,BTCUSD_PERP,ask,59600,519.86
2024-08-30 10:20:44,BTCUSD_PERP,bid,58400,519.14
2024-08-30 10:20:45,BTCUSD_PERP,bid,58400,519.4
2024-08-30 10:20:46,BTCUSD_PERP,bid,58400,577.31
2024-08-30 10:21:04,BTCUSD_PERP,bid,58400,519.4
2024-08-30 10:21:05,BTCUSD_PERP,bid,58500,577.05
2024-08-30 10:21:05,BTCUSD_PERP,bid,58500,750.18
2024-08-30 10:21:05,BTCUSD_PERP,bid,58500,866.06
2024-08-30 10:21:06,BTCUSD_PERP,bid,58500,980.74
2024-08-30 10:21:06,BTCUSD_PERP,bid,58500,1038.68
2024-08-30 10:21:31,BTCUSD_PERP,bid,58500,1038.64
2024-08-30 10:21:54,BTCUSD_PERP,bid,58400,634.03
2024-08-30 10:21:54,BTCUSD_PERP,bid,58400,980.2
2024-08-30 10:21:54,BTCUSD_PERP,bid,58400,1038.11
2024-08-30 10:22:37,BTCUSD_PERP,bid,58400,750.35
2024-08-30 10:22:37,BTCUSD_PERP,bid,58400,979.68
2024-08-30 10:22:37,BTCUSD_PERP,bid,58400,1037.56
2024-08-30 10:22:40,BTCUSD_PERP,bid,58400,1051.57
2024-08-30 10:22:42,BTCUSD_PERP,bid,58400,1053.66
2024-08-30 10:24:40,BTCUSD_PERP,bid,58400,1039.65
2024-08-30 10:24:43,BTCUSD_PERP,bid,58400,1037.56
2024-08-30 10:24:52,BTCUSD_PERP,bid,58000,526.43
2024-08-30 10:24:53,BTCUSD_PERP,bid,58000,526.39
2024-08-30 10:26:17,BTCUSD_PERP,bid,58000,525.89
2024-08-30 10:28:52,BTCUSD_PERP,bid,58400,562.1
2024-08-30 10:28:52,BTCUSD_PERP,bid,58400,979.78
2024-08-30 10:28:52,BTCUSD_PERP,bid,58400,922.5
2024-08-30 10:28:52,BTCUSD_PERP,bid,58400,865.22
2024-08-30 10:28:52,BTCUSD_PERP,bid,58400,807.94
2024-08-30 10:28:53,BTCUSD_PERP,bid,58400,692.18
2024-08-30 10:28:53,BTCUSD_PERP,bid,58400,576.42
2024-08-30 10:28:53,BTCUSD_PERP,bid,58400,520.6
2024-08-30 10:28:54,BTCUSD_PERP,bid,58400,577.91
2024-08-30 10:28:54,BTCUSD_PERP,bid,58400,635.82
2024-08-30 10:28:54,BTCUSD_PERP,bid,58400,693.73
2024-08-30 10:28:54,BTCUSD_PERP,bid,58400,751.05
2024-08-30 10:28:54,BTCUSD_PERP,bid,58400,808.37
2024-08-30 10:30:24,BTCUSD_PERP,bid,58400,750.46
2024-08-30 10:30:24,BTCUSD_PERP,bid,58400,692.55
2024-08-30 10:30:24,BTCUSD_PERP,bid,58400,634.64
2024-08-30 10:30:25,BTCUSD_PERP,bid,58400,576.73
2024-08-30 10:30:25,BTCUSD_PERP,bid,58400,518.82
2024-08-30 10:30:26,BTCUSD_PERP,bid,58400,519.65
2024-08-30 10:30:26,BTCUSD_PERP,bid,58400,576.93
2024-08-30 10:30:26,BTCUSD_PERP,bid,58400,691.49
2024-08-30 10:31:25,BTCUSD_PERP,bid,58000,525.69
2024-08-30 10:32:22,BTCUSD_PERP,bid,58400,575.41
2024-08-30 10:32:22,BTCUSD_PERP,bid,58400,633.24
2024-08-30 10:33:57,BTCUSD_PERP,bid,58400,518.81
2024-08-30 10:33:57,BTCUSD_PERP,bid,58400,576.13
2024-08-30 10:33:57,BTCUSD_PERP,bid,58400,633.94
2024-08-30 10:33:57,BTCUSD_PERP,bid,58400,691.85
2024-08-30 10:34:00,BTCUSD_PERP,ask,59600,510.49
2024-08-30 10:34:00,BTCUSD_PERP,ask,59600,530.15
2024-08-30 10:34:01,BTCUSD_PERP,ask,59600,536.1
2024-08-30 10:34:02,BTCUSD_PERP,ask,59600,542.05
2024-08-30 10:34:11,BTCUSD_PERP,bid,58400,575.73
2024-08-30 10:34:11,BTCUSD_PERP,bid,58400,633.61
2024-08-30 10:34:57,BTCUSD_PERP,ask,59600,532.52
2024-08-30 10:34:59,BTCUSD_PERP,ask,59600,522.99
2024-08-30 10:35:00,BTCUSD_PERP,ask,59600,513.46
2024-08-30 10:35:00,BTCUSD_PERP,ask,59600,503.93
2024-08-30 10:35:51,BTCUSD_PERP,bid,58400,576.33
2024-08-30 10:35:52,BTCUSD_PERP,bid,58400,519.05
2024-08-30 10:35:53,BTCUSD_PERP,bid,58400,518.12
2024-08-30 10:35:53,BTCUSD_PERP,bid,58400,691.85
2024-08-30 10:37:24,BTCUSD_PERP,bid,58000,525.65
2024-08-30 10:39:08,BTCUSD_PERP,bid,58400,633.94
2024-08-30 10:39:09,BTCUSD_PERP,bid,58400,576.63
2024-08-30 10:39:10,BTCUSD_PERP,bid,58500,520.44
2024-08-30 10:39:10,BTCUSD_PERP,bid,58500,635.73
2024-08-30 10:39:10,BTCUSD_PERP,bid,58500,693.08
2024-08-30 10:39:44,BTCUSD_PERP,bid,58400,637.97
2024-08-30 10:39:44,BTCUSD_PERP,bid,58400,695.87
2024-08-30 10:39:58,BTCUSD_PERP,bid,58400,691.77
2024-08-30 10:41:07,BTCUSD_PERP,ask,59600,523.16
2024-08-30 10:41:08,BTCUSD_PERP,ask,59600,532.69
2024-08-30 10:41:18,BTCUSD_PERP,ask,59600,541.62
2024-08-30 10:41:27,BTCUSD_PERP,ask,59600,521.96
2024-08-30 10:41:29,BTCUSD_PERP,ask,59600,512.13
2024-08-30 10:41:41,BTCUSD_PERP,bid,58400,634.46
2024-08-30 10:41:41,BTCUSD_PERP,bid,58400,577.15
2024-08-30 10:41:41,BTCUSD_PERP,bid,58400,519.25
2024-08-30 10:41:42,BTCUSD_PERP,bid,58400,518.97
2024-08-30 10:41:42,BTCUSD_PERP,bid,58400,576.84
2024-08-30 10:41:42,BTCUSD_PERP,bid,58400,692.58
2024-08-30 10:41:42,BTCUSD_PERP,bid,58400,749.87
2024-08-30 10:41:43,BTCUSD_PERP,bid,58400,807.15
2024-08-30 10:41:50,BTCUSD_PERP,bid,58400,576.63
2024-08-30 10:41:50,BTCUSD_PERP,bid,58400,644.3
2024-08-30 10:41:55,BTCUSD_PERP,ask,59500,531.54
2024-08-30 10:41:57,BTCUSD_PERP,ask,59500,551.17
2024-08-30 10:41:58,BTCUSD_PERP,ask,59500,557.12
2024-08-30 10:42:00,BTCUSD_PERP,ask,59500,566.63
2024-08-30 10:42:03,BTCUSD_PERP,ask,59500,586.26
2024-08-30 10:42:04,BTCUSD_PERP,ask,59500,595.77
2024-08-30 10:42:12,BTCUSD_PERP,ask,59500,589.88
2024-08-30 10:42:13,BTCUSD_PERP,ask,59500,583.99
2024-08-30 10:43:25,BTCUSD_PERP,bid,58400,586.46
2024-08-30 10:43:25,BTCUSD_PERP,bid,58400,528.62
2024-08-30 10:43:27,BTCUSD_PERP,bid,58400,518.61
2024-08-30 10:43:27,BTCUSD_PERP,bid,58400,576.5
2024-08-30 10:43:59,BTCUSD_PERP,bid,58400,519.21
2024-08-30 10:44:00,BTCUSD_PERP,bid,58400,518.34
2024-08-30 10:44:00,BTCUSD_PERP,bid,58400,634.06
2024-08-30 10:44:34,BTCUSD_PERP,bid,58400,518.34
2024-08-30 10:44:36,BTCUSD_PERP,bid,58400,518.65
2024-08-30 10:44:36,BTCUSD_PERP,bid,58400,576.54
2024-08-30 10:45:28,BTCUSD_PERP,bid,58400,519.24
2024-08-30 10:45:29,BTCUSD_PERP,bid,58500,528.64
2024-08-30 10:45:29,BTCUSD_PERP,bid,58500,585.96
2024-08-30 10:45:29,BTCUSD_PERP,bid,58500,643.88
2024-08-30 10:45:36,BTCUSD_PERP,ask,59600,519.64
2024-08-30 10:45:36,BTCUSD_PERP,bid,58500,585.96
2024-08-30 10:45:37,BTCUSD_PERP,bid,58500,519.2
2024-08-30 10:45:37,BTCUSD_PERP,bid,58500,633.92
2024-08-30 10:45:37,BTCUSD_PERP,bid,58500,691.87
2024-08-30 10:45:37,BTCUSD_PERP,bid,58500,749.82
2024-08-30 10:45:53,BTCUSD_PERP,bid,58500,576.55
2024-08-30 10:48:10,BTCUSD_PERP,bid,58500,576.02
2024-08-30 10:48:10,BTCUSD_PERP,bid,58500,633.98
2024-08-30 10:48:11,BTCUSD_PERP,bid,58500,691.94
2024-08-30 10:48:16,BTCUSD_PERP,bid,58000,525.6
2024-08-30 10:50:13,BTCUSD_PERP,bid,58500,577.51
2024-08-30 10:50:14,BTCUSD_PERP,bid,58500,634.9
2024-08-30 10:53:21,BTCUSD_PERP,bid,58500,634.57
2024-08-30 10:55:10,BTCUSD_PERP,bid,58500,518.65
2024-08-30 10:55:12,BTCUSD_PERP,bid,58500,518.93
2024-08-30 10:56:10,BTCUSD_PERP,ask,59700,511.03
2024-08-30 10:57:51,BTCUSD_PERP,bid,58500,576.62
2024-08-30 11:02:44,BTCUSD_PERP,bid,58500,576.62
2024-08-30 11:03:05,BTCUSD_PERP,bid,58500,576.66
2024-08-30 11:05:52,BTCUSD_PERP,bid,58500,576.7
2024-08-30 11:05:56,BTCUSD_PERP,bid,58500,576.74
2024-08-30 11:06:27,BTCUSD_PERP,bid,58500,576.7
2024-08-30 11:09:21,BTCUSD_PERP,bid,58500,576.66
2024-08-30 11:09:26,BTCUSD_PERP,bid,58500,576.62
2024-08-30 11:09:35,BTCUSD_PERP,bid,58500,576.92
2024-08-30 11:10:01,BTCUSD_PERP,bid,58500,576.96
2024-08-30 11:12:20,BTCUSD_PERP,bid,58000,525.82
2024-08-30 11:13:21,BTCUSD_PERP,bid,58500,576.92
2024-08-30 11:14:09,BTCUSD_PERP,bid,58500,519.53
2024-08-30 11:14:11,BTCUSD_PERP,bid,58600,579.02
2024-08-30 11:14:11,BTCUSD_PERP,bid,58600,636.45
2024-08-30 11:14:11,BTCUSD_PERP,bid,58600,646.31
2024-08-30 11:14:12,BTCUSD_PERP,bid,58600,703.74
2024-08-30 11:19:02,BTCUSD_PERP,bid,58600,646.31
2024-08-30 11:19:05,BTCUSD_PERP,bid,58600,588.88
2024-08-30 11:19:33,BTCUSD_PERP,bid,58600,530.86
2024-08-30 11:19:35,BTCUSD_PERP,bid,58600,520.74
2024-08-30 11:19:35,BTCUSD_PERP,bid,58600,578.2
2024-08-30 11:19:35,BTCUSD_PERP,bid,58600,636.26
2024-08-30 11:19:43,BTCUSD_PERP,bid,58000,525.9
2024-08-30 11:21:32,BTCUSD_PERP,bid,58600,578.2
2024-08-30 11:21:32,BTCUSD_PERP,bid,58600,577.84
2024-08-30 11:21:32,BTCUSD_PERP,bid,58600,635.86
2024-08-30 11:23:07,BTCUSD_PERP,bid,58000,525.82
2024-08-30 11:23:18,BTCUSD_PERP,bid,58000,525.92
2024-08-30 11:25:35,BTCUSD_PERP,bid,58600,577.84
2024-08-30 11:25:35,BTCUSD_PERP,bid,58500,693.82
2024-08-30 11:26:47,BTCUSD_PERP,bid,58000,529.18
2024-08-30 11:27:41,BTCUSD_PERP,bid,58500,646.46
2024-08-30 11:27:41,BTCUSD_PERP,bid,58500,704.42
2024-08-30 11:29:39,BTCUSD_PERP,ask,59600,539.93
2024-08-30 11:30:31,BTCUSD_PERP,ask,59600,530.4
2024-08-30 11:30:32,BTCUSD_PERP,ask,59600,520.87
2024-08-30 11:30:32,BTCUSD_PERP,ask,59600,511.34
2024-08-30 11:33:39,BTCUSD_PERP,bid,58000,528.18
2024-08-30 11:33:58,BTCUSD_PERP,bid,58500,646.46
2024-08-30 11:33:58,BTCUSD_PERP,bid,58500,589.09
2024-08-30 11:34:06,BTCUSD_PERP,bid,58500,520.14
2024-08-30 11:34:09,BTCUSD_PERP,bid,58500,520.18
2024-08-30 11:35:24,BTCUSD_PERP,bid,58500,578.13
2024-08-30 11:35:24,BTCUSD_PERP,bid,58500,635.53
2024-08-30 11:35:24,BTCUSD_PERP,bid,58500,693.52
2024-08-30 11:37:40,BTCUSD_PERP,bid,58500,520.14
2024-08-30 11:40:25,BTCUSD_PERP,bid,58500,578.13
2024-08-30 11:40:25,BTCUSD_PERP,bid,58600,635.86
2024-08-30 11:40:25,BTCUSD_PERP,bid,58600,693.88
2024-08-30 11:41:58,BTCUSD_PERP,bid,58500,529.72
2024-08-30 11:41:58,BTCUSD_PERP,bid,58500,587.68
2024-08-30 11:42:03,BTCUSD_PERP,bid,58500,645.06
2024-08-30 11:42:29,BTCUSD_PERP,bid,58500,529.73
2024-08-30 11:42:29,BTCUSD_PERP,bid,58500,520.2
2024-08-30 11:45:59,BTCUSD_PERP,bid,58500,519.6
2024-08-30 11:45:59,BTCUSD_PERP,bid,58500,577.53
2024-08-30 11:46:12,BTCUSD_PERP,ask,59600,504.11
2024-08-30 11:53:55,BTCUSD_PERP,bid,58000,528.28
2024-08-30 11:58:38,BTCUSD_PERP,ask,59600,507.08
2024-08-30 11:58:39,BTCUSD_PERP,ask,59600,516.31
2024-08-30 11:59:10,BTCUSD_PERP,ask,59600,510.35
2024-08-30 12:00:22,BTCUSD_PERP,bid,58000,528.3
2024-08-30 12:02:39,BTCUSD_PERP,bid,58500,520.19
2024-08-30 12:06:32,BTCUSD_PERP,bid,58000,528.2
2024-08-30 12:06:54,BTCUSD_PERP,bid,58000,528.32
2024-08-30 12:07:31,BTCUSD_PERP,bid,58000,528.2
2024-08-30 12:12:46,BTCUSD_PERP,bid,58000,527.03
2024-08-30 12:14:17,BTCUSD_PERP,bid,58200,814.71
2024-08-30 12:14:33,BTCUSD_PERP,bid,58200,757.01
2024-08-30 12:14:34,BTCUSD_PERP,bid,58200,584.5
2024-08-30 12:14:34,BTCUSD_PERP,bid,58200,526.8
2024-08-30 12:14:45,BTCUSD_PERP,bid,58300,518.06
2024-08-30 12:15:52,BTCUSD_PERP,bid,58300,518.65
2024-08-30 12:16:09,BTCUSD_PERP,bid,58200,698.22
2024-08-30 12:16:16,BTCUSD_PERP,bid,58200,641.19
2024-08-30 12:16:16,BTCUSD_PERP,bid,58200,584.15
2024-08-30 12:16:16,BTCUSD_PERP,bid,58200,526.53
2024-08-30 12:16:18,BTCUSD_PERP,bid,58200,516.42
2024-08-30 12:16:32,BTCUSD_PERP,bid,58200,689.01
2024-08-30 12:16:32,BTCUSD_PERP,bid,58200,746.63
2024-08-30 12:16:56,BTCUSD_PERP,bid,58000,527.18
2024-08-30 12:17:22,BTCUSD_PERP,bid,58000,527.03
2024-08-30 12:17:40,BTCUSD_PERP,bid,58000,527.07
2024-08-30 12:18:01,BTCUSD_PERP,bid,58200,516.65
2024-08-30 12:18:06,BTCUSD_PERP,bid,58000,546.01
2024-08-30 12:18:06,BTCUSD_PERP,bid,58000,564.95
2024-08-30 12:18:09,BTCUSD_PERP,bid,58300,518.57
2024-08-30 12:18:09,BTCUSD_PERP,bid,58300,576.3
2024-08-30 12:18:09,BTCUSD_PERP,bid,58300,690.6
2024-08-30 12:18:09,BTCUSD_PERP,bid,58300,748.33
2024-08-30 12:18:10,BTCUSD_PERP,bid,58300,751.63
2024-08-30 12:18:10,BTCUSD_PERP,bid,58300,866.51
2024-08-30 12:18:10,BTCUSD_PERP,bid,58300,923.66
2024-08-30 12:18:21,BTCUSD_PERP,bid,58000,546.01
2024-08-30 12:18:22,BTCUSD_PERP,bid,58300,751.65
2024-08-30 12:18:22,BTCUSD_PERP,bid,58300,693.92
2024-08-30 12:18:22,BTCUSD_PERP,bid,58300,636.19
2024-08-30 12:18:23,BTCUSD_PERP,bid,58300,537.11
2024-08-30 12:18:23,BTCUSD_PERP,bid,58300,594.88
2024-08-30 12:18:23,BTCUSD_PERP,bid,58300,652.65
2024-08-30 12:18:23,BTCUSD_PERP,bid,58000,527.07
2024-08-30 12:18:23,BTCUSD_PERP,bid,58300,768.19
2024-08-30 12:18:24,BTCUSD_PERP,bid,58300,825.96
2024-08-30 12:18:33,BTCUSD_PERP,bid,58000,527.22
2024-08-30 12:18:40,BTCUSD_PERP,bid,58300,575.63
2024-08-30 12:18:40,BTCUSD_PERP,bid,58300,632.78
2024-08-30 12:18:40,BTCUSD_PERP,bid,58300,690.52
2024-08-30 12:18:48,BTCUSD_PERP,bid,58300,632.78
2024-08-30 12:18:48,BTCUSD_PERP,bid,58200,574.77
2024-08-30 12:18:48,BTCUSD_PERP,bid,58200,632.48
2024-08-30 12:19:02,BTCUSD_PERP,bid,58000,527.37
2024-08-30 12:19:06,BTCUSD_PERP,bid,58200,516.67
2024-08-30 12:19:06,BTCUSD_PERP,bid,58200,574.34
2024-08-30 12:19:48,BTCUSD_PERP,bid,47000,2441.25
2024-08-30 12:19:49,BTCUSD_PERP,bid,47000,2441.27
2024-08-30 12:19:49,BTCUSD_PERP,bid,47000,2441.25
2024-08-30 12:19:49,BTCUSD_PERP,bid,47000,2441.27
2024-08-30 12:19:49,BTCUSD_PERP,bid,47000,2441.25
2024-08-30 12:19:50,BTCUSD_PERP,bid,47000,2441.25
2024-08-30 12:20:03,BTCUSD_PERP,bid,58000,527.95
2024-08-30 12:20:10,BTCUSD_PERP,bid,58200,589.2
2024-08-30 12:20:11,BTCUSD_PERP,bid,58200,648.99
2024-08-30 12:20:11,BTCUSD_PERP,bid,58200,706.69
2024-08-30 12:20:11,BTCUSD_PERP,bid,58200,763.81
2024-08-30 12:20:15,BTCUSD_PERP,bid,58200,533.01
2024-08-30 12:21:30,BTCUSD_PERP,bid,58000,527.96
2024-08-30 12:22:54,BTCUSD_PERP,bid,58300,515.93
2024-08-30 12:22:54,BTCUSD_PERP,bid,58300,573.66
2024-08-30 12:23:13,BTCUSD_PERP,bid,58300,515.93
2024-08-30 12:23:13,BTCUSD_PERP,bid,58200,689.35
2024-08-30 12:23:14,BTCUSD_PERP,bid,58200,803.57
2024-08-30 12:23:14,BTCUSD_PERP,bid,58200,861.27
2024-08-30 12:23:49,BTCUSD_PERP,bid,58000,527.81
2024-08-30 12:24:33,BTCUSD_PERP,bid,58200,745.87
2024-08-30 12:24:33,BTCUSD_PERP,bid,58200,745.51
2024-08-30 12:24:34,BTCUSD_PERP,bid,58200,803.18
2024-08-30 12:25:44,BTCUSD_PERP,bid,58200,745.61
2024-08-30 12:25:44,BTCUSD_PERP,bid,58200,630.27
2024-08-30 12:25:44,BTCUSD_PERP,bid,58200,573.19
2024-08-30 12:25:45,BTCUSD_PERP,bid,58200,516.87
2024-08-30 12:25:45,BTCUSD_PERP,bid,58200,631.69
2024-08-30 12:25:45,BTCUSD_PERP,bid,58200,689.39
2024-08-30 12:25:45,BTCUSD_PERP,bid,58200,746.51
2024-08-30 12:25:45,BTCUSD_PERP,bid,58200,803.63
2024-08-30 12:25:46,BTCUSD_PERP,bid,58200,861.33
2024-08-30 12:25:48,BTCUSD_PERP,bid,58300,517.79
2024-08-30 12:25:52,BTCUSD_PERP,bid,58300,534.0
2024-08-30 12:25:53,BTCUSD_PERP,bid,58300,591.77
2024-08-30 12:26:04,BTCUSD_PERP,bid,58300,534.0
2024-08-30 12:26:29,BTCUSD_PERP,bid,58000,527.66
2024-08-30 12:27:24,BTCUSD_PERP,bid,58000,528.66
2024-08-30 12:28:14,BTCUSD_PERP,bid,47000,2441.27
2024-08-30 12:28:14,BTCUSD_PERP,bid,47000,2441.25
2024-08-30 12:28:15,BTCUSD_PERP,bid,47000,2441.27
2024-08-30 12:28:15,BTCUSD_PERP,bid,47000,2441.25
2024-08-30 12:28:16,BTCUSD_PERP,bid,47000,2441.27
2024-08-30 12:28:16,BTCUSD_PERP,bid,47000,2441.25
2024-08-30 12:28:16,BTCUSD_PERP,bid,47000,2441.27
2024-08-30 12:28:16,BTCUSD_PERP,bid,47000,2441.25
2024-08-30 12:28:17,BTCUSD_PERP,bid,47000,2441.25
2024-08-30 12:28:18,BTCUSD_PERP,bid,47000,2441.25
2024-08-30 12:28:19,BTCUSD_PERP,bid,47000,2441.25
2024-08-30 12:28:19,BTCUSD_PERP,bid,47000,2441.25
2024-08-30 12:28:20,BTCUSD_PERP,bid,47000,2441.25
2024-08-30 12:28:20,BTCUSD_PERP,bid,47000,2441.25
2024-08-30 12:28:21,BTCUSD_PERP,bid,47000,2441.27
2024-08-30 12:28:21,BTCUSD_PERP,bid,47000,2441.25
2024-08-30 12:28:29,BTCUSD_PERP,bid,58000,528.57
2024-08-30 12:28:48,BTCUSD_PERP,bid,47000,2441.25
2024-08-30 12:28:50,BTCUSD_PERP,bid,47000,2441.25
2024-08-30 12:28:50,BTCUSD_PERP,bid,47000,2441.25
2024-08-30 12:28:51,BTCUSD_PERP,bid,47000,2441.25
2024-08-30 12:28:52,BTCUSD_PERP,bid,47000,2441.27
2024-08-30 12:28:53,BTCUSD_PERP,bid,47000,2441.25
2024-08-30 12:28:53,BTCUSD_PERP,bid,47000,2441.25
2024-08-30 12:28:54,BTCUSD_PERP,bid,47000,2441.25
2024-08-30 12:28:55,BTCUSD_PERP,bid,47000,2441.27
2024-08-30 12:28:55,BTCUSD_PERP,bid,47000,2441.25
2024-08-30 12:28:56,BTCUSD_PERP,bid,47000,2441.25
2024-08-30 12:28:57,BTCUSD_PERP,bid,47000,2441.27
2024-08-30 12:28:57,BTCUSD_PERP,bid,47000,2441.25
2024-08-30 12:30:37,BTCUSD_PERP,bid,58000,528.62
2024-08-30 12:31:35,BTCUSD_PERP,bid,58200,516.58
2024-08-30 12:31:57,BTCUSD_PERP,bid,58200,517.16
2024-08-30 12:32:24,BTCUSD_PERP,bid,58000,527.62
2024-08-30 12:32:28,BTCUSD_PERP,bid,58200,518.13
2024-08-30 12:32:51,BTCUSD_PERP,bid,58300,575.63
2024-08-30 12:32:51,BTCUSD_PERP,bid,58300,633.37
2024-08-30 12:32:58,BTCUSD_PERP,bid,58200,575.83
2024-08-30 12:32:59,BTCUSD_PERP,bid,58200,633.54
2024-08-30 12:34:35,BTCUSD_PERP,bid,58200,633.04
2024-08-30 12:35:13,BTCUSD_PERP,bid,58000,527.61
2024-08-30 12:36:59,BTCUSD_PERP,bid,58300,517.05
2024-08-30 12:37:00,BTCUSD_PERP,bid,58300,632.61
2024-08-30 12:37:00,BTCUSD_PERP,bid,58300,690.39
2024-08-30 12:37:00,BTCUSD_PERP,bid,58300,748.17
2024-08-30 12:37:01,BTCUSD_PERP,bid,58300,757.89
2024-08-30 12:37:01,BTCUSD_PERP,bid,58300,815.67
2024-08-30 12:38:20,BTCUSD_PERP,bid,58300,758.48
2024-08-30 12:38:20,BTCUSD_PERP,bid,58300,701.29
2024-08-30 12:38:20,BTCUSD_PERP,bid,58300,643.51
2024-08-30 12:38:21,BTCUSD_PERP,bid,58300,585.73
2024-08-30 12:38:21,BTCUSD_PERP,bid,58300,528.54
2024-08-30 12:38:21,BTCUSD_PERP,bid,58400,584.98
2024-08-30 12:38:21,BTCUSD_PERP,bid,58400,642.79
2024-08-30 12:38:22,BTCUSD_PERP,bid,58400,700.6
2024-08-30 12:38:22,BTCUSD_PERP,bid,58400,758.41
2024-08-30 12:38:22,BTCUSD_PERP,bid,58400,873.45
2024-08-30 12:38:22,BTCUSD_PERP,bid,58400,930.68
2024-08-30 12:38:22,BTCUSD_PERP,bid,58400,988.49
2024-08-30 12:40:03,BTCUSD_PERP,bid,58000,527.62
2024-08-30 12:41:07,BTCUSD_PERP,bid,58000,528.79
2024-08-30 12:41:22,BTCUSD_PERP,bid,58000,528.74
2024-08-30 12:41:43,BTCUSD_PERP,bid,58000,528.77
2024-08-30 12:42:16,BTCUSD_PERP,bid,58300,920.38
2024-08-30 12:42:16,BTCUSD_PERP,bid,58300,978.16
2024-08-30 12:44:08,BTCUSD_PERP,bid,58300,920.39
2024-08-30 12:44:08,BTCUSD_PERP,bid,58300,978.17
2024-08-30 12:45:48,BTCUSD_PERP,bid,58300,920.39
2024-08-30 12:45:48,BTCUSD_PERP,bid,58300,862.61
2024-08-30 12:45:48,BTCUSD_PERP,bid,58300,804.83
2024-08-30 12:45:48,BTCUSD_PERP,bid,58300,690.44
2024-08-30 12:45:48,BTCUSD_PERP,bid,58300,632.66
2024-08-30 12:45:49,BTCUSD_PERP,bid,58300,633.5
2024-08-30 12:45:49,BTCUSD_PERP,bid,58300,691.25
2024-08-30 12:45:49,BTCUSD_PERP,bid,58300,919.92
2024-08-30 12:45:49,BTCUSD_PERP,bid,58300,977.67
2024-08-30 12:45:53,BTCUSD_PERP,bid,58000,531.67
2024-08-30 12:47:54,BTCUSD_PERP,bid,58300,518.0
2024-08-30 12:47:54,BTCUSD_PERP,bid,58300,920.4
2024-08-30 12:49:24,BTCUSD_PERP,ask,59500,511.65
2024-08-30 12:49:31,BTCUSD_PERP,ask,59500,517.59
2024-08-30 12:49:34,BTCUSD_PERP,ask,59500,523.53
2024-08-30 12:49:34,BTCUSD_PERP,ask,59500,533.04
2024-08-30 12:49:37,BTCUSD_PERP,ask,59500,542.55
2024-08-30 12:49:42,BTCUSD_PERP,ask,59500,548.49
2024-08-30 12:49:49,BTCUSD_PERP,ask,59500,568.11
2024-08-30 12:50:00,BTCUSD_PERP,ask,59500,558.6
2024-08-30 12:50:01,BTCUSD_PERP,ask,59500,568.11
2024-08-30 12:50:01,BTCUSD_PERP,ask,59500,549.09
2024-08-30 12:50:01,BTCUSD_PERP,ask,59500,568.11
2024-08-30 12:50:02,BTCUSD_PERP,ask,59500,558.9
2024-08-30 12:50:02,BTCUSD_PERP,ask,59500,568.11
2024-08-30 12:50:03,BTCUSD_PERP,ask,59500,558.6
2024-08-30 12:50:04,BTCUSD_PERP,ask,59500,568.11
2024-08-30 12:50:04,BTCUSD_PERP,ask,59500,558.6
2024-08-30 12:50:04,BTCUSD_PERP,ask,59500,568.11
2024-08-30 12:50:12,BTCUSD_PERP,ask,59500,558.6
2024-08-30 12:50:13,BTCUSD_PERP,ask,59500,552.66
2024-08-30 12:50:17,BTCUSD_PERP,ask,59500,546.72
2024-08-30 12:50:17,BTCUSD_PERP,ask,59500,540.78
2024-08-30 12:50:18,BTCUSD_PERP,ask,59500,531.27
2024-08-30 12:50:24,BTCUSD_PERP,ask,59500,521.76
2024-08-30 12:50:28,BTCUSD_PERP,bid,58400,699.46
2024-08-30 12:50:28,BTCUSD_PERP,bid,58400,757.27
2024-08-30 12:50:28,BTCUSD_PERP,bid,58400,815.08
2024-08-30 12:50:28,BTCUSD_PERP,bid,58400,872.89
2024-08-30 12:50:28,BTCUSD_PERP,bid,58400,988.51
2024-08-30 12:50:39,BTCUSD_PERP,bid,58400,931.29
2024-08-30 12:50:41,BTCUSD_PERP,bid,58400,988.52
2024-08-30 12:53:58,BTCUSD_PERP,bid,58400,701.21
2024-08-30 12:53:59,BTCUSD_PERP,bid,58300,920.4
2024-08-30 12:53:59,BTCUSD_PERP,bid,58300,978.18
2024-08-30 12:55:07,BTCUSD_PERP,bid,58300,806.0
2024-08-30 12:55:07,BTCUSD_PERP,bid,58300,919.9
2024-08-30 12:55:08,BTCUSD_PERP,bid,58300,977.65
2024-08-30 12:55:19,BTCUSD_PERP,bid,58300,641.68
2024-08-30 12:55:19,BTCUSD_PERP,bid,58300,699.4
2024-08-30 12:56:31,BTCUSD_PERP,bid,58300,584.55
2024-08-30 12:56:31,BTCUSD_PERP,bid,58300,526.83
2024-08-30 12:56:32,BTCUSD_PERP,bid,58300,516.89
2024-08-30 12:56:32,BTCUSD_PERP,bid,58300,747.34
2024-08-30 12:56:33,BTCUSD_PERP,bid,58300,805.1
2024-08-30 12:56:33,BTCUSD_PERP,bid,58300,862.86
2024-08-30 12:57:59,BTCUSD_PERP,bid,58300,690.76
2024-08-30 12:58:00,BTCUSD_PERP,bid,58300,862.72
2024-08-30 12:58:00,BTCUSD_PERP,bid,58300,920.51
2024-08-30 12:58:53,BTCUSD_PERP,ask,59400,506.34
2024-08-30 12:59:07,BTCUSD_PERP,ask,59400,508.28
2024-08-30 12:59:07,BTCUSD_PERP,ask,59400,517.77
2024-08-30 12:59:09,BTCUSD_PERP,ask,59400,527.27
2024-08-30 12:59:10,BTCUSD_PERP,ask,59400,536.77
2024-08-30 12:59:13,BTCUSD_PERP,ask,59400,542.7
2024-08-30 12:59:15,BTCUSD_PERP,ask,59400,552.19
2024-08-30 12:59:17,BTCUSD_PERP,ask,59400,561.69
2024-08-30 12:59:25,BTCUSD_PERP,bid,58200,517.53
2024-08-30 12:59:31,BTCUSD_PERP,bid,58200,574.64
2024-08-30 12:59:49,BTCUSD_PERP,ask,59400,505.44
2024-08-30 13:01:03,BTCUSD_PERP,bid,58200,573.9
2024-08-30 13:01:03,BTCUSD_PERP,bid,58200,631.56
2024-08-30 13:02:18,BTCUSD_PERP,bid,58200,574.48
2024-08-30 13:02:19,BTCUSD_PERP,bid,58200,517.4
2024-08-30 13:02:19,BTCUSD_PERP,bid,58200,573.45
2024-08-30 13:02:19,BTCUSD_PERP,bid,58200,631.09
2024-08-30 13:04:25,BTCUSD_PERP,bid,58200,573.45
2024-08-30 13:04:26,BTCUSD_PERP,bid,58200,517.27
2024-08-30 13:05:01,BTCUSD_PERP,bid,58200,642.09
2024-08-30 13:05:01,BTCUSD_PERP,bid,58200,699.72
2024-08-30 13:05:28,BTCUSD_PERP,bid,58200,642.09
2024-08-30 13:05:28,BTCUSD_PERP,bid,58200,584.46
2024-08-30 13:05:29,BTCUSD_PERP,bid,58200,526.83
2024-08-30 13:05:29,BTCUSD_PERP,bid,58200,515.52
2024-08-30 13:05:29,BTCUSD_PERP,bid,58200,573.2
2024-08-30 13:05:30,BTCUSD_PERP,bid,58200,745.66
2024-08-30 13:05:30,BTCUSD_PERP,bid,58200,803.34
2024-08-30 13:05:30,BTCUSD_PERP,bid,58200,861.02
2024-08-30 13:05:42,BTCUSD_PERP,bid,58200,803.34
2024-08-30 13:05:42,BTCUSD_PERP,bid,58200,745.76
2024-08-30 13:05:42,BTCUSD_PERP,bid,58200,688.08
2024-08-30 13:05:42,BTCUSD_PERP,bid,58200,630.98
2024-08-30 13:05:44,BTCUSD_PERP,bid,58300,517.61
2024-08-30 13:05:44,BTCUSD_PERP,bid,58300,632.46
2024-08-30 13:05:44,BTCUSD_PERP,bid,58300,746.72
2024-08-30 13:06:33,BTCUSD_PERP,bid,58300,689.59
2024-08-30 13:06:33,BTCUSD_PERP,bid,58300,632.46
2024-08-30 13:06:33,BTCUSD_PERP,bid,58300,517.61
2024-08-30 13:06:34,BTCUSD_PERP,bid,58300,516.7
2024-08-30 13:06:34,BTCUSD_PERP,bid,58300,573.86
2024-08-30 13:06:34,BTCUSD_PERP,bid,58300,689.36
2024-08-30 13:06:34,BTCUSD_PERP,bid,58300,804.27
2024-08-30 13:06:34,BTCUSD_PERP,bid,58300,862.02
2024-08-30 13:07:16,BTCUSD_PERP,bid,58300,747.21
2024-08-30 13:07:16,BTCUSD_PERP,bid,58300,689.59
2024-08-30 13:07:16,BTCUSD_PERP,bid,58300,746.72
2024-08-30 13:07:16,BTCUSD_PERP,bid,58300,804.44
2024-08-30 13:07:46,BTCUSD_PERP,bid,58300,517.02
2024-08-30 13:10:34,BTCUSD_PERP,bid,58400,517.33
2024-08-30 13:10:41,BTCUSD_PERP,bid,58400,531.32
2024-08-30 13:10:43,BTCUSD_PERP,bid,58400,533.41
2024-08-30 13:10:55,BTCUSD_PERP,bid,58400,533.45
2024-08-30 13:11:09,BTCUSD_PERP,bid,58400,531.36
2024-08-30 13:11:37,BTCUSD_PERP,bid,58400,517.37
2024-08-30 13:12:16,BTCUSD_PERP,bid,58400,538.88
2024-08-30 13:12:16,BTCUSD_PERP,bid,58400,596.71
2024-08-30 13:12:55,BTCUSD_PERP,ask,59500,512.17
2024-08-30 13:12:56,BTCUSD_PERP,ask,59500,518.12
2024-08-30 13:12:56,BTCUSD_PERP,ask,59500,537.75
2024-08-30 13:12:57,BTCUSD_PERP,ask,59500,543.69
2024-08-30 13:13:01,BTCUSD_PERP,ask,59500,549.63
2024-08-30 13:13:13,BTCUSD_PERP,ask,59500,559.44
2024-08-30 13:13:13,BTCUSD_PERP,ask,59500,568.95
2024-08-30 13:13:14,BTCUSD_PERP,ask,59500,578.46
2024-08-30 13:13:15,BTCUSD_PERP,ask,59500,584.4
2024-08-30 13:13:15,BTCUSD_PERP,ask,59500,593.62
2024-08-30 13:13:16,BTCUSD_PERP,ask,59500,603.13
2024-08-30 13:13:18,BTCUSD_PERP,ask,59500,612.65
2024-08-30 13:13:18,BTCUSD_PERP,ask,59500,622.17
2024-08-30 13:13:39,BTCUSD_PERP,ask,59500,612.66
2024-08-30 13:13:44,BTCUSD_PERP,ask,59500,603.14
2024-08-30 13:13:55,BTCUSD_PERP,ask,59500,597.2
2024-08-30 13:13:56,BTCUSD_PERP,ask,59500,587.69
2024-08-30 13:13:57,BTCUSD_PERP,ask,59500,528.72
2024-08-30 13:13:57,BTCUSD_PERP,ask,59500,522.77
2024-08-30 13:13:57,BTCUSD_PERP,ask,59500,516.83
2024-08-30 13:14:14,BTCUSD_PERP,ask,59500,516.6
2024-08-30 13:14:16,BTCUSD_PERP,ask,59500,525.82
2024-08-30 13:14:16,BTCUSD_PERP,ask,59500,535.34
2024-08-30 13:14:16,BTCUSD_PERP,ask,59500,541.29
2024-08-30 13:14:58,BTCUSD_PERP,ask,59500,535.34
2024-08-30 13:15:14,BTCUSD_PERP,ask,59500,525.82
2024-08-30 13:15:14,BTCUSD_PERP,ask,59500,516.3
2024-08-30 13:22:10,BTCUSD_PERP,bid,58400,580.09
2024-08-30 13:22:10,BTCUSD_PERP,bid,58400,637.97
2024-08-30 13:22:10,BTCUSD_PERP,bid,58400,926.09
2024-08-30 13:22:11,BTCUSD_PERP,bid,58400,562.68
2024-08-30 13:22:11,BTCUSD_PERP,bid,58400,983.97
2024-08-30 13:22:11,BTCUSD_PERP,bid,58400,1000.08
2024-08-30 13:22:13,BTCUSD_PERP,bid,58400,1001.3
2024-08-30 13:22:14,BTCUSD_PERP,ask,59600,503.68
2024-08-30 13:22:19,BTCUSD_PERP,ask,59600,513.2
2024-08-30 13:22:19,BTCUSD_PERP,ask,59600,522.72
2024-08-30 13:22:20,BTCUSD_PERP,ask,59600,531.95
2024-08-30 13:22:21,BTCUSD_PERP,ask,59600,541.47
2024-08-30 13:22:23,BTCUSD_PERP,ask,59600,550.99
2024-08-30 13:22:24,BTCUSD_PERP,ask,59600,560.51
2024-08-30 13:23:20,BTCUSD_PERP,ask,59600,550.99
2024-08-30 13:23:20,BTCUSD_PERP,ask,59600,541.47
2024-08-30 13:23:20,BTCUSD_PERP,ask,59600,532.24
2024-08-30 13:23:21,BTCUSD_PERP,ask,59600,522.72
2024-08-30 13:23:23,BTCUSD_PERP,ask,59600,513.2
2024-08-30 13:23:24,BTCUSD_PERP,ask,59600,503.68
2024-08-30 13:23:39,BTCUSD_PERP,bid,58400,1000.08
2024-08-30 13:24:11,BTCUSD_PERP,bid,58400,986.07
2024-08-30 13:24:13,BTCUSD_PERP,bid,58400,983.97
2024-08-30 13:27:49,BTCUSD_PERP,bid,58400,926.09
2024-08-30 13:27:49,BTCUSD_PERP,bid,58400,868.8
2024-08-30 13:27:49,BTCUSD_PERP,bid,58400,753.63
2024-08-30 13:27:49,BTCUSD_PERP,bid,58400,695.85
2024-08-30 13:27:50,BTCUSD_PERP,bid,58400,638.56
2024-08-30 13:27:50,BTCUSD_PERP,bid,58400,581.27
2024-08-30 13:27:50,BTCUSD_PERP,bid,58400,518.19
2024-08-30 13:27:50,BTCUSD_PERP,bid,58400,576.04
2024-08-30 13:27:50,BTCUSD_PERP,bid,58400,633.89
2024-08-30 13:27:50,BTCUSD_PERP,bid,58400,691.74
2024-08-30 13:27:51,BTCUSD_PERP,bid,58400,807.44
2024-08-30 13:27:51,BTCUSD_PERP,bid,58400,864.71
2024-08-30 13:27:51,BTCUSD_PERP,bid,58300,562.35
2024-08-30 13:27:51,BTCUSD_PERP,bid,58400,980.41
2024-08-30 13:28:07,BTCUSD_PERP,ask,59500,508.74
2024-08-30 13:28:10,BTCUSD_PERP,ask,59500,528.38
2024-08-30 13:28:12,BTCUSD_PERP,ask,59500,548.02
2024-08-30 13:28:55,BTCUSD_PERP,ask,59500,538.5
2024-08-30 13:29:04,BTCUSD_PERP,ask,59500,532.56
2024-08-30 13:29:05,BTCUSD_PERP,ask,59500,523.04
2024-08-30 13:29:06,BTCUSD_PERP,ask,59500,517.1
2024-08-30 13:29:07,BTCUSD_PERP,ask,59500,511.16
2024-08-30 13:29:27,BTCUSD_PERP,ask,59500,520.68
2024-08-30 13:29:28,BTCUSD_PERP,ask,59500,530.2
2024-08-30 13:29:45,BTCUSD_PERP,ask,59500,510.56
2024-08-30 13:30:42,BTCUSD_PERP,bid,58400,923.15
2024-08-30 13:30:42,BTCUSD_PERP,bid,58400,691.85
2024-08-30 13:30:42,BTCUSD_PERP,bid,58400,807.64
2024-08-30 13:30:42,BTCUSD_PERP,bid,58300,562.09
2024-08-30 13:31:28,BTCUSD_PERP,bid,58400,749.82
2024-08-30 13:31:28,BTCUSD_PERP,bid,58400,692.0
2024-08-30 13:31:29,BTCUSD_PERP,bid,58400,634.18
2024-08-30 13:31:29,BTCUSD_PERP,bid,58400,519.12
2024-08-30 13:31:29,BTCUSD_PERP,bid,58400,518.95
2024-08-30 13:31:30,BTCUSD_PERP,bid,58400,576.71
2024-08-30 13:31:30,BTCUSD_PERP,bid,58400,691.82
2024-08-30 13:32:43,BTCUSD_PERP,bid,58400,633.97
2024-08-30 13:32:43,BTCUSD_PERP,bid,58400,576.21
2024-08-30 13:32:43,BTCUSD_PERP,bid,58400,518.95
2024-08-30 13:32:43,BTCUSD_PERP,bid,58400,519.06
2024-08-30 13:32:44,BTCUSD_PERP,bid,58400,634.82
2024-08-30 13:32:44,BTCUSD_PERP,bid,58400,749.42
2024-08-30 13:32:44,BTCUSD_PERP,bid,58400,806.72
2024-08-30 13:32:44,BTCUSD_PERP,bid,58400,922.48
2024-08-30 13:32:44,BTCUSD_PERP,bid,58400,1037.66
2024-08-30 13:32:44,BTCUSD_PERP,bid,58400,1095.54
2024-08-30 13:33:44,BTCUSD_PERP,bid,58400,980.36
2024-08-30 13:33:44,BTCUSD_PERP,bid,58400,922.48
2024-08-30 13:33:44,BTCUSD_PERP,bid,58400,864.6
2024-08-30 13:33:44,BTCUSD_PERP,bid,58400,807.3
2024-08-30 13:33:44,BTCUSD_PERP,bid,58400,749.42
2024-08-30 13:33:45,BTCUSD_PERP,bid,58400,691.54
2024-08-30 13:33:45,BTCUSD_PERP,bid,58400,518.58
2024-08-30 13:33:45,BTCUSD_PERP,bid,58500,577.53
2024-08-30 13:33:45,BTCUSD_PERP,bid,58500,634.85
2024-08-30 13:33:45,BTCUSD_PERP,bid,58500,692.77
2024-08-30 13:33:45,BTCUSD_PERP,bid,58500,808.02
2024-08-30 13:33:45,BTCUSD_PERP,bid,58500,923.27
2024-08-30 13:33:46,BTCUSD_PERP,bid,58500,981.19
2024-08-30 13:33:46,BTCUSD_PERP,bid,58500,1039.11
2024-08-30 13:33:46,BTCUSD_PERP,bid,58500,1096.44
2024-08-30 13:33:46,BTCUSD_PERP,bid,58500,1154.36
2024-08-30 13:37:15,BTCUSD_PERP,bid,58500,1097.03
2024-08-30 13:37:15,BTCUSD_PERP,bid,58500,1039.11
2024-08-30 13:37:15,BTCUSD_PERP,bid,58500,924.46
2024-08-30 13:37:15,BTCUSD_PERP,bid,58500,866.54
2024-08-30 13:37:15,BTCUSD_PERP,bid,58500,808.62
2024-08-30 13:37:15,BTCUSD_PERP,bid,58500,634.86
2024-08-30 13:37:16,BTCUSD_PERP,bid,58500,519.61
2024-08-30 13:37:16,BTCUSD_PERP,bid,58500,519.78
2024-08-30 13:37:16,BTCUSD_PERP,bid,58500,577.63
2024-08-30 13:37:16,BTCUSD_PERP,bid,58500,635.58
2024-08-30 13:37:16,BTCUSD_PERP,bid,58500,692.94
2024-08-30 13:37:16,BTCUSD_PERP,bid,58500,866.2
2024-08-30 13:37:17,BTCUSD_PERP,bid,58500,924.15
2024-08-30 13:37:17,BTCUSD_PERP,bid,58500,982.1
2024-08-30 13:37:17,BTCUSD_PERP,bid,58500,1039.46
2024-08-30 13:39:20,BTCUSD_PERP,bid,58500,982.1
2024-08-30 13:39:20,BTCUSD_PERP,bid,58500,866.79
2024-08-30 13:39:20,BTCUSD_PERP,bid,58500,750.99
2024-08-30 13:39:20,BTCUSD_PERP,bid,58500,635.09
2024-08-30 13:39:21,BTCUSD_PERP,bid,58500,577.14
2024-08-30 13:39:21,BTCUSD_PERP,bid,58500,519.19
2024-08-30 13:39:21,BTCUSD_PERP,bid,58500,520.72
2024-08-30 13:39:22,BTCUSD_PERP,bid,58500,519.64
2024-08-30 13:39:24,BTCUSD_PERP,bid,58500,521.74
2024-08-30 13:40:02,BTCUSD_PERP,bid,58600,519.91
2024-08-30 13:40:02,BTCUSD_PERP,bid,58600,635.39
2024-08-30 13:41:11,BTCUSD_PERP,bid,58600,577.95
2024-08-30 13:41:11,BTCUSD_PERP,bid,58600,519.92
2024-08-30 13:41:12,BTCUSD_PERP,bid,58500,519.64
2024-08-30 13:41:12,BTCUSD_PERP,bid,58500,577.64
2024-08-30 13:41:13,BTCUSD_PERP,bid,58500,635.06
2024-08-30 13:42:10,BTCUSD_PERP,bid,58500,577.06
2024-08-30 13:42:11,BTCUSD_PERP,bid,58600,578.44
2024-08-30 13:42:11,BTCUSD_PERP,bid,58600,635.89
2024-08-30 13:42:25,BTCUSD_PERP,bid,58600,577.95
2024-08-30 13:42:25,BTCUSD_PERP,bid,58600,519.92
2024-08-30 13:43:16,BTCUSD_PERP,bid,58700,520.72
2024-08-30 13:43:25,BTCUSD_PERP,bid,58700,522.59
2024-08-30 13:43:25,BTCUSD_PERP,bid,58700,580.15
2024-08-30 13:43:41,BTCUSD_PERP,bid,58700,540.65
2024-08-30 13:43:45,BTCUSD_PERP,bid,58700,522.01
2024-08-30 13:43:46,BTCUSD_PERP,bid,58700,522.52
2024-08-30 13:43:47,BTCUSD_PERP,bid,58700,580.72
2024-08-30 13:43:47,BTCUSD_PERP,bid,58700,638.92
2024-08-30 13:43:47,BTCUSD_PERP,bid,47000,2441.02
2024-08-30 13:45:26,BTCUSD_PERP,bid,58700,638.96
2024-08-30 13:45:46,BTCUSD_PERP,bid,58700,580.76
2024-08-30 13:45:46,BTCUSD_PERP,bid,58700,523.15
2024-08-30 13:45:47,BTCUSD_PERP,bid,58700,521.65
2024-08-30 13:45:47,BTCUSD_PERP,bid,58700,927.65
2024-08-30 13:45:47,BTCUSD_PERP,bid,58700,941.73
2024-08-30 13:45:48,BTCUSD_PERP,bid,58700,943.84
2024-08-30 13:45:49,BTCUSD_PERP,bid,58700,945.07
2024-08-30 13:46:25,BTCUSD_PERP,bid,58700,828.73
2024-08-30 13:46:25,BTCUSD_PERP,bid,58700,771.16
2024-08-30 13:46:25,BTCUSD_PERP,bid,58700,655.41
2024-08-30 13:46:25,BTCUSD_PERP,bid,58700,636.98
2024-08-30 13:48:23,BTCUSD_PERP,bid,58700,578.85
2024-08-30 13:48:23,BTCUSD_PERP,bid,58700,520.72
2024-08-30 13:48:25,BTCUSD_PERP,bid,58600,520.45
2024-08-30 13:48:41,BTCUSD_PERP,bid,58600,520.49
2024-08-30 13:49:00,BTCUSD_PERP,bid,58700,520.67
2024-08-30 13:49:00,BTCUSD_PERP,bid,58700,578.8
2024-08-30 13:49:00,BTCUSD_PERP,bid,58700,578.84
2024-08-30 13:50:55,BTCUSD_PERP,bid,58700,520.71
2024-08-30 13:50:56,BTCUSD_PERP,bid,58600,520.45
2024-08-30 13:50:56,BTCUSD_PERP,bid,58600,578.55
2024-08-30 13:50:56,BTCUSD_PERP,bid,58600,694.16
2024-08-30 13:50:56,BTCUSD_PERP,bid,58600,752.26
2024-08-30 13:52:10,BTCUSD_PERP,bid,58600,694.16
2024-08-30 13:52:10,BTCUSD_PERP,bid,58600,578.05
2024-08-30 13:52:10,BTCUSD_PERP,bid,58600,520.54
2024-08-30 13:52:19,BTCUSD_PERP,bid,58700,589.11
2024-08-30 13:52:20,BTCUSD_PERP,bid,58700,646.68
2024-08-30 13:53:19,BTCUSD_PERP,bid,58700,588.51
2024-08-30 13:53:20,BTCUSD_PERP,bid,58700,530.34
2024-08-30 13:53:21,BTCUSD_PERP,bid,58800,521.52
2024-08-30 13:53:21,BTCUSD_PERP,bid,58800,579.74
2024-08-30 13:53:21,BTCUSD_PERP,bid,58800,637.37
2024-08-30 13:53:36,BTCUSD_PERP,bid,58800,521.52
2024-08-30 13:56:06,BTCUSD_PERP,bid,58800,521.1
2024-08-30 13:56:06,BTCUSD_PERP,bid,58800,578.73
2024-08-30 13:57:10,BTCUSD_PERP,bid,58800,521.1
2024-08-30 13:57:11,BTCUSD_PERP,bid,58800,580.13
2024-08-30 13:57:11,BTCUSD_PERP,bid,58800,696.06
2024-08-30 13:57:11,BTCUSD_PERP,bid,58800,753.73
2024-08-30 13:57:11,BTCUSD_PERP,bid,58800,811.99
2024-08-30 13:57:11,BTCUSD_PERP,bid,58800,870.25
2024-08-30 13:57:11,BTCUSD_PERP,bid,58800,928.51
2024-08-30 13:57:11,BTCUSD_PERP,bid,58800,986.77
2024-08-30 13:57:12,BTCUSD_PERP,bid,58800,1045.03
2024-08-30 13:57:12,BTCUSD_PERP,bid,58800,1102.7
2024-08-30 13:57:12,BTCUSD_PERP,bid,58800,1160.96
2024-08-30 13:57:12,BTCUSD_PERP,bid,58700,522.73
2024-08-30 13:58:07,BTCUSD_PERP,bid,58800,1102.7
2024-08-30 13:58:07,BTCUSD_PERP,bid,58800,870.25
2024-08-30 13:58:07,BTCUSD_PERP,bid,58800,928.0
2024-08-30 13:58:08,BTCUSD_PERP,bid,58800,986.27
2024-08-30 13:58:08,BTCUSD_PERP,bid,58800,1044.5
2024-08-30 13:58:35,BTCUSD_PERP,bid,58800,986.87
2024-08-30 13:58:35,BTCUSD_PERP,bid,58800,928.64
2024-08-30 13:58:35,BTCUSD_PERP,bid,58800,812.18
2024-08-30 13:58:35,BTCUSD_PERP,bid,58800,753.95
2024-08-30 13:58:36,BTCUSD_PERP,bid,58800,521.72
2024-08-30 13:58:36,BTCUSD_PERP,bid,58800,523.05
2024-08-30 13:58:36,BTCUSD_PERP,bid,58800,580.72
2024-08-30 13:58:36,BTCUSD_PERP,bid,58800,696.65
2024-08-30 13:58:37,BTCUSD_PERP,bid,58800,754.32
2024-08-30 14:01:12,BTCUSD_PERP,bid,58800,696.06
2024-08-30 14:01:12,BTCUSD_PERP,bid,58800,637.8
2024-08-30 14:01:13,BTCUSD_PERP,bid,58800,580.13
2024-08-30 14:01:13,BTCUSD_PERP,bid,58800,521.87
2024-08-30 14:01:13,BTCUSD_PERP,bid,58800,753.93
2024-08-30 14:01:30,BTCUSD_PERP,bid,58700,521.37
2024-08-30 14:01:31,BTCUSD_PERP,bid,58700,579.57
2024-08-30 14:01:32,BTCUSD_PERP,bid,58700,579.61
2024-08-30 14:02:35,BTCUSD_PERP,bid,58700,522.0
2024-08-30 14:02:36,BTCUSD_PERP,bid,58800,521.57
2024-08-30 14:02:36,BTCUSD_PERP,bid,58800,579.8
2024-08-30 14:03:00,BTCUSD_PERP,bid,58700,811.72
2024-08-30 14:03:00,BTCUSD_PERP,bid,58700,869.92
2024-08-30 14:03:06,BTCUSD_PERP,ask,59900,505.79
2024-08-30 14:03:07,BTCUSD_PERP,ask,59900,511.77
2024-08-30 14:04:04,BTCUSD_PERP,ask,59900,505.79
2024-08-30 14:04:53,BTCUSD_PERP,bid,58700,753.14
2024-08-30 14:04:53,BTCUSD_PERP,bid,58700,810.71
2024-08-30 14:04:53,BTCUSD_PERP,bid,58700,868.88
2024-08-30 14:05:35,BTCUSD_PERP,bid,58700,811.31
2024-08-30 14:05:35,BTCUSD_PERP,bid,58700,753.14
2024-08-30 14:05:35,BTCUSD_PERP,bid,58700,695.56
2024-08-30 14:05:35,BTCUSD_PERP,bid,58700,579.22
2024-08-30 14:05:37,BTCUSD_PERP,bid,58700,520.83
2024-08-30 14:05:37,BTCUSD_PERP,bid,58700,534.91
2024-08-30 14:05:48,BTCUSD_PERP,bid,58800,521.09
2024-08-30 14:05:48,BTCUSD_PERP,bid,58800,637.45
2024-08-30 14:05:49,BTCUSD_PERP,bid,58800,695.68
2024-08-30 14:05:49,BTCUSD_PERP,bid,58800,753.91
2024-08-30 14:05:49,BTCUSD_PERP,bid,58800,812.14
2024-08-30 14:05:49,BTCUSD_PERP,bid,58800,927.42
2024-08-30 14:05:49,BTCUSD_PERP,bid,58800,985.65
2024-08-30 14:06:55,BTCUSD_PERP,bid,58800,928.01
2024-08-30 14:06:56,BTCUSD_PERP,bid,58800,811.55
2024-08-30 14:06:56,BTCUSD_PERP,bid,58800,695.69
2024-08-30 14:06:56,BTCUSD_PERP,bid,58700,869.33
2024-08-30 14:06:57,BTCUSD_PERP,bid,58700,926.94
2024-08-30 14:06:57,BTCUSD_PERP,bid,58700,985.14
2024-08-30 14:09:38,BTCUSD_PERP,ask,59900,500.58
2024-08-30 14:09:40,BTCUSD_PERP,ask,59900,510.16
2024-08-30 14:09:43,BTCUSD_PERP,ask,59900,516.15
2024-08-30 14:09:44,BTCUSD_PERP,ask,59900,535.91
2024-08-30 14:09:47,BTCUSD_PERP,ask,59900,545.49
2024-08-30 14:09:49,BTCUSD_PERP,ask,59900,551.47
2024-08-30 14:09:49,BTCUSD_PERP,ask,59900,557.45
2024-08-30 14:09:51,BTCUSD_PERP,ask,59900,563.44
2024-08-30 14:10:01,BTCUSD_PERP,ask,59900,573.02
2024-08-30 14:10:02,BTCUSD_PERP,ask,59900,582.6
2024-08-30 14:10:03,BTCUSD_PERP,ask,59900,591.88
2024-08-30 14:10:10,BTCUSD_PERP,ask,59900,601.46
2024-08-30 14:10:37,BTCUSD_PERP,ask,59900,595.48
2024-08-30 14:10:40,BTCUSD_PERP,ask,59900,585.9
2024-08-30 14:10:48,BTCUSD_PERP,ask,59900,576.32
2024-08-30 14:10:49,BTCUSD_PERP,ask,59900,570.34
2024-08-30 14:10:51,BTCUSD_PERP,ask,59900,564.35
2024-08-30 14:11:01,BTCUSD_PERP,ask,59900,554.77
2024-08-30 14:11:02,BTCUSD_PERP,ask,59900,545.19
2024-08-30 14:11:03,BTCUSD_PERP,ask,59900,535.91
2024-08-30 14:11:04,BTCUSD_PERP,bid,58800,521.54
2024-08-30 14:11:04,BTCUSD_PERP,bid,58800,579.17
2024-08-30 14:11:08,BTCUSD_PERP,ask,59900,516.15
2024-08-30 14:11:10,BTCUSD_PERP,ask,59900,506.57
2024-08-30 14:11:21,BTCUSD_PERP,ask,59900,500.59
2024-08-30 14:11:48,BTCUSD_PERP,bid,58800,520.95
2024-08-30 14:11:50,BTCUSD_PERP,bid,58800,521.97
2024-08-30 14:11:50,BTCUSD_PERP,bid,58800,580.13
2024-08-30 14:12:24,BTCUSD_PERP,ask,60000,514.4
2024-08-30 14:14:18,BTCUSD_PERP,bid,58800,521.97
2024-08-30 14:14:19,BTCUSD_PERP,bid,58900,647.77
2024-08-30 14:14:36,BTCUSD_PERP,bid,58800,986.62
2024-08-30 14:14:36,BTCUSD_PERP,bid,58800,1044.9
2024-08-30 14:14:56,BTCUSD_PERP,bid,58800,928.34
2024-08-30 14:14:56,BTCUSD_PERP,bid,58800,870.06
2024-08-30 14:14:56,BTCUSD_PERP,bid,58800,812.37
2024-08-30 14:14:57,BTCUSD_PERP,bid,58800,754.09
2024-08-30 14:14:57,BTCUSD_PERP,bid,58800,579.84
2024-08-30 14:14:57,BTCUSD_PERP,bid,58800,522.15
2024-08-30 14:14:57,BTCUSD_PERP,bid,58900,523.02
2024-08-30 14:14:57,BTCUSD_PERP,bid,58900,639.05
2024-08-30 14:14:57,BTCUSD_PERP,bid,58900,697.36
2024-08-30 14:14:58,BTCUSD_PERP,bid,58900,870.51
2024-08-30 14:14:58,BTCUSD_PERP,bid,58900,928.82
2024-08-30 14:14:58,BTCUSD_PERP,bid,58900,987.13
2024-08-30 14:14:58,BTCUSD_PERP,bid,58800,566.92
2024-08-30 14:14:58,BTCUSD_PERP,bid,58900,1045.44
2024-08-30 14:14:59,BTCUSD_PERP,bid,58900,1046.67
2024-08-30 14:15:13,BTCUSD_PERP,bid,58800,928.34
2024-08-30 14:15:13,BTCUSD_PERP,bid,58800,986.62
2024-08-30 14:15:13,BTCUSD_PERP,bid,58800,566.58
2024-08-30 14:15:14,BTCUSD_PERP,bid,58800,1044.31
2024-08-30 14:16:18,BTCUSD_PERP,bid,58800,986.62
2024-08-30 14:16:18,BTCUSD_PERP,bid,58800,579.84
2024-08-30 14:16:19,BTCUSD_PERP,bid,58800,522.15
2024-08-30 14:16:19,BTCUSD_PERP,bid,58900,522.43
2024-08-30 14:16:19,BTCUSD_PERP,bid,58900,580.15
2024-08-30 14:16:19,BTCUSD_PERP,bid,58900,637.86
2024-08-30 14:16:19,BTCUSD_PERP,bid,58900,695.58
2024-08-30 14:16:19,BTCUSD_PERP,bid,58900,753.89
2024-08-30 14:16:19,BTCUSD_PERP,bid,58900,812.2
2024-08-30 14:16:19,BTCUSD_PERP,bid,58900,986.54
2024-08-30 14:16:20,BTCUSD_PERP,bid,58900,1044.85
2024-08-30 14:16:20,BTCUSD_PERP,bid,58800,523.18
2024-08-30 14:16:20,BTCUSD_PERP,bid,58800,566.87
2024-08-30 14:16:40,BTCUSD_PERP,bid,58900,986.54
2024-08-30 14:16:40,BTCUSD_PERP,bid,58900,812.79
2024-08-30 14:16:40,BTCUSD_PERP,bid,58900,755.07
2024-08-30 14:16:40,BTCUSD_PERP,bid,58900,697.36
2024-08-30 14:16:40,BTCUSD_PERP,bid,58800,928.34
2024-08-30 14:16:40,BTCUSD_PERP,bid,58800,986.62
2024-08-30 14:16:41,BTCUSD_PERP,bid,58800,522.91
2024-08-30 14:17:26,BTCUSD_PERP,bid,58800,928.93
2024-08-30 14:17:26,BTCUSD_PERP,bid,58800,870.65
2024-08-30 14:17:26,BTCUSD_PERP,bid,58800,812.37
2024-08-30 14:17:26,BTCUSD_PERP,bid,58800,695.81
2024-08-30 14:17:26,BTCUSD_PERP,bid,58800,637.53
2024-08-30 14:17:26,BTCUSD_PERP,bid,58800,521.56
2024-08-30 14:17:27,BTCUSD_PERP,bid,58900,581.92
2024-08-30 14:17:27,BTCUSD_PERP,bid,58900,639.64
2024-08-30 14:17:27,BTCUSD_PERP,bid,58900,697.36
2024-08-30 14:17:27,BTCUSD_PERP,bid,58900,871.1
2024-08-30 14:17:27,BTCUSD_PERP,bid,58900,929.41
2024-08-30 14:20:09,BTCUSD_PERP,bid,58900,755.07
2024-08-30 14:20:09,BTCUSD_PERP,bid,58900,639.04
2024-08-30 14:20:09,BTCUSD_PERP,bid,58900,581.32
2024-08-30 14:20:10,BTCUSD_PERP,bid,58900,523.35
2024-08-30 14:20:10,BTCUSD_PERP,bid,58900,581.1
2024-08-30 14:20:11,BTCUSD_PERP,bid,58900,639.45
2024-08-30 14:20:11,BTCUSD_PERP,bid,58900,697.8
2024-08-30 14:20:11,BTCUSD_PERP,bid,58900,755.55
2024-08-30 14:23:04,BTCUSD_PERP,bid,58900,871.1
2024-08-30 14:23:04,BTCUSD_PERP,bid,58900,987.13
2024-08-30 14:23:04,BTCUSD_PERP,bid,58800,566.87
2024-08-30 14:23:04,BTCUSD_PERP,bid,58900,1045.44
2024-08-30 14:25:23,BTCUSD_PERP,bid,58900,987.72
2024-08-30 14:25:23,BTCUSD_PERP,bid,58900,871.69
2024-08-30 14:25:23,BTCUSD_PERP,bid,58900,755.66
2024-08-30 14:25:23,BTCUSD_PERP,bid,58900,697.35
2024-08-30 14:25:23,BTCUSD_PERP,bid,58900,639.04
2024-08-30 14:25:23,BTCUSD_PERP,bid,58900,523.6
2024-08-30 14:25:24,BTCUSD_PERP,bid,58900,581.1
2024-08-30 14:25:24,BTCUSD_PERP,bid,58900,639.45
2024-08-30 14:25:24,BTCUSD_PERP,bid,58900,697.8
2024-08-30 14:25:24,BTCUSD_PERP,bid,58900,756.15
2024-08-30 14:25:24,BTCUSD_PERP,bid,58900,813.9
2024-08-30 14:25:24,BTCUSD_PERP,bid,58900,872.25
2024-08-30 14:25:25,BTCUSD_PERP,bid,58900,930.6
2024-08-30 14:25:38,BTCUSD_PERP,bid,58900,814.5
2024-08-30 14:25:38,BTCUSD_PERP,bid,58900,697.8
2024-08-30 14:25:38,BTCUSD_PERP,bid,58900,640.05
2024-08-30 14:25:39,BTCUSD_PERP,bid,58900,581.7
2024-08-30 14:25:39,BTCUSD_PERP,bid,58900,523.35
2024-08-30 14:25:39,BTCUSD_PERP,bid,58900,534.05
2024-08-30 14:25:39,BTCUSD_PERP,bid,58900,591.84
2024-08-30 14:25:40,BTCUSD_PERP,bid,58900,649.63
2024-08-30 14:25:40,BTCUSD_PERP,bid,58900,707.42
2024-08-30 14:25:40,BTCUSD_PERP,bid,58900,824.18
2024-08-30 14:25:40,BTCUSD_PERP,bid,58900,882.56
2024-08-30 14:25:40,BTCUSD_PERP,bid,58900,998.73
2024-08-30 14:25:40,BTCUSD_PERP,bid,58900,1056.52
2024-08-30 14:25:40,BTCUSD_PERP,bid,58900,519.07
2024-08-30 14:25:40,BTCUSD_PERP,bid,58900,1114.9
2024-08-30 14:25:42,BTCUSD_PERP,bid,58900,1129.03
2024-08-30 14:25:45,BTCUSD_PERP,bid,58900,1130.26
2024-08-30 14:25:49,BTCUSD_PERP,bid,58900,1072.48
2024-08-30 14:25:49,BTCUSD_PERP,bid,58900,1014.2
2024-08-30 14:25:50,BTCUSD_PERP,bid,58900,898.03
2024-08-30 14:25:50,BTCUSD_PERP,bid,58900,839.65
2024-08-30 14:25:50,BTCUSD_PERP,bid,58900,781.27
2024-08-30 14:25:50,BTCUSD_PERP,bid,58900,722.89
2024-08-30 14:25:50,BTCUSD_PERP,bid,58900,607.31
2024-08-30 14:25:50,BTCUSD_PERP,bid,59000,533.24
2024-08-30 14:25:51,BTCUSD_PERP,bid,59000,591.66
2024-08-30 14:25:51,BTCUSD_PERP,bid,59000,707.32
2024-08-30 14:25:51,BTCUSD_PERP,bid,59000,765.74
2024-08-30 14:25:51,BTCUSD_PERP,bid,59000,882.58
2024-08-30 14:25:51,BTCUSD_PERP,bid,59000,999.42
2024-08-30 14:26:05,BTCUSD_PERP,bid,59000,941.0
2024-08-30 14:26:05,BTCUSD_PERP,bid,59000,882.58
2024-08-30 14:26:05,BTCUSD_PERP,bid,59000,707.92
2024-08-30 14:26:05,BTCUSD_PERP,bid,59000,592.26
2024-08-30 14:26:06,BTCUSD_PERP,bid,59000,523.68
2024-08-30 14:26:06,BTCUSD_PERP,bid,59000,581.54
2024-08-30 14:26:06,BTCUSD_PERP,bid,59000,639.99
2024-08-30 14:26:06,BTCUSD_PERP,bid,59000,756.89
2024-08-30 14:26:06,BTCUSD_PERP,bid,58900,519.68
2024-08-30 14:26:06,BTCUSD_PERP,bid,59000,815.24
2024-08-30 14:26:06,BTCUSD_PERP,bid,59000,932.14
2024-08-30 14:26:07,BTCUSD_PERP,bid,59000,989.99
2024-08-30 14:26:07,BTCUSD_PERP,bid,59000,1106.3
2024-08-30 14:26:07,BTCUSD_PERP,bid,58900,578.05
2024-08-30 14:26:07,BTCUSD_PERP,bid,59000,1164.75
2024-08-30 14:28:23,BTCUSD_PERP,bid,59000,1106.4
2024-08-30 14:28:24,BTCUSD_PERP,bid,58900,519.7
2024-08-30 14:28:24,BTCUSD_PERP,bid,59000,1047.95
2024-08-30 14:28:24,BTCUSD_PERP,bid,59000,990.09
2024-08-30 14:28:24,BTCUSD_PERP,bid,59000,873.79
2024-08-30 14:28:24,BTCUSD_PERP,bid,59000,815.34
2024-08-30 14:28:24,BTCUSD_PERP,bid,59000,639.99
2024-08-30 14:28:25,BTCUSD_PERP,bid,59000,525.03
2024-08-30 14:28:25,BTCUSD_PERP,bid,59000,581.54
2024-08-30 14:28:25,BTCUSD_PERP,bid,59000,523.95
2024-08-30 14:28:25,BTCUSD_PERP,bid,59000,640.32
2024-08-30 14:28:32,BTCUSD_PERP,bid,59000,640.36
2024-08-30 14:29:09,BTCUSD_PERP,bid,59000,582.17
2024-08-30 14:29:10,BTCUSD_PERP,bid,59000,524.9
2024-08-30 14:29:10,BTCUSD_PERP,bid,59000,582.76
2024-08-30 14:30:47,BTCUSD_PERP,bid,59000,582.13
2024-08-30 14:31:42,BTCUSD_PERP,bid,59000,581.83
2024-08-30 14:31:48,BTCUSD_PERP,bid,59000,524.42
2024-08-30 14:32:05,BTCUSD_PERP,bid,59000,524.0
2024-08-30 14:32:06,BTCUSD_PERP,bid,59000,640.1
2024-08-30 14:32:06,BTCUSD_PERP,bid,59000,814.89
2024-08-30 14:32:06,BTCUSD_PERP,bid,59000,931.81
2024-08-30 14:32:06,BTCUSD_PERP,bid,59000,990.27
2024-08-30 14:32:07,BTCUSD_PERP,bid,59000,1106.5
2024-08-30 14:32:07,BTCUSD_PERP,bid,59000,1164.36
2024-08-30 14:32:53,BTCUSD_PERP,bid,59000,1048.62
2024-08-30 14:32:53,BTCUSD_PERP,bid,59000,932.29
2024-08-30 14:32:53,BTCUSD_PERP,bid,59000,873.83
2024-08-30 14:32:53,BTCUSD_PERP,bid,59000,815.37
2024-08-30 14:32:53,BTCUSD_PERP,bid,59000,523.49
2024-08-30 14:32:53,BTCUSD_PERP,bid,59000,640.59
2024-08-30 14:32:53,BTCUSD_PERP,bid,59000,581.92
2024-08-30 14:32:53,BTCUSD_PERP,bid,59000,1047.49
2024-08-30 14:32:54,BTCUSD_PERP,bid,59000,1105.92
2024-08-30 14:33:20,BTCUSD_PERP,bid,59000,756.03
2024-08-30 14:33:20,BTCUSD_PERP,bid,58900,989.15
2024-08-30 14:33:20,BTCUSD_PERP,bid,58900,1047.55
2024-08-30 14:33:22,BTCUSD_PERP,bid,58900,1105.36
2024-08-30 14:34:01,BTCUSD_PERP,bid,58900,1047.55
2024-08-30 14:34:01,BTCUSD_PERP,bid,58900,930.75
2024-08-30 14:34:01,BTCUSD_PERP,bid,58900,815.13
2024-08-30 14:34:02,BTCUSD_PERP,bid,58900,757.32
2024-08-30 14:34:02,BTCUSD_PERP,bid,58900,641.22
2024-08-30 14:34:02,BTCUSD_PERP,bid,58900,524.42
2024-08-30 14:34:02,BTCUSD_PERP,bid,59000,523.48
2024-08-30 14:34:02,BTCUSD_PERP,bid,59000,581.92
2024-08-30 14:34:02,BTCUSD_PERP,bid,59000,640.36
2024-08-30 14:34:02,BTCUSD_PERP,bid,59000,698.2
2024-08-30 14:34:02,BTCUSD_PERP,bid,59000,756.64
2024-08-30 14:34:02,BTCUSD_PERP,bid,59000,814.49
2024-08-30 14:34:03,BTCUSD_PERP,bid,59000,989.81
2024-08-30 14:34:03,BTCUSD_PERP,bid,59000,1048.25
2024-08-30 14:34:03,BTCUSD_PERP,bid,59000,1048.29
2024-08-30 14:35:27,BTCUSD_PERP,bid,59000,989.85
2024-08-30 14:35:27,BTCUSD_PERP,bid,59000,815.12
2024-08-30 14:35:27,BTCUSD_PERP,bid,59000,756.68
2024-08-30 14:35:27,BTCUSD_PERP,bid,59000,698.84
2024-08-30 14:35:28,BTCUSD_PERP,bid,59000,582.06
2024-08-30 14:35:28,BTCUSD_PERP,bid,59000,524.4
2024-08-30 14:35:28,BTCUSD_PERP,bid,59000,640.63
2024-08-30 14:35:28,BTCUSD_PERP,bid,59000,756.26
2024-08-30 14:35:28,BTCUSD_PERP,bid,59000,814.67
2024-08-30 14:36:24,BTCUSD_PERP,bid,59000,523.82
2024-08-30 14:36:24,BTCUSD_PERP,bid,58900,650.12
2024-08-30 14:37:03,BTCUSD_PERP,bid,58900,591.75
2024-08-30 14:37:03,BTCUSD_PERP,bid,58900,524.42
2024-08-30 14:37:03,BTCUSD_PERP,bid,58900,526.53
2024-08-30 14:37:39,BTCUSD_PERP,bid,58900,813.29
2024-08-30 14:37:39,BTCUSD_PERP,bid,58900,871.01
2024-08-30 14:38:29,BTCUSD_PERP,bid,58900,754.39
2024-08-30 14:38:29,BTCUSD_PERP,bid,58900,638.95
2024-08-30 14:38:29,BTCUSD_PERP,bid,58900,581.23
2024-08-30 14:38:30,BTCUSD_PERP,bid,58900,523.02
2024-08-30 14:38:30,BTCUSD_PERP,bid,58900,523.19
2024-08-30 14:38:30,BTCUSD_PERP,bid,58900,580.94
2024-08-30 14:38:30,BTCUSD_PERP,bid,58900,755.96
2024-08-30 14:38:30,BTCUSD_PERP,bid,58900,814.3
2024-08-30 14:38:30,BTCUSD_PERP,bid,58900,872.05
2024-08-30 14:41:46,BTCUSD_PERP,bid,58900,813.81
2024-08-30 14:41:46,BTCUSD_PERP,bid,58900,697.72
2024-08-30 14:41:46,BTCUSD_PERP,bid,58900,639.97
2024-08-30 14:41:46,BTCUSD_PERP,bid,58900,523.88
2024-08-30 14:41:47,BTCUSD_PERP,bid,58900,522.43
2024-08-30 14:41:47,BTCUSD_PERP,bid,58900,871.7
2024-08-30 14:47:29,BTCUSD_PERP,ask,60000,519.86
2024-08-30 14:47:29,BTCUSD_PERP,ask,60000,529.45
2024-08-30 14:48:27,BTCUSD_PERP,ask,60000,523.51
2024-08-30 14:48:27,BTCUSD_PERP,ask,60000,514.01
2024-08-30 14:48:28,BTCUSD_PERP,ask,60000,504.51
2024-08-30 14:50:53,BTCUSD_PERP,ask,59900,503.75
2024-08-30 14:50:54,BTCUSD_PERP,ask,59900,529.51
2024-08-30 14:54:10,BTCUSD_PERP,bid,58700,521.5
2024-08-30 14:54:23,BTCUSD_PERP,ask,59900,502.29
2024-08-30 14:54:34,BTCUSD_PERP,bid,58700,578.83
2024-08-30 14:54:34,BTCUSD_PERP,bid,58700,637.01
2024-08-30 14:54:34,BTCUSD_PERP,bid,58700,695.19
2024-08-30 14:56:20,BTCUSD_PERP,bid,58700,637.01
2024-08-30 14:56:20,BTCUSD_PERP,bid,58700,636.62
2024-08-30 14:56:21,BTCUSD_PERP,bid,58700,694.76
2024-08-30 14:56:22,BTCUSD_PERP,bid,58700,695.99
2024-08-30 14:56:22,BTCUSD_PERP,bid,58700,712.17
2024-08-30 14:56:23,BTCUSD_PERP,bid,58700,712.21
2024-08-30 14:56:42,BTCUSD_PERP,bid,58700,654.66
2024-08-30 14:56:42,BTCUSD_PERP,bid,58700,596.52
2024-08-30 14:56:42,BTCUSD_PERP,bid,58700,538.97
2024-08-30 14:56:43,BTCUSD_PERP,bid,58700,521.73
2024-08-30 14:56:43,BTCUSD_PERP,bid,58700,579.91
2024-08-30 14:56:43,BTCUSD_PERP,bid,58700,637.49
2024-08-30 14:56:43,BTCUSD_PERP,bid,58700,695.08
2024-08-30 14:56:44,BTCUSD_PERP,bid,58700,753.26
2024-08-30 14:56:44,BTCUSD_PERP,bid,58700,810.85
2024-08-30 14:56:44,BTCUSD_PERP,bid,58700,869.03
2024-08-30 14:56:44,BTCUSD_PERP,bid,58700,927.21
2024-08-30 14:57:28,BTCUSD_PERP,bid,58700,869.63
2024-08-30 14:57:29,BTCUSD_PERP,bid,58700,811.45
2024-08-30 14:57:29,BTCUSD_PERP,bid,58700,753.86
2024-08-30 14:57:29,BTCUSD_PERP,bid,58700,695.68
2024-08-30 14:57:29,BTCUSD_PERP,bid,58700,637.5
2024-08-30 14:57:29,BTCUSD_PERP,bid,58700,579.32
2024-08-30 14:57:29,BTCUSD_PERP,bid,58700,521.74
2024-08-30 14:57:29,BTCUSD_PERP,bid,58800,521.54
2024-08-30 14:57:30,BTCUSD_PERP,bid,58800,579.75
2024-08-30 14:57:30,BTCUSD_PERP,bid,58800,754.28
2024-08-30 14:57:30,BTCUSD_PERP,bid,58800,812.49
2024-08-30 14:57:30,BTCUSD_PERP,bid,58800,870.11
2024-08-30 14:59:31,BTCUSD_PERP,ask,59900,506.32
2024-08-30 14:59:33,BTCUSD_PERP,ask,59900,512.3
2024-08-30 14:59:33,BTCUSD_PERP,ask,59900,521.87
2024-08-30 14:59:33,BTCUSD_PERP,ask,59900,531.44
2024-08-30 14:59:43,BTCUSD_PERP,bid,58700,869.0
2024-08-30 14:59:43,BTCUSD_PERP,bid,58700,927.18
2024-08-30 15:00:22,BTCUSD_PERP,ask,59900,525.46
2024-08-30 15:00:33,BTCUSD_PERP,ask,59900,519.48
2024-08-30 15:00:34,BTCUSD_PERP,ask,59900,509.91
2024-08-30 15:00:57,BTCUSD_PERP,bid,58700,869.1
2024-08-30 15:00:57,BTCUSD_PERP,bid,58700,811.52
2024-08-30 15:00:57,BTCUSD_PERP,bid,58700,753.34
2024-08-30 15:00:57,BTCUSD_PERP,bid,58700,695.16
2024-08-30 15:00:58,BTCUSD_PERP,bid,58700,637.58
2024-08-30 15:00:58,BTCUSD_PERP,bid,58700,521.82
2024-08-30 15:00:58,BTCUSD_PERP,bid,58800,522.12
2024-08-30 15:00:58,BTCUSD_PERP,bid,58800,579.74
2024-08-30 15:00:58,BTCUSD_PERP,bid,58800,637.36
2024-08-30 15:00:59,BTCUSD_PERP,bid,58800,695.57
2024-08-30 15:00:59,BTCUSD_PERP,bid,58800,753.78
2024-08-30 15:03:35,BTCUSD_PERP,bid,58800,696.16
2024-08-30 15:03:35,BTCUSD_PERP,bid,58800,637.95
2024-08-30 15:03:36,BTCUSD_PERP,bid,58800,579.74
2024-08-30 15:03:36,BTCUSD_PERP,bid,58800,522.12
2024-08-30 15:03:37,BTCUSD_PERP,bid,58800,579.98
2024-08-30 15:03:37,BTCUSD_PERP,bid,58800,638.21
2024-08-30 15:03:37,BTCUSD_PERP,bid,58800,696.44
2024-08-30 15:03:38,BTCUSD_PERP,bid,58800,696.48
2024-08-30 15:04:27,BTCUSD_PERP,bid,58800,638.25
2024-08-30 15:04:27,BTCUSD_PERP,bid,58800,579.8
2024-08-30 15:04:27,BTCUSD_PERP,bid,58800,638.02
2024-08-30 15:04:53,BTCUSD_PERP,bid,58800,579.8
2024-08-30 15:04:53,BTCUSD_PERP,bid,58700,579.4
2024-08-30 15:04:53,BTCUSD_PERP,bid,58700,694.56
2024-08-30 15:04:53,BTCUSD_PERP,bid,58700,752.74
2024-08-30 15:05:16,BTCUSD_PERP,bid,58700,694.56
2024-08-30 15:05:16,BTCUSD_PERP,bid,58700,636.98
2024-08-30 15:05:17,BTCUSD_PERP,bid,58700,579.4
2024-08-30 15:05:17,BTCUSD_PERP,bid,58800,520.95
2024-08-30 15:05:18,BTCUSD_PERP,bid,58800,636.78
2024-08-30 15:05:18,BTCUSD_PERP,bid,58800,694.99
2024-08-30 15:05:18,BTCUSD_PERP,bid,58800,753.2
2024-08-30 15:06:34,BTCUSD_PERP,bid,58800,579.16
2024-08-30 15:06:35,BTCUSD_PERP,bid,58800,522.48
2024-08-30 15:06:35,BTCUSD_PERP,bid,58800,637.79
2024-08-30 15:06:35,BTCUSD_PERP,bid,58800,696.04
2024-08-30 15:09:30,BTCUSD_PERP,bid,58800,637.79
2024-08-30 15:12:00,BTCUSD_PERP,bid,58800,522.16
2024-08-30 15:12:00,BTCUSD_PERP,bid,58800,638.13
2024-08-30 15:12:45,BTCUSD_PERP,bid,58800,521.28
2024-08-30 15:12:45,BTCUSD_PERP,bid,58800,579.53
2024-08-30 15:12:46,BTCUSD_PERP,bid,58800,637.78
2024-08-30 15:13:06,BTCUSD_PERP,ask,59900,509.65
2024-08-30 15:13:08,BTCUSD_PERP,ask,59900,519.23
2024-08-30 15:13:11,BTCUSD_PERP,ask,59900,528.81
2024-08-30 15:13:11,BTCUSD_PERP,ask,59900,538.39
2024-08-30 15:13:14,BTCUSD_PERP,ask,59900,547.97
2024-08-30 15:13:15,BTCUSD_PERP,ask,59900,557.25
2024-08-30 15:13:17,BTCUSD_PERP,ask,59900,566.83
2024-08-30 15:14:50,BTCUSD_PERP,bid,58800,522.47
2024-08-30 15:14:51,BTCUSD_PERP,bid,58800,522.14
2024-08-30 15:14:51,BTCUSD_PERP,bid,58800,580.42
2024-08-30 15:14:51,BTCUSD_PERP,bid,58800,638.7
2024-08-30 15:14:51,BTCUSD_PERP,bid,58800,696.39
2024-08-30 15:17:04,BTCUSD_PERP,bid,58800,581.02
2024-08-30 15:17:04,BTCUSD_PERP,bid,58800,522.74
2024-08-30 15:18:05,BTCUSD_PERP,bid,58900,523.29
2024-08-30 15:19:07,BTCUSD_PERP,bid,58900,523.02
2024-08-30 15:19:30,BTCUSD_PERP,bid,58800,522.72
2024-08-30 15:20:37,BTCUSD_PERP,bid,58900,523.1
2024-08-30 15:24:19,BTCUSD_PERP,bid,58900,523.65
2024-08-30 15:24:43,BTCUSD_PERP,bid,58900,523.69
2024-08-30 15:28:09,BTCUSD_PERP,bid,58900,523.65
2024-08-30 15:29:59,BTCUSD_PERP,bid,58900,523.38
2024-08-30 15:30:10,BTCUSD_PERP,bid,58900,523.42
2024-08-30 15:30:31,BTCUSD_PERP,bid,58900,523.46
2024-08-30 15:30:55,BTCUSD_PERP,bid,59000,581.6
2024-08-30 15:30:56,BTCUSD_PERP,bid,59000,697.82
2024-08-30 15:30:56,BTCUSD_PERP,bid,59000,755.63
2024-08-30 15:31:21,BTCUSD_PERP,bid,59000,697.82
2024-08-30 15:31:21,BTCUSD_PERP,bid,59000,639.51
2024-08-30 15:31:21,BTCUSD_PERP,bid,59000,581.7
2024-08-30 15:31:21,BTCUSD_PERP,bid,59000,523.89
2024-08-30 15:31:57,BTCUSD_PERP,bid,59000,524.28
2024-08-30 15:31:57,BTCUSD_PERP,bid,59000,582.73
2024-08-30 15:31:58,BTCUSD_PERP,bid,59000,641.18
2024-08-30 15:31:58,BTCUSD_PERP,bid,59000,699.63
2024-08-30 15:34:04,BTCUSD_PERP,bid,59000,582.73
2024-08-30 15:34:04,BTCUSD_PERP,bid,59000,524.28
2024-08-30 15:34:06,BTCUSD_PERP,bid,59000,534.46
2024-08-30 15:43:20,BTCUSD_PERP,bid,58800,522.1
2024-08-30 15:43:20,BTCUSD_PERP,bid,58800,522.14
2024-08-30 15:43:21,BTCUSD_PERP,bid,58800,522.18
2024-08-30 15:44:00,BTCUSD_PERP,bid,58900,523.6
2024-08-30 15:44:00,BTCUSD_PERP,bid,58900,591.23
2024-08-30 15:44:00,BTCUSD_PERP,bid,58900,649.55
2024-08-30 15:44:00,BTCUSD_PERP,bid,58900,707.87
2024-08-30 15:44:00,BTCUSD_PERP,bid,58900,765.59
2024-08-30 15:44:00,BTCUSD_PERP,bid,58900,997.1
2024-08-30 15:44:00,BTCUSD_PERP,bid,58900,1055.42
2024-08-30 15:44:00,BTCUSD_PERP,bid,58900,1056.65
2024-08-30 15:44:13,BTCUSD_PERP,bid,58900,825.15
2024-08-30 15:44:13,BTCUSD_PERP,bid,58900,767.42
2024-08-30 15:44:13,BTCUSD_PERP,bid,58900,709.1
2024-08-30 15:44:14,BTCUSD_PERP,bid,58900,650.78
2024-08-30 15:44:14,BTCUSD_PERP,bid,58900,592.46
2024-08-30 15:44:15,BTCUSD_PERP,bid,58900,523.86
2024-08-30 15:44:15,BTCUSD_PERP,bid,58900,582.21
2024-08-30 15:44:15,BTCUSD_PERP,bid,58900,639.97
2024-08-30 15:44:15,BTCUSD_PERP,bid,58900,698.32
2024-08-30 15:50:45,BTCUSD_PERP,bid,58900,928.82
2024-08-30 15:50:46,BTCUSD_PERP,bid,58900,987.14
2024-08-30 15:59:02,BTCUSD_PERP,bid,58900,928.82
2024-08-30 15:59:02,BTCUSD_PERP,bid,58900,812.78
2024-08-30 15:59:02,BTCUSD_PERP,bid,58900,755.06
2024-08-30 15:59:02,BTCUSD_PERP,bid,58900,639.12
2024-08-30 15:59:02,BTCUSD_PERP,bid,58900,523.08
2024-08-30 15:59:03,BTCUSD_PERP,bid,58900,522.68
2024-08-30 15:59:03,BTCUSD_PERP,bid,58900,696.53
2024-08-30 15:59:03,BTCUSD_PERP,bid,58900,813.23
2024-08-30 15:59:03,BTCUSD_PERP,bid,58900,929.93
2024-08-30 15:59:03,BTCUSD_PERP,bid,58900,987.68
2024-08-30 15:59:04,BTCUSD_PERP,bid,58900,987.72
2024-08-30 15:59:06,BTCUSD_PERP,bid,58900,987.76
2024-08-30 16:02:30,BTCUSD_PERP,bid,58900,987.72
2024-08-30 16:02:35,BTCUSD_PERP,bid,58900,987.68
2024-08-30 16:03:07,BTCUSD_PERP,bid,58900,523.28
2024-08-30 16:03:08,BTCUSD_PERP,bid,58900,754.77
2024-08-30 16:03:08,BTCUSD_PERP,bid,58900,813.15
2024-08-30 16:03:08,BTCUSD_PERP,bid,58900,929.81
2024-08-30 16:03:08,BTCUSD_PERP,bid,58900,988.19
2024-08-30 16:05:02,BTCUSD_PERP,bid,58900,872.61
2024-08-30 16:05:03,BTCUSD_PERP,bid,58900,814.23
2024-08-30 16:05:03,BTCUSD_PERP,bid,58900,755.85
2024-08-30 16:05:03,BTCUSD_PERP,bid,58900,698.07
2024-08-30 16:05:03,BTCUSD_PERP,bid,58900,640.29
2024-08-30 16:05:03,BTCUSD_PERP,bid,58900,524.12
2024-08-30 16:05:03,BTCUSD_PERP,bid,59000,580.51
2024-08-30 16:05:03,BTCUSD_PERP,bid,59000,638.32
2024-08-30 16:05:03,BTCUSD_PERP,bid,59000,696.73
2024-08-30 16:05:04,BTCUSD_PERP,bid,59000,755.14
2024-08-30 16:05:04,BTCUSD_PERP,bid,58900,509.92
2024-08-30 16:05:04,BTCUSD_PERP,bid,59000,871.36
2024-08-30 16:05:04,BTCUSD_PERP,bid,59000,988.08
2024-08-30 16:05:45,BTCUSD_PERP,bid,59000,930.27
2024-08-30 16:05:45,BTCUSD_PERP,bid,59000,871.86
2024-08-30 16:05:45,BTCUSD_PERP,bid,58900,889.06
2024-08-30 16:05:46,BTCUSD_PERP,bid,58900,947.44
2024-08-30 16:05:46,BTCUSD_PERP,bid,58900,509.65
2024-08-30 16:05:46,BTCUSD_PERP,bid,58900,1005.22
2024-08-30 16:06:07,BTCUSD_PERP,bid,58900,1005.81
2024-08-30 16:06:18,BTCUSD_PERP,bid,58900,889.05
2024-08-30 16:06:18,BTCUSD_PERP,bid,58900,772.99
2024-08-30 16:06:19,BTCUSD_PERP,bid,58900,714.61
2024-08-30 16:06:19,BTCUSD_PERP,bid,58900,656.83
2024-08-30 16:06:19,BTCUSD_PERP,bid,58900,599.05
2024-08-30 16:06:19,BTCUSD_PERP,bid,58900,523.23
2024-08-30 16:06:19,BTCUSD_PERP,bid,58900,638.71
2024-08-30 16:08:56,BTCUSD_PERP,bid,58900,580.38
2024-08-30 16:08:57,BTCUSD_PERP,bid,58900,531.2
2024-08-30 16:08:57,BTCUSD_PERP,bid,58900,589.57
2024-08-30 16:10:23,BTCUSD_PERP,ask,60100,500.49
2024-08-30 16:10:23,BTCUSD_PERP,ask,60100,510.09
2024-08-30 16:10:27,BTCUSD_PERP,ask,60100,516.09
2024-08-30 16:10:30,BTCUSD_PERP,ask,60100,525.69
2024-08-30 16:10:31,BTCUSD_PERP,ask,60100,535.29
2024-08-30 16:10:32,BTCUSD_PERP,ask,60100,544.59
2024-08-30 16:10:35,BTCUSD_PERP,ask,60100,550.59
2024-08-30 16:10:37,BTCUSD_PERP,ask,60100,556.59
2024-08-30 16:10:41,BTCUSD_PERP,ask,60100,562.59
2024-08-30 16:10:57,BTCUSD_PERP,bid,58900,531.2
2024-08-30 16:13:15,BTCUSD_PERP,bid,59500,1009.47
2024-08-30 16:13:15,BTCUSD_PERP,bid,59500,1011.51
2024-08-30 16:13:15,BTCUSD_PERP,bid,59500,1004.23
2024-08-30 16:13:16,BTCUSD_PERP,bid,59500,1004.22
2024-08-30 16:13:17,BTCUSD_PERP,bid,59500,1002.72
2024-08-30 16:13:18,BTCUSD_PERP,bid,59500,1002.04
2024-08-30 16:13:19,BTCUSD_PERP,bid,59500,1001.69
2024-08-30 16:13:22,BTCUSD_PERP,bid,59500,1002.44
2024-08-30 16:13:23,BTCUSD_PERP,bid,59500,1002.19
2024-08-30 16:13:23,BTCUSD_PERP,bid,59500,1001.69
2024-08-30 16:13:26,BTCUSD_PERP,bid,59000,523.9
2024-08-30 16:13:26,BTCUSD_PERP,bid,59000,591.72
2024-08-30 16:13:26,BTCUSD_PERP,bid,59000,708.66
2024-08-30 16:15:14,BTCUSD_PERP,bid,59000,650.19
2024-08-30 16:15:16,BTCUSD_PERP,bid,59000,525.44
2024-08-30 16:15:16,BTCUSD_PERP,bid,59000,533.84
2024-08-30 16:15:16,BTCUSD_PERP,bid,58900,519.43
2024-08-30 16:15:16,BTCUSD_PERP,bid,59000,522.95
2024-08-30 16:15:16,BTCUSD_PERP,bid,59000,581.4
2024-08-30 16:15:17,BTCUSD_PERP,bid,59000,639.25
2024-08-30 16:18:50,BTCUSD_PERP,bid,58900,509.59
2024-08-30 16:18:50,BTCUSD_PERP,bid,59000,881.95
2024-08-30 16:18:50,BTCUSD_PERP,bid,58900,567.9
2024-08-30 16:19:15,BTCUSD_PERP,bid,58900,509.98
2024-08-30 16:23:56,BTCUSD_PERP,bid,59000,533.93
2024-08-30 16:33:10,BTCUSD_PERP,bid,58900,521.88
2024-08-30 16:40:09,BTCUSD_PERP,bid,59000,535.06
2024-08-30 16:40:35,BTCUSD_PERP,bid,59100,525.41
2024-08-30 16:40:35,BTCUSD_PERP,bid,59100,583.92
2024-08-30 16:40:36,BTCUSD_PERP,bid,59100,700.35
2024-08-30 16:40:36,BTCUSD_PERP,bid,59100,758.27
2024-08-30 16:40:36,BTCUSD_PERP,bid,59000,510.39
2024-08-30 16:42:42,BTCUSD_PERP,bid,59100,641.25
2024-08-30 16:42:42,BTCUSD_PERP,ask,60300,528.51
2024-08-30 16:42:42,BTCUSD_PERP,bid,59100,583.33
2024-08-30 16:42:51,BTCUSD_PERP,bid,59100,524.82
2024-08-30 16:42:51,BTCUSD_PERP,bid,59100,525.09
2024-08-30 16:42:52,BTCUSD_PERP,bid,59100,700.71
2024-08-30 16:42:52,BTCUSD_PERP,bid,59100,758.66
2024-08-30 16:42:52,BTCUSD_PERP,bid,59000,510.64
2024-08-30 16:43:04,BTCUSD_PERP,ask,60300,508.81
2024-08-30 16:43:07,BTCUSD_PERP,ask,60300,502.85
2024-08-30 16:47:04,BTCUSD_PERP,bid,59100,642.17
2024-08-30 16:47:04,BTCUSD_PERP,bid,59100,525.09
2024-08-30 16:47:05,BTCUSD_PERP,bid,59000,510.39
2024-08-30 16:47:05,BTCUSD_PERP,bid,59100,583.31
2024-08-30 16:47:05,BTCUSD_PERP,bid,59100,641.82
2024-08-30 16:47:06,BTCUSD_PERP,bid,59100,699.74
2024-08-30 16:48:53,BTCUSD_PERP,bid,59100,641.82
2024-08-30 16:48:56,BTCUSD_PERP,bid,59100,641.56
2024-08-30 16:48:56,BTCUSD_PERP,bid,59000,510.65
2024-08-30 16:48:56,BTCUSD_PERP,bid,59100,700.1
2024-08-30 16:49:32,BTCUSD_PERP,bid,59100,641.56
2024-08-30 16:49:33,BTCUSD_PERP,bid,59100,524.79
2024-08-30 16:49:34,BTCUSD_PERP,bid,59000,510.38
2024-08-30 16:49:34,BTCUSD_PERP,bid,59100,641.22
2024-08-30 16:49:34,BTCUSD_PERP,bid,59100,699.73
2024-08-30 16:49:39,BTCUSD_PERP,bid,59100,699.77
2024-08-30 16:51:15,BTCUSD_PERP,bid,59100,641.26
2024-08-30 16:51:15,BTCUSD_PERP,bid,59100,582.75
