2024-09-13 07:00:22,SOLUSDT,bid,132,19003.0
2024-09-13 07:00:39,SOLUSDT,bid,128,7854.0
2024-09-13 07:01:31,SOLUSDT,bid,130,26141.0
2024-09-13 07:01:38,SOLUSDT,ask,138,10240.0
2024-09-13 07:02:05,SOLUSDT,bid,128,7843.0
2024-09-13 07:03:25,SOLUSDT,ask,138,10235.0
2024-09-13 07:03:27,SOLUSDT,bid,120,12573.0
2024-09-13 07:04:20,SOLUSDT,bid,120,12532.0
2024-09-13 07:05:55,SOLUSDT,bid,128,7838.0
2024-09-13 07:06:36,SOLUSDT,ask,138,10262.0
2024-09-13 07:07:01,SOLUSDT,ask,144,36568.0
2024-09-13 07:07:28,SOLUSDT,bid,125,15068.0
2024-09-13 07:07:28,SOLUSDT,ask,138,10252.0
2024-09-13 07:08:39,SOLUSDT,bid,125,15070.0
2024-09-13 07:09:21,SOLUSDT,bid,130,25866.0
2024-09-13 07:09:45,SOLUSDT,ask,139,7616.0
2024-09-13 07:09:55,SOLUSDT,bid,130,25868.0
2024-09-13 07:10:07,SOLUSDT,ask,138,10216.0
2024-09-13 07:10:41,SOLUSDT,bid,132,19004.0
2024-09-13 07:10:41,SOLUSDT,ask,138,10217.0
2024-09-13 07:11:41,SOLUSDT,bid,120,12530.0
2024-09-13 07:11:41,SOLUSDT,bid,128,7836.0
2024-09-13 07:11:41,SOLUSDT,ask,144,36567.0
2024-09-13 07:11:57,SOLUSDT,ask,140,7264.0
2024-09-13 07:12:27,SOLUSDT,bid,132,10270.0
2024-09-13 07:12:28,SOLUSDT,bid,134,8236.0
2024-09-13 07:12:28,SOLUSDT,ask,139,10268.0
2024-09-13 07:12:28,SOLUSDT,ask,137,8212.0
2024-09-13 07:12:35,SOLUSDT,bid,120,12522.0
2024-09-13 07:14:08,SOLUSDT,bid,125,15069.0
2024-09-13 07:14:08,SOLUSDT,ask,139,7615.0
2024-09-13 07:14:08,SOLUSDT,ask,146,17591.0
2024-09-13 07:14:28,SOLUSDT,ask,138,10218.0
2024-09-13 07:14:29,SOLUSDT,ask,138,10225.0
2024-09-13 07:14:36,SOLUSDT,ask,139,7610.0
2024-09-13 07:14:37,SOLUSDT,ask,139,7611.0
2024-09-13 07:14:59,SOLUSDT,ask,138,10215.0
2024-09-13 07:16:04,SOLUSDT,ask,139,7608.0
2024-09-13 07:16:24,SOLUSDT,ask,138,10194.0
2024-09-13 07:16:43,SOLUSDT,bid,120,12520.0
2024-09-13 07:17:22,SOLUSDT,bid,125,15065.0
2024-09-13 07:17:24,SOLUSDT,bid,131,10278.0
2024-09-13 07:17:25,SOLUSDT,bid,134,8211.0
2024-09-13 07:17:25,SOLUSDT,ask,139,10281.0
2024-09-13 07:17:26,SOLUSDT,ask,137,8212.0
2024-09-13 07:17:41,SOLUSDT,bid,131,10304.0
2024-09-13 07:18:00,SOLUSDT,bid,128,7861.0
2024-09-13 07:18:26,SOLUSDT,ask,138,10144.0
2024-09-13 07:19:12,SOLUSDT,ask,138,10145.0
2024-09-13 07:19:13,SOLUSDT,bid,134,8252.0
2024-09-13 07:19:15,SOLUSDT,ask,145,20437.0
2024-09-13 07:19:15,SOLUSDT,ask,145,20440.0
2024-09-13 07:19:40,SOLUSDT,bid,125,15070.0
2024-09-13 07:20:16,SOLUSDT,bid,130,25869.0
2024-09-13 07:20:27,SOLUSDT,bid,130,25870.0
2024-09-13 07:20:27,SOLUSDT,ask,140,7262.0
2024-09-13 07:21:14,SOLUSDT,bid,130,25869.0
2024-09-13 07:21:44,SOLUSDT,ask,138,10148.0
2024-09-13 07:22:00,SOLUSDT,ask,138,10145.0
2024-09-13 07:22:05,SOLUSDT,bid,130,25893.0
2024-09-13 07:22:14,SOLUSDT,bid,110,26732.0
2024-09-13 07:22:24,SOLUSDT,ask,138,10406.0
2024-09-13 07:22:26,SOLUSDT,bid,131,10268.0
2024-09-13 07:22:26,SOLUSDT,bid,134,8244.0
2024-09-13 07:22:26,SOLUSDT,ask,139,10264.0
2024-09-13 07:22:36,SOLUSDT,bid,122,16108.0
2024-09-13 07:23:03,SOLUSDT,bid,125,15058.0
2024-09-13 07:23:03,SOLUSDT,ask,138,10407.0
2024-09-13 07:23:23,SOLUSDT,bid,134,8212.0
2024-09-13 07:23:31,SOLUSDT,bid,130,25915.0
2024-09-13 07:23:53,SOLUSDT,bid,130,25925.0
2024-09-13 07:23:55,SOLUSDT,bid,130,25926.0
2024-09-13 07:24:05,SOLUSDT,ask,138,10405.0
2024-09-13 07:24:05,SOLUSDT,ask,139,7605.0
2024-09-13 07:24:05,SOLUSDT,ask,140,7259.0
2024-09-13 07:24:05,SOLUSDT,ask,145,20439.0
2024-09-13 07:24:05,SOLUSDT,ask,145,13963.0
2024-09-13 07:24:05,SOLUSDT,ask,146,17589.0
2024-09-13 07:24:05,SOLUSDT,ask,147,8587.0
2024-09-13 07:24:06,SOLUSDT,bid,125,15043.0
2024-09-13 07:24:08,SOLUSDT,ask,145,20438.0
2024-09-13 07:24:11,SOLUSDT,bid,130,25925.0
2024-09-13 07:24:39,SOLUSDT,bid,130,25948.0
2024-09-13 07:25:01,SOLUSDT,bid,134,8239.0
2024-09-13 07:26:05,SOLUSDT,ask,138,10393.0
2024-09-13 07:26:24,SOLUSDT,ask,140,7251.0
2024-09-13 07:26:40,SOLUSDT,ask,140,7250.0
2024-09-13 07:26:55,SOLUSDT,ask,138,10395.0
2024-09-13 07:26:58,SOLUSDT,ask,138,10148.0
2024-09-13 07:27:04,SOLUSDT,ask,139,7607.0
2024-09-13 07:27:08,SOLUSDT,bid,130,25924.0
2024-09-13 07:27:14,SOLUSDT,ask,139,7609.0
2024-09-13 07:27:14,SOLUSDT,ask,140,7248.0
2024-09-13 07:27:27,SOLUSDT,bid,134,8249.0
2024-09-13 07:27:50,SOLUSDT,bid,134,8239.0
2024-09-13 07:27:57,SOLUSDT,ask,140,7298.0
2024-09-13 07:27:58,SOLUSDT,bid,130,25944.0
2024-09-13 07:28:00,SOLUSDT,ask,139,7608.0
2024-09-13 07:28:00,SOLUSDT,ask,139,7607.0
2024-09-13 07:28:01,SOLUSDT,bid,134,8222.0
2024-09-13 07:28:09,SOLUSDT,ask,145,20623.0
2024-09-13 07:28:15,SOLUSDT,ask,140,7405.0
2024-09-13 07:28:18,SOLUSDT,ask,145,20622.0
2024-09-13 07:29:20,SOLUSDT,bid,110,26725.0
2024-09-13 07:29:20,SOLUSDT,bid,120,12518.0
2024-09-13 07:29:25,SOLUSDT,bid,130,25956.0
2024-09-13 07:29:51,SOLUSDT,ask,140,7298.0
2024-09-13 07:30:01,SOLUSDT,bid,134,8212.0
2024-09-13 07:30:03,SOLUSDT,ask,144,36568.0
2024-09-13 07:30:07,SOLUSDT,bid,125,15047.0
2024-09-13 07:30:08,SOLUSDT,bid,110,26729.0
2024-09-13 07:30:18,SOLUSDT,ask,138,10114.0
2024-09-13 07:30:24,SOLUSDT,bid,130,25976.0
2024-09-13 07:30:39,SOLUSDT,bid,125,15048.0
2024-09-13 07:30:57,SOLUSDT,ask,139,7614.0
2024-09-13 07:31:01,SOLUSDT,bid,125,15047.0
2024-09-13 07:31:12,SOLUSDT,ask,138,10078.0
2024-09-13 07:31:36,SOLUSDT,bid,131,10266.0
2024-09-13 07:31:36,SOLUSDT,bid,134,8211.0
2024-09-13 07:31:37,SOLUSDT,ask,139,10264.0
2024-09-13 07:32:08,SOLUSDT,ask,138,10070.0
2024-09-13 07:32:31,SOLUSDT,bid,130,25996.0
2024-09-13 07:32:36,SOLUSDT,bid,125,15067.0
2024-09-13 07:32:39,SOLUSDT,bid,120,12538.0
2024-09-13 07:32:42,SOLUSDT,bid,131,10268.0
2024-09-13 07:32:42,SOLUSDT,bid,134,8211.0
2024-09-13 07:32:42,SOLUSDT,ask,139,10264.0
2024-09-13 07:32:43,SOLUSDT,ask,137,8213.0
2024-09-13 07:32:44,SOLUSDT,bid,115,13028.0
2024-09-13 07:32:48,SOLUSDT,bid,110,26749.0
2024-09-13 07:32:55,SOLUSDT,bid,110,26729.0
2024-09-13 07:33:49,SOLUSDT,bid,130,25997.0
2024-09-13 07:33:52,SOLUSDT,ask,138,10099.0
2024-09-13 07:35:02,SOLUSDT,bid,132,18988.0
2024-09-13 07:35:52,SOLUSDT,ask,145,13963.0
2024-09-13 07:36:26,SOLUSDT,bid,131,10272.0
2024-09-13 07:36:26,SOLUSDT,ask,139,10269.0
2024-09-13 07:36:35,SOLUSDT,bid,122,16108.0
2024-09-13 07:36:36,SOLUSDT,bid,122,16108.0
2024-09-13 07:36:50,SOLUSDT,bid,130,26001.0
2024-09-13 07:37:17,SOLUSDT,bid,130,25989.0
2024-09-13 07:37:28,SOLUSDT,bid,130,25990.0
2024-09-13 07:37:45,SOLUSDT,ask,138,10101.0
2024-09-13 07:38:09,SOLUSDT,bid,131,10265.0
2024-09-13 07:38:09,SOLUSDT,ask,138,10104.0
2024-09-13 07:39:43,SOLUSDT,bid,130,25991.0
2024-09-13 07:40:19,SOLUSDT,ask,138,10132.0
2024-09-13 07:40:49,SOLUSDT,bid,130,25990.0
2024-09-13 07:40:53,SOLUSDT,ask,138,10125.0
2024-09-13 07:41:35,SOLUSDT,bid,132,10285.0
2024-09-13 07:41:35,SOLUSDT,bid,134,8211.0
2024-09-13 07:41:35,SOLUSDT,ask,139,10264.0
2024-09-13 07:41:35,SOLUSDT,ask,137,8211.0
2024-09-13 07:42:36,SOLUSDT,bid,120,12541.0
2024-09-13 07:42:57,SOLUSDT,bid,115,13031.0
2024-09-13 07:43:56,SOLUSDT,bid,115,13011.0
2024-09-13 07:43:56,SOLUSDT,bid,120,12521.0
2024-09-13 07:43:56,SOLUSDT,bid,125,15047.0
2024-09-13 07:43:56,SOLUSDT,bid,130,25970.0
2024-09-13 07:45:51,SOLUSDT,bid,132,18987.0
2024-09-13 07:47:06,SOLUSDT,ask,138,10128.0
2024-09-13 07:47:09,SOLUSDT,ask,138,10122.0
2024-09-13 07:47:25,SOLUSDT,ask,140,7301.0
2024-09-13 07:47:33,SOLUSDT,ask,145,20623.0
2024-09-13 07:47:40,SOLUSDT,bid,112,15198.0
2024-09-13 07:47:42,SOLUSDT,bid,120,12511.0
2024-09-13 07:47:49,SOLUSDT,ask,145,20622.0
2024-09-13 07:48:23,SOLUSDT,ask,139,7671.0
2024-09-13 07:48:29,SOLUSDT,ask,139,7707.0
2024-09-13 07:48:56,SOLUSDT,bid,130,25975.0
2024-09-13 07:48:56,SOLUSDT,ask,156,12776.0
2024-09-13 07:49:05,SOLUSDT,ask,156,12768.0
2024-09-13 07:49:22,SOLUSDT,bid,130,25939.0
2024-09-13 07:49:53,SOLUSDT,ask,139,7650.0
2024-09-13 07:50:05,SOLUSDT,ask,139,7614.0
2024-09-13 07:50:22,SOLUSDT,bid,120,12503.0
2024-09-13 07:50:29,SOLUSDT,ask,138,10119.0
2024-09-13 07:50:53,SOLUSDT,ask,140,7303.0
2024-09-13 07:50:55,SOLUSDT,ask,140,7304.0
2024-09-13 07:50:59,SOLUSDT,bid,128,7870.0
2024-09-13 07:51:22,SOLUSDT,bid,134,8218.0
2024-09-13 07:51:36,SOLUSDT,bid,125,15052.0
2024-09-13 07:51:53,SOLUSDT,bid,120,12502.0
2024-09-13 07:52:01,SOLUSDT,bid,91,56386.0
2024-09-13 07:52:01,SOLUSDT,bid,91,56437.0
2024-09-13 07:52:27,SOLUSDT,bid,131,10274.0
2024-09-13 07:52:27,SOLUSDT,bid,134,8214.0
2024-09-13 07:52:27,SOLUSDT,ask,139,10264.0
2024-09-13 07:52:27,SOLUSDT,ask,137,8214.0
2024-09-13 07:53:08,SOLUSDT,ask,136,18303.0
2024-09-13 07:53:10,SOLUSDT,ask,136,18302.0
2024-09-13 07:54:02,SOLUSDT,ask,138,10261.0
2024-09-13 07:54:39,SOLUSDT,bid,134,8227.0
2024-09-13 07:55:02,SOLUSDT,ask,139,7634.0
2024-09-13 07:55:03,SOLUSDT,ask,139,7652.0
2024-09-13 07:55:11,SOLUSDT,ask,139,7647.0
2024-09-13 07:55:11,SOLUSDT,bid,134,8245.0
2024-09-13 07:55:25,SOLUSDT,ask,137,8224.0
2024-09-13 07:55:31,SOLUSDT,ask,137,8214.0
2024-09-13 07:55:52,SOLUSDT,ask,146,17548.0
2024-09-13 07:56:04,SOLUSDT,bid,131,10285.0
2024-09-13 07:56:04,SOLUSDT,bid,134,8211.0
2024-09-13 07:56:05,SOLUSDT,ask,139,10264.0
2024-09-13 07:56:05,SOLUSDT,ask,136,8574.0
2024-09-13 07:56:53,SOLUSDT,bid,132,18994.0
2024-09-13 07:57:09,SOLUSDT,bid,132,18987.0
2024-09-13 07:57:28,SOLUSDT,bid,110,26724.0
2024-09-13 07:58:26,SOLUSDT,bid,130,25940.0
2024-09-13 07:58:40,SOLUSDT,bid,112,15194.0
2024-09-13 07:59:10,SOLUSDT,ask,139,7609.0
2024-09-13 07:59:20,SOLUSDT,bid,120,12500.0
2024-09-13 07:59:37,SOLUSDT,bid,130,25949.0
2024-09-13 07:59:47,SOLUSDT,bid,130,25948.0
2024-09-13 08:00:48,SOLUSDT,ask,138,10233.0
2024-09-13 08:01:44,SOLUSDT,ask,136,8574.0
2024-09-13 08:02:29,SOLUSDT,bid,131,10264.0
2024-09-13 08:02:29,SOLUSDT,bid,134,8214.0
2024-09-13 08:02:29,SOLUSDT,ask,139,10273.0
2024-09-13 08:02:29,SOLUSDT,ask,136,8211.0
2024-09-13 08:02:33,SOLUSDT,bid,115,13001.0
2024-09-13 08:03:01,SOLUSDT,ask,140,7343.0
2024-09-13 08:03:12,SOLUSDT,bid,125,15109.0
2024-09-13 08:03:59,SOLUSDT,ask,145,20435.0
2024-09-13 08:04:01,SOLUSDT,ask,145,20439.0
2024-09-13 08:04:10,SOLUSDT,ask,145,20428.0
2024-09-13 08:04:12,SOLUSDT,bid,125,15052.0
2024-09-13 08:04:26,SOLUSDT,bid,132,18983.0
2024-09-13 08:04:29,SOLUSDT,bid,130,25946.0
2024-09-13 08:04:39,SOLUSDT,bid,130,25945.0
2024-09-13 08:04:42,SOLUSDT,ask,144,36567.0
2024-09-13 08:04:54,SOLUSDT,bid,130,25946.0
2024-09-13 08:04:54,SOLUSDT,ask,138,10234.0
2024-09-13 08:04:54,SOLUSDT,ask,139,7610.0
2024-09-13 08:04:54,SOLUSDT,ask,140,7343.0
2024-09-13 08:05:29,SOLUSDT,bid,128,7847.0
2024-09-13 08:05:34,SOLUSDT,ask,138,10228.0
2024-09-13 08:05:51,SOLUSDT,bid,130,25948.0
2024-09-13 08:06:20,SOLUSDT,bid,131,7642.0
2024-09-13 08:06:22,SOLUSDT,ask,138,10226.0
2024-09-13 08:06:28,SOLUSDT,bid,130,25952.0
2024-09-13 08:06:29,SOLUSDT,bid,130,25959.0
2024-09-13 08:06:34,SOLUSDT,bid,128,7848.0
2024-09-13 08:06:52,SOLUSDT,bid,130,25961.0
2024-09-13 08:06:56,SOLUSDT,bid,128,7849.0
2024-09-13 08:06:56,SOLUSDT,bid,130,25962.0
2024-09-13 08:07:02,SOLUSDT,bid,125,15050.0
2024-09-13 08:07:03,SOLUSDT,ask,145,20427.0
2024-09-13 08:07:16,SOLUSDT,ask,140,7336.0
2024-09-13 08:07:17,SOLUSDT,bid,130,25961.0
2024-09-13 08:07:22,SOLUSDT,bid,128,7866.0
2024-09-13 08:07:24,SOLUSDT,bid,130,25954.0
2024-09-13 08:07:33,SOLUSDT,ask,139,7595.0
2024-09-13 08:07:33,SOLUSDT,ask,138,10276.0
2024-09-13 08:07:36,SOLUSDT,bid,130,25956.0
2024-09-13 08:07:40,SOLUSDT,bid,130,25957.0
2024-09-13 08:07:42,SOLUSDT,bid,120,12503.0
2024-09-13 08:07:53,SOLUSDT,bid,134,8215.0
2024-09-13 08:07:54,SOLUSDT,bid,134,8214.0
2024-09-13 08:08:13,SOLUSDT,bid,131,7644.0
2024-09-13 08:08:30,SOLUSDT,bid,134,8215.0
2024-09-13 08:08:32,SOLUSDT,bid,134,8214.0
2024-09-13 08:08:37,SOLUSDT,ask,145,20423.0
2024-09-13 08:08:37,SOLUSDT,ask,145,20428.0
2024-09-13 08:09:01,SOLUSDT,bid,134,8287.0
2024-09-13 08:09:01,SOLUSDT,bid,131,7640.0
2024-09-13 08:09:01,SOLUSDT,bid,134,8214.0
2024-09-13 08:09:05,SOLUSDT,bid,134,8215.0
2024-09-13 08:09:05,SOLUSDT,bid,134,8214.0
2024-09-13 08:09:07,SOLUSDT,bid,134,8215.0
2024-09-13 08:09:08,SOLUSDT,bid,134,8214.0
2024-09-13 08:09:17,SOLUSDT,bid,134,8215.0
2024-09-13 08:09:19,SOLUSDT,bid,134,8214.0
2024-09-13 08:09:32,SOLUSDT,bid,130,25937.0
2024-09-13 08:09:55,SOLUSDT,bid,132,19023.0
2024-09-13 08:09:57,SOLUSDT,bid,130,25933.0
2024-09-13 08:10:08,SOLUSDT,ask,138,9975.0
2024-09-13 08:10:12,SOLUSDT,bid,130,25932.0
2024-09-13 08:10:12,SOLUSDT,bid,131,7639.0
2024-09-13 08:10:12,SOLUSDT,ask,138,9974.0
2024-09-13 08:10:12,SOLUSDT,ask,139,7295.0
2024-09-13 08:10:13,SOLUSDT,bid,130,25924.0
2024-09-13 08:10:19,SOLUSDT,bid,131,7641.0
2024-09-13 08:10:28,SOLUSDT,ask,146,16984.0
2024-09-13 08:10:40,SOLUSDT,bid,125,15051.0
2024-09-13 08:10:40,SOLUSDT,ask,145,20429.0
2024-09-13 08:10:52,SOLUSDT,bid,130,25928.0
2024-09-13 08:10:56,SOLUSDT,bid,131,7640.0
2024-09-13 08:11:13,SOLUSDT,bid,134,8215.0
2024-09-13 08:11:13,SOLUSDT,bid,134,8214.0
2024-09-13 08:11:17,SOLUSDT,bid,134,8215.0
2024-09-13 08:11:17,SOLUSDT,bid,134,8214.0
2024-09-13 08:11:19,SOLUSDT,bid,134,8215.0
2024-09-13 08:11:20,SOLUSDT,bid,134,8214.0
2024-09-13 08:11:20,SOLUSDT,bid,134,8215.0
2024-09-13 08:11:21,SOLUSDT,bid,134,8214.0
2024-09-13 08:11:26,SOLUSDT,bid,134,8215.0
2024-09-13 08:11:29,SOLUSDT,bid,132,18983.0
2024-09-13 08:12:27,SOLUSDT,bid,130,10361.0
2024-09-13 08:12:27,SOLUSDT,bid,133,8211.0
2024-09-13 08:12:27,SOLUSDT,ask,139,10276.0
2024-09-13 08:12:27,SOLUSDT,ask,136,8212.0
2024-09-13 08:12:32,SOLUSDT,bid,128,7841.0
2024-09-13 08:12:33,SOLUSDT,bid,90,59065.0
2024-09-13 08:12:49,SOLUSDT,bid,132,18986.0
2024-09-13 08:12:53,SOLUSDT,bid,130,10264.0
2024-09-13 08:12:53,SOLUSDT,bid,132,8212.0
2024-09-13 08:12:53,SOLUSDT,ask,138,10264.0
2024-09-13 08:12:54,SOLUSDT,ask,136,8215.0
2024-09-13 08:13:11,SOLUSDT,bid,128,7834.0
2024-09-13 08:13:50,SOLUSDT,ask,139,7286.0
2024-09-13 08:13:50,SOLUSDT,bid,132,8243.0
2024-09-13 08:13:54,SOLUSDT,ask,138,9975.0
2024-09-13 08:14:00,SOLUSDT,bid,132,8212.0
2024-09-13 08:14:01,SOLUSDT,bid,130,25934.0
2024-09-13 08:14:19,SOLUSDT,bid,128,7819.0
2024-09-13 08:14:43,SOLUSDT,ask,138,9970.0
2024-09-13 08:14:43,SOLUSDT,bid,130,10266.0
2024-09-13 08:14:44,SOLUSDT,bid,130,25935.0
2024-09-13 08:14:47,SOLUSDT,bid,132,19023.0
2024-09-13 08:14:54,SOLUSDT,bid,130,10264.0
2024-09-13 08:15:10,SOLUSDT,bid,130,25950.0
2024-09-13 08:15:17,SOLUSDT,bid,130,25951.0
2024-09-13 08:15:28,SOLUSDT,bid,131,7705.0
2024-09-13 08:15:28,SOLUSDT,bid,131,7777.0
2024-09-13 08:15:40,SOLUSDT,bid,130,25982.0
2024-09-13 08:15:44,SOLUSDT,bid,128,7818.0
2024-09-13 08:16:15,SOLUSDT,bid,130,25983.0
2024-09-13 08:17:02,SOLUSDT,bid,131,7762.0
2024-09-13 08:17:22,SOLUSDT,ask,138,10264.0
2024-09-13 08:17:23,SOLUSDT,ask,138,9972.0
2024-09-13 08:17:23,SOLUSDT,ask,136,8220.0
2024-09-13 08:17:23,SOLUSDT,bid,132,19030.0
2024-09-13 08:17:26,SOLUSDT,ask,145,20424.0
2024-09-13 08:17:27,SOLUSDT,ask,145,20431.0
2024-09-13 08:17:37,SOLUSDT,ask,138,9922.0
2024-09-13 08:17:39,SOLUSDT,bid,132,19023.0
2024-09-13 08:17:44,SOLUSDT,bid,125,15049.0
2024-09-13 08:17:44,SOLUSDT,bid,128,7816.0
2024-09-13 08:17:44,SOLUSDT,bid,131,7760.0
2024-09-13 08:17:44,SOLUSDT,ask,136,8218.0
2024-09-13 08:17:53,SOLUSDT,bid,130,26082.0
2024-09-13 08:17:53,SOLUSDT,bid,132,18986.0
2024-09-13 08:18:00,SOLUSDT,bid,128,7817.0
2024-09-13 08:18:05,SOLUSDT,bid,131,7767.0
2024-09-13 08:18:21,SOLUSDT,bid,131,7760.0
2024-09-13 08:18:28,SOLUSDT,bid,131,7684.0
2024-09-13 08:18:30,SOLUSDT,bid,130,26078.0
2024-09-13 08:18:49,SOLUSDT,bid,131,7677.0
2024-09-13 08:19:12,SOLUSDT,bid,130,26079.0
2024-09-13 08:19:19,SOLUSDT,ask,138,9921.0
2024-09-13 08:19:34,SOLUSDT,ask,139,7195.0
2024-09-13 08:19:57,SOLUSDT,bid,130,25953.0
2024-09-13 08:19:59,SOLUSDT,bid,131,7685.0
2024-09-13 08:20:57,SOLUSDT,ask,138,10007.0
2024-09-13 08:21:34,SOLUSDT,ask,138,9921.0
2024-09-13 08:21:36,SOLUSDT,bid,130,10269.0
2024-09-13 08:21:36,SOLUSDT,bid,133,8220.0
2024-09-13 08:21:36,SOLUSDT,ask,138,10300.0
2024-09-13 08:22:30,SOLUSDT,bid,130,25955.0
2024-09-13 08:22:32,SOLUSDT,bid,130,25952.0
2024-09-13 08:22:34,SOLUSDT,bid,130,25953.0
2024-09-13 08:23:01,SOLUSDT,bid,91,56428.0
2024-09-13 08:23:01,SOLUSDT,bid,91,56377.0
2024-09-13 08:23:01,SOLUSDT,bid,133,8218.0
2024-09-13 08:24:08,SOLUSDT,bid,130,25951.0
2024-09-13 08:25:17,SOLUSDT,bid,128,7816.0
2024-09-13 08:25:30,SOLUSDT,ask,138,10264.0
2024-09-13 08:25:34,SOLUSDT,bid,125,14932.0
2024-09-13 08:26:00,SOLUSDT,bid,128,7817.0
2024-09-13 08:26:02,SOLUSDT,bid,128,7818.0
2024-09-13 08:26:02,SOLUSDT,bid,128,7819.0
2024-09-13 08:26:03,SOLUSDT,bid,120,12507.0
2024-09-13 08:26:06,SOLUSDT,bid,128,7818.0
2024-09-13 08:26:08,SOLUSDT,bid,128,7817.0
2024-09-13 08:26:08,SOLUSDT,bid,128,7816.0
2024-09-13 08:26:24,SOLUSDT,bid,112,15200.0
2024-09-13 08:26:45,SOLUSDT,ask,147,8441.0
2024-09-13 08:27:43,SOLUSDT,bid,130,25960.0
2024-09-13 08:28:09,SOLUSDT,bid,130,25965.0
2024-09-13 08:28:47,SOLUSDT,bid,130,26165.0
2024-09-13 08:28:53,SOLUSDT,bid,130,26175.0
2024-09-13 08:29:02,SOLUSDT,ask,138,9960.0
2024-09-13 08:29:58,SOLUSDT,bid,125,14931.0
2024-09-13 08:29:58,SOLUSDT,ask,145,20430.0
2024-09-13 08:30:05,SOLUSDT,bid,133,8314.0
2024-09-13 08:30:05,SOLUSDT,bid,133,8218.0
2024-09-13 08:31:33,SOLUSDT,bid,110,26716.0
2024-09-13 08:31:34,SOLUSDT,bid,112,15194.0
2024-09-13 08:31:35,SOLUSDT,bid,115,12998.0
2024-09-13 08:31:36,SOLUSDT,bid,120,12504.0
2024-09-13 08:31:37,SOLUSDT,bid,122,16107.0
2024-09-13 08:31:39,SOLUSDT,bid,125,14930.0
2024-09-13 08:31:39,SOLUSDT,bid,130,26174.0
2024-09-13 08:31:43,SOLUSDT,bid,120,12503.0
2024-09-13 08:31:43,SOLUSDT,bid,122,16106.0
2024-09-13 08:31:51,SOLUSDT,bid,130,26203.0
2024-09-13 08:32:07,SOLUSDT,bid,130,26204.0
2024-09-13 08:32:31,SOLUSDT,bid,120,12528.0
2024-09-13 08:33:30,SOLUSDT,bid,130,26205.0
2024-09-13 08:34:05,SOLUSDT,bid,130,26202.0
2024-09-13 08:34:15,SOLUSDT,bid,132,19026.0
2024-09-13 08:34:20,SOLUSDT,bid,120,12520.0
2024-09-13 08:34:25,SOLUSDT,bid,132,18986.0
2024-09-13 08:34:33,SOLUSDT,bid,130,26203.0
2024-09-13 08:35:33,SOLUSDT,ask,138,10003.0
2024-09-13 08:35:43,SOLUSDT,ask,139,7211.0
2024-09-13 08:37:26,SOLUSDT,bid,130,26214.0
2024-09-13 08:37:26,SOLUSDT,bid,120,12523.0
2024-09-13 08:38:55,SOLUSDT,ask,138,10004.0
2024-09-13 08:38:58,SOLUSDT,ask,138,10003.0
2024-09-13 08:39:23,SOLUSDT,ask,139,7355.0
2024-09-13 08:39:30,SOLUSDT,ask,139,7427.0
2024-09-13 08:39:31,SOLUSDT,ask,139,7499.0
2024-09-13 08:41:44,SOLUSDT,ask,138,10001.0
2024-09-13 08:42:23,SOLUSDT,bid,130,26217.0
2024-09-13 08:42:43,SOLUSDT,bid,130,10267.0
2024-09-13 08:42:43,SOLUSDT,bid,133,8223.0
2024-09-13 08:42:43,SOLUSDT,ask,138,10288.0
2024-09-13 08:43:10,SOLUSDT,bid,125,14929.0
2024-09-13 08:43:30,SOLUSDT,bid,130,26214.0
2024-09-13 08:43:52,SOLUSDT,bid,130,26014.0
2024-09-13 08:44:25,SOLUSDT,ask,139,7355.0
2024-09-13 08:44:31,SOLUSDT,ask,139,7283.0
2024-09-13 08:44:31,SOLUSDT,ask,139,7211.0
2024-09-13 08:44:52,SOLUSDT,bid,130,26010.0
2024-09-13 08:45:39,SOLUSDT,ask,138,10000.0
2024-09-13 08:45:58,SOLUSDT,bid,130,10266.0
2024-09-13 08:45:59,SOLUSDT,bid,130,26007.0
2024-09-13 08:46:05,SOLUSDT,bid,130,25947.0
2024-09-13 08:46:48,SOLUSDT,bid,130,25950.0
2024-09-13 08:47:13,SOLUSDT,bid,125,14933.0
2024-09-13 08:47:25,SOLUSDT,ask,138,10024.0
2024-09-13 08:47:27,SOLUSDT,bid,130,10454.0
2024-09-13 08:47:27,SOLUSDT,bid,133,8212.0
2024-09-13 08:47:28,SOLUSDT,ask,138,10264.0
2024-09-13 08:47:40,SOLUSDT,ask,138,10000.0
2024-09-13 08:48:40,SOLUSDT,ask,136,8211.0
2024-09-13 08:48:43,SOLUSDT,bid,122,16107.0
2024-09-13 08:49:26,SOLUSDT,bid,130,25958.0
2024-09-13 08:49:57,SOLUSDT,ask,151,14850.0
2024-09-13 08:50:15,SOLUSDT,bid,120,12519.0
2024-09-13 08:50:27,SOLUSDT,bid,130,25962.0
2024-09-13 08:50:31,SOLUSDT,bid,130,25952.0
2024-09-13 08:51:09,SOLUSDT,ask,136,8307.0
2024-09-13 08:51:09,SOLUSDT,ask,136,8211.0
2024-09-13 08:51:21,SOLUSDT,bid,130,25948.0
2024-09-13 08:52:27,SOLUSDT,bid,130,10272.0
2024-09-13 08:52:27,SOLUSDT,bid,133,8217.0
2024-09-13 08:52:28,SOLUSDT,ask,138,10264.0
2024-09-13 08:52:28,SOLUSDT,ask,136,8215.0
2024-09-13 08:52:31,SOLUSDT,bid,130,25978.0
2024-09-13 08:52:34,SOLUSDT,ask,136,8219.0
2024-09-13 08:54:22,SOLUSDT,bid,130,25973.0
2024-09-13 08:55:01,SOLUSDT,bid,130,25974.0
2024-09-13 08:55:01,SOLUSDT,ask,138,10001.0
2024-09-13 08:55:12,SOLUSDT,bid,110,26519.0
2024-09-13 08:55:12,SOLUSDT,bid,112,14998.0
2024-09-13 08:55:15,SOLUSDT,bid,125,14939.0
2024-09-13 08:55:29,SOLUSDT,bid,131,10264.0
2024-09-13 08:55:30,SOLUSDT,bid,133,8222.0
2024-09-13 08:55:30,SOLUSDT,ask,138,10265.0
2024-09-13 08:55:31,SOLUSDT,ask,136,8216.0
2024-09-13 08:55:35,SOLUSDT,ask,138,9999.0
2024-09-13 08:56:19,SOLUSDT,bid,133,8414.0
2024-09-13 08:56:19,SOLUSDT,bid,133,8318.0
2024-09-13 08:56:19,SOLUSDT,bid,133,8222.0
2024-09-13 08:56:20,SOLUSDT,ask,138,9998.0
2024-09-13 08:56:53,SOLUSDT,bid,132,18983.0
2024-09-13 08:56:53,SOLUSDT,bid,131,10264.0
2024-09-13 08:56:54,SOLUSDT,bid,133,8217.0
2024-09-13 08:56:54,SOLUSDT,ask,139,10276.0
2024-09-13 08:56:55,SOLUSDT,ask,136,8234.0
2024-09-13 08:57:08,SOLUSDT,bid,130,25977.0
2024-09-13 08:57:12,SOLUSDT,bid,130,25978.0
2024-09-13 08:57:27,SOLUSDT,bid,130,25948.0
2024-09-13 08:57:28,SOLUSDT,bid,130,25947.0
2024-09-13 08:57:28,SOLUSDT,ask,138,9997.0
2024-09-13 08:57:35,SOLUSDT,bid,130,25815.0
2024-09-13 08:57:38,SOLUSDT,bid,130,25811.0
2024-09-13 08:57:42,SOLUSDT,ask,140,7166.0
2024-09-13 08:57:48,SOLUSDT,bid,131,10266.0
2024-09-13 08:57:49,SOLUSDT,bid,133,8213.0
2024-09-13 08:57:49,SOLUSDT,ask,138,10264.0
2024-09-13 08:57:50,SOLUSDT,ask,136,8225.0
2024-09-13 08:58:36,SOLUSDT,ask,140,7170.0
2024-09-13 08:59:25,SOLUSDT,bid,133,8222.0
2024-09-13 08:59:45,SOLUSDT,bid,125,14868.0
2024-09-13 09:01:04,SOLUSDT,bid,130,25808.0
2024-09-13 09:01:25,SOLUSDT,bid,130,25801.0
2024-09-13 09:01:26,SOLUSDT,bid,130,25802.0
2024-09-13 09:01:45,SOLUSDT,bid,130,25806.0
2024-09-13 09:01:55,SOLUSDT,bid,130,25776.0
2024-09-13 09:02:00,SOLUSDT,bid,132,19083.0
2024-09-13 09:02:24,SOLUSDT,bid,130,25778.0
2024-09-13 09:02:24,SOLUSDT,ask,138,9999.0
2024-09-13 09:02:28,SOLUSDT,bid,130,10265.0
2024-09-13 09:02:28,SOLUSDT,bid,133,8226.0
2024-09-13 09:02:28,SOLUSDT,ask,138,10264.0
2024-09-13 09:02:28,SOLUSDT,ask,135,8212.0
2024-09-13 09:02:37,SOLUSDT,bid,120,12520.0
2024-09-13 09:03:00,SOLUSDT,bid,110,26518.0
2024-09-13 09:03:30,SOLUSDT,ask,147,8441.0
2024-09-13 09:04:03,SOLUSDT,ask,138,10001.0
2024-09-13 09:04:14,SOLUSDT,bid,130,25753.0
2024-09-13 09:04:15,SOLUSDT,bid,130,25752.0
2024-09-13 09:04:15,SOLUSDT,ask,138,10000.0
2024-09-13 09:04:30,SOLUSDT,bid,130,25750.0
2024-09-13 09:05:30,SOLUSDT,bid,122,16103.0
2024-09-13 09:05:55,SOLUSDT,bid,122,16100.0
2024-09-13 09:06:32,SOLUSDT,bid,130,25751.0
2024-09-13 09:06:32,SOLUSDT,ask,138,9999.0
2024-09-13 09:07:16,SOLUSDT,bid,130,25752.0
2024-09-13 09:08:03,SOLUSDT,bid,130,25751.0
2024-09-13 09:08:03,SOLUSDT,ask,138,9998.0
2024-09-13 09:08:33,SOLUSDT,bid,110,26512.0
2024-09-13 09:09:11,SOLUSDT,bid,120,12523.0
2024-09-13 09:10:19,SOLUSDT,bid,130,25752.0
2024-09-13 09:10:34,SOLUSDT,ask,138,9856.0
2024-09-13 09:11:06,SOLUSDT,bid,133,8227.0
2024-09-13 09:11:08,SOLUSDT,bid,133,8226.0
2024-09-13 09:11:50,SOLUSDT,ask,138,9857.0
2024-09-13 09:11:59,SOLUSDT,bid,130,25756.0
2024-09-13 09:13:46,SOLUSDT,ask,145,20612.0
2024-09-13 09:14:35,SOLUSDT,bid,130,25758.0
2024-09-13 09:14:54,SOLUSDT,bid,130,25768.0
2024-09-13 09:15:15,SOLUSDT,bid,132,19090.0
2024-09-13 09:15:17,SOLUSDT,bid,132,19109.0
2024-09-13 09:15:31,SOLUSDT,bid,132,19102.0
2024-09-13 09:16:02,SOLUSDT,ask,138,9852.0
2024-09-13 09:16:23,SOLUSDT,bid,120,12673.0
2024-09-13 09:17:28,SOLUSDT,bid,120,12523.0
2024-09-13 09:17:40,SOLUSDT,bid,130,25766.0
2024-09-13 09:18:53,SOLUSDT,ask,136,18336.0
2024-09-13 09:18:59,SOLUSDT,ask,136,18343.0
2024-09-13 09:19:03,SOLUSDT,ask,136,18326.0
2024-09-13 09:19:03,SOLUSDT,ask,136,18309.0
2024-09-13 09:19:44,SOLUSDT,bid,130,25756.0
2024-09-13 09:19:52,SOLUSDT,bid,120,12488.0
