1727049665171,ETHUSDT,bid,2430,4125.874
1727049837498,ETHUSDT,bid,2420,4562.877
1727049977164,ETHUSDT,bid,2490,4100.98
1727050095812,ETHUSDT,bid,2510,5720.987
1727050117276,ETHUSDT,bid,2420,4562.867
1727050146888,ETHUSDT,ask,2610,5596.506
1727050227375,ETHUSDT,bid,2510,5730.014
1727050307159,ETHUSDT,bid,2420,4562.947
1727050524321,ETHUSDT,bid,2490,4100.99
1727050547833,ETHUSDT,bid,2420,4561.947
1727050583615,ETHUSDT,bid,2420,4562.947
1727050605905,ETHUSDT,bid,2420,4561.947
1727050673775,ETHUSDT,bid,2420,4562.947
1727050697876,ETHUSDT,bid,2490,4101.05
1727050723438,ETHUSDT,bid,2500,11313.016
1727050790011,ETHUSDT,bid,2490,4103.036
1727050793684,ETHUSDT,bid,2490,4102.171
1727050806008,ETHUSDT,bid,2490,4100.185
1727050859471,ETHUSDT,bid,2220,4565.376
1727051029582,ETHUSDT,bid,2490,4100.175
1727051117305,ETHUSDT,bid,2490,4100.352
1727051232682,ETHUSDT,bid,2420,4561.947
1727051402266,ETHUSDT,bid,2490,4100.361
1727051411661,ETHUSDT,bid,2220,4565.351
1727051411661,ETHUSDT,bid,2420,4561.924
1727051593125,ETHUSDT,bid,2490,4100.375
1727051888188,ETHUSDT,bid,2420,4571.924
1727052059037,ETHUSDT,bid,2490,4100.363
1727052070091,ETHUSDT,bid,2490,4100.38
1727052071005,ETHUSDT,bid,2490,4100.397
1727052081019,ETHUSDT,bid,2490,4100.363
1727052118085,ETHUSDT,bid,2490,4100.397
1727052128002,ETHUSDT,bid,2490,4100.38
1727052129027,ETHUSDT,bid,2490,4100.363
1727052441148,ETHUSDT,bid,2490,4100.349
1727052809584,ETHUSDT,bid,2490,4100.359
1727052824858,ETHUSDT,bid,2420,4568.965
1727052827399,ETHUSDT,bid,2490,4100.349
1727052923617,ETHUSDT,bid,2490,4099.717
1727052977578,ETHUSDT,bid,2490,4099.731
1727052994079,ETHUSDT,bid,2590,10031.87
1727052995614,ETHUSDT,bid,2590,10030.005
1727052996020,ETHUSDT,bid,2590,10030.048
1727052996326,ETHUSDT,bid,2590,10030.357
1727052996536,ETHUSDT,bid,2590,10030.387
1727052996637,ETHUSDT,bid,2590,10030.478
1727052996839,ETHUSDT,bid,2590,10030.435
1727052997043,ETHUSDT,bid,2590,10048.909
1727052997143,ETHUSDT,bid,2590,10030.435
1727052997243,ETHUSDT,bid,2590,10030.035
1727052997651,ETHUSDT,bid,2590,10030.005
1727052998669,ETHUSDT,bid,2590,10030.035
1727053001512,ETHUSDT,bid,2590,10028.784
1727053002328,ETHUSDT,bid,2590,10029.264
1727053002429,ETHUSDT,bid,2590,10029.744
1727053002631,ETHUSDT,bid,2590,10029.864
1727053002834,ETHUSDT,bid,2590,10030.428
1727053003248,ETHUSDT,bid,2590,10029.948
1727053004059,ETHUSDT,bid,2590,10029.933
1727053004261,ETHUSDT,bid,2590,10029.453
1727053004767,ETHUSDT,bid,2590,10029.333
1727053006490,ETHUSDT,bid,2590,10029.573
1727053006592,ETHUSDT,bid,2590,10030.563
1727053006796,ETHUSDT,bid,2590,10031.553
1727053008525,ETHUSDT,bid,2590,10031.553
1727053021822,ETHUSDT,bid,2590,10032.517
1727053026719,ETHUSDT,bid,2590,10032.526
1727053031091,ETHUSDT,bid,2590,10027.526
1727053032711,ETHUSDT,bid,2590,10027.286
1727053035999,ETHUSDT,bid,2590,10029.495
1727053036606,ETHUSDT,bid,2590,10027.286
1727053037522,ETHUSDT,bid,2590,10066.471
1727053037726,ETHUSDT,bid,2590,10066.605
1727053038644,ETHUSDT,bid,2590,10027.42
1727053039360,ETHUSDT,bid,2590,10027.411
1727053200287,ETHUSDT,bid,2590,10208.407
1727053203760,ETHUSDT,bid,2590,10208.283
1727053211111,ETHUSDT,bid,2590,10204.283
1727053212339,ETHUSDT,bid,2590,10205.273
1727053214488,ETHUSDT,bid,2590,10206.263
1727053215919,ETHUSDT,bid,2590,10206.721
1727053217550,ETHUSDT,bid,2590,10206.263
1727053218770,ETHUSDT,bid,2590,10206.383
1727053222643,ETHUSDT,bid,2590,10205.393
1727053225801,ETHUSDT,bid,2590,10205.523
1727053228458,ETHUSDT,bid,2590,10204.533
1727053229581,ETHUSDT,bid,2590,10204.533
1727053229783,ETHUSDT,bid,2590,10204.403
1727053229985,ETHUSDT,bid,2590,10205.289
1727053230086,ETHUSDT,bid,2590,10204.403
1727053230390,ETHUSDT,bid,2590,10204.523
1727053231108,ETHUSDT,bid,2590,10204.523
1727053232130,ETHUSDT,bid,2590,10204.523
1727053571184,ETHUSDT,bid,2420,4570.215
1727053582403,ETHUSDT,bid,2490,4099.722
1727053652127,ETHUSDT,bid,2490,4099.708
1727053757519,ETHUSDT,bid,2420,4568.215
1727053778677,ETHUSDT,bid,2420,4569.715
1727053878004,ETHUSDT,bid,2490,4099.69
1727053969376,ETHUSDT,bid,2420,4369.715
1727054273483,ETHUSDT,bid,2490,4095.69
1727054331018,ETHUSDT,bid,2490,4096.004
1727054331530,ETHUSDT,bid,2490,4096.135
1727054332038,ETHUSDT,bid,2490,4096.619
1727054334195,ETHUSDT,bid,2490,4096.846
1727054885804,ETHUSDT,bid,2460,4200.796
1727054979029,ETHUSDT,bid,2460,4198.686
1727055119264,ETHUSDT,bid,2490,4096.837
1727055156051,ETHUSDT,bid,1780,5726.824
1727055421221,ETHUSDT,bid,2460,4199.104
1727055546253,ETHUSDT,bid,2430,4119.318
1727055548711,ETHUSDT,bid,2460,4193.641
1727055688629,ETHUSDT,bid,2420,4368.478
1727055701157,ETHUSDT,bid,2420,4367.478
1727055768526,ETHUSDT,ask,2990,3457.309
1727055798029,ETHUSDT,bid,2610,10020.682
1727055798128,ETHUSDT,bid,2610,10002.208
1727055798838,ETHUSDT,bid,2610,10002.208
1727055799046,ETHUSDT,bid,2610,10020.682
1727055799147,ETHUSDT,bid,2610,10002.208
1727055800079,ETHUSDT,bid,2610,10002.208
1727056104836,ETHUSDT,bid,2490,4096.706
1727056411291,ETHUSDT,bid,2420,4367.656
1727056417475,ETHUSDT,bid,2420,4364.656
1727056720403,ETHUSDT,bid,2460,4192.641
1727057256304,ETHUSDT,bid,2460,4202.641
1727057546215,ETHUSDT,bid,2610,10003.966
1727057548184,ETHUSDT,bid,2610,10003.966
1727057548286,ETHUSDT,bid,2610,10005.086
1727057556068,ETHUSDT,bid,2620,11021.796
1727057556271,ETHUSDT,bid,2620,11018.148
1727057557595,ETHUSDT,bid,2620,11010.109
1727057648926,ETHUSDT,bid,2490,4097.106
1727057716807,ETHUSDT,bid,2460,4200.754
1727057761283,ETHUSDT,bid,2490,4097.387
1727057868782,ETHUSDT,bid,2420,4364.244
1727057949891,ETHUSDT,bid,2490,4117.387
1727058229306,ETHUSDT,bid,2430,4175.725
1727058254089,ETHUSDT,bid,2490,4107.387
1727058321787,ETHUSDT,bid,1950,5473.034
1727058512525,ETHUSDT,bid,2430,4119.318
1727058513550,ETHUSDT,bid,2430,4175.763
1727058756652,ETHUSDT,bid,2420,4363.744
1727058804213,ETHUSDT,bid,2430,4119.318
1727058805249,ETHUSDT,bid,2430,4175.802
1727058970699,ETHUSDT,bid,2490,4112.387
1727059063072,ETHUSDT,bid,2490,4114.887
1727059092476,ETHUSDT,bid,2430,4119.318
1727059093590,ETHUSDT,bid,2430,4175.845
1727059133803,ETHUSDT,bid,2490,4097.387
1727059145565,ETHUSDT,bid,2630,10000.977
1727059159253,ETHUSDT,bid,2490,4097.487
1727059172769,ETHUSDT,bid,2490,4097.387
1727059191646,ETHUSDT,bid,2420,4360.744
1727059237797,ETHUSDT,bid,2220,4561.685
1727059261832,ETHUSDT,ask,3090,3228.675
1727059368865,ETHUSDT,bid,2490,4086.387
1727059381325,ETHUSDT,bid,2430,4119.318
1727059382452,ETHUSDT,bid,2430,4175.888
1727059423573,ETHUSDT,bid,2420,4361.448
1727059489607,ETHUSDT,ask,2620,7425.769
1727059489708,ETHUSDT,ask,2620,6429.128
1727059489815,ETHUSDT,ask,2620,5683.036
1727059489916,ETHUSDT,ask,2620,5308.002
1727059490017,ETHUSDT,ask,2620,5316.357
1727059490118,ETHUSDT,ask,2620,5315.861
1727059490219,ETHUSDT,ask,2620,4996.265
1727059490320,ETHUSDT,ask,2620,4992.205
1727059490421,ETHUSDT,ask,2620,4985.48
1727059490623,ETHUSDT,ask,2620,4982.102
1727059490725,ETHUSDT,ask,2620,4982.11
1727059490825,ETHUSDT,ask,2620,4981.747
1727059491742,ETHUSDT,ask,2620,4981.747
1727059492456,ETHUSDT,ask,2620,4982.7
1727059492655,ETHUSDT,ask,2620,4982.708
1727059493574,ETHUSDT,ask,2620,4986.908
1727059494293,ETHUSDT,ask,2620,4987.669
1727059494397,ETHUSDT,ask,2620,4982.516
1727059495106,ETHUSDT,ask,2620,4982.516
1727059495207,ETHUSDT,ask,2620,4983.703
1727059495417,ETHUSDT,ask,2620,4982.516
1727059496041,ETHUSDT,ask,2620,5000.99
1727059496147,ETHUSDT,ask,2620,4982.516
1727059496762,ETHUSDT,ask,2620,4983.277
1727059497068,ETHUSDT,ask,2620,4983.277
1727059497992,ETHUSDT,ask,2620,4983.457
1727059498097,ETHUSDT,ask,2620,4983.457
1727059498504,ETHUSDT,ask,2620,4983.457
1727059499120,ETHUSDT,ask,2620,4983.457
1727059500041,ETHUSDT,ask,2620,5001.931
1727059500144,ETHUSDT,ask,2620,4993.167
1727059500245,ETHUSDT,ask,2620,4987.605
1727059500346,ETHUSDT,ask,2620,4987.531
1727059500761,ETHUSDT,ask,2620,4983.721
1727059501064,ETHUSDT,ask,2620,4983.721
1727059501686,ETHUSDT,ask,2620,4983.767
1727059502089,ETHUSDT,ask,2620,4983.323
1727059502190,ETHUSDT,ask,2620,4983.323
1727059502292,ETHUSDT,ask,2620,4989.413
1727059502392,ETHUSDT,ask,2620,4989.989
1727059502904,ETHUSDT,ask,2620,4983.899
1727059503106,ETHUSDT,ask,2620,4983.899
1727059503309,ETHUSDT,ask,2620,4983.899
1727059503612,ETHUSDT,ask,2620,4983.91
1727059503816,ETHUSDT,ask,2620,4983.334
1727059503917,ETHUSDT,ask,2620,4983.352
1727059504019,ETHUSDT,ask,2620,5004.755
1727059504123,ETHUSDT,ask,2620,4986.281
1727059505054,ETHUSDT,ask,2620,5004.755
1727059505156,ETHUSDT,ask,2620,4986.281
1727059505259,ETHUSDT,ask,2620,4983.352
1727059560341,ETHUSDT,bid,2490,4086.106
1727059666263,ETHUSDT,bid,2420,4361.325
1727059667606,ETHUSDT,bid,2420,4361.202
1727059668641,ETHUSDT,bid,2430,4119.318
1727059669592,ETHUSDT,bid,2430,4175.93
1727059711821,ETHUSDT,bid,2420,4361.217
1727059807502,ETHUSDT,bid,2460,4200.774
1727059958658,ETHUSDT,bid,2430,4119.318
1727059959677,ETHUSDT,bid,2430,4175.972
1727060137614,ETHUSDT,bid,2420,4360.805
1727060248502,ETHUSDT,bid,2430,4119.318
1727060249523,ETHUSDT,bid,2430,4176.015
1727060345448,ETHUSDT,ask,2630,9374.471
1727060345549,ETHUSDT,ask,2630,9389.737
1727060345650,ETHUSDT,ask,2630,9386.035
1727060345751,ETHUSDT,ask,2630,9371.043
1727060346054,ETHUSDT,ask,2630,9371.043
1727060346152,ETHUSDT,ask,2630,9371.051
1727060346561,ETHUSDT,ask,2630,9381.788
1727060346663,ETHUSDT,ask,2630,9381.941
1727060347176,ETHUSDT,ask,2630,9392.525
1727060347379,ETHUSDT,ask,2630,9381.788
1727060348097,ETHUSDT,ask,2630,9381.788
1727060348807,ETHUSDT,ask,2630,9381.826
1727060349010,ETHUSDT,bid,2490,4026.106
1727060360327,ETHUSDT,bid,2490,4035.925
1727060386803,ETHUSDT,bid,2030,5065.16
1727060420085,ETHUSDT,bid,2490,4026.106
1727060535526,ETHUSDT,bid,2430,4119.318
1727060536550,ETHUSDT,bid,2430,4176.06
1727060576318,ETHUSDT,bid,2420,4963.832
1727060635461,ETHUSDT,bid,2430,4175.544
1727060724767,ETHUSDT,ask,2630,7028.213
1727060724868,ETHUSDT,ask,2630,7014.428
1727060724969,ETHUSDT,ask,2630,7010.691
1727060725372,ETHUSDT,ask,2630,6988.248
1727060725474,ETHUSDT,ask,2630,6986.848
1727060726796,ETHUSDT,ask,2630,6984.648
1727060820131,ETHUSDT,bid,2430,4118.802
1727060846162,ETHUSDT,ask,2640,7385.752
1727060850213,ETHUSDT,ask,2640,7386.546
1727060851155,ETHUSDT,ask,2640,7394.752
1727060852986,ETHUSDT,ask,2640,7385.709
1727060856099,ETHUSDT,ask,2640,7389.811
1727060856200,ETHUSDT,ask,2640,7385.709
1727060860234,ETHUSDT,bid,2420,4360.805
1727060861152,ETHUSDT,bid,2420,4964.278
1727060861459,ETHUSDT,ask,2640,7385.849
1727060873027,ETHUSDT,ask,2640,7385.849
1727060936520,ETHUSDT,ask,2640,7384.22
1727060936727,ETHUSDT,ask,2640,7384.35
1727060937340,ETHUSDT,ask,2640,7383.87
1727060938362,ETHUSDT,ask,2640,7383.74
1727060938463,ETHUSDT,ask,2640,7383.815
1727060938564,ETHUSDT,ask,2640,7383.891
1727060938862,ETHUSDT,ask,2640,7384.017
1727060939379,ETHUSDT,ask,2640,7383.942
1727060943455,ETHUSDT,ask,2640,7383.911
1727060949382,ETHUSDT,ask,2640,7383.516
1727060950097,ETHUSDT,ask,2640,7383.516
1727060951109,ETHUSDT,ask,2640,7383.516
1727060953257,ETHUSDT,ask,2640,7384.916
1727060953357,ETHUSDT,ask,2640,7385.751
1727060953662,ETHUSDT,ask,2640,7386.061
1727060954066,ETHUSDT,ask,2640,7385.461
1727060954169,ETHUSDT,ask,2640,7385.299
1727060955090,ETHUSDT,ask,2640,7385.299
1727060955194,ETHUSDT,ask,2640,7395.125
1727060955295,ETHUSDT,ask,2640,7393.1
1727060955396,ETHUSDT,ask,2640,7382.394
1727060955497,ETHUSDT,ask,2640,7206.854
1727060955598,ETHUSDT,ask,2640,5623.183
1727060955699,ETHUSDT,ask,2640,5496.104
1727060955800,ETHUSDT,ask,2640,5449.096
1727060955901,ETHUSDT,ask,2640,5412.299
1727060956002,ETHUSDT,ask,2640,4586.557
1727060956102,ETHUSDT,ask,2640,4560.683
1727060956203,ETHUSDT,ask,2640,4227.244
1727061024164,ETHUSDT,bid,2220,4561.664
1727061024164,ETHUSDT,bid,2420,4964.258
1727061041182,ETHUSDT,bid,2460,4200.754
1727061071961,ETHUSDT,bid,2650,7948.062
1727061074804,ETHUSDT,bid,2650,7940.15
1727061080465,ETHUSDT,bid,2420,4964.249
1727061121250,ETHUSDT,bid,2660,9931.852
1727061121453,ETHUSDT,bid,2660,9931.972
1727061121553,ETHUSDT,bid,2660,9932.092
1727061121655,ETHUSDT,bid,2660,9956.547
1727061121755,ETHUSDT,bid,2660,9957.671
1727061121858,ETHUSDT,bid,2660,9958.92
1727061122060,ETHUSDT,bid,2660,9958.912
1727061122162,ETHUSDT,bid,2660,10010.857
1727061122569,ETHUSDT,bid,2660,9985.512
1727061122973,ETHUSDT,bid,2660,9988.315
1727061139220,ETHUSDT,bid,2420,4360.776
1727061140539,ETHUSDT,bid,2420,4964.753
1727061197166,ETHUSDT,bid,2490,4026.046
1727061211128,ETHUSDT,bid,2420,4964.735
1727061423790,ETHUSDT,bid,2420,4360.758
1727061424805,ETHUSDT,bid,2420,4965.248
1727061435285,ETHUSDT,bid,2460,4200.742
1727061541831,ETHUSDT,bid,2460,4199.742
1727061597171,ETHUSDT,ask,2990,3457.977
1727061676712,ETHUSDT,bid,1700,6021.963
1727061676712,ETHUSDT,bid,2490,4025.946
1727061676914,ETHUSDT,bid,1960,5170.834
1727061686960,ETHUSDT,bid,1950,5470.74
1727061713755,ETHUSDT,bid,2420,4360.758
1727061714779,ETHUSDT,bid,2420,4965.78
1727061786640,ETHUSDT,bid,2420,4969.078
1727061806905,ETHUSDT,bid,2420,4969.055
1727061826487,ETHUSDT,bid,2420,4966.805
1727061833212,ETHUSDT,bid,2420,4964.165
1727061867915,ETHUSDT,bid,2220,4560.766
1727061974513,ETHUSDT,bid,1940,5299.983
1727061974513,ETHUSDT,bid,1950,5469.74
1727061986892,ETHUSDT,bid,2420,4963.971
1727062005227,ETHUSDT,bid,2420,4358.949
1727062006253,ETHUSDT,bid,2420,4964.527
1727062195071,ETHUSDT,ask,2990,3458.056
1727062214508,ETHUSDT,bid,2420,4964.487
1727062235430,ETHUSDT,ask,2890,8509.278
1727062290418,ETHUSDT,bid,2420,4358.909
1727062291434,ETHUSDT,bid,2420,4965.03
1727062304738,ETHUSDT,bid,2220,4560.795
1727062304738,ETHUSDT,bid,2420,4965.057
1727062570702,ETHUSDT,bid,2420,4358.936
1727062571712,ETHUSDT,bid,2420,4965.596
1727062675305,ETHUSDT,bid,1940,5172.765
1727062743856,ETHUSDT,bid,2420,4965.646
1727062762026,ETHUSDT,ask,2670,8391.197
1727062762127,ETHUSDT,ask,2670,8209.197
1727062762228,ETHUSDT,ask,2670,8210.897
1727062762329,ETHUSDT,ask,2670,8216.913
1727062762430,ETHUSDT,ask,2670,8215.113
1727062762531,ETHUSDT,ask,2670,8214.157
1727062762632,ETHUSDT,ask,2670,8207.84
1727062762734,ETHUSDT,ask,2670,8207.88
1727062762835,ETHUSDT,ask,2670,8207.973
1727062762936,ETHUSDT,ask,2670,8207.933
1727062763037,ETHUSDT,ask,2670,8226.407
1727062763138,ETHUSDT,ask,2670,8207.933
1727062764064,ETHUSDT,ask,2670,8207.933
1727062765085,ETHUSDT,ask,2670,8207.933
1727062766102,ETHUSDT,ask,2670,8214.922
1727062766203,ETHUSDT,ask,2670,8214.933
1727062767018,ETHUSDT,ask,2670,8233.407
1727062767117,ETHUSDT,ask,2670,8214.933
1727062767845,ETHUSDT,ask,2670,8214.922
1727062768047,ETHUSDT,ask,2670,8233.396
1727062768147,ETHUSDT,ask,2670,8214.922
1727062769066,ETHUSDT,ask,2670,8218.662
1727062770092,ETHUSDT,ask,2670,8218.662
1727062771110,ETHUSDT,ask,2670,8218.662
1727062771222,ETHUSDT,ask,2670,8214.932
1727062772051,ETHUSDT,ask,2670,8233.406
1727062772153,ETHUSDT,ask,2670,8214.932
1727062773079,ETHUSDT,ask,2670,8214.932
1727062774106,ETHUSDT,ask,2670,8214.932
1727062774716,ETHUSDT,ask,2670,8215.006
1727062775026,ETHUSDT,ask,2670,8233.48
1727062775129,ETHUSDT,ask,2670,8215.006
1727062775541,ETHUSDT,ask,2670,8214.932
1727062775642,ETHUSDT,ask,2670,8214.922
1727062776063,ETHUSDT,ask,2670,8214.922
1727062776881,ETHUSDT,ask,2670,8214.933
1727062777079,ETHUSDT,ask,2670,8214.933
1727062778105,ETHUSDT,ask,2670,8214.933
1727062778207,ETHUSDT,ask,2670,8214.922
1727062778822,ETHUSDT,ask,2670,8215.857
1727062779031,ETHUSDT,ask,2670,8234.331
1727062779134,ETHUSDT,ask,2670,8215.857
1727062780068,ETHUSDT,ask,2670,8215.857
1727062780787,ETHUSDT,ask,2670,8217.642
1727062780889,ETHUSDT,ask,2670,8214.829
1727062781092,ETHUSDT,ask,2670,8214.869
1727062781295,ETHUSDT,ask,2670,8214.829
1727062781395,ETHUSDT,ask,2670,8207.84
1727062781804,ETHUSDT,ask,2670,8205.34
1727062781905,ETHUSDT,ask,2670,8205.35
1727062785423,ETHUSDT,ask,2670,8205.34
1727062785740,ETHUSDT,ask,2670,8205.52
1727062788123,ETHUSDT,ask,2670,8205.34
1727062788224,ETHUSDT,ask,2670,8205.613
1727062790606,ETHUSDT,ask,2670,8205.653
1727062790705,ETHUSDT,ask,2670,8207.305
1727062790905,ETHUSDT,ask,2670,8205.613
1727062791011,ETHUSDT,ask,2670,8205.793
1727062791113,ETHUSDT,ask,2670,8205.613
1727062791843,ETHUSDT,ask,2670,8216.356
1727062792045,ETHUSDT,ask,2670,8205.613
1727062793279,ETHUSDT,ask,2670,8205.706
1727062793381,ETHUSDT,ask,2670,8212.727
1727062794102,ETHUSDT,ask,2670,8208.519
1727062794814,ETHUSDT,ask,2670,8209.444
1727062794916,ETHUSDT,ask,2670,8208.559
1727062795023,ETHUSDT,ask,2670,8205.746
1727062795120,ETHUSDT,ask,2670,8205.706
1727062795557,ETHUSDT,ask,2670,8216.3
1727062795768,ETHUSDT,ask,2670,8217.937
1727062796080,ETHUSDT,ask,2670,8207.354
1727062796282,ETHUSDT,ask,2670,8205.717
1727062796903,ETHUSDT,ask,2670,8208.067
1727062797416,ETHUSDT,ask,2670,8207.963
1727062797518,ETHUSDT,ask,2670,8209.118
1727062797626,ETHUSDT,ask,2670,8209.118
1727062797727,ETHUSDT,ask,2670,8207.963
1727062798135,ETHUSDT,ask,2670,8208.898
1727062798754,ETHUSDT,ask,2670,8219.386
1727062798859,ETHUSDT,ask,2670,8218.451
1727062799084,ETHUSDT,ask,2670,8207.963
1727062800110,ETHUSDT,ask,2670,8208.563
1727062801430,ETHUSDT,ask,2670,8092.218
1727062801531,ETHUSDT,ask,2670,8085.019
1727062801835,ETHUSDT,ask,2670,8085.035
1727062802039,ETHUSDT,ask,2670,8084.99
1727062802447,ETHUSDT,ask,2670,8084.998
1727062803074,ETHUSDT,ask,2670,8084.99
1727062803479,ETHUSDT,ask,2670,8085.17
1727062804003,ETHUSDT,ask,2670,8084.99
1727062804102,ETHUSDT,ask,2670,8085.17
1727062805137,ETHUSDT,ask,2670,8085.35
1727062805853,ETHUSDT,ask,2670,8084.99
1727062805955,ETHUSDT,ask,2670,8080.522
1727062806567,ETHUSDT,ask,2670,8080.505
1727062806668,ETHUSDT,ask,2670,8078.305
1727062809970,ETHUSDT,ask,2670,7852.613
1727062810071,ETHUSDT,ask,2670,7814.539
1727062810172,ETHUSDT,ask,2670,7814.189
1727062810367,ETHUSDT,ask,2670,7814.32
1727062810479,ETHUSDT,ask,2670,7812.445
1727062810581,ETHUSDT,ask,2670,7812.236
1727062810785,ETHUSDT,ask,2670,7794.677
1727062810887,ETHUSDT,ask,2670,7794.666
1727062810992,ETHUSDT,ask,2670,7756.73
1727062811085,ETHUSDT,ask,2670,7756.743
1727062811302,ETHUSDT,ask,2670,7756.659
1727062811404,ETHUSDT,ask,2670,7756.802
1727062811507,ETHUSDT,ask,2670,7733.763
1727062811608,ETHUSDT,ask,2670,7707.61
1727062811708,ETHUSDT,ask,2670,7681.456
1727062811805,ETHUSDT,ask,2670,7718.106
1727062811916,ETHUSDT,ask,2670,7717.86
1727062812017,ETHUSDT,ask,2670,7713.204
1727062812117,ETHUSDT,ask,2670,7713.253
1727062812205,ETHUSDT,ask,2670,7713.193
1727062812333,ETHUSDT,ask,2670,7713.074
1727062812431,ETHUSDT,ask,2670,7711.294
1727062812537,ETHUSDT,ask,2670,7703.407
1727062812641,ETHUSDT,ask,2670,7703.407
1727062812838,ETHUSDT,ask,2670,7700.587
1727062812945,ETHUSDT,ask,2670,7707.785
1727062813046,ETHUSDT,ask,2670,7702.73
1727062813147,ETHUSDT,ask,2670,7702.717
1727062813348,ETHUSDT,ask,2670,7665.946
1727062814874,ETHUSDT,ask,2670,7666.039
1727062815689,ETHUSDT,ask,2670,7669.413
1727062816105,ETHUSDT,ask,2670,7669.413
1727062816519,ETHUSDT,ask,2670,7671.093
1727062816925,ETHUSDT,ask,2670,7666.039
1727062817026,ETHUSDT,ask,2670,7684.513
1727062817127,ETHUSDT,ask,2670,7666.039
1727062817538,ETHUSDT,ask,2670,7666.027
1727062817642,ETHUSDT,ask,2670,7669.341
1727062818054,ETHUSDT,ask,2670,7687.815
1727062818157,ETHUSDT,ask,2670,7666.027
1727062819097,ETHUSDT,ask,2670,7666.027
1727062820120,ETHUSDT,ask,2670,7666.027
1727062820735,ETHUSDT,ask,2670,7666.186
1727062821036,ETHUSDT,ask,2670,7684.66
1727062821139,ETHUSDT,ask,2670,7666.186
1727062821350,ETHUSDT,ask,2670,7669.186
1727062821451,ETHUSDT,ask,2670,7669.093
1727062821552,ETHUSDT,ask,2670,7667.191
1727062822160,ETHUSDT,ask,2670,7667.146
1727062823278,ETHUSDT,ask,2670,7667.425
1727062823468,ETHUSDT,ask,2670,7666.125
1727062824611,ETHUSDT,ask,2670,7663.925
1727062824712,ETHUSDT,ask,2670,7668.325
1727062824812,ETHUSDT,ask,2670,7668.419
1727062824915,ETHUSDT,ask,2670,7668.526
1727062825013,ETHUSDT,ask,2670,7655.927
1727062825116,ETHUSDT,ask,2670,7650.947
1727062825217,ETHUSDT,ask,2670,7650.391
1727062825319,ETHUSDT,ask,2670,7650.391
1727062825420,ETHUSDT,ask,2670,7654.926
1727062825520,ETHUSDT,ask,2670,7654.918
1727062825620,ETHUSDT,ask,2670,7661.807
1727062825704,ETHUSDT,ask,2670,7661.905
1727062825827,ETHUSDT,ask,2670,7661.895
1727062825929,ETHUSDT,ask,2670,7661.855
1727062826029,ETHUSDT,ask,2670,7661.981
1727062826130,ETHUSDT,ask,2670,7654.611
1727062826334,ETHUSDT,ask,2670,7652.111
1727062826437,ETHUSDT,ask,2670,7652.071
1727062826539,ETHUSDT,ask,2670,7652.121
1727062827159,ETHUSDT,ask,2670,7652.064
1727062827882,ETHUSDT,ask,2670,7652.014
1727062828293,ETHUSDT,ask,2670,7649.814
1727062830665,ETHUSDT,ask,2670,7651.224
1727062832514,ETHUSDT,ask,2670,7649.814
1727062833140,ETHUSDT,ask,2670,7649.826
1727062833243,ETHUSDT,ask,2670,7650.574
1727062833342,ETHUSDT,ask,2670,7686.762
1727062833443,ETHUSDT,ask,2670,7694.416
1727062833544,ETHUSDT,ask,2670,7694.422
1727062833649,ETHUSDT,ask,2670,7687.521
1727062833742,ETHUSDT,ask,2670,7687.225
1727062833960,ETHUSDT,ask,2670,7687.265
1727062834059,ETHUSDT,ask,2670,7686.517
1727062834270,ETHUSDT,ask,2670,7489.705
1727062834373,ETHUSDT,ask,2670,7453.525
1727062834474,ETHUSDT,ask,2670,7453.464
1727062834576,ETHUSDT,ask,2670,7453.212
1727062834881,ETHUSDT,ask,2670,7484.018
1727062834982,ETHUSDT,ask,2670,6449.493
1727062835083,ETHUSDT,ask,2670,6393.547
1727062835185,ETHUSDT,ask,2670,6393.597
1727062835288,ETHUSDT,ask,2670,6393.048
1727062835386,ETHUSDT,ask,2670,6356.943
1727062835490,ETHUSDT,ask,2670,6356.99
1727062835595,ETHUSDT,ask,2670,6356.845
1727062835693,ETHUSDT,ask,2670,6356.347
1727062835803,ETHUSDT,ask,2670,6356.161
1727062835903,ETHUSDT,ask,2670,6356.409
1727062836004,ETHUSDT,ask,2670,6361.081
1727062836106,ETHUSDT,ask,2670,6361.137
1727062836207,ETHUSDT,ask,2670,6361.126
1727062836513,ETHUSDT,ask,2670,6360.878
1727062837027,ETHUSDT,ask,2670,6365.278
1727062837109,ETHUSDT,ask,2670,6365.182
1727062837835,ETHUSDT,ask,2670,6360.782
1727062838047,ETHUSDT,ask,2670,6360.355
1727062838454,ETHUSDT,ask,2670,6360.37
1727062838765,ETHUSDT,ask,2670,6360.263
1727062840006,ETHUSDT,ask,2670,6360.313
1727062840314,ETHUSDT,ask,2670,6360.332
1727062840414,ETHUSDT,ask,2670,6360.321
1727062840850,ETHUSDT,ask,2670,6355.621
1727062840950,ETHUSDT,ask,2670,6354.421
1727062841052,ETHUSDT,ask,2670,6353.77
1727062841152,ETHUSDT,ask,2670,6353.782
1727062841357,ETHUSDT,ask,2670,6353.817
1727062841459,ETHUSDT,ask,2670,6353.431
1727062841561,ETHUSDT,ask,2670,6343.576
1727062841662,ETHUSDT,ask,2670,6343.046
1727062841968,ETHUSDT,ask,2670,6343.044
1727062842070,ETHUSDT,ask,2670,6337.622
1727062842171,ETHUSDT,ask,2670,6102.479
1727062842272,ETHUSDT,ask,2670,6102.728
1727062842373,ETHUSDT,ask,2670,6102.723
1727062842486,ETHUSDT,ask,2670,6106.17
1727062842591,ETHUSDT,ask,2670,6091.28
1727062842694,ETHUSDT,ask,2670,6090.94
1727062843002,ETHUSDT,ask,2670,6092.6
1727062843306,ETHUSDT,ask,2670,6092.504
1727062843408,ETHUSDT,ask,2670,6075.724
1727062843509,ETHUSDT,ask,2670,6058.457
1727062843609,ETHUSDT,ask,2670,6016.603
1727062843711,ETHUSDT,ask,2670,5983.32
1727062843813,ETHUSDT,ask,2670,5959.825
1727062843905,ETHUSDT,ask,2670,5937.504
1727062844015,ETHUSDT,ask,2670,5936.373
1727062844119,ETHUSDT,ask,2670,5895.516
1727062844219,ETHUSDT,ask,2670,5889.477
1727062844320,ETHUSDT,ask,2670,5889.718
1727062844425,ETHUSDT,ask,2670,5892.689
1727062844526,ETHUSDT,ask,2670,5886.168
1727062844737,ETHUSDT,ask,2670,5919.674
1727062845148,ETHUSDT,ask,2670,5920.674
1727062845254,ETHUSDT,ask,2670,5917.227
1727062845658,ETHUSDT,ask,2670,5917.17
1727062845881,ETHUSDT,ask,2670,5883.622
1727062846592,ETHUSDT,ask,2670,5883.513
1727062847929,ETHUSDT,ask,2670,5883.633
1727062848137,ETHUSDT,ask,2670,5883.453
1727062848646,ETHUSDT,ask,2670,5880.833
1727062848949,ETHUSDT,ask,2670,5885.033
1727062849155,ETHUSDT,ask,2670,5885.153
1727062849574,ETHUSDT,ask,2670,5885.058
1727062849672,ETHUSDT,ask,2670,5885.178
1727062851645,ETHUSDT,ask,2670,5884.168
1727062852265,ETHUSDT,ask,2670,5885.808
1727062852368,ETHUSDT,ask,2670,5884.168
1727062853607,ETHUSDT,ask,2670,5884.159
1727062854227,ETHUSDT,ask,2670,5883.919
1727062854327,ETHUSDT,ask,2670,5881.761
1727062854431,ETHUSDT,ask,2670,5881.773
1727062854530,ETHUSDT,ask,2670,5882.117
1727062854635,ETHUSDT,ask,2670,5882.122
1727062854739,ETHUSDT,ask,2670,5882.132
1727062854840,ETHUSDT,ask,2670,5882.172
1727062854942,ETHUSDT,ask,2670,5882.121
1727062855044,ETHUSDT,ask,2670,5104.004
1727062855145,ETHUSDT,ask,2670,4972.01
1727062855245,ETHUSDT,ask,2670,4968.141
1727062855348,ETHUSDT,ask,2670,4961.253
1727062855443,ETHUSDT,ask,2670,4958.005
1727062855540,ETHUSDT,ask,2670,4958.005
1727062855655,ETHUSDT,ask,2670,4957.995
1727062855861,ETHUSDT,ask,2670,4957.121
1727062856066,ETHUSDT,ask,2670,4954.094
1727062856163,ETHUSDT,ask,2670,4954.102
1727062856274,ETHUSDT,ask,2670,4954.08
1727062856379,ETHUSDT,ask,2670,4954.194
1727062856482,ETHUSDT,ask,2670,4953.85
1727062856591,ETHUSDT,ask,2670,4951.895
1727062856797,ETHUSDT,ask,2670,4951.17
1727062856901,ETHUSDT,ask,2670,4951.094
1727062857107,ETHUSDT,ask,2670,4951.084
1727062857213,ETHUSDT,ask,2670,4951.597
1727062857314,ETHUSDT,ask,2670,4948.7
1727062857413,ETHUSDT,ask,2670,4948.172
1727062857622,ETHUSDT,ask,2670,4931.756
1727062857721,ETHUSDT,ask,2670,4927.623
1727062857831,ETHUSDT,ask,2670,4901.472
1727062857931,ETHUSDT,ask,2670,4900.726
1727062858047,ETHUSDT,ask,2670,4893.392
1727062858141,ETHUSDT,ask,2670,4867.24
1727062858253,ETHUSDT,ask,2670,4867.701
1727062858354,ETHUSDT,ask,2670,4865.714
1727062858455,ETHUSDT,ask,2670,4864.807
1727062858558,ETHUSDT,ask,2670,4864.016
1727062858663,ETHUSDT,ask,2670,4864.052
1727062858766,ETHUSDT,ask,2670,4863.352
1727062858879,ETHUSDT,ask,2670,4863.382
1727062858982,ETHUSDT,ask,2670,4900.226
1727062859087,ETHUSDT,ask,2670,4904.849
1727062859188,ETHUSDT,ask,2670,4904.835
1727062859390,ETHUSDT,ask,2670,4904.511
1727062859491,ETHUSDT,ask,2670,4867.462
1727062859592,ETHUSDT,ask,2670,4867.507
1727062859795,ETHUSDT,ask,2670,4875.939
1727062860000,ETHUSDT,ask,2670,4876.032
1727062860303,ETHUSDT,bid,2420,4358.986
1727062860303,ETHUSDT,ask,2670,4875.985
1727062860506,ETHUSDT,ask,2670,4876.005
1727062861314,ETHUSDT,bid,2420,4966.179
1727062862021,ETHUSDT,ask,2670,4869.032
1727062862535,ETHUSDT,ask,2670,4869.031
1727062863348,ETHUSDT,ask,2670,4869.023
1727062863551,ETHUSDT,ask,2670,4869.011
1727062864371,ETHUSDT,ask,2670,4869.01
1727062864674,ETHUSDT,ask,2670,4870.418
1727062865079,ETHUSDT,ask,2670,4870.368
1727062866100,ETHUSDT,ask,2670,4870.368
1727062866302,ETHUSDT,ask,2670,4874.194
1727062867105,ETHUSDT,ask,2670,4874.194
1727062868260,ETHUSDT,ask,2670,4874.494
1727062868987,ETHUSDT,ask,2670,4873.444
1727062869090,ETHUSDT,ask,2670,4873.444
1727062870008,ETHUSDT,ask,2670,4873.144
1727062870109,ETHUSDT,ask,2670,4873.144
1727062870210,ETHUSDT,ask,2670,4871.728
1727062870313,ETHUSDT,ask,2670,4875.468
1727062870413,ETHUSDT,ask,2670,4871.088
1727062870515,ETHUSDT,ask,2670,4871.387
1727062871026,ETHUSDT,ask,2670,4895.469
1727062871125,ETHUSDT,ask,2670,4876.995
1727062871531,ETHUSDT,ask,2670,4876.995
1727062871837,ETHUSDT,ask,2670,4871.387
1727062872248,ETHUSDT,ask,2670,4871.287
1727062872963,ETHUSDT,ask,2670,4875.028
1727062873063,ETHUSDT,ask,2670,4875.028
1727062873777,ETHUSDT,ask,2670,4871.287
1727062873878,ETHUSDT,ask,2670,4875.027
1727062873979,ETHUSDT,ask,2670,4871.287
1727062874082,ETHUSDT,ask,2670,4871.287
1727062874787,ETHUSDT,ask,2670,4904.195
1727062875101,ETHUSDT,ask,2670,4885.305
1727062876106,ETHUSDT,ask,2670,4885.305
1727062876948,ETHUSDT,ask,2670,4885.256
1727062877054,ETHUSDT,ask,2670,4885.256
1727062877980,ETHUSDT,ask,2670,4896.805
1727062878081,ETHUSDT,ask,2670,4896.805
1727062879108,ETHUSDT,ask,2670,4896.805
1727062879413,ETHUSDT,ask,2670,4900.406
1727062880024,ETHUSDT,ask,2670,4903.73
1727062880127,ETHUSDT,ask,2670,4885.256
1727062881042,ETHUSDT,ask,2670,4903.73
1727062882058,ETHUSDT,ask,2670,4885.256
1727062883083,ETHUSDT,ask,2670,4885.256
1727062883488,ETHUSDT,ask,2670,4885.306
1727062883590,ETHUSDT,ask,2670,4885.256
1727062883691,ETHUSDT,ask,2670,4885.256
1727062884093,ETHUSDT,ask,2670,4885.256
1727062884605,ETHUSDT,ask,2670,4886.082
1727062884811,ETHUSDT,ask,2670,4885.482
1727062885019,ETHUSDT,ask,2670,4903.956
1727062885120,ETHUSDT,ask,2670,4885.482
1727062886038,ETHUSDT,ask,2670,4904.456
1727062886143,ETHUSDT,ask,2670,4885.982
1727062887062,ETHUSDT,ask,2670,4885.982
1727062887373,ETHUSDT,ask,2670,4885.982
1727062888088,ETHUSDT,ask,2670,4885.982
1727062889107,ETHUSDT,ask,2670,4885.982
1727062889306,ETHUSDT,ask,2670,4886.171
1727062890029,ETHUSDT,ask,2670,4904.645
1727062890133,ETHUSDT,ask,2670,4886.171
1727062890440,ETHUSDT,ask,2670,4885.982
1727062890639,ETHUSDT,ask,2670,4889.721
1727062890747,ETHUSDT,ask,2670,4885.756
1727062890946,ETHUSDT,ask,2670,4885.756
1727062891053,ETHUSDT,ask,2670,4904.23
1727062891153,ETHUSDT,ask,2670,4885.756
1727062892068,ETHUSDT,ask,2670,4885.756
1727062893097,ETHUSDT,ask,2670,4885.756
1727062894110,ETHUSDT,ask,2670,4885.756
1727062895032,ETHUSDT,ask,2670,4904.23
1727062895127,ETHUSDT,ask,2670,4885.756
1727062895749,ETHUSDT,ask,2670,4885.83
1727062896052,ETHUSDT,ask,2670,4904.304
1727062896155,ETHUSDT,ask,2670,4885.83
1727062896870,ETHUSDT,ask,2670,4885.756
1727062897072,ETHUSDT,ask,2670,4886.256
1727062897174,ETHUSDT,ask,2670,4900.71
1727062897380,ETHUSDT,ask,2670,4885.756
1727062898399,ETHUSDT,ask,2670,4887.756
1727062898605,ETHUSDT,ask,2670,4888.329
1727062898708,ETHUSDT,ask,2670,4896.539
1727062898906,ETHUSDT,ask,2670,4894.299
1727062899014,ETHUSDT,ask,2670,4888.329
1727062899117,ETHUSDT,ask,2670,4888.329
1727062900045,ETHUSDT,ask,2670,4906.803
1727062900145,ETHUSDT,ask,2670,4888.329
1727062900249,ETHUSDT,ask,2670,4888.442
1727062900350,ETHUSDT,ask,2670,4888.392
1727062900858,ETHUSDT,ask,2670,4888.279
1727062901062,ETHUSDT,ask,2670,4888.279
1727062902081,ETHUSDT,ask,2670,4888.279
1727062903104,ETHUSDT,ask,2670,4888.279
1727062903411,ETHUSDT,ask,2670,4888.519
1727062904032,ETHUSDT,ask,2670,4906.993
1727062904137,ETHUSDT,ask,2670,4888.519
1727062905059,ETHUSDT,ask,2670,4888.519
1727062906284,ETHUSDT,ask,2670,4918.993
1727062906385,ETHUSDT,ask,2670,4916.993
1727062907097,ETHUSDT,ask,2670,4898.519
1727062907604,ETHUSDT,ask,2670,4898.399
1727062908839,ETHUSDT,ask,2670,4884.381
1727062909044,ETHUSDT,ask,2670,4902.855
1727062909147,ETHUSDT,ask,2670,4884.381
1727062909559,ETHUSDT,ask,2670,4883.781
1727062910063,ETHUSDT,ask,2670,4883.781
1727062910177,ETHUSDT,ask,2670,4884.72
1727062919092,ETHUSDT,ask,2670,4883.489
1727062919402,ETHUSDT,ask,2670,4883.509
1727062920116,ETHUSDT,ask,2670,4883.509
1727062921742,ETHUSDT,ask,2670,4883.582
1727062922063,ETHUSDT,ask,2670,4883.582
1727062923104,ETHUSDT,ask,2670,4883.562
1727062924130,ETHUSDT,ask,2670,4883.562
1727062924230,ETHUSDT,ask,2670,4920.945
1727062925059,ETHUSDT,ask,2670,4920.945
1727062926704,ETHUSDT,ask,2670,4926.553
1727062927222,ETHUSDT,ask,2670,4920.945
1727062927525,ETHUSDT,ask,2670,4920.666
1727062927930,ETHUSDT,ask,2670,4920.802
1727062928036,ETHUSDT,ask,2670,4939.276
1727062928139,ETHUSDT,ask,2670,4920.802
1727062928552,ETHUSDT,ask,2670,4920.229
1727062929067,ETHUSDT,ask,2670,4920.229
1727062929503,ETHUSDT,ask,2670,4920.229
1727062930130,ETHUSDT,ask,2670,4920.229
1727062931045,ETHUSDT,ask,2670,4952.721
1727062931146,ETHUSDT,ask,2670,4934.247
1727062932061,ETHUSDT,ask,2670,4939.846
1727062933090,ETHUSDT,ask,2670,4939.846
1727062935969,ETHUSDT,ask,2990,3459.424
1727062936070,ETHUSDT,ask,2670,4939.846
1727062937422,ETHUSDT,ask,2670,4941.565
1727062938031,ETHUSDT,ask,2670,4960.039
1727062938123,ETHUSDT,ask,2670,4941.565
1727062939047,ETHUSDT,ask,2670,4954.432
1727062939147,ETHUSDT,ask,2670,4935.958
1727062940073,ETHUSDT,ask,2670,4935.958
1727062941103,ETHUSDT,ask,2670,4935.958
1727062942137,ETHUSDT,ask,2670,4935.958
1727062943079,ETHUSDT,ask,2670,4935.958
1727062943919,ETHUSDT,ask,2670,4936.143
1727062944021,ETHUSDT,ask,2670,4954.617
1727062944121,ETHUSDT,ask,2670,4936.143
1727062944223,ETHUSDT,ask,2670,4935.958
1727062945050,ETHUSDT,ask,2670,4954.432
1727062945151,ETHUSDT,ask,2670,4935.958
1727062945759,ETHUSDT,ask,2670,4936.393
1727062946072,ETHUSDT,ask,2670,4936.393
1727062947107,ETHUSDT,ask,2670,4936.393
1727062947415,ETHUSDT,ask,2670,4936.393
1727062948029,ETHUSDT,ask,2670,4954.867
1727062948116,ETHUSDT,ask,2670,4936.393
1727062949063,ETHUSDT,ask,2670,4936.393
1727062950083,ETHUSDT,ask,2670,4936.393
1727062951109,ETHUSDT,ask,2670,4936.393
1727062951837,ETHUSDT,ask,2670,4936.935
1727062952047,ETHUSDT,ask,2670,4955.409
1727062952153,ETHUSDT,ask,2670,4936.935
1727062953103,ETHUSDT,ask,2670,4936.935
1727062954124,ETHUSDT,ask,2670,4936.935
1727062955051,ETHUSDT,ask,2670,4955.409
1727062955152,ETHUSDT,ask,2670,4936.935
1727062956079,ETHUSDT,ask,2670,4936.935
1727062957104,ETHUSDT,ask,2670,4937.055
1727062957307,ETHUSDT,ask,2670,4937.128
1727062957614,ETHUSDT,ask,2670,4947.582
1727062958024,ETHUSDT,ask,2670,4966.056
1727062958121,ETHUSDT,ask,2670,4947.582
1727062959051,ETHUSDT,ask,2670,4966.056
1727062959158,ETHUSDT,ask,2670,4947.582
1727062960102,ETHUSDT,ask,2670,4947.582
1727062961435,ETHUSDT,ask,2670,4945.863
1727062962073,ETHUSDT,ask,2670,4945.863
1727062963003,ETHUSDT,ask,2670,4931.845
1727062963104,ETHUSDT,ask,2670,4931.845
1727062965082,ETHUSDT,ask,2670,4931.845
1727062965803,ETHUSDT,ask,2670,4931.207
1727062965903,ETHUSDT,ask,2670,4932.522
1727062966104,ETHUSDT,ask,2670,4932.522
1727062966207,ETHUSDT,ask,2670,4932.287
1727062966521,ETHUSDT,ask,2670,4931.787
1727062967034,ETHUSDT,ask,2670,4950.261
1727062967138,ETHUSDT,ask,2670,4931.787
1727062968065,ETHUSDT,ask,2670,4928.232
1727062968267,ETHUSDT,ask,2670,4928.059
1727062968368,ETHUSDT,ask,2670,4928.678
1727062968673,ETHUSDT,ask,2670,4928.059
1727062968978,ETHUSDT,ask,2670,4928.104
1727062969689,ETHUSDT,ask,2670,4943.058
1727062969894,ETHUSDT,ask,2670,4928.104
1727062970096,ETHUSDT,ask,2670,4929.545
1727062971109,ETHUSDT,ask,2670,4929.545
1727062972038,ETHUSDT,ask,2670,4948.019
1727062972138,ETHUSDT,ask,2670,4929.545
1727062973085,ETHUSDT,ask,2670,4929.545
1727062973187,ETHUSDT,ask,2670,4937.025
1727062973288,ETHUSDT,ask,2670,4929.545
1727062973693,ETHUSDT,ask,2670,4929.734
1727062974003,ETHUSDT,ask,2670,4929.545
1727062974106,ETHUSDT,ask,2670,4929.545
1727062974205,ETHUSDT,ask,2670,4929.685
1727062975025,ETHUSDT,ask,2670,4948.159
1727062975113,ETHUSDT,ask,2670,4929.685
1727062976052,ETHUSDT,ask,2670,4948.159
1727062976145,ETHUSDT,ask,2670,4929.685
1727062976355,ETHUSDT,ask,2670,4929.685
1727062976455,ETHUSDT,ask,2670,4929.875
1727062977075,ETHUSDT,ask,2670,4929.875
1727062977380,ETHUSDT,ask,2670,4929.685
1727062977587,ETHUSDT,ask,2670,4930.685
1727062978104,ETHUSDT,ask,2670,4930.685
1727062978835,ETHUSDT,ask,2670,4931.03
1727062979040,ETHUSDT,ask,2670,4949.504
1727062979145,ETHUSDT,ask,2670,4931.03
1727062979659,ETHUSDT,ask,2670,4931.03
1727062979759,ETHUSDT,ask,2670,4932.02
1727062979864,ETHUSDT,ask,2670,4931.43
1727062979965,ETHUSDT,ask,2670,4931.03
1727062980066,ETHUSDT,ask,2670,4931.03
1727062982108,ETHUSDT,ask,2670,4931.03
1727062983042,ETHUSDT,ask,2670,4949.504
1727062983144,ETHUSDT,ask,2670,4931.03
1727062983352,ETHUSDT,ask,2670,4931.05
1727062984069,ETHUSDT,ask,2670,4931.05
1727062984990,ETHUSDT,ask,2670,4931.03
1727062985089,ETHUSDT,ask,2670,4939.516
1727062986111,ETHUSDT,ask,2670,4939.516
1727062986532,ETHUSDT,ask,2670,4939.516
1727062987054,ETHUSDT,ask,2670,4939.516
1727062987557,ETHUSDT,ask,2670,4939.546
1727062988079,ETHUSDT,ask,2670,4939.546
1727062991064,ETHUSDT,ask,2670,4958.02
1727062991164,ETHUSDT,ask,2670,4939.546
1727062992097,ETHUSDT,ask,2670,4939.546
1727062993025,ETHUSDT,ask,2670,4958.02
1727062993120,ETHUSDT,ask,2670,4939.546
1727062994059,ETHUSDT,ask,2670,4958.02
1727062994159,ETHUSDT,ask,2670,4939.546
1727062994261,ETHUSDT,ask,2670,4940.66
1727062995089,ETHUSDT,ask,2670,4940.66
1727062995193,ETHUSDT,ask,2990,3458.056
1727062996011,ETHUSDT,ask,2670,4941.185
1727062996112,ETHUSDT,ask,2670,4941.185
1727062997069,ETHUSDT,ask,2670,4940.66
1727062998106,ETHUSDT,ask,2670,4940.66
1727062999051,ETHUSDT,ask,2670,4959.134
1727062999148,ETHUSDT,ask,2670,4940.66
1727063000090,ETHUSDT,ask,2670,4932.174
1727063001103,ETHUSDT,ask,2670,4932.174
1727063002136,ETHUSDT,ask,2670,4932.474
1727063002235,ETHUSDT,ask,2670,4932.774
1727063002667,ETHUSDT,ask,2670,4933.074
1727063003088,ETHUSDT,ask,2670,4933.074
1727063003698,ETHUSDT,ask,2670,4933.374
1727063004109,ETHUSDT,ask,2670,4933.374
1727063005126,ETHUSDT,ask,2670,4933.374
1727063006096,ETHUSDT,ask,2670,4933.374
1727063006302,ETHUSDT,ask,2670,4942.906
1727063007106,ETHUSDT,ask,2670,4942.906
1727063007958,ETHUSDT,ask,2670,4941.246
1727063008059,ETHUSDT,ask,2670,4959.72
1727063008159,ETHUSDT,ask,2670,4941.246
1727063009081,ETHUSDT,ask,2670,4944.046
1727063009593,ETHUSDT,ask,2670,4943.22
1727063009693,ETHUSDT,ask,2670,4940.28
1727063009896,ETHUSDT,ask,2670,4940.206
1727063009997,ETHUSDT,ask,2670,4940.217
1727063010098,ETHUSDT,ask,2670,4940.217
1727063010199,ETHUSDT,ask,2670,4940.079
1727063012980,ETHUSDT,ask,2670,4940.068
1727063013182,ETHUSDT,ask,2670,4940.079
1727063013285,ETHUSDT,ask,2670,4941.688
1727063013387,ETHUSDT,ask,2670,4940.079
1727063014106,ETHUSDT,ask,2670,4940.098
1727063014207,ETHUSDT,ask,2670,4941.183
1727063014308,ETHUSDT,ask,2670,4941.203
1727063014511,ETHUSDT,ask,2670,4941.203
1727063014612,ETHUSDT,ask,2670,4941.203
1727063014814,ETHUSDT,ask,2670,4941.203
1727063014913,ETHUSDT,ask,2670,4941.203
1727063015019,ETHUSDT,ask,2670,4941.203
1727063015235,ETHUSDT,ask,2670,4941.203
1727063015336,ETHUSDT,ask,2670,4941.192
1727063015439,ETHUSDT,ask,2670,4940.127
1727063015538,ETHUSDT,ask,2670,4940.107
1727063015650,ETHUSDT,ask,2670,4940.087
1727063040828,ETHUSDT,bid,2670,5036.508
1727063040932,ETHUSDT,bid,2670,5037.408
1727063041032,ETHUSDT,bid,2670,5055.882
1727063041135,ETHUSDT,bid,2670,5037.408
1727063041650,ETHUSDT,bid,2670,5036.508
1727063041850,ETHUSDT,bid,2670,5037.258
1727063042052,ETHUSDT,bid,2670,5055.732
1727063042158,ETHUSDT,bid,2670,5037.258
1727063042579,ETHUSDT,bid,2670,5036.496
1727063042782,ETHUSDT,bid,2670,5036.508
1727063043083,ETHUSDT,bid,2670,5036.49
1727063044097,ETHUSDT,bid,2670,5040.226
1727063046139,ETHUSDT,bid,2670,5040.237
1727063046655,ETHUSDT,bid,2670,5040.637
1727063046756,ETHUSDT,bid,2670,5040.237
1727063048721,ETHUSDT,bid,2670,5040.225
1727063048932,ETHUSDT,bid,2670,5040.237
1727063050258,ETHUSDT,bid,2670,5036.528
1727063053243,ETHUSDT,bid,2670,5037.928
1727063053344,ETHUSDT,bid,2670,5037.728
1727063053649,ETHUSDT,bid,2670,5037.928
1727063053750,ETHUSDT,bid,2670,5036.528
1727063054054,ETHUSDT,bid,2670,5055.002
1727063054159,ETHUSDT,bid,2670,5036.528
1727063054879,ETHUSDT,bid,2670,5036.516
1727063054980,ETHUSDT,bid,2670,5036.596
1727063055081,ETHUSDT,bid,2670,5036.608
1727063057117,ETHUSDT,bid,2670,5036.608
1727063058130,ETHUSDT,bid,2670,5036.608
1727063059166,ETHUSDT,bid,2670,5036.528
1727063059472,ETHUSDT,bid,2670,5036.537
1727063063092,ETHUSDT,bid,2670,5037.51
1727063064009,ETHUSDT,bid,2670,5037.501
1727063064739,ETHUSDT,bid,2670,5037.521
1727063064949,ETHUSDT,bid,2670,5037.709
1727063066581,ETHUSDT,bid,2670,5037.839
1727063069262,ETHUSDT,bid,2670,5037.859
1727063070389,ETHUSDT,bid,2670,5037.88
1727063070597,ETHUSDT,bid,2670,5038.87
1727063071309,ETHUSDT,bid,2670,5057.51
1727063078015,ETHUSDT,bid,2670,5056.537
1727063080913,ETHUSDT,bid,2670,5056.549
1727063082662,ETHUSDT,bid,2670,5056.789
1727063083477,ETHUSDT,bid,2670,5056.579
1727063084913,ETHUSDT,bid,2670,5063.596
1727063085219,ETHUSDT,bid,2670,5056.579
1727063095102,ETHUSDT,bid,2670,5056.789
1727063095608,ETHUSDT,bid,2670,5056.803
1727063096222,ETHUSDT,bid,2670,5061.774
1727063097554,ETHUSDT,bid,2670,5061.782
1727063098673,ETHUSDT,bid,2670,5056.799
1727063099797,ETHUSDT,bid,2670,5056.779
1727063112602,ETHUSDT,bid,2670,5056.779
1727063112703,ETHUSDT,bid,2670,5056.801
1727063112804,ETHUSDT,bid,2670,5056.931
1727063114243,ETHUSDT,bid,2670,5056.691
1727063120095,ETHUSDT,bid,2670,5056.703
1727063120909,ETHUSDT,bid,2670,5056.573
1727063121939,ETHUSDT,bid,2670,5056.443
1727063122040,ETHUSDT,bid,2670,5056.431
1727063126247,ETHUSDT,bid,2670,5055.486
1727063126454,ETHUSDT,bid,2670,5055.498
1727063126661,ETHUSDT,bid,2670,5055.486
1727063127171,ETHUSDT,bid,2670,5055.498
1727063127292,ETHUSDT,bid,2670,5055.486
1727063127496,ETHUSDT,bid,2670,5036.846
1727063128209,ETHUSDT,bid,2670,5036.858
1727063129033,ETHUSDT,bid,2670,5055.287
1727063129133,ETHUSDT,bid,2670,5036.813
1727063129948,ETHUSDT,bid,2670,5042.077
1727063130054,ETHUSDT,bid,2670,5060.551
1727063130357,ETHUSDT,bid,2670,5040.659
1727063130874,ETHUSDT,bid,2670,5040.647
1727063131077,ETHUSDT,bid,2670,5040.659
1727063131584,ETHUSDT,bid,2670,5036.801
1727063131684,ETHUSDT,bid,2670,5036.813
1727063132904,ETHUSDT,bid,2670,5036.801
1727063133105,ETHUSDT,bid,2670,5036.801
1727063133309,ETHUSDT,bid,2670,5036.813
1727063133410,ETHUSDT,bid,2670,5037.409
1727063134021,ETHUSDT,bid,2670,5055.075
1727063134119,ETHUSDT,bid,2670,5036.601
1727063134329,ETHUSDT,bid,2670,5036.613
1727063134633,ETHUSDT,bid,2670,5036.731
1727063135048,ETHUSDT,bid,2670,5055.205
1727063135148,ETHUSDT,bid,2670,5036.731
1727063135968,ETHUSDT,bid,2670,5036.849
1727063136075,ETHUSDT,bid,2670,5036.849
1727063136783,ETHUSDT,ask,2990,3458.783
1727063137097,ETHUSDT,bid,2670,5036.849
1727063137908,ETHUSDT,bid,2670,5036.967
1727063138014,ETHUSDT,bid,2670,5055.441
1727063138112,ETHUSDT,bid,2670,5036.967
1727063138435,ETHUSDT,bid,2670,5038.617
1727063138654,ETHUSDT,bid,2670,5037.705
1727063138857,ETHUSDT,bid,2670,5038.617
1727063139067,ETHUSDT,bid,2670,5038.617
1727063139882,ETHUSDT,bid,2670,5045.516
1727063139985,ETHUSDT,bid,2670,5044.616
1727063140088,ETHUSDT,bid,2670,5037.717
1727063140189,ETHUSDT,bid,2670,5044.616
1727063140398,ETHUSDT,bid,2670,5045.516
1727063140603,ETHUSDT,bid,2670,5044.616
1727063141211,ETHUSDT,bid,2670,5043.866
1727063142639,ETHUSDT,bid,2670,5037.784
1727063142742,ETHUSDT,bid,2670,5036.827
1727063143151,ETHUSDT,bid,2670,5037.727
1727063143665,ETHUSDT,bid,2670,5037.727
1727063145717,ETHUSDT,bid,2670,5037.736
1727063146029,ETHUSDT,bid,2420,4358.986
1727063146242,ETHUSDT,bid,2670,5048.194
1727063146343,ETHUSDT,bid,2670,5037.736
1727063146849,ETHUSDT,bid,2670,5037.574
1727063147056,ETHUSDT,bid,2420,4966.715
1727063147056,ETHUSDT,bid,2670,5037.586
1727063147362,ETHUSDT,bid,2670,5038.486
1727063147569,ETHUSDT,bid,2670,5037.586
1727063148298,ETHUSDT,bid,2670,5037.574
1727063148599,ETHUSDT,bid,2670,5037.586
1727063149007,ETHUSDT,bid,2670,5036.836
1727063149110,ETHUSDT,bid,2670,5036.836
1727063150058,ETHUSDT,bid,2670,5036.836
1727063151086,ETHUSDT,bid,2670,5037.236
1727063151498,ETHUSDT,bid,2670,5038.048
1727063152621,ETHUSDT,bid,2670,5037.648
1727063152823,ETHUSDT,bid,2670,5047.348
1727063153127,ETHUSDT,bid,2670,5037.618
1727063154055,ETHUSDT,bid,2670,5037.618
1727063154702,ETHUSDT,bid,2670,5036.718
1727063155106,ETHUSDT,bid,2670,5036.718
1727063155731,ETHUSDT,bid,2670,5037.606
1727063155934,ETHUSDT,bid,2670,5037.618
1727063156040,ETHUSDT,bid,2670,5056.092
1727063156141,ETHUSDT,bid,2670,5037.618
1727063156863,ETHUSDT,bid,2670,5036.718
1727063157076,ETHUSDT,bid,2670,5036.718
1727063157790,ETHUSDT,bid,2670,5036.691
1727063158103,ETHUSDT,bid,2670,5036.691
1727063158926,ETHUSDT,bid,2670,5036.679
1727063159027,ETHUSDT,bid,2670,5055.153
1727063159128,ETHUSDT,bid,2670,5048.155
1727063159935,ETHUSDT,bid,2670,5048.997
1727063160047,ETHUSDT,bid,2670,5037.523
1727063160660,ETHUSDT,bid,2670,5037.473
1727063160863,ETHUSDT,bid,2670,5048.37
1727063160965,ETHUSDT,bid,2670,5048.37
1727063161684,ETHUSDT,bid,2670,5037.473
1727063162716,ETHUSDT,bid,2670,5054.829
1727063162918,ETHUSDT,bid,2670,5037.473
1727063163019,ETHUSDT,bid,2670,5067.473
1727063163119,ETHUSDT,bid,2670,5037.473
1727063163428,ETHUSDT,bid,2670,5037.461
1727063163528,ETHUSDT,bid,2670,5038.395
1727063163838,ETHUSDT,bid,2670,5038.407
1727063164446,ETHUSDT,bid,2670,5038.707
1727063164652,ETHUSDT,bid,2670,5037.773
1727063164753,ETHUSDT,bid,2670,5038.695
1727063165047,ETHUSDT,bid,2670,5036.903
1727063165976,ETHUSDT,bid,2670,5036.903
1727063166295,ETHUSDT,bid,2670,5036.891
1727063166502,ETHUSDT,bid,2670,5036.903
1727063166809,ETHUSDT,bid,2670,5036.603
1727063167529,ETHUSDT,bid,2670,5035.326
1727063167628,ETHUSDT,bid,2670,5035.821
1727063167732,ETHUSDT,bid,2670,5035.039
1727063167843,ETHUSDT,bid,2670,5035.057
1727063167946,ETHUSDT,bid,2670,5034.908
1727063168151,ETHUSDT,bid,2670,5034.919
1727063168352,ETHUSDT,bid,2670,5034.911
1727063168455,ETHUSDT,bid,2670,5024.949
1727063168556,ETHUSDT,bid,2670,5024.918
1727063168871,ETHUSDT,bid,2670,5024.926
1727063168972,ETHUSDT,bid,2670,4998.476
1727063169070,ETHUSDT,bid,2670,4999.785
1727063169177,ETHUSDT,bid,2670,5004.846
1727063169275,ETHUSDT,bid,2670,5004.646
1727063169380,ETHUSDT,bid,2670,5008.682
1727063169478,ETHUSDT,bid,2670,5008.148
1727063169580,ETHUSDT,bid,2670,5010.882
1727063169680,ETHUSDT,bid,2670,5010.664
1727063169787,ETHUSDT,bid,2670,5010.646
1727063169892,ETHUSDT,bid,2670,5010.648
1727063170103,ETHUSDT,bid,2670,5010.728
1727063170406,ETHUSDT,bid,2670,4276.599
1727063170505,ETHUSDT,bid,2670,4276.155
1727063170610,ETHUSDT,bid,2670,4276.982
1727063170713,ETHUSDT,bid,2670,4274.42
1727063170811,ETHUSDT,bid,2670,4272.758
1727063170916,ETHUSDT,bid,2670,4261.87
1727063171119,ETHUSDT,bid,2670,4266.422
1727063171224,ETHUSDT,bid,2670,4266.3
1727063171329,ETHUSDT,bid,2670,4266.309
1727063171426,ETHUSDT,bid,2670,4266.724
1727063171534,ETHUSDT,bid,2670,4267.246
1727063171627,ETHUSDT,bid,2670,4267.217
1727063171740,ETHUSDT,bid,2670,4267.247
1727063171847,ETHUSDT,bid,2670,4266.247
1727063171949,ETHUSDT,bid,2670,4266.214
1727063172054,ETHUSDT,bid,2670,4266.033
1727063172151,ETHUSDT,bid,2670,4265.947
1727063172258,ETHUSDT,bid,2670,4264.947
1727063172358,ETHUSDT,bid,2670,4263.778
1727063172459,ETHUSDT,bid,2670,4265.371
1727063172554,ETHUSDT,bid,2670,4264.235
1727063262805,ETHUSDT,bid,2420,4966.624
1727063265976,ETHUSDT,bid,2220,4560.531
1727063325835,ETHUSDT,bid,2420,4966.646
1727063353971,ETHUSDT,bid,2420,4966.631
1727063424869,ETHUSDT,bid,2460,4199.566
1727063432547,ETHUSDT,bid,2420,4358.902
1727063433491,ETHUSDT,bid,2420,4967.171
1727063580155,ETHUSDT,bid,2420,4967.996
1727063598287,ETHUSDT,bid,2420,4960.496
1727063719593,ETHUSDT,bid,2420,4352.227
1727063720605,ETHUSDT,bid,2420,4961.018
1727063730731,ETHUSDT,bid,2420,4962.018
1727063807456,ETHUSDT,bid,2420,4961.924
1727063943277,ETHUSDT,bid,2420,4960.893
1727064011692,ETHUSDT,bid,2420,4352.102
1727064070525,ETHUSDT,bid,2460,4199.762
1727064072051,ETHUSDT,ask,3090,3258.802
1727064072663,ETHUSDT,bid,2030,5065.397
1727064087294,ETHUSDT,bid,2420,4349.653
1727064161285,ETHUSDT,bid,2490,4025.906
1727064362601,ETHUSDT,bid,2420,4348.828
1727064705312,ETHUSDT,bid,2220,4550.531
1727064952974,ETHUSDT,bid,1780,5726.807
1727065011988,ETHUSDT,bid,2420,4348.328
1727065071315,ETHUSDT,ask,2990,3459.783
1727066114978,ETHUSDT,bid,1700,6021.991
1727066114978,ETHUSDT,bid,2220,4550.559
1727066114978,ETHUSDT,bid,2420,4348.356
1727066177715,ETHUSDT,bid,1700,6021.963
1727066177715,ETHUSDT,bid,2220,4550.531
1727066177715,ETHUSDT,bid,2420,4348.328
1727066177813,ETHUSDT,bid,2220,4550.502
1727066177813,ETHUSDT,bid,2420,4348.301
1727066287196,ETHUSDT,bid,2490,4025.655
1727066310129,ETHUSDT,bid,2420,4348.713
1727066359670,ETHUSDT,bid,1940,5299.969
1727066488193,ETHUSDT,ask,2990,3459.704
1727066541291,ETHUSDT,bid,2490,4023.655
1727066549125,ETHUSDT,ask,2890,8509.298
1727066637553,ETHUSDT,bid,2460,4199.356
1727067058858,ETHUSDT,bid,2490,4023.639
1727067685649,ETHUSDT,bid,2490,4026.588
1727067753966,ETHUSDT,bid,2420,4348.663
1727067785285,ETHUSDT,bid,2420,4347.426
1727068019459,ETHUSDT,bid,2420,4347.444
1727068056551,ETHUSDT,bid,2420,4347.426
1727068136279,ETHUSDT,ask,3040,3301.085
1727068344295,ETHUSDT,bid,2460,4199.338
1727068455917,ETHUSDT,bid,2420,4342.426
1727068476335,ETHUSDT,bid,2490,4026.572
1727068486301,ETHUSDT,bid,2650,9283.453
1727068489068,ETHUSDT,bid,2650,9285.117
1727068489167,ETHUSDT,bid,2650,9284.637
1727068494014,ETHUSDT,bid,2650,9284.767
1727068495444,ETHUSDT,bid,2650,9284.465
1727068496803,ETHUSDT,bid,2650,9283.899
1727068498644,ETHUSDT,bid,2650,9284.379
1727068499050,ETHUSDT,bid,2650,9282.699
1727068502123,ETHUSDT,bid,2650,9282.806
1727068504376,ETHUSDT,bid,2650,9284.646
1727068504781,ETHUSDT,bid,2650,9284.166
1727068506517,ETHUSDT,bid,2650,9284.468
1727068509910,ETHUSDT,bid,2650,9284.338
1727068510619,ETHUSDT,bid,2650,9284.231
1727068510720,ETHUSDT,bid,2650,9288.449
1727068517750,ETHUSDT,bid,2650,9288.637
1727068520539,ETHUSDT,bid,2650,9288.637
1727068520641,ETHUSDT,bid,2650,9289.627
1727068520741,ETHUSDT,bid,2650,9290.258
1727068521152,ETHUSDT,bid,2650,9289.956
1727068529438,ETHUSDT,bid,2650,9290.096
1727068534472,ETHUSDT,bid,2650,9296.413
1727068534775,ETHUSDT,bid,2650,9288.256
1727068538863,ETHUSDT,bid,2420,4342.457
1727068538863,ETHUSDT,bid,2650,9288.306
1727068549691,ETHUSDT,bid,2650,9288.481
1727068560216,ETHUSDT,bid,2650,9290.481
1727068561744,ETHUSDT,bid,2650,9290.621
1727068563481,ETHUSDT,bid,2650,9292.189
1727068564003,ETHUSDT,bid,2650,9292.049
1727068564104,ETHUSDT,bid,2650,9290.481
1727068567807,ETHUSDT,bid,2650,9309.263
1727068573587,ETHUSDT,bid,2650,9309.475
1727068587660,ETHUSDT,bid,2650,9309.485
1727068595404,ETHUSDT,bid,2650,9309.476
1727068602876,ETHUSDT,bid,2650,9309.778
1727068606788,ETHUSDT,bid,2650,9306.778
1727068608227,ETHUSDT,bid,2650,9306.476
1727068610379,ETHUSDT,bid,2650,9306.676
1727068611293,ETHUSDT,bid,2650,9306.501
1727068612315,ETHUSDT,bid,2650,9309.452
1727068615865,ETHUSDT,bid,2650,9310.307
1727068619144,ETHUSDT,bid,2650,9307.356
1727068626453,ETHUSDT,bid,2650,9307.393
1727068633755,ETHUSDT,bid,2650,9315.552
1727068633957,ETHUSDT,bid,2650,9307.393
1727068655123,ETHUSDT,bid,2650,9309.393
1727068667904,ETHUSDT,bid,2650,9316.928
1727068669326,ETHUSDT,bid,2650,9316.953
1727068690778,ETHUSDT,bid,2490,4026.518
1727068706158,ETHUSDT,bid,2650,9316.322
1727068709082,ETHUSDT,bid,2650,9316.182
1727068732771,ETHUSDT,bid,2650,9321.182
1727068739702,ETHUSDT,bid,2650,9321.193
1727068739804,ETHUSDT,bid,2650,9320.46
1727068749040,ETHUSDT,bid,2650,9319.605
1727068777958,ETHUSDT,bid,2650,9319.568
1727068792663,ETHUSDT,bid,2650,9319.768
1727068805846,ETHUSDT,bid,2650,9319.068
1727068820264,ETHUSDT,bid,2650,9359.252
1727068820465,ETHUSDT,bid,2650,9319.068
1727068825910,ETHUSDT,bid,2650,9319.256
1727068829703,ETHUSDT,bid,2650,9327.256
1727068830717,ETHUSDT,bid,2650,9319.256
1727068830818,ETHUSDT,bid,2650,9318.266
1727068831530,ETHUSDT,bid,2490,4023.569
1727068839399,ETHUSDT,bid,2650,9318.746
1727068845847,ETHUSDT,bid,2650,9318.718
1727068848307,ETHUSDT,bid,2650,9318.238
1727068852008,ETHUSDT,bid,2650,9317.712
1727068898740,ETHUSDT,bid,2650,9317.212
1727068909036,ETHUSDT,bid,2650,9316.751
1727068928959,ETHUSDT,bid,2650,9324.751
1727068929973,ETHUSDT,bid,2650,9316.751
1727068939113,ETHUSDT,bid,2650,9314.751
1727068955289,ETHUSDT,bid,2650,9315.002
1727068963637,ETHUSDT,bid,2650,9315.114
1727069018470,ETHUSDT,bid,2650,9316.104
1727069042923,ETHUSDT,bid,2650,9316.204
1727069061661,ETHUSDT,bid,2650,9316.539
1727069094962,ETHUSDT,bid,2650,9326.539
1727069100075,ETHUSDT,bid,2650,9363.893
1727069101399,ETHUSDT,bid,2650,9326.539
1727069113981,ETHUSDT,bid,2650,9326.55
1727069117137,ETHUSDT,bid,2650,9334.55
1727069118362,ETHUSDT,bid,2650,9326.55
1727069119069,ETHUSDT,bid,2650,9326.539
1727069154596,ETHUSDT,bid,2650,9328.259
1727069159786,ETHUSDT,bid,2650,9309.477
1727069176294,ETHUSDT,bid,2650,9309.226
1727069187669,ETHUSDT,bid,2650,9308.883
1727069204040,ETHUSDT,bid,2650,9308.697
1727069211543,ETHUSDT,bid,2650,9308.734
1727069211749,ETHUSDT,bid,2650,9308.745
1727069212158,ETHUSDT,bid,2650,9308.705
1727069223454,ETHUSDT,bid,2650,9309.635
1727069233855,ETHUSDT,bid,2650,9309.821
1727069239019,ETHUSDT,bid,2650,9310.009
1727069243827,ETHUSDT,bid,2650,9309.079
1727069246906,ETHUSDT,bid,2650,9316.626
1727069254570,ETHUSDT,bid,2650,9317.616
1727069261292,ETHUSDT,bid,2650,9325.774
1727069264512,ETHUSDT,bid,2650,9317.616
1727069264716,ETHUSDT,bid,2650,9318.503
1727069266778,ETHUSDT,bid,2650,9316.783
1727069274117,ETHUSDT,bid,2650,9529.101
1727069274216,ETHUSDT,bid,2650,9316.783
1727069303100,ETHUSDT,bid,2650,9316.597
1727069305451,ETHUSDT,bid,2650,9316.567
1727069313846,ETHUSDT,bid,2650,9316.669
1727069314156,ETHUSDT,bid,2650,9405.503
1727069315589,ETHUSDT,bid,2650,9405.401
1727069321781,ETHUSDT,bid,2650,9316.567
1727069323200,ETHUSDT,bid,2650,9316.367
1727069349654,ETHUSDT,bid,2650,9316.62
1727069356004,ETHUSDT,bid,1960,5170.034
1727069366163,ETHUSDT,bid,2650,9316.657
1727069383566,ETHUSDT,bid,2650,9324.119
1727069415166,ETHUSDT,bid,2650,9323.107
1727069424891,ETHUSDT,bid,2650,9324.092
1727069432146,ETHUSDT,bid,2650,9325.978
1727069460125,ETHUSDT,bid,2650,9324.092
1727069480154,ETHUSDT,bid,2650,9324.112
1727069484216,ETHUSDT,bid,2650,9324.102
1727069496524,ETHUSDT,bid,2650,9336.442
1727069505656,ETHUSDT,bid,2650,9336.542
1727069522259,ETHUSDT,bid,2650,9338.428
1727069542285,ETHUSDT,bid,2650,9338.446
1727069547422,ETHUSDT,bid,2650,9339.568
1727069550515,ETHUSDT,bid,2650,9327.228
1727069561399,ETHUSDT,bid,2650,9347.228
1727069566379,ETHUSDT,bid,2650,9327.228
1727069574971,ETHUSDT,bid,2650,9322.228
1727069578002,ETHUSDT,bid,2650,9347.379
1727069580255,ETHUSDT,bid,2650,9347.167
1727069590812,ETHUSDT,bid,2650,9346.045
1727069604604,ETHUSDT,bid,2650,9320.894
1727069632288,ETHUSDT,bid,2650,5106.047
1727069632391,ETHUSDT,bid,2650,5107.899
1727069632489,ETHUSDT,bid,2650,5111.409
1727069632695,ETHUSDT,bid,2650,5053.68
1727069632796,ETHUSDT,bid,2650,5053.65
1727069632899,ETHUSDT,bid,2650,5053.908
1727069633100,ETHUSDT,bid,2650,5053.669
1727069633203,ETHUSDT,bid,2650,5053.669
1727069633404,ETHUSDT,bid,2650,5051.469
1727069634223,ETHUSDT,bid,2650,4967.276
1727069634325,ETHUSDT,bid,2650,4967.672
1727069634528,ETHUSDT,bid,2650,4967.294
1727069634626,ETHUSDT,bid,2650,4967.698
1727069634735,ETHUSDT,bid,2650,4967.458
1727069635042,ETHUSDT,bid,2650,4970.051
1727069635146,ETHUSDT,bid,2650,4969.92
1727069635246,ETHUSDT,bid,2650,4969.902
1727069635341,ETHUSDT,bid,2650,4969.902
1727069635455,ETHUSDT,bid,2650,4970.592
1727069635561,ETHUSDT,bid,2650,4970.901
1727069635667,ETHUSDT,bid,2650,4970.382
1727069635969,ETHUSDT,bid,2650,4974.982
1727069636079,ETHUSDT,bid,2650,4973.378
1727069636170,ETHUSDT,bid,2650,4973.362
1727069636279,ETHUSDT,bid,2650,4971.245
1727069636500,ETHUSDT,bid,2650,5027.683
1727069636904,ETHUSDT,bid,2650,5027.448
1727069637007,ETHUSDT,bid,2650,5027.061
1727069637107,ETHUSDT,bid,2650,5026.282
1727069637208,ETHUSDT,bid,2650,5026.702
1727069637415,ETHUSDT,bid,2650,5027.432
1727069637516,ETHUSDT,bid,2650,5027.476
1727069637819,ETHUSDT,bid,2650,5027.067
1727069637919,ETHUSDT,bid,2650,5027.454
1727069638137,ETHUSDT,bid,2650,5027.562
1727069638236,ETHUSDT,bid,2650,5027.586
1727069638337,ETHUSDT,bid,2650,5039.727
1727069638437,ETHUSDT,bid,2650,5039.736
1727069638544,ETHUSDT,bid,2650,5039.972
1727069638648,ETHUSDT,bid,2650,5039.585
1727069638855,ETHUSDT,bid,2650,5039.973
1727069639162,ETHUSDT,bid,2650,5039.75
1727069639288,ETHUSDT,bid,2650,5039.953
1727069639389,ETHUSDT,bid,2650,5039.75
1727069639491,ETHUSDT,bid,2650,5039.405
1727069639603,ETHUSDT,bid,2650,5038.315
1727069640118,ETHUSDT,bid,2650,5037.672
1727069640219,ETHUSDT,bid,2650,5037.55
1727069640320,ETHUSDT,bid,2650,5035.056
1727069640422,ETHUSDT,bid,2650,5034.048
1727069640523,ETHUSDT,bid,2650,5031.533
1727069640824,ETHUSDT,bid,2650,3875.705
1727070020799,ETHUSDT,bid,2460,4198.323
1727070130659,ETHUSDT,bid,2490,4024.898
1727070622338,ETHUSDT,bid,1950,5470.74
1727071969592,ETHUSDT,bid,2030,5065.372
1727072331657,ETHUSDT,bid,2420,4340.396
1727072895860,ETHUSDT,bid,2420,4340.386
1727072931541,ETHUSDT,bid,2430,4118.792
1727073141483,ETHUSDT,bid,2460,4199.542
1727073738169,ETHUSDT,bid,2430,4744.798
1727073900711,ETHUSDT,bid,2030,5065.399
1727073918069,ETHUSDT,ask,2890,8504.298
1727074027127,ETHUSDT,bid,2430,4118.792
1727074028072,ETHUSDT,bid,2430,4745.273
1727074028377,ETHUSDT,bid,2490,4024.743
1727074035631,ETHUSDT,bid,1700,6021.248
1727074271196,ETHUSDT,bid,2030,5065.42
1727074308802,ETHUSDT,bid,2430,4118.792
1727074309826,ETHUSDT,bid,2430,4745.748
1727074598849,ETHUSDT,bid,2430,4118.792
1727074599784,ETHUSDT,bid,2430,4746.211
1727074807612,ETHUSDT,bid,2490,4024.566
1727074878585,ETHUSDT,bid,2430,4118.792
1727074879603,ETHUSDT,bid,2430,4746.674
1727074923218,ETHUSDT,bid,2490,4024.736
1727074977135,ETHUSDT,bid,2030,5063.832
1727075167307,ETHUSDT,bid,2430,4118.792
1727075168242,ETHUSDT,bid,2430,4747.14
1727075459153,ETHUSDT,bid,2430,4118.792
1727075460185,ETHUSDT,bid,2430,4747.583
1727075470692,ETHUSDT,bid,2420,4340.327
1727075748825,ETHUSDT,bid,2430,4118.792
1727075749848,ETHUSDT,bid,2430,4748.016
1727076031328,ETHUSDT,bid,2430,4118.792
1727076032360,ETHUSDT,bid,2430,4748.439
1727076121069,ETHUSDT,bid,2420,4342.388
1727076309186,ETHUSDT,bid,2430,4118.792
1727076388893,ETHUSDT,bid,2490,4026.816
1727076407250,ETHUSDT,bid,2420,4342.182
1727076446926,ETHUSDT,bid,1960,5170.007
1727076481573,ETHUSDT,bid,2490,4024.736
1727076768258,ETHUSDT,bid,2490,4026.138
1727077358174,ETHUSDT,bid,2490,4039.193
1727077500009,ETHUSDT,bid,2490,4039.184
1727077582499,ETHUSDT,bid,1700,6021.034
1727077720803,ETHUSDT,bid,1680,8945.077
1727077794467,ETHUSDT,bid,2460,4219.542
1727078285023,ETHUSDT,bid,2420,4342.018
1727078294764,ETHUSDT,bid,2460,4219.346
1727078294862,ETHUSDT,bid,2030,5063.595
1727078412745,ETHUSDT,bid,2220,4548.705
1727078456419,ETHUSDT,bid,2420,4342.781
1727078469146,ETHUSDT,ask,2890,8504.398
1727079002635,ETHUSDT,bid,2490,4039.193
1727079222437,ETHUSDT,ask,2990,3452.929
1727079719194,ETHUSDT,bid,2220,4548.695
1727079719194,ETHUSDT,bid,2420,4342.771
1727080416066,ETHUSDT,bid,2420,4342.827
1727080428544,ETHUSDT,ask,2990,3453.181
1727080488426,ETHUSDT,ask,2990,3452.929
1727080493209,ETHUSDT,ask,2990,3453.28
1727081512901,ETHUSDT,bid,2420,4342.064
1727083060717,ETHUSDT,bid,2420,4342.055
1727083362377,ETHUSDT,bid,1740,5778.393
1727083678469,ETHUSDT,ask,2990,3674.632
1727084128854,ETHUSDT,ask,2990,3453.354
1727085116347,ETHUSDT,bid,2420,4332.055
1727085180146,ETHUSDT,ask,3040,3301.301
1727085333417,ETHUSDT,bid,2030,5063.616
1727086645134,ETHUSDT,bid,1680,8945.063
1727086645134,ETHUSDT,bid,1700,6021.02
1727086645134,ETHUSDT,bid,1740,5778.379
1727086645134,ETHUSDT,bid,1780,5726.793
1727086645134,ETHUSDT,bid,1960,5169.993
1727087714680,ETHUSDT,bid,2420,4332.217
1727088317244,ETHUSDT,bid,2220,4548.762
1727088343864,ETHUSDT,ask,2990,3520.243
1727088556261,ETHUSDT,ask,2990,3519.575
1727088775347,ETHUSDT,bid,2030,5063.592
1727090589477,ETHUSDT,bid,2220,4548.776
1727090589477,ETHUSDT,ask,2990,3519.589
1727090943045,ETHUSDT,bid,2420,4337.217
1727091347657,ETHUSDT,bid,2420,4336.393
1727091526307,ETHUSDT,ask,2990,3518.862
1727091590438,ETHUSDT,bid,2420,4336.093
1727091718037,ETHUSDT,bid,2420,4336.491
1727092424685,ETHUSDT,bid,1740,5778.362
1727092850802,ETHUSDT,bid,2420,4336.482
1727093252540,ETHUSDT,bid,2030,5062.52
1727093808241,ETHUSDT,bid,2420,4336.941
1727093930270,ETHUSDT,bid,1680,8944.957
1727093933745,ETHUSDT,bid,1700,6020.859
1727093936433,ETHUSDT,bid,1710,5867.388
1727094805581,ETHUSDT,bid,2490,4039.593
1727094810180,ETHUSDT,bid,2490,4039.193
1727095598361,ETHUSDT,bid,2430,4118.781
1727095660776,ETHUSDT,bid,1700,6020.811
1727095660776,ETHUSDT,bid,2220,4548.74
1727095660776,ETHUSDT,bid,2420,4336.908
1727095758241,ETHUSDT,bid,2430,4118.37
1727096091191,ETHUSDT,bid,2420,4336.918
1727096787406,ETHUSDT,bid,2490,4038.193
1727097589012,ETHUSDT,bid,2490,4025.138
1727097873165,ETHUSDT,bid,1960,5170.258
1727098450359,ETHUSDT,bid,2490,4023.809
1727098554886,ETHUSDT,bid,2490,4024.129
1727099395633,ETHUSDT,bid,2030,5061.52
1727099888509,ETHUSDT,bid,1700,6015.476
1727100115984,ETHUSDT,bid,1960,5175.36
1727100215705,ETHUSDT,bid,2490,4024.116
1727100364283,ETHUSDT,bid,2490,4024.136
1727100517845,ETHUSDT,bid,2490,4022.693
1727100574152,ETHUSDT,bid,2420,4336.898
1727100642709,ETHUSDT,bid,1700,6015.091
1727100642709,ETHUSDT,bid,1780,5726.425
1727101264929,ETHUSDT,bid,2420,4339.148
1727101686602,ETHUSDT,bid,2220,4548.779
1727101946171,ETHUSDT,bid,2420,4340.453
1727102008022,ETHUSDT,bid,2420,4339.148
1727102441604,ETHUSDT,bid,2460,4218.928
1727102543037,ETHUSDT,bid,1940,5239.625
1727102835950,ETHUSDT,bid,2640,5497.566
1727102836659,ETHUSDT,bid,2640,5496.054
1727102836763,ETHUSDT,bid,2640,5495.298
1727102837069,ETHUSDT,bid,2640,5495.29
1727102837170,ETHUSDT,bid,2640,5495.282
1727102838083,ETHUSDT,bid,2640,5495.267
1727102843997,ETHUSDT,bid,2640,5495.267
1727102844920,ETHUSDT,bid,2640,5495.34
1727102845842,ETHUSDT,bid,2640,5495.267
1727102850736,ETHUSDT,bid,2640,5495.369
1727102853201,ETHUSDT,bid,2640,5495.267
1727102855147,ETHUSDT,bid,2640,5495.369
1727102857816,ETHUSDT,bid,2640,5496.257
1727102858627,ETHUSDT,bid,2640,5504.438
1727102859039,ETHUSDT,bid,2640,5496.257
1727102861482,ETHUSDT,bid,2640,6615.659
1727102866157,ETHUSDT,bid,2640,6615.704
1727102872989,ETHUSDT,bid,2640,6615.736
1727102879609,ETHUSDT,bid,2640,6615.766
1727102883975,ETHUSDT,bid,2640,6614.776
1727102884582,ETHUSDT,bid,2640,6614.786
1727102896708,ETHUSDT,bid,2640,6614.859
1727102898428,ETHUSDT,bid,2640,6614.786
1727102909312,ETHUSDT,bid,2640,6614.796
1727102910122,ETHUSDT,bid,2640,6614.786
1727102910631,ETHUSDT,bid,2640,6614.796
1727102911346,ETHUSDT,bid,2640,6614.806
1727102916966,ETHUSDT,bid,2640,5495.404
1727102930624,ETHUSDT,bid,2640,5495.414
1727102933084,ETHUSDT,bid,2640,5495.404
1727102961961,ETHUSDT,bid,2640,5495.414
1727102962365,ETHUSDT,bid,2640,5495.404
1727102989047,ETHUSDT,bid,2640,5495.414
1727102990775,ETHUSDT,bid,2640,5495.404
1727102998439,ETHUSDT,bid,2640,5495.414
1727102998845,ETHUSDT,bid,2640,5495.404
1727103014825,ETHUSDT,bid,2640,5503.404
1727103015742,ETHUSDT,bid,2640,5495.404
1727103033225,ETHUSDT,bid,2640,5495.575
1727103040285,ETHUSDT,bid,2640,5496.565
1727103040992,ETHUSDT,bid,2640,5497.555
1727103061149,ETHUSDT,bid,2640,5542.795
1727103064714,ETHUSDT,bid,2640,5497.555
1727103080138,ETHUSDT,bid,2640,5497.384
1727103087787,ETHUSDT,bid,2640,5498.135
1727103106298,ETHUSDT,bid,2640,5506.655
1727103108448,ETHUSDT,bid,2640,5514.655
1727103112459,ETHUSDT,bid,2640,5506.655
1727103113504,ETHUSDT,bid,2640,5514.655
1727103113608,ETHUSDT,bid,2640,5514.852
1727103114533,ETHUSDT,bid,2640,5506.852
1727103120276,ETHUSDT,bid,2640,5505.862
1727103120377,ETHUSDT,bid,2640,5497.342
1727103132524,ETHUSDT,bid,2640,5496.352
1727103133030,ETHUSDT,bid,2640,5498.352
1727103133538,ETHUSDT,bid,2640,5496.352
1727103135677,ETHUSDT,bid,2640,5498.352
1727103136183,ETHUSDT,bid,2640,5496.352
1727103141280,ETHUSDT,bid,2640,5497.613
1727103163938,ETHUSDT,bid,2490,4022.68
1727103165263,ETHUSDT,bid,2640,5496.352
1727103170164,ETHUSDT,ask,2650,10154.433
1727103170569,ETHUSDT,ask,2650,10154.652
1727103170669,ETHUSDT,ask,2650,10154.665
1727103170778,ETHUSDT,ask,2650,10154.446
1727103171085,ETHUSDT,ask,2650,10154.446
1727103171597,ETHUSDT,ask,2650,10154.665
1727103171802,ETHUSDT,ask,2650,10154.446
1727103172107,ETHUSDT,ask,2650,10154.446
1727103173639,ETHUSDT,bid,2640,5496.155
1727103177101,ETHUSDT,bid,2640,5495.84
1727103184122,ETHUSDT,bid,2640,5496.218
1727103186970,ETHUSDT,bid,2640,5496.407
1727103187173,ETHUSDT,bid,2640,5496.218
1727103192976,ETHUSDT,bid,2640,5495.467
1727103202416,ETHUSDT,bid,2640,5495.843
1727103208015,ETHUSDT,bid,2640,5495.467
1727103230956,ETHUSDT,bid,2640,5490.467
1727103254584,ETHUSDT,bid,2640,5489.598
1727103268859,ETHUSDT,bid,2640,5494.598
1727103287974,ETHUSDT,ask,2990,3517.956
1727103297947,ETHUSDT,bid,2640,5495.165
1727103345981,ETHUSDT,bid,2640,5495.241
1727103347407,ETHUSDT,bid,2640,5495.165
1727103385298,ETHUSDT,bid,2640,5495.195
1727103407757,ETHUSDT,bid,2640,5500.797
1727103408983,ETHUSDT,bid,2640,5502.797
1727103410009,ETHUSDT,bid,2640,5500.797
1727103449910,ETHUSDT,ask,2660,9622.402
1727103450011,ETHUSDT,ask,2660,9627.026
1727103450112,ETHUSDT,ask,2660,9621.394
1727103450313,ETHUSDT,ask,2660,9621.319
1727103450516,ETHUSDT,ask,2660,9621.544
1727103450720,ETHUSDT,ask,2660,9621.319
1727103451024,ETHUSDT,ask,2660,9639.793
1727103451122,ETHUSDT,ask,2660,9621.438
1727103451535,ETHUSDT,ask,2660,9621.663
1727103451739,ETHUSDT,ask,2660,9621.438
1727103451840,ETHUSDT,ask,2660,9620.638
1727103451941,ETHUSDT,ask,2660,9620.63
1727103452039,ETHUSDT,ask,2660,9639.104
1727103452144,ETHUSDT,ask,2660,9620.63
1727103452362,ETHUSDT,ask,2660,9620.678
1727103452567,ETHUSDT,ask,2660,9620.903
1727103452747,ETHUSDT,ask,2660,9620.678
1727103453078,ETHUSDT,ask,2660,9620.678
1727103453594,ETHUSDT,ask,2660,9620.903
1727103453799,ETHUSDT,ask,2660,9620.678
1727103454102,ETHUSDT,ask,2660,9620.678
1727103454519,ETHUSDT,ask,2660,9620.903
1727103454723,ETHUSDT,ask,2660,9620.678
1727103455545,ETHUSDT,ask,2660,9620.903
1727103455759,ETHUSDT,ask,2660,9620.678
1727103456068,ETHUSDT,ask,2660,9620.678
1727103456579,ETHUSDT,ask,2660,9620.903
1727103456776,ETHUSDT,ask,2660,9620.678
1727103457102,ETHUSDT,ask,2660,9620.678
1727103457609,ETHUSDT,ask,2660,9620.903
1727103457804,ETHUSDT,ask,2660,9620.678
1727103458020,ETHUSDT,ask,2660,9639.152
1727103458113,ETHUSDT,ask,2660,9620.678
1727103458535,ETHUSDT,ask,2660,9620.903
1727103458840,ETHUSDT,ask,2660,9620.678
1727103459150,ETHUSDT,ask,2660,9622.235
1727103459659,ETHUSDT,ask,2660,9623.517
1727103460162,ETHUSDT,bid,2640,5500.936
1727103460775,ETHUSDT,ask,2660,9622.856
1727103460979,ETHUSDT,ask,2660,9622.762
1727103463220,ETHUSDT,ask,2660,9639.033
1727103463521,ETHUSDT,ask,2660,9639.258
1727103463728,ETHUSDT,ask,2660,9639.033
1727103464137,ETHUSDT,ask,2660,9620.559
1727103464744,ETHUSDT,ask,2660,9620.687
1727103465049,ETHUSDT,ask,2660,9639.161
1727103465148,ETHUSDT,ask,2660,9620.687
1727103465558,ETHUSDT,ask,2660,9620.912
1727103465659,ETHUSDT,ask,2660,9621.222
1727103465756,ETHUSDT,ask,2660,9620.997
1727103466064,ETHUSDT,ask,2660,9620.997
1727103466580,ETHUSDT,ask,2660,9621.222
1727103466790,ETHUSDT,ask,2660,9620.997
1727103467094,ETHUSDT,ask,2660,9620.997
1727103467398,ETHUSDT,ask,2660,9623.677
1727103467500,ETHUSDT,ask,2660,9620.567
1727103467598,ETHUSDT,ask,2660,9620.792
1727103467803,ETHUSDT,ask,2660,9620.567
1727103468112,ETHUSDT,ask,2660,9618.767
1727103468213,ETHUSDT,ask,2660,9620.404
1727103468926,ETHUSDT,ask,2660,9618.767
1727103470163,ETHUSDT,ask,2660,9618.775
1727103470473,ETHUSDT,ask,2660,9618.767
1727103471594,ETHUSDT,ask,2660,9618.774
1727103471801,ETHUSDT,ask,2660,9618.782
1727103472002,ETHUSDT,ask,2660,9618.767
1727103472610,ETHUSDT,ask,2660,9619.592
1727103472812,ETHUSDT,ask,2660,9619.367
1727103473015,ETHUSDT,ask,2660,9637.841
1727103473120,ETHUSDT,ask,2660,9622.228
1727103473434,ETHUSDT,ask,2660,9621.612
1727103473536,ETHUSDT,ask,2660,9618.767
1727103474453,ETHUSDT,ask,2660,9619.367
1727103474759,ETHUSDT,ask,2660,9619.852
1727103475167,ETHUSDT,ask,2660,9630.419
1727103475277,ETHUSDT,ask,2660,9619.252
1727103477224,ETHUSDT,bid,2640,5500.985
1727103478503,ETHUSDT,ask,2660,9632.014
1727103478704,ETHUSDT,ask,2660,9631.789
1727103478808,ETHUSDT,ask,2660,9621.252
1727103479016,ETHUSDT,ask,2660,9639.726
1727103479106,ETHUSDT,ask,2660,9621.252
1727103479321,ETHUSDT,ask,2660,9621.627
1727103479522,ETHUSDT,ask,2660,9621.852
1727103479721,ETHUSDT,ask,2660,9621.627
1727103479827,ETHUSDT,ask,2660,9621.327
1727103480030,ETHUSDT,ask,2660,9639.801
1727103480132,ETHUSDT,ask,2660,9621.327
1727103480436,ETHUSDT,ask,2660,9621.252
1727103480536,ETHUSDT,ask,2660,9621.477
1727103480743,ETHUSDT,ask,2660,9621.252
1727103481051,ETHUSDT,ask,2660,9639.726
1727103481152,ETHUSDT,ask,2660,9621.252
1727103481356,ETHUSDT,ask,2660,9621.372
1727103481548,ETHUSDT,ask,2660,9621.597
1727103481769,ETHUSDT,ask,2660,9621.372
1727103482074,ETHUSDT,ask,2660,9621.372
1727103482586,ETHUSDT,ask,2660,9621.597
1727103482802,ETHUSDT,ask,2660,9621.372
1727103483109,ETHUSDT,ask,2660,9621.372
1727103483519,ETHUSDT,ask,2660,9621.597
1727103483832,ETHUSDT,ask,2660,9621.372
1727103483935,ETHUSDT,ask,2660,9621.852
1727103484036,ETHUSDT,ask,2660,9639.726
1727103484136,ETHUSDT,ask,2660,9621.252
1727103484552,ETHUSDT,ask,2660,9627.114
1727103484755,ETHUSDT,ask,2660,9626.889
1727103485079,ETHUSDT,ask,2660,9645.363
1727103485180,ETHUSDT,ask,2660,9621.252
1727103485585,ETHUSDT,ask,2660,9621.477
1727103485696,ETHUSDT,ask,2660,9621.477
1727103485795,ETHUSDT,ask,2660,9621.252
1727103486003,ETHUSDT,ask,2660,9621.688
1727103486102,ETHUSDT,ask,2660,9621.688
1727103486511,ETHUSDT,ask,2660,9621.913
1727103486820,ETHUSDT,ask,2660,9621.688
1727103486923,ETHUSDT,ask,2660,9621.252
1727103487028,ETHUSDT,ask,2660,9639.726
1727103487132,ETHUSDT,ask,2660,9621.264
1727103487539,ETHUSDT,ask,2660,9621.489
1727103487742,ETHUSDT,ask,2660,9621.264
1727103488072,ETHUSDT,ask,2660,9639.738
1727103488172,ETHUSDT,ask,2660,9621.264
1727103488563,ETHUSDT,ask,2660,9621.489
1727103488802,ETHUSDT,ask,2660,9621.264
1727103489533,ETHUSDT,bid,2640,5529.558
1727103489533,ETHUSDT,ask,2660,9621.236
1727103489634,ETHUSDT,ask,2660,9332.071
1727103489736,ETHUSDT,ask,2660,9229.272
1727103489837,ETHUSDT,ask,2660,9222.345
1727103489938,ETHUSDT,ask,2660,9222.495
1727103490039,ETHUSDT,ask,2660,9222.505
1727103490140,ETHUSDT,ask,2660,9222.503
1727103490241,ETHUSDT,ask,2660,8641.584
1727103490343,ETHUSDT,ask,2660,8542.926
1727103490546,ETHUSDT,ask,2660,8543.381
1727103490642,ETHUSDT,ask,2660,8543.389
1727103490955,ETHUSDT,ask,2660,8543.405
1727103491047,ETHUSDT,ask,2660,8543.43
1727103491157,ETHUSDT,ask,2660,8543.485
1727103491261,ETHUSDT,ask,2660,8543.485
1727103491367,ETHUSDT,ask,2660,8521.665
1727103491472,ETHUSDT,ask,2660,8521.599
1727103491575,ETHUSDT,ask,2660,8521.572
1727103491677,ETHUSDT,ask,2660,8521.021
1727103491778,ETHUSDT,ask,2660,8521.34
1727103491983,ETHUSDT,ask,2660,8521.492
1727103492087,ETHUSDT,ask,2660,8521.553
1727103492187,ETHUSDT,ask,2660,8521.478
1727103492283,ETHUSDT,ask,2660,8520.99
1727103492696,ETHUSDT,ask,2660,8528.95
1727103492802,ETHUSDT,ask,2660,8528.942
1727103492904,ETHUSDT,ask,2660,8528.968
1727103493113,ETHUSDT,ask,2660,8529.137
1727103493319,ETHUSDT,ask,2660,8528.363
1727103493431,ETHUSDT,ask,2660,8528.19
1727103493948,ETHUSDT,ask,2660,8528.445
1727103494154,ETHUSDT,ask,2660,8527.624
1727103494263,ETHUSDT,ask,2660,8527.624
1727103494366,ETHUSDT,ask,2660,8524.933
1727103494466,ETHUSDT,ask,2660,8524.941
1727103494873,ETHUSDT,ask,2660,8524.064
1727103495710,ETHUSDT,ask,2660,8524.439
1727103495814,ETHUSDT,ask,2660,8524.699
1727103496117,ETHUSDT,ask,2660,8524.502
1727103496321,ETHUSDT,ask,2660,8446.434
1727103496420,ETHUSDT,ask,2660,8373.895
1727103496521,ETHUSDT,ask,2660,8373.595
1727103496728,ETHUSDT,ask,2660,8373.625
1727103496837,ETHUSDT,ask,2660,8374.117
1727103497142,ETHUSDT,ask,2660,8384.348
1727103497236,ETHUSDT,ask,2660,8384.318
1727103497345,ETHUSDT,ask,2660,8382.439
1727103497455,ETHUSDT,ask,2660,8382.476
1727103497555,ETHUSDT,ask,2660,8382.545
1727103497650,ETHUSDT,ask,2660,8382.076
1727103497874,ETHUSDT,ask,2660,8381.196
1727103497980,ETHUSDT,ask,2660,8380.945
1727103498083,ETHUSDT,ask,2660,8388.88
1727103498167,ETHUSDT,ask,2660,8380.768
1727103498496,ETHUSDT,ask,2660,8380.769
1727103498603,ETHUSDT,ask,2660,8380.759
1727103498906,ETHUSDT,ask,2660,8380.787
1727103499008,ETHUSDT,ask,2660,8374.115
1727103499111,ETHUSDT,ask,2660,8375.369
1727103499212,ETHUSDT,ask,2660,8381.966
1727103499313,ETHUSDT,ask,2660,8375.027
1727103499515,ETHUSDT,ask,2660,8376.024
1727103499717,ETHUSDT,ask,2660,8375.624
1727103499923,ETHUSDT,ask,2660,8375.869
1727103500038,ETHUSDT,ask,2660,8375.817
1727103500131,ETHUSDT,ask,2660,8375.664
1727103500241,ETHUSDT,ask,2660,8375.664
1727103500343,ETHUSDT,ask,2660,8375.684
1727103500546,ETHUSDT,ask,2660,8380.668
1727103500647,ETHUSDT,ask,2660,8387.4
1727103500749,ETHUSDT,ask,2660,8381.641
1727103500846,ETHUSDT,ask,2660,8380.275
1727103500949,ETHUSDT,ask,2660,8380.302
1727103501050,ETHUSDT,ask,2660,8370.302
1727103501153,ETHUSDT,ask,2660,8364.552
1727103501257,ETHUSDT,ask,2660,8353.388
1727103501356,ETHUSDT,ask,2660,8353.397
1727103501562,ETHUSDT,ask,2660,8353.39
1727103501965,ETHUSDT,ask,2660,8353.88
1727103502175,ETHUSDT,ask,2660,8353.624
1727103502371,ETHUSDT,ask,2660,8353.626
1727103502585,ETHUSDT,ask,2660,8354.135
1727103502687,ETHUSDT,ask,2660,8352.946
1727103502891,ETHUSDT,bid,2640,5529.633
1727103502891,ETHUSDT,ask,2660,8352.639
1727103502995,ETHUSDT,ask,2660,8352.628
1727103503092,ETHUSDT,ask,2660,8352.59
1727103503605,ETHUSDT,ask,2660,8350.663
1727103503727,ETHUSDT,ask,2660,8349.712
1727103503826,ETHUSDT,ask,2660,8349.957
1727103504035,ETHUSDT,ask,2660,8349.942
1727103504138,ETHUSDT,ask,2660,8246.068
1727103504239,ETHUSDT,ask,2660,8234.428
1727103504341,ETHUSDT,ask,2660,8205.524
1727103504442,ETHUSDT,ask,2660,8205.524
1727103504545,ETHUSDT,ask,2660,8152.506
1727103504647,ETHUSDT,ask,2660,8152.494
1727103504742,ETHUSDT,ask,2660,8152.492
1727103504953,ETHUSDT,ask,2660,8152.519
1727103505058,ETHUSDT,ask,2660,8152.493
1727103505159,ETHUSDT,ask,2660,8152.274
1727103505261,ETHUSDT,ask,2660,8152.726
1727103505362,ETHUSDT,ask,2660,6898.317
1727103505463,ETHUSDT,ask,2660,6699.211
1727103505564,ETHUSDT,ask,2660,6689.293
1727103505665,ETHUSDT,ask,2660,6689.534
1727103505767,ETHUSDT,ask,2660,6689.059
1727103505866,ETHUSDT,ask,2660,6689.047
1727103505969,ETHUSDT,ask,2660,6729.055
1727103506070,ETHUSDT,ask,2660,6728.898
1727103506169,ETHUSDT,ask,2660,6728.795
1727103506574,ETHUSDT,ask,2660,6728.795
1727103506877,ETHUSDT,ask,2660,6728.777
1727103507081,ETHUSDT,ask,2660,6728.737
1727103507493,ETHUSDT,ask,2660,6728.745
1727103507698,ETHUSDT,ask,2660,6729.137
1727103508104,ETHUSDT,ask,2660,6728.89
1727103508619,ETHUSDT,ask,2660,6728.49
1727103509031,ETHUSDT,ask,2660,6728.462
1727103509451,ETHUSDT,ask,2660,6729.462
1727103510073,ETHUSDT,ask,2660,6729.217
1727103510276,ETHUSDT,ask,2660,6729.292
1727103510992,ETHUSDT,ask,2660,6728.964
1727103511095,ETHUSDT,ask,2660,6728.911
1727103511196,ETHUSDT,ask,2660,6728.884
1727103512120,ETHUSDT,ask,2660,6728.628
1727103513237,ETHUSDT,ask,2660,6728.828
1727103514064,ETHUSDT,ask,2660,6728.534
1727103515085,ETHUSDT,ask,2660,6728.534
1727103515594,ETHUSDT,ask,2660,6728.76
1727103515800,ETHUSDT,ask,2660,6728.526
1727103516105,ETHUSDT,ask,2660,6728.526
1727103516613,ETHUSDT,ask,2660,6728.865
1727103516716,ETHUSDT,ask,2660,6728.639
1727103516818,ETHUSDT,ask,2660,6728.657
1727103517017,ETHUSDT,ask,2660,6728.777
1727103517115,ETHUSDT,ask,2660,6729.277
1727103517429,ETHUSDT,ask,2660,6729.397
1727103517532,ETHUSDT,ask,2660,6729.623
1727103517734,ETHUSDT,ask,2660,6730.397
1727103518039,ETHUSDT,ask,2660,6748.871
1727103518144,ETHUSDT,ask,2660,6730.397
1727103518550,ETHUSDT,ask,2660,6730.623
1727103518750,ETHUSDT,ask,2660,6730.397
1727103519065,ETHUSDT,ask,2660,6730.405
1727103519166,ETHUSDT,ask,2660,6730.837
1727103519569,ETHUSDT,ask,2660,6731.063
1727103519782,ETHUSDT,ask,2660,6730.866
1727103519989,ETHUSDT,ask,2660,6690.967
1727103520091,ETHUSDT,ask,2660,6690.967
1727103520602,ETHUSDT,ask,2660,6691.193
1727103520703,ETHUSDT,ask,2660,6702.73
1727103520805,ETHUSDT,ask,2660,6690.959
1727103520906,ETHUSDT,ask,2660,6691.439
1727103521104,ETHUSDT,ask,2660,6691.439
1727103521521,ETHUSDT,ask,2660,6691.665
1727103521722,ETHUSDT,ask,2660,6691.447
1727103522025,ETHUSDT,ask,2660,6709.801
1727103522129,ETHUSDT,ask,2660,6691.327
1727103522335,ETHUSDT,ask,2660,6691.207
1727103522438,ETHUSDT,ask,2660,6690.993
1727103522542,ETHUSDT,ask,2660,6691.318
1727103522644,ETHUSDT,ask,2660,6691.205
1727103522746,ETHUSDT,ask,2660,6690.979
1727103523050,ETHUSDT,ask,2660,6709.453
1727103523155,ETHUSDT,ask,2660,6690.979
1727103523459,ETHUSDT,ask,2660,6690.979
1727103523564,ETHUSDT,ask,2660,6691.205
1727103523767,ETHUSDT,ask,2660,6690.979
1727103524074,ETHUSDT,ask,2660,6690.979
1727103524174,ETHUSDT,ask,2660,6706.013
1727103524588,ETHUSDT,ask,2660,6706.239
1727103524790,ETHUSDT,ask,2660,6706.013
1727103525093,ETHUSDT,ask,2660,6706.013
1727103525302,ETHUSDT,ask,2660,6690.979
1727103525605,ETHUSDT,ask,2660,6691.205
1727103525708,ETHUSDT,ask,2660,6690.979
1727103526008,ETHUSDT,bid,2640,5501.06
1727103526113,ETHUSDT,ask,2660,6690.979
1727103526625,ETHUSDT,ask,2660,6691.205
1727103526728,ETHUSDT,ask,2660,6690.979
1727103527049,ETHUSDT,ask,2660,6709.453
1727103527151,ETHUSDT,ask,2660,6690.979
1727103527557,ETHUSDT,ask,2660,6691.197
1727103527662,ETHUSDT,ask,2660,6690.756
1727103527762,ETHUSDT,ask,2660,6690.53
1727103528068,ETHUSDT,ask,2660,6690.53
1727103528281,ETHUSDT,ask,2660,6705.62
1727103528382,ETHUSDT,ask,2660,6690.53
1727103528586,ETHUSDT,ask,2660,6690.756
1727103528790,ETHUSDT,ask,2660,6690.53
1727103528997,ETHUSDT,ask,2660,6690.118
1727103529101,ETHUSDT,ask,2660,6690.118
1727103529517,ETHUSDT,ask,2660,6690.344
1727103529831,ETHUSDT,ask,2660,6690.118
1727103530037,ETHUSDT,ask,2660,6708.592
1727103530144,ETHUSDT,ask,2660,6690.118
1727103530553,ETHUSDT,ask,2660,6690.336
1727103530756,ETHUSDT,ask,2660,6690.11
1727103531057,ETHUSDT,ask,2660,6690.11
1727103531372,ETHUSDT,ask,2660,6690.21
1727103531573,ETHUSDT,ask,2660,6690.436
1727103531779,ETHUSDT,ask,2660,6690.21
1727103532078,ETHUSDT,ask,2660,6690.21
1727103532602,ETHUSDT,ask,2660,6690.436
1727103532804,ETHUSDT,ask,2660,6689.976
1727103532906,ETHUSDT,ask,2660,6689.876
1727103533112,ETHUSDT,ask,2660,6689.876
1727103533527,ETHUSDT,ask,2660,6690.102
1727103533733,ETHUSDT,ask,2660,6689.876
1727103534041,ETHUSDT,ask,2660,6707.35
1727103534142,ETHUSDT,ask,2660,6688.876
1727103534555,ETHUSDT,ask,2660,6689.102
1727103534758,ETHUSDT,ask,2660,6689.876
1727103535070,ETHUSDT,ask,2660,6689.876
1727103535571,ETHUSDT,ask,2660,6690.102
1727103535787,ETHUSDT,ask,2660,6690.251
1727103536095,ETHUSDT,ask,2660,6690.787
1727103536196,ETHUSDT,ask,2660,6691.15
1727103536603,ETHUSDT,ask,2660,6691.376
1727103536705,ETHUSDT,ask,2660,6690.775
1727103537017,ETHUSDT,ask,2660,6690.247
1727103537117,ETHUSDT,ask,2660,6690.247
1727103537429,ETHUSDT,ask,2660,6690.367
1727103537531,ETHUSDT,ask,2660,6690.593
1727103537631,ETHUSDT,ask,2660,6692.104
1727103537739,ETHUSDT,ask,2660,6691.878
1727103537842,ETHUSDT,ask,2660,6705.448
1727103538045,ETHUSDT,ask,2660,6691.866
1727103538563,ETHUSDT,ask,2660,6692.092
1727103538773,ETHUSDT,ask,2660,6691.866
1727103539077,ETHUSDT,ask,2660,6691.991
1727103539585,ETHUSDT,ask,2660,6692.217
1727103539787,ETHUSDT,ask,2660,6691.991
1727103540197,ETHUSDT,ask,2660,6692.491
1727103540399,ETHUSDT,ask,2660,6692.991
1727103541520,ETHUSDT,ask,2660,6693.022
1727103543580,ETHUSDT,ask,2660,6692.991
1727103543991,ETHUSDT,ask,2660,6692.983
1727103544093,ETHUSDT,ask,2660,6692.983
1727103544604,ETHUSDT,ask,2660,6693.217
1727103544705,ETHUSDT,ask,2660,6692.991
1727103545115,ETHUSDT,ask,2660,6692.991
1727103545519,ETHUSDT,ask,2660,6693.217
1727103545723,ETHUSDT,ask,2660,6692.991
1727103546030,ETHUSDT,ask,2660,6711.465
1727103546133,ETHUSDT,ask,2660,6692.991
1727103546537,ETHUSDT,ask,2660,6693.217
1727103546757,ETHUSDT,ask,2660,6692.991
1727103547083,ETHUSDT,ask,2660,6692.991
1727103547593,ETHUSDT,ask,2660,6693.217
1727103547802,ETHUSDT,ask,2660,6692.991
1727103548120,ETHUSDT,ask,2660,6692.991
1727103548532,ETHUSDT,ask,2660,6693.217
1727103548737,ETHUSDT,ask,2660,6692.991
1727103549047,ETHUSDT,ask,2660,6711.465
1727103549147,ETHUSDT,ask,2660,6703.245
1727103549556,ETHUSDT,ask,2660,6703.471
1727103549664,ETHUSDT,ask,2660,6702.991
1727103549766,ETHUSDT,ask,2660,6702.645
1727103550067,ETHUSDT,ask,2660,6702.52
1727103550578,ETHUSDT,ask,2660,6702.747
1727103550781,ETHUSDT,ask,2660,6702.52
1727103551086,ETHUSDT,ask,2660,6702.52
1727103551594,ETHUSDT,ask,2660,6702.747
1727103551780,ETHUSDT,ask,2660,6702.52
1727103552105,ETHUSDT,ask,2660,6702.52
1727103552525,ETHUSDT,ask,2660,6702.747
1727103552742,ETHUSDT,ask,2660,6702.52
1727103552944,ETHUSDT,bid,2640,5500.985
1727103552944,ETHUSDT,ask,2660,6703.12
1727103553045,ETHUSDT,ask,2660,6721.594
1727103553142,ETHUSDT,ask,2660,6703.12
1727103553254,ETHUSDT,ask,2660,6702.52
1727103553566,ETHUSDT,ask,2660,6702.311
1727103553776,ETHUSDT,ask,2660,6702.084
1727103554595,ETHUSDT,ask,2660,6691.694
1727103554799,ETHUSDT,ask,2660,6691.467
1727103555102,ETHUSDT,ask,2660,6697.138
1727103555616,ETHUSDT,ask,2660,6697.325
1727103555827,ETHUSDT,ask,2660,6697.098
1727103556028,ETHUSDT,ask,2660,6715.572
1727103556132,ETHUSDT,ask,2660,6697.098
1727103556437,ETHUSDT,ask,2660,6691.467
1727103556540,ETHUSDT,ask,2660,6691.694
1727103556741,ETHUSDT,ask,2660,6691.467
1727103556945,ETHUSDT,ask,2660,6691.459
1727103557045,ETHUSDT,ask,2660,6709.933
1727103557143,ETHUSDT,ask,2660,6691.459
1727103557558,ETHUSDT,ask,2660,6691.686
1727103557772,ETHUSDT,ask,2660,6691.459
1727103558080,ETHUSDT,ask,2660,6709.933
1727103558180,ETHUSDT,ask,2660,6691.459
1727103558594,ETHUSDT,ask,2660,6691.686
1727103558797,ETHUSDT,ask,2660,6691.459
1727103559102,ETHUSDT,ask,2660,6691.459
1727103559511,ETHUSDT,ask,2660,6689.957
1727103559611,ETHUSDT,ask,2660,6690.184
1727103559717,ETHUSDT,ask,2660,6689.957
1727103559905,ETHUSDT,ask,2660,6699.753
1727103560020,ETHUSDT,ask,2660,6718.755
1727103560127,ETHUSDT,ask,2660,6700.281
1727103560536,ETHUSDT,ask,2660,6700.508
1727103560738,ETHUSDT,ask,2660,6700.281
1727103561046,ETHUSDT,ask,2660,6718.227
1727103561142,ETHUSDT,ask,2660,6699.753
1727103561231,ETHUSDT,ask,2660,6699.761
1727103561581,ETHUSDT,ask,2660,6699.988
1727103561785,ETHUSDT,ask,2660,6699.761
1727103562087,ETHUSDT,ask,2660,6699.761
1727103562592,ETHUSDT,ask,2660,6699.988
1727103562805,ETHUSDT,ask,2660,6699.761
1727103563112,ETHUSDT,ask,2660,6699.761
1727103563521,ETHUSDT,ask,2660,6699.988
1727103563731,ETHUSDT,ask,2660,6699.761
1727103564038,ETHUSDT,ask,2660,6718.235
1727103564139,ETHUSDT,ask,2660,6689.965
1727103564533,ETHUSDT,ask,2660,6690.192
1727103564750,ETHUSDT,ask,2660,6689.965
1727103565061,ETHUSDT,ask,2660,6689.965
1727103565371,ETHUSDT,ask,2660,6689.973
1727103565573,ETHUSDT,ask,2660,6690.2
1727103565780,ETHUSDT,ask,2660,6689.973
1727103566085,ETHUSDT,ask,2660,6689.973
1727103566607,ETHUSDT,ask,2660,6690.2
1727103566711,ETHUSDT,ask,2660,6689.973
1727103567540,ETHUSDT,ask,2660,6690.2
1727103567745,ETHUSDT,ask,2660,6689.973
1727103567843,ETHUSDT,ask,2660,6700.593
1727103568049,ETHUSDT,ask,2660,6719.067
1727103568146,ETHUSDT,ask,2660,6700.593
1727103568557,ETHUSDT,ask,2660,6700.82
1727103568761,ETHUSDT,ask,2660,6700.593
1727103569084,ETHUSDT,ask,2660,6700.593
1727103569597,ETHUSDT,ask,2660,6700.82
1727103569803,ETHUSDT,ask,2660,6700.593
1727103570015,ETHUSDT,ask,2660,6708.447
1727103570112,ETHUSDT,ask,2660,6689.973
1727103570321,ETHUSDT,ask,2660,6692.373
1727103570523,ETHUSDT,ask,2660,6692.6
1727103570624,ETHUSDT,ask,2660,6692.618
1727103570827,ETHUSDT,ask,2660,6692.391
1727103571033,ETHUSDT,ask,2660,6710.865
1727103571136,ETHUSDT,ask,2660,6692.391
1727103571236,ETHUSDT,ask,2660,6693.391
1727103571538,ETHUSDT,ask,2660,6693.618
1727103571751,ETHUSDT,ask,2660,6693.391
1727103572062,ETHUSDT,ask,2660,6693.391
1727103572576,ETHUSDT,ask,2660,6693.618
1727103572803,ETHUSDT,ask,2660,6693.391
1727103572905,ETHUSDT,ask,2660,6690.991
1727103573108,ETHUSDT,ask,2660,6690.991
1727103573207,ETHUSDT,ask,2660,6698.995
1727103573310,ETHUSDT,ask,2660,6697.491
1727103573413,ETHUSDT,ask,2660,6692.691
1727103573515,ETHUSDT,ask,2660,6692.918
1727103573820,ETHUSDT,ask,2660,6692.691
1727103574026,ETHUSDT,ask,2660,6711.165
1727103574129,ETHUSDT,ask,2660,6692.691
1727103574534,ETHUSDT,ask,2660,6692.918
1727103574752,ETHUSDT,ask,2660,6692.691
1727103575044,ETHUSDT,ask,2660,6711.165
1727103575162,ETHUSDT,ask,2660,6692.691
1727103575571,ETHUSDT,ask,2660,6692.918
1727103575769,ETHUSDT,ask,2660,6692.691
1727103575986,ETHUSDT,bid,2640,5501.035
1727103576093,ETHUSDT,ask,2660,6692.691
1727103576194,ETHUSDT,ask,2660,6691.091
1727103576299,ETHUSDT,ask,2660,6690.991
1727103576502,ETHUSDT,ask,2660,6691.218
1727103576704,ETHUSDT,ask,2660,6690.991
1727103576907,ETHUSDT,ask,2660,6688.991
1727103577113,ETHUSDT,ask,2660,6688.991
1727103577526,ETHUSDT,ask,2660,6689.218
1727103577726,ETHUSDT,ask,2660,6688.991
1727103578039,ETHUSDT,ask,2660,6707.465
1727103578144,ETHUSDT,ask,2660,6688.991
1727103578560,ETHUSDT,ask,2660,6689.218
1727103578759,ETHUSDT,ask,2660,6688.991
1727103579183,ETHUSDT,ask,2660,6689.991
1727103579602,ETHUSDT,ask,2660,6689.218
1727103579806,ETHUSDT,ask,2660,6688.991
1727103580017,ETHUSDT,ask,2660,6707.465
1727103580118,ETHUSDT,ask,2660,6688.991
1727103580527,ETHUSDT,ask,2660,6694.603
1727103580723,ETHUSDT,ask,2660,6694.376
1727103581035,ETHUSDT,ask,2660,6712.85
1727103581132,ETHUSDT,ask,2660,6694.376
1727103581552,ETHUSDT,ask,2660,6694.603
1727103581769,ETHUSDT,ask,2660,6694.376
1727103582068,ETHUSDT,ask,2660,6694.376
1727103582593,ETHUSDT,ask,2660,6694.603
1727103582802,ETHUSDT,ask,2660,6694.376
1727103583106,ETHUSDT,ask,2660,6694.376
1727103583415,ETHUSDT,ask,2660,6694.876
1727103583510,ETHUSDT,ask,2660,6695.103
1727103583829,ETHUSDT,ask,2660,6694.876
1727103584032,ETHUSDT,ask,2660,6713.35
1727103584133,ETHUSDT,ask,2660,6694.876
1727103584549,ETHUSDT,ask,2660,6695.103
1727103584780,ETHUSDT,ask,2660,6694.876
1727103584881,ETHUSDT,ask,2660,6694.376
1727103585085,ETHUSDT,ask,2660,6694.376
1727103585599,ETHUSDT,ask,2660,6694.603
1727103585703,ETHUSDT,ask,2660,6694.376
1727103586112,ETHUSDT,ask,2660,6694.416
1727103586526,ETHUSDT,ask,2660,6694.643
1727103586625,ETHUSDT,ask,2660,6695.643
1727103586823,ETHUSDT,ask,2660,6695.416
1727103587031,ETHUSDT,ask,2660,6713.89
1727103587135,ETHUSDT,ask,2660,6695.416
1727103587548,ETHUSDT,ask,2660,6695.643
1727103587766,ETHUSDT,ask,2660,6695.958
1727103587974,ETHUSDT,ask,2660,6696.758
1727103588078,ETHUSDT,ask,2660,6696.758
1727103588582,ETHUSDT,ask,2660,6696.185
1727103588795,ETHUSDT,ask,2660,6695.958
1727103589105,ETHUSDT,ask,2660,6695.958
1727103589313,ETHUSDT,ask,2660,6696.158
1727103589523,ETHUSDT,ask,2660,6696.385
1727103589731,ETHUSDT,ask,2660,6696.158
1727103590037,ETHUSDT,ask,2660,6714.632
1727103590141,ETHUSDT,ask,2660,6695.958
1727103590547,ETHUSDT,ask,2660,6696.185
1727103590653,ETHUSDT,ask,2660,6696.691
1727103590753,ETHUSDT,ask,2660,6695.922
1727103591079,ETHUSDT,ask,2660,6695.922
1727103591389,ETHUSDT,ask,2660,6690.537
1727103591591,ETHUSDT,ask,2660,6690.764
1727103591805,ETHUSDT,ask,2660,6690.537
1727103592112,ETHUSDT,ask,2660,6690.537
1727103592215,ETHUSDT,ask,2660,6705.571
1727103592521,ETHUSDT,ask,2660,6705.798
1727103592724,ETHUSDT,ask,2660,6705.571
1727103593047,ETHUSDT,ask,2660,6724.045
1727103593148,ETHUSDT,ask,2660,6705.571
1727103593561,ETHUSDT,ask,2660,6705.798
1727103593773,ETHUSDT,ask,2660,6705.571
1727103594084,ETHUSDT,ask,2660,6705.571
1727103594605,ETHUSDT,ask,2660,6705.798
1727103594705,ETHUSDT,ask,2660,6709.558
1727103594805,ETHUSDT,ask,2660,6709.331
1727103595118,ETHUSDT,ask,2660,6709.331
1727103595527,ETHUSDT,ask,2660,6709.558
1727103595735,ETHUSDT,ask,2660,6709.331
1727103596042,ETHUSDT,ask,2660,6727.805
1727103596143,ETHUSDT,ask,2660,6709.331
1727103596569,ETHUSDT,ask,2660,6709.558
1727103596666,ETHUSDT,ask,2660,6709.566
1727103596779,ETHUSDT,ask,2660,6709.339
1727103597089,ETHUSDT,ask,2660,6709.339
1727103597600,ETHUSDT,ask,2660,6709.566
1727103597806,ETHUSDT,ask,2660,6709.339
1727103598116,ETHUSDT,ask,2660,6710.225
1727103598544,ETHUSDT,ask,2660,6710.452
1727103598742,ETHUSDT,ask,2660,6710.225
1727103599052,ETHUSDT,ask,2660,6712.225
1727103599564,ETHUSDT,ask,2660,6712.452
1727103599767,ETHUSDT,ask,2660,6712.225
1727103600073,ETHUSDT,ask,2660,6712.225
1727103600175,ETHUSDT,ask,2660,6722.848
1727103600479,ETHUSDT,ask,2660,6714.854
1727103600580,ETHUSDT,ask,2660,6715.081
1727103600781,ETHUSDT,ask,2660,6703.848
1727103601084,ETHUSDT,ask,2660,6703.848
1727103601594,ETHUSDT,ask,2660,6704.076
1727103601795,ETHUSDT,ask,2660,6703.848
1727103602001,ETHUSDT,ask,2660,6703.856
1727103602102,ETHUSDT,ask,2660,6703.856
1727103602506,ETHUSDT,ask,2660,6704.076
1727103602710,ETHUSDT,ask,2660,6703.848
1727103602919,ETHUSDT,ask,2660,6703.84
1727103603527,ETHUSDT,ask,2660,6695.381
1727103603727,ETHUSDT,ask,2660,6695.153
1727103604032,ETHUSDT,ask,2660,6713.251
1727103604133,ETHUSDT,ask,2660,6694.777
1727103604536,ETHUSDT,ask,2660,6695.005
1727103604743,ETHUSDT,ask,2660,6694.777
1727103605051,ETHUSDT,ask,2660,6713.243
1727103605253,ETHUSDT,ask,2660,6693.705
1727103605555,ETHUSDT,ask,2660,6693.933
1727103605759,ETHUSDT,ask,2660,6693.705
1727103605873,ETHUSDT,ask,2660,6693.717
1727103606076,ETHUSDT,ask,2660,6693.836
1727103606180,ETHUSDT,ask,2660,6692.47
1727103606281,ETHUSDT,ask,2660,6692.47
1727103606583,ETHUSDT,ask,2660,6692.698
1727103606790,ETHUSDT,ask,2660,6692.47
1727103606892,ETHUSDT,ask,2660,6692.47
1727103606993,ETHUSDT,ask,2660,6692.47
1727103607097,ETHUSDT,ask,2660,6692.47
1727103607603,ETHUSDT,ask,2660,6692.698
1727103607804,ETHUSDT,ask,2660,6692.47
1727103608109,ETHUSDT,ask,2660,6692.47
1727103608210,ETHUSDT,ask,2660,6692.606
1727103608516,ETHUSDT,ask,2660,6692.834
1727103608723,ETHUSDT,ask,2660,6692.47
1727103608929,ETHUSDT,ask,2660,6692.47
1727103609030,ETHUSDT,ask,2660,6710.813
1727103609132,ETHUSDT,ask,2660,6692.339
1727103609539,ETHUSDT,ask,2660,6693.418
1727103609638,ETHUSDT,ask,2660,6693.418
1727103609745,ETHUSDT,ask,2660,6693.19
1727103610051,ETHUSDT,ask,2660,6711.664
1727103610151,ETHUSDT,ask,2660,6693.19
1727103610253,ETHUSDT,ask,2660,6693.59
1727103610559,ETHUSDT,ask,2660,6693.818
1727103610776,ETHUSDT,ask,2660,6693.59
1727103610879,ETHUSDT,ask,2660,6693.19
1727103611083,ETHUSDT,ask,2660,6693.19
1727103611299,ETHUSDT,ask,2660,6692.339
1727103611501,ETHUSDT,ask,2660,6689.139
1727103612521,ETHUSDT,ask,2660,6689.367
1727103612720,ETHUSDT,ask,2660,6689.139
1727103613028,ETHUSDT,ask,2660,6707.613
1727103613128,ETHUSDT,ask,2660,6689.139
1727103613231,ETHUSDT,ask,2660,6692.999
1727103613332,ETHUSDT,ask,2660,6689.239
1727103613536,ETHUSDT,ask,2660,6689.467
1727103613638,ETHUSDT,ask,2660,6689.367
1727103613739,ETHUSDT,ask,2660,6689.139
1727103614046,ETHUSDT,ask,2660,6707.613
1727103614145,ETHUSDT,ask,2660,6689.139
1727103614553,ETHUSDT,ask,2660,6689.367
1727103614762,ETHUSDT,ask,2660,6689.139
1727103615062,ETHUSDT,ask,2660,6689.139
1727103615580,ETHUSDT,ask,2660,6689.367
1727103615783,ETHUSDT,ask,2660,6689.139
1727103616087,ETHUSDT,ask,2660,6689.139
1727103616600,ETHUSDT,ask,2660,6689.367
1727103616802,ETHUSDT,ask,2660,6689.139
1727103617106,ETHUSDT,ask,2660,6689.139
1727103617716,ETHUSDT,ask,2660,6689.139
1727103618532,ETHUSDT,ask,2660,6689.007
1727103618735,ETHUSDT,ask,2660,6688.779
1727103618836,ETHUSDT,ask,2660,6689.019
1727103619546,ETHUSDT,ask,2660,6689.247
1727103619747,ETHUSDT,ask,2660,6689.019
1727103620055,ETHUSDT,ask,2660,6689.043
1727103620563,ETHUSDT,ask,2660,6689.271
1727103620768,ETHUSDT,ask,2660,6689.043
1727103621070,ETHUSDT,ask,2660,6689.043
1727103621583,ETHUSDT,ask,2660,6689.271
1727103621791,ETHUSDT,ask,2660,6689.043
1727103622095,ETHUSDT,ask,2660,6689.043
1727103622604,ETHUSDT,ask,2660,6689.271
1727103622813,ETHUSDT,ask,2660,6689.043
1727103623019,ETHUSDT,ask,2660,6707.517
1727103623124,ETHUSDT,ask,2660,6689.043
1727103623557,ETHUSDT,ask,2660,6690.524
1727103623753,ETHUSDT,ask,2660,6690.296
1727103624069,ETHUSDT,ask,2660,6690.296
1727103624581,ETHUSDT,ask,2660,6690.524
1727103624785,ETHUSDT,ask,2660,6690.296
1727103625091,ETHUSDT,ask,2660,6690.296
1727103625601,ETHUSDT,ask,2660,6690.524
1727103625702,ETHUSDT,ask,2660,6690.296
1727103626112,ETHUSDT,ask,2660,6690.296
1727103626620,ETHUSDT,ask,2660,6690.524
1727103626727,ETHUSDT,ask,2660,6690.296
1727103627034,ETHUSDT,ask,2660,6708.77
1727103627138,ETHUSDT,ask,2660,6690.296
1727103627540,ETHUSDT,ask,2660,6690.524
1727103627753,ETHUSDT,ask,2660,6690.296
1727103629598,ETHUSDT,ask,2660,6690.696
1727103630105,ETHUSDT,ask,2660,6690.672
1727103633074,ETHUSDT,ask,2660,6707.641
1727103633382,ETHUSDT,ask,2660,6707.633
1727103634917,ETHUSDT,ask,2660,6707.153
1727103636035,ETHUSDT,bid,2640,5502.055
1727103636640,ETHUSDT,ask,2660,6704.867
1727103636841,ETHUSDT,ask,2660,6703.614
1727103639379,ETHUSDT,ask,2660,6703.854
1727103641135,ETHUSDT,ask,2660,6704.06
1727103642453,ETHUSDT,ask,2660,6704.19
1727103642555,ETHUSDT,ask,2660,6703.95
1727103644091,ETHUSDT,bid,2640,5516.877
1727103647061,ETHUSDT,bid,2640,5502.055
1727103652884,ETHUSDT,ask,2660,6703.189
1727103655132,ETHUSDT,ask,2660,6703.309
1727103661505,ETHUSDT,ask,2660,6702.809
1727103662522,ETHUSDT,ask,2660,6720.809
1727103663538,ETHUSDT,ask,2660,6719.819
1727103666402,ETHUSDT,ask,2660,6719.689
1727103666817,ETHUSDT,ask,2660,6719.72
1727103678187,ETHUSDT,ask,2660,6719.56
1727103679408,ETHUSDT,ask,2660,6719.7
1727103679516,ETHUSDT,ask,2660,6719.84
1727103685368,ETHUSDT,ask,2660,6718.83
1727103691523,ETHUSDT,ask,2660,6722.114
1727103694182,ETHUSDT,bid,2640,5501.855
1727103699821,ETHUSDT,ask,2660,6722.031
1727103700738,ETHUSDT,ask,2660,6724.335
1727103701861,ETHUSDT,ask,2660,6736.835
1727103704005,ETHUSDT,bid,2640,5515.083
1727103704207,ETHUSDT,ask,2660,6737.538
1727103708030,ETHUSDT,ask,2660,6737.038
1727103710382,ETHUSDT,ask,2660,6737.195
1727103712523,ETHUSDT,bid,2640,5515.185
1727103714155,ETHUSDT,bid,2640,5515.083
1727103714773,ETHUSDT,ask,2660,6737.195
1727103715078,ETHUSDT,ask,2660,6737.207
1727103716414,ETHUSDT,ask,2660,6737.207
1727103734317,ETHUSDT,bid,2640,5515.283
1727103739760,ETHUSDT,bid,2640,5516.283
1727103740167,ETHUSDT,ask,2660,6735.059
1727103741491,ETHUSDT,bid,2640,5516.283
1727103741592,ETHUSDT,bid,2640,5515.263
1727103746868,ETHUSDT,bid,2640,5468.66
1727103753312,ETHUSDT,ask,2660,6734.603
1727103754323,ETHUSDT,bid,2640,5471.453
1727103756052,ETHUSDT,ask,2660,6735.027
1727103757472,ETHUSDT,ask,2660,6740.027
1727103758083,ETHUSDT,ask,2660,6739.979
1727103759303,ETHUSDT,bid,2640,5479.453
1727103760320,ETHUSDT,bid,2640,5471.453
1727103761339,ETHUSDT,bid,2640,5470.463
1727103769197,ETHUSDT,bid,2640,5478.03
1727103772766,ETHUSDT,ask,2660,6739.274
1727103773891,ETHUSDT,bid,2640,5477.04
1727103776843,ETHUSDT,ask,2660,6739.175
1727103779600,ETHUSDT,ask,2660,6739.555
1727103782448,ETHUSDT,bid,2640,4766.804
1727103787123,ETHUSDT,bid,2640,4796.804
1727103787222,ETHUSDT,bid,2640,5477.25
1727103789869,ETHUSDT,bid,2640,5477.04
1727103790683,ETHUSDT,bid,2640,4796.814
1727103790990,ETHUSDT,bid,2640,5478.03
1727103791906,ETHUSDT,bid,2640,4795.314
1727103791906,ETHUSDT,bid,2640,5478.039
1727103792310,ETHUSDT,bid,2640,4795.304
1727103795083,ETHUSDT,ask,2660,6741.313
1727103796305,ETHUSDT,bid,2640,4870.744
1727103799884,ETHUSDT,bid,2640,4870.753
1727103799987,ETHUSDT,bid,2640,5478.03
1727103800191,ETHUSDT,bid,2640,5477.04
1727103802425,ETHUSDT,bid,2640,4863.671
1727103803952,ETHUSDT,bid,2640,4863.737
1727103803952,ETHUSDT,ask,2660,6740.936
1727103808248,ETHUSDT,bid,2640,5480.04
1727103809073,ETHUSDT,ask,2660,6748.936
1727103810090,ETHUSDT,ask,2660,6740.936
1727103815082,ETHUSDT,ask,2660,6741.416
1727103815187,ETHUSDT,bid,2640,5488.04
1727103816002,ETHUSDT,bid,2640,5489.03
1727103816204,ETHUSDT,bid,2640,5481.03
1727103819876,ETHUSDT,ask,2660,6741.457
1727103821405,ETHUSDT,ask,2660,6741.467
1727103822826,ETHUSDT,bid,2640,4859.95
1727103823135,ETHUSDT,bid,2640,5481.222
1727103823856,ETHUSDT,bid,2640,5481.03
1727103825285,ETHUSDT,ask,2660,6740.987
1727103826819,ETHUSDT,bid,2640,5481.222
1727103827427,ETHUSDT,bid,2640,5481.03
1727103830398,ETHUSDT,bid,2640,5480.04
1727103832539,ETHUSDT,bid,2640,5480.09
1727103840047,ETHUSDT,bid,2640,4861.275
1727103844423,ETHUSDT,bid,2640,4861.775
1727103856482,ETHUSDT,bid,2640,4861.877
1727103857402,ETHUSDT,bid,2640,4861.775
1727103861707,ETHUSDT,bid,2640,4865.775
1727103862220,ETHUSDT,ask,2660,6762.417
1727103865107,ETHUSDT,bid,2640,5480.192
1727103866843,ETHUSDT,bid,2640,5480.09
1727103868574,ETHUSDT,bid,2640,5480.098
1727103870303,ETHUSDT,bid,2640,5480.108
1727103870403,ETHUSDT,bid,2640,5480.098
1727103872561,ETHUSDT,bid,2640,5576.268
1727103897347,ETHUSDT,bid,2640,5472.531
1727103897456,ETHUSDT,ask,2660,6753.487
1727103900854,ETHUSDT,ask,2660,6754.591
1727103900953,ETHUSDT,ask,2660,6753.487
1727103903831,ETHUSDT,bid,2640,5472.523
1727103905045,ETHUSDT,bid,2640,5480.523
1727103905352,ETHUSDT,bid,2640,5472.523
1727103907702,ETHUSDT,bid,2640,5480.523
1727103907802,ETHUSDT,bid,2640,5480.663
1727103908612,ETHUSDT,ask,2660,6753.637
1727103908713,ETHUSDT,bid,2640,5472.663
1727103909735,ETHUSDT,bid,2640,5473.653
1727103909836,ETHUSDT,ask,2660,6754.704
1727103918111,ETHUSDT,ask,2660,6754.73
1727103920459,ETHUSDT,ask,2660,6762.704
1727103921475,ETHUSDT,ask,2660,6754.704
1727103922091,ETHUSDT,bid,2640,5474.643
1727103925245,ETHUSDT,bid,2640,5474.843
1727103945397,ETHUSDT,ask,2660,6757.108
1727103946614,ETHUSDT,ask,2660,6757.363
1727103950590,ETHUSDT,ask,2660,6757.123
1727103953752,ETHUSDT,bid,2640,5474.703
1727103957122,ETHUSDT,bid,2640,5461.475
1727103957442,ETHUSDT,bid,2640,5487.501
1727103959884,ETHUSDT,ask,2660,6759.475
1727103964174,ETHUSDT,ask,2660,6759.475
1727103964988,ETHUSDT,bid,2640,5461.475
1727103965192,ETHUSDT,ask,2660,6759.235
1727103967124,ETHUSDT,bid,2640,5461.476
1727103970288,ETHUSDT,ask,2660,6759.475
1727103971405,ETHUSDT,ask,2660,6774.475
1727103973138,ETHUSDT,bid,2640,5469.652
1727103973239,ETHUSDT,bid,2640,5461.476
1727103992752,ETHUSDT,bid,2640,5467.135
1727103995203,ETHUSDT,bid,2640,5461.476
1727103997560,ETHUSDT,ask,2660,6774.195
1727104004898,ETHUSDT,ask,2660,6776.844
1727104016543,ETHUSDT,bid,2420,4334.148
1727104026929,ETHUSDT,bid,2640,5461.485
1727104027633,ETHUSDT,ask,2660,6758.844
1727104033335,ETHUSDT,bid,2640,5461.727
1727104040475,ETHUSDT,bid,2640,5461.718
1727104042087,ETHUSDT,bid,2640,5749.385
1727104042192,ETHUSDT,bid,2640,5461.718
1727104053225,ETHUSDT,bid,2640,5834.967
1727104053326,ETHUSDT,bid,2640,5834.967
1727104053630,ETHUSDT,bid,2640,5461.718
1727104066343,ETHUSDT,bid,2640,5461.476
1727104067257,ETHUSDT,ask,2660,6758.87
1727104067872,ETHUSDT,ask,2660,6758.844
1727104079640,ETHUSDT,bid,2640,5461.779
1727104084030,ETHUSDT,bid,2640,5463.069
1727104088203,ETHUSDT,bid,2640,5462.766
1727104101519,ETHUSDT,bid,2640,5465.022
1727104106719,ETHUSDT,bid,2640,5465.059
1727104115718,ETHUSDT,ask,2660,6759.41
1727104118383,ETHUSDT,bid,2640,5475.059
1727104127280,ETHUSDT,bid,2640,5475.059
1727104138740,ETHUSDT,ask,2660,6761.561
1727104142824,ETHUSDT,bid,2460,4229.329
1727104146095,ETHUSDT,ask,2660,6763.202
1727104148743,ETHUSDT,bid,2640,5486.385
1727104154549,ETHUSDT,bid,2640,5487.375
1727104155768,ETHUSDT,ask,2660,6763.352
1727104170691,ETHUSDT,bid,2640,5507.375
1727104175696,ETHUSDT,bid,2640,5487.375
1727104177636,ETHUSDT,bid,2590,10269.111
1727104179084,ETHUSDT,bid,2640,5487.338
1727104181733,ETHUSDT,bid,2640,5476.012
1727104190242,ETHUSDT,bid,2640,5474.722
1727104192404,ETHUSDT,bid,2640,5489.592
1727104192505,ETHUSDT,bid,2640,5474.722
1727104194557,ETHUSDT,bid,2640,5480.382
1727104195568,ETHUSDT,ask,2660,6763.202
1727104197623,ETHUSDT,bid,2640,5474.722
1727104228425,ETHUSDT,ask,2660,6763.21
1727104230670,ETHUSDT,bid,2640,5473.732
1727104240064,ETHUSDT,bid,2640,5472.742
1727104241491,ETHUSDT,bid,2640,5471.752
1727104250785,ETHUSDT,bid,2640,5469.496
1727104268275,ETHUSDT,bid,2640,5469.595
1727104272257,ETHUSDT,ask,2660,6763.279
1727104273372,ETHUSDT,bid,2460,4218.928
1727104288639,ETHUSDT,bid,2420,4334.438
1727104310641,ETHUSDT,ask,2660,6765.359
1727104315556,ETHUSDT,ask,2660,6776.359
1727104330332,ETHUSDT,bid,2640,5469.605
1727104333303,ETHUSDT,bid,2640,5469.595
1727104353447,ETHUSDT,ask,2660,6775.292
1727104356613,ETHUSDT,ask,2660,6775.292
1727104357128,ETHUSDT,bid,2640,5469.496
1727104357128,ETHUSDT,ask,2660,6775.78
1727104358145,ETHUSDT,ask,2660,6776.557
1727104361219,ETHUSDT,ask,2660,6776.557
1727104361835,ETHUSDT,ask,2660,6776.549
1727104364382,ETHUSDT,ask,2660,6778.166
1727104375414,ETHUSDT,bid,2640,5463.894
1727104380757,ETHUSDT,ask,2660,6777.6
1727104390895,ETHUSDT,ask,2660,6777.12
1727104397367,ETHUSDT,bid,1950,5450.74
1727104404655,ETHUSDT,ask,2660,6779.144
1727104406387,ETHUSDT,ask,2660,6780.129
1727104409965,ETHUSDT,bid,2640,5464.394
1727104411086,ETHUSDT,ask,2660,6778.772
1727104411801,ETHUSDT,ask,2660,6776.772
1727104413028,ETHUSDT,ask,2660,6799.025
1727104414149,ETHUSDT,ask,2660,6799.213
1727104415267,ETHUSDT,ask,2660,6799.64
1727104416082,ETHUSDT,ask,2660,6799.941
1727104416897,ETHUSDT,ask,2660,6779.958
1727104417200,ETHUSDT,ask,2660,6778.968
1727104417709,ETHUSDT,ask,2660,6779.177
1727104417810,ETHUSDT,ask,2660,6778.453
1727104418114,ETHUSDT,ask,2660,6778.461
1727104418318,ETHUSDT,ask,2660,6788.822
1727104418418,ETHUSDT,ask,2660,6787.276
1727104418519,ETHUSDT,ask,2660,6787.52
1727104418720,ETHUSDT,ask,2660,6787.276
1727104419025,ETHUSDT,ask,2660,6805.75
1727104419127,ETHUSDT,ask,2660,6787.276
1727104419534,ETHUSDT,ask,2660,6787.52
1727104419736,ETHUSDT,ask,2660,6787.276
1727104420046,ETHUSDT,ask,2660,6795.08
