2024-08-30 09:06:18,BTCUSDT,bid,47000,882.62
2024-08-30 09:06:55,BTCUSDT,bid,47000,882.619
2024-08-30 09:07:46,BTCUSDT,bid,47000,882.633
2024-08-30 09:11:18,BTCUSDT,bid,47000,882.63
2024-08-30 09:35:17,BTCUSDT,bid,47000,882.641
2024-08-30 07:00:02,BTCUSD_PERP,bid,58800,522.38
2024-08-30 07:01:01,BTCUSD_PERP,bid,58800,522.06
2024-08-30 07:01:01,BTCUSD_PERP,bid,58800,696.87
2024-08-30 07:01:15,BTCUSD_PERP,bid,58800,638.6
2024-08-30 07:01:15,BTCUSD_PERP,bid,58800,522.06
2024-08-30 07:01:15,BTCUSD_PERP,bid,58800,522.36
2024-08-30 07:01:16,BTCUSD_PERP,bid,58800,580.01
2024-08-30 07:01:21,BTCUSD_PERP,bid,58800,637.66
2024-08-30 07:01:29,BTCUSD_PERP,bid,58800,580.02
2024-08-30 07:01:29,BTCUSD_PERP,bid,58800,521.78
2024-08-30 07:01:31,BTCUSD_PERP,bid,58700,531.88
2024-08-30 07:01:31,BTCUSD_PERP,bid,58700,647.71
2024-08-30 07:02:00,BTCUSD_PERP,bid,58700,589.5
2024-08-30 07:10:50,BTCUSD_PERP,bid,58700,522.33
2024-08-30 07:10:50,BTCUSD_PERP,bid,58700,638.08
2024-08-30 07:10:50,BTCUSD_PERP,bid,58700,695.65
2024-08-30 07:14:03,BTCUSD_PERP,bid,58600,521.02
2024-08-30 07:14:10,BTCUSD_PERP,bid,58600,936.5
2024-08-30 07:14:10,BTCUSD_PERP,bid,58600,994.57
2024-08-30 07:14:11,BTCUSD_PERP,bid,58600,820.46
2024-08-30 07:14:11,BTCUSD_PERP,bid,58600,579.71
2024-08-30 07:14:11,BTCUSD_PERP,bid,58600,637.81
2024-08-30 07:14:11,BTCUSD_PERP,bid,58600,695.91
2024-08-30 07:14:12,BTCUSD_PERP,bid,58600,754.01
2024-08-30 07:15:11,BTCUSD_PERP,bid,58600,695.91
2024-08-30 07:15:29,BTCUSD_PERP,bid,58600,637.81
2024-08-30 07:15:32,BTCUSD_PERP,bid,58700,1062.3
2024-08-30 07:15:32,BTCUSD_PERP,bid,58700,1178.56
2024-08-30 07:16:22,BTCUSD_PERP,bid,58700,1120.43
2024-08-30 07:16:22,BTCUSD_PERP,bid,58700,1004.87
2024-08-30 07:16:22,BTCUSD_PERP,bid,58700,946.74
2024-08-30 07:16:22,BTCUSD_PERP,bid,58700,772.95
2024-08-30 07:16:22,BTCUSD_PERP,bid,58700,714.82
2024-08-30 07:16:23,BTCUSD_PERP,bid,58700,656.69
2024-08-30 07:16:23,BTCUSD_PERP,bid,58700,599.16
2024-08-30 07:16:23,BTCUSD_PERP,bid,58600,521.7
2024-08-30 07:16:23,BTCUSD_PERP,bid,58600,637.3
2024-08-30 07:16:23,BTCUSD_PERP,bid,58600,752.9
2024-08-30 07:16:23,BTCUSD_PERP,bid,58600,811.0
2024-08-30 07:16:24,BTCUSD_PERP,bid,58600,868.51
2024-08-30 07:16:24,BTCUSD_PERP,bid,58600,926.01
2024-08-30 07:16:24,BTCUSD_PERP,bid,58600,984.11
2024-08-30 07:16:24,BTCUSD_PERP,bid,58600,1042.21
2024-08-30 07:18:06,BTCUSD_PERP,bid,58600,522.31
2024-08-30 07:18:06,BTCUSD_PERP,bid,58600,1040.82
2024-08-30 07:18:06,BTCUSD_PERP,bid,58600,1098.88
2024-08-30 07:20:35,BTCUSD_PERP,bid,58600,867.83
2024-08-30 07:20:36,BTCUSD_PERP,bid,58600,752.3
2024-08-30 07:20:36,BTCUSD_PERP,bid,58600,694.84
2024-08-30 07:20:36,BTCUSD_PERP,bid,58600,636.78
2024-08-30 07:20:36,BTCUSD_PERP,bid,58600,578.72
2024-08-30 07:20:37,BTCUSD_PERP,bid,58600,637.65
2024-08-30 07:20:37,BTCUSD_PERP,bid,58600,695.15
2024-08-30 07:20:37,BTCUSD_PERP,bid,58600,753.23
2024-08-30 07:20:37,BTCUSD_PERP,bid,58600,868.81
2024-08-30 07:22:23,BTCUSD_PERP,bid,58600,810.73
2024-08-30 07:22:23,BTCUSD_PERP,bid,58600,753.23
2024-08-30 07:22:24,BTCUSD_PERP,bid,58600,637.07
2024-08-30 07:22:24,BTCUSD_PERP,bid,58700,580.52
2024-08-30 07:22:25,BTCUSD_PERP,bid,58700,695.59
2024-08-30 07:22:25,BTCUSD_PERP,bid,58700,811.24
2024-08-30 07:22:25,BTCUSD_PERP,bid,58700,869.36
2024-08-30 07:22:25,BTCUSD_PERP,bid,58700,926.89
2024-08-30 07:23:06,BTCUSD_PERP,bid,58700,753.7
2024-08-30 07:23:06,BTCUSD_PERP,bid,58700,696.17
2024-08-30 07:23:06,BTCUSD_PERP,bid,58700,638.05
2024-08-30 07:23:06,BTCUSD_PERP,bid,58700,520.4
2024-08-30 07:23:07,BTCUSD_PERP,bid,58700,580.02
2024-08-30 07:23:07,BTCUSD_PERP,bid,58700,578.46
2024-08-30 07:23:07,BTCUSD_PERP,bid,58700,521.9
2024-08-30 07:23:07,BTCUSD_PERP,bid,58700,636.61
2024-08-30 07:24:56,BTCUSD_PERP,bid,58700,578.73
2024-08-30 07:24:56,BTCUSD_PERP,bid,58700,636.25
2024-08-30 07:25:55,BTCUSD_PERP,ask,59800,504.68
2024-08-30 07:25:58,BTCUSD_PERP,ask,59800,514.25
2024-08-30 07:25:59,BTCUSD_PERP,bid,58700,578.23
2024-08-30 07:26:00,BTCUSD_PERP,bid,58700,521.69
2024-08-30 07:26:01,BTCUSD_PERP,bid,58700,579.85
2024-08-30 07:26:01,BTCUSD_PERP,bid,58700,579.89
2024-08-30 07:26:01,BTCUSD_PERP,bid,58700,638.05
2024-08-30 07:26:01,BTCUSD_PERP,bid,58700,753.17
2024-08-30 07:26:03,BTCUSD_PERP,bid,58700,753.21
2024-08-30 07:26:41,BTCUSD_PERP,bid,58700,521.76
2024-08-30 07:26:42,BTCUSD_PERP,bid,58700,520.72
2024-08-30 07:26:42,BTCUSD_PERP,bid,58700,578.91
2024-08-30 07:26:43,BTCUSD_PERP,bid,58700,637.1
2024-08-30 07:26:43,BTCUSD_PERP,bid,58700,695.29
2024-08-30 07:26:44,BTCUSD_PERP,bid,58700,695.33
2024-08-30 07:27:11,BTCUSD_PERP,bid,58700,637.73
2024-08-30 07:27:11,BTCUSD_PERP,bid,58700,521.35
2024-08-30 07:27:12,BTCUSD_PERP,bid,58800,522.68
2024-08-30 07:27:12,BTCUSD_PERP,bid,58800,696.74
2024-08-30 07:27:13,BTCUSD_PERP,bid,58800,754.36
2024-08-30 07:27:13,BTCUSD_PERP,bid,58700,522.37
2024-08-30 07:27:13,BTCUSD_PERP,bid,58800,812.58
2024-08-30 07:27:13,BTCUSD_PERP,bid,58800,870.8
2024-08-30 07:27:13,BTCUSD_PERP,bid,58800,928.42
2024-08-30 07:27:43,BTCUSD_PERP,bid,58800,870.2
2024-08-30 07:27:43,BTCUSD_PERP,bid,58800,522.45
2024-08-30 07:27:43,BTCUSD_PERP,bid,58800,638.36
2024-08-30 07:27:43,BTCUSD_PERP,bid,58800,696.61
2024-08-30 07:27:44,BTCUSD_PERP,bid,58800,754.26
2024-08-30 07:27:44,BTCUSD_PERP,bid,58800,811.91
2024-08-30 07:27:44,BTCUSD_PERP,bid,58800,870.16
2024-08-30 07:27:55,BTCUSD_PERP,bid,58800,1160.71
2024-08-30 07:27:55,BTCUSD_PERP,bid,58700,566.28
2024-08-30 07:29:24,BTCUSD_PERP,bid,58800,1102.46
2024-08-30 07:29:24,BTCUSD_PERP,bid,58800,1044.81
2024-08-30 07:29:24,BTCUSD_PERP,bid,58800,524.17
2024-08-30 07:29:24,BTCUSD_PERP,bid,58800,1102.78
2024-08-30 07:29:24,BTCUSD_PERP,bid,58700,565.98
2024-08-30 07:29:24,BTCUSD_PERP,bid,58800,1161.0
2024-08-30 07:29:32,BTCUSD_PERP,bid,58800,1161.04
2024-08-30 07:29:32,BTCUSD_PERP,bid,58800,1161.08
2024-08-30 07:29:36,BTCUSD_PERP,bid,58800,1161.12
2024-08-30 07:30:13,BTCUSD_PERP,bid,58800,1045.27
2024-08-30 07:30:13,BTCUSD_PERP,bid,58800,814.19
2024-08-30 07:30:14,BTCUSD_PERP,bid,58800,640.13
2024-08-30 07:30:14,BTCUSD_PERP,bid,58800,581.91
2024-08-30 07:30:14,BTCUSD_PERP,bid,58800,522.95
2024-08-30 07:30:15,BTCUSD_PERP,bid,58800,581.2
2024-08-30 07:30:15,BTCUSD_PERP,bid,58800,591.0
2024-08-30 07:30:15,BTCUSD_PERP,bid,58800,707.5
2024-08-30 07:30:15,BTCUSD_PERP,bid,58800,823.4
2024-08-30 07:31:30,BTCUSD_PERP,bid,58800,707.5
2024-08-30 07:31:30,BTCUSD_PERP,bid,58800,591.0
2024-08-30 07:31:30,BTCUSD_PERP,bid,58800,533.35
2024-08-30 07:33:44,BTCUSD_PERP,bid,58900,522.34
2024-08-30 07:33:44,BTCUSD_PERP,bid,58900,706.6
2024-08-30 07:33:45,BTCUSD_PERP,bid,58900,764.91
2024-08-30 07:33:45,BTCUSD_PERP,bid,58900,822.63
2024-08-30 07:33:45,BTCUSD_PERP,bid,58900,832.44
2024-08-30 07:33:45,BTCUSD_PERP,bid,58900,948.47
2024-08-30 07:34:55,BTCUSD_PERP,bid,58900,774.12
2024-08-30 07:34:55,BTCUSD_PERP,bid,58900,657.59
2024-08-30 07:34:55,BTCUSD_PERP,bid,58900,540.97
2024-08-30 07:34:56,BTCUSD_PERP,bid,58900,525.02
2024-08-30 07:34:56,BTCUSD_PERP,bid,58900,698.86
2024-08-30 07:34:56,BTCUSD_PERP,bid,58900,756.61
2024-08-30 07:34:56,BTCUSD_PERP,bid,58900,814.95
2024-08-30 07:34:56,BTCUSD_PERP,bid,58900,989.97
2024-08-30 07:34:56,BTCUSD_PERP,bid,58900,1048.31
2024-08-30 07:34:57,BTCUSD_PERP,bid,58900,1163.81
2024-08-30 07:35:15,BTCUSD_PERP,bid,58900,1047.72
2024-08-30 07:35:15,BTCUSD_PERP,bid,58900,523.52
2024-08-30 07:35:15,BTCUSD_PERP,bid,58900,1103.68
2024-08-30 07:35:15,BTCUSD_PERP,bid,58900,1161.99
2024-08-30 07:35:16,BTCUSD_PERP,bid,58900,1220.3
2024-08-30 07:35:36,BTCUSD_PERP,bid,58900,1162.58
2024-08-30 07:35:36,BTCUSD_PERP,bid,58900,1046.55
2024-08-30 07:35:36,BTCUSD_PERP,bid,58900,988.24
2024-08-30 07:35:36,BTCUSD_PERP,bid,58900,929.93
2024-08-30 07:35:37,BTCUSD_PERP,bid,58900,813.9
2024-08-30 07:35:37,BTCUSD_PERP,bid,58900,755.59
2024-08-30 07:35:37,BTCUSD_PERP,bid,58900,581.25
2024-08-30 07:35:37,BTCUSD_PERP,bid,58900,639.5
2024-08-30 07:35:37,BTCUSD_PERP,bid,58900,522.94
2024-08-30 07:35:37,BTCUSD_PERP,bid,58900,697.85
2024-08-30 07:35:37,BTCUSD_PERP,bid,58900,813.96
2024-08-30 07:35:38,BTCUSD_PERP,bid,58900,930.06
2024-08-30 07:35:38,BTCUSD_PERP,bid,58900,1046.16
2024-08-30 07:35:38,BTCUSD_PERP,bid,58900,1162.86
2024-08-30 07:35:38,BTCUSD_PERP,bid,58900,1221.11
2024-08-30 07:36:11,BTCUSD_PERP,bid,58900,1163.36
2024-08-30 07:36:11,BTCUSD_PERP,bid,58900,988.9
2024-08-30 07:36:11,BTCUSD_PERP,bid,58900,928.83
2024-08-30 07:36:12,BTCUSD_PERP,bid,58900,1103.79
2024-08-30 07:36:12,BTCUSD_PERP,bid,58900,1162.11
2024-08-30 07:36:47,BTCUSD_PERP,bid,58900,1104.39
2024-08-30 07:36:47,BTCUSD_PERP,bid,58900,1046.07
2024-08-30 07:36:47,BTCUSD_PERP,bid,58900,929.43
2024-08-30 07:36:48,BTCUSD_PERP,bid,58900,813.99
2024-08-30 07:36:48,BTCUSD_PERP,bid,58900,755.67
2024-08-30 07:36:48,BTCUSD_PERP,bid,58900,697.35
2024-08-30 07:36:48,BTCUSD_PERP,bid,58900,522.99
2024-08-30 07:36:49,BTCUSD_PERP,bid,58900,581.71
2024-08-30 07:36:49,BTCUSD_PERP,bid,58900,639.96
2024-08-30 07:36:49,BTCUSD_PERP,bid,58900,698.31
2024-08-30 07:36:49,BTCUSD_PERP,bid,58900,756.06
2024-08-30 07:36:49,BTCUSD_PERP,bid,58900,814.41
2024-08-30 07:38:10,BTCUSD_PERP,bid,58900,582.2
2024-08-30 07:38:10,BTCUSD_PERP,bid,58900,523.85
2024-08-30 07:38:10,BTCUSD_PERP,bid,58900,524.41
2024-08-30 07:38:11,BTCUSD_PERP,bid,58900,582.79
2024-08-30 07:38:11,BTCUSD_PERP,bid,58900,708.77
2024-08-30 07:38:11,BTCUSD_PERP,bid,58900,941.69
2024-08-30 07:38:11,BTCUSD_PERP,bid,58900,1000.07
2024-08-30 07:38:11,BTCUSD_PERP,bid,58900,1067.77
2024-08-30 07:38:11,BTCUSD_PERP,bid,58900,1125.55
2024-08-30 07:38:12,BTCUSD_PERP,bid,58900,1183.93
2024-08-30 07:38:12,BTCUSD_PERP,bid,58900,1242.31
2024-08-30 07:38:49,BTCUSD_PERP,bid,58900,1183.93
2024-08-30 07:38:49,BTCUSD_PERP,bid,58900,1068.37
2024-08-30 07:38:49,BTCUSD_PERP,bid,58900,952.21
2024-08-30 07:38:50,BTCUSD_PERP,bid,58900,893.83
2024-08-30 07:38:50,BTCUSD_PERP,bid,58900,777.67
2024-08-30 07:38:50,BTCUSD_PERP,bid,58900,580.5
2024-08-30 07:38:50,BTCUSD_PERP,bid,58900,661.51
2024-08-30 07:38:50,BTCUSD_PERP,bid,58900,755.55
2024-08-30 07:38:50,BTCUSD_PERP,bid,58900,1221.06
2024-08-30 07:41:03,BTCUSD_PERP,bid,58900,930.03
2024-08-30 07:41:03,BTCUSD_PERP,bid,58900,988.35
2024-08-30 07:43:15,BTCUSD_PERP,bid,58800,813.57
2024-08-30 07:43:15,BTCUSD_PERP,bid,58800,929.55
2024-08-30 07:43:15,BTCUSD_PERP,bid,58800,987.84
2024-08-30 07:44:42,BTCUSD_PERP,bid,58800,638.8
2024-08-30 07:44:42,BTCUSD_PERP,bid,58800,697.23
2024-08-30 07:44:42,BTCUSD_PERP,bid,58800,755.49
2024-08-30 07:44:56,BTCUSD_PERP,bid,58800,697.23
2024-08-30 07:44:56,BTCUSD_PERP,bid,58800,754.49
2024-08-30 07:44:56,BTCUSD_PERP,bid,58800,928.59
2024-08-30 07:44:56,BTCUSD_PERP,bid,58800,986.82
2024-08-30 07:44:59,BTCUSD_PERP,bid,58700,705.58
2024-08-30 07:44:59,BTCUSD_PERP,bid,58700,1111.12
2024-08-30 07:45:00,BTCUSD_PERP,bid,58700,1169.31
2024-08-30 07:45:14,BTCUSD_PERP,bid,58700,869.92
2024-08-30 07:45:14,BTCUSD_PERP,bid,58700,928.08
2024-08-30 07:45:18,BTCUSD_PERP,bid,58700,869.92
2024-08-30 07:45:18,BTCUSD_PERP,bid,58700,521.55
2024-08-30 07:45:18,BTCUSD_PERP,bid,58700,695.07
2024-08-30 07:45:18,BTCUSD_PERP,bid,58700,753.2
2024-08-30 07:47:09,BTCUSD_PERP,bid,58700,695.07
2024-08-30 07:47:09,BTCUSD_PERP,bid,58700,636.94
2024-08-30 07:47:09,BTCUSD_PERP,bid,58700,578.81
2024-08-30 07:47:11,BTCUSD_PERP,bid,58700,521.14
2024-08-30 07:47:11,BTCUSD_PERP,bid,58700,579.31
2024-08-30 07:47:11,BTCUSD_PERP,bid,58700,636.88
2024-08-30 07:49:17,BTCUSD_PERP,bid,58700,579.31
2024-08-30 07:49:17,BTCUSD_PERP,bid,58700,578.41
2024-08-30 07:49:17,BTCUSD_PERP,bid,58700,636.55
2024-08-30 07:49:18,BTCUSD_PERP,bid,58700,638.66
2024-08-30 07:49:19,BTCUSD_PERP,bid,58700,652.73
2024-08-30 07:49:50,BTCUSD_PERP,bid,58700,595.18
2024-08-30 07:49:50,BTCUSD_PERP,bid,58700,537.04
2024-08-30 07:49:51,BTCUSD_PERP,bid,58700,521.14
2024-08-30 07:50:38,BTCUSD_PERP,bid,58700,522.5
2024-08-30 07:50:40,BTCUSD_PERP,bid,58700,522.54
2024-08-30 07:50:46,BTCUSD_PERP,bid,58700,579.06
2024-08-30 07:50:46,BTCUSD_PERP,bid,58700,637.26
2024-08-30 07:51:09,BTCUSD_PERP,bid,58800,523.41
2024-08-30 07:51:12,BTCUSD_PERP,bid,58700,579.06
2024-08-30 07:51:12,BTCUSD_PERP,bid,58700,520.86
2024-08-30 07:51:13,BTCUSD_PERP,bid,58800,521.76
2024-08-30 07:51:13,BTCUSD_PERP,bid,58800,580.0
2024-08-30 07:51:14,BTCUSD_PERP,bid,58800,637.65
2024-08-30 07:54:36,BTCUSD_PERP,bid,58800,523.37
2024-08-30 07:57:01,BTCUSD_PERP,bid,58700,521.44
2024-08-30 07:57:01,BTCUSD_PERP,bid,58700,579.64
2024-08-30 07:57:02,BTCUSD_PERP,bid,58700,522.5
2024-08-30 07:57:02,BTCUSD_PERP,bid,58700,580.7
2024-08-30 07:57:30,BTCUSD_PERP,bid,58700,521.14
2024-08-30 07:57:30,BTCUSD_PERP,bid,58700,579.31
2024-08-30 07:57:32,BTCUSD_PERP,bid,58700,522.5
2024-08-30 07:57:33,BTCUSD_PERP,bid,58700,522.15
2024-08-30 07:57:33,BTCUSD_PERP,bid,58700,523.38
2024-08-30 07:57:34,BTCUSD_PERP,bid,58700,581.54
2024-08-30 07:57:35,BTCUSD_PERP,bid,58700,595.61
2024-08-30 07:58:03,BTCUSD_PERP,bid,58700,521.14
2024-08-30 07:58:03,BTCUSD_PERP,bid,58700,530.75
2024-08-30 07:58:03,BTCUSD_PERP,bid,58700,588.89
2024-08-30 07:58:04,BTCUSD_PERP,bid,58700,531.66
2024-08-30 07:58:05,BTCUSD_PERP,bid,58700,589.79
2024-08-30 07:58:11,BTCUSD_PERP,bid,58700,520.6
2024-08-30 07:58:11,BTCUSD_PERP,bid,58700,578.71
2024-08-30 07:58:31,BTCUSD_PERP,ask,59800,501.3
2024-08-30 07:58:31,BTCUSD_PERP,ask,59800,507.27
2024-08-30 07:58:31,BTCUSD_PERP,ask,59800,526.99
2024-08-30 07:58:31,BTCUSD_PERP,ask,59800,536.55
2024-08-30 07:58:35,BTCUSD_PERP,ask,59800,546.11
2024-08-30 07:58:37,BTCUSD_PERP,ask,59800,555.67
2024-08-30 07:58:38,BTCUSD_PERP,ask,59800,565.23
2024-08-30 07:58:40,BTCUSD_PERP,ask,59800,574.79
2024-08-30 07:59:23,BTCUSD_PERP,ask,59800,568.82
2024-08-30 07:59:25,BTCUSD_PERP,ask,59800,559.26
2024-08-30 07:59:28,BTCUSD_PERP,ask,59800,553.29
2024-08-30 07:59:31,BTCUSD_PERP,ask,59800,547.32
2024-08-30 07:59:31,BTCUSD_PERP,ask,59800,537.76
2024-08-30 07:59:36,BTCUSD_PERP,ask,59800,528.2
2024-08-30 07:59:37,BTCUSD_PERP,ask,59800,518.64
2024-08-30 07:59:39,BTCUSD_PERP,ask,59800,509.08
2024-08-30 08:00:02,BTCUSD_PERP,bid,58600,521.61
2024-08-30 08:00:58,BTCUSD_PERP,bid,58700,521.2
2024-08-30 08:00:58,BTCUSD_PERP,bid,58600,530.2
2024-08-30 08:00:58,BTCUSD_PERP,bid,58600,588.28
2024-08-30 08:02:46,BTCUSD_PERP,bid,58600,530.2
2024-08-30 08:06:42,BTCUSD_PERP,bid,58700,578.7
2024-08-30 08:06:42,BTCUSD_PERP,bid,58700,695.06
2024-08-30 08:07:27,BTCUSD_PERP,bid,58700,579.3
2024-08-30 08:07:27,BTCUSD_PERP,bid,58700,521.72
2024-08-30 08:07:27,BTCUSD_PERP,bid,58700,521.46
2024-08-30 08:07:44,BTCUSD_PERP,ask,59800,521.3
2024-08-30 08:07:45,BTCUSD_PERP,ask,59800,530.86
2024-08-30 08:07:45,BTCUSD_PERP,ask,59800,540.42
2024-08-30 08:07:46,BTCUSD_PERP,ask,59800,549.98
2024-08-30 08:07:49,BTCUSD_PERP,bid,58700,753.07
2024-08-30 08:07:49,BTCUSD_PERP,bid,58700,811.19
2024-08-30 08:08:31,BTCUSD_PERP,bid,58700,579.91
2024-08-30 08:08:31,BTCUSD_PERP,bid,58600,578.5
2024-08-30 08:08:32,BTCUSD_PERP,bid,58600,752.08
2024-08-30 08:08:32,BTCUSD_PERP,bid,58600,810.17
2024-08-30 08:09:55,BTCUSD_PERP,bid,58600,752.08
2024-08-30 08:09:55,BTCUSD_PERP,bid,58600,694.58
2024-08-30 08:10:20,BTCUSD_PERP,bid,58600,636.59
2024-08-30 08:10:20,BTCUSD_PERP,bid,58600,578.5
2024-08-30 08:10:20,BTCUSD_PERP,bid,58600,521.01
2024-08-30 08:10:22,BTCUSD_PERP,bid,58700,637.42
2024-08-30 08:10:22,BTCUSD_PERP,bid,58700,694.94
2024-08-30 08:11:45,BTCUSD_PERP,bid,58700,637.26
2024-08-30 08:11:45,BTCUSD_PERP,bid,58700,695.41
2024-08-30 08:11:45,BTCUSD_PERP,bid,58700,752.97
2024-08-30 08:11:46,BTCUSD_PERP,bid,58700,869.17
2024-08-30 08:11:46,BTCUSD_PERP,bid,58700,984.87
2024-08-30 08:11:56,BTCUSD_PERP,bid,58700,869.76
2024-08-30 08:11:56,BTCUSD_PERP,bid,58700,811.61
2024-08-30 08:11:56,BTCUSD_PERP,bid,58700,753.46
2024-08-30 08:11:57,BTCUSD_PERP,bid,58700,695.31
2024-08-30 08:11:57,BTCUSD_PERP,bid,58700,579.61
2024-08-30 08:11:57,BTCUSD_PERP,bid,58700,521.29
2024-08-30 08:11:57,BTCUSD_PERP,bid,58700,695.65
2024-08-30 08:11:57,BTCUSD_PERP,bid,58700,811.29
2024-08-30 08:11:58,BTCUSD_PERP,bid,58700,926.34
2024-08-30 08:11:58,BTCUSD_PERP,bid,58700,984.46
2024-08-30 08:11:58,BTCUSD_PERP,bid,58700,1042.48
2024-08-30 08:12:10,BTCUSD_PERP,bid,58700,1042.52
2024-08-30 08:13:42,BTCUSD_PERP,bid,58700,984.4
2024-08-30 08:13:42,BTCUSD_PERP,bid,58700,926.28
2024-08-30 08:13:42,BTCUSD_PERP,bid,58700,868.76
2024-08-30 08:13:42,BTCUSD_PERP,bid,58700,810.64
2024-08-30 08:13:42,BTCUSD_PERP,bid,58700,753.12
2024-08-30 08:13:43,BTCUSD_PERP,bid,58700,695.6
2024-08-30 08:13:43,BTCUSD_PERP,bid,58700,637.48
2024-08-30 08:13:43,BTCUSD_PERP,bid,58700,579.36
2024-08-30 08:13:44,BTCUSD_PERP,bid,58700,580.3
2024-08-30 08:13:44,BTCUSD_PERP,bid,58700,696.03
2024-08-30 08:14:21,BTCUSD_PERP,bid,58700,521.55
2024-08-30 08:14:21,BTCUSD_PERP,bid,58700,695.0
2024-08-30 08:14:22,BTCUSD_PERP,bid,58700,753.12
2024-08-30 08:15:04,BTCUSD_PERP,bid,58700,695.0
2024-08-30 08:15:04,BTCUSD_PERP,bid,58700,637.47
2024-08-30 08:15:04,BTCUSD_PERP,bid,58700,579.35
2024-08-30 08:15:04,BTCUSD_PERP,bid,58700,521.23
2024-08-30 08:15:05,BTCUSD_PERP,bid,58600,521.53
2024-08-30 08:15:05,BTCUSD_PERP,bid,58600,637.12
2024-08-30 08:15:05,BTCUSD_PERP,bid,58600,695.21
2024-08-30 08:15:06,BTCUSD_PERP,bid,58600,752.71
2024-08-30 08:15:07,BTCUSD_PERP,bid,58600,752.75
2024-08-30 08:15:16,BTCUSD_PERP,bid,58600,752.79
2024-08-30 08:16:06,BTCUSD_PERP,bid,58600,809.16
2024-08-30 08:16:27,BTCUSD_PERP,bid,58600,751.7
2024-08-30 08:16:28,BTCUSD_PERP,bid,58600,694.24
2024-08-30 08:16:28,BTCUSD_PERP,bid,58600,636.18
2024-08-30 08:16:28,BTCUSD_PERP,bid,58600,578.41
2024-08-30 08:16:28,BTCUSD_PERP,bid,58600,636.5
2024-08-30 08:16:29,BTCUSD_PERP,bid,58600,752.68
2024-08-30 08:16:29,BTCUSD_PERP,bid,58600,810.18
2024-08-30 08:16:29,BTCUSD_PERP,bid,58600,867.67
2024-08-30 08:16:29,BTCUSD_PERP,bid,58600,925.76
2024-08-30 08:17:29,BTCUSD_PERP,bid,58600,868.27
2024-08-30 08:17:30,BTCUSD_PERP,bid,58600,694.7
2024-08-30 08:17:30,BTCUSD_PERP,bid,58600,636.61
2024-08-30 08:17:30,BTCUSD_PERP,bid,58600,578.52
2024-08-30 08:17:30,BTCUSD_PERP,bid,58600,521.03
2024-08-30 08:17:31,BTCUSD_PERP,bid,58700,531.17
2024-08-30 08:17:31,BTCUSD_PERP,bid,58700,588.7
2024-08-30 08:17:31,BTCUSD_PERP,bid,58700,646.83
2024-08-30 08:17:52,BTCUSD_PERP,bid,58700,648.94
2024-08-30 08:17:53,BTCUSD_PERP,bid,58700,650.17
2024-08-30 08:17:54,BTCUSD_PERP,bid,58700,664.24
2024-08-30 08:18:18,BTCUSD_PERP,bid,58700,663.01
2024-08-30 08:18:35,BTCUSD_PERP,bid,58700,604.88
2024-08-30 08:18:35,BTCUSD_PERP,bid,58600,810.32
2024-08-30 08:18:35,BTCUSD_PERP,bid,58600,925.93
2024-08-30 08:18:35,BTCUSD_PERP,bid,58600,984.03
2024-08-30 08:19:17,BTCUSD_PERP,bid,58600,752.83
2024-08-30 08:19:17,BTCUSD_PERP,bid,58600,636.38
2024-08-30 08:19:17,BTCUSD_PERP,bid,58600,694.45
2024-08-30 08:19:19,BTCUSD_PERP,bid,58600,752.52
2024-08-30 08:20:20,BTCUSD_PERP,bid,58600,579.51
2024-08-30 08:20:21,BTCUSD_PERP,bid,58600,521.44
2024-08-30 08:20:22,BTCUSD_PERP,bid,58700,522.01
2024-08-30 08:22:15,BTCUSD_PERP,bid,58600,521.56
2024-08-30 08:25:30,BTCUSD_PERP,bid,58700,521.33
2024-08-30 08:25:53,BTCUSD_PERP,bid,58700,532.04
2024-08-30 08:25:53,BTCUSD_PERP,bid,58700,647.74
2024-08-30 08:25:53,BTCUSD_PERP,bid,58700,705.89
2024-08-30 08:26:26,BTCUSD_PERP,bid,58700,647.74
2024-08-30 08:27:04,BTCUSD_PERP,bid,58600,580.92
2024-08-30 08:27:42,BTCUSD_PERP,bid,58500,693.87
2024-08-30 08:27:44,BTCUSD_PERP,bid,58500,866.45
2024-08-30 08:27:46,BTCUSD_PERP,bid,58500,809.12
2024-08-30 08:27:46,BTCUSD_PERP,bid,58500,751.79
2024-08-30 08:27:46,BTCUSD_PERP,bid,58500,636.53
2024-08-30 08:27:46,BTCUSD_PERP,bid,58500,578.6
2024-08-30 08:31:40,BTCUSD_PERP,bid,58000,519.06
2024-08-30 08:33:10,BTCUSD_PERP,bid,58000,519.07
2024-08-30 08:34:43,BTCUSD_PERP,bid,58500,519.59
2024-08-30 08:34:43,BTCUSD_PERP,bid,58500,576.94
2024-08-30 08:34:48,BTCUSD_PERP,bid,58500,519.0
2024-08-30 08:35:28,BTCUSD_PERP,bid,58600,520.0
2024-08-30 08:35:28,BTCUSD_PERP,bid,58600,577.95
2024-08-30 08:36:02,BTCUSD_PERP,bid,58600,637.72
2024-08-30 08:36:02,BTCUSD_PERP,bid,58600,695.8
2024-08-30 08:36:05,BTCUSD_PERP,bid,58600,637.72
2024-08-30 08:36:06,BTCUSD_PERP,bid,58600,579.64
2024-08-30 08:36:06,BTCUSD_PERP,bid,58600,521.56
2024-08-30 08:36:07,BTCUSD_PERP,bid,58700,579.51
2024-08-30 08:36:07,BTCUSD_PERP,bid,58700,637.64
2024-08-30 08:36:44,BTCUSD_PERP,bid,58700,579.51
2024-08-30 08:36:45,BTCUSD_PERP,bid,58700,521.38
2024-08-30 08:37:41,BTCUSD_PERP,bid,58600,521.72
2024-08-30 08:37:46,BTCUSD_PERP,bid,58600,522.31
2024-08-30 08:38:26,BTCUSD_PERP,bid,58700,521.47
2024-08-30 08:38:26,BTCUSD_PERP,bid,58700,579.61
2024-08-30 08:38:56,BTCUSD_PERP,bid,58700,522.07
2024-08-30 08:38:57,BTCUSD_PERP,bid,58600,535.86
2024-08-30 08:39:12,BTCUSD_PERP,bid,58600,520.93
2024-08-30 08:39:12,BTCUSD_PERP,bid,58600,579.01
2024-08-30 08:40:15,BTCUSD_PERP,bid,58000,519.05
2024-08-30 08:40:44,BTCUSD_PERP,bid,58600,521.8
2024-08-30 08:41:18,BTCUSD_PERP,bid,58600,578.93
2024-08-30 08:41:18,BTCUSD_PERP,bid,58600,694.48
2024-08-30 08:41:18,BTCUSD_PERP,bid,58600,752.55
2024-08-30 08:41:35,BTCUSD_PERP,bid,58600,637.0
2024-08-30 08:41:35,BTCUSD_PERP,bid,58600,636.75
2024-08-30 08:41:35,BTCUSD_PERP,bid,58600,752.95
2024-08-30 08:45:10,BTCUSD_PERP,bid,58600,695.44
2024-08-30 08:45:10,BTCUSD_PERP,bid,58600,521.06
2024-08-30 08:45:10,BTCUSD_PERP,bid,58600,579.13
2024-08-30 08:45:58,BTCUSD_PERP,bid,58600,752.44
2024-08-30 08:45:58,BTCUSD_PERP,bid,58600,810.55
2024-08-30 08:46:09,BTCUSD_PERP,bid,58600,810.59
2024-08-30 08:46:11,BTCUSD_PERP,bid,58600,810.63
2024-08-30 08:46:24,BTCUSD_PERP,bid,58600,695.01
2024-08-30 08:46:24,BTCUSD_PERP,bid,58600,637.5
2024-08-30 08:46:24,BTCUSD_PERP,bid,58600,521.87
2024-08-30 08:47:21,BTCUSD_PERP,bid,58700,521.77
2024-08-30 08:47:21,BTCUSD_PERP,bid,58700,638.11
2024-08-30 08:47:21,BTCUSD_PERP,bid,58700,695.69
2024-08-30 08:47:21,BTCUSD_PERP,bid,58700,753.86
2024-08-30 08:49:29,BTCUSD_PERP,bid,58700,578.99
2024-08-30 08:49:30,BTCUSD_PERP,bid,58700,695.25
2024-08-30 08:49:30,BTCUSD_PERP,bid,58700,753.38
2024-08-30 08:51:24,BTCUSD_PERP,bid,58700,637.7
2024-08-30 08:51:24,BTCUSD_PERP,bid,58700,580.15
2024-08-30 08:51:25,BTCUSD_PERP,bid,58700,521.22
2024-08-30 08:51:25,BTCUSD_PERP,bid,58700,579.4
2024-08-30 08:51:25,BTCUSD_PERP,bid,58700,695.76
2024-08-30 08:51:26,BTCUSD_PERP,bid,58700,753.94
2024-08-30 08:51:54,BTCUSD_PERP,bid,58800,696.15
2024-08-30 08:51:54,BTCUSD_PERP,bid,58800,754.36
2024-08-30 08:51:55,BTCUSD_PERP,bid,58800,768.45
2024-08-30 08:51:56,BTCUSD_PERP,bid,58800,770.56
2024-08-30 08:52:15,BTCUSD_PERP,bid,58800,712.35
2024-08-30 08:52:15,BTCUSD_PERP,bid,58700,695.77
2024-08-30 08:52:15,BTCUSD_PERP,bid,58700,753.95
2024-08-30 08:55:51,BTCUSD_PERP,bid,58000,519.21
2024-08-30 08:56:17,BTCUSD_PERP,bid,58000,519.05
2024-08-30 08:56:26,BTCUSD_PERP,bid,58000,519.08
2024-08-30 09:00:57,BTCUSD_PERP,bid,58600,771.82
2024-08-30 09:00:57,BTCUSD_PERP,bid,58600,888.0
2024-08-30 09:01:28,BTCUSD_PERP,bid,58000,519.09
2024-08-30 09:01:57,BTCUSD_PERP,bid,58000,520.19
2024-08-30 09:02:05,BTCUSD_PERP,bid,58600,541.25
2024-08-30 09:02:06,BTCUSD_PERP,bid,58700,521.9
2024-08-30 09:02:06,BTCUSD_PERP,bid,58700,637.55
2024-08-30 09:02:06,BTCUSD_PERP,bid,58700,695.67
2024-08-30 09:03:25,BTCUSD_PERP,bid,58000,520.24
2024-08-30 09:04:09,BTCUSD_PERP,bid,58700,638.14
2024-08-30 09:04:09,BTCUSD_PERP,bid,58700,580.02
2024-08-30 09:04:09,BTCUSD_PERP,bid,58700,521.9
2024-08-30 09:04:10,BTCUSD_PERP,bid,58700,522.24
2024-08-30 09:04:10,BTCUSD_PERP,bid,58700,580.4
2024-08-30 09:04:10,BTCUSD_PERP,bid,58700,638.56
2024-08-30 09:04:10,BTCUSD_PERP,bid,58700,753.68
2024-08-30 09:04:10,BTCUSD_PERP,bid,58700,811.84
2024-08-30 09:04:12,BTCUSD_PERP,bid,58700,813.07
2024-08-30 09:04:50,BTCUSD_PERP,bid,58700,638.59
2024-08-30 09:04:52,BTCUSD_PERP,bid,58700,521.91
2024-08-30 09:04:52,BTCUSD_PERP,bid,58700,579.5
2024-08-30 09:04:52,BTCUSD_PERP,bid,58700,637.69
2024-08-30 09:06:33,BTCUSD_PERP,bid,58700,521.91
2024-08-30 09:06:34,BTCUSD_PERP,bid,58800,522.78
2024-08-30 09:07:47,BTCUSD_PERP,bid,58700,699.41
2024-08-30 09:07:47,BTCUSD_PERP,bid,58700,757.0
2024-08-30 09:08:29,BTCUSD_PERP,bid,58700,640.62
2024-08-30 09:08:29,BTCUSD_PERP,bid,58700,525.44
2024-08-30 09:08:30,BTCUSD_PERP,bid,58800,528.65
2024-08-30 09:08:30,BTCUSD_PERP,bid,58800,586.27
2024-08-30 09:08:30,BTCUSD_PERP,bid,58800,644.49
2024-08-30 09:08:30,BTCUSD_PERP,bid,58800,702.71
2024-08-30 09:08:31,BTCUSD_PERP,bid,58800,760.33
2024-08-30 09:09:35,BTCUSD_PERP,ask,59900,516.12
2024-08-30 09:09:40,BTCUSD_PERP,ask,59900,522.1
2024-08-30 09:09:40,BTCUSD_PERP,ask,59900,528.08
2024-08-30 09:09:41,BTCUSD_PERP,ask,59900,537.66
2024-08-30 09:09:41,BTCUSD_PERP,ask,59900,547.24
2024-08-30 09:09:44,BTCUSD_PERP,ask,59900,556.52
2024-08-30 09:09:44,BTCUSD_PERP,ask,59900,566.1
2024-08-30 09:09:44,BTCUSD_PERP,ask,59900,575.68
2024-08-30 09:09:45,BTCUSD_PERP,ask,59900,581.66
2024-08-30 09:09:45,BTCUSD_PERP,ask,59900,587.64
2024-08-30 09:09:49,BTCUSD_PERP,ask,59900,597.22
2024-08-30 09:09:58,BTCUSD_PERP,ask,59900,607.1
2024-08-30 09:09:58,BTCUSD_PERP,ask,59900,616.68
2024-08-30 09:10:15,BTCUSD_PERP,ask,59900,626.26
2024-08-30 09:10:43,BTCUSD_PERP,ask,59900,560.95
2024-08-30 09:10:43,BTCUSD_PERP,ask,59900,620.28
2024-08-30 09:10:44,BTCUSD_PERP,ask,59900,611.0
2024-08-30 09:10:44,BTCUSD_PERP,ask,59900,620.28
2024-08-30 09:10:44,BTCUSD_PERP,ask,59900,601.12
2024-08-30 09:10:45,BTCUSD_PERP,ask,59900,610.7
2024-08-30 09:10:46,BTCUSD_PERP,ask,59900,620.28
2024-08-30 09:10:50,BTCUSD_PERP,ask,59900,610.7
2024-08-30 09:10:54,BTCUSD_PERP,bid,58800,702.71
2024-08-30 09:10:54,BTCUSD_PERP,bid,58800,644.49
2024-08-30 09:10:54,BTCUSD_PERP,bid,58800,586.27
2024-08-30 09:10:54,BTCUSD_PERP,bid,58800,528.05
2024-08-30 09:10:54,BTCUSD_PERP,bid,58700,754.07
2024-08-30 09:10:54,BTCUSD_PERP,bid,58000,520.06
2024-08-30 09:10:59,BTCUSD_PERP,ask,59900,601.12
2024-08-30 09:11:09,BTCUSD_PERP,ask,59900,595.14
2024-08-30 09:11:16,BTCUSD_PERP,ask,59900,579.58
2024-08-30 09:11:18,BTCUSD_PERP,ask,59900,559.82
2024-08-30 09:11:26,BTCUSD_PERP,ask,59900,553.84
2024-08-30 09:11:35,BTCUSD_PERP,ask,59900,543.96
2024-08-30 09:11:37,BTCUSD_PERP,ask,59900,534.38
2024-08-30 09:11:41,BTCUSD_PERP,ask,59900,528.4
2024-08-30 09:11:41,BTCUSD_PERP,ask,59900,522.42
2024-08-30 09:11:42,BTCUSD_PERP,ask,59900,512.84
2024-08-30 09:11:42,BTCUSD_PERP,ask,59900,503.26
2024-08-30 09:13:11,BTCUSD_PERP,bid,58700,695.88
2024-08-30 09:13:11,BTCUSD_PERP,bid,58700,753.68
2024-08-30 09:15:04,BTCUSD_PERP,bid,58700,754.07
2024-08-30 09:16:08,BTCUSD_PERP,bid,58700,753.68
2024-08-30 09:16:22,BTCUSD_PERP,bid,58700,637.36
2024-08-30 09:16:23,BTCUSD_PERP,bid,58700,521.64
2024-08-30 09:16:23,BTCUSD_PERP,bid,58700,521.31
2024-08-30 09:16:38,BTCUSD_PERP,bid,58700,695.04
2024-08-30 09:16:38,BTCUSD_PERP,bid,58700,752.6
2024-08-30 09:16:38,BTCUSD_PERP,bid,58700,810.76
2024-08-30 09:17:12,BTCUSD_PERP,bid,58700,810.72
2024-08-30 09:17:39,BTCUSD_PERP,bid,58700,810.68
2024-08-30 09:17:43,BTCUSD_PERP,bid,58700,810.64
2024-08-30 09:18:11,BTCUSD_PERP,bid,58700,578.6
2024-08-30 09:18:11,BTCUSD_PERP,bid,58700,868.26
2024-08-30 09:20:20,BTCUSD_PERP,bid,58700,578.84
2024-08-30 09:20:20,BTCUSD_PERP,bid,58600,751.56
2024-08-30 09:20:21,BTCUSD_PERP,bid,58600,752.79
2024-08-30 09:20:54,BTCUSD_PERP,bid,58600,751.56
2024-08-30 09:21:03,BTCUSD_PERP,bid,58600,694.06
2024-08-30 09:21:03,BTCUSD_PERP,bid,58600,693.15
2024-08-30 09:21:03,BTCUSD_PERP,bid,58600,867.33
2024-08-30 09:21:23,BTCUSD_PERP,bid,58600,751.8
2024-08-30 09:21:23,BTCUSD_PERP,bid,58600,693.36
2024-08-30 09:21:23,BTCUSD_PERP,bid,58600,866.86
2024-08-30 09:21:45,BTCUSD_PERP,bid,58500,1097.71
2024-08-30 09:21:45,BTCUSD_PERP,bid,58500,1155.71
2024-08-30 09:23:00,BTCUSD_PERP,bid,58000,520.56
2024-08-30 09:24:12,BTCUSD_PERP,bid,58600,520.05
2024-08-30 09:24:12,BTCUSD_PERP,bid,58600,693.64
2024-08-30 09:24:13,BTCUSD_PERP,bid,58600,693.68
2024-08-30 09:24:26,BTCUSD_PERP,bid,58000,520.6
2024-08-30 09:27:41,BTCUSD_PERP,bid,58600,693.64
2024-08-30 09:27:42,BTCUSD_PERP,bid,58600,519.46
2024-08-30 09:31:32,BTCUSD_PERP,bid,58000,526.4
2024-08-30 09:36:46,BTCUSD_PERP,bid,58600,521.03
2024-08-30 09:36:46,BTCUSD_PERP,bid,58600,579.12
2024-08-30 09:36:46,BTCUSD_PERP,bid,58600,593.18
2024-08-30 09:37:32,BTCUSD_PERP,ask,59800,503.92
2024-08-30 09:37:34,BTCUSD_PERP,ask,59800,509.89
2024-08-30 09:37:35,BTCUSD_PERP,ask,59800,515.86
2024-08-30 09:37:37,BTCUSD_PERP,ask,59800,534.98
2024-08-30 09:37:39,BTCUSD_PERP,ask,59800,544.54
2024-08-30 09:37:41,BTCUSD_PERP,bid,58600,579.12
2024-08-30 09:37:42,BTCUSD_PERP,ask,59800,553.8
2024-08-30 09:37:52,BTCUSD_PERP,ask,59800,544.24
2024-08-30 09:37:53,BTCUSD_PERP,ask,59800,534.68
2024-08-30 09:38:03,BTCUSD_PERP,ask,59800,525.12
2024-08-30 09:38:08,BTCUSD_PERP,ask,59800,515.56
2024-08-30 09:38:32,BTCUSD_PERP,ask,59800,506.0
