1727050354148,BTCUSDT,bid,62300,1000.157
1727050463355,BTCUSDT,ask,63000,595.532
1727050463456,BTCUSDT,ask,63000,577.016
1727050463557,BTCUSDT,ask,63000,513.089
1727050464264,BTCUSDT,bid,62300,1000.177
1727050465780,BTCUSDT,bid,62300,1000.157
1727050507169,BTCUSDT,bid,62300,1000.798
1727050522502,BTCUSDT,bid,62300,1000.157
1727050584020,BTCUSDT,bid,62300,1000.385
1727050585233,BTCUSDT,bid,62300,1000.157
1727050610280,BTCUSDT,bid,62300,1000.167
1727050616979,BTCUSDT,bid,62300,1000.157
1727050723520,BTCUSDT,bid,61500,775.078
1727050899902,BTCUSDT,bid,62300,1000.429
1727052544719,BTCUSDT,bid,47000,843.304
1727052791635,BTCUSDT,bid,47000,843.237
1727049602604,BTCUSD_PERP,bid,63000,497.82
1727049659050,BTCUSD_PERP,ask,64200,472.97
1727049760440,BTCUSD_PERP,bid,62900,620.1
1727049760629,BTCUSD_PERP,bid,62900,682.43
1727049809231,BTCUSD_PERP,bid,60000,632.67
1727049837435,BTCUSD_PERP,bid,60000,632.66
1727049850342,BTCUSD_PERP,bid,60000,632.65
1727049932240,BTCUSD_PERP,bid,62800,557.82
1727049932343,BTCUSD_PERP,bid,62800,620.08
1727049966158,BTCUSD_PERP,bid,62800,619.1
1727049966257,BTCUSD_PERP,bid,62800,681.33
1727050018107,BTCUSD_PERP,bid,62800,494.96
1727050018209,BTCUSD_PERP,bid,62800,557.15
1727050077244,BTCUSD_PERP,bid,62700,618.47
1727050077451,BTCUSD_PERP,bid,62700,680.62
1727050078266,BTCUSD_PERP,bid,62700,499.91
1727050095727,BTCUSD_PERP,bid,62000,1134.29
1727050128734,BTCUSD_PERP,bid,62700,515.59
1727050142719,BTCUSD_PERP,bid,62600,619.68
1727050143036,BTCUSD_PERP,bid,62600,493.8
1727050146200,BTCUSD_PERP,bid,62600,558.27
1727050146302,BTCUSD_PERP,bid,62600,496.23
1727050146805,BTCUSD_PERP,ask,64400,1134.29
1727050147529,BTCUSD_PERP,bid,62700,495.38
1727050147641,BTCUSD_PERP,bid,62700,557.36
1727050148047,BTCUSD_PERP,bid,62700,619.44
1727050148156,BTCUSD_PERP,bid,62700,680.89
1727050166539,BTCUSD_PERP,bid,62700,494.65
1727050166539,BTCUSD_PERP,bid,62700,495.04
1727050166643,BTCUSD_PERP,bid,62700,557.16
1727050166743,BTCUSD_PERP,bid,62700,804.36
1727050166845,BTCUSD_PERP,bid,62600,495.3
1727050166845,BTCUSD_PERP,bid,62700,866.37
1727050166943,BTCUSD_PERP,bid,62600,557.34
1727050166943,BTCUSD_PERP,bid,62700,927.85
1727050167045,BTCUSD_PERP,bid,62700,989.97
1727050200647,BTCUSD_PERP,bid,62600,495.74
1727050200746,BTCUSD_PERP,bid,62700,742.13
1727050200849,BTCUSD_PERP,bid,62700,680.12
1727050200946,BTCUSD_PERP,bid,62700,927.32
1727050201052,BTCUSD_PERP,bid,62600,541.58
1727050201052,BTCUSD_PERP,bid,62700,1112.93
1727050201153,BTCUSD_PERP,bid,62600,603.56
1727050223436,BTCUSD_PERP,bid,62600,495.69
1727050223536,BTCUSD_PERP,bid,62600,541.23
1727050223536,BTCUSD_PERP,bid,62600,1112.21
1727050223638,BTCUSD_PERP,bid,62600,1174.25
1727050223736,BTCUSD_PERP,bid,62600,603.17
1727050227392,BTCUSD_PERP,bid,61900,1151.45
1727050228407,BTCUSD_PERP,bid,62600,541.19
1727050228407,BTCUSD_PERP,bid,62600,927.35
1727050228618,BTCUSD_PERP,bid,62600,741.86
1727050228720,BTCUSD_PERP,bid,62600,679.92
1727050228824,BTCUSD_PERP,bid,62600,556.47
1727050229025,BTCUSD_PERP,bid,62700,556.05
1727050229129,BTCUSD_PERP,bid,62700,618.13
1727050229231,BTCUSD_PERP,bid,62700,680.21
1727050229329,BTCUSD_PERP,bid,62700,741.65
1727050229536,BTCUSD_PERP,bid,62700,865.81
1727050229734,BTCUSD_PERP,bid,62600,541.47
1727050229977,BTCUSD_PERP,bid,62700,927.25
1727050230199,BTCUSD_PERP,bid,62700,989.33
1727050269823,BTCUSD_PERP,ask,64400,1134.29
1727050296804,BTCUSD_PERP,bid,62600,479.91
1727050296804,BTCUSD_PERP,bid,62700,927.89
1727050296907,BTCUSD_PERP,bid,62700,865.81
1727050297009,BTCUSD_PERP,bid,62700,803.73
1727050297112,BTCUSD_PERP,bid,62700,742.29
1727050297313,BTCUSD_PERP,bid,62700,618.77
1727050297419,BTCUSD_PERP,bid,62700,556.8
1727050297624,BTCUSD_PERP,bid,62700,495.36
1727050297719,BTCUSD_PERP,bid,62700,556.43
1727050297822,BTCUSD_PERP,bid,62700,618.54
1727050297915,BTCUSD_PERP,bid,62700,680.65
1727050298014,BTCUSD_PERP,bid,62700,742.76
1727050298112,BTCUSD_PERP,bid,62700,804.87
1727050298232,BTCUSD_PERP,bid,62700,928.46
1727050444515,BTCUSD_PERP,bid,62700,681.28
1727050444616,BTCUSD_PERP,bid,62700,803.78
1727050444718,BTCUSD_PERP,bid,62700,927.94
1727050454325,BTCUSD_PERP,bid,62700,741.7
1727050474376,BTCUSD_PERP,bid,62500,494.08
1727050514353,BTCUSD_PERP,bid,62500,493.84
1727050522509,BTCUSD_PERP,bid,62400,633.3
1727050522815,BTCUSD_PERP,bid,62400,695.1
1727050526924,BTCUSD_PERP,bid,62300,552.67
1727050527280,BTCUSD_PERP,bid,62300,614.42
1727050529700,BTCUSD_PERP,bid,62300,800.69
1727050530003,BTCUSD_PERP,bid,62300,862.41
1727050530732,BTCUSD_PERP,ask,63600,526.29
1727050534404,BTCUSD_PERP,bid,62300,678.62
1727050534505,BTCUSD_PERP,bid,62300,555.81
1727050536322,BTCUSD_PERP,ask,63600,520.0
1727050537748,BTCUSD_PERP,bid,62300,555.7
1727050538051,BTCUSD_PERP,bid,62300,617.42
1727050542639,BTCUSD_PERP,bid,62300,553.21
1727050543045,BTCUSD_PERP,bid,62300,614.9
1727050543655,BTCUSD_PERP,ask,63500,503.39
1727050547835,BTCUSD_PERP,bid,62200,553.5
1727050547935,BTCUSD_PERP,bid,62200,614.51
1727050554312,BTCUSD_PERP,ask,63500,502.84
1727050564061,BTCUSD_PERP,bid,62200,492.78
1727050580080,BTCUSD_PERP,bid,62200,736.29
1727050580377,BTCUSD_PERP,bid,62200,797.91
1727050582022,BTCUSD_PERP,bid,62200,613.28
1727050582122,BTCUSD_PERP,bid,62200,1043.15
1727050582324,BTCUSD_PERP,bid,62200,1104.74
1727050585000,BTCUSD_PERP,bid,62100,536.96
1727050585000,BTCUSD_PERP,bid,62100,737.51
1727050585101,BTCUSD_PERP,bid,62100,1105.55
1727050585404,BTCUSD_PERP,bid,62100,598.41
1727050585404,BTCUSD_PERP,bid,62100,1167.1
1727050585696,BTCUSD_PERP,bid,62100,675.96
1727050585805,BTCUSD_PERP,bid,62100,490.9
1727050604916,BTCUSD_PERP,bid,62100,563.31
1727050623713,BTCUSD_PERP,bid,60000,632.76
1727050632735,BTCUSD_PERP,bid,62100,552.87
1727050636083,BTCUSD_PERP,bid,62100,489.09
1727050636386,BTCUSD_PERP,bid,62100,550.62
1727050651934,BTCUSD_PERP,bid,62200,491.11
1727050652032,BTCUSD_PERP,bid,62200,614.29
1727050652240,BTCUSD_PERP,bid,62200,798.34
1727050653247,BTCUSD_PERP,bid,62200,859.93
1727050656486,BTCUSD_PERP,bid,62200,798.44
1727050656591,BTCUSD_PERP,bid,62200,675.88
1727050657502,BTCUSD_PERP,bid,62200,614.29
1727050657805,BTCUSD_PERP,bid,62200,553.32
1727050673614,BTCUSD_PERP,bid,60000,632.65
1727050701463,BTCUSD_PERP,bid,62200,491.49
1727050701559,BTCUSD_PERP,bid,62200,552.52
1727050701665,BTCUSD_PERP,bid,62200,614.09
1727050701776,BTCUSD_PERP,bid,62200,675.76
1727050704647,BTCUSD_PERP,bid,62200,553.7
1727050706769,BTCUSD_PERP,bid,62200,492.03
1727050706871,BTCUSD_PERP,bid,62200,614.09
1727050707071,BTCUSD_PERP,bid,62200,736.79
1727050707279,BTCUSD_PERP,bid,62200,798.46
1727050719900,BTCUSD_PERP,bid,62200,492.03
1727050723440,BTCUSD_PERP,bid,61600,1949.51
1727050734234,BTCUSD_PERP,bid,62400,496.41
1727050735037,BTCUSD_PERP,bid,62400,491.09
1727050735248,BTCUSD_PERP,bid,62400,552.24
1727050748727,BTCUSD_PERP,bid,62300,538.63
1727050748727,BTCUSD_PERP,bid,62300,983.36
1727050748936,BTCUSD_PERP,bid,62300,600.27
1727050748936,BTCUSD_PERP,bid,62300,1045.1
1727050756437,BTCUSD_PERP,bid,62300,983.36
1727050756538,BTCUSD_PERP,bid,62300,538.6
1727050756538,BTCUSD_PERP,bid,62300,861.14
1727050756639,BTCUSD_PERP,bid,62300,800.03
1727050756737,BTCUSD_PERP,bid,62300,738.29
1727050756837,BTCUSD_PERP,bid,62300,614.81
1727050757043,BTCUSD_PERP,bid,62300,491.16
1727050757043,BTCUSD_PERP,bid,62300,553.7
1727050757145,BTCUSD_PERP,bid,62300,491.96
1727050757246,BTCUSD_PERP,bid,62300,552.87
1727050757448,BTCUSD_PERP,bid,62300,614.58
1727050757554,BTCUSD_PERP,bid,62300,921.87
1727050761420,BTCUSD_PERP,bid,62300,860.79
1727050761526,BTCUSD_PERP,bid,62300,799.08
1727050761733,BTCUSD_PERP,bid,62300,675.66
1727050761831,BTCUSD_PERP,bid,62300,676.87
1727050762143,BTCUSD_PERP,bid,62200,538.09
1727050762341,BTCUSD_PERP,bid,62300,738.55
1727050771367,BTCUSD_PERP,bid,62300,677.5
1727050771470,BTCUSD_PERP,bid,62300,616.45
1727050771673,BTCUSD_PERP,bid,62300,554.77
1727050829765,BTCUSD_PERP,bid,62300,492.32
1727050829885,BTCUSD_PERP,bid,62300,615.74
1727050830205,BTCUSD_PERP,bid,62300,737.9
1727050833960,BTCUSD_PERP,bid,62300,676.82
1727050834170,BTCUSD_PERP,bid,62300,491.69
1727050841184,BTCUSD_PERP,bid,62400,492.43
1727050854734,BTCUSD_PERP,bid,62300,538.71
1727050854734,BTCUSD_PERP,bid,62300,738.48
1727050854834,BTCUSD_PERP,bid,62300,600.36
1727050863168,BTCUSD_PERP,bid,62300,538.68
1727050863475,BTCUSD_PERP,bid,62300,676.73
1727050863580,BTCUSD_PERP,bid,62300,614.98
1727050863986,BTCUSD_PERP,bid,62300,553.23
1727050864794,BTCUSD_PERP,bid,62400,553.59
1727050865003,BTCUSD_PERP,bid,62400,615.38
1727050870398,BTCUSD_PERP,bid,62400,554.22
1727050870704,BTCUSD_PERP,bid,62400,492.65
1727050870806,BTCUSD_PERP,bid,62400,554.47
1727050870906,BTCUSD_PERP,bid,62400,616.29
1727050881815,BTCUSD_PERP,bid,60000,632.63
1727050882231,BTCUSD_PERP,bid,60000,632.62
1727050885281,BTCUSD_PERP,bid,62400,493.29
1727050907854,BTCUSD_PERP,bid,62400,492.83
1727050910437,BTCUSD_PERP,ask,63700,510.8
1727050910537,BTCUSD_PERP,ask,63700,520.98
1727050913304,BTCUSD_PERP,bid,60000,632.63
1727050920635,BTCUSD_PERP,bid,62300,491.4
1727050983713,BTCUSD_PERP,bid,62500,495.48
1727050984121,BTCUSD_PERP,bid,62500,557.38
1727051009175,BTCUSD_PERP,bid,62500,495.48
1727051040984,BTCUSD_PERP,bid,62500,493.63
1727051041087,BTCUSD_PERP,bid,62500,555.57
1727051082788,BTCUSD_PERP,bid,60000,632.62
1727051119923,BTCUSD_PERP,bid,60000,623.81
1727051133727,BTCUSD_PERP,bid,62500,555.55
1727051133829,BTCUSD_PERP,bid,62500,679.45
1727051145574,BTCUSD_PERP,bid,62500,617.5
1727051145670,BTCUSD_PERP,bid,62500,555.66
1727051145780,BTCUSD_PERP,bid,62500,493.71
1727051434877,BTCUSD_PERP,bid,62600,555.88
1727051451704,BTCUSD_PERP,bid,62500,494.24
1727051451805,BTCUSD_PERP,bid,62500,678.2
1727051489854,BTCUSD_PERP,bid,62500,616.88
1727051492854,BTCUSD_PERP,bid,62600,678.63
1727051537466,BTCUSD_PERP,bid,62600,555.91
1727051542140,BTCUSD_PERP,bid,62600,493.92
1727051542246,BTCUSD_PERP,bid,62600,555.34
1727051542650,BTCUSD_PERP,bid,62600,617.4
1727051542755,BTCUSD_PERP,bid,62600,679.46
1727051542958,BTCUSD_PERP,bid,62600,741.52
1727051543164,BTCUSD_PERP,bid,62600,803.58
1727051545943,BTCUSD_PERP,ask,63900,481.13
1727051546242,BTCUSD_PERP,ask,63900,544.42
1727051547052,BTCUSD_PERP,bid,62600,679.46
1727051547152,BTCUSD_PERP,bid,62600,617.4
1727051547353,BTCUSD_PERP,bid,62600,555.34
1727051547752,BTCUSD_PERP,bid,62600,493.92
1727051548671,BTCUSD_PERP,bid,62700,494.21
1727051548876,BTCUSD_PERP,bid,62700,555.67
1727051559172,BTCUSD_PERP,bid,62700,493.58
1727051666270,BTCUSD_PERP,bid,62700,556.98
1727051721593,BTCUSD_PERP,bid,62700,557.25
1727051724054,BTCUSD_PERP,bid,62700,495.81
1727051823403,BTCUSD_PERP,bid,62800,495.63
1727051823504,BTCUSD_PERP,bid,62800,620.01
1727051823609,BTCUSD_PERP,bid,62800,682.2
1727051835582,BTCUSD_PERP,bid,62800,558.45
1727051835684,BTCUSD_PERP,bid,62800,496.26
1727051858896,BTCUSD_PERP,bid,62800,743.76
1727051859005,BTCUSD_PERP,bid,62800,805.95
1727051859107,BTCUSD_PERP,bid,62800,868.14
1727051859107,BTCUSD_PERP,ask,64000,477.14
1727051875394,BTCUSD_PERP,bid,62800,805.95
1727051875495,BTCUSD_PERP,ask,64000,475.2
1727051875597,BTCUSD_PERP,bid,62800,744.39
1727051875697,BTCUSD_PERP,bid,62800,682.2
1727051876091,BTCUSD_PERP,bid,62800,620.01
1727051876298,BTCUSD_PERP,bid,62800,557.82
1727051876501,BTCUSD_PERP,bid,62800,496.26
1727051877417,BTCUSD_PERP,bid,62800,496.58
1727051888805,BTCUSD_PERP,bid,62800,496.34
1727051899094,BTCUSD_PERP,bid,62800,558.18
1727051989320,BTCUSD_PERP,ask,64000,470.62
1727052003822,BTCUSD_PERP,bid,62700,495.24
1727052011604,BTCUSD_PERP,bid,62700,496.46
1727052012020,BTCUSD_PERP,ask,63900,477.01
1727052049296,BTCUSD_PERP,ask,63900,470.68
1727052066196,BTCUSD_PERP,bid,62700,495.15
1727052066295,BTCUSD_PERP,bid,62700,618.78
1727052300686,BTCUSD_PERP,bid,62700,557.28
1727052301104,BTCUSD_PERP,bid,62700,480.26
1727052344289,BTCUSD_PERP,ask,64000,547.43
1727052345904,BTCUSD_PERP,bid,62700,481.3
1727052353304,BTCUSD_PERP,ask,64000,541.09
1727052361092,BTCUSD_PERP,ask,64000,534.75
1727052382920,BTCUSD_PERP,ask,64000,528.34
1727052384005,BTCUSD_PERP,ask,64000,538.57
1727052385230,BTCUSD_PERP,ask,64000,544.96
1727052396961,BTCUSD_PERP,ask,64000,481.55
1727052398806,BTCUSD_PERP,ask,64000,507.48
1727052399867,BTCUSD_PERP,ask,64000,528.6
1727052404064,BTCUSD_PERP,bid,62800,496.48
1727052404162,BTCUSD_PERP,bid,62800,558.7
1727052404365,BTCUSD_PERP,bid,62800,620.92
1727052426312,BTCUSD_PERP,bid,62800,558.7
1727052426413,BTCUSD_PERP,bid,62800,497.12
1727052426413,BTCUSD_PERP,ask,64100,507.72
1727052429061,BTCUSD_PERP,bid,62800,496.88
1727052478066,BTCUSD_PERP,bid,62900,558.26
1727052478171,BTCUSD_PERP,bid,62900,622.13
1727052527682,BTCUSD_PERP,bid,62900,559.81
1727052527791,BTCUSD_PERP,bid,62900,497.49
1727052527990,BTCUSD_PERP,bid,62900,495.65
1727052528094,BTCUSD_PERP,bid,62900,807.1
1727052569962,BTCUSD_PERP,bid,62900,558.58
1727052570178,BTCUSD_PERP,bid,62900,495.97
1727052570264,BTCUSD_PERP,bid,62900,557.66
1727052570483,BTCUSD_PERP,bid,62900,619.99
1727052570582,BTCUSD_PERP,bid,62900,744.01
1727052570691,BTCUSD_PERP,bid,62900,868.67
1727052571103,BTCUSD_PERP,bid,62900,931.0
1727052571313,BTCUSD_PERP,bid,62900,931.15
1727052702202,BTCUSD_PERP,bid,62900,869.46
1727052702305,BTCUSD_PERP,bid,62900,807.13
1727052702601,BTCUSD_PERP,bid,62900,682.58
1727052702805,BTCUSD_PERP,bid,62900,620.25
1727052702905,BTCUSD_PERP,bid,62900,496.23
1727052703007,BTCUSD_PERP,bid,62900,496.33
1727052703112,BTCUSD_PERP,bid,62900,558.62
1727052717106,BTCUSD_PERP,bid,62900,496.77
1727052719682,BTCUSD_PERP,bid,62900,514.38
1727052726484,BTCUSD_PERP,bid,62900,558.98
1727052729007,BTCUSD_PERP,bid,63000,500.64
1727052729115,BTCUSD_PERP,bid,63000,563.07
1727052730059,BTCUSD_PERP,bid,63000,566.7
1727052744607,BTCUSD_PERP,bid,63000,504.91
1727052745922,BTCUSD_PERP,bid,63100,498.61
1727052746233,BTCUSD_PERP,bid,63100,561.11
1727052774138,BTCUSD_PERP,ask,64400,494.16
1727052922695,BTCUSD_PERP,bid,63100,560.49
1727052939772,BTCUSD_PERP,bid,63100,498.88
1727052940293,BTCUSD_PERP,bid,63000,484.49
1727052940394,BTCUSD_PERP,bid,63100,560.76
1727052940499,BTCUSD_PERP,bid,63100,623.28
1727052962381,BTCUSD_PERP,bid,63100,560.76
1727053014471,BTCUSD_PERP,bid,60000,623.82
