2024-08-11 00:06:55,SOLUSDT,ask,176,29005.0
2024-08-11 00:11:34,SOLUSDT,ask,175,31055.0
2024-08-11 01:35:27,SOLUSDT,ask,178,34863.0
2024-08-11 01:41:12,SOLUSDT,ask,175,31057.0
2024-08-11 01:43:52,SOLUSDT,ask,175,31083.0
2024-08-11 01:46:30,SOLUSDT,ask,175,31057.0
2024-08-11 01:47:35,SOLUSDT,ask,175,31039.0
2024-08-11 01:48:14,SOLUSDT,ask,175,31040.0
2024-08-11 01:50:59,SOLUSDT,ask,175,31041.0
2024-08-11 02:03:54,SOLUSDT,ask,175,31040.0
2024-08-11 02:29:30,SOLUSDT,ask,178,34865.0
2024-08-11 02:31:57,SOLUSDT,ask,175,31039.0
2024-08-11 02:42:25,SOLUSDT,ask,178,34870.0
2024-08-11 02:44:42,SOLUSDT,ask,178,34865.0
2024-08-11 02:44:42,SOLUSDT,ask,175,31038.0
2024-08-11 03:52:18,SOLUSDT,ask,175,31027.0
2024-08-11 04:08:44,SOLUSDT,ask,176,29115.0
2024-08-11 04:38:04,SOLUSDT,bid,74,67596.0
2024-08-11 04:50:51,SOLUSDT,ask,175,31024.0
2024-08-11 05:03:50,SOLUSDT,ask,178,34861.0
2024-08-11 05:05:10,SOLUSDT,ask,175,31022.0
2024-08-11 05:12:59,SOLUSDT,ask,159,91728.0
2024-08-11 05:42:52,SOLUSDT,ask,175,31019.0
2024-08-11 07:19:03,SOLUSDT,ask,175,31018.0
2024-08-11 07:19:03,SOLUSDT,ask,176,29114.0
2024-08-11 07:19:03,SOLUSDT,ask,178,34860.0
2024-08-11 08:10:15,SOLUSDT,ask,176,29150.0
2024-08-11 08:14:34,SOLUSDT,bid,46,108730.0
2024-08-11 08:40:32,SOLUSDT,ask,178,34876.0
2024-08-11 08:40:35,SOLUSDT,ask,175,31016.0
2024-08-11 09:48:17,SOLUSDT,ask,175,30952.0
2024-08-11 09:54:21,SOLUSDT,ask,178,34886.0
2024-08-11 10:14:51,SOLUSDT,ask,175,30982.0
2024-08-11 10:16:19,SOLUSDT,ask,175,30952.0
2024-08-11 10:16:19,SOLUSDT,ask,178,34916.0
2024-08-11 10:17:30,SOLUSDT,ask,176,29151.0
2024-08-11 10:32:34,SOLUSDT,ask,198,32249.0
2024-08-11 10:35:23,SOLUSDT,ask,175,30963.0
2024-08-11 10:35:56,SOLUSDT,ask,175,30952.0
2024-08-11 10:41:43,SOLUSDT,ask,175,30950.0
2024-08-11 10:52:17,SOLUSDT,ask,175,30835.0
2024-08-11 10:58:32,SOLUSDT,ask,175,30837.0
2024-08-11 10:59:26,SOLUSDT,ask,175,30835.0
2024-08-11 10:59:26,SOLUSDT,ask,178,34917.0
2024-08-11 10:59:31,SOLUSDT,ask,178,34916.0
2024-08-11 10:59:39,SOLUSDT,ask,178,34918.0
2024-08-11 11:07:28,SOLUSDT,ask,175,30876.0
2024-08-11 11:12:19,SOLUSDT,ask,178,34913.0
2024-08-11 11:24:37,SOLUSDT,ask,175,30835.0
2024-08-11 11:38:25,SOLUSDT,ask,176,29150.0
2024-08-11 12:00:44,SOLUSDT,bid,46,108718.0
2024-08-11 12:35:26,SOLUSDT,ask,175,30836.0
2024-08-11 12:36:51,SOLUSDT,ask,178,34911.0
2024-08-11 12:38:08,SOLUSDT,ask,175,30838.0
2024-08-11 12:43:38,SOLUSDT,ask,175,30839.0
2024-08-11 12:50:23,SOLUSDT,ask,175,30848.0
2024-08-11 12:57:29,SOLUSDT,ask,175,30854.0
2024-08-11 13:02:29,SOLUSDT,ask,176,29149.0
2024-08-11 13:23:51,SOLUSDT,ask,175,30840.0
2024-08-11 13:25:22,SOLUSDT,ask,175,30850.0
2024-08-11 13:44:30,SOLUSDT,bid,46,108763.0
2024-08-11 13:45:28,SOLUSDT,bid,46,108718.0
2024-08-11 13:46:11,SOLUSDT,bid,46,108763.0
2024-08-11 13:48:12,SOLUSDT,ask,176,29113.0
2024-08-11 13:52:41,SOLUSDT,ask,176,29111.0
2024-08-11 14:30:50,SOLUSDT,ask,175,30849.0
2024-08-11 15:28:41,SOLUSDT,ask,178,34926.0
2024-08-11 15:30:33,SOLUSDT,ask,176,29121.0
2024-08-11 15:45:45,SOLUSDT,ask,178,41948.0
2024-08-11 15:52:38,SOLUSDT,ask,175,30850.0
2024-08-11 16:03:09,SOLUSDT,bid,46,108718.0
2024-08-11 16:11:22,SOLUSDT,ask,175,30870.0
2024-08-11 16:12:50,SOLUSDT,ask,175,30906.0
2024-08-11 16:13:50,SOLUSDT,ask,175,30896.0
2024-08-11 16:20:44,SOLUSDT,ask,175,30895.0
2024-08-11 16:23:32,SOLUSDT,ask,178,41918.0
2024-08-11 16:27:34,SOLUSDT,ask,175,30896.0
2024-08-11 16:28:00,SOLUSDT,ask,178,41948.0
2024-08-11 16:32:43,SOLUSDT,ask,175,30897.0
2024-08-11 16:36:10,SOLUSDT,ask,178,41952.0
2024-08-11 16:41:28,SOLUSDT,ask,175,30928.0
2024-08-11 16:48:49,SOLUSDT,ask,176,29110.0
2024-08-11 16:48:49,SOLUSDT,ask,178,41953.0
2024-08-11 16:53:41,SOLUSDT,ask,176,29109.0
2024-08-11 16:53:41,SOLUSDT,ask,178,41952.0
2024-08-11 16:57:28,SOLUSDT,ask,175,30928.0
2024-08-11 17:01:04,SOLUSDT,ask,176,29471.0
2024-08-11 17:01:23,SOLUSDT,ask,175,30929.0
2024-08-11 17:05:26,SOLUSDT,ask,175,30928.0
2024-08-11 17:06:20,SOLUSDT,ask,175,30929.0
2024-08-11 17:08:35,SOLUSDT,ask,178,42334.0
2024-08-11 17:11:03,SOLUSDT,ask,175,30930.0
2024-08-11 17:11:03,SOLUSDT,ask,176,29472.0
2024-08-11 17:11:03,SOLUSDT,ask,178,42335.0
2024-08-11 17:32:43,SOLUSDT,ask,178,42315.0
2024-08-11 17:34:04,SOLUSDT,ask,175,30931.0
2024-08-11 18:26:50,SOLUSDT,ask,175,30915.0
2024-08-11 18:27:09,SOLUSDT,ask,175,30884.0
2024-08-11 18:47:58,SOLUSDT,ask,178,42380.0
2024-08-11 19:17:53,SOLUSDT,ask,178,35358.0
2024-08-11 19:22:13,SOLUSDT,ask,178,35293.0
2024-08-11 19:24:21,SOLUSDT,ask,175,30912.0
2024-08-11 20:10:38,SOLUSDT,bid,75,93208.0
2024-08-11 20:10:39,SOLUSDT,bid,75,93209.0
2024-08-11 20:10:39,SOLUSDT,bid,75,93208.0
2024-08-11 20:10:39,SOLUSDT,bid,75,93209.0
2024-08-11 20:10:40,SOLUSDT,bid,75,93208.0
2024-08-11 20:11:48,SOLUSDT,ask,175,30856.0
2024-08-11 20:12:14,SOLUSDT,bid,75,93209.0
2024-08-11 20:12:14,SOLUSDT,bid,75,93208.0
2024-08-11 20:26:08,SOLUSDT,ask,176,29472.0
2024-08-11 20:27:10,SOLUSDT,bid,75,93209.0
2024-08-11 20:27:11,SOLUSDT,bid,75,93208.0
2024-08-11 20:28:50,SOLUSDT,bid,75,93209.0
2024-08-11 20:28:51,SOLUSDT,bid,75,93208.0
2024-08-11 20:31:08,SOLUSDT,bid,75,93209.0
2024-08-11 20:31:09,SOLUSDT,bid,75,93208.0
2024-08-11 19:50:41,SOLUSD_PERP,ask,152,7087.0
2024-08-11 19:50:43,SOLUSD_PERP,bid,148,18001.0
2024-08-11 19:50:52,SOLUSD_PERP,ask,152,34018.0
2024-08-11 19:50:53,SOLUSD_PERP,ask,152,29668.0
2024-08-11 19:51:00,SOLUSD_PERP,bid,148,32281.0
2024-08-11 19:51:05,SOLUSD_PERP,ask,153,7608.0
2024-08-11 19:51:12,SOLUSD_PERP,bid,148,26634.0
2024-08-11 19:51:14,SOLUSD_PERP,ask,152,29715.0
2024-08-11 19:51:15,SOLUSD_PERP,bid,149,29715.0
2024-08-11 19:51:20,SOLUSD_PERP,ask,152,29721.0
2024-08-11 19:51:26,SOLUSD_PERP,bid,148,26445.0
2024-08-11 19:51:32,SOLUSD_PERP,bid,149,7201.0
2024-08-11 19:51:38,SOLUSD_PERP,ask,152,29752.0
2024-08-11 19:51:55,SOLUSD_PERP,bid,143,170729.0
2024-08-11 19:52:11,SOLUSD_PERP,ask,152,7000.0
2024-08-11 19:52:13,SOLUSD_PERP,bid,145,8500.0
2024-08-11 19:52:19,SOLUSD_PERP,ask,154,8309.0
2024-08-11 19:52:36,SOLUSD_PERP,ask,152,42603.0
2024-08-11 19:52:47,SOLUSD_PERP,bid,129,13094.0
2024-08-11 19:52:55,SOLUSD_PERP,ask,152,35000.0
2024-08-11 19:53:03,SOLUSD_PERP,bid,149,7000.0
2024-08-11 19:53:17,SOLUSD_PERP,ask,152,29872.0
2024-08-11 19:53:19,SOLUSD_PERP,bid,145,10000.0
2024-08-11 19:53:19,SOLUSD_PERP,bid,149,7037.0
2024-08-11 19:53:20,SOLUSD_PERP,bid,149,7000.0
2024-08-11 19:53:25,SOLUSD_PERP,bid,149,8859.0
2024-08-11 19:53:29,SOLUSD_PERP,bid,149,7382.0
2024-08-11 19:53:30,SOLUSD_PERP,bid,147,7316.0
2024-08-11 19:53:42,SOLUSD_PERP,bid,138,156881.0
2024-08-11 19:53:42,SOLUSD_PERP,ask,152,7000.0
2024-08-11 19:53:56,SOLUSD_PERP,ask,152,35000.0
2024-08-11 19:54:07,SOLUSD_PERP,ask,152,34018.0
2024-08-11 19:54:12,SOLUSD_PERP,bid,149,18000.0
2024-08-11 19:54:12,SOLUSD_PERP,ask,154,7623.0
2024-08-11 19:54:42,SOLUSD_PERP,bid,148,32251.0
2024-08-11 19:54:56,SOLUSD_PERP,bid,148,32351.0
2024-08-11 19:55:12,SOLUSD_PERP,ask,152,7000.0
2024-08-11 19:55:15,SOLUSD_PERP,ask,152,35000.0
2024-08-11 19:55:47,SOLUSD_PERP,bid,125,9674.0
2024-08-11 19:55:49,SOLUSD_PERP,ask,152,12808.0
2024-08-11 19:55:51,SOLUSD_PERP,ask,152,29847.0
2024-08-11 19:56:00,SOLUSD_PERP,ask,152,42603.0
2024-08-11 19:56:13,SOLUSD_PERP,ask,152,35000.0
2024-08-11 19:56:15,SOLUSD_PERP,ask,152,29863.0
2024-08-11 19:56:23,SOLUSD_PERP,ask,152,13808.0
2024-08-11 19:56:26,SOLUSD_PERP,bid,149,7570.0
2024-08-11 19:56:27,SOLUSD_PERP,ask,152,7000.0
2024-08-11 19:56:42,SOLUSD_PERP,ask,152,7084.0
2024-08-11 19:56:44,SOLUSD_PERP,ask,152,29884.0
2024-08-11 19:56:46,SOLUSD_PERP,ask,152,20250.0
2024-08-11 19:57:07,SOLUSD_PERP,ask,152,19250.0
2024-08-11 19:57:13,SOLUSD_PERP,ask,152,8000.0
2024-08-11 19:57:26,SOLUSD_PERP,ask,153,18003.0
2024-08-11 19:57:46,SOLUSD_PERP,ask,158,48477.0
2024-08-11 19:57:54,SOLUSD_PERP,ask,152,7000.0
2024-08-11 19:58:13,SOLUSD_PERP,ask,152,7000.0
2024-08-11 19:58:15,SOLUSD_PERP,ask,152,19952.0
2024-08-11 19:58:20,SOLUSD_PERP,ask,152,35000.0
2024-08-11 19:58:44,SOLUSD_PERP,bid,149,8864.0
2024-08-11 19:58:47,SOLUSD_PERP,bid,148,26593.0
2024-08-11 19:59:01,SOLUSD_PERP,bid,145,182108.0
2024-08-11 19:59:01,SOLUSD_PERP,bid,149,8964.0
2024-08-11 19:59:13,SOLUSD_PERP,bid,148,26598.0
2024-08-11 19:59:19,SOLUSD_PERP,bid,140,11985.0
2024-08-11 19:59:19,SOLUSD_PERP,bid,143,170829.0
2024-08-11 19:59:24,SOLUSD_PERP,ask,152,7090.0
2024-08-11 19:59:29,SOLUSD_PERP,bid,135,161565.0
2024-08-11 19:59:29,SOLUSD_PERP,bid,138,156981.0
2024-08-11 19:59:36,SOLUSD_PERP,ask,152,19250.0
2024-08-11 19:59:38,SOLUSD_PERP,bid,148,32356.0
2024-08-11 19:59:42,SOLUSD_PERP,bid,130,104413.0
2024-08-11 19:59:43,SOLUSD_PERP,ask,152,7000.0
2024-08-11 19:59:44,SOLUSD_PERP,ask,152,35505.0
2024-08-11 20:00:10,SOLUSD_PERP,bid,149,7382.0
2024-08-11 20:00:10,SOLUSD_PERP,bid,149,29911.0
2024-08-11 20:00:14,SOLUSD_PERP,bid,147,169986.0
2024-08-11 20:00:28,SOLUSD_PERP,bid,145,182109.0
2024-08-11 20:01:04,SOLUSD_PERP,ask,152,35000.0
2024-08-11 20:01:14,SOLUSD_PERP,ask,152,7537.0
2024-08-11 20:01:24,SOLUSD_PERP,ask,152,29861.0
2024-08-11 20:01:43,SOLUSD_PERP,bid,149,29817.0
2024-08-11 20:01:56,SOLUSD_PERP,ask,152,35000.0
2024-08-11 20:02:03,SOLUSD_PERP,bid,140,12035.0
2024-08-11 20:02:03,SOLUSD_PERP,bid,145,182059.0
2024-08-11 20:02:17,SOLUSD_PERP,ask,153,7608.0
2024-08-11 20:02:26,SOLUSD_PERP,ask,152,35000.0
2024-08-11 20:02:33,SOLUSD_PERP,ask,152,18000.0
2024-08-11 20:02:34,SOLUSD_PERP,bid,149,40579.0
2024-08-11 20:02:34,SOLUSD_PERP,bid,148,7365.0
2024-08-11 20:02:34,SOLUSD_PERP,ask,152,29840.0
2024-08-11 20:02:44,SOLUSD_PERP,ask,152,7963.0
2024-08-11 20:02:54,SOLUSD_PERP,ask,152,29852.0
2024-08-11 20:02:56,SOLUSD_PERP,bid,130,103051.0
2024-08-11 20:02:57,SOLUSD_PERP,bid,130,101077.0
2024-08-11 20:03:04,SOLUSD_PERP,ask,152,29852.0
2024-08-11 20:03:14,SOLUSD_PERP,bid,149,29863.0
2024-08-11 20:03:14,SOLUSD_PERP,bid,148,32440.0
2024-08-11 20:03:21,SOLUSD_PERP,bid,149,29948.0
2024-08-11 20:03:22,SOLUSD_PERP,bid,149,29911.0
2024-08-11 20:03:22,SOLUSD_PERP,bid,149,35000.0
2024-08-11 20:03:36,SOLUSD_PERP,bid,149,7000.0
2024-08-11 20:03:37,SOLUSD_PERP,bid,149,29843.0
2024-08-11 20:03:38,SOLUSD_PERP,bid,149,34125.0
2024-08-11 20:03:38,SOLUSD_PERP,ask,153,7592.0
2024-08-11 20:03:55,SOLUSD_PERP,bid,145,181754.0
2024-08-11 20:03:55,SOLUSD_PERP,bid,147,170295.0
2024-08-11 20:04:08,SOLUSD_PERP,bid,147,7294.0
2024-08-11 20:04:16,SOLUSD_PERP,bid,149,40616.0
2024-08-11 20:04:17,SOLUSD_PERP,bid,149,40579.0
2024-08-11 20:04:20,SOLUSD_PERP,bid,149,35000.0
2024-08-11 20:04:21,SOLUSD_PERP,bid,148,7348.0
2024-08-11 20:04:21,SOLUSD_PERP,ask,154,7629.0
2024-08-11 20:04:21,SOLUSD_PERP,bid,148,18000.0
2024-08-11 20:04:21,SOLUSD_PERP,bid,149,40579.0
2024-08-11 20:04:25,SOLUSD_PERP,bid,149,34124.0
2024-08-11 20:04:27,SOLUSD_PERP,bid,147,169986.0
2024-08-11 20:04:51,SOLUSD_PERP,bid,143,170766.0
2024-08-11 20:04:56,SOLUSD_PERP,ask,152,42603.0
2024-08-11 20:05:07,SOLUSD_PERP,bid,149,7000.0
2024-08-11 20:05:10,SOLUSD_PERP,bid,149,34125.0
2024-08-11 20:05:28,SOLUSD_PERP,ask,152,32484.0
2024-08-11 20:05:31,SOLUSD_PERP,ask,152,29827.0
2024-08-11 20:05:31,SOLUSD_PERP,bid,148,7363.0
2024-08-11 20:05:33,SOLUSD_PERP,bid,149,40579.0
2024-08-11 20:05:34,SOLUSD_PERP,bid,149,7112.0
2024-08-11 20:05:40,SOLUSD_PERP,bid,149,7000.0
2024-08-11 20:05:45,SOLUSD_PERP,bid,149,29775.0
2024-08-11 20:05:51,SOLUSD_PERP,bid,149,29948.0
2024-08-11 20:05:52,SOLUSD_PERP,bid,149,29948.0
2024-08-11 20:05:54,SOLUSD_PERP,bid,149,29911.0
2024-08-11 20:06:05,SOLUSD_PERP,ask,152,29802.0
2024-08-11 20:06:24,SOLUSD_PERP,bid,149,35015.0
2024-08-11 20:06:37,SOLUSD_PERP,bid,149,7192.0
2024-08-11 20:06:46,SOLUSD_PERP,bid,149,35000.0
2024-08-11 20:07:05,SOLUSD_PERP,bid,149,29948.0
2024-08-11 20:07:06,SOLUSD_PERP,bid,149,29911.0
2024-08-11 20:07:19,SOLUSD_PERP,bid,130,101087.0
2024-08-11 20:07:29,SOLUSD_PERP,bid,149,29948.0
2024-08-11 20:07:30,SOLUSD_PERP,bid,149,29911.0
2024-08-11 20:07:44,SOLUSD_PERP,bid,149,29810.0
2024-08-11 20:07:54,SOLUSD_PERP,bid,148,32411.0
2024-08-11 20:08:05,SOLUSD_PERP,bid,149,29948.0
2024-08-11 20:08:06,SOLUSD_PERP,bid,149,29911.0
2024-08-11 20:08:08,SOLUSD_PERP,bid,149,7000.0
2024-08-11 20:08:26,SOLUSD_PERP,bid,149,40579.0
2024-08-11 20:08:35,SOLUSD_PERP,bid,149,29948.0
2024-08-11 20:08:36,SOLUSD_PERP,bid,149,29948.0
2024-08-11 20:08:38,SOLUSD_PERP,bid,149,29911.0
2024-08-11 20:08:42,SOLUSD_PERP,bid,148,7346.0
2024-08-11 20:08:45,SOLUSD_PERP,bid,149,12641.0
2024-08-11 20:09:13,SOLUSD_PERP,bid,149,35000.0
2024-08-11 20:09:16,SOLUSD_PERP,bid,149,34124.0
2024-08-11 20:09:16,SOLUSD_PERP,ask,152,18000.0
2024-08-11 20:09:22,SOLUSD_PERP,bid,148,33421.0
2024-08-11 20:09:22,SOLUSD_PERP,ask,153,7574.0
2024-08-11 20:09:23,SOLUSD_PERP,bid,148,29892.0
2024-08-11 20:09:23,SOLUSD_PERP,bid,149,19252.0
2024-08-11 20:09:23,SOLUSD_PERP,bid,146,8194.0
2024-08-11 20:09:23,SOLUSD_PERP,bid,147,14794.0
2024-08-11 20:09:23,SOLUSD_PERP,bid,148,29883.0
2024-08-11 20:09:23,SOLUSD_PERP,bid,149,35000.0
2024-08-11 20:09:23,SOLUSD_PERP,bid,149,19250.0
2024-08-11 20:09:23,SOLUSD_PERP,bid,149,12641.0
2024-08-11 20:09:23,SOLUSD_PERP,bid,149,10500.0
2024-08-11 20:09:23,SOLUSD_PERP,bid,149,12826.0
2024-08-11 20:09:23,SOLUSD_PERP,bid,144,8154.0
2024-08-11 20:09:23,SOLUSD_PERP,bid,145,11426.0
2024-08-11 20:09:23,SOLUSD_PERP,bid,149,40579.0
2024-08-11 20:09:23,SOLUSD_PERP,bid,149,12641.0
2024-08-11 20:09:23,SOLUSD_PERP,bid,149,12500.0
2024-08-11 20:09:23,SOLUSD_PERP,bid,149,19250.0
2024-08-11 20:09:23,SOLUSD_PERP,bid,149,34124.0
2024-08-11 20:09:23,SOLUSD_PERP,bid,149,8273.0
2024-08-11 20:09:24,SOLUSD_PERP,bid,147,8204.0
2024-08-11 20:09:24,SOLUSD_PERP,bid,148,7330.0
2024-08-11 20:09:24,SOLUSD_PERP,bid,149,13238.0
2024-08-11 20:09:24,SOLUSD_PERP,bid,149,8454.0
2024-08-11 20:09:24,SOLUSD_PERP,bid,149,10500.0
2024-08-11 20:09:24,SOLUSD_PERP,bid,149,10064.0
2024-08-11 20:09:24,SOLUSD_PERP,bid,148,18000.0
2024-08-11 20:09:24,SOLUSD_PERP,bid,148,12594.0
2024-08-11 20:09:24,SOLUSD_PERP,bid,149,19250.0
2024-08-11 20:09:25,SOLUSD_PERP,bid,149,12656.0
2024-08-11 20:09:25,SOLUSD_PERP,bid,149,7949.0
2024-08-11 20:09:26,SOLUSD_PERP,bid,149,8690.0
2024-08-11 20:09:27,SOLUSD_PERP,bid,149,8274.0
2024-08-11 20:09:29,SOLUSD_PERP,bid,149,12641.0
2024-08-11 20:09:29,SOLUSD_PERP,bid,149,12500.0
2024-08-11 20:09:29,SOLUSD_PERP,bid,149,8273.0
2024-08-11 20:09:38,SOLUSD_PERP,bid,148,32711.0
2024-08-11 20:09:44,SOLUSD_PERP,bid,149,7000.0
2024-08-11 20:09:47,SOLUSD_PERP,ask,172,7240.0
2024-08-11 20:09:57,SOLUSD_PERP,bid,138,156976.0
2024-08-11 20:10:07,SOLUSD_PERP,bid,135,161561.0
2024-08-11 20:10:10,SOLUSD_PERP,bid,147,169983.0
2024-08-11 20:10:14,SOLUSD_PERP,bid,145,181751.0
2024-08-11 20:10:22,SOLUSD_PERP,ask,153,17126.0
2024-08-11 20:10:26,SOLUSD_PERP,bid,149,12500.0
2024-08-11 20:10:27,SOLUSD_PERP,bid,149,7242.0
2024-08-11 20:10:29,SOLUSD_PERP,bid,149,8614.0
2024-08-11 20:10:30,SOLUSD_PERP,bid,148,32712.0
2024-08-11 20:10:35,SOLUSD_PERP,bid,148,29814.0
2024-08-11 20:10:35,SOLUSD_PERP,bid,149,19266.0
2024-08-11 20:10:35,SOLUSD_PERP,bid,149,10500.0
2024-08-11 20:10:35,SOLUSD_PERP,bid,149,8288.0
2024-08-11 20:10:35,SOLUSD_PERP,bid,148,33715.0
2024-08-11 20:10:35,SOLUSD_PERP,bid,146,9630.0
2024-08-11 20:10:38,SOLUSD_PERP,bid,149,8273.0
2024-08-11 20:10:38,SOLUSD_PERP,bid,149,21584.0
2024-08-11 20:10:38,SOLUSD_PERP,bid,149,7000.0
2024-08-11 20:10:39,SOLUSD_PERP,bid,149,19266.0
2024-08-11 20:10:39,SOLUSD_PERP,bid,149,7000.0
2024-08-11 20:10:43,SOLUSD_PERP,bid,149,12500.0
2024-08-11 20:10:44,SOLUSD_PERP,bid,149,7000.0
2024-08-11 20:10:45,SOLUSD_PERP,bid,149,8599.0
2024-08-11 20:10:45,SOLUSD_PERP,bid,149,21594.0
2024-08-11 20:10:45,SOLUSD_PERP,bid,149,7000.0
2024-08-11 20:10:46,SOLUSD_PERP,ask,161,50154.0
2024-08-11 20:10:46,SOLUSD_PERP,bid,146,7260.0
2024-08-11 20:10:46,SOLUSD_PERP,bid,149,19266.0
2024-08-11 20:10:47,SOLUSD_PERP,bid,149,7000.0
2024-08-11 20:10:48,SOLUSD_PERP,bid,147,16325.0
2024-08-11 20:10:48,SOLUSD_PERP,bid,149,19250.0
2024-08-11 20:10:48,SOLUSD_PERP,bid,149,10500.0
2024-08-11 20:10:48,SOLUSD_PERP,bid,149,8273.0
2024-08-11 20:10:50,SOLUSD_PERP,ask,152,7559.0
2024-08-11 20:10:51,SOLUSD_PERP,bid,149,7483.0
2024-08-11 20:10:51,SOLUSD_PERP,bid,149,10570.0
2024-08-11 20:10:52,SOLUSD_PERP,bid,149,12641.0
2024-08-11 20:10:52,SOLUSD_PERP,bid,147,14785.0
2024-08-11 20:10:52,SOLUSD_PERP,bid,148,33421.0
2024-08-11 20:10:52,SOLUSD_PERP,bid,149,7665.0
2024-08-11 20:10:52,SOLUSD_PERP,bid,149,6831.0
2024-08-11 20:10:53,SOLUSD_PERP,bid,149,7158.0
2024-08-11 20:10:54,SOLUSD_PERP,bid,149,7159.0
2024-08-11 20:10:54,SOLUSD_PERP,bid,149,6825.0
2024-08-11 20:10:54,SOLUSD_PERP,bid,149,6827.0
2024-08-11 20:10:54,SOLUSD_PERP,bid,149,7019.0
2024-08-11 20:10:55,SOLUSD_PERP,bid,149,7019.0
2024-08-11 20:10:55,SOLUSD_PERP,bid,149,6703.0
2024-08-11 20:10:55,SOLUSD_PERP,bid,149,7236.0
2024-08-11 20:10:55,SOLUSD_PERP,bid,149,6808.0
2024-08-11 20:10:55,SOLUSD_PERP,bid,149,8355.0
2024-08-11 20:10:56,SOLUSD_PERP,bid,149,6895.0
2024-08-11 20:10:56,SOLUSD_PERP,bid,149,6893.0
2024-08-11 20:10:56,SOLUSD_PERP,bid,149,8599.0
2024-08-11 20:10:56,SOLUSD_PERP,bid,149,6893.0
2024-08-11 20:10:56,SOLUSD_PERP,bid,149,6898.0
2024-08-11 20:10:56,SOLUSD_PERP,bid,149,6893.0
2024-08-11 20:10:56,SOLUSD_PERP,bid,149,7550.0
2024-08-11 20:10:57,SOLUSD_PERP,bid,149,6892.0
2024-08-11 20:10:57,SOLUSD_PERP,bid,149,7130.0
2024-08-11 20:10:57,SOLUSD_PERP,bid,149,7229.0
2024-08-11 20:10:57,SOLUSD_PERP,bid,149,12500.0
2024-08-11 20:10:58,SOLUSD_PERP,bid,149,7374.0
2024-08-11 20:10:58,SOLUSD_PERP,bid,149,7760.0
2024-08-11 20:10:58,SOLUSD_PERP,bid,149,7504.0
2024-08-11 20:10:58,SOLUSD_PERP,bid,149,7607.0
2024-08-11 20:10:58,SOLUSD_PERP,bid,149,7604.0
2024-08-11 20:10:58,SOLUSD_PERP,ask,153,7601.0
2024-08-11 20:10:58,SOLUSD_PERP,bid,149,8136.0
2024-08-11 20:10:58,SOLUSD_PERP,bid,149,7604.0
2024-08-11 20:10:59,SOLUSD_PERP,bid,149,8555.0
2024-08-11 20:10:59,SOLUSD_PERP,bid,149,7576.0
2024-08-11 20:10:59,SOLUSD_PERP,bid,149,7475.0
2024-08-11 20:10:59,SOLUSD_PERP,bid,149,7573.0
2024-08-11 20:10:59,SOLUSD_PERP,bid,149,7474.0
2024-08-11 20:11:00,SOLUSD_PERP,bid,149,7999.0
2024-08-11 20:11:00,SOLUSD_PERP,bid,149,8329.0
2024-08-11 20:11:00,SOLUSD_PERP,bid,149,8099.0
2024-08-11 20:11:00,SOLUSD_PERP,bid,149,8102.0
2024-08-11 20:11:00,SOLUSD_PERP,bid,149,8019.0
2024-08-11 20:11:00,SOLUSD_PERP,bid,149,8329.0
2024-08-11 20:11:00,SOLUSD_PERP,bid,149,8099.0
2024-08-11 20:11:01,SOLUSD_PERP,bid,149,8102.0
2024-08-11 20:11:01,SOLUSD_PERP,bid,149,8053.0
2024-08-11 20:11:01,SOLUSD_PERP,bid,149,7953.0
2024-08-11 20:11:01,SOLUSD_PERP,bid,149,34124.0
2024-08-11 20:11:01,SOLUSD_PERP,bid,149,8273.0
2024-08-11 20:11:01,SOLUSD_PERP,bid,149,7950.0
2024-08-11 20:11:01,SOLUSD_PERP,bid,148,35000.0
2024-08-11 20:11:01,SOLUSD_PERP,bid,149,10500.0
2024-08-11 20:11:01,SOLUSD_PERP,bid,149,8273.0
2024-08-11 20:11:01,SOLUSD_PERP,bid,149,7950.0
2024-08-11 20:11:01,SOLUSD_PERP,bid,149,7950.0
2024-08-11 20:11:01,SOLUSD_PERP,bid,149,7950.0
2024-08-11 20:11:01,SOLUSD_PERP,bid,149,8969.0
2024-08-11 20:11:01,SOLUSD_PERP,bid,149,7951.0
2024-08-11 20:11:02,SOLUSD_PERP,bid,149,9810.0
2024-08-11 20:11:02,SOLUSD_PERP,bid,149,7792.0
2024-08-11 20:11:02,SOLUSD_PERP,bid,149,8121.0
2024-08-11 20:11:02,SOLUSD_PERP,bid,149,9651.0
2024-08-11 20:11:02,SOLUSD_PERP,bid,149,8004.0
2024-08-11 20:11:02,SOLUSD_PERP,bid,145,10000.0
2024-08-11 20:11:02,SOLUSD_PERP,bid,149,7791.0
2024-08-11 20:11:02,SOLUSD_PERP,bid,149,7791.0
2024-08-11 20:11:02,SOLUSD_PERP,bid,149,7792.0
2024-08-11 20:11:03,SOLUSD_PERP,bid,149,7792.0
2024-08-11 20:11:03,SOLUSD_PERP,bid,149,7752.0
2024-08-11 20:11:03,SOLUSD_PERP,bid,149,7751.0
2024-08-11 20:11:03,SOLUSD_PERP,bid,149,8089.0
2024-08-11 20:11:03,SOLUSD_PERP,bid,149,7752.0
2024-08-11 20:11:03,SOLUSD_PERP,bid,149,7374.0
2024-08-11 20:11:03,SOLUSD_PERP,bid,149,12501.0
2024-08-11 20:11:03,SOLUSD_PERP,bid,149,7752.0
2024-08-11 20:11:03,SOLUSD_PERP,bid,149,7751.0
2024-08-11 20:11:04,SOLUSD_PERP,bid,149,7752.0
2024-08-11 20:11:04,SOLUSD_PERP,bid,149,8081.0
2024-08-11 20:11:04,SOLUSD_PERP,bid,149,7811.0
2024-08-11 20:11:04,SOLUSD_PERP,bid,149,7812.0
2024-08-11 20:11:04,SOLUSD_PERP,bid,149,7812.0
2024-08-11 20:11:04,SOLUSD_PERP,bid,149,7813.0
2024-08-11 20:11:05,SOLUSD_PERP,bid,149,7812.0
2024-08-11 20:11:05,SOLUSD_PERP,bid,149,8141.0
2024-08-11 20:11:05,SOLUSD_PERP,bid,149,8599.0
2024-08-11 20:11:05,SOLUSD_PERP,bid,149,7718.0
2024-08-11 20:11:05,SOLUSD_PERP,bid,149,7718.0
2024-08-11 20:11:05,SOLUSD_PERP,bid,149,7718.0
2024-08-11 20:11:05,SOLUSD_PERP,bid,149,7718.0
2024-08-11 20:11:05,SOLUSD_PERP,bid,149,8048.0
2024-08-11 20:11:05,SOLUSD_PERP,bid,149,7719.0
2024-08-11 20:11:06,SOLUSD_PERP,bid,149,7718.0
2024-08-11 20:11:06,SOLUSD_PERP,bid,149,7725.0
2024-08-11 20:11:06,SOLUSD_PERP,bid,149,7615.0
2024-08-11 20:11:06,SOLUSD_PERP,bid,149,7615.0
2024-08-11 20:11:06,SOLUSD_PERP,bid,149,8235.0
2024-08-11 20:11:06,SOLUSD_PERP,bid,149,7945.0
2024-08-11 20:11:06,SOLUSD_PERP,bid,149,7615.0
2024-08-11 20:11:07,SOLUSD_PERP,bid,149,7615.0
2024-08-11 20:11:07,SOLUSD_PERP,bid,149,7615.0
2024-08-11 20:11:07,SOLUSD_PERP,bid,149,7490.0
2024-08-11 20:11:07,SOLUSD_PERP,bid,149,7490.0
2024-08-11 20:11:07,SOLUSD_PERP,bid,149,7825.0
2024-08-11 20:11:07,SOLUSD_PERP,bid,149,10566.0
2024-08-11 20:11:07,SOLUSD_PERP,bid,149,7525.0
2024-08-11 20:11:07,SOLUSD_PERP,bid,149,7827.0
2024-08-11 20:11:07,SOLUSD_PERP,bid,149,7819.0
2024-08-11 20:11:08,SOLUSD_PERP,bid,149,7824.0
2024-08-11 20:11:08,SOLUSD_PERP,bid,149,7819.0
2024-08-11 20:11:08,SOLUSD_PERP,bid,149,7611.0
2024-08-11 20:11:08,SOLUSD_PERP,bid,149,7617.0
2024-08-11 20:11:08,SOLUSD_PERP,bid,149,7612.0
2024-08-11 20:11:08,SOLUSD_PERP,bid,149,7284.0
2024-08-11 20:11:08,SOLUSD_PERP,bid,149,7281.0
2024-08-11 20:11:09,SOLUSD_PERP,bid,149,7612.0
2024-08-11 20:11:09,SOLUSD_PERP,bid,149,7612.0
2024-08-11 20:11:09,SOLUSD_PERP,bid,149,7184.0
2024-08-11 20:11:09,SOLUSD_PERP,bid,149,7184.0
2024-08-11 20:11:09,SOLUSD_PERP,bid,149,7184.0
2024-08-11 20:11:09,SOLUSD_PERP,bid,149,7522.0
2024-08-11 20:11:09,SOLUSD_PERP,bid,149,8236.0
2024-08-11 20:11:09,SOLUSD_PERP,bid,149,8273.0
2024-08-11 20:11:09,SOLUSD_PERP,bid,149,7395.0
2024-08-11 20:11:09,SOLUSD_PERP,bid,149,7523.0
2024-08-11 20:11:10,SOLUSD_PERP,bid,149,7515.0
2024-08-11 20:11:10,SOLUSD_PERP,bid,149,7206.0
2024-08-11 20:11:10,SOLUSD_PERP,bid,149,6876.0
2024-08-11 20:11:10,SOLUSD_PERP,bid,149,7206.0
2024-08-11 20:11:10,SOLUSD_PERP,bid,149,7214.0
2024-08-11 20:11:10,SOLUSD_PERP,bid,149,7213.0
2024-08-11 20:11:10,SOLUSD_PERP,bid,149,7206.0
2024-08-11 20:11:10,SOLUSD_PERP,bid,149,6876.0
2024-08-11 20:11:11,SOLUSD_PERP,bid,149,6877.0
2024-08-11 20:11:11,SOLUSD_PERP,bid,149,6727.0
2024-08-11 20:11:11,SOLUSD_PERP,bid,149,6727.0
2024-08-11 20:11:11,SOLUSD_PERP,bid,149,7057.0
2024-08-11 20:11:11,SOLUSD_PERP,bid,149,7057.0
2024-08-11 20:11:11,SOLUSD_PERP,bid,149,6838.0
2024-08-11 20:11:11,SOLUSD_PERP,bid,149,6728.0
2024-08-11 20:11:12,SOLUSD_PERP,bid,149,7058.0
2024-08-11 20:11:12,SOLUSD_PERP,bid,149,6920.0
2024-08-11 20:11:12,SOLUSD_PERP,bid,149,6809.0
2024-08-11 20:11:12,SOLUSD_PERP,bid,149,7828.0
2024-08-11 20:11:12,SOLUSD_PERP,bid,149,6920.0
2024-08-11 20:11:12,SOLUSD_PERP,bid,149,7139.0
2024-08-11 20:11:12,SOLUSD_PERP,bid,149,6809.0
2024-08-11 20:11:12,SOLUSD_PERP,bid,149,7139.0
2024-08-11 20:11:12,SOLUSD_PERP,bid,149,6920.0
2024-08-11 20:11:13,SOLUSD_PERP,bid,149,7139.0
2024-08-11 20:11:13,SOLUSD_PERP,bid,149,6712.0
2024-08-11 20:11:13,SOLUSD_PERP,bid,149,6931.0
2024-08-11 20:11:13,SOLUSD_PERP,bid,149,6931.0
2024-08-11 20:11:13,SOLUSD_PERP,bid,149,6931.0
2024-08-11 20:11:14,SOLUSD_PERP,bid,149,8599.0
2024-08-11 20:11:14,SOLUSD_PERP,bid,149,10576.0
2024-08-11 20:11:14,SOLUSD_PERP,bid,149,7473.0
2024-08-11 20:11:14,SOLUSD_PERP,bid,149,7000.0
2024-08-11 20:11:19,SOLUSD_PERP,bid,148,33212.0
2024-08-11 20:11:23,SOLUSD_PERP,bid,149,7055.0
2024-08-11 20:11:25,SOLUSD_PERP,bid,148,33411.0
2024-08-11 20:11:26,SOLUSD_PERP,bid,144,8316.0
2024-08-11 20:11:26,SOLUSD_PERP,bid,148,40579.0
2024-08-11 20:11:26,SOLUSD_PERP,bid,149,12641.0
2024-08-11 20:11:26,SOLUSD_PERP,bid,149,12500.0
2024-08-11 20:11:26,SOLUSD_PERP,bid,149,8273.0
2024-08-11 20:11:26,SOLUSD_PERP,bid,149,10500.0
2024-08-11 20:11:26,SOLUSD_PERP,ask,152,7356.0
2024-08-11 20:11:26,SOLUSD_PERP,ask,185,9358.0
2024-08-11 20:11:26,SOLUSD_PERP,bid,147,7322.0
2024-08-11 20:11:26,SOLUSD_PERP,bid,149,11152.0
2024-08-11 20:11:28,SOLUSD_PERP,bid,149,11481.0
2024-08-11 20:11:28,SOLUSD_PERP,bid,148,29842.0
2024-08-11 20:11:28,SOLUSD_PERP,bid,149,19250.0
2024-08-11 20:11:28,SOLUSD_PERP,bid,149,34424.0
2024-08-11 20:11:28,SOLUSD_PERP,bid,149,10500.0
2024-08-11 20:11:28,SOLUSD_PERP,bid,149,7326.0
2024-08-11 20:11:28,SOLUSD_PERP,bid,148,33168.0
2024-08-11 20:11:28,SOLUSD_PERP,bid,149,8602.0
2024-08-11 20:11:28,SOLUSD_PERP,ask,152,7543.0
2024-08-11 20:11:29,SOLUSD_PERP,bid,149,8273.0
2024-08-11 20:11:29,SOLUSD_PERP,bid,149,7630.0
2024-08-11 20:11:30,SOLUSD_PERP,bid,149,7715.0
2024-08-11 20:11:33,SOLUSD_PERP,bid,125,9612.0
2024-08-11 20:11:33,SOLUSD_PERP,bid,149,34124.0
2024-08-11 20:11:34,SOLUSD_PERP,bid,149,7654.0
2024-08-11 20:11:34,SOLUSD_PERP,bid,135,161426.0
2024-08-11 20:11:34,SOLUSD_PERP,bid,149,7630.0
2024-08-11 20:11:35,SOLUSD_PERP,bid,149,7630.0
2024-08-11 20:11:36,SOLUSD_PERP,bid,149,12826.0
2024-08-11 20:11:37,SOLUSD_PERP,bid,148,7945.0
2024-08-11 20:11:38,SOLUSD_PERP,bid,149,12500.0
2024-08-11 20:11:38,SOLUSD_PERP,bid,149,7630.0
2024-08-11 20:11:41,SOLUSD_PERP,bid,148,34423.0
2024-08-11 20:11:41,SOLUSD_PERP,bid,149,12500.0
2024-08-11 20:11:41,SOLUSD_PERP,bid,149,7630.0
2024-08-11 20:11:42,SOLUSD_PERP,bid,148,7945.0
2024-08-11 20:11:47,SOLUSD_PERP,bid,148,34124.0
2024-08-11 20:11:48,SOLUSD_PERP,ask,155,8237.0
2024-08-11 20:11:49,SOLUSD_PERP,ask,155,8200.0
2024-08-11 20:11:49,SOLUSD_PERP,ask,155,8237.0
2024-08-11 20:11:49,SOLUSD_PERP,bid,149,9016.0
2024-08-11 20:11:50,SOLUSD_PERP,ask,155,8200.0
2024-08-11 20:11:50,SOLUSD_PERP,ask,152,32485.0
2024-08-11 20:11:50,SOLUSD_PERP,ask,154,8189.0
2024-08-11 20:11:50,SOLUSD_PERP,bid,149,10827.0
2024-08-11 20:11:54,SOLUSD_PERP,bid,149,10501.0
2024-08-11 20:11:54,SOLUSD_PERP,bid,149,8599.0
2024-08-11 20:11:54,SOLUSD_PERP,bid,149,8964.0
2024-08-11 20:11:55,SOLUSD_PERP,bid,149,8273.0
2024-08-11 20:11:55,SOLUSD_PERP,bid,149,10830.0
2024-08-11 20:11:57,SOLUSD_PERP,bid,149,12637.0
2024-08-11 20:11:57,SOLUSD_PERP,bid,149,8274.0
2024-08-11 20:11:57,SOLUSD_PERP,bid,149,10501.0
2024-08-11 20:11:59,SOLUSD_PERP,bid,149,7000.0
2024-08-11 20:11:59,SOLUSD_PERP,bid,149,10500.0
2024-08-11 20:12:01,SOLUSD_PERP,bid,148,33409.0
2024-08-11 20:12:03,SOLUSD_PERP,bid,149,34124.0
2024-08-11 20:12:03,SOLUSD_PERP,bid,140,12030.0
2024-08-11 20:12:03,SOLUSD_PERP,bid,149,12500.0
2024-08-11 20:12:06,SOLUSD_PERP,bid,149,8592.0
2024-08-11 20:12:11,SOLUSD_PERP,bid,149,19250.0
2024-08-11 20:12:11,SOLUSD_PERP,bid,149,7000.0
2024-08-11 20:12:11,SOLUSD_PERP,bid,149,12500.0
2024-08-11 20:12:11,SOLUSD_PERP,ask,152,7559.0
2024-08-11 20:12:11,SOLUSD_PERP,bid,149,10500.0
2024-08-11 20:12:12,SOLUSD_PERP,bid,149,12641.0
2024-08-11 20:12:12,SOLUSD_PERP,bid,138,156979.0
2024-08-11 20:12:14,SOLUSD_PERP,bid,146,9631.0
2024-08-11 20:12:15,SOLUSD_PERP,bid,149,40579.0
2024-08-11 20:12:15,SOLUSD_PERP,bid,149,8273.0
2024-08-11 20:12:20,SOLUSD_PERP,bid,149,9262.0
2024-08-11 20:12:21,SOLUSD_PERP,bid,149,10820.0
2024-08-11 20:12:22,SOLUSD_PERP,bid,149,10500.0
2024-08-11 20:12:27,SOLUSD_PERP,bid,149,10830.0
2024-08-11 20:12:28,SOLUSD_PERP,bid,149,10500.0
2024-08-11 20:12:29,SOLUSD_PERP,bid,149,34124.0
2024-08-11 20:12:29,SOLUSD_PERP,bid,149,8273.0
2024-08-11 20:12:31,SOLUSD_PERP,bid,148,7329.0
2024-08-11 20:12:32,SOLUSD_PERP,bid,149,7952.0
2024-08-11 20:12:37,SOLUSD_PERP,bid,149,10772.0
2024-08-11 20:12:38,SOLUSD_PERP,bid,149,7076.0
2024-08-11 20:12:39,SOLUSD_PERP,bid,149,10839.0
2024-08-11 20:12:40,SOLUSD_PERP,bid,149,8340.0
2024-08-11 20:12:40,SOLUSD_PERP,bid,149,10830.0
2024-08-11 20:12:41,SOLUSD_PERP,bid,149,11474.0
2024-08-11 20:12:41,SOLUSD_PERP,bid,148,18000.0
2024-08-11 20:12:42,SOLUSD_PERP,bid,149,10500.0
2024-08-11 20:12:43,SOLUSD_PERP,bid,148,32909.0
2024-08-11 20:12:44,SOLUSD_PERP,bid,148,29770.0
2024-08-11 20:12:44,SOLUSD_PERP,bid,149,7258.0
2024-08-11 20:12:54,SOLUSD_PERP,bid,149,8273.0
2024-08-11 20:12:54,SOLUSD_PERP,ask,152,8835.0
2024-08-11 20:12:56,SOLUSD_PERP,bid,149,12800.0
2024-08-11 20:12:57,SOLUSD_PERP,bid,149,6952.0
2024-08-11 20:12:59,SOLUSD_PERP,bid,149,12708.0
2024-08-11 20:13:00,SOLUSD_PERP,bid,149,6952.0
2024-08-11 20:13:01,SOLUSD_PERP,bid,149,12500.0
2024-08-11 20:13:04,SOLUSD_PERP,bid,149,10500.0
2024-08-11 20:13:19,SOLUSD_PERP,bid,147,14794.0
2024-08-11 20:13:21,SOLUSD_PERP,ask,153,7574.0
2024-08-11 20:13:30,SOLUSD_PERP,bid,149,29801.0
2024-08-11 20:13:32,SOLUSD_PERP,bid,148,32911.0
2024-08-11 20:13:38,SOLUSD_PERP,bid,140,12023.0
2024-08-11 20:13:38,SOLUSD_PERP,bid,149,7000.0
2024-08-11 20:13:39,SOLUSD_PERP,bid,140,12025.0
2024-08-11 20:13:40,SOLUSD_PERP,bid,135,161418.0
2024-08-11 20:13:40,SOLUSD_PERP,ask,153,8309.0
2024-08-11 20:13:40,SOLUSD_PERP,bid,149,10820.0
2024-08-11 20:13:43,SOLUSD_PERP,bid,149,10500.0
2024-08-11 20:13:43,SOLUSD_PERP,bid,149,10500.0
2024-08-11 20:13:46,SOLUSD_PERP,bid,147,169984.0
2024-08-11 20:13:46,SOLUSD_PERP,bid,135,161420.0
2024-08-11 20:13:47,SOLUSD_PERP,bid,149,7000.0
2024-08-11 20:13:48,SOLUSD_PERP,ask,155,8245.0
2024-08-11 20:13:50,SOLUSD_PERP,bid,146,9632.0
2024-08-11 20:13:54,SOLUSD_PERP,bid,149,35007.0
2024-08-11 20:13:57,SOLUSD_PERP,bid,125,8606.0
2024-08-11 20:14:06,SOLUSD_PERP,ask,160,68704.0
2024-08-11 20:14:09,SOLUSD_PERP,bid,148,32896.0
2024-08-11 20:14:22,SOLUSD_PERP,ask,152,18000.0
2024-08-11 20:14:47,SOLUSD_PERP,bid,149,19250.0
2024-08-11 20:15:04,SOLUSD_PERP,bid,139,150535.0
2024-08-11 20:15:06,SOLUSD_PERP,ask,151,12808.0
2024-08-11 20:15:08,SOLUSD_PERP,bid,148,7345.0
2024-08-11 20:15:11,SOLUSD_PERP,ask,151,12342.0
2024-08-11 20:15:11,SOLUSD_PERP,ask,151,12972.0
2024-08-11 20:15:11,SOLUSD_PERP,ask,151,7086.0
2024-08-11 20:15:12,SOLUSD_PERP,ask,154,7629.0
2024-08-11 20:15:16,SOLUSD_PERP,bid,149,29840.0
2024-08-11 20:15:17,SOLUSD_PERP,ask,151,7224.0
2024-08-11 20:15:17,SOLUSD_PERP,bid,149,7337.0
2024-08-11 20:15:23,SOLUSD_PERP,bid,118,41334.0
2024-08-11 20:15:26,SOLUSD_PERP,bid,147,14785.0
2024-08-11 20:15:29,SOLUSD_PERP,ask,160,68703.0
2024-08-11 20:15:39,SOLUSD_PERP,bid,149,8273.0
2024-08-11 20:15:41,SOLUSD_PERP,ask,151,15406.0
2024-08-11 20:15:48,SOLUSD_PERP,ask,151,12972.0
2024-08-11 20:15:56,SOLUSD_PERP,ask,151,7000.0
2024-08-11 20:15:57,SOLUSD_PERP,ask,151,7000.0
2024-08-11 20:15:59,SOLUSD_PERP,bid,149,7000.0
2024-08-11 20:16:01,SOLUSD_PERP,bid,149,7000.0
2024-08-11 20:16:02,SOLUSD_PERP,ask,151,29824.0
2024-08-11 20:16:21,SOLUSD_PERP,bid,149,12500.0
2024-08-11 20:16:28,SOLUSD_PERP,bid,148,29815.0
2024-08-11 20:16:35,SOLUSD_PERP,bid,149,8567.0
2024-08-11 20:16:47,SOLUSD_PERP,bid,149,7000.0
2024-08-11 20:16:49,SOLUSD_PERP,bid,149,7000.0
2024-08-11 20:16:52,SOLUSD_PERP,bid,149,19250.0
2024-08-11 20:17:00,SOLUSD_PERP,bid,149,12507.0
2024-08-11 20:17:01,SOLUSD_PERP,bid,148,7330.0
2024-08-11 20:17:04,SOLUSD_PERP,bid,149,10814.0
2024-08-11 20:17:04,SOLUSD_PERP,bid,149,8273.0
2024-08-11 20:17:04,SOLUSD_PERP,bid,149,11129.0
2024-08-11 20:17:04,SOLUSD_PERP,bid,149,11130.0
2024-08-11 20:17:05,SOLUSD_PERP,bid,149,10815.0
2024-08-11 20:17:05,SOLUSD_PERP,bid,148,29835.0
2024-08-11 20:17:05,SOLUSD_PERP,bid,149,10500.0
2024-08-11 20:17:05,SOLUSD_PERP,bid,149,12821.0
2024-08-11 20:17:06,SOLUSD_PERP,bid,149,8273.0
2024-08-11 20:17:06,SOLUSD_PERP,bid,149,12500.0
2024-08-11 20:17:06,SOLUSD_PERP,bid,149,19250.0
2024-08-11 20:17:06,SOLUSD_PERP,bid,149,7958.0
2024-08-11 20:17:06,SOLUSD_PERP,ask,152,7557.0
2024-08-11 20:17:08,SOLUSD_PERP,bid,149,7958.0
2024-08-11 20:17:08,SOLUSD_PERP,bid,149,7381.0
2024-08-11 20:17:09,SOLUSD_PERP,bid,149,7200.0
2024-08-11 20:17:11,SOLUSD_PERP,ask,151,29796.0
2024-08-11 20:17:14,SOLUSD_PERP,bid,149,6850.0
2024-08-11 20:17:26,SOLUSD_PERP,bid,149,8273.0
2024-08-11 20:17:27,SOLUSD_PERP,ask,151,7475.0
2024-08-11 20:17:28,SOLUSD_PERP,bid,149,12500.0
2024-08-11 20:17:30,SOLUSD_PERP,bid,149,8588.0
2024-08-11 20:17:31,SOLUSD_PERP,bid,149,8273.0
2024-08-11 20:17:49,SOLUSD_PERP,bid,145,181664.0
2024-08-11 20:18:04,SOLUSD_PERP,bid,149,19250.0
2024-08-11 20:18:18,SOLUSD_PERP,bid,149,7000.0
2024-08-11 20:18:24,SOLUSD_PERP,bid,130,101106.0
2024-08-11 20:18:24,SOLUSD_PERP,ask,195,5837.0
2024-08-11 20:18:25,SOLUSD_PERP,bid,140,12039.0
2024-08-11 20:18:27,SOLUSD_PERP,ask,153,7574.0
2024-08-11 20:18:28,SOLUSD_PERP,ask,151,19304.0
2024-08-11 20:18:29,SOLUSD_PERP,bid,149,11472.0
2024-08-11 20:18:47,SOLUSD_PERP,ask,151,29833.0
2024-08-11 20:18:55,SOLUSD_PERP,bid,149,35000.0
2024-08-11 20:18:58,SOLUSD_PERP,ask,151,7002.0
2024-08-11 20:19:04,SOLUSD_PERP,bid,120,12485.0
2024-08-11 20:19:04,SOLUSD_PERP,bid,140,12034.0
2024-08-11 20:19:04,SOLUSD_PERP,bid,148,32891.0
2024-08-11 20:19:04,SOLUSD_PERP,ask,160,68698.0
2024-08-11 20:19:04,SOLUSD_PERP,ask,168,16064.0
2024-08-11 20:19:04,SOLUSD_PERP,ask,180,19168.0
2024-08-11 20:19:04,SOLUSD_PERP,ask,200,32326.0
2024-08-11 20:19:14,SOLUSD_PERP,ask,151,35001.0
2024-08-11 20:19:16,SOLUSD_PERP,bid,149,12641.0
2024-08-11 20:19:20,SOLUSD_PERP,ask,151,32822.0
2024-08-11 20:19:21,SOLUSD_PERP,ask,151,7000.0
2024-08-11 20:19:25,SOLUSD_PERP,bid,149,29850.0
2024-08-11 20:19:41,SOLUSD_PERP,ask,151,7086.0
2024-08-11 20:19:48,SOLUSD_PERP,bid,149,7006.0
2024-08-11 20:19:48,SOLUSD_PERP,bid,148,7344.0
2024-08-11 20:19:55,SOLUSD_PERP,bid,149,41179.0
2024-08-11 20:19:59,SOLUSD_PERP,bid,148,32901.0
2024-08-11 20:20:00,SOLUSD_PERP,bid,149,40579.0
2024-08-11 20:20:06,SOLUSD_PERP,bid,149,30458.0
2024-08-11 20:20:10,SOLUSD_PERP,bid,149,29858.0
2024-08-11 20:20:14,SOLUSD_PERP,bid,125,8603.0
2024-08-11 20:20:24,SOLUSD_PERP,ask,151,7151.0
2024-08-11 20:20:28,SOLUSD_PERP,ask,151,7226.0
2024-08-11 20:20:43,SOLUSD_PERP,ask,151,7200.0
2024-08-11 20:20:43,SOLUSD_PERP,ask,151,29859.0
2024-08-11 20:20:44,SOLUSD_PERP,ask,151,7151.0
2024-08-11 20:20:59,SOLUSD_PERP,ask,151,35000.0
2024-08-11 20:20:59,SOLUSD_PERP,ask,151,7348.0
2024-08-11 20:21:06,SOLUSD_PERP,ask,151,7000.0
2024-08-11 20:21:07,SOLUSD_PERP,ask,151,19262.0
2024-08-11 20:21:09,SOLUSD_PERP,ask,151,8405.0
2024-08-11 20:21:09,SOLUSD_PERP,ask,151,10500.0
2024-08-11 20:21:09,SOLUSD_PERP,ask,151,13324.0
2024-08-11 20:21:09,SOLUSD_PERP,ask,151,12342.0
2024-08-11 20:21:10,SOLUSD_PERP,ask,151,7000.0
2024-08-11 20:21:10,SOLUSD_PERP,ask,151,13405.0
2024-08-11 20:21:16,SOLUSD_PERP,ask,151,10822.0
2024-08-11 20:21:16,SOLUSD_PERP,ask,151,12808.0
2024-08-11 20:21:16,SOLUSD_PERP,bid,147,7286.0
2024-08-11 20:21:19,SOLUSD_PERP,bid,149,7000.0
2024-08-11 20:21:19,SOLUSD_PERP,ask,153,7698.0
2024-08-11 20:21:20,SOLUSD_PERP,ask,151,12523.0
2024-08-11 20:21:21,SOLUSD_PERP,ask,151,7525.0
2024-08-11 20:21:21,SOLUSD_PERP,ask,151,16357.0
2024-08-11 20:21:21,SOLUSD_PERP,bid,149,29845.0
2024-08-11 20:21:22,SOLUSD_PERP,bid,149,12641.0
2024-08-11 20:21:22,SOLUSD_PERP,bid,149,8473.0
2024-08-11 20:21:22,SOLUSD_PERP,ask,151,16035.0
2024-08-11 20:21:26,SOLUSD_PERP,bid,148,33001.0
2024-08-11 20:21:38,SOLUSD_PERP,bid,149,35000.0
2024-08-11 20:21:43,SOLUSD_PERP,ask,151,13558.0
2024-08-11 20:21:51,SOLUSD_PERP,ask,151,8492.0
2024-08-11 20:21:56,SOLUSD_PERP,bid,148,27186.0
2024-08-11 20:21:58,SOLUSD_PERP,ask,151,7420.0
2024-08-11 20:22:02,SOLUSD_PERP,ask,151,12523.0
2024-08-11 20:22:02,SOLUSD_PERP,ask,151,13606.0
2024-08-11 20:22:03,SOLUSD_PERP,ask,151,12523.0
2024-08-11 20:22:06,SOLUSD_PERP,ask,151,20262.0
2024-08-11 20:22:16,SOLUSD_PERP,bid,138,160392.0
2024-08-11 20:22:25,SOLUSD_PERP,ask,151,7000.0
2024-08-11 20:22:35,SOLUSD_PERP,ask,151,19262.0
2024-08-11 20:22:40,SOLUSD_PERP,bid,149,34124.0
2024-08-11 20:22:45,SOLUSD_PERP,bid,148,33411.0
2024-08-11 20:22:45,SOLUSD_PERP,ask,151,13548.0
2024-08-11 20:22:45,SOLUSD_PERP,bid,149,29839.0
2024-08-11 20:22:45,SOLUSD_PERP,ask,151,8405.0
2024-08-11 20:22:46,SOLUSD_PERP,ask,151,7000.0
2024-08-11 20:22:49,SOLUSD_PERP,bid,149,7000.0
2024-08-11 20:22:50,SOLUSD_PERP,bid,145,181414.0
2024-08-11 20:22:56,SOLUSD_PERP,ask,151,35000.0
2024-08-11 20:23:02,SOLUSD_PERP,ask,151,12523.0
2024-08-11 20:23:03,SOLUSD_PERP,ask,151,13541.0
2024-08-11 20:23:03,SOLUSD_PERP,ask,151,12523.0
2024-08-11 20:23:09,SOLUSD_PERP,bid,149,12641.0
2024-08-11 20:23:11,SOLUSD_PERP,bid,140,12037.0
2024-08-11 20:23:11,SOLUSD_PERP,bid,147,169987.0
2024-08-11 20:23:11,SOLUSD_PERP,ask,161,50157.0
2024-08-11 20:23:11,SOLUSD_PERP,ask,168,16067.0
2024-08-11 20:23:11,SOLUSD_PERP,ask,175,11326.0
2024-08-11 20:23:17,SOLUSD_PERP,ask,151,35000.0
2024-08-11 20:23:19,SOLUSD_PERP,ask,151,7000.0
2024-08-11 20:23:21,SOLUSD_PERP,bid,149,29856.0
2024-08-11 20:23:21,SOLUSD_PERP,bid,149,19251.0
2024-08-11 20:23:23,SOLUSD_PERP,ask,151,12342.0
2024-08-11 20:23:27,SOLUSD_PERP,bid,149,7000.0
2024-08-11 20:23:29,SOLUSD_PERP,ask,151,7000.0
2024-08-11 20:23:30,SOLUSD_PERP,ask,151,29843.0
2024-08-11 20:23:31,SOLUSD_PERP,ask,153,7574.0
2024-08-11 20:23:57,SOLUSD_PERP,bid,129,13104.0
2024-08-11 20:24:09,SOLUSD_PERP,ask,151,7012.0
2024-08-11 20:24:17,SOLUSD_PERP,bid,149,40579.0
2024-08-11 20:24:19,SOLUSD_PERP,bid,149,7000.0
2024-08-11 20:24:29,SOLUSD_PERP,ask,151,35299.0
2024-08-11 20:24:39,SOLUSD_PERP,ask,151,8405.0
2024-08-11 20:24:46,SOLUSD_PERP,bid,149,29863.0
2024-08-11 20:24:59,SOLUSD_PERP,ask,151,7000.0
2024-08-11 20:25:01,SOLUSD_PERP,bid,149,12941.0
2024-08-11 20:25:06,SOLUSD_PERP,bid,149,12641.0
2024-08-11 20:25:09,SOLUSD_PERP,ask,151,19250.0
2024-08-11 20:25:11,SOLUSD_PERP,bid,149,12941.0
2024-08-11 20:25:11,SOLUSD_PERP,bid,148,33036.0
2024-08-11 20:25:16,SOLUSD_PERP,bid,149,12641.0
2024-08-11 20:25:33,SOLUSD_PERP,ask,151,35000.0
2024-08-11 20:25:41,SOLUSD_PERP,bid,149,35000.0
2024-08-11 20:25:50,SOLUSD_PERP,bid,149,7000.0
2024-08-11 20:25:51,SOLUSD_PERP,ask,151,35002.0
2024-08-11 20:26:02,SOLUSD_PERP,ask,151,7000.0
2024-08-11 20:26:06,SOLUSD_PERP,ask,151,12391.0
2024-08-11 20:26:08,SOLUSD_PERP,ask,151,32861.0
2024-08-11 20:26:11,SOLUSD_PERP,bid,149,7000.0
2024-08-11 20:26:23,SOLUSD_PERP,ask,151,19250.0
2024-08-11 20:26:23,SOLUSD_PERP,ask,165,21434.0
2024-08-11 20:26:25,SOLUSD_PERP,bid,148,26598.0
2024-08-11 20:26:30,SOLUSD_PERP,bid,149,19250.0
2024-08-11 20:26:30,SOLUSD_PERP,ask,151,7000.0
2024-08-11 20:26:30,SOLUSD_PERP,bid,140,12806.0
2024-08-11 20:26:38,SOLUSD_PERP,bid,149,29921.0
2024-08-11 20:26:38,SOLUSD_PERP,bid,149,7000.0
2024-08-11 20:26:42,SOLUSD_PERP,bid,149,12500.0
2024-08-11 20:26:44,SOLUSD_PERP,bid,149,14999.0
2024-08-11 20:26:47,SOLUSD_PERP,bid,149,12641.0
2024-08-11 20:26:50,SOLUSD_PERP,bid,135,162444.0
2024-08-11 20:26:51,SOLUSD_PERP,bid,149,35000.0
2024-08-11 20:26:51,SOLUSD_PERP,bid,149,19250.0
2024-08-11 20:26:51,SOLUSD_PERP,bid,149,12500.0
2024-08-11 20:26:52,SOLUSD_PERP,bid,148,7329.0
2024-08-11 20:26:53,SOLUSD_PERP,ask,151,29878.0
2024-08-11 20:26:58,SOLUSD_PERP,bid,148,31598.0
2024-08-11 20:27:03,SOLUSD_PERP,ask,151,35000.0
2024-08-11 20:27:06,SOLUSD_PERP,ask,151,12441.0
2024-08-11 20:27:06,SOLUSD_PERP,bid,143,172396.0
2024-08-11 20:27:09,SOLUSD_PERP,bid,149,40579.0
2024-08-11 20:27:09,SOLUSD_PERP,bid,149,34124.0
2024-08-11 20:27:09,SOLUSD_PERP,bid,149,8273.0
2024-08-11 20:27:10,SOLUSD_PERP,bid,149,12500.0
2024-08-11 20:27:10,SOLUSD_PERP,bid,149,10519.0
2024-08-11 20:27:10,SOLUSD_PERP,bid,149,7210.0
2024-08-11 20:27:11,SOLUSD_PERP,bid,149,7528.0
2024-08-11 20:27:11,SOLUSD_PERP,bid,149,7135.0
2024-08-11 20:27:13,SOLUSD_PERP,bid,148,33359.0
2024-08-11 20:27:16,SOLUSD_PERP,bid,149,7352.0
2024-08-11 20:27:17,SOLUSD_PERP,bid,149,12641.0
2024-08-11 20:27:17,SOLUSD_PERP,bid,149,8273.0
2024-08-11 20:27:18,SOLUSD_PERP,bid,145,181356.0
2024-08-11 20:27:19,SOLUSD_PERP,bid,140,12750.0
2024-08-11 20:27:20,SOLUSD_PERP,bid,149,8473.0
2024-08-11 20:27:20,SOLUSD_PERP,bid,135,162498.0
2024-08-11 20:27:21,SOLUSD_PERP,bid,146,7258.0
2024-08-11 20:27:21,SOLUSD_PERP,bid,145,181414.0
2024-08-11 20:27:22,SOLUSD_PERP,bid,140,12806.0
2024-08-11 20:27:29,SOLUSD_PERP,bid,149,7338.0
2024-08-11 20:27:29,SOLUSD_PERP,bid,130,102092.0
2024-08-11 20:27:33,SOLUSD_PERP,ask,152,7558.0
2024-08-11 20:27:33,SOLUSD_PERP,bid,148,29846.0
2024-08-11 20:27:33,SOLUSD_PERP,bid,149,19250.0
2024-08-11 20:27:33,SOLUSD_PERP,bid,149,12500.0
2024-08-11 20:27:33,SOLUSD_PERP,bid,149,10500.0
2024-08-11 20:27:37,SOLUSD_PERP,ask,153,7601.0
2024-08-11 20:27:39,SOLUSD_PERP,bid,146,8172.0
2024-08-11 20:27:58,SOLUSD_PERP,ask,151,35000.0
2024-08-11 20:27:58,SOLUSD_PERP,bid,149,8659.0
2024-08-11 20:28:01,SOLUSD_PERP,ask,151,7016.0
2024-08-11 20:28:01,SOLUSD_PERP,bid,146,9632.0
2024-08-11 20:28:03,SOLUSD_PERP,bid,149,8579.0
2024-08-11 20:28:04,SOLUSD_PERP,bid,149,8604.0
2024-08-11 20:28:04,SOLUSD_PERP,bid,149,8588.0
2024-08-11 20:28:05,SOLUSD_PERP,bid,145,179964.0
2024-08-11 20:28:07,SOLUSD_PERP,bid,149,8137.0
2024-08-11 20:28:08,SOLUSD_PERP,bid,149,7041.0
2024-08-11 20:28:09,SOLUSD_PERP,bid,149,9442.0
2024-08-11 20:28:09,SOLUSD_PERP,bid,149,7019.0
2024-08-11 20:28:11,SOLUSD_PERP,bid,149,35000.0
2024-08-11 20:28:13,SOLUSD_PERP,bid,140,12803.0
2024-08-11 20:28:13,SOLUSD_PERP,bid,147,169984.0
2024-08-11 20:28:13,SOLUSD_PERP,bid,149,8273.0
2024-08-11 20:28:13,SOLUSD_PERP,ask,161,50154.0
2024-08-11 20:28:13,SOLUSD_PERP,ask,168,16064.0
2024-08-11 20:28:13,SOLUSD_PERP,ask,175,11323.0
2024-08-11 20:28:14,SOLUSD_PERP,bid,148,34309.0
2024-08-11 20:28:14,SOLUSD_PERP,bid,149,34124.0
2024-08-11 20:28:14,SOLUSD_PERP,bid,149,7000.0
2024-08-11 20:28:14,SOLUSD_PERP,bid,149,7947.0
2024-08-11 20:28:14,SOLUSD_PERP,ask,151,18005.0
2024-08-11 20:28:16,SOLUSD_PERP,bid,149,6679.0
2024-08-11 20:28:16,SOLUSD_PERP,bid,149,9429.0
2024-08-11 20:28:17,SOLUSD_PERP,bid,149,9749.0
2024-08-11 20:28:18,SOLUSD_PERP,bid,149,7452.0
2024-08-11 20:28:18,SOLUSD_PERP,bid,149,12642.0
2024-08-11 20:28:20,SOLUSD_PERP,bid,149,7046.0
2024-08-11 20:28:20,SOLUSD_PERP,bid,149,6767.0
2024-08-11 20:28:21,SOLUSD_PERP,bid,149,7977.0
2024-08-11 20:28:21,SOLUSD_PERP,bid,149,7557.0
2024-08-11 20:28:23,SOLUSD_PERP,bid,149,7429.0
2024-08-11 20:28:23,SOLUSD_PERP,ask,151,12808.0
2024-08-11 20:28:24,SOLUSD_PERP,bid,149,7272.0
2024-08-11 20:28:24,SOLUSD_PERP,bid,149,7272.0
2024-08-11 20:28:28,SOLUSD_PERP,bid,149,9466.0
2024-08-11 20:28:28,SOLUSD_PERP,bid,149,8584.0
2024-08-11 20:28:28,SOLUSD_PERP,bid,149,8513.0
2024-08-11 20:28:28,SOLUSD_PERP,bid,149,8835.0
2024-08-11 20:28:28,SOLUSD_PERP,bid,149,8835.0
2024-08-11 20:28:29,SOLUSD_PERP,bid,149,8649.0
2024-08-11 20:28:29,SOLUSD_PERP,bid,149,8649.0
2024-08-11 20:28:29,SOLUSD_PERP,bid,149,8649.0
2024-08-11 20:28:30,SOLUSD_PERP,bid,149,9549.0
2024-08-11 20:28:30,SOLUSD_PERP,bid,149,6947.0
2024-08-11 20:28:31,SOLUSD_PERP,bid,149,8273.0
2024-08-11 20:28:34,SOLUSD_PERP,bid,149,15273.0
2024-08-11 20:28:36,SOLUSD_PERP,bid,149,7000.0
2024-08-11 20:28:36,SOLUSD_PERP,bid,149,9270.0
2024-08-11 20:28:37,SOLUSD_PERP,bid,140,14203.0
2024-08-11 20:28:40,SOLUSD_PERP,bid,149,34124.0
2024-08-11 20:28:40,SOLUSD_PERP,bid,149,12641.0
2024-08-11 20:28:40,SOLUSD_PERP,bid,149,11445.0
2024-08-11 20:28:41,SOLUSD_PERP,bid,149,9581.0
2024-08-11 20:28:42,SOLUSD_PERP,bid,149,7000.0
2024-08-11 20:28:45,SOLUSD_PERP,bid,149,6867.0
2024-08-11 20:28:51,SOLUSD_PERP,bid,149,12500.0
2024-08-11 20:28:51,SOLUSD_PERP,bid,149,8273.0
2024-08-11 20:28:52,SOLUSD_PERP,bid,149,9300.0
2024-08-11 20:28:55,SOLUSD_PERP,bid,149,8273.0
2024-08-11 20:28:56,SOLUSD_PERP,bid,149,9303.0
2024-08-11 20:29:00,SOLUSD_PERP,bid,149,8273.0
2024-08-11 20:29:00,SOLUSD_PERP,bid,149,10500.0
2024-08-11 20:29:04,SOLUSD_PERP,bid,149,19250.0
2024-08-11 20:29:09,SOLUSD_PERP,bid,149,8273.0
2024-08-11 20:29:15,SOLUSD_PERP,bid,149,8895.0
2024-08-11 20:29:15,SOLUSD_PERP,bid,149,10811.0
2024-08-11 20:29:31,SOLUSD_PERP,ask,151,7000.0
2024-08-11 20:29:38,SOLUSD_PERP,bid,149,35000.0
2024-08-11 20:29:42,SOLUSD_PERP,bid,149,8273.0
2024-08-11 20:29:47,SOLUSD_PERP,ask,151,29863.0
2024-08-11 20:29:54,SOLUSD_PERP,ask,151,29869.0
2024-08-11 20:29:58,SOLUSD_PERP,bid,149,11122.0
2024-08-11 20:30:03,SOLUSD_PERP,bid,149,10811.0
2024-08-11 20:30:03,SOLUSD_PERP,bid,149,8406.0
2024-08-11 20:30:04,SOLUSD_PERP,bid,149,10500.0
2024-08-11 20:30:05,SOLUSD_PERP,bid,149,7007.0
2024-08-11 20:30:05,SOLUSD_PERP,ask,150,10811.0
2024-08-11 20:30:06,SOLUSD_PERP,ask,150,8827.0
2024-08-11 20:30:06,SOLUSD_PERP,ask,150,7153.0
2024-08-11 20:30:06,SOLUSD_PERP,bid,149,18773.0
2024-08-11 20:30:07,SOLUSD_PERP,ask,150,7153.0
2024-08-11 20:30:07,SOLUSD_PERP,ask,150,6955.0
2024-08-11 20:30:07,SOLUSD_PERP,ask,150,6955.0
2024-08-11 20:30:07,SOLUSD_PERP,ask,150,6955.0
2024-08-11 20:30:07,SOLUSD_PERP,ask,150,7000.0
2024-08-11 20:30:07,SOLUSD_PERP,bid,149,11267.0
2024-08-11 20:30:08,SOLUSD_PERP,ask,150,8584.0
2024-08-11 20:30:08,SOLUSD_PERP,bid,149,7445.0
2024-08-11 20:30:08,SOLUSD_PERP,bid,149,12501.0
2024-08-11 20:30:08,SOLUSD_PERP,bid,149,8273.0
2024-08-11 20:30:08,SOLUSD_PERP,bid,149,10500.0
2024-08-11 20:30:08,SOLUSD_PERP,bid,149,11582.0
2024-08-11 20:30:09,SOLUSD_PERP,bid,149,19250.0
2024-08-11 20:30:09,SOLUSD_PERP,bid,148,29841.0
2024-08-11 20:30:10,SOLUSD_PERP,bid,149,8190.0
2024-08-11 20:30:11,SOLUSD_PERP,bid,148,31599.0
2024-08-11 20:30:11,SOLUSD_PERP,bid,149,12641.0
2024-08-11 20:30:11,SOLUSD_PERP,bid,149,10500.0
2024-08-11 20:30:11,SOLUSD_PERP,bid,149,10811.0
2024-08-11 20:30:11,SOLUSD_PERP,ask,150,10500.0
2024-08-11 20:30:11,SOLUSD_PERP,bid,149,11192.0
2024-08-11 20:30:11,SOLUSD_PERP,bid,149,7464.0
2024-08-11 20:30:11,SOLUSD_PERP,ask,150,7000.0
2024-08-11 20:30:11,SOLUSD_PERP,ask,150,9266.0
2024-08-11 20:30:12,SOLUSD_PERP,bid,143,172524.0
2024-08-11 20:30:13,SOLUSD_PERP,bid,148,7001.0
2024-08-11 20:30:13,SOLUSD_PERP,bid,149,7641.0
2024-08-11 20:30:15,SOLUSD_PERP,bid,149,35000.0
2024-08-11 20:30:15,SOLUSD_PERP,bid,149,6721.0
2024-08-11 20:30:15,SOLUSD_PERP,ask,151,34018.0
2024-08-11 20:30:16,SOLUSD_PERP,bid,149,8238.0
2024-08-11 20:30:16,SOLUSD_PERP,ask,151,29801.0
2024-08-11 20:30:16,SOLUSD_PERP,ask,150,7000.0
2024-08-11 20:30:18,SOLUSD_PERP,bid,150,6905.0
2024-08-11 20:30:18,SOLUSD_PERP,ask,150,7064.0
2024-08-11 20:30:18,SOLUSD_PERP,bid,149,10772.0
2024-08-11 20:30:18,SOLUSD_PERP,bid,149,10881.0
2024-08-11 20:30:19,SOLUSD_PERP,bid,150,7112.0
2024-08-11 20:30:20,SOLUSD_PERP,ask,150,6924.0
2024-08-11 20:30:22,SOLUSD_PERP,bid,150,6818.0
2024-08-11 20:30:24,SOLUSD_PERP,ask,150,7678.0
2024-08-11 20:30:25,SOLUSD_PERP,ask,150,7140.0
2024-08-11 20:30:27,SOLUSD_PERP,ask,150,9217.0
2024-08-11 20:30:28,SOLUSD_PERP,ask,150,7953.0
2024-08-11 20:30:28,SOLUSD_PERP,ask,150,7948.0
2024-08-11 20:30:29,SOLUSD_PERP,bid,149,10500.0
2024-08-11 20:30:29,SOLUSD_PERP,ask,150,7891.0
2024-08-11 20:30:29,SOLUSD_PERP,ask,150,6715.0
2024-08-11 20:30:31,SOLUSD_PERP,bid,149,10815.0
2024-08-11 20:30:32,SOLUSD_PERP,ask,150,6717.0
2024-08-11 20:30:33,SOLUSD_PERP,ask,150,10500.0
2024-08-11 20:30:33,SOLUSD_PERP,ask,150,10646.0
2024-08-11 20:30:34,SOLUSD_PERP,bid,149,8584.0
2024-08-11 20:30:34,SOLUSD_PERP,ask,150,10646.0
2024-08-11 20:30:34,SOLUSD_PERP,ask,150,10811.0
2024-08-11 20:30:41,SOLUSD_PERP,bid,149,35000.0
2024-08-11 20:30:42,SOLUSD_PERP,ask,150,8247.0
2024-08-11 20:30:42,SOLUSD_PERP,bid,150,8564.0
2024-08-11 20:30:43,SOLUSD_PERP,ask,150,8150.0
2024-08-11 20:30:44,SOLUSD_PERP,ask,150,8485.0
2024-08-11 20:30:46,SOLUSD_PERP,ask,150,8598.0
2024-08-11 20:30:47,SOLUSD_PERP,ask,150,8612.0
2024-08-11 20:30:48,SOLUSD_PERP,ask,150,7000.0
2024-08-11 20:30:49,SOLUSD_PERP,ask,150,8519.0
2024-08-11 20:30:50,SOLUSD_PERP,bid,149,10500.0
2024-08-11 20:30:50,SOLUSD_PERP,ask,150,10627.0
2024-08-11 20:30:50,SOLUSD_PERP,ask,150,10795.0
2024-08-11 20:30:50,SOLUSD_PERP,ask,150,8690.0
2024-08-11 20:30:50,SOLUSD_PERP,ask,150,10795.0
2024-08-11 20:30:51,SOLUSD_PERP,ask,150,8975.0
2024-08-11 20:30:52,SOLUSD_PERP,bid,149,10815.0
2024-08-11 20:30:53,SOLUSD_PERP,bid,149,19250.0
2024-08-11 20:30:53,SOLUSD_PERP,ask,150,7423.0
2024-08-11 20:30:54,SOLUSD_PERP,ask,150,9135.0
2024-08-11 20:30:55,SOLUSD_PERP,ask,150,11110.0
2024-08-11 20:30:55,SOLUSD_PERP,bid,149,10500.0
2024-08-11 20:30:56,SOLUSD_PERP,bid,150,8083.0
2024-08-11 20:30:57,SOLUSD_PERP,ask,150,6794.0
2024-08-11 20:30:57,SOLUSD_PERP,ask,150,11432.0
2024-08-11 20:30:58,SOLUSD_PERP,ask,150,11514.0
2024-08-11 20:31:01,SOLUSD_PERP,ask,150,7830.0
2024-08-11 20:31:01,SOLUSD_PERP,ask,150,7859.0
2024-08-11 20:31:02,SOLUSD_PERP,ask,150,7581.0
2024-08-11 20:31:02,SOLUSD_PERP,bid,149,8273.0
2024-08-11 20:31:02,SOLUSD_PERP,bid,149,19880.0
2024-08-11 20:31:02,SOLUSD_PERP,ask,151,7330.0
2024-08-11 20:31:03,SOLUSD_PERP,bid,149,7867.0
2024-08-11 20:31:03,SOLUSD_PERP,bid,149,9269.0
2024-08-11 20:31:04,SOLUSD_PERP,ask,150,10789.0
2024-08-11 20:31:06,SOLUSD_PERP,ask,150,6982.0
2024-08-11 20:31:06,SOLUSD_PERP,bid,149,19250.0
2024-08-11 20:31:08,SOLUSD_PERP,ask,150,9193.0
2024-08-11 20:31:09,SOLUSD_PERP,ask,150,9027.0
2024-08-11 20:31:10,SOLUSD_PERP,bid,150,7593.0
2024-08-11 20:31:11,SOLUSD_PERP,ask,150,9109.0
2024-08-11 20:31:11,SOLUSD_PERP,ask,150,9196.0
2024-08-11 20:31:12,SOLUSD_PERP,ask,150,9287.0
2024-08-11 20:31:14,SOLUSD_PERP,ask,150,10500.0
2024-08-11 20:31:15,SOLUSD_PERP,bid,146,9631.0
2024-08-11 20:31:15,SOLUSD_PERP,ask,150,9304.0
2024-08-11 20:31:15,SOLUSD_PERP,ask,150,9440.0
2024-08-11 20:31:16,SOLUSD_PERP,ask,150,9029.0
2024-08-11 20:31:18,SOLUSD_PERP,ask,150,8283.0
2024-08-11 20:31:19,SOLUSD_PERP,bid,149,10507.0
2024-08-11 20:31:19,SOLUSD_PERP,ask,150,6871.0
2024-08-11 20:31:22,SOLUSD_PERP,bid,150,8012.0
2024-08-11 20:31:23,SOLUSD_PERP,ask,150,9346.0
2024-08-11 20:31:24,SOLUSD_PERP,ask,150,9350.0
2024-08-11 20:31:25,SOLUSD_PERP,ask,150,9883.0
2024-08-11 20:31:27,SOLUSD_PERP,ask,150,9892.0
2024-08-11 20:31:28,SOLUSD_PERP,ask,151,29861.0
2024-08-11 20:31:28,SOLUSD_PERP,ask,150,7075.0
2024-08-11 20:31:29,SOLUSD_PERP,bid,150,7345.0
2024-08-11 20:31:29,SOLUSD_PERP,ask,150,7870.0
2024-08-11 20:31:29,SOLUSD_PERP,ask,150,7870.0
2024-08-11 20:31:32,SOLUSD_PERP,bid,149,10500.0
2024-08-11 20:31:32,SOLUSD_PERP,ask,150,9467.0
2024-08-11 20:31:32,SOLUSD_PERP,ask,150,8405.0
2024-08-11 20:31:32,SOLUSD_PERP,ask,150,9434.0
2024-08-11 20:31:32,SOLUSD_PERP,ask,150,8405.0
2024-08-11 20:31:33,SOLUSD_PERP,bid,149,7000.0
2024-08-11 20:31:33,SOLUSD_PERP,ask,150,9450.0
2024-08-11 20:31:34,SOLUSD_PERP,ask,151,35000.0
2024-08-11 20:31:35,SOLUSD_PERP,ask,150,8405.0
2024-08-11 20:31:35,SOLUSD_PERP,bid,150,8442.0
2024-08-11 20:31:35,SOLUSD_PERP,ask,150,6761.0
2024-08-11 20:31:36,SOLUSD_PERP,bid,150,7050.0
2024-08-11 20:31:36,SOLUSD_PERP,bid,149,10810.0
2024-08-11 20:31:39,SOLUSD_PERP,ask,150,6839.0
2024-08-11 20:31:43,SOLUSD_PERP,bid,149,7273.0
2024-08-11 20:31:48,SOLUSD_PERP,ask,150,7493.0
2024-08-11 20:31:48,SOLUSD_PERP,ask,150,6856.0
2024-08-11 20:31:50,SOLUSD_PERP,bid,148,33368.0
2024-08-11 20:31:51,SOLUSD_PERP,ask,151,35000.0
2024-08-11 20:31:51,SOLUSD_PERP,ask,150,8309.0
2024-08-11 20:31:54,SOLUSD_PERP,ask,150,9447.0
2024-08-11 20:31:54,SOLUSD_PERP,ask,150,7017.0
2024-08-11 20:31:55,SOLUSD_PERP,ask,150,6951.0
2024-08-11 20:31:56,SOLUSD_PERP,ask,150,9943.0
2024-08-11 20:31:57,SOLUSD_PERP,bid,150,6925.0
2024-08-11 20:31:57,SOLUSD_PERP,ask,150,6831.0
2024-08-11 20:31:57,SOLUSD_PERP,bid,150,7542.0
2024-08-11 20:31:59,SOLUSD_PERP,bid,150,7709.0
2024-08-11 20:32:00,SOLUSD_PERP,ask,150,6745.0
2024-08-11 20:32:01,SOLUSD_PERP,bid,149,10500.0
2024-08-11 20:32:01,SOLUSD_PERP,ask,150,6646.0
2024-08-11 20:32:02,SOLUSD_PERP,ask,150,19250.0
2024-08-11 20:32:03,SOLUSD_PERP,ask,150,6679.0
2024-08-11 20:32:03,SOLUSD_PERP,ask,150,7000.0
2024-08-11 20:32:03,SOLUSD_PERP,ask,150,6961.0
2024-08-11 20:32:04,SOLUSD_PERP,bid,150,10500.0
2024-08-11 20:32:06,SOLUSD_PERP,bid,150,10810.0
2024-08-11 20:32:06,SOLUSD_PERP,ask,150,10500.0
2024-08-11 20:32:06,SOLUSD_PERP,ask,153,7573.0
2024-08-11 20:32:08,SOLUSD_PERP,bid,150,7800.0
2024-08-11 20:32:10,SOLUSD_PERP,bid,150,6798.0
2024-08-11 20:32:10,SOLUSD_PERP,bid,150,7171.0
2024-08-11 20:32:10,SOLUSD_PERP,ask,150,8405.0
2024-08-11 20:32:11,SOLUSD_PERP,ask,150,10761.0
2024-08-11 20:32:11,SOLUSD_PERP,ask,150,8405.0
2024-08-11 20:32:11,SOLUSD_PERP,ask,150,12523.0
2024-08-11 20:32:11,SOLUSD_PERP,ask,151,35000.0
2024-08-11 20:32:11,SOLUSD_PERP,ask,151,7010.0
2024-08-11 20:32:11,SOLUSD_PERP,bid,148,33045.0
2024-08-11 20:32:13,SOLUSD_PERP,bid,150,7481.0
2024-08-11 20:32:13,SOLUSD_PERP,bid,149,7000.0
2024-08-11 20:32:14,SOLUSD_PERP,ask,150,6829.0
2024-08-11 20:32:15,SOLUSD_PERP,ask,150,6837.0
2024-08-11 20:32:15,SOLUSD_PERP,bid,150,7151.0
2024-08-11 20:32:15,SOLUSD_PERP,ask,150,6777.0
2024-08-11 20:32:16,SOLUSD_PERP,bid,150,11192.0
2024-08-11 20:32:16,SOLUSD_PERP,ask,150,7068.0
2024-08-11 20:32:17,SOLUSD_PERP,bid,150,10810.0
2024-08-11 20:32:18,SOLUSD_PERP,bid,150,7108.0
2024-08-11 20:32:18,SOLUSD_PERP,ask,150,10500.0
2024-08-11 20:32:18,SOLUSD_PERP,ask,151,19250.0
2024-08-11 20:32:18,SOLUSD_PERP,ask,151,12352.0
2024-08-11 20:32:18,SOLUSD_PERP,ask,151,7102.0
2024-08-11 20:32:19,SOLUSD_PERP,bid,150,8262.0
2024-08-11 20:32:19,SOLUSD_PERP,ask,151,34018.0
2024-08-11 20:32:19,SOLUSD_PERP,ask,150,8405.0
2024-08-11 20:32:19,SOLUSD_PERP,bid,148,9402.0
2024-08-11 20:32:19,SOLUSD_PERP,ask,150,10810.0
2024-08-11 20:32:22,SOLUSD_PERP,bid,149,29831.0
2024-08-11 20:32:22,SOLUSD_PERP,bid,150,7307.0
2024-08-11 20:32:22,SOLUSD_PERP,ask,150,10500.0
2024-08-11 20:32:22,SOLUSD_PERP,ask,150,8405.0
2024-08-11 20:32:23,SOLUSD_PERP,bid,149,7410.0
2024-08-11 20:32:25,SOLUSD_PERP,ask,150,10810.0
2024-08-11 20:32:26,SOLUSD_PERP,ask,150,10500.0
2024-08-11 20:32:31,SOLUSD_PERP,bid,135,162570.0
2024-08-11 20:32:33,SOLUSD_PERP,ask,150,8877.0
2024-08-11 20:32:34,SOLUSD_PERP,bid,148,7346.0
2024-08-11 20:32:36,SOLUSD_PERP,bid,150,7031.0
2024-08-11 20:32:37,SOLUSD_PERP,bid,150,7051.0
2024-08-11 20:32:43,SOLUSD_PERP,ask,150,9747.0
2024-08-11 20:32:45,SOLUSD_PERP,ask,150,8213.0
2024-08-11 20:32:48,SOLUSD_PERP,ask,150,10284.0
2024-08-11 20:32:49,SOLUSD_PERP,ask,150,6770.0
2024-08-11 20:32:49,SOLUSD_PERP,ask,151,29857.0
2024-08-11 20:32:50,SOLUSD_PERP,bid,150,10500.0
2024-08-11 20:32:52,SOLUSD_PERP,bid,149,35000.0
2024-08-11 20:32:53,SOLUSD_PERP,ask,150,9510.0
2024-08-11 20:32:53,SOLUSD_PERP,bid,150,7944.0
2024-08-11 20:32:54,SOLUSD_PERP,ask,150,7009.0
2024-08-11 20:32:54,SOLUSD_PERP,ask,150,9667.0
2024-08-11 20:32:57,SOLUSD_PERP,ask,151,7000.0
2024-08-11 20:32:59,SOLUSD_PERP,ask,150,8073.0
2024-08-11 20:33:01,SOLUSD_PERP,ask,150,6876.0
2024-08-11 20:33:01,SOLUSD_PERP,bid,150,7396.0
2024-08-11 20:33:02,SOLUSD_PERP,ask,150,6869.0
2024-08-11 20:33:02,SOLUSD_PERP,bid,150,7115.0
2024-08-11 20:33:02,SOLUSD_PERP,ask,150,6869.0
2024-08-11 20:33:02,SOLUSD_PERP,ask,150,6869.0
2024-08-11 20:33:06,SOLUSD_PERP,bid,150,7865.0
2024-08-11 20:33:07,SOLUSD_PERP,bid,150,15191.0
2024-08-11 20:33:07,SOLUSD_PERP,bid,150,19250.0
2024-08-11 20:33:09,SOLUSD_PERP,bid,150,7524.0
2024-08-11 20:33:09,SOLUSD_PERP,bid,150,7918.0
2024-08-11 20:33:10,SOLUSD_PERP,bid,150,7898.0
2024-08-11 20:33:12,SOLUSD_PERP,ask,150,6963.0
2024-08-11 20:33:13,SOLUSD_PERP,bid,150,7890.0
2024-08-11 20:33:16,SOLUSD_PERP,bid,150,7390.0
2024-08-11 20:33:16,SOLUSD_PERP,bid,150,7700.0
2024-08-11 20:33:18,SOLUSD_PERP,ask,152,18000.0
2024-08-11 20:33:20,SOLUSD_PERP,bid,150,10810.0
2024-08-11 20:33:22,SOLUSD_PERP,bid,150,6743.0
2024-08-11 20:33:25,SOLUSD_PERP,bid,150,7260.0
2024-08-11 20:33:28,SOLUSD_PERP,bid,150,19250.0
2024-08-11 20:33:33,SOLUSD_PERP,bid,149,12641.0
2024-08-11 20:33:33,SOLUSD_PERP,bid,149,12500.0
2024-08-11 20:33:33,SOLUSD_PERP,bid,149,8273.0
2024-08-11 20:33:37,SOLUSD_PERP,ask,151,35000.0
2024-08-11 20:33:40,SOLUSD_PERP,ask,150,9252.0
2024-08-11 20:33:42,SOLUSD_PERP,bid,150,7082.0
2024-08-11 20:33:43,SOLUSD_PERP,bid,150,7053.0
2024-08-11 20:33:44,SOLUSD_PERP,bid,149,7740.0
2024-08-11 20:33:47,SOLUSD_PERP,ask,150,10501.0
2024-08-11 20:33:49,SOLUSD_PERP,ask,151,7000.0
2024-08-11 20:33:51,SOLUSD_PERP,bid,150,10501.0
2024-08-11 20:33:56,SOLUSD_PERP,bid,150,7149.0
2024-08-11 20:33:56,SOLUSD_PERP,bid,150,7154.0
2024-08-11 20:33:56,SOLUSD_PERP,bid,150,19250.0
2024-08-11 20:34:02,SOLUSD_PERP,ask,154,7630.0
2024-08-11 20:34:03,SOLUSD_PERP,bid,150,7032.0
2024-08-11 20:34:03,SOLUSD_PERP,ask,150,9339.0
2024-08-11 20:34:03,SOLUSD_PERP,bid,150,7043.0
2024-08-11 20:34:04,SOLUSD_PERP,ask,151,8405.0
2024-08-11 20:34:04,SOLUSD_PERP,ask,151,12808.0
2024-08-11 20:34:04,SOLUSD_PERP,bid,150,7124.0
2024-08-11 20:34:09,SOLUSD_PERP,bid,149,12678.0
2024-08-11 20:34:10,SOLUSD_PERP,bid,149,12641.0
2024-08-11 20:34:12,SOLUSD_PERP,bid,150,7638.0
2024-08-11 20:34:12,SOLUSD_PERP,bid,150,7638.0
2024-08-11 20:34:12,SOLUSD_PERP,ask,150,8290.0
2024-08-11 20:34:12,SOLUSD_PERP,ask,150,7382.0
2024-08-11 20:34:13,SOLUSD_PERP,ask,150,6934.0
2024-08-11 20:34:13,SOLUSD_PERP,ask,150,7244.0
2024-08-11 20:34:13,SOLUSD_PERP,bid,150,8019.0
2024-08-11 20:34:14,SOLUSD_PERP,bid,150,8321.0
2024-08-11 20:34:14,SOLUSD_PERP,ask,150,6728.0
2024-08-11 20:34:14,SOLUSD_PERP,ask,150,7176.0
2024-08-11 20:34:15,SOLUSD_PERP,ask,150,7191.0
2024-08-11 20:34:16,SOLUSD_PERP,ask,150,7969.0
2024-08-11 20:34:17,SOLUSD_PERP,bid,150,6664.0
2024-08-11 20:34:17,SOLUSD_PERP,bid,150,6664.0
2024-08-11 20:34:19,SOLUSD_PERP,ask,150,7195.0
2024-08-11 20:34:23,SOLUSD_PERP,bid,150,10817.0
2024-08-11 20:34:23,SOLUSD_PERP,ask,150,6700.0
2024-08-11 20:34:23,SOLUSD_PERP,bid,150,10811.0
2024-08-11 20:34:24,SOLUSD_PERP,bid,150,10500.0
2024-08-11 20:34:24,SOLUSD_PERP,ask,150,8405.0
2024-08-11 20:34:24,SOLUSD_PERP,bid,149,35000.0
2024-08-11 20:34:24,SOLUSD_PERP,bid,149,19250.0
2024-08-11 20:34:24,SOLUSD_PERP,bid,150,10500.0
2024-08-11 20:34:24,SOLUSD_PERP,bid,150,15010.0
2024-08-11 20:34:24,SOLUSD_PERP,bid,149,29911.0
2024-08-11 20:34:24,SOLUSD_PERP,bid,149,6921.0
2024-08-11 20:34:25,SOLUSD_PERP,ask,150,7842.0
2024-08-11 20:34:26,SOLUSD_PERP,bid,150,7778.0
2024-08-11 20:34:30,SOLUSD_PERP,bid,150,15321.0
2024-08-11 20:34:31,SOLUSD_PERP,bid,140,14208.0
2024-08-11 20:34:31,SOLUSD_PERP,bid,147,169989.0
2024-08-11 20:34:31,SOLUSD_PERP,ask,161,50159.0
2024-08-11 20:34:31,SOLUSD_PERP,ask,168,16069.0
2024-08-11 20:34:31,SOLUSD_PERP,ask,175,11328.0
2024-08-11 20:34:32,SOLUSD_PERP,ask,150,10500.0
2024-08-11 20:34:32,SOLUSD_PERP,bid,150,12708.0
2024-08-11 20:34:32,SOLUSD_PERP,bid,150,8908.0
2024-08-11 20:34:34,SOLUSD_PERP,bid,150,9200.0
2024-08-11 20:34:35,SOLUSD_PERP,ask,150,6914.0
2024-08-11 20:34:35,SOLUSD_PERP,ask,150,6914.0
2024-08-11 20:34:36,SOLUSD_PERP,bid,150,10500.0
2024-08-11 20:34:36,SOLUSD_PERP,bid,150,6952.0
2024-08-11 20:34:36,SOLUSD_PERP,ask,150,10815.0
2024-08-11 20:34:36,SOLUSD_PERP,bid,150,6952.0
2024-08-11 20:34:38,SOLUSD_PERP,bid,150,7179.0
2024-08-11 20:34:39,SOLUSD_PERP,bid,150,7162.0
2024-08-11 20:34:42,SOLUSD_PERP,ask,150,10800.0
2024-08-11 20:34:42,SOLUSD_PERP,ask,150,10921.0
2024-08-11 20:34:45,SOLUSD_PERP,ask,150,8476.0
2024-08-11 20:34:51,SOLUSD_PERP,ask,150,8925.0
2024-08-11 20:34:51,SOLUSD_PERP,bid,150,6996.0
2024-08-11 20:34:51,SOLUSD_PERP,ask,150,8939.0
2024-08-11 20:34:54,SOLUSD_PERP,bid,149,35000.0
2024-08-11 20:34:57,SOLUSD_PERP,ask,150,7703.0
2024-08-11 20:34:57,SOLUSD_PERP,ask,150,7771.0
2024-08-11 20:34:59,SOLUSD_PERP,bid,150,6882.0
2024-08-11 20:34:59,SOLUSD_PERP,ask,150,9824.0
2024-08-11 20:35:00,SOLUSD_PERP,ask,150,6969.0
2024-08-11 20:35:00,SOLUSD_PERP,ask,150,8405.0
2024-08-11 20:35:01,SOLUSD_PERP,bid,150,6952.0
2024-08-11 20:35:02,SOLUSD_PERP,ask,150,7105.0
2024-08-11 20:35:03,SOLUSD_PERP,ask,150,6673.0
2024-08-11 20:35:04,SOLUSD_PERP,ask,150,6915.0
2024-08-11 20:35:04,SOLUSD_PERP,ask,150,6967.0
2024-08-11 20:35:04,SOLUSD_PERP,ask,150,6915.0
2024-08-11 20:35:05,SOLUSD_PERP,bid,150,6952.0
2024-08-11 20:35:09,SOLUSD_PERP,ask,150,6727.0
2024-08-11 20:35:10,SOLUSD_PERP,ask,150,6804.0
2024-08-11 20:35:10,SOLUSD_PERP,ask,150,6804.0
2024-08-11 20:35:11,SOLUSD_PERP,ask,150,6695.0
2024-08-11 20:35:11,SOLUSD_PERP,bid,150,15010.0
2024-08-11 20:35:12,SOLUSD_PERP,ask,150,6800.0
2024-08-11 20:35:14,SOLUSD_PERP,bid,149,7072.0
2024-08-11 20:35:16,SOLUSD_PERP,ask,150,8298.0
2024-08-11 20:35:17,SOLUSD_PERP,bid,150,10582.0
2024-08-11 20:35:19,SOLUSD_PERP,ask,151,7072.0
2024-08-11 20:35:21,SOLUSD_PERP,ask,150,7979.0
2024-08-11 20:35:22,SOLUSD_PERP,ask,150,7788.0
2024-08-11 20:35:23,SOLUSD_PERP,bid,150,6854.0
2024-08-11 20:35:24,SOLUSD_PERP,bid,147,170116.0
2024-08-11 20:35:25,SOLUSD_PERP,ask,150,8685.0
2024-08-11 20:35:25,SOLUSD_PERP,ask,151,7000.0
2024-08-11 20:35:25,SOLUSD_PERP,ask,150,8650.0
2024-08-11 20:35:26,SOLUSD_PERP,bid,150,7164.0
2024-08-11 20:35:27,SOLUSD_PERP,bid,150,8818.0
2024-08-11 20:35:27,SOLUSD_PERP,bid,150,7247.0
2024-08-11 20:35:28,SOLUSD_PERP,ask,150,8716.0
2024-08-11 20:35:31,SOLUSD_PERP,bid,149,19550.0
2024-08-11 20:35:32,SOLUSD_PERP,bid,150,7540.0
2024-08-11 20:35:33,SOLUSD_PERP,bid,150,6680.0
2024-08-11 20:35:33,SOLUSD_PERP,ask,150,7967.0
2024-08-11 20:35:35,SOLUSD_PERP,bid,150,7628.0
2024-08-11 20:35:36,SOLUSD_PERP,bid,150,10500.0
2024-08-11 20:35:36,SOLUSD_PERP,bid,149,19250.0
2024-08-11 20:35:38,SOLUSD_PERP,ask,150,6829.0
2024-08-11 20:35:38,SOLUSD_PERP,bid,150,8319.0
2024-08-11 20:35:38,SOLUSD_PERP,ask,150,6902.0
2024-08-11 20:35:38,SOLUSD_PERP,ask,150,6936.0
2024-08-11 20:35:38,SOLUSD_PERP,ask,150,6936.0
2024-08-11 20:35:39,SOLUSD_PERP,bid,150,7358.0
2024-08-11 20:35:39,SOLUSD_PERP,ask,150,8403.0
2024-08-11 20:35:39,SOLUSD_PERP,ask,150,6827.0
2024-08-11 20:35:39,SOLUSD_PERP,ask,150,6793.0
2024-08-11 20:35:40,SOLUSD_PERP,ask,150,6795.0
2024-08-11 20:35:40,SOLUSD_PERP,ask,150,6761.0
2024-08-11 20:35:42,SOLUSD_PERP,bid,149,41179.0
2024-08-11 20:35:44,SOLUSD_PERP,ask,150,6658.0
2024-08-11 20:35:45,SOLUSD_PERP,bid,150,7800.0
2024-08-11 20:35:45,SOLUSD_PERP,bid,149,19250.0
2024-08-11 20:35:45,SOLUSD_PERP,ask,150,7084.0
2024-08-11 20:35:45,SOLUSD_PERP,ask,150,7084.0
2024-08-11 20:35:47,SOLUSD_PERP,bid,149,40579.0
2024-08-11 20:35:47,SOLUSD_PERP,bid,149,41179.0
2024-08-11 20:35:48,SOLUSD_PERP,ask,150,6861.0
2024-08-11 20:35:52,SOLUSD_PERP,bid,149,40579.0
2024-08-11 20:35:52,SOLUSD_PERP,ask,151,13108.0
2024-08-11 20:35:53,SOLUSD_PERP,ask,150,7635.0
2024-08-11 20:35:54,SOLUSD_PERP,ask,150,10801.0
2024-08-11 20:35:54,SOLUSD_PERP,ask,150,8716.0
2024-08-11 20:35:55,SOLUSD_PERP,bid,149,35023.0
2024-08-11 20:35:55,SOLUSD_PERP,ask,150,8242.0
2024-08-11 20:35:56,SOLUSD_PERP,ask,150,7313.0
2024-08-11 20:35:58,SOLUSD_PERP,ask,151,12808.0
2024-08-11 20:35:59,SOLUSD_PERP,ask,150,7757.0
2024-08-11 20:36:00,SOLUSD_PERP,ask,150,7821.0
2024-08-11 20:36:00,SOLUSD_PERP,ask,150,6788.0
2024-08-11 20:36:03,SOLUSD_PERP,bid,150,6769.0
2024-08-11 20:36:03,SOLUSD_PERP,ask,151,35000.0
2024-08-11 20:36:07,SOLUSD_PERP,ask,150,7577.0
2024-08-11 20:36:08,SOLUSD_PERP,ask,151,19250.0
2024-08-11 20:36:10,SOLUSD_PERP,ask,150,6865.0
2024-08-11 20:36:10,SOLUSD_PERP,ask,151,29899.0
2024-08-11 20:36:10,SOLUSD_PERP,ask,150,8485.0
2024-08-11 20:36:11,SOLUSD_PERP,bid,150,7774.0
2024-08-11 20:36:12,SOLUSD_PERP,ask,150,10811.0
2024-08-11 20:36:16,SOLUSD_PERP,ask,150,6889.0
2024-08-11 20:36:22,SOLUSD_PERP,bid,150,19250.0
2024-08-11 20:36:22,SOLUSD_PERP,bid,149,12678.0
2024-08-11 20:36:23,SOLUSD_PERP,bid,149,12641.0
2024-08-11 20:36:23,SOLUSD_PERP,ask,150,10500.0
2024-08-11 20:36:24,SOLUSD_PERP,bid,150,6687.0
2024-08-11 20:36:24,SOLUSD_PERP,ask,150,10232.0
2024-08-11 20:36:25,SOLUSD_PERP,bid,149,12678.0
2024-08-11 20:36:25,SOLUSD_PERP,ask,150,10236.0
2024-08-11 20:36:25,SOLUSD_PERP,ask,150,6876.0
2024-08-11 20:36:26,SOLUSD_PERP,bid,150,10518.0
2024-08-11 20:36:27,SOLUSD_PERP,bid,149,12641.0
2024-08-11 20:36:27,SOLUSD_PERP,ask,151,7000.0
2024-08-11 20:36:28,SOLUSD_PERP,ask,150,10801.0
2024-08-11 20:36:28,SOLUSD_PERP,ask,150,8796.0
2024-08-11 20:36:28,SOLUSD_PERP,ask,151,17882.0
2024-08-11 20:36:28,SOLUSD_PERP,ask,150,9474.0
2024-08-11 20:36:29,SOLUSD_PERP,ask,150,7099.0
2024-08-11 20:36:29,SOLUSD_PERP,ask,151,8405.0
2024-08-11 20:36:29,SOLUSD_PERP,bid,150,7298.0
2024-08-11 20:36:29,SOLUSD_PERP,ask,150,6645.0
2024-08-11 20:36:29,SOLUSD_PERP,ask,150,10500.0
2024-08-11 20:36:29,SOLUSD_PERP,ask,151,19251.0
2024-08-11 20:36:30,SOLUSD_PERP,ask,151,7000.0
2024-08-11 20:36:30,SOLUSD_PERP,ask,150,6661.0
2024-08-11 20:36:30,SOLUSD_PERP,bid,150,8273.0
2024-08-11 20:36:30,SOLUSD_PERP,ask,151,10811.0
2024-08-11 20:36:30,SOLUSD_PERP,bid,150,6687.0
2024-08-11 20:36:30,SOLUSD_PERP,ask,150,7076.0
2024-08-11 20:36:30,SOLUSD_PERP,ask,150,6662.0
2024-08-11 20:36:31,SOLUSD_PERP,bid,147,7286.0
2024-08-11 20:36:31,SOLUSD_PERP,ask,150,7076.0
2024-08-11 20:36:31,SOLUSD_PERP,bid,150,6657.0
2024-08-11 20:36:31,SOLUSD_PERP,ask,150,9826.0
2024-08-11 20:36:31,SOLUSD_PERP,bid,150,7319.0
2024-08-11 20:36:31,SOLUSD_PERP,ask,150,8028.0
2024-08-11 20:36:32,SOLUSD_PERP,ask,150,7811.0
2024-08-11 20:36:35,SOLUSD_PERP,ask,150,6674.0
2024-08-11 20:36:36,SOLUSD_PERP,ask,150,6674.0
2024-08-11 20:36:36,SOLUSD_PERP,bid,150,6742.0
2024-08-11 20:36:36,SOLUSD_PERP,ask,150,7812.0
2024-08-11 20:36:36,SOLUSD_PERP,bid,150,10500.0
2024-08-11 20:36:36,SOLUSD_PERP,ask,151,8716.0
2024-08-11 20:36:37,SOLUSD_PERP,ask,151,6799.0
2024-08-11 20:36:37,SOLUSD_PERP,ask,150,7824.0
2024-08-11 20:36:37,SOLUSD_PERP,ask,153,7589.0
2024-08-11 20:36:38,SOLUSD_PERP,bid,149,34124.0
2024-08-11 20:36:38,SOLUSD_PERP,ask,151,10500.0
2024-08-11 20:36:38,SOLUSD_PERP,bid,150,10500.0
2024-08-11 20:36:38,SOLUSD_PERP,ask,152,29882.0
2024-08-11 20:36:38,SOLUSD_PERP,ask,150,6635.0
2024-08-11 20:36:40,SOLUSD_PERP,ask,151,6789.0
2024-08-11 20:36:40,SOLUSD_PERP,ask,150,9694.0
2024-08-11 20:36:41,SOLUSD_PERP,ask,150,7461.0
2024-08-11 20:36:43,SOLUSD_PERP,ask,151,42603.0
2024-08-11 20:36:44,SOLUSD_PERP,ask,151,10500.0
2024-08-11 20:36:44,SOLUSD_PERP,ask,151,35000.0
2024-08-11 20:36:44,SOLUSD_PERP,bid,149,7000.0
2024-08-11 20:36:45,SOLUSD_PERP,bid,150,8573.0
2024-08-11 20:36:46,SOLUSD_PERP,ask,150,7729.0
2024-08-11 20:36:46,SOLUSD_PERP,bid,148,33428.0
2024-08-11 20:36:46,SOLUSD_PERP,bid,149,29865.0
2024-08-11 20:36:46,SOLUSD_PERP,bid,150,10500.0
2024-08-11 20:36:46,SOLUSD_PERP,bid,150,10801.0
2024-08-11 20:36:46,SOLUSD_PERP,bid,150,11102.0
2024-08-11 20:36:46,SOLUSD_PERP,bid,150,8122.0
2024-08-11 20:36:47,SOLUSD_PERP,bid,150,8273.0
2024-08-11 20:36:48,SOLUSD_PERP,ask,150,10500.0
2024-08-11 20:36:49,SOLUSD_PERP,ask,150,7874.0
2024-08-11 20:36:49,SOLUSD_PERP,ask,150,7871.0
2024-08-11 20:36:49,SOLUSD_PERP,bid,150,7754.0
2024-08-11 20:36:49,SOLUSD_PERP,ask,151,8683.0
2024-08-11 20:36:50,SOLUSD_PERP,bid,150,8304.0
2024-08-11 20:36:52,SOLUSD_PERP,bid,150,7103.0
2024-08-11 20:36:56,SOLUSD_PERP,bid,150,11522.0
2024-08-11 20:36:56,SOLUSD_PERP,ask,150,8405.0
2024-08-11 20:36:57,SOLUSD_PERP,bid,150,8122.0
2024-08-11 20:36:57,SOLUSD_PERP,ask,151,8122.0
2024-08-11 20:36:59,SOLUSD_PERP,ask,150,6772.0
2024-08-11 20:37:05,SOLUSD_PERP,ask,150,6638.0
2024-08-11 20:37:06,SOLUSD_PERP,bid,150,12500.0
2024-08-11 20:37:08,SOLUSD_PERP,ask,150,6814.0
2024-08-11 20:37:08,SOLUSD_PERP,ask,150,6842.0
2024-08-11 20:37:08,SOLUSD_PERP,ask,150,7059.0
2024-08-11 20:37:08,SOLUSD_PERP,bid,150,7206.0
2024-08-11 20:37:09,SOLUSD_PERP,ask,150,7059.0
2024-08-11 20:37:10,SOLUSD_PERP,ask,151,35012.0
2024-08-11 20:37:10,SOLUSD_PERP,ask,150,6970.0
2024-08-11 20:37:10,SOLUSD_PERP,ask,150,7215.0
2024-08-11 20:37:13,SOLUSD_PERP,ask,150,7242.0
2024-08-11 20:37:13,SOLUSD_PERP,ask,150,7011.0
2024-08-11 20:37:13,SOLUSD_PERP,ask,150,6975.0
2024-08-11 20:37:13,SOLUSD_PERP,ask,150,6710.0
2024-08-11 20:37:13,SOLUSD_PERP,ask,150,6710.0
2024-08-11 20:37:14,SOLUSD_PERP,ask,150,7312.0
2024-08-11 20:37:14,SOLUSD_PERP,ask,150,6724.0
2024-08-11 20:37:14,SOLUSD_PERP,ask,150,6724.0
2024-08-11 20:37:15,SOLUSD_PERP,ask,150,7025.0
2024-08-11 20:37:16,SOLUSD_PERP,ask,150,6718.0
2024-08-11 20:37:16,SOLUSD_PERP,ask,150,7320.0
2024-08-11 20:37:16,SOLUSD_PERP,ask,150,6749.0
2024-08-11 20:37:17,SOLUSD_PERP,bid,150,8391.0
2024-08-11 20:37:17,SOLUSD_PERP,bid,150,8391.0
2024-08-11 20:37:18,SOLUSD_PERP,bid,150,10501.0
2024-08-11 20:37:19,SOLUSD_PERP,ask,150,7153.0
2024-08-11 20:37:20,SOLUSD_PERP,bid,150,8773.0
2024-08-11 20:37:20,SOLUSD_PERP,ask,151,8405.0
2024-08-11 20:37:21,SOLUSD_PERP,bid,150,7327.0
2024-08-11 20:37:21,SOLUSD_PERP,ask,150,10449.0
2024-08-11 20:37:21,SOLUSD_PERP,ask,150,10449.0
2024-08-11 20:37:23,SOLUSD_PERP,bid,150,6913.0
2024-08-11 20:37:23,SOLUSD_PERP,ask,150,7799.0
2024-08-11 20:37:23,SOLUSD_PERP,ask,150,6861.0
2024-08-11 20:37:23,SOLUSD_PERP,ask,150,6861.0
2024-08-11 20:37:24,SOLUSD_PERP,bid,150,8674.0
2024-08-11 20:37:24,SOLUSD_PERP,ask,150,8221.0
2024-08-11 20:37:25,SOLUSD_PERP,ask,150,7352.0
2024-08-11 20:37:25,SOLUSD_PERP,ask,150,7224.0
2024-08-11 20:37:25,SOLUSD_PERP,ask,150,8043.0
2024-08-11 20:37:26,SOLUSD_PERP,ask,151,7000.0
2024-08-11 20:37:27,SOLUSD_PERP,bid,150,9181.0
2024-08-11 20:37:28,SOLUSD_PERP,bid,150,9170.0
2024-08-11 20:37:31,SOLUSD_PERP,ask,150,7919.0
2024-08-11 20:37:32,SOLUSD_PERP,ask,150,7807.0
2024-08-11 20:37:32,SOLUSD_PERP,ask,150,7807.0
2024-08-11 20:37:32,SOLUSD_PERP,ask,150,9523.0
2024-08-11 20:37:33,SOLUSD_PERP,ask,150,8309.0
2024-08-11 20:37:37,SOLUSD_PERP,ask,150,9782.0
2024-08-11 20:37:37,SOLUSD_PERP,ask,150,9782.0
2024-08-11 20:37:37,SOLUSD_PERP,ask,150,7118.0
2024-08-11 20:37:38,SOLUSD_PERP,bid,150,7867.0
2024-08-11 20:37:40,SOLUSD_PERP,bid,149,42000.0
2024-08-11 20:37:41,SOLUSD_PERP,bid,150,7553.0
2024-08-11 20:37:41,SOLUSD_PERP,bid,150,10500.0
2024-08-11 20:37:42,SOLUSD_PERP,ask,150,10110.0
2024-08-11 20:37:44,SOLUSD_PERP,ask,150,10606.0
2024-08-11 20:37:45,SOLUSD_PERP,ask,150,7102.0
2024-08-11 20:37:45,SOLUSD_PERP,ask,150,7073.0
2024-08-11 20:37:45,SOLUSD_PERP,ask,150,8047.0
2024-08-11 20:37:45,SOLUSD_PERP,ask,150,6772.0
2024-08-11 20:37:46,SOLUSD_PERP,bid,150,6913.0
2024-08-11 20:37:46,SOLUSD_PERP,ask,150,6904.0
2024-08-11 20:37:46,SOLUSD_PERP,ask,150,6874.0
2024-08-11 20:37:46,SOLUSD_PERP,ask,150,6874.0
2024-08-11 20:37:47,SOLUSD_PERP,ask,150,6874.0
2024-08-11 20:37:47,SOLUSD_PERP,ask,150,6919.0
2024-08-11 20:37:47,SOLUSD_PERP,ask,150,8194.0
2024-08-11 20:37:48,SOLUSD_PERP,ask,150,6697.0
2024-08-11 20:37:48,SOLUSD_PERP,bid,150,19250.0
2024-08-11 20:37:48,SOLUSD_PERP,ask,150,6696.0
2024-08-11 20:37:48,SOLUSD_PERP,bid,150,6688.0
2024-08-11 20:37:48,SOLUSD_PERP,ask,150,6997.0
2024-08-11 20:37:48,SOLUSD_PERP,bid,150,6961.0
2024-08-11 20:37:49,SOLUSD_PERP,ask,151,10500.0
2024-08-11 20:37:49,SOLUSD_PERP,ask,152,29878.0
2024-08-11 20:37:50,SOLUSD_PERP,bid,150,7996.0
2024-08-11 20:37:52,SOLUSD_PERP,ask,150,10499.0
2024-08-11 20:37:54,SOLUSD_PERP,ask,150,10435.0
2024-08-11 20:37:54,SOLUSD_PERP,ask,150,10435.0
2024-08-11 20:37:55,SOLUSD_PERP,ask,150,8063.0
2024-08-11 20:37:56,SOLUSD_PERP,ask,150,7328.0
2024-08-11 20:37:58,SOLUSD_PERP,ask,151,8405.0
2024-08-11 20:37:58,SOLUSD_PERP,ask,150,10141.0
2024-08-11 20:37:58,SOLUSD_PERP,ask,151,10801.0
2024-08-11 20:37:58,SOLUSD_PERP,ask,150,10141.0
2024-08-11 20:37:59,SOLUSD_PERP,ask,150,10141.0
2024-08-11 20:37:59,SOLUSD_PERP,ask,151,7000.0
2024-08-11 20:37:59,SOLUSD_PERP,ask,150,8312.0
2024-08-11 20:38:00,SOLUSD_PERP,ask,150,8293.0
2024-08-11 20:38:02,SOLUSD_PERP,ask,150,8363.0
2024-08-11 20:38:02,SOLUSD_PERP,bid,149,40579.0
2024-08-11 20:38:02,SOLUSD_PERP,ask,151,8714.0
2024-08-11 20:38:02,SOLUSD_PERP,ask,150,7063.0
2024-08-11 20:38:03,SOLUSD_PERP,ask,150,7064.0
2024-08-11 20:38:03,SOLUSD_PERP,ask,150,10107.0
2024-08-11 20:38:04,SOLUSD_PERP,ask,150,9576.0
2024-08-11 20:38:05,SOLUSD_PERP,bid,149,12641.0
2024-08-11 20:38:06,SOLUSD_PERP,bid,135,162583.0
2024-08-11 20:38:06,SOLUSD_PERP,bid,150,10503.0
2024-08-11 20:38:07,SOLUSD_PERP,ask,150,6791.0
2024-08-11 20:38:07,SOLUSD_PERP,bid,150,7000.0
2024-08-11 20:38:07,SOLUSD_PERP,ask,150,9472.0
2024-08-11 20:38:07,SOLUSD_PERP,ask,150,6754.0
2024-08-11 20:38:07,SOLUSD_PERP,ask,150,6754.0
2024-08-11 20:38:07,SOLUSD_PERP,ask,150,9265.0
2024-08-11 20:38:07,SOLUSD_PERP,ask,150,6754.0
2024-08-11 20:38:08,SOLUSD_PERP,bid,148,33411.0
2024-08-11 20:38:09,SOLUSD_PERP,ask,150,9641.0
2024-08-11 20:38:10,SOLUSD_PERP,bid,150,7716.0
2024-08-11 20:38:12,SOLUSD_PERP,ask,150,9605.0
2024-08-11 20:38:14,SOLUSD_PERP,ask,150,9737.0
2024-08-11 20:38:14,SOLUSD_PERP,ask,150,8181.0
2024-08-11 20:38:14,SOLUSD_PERP,bid,149,35000.0
2024-08-11 20:38:15,SOLUSD_PERP,bid,149,7000.0
2024-08-11 20:38:15,SOLUSD_PERP,ask,150,8682.0
2024-08-11 20:38:15,SOLUSD_PERP,ask,150,7013.0
2024-08-11 20:38:16,SOLUSD_PERP,ask,150,7067.0
2024-08-11 20:38:16,SOLUSD_PERP,ask,150,9816.0
2024-08-11 20:38:17,SOLUSD_PERP,ask,150,9813.0
2024-08-11 20:38:18,SOLUSD_PERP,ask,150,7193.0
2024-08-11 20:38:18,SOLUSD_PERP,ask,150,8316.0
2024-08-11 20:38:19,SOLUSD_PERP,ask,150,8285.0
2024-08-11 20:38:20,SOLUSD_PERP,ask,150,8275.0
2024-08-11 20:38:20,SOLUSD_PERP,ask,151,7003.0
2024-08-11 20:38:20,SOLUSD_PERP,ask,151,35000.0
2024-08-11 20:38:21,SOLUSD_PERP,ask,150,8347.0
2024-08-11 20:38:21,SOLUSD_PERP,ask,150,9865.0
2024-08-11 20:38:22,SOLUSD_PERP,ask,150,8408.0
2024-08-11 20:38:23,SOLUSD_PERP,ask,151,10500.0
2024-08-11 20:38:23,SOLUSD_PERP,ask,151,8405.0
2024-08-11 20:38:24,SOLUSD_PERP,bid,150,8012.0
2024-08-11 20:38:24,SOLUSD_PERP,bid,150,10812.0
2024-08-11 20:38:25,SOLUSD_PERP,bid,150,7868.0
2024-08-11 20:38:26,SOLUSD_PERP,ask,150,9157.0
2024-08-11 20:38:29,SOLUSD_PERP,bid,150,7431.0
2024-08-11 20:38:34,SOLUSD_PERP,bid,150,8273.0
2024-08-11 20:38:35,SOLUSD_PERP,bid,150,12548.0
2024-08-11 20:38:36,SOLUSD_PERP,bid,150,7811.0
2024-08-11 20:38:37,SOLUSD_PERP,bid,150,7803.0
2024-08-11 20:38:38,SOLUSD_PERP,ask,150,7710.0
2024-08-11 20:38:39,SOLUSD_PERP,bid,150,9410.0
2024-08-11 20:38:39,SOLUSD_PERP,bid,150,8264.0
2024-08-11 20:38:41,SOLUSD_PERP,bid,150,6865.0
2024-08-11 20:38:41,SOLUSD_PERP,ask,150,6938.0
2024-08-11 20:38:41,SOLUSD_PERP,bid,148,31861.0
2024-08-11 20:38:41,SOLUSD_PERP,ask,150,8126.0
2024-08-11 20:38:42,SOLUSD_PERP,bid,150,6766.0
2024-08-11 20:38:42,SOLUSD_PERP,bid,150,6766.0
2024-08-11 20:38:42,SOLUSD_PERP,ask,150,8178.0
2024-08-11 20:38:44,SOLUSD_PERP,ask,151,34318.0
2024-08-11 20:38:44,SOLUSD_PERP,bid,150,6756.0
2024-08-11 20:38:45,SOLUSD_PERP,bid,146,9645.0
2024-08-11 20:38:46,SOLUSD_PERP,bid,140,14487.0
2024-08-11 20:38:47,SOLUSD_PERP,ask,150,6942.0
2024-08-11 20:38:48,SOLUSD_PERP,ask,150,9808.0
2024-08-11 20:38:49,SOLUSD_PERP,ask,151,34018.0
2024-08-11 20:38:50,SOLUSD_PERP,ask,150,10593.0
2024-08-11 20:38:50,SOLUSD_PERP,bid,150,9098.0
2024-08-11 20:38:50,SOLUSD_PERP,bid,150,9098.0
2024-08-11 20:38:50,SOLUSD_PERP,bid,150,12061.0
2024-08-11 20:38:51,SOLUSD_PERP,bid,150,9098.0
2024-08-11 20:38:51,SOLUSD_PERP,bid,150,7320.0
2024-08-11 20:38:51,SOLUSD_PERP,bid,150,10500.0
2024-08-11 20:38:52,SOLUSD_PERP,ask,150,7273.0
2024-08-11 20:38:55,SOLUSD_PERP,ask,152,33085.0
2024-08-11 20:38:55,SOLUSD_PERP,bid,150,9814.0
2024-08-11 20:38:55,SOLUSD_PERP,ask,150,6843.0
2024-08-11 20:38:58,SOLUSD_PERP,bid,150,12500.0
2024-08-11 20:39:00,SOLUSD_PERP,ask,152,32485.0
2024-08-11 20:39:00,SOLUSD_PERP,ask,150,8637.0
2024-08-11 20:39:01,SOLUSD_PERP,ask,150,6851.0
2024-08-11 20:39:02,SOLUSD_PERP,bid,150,8908.0
2024-08-11 20:39:02,SOLUSD_PERP,bid,150,11132.0
2024-08-11 20:39:02,SOLUSD_PERP,bid,150,7568.0
2024-08-11 20:39:03,SOLUSD_PERP,bid,150,10816.0
2024-08-11 20:39:03,SOLUSD_PERP,bid,150,7252.0
2024-08-11 20:39:03,SOLUSD_PERP,bid,150,10500.0
2024-08-11 20:39:04,SOLUSD_PERP,bid,150,7309.0
2024-08-11 20:39:04,SOLUSD_PERP,bid,150,15000.0
2024-08-11 20:39:04,SOLUSD_PERP,bid,150,10500.0
2024-08-11 20:39:04,SOLUSD_PERP,bid,150,10804.0
2024-08-11 20:39:06,SOLUSD_PERP,bid,150,10816.0
2024-08-11 20:39:06,SOLUSD_PERP,bid,150,7031.0
2024-08-11 20:39:06,SOLUSD_PERP,bid,150,7634.0
2024-08-11 20:39:07,SOLUSD_PERP,bid,150,6934.0
2024-08-11 20:39:08,SOLUSD_PERP,bid,150,6847.0
2024-08-11 20:39:08,SOLUSD_PERP,bid,150,6846.0
2024-08-11 20:39:09,SOLUSD_PERP,bid,149,29865.0
2024-08-11 20:39:09,SOLUSD_PERP,bid,150,6706.0
2024-08-11 20:39:10,SOLUSD_PERP,bid,150,6702.0
2024-08-11 20:39:14,SOLUSD_PERP,ask,151,35000.0
2024-08-11 20:39:14,SOLUSD_PERP,ask,150,8509.0
2024-08-11 20:39:17,SOLUSD_PERP,ask,150,6926.0
2024-08-11 20:39:17,SOLUSD_PERP,ask,150,9499.0
2024-08-11 20:39:18,SOLUSD_PERP,ask,150,6795.0
2024-08-11 20:39:19,SOLUSD_PERP,ask,150,8004.0
2024-08-11 20:39:22,SOLUSD_PERP,ask,150,10500.0
2024-08-11 20:39:22,SOLUSD_PERP,ask,150,6648.0
2024-08-11 20:39:23,SOLUSD_PERP,ask,150,6755.0
2024-08-11 20:39:23,SOLUSD_PERP,ask,150,6755.0
2024-08-11 20:39:23,SOLUSD_PERP,ask,150,6755.0
2024-08-11 20:39:23,SOLUSD_PERP,ask,150,6755.0
2024-08-11 20:39:23,SOLUSD_PERP,ask,150,6756.0
2024-08-11 20:39:24,SOLUSD_PERP,ask,150,10922.0
2024-08-11 20:39:24,SOLUSD_PERP,ask,150,6862.0
2024-08-11 20:39:25,SOLUSD_PERP,ask,150,6862.0
2024-08-11 20:39:25,SOLUSD_PERP,ask,150,6978.0
2024-08-11 20:39:25,SOLUSD_PERP,ask,150,8054.0
2024-08-11 20:39:25,SOLUSD_PERP,ask,150,7295.0
2024-08-11 20:39:25,SOLUSD_PERP,ask,150,7295.0
2024-08-11 20:39:26,SOLUSD_PERP,ask,150,7681.0
2024-08-11 20:39:26,SOLUSD_PERP,ask,150,7083.0
2024-08-11 20:39:26,SOLUSD_PERP,ask,150,11340.0
2024-08-11 20:39:26,SOLUSD_PERP,ask,150,7083.0
2024-08-11 20:39:26,SOLUSD_PERP,ask,150,7083.0
2024-08-11 20:39:26,SOLUSD_PERP,ask,150,7083.0
2024-08-11 20:39:26,SOLUSD_PERP,ask,150,7083.0
2024-08-11 20:39:27,SOLUSD_PERP,ask,150,7083.0
2024-08-11 20:39:27,SOLUSD_PERP,ask,150,7088.0
2024-08-11 20:39:27,SOLUSD_PERP,ask,150,7088.0
2024-08-11 20:39:27,SOLUSD_PERP,ask,150,7404.0
2024-08-11 20:39:27,SOLUSD_PERP,ask,150,7088.0
2024-08-11 20:39:28,SOLUSD_PERP,ask,150,7071.0
2024-08-11 20:39:28,SOLUSD_PERP,ask,151,19250.0
2024-08-11 20:39:28,SOLUSD_PERP,ask,150,7070.0
2024-08-11 20:39:28,SOLUSD_PERP,ask,150,7071.0
2024-08-11 20:39:28,SOLUSD_PERP,ask,150,7070.0
2024-08-11 20:39:28,SOLUSD_PERP,ask,150,7070.0
2024-08-11 20:39:29,SOLUSD_PERP,ask,150,7070.0
2024-08-11 20:39:29,SOLUSD_PERP,ask,150,7080.0
2024-08-11 20:39:29,SOLUSD_PERP,ask,150,7080.0
2024-08-11 20:39:29,SOLUSD_PERP,ask,150,7167.0
2024-08-11 20:39:29,SOLUSD_PERP,ask,150,7080.0
2024-08-11 20:39:29,SOLUSD_PERP,ask,151,7000.0
2024-08-11 20:39:30,SOLUSD_PERP,ask,150,7080.0
2024-08-11 20:39:30,SOLUSD_PERP,ask,150,7404.0
2024-08-11 20:39:30,SOLUSD_PERP,ask,150,7088.0
2024-08-11 20:39:30,SOLUSD_PERP,ask,150,7790.0
2024-08-11 20:39:30,SOLUSD_PERP,ask,150,7088.0
2024-08-11 20:39:30,SOLUSD_PERP,ask,150,7088.0
2024-08-11 20:39:30,SOLUSD_PERP,ask,150,7088.0
2024-08-11 20:39:30,SOLUSD_PERP,ask,150,7405.0
2024-08-11 20:39:31,SOLUSD_PERP,ask,150,7280.0
2024-08-11 20:39:32,SOLUSD_PERP,ask,150,7088.0
2024-08-11 20:39:32,SOLUSD_PERP,ask,150,7370.0
2024-08-11 20:39:32,SOLUSD_PERP,ask,150,7054.0
2024-08-11 20:39:32,SOLUSD_PERP,ask,150,7054.0
2024-08-11 20:39:32,SOLUSD_PERP,ask,150,7055.0
2024-08-11 20:39:32,SOLUSD_PERP,ask,150,7371.0
2024-08-11 20:39:33,SOLUSD_PERP,ask,150,7341.0
2024-08-11 20:39:33,SOLUSD_PERP,ask,150,11433.0
2024-08-11 20:39:33,SOLUSD_PERP,ask,150,7022.0
2024-08-11 20:39:34,SOLUSD_PERP,bid,149,7037.0
2024-08-11 20:39:34,SOLUSD_PERP,ask,151,35017.0
2024-08-11 20:39:34,SOLUSD_PERP,ask,150,6936.0
2024-08-11 20:39:34,SOLUSD_PERP,ask,150,6936.0
2024-08-11 20:39:35,SOLUSD_PERP,ask,150,7140.0
2024-08-11 20:39:35,SOLUSD_PERP,ask,150,6823.0
2024-08-11 20:39:35,SOLUSD_PERP,ask,150,6823.0
2024-08-11 20:39:36,SOLUSD_PERP,ask,150,6823.0
2024-08-11 20:39:36,SOLUSD_PERP,bid,149,7000.0
2024-08-11 20:39:36,SOLUSD_PERP,ask,150,7140.0
2024-08-11 20:39:36,SOLUSD_PERP,ask,150,6705.0
2024-08-11 20:39:36,SOLUSD_PERP,ask,150,7022.0
2024-08-11 20:39:36,SOLUSD_PERP,ask,150,10925.0
2024-08-11 20:39:36,SOLUSD_PERP,ask,150,6705.0
2024-08-11 20:39:37,SOLUSD_PERP,ask,150,6705.0
2024-08-11 20:39:37,SOLUSD_PERP,ask,150,7022.0
2024-08-11 20:39:37,SOLUSD_PERP,ask,150,6670.0
2024-08-11 20:39:37,SOLUSD_PERP,ask,150,8542.0
2024-08-11 20:39:38,SOLUSD_PERP,ask,150,6670.0
2024-08-11 20:39:38,SOLUSD_PERP,ask,150,6642.0
2024-08-11 20:39:38,SOLUSD_PERP,ask,150,7274.0
2024-08-11 20:39:38,SOLUSD_PERP,ask,150,7258.0
2024-08-11 20:39:38,SOLUSD_PERP,ask,150,6643.0
2024-08-11 20:39:39,SOLUSD_PERP,ask,150,6643.0
2024-08-11 20:39:39,SOLUSD_PERP,ask,150,6643.0
2024-08-11 20:39:39,SOLUSD_PERP,ask,150,6726.0
2024-08-11 20:39:39,SOLUSD_PERP,ask,150,7042.0
2024-08-11 20:39:39,SOLUSD_PERP,bid,150,6994.0
2024-08-11 20:39:39,SOLUSD_PERP,ask,150,6726.0
2024-08-11 20:39:39,SOLUSD_PERP,ask,150,7119.0
2024-08-11 20:39:39,SOLUSD_PERP,ask,150,7856.0
2024-08-11 20:39:40,SOLUSD_PERP,ask,150,6691.0
2024-08-11 20:39:40,SOLUSD_PERP,ask,150,6691.0
2024-08-11 20:39:40,SOLUSD_PERP,ask,150,6692.0
2024-08-11 20:39:40,SOLUSD_PERP,ask,150,6692.0
2024-08-11 20:39:40,SOLUSD_PERP,ask,150,11027.0
2024-08-11 20:39:41,SOLUSD_PERP,ask,150,7007.0
2024-08-11 20:39:41,SOLUSD_PERP,ask,150,6691.0
2024-08-11 20:39:41,SOLUSD_PERP,ask,150,6744.0
2024-08-11 20:39:41,SOLUSD_PERP,ask,150,6743.0
2024-08-11 20:39:41,SOLUSD_PERP,ask,150,6744.0
2024-08-11 20:39:41,SOLUSD_PERP,ask,150,7873.0
2024-08-11 20:39:42,SOLUSD_PERP,ask,150,8808.0
2024-08-11 20:39:42,SOLUSD_PERP,ask,150,6671.0
2024-08-11 20:39:42,SOLUSD_PERP,ask,150,6671.0
2024-08-11 20:39:43,SOLUSD_PERP,ask,150,6683.0
2024-08-11 20:39:43,SOLUSD_PERP,ask,150,6683.0
2024-08-11 20:39:44,SOLUSD_PERP,bid,149,7037.0
2024-08-11 20:39:44,SOLUSD_PERP,ask,150,6657.0
2024-08-11 20:39:45,SOLUSD_PERP,ask,150,6658.0
2024-08-11 20:39:45,SOLUSD_PERP,ask,150,7289.0
2024-08-11 20:39:45,SOLUSD_PERP,ask,150,6658.0
2024-08-11 20:39:45,SOLUSD_PERP,bid,149,7000.0
2024-08-11 20:39:45,SOLUSD_PERP,ask,150,6658.0
2024-08-11 20:39:45,SOLUSD_PERP,ask,150,6651.0
2024-08-11 20:39:45,SOLUSD_PERP,ask,150,6645.0
2024-08-11 20:39:45,SOLUSD_PERP,bid,149,7000.0
2024-08-11 20:39:45,SOLUSD_PERP,ask,150,6645.0
2024-08-11 20:39:45,SOLUSD_PERP,ask,150,6645.0
2024-08-11 20:39:45,SOLUSD_PERP,ask,150,10936.0
2024-08-11 20:39:45,SOLUSD_PERP,ask,150,6645.0
2024-08-11 20:39:46,SOLUSD_PERP,ask,150,6645.0
2024-08-11 20:39:46,SOLUSD_PERP,ask,150,6651.0
2024-08-11 20:39:46,SOLUSD_PERP,bid,150,10500.0
2024-08-11 20:39:47,SOLUSD_PERP,ask,150,6939.0
2024-08-11 20:39:48,SOLUSD_PERP,ask,150,6926.0
2024-08-11 20:39:49,SOLUSD_PERP,ask,150,6800.0
2024-08-11 20:39:50,SOLUSD_PERP,ask,150,8356.0
2024-08-11 20:39:51,SOLUSD_PERP,bid,150,19250.0
2024-08-11 20:39:51,SOLUSD_PERP,ask,151,7000.0
2024-08-11 20:39:52,SOLUSD_PERP,ask,150,6651.0
2024-08-11 20:39:52,SOLUSD_PERP,ask,150,7809.0
2024-08-11 20:39:53,SOLUSD_PERP,ask,150,6683.0
2024-08-11 20:39:55,SOLUSD_PERP,ask,150,7530.0
2024-08-11 20:39:55,SOLUSD_PERP,ask,150,6820.0
2024-08-11 20:39:55,SOLUSD_PERP,ask,150,6810.0
2024-08-11 20:39:55,SOLUSD_PERP,ask,150,6820.0
2024-08-11 20:39:55,SOLUSD_PERP,ask,150,6810.0
2024-08-11 20:39:56,SOLUSD_PERP,ask,150,6685.0
2024-08-11 20:39:56,SOLUSD_PERP,ask,150,6685.0
2024-08-11 20:39:56,SOLUSD_PERP,ask,150,6685.0
2024-08-11 20:39:56,SOLUSD_PERP,ask,150,6685.0
2024-08-11 20:39:56,SOLUSD_PERP,ask,150,6746.0
2024-08-11 20:39:56,SOLUSD_PERP,ask,150,6685.0
2024-08-11 20:39:56,SOLUSD_PERP,ask,150,6746.0
2024-08-11 20:39:57,SOLUSD_PERP,ask,150,6685.0
2024-08-11 20:39:57,SOLUSD_PERP,ask,150,6650.0
2024-08-11 20:39:57,SOLUSD_PERP,ask,150,6650.0
2024-08-11 20:39:57,SOLUSD_PERP,ask,150,6797.0
2024-08-11 20:39:57,SOLUSD_PERP,ask,150,6737.0
2024-08-11 20:39:57,SOLUSD_PERP,bid,148,31935.0
2024-08-11 20:39:58,SOLUSD_PERP,bid,150,10500.0
2024-08-11 20:39:58,SOLUSD_PERP,bid,150,6774.0
2024-08-11 20:39:59,SOLUSD_PERP,ask,150,7614.0
2024-08-11 20:39:59,SOLUSD_PERP,ask,150,6825.0
2024-08-11 20:40:00,SOLUSD_PERP,ask,150,10410.0
2024-08-11 20:40:01,SOLUSD_PERP,ask,150,6748.0
2024-08-11 20:40:01,SOLUSD_PERP,bid,145,180036.0
2024-08-11 20:40:01,SOLUSD_PERP,ask,150,6750.0
2024-08-11 20:40:01,SOLUSD_PERP,ask,150,6747.0
2024-08-11 20:40:01,SOLUSD_PERP,ask,150,6747.0
2024-08-11 20:40:02,SOLUSD_PERP,bid,150,6810.0
2024-08-11 20:40:02,SOLUSD_PERP,ask,150,6676.0
2024-08-11 20:40:02,SOLUSD_PERP,ask,150,6676.0
2024-08-11 20:40:03,SOLUSD_PERP,ask,150,10691.0
2024-08-11 20:40:03,SOLUSD_PERP,ask,150,10500.0
2024-08-11 20:40:03,SOLUSD_PERP,ask,150,7376.0
2024-08-11 20:40:03,SOLUSD_PERP,ask,150,7332.0
2024-08-11 20:40:04,SOLUSD_PERP,ask,150,7013.0
2024-08-11 20:40:06,SOLUSD_PERP,ask,150,6855.0
2024-08-11 20:40:06,SOLUSD_PERP,bid,150,7555.0
2024-08-11 20:40:07,SOLUSD_PERP,bid,150,7555.0
2024-08-11 20:40:08,SOLUSD_PERP,bid,150,7337.0
2024-08-11 20:40:09,SOLUSD_PERP,ask,150,10809.0
2024-08-11 20:40:10,SOLUSD_PERP,bid,140,14557.0
2024-08-11 20:40:10,SOLUSD_PERP,bid,150,8350.0
2024-08-11 20:40:13,SOLUSD_PERP,ask,150,8701.0
2024-08-11 20:40:17,SOLUSD_PERP,bid,137,17460.0
2024-08-11 20:40:22,SOLUSD_PERP,ask,150,6890.0
2024-08-11 20:40:23,SOLUSD_PERP,bid,150,19250.0
2024-08-11 20:40:23,SOLUSD_PERP,ask,150,7217.0
2024-08-11 20:40:23,SOLUSD_PERP,ask,150,6763.0
2024-08-11 20:40:28,SOLUSD_PERP,bid,149,35000.0
2024-08-11 20:40:29,SOLUSD_PERP,bid,130,102157.0
2024-08-11 20:40:30,SOLUSD_PERP,ask,150,10289.0
2024-08-11 20:40:30,SOLUSD_PERP,ask,150,6630.0
2024-08-11 20:40:31,SOLUSD_PERP,bid,149,35037.0
2024-08-11 20:40:31,SOLUSD_PERP,ask,150,10390.0
2024-08-11 20:40:31,SOLUSD_PERP,ask,150,6731.0
2024-08-11 20:40:32,SOLUSD_PERP,ask,150,10390.0
2024-08-11 20:40:32,SOLUSD_PERP,ask,150,6836.0
2024-08-11 20:40:32,SOLUSD_PERP,ask,150,6850.0
2024-08-11 20:40:32,SOLUSD_PERP,ask,150,10509.0
2024-08-11 20:40:33,SOLUSD_PERP,bid,149,35037.0
2024-08-11 20:40:33,SOLUSD_PERP,ask,150,10607.0
2024-08-11 20:40:33,SOLUSD_PERP,ask,150,6632.0
2024-08-11 20:40:33,SOLUSD_PERP,bid,150,7491.0
2024-08-11 20:40:33,SOLUSD_PERP,ask,150,6948.0
2024-08-11 20:40:33,SOLUSD_PERP,ask,150,6948.0
2024-08-11 20:40:34,SOLUSD_PERP,bid,149,35037.0
2024-08-11 20:40:34,SOLUSD_PERP,bid,150,19250.0
2024-08-11 20:40:35,SOLUSD_PERP,ask,150,10622.0
2024-08-11 20:40:35,SOLUSD_PERP,bid,149,35037.0
2024-08-11 20:40:35,SOLUSD_PERP,ask,150,7383.0
2024-08-11 20:40:36,SOLUSD_PERP,bid,150,10500.0
2024-08-11 20:40:37,SOLUSD_PERP,bid,149,35000.0
2024-08-11 20:40:37,SOLUSD_PERP,ask,150,7068.0
2024-08-11 20:40:38,SOLUSD_PERP,bid,150,6879.0
2024-08-11 20:40:38,SOLUSD_PERP,bid,150,6884.0
2024-08-11 20:40:38,SOLUSD_PERP,ask,150,7422.0
2024-08-11 20:40:38,SOLUSD_PERP,bid,150,6877.0
2024-08-11 20:40:39,SOLUSD_PERP,bid,125,8665.0
2024-08-11 20:40:40,SOLUSD_PERP,bid,150,8174.0
2024-08-11 20:40:43,SOLUSD_PERP,ask,150,6768.0
2024-08-11 20:40:43,SOLUSD_PERP,ask,150,6768.0
2024-08-11 20:40:44,SOLUSD_PERP,bid,120,12545.0
2024-08-11 20:40:45,SOLUSD_PERP,bid,149,34161.0
2024-08-11 20:40:46,SOLUSD_PERP,bid,149,34124.0
2024-08-11 20:40:46,SOLUSD_PERP,ask,150,13210.0
2024-08-11 20:40:49,SOLUSD_PERP,bid,150,8439.0
2024-08-11 20:40:50,SOLUSD_PERP,bid,149,34161.0
2024-08-11 20:40:52,SOLUSD_PERP,bid,149,34124.0
2024-08-11 20:40:55,SOLUSD_PERP,bid,145,180250.0
2024-08-11 20:40:56,SOLUSD_PERP,bid,150,7000.0
2024-08-11 20:40:58,SOLUSD_PERP,bid,150,19250.0
2024-08-11 20:40:59,SOLUSD_PERP,ask,150,12901.0
2024-08-11 20:41:00,SOLUSD_PERP,ask,151,7000.0
2024-08-11 20:41:02,SOLUSD_PERP,ask,150,6826.0
2024-08-11 20:41:02,SOLUSD_PERP,ask,150,10172.0
2024-08-11 20:41:02,SOLUSD_PERP,ask,150,6827.0
2024-08-11 20:41:03,SOLUSD_PERP,ask,150,6827.0
2024-08-11 20:41:03,SOLUSD_PERP,ask,150,10926.0
2024-08-11 20:41:03,SOLUSD_PERP,ask,150,6827.0
2024-08-11 20:41:03,SOLUSD_PERP,ask,150,6842.0
2024-08-11 20:41:05,SOLUSD_PERP,bid,150,10598.0
2024-08-11 20:41:05,SOLUSD_PERP,bid,150,10500.0
2024-08-11 20:41:05,SOLUSD_PERP,bid,150,10598.0
2024-08-11 20:41:06,SOLUSD_PERP,bid,150,8273.0
2024-08-11 20:41:06,SOLUSD_PERP,ask,150,10610.0
2024-08-11 20:41:06,SOLUSD_PERP,bid,150,7558.0
2024-08-11 20:41:06,SOLUSD_PERP,ask,150,6880.0
2024-08-11 20:41:07,SOLUSD_PERP,ask,150,6905.0
2024-08-11 20:41:07,SOLUSD_PERP,ask,150,6905.0
2024-08-11 20:41:08,SOLUSD_PERP,ask,150,6933.0
2024-08-11 20:41:09,SOLUSD_PERP,bid,150,8273.0
2024-08-11 20:41:09,SOLUSD_PERP,bid,150,7000.0
2024-08-11 20:41:10,SOLUSD_PERP,bid,150,7502.0
2024-08-11 20:41:10,SOLUSD_PERP,ask,150,6864.0
2024-08-11 20:41:10,SOLUSD_PERP,ask,150,7045.0
2024-08-11 20:41:11,SOLUSD_PERP,ask,150,7013.0
2024-08-11 20:41:11,SOLUSD_PERP,ask,150,7013.0
2024-08-11 20:41:12,SOLUSD_PERP,ask,150,6832.0
2024-08-11 20:41:13,SOLUSD_PERP,ask,150,6743.0
2024-08-11 20:41:14,SOLUSD_PERP,ask,150,6714.0
2024-08-11 20:41:14,SOLUSD_PERP,ask,151,35001.0
2024-08-11 20:41:15,SOLUSD_PERP,bid,149,7000.0
2024-08-11 20:41:17,SOLUSD_PERP,ask,150,9014.0
2024-08-11 20:41:17,SOLUSD_PERP,ask,151,20250.0
2024-08-11 20:41:18,SOLUSD_PERP,ask,151,29903.0
2024-08-11 20:41:18,SOLUSD_PERP,ask,150,7313.0
2024-08-11 20:41:19,SOLUSD_PERP,ask,150,8899.0
2024-08-11 20:41:19,SOLUSD_PERP,ask,150,9038.0
2024-08-11 20:41:19,SOLUSD_PERP,bid,150,6684.0
2024-08-11 20:41:19,SOLUSD_PERP,ask,150,6854.0
2024-08-11 20:41:20,SOLUSD_PERP,ask,150,6854.0
2024-08-11 20:41:20,SOLUSD_PERP,ask,150,6930.0
2024-08-11 20:41:20,SOLUSD_PERP,bid,150,10914.0
2024-08-11 20:41:20,SOLUSD_PERP,bid,150,7069.0
2024-08-11 20:41:21,SOLUSD_PERP,ask,151,7123.0
2024-08-11 20:41:21,SOLUSD_PERP,ask,151,19250.0
2024-08-11 20:41:22,SOLUSD_PERP,ask,150,8982.0
2024-08-11 20:41:22,SOLUSD_PERP,bid,150,10598.0
2024-08-11 20:41:22,SOLUSD_PERP,bid,150,10914.0
2024-08-11 20:41:23,SOLUSD_PERP,ask,151,8454.0
2024-08-11 20:41:25,SOLUSD_PERP,ask,150,6671.0
2024-08-11 20:41:25,SOLUSD_PERP,ask,150,7252.0
2024-08-11 20:41:25,SOLUSD_PERP,ask,150,6708.0
2024-08-11 20:41:26,SOLUSD_PERP,bid,150,10598.0
2024-08-11 20:41:26,SOLUSD_PERP,bid,149,31688.0
2024-08-11 20:41:26,SOLUSD_PERP,bid,150,10500.0
2024-08-11 20:41:26,SOLUSD_PERP,bid,150,17402.0
2024-08-11 20:41:26,SOLUSD_PERP,ask,150,9048.0
2024-08-11 20:41:27,SOLUSD_PERP,bid,150,10809.0
2024-08-11 20:41:27,SOLUSD_PERP,ask,151,8405.0
2024-08-11 20:41:27,SOLUSD_PERP,bid,150,6795.0
2024-08-11 20:41:28,SOLUSD_PERP,ask,150,7082.0
2024-08-11 20:41:28,SOLUSD_PERP,ask,153,7573.0
2024-08-11 20:41:29,SOLUSD_PERP,bid,149,12641.0
2024-08-11 20:41:29,SOLUSD_PERP,bid,150,15010.0
2024-08-11 20:41:29,SOLUSD_PERP,bid,149,19250.0
2024-08-11 20:41:29,SOLUSD_PERP,bid,149,37943.0
2024-08-11 20:41:29,SOLUSD_PERP,bid,149,35000.0
2024-08-11 20:41:29,SOLUSD_PERP,bid,149,7082.0
2024-08-11 20:41:30,SOLUSD_PERP,bid,150,7086.0
2024-08-11 20:41:30,SOLUSD_PERP,bid,150,8582.0
2024-08-11 20:41:31,SOLUSD_PERP,bid,150,7009.0
2024-08-11 20:41:31,SOLUSD_PERP,ask,150,8422.0
2024-08-11 20:41:32,SOLUSD_PERP,bid,150,14363.0
2024-08-11 20:41:32,SOLUSD_PERP,bid,150,6795.0
2024-08-11 20:41:32,SOLUSD_PERP,bid,150,8669.0
2024-08-11 20:41:33,SOLUSD_PERP,ask,150,7082.0
2024-08-11 20:41:34,SOLUSD_PERP,bid,150,6810.0
2024-08-11 20:41:34,SOLUSD_PERP,bid,150,6814.0
2024-08-11 20:41:35,SOLUSD_PERP,ask,150,7650.0
2024-08-11 20:41:38,SOLUSD_PERP,bid,150,7541.0
