2024-08-15 20:54:03,BTCUSD_PERP,bid,58800,522.12
2024-08-15 20:55:24,BTCUSD_PERP,bid,58800,522.34
2024-08-15 20:55:29,BTCUSD_PERP,bid,58800,522.38
2024-08-15 20:55:52,BTCUSD_PERP,bid,58900,521.82
2024-08-15 20:55:52,BTCUSD_PERP,bid,58900,637.84
2024-08-15 20:57:41,BTCUSD_PERP,bid,58900,579.53
2024-08-15 20:58:18,BTCUSD_PERP,bid,58900,521.81
2024-08-15 20:58:19,BTCUSD_PERP,bid,58900,579.53
2024-08-15 20:58:31,BTCUSD_PERP,bid,58900,523.5
2024-08-15 20:58:37,BTCUSD_PERP,bid,58900,521.22
2024-08-15 20:58:38,BTCUSD_PERP,bid,58900,523.28
2024-08-15 20:58:38,BTCUSD_PERP,bid,58900,581.63
2024-08-15 20:58:39,BTCUSD_PERP,bid,58900,591.44
2024-08-15 20:58:39,BTCUSD_PERP,bid,58900,649.79
2024-08-15 20:58:39,BTCUSD_PERP,bid,58900,766.49
2024-08-15 20:58:39,BTCUSD_PERP,bid,58900,882.59
2024-08-15 20:58:39,BTCUSD_PERP,bid,58800,509.54
2024-08-15 20:58:39,BTCUSD_PERP,bid,58900,940.94
2024-08-15 20:58:39,BTCUSD_PERP,bid,58900,998.69
2024-08-15 20:58:39,BTCUSD_PERP,bid,58900,1056.45
2024-08-15 20:58:39,BTCUSD_PERP,bid,58800,567.25
2024-08-15 20:58:39,BTCUSD_PERP,bid,58900,1171.95
2024-08-15 20:59:01,BTCUSD_PERP,bid,58900,880.8
2024-08-15 20:59:01,BTCUSD_PERP,bid,58900,1046.08
2024-08-15 20:59:01,BTCUSD_PERP,bid,58800,566.96
2024-08-15 20:59:01,BTCUSD_PERP,bid,58900,1104.4
2024-08-15 20:59:03,BTCUSD_PERP,bid,58900,1162.13
2024-08-15 20:59:05,BTCUSD_PERP,bid,58800,625.22
2024-08-15 20:59:05,BTCUSD_PERP,bid,58900,1046.09
2024-08-15 20:59:05,BTCUSD_PERP,bid,58800,566.96
2024-08-15 20:59:05,BTCUSD_PERP,bid,58900,930.04
2024-08-15 20:59:06,BTCUSD_PERP,bid,58900,756.36
2024-08-15 20:59:06,BTCUSD_PERP,bid,58900,698.04
2024-08-15 20:59:07,BTCUSD_PERP,bid,58900,639.72
2024-08-15 20:59:07,BTCUSD_PERP,bid,58900,581.4
2024-08-15 20:59:07,BTCUSD_PERP,bid,58900,581.63
2024-08-15 20:59:09,BTCUSD_PERP,bid,58900,523.38
2024-08-15 20:59:27,BTCUSD_PERP,bid,58900,522.68
2024-08-15 20:59:28,BTCUSD_PERP,bid,58900,580.43
2024-08-15 20:59:28,BTCUSD_PERP,bid,58900,697.11
2024-08-15 20:59:28,BTCUSD_PERP,bid,58900,755.45
2024-08-15 20:59:55,BTCUSD_PERP,bid,58900,697.7
2024-08-15 20:59:55,BTCUSD_PERP,bid,58900,639.36
2024-08-15 20:59:56,BTCUSD_PERP,bid,58900,581.02
2024-08-15 20:59:56,BTCUSD_PERP,bid,58900,522.68
2024-08-15 20:59:57,BTCUSD_PERP,bid,58900,525.65
2024-08-15 20:59:57,BTCUSD_PERP,bid,58900,583.43
2024-08-15 20:59:57,BTCUSD_PERP,bid,58900,597.55
2024-08-15 21:00:09,BTCUSD_PERP,bid,58900,539.18
2024-08-15 21:01:07,BTCUSD_PERP,bid,58900,521.82
