2024-08-16 07:00:23,BTCUSDT,bid,47000,977.112
2024-08-16 07:03:46,BTCUSDT,bid,47000,977.093
2024-08-16 07:09:34,BTCUSDT,bid,47000,977.529
2024-08-16 07:09:55,BTCUSDT,bid,47000,977.093
2024-08-16 07:11:34,BTCUSDT,bid,47000,979.263
2024-08-16 07:12:29,BTCUSDT,bid,47000,977.093
2024-08-16 07:13:37,BTCUSDT,bid,47300,804.54
2024-08-16 07:25:25,BTCUSDT,bid,47000,977.043
2024-08-16 07:27:44,BTCUSDT,bid,47000,977.074
2024-08-16 07:33:38,BTCUSDT,bid,47300,804.646
2024-08-16 07:35:35,BTCUSDT,bid,47000,977.071
2024-08-16 07:47:39,BTCUSDT,bid,47000,976.814
2024-08-16 07:00:36,BTCUSD_PERP,bid,57000,674.37
2024-08-16 07:00:36,BTCUSD_PERP,bid,57000,843.12
2024-08-16 07:00:36,BTCUSD_PERP,bid,57000,899.56
2024-08-16 07:01:08,BTCUSD_PERP,bid,57000,843.12
2024-08-16 07:01:08,BTCUSD_PERP,bid,57000,730.81
2024-08-16 07:01:08,BTCUSD_PERP,bid,57000,618.5
2024-08-16 07:01:42,BTCUSD_PERP,bid,57000,731.35
2024-08-16 07:01:42,BTCUSD_PERP,bid,57000,898.96
2024-08-16 07:01:42,BTCUSD_PERP,bid,57000,955.4
2024-08-16 07:03:23,BTCUSD_PERP,bid,57000,898.96
2024-08-16 07:03:23,BTCUSD_PERP,bid,57000,673.29
2024-08-16 07:03:23,BTCUSD_PERP,bid,57000,561.55
2024-08-16 07:03:50,BTCUSD_PERP,bid,57000,562.78
2024-08-16 07:03:50,BTCUSD_PERP,bid,57000,618.71
2024-08-16 07:04:07,BTCUSD_PERP,bid,57000,561.95
2024-08-16 07:04:08,BTCUSD_PERP,bid,57000,618.43
2024-08-16 07:11:49,BTCUSD_PERP,bid,57000,562.53
2024-08-16 07:11:49,BTCUSD_PERP,bid,57000,619.02
2024-08-16 07:11:49,BTCUSD_PERP,bid,57000,675.51
2024-08-16 07:11:52,BTCUSD_PERP,bid,57000,689.18
2024-08-16 07:11:53,BTCUSD_PERP,bid,57000,690.37
2024-08-16 07:12:14,BTCUSD_PERP,bid,57000,633.88
2024-08-16 07:12:14,BTCUSD_PERP,bid,57000,577.39
2024-08-16 07:12:16,BTCUSD_PERP,bid,57000,562.83
2024-08-16 07:16:47,BTCUSD_PERP,bid,56800,897.61
2024-08-16 07:16:47,BTCUSD_PERP,bid,56800,953.93
2024-08-16 07:16:59,BTCUSD_PERP,bid,56800,784.97
2024-08-16 07:16:59,BTCUSD_PERP,bid,56800,729.22
2024-08-16 07:17:00,BTCUSD_PERP,bid,56800,617.15
2024-08-16 07:17:00,BTCUSD_PERP,bid,56800,561.4
2024-08-16 07:18:04,BTCUSD_PERP,bid,56900,562.39
2024-08-16 07:18:15,BTCUSD_PERP,bid,57000,561.65
2024-08-16 07:18:16,BTCUSD_PERP,bid,57000,618.1
2024-08-16 07:18:16,BTCUSD_PERP,bid,57000,674.55
2024-08-16 07:19:33,BTCUSD_PERP,bid,57100,562.5
2024-08-16 07:19:33,BTCUSD_PERP,bid,57100,619.03
2024-08-16 07:19:45,BTCUSD_PERP,bid,57000,562.25
2024-08-16 07:19:45,BTCUSD_PERP,bid,57000,618.76
2024-08-16 07:20:03,BTCUSD_PERP,bid,57000,562.82
2024-08-16 07:20:47,BTCUSD_PERP,bid,57100,563.76
2024-08-16 07:23:15,BTCUSD_PERP,bid,57100,563.52
2024-08-16 07:23:15,BTCUSD_PERP,bid,57100,620.1
2024-08-16 07:23:15,BTCUSD_PERP,bid,57100,676.1
2024-08-16 07:23:37,BTCUSD_PERP,bid,57100,620.09
2024-08-16 07:23:37,BTCUSD_PERP,bid,57100,563.51
2024-08-16 07:24:44,BTCUSD_PERP,ask,58100,523.73
2024-08-16 07:24:59,BTCUSD_PERP,ask,58100,517.98
2024-08-16 07:27:26,BTCUSD_PERP,bid,57000,617.59
2024-08-16 07:27:26,BTCUSD_PERP,bid,57000,674.05
2024-08-16 07:28:38,BTCUSD_PERP,bid,56900,561.92
2024-08-16 07:28:57,BTCUSD_PERP,bid,56900,617.45
2024-08-16 07:28:57,BTCUSD_PERP,bid,56900,673.84
2024-08-16 07:29:04,BTCUSD_PERP,bid,56900,561.32
2024-08-16 07:29:04,BTCUSD_PERP,bid,56900,617.68
2024-08-16 07:30:02,BTCUSD_PERP,bid,56900,561.02
2024-08-16 07:31:27,BTCUSD_PERP,bid,56900,608.38
2024-08-16 07:31:35,BTCUSD_PERP,bid,56900,552.62
2024-08-16 07:31:35,BTCUSD_PERP,bid,56800,560.72
2024-08-16 07:32:26,BTCUSD_PERP,bid,56900,561.02
2024-08-16 07:32:50,BTCUSD_PERP,bid,56900,563.42
2024-08-16 07:33:45,BTCUSD_PERP,bid,56900,561.42
2024-08-16 07:34:29,BTCUSD_PERP,bid,57000,572.53
2024-08-16 07:34:30,BTCUSD_PERP,bid,57000,628.38
2024-08-16 07:35:06,BTCUSD_PERP,bid,57000,572.53
2024-08-16 07:35:06,BTCUSD_PERP,bid,56900,618.56
2024-08-16 07:35:42,BTCUSD_PERP,bid,56900,562.74
2024-08-16 07:35:44,BTCUSD_PERP,bid,57000,561.42
2024-08-16 07:35:44,BTCUSD_PERP,bid,57000,673.73
2024-08-16 07:36:31,BTCUSD_PERP,bid,56900,561.11
2024-08-16 07:37:02,BTCUSD_PERP,bid,56900,898.53
2024-08-16 07:37:02,BTCUSD_PERP,bid,56900,954.91
2024-08-16 07:37:02,BTCUSD_PERP,bid,56800,548.09
2024-08-16 07:42:46,BTCUSD_PERP,bid,56900,898.53
2024-08-16 07:42:46,BTCUSD_PERP,bid,56900,842.15
2024-08-16 07:42:46,BTCUSD_PERP,bid,56900,785.87
2024-08-16 07:42:46,BTCUSD_PERP,bid,56900,729.49
2024-08-16 07:42:46,BTCUSD_PERP,bid,56900,673.69
2024-08-16 07:42:46,BTCUSD_PERP,bid,56900,617.31
2024-08-16 07:42:47,BTCUSD_PERP,bid,56900,561.69
2024-08-16 07:42:47,BTCUSD_PERP,bid,56900,898.08
2024-08-16 07:42:47,BTCUSD_PERP,bid,56800,547.77
2024-08-16 07:42:47,BTCUSD_PERP,bid,56900,954.43
2024-08-16 07:46:49,BTCUSD_PERP,bid,56900,842.3
2024-08-16 07:46:49,BTCUSD_PERP,bid,56900,785.95
2024-08-16 07:46:49,BTCUSD_PERP,bid,56900,673.25
2024-08-16 07:46:49,BTCUSD_PERP,bid,56900,617.47
2024-08-16 07:46:49,BTCUSD_PERP,bid,56900,561.69
2024-08-16 07:47:00,BTCUSD_PERP,bid,56900,561.92
2024-08-16 07:47:01,BTCUSD_PERP,bid,56900,618.34
2024-08-16 07:47:13,BTCUSD_PERP,bid,56900,561.92
