2024-08-25 07:00:04,BTCUSDT,bid,63300,575.19
2024-08-25 07:03:36,BTCUSDT,bid,63300,575.24
2024-08-25 07:03:59,BTCUSDT,bid,63300,575.245
2024-08-25 07:04:08,BTCUSDT,bid,63300,575.295
2024-08-25 07:05:19,BTCUSDT,bid,63300,574.506
2024-08-25 07:05:19,BTCUSDT,bid,63300,574.108
2024-08-25 07:05:19,BTCUSDT,bid,63300,574.069
2024-08-25 07:05:19,BTCUSDT,bid,63300,574.03
2024-08-25 07:05:28,BTCUSDT,bid,63300,574.005
2024-08-25 07:05:41,BTCUSDT,bid,63300,574.003
2024-08-25 07:05:46,BTCUSDT,bid,63300,573.989
2024-08-25 07:06:51,BTCUSDT,bid,63300,572.914
2024-08-25 07:07:07,BTCUSDT,bid,63300,574.493
2024-08-25 07:07:07,BTCUSDT,bid,63300,572.914
2024-08-25 07:08:03,BTCUSDT,bid,63300,572.923
2024-08-25 07:08:06,BTCUSDT,bid,63300,572.951
2024-08-25 07:10:19,BTCUSDT,bid,63300,573.001
2024-08-25 07:10:25,BTCUSDT,bid,63300,572.889
2024-08-25 07:10:30,BTCUSDT,bid,47000,875.898
2024-08-25 07:11:29,BTCUSDT,bid,63300,572.886
2024-08-25 07:12:13,BTCUSDT,bid,63300,572.686
2024-08-25 07:13:53,BTCUSDT,bid,63300,572.682
2024-08-25 07:14:34,BTCUSDT,bid,63300,572.918
2024-08-25 07:14:38,BTCUSDT,bid,63300,573.549
2024-08-25 07:15:31,BTCUSDT,bid,63300,572.549
2024-08-25 07:15:41,BTCUSDT,bid,63300,570.567
2024-08-25 07:15:48,BTCUSDT,bid,47000,875.9
2024-08-25 07:16:45,BTCUSDT,bid,63300,569.936
2024-08-25 07:17:12,BTCUSDT,bid,63300,569.958
2024-08-25 07:17:41,BTCUSDT,bid,63300,569.956
2024-08-25 07:18:14,BTCUSDT,bid,63300,569.892
2024-08-25 07:18:16,BTCUSDT,bid,63300,569.87
2024-08-25 07:18:33,BTCUSDT,bid,63300,569.868
2024-08-25 07:19:15,BTCUSDT,bid,63300,569.87
2024-08-25 07:19:15,BTCUSDT,bid,63300,569.874
2024-08-25 07:20:50,BTCUSDT,bid,63300,569.86
2024-08-25 07:21:03,BTCUSDT,bid,63300,569.824
2024-08-25 07:21:58,BTCUSDT,bid,63300,569.798
2024-08-25 07:23:53,BTCUSDT,bid,63300,569.791
2024-08-25 07:28:23,BTCUSDT,bid,63300,570.422
2024-08-25 07:31:44,BTCUSDT,bid,63300,570.138
2024-08-25 07:00:11,BTCUSD_PERP,ask,64800,493.04
2024-08-25 07:00:12,BTCUSD_PERP,ask,64800,471.66
2024-08-25 07:05:19,BTCUSD_PERP,bid,63700,566.16
2024-08-25 07:06:00,BTCUSD_PERP,bid,63800,503.27
2024-08-25 07:06:00,BTCUSD_PERP,bid,63800,566.5
2024-08-25 07:06:43,BTCUSD_PERP,bid,63900,504.21
2024-08-25 07:07:43,BTCUSD_PERP,bid,63800,503.28
2024-08-25 07:08:52,BTCUSD_PERP,bid,63800,503.44
2024-08-25 07:08:53,BTCUSD_PERP,bid,63800,504.77
2024-08-25 07:09:09,BTCUSD_PERP,bid,63800,503.18
2024-08-25 07:09:09,BTCUSD_PERP,bid,63800,566.39
2024-08-25 07:09:10,BTCUSD_PERP,bid,63800,628.96
2024-08-25 07:09:10,BTCUSD_PERP,bid,63800,692.17
2024-08-25 07:09:10,BTCUSD_PERP,bid,63800,755.38
2024-08-25 07:09:31,BTCUSD_PERP,bid,63800,692.17
2024-08-25 07:09:32,BTCUSD_PERP,bid,63800,628.96
2024-08-25 07:09:32,BTCUSD_PERP,bid,63800,628.51
2024-08-25 07:09:38,BTCUSD_PERP,bid,63700,755.1
2024-08-25 07:10:29,BTCUSD_PERP,bid,63700,630.11
2024-08-25 07:10:29,BTCUSD_PERP,bid,63700,503.83
2024-08-25 07:10:31,BTCUSD_PERP,bid,63800,504.06
2024-08-25 07:11:23,BTCUSD_PERP,bid,63700,816.85
2024-08-25 07:11:49,BTCUSD_PERP,bid,63700,691.23
2024-08-25 07:11:49,BTCUSD_PERP,bid,63700,690.9
2024-08-25 07:12:42,BTCUSD_PERP,bid,63700,565.07
2024-08-25 07:12:43,BTCUSD_PERP,bid,63700,628.14
2024-08-25 07:13:03,BTCUSD_PERP,bid,63700,565.07
2024-08-25 07:13:04,BTCUSD_PERP,bid,63700,565.99
2024-08-25 07:13:04,BTCUSD_PERP,bid,63700,628.46
2024-08-25 07:16:15,BTCUSD_PERP,bid,63700,502.9
2024-08-25 07:16:31,BTCUSD_PERP,ask,65000,578.27
2024-08-25 07:16:31,BTCUSD_PERP,bid,63800,514.95
2024-08-25 07:16:31,BTCUSD_PERP,bid,63800,577.51
2024-08-25 07:16:43,BTCUSD_PERP,bid,63800,567.88
2024-08-25 07:16:43,BTCUSD_PERP,bid,63800,693.72
2024-08-25 07:17:50,BTCUSD_PERP,bid,63800,755.84
2024-08-25 07:17:51,BTCUSD_PERP,bid,63800,819.04
2024-08-25 07:18:26,BTCUSD_PERP,ask,65100,472.79
2024-08-25 07:18:26,BTCUSD_PERP,ask,65100,483.2
2024-08-25 07:18:29,BTCUSD_PERP,bid,63800,630.72
2024-08-25 07:18:29,BTCUSD_PERP,bid,63800,756.32
2024-08-25 07:18:29,BTCUSD_PERP,bid,63800,819.56
2024-08-25 07:18:36,BTCUSD_PERP,bid,63800,504.0
2024-08-25 07:18:37,BTCUSD_PERP,bid,63900,507.81
2024-08-25 07:18:37,BTCUSD_PERP,bid,63900,585.76
2024-08-25 07:18:37,BTCUSD_PERP,bid,63700,498.18
2024-08-25 07:18:37,BTCUSD_PERP,bid,63900,649.03
2024-08-25 07:18:37,BTCUSD_PERP,bid,63800,511.6
2024-08-25 07:18:37,BTCUSD_PERP,bid,63900,774.29
2024-08-25 07:18:37,BTCUSD_PERP,bid,63900,837.56
2024-08-25 07:19:05,BTCUSD_PERP,bid,63900,774.29
2024-08-25 07:19:05,BTCUSD_PERP,bid,63900,585.12
2024-08-25 07:19:05,BTCUSD_PERP,bid,63900,521.85
2024-08-25 07:19:06,BTCUSD_PERP,bid,63800,568.52
2024-08-25 07:19:06,BTCUSD_PERP,bid,63800,631.12
2024-08-25 07:19:07,BTCUSD_PERP,bid,63800,489.04
2024-08-25 07:19:07,BTCUSD_PERP,bid,63800,756.32
2024-08-25 07:19:07,BTCUSD_PERP,bid,63800,819.56
2024-08-25 07:21:44,BTCUSD_PERP,bid,63800,693.08
2024-08-25 07:21:44,BTCUSD_PERP,bid,63800,630.48
2024-08-25 07:21:44,BTCUSD_PERP,bid,63800,567.24
2024-08-25 07:21:45,BTCUSD_PERP,bid,63800,504.0
2024-08-25 07:23:31,BTCUSD_PERP,ask,65100,462.03
2024-08-25 07:23:32,BTCUSD_PERP,ask,65100,478.93
2024-08-25 07:23:33,BTCUSD_PERP,ask,65100,485.43
2024-08-25 07:24:29,BTCUSD_PERP,ask,65100,475.02
2024-08-25 07:24:32,BTCUSD_PERP,ask,65100,464.62
2024-08-25 07:26:33,BTCUSD_PERP,ask,65000,461.38
2024-08-25 07:26:34,BTCUSD_PERP,ask,65000,471.78
2024-08-25 07:26:34,BTCUSD_PERP,ask,65000,478.27
2024-08-25 07:26:34,BTCUSD_PERP,ask,65000,484.77
2024-08-25 07:27:31,BTCUSD_PERP,ask,65000,474.37
2024-08-25 07:27:34,BTCUSD_PERP,ask,65000,463.97
2024-08-25 07:28:54,BTCUSD_PERP,bid,63800,503.83
2024-08-25 07:28:54,BTCUSD_PERP,bid,63800,693.38
2024-08-25 07:28:54,BTCUSD_PERP,bid,63800,756.6
2024-08-25 07:28:54,BTCUSD_PERP,bid,63800,819.82
2024-08-25 07:28:54,BTCUSD_PERP,bid,63800,945.61
2024-08-25 07:28:54,BTCUSD_PERP,bid,63800,1071.41
2024-08-25 07:28:54,BTCUSD_PERP,bid,63800,1133.99
2024-08-25 07:28:54,BTCUSD_PERP,bid,63700,551.4
2024-08-25 07:31:13,BTCUSD_PERP,bid,63700,551.4
2024-08-25 07:37:03,BTCUSD_PERP,bid,63700,488.25
2024-08-25 07:37:03,BTCUSD_PERP,bid,63800,1007.55
2024-08-25 07:37:03,BTCUSD_PERP,bid,63800,629.14
2024-08-25 07:37:04,BTCUSD_PERP,bid,63700,488.06
2024-08-25 07:37:04,BTCUSD_PERP,bid,63800,1133.3
2024-08-25 07:37:04,BTCUSD_PERP,bid,63700,551.14
2024-08-25 07:37:04,BTCUSD_PERP,bid,63800,1195.84
2024-08-25 07:38:05,BTCUSD_PERP,bid,63800,881.22
2024-08-25 07:38:05,BTCUSD_PERP,bid,63700,1069.58
2024-08-25 07:38:06,BTCUSD_PERP,bid,63700,503.53
2024-08-25 07:38:06,BTCUSD_PERP,bid,63700,1132.73
2024-08-25 07:43:48,BTCUSD_PERP,bid,63700,1069.58
2024-08-25 07:43:48,BTCUSD_PERP,bid,63700,1006.43
2024-08-25 07:43:48,BTCUSD_PERP,bid,63700,943.28
2024-08-25 07:43:48,BTCUSD_PERP,bid,63700,817.62
2024-08-25 07:43:48,BTCUSD_PERP,bid,63700,754.47
2024-08-25 07:43:48,BTCUSD_PERP,bid,63700,628.92
2024-08-25 07:43:48,BTCUSD_PERP,bid,63700,1005.31
2024-08-25 07:43:48,BTCUSD_PERP,bid,63700,1131.55
2024-08-25 07:43:48,BTCUSD_PERP,bid,63600,503.24
2024-08-25 07:43:48,BTCUSD_PERP,bid,63700,1194.67
2024-08-25 07:44:58,BTCUSD_PERP,bid,63700,1005.96
2024-08-25 07:44:58,BTCUSD_PERP,bid,63700,942.24
2024-08-25 07:44:58,BTCUSD_PERP,bid,63700,1005.32
2024-08-25 07:45:44,BTCUSD_PERP,bid,63700,565.68
2024-08-25 07:45:44,BTCUSD_PERP,bid,63600,487.52
2024-08-25 07:45:44,BTCUSD_PERP,bid,63700,1130.75
2024-08-25 07:45:44,BTCUSD_PERP,bid,63700,1193.86
2024-08-25 07:45:44,BTCUSD_PERP,bid,63600,550.53
2024-08-25 07:48:17,BTCUSD_PERP,bid,63700,1068.28
2024-08-25 07:48:17,BTCUSD_PERP,bid,63700,565.32
2024-08-25 07:48:17,BTCUSD_PERP,bid,63600,487.25
2024-08-25 07:48:17,BTCUSD_PERP,bid,63700,1067.77
2024-08-25 07:48:17,BTCUSD_PERP,bid,63600,550.23
2024-08-25 07:48:17,BTCUSD_PERP,bid,63700,1130.85
2024-08-25 07:48:17,BTCUSD_PERP,bid,63700,1130.9
2024-08-25 07:48:18,BTCUSD_PERP,bid,63700,1193.33
2024-08-25 07:48:40,BTCUSD_PERP,bid,63600,487.69
2024-08-25 07:48:40,BTCUSD_PERP,bid,63700,1130.89
2024-08-25 07:48:40,BTCUSD_PERP,bid,63700,691.25
2024-08-25 07:48:40,BTCUSD_PERP,bid,63600,486.98
2024-08-25 07:48:40,BTCUSD_PERP,bid,63600,1067.24
2024-08-25 07:48:40,BTCUSD_PERP,bid,63600,1130.29
2024-08-25 07:48:40,BTCUSD_PERP,bid,63600,549.92
2024-08-25 07:48:42,BTCUSD_PERP,bid,63600,1192.69
2024-08-25 07:49:10,BTCUSD_PERP,bid,63600,1130.28
2024-08-25 07:55:26,BTCUSD_PERP,bid,63600,752.44
