2024-08-15 21:34:54,SOLUSDT,ask,175,29356.0
2024-08-15 22:13:21,SOLUSDT,bid,140,68336.0
2024-08-15 22:15:21,SOLUSDT,bid,139,68385.0
2024-08-15 22:18:29,SOLUSDT,bid,140,68140.0
2024-08-15 22:24:38,SOLUSDT,bid,45,111678.0
2024-08-15 22:48:39,SOLUSDT,ask,176,28963.0
2024-08-15 23:23:25,SOLUSDT,ask,175,29367.0
2024-08-15 23:47:54,SOLUSDT,ask,175,29365.0
2024-08-15 23:58:45,SOLUSDT,ask,195,31769.0
2024-08-16 00:09:11,SOLUSDT,ask,178,35172.0
2024-08-16 00:09:28,SOLUSDT,ask,175,29384.0
2024-08-16 00:49:45,SOLUSDT,ask,178,35173.0
2024-08-16 00:58:16,SOLUSDT,ask,178,35170.0
2024-08-16 01:03:08,SOLUSDT,ask,175,29375.0
2024-08-16 01:12:06,SOLUSDT,bid,56,89296.0
2024-08-16 01:23:59,SOLUSDT,bid,74,69692.0
2024-08-16 01:24:46,SOLUSDT,bid,74,69666.0
2024-08-16 01:25:21,SOLUSDT,bid,74,69691.0
2024-08-16 01:26:07,SOLUSDT,bid,135,86165.0
2024-08-16 01:49:45,SOLUSDT,bid,134,86670.0
2024-08-16 01:55:17,SOLUSDT,bid,134,86710.0
2024-08-16 01:55:35,SOLUSDT,bid,134,86693.0
2024-08-16 02:03:07,SOLUSDT,bid,134,71175.0
2024-08-16 02:03:21,SOLUSDT,bid,134,86911.0
2024-08-16 02:04:29,SOLUSDT,bid,137,37086.0
2024-08-16 02:04:30,SOLUSDT,bid,137,37050.0
2024-08-16 02:04:38,SOLUSDT,bid,137,37074.0
2024-08-16 02:04:40,SOLUSDT,bid,137,37029.0
2024-08-16 02:04:43,SOLUSDT,bid,137,37050.0
2024-08-16 02:04:46,SOLUSDT,bid,137,37052.0
2024-08-16 02:06:40,SOLUSDT,bid,137,37437.0
2024-08-16 02:06:49,SOLUSDT,bid,137,37451.0
2024-08-16 02:07:09,SOLUSDT,bid,137,36676.0
2024-08-16 02:07:23,SOLUSDT,bid,137,36655.0
2024-08-16 02:07:26,SOLUSDT,bid,135,86860.0
2024-08-16 02:07:39,SOLUSDT,bid,135,86789.0
2024-08-16 02:07:53,SOLUSDT,bid,137,36653.0
2024-08-16 02:07:58,SOLUSDT,bid,137,36632.0
2024-08-16 02:08:10,SOLUSDT,bid,137,36661.0
2024-08-16 02:08:17,SOLUSDT,bid,137,36637.0
2024-08-16 02:08:19,SOLUSDT,bid,137,36724.0
2024-08-16 02:08:23,SOLUSDT,bid,137,36729.0
2024-08-16 02:08:23,SOLUSDT,bid,137,36746.0
2024-08-16 02:08:28,SOLUSDT,bid,137,36743.0
2024-08-16 02:08:41,SOLUSDT,bid,137,36769.0
2024-08-16 02:09:08,SOLUSDT,bid,137,36759.0
2024-08-16 02:09:09,SOLUSDT,bid,137,36716.0
2024-08-16 02:09:13,SOLUSDT,bid,137,36721.0
2024-08-16 02:09:20,SOLUSDT,bid,137,36722.0
2024-08-16 02:09:33,SOLUSDT,bid,137,36694.0
2024-08-16 02:09:41,SOLUSDT,bid,137,36702.0
2024-08-16 02:09:42,SOLUSDT,bid,137,36712.0
2024-08-16 02:09:56,SOLUSDT,bid,137,36717.0
2024-08-16 02:10:05,SOLUSDT,bid,137,36693.0
2024-08-16 02:10:11,SOLUSDT,bid,137,36692.0
2024-08-16 02:10:20,SOLUSDT,bid,137,36684.0
2024-08-16 02:10:28,SOLUSDT,bid,136,86871.0
2024-08-16 02:10:34,SOLUSDT,bid,137,36688.0
2024-08-16 02:10:38,SOLUSDT,bid,137,36684.0
2024-08-16 02:10:58,SOLUSDT,bid,137,36682.0
2024-08-16 02:11:05,SOLUSDT,bid,137,36686.0
2024-08-16 02:13:27,SOLUSDT,bid,134,86475.0
2024-08-16 02:21:05,SOLUSDT,bid,138,98734.0
2024-08-16 02:21:06,SOLUSDT,bid,138,98734.0
2024-08-16 02:21:06,SOLUSDT,bid,138,98738.0
2024-08-16 02:21:07,SOLUSDT,bid,138,98768.0
2024-08-16 02:21:09,SOLUSDT,bid,138,98790.0
2024-08-16 02:21:09,SOLUSDT,bid,138,98788.0
2024-08-16 02:21:11,SOLUSDT,bid,138,98936.0
2024-08-16 02:21:12,SOLUSDT,bid,138,98793.0
2024-08-16 02:21:12,SOLUSDT,bid,138,98788.0
2024-08-16 02:21:13,SOLUSDT,bid,138,98754.0
2024-08-16 02:21:30,SOLUSDT,bid,139,61217.0
2024-08-16 02:21:31,SOLUSDT,bid,139,61217.0
2024-08-16 02:21:31,SOLUSDT,bid,139,61217.0
2024-08-16 02:21:31,SOLUSDT,bid,139,61207.0
2024-08-16 02:21:31,SOLUSDT,bid,139,61214.0
2024-08-16 02:21:31,SOLUSDT,bid,139,61207.0
2024-08-16 02:21:32,SOLUSDT,bid,139,61207.0
2024-08-16 02:21:33,SOLUSDT,bid,139,61208.0
2024-08-16 02:21:33,SOLUSDT,bid,139,61208.0
2024-08-16 02:21:34,SOLUSDT,bid,139,61211.0
2024-08-16 02:21:34,SOLUSDT,bid,139,61207.0
2024-08-16 02:21:34,SOLUSDT,bid,139,61207.0
2024-08-16 02:21:35,SOLUSDT,bid,139,61207.0
2024-08-16 02:21:36,SOLUSDT,bid,139,61207.0
2024-08-16 02:21:36,SOLUSDT,bid,139,61288.0
2024-08-16 02:21:36,SOLUSDT,bid,139,61291.0
2024-08-16 02:21:37,SOLUSDT,bid,139,61288.0
2024-08-16 02:21:37,SOLUSDT,bid,139,61270.0
2024-08-16 02:21:37,SOLUSDT,bid,139,61207.0
2024-08-16 02:21:37,SOLUSDT,bid,139,61207.0
2024-08-16 02:21:37,SOLUSDT,bid,139,61292.0
2024-08-16 02:21:37,SOLUSDT,bid,139,61292.0
2024-08-16 02:21:37,SOLUSDT,bid,139,61381.0
2024-08-16 02:21:38,SOLUSDT,bid,139,61430.0
2024-08-16 02:21:38,SOLUSDT,bid,139,61402.0
2024-08-16 02:21:38,SOLUSDT,bid,139,61321.0
2024-08-16 02:21:38,SOLUSDT,bid,139,61321.0
2024-08-16 02:21:39,SOLUSDT,bid,139,61321.0
2024-08-16 02:21:39,SOLUSDT,bid,139,61342.0
2024-08-16 02:21:39,SOLUSDT,bid,139,61321.0
2024-08-16 02:21:40,SOLUSDT,bid,139,61211.0
2024-08-16 02:21:41,SOLUSDT,bid,139,61276.0
2024-08-16 02:21:41,SOLUSDT,bid,139,61275.0
2024-08-16 02:21:42,SOLUSDT,bid,139,61207.0
2024-08-16 02:21:43,SOLUSDT,bid,139,61207.0
2024-08-16 02:21:43,SOLUSDT,bid,139,61228.0
2024-08-16 02:21:44,SOLUSDT,bid,139,61207.0
2024-08-16 02:21:44,SOLUSDT,bid,139,61275.0
2024-08-16 02:21:44,SOLUSDT,bid,139,61207.0
2024-08-16 02:21:45,SOLUSDT,bid,139,61199.0
2024-08-16 02:21:51,SOLUSDT,bid,139,59093.0
2024-08-16 02:21:51,SOLUSDT,bid,139,59057.0
2024-08-16 02:21:51,SOLUSDT,bid,139,59046.0
2024-08-16 02:21:52,SOLUSDT,bid,139,59046.0
2024-08-16 02:21:52,SOLUSDT,bid,139,59046.0
2024-08-16 02:21:52,SOLUSDT,bid,139,59049.0
2024-08-16 02:21:53,SOLUSDT,bid,139,59039.0
2024-08-16 02:21:54,SOLUSDT,bid,139,59036.0
2024-08-16 02:21:58,SOLUSDT,bid,139,59062.0
2024-08-16 02:21:58,SOLUSDT,bid,139,59040.0
2024-08-16 02:22:01,SOLUSDT,bid,139,59040.0
2024-08-16 02:22:05,SOLUSDT,bid,139,59041.0
2024-08-16 02:22:06,SOLUSDT,bid,139,59059.0
2024-08-16 02:22:06,SOLUSDT,bid,139,59067.0
2024-08-16 02:22:07,SOLUSDT,bid,139,59041.0
2024-08-16 02:22:09,SOLUSDT,bid,139,59044.0
2024-08-16 02:22:09,SOLUSDT,bid,139,59041.0
2024-08-16 02:22:10,SOLUSDT,bid,139,59043.0
2024-08-16 02:22:10,SOLUSDT,bid,139,59060.0
2024-08-16 02:22:11,SOLUSDT,bid,139,59043.0
2024-08-16 02:22:14,SOLUSDT,bid,139,59050.0
2024-08-16 02:22:14,SOLUSDT,bid,139,59053.0
2024-08-16 02:22:15,SOLUSDT,bid,139,59050.0
2024-08-16 02:22:15,SOLUSDT,bid,139,59078.0
2024-08-16 02:22:16,SOLUSDT,bid,139,59050.0
2024-08-16 02:22:17,SOLUSDT,bid,139,59043.0
2024-08-16 02:22:23,SOLUSDT,bid,139,59043.0
2024-08-16 02:22:25,SOLUSDT,bid,139,59052.0
2024-08-16 02:22:26,SOLUSDT,bid,139,59048.0
2024-08-16 02:22:26,SOLUSDT,bid,139,59043.0
2024-08-16 02:22:27,SOLUSDT,bid,139,59053.0
2024-08-16 02:22:27,SOLUSDT,bid,139,59043.0
2024-08-16 02:22:27,SOLUSDT,bid,139,59070.0
2024-08-16 02:22:28,SOLUSDT,bid,139,59043.0
2024-08-16 02:22:30,SOLUSDT,bid,139,59046.0
2024-08-16 02:22:30,SOLUSDT,bid,139,59043.0
2024-08-16 02:22:31,SOLUSDT,bid,139,59043.0
2024-08-16 02:22:31,SOLUSDT,bid,139,59046.0
2024-08-16 02:22:31,SOLUSDT,bid,139,59043.0
2024-08-16 02:22:32,SOLUSDT,bid,139,58158.0
2024-08-16 02:22:32,SOLUSDT,bid,139,58194.0
2024-08-16 02:22:33,SOLUSDT,bid,139,58244.0
2024-08-16 02:22:33,SOLUSDT,bid,139,58221.0
2024-08-16 02:22:34,SOLUSDT,bid,139,58195.0
2024-08-16 02:22:34,SOLUSDT,bid,139,58195.0
2024-08-16 02:22:34,SOLUSDT,bid,139,58194.0
2024-08-16 02:22:34,SOLUSDT,bid,139,58244.0
2024-08-16 02:22:35,SOLUSDT,bid,139,58244.0
2024-08-16 02:22:35,SOLUSDT,bid,139,58195.0
2024-08-16 02:22:36,SOLUSDT,bid,139,58158.0
2024-08-16 02:22:36,SOLUSDT,bid,139,58163.0
2024-08-16 02:22:36,SOLUSDT,bid,139,58158.0
2024-08-16 02:22:36,SOLUSDT,bid,139,58163.0
2024-08-16 02:22:36,SOLUSDT,bid,139,58158.0
2024-08-16 02:22:36,SOLUSDT,bid,139,58208.0
2024-08-16 02:22:37,SOLUSDT,bid,139,58168.0
2024-08-16 02:22:37,SOLUSDT,bid,139,58158.0
2024-08-16 02:22:37,SOLUSDT,bid,139,58159.0
2024-08-16 02:22:37,SOLUSDT,bid,139,58158.0
2024-08-16 02:22:39,SOLUSDT,bid,139,58158.0
2024-08-16 02:22:39,SOLUSDT,bid,139,58205.0
2024-08-16 02:22:39,SOLUSDT,bid,139,58364.0
2024-08-16 02:22:39,SOLUSDT,bid,139,58291.0
2024-08-16 02:22:40,SOLUSDT,bid,139,58288.0
2024-08-16 02:22:40,SOLUSDT,bid,139,58241.0
2024-08-16 02:22:40,SOLUSDT,bid,139,58291.0
2024-08-16 02:22:40,SOLUSDT,bid,139,58208.0
2024-08-16 02:22:41,SOLUSDT,bid,139,58208.0
2024-08-16 02:22:41,SOLUSDT,bid,139,58158.0
2024-08-16 02:22:41,SOLUSDT,bid,139,58340.0
2024-08-16 02:22:42,SOLUSDT,bid,139,58158.0
2024-08-16 02:22:42,SOLUSDT,bid,139,58163.0
2024-08-16 02:22:43,SOLUSDT,bid,139,58214.0
2024-08-16 02:22:43,SOLUSDT,bid,139,58214.0
2024-08-16 02:22:43,SOLUSDT,bid,139,58163.0
2024-08-16 02:22:44,SOLUSDT,bid,139,58158.0
2024-08-16 02:22:44,SOLUSDT,bid,139,58158.0
2024-08-16 02:22:45,SOLUSDT,bid,139,58158.0
2024-08-16 02:22:45,SOLUSDT,bid,139,58185.0
2024-08-16 02:22:45,SOLUSDT,bid,139,58188.0
2024-08-16 02:22:46,SOLUSDT,bid,139,58161.0
2024-08-16 02:22:46,SOLUSDT,bid,139,58158.0
2024-08-16 02:22:46,SOLUSDT,bid,139,58159.0
2024-08-16 02:22:47,SOLUSDT,bid,139,58171.0
2024-08-16 02:22:47,SOLUSDT,bid,139,58159.0
2024-08-16 02:22:47,SOLUSDT,bid,139,58158.0
2024-08-16 02:22:48,SOLUSDT,bid,139,58170.0
2024-08-16 02:22:48,SOLUSDT,bid,139,58158.0
2024-08-16 02:22:51,SOLUSDT,bid,139,58161.0
2024-08-16 02:22:51,SOLUSDT,bid,139,58158.0
2024-08-16 02:22:54,SOLUSDT,bid,139,58158.0
2024-08-16 02:22:58,SOLUSDT,bid,139,58159.0
2024-08-16 02:22:59,SOLUSDT,bid,139,58159.0
2024-08-16 02:23:00,SOLUSDT,bid,139,58159.0
2024-08-16 02:23:00,SOLUSDT,bid,139,58158.0
2024-08-16 02:23:02,SOLUSDT,bid,139,58178.0
2024-08-16 02:23:02,SOLUSDT,bid,139,58183.0
2024-08-16 02:23:02,SOLUSDT,bid,139,58173.0
2024-08-16 02:23:02,SOLUSDT,bid,139,58163.0
2024-08-16 02:23:04,SOLUSDT,bid,139,58167.0
2024-08-16 02:23:04,SOLUSDT,bid,139,58163.0
2024-08-16 02:23:05,SOLUSDT,bid,139,58190.0
2024-08-16 02:23:05,SOLUSDT,bid,139,58219.0
2024-08-16 02:23:07,SOLUSDT,bid,139,58369.0
2024-08-16 02:23:07,SOLUSDT,bid,139,58213.0
2024-08-16 02:23:07,SOLUSDT,bid,139,58269.0
2024-08-16 02:23:07,SOLUSDT,bid,139,58270.0
2024-08-16 02:23:07,SOLUSDT,bid,139,58277.0
2024-08-16 02:23:08,SOLUSDT,bid,139,58456.0
2024-08-16 02:23:08,SOLUSDT,bid,139,58280.0
2024-08-16 02:23:08,SOLUSDT,bid,139,58167.0
2024-08-16 02:23:09,SOLUSDT,bid,139,58223.0
2024-08-16 02:23:09,SOLUSDT,bid,139,58167.0
2024-08-16 02:23:09,SOLUSDT,bid,139,58171.0
2024-08-16 02:23:09,SOLUSDT,bid,139,58167.0
2024-08-16 02:23:09,SOLUSDT,bid,139,58165.0
2024-08-16 02:23:11,SOLUSDT,bid,139,58164.0
2024-08-16 02:23:11,SOLUSDT,bid,139,58165.0
2024-08-16 02:23:12,SOLUSDT,bid,139,58205.0
2024-08-16 02:23:12,SOLUSDT,bid,139,58165.0
2024-08-16 02:23:12,SOLUSDT,bid,139,58217.0
2024-08-16 02:23:12,SOLUSDT,bid,139,58177.0
2024-08-16 02:23:16,SOLUSDT,bid,139,58181.0
2024-08-16 02:23:16,SOLUSDT,bid,139,58173.0
2024-08-16 02:23:16,SOLUSDT,bid,139,58207.0
2024-08-16 02:23:16,SOLUSDT,bid,139,58308.0
2024-08-16 02:23:17,SOLUSDT,bid,139,58358.0
2024-08-16 02:23:18,SOLUSDT,bid,139,58308.0
2024-08-16 02:23:18,SOLUSDT,bid,139,58487.0
2024-08-16 02:23:18,SOLUSDT,bid,139,58487.0
2024-08-16 02:23:18,SOLUSDT,bid,139,58339.0
2024-08-16 02:23:18,SOLUSDT,bid,139,58371.0
2024-08-16 02:23:19,SOLUSDT,bid,139,58421.0
2024-08-16 02:23:19,SOLUSDT,bid,139,58389.0
2024-08-16 02:23:19,SOLUSDT,bid,139,58384.0
2024-08-16 02:23:19,SOLUSDT,bid,139,58399.0
2024-08-16 02:23:19,SOLUSDT,bid,139,58525.0
2024-08-16 02:23:19,SOLUSDT,bid,139,58513.0
2024-08-16 02:23:19,SOLUSDT,bid,139,58510.0
2024-08-16 02:23:20,SOLUSDT,bid,139,58510.0
2024-08-16 02:23:20,SOLUSDT,bid,139,58366.0
2024-08-16 02:23:20,SOLUSDT,bid,139,58251.0
2024-08-16 02:23:21,SOLUSDT,bid,139,58371.0
2024-08-16 02:23:21,SOLUSDT,bid,139,58471.0
2024-08-16 02:23:21,SOLUSDT,bid,139,58371.0
2024-08-16 02:23:21,SOLUSDT,bid,139,58368.0
2024-08-16 02:23:21,SOLUSDT,bid,139,58252.0
2024-08-16 02:23:21,SOLUSDT,bid,139,58259.0
2024-08-16 02:23:22,SOLUSDT,bid,139,58259.0
2024-08-16 02:23:23,SOLUSDT,bid,139,58269.0
2024-08-16 02:23:23,SOLUSDT,bid,139,58269.0
2024-08-16 02:23:24,SOLUSDT,bid,139,58259.0
2024-08-16 02:23:25,SOLUSDT,bid,139,58252.0
2024-08-16 02:23:26,SOLUSDT,bid,139,58252.0
2024-08-16 02:23:26,SOLUSDT,bid,139,58264.0
2024-08-16 02:23:27,SOLUSDT,bid,139,58252.0
2024-08-16 02:23:27,SOLUSDT,bid,139,58264.0
2024-08-16 02:23:28,SOLUSDT,bid,139,58252.0
2024-08-16 02:23:28,SOLUSDT,bid,139,58318.0
2024-08-16 02:23:28,SOLUSDT,bid,139,58252.0
2024-08-16 02:23:28,SOLUSDT,bid,139,58176.0
2024-08-16 02:23:30,SOLUSDT,bid,139,58181.0
2024-08-16 02:23:31,SOLUSDT,bid,139,58231.0
2024-08-16 02:23:31,SOLUSDT,bid,139,58177.0
2024-08-16 02:23:33,SOLUSDT,bid,139,58178.0
2024-08-16 02:23:34,SOLUSDT,bid,139,58177.0
2024-08-16 02:23:35,SOLUSDT,bid,139,58356.0
2024-08-16 02:23:35,SOLUSDT,bid,139,58177.0
2024-08-16 02:23:36,SOLUSDT,bid,139,58356.0
2024-08-16 02:23:36,SOLUSDT,bid,139,58277.0
2024-08-16 02:23:36,SOLUSDT,bid,139,58177.0
2024-08-16 02:23:36,SOLUSDT,bid,139,58179.0
2024-08-16 02:23:36,SOLUSDT,bid,139,58181.0
2024-08-16 02:23:36,SOLUSDT,bid,139,58177.0
2024-08-16 02:23:39,SOLUSDT,bid,139,58178.0
2024-08-16 02:23:39,SOLUSDT,bid,139,58178.0
2024-08-16 02:23:39,SOLUSDT,bid,139,58177.0
2024-08-16 02:23:40,SOLUSDT,bid,139,58177.0
2024-08-16 02:23:42,SOLUSDT,bid,139,58209.0
2024-08-16 02:23:42,SOLUSDT,bid,139,58182.0
2024-08-16 02:23:42,SOLUSDT,bid,139,58177.0
2024-08-16 02:23:44,SOLUSDT,bid,139,58177.0
2024-08-16 02:23:44,SOLUSDT,bid,139,58186.0
2024-08-16 02:23:45,SOLUSDT,bid,139,58177.0
2024-08-16 02:23:45,SOLUSDT,bid,139,58227.0
2024-08-16 02:23:46,SOLUSDT,bid,139,58177.0
2024-08-16 02:23:46,SOLUSDT,bid,139,58227.0
2024-08-16 02:23:47,SOLUSDT,bid,139,58227.0
2024-08-16 02:23:47,SOLUSDT,bid,139,58227.0
2024-08-16 02:23:47,SOLUSDT,bid,139,58178.0
2024-08-16 02:23:48,SOLUSDT,bid,139,58183.0
2024-08-16 02:23:48,SOLUSDT,bid,139,58178.0
2024-08-16 02:23:49,SOLUSDT,bid,139,58177.0
2024-08-16 02:23:49,SOLUSDT,bid,139,58181.0
2024-08-16 02:23:49,SOLUSDT,bid,139,58406.0
2024-08-16 02:23:55,SOLUSDT,bid,139,58401.0
2024-08-16 02:24:00,SOLUSDT,bid,139,58401.0
2024-08-16 02:24:01,SOLUSDT,bid,139,58176.0
2024-08-16 02:24:01,SOLUSDT,bid,139,58180.0
2024-08-16 02:24:04,SOLUSDT,bid,139,58188.0
2024-08-16 02:24:04,SOLUSDT,bid,139,58176.0
2024-08-16 02:24:10,SOLUSDT,bid,139,58226.0
2024-08-16 02:24:11,SOLUSDT,bid,139,58176.0
2024-08-16 02:24:11,SOLUSDT,bid,139,58180.0
2024-08-16 02:24:12,SOLUSDT,bid,139,58176.0
2024-08-16 02:24:13,SOLUSDT,bid,139,58214.0
2024-08-16 02:24:13,SOLUSDT,bid,139,58176.0
2024-08-16 02:24:14,SOLUSDT,bid,139,58188.0
2024-08-16 02:24:15,SOLUSDT,bid,139,58197.0
2024-08-16 02:24:16,SOLUSDT,bid,139,58497.0
2024-08-16 02:24:16,SOLUSDT,bid,139,58476.0
2024-08-16 02:24:16,SOLUSDT,bid,139,58479.0
2024-08-16 02:24:18,SOLUSDT,bid,139,58670.0
2024-08-16 02:24:18,SOLUSDT,bid,139,58720.0
2024-08-16 02:24:18,SOLUSDT,bid,139,58720.0
2024-08-16 02:24:19,SOLUSDT,bid,139,58717.0
2024-08-16 02:24:19,SOLUSDT,bid,139,58717.0
2024-08-16 02:24:19,SOLUSDT,bid,139,58667.0
2024-08-16 02:24:20,SOLUSDT,bid,139,58717.0
2024-08-16 02:24:20,SOLUSDT,bid,139,58767.0
2024-08-16 02:24:20,SOLUSDT,bid,139,58817.0
2024-08-16 02:24:20,SOLUSDT,bid,139,58717.0
2024-08-16 02:24:20,SOLUSDT,bid,139,58667.0
2024-08-16 02:24:21,SOLUSDT,bid,139,58679.0
2024-08-16 02:24:22,SOLUSDT,bid,139,58667.0
2024-08-16 02:24:22,SOLUSDT,bid,139,58811.0
2024-08-16 02:24:22,SOLUSDT,bid,139,58861.0
2024-08-16 02:24:23,SOLUSDT,bid,139,58811.0
2024-08-16 02:24:23,SOLUSDT,bid,139,58861.0
2024-08-16 02:24:23,SOLUSDT,bid,139,59040.0
2024-08-16 02:24:23,SOLUSDT,bid,139,58990.0
2024-08-16 02:24:24,SOLUSDT,bid,139,58811.0
2024-08-16 02:24:24,SOLUSDT,bid,139,58667.0
2024-08-16 02:24:24,SOLUSDT,bid,139,58752.0
2024-08-16 02:24:24,SOLUSDT,bid,139,58802.0
2024-08-16 02:24:25,SOLUSDT,bid,139,58752.0
2024-08-16 02:24:25,SOLUSDT,bid,139,58802.0
2024-08-16 02:24:25,SOLUSDT,bid,139,58717.0
2024-08-16 02:24:25,SOLUSDT,bid,139,58667.0
2024-08-16 02:24:25,SOLUSDT,bid,139,58705.0
2024-08-16 02:24:26,SOLUSDT,bid,139,58667.0
2024-08-16 02:24:26,SOLUSDT,bid,139,58708.0
2024-08-16 02:24:26,SOLUSDT,bid,139,58670.0
2024-08-16 02:24:29,SOLUSDT,bid,139,58669.0
2024-08-16 02:24:29,SOLUSDT,bid,139,58667.0
2024-08-16 02:24:30,SOLUSDT,bid,139,58678.0
2024-08-16 02:24:30,SOLUSDT,bid,139,58670.0
2024-08-16 02:24:34,SOLUSDT,bid,139,58672.0
2024-08-16 02:24:34,SOLUSDT,bid,139,58689.0
2024-08-16 02:24:35,SOLUSDT,bid,139,58670.0
2024-08-16 02:24:42,SOLUSDT,bid,139,58370.0
2024-08-16 02:24:43,SOLUSDT,bid,139,58375.0
2024-08-16 02:24:44,SOLUSDT,bid,139,58520.0
2024-08-16 02:24:45,SOLUSDT,bid,139,58514.0
2024-08-16 02:24:45,SOLUSDT,bid,139,58564.0
2024-08-16 02:24:46,SOLUSDT,bid,139,58564.0
2024-08-16 02:24:46,SOLUSDT,bid,139,58570.0
2024-08-16 02:24:46,SOLUSDT,bid,139,58570.0
2024-08-16 02:24:46,SOLUSDT,bid,139,58583.0
2024-08-16 02:24:46,SOLUSDT,bid,139,58759.0
2024-08-16 02:24:46,SOLUSDT,bid,139,58829.0
2024-08-16 02:24:46,SOLUSDT,bid,139,58879.0
2024-08-16 02:24:47,SOLUSDT,bid,139,58776.0
2024-08-16 02:24:47,SOLUSDT,bid,139,58669.0
2024-08-16 02:24:47,SOLUSDT,bid,139,58769.0
2024-08-16 02:24:47,SOLUSDT,bid,139,58719.0
2024-08-16 02:24:47,SOLUSDT,bid,139,58769.0
2024-08-16 02:24:47,SOLUSDT,bid,139,58776.0
2024-08-16 02:24:47,SOLUSDT,bid,139,58788.0
2024-08-16 02:24:47,SOLUSDT,bid,139,58725.0
2024-08-16 02:24:49,SOLUSDT,bid,139,58392.0
2024-08-16 02:24:49,SOLUSDT,bid,139,58365.0
2024-08-16 02:24:49,SOLUSDT,bid,139,58392.0
2024-08-16 02:24:50,SOLUSDT,bid,139,58392.0
2024-08-16 02:24:50,SOLUSDT,bid,139,58365.0
2024-08-16 02:24:51,SOLUSDT,bid,139,58371.0
2024-08-16 02:24:51,SOLUSDT,bid,139,58367.0
2024-08-16 02:24:51,SOLUSDT,bid,139,58367.0
2024-08-16 02:24:51,SOLUSDT,bid,139,58176.0
2024-08-16 02:24:52,SOLUSDT,bid,139,58176.0
2024-08-16 02:24:52,SOLUSDT,bid,139,58178.0
2024-08-16 02:24:52,SOLUSDT,bid,139,58174.0
2024-08-16 02:24:53,SOLUSDT,bid,139,58177.0
2024-08-16 02:24:54,SOLUSDT,bid,139,58174.0
2024-08-16 02:24:54,SOLUSDT,bid,139,58174.0
2024-08-16 02:24:54,SOLUSDT,bid,139,58177.0
2024-08-16 02:24:56,SOLUSDT,bid,139,58174.0
2024-08-16 02:24:56,SOLUSDT,bid,139,58177.0
2024-08-16 02:24:57,SOLUSDT,bid,139,58177.0
2024-08-16 02:24:58,SOLUSDT,bid,139,58174.0
2024-08-16 02:24:58,SOLUSDT,bid,139,58176.0
2024-08-16 02:24:59,SOLUSDT,bid,139,58176.0
2024-08-16 02:24:59,SOLUSDT,bid,139,55809.0
2024-08-16 02:25:00,SOLUSDT,bid,139,55392.0
2024-08-16 02:25:00,SOLUSDT,bid,139,55387.0
2024-08-16 02:25:00,SOLUSDT,bid,139,55384.0
2024-08-16 02:25:00,SOLUSDT,bid,139,53553.0
2024-08-16 02:25:01,SOLUSDT,bid,139,53165.0
2024-08-16 02:25:01,SOLUSDT,bid,139,53158.0
2024-08-16 02:25:01,SOLUSDT,bid,139,53159.0
2024-08-16 02:25:01,SOLUSDT,bid,139,53158.0
2024-08-16 02:25:02,SOLUSDT,bid,139,53157.0
2024-08-16 02:25:02,SOLUSDT,bid,139,53160.0
2024-08-16 02:25:02,SOLUSDT,bid,139,53157.0
2024-08-16 02:25:03,SOLUSDT,bid,139,53148.0
2024-08-16 02:25:03,SOLUSDT,bid,139,53117.0
2024-08-16 02:25:03,SOLUSDT,bid,139,53115.0
2024-08-16 02:25:03,SOLUSDT,bid,139,53118.0
2024-08-16 02:25:03,SOLUSDT,bid,139,53108.0
2024-08-16 02:25:04,SOLUSDT,bid,139,53105.0
2024-08-16 02:25:04,SOLUSDT,bid,139,52802.0
2024-08-16 02:25:04,SOLUSDT,bid,139,52748.0
2024-08-16 02:25:04,SOLUSDT,bid,139,52746.0
2024-08-16 02:25:04,SOLUSDT,bid,139,52728.0
2024-08-16 02:25:04,SOLUSDT,bid,139,52729.0
2024-08-16 02:25:04,SOLUSDT,bid,139,52732.0
2024-08-16 02:25:05,SOLUSDT,bid,139,52735.0
2024-08-16 02:25:05,SOLUSDT,bid,139,52737.0
2024-08-16 02:25:05,SOLUSDT,bid,139,52740.0
2024-08-16 02:25:05,SOLUSDT,bid,139,52727.0
2024-08-16 02:25:05,SOLUSDT,bid,139,52727.0
2024-08-16 02:25:05,SOLUSDT,bid,139,52726.0
2024-08-16 02:25:06,SOLUSDT,bid,139,52731.0
2024-08-16 02:25:06,SOLUSDT,bid,139,52726.0
2024-08-16 02:25:07,SOLUSDT,bid,139,52726.0
2024-08-16 02:25:07,SOLUSDT,bid,139,52727.0
2024-08-16 02:25:07,SOLUSDT,bid,139,52729.0
2024-08-16 02:25:07,SOLUSDT,bid,139,52726.0
2024-08-16 02:25:08,SOLUSDT,bid,139,52726.0
2024-08-16 02:25:08,SOLUSDT,bid,139,52727.0
2024-08-16 02:25:09,SOLUSDT,bid,139,52726.0
2024-08-16 02:25:09,SOLUSDT,bid,139,52883.0
2024-08-16 02:25:10,SOLUSDT,bid,139,52886.0
2024-08-16 02:25:10,SOLUSDT,bid,139,52889.0
2024-08-16 02:25:10,SOLUSDT,bid,139,52890.0
2024-08-16 02:25:10,SOLUSDT,bid,139,52889.0
2024-08-16 02:25:12,SOLUSDT,bid,139,52899.0
2024-08-16 02:25:13,SOLUSDT,bid,139,52923.0
2024-08-16 02:25:14,SOLUSDT,bid,139,52923.0
2024-08-16 02:25:14,SOLUSDT,bid,139,52923.0
2024-08-16 02:25:18,SOLUSDT,bid,139,52926.0
2024-08-16 02:25:19,SOLUSDT,bid,139,52735.0
2024-08-16 02:25:19,SOLUSDT,bid,139,52736.0
2024-08-16 02:25:19,SOLUSDT,bid,139,52728.0
2024-08-16 02:25:20,SOLUSDT,bid,139,52738.0
2024-08-16 02:25:20,SOLUSDT,bid,139,52743.0
2024-08-16 02:25:21,SOLUSDT,bid,139,52759.0
2024-08-16 02:25:21,SOLUSDT,bid,139,52749.0
2024-08-16 02:25:22,SOLUSDT,bid,139,52752.0
2024-08-16 02:25:22,SOLUSDT,bid,139,52749.0
2024-08-16 02:25:22,SOLUSDT,bid,139,52733.0
2024-08-16 02:25:22,SOLUSDT,bid,139,52768.0
2024-08-16 02:25:23,SOLUSDT,bid,139,52774.0
2024-08-16 02:25:23,SOLUSDT,bid,139,52824.0
2024-08-16 02:25:23,SOLUSDT,bid,139,52789.0
2024-08-16 02:25:23,SOLUSDT,bid,139,52789.0
2024-08-16 02:25:23,SOLUSDT,bid,139,52787.0
2024-08-16 02:25:24,SOLUSDT,bid,139,52787.0
2024-08-16 02:25:24,SOLUSDT,bid,139,52744.0
2024-08-16 02:25:24,SOLUSDT,bid,139,52844.0
2024-08-16 02:25:24,SOLUSDT,bid,139,52744.0
2024-08-16 02:25:25,SOLUSDT,bid,139,52844.0
2024-08-16 02:25:25,SOLUSDT,bid,139,52923.0
2024-08-16 02:25:26,SOLUSDT,bid,139,52744.0
2024-08-16 02:25:27,SOLUSDT,bid,139,52737.0
2024-08-16 02:25:27,SOLUSDT,bid,139,52742.0
2024-08-16 02:25:27,SOLUSDT,bid,139,52751.0
2024-08-16 02:25:27,SOLUSDT,bid,139,52745.0
2024-08-16 02:25:28,SOLUSDT,bid,139,52733.0
2024-08-16 02:25:28,SOLUSDT,bid,139,52733.0
2024-08-16 02:25:29,SOLUSDT,bid,139,52728.0
2024-08-16 02:25:30,SOLUSDT,bid,139,52766.0
2024-08-16 02:25:30,SOLUSDT,bid,139,52728.0
2024-08-16 02:25:33,SOLUSDT,bid,139,52729.0
2024-08-16 02:25:35,SOLUSDT,bid,139,52728.0
2024-08-16 02:25:40,SOLUSDT,bid,139,52729.0
2024-08-16 02:25:40,SOLUSDT,bid,139,52743.0
2024-08-16 02:25:41,SOLUSDT,bid,139,52778.0
2024-08-16 02:25:41,SOLUSDT,bid,139,52742.0
2024-08-16 02:25:41,SOLUSDT,bid,139,52728.0
2024-08-16 02:25:42,SOLUSDT,bid,139,52772.0
2024-08-16 02:25:42,SOLUSDT,bid,139,52808.0
2024-08-16 02:25:42,SOLUSDT,bid,139,52768.0
2024-08-16 02:25:43,SOLUSDT,bid,139,52774.0
2024-08-16 02:25:43,SOLUSDT,bid,139,52771.0
2024-08-16 02:25:47,SOLUSDT,bid,139,52776.0
2024-08-16 02:25:49,SOLUSDT,bid,139,52771.0
2024-08-16 02:25:51,SOLUSDT,bid,139,52782.0
2024-08-16 02:25:51,SOLUSDT,bid,139,52787.0
2024-08-16 02:25:52,SOLUSDT,bid,139,52772.0
2024-08-16 02:25:52,SOLUSDT,bid,139,52857.0
2024-08-16 02:25:53,SOLUSDT,bid,139,52779.0
2024-08-16 02:25:53,SOLUSDT,bid,139,52729.0
2024-08-16 02:25:54,SOLUSDT,bid,139,52741.0
2024-08-16 02:25:54,SOLUSDT,bid,139,52729.0
2024-08-16 02:25:54,SOLUSDT,bid,139,52742.0
2024-08-16 02:25:54,SOLUSDT,bid,139,52842.0
2024-08-16 02:25:55,SOLUSDT,bid,139,52829.0
2024-08-16 02:25:55,SOLUSDT,bid,139,52839.0
2024-08-16 02:25:55,SOLUSDT,bid,139,52915.0
2024-08-16 02:25:55,SOLUSDT,bid,139,52846.0
2024-08-16 02:25:55,SOLUSDT,bid,139,52846.0
2024-08-16 02:25:55,SOLUSDT,bid,139,52746.0
2024-08-16 02:25:56,SOLUSDT,bid,139,52772.0
2024-08-16 02:25:57,SOLUSDT,bid,139,52736.0
2024-08-16 02:25:59,SOLUSDT,bid,139,52739.0
2024-08-16 02:26:00,SOLUSDT,bid,139,52945.0
2024-08-16 02:26:01,SOLUSDT,bid,139,52985.0
2024-08-16 02:26:01,SOLUSDT,bid,139,52749.0
2024-08-16 02:26:03,SOLUSDT,bid,139,52745.0
2024-08-16 02:26:04,SOLUSDT,bid,139,52780.0
2024-08-16 02:26:05,SOLUSDT,bid,139,52794.0
2024-08-16 02:26:05,SOLUSDT,bid,139,52784.0
2024-08-16 02:26:06,SOLUSDT,bid,139,52774.0
2024-08-16 02:26:08,SOLUSDT,bid,139,52769.0
2024-08-16 02:26:08,SOLUSDT,bid,139,52776.0
2024-08-16 02:26:09,SOLUSDT,bid,139,52801.0
2024-08-16 02:26:09,SOLUSDT,bid,139,52769.0
2024-08-16 02:26:10,SOLUSDT,bid,139,52764.0
2024-08-16 02:26:11,SOLUSDT,bid,139,52877.0
2024-08-16 02:26:11,SOLUSDT,bid,139,52880.0
2024-08-16 02:26:11,SOLUSDT,bid,139,52868.0
2024-08-16 02:26:13,SOLUSDT,bid,139,52874.0
2024-08-16 02:26:13,SOLUSDT,bid,139,52888.0
2024-08-16 02:26:14,SOLUSDT,bid,139,52898.0
2024-08-16 02:26:14,SOLUSDT,bid,139,52938.0
2024-08-16 02:26:14,SOLUSDT,bid,139,52884.0
2024-08-16 02:26:14,SOLUSDT,bid,139,52771.0
2024-08-16 02:26:17,SOLUSDT,bid,139,52765.0
2024-08-16 02:26:17,SOLUSDT,bid,139,58164.0
2024-08-16 02:26:17,SOLUSDT,bid,139,52786.0
2024-08-16 02:26:18,SOLUSDT,bid,139,52786.0
2024-08-16 02:26:18,SOLUSDT,bid,139,52789.0
2024-08-16 02:26:25,SOLUSDT,bid,139,52790.0
2024-08-16 02:26:25,SOLUSDT,bid,139,52982.0
2024-08-16 02:26:27,SOLUSDT,bid,139,52790.0
2024-08-16 02:26:28,SOLUSDT,bid,139,52787.0
2024-08-16 02:26:30,SOLUSDT,bid,139,52786.0
2024-08-16 02:26:34,SOLUSDT,bid,139,52791.0
2024-08-16 02:26:43,SOLUSDT,bid,139,52792.0
2024-08-16 02:26:43,SOLUSDT,bid,139,52787.0
2024-08-16 02:26:44,SOLUSDT,bid,139,52786.0
2024-08-16 02:26:47,SOLUSDT,bid,139,52785.0
2024-08-16 02:26:53,SOLUSDT,bid,139,53143.0
2024-08-16 02:26:54,SOLUSDT,bid,139,53142.0
2024-08-16 02:26:56,SOLUSDT,bid,139,53178.0
2024-08-16 02:26:56,SOLUSDT,bid,139,53142.0
2024-08-16 02:27:00,SOLUSDT,bid,139,53142.0
2024-08-16 02:27:00,SOLUSDT,bid,139,53144.0
2024-08-16 02:27:01,SOLUSDT,bid,139,53149.0
2024-08-16 02:27:01,SOLUSDT,bid,139,53147.0
2024-08-16 02:27:02,SOLUSDT,bid,139,53148.0
2024-08-16 02:27:03,SOLUSDT,bid,139,53183.0
2024-08-16 02:54:08,SOLUSDT,ask,175,29361.0
2024-08-16 02:59:37,SOLUSDT,ask,175,29362.0
2024-08-16 03:01:46,SOLUSDT,bid,74,69695.0
2024-08-16 03:05:26,SOLUSDT,bid,53,94409.0
2024-08-16 03:05:42,SOLUSDT,bid,53,94410.0
2024-08-16 04:06:50,SOLUSDT,ask,175,29359.0
2024-08-16 05:17:03,SOLUSDT,ask,178,35172.0
