2024-09-15 07:01:36,BTCUSDT,bid,47000,871.845
2024-09-15 07:59:37,BTCUSDT,bid,47000,871.841
2024-09-15 07:59:37,BTCUSDT,bid,47300,807.922
2024-09-15 09:05:53,BTCUSDT,bid,47000,871.741
2024-09-15 09:20:32,BTCUSDT,bid,47000,876.741
2024-09-15 09:21:12,BTCUSDT,bid,58900,839.812
2024-09-15 09:23:54,BTCUSDT,bid,47000,866.741
2024-09-15 09:48:54,BTCUSDT,bid,47000,866.673
2024-09-15 12:24:59,BTCUSDT,bid,47000,866.67
2024-09-15 12:35:04,BTCUSDT,bid,47000,876.67
2024-09-15 12:35:08,BTCUSDT,bid,47000,871.67
2024-09-15 07:24:40,BTCUSD_PERP,bid,59500,586.31
2024-09-15 07:24:41,BTCUSD_PERP,bid,59500,644.64
2024-09-15 07:24:41,BTCUSD_PERP,bid,59500,702.97
2024-09-15 07:24:41,BTCUSD_PERP,bid,59500,761.3
2024-09-15 07:28:32,BTCUSD_PERP,bid,59500,702.97
2024-09-15 07:28:33,BTCUSD_PERP,bid,59500,644.64
2024-09-15 07:28:33,BTCUSD_PERP,bid,59500,586.31
2024-09-15 07:28:34,BTCUSD_PERP,bid,59500,527.73
2024-09-15 07:28:34,BTCUSD_PERP,bid,59500,645.07
2024-09-15 07:28:34,BTCUSD_PERP,bid,59500,703.44
2024-09-15 07:40:58,BTCUSD_PERP,bid,59500,645.07
2024-09-15 07:40:58,BTCUSD_PERP,bid,59500,527.13
2024-09-15 07:40:59,BTCUSD_PERP,bid,59500,528.0
2024-09-15 07:41:00,BTCUSD_PERP,bid,59500,587.0
2024-09-15 07:41:00,BTCUSD_PERP,bid,59500,645.4
2024-09-15 07:51:00,BTCUSD_PERP,bid,59500,587.0
2024-09-15 07:51:00,BTCUSD_PERP,bid,59500,528.6
2024-09-15 07:51:02,BTCUSD_PERP,bid,59600,645.13
2024-09-15 07:51:02,BTCUSD_PERP,bid,59600,704.16
2024-09-15 07:51:35,BTCUSD_PERP,bid,59600,527.67
2024-09-15 07:51:35,BTCUSD_PERP,bid,59500,703.73
2024-09-15 07:55:15,BTCUSD_PERP,bid,59500,527.04
2024-09-15 07:55:37,BTCUSD_PERP,bid,59500,879.68
2024-09-15 07:55:37,BTCUSD_PERP,bid,59500,938.61
2024-09-15 07:55:37,BTCUSD_PERP,bid,59400,514.02
2024-09-15 08:00:11,BTCUSD_PERP,bid,59500,880.29
2024-09-15 08:00:11,BTCUSD_PERP,bid,59500,645.79
2024-09-15 08:00:11,BTCUSD_PERP,bid,59500,586.86
2024-09-15 08:00:12,BTCUSD_PERP,bid,59500,528.54
2024-09-15 08:00:12,BTCUSD_PERP,bid,59500,587.2
2024-09-15 08:00:12,BTCUSD_PERP,bid,59500,704.52
2024-09-15 08:00:12,BTCUSD_PERP,bid,59500,821.84
2024-09-15 08:00:12,BTCUSD_PERP,bid,59500,1057.08
2024-09-15 08:00:13,BTCUSD_PERP,bid,59400,514.28
2024-09-15 08:01:39,BTCUSD_PERP,bid,59500,939.76
2024-09-15 08:01:43,BTCUSD_PERP,bid,59500,880.8
2024-09-15 08:01:43,BTCUSD_PERP,bid,59500,705.12
2024-09-15 08:01:43,BTCUSD_PERP,bid,59500,646.16
2024-09-15 08:01:44,BTCUSD_PERP,bid,59500,587.8
2024-09-15 08:01:44,BTCUSD_PERP,bid,59500,528.84
2024-09-15 08:01:44,BTCUSD_PERP,bid,59600,587.0
2024-09-15 08:01:44,BTCUSD_PERP,bid,59600,762.8
2024-09-15 08:01:44,BTCUSD_PERP,bid,59600,821.8
2024-09-15 08:01:45,BTCUSD_PERP,bid,59600,880.8
2024-09-15 08:01:45,BTCUSD_PERP,bid,59500,515.09
2024-09-15 08:01:45,BTCUSD_PERP,bid,59500,573.59
2024-09-15 08:01:45,BTCUSD_PERP,bid,59600,939.8
2024-09-15 08:01:45,BTCUSD_PERP,bid,59600,941.94
2024-09-15 08:01:48,BTCUSD_PERP,bid,59500,576.82
2024-09-15 08:03:46,BTCUSD_PERP,bid,59600,939.8
2024-09-15 08:05:05,BTCUSD_PERP,bid,59500,517.92
2024-09-15 08:05:06,BTCUSD_PERP,bid,59500,514.42
2024-09-15 08:05:06,BTCUSD_PERP,bid,59500,704.04
2024-09-15 08:05:06,BTCUSD_PERP,bid,59500,763.01
2024-09-15 08:08:23,BTCUSD_PERP,bid,59500,645.67
2024-09-15 08:08:24,BTCUSD_PERP,bid,59600,587.6
2024-09-15 08:08:24,BTCUSD_PERP,bid,59600,646.0
2024-09-15 08:08:24,BTCUSD_PERP,bid,59500,573.58
2024-09-15 08:08:24,BTCUSD_PERP,bid,59600,705.0
2024-09-15 08:08:24,BTCUSD_PERP,bid,59600,764.0
2024-09-15 08:08:25,BTCUSD_PERP,bid,59600,881.4
2024-09-15 08:14:14,BTCUSD_PERP,bid,59500,515.08
2024-09-15 08:14:14,BTCUSD_PERP,bid,59600,822.4
2024-09-15 08:14:14,BTCUSD_PERP,bid,59600,764.0
2024-09-15 08:14:14,BTCUSD_PERP,bid,59600,705.6
2024-09-15 08:14:15,BTCUSD_PERP,bid,59600,646.6
2024-09-15 08:14:15,BTCUSD_PERP,bid,59600,529.2
2024-09-15 08:14:15,BTCUSD_PERP,bid,59600,587.35
2024-09-15 08:14:15,BTCUSD_PERP,bid,59600,646.39
2024-09-15 08:14:16,BTCUSD_PERP,bid,59600,705.43
2024-09-15 08:14:16,BTCUSD_PERP,bid,59600,764.47
2024-09-15 08:14:16,BTCUSD_PERP,bid,59600,823.51
2024-09-15 08:14:16,BTCUSD_PERP,bid,59600,881.94
2024-09-15 08:14:16,BTCUSD_PERP,bid,59500,515.4
2024-09-15 08:14:16,BTCUSD_PERP,bid,59600,940.98
2024-09-15 08:17:06,BTCUSD_PERP,bid,59600,881.94
2024-09-15 08:18:13,BTCUSD_PERP,bid,59600,529.53
2024-09-15 08:18:13,BTCUSD_PERP,bid,59600,647.0
2024-09-15 08:18:13,BTCUSD_PERP,bid,59600,706.04
2024-09-15 08:18:14,BTCUSD_PERP,bid,59600,765.08
2024-09-15 08:18:14,BTCUSD_PERP,bid,59600,823.51
2024-09-15 08:19:15,BTCUSD_PERP,bid,59600,706.65
2024-09-15 08:19:15,BTCUSD_PERP,bid,59600,648.22
2024-09-15 08:19:15,BTCUSD_PERP,bid,59600,589.18
2024-09-15 08:19:15,BTCUSD_PERP,bid,59600,530.14
2024-09-15 08:19:16,BTCUSD_PERP,bid,59700,530.79
2024-09-15 08:19:17,BTCUSD_PERP,bid,59600,515.6
2024-09-15 08:19:17,BTCUSD_PERP,bid,59700,589.9
2024-09-15 08:19:17,BTCUSD_PERP,bid,59600,574.65
2024-09-15 08:19:17,BTCUSD_PERP,bid,59700,825.14
2024-09-15 08:19:17,BTCUSD_PERP,bid,59500,515.51
2024-09-15 08:19:18,BTCUSD_PERP,bid,59500,523.24
2024-09-15 08:20:01,BTCUSD_PERP,bid,59700,766.03
2024-09-15 08:20:01,BTCUSD_PERP,bid,59700,707.52
2024-09-15 08:20:01,BTCUSD_PERP,bid,59700,530.79
2024-09-15 08:32:40,BTCUSD_PERP,bid,59700,529.67
2024-09-15 08:32:40,BTCUSD_PERP,bid,59700,588.2
2024-09-15 08:34:14,BTCUSD_PERP,bid,59700,531.15
2024-09-15 08:34:25,BTCUSD_PERP,bid,59700,529.67
2024-09-15 08:34:28,BTCUSD_PERP,bid,59700,647.06
2024-09-15 08:35:34,BTCUSD_PERP,bid,59700,529.67
2024-09-15 08:36:42,BTCUSD_PERP,bid,59700,530.86
2024-09-15 08:43:46,BTCUSD_PERP,bid,59600,530.59
2024-09-15 08:50:40,BTCUSD_PERP,bid,59700,529.17
2024-09-15 08:51:02,BTCUSD_PERP,bid,59700,531.24
2024-09-15 08:52:23,BTCUSD_PERP,bid,59700,647.1
2024-09-15 08:52:52,BTCUSD_PERP,bid,59700,647.24
2024-09-15 08:53:00,BTCUSD_PERP,bid,59700,647.52
2024-09-15 08:56:21,BTCUSD_PERP,bid,59700,545.56
2024-09-15 08:56:21,BTCUSD_PERP,bid,59700,647.38
2024-09-15 08:56:23,BTCUSD_PERP,bid,59700,545.7
2024-09-15 08:56:24,BTCUSD_PERP,bid,59700,647.24
2024-09-15 08:56:26,BTCUSD_PERP,bid,59700,545.84
2024-09-15 08:56:26,BTCUSD_PERP,bid,59700,647.1
2024-09-15 08:56:28,BTCUSD_PERP,bid,59700,545.98
2024-09-15 08:56:38,BTCUSD_PERP,bid,59700,546.12
2024-09-15 08:56:49,BTCUSD_PERP,bid,59700,546.26
2024-09-15 08:56:51,BTCUSD_PERP,bid,59700,546.4
2024-09-15 08:58:21,BTCUSD_PERP,bid,59700,532.08
2024-09-15 08:59:00,BTCUSD_PERP,bid,59700,531.94
2024-09-15 08:59:00,BTCUSD_PERP,bid,59700,531.24
2024-09-15 09:03:30,BTCUSD_PERP,bid,59700,588.2
2024-09-15 09:03:31,BTCUSD_PERP,bid,59700,530.95
2024-09-15 09:07:13,BTCUSD_PERP,bid,59700,587.9
2024-09-15 09:13:23,BTCUSD_PERP,bid,59600,587.6
2024-09-15 09:17:49,BTCUSD_PERP,bid,59600,588.2
2024-09-15 09:20:35,BTCUSD_PERP,bid,59600,529.13
2024-09-15 09:20:35,BTCUSD_PERP,bid,59600,528.26
2024-09-15 09:20:35,BTCUSD_PERP,bid,59600,587.3
2024-09-15 09:21:12,BTCUSD_PERP,bid,58900,2863.03
2024-09-15 09:21:30,BTCUSD_PERP,ask,61300,1936.97
2024-09-15 09:25:47,BTCUSD_PERP,bid,59600,528.36
2024-09-15 09:25:48,BTCUSD_PERP,bid,59600,528.62
2024-09-15 09:25:48,BTCUSD_PERP,bid,59600,587.7
2024-09-15 09:25:48,BTCUSD_PERP,bid,59600,646.78
2024-09-15 09:25:49,BTCUSD_PERP,bid,59600,763.74
2024-09-15 09:25:51,BTCUSD_PERP,bid,59600,763.88
2024-09-15 09:26:23,BTCUSD_PERP,ask,60800,494.63
2024-09-15 09:26:26,BTCUSD_PERP,ask,60800,514.69
2024-09-15 09:26:26,BTCUSD_PERP,ask,60800,524.41
2024-09-15 09:26:28,BTCUSD_PERP,ask,60800,534.13
2024-09-15 09:26:30,BTCUSD_PERP,ask,60800,543.85
2024-09-15 09:26:38,BTCUSD_PERP,ask,60800,553.57
2024-09-15 09:26:39,BTCUSD_PERP,ask,60800,559.65
2024-09-15 09:26:39,BTCUSD_PERP,ask,60800,565.72
2024-09-15 09:26:40,BTCUSD_PERP,ask,60800,571.79
2024-09-15 09:26:58,BTCUSD_PERP,ask,60800,581.51
2024-09-15 09:26:58,BTCUSD_PERP,ask,60800,590.93
2024-09-15 09:27:03,BTCUSD_PERP,ask,60800,581.21
2024-09-15 09:27:03,BTCUSD_PERP,ask,60800,575.14
2024-09-15 09:27:04,BTCUSD_PERP,ask,60800,581.21
2024-09-15 09:27:04,BTCUSD_PERP,ask,60800,571.49
2024-09-15 09:27:04,BTCUSD_PERP,ask,60800,581.21
2024-09-15 09:27:04,BTCUSD_PERP,ask,60800,571.49
2024-09-15 09:27:05,BTCUSD_PERP,ask,60800,581.21
2024-09-15 09:27:05,BTCUSD_PERP,ask,60800,590.93
2024-09-15 09:27:07,BTCUSD_PERP,ask,60800,600.96
2024-09-15 09:27:18,BTCUSD_PERP,ask,60800,591.24
2024-09-15 09:27:23,BTCUSD_PERP,ask,60800,581.52
2024-09-15 09:27:27,BTCUSD_PERP,ask,60800,571.8
2024-09-15 09:27:28,BTCUSD_PERP,ask,60800,562.08
2024-09-15 09:27:30,BTCUSD_PERP,ask,60800,552.36
2024-09-15 09:27:39,BTCUSD_PERP,ask,60800,542.64
2024-09-15 09:27:39,BTCUSD_PERP,ask,60800,536.57
2024-09-15 09:27:39,BTCUSD_PERP,ask,60800,530.49
2024-09-15 09:27:41,BTCUSD_PERP,ask,60800,524.41
2024-09-15 09:27:42,BTCUSD_PERP,ask,60800,518.34
2024-09-15 09:27:56,BTCUSD_PERP,ask,60800,512.26
2024-09-15 09:27:59,BTCUSD_PERP,ask,60800,502.54
2024-09-15 09:27:59,BTCUSD_PERP,ask,60800,493.12
2024-09-15 09:29:18,BTCUSD_PERP,bid,59600,763.74
2024-09-15 09:31:31,BTCUSD_PERP,bid,59600,704.66
2024-09-15 09:31:32,BTCUSD_PERP,bid,59600,646.18
2024-09-15 09:31:32,BTCUSD_PERP,bid,59600,587.1
2024-09-15 09:31:33,BTCUSD_PERP,bid,59700,528.31
2024-09-15 09:31:33,BTCUSD_PERP,bid,59700,586.82
2024-09-15 09:31:33,BTCUSD_PERP,bid,59700,645.94
2024-09-15 09:32:27,BTCUSD_PERP,ask,60800,493.09
2024-09-15 09:32:29,BTCUSD_PERP,ask,60800,499.17
2024-09-15 09:32:30,BTCUSD_PERP,ask,60800,508.9
2024-09-15 09:32:31,BTCUSD_PERP,ask,60800,518.63
2024-09-15 09:32:34,BTCUSD_PERP,ask,60800,528.36
2024-09-15 09:32:42,BTCUSD_PERP,ask,60800,534.44
2024-09-15 09:32:42,BTCUSD_PERP,ask,60800,524.71
2024-09-15 09:32:42,BTCUSD_PERP,ask,60800,534.44
2024-09-15 09:32:42,BTCUSD_PERP,ask,60800,528.36
2024-09-15 09:32:42,BTCUSD_PERP,ask,60800,548.43
2024-09-15 09:32:42,BTCUSD_PERP,ask,60800,554.51
2024-09-15 09:32:43,BTCUSD_PERP,ask,60800,548.43
2024-09-15 09:32:43,BTCUSD_PERP,ask,60800,554.51
2024-09-15 09:32:45,BTCUSD_PERP,ask,60800,560.59
2024-09-15 09:33:02,BTCUSD_PERP,ask,60800,570.01
2024-09-15 09:33:07,BTCUSD_PERP,ask,60800,596.16
2024-09-15 09:33:08,BTCUSD_PERP,ask,60800,605.89
2024-09-15 09:33:08,BTCUSD_PERP,ask,60800,615.62
2024-09-15 09:33:08,BTCUSD_PERP,ask,60800,621.7
2024-09-15 09:33:11,BTCUSD_PERP,ask,60800,631.43
2024-09-15 09:33:16,BTCUSD_PERP,ask,60800,621.7
2024-09-15 09:33:17,BTCUSD_PERP,ask,60800,631.43
2024-09-15 09:33:21,BTCUSD_PERP,ask,60800,621.7
2024-09-15 09:33:22,BTCUSD_PERP,ask,60800,631.43
2024-09-15 09:33:26,BTCUSD_PERP,ask,60800,621.7
2024-09-15 09:33:26,BTCUSD_PERP,ask,60800,631.43
2024-09-15 09:33:30,BTCUSD_PERP,ask,60800,621.7
2024-09-15 09:33:30,BTCUSD_PERP,ask,60800,631.43
2024-09-15 09:33:31,BTCUSD_PERP,ask,60800,621.7
2024-09-15 09:33:31,BTCUSD_PERP,ask,60800,631.43
2024-09-15 09:33:34,BTCUSD_PERP,ask,60800,621.7
2024-09-15 09:33:34,BTCUSD_PERP,ask,60800,631.43
2024-09-15 09:33:42,BTCUSD_PERP,ask,60800,621.7
2024-09-15 09:33:43,BTCUSD_PERP,ask,60800,615.62
2024-09-15 09:33:43,BTCUSD_PERP,ask,60800,609.54
2024-09-15 09:34:03,BTCUSD_PERP,ask,60800,600.12
2024-09-15 09:34:03,BTCUSD_PERP,ask,60800,594.04
2024-09-15 09:34:04,BTCUSD_PERP,ask,60800,573.97
2024-09-15 09:34:08,BTCUSD_PERP,ask,60800,564.24
2024-09-15 09:34:08,BTCUSD_PERP,ask,60800,554.51
2024-09-15 09:34:09,BTCUSD_PERP,ask,60800,548.43
2024-09-15 09:34:11,BTCUSD_PERP,ask,60800,538.7
2024-09-15 09:34:18,BTCUSD_PERP,ask,60800,528.97
2024-09-15 09:34:19,BTCUSD_PERP,ask,60800,522.89
2024-09-15 09:34:22,BTCUSD_PERP,ask,60800,513.16
2024-09-15 09:34:24,BTCUSD_PERP,ask,60800,493.09
2024-09-15 09:48:12,BTCUSD_PERP,bid,59700,528.92
2024-09-15 09:54:58,BTCUSD_PERP,bid,59700,530.59
2024-09-15 09:54:58,BTCUSD_PERP,bid,59700,648.32
2024-09-15 09:54:59,BTCUSD_PERP,bid,59700,765.44
2024-09-15 09:54:59,BTCUSD_PERP,bid,59700,883.78
2024-09-15 09:54:59,BTCUSD_PERP,bid,59700,942.34
2024-09-15 09:54:59,BTCUSD_PERP,bid,59700,516.11
2024-09-15 09:54:59,BTCUSD_PERP,bid,59700,1060.68
2024-09-15 09:54:59,BTCUSD_PERP,bid,59700,575.19
2024-09-15 10:02:07,BTCUSD_PERP,bid,59700,580.76
2024-09-15 10:04:34,BTCUSD_PERP,bid,59700,575.19
2024-09-15 10:05:16,BTCUSD_PERP,bid,59700,516.08
2024-09-15 10:05:16,BTCUSD_PERP,bid,59700,942.95
2024-09-15 10:05:16,BTCUSD_PERP,bid,59700,707.06
2024-09-15 10:05:16,BTCUSD_PERP,bid,59700,824.72
2024-09-15 10:05:16,BTCUSD_PERP,bid,59600,515.77
2024-09-15 10:05:16,BTCUSD_PERP,bid,59700,883.85
2024-09-15 10:05:29,BTCUSD_PERP,ask,60900,492.86
2024-09-15 10:05:41,BTCUSD_PERP,ask,60900,502.59
2024-09-15 10:05:45,BTCUSD_PERP,ask,60900,512.32
2024-09-15 10:05:47,BTCUSD_PERP,ask,60900,522.35
2024-09-15 10:05:49,BTCUSD_PERP,ask,60900,532.08
2024-09-15 10:05:51,BTCUSD_PERP,ask,60900,541.81
2024-09-15 10:05:52,BTCUSD_PERP,ask,60900,551.54
2024-09-15 10:06:20,BTCUSD_PERP,ask,60900,542.11
2024-09-15 10:06:21,BTCUSD_PERP,ask,60900,532.38
2024-09-15 10:06:25,BTCUSD_PERP,ask,60900,522.65
2024-09-15 10:06:28,BTCUSD_PERP,ask,60900,506.84
2024-09-15 10:06:42,BTCUSD_PERP,ask,60900,497.11
2024-09-15 10:06:52,BTCUSD_PERP,bid,59700,884.45
2024-09-15 10:07:52,BTCUSD_PERP,bid,59700,885.05
2024-09-15 10:08:52,BTCUSD_PERP,bid,59700,885.65
2024-09-15 10:09:53,BTCUSD_PERP,bid,59700,885.05
2024-09-15 10:10:52,BTCUSD_PERP,bid,59700,884.45
2024-09-15 10:11:52,BTCUSD_PERP,bid,59700,883.85
2024-09-15 10:21:56,BTCUSD_PERP,bid,59700,825.32
2024-09-15 10:21:56,BTCUSD_PERP,bid,59700,708.26
2024-09-15 10:21:56,BTCUSD_PERP,bid,59700,649.73
2024-09-15 10:21:57,BTCUSD_PERP,bid,59700,591.2
2024-09-15 10:28:39,BTCUSD_PERP,bid,59700,532.07
2024-09-15 10:28:39,BTCUSD_PERP,bid,59700,590.9
2024-09-15 10:28:39,BTCUSD_PERP,bid,59600,515.51
2024-09-15 10:28:39,BTCUSD_PERP,bid,59700,649.4
2024-09-15 10:28:42,BTCUSD_PERP,bid,59700,649.54
2024-09-15 10:28:43,BTCUSD_PERP,bid,59700,649.68
2024-09-15 10:30:53,BTCUSD_PERP,bid,59600,515.28
2024-09-15 10:30:53,BTCUSD_PERP,bid,59600,590.0
2024-09-15 10:30:53,BTCUSD_PERP,bid,59600,574.25
2024-09-15 10:30:53,BTCUSD_PERP,bid,59600,649.07
2024-09-15 10:37:33,BTCUSD_PERP,bid,47000,2399.29
2024-09-15 10:39:50,BTCUSD_PERP,bid,59600,530.93
2024-09-15 10:39:50,BTCUSD_PERP,bid,59700,531.2
2024-09-15 10:39:50,BTCUSD_PERP,bid,59700,590.3
2024-09-15 10:39:51,BTCUSD_PERP,bid,59700,707.9
2024-09-15 10:39:51,BTCUSD_PERP,bid,59700,767.0
2024-09-15 10:39:52,BTCUSD_PERP,bid,59700,826.1
2024-09-15 10:39:52,BTCUSD_PERP,bid,59600,530.27
2024-09-15 10:39:52,BTCUSD_PERP,bid,59600,574.55
2024-09-15 10:40:03,BTCUSD_PERP,ask,60800,501.19
2024-09-15 10:40:08,BTCUSD_PERP,ask,60800,510.92
2024-09-15 10:40:09,BTCUSD_PERP,ask,60800,520.64
2024-09-15 10:40:11,BTCUSD_PERP,ask,60800,530.37
2024-09-15 10:40:14,BTCUSD_PERP,ask,60800,540.09
2024-09-15 10:40:19,BTCUSD_PERP,ask,60800,546.17
2024-09-15 10:40:22,BTCUSD_PERP,ask,60800,555.89
2024-09-15 10:40:22,BTCUSD_PERP,ask,60800,561.97
2024-09-15 10:40:26,BTCUSD_PERP,ask,60800,571.7
2024-09-15 10:40:32,BTCUSD_PERP,ask,60800,581.43
2024-09-15 10:40:37,BTCUSD_PERP,bid,59700,840.4
2024-09-15 10:40:39,BTCUSD_PERP,ask,60800,590.85
2024-09-15 10:40:43,BTCUSD_PERP,ask,60800,600.57
2024-09-15 10:40:48,BTCUSD_PERP,ask,60800,616.37
2024-09-15 10:40:50,BTCUSD_PERP,ask,60800,622.44
2024-09-15 10:40:52,BTCUSD_PERP,ask,60800,642.5
2024-09-15 10:40:56,BTCUSD_PERP,ask,60800,662.56
2024-09-15 10:41:04,BTCUSD_PERP,ask,60800,652.84
2024-09-15 10:41:04,BTCUSD_PERP,ask,60800,662.56
2024-09-15 10:41:08,BTCUSD_PERP,ask,60800,652.83
2024-09-15 10:41:09,BTCUSD_PERP,ask,60800,662.56
2024-09-15 10:41:09,BTCUSD_PERP,ask,60800,652.84
2024-09-15 10:41:10,BTCUSD_PERP,ask,60800,662.56
2024-09-15 10:41:12,BTCUSD_PERP,ask,60800,652.83
2024-09-15 10:41:12,BTCUSD_PERP,ask,60800,662.56
2024-09-15 10:41:12,BTCUSD_PERP,ask,60800,668.63
2024-09-15 10:41:14,BTCUSD_PERP,ask,60800,658.91
2024-09-15 10:41:15,BTCUSD_PERP,ask,60800,668.63
2024-09-15 10:41:18,BTCUSD_PERP,ask,60800,688.69
2024-09-15 10:41:19,BTCUSD_PERP,ask,60800,694.77
2024-09-15 10:41:19,BTCUSD_PERP,ask,60800,688.69
2024-09-15 10:41:20,BTCUSD_PERP,ask,60800,694.77
2024-09-15 10:41:21,BTCUSD_PERP,ask,60800,700.85
2024-09-15 10:41:22,BTCUSD_PERP,ask,60800,694.77
2024-09-15 10:41:22,BTCUSD_PERP,ask,60800,685.05
2024-09-15 10:41:23,BTCUSD_PERP,ask,60800,691.13
2024-09-15 10:41:23,BTCUSD_PERP,ask,60800,700.85
2024-09-15 10:41:26,BTCUSD_PERP,ask,60800,691.12
2024-09-15 10:41:32,BTCUSD_PERP,ask,60800,681.39
2024-09-15 10:41:40,BTCUSD_PERP,ask,60800,671.97
2024-09-15 10:41:40,BTCUSD_PERP,ask,60800,661.94
2024-09-15 10:41:43,BTCUSD_PERP,ask,60800,652.22
2024-09-15 10:41:48,BTCUSD_PERP,ask,60800,642.5
2024-09-15 10:41:48,BTCUSD_PERP,ask,60800,636.42
2024-09-15 10:42:04,BTCUSD_PERP,ask,60800,626.7
2024-09-15 10:42:09,BTCUSD_PERP,ask,60800,616.97
2024-09-15 10:42:10,BTCUSD_PERP,ask,60800,607.25
2024-09-15 10:42:12,BTCUSD_PERP,ask,60800,597.52
2024-09-15 10:42:15,BTCUSD_PERP,ask,60800,587.8
2024-09-15 10:42:20,BTCUSD_PERP,ask,60800,581.72
2024-09-15 10:42:23,BTCUSD_PERP,ask,60800,565.92
2024-09-15 10:42:32,BTCUSD_PERP,ask,60800,559.85
2024-09-15 10:42:34,BTCUSD_PERP,ask,60800,539.79
2024-09-15 10:42:34,BTCUSD_PERP,ask,60800,519.73
2024-09-15 10:42:38,BTCUSD_PERP,bid,59700,826.1
2024-09-15 10:42:50,BTCUSD_PERP,ask,60800,513.66
2024-09-15 10:42:54,BTCUSD_PERP,ask,60800,507.58
2024-09-15 11:22:56,BTCUSD_PERP,bid,59600,509.12
2024-09-15 11:23:33,BTCUSD_PERP,bid,59600,531.26
2024-09-15 11:25:27,BTCUSD_PERP,bid,59500,514.73
2024-09-15 11:25:27,BTCUSD_PERP,bid,59600,593.13
2024-09-15 11:25:27,BTCUSD_PERP,bid,59500,573.63
2024-09-15 11:25:27,BTCUSD_PERP,bid,59600,648.9
2024-09-15 11:27:07,BTCUSD_PERP,bid,59500,515.28
2024-09-15 11:27:07,BTCUSD_PERP,bid,59600,530.9
2024-09-15 11:27:08,BTCUSD_PERP,bid,59600,530.66
2024-09-15 11:27:08,BTCUSD_PERP,bid,59600,589.7
2024-09-15 11:43:49,BTCUSD_PERP,bid,59600,531.26
2024-09-15 11:45:27,BTCUSD_PERP,ask,60800,498.41
2024-09-15 11:45:33,BTCUSD_PERP,ask,60800,504.48
2024-09-15 11:46:01,BTCUSD_PERP,ask,60800,514.19
2024-09-15 11:46:01,BTCUSD_PERP,ask,60800,520.26
2024-09-15 11:46:03,BTCUSD_PERP,ask,60800,526.33
2024-09-15 11:46:07,BTCUSD_PERP,ask,60800,546.37
2024-09-15 11:46:16,BTCUSD_PERP,ask,60800,536.96
2024-09-15 11:46:16,BTCUSD_PERP,ask,60800,546.37
2024-09-15 11:46:17,BTCUSD_PERP,ask,60800,566.41
2024-09-15 11:46:25,BTCUSD_PERP,ask,60800,560.34
2024-09-15 11:46:25,BTCUSD_PERP,ask,60800,566.41
2024-09-15 11:46:26,BTCUSD_PERP,ask,60800,556.7
2024-09-15 11:46:26,BTCUSD_PERP,ask,60800,566.41
2024-09-15 11:46:27,BTCUSD_PERP,ask,60800,556.7
2024-09-15 11:46:28,BTCUSD_PERP,ask,60800,566.41
2024-09-15 11:46:39,BTCUSD_PERP,ask,60800,576.12
2024-09-15 11:46:41,BTCUSD_PERP,ask,60800,591.9
2024-09-15 11:46:44,BTCUSD_PERP,ask,60800,601.61
2024-09-15 11:46:46,BTCUSD_PERP,ask,60800,611.32
2024-09-15 11:46:47,BTCUSD_PERP,ask,60800,621.03
2024-09-15 11:46:48,BTCUSD_PERP,ask,60800,614.96
2024-09-15 11:46:48,BTCUSD_PERP,ask,60800,621.03
2024-09-15 11:46:50,BTCUSD_PERP,ask,60800,630.74
2024-09-15 11:46:51,BTCUSD_PERP,ask,60800,640.45
2024-09-15 11:46:55,BTCUSD_PERP,ask,60800,634.38
2024-09-15 11:46:55,BTCUSD_PERP,ask,60800,640.45
2024-09-15 11:47:01,BTCUSD_PERP,ask,60800,630.74
2024-09-15 11:47:02,BTCUSD_PERP,ask,60800,640.45
2024-09-15 11:47:02,BTCUSD_PERP,ask,60800,634.38
2024-09-15 11:47:02,BTCUSD_PERP,ask,60800,640.45
2024-09-15 11:47:03,BTCUSD_PERP,ask,60800,634.38
2024-09-15 11:47:03,BTCUSD_PERP,ask,60800,624.36
2024-09-15 11:47:04,BTCUSD_PERP,ask,60800,630.43
2024-09-15 11:47:04,BTCUSD_PERP,ask,60800,640.45
2024-09-15 11:47:08,BTCUSD_PERP,ask,60800,620.41
2024-09-15 11:47:10,BTCUSD_PERP,ask,60800,640.45
2024-09-15 11:47:13,BTCUSD_PERP,ask,60800,634.38
2024-09-15 11:47:14,BTCUSD_PERP,ask,60800,640.45
2024-09-15 11:47:16,BTCUSD_PERP,ask,60800,631.04
2024-09-15 11:47:16,BTCUSD_PERP,ask,60800,640.45
2024-09-15 11:47:26,BTCUSD_PERP,ask,60800,634.38
2024-09-15 11:47:26,BTCUSD_PERP,ask,60800,640.45
2024-09-15 11:47:26,BTCUSD_PERP,ask,60800,630.74
2024-09-15 11:47:27,BTCUSD_PERP,ask,60800,640.45
2024-09-15 11:47:28,BTCUSD_PERP,ask,60800,630.74
2024-09-15 11:47:29,BTCUSD_PERP,ask,60800,640.45
2024-09-15 11:47:40,BTCUSD_PERP,ask,60800,630.74
2024-09-15 11:47:40,BTCUSD_PERP,ask,60800,610.7
2024-09-15 11:47:42,BTCUSD_PERP,ask,60800,600.99
2024-09-15 11:47:44,BTCUSD_PERP,ask,60800,591.28
2024-09-15 11:47:46,BTCUSD_PERP,ask,60800,581.57
2024-09-15 11:47:48,BTCUSD_PERP,ask,60800,571.86
2024-09-15 11:47:51,BTCUSD_PERP,ask,60800,562.15
2024-09-15 11:47:52,BTCUSD_PERP,ask,60800,552.44
2024-09-15 11:47:58,BTCUSD_PERP,ask,60800,532.4
2024-09-15 11:48:02,BTCUSD_PERP,ask,60800,522.69
2024-09-15 11:48:03,BTCUSD_PERP,ask,60800,516.62
2024-09-15 11:48:04,BTCUSD_PERP,ask,60800,510.55
2024-09-15 11:48:12,BTCUSD_PERP,ask,60800,504.48
2024-09-15 11:48:17,BTCUSD_PERP,ask,60800,495.07
2024-09-15 12:22:16,BTCUSD_PERP,bid,59600,531.62
2024-09-15 12:22:16,BTCUSD_PERP,bid,59600,590.7
2024-09-15 12:22:16,BTCUSD_PERP,bid,59600,708.86
2024-09-15 12:22:17,BTCUSD_PERP,bid,59600,767.94
2024-09-15 12:22:18,BTCUSD_PERP,bid,59600,782.24
2024-09-15 12:23:55,BTCUSD_PERP,bid,59600,840.72
2024-09-15 12:24:01,BTCUSD_PERP,bid,59600,899.2
2024-09-15 12:24:02,BTCUSD_PERP,bid,59600,957.68
2024-09-15 12:24:03,BTCUSD_PERP,bid,59600,1016.16
2024-09-15 12:24:19,BTCUSD_PERP,bid,59600,1001.86
2024-09-15 12:24:20,BTCUSD_PERP,bid,59600,1016.16
2024-09-15 12:24:28,BTCUSD_PERP,bid,59600,1074.64
2024-09-15 12:24:29,BTCUSD_PERP,bid,59600,1133.12
2024-09-15 12:24:31,BTCUSD_PERP,bid,59600,1191.6
2024-09-15 12:26:21,BTCUSD_PERP,bid,59600,1177.3
2024-09-15 12:26:27,BTCUSD_PERP,bid,59600,1000.76
2024-09-15 12:26:27,BTCUSD_PERP,bid,59600,824.12
2024-09-15 12:26:27,BTCUSD_PERP,bid,59600,705.96
2024-09-15 12:26:27,BTCUSD_PERP,bid,59600,588.4
2024-09-15 12:26:27,BTCUSD_PERP,bid,59700,648.91
2024-09-15 12:26:28,BTCUSD_PERP,bid,59700,708.02
2024-09-15 12:43:08,BTCUSD_PERP,bid,59700,649.51
2024-09-15 12:43:08,BTCUSD_PERP,bid,59700,591.0
2024-09-15 12:57:39,BTCUSD_PERP,bid,59700,531.89
2024-09-15 12:57:40,BTCUSD_PERP,bid,59600,528.68
2024-09-15 12:57:40,BTCUSD_PERP,bid,59600,1059.08
2024-09-15 12:57:40,BTCUSD_PERP,bid,59600,1176.63
2024-09-15 12:57:40,BTCUSD_PERP,bid,59600,1235.71
2024-09-15 12:59:19,BTCUSD_PERP,ask,60800,494.24
2024-09-15 12:59:23,BTCUSD_PERP,ask,60800,494.24
2024-09-15 12:59:26,BTCUSD_PERP,ask,60800,500.31
2024-09-15 12:59:29,BTCUSD_PERP,ask,60800,500.31
2024-09-15 12:59:32,BTCUSD_PERP,ask,60800,520.36
2024-09-15 12:59:32,BTCUSD_PERP,ask,60800,510.64
2024-09-15 12:59:33,BTCUSD_PERP,ask,60800,500.92
2024-09-15 12:59:33,BTCUSD_PERP,ask,60800,510.64
2024-09-15 12:59:33,BTCUSD_PERP,ask,60800,520.36
2024-09-15 12:59:34,BTCUSD_PERP,ask,60800,510.64
2024-09-15 12:59:36,BTCUSD_PERP,ask,60800,520.36
2024-09-15 12:59:44,BTCUSD_PERP,ask,60800,510.64
2024-09-15 12:59:44,BTCUSD_PERP,ask,60800,520.36
2024-09-15 12:59:44,BTCUSD_PERP,ask,60800,514.29
2024-09-15 12:59:44,BTCUSD_PERP,ask,60800,520.36
2024-09-15 12:59:46,BTCUSD_PERP,ask,60800,514.29
2024-09-15 12:59:46,BTCUSD_PERP,ask,60800,520.36
2024-09-15 12:59:50,BTCUSD_PERP,ask,60800,510.64
2024-09-15 12:59:50,BTCUSD_PERP,ask,60800,520.36
2024-09-15 12:59:55,BTCUSD_PERP,ask,60800,514.29
2024-09-15 12:59:55,BTCUSD_PERP,ask,60800,520.36
2024-09-15 12:59:59,BTCUSD_PERP,ask,60800,510.94
2024-09-15 12:59:59,BTCUSD_PERP,ask,60800,520.36
