1726910302404,BTCUSDT,bid,47000,850.232
1726923556533,BTCUSDT,bid,47000,850.229
1726927714965,BTCUSDT,bid,47000,850.223
1726930623202,BTCUSDT,bid,47000,850.123
1726933354836,BTCUSDT,bid,47000,852.145
1726902402836,BTCUSD_PERP,ask,63600,506.86
1726902403105,BTCUSD_PERP,ask,63600,513.22
1726902403544,BTCUSD_PERP,ask,63600,506.86
1726902403958,BTCUSD_PERP,ask,63600,513.22
1726902412457,BTCUSD_PERP,ask,63600,534.21
1726902415804,BTCUSD_PERP,ask,63600,524.04
1726902416115,BTCUSD_PERP,ask,63600,534.21
1726902416944,BTCUSD_PERP,ask,63600,524.35
1726902417305,BTCUSD_PERP,ask,63600,534.21
1726902418906,BTCUSD_PERP,ask,63600,524.04
1726902419105,BTCUSD_PERP,ask,63600,534.21
1726902421651,BTCUSD_PERP,ask,63600,524.04
1726902421879,BTCUSD_PERP,ask,63600,534.21
1726902429328,BTCUSD_PERP,ask,63600,524.04
1726902429673,BTCUSD_PERP,ask,63600,534.21
1726902440706,BTCUSD_PERP,ask,63600,524.04
1726902442404,BTCUSD_PERP,ask,63600,513.87
1726902442510,BTCUSD_PERP,ask,63600,524.04
1726902442712,BTCUSD_PERP,ask,63600,534.21
1726902443655,BTCUSD_PERP,ask,63600,524.04
1726902445425,BTCUSD_PERP,ask,63600,534.21
1726902450428,BTCUSD_PERP,ask,63600,527.86
1726902450732,BTCUSD_PERP,ask,63600,534.21
1726902452238,BTCUSD_PERP,ask,63600,524.04
1726902452544,BTCUSD_PERP,ask,63600,534.21
1726902453993,BTCUSD_PERP,ask,63600,524.04
1726902454301,BTCUSD_PERP,ask,63600,534.21
1726902454910,BTCUSD_PERP,ask,63600,527.85
1726902455115,BTCUSD_PERP,ask,63600,534.21
1726902460109,BTCUSD_PERP,ask,63600,524.04
1726902460414,BTCUSD_PERP,ask,63600,534.21
1726902460513,BTCUSD_PERP,ask,63600,513.22
1726902460717,BTCUSD_PERP,ask,63600,534.21
1726902463660,BTCUSD_PERP,ask,63600,527.85
1726902464065,BTCUSD_PERP,ask,63600,521.49
1726902468333,BTCUSD_PERP,ask,63600,515.14
1726902473204,BTCUSD_PERP,ask,63600,508.78
1726902475289,BTCUSD_PERP,ask,63600,487.79
1726902476214,BTCUSD_PERP,ask,63600,477.62
1726902477173,BTCUSD_PERP,ask,63600,471.26
1726902519624,BTCUSD_PERP,bid,62400,555.73
1726903173593,BTCUSD_PERP,bid,62400,555.84
1726903173694,BTCUSD_PERP,bid,62400,617.67
1726903173794,BTCUSD_PERP,bid,62400,679.39
1726903412211,BTCUSD_PERP,bid,62400,617.56
1726903414372,BTCUSD_PERP,bid,62400,555.73
1726903461105,BTCUSD_PERP,bid,62400,567.89
1726903581305,BTCUSD_PERP,bid,62400,555.73
1726904174337,BTCUSD_PERP,bid,62400,494.53
1726904176883,BTCUSD_PERP,bid,62400,489.76
1726904560834,BTCUSD_PERP,bid,62400,556.64
1726904560941,BTCUSD_PERP,bid,62400,618.5
1726904561043,BTCUSD_PERP,bid,62400,493.3
1726904561144,BTCUSD_PERP,bid,62400,680.36
1726904562663,BTCUSD_PERP,bid,62400,680.51
1726904577026,BTCUSD_PERP,bid,62400,680.66
1726904583714,BTCUSD_PERP,bid,62400,680.81
1726904586803,BTCUSD_PERP,bid,62400,680.96
1726904634441,BTCUSD_PERP,bid,62400,695.94
1726904717430,BTCUSD_PERP,bid,62500,490.63
1726904717905,BTCUSD_PERP,bid,62500,551.88
1726904733881,BTCUSD_PERP,bid,62400,572.32
1726904734082,BTCUSD_PERP,bid,62400,510.46
1726904735098,BTCUSD_PERP,bid,62500,495.09
1726904735401,BTCUSD_PERP,bid,62500,556.99
1726904735601,BTCUSD_PERP,bid,62500,618.89
1726904735803,BTCUSD_PERP,bid,62400,540.37
1726904735803,BTCUSD_PERP,bid,62500,680.79
1726904736714,BTCUSD_PERP,bid,62500,490.63
1726904738962,BTCUSD_PERP,bid,62500,618.89
1726904739072,BTCUSD_PERP,bid,62500,556.99
1726904739381,BTCUSD_PERP,bid,62500,495.09
1726904740813,BTCUSD_PERP,bid,62500,495.41
1726904740909,BTCUSD_PERP,bid,62500,557.35
1726904741233,BTCUSD_PERP,bid,62500,619.29
1726904743248,BTCUSD_PERP,bid,62500,620.85
1726904827666,BTCUSD_PERP,bid,62500,558.91
1726904946587,BTCUSD_PERP,bid,62500,495.34
1726904946793,BTCUSD_PERP,bid,62500,557.27
1726905020651,BTCUSD_PERP,bid,62500,495.66
1726905020851,BTCUSD_PERP,bid,62500,557.63
1726905102410,BTCUSD_PERP,bid,62500,556.54
1726905102619,BTCUSD_PERP,bid,62500,618.46
1726905447896,BTCUSD_PERP,bid,62500,491.12
1726905683791,BTCUSD_PERP,bid,62500,494.62
1726905684604,BTCUSD_PERP,bid,62500,556.29
1726905684729,BTCUSD_PERP,bid,62500,618.25
1726905684991,BTCUSD_PERP,bid,62500,680.21
1726905685418,BTCUSD_PERP,bid,62500,681.77
1726905686093,BTCUSD_PERP,bid,62500,743.1
1726905725036,BTCUSD_PERP,bid,62500,758.1
1726905727505,BTCUSD_PERP,bid,62500,770.29
1726905807122,BTCUSD_PERP,bid,62500,768.73
1726905828932,BTCUSD_PERP,bid,62500,617.92
1726905829138,BTCUSD_PERP,bid,62500,679.85
1726906362360,BTCUSD_PERP,bid,62500,617.54
1726906362457,BTCUSD_PERP,bid,62500,679.43
1726907363031,BTCUSD_PERP,bid,62500,556.91
1726907697648,BTCUSD_PERP,ask,63700,472.24
1726907698080,BTCUSD_PERP,ask,63700,482.42
1726909404342,BTCUSD_PERP,ask,63700,474.79
1726909409312,BTCUSD_PERP,ask,63700,484.96
1726909445011,BTCUSD_PERP,ask,63700,474.78
1726910303019,BTCUSD_PERP,ask,63700,478.78
1726910414202,BTCUSD_PERP,bid,62500,493.54
1726910712467,BTCUSD_PERP,bid,62500,493.78
1726910713805,BTCUSD_PERP,bid,62500,493.93
1726910714762,BTCUSD_PERP,bid,62500,494.08
1726910720689,BTCUSD_PERP,bid,62500,494.23
1726910730077,BTCUSD_PERP,bid,62500,494.38
1726910735983,BTCUSD_PERP,bid,62500,494.53
1726910736282,BTCUSD_PERP,bid,62500,506.72
1726910740350,BTCUSD_PERP,bid,62500,506.87
1726910856562,BTCUSD_PERP,bid,62500,494.68
1726910915767,BTCUSD_PERP,bid,62500,494.53
1726910919470,BTCUSD_PERP,bid,62500,494.38
1726910923790,BTCUSD_PERP,bid,62500,494.23
1726910932993,BTCUSD_PERP,bid,62500,494.08
1726910945679,BTCUSD_PERP,bid,62500,493.93
1726910948783,BTCUSD_PERP,bid,62500,493.78
1726911647962,BTCUSD_PERP,bid,62500,493.54
1726911707537,BTCUSD_PERP,bid,62500,494.32
1726911707739,BTCUSD_PERP,bid,62500,555.65
1726911712948,BTCUSD_PERP,bid,62500,567.84
1726911833446,BTCUSD_PERP,bid,62500,555.65
1726912227706,BTCUSD_PERP,bid,62500,615.97
1726912227805,BTCUSD_PERP,bid,62500,677.89
1726912470430,BTCUSD_PERP,bid,62500,616.07
1726912476444,BTCUSD_PERP,bid,62500,554.15
1726912635130,BTCUSD_PERP,bid,62500,553.79
1726912635225,BTCUSD_PERP,bid,62500,615.74
1726913392155,BTCUSD_PERP,ask,63700,480.3
1726913396319,BTCUSD_PERP,ask,63700,486.67
1726913399777,BTCUSD_PERP,ask,63700,507.69
1726913402745,BTCUSD_PERP,ask,63700,501.32
1726913402942,BTCUSD_PERP,ask,63700,494.95
1726913404467,BTCUSD_PERP,ask,63700,484.76
1726913422851,BTCUSD_PERP,ask,63700,474.57
1726913905963,BTCUSD_PERP,bid,62500,861.95
1726913906064,BTCUSD_PERP,bid,62500,923.83
1726913906159,BTCUSD_PERP,bid,62500,985.71
1726913907895,BTCUSD_PERP,bid,62500,1046.96
1726913910429,BTCUSD_PERP,bid,62500,1059.13
1726914030555,BTCUSD_PERP,bid,62500,1046.96
1726914118664,BTCUSD_PERP,bid,62400,493.54
1726914118761,BTCUSD_PERP,bid,62400,861.51
1726914118866,BTCUSD_PERP,bid,62400,923.36
1726915119010,BTCUSD_PERP,bid,62400,862.13
1726915119121,BTCUSD_PERP,bid,62400,739.69
1726915119332,BTCUSD_PERP,bid,62400,678.47
1726915119433,BTCUSD_PERP,bid,62400,556.02
1726915119931,BTCUSD_PERP,bid,62400,494.8
1726915121204,BTCUSD_PERP,bid,62500,502.86
1726915121858,BTCUSD_PERP,bid,62500,564.12
1726915124705,BTCUSD_PERP,bid,62500,565.68
1726915231104,BTCUSD_PERP,bid,62500,553.51
1726915245479,BTCUSD_PERP,bid,62500,551.95
1726915523404,BTCUSD_PERP,bid,62500,495.04
1726915541312,BTCUSD_PERP,bid,62500,497.28
1726915554906,BTCUSD_PERP,bid,62500,497.43
1726915662119,BTCUSD_PERP,bid,62500,495.19
1726915741923,BTCUSD_PERP,bid,62400,494.8
1726915741923,BTCUSD_PERP,bid,62500,490.69
1726915743387,BTCUSD_PERP,bid,62400,551.61
1726915757605,BTCUSD_PERP,bid,62400,566.58
1726915791564,BTCUSD_PERP,bid,62400,494.56
1726915792405,BTCUSD_PERP,bid,62400,490.16
1726915792724,BTCUSD_PERP,bid,62400,551.35
1726915799615,BTCUSD_PERP,bid,62400,551.5
1726915823823,BTCUSD_PERP,bid,62400,551.65
1726915844160,BTCUSD_PERP,bid,62400,563.81
1726915845343,BTCUSD_PERP,ask,63600,476.62
1726915848662,BTCUSD_PERP,ask,63600,486.79
1726915850408,BTCUSD_PERP,bid,62400,565.36
1726915850805,BTCUSD_PERP,ask,63600,493.15
1726915850945,BTCUSD_PERP,ask,63600,503.32
1726915853596,BTCUSD_PERP,ask,63600,513.49
1726915856474,BTCUSD_PERP,ask,63600,503.32
1726915858342,BTCUSD_PERP,ask,63600,513.49
1726915866643,BTCUSD_PERP,ask,63600,503.64
1726915866966,BTCUSD_PERP,ask,63600,513.49
1726915867808,BTCUSD_PERP,ask,63600,503.32
1726915868084,BTCUSD_PERP,ask,63600,513.49
1726915869421,BTCUSD_PERP,ask,63600,503.32
1726915869805,BTCUSD_PERP,ask,63600,513.49
1726915873105,BTCUSD_PERP,ask,63600,507.13
1726915873326,BTCUSD_PERP,ask,63600,496.96
1726915874521,BTCUSD_PERP,ask,63600,486.79
1726915884813,BTCUSD_PERP,ask,63600,480.43
1726915887187,BTCUSD_PERP,ask,63600,474.07
1726915964394,BTCUSD_PERP,bid,62400,553.2
1726915970765,BTCUSD_PERP,bid,62400,551.65
1726916013067,BTCUSD_PERP,bid,62400,551.5
1726916037736,BTCUSD_PERP,bid,62400,551.35
1726916642691,BTCUSD_PERP,bid,62400,493.56
1726916642991,BTCUSD_PERP,bid,62400,554.79
1726916643398,BTCUSD_PERP,bid,62400,616.64
1726916643506,BTCUSD_PERP,bid,62400,677.87
1726916643614,BTCUSD_PERP,bid,62400,739.1
1726916643717,BTCUSD_PERP,bid,62400,800.32
1726916643819,BTCUSD_PERP,bid,62400,923.4
1726916643921,BTCUSD_PERP,bid,62400,984.63
1726916644019,BTCUSD_PERP,bid,62400,1108.33
1726916644126,BTCUSD_PERP,bid,62400,1170.18
1726917213377,BTCUSD_PERP,bid,62400,1108.96
1726917214336,BTCUSD_PERP,bid,62400,678.49
1726917214434,BTCUSD_PERP,bid,62500,800.16
1726917214538,BTCUSD_PERP,bid,62500,923.31
1726917352427,BTCUSD_PERP,bid,62500,862.05
1726917352526,BTCUSD_PERP,bid,62500,738.9
1726917352724,BTCUSD_PERP,bid,62500,677.01
1726917352829,BTCUSD_PERP,bid,62500,553.86
1726917352933,BTCUSD_PERP,bid,62500,491.97
1726917353133,BTCUSD_PERP,bid,62500,493.56
1726917353849,BTCUSD_PERP,bid,62500,554.12
1726917353948,BTCUSD_PERP,bid,62500,616.05
1726917915142,BTCUSD_PERP,bid,62500,493.2
1726917915346,BTCUSD_PERP,bid,62500,493.94
1726918918347,BTCUSD_PERP,bid,62500,519.12
1726918928574,BTCUSD_PERP,bid,62500,521.36
1726918959335,BTCUSD_PERP,bid,62500,521.51
1726918973705,BTCUSD_PERP,bid,62500,521.66
1726918977277,BTCUSD_PERP,bid,62500,521.81
1726918990895,BTCUSD_PERP,bid,62500,520.25
1726919020450,BTCUSD_PERP,bid,62500,508.07
1726919021036,BTCUSD_PERP,bid,62500,493.08
1726919048917,BTCUSD_PERP,bid,62500,490.84
1726919085720,BTCUSD_PERP,ask,63700,472.02
1726919086091,BTCUSD_PERP,ask,63700,472.02
1726919089190,BTCUSD_PERP,bid,62500,490.69
1726919091348,BTCUSD_PERP,ask,63700,472.02
1726919094907,BTCUSD_PERP,ask,63700,472.02
1726919099120,BTCUSD_PERP,ask,63700,472.02
1726919099778,BTCUSD_PERP,ask,63700,472.02
1726919102823,BTCUSD_PERP,ask,63700,472.02
1726919106462,BTCUSD_PERP,bid,62500,495.41
1726919106563,BTCUSD_PERP,bid,62500,557.35
1726919106660,BTCUSD_PERP,bid,62500,619.29
1726919106770,BTCUSD_PERP,bid,62500,540.69
1726919165797,BTCUSD_PERP,bid,62500,490.54
1726919181283,BTCUSD_PERP,bid,62500,490.39
1726919185160,BTCUSD_PERP,bid,62500,490.24
1726919920750,BTCUSD_PERP,bid,62500,522.12
1726919926400,BTCUSD_PERP,bid,62500,522.27
1726919940037,BTCUSD_PERP,bid,62500,521.97
1726919940130,BTCUSD_PERP,bid,62500,521.37
1726919957734,BTCUSD_PERP,bid,62500,519.81
1726919958005,BTCUSD_PERP,bid,62500,521.37
1726919987882,BTCUSD_PERP,bid,62500,506.38
1726919988095,BTCUSD_PERP,bid,62500,521.37
1726919997405,BTCUSD_PERP,bid,62500,509.19
1726919999180,BTCUSD_PERP,bid,62500,521.37
1726920015701,BTCUSD_PERP,bid,62500,519.13
1726920078559,BTCUSD_PERP,bid,62500,517.57
1726920109121,BTCUSD_PERP,bid,62500,502.58
1726920119720,BTCUSD_PERP,bid,62500,490.4
1726920524254,BTCUSD_PERP,bid,62500,557.35
1726920541717,BTCUSD_PERP,bid,62500,495.41
1726920548052,BTCUSD_PERP,bid,62500,494.29
1726921787200,BTCUSD_PERP,bid,62500,490.16
1726922103183,BTCUSD_PERP,bid,62500,492.26
1726922103279,BTCUSD_PERP,bid,62500,554.18
1726922103387,BTCUSD_PERP,bid,62500,615.48
1726922103483,BTCUSD_PERP,bid,62500,676.78
1726922773757,BTCUSD_PERP,bid,62500,615.48
1726922773863,BTCUSD_PERP,bid,62500,553.29
1726922976660,BTCUSD_PERP,bid,62500,492.02
1726923275730,BTCUSD_PERP,bid,62500,552.68
1726923275930,BTCUSD_PERP,bid,62500,614.64
1726923276238,BTCUSD_PERP,bid,62500,676.6
1726923276440,BTCUSD_PERP,bid,62500,738.56
1726923276745,BTCUSD_PERP,bid,62500,800.52
1726923280410,BTCUSD_PERP,bid,62500,802.76
1726923401005,BTCUSD_PERP,bid,62500,800.52
1726923512377,BTCUSD_PERP,bid,62500,676.6
1726923512580,BTCUSD_PERP,bid,62500,614.64
1726923512776,BTCUSD_PERP,bid,62500,491.34
1726923513809,BTCUSD_PERP,bid,62600,492.3
1726923513902,BTCUSD_PERP,bid,62600,554.2
1726923661258,BTCUSD_PERP,bid,62600,492.3
1726923662167,BTCUSD_PERP,bid,62600,493.28
1726923688592,BTCUSD_PERP,bid,62500,862.64
1726923749710,BTCUSD_PERP,bid,62500,800.7
1726923749813,BTCUSD_PERP,bid,62500,739.39
1726923750012,BTCUSD_PERP,bid,62500,678.08
1726923750122,BTCUSD_PERP,bid,62500,616.14
1726923750432,BTCUSD_PERP,bid,62500,554.83
1726923750532,BTCUSD_PERP,bid,62500,492.89
1726923750736,BTCUSD_PERP,bid,62600,493.74
1726923752773,BTCUSD_PERP,bid,62600,493.48
1726923968952,BTCUSD_PERP,bid,62500,493.04
1726923976535,BTCUSD_PERP,bid,62500,508.04
1726924082084,BTCUSD_PERP,bid,62500,678.32
1726924639679,BTCUSD_PERP,bid,62500,554.52
1726924921319,BTCUSD_PERP,bid,62600,492.58
1726925127676,BTCUSD_PERP,bid,62500,493.78
1726925129787,BTCUSD_PERP,bid,62500,505.96
1726925144405,BTCUSD_PERP,bid,62500,506.11
1726925145158,BTCUSD_PERP,bid,62500,506.26
1726925154714,BTCUSD_PERP,bid,62500,507.82
1726925250280,BTCUSD_PERP,bid,62500,495.64
1726925275419,BTCUSD_PERP,bid,62500,494.08
1726925324027,BTCUSD_PERP,bid,62600,493.87
1726925327609,BTCUSD_PERP,bid,62600,494.02
1726925336017,BTCUSD_PERP,bid,62600,496.27
1726925343162,BTCUSD_PERP,bid,62600,496.42
1726925350297,BTCUSD_PERP,bid,62600,496.57
1726925350685,BTCUSD_PERP,bid,62600,496.72
1726925368005,BTCUSD_PERP,bid,62600,514.23
1726925374165,BTCUSD_PERP,bid,62600,526.42
1726925456621,BTCUSD_PERP,bid,62600,524.17
1726925488829,BTCUSD_PERP,bid,62600,506.66
1726925494539,BTCUSD_PERP,bid,62600,494.47
1726925541230,BTCUSD_PERP,bid,62600,494.32
1726925551001,BTCUSD_PERP,bid,62600,494.17
1726925552526,BTCUSD_PERP,bid,62600,494.02
1726925562107,BTCUSD_PERP,bid,62600,493.87
1726926694758,BTCUSD_PERP,bid,62600,494.43
1726926694859,BTCUSD_PERP,bid,62600,555.84
1726926744983,BTCUSD_PERP,bid,62600,493.8
1726926746101,BTCUSD_PERP,bid,62700,557.47
1726926753578,BTCUSD_PERP,bid,62600,495.14
1726927209469,BTCUSD_PERP,bid,62600,494.51
1726927209570,BTCUSD_PERP,bid,62600,618.61
1726927210005,BTCUSD_PERP,bid,62600,680.66
1726927210211,BTCUSD_PERP,bid,62600,742.61
1726927210420,BTCUSD_PERP,bid,62600,866.08
1726927210728,BTCUSD_PERP,bid,62600,928.13
1726927210831,BTCUSD_PERP,bid,62600,989.55
1726927655341,BTCUSD_PERP,bid,62600,741.98
1726927655442,BTCUSD_PERP,bid,62600,926.99
1726927655648,BTCUSD_PERP,bid,62600,989.01
1726928550154,BTCUSD_PERP,bid,62600,1001.21
1726928655817,BTCUSD_PERP,bid,62600,939.83
1726928655921,BTCUSD_PERP,bid,62600,878.45
1726928656019,BTCUSD_PERP,bid,62600,755.69
1726928656327,BTCUSD_PERP,bid,62600,694.31
1726928670480,BTCUSD_PERP,bid,62600,682.11
1726929111105,BTCUSD_PERP,bid,62600,744.5
1726929111206,BTCUSD_PERP,bid,62600,806.55
1726929120205,BTCUSD_PERP,bid,62600,824.08
1726929241063,BTCUSD_PERP,bid,62600,806.55
1726929306213,BTCUSD_PERP,bid,62600,682.45
1726929306319,BTCUSD_PERP,bid,62600,496.4
1726929436472,BTCUSD_PERP,bid,62600,495.22
1726929436577,BTCUSD_PERP,bid,62600,557.28
1726929591313,BTCUSD_PERP,bid,62600,495.22
1726929592248,BTCUSD_PERP,bid,62700,495.46
1726929592871,BTCUSD_PERP,bid,62700,557.55
1726929592970,BTCUSD_PERP,bid,62700,619.01
1726929593790,BTCUSD_PERP,bid,62700,619.16
1726929805410,BTCUSD_PERP,bid,62700,619.01
1726929930062,BTCUSD_PERP,bid,62700,495.46
1726930779204,BTCUSD_PERP,bid,62700,619.6
1726930779308,BTCUSD_PERP,bid,62700,743.29
1726930779729,BTCUSD_PERP,bid,62700,805.45
1726930779942,BTCUSD_PERP,bid,62700,867.61
1726930780258,BTCUSD_PERP,bid,62700,991.3
1726930780362,BTCUSD_PERP,bid,62700,481.2
1726930780453,BTCUSD_PERP,bid,62700,542.68
1726930820968,BTCUSD_PERP,bid,62700,804.94
1726930821062,BTCUSD_PERP,bid,62600,480.33
1726930821062,BTCUSD_PERP,bid,62700,867.06
1726930821169,BTCUSD_PERP,bid,62600,542.35
1726930821169,BTCUSD_PERP,bid,62700,929.18
1726930961565,BTCUSD_PERP,bid,62700,866.0
1726930961667,BTCUSD_PERP,bid,62600,480.04
1726930961667,BTCUSD_PERP,bid,62700,928.09
1726930997659,BTCUSD_PERP,bid,62600,479.86
1726930997659,BTCUSD_PERP,bid,62600,927.64
1726930997870,BTCUSD_PERP,bid,62600,541.81
1726930997870,BTCUSD_PERP,bid,62600,989.7
1726930997972,BTCUSD_PERP,bid,62600,991.26
1726931120542,BTCUSD_PERP,bid,62600,989.7
1726931178363,BTCUSD_PERP,bid,62600,479.81
1726931178363,BTCUSD_PERP,bid,62600,928.27
1726931178463,BTCUSD_PERP,bid,62600,866.21
1726931178769,BTCUSD_PERP,bid,62600,802.45
1726931178876,BTCUSD_PERP,bid,62600,988.54
1726931178975,BTCUSD_PERP,bid,62500,479.52
1726931178975,BTCUSD_PERP,bid,62600,1050.57
1726931425679,BTCUSD_PERP,bid,62600,741.17
1726931425768,BTCUSD_PERP,bid,62600,864.61
1726931425977,BTCUSD_PERP,bid,62600,926.6
1726931427604,BTCUSD_PERP,bid,62500,494.35
1726931489311,BTCUSD_PERP,bid,62500,617.94
1726931509857,BTCUSD_PERP,bid,62500,494.4
1726931509960,BTCUSD_PERP,bid,62500,555.72
1726931529533,BTCUSD_PERP,bid,62600,496.59
1726931529636,BTCUSD_PERP,bid,62600,558.48
1726931529737,BTCUSD_PERP,bid,62600,619.85
1726931530045,BTCUSD_PERP,bid,62600,681.84
1726931530238,BTCUSD_PERP,bid,62600,743.83
1726931530346,BTCUSD_PERP,bid,62600,805.19
1726931530546,BTCUSD_PERP,bid,62600,929.17
1726931609859,BTCUSD_PERP,bid,62600,682.47
1726931609956,BTCUSD_PERP,bid,62500,801.7
1726931610059,BTCUSD_PERP,bid,62500,925.51
1726931618074,BTCUSD_PERP,bid,62500,863.55
1726931618284,BTCUSD_PERP,bid,62500,802.22
1726931618912,BTCUSD_PERP,bid,62500,740.26
1726931619018,BTCUSD_PERP,bid,62500,616.97
1726931619118,BTCUSD_PERP,bid,62500,493.44
1726931619118,BTCUSD_PERP,bid,62500,555.64
1726931619218,BTCUSD_PERP,bid,62500,739.86
1726931619420,BTCUSD_PERP,bid,62500,801.78
1726931773724,BTCUSD_PERP,bid,62500,739.86
1726931774132,BTCUSD_PERP,bid,62500,678.56
1726931774237,BTCUSD_PERP,bid,62500,616.64
1726931774338,BTCUSD_PERP,bid,62500,555.36
1726931774844,BTCUSD_PERP,bid,62500,492.49
1726931774943,BTCUSD_PERP,bid,62500,554.45
1726931775452,BTCUSD_PERP,bid,62500,616.41
1726931775552,BTCUSD_PERP,bid,62500,678.37
1726931775649,BTCUSD_PERP,bid,62500,740.33
1726931990654,BTCUSD_PERP,bid,62500,617.05
1726931990757,BTCUSD_PERP,bid,62500,493.76
1726931991773,BTCUSD_PERP,bid,62600,494.03
1726931991875,BTCUSD_PERP,bid,62600,555.39
1726931992079,BTCUSD_PERP,bid,62600,617.38
1726931992285,BTCUSD_PERP,bid,62600,740.73
1726931992382,BTCUSD_PERP,bid,62600,802.72
1726932122443,BTCUSD_PERP,bid,62600,740.73
1726932122645,BTCUSD_PERP,bid,62600,678.74
1726932122740,BTCUSD_PERP,bid,62600,616.75
1726932122842,BTCUSD_PERP,bid,62600,555.39
1726932122944,BTCUSD_PERP,bid,62600,494.03
1726932124176,BTCUSD_PERP,bid,62600,494.98
1726932124291,BTCUSD_PERP,bid,62600,557.01
1726932124401,BTCUSD_PERP,bid,62600,618.41
1726932471877,BTCUSD_PERP,bid,62600,556.38
1726932472395,BTCUSD_PERP,bid,62600,495.74
1726932472702,BTCUSD_PERP,bid,62600,557.8
1726932472809,BTCUSD_PERP,bid,62600,681.29
1726932472907,BTCUSD_PERP,bid,62600,742.72
1726932473019,BTCUSD_PERP,bid,62600,804.78
1726932473124,BTCUSD_PERP,bid,62600,866.21
1726932473238,BTCUSD_PERP,bid,62600,928.27
1726932759732,BTCUSD_PERP,bid,62500,494.42
1726932759834,BTCUSD_PERP,bid,62600,741.73
1726932760037,BTCUSD_PERP,bid,62600,803.76
1726932884977,BTCUSD_PERP,bid,62600,741.73
1726932885291,BTCUSD_PERP,bid,62600,680.33
1726932885391,BTCUSD_PERP,bid,62600,556.9
1726932885480,BTCUSD_PERP,bid,62600,494.87
1726932886410,BTCUSD_PERP,bid,62600,494.59
1726932886646,BTCUSD_PERP,bid,62600,556.54
1726932886730,BTCUSD_PERP,bid,62600,680.66
1726932886868,BTCUSD_PERP,bid,62600,742.72
1726933339147,BTCUSD_PERP,bid,62600,803.77
1726933339248,BTCUSD_PERP,bid,62600,865.8
1726933669087,BTCUSD_PERP,bid,62600,557.56
1726933669183,BTCUSD_PERP,bid,62600,987.32
1726933669288,BTCUSD_PERP,bid,62600,1111.3
1726933669380,BTCUSD_PERP,bid,62500,494.91
1726933669380,BTCUSD_PERP,bid,62600,1173.29
1726933772472,BTCUSD_PERP,bid,62600,926.59
1726933772568,BTCUSD_PERP,bid,62600,988.37
1726933772657,BTCUSD_PERP,bid,62600,1049.75
1726933772723,BTCUSD_PERP,bid,62500,495.15
1726933772723,BTCUSD_PERP,bid,62600,1111.77
1726933773205,BTCUSD_PERP,bid,62600,1173.79
1726933782345,BTCUSD_PERP,bid,62600,1173.94
1726933785175,BTCUSD_PERP,bid,62600,1174.09
1726933786805,BTCUSD_PERP,bid,62600,1175.65
1726933788873,BTCUSD_PERP,bid,62600,1175.8
1726933789104,BTCUSD_PERP,bid,62600,1178.05
1726933790775,BTCUSD_PERP,bid,62600,1178.2
1726933795805,BTCUSD_PERP,bid,62600,1178.35
1726933801670,BTCUSD_PERP,bid,62600,1190.55
1726933803400,BTCUSD_PERP,bid,62600,1208.07
1726933907420,BTCUSD_PERP,bid,62600,1206.51
1726933910244,BTCUSD_PERP,bid,62600,1204.26
1726933922048,BTCUSD_PERP,bid,62600,1192.06
1726933924105,BTCUSD_PERP,bid,62600,1174.54
1726933955342,BTCUSD_PERP,bid,62600,1113.16
1726933955447,BTCUSD_PERP,bid,62600,989.76
1726933955554,BTCUSD_PERP,bid,62600,927.74
1726933955667,BTCUSD_PERP,bid,62600,865.72
1726933955757,BTCUSD_PERP,bid,62600,804.34
1726933955878,BTCUSD_PERP,bid,62600,742.43
1726933955878,BTCUSD_PERP,bid,62600,493.78
1726933955974,BTCUSD_PERP,bid,62600,680.41
1726933956081,BTCUSD_PERP,bid,62600,557.65
1726933956081,BTCUSD_PERP,bid,62600,617.25
1726933956178,BTCUSD_PERP,bid,62600,678.67
1726933956261,BTCUSD_PERP,bid,62600,496.27
1726933956261,BTCUSD_PERP,bid,62600,740.09
1726933956400,BTCUSD_PERP,bid,62600,802.14
1726933956609,BTCUSD_PERP,bid,62600,926.24
1726933956724,BTCUSD_PERP,bid,62600,1050.34
1726933956854,BTCUSD_PERP,bid,62600,1174.44
1726933957304,BTCUSD_PERP,bid,62600,1235.86
1726933957400,BTCUSD_PERP,bid,62600,495.41
1726933991193,BTCUSD_PERP,bid,62600,1236.01
1726933991305,BTCUSD_PERP,bid,62600,1236.16
1726933995528,BTCUSD_PERP,bid,62600,1236.31
1726934001105,BTCUSD_PERP,bid,62600,1236.46
1726934006239,BTCUSD_PERP,bid,62600,1236.61
1726934024405,BTCUSD_PERP,bid,62600,1236.76
1726934028472,BTCUSD_PERP,bid,62600,1238.32
1726934031141,BTCUSD_PERP,bid,62600,1240.57
1726934149704,BTCUSD_PERP,bid,62600,1239.01
1726934151596,BTCUSD_PERP,bid,62600,1236.76
1726934196493,BTCUSD_PERP,bid,62600,1236.61
1726934197010,BTCUSD_PERP,bid,62600,1236.46
1726934198229,BTCUSD_PERP,bid,62600,1236.31
1726934212570,BTCUSD_PERP,bid,62600,1236.16
1726934220447,BTCUSD_PERP,bid,62600,1236.01
1726934234894,BTCUSD_PERP,bid,62600,1235.86
1726934256803,BTCUSD_PERP,bid,62600,1112.39
1726934257011,BTCUSD_PERP,bid,62600,1050.97
1726934257115,BTCUSD_PERP,bid,62600,989.55
1726934257215,BTCUSD_PERP,bid,62600,927.5
1726934257625,BTCUSD_PERP,bid,62600,803.4
1726934257827,BTCUSD_PERP,bid,62600,493.64
1726934257827,BTCUSD_PERP,bid,62600,679.93
1726934257925,BTCUSD_PERP,bid,62600,618.51
1726934258033,BTCUSD_PERP,bid,62600,617.05
1726934258033,BTCUSD_PERP,bid,62600,556.46
1726934258137,BTCUSD_PERP,bid,62600,741.09
1726934258137,BTCUSD_PERP,bid,62600,494.41
1726934258237,BTCUSD_PERP,bid,62600,864.5
1726934258543,BTCUSD_PERP,bid,62500,495.14
1726934258543,BTCUSD_PERP,bid,62600,926.52
1726934258644,BTCUSD_PERP,bid,62600,1049.93
1726934258743,BTCUSD_PERP,bid,62600,1111.84
1726934258946,BTCUSD_PERP,bid,62600,1235.25
1726934635750,BTCUSD_PERP,bid,62600,1111.21
1726934637397,BTCUSD_PERP,bid,62600,1049.82
1726934639810,BTCUSD_PERP,bid,62600,740.09
1726934639916,BTCUSD_PERP,bid,62600,1049.71
1726934640017,BTCUSD_PERP,bid,62600,495.41
1726934640017,BTCUSD_PERP,bid,62600,1111.76
1726934712222,BTCUSD_PERP,ask,64000,468.73
1726934713302,BTCUSD_PERP,ask,64000,477.04
1726934715449,BTCUSD_PERP,ask,64000,497.5
1726934753752,BTCUSD_PERP,ask,64000,487.27
1726934759977,BTCUSD_PERP,ask,64000,477.36
1726934780714,BTCUSD_PERP,bid,62600,1049.71
1726934780925,BTCUSD_PERP,bid,62600,987.66
1726934781024,BTCUSD_PERP,bid,62600,926.24
1726934781337,BTCUSD_PERP,bid,62600,864.82
1726934781541,BTCUSD_PERP,bid,62600,803.4
1726934781640,BTCUSD_PERP,bid,62600,680.03
1726934781741,BTCUSD_PERP,bid,62700,494.65
1726934781842,BTCUSD_PERP,bid,62600,556.56
1726934781842,BTCUSD_PERP,bid,62700,618.19
1726934781947,BTCUSD_PERP,bid,62700,742.35
1726934782247,BTCUSD_PERP,bid,62700,927.96
1726934782350,BTCUSD_PERP,bid,62700,990.04
1726934782452,BTCUSD_PERP,bid,62700,1051.49
1726934782660,BTCUSD_PERP,bid,62600,495.65
1726934782660,BTCUSD_PERP,bid,62700,1112.95
1726935220819,BTCUSD_PERP,bid,62700,1050.87
1726935220949,BTCUSD_PERP,bid,62700,989.41
1726935221166,BTCUSD_PERP,bid,62700,865.88
1726935221494,BTCUSD_PERP,bid,62700,803.8
1726935221597,BTCUSD_PERP,bid,62600,555.98
1726935221597,BTCUSD_PERP,bid,62700,680.27
1726935221697,BTCUSD_PERP,bid,62600,618.03
1726935221697,BTCUSD_PERP,bid,62700,618.19
1726935221902,BTCUSD_PERP,bid,62600,742.13
1726935221902,BTCUSD_PERP,bid,62700,494.03
1726935222107,BTCUSD_PERP,bid,62600,865.6
1726935222208,BTCUSD_PERP,bid,62600,927.65
1726935222312,BTCUSD_PERP,bid,62600,495.38
1726935222312,BTCUSD_PERP,bid,62600,989.07
1726935222410,BTCUSD_PERP,bid,62600,1050.49
1726935222512,BTCUSD_PERP,bid,62600,1112.43
1726935222613,BTCUSD_PERP,bid,62600,1235.9
1726935236750,BTCUSD_PERP,bid,62600,1237.46
1726935239618,BTCUSD_PERP,bid,62600,1239.71
1726935248749,BTCUSD_PERP,ask,63900,470.85
1726935252154,BTCUSD_PERP,ask,63900,477.23
1726935357463,BTCUSD_PERP,bid,62600,1238.15
1726935361781,BTCUSD_PERP,bid,62600,1235.9
1726935472554,BTCUSD_PERP,bid,62600,1173.18
1726935472761,BTCUSD_PERP,bid,62500,495.09
1726935472761,BTCUSD_PERP,bid,62600,1235.2
1726935621560,BTCUSD_PERP,bid,62600,1173.18
1726935621660,BTCUSD_PERP,bid,62600,987.87
1726935621865,BTCUSD_PERP,bid,62600,802.51
1726935621970,BTCUSD_PERP,bid,62600,1173.13
1726935622073,BTCUSD_PERP,bid,62500,494.85
1726935650770,BTCUSD_PERP,bid,62600,1111.78
1726935650973,BTCUSD_PERP,bid,62500,678.83
1726935651071,BTCUSD_PERP,bid,62500,1110.61
1726935651172,BTCUSD_PERP,bid,62500,494.61
1726935651172,BTCUSD_PERP,bid,62500,1172.56
1726935827963,BTCUSD_PERP,bid,62500,1049.29
1726935828063,BTCUSD_PERP,bid,62500,987.34
1726935828163,BTCUSD_PERP,bid,62500,864.07
1726935828465,BTCUSD_PERP,bid,62500,802.75
1726935828564,BTCUSD_PERP,bid,62500,740.8
1726935828889,BTCUSD_PERP,bid,62500,617.52
1726935828983,BTCUSD_PERP,bid,62600,617.9
1726935829100,BTCUSD_PERP,bid,62600,679.26
1726935905143,BTCUSD_PERP,bid,62600,617.27
1726935905352,BTCUSD_PERP,bid,62600,555.91
1726935905653,BTCUSD_PERP,bid,62600,493.92
1726935906052,BTCUSD_PERP,bid,62600,555.09
1726935906158,BTCUSD_PERP,bid,62600,617.11
1726935906262,BTCUSD_PERP,bid,62600,741.04
1726935906467,BTCUSD_PERP,bid,62600,803.06
1726935936720,BTCUSD_PERP,bid,62600,741.67
1726935936950,BTCUSD_PERP,bid,62600,679.65
1726935937164,BTCUSD_PERP,bid,62600,618.26
1726935937480,BTCUSD_PERP,bid,62600,556.24
1726935937607,BTCUSD_PERP,bid,62600,494.85
1726935938004,BTCUSD_PERP,bid,62600,555.94
1726935938118,BTCUSD_PERP,bid,62600,617.89
1726935938432,BTCUSD_PERP,bid,62600,679.94
1726935938555,BTCUSD_PERP,bid,62600,741.37
1726935938644,BTCUSD_PERP,bid,62600,803.42
1726935938766,BTCUSD_PERP,bid,62600,864.85
1726935938978,BTCUSD_PERP,bid,62600,865.0
1726936125133,BTCUSD_PERP,bid,62600,802.95
1726936125332,BTCUSD_PERP,bid,62600,740.9
1726936125433,BTCUSD_PERP,bid,62600,679.47
1726936125636,BTCUSD_PERP,bid,62600,618.05
1726936125739,BTCUSD_PERP,bid,62600,556.0
1726936126043,BTCUSD_PERP,bid,62600,740.98
1726936126235,BTCUSD_PERP,bid,62600,803.0
1726936149201,BTCUSD_PERP,bid,62600,741.61
1726936149405,BTCUSD_PERP,bid,62500,494.28
1726936149405,BTCUSD_PERP,bid,62600,802.58
1726936149506,BTCUSD_PERP,bid,62600,864.57
1726936149605,BTCUSD_PERP,bid,62500,556.16
