2024-08-29 07:00:43,ETHUSDT,bid,2440,9535.404
2024-08-29 07:01:08,ETHUSDT,bid,2400,11423.77
2024-08-29 07:01:32,ETHUSDT,bid,2400,11423.67
2024-08-29 07:02:25,ETHUSDT,bid,2450,5402.349
2024-08-29 07:02:30,ETHUSDT,bid,2200,5128.589
2024-08-29 07:03:32,ETHUSDT,bid,2440,9535.282
2024-08-29 07:05:28,ETHUSDT,bid,2400,11424.905
2024-08-29 07:05:54,ETHUSDT,bid,1950,5363.502
2024-08-29 07:06:03,ETHUSDT,bid,2030,4924.643
2024-08-29 07:06:48,ETHUSDT,bid,2450,5402.365
2024-08-29 07:07:11,ETHUSDT,bid,2430,8083.119
2024-08-29 07:07:58,ETHUSDT,bid,2400,11425.071
2024-08-29 07:08:16,ETHUSDT,bid,2430,8083.104
2024-08-29 07:08:29,ETHUSDT,bid,2400,11426.112
2024-08-29 07:08:54,ETHUSDT,bid,2400,11426.06
2024-08-29 07:10:00,ETHUSDT,bid,2400,11425.849
2024-08-29 07:10:01,ETHUSDT,bid,2430,8083.119
2024-08-29 07:10:01,ETHUSDT,bid,2440,9535.297
2024-08-29 07:10:01,ETHUSDT,bid,2450,5402.38
2024-08-29 07:11:21,ETHUSDT,bid,2450,5186.38
2024-08-29 07:12:48,ETHUSDT,bid,2440,9535.327
2024-08-29 07:12:53,ETHUSDT,bid,2400,11425.822
2024-08-29 07:13:03,ETHUSDT,bid,2400,11425.718
2024-08-29 07:13:31,ETHUSDT,bid,2420,5446.166
2024-08-29 07:16:13,ETHUSDT,bid,2400,11425.818
2024-08-29 07:17:40,ETHUSDT,bid,2400,11425.943
2024-08-29 07:18:11,ETHUSDT,bid,2450,5186.583
2024-08-29 07:18:23,ETHUSDT,bid,2440,9534.51
2024-08-29 07:20:42,ETHUSDT,bid,2440,9533.887
2024-08-29 07:22:20,ETHUSDT,bid,2400,11426.088
2024-08-29 07:23:36,ETHUSDT,bid,2400,11426.167
2024-08-29 07:23:43,ETHUSDT,bid,2400,11425.123
2024-08-29 07:24:03,ETHUSDT,bid,2440,9533.838
2024-08-29 07:25:21,ETHUSDT,bid,2400,11424.873
2024-08-29 07:25:34,ETHUSDT,bid,2400,11424.86
2024-08-29 07:25:53,ETHUSDT,bid,2400,11424.87
2024-08-29 07:26:49,ETHUSDT,bid,2400,11425.503
2024-08-29 07:26:55,ETHUSDT,bid,2200,5119.698
2024-08-29 07:27:34,ETHUSDT,bid,2400,11425.751
2024-08-29 07:27:35,ETHUSDT,bid,2400,11429.751
2024-08-29 07:28:48,ETHUSDT,bid,2400,11429.594
2024-08-29 07:31:32,ETHUSDT,bid,2450,5186.502
2024-08-29 07:31:48,ETHUSDT,bid,2440,9550.179
2024-08-29 07:32:09,ETHUSDT,bid,2400,11429.469
2024-08-29 07:32:12,ETHUSDT,bid,2430,8082.996
2024-08-29 07:32:13,ETHUSDT,bid,2440,9550.057
2024-08-29 07:32:24,ETHUSDT,bid,2400,11429.324
2024-08-29 07:32:48,ETHUSDT,bid,2450,5186.624
2024-08-29 07:32:57,ETHUSDT,bid,2440,9550.179
2024-08-29 07:33:02,ETHUSDT,bid,2400,11428.869
2024-08-29 07:33:07,ETHUSDT,bid,2430,8083.119
2024-08-29 07:33:16,ETHUSDT,bid,2400,11428.733
2024-08-29 07:33:27,ETHUSDT,bid,2400,11579.957
2024-08-29 07:33:40,ETHUSDT,bid,2400,11580.082
2024-08-29 07:34:02,ETHUSDT,bid,2400,11582.12
2024-08-29 07:34:05,ETHUSDT,bid,2430,8083.272
2024-08-29 07:34:30,ETHUSDT,bid,2400,11582.26
2024-08-29 07:34:47,ETHUSDT,bid,2400,11582.766
2024-08-29 07:35:48,ETHUSDT,bid,2400,11582.804
2024-08-29 07:36:19,ETHUSDT,bid,2440,9550.232
2024-08-29 07:36:42,ETHUSDT,bid,2430,8083.372
2024-08-29 07:36:43,ETHUSDT,bid,2400,11582.67
2024-08-29 07:36:49,ETHUSDT,bid,2440,9533.891
2024-08-29 07:37:02,ETHUSDT,bid,2450,5187.336
2024-08-29 07:38:03,ETHUSDT,bid,2400,11431.446
2024-08-29 07:38:04,ETHUSDT,bid,2430,8083.422
2024-08-29 07:38:04,ETHUSDT,bid,2400,11582.897
2024-08-29 07:38:20,ETHUSDT,bid,2420,5446.176
2024-08-29 07:38:21,ETHUSDT,bid,2420,5446.186
2024-08-29 07:38:24,ETHUSDT,bid,2420,5459.926
2024-08-29 07:38:57,ETHUSDT,bid,2400,11582.819
2024-08-29 07:39:15,ETHUSDT,bid,2400,11582.789
2024-08-29 07:39:16,ETHUSDT,bid,2400,11580.789
2024-08-29 07:40:05,ETHUSDT,bid,2400,11580.809
2024-08-29 07:40:08,ETHUSDT,bid,2400,11580.836
2024-08-29 07:40:15,ETHUSDT,bid,2430,8083.012
2024-08-29 07:40:40,ETHUSDT,bid,2400,11580.588
2024-08-29 07:40:50,ETHUSDT,bid,2440,9503.891
2024-08-29 07:40:51,ETHUSDT,bid,2400,11580.597
2024-08-29 07:40:53,ETHUSDT,bid,2400,11575.597
2024-08-29 07:41:10,ETHUSDT,bid,2400,11575.091
2024-08-29 07:41:41,ETHUSDT,bid,2450,5187.327
2024-08-29 07:42:43,ETHUSDT,bid,2400,11574.737
2024-08-29 07:42:50,ETHUSDT,bid,2400,11423.286
2024-08-29 07:42:51,ETHUSDT,bid,2400,11574.984
2024-08-29 07:44:46,ETHUSDT,bid,2400,11570.984
2024-08-29 07:44:55,ETHUSDT,bid,2400,11571.527
2024-08-29 07:45:04,ETHUSDT,bid,2440,9504.391
2024-08-29 07:46:12,ETHUSDT,bid,2400,11567.507
2024-08-29 07:47:26,ETHUSDT,bid,2400,11415.809
2024-08-29 07:47:27,ETHUSDT,bid,2400,11567.749
2024-08-29 07:47:29,ETHUSDT,bid,2400,11568.024
2024-08-29 07:48:39,ETHUSDT,bid,2430,8086.012
2024-08-29 07:48:44,ETHUSDT,bid,2400,11572.127
2024-08-29 07:49:06,ETHUSDT,bid,2400,11572.118
2024-08-29 07:49:47,ETHUSDT,bid,2400,11566.013
2024-08-29 07:49:49,ETHUSDT,bid,2440,9507.458
2024-08-29 07:50:24,ETHUSDT,bid,2400,11574.013
2024-08-29 07:50:25,ETHUSDT,bid,2450,5187.527
2024-08-29 07:51:16,ETHUSDT,bid,2400,11589.013
2024-08-29 07:52:18,ETHUSDT,bid,2400,11437.073
2024-08-29 07:52:19,ETHUSDT,bid,2400,11589.253
2024-08-29 07:52:34,ETHUSDT,bid,1700,6163.456
2024-08-29 07:52:43,ETHUSDT,bid,2400,11588.942
2024-08-29 07:53:44,ETHUSDT,bid,2400,11589.517
2024-08-29 07:54:19,ETHUSDT,bid,2440,9504.391
2024-08-29 07:55:13,ETHUSDT,bid,2400,11587.384
2024-08-29 07:55:13,ETHUSDT,bid,2430,8084.436
2024-08-29 07:55:16,ETHUSDT,bid,2400,11588.384
2024-08-29 07:56:22,ETHUSDT,bid,2400,11573.384
2024-08-29 07:56:28,ETHUSDT,bid,2400,11598.384
2024-08-29 07:56:42,ETHUSDT,bid,2400,11573.384
2024-08-29 07:57:05,ETHUSDT,bid,2400,11421.204
2024-08-29 07:57:06,ETHUSDT,bid,2400,11573.629
2024-08-29 07:57:18,ETHUSDT,bid,2400,11598.629
2024-08-29 07:57:42,ETHUSDT,bid,2400,11598.209
2024-08-29 07:58:02,ETHUSDT,bid,2400,11597.168
2024-08-29 07:58:58,ETHUSDT,bid,2450,5187.547
2024-08-29 07:59:19,ETHUSDT,bid,2450,5186.547
2024-08-29 07:59:40,ETHUSDT,bid,2030,4924.658
2024-08-29 07:59:40,ETHUSDT,bid,2230,4491.401
2024-08-29 08:01:49,ETHUSDT,bid,2420,5446.186
2024-08-29 08:01:51,ETHUSDT,bid,2400,11444.743
2024-08-29 08:01:52,ETHUSDT,bid,2400,11597.417
2024-08-29 08:02:28,ETHUSDT,bid,2400,11597.429
2024-08-29 08:02:28,ETHUSDT,bid,2430,8084.448
2024-08-29 08:04:46,ETHUSDT,bid,2400,11602.429
2024-08-29 08:04:58,ETHUSDT,bid,2450,5186.526
2024-08-29 08:06:17,ETHUSDT,bid,2400,11602.529
2024-08-29 08:06:17,ETHUSDT,bid,2450,5186.517
2024-08-29 08:06:41,ETHUSDT,bid,2400,11449.855
2024-08-29 08:06:42,ETHUSDT,bid,2400,11602.774
2024-08-29 08:06:46,ETHUSDT,bid,2440,9504.098
2024-08-29 08:07:15,ETHUSDT,bid,2450,5183.259
2024-08-29 08:08:11,ETHUSDT,bid,2400,11602.82
2024-08-29 08:08:28,ETHUSDT,bid,2400,11602.52
2024-08-29 08:08:35,ETHUSDT,bid,2400,11602.563
2024-08-29 08:09:23,ETHUSDT,bid,2400,11602.716
2024-08-29 08:09:34,ETHUSDT,bid,2400,11602.441
2024-08-29 08:10:44,ETHUSDT,bid,2400,11602.262
2024-08-29 08:11:13,ETHUSDT,bid,2400,11603.346
2024-08-29 08:11:27,ETHUSDT,bid,2400,11450.427
2024-08-29 08:11:50,ETHUSDT,bid,2450,5183.355
2024-08-29 08:12:30,ETHUSDT,bid,2400,11450.298
2024-08-29 08:12:32,ETHUSDT,bid,2450,5183.434
2024-08-29 08:12:45,ETHUSDT,bid,2420,5446.262
2024-08-29 08:12:46,ETHUSDT,bid,2400,11452.258
2024-08-29 08:13:07,ETHUSDT,bid,2400,11451.966
2024-08-29 08:13:13,ETHUSDT,bid,2400,11451.55
2024-08-29 08:14:34,ETHUSDT,bid,2440,9504.068
2024-08-29 08:14:44,ETHUSDT,bid,2430,8084.295
2024-08-29 08:15:03,ETHUSDT,bid,2400,11451.842
2024-08-29 08:16:20,ETHUSDT,bid,2440,9534.068
2024-08-29 08:16:21,ETHUSDT,bid,2400,11445.592
2024-08-29 08:16:51,ETHUSDT,bid,2430,8084.349
2024-08-29 08:18:50,ETHUSDT,bid,2400,11445.176
2024-08-29 08:19:07,ETHUSDT,bid,2400,11445.275
2024-08-29 08:19:54,ETHUSDT,bid,2450,5184.039
2024-08-29 08:20:27,ETHUSDT,bid,2440,9538.566
2024-08-29 08:20:53,ETHUSDT,bid,2400,11445.266
2024-08-29 08:20:55,ETHUSDT,bid,2400,11453.283
2024-08-29 08:20:56,ETHUSDT,bid,2440,9537.566
2024-08-29 08:22:26,ETHUSDT,bid,2400,11451.323
2024-08-29 08:22:40,ETHUSDT,bid,2400,11451.339
2024-08-29 08:23:22,ETHUSDT,bid,2400,11450.036
2024-08-29 08:24:24,ETHUSDT,bid,2400,11460.036
2024-08-29 08:24:55,ETHUSDT,bid,2400,11460.057
2024-08-29 08:27:37,ETHUSDT,bid,2400,11460.036
2024-08-29 08:27:48,ETHUSDT,bid,2450,5184.535
2024-08-29 08:28:43,ETHUSDT,bid,2400,11460.054
2024-08-29 08:29:22,ETHUSDT,bid,2400,11460.036
2024-08-29 08:29:31,ETHUSDT,bid,2400,11460.306
2024-08-29 08:30:18,ETHUSDT,bid,2400,11460.324
2024-08-29 08:30:43,ETHUSDT,bid,2400,11460.306
2024-08-29 08:31:17,ETHUSDT,bid,2400,11461.306
2024-08-29 08:31:53,ETHUSDT,bid,2420,5445.862
2024-08-29 08:32:40,ETHUSDT,bid,2400,11472.898
2024-08-29 08:33:12,ETHUSDT,bid,2400,11476.109
2024-08-29 08:33:12,ETHUSDT,bid,2430,8084.295
2024-08-29 08:33:52,ETHUSDT,bid,2400,11476.117
2024-08-29 08:34:25,ETHUSDT,bid,2140,4722.026
2024-08-29 08:34:25,ETHUSDT,bid,2400,11476.136
2024-08-29 08:35:25,ETHUSDT,bid,2450,5185.563
2024-08-29 08:35:35,ETHUSDT,bid,2400,11476.336
2024-08-29 08:35:46,ETHUSDT,bid,2400,11241.962
2024-08-29 08:36:37,ETHUSDT,bid,2140,4722.004
2024-08-29 08:36:37,ETHUSDT,bid,2400,11241.943
2024-08-29 08:37:21,ETHUSDT,bid,2400,11242.067
2024-08-29 08:38:39,ETHUSDT,bid,2450,5184.958
2024-08-29 08:39:21,ETHUSDT,bid,2400,11242.086
2024-08-29 08:39:37,ETHUSDT,bid,2400,11242.095
2024-08-29 08:40:11,ETHUSDT,bid,2400,11241.914
2024-08-29 08:40:50,ETHUSDT,bid,2400,11241.895
2024-08-29 08:41:00,ETHUSDT,bid,2420,5441.862
2024-08-29 08:41:13,ETHUSDT,bid,2400,11237.435
2024-08-29 08:41:15,ETHUSDT,bid,2400,11237.422
2024-08-29 08:42:30,ETHUSDT,bid,2430,8084.963
2024-08-29 08:45:33,ETHUSDT,bid,2450,5185.079
2024-08-29 08:46:35,ETHUSDT,bid,2450,5185.398
2024-08-29 08:46:37,ETHUSDT,bid,2400,11235.422
2024-08-29 08:47:06,ETHUSDT,bid,2440,9536.904
2024-08-29 08:48:04,ETHUSDT,bid,2400,11235.413
2024-08-29 08:48:11,ETHUSDT,bid,2440,9506.904
2024-08-29 08:48:53,ETHUSDT,bid,2400,11235.422
2024-08-29 08:49:08,ETHUSDT,bid,2430,8085.213
2024-08-29 08:49:53,ETHUSDT,bid,2400,11230.422
2024-08-29 08:50:04,ETHUSDT,bid,2400,11229.172
2024-08-29 08:50:06,ETHUSDT,bid,2440,9506.938
2024-08-29 08:50:16,ETHUSDT,bid,2440,9506.921
2024-08-29 08:50:17,ETHUSDT,bid,2440,9506.904
2024-08-29 08:51:37,ETHUSDT,bid,2400,11227.535
2024-08-29 08:51:48,ETHUSDT,bid,2440,9507.537
2024-08-29 08:51:56,ETHUSDT,bid,2420,5442.068
2024-08-29 08:52:59,ETHUSDT,bid,2400,11228.129
2024-08-29 08:53:45,ETHUSDT,bid,2440,9506.904
2024-08-29 08:54:20,ETHUSDT,bid,2450,5183.442
2024-08-29 08:54:54,ETHUSDT,bid,2400,11228.12
2024-08-29 08:56:57,ETHUSDT,bid,2400,11228.536
2024-08-29 08:57:02,ETHUSDT,bid,2400,11228.457
2024-08-29 08:57:06,ETHUSDT,bid,2450,5186.097
2024-08-29 08:57:23,ETHUSDT,bid,2430,8085.562
2024-08-29 08:57:28,ETHUSDT,bid,2400,11228.443
2024-08-29 08:58:15,ETHUSDT,bid,2450,5187.99
2024-08-29 08:58:29,ETHUSDT,bid,2400,11228.453
2024-08-29 08:58:34,ETHUSDT,bid,2430,8085.213
2024-08-29 08:58:54,ETHUSDT,bid,2450,5188.24
2024-08-29 08:59:13,ETHUSDT,bid,2400,11229.213
2024-08-29 08:59:17,ETHUSDT,bid,1700,6164.956
2024-08-29 09:00:36,ETHUSDT,bid,2400,11229.254
2024-08-29 09:01:44,ETHUSDT,bid,2400,11229.218
2024-08-29 09:01:44,ETHUSDT,bid,2450,5187.99
2024-08-29 09:02:28,ETHUSDT,bid,2400,11229.344
2024-08-29 09:03:03,ETHUSDT,bid,2400,11229.363
2024-08-29 09:03:59,ETHUSDT,bid,2400,11229.295
2024-08-29 09:04:19,ETHUSDT,bid,2400,11228.789
2024-08-29 09:05:27,ETHUSDT,bid,1700,6167.956
2024-08-29 09:05:30,ETHUSDT,bid,2400,11230.904
2024-08-29 09:05:49,ETHUSDT,bid,2400,11229.005
2024-08-29 09:06:47,ETHUSDT,bid,2440,9502.406
2024-08-29 09:07:28,ETHUSDT,bid,2400,11228.993
2024-08-29 09:10:18,ETHUSDT,bid,2400,11229.011
2024-08-29 09:11:29,ETHUSDT,bid,2400,11229.219
2024-08-29 09:14:43,ETHUSDT,bid,2400,11228.219
2024-08-29 09:15:37,ETHUSDT,bid,2400,11226.104
2024-08-29 09:15:47,ETHUSDT,bid,2400,11226.047
2024-08-29 09:16:09,ETHUSDT,bid,2400,11225.988
2024-08-29 09:16:25,ETHUSDT,bid,2430,8085.079
2024-08-29 09:16:26,ETHUSDT,bid,2400,11225.852
2024-08-29 09:16:43,ETHUSDT,bid,2400,11226.701
2024-08-29 09:16:58,ETHUSDT,bid,2400,11225.852
2024-08-29 09:19:05,ETHUSDT,bid,2400,11225.352
2024-08-29 09:19:08,ETHUSDT,bid,2400,11225.249
2024-08-29 09:19:42,ETHUSDT,bid,2430,8125.079
