2024-08-18 07:04:46,BTCUSDT,bid,47000,900.044
2024-08-18 07:05:34,BTCUSDT,bid,47000,900.085
2024-08-18 07:06:52,BTCUSDT,bid,47000,900.079
2024-08-18 07:28:01,BTCUSDT,bid,47000,901.079
2024-08-18 08:02:07,BTCUSDT,bid,47000,900.079
2024-08-18 08:20:22,BTCUSDT,bid,47000,899.654
2024-08-18 09:02:34,BTCUSDT,bid,47000,899.633
2024-08-18 09:50:10,BTCUSDT,bid,47000,898.513
2024-08-18 09:50:11,BTCUSDT,bid,47000,897.665
2024-08-18 09:58:20,BTCUSDT,bid,47000,897.516
2024-08-18 10:00:15,BTCUSDT,bid,47000,897.475
2024-08-18 10:13:53,BTCUSDT,bid,47000,897.472
2024-08-18 10:14:37,BTCUSDT,bid,47000,897.672
2024-08-18 10:35:32,BTCUSDT,bid,47000,897.675
2024-08-18 11:20:00,BTCUSDT,bid,58800,559.886
2024-08-18 11:20:17,BTCUSDT,bid,58800,559.884
2024-08-18 11:20:28,BTCUSDT,bid,58800,553.482
2024-08-18 11:21:17,BTCUSDT,bid,58800,553.473
2024-08-18 11:21:23,BTCUSDT,bid,58800,553.33
2024-08-18 11:21:55,BTCUSDT,bid,58800,554.299
2024-08-18 11:22:14,BTCUSDT,bid,58800,554.599
2024-08-18 11:22:30,BTCUSDT,bid,58800,554.649
2024-08-18 11:23:21,BTCUSDT,bid,58800,561.051
2024-08-18 11:24:16,BTCUSDT,bid,58800,561.055
2024-08-18 11:24:18,BTCUSDT,bid,58800,561.051
2024-08-18 11:24:26,BTCUSDT,bid,58800,561.031
2024-08-18 11:25:24,BTCUSDT,bid,57000,586.695
2024-08-18 11:26:32,BTCUSDT,bid,57000,586.692
2024-08-18 11:27:17,BTCUSDT,bid,57000,586.696
2024-08-18 11:28:19,BTCUSDT,bid,57000,586.521
2024-08-18 11:30:35,BTCUSDT,bid,57000,586.523
2024-08-18 11:31:33,BTCUSDT,bid,57000,586.521
2024-08-18 11:32:36,BTCUSDT,bid,57000,586.509
2024-08-18 11:36:35,BTCUSDT,bid,57000,586.513
2024-08-18 11:37:40,BTCUSDT,bid,57000,586.541
2024-08-18 11:39:57,BTCUSDT,bid,57000,586.041
2024-08-18 11:44:13,BTCUSDT,bid,47000,897.672
2024-08-18 11:44:13,BTCUSDT,bid,57000,586.038
2024-08-18 11:44:30,BTCUSDT,bid,57000,586.073
2024-08-18 11:46:49,BTCUSDT,bid,47000,882.672
2024-08-18 11:48:31,BTCUSDT,bid,57000,586.083
2024-08-18 11:53:15,BTCUSDT,bid,47000,882.658
2024-08-18 12:15:41,BTCUSDT,bid,47000,882.655
2024-08-18 12:50:46,BTCUSDT,bid,47000,882.656
2024-08-18 13:10:50,BTCUSDT,bid,47000,881.524
2024-08-18 14:01:02,BTCUSDT,bid,47300,804.453
2024-08-18 14:30:45,BTCUSDT,bid,47300,804.347
2024-08-18 14:33:48,BTCUSDT,bid,47000,881.532
2024-08-18 14:33:48,BTCUSDT,bid,47300,804.453
2024-08-18 14:34:29,BTCUSDT,bid,47000,881.524
2024-08-18 14:34:38,BTCUSDT,bid,47000,881.721
2024-08-18 14:43:34,BTCUSDT,bid,47000,881.731
2024-08-18 14:56:28,BTCUSDT,bid,47000,881.7
2024-08-18 15:07:10,BTCUSDT,bid,47000,881.696
2024-08-18 15:19:56,BTCUSDT,bid,59400,504.644
2024-08-18 15:24:15,BTCUSDT,bid,47000,881.683
2024-08-18 15:42:10,BTCUSDT,bid,47000,881.68
2024-08-18 17:08:16,BTCUSDT,bid,47000,881.677
2024-08-18 18:29:05,BTCUSDT,bid,47000,882.057
2024-08-18 19:26:38,BTCUSDT,ask,62500,537.025
2024-08-18 19:26:48,BTCUSDT,ask,62500,537.005
2024-08-18 19:31:21,BTCUSDT,ask,62500,536.805
2024-08-18 19:32:09,BTCUSDT,ask,62500,537.605
2024-08-18 19:32:28,BTCUSDT,ask,62500,537.569
2024-08-18 19:32:46,BTCUSDT,ask,62500,537.571
2024-08-18 19:32:49,BTCUSDT,ask,62500,537.555
2024-08-18 19:36:00,BTCUSDT,ask,62500,537.539
2024-08-18 19:37:17,BTCUSDT,ask,62500,537.619
2024-08-18 19:37:31,BTCUSDT,ask,62500,537.59
2024-08-18 19:37:42,BTCUSDT,ask,62500,537.608
2024-08-18 19:38:01,BTCUSDT,ask,62500,537.606
2024-08-18 19:38:26,BTCUSDT,ask,62500,536.886
2024-08-18 19:38:32,BTCUSDT,ask,62500,536.616
2024-08-18 19:39:11,BTCUSDT,ask,62500,536.62
2024-08-18 19:39:14,BTCUSDT,ask,62500,536.636
2024-08-18 19:39:46,BTCUSDT,ask,62500,536.634
2024-08-18 19:40:24,BTCUSDT,ask,62500,536.632
2024-08-18 19:40:25,BTCUSDT,ask,62500,536.64
2024-08-18 19:40:27,BTCUSDT,ask,62500,536.72
2024-08-18 19:41:11,BTCUSDT,ask,62500,536.718
2024-08-18 19:41:26,BTCUSDT,ask,62500,536.753
2024-08-18 19:41:26,BTCUSDT,ask,62500,536.802
2024-08-18 19:41:57,BTCUSDT,ask,62500,536.8
2024-08-18 19:42:04,BTCUSDT,ask,62500,537.55
2024-08-18 19:42:23,BTCUSDT,ask,62500,537.552
2024-08-18 19:42:33,BTCUSDT,ask,62500,538.052
2024-08-18 19:42:50,BTCUSDT,ask,62500,538.88
2024-08-18 19:42:51,BTCUSDT,ask,62500,538.878
2024-08-18 19:42:56,BTCUSDT,ask,62500,538.876
2024-08-18 19:43:50,BTCUSDT,ask,62500,537.876
2024-08-18 19:44:03,BTCUSDT,ask,62500,537.878
2024-08-18 19:44:52,BTCUSDT,ask,62500,537.901
2024-08-18 19:45:30,BTCUSDT,ask,62500,538.003
2024-08-18 19:48:43,BTCUSDT,ask,62500,538.02
2024-08-18 19:48:48,BTCUSDT,ask,62500,538.022
2024-08-18 19:51:37,BTCUSDT,ask,62500,537.977
2024-08-18 19:53:54,BTCUSDT,ask,62500,537.926
2024-08-18 07:00:18,BTCUSD_PERP,bid,58900,579.8
2024-08-18 07:00:18,BTCUSD_PERP,bid,58900,522.0
2024-08-18 07:00:19,BTCUSD_PERP,bid,59000,532.7
2024-08-18 07:00:19,BTCUSD_PERP,bid,59000,590.53
2024-08-18 07:00:20,BTCUSD_PERP,bid,59000,648.36
2024-08-18 07:00:20,BTCUSD_PERP,bid,59000,706.79
2024-08-18 07:00:20,BTCUSD_PERP,bid,59000,765.22
2024-08-18 07:00:39,BTCUSD_PERP,bid,59000,706.79
2024-08-18 07:02:39,BTCUSD_PERP,bid,59000,754.87
2024-08-18 07:02:39,BTCUSD_PERP,bid,59000,813.3
2024-08-18 07:03:23,BTCUSD_PERP,bid,59000,755.46
2024-08-18 07:03:23,BTCUSD_PERP,bid,59000,639.78
2024-08-18 07:03:23,BTCUSD_PERP,bid,59000,581.94
2024-08-18 07:03:24,BTCUSD_PERP,bid,59000,524.43
2024-08-18 07:03:24,BTCUSD_PERP,bid,59000,582.9
2024-08-18 07:04:12,BTCUSD_PERP,bid,58900,522.6
2024-08-18 07:04:13,BTCUSD_PERP,bid,58900,581.0
2024-08-18 07:04:13,BTCUSD_PERP,bid,58900,697.2
2024-08-18 07:04:13,BTCUSD_PERP,bid,58900,755.6
2024-08-18 07:04:13,BTCUSD_PERP,bid,58900,872.4
2024-08-18 07:04:13,BTCUSD_PERP,bid,58900,988.6
2024-08-18 07:06:54,BTCUSD_PERP,bid,58900,638.8
2024-08-18 07:06:54,BTCUSD_PERP,bid,59000,755.99
2024-08-18 07:06:54,BTCUSD_PERP,bid,59000,930.08
2024-08-18 07:06:55,BTCUSD_PERP,bid,59000,988.51
2024-08-18 07:06:55,BTCUSD_PERP,bid,59000,1046.94
2024-08-18 07:10:26,BTCUSD_PERP,bid,59000,989.11
2024-08-18 07:10:26,BTCUSD_PERP,bid,59000,930.68
2024-08-18 07:10:26,BTCUSD_PERP,bid,59000,813.82
2024-08-18 07:10:26,BTCUSD_PERP,bid,59000,755.39
2024-08-18 07:10:26,BTCUSD_PERP,bid,59000,697.56
2024-08-18 07:10:27,BTCUSD_PERP,bid,59000,581.9
2024-08-18 07:10:27,BTCUSD_PERP,bid,58900,813.4
2024-08-18 07:10:27,BTCUSD_PERP,bid,58900,871.8
2024-08-18 07:14:31,BTCUSD_PERP,bid,58900,813.4
2024-08-18 07:14:31,BTCUSD_PERP,bid,58900,755.0
2024-08-18 07:14:31,BTCUSD_PERP,bid,58900,581.6
2024-08-18 07:14:32,BTCUSD_PERP,bid,58900,523.2
2024-08-18 07:14:32,BTCUSD_PERP,bid,58900,522.93
2024-08-18 07:14:32,BTCUSD_PERP,bid,58900,581.3
2024-08-18 07:14:33,BTCUSD_PERP,bid,58900,639.07
2024-08-18 07:14:33,BTCUSD_PERP,bid,58900,696.84
2024-08-18 07:14:33,BTCUSD_PERP,bid,58900,813.58
2024-08-18 07:14:33,BTCUSD_PERP,bid,58900,871.35
2024-08-18 07:15:59,BTCUSD_PERP,bid,58900,754.22
2024-08-18 07:16:00,BTCUSD_PERP,bid,58900,812.56
2024-08-18 07:16:48,BTCUSD_PERP,bid,58900,754.22
2024-08-18 07:16:48,BTCUSD_PERP,bid,58900,696.48
2024-08-18 07:16:48,BTCUSD_PERP,bid,58900,638.74
2024-08-18 07:16:48,BTCUSD_PERP,bid,58900,522.66
2024-08-18 07:16:49,BTCUSD_PERP,bid,58900,580.7
2024-08-18 07:16:49,BTCUSD_PERP,bid,58900,696.84
2024-08-18 07:16:49,BTCUSD_PERP,bid,58900,755.21
2024-08-18 07:16:50,BTCUSD_PERP,bid,58900,813.58
2024-08-18 07:16:50,BTCUSD_PERP,bid,58900,871.35
2024-08-18 07:16:53,BTCUSD_PERP,bid,58900,755.81
2024-08-18 07:16:53,BTCUSD_PERP,bid,58900,697.44
2024-08-18 07:16:53,BTCUSD_PERP,bid,58900,639.67
2024-08-18 07:16:53,BTCUSD_PERP,bid,58900,581.3
2024-08-18 07:16:53,BTCUSD_PERP,bid,58900,522.93
2024-08-18 07:16:54,BTCUSD_PERP,bid,58900,581.64
2024-08-18 07:16:54,BTCUSD_PERP,bid,58900,639.45
2024-08-18 07:16:54,BTCUSD_PERP,bid,58900,697.26
2024-08-18 07:16:54,BTCUSD_PERP,bid,58900,814.06
2024-08-18 07:16:54,BTCUSD_PERP,bid,58900,871.87
2024-08-18 07:16:54,BTCUSD_PERP,bid,58900,930.27
2024-08-18 07:18:38,BTCUSD_PERP,bid,58900,580.46
2024-08-18 07:25:14,BTCUSD_PERP,bid,59000,523.92
2024-08-18 07:25:14,BTCUSD_PERP,bid,59000,523.96
2024-08-18 07:25:45,BTCUSD_PERP,bid,59000,523.65
2024-08-18 07:30:20,BTCUSD_PERP,bid,59000,524.01
2024-08-18 07:30:20,BTCUSD_PERP,bid,59000,582.5
2024-08-18 07:30:39,BTCUSD_PERP,bid,59000,582.54
2024-08-18 07:34:00,BTCUSD_PERP,bid,59000,582.5
2024-08-18 07:34:59,BTCUSD_PERP,bid,59100,583.3
2024-08-18 07:34:59,BTCUSD_PERP,bid,59100,641.22
2024-08-18 07:36:52,BTCUSD_PERP,bid,59100,583.3
2024-08-18 07:36:53,BTCUSD_PERP,bid,59100,524.78
2024-08-18 07:37:57,BTCUSD_PERP,bid,59100,524.41
2024-08-18 07:37:57,BTCUSD_PERP,bid,59100,582.84
2024-08-18 07:38:04,BTCUSD_PERP,bid,59100,524.91
2024-08-18 07:38:08,BTCUSD_PERP,bid,59100,583.2
2024-08-18 07:39:26,BTCUSD_PERP,bid,59200,535.73
2024-08-18 07:39:26,BTCUSD_PERP,bid,59200,593.76
2024-08-18 07:39:26,BTCUSD_PERP,bid,59200,652.39
2024-08-18 07:39:41,BTCUSD_PERP,bid,59200,583.6
2024-08-18 07:39:41,BTCUSD_PERP,bid,59200,642.2
2024-08-18 07:40:11,BTCUSD_PERP,bid,47000,2452.4
2024-08-18 07:48:56,BTCUSD_PERP,bid,59200,535.54
2024-08-18 07:48:56,BTCUSD_PERP,bid,59200,594.16
2024-08-18 07:48:56,BTCUSD_PERP,bid,59200,652.18
2024-08-18 07:48:56,BTCUSD_PERP,bid,59200,710.8
2024-08-18 07:48:57,BTCUSD_PERP,bid,59200,768.82
2024-08-18 07:51:45,BTCUSD_PERP,bid,59200,652.18
2024-08-18 07:51:45,BTCUSD_PERP,bid,59100,524.81
2024-08-18 08:02:20,BTCUSD_PERP,bid,59100,525.24
2024-08-18 08:02:20,BTCUSD_PERP,bid,59100,583.7
2024-08-18 08:02:21,BTCUSD_PERP,bid,59100,641.66
2024-08-18 08:02:21,BTCUSD_PERP,bid,59100,699.62
2024-08-18 08:02:58,BTCUSD_PERP,ask,64500,1632.64
2024-08-18 08:03:52,BTCUSD_PERP,bid,59100,757.79
2024-08-18 08:04:50,BTCUSD_PERP,bid,55000,754.84
2024-08-18 08:05:41,BTCUSD_PERP,bid,59000,524.6
2024-08-18 08:18:08,BTCUSD_PERP,bid,59000,524.0
2024-08-18 08:18:08,BTCUSD_PERP,bid,59000,582.5
2024-08-18 08:23:23,BTCUSD_PERP,bid,59000,523.38
2024-08-18 08:28:20,BTCUSD_PERP,bid,59000,523.29
2024-08-18 08:28:39,BTCUSD_PERP,bid,59000,523.33
2024-08-18 08:32:06,BTCUSD_PERP,bid,59000,523.29
2024-08-18 08:34:30,BTCUSD_PERP,bid,58900,581.34
2024-08-18 08:57:32,BTCUSD_PERP,bid,58900,813.16
2024-08-18 08:57:32,BTCUSD_PERP,bid,58900,1045.82
2024-08-18 09:02:34,BTCUSD_PERP,bid,58900,1045.86
2024-08-18 09:02:57,BTCUSD_PERP,bid,58900,1045.9
2024-08-18 09:02:58,BTCUSD_PERP,bid,58900,1045.94
2024-08-18 09:03:09,BTCUSD_PERP,bid,58900,1045.98
2024-08-18 09:03:16,BTCUSD_PERP,bid,58900,1046.02
2024-08-18 09:05:59,BTCUSD_PERP,bid,58900,1045.98
2024-08-18 09:06:19,BTCUSD_PERP,bid,58900,1045.94
2024-08-18 09:06:27,BTCUSD_PERP,bid,58900,1045.9
2024-08-18 09:06:41,BTCUSD_PERP,bid,58900,1045.86
2024-08-18 09:06:42,BTCUSD_PERP,bid,58900,1045.82
2024-08-18 09:09:12,BTCUSD_PERP,bid,58900,988.08
2024-08-18 09:09:12,BTCUSD_PERP,bid,58900,929.74
2024-08-18 09:09:12,BTCUSD_PERP,bid,58900,871.4
2024-08-18 09:09:12,BTCUSD_PERP,bid,58900,813.06
2024-08-18 09:09:12,BTCUSD_PERP,bid,58900,697.58
2024-08-18 09:09:12,BTCUSD_PERP,bid,58900,639.84
2024-08-18 09:09:12,BTCUSD_PERP,bid,58900,581.5
2024-08-18 09:09:12,BTCUSD_PERP,bid,58900,523.16
2024-08-18 09:09:13,BTCUSD_PERP,bid,58900,522.93
2024-08-18 09:09:13,BTCUSD_PERP,bid,58900,639.07
2024-08-18 09:09:13,BTCUSD_PERP,bid,58900,697.44
2024-08-18 09:09:13,BTCUSD_PERP,bid,58900,814.18
2024-08-18 09:09:13,BTCUSD_PERP,bid,58900,930.82
2024-08-18 09:09:14,BTCUSD_PERP,bid,58900,988.59
2024-08-18 09:22:22,BTCUSD_PERP,bid,58900,988.61
2024-08-18 09:22:23,BTCUSD_PERP,bid,58900,988.59
2024-08-18 09:23:23,BTCUSD_PERP,bid,58900,872.45
2024-08-18 09:23:23,BTCUSD_PERP,bid,58900,756.31
2024-08-18 09:23:23,BTCUSD_PERP,bid,58900,698.54
2024-08-18 09:23:23,BTCUSD_PERP,bid,58900,582.5
2024-08-18 09:23:23,BTCUSD_PERP,bid,58900,524.13
2024-08-18 09:23:23,BTCUSD_PERP,bid,58900,523.1
2024-08-18 09:23:24,BTCUSD_PERP,bid,58900,639.3
2024-08-18 09:23:24,BTCUSD_PERP,bid,58900,697.7
2024-08-18 09:23:24,BTCUSD_PERP,bid,58900,813.9
2024-08-18 09:23:24,BTCUSD_PERP,bid,58900,872.3
2024-08-18 09:23:24,BTCUSD_PERP,bid,58900,930.7
2024-08-18 09:23:24,BTCUSD_PERP,bid,58900,989.1
2024-08-18 09:23:25,BTCUSD_PERP,bid,58900,509.41
2024-08-18 09:33:00,BTCUSD_PERP,bid,58900,930.7
2024-08-18 09:33:01,BTCUSD_PERP,bid,58900,872.9
2024-08-18 09:33:01,BTCUSD_PERP,bid,58900,814.5
2024-08-18 09:33:01,BTCUSD_PERP,bid,58900,698.3
2024-08-18 09:33:01,BTCUSD_PERP,bid,58900,581.5
2024-08-18 09:33:01,BTCUSD_PERP,bid,58900,523.7
2024-08-18 09:33:02,BTCUSD_PERP,bid,59000,522.92
2024-08-18 09:33:02,BTCUSD_PERP,bid,59000,581.25
2024-08-18 09:33:02,BTCUSD_PERP,bid,59000,639.68
2024-08-18 09:33:02,BTCUSD_PERP,bid,59000,755.95
2024-08-18 09:33:02,BTCUSD_PERP,bid,59000,813.79
2024-08-18 09:33:02,BTCUSD_PERP,bid,59000,882.05
2024-08-18 09:33:02,BTCUSD_PERP,bid,58900,519.49
2024-08-18 09:33:02,BTCUSD_PERP,bid,59000,998.91
2024-08-18 09:33:45,BTCUSD_PERP,bid,58900,930.1
2024-08-18 09:33:45,BTCUSD_PERP,bid,58900,509.41
2024-08-18 09:35:42,BTCUSD_PERP,bid,58900,813.9
2024-08-18 09:35:42,BTCUSD_PERP,bid,58900,697.7
2024-08-18 09:35:42,BTCUSD_PERP,bid,58900,639.4
2024-08-18 09:35:42,BTCUSD_PERP,bid,58900,522.6
2024-08-18 09:43:38,BTCUSD_PERP,bid,59000,591.74
2024-08-18 09:43:38,BTCUSD_PERP,bid,59000,650.24
2024-08-18 09:43:38,BTCUSD_PERP,bid,59000,708.14
2024-08-18 09:43:38,BTCUSD_PERP,bid,59000,766.64
2024-08-18 09:43:39,BTCUSD_PERP,bid,59000,520.08
2024-08-18 09:43:39,BTCUSD_PERP,bid,59000,825.14
2024-08-18 09:43:42,BTCUSD_PERP,bid,59000,767.24
2024-08-18 09:43:42,BTCUSD_PERP,bid,59000,650.24
2024-08-18 09:43:43,BTCUSD_PERP,bid,59000,592.34
2024-08-18 09:43:43,BTCUSD_PERP,bid,59100,524.97
2024-08-18 09:43:43,BTCUSD_PERP,bid,59100,582.9
2024-08-18 09:43:43,BTCUSD_PERP,bid,59100,641.43
2024-08-18 09:43:43,BTCUSD_PERP,bid,59100,699.36
2024-08-18 09:43:44,BTCUSD_PERP,bid,59100,757.79
2024-08-18 09:43:44,BTCUSD_PERP,bid,59100,815.72
2024-08-18 09:43:44,BTCUSD_PERP,bid,59100,873.65
2024-08-18 09:43:44,BTCUSD_PERP,bid,59000,520.5
2024-08-18 09:43:44,BTCUSD_PERP,bid,59100,932.18
2024-08-18 09:43:44,BTCUSD_PERP,bid,59100,990.71
2024-08-18 09:43:44,BTCUSD_PERP,bid,59100,991.95
2024-08-18 09:43:45,BTCUSD_PERP,bid,59000,578.92
2024-08-18 09:43:45,BTCUSD_PERP,bid,59100,1006.11
2024-08-18 09:43:46,BTCUSD_PERP,bid,59100,1008.23
2024-08-18 09:43:58,BTCUSD_PERP,bid,59100,891.17
2024-08-18 09:43:58,BTCUSD_PERP,bid,59000,520.45
2024-08-18 09:43:58,BTCUSD_PERP,bid,59100,774.71
2024-08-18 09:43:59,BTCUSD_PERP,bid,59100,716.28
2024-08-18 09:43:59,BTCUSD_PERP,bid,59100,599.82
2024-08-18 09:43:59,BTCUSD_PERP,bid,59100,541.89
2024-08-18 09:44:00,BTCUSD_PERP,bid,59100,524.73
2024-08-18 09:44:51,BTCUSD_PERP,bid,59100,524.03
2024-08-18 09:44:51,BTCUSD_PERP,bid,59100,640.57
2024-08-18 09:44:51,BTCUSD_PERP,bid,59100,699.14
2024-08-18 09:46:12,BTCUSD_PERP,bid,59100,640.57
2024-08-18 09:46:12,BTCUSD_PERP,bid,59100,582.6
2024-08-18 09:46:12,BTCUSD_PERP,bid,59100,524.03
2024-08-18 09:47:46,BTCUSD_PERP,bid,59100,582.7
2024-08-18 09:47:46,BTCUSD_PERP,bid,59100,699.26
2024-08-18 09:48:57,BTCUSD_PERP,bid,59200,525.6
2024-08-18 09:49:38,BTCUSD_PERP,bid,59200,525.87
2024-08-18 09:49:49,BTCUSD_PERP,bid,59200,525.59
2024-08-18 09:50:32,BTCUSD_PERP,bid,59300,526.59
2024-08-18 09:50:54,BTCUSD_PERP,bid,59300,535.91
2024-08-18 09:50:54,BTCUSD_PERP,bid,59300,594.69
2024-08-18 09:50:54,BTCUSD_PERP,bid,59300,711.65
2024-08-18 09:50:54,BTCUSD_PERP,bid,59300,769.83
2024-08-18 09:50:54,BTCUSD_PERP,bid,59300,887.39
2024-08-18 09:50:54,BTCUSD_PERP,bid,59300,571.54
2024-08-18 09:50:55,BTCUSD_PERP,bid,59300,946.17
2024-08-18 09:50:55,BTCUSD_PERP,bid,59300,1063.63
2024-08-18 09:50:55,BTCUSD_PERP,bid,59300,1121.81
2024-08-18 09:51:00,BTCUSD_PERP,bid,59300,1004.85
2024-08-18 09:51:00,BTCUSD_PERP,bid,59300,585.1
2024-08-18 09:51:00,BTCUSD_PERP,bid,59200,512.57
2024-08-18 09:51:00,BTCUSD_PERP,bid,59300,994.62
2024-08-18 09:51:01,BTCUSD_PERP,bid,59200,571.23
2024-08-18 09:51:01,BTCUSD_PERP,bid,59300,1053.38
2024-08-18 09:51:05,BTCUSD_PERP,bid,59300,994.62
2024-08-18 09:51:05,BTCUSD_PERP,bid,59300,935.86
2024-08-18 09:51:06,BTCUSD_PERP,bid,59300,877.2
2024-08-18 09:51:06,BTCUSD_PERP,bid,59300,818.44
2024-08-18 09:51:06,BTCUSD_PERP,bid,59300,760.28
2024-08-18 09:51:06,BTCUSD_PERP,bid,59300,701.52
2024-08-18 09:51:06,BTCUSD_PERP,bid,59300,585.2
2024-08-18 09:51:06,BTCUSD_PERP,bid,59300,526.44
2024-08-18 09:51:07,BTCUSD_PERP,bid,59400,585.3
2024-08-18 09:51:07,BTCUSD_PERP,bid,59400,702.96
2024-08-18 09:51:07,BTCUSD_PERP,bid,59400,877.65
2024-08-18 09:51:15,BTCUSD_PERP,bid,59400,819.42
2024-08-18 09:51:15,BTCUSD_PERP,bid,59400,761.19
2024-08-18 09:51:15,BTCUSD_PERP,bid,59400,644.13
2024-08-18 09:51:51,BTCUSD_PERP,bid,59400,527.4
2024-08-18 09:51:51,BTCUSD_PERP,bid,59400,585.6
2024-08-18 09:51:52,BTCUSD_PERP,bid,59400,760.8
2024-08-18 09:51:52,BTCUSD_PERP,bid,59400,877.8
2024-08-18 09:52:11,BTCUSD_PERP,bid,59400,819.6
2024-08-18 09:52:11,BTCUSD_PERP,bid,59400,760.8
2024-08-18 09:52:11,BTCUSD_PERP,bid,59400,702.6
2024-08-18 09:52:12,BTCUSD_PERP,bid,59400,644.4
2024-08-18 09:52:12,BTCUSD_PERP,bid,59400,585.6
2024-08-18 09:52:12,BTCUSD_PERP,bid,59400,526.8
2024-08-18 09:52:13,BTCUSD_PERP,bid,59300,584.19
2024-08-18 09:52:37,BTCUSD_PERP,bid,59400,526.85
2024-08-18 09:52:37,BTCUSD_PERP,bid,59400,643.86
2024-08-18 09:52:47,BTCUSD_PERP,bid,59400,526.24
2024-08-18 09:52:47,BTCUSD_PERP,bid,59300,701.7
2024-08-18 09:52:47,BTCUSD_PERP,bid,59300,760.48
2024-08-18 09:53:09,BTCUSD_PERP,bid,59300,702.31
2024-08-18 09:53:09,BTCUSD_PERP,bid,59300,643.15
2024-08-18 09:53:09,BTCUSD_PERP,bid,59300,701.28
2024-08-18 09:53:09,BTCUSD_PERP,bid,59300,760.03
2024-08-18 09:53:34,BTCUSD_PERP,bid,59300,642.53
2024-08-18 09:53:34,BTCUSD_PERP,bid,59300,525.65
2024-08-18 09:53:35,BTCUSD_PERP,bid,59300,585.36
2024-08-18 09:53:35,BTCUSD_PERP,bid,59300,644.14
2024-08-18 09:53:35,BTCUSD_PERP,bid,59300,761.09
2024-08-18 09:53:35,BTCUSD_PERP,bid,59300,819.26
2024-08-18 09:53:35,BTCUSD_PERP,bid,59300,877.43
2024-08-18 09:53:56,BTCUSD_PERP,bid,59300,819.26
2024-08-18 09:53:57,BTCUSD_PERP,bid,59300,585.36
2024-08-18 09:53:57,BTCUSD_PERP,bid,59400,584.44
2024-08-18 09:53:57,BTCUSD_PERP,bid,59400,643.25
2024-08-18 09:53:57,BTCUSD_PERP,bid,59400,760.87
2024-08-18 09:53:57,BTCUSD_PERP,bid,59400,819.07
2024-08-18 09:53:58,BTCUSD_PERP,bid,59400,877.88
2024-08-18 09:54:38,BTCUSD_PERP,bid,59400,585.66
2024-08-18 09:54:38,BTCUSD_PERP,bid,59300,877.85
2024-08-18 09:54:38,BTCUSD_PERP,bid,59300,936.62
2024-08-18 09:55:48,BTCUSD_PERP,bid,59300,584.4
2024-08-18 09:55:48,BTCUSD_PERP,bid,59300,877.4
2024-08-18 09:55:48,BTCUSD_PERP,bid,59300,936.14
2024-08-18 09:56:28,BTCUSD_PERP,bid,59300,878.0
2024-08-18 09:56:29,BTCUSD_PERP,bid,59300,761.12
2024-08-18 09:56:29,BTCUSD_PERP,bid,59300,644.24
2024-08-18 09:56:29,BTCUSD_PERP,bid,59300,585.5
2024-08-18 09:56:29,BTCUSD_PERP,bid,59300,527.36
2024-08-18 09:56:29,BTCUSD_PERP,bid,59300,584.2
2024-08-18 09:56:30,BTCUSD_PERP,bid,59300,642.98
2024-08-18 09:56:30,BTCUSD_PERP,bid,59300,701.66
2024-08-18 09:56:30,BTCUSD_PERP,bid,59300,760.44
2024-08-18 09:56:30,BTCUSD_PERP,bid,59300,877.4
2024-08-18 09:56:30,BTCUSD_PERP,bid,59300,513.14
2024-08-18 09:56:30,BTCUSD_PERP,bid,59300,994.36
2024-08-18 09:56:30,BTCUSD_PERP,bid,59300,1111.92
2024-08-18 09:56:37,BTCUSD_PERP,bid,59200,523.48
2024-08-18 09:56:37,BTCUSD_PERP,bid,59200,546.95
2024-08-18 09:56:38,BTCUSD_PERP,bid,59200,602.12
2024-08-18 09:56:38,BTCUSD_PERP,bid,59200,656.7
2024-08-18 09:56:44,BTCUSD_PERP,bid,59300,877.4
2024-08-18 09:56:44,BTCUSD_PERP,bid,59200,598.01
2024-08-18 09:56:44,BTCUSD_PERP,bid,59200,539.91
2024-08-18 09:56:44,BTCUSD_PERP,bid,59300,819.22
2024-08-18 09:56:44,BTCUSD_PERP,bid,59300,760.44
2024-08-18 09:56:44,BTCUSD_PERP,bid,59300,702.26
2024-08-18 09:56:44,BTCUSD_PERP,bid,59300,527.22
2024-08-18 09:56:45,BTCUSD_PERP,bid,59400,526.97
2024-08-18 09:56:45,BTCUSD_PERP,bid,59400,585.8
2024-08-18 09:56:45,BTCUSD_PERP,bid,59400,644.63
2024-08-18 09:56:45,BTCUSD_PERP,bid,59400,702.86
2024-08-18 09:56:45,BTCUSD_PERP,bid,59400,761.69
2024-08-18 09:56:46,BTCUSD_PERP,bid,59400,819.92
2024-08-18 09:57:02,BTCUSD_PERP,bid,59400,761.69
2024-08-18 09:57:02,BTCUSD_PERP,bid,59400,644.63
2024-08-18 09:57:02,BTCUSD_PERP,bid,59400,585.8
2024-08-18 09:57:03,BTCUSD_PERP,bid,59400,527.4
2024-08-18 09:57:03,BTCUSD_PERP,bid,59400,585.66
2024-08-18 09:57:03,BTCUSD_PERP,bid,59400,761.66
2024-08-18 09:57:04,BTCUSD_PERP,bid,59400,878.79
2024-08-18 09:57:04,BTCUSD_PERP,bid,59400,937.66
2024-08-18 09:57:04,BTCUSD_PERP,bid,59400,996.42
2024-08-18 09:57:04,BTCUSD_PERP,bid,59400,1113.55
2024-08-18 09:57:04,BTCUSD_PERP,bid,59400,1123.45
2024-08-18 09:57:04,BTCUSD_PERP,bid,59400,1182.32
2024-08-18 09:57:04,BTCUSD_PERP,bid,59400,523.51
2024-08-18 09:57:05,BTCUSD_PERP,bid,59400,1196.57
2024-08-18 09:57:21,BTCUSD_PERP,bid,59400,1137.7
2024-08-18 09:57:21,BTCUSD_PERP,bid,59400,1078.83
2024-08-18 09:57:21,BTCUSD_PERP,bid,59400,961.7
2024-08-18 09:57:22,BTCUSD_PERP,bid,59400,902.83
2024-08-18 09:57:22,BTCUSD_PERP,bid,59400,785.7
2024-08-18 09:57:22,BTCUSD_PERP,bid,59400,667.96
2024-08-18 09:57:22,BTCUSD_PERP,bid,59400,528.97
2024-08-18 09:57:22,BTCUSD_PERP,bid,59400,551.44
2024-08-18 09:57:22,BTCUSD_PERP,bid,59400,587.27
2024-08-18 09:57:22,BTCUSD_PERP,bid,59400,645.57
2024-08-18 09:57:29,BTCUSD_PERP,bid,59400,513.54
2024-08-18 09:57:29,BTCUSD_PERP,bid,59400,1055.28
2024-08-18 09:57:29,BTCUSD_PERP,bid,59400,572.3
2024-08-18 09:57:29,BTCUSD_PERP,bid,59400,1114.15
2024-08-18 09:57:31,BTCUSD_PERP,bid,59400,513.49
2024-08-18 09:57:31,BTCUSD_PERP,bid,59400,1055.89
2024-08-18 09:57:31,BTCUSD_PERP,bid,59400,645.46
2024-08-18 09:57:31,BTCUSD_PERP,bid,59400,704.36
2024-08-18 09:57:31,BTCUSD_PERP,bid,59400,763.26
2024-08-18 09:58:20,BTCUSD_PERP,bid,59400,646.07
2024-08-18 09:58:23,BTCUSD_PERP,bid,55000,752.46
2024-08-18 10:01:12,BTCUSD_PERP,bid,59500,529.02
2024-08-18 10:01:12,BTCUSD_PERP,bid,59500,588.0
2024-08-18 10:01:20,BTCUSD_PERP,bid,59500,529.02
2024-08-18 10:02:47,BTCUSD_PERP,bid,55000,751.7
2024-08-18 10:02:49,BTCUSD_PERP,bid,59400,712.76
2024-08-18 10:02:50,BTCUSD_PERP,bid,59400,771.59
2024-08-18 10:03:01,BTCUSD_PERP,bid,59400,653.93
2024-08-18 10:03:01,BTCUSD_PERP,bid,59400,595.2
2024-08-18 10:03:01,BTCUSD_PERP,bid,59400,536.37
2024-08-18 10:03:02,BTCUSD_PERP,bid,59400,526.78
2024-08-18 10:03:03,BTCUSD_PERP,bid,59400,585.65
2024-08-18 10:03:03,BTCUSD_PERP,bid,59400,644.52
2024-08-18 10:03:15,BTCUSD_PERP,bid,59400,527.39
2024-08-18 10:03:46,BTCUSD_PERP,bid,59400,586.3
2024-08-18 10:03:47,BTCUSD_PERP,bid,59400,703.34
2024-08-18 10:03:47,BTCUSD_PERP,bid,59400,879.35
2024-08-18 10:03:49,BTCUSD_PERP,bid,59400,762.37
2024-08-18 10:03:49,BTCUSD_PERP,bid,59400,820.6
2024-08-18 10:03:52,BTCUSD_PERP,bid,59400,703.53
2024-08-18 10:03:52,BTCUSD_PERP,bid,59300,878.3
2024-08-18 10:04:03,BTCUSD_PERP,bid,59300,820.1
2024-08-18 10:04:03,BTCUSD_PERP,bid,59300,761.9
2024-08-18 10:04:03,BTCUSD_PERP,bid,59300,703.1
2024-08-18 10:04:04,BTCUSD_PERP,bid,59300,585.6
2024-08-18 10:04:04,BTCUSD_PERP,bid,59300,527.4
2024-08-18 10:04:21,BTCUSD_PERP,bid,59400,527.24
2024-08-18 10:04:40,BTCUSD_PERP,bid,59300,527.4
2024-08-18 10:05:33,BTCUSD_PERP,bid,59400,527.39
2024-08-18 10:05:33,BTCUSD_PERP,bid,59400,644.52
2024-08-18 10:05:33,BTCUSD_PERP,bid,59400,703.39
2024-08-18 10:05:33,BTCUSD_PERP,bid,59400,821.02
2024-08-18 10:05:33,BTCUSD_PERP,bid,59400,879.89
2024-08-18 10:05:37,BTCUSD_PERP,bid,59400,821.02
2024-08-18 10:05:37,BTCUSD_PERP,bid,59400,527.62
2024-08-18 10:05:52,BTCUSD_PERP,bid,59400,585.86
2024-08-18 10:06:10,BTCUSD_PERP,ask,60400,549.68
2024-08-18 10:06:10,BTCUSD_PERP,ask,60400,609.55
2024-08-18 10:06:13,BTCUSD_PERP,ask,60400,599.67
2024-08-18 10:06:14,BTCUSD_PERP,bid,59300,526.59
2024-08-18 10:06:15,BTCUSD_PERP,bid,59300,585.3
2024-08-18 10:06:19,BTCUSD_PERP,ask,60400,593.69
2024-08-18 10:06:27,BTCUSD_PERP,ask,60400,584.11
2024-08-18 10:06:29,BTCUSD_PERP,ask,60400,574.53
2024-08-18 10:06:33,BTCUSD_PERP,ask,60400,568.55
2024-08-18 10:06:33,BTCUSD_PERP,ask,60400,562.57
2024-08-18 10:06:34,BTCUSD_PERP,ask,60400,556.59
2024-08-18 10:06:35,BTCUSD_PERP,ask,60400,536.83
2024-08-18 10:06:36,BTCUSD_PERP,bid,59200,543.37
2024-08-18 10:06:36,BTCUSD_PERP,ask,60400,527.25
2024-08-18 10:06:43,BTCUSD_PERP,bid,59200,526.32
2024-08-18 10:06:43,BTCUSD_PERP,bid,59200,584.4
2024-08-18 10:06:47,BTCUSD_PERP,bid,59200,526.32
2024-08-18 10:06:47,BTCUSD_PERP,bid,59200,525.45
2024-08-18 10:06:47,BTCUSD_PERP,bid,59200,584.1
2024-08-18 10:06:53,BTCUSD_PERP,bid,59100,701.09
2024-08-18 10:06:56,BTCUSD_PERP,bid,59100,642.51
2024-08-18 10:06:56,BTCUSD_PERP,bid,59100,525.94
2024-08-18 10:06:56,BTCUSD_PERP,bid,59000,569.25
2024-08-18 10:06:56,BTCUSD_PERP,bid,59100,874.55
2024-08-18 10:06:56,BTCUSD_PERP,bid,59100,933.1
2024-08-18 10:06:56,BTCUSD_PERP,bid,59000,627.7
2024-08-18 10:06:56,BTCUSD_PERP,bid,59100,991.65
2024-08-18 10:07:01,BTCUSD_PERP,ask,2850000,108.54
2024-08-18 10:07:02,BTCUSD_PERP,bid,59100,875.75
2024-08-18 10:07:03,BTCUSD_PERP,bid,59100,700.7
2024-08-18 10:07:03,BTCUSD_PERP,bid,59100,642.75
2024-08-18 10:07:03,BTCUSD_PERP,bid,59100,584.2
2024-08-18 10:07:04,BTCUSD_PERP,bid,59100,525.42
2024-08-18 10:07:04,BTCUSD_PERP,bid,59100,642.48
2024-08-18 10:07:04,BTCUSD_PERP,bid,59100,759.04
2024-08-18 10:07:04,BTCUSD_PERP,bid,59100,817.62
2024-08-18 10:07:04,BTCUSD_PERP,bid,59100,876.2
2024-08-18 10:07:20,BTCUSD_PERP,bid,59100,818.22
2024-08-18 10:07:20,BTCUSD_PERP,bid,59100,701.66
2024-08-18 10:07:24,BTCUSD_PERP,bid,59100,643.08
2024-08-18 10:07:25,BTCUSD_PERP,bid,59100,584.5
2024-08-18 10:07:25,BTCUSD_PERP,bid,59100,525.92
2024-08-18 10:07:26,BTCUSD_PERP,bid,59200,584.29
2024-08-18 10:07:26,BTCUSD_PERP,bid,59200,642.31
2024-08-18 10:07:28,BTCUSD_PERP,bid,55000,751.6
2024-08-18 10:07:32,BTCUSD_PERP,bid,59200,584.29
2024-08-18 10:07:32,BTCUSD_PERP,bid,59200,525.67
2024-08-18 10:07:33,BTCUSD_PERP,bid,59200,582.9
2024-08-18 10:07:33,BTCUSD_PERP,bid,59200,640.95
2024-08-18 10:07:34,BTCUSD_PERP,bid,59200,699.6
2024-08-18 10:07:34,BTCUSD_PERP,bid,59200,875.45
2024-08-18 10:12:14,BTCUSD_PERP,bid,59200,526.82
2024-08-18 10:12:14,BTCUSD_PERP,bid,59200,584.9
2024-08-18 10:13:49,BTCUSD_PERP,bid,59200,526.82
2024-08-18 10:13:49,BTCUSD_PERP,bid,59200,525.95
2024-08-18 10:14:42,BTCUSD_PERP,bid,55000,751.61
2024-08-18 10:15:11,BTCUSD_PERP,bid,59200,525.08
2024-08-18 10:15:11,BTCUSD_PERP,bid,59200,583.7
2024-08-18 10:15:46,BTCUSD_PERP,bid,59200,525.18
2024-08-18 10:16:28,BTCUSD_PERP,bid,59200,525.71
2024-08-18 10:16:29,BTCUSD_PERP,bid,59200,584.4
2024-08-18 10:16:29,BTCUSD_PERP,bid,59200,643.09
2024-08-18 10:16:58,BTCUSD_PERP,bid,59200,582.8
2024-08-18 10:16:58,BTCUSD_PERP,bid,59200,641.45
2024-08-18 10:17:19,BTCUSD_PERP,bid,59100,535.66
2024-08-18 10:17:19,BTCUSD_PERP,bid,59100,594.26
2024-08-18 10:18:14,BTCUSD_PERP,bid,59100,758.78
2024-08-18 10:18:14,BTCUSD_PERP,bid,59100,817.34
2024-08-18 10:18:28,BTCUSD_PERP,bid,59100,758.78
2024-08-18 10:18:28,BTCUSD_PERP,bid,59100,700.22
2024-08-18 10:18:28,BTCUSD_PERP,bid,59100,641.66
2024-08-18 10:18:28,BTCUSD_PERP,bid,59100,583.1
2024-08-18 10:18:28,BTCUSD_PERP,bid,59100,524.54
2024-08-18 10:18:29,BTCUSD_PERP,bid,59100,584.0
2024-08-18 10:18:29,BTCUSD_PERP,bid,59100,642.53
2024-08-18 10:18:29,BTCUSD_PERP,bid,59100,758.99
2024-08-18 10:19:36,BTCUSD_PERP,bid,59100,642.53
2024-08-18 10:19:36,BTCUSD_PERP,bid,59100,584.6
2024-08-18 10:19:36,BTCUSD_PERP,bid,59100,526.07
2024-08-18 10:19:36,BTCUSD_PERP,bid,59100,524.64
2024-08-18 10:19:36,BTCUSD_PERP,bid,59100,583.2
2024-08-18 10:20:19,BTCUSD_PERP,bid,59100,584.44
2024-08-18 10:20:46,BTCUSD_PERP,bid,59100,583.2
2024-08-18 10:20:59,BTCUSD_PERP,bid,59100,525.24
2024-08-18 10:20:59,BTCUSD_PERP,bid,59100,758.39
2024-08-18 10:21:00,BTCUSD_PERP,bid,59100,816.92
2024-08-18 10:25:00,BTCUSD_PERP,bid,59100,758.39
2024-08-18 10:25:01,BTCUSD_PERP,bid,59100,699.86
2024-08-18 10:25:01,BTCUSD_PERP,bid,59100,641.33
2024-08-18 10:25:01,BTCUSD_PERP,bid,59100,524.97
2024-08-18 10:25:02,BTCUSD_PERP,bid,59000,641.6
2024-08-18 10:25:02,BTCUSD_PERP,bid,59000,700.1
2024-08-18 10:25:02,BTCUSD_PERP,bid,59000,758.6
2024-08-18 10:25:02,BTCUSD_PERP,bid,59000,816.5
2024-08-18 10:25:29,BTCUSD_PERP,ask,63500,644.83
2024-08-18 10:25:36,BTCUSD_PERP,bid,59000,523.23
2024-08-18 10:26:43,BTCUSD_PERP,bid,59000,524.1
2024-08-18 10:26:43,BTCUSD_PERP,bid,59000,582.0
2024-08-18 10:26:43,BTCUSD_PERP,bid,59000,699.0
2024-08-18 10:26:43,BTCUSD_PERP,bid,59000,757.5
2024-08-18 10:26:44,BTCUSD_PERP,bid,59000,815.4
2024-08-18 10:26:44,BTCUSD_PERP,bid,59000,873.9
2024-08-18 10:29:22,BTCUSD_PERP,bid,59000,816.0
2024-08-18 10:29:22,BTCUSD_PERP,bid,59000,757.5
2024-08-18 10:29:23,BTCUSD_PERP,bid,59000,699.6
2024-08-18 10:29:23,BTCUSD_PERP,bid,59000,641.1
2024-08-18 10:29:23,BTCUSD_PERP,bid,59000,583.2
2024-08-18 10:29:23,BTCUSD_PERP,bid,59000,524.7
2024-08-18 10:33:29,BTCUSD_PERP,bid,59000,524.34
2024-08-18 10:33:54,BTCUSD_PERP,bid,59000,524.61
2024-08-18 10:36:45,BTCUSD_PERP,bid,59000,524.42
2024-08-18 10:36:46,BTCUSD_PERP,bid,59000,524.46
2024-08-18 10:40:24,BTCUSD_PERP,bid,59000,524.43
2024-08-18 10:41:35,BTCUSD_PERP,bid,59000,523.53
2024-08-18 10:49:59,BTCUSD_PERP,bid,58900,700.7
2024-08-18 10:50:00,BTCUSD_PERP,bid,58900,759.1
2024-08-18 10:52:09,BTCUSD_PERP,bid,58900,756.1
2024-08-18 10:52:56,BTCUSD_PERP,bid,58900,698.3
2024-08-18 10:52:56,BTCUSD_PERP,bid,58900,580.6
2024-08-18 10:52:56,BTCUSD_PERP,bid,58900,638.97
2024-08-18 10:52:56,BTCUSD_PERP,bid,58900,697.34
2024-08-18 10:53:30,BTCUSD_PERP,bid,58900,522.83
2024-08-18 10:57:02,BTCUSD_PERP,bid,58900,580.0
2024-08-18 10:57:02,BTCUSD_PERP,bid,58900,638.31
2024-08-18 10:58:29,BTCUSD_PERP,bid,58800,579.69
2024-08-18 10:58:30,BTCUSD_PERP,bid,58800,580.29
2024-08-18 11:00:38,BTCUSD_PERP,bid,58700,521.3
2024-08-18 11:03:50,BTCUSD_PERP,ask,64500,1632.44
2024-08-18 11:03:51,BTCUSD_PERP,bid,58800,522.5
2024-08-18 11:04:19,BTCUSD_PERP,ask,64500,1626.44
2024-08-18 11:07:24,BTCUSD_PERP,bid,58900,523.35
2024-08-18 11:07:24,BTCUSD_PERP,bid,58900,581.7
2024-08-18 11:09:06,BTCUSD_PERP,bid,58900,581.54
2024-08-18 11:11:28,BTCUSD_PERP,bid,58900,582.71
2024-08-18 11:12:59,BTCUSD_PERP,bid,58900,524.39
2024-08-18 11:13:01,BTCUSD_PERP,bid,58900,581.7
2024-08-18 11:13:29,BTCUSD_PERP,bid,58900,523.35
2024-08-18 11:13:31,BTCUSD_PERP,bid,58900,523.62
2024-08-18 11:13:31,BTCUSD_PERP,bid,58900,582.0
2024-08-18 11:21:51,BTCUSD_PERP,bid,58900,522.99
2024-08-18 11:21:52,BTCUSD_PERP,bid,58900,581.3
2024-08-18 11:23:03,BTCUSD_PERP,bid,58900,522.99
2024-08-18 11:25:44,BTCUSD_PERP,bid,58800,812.3
2024-08-18 11:28:43,BTCUSD_PERP,bid,58800,522.35
2024-08-18 11:28:43,BTCUSD_PERP,bid,58800,521.85
2024-08-18 11:29:18,BTCUSD_PERP,ask,2850000,118.65
2024-08-18 11:33:02,BTCUSD_PERP,bid,58800,523.31
2024-08-18 11:33:02,BTCUSD_PERP,bid,58800,639.29
2024-08-18 11:33:02,BTCUSD_PERP,bid,58800,697.58
2024-08-18 11:33:03,BTCUSD_PERP,bid,58800,755.87
2024-08-18 11:33:03,BTCUSD_PERP,bid,58800,871.25
2024-08-18 11:33:03,BTCUSD_PERP,bid,58800,518.76
2024-08-18 11:33:03,BTCUSD_PERP,bid,58800,1044.92
2024-08-18 11:38:02,BTCUSD_PERP,bid,58800,813.56
2024-08-18 11:38:02,BTCUSD_PERP,bid,58800,755.27
2024-08-18 11:38:02,BTCUSD_PERP,bid,58800,638.69
2024-08-18 11:38:02,BTCUSD_PERP,bid,58800,580.4
2024-08-18 11:38:03,BTCUSD_PERP,bid,58900,696.24
2024-08-18 11:38:03,BTCUSD_PERP,bid,58900,754.56
2024-08-18 11:38:03,BTCUSD_PERP,bid,58900,812.88
2024-08-18 11:38:03,BTCUSD_PERP,bid,58900,871.2
2024-08-18 11:38:03,BTCUSD_PERP,bid,58900,929.52
2024-08-18 11:38:03,BTCUSD_PERP,bid,58900,1045.46
2024-08-18 11:38:07,BTCUSD_PERP,bid,58900,1045.5
2024-08-18 11:41:26,BTCUSD_PERP,bid,58900,987.78
2024-08-18 11:41:26,BTCUSD_PERP,bid,58900,872.34
2024-08-18 11:41:26,BTCUSD_PERP,bid,58900,814.62
2024-08-18 11:41:26,BTCUSD_PERP,bid,58900,756.4
2024-08-18 11:41:27,BTCUSD_PERP,bid,58900,640.36
2024-08-18 11:41:27,BTCUSD_PERP,bid,58800,520.91
2024-08-18 11:41:27,BTCUSD_PERP,bid,58900,524.32
2024-08-18 11:41:27,BTCUSD_PERP,bid,58800,579.2
2024-08-18 11:41:27,BTCUSD_PERP,bid,58800,695.78
2024-08-18 11:41:27,BTCUSD_PERP,bid,58800,753.47
2024-08-18 11:41:27,BTCUSD_PERP,bid,58800,811.76
2024-08-18 11:41:27,BTCUSD_PERP,bid,58800,870.05
2024-08-18 11:41:28,BTCUSD_PERP,bid,58800,986.63
2024-08-18 11:41:28,BTCUSD_PERP,bid,58800,1044.92
2024-08-18 11:45:14,BTCUSD_PERP,bid,58800,870.05
2024-08-18 11:45:14,BTCUSD_PERP,bid,58800,986.12
2024-08-18 11:45:14,BTCUSD_PERP,bid,58800,1044.38
2024-08-18 11:48:10,BTCUSD_PERP,bid,58800,928.46
2024-08-18 11:48:11,BTCUSD_PERP,bid,58800,870.2
2024-08-18 11:48:11,BTCUSD_PERP,bid,58800,753.78
2024-08-18 11:48:11,BTCUSD_PERP,bid,58800,696.12
2024-08-18 11:48:11,BTCUSD_PERP,bid,58800,638.46
2024-08-18 11:48:11,BTCUSD_PERP,bid,58800,580.2
2024-08-18 11:48:11,BTCUSD_PERP,bid,58800,522.11
2024-08-18 11:48:48,BTCUSD_PERP,bid,58800,637.76
2024-08-18 11:50:50,BTCUSD_PERP,bid,58800,521.24
2024-08-18 11:50:51,BTCUSD_PERP,bid,58900,522.51
2024-08-18 11:50:51,BTCUSD_PERP,bid,58900,580.84
2024-08-18 11:50:51,BTCUSD_PERP,bid,58900,638.58
2024-08-18 11:50:51,BTCUSD_PERP,bid,58900,696.91
2024-08-18 11:50:51,BTCUSD_PERP,bid,58900,755.24
2024-08-18 11:50:51,BTCUSD_PERP,bid,58900,813.57
2024-08-18 11:50:52,BTCUSD_PERP,bid,58900,871.9
2024-08-18 11:50:52,BTCUSD_PERP,bid,58900,1046.3
2024-08-18 11:50:55,BTCUSD_PERP,bid,58900,1048.41
2024-08-18 11:50:56,BTCUSD_PERP,bid,58900,1049.64
2024-08-18 11:50:57,BTCUSD_PERP,bid,58900,933.57
2024-08-18 11:50:57,BTCUSD_PERP,bid,58900,818.09
2024-08-18 11:50:57,BTCUSD_PERP,bid,58900,760.35
2024-08-18 11:50:57,BTCUSD_PERP,bid,58900,702.02
2024-08-18 11:50:57,BTCUSD_PERP,bid,58900,585.36
2024-08-18 11:50:57,BTCUSD_PERP,bid,58900,527.13
2024-08-18 11:50:57,BTCUSD_PERP,bid,58900,532.82
2024-08-18 11:50:58,BTCUSD_PERP,bid,58900,649.58
2024-08-18 11:50:58,BTCUSD_PERP,bid,58900,707.96
2024-08-18 11:51:06,BTCUSD_PERP,bid,58900,591.78
2024-08-18 11:51:06,BTCUSD_PERP,bid,58900,523.34
2024-08-18 11:51:17,BTCUSD_PERP,bid,58900,523.93
2024-08-18 11:52:07,BTCUSD_PERP,bid,58900,582.52
2024-08-18 11:52:07,BTCUSD_PERP,bid,58900,698.68
2024-08-18 11:52:07,BTCUSD_PERP,bid,58900,757.06
2024-08-18 11:52:07,BTCUSD_PERP,bid,58900,814.84
2024-08-18 11:52:07,BTCUSD_PERP,bid,58900,872.62
2024-08-18 11:52:08,BTCUSD_PERP,bid,58900,930.4
2024-08-18 11:52:10,BTCUSD_PERP,bid,58900,930.44
2024-08-18 11:52:12,BTCUSD_PERP,bid,58900,930.48
2024-08-18 11:52:19,BTCUSD_PERP,bid,58900,930.46
2024-08-18 11:53:22,BTCUSD_PERP,bid,58900,697.54
2024-08-18 11:53:22,BTCUSD_PERP,bid,58900,523.38
2024-08-18 11:53:22,BTCUSD_PERP,bid,58900,639.39
2024-08-18 12:01:17,BTCUSD_PERP,bid,58900,581.63
2024-08-18 12:01:17,BTCUSD_PERP,bid,58900,523.28
2024-08-18 12:02:08,BTCUSD_PERP,bid,59000,524.07
2024-08-18 12:02:08,BTCUSD_PERP,bid,59000,640.23
2024-08-18 12:02:08,BTCUSD_PERP,bid,59000,698.06
2024-08-18 12:02:08,BTCUSD_PERP,bid,58900,509.67
2024-08-18 12:02:09,BTCUSD_PERP,bid,59000,931.18
2024-08-18 12:02:09,BTCUSD_PERP,bid,58900,568.04
2024-08-18 12:02:09,BTCUSD_PERP,bid,59000,989.61
2024-08-18 12:05:32,BTCUSD_PERP,bid,59000,931.78
2024-08-18 12:05:32,BTCUSD_PERP,bid,59000,510.02
2024-08-18 12:05:32,BTCUSD_PERP,bid,59000,931.82
2024-08-18 12:05:32,BTCUSD_PERP,bid,59000,990.29
2024-08-18 12:05:33,BTCUSD_PERP,bid,59000,568.38
2024-08-18 12:06:17,BTCUSD_PERP,bid,59000,510.41
2024-08-18 12:06:17,BTCUSD_PERP,bid,59000,873.95
2024-08-18 12:06:18,BTCUSD_PERP,bid,59000,698.54
2024-08-18 12:06:18,BTCUSD_PERP,bid,59000,640.07
2024-08-18 12:06:19,BTCUSD_PERP,bid,59000,523.24
2024-08-18 12:06:19,BTCUSD_PERP,bid,59000,525.2
2024-08-18 12:06:19,BTCUSD_PERP,bid,59000,510.71
2024-08-18 12:06:19,BTCUSD_PERP,bid,59000,583.7
2024-08-18 12:06:19,BTCUSD_PERP,bid,59000,642.2
2024-08-18 12:07:05,BTCUSD_PERP,bid,59000,583.7
2024-08-18 12:07:06,BTCUSD_PERP,bid,59000,525.2
2024-08-18 12:07:16,BTCUSD_PERP,bid,59100,583.4
2024-08-18 12:07:16,BTCUSD_PERP,bid,59100,641.93
2024-08-18 12:07:23,BTCUSD_PERP,bid,59000,524.7
2024-08-18 12:07:23,BTCUSD_PERP,bid,59000,583.2
2024-08-18 12:07:55,BTCUSD_PERP,bid,59000,524.7
2024-08-18 12:07:59,BTCUSD_PERP,bid,59100,524.97
2024-08-18 12:09:03,BTCUSD_PERP,bid,59000,524.73
2024-08-18 12:09:35,BTCUSD_PERP,bid,59100,525.5
2024-08-18 12:09:45,BTCUSD_PERP,bid,59100,525.54
2024-08-18 12:09:46,BTCUSD_PERP,bid,59100,525.58
2024-08-18 12:09:54,BTCUSD_PERP,bid,59100,524.37
2024-08-18 12:09:54,BTCUSD_PERP,bid,59100,640.83
2024-08-18 12:09:55,BTCUSD_PERP,bid,59000,510.65
2024-08-18 12:09:55,BTCUSD_PERP,bid,59100,699.36
2024-08-18 12:11:33,BTCUSD_PERP,bid,59100,641.43
2024-08-18 12:11:33,BTCUSD_PERP,bid,59100,524.37
2024-08-18 12:11:34,BTCUSD_PERP,bid,59100,524.19
2024-08-18 12:11:34,BTCUSD_PERP,bid,59100,640.61
2024-08-18 12:11:35,BTCUSD_PERP,bid,59000,510.4
2024-08-18 12:11:35,BTCUSD_PERP,bid,59100,699.12
2024-08-18 12:25:46,BTCUSD_PERP,bid,58900,524.12
2024-08-18 12:29:23,BTCUSD_PERP,bid,58900,523.25
2024-08-18 12:29:37,BTCUSD_PERP,bid,58900,582.03
2024-08-18 12:30:24,BTCUSD_PERP,bid,58900,523.35
2024-08-18 12:30:24,BTCUSD_PERP,bid,58900,581.7
2024-08-18 12:37:01,BTCUSD_PERP,bid,58900,523.35
2024-08-18 12:43:01,BTCUSD_PERP,bid,59000,873.65
2024-08-18 12:43:01,BTCUSD_PERP,bid,59000,932.1
2024-08-18 12:43:01,BTCUSD_PERP,bid,58900,509.84
2024-08-18 12:45:35,BTCUSD_PERP,bid,59000,873.65
2024-08-18 12:45:35,BTCUSD_PERP,bid,59000,757.35
2024-08-18 12:45:36,BTCUSD_PERP,bid,59000,641.05
2024-08-18 12:45:36,BTCUSD_PERP,bid,59000,583.2
2024-08-18 12:45:36,BTCUSD_PERP,bid,59000,524.75
2024-08-18 12:45:36,BTCUSD_PERP,bid,59000,523.92
2024-08-18 12:45:37,BTCUSD_PERP,bid,59000,582.4
2024-08-18 12:45:37,BTCUSD_PERP,bid,59000,640.88
2024-08-18 12:45:37,BTCUSD_PERP,bid,59000,510.54
2024-08-18 12:45:37,BTCUSD_PERP,bid,59000,757.74
2024-08-18 12:45:37,BTCUSD_PERP,bid,59000,816.22
2024-08-18 12:45:37,BTCUSD_PERP,bid,59000,874.7
2024-08-18 12:47:22,BTCUSD_PERP,bid,59000,816.22
2024-08-18 12:47:22,BTCUSD_PERP,bid,59000,699.36
2024-08-18 12:47:22,BTCUSD_PERP,bid,59000,699.0
2024-08-18 12:47:22,BTCUSD_PERP,bid,59000,757.45
2024-08-18 12:50:39,BTCUSD_PERP,bid,59000,930.52
2024-08-18 12:50:39,BTCUSD_PERP,bid,59000,988.94
2024-08-18 13:04:56,BTCUSD_PERP,bid,58900,871.55
2024-08-18 13:04:56,BTCUSD_PERP,bid,58900,529.12
2024-08-18 13:04:56,BTCUSD_PERP,bid,58900,1046.72
2024-08-18 13:04:56,BTCUSD_PERP,bid,58900,587.41
2024-08-18 13:04:56,BTCUSD_PERP,bid,58900,1105.11
2024-08-18 13:06:50,BTCUSD_PERP,bid,58900,509.61
2024-08-18 13:06:50,BTCUSD_PERP,bid,59000,1105.08
2024-08-18 13:06:50,BTCUSD_PERP,bid,58900,567.93
2024-08-18 13:06:50,BTCUSD_PERP,bid,59000,1163.5
2024-08-18 13:11:21,BTCUSD_PERP,bid,58900,509.57
2024-08-18 13:11:21,BTCUSD_PERP,bid,59000,1105.08
2024-08-18 13:11:21,BTCUSD_PERP,bid,59000,1046.66
2024-08-18 13:11:22,BTCUSD_PERP,bid,59000,988.24
2024-08-18 13:11:22,BTCUSD_PERP,bid,59000,872.0
2024-08-18 13:11:22,BTCUSD_PERP,bid,59000,697.94
2024-08-18 13:11:22,BTCUSD_PERP,bid,59000,639.52
2024-08-18 13:11:22,BTCUSD_PERP,bid,59000,583.32
2024-08-18 13:11:22,BTCUSD_PERP,bid,59000,758.1
2024-08-18 13:11:22,BTCUSD_PERP,bid,59000,815.96
2024-08-18 13:11:23,BTCUSD_PERP,bid,59000,873.82
2024-08-18 13:11:23,BTCUSD_PERP,bid,59000,932.28
2024-08-18 13:11:23,BTCUSD_PERP,bid,59000,990.14
2024-08-18 13:11:23,BTCUSD_PERP,bid,59000,1048.6
2024-08-18 13:11:23,BTCUSD_PERP,bid,58900,529.64
2024-08-18 13:11:23,BTCUSD_PERP,bid,59000,1106.96
2024-08-18 13:15:38,BTCUSD_PERP,bid,59000,1048.5
2024-08-18 13:15:38,BTCUSD_PERP,bid,59000,756.07
2024-08-18 13:15:38,BTCUSD_PERP,bid,59000,756.11
2024-08-18 13:15:38,BTCUSD_PERP,bid,59000,814.6
2024-08-18 13:19:09,BTCUSD_PERP,bid,59000,814.56
2024-08-18 13:20:47,BTCUSD_PERP,bid,59000,756.67
2024-08-18 13:20:47,BTCUSD_PERP,bid,59000,698.78
2024-08-18 13:20:47,BTCUSD_PERP,bid,59000,640.89
2024-08-18 13:20:48,BTCUSD_PERP,bid,59100,524.88
2024-08-18 13:20:48,BTCUSD_PERP,bid,59100,583.4
2024-08-18 13:20:48,BTCUSD_PERP,bid,59100,641.92
2024-08-18 13:20:48,BTCUSD_PERP,bid,59100,700.44
2024-08-18 13:20:48,BTCUSD_PERP,bid,59000,520.39
2024-08-18 13:20:48,BTCUSD_PERP,bid,59100,816.28
2024-08-18 13:20:48,BTCUSD_PERP,bid,59100,932.72
2024-08-18 13:20:49,BTCUSD_PERP,bid,59100,1049.66
2024-08-18 13:20:49,BTCUSD_PERP,bid,59100,1107.58
2024-08-18 13:26:21,BTCUSD_PERP,bid,59100,991.14
2024-08-18 13:26:21,BTCUSD_PERP,bid,59100,524.78
2024-08-18 13:26:21,BTCUSD_PERP,bid,59000,1106.41
2024-08-18 13:26:21,BTCUSD_PERP,bid,59000,510.23
2024-08-18 13:26:21,BTCUSD_PERP,bid,59000,1164.9
2024-08-18 13:26:21,BTCUSD_PERP,bid,59000,568.62
2024-08-18 13:26:27,BTCUSD_PERP,bid,59000,1164.94
2024-08-18 13:26:55,BTCUSD_PERP,bid,59000,510.21
2024-08-18 13:26:55,BTCUSD_PERP,bid,59000,873.79
2024-08-18 13:26:55,BTCUSD_PERP,bid,59000,873.2
2024-08-18 13:26:55,BTCUSD_PERP,bid,58900,509.95
2024-08-18 13:26:55,BTCUSD_PERP,bid,59000,931.66
2024-08-18 13:26:55,BTCUSD_PERP,bid,59000,933.78
2024-08-18 13:28:56,BTCUSD_PERP,bid,59000,931.66
2024-08-18 13:29:34,BTCUSD_PERP,bid,59000,582.8
2024-08-18 13:29:34,BTCUSD_PERP,bid,59000,873.65
2024-08-18 13:29:34,BTCUSD_PERP,bid,59000,510.23
2024-08-18 13:29:34,BTCUSD_PERP,bid,59000,932.14
2024-08-18 13:29:50,BTCUSD_PERP,bid,59000,932.18
2024-08-18 13:33:22,BTCUSD_PERP,bid,59000,932.14
2024-08-18 13:33:47,BTCUSD_PERP,bid,59000,815.86
2024-08-18 13:33:47,BTCUSD_PERP,bid,59000,757.97
2024-08-18 13:33:48,BTCUSD_PERP,bid,59000,699.48
2024-08-18 13:33:48,BTCUSD_PERP,bid,59000,640.99
2024-08-18 13:33:49,BTCUSD_PERP,bid,59000,524.61
2024-08-18 13:33:49,BTCUSD_PERP,bid,59000,582.1
2024-08-18 13:33:49,BTCUSD_PERP,bid,59000,990.12
2024-08-18 13:33:49,BTCUSD_PERP,bid,58900,509.95
2024-08-18 13:33:58,BTCUSD_PERP,bid,59000,990.16
2024-08-18 13:37:21,BTCUSD_PERP,bid,59000,990.12
2024-08-18 13:42:18,BTCUSD_PERP,bid,59000,815.34
2024-08-18 13:42:18,BTCUSD_PERP,bid,59000,757.48
2024-08-18 13:42:18,BTCUSD_PERP,bid,59000,699.02
2024-08-18 13:42:18,BTCUSD_PERP,bid,59000,582.7
2024-08-18 13:42:18,BTCUSD_PERP,bid,59000,523.41
2024-08-18 13:42:19,BTCUSD_PERP,bid,59000,524.24
2024-08-18 13:42:19,BTCUSD_PERP,bid,59000,581.9
2024-08-18 13:42:19,BTCUSD_PERP,bid,59000,640.39
2024-08-18 13:42:19,BTCUSD_PERP,bid,59000,757.37
2024-08-18 13:42:19,BTCUSD_PERP,bid,59000,510.19
2024-08-18 13:42:19,BTCUSD_PERP,bid,59000,815.26
2024-08-18 13:42:19,BTCUSD_PERP,bid,59000,873.65
2024-08-18 13:42:20,BTCUSD_PERP,bid,59000,568.62
2024-08-18 13:42:20,BTCUSD_PERP,bid,59000,990.03
2024-08-18 13:42:20,BTCUSD_PERP,bid,59000,1107.01
2024-08-18 13:42:20,BTCUSD_PERP,bid,59000,1164.9
2024-08-18 13:49:57,BTCUSD_PERP,bid,59000,1106.41
2024-08-18 13:49:57,BTCUSD_PERP,bid,59000,1105.84
2024-08-18 13:49:58,BTCUSD_PERP,bid,59000,1164.3
2024-08-18 13:51:06,BTCUSD_PERP,bid,59000,1047.98
2024-08-18 13:51:06,BTCUSD_PERP,bid,59000,990.12
2024-08-18 13:51:06,BTCUSD_PERP,bid,59000,932.26
2024-08-18 13:51:07,BTCUSD_PERP,bid,59000,815.94
2024-08-18 13:51:07,BTCUSD_PERP,bid,59000,699.62
2024-08-18 13:51:07,BTCUSD_PERP,bid,59000,583.3
2024-08-18 13:51:07,BTCUSD_PERP,bid,59000,524.84
2024-08-18 13:51:07,BTCUSD_PERP,bid,59000,525.79
2024-08-18 13:51:07,BTCUSD_PERP,bid,59000,583.69
2024-08-18 13:51:07,BTCUSD_PERP,bid,59000,641.59
2024-08-18 13:51:11,BTCUSD_PERP,bid,59000,641.63
2024-08-18 13:51:15,BTCUSD_PERP,bid,59000,641.67
2024-08-18 13:51:27,BTCUSD_PERP,bid,59000,641.71
2024-08-18 13:51:39,BTCUSD_PERP,bid,59000,641.75
2024-08-18 13:54:35,BTCUSD_PERP,bid,59000,641.71
2024-08-18 13:54:38,BTCUSD_PERP,bid,59000,641.67
2024-08-18 13:54:57,BTCUSD_PERP,bid,59000,641.63
2024-08-18 13:55:07,BTCUSD_PERP,bid,59000,641.59
2024-08-18 14:07:47,BTCUSD_PERP,bid,59000,583.69
2024-08-18 14:13:05,BTCUSD_PERP,bid,59100,512.47
2024-08-18 14:14:09,BTCUSD_PERP,bid,59000,510.5
2024-08-18 14:14:09,BTCUSD_PERP,bid,59000,568.92
2024-08-18 14:14:55,BTCUSD_PERP,bid,59000,510.46
2024-08-18 14:14:56,BTCUSD_PERP,bid,59000,510.72
2024-08-18 14:14:57,BTCUSD_PERP,bid,59000,569.21
2024-08-18 14:17:26,BTCUSD_PERP,bid,59000,510.46
2024-08-18 14:19:19,BTCUSD_PERP,bid,59000,510.18
2024-08-18 14:22:26,BTCUSD_PERP,bid,59000,510.44
2024-08-18 14:34:38,BTCUSD_PERP,bid,59000,510.39
2024-08-18 14:44:46,BTCUSD_PERP,bid,59000,510.65
2024-08-18 14:50:39,BTCUSD_PERP,bid,59000,510.39
2024-08-18 14:55:24,BTCUSD_PERP,bid,59000,521.57
2024-08-18 14:58:03,BTCUSD_PERP,bid,59000,755.36
2024-08-18 14:58:03,BTCUSD_PERP,bid,59000,813.79
2024-08-18 15:00:55,BTCUSD_PERP,bid,59000,756.62
2024-08-18 15:00:55,BTCUSD_PERP,bid,58900,509.82
2024-08-18 15:00:55,BTCUSD_PERP,bid,59000,872.9
2024-08-18 15:00:55,BTCUSD_PERP,bid,58900,568.15
2024-08-18 15:01:06,BTCUSD_PERP,bid,58900,529.11
2024-08-18 15:01:06,BTCUSD_PERP,bid,58900,872.3
2024-08-18 15:01:06,BTCUSD_PERP,bid,58900,587.41
2024-08-18 15:01:06,BTCUSD_PERP,bid,58900,930.7
2024-08-18 15:02:50,BTCUSD_PERP,bid,58900,872.3
2024-08-18 15:02:50,BTCUSD_PERP,bid,58900,529.09
2024-08-18 15:02:50,BTCUSD_PERP,bid,58900,813.9
2024-08-18 15:02:50,BTCUSD_PERP,bid,58900,755.6
2024-08-18 15:02:51,BTCUSD_PERP,bid,58900,697.8
2024-08-18 15:02:51,BTCUSD_PERP,bid,58900,640.0
2024-08-18 15:02:51,BTCUSD_PERP,bid,58900,581.6
2024-08-18 15:02:52,BTCUSD_PERP,bid,59000,523.41
2024-08-18 15:02:52,BTCUSD_PERP,bid,59000,755.95
2024-08-18 15:02:52,BTCUSD_PERP,bid,59000,872.81
2024-08-18 15:02:52,BTCUSD_PERP,bid,59000,930.65
2024-08-18 15:02:52,BTCUSD_PERP,bid,58900,509.71
2024-08-18 15:02:52,BTCUSD_PERP,bid,58900,568.04
2024-08-18 15:02:52,BTCUSD_PERP,bid,59000,989.08
2024-08-18 15:04:08,BTCUSD_PERP,bid,58900,509.67
2024-08-18 15:04:08,BTCUSD_PERP,bid,59000,930.65
2024-08-18 15:04:09,BTCUSD_PERP,bid,59000,755.95
2024-08-18 15:04:09,BTCUSD_PERP,bid,59000,697.52
2024-08-18 15:04:09,BTCUSD_PERP,bid,59000,639.68
2024-08-18 15:04:09,BTCUSD_PERP,bid,59000,581.84
2024-08-18 15:04:09,BTCUSD_PERP,bid,59000,523.41
2024-08-18 15:04:09,BTCUSD_PERP,bid,58900,581.64
2024-08-18 15:04:09,BTCUSD_PERP,bid,58900,640.04
2024-08-18 15:04:09,BTCUSD_PERP,bid,58900,509.45
2024-08-18 15:04:09,BTCUSD_PERP,bid,58900,988.57
2024-08-18 15:04:09,BTCUSD_PERP,bid,58900,567.75
2024-08-18 15:04:09,BTCUSD_PERP,bid,58900,1046.97
2024-08-18 15:06:00,BTCUSD_PERP,bid,58900,989.16
2024-08-18 15:06:00,BTCUSD_PERP,bid,58900,872.36
2024-08-18 15:06:00,BTCUSD_PERP,bid,58900,756.15
2024-08-18 15:06:00,BTCUSD_PERP,bid,58900,509.41
2024-08-18 15:06:01,BTCUSD_PERP,bid,58900,582.13
2024-08-18 15:06:01,BTCUSD_PERP,bid,58900,639.71
2024-08-18 15:06:01,BTCUSD_PERP,bid,58900,756.35
2024-08-18 15:06:02,BTCUSD_PERP,bid,58900,814.72
2024-08-18 15:06:02,BTCUSD_PERP,bid,58900,872.5
2024-08-18 15:06:02,BTCUSD_PERP,bid,58900,930.87
2024-08-18 15:06:02,BTCUSD_PERP,bid,58900,523.72
2024-08-18 15:06:02,BTCUSD_PERP,bid,58900,1046.43
2024-08-18 15:06:02,BTCUSD_PERP,bid,58900,567.45
2024-08-18 15:07:23,BTCUSD_PERP,bid,58900,988.16
2024-08-18 15:07:23,BTCUSD_PERP,bid,58900,872.6
2024-08-18 15:07:23,BTCUSD_PERP,bid,58900,755.86
2024-08-18 15:07:23,BTCUSD_PERP,bid,58900,698.08
2024-08-18 15:07:24,BTCUSD_PERP,bid,58900,581.34
2024-08-18 15:07:24,BTCUSD_PERP,bid,58900,523.56
2024-08-18 15:07:24,BTCUSD_PERP,bid,58900,523.14
2024-08-18 15:07:24,BTCUSD_PERP,bid,58900,639.35
2024-08-18 15:07:24,BTCUSD_PERP,bid,58900,813.96
2024-08-18 15:07:25,BTCUSD_PERP,bid,58900,872.36
2024-08-18 15:07:25,BTCUSD_PERP,bid,58900,509.41
2024-08-18 15:07:25,BTCUSD_PERP,bid,58900,1046.38
2024-08-18 15:07:25,BTCUSD_PERP,bid,58900,1104.78
2024-08-18 15:07:48,BTCUSD_PERP,bid,58900,1046.97
2024-08-18 15:07:48,BTCUSD_PERP,bid,58900,930.17
2024-08-18 15:07:48,BTCUSD_PERP,bid,58900,872.36
2024-08-18 15:07:49,BTCUSD_PERP,bid,58900,814.55
2024-08-18 15:07:49,BTCUSD_PERP,bid,58900,756.25
2024-08-18 15:07:49,BTCUSD_PERP,bid,58900,582.23
2024-08-18 15:07:49,BTCUSD_PERP,bid,58900,523.83
2024-08-18 15:07:50,BTCUSD_PERP,bid,59000,598.72
2024-08-18 15:09:02,BTCUSD_PERP,bid,59000,523.89
2024-08-18 15:09:02,BTCUSD_PERP,bid,59000,582.3
2024-08-18 15:09:04,BTCUSD_PERP,bid,58900,522.56
2024-08-18 15:10:53,BTCUSD_PERP,bid,59000,523.89
2024-08-18 15:11:01,BTCUSD_PERP,bid,59000,523.56
2024-08-18 15:11:01,BTCUSD_PERP,bid,59000,582.0
2024-08-18 15:11:02,BTCUSD_PERP,bid,59000,640.44
2024-08-18 15:23:55,BTCUSD_PERP,bid,58900,580.46
2024-08-18 15:23:55,BTCUSD_PERP,bid,58900,755.07
2024-08-18 15:23:56,BTCUSD_PERP,bid,58900,509.45
2024-08-18 15:23:56,BTCUSD_PERP,bid,58900,813.47
2024-08-18 15:28:42,BTCUSD_PERP,bid,58900,755.07
2024-08-18 15:28:43,BTCUSD_PERP,bid,58900,639.45
2024-08-18 15:28:43,BTCUSD_PERP,bid,58900,581.05
2024-08-18 15:28:43,BTCUSD_PERP,bid,58900,522.65
2024-08-18 15:28:44,BTCUSD_PERP,bid,59000,524.69
2024-08-18 15:28:44,BTCUSD_PERP,bid,59000,698.21
2024-08-18 15:28:44,BTCUSD_PERP,bid,59000,756.05
2024-08-18 15:28:44,BTCUSD_PERP,bid,59000,813.89
2024-08-18 15:28:44,BTCUSD_PERP,bid,58900,509.67
2024-08-18 15:30:27,BTCUSD_PERP,bid,59000,640.37
2024-08-18 15:30:27,BTCUSD_PERP,bid,59000,582.53
2024-08-18 15:30:27,BTCUSD_PERP,bid,59000,524.69
2024-08-18 15:30:29,BTCUSD_PERP,bid,59000,525.06
2024-08-18 15:30:44,BTCUSD_PERP,bid,59000,524.74
2024-08-18 15:30:44,BTCUSD_PERP,bid,59000,583.24
2024-08-18 15:30:44,BTCUSD_PERP,bid,59000,641.74
2024-08-18 15:32:31,BTCUSD_PERP,bid,59000,583.83
2024-08-18 15:32:34,BTCUSD_PERP,bid,59100,641.96
2024-08-18 15:32:34,BTCUSD_PERP,bid,59100,700.49
2024-08-18 15:49:11,BTCUSD_PERP,bid,59100,642.55
2024-08-18 15:49:14,BTCUSD_PERP,bid,59100,584.61
2024-08-18 15:49:14,BTCUSD_PERP,bid,59100,526.67
2024-08-18 16:00:15,BTCUSD_PERP,bid,59200,522.86
2024-08-18 16:01:19,BTCUSD_PERP,bid,59100,511.12
2024-08-18 16:01:19,BTCUSD_PERP,bid,59100,585.9
2024-08-18 16:01:19,BTCUSD_PERP,bid,59100,644.5
2024-08-18 16:01:19,BTCUSD_PERP,bid,59100,569.6
2024-08-18 16:02:01,BTCUSD_PERP,ask,60300,499.27
2024-08-18 16:02:01,BTCUSD_PERP,ask,60300,519.16
2024-08-18 16:02:04,BTCUSD_PERP,ask,60300,525.18
2024-08-18 16:02:40,BTCUSD_PERP,ask,60300,515.54
2024-08-18 16:08:03,BTCUSD_PERP,bid,59100,585.9
2024-08-18 16:08:03,BTCUSD_PERP,bid,59100,511.12
2024-08-18 16:08:04,BTCUSD_PERP,bid,59100,527.3
2024-08-18 16:16:07,BTCUSD_PERP,bid,59300,585.4
2024-08-18 16:16:14,BTCUSD_PERP,bid,59300,526.67
2024-08-18 16:16:15,BTCUSD_PERP,bid,59300,526.43
2024-08-18 16:17:57,BTCUSD_PERP,bid,59300,585.2
2024-08-18 16:18:33,BTCUSD_PERP,bid,59200,584.89
2024-08-18 16:20:39,BTCUSD_PERP,bid,59300,702.67
2024-08-18 16:20:44,BTCUSD_PERP,bid,59300,702.71
2024-08-18 16:22:43,BTCUSD_PERP,bid,59200,526.92
2024-08-18 16:23:31,BTCUSD_PERP,bid,59200,584.02
2024-08-18 16:23:31,BTCUSD_PERP,bid,59200,759.34
2024-08-18 16:23:31,BTCUSD_PERP,bid,59100,511.53
2024-08-18 16:23:31,BTCUSD_PERP,bid,59200,817.98
2024-08-18 16:24:14,BTCUSD_PERP,bid,59200,758.93
2024-08-18 16:24:14,BTCUSD_PERP,bid,59100,511.23
2024-08-18 16:24:14,BTCUSD_PERP,bid,59200,817.54
2024-08-18 16:28:30,BTCUSD_PERP,bid,59200,818.13
2024-08-18 16:33:39,BTCUSD_PERP,bid,59100,512.05
2024-08-18 16:33:39,BTCUSD_PERP,bid,59200,526.46
2024-08-18 16:35:31,BTCUSD_PERP,bid,59200,526.12
2024-08-18 16:35:31,BTCUSD_PERP,bid,59100,511.79
2024-08-18 16:38:33,BTCUSD_PERP,bid,59100,525.85
2024-08-18 16:41:31,BTCUSD_PERP,bid,59100,526.44
2024-08-18 16:42:53,BTCUSD_PERP,bid,59200,524.45
2024-08-18 16:42:53,BTCUSD_PERP,bid,59200,583.05
2024-08-18 16:42:53,BTCUSD_PERP,bid,59200,641.06
2024-08-18 16:43:28,BTCUSD_PERP,bid,59200,526.19
2024-08-18 16:45:03,BTCUSD_PERP,bid,59200,524.45
2024-08-18 16:45:04,BTCUSD_PERP,bid,59200,584.5
2024-08-18 16:45:04,BTCUSD_PERP,bid,59200,643.03
2024-08-18 16:45:41,BTCUSD_PERP,bid,59200,584.4
2024-08-18 16:45:41,BTCUSD_PERP,bid,59200,525.87
2024-08-18 16:45:41,BTCUSD_PERP,bid,59200,584.2
2024-08-18 16:45:41,BTCUSD_PERP,bid,59200,642.87
2024-08-18 16:45:41,BTCUSD_PERP,bid,59200,700.94
2024-08-18 16:45:42,BTCUSD_PERP,bid,59200,759.61
2024-08-18 16:45:42,BTCUSD_PERP,bid,59200,817.68
2024-08-18 16:45:42,BTCUSD_PERP,bid,59200,993.09
2024-08-18 16:45:42,BTCUSD_PERP,bid,59200,1051.16
2024-08-18 16:45:43,BTCUSD_PERP,bid,59200,511.79
2024-08-18 16:45:43,BTCUSD_PERP,bid,59200,1109.83
2024-08-18 16:45:43,BTCUSD_PERP,bid,59200,1168.5
2024-08-18 16:45:43,BTCUSD_PERP,bid,59200,570.36
2024-08-18 16:47:03,BTCUSD_PERP,bid,59200,1051.16
2024-08-18 16:47:03,BTCUSD_PERP,bid,59200,585.1
2024-08-18 16:47:03,BTCUSD_PERP,bid,59200,701.3
2024-08-18 16:47:03,BTCUSD_PERP,bid,59200,818.7
2024-08-18 16:47:03,BTCUSD_PERP,bid,59200,526.62
2024-08-18 16:47:03,BTCUSD_PERP,bid,59200,935.5
2024-08-18 16:47:03,BTCUSD_PERP,bid,59200,1052.3
2024-08-18 16:47:03,BTCUSD_PERP,bid,59200,1111.0
2024-08-18 16:47:04,BTCUSD_PERP,bid,59200,570.6
2024-08-18 16:47:04,BTCUSD_PERP,bid,59200,1169.1
2024-08-18 16:47:25,BTCUSD_PERP,bid,59200,1111.0
2024-08-18 16:47:25,BTCUSD_PERP,bid,59200,1052.9
2024-08-18 16:47:25,BTCUSD_PERP,bid,59200,511.98
2024-08-18 16:47:25,BTCUSD_PERP,bid,59200,935.5
2024-08-18 16:47:25,BTCUSD_PERP,bid,59200,876.9
2024-08-18 16:47:25,BTCUSD_PERP,bid,59200,818.8
2024-08-18 16:47:26,BTCUSD_PERP,bid,59200,701.4
2024-08-18 16:47:26,BTCUSD_PERP,bid,59200,643.3
2024-08-18 16:47:26,BTCUSD_PERP,bid,59200,525.53
2024-08-18 16:47:26,BTCUSD_PERP,bid,59200,584.6
2024-08-18 16:47:26,BTCUSD_PERP,bid,59200,993.69
2024-08-18 16:47:26,BTCUSD_PERP,bid,59200,570.36
2024-08-18 16:47:26,BTCUSD_PERP,bid,59200,1110.43
2024-08-18 16:47:26,BTCUSD_PERP,bid,59200,1168.5
2024-08-18 16:49:19,BTCUSD_PERP,bid,59200,993.69
2024-08-18 16:49:19,BTCUSD_PERP,bid,59200,935.02
2024-08-18 16:49:19,BTCUSD_PERP,bid,59200,511.75
2024-08-18 16:49:19,BTCUSD_PERP,bid,59200,876.95
2024-08-18 16:49:19,BTCUSD_PERP,bid,59200,818.28
2024-08-18 16:49:19,BTCUSD_PERP,bid,59200,701.54
2024-08-18 16:49:20,BTCUSD_PERP,bid,59200,642.87
2024-08-18 16:49:20,BTCUSD_PERP,bid,59200,584.8
2024-08-18 16:49:20,BTCUSD_PERP,bid,59200,526.13
2024-08-18 16:49:21,BTCUSD_PERP,bid,59300,526.62
2024-08-18 16:49:21,BTCUSD_PERP,bid,59300,585.23
2024-08-18 16:50:24,BTCUSD_PERP,bid,59300,585.59
2024-08-18 16:50:24,BTCUSD_PERP,bid,59300,644.34
2024-08-18 16:50:29,BTCUSD_PERP,bid,59300,585.59
2024-08-18 16:50:58,BTCUSD_PERP,bid,59500,528.23
2024-08-18 16:51:26,BTCUSD_PERP,bid,59500,538.25
2024-08-18 16:51:26,BTCUSD_PERP,bid,59500,597.22
2024-08-18 16:51:32,BTCUSD_PERP,bid,59500,538.25
2024-08-18 16:51:33,BTCUSD_PERP,bid,59500,528.66
2024-08-18 16:51:33,BTCUSD_PERP,bid,59500,645.84
2024-08-18 16:51:44,BTCUSD_PERP,bid,59500,772.64
2024-08-18 16:51:44,BTCUSD_PERP,bid,59500,831.55
2024-08-18 16:52:07,BTCUSD_PERP,bid,59400,762.34
2024-08-18 16:52:08,BTCUSD_PERP,bid,59400,821.22
2024-08-18 16:52:23,BTCUSD_PERP,bid,59400,527.73
2024-08-18 16:52:23,BTCUSD_PERP,bid,59400,586.58
2024-08-18 16:52:29,BTCUSD_PERP,bid,59400,527.73
2024-08-18 16:52:29,BTCUSD_PERP,bid,59400,527.39
2024-08-18 16:52:30,BTCUSD_PERP,bid,59400,586.2
2024-08-18 16:53:12,BTCUSD_PERP,bid,59400,527.39
2024-08-18 16:53:23,BTCUSD_PERP,bid,59400,527.42
2024-08-18 16:53:42,BTCUSD_PERP,bid,59400,588.34
2024-08-18 16:55:23,BTCUSD_PERP,bid,59400,585.2
2024-08-18 16:55:23,BTCUSD_PERP,bid,59400,1054.46
2024-08-18 16:55:23,BTCUSD_PERP,bid,59400,1113.28
2024-08-18 16:56:05,BTCUSD_PERP,bid,59300,1005.45
2024-08-18 16:56:05,BTCUSD_PERP,bid,59300,1064.23
2024-08-18 16:57:00,BTCUSD_PERP,bid,59300,1005.45
2024-08-18 16:57:01,BTCUSD_PERP,bid,59300,771.53
2024-08-18 16:57:01,BTCUSD_PERP,bid,59300,653.97
2024-08-18 16:57:01,BTCUSD_PERP,bid,59300,595.79
2024-08-18 16:57:01,BTCUSD_PERP,bid,59400,526.38
2024-08-18 16:57:01,BTCUSD_PERP,bid,59400,643.92
2024-08-18 16:57:01,BTCUSD_PERP,bid,59400,702.74
2024-08-18 16:58:31,BTCUSD_PERP,bid,59400,643.92
2024-08-18 16:58:31,BTCUSD_PERP,bid,59300,878.75
2024-08-18 16:58:31,BTCUSD_PERP,bid,59300,1053.92
2024-08-18 17:00:47,BTCUSD_PERP,bid,59300,936.94
2024-08-18 17:00:47,BTCUSD_PERP,bid,59300,761.77
2024-08-18 17:00:47,BTCUSD_PERP,bid,59300,702.98
2024-08-18 17:00:47,BTCUSD_PERP,bid,59300,644.19
2024-08-18 17:00:47,BTCUSD_PERP,bid,59300,585.4
2024-08-18 17:00:48,BTCUSD_PERP,bid,59400,528.18
2024-08-18 17:00:48,BTCUSD_PERP,bid,59400,586.41
2024-08-18 17:00:48,BTCUSD_PERP,bid,59400,644.64
2024-08-18 17:00:49,BTCUSD_PERP,bid,59400,762.3
2024-08-18 17:04:29,BTCUSD_PERP,bid,59400,703.47
2024-08-18 17:04:29,BTCUSD_PERP,bid,59400,527.58
2024-08-18 17:04:30,BTCUSD_PERP,bid,59400,586.1
2024-08-18 17:04:30,BTCUSD_PERP,bid,59400,644.96
2024-08-18 17:04:30,BTCUSD_PERP,bid,59400,703.22
2024-08-18 17:04:30,BTCUSD_PERP,bid,59400,878.6
2024-08-18 17:04:30,BTCUSD_PERP,bid,59400,937.46
2024-08-18 17:04:31,BTCUSD_PERP,bid,59400,996.32
2024-08-18 17:04:31,BTCUSD_PERP,bid,59400,1114.04
2024-08-18 17:05:32,BTCUSD_PERP,bid,59400,937.46
2024-08-18 17:05:32,BTCUSD_PERP,bid,59400,1055.72
2024-08-18 17:05:33,BTCUSD_PERP,bid,59400,1114.61
2024-08-18 17:06:17,BTCUSD_PERP,bid,59400,1056.32
2024-08-18 17:06:17,BTCUSD_PERP,bid,59400,997.43
2024-08-18 17:06:17,BTCUSD_PERP,bid,59400,938.54
2024-08-18 17:06:18,BTCUSD_PERP,bid,59400,879.65
2024-08-18 17:06:18,BTCUSD_PERP,bid,59400,644.69
2024-08-18 17:06:18,BTCUSD_PERP,bid,59400,585.8
2024-08-18 17:06:18,BTCUSD_PERP,bid,59400,527.51
2024-08-18 17:06:18,BTCUSD_PERP,bid,59500,528.57
2024-08-18 17:08:07,BTCUSD_PERP,bid,59500,528.24
2024-08-18 17:08:07,BTCUSD_PERP,bid,59500,587.2
2024-08-18 17:08:25,BTCUSD_PERP,bid,59500,528.84
2024-08-18 17:18:01,BTCUSD_PERP,bid,59600,529.98
2024-08-18 17:18:02,BTCUSD_PERP,bid,59600,588.39
2024-08-18 17:18:02,BTCUSD_PERP,bid,59600,588.43
2024-08-18 17:18:02,BTCUSD_PERP,bid,59600,647.45
2024-08-18 17:18:04,BTCUSD_PERP,bid,59600,647.49
2024-08-18 17:18:06,BTCUSD_PERP,bid,59600,647.53
2024-08-18 17:18:10,BTCUSD_PERP,bid,59600,647.57
2024-08-18 17:18:14,BTCUSD_PERP,bid,59600,588.55
2024-08-18 17:18:14,BTCUSD_PERP,bid,59600,529.53
2024-08-18 17:18:15,BTCUSD_PERP,bid,59600,529.01
2024-08-18 17:18:15,BTCUSD_PERP,bid,59600,588.06
2024-08-18 17:18:16,BTCUSD_PERP,bid,59600,647.11
2024-08-18 17:18:27,BTCUSD_PERP,bid,59600,529.56
2024-08-18 17:19:42,BTCUSD_PERP,bid,59600,597.85
2024-08-18 17:19:42,BTCUSD_PERP,bid,59600,597.83
2024-08-18 17:20:52,BTCUSD_PERP,bid,59600,539.4
2024-08-18 17:20:54,BTCUSD_PERP,bid,59600,530.35
2024-08-18 17:20:54,BTCUSD_PERP,bid,59600,589.41
2024-08-18 17:20:54,BTCUSD_PERP,bid,59600,647.87
2024-08-18 17:20:54,BTCUSD_PERP,bid,59600,706.33
2024-08-18 17:20:54,BTCUSD_PERP,bid,59600,765.39
2024-08-18 17:21:24,BTCUSD_PERP,bid,59600,529.75
2024-08-18 17:21:24,BTCUSD_PERP,bid,59600,706.56
2024-08-18 17:21:24,BTCUSD_PERP,bid,59600,764.99
2024-08-18 17:22:07,BTCUSD_PERP,bid,59600,706.56
2024-08-18 17:22:07,BTCUSD_PERP,bid,59600,648.13
2024-08-18 17:22:07,BTCUSD_PERP,bid,59600,530.07
2024-08-18 17:22:08,BTCUSD_PERP,bid,59600,764.6
2024-08-18 17:22:14,BTCUSD_PERP,bid,59500,649.0
2024-08-18 17:23:50,BTCUSD_PERP,bid,59600,529.2
2024-08-18 17:23:51,BTCUSD_PERP,bid,59600,587.6
2024-08-18 17:23:51,BTCUSD_PERP,bid,59600,646.0
2024-08-18 17:26:57,BTCUSD_PERP,bid,59600,587.0
2024-08-18 17:26:57,BTCUSD_PERP,bid,59600,528.6
2024-08-18 17:26:59,BTCUSD_PERP,bid,59600,528.96
2024-08-18 17:28:43,BTCUSD_PERP,bid,59600,528.72
2024-08-18 17:28:43,BTCUSD_PERP,bid,59600,587.8
2024-08-18 17:28:43,BTCUSD_PERP,bid,59600,646.88
2024-08-18 17:29:08,BTCUSD_PERP,bid,59600,529.92
2024-08-18 17:29:09,BTCUSD_PERP,bid,59600,529.05
2024-08-18 17:29:10,BTCUSD_PERP,bid,59600,587.5
2024-08-18 17:29:11,BTCUSD_PERP,bid,59600,646.55
2024-08-18 17:29:36,BTCUSD_PERP,bid,59600,587.5
2024-08-18 17:29:37,BTCUSD_PERP,bid,59600,528.09
2024-08-18 17:29:37,BTCUSD_PERP,bid,59600,587.1
2024-08-18 17:37:48,BTCUSD_PERP,bid,59500,529.17
2024-08-18 17:37:48,BTCUSD_PERP,bid,59500,647.03
2024-08-18 17:37:48,BTCUSD_PERP,bid,59500,764.19
2024-08-18 17:38:34,BTCUSD_PERP,bid,59500,705.36
2024-08-18 17:38:34,BTCUSD_PERP,bid,59500,646.43
2024-08-18 17:38:34,BTCUSD_PERP,bid,59500,588.1
2024-08-18 17:38:35,BTCUSD_PERP,bid,59500,529.17
2024-08-18 17:38:35,BTCUSD_PERP,bid,59500,528.24
2024-08-18 17:38:35,BTCUSD_PERP,bid,59500,538.16
2024-08-18 17:38:35,BTCUSD_PERP,bid,59500,597.12
2024-08-18 17:38:35,BTCUSD_PERP,bid,59500,656.08
2024-08-18 17:38:35,BTCUSD_PERP,bid,59500,715.04
2024-08-18 17:38:36,BTCUSD_PERP,bid,59500,773.4
2024-08-18 17:38:53,BTCUSD_PERP,bid,59500,714.44
2024-08-18 17:38:53,BTCUSD_PERP,bid,59500,645.23
2024-08-18 17:38:53,BTCUSD_PERP,bid,59500,821.42
2024-08-18 17:38:53,BTCUSD_PERP,bid,59400,514.52
2024-08-18 17:38:53,BTCUSD_PERP,bid,59500,880.35
2024-08-18 17:39:08,BTCUSD_PERP,bid,59500,763.69
2024-08-18 17:39:09,BTCUSD_PERP,bid,59500,705.36
2024-08-18 17:39:09,BTCUSD_PERP,bid,59500,646.43
2024-08-18 17:39:09,BTCUSD_PERP,bid,59500,587.5
2024-08-18 17:39:09,BTCUSD_PERP,bid,59500,528.33
2024-08-18 17:39:09,BTCUSD_PERP,bid,59500,587.3
2024-08-18 17:39:09,BTCUSD_PERP,bid,59500,646.27
2024-08-18 17:39:10,BTCUSD_PERP,bid,59500,821.98
2024-08-18 17:39:10,BTCUSD_PERP,bid,59500,880.95
2024-08-18 17:39:10,BTCUSD_PERP,bid,59500,998.79
2024-08-18 17:39:10,BTCUSD_PERP,bid,59500,1057.16
2024-08-18 17:39:10,BTCUSD_PERP,bid,59500,514.81
2024-08-18 17:39:21,BTCUSD_PERP,bid,59500,1057.2
2024-08-18 17:41:05,BTCUSD_PERP,bid,59500,998.23
2024-08-18 17:41:05,BTCUSD_PERP,bid,59500,881.49
2024-08-18 17:41:05,BTCUSD_PERP,bid,59500,763.65
2024-08-18 17:41:05,BTCUSD_PERP,bid,59500,645.71
2024-08-18 17:41:05,BTCUSD_PERP,bid,59500,586.74
2024-08-18 17:41:06,BTCUSD_PERP,bid,59500,528.37
2024-08-18 17:41:06,BTCUSD_PERP,bid,59600,529.1
2024-08-18 17:41:06,BTCUSD_PERP,bid,59600,587.5
2024-08-18 17:43:16,BTCUSD_PERP,bid,59600,528.5
2024-08-18 17:43:17,BTCUSD_PERP,bid,59600,597.8
2024-08-18 17:44:45,BTCUSD_PERP,bid,59600,538.77
2024-08-18 17:44:47,BTCUSD_PERP,bid,59600,528.54
2024-08-18 17:44:47,BTCUSD_PERP,bid,59600,587.54
2024-08-18 17:46:31,BTCUSD_PERP,bid,59400,644.13
2024-08-18 17:46:39,BTCUSD_PERP,bid,59400,526.78
2024-08-18 17:46:39,BTCUSD_PERP,bid,59400,643.8
2024-08-18 17:46:43,BTCUSD_PERP,bid,59300,643.42
2024-08-18 17:46:43,BTCUSD_PERP,bid,59300,702.19
2024-08-18 17:46:53,BTCUSD_PERP,bid,59300,644.01
2024-08-18 17:46:53,BTCUSD_PERP,bid,59300,526.47
2024-08-18 17:46:55,BTCUSD_PERP,bid,59300,584.46
2024-08-18 17:46:55,BTCUSD_PERP,bid,59300,701.84
2024-08-18 17:46:55,BTCUSD_PERP,bid,59300,759.98
2024-08-18 17:47:05,BTCUSD_PERP,bid,59300,526.22
2024-08-18 17:47:06,BTCUSD_PERP,bid,59300,526.52
2024-08-18 17:47:06,BTCUSD_PERP,bid,59300,585.3
2024-08-18 17:47:29,BTCUSD_PERP,bid,59300,596.09
2024-08-18 17:47:58,BTCUSD_PERP,bid,59400,527.99
2024-08-18 17:48:34,BTCUSD_PERP,bid,59400,528.36
2024-08-18 17:48:34,BTCUSD_PERP,bid,59400,529.59
2024-08-18 17:49:22,BTCUSD_PERP,bid,59400,527.47
2024-08-18 17:49:22,BTCUSD_PERP,bid,59400,586.29
2024-08-18 17:49:54,BTCUSD_PERP,bid,59400,528.35
2024-08-18 17:50:29,BTCUSD_PERP,bid,59400,528.62
2024-08-18 17:50:29,BTCUSD_PERP,bid,59400,586.9
2024-08-18 17:50:30,BTCUSD_PERP,bid,59400,645.18
2024-08-18 17:50:30,BTCUSD_PERP,bid,59400,762.34
2024-08-18 17:50:30,BTCUSD_PERP,bid,59400,821.22
2024-08-18 17:50:37,BTCUSD_PERP,bid,59400,822.46
2024-08-18 17:50:38,BTCUSD_PERP,bid,59400,824.59
2024-08-18 17:50:39,BTCUSD_PERP,bid,59400,838.84
2024-08-18 17:50:45,BTCUSD_PERP,bid,59400,779.96
2024-08-18 17:51:12,BTCUSD_PERP,bid,59400,644.62
2024-08-18 17:51:12,BTCUSD_PERP,bid,59400,703.44
2024-08-18 17:53:36,BTCUSD_PERP,bid,59400,645.22
2024-08-18 17:53:36,BTCUSD_PERP,bid,59400,586.4
2024-08-18 17:53:36,BTCUSD_PERP,bid,59300,761.64
2024-08-18 17:55:20,BTCUSD_PERP,bid,59300,527.72
2024-08-18 17:57:21,BTCUSD_PERP,ask,60600,496.1
2024-08-18 17:57:23,BTCUSD_PERP,ask,60600,516.07
2024-08-18 18:05:41,BTCUSD_PERP,bid,59400,586.7
2024-08-18 18:05:41,BTCUSD_PERP,bid,59400,645.45
2024-08-18 18:05:41,BTCUSD_PERP,bid,59400,703.7
2024-08-18 18:05:42,BTCUSD_PERP,bid,59400,762.55
2024-08-18 18:06:22,BTCUSD_PERP,bid,59400,703.7
2024-08-18 18:06:22,BTCUSD_PERP,bid,59400,645.45
2024-08-18 18:06:23,BTCUSD_PERP,bid,59400,586.6
2024-08-18 18:06:23,BTCUSD_PERP,bid,59400,527.75
2024-08-18 18:06:23,BTCUSD_PERP,bid,59400,528.12
2024-08-18 18:06:24,BTCUSD_PERP,bid,59400,587.0
2024-08-18 18:06:24,BTCUSD_PERP,bid,59400,645.28
2024-08-18 18:06:24,BTCUSD_PERP,bid,59400,704.16
2024-08-18 18:06:24,BTCUSD_PERP,bid,59400,762.94
2024-08-18 18:06:43,BTCUSD_PERP,bid,59400,586.9
2024-08-18 18:13:21,BTCUSD_PERP,bid,59400,586.4
2024-08-18 18:13:21,BTCUSD_PERP,bid,59400,645.29
2024-08-18 18:13:21,BTCUSD_PERP,bid,59400,704.18
2024-08-18 18:13:21,BTCUSD_PERP,bid,59400,763.07
2024-08-18 18:13:22,BTCUSD_PERP,bid,59400,880.25
2024-08-18 18:17:43,BTCUSD_PERP,bid,59400,821.36
2024-08-18 18:17:43,BTCUSD_PERP,bid,59400,645.29
2024-08-18 18:17:43,BTCUSD_PERP,bid,59400,762.68
2024-08-18 18:17:43,BTCUSD_PERP,bid,59400,821.54
2024-08-18 18:17:43,BTCUSD_PERP,bid,59400,879.8
2024-08-18 18:24:06,BTCUSD_PERP,bid,59400,528.1
2024-08-18 18:24:06,BTCUSD_PERP,bid,59400,586.92
2024-08-18 18:24:16,BTCUSD_PERP,bid,42000,1062.37
2024-08-18 18:24:23,BTCUSD_PERP,bid,42000,1061.97
2024-08-18 18:25:00,BTCUSD_PERP,bid,42000,1062.08
2024-08-18 18:30:50,BTCUSD_PERP,bid,59300,526.88
2024-08-18 18:36:41,BTCUSD_PERP,bid,59300,536.49
2024-08-18 18:36:41,BTCUSD_PERP,bid,59300,595.21
2024-08-18 18:37:27,BTCUSD_PERP,bid,59200,525.62
2024-08-18 18:46:27,BTCUSD_PERP,bid,59300,525.98
2024-08-18 18:46:28,BTCUSD_PERP,bid,59300,584.7
2024-08-18 18:47:25,BTCUSD_PERP,bid,59300,526.58
2024-08-18 18:47:26,BTCUSD_PERP,bid,59300,527.45
2024-08-18 18:47:26,BTCUSD_PERP,bid,59300,586.2
2024-08-18 18:47:26,BTCUSD_PERP,bid,59300,644.35
2024-08-18 18:47:27,BTCUSD_PERP,bid,59300,761.25
2024-08-18 18:47:27,BTCUSD_PERP,bid,59200,527.14
2024-08-18 18:47:27,BTCUSD_PERP,bid,59300,820.0
2024-08-18 18:47:30,BTCUSD_PERP,bid,59300,821.24
2024-08-18 18:48:56,BTCUSD_PERP,bid,59300,820.0
2024-08-18 18:48:59,BTCUSD_PERP,bid,59300,818.98
2024-08-18 18:48:59,BTCUSD_PERP,bid,59300,877.7
2024-08-18 18:48:59,BTCUSD_PERP,bid,59200,526.86
2024-08-18 18:49:04,BTCUSD_PERP,bid,59300,877.74
2024-08-18 18:51:20,BTCUSD_PERP,bid,59300,819.62
2024-08-18 18:51:21,BTCUSD_PERP,bid,59300,760.9
2024-08-18 18:51:21,BTCUSD_PERP,bid,59300,702.18
2024-08-18 18:51:21,BTCUSD_PERP,bid,59300,584.84
2024-08-18 18:51:21,BTCUSD_PERP,bid,59300,526.12
2024-08-18 18:51:22,BTCUSD_PERP,bid,59300,585.69
2024-08-18 18:51:22,BTCUSD_PERP,bid,59300,644.47
2024-08-18 18:51:22,BTCUSD_PERP,bid,59300,702.65
2024-08-18 18:51:22,BTCUSD_PERP,bid,59300,761.43
2024-08-18 18:51:22,BTCUSD_PERP,bid,59300,512.7
2024-08-18 18:51:22,BTCUSD_PERP,bid,59300,820.21
2024-08-18 18:51:22,BTCUSD_PERP,bid,59300,878.99
2024-08-18 18:51:23,BTCUSD_PERP,bid,59300,996.55
2024-08-18 18:51:23,BTCUSD_PERP,bid,59300,571.42
2024-08-18 18:51:23,BTCUSD_PERP,bid,59300,1054.73
2024-08-18 18:51:44,BTCUSD_PERP,bid,59300,937.17
2024-08-18 18:51:44,BTCUSD_PERP,bid,59300,512.7
2024-08-18 18:51:44,BTCUSD_PERP,bid,59300,878.39
2024-08-18 18:51:44,BTCUSD_PERP,bid,59300,820.21
2024-08-18 18:51:44,BTCUSD_PERP,bid,59300,762.03
2024-08-18 18:51:44,BTCUSD_PERP,bid,59300,703.25
2024-08-18 18:51:44,BTCUSD_PERP,bid,59300,644.47
2024-08-18 18:51:45,BTCUSD_PERP,bid,59300,526.91
2024-08-18 18:51:45,BTCUSD_PERP,bid,59400,527.39
2024-08-18 18:51:45,BTCUSD_PERP,bid,59400,585.6
2024-08-18 18:52:13,BTCUSD_PERP,bid,59400,586.0
2024-08-18 18:52:13,BTCUSD_PERP,bid,59400,703.58
2024-08-18 18:52:13,BTCUSD_PERP,bid,59400,761.82
2024-08-18 18:52:13,BTCUSD_PERP,bid,59400,820.66
2024-08-18 18:53:35,BTCUSD_PERP,bid,59400,644.24
2024-08-18 18:53:35,BTCUSD_PERP,bid,59400,703.22
2024-08-18 18:53:35,BTCUSD_PERP,bid,59400,761.43
2024-08-18 18:53:35,BTCUSD_PERP,bid,59400,820.24
2024-08-18 18:53:38,BTCUSD_PERP,bid,59400,834.47
2024-08-18 18:53:39,BTCUSD_PERP,bid,59400,836.6
2024-08-18 18:53:42,BTCUSD_PERP,bid,59400,837.84
2024-08-18 18:55:06,BTCUSD_PERP,bid,59400,836.6
2024-08-18 18:55:39,BTCUSD_PERP,bid,59400,822.37
2024-08-18 18:55:41,BTCUSD_PERP,bid,59400,820.24
2024-08-18 18:58:16,BTCUSD_PERP,bid,59400,761.43
2024-08-18 18:58:16,BTCUSD_PERP,bid,59400,643.81
2024-08-18 18:58:16,BTCUSD_PERP,bid,59400,526.19
2024-08-18 18:58:16,BTCUSD_PERP,bid,59400,529.23
2024-08-18 18:58:17,BTCUSD_PERP,bid,59400,587.5
2024-08-18 18:58:17,BTCUSD_PERP,bid,59400,646.27
2024-08-18 18:58:17,BTCUSD_PERP,bid,59400,762.81
2024-08-18 18:58:17,BTCUSD_PERP,bid,59400,821.08
2024-08-18 18:58:17,BTCUSD_PERP,bid,59400,938.22
2024-08-18 18:58:18,BTCUSD_PERP,bid,59400,572.33
2024-08-18 18:58:18,BTCUSD_PERP,bid,59400,996.49
2024-08-18 18:58:18,BTCUSD_PERP,bid,59400,582.32
2024-08-18 18:58:18,BTCUSD_PERP,bid,59400,1054.76
2024-08-18 18:58:18,BTCUSD_PERP,bid,59400,1113.63
2024-08-18 18:58:18,BTCUSD_PERP,bid,59400,1172.5
2024-08-18 18:58:34,BTCUSD_PERP,bid,59400,523.51
2024-08-18 18:58:34,BTCUSD_PERP,bid,59400,1055.46
2024-08-18 18:58:34,BTCUSD_PERP,bid,59400,997.19
2024-08-18 18:58:34,BTCUSD_PERP,bid,59400,880.65
2024-08-18 18:58:34,BTCUSD_PERP,bid,59400,763.51
2024-08-18 18:58:35,BTCUSD_PERP,bid,59400,705.24
2024-08-18 18:58:35,BTCUSD_PERP,bid,59400,513.91
2024-08-18 18:58:35,BTCUSD_PERP,bid,59500,599.16
2024-08-18 18:58:35,BTCUSD_PERP,bid,59500,716.98
2024-08-18 18:58:35,BTCUSD_PERP,bid,59500,775.89
2024-08-18 18:58:36,BTCUSD_PERP,bid,59500,952.02
2024-08-18 18:58:36,BTCUSD_PERP,bid,59500,954.15
2024-08-18 18:58:36,BTCUSD_PERP,bid,59500,1013.06
2024-08-18 18:58:36,BTCUSD_PERP,bid,59400,572.77
2024-08-18 18:58:36,BTCUSD_PERP,bid,59500,1130.88
2024-08-18 18:58:36,BTCUSD_PERP,bid,59500,1132.12
2024-08-18 19:00:36,BTCUSD_PERP,bid,59500,1117.86
2024-08-18 19:00:37,BTCUSD_PERP,bid,59500,1115.73
2024-08-18 19:00:37,BTCUSD_PERP,bid,59500,1114.49
2024-08-18 19:01:38,BTCUSD_PERP,bid,59400,513.91
2024-08-18 19:01:38,BTCUSD_PERP,bid,59500,997.87
2024-08-18 19:01:39,BTCUSD_PERP,bid,59500,938.96
2024-08-18 19:01:39,BTCUSD_PERP,bid,59500,880.65
2024-08-18 19:01:39,BTCUSD_PERP,bid,59500,762.83
2024-08-18 19:01:39,BTCUSD_PERP,bid,59500,704.52
2024-08-18 19:01:39,BTCUSD_PERP,bid,59500,645.61
2024-08-18 19:01:39,BTCUSD_PERP,bid,59500,528.05
2024-08-18 19:01:39,BTCUSD_PERP,bid,59500,763.25
2024-08-18 19:01:39,BTCUSD_PERP,bid,59500,822.2
2024-08-18 19:04:48,BTCUSD_PERP,bid,59500,763.25
2024-08-18 19:04:48,BTCUSD_PERP,bid,59500,704.3
2024-08-18 19:04:48,BTCUSD_PERP,bid,59500,704.54
2024-08-18 19:04:49,BTCUSD_PERP,bid,59500,763.46
2024-08-18 19:05:17,BTCUSD_PERP,bid,59500,704.54
2024-08-18 19:05:18,BTCUSD_PERP,bid,59400,528.71
2024-08-18 19:05:54,BTCUSD_PERP,bid,59500,704.54
2024-08-18 19:05:54,BTCUSD_PERP,bid,59500,763.46
2024-08-18 19:21:40,BTCUSD_PERP,bid,59300,819.32
2024-08-18 19:21:41,BTCUSD_PERP,bid,59300,878.1
2024-08-18 19:21:57,BTCUSD_PERP,bid,59300,584.8
2024-08-18 19:21:58,BTCUSD_PERP,bid,59300,526.62
2024-08-18 19:21:59,BTCUSD_PERP,bid,59400,526.89
2024-08-18 19:21:59,BTCUSD_PERP,bid,59400,585.1
2024-08-18 19:24:24,BTCUSD_PERP,bid,59400,702.96
2024-08-18 19:24:24,BTCUSD_PERP,bid,59400,879.5
2024-08-18 19:26:25,BTCUSD_PERP,bid,59400,762.44
2024-08-18 19:26:25,BTCUSD_PERP,bid,59400,704.16
2024-08-18 19:26:25,BTCUSD_PERP,bid,59400,586.4
2024-08-18 19:26:26,BTCUSD_PERP,bid,59500,538.98
2024-08-18 19:26:43,BTCUSD_PERP,ask,60700,517.84
2024-08-18 19:26:45,BTCUSD_PERP,bid,59400,514.31
2024-08-18 19:26:45,BTCUSD_PERP,bid,59400,573.21
2024-08-18 19:26:45,BTCUSD_PERP,bid,59500,528.73
2024-08-18 19:26:45,BTCUSD_PERP,bid,59500,646.05
2024-08-18 19:26:45,BTCUSD_PERP,bid,59500,763.37
2024-08-18 19:26:45,BTCUSD_PERP,bid,59500,939.65
2024-08-18 19:26:45,BTCUSD_PERP,bid,59500,998.61
2024-08-18 19:27:14,BTCUSD_PERP,bid,59500,940.25
2024-08-18 19:27:14,BTCUSD_PERP,bid,59500,881.29
2024-08-18 19:27:14,BTCUSD_PERP,bid,59500,822.93
2024-08-18 19:27:15,BTCUSD_PERP,bid,59500,763.97
2024-08-18 19:27:15,BTCUSD_PERP,bid,59500,705.61
2024-08-18 19:27:15,BTCUSD_PERP,bid,59500,529.66
2024-08-18 19:27:15,BTCUSD_PERP,bid,59500,706.0
2024-08-18 19:27:16,BTCUSD_PERP,bid,59500,764.88
2024-08-18 19:27:16,BTCUSD_PERP,bid,59500,823.26
2024-08-18 19:27:16,BTCUSD_PERP,bid,59500,514.52
2024-08-18 19:27:16,BTCUSD_PERP,bid,59500,882.24
2024-08-18 19:27:16,BTCUSD_PERP,bid,59500,941.22
2024-08-18 19:27:16,BTCUSD_PERP,bid,59500,1000.2
2024-08-18 19:29:15,BTCUSD_PERP,bid,59500,998.97
2024-08-18 19:32:43,BTCUSD_PERP,bid,59500,940.59
2024-08-18 19:32:43,BTCUSD_PERP,bid,59500,881.71
2024-08-18 19:32:43,BTCUSD_PERP,bid,59500,763.75
2024-08-18 19:32:43,BTCUSD_PERP,bid,59500,704.77
2024-08-18 19:37:08,BTCUSD_PERP,bid,59600,529.47
2024-08-18 19:41:04,BTCUSD_PERP,bid,59600,588.5
2024-08-18 19:41:05,BTCUSD_PERP,bid,59600,647.53
2024-08-18 19:43:40,BTCUSD_PERP,bid,59600,529.47
2024-08-18 19:43:40,BTCUSD_PERP,bid,59600,529.32
2024-08-18 19:43:41,BTCUSD_PERP,bid,59600,588.4
2024-08-18 19:43:41,BTCUSD_PERP,bid,59600,706.46
2024-08-18 19:43:41,BTCUSD_PERP,bid,59600,823.42
2024-08-18 19:43:42,BTCUSD_PERP,bid,59600,882.5
2024-08-18 19:43:42,BTCUSD_PERP,bid,59600,941.58
2024-08-18 19:43:42,BTCUSD_PERP,bid,59600,525.4
2024-08-18 19:43:42,BTCUSD_PERP,bid,59600,1000.06
2024-08-18 19:43:42,BTCUSD_PERP,bid,59600,584.38
2024-08-18 19:43:42,BTCUSD_PERP,bid,59600,1059.14
2024-08-18 19:43:42,BTCUSD_PERP,bid,59600,1117.62
2024-08-18 19:44:49,BTCUSD_PERP,bid,59600,525.36
2024-08-18 19:44:49,BTCUSD_PERP,bid,59600,1000.06
2024-08-18 19:44:49,BTCUSD_PERP,bid,59600,940.98
2024-08-18 19:44:49,BTCUSD_PERP,bid,59600,824.02
2024-08-18 19:44:53,BTCUSD_PERP,bid,59600,647.38
2024-08-18 19:44:53,BTCUSD_PERP,bid,59600,529.82
2024-08-18 19:44:54,BTCUSD_PERP,bid,59700,530.74
2024-08-18 19:44:55,BTCUSD_PERP,bid,59700,707.47
2024-08-18 19:44:55,BTCUSD_PERP,bid,59700,766.58
2024-08-18 19:44:55,BTCUSD_PERP,bid,59600,515.6
2024-08-18 19:44:55,BTCUSD_PERP,bid,59700,825.69
2024-08-18 19:44:55,BTCUSD_PERP,bid,59700,884.8
2024-08-18 19:45:01,BTCUSD_PERP,bid,59700,826.29
2024-08-18 19:45:01,BTCUSD_PERP,bid,59600,515.37
2024-08-18 19:45:01,BTCUSD_PERP,bid,59600,1059.14
2024-08-18 19:45:01,BTCUSD_PERP,bid,59600,574.35
2024-08-18 19:45:01,BTCUSD_PERP,bid,59600,1118.22
2024-08-18 19:45:02,BTCUSD_PERP,bid,59600,1176.7
2024-08-18 19:45:41,BTCUSD_PERP,bid,59600,515.33
2024-08-18 19:45:41,BTCUSD_PERP,bid,59600,1059.74
2024-08-18 19:45:41,BTCUSD_PERP,bid,59600,883.7
2024-08-18 19:45:41,BTCUSD_PERP,bid,59600,825.22
2024-08-18 19:45:41,BTCUSD_PERP,bid,59600,766.74
2024-08-18 19:45:41,BTCUSD_PERP,bid,59600,707.66
2024-08-18 19:45:41,BTCUSD_PERP,bid,59600,648.58
2024-08-18 19:45:42,BTCUSD_PERP,bid,59600,775.86
2024-08-18 19:45:42,BTCUSD_PERP,bid,59500,574.06
2024-08-18 19:45:42,BTCUSD_PERP,bid,59600,1188.01
2024-08-18 19:45:43,BTCUSD_PERP,bid,59600,1129.56
2024-08-18 19:45:43,BTCUSD_PERP,bid,59600,1071.11
2024-08-18 19:45:43,BTCUSD_PERP,bid,59600,1012.06
2024-08-18 19:45:51,BTCUSD_PERP,bid,59600,953.11
2024-08-18 19:45:51,BTCUSD_PERP,bid,59600,894.06
2024-08-18 19:45:51,BTCUSD_PERP,bid,59600,835.61
2024-08-18 19:45:52,BTCUSD_PERP,bid,59600,777.16
2024-08-18 19:45:52,BTCUSD_PERP,bid,59600,718.71
2024-08-18 19:45:52,BTCUSD_PERP,bid,59600,659.66
2024-08-18 19:45:52,BTCUSD_PERP,bid,59600,600.61
2024-08-18 19:45:53,BTCUSD_PERP,bid,59600,541.56
2024-08-18 19:45:53,BTCUSD_PERP,bid,59600,529.32
2024-08-18 19:45:53,BTCUSD_PERP,bid,59600,705.96
2024-08-18 19:45:53,BTCUSD_PERP,bid,59600,515.35
2024-08-18 19:45:53,BTCUSD_PERP,bid,59600,765.04
2024-08-18 19:45:53,BTCUSD_PERP,bid,59600,574.37
2024-08-18 19:45:53,BTCUSD_PERP,bid,59600,824.12
2024-08-18 19:45:53,BTCUSD_PERP,ask,64500,1621.93
2024-08-18 19:46:08,BTCUSD_PERP,bid,59700,588.15
2024-08-18 19:46:08,BTCUSD_PERP,bid,59700,647.27
2024-08-18 19:46:09,BTCUSD_PERP,bid,59700,588.15
2024-08-18 19:46:10,BTCUSD_PERP,bid,59700,529.03
2024-08-18 19:46:11,BTCUSD_PERP,bid,59700,588.03
2024-08-18 19:46:11,BTCUSD_PERP,bid,59700,647.21
2024-08-18 19:46:11,BTCUSD_PERP,bid,59700,705.78
2024-08-18 19:46:16,BTCUSD_PERP,bid,59700,647.21
2024-08-18 19:46:16,BTCUSD_PERP,bid,59700,529.19
2024-08-18 19:46:19,BTCUSD_PERP,bid,59700,529.58
2024-08-18 19:46:19,BTCUSD_PERP,bid,59700,647.2
2024-08-18 19:46:29,BTCUSD_PERP,bid,59600,646.78
2024-08-18 19:46:45,BTCUSD_PERP,bid,59600,529.32
2024-08-18 19:46:45,BTCUSD_PERP,bid,59600,764.55
2024-08-18 19:46:45,BTCUSD_PERP,bid,59600,823.6
2024-08-18 19:47:08,BTCUSD_PERP,bid,59600,587.6
2024-08-18 19:47:37,BTCUSD_PERP,bid,59600,528.59
2024-08-18 19:47:37,BTCUSD_PERP,bid,59500,647.4
2024-08-18 19:47:37,BTCUSD_PERP,bid,59500,764.14
2024-08-18 19:47:46,BTCUSD_PERP,ask,60600,495.07
2024-08-18 19:48:07,BTCUSD_PERP,bid,59500,644.3
2024-08-18 19:48:36,BTCUSD_PERP,bid,59500,527.7
