2024-09-13 07:01:11,ETHUSDT,ask,2390,5127.788
2024-09-13 07:01:17,ETHUSDT,ask,2390,5128.624
2024-09-13 07:01:35,ETHUSDT,ask,2390,5129.179
2024-09-13 07:03:06,ETHUSDT,bid,2310,6454.704
2024-09-13 07:03:29,ETHUSDT,bid,2330,8126.788
2024-09-13 07:03:53,ETHUSDT,bid,2250,4680.577
2024-09-13 07:05:19,ETHUSDT,bid,2310,6449.232
2024-09-13 07:05:46,ETHUSDT,ask,2390,5129.19
2024-09-13 07:06:08,ETHUSDT,bid,2330,8128.5
2024-09-13 07:06:24,ETHUSDT,bid,2330,8129.878
2024-09-13 07:06:25,ETHUSDT,ask,2390,5138.028
2024-09-13 07:06:43,ETHUSDT,bid,2330,8128.5
2024-09-13 07:06:49,ETHUSDT,bid,2330,8126.788
2024-09-13 07:07:00,ETHUSDT,ask,2390,5136.536
2024-09-13 07:07:08,ETHUSDT,bid,2330,8128.072
2024-09-13 07:07:11,ETHUSDT,bid,2330,8131.282
2024-09-13 07:07:19,ETHUSDT,bid,2310,6450.871
2024-09-13 07:07:43,ETHUSDT,ask,2390,5127.698
2024-09-13 07:08:05,ETHUSDT,ask,2390,5127.687
2024-09-13 07:08:30,ETHUSDT,ask,2390,5127.673
2024-09-13 07:09:51,ETHUSDT,bid,2330,8134.064
2024-09-13 07:10:00,ETHUSDT,ask,2390,5127.74
2024-09-13 07:10:05,ETHUSDT,ask,2390,5139.428
2024-09-13 07:10:47,ETHUSDT,ask,2390,5142.366
2024-09-13 07:11:39,ETHUSDT,ask,2390,5142.299
2024-09-13 07:11:45,ETHUSDT,ask,2390,5142.621
2024-09-13 07:12:01,ETHUSDT,ask,2390,5142.612
2024-09-13 07:12:04,ETHUSDT,bid,2330,8155.254
2024-09-13 07:13:11,ETHUSDT,bid,2330,8134.064
2024-09-13 07:13:26,ETHUSDT,ask,2390,5146.612
2024-09-13 07:13:33,ETHUSDT,ask,2390,5141.362
2024-09-13 07:13:38,ETHUSDT,ask,2390,5141.336
2024-09-13 07:14:54,ETHUSDT,bid,2310,6450.85
2024-09-13 07:14:56,ETHUSDT,ask,2390,5191.346
2024-09-13 07:16:04,ETHUSDT,ask,2390,5188.408
2024-09-13 07:16:20,ETHUSDT,ask,2390,5190.5
2024-09-13 07:16:48,ETHUSDT,ask,2390,5190.3
2024-09-13 07:16:57,ETHUSDT,ask,2390,5190.31
2024-09-13 07:18:03,ETHUSDT,bid,2330,8137.201
2024-09-13 07:18:44,ETHUSDT,ask,2390,5190.29
2024-09-13 07:19:12,ETHUSDT,bid,2310,6455.121
2024-09-13 07:19:12,ETHUSDT,bid,2310,6510.643
2024-09-13 07:19:50,ETHUSDT,bid,2290,10039.591
2024-09-13 07:19:55,ETHUSDT,bid,2330,8138.997
2024-09-13 07:19:56,ETHUSDT,bid,2330,8137.201
2024-09-13 07:20:00,ETHUSDT,bid,2330,8134.064
2024-09-13 07:20:23,ETHUSDT,bid,2250,4680.587
2024-09-13 07:20:23,ETHUSDT,bid,2290,10039.601
2024-09-13 07:20:23,ETHUSDT,bid,2300,10412.613
2024-09-13 07:20:23,ETHUSDT,bid,2310,6510.653
2024-09-13 07:20:23,ETHUSDT,bid,2320,10043.101
2024-09-13 07:20:23,ETHUSDT,bid,2330,8134.074
2024-09-13 07:21:44,ETHUSDT,bid,2310,6511.653
2024-09-13 07:21:55,ETHUSDT,bid,2290,10039.924
2024-09-13 07:21:56,ETHUSDT,bid,2330,8134.148
2024-09-13 07:22:05,ETHUSDT,bid,2310,6512.153
2024-09-13 07:22:51,ETHUSDT,bid,2310,6507.153
2024-09-13 07:22:57,ETHUSDT,bid,2300,10411.613
2024-09-13 07:23:07,ETHUSDT,bid,2310,6492.791
2024-09-13 07:23:07,ETHUSDT,bid,2310,6478.432
2024-09-13 07:23:07,ETHUSDT,bid,2310,6464.07
2024-09-13 07:23:12,ETHUSDT,bid,2310,6449.708
2024-09-13 07:24:57,ETHUSDT,bid,2300,10441.901
2024-09-13 07:24:57,ETHUSDT,bid,2300,10457.045
2024-09-13 07:25:31,ETHUSDT,bid,2300,10441.901
2024-09-13 07:26:05,ETHUSDT,ask,2390,5139.705
2024-09-13 07:26:08,ETHUSDT,ask,2390,5143.705
2024-09-13 07:26:09,ETHUSDT,bid,2330,8134.571
2024-09-13 07:26:26,ETHUSDT,bid,2310,6517.189
2024-09-13 07:26:31,ETHUSDT,bid,2310,6502.827
2024-09-13 07:26:45,ETHUSDT,bid,2300,10440.16
2024-09-13 07:26:46,ETHUSDT,ask,2390,5132.017
2024-09-13 07:27:19,ETHUSDT,bid,2330,8134.148
2024-09-13 07:27:29,ETHUSDT,bid,2320,10057.258
2024-09-13 07:27:32,ETHUSDT,bid,2320,10071.415
2024-09-13 07:27:34,ETHUSDT,bid,2320,10085.574
2024-09-13 07:27:35,ETHUSDT,bid,2320,10113.888
2024-09-13 07:27:39,ETHUSDT,bid,2320,10128.045
2024-09-13 07:27:40,ETHUSDT,bid,2320,10142.202
2024-09-13 07:27:41,ETHUSDT,bid,2320,10156.361
2024-09-13 07:27:42,ETHUSDT,bid,2320,10170.518
2024-09-13 07:27:43,ETHUSDT,bid,2320,10184.675
2024-09-13 07:27:43,ETHUSDT,bid,2320,10198.832
2024-09-13 07:27:49,ETHUSDT,bid,2320,10212.989
2024-09-13 07:27:49,ETHUSDT,bid,2320,10227.148
2024-09-13 07:27:50,ETHUSDT,bid,2310,6435.346
2024-09-13 07:28:41,ETHUSDT,ask,2390,5130.017
2024-09-13 07:28:55,ETHUSDT,bid,2320,10226.711
2024-09-13 07:29:12,ETHUSDT,bid,2310,6379.824
2024-09-13 07:29:17,ETHUSDT,ask,2390,5130.853
2024-09-13 07:29:43,ETHUSDT,ask,2390,5131.094
2024-09-13 07:29:57,ETHUSDT,bid,2300,10409.872
2024-09-13 07:30:18,ETHUSDT,bid,2310,6375.51
2024-09-13 07:30:23,ETHUSDT,bid,2320,10212.554
2024-09-13 07:30:27,ETHUSDT,bid,2320,10198.397
2024-09-13 07:30:31,ETHUSDT,bid,2320,10184.24
2024-09-13 07:30:34,ETHUSDT,bid,2320,10170.083
2024-09-13 07:30:35,ETHUSDT,bid,2320,10155.926
2024-09-13 07:30:36,ETHUSDT,bid,2320,10141.769
2024-09-13 07:30:38,ETHUSDT,bid,2320,10127.61
2024-09-13 07:30:40,ETHUSDT,bid,2320,10113.451
2024-09-13 07:30:44,ETHUSDT,bid,2320,10099.294
2024-09-13 07:30:45,ETHUSDT,bid,2320,10085.137
2024-09-13 07:30:45,ETHUSDT,bid,2320,10070.98
2024-09-13 07:30:50,ETHUSDT,bid,2320,10056.823
2024-09-13 07:30:51,ETHUSDT,bid,2320,10042.664
2024-09-13 07:31:12,ETHUSDT,ask,2390,5134.094
2024-09-13 07:31:34,ETHUSDT,bid,2330,8133.221
2024-09-13 07:31:34,ETHUSDT,bid,2330,8132.922
2024-09-13 07:31:40,ETHUSDT,ask,2390,5134.407
2024-09-13 07:32:38,ETHUSDT,bid,2310,6371.239
2024-09-13 07:32:45,ETHUSDT,bid,2330,8133.744
2024-09-13 07:32:50,ETHUSDT,ask,2390,5132.699
2024-09-13 07:33:23,ETHUSDT,ask,2390,5133.535
2024-09-13 07:33:30,ETHUSDT,ask,2390,5183.535
2024-09-13 07:33:30,ETHUSDT,bid,2310,6371.202
2024-09-13 07:33:30,ETHUSDT,bid,2320,10042.635
2024-09-13 07:33:49,ETHUSDT,bid,2300,10410.872
2024-09-13 07:34:01,ETHUSDT,bid,2330,8134.237
2024-09-13 07:34:20,ETHUSDT,ask,2390,5181.412
2024-09-13 07:34:27,ETHUSDT,bid,2320,10041.218
2024-09-13 07:35:00,ETHUSDT,ask,2390,5180.412
2024-09-13 07:36:01,ETHUSDT,bid,1700,6039.087
2024-09-13 07:36:53,ETHUSDT,ask,2390,5180.212
2024-09-13 07:37:16,ETHUSDT,bid,2300,10410.862
2024-09-13 07:37:16,ETHUSDT,bid,2320,10041.208
2024-09-13 07:37:16,ETHUSDT,bid,2330,8134.227
2024-09-13 07:37:16,ETHUSDT,ask,2390,5180.012
2024-09-13 07:37:27,ETHUSDT,ask,2390,5178.812
2024-09-13 07:40:03,ETHUSDT,ask,2390,5178.787
2024-09-13 07:41:04,ETHUSDT,bid,2330,8155.417
2024-09-13 07:41:06,ETHUSDT,ask,2390,5178.758
2024-09-13 07:41:40,ETHUSDT,bid,2310,6372.479
2024-09-13 07:42:06,ETHUSDT,ask,2390,5180.757
2024-09-13 07:42:30,ETHUSDT,bid,2330,8154.949
2024-09-13 07:42:59,ETHUSDT,bid,2330,8133.759
2024-09-13 07:44:28,ETHUSDT,ask,2390,5181.257
2024-09-13 07:44:31,ETHUSDT,ask,2390,5184.046
2024-09-13 07:44:31,ETHUSDT,bid,2300,10410.6
2024-09-13 07:44:40,ETHUSDT,ask,2390,5186.046
2024-09-13 07:45:37,ETHUSDT,ask,2390,5190.23
2024-09-13 07:45:50,ETHUSDT,bid,2330,8147.867
2024-09-13 07:46:17,ETHUSDT,bid,2330,8145.433
2024-09-13 07:46:51,ETHUSDT,bid,2220,4602.264
2024-09-13 07:46:54,ETHUSDT,bid,2310,6376.788
2024-09-13 07:47:42,ETHUSDT,ask,2390,5193.23
2024-09-13 07:47:43,ETHUSDT,bid,2310,6381.097
2024-09-13 07:47:49,ETHUSDT,ask,2390,5193.021
2024-09-13 07:48:23,ETHUSDT,bid,2330,8131.325
2024-09-13 07:48:33,ETHUSDT,ask,2390,5194.276
2024-09-13 07:49:21,ETHUSDT,ask,2390,5193.066
2024-09-13 07:49:37,ETHUSDT,ask,2390,5189.066
2024-09-13 07:49:39,ETHUSDT,ask,2390,5139.066
2024-09-13 07:50:00,ETHUSDT,ask,2390,5140.066
2024-09-13 07:51:10,ETHUSDT,ask,2390,5140.482
2024-09-13 07:51:13,ETHUSDT,ask,2390,5140.227
2024-09-13 07:51:16,ETHUSDT,bid,2310,6376.788
2024-09-13 07:51:29,ETHUSDT,ask,2390,5140.672
2024-09-13 07:52:07,ETHUSDT,bid,2310,6372.479
2024-09-13 07:53:08,ETHUSDT,ask,2390,5132.304
2024-09-13 07:53:23,ETHUSDT,bid,2330,8152.515
2024-09-13 07:53:24,ETHUSDT,bid,2330,8154.216
2024-09-13 07:53:24,ETHUSDT,bid,2330,8152.515
2024-09-13 07:53:54,ETHUSDT,ask,2390,5132.655
2024-09-13 07:55:08,ETHUSDT,bid,2330,8131.325
2024-09-13 07:56:18,ETHUSDT,bid,2330,8134.606
2024-09-13 07:56:20,ETHUSDT,bid,2290,10039.907
2024-09-13 07:56:22,ETHUSDT,bid,2320,10062.471
2024-09-13 07:56:24,ETHUSDT,bid,2320,10083.734
2024-09-13 07:57:09,ETHUSDT,ask,2390,5131.655
2024-09-13 07:57:28,ETHUSDT,bid,2320,10084.584
2024-09-13 07:57:49,ETHUSDT,ask,2390,5132.073
2024-09-13 07:57:53,ETHUSDT,bid,2330,8131.325
2024-09-13 07:58:35,ETHUSDT,bid,2300,10410.614
2024-09-13 07:58:35,ETHUSDT,bid,2320,10084.598
2024-09-13 07:58:35,ETHUSDT,bid,2330,8131.339
2024-09-13 07:59:06,ETHUSDT,bid,2320,10083.748
2024-09-13 07:59:12,ETHUSDT,bid,2320,10041.222
2024-09-13 08:01:43,ETHUSDT,bid,1700,6038.735
2024-09-13 08:01:50,ETHUSDT,ask,2390,5102.073
2024-09-13 08:02:21,ETHUSDT,bid,2330,8131.939
2024-09-13 08:02:26,ETHUSDT,bid,2300,10411.098
2024-09-13 08:02:26,ETHUSDT,bid,2320,10041.706
2024-09-13 08:02:26,ETHUSDT,bid,2330,8132.423
2024-09-13 08:02:32,ETHUSDT,bid,2310,6374.595
2024-09-13 08:02:45,ETHUSDT,ask,2390,5170.654
2024-09-13 08:03:00,ETHUSDT,ask,2390,5170.303
2024-09-13 08:03:14,ETHUSDT,ask,2390,5170.654
2024-09-13 08:03:23,ETHUSDT,bid,2320,10041.78
2024-09-13 08:04:10,ETHUSDT,bid,2300,10389.876
2024-09-13 08:04:18,ETHUSDT,ask,2390,5178.921
2024-09-13 08:04:24,ETHUSDT,ask,2390,5173.067
2024-09-13 08:04:24,ETHUSDT,ask,2390,5164.782
2024-09-13 08:04:28,ETHUSDT,ask,2390,5164.741
2024-09-13 08:04:44,ETHUSDT,bid,2300,10394.876
2024-09-13 08:05:40,ETHUSDT,ask,2390,5158.6
2024-09-13 08:05:45,ETHUSDT,bid,2300,10392.876
2024-09-13 08:06:09,ETHUSDT,ask,2390,5158.676
2024-09-13 08:06:21,ETHUSDT,ask,2390,5108.676
2024-09-13 08:06:39,ETHUSDT,ask,2390,5112.86
2024-09-13 08:06:40,ETHUSDT,ask,2390,5112.851
2024-09-13 08:06:54,ETHUSDT,bid,2320,10039.28
2024-09-13 08:07:21,ETHUSDT,bid,2310,6375.06
2024-09-13 08:07:53,ETHUSDT,ask,2390,5115.054
2024-09-13 08:08:13,ETHUSDT,ask,2390,5115.783
2024-09-13 08:08:24,ETHUSDT,bid,2320,10039.182
2024-09-13 08:08:29,ETHUSDT,ask,2390,5115.664
2024-09-13 08:08:47,ETHUSDT,bid,2300,10405.868
2024-09-13 08:09:04,ETHUSDT,ask,2390,5115.802
2024-09-13 08:09:16,ETHUSDT,ask,2390,5115.451
2024-09-13 08:09:24,ETHUSDT,ask,2390,5095.451
2024-09-13 08:09:27,ETHUSDT,bid,2300,10407.167
2024-09-13 08:09:49,ETHUSDT,bid,2320,10039.307
2024-09-13 08:09:54,ETHUSDT,ask,2390,5095.802
2024-09-13 08:10:00,ETHUSDT,ask,2390,5095.664
2024-09-13 08:10:26,ETHUSDT,bid,2300,10407.816
2024-09-13 08:10:42,ETHUSDT,bid,2220,4607.657
2024-09-13 08:12:02,ETHUSDT,ask,2390,5116.344
2024-09-13 08:12:28,ETHUSDT,bid,2330,8131.727
2024-09-13 08:12:49,ETHUSDT,bid,2310,6374.46
2024-09-13 08:13:21,ETHUSDT,bid,2320,10039.732
2024-09-13 08:13:58,ETHUSDT,bid,2330,8131.859
2024-09-13 08:15:26,ETHUSDT,bid,2300,10407.167
2024-09-13 08:15:34,ETHUSDT,ask,2390,5116.358
2024-09-13 08:15:44,ETHUSDT,bid,2320,10039.307
2024-09-13 08:15:56,ETHUSDT,bid,2330,8132.021
2024-09-13 08:15:56,ETHUSDT,bid,2250,4680.597
2024-09-13 08:15:58,ETHUSDT,bid,2250,4680.607
2024-09-13 08:16:33,ETHUSDT,bid,2300,10408.001
2024-09-13 08:16:43,ETHUSDT,bid,2250,4680.597
2024-09-13 08:16:44,ETHUSDT,bid,2250,4680.587
2024-09-13 08:16:57,ETHUSDT,bid,2310,6374.598
2024-09-13 08:17:25,ETHUSDT,bid,2320,10041.399
2024-09-13 08:17:40,ETHUSDT,ask,2390,5113.358
2024-09-13 08:17:47,ETHUSDT,bid,2310,6395.953
2024-09-13 08:18:16,ETHUSDT,bid,2310,6374.598
2024-09-13 08:18:37,ETHUSDT,ask,2390,5030.055
2024-09-13 08:19:08,ETHUSDT,bid,2310,6395.953
2024-09-13 08:19:26,ETHUSDT,bid,2330,8169.188
2024-09-13 08:19:33,ETHUSDT,bid,2310,6374.598
2024-09-13 08:19:34,ETHUSDT,bid,2310,6375.269
2024-09-13 08:19:39,ETHUSDT,bid,2250,4680.436
2024-09-13 08:20:01,ETHUSDT,ask,2390,5030.046
2024-09-13 08:20:13,ETHUSDT,bid,2330,8132.021
2024-09-13 08:20:18,ETHUSDT,bid,2330,8132.011
2024-09-13 08:20:39,ETHUSDT,bid,2250,4680.446
2024-09-13 08:20:39,ETHUSDT,bid,2250,4680.456
2024-09-13 08:20:41,ETHUSDT,bid,2250,4680.466
2024-09-13 08:20:41,ETHUSDT,bid,2250,4680.486
2024-09-13 08:20:41,ETHUSDT,bid,2250,4680.496
2024-09-13 08:20:41,ETHUSDT,bid,2250,4680.546
2024-09-13 08:20:41,ETHUSDT,bid,2250,4680.556
2024-09-13 08:20:42,ETHUSDT,bid,2250,4680.566
2024-09-13 08:20:43,ETHUSDT,ask,2390,5030.107
2024-09-13 08:20:43,ETHUSDT,bid,2250,4680.576
2024-09-13 08:20:44,ETHUSDT,bid,2250,4680.586
2024-09-13 08:20:44,ETHUSDT,bid,2250,4680.596
2024-09-13 08:20:46,ETHUSDT,bid,2250,4680.606
2024-09-13 08:20:46,ETHUSDT,bid,2250,4680.637
2024-09-13 08:20:46,ETHUSDT,bid,2250,4680.648
2024-09-13 08:20:47,ETHUSDT,bid,2250,4680.658
2024-09-13 08:20:47,ETHUSDT,bid,2250,4680.668
2024-09-13 08:20:47,ETHUSDT,bid,2250,4680.678
2024-09-13 08:20:58,ETHUSDT,ask,2390,5010.107
2024-09-13 08:21:17,ETHUSDT,bid,2250,4680.668
2024-09-13 08:21:17,ETHUSDT,bid,2250,4680.658
2024-09-13 08:21:17,ETHUSDT,bid,2250,4680.648
2024-09-13 08:21:18,ETHUSDT,bid,2250,4680.638
2024-09-13 08:21:18,ETHUSDT,bid,2250,4680.628
2024-09-13 08:21:19,ETHUSDT,bid,2250,4680.618
2024-09-13 08:21:20,ETHUSDT,bid,2250,4680.608
2024-09-13 08:21:21,ETHUSDT,bid,2250,4680.598
2024-09-13 08:21:22,ETHUSDT,bid,2250,4680.588
2024-09-13 08:21:22,ETHUSDT,bid,2250,4680.578
2024-09-13 08:21:23,ETHUSDT,bid,2250,4680.568
2024-09-13 08:21:25,ETHUSDT,bid,2250,4680.558
2024-09-13 08:21:26,ETHUSDT,bid,2250,4680.548
2024-09-13 08:21:28,ETHUSDT,bid,2250,4680.538
2024-09-13 08:21:29,ETHUSDT,bid,2250,4680.528
2024-09-13 08:21:30,ETHUSDT,bid,2250,4680.518
2024-09-13 08:21:30,ETHUSDT,bid,2250,4680.508
2024-09-13 08:21:32,ETHUSDT,bid,2250,4680.498
2024-09-13 08:21:32,ETHUSDT,bid,2250,4680.488
2024-09-13 08:21:33,ETHUSDT,bid,2250,4680.478
2024-09-13 08:21:33,ETHUSDT,bid,2250,4680.468
2024-09-13 08:21:36,ETHUSDT,bid,2250,4680.458
2024-09-13 08:21:41,ETHUSDT,bid,2300,10408.039
2024-09-13 08:21:44,ETHUSDT,bid,2330,8132.781
2024-09-13 08:22:30,ETHUSDT,ask,2390,5010.031
2024-09-13 08:24:16,ETHUSDT,bid,2320,10041.613
2024-09-13 08:27:22,ETHUSDT,bid,2300,10399.375
2024-09-13 08:27:22,ETHUSDT,bid,2310,6383.895
2024-09-13 08:28:37,ETHUSDT,bid,2300,10386.383
2024-09-13 08:29:02,ETHUSDT,bid,2320,10040.183
2024-09-13 08:29:16,ETHUSDT,ask,2390,5009.195
2024-09-13 08:29:45,ETHUSDT,ask,2390,5049.195
2024-09-13 08:30:28,ETHUSDT,ask,2390,5049.258
2024-09-13 08:30:28,ETHUSDT,ask,2390,5048.529
2024-09-13 08:30:48,ETHUSDT,bid,1680,8961.465
2024-09-13 08:30:48,ETHUSDT,bid,1700,6038.719
2024-09-13 08:30:48,ETHUSDT,bid,1740,5879.337
2024-09-13 08:30:48,ETHUSDT,bid,1780,5761.758
2024-09-13 08:30:48,ETHUSDT,bid,1960,5196.345
2024-09-13 08:31:01,ETHUSDT,ask,2390,5048.519
2024-09-13 08:31:01,ETHUSDT,ask,2390,5048.728
2024-09-13 08:31:30,ETHUSDT,ask,2390,5047.892
2024-09-13 08:31:51,ETHUSDT,bid,2220,4607.656
2024-09-13 08:31:51,ETHUSDT,ask,2390,5047.883
2024-09-13 08:34:47,ETHUSDT,bid,2320,10041.042
2024-09-13 08:35:10,ETHUSDT,bid,2310,6506.044
2024-09-13 08:35:10,ETHUSDT,bid,2310,6527.399
2024-09-13 08:35:20,ETHUSDT,bid,2220,4609.99
2024-09-13 08:36:19,ETHUSDT,bid,2310,6383.895
2024-09-13 08:36:19,ETHUSDT,ask,2390,5047.873
2024-09-13 08:37:03,ETHUSDT,bid,2220,4607.656
2024-09-13 08:37:17,ETHUSDT,bid,2310,6385.395
2024-09-13 08:37:45,ETHUSDT,ask,2390,5047.455
2024-09-13 08:38:18,ETHUSDT,bid,2330,8134.781
2024-09-13 08:38:37,ETHUSDT,ask,2390,5047.425
2024-09-13 08:39:26,ETHUSDT,bid,2310,6385.172
2024-09-13 08:39:45,ETHUSDT,bid,2320,10041.342
2024-09-13 08:40:04,ETHUSDT,bid,2310,6388.172
2024-09-13 08:40:13,ETHUSDT,bid,2300,10388.383
2024-09-13 08:40:20,ETHUSDT,bid,2300,10387.549
2024-09-13 08:40:38,ETHUSDT,bid,2310,6385.172
2024-09-13 08:41:23,ETHUSDT,bid,2290,10039.96
2024-09-13 08:41:23,ETHUSDT,bid,2300,10387.982
2024-09-13 08:41:38,ETHUSDT,bid,2300,10388.415
2024-09-13 08:41:40,ETHUSDT,bid,2300,10387.982
2024-09-13 08:41:53,ETHUSDT,bid,2300,10387.549
2024-09-13 08:43:58,ETHUSDT,ask,2390,5047.508
2024-09-13 08:45:42,ETHUSDT,ask,2390,5048.255
2024-09-13 08:46:15,ETHUSDT,ask,2390,5049.255
2024-09-13 08:46:24,ETHUSDT,ask,2390,5049.298
2024-09-13 08:47:15,ETHUSDT,bid,2290,10039.83
2024-09-13 08:47:15,ETHUSDT,bid,2330,8134.653
2024-09-13 08:47:25,ETHUSDT,ask,2390,5049.25
2024-09-13 08:47:43,ETHUSDT,ask,2390,5040.882
2024-09-13 08:47:56,ETHUSDT,ask,2390,5044.642
2024-09-13 08:48:06,ETHUSDT,ask,2390,5044.652
2024-09-13 08:48:11,ETHUSDT,bid,2300,10387.724
2024-09-13 08:50:27,ETHUSDT,ask,2390,5044.652
2024-09-13 08:52:21,ETHUSDT,ask,2390,5040.892
2024-09-13 08:53:06,ETHUSDT,ask,2390,5040.901
2024-09-13 08:54:00,ETHUSDT,ask,2390,5041.11
2024-09-13 08:55:24,ETHUSDT,bid,2300,10387.734
2024-09-13 08:55:24,ETHUSDT,bid,2320,10041.352
2024-09-13 08:55:24,ETHUSDT,bid,2330,8134.663
2024-09-13 08:55:51,ETHUSDT,ask,2390,5033.728
2024-09-13 08:55:51,ETHUSDT,bid,2320,10060.489
2024-09-13 08:55:53,ETHUSDT,bid,2320,10062.206
2024-09-13 08:55:53,ETHUSDT,bid,2320,10081.343
2024-09-13 08:55:57,ETHUSDT,bid,2320,10081.272
2024-09-13 08:56:02,ETHUSDT,bid,2320,10079.555
2024-09-13 08:56:19,ETHUSDT,bid,2320,10083.845
2024-09-13 08:56:22,ETHUSDT,bid,2330,8148.648
2024-09-13 08:56:36,ETHUSDT,ask,2390,5033.894
2024-09-13 08:56:43,ETHUSDT,ask,2390,5029.71
2024-09-13 08:56:44,ETHUSDT,ask,2390,5029.651
2024-09-13 08:56:52,ETHUSDT,bid,2330,8134.663
2024-09-13 08:56:53,ETHUSDT,bid,2320,10064.708
2024-09-13 08:56:53,ETHUSDT,bid,2320,10045.571
2024-09-13 08:56:54,ETHUSDT,bid,2320,10066.609
2024-09-13 08:56:54,ETHUSDT,bid,2320,10086.359
2024-09-13 08:56:54,ETHUSDT,bid,2320,10103.533
2024-09-13 08:56:58,ETHUSDT,bid,2300,10384.734
2024-09-13 08:57:09,ETHUSDT,bid,2320,10099.243
2024-09-13 08:57:12,ETHUSDT,ask,2390,4988.81
2024-09-13 08:57:33,ETHUSDT,ask,2390,4988.459
2024-09-13 08:57:35,ETHUSDT,ask,2390,4988.55
2024-09-13 08:57:49,ETHUSDT,ask,2390,4988.132
2024-09-13 08:57:51,ETHUSDT,bid,2320,10120.506
2024-09-13 08:57:56,ETHUSDT,bid,2330,8135.711
2024-09-13 08:58:05,ETHUSDT,bid,2320,10099.243
2024-09-13 08:58:06,ETHUSDT,bid,2330,8134.663
2024-09-13 08:58:16,ETHUSDT,bid,2320,10058.455
2024-09-13 08:58:17,ETHUSDT,ask,2390,4988.936
2024-09-13 08:58:58,ETHUSDT,ask,2390,4988.945
2024-09-13 08:59:27,ETHUSDT,bid,2300,10384.724
2024-09-13 08:59:37,ETHUSDT,ask,2390,4988.936
2024-09-13 09:00:04,ETHUSDT,bid,2330,8135.363
2024-09-13 09:00:15,ETHUSDT,bid,2300,10404.195
2024-09-13 09:00:27,ETHUSDT,ask,2390,4993.936
2024-09-13 09:01:14,ETHUSDT,bid,2290,10170.378
2024-09-13 09:01:14,ETHUSDT,bid,2290,10039.83
2024-09-13 09:01:25,ETHUSDT,ask,2390,4995.936
2024-09-13 09:01:30,ETHUSDT,ask,2390,4999.941
2024-09-13 09:01:30,ETHUSDT,bid,2320,10083.807
2024-09-13 09:01:59,ETHUSDT,bid,2300,10404.205
2024-09-13 09:01:59,ETHUSDT,bid,2320,10083.817
2024-09-13 09:01:59,ETHUSDT,bid,2330,8135.373
2024-09-13 09:02:08,ETHUSDT,bid,2320,10041.291
2024-09-13 09:02:13,ETHUSDT,ask,2390,4999.751
2024-09-13 09:02:32,ETHUSDT,bid,2300,10404.164
2024-09-13 09:02:37,ETHUSDT,bid,2220,4608.554
2024-09-13 09:03:11,ETHUSDT,ask,2390,4999.668
2024-09-13 09:03:32,ETHUSDT,bid,2330,8135.465
2024-09-13 09:03:50,ETHUSDT,bid,2290,10040.265
2024-09-13 09:04:32,ETHUSDT,bid,2300,10384.693
2024-09-13 09:04:53,ETHUSDT,ask,2390,4992.456
2024-09-13 09:05:03,ETHUSDT,bid,2220,4607.656
2024-09-13 09:06:35,ETHUSDT,ask,2390,5015.479
2024-09-13 09:06:45,ETHUSDT,ask,2390,5017.979
2024-09-13 09:07:53,ETHUSDT,ask,2390,5017.702
2024-09-13 09:08:34,ETHUSDT,bid,2330,8136.675
2024-09-13 09:09:05,ETHUSDT,ask,2390,5016.519
2024-09-13 09:09:12,ETHUSDT,ask,2390,5016.465
2024-09-13 09:09:29,ETHUSDT,ask,2390,5016.455
2024-09-13 09:09:34,ETHUSDT,bid,2330,8135.804
2024-09-13 09:09:52,ETHUSDT,bid,1700,6038.857
2024-09-13 09:10:28,ETHUSDT,ask,2390,5021.455
2024-09-13 09:11:00,ETHUSDT,ask,2390,5021.048
2024-09-13 09:11:34,ETHUSDT,ask,2390,5021.158
2024-09-13 09:11:39,ETHUSDT,bid,1960,5268.452
2024-09-13 09:12:05,ETHUSDT,ask,2390,5021.095
2024-09-13 09:12:12,ETHUSDT,bid,2320,10041.277
2024-09-13 09:12:47,ETHUSDT,ask,2390,5021.116
2024-09-13 09:13:39,ETHUSDT,ask,2390,5021.146
2024-09-13 09:13:40,ETHUSDT,bid,2220,4607.678
2024-09-13 09:14:05,ETHUSDT,ask,2390,5021.271
2024-09-13 09:15:19,ETHUSDT,bid,2300,10384.703
2024-09-13 09:15:19,ETHUSDT,bid,2320,10041.287
2024-09-13 09:15:19,ETHUSDT,bid,2330,8135.814
2024-09-13 09:16:03,ETHUSDT,bid,2030,5088.374
2024-09-13 09:17:24,ETHUSDT,bid,2310,6386.228
2024-09-13 09:17:28,ETHUSDT,bid,2310,6387.284
2024-09-13 09:17:30,ETHUSDT,bid,2310,6388.34
2024-09-13 09:17:30,ETHUSDT,bid,2310,6389.396
2024-09-13 09:17:35,ETHUSDT,bid,2320,10043.787
2024-09-13 09:17:37,ETHUSDT,bid,2310,6388.34
2024-09-13 09:17:37,ETHUSDT,ask,2390,5021.228
2024-09-13 09:17:39,ETHUSDT,bid,2310,6387.284
2024-09-13 09:17:39,ETHUSDT,bid,2300,10384.588
2024-09-13 09:17:40,ETHUSDT,bid,2310,6386.228
2024-09-13 09:17:45,ETHUSDT,bid,2310,6385.172
2024-09-13 09:18:05,ETHUSDT,ask,2390,5019.136
2024-09-13 09:18:48,ETHUSDT,ask,2390,5019.933
2024-09-13 09:19:29,ETHUSDT,bid,2030,5088.326
2024-09-13 09:19:34,ETHUSDT,ask,2390,5019.995
2024-09-13 09:19:34,ETHUSDT,bid,2320,10044.706
2024-09-13 09:19:37,ETHUSDT,bid,2300,10384.217
2024-09-13 09:20:06,ETHUSDT,ask,2390,5020.187
2024-09-13 09:20:38,ETHUSDT,bid,2300,10384.467
2024-09-13 09:20:47,ETHUSDT,bid,2320,10044.806
2024-09-13 09:21:09,ETHUSDT,ask,2390,5019.994
2024-09-13 09:21:12,ETHUSDT,bid,2330,8135.835
2024-09-13 09:21:32,ETHUSDT,bid,2300,10384.217
2024-09-13 09:22:52,ETHUSDT,ask,2390,5019.977
2024-09-13 09:23:04,ETHUSDT,bid,2300,10384.467
2024-09-13 09:23:08,ETHUSDT,bid,2320,10044.706
2024-09-13 09:24:34,ETHUSDT,bid,2320,10045.006
2024-09-13 09:25:44,ETHUSDT,bid,2320,10045.435
2024-09-13 09:25:56,ETHUSDT,bid,2320,10043.435
2024-09-13 09:26:01,ETHUSDT,bid,2330,8136.049
2024-09-13 09:26:10,ETHUSDT,bid,2300,10384.48
2024-09-13 09:26:10,ETHUSDT,bid,2320,10043.448
2024-09-13 09:26:10,ETHUSDT,bid,2330,8136.062
2024-09-13 09:26:15,ETHUSDT,ask,2390,5019.477
2024-09-13 09:26:42,ETHUSDT,bid,2320,10044.714
2024-09-13 09:27:16,ETHUSDT,bid,2320,10046.388
2024-09-13 09:27:19,ETHUSDT,bid,2320,10044.714
2024-09-13 09:27:20,ETHUSDT,bid,2330,8137.562
2024-09-13 09:27:21,ETHUSDT,bid,2330,8137.47
2024-09-13 09:27:29,ETHUSDT,bid,2320,10044.285
2024-09-13 09:27:56,ETHUSDT,bid,2330,8137.97
2024-09-13 09:28:03,ETHUSDT,ask,2390,5019.059
2024-09-13 09:28:09,ETHUSDT,bid,2310,6385.603
2024-09-13 09:28:27,ETHUSDT,bid,2320,10043.019
2024-09-13 09:28:29,ETHUSDT,bid,2310,6382.368
2024-09-13 09:28:40,ETHUSDT,bid,2330,8137.756
2024-09-13 09:29:11,ETHUSDT,ask,2390,5019.001
2024-09-13 09:29:48,ETHUSDT,bid,2250,4692.701
2024-09-13 09:29:51,ETHUSDT,bid,2310,6381.937
2024-09-13 09:30:32,ETHUSDT,bid,2330,8137.256
2024-09-13 09:30:43,ETHUSDT,bid,2300,10384.98
2024-09-13 09:31:50,ETHUSDT,bid,2030,5088.353
2024-09-13 09:33:05,ETHUSDT,bid,2290,10040.202
2024-09-13 09:33:10,ETHUSDT,bid,2300,10384.938
2024-09-13 09:33:16,ETHUSDT,bid,2310,6381.916
2024-09-13 09:33:50,ETHUSDT,ask,2390,5019.101
2024-09-13 09:34:20,ETHUSDT,ask,2390,5029.649
2024-09-13 09:35:05,ETHUSDT,bid,2320,10043.965
2024-09-13 09:35:20,ETHUSDT,ask,2390,5019.101
2024-09-13 09:35:37,ETHUSDT,ask,2390,5017.846
2024-09-13 09:36:00,ETHUSDT,ask,2390,5017.832
2024-09-13 09:36:02,ETHUSDT,ask,2390,5019.217
2024-09-13 09:36:05,ETHUSDT,bid,2300,10385.489
2024-09-13 09:36:21,ETHUSDT,ask,2390,5018.772
2024-09-13 09:36:22,ETHUSDT,bid,2300,10383.323
2024-09-13 09:36:28,ETHUSDT,bid,2330,8137.28
2024-09-13 09:36:47,ETHUSDT,bid,1700,6036.857
2024-09-13 09:37:24,ETHUSDT,ask,2390,5019.36
2024-09-13 09:37:45,ETHUSDT,bid,2310,6381.907
2024-09-13 09:37:48,ETHUSDT,ask,2390,4996.337
2024-09-13 09:38:47,ETHUSDT,bid,2220,4610.188
2024-09-13 09:39:03,ETHUSDT,bid,2300,10387.651
2024-09-13 09:39:58,ETHUSDT,ask,2390,4996.296
2024-09-13 09:40:03,ETHUSDT,bid,2300,10383.323
2024-09-13 09:40:19,ETHUSDT,ask,2390,4996.307
2024-09-13 09:42:00,ETHUSDT,bid,2320,10043.891
2024-09-13 09:42:42,ETHUSDT,bid,2290,10040.332
2024-09-13 09:43:57,ETHUSDT,ask,2390,5015.557
2024-09-13 09:44:22,ETHUSDT,ask,2390,5015.598
2024-09-13 09:44:30,ETHUSDT,bid,2320,10043.474
2024-09-13 09:44:50,ETHUSDT,bid,2330,8137.48
2024-09-13 09:45:37,ETHUSDT,bid,2300,10383.523
2024-09-13 09:46:05,ETHUSDT,bid,2330,8137.484
2024-09-13 09:46:28,ETHUSDT,ask,2390,5015.348
2024-09-13 09:46:37,ETHUSDT,ask,2390,5014.348
2024-09-13 09:46:47,ETHUSDT,bid,2320,10043.478
2024-09-13 09:47:12,ETHUSDT,ask,2390,5015.348
2024-09-13 09:47:54,ETHUSDT,ask,2390,5016.848
2024-09-13 09:48:20,ETHUSDT,bid,2320,10044.387
2024-09-13 09:49:33,ETHUSDT,bid,2330,8137.352
2024-09-13 09:49:38,ETHUSDT,bid,2330,8138.208
2024-09-13 09:49:45,ETHUSDT,ask,2390,5015.848
2024-09-13 09:49:45,ETHUSDT,bid,2220,4607.678
2024-09-13 09:52:19,ETHUSDT,ask,2390,5015.838
2024-09-13 09:54:54,ETHUSDT,bid,2290,10041.418
2024-09-13 09:55:04,ETHUSDT,ask,2390,5015.872
2024-09-13 09:55:13,ETHUSDT,bid,2220,4607.539
2024-09-13 09:55:25,ETHUSDT,ask,2390,5003.977
2024-09-13 09:56:27,ETHUSDT,bid,2300,10381.523
2024-09-13 09:56:36,ETHUSDT,bid,2290,10040.332
2024-09-13 09:58:10,ETHUSDT,bid,2250,4692.721
2024-09-13 09:58:10,ETHUSDT,bid,2290,10040.351
2024-09-13 09:58:10,ETHUSDT,bid,2310,6381.926
2024-09-13 09:58:10,ETHUSDT,ask,2390,5003.995
2024-09-13 09:58:46,ETHUSDT,ask,2390,5002.815
2024-09-13 10:00:23,ETHUSDT,bid,2300,10403.161
2024-09-13 10:01:56,ETHUSDT,bid,2300,10381.523
2024-09-13 10:05:03,ETHUSDT,bid,2310,6384.06
2024-09-13 10:05:04,ETHUSDT,bid,2310,6381.926
2024-09-13 10:05:09,ETHUSDT,ask,2390,5002.785
2024-09-13 10:06:22,ETHUSDT,ask,2390,5002.994
2024-09-13 10:06:41,ETHUSDT,ask,2390,5003.014
2024-09-13 10:07:15,ETHUSDT,ask,2390,5005.745
2024-09-13 10:07:57,ETHUSDT,ask,2390,5004.745
2024-09-13 10:08:01,ETHUSDT,ask,2390,5003.573
2024-09-13 10:08:30,ETHUSDT,bid,2320,10043.468
2024-09-13 10:10:37,ETHUSDT,bid,2310,6382.926
2024-09-13 10:10:55,ETHUSDT,bid,2300,10381.508
2024-09-13 10:11:35,ETHUSDT,ask,2390,5003.533
2024-09-13 10:11:57,ETHUSDT,ask,2390,5003.507
2024-09-13 10:12:15,ETHUSDT,ask,2390,5003.497
2024-09-13 10:13:47,ETHUSDT,ask,2390,5003.326
2024-09-13 10:15:15,ETHUSDT,bid,2310,6382.935
2024-09-13 10:15:26,ETHUSDT,ask,2390,5003.217
2024-09-13 10:15:51,ETHUSDT,bid,2330,8138.374
2024-09-13 10:17:05,ETHUSDT,bid,2310,6386.435
2024-09-13 10:17:20,ETHUSDT,ask,2390,5003.155
2024-09-13 10:17:37,ETHUSDT,ask,2390,5003.782
2024-09-13 10:17:39,ETHUSDT,bid,2250,4692.699
2024-09-13 10:23:25,ETHUSDT,bid,2300,10385.753
2024-09-13 10:23:45,ETHUSDT,bid,2300,10387.474
2024-09-13 10:24:05,ETHUSDT,ask,2390,5003.798
2024-09-13 10:25:22,ETHUSDT,ask,2390,5004.798
2024-09-13 10:25:23,ETHUSDT,ask,2390,5004.898
2024-09-13 10:26:19,ETHUSDT,ask,2390,5005.398
2024-09-13 10:29:01,ETHUSDT,ask,2390,5005.429
2024-09-13 10:29:08,ETHUSDT,ask,2390,5005.512
2024-09-13 10:30:00,ETHUSDT,ask,2390,5007.576
2024-09-13 10:30:00,ETHUSDT,ask,2390,5007.56
2024-09-13 10:30:03,ETHUSDT,bid,2330,8138.212
2024-09-13 10:32:01,ETHUSDT,bid,2220,4607.514
2024-09-13 10:32:25,ETHUSDT,ask,2390,5007.592
2024-09-13 10:32:38,ETHUSDT,bid,2300,10387.485
2024-09-13 10:32:38,ETHUSDT,bid,2320,10043.479
2024-09-13 10:32:38,ETHUSDT,bid,2330,8138.223
2024-09-13 10:32:56,ETHUSDT,ask,2390,5005.911
2024-09-13 10:34:59,ETHUSDT,bid,2320,10045.196
2024-09-13 10:35:24,ETHUSDT,bid,2320,10043.479
2024-09-13 10:35:41,ETHUSDT,ask,2390,5005.911
2024-09-13 10:36:39,ETHUSDT,bid,2310,6387.625
2024-09-13 10:37:04,ETHUSDT,bid,2320,10043.589
2024-09-13 10:37:14,ETHUSDT,bid,2310,6392.625
2024-09-13 10:37:40,ETHUSDT,bid,2310,6391.435
2024-09-13 10:38:20,ETHUSDT,bid,2310,6391.817
2024-09-13 10:38:53,ETHUSDT,ask,2390,5006.162
2024-09-13 10:38:58,ETHUSDT,bid,2220,4607.494
2024-09-13 10:39:44,ETHUSDT,ask,2390,5003.162
2024-09-13 10:41:42,ETHUSDT,bid,2310,6391.837
2024-09-13 10:42:36,ETHUSDT,bid,2320,10046.589
2024-09-13 10:43:26,ETHUSDT,ask,2390,5003.112
2024-09-13 10:43:27,ETHUSDT,ask,2390,5003.406
2024-09-13 10:46:15,ETHUSDT,ask,2390,5002.151
2024-09-13 10:47:09,ETHUSDT,ask,2390,5002.238
2024-09-13 10:48:36,ETHUSDT,ask,2390,5535.737
2024-09-13 10:48:54,ETHUSDT,ask,2390,5536.572
2024-09-13 10:49:41,ETHUSDT,ask,2390,5536.541
2024-09-13 10:50:56,ETHUSDT,ask,2390,5534.541
2024-09-13 10:51:42,ETHUSDT,bid,2330,8136.723
2024-09-13 10:51:47,ETHUSDT,bid,2330,8138.863
2024-09-13 10:52:05,ETHUSDT,ask,2390,5534.614
2024-09-13 10:52:36,ETHUSDT,bid,2330,8158.098
2024-09-13 10:52:54,ETHUSDT,ask,2390,5534.657
2024-09-13 10:53:11,ETHUSDT,bid,2320,10047.018
2024-09-13 10:54:43,ETHUSDT,bid,2320,10045.518
2024-09-13 10:55:07,ETHUSDT,bid,2310,6391.828
2024-09-13 10:57:03,ETHUSDT,bid,2330,8158.107
2024-09-13 10:57:28,ETHUSDT,bid,2330,8161.078
2024-09-13 10:57:37,ETHUSDT,bid,2330,8141.843
2024-09-13 10:57:45,ETHUSDT,ask,2390,5520.988
2024-09-13 10:57:45,ETHUSDT,ask,2390,5493.65
2024-09-13 10:57:45,ETHUSDT,ask,2390,5466.312
2024-09-13 10:57:45,ETHUSDT,ask,2390,5411.636
2024-09-13 10:57:45,ETHUSDT,ask,2390,5370.629
2024-09-13 10:57:45,ETHUSDT,ask,2390,5356.96
2024-09-13 10:57:46,ETHUSDT,ask,2390,5302.284
2024-09-13 10:57:46,ETHUSDT,ask,2390,5274.946
2024-09-13 10:57:46,ETHUSDT,ask,2390,5179.263
2024-09-13 10:57:46,ETHUSDT,ask,2390,5138.256
2024-09-13 10:57:46,ETHUSDT,ask,2390,5110.918
2024-09-13 10:57:46,ETHUSDT,ask,2390,5083.58
2024-09-13 10:57:47,ETHUSDT,ask,2390,5042.573
2024-09-13 10:57:47,ETHUSDT,ask,2390,5028.904
2024-09-13 10:57:47,ETHUSDT,ask,2390,5001.566
2024-09-13 10:57:47,ETHUSDT,ask,2390,5000.832
2024-09-13 10:58:12,ETHUSDT,bid,2320,10045.089
2024-09-13 10:58:17,ETHUSDT,bid,2320,10045.489
2024-09-13 10:59:32,ETHUSDT,bid,1740,5879.358
2024-09-13 11:00:55,ETHUSDT,ask,2390,5000.725
2024-09-13 11:02:16,ETHUSDT,bid,1960,5269.217
2024-09-13 11:04:10,ETHUSDT,bid,2250,4692.768
2024-09-13 11:04:24,ETHUSDT,ask,2390,5000.8
2024-09-13 11:04:34,ETHUSDT,bid,1960,5268.452
2024-09-13 11:04:44,ETHUSDT,ask,2390,5001.19
2024-09-13 11:04:52,ETHUSDT,ask,2390,5001.243
2024-09-13 11:05:01,ETHUSDT,bid,2320,10047.76
2024-09-13 11:05:17,ETHUSDT,ask,2390,4997.243
2024-09-13 11:05:31,ETHUSDT,bid,1700,6037.357
2024-09-13 11:05:42,ETHUSDT,ask,2390,4998.914
2024-09-13 11:05:42,ETHUSDT,ask,2390,4997.243
2024-09-13 11:07:00,ETHUSDT,bid,2320,10045.489
2024-09-13 11:07:50,ETHUSDT,bid,1700,6036.857
2024-09-13 11:07:54,ETHUSDT,bid,2320,10055.489
2024-09-13 11:08:32,ETHUSDT,bid,2300,10387.052
2024-09-13 11:08:47,ETHUSDT,ask,2390,4982.599
2024-09-13 11:09:05,ETHUSDT,ask,2390,4983.599
2024-09-13 11:09:38,ETHUSDT,ask,2390,4983.044
2024-09-13 11:09:57,ETHUSDT,bid,1700,6037.361
2024-09-13 11:10:01,ETHUSDT,bid,2310,6394.726
2024-09-13 11:10:17,ETHUSDT,bid,1700,6036.857
2024-09-13 11:12:44,ETHUSDT,bid,2300,10385.147
2024-09-13 11:13:38,ETHUSDT,bid,2320,10045.489
2024-09-13 11:14:21,ETHUSDT,ask,2390,4983.023
2024-09-13 11:15:50,ETHUSDT,bid,2310,6394.332
2024-09-13 11:17:03,ETHUSDT,ask,2990,3431.504
2024-09-13 11:17:42,ETHUSDT,bid,2310,6413.716
2024-09-13 11:18:00,ETHUSDT,bid,2310,6411.436
2024-09-13 11:18:01,ETHUSDT,bid,2310,6410.818
2024-09-13 11:19:48,ETHUSDT,ask,2390,4982.226
2024-09-13 11:21:35,ETHUSDT,bid,2330,8142.699
2024-09-13 11:22:00,ETHUSDT,bid,2310,6391.434
2024-09-13 11:22:09,ETHUSDT,bid,2310,6395.434
2024-09-13 11:23:45,ETHUSDT,bid,2300,10386.013
2024-09-13 11:26:16,ETHUSDT,ask,2390,5037.404
2024-09-13 11:26:37,ETHUSDT,bid,2330,8145.199
2024-09-13 11:26:57,ETHUSDT,bid,2300,10368.3
2024-09-13 11:27:05,ETHUSDT,ask,2390,5056.404
2024-09-13 11:27:12,ETHUSDT,ask,2390,5005.04
2024-09-13 11:29:03,ETHUSDT,bid,2300,10398.587
2024-09-13 11:30:18,ETHUSDT,bid,2310,6401.84
2024-09-13 11:31:14,ETHUSDT,bid,2330,8141.989
2024-09-13 11:31:45,ETHUSDT,bid,2300,10398.597
2024-09-13 11:31:45,ETHUSDT,bid,2310,6401.85
2024-09-13 11:31:45,ETHUSDT,bid,2320,10045.499
2024-09-13 11:31:45,ETHUSDT,bid,2330,8141.999
2024-09-13 11:32:29,ETHUSDT,ask,2390,5056.404
2024-09-13 11:32:30,ETHUSDT,bid,2310,6395.444
2024-09-13 11:33:20,ETHUSDT,ask,2390,5005.04
2024-09-13 11:33:40,ETHUSDT,ask,2390,5004.905
2024-09-13 11:34:00,ETHUSDT,bid,2320,10046.788
2024-09-13 11:34:01,ETHUSDT,bid,2320,10046.8
2024-09-13 11:34:04,ETHUSDT,bid,2300,10368.31
2024-09-13 11:34:06,ETHUSDT,bid,2330,8142.299
2024-09-13 11:34:14,ETHUSDT,bid,2320,10047.8
2024-09-13 11:35:00,ETHUSDT,bid,2320,10046.511
2024-09-13 11:35:00,ETHUSDT,bid,2320,10046.499
2024-09-13 11:35:52,ETHUSDT,bid,2320,10043.999
2024-09-13 11:35:58,ETHUSDT,ask,2390,5004.696
2024-09-13 11:36:25,ETHUSDT,ask,2390,5003.696
2024-09-13 11:36:43,ETHUSDT,bid,2320,10044.643
2024-09-13 11:38:33,ETHUSDT,bid,2320,10045.502
2024-09-13 11:39:29,ETHUSDT,ask,2390,5003.758
2024-09-13 11:41:51,ETHUSDT,bid,2300,10387.781
2024-09-13 11:41:53,ETHUSDT,bid,2300,10407.252
2024-09-13 11:41:54,ETHUSDT,bid,2300,10426.723
2024-09-13 11:42:09,ETHUSDT,bid,2330,8142.29
2024-09-13 11:42:10,ETHUSDT,bid,2320,10087.604
2024-09-13 11:42:13,ETHUSDT,bid,2320,10073.57
2024-09-13 11:42:18,ETHUSDT,bid,2320,10059.536
2024-09-13 11:42:21,ETHUSDT,bid,2320,10045.502
2024-09-13 11:42:25,ETHUSDT,bid,2330,8144.428
2024-09-13 11:43:06,ETHUSDT,bid,2330,8154.428
2024-09-13 11:43:25,ETHUSDT,bid,2220,4607.485
2024-09-13 11:44:05,ETHUSDT,bid,2330,8152.29
2024-09-13 11:45:06,ETHUSDT,ask,2390,5004.929
2024-09-13 11:46:02,ETHUSDT,bid,2300,10407.252
2024-09-13 11:46:04,ETHUSDT,bid,2300,10387.781
2024-09-13 11:46:12,ETHUSDT,bid,2300,10368.31
2024-09-13 11:46:17,ETHUSDT,ask,2390,5004.523
2024-09-13 11:48:00,ETHUSDT,ask,2390,5004.201
2024-09-13 11:48:05,ETHUSDT,bid,2300,10368.3
2024-09-13 11:48:05,ETHUSDT,bid,2310,6395.434
2024-09-13 11:48:05,ETHUSDT,bid,2320,10045.492
2024-09-13 11:49:39,ETHUSDT,bid,2310,6401.534
2024-09-13 11:50:11,ETHUSDT,bid,2330,8152.114
2024-09-13 11:50:21,ETHUSDT,bid,2330,8152.144
2024-09-13 11:51:29,ETHUSDT,ask,2390,5004.901
2024-09-13 11:52:01,ETHUSDT,bid,2330,8152.194
2024-09-13 11:52:01,ETHUSDT,ask,2390,5004.201
2024-09-13 11:52:52,ETHUSDT,bid,2310,6401.734
2024-09-13 11:55:25,ETHUSDT,ask,2390,5002.529
2024-09-13 11:56:05,ETHUSDT,ask,2390,5001.766
2024-09-13 11:57:54,ETHUSDT,bid,2250,4680.525
2024-09-13 11:58:02,ETHUSDT,ask,2390,5002.166
2024-09-13 11:58:41,ETHUSDT,ask,2390,5002.566
2024-09-13 11:59:06,ETHUSDT,ask,2390,5016.496
2024-09-13 11:59:37,ETHUSDT,ask,2390,5030.426
2024-09-13 12:01:48,ETHUSDT,ask,2390,5028.164
2024-09-13 12:02:13,ETHUSDT,ask,2390,5022.164
2024-09-13 12:02:33,ETHUSDT,ask,2390,5021.756
2024-09-13 12:02:58,ETHUSDT,bid,2220,4607.509
2024-09-13 12:04:17,ETHUSDT,ask,2390,5022.214
2024-09-13 12:04:28,ETHUSDT,ask,2390,5021.41
2024-09-13 12:05:14,ETHUSDT,ask,2390,5021.087
2024-09-13 12:06:33,ETHUSDT,ask,2390,5020.087
2024-09-13 12:11:55,ETHUSDT,ask,2390,5020.068
2024-09-13 12:12:35,ETHUSDT,bid,2220,4603.555
2024-09-13 12:14:17,ETHUSDT,ask,2390,5016.063
2024-09-13 12:15:29,ETHUSDT,ask,2390,5016.563
2024-09-13 12:16:37,ETHUSDT,ask,2390,5016.49
2024-09-13 12:16:43,ETHUSDT,ask,2390,5015.985
2024-09-13 12:18:10,ETHUSDT,ask,2390,5016.485
2024-09-13 12:20:20,ETHUSDT,ask,2390,5015.549
2024-09-13 12:22:37,ETHUSDT,ask,2390,5001.619
2024-09-13 12:23:08,ETHUSDT,ask,2390,4987.689
2024-09-13 12:23:40,ETHUSDT,ask,2390,4994.573
2024-09-13 12:23:44,ETHUSDT,ask,2390,4996.662
2024-09-13 12:27:57,ETHUSDT,ask,2390,4994.573
2024-09-13 12:29:10,ETHUSDT,bid,2250,4680.534
2024-09-13 12:29:10,ETHUSDT,ask,2390,4994.582
2024-09-13 12:29:14,ETHUSDT,ask,2390,4993.582
2024-09-13 12:29:24,ETHUSDT,ask,2390,4993.08
2024-09-13 12:29:39,ETHUSDT,ask,2390,4992.527
2024-09-13 12:30:38,ETHUSDT,ask,2390,4990.463
2024-09-13 12:35:04,ETHUSDT,ask,2390,4981.667
2024-09-13 12:35:38,ETHUSDT,ask,2390,4980.832
2024-09-13 12:35:45,ETHUSDT,ask,2390,4976.832
2024-09-13 12:39:10,ETHUSDT,ask,2390,4977.308
2024-09-13 12:39:30,ETHUSDT,ask,2390,4969.308
2024-09-13 12:41:20,ETHUSDT,ask,2390,4967.308
2024-09-13 12:41:48,ETHUSDT,ask,2390,4967.158
2024-09-13 12:42:53,ETHUSDT,ask,2390,4967.168
2024-09-13 12:44:07,ETHUSDT,ask,2390,4967.268
2024-09-13 12:46:46,ETHUSDT,ask,2390,4965.269
2024-09-13 12:47:00,ETHUSDT,ask,2390,5115.269
2024-09-13 12:47:21,ETHUSDT,ask,2390,5115.512
2024-09-13 12:49:37,ETHUSDT,ask,2390,5120.512
2024-09-13 12:50:50,ETHUSDT,ask,2390,5119.987
2024-09-13 12:51:13,ETHUSDT,bid,1960,5268.468
2024-09-13 12:54:49,ETHUSDT,ask,2390,5123.567
2024-09-13 12:55:18,ETHUSDT,ask,2390,5124.067
2024-09-13 12:57:35,ETHUSDT,bid,1700,6036.89
2024-09-13 13:02:48,ETHUSDT,ask,2390,5123.275
2024-09-13 13:03:09,ETHUSDT,ask,2390,5124.254
2024-09-13 13:04:32,ETHUSDT,bid,1700,6036.857
2024-09-13 13:07:17,ETHUSDT,bid,2220,4603.565
2024-09-13 13:07:43,ETHUSDT,ask,2390,5144.254
2024-09-13 13:09:17,ETHUSDT,bid,1700,6036.903
2024-09-13 13:09:17,ETHUSDT,bid,1740,5879.403
2024-09-13 13:09:17,ETHUSDT,bid,1780,5761.802
2024-09-13 13:09:29,ETHUSDT,ask,2390,5144.013
2024-09-13 13:11:37,ETHUSDT,bid,1700,6036.857
2024-09-13 13:11:37,ETHUSDT,bid,1740,5879.358
2024-09-13 13:11:37,ETHUSDT,bid,1780,5761.758
2024-09-13 13:12:13,ETHUSDT,bid,1940,5289.688
2024-09-13 13:16:19,ETHUSDT,ask,2390,5151.492
2024-09-13 13:17:17,ETHUSDT,ask,2390,5151.192
2024-09-13 13:17:21,ETHUSDT,ask,2390,5151.61
2024-09-13 13:17:27,ETHUSDT,ask,2390,5151.389
2024-09-13 13:21:46,ETHUSDT,ask,2390,5151.378
2024-09-13 13:24:27,ETHUSDT,bid,2250,4681.192
2024-09-13 13:26:31,ETHUSDT,ask,2390,5131.378
2024-09-13 13:26:54,ETHUSDT,ask,2390,5139.748
2024-09-13 13:30:20,ETHUSDT,ask,2390,5138.702
2024-09-13 13:33:54,ETHUSDT,ask,2390,5138.682
2024-09-13 13:34:38,ETHUSDT,ask,2390,5138.673
2024-09-13 13:34:45,ETHUSDT,bid,1960,5270.468
2024-09-13 13:35:12,ETHUSDT,ask,2390,5139.204
2024-09-13 13:36:36,ETHUSDT,ask,2390,5137.932
2024-09-13 13:43:48,ETHUSDT,ask,2390,5137.902
2024-09-13 13:43:49,ETHUSDT,ask,2390,5142.086
2024-09-13 13:43:51,ETHUSDT,ask,2390,5141.586
2024-09-13 13:44:06,ETHUSDT,ask,2390,5141.273
2024-09-13 13:44:16,ETHUSDT,ask,2390,5122.023
2024-09-13 13:45:02,ETHUSDT,ask,2390,5122.123
2024-09-13 13:45:52,ETHUSDT,ask,2390,5122.623
2024-09-13 13:46:44,ETHUSDT,ask,2390,5118.623
2024-09-13 13:47:33,ETHUSDT,ask,2390,5118.54
2024-09-13 13:48:24,ETHUSDT,bid,1960,5270.49
2024-09-13 13:49:18,ETHUSDT,ask,2390,5118.374
2024-09-13 13:50:56,ETHUSDT,ask,2390,5118.324
2024-09-13 13:51:10,ETHUSDT,bid,2220,4603.415
2024-09-13 13:52:55,ETHUSDT,ask,2390,5108.324
2024-09-13 13:54:26,ETHUSDT,bid,2220,4608.415
2024-09-13 13:54:30,ETHUSDT,ask,2390,5103.324
2024-09-13 13:56:35,ETHUSDT,bid,2220,4603.238
2024-09-13 13:57:24,ETHUSDT,ask,2390,5103.249
2024-09-13 13:57:25,ETHUSDT,ask,2390,5104.295
2024-09-13 13:57:47,ETHUSDT,bid,2250,4681.183
2024-09-13 13:57:47,ETHUSDT,ask,2390,5104.286
2024-09-13 13:59:17,ETHUSDT,ask,2390,5097.601
2024-09-13 13:59:28,ETHUSDT,ask,2390,5097.613
2024-09-13 14:00:28,ETHUSDT,ask,2390,5096.957
2024-09-13 14:01:40,ETHUSDT,ask,2390,5096.945
2024-09-13 14:03:47,ETHUSDT,ask,2390,5096.711
2024-09-13 14:06:57,ETHUSDT,ask,2390,5096.723
2024-09-13 14:07:30,ETHUSDT,ask,2390,5097.099
2024-09-13 14:07:38,ETHUSDT,bid,2250,4680.183
2024-09-13 14:12:27,ETHUSDT,ask,2390,5096.819
2024-09-13 14:14:43,ETHUSDT,ask,2390,5096.79
2024-09-13 14:17:35,ETHUSDT,ask,2390,5096.925
2024-09-13 14:19:33,ETHUSDT,ask,2390,5143.242
2024-09-13 14:19:45,ETHUSDT,ask,2390,5138.242
2024-09-13 14:19:50,ETHUSDT,ask,2390,5140.334
2024-09-13 14:22:26,ETHUSDT,bid,2220,4603.228
2024-09-13 14:22:40,ETHUSDT,ask,2390,5135.334
2024-09-13 14:23:18,ETHUSDT,bid,2220,4603.238
2024-09-13 14:23:30,ETHUSDT,ask,2390,5136.17
2024-09-13 14:23:38,ETHUSDT,ask,2390,5130.835
2024-09-13 14:25:13,ETHUSDT,ask,2390,5129.999
2024-09-13 14:26:49,ETHUSDT,ask,2390,5131.423
2024-09-13 14:27:47,ETHUSDT,ask,2390,5131.34
2024-09-13 14:28:25,ETHUSDT,ask,2390,5187.739
2024-09-13 14:29:04,ETHUSDT,ask,2390,5151.34
2024-09-13 14:29:10,ETHUSDT,ask,2390,5169.539
2024-09-13 14:30:53,ETHUSDT,ask,2390,5169.08
2024-09-13 14:32:59,ETHUSDT,ask,2390,5169.13
2024-09-13 14:40:15,ETHUSDT,ask,2390,5168.787
2024-09-13 14:43:42,ETHUSDT,ask,2390,5168.16
2024-09-13 14:47:21,ETHUSDT,bid,2220,4603.294
2024-09-13 14:47:21,ETHUSDT,ask,2390,5168.216
2024-09-13 14:49:24,ETHUSDT,ask,2390,5167.117
2024-09-13 14:50:32,ETHUSDT,bid,2220,4603.306
2024-09-13 14:53:18,ETHUSDT,ask,2390,5167.064
2024-09-13 14:54:56,ETHUSDT,ask,2390,5183.792
2024-09-13 14:55:20,ETHUSDT,ask,2390,5182.813
2024-09-13 14:55:54,ETHUSDT,ask,2390,5182.437
2024-09-13 14:56:04,ETHUSDT,ask,2390,5182.451
2024-09-13 14:59:26,ETHUSDT,ask,2390,5165.734
2024-09-13 14:59:42,ETHUSDT,bid,2250,4680.27
2024-09-13 14:59:55,ETHUSDT,ask,2390,5162.154
2024-09-13 15:00:51,ETHUSDT,ask,2390,5162.054
2024-09-13 15:01:10,ETHUSDT,ask,2390,5120.972
2024-09-13 15:02:07,ETHUSDT,ask,2390,5121.172
2024-09-13 15:03:44,ETHUSDT,ask,2390,5116.988
2024-09-13 15:05:06,ETHUSDT,bid,2220,4603.536
2024-09-13 15:07:42,ETHUSDT,bid,2220,4603.546
2024-09-13 15:10:31,ETHUSDT,ask,2390,5117.268
2024-09-13 15:12:29,ETHUSDT,bid,2030,5088.346
2024-09-13 15:17:44,ETHUSDT,bid,2220,4603.412
2024-09-13 15:17:50,ETHUSDT,ask,2390,5117.286
2024-09-13 15:21:11,ETHUSDT,ask,2390,5117.295
2024-09-13 15:23:31,ETHUSDT,ask,2390,5116.295
2024-09-13 15:24:28,ETHUSDT,ask,2390,5117.967
2024-09-13 15:25:31,ETHUSDT,bid,1700,6036.869
2024-09-13 15:26:46,ETHUSDT,ask,2390,5117.716
2024-09-13 15:28:04,ETHUSDT,ask,2390,5117.705
2024-09-13 15:28:28,ETHUSDT,ask,2390,5117.112
2024-09-13 15:29:43,ETHUSDT,ask,2390,5117.094
2024-09-13 15:30:13,ETHUSDT,ask,2390,5117.08
2024-09-13 15:31:32,ETHUSDT,ask,2390,5118.08
2024-09-13 15:33:27,ETHUSDT,bid,1700,6036.899
2024-09-13 15:40:08,ETHUSDT,ask,2390,5123.646
2024-09-13 15:40:34,ETHUSDT,ask,2390,5123.669
2024-09-13 15:41:54,ETHUSDT,ask,2390,5120.22
2024-09-13 15:42:27,ETHUSDT,ask,2390,5120.191
2024-09-13 15:46:54,ETHUSDT,ask,2390,5118.099
2024-09-13 15:49:02,ETHUSDT,ask,2390,5118.599
2024-09-13 15:50:41,ETHUSDT,ask,2390,5118.557
2024-09-13 15:55:59,ETHUSDT,bid,1700,6036.843
2024-09-13 15:56:57,ETHUSDT,ask,2390,5118.453
2024-09-13 15:57:39,ETHUSDT,ask,2390,5118.482
2024-09-13 16:02:42,ETHUSDT,ask,2390,5118.496
2024-09-13 16:03:22,ETHUSDT,bid,1710,5872.467
2024-09-13 16:05:39,ETHUSDT,bid,2220,4603.447
2024-09-13 16:05:39,ETHUSDT,bid,2220,4603.412
2024-09-13 16:06:25,ETHUSDT,ask,2340,10019.529
2024-09-13 16:06:25,ETHUSDT,ask,2340,10018.009
2024-09-13 16:06:27,ETHUSDT,ask,2340,10006.248
2024-09-13 16:06:34,ETHUSDT,ask,2340,10007.763
2024-09-13 16:06:53,ETHUSDT,ask,2340,10383.207
2024-09-13 16:06:53,ETHUSDT,ask,2390,5118.533
2024-09-13 16:06:56,ETHUSDT,ask,2340,10383.109
2024-09-13 16:07:12,ETHUSDT,ask,2340,10012.675
2024-09-13 16:07:12,ETHUSDT,ask,2340,10012.718
2024-09-13 16:07:13,ETHUSDT,ask,2340,10012.675
2024-09-13 16:07:14,ETHUSDT,ask,2340,10012.718
2024-09-13 16:07:14,ETHUSDT,ask,2340,10012.675
2024-09-13 16:07:15,ETHUSDT,ask,2340,10012.718
2024-09-13 16:07:17,ETHUSDT,ask,2340,10012.675
2024-09-13 16:07:17,ETHUSDT,ask,2340,10012.718
2024-09-13 16:07:19,ETHUSDT,ask,2340,10012.675
2024-09-13 16:07:19,ETHUSDT,ask,2340,10012.718
2024-09-13 16:08:41,ETHUSDT,bid,1950,5250.601
2024-09-13 16:08:43,ETHUSDT,bid,2220,4603.337
2024-09-13 16:09:11,ETHUSDT,ask,2390,5119.533
2024-09-13 16:09:50,ETHUSDT,ask,2390,5118.533
2024-09-13 16:10:58,ETHUSDT,ask,2390,5115.533
2024-09-13 16:11:56,ETHUSDT,ask,2390,5120.988
2024-09-13 16:12:52,ETHUSDT,ask,2390,5115.533
2024-09-13 16:13:07,ETHUSDT,ask,2390,5117.715
2024-09-13 16:14:07,ETHUSDT,ask,2390,5117.345
2024-09-13 16:15:14,ETHUSDT,bid,1740,5779.358
2024-09-13 16:16:08,ETHUSDT,bid,1940,5287.751
2024-09-13 16:18:28,ETHUSDT,bid,2220,4603.446
2024-09-13 16:18:50,ETHUSDT,ask,2390,5004.752
2024-09-13 16:19:12,ETHUSDT,ask,2390,5003.752
2024-09-13 16:19:21,ETHUSDT,ask,2390,5004.1
2024-09-13 16:20:52,ETHUSDT,ask,2390,5002.614
2024-09-13 16:20:53,ETHUSDT,bid,2030,5088.34
2024-09-13 16:22:22,ETHUSDT,bid,2250,4680.28
2024-09-13 16:22:23,ETHUSDT,bid,2250,4680.29
2024-09-13 16:22:24,ETHUSDT,bid,2250,4680.3
2024-09-13 16:22:24,ETHUSDT,bid,2250,4680.31
2024-09-13 16:22:54,ETHUSDT,ask,2390,5005.871
2024-09-13 16:23:01,ETHUSDT,ask,2390,5003.668
2024-09-13 16:23:07,ETHUSDT,bid,2250,4680.3
2024-09-13 16:23:08,ETHUSDT,bid,1740,5894.3
2024-09-13 16:23:08,ETHUSDT,bid,2250,4680.29
2024-09-13 16:23:09,ETHUSDT,bid,2250,4680.28
2024-09-13 16:23:10,ETHUSDT,bid,2250,4680.27
2024-09-13 16:23:33,ETHUSDT,ask,2390,5004.337
2024-09-13 16:24:09,ETHUSDT,ask,2390,5006.429
2024-09-13 16:24:32,ETHUSDT,ask,2390,5008.929
2024-09-13 16:24:55,ETHUSDT,ask,2390,5003.929
2024-09-13 16:25:18,ETHUSDT,bid,2220,4603.916
2024-09-13 16:25:29,ETHUSDT,bid,1960,5270.604
2024-09-13 16:25:30,ETHUSDT,ask,2390,5003.511
2024-09-13 16:26:28,ETHUSDT,bid,2220,4603.446
2024-09-13 16:27:56,ETHUSDT,bid,1700,6036.911
2024-09-13 16:28:25,ETHUSDT,ask,2390,5003.474
2024-09-13 16:30:22,ETHUSDT,bid,2220,4602.446
2024-09-13 16:30:41,ETHUSDT,ask,2390,5003.811
2024-09-13 16:32:13,ETHUSDT,ask,2390,5002.694
2024-09-13 16:32:23,ETHUSDT,ask,2390,5003.111
2024-09-13 16:33:22,ETHUSDT,ask,2390,5002.694
2024-09-13 16:34:15,ETHUSDT,ask,2390,5001.857
2024-09-13 16:34:46,ETHUSDT,ask,2390,5002.107
2024-09-13 16:37:29,ETHUSDT,ask,2390,5002.069
2024-09-13 16:37:52,ETHUSDT,bid,1700,6036.843
2024-09-13 16:38:41,ETHUSDT,bid,2250,4680.28
2024-09-13 16:38:41,ETHUSDT,bid,2250,4680.29
2024-09-13 16:38:42,ETHUSDT,bid,2250,4680.3
2024-09-13 16:38:42,ETHUSDT,bid,2250,4680.32
2024-09-13 16:38:44,ETHUSDT,bid,2250,4680.33
2024-09-13 16:38:44,ETHUSDT,bid,2250,4680.341
2024-09-13 16:38:44,ETHUSDT,bid,2250,4680.351
2024-09-13 16:38:45,ETHUSDT,bid,2250,4680.361
2024-09-13 16:39:45,ETHUSDT,bid,2250,4680.351
2024-09-13 16:39:46,ETHUSDT,bid,2250,4680.341
2024-09-13 16:39:46,ETHUSDT,bid,2250,4680.331
2024-09-13 16:39:46,ETHUSDT,bid,2250,4680.321
2024-09-13 16:39:48,ETHUSDT,bid,2250,4680.301
2024-09-13 16:39:48,ETHUSDT,bid,2250,4680.291
2024-09-13 16:39:49,ETHUSDT,bid,2250,4680.281
2024-09-13 16:41:55,ETHUSDT,ask,2390,5004.161
2024-09-13 16:42:51,ETHUSDT,bid,2250,4680.723
2024-09-13 16:44:02,ETHUSDT,ask,2390,5004.461
2024-09-13 16:44:19,ETHUSDT,bid,1700,6036.911
2024-09-13 16:46:34,ETHUSDT,bid,1700,6036.843
2024-09-13 16:46:55,ETHUSDT,ask,2390,5004.461
2024-09-13 16:49:06,ETHUSDT,ask,2390,5004.991
2024-09-13 16:52:11,ETHUSDT,ask,2390,5004.941
2024-09-13 16:52:27,ETHUSDT,ask,2390,5019.941
2024-09-13 16:53:02,ETHUSDT,bid,2250,4680.733
2024-09-13 16:53:56,ETHUSDT,bid,2250,4680.723
2024-09-13 16:54:04,ETHUSDT,ask,2390,5021.598
2024-09-13 16:54:58,ETHUSDT,ask,2390,5022.853
2024-09-13 16:56:04,ETHUSDT,ask,2390,5043.747
2024-09-13 16:57:32,ETHUSDT,ask,2390,5043.571
2024-09-13 16:57:40,ETHUSDT,ask,2390,5044.071
2024-09-13 16:58:24,ETHUSDT,bid,2250,4669.947
2024-09-13 17:01:33,ETHUSDT,ask,2390,5051.593
2024-09-13 17:03:14,ETHUSDT,ask,2390,5059.217
2024-09-13 17:03:30,ETHUSDT,ask,2390,5058.687
2024-09-13 17:03:43,ETHUSDT,ask,2390,5059.238
2024-09-13 17:05:45,ETHUSDT,ask,2390,5051.716
2024-09-13 17:06:56,ETHUSDT,ask,2390,5050.716
2024-09-13 17:07:08,ETHUSDT,ask,2390,5052.14
2024-09-13 17:08:16,ETHUSDT,bid,2250,4669.836
2024-09-13 17:09:04,ETHUSDT,ask,2390,5050.048
2024-09-13 17:13:50,ETHUSDT,ask,2390,5075.428
2024-09-13 17:14:42,ETHUSDT,ask,2390,5068.428
2024-09-13 17:16:05,ETHUSDT,ask,2390,5047.534
2024-09-13 17:19:30,ETHUSDT,bid,2250,4669.95
2024-09-13 17:19:30,ETHUSDT,ask,2390,5047.642
2024-09-13 17:19:53,ETHUSDT,bid,2250,4669.836
2024-09-13 17:19:53,ETHUSDT,ask,2390,5047.534
2024-09-13 17:21:00,ETHUSDT,bid,2220,4602.784
2024-09-13 17:21:40,ETHUSDT,ask,2390,5047.563
2024-09-13 17:25:33,ETHUSDT,bid,2250,4669.996
2024-09-13 17:25:46,ETHUSDT,bid,2250,4669.836
2024-09-13 17:27:14,ETHUSDT,bid,2220,4602.773
2024-09-13 17:28:32,ETHUSDT,ask,2390,5049.563
2024-09-13 17:28:33,ETHUSDT,ask,2390,5050.696
2024-09-13 17:29:09,ETHUSDT,bid,2030,5088.322
2024-09-13 17:29:57,ETHUSDT,bid,1940,5287.851
2024-09-13 17:31:52,ETHUSDT,ask,2390,5051.159
2024-09-13 17:32:25,ETHUSDT,ask,2390,5051.059
2024-09-13 17:35:03,ETHUSDT,ask,2390,5052.059
2024-09-13 17:35:13,ETHUSDT,ask,2390,5057.059
2024-09-13 17:35:23,ETHUSDT,ask,2390,5062.059
2024-09-13 17:35:25,ETHUSDT,ask,2390,5063.063
2024-09-13 17:35:27,ETHUSDT,bid,2250,4669.394
2024-09-13 17:35:49,ETHUSDT,ask,2390,5063.899
2024-09-13 17:36:12,ETHUSDT,ask,2390,5062.899
2024-09-13 17:36:23,ETHUSDT,ask,2390,5061.137
2024-09-13 17:36:52,ETHUSDT,ask,2390,5059.137
2024-09-13 17:36:55,ETHUSDT,ask,2390,5109.137
2024-09-13 17:37:56,ETHUSDT,ask,2390,5125.862
2024-09-13 17:39:24,ETHUSDT,ask,2390,5134.279
2024-09-13 17:39:44,ETHUSDT,ask,2390,5128.187
2024-09-13 17:40:02,ETHUSDT,ask,2390,5127.187
2024-09-13 17:40:21,ETHUSDT,ask,2390,5130.187
2024-09-13 17:40:30,ETHUSDT,ask,2390,5130.165
2024-09-13 17:41:32,ETHUSDT,ask,2390,5132.812
2024-09-13 17:41:41,ETHUSDT,ask,2390,5130.139
2024-09-13 17:42:42,ETHUSDT,ask,2390,5126.325
2024-09-13 17:42:48,ETHUSDT,ask,2390,5126.225
2024-09-13 17:42:49,ETHUSDT,ask,2390,5124.629
2024-09-13 17:42:52,ETHUSDT,ask,2390,5123.934
2024-09-13 17:42:55,ETHUSDT,ask,2390,5173.934
2024-09-13 17:43:35,ETHUSDT,ask,2390,5173.888
2024-09-13 17:43:56,ETHUSDT,ask,2390,5174.772
2024-09-13 17:44:01,ETHUSDT,ask,2390,5175.209
2024-09-13 17:44:47,ETHUSDT,ask,2390,5175.472
2024-09-13 17:44:49,ETHUSDT,ask,2390,5175.509
2024-09-13 17:45:11,ETHUSDT,ask,2390,5175.718
2024-09-13 17:45:59,ETHUSDT,ask,2390,5190.274
2024-09-13 17:46:54,ETHUSDT,ask,2390,5191.518
2024-09-13 17:47:04,ETHUSDT,bid,2220,4597.773
2024-09-13 17:47:18,ETHUSDT,ask,2390,5174.293
2024-09-13 17:47:43,ETHUSDT,ask,2390,5171.646
2024-09-13 17:47:49,ETHUSDT,ask,2390,5173.738
2024-09-13 17:47:53,ETHUSDT,ask,2390,5173.644
2024-09-13 17:47:58,ETHUSDT,ask,2390,5174.644
2024-09-13 17:47:58,ETHUSDT,ask,2390,5176.317
2024-09-13 17:48:06,ETHUSDT,ask,2390,5176.667
2024-09-13 17:48:33,ETHUSDT,ask,2390,5177.411
2024-09-13 17:49:02,ETHUSDT,ask,2390,5177.061
2024-09-13 17:49:03,ETHUSDT,ask,2390,5182.061
2024-09-13 17:50:11,ETHUSDT,ask,2390,5182.411
2024-09-13 17:50:24,ETHUSDT,ask,2390,5181.411
2024-09-13 17:52:05,ETHUSDT,ask,2390,5181.311
2024-09-13 17:52:17,ETHUSDT,ask,2390,5183.403
2024-09-13 17:52:19,ETHUSDT,ask,2390,5162.483
2024-09-13 17:52:19,ETHUSDT,ask,2390,5159.483
2024-09-13 17:52:35,ETHUSDT,ask,2390,5159.454
2024-09-13 17:52:42,ETHUSDT,ask,2390,5159.104
2024-09-13 17:52:50,ETHUSDT,ask,2390,5160.604
2024-09-13 17:52:53,ETHUSDT,bid,1700,6036.063
2024-09-13 17:52:54,ETHUSDT,ask,2390,5162.175
2024-09-13 17:53:04,ETHUSDT,ask,2390,5162.475
2024-09-13 17:53:11,ETHUSDT,ask,2390,5157.475
2024-09-13 17:53:16,ETHUSDT,ask,2390,5156.675
2024-09-13 17:53:22,ETHUSDT,ask,2390,5154.583
2024-09-13 17:53:24,ETHUSDT,ask,2390,5144.197
2024-09-13 17:53:28,ETHUSDT,ask,2390,5144.497
2024-09-13 17:53:28,ETHUSDT,ask,2390,5139.497
2024-09-13 17:53:33,ETHUSDT,ask,2390,5139.365
2024-09-13 17:54:00,ETHUSDT,ask,2390,5141.457
2024-09-13 17:54:01,ETHUSDT,ask,2390,5141.497
2024-09-13 17:54:46,ETHUSDT,ask,2390,5139.717
2024-09-13 17:54:54,ETHUSDT,ask,2390,5153.384
2024-09-13 17:55:08,ETHUSDT,bid,2220,4616.598
2024-09-13 17:55:40,ETHUSDT,ask,2390,5152.548
2024-09-13 17:55:54,ETHUSDT,ask,2390,5152.589
2024-09-13 17:56:38,ETHUSDT,ask,2390,5152.997
2024-09-13 17:56:40,ETHUSDT,ask,2390,5153.08
2024-09-13 17:57:02,ETHUSDT,ask,2390,5152.809
2024-09-13 17:57:15,ETHUSDT,ask,2390,5154.148
2024-09-13 17:57:24,ETHUSDT,ask,2390,5158.086
2024-09-13 17:57:33,ETHUSDT,ask,2390,5161.528
2024-09-13 17:57:39,ETHUSDT,ask,2390,5163.62
2024-09-13 17:57:53,ETHUSDT,ask,2390,5164.373
2024-09-13 17:57:59,ETHUSDT,ask,2390,5166.873
2024-09-13 17:57:59,ETHUSDT,ask,2390,5162.935
2024-09-13 17:58:01,ETHUSDT,ask,2390,5161.411
2024-09-13 17:58:09,ETHUSDT,ask,2390,5159.911
2024-09-13 17:58:32,ETHUSDT,ask,2380,4330.496
2024-09-13 17:58:39,ETHUSDT,ask,2380,4330.42
2024-09-13 17:58:48,ETHUSDT,ask,2380,4326.228
2024-09-13 17:59:04,ETHUSDT,ask,2380,4323.078
2024-09-13 17:59:20,ETHUSDT,ask,2380,4331.754
2024-09-13 17:59:23,ETHUSDT,ask,2380,4332.0
2024-09-13 17:59:30,ETHUSDT,bid,2220,4597.773
2024-09-13 17:59:34,ETHUSDT,ask,2380,4331.326
2024-09-13 17:59:43,ETHUSDT,ask,2380,4330.908
2024-09-13 18:00:00,ETHUSDT,ask,2380,4330.917
2024-09-13 18:00:04,ETHUSDT,ask,2380,4330.908
2024-09-13 18:00:05,ETHUSDT,ask,2380,4336.127
2024-09-13 18:00:06,ETHUSDT,ask,2380,4336.136
2024-09-13 18:00:06,ETHUSDT,ask,2380,4336.127
2024-09-13 18:00:10,ETHUSDT,ask,2380,4336.004
2024-09-13 18:00:14,ETHUSDT,ask,2380,4337.004
2024-09-13 18:00:25,ETHUSDT,ask,2380,4340.004
2024-09-13 18:00:35,ETHUSDT,bid,2220,4598.336
2024-09-13 18:00:35,ETHUSDT,ask,2380,4370.004
2024-09-13 18:00:47,ETHUSDT,ask,2380,4346.397
2024-09-13 18:01:16,ETHUSDT,ask,2380,4354.56
2024-09-13 18:01:33,ETHUSDT,ask,2380,4354.76
2024-09-13 18:01:37,ETHUSDT,ask,2380,4354.865
2024-09-13 18:02:05,ETHUSDT,ask,2380,4990.374
2024-09-13 18:02:10,ETHUSDT,ask,2380,4384.374
2024-09-13 18:02:41,ETHUSDT,ask,2380,4383.374
2024-09-13 18:02:46,ETHUSDT,bid,2250,4669.374
2024-09-13 18:02:46,ETHUSDT,ask,2380,4382.834
2024-09-13 18:03:33,ETHUSDT,ask,2380,4382.077
2024-09-13 18:04:46,ETHUSDT,ask,2380,4378.724
2024-09-13 18:07:42,ETHUSDT,ask,2380,4378.735
2024-09-13 18:08:27,ETHUSDT,ask,2380,4378.835
2024-09-13 18:08:53,ETHUSDT,ask,2380,4378.635
2024-09-13 18:09:03,ETHUSDT,bid,2030,5073.322
2024-09-13 18:10:38,ETHUSDT,ask,2380,4379.635
2024-09-13 18:10:43,ETHUSDT,ask,2380,4371.472
2024-09-13 18:11:29,ETHUSDT,ask,2380,4361.472
2024-09-13 18:11:57,ETHUSDT,ask,2380,4363.472
2024-09-13 18:12:26,ETHUSDT,ask,2380,4363.601
2024-09-13 18:13:08,ETHUSDT,ask,2380,4362.601
2024-09-13 18:13:47,ETHUSDT,ask,2380,4362.472
2024-09-13 18:13:52,ETHUSDT,ask,2380,4364.196
2024-09-13 18:14:33,ETHUSDT,ask,2380,4355.813
2024-09-13 18:14:42,ETHUSDT,ask,2380,4355.665
2024-09-13 18:15:04,ETHUSDT,ask,2380,4350.446
2024-09-13 18:15:39,ETHUSDT,ask,2380,4323.197
2024-09-13 18:15:51,ETHUSDT,ask,2380,4239.34
2024-09-13 18:15:57,ETHUSDT,ask,2380,4281.266
2024-09-13 18:15:58,ETHUSDT,ask,2380,4283.929
2024-09-13 18:15:59,ETHUSDT,ask,2380,4284.34
2024-09-13 18:16:12,ETHUSDT,ask,2380,4281.677
2024-09-13 18:16:37,ETHUSDT,ask,2380,4281.657
2024-09-13 18:16:52,ETHUSDT,ask,2380,4281.45
2024-09-13 18:17:03,ETHUSDT,ask,2380,4291.441
2024-09-13 18:17:16,ETHUSDT,ask,2380,4291.596
2024-09-13 18:17:17,ETHUSDT,ask,2380,4292.856
2024-09-13 18:17:17,ETHUSDT,ask,2380,4297.949
2024-09-13 18:17:28,ETHUSDT,ask,2380,4297.824
2024-09-13 18:17:31,ETHUSDT,ask,2380,4290.037
2024-09-13 18:17:54,ETHUSDT,ask,2380,4294.227
2024-09-13 18:17:54,ETHUSDT,ask,2380,4289.134
2024-09-13 18:17:57,ETHUSDT,ask,2380,4290.134
2024-09-13 18:17:59,ETHUSDT,ask,2380,4293.134
2024-09-13 18:18:07,ETHUSDT,ask,2380,4293.334
2024-09-13 18:18:25,ETHUSDT,ask,2380,4289.034
2024-09-13 18:18:29,ETHUSDT,bid,2220,4598.286
2024-09-13 18:20:37,ETHUSDT,ask,2380,4289.368
2024-09-13 18:20:47,ETHUSDT,ask,2380,4294.616
2024-09-13 18:21:00,ETHUSDT,ask,2380,4289.368
2024-09-13 18:21:08,ETHUSDT,ask,2380,4291.992
2024-09-13 18:22:36,ETHUSDT,ask,2380,4287.802
2024-09-13 18:24:13,ETHUSDT,ask,2380,4288.149
2024-09-13 18:25:18,ETHUSDT,bid,2220,4598.42
2024-09-13 18:26:33,ETHUSDT,ask,2380,4288.112
2024-09-13 18:27:05,ETHUSDT,ask,2380,4303.112
2024-09-13 18:28:06,ETHUSDT,ask,2380,4493.402
2024-09-13 18:29:09,ETHUSDT,ask,2380,4493.444
2024-09-13 18:29:11,ETHUSDT,ask,2380,4493.229
2024-09-13 18:29:14,ETHUSDT,ask,2380,4493.207
2024-09-13 18:29:37,ETHUSDT,ask,2380,4520.872
2024-09-13 18:29:43,ETHUSDT,ask,2380,4510.872
2024-09-13 18:29:44,ETHUSDT,ask,2380,4506.148
2024-09-13 18:29:55,ETHUSDT,ask,2380,4518.446
2024-09-13 18:30:26,ETHUSDT,ask,2380,4517.946
2024-09-13 18:30:40,ETHUSDT,ask,2380,4517.936
2024-09-13 18:30:47,ETHUSDT,ask,2380,4517.946
2024-09-13 18:31:56,ETHUSDT,ask,2380,4492.281
2024-09-13 18:31:58,ETHUSDT,ask,2380,4490.281
2024-09-13 18:32:04,ETHUSDT,bid,2250,4669.383
2024-09-13 18:32:09,ETHUSDT,ask,2380,4490.685
2024-09-13 18:33:03,ETHUSDT,ask,2380,4490.37
2024-09-13 18:33:35,ETHUSDT,ask,2380,4489.554
2024-09-13 18:33:47,ETHUSDT,ask,2380,4490.554
2024-09-13 18:33:52,ETHUSDT,ask,2380,4490.604
2024-09-13 18:34:01,ETHUSDT,ask,2380,4490.793
2024-09-13 18:34:32,ETHUSDT,bid,2220,4598.395
2024-09-13 18:34:37,ETHUSDT,ask,2380,4490.914
2024-09-13 18:34:42,ETHUSDT,ask,2380,4489.914
2024-09-13 18:34:57,ETHUSDT,ask,2380,4491.174
2024-09-13 18:35:46,ETHUSDT,ask,2380,4491.395
2024-09-13 18:36:06,ETHUSDT,bid,2250,4669.372
2024-09-13 18:36:34,ETHUSDT,ask,2380,4492.173
2024-09-13 18:36:34,ETHUSDT,ask,2380,4492.385
2024-09-13 18:36:46,ETHUSDT,ask,2380,4492.164
2024-09-13 18:38:30,ETHUSDT,ask,2380,4487.269
2024-09-13 18:38:44,ETHUSDT,ask,2380,4487.899
2024-09-13 18:38:45,ETHUSDT,ask,2380,4487.62
2024-09-13 18:38:53,ETHUSDT,ask,2380,4480.62
2024-09-13 18:39:50,ETHUSDT,ask,2380,4480.566
2024-09-13 18:40:12,ETHUSDT,ask,2380,4480.666
2024-09-13 18:40:40,ETHUSDT,ask,2380,4480.916
2024-09-13 18:40:59,ETHUSDT,ask,2380,4480.866
2024-09-13 18:42:18,ETHUSDT,ask,2380,4476.74
2024-09-13 18:42:34,ETHUSDT,bid,1950,5250.727
2024-09-13 18:42:54,ETHUSDT,ask,2380,4448.137
2024-09-13 18:43:01,ETHUSDT,ask,2380,4447.845
2024-09-13 18:45:58,ETHUSDT,ask,2380,4446.845
2024-09-13 18:46:50,ETHUSDT,ask,2380,4447.845
2024-09-13 18:47:21,ETHUSDT,ask,2380,4447.904
2024-09-13 18:47:37,ETHUSDT,bid,2220,4598.643
2024-09-13 18:48:25,ETHUSDT,ask,2380,4447.917
2024-09-13 18:49:05,ETHUSDT,ask,2380,4450.325
2024-09-13 18:49:43,ETHUSDT,ask,2380,4450.334
2024-09-13 18:50:10,ETHUSDT,ask,2380,4450.321
2024-09-13 18:50:40,ETHUSDT,ask,2380,4450.531
2024-09-13 18:50:53,ETHUSDT,ask,2380,4450.384
2024-09-13 18:52:24,ETHUSDT,ask,2380,4450.483
2024-09-13 18:52:27,ETHUSDT,ask,2380,4450.384
2024-09-13 18:52:29,ETHUSDT,ask,2380,4450.263
2024-09-13 18:52:53,ETHUSDT,ask,2380,4437.965
2024-09-13 18:54:14,ETHUSDT,ask,2380,4456.099
2024-09-13 18:54:23,ETHUSDT,bid,2250,4670.647
2024-09-13 18:54:29,ETHUSDT,ask,2380,4455.978
2024-09-13 18:54:34,ETHUSDT,ask,2380,4455.829
2024-09-13 18:54:53,ETHUSDT,ask,2380,4437.665
2024-09-13 18:55:26,ETHUSDT,ask,2380,4390.078
2024-09-13 18:55:34,ETHUSDT,ask,2380,4389.986
2024-09-13 18:55:36,ETHUSDT,ask,2380,4389.959
2024-09-13 18:56:09,ETHUSDT,ask,2380,4389.95
2024-09-13 18:56:11,ETHUSDT,ask,2380,4390.069
2024-09-13 18:56:13,ETHUSDT,ask,2380,4383.137
2024-09-13 18:56:44,ETHUSDT,ask,2380,4383.051
2024-09-13 18:56:58,ETHUSDT,ask,2380,4380.143
2024-09-13 18:57:02,ETHUSDT,ask,2380,4380.098
2024-09-13 18:57:48,ETHUSDT,bid,1950,5250.742
2024-09-13 18:58:18,ETHUSDT,ask,2380,4380.004
2024-09-13 18:58:31,ETHUSDT,ask,2380,4374.542
2024-09-13 18:58:32,ETHUSDT,ask,2380,4375.542
2024-09-13 18:59:23,ETHUSDT,ask,2380,4374.542
2024-09-13 18:59:33,ETHUSDT,ask,2380,4373.111
2024-09-13 19:00:03,ETHUSDT,ask,2380,4372.911
2024-09-13 19:01:49,ETHUSDT,ask,2380,4373.311
2024-09-13 19:01:55,ETHUSDT,ask,2380,4373.33
2024-09-13 19:01:58,ETHUSDT,ask,2380,4373.089
2024-09-13 19:02:29,ETHUSDT,ask,2380,4417.264
2024-09-13 19:02:32,ETHUSDT,ask,2380,4373.089
2024-09-13 19:02:39,ETHUSDT,ask,2380,4417.202
2024-09-13 19:03:28,ETHUSDT,ask,2380,4417.352
2024-09-13 19:03:31,ETHUSDT,ask,2380,4373.177
2024-09-13 19:03:38,ETHUSDT,ask,2380,4373.277
2024-09-13 19:04:19,ETHUSDT,ask,2380,4372.437
2024-09-13 19:04:20,ETHUSDT,ask,2380,4372.227
2024-09-13 19:04:23,ETHUSDT,ask,2380,4372.437
2024-09-13 19:04:32,ETHUSDT,ask,2380,4382.05
2024-09-13 19:04:32,ETHUSDT,ask,2380,4381.724
2024-09-13 19:04:39,ETHUSDT,ask,2380,4382.224
2024-09-13 19:05:17,ETHUSDT,ask,2380,4381.174
2024-09-13 19:06:10,ETHUSDT,bid,2030,5073.311
2024-09-13 19:07:04,ETHUSDT,ask,2380,4382.174
2024-09-13 19:07:18,ETHUSDT,ask,2380,4382.153
2024-09-13 19:07:21,ETHUSDT,bid,1960,5270.583
2024-09-13 19:07:25,ETHUSDT,ask,2380,4383.249
2024-09-13 19:07:50,ETHUSDT,ask,2380,4383.134
2024-09-13 19:07:50,ETHUSDT,ask,2990,3431.515
2024-09-13 19:07:56,ETHUSDT,ask,2380,4382.134
2024-09-13 19:08:13,ETHUSDT,ask,2380,4382.634
2024-09-13 19:08:40,ETHUSDT,ask,2380,4382.613
2024-09-13 19:08:53,ETHUSDT,ask,2380,4381.613
2024-09-13 19:10:25,ETHUSDT,ask,2380,4381.624
2024-09-13 19:10:48,ETHUSDT,ask,2380,4381.505
2024-09-13 19:11:12,ETHUSDT,ask,2380,4380.864
2024-09-13 19:11:48,ETHUSDT,ask,2380,4380.939
2024-09-13 19:12:04,ETHUSDT,ask,2380,4378.526
2024-09-13 19:12:44,ETHUSDT,bid,2250,4670.829
2024-09-13 19:12:55,ETHUSDT,bid,2250,4675.196
2024-09-13 19:13:17,ETHUSDT,bid,2250,4670.829
2024-09-13 19:13:28,ETHUSDT,ask,2380,4378.734
2024-09-13 19:13:36,ETHUSDT,ask,2380,4379.154
2024-09-13 19:14:09,ETHUSDT,ask,2380,4374.154
2024-09-13 19:14:09,ETHUSDT,bid,2220,4599.043
2024-09-13 19:14:38,ETHUSDT,ask,2380,4374.054
2024-09-13 19:15:10,ETHUSDT,ask,2380,4373.787
2024-09-13 19:16:35,ETHUSDT,bid,2220,4599.065
2024-09-13 19:17:02,ETHUSDT,bid,2250,4670.839
2024-09-13 19:17:05,ETHUSDT,bid,2250,4670.849
2024-09-13 19:17:05,ETHUSDT,bid,2250,4670.859
2024-09-13 19:17:05,ETHUSDT,bid,2250,4670.869
2024-09-13 19:17:15,ETHUSDT,ask,2380,4373.009
2024-09-13 19:17:15,ETHUSDT,ask,2380,4373.034
2024-09-13 19:17:47,ETHUSDT,bid,2250,4670.859
2024-09-13 19:17:48,ETHUSDT,bid,2250,4670.849
2024-09-13 19:17:50,ETHUSDT,bid,2250,4670.839
2024-09-13 19:17:51,ETHUSDT,bid,2250,4670.829
2024-09-13 19:17:57,ETHUSDT,ask,2380,4372.845
2024-09-13 19:19:36,ETHUSDT,ask,2380,4372.045
2024-09-13 19:19:42,ETHUSDT,bid,2220,4598.956
2024-09-13 19:19:45,ETHUSDT,ask,2380,4347.286
2024-09-13 19:19:59,ETHUSDT,ask,2380,4347.261
2024-09-13 19:20:17,ETHUSDT,ask,2380,4347.235
2024-09-13 19:21:01,ETHUSDT,bid,2220,4602.04
2024-09-13 19:21:10,ETHUSDT,ask,2380,4338.744
2024-09-13 19:21:23,ETHUSDT,ask,2380,4339.001
2024-09-13 19:21:58,ETHUSDT,ask,2380,4321.001
2024-09-13 19:22:42,ETHUSDT,ask,2380,4322.261
2024-09-13 19:22:53,ETHUSDT,bid,2220,4602.826
2024-09-13 19:23:16,ETHUSDT,ask,2380,4322.112
2024-09-13 19:24:17,ETHUSDT,ask,2380,4311.902
2024-09-13 19:24:20,ETHUSDT,ask,2380,4310.222
2024-09-13 19:24:57,ETHUSDT,ask,2380,4310.147
2024-09-13 19:25:07,ETHUSDT,ask,2380,4311.197
2024-09-13 19:25:31,ETHUSDT,bid,2220,4601.826
2024-09-13 19:25:36,ETHUSDT,ask,2380,4313.197
2024-09-13 19:26:03,ETHUSDT,ask,2380,4313.097
2024-09-13 19:26:45,ETHUSDT,ask,2380,4313.172
2024-09-13 19:27:22,ETHUSDT,ask,2380,4314.362
2024-09-13 19:29:10,ETHUSDT,ask,2380,4321.491
2024-09-13 19:29:33,ETHUSDT,ask,2380,4312.752
2024-09-13 19:29:40,ETHUSDT,bid,2250,4671.321
2024-09-13 19:30:11,ETHUSDT,bid,1950,5255.742
2024-09-13 19:30:13,ETHUSDT,ask,2380,4304.349
2024-09-13 19:31:17,ETHUSDT,bid,2220,4602.226
2024-09-13 19:31:40,ETHUSDT,ask,2380,4305.467
2024-09-13 19:31:44,ETHUSDT,ask,2380,4393.701
2024-09-13 19:33:03,ETHUSDT,ask,2380,4393.722
2024-09-13 19:33:21,ETHUSDT,ask,2380,4393.411
2024-09-13 19:33:33,ETHUSDT,ask,2380,4383.432
2024-09-13 19:33:39,ETHUSDT,ask,2380,4383.441
2024-09-13 19:33:39,ETHUSDT,bid,2220,4602.247
2024-09-13 19:38:42,ETHUSDT,ask,2380,4391.707
2024-09-13 19:38:46,ETHUSDT,ask,2380,4391.561
2024-09-13 19:39:40,ETHUSDT,ask,2380,4391.721
2024-09-13 19:39:44,ETHUSDT,ask,2380,4383.402
2024-09-13 19:39:49,ETHUSDT,ask,2380,4383.421
2024-09-13 19:41:04,ETHUSDT,ask,2380,4383.402
2024-09-13 19:41:29,ETHUSDT,ask,2380,4383.318
2024-09-13 19:42:11,ETHUSDT,ask,2380,4383.402
2024-09-13 19:42:45,ETHUSDT,ask,2380,4383.192
2024-09-13 19:43:28,ETHUSDT,ask,2380,4383.292
2024-09-13 19:44:12,ETHUSDT,ask,2380,4384.917
2024-09-13 19:44:20,ETHUSDT,ask,2380,4383.292
2024-09-13 19:44:27,ETHUSDT,bid,1780,5761.787
2024-09-13 19:44:27,ETHUSDT,bid,1960,5270.609
2024-09-13 19:44:30,ETHUSDT,bid,2250,4671.139
2024-09-13 19:44:39,ETHUSDT,ask,2380,4383.26
2024-09-13 19:44:42,ETHUSDT,ask,2380,4382.294
2024-09-13 19:44:48,ETHUSDT,bid,1960,5271.005
2024-09-13 19:44:59,ETHUSDT,ask,2380,4382.294
2024-09-13 19:45:53,ETHUSDT,ask,2380,4382.275
2024-09-13 19:46:20,ETHUSDT,ask,2380,4384.275
2024-09-13 19:46:20,ETHUSDT,ask,2380,4384.376
2024-09-13 19:46:30,ETHUSDT,ask,2380,4384.114
2024-09-13 19:48:48,ETHUSDT,bid,2220,4603.145
2024-09-13 19:49:04,ETHUSDT,ask,2380,4383.026
2024-09-13 19:49:12,ETHUSDT,ask,2380,4383.007
2024-09-13 19:49:17,ETHUSDT,ask,2380,4383.044
2024-09-13 19:49:31,ETHUSDT,ask,2380,4383.064
2024-09-13 19:49:35,ETHUSDT,ask,2380,4383.753
2024-09-13 19:49:57,ETHUSDT,ask,2380,4383.879
2024-09-13 19:50:01,ETHUSDT,ask,2380,4392.744
2024-09-13 19:50:28,ETHUSDT,bid,2220,4602.724
2024-09-13 19:51:09,ETHUSDT,ask,2380,4392.753
2024-09-13 19:51:12,ETHUSDT,ask,2380,4392.762
2024-09-13 19:51:19,ETHUSDT,ask,2380,4392.771
2024-09-13 19:51:54,ETHUSDT,ask,2380,4394.326
2024-09-13 19:52:49,ETHUSDT,ask,2380,4306.092
2024-09-13 19:54:32,ETHUSDT,ask,2380,4368.074
2024-09-13 19:55:08,ETHUSDT,ask,2380,4368.846
2024-09-13 19:55:13,ETHUSDT,ask,2380,4369.346
2024-09-13 19:55:16,ETHUSDT,bid,2220,4602.668
2024-09-13 19:55:50,ETHUSDT,ask,2380,4369.355
2024-09-13 19:56:07,ETHUSDT,ask,2380,4369.502
2024-09-13 19:57:53,ETHUSDT,ask,2380,4369.745
2024-09-13 19:57:55,ETHUSDT,ask,2380,4369.703
2024-09-13 19:58:10,ETHUSDT,ask,2380,4371.095
2024-09-13 20:00:07,ETHUSDT,ask,2380,4321.17
2024-09-13 20:00:41,ETHUSDT,bid,2220,4602.818
2024-09-13 20:00:57,ETHUSDT,ask,2380,4320.17
2024-09-13 20:02:52,ETHUSDT,ask,2380,4332.601
2024-09-13 20:03:22,ETHUSDT,ask,2380,4332.611
2024-09-13 20:03:47,ETHUSDT,ask,2380,4333.611
2024-09-13 20:05:01,ETHUSDT,ask,2380,4328.611
2024-09-13 20:05:21,ETHUSDT,ask,2380,4327.925
2024-09-13 20:05:34,ETHUSDT,ask,2380,4327.951
2024-09-13 20:05:48,ETHUSDT,ask,2380,4327.708
2024-09-13 20:07:29,ETHUSDT,ask,2380,4328.208
2024-09-13 20:07:42,ETHUSDT,ask,2380,4325.488
2024-09-13 20:08:48,ETHUSDT,ask,2380,4314.996
2024-09-13 20:09:30,ETHUSDT,ask,2380,4315.038
2024-09-13 20:10:44,ETHUSDT,ask,2380,4314.538
2024-09-13 20:11:55,ETHUSDT,ask,2380,4314.523
2024-09-13 20:11:59,ETHUSDT,bid,2250,4669.864
2024-09-13 20:13:39,ETHUSDT,ask,2380,4318.315
2024-09-13 20:14:02,ETHUSDT,ask,2380,4318.342
2024-09-13 20:14:47,ETHUSDT,bid,2220,4602.416
2024-09-13 20:16:42,ETHUSDT,bid,2220,4599.332
2024-09-13 20:16:59,ETHUSDT,ask,2380,4313.007
2024-09-13 20:17:23,ETHUSDT,bid,2220,4599.775
2024-09-13 20:17:42,ETHUSDT,ask,2380,4312.986
2024-09-13 20:17:45,ETHUSDT,ask,2380,4313.986
2024-09-13 20:19:03,ETHUSDT,ask,2380,4314.26
2024-09-13 20:19:13,ETHUSDT,ask,2380,4252.567
2024-09-13 20:20:25,ETHUSDT,ask,2380,4252.987
2024-09-13 20:20:48,ETHUSDT,ask,2380,4247.269
2024-09-13 20:21:17,ETHUSDT,ask,2380,4247.279
2024-09-13 20:21:30,ETHUSDT,bid,2220,4599.839
2024-09-13 20:21:30,ETHUSDT,ask,2380,4247.269
2024-09-13 20:21:37,ETHUSDT,ask,2380,4245.33
2024-09-13 20:21:37,ETHUSDT,ask,2380,4245.342
2024-09-13 20:24:41,ETHUSDT,ask,2380,4245.292
2024-09-13 20:25:39,ETHUSDT,ask,2380,4245.208
2024-09-13 20:26:09,ETHUSDT,bid,2220,4599.591
2024-09-13 20:26:16,ETHUSDT,bid,2220,4599.191
2024-09-13 20:27:41,ETHUSDT,ask,2380,4249.208
2024-09-13 20:28:04,ETHUSDT,bid,2220,4506.665
2024-09-13 20:28:45,ETHUSDT,bid,2250,4671.635
2024-09-13 20:29:19,ETHUSDT,bid,2220,4599.147
2024-09-13 20:29:43,ETHUSDT,bid,2220,4504.326
2024-09-13 20:31:39,ETHUSDT,bid,2250,4671.745
2024-09-13 20:32:00,ETHUSDT,bid,2250,4671.253
2024-09-13 20:34:28,ETHUSDT,bid,2250,4671.123
2024-09-13 20:34:50,ETHUSDT,ask,2380,4248.998
2024-09-13 20:36:22,ETHUSDT,ask,2380,4251.096
2024-09-13 20:36:53,ETHUSDT,ask,2380,4259.444
2024-09-13 20:36:54,ETHUSDT,bid,2250,4669.352
2024-09-13 20:36:59,ETHUSDT,ask,2380,4259.415
2024-09-13 20:37:50,ETHUSDT,ask,2380,4259.457
2024-09-13 20:38:48,ETHUSDT,ask,2380,4262.457
2024-09-13 20:38:54,ETHUSDT,ask,2380,4255.698
2024-09-13 20:39:17,ETHUSDT,ask,2380,4255.984
2024-09-13 20:39:33,ETHUSDT,ask,2380,4255.942
2024-09-13 20:40:06,ETHUSDT,ask,2380,4255.929
2024-09-13 20:40:52,ETHUSDT,ask,2380,4255.299
2024-09-13 20:41:32,ETHUSDT,bid,2220,4598.584
2024-09-13 20:41:40,ETHUSDT,ask,2380,4255.18
2024-09-13 20:41:47,ETHUSDT,ask,2380,4256.179
2024-09-13 20:41:49,ETHUSDT,bid,2250,4669.378
2024-09-13 20:43:57,ETHUSDT,ask,2380,4256.393
2024-09-13 20:44:39,ETHUSDT,ask,2380,4247.8
2024-09-13 20:45:33,ETHUSDT,ask,2380,4257.702
2024-09-13 20:45:50,ETHUSDT,ask,2380,4263.192
2024-09-13 20:46:14,ETHUSDT,ask,2380,4263.217
2024-09-13 20:47:04,ETHUSDT,ask,2380,4413.217
2024-09-13 20:47:06,ETHUSDT,ask,2380,4428.217
2024-09-13 20:47:22,ETHUSDT,ask,2380,4383.217
2024-09-13 20:47:48,ETHUSDT,ask,2380,4279.217
2024-09-13 20:48:31,ETHUSDT,ask,2380,4322.105
2024-09-13 20:49:02,ETHUSDT,ask,2380,4321.991
2024-09-13 20:49:53,ETHUSDT,ask,2380,4321.991
2024-09-13 20:50:09,ETHUSDT,ask,2380,4364.022
2024-09-13 20:50:10,ETHUSDT,ask,2380,4366.0
2024-09-13 20:50:31,ETHUSDT,ask,2380,4364.271
2024-09-13 20:52:06,ETHUSDT,ask,2380,4365.045
2024-09-13 20:53:03,ETHUSDT,ask,2380,4368.698
2024-09-13 20:54:34,ETHUSDT,ask,2380,4371.198
2024-09-13 20:54:36,ETHUSDT,ask,2380,4371.207
2024-09-13 20:55:05,ETHUSDT,bid,2250,4669.82
2024-09-13 20:55:10,ETHUSDT,ask,2380,4368.079
2024-09-13 20:55:17,ETHUSDT,ask,2380,4368.07
2024-09-13 20:55:19,ETHUSDT,ask,2380,4368.112
2024-09-13 20:55:42,ETHUSDT,bid,2220,4598.947
2024-09-13 20:55:50,ETHUSDT,bid,2220,4598.584
2024-09-13 20:56:00,ETHUSDT,ask,2380,4353.112
2024-09-13 20:56:14,ETHUSDT,bid,2250,4669.378
2024-09-13 20:56:19,ETHUSDT,ask,2380,4352.062
2024-09-13 20:57:13,ETHUSDT,ask,2380,4352.923
2024-09-13 20:57:17,ETHUSDT,ask,2380,4355.023
2024-09-13 20:57:37,ETHUSDT,ask,2380,4355.233
2024-09-13 20:57:54,ETHUSDT,ask,2380,4356.233
2024-09-13 20:58:03,ETHUSDT,ask,2380,4354.733
2024-09-13 20:58:08,ETHUSDT,ask,2380,4354.887
2024-09-13 20:58:27,ETHUSDT,bid,2250,4669.599
2024-09-13 20:58:36,ETHUSDT,ask,2380,4350.887
2024-09-13 20:58:42,ETHUSDT,ask,2380,4350.903
2024-09-13 20:58:47,ETHUSDT,ask,2380,4360.903
2024-09-13 20:59:52,ETHUSDT,ask,2380,4365.104
2024-09-13 20:59:57,ETHUSDT,ask,2380,4322.216
2024-09-13 21:01:44,ETHUSDT,ask,2380,4317.995
2024-09-13 21:02:52,ETHUSDT,ask,2380,4318.995
2024-09-13 21:03:40,ETHUSDT,bid,2250,4669.609
2024-09-13 21:04:07,ETHUSDT,bid,2250,4669.599
2024-09-13 21:04:14,ETHUSDT,ask,2380,4320.995
2024-09-13 21:04:14,ETHUSDT,ask,2380,4321.005
2024-09-13 21:05:14,ETHUSDT,ask,2380,4339.734
2024-09-13 21:05:16,ETHUSDT,bid,2220,4598.434
2024-09-13 21:05:25,ETHUSDT,ask,2380,4341.834
2024-09-13 21:06:41,ETHUSDT,ask,2380,4325.116
2024-09-13 21:06:43,ETHUSDT,ask,2380,4322.812
2024-09-13 21:06:56,ETHUSDT,ask,2380,4326.173
2024-09-13 21:07:05,ETHUSDT,ask,2380,4342.173
2024-09-13 21:07:13,ETHUSDT,ask,2380,4335.524
2024-09-13 21:07:26,ETHUSDT,ask,2380,4339.659
2024-09-13 21:08:08,ETHUSDT,bid,2250,4669.378
2024-09-13 21:08:12,ETHUSDT,ask,2380,4343.272
2024-09-13 21:08:25,ETHUSDT,bid,2220,4598.517
2024-09-13 21:08:54,ETHUSDT,ask,2380,4343.51
2024-09-13 21:08:58,ETHUSDT,ask,2380,4345.51
2024-09-13 21:08:59,ETHUSDT,ask,2380,4347.866
2024-09-13 21:09:00,ETHUSDT,ask,2380,4357.866
2024-09-13 21:09:23,ETHUSDT,ask,2380,4357.027
2024-09-13 21:10:00,ETHUSDT,ask,2380,4356.397
2024-09-13 21:10:05,ETHUSDT,ask,2380,4350.871
2024-09-13 21:10:10,ETHUSDT,ask,2380,4350.913
2024-09-13 21:10:11,ETHUSDT,ask,2380,4359.316
2024-09-13 21:10:16,ETHUSDT,ask,2380,4360.843
2024-09-13 21:10:32,ETHUSDT,ask,2380,4360.862
2024-09-13 21:10:33,ETHUSDT,ask,2380,4381.407
2024-09-13 21:10:37,ETHUSDT,ask,2380,4385.181
2024-09-13 21:10:39,ETHUSDT,ask,2380,4407.988
2024-09-13 21:10:39,ETHUSDT,ask,2380,4408.988
2024-09-13 21:10:47,ETHUSDT,ask,2380,4405.214
2024-09-13 21:11:13,ETHUSDT,bid,2250,4670.261
2024-09-13 21:11:28,ETHUSDT,bid,1680,8960.678
2024-09-13 21:11:35,ETHUSDT,ask,2380,4406.059
2024-09-13 21:11:38,ETHUSDT,ask,2380,4406.232
2024-09-13 21:12:21,ETHUSDT,ask,2380,4406.561
2024-09-13 21:12:21,ETHUSDT,ask,2380,4404.461
2024-09-13 21:12:23,ETHUSDT,ask,2380,4403.461
2024-09-13 21:12:32,ETHUSDT,ask,2380,4408.461
2024-09-13 21:12:36,ETHUSDT,ask,2380,4409.175
2024-09-13 21:12:38,ETHUSDT,ask,2380,4429.175
2024-09-13 21:12:41,ETHUSDT,ask,2380,4408.63
2024-09-13 21:12:57,ETHUSDT,ask,2380,4408.689
2024-09-13 21:13:01,ETHUSDT,ask,2380,4408.798
2024-09-13 21:13:07,ETHUSDT,bid,1960,5271.279
2024-09-13 21:13:07,ETHUSDT,ask,2380,4409.024
2024-09-13 21:13:08,ETHUSDT,ask,2380,4409.224
2024-09-13 21:13:15,ETHUSDT,ask,2380,4406.843
2024-09-13 21:13:15,ETHUSDT,ask,2380,4406.89
2024-09-13 21:13:48,ETHUSDT,ask,2380,4407.39
2024-09-13 21:14:08,ETHUSDT,ask,2380,4522.905
2024-09-13 21:14:18,ETHUSDT,ask,2380,4523.115
2024-09-13 21:14:43,ETHUSDT,ask,2380,4519.754
2024-09-13 21:15:12,ETHUSDT,ask,2380,4520.754
2024-09-13 21:15:22,ETHUSDT,ask,2380,4522.754
2024-09-13 21:15:25,ETHUSDT,ask,2380,4520.754
2024-09-13 21:15:30,ETHUSDT,ask,2380,4522.754
2024-09-13 21:15:33,ETHUSDT,ask,2380,4520.754
2024-09-13 21:15:34,ETHUSDT,ask,2380,4520.964
2024-09-13 21:15:38,ETHUSDT,ask,2380,4520.955
2024-09-13 21:15:57,ETHUSDT,ask,2380,4521.205
2024-09-13 21:15:59,ETHUSDT,ask,2380,4520.205
2024-09-13 21:16:23,ETHUSDT,ask,2380,4521.049
2024-09-13 21:16:27,ETHUSDT,ask,2380,4522.549
2024-09-13 21:16:35,ETHUSDT,ask,2380,4523.692
2024-09-13 21:16:55,ETHUSDT,ask,2380,4522.857
2024-09-13 21:17:01,ETHUSDT,ask,2380,4522.815
2024-09-13 21:17:47,ETHUSDT,bid,2250,4665.261
2024-09-13 21:18:05,ETHUSDT,ask,2380,4523.728
2024-09-13 21:18:30,ETHUSDT,ask,2380,4530.084
2024-09-13 21:18:35,ETHUSDT,ask,2380,4530.28
2024-09-13 21:18:37,ETHUSDT,ask,2380,4552.628
2024-09-13 21:18:46,ETHUSDT,ask,2380,4554.376
2024-09-13 21:18:49,ETHUSDT,ask,2380,4554.276
2024-09-13 21:19:16,ETHUSDT,ask,2380,4569.987
2024-09-13 21:19:28,ETHUSDT,ask,2380,4570.987
2024-09-13 21:19:39,ETHUSDT,ask,2380,4555.276
2024-09-13 21:19:39,ETHUSDT,ask,2380,4556.276
2024-09-13 21:19:58,ETHUSDT,ask,2380,4561.276
2024-09-13 21:20:07,ETHUSDT,ask,2380,4625.276
2024-09-13 21:21:12,ETHUSDT,ask,2380,4631.69
2024-09-13 21:21:17,ETHUSDT,ask,2380,4630.69
2024-09-13 21:21:17,ETHUSDT,ask,2380,4632.69
2024-09-13 21:22:10,ETHUSDT,ask,2380,4632.513
2024-09-13 21:23:15,ETHUSDT,ask,2380,4633.266
2024-09-13 21:23:22,ETHUSDT,ask,2380,4633.245
2024-09-13 21:23:22,ETHUSDT,ask,2380,4633.226
2024-09-13 21:24:02,ETHUSDT,ask,2380,4632.89
2024-09-13 21:24:09,ETHUSDT,ask,2380,4636.041
2024-09-13 21:24:28,ETHUSDT,ask,2380,4636.251
2024-09-13 21:24:42,ETHUSDT,ask,2380,4635.994
2024-09-13 21:24:44,ETHUSDT,ask,2380,4636.213
2024-09-13 21:24:55,ETHUSDT,ask,2380,4638.107
2024-09-13 21:25:00,ETHUSDT,ask,2380,4636.107
2024-09-13 21:25:01,ETHUSDT,ask,2380,4640.364
2024-09-13 21:25:09,ETHUSDT,ask,2380,4634.035
2024-09-13 21:25:12,ETHUSDT,ask,2380,4638.339
2024-09-13 21:25:39,ETHUSDT,ask,2380,4640.339
2024-09-13 21:25:41,ETHUSDT,ask,2380,4640.451
2024-09-13 21:25:42,ETHUSDT,ask,2380,4638.951
2024-09-13 21:25:44,ETHUSDT,ask,2380,4639.513
2024-09-13 21:26:26,ETHUSDT,ask,2380,4643.705
2024-09-13 21:26:35,ETHUSDT,ask,2380,4642.905
2024-09-13 21:26:55,ETHUSDT,ask,2380,4645.725
2024-09-13 21:26:56,ETHUSDT,ask,2380,4645.515
2024-09-13 21:27:58,ETHUSDT,ask,2380,4653.165
2024-09-13 21:28:00,ETHUSDT,ask,2380,4651.638
2024-09-13 21:28:14,ETHUSDT,ask,2380,4649.422
2024-09-13 21:28:45,ETHUSDT,ask,2380,4649.835
2024-09-13 21:29:43,ETHUSDT,ask,2380,4629.835
2024-09-13 21:29:51,ETHUSDT,ask,2380,4629.844
2024-09-13 21:30:00,ETHUSDT,ask,2380,4607.496
2024-09-13 21:30:31,ETHUSDT,ask,2380,4607.487
2024-09-13 21:31:06,ETHUSDT,ask,2380,4541.739
2024-09-13 21:31:07,ETHUSDT,ask,2380,4541.529
2024-09-13 21:31:14,ETHUSDT,ask,2380,4541.319
2024-09-13 21:32:06,ETHUSDT,bid,2220,4598.667
2024-09-13 21:33:43,ETHUSDT,ask,2380,4535.149
2024-09-13 21:35:07,ETHUSDT,ask,2380,4534.19
2024-09-13 21:35:09,ETHUSDT,ask,2380,4534.09
2024-09-13 21:35:12,ETHUSDT,ask,2380,4533.99
2024-09-13 21:36:01,ETHUSDT,ask,2380,4533.59
2024-09-13 21:36:34,ETHUSDT,ask,2380,4533.39
2024-09-13 21:37:31,ETHUSDT,bid,2220,4599.067
2024-09-13 21:37:35,ETHUSDT,bid,2220,4599.084
2024-09-13 21:38:32,ETHUSDT,bid,2220,4599.094
2024-09-13 21:38:40,ETHUSDT,bid,2220,4599.084
2024-09-13 21:39:43,ETHUSDT,ask,2380,4526.254
2024-09-13 21:41:02,ETHUSDT,ask,2380,4522.997
2024-09-13 21:41:41,ETHUSDT,ask,2380,4533.997
2024-09-13 21:41:42,ETHUSDT,ask,2380,4544.997
2024-09-13 21:41:42,ETHUSDT,ask,2380,4555.997
2024-09-13 21:41:42,ETHUSDT,ask,2380,4566.997
2024-09-13 21:41:43,ETHUSDT,ask,2380,4577.997
2024-09-13 21:41:43,ETHUSDT,ask,2380,4588.997
2024-09-13 21:41:43,ETHUSDT,ask,2380,4599.997
2024-09-13 21:41:43,ETHUSDT,ask,2380,4610.997
2024-09-13 21:41:43,ETHUSDT,ask,2380,4621.997
2024-09-13 21:41:44,ETHUSDT,ask,2380,4632.997
2024-09-13 21:41:44,ETHUSDT,ask,2380,4643.997
2024-09-13 21:41:44,ETHUSDT,ask,2380,4644.18
2024-09-13 21:41:45,ETHUSDT,ask,2380,4645.032
2024-09-13 21:41:45,ETHUSDT,ask,2380,4524.032
2024-09-13 21:41:51,ETHUSDT,bid,1740,5893.723
2024-09-13 21:42:21,ETHUSDT,ask,2380,4527.939
2024-09-13 21:42:38,ETHUSDT,ask,2380,4527.609
2024-09-13 21:42:57,ETHUSDT,ask,2380,4528.006
2024-09-13 21:43:45,ETHUSDT,ask,2380,4530.083
2024-09-13 21:44:02,ETHUSDT,ask,2380,4530.251
2024-09-13 21:44:42,ETHUSDT,ask,2380,4530.451
2024-09-13 21:44:47,ETHUSDT,ask,2380,4533.768
2024-09-13 21:45:15,ETHUSDT,ask,2380,4534.013
2024-09-13 21:45:35,ETHUSDT,ask,2380,4535.157
2024-09-13 21:45:38,ETHUSDT,ask,2380,4533.756
2024-09-13 21:45:51,ETHUSDT,ask,2380,4535.971
2024-09-13 21:46:10,ETHUSDT,ask,2380,4536.051
2024-09-13 21:46:24,ETHUSDT,bid,2250,4665.151
2024-09-13 21:46:24,ETHUSDT,ask,2380,4534.791
2024-09-13 21:46:39,ETHUSDT,ask,2380,4547.151
2024-09-13 21:46:42,ETHUSDT,ask,2380,4547.516
2024-09-13 21:46:43,ETHUSDT,ask,2380,4546.664
2024-09-13 21:46:52,ETHUSDT,ask,2380,4546.102
2024-09-13 21:47:10,ETHUSDT,ask,2380,4547.225
2024-09-13 21:47:12,ETHUSDT,ask,2380,4547.425
2024-09-13 21:47:24,ETHUSDT,ask,2380,4548.241
2024-09-13 21:48:13,ETHUSDT,ask,2380,4549.869
2024-09-13 21:49:00,ETHUSDT,ask,2380,4549.569
2024-09-13 21:49:25,ETHUSDT,ask,2380,4549.419
2024-09-13 21:49:50,ETHUSDT,ask,2380,4549.409
2024-09-13 21:49:53,ETHUSDT,ask,2380,4549.554
2024-09-13 21:50:19,ETHUSDT,ask,2380,4549.712
2024-09-13 21:50:39,ETHUSDT,ask,2380,4549.46
2024-09-13 21:50:40,ETHUSDT,ask,2380,4550.137
2024-09-13 21:51:18,ETHUSDT,ask,2380,4550.147
2024-09-13 21:51:54,ETHUSDT,ask,2380,4537.542
2024-09-13 21:52:59,ETHUSDT,ask,2380,4538.163
2024-09-13 21:53:31,ETHUSDT,ask,2380,4538.396
2024-09-13 21:54:03,ETHUSDT,ask,2380,4536.296
2024-09-13 21:55:24,ETHUSDT,ask,2380,4540.594
2024-09-13 21:55:43,ETHUSDT,ask,2380,4540.197
2024-09-13 21:56:02,ETHUSDT,ask,2380,4540.207
2024-09-13 21:56:17,ETHUSDT,ask,2380,4531.804
2024-09-13 21:56:21,ETHUSDT,ask,2380,4532.804
2024-09-13 21:56:30,ETHUSDT,ask,2380,4532.384
2024-09-13 21:57:19,ETHUSDT,ask,2380,4531.508
2024-09-13 21:57:36,ETHUSDT,ask,2380,4533.004
2024-09-13 21:57:39,ETHUSDT,ask,2380,4532.995
2024-09-13 21:57:55,ETHUSDT,ask,2380,4532.415
2024-09-13 21:58:10,ETHUSDT,ask,2380,4533.415
2024-09-13 21:58:11,ETHUSDT,ask,2380,4533.898
2024-09-13 21:58:13,ETHUSDT,ask,2380,4533.415
2024-09-13 21:58:18,ETHUSDT,ask,2380,4534.703
2024-09-13 21:58:27,ETHUSDT,ask,2380,4535.543
2024-09-13 21:58:30,ETHUSDT,ask,2380,4543.945
2024-09-13 21:58:35,ETHUSDT,ask,2380,4543.955
2024-09-13 21:58:48,ETHUSDT,ask,2380,4553.358
2024-09-13 21:58:58,ETHUSDT,ask,2380,4554.419
2024-09-13 21:59:22,ETHUSDT,ask,2380,4556.519
2024-09-13 21:59:26,ETHUSDT,ask,2380,4556.575
2024-09-13 21:59:27,ETHUSDT,ask,2380,4556.475
2024-09-13 21:59:32,ETHUSDT,ask,2380,4556.694
2024-09-13 21:59:32,ETHUSDT,ask,2380,4557.114
