1727136086791,BTCUSDT,ask,65000,618.054
1727136094215,BTCUSDT,ask,65000,618.074
1727136154413,BTCUSDT,ask,65000,618.105
1727136203239,BTCUSDT,ask,65000,618.11
1727136268403,BTCUSDT,ask,65000,618.282
1727136347204,BTCUSDT,ask,65000,618.277
1727136502184,BTCUSDT,ask,65000,618.275
1727136577312,BTCUSDT,ask,65000,618.269
1727136609397,BTCUSDT,ask,65000,618.098
1727136616806,BTCUSDT,ask,65000,618.067
1727136626796,BTCUSDT,ask,65000,618.09
1727136632865,BTCUSDT,ask,65000,618.05
1727136679087,BTCUSDT,ask,65000,618.048
1727136704804,BTCUSDT,ask,65000,618.049
1727136744884,BTCUSDT,ask,65000,617.878
1727136782263,BTCUSDT,ask,65000,617.838
1727136921650,BTCUSDT,ask,65000,617.438
1727136947944,BTCUSDT,ask,65000,617.669
1727136982621,BTCUSDT,ask,65000,618.438
1727137038068,BTCUSDT,ask,65000,618.183
1727137071107,BTCUSDT,bid,47000,840.64
1727137119705,BTCUSDT,ask,65000,617.868
1727137182680,BTCUSDT,ask,65000,617.861
1727137207094,BTCUSDT,ask,65000,616.861
1727137262454,BTCUSDT,ask,65000,616.714
1727137309598,BTCUSDT,ask,65000,616.706
1727137310923,BTCUSDT,ask,65000,616.726
1727137362072,BTCUSDT,ask,65000,616.656
1727137370827,BTCUSDT,ask,65000,616.61
1727137403961,BTCUSDT,ask,65000,616.617
1727137463505,BTCUSDT,ask,65000,616.594
1727137466040,BTCUSDT,ask,65000,616.592
1727137479154,BTCUSDT,ask,65000,616.585
1727137493766,BTCUSDT,ask,65000,616.579
1727137508826,BTCUSDT,ask,65000,616.575
1727137534700,BTCUSDT,ask,65000,616.525
1727137540204,BTCUSDT,ask,65000,616.92
1727137554678,BTCUSDT,ask,65000,616.9
1727137675835,BTCUSDT,ask,65000,616.87
1727137689104,BTCUSDT,ask,65000,616.916
1727137700327,BTCUSDT,ask,65000,617.204
1727137863159,BTCUSDT,ask,65000,617.267
1727137910017,BTCUSDT,ask,65000,617.253
1727137916317,BTCUSDT,ask,65000,617.19
1727138016876,BTCUSDT,ask,65000,617.59
1727138124510,BTCUSDT,ask,65000,617.824
1727138148025,BTCUSDT,ask,65000,617.846
1727138369700,BTCUSDT,ask,65000,617.826
1727138393463,BTCUSDT,ask,65000,617.824
1727138454134,BTCUSDT,ask,65000,617.181
1727138502028,BTCUSDT,bid,47000,840.646
1727139707517,BTCUSDT,bid,47300,802.717
1727136010089,BTCUSD_PERP,ask,64000,507.14
1727136010606,BTCUSD_PERP,ask,64000,513.53
1727136014991,BTCUSD_PERP,bid,62800,557.63
1727136015297,BTCUSD_PERP,bid,62800,619.81
1727136015602,BTCUSD_PERP,bid,62800,681.36
1727136015901,BTCUSD_PERP,bid,62800,743.54
1727136104601,BTCUSD_PERP,ask,64000,507.14
1727136126670,BTCUSD_PERP,ask,64000,507.4
1727136128608,BTCUSD_PERP,bid,62800,681.99
1727136128710,BTCUSD_PERP,bid,62800,620.44
1727136128811,BTCUSD_PERP,bid,62800,558.26
1727136130050,BTCUSD_PERP,bid,62800,557.34
1727136130250,BTCUSD_PERP,bid,62800,619.56
1727136130358,BTCUSD_PERP,bid,62800,681.78
1727136130562,BTCUSD_PERP,bid,62800,744.0
1727136224687,BTCUSD_PERP,bid,62800,681.44
1727136224885,BTCUSD_PERP,bid,62800,743.63
1727136435410,BTCUSD_PERP,ask,63900,506.44
1727136437546,BTCUSD_PERP,ask,63900,506.2
1727136468340,BTCUSD_PERP,ask,63900,516.59
1727136541892,BTCUSD_PERP,bid,62600,496.48
1727136549894,BTCUSD_PERP,ask,63900,507.39
1727136680243,BTCUSD_PERP,ask,63900,506.36
1727136681442,BTCUSD_PERP,ask,63900,516.58
1727136682210,BTCUSD_PERP,ask,63900,526.79
1727136703078,BTCUSD_PERP,ask,64000,505.97
1727136703185,BTCUSD_PERP,ask,64000,632.75
1727136703241,BTCUSD_PERP,ask,63900,506.11
1727136768127,BTCUSD_PERP,ask,63900,506.04
1727136768971,BTCUSD_PERP,ask,63900,515.93
1727136769082,BTCUSD_PERP,ask,63900,522.31
1727137128883,BTCUSD_PERP,bid,62700,496.17
1727137128981,BTCUSD_PERP,bid,62700,558.27
1727137129079,BTCUSD_PERP,bid,62700,620.37
1727137166646,BTCUSD_PERP,bid,62700,558.27
1727137166746,BTCUSD_PERP,bid,62700,496.17
1727137168058,BTCUSD_PERP,bid,62700,496.49
1727137168190,BTCUSD_PERP,bid,62700,558.63
1727137168294,BTCUSD_PERP,bid,62700,620.77
1727137168495,BTCUSD_PERP,bid,62700,682.91
1727137242828,BTCUSD_PERP,bid,62700,559.26
1727137243024,BTCUSD_PERP,bid,62700,497.12
1727137244243,BTCUSD_PERP,bid,62800,496.73
1727137244340,BTCUSD_PERP,bid,62800,683.24
1727137261185,BTCUSD_PERP,bid,62700,744.42
1727137262336,BTCUSD_PERP,bid,62700,806.56
1727137299389,BTCUSD_PERP,bid,62700,682.28
1727137299492,BTCUSD_PERP,bid,62700,743.94
1727137299694,BTCUSD_PERP,bid,62700,806.04
1727137304308,BTCUSD_PERP,bid,62700,495.93
1727137304414,BTCUSD_PERP,bid,62700,558.0
1727137304604,BTCUSD_PERP,bid,62700,620.07
1727137440751,BTCUSD_PERP,bid,62700,558.0
1727137441568,BTCUSD_PERP,bid,62700,557.64
1727137441667,BTCUSD_PERP,bid,62700,619.74
1727137442441,BTCUSD_PERP,bid,62700,743.94
1727137442542,BTCUSD_PERP,bid,62700,806.04
1727137442654,BTCUSD_PERP,bid,62700,868.14
1727137740168,BTCUSD_PERP,bid,62700,806.56
1727137740285,BTCUSD_PERP,bid,62700,868.7
1727137742070,BTCUSD_PERP,bid,62700,868.85
1727137801510,BTCUSD_PERP,bid,62700,868.86
1727137952338,BTCUSD_PERP,bid,62700,868.71
1727138002511,BTCUSD_PERP,bid,62700,744.43
1727138002617,BTCUSD_PERP,bid,62700,682.29
1727138002918,BTCUSD_PERP,bid,62700,620.15
1727138003119,BTCUSD_PERP,bid,62700,558.01
1727138003219,BTCUSD_PERP,bid,62700,495.87
1727138003443,BTCUSD_PERP,bid,62700,496.8
1727138003854,BTCUSD_PERP,bid,62700,558.27
1727138003955,BTCUSD_PERP,bid,62700,620.37
1727138004161,BTCUSD_PERP,bid,62700,682.47
1727138004264,BTCUSD_PERP,bid,62700,744.57
1727138004368,BTCUSD_PERP,bid,62700,868.14
1727138004580,BTCUSD_PERP,bid,62700,930.24
1727138085924,BTCUSD_PERP,bid,62700,868.14
1727138089708,BTCUSD_PERP,bid,62700,557.64
1727138089812,BTCUSD_PERP,bid,62700,868.71
1727138089916,BTCUSD_PERP,bid,62700,930.85
1727138205917,BTCUSD_PERP,bid,62600,541.66
1727138205917,BTCUSD_PERP,bid,62700,992.34
1727138206036,BTCUSD_PERP,bid,62600,603.66
1727138206036,BTCUSD_PERP,bid,62700,1054.44
1727138209428,BTCUSD_PERP,bid,62600,541.63
1727138209428,BTCUSD_PERP,bid,62700,992.34
1727138209531,BTCUSD_PERP,bid,62600,743.46
1727138209632,BTCUSD_PERP,bid,62600,494.9
1727138209632,BTCUSD_PERP,bid,62600,805.52
1727138209835,BTCUSD_PERP,bid,62600,556.86
1727138209943,BTCUSD_PERP,bid,62600,867.58
1727138224510,BTCUSD_PERP,bid,62600,495.61
1727138224613,BTCUSD_PERP,bid,62500,541.12
1727138224613,BTCUSD_PERP,bid,62600,929.19
1727138224714,BTCUSD_PERP,bid,62500,603.05
1727138224714,BTCUSD_PERP,bid,62600,991.22
1727138277028,BTCUSD_PERP,bid,62600,805.13
1727138277151,BTCUSD_PERP,bid,62600,557.29
1727138277354,BTCUSD_PERP,bid,62600,619.28
1727138365364,BTCUSD_PERP,bid,62500,495.05
1727138365463,BTCUSD_PERP,bid,62500,557.01
1727138365582,BTCUSD_PERP,bid,62500,618.97
1727138400702,BTCUSD_PERP,bid,62500,556.02
1727138400801,BTCUSD_PERP,bid,62400,540.16
1727138400801,BTCUSD_PERP,bid,62500,1175.22
1727138401005,BTCUSD_PERP,bid,62400,601.98
1727138401005,BTCUSD_PERP,bid,62500,1237.14
1727138413894,BTCUSD_PERP,bid,62500,741.78
1727138413993,BTCUSD_PERP,bid,62500,493.8
1727138414195,BTCUSD_PERP,bid,62500,555.68
1727138415006,BTCUSD_PERP,bid,62400,617.25
1727138466021,BTCUSD_PERP,bid,62300,492.74
1727138466214,BTCUSD_PERP,bid,62300,554.49
1727138466321,BTCUSD_PERP,bid,62300,616.24
1727138473639,BTCUSD_PERP,bid,62300,493.37
1727138474045,BTCUSD_PERP,bid,62300,493.05
1727138486290,BTCUSD_PERP,bid,62300,492.81
1727138489664,BTCUSD_PERP,ask,63500,503.09
1727138540887,BTCUSD_PERP,bid,47000,2388.14
1727138544546,BTCUSD_PERP,bid,62300,493.36
1727138544644,BTCUSD_PERP,bid,62300,616.7
1727138544849,BTCUSD_PERP,bid,62300,677.75
1727138544953,BTCUSD_PERP,bid,62300,739.42
1727138545064,BTCUSD_PERP,bid,62300,801.09
1727138545167,BTCUSD_PERP,bid,62300,862.76
1727138545258,BTCUSD_PERP,bid,62300,985.48
1727138545672,BTCUSD_PERP,bid,62300,1047.15
1727138545882,BTCUSD_PERP,bid,62300,1108.82
1727138565067,BTCUSD_PERP,bid,62300,1047.15
1727138565313,BTCUSD_PERP,bid,62300,923.81
1727138565608,BTCUSD_PERP,bid,62300,862.14
1727138565758,BTCUSD_PERP,bid,62300,615.46
1727138566060,BTCUSD_PERP,bid,62300,553.79
1727138567593,BTCUSD_PERP,bid,62400,514.75
1727138581794,BTCUSD_PERP,bid,62500,495.28
1727138581893,BTCUSD_PERP,bid,62500,556.56
1727138582098,BTCUSD_PERP,bid,62500,617.84
1727138602383,BTCUSD_PERP,bid,62500,555.93
1727138602998,BTCUSD_PERP,bid,62500,647.45
1727138613938,BTCUSD_PERP,bid,62500,523.55
1727138620257,BTCUSD_PERP,bid,62700,588.2
1727138620354,BTCUSD_PERP,bid,62700,650.28
1727138658491,BTCUSD_PERP,bid,62700,495.38
1727138658595,BTCUSD_PERP,bid,62700,557.46
1727138748691,BTCUSD_PERP,ask,63700,470.77
1727138768810,BTCUSD_PERP,bid,62400,618.1
1727138768911,BTCUSD_PERP,bid,62400,741.72
1727138769010,BTCUSD_PERP,bid,62400,803.53
1727138772701,BTCUSD_PERP,ask,63600,520.5
1727138786570,BTCUSD_PERP,bid,62400,741.72
1727138786770,BTCUSD_PERP,ask,63600,504.42
1727138786874,BTCUSD_PERP,bid,62400,679.91
1727138787174,BTCUSD_PERP,bid,62400,556.29
1727138852161,BTCUSD_PERP,bid,62500,494.41
1727138852267,BTCUSD_PERP,bid,62500,555.66
1727138852461,BTCUSD_PERP,bid,62500,679.42
1727138853292,BTCUSD_PERP,bid,62500,741.3
1727138853390,BTCUSD_PERP,bid,62500,803.18
1727138853596,BTCUSD_PERP,bid,62500,865.06
1727138876319,BTCUSD_PERP,bid,62500,803.18
1727138876524,BTCUSD_PERP,bid,62500,741.3
1727138877032,BTCUSD_PERP,bid,62500,617.54
1727138877235,BTCUSD_PERP,bid,62400,679.0
1727138908833,BTCUSD_PERP,bid,62400,494.4
1727138919349,BTCUSD_PERP,bid,62400,556.03
1727138919758,BTCUSD_PERP,bid,62400,617.88
1727138928331,BTCUSD_PERP,bid,62400,555.75
1727138928429,BTCUSD_PERP,bid,62400,617.57
1727138928534,BTCUSD_PERP,bid,62400,679.39
1727138946828,BTCUSD_PERP,bid,62400,555.4
1727138947031,BTCUSD_PERP,bid,62400,617.18
1727138952304,BTCUSD_PERP,ask,63600,498.9
1727138992916,BTCUSD_PERP,ask,63600,555.6
1727139010978,BTCUSD_PERP,ask,63600,545.44
1727139013852,BTCUSD_PERP,ask,63600,524.66
1727139015043,BTCUSD_PERP,ask,63600,503.88
1727139022389,BTCUSD_PERP,bid,62400,556.02
1727139022515,BTCUSD_PERP,bid,62400,494.24
1727139023550,BTCUSD_PERP,bid,62400,498.48
1727139023655,BTCUSD_PERP,bid,62400,560.34
1727139023761,BTCUSD_PERP,bid,62400,622.2
1727139023865,BTCUSD_PERP,bid,62400,684.06
1727139023968,BTCUSD_PERP,bid,62400,810.0
1727139024067,BTCUSD_PERP,bid,62400,933.72
1727139024365,BTCUSD_PERP,bid,62400,540.07
1727139024365,BTCUSD_PERP,bid,62400,995.58
1727139039475,BTCUSD_PERP,bid,62400,871.86
1727139039579,BTCUSD_PERP,bid,62400,680.13
1727139039687,BTCUSD_PERP,bid,62400,865.62
1727139039788,BTCUSD_PERP,bid,62300,539.8
1727139039788,BTCUSD_PERP,bid,62400,927.45
1727139082892,BTCUSD_PERP,bid,62300,493.48
1727139082892,BTCUSD_PERP,bid,62400,803.79
1727139082990,BTCUSD_PERP,bid,62400,680.13
1727139083296,BTCUSD_PERP,bid,62400,556.47
1727139084206,BTCUSD_PERP,bid,62500,495.04
1727139084306,BTCUSD_PERP,bid,62500,556.92
1727139084848,BTCUSD_PERP,bid,62500,680.05
1727139085051,BTCUSD_PERP,bid,62500,803.18
1727139198019,BTCUSD_PERP,bid,62500,618.17
1727139198429,BTCUSD_PERP,bid,62500,556.29
1727139198863,BTCUSD_PERP,bid,62400,494.17
1727139199277,BTCUSD_PERP,bid,62400,556.02
1727139199503,BTCUSD_PERP,bid,62400,617.24
1727139199702,BTCUSD_PERP,bid,62400,679.09
1727139199908,BTCUSD_PERP,bid,62400,802.79
1727139243832,BTCUSD_PERP,bid,62400,678.78
1727139243935,BTCUSD_PERP,bid,62400,740.6
1727139366080,BTCUSD_PERP,bid,62400,494.48
1727139371423,BTCUSD_PERP,bid,62400,494.63
1727139417173,BTCUSD_PERP,bid,62400,678.78
1727139417282,BTCUSD_PERP,bid,62400,616.96
1727139417377,BTCUSD_PERP,bid,62400,555.14
1727139417568,BTCUSD_PERP,bid,62400,494.8
1727139417664,BTCUSD_PERP,bid,62400,556.65
1727139417907,BTCUSD_PERP,bid,62400,679.72
1727139418109,BTCUSD_PERP,bid,62400,741.57
1727139418308,BTCUSD_PERP,bid,62400,803.42
1727139418409,BTCUSD_PERP,bid,62400,988.97
1727139418921,BTCUSD_PERP,bid,62400,1050.82
1727139419064,BTCUSD_PERP,bid,62400,539.98
1727139419064,BTCUSD_PERP,bid,62400,1112.04
1727139452014,BTCUSD_PERP,bid,62400,1050.82
1727139452108,BTCUSD_PERP,bid,62400,988.97
1727139452218,BTCUSD_PERP,bid,62400,927.12
1727139452315,BTCUSD_PERP,bid,62400,865.27
1727139452420,BTCUSD_PERP,bid,62400,803.42
1727139452720,BTCUSD_PERP,bid,62400,741.57
1727139452826,BTCUSD_PERP,bid,62400,493.95
1727139452826,BTCUSD_PERP,bid,62400,679.72
1727139452924,BTCUSD_PERP,bid,62400,555.77
1727139452924,BTCUSD_PERP,bid,62400,617.87
1727139453238,BTCUSD_PERP,bid,62400,617.59
1727139453238,BTCUSD_PERP,bid,62400,556.02
1727139453336,BTCUSD_PERP,bid,62400,679.41
1727139453545,BTCUSD_PERP,bid,62400,740.6
1727139453545,BTCUSD_PERP,bid,62400,494.8
1727139453851,BTCUSD_PERP,bid,62400,926.06
1727139453950,BTCUSD_PERP,bid,62400,1049.7
1727139454055,BTCUSD_PERP,bid,62300,539.65
1727139454055,BTCUSD_PERP,bid,62400,1173.34
1727139454257,BTCUSD_PERP,bid,62400,1235.16
1727139454461,BTCUSD_PERP,bid,62400,1238.78
1727139480924,BTCUSD_PERP,bid,62400,1239.4
1727139530291,BTCUSD_PERP,bid,62400,678.34
1727139530387,BTCUSD_PERP,bid,62400,1110.8
1727139530494,BTCUSD_PERP,bid,62300,539.38
1727139530494,BTCUSD_PERP,bid,62400,1172.58
1727139532121,BTCUSD_PERP,bid,62400,1234.36
1727139537197,BTCUSD_PERP,bid,62300,740.38
1727139537297,BTCUSD_PERP,bid,62300,986.76
1727139537597,BTCUSD_PERP,bid,62300,539.18
1727139541473,BTCUSD_PERP,ask,63600,503.72
1727139632873,BTCUSD_PERP,bid,62300,986.27
1727139633073,BTCUSD_PERP,bid,62300,1047.99
1727139636744,BTCUSD_PERP,ask,63500,503.4
1727139730262,BTCUSD_PERP,bid,62300,559.76
1727139730366,BTCUSD_PERP,bid,62300,1113.71
1727139730466,BTCUSD_PERP,bid,62200,538.58
1727139730466,BTCUSD_PERP,bid,62300,1175.4
1727139740953,BTCUSD_PERP,bid,62300,1052.02
1727139741056,BTCUSD_PERP,bid,62300,928.64
1727139741354,BTCUSD_PERP,bid,62300,744.2
1727139741460,BTCUSD_PERP,bid,62300,682.51
1727139741546,BTCUSD_PERP,bid,62300,620.82
1727139741668,BTCUSD_PERP,bid,62300,559.13
1727139741668,BTCUSD_PERP,bid,62300,554.86
1727139741974,BTCUSD_PERP,bid,62300,497.44
1727139741974,BTCUSD_PERP,bid,62300,616.58
1727139742174,BTCUSD_PERP,bid,62300,678.3
1727139742275,BTCUSD_PERP,bid,62300,739.4
1727139742487,BTCUSD_PERP,bid,62300,862.84
1727139742787,BTCUSD_PERP,bid,62300,924.56
1727139742891,BTCUSD_PERP,bid,62300,1109.72
1727139743092,BTCUSD_PERP,bid,62200,538.84
1727139785019,BTCUSD_PERP,bid,62300,1048.0
1727139785234,BTCUSD_PERP,bid,62300,924.56
1727139785336,BTCUSD_PERP,bid,62300,801.34
1727139785434,BTCUSD_PERP,bid,62300,924.72
1727139789769,BTCUSD_PERP,ask,63500,503.16
1727139825311,BTCUSD_PERP,bid,62300,863.03
1727139825809,BTCUSD_PERP,bid,62300,801.34
1727139826130,BTCUSD_PERP,bid,62300,677.96
1727139826238,BTCUSD_PERP,bid,62300,616.27
1727139826337,BTCUSD_PERP,bid,62300,554.58
1727139826337,BTCUSD_PERP,bid,62300,493.14
1727139826431,BTCUSD_PERP,bid,62300,492.89
1727139826431,BTCUSD_PERP,bid,62300,554.86
1727139827204,BTCUSD_PERP,bid,62300,493.21
1727139827413,BTCUSD_PERP,bid,62300,554.94
1727139846396,BTCUSD_PERP,bid,62300,492.82
1727139846492,BTCUSD_PERP,bid,62300,616.34
1727139846598,BTCUSD_PERP,bid,62300,678.1
1727139846698,BTCUSD_PERP,bid,62300,739.86
1727139847109,BTCUSD_PERP,bid,62300,801.62
1727139880686,BTCUSD_PERP,ask,63600,530.8
1727139890687,BTCUSD_PERP,ask,63600,518.51
1727139921560,BTCUSD_PERP,bid,62300,678.1
1727139921661,BTCUSD_PERP,bid,62300,616.34
1727139921862,BTCUSD_PERP,bid,62300,554.58
1727139923505,BTCUSD_PERP,bid,62400,496.75
1727139924133,BTCUSD_PERP,ask,63600,512.22
1727139929056,BTCUSD_PERP,ask,63600,503.96
1727139944474,BTCUSD_PERP,bid,62400,494.09
1727139944572,BTCUSD_PERP,bid,62400,555.93
1727139944760,BTCUSD_PERP,bid,62400,617.77
1727139944904,BTCUSD_PERP,bid,62400,678.98
1727139945222,BTCUSD_PERP,bid,62400,539.39
1727139972629,BTCUSD_PERP,bid,62400,555.58
1727139972734,BTCUSD_PERP,bid,62300,539.1
1727139982056,BTCUSD_PERP,bid,62300,538.48
1727139982404,BTCUSD_PERP,bid,62400,493.4
1727139982503,BTCUSD_PERP,bid,62300,492.01
1727139982503,BTCUSD_PERP,bid,62400,555.23
1727139982604,BTCUSD_PERP,bid,62400,617.06
1727139982703,BTCUSD_PERP,bid,62300,491.99
1727140028146,BTCUSD_PERP,bid,62400,555.85
1727140028244,BTCUSD_PERP,bid,62400,494.02
1727140029969,BTCUSD_PERP,bid,62500,495.04
1727140032201,BTCUSD_PERP,bid,62400,481.33
1727140113690,BTCUSD_PERP,bid,62500,619.1
1727140113796,BTCUSD_PERP,bid,62500,680.38
1727140113882,BTCUSD_PERP,bid,62500,742.29
1727140114004,BTCUSD_PERP,bid,62500,804.2
1727140119624,BTCUSD_PERP,bid,62500,805.76
1727140120692,BTCUSD_PERP,bid,62500,823.24
1727140166085,BTCUSD_PERP,bid,62500,637.51
1727140166184,BTCUSD_PERP,bid,62500,680.05
1727140246606,BTCUSD_PERP,bid,62500,556.29
1727140246710,BTCUSD_PERP,bid,62400,741.57
1727140546606,BTCUSD_PERP,bid,62400,617.87
1727140546715,BTCUSD_PERP,bid,62400,556.02
1727140546809,BTCUSD_PERP,bid,62400,494.17
1727140548113,BTCUSD_PERP,bid,62500,494.42
1727140548454,BTCUSD_PERP,bid,62500,618.18
1727140631104,BTCUSD_PERP,bid,62500,495.36
1727140648814,BTCUSD_PERP,bid,62500,494.97
1727140648905,BTCUSD_PERP,bid,62500,556.92
1727140649018,BTCUSD_PERP,bid,62500,618.87
1727140649442,BTCUSD_PERP,bid,62500,680.82
1727140649780,BTCUSD_PERP,bid,62500,742.77
1727140653933,BTCUSD_PERP,ask,63800,526.22
1727140666223,BTCUSD_PERP,bid,62500,680.82
1727140666530,BTCUSD_PERP,bid,62500,618.87
1727140666635,BTCUSD_PERP,bid,62500,556.92
1727140667246,BTCUSD_PERP,bid,62500,495.6
1727140667664,BTCUSD_PERP,bid,62600,496.89
1727140667776,BTCUSD_PERP,bid,62600,558.88
1727140667776,BTCUSD_PERP,ask,63800,505.63
1727140675044,BTCUSD_PERP,bid,62600,496.89
1727140676471,BTCUSD_PERP,bid,62600,495.36
1727140676568,BTCUSD_PERP,bid,62600,495.51
1727140676776,BTCUSD_PERP,bid,62600,557.55
1727140677181,BTCUSD_PERP,bid,62600,619.59
1727140690894,BTCUSD_PERP,bid,62600,558.18
1727140691306,BTCUSD_PERP,bid,62700,496.01
1727140691408,BTCUSD_PERP,bid,62700,620.17
1727140691928,BTCUSD_PERP,bid,62700,682.25
1727140692031,BTCUSD_PERP,bid,62700,744.33
1727140692139,BTCUSD_PERP,bid,62700,806.41
1727140692238,BTCUSD_PERP,bid,62700,992.65
1727140692335,BTCUSD_PERP,bid,62700,1116.81
1727140692441,BTCUSD_PERP,bid,62700,1178.89
1727140692654,BTCUSD_PERP,bid,62600,495.63
1727140692760,BTCUSD_PERP,bid,62600,542.14
1727140692968,BTCUSD_PERP,bid,62600,603.54
1727140692968,BTCUSD_PERP,bid,62700,1240.34
1727140707158,BTCUSD_PERP,bid,62700,1116.18
1727140707264,BTCUSD_PERP,bid,62600,541.56
1727140707264,BTCUSD_PERP,bid,62700,992.02
1727140707364,BTCUSD_PERP,bid,62600,479.54
1727140707468,BTCUSD_PERP,bid,62700,867.86
1727140707662,BTCUSD_PERP,bid,62700,806.41
1727140707967,BTCUSD_PERP,bid,62600,619.24
1727140708064,BTCUSD_PERP,bid,62600,603.18
1727140708064,BTCUSD_PERP,bid,62600,1177.69
1727140708269,BTCUSD_PERP,bid,62600,1239.74
1727140736659,BTCUSD_PERP,ask,63900,522.79
1727140764809,BTCUSD_PERP,bid,62600,479.25
1727140764809,BTCUSD_PERP,bid,62600,1177.69
1727140765107,BTCUSD_PERP,bid,62600,929.49
1727140765309,BTCUSD_PERP,bid,62600,867.44
1727140765519,BTCUSD_PERP,bid,62600,805.39
1727140765619,BTCUSD_PERP,bid,62600,619.87
1727140765939,BTCUSD_PERP,bid,62600,496.08
1727140783015,BTCUSD_PERP,bid,62600,557.19
1727140783122,BTCUSD_PERP,bid,62600,618.54
1727140783219,BTCUSD_PERP,bid,62600,680.52
1727140785773,BTCUSD_PERP,ask,63800,505.63
1727140922605,BTCUSD_PERP,bid,62600,618.54
1727140922704,BTCUSD_PERP,bid,62500,495.66
1727140922908,BTCUSD_PERP,bid,62600,556.56
1727140924344,BTCUSD_PERP,bid,62500,494.97
1727140924419,BTCUSD_PERP,bid,62500,618.24
1727140924636,BTCUSD_PERP,bid,62500,680.19
1727140926206,BTCUSD_PERP,bid,62500,680.34
1727140927042,BTCUSD_PERP,ask,63800,505.3
1727141046701,BTCUSD_PERP,bid,62500,1113.14
1727141046805,BTCUSD_PERP,bid,62500,1175.05
1727141046903,BTCUSD_PERP,bid,62500,1236.96
1727141049679,BTCUSD_PERP,bid,62500,988.82
1727141049780,BTCUSD_PERP,bid,62500,1112.58
1727141049985,BTCUSD_PERP,bid,62500,1174.46
1727141083617,BTCUSD_PERP,bid,62500,865.69
1727141103955,BTCUSD_PERP,bid,62400,679.28
1727141104057,BTCUSD_PERP,bid,62400,741.09
1727141129892,BTCUSD_PERP,bid,62400,555.66
1727141130098,BTCUSD_PERP,bid,62400,617.17
1727141130199,BTCUSD_PERP,bid,62400,678.95
1727141133656,BTCUSD_PERP,bid,62300,1085.01
1727141133961,BTCUSD_PERP,bid,62300,1146.75
1727141134887,BTCUSD_PERP,ask,63600,503.78
1727141141940,BTCUSD_PERP,bid,62300,900.41
1727141142043,BTCUSD_PERP,bid,62300,804.74
1727141142241,BTCUSD_PERP,bid,62300,866.45
1727141144380,BTCUSD_PERP,ask,63500,533.61
1727141146860,BTCUSD_PERP,ask,63500,523.54
1727141149105,BTCUSD_PERP,ask,63500,503.4
1727141159123,BTCUSD_PERP,bid,62300,804.74
1727141159223,BTCUSD_PERP,bid,62300,743.03
1727141159223,BTCUSD_PERP,ask,63600,503.72
1727141159327,BTCUSD_PERP,bid,62300,681.32
1727141159637,BTCUSD_PERP,bid,62300,619.61
1727141159837,BTCUSD_PERP,bid,62300,557.9
1727141159837,BTCUSD_PERP,bid,62300,494.0
1727141159942,BTCUSD_PERP,bid,62300,496.81
1727141159942,BTCUSD_PERP,bid,62300,555.13
1727141160145,BTCUSD_PERP,bid,62300,678.63
1727141160351,BTCUSD_PERP,bid,62300,802.13
1727141160453,BTCUSD_PERP,bid,62300,863.26
1727141160558,BTCUSD_PERP,bid,62300,925.01
1727141160653,BTCUSD_PERP,bid,62300,986.76
1727141171334,BTCUSD_PERP,bid,62300,739.76
1727141171433,BTCUSD_PERP,bid,62300,801.11
1727141171535,BTCUSD_PERP,bid,62300,986.27
1727141172057,BTCUSD_PERP,bid,62300,1047.99
1727141176421,BTCUSD_PERP,ask,63500,503.4
1727141188500,BTCUSD_PERP,bid,62300,924.55
1727141188602,BTCUSD_PERP,bid,62300,862.58
1727141188700,BTCUSD_PERP,bid,62300,924.27
1727141188801,BTCUSD_PERP,bid,62300,985.96
1727141196436,BTCUSD_PERP,bid,62300,924.9
1727141196532,BTCUSD_PERP,bid,62300,863.21
1727141196640,BTCUSD_PERP,bid,62300,801.52
1727141196743,BTCUSD_PERP,bid,62300,678.14
1727141196849,BTCUSD_PERP,bid,62300,554.76
1727141196946,BTCUSD_PERP,bid,62300,493.07
1727141197245,BTCUSD_PERP,bid,62300,554.85
1727141197451,BTCUSD_PERP,bid,62300,616.57
1727141197558,BTCUSD_PERP,bid,62300,678.29
1727141197661,BTCUSD_PERP,bid,62300,801.73
1727141230115,BTCUSD_PERP,bid,62300,492.82
1727141234505,BTCUSD_PERP,ask,63500,515.7
1727141244604,BTCUSD_PERP,ask,63500,503.4
1727141245451,BTCUSD_PERP,bid,62300,493.76
1727141245543,BTCUSD_PERP,bid,62300,678.29
1727141250581,BTCUSD_PERP,bid,62300,616.57
1727141250684,BTCUSD_PERP,bid,62300,554.85
1727141250906,BTCUSD_PERP,bid,62300,493.13
1727141265413,BTCUSD_PERP,bid,62200,489.5
1727141265945,BTCUSD_PERP,bid,62200,514.16
1727141266804,BTCUSD_PERP,ask,63600,503.88
1727141267305,BTCUSD_PERP,bid,62400,678.96
1727141268604,BTCUSD_PERP,ask,63600,514.04
1727141269223,BTCUSD_PERP,ask,63600,524.2
1727141270400,BTCUSD_PERP,ask,63600,534.36
1727141284094,BTCUSD_PERP,bid,62200,489.5
1727141323105,BTCUSD_PERP,bid,62400,555.4
1727141324040,BTCUSD_PERP,bid,62300,494.01
1727141324238,BTCUSD_PERP,bid,62300,555.76
1727141324340,BTCUSD_PERP,bid,62300,617.51
1727141324549,BTCUSD_PERP,bid,62300,678.63
1727141326865,BTCUSD_PERP,ask,63600,520.14
1727141327170,BTCUSD_PERP,bid,62300,678.78
1727141327481,BTCUSD_PERP,bid,62300,678.93
1727141346136,BTCUSD_PERP,ask,63600,503.88
1727141346399,BTCUSD_PERP,bid,62300,617.18
1727141346505,BTCUSD_PERP,bid,62300,493.68
1727141347753,BTCUSD_PERP,bid,62400,617.8
1727141348053,BTCUSD_PERP,bid,62400,678.95
1727141371910,BTCUSD_PERP,bid,62300,678.62
1727141375476,BTCUSD_PERP,ask,63500,503.64
