2024-08-21 07:00:12,BTCUSDT,bid,58000,519.001
2024-08-21 07:00:44,BTCUSDT,bid,58000,518.991
2024-08-21 07:00:52,BTCUSDT,bid,58000,518.969
2024-08-21 07:00:58,BTCUSDT,bid,58000,518.968
2024-08-21 07:01:07,BTCUSDT,bid,58000,518.983
2024-08-21 07:01:20,BTCUSDT,bid,58000,518.997
2024-08-21 07:01:40,BTCUSDT,bid,58000,519.214
2024-08-21 07:01:51,BTCUSDT,bid,58000,519.386
2024-08-21 07:01:55,BTCUSDT,bid,58000,519.388
2024-08-21 07:01:55,BTCUSDT,bid,58000,519.439
2024-08-21 07:02:04,BTCUSDT,bid,58000,519.418
2024-08-21 07:02:21,BTCUSDT,bid,58000,518.873
2024-08-21 07:02:21,BTCUSDT,bid,58000,518.701
2024-08-21 07:02:41,BTCUSDT,bid,58000,518.744
2024-08-21 07:03:29,BTCUSDT,bid,58000,518.757
2024-08-21 07:03:32,BTCUSDT,bid,47000,876.997
2024-08-21 07:03:36,BTCUSDT,bid,58000,518.744
2024-08-21 07:03:43,BTCUSDT,bid,58000,518.742
2024-08-21 07:03:45,BTCUSDT,bid,58000,518.744
2024-08-21 07:03:46,BTCUSDT,bid,58000,518.755
2024-08-21 07:03:56,BTCUSDT,bid,58000,519.272
2024-08-21 07:04:05,BTCUSDT,bid,58000,519.345
2024-08-21 07:04:42,BTCUSDT,bid,58000,519.334
2024-08-21 07:04:53,BTCUSDT,bid,58000,519.345
2024-08-21 07:05:00,BTCUSDT,bid,58000,519.343
2024-08-21 07:05:24,BTCUSDT,bid,58000,519.339
2024-08-21 07:05:27,BTCUSDT,bid,58000,519.478
2024-08-21 07:05:41,BTCUSDT,bid,58000,519.509
2024-08-21 07:06:08,BTCUSDT,bid,58000,519.507
2024-08-21 07:06:09,BTCUSDT,bid,58000,519.468
2024-08-21 07:06:40,BTCUSDT,bid,58000,519.668
2024-08-21 07:06:43,BTCUSDT,bid,58000,519.468
2024-08-21 07:06:45,BTCUSDT,bid,58000,519.456
2024-08-21 07:07:14,BTCUSDT,bid,58000,519.458
2024-08-21 07:07:19,BTCUSDT,bid,58000,519.461
2024-08-21 07:07:36,BTCUSDT,bid,58000,519.464
2024-08-21 07:10:08,BTCUSDT,bid,58000,519.441
2024-08-21 07:10:10,BTCUSDT,bid,58000,519.443
2024-08-21 07:10:31,BTCUSDT,bid,58000,519.446
2024-08-21 07:10:40,BTCUSDT,bid,58000,519.441
2024-08-21 07:10:40,BTCUSDT,bid,58000,519.393
2024-08-21 07:11:36,BTCUSDT,bid,58000,519.472
2024-08-21 07:11:39,BTCUSDT,bid,58000,519.464
2024-08-21 07:11:46,BTCUSDT,bid,58000,519.498
2024-08-21 07:12:03,BTCUSDT,bid,58000,519.495
2024-08-21 07:12:03,BTCUSDT,bid,58000,519.52
2024-08-21 07:12:09,BTCUSDT,bid,58000,519.32
2024-08-21 07:12:20,BTCUSDT,bid,58000,519.318
2024-08-21 07:12:23,BTCUSDT,bid,58000,520.006
2024-08-21 07:12:24,BTCUSDT,bid,58000,520.021
2024-08-21 07:12:34,BTCUSDT,bid,58000,520.866
2024-08-21 07:12:46,BTCUSDT,bid,58000,520.868
2024-08-21 07:13:12,BTCUSDT,bid,58000,520.866
2024-08-21 07:13:14,BTCUSDT,bid,58000,521.066
2024-08-21 07:13:16,BTCUSDT,bid,58000,520.866
2024-08-21 07:13:18,BTCUSDT,bid,58000,521.066
2024-08-21 07:13:19,BTCUSDT,bid,58000,521.058
2024-08-21 07:13:20,BTCUSDT,bid,58000,520.858
2024-08-21 07:13:21,BTCUSDT,bid,58000,521.058
2024-08-21 07:13:24,BTCUSDT,bid,58000,520.858
2024-08-21 07:13:25,BTCUSDT,bid,58000,520.714
2024-08-21 07:13:27,BTCUSDT,bid,58000,520.514
2024-08-21 07:13:28,BTCUSDT,bid,58000,520.714
2024-08-21 07:13:31,BTCUSDT,bid,58000,520.514
2024-08-21 07:13:32,BTCUSDT,bid,58000,520.714
2024-08-21 07:13:35,BTCUSDT,bid,58000,520.514
2024-08-21 07:13:36,BTCUSDT,bid,58000,520.714
2024-08-21 07:13:38,BTCUSDT,bid,58000,520.514
2024-08-21 07:13:39,BTCUSDT,bid,58000,520.714
2024-08-21 07:13:41,BTCUSDT,bid,58000,520.514
2024-08-21 07:13:50,BTCUSDT,bid,58000,520.714
2024-08-21 07:13:52,BTCUSDT,bid,58000,520.514
2024-08-21 07:14:19,BTCUSDT,bid,58000,520.517
2024-08-21 07:14:33,BTCUSDT,bid,58000,520.717
2024-08-21 07:14:35,BTCUSDT,bid,58000,520.517
2024-08-21 07:14:37,BTCUSDT,bid,58000,520.717
2024-08-21 07:14:39,BTCUSDT,bid,58000,520.517
2024-08-21 07:14:40,BTCUSDT,bid,58000,520.717
2024-08-21 07:14:42,BTCUSDT,bid,58000,520.517
2024-08-21 07:14:44,BTCUSDT,bid,58000,520.717
2024-08-21 07:14:46,BTCUSDT,bid,58000,520.517
2024-08-21 07:14:48,BTCUSDT,bid,58000,520.717
2024-08-21 07:14:49,BTCUSDT,bid,58000,520.517
2024-08-21 07:14:54,BTCUSDT,bid,58000,520.417
2024-08-21 07:15:47,BTCUSDT,bid,58000,520.278
2024-08-21 07:15:57,BTCUSDT,bid,58000,520.261
2024-08-21 07:16:15,BTCUSDT,bid,58000,519.573
2024-08-21 07:16:22,BTCUSDT,bid,58000,519.522
2024-08-21 07:16:23,BTCUSDT,bid,58000,519.52
2024-08-21 07:16:49,BTCUSDT,bid,58000,519.516
2024-08-21 07:28:35,BTCUSDT,bid,47000,877.401
2024-08-21 07:29:10,BTCUSDT,bid,47000,877.316
2024-08-21 08:22:36,BTCUSDT,bid,47000,877.319
2024-08-21 08:48:29,BTCUSDT,bid,47000,877.316
2024-08-21 08:49:25,BTCUSDT,bid,47000,877.266
2024-08-21 09:19:10,BTCUSDT,bid,47000,877.263
2024-08-21 09:27:59,BTCUSDT,bid,47300,807.039
2024-08-21 09:31:12,BTCUSDT,bid,47000,877.26
2024-08-21 10:32:42,BTCUSDT,bid,47000,876.76
2024-08-21 10:53:48,BTCUSDT,bid,47000,876.675
2024-08-21 11:39:34,BTCUSDT,bid,47000,876.625
2024-08-21 12:24:59,BTCUSDT,bid,47300,807.05
2024-08-21 12:27:43,BTCUSDT,bid,47300,807.053
2024-08-21 12:46:32,BTCUSDT,bid,47000,892.539
2024-08-21 12:47:16,BTCUSDT,bid,47000,892.546
2024-08-21 13:05:19,BTCUSDT,bid,47000,892.532
2024-08-21 13:09:48,BTCUSDT,bid,47000,892.529
2024-08-21 13:11:24,BTCUSDT,bid,47000,892.543
2024-08-21 13:50:46,BTCUSDT,bid,47000,902.543
2024-08-21 15:01:15,BTCUSDT,bid,47000,902.561
2024-08-21 15:05:51,BTCUSDT,bid,47000,902.578
2024-08-21 15:09:08,BTCUSDT,bid,47000,902.561
2024-08-21 15:16:05,BTCUSDT,bid,47000,902.554
2024-08-21 16:16:07,BTCUSDT,bid,47000,902.979
2024-08-21 16:24:40,BTCUSDT,bid,47300,807.042
2024-08-21 16:35:07,BTCUSDT,bid,47300,807.039
2024-08-21 16:37:26,BTCUSDT,bid,47000,903.009
2024-08-21 16:57:15,BTCUSDT,bid,47000,902.979
2024-08-21 17:31:50,BTCUSDT,bid,47000,887.065
2024-08-21 17:32:58,BTCUSDT,bid,47000,902.979
2024-08-21 17:39:01,BTCUSDT,bid,47000,903.025
2024-08-21 17:41:23,BTCUSDT,bid,47300,806.039
2024-08-21 18:10:21,BTCUSDT,bid,47000,901.025
2024-08-21 18:10:31,BTCUSDT,bid,47300,804.039
2024-08-21 18:47:27,BTCUSDT,bid,47000,901.007
2024-08-21 19:23:42,BTCUSDT,bid,47000,900.537
2024-08-21 19:24:37,BTCUSDT,bid,47000,901.125
2024-08-21 19:36:07,BTCUSDT,bid,47000,901.082
2024-08-21 20:45:33,BTCUSDT,bid,47000,901.085
2024-08-21 20:51:06,BTCUSDT,bid,47000,901.096
2024-08-21 20:57:45,BTCUSDT,bid,47000,901.093
2024-08-21 21:03:58,BTCUSDT,bid,47000,901.075
2024-08-21 21:04:54,BTCUSDT,bid,47000,901.064
2024-08-21 21:07:08,BTCUSDT,bid,47000,900.966
2024-08-21 21:12:19,BTCUSDT,bid,47000,900.983
2024-08-21 21:12:22,BTCUSDT,bid,47000,901.233
2024-08-21 21:13:25,BTCUSDT,bid,47000,901.25
2024-08-21 21:14:58,BTCUSDT,bid,47000,901.233
2024-08-21 21:15:12,BTCUSDT,bid,47000,901.216
2024-08-21 21:15:58,BTCUSDT,bid,47000,900.628
2024-08-21 21:40:20,BTCUSDT,bid,47000,900.631
2024-08-21 21:49:58,BTCUSDT,bid,47000,900.642
2024-08-21 21:50:55,BTCUSDT,bid,47000,900.238
2024-08-21 21:51:41,BTCUSDT,bid,47000,900.235
2024-08-21 21:52:31,BTCUSDT,bid,47000,901.223
2024-08-21 21:53:39,BTCUSDT,bid,47300,804.009
2024-08-21 21:53:40,BTCUSDT,bid,47000,901.193
2024-08-21 22:09:20,BTCUSDT,bid,47000,901.217
2024-08-21 22:11:52,BTCUSDT,bid,47000,901.285
2024-08-21 22:24:00,BTCUSDT,bid,58200,648.398
2024-08-21 22:24:01,BTCUSDT,bid,58200,648.495
2024-08-21 22:24:01,BTCUSDT,bid,58200,648.896
2024-08-21 22:24:01,BTCUSDT,bid,58200,649.863
2024-08-21 22:24:01,BTCUSDT,bid,58200,650.476
2024-08-21 22:24:02,BTCUSDT,bid,58200,650.481
2024-08-21 22:24:02,BTCUSDT,bid,58200,650.523
2024-08-21 22:41:31,BTCUSDT,bid,47000,901.292
2024-08-21 22:47:35,BTCUSDT,bid,47300,804.119
2024-08-21 23:11:43,BTCUSDT,bid,47000,901.224
2024-08-21 23:20:59,BTCUSDT,bid,47000,905.224
2024-08-21 23:51:12,BTCUSDT,bid,47000,905.227
2024-08-22 00:03:11,BTCUSDT,bid,47000,905.23
2024-08-22 00:06:48,BTCUSDT,bid,47000,905.227
2024-08-22 00:10:40,BTCUSDT,bid,47000,905.206
2024-08-22 00:21:21,BTCUSDT,bid,47000,905.223
2024-08-22 00:48:13,BTCUSDT,bid,47000,905.24
2024-08-22 01:18:00,BTCUSDT,bid,47000,905.261
2024-08-22 01:19:53,BTCUSDT,bid,47000,905.278
2024-08-22 01:21:02,BTCUSDT,bid,47000,905.295
2024-08-22 01:29:00,BTCUSDT,bid,47000,905.242
2024-08-22 01:29:49,BTCUSDT,bid,47000,905.259
2024-08-22 01:32:06,BTCUSDT,bid,47000,905.242
2024-08-22 01:32:06,BTCUSDT,bid,47000,905.225
2024-08-22 01:36:10,BTCUSDT,bid,47000,889.311
2024-08-22 01:49:09,BTCUSDT,bid,47000,889.287
2024-08-22 02:09:27,BTCUSDT,bid,47000,889.117
2024-08-22 02:23:44,BTCUSDT,bid,47000,889.12
2024-08-22 02:23:44,BTCUSDT,bid,47300,804.122
2024-08-22 02:35:25,BTCUSDT,bid,47000,888.87
2024-08-22 02:46:36,BTCUSDT,bid,47000,888.908
2024-08-22 02:54:55,BTCUSDT,bid,47000,888.887
2024-08-22 03:11:42,BTCUSDT,bid,47300,804.126
2024-08-22 03:12:13,BTCUSDT,bid,47300,804.122
2024-08-22 03:51:59,BTCUSDT,bid,47000,889.004
2024-08-22 04:10:33,BTCUSDT,bid,47000,889.007
2024-08-21 07:00:50,BTCUSD_PERP,bid,58500,577.54
2024-08-21 07:00:53,BTCUSD_PERP,bid,58500,634.63
2024-08-21 07:00:53,BTCUSD_PERP,bid,58500,692.59
2024-08-21 07:01:52,BTCUSD_PERP,bid,58500,519.3
2024-08-21 07:03:36,BTCUSD_PERP,bid,58600,642.06
2024-08-21 07:03:36,BTCUSD_PERP,bid,58600,700.12
2024-08-21 07:03:36,BTCUSD_PERP,bid,58600,816.24
2024-08-21 07:03:36,BTCUSD_PERP,bid,58600,931.77
2024-08-21 07:04:40,BTCUSD_PERP,bid,58600,873.71
2024-08-21 07:04:40,BTCUSD_PERP,bid,58600,808.79
2024-08-21 07:04:40,BTCUSD_PERP,bid,58600,924.85
2024-08-21 07:04:40,BTCUSD_PERP,bid,58600,982.88
2024-08-21 07:04:56,BTCUSD_PERP,bid,58600,519.82
2024-08-21 07:04:56,BTCUSD_PERP,bid,58500,982.36
2024-08-21 07:04:56,BTCUSD_PERP,bid,58500,1040.36
2024-08-21 07:05:01,BTCUSD_PERP,bid,58500,1097.77
2024-08-21 07:05:22,BTCUSD_PERP,bid,58500,693.54
2024-08-21 07:05:23,BTCUSD_PERP,bid,58500,520.72
2024-08-21 07:05:24,BTCUSD_PERP,bid,58600,578.48
2024-08-21 07:07:14,BTCUSD_PERP,bid,58600,520.17
2024-08-21 07:07:15,BTCUSD_PERP,bid,58600,578.24
2024-08-21 07:07:15,BTCUSD_PERP,bid,58600,636.31
2024-08-21 07:07:15,BTCUSD_PERP,bid,58600,694.38
2024-08-21 07:07:16,BTCUSD_PERP,bid,58600,752.45
2024-08-21 07:07:16,BTCUSD_PERP,bid,58600,867.99
2024-08-21 07:07:16,BTCUSD_PERP,bid,58600,926.06
2024-08-21 07:07:16,BTCUSD_PERP,bid,58600,983.54
2024-08-21 07:07:41,BTCUSD_PERP,bid,44000,1127.3
2024-08-21 07:10:33,BTCUSD_PERP,bid,58600,810.52
2024-08-21 07:10:33,BTCUSD_PERP,bid,58600,694.38
2024-08-21 07:10:34,BTCUSD_PERP,bid,58600,520.86
2024-08-21 07:10:34,BTCUSD_PERP,bid,58600,521.02
2024-08-21 07:10:34,BTCUSD_PERP,bid,58600,636.63
2024-08-21 07:10:34,BTCUSD_PERP,bid,58600,694.73
2024-08-21 07:10:34,BTCUSD_PERP,bid,58600,752.83
2024-08-21 07:10:34,BTCUSD_PERP,bid,58600,810.34
2024-08-21 07:10:34,BTCUSD_PERP,bid,58600,867.85
2024-08-21 07:10:35,BTCUSD_PERP,bid,58600,925.95
2024-08-21 07:10:35,BTCUSD_PERP,bid,58600,984.05
2024-08-21 07:11:02,BTCUSD_PERP,bid,58600,925.95
2024-08-21 07:11:02,BTCUSD_PERP,bid,58600,810.34
2024-08-21 07:11:51,BTCUSD_PERP,bid,58600,519.78
2024-08-21 07:11:51,BTCUSD_PERP,bid,58600,577.27
2024-08-21 07:12:01,BTCUSD_PERP,bid,58600,519.19
2024-08-21 07:12:02,BTCUSD_PERP,bid,58600,519.52
2024-08-21 07:12:02,BTCUSD_PERP,bid,58600,576.98
2024-08-21 07:12:57,BTCUSD_PERP,bid,58600,576.96
2024-08-21 07:15:26,BTCUSD_PERP,bid,58600,518.91
2024-08-21 07:15:38,BTCUSD_PERP,bid,58700,521.9
2024-08-21 07:15:38,BTCUSD_PERP,bid,58700,694.52
2024-08-21 07:15:38,BTCUSD_PERP,bid,58700,868.32
2024-08-21 07:15:38,BTCUSD_PERP,bid,58600,565.2
2024-08-21 07:15:38,BTCUSD_PERP,bid,58700,1042.13
2024-08-21 07:15:39,BTCUSD_PERP,bid,58700,1157.8
2024-08-21 07:15:39,BTCUSD_PERP,bid,58600,575.07
2024-08-21 07:15:44,BTCUSD_PERP,bid,58700,1042.13
2024-08-21 07:15:44,BTCUSD_PERP,bid,58700,984.0
2024-08-21 07:15:45,BTCUSD_PERP,bid,58700,868.33
2024-08-21 07:15:45,BTCUSD_PERP,bid,58700,810.79
2024-08-21 07:15:45,BTCUSD_PERP,bid,58700,580.04
2024-08-21 07:15:45,BTCUSD_PERP,bid,58700,543.83
2024-08-21 07:15:45,BTCUSD_PERP,bid,58700,521.91
2024-08-21 07:15:45,BTCUSD_PERP,bid,58700,602.01
2024-08-21 07:15:45,BTCUSD_PERP,bid,58700,775.96
2024-08-21 07:15:45,BTCUSD_PERP,bid,58700,834.14
2024-08-21 07:15:45,BTCUSD_PERP,bid,58700,892.32
2024-08-21 07:15:45,BTCUSD_PERP,bid,58700,894.41
2024-08-21 07:15:45,BTCUSD_PERP,bid,58700,952.59
2024-08-21 07:15:46,BTCUSD_PERP,bid,58700,1010.18
2024-08-21 07:15:46,BTCUSD_PERP,bid,58700,1126.45
2024-08-21 07:15:46,BTCUSD_PERP,bid,58700,1184.63
2024-08-21 07:15:47,BTCUSD_PERP,bid,58700,1184.67
2024-08-21 07:15:49,BTCUSD_PERP,bid,58700,1184.71
2024-08-21 07:15:53,BTCUSD_PERP,bid,58700,1127.12
2024-08-21 07:15:53,BTCUSD_PERP,bid,58700,1069.53
2024-08-21 07:15:53,BTCUSD_PERP,bid,58700,868.61
2024-08-21 07:15:53,BTCUSD_PERP,bid,58700,1042.47
2024-08-21 07:15:53,BTCUSD_PERP,bid,58700,1100.62
2024-08-21 07:15:55,BTCUSD_PERP,bid,58700,1158.18
2024-08-21 07:16:14,BTCUSD_PERP,bid,58700,1100.62
2024-08-21 07:16:14,BTCUSD_PERP,bid,58700,984.32
2024-08-21 07:16:14,BTCUSD_PERP,bid,58700,926.76
2024-08-21 07:16:14,BTCUSD_PERP,bid,58700,869.2
2024-08-21 07:16:15,BTCUSD_PERP,bid,58700,811.05
2024-08-21 07:16:15,BTCUSD_PERP,bid,58700,752.9
2024-08-21 07:16:15,BTCUSD_PERP,bid,58700,521.22
2024-08-21 07:16:15,BTCUSD_PERP,bid,58700,578.8
2024-08-21 07:16:15,BTCUSD_PERP,bid,58700,636.38
2024-08-21 07:16:16,BTCUSD_PERP,bid,58700,810.92
2024-08-21 07:16:16,BTCUSD_PERP,bid,58700,869.0
2024-08-21 07:16:16,BTCUSD_PERP,bid,58700,927.18
2024-08-21 07:16:45,BTCUSD_PERP,bid,58700,579.05
2024-08-21 07:16:45,BTCUSD_PERP,bid,58700,1042.48
2024-08-21 07:16:45,BTCUSD_PERP,bid,58700,1100.63
2024-08-21 07:16:46,BTCUSD_PERP,bid,58700,1158.19
2024-08-21 07:18:35,BTCUSD_PERP,bid,44000,1127.21
2024-08-21 07:21:52,BTCUSD_PERP,bid,58700,1041.89
2024-08-21 07:21:52,BTCUSD_PERP,bid,58700,926.18
2024-08-21 07:21:52,BTCUSD_PERP,bid,58700,809.88
2024-08-21 07:21:53,BTCUSD_PERP,bid,58700,751.73
2024-08-21 07:21:53,BTCUSD_PERP,bid,58700,694.17
2024-08-21 07:21:53,BTCUSD_PERP,bid,58700,579.05
2024-08-21 07:21:53,BTCUSD_PERP,bid,58700,520.99
2024-08-21 07:21:53,BTCUSD_PERP,bid,58700,579.4
2024-08-21 07:21:53,BTCUSD_PERP,bid,58700,637.59
2024-08-21 07:21:54,BTCUSD_PERP,bid,58700,753.97
2024-08-21 07:21:54,BTCUSD_PERP,bid,58700,811.56
2024-08-21 07:21:54,BTCUSD_PERP,bid,58700,869.16
2024-08-21 07:22:58,BTCUSD_PERP,bid,58700,811.56
2024-08-21 07:22:58,BTCUSD_PERP,bid,58700,695.42
2024-08-21 07:22:59,BTCUSD_PERP,bid,58700,753.58
2024-08-21 07:25:08,BTCUSD_PERP,bid,58700,694.99
2024-08-21 07:25:08,BTCUSD_PERP,bid,58700,753.11
2024-08-21 07:27:45,BTCUSD_PERP,bid,58700,638.05
2024-08-21 07:27:45,BTCUSD_PERP,bid,58700,579.93
2024-08-21 07:27:45,BTCUSD_PERP,bid,58600,867.14
2024-08-21 07:27:46,BTCUSD_PERP,bid,58600,925.23
2024-08-21 07:28:17,BTCUSD_PERP,bid,58600,867.73
2024-08-21 07:28:21,BTCUSD_PERP,bid,58600,521.04
2024-08-21 07:28:21,BTCUSD_PERP,bid,58700,1041.36
2024-08-21 07:28:21,BTCUSD_PERP,bid,58700,1099.48
2024-08-21 07:29:05,BTCUSD_PERP,bid,58700,578.25
2024-08-21 07:29:05,BTCUSD_PERP,bid,58600,983.32
2024-08-21 07:29:05,BTCUSD_PERP,bid,58600,1041.41
2024-08-21 07:32:28,BTCUSD_PERP,bid,58600,877.05
2024-08-21 07:32:28,BTCUSD_PERP,bid,58600,935.11
2024-08-21 07:32:33,BTCUSD_PERP,bid,58600,877.63
2024-08-21 07:32:33,BTCUSD_PERP,bid,58600,820.16
2024-08-21 07:32:34,BTCUSD_PERP,bid,58600,693.33
2024-08-21 07:32:34,BTCUSD_PERP,bid,58600,924.86
2024-08-21 07:32:34,BTCUSD_PERP,bid,58600,982.89
2024-08-21 07:33:05,BTCUSD_PERP,bid,58600,867.42
2024-08-21 07:33:05,BTCUSD_PERP,bid,58500,751.56
2024-08-21 07:33:05,BTCUSD_PERP,bid,58500,924.38
2024-08-21 07:33:06,BTCUSD_PERP,bid,58500,982.38
2024-08-21 07:33:25,BTCUSD_PERP,bid,58500,924.47
2024-08-21 07:33:26,BTCUSD_PERP,bid,58500,808.47
2024-08-21 07:33:26,BTCUSD_PERP,bid,58500,520.83
2024-08-21 07:33:26,BTCUSD_PERP,bid,58500,692.6
2024-08-21 07:33:42,BTCUSD_PERP,bid,58500,644.06
2024-08-21 07:34:49,BTCUSD_PERP,bid,58500,586.12
2024-08-21 07:34:50,BTCUSD_PERP,bid,58500,528.77
2024-08-21 07:34:51,BTCUSD_PERP,bid,58500,519.3
2024-08-21 07:34:51,BTCUSD_PERP,bid,58500,576.68
2024-08-21 07:34:52,BTCUSD_PERP,bid,58500,634.65
2024-08-21 07:36:23,BTCUSD_PERP,bid,58500,530.07
2024-08-21 07:36:23,BTCUSD_PERP,bid,58500,587.48
2024-08-21 07:36:23,BTCUSD_PERP,bid,58500,644.89
2024-08-21 07:36:32,BTCUSD_PERP,bid,58500,646.11
2024-08-21 07:38:32,BTCUSD_PERP,bid,58500,644.89
2024-08-21 07:40:01,BTCUSD_PERP,bid,58500,529.47
2024-08-21 07:40:02,BTCUSD_PERP,bid,58500,518.84
2024-08-21 07:40:02,BTCUSD_PERP,bid,58500,634.7
2024-08-21 07:40:02,BTCUSD_PERP,bid,58500,692.68
2024-08-21 07:40:03,BTCUSD_PERP,bid,58500,750.66
2024-08-21 07:40:03,BTCUSD_PERP,bid,58500,924.0
2024-08-21 07:40:03,BTCUSD_PERP,bid,58500,981.98
2024-08-21 07:40:03,BTCUSD_PERP,bid,58500,984.08
2024-08-21 07:40:03,BTCUSD_PERP,bid,58500,998.11
2024-08-21 07:41:00,BTCUSD_PERP,bid,58500,981.98
2024-08-21 07:41:11,BTCUSD_PERP,bid,58500,635.06
2024-08-21 07:41:11,BTCUSD_PERP,bid,58500,693.01
2024-08-21 07:41:48,BTCUSD_PERP,bid,58500,635.06
2024-08-21 07:41:49,BTCUSD_PERP,bid,58500,519.76
2024-08-21 07:41:49,BTCUSD_PERP,bid,58500,634.8
2024-08-21 07:41:49,BTCUSD_PERP,bid,58500,692.68
2024-08-21 07:41:50,BTCUSD_PERP,bid,58500,750.66
2024-08-21 07:41:50,BTCUSD_PERP,bid,58500,808.64
2024-08-21 07:41:57,BTCUSD_PERP,bid,58500,750.66
2024-08-21 07:41:57,BTCUSD_PERP,bid,58500,635.28
2024-08-21 07:41:58,BTCUSD_PERP,bid,58500,519.92
2024-08-21 07:41:58,BTCUSD_PERP,bid,58600,519.08
2024-08-21 07:41:59,BTCUSD_PERP,bid,58600,577.09
2024-08-21 07:41:59,BTCUSD_PERP,bid,58600,635.1
2024-08-21 07:41:59,BTCUSD_PERP,bid,58600,692.52
2024-08-21 07:41:59,BTCUSD_PERP,bid,58600,750.53
2024-08-21 07:42:00,BTCUSD_PERP,bid,58600,866.55
2024-08-21 07:43:02,BTCUSD_PERP,bid,58600,751.11
2024-08-21 07:43:03,BTCUSD_PERP,bid,58600,693.19
2024-08-21 07:43:03,BTCUSD_PERP,bid,58600,635.18
2024-08-21 07:43:03,BTCUSD_PERP,bid,58600,577.75
2024-08-21 07:43:03,BTCUSD_PERP,bid,58600,519.74
2024-08-21 07:43:03,BTCUSD_PERP,bid,58600,578.62
2024-08-21 07:43:04,BTCUSD_PERP,bid,58600,636.67
2024-08-21 07:43:04,BTCUSD_PERP,bid,58600,694.13
2024-08-21 07:43:04,BTCUSD_PERP,bid,58600,751.59
2024-08-21 07:43:05,BTCUSD_PERP,bid,58600,752.81
2024-08-21 07:44:32,BTCUSD_PERP,bid,58600,695.35
2024-08-21 07:44:32,BTCUSD_PERP,bid,58600,637.89
2024-08-21 07:44:33,BTCUSD_PERP,bid,58600,577.84
2024-08-21 07:44:33,BTCUSD_PERP,bid,58600,635.27
2024-08-21 07:44:33,BTCUSD_PERP,bid,58600,693.29
2024-08-21 07:45:37,BTCUSD_PERP,bid,58600,635.86
2024-08-21 07:45:40,BTCUSD_PERP,bid,58600,578.04
2024-08-21 07:45:40,BTCUSD_PERP,bid,58600,693.54
2024-08-21 07:45:41,BTCUSD_PERP,bid,58600,751.59
2024-08-21 07:46:59,BTCUSD_PERP,bid,58600,694.13
2024-08-21 07:47:00,BTCUSD_PERP,bid,58600,593.55
2024-08-21 07:47:00,BTCUSD_PERP,bid,58600,651.03
2024-08-21 07:47:01,BTCUSD_PERP,bid,58600,708.51
2024-08-21 07:47:01,BTCUSD_PERP,bid,58600,710.61
2024-08-21 07:47:01,BTCUSD_PERP,bid,58600,768.09
2024-08-21 07:47:02,BTCUSD_PERP,bid,58600,765.99
2024-08-21 07:47:03,BTCUSD_PERP,bid,58600,751.94
2024-08-21 07:48:48,BTCUSD_PERP,bid,58600,694.46
2024-08-21 07:48:48,BTCUSD_PERP,bid,58600,520.82
2024-08-21 07:48:49,BTCUSD_PERP,bid,58700,521.18
2024-08-21 07:48:50,BTCUSD_PERP,bid,58700,578.7
2024-08-21 07:49:04,BTCUSD_PERP,bid,47300,2366.65
2024-08-21 07:49:51,BTCUSD_PERP,bid,58600,520.84
2024-08-21 07:49:51,BTCUSD_PERP,bid,58600,578.32
2024-08-21 07:51:27,BTCUSD_PERP,bid,58600,534.35
2024-08-21 07:51:29,BTCUSD_PERP,bid,58600,591.78
2024-08-21 07:52:29,BTCUSD_PERP,bid,58500,519.98
2024-08-21 07:52:30,BTCUSD_PERP,bid,58500,577.38
2024-08-21 07:55:29,BTCUSD_PERP,bid,58500,579.48
2024-08-21 07:55:29,BTCUSD_PERP,bid,58500,593.51
2024-08-21 07:56:18,BTCUSD_PERP,bid,58500,634.42
2024-08-21 07:56:18,BTCUSD_PERP,bid,58500,750.32
2024-08-21 07:56:18,BTCUSD_PERP,bid,58500,808.27
2024-08-21 07:57:16,BTCUSD_PERP,bid,58400,758.51
2024-08-21 07:57:16,BTCUSD_PERP,bid,58400,816.38
2024-08-21 07:57:26,BTCUSD_PERP,bid,58400,827.79
2024-08-21 07:57:46,BTCUSD_PERP,bid,58400,816.38
2024-08-21 07:59:13,BTCUSD_PERP,bid,58400,818.47
2024-08-21 07:59:15,BTCUSD_PERP,bid,58400,832.48
2024-08-21 07:59:57,BTCUSD_PERP,bid,58400,601.59
2024-08-21 07:59:58,BTCUSD_PERP,bid,58400,633.28
2024-08-21 07:59:58,BTCUSD_PERP,bid,58400,691.18
2024-08-21 07:59:58,BTCUSD_PERP,bid,58400,806.98
2024-08-21 07:59:58,BTCUSD_PERP,bid,58400,864.88
2024-08-21 08:00:52,BTCUSD_PERP,bid,58400,807.57
2024-08-21 08:00:53,BTCUSD_PERP,bid,58400,749.67
2024-08-21 08:00:53,BTCUSD_PERP,bid,58400,633.87
2024-08-21 08:00:53,BTCUSD_PERP,bid,58400,576.56
2024-08-21 08:00:53,BTCUSD_PERP,bid,58400,519.25
2024-08-21 08:00:53,BTCUSD_PERP,bid,58500,645.24
2024-08-21 08:00:53,BTCUSD_PERP,bid,58500,702.59
2024-08-21 08:00:53,BTCUSD_PERP,bid,58500,818.47
2024-08-21 08:00:53,BTCUSD_PERP,bid,58500,876.41
2024-08-21 08:00:54,BTCUSD_PERP,bid,58500,933.76
2024-08-21 08:00:54,BTCUSD_PERP,bid,58500,991.7
2024-08-21 08:00:56,BTCUSD_PERP,bid,58500,992.92
2024-08-21 08:01:17,BTCUSD_PERP,bid,58500,877.04
2024-08-21 08:01:17,BTCUSD_PERP,bid,58500,819.69
2024-08-21 08:01:18,BTCUSD_PERP,bid,58500,761.75
2024-08-21 08:01:18,BTCUSD_PERP,bid,58500,703.81
2024-08-21 08:01:18,BTCUSD_PERP,bid,58500,645.87
2024-08-21 08:01:19,BTCUSD_PERP,bid,58500,587.93
2024-08-21 08:01:19,BTCUSD_PERP,bid,58500,520.01
2024-08-21 08:01:19,BTCUSD_PERP,bid,58500,577.92
2024-08-21 08:01:19,BTCUSD_PERP,bid,58500,635.83
2024-08-21 08:01:19,BTCUSD_PERP,bid,58500,751.56
2024-08-21 08:01:19,BTCUSD_PERP,bid,58500,866.79
2024-08-21 08:01:19,BTCUSD_PERP,bid,58500,981.43
2024-08-21 08:01:35,BTCUSD_PERP,bid,58500,635.24
2024-08-21 08:01:35,BTCUSD_PERP,bid,58400,923.03
2024-08-21 08:01:35,BTCUSD_PERP,bid,58400,980.91
2024-08-21 08:02:10,BTCUSD_PERP,bid,58400,519.64
2024-08-21 08:02:10,BTCUSD_PERP,bid,58400,922.13
2024-08-21 08:02:11,BTCUSD_PERP,bid,58400,979.98
2024-08-21 08:02:31,BTCUSD_PERP,bid,58400,922.13
2024-08-21 08:02:31,BTCUSD_PERP,bid,58400,864.28
2024-08-21 08:02:31,BTCUSD_PERP,bid,58400,691.91
2024-08-21 08:02:31,BTCUSD_PERP,bid,58400,634.16
2024-08-21 08:02:32,BTCUSD_PERP,bid,58400,576.31
2024-08-21 08:02:32,BTCUSD_PERP,bid,58400,518.46
2024-08-21 08:02:32,BTCUSD_PERP,bid,58400,576.99
2024-08-21 08:02:32,BTCUSD_PERP,bid,58400,692.16
2024-08-21 08:02:33,BTCUSD_PERP,bid,58400,749.45
2024-08-21 08:02:33,BTCUSD_PERP,bid,58400,807.33
2024-08-21 08:02:33,BTCUSD_PERP,bid,58400,865.21
2024-08-21 08:02:33,BTCUSD_PERP,bid,58400,922.5
2024-08-21 08:02:33,BTCUSD_PERP,bid,58400,980.38
2024-08-21 08:02:57,BTCUSD_PERP,bid,58400,922.5
2024-08-21 08:02:57,BTCUSD_PERP,bid,58400,807.33
2024-08-21 08:02:57,BTCUSD_PERP,bid,58400,691.67
2024-08-21 08:02:58,BTCUSD_PERP,bid,58400,633.79
2024-08-21 08:02:58,BTCUSD_PERP,bid,58400,518.62
2024-08-21 08:02:58,BTCUSD_PERP,bid,58500,519.32
2024-08-21 08:03:46,BTCUSD_PERP,bid,58400,519.05
2024-08-21 08:05:37,BTCUSD_PERP,bid,58500,520.05
2024-08-21 08:05:37,BTCUSD_PERP,bid,58500,577.44
2024-08-21 08:05:47,BTCUSD_PERP,bid,58500,519.46
2024-08-21 08:05:49,BTCUSD_PERP,bid,58600,530.08
2024-08-21 08:05:49,BTCUSD_PERP,bid,58600,587.51
2024-08-21 08:07:14,BTCUSD_PERP,bid,58500,518.87
2024-08-21 08:07:14,BTCUSD_PERP,bid,58500,634.83
2024-08-21 08:07:14,BTCUSD_PERP,bid,58500,692.81
2024-08-21 08:08:00,BTCUSD_PERP,bid,58500,576.85
2024-08-21 08:08:00,BTCUSD_PERP,bid,58500,576.55
2024-08-21 08:08:00,BTCUSD_PERP,bid,58500,634.5
2024-08-21 08:08:14,BTCUSD_PERP,bid,58500,635.66
2024-08-21 08:09:44,BTCUSD_PERP,bid,58500,634.5
2024-08-21 08:11:21,BTCUSD_PERP,bid,58500,576.25
2024-08-21 08:11:21,BTCUSD_PERP,bid,58500,634.17
2024-08-21 08:11:57,BTCUSD_PERP,bid,58500,518.92
2024-08-21 08:11:58,BTCUSD_PERP,bid,58500,519.68
2024-08-21 08:11:58,BTCUSD_PERP,bid,58500,634.99
2024-08-21 08:11:58,BTCUSD_PERP,bid,58500,692.35
2024-08-21 08:11:58,BTCUSD_PERP,bid,58500,750.3
2024-08-21 08:11:58,BTCUSD_PERP,bid,58500,807.66
2024-08-21 08:13:25,BTCUSD_PERP,bid,58500,750.3
2024-08-21 08:13:26,BTCUSD_PERP,bid,58500,692.71
2024-08-21 08:13:26,BTCUSD_PERP,bid,58500,750.69
2024-08-21 08:15:22,BTCUSD_PERP,bid,58500,693.3
2024-08-21 08:15:22,BTCUSD_PERP,bid,58500,635.91
2024-08-21 08:15:23,BTCUSD_PERP,bid,58500,635.57
2024-08-21 08:15:23,BTCUSD_PERP,bid,58500,693.52
2024-08-21 08:16:09,BTCUSD_PERP,bid,58500,635.67
2024-08-21 08:16:09,BTCUSD_PERP,bid,58500,577.72
2024-08-21 08:16:09,BTCUSD_PERP,bid,58500,519.77
2024-08-21 08:18:05,BTCUSD_PERP,bid,58500,519.96
2024-08-21 08:20:05,BTCUSD_PERP,bid,58500,519.69
2024-08-21 08:21:16,BTCUSD_PERP,bid,58400,533.97
2024-08-21 08:21:16,BTCUSD_PERP,bid,58400,650.25
2024-08-21 08:21:16,BTCUSD_PERP,bid,58400,708.08
2024-08-21 08:21:39,BTCUSD_PERP,bid,58300,576.49
2024-08-21 08:21:40,BTCUSD_PERP,bid,58300,634.22
2024-08-21 08:21:40,BTCUSD_PERP,bid,58300,749.09
2024-08-21 08:21:40,BTCUSD_PERP,bid,58300,806.23
2024-08-21 08:21:40,BTCUSD_PERP,bid,58300,863.96
2024-08-21 08:21:51,BTCUSD_PERP,bid,58300,518.76
2024-08-21 08:21:51,BTCUSD_PERP,bid,58300,689.62
2024-08-21 08:21:51,BTCUSD_PERP,bid,58300,805.14
2024-08-21 08:21:51,BTCUSD_PERP,bid,58300,862.32
2024-08-21 08:21:51,BTCUSD_PERP,bid,58300,920.08
2024-08-21 08:21:51,BTCUSD_PERP,bid,58300,977.84
2024-08-21 08:21:52,BTCUSD_PERP,bid,58300,1035.51
2024-08-21 08:21:52,BTCUSD_PERP,bid,58300,1093.27
2024-08-21 08:22:05,BTCUSD_PERP,bid,58300,1035.51
2024-08-21 08:22:05,BTCUSD_PERP,bid,58300,862.36
2024-08-21 08:22:05,BTCUSD_PERP,bid,58300,920.09
2024-08-21 08:22:13,BTCUSD_PERP,bid,58300,517.99
2024-08-21 08:22:13,BTCUSD_PERP,bid,58300,748.45
2024-08-21 08:22:13,BTCUSD_PERP,bid,58300,806.21
2024-08-21 08:22:13,BTCUSD_PERP,bid,58300,978.91
2024-08-21 08:22:13,BTCUSD_PERP,bid,58300,1036.09
2024-08-21 08:22:13,BTCUSD_PERP,bid,58300,1093.27
2024-08-21 08:22:17,BTCUSD_PERP,bid,58300,862.81
2024-08-21 08:22:21,BTCUSD_PERP,bid,58300,805.64
2024-08-21 08:22:21,BTCUSD_PERP,bid,58300,747.88
2024-08-21 08:22:21,BTCUSD_PERP,bid,58300,690.12
2024-08-21 08:22:22,BTCUSD_PERP,bid,58300,632.36
2024-08-21 08:22:22,BTCUSD_PERP,bid,58300,574.69
2024-08-21 08:22:23,BTCUSD_PERP,bid,58300,575.05
2024-08-21 08:22:55,BTCUSD_PERP,bid,58300,517.25
2024-08-21 08:24:10,BTCUSD_PERP,bid,58400,575.94
2024-08-21 08:25:28,BTCUSD_PERP,bid,58400,518.11
2024-08-21 08:25:29,BTCUSD_PERP,bid,58300,518.43
2024-08-21 08:25:29,BTCUSD_PERP,bid,58300,690.65
2024-08-21 08:25:49,BTCUSD_PERP,bid,58300,633.44
2024-08-21 08:25:49,BTCUSD_PERP,bid,58300,575.64
2024-08-21 08:25:49,BTCUSD_PERP,bid,58300,517.84
2024-08-21 08:25:51,BTCUSD_PERP,bid,58400,517.51
2024-08-21 08:25:51,BTCUSD_PERP,bid,58400,575.35
2024-08-21 08:25:51,BTCUSD_PERP,bid,58400,633.19
2024-08-21 08:25:57,BTCUSD_PERP,bid,58400,575.94
2024-08-21 08:25:58,BTCUSD_PERP,bid,58400,517.89
2024-08-21 08:25:58,BTCUSD_PERP,bid,58400,575.76
2024-08-21 08:25:59,BTCUSD_PERP,bid,58400,691.4
2024-08-21 08:26:06,BTCUSD_PERP,bid,58400,633.2
2024-08-21 08:26:06,BTCUSD_PERP,bid,58400,691.04
2024-08-21 08:26:40,BTCUSD_PERP,bid,58400,518.11
2024-08-21 08:26:42,BTCUSD_PERP,bid,58400,518.98
2024-08-21 08:26:42,BTCUSD_PERP,bid,58400,691.41
2024-08-21 08:27:55,BTCUSD_PERP,bid,58400,633.54
2024-08-21 08:27:55,BTCUSD_PERP,bid,58400,575.67
2024-08-21 08:27:55,BTCUSD_PERP,bid,58400,517.89
2024-08-21 08:27:55,BTCUSD_PERP,bid,58400,576.05
2024-08-21 08:27:56,BTCUSD_PERP,bid,58400,633.96
2024-08-21 08:28:35,BTCUSD_PERP,bid,58400,576.15
2024-08-21 08:28:35,BTCUSD_PERP,bid,58400,518.24
2024-08-21 08:28:36,BTCUSD_PERP,bid,58400,517.85
2024-08-21 08:28:36,BTCUSD_PERP,bid,58400,575.73
2024-08-21 08:28:36,BTCUSD_PERP,bid,58400,633.61
2024-08-21 08:29:11,BTCUSD_PERP,bid,58400,518.12
2024-08-21 08:29:11,BTCUSD_PERP,bid,58400,576.03
2024-08-21 08:29:11,BTCUSD_PERP,bid,58400,633.94
2024-08-21 08:31:09,BTCUSD_PERP,bid,58400,575.73
2024-08-21 08:31:09,BTCUSD_PERP,bid,58400,633.61
2024-08-21 08:32:02,BTCUSD_PERP,bid,58400,575.73
2024-08-21 08:32:02,BTCUSD_PERP,bid,58400,575.3
2024-08-21 08:32:03,BTCUSD_PERP,bid,58400,633.13
2024-08-21 08:33:11,BTCUSD_PERP,bid,58400,518.96
2024-08-21 08:33:11,BTCUSD_PERP,bid,58400,576.83
2024-08-21 08:33:11,BTCUSD_PERP,bid,58400,691.98
2024-08-21 08:33:11,BTCUSD_PERP,bid,58400,807.13
2024-08-21 08:33:11,BTCUSD_PERP,bid,58400,865.0
2024-08-21 08:33:11,BTCUSD_PERP,bid,58400,922.28
2024-08-21 08:33:12,BTCUSD_PERP,bid,58400,980.15
2024-08-21 08:33:48,BTCUSD_PERP,bid,58400,692.43
2024-08-21 08:33:48,BTCUSD_PERP,bid,58400,807.65
2024-08-21 08:33:48,BTCUSD_PERP,bid,58400,864.96
2024-08-21 08:33:48,BTCUSD_PERP,bid,58400,922.87
2024-08-21 08:33:55,BTCUSD_PERP,bid,58400,936.87
2024-08-21 08:33:56,BTCUSD_PERP,bid,58400,938.97
2024-08-21 08:34:59,BTCUSD_PERP,bid,58400,881.16
2024-08-21 08:34:59,BTCUSD_PERP,bid,58400,823.25
2024-08-21 08:34:59,BTCUSD_PERP,bid,58400,765.34
2024-08-21 08:35:00,BTCUSD_PERP,bid,58400,650.12
2024-08-21 08:35:00,BTCUSD_PERP,bid,58400,592.8
2024-08-21 08:35:00,BTCUSD_PERP,bid,58400,576.94
2024-08-21 08:35:00,BTCUSD_PERP,bid,58400,692.09
2024-08-21 08:35:00,BTCUSD_PERP,bid,58400,749.37
2024-08-21 08:35:01,BTCUSD_PERP,bid,58400,865.11
2024-08-21 08:35:01,BTCUSD_PERP,bid,58400,922.39
2024-08-21 08:35:55,BTCUSD_PERP,bid,58400,864.07
2024-08-21 08:35:55,BTCUSD_PERP,bid,58400,921.91
2024-08-21 08:37:01,BTCUSD_PERP,bid,58400,865.24
2024-08-21 08:37:01,BTCUSD_PERP,bid,58400,923.12
2024-08-21 08:37:32,BTCUSD_PERP,bid,58400,807.36
2024-08-21 08:37:32,BTCUSD_PERP,bid,58400,750.07
2024-08-21 08:37:32,BTCUSD_PERP,bid,58400,635.5
2024-08-21 08:37:33,BTCUSD_PERP,bid,58400,577.62
2024-08-21 08:37:33,BTCUSD_PERP,bid,58400,519.74
2024-08-21 08:37:33,BTCUSD_PERP,bid,58400,576.63
2024-08-21 08:37:33,BTCUSD_PERP,bid,58400,691.86
2024-08-21 08:37:33,BTCUSD_PERP,bid,58400,749.18
2024-08-21 08:37:33,BTCUSD_PERP,bid,58400,563.45
2024-08-21 08:37:34,BTCUSD_PERP,bid,58400,806.5
2024-08-21 08:37:34,BTCUSD_PERP,bid,58400,864.41
2024-08-21 08:37:34,BTCUSD_PERP,bid,58400,1037.55
2024-08-21 08:37:34,BTCUSD_PERP,bid,58400,1095.46
2024-08-21 08:37:34,BTCUSD_PERP,bid,58400,1153.37
2024-08-21 08:39:54,BTCUSD_PERP,bid,58400,1096.05
2024-08-21 08:39:55,BTCUSD_PERP,bid,58400,750.47
2024-08-21 08:39:55,BTCUSD_PERP,bid,58400,692.56
2024-08-21 08:39:55,BTCUSD_PERP,bid,58400,635.24
2024-08-21 08:40:43,BTCUSD_PERP,bid,58400,576.12
2024-08-21 08:40:43,BTCUSD_PERP,bid,58400,634.03
2024-08-21 08:40:43,BTCUSD_PERP,bid,58400,691.94
2024-08-21 08:40:43,BTCUSD_PERP,bid,58400,749.85
2024-08-21 08:40:43,BTCUSD_PERP,bid,58400,865.08
2024-08-21 08:40:44,BTCUSD_PERP,bid,58400,922.39
2024-08-21 08:40:44,BTCUSD_PERP,bid,58400,1096.02
2024-08-21 08:40:44,BTCUSD_PERP,bid,58400,562.96
2024-08-21 08:40:44,BTCUSD_PERP,bid,58400,1153.33
2024-08-21 08:42:28,BTCUSD_PERP,bid,58400,1096.01
2024-08-21 08:42:30,BTCUSD_PERP,bid,58500,519.08
2024-08-21 08:42:30,BTCUSD_PERP,bid,58500,980.11
2024-08-21 08:42:30,BTCUSD_PERP,bid,58500,1038.05
2024-08-21 08:42:30,BTCUSD_PERP,bid,58400,563.26
2024-08-21 08:43:18,BTCUSD_PERP,bid,58500,1039.61
2024-08-21 08:43:20,BTCUSD_PERP,bid,58500,924.32
2024-08-21 08:43:20,BTCUSD_PERP,bid,58500,866.48
2024-08-21 08:43:20,BTCUSD_PERP,bid,58500,751.78
2024-08-21 08:43:20,BTCUSD_PERP,bid,58500,635.9
2024-08-21 08:43:21,BTCUSD_PERP,bid,58500,521.22
2024-08-21 08:43:21,BTCUSD_PERP,bid,58500,519.25
2024-08-21 08:43:22,BTCUSD_PERP,bid,58500,519.34
2024-08-21 08:44:14,BTCUSD_PERP,bid,58500,576.97
2024-08-21 08:44:14,BTCUSD_PERP,bid,58500,692.38
2024-08-21 08:44:14,BTCUSD_PERP,bid,58500,807.79
2024-08-21 08:44:15,BTCUSD_PERP,bid,58500,865.79
2024-08-21 08:44:15,BTCUSD_PERP,bid,58500,923.2
2024-08-21 08:44:15,BTCUSD_PERP,bid,58500,981.2
2024-08-21 08:44:15,BTCUSD_PERP,bid,58500,1039.2
2024-08-21 08:44:15,BTCUSD_PERP,bid,58500,1155.2
2024-08-21 08:44:15,BTCUSD_PERP,bid,58500,520.38
2024-08-21 08:44:40,BTCUSD_PERP,bid,58500,1097.2
2024-08-21 08:44:40,BTCUSD_PERP,bid,58500,982.38
2024-08-21 08:44:40,BTCUSD_PERP,bid,58500,866.47
2024-08-21 08:44:40,BTCUSD_PERP,bid,58500,809.05
2024-08-21 08:44:40,BTCUSD_PERP,bid,58500,751.05
2024-08-21 08:44:40,BTCUSD_PERP,bid,58500,537.32
2024-08-21 08:44:40,BTCUSD_PERP,bid,58500,693.05
2024-08-21 08:44:40,BTCUSD_PERP,bid,58500,595.3
2024-08-21 08:44:40,BTCUSD_PERP,bid,58500,520.23
2024-08-21 08:44:40,BTCUSD_PERP,bid,58600,577.86
2024-08-21 08:44:40,BTCUSD_PERP,bid,58600,693.33
2024-08-21 08:44:40,BTCUSD_PERP,bid,58600,750.77
2024-08-21 08:44:40,BTCUSD_PERP,bid,58500,653.28
2024-08-21 08:44:41,BTCUSD_PERP,bid,58600,866.83
2024-08-21 08:44:41,BTCUSD_PERP,bid,58500,711.26
2024-08-21 08:44:41,BTCUSD_PERP,bid,58600,924.86
2024-08-21 08:44:41,BTCUSD_PERP,bid,58500,769.2
2024-08-21 08:44:41,BTCUSD_PERP,bid,58600,1040.92
2024-08-21 08:44:41,BTCUSD_PERP,bid,58600,1098.36
2024-08-21 08:44:41,BTCUSD_PERP,bid,58600,1155.8
2024-08-21 08:46:35,BTCUSD_PERP,bid,58600,1097.77
2024-08-21 08:46:35,BTCUSD_PERP,bid,58500,711.8
2024-08-21 08:46:35,BTCUSD_PERP,bid,58600,1039.83
2024-08-21 08:46:35,BTCUSD_PERP,bid,58600,924.36
2024-08-21 08:46:35,BTCUSD_PERP,bid,58600,866.33
2024-08-21 08:46:35,BTCUSD_PERP,bid,58600,635.38
2024-08-21 08:46:36,BTCUSD_PERP,bid,58500,596.27
2024-08-21 08:46:36,BTCUSD_PERP,bid,58600,520.69
2024-08-21 08:46:36,BTCUSD_PERP,bid,58600,577.35
2024-08-21 08:46:36,BTCUSD_PERP,bid,58600,519.91
2024-08-21 08:46:36,BTCUSD_PERP,bid,58600,578.75
2024-08-21 08:46:36,BTCUSD_PERP,bid,58600,694.28
2024-08-21 08:46:36,BTCUSD_PERP,bid,58600,751.75
2024-08-21 08:46:36,BTCUSD_PERP,bid,58600,809.81
2024-08-21 08:46:36,BTCUSD_PERP,bid,58600,925.34
2024-08-21 08:46:37,BTCUSD_PERP,bid,58600,982.81
2024-08-21 08:46:37,BTCUSD_PERP,bid,58600,1156.4
2024-08-21 08:46:37,BTCUSD_PERP,bid,58500,564.52
2024-08-21 08:55:04,BTCUSD_PERP,bid,58600,1098.34
2024-08-21 08:55:11,BTCUSD_PERP,bid,58600,1040.28
2024-08-21 08:55:15,BTCUSD_PERP,bid,58600,982.22
2024-08-21 08:58:10,BTCUSD_PERP,bid,58600,924.75
2024-08-21 08:58:10,BTCUSD_PERP,bid,58600,867.28
2024-08-21 08:58:10,BTCUSD_PERP,bid,58600,809.22
2024-08-21 08:58:10,BTCUSD_PERP,bid,58600,693.69
2024-08-21 08:58:10,BTCUSD_PERP,bid,58600,577.66
2024-08-21 08:58:11,BTCUSD_PERP,bid,58600,521.62
2024-08-21 08:58:11,BTCUSD_PERP,bid,58600,694.74
2024-08-21 08:58:11,BTCUSD_PERP,bid,58600,752.25
2024-08-21 08:58:11,BTCUSD_PERP,bid,58600,809.76
2024-08-21 08:58:12,BTCUSD_PERP,bid,58600,925.37
2024-08-21 08:58:50,BTCUSD_PERP,bid,58600,867.86
2024-08-21 08:58:51,BTCUSD_PERP,bid,58600,809.76
2024-08-21 08:58:51,BTCUSD_PERP,bid,58600,694.74
2024-08-21 08:58:51,BTCUSD_PERP,bid,58600,636.64
2024-08-21 08:58:51,BTCUSD_PERP,bid,58600,578.64
2024-08-21 08:58:51,BTCUSD_PERP,bid,58600,521.13
2024-08-21 08:58:51,BTCUSD_PERP,bid,58700,520.72
2024-08-21 08:58:52,BTCUSD_PERP,bid,58700,520.8
2024-08-21 08:59:14,BTCUSD_PERP,bid,58700,579.91
2024-08-21 08:59:14,BTCUSD_PERP,bid,58700,637.48
2024-08-21 08:59:14,BTCUSD_PERP,bid,58700,695.05
2024-08-21 09:00:02,BTCUSD_PERP,bid,58700,637.48
2024-08-21 09:00:02,BTCUSD_PERP,bid,58700,521.14
2024-08-21 09:00:02,BTCUSD_PERP,bid,58700,579.55
2024-08-21 09:00:03,BTCUSD_PERP,bid,58700,695.95
2024-08-21 09:00:03,BTCUSD_PERP,bid,58700,754.15
2024-08-21 09:00:03,BTCUSD_PERP,bid,58700,928.16
2024-08-21 09:00:03,BTCUSD_PERP,bid,58700,985.77
2024-08-21 09:00:03,BTCUSD_PERP,bid,58700,1043.38
2024-08-21 09:00:09,BTCUSD_PERP,bid,58700,869.37
2024-08-21 09:00:10,BTCUSD_PERP,bid,58700,811.76
2024-08-21 09:00:10,BTCUSD_PERP,bid,58700,868.91
2024-08-21 09:00:10,BTCUSD_PERP,bid,58700,927.08
2024-08-21 09:01:05,BTCUSD_PERP,bid,58700,578.65
2024-08-21 09:01:05,BTCUSD_PERP,bid,58700,580.23
2024-08-21 09:01:05,BTCUSD_PERP,bid,58700,638.43
2024-08-21 09:01:16,BTCUSD_PERP,bid,58700,522.03
2024-08-21 09:04:25,BTCUSD_PERP,bid,58700,533.0
2024-08-21 09:04:25,BTCUSD_PERP,bid,58700,648.22
2024-08-21 09:04:26,BTCUSD_PERP,bid,58700,648.26
2024-08-21 09:07:16,BTCUSD_PERP,bid,58700,590.65
2024-08-21 09:07:16,BTCUSD_PERP,bid,58700,579.93
2024-08-21 09:07:16,BTCUSD_PERP,bid,58700,638.1
2024-08-21 09:08:00,BTCUSD_PERP,bid,58700,580.52
2024-08-21 09:08:39,BTCUSD_PERP,bid,58700,520.75
2024-08-21 09:26:35,BTCUSD_PERP,bid,58700,531.31
2024-08-21 10:09:58,BTCUSD_PERP,bid,58700,566.45
2024-08-21 10:31:53,BTCUSD_PERP,bid,58700,811.17
2024-08-21 10:36:33,BTCUSD_PERP,bid,58700,811.76
2024-08-21 10:36:41,BTCUSD_PERP,bid,58700,754.15
2024-08-21 10:36:45,BTCUSD_PERP,bid,58700,696.54
2024-08-21 10:36:45,BTCUSD_PERP,bid,58700,638.93
2024-08-21 10:36:46,BTCUSD_PERP,bid,58700,581.32
2024-08-21 10:38:45,BTCUSD_PERP,bid,58700,523.12
2024-08-21 10:38:46,BTCUSD_PERP,bid,58700,522.29
2024-08-21 10:38:46,BTCUSD_PERP,bid,58700,580.46
2024-08-21 10:39:06,BTCUSD_PERP,bid,58600,516.94
2024-08-21 10:39:06,BTCUSD_PERP,bid,58600,574.98
2024-08-21 10:43:11,BTCUSD_PERP,bid,58600,516.9
2024-08-21 10:56:11,BTCUSD_PERP,bid,58700,522.26
2024-08-21 10:57:07,BTCUSD_PERP,bid,58700,638.34
2024-08-21 10:57:07,BTCUSD_PERP,bid,58700,565.81
2024-08-21 10:57:07,BTCUSD_PERP,bid,58700,696.54
2024-08-21 10:57:07,BTCUSD_PERP,bid,58700,812.94
2024-08-21 10:57:09,BTCUSD_PERP,bid,58700,812.98
2024-08-21 11:00:40,BTCUSD_PERP,bid,58700,812.94
2024-08-21 11:02:27,BTCUSD_PERP,bid,58700,755.33
2024-08-21 11:02:29,BTCUSD_PERP,bid,58700,639.52
2024-08-21 11:02:29,BTCUSD_PERP,bid,58700,566.1
2024-08-21 11:03:32,BTCUSD_PERP,bid,58700,639.21
2024-08-21 11:03:32,BTCUSD_PERP,bid,58700,697.41
2024-08-21 11:03:32,BTCUSD_PERP,bid,58700,755.61
2024-08-21 11:07:30,BTCUSD_PERP,bid,58700,522.83
2024-08-21 11:07:30,BTCUSD_PERP,bid,58700,581.0
2024-08-21 11:11:01,BTCUSD_PERP,bid,58700,522.83
2024-08-21 11:11:03,BTCUSD_PERP,bid,58700,580.03
2024-08-21 11:11:03,BTCUSD_PERP,bid,58700,638.16
2024-08-21 11:11:06,BTCUSD_PERP,bid,58700,638.2
2024-08-21 11:14:40,BTCUSD_PERP,bid,58700,638.16
2024-08-21 11:15:42,BTCUSD_PERP,bid,58700,639.72
2024-08-21 11:17:20,BTCUSD_PERP,bid,58700,581.59
2024-08-21 11:17:20,BTCUSD_PERP,bid,58700,523.46
2024-08-21 11:17:21,BTCUSD_PERP,bid,58700,522.83
2024-08-21 11:17:21,BTCUSD_PERP,bid,58700,580.4
2024-08-21 11:19:49,BTCUSD_PERP,bid,58700,580.23
2024-08-21 11:19:50,BTCUSD_PERP,bid,58700,695.45
2024-08-21 11:19:50,BTCUSD_PERP,bid,58700,753.06
2024-08-21 11:19:50,BTCUSD_PERP,bid,58700,811.26
2024-08-21 11:19:50,BTCUSD_PERP,bid,58700,869.46
2024-08-21 11:19:50,BTCUSD_PERP,bid,58700,927.66
2024-08-21 11:19:50,BTCUSD_PERP,bid,58700,585.47
2024-08-21 11:19:51,BTCUSD_PERP,bid,58700,1043.38
2024-08-21 11:19:51,BTCUSD_PERP,bid,58700,1159.19
2024-08-21 11:19:59,BTCUSD_PERP,bid,58700,985.27
2024-08-21 11:19:59,BTCUSD_PERP,bid,58700,927.07
2024-08-21 11:20:00,BTCUSD_PERP,bid,58700,868.87
2024-08-21 11:20:00,BTCUSD_PERP,bid,58700,753.65
2024-08-21 11:20:00,BTCUSD_PERP,bid,58700,637.25
2024-08-21 11:20:00,BTCUSD_PERP,bid,58700,521.44
2024-08-21 11:21:34,BTCUSD_PERP,bid,47000,2452.99
2024-08-21 11:32:05,BTCUSD_PERP,bid,58700,565.49
2024-08-21 13:20:13,BTCUSD_PERP,bid,47000,2453.0
2024-08-21 13:23:58,BTCUSD_PERP,bid,42000,1066.83
2024-08-21 13:33:39,BTCUSD_PERP,ask,596000,342.04
2024-08-21 14:49:19,BTCUSD_PERP,bid,42000,1062.63
2024-08-21 14:50:03,BTCUSD_PERP,bid,44000,1129.41
2024-08-21 14:50:44,BTCUSD_PERP,bid,42000,1064.73
2024-08-21 14:52:17,BTCUSD_PERP,bid,42000,1062.63
2024-08-21 15:15:47,BTCUSD_PERP,bid,58700,591.31
2024-08-21 15:15:58,BTCUSD_PERP,bid,58700,519.99
2024-08-21 15:15:58,BTCUSD_PERP,bid,58700,580.9
2024-08-21 15:16:07,BTCUSD_PERP,bid,58700,522.74
2024-08-21 15:40:10,BTCUSD_PERP,ask,64500,1616.81
2024-08-21 15:40:44,BTCUSD_PERP,ask,64500,1615.28
2024-08-21 15:56:35,BTCUSD_PERP,ask,64500,1618.49
2024-08-21 15:57:01,BTCUSD_PERP,ask,64500,1618.5
2024-08-21 15:59:12,BTCUSD_PERP,bid,42000,1062.28
2024-08-21 16:19:06,BTCUSD_PERP,bid,58600,520.68
2024-08-21 16:19:20,BTCUSD_PERP,bid,58600,578.5
2024-08-21 16:19:20,BTCUSD_PERP,bid,58600,636.59
2024-08-21 16:19:38,BTCUSD_PERP,bid,58600,520.41
2024-08-21 16:19:38,BTCUSD_PERP,bid,58700,578.84
2024-08-21 16:20:16,BTCUSD_PERP,bid,58600,867.75
2024-08-21 16:20:24,BTCUSD_PERP,bid,58600,809.75
2024-08-21 16:20:24,BTCUSD_PERP,bid,58600,867.8
2024-08-21 16:20:32,BTCUSD_PERP,bid,58600,578.94
2024-08-21 16:21:21,BTCUSD_PERP,bid,58600,520.86
2024-08-21 16:21:23,BTCUSD_PERP,bid,58700,521.18
2024-08-21 16:21:23,BTCUSD_PERP,bid,58700,579.3
2024-08-21 16:21:23,BTCUSD_PERP,bid,58700,637.42
2024-08-21 16:21:23,BTCUSD_PERP,bid,58700,753.06
2024-08-21 16:21:23,BTCUSD_PERP,bid,58700,810.58
2024-08-21 16:21:23,BTCUSD_PERP,bid,58700,868.7
2024-08-21 16:21:23,BTCUSD_PERP,bid,58700,1041.27
2024-08-21 16:22:24,BTCUSD_PERP,bid,58700,983.74
2024-08-21 16:22:24,BTCUSD_PERP,bid,58700,578.1
2024-08-21 16:22:25,BTCUSD_PERP,bid,58700,983.84
2024-08-21 16:22:25,BTCUSD_PERP,bid,58700,1041.99
2024-08-21 16:26:35,BTCUSD_PERP,bid,58700,694.99
2024-08-21 16:26:35,BTCUSD_PERP,bid,58700,1041.78
2024-08-21 16:26:35,BTCUSD_PERP,bid,58700,1157.41
2024-08-21 16:27:28,BTCUSD_PERP,bid,58700,1099.89
2024-08-21 16:27:31,BTCUSD_PERP,bid,58700,1099.85
2024-08-21 16:27:31,BTCUSD_PERP,bid,58700,1157.99
2024-08-21 16:28:04,BTCUSD_PERP,bid,58700,1099.85
2024-08-21 16:28:04,BTCUSD_PERP,bid,58700,1042.3
2024-08-21 16:28:04,BTCUSD_PERP,bid,58700,984.16
2024-08-21 16:28:04,BTCUSD_PERP,bid,58700,926.02
2024-08-21 16:28:04,BTCUSD_PERP,bid,58700,868.47
2024-08-21 16:28:04,BTCUSD_PERP,bid,58700,810.33
2024-08-21 16:28:05,BTCUSD_PERP,bid,58700,694.64
2024-08-21 16:28:05,BTCUSD_PERP,bid,58700,521.22
2024-08-21 16:28:05,BTCUSD_PERP,bid,58700,636.5
2024-08-21 16:28:05,BTCUSD_PERP,bid,58700,578.95
2024-08-21 16:28:05,BTCUSD_PERP,bid,58700,578.74
2024-08-21 16:28:05,BTCUSD_PERP,bid,58700,636.85
2024-08-21 16:28:05,BTCUSD_PERP,bid,58700,694.96
2024-08-21 16:28:05,BTCUSD_PERP,bid,58700,868.61
2024-08-21 16:28:05,BTCUSD_PERP,bid,58700,926.13
2024-08-21 16:28:05,BTCUSD_PERP,bid,58700,984.24
2024-08-21 16:28:06,BTCUSD_PERP,bid,58700,1041.76
2024-08-21 16:28:06,BTCUSD_PERP,bid,58700,1099.28
2024-08-21 16:28:06,BTCUSD_PERP,bid,58700,1157.39
2024-08-21 16:29:09,BTCUSD_PERP,bid,58700,868.02
2024-08-21 16:29:09,BTCUSD_PERP,bid,58700,751.89
2024-08-21 16:29:11,BTCUSD_PERP,bid,58700,635.67
2024-08-21 16:29:12,BTCUSD_PERP,bid,58700,578.15
2024-08-21 16:29:12,BTCUSD_PERP,bid,58600,520.36
2024-08-21 16:30:23,BTCUSD_PERP,bid,58600,578.73
2024-08-21 16:30:23,BTCUSD_PERP,bid,58600,636.19
2024-08-21 16:30:57,BTCUSD_PERP,bid,58600,578.73
2024-08-21 16:30:58,BTCUSD_PERP,bid,58600,520.68
2024-08-21 16:30:59,BTCUSD_PERP,bid,58600,520.42
2024-08-21 16:31:09,BTCUSD_PERP,bid,58600,809.66
2024-08-21 16:31:10,BTCUSD_PERP,bid,58600,867.71
2024-08-21 16:31:22,BTCUSD_PERP,bid,58600,808.67
2024-08-21 16:31:51,BTCUSD_PERP,bid,58600,635.49
2024-08-21 16:31:51,BTCUSD_PERP,bid,58600,750.39
2024-08-21 16:31:51,BTCUSD_PERP,bid,58600,808.34
2024-08-21 16:31:51,BTCUSD_PERP,bid,58600,866.38
2024-08-21 16:32:29,BTCUSD_PERP,bid,58600,808.93
2024-08-21 16:32:31,BTCUSD_PERP,bid,58600,808.76
2024-08-21 16:32:31,BTCUSD_PERP,bid,58600,866.83
2024-08-21 16:33:23,BTCUSD_PERP,bid,58600,751.28
2024-08-21 16:33:23,BTCUSD_PERP,bid,58600,520.86
2024-08-21 16:33:23,BTCUSD_PERP,bid,58600,635.39
2024-08-21 16:33:24,BTCUSD_PERP,bid,58600,693.43
2024-08-21 16:33:24,BTCUSD_PERP,bid,58600,751.47
2024-08-21 16:33:24,BTCUSD_PERP,bid,58600,808.92
2024-08-21 16:33:24,BTCUSD_PERP,bid,58600,866.36
2024-08-21 16:34:42,BTCUSD_PERP,bid,58600,808.32
2024-08-21 16:34:43,BTCUSD_PERP,bid,58600,750.28
2024-08-21 16:34:43,BTCUSD_PERP,bid,58600,692.24
2024-08-21 16:34:43,BTCUSD_PERP,bid,58600,634.8
2024-08-21 16:34:43,BTCUSD_PERP,bid,58600,519.31
2024-08-21 16:34:44,BTCUSD_PERP,bid,58600,520.77
2024-08-21 16:34:44,BTCUSD_PERP,bid,58600,578.84
2024-08-21 16:34:44,BTCUSD_PERP,bid,58600,636.32
2024-08-21 16:34:44,BTCUSD_PERP,bid,58600,751.28
2024-08-21 16:34:45,BTCUSD_PERP,bid,58600,808.76
2024-08-21 16:34:59,BTCUSD_PERP,bid,58600,751.28
2024-08-21 16:34:59,BTCUSD_PERP,bid,58600,750.97
2024-08-21 16:35:00,BTCUSD_PERP,bid,58600,808.42
2024-08-21 16:35:34,BTCUSD_PERP,bid,58600,750.38
2024-08-21 16:35:35,BTCUSD_PERP,bid,58600,635.48
2024-08-21 16:35:35,BTCUSD_PERP,bid,58600,578.03
2024-08-21 16:35:35,BTCUSD_PERP,bid,58600,519.99
2024-08-21 16:35:36,BTCUSD_PERP,bid,58600,519.0
2024-08-21 16:35:36,BTCUSD_PERP,bid,58600,576.48
2024-08-21 16:35:36,BTCUSD_PERP,bid,58600,634.55
2024-08-21 16:35:36,BTCUSD_PERP,bid,58600,692.62
2024-08-21 16:35:36,BTCUSD_PERP,bid,58600,750.69
2024-08-21 16:35:38,BTCUSD_PERP,bid,58600,750.73
2024-08-21 16:36:12,BTCUSD_PERP,bid,58600,577.79
2024-08-21 16:36:12,BTCUSD_PERP,bid,58600,519.72
2024-08-21 16:36:13,BTCUSD_PERP,bid,58600,521.04
2024-08-21 16:36:13,BTCUSD_PERP,bid,58600,578.55
2024-08-21 16:36:13,BTCUSD_PERP,bid,58600,636.06
2024-08-21 16:36:13,BTCUSD_PERP,bid,58600,695.66
2024-08-21 16:36:14,BTCUSD_PERP,bid,58600,767.23
2024-08-21 16:36:14,BTCUSD_PERP,bid,58600,825.33
2024-08-21 16:37:42,BTCUSD_PERP,bid,58600,709.81
2024-08-21 16:37:42,BTCUSD_PERP,bid,58600,651.71
2024-08-21 16:37:42,BTCUSD_PERP,bid,58600,593.61
2024-08-21 16:37:42,BTCUSD_PERP,bid,58600,535.51
2024-08-21 16:37:43,BTCUSD_PERP,bid,58700,521.27
2024-08-21 16:37:43,BTCUSD_PERP,bid,58700,578.8
2024-08-21 16:37:43,BTCUSD_PERP,bid,58700,693.86
2024-08-21 16:37:44,BTCUSD_PERP,bid,58700,809.52
2024-08-21 16:38:11,BTCUSD_PERP,bid,58700,751.99
2024-08-21 16:38:11,BTCUSD_PERP,bid,58700,694.46
2024-08-21 16:38:12,BTCUSD_PERP,bid,58700,521.27
2024-08-21 16:38:39,BTCUSD_PERP,bid,58600,520.59
2024-08-21 16:38:39,BTCUSD_PERP,bid,58600,578.1
2024-08-21 16:41:18,BTCUSD_PERP,bid,58600,520.59
2024-08-21 16:41:19,BTCUSD_PERP,bid,58700,521.46
2024-08-21 16:45:34,BTCUSD_PERP,bid,58600,579.3
2024-08-21 16:45:34,BTCUSD_PERP,bid,58600,637.41
2024-08-21 16:45:34,BTCUSD_PERP,bid,58600,694.93
2024-08-21 16:49:33,BTCUSD_PERP,bid,58600,636.82
2024-08-21 16:49:33,BTCUSD_PERP,bid,58600,579.3
2024-08-21 16:49:33,BTCUSD_PERP,bid,58600,521.19
2024-08-21 16:49:34,BTCUSD_PERP,bid,58700,520.87
2024-08-21 16:49:34,BTCUSD_PERP,bid,58700,578.41
2024-08-21 16:49:34,BTCUSD_PERP,bid,58700,636.55
2024-08-21 16:49:34,BTCUSD_PERP,bid,58700,694.69
2024-08-21 16:49:34,BTCUSD_PERP,bid,58700,752.83
2024-08-21 16:49:35,BTCUSD_PERP,bid,58700,810.37
2024-08-21 16:50:11,BTCUSD_PERP,bid,58700,694.09
2024-08-21 16:50:11,BTCUSD_PERP,bid,58700,635.95
2024-08-21 16:50:11,BTCUSD_PERP,bid,58700,520.27
2024-08-21 16:54:07,BTCUSD_PERP,bid,58700,695.6
2024-08-21 16:54:07,BTCUSD_PERP,bid,58700,753.77
2024-08-21 16:59:54,BTCUSD_PERP,bid,58700,695.6
2024-08-21 16:59:54,BTCUSD_PERP,bid,58700,638.02
2024-08-21 16:59:55,BTCUSD_PERP,bid,58700,579.85
2024-08-21 16:59:55,BTCUSD_PERP,bid,58700,522.27
2024-08-21 16:59:56,BTCUSD_PERP,bid,58700,522.53
2024-08-21 17:04:20,BTCUSD_PERP,bid,58700,521.17
2024-08-21 17:04:20,BTCUSD_PERP,bid,58700,578.76
2024-08-21 17:04:20,BTCUSD_PERP,bid,58700,636.94
2024-08-21 17:04:20,BTCUSD_PERP,bid,58700,695.12
2024-08-21 17:04:20,BTCUSD_PERP,bid,58700,753.3
2024-08-21 17:04:21,BTCUSD_PERP,bid,58700,811.48
2024-08-21 17:05:41,BTCUSD_PERP,bid,58700,753.39
2024-08-21 17:05:41,BTCUSD_PERP,bid,58700,637.03
2024-08-21 17:05:41,BTCUSD_PERP,bid,58700,578.85
2024-08-21 17:05:41,BTCUSD_PERP,bid,58700,520.67
2024-08-21 17:27:18,BTCUSD_PERP,ask,64500,1618.55
2024-08-21 18:46:12,BTCUSD_PERP,bid,44000,1139.41
2024-08-21 18:50:21,BTCUSD_PERP,ask,2950000,233.39
2024-08-21 19:20:16,BTCUSD_PERP,bid,58700,520.8
2024-08-21 19:20:16,BTCUSD_PERP,bid,58700,579.0
2024-08-21 19:20:16,BTCUSD_PERP,bid,58700,636.61
2024-08-21 19:22:34,BTCUSD_PERP,bid,58700,579.01
2024-08-21 19:22:35,BTCUSD_PERP,bid,58700,520.81
2024-08-21 20:08:15,BTCUSD_PERP,ask,597000,198.6
2024-08-21 20:27:58,BTCUSD_PERP,ask,2950000,233.33
2024-08-21 20:33:53,BTCUSD_PERP,bid,58700,754.0
2024-08-21 20:33:53,BTCUSD_PERP,bid,58700,812.19
2024-08-21 20:34:08,BTCUSD_PERP,bid,58700,578.24
2024-08-21 20:34:23,BTCUSD_PERP,bid,58600,819.19
2024-08-21 20:34:23,BTCUSD_PERP,bid,58600,877.27
2024-08-21 20:34:25,BTCUSD_PERP,bid,58600,982.63
2024-08-21 20:34:26,BTCUSD_PERP,bid,58600,1040.68
2024-08-21 20:34:37,BTCUSD_PERP,bid,58600,519.13
2024-08-21 20:34:37,BTCUSD_PERP,bid,58600,924.68
2024-08-21 20:34:37,BTCUSD_PERP,bid,58600,982.7
2024-08-21 20:34:40,BTCUSD_PERP,bid,58600,925.27
2024-08-21 20:34:40,BTCUSD_PERP,bid,58600,867.25
2024-08-21 20:34:40,BTCUSD_PERP,bid,58600,809.23
2024-08-21 20:34:41,BTCUSD_PERP,bid,58600,751.21
2024-08-21 20:34:41,BTCUSD_PERP,bid,58600,693.19
2024-08-21 20:34:41,BTCUSD_PERP,bid,58600,635.17
2024-08-21 20:34:41,BTCUSD_PERP,bid,58600,577.15
2024-08-21 20:34:41,BTCUSD_PERP,bid,58600,519.72
2024-08-21 20:36:44,BTCUSD_PERP,bid,58700,521.2
2024-08-21 20:36:44,BTCUSD_PERP,bid,58700,578.8
2024-08-21 20:36:44,BTCUSD_PERP,bid,58700,636.4
2024-08-21 20:37:10,BTCUSD_PERP,bid,58700,578.22
2024-08-21 20:37:10,BTCUSD_PERP,bid,58700,520.14
2024-08-21 20:37:16,BTCUSD_PERP,bid,58600,521.62
2024-08-21 20:37:49,BTCUSD_PERP,bid,58600,521.35
2024-08-21 20:37:50,BTCUSD_PERP,bid,58600,521.39
2024-08-21 20:37:50,BTCUSD_PERP,bid,58600,521.43
2024-08-21 20:38:23,BTCUSD_PERP,bid,58600,520.84
2024-08-21 20:38:45,BTCUSD_PERP,ask,2550000,201.89
2024-08-21 20:39:19,BTCUSD_PERP,bid,58700,868.85
2024-08-21 20:39:31,BTCUSD_PERP,bid,58700,651.29
2024-08-21 20:39:31,BTCUSD_PERP,bid,58700,883.33
2024-08-21 20:40:22,BTCUSD_PERP,bid,58700,825.76
2024-08-21 20:40:22,BTCUSD_PERP,bid,58700,767.6
2024-08-21 20:40:22,BTCUSD_PERP,bid,58700,535.65
2024-08-21 20:40:23,BTCUSD_PERP,bid,58700,521.84
2024-08-21 20:40:23,BTCUSD_PERP,bid,58700,580.03
2024-08-21 20:40:23,BTCUSD_PERP,bid,58700,637.62
2024-08-21 20:40:23,BTCUSD_PERP,bid,58700,695.81
2024-08-21 20:40:23,BTCUSD_PERP,bid,58700,754.0
2024-08-21 20:40:23,BTCUSD_PERP,bid,58700,811.6
2024-08-21 20:40:23,BTCUSD_PERP,bid,58700,869.79
2024-08-21 20:40:55,BTCUSD_PERP,bid,58700,825.17
2024-08-21 20:40:57,BTCUSD_PERP,bid,58700,984.52
2024-08-21 20:41:24,BTCUSD_PERP,bid,58600,770.38
2024-08-21 20:41:39,BTCUSD_PERP,bid,58600,712.88
2024-08-21 20:41:39,BTCUSD_PERP,bid,58600,753.54
2024-08-21 20:41:39,BTCUSD_PERP,bid,58600,811.6
2024-08-21 20:41:39,BTCUSD_PERP,bid,58600,813.7
2024-08-21 20:41:40,BTCUSD_PERP,bid,58600,525.17
2024-08-21 20:42:14,BTCUSD_PERP,bid,58500,576.45
2024-08-21 20:42:14,BTCUSD_PERP,bid,58500,692.35
2024-08-21 20:42:15,BTCUSD_PERP,bid,58500,750.3
2024-08-21 20:42:39,BTCUSD_PERP,bid,58400,748.88
2024-08-21 20:42:39,BTCUSD_PERP,bid,58400,806.72
2024-08-21 20:43:01,BTCUSD_PERP,bid,58400,575.95
2024-08-21 20:43:07,BTCUSD_PERP,bid,58400,576.24
2024-08-21 20:43:07,BTCUSD_PERP,bid,58400,690.78
2024-08-21 20:43:17,BTCUSD_PERP,bid,58400,632.92
2024-08-21 20:43:17,BTCUSD_PERP,bid,58400,575.65
2024-08-21 20:43:17,BTCUSD_PERP,bid,58400,517.79
2024-08-21 20:43:19,BTCUSD_PERP,bid,58500,549.82
2024-08-21 20:43:47,BTCUSD_PERP,ask,64500,1618.56
2024-08-21 20:43:51,BTCUSD_PERP,bid,58400,574.81
2024-08-21 20:43:51,BTCUSD_PERP,bid,58400,632.64
2024-08-21 20:44:15,BTCUSD_PERP,ask,2950000,233.55
2024-08-21 20:44:16,BTCUSD_PERP,bid,58400,518.97
2024-08-21 20:44:16,BTCUSD_PERP,bid,58400,576.84
2024-08-21 20:44:16,BTCUSD_PERP,bid,58400,691.4
2024-08-21 20:44:16,BTCUSD_PERP,bid,58400,748.68
2024-08-21 20:44:16,BTCUSD_PERP,bid,58400,863.83
2024-08-21 20:44:17,BTCUSD_PERP,bid,58400,873.56
2024-08-21 20:44:20,BTCUSD_PERP,bid,58400,816.28
2024-08-21 20:44:20,BTCUSD_PERP,bid,58400,759.0
2024-08-21 20:44:20,BTCUSD_PERP,bid,58400,701.72
2024-08-21 20:44:20,BTCUSD_PERP,bid,58400,585.98
2024-08-21 20:45:22,BTCUSD_PERP,bid,58500,634.47
2024-08-21 20:45:22,BTCUSD_PERP,bid,58500,750.27
2024-08-21 20:45:22,BTCUSD_PERP,bid,58500,808.22
2024-08-21 20:46:08,BTCUSD_PERP,bid,58500,750.37
2024-08-21 20:46:08,BTCUSD_PERP,bid,58400,576.74
2024-08-21 20:46:09,BTCUSD_PERP,bid,58400,749.88
2024-08-21 20:46:09,BTCUSD_PERP,bid,58400,807.79
2024-08-21 20:46:11,BTCUSD_PERP,bid,58400,750.47
2024-08-21 20:46:12,BTCUSD_PERP,bid,58400,692.56
2024-08-21 20:46:12,BTCUSD_PERP,bid,58400,635.24
2024-08-21 20:46:12,BTCUSD_PERP,bid,58400,577.92
2024-08-21 20:46:13,BTCUSD_PERP,bid,58500,520.28
2024-08-21 20:46:30,BTCUSD_PERP,bid,58600,519.41
2024-08-21 20:48:06,BTCUSD_PERP,bid,58600,520.42
2024-08-21 20:48:06,BTCUSD_PERP,bid,58600,636.48
2024-08-21 20:48:06,BTCUSD_PERP,bid,58600,693.92
2024-08-21 20:48:07,BTCUSD_PERP,bid,58600,751.95
2024-08-21 20:48:07,BTCUSD_PERP,bid,58600,867.42
2024-08-21 20:48:07,BTCUSD_PERP,bid,58600,925.36
2024-08-21 20:48:07,BTCUSD_PERP,bid,58600,982.8
2024-08-21 20:48:23,BTCUSD_PERP,bid,58600,925.36
2024-08-21 20:48:24,BTCUSD_PERP,bid,58600,520.92
2024-08-21 20:48:25,BTCUSD_PERP,bid,58600,520.69
2024-08-21 20:48:46,BTCUSD_PERP,bid,58600,866.82
2024-08-21 20:48:57,BTCUSD_PERP,bid,58600,809.38
2024-08-21 20:48:57,BTCUSD_PERP,bid,58600,751.35
2024-08-21 20:48:57,BTCUSD_PERP,bid,58600,693.32
2024-08-21 20:48:57,BTCUSD_PERP,bid,58600,577.85
2024-08-21 20:48:58,BTCUSD_PERP,bid,58600,520.41
2024-08-21 20:48:58,BTCUSD_PERP,bid,58600,511.52
2024-08-21 20:48:58,BTCUSD_PERP,bid,58600,568.99
2024-08-21 20:48:58,BTCUSD_PERP,bid,58600,627.05
2024-08-21 20:48:58,BTCUSD_PERP,bid,58600,684.52
2024-08-21 20:48:58,BTCUSD_PERP,bid,58600,742.58
2024-08-21 20:48:58,BTCUSD_PERP,bid,58600,858.61
2024-08-21 20:48:59,BTCUSD_PERP,bid,58600,916.67
2024-08-21 20:49:02,BTCUSD_PERP,bid,58600,809.38
2024-08-21 20:49:35,BTCUSD_PERP,bid,58600,577.85
2024-08-21 20:49:35,BTCUSD_PERP,bid,58600,520.68
2024-08-21 20:49:36,BTCUSD_PERP,bid,58600,578.15
2024-08-21 20:49:36,BTCUSD_PERP,bid,58600,636.21
2024-08-21 20:49:36,BTCUSD_PERP,bid,58600,693.68
2024-08-21 20:49:36,BTCUSD_PERP,bid,58600,751.15
2024-08-21 20:49:36,BTCUSD_PERP,bid,58600,866.68
2024-08-21 20:49:36,BTCUSD_PERP,bid,58600,924.74
2024-08-21 20:49:36,BTCUSD_PERP,bid,58600,982.8
2024-08-21 20:50:38,BTCUSD_PERP,bid,58600,925.33
2024-08-21 20:50:38,BTCUSD_PERP,bid,58600,867.27
2024-08-21 20:50:38,BTCUSD_PERP,bid,58600,809.21
2024-08-21 20:50:38,BTCUSD_PERP,bid,58600,751.74
2024-08-21 20:50:38,BTCUSD_PERP,bid,58600,693.68
2024-08-21 20:50:38,BTCUSD_PERP,bid,58600,579.12
2024-08-21 20:51:03,BTCUSD_PERP,bid,58600,521.34
2024-08-21 20:51:04,BTCUSD_PERP,bid,58600,636.88
2024-08-21 20:51:04,BTCUSD_PERP,bid,58600,694.95
2024-08-21 20:51:04,BTCUSD_PERP,bid,58600,753.02
2024-08-21 20:51:55,BTCUSD_PERP,bid,58600,695.55
2024-08-21 20:51:55,BTCUSD_PERP,bid,58600,637.48
2024-08-21 20:51:55,BTCUSD_PERP,bid,58600,579.41
2024-08-21 20:51:55,BTCUSD_PERP,bid,58600,521.34
2024-08-21 20:51:56,BTCUSD_PERP,bid,58600,520.67
2024-08-21 20:51:59,BTCUSD_PERP,bid,58700,521.0
2024-08-21 20:52:00,BTCUSD_PERP,bid,58700,588.93
2024-08-21 20:52:00,BTCUSD_PERP,bid,58700,647.08
2024-08-21 20:52:00,BTCUSD_PERP,bid,58700,820.94
2024-08-21 20:52:00,BTCUSD_PERP,bid,58700,936.06
2024-08-21 20:52:00,BTCUSD_PERP,bid,58600,531.61
2024-08-21 20:52:00,BTCUSD_PERP,bid,58700,994.21
2024-08-21 20:52:30,BTCUSD_PERP,bid,58700,878.5
2024-08-21 20:52:50,BTCUSD_PERP,bid,58600,579.03
2024-08-21 20:52:50,BTCUSD_PERP,bid,58600,694.6
2024-08-21 20:52:50,BTCUSD_PERP,bid,58600,752.68
2024-08-21 20:53:21,BTCUSD_PERP,bid,58600,695.19
2024-08-21 20:53:21,BTCUSD_PERP,bid,58600,637.7
2024-08-21 20:53:21,BTCUSD_PERP,bid,58600,579.62
2024-08-21 20:53:21,BTCUSD_PERP,bid,58600,521.54
2024-08-21 20:53:22,BTCUSD_PERP,bid,58700,521.81
2024-08-21 20:53:22,BTCUSD_PERP,bid,58700,579.33
2024-08-21 20:53:23,BTCUSD_PERP,bid,58700,695.55
2024-08-21 20:55:06,BTCUSD_PERP,bid,58700,638.03
2024-08-21 20:55:06,BTCUSD_PERP,bid,58700,522.4
2024-08-21 20:55:07,BTCUSD_PERP,bid,58700,532.62
2024-08-21 20:55:07,BTCUSD_PERP,bid,58700,590.2
2024-08-21 20:55:07,BTCUSD_PERP,bid,58700,648.37
2024-08-21 20:55:14,BTCUSD_PERP,bid,58700,590.79
2024-08-21 20:55:15,BTCUSD_PERP,bid,58700,532.62
2024-08-21 20:55:15,BTCUSD_PERP,bid,58700,580.2
2024-08-21 20:55:15,BTCUSD_PERP,bid,58700,696.62
2024-08-21 20:55:15,BTCUSD_PERP,bid,58700,811.84
2024-08-21 20:55:15,BTCUSD_PERP,bid,58700,565.88
2024-08-21 20:55:16,BTCUSD_PERP,bid,58700,869.45
2024-08-21 20:55:16,BTCUSD_PERP,bid,58700,1044.08
2024-08-21 20:55:16,BTCUSD_PERP,bid,58700,1159.3
2024-08-21 20:55:19,BTCUSD_PERP,bid,58700,1101.69
2024-08-21 20:55:19,BTCUSD_PERP,bid,58700,1043.48
2024-08-21 20:55:19,BTCUSD_PERP,bid,58700,985.27
2024-08-21 20:55:19,BTCUSD_PERP,bid,58700,927.06
2024-08-21 20:55:19,BTCUSD_PERP,bid,58700,752.43
2024-08-21 20:55:19,BTCUSD_PERP,bid,58700,636.11
2024-08-21 20:55:51,BTCUSD_PERP,bid,58800,521.71
2024-08-21 20:55:51,BTCUSD_PERP,bid,58800,580.01
2024-08-21 20:55:51,BTCUSD_PERP,bid,58800,638.31
2024-08-21 20:55:51,BTCUSD_PERP,bid,58800,696.51
2024-08-21 20:56:04,BTCUSD_PERP,bid,58800,637.43
2024-08-21 20:56:21,BTCUSD_PERP,bid,58800,579.8
2024-08-21 20:56:21,BTCUSD_PERP,bid,58800,521.67
2024-08-21 20:56:22,BTCUSD_PERP,bid,58800,581.41
2024-08-21 20:56:22,BTCUSD_PERP,bid,58800,639.08
2024-08-21 20:56:22,BTCUSD_PERP,bid,58800,697.35
2024-08-21 20:56:23,BTCUSD_PERP,bid,58800,755.62
2024-08-21 20:56:23,BTCUSD_PERP,bid,58800,870.96
2024-08-21 20:56:24,BTCUSD_PERP,bid,58800,871.0
2024-08-21 20:56:25,BTCUSD_PERP,bid,58800,813.33
2024-08-21 20:56:25,BTCUSD_PERP,bid,58800,755.16
2024-08-21 20:56:26,BTCUSD_PERP,bid,58800,638.62
2024-08-21 20:56:26,BTCUSD_PERP,bid,58800,522.08
2024-08-21 20:56:27,BTCUSD_PERP,bid,58800,522.93
2024-08-21 20:56:27,BTCUSD_PERP,bid,58800,581.23
2024-08-21 20:56:42,BTCUSD_PERP,bid,58800,582.08
2024-08-21 20:56:42,BTCUSD_PERP,bid,58800,640.35
2024-08-21 20:57:04,BTCUSD_PERP,bid,58900,524.04
2024-08-21 20:57:04,BTCUSD_PERP,bid,58900,581.8
2024-08-21 21:09:31,BTCUSD_PERP,ask,602000,120.88
2024-08-21 21:14:23,BTCUSD_PERP,bid,59000,525.04
2024-08-21 21:14:23,BTCUSD_PERP,bid,59000,699.16
2024-08-21 21:14:23,BTCUSD_PERP,bid,59000,757.63
2024-08-21 21:14:25,BTCUSD_PERP,bid,59000,699.76
2024-08-21 21:14:25,BTCUSD_PERP,bid,59000,641.29
2024-08-21 21:14:26,BTCUSD_PERP,bid,59000,583.42
2024-08-21 21:14:26,BTCUSD_PERP,bid,59000,524.95
2024-08-21 21:14:43,BTCUSD_PERP,bid,59000,523.19
2024-08-21 21:14:45,BTCUSD_PERP,bid,58900,524.13
2024-08-21 21:14:45,BTCUSD_PERP,bid,58900,582.5
2024-08-21 21:14:49,BTCUSD_PERP,bid,58900,524.13
2024-08-21 21:14:51,BTCUSD_PERP,bid,58900,523.83
2024-08-21 21:15:52,BTCUSD_PERP,bid,59100,525.32
2024-08-21 21:15:54,BTCUSD_PERP,bid,59000,523.82
2024-08-21 21:15:55,BTCUSD_PERP,bid,59000,510.1
2024-08-21 21:15:59,BTCUSD_PERP,bid,59000,756.73
2024-08-21 21:15:59,BTCUSD_PERP,bid,59000,873.02
2024-08-21 21:15:59,BTCUSD_PERP,bid,58900,509.84
2024-08-21 21:16:05,BTCUSD_PERP,bid,59000,582.59
2024-08-21 21:16:09,BTCUSD_PERP,bid,58900,510.14
2024-08-21 21:16:09,BTCUSD_PERP,bid,58900,930.4
2024-08-21 21:16:10,BTCUSD_PERP,bid,58900,568.42
2024-08-21 21:16:10,BTCUSD_PERP,bid,58900,988.78
2024-08-21 21:16:16,BTCUSD_PERP,bid,58900,755.86
2024-08-21 21:16:17,BTCUSD_PERP,bid,58900,582.85
2024-08-21 21:16:17,BTCUSD_PERP,bid,58900,641.19
2024-08-21 21:16:20,BTCUSD_PERP,bid,58800,581.0
2024-08-21 21:16:23,BTCUSD_PERP,bid,58800,522.72
2024-08-21 21:16:23,BTCUSD_PERP,bid,58800,880.59
2024-08-21 21:16:23,BTCUSD_PERP,bid,58800,996.49
2024-08-21 21:16:23,BTCUSD_PERP,bid,58700,527.77
2024-08-21 21:16:23,BTCUSD_PERP,bid,58800,1054.74
2024-08-21 21:16:26,BTCUSD_PERP,bid,58800,938.84
2024-08-21 21:16:26,BTCUSD_PERP,bid,58800,880.59
2024-08-21 21:16:26,BTCUSD_PERP,bid,58800,822.34
2024-08-21 21:16:26,BTCUSD_PERP,bid,58800,706.44
2024-08-21 21:16:26,BTCUSD_PERP,bid,58800,590.54
2024-08-21 21:16:27,BTCUSD_PERP,bid,58800,532.29
2024-08-21 21:18:03,BTCUSD_PERP,bid,58800,579.95
2024-08-21 21:18:03,BTCUSD_PERP,bid,58800,638.24
2024-08-21 21:18:07,BTCUSD_PERP,bid,58800,579.95
2024-08-21 21:22:06,BTCUSD_PERP,bid,59100,640.41
2024-08-21 21:22:07,BTCUSD_PERP,bid,59100,698.96
2024-08-21 21:22:07,BTCUSD_PERP,bid,59100,757.51
2024-08-21 21:22:17,BTCUSD_PERP,bid,59100,699.55
2024-08-21 21:22:17,BTCUSD_PERP,bid,59100,641.0
2024-08-21 21:22:17,BTCUSD_PERP,bid,59100,523.6
2024-08-21 21:22:17,BTCUSD_PERP,bid,59100,698.6
2024-08-21 21:22:17,BTCUSD_PERP,bid,59100,757.12
2024-08-21 21:22:18,BTCUSD_PERP,bid,59100,757.16
2024-08-21 21:22:19,BTCUSD_PERP,bid,59100,815.09
2024-08-21 21:22:26,BTCUSD_PERP,bid,59100,756.57
2024-08-21 21:22:27,BTCUSD_PERP,bid,59100,581.6
2024-08-21 21:22:27,BTCUSD_PERP,bid,59100,525.18
2024-08-21 21:22:28,BTCUSD_PERP,bid,59100,700.15
2024-08-21 21:22:28,BTCUSD_PERP,bid,59100,758.11
2024-08-21 21:22:28,BTCUSD_PERP,bid,59100,816.07
2024-08-21 21:22:30,BTCUSD_PERP,bid,59100,700.15
2024-08-21 21:22:30,BTCUSD_PERP,bid,59100,642.19
2024-08-21 21:22:30,BTCUSD_PERP,bid,59100,583.64
2024-08-21 21:22:31,BTCUSD_PERP,bid,59100,525.09
2024-08-21 21:22:31,BTCUSD_PERP,bid,59100,583.62
2024-08-21 21:22:31,BTCUSD_PERP,bid,59100,642.21
2024-08-21 21:22:32,BTCUSD_PERP,bid,59100,817.39
2024-08-21 21:22:32,BTCUSD_PERP,bid,59100,1050.45
2024-08-21 21:22:32,BTCUSD_PERP,bid,59100,525.94
2024-08-21 21:22:32,BTCUSD_PERP,bid,59100,1109.04
2024-08-21 21:22:42,BTCUSD_PERP,bid,59100,584.13
2024-08-21 21:22:43,BTCUSD_PERP,bid,59100,653.47
2024-08-21 21:22:43,BTCUSD_PERP,bid,59100,829.15
2024-08-21 21:23:25,BTCUSD_PERP,bid,59100,525.39
2024-08-21 21:23:26,BTCUSD_PERP,bid,59000,510.37
2024-08-21 21:23:47,BTCUSD_PERP,bid,59100,524.41
2024-08-21 21:23:47,BTCUSD_PERP,bid,59100,582.36
2024-08-21 21:23:48,BTCUSD_PERP,bid,59100,640.9
2024-08-21 21:23:48,BTCUSD_PERP,bid,59100,699.44
2024-08-21 21:24:03,BTCUSD_PERP,bid,59100,640.9
2024-08-21 21:24:03,BTCUSD_PERP,bid,59100,582.36
2024-08-21 21:24:04,BTCUSD_PERP,bid,59100,524.41
2024-08-21 21:24:22,BTCUSD_PERP,bid,59100,534.63
2024-08-21 21:25:49,BTCUSD_PERP,bid,59100,524.88
2024-08-21 21:25:49,BTCUSD_PERP,bid,59000,510.43
2024-08-21 21:25:51,BTCUSD_PERP,bid,59000,582.42
2024-08-21 21:25:51,BTCUSD_PERP,bid,59000,510.13
2024-08-21 21:26:09,BTCUSD_PERP,bid,59000,523.94
2024-08-21 21:31:34,BTCUSD_PERP,bid,59100,524.16
2024-08-21 21:31:34,BTCUSD_PERP,bid,59100,582.73
2024-08-21 21:31:35,BTCUSD_PERP,bid,59100,640.7
2024-08-21 21:31:37,BTCUSD_PERP,bid,59100,640.84
2024-08-21 21:32:29,BTCUSD_PERP,bid,59000,758.96
2024-08-21 21:32:29,BTCUSD_PERP,bid,59000,817.44
2024-08-21 21:32:32,BTCUSD_PERP,bid,59000,700.48
2024-08-21 21:32:32,BTCUSD_PERP,bid,59000,756.67
2024-08-21 21:32:33,BTCUSD_PERP,bid,59000,815.11
2024-08-21 21:32:34,BTCUSD_PERP,bid,59000,698.82
2024-08-21 21:32:35,BTCUSD_PERP,bid,59000,640.97
2024-08-21 21:32:35,BTCUSD_PERP,bid,59000,582.53
2024-08-21 21:32:36,BTCUSD_PERP,bid,59000,524.68
2024-08-21 21:32:50,BTCUSD_PERP,bid,59000,525.87
2024-08-21 21:33:31,BTCUSD_PERP,bid,59000,699.26
2024-08-21 21:33:39,BTCUSD_PERP,bid,59000,640.93
2024-08-21 21:33:39,BTCUSD_PERP,bid,59000,524.67
2024-08-21 21:33:39,BTCUSD_PERP,bid,58900,698.95
2024-08-21 21:33:43,BTCUSD_PERP,bid,58900,640.64
2024-08-21 21:33:44,BTCUSD_PERP,bid,58900,582.83
2024-08-21 21:34:11,BTCUSD_PERP,bid,59000,873.3
2024-08-21 21:34:11,BTCUSD_PERP,bid,59000,931.72
2024-08-21 21:34:23,BTCUSD_PERP,bid,59000,873.3
2024-08-21 21:34:23,BTCUSD_PERP,bid,59000,814.88
2024-08-21 21:34:24,BTCUSD_PERP,bid,59000,756.46
2024-08-21 21:34:24,BTCUSD_PERP,bid,59000,698.64
2024-08-21 21:34:24,BTCUSD_PERP,bid,59000,640.82
2024-08-21 21:34:24,BTCUSD_PERP,bid,59000,583.0
2024-08-21 21:34:24,BTCUSD_PERP,bid,59000,524.58
2024-08-21 21:34:25,BTCUSD_PERP,bid,59000,582.92
2024-08-21 21:34:26,BTCUSD_PERP,bid,59000,640.8
2024-08-21 21:34:49,BTCUSD_PERP,bid,59000,582.92
2024-08-21 21:34:49,BTCUSD_PERP,bid,59000,525.04
2024-08-21 21:34:51,BTCUSD_PERP,bid,59100,583.9
2024-08-21 21:35:07,BTCUSD_PERP,bid,59100,525.38
2024-08-21 21:35:07,BTCUSD_PERP,bid,59000,524.46
2024-08-21 21:35:15,BTCUSD_PERP,bid,59000,582.61
2024-08-21 21:35:46,BTCUSD_PERP,bid,59000,524.16
2024-08-21 21:36:14,BTCUSD_PERP,bid,59000,524.33
2024-08-21 21:36:14,BTCUSD_PERP,bid,59000,582.2
2024-08-21 21:36:24,BTCUSD_PERP,bid,59000,524.33
2024-08-21 21:36:26,BTCUSD_PERP,bid,59000,583.11
2024-08-21 21:36:26,BTCUSD_PERP,bid,59000,641.01
2024-08-21 21:36:26,BTCUSD_PERP,bid,59000,699.51
2024-08-21 21:36:28,BTCUSD_PERP,bid,59000,641.11
2024-08-21 21:36:28,BTCUSD_PERP,bid,59000,582.61
2024-08-21 21:36:28,BTCUSD_PERP,bid,59000,524.11
2024-08-21 21:36:44,BTCUSD_PERP,bid,59200,523.94
2024-08-21 21:36:44,BTCUSD_PERP,bid,59200,581.96
2024-08-21 21:36:52,BTCUSD_PERP,bid,59200,523.94
2024-08-21 21:37:11,BTCUSD_PERP,bid,59200,652.89
2024-08-21 21:37:11,BTCUSD_PERP,bid,59200,711.57
2024-08-21 21:37:12,BTCUSD_PERP,bid,59200,652.89
2024-08-21 21:37:13,BTCUSD_PERP,bid,59200,536.13
2024-08-21 21:37:24,BTCUSD_PERP,bid,59200,526.92
2024-08-21 21:37:24,BTCUSD_PERP,bid,59200,585.61
2024-08-21 21:37:28,BTCUSD_PERP,bid,59200,526.92
2024-08-21 21:37:37,BTCUSD_PERP,bid,59200,526.97
2024-08-21 21:39:15,BTCUSD_PERP,bid,59200,524.33
2024-08-21 21:39:43,BTCUSD_PERP,bid,59200,583.9
2024-08-21 21:39:43,BTCUSD_PERP,bid,59200,642.0
2024-08-21 21:39:57,BTCUSD_PERP,bid,59200,583.3
2024-08-21 21:39:57,BTCUSD_PERP,bid,59200,525.2
2024-08-21 21:40:15,BTCUSD_PERP,bid,59200,526.4
2024-08-21 21:40:15,BTCUSD_PERP,bid,59200,585.1
2024-08-21 21:46:04,BTCUSD_PERP,bid,59200,525.02
2024-08-21 21:46:04,BTCUSD_PERP,bid,59200,583.7
2024-08-21 21:46:18,BTCUSD_PERP,bid,59200,525.62
2024-08-21 21:47:10,BTCUSD_PERP,bid,59200,526.41
2024-08-21 21:47:10,BTCUSD_PERP,bid,59200,585.1
2024-08-21 21:47:14,BTCUSD_PERP,bid,59200,536.01
2024-08-21 21:47:14,BTCUSD_PERP,bid,59200,594.67
2024-08-21 21:47:51,BTCUSD_PERP,bid,59200,525.87
2024-08-21 21:48:07,BTCUSD_PERP,bid,59100,642.09
2024-08-21 21:48:24,BTCUSD_PERP,bid,59100,642.26
2024-08-21 21:48:24,BTCUSD_PERP,bid,59100,700.82
2024-08-21 21:48:34,BTCUSD_PERP,bid,59100,642.26
2024-08-21 21:48:34,BTCUSD_PERP,bid,59100,583.7
2024-08-21 21:48:34,BTCUSD_PERP,bid,59100,525.14
2024-08-21 21:48:35,BTCUSD_PERP,bid,59100,525.45
2024-08-21 21:48:35,BTCUSD_PERP,bid,59100,584.04
2024-08-21 21:48:35,BTCUSD_PERP,bid,59100,642.63
2024-08-21 21:48:49,BTCUSD_PERP,bid,59100,584.28
2024-08-21 21:48:55,BTCUSD_PERP,bid,59100,525.73
2024-08-21 21:49:48,BTCUSD_PERP,bid,58900,509.78
2024-08-21 21:50:41,BTCUSD_PERP,bid,59000,640.5
2024-08-21 21:50:49,BTCUSD_PERP,bid,59000,582.67
2024-08-21 21:50:49,BTCUSD_PERP,bid,59000,524.24
2024-08-21 21:50:50,BTCUSD_PERP,bid,58900,522.5
2024-08-21 21:51:01,BTCUSD_PERP,bid,58900,522.79
2024-08-21 21:51:02,BTCUSD_PERP,bid,58900,696.27
2024-08-21 21:51:03,BTCUSD_PERP,bid,58900,522.48
2024-08-21 21:51:03,BTCUSD_PERP,bid,58800,638.26
2024-08-21 21:51:09,BTCUSD_PERP,bid,58800,580.56
2024-08-21 21:51:09,BTCUSD_PERP,bid,58800,522.85
2024-08-21 21:51:22,BTCUSD_PERP,bid,58900,581.5
2024-08-21 21:51:23,BTCUSD_PERP,bid,58900,639.89
2024-08-21 21:51:23,BTCUSD_PERP,bid,58900,698.28
2024-08-21 21:51:34,BTCUSD_PERP,bid,58900,640.08
2024-08-21 21:51:37,BTCUSD_PERP,bid,58900,523.38
2024-08-21 21:51:37,BTCUSD_PERP,bid,58900,639.75
2024-08-21 21:51:43,BTCUSD_PERP,bid,58900,581.43
2024-08-21 21:51:43,BTCUSD_PERP,bid,58900,523.7
2024-08-21 21:51:52,BTCUSD_PERP,bid,58900,522.47
2024-08-21 21:52:05,BTCUSD_PERP,bid,58800,527.92
2024-08-21 21:52:12,BTCUSD_PERP,ask,64500,1618.55
2024-08-21 21:52:21,BTCUSD_PERP,bid,58800,764.23
2024-08-21 21:52:21,BTCUSD_PERP,bid,58800,822.45
2024-08-21 21:52:29,BTCUSD_PERP,bid,58800,706.6
2024-08-21 21:52:29,BTCUSD_PERP,bid,58800,590.75
2024-08-21 21:52:30,BTCUSD_PERP,bid,58800,532.53
2024-08-21 21:53:20,BTCUSD_PERP,bid,58800,522.16
2024-08-21 21:53:35,BTCUSD_PERP,bid,58800,696.08
2024-08-21 21:53:35,BTCUSD_PERP,bid,58800,754.34
2024-08-21 21:53:39,BTCUSD_PERP,bid,58800,696.08
2024-08-21 21:53:39,BTCUSD_PERP,bid,58800,522.48
2024-08-21 21:53:41,BTCUSD_PERP,bid,58800,522.25
2024-08-21 21:53:43,BTCUSD_PERP,ask,2950000,233.37
2024-08-21 21:53:54,BTCUSD_PERP,bid,58800,638.49
2024-08-21 21:54:17,BTCUSD_PERP,bid,58800,580.23
2024-08-21 21:54:17,BTCUSD_PERP,bid,58800,521.97
2024-08-21 21:55:03,BTCUSD_PERP,bid,58700,522.5
2024-08-21 21:55:03,BTCUSD_PERP,bid,58700,580.7
2024-08-21 21:55:11,BTCUSD_PERP,bid,58700,522.23
2024-08-21 21:55:11,BTCUSD_PERP,bid,58700,580.4
2024-08-21 21:55:20,BTCUSD_PERP,bid,58800,521.44
2024-08-21 21:55:20,BTCUSD_PERP,bid,58800,579.65
2024-08-21 21:55:20,BTCUSD_PERP,bid,58800,637.86
2024-08-21 21:55:20,BTCUSD_PERP,bid,58800,811.9
2024-08-21 21:55:20,BTCUSD_PERP,bid,58800,870.11
2024-08-21 21:55:20,BTCUSD_PERP,bid,58800,928.32
2024-08-21 21:56:09,BTCUSD_PERP,bid,58800,754.87
2024-08-21 21:56:09,BTCUSD_PERP,bid,58800,696.75
2024-08-21 21:56:09,BTCUSD_PERP,bid,58800,638.54
2024-08-21 21:56:09,BTCUSD_PERP,bid,58800,580.33
2024-08-21 21:56:10,BTCUSD_PERP,bid,58800,522.12
2024-08-21 21:57:17,BTCUSD_PERP,bid,58800,521.89
2024-08-21 21:57:17,BTCUSD_PERP,bid,58800,580.14
2024-08-21 21:57:17,BTCUSD_PERP,bid,58800,638.39
2024-08-21 21:57:17,BTCUSD_PERP,bid,58800,696.55
2024-08-21 21:57:18,BTCUSD_PERP,bid,58800,754.8
2024-08-21 21:57:18,BTCUSD_PERP,bid,58800,813.05
2024-08-21 21:57:49,BTCUSD_PERP,bid,58800,696.64
2024-08-21 21:57:49,BTCUSD_PERP,bid,58800,521.89
2024-08-21 21:59:13,BTCUSD_PERP,bid,58800,581.02
2024-08-21 21:59:13,BTCUSD_PERP,bid,58800,639.31
2024-08-21 21:59:35,BTCUSD_PERP,bid,58800,581.61
2024-08-21 21:59:35,BTCUSD_PERP,bid,58800,523.32
2024-08-21 22:01:38,BTCUSD_PERP,bid,58800,522.12
2024-08-21 22:01:38,BTCUSD_PERP,bid,58800,580.34
2024-08-21 22:01:50,BTCUSD_PERP,bid,58800,522.12
2024-08-21 22:01:51,BTCUSD_PERP,bid,58800,523.48
2024-08-21 22:01:52,BTCUSD_PERP,bid,58800,581.14
2024-08-21 22:01:57,BTCUSD_PERP,bid,58800,522.89
2024-08-21 22:05:50,BTCUSD_PERP,bid,58800,654.65
2024-08-21 22:05:50,BTCUSD_PERP,bid,58800,712.95
2024-08-21 22:06:10,BTCUSD_PERP,bid,58800,654.65
2024-08-21 22:06:10,BTCUSD_PERP,bid,58800,596.35
2024-08-21 22:06:10,BTCUSD_PERP,bid,58800,538.05
2024-08-21 22:06:15,BTCUSD_PERP,bid,58800,532.59
2024-08-21 22:06:15,BTCUSD_PERP,bid,58800,590.82
2024-08-21 22:07:21,BTCUSD_PERP,bid,58800,523.23
2024-08-21 22:07:21,BTCUSD_PERP,bid,58800,639.07
2024-08-21 22:07:22,BTCUSD_PERP,bid,58800,755.61
2024-08-21 22:07:22,BTCUSD_PERP,bid,58800,755.65
2024-08-21 22:07:33,BTCUSD_PERP,bid,58800,523.37
2024-08-21 22:07:33,BTCUSD_PERP,bid,58800,696.86
2024-08-21 22:07:33,BTCUSD_PERP,bid,58800,755.09
2024-08-21 22:09:30,BTCUSD_PERP,bid,58800,696.86
2024-08-21 22:09:30,BTCUSD_PERP,bid,58800,639.23
2024-08-21 22:09:30,BTCUSD_PERP,bid,58800,581.0
2024-08-21 22:09:31,BTCUSD_PERP,bid,58800,522.77
2024-08-21 22:09:31,BTCUSD_PERP,bid,58800,580.3
2024-08-21 22:09:32,BTCUSD_PERP,bid,58800,637.98
2024-08-21 22:09:37,BTCUSD_PERP,bid,58800,579.7
2024-08-21 22:09:37,BTCUSD_PERP,bid,58900,523.68
2024-08-21 22:09:37,BTCUSD_PERP,bid,58900,582.0
2024-08-21 22:09:38,BTCUSD_PERP,bid,58900,639.72
2024-08-21 22:09:38,BTCUSD_PERP,bid,58900,756.36
2024-08-21 22:09:38,BTCUSD_PERP,bid,58900,987.74
2024-08-21 22:09:47,BTCUSD_PERP,bid,58800,637.98
2024-08-21 22:09:47,BTCUSD_PERP,bid,58800,928.78
2024-08-21 22:09:47,BTCUSD_PERP,bid,58800,987.06
2024-08-21 22:10:15,BTCUSD_PERP,bid,58800,928.78
2024-08-21 22:10:15,BTCUSD_PERP,bid,58800,870.5
2024-08-21 22:10:16,BTCUSD_PERP,bid,58800,812.22
2024-08-21 22:10:16,BTCUSD_PERP,bid,58800,753.94
2024-08-21 22:10:16,BTCUSD_PERP,bid,58800,637.38
2024-08-21 22:10:16,BTCUSD_PERP,bid,58800,520.82
2024-08-21 22:10:16,BTCUSD_PERP,bid,58900,524.88
2024-08-21 22:10:16,BTCUSD_PERP,bid,58900,582.61
2024-08-21 22:10:16,BTCUSD_PERP,bid,58900,640.34
2024-08-21 22:10:17,BTCUSD_PERP,bid,58900,814.12
2024-08-21 22:10:17,BTCUSD_PERP,bid,58900,872.35
2024-08-21 22:10:17,BTCUSD_PERP,bid,58900,930.67
2024-08-21 22:10:17,BTCUSD_PERP,bid,58900,988.4
2024-08-21 22:10:17,BTCUSD_PERP,bid,58900,1046.12
2024-08-21 22:10:17,BTCUSD_PERP,bid,58900,1103.85
2024-08-21 22:10:17,BTCUSD_PERP,bid,58900,1161.58
2024-08-21 22:10:39,BTCUSD_PERP,bid,58900,1103.85
2024-08-21 22:10:39,BTCUSD_PERP,bid,58900,1045.53
2024-08-21 22:10:39,BTCUSD_PERP,bid,58900,987.21
2024-08-21 22:10:39,BTCUSD_PERP,bid,58900,929.48
2024-08-21 22:10:39,BTCUSD_PERP,bid,58900,871.16
2024-08-21 22:10:39,BTCUSD_PERP,bid,58900,812.84
2024-08-21 22:10:39,BTCUSD_PERP,bid,58900,754.52
2024-08-21 22:10:40,BTCUSD_PERP,bid,58900,696.2
2024-08-21 22:10:40,BTCUSD_PERP,bid,58900,637.88
2024-08-21 22:10:40,BTCUSD_PERP,bid,58900,521.83
2024-08-21 22:10:40,BTCUSD_PERP,bid,58900,523.44
2024-08-21 22:10:40,BTCUSD_PERP,bid,58900,581.2
2024-08-21 22:10:40,BTCUSD_PERP,bid,58900,638.96
2024-08-21 22:10:40,BTCUSD_PERP,bid,58900,812.84
2024-08-21 22:10:41,BTCUSD_PERP,bid,58900,871.1
2024-08-21 22:10:41,BTCUSD_PERP,bid,58900,939.27
2024-08-21 22:10:49,BTCUSD_PERP,bid,58900,880.91
2024-08-21 22:10:49,BTCUSD_PERP,bid,58900,764.29
2024-08-21 22:10:49,BTCUSD_PERP,bid,58900,706.53
2024-08-21 22:10:50,BTCUSD_PERP,bid,58900,648.17
2024-08-21 22:11:18,BTCUSD_PERP,bid,58900,589.81
2024-08-21 22:11:19,BTCUSD_PERP,bid,58900,580.91
2024-08-21 22:11:19,BTCUSD_PERP,bid,58900,639.3
2024-08-21 22:11:19,BTCUSD_PERP,bid,58900,697.09
2024-08-21 22:11:19,BTCUSD_PERP,bid,58900,754.88
2024-08-21 22:11:21,BTCUSD_PERP,bid,58900,754.92
2024-08-21 22:11:40,BTCUSD_PERP,bid,58900,638.74
2024-08-21 22:11:40,BTCUSD_PERP,bid,58900,523.16
2024-08-21 22:11:42,BTCUSD_PERP,bid,59000,524.07
2024-08-21 22:11:50,BTCUSD_PERP,bid,58900,813.84
2024-08-21 22:11:50,BTCUSD_PERP,bid,58900,872.22
2024-08-21 22:12:14,BTCUSD_PERP,bid,58900,581.2
2024-08-21 22:12:14,BTCUSD_PERP,bid,58900,639.56
2024-08-21 22:12:29,BTCUSD_PERP,bid,58900,581.2
2024-08-21 22:12:29,BTCUSD_PERP,bid,58900,523.44
2024-08-21 22:12:30,BTCUSD_PERP,bid,58900,522.44
2024-08-21 22:12:30,BTCUSD_PERP,bid,58900,580.82
2024-08-21 22:12:31,BTCUSD_PERP,bid,58900,639.2
2024-08-21 22:12:31,BTCUSD_PERP,bid,58900,697.58
2024-08-21 22:12:32,BTCUSD_PERP,bid,58900,755.96
2024-08-21 22:14:32,BTCUSD_PERP,bid,58900,698.16
2024-08-21 22:14:32,BTCUSD_PERP,bid,58900,581.4
2024-08-21 22:14:33,BTCUSD_PERP,bid,58900,523.62
2024-08-21 22:14:33,BTCUSD_PERP,bid,59000,581.84
2024-08-21 22:14:34,BTCUSD_PERP,bid,59000,639.66
2024-08-21 22:14:51,BTCUSD_PERP,bid,59000,581.24
2024-08-21 22:14:51,BTCUSD_PERP,bid,59000,523.41
2024-08-21 22:14:52,BTCUSD_PERP,bid,59000,524.37
2024-08-21 22:14:53,BTCUSD_PERP,bid,59000,640.7
2024-08-21 22:15:31,BTCUSD_PERP,bid,59000,523.64
2024-08-21 22:15:39,BTCUSD_PERP,bid,59000,523.96
2024-08-21 22:15:39,BTCUSD_PERP,bid,59000,582.45
2024-08-21 22:15:39,BTCUSD_PERP,bid,59000,698.84
2024-08-21 22:15:39,BTCUSD_PERP,bid,59000,757.33
2024-08-21 22:15:40,BTCUSD_PERP,bid,59000,873.72
2024-08-21 22:16:30,BTCUSD_PERP,bid,59000,698.84
2024-08-21 22:16:30,BTCUSD_PERP,bid,59000,640.44
2024-08-21 22:16:30,BTCUSD_PERP,bid,59000,581.95
2024-08-21 22:16:44,BTCUSD_PERP,bid,59000,582.1
2024-08-21 22:17:33,BTCUSD_PERP,bid,59000,523.74
2024-08-21 22:17:38,BTCUSD_PERP,bid,58900,533.47
2024-08-21 22:17:57,BTCUSD_PERP,bid,59000,523.33
2024-08-21 22:17:57,BTCUSD_PERP,bid,59000,581.75
2024-08-21 22:17:57,BTCUSD_PERP,bid,59000,640.17
2024-08-21 22:17:57,BTCUSD_PERP,bid,59000,698.59
2024-08-21 22:18:13,BTCUSD_PERP,bid,59000,640.26
2024-08-21 22:18:13,BTCUSD_PERP,bid,59000,581.84
2024-08-21 22:18:13,BTCUSD_PERP,bid,59000,524.01
2024-08-21 22:18:14,BTCUSD_PERP,bid,59000,535.56
2024-08-21 22:18:14,BTCUSD_PERP,bid,59000,594.02
2024-08-21 22:18:14,BTCUSD_PERP,bid,59000,652.48
2024-08-21 22:18:15,BTCUSD_PERP,bid,58900,519.85
2024-08-21 22:18:15,BTCUSD_PERP,bid,59000,769.4
2024-08-21 22:18:18,BTCUSD_PERP,bid,59000,652.58
2024-08-21 22:18:18,BTCUSD_PERP,bid,59000,594.72
2024-08-21 22:18:18,BTCUSD_PERP,bid,59000,525.13
2024-08-21 22:18:18,BTCUSD_PERP,bid,59000,583.02
2024-08-21 22:19:05,BTCUSD_PERP,bid,59000,524.53
2024-08-21 22:19:05,BTCUSD_PERP,bid,59000,582.8
2024-08-21 22:19:06,BTCUSD_PERP,bid,58900,509.96
2024-08-21 22:19:06,BTCUSD_PERP,bid,59000,699.02
2024-08-21 22:19:06,BTCUSD_PERP,bid,58900,568.32
2024-08-21 22:19:06,BTCUSD_PERP,bid,59000,757.48
2024-08-21 22:20:08,BTCUSD_PERP,bid,58900,593.14
2024-08-21 22:20:08,BTCUSD_PERP,bid,58900,708.74
2024-08-21 22:20:08,BTCUSD_PERP,bid,58900,767.14
2024-08-21 22:21:09,BTCUSD_PERP,bid,58900,708.84
2024-08-21 22:21:10,BTCUSD_PERP,bid,59000,523.51
2024-08-21 22:21:24,BTCUSD_PERP,bid,59000,537.61
2024-08-21 22:21:34,BTCUSD_PERP,bid,59000,523.83
2024-08-21 22:21:35,BTCUSD_PERP,bid,59000,537.98
2024-08-21 22:21:55,BTCUSD_PERP,bid,59000,523.56
2024-08-21 22:21:55,BTCUSD_PERP,bid,59000,523.97
2024-08-21 22:22:18,BTCUSD_PERP,ask,2850000,225.43
2024-08-21 22:23:19,BTCUSD_PERP,bid,58900,523.24
2024-08-21 22:24:06,BTCUSD_PERP,bid,58900,522.29
2024-08-21 22:24:06,BTCUSD_PERP,bid,58900,580.65
2024-08-21 22:24:12,BTCUSD_PERP,bid,58900,522.88
2024-08-21 22:24:13,BTCUSD_PERP,bid,58900,581.64
2024-08-21 22:24:14,BTCUSD_PERP,bid,58900,640.04
2024-08-21 22:24:14,BTCUSD_PERP,bid,58900,697.85
2024-08-21 22:24:14,BTCUSD_PERP,bid,58900,756.25
2024-08-21 22:29:21,BTCUSD_PERP,bid,58900,523.55
2024-08-21 22:29:21,BTCUSD_PERP,bid,58900,581.93
2024-08-21 22:29:37,BTCUSD_PERP,bid,58900,523.55
2024-08-21 22:29:57,BTCUSD_PERP,bid,59000,523.47
2024-08-21 22:29:57,BTCUSD_PERP,bid,59000,581.9
2024-08-21 22:29:57,BTCUSD_PERP,bid,59000,698.76
2024-08-21 22:29:57,BTCUSD_PERP,bid,59000,756.61
2024-08-21 22:29:58,BTCUSD_PERP,bid,59000,814.46
2024-08-21 22:29:58,BTCUSD_PERP,bid,59000,872.89
2024-08-21 22:30:13,BTCUSD_PERP,bid,59000,640.06
2024-08-21 22:30:26,BTCUSD_PERP,bid,59000,523.92
2024-08-21 22:30:27,BTCUSD_PERP,bid,59000,582.79
2024-08-21 22:30:28,BTCUSD_PERP,bid,59000,640.64
2024-08-21 22:30:28,BTCUSD_PERP,bid,59000,699.09
2024-08-21 22:30:28,BTCUSD_PERP,bid,59000,699.0
2024-08-21 22:31:14,BTCUSD_PERP,bid,59000,581.8
2024-08-21 22:31:14,BTCUSD_PERP,bid,59000,872.6
2024-08-21 22:31:15,BTCUSD_PERP,bid,59000,931.02
2024-08-21 22:31:26,BTCUSD_PERP,bid,59000,814.78
2024-08-21 22:31:26,BTCUSD_PERP,bid,58900,755.47
2024-08-21 22:31:43,BTCUSD_PERP,bid,58900,639.89
2024-08-21 22:31:44,BTCUSD_PERP,bid,58900,581.5
2024-08-21 22:31:44,BTCUSD_PERP,bid,58900,523.71
2024-08-21 22:31:45,BTCUSD_PERP,bid,59000,523.47
2024-08-21 22:31:45,BTCUSD_PERP,bid,59000,639.73
2024-08-21 22:39:42,BTCUSD_PERP,bid,59200,526.28
2024-08-21 22:39:42,BTCUSD_PERP,bid,59200,584.89
2024-08-21 22:39:42,BTCUSD_PERP,bid,59200,642.9
2024-08-21 22:40:22,BTCUSD_PERP,bid,59200,525.68
2024-08-21 22:40:35,BTCUSD_PERP,bid,59200,642.65
2024-08-21 22:40:36,BTCUSD_PERP,bid,59200,701.3
2024-08-21 22:41:08,BTCUSD_PERP,bid,59200,642.65
2024-08-21 22:41:08,BTCUSD_PERP,bid,59200,642.32
2024-08-21 22:41:09,BTCUSD_PERP,bid,59200,700.94
2024-08-21 22:42:29,BTCUSD_PERP,bid,59100,700.5
2024-08-21 22:42:29,BTCUSD_PERP,bid,59100,759.08
2024-08-21 22:42:37,BTCUSD_PERP,bid,59100,641.92
2024-08-21 22:43:44,BTCUSD_PERP,bid,59200,525.1
2024-08-21 22:43:51,BTCUSD_PERP,bid,59100,641.89
2024-08-21 22:44:20,BTCUSD_PERP,bid,59100,525.33
2024-08-21 22:44:22,BTCUSD_PERP,bid,59200,525.1
2024-08-21 22:48:51,BTCUSD_PERP,bid,59100,533.1
2024-08-21 22:48:54,BTCUSD_PERP,bid,59100,582.06
2024-08-21 22:48:54,BTCUSD_PERP,bid,59100,697.9
2024-08-21 22:48:58,BTCUSD_PERP,bid,59100,697.94
2024-08-21 22:49:08,BTCUSD_PERP,bid,59100,640.02
2024-08-21 22:49:08,BTCUSD_PERP,bid,59100,582.1
2024-08-21 22:49:08,BTCUSD_PERP,bid,59100,524.18
2024-08-21 22:49:10,BTCUSD_PERP,bid,59100,524.45
2024-08-21 22:49:36,BTCUSD_PERP,bid,59100,525.48
2024-08-21 22:49:53,BTCUSD_PERP,bid,59100,524.81
2024-08-21 22:49:53,BTCUSD_PERP,bid,59000,592.14
2024-08-21 22:49:53,BTCUSD_PERP,bid,59000,650.62
2024-08-21 22:50:01,BTCUSD_PERP,bid,59000,592.24
2024-08-21 22:51:11,BTCUSD_PERP,bid,59000,524.55
2024-08-21 22:53:17,BTCUSD_PERP,bid,59100,524.88
2024-08-21 22:53:18,BTCUSD_PERP,bid,59100,582.8
2024-08-21 22:53:46,BTCUSD_PERP,bid,59100,524.88
2024-08-21 22:53:47,BTCUSD_PERP,bid,59100,524.55
2024-08-21 22:53:48,BTCUSD_PERP,bid,59100,641.05
2024-08-21 22:56:32,BTCUSD_PERP,bid,59100,582.11
2024-08-21 22:56:32,BTCUSD_PERP,bid,59100,640.62
2024-08-21 22:56:58,BTCUSD_PERP,bid,59100,524.39
2024-08-21 22:57:06,BTCUSD_PERP,bid,59100,582.32
2024-08-21 22:57:06,BTCUSD_PERP,bid,59100,640.85
2024-08-21 22:57:14,BTCUSD_PERP,bid,59100,582.32
2024-08-21 22:57:15,BTCUSD_PERP,bid,59100,582.1
2024-08-21 22:57:15,BTCUSD_PERP,bid,59100,640.61
2024-08-21 22:57:22,BTCUSD_PERP,bid,59000,708.39
2024-08-21 22:57:22,BTCUSD_PERP,bid,59000,766.86
2024-08-21 22:58:41,BTCUSD_PERP,bid,59000,708.99
2024-08-21 22:58:41,BTCUSD_PERP,bid,59000,650.52
2024-08-21 22:58:42,BTCUSD_PERP,bid,59000,756.63
2024-08-21 23:00:33,BTCUSD_PERP,bid,59000,522.36
2024-08-21 23:02:11,BTCUSD_PERP,bid,59000,524.11
2024-08-21 23:02:11,BTCUSD_PERP,bid,59000,582.52
2024-08-21 23:02:12,BTCUSD_PERP,bid,59000,640.93
2024-08-21 23:02:12,BTCUSD_PERP,bid,59000,699.34
2024-08-21 23:02:23,BTCUSD_PERP,bid,58900,638.48
2024-08-21 23:02:23,BTCUSD_PERP,bid,58900,696.86
2024-08-21 23:02:28,BTCUSD_PERP,bid,58900,546.39
2024-08-21 23:02:28,BTCUSD_PERP,bid,58900,604.73
2024-08-21 23:05:24,BTCUSD_PERP,bid,58900,523.2
2024-08-21 23:06:12,BTCUSD_PERP,bid,58900,522.61
2024-08-21 23:06:12,BTCUSD_PERP,bid,58900,580.95
2024-08-21 23:06:12,BTCUSD_PERP,bid,58900,639.29
2024-08-21 23:06:35,BTCUSD_PERP,bid,58900,522.7
2024-08-21 23:07:11,BTCUSD_PERP,bid,58900,522.19
2024-08-21 23:07:11,BTCUSD_PERP,bid,58900,579.94
2024-08-21 23:07:11,BTCUSD_PERP,bid,58900,638.29
2024-08-21 23:07:11,BTCUSD_PERP,bid,58900,696.64
2024-08-21 23:08:32,BTCUSD_PERP,bid,58900,638.29
2024-08-21 23:08:32,BTCUSD_PERP,bid,58900,523.02
2024-08-21 23:08:33,BTCUSD_PERP,bid,58900,696.96
2024-08-21 23:10:45,BTCUSD_PERP,bid,59000,697.32
2024-08-21 23:12:32,BTCUSD_PERP,bid,58900,522.42
2024-08-21 23:13:27,BTCUSD_PERP,bid,58900,523.35
2024-08-21 23:13:27,BTCUSD_PERP,bid,58900,581.1
2024-08-21 23:13:27,BTCUSD_PERP,bid,58900,696.6
2024-08-21 23:13:29,BTCUSD_PERP,bid,58900,697.83
2024-08-21 23:13:32,BTCUSD_PERP,bid,58900,697.87
2024-08-21 23:13:53,BTCUSD_PERP,ask,2950000,233.36
2024-08-21 23:15:30,BTCUSD_PERP,bid,58900,696.64
2024-08-21 23:15:55,BTCUSD_PERP,bid,58900,580.16
2024-08-21 23:16:43,BTCUSD_PERP,bid,58900,521.85
2024-08-21 23:16:52,BTCUSD_PERP,bid,58900,523.89
2024-08-21 23:16:53,BTCUSD_PERP,bid,58900,581.64
2024-08-21 23:17:05,BTCUSD_PERP,bid,58900,581.6
2024-08-21 23:18:03,BTCUSD_PERP,bid,58900,523.25
2024-08-21 23:18:05,BTCUSD_PERP,bid,58900,639.08
2024-08-21 23:18:05,BTCUSD_PERP,bid,58900,697.46
2024-08-21 23:19:21,BTCUSD_PERP,bid,58900,639.08
2024-08-21 23:19:21,BTCUSD_PERP,bid,58900,581.3
2024-08-21 23:19:21,BTCUSD_PERP,bid,58900,522.92
2024-08-21 23:19:22,BTCUSD_PERP,bid,59000,523.53
2024-08-21 23:19:23,BTCUSD_PERP,bid,59000,640.39
2024-08-21 23:19:23,BTCUSD_PERP,bid,59000,756.09
2024-08-21 23:19:23,BTCUSD_PERP,bid,59000,814.52
2024-08-21 23:20:31,BTCUSD_PERP,bid,59000,698.82
2024-08-21 23:20:31,BTCUSD_PERP,bid,59000,581.96
2024-08-21 23:20:43,BTCUSD_PERP,bid,59000,524.11
2024-08-21 23:20:44,BTCUSD_PERP,bid,59000,524.55
2024-08-21 23:20:45,BTCUSD_PERP,bid,59000,582.44
2024-08-21 23:20:46,BTCUSD_PERP,bid,59000,582.48
2024-08-21 23:28:19,BTCUSD_PERP,bid,59000,525.21
2024-08-21 23:30:25,BTCUSD_PERP,bid,59100,535.33
2024-08-21 23:31:10,BTCUSD_PERP,bid,59100,582.0
2024-08-21 23:31:10,BTCUSD_PERP,bid,59100,639.92
2024-08-21 23:33:29,BTCUSD_PERP,bid,59100,525.57
2024-08-21 23:33:33,BTCUSD_PERP,bid,59100,581.41
2024-08-21 23:33:33,BTCUSD_PERP,bid,59100,523.5
2024-08-21 23:34:21,BTCUSD_PERP,bid,59100,524.09
2024-08-21 23:35:41,BTCUSD_PERP,bid,59100,582.7
2024-08-21 23:37:32,BTCUSD_PERP,bid,59100,524.12
2024-08-21 23:37:33,BTCUSD_PERP,bid,59200,523.88
2024-08-21 23:37:33,BTCUSD_PERP,bid,59200,523.92
2024-08-21 23:38:42,BTCUSD_PERP,bid,59200,528.12
2024-08-21 23:38:42,BTCUSD_PERP,bid,59200,586.17
2024-08-21 23:39:58,BTCUSD_PERP,bid,59200,528.12
2024-08-21 23:39:58,BTCUSD_PERP,bid,59200,582.51
2024-08-21 23:40:59,BTCUSD_PERP,bid,59100,583.5
2024-08-21 23:40:59,BTCUSD_PERP,bid,59100,874.55
2024-08-21 23:40:59,BTCUSD_PERP,bid,59100,525.68
2024-08-21 23:41:30,BTCUSD_PERP,bid,59100,816.56
2024-08-21 23:41:31,BTCUSD_PERP,bid,59100,641.39
2024-08-21 23:41:31,BTCUSD_PERP,bid,59100,524.81
2024-08-21 23:41:31,BTCUSD_PERP,bid,59200,525.19
2024-08-21 23:41:32,BTCUSD_PERP,bid,59200,583.21
2024-08-21 23:41:32,BTCUSD_PERP,bid,59200,641.83
2024-08-21 23:41:32,BTCUSD_PERP,bid,59200,875.02
2024-08-21 23:41:32,BTCUSD_PERP,bid,59100,525.98
2024-08-21 23:42:25,BTCUSD_PERP,bid,59200,757.78
2024-08-21 23:42:25,BTCUSD_PERP,bid,59200,699.16
2024-08-21 23:42:25,BTCUSD_PERP,bid,59200,641.13
2024-08-21 23:42:25,BTCUSD_PERP,bid,59200,582.51
2024-08-21 23:42:25,BTCUSD_PERP,bid,59200,524.49
2024-08-21 23:42:26,BTCUSD_PERP,bid,59200,642.67
2024-08-21 23:42:26,BTCUSD_PERP,bid,59200,701.32
2024-08-21 23:42:26,BTCUSD_PERP,bid,59200,759.37
2024-08-21 23:42:26,BTCUSD_PERP,bid,59100,526.25
2024-08-21 23:42:26,BTCUSD_PERP,bid,59200,817.42
2024-08-21 23:42:26,BTCUSD_PERP,bid,59200,875.47
2024-08-21 23:45:49,BTCUSD_PERP,bid,59200,816.82
2024-08-21 23:45:49,BTCUSD_PERP,bid,59200,758.17
2024-08-21 23:45:49,BTCUSD_PERP,bid,59200,700.12
2024-08-21 23:45:49,BTCUSD_PERP,bid,59200,525.37
2024-08-21 23:45:50,BTCUSD_PERP,bid,59200,525.21
2024-08-21 23:45:50,BTCUSD_PERP,bid,59200,583.3
2024-08-21 23:45:50,BTCUSD_PERP,bid,59200,641.89
2024-08-21 23:45:51,BTCUSD_PERP,bid,59200,699.98
2024-08-21 23:45:51,BTCUSD_PERP,bid,59200,526.58
2024-08-21 23:45:51,BTCUSD_PERP,bid,59200,758.67
2024-08-21 23:46:03,BTCUSD_PERP,bid,59200,700.08
2024-08-21 23:46:03,BTCUSD_PERP,bid,59200,641.99
2024-08-21 23:46:03,BTCUSD_PERP,bid,59200,582.4
2024-08-21 23:46:03,BTCUSD_PERP,bid,59200,758.38
2024-08-21 23:46:04,BTCUSD_PERP,bid,59100,526.31
2024-08-21 23:46:12,BTCUSD_PERP,bid,59200,699.72
2024-08-21 23:46:12,BTCUSD_PERP,bid,59200,583.0
2024-08-21 23:46:13,BTCUSD_PERP,bid,59200,524.34
2024-08-21 23:46:13,BTCUSD_PERP,bid,59200,525.72
2024-08-21 23:46:13,BTCUSD_PERP,bid,59200,642.48
2024-08-21 23:46:14,BTCUSD_PERP,bid,59200,700.56
2024-08-21 23:46:14,BTCUSD_PERP,bid,59200,759.14
2024-08-21 23:46:14,BTCUSD_PERP,bid,59200,817.22
2024-08-21 23:46:15,BTCUSD_PERP,bid,59200,526.58
2024-08-21 23:46:30,BTCUSD_PERP,bid,59200,818.46
2024-08-21 23:46:58,BTCUSD_PERP,bid,59200,759.78
2024-08-21 23:46:59,BTCUSD_PERP,bid,59200,701.1
2024-08-21 23:46:59,BTCUSD_PERP,bid,59200,584.34
2024-08-21 23:46:59,BTCUSD_PERP,bid,59200,816.94
2024-08-21 23:46:59,BTCUSD_PERP,bid,59100,526.31
2024-08-21 23:47:17,BTCUSD_PERP,bid,59200,524.84
2024-08-21 23:47:17,BTCUSD_PERP,bid,59200,525.71
2024-08-21 23:48:04,BTCUSD_PERP,bid,59300,527.4
2024-08-21 23:48:04,BTCUSD_PERP,bid,59300,586.2
2024-08-21 23:48:04,BTCUSD_PERP,bid,59300,644.4
2024-08-21 23:48:04,BTCUSD_PERP,bid,59300,712.49
2024-08-21 23:48:05,BTCUSD_PERP,bid,59300,770.69
2024-08-21 23:48:05,BTCUSD_PERP,bid,59200,545.13
2024-08-21 23:48:18,BTCUSD_PERP,bid,59300,711.89
2024-08-21 23:48:19,BTCUSD_PERP,bid,59300,594.29
2024-08-21 23:48:49,BTCUSD_PERP,bid,59300,585.81
2024-08-21 23:48:49,BTCUSD_PERP,bid,59300,994.8
2024-08-21 23:49:12,BTCUSD_PERP,bid,59300,525.06
2024-08-21 23:49:43,BTCUSD_PERP,bid,59300,525.99
2024-08-21 23:49:43,BTCUSD_PERP,bid,59300,584.7
2024-08-21 23:50:37,BTCUSD_PERP,bid,59300,643.41
2024-08-21 23:50:38,BTCUSD_PERP,bid,59300,585.3
2024-08-21 23:50:38,BTCUSD_PERP,bid,59300,527.19
2024-08-21 23:50:39,BTCUSD_PERP,bid,59300,585.0
2024-08-21 23:51:07,BTCUSD_PERP,bid,59300,526.26
2024-08-21 23:51:08,BTCUSD_PERP,bid,59300,526.62
2024-08-21 23:51:08,BTCUSD_PERP,bid,59300,585.4
2024-08-21 23:51:08,BTCUSD_PERP,bid,59300,644.18
2024-08-21 23:51:08,BTCUSD_PERP,bid,59300,761.14
2024-08-21 23:51:08,BTCUSD_PERP,bid,59300,819.32
2024-08-21 23:51:09,BTCUSD_PERP,bid,59300,878.1
2024-08-21 23:51:09,BTCUSD_PERP,bid,59300,995.06
2024-08-21 23:51:09,BTCUSD_PERP,bid,59300,1053.84
2024-08-21 23:51:09,BTCUSD_PERP,bid,59300,513.3
2024-08-21 23:51:31,BTCUSD_PERP,bid,59300,936.28
2024-08-21 23:51:31,BTCUSD_PERP,bid,59300,819.32
2024-08-21 23:51:31,BTCUSD_PERP,bid,59300,760.54
2024-08-21 23:51:31,BTCUSD_PERP,bid,59300,701.76
2024-08-21 23:51:31,BTCUSD_PERP,bid,59300,643.58
2024-08-21 23:51:32,BTCUSD_PERP,bid,59300,584.8
2024-08-21 23:51:32,BTCUSD_PERP,bid,59400,542.2
2024-08-21 23:51:32,BTCUSD_PERP,bid,59400,659.22
2024-08-21 23:51:32,BTCUSD_PERP,bid,59400,717.43
2024-08-21 23:51:33,BTCUSD_PERP,bid,59400,834.95
2024-08-21 23:51:33,BTCUSD_PERP,bid,59400,951.97
2024-08-21 23:51:33,BTCUSD_PERP,bid,59300,512.97
2024-08-21 23:51:33,BTCUSD_PERP,bid,59300,571.72
2024-08-21 23:51:33,BTCUSD_PERP,bid,59400,1127.2
2024-08-21 23:51:42,BTCUSD_PERP,bid,59400,1068.99
2024-08-21 23:51:42,BTCUSD_PERP,bid,59300,512.97
2024-08-21 23:51:43,BTCUSD_PERP,bid,59400,1010.18
2024-08-21 23:51:43,BTCUSD_PERP,bid,59400,951.37
2024-08-21 23:51:43,BTCUSD_PERP,bid,59400,775.54
2024-08-21 23:51:43,BTCUSD_PERP,bid,59400,658.62
2024-08-21 23:51:43,BTCUSD_PERP,bid,59400,541.6
2024-08-21 23:51:43,BTCUSD_PERP,bid,59400,527.75
2024-08-21 23:51:43,BTCUSD_PERP,bid,59400,586.6
2024-08-21 23:51:43,BTCUSD_PERP,bid,59400,644.85
2024-08-21 23:51:43,BTCUSD_PERP,bid,59400,761.95
2024-08-21 23:51:44,BTCUSD_PERP,bid,59300,513.32
2024-08-21 23:51:44,BTCUSD_PERP,bid,59400,820.2
2024-08-21 23:51:44,BTCUSD_PERP,bid,59400,879.05
2024-08-21 23:51:44,BTCUSD_PERP,bid,59400,996.75
2024-08-21 23:51:44,BTCUSD_PERP,bid,59400,1055.6
2024-08-21 23:52:18,BTCUSD_PERP,bid,59400,997.35
2024-08-21 23:52:18,BTCUSD_PERP,bid,59400,586.31
2024-08-21 23:52:18,BTCUSD_PERP,bid,59400,820.86
2024-08-21 23:52:18,BTCUSD_PERP,bid,59400,879.67
2024-08-21 23:53:57,BTCUSD_PERP,bid,59400,820.86
2024-08-21 23:53:57,BTCUSD_PERP,bid,59300,761.65
2024-08-21 23:53:57,BTCUSD_PERP,bid,59300,820.43
2024-08-21 23:53:57,BTCUSD_PERP,bid,59300,879.21
2024-08-21 23:54:44,BTCUSD_PERP,bid,59300,761.65
2024-08-21 23:54:44,BTCUSD_PERP,bid,59300,703.47
2024-08-21 23:54:44,BTCUSD_PERP,bid,59300,645.29
2024-08-21 23:54:45,BTCUSD_PERP,bid,59400,528.0
2024-08-21 23:54:45,BTCUSD_PERP,bid,59400,586.81
2024-08-21 23:54:45,BTCUSD_PERP,bid,59400,645.62
2024-08-21 23:55:33,BTCUSD_PERP,bid,59400,529.47
2024-08-21 23:55:33,BTCUSD_PERP,bid,59400,543.71
2024-08-21 23:56:08,BTCUSD_PERP,bid,59400,529.47
2024-08-21 23:56:45,BTCUSD_PERP,bid,59400,529.2
2024-08-21 23:56:49,BTCUSD_PERP,bid,59300,585.9
2024-08-21 23:56:49,BTCUSD_PERP,bid,59300,644.68
2024-08-21 23:57:01,BTCUSD_PERP,bid,59300,643.75
2024-08-21 23:57:01,BTCUSD_PERP,bid,59300,702.5
2024-08-21 23:57:08,BTCUSD_PERP,bid,47000,2453.04
2024-08-21 23:57:34,BTCUSD_PERP,bid,59200,570.66
2024-08-21 23:57:34,BTCUSD_PERP,bid,59300,702.14
2024-08-21 23:57:34,BTCUSD_PERP,bid,59300,760.86
2024-08-21 23:57:44,BTCUSD_PERP,bid,59200,643.09
2024-08-21 23:57:44,BTCUSD_PERP,bid,59200,701.78
2024-08-21 23:57:44,BTCUSD_PERP,bid,59200,760.47
2024-08-21 23:57:58,BTCUSD_PERP,bid,59200,643.69
2024-08-21 23:58:00,BTCUSD_PERP,bid,59300,526.58
2024-08-21 23:58:00,BTCUSD_PERP,bid,59300,585.3
2024-08-21 23:58:00,BTCUSD_PERP,bid,59300,644.02
2024-08-21 23:59:10,BTCUSD_PERP,bid,59300,585.3
2024-08-21 23:59:10,BTCUSD_PERP,bid,59300,527.18
2024-08-21 23:59:12,BTCUSD_PERP,bid,59300,585.61
2024-08-21 23:59:30,BTCUSD_PERP,bid,59300,599.83
2024-08-21 23:59:55,BTCUSD_PERP,bid,59300,541.08
2024-08-21 23:59:56,BTCUSD_PERP,bid,59300,522.88
2024-08-21 23:59:56,BTCUSD_PERP,bid,59300,584.3
2024-08-21 23:59:56,BTCUSD_PERP,bid,59300,643.1
2024-08-21 23:59:56,BTCUSD_PERP,bid,59300,760.7
2024-08-21 23:59:57,BTCUSD_PERP,bid,59300,819.5
2024-08-21 23:59:57,BTCUSD_PERP,bid,59300,581.6
2024-08-21 23:59:57,BTCUSD_PERP,bid,59300,878.3
2024-08-22 00:00:26,BTCUSD_PERP,bid,59300,512.66
2024-08-22 00:00:26,BTCUSD_PERP,bid,59300,760.84
2024-08-22 00:00:26,BTCUSD_PERP,bid,59300,571.33
2024-08-22 00:00:26,BTCUSD_PERP,bid,59300,819.6
2024-08-22 00:00:46,BTCUSD_PERP,bid,59300,512.62
2024-08-22 00:00:46,BTCUSD_PERP,bid,59200,522.31
2024-08-22 00:00:46,BTCUSD_PERP,bid,59300,818.52
2024-08-22 00:00:46,BTCUSD_PERP,bid,59200,580.95
2024-08-22 00:00:46,BTCUSD_PERP,bid,59300,877.25
2024-08-22 00:00:47,BTCUSD_PERP,bid,59300,935.38
2024-08-22 00:01:09,BTCUSD_PERP,bid,59300,759.79
2024-08-22 00:01:09,BTCUSD_PERP,bid,59300,642.33
2024-08-22 00:01:10,BTCUSD_PERP,bid,59300,584.2
2024-08-22 00:04:41,BTCUSD_PERP,bid,59200,641.94
2024-08-22 00:04:41,BTCUSD_PERP,bid,59200,700.58
2024-08-22 00:04:56,BTCUSD_PERP,bid,59200,583.9
2024-08-22 00:04:58,BTCUSD_PERP,bid,59200,526.4
2024-08-22 00:04:59,BTCUSD_PERP,bid,59200,525.53
2024-08-22 00:05:13,BTCUSD_PERP,bid,59100,526.1
2024-08-22 00:05:13,BTCUSD_PERP,bid,59200,525.28
2024-08-22 00:05:16,BTCUSD_PERP,bid,59200,539.47
2024-08-22 00:06:42,BTCUSD_PERP,bid,59200,525.36
2024-08-22 00:06:42,BTCUSD_PERP,bid,59200,584.0
2024-08-22 00:06:42,BTCUSD_PERP,bid,59200,642.55
2024-08-22 00:06:42,BTCUSD_PERP,bid,59100,511.52
2024-08-22 00:06:42,BTCUSD_PERP,bid,59200,759.24
2024-08-22 00:10:27,BTCUSD_PERP,bid,59200,817.11
2024-08-22 00:10:28,BTCUSD_PERP,bid,59200,875.78
2024-08-22 00:12:22,BTCUSD_PERP,bid,42000,1062.31
2024-08-22 00:13:41,BTCUSD_PERP,bid,59200,817.11
2024-08-22 00:13:41,BTCUSD_PERP,bid,59200,758.44
2024-08-22 00:13:42,BTCUSD_PERP,bid,59200,700.37
2024-08-22 00:13:42,BTCUSD_PERP,bid,59200,642.3
2024-08-22 00:13:42,BTCUSD_PERP,bid,59200,583.72
2024-08-22 00:13:42,BTCUSD_PERP,bid,59200,525.05
2024-08-22 00:13:43,BTCUSD_PERP,bid,59300,525.31
2024-08-22 00:13:43,BTCUSD_PERP,bid,59300,584.02
2024-08-22 00:13:43,BTCUSD_PERP,bid,59300,642.13
2024-08-22 00:13:43,BTCUSD_PERP,bid,59300,700.25
2024-08-22 00:13:43,BTCUSD_PERP,bid,59200,512.13
2024-08-22 00:13:43,BTCUSD_PERP,bid,59300,758.96
2024-08-22 00:13:43,BTCUSD_PERP,bid,59300,817.67
2024-08-22 00:13:46,BTCUSD_PERP,bid,59300,700.94
2024-08-22 00:13:46,BTCUSD_PERP,bid,59300,642.83
2024-08-22 00:13:46,BTCUSD_PERP,bid,59300,584.12
2024-08-22 00:13:47,BTCUSD_PERP,bid,59300,525.41
2024-08-22 00:13:47,BTCUSD_PERP,bid,59200,583.71
2024-08-22 00:13:47,BTCUSD_PERP,bid,59200,641.79
2024-08-22 00:13:47,BTCUSD_PERP,bid,59200,699.87
2024-08-22 00:14:08,BTCUSD_PERP,bid,59200,641.79
2024-08-22 00:14:08,BTCUSD_PERP,bid,59300,525.89
2024-08-22 00:15:06,BTCUSD_PERP,bid,59300,586.1
2024-08-22 00:15:06,BTCUSD_PERP,bid,59300,761.12
2024-08-22 00:15:20,BTCUSD_PERP,bid,59300,702.38
2024-08-22 00:15:20,BTCUSD_PERP,bid,59300,644.24
2024-08-22 00:15:21,BTCUSD_PERP,bid,59300,585.5
2024-08-22 00:15:21,BTCUSD_PERP,bid,59300,526.76
2024-08-22 00:15:21,BTCUSD_PERP,bid,59300,760.73
2024-08-22 00:16:05,BTCUSD_PERP,bid,59300,702.02
2024-08-22 00:16:05,BTCUSD_PERP,bid,59300,643.31
2024-08-22 00:16:05,BTCUSD_PERP,bid,59200,642.98
2024-08-22 00:16:05,BTCUSD_PERP,bid,59200,701.66
2024-08-22 00:18:06,BTCUSD_PERP,bid,59200,643.58
2024-08-22 00:18:06,BTCUSD_PERP,bid,59200,585.5
2024-08-22 00:18:06,BTCUSD_PERP,bid,59200,526.82
2024-08-22 00:18:07,BTCUSD_PERP,bid,59300,527.1
2024-08-22 00:18:07,BTCUSD_PERP,bid,59300,585.81
2024-08-22 00:18:08,BTCUSD_PERP,bid,59300,643.92
2024-08-22 00:18:24,BTCUSD_PERP,bid,59300,585.81
2024-08-22 00:18:24,BTCUSD_PERP,bid,59200,526.83
2024-08-22 00:18:24,BTCUSD_PERP,bid,59200,584.91
2024-08-22 00:18:24,BTCUSD_PERP,bid,59200,643.59
2024-08-22 00:18:50,BTCUSD_PERP,bid,59200,584.91
2024-08-22 00:18:50,BTCUSD_PERP,bid,59200,526.23
2024-08-22 00:21:23,BTCUSD_PERP,bid,59400,585.24
2024-08-22 00:21:46,BTCUSD_PERP,bid,59400,703.0
2024-08-22 00:21:46,BTCUSD_PERP,bid,59400,761.88
2024-08-22 00:22:14,BTCUSD_PERP,bid,59400,761.84
2024-08-22 00:22:49,BTCUSD_PERP,bid,59400,703.56
2024-08-22 00:22:49,BTCUSD_PERP,bid,59400,526.65
2024-08-22 00:22:50,BTCUSD_PERP,bid,59400,702.6
2024-08-22 00:22:50,BTCUSD_PERP,bid,59400,761.45
2024-08-22 00:23:53,BTCUSD_PERP,bid,59400,585.5
2024-08-22 00:23:53,BTCUSD_PERP,bid,59400,526.89
2024-08-22 00:23:53,BTCUSD_PERP,bid,59400,585.7
2024-08-22 00:25:31,BTCUSD_PERP,bid,59300,761.63
2024-08-22 00:25:52,BTCUSD_PERP,bid,59300,702.85
2024-08-22 00:25:52,BTCUSD_PERP,bid,59300,644.68
2024-08-22 00:25:52,BTCUSD_PERP,bid,59300,585.9
2024-08-22 00:25:53,BTCUSD_PERP,bid,59300,527.12
2024-08-22 00:25:53,BTCUSD_PERP,bid,59400,527.99
2024-08-22 00:25:54,BTCUSD_PERP,bid,59400,644.41
2024-08-22 00:25:54,BTCUSD_PERP,bid,59400,762.03
2024-08-22 00:28:41,BTCUSD_PERP,bid,59400,703.82
2024-08-22 00:28:41,BTCUSD_PERP,bid,59400,645.61
2024-08-22 00:30:42,BTCUSD_PERP,bid,59400,527.49
2024-08-22 00:30:42,BTCUSD_PERP,bid,59400,585.76
2024-08-22 00:30:42,BTCUSD_PERP,bid,59400,644.03
2024-08-22 00:30:42,BTCUSD_PERP,bid,59400,702.91
2024-08-22 00:30:42,BTCUSD_PERP,bid,59400,761.79
2024-08-22 00:30:42,BTCUSD_PERP,bid,59400,820.67
2024-08-22 00:30:42,BTCUSD_PERP,bid,59400,879.55
2024-08-22 00:31:07,BTCUSD_PERP,bid,59400,820.67
2024-08-22 00:31:07,BTCUSD_PERP,bid,59400,879.1
2024-08-22 00:31:36,BTCUSD_PERP,bid,59400,654.36
2024-08-22 00:31:37,BTCUSD_PERP,bid,59400,713.17
2024-08-22 00:31:56,BTCUSD_PERP,bid,59400,595.55
2024-08-22 00:31:56,BTCUSD_PERP,bid,59400,536.74
2024-08-22 00:31:57,BTCUSD_PERP,bid,59400,527.84
2024-08-22 00:31:57,BTCUSD_PERP,bid,59400,644.34
2024-08-22 00:31:57,BTCUSD_PERP,bid,59400,702.59
2024-08-22 00:32:07,BTCUSD_PERP,bid,59400,526.82
2024-08-22 00:32:07,BTCUSD_PERP,bid,59400,585.7
2024-08-22 00:32:07,BTCUSD_PERP,bid,59400,644.58
2024-08-22 00:32:07,BTCUSD_PERP,bid,59400,703.46
2024-08-22 00:32:08,BTCUSD_PERP,bid,59400,513.59
2024-08-22 00:32:50,BTCUSD_PERP,bid,59400,762.55
2024-08-22 00:32:50,BTCUSD_PERP,bid,59400,821.4
2024-08-22 00:33:20,BTCUSD_PERP,bid,59400,702.64
2024-08-22 00:33:20,BTCUSD_PERP,bid,59400,761.45
2024-08-22 00:34:10,BTCUSD_PERP,bid,59400,703.1
2024-08-22 00:34:10,BTCUSD_PERP,bid,59400,937.3
2024-08-22 00:34:10,BTCUSD_PERP,bid,59300,513.32
2024-08-22 00:34:10,BTCUSD_PERP,bid,59400,996.15
2024-08-22 00:35:30,BTCUSD_PERP,bid,59400,937.9
2024-08-22 00:35:30,BTCUSD_PERP,bid,59400,879.65
2024-08-22 00:35:30,BTCUSD_PERP,bid,59400,820.8
2024-08-22 00:35:30,BTCUSD_PERP,bid,59400,703.2
2024-08-22 00:35:31,BTCUSD_PERP,bid,59400,644.95
2024-08-22 00:35:31,BTCUSD_PERP,bid,59400,528.45
2024-08-22 00:35:31,BTCUSD_PERP,bid,59400,585.09
2024-08-22 00:35:31,BTCUSD_PERP,bid,59400,702.73
2024-08-22 00:35:31,BTCUSD_PERP,bid,59400,820.37
2024-08-22 00:35:32,BTCUSD_PERP,bid,59400,879.19
2024-08-22 00:35:32,BTCUSD_PERP,bid,59400,937.41
2024-08-22 00:35:32,BTCUSD_PERP,bid,59300,513.06
2024-08-22 00:36:35,BTCUSD_PERP,bid,59400,645.12
2024-08-22 00:36:35,BTCUSD_PERP,bid,59300,527.82
2024-08-22 00:36:35,BTCUSD_PERP,bid,59300,586.6
2024-08-22 00:36:45,BTCUSD_PERP,bid,59300,880.3
2024-08-22 00:36:45,BTCUSD_PERP,bid,59300,939.05
2024-08-22 00:37:11,BTCUSD_PERP,bid,59300,880.3
2024-08-22 00:37:12,BTCUSD_PERP,bid,59300,763.4
2024-08-22 00:37:12,BTCUSD_PERP,bid,59300,704.65
2024-08-22 00:37:12,BTCUSD_PERP,bid,59300,645.9
2024-08-22 00:37:12,BTCUSD_PERP,bid,59300,587.15
2024-08-22 00:37:12,BTCUSD_PERP,bid,59300,528.4
2024-08-22 00:37:13,BTCUSD_PERP,bid,59300,591.44
2024-08-22 00:37:13,BTCUSD_PERP,bid,59300,650.16
2024-08-22 00:37:13,BTCUSD_PERP,bid,59300,708.28
2024-08-22 00:37:22,BTCUSD_PERP,bid,59300,702.14
2024-08-22 00:37:37,BTCUSD_PERP,bid,59300,643.77
2024-08-22 00:37:37,BTCUSD_PERP,bid,59300,702.52
2024-08-22 00:38:13,BTCUSD_PERP,bid,59300,760.45
2024-08-22 00:38:13,BTCUSD_PERP,bid,59300,819.23
2024-08-22 00:40:23,BTCUSD_PERP,bid,59300,760.45
2024-08-22 00:40:23,BTCUSD_PERP,bid,59300,702.27
2024-08-22 00:40:23,BTCUSD_PERP,bid,59300,643.49
2024-08-22 00:40:23,BTCUSD_PERP,bid,59300,526.53
2024-08-22 00:40:24,BTCUSD_PERP,bid,59400,526.89
2024-08-22 00:40:45,BTCUSD_PERP,bid,59300,526.62
2024-08-22 00:46:25,BTCUSD_PERP,bid,59500,527.79
2024-08-22 00:46:51,BTCUSD_PERP,bid,59400,585.2
2024-08-22 00:46:51,BTCUSD_PERP,bid,59400,644.09
2024-08-22 00:46:59,BTCUSD_PERP,bid,59400,644.13
2024-08-22 00:47:09,BTCUSD_PERP,bid,59400,526.95
2024-08-22 00:47:09,BTCUSD_PERP,bid,59500,585.51
2024-08-22 00:47:09,BTCUSD_PERP,bid,59500,644.43
2024-08-22 00:47:56,BTCUSD_PERP,bid,59500,586.11
2024-08-22 00:47:58,BTCUSD_PERP,bid,59400,526.95
2024-08-22 00:47:58,BTCUSD_PERP,bid,59400,644.13
2024-08-22 00:48:08,BTCUSD_PERP,bid,59400,526.95
2024-08-22 00:48:10,BTCUSD_PERP,bid,59500,527.19
2024-08-22 00:48:10,BTCUSD_PERP,bid,59500,585.51
2024-08-22 00:48:10,BTCUSD_PERP,bid,59500,644.43
2024-08-22 00:48:57,BTCUSD_PERP,bid,59400,526.82
2024-08-22 00:48:57,BTCUSD_PERP,bid,59400,585.1
2024-08-22 00:48:57,BTCUSD_PERP,bid,59400,643.98
2024-08-22 00:49:13,BTCUSD_PERP,bid,59400,526.82
2024-08-22 00:49:14,BTCUSD_PERP,bid,59400,584.9
2024-08-22 00:49:14,BTCUSD_PERP,bid,59400,643.76
2024-08-22 00:49:24,BTCUSD_PERP,bid,59400,527.24
2024-08-22 00:49:25,BTCUSD_PERP,bid,59400,525.77
2024-08-22 00:49:25,BTCUSD_PERP,bid,59400,584.6
2024-08-22 00:49:25,BTCUSD_PERP,bid,59400,643.43
2024-08-22 00:49:25,BTCUSD_PERP,bid,59400,702.26
2024-08-22 00:49:26,BTCUSD_PERP,bid,59400,760.49
2024-08-22 00:49:50,BTCUSD_PERP,bid,59400,701.76
2024-08-22 00:49:51,BTCUSD_PERP,bid,59400,643.53
2024-08-22 00:49:51,BTCUSD_PERP,bid,59400,585.3
2024-08-22 00:51:52,BTCUSD_PERP,ask,64500,1631.43
2024-08-22 00:52:06,BTCUSD_PERP,bid,59400,527.53
2024-08-22 00:52:06,BTCUSD_PERP,bid,59400,586.41
2024-08-22 00:52:36,BTCUSD_PERP,bid,59400,703.13
2024-08-22 00:52:36,BTCUSD_PERP,bid,59300,513.37
2024-08-22 00:53:12,BTCUSD_PERP,bid,59400,586.63
2024-08-22 00:53:12,BTCUSD_PERP,bid,59400,936.84
2024-08-22 00:53:12,BTCUSD_PERP,bid,59300,513.13
2024-08-22 00:53:12,BTCUSD_PERP,bid,59300,571.86
2024-08-22 00:53:12,BTCUSD_PERP,bid,59400,995.66
2024-08-22 00:55:17,BTCUSD_PERP,bid,59400,936.84
2024-08-22 00:55:17,BTCUSD_PERP,bid,59400,878.62
2024-08-22 00:55:18,BTCUSD_PERP,bid,59400,761.58
2024-08-22 00:55:18,BTCUSD_PERP,bid,59400,703.35
2024-08-22 00:55:18,BTCUSD_PERP,bid,59400,645.13
2024-08-22 00:55:18,BTCUSD_PERP,bid,59400,586.31
2024-08-22 00:55:18,BTCUSD_PERP,bid,59400,527.49
2024-08-22 00:55:19,BTCUSD_PERP,bid,59400,586.06
2024-08-22 00:55:19,BTCUSD_PERP,bid,59400,644.92
