2024-08-16 07:00:23,BTCUSDT,bid,47000,977.112
2024-08-16 07:03:46,BTCUSDT,bid,47000,977.093
2024-08-16 07:09:34,BTCUSDT,bid,47000,977.529
2024-08-16 07:09:55,BTCUSDT,bid,47000,977.093
2024-08-16 07:11:34,BTCUSDT,bid,47000,979.263
2024-08-16 07:12:29,BTCUSDT,bid,47000,977.093
2024-08-16 07:13:37,BTCUSDT,bid,47300,804.54
2024-08-16 07:25:25,BTCUSDT,bid,47000,977.043
2024-08-16 07:27:44,BTCUSDT,bid,47000,977.074
2024-08-16 07:33:38,BTCUSDT,bid,47300,804.646
2024-08-16 07:35:35,BTCUSDT,bid,47000,977.071
2024-08-16 07:47:39,BTCUSDT,bid,47000,976.814
2024-08-16 07:48:27,BTCUSDT,bid,47300,804.662
2024-08-16 07:53:26,BTCUSDT,bid,47000,978.225
2024-08-16 07:57:51,BTCUSDT,bid,47300,804.672
2024-08-16 07:58:04,BTCUSDT,bid,47000,978.235
2024-08-16 08:13:36,BTCUSDT,bid,47000,978.185
2024-08-16 08:13:41,BTCUSDT,bid,47000,978.31
2024-08-16 08:16:35,BTCUSDT,bid,47000,978.328
2024-08-16 08:24:53,BTCUSDT,bid,47000,978.299
2024-08-16 08:28:19,BTCUSDT,bid,47000,978.289
2024-08-16 08:39:58,BTCUSDT,bid,47000,978.59
2024-08-16 08:40:15,BTCUSDT,bid,47000,978.289
2024-08-16 08:40:48,BTCUSDT,bid,47000,978.402
2024-08-16 08:41:00,BTCUSDT,bid,47000,978.409
2024-08-16 08:48:22,BTCUSDT,bid,47000,978.417
2024-08-16 08:49:51,BTCUSDT,bid,47000,978.414
2024-08-16 08:52:01,BTCUSDT,bid,47000,977.849
2024-08-16 08:53:23,BTCUSDT,bid,47000,977.852
2024-08-16 08:53:28,BTCUSDT,bid,47000,978.378
2024-08-16 08:57:59,BTCUSDT,bid,47000,978.375
2024-08-16 09:03:19,BTCUSDT,bid,47000,978.39
2024-08-16 09:03:41,BTCUSDT,bid,47000,978.375
2024-08-16 09:07:22,BTCUSDT,bid,47000,978.382
2024-08-16 09:20:13,BTCUSDT,bid,47000,978.386
2024-08-16 09:22:42,BTCUSDT,bid,47000,978.534
2024-08-16 09:27:18,BTCUSDT,bid,47000,978.54
2024-08-16 09:29:26,BTCUSDT,bid,47000,978.014
2024-08-16 09:30:01,BTCUSDT,bid,47000,978.006
2024-08-16 09:30:11,BTCUSDT,bid,47000,978.5
2024-08-16 09:31:52,BTCUSDT,bid,47000,977.089
2024-08-16 09:38:11,BTCUSDT,bid,47000,977.092
2024-08-16 07:00:36,BTCUSD_PERP,bid,57000,674.37
2024-08-16 07:00:36,BTCUSD_PERP,bid,57000,843.12
2024-08-16 07:00:36,BTCUSD_PERP,bid,57000,899.56
2024-08-16 07:01:08,BTCUSD_PERP,bid,57000,843.12
2024-08-16 07:01:08,BTCUSD_PERP,bid,57000,730.81
2024-08-16 07:01:08,BTCUSD_PERP,bid,57000,618.5
2024-08-16 07:01:42,BTCUSD_PERP,bid,57000,731.35
2024-08-16 07:01:42,BTCUSD_PERP,bid,57000,898.96
2024-08-16 07:01:42,BTCUSD_PERP,bid,57000,955.4
2024-08-16 07:03:23,BTCUSD_PERP,bid,57000,898.96
2024-08-16 07:03:23,BTCUSD_PERP,bid,57000,673.29
2024-08-16 07:03:23,BTCUSD_PERP,bid,57000,561.55
2024-08-16 07:03:50,BTCUSD_PERP,bid,57000,562.78
2024-08-16 07:03:50,BTCUSD_PERP,bid,57000,618.71
2024-08-16 07:04:07,BTCUSD_PERP,bid,57000,561.95
2024-08-16 07:04:08,BTCUSD_PERP,bid,57000,618.43
2024-08-16 07:11:49,BTCUSD_PERP,bid,57000,562.53
2024-08-16 07:11:49,BTCUSD_PERP,bid,57000,619.02
2024-08-16 07:11:49,BTCUSD_PERP,bid,57000,675.51
2024-08-16 07:11:52,BTCUSD_PERP,bid,57000,689.18
2024-08-16 07:11:53,BTCUSD_PERP,bid,57000,690.37
2024-08-16 07:12:14,BTCUSD_PERP,bid,57000,633.88
2024-08-16 07:12:14,BTCUSD_PERP,bid,57000,577.39
2024-08-16 07:12:16,BTCUSD_PERP,bid,57000,562.83
2024-08-16 07:16:47,BTCUSD_PERP,bid,56800,897.61
2024-08-16 07:16:47,BTCUSD_PERP,bid,56800,953.93
2024-08-16 07:16:59,BTCUSD_PERP,bid,56800,784.97
2024-08-16 07:16:59,BTCUSD_PERP,bid,56800,729.22
2024-08-16 07:17:00,BTCUSD_PERP,bid,56800,617.15
2024-08-16 07:17:00,BTCUSD_PERP,bid,56800,561.4
2024-08-16 07:18:04,BTCUSD_PERP,bid,56900,562.39
2024-08-16 07:18:15,BTCUSD_PERP,bid,57000,561.65
2024-08-16 07:18:16,BTCUSD_PERP,bid,57000,618.1
2024-08-16 07:18:16,BTCUSD_PERP,bid,57000,674.55
2024-08-16 07:19:45,BTCUSD_PERP,bid,57000,562.25
2024-08-16 07:19:45,BTCUSD_PERP,bid,57000,618.76
2024-08-16 07:20:03,BTCUSD_PERP,bid,57000,562.82
2024-08-16 07:24:44,BTCUSD_PERP,ask,58100,523.73
2024-08-16 07:24:59,BTCUSD_PERP,ask,58100,517.98
2024-08-16 07:27:26,BTCUSD_PERP,bid,57000,617.59
2024-08-16 07:27:26,BTCUSD_PERP,bid,57000,674.05
2024-08-16 07:28:38,BTCUSD_PERP,bid,56900,561.92
2024-08-16 07:28:57,BTCUSD_PERP,bid,56900,617.45
2024-08-16 07:28:57,BTCUSD_PERP,bid,56900,673.84
2024-08-16 07:29:04,BTCUSD_PERP,bid,56900,561.32
2024-08-16 07:29:04,BTCUSD_PERP,bid,56900,617.68
2024-08-16 07:30:02,BTCUSD_PERP,bid,56900,561.02
2024-08-16 07:31:27,BTCUSD_PERP,bid,56900,608.38
2024-08-16 07:31:35,BTCUSD_PERP,bid,56900,552.62
2024-08-16 07:31:35,BTCUSD_PERP,bid,56800,560.72
2024-08-16 07:32:26,BTCUSD_PERP,bid,56900,561.02
2024-08-16 07:32:50,BTCUSD_PERP,bid,56900,563.42
2024-08-16 07:33:45,BTCUSD_PERP,bid,56900,561.42
2024-08-16 07:34:29,BTCUSD_PERP,bid,57000,572.53
2024-08-16 07:34:30,BTCUSD_PERP,bid,57000,628.38
2024-08-16 07:35:06,BTCUSD_PERP,bid,57000,572.53
2024-08-16 07:35:06,BTCUSD_PERP,bid,56900,618.56
2024-08-16 07:35:42,BTCUSD_PERP,bid,56900,562.74
2024-08-16 07:35:44,BTCUSD_PERP,bid,57000,561.42
2024-08-16 07:35:44,BTCUSD_PERP,bid,57000,673.73
2024-08-16 07:36:31,BTCUSD_PERP,bid,56900,561.11
2024-08-16 07:37:02,BTCUSD_PERP,bid,56900,898.53
2024-08-16 07:37:02,BTCUSD_PERP,bid,56900,954.91
2024-08-16 07:37:02,BTCUSD_PERP,bid,56800,548.09
2024-08-16 07:42:46,BTCUSD_PERP,bid,56900,898.53
2024-08-16 07:42:46,BTCUSD_PERP,bid,56900,842.15
2024-08-16 07:42:46,BTCUSD_PERP,bid,56900,785.87
2024-08-16 07:42:46,BTCUSD_PERP,bid,56900,729.49
2024-08-16 07:42:46,BTCUSD_PERP,bid,56900,673.69
2024-08-16 07:42:46,BTCUSD_PERP,bid,56900,617.31
2024-08-16 07:42:47,BTCUSD_PERP,bid,56900,561.69
2024-08-16 07:42:47,BTCUSD_PERP,bid,56900,898.08
2024-08-16 07:42:47,BTCUSD_PERP,bid,56800,547.77
2024-08-16 07:42:47,BTCUSD_PERP,bid,56900,954.43
2024-08-16 07:46:49,BTCUSD_PERP,bid,56900,842.3
2024-08-16 07:46:49,BTCUSD_PERP,bid,56900,785.95
2024-08-16 07:46:49,BTCUSD_PERP,bid,56900,673.25
2024-08-16 07:46:49,BTCUSD_PERP,bid,56900,617.47
2024-08-16 07:46:49,BTCUSD_PERP,bid,56900,561.69
2024-08-16 07:47:00,BTCUSD_PERP,bid,56900,561.92
2024-08-16 07:47:01,BTCUSD_PERP,bid,56900,618.34
2024-08-16 07:47:13,BTCUSD_PERP,bid,56900,561.92
2024-08-16 07:49:07,BTCUSD_PERP,bid,47000,2447.33
2024-08-16 07:50:59,BTCUSD_PERP,bid,57000,561.03
2024-08-16 07:50:59,BTCUSD_PERP,bid,57000,617.49
2024-08-16 07:51:05,BTCUSD_PERP,bid,57000,619.54
2024-08-16 07:51:06,BTCUSD_PERP,bid,57000,633.19
2024-08-16 07:51:15,BTCUSD_PERP,bid,57000,561.36
2024-08-16 07:52:01,BTCUSD_PERP,bid,56900,616.89
2024-08-16 07:52:09,BTCUSD_PERP,bid,44000,1123.6
2024-08-16 07:52:26,BTCUSD_PERP,bid,56900,561.33
2024-08-16 07:52:26,BTCUSD_PERP,bid,56900,617.13
2024-08-16 07:52:49,BTCUSD_PERP,bid,47000,2447.63
2024-08-16 07:53:07,BTCUSD_PERP,bid,56900,560.85
2024-08-16 08:00:57,BTCUSD_PERP,bid,57000,561.65
2024-08-16 08:02:47,BTCUSD_PERP,bid,57000,618.38
2024-08-16 08:02:49,BTCUSD_PERP,bid,57000,632.05
2024-08-16 08:02:50,BTCUSD_PERP,bid,57000,633.24
2024-08-16 08:03:06,BTCUSD_PERP,bid,57000,576.86
2024-08-16 08:03:07,BTCUSD_PERP,bid,57000,562.82
2024-08-16 08:03:07,BTCUSD_PERP,bid,57000,675.27
2024-08-16 08:03:08,BTCUSD_PERP,bid,57000,731.21
2024-08-16 08:03:08,BTCUSD_PERP,bid,57000,787.72
2024-08-16 08:03:24,BTCUSD_PERP,bid,57000,731.78
2024-08-16 08:03:24,BTCUSD_PERP,bid,57000,619.33
2024-08-16 08:03:25,BTCUSD_PERP,bid,57000,563.39
2024-08-16 08:07:27,BTCUSD_PERP,bid,56900,561.05
2024-08-16 08:07:57,BTCUSD_PERP,bid,56900,574.7
2024-08-16 08:09:09,BTCUSD_PERP,bid,56900,561.02
2024-08-16 08:09:09,BTCUSD_PERP,bid,56900,617.36
2024-08-16 08:12:29,BTCUSD_PERP,bid,47000,2447.56
2024-08-16 08:16:28,BTCUSD_PERP,bid,56800,570.05
2024-08-16 08:16:28,BTCUSD_PERP,bid,56800,626.29
2024-08-16 08:17:38,BTCUSD_PERP,bid,56700,559.99
2024-08-16 08:17:38,BTCUSD_PERP,bid,56700,616.17
2024-08-16 08:17:38,BTCUSD_PERP,bid,56700,671.78
2024-08-16 08:17:39,BTCUSD_PERP,bid,56700,727.96
2024-08-16 08:17:39,BTCUSD_PERP,bid,56700,839.18
2024-08-16 08:17:49,BTCUSD_PERP,bid,56700,895.36
2024-08-16 08:17:52,BTCUSD_PERP,bid,56700,727.39
2024-08-16 08:17:52,BTCUSD_PERP,bid,56700,671.21
2024-08-16 08:17:52,BTCUSD_PERP,bid,56700,615.13
2024-08-16 08:17:53,BTCUSD_PERP,bid,56700,559.52
2024-08-16 08:17:53,BTCUSD_PERP,bid,56700,560.26
2024-08-16 08:17:53,BTCUSD_PERP,bid,56700,615.84
2024-08-16 08:17:53,BTCUSD_PERP,bid,56700,671.99
2024-08-16 08:17:54,BTCUSD_PERP,bid,56700,727.57
2024-08-16 08:17:54,BTCUSD_PERP,bid,56700,783.15
2024-08-16 08:17:54,BTCUSD_PERP,bid,56700,894.88
2024-08-16 08:18:45,BTCUSD_PERP,bid,56700,615.37
2024-08-16 08:21:52,BTCUSD_PERP,bid,56600,558.82
2024-08-16 08:21:52,BTCUSD_PERP,bid,56600,781.55
2024-08-16 08:22:49,BTCUSD_PERP,bid,56600,671.28
2024-08-16 08:22:49,BTCUSD_PERP,bid,56600,726.84
2024-08-16 08:22:49,BTCUSD_PERP,bid,56600,736.28
2024-08-16 08:22:55,BTCUSD_PERP,bid,56600,624.59
2024-08-16 08:37:34,BTCUSD_PERP,bid,56800,616.15
2024-08-16 08:38:30,BTCUSD_PERP,bid,56800,560.49
2024-08-16 08:38:32,BTCUSD_PERP,bid,56800,560.18
2024-08-16 08:38:32,BTCUSD_PERP,bid,56800,616.44
2024-08-16 08:39:43,BTCUSD_PERP,bid,56800,560.18
2024-08-16 08:39:45,BTCUSD_PERP,bid,56800,561.16
2024-08-16 08:39:45,BTCUSD_PERP,bid,56800,617.46
2024-08-16 08:39:45,BTCUSD_PERP,bid,56800,673.18
2024-08-16 08:39:59,BTCUSD_PERP,bid,56800,616.88
2024-08-16 08:40:00,BTCUSD_PERP,bid,56800,560.58
2024-08-16 08:42:42,BTCUSD_PERP,bid,56900,560.45
2024-08-16 08:42:42,BTCUSD_PERP,bid,56900,616.78
2024-08-16 08:42:42,BTCUSD_PERP,bid,56900,673.11
2024-08-16 08:42:42,BTCUSD_PERP,bid,56900,728.87
2024-08-16 08:42:43,BTCUSD_PERP,bid,56900,785.1
2024-08-16 08:42:43,BTCUSD_PERP,bid,56900,841.43
2024-08-16 08:45:05,BTCUSD_PERP,bid,56900,560.45
2024-08-16 08:45:05,BTCUSD_PERP,bid,56800,728.92
2024-08-16 08:46:11,BTCUSD_PERP,bid,56800,616.34
2024-08-16 08:46:11,BTCUSD_PERP,bid,56800,673.31
2024-08-16 08:46:11,BTCUSD_PERP,bid,56800,784.69
2024-08-16 08:46:25,BTCUSD_PERP,bid,56800,672.74
2024-08-16 08:46:25,BTCUSD_PERP,bid,56800,616.58
2024-08-16 08:46:26,BTCUSD_PERP,bid,56800,560.32
2024-08-16 08:46:26,BTCUSD_PERP,bid,56800,559.99
2024-08-16 08:46:27,BTCUSD_PERP,bid,56800,616.23
2024-08-16 08:46:27,BTCUSD_PERP,bid,56800,672.47
2024-08-16 08:46:27,BTCUSD_PERP,bid,56800,728.71
2024-08-16 08:46:27,BTCUSD_PERP,bid,56800,784.37
2024-08-16 08:47:18,BTCUSD_PERP,bid,56700,796.81
2024-08-16 08:47:18,BTCUSD_PERP,bid,56700,852.97
2024-08-16 08:47:20,BTCUSD_PERP,bid,56700,796.81
2024-08-16 08:47:20,BTCUSD_PERP,bid,56700,740.65
2024-08-16 08:47:20,BTCUSD_PERP,bid,56700,684.49
2024-08-16 08:47:20,BTCUSD_PERP,bid,56700,628.33
2024-08-16 08:47:21,BTCUSD_PERP,bid,56700,572.17
2024-08-16 08:50:26,BTCUSD_PERP,bid,56700,616.14
2024-08-16 08:50:26,BTCUSD_PERP,bid,56700,671.79
2024-08-16 08:50:26,BTCUSD_PERP,bid,56700,728.01
2024-08-16 08:51:09,BTCUSD_PERP,bid,56700,559.62
2024-08-16 08:51:10,BTCUSD_PERP,bid,56700,615.81
2024-08-16 08:52:21,BTCUSD_PERP,bid,56700,560.49
2024-08-16 08:52:21,BTCUSD_PERP,bid,56700,616.14
2024-08-16 08:54:20,BTCUSD_PERP,bid,56700,560.49
2024-08-16 08:54:22,BTCUSD_PERP,bid,56700,556.45
2024-08-16 08:54:22,BTCUSD_PERP,bid,56800,626.05
2024-08-16 08:54:22,BTCUSD_PERP,bid,56800,682.31
2024-08-16 08:54:24,BTCUSD_PERP,bid,56800,683.5
2024-08-16 08:54:24,BTCUSD_PERP,bid,56800,685.53
2024-08-16 08:54:37,BTCUSD_PERP,bid,56800,629.27
2024-08-16 08:54:39,BTCUSD_PERP,bid,56800,560.72
2024-08-16 08:54:39,BTCUSD_PERP,bid,56800,616.46
2024-08-16 08:54:39,BTCUSD_PERP,bid,56800,672.77
2024-08-16 08:54:39,BTCUSD_PERP,bid,56800,841.13
2024-08-16 08:54:39,BTCUSD_PERP,bid,56800,896.87
2024-08-16 08:54:46,BTCUSD_PERP,bid,56800,840.56
2024-08-16 08:54:46,BTCUSD_PERP,bid,56800,728.51
2024-08-16 08:55:24,BTCUSD_PERP,bid,56800,672.2
2024-08-16 08:55:24,BTCUSD_PERP,bid,56800,616.46
2024-08-16 08:55:24,BTCUSD_PERP,bid,56800,560.72
2024-08-16 08:55:25,BTCUSD_PERP,bid,56900,617.49
2024-08-16 08:55:26,BTCUSD_PERP,bid,56900,673.27
2024-08-16 08:55:42,BTCUSD_PERP,bid,56900,617.02
2024-08-16 08:55:42,BTCUSD_PERP,bid,56900,561.24
2024-08-16 08:55:44,BTCUSD_PERP,bid,56900,571.81
2024-08-16 08:55:44,BTCUSD_PERP,bid,56900,560.85
2024-08-16 08:55:44,BTCUSD_PERP,bid,56900,617.23
2024-08-16 08:55:44,BTCUSD_PERP,bid,56900,673.61
2024-08-16 08:57:18,BTCUSD_PERP,bid,56900,617.23
2024-08-16 08:57:18,BTCUSD_PERP,bid,56900,560.95
2024-08-16 08:57:19,BTCUSD_PERP,bid,56900,562.32
2024-08-16 08:57:19,BTCUSD_PERP,bid,56900,618.15
2024-08-16 08:57:20,BTCUSD_PERP,bid,56900,673.98
2024-08-16 08:57:38,BTCUSD_PERP,bid,56900,617.56
2024-08-16 08:57:38,BTCUSD_PERP,bid,56900,561.14
2024-08-16 08:58:36,BTCUSD_PERP,bid,57000,563.02
2024-08-16 08:58:36,BTCUSD_PERP,bid,57000,618.94
2024-08-16 08:58:37,BTCUSD_PERP,bid,57000,674.86
2024-08-16 09:00:30,BTCUSD_PERP,bid,57000,618.94
2024-08-16 09:00:30,BTCUSD_PERP,bid,57000,562.46
2024-08-16 09:00:32,BTCUSD_PERP,bid,57100,562.87
2024-08-16 09:09:39,BTCUSD_PERP,bid,56900,729.47
2024-08-16 09:09:39,BTCUSD_PERP,bid,56900,785.81
2024-08-16 09:12:00,BTCUSD_PERP,bid,56800,616.13
2024-08-16 09:12:00,BTCUSD_PERP,bid,56800,672.41
2024-08-16 09:13:14,BTCUSD_PERP,bid,56800,616.13
2024-08-16 09:13:14,BTCUSD_PERP,bid,56800,560.42
2024-08-16 09:13:15,BTCUSD_PERP,bid,56800,617.13
2024-08-16 09:13:15,BTCUSD_PERP,bid,56800,672.88
2024-08-16 09:14:03,BTCUSD_PERP,bid,56800,560.82
2024-08-16 09:14:17,BTCUSD_PERP,bid,56900,618.04
2024-08-16 09:15:12,BTCUSD_PERP,bid,56900,561.79
2024-08-16 09:17:18,BTCUSD_PERP,bid,56900,561.59
2024-08-16 09:17:18,BTCUSD_PERP,bid,56900,673.7
2024-08-16 09:17:18,BTCUSD_PERP,bid,56900,730.04
2024-08-16 09:17:18,BTCUSD_PERP,bid,56900,786.38
2024-08-16 09:23:01,BTCUSD_PERP,bid,56900,673.8
2024-08-16 09:23:01,BTCUSD_PERP,bid,56900,561.69
2024-08-16 09:23:28,BTCUSD_PERP,bid,56900,562.26
2024-08-16 09:24:27,BTCUSD_PERP,bid,57000,562.2
2024-08-16 09:24:27,BTCUSD_PERP,bid,57000,618.08
2024-08-16 09:24:27,BTCUSD_PERP,bid,57000,673.96
2024-08-16 09:25:21,BTCUSD_PERP,bid,57000,618.08
2024-08-16 09:25:21,BTCUSD_PERP,bid,57000,561.62
2024-08-16 09:25:23,BTCUSD_PERP,bid,57100,699.91
2024-08-16 09:25:23,BTCUSD_PERP,bid,57100,699.95
2024-08-16 09:25:37,BTCUSD_PERP,bid,57100,643.97
2024-08-16 09:25:37,BTCUSD_PERP,bid,57100,587.99
2024-08-16 09:25:37,BTCUSD_PERP,bid,57100,532.01
2024-08-16 09:26:14,BTCUSD_PERP,bid,57100,844.73
2024-08-16 09:28:10,BTCUSD_PERP,bid,57100,788.18
2024-08-16 09:28:10,BTCUSD_PERP,bid,57100,731.63
2024-08-16 09:28:10,BTCUSD_PERP,bid,57100,619.67
2024-08-16 09:28:10,BTCUSD_PERP,bid,57100,563.69
2024-08-16 09:28:11,BTCUSD_PERP,bid,57100,676.11
2024-08-16 09:28:11,BTCUSD_PERP,bid,57100,732.69
2024-08-16 09:28:11,BTCUSD_PERP,bid,57100,788.7
2024-08-16 09:28:11,BTCUSD_PERP,bid,57100,845.18
2024-08-16 09:28:12,BTCUSD_PERP,bid,57100,957.77
2024-08-16 09:28:12,BTCUSD_PERP,bid,57100,1014.35
2024-08-16 09:28:23,BTCUSD_PERP,bid,57100,957.77
2024-08-16 09:28:23,BTCUSD_PERP,bid,57100,901.19
2024-08-16 09:28:23,BTCUSD_PERP,bid,57100,845.18
2024-08-16 09:28:23,BTCUSD_PERP,bid,57100,789.17
2024-08-16 09:28:23,BTCUSD_PERP,bid,57100,620.57
2024-08-16 09:28:23,BTCUSD_PERP,bid,57100,620.82
2024-08-16 09:28:24,BTCUSD_PERP,bid,57100,564.24
2024-08-16 09:28:25,BTCUSD_PERP,bid,57200,534.43
2024-08-16 09:29:11,BTCUSD_PERP,bid,57200,565.36
2024-08-16 09:29:12,BTCUSD_PERP,bid,57200,564.8
2024-08-16 09:29:13,BTCUSD_PERP,bid,57200,677.64
2024-08-16 09:29:13,BTCUSD_PERP,bid,57200,790.96
2024-08-16 09:29:13,BTCUSD_PERP,bid,57200,904.38
2024-08-16 09:29:13,BTCUSD_PERP,bid,57200,961.09
2024-08-16 09:29:14,BTCUSD_PERP,bid,57200,1017.23
2024-08-16 09:29:14,BTCUSD_PERP,bid,57200,1073.36
2024-08-16 09:29:14,BTCUSD_PERP,bid,57200,551.32
2024-08-16 09:29:41,BTCUSD_PERP,bid,57200,960.52
2024-08-16 09:29:41,BTCUSD_PERP,bid,57200,903.81
2024-08-16 09:29:42,BTCUSD_PERP,bid,57200,790.96
2024-08-16 09:29:42,BTCUSD_PERP,bid,57200,734.83
2024-08-16 09:29:42,BTCUSD_PERP,bid,57200,565.85
2024-08-16 09:31:06,BTCUSD_PERP,bid,57400,565.7
2024-08-16 09:31:27,BTCUSD_PERP,ask,58700,517.65
2024-08-16 09:32:37,BTCUSD_PERP,bid,57800,626.24
2024-08-16 09:33:02,BTCUSD_PERP,ask,58900,520.42
2024-08-16 09:33:09,BTCUSD_PERP,ask,58900,514.59
2024-08-16 09:33:13,BTCUSD_PERP,ask,58900,508.76
2024-08-16 09:33:17,BTCUSD_PERP,ask,58900,518.18
2024-08-16 09:33:24,BTCUSD_PERP,bid,57700,568.85
2024-08-16 09:33:34,BTCUSD_PERP,bid,57800,627.11
2024-08-16 09:33:57,BTCUSD_PERP,bid,57800,569.88
2024-08-16 09:36:55,BTCUSD_PERP,bid,57700,570.03
2024-08-16 09:37:07,BTCUSD_PERP,bid,57600,528.13
2024-08-16 09:37:07,BTCUSD_PERP,bid,57600,584.65
2024-08-16 09:37:28,BTCUSD_PERP,bid,57600,747.92
2024-08-16 09:37:28,BTCUSD_PERP,bid,57600,918.55
2024-08-16 09:37:29,BTCUSD_PERP,bid,57600,975.62
2024-08-16 09:37:29,BTCUSD_PERP,bid,57600,804.41
2024-08-16 09:37:29,BTCUSD_PERP,bid,57600,747.92
2024-08-16 09:37:30,BTCUSD_PERP,bid,57600,633.89
2024-08-16 09:37:30,BTCUSD_PERP,bid,57600,576.82
2024-08-16 09:37:30,BTCUSD_PERP,bid,57600,568.68
2024-08-16 09:37:31,BTCUSD_PERP,bid,57600,625.21
2024-08-16 09:37:47,BTCUSD_PERP,bid,57600,567.41
2024-08-16 09:38:09,BTCUSD_PERP,bid,57500,567.15
