2024-09-13 07:01:11,ETHUSDT,ask,2390,5127.788
2024-09-13 07:01:17,ETHUSDT,ask,2390,5128.624
2024-09-13 07:01:35,ETHUSDT,ask,2390,5129.179
2024-09-13 07:03:06,ETHUSDT,bid,2310,6454.704
2024-09-13 07:03:29,ETHUSDT,bid,2330,8126.788
2024-09-13 07:03:53,ETHUSDT,bid,2250,4680.577
2024-09-13 07:05:19,ETHUSDT,bid,2310,6449.232
2024-09-13 07:05:46,ETHUSDT,ask,2390,5129.19
2024-09-13 07:06:08,ETHUSDT,bid,2330,8128.5
2024-09-13 07:06:24,ETHUSDT,bid,2330,8129.878
2024-09-13 07:06:25,ETHUSDT,ask,2390,5138.028
2024-09-13 07:06:43,ETHUSDT,bid,2330,8128.5
2024-09-13 07:06:49,ETHUSDT,bid,2330,8126.788
2024-09-13 07:07:00,ETHUSDT,ask,2390,5136.536
2024-09-13 07:07:08,ETHUSDT,bid,2330,8128.072
2024-09-13 07:07:11,ETHUSDT,bid,2330,8131.282
2024-09-13 07:07:19,ETHUSDT,bid,2310,6450.871
2024-09-13 07:07:43,ETHUSDT,ask,2390,5127.698
2024-09-13 07:08:05,ETHUSDT,ask,2390,5127.687
2024-09-13 07:08:30,ETHUSDT,ask,2390,5127.673
2024-09-13 07:09:51,ETHUSDT,bid,2330,8134.064
2024-09-13 07:10:00,ETHUSDT,ask,2390,5127.74
2024-09-13 07:10:05,ETHUSDT,ask,2390,5139.428
2024-09-13 07:10:47,ETHUSDT,ask,2390,5142.366
2024-09-13 07:11:39,ETHUSDT,ask,2390,5142.299
2024-09-13 07:11:45,ETHUSDT,ask,2390,5142.621
2024-09-13 07:12:01,ETHUSDT,ask,2390,5142.612
2024-09-13 07:12:04,ETHUSDT,bid,2330,8155.254
2024-09-13 07:13:11,ETHUSDT,bid,2330,8134.064
2024-09-13 07:13:26,ETHUSDT,ask,2390,5146.612
2024-09-13 07:13:33,ETHUSDT,ask,2390,5141.362
2024-09-13 07:13:38,ETHUSDT,ask,2390,5141.336
2024-09-13 07:14:54,ETHUSDT,bid,2310,6450.85
2024-09-13 07:14:56,ETHUSDT,ask,2390,5191.346
2024-09-13 07:16:04,ETHUSDT,ask,2390,5188.408
2024-09-13 07:16:20,ETHUSDT,ask,2390,5190.5
2024-09-13 07:16:48,ETHUSDT,ask,2390,5190.3
2024-09-13 07:16:57,ETHUSDT,ask,2390,5190.31
2024-09-13 07:18:03,ETHUSDT,bid,2330,8137.201
2024-09-13 07:18:44,ETHUSDT,ask,2390,5190.29
2024-09-13 07:19:12,ETHUSDT,bid,2310,6455.121
2024-09-13 07:19:12,ETHUSDT,bid,2310,6510.643
2024-09-13 07:19:50,ETHUSDT,bid,2290,10039.591
2024-09-13 07:19:55,ETHUSDT,bid,2330,8138.997
2024-09-13 07:19:56,ETHUSDT,bid,2330,8137.201
2024-09-13 07:20:00,ETHUSDT,bid,2330,8134.064
