2024-09-05 07:00:36,ETHUSDT,bid,1960,5283.406
2024-09-05 07:00:36,ETHUSDT,bid,1960,5283.304
2024-09-05 07:00:37,ETHUSDT,bid,1960,5283.304
2024-09-05 07:00:37,ETHUSDT,bid,1960,5283.406
2024-09-05 07:00:37,ETHUSDT,bid,1960,5283.304
2024-09-05 07:00:38,ETHUSDT,bid,1960,5283.406
2024-09-05 07:00:38,ETHUSDT,bid,1960,5283.304
2024-09-05 07:00:39,ETHUSDT,bid,1960,5283.406
2024-09-05 07:00:39,ETHUSDT,bid,1960,5283.304
2024-09-05 07:00:40,ETHUSDT,bid,1960,5283.406
2024-09-05 07:00:40,ETHUSDT,bid,1960,5283.304
2024-09-05 07:00:41,ETHUSDT,bid,1960,5283.406
2024-09-05 07:00:41,ETHUSDT,bid,1960,5283.304
2024-09-05 07:00:42,ETHUSDT,bid,1960,5283.406
2024-09-05 07:00:42,ETHUSDT,bid,1960,5283.304
2024-09-05 07:00:42,ETHUSDT,bid,1960,5283.304
2024-09-05 07:00:43,ETHUSDT,bid,2350,5467.16
2024-09-05 07:00:43,ETHUSDT,bid,1960,5283.304
2024-09-05 07:00:44,ETHUSDT,bid,1960,5283.304
2024-09-05 07:00:45,ETHUSDT,bid,1960,5283.304
2024-09-05 07:00:45,ETHUSDT,bid,1960,5283.304
2024-09-05 07:00:46,ETHUSDT,bid,1960,5283.304
2024-09-05 07:01:03,ETHUSDT,bid,2330,4579.96
2024-09-05 07:01:12,ETHUSDT,bid,2350,5466.16
2024-09-05 07:01:15,ETHUSDT,ask,2480,4233.755
2024-09-05 07:01:25,ETHUSDT,ask,2480,4231.404
2024-09-05 07:01:50,ETHUSDT,bid,2350,5465.948
2024-09-05 07:02:01,ETHUSDT,ask,2480,4233.428
2024-09-05 07:02:26,ETHUSDT,bid,2330,4579.981
2024-09-05 07:02:53,ETHUSDT,ask,2480,4233.628
2024-09-05 07:04:40,ETHUSDT,ask,2480,4234.432
2024-09-05 07:05:11,ETHUSDT,bid,2350,5466.948
2024-09-05 07:07:11,ETHUSDT,ask,2480,4233.632
2024-09-05 07:08:03,ETHUSDT,bid,2350,5468.948
2024-09-05 07:08:44,ETHUSDT,bid,2140,4943.475
2024-09-05 07:08:55,ETHUSDT,bid,2350,5470.948
2024-09-05 07:09:02,ETHUSDT,bid,2350,5471.156
2024-09-05 07:09:08,ETHUSDT,bid,2370,4364.689
2024-09-05 07:09:17,ETHUSDT,ask,2480,4234.617
2024-09-05 07:09:37,ETHUSDT,bid,2370,4364.781
2024-09-05 07:09:52,ETHUSDT,ask,2480,4234.034
2024-09-05 07:10:03,ETHUSDT,bid,2350,5471.029
2024-09-05 07:10:10,ETHUSDT,bid,2330,4580.978
2024-09-05 07:11:26,ETHUSDT,ask,2480,4213.523
2024-09-05 07:11:47,ETHUSDT,ask,2480,4213.714
