2024-09-02 07:00:57,ETHUSDT,ask,2670,3816.319
2024-09-02 07:01:42,ETHUSDT,ask,2670,3816.309
2024-09-02 07:02:08,ETHUSDT,bid,2230,4490.579
2024-09-02 07:02:13,ETHUSDT,bid,2210,4529.57
2024-09-02 07:02:13,ETHUSDT,bid,2310,4440.609
2024-09-02 07:02:19,ETHUSDT,bid,2230,4490.559
2024-09-02 07:06:44,ETHUSDT,bid,2350,4390.687
2024-09-02 07:08:15,ETHUSDT,bid,1700,6064.398
2024-09-02 07:08:25,ETHUSDT,bid,2350,4389.412
2024-09-02 07:19:37,ETHUSDT,bid,2360,4347.37
2024-09-02 07:20:52,ETHUSDT,bid,2310,4441.721
2024-09-02 07:21:09,ETHUSDT,bid,2310,4441.73
2024-09-02 07:24:07,ETHUSDT,bid,2360,4348.37
2024-09-02 07:24:38,ETHUSDT,bid,2360,4331.448
2024-09-02 07:27:01,ETHUSDT,bid,2310,4441.743
2024-09-02 07:27:49,ETHUSDT,bid,2310,4440.631
2024-09-02 07:31:00,ETHUSDT,bid,2210,4528.178
2024-09-02 07:32:40,ETHUSDT,bid,2430,4144.373
2024-09-02 07:32:40,ETHUSDT,bid,2430,4144.373
2024-09-02 07:32:40,ETHUSDT,bid,2430,4144.373
2024-09-02 07:32:40,ETHUSDT,bid,2430,4144.373
2024-09-02 07:35:52,ETHUSDT,bid,2200,5073.855
2024-09-02 07:35:52,ETHUSDT,bid,2200,5073.865
2024-09-02 07:35:53,ETHUSDT,bid,2200,5073.865
2024-09-02 07:35:54,ETHUSDT,bid,2200,5073.865
2024-09-02 07:35:55,ETHUSDT,bid,2200,5073.865
2024-09-02 07:36:06,ETHUSDT,bid,2250,4503.054
2024-09-02 07:36:21,ETHUSDT,bid,2310,4440.444
2024-09-02 07:36:22,ETHUSDT,bid,2200,5073.855
2024-09-02 07:36:22,ETHUSDT,bid,2200,5073.845
2024-09-02 07:37:14,ETHUSDT,bid,2220,4517.611
2024-09-02 07:38:08,ETHUSDT,bid,1960,5453.096
2024-09-02 07:38:08,ETHUSDT,bid,1960,5453.096
2024-09-02 07:38:09,ETHUSDT,bid,1960,5453.096
2024-09-02 07:38:13,ETHUSDT,bid,2220,4517.47
2024-09-02 07:38:27,ETHUSDT,bid,2200,4536.307
2024-09-02 07:39:36,ETHUSDT,bid,2200,5073.875
2024-09-02 07:40:01,ETHUSDT,bid,2200,5073.885
2024-09-02 07:40:10,ETHUSDT,bid,2200,5073.895
2024-09-02 07:40:16,ETHUSDT,bid,2200,5073.875
2024-09-02 07:40:16,ETHUSDT,bid,2200,5073.865
2024-09-02 07:40:19,ETHUSDT,bid,2200,5073.855
2024-09-02 07:40:28,ETHUSDT,bid,2200,5073.845
2024-09-02 07:47:08,ETHUSDT,bid,2140,9366.461
2024-09-02 07:47:45,ETHUSDT,bid,2360,4331.659
2024-09-02 07:48:07,ETHUSDT,bid,2140,9366.14
2024-09-02 07:48:43,ETHUSDT,bid,2360,4444.248
2024-09-02 07:50:16,ETHUSDT,bid,2310,4440.764
2024-09-02 07:50:28,ETHUSDT,bid,1700,6064.451
2024-09-02 07:50:28,ETHUSDT,bid,2070,9667.094
2024-09-02 07:51:03,ETHUSDT,bid,2140,4866.17
2024-09-02 07:51:13,ETHUSDT,bid,2210,4528.796
2024-09-02 07:51:56,ETHUSDT,bid,2310,4441.074
2024-09-02 07:52:02,ETHUSDT,bid,2210,4529.374
2024-09-02 07:52:13,ETHUSDT,bid,2210,4528.756
2024-09-02 07:52:18,ETHUSDT,bid,2230,4490.608
2024-09-02 07:52:19,ETHUSDT,bid,2360,4444.28
2024-09-02 07:52:34,ETHUSDT,bid,2360,4444.248
2024-09-02 07:53:01,ETHUSDT,bid,2210,4528.178
2024-09-02 07:53:32,ETHUSDT,bid,2070,9669.992
2024-09-02 07:56:43,ETHUSDT,bid,2210,4578.178
2024-09-02 07:58:42,ETHUSDT,bid,2210,4578.5
2024-09-02 07:59:42,ETHUSDT,bid,2210,4578.178
2024-09-02 07:59:44,ETHUSDT,bid,2360,4448.248
2024-09-02 07:59:44,ETHUSDT,bid,2360,4450.408
2024-09-02 08:01:01,ETHUSDT,bid,2210,4528.178
2024-09-02 08:09:07,ETHUSDT,bid,2310,4439.777
2024-09-02 08:09:30,ETHUSDT,bid,1940,5157.939
2024-09-02 08:10:25,ETHUSDT,bid,2310,4440.642
2024-09-02 08:13:49,ETHUSDT,bid,2210,4528.188
2024-09-02 08:13:49,ETHUSDT,bid,2310,4440.652
2024-09-02 08:13:57,ETHUSDT,bid,1700,6064.398
2024-09-02 08:13:57,ETHUSDT,bid,2070,9669.939
2024-09-02 08:14:26,ETHUSDT,bid,2230,4490.559
2024-09-02 08:15:47,ETHUSDT,bid,2200,5073.855
2024-09-02 08:16:28,ETHUSDT,bid,2200,5073.845
2024-09-02 08:18:24,ETHUSDT,bid,2200,5073.855
2024-09-02 08:19:12,ETHUSDT,bid,2200,5073.845
2024-09-02 08:22:02,ETHUSDT,bid,2360,4449.408
2024-09-02 08:26:54,ETHUSDT,bid,2210,4578.188
2024-09-02 08:27:33,ETHUSDT,ask,2670,3816.235
2024-09-02 08:31:12,ETHUSDT,bid,2210,4528.188
2024-09-02 08:31:14,ETHUSDT,bid,1940,5149.326
2024-09-02 08:33:38,ETHUSDT,bid,1700,6063.585
2024-09-02 08:36:09,ETHUSDT,bid,2210,4529.218
2024-09-02 08:37:00,ETHUSDT,bid,2360,4449.426
2024-09-02 08:37:01,ETHUSDT,bid,2360,4449.444
2024-09-02 08:37:08,ETHUSDT,bid,2210,4530.139
2024-09-02 08:37:09,ETHUSDT,bid,2210,4529.109
2024-09-02 08:37:11,ETHUSDT,bid,2360,4449.408
2024-09-02 08:38:06,ETHUSDT,bid,2210,4528.188
2024-09-02 08:39:24,ETHUSDT,bid,2210,4529.346
2024-09-02 08:40:23,ETHUSDT,bid,2210,4528.188
2024-09-02 08:41:02,ETHUSDT,bid,2210,4529.254
2024-09-02 08:41:03,ETHUSDT,bid,2210,4530.155
2024-09-02 08:41:09,ETHUSDT,ask,2670,3816.635
2024-09-02 08:41:56,ETHUSDT,bid,2140,4866.18
2024-09-02 08:42:01,ETHUSDT,bid,2210,4529.089
2024-09-02 08:42:03,ETHUSDT,bid,2210,4528.188
2024-09-02 08:43:09,ETHUSDT,bid,2210,4528.134
2024-09-02 08:43:09,ETHUSDT,bid,2310,4440.598
2024-09-02 08:43:23,ETHUSDT,bid,2290,4370.161
2024-09-02 08:43:23,ETHUSDT,bid,2310,4439.598
2024-09-02 08:44:02,ETHUSDT,bid,2310,4439.671
2024-09-02 08:44:06,ETHUSDT,bid,2140,9366.212
2024-09-02 08:45:55,ETHUSDT,bid,2140,9484.612
2024-09-02 08:46:20,ETHUSDT,bid,2250,4521.054
2024-09-02 08:48:48,ETHUSDT,bid,2210,4528.448
2024-09-02 08:49:47,ETHUSDT,bid,2210,4528.134
2024-09-02 08:50:06,ETHUSDT,bid,2140,9366.212
2024-09-02 08:50:31,ETHUSDT,bid,1950,5120.078
2024-09-02 08:50:33,ETHUSDT,bid,2140,9471.212
2024-09-02 08:50:42,ETHUSDT,bid,2210,4528.622
2024-09-02 08:51:41,ETHUSDT,bid,2210,4528.134
2024-09-02 08:52:19,ETHUSDT,bid,2140,9647.212
2024-09-02 08:53:38,ETHUSDT,bid,2140,4866.17
2024-09-02 08:55:03,ETHUSDT,bid,2140,9542.212
2024-09-02 08:58:22,ETHUSDT,bid,2140,4868.17
2024-09-02 08:59:13,ETHUSDT,bid,2210,4529.766
2024-09-02 08:59:18,ETHUSDT,bid,2210,4530.195
2024-09-02 08:59:29,ETHUSDT,bid,2310,4437.506
2024-09-02 08:59:42,ETHUSDT,bid,2140,9533.359
2024-09-02 09:00:19,ETHUSDT,bid,2310,4437.073
2024-09-02 09:00:20,ETHUSDT,bid,2220,4507.738
2024-09-02 09:07:47,ETHUSDT,bid,2200,5073.855
2024-09-02 09:08:20,ETHUSDT,bid,2350,4389.953
2024-09-02 09:08:28,ETHUSDT,bid,2200,5073.845
2024-09-02 09:09:20,ETHUSDT,bid,2350,4389.412
2024-09-02 09:10:45,ETHUSDT,bid,2210,4530.185
2024-09-02 09:10:45,ETHUSDT,bid,2310,4437.063
2024-09-02 09:11:26,ETHUSDT,bid,2200,5073.855
2024-09-02 09:12:14,ETHUSDT,bid,2200,5073.845
2024-09-02 09:15:41,ETHUSDT,bid,2210,4526.787
2024-09-02 09:16:12,ETHUSDT,bid,2140,4868.203
2024-09-02 09:17:15,ETHUSDT,bid,2140,4866.203
2024-09-02 09:18:42,ETHUSDT,bid,1960,5443.096
2024-09-02 09:20:44,ETHUSDT,ask,2670,3816.268
2024-09-02 09:23:23,ETHUSDT,bid,2200,5073.855
2024-09-02 09:23:23,ETHUSDT,bid,2200,5073.855
2024-09-02 09:23:24,ETHUSDT,bid,2200,5073.865
2024-09-02 09:23:24,ETHUSDT,bid,2200,5073.875
2024-09-02 09:23:24,ETHUSDT,bid,2200,5073.885
2024-09-02 09:23:24,ETHUSDT,bid,2200,5073.885
2024-09-02 09:23:25,ETHUSDT,bid,2200,5073.895
2024-09-02 09:23:25,ETHUSDT,bid,2200,5073.895
2024-09-02 09:23:26,ETHUSDT,bid,2200,5073.905
2024-09-02 09:23:26,ETHUSDT,bid,2200,5073.895
2024-09-02 09:23:27,ETHUSDT,bid,2200,5073.895
2024-09-02 09:23:28,ETHUSDT,bid,2200,5073.895
2024-09-02 09:23:29,ETHUSDT,bid,2200,5073.895
2024-09-02 09:23:30,ETHUSDT,bid,2200,5073.895
2024-09-02 09:23:31,ETHUSDT,bid,2200,5073.895
2024-09-02 09:23:32,ETHUSDT,bid,2200,5073.905
2024-09-02 09:23:32,ETHUSDT,bid,2200,5073.895
2024-09-02 09:23:33,ETHUSDT,bid,2200,5073.885
2024-09-02 09:23:33,ETHUSDT,bid,2200,5073.875
2024-09-02 09:23:34,ETHUSDT,bid,2200,5073.865
2024-09-02 09:24:23,ETHUSDT,bid,2200,5073.855
2024-09-02 09:24:24,ETHUSDT,bid,2200,5073.845
2024-09-02 09:24:25,ETHUSDT,bid,2310,4436.631
2024-09-02 09:26:21,ETHUSDT,bid,2200,5073.845
2024-09-02 09:27:20,ETHUSDT,bid,1950,5120.18
2024-09-02 09:27:20,ETHUSDT,bid,1950,5120.078
2024-09-02 09:27:22,ETHUSDT,bid,1950,5120.078
2024-09-02 09:27:22,ETHUSDT,bid,1950,5120.18
2024-09-02 09:27:23,ETHUSDT,bid,1950,5120.078
2024-09-02 09:29:01,ETHUSDT,bid,2350,4388.833
2024-09-02 09:30:13,ETHUSDT,bid,2210,4525.155
2024-09-02 09:30:17,ETHUSDT,bid,2210,4524.726
2024-09-02 09:30:41,ETHUSDT,bid,2310,4427.088
2024-09-02 09:31:19,ETHUSDT,bid,2360,4449.525
2024-09-02 09:31:21,ETHUSDT,bid,1700,6068.291
2024-09-02 09:33:37,ETHUSDT,bid,1700,6063.585
2024-09-02 09:33:42,ETHUSDT,bid,1700,6067.114
2024-09-02 09:37:31,ETHUSDT,bid,2360,4449.558
2024-09-02 09:37:32,ETHUSDT,bid,2360,4449.525
2024-09-02 09:38:18,ETHUSDT,bid,2210,4525.198
2024-09-02 09:38:24,ETHUSDT,bid,2200,5071.607
2024-09-02 09:38:48,ETHUSDT,bid,2220,4527.953
2024-09-02 09:38:53,ETHUSDT,bid,2220,4507.738
2024-09-02 09:39:00,ETHUSDT,bid,2230,4510.729
2024-09-02 09:39:00,ETHUSDT,bid,2230,4490.559
2024-09-02 09:39:17,ETHUSDT,bid,2210,4524.726
2024-09-02 09:43:08,ETHUSDT,bid,2210,4526.242
2024-09-02 09:44:07,ETHUSDT,bid,2210,4524.726
2024-09-02 09:45:00,ETHUSDT,bid,2350,4388.913
2024-09-02 09:46:59,ETHUSDT,bid,2250,4520.974
2024-09-02 09:47:20,ETHUSDT,ask,2650,3804.7
2024-09-02 09:47:20,ETHUSDT,ask,2670,3816.23
2024-09-02 09:50:00,ETHUSDT,bid,2290,4370.141
2024-09-02 09:50:06,ETHUSDT,bid,2210,4526.653
2024-09-02 09:51:05,ETHUSDT,bid,2210,4524.726
2024-09-02 09:51:21,ETHUSDT,bid,1940,5214.203
2024-09-02 09:51:29,ETHUSDT,bid,2210,4527.136
2024-09-02 09:52:22,ETHUSDT,bid,2210,4528.5
2024-09-02 09:52:29,ETHUSDT,bid,2210,4526.09
2024-09-02 09:53:21,ETHUSDT,bid,2210,4524.726
2024-09-02 09:54:04,ETHUSDT,bid,2210,4526.216
2024-09-02 09:54:58,ETHUSDT,bid,2140,4866.436
2024-09-02 09:55:03,ETHUSDT,bid,2210,4524.726
2024-09-02 09:55:04,ETHUSDT,bid,2210,4526.235
2024-09-02 09:55:07,ETHUSDT,bid,2350,4389.587
2024-09-02 09:56:03,ETHUSDT,bid,2210,4524.726
2024-09-02 09:56:10,ETHUSDT,bid,2210,4524.716
2024-09-02 09:56:10,ETHUSDT,bid,2310,4427.078
2024-09-02 09:57:22,ETHUSDT,bid,2210,4526.147
2024-09-02 09:57:28,ETHUSDT,bid,2210,4528.405
2024-09-02 09:57:52,ETHUSDT,bid,2350,4389.577
2024-09-02 09:58:21,ETHUSDT,bid,2210,4526.974
2024-09-02 09:58:27,ETHUSDT,bid,2210,4524.716
2024-09-02 09:58:30,ETHUSDT,bid,2210,4527.301
2024-09-02 09:59:29,ETHUSDT,bid,2210,4524.716
2024-09-02 10:00:00,ETHUSDT,bid,2350,4389.497
2024-09-02 10:00:00,ETHUSDT,bid,2350,4389.577
2024-09-02 10:00:03,ETHUSDT,bid,2350,4388.903
2024-09-02 10:03:25,ETHUSDT,bid,2200,5071.607
2024-09-02 10:06:39,ETHUSDT,bid,2200,5071.617
2024-09-02 10:06:39,ETHUSDT,bid,2200,5071.627
2024-09-02 10:06:40,ETHUSDT,bid,2200,5071.627
2024-09-02 10:06:48,ETHUSDT,bid,2200,5071.607
2024-09-02 10:06:58,ETHUSDT,bid,2200,5071.617
2024-09-02 10:07:08,ETHUSDT,bid,2200,5071.627
2024-09-02 10:07:08,ETHUSDT,bid,2200,5071.637
2024-09-02 10:07:08,ETHUSDT,bid,2200,5071.647
2024-09-02 10:07:08,ETHUSDT,bid,2200,5071.657
2024-09-02 10:07:23,ETHUSDT,ask,2670,3814.358
2024-09-02 10:07:27,ETHUSDT,bid,2200,5071.667
2024-09-02 10:07:41,ETHUSDT,bid,2200,5071.657
2024-09-02 10:07:53,ETHUSDT,bid,2200,5071.647
2024-09-02 10:07:54,ETHUSDT,bid,2200,5071.637
2024-09-02 10:07:54,ETHUSDT,bid,2200,5071.617
2024-09-02 10:08:08,ETHUSDT,bid,2200,5071.607
2024-09-02 10:08:36,ETHUSDT,bid,2200,5071.743
2024-09-02 10:09:52,ETHUSDT,bid,1700,6067.614
2024-09-02 10:10:15,ETHUSDT,bid,2310,4426.378
2024-09-02 10:14:19,ETHUSDT,bid,2200,5071.743
2024-09-02 10:14:33,ETHUSDT,bid,2350,4388.403
2024-09-02 10:14:34,ETHUSDT,bid,2200,5071.753
2024-09-02 10:14:35,ETHUSDT,bid,2200,5071.753
2024-09-02 10:14:36,ETHUSDT,bid,2200,5071.753
2024-09-02 10:14:36,ETHUSDT,bid,2200,5071.763
2024-09-02 10:15:04,ETHUSDT,bid,2350,4388.323
2024-09-02 10:15:21,ETHUSDT,bid,2200,5071.753
2024-09-02 10:15:22,ETHUSDT,bid,2200,5071.743
2024-09-02 10:16:37,ETHUSDT,bid,2210,4525.313
2024-09-02 10:16:37,ETHUSDT,bid,2290,4370.718
2024-09-02 10:16:37,ETHUSDT,bid,2310,4426.95
2024-09-02 10:17:11,ETHUSDT,bid,2210,4524.716
2024-09-02 10:17:11,ETHUSDT,bid,2290,4370.141
2024-09-02 10:17:11,ETHUSDT,bid,2310,4426.378
2024-09-02 10:19:35,ETHUSDT,bid,2350,4390.323
2024-09-02 10:20:49,ETHUSDT,bid,2200,4536.317
2024-09-02 10:21:25,ETHUSDT,bid,2290,4369.011
2024-09-02 10:22:00,ETHUSDT,bid,2200,4536.307
2024-09-02 10:31:24,ETHUSDT,bid,2200,5071.743
2024-09-02 10:31:24,ETHUSDT,bid,2200,5071.753
2024-09-02 10:31:24,ETHUSDT,bid,2200,5071.763
2024-09-02 10:31:25,ETHUSDT,bid,2200,5071.763
2024-09-02 10:31:26,ETHUSDT,bid,2200,5071.773
2024-09-02 10:31:33,ETHUSDT,bid,2200,5071.763
2024-09-02 10:31:33,ETHUSDT,bid,2200,5071.753
2024-09-02 10:32:31,ETHUSDT,bid,2200,5071.743
2024-09-02 10:32:36,ETHUSDT,bid,2200,5071.761
2024-09-02 10:32:36,ETHUSDT,bid,2200,5071.761
2024-09-02 10:32:36,ETHUSDT,bid,2200,5071.771
2024-09-02 10:32:36,ETHUSDT,bid,2200,5071.781
2024-09-02 10:32:37,ETHUSDT,bid,2200,5071.781
2024-09-02 10:32:45,ETHUSDT,bid,2200,5071.771
2024-09-02 10:32:45,ETHUSDT,bid,2200,5071.761
2024-09-02 10:33:24,ETHUSDT,bid,2210,4526.783
2024-09-02 10:33:52,ETHUSDT,ask,2670,3812.807
2024-09-02 10:34:23,ETHUSDT,bid,2210,4524.716
2024-09-02 10:34:24,ETHUSDT,bid,2210,4526.77
2024-09-02 10:35:24,ETHUSDT,bid,2210,4524.716
2024-09-02 10:35:41,ETHUSDT,bid,2350,4388.323
2024-09-02 10:36:05,ETHUSDT,bid,2350,4388.535
2024-09-02 10:36:34,ETHUSDT,bid,1940,5165.69
2024-09-02 10:36:45,ETHUSDT,bid,2350,4389.535
2024-09-02 10:39:25,ETHUSDT,bid,2310,4421.378
2024-09-02 10:40:05,ETHUSDT,bid,2200,5071.771
2024-09-02 10:40:49,ETHUSDT,bid,2200,5071.761
2024-09-02 10:41:33,ETHUSDT,bid,1950,5120.18
2024-09-02 10:41:34,ETHUSDT,bid,1950,5120.078
2024-09-02 10:41:34,ETHUSDT,bid,1950,5120.18
2024-09-02 10:41:34,ETHUSDT,bid,1950,5120.078
2024-09-02 10:41:35,ETHUSDT,bid,1950,5120.078
2024-09-02 10:41:35,ETHUSDT,bid,1950,5120.18
2024-09-02 10:41:35,ETHUSDT,bid,1950,5120.078
2024-09-02 10:41:36,ETHUSDT,bid,1950,5120.18
2024-09-02 10:41:36,ETHUSDT,bid,1950,5120.078
2024-09-02 10:42:36,ETHUSDT,bid,2200,5071.743
2024-09-02 10:43:09,ETHUSDT,bid,2210,4526.709
2024-09-02 10:44:09,ETHUSDT,bid,2210,4524.716
2024-09-02 10:44:10,ETHUSDT,bid,2210,4526.706
2024-09-02 10:44:39,ETHUSDT,bid,2350,4389.493
2024-09-02 10:44:41,ETHUSDT,bid,2360,4453.755
2024-09-02 10:45:01,ETHUSDT,bid,2350,4387.493
2024-09-02 10:45:36,ETHUSDT,ask,2990,3360.848
2024-09-02 10:46:42,ETHUSDT,bid,2200,5071.753
2024-09-02 10:46:43,ETHUSDT,bid,2200,5071.763
2024-09-02 10:46:52,ETHUSDT,bid,2200,5071.753
2024-09-02 10:47:09,ETHUSDT,bid,2210,4524.716
2024-09-02 10:47:09,ETHUSDT,bid,2210,4526.693
2024-09-02 10:47:28,ETHUSDT,bid,2200,5071.743
2024-09-02 10:48:08,ETHUSDT,bid,2210,4524.716
2024-09-02 10:48:14,ETHUSDT,bid,2210,4526.829
2024-09-02 10:49:03,ETHUSDT,ask,2670,3812.358
2024-09-02 10:49:13,ETHUSDT,bid,2210,4524.716
2024-09-02 10:51:02,ETHUSDT,bid,2200,5071.743
2024-09-02 10:51:16,ETHUSDT,bid,2200,5071.743
2024-09-02 10:51:17,ETHUSDT,bid,2200,5071.743
2024-09-02 10:51:18,ETHUSDT,bid,2200,5071.743
2024-09-02 10:51:19,ETHUSDT,bid,2200,5071.743
2024-09-02 10:51:20,ETHUSDT,bid,2200,5071.743
2024-09-02 11:00:01,ETHUSDT,bid,2360,4453.835
2024-09-02 11:00:08,ETHUSDT,bid,2350,4401.654
2024-09-02 11:06:10,ETHUSDT,bid,2350,4401.665
2024-09-02 11:07:02,ETHUSDT,bid,2350,4401.676
2024-09-02 11:09:57,ETHUSDT,bid,1960,5443.198
2024-09-02 11:09:57,ETHUSDT,bid,1960,5443.096
2024-09-02 11:09:58,ETHUSDT,bid,1960,5443.198
2024-09-02 11:09:58,ETHUSDT,bid,1960,5443.096
2024-09-02 11:10:00,ETHUSDT,bid,1960,5443.198
2024-09-02 11:10:00,ETHUSDT,bid,1960,5443.096
2024-09-02 11:10:24,ETHUSDT,bid,1960,5443.096
2024-09-02 11:10:24,ETHUSDT,bid,1960,5443.096
2024-09-02 11:10:24,ETHUSDT,bid,1960,5443.198
2024-09-02 11:10:25,ETHUSDT,bid,1960,5443.096
2024-09-02 11:10:25,ETHUSDT,bid,1960,5443.096
2024-09-02 11:10:26,ETHUSDT,bid,1960,5443.198
2024-09-02 11:10:26,ETHUSDT,bid,1960,5443.096
2024-09-02 11:10:26,ETHUSDT,bid,1960,5443.198
2024-09-02 11:10:26,ETHUSDT,bid,1960,5443.096
2024-09-02 11:10:27,ETHUSDT,bid,1960,5443.096
2024-09-02 11:10:27,ETHUSDT,bid,1960,5443.096
2024-09-02 11:14:50,ETHUSDT,bid,2210,4524.706
2024-09-02 11:14:50,ETHUSDT,bid,2310,4421.368
2024-09-02 11:15:08,ETHUSDT,bid,2360,4453.755
2024-09-02 11:15:25,ETHUSDT,bid,2200,5071.743
2024-09-02 11:15:26,ETHUSDT,bid,2200,5071.753
2024-09-02 11:15:26,ETHUSDT,bid,2200,5071.753
2024-09-02 11:15:35,ETHUSDT,bid,2200,5071.743
2024-09-02 11:15:48,ETHUSDT,bid,2380,5022.116
2024-09-02 11:16:12,ETHUSDT,bid,2200,5071.753
2024-09-02 11:16:23,ETHUSDT,bid,2310,4422.368
2024-09-02 11:17:01,ETHUSDT,bid,2200,5071.743
2024-09-02 11:19:48,ETHUSDT,bid,2350,4402.676
2024-09-02 11:20:01,ETHUSDT,bid,2350,4539.007
2024-09-02 11:20:01,ETHUSDT,bid,2350,4549.607
2024-09-02 11:20:01,ETHUSDT,bid,2350,4580.364
2024-09-02 11:20:01,ETHUSDT,bid,2350,4670.438
2024-09-02 11:20:01,ETHUSDT,bid,2350,4670.95
2024-09-02 11:20:28,ETHUSDT,bid,2360,4454.755
2024-09-02 11:20:43,ETHUSDT,bid,2200,5071.753
2024-09-02 11:20:43,ETHUSDT,bid,2200,5071.753
2024-09-02 11:20:43,ETHUSDT,bid,2200,5071.763
2024-09-02 11:20:44,ETHUSDT,bid,2200,5071.763
2024-09-02 11:20:44,ETHUSDT,bid,2200,5071.773
2024-09-02 11:20:45,ETHUSDT,bid,2200,5071.773
2024-09-02 11:21:00,ETHUSDT,bid,2350,4666.861
2024-09-02 11:21:00,ETHUSDT,bid,2350,4662.784
2024-09-02 11:21:00,ETHUSDT,bid,2350,4577.302
2024-09-02 11:21:00,ETHUSDT,bid,2350,4485.771
2024-09-02 11:21:00,ETHUSDT,bid,2350,4403.188
2024-09-02 11:21:00,ETHUSDT,bid,2350,4402.676
2024-09-02 11:21:33,ETHUSDT,bid,2200,5071.763
2024-09-02 11:21:33,ETHUSDT,bid,2200,5071.753
2024-09-02 11:21:34,ETHUSDT,bid,2200,5071.743
2024-09-02 11:22:45,ETHUSDT,bid,2380,5023.116
2024-09-02 11:23:42,ETHUSDT,bid,2350,4388.515
2024-09-02 11:26:21,ETHUSDT,bid,2380,5026.116
2024-09-02 11:26:26,ETHUSDT,bid,2380,5023.116
2024-09-02 11:35:32,ETHUSDT,bid,2350,4388.727
2024-09-02 11:36:09,ETHUSDT,bid,2380,5039.865
2024-09-02 11:37:41,ETHUSDT,bid,2380,5039.875
2024-09-02 11:37:50,ETHUSDT,bid,2380,5039.865
2024-09-02 11:37:58,ETHUSDT,bid,2380,5039.875
2024-09-02 11:38:02,ETHUSDT,bid,2380,5039.865
2024-09-02 11:38:03,ETHUSDT,bid,2380,5039.875
2024-09-02 11:38:04,ETHUSDT,bid,2380,5039.865
2024-09-02 11:41:45,ETHUSDT,bid,2350,4388.515
2024-09-02 11:43:18,ETHUSDT,bid,2350,4386.409
2024-09-02 11:48:28,ETHUSDT,bid,2380,5039.844
2024-09-02 11:50:26,ETHUSDT,bid,2380,5039.854
2024-09-02 11:50:27,ETHUSDT,bid,2380,5039.844
2024-09-02 11:52:22,ETHUSDT,bid,2380,5039.854
2024-09-02 11:52:23,ETHUSDT,bid,2380,5039.844
2024-09-02 11:53:27,ETHUSDT,bid,2380,5044.027
2024-09-02 11:54:27,ETHUSDT,bid,2380,5039.844
2024-09-02 11:57:32,ETHUSDT,bid,2220,4517.57
2024-09-02 12:01:13,ETHUSDT,bid,2380,5097.691
2024-09-02 12:04:29,ETHUSDT,bid,2350,4406.465
2024-09-02 12:06:38,ETHUSDT,bid,2250,4526.112
2024-09-02 12:07:43,ETHUSDT,bid,2380,5097.701
2024-09-02 12:07:43,ETHUSDT,bid,2380,5097.691
2024-09-02 12:08:04,ETHUSDT,bid,2380,5097.701
2024-09-02 12:08:07,ETHUSDT,bid,2380,5097.691
2024-09-02 12:09:32,ETHUSDT,bid,2380,5111.638
2024-09-02 12:09:45,ETHUSDT,bid,2350,4406.253
2024-09-02 12:11:13,ETHUSDT,bid,2380,5053.791
2024-09-02 12:18:37,ETHUSDT,bid,2380,5037.042
2024-09-02 12:18:51,ETHUSDT,bid,2350,4406.206
2024-09-02 12:19:14,ETHUSDT,bid,2350,4406.249
2024-09-02 12:20:06,ETHUSDT,bid,2380,5049.595
2024-09-02 12:20:53,ETHUSDT,bid,2350,4386.193
2024-09-02 12:22:22,ETHUSDT,bid,2200,5071.753
2024-09-02 12:22:23,ETHUSDT,bid,2200,5071.753
2024-09-02 12:22:24,ETHUSDT,bid,2200,5071.753
2024-09-02 12:22:24,ETHUSDT,bid,2200,5071.763
2024-09-02 12:22:25,ETHUSDT,bid,2200,5071.763
2024-09-02 12:22:25,ETHUSDT,bid,2200,5071.773
2024-09-02 12:22:26,ETHUSDT,bid,2200,5071.773
2024-09-02 12:22:26,ETHUSDT,bid,2200,5071.783
2024-09-02 12:22:27,ETHUSDT,bid,2200,5071.773
2024-09-02 12:22:28,ETHUSDT,bid,2200,5071.773
2024-09-02 12:22:29,ETHUSDT,bid,2200,5071.773
2024-09-02 12:22:29,ETHUSDT,bid,2200,5071.783
2024-09-02 12:22:30,ETHUSDT,bid,2200,5071.773
2024-09-02 12:22:31,ETHUSDT,bid,2200,5071.783
2024-09-02 12:22:31,ETHUSDT,bid,2200,5071.773
2024-09-02 12:22:32,ETHUSDT,bid,2200,5071.773
2024-09-02 12:22:33,ETHUSDT,bid,2200,5071.773
2024-09-02 12:22:33,ETHUSDT,bid,2200,5071.791
2024-09-02 12:22:44,ETHUSDT,bid,2200,5071.801
2024-09-02 12:22:50,ETHUSDT,bid,1960,5441.821
2024-09-02 12:23:11,ETHUSDT,bid,2200,5071.791
2024-09-02 12:23:14,ETHUSDT,bid,2200,5071.781
2024-09-02 12:23:16,ETHUSDT,bid,2200,5071.771
2024-09-02 12:23:28,ETHUSDT,bid,2200,5071.761
2024-09-02 12:23:49,ETHUSDT,bid,2360,4455.178
2024-09-02 12:23:58,ETHUSDT,bid,2070,9670.439
2024-09-02 12:25:07,ETHUSDT,bid,2380,5037.042
2024-09-02 12:25:40,ETHUSDT,bid,2380,5023.095
2024-09-02 12:26:05,ETHUSDT,bid,2380,5022.864
2024-09-02 12:28:11,ETHUSDT,bid,2360,4453.178
2024-09-02 12:32:13,ETHUSDT,bid,1700,6067.79
2024-09-02 12:32:33,ETHUSDT,bid,2200,5071.743
2024-09-02 12:34:18,ETHUSDT,ask,2670,3811.966
2024-09-02 12:35:52,ETHUSDT,bid,2380,5023.178
2024-09-02 12:36:19,ETHUSDT,bid,2310,4420.368
2024-09-02 12:42:02,ETHUSDT,bid,2380,5023.944
2024-09-02 12:44:11,ETHUSDT,bid,2140,9538.359
2024-09-02 12:44:16,ETHUSDT,bid,2140,9533.359
2024-09-02 12:44:21,ETHUSDT,bid,2140,9543.359
2024-09-02 12:44:28,ETHUSDT,bid,2310,4420.348
2024-09-02 12:45:28,ETHUSDT,bid,2450,4289.3
2024-09-02 12:45:28,ETHUSDT,bid,2450,4294.318
2024-09-02 12:45:28,ETHUSDT,bid,2450,4294.3
2024-09-02 12:45:30,ETHUSDT,bid,2450,4293.9
2024-09-02 12:45:31,ETHUSDT,bid,2450,4293.941
2024-09-02 12:45:31,ETHUSDT,bid,2450,4293.9
2024-09-02 12:45:33,ETHUSDT,bid,2450,4290.408
2024-09-02 12:45:35,ETHUSDT,bid,2450,4290.784
2024-09-02 12:45:39,ETHUSDT,bid,2450,4290.753
2024-09-02 12:45:40,ETHUSDT,bid,2450,4290.784
2024-09-02 12:45:40,ETHUSDT,bid,2450,4290.743
2024-09-02 12:45:40,ETHUSDT,bid,2450,4290.784
2024-09-02 12:45:42,ETHUSDT,bid,2450,4290.908
2024-09-02 12:45:43,ETHUSDT,bid,2450,4290.918
2024-09-02 12:45:44,ETHUSDT,bid,2450,4290.877
2024-09-02 12:45:46,ETHUSDT,bid,2450,4290.938
2024-09-02 12:45:49,ETHUSDT,bid,2450,4290.969
2024-09-02 12:45:50,ETHUSDT,bid,2450,4290.969
2024-09-02 12:45:51,ETHUSDT,bid,2450,4291.376
2024-09-02 12:45:51,ETHUSDT,bid,2450,4290.969
2024-09-02 12:46:00,ETHUSDT,bid,2450,4149.587
2024-09-02 12:46:01,ETHUSDT,bid,2450,4166.008
2024-09-02 12:46:01,ETHUSDT,bid,2450,4149.587
2024-09-02 12:46:01,ETHUSDT,bid,2450,4149.872
2024-09-02 12:46:02,ETHUSDT,bid,2450,4166.552
2024-09-02 12:46:02,ETHUSDT,bid,2450,4149.587
2024-09-02 12:46:02,ETHUSDT,bid,2450,4161.448
2024-09-02 12:46:03,ETHUSDT,bid,2450,4161.448
2024-09-02 12:46:04,ETHUSDT,bid,2450,4178.128
2024-09-02 12:46:04,ETHUSDT,bid,2450,4161.448
2024-09-02 12:46:05,ETHUSDT,bid,2450,4178.113
2024-09-02 12:46:05,ETHUSDT,bid,2450,4161.692
2024-09-02 12:46:05,ETHUSDT,bid,2450,4149.932
2024-09-02 12:46:05,ETHUSDT,bid,2450,4149.831
2024-09-02 12:46:05,ETHUSDT,bid,2450,4149.955
2024-09-02 12:46:06,ETHUSDT,bid,2450,4149.955
2024-09-02 12:46:07,ETHUSDT,bid,2450,4166.635
2024-09-02 12:46:08,ETHUSDT,bid,2450,4166.376
2024-09-02 12:46:08,ETHUSDT,bid,2450,4149.955
2024-09-02 12:46:08,ETHUSDT,bid,2450,4150.188
2024-09-02 12:46:09,ETHUSDT,bid,2450,4166.609
2024-09-02 12:46:09,ETHUSDT,bid,2450,4150.188
2024-09-02 12:46:10,ETHUSDT,bid,2450,4150.458
2024-09-02 12:46:10,ETHUSDT,bid,2450,4150.458
2024-09-02 12:46:10,ETHUSDT,bid,2450,4150.488
2024-09-02 12:46:10,ETHUSDT,bid,2450,4156.208
2024-09-02 12:46:11,ETHUSDT,bid,2450,4172.629
2024-09-02 12:46:11,ETHUSDT,bid,2450,4156.208
2024-09-02 12:46:11,ETHUSDT,bid,2450,4158.218
2024-09-02 12:46:11,ETHUSDT,bid,2450,4152.498
2024-09-02 12:46:12,ETHUSDT,bid,2450,4150.488
2024-09-02 12:46:13,ETHUSDT,bid,2450,4150.488
2024-09-02 12:46:14,ETHUSDT,bid,2450,4150.488
2024-09-02 12:46:14,ETHUSDT,bid,2450,4150.255
2024-09-02 12:46:15,ETHUSDT,bid,2450,4166.676
2024-09-02 12:46:15,ETHUSDT,bid,2450,4150.255
2024-09-02 12:46:16,ETHUSDT,bid,2450,4150.255
2024-09-02 12:46:16,ETHUSDT,bid,2220,4507.072
2024-09-02 12:46:17,ETHUSDT,bid,2450,4150.273
2024-09-02 12:46:17,ETHUSDT,bid,2450,4166.694
2024-09-02 12:46:17,ETHUSDT,bid,2450,4150.273
2024-09-02 12:46:17,ETHUSDT,bid,2450,4150.68
2024-09-02 12:46:18,ETHUSDT,bid,2450,4150.68
2024-09-02 12:46:18,ETHUSDT,bid,2450,4150.662
2024-09-02 12:46:18,ETHUSDT,bid,2450,4150.255
2024-09-02 12:46:19,ETHUSDT,bid,2450,4150.255
2024-09-02 12:46:20,ETHUSDT,bid,2450,4166.676
2024-09-02 12:46:20,ETHUSDT,bid,2450,4150.255
2024-09-02 12:46:21,ETHUSDT,bid,2450,4150.011
2024-09-02 12:46:21,ETHUSDT,bid,2450,4150.036
2024-09-02 12:46:22,ETHUSDT,bid,2450,4150.036
2024-09-02 12:46:35,ETHUSDT,bid,2450,4275.956
2024-09-02 12:46:35,ETHUSDT,bid,2450,4259.535
2024-09-02 12:46:36,ETHUSDT,bid,2450,4250.209
2024-09-02 12:46:37,ETHUSDT,bid,2450,4266.63
2024-09-02 12:46:37,ETHUSDT,bid,2450,4250.209
2024-09-02 12:46:37,ETHUSDT,bid,2450,4250.126
2024-09-02 12:46:38,ETHUSDT,bid,2450,4250.126
2024-09-02 12:46:39,ETHUSDT,bid,2450,4250.126
2024-09-02 12:46:44,ETHUSDT,bid,2450,4361.875
2024-09-02 12:46:44,ETHUSDT,bid,2450,4374.572
2024-09-02 12:46:45,ETHUSDT,bid,2450,4339.264
2024-09-02 12:46:45,ETHUSDT,bid,2450,4339.274
2024-09-02 12:46:46,ETHUSDT,bid,2450,4339.264
2024-09-02 12:46:48,ETHUSDT,bid,2450,4337.81
2024-09-02 12:46:48,ETHUSDT,bid,2450,4339.032
2024-09-02 12:46:49,ETHUSDT,bid,2450,4322.724
2024-09-02 12:46:50,ETHUSDT,bid,2450,4314.998
2024-09-02 12:46:51,ETHUSDT,bid,2450,4320.718
2024-09-02 12:46:51,ETHUSDT,bid,2450,4314.998
2024-09-02 12:46:51,ETHUSDT,bid,2450,4316.398
2024-09-02 12:46:51,ETHUSDT,bid,2450,4292.892
2024-09-02 12:46:52,ETHUSDT,bid,2450,4292.878
2024-09-02 12:46:53,ETHUSDT,bid,2450,4291.478
2024-09-02 12:46:53,ETHUSDT,bid,2450,4293.514
2024-09-02 12:47:34,ETHUSDT,bid,2450,4362.414
2024-09-02 12:47:34,ETHUSDT,bid,2450,4378.722
2024-09-02 12:47:35,ETHUSDT,bid,2450,4378.731
2024-09-02 12:47:35,ETHUSDT,bid,2450,4362.423
2024-09-02 12:47:36,ETHUSDT,bid,2450,4362.423
2024-09-02 12:47:36,ETHUSDT,bid,2450,4363.323
2024-09-02 12:47:39,ETHUSDT,bid,2450,4363.549
2024-09-02 12:47:42,ETHUSDT,bid,2450,4335.466
2024-09-02 12:47:42,ETHUSDT,bid,2450,4335.343
2024-09-02 12:47:46,ETHUSDT,bid,2450,4335.443
2024-09-02 12:47:47,ETHUSDT,bid,2450,4335.343
2024-09-02 12:47:48,ETHUSDT,bid,2450,4335.465
2024-09-02 12:47:49,ETHUSDT,bid,2200,5073.743
2024-09-02 12:47:49,ETHUSDT,bid,2450,4335.343
2024-09-02 12:47:52,ETHUSDT,bid,2450,4335.432
2024-09-02 12:47:52,ETHUSDT,bid,2450,4335.475
2024-09-02 12:47:54,ETHUSDT,bid,2450,4335.386
2024-09-02 12:47:55,ETHUSDT,bid,2450,4335.449
2024-09-02 12:47:55,ETHUSDT,bid,2450,4334.745
2024-09-02 12:47:55,ETHUSDT,bid,2450,4341.57
2024-09-02 12:47:55,ETHUSDT,bid,2450,4341.648
2024-09-02 12:47:55,ETHUSDT,bid,2450,4341.69
2024-09-02 12:47:55,ETHUSDT,bid,2450,4341.483
2024-09-02 12:47:55,ETHUSDT,bid,2450,4341.514
2024-09-02 12:47:56,ETHUSDT,bid,2450,4341.538
2024-09-02 12:47:56,ETHUSDT,bid,2450,4345.668
2024-09-02 12:47:56,ETHUSDT,bid,2450,4345.682
2024-09-02 12:47:56,ETHUSDT,bid,2450,4345.623
2024-09-02 12:47:56,ETHUSDT,bid,2450,4345.915
2024-09-02 12:47:56,ETHUSDT,bid,2450,4345.952
2024-09-02 12:47:57,ETHUSDT,bid,2450,4345.677
2024-09-02 12:47:57,ETHUSDT,bid,2450,4345.921
2024-09-02 12:47:57,ETHUSDT,bid,2450,4345.83
2024-09-02 12:47:57,ETHUSDT,bid,2450,4345.856
2024-09-02 12:47:57,ETHUSDT,bid,2450,4344.856
2024-09-02 12:47:57,ETHUSDT,bid,2450,4344.849
2024-09-02 12:47:57,ETHUSDT,bid,2450,4344.848
2024-09-02 12:47:57,ETHUSDT,bid,2450,4343.633
2024-09-02 12:48:23,ETHUSDT,bid,2360,4452.178
2024-09-02 12:50:09,ETHUSDT,bid,2210,4524.605
2024-09-02 12:50:09,ETHUSDT,bid,2310,4420.247
2024-09-02 12:53:09,ETHUSDT,bid,2360,4339.589
2024-09-02 13:01:38,ETHUSDT,bid,2350,4386.362
2024-09-02 13:02:17,ETHUSDT,bid,2310,4418.247
2024-09-02 13:03:15,ETHUSDT,bid,2350,4386.351
2024-09-02 13:03:30,ETHUSDT,bid,2030,4938.586
2024-09-02 13:06:22,ETHUSDT,bid,2380,5023.84
2024-09-02 13:07:51,ETHUSDT,ask,2440,4400.473
2024-09-02 13:09:32,ETHUSDT,bid,2350,4386.326
2024-09-02 13:10:11,ETHUSDT,bid,1700,6066.29
2024-09-02 13:10:26,ETHUSDT,bid,1700,6066.79
2024-09-02 13:10:38,ETHUSDT,bid,1960,5441.923
2024-09-02 13:10:38,ETHUSDT,bid,1960,5441.821
2024-09-02 13:10:39,ETHUSDT,bid,1960,5441.821
2024-09-02 13:10:39,ETHUSDT,bid,1960,5441.821
2024-09-02 13:10:40,ETHUSDT,bid,1960,5441.821
2024-09-02 13:13:54,ETHUSDT,bid,2250,4526.122
2024-09-02 13:13:56,ETHUSDT,bid,2360,4337.429
2024-09-02 13:17:06,ETHUSDT,bid,2200,5073.753
2024-09-02 13:17:07,ETHUSDT,bid,2200,5073.753
2024-09-02 13:17:08,ETHUSDT,bid,2200,5073.753
2024-09-02 13:17:09,ETHUSDT,bid,2200,5073.753
2024-09-02 13:17:10,ETHUSDT,bid,2200,5073.753
2024-09-02 13:17:20,ETHUSDT,bid,2200,5073.763
2024-09-02 13:17:20,ETHUSDT,bid,2200,5073.773
2024-09-02 13:17:46,ETHUSDT,bid,2200,5073.763
2024-09-02 13:18:07,ETHUSDT,bid,2200,5073.753
2024-09-02 13:18:08,ETHUSDT,bid,2200,5073.743
2024-09-02 13:18:28,ETHUSDT,bid,2380,5023.965
2024-09-02 13:18:50,ETHUSDT,bid,2200,5073.743
2024-09-02 13:20:05,ETHUSDT,bid,2210,4524.615
2024-09-02 13:20:05,ETHUSDT,bid,2310,4418.257
2024-09-02 13:20:12,ETHUSDT,bid,2200,5073.743
2024-09-02 13:20:12,ETHUSDT,bid,2200,5073.753
2024-09-02 13:20:13,ETHUSDT,bid,2200,5073.753
2024-09-02 13:20:14,ETHUSDT,bid,2200,5073.763
2024-09-02 13:20:14,ETHUSDT,bid,2200,5073.773
2024-09-02 13:20:14,ETHUSDT,bid,2200,5073.773
2024-09-02 13:20:16,ETHUSDT,bid,2140,4869.94
2024-09-02 13:20:17,ETHUSDT,bid,2200,5073.783
2024-09-02 13:20:17,ETHUSDT,bid,2200,5073.773
2024-09-02 13:20:21,ETHUSDT,bid,2200,5073.763
2024-09-02 13:20:23,ETHUSDT,bid,2200,5073.753
2024-09-02 13:20:23,ETHUSDT,bid,2200,5073.743
2024-09-02 13:21:07,ETHUSDT,bid,2200,5073.753
2024-09-02 13:21:08,ETHUSDT,bid,2200,5073.763
2024-09-02 13:21:56,ETHUSDT,bid,2200,5073.753
2024-09-02 13:21:59,ETHUSDT,bid,2200,5073.743
2024-09-02 13:23:53,ETHUSDT,bid,2350,4385.904
2024-09-02 13:23:54,ETHUSDT,bid,2290,4368.258
2024-09-02 13:24:54,ETHUSDT,bid,2220,4507.493
2024-09-02 13:25:23,ETHUSDT,bid,2220,4518.583
2024-09-02 13:28:14,ETHUSDT,bid,2310,4420.257
2024-09-02 13:31:54,ETHUSDT,bid,2290,4368.108
2024-09-02 13:35:36,ETHUSDT,bid,2380,5024.174
2024-09-02 13:35:38,ETHUSDT,bid,2380,5023.965
2024-09-02 13:38:56,ETHUSDT,bid,1960,5441.821
2024-09-02 13:38:57,ETHUSDT,bid,1960,5441.923
2024-09-02 13:38:57,ETHUSDT,bid,1960,5441.821
2024-09-02 13:38:58,ETHUSDT,bid,1960,5441.821
2024-09-02 13:38:58,ETHUSDT,bid,1960,5441.923
2024-09-02 13:38:59,ETHUSDT,bid,1960,5441.821
2024-09-02 13:38:59,ETHUSDT,bid,1960,5441.923
2024-09-02 13:38:59,ETHUSDT,bid,1960,5441.821
2024-09-02 13:39:00,ETHUSDT,bid,1960,5441.923
2024-09-02 13:39:00,ETHUSDT,bid,1960,5441.821
2024-09-02 13:39:01,ETHUSDT,bid,1960,5441.923
2024-09-02 13:39:01,ETHUSDT,bid,1960,5441.821
2024-09-02 13:39:01,ETHUSDT,bid,1960,5441.923
2024-09-02 13:39:01,ETHUSDT,bid,1960,5441.821
2024-09-02 13:39:02,ETHUSDT,bid,1960,5441.923
2024-09-02 13:39:02,ETHUSDT,bid,1960,5441.821
2024-09-02 13:39:02,ETHUSDT,bid,1960,5441.923
2024-09-02 13:39:02,ETHUSDT,bid,1960,5441.821
2024-09-02 13:39:03,ETHUSDT,bid,1960,5441.821
2024-09-02 13:39:03,ETHUSDT,bid,1960,5441.821
2024-09-02 13:39:04,ETHUSDT,bid,1960,5441.821
2024-09-02 13:39:04,ETHUSDT,bid,1960,5441.821
2024-09-02 13:39:05,ETHUSDT,bid,1960,5441.821
2024-09-02 13:39:05,ETHUSDT,bid,1960,5441.821
2024-09-02 13:39:06,ETHUSDT,bid,1960,5441.923
2024-09-02 13:39:06,ETHUSDT,bid,1960,5441.821
2024-09-02 13:39:06,ETHUSDT,bid,1960,5441.821
2024-09-02 13:39:07,ETHUSDT,bid,1960,5441.821
2024-09-02 13:39:08,ETHUSDT,bid,1960,5441.821
2024-09-02 13:39:08,ETHUSDT,bid,1960,5441.923
2024-09-02 13:39:09,ETHUSDT,bid,1960,5441.821
2024-09-02 13:39:09,ETHUSDT,bid,1960,5441.923
2024-09-02 13:39:09,ETHUSDT,bid,1960,5441.821
2024-09-02 13:39:24,ETHUSDT,bid,1960,5441.923
2024-09-02 13:39:24,ETHUSDT,bid,1960,5441.821
2024-09-02 13:39:24,ETHUSDT,bid,1960,5441.821
2024-09-02 13:39:25,ETHUSDT,bid,1960,5441.821
2024-09-02 13:39:25,ETHUSDT,bid,1960,5441.923
2024-09-02 13:39:25,ETHUSDT,bid,1960,5441.821
2024-09-02 13:39:27,ETHUSDT,bid,1960,5441.821
2024-09-02 13:39:40,ETHUSDT,bid,1960,5441.923
2024-09-02 13:39:40,ETHUSDT,bid,1960,5441.821
2024-09-02 13:39:40,ETHUSDT,bid,1960,5441.834
2024-09-02 13:39:40,ETHUSDT,bid,1960,5441.821
2024-09-02 13:39:41,ETHUSDT,bid,1960,5441.923
2024-09-02 13:39:41,ETHUSDT,bid,1960,5441.821
2024-09-02 13:39:42,ETHUSDT,bid,1960,5441.923
2024-09-02 13:39:42,ETHUSDT,bid,1960,5441.821
2024-09-02 13:40:33,ETHUSDT,bid,2310,4418.257
2024-09-02 13:42:53,ETHUSDT,bid,2380,5024.076
2024-09-02 13:48:28,ETHUSDT,bid,2350,4386.164
2024-09-02 13:49:52,ETHUSDT,bid,2380,5029.076
2024-09-02 13:51:27,ETHUSDT,bid,2380,5031.144
2024-09-02 13:51:43,ETHUSDT,bid,2380,5029.076
2024-09-02 13:57:19,ETHUSDT,bid,2140,4868.44
2024-09-02 13:58:09,ETHUSDT,bid,2200,5073.753
2024-09-02 13:58:10,ETHUSDT,bid,2200,5073.763
2024-09-02 13:58:11,ETHUSDT,bid,2200,5073.773
2024-09-02 13:58:11,ETHUSDT,bid,2200,5073.783
2024-09-02 13:58:13,ETHUSDT,bid,2200,5073.793
2024-09-02 13:59:20,ETHUSDT,bid,2200,5073.783
2024-09-02 13:59:20,ETHUSDT,bid,2200,5073.773
2024-09-02 13:59:22,ETHUSDT,bid,2200,5073.763
2024-09-02 13:59:24,ETHUSDT,bid,2200,5073.753
2024-09-02 13:59:27,ETHUSDT,bid,2200,5073.743
2024-09-02 14:00:02,ETHUSDT,bid,2360,4337.607
2024-09-02 14:00:07,ETHUSDT,bid,2360,4337.429
2024-09-02 14:00:14,ETHUSDT,bid,2360,4337.607
2024-09-02 14:00:19,ETHUSDT,bid,2360,4337.429
2024-09-02 14:02:45,ETHUSDT,bid,2290,4368.021
2024-09-02 14:04:04,ETHUSDT,bid,2210,4524.625
2024-09-02 14:04:04,ETHUSDT,bid,2310,4418.267
2024-09-02 14:06:01,ETHUSDT,bid,2360,4498.357
2024-09-02 14:06:01,ETHUSDT,bid,2360,4604.057
2024-09-02 14:06:01,ETHUSDT,bid,2360,4604.566
2024-09-02 14:07:53,ETHUSDT,bid,1960,5441.821
2024-09-02 14:07:53,ETHUSDT,bid,1960,5441.821
2024-09-02 14:07:55,ETHUSDT,bid,1960,5441.821
2024-09-02 14:07:56,ETHUSDT,bid,1960,5441.923
2024-09-02 14:07:56,ETHUSDT,bid,1960,5441.821
2024-09-02 14:07:57,ETHUSDT,bid,1960,5441.821
2024-09-02 14:07:58,ETHUSDT,bid,1960,5441.923
2024-09-02 14:07:58,ETHUSDT,bid,1960,5441.821
2024-09-02 14:07:59,ETHUSDT,bid,1960,5441.821
2024-09-02 14:08:00,ETHUSDT,bid,1960,5441.821
2024-09-02 14:08:00,ETHUSDT,bid,2360,4549.4
2024-09-02 14:08:00,ETHUSDT,bid,2360,4535.742
2024-09-02 14:08:00,ETHUSDT,bid,2360,4495.364
2024-09-02 14:08:00,ETHUSDT,bid,2360,4379.345
2024-09-02 14:08:00,ETHUSDT,bid,1960,5441.821
2024-09-02 14:08:00,ETHUSDT,bid,2360,4358.305
2024-09-02 14:08:00,ETHUSDT,bid,2360,4337.429
2024-09-02 14:08:01,ETHUSDT,bid,1960,5441.821
2024-09-02 14:08:01,ETHUSDT,bid,1960,5441.821
2024-09-02 14:08:02,ETHUSDT,bid,1960,5441.821
2024-09-02 14:08:02,ETHUSDT,bid,1960,5441.923
2024-09-02 14:08:02,ETHUSDT,bid,1960,5441.821
2024-09-02 14:08:03,ETHUSDT,bid,1960,5441.821
2024-09-02 14:08:03,ETHUSDT,bid,1960,5441.923
2024-09-02 14:08:03,ETHUSDT,bid,1960,5441.821
2024-09-02 14:08:04,ETHUSDT,bid,1960,5441.923
2024-09-02 14:08:04,ETHUSDT,bid,1960,5441.821
2024-09-02 14:08:04,ETHUSDT,bid,1960,5441.923
2024-09-02 14:08:04,ETHUSDT,bid,1960,5441.821
2024-09-02 14:08:05,ETHUSDT,bid,1960,5441.923
2024-09-02 14:08:05,ETHUSDT,bid,1960,5441.821
2024-09-02 14:08:05,ETHUSDT,bid,1960,5441.923
2024-09-02 14:08:05,ETHUSDT,bid,1960,5441.821
2024-09-02 14:08:06,ETHUSDT,bid,1960,5441.821
2024-09-02 14:08:26,ETHUSDT,bid,1960,5441.821
2024-09-02 14:08:27,ETHUSDT,bid,1960,5441.821
2024-09-02 14:08:28,ETHUSDT,bid,1960,5441.821
2024-09-02 14:08:29,ETHUSDT,bid,1960,5441.821
2024-09-02 14:08:30,ETHUSDT,bid,1960,5441.821
2024-09-02 14:08:31,ETHUSDT,bid,1960,5441.821
2024-09-02 14:08:33,ETHUSDT,bid,1960,5441.821
2024-09-02 14:08:34,ETHUSDT,bid,1960,5441.821
2024-09-02 14:08:35,ETHUSDT,bid,1960,5441.923
2024-09-02 14:08:35,ETHUSDT,bid,1960,5441.821
2024-09-02 14:08:36,ETHUSDT,bid,1960,5441.923
2024-09-02 14:08:36,ETHUSDT,bid,1960,5441.821
2024-09-02 14:08:36,ETHUSDT,bid,1960,5441.821
2024-09-02 14:08:37,ETHUSDT,bid,1960,5441.821
2024-09-02 14:08:50,ETHUSDT,ask,2670,3810.905
2024-09-02 14:09:44,ETHUSDT,bid,2350,4386.322
2024-09-02 14:11:58,ETHUSDT,bid,2140,4868.545
2024-09-02 14:17:14,ETHUSDT,bid,2210,4524.615
2024-09-02 14:17:14,ETHUSDT,bid,2310,4418.257
2024-09-02 14:18:23,ETHUSDT,bid,2140,4867.869
2024-09-02 14:21:36,ETHUSDT,bid,2380,5032.076
2024-09-02 14:21:42,ETHUSDT,bid,2380,5029.076
2024-09-02 14:22:31,ETHUSDT,bid,2210,4524.605
2024-09-02 14:22:31,ETHUSDT,bid,2310,4418.247
2024-09-02 14:26:14,ETHUSDT,bid,2200,5072.556
2024-09-02 14:38:47,ETHUSDT,bid,2310,4418.359
2024-09-02 14:48:16,ETHUSDT,bid,1940,5165.79
2024-09-02 14:48:35,ETHUSDT,bid,1960,5441.941
2024-09-02 14:51:19,ETHUSDT,bid,1950,5119.872
2024-09-02 14:51:31,ETHUSDT,bid,2350,4386.342
2024-09-02 14:56:20,ETHUSDT,bid,1700,6067.793
2024-09-02 14:59:00,ETHUSDT,bid,2380,5031.152
2024-09-02 14:59:16,ETHUSDT,bid,2380,5029.076
2024-09-02 15:01:23,ETHUSDT,bid,2380,5029.085
2024-09-02 15:04:44,ETHUSDT,bid,1700,6030.379
2024-09-02 15:05:16,ETHUSDT,bid,1700,6031.379
2024-09-02 15:11:16,ETHUSDT,bid,2200,5072.556
2024-09-02 15:11:17,ETHUSDT,bid,2200,5072.556
2024-09-02 15:11:19,ETHUSDT,bid,2200,5072.556
2024-09-02 15:11:20,ETHUSDT,bid,2200,5072.556
2024-09-02 15:12:19,ETHUSDT,bid,2200,5072.566
2024-09-02 15:12:58,ETHUSDT,bid,2200,5072.556
2024-09-02 15:14:21,ETHUSDT,bid,2360,4341.929
2024-09-02 15:14:26,ETHUSDT,bid,2360,4337.429
2024-09-02 15:14:39,ETHUSDT,bid,2380,5026.991
2024-09-02 15:15:02,ETHUSDT,bid,1960,5449.594
2024-09-02 15:15:35,ETHUSDT,bid,1960,5449.696
2024-09-02 15:15:35,ETHUSDT,bid,1960,5449.594
2024-09-02 15:15:36,ETHUSDT,bid,2350,4387.342
2024-09-02 15:15:47,ETHUSDT,bid,2350,4386.342
2024-09-02 15:17:14,ETHUSDT,bid,1960,5449.696
2024-09-02 15:17:14,ETHUSDT,bid,1960,5449.594
2024-09-02 15:17:36,ETHUSDT,bid,2350,4386.082
2024-09-02 15:19:45,ETHUSDT,bid,2350,4387.942
2024-09-02 15:19:55,ETHUSDT,bid,2380,5026.88
2024-09-02 15:21:02,ETHUSDT,bid,2140,4867.778
2024-09-02 15:21:54,ETHUSDT,bid,2210,4524.595
2024-09-02 15:21:54,ETHUSDT,bid,2310,4418.349
2024-09-02 15:23:02,ETHUSDT,bid,1950,5118.772
2024-09-02 15:23:19,ETHUSDT,bid,2360,4337.44
2024-09-02 15:23:59,ETHUSDT,bid,2380,5016.88
2024-09-02 15:24:14,ETHUSDT,bid,2250,4526.36
2024-09-02 15:25:08,ETHUSDT,bid,2210,4524.605
2024-09-02 15:25:53,ETHUSDT,bid,2210,4524.595
2024-09-02 15:29:12,ETHUSDT,bid,2220,4513.583
2024-09-02 15:31:23,ETHUSDT,bid,2220,4517.58
2024-09-02 15:31:31,ETHUSDT,bid,2220,4517.57
2024-09-02 15:31:35,ETHUSDT,bid,2220,4513.593
2024-09-02 15:31:42,ETHUSDT,bid,2220,4513.583
2024-09-02 15:32:45,ETHUSDT,bid,2220,4517.58
2024-09-02 15:33:00,ETHUSDT,bid,2220,4517.57
2024-09-02 15:33:14,ETHUSDT,ask,2650,3806.312
2024-09-02 15:34:53,ETHUSDT,bid,2140,4862.778
2024-09-02 15:36:08,ETHUSDT,bid,2220,4513.592
2024-09-02 15:36:17,ETHUSDT,bid,2220,4513.583
2024-09-02 15:37:14,ETHUSDT,bid,1700,6030.836
2024-09-02 15:37:56,ETHUSDT,bid,2220,4517.58
2024-09-02 15:38:12,ETHUSDT,bid,2220,4517.57
2024-09-02 15:40:16,ETHUSDT,ask,2670,3810.832
2024-09-02 15:40:57,ETHUSDT,ask,2670,3810.814
2024-09-02 15:41:10,ETHUSDT,bid,2220,4513.592
2024-09-02 15:41:19,ETHUSDT,bid,2220,4513.583
2024-09-02 15:41:20,ETHUSDT,bid,2220,4513.564
2024-09-02 15:42:27,ETHUSDT,bid,2220,4513.574
2024-09-02 15:43:04,ETHUSDT,bid,2220,4513.564
2024-09-02 15:45:50,ETHUSDT,ask,2670,3811.011
2024-09-02 15:47:48,ETHUSDT,bid,2140,4862.946
2024-09-02 15:47:54,ETHUSDT,bid,2210,4524.585
2024-09-02 15:47:54,ETHUSDT,bid,2310,4418.339
2024-09-02 15:49:43,ETHUSDT,bid,2140,9543.313
2024-09-02 15:52:02,ETHUSDT,ask,2670,3811.097
2024-09-02 15:52:04,ETHUSDT,ask,2670,3811.169
2024-09-02 15:53:01,ETHUSDT,ask,2670,3811.083
2024-09-02 15:53:03,ETHUSDT,ask,2670,3811.011
2024-09-02 16:05:22,ETHUSDT,ask,2670,3818.577
2024-09-02 16:06:32,ETHUSDT,bid,2380,5017.88
2024-09-02 16:06:55,ETHUSDT,bid,2380,5016.88
2024-09-02 16:07:11,ETHUSDT,bid,2380,5017.88
2024-09-02 16:11:14,ETHUSDT,bid,2220,4517.58
2024-09-02 16:12:02,ETHUSDT,bid,2220,4517.57
2024-09-02 16:12:38,ETHUSDT,bid,2220,4517.58
2024-09-02 16:13:39,ETHUSDT,bid,2220,4517.57
2024-09-02 16:17:59,ETHUSDT,ask,2670,3818.67
2024-09-02 16:19:41,ETHUSDT,bid,2220,4513.589
2024-09-02 16:20:51,ETHUSDT,bid,2140,4862.791
2024-09-02 16:20:56,ETHUSDT,bid,1960,5449.45
2024-09-02 16:20:56,ETHUSDT,bid,2210,4524.458
2024-09-02 16:20:56,ETHUSDT,bid,2310,4418.217
