2024-09-14 14:55:26,BTCUSDT,bid,47000,877.143
2024-09-14 15:30:26,BTCUSDT,bid,47000,877.153
2024-09-14 15:31:18,BTCUSDT,bid,47000,877.163
2024-09-14 16:00:50,BTCUSDT,bid,47000,877.16
2024-09-14 16:13:37,BTCUSDT,bid,47000,877.133
2024-09-14 16:14:21,BTCUSDT,bid,47000,877.104
2024-09-14 17:04:05,BTCUSDT,bid,47000,872.104
2024-09-14 15:01:51,BTCUSD_PERP,bid,59600,587.96
2024-09-14 15:01:51,BTCUSD_PERP,bid,59600,647.01
2024-09-14 15:01:52,BTCUSD_PERP,bid,59600,705.45
2024-09-14 15:04:24,BTCUSD_PERP,bid,59600,587.66
2024-09-14 15:04:24,BTCUSD_PERP,bid,59600,646.68
2024-09-14 15:07:58,BTCUSD_PERP,bid,59600,647.28
2024-09-14 15:10:58,BTCUSD_PERP,bid,59600,646.68
2024-09-14 15:11:22,BTCUSD_PERP,bid,59500,528.8
2024-09-14 15:11:22,BTCUSD_PERP,bid,59500,587.77
2024-09-14 15:11:34,BTCUSD_PERP,bid,59500,587.91
2024-09-14 15:11:38,BTCUSD_PERP,bid,59500,588.05
2024-09-14 15:11:41,BTCUSD_PERP,bid,59500,588.19
2024-09-14 15:11:51,BTCUSD_PERP,ask,60700,501.54
2024-09-14 15:11:56,BTCUSD_PERP,ask,60700,507.6
2024-09-14 15:11:56,BTCUSD_PERP,ask,60700,527.62
2024-09-14 15:12:02,BTCUSD_PERP,ask,60700,537.63
2024-09-14 15:12:03,BTCUSD_PERP,ask,60700,547.03
2024-09-14 15:12:08,BTCUSD_PERP,ask,60700,553.09
2024-09-14 15:12:10,BTCUSD_PERP,ask,60700,562.79
2024-09-14 15:12:15,BTCUSD_PERP,ask,60700,572.49
2024-09-14 15:12:17,BTCUSD_PERP,ask,60700,578.55
2024-09-14 15:12:19,BTCUSD_PERP,ask,60700,588.25
2024-09-14 15:12:22,BTCUSD_PERP,ask,60700,597.95
2024-09-14 15:12:29,BTCUSD_PERP,ask,60700,607.65
2024-09-14 15:12:33,BTCUSD_PERP,ask,60700,613.71
2024-09-14 15:12:41,BTCUSD_PERP,ask,60700,604.01
2024-09-14 15:12:41,BTCUSD_PERP,ask,60700,613.71
2024-09-14 15:12:43,BTCUSD_PERP,ask,60700,604.01
2024-09-14 15:12:43,BTCUSD_PERP,ask,60700,613.71
2024-09-14 15:12:46,BTCUSD_PERP,ask,60700,604.01
2024-09-14 15:12:46,BTCUSD_PERP,ask,60700,613.71
2024-09-14 15:12:47,BTCUSD_PERP,ask,60700,607.65
2024-09-14 15:12:47,BTCUSD_PERP,ask,60700,613.71
2024-09-14 15:12:51,BTCUSD_PERP,ask,60700,619.77
2024-09-14 15:12:51,BTCUSD_PERP,ask,60700,610.07
2024-09-14 15:12:51,BTCUSD_PERP,ask,60700,619.77
2024-09-14 15:12:52,BTCUSD_PERP,ask,60700,610.07
2024-09-14 15:12:52,BTCUSD_PERP,ask,60700,619.77
2024-09-14 15:13:01,BTCUSD_PERP,ask,60700,639.79
2024-09-14 15:13:03,BTCUSD_PERP,ask,60700,630.39
2024-09-14 15:13:03,BTCUSD_PERP,ask,60700,639.79
2024-09-14 15:13:08,BTCUSD_PERP,ask,60700,633.73
2024-09-14 15:13:08,BTCUSD_PERP,ask,60700,639.79
2024-09-14 15:13:10,BTCUSD_PERP,ask,60700,630.09
2024-09-14 15:13:11,BTCUSD_PERP,ask,60700,639.79
2024-09-14 15:13:15,BTCUSD_PERP,ask,60700,630.09
2024-09-14 15:13:15,BTCUSD_PERP,ask,60700,639.79
2024-09-14 15:13:17,BTCUSD_PERP,ask,60700,633.73
2024-09-14 15:13:17,BTCUSD_PERP,ask,60700,639.79
2024-09-14 15:13:19,BTCUSD_PERP,ask,60700,630.09
2024-09-14 15:13:19,BTCUSD_PERP,ask,60700,639.79
2024-09-14 15:13:20,BTCUSD_PERP,ask,60700,633.73
2024-09-14 15:13:20,BTCUSD_PERP,ask,60700,639.79
2024-09-14 15:13:23,BTCUSD_PERP,ask,60700,619.77
2024-09-14 15:13:23,BTCUSD_PERP,ask,60700,610.07
2024-09-14 15:13:23,BTCUSD_PERP,ask,60700,630.09
2024-09-14 15:13:24,BTCUSD_PERP,ask,60700,639.79
2024-09-14 15:13:28,BTCUSD_PERP,ask,60700,619.77
2024-09-14 15:13:29,BTCUSD_PERP,ask,60700,613.71
2024-09-14 15:13:29,BTCUSD_PERP,ask,60700,619.77
2024-09-14 15:13:29,BTCUSD_PERP,ask,60700,610.07
2024-09-14 15:13:30,BTCUSD_PERP,ask,60700,630.09
2024-09-14 15:13:31,BTCUSD_PERP,ask,60700,639.79
2024-09-14 15:13:40,BTCUSD_PERP,ask,60700,629.78
2024-09-14 15:13:40,BTCUSD_PERP,ask,60700,639.79
2024-09-14 15:13:41,BTCUSD_PERP,ask,60700,630.09
2024-09-14 15:13:41,BTCUSD_PERP,ask,60700,639.79
2024-09-14 15:13:43,BTCUSD_PERP,ask,60700,630.09
2024-09-14 15:13:43,BTCUSD_PERP,ask,60700,639.79
2024-09-14 15:13:46,BTCUSD_PERP,ask,60700,630.09
2024-09-14 15:13:47,BTCUSD_PERP,ask,60700,639.79
2024-09-14 15:13:48,BTCUSD_PERP,ask,60700,633.73
2024-09-14 15:13:48,BTCUSD_PERP,ask,60700,639.79
2024-09-14 15:13:52,BTCUSD_PERP,ask,60700,630.09
2024-09-14 15:13:52,BTCUSD_PERP,ask,60700,639.79
2024-09-14 15:13:53,BTCUSD_PERP,ask,60700,630.09
2024-09-14 15:13:53,BTCUSD_PERP,ask,60700,639.79
2024-09-14 15:14:03,BTCUSD_PERP,ask,60700,630.39
2024-09-14 15:14:04,BTCUSD_PERP,ask,60700,639.79
2024-09-14 15:14:09,BTCUSD_PERP,ask,60700,633.73
2024-09-14 15:14:09,BTCUSD_PERP,ask,60700,639.79
2024-09-14 15:14:09,BTCUSD_PERP,ask,60700,633.73
2024-09-14 15:14:10,BTCUSD_PERP,ask,60700,639.79
2024-09-14 15:14:11,BTCUSD_PERP,ask,60700,630.09
2024-09-14 15:14:11,BTCUSD_PERP,ask,60700,639.79
2024-09-14 15:14:16,BTCUSD_PERP,ask,60700,630.09
2024-09-14 15:14:18,BTCUSD_PERP,ask,60700,624.03
2024-09-14 15:14:20,BTCUSD_PERP,ask,60700,614.33
2024-09-14 15:14:25,BTCUSD_PERP,ask,60700,604.63
2024-09-14 15:14:31,BTCUSD_PERP,ask,60700,584.61
2024-09-14 15:14:32,BTCUSD_PERP,ask,60700,574.91
2024-09-14 15:14:35,BTCUSD_PERP,ask,60700,568.85
2024-09-14 15:14:42,BTCUSD_PERP,ask,60700,559.15
2024-09-14 15:14:43,BTCUSD_PERP,ask,60700,549.45
2024-09-14 15:14:47,BTCUSD_PERP,ask,60700,539.75
2024-09-14 15:14:49,BTCUSD_PERP,ask,60700,533.69
2024-09-14 15:14:52,BTCUSD_PERP,ask,60700,523.99
2024-09-14 15:14:53,BTCUSD_PERP,ask,60700,514.29
2024-09-14 15:14:54,BTCUSD_PERP,ask,60700,508.23
2024-09-14 15:14:57,BTCUSD_PERP,bid,59500,588.05
2024-09-14 15:15:00,BTCUSD_PERP,bid,59500,587.91
2024-09-14 15:15:09,BTCUSD_PERP,bid,59500,587.77
2024-09-14 15:24:17,BTCUSD_PERP,bid,59500,528.48
2024-09-14 15:24:17,BTCUSD_PERP,bid,59500,586.81
2024-09-14 15:24:18,BTCUSD_PERP,bid,59500,645.74
2024-09-14 15:24:18,BTCUSD_PERP,bid,59500,704.67
2024-09-14 15:24:18,BTCUSD_PERP,bid,59500,763.6
2024-09-14 15:24:53,BTCUSD_PERP,bid,47000,2389.97
2024-09-14 15:25:04,BTCUSD_PERP,bid,59500,763.74
2024-09-14 15:28:01,BTCUSD_PERP,ask,60600,502.22
2024-09-14 15:28:01,BTCUSD_PERP,ask,60600,511.91
2024-09-14 15:28:02,BTCUSD_PERP,ask,60600,531.91
2024-09-14 15:28:11,BTCUSD_PERP,ask,60600,537.97
2024-09-14 15:28:12,BTCUSD_PERP,ask,60600,547.36
2024-09-14 15:28:16,BTCUSD_PERP,ask,60600,553.42
2024-09-14 15:28:19,BTCUSD_PERP,ask,60600,563.42
2024-09-14 15:28:20,BTCUSD_PERP,ask,60600,573.11
2024-09-14 15:28:24,BTCUSD_PERP,ask,60600,582.8
2024-09-14 15:28:26,BTCUSD_PERP,ask,60600,588.86
2024-09-14 15:28:26,BTCUSD_PERP,ask,60600,608.86
2024-09-14 15:28:27,BTCUSD_PERP,ask,60600,618.55
2024-09-14 15:28:28,BTCUSD_PERP,bid,59500,763.6
2024-09-14 15:28:50,BTCUSD_PERP,ask,60600,608.86
2024-09-14 15:28:50,BTCUSD_PERP,ask,60600,618.55
2024-09-14 15:28:53,BTCUSD_PERP,ask,60600,608.86
2024-09-14 15:28:53,BTCUSD_PERP,ask,60600,618.55
2024-09-14 15:28:54,BTCUSD_PERP,ask,60600,608.86
2024-09-14 15:28:55,BTCUSD_PERP,ask,60600,599.17
2024-09-14 15:28:55,BTCUSD_PERP,ask,60600,608.86
2024-09-14 15:28:56,BTCUSD_PERP,ask,60600,612.49
2024-09-14 15:28:56,BTCUSD_PERP,ask,60600,618.55
2024-09-14 15:29:01,BTCUSD_PERP,ask,60600,608.86
2024-09-14 15:29:01,BTCUSD_PERP,ask,60600,618.55
2024-09-14 15:29:01,BTCUSD_PERP,ask,60600,608.86
2024-09-14 15:29:01,BTCUSD_PERP,ask,60600,599.17
2024-09-14 15:29:02,BTCUSD_PERP,ask,60600,608.86
2024-09-14 15:29:03,BTCUSD_PERP,ask,60600,618.55
2024-09-14 15:29:08,BTCUSD_PERP,ask,60600,624.6
2024-09-14 15:29:12,BTCUSD_PERP,ask,60600,615.21
2024-09-14 15:29:12,BTCUSD_PERP,ask,60600,624.6
2024-09-14 15:29:17,BTCUSD_PERP,ask,60600,618.54
2024-09-14 15:29:17,BTCUSD_PERP,ask,60600,624.6
2024-09-14 15:29:20,BTCUSD_PERP,ask,60600,614.91
2024-09-14 15:29:20,BTCUSD_PERP,ask,60600,624.6
2024-09-14 15:29:23,BTCUSD_PERP,ask,60600,644.6
2024-09-14 15:29:24,BTCUSD_PERP,ask,60600,634.91
2024-09-14 15:29:25,BTCUSD_PERP,ask,60600,644.6
2024-09-14 15:29:26,BTCUSD_PERP,ask,60600,638.54
2024-09-14 15:29:27,BTCUSD_PERP,ask,60600,644.6
2024-09-14 15:29:27,BTCUSD_PERP,ask,60600,634.91
2024-09-14 15:29:28,BTCUSD_PERP,ask,60600,644.6
2024-09-14 15:29:28,BTCUSD_PERP,ask,60600,638.54
2024-09-14 15:29:29,BTCUSD_PERP,ask,60600,644.6
2024-09-14 15:29:34,BTCUSD_PERP,ask,60600,624.6
2024-09-14 15:29:36,BTCUSD_PERP,ask,60600,644.6
2024-09-14 15:29:40,BTCUSD_PERP,ask,60600,638.55
2024-09-14 15:29:40,BTCUSD_PERP,ask,60600,644.6
2024-09-14 15:29:43,BTCUSD_PERP,ask,60600,638.54
2024-09-14 15:29:44,BTCUSD_PERP,ask,60600,644.6
2024-09-14 15:29:50,BTCUSD_PERP,ask,60600,634.91
2024-09-14 15:29:50,BTCUSD_PERP,ask,60600,644.6
2024-09-14 15:29:53,BTCUSD_PERP,ask,60600,634.91
2024-09-14 15:29:53,BTCUSD_PERP,ask,60600,644.6
2024-09-14 15:29:55,BTCUSD_PERP,ask,60600,634.91
2024-09-14 15:29:55,BTCUSD_PERP,ask,60600,625.22
2024-09-14 15:29:56,BTCUSD_PERP,ask,60600,634.91
2024-09-14 15:29:56,BTCUSD_PERP,ask,60600,628.85
2024-09-14 15:29:56,BTCUSD_PERP,ask,60600,634.91
2024-09-14 15:29:57,BTCUSD_PERP,ask,60600,644.6
2024-09-14 15:30:01,BTCUSD_PERP,ask,60600,634.91
2024-09-14 15:30:01,BTCUSD_PERP,ask,60600,644.6
2024-09-14 15:30:02,BTCUSD_PERP,ask,60600,634.91
2024-09-14 15:30:02,BTCUSD_PERP,ask,60600,644.6
2024-09-14 15:30:03,BTCUSD_PERP,ask,60600,634.91
2024-09-14 15:30:03,BTCUSD_PERP,ask,60600,614.91
2024-09-14 15:30:03,BTCUSD_PERP,ask,60600,604.91
2024-09-14 15:30:04,BTCUSD_PERP,ask,60600,614.91
2024-09-14 15:30:05,BTCUSD_PERP,ask,60600,624.6
2024-09-14 15:30:05,BTCUSD_PERP,ask,60600,644.6
2024-09-14 15:30:12,BTCUSD_PERP,ask,60600,635.21
2024-09-14 15:30:13,BTCUSD_PERP,ask,60600,644.6
2024-09-14 15:30:17,BTCUSD_PERP,ask,60600,638.54
2024-09-14 15:30:18,BTCUSD_PERP,ask,60600,644.6
2024-09-14 15:30:21,BTCUSD_PERP,ask,60600,634.91
2024-09-14 15:30:21,BTCUSD_PERP,ask,60600,644.6
2024-09-14 15:30:25,BTCUSD_PERP,ask,60600,634.91
2024-09-14 15:30:25,BTCUSD_PERP,ask,60600,644.6
2024-09-14 15:30:27,BTCUSD_PERP,ask,60600,638.54
2024-09-14 15:30:27,BTCUSD_PERP,ask,60600,644.6
2024-09-14 15:30:28,BTCUSD_PERP,ask,60600,634.91
2024-09-14 15:30:28,BTCUSD_PERP,ask,60600,644.6
2024-09-14 15:30:42,BTCUSD_PERP,bid,59500,587.41
2024-09-14 15:30:42,BTCUSD_PERP,bid,59500,645.65
2024-09-14 15:30:42,BTCUSD_PERP,bid,59500,704.56
2024-09-14 15:30:44,BTCUSD_PERP,ask,60600,638.55
2024-09-14 15:30:51,BTCUSD_PERP,ask,60600,628.86
2024-09-14 15:30:54,BTCUSD_PERP,ask,60600,619.17
2024-09-14 15:30:56,BTCUSD_PERP,ask,60600,609.48
2024-09-14 15:30:57,BTCUSD_PERP,ask,60600,603.42
2024-09-14 15:30:58,BTCUSD_PERP,ask,60600,593.73
2024-09-14 15:31:02,BTCUSD_PERP,ask,60600,584.04
2024-09-14 15:31:02,BTCUSD_PERP,ask,60600,574.35
2024-09-14 15:31:04,BTCUSD_PERP,ask,60600,554.35
2024-09-14 15:31:05,BTCUSD_PERP,ask,60600,544.66
2024-09-14 15:31:13,BTCUSD_PERP,ask,60600,535.27
2024-09-14 15:31:13,BTCUSD_PERP,ask,60600,529.21
2024-09-14 15:31:14,BTCUSD_PERP,ask,60600,509.21
2024-09-14 15:31:15,BTCUSD_PERP,ask,60600,503.15
2024-09-14 15:31:18,BTCUSD_PERP,ask,60600,497.09
2024-09-14 15:33:35,BTCUSD_PERP,bid,59500,646.25
2024-09-14 15:33:35,BTCUSD_PERP,bid,59500,587.94
2024-09-14 15:33:37,BTCUSD_PERP,bid,59500,529.74
2024-09-14 15:40:11,BTCUSD_PERP,ask,60600,504.98
2024-09-14 15:40:57,BTCUSD_PERP,ask,60600,495.29
2024-09-14 15:46:38,BTCUSD_PERP,bid,59500,704.45
2024-09-14 15:46:39,BTCUSD_PERP,bid,59500,763.36
2024-09-14 15:49:05,BTCUSD_PERP,bid,59500,587.24
2024-09-14 15:49:05,BTCUSD_PERP,bid,59400,645.67
2024-09-14 15:49:05,BTCUSD_PERP,bid,59400,703.94
2024-09-14 15:49:05,BTCUSD_PERP,bid,59400,762.81
2024-09-14 16:00:34,BTCUSD_PERP,bid,59400,704.54
2024-09-14 16:00:34,BTCUSD_PERP,bid,59400,587.5
2024-09-14 16:00:35,BTCUSD_PERP,bid,59500,587.78
2024-09-14 16:06:22,BTCUSD_PERP,bid,59500,529.47
2024-09-14 16:06:23,BTCUSD_PERP,bid,59500,528.58
2024-09-14 16:06:24,BTCUSD_PERP,bid,59500,587.52
2024-09-14 16:06:24,BTCUSD_PERP,bid,59500,704.79
2024-09-14 16:06:38,BTCUSD_PERP,bid,59500,646.45
2024-09-14 16:06:38,BTCUSD_PERP,bid,59500,587.51
2024-09-14 16:06:48,BTCUSD_PERP,bid,59500,529.42
2024-09-14 16:06:49,BTCUSD_PERP,bid,59500,587.78
2024-09-14 16:06:49,BTCUSD_PERP,bid,59500,646.75
2024-09-14 16:06:49,BTCUSD_PERP,bid,59500,705.11
2024-09-14 16:06:50,BTCUSD_PERP,bid,59500,764.08
2024-09-14 16:08:47,BTCUSD_PERP,ask,60700,511.84
2024-09-14 16:08:48,BTCUSD_PERP,ask,60700,521.54
2024-09-14 16:08:50,BTCUSD_PERP,ask,60700,527.6
2024-09-14 16:08:51,BTCUSD_PERP,ask,60700,537.3
2024-09-14 16:08:59,BTCUSD_PERP,ask,60700,543.36
2024-09-14 16:09:01,BTCUSD_PERP,ask,60700,549.42
2024-09-14 16:09:13,BTCUSD_PERP,ask,60700,539.72
2024-09-14 16:09:13,BTCUSD_PERP,ask,60700,549.42
2024-09-14 16:09:15,BTCUSD_PERP,ask,60700,539.72
2024-09-14 16:09:16,BTCUSD_PERP,ask,60700,549.42
2024-09-14 16:09:17,BTCUSD_PERP,ask,60700,539.72
2024-09-14 16:09:17,BTCUSD_PERP,ask,60700,530.02
2024-09-14 16:09:18,BTCUSD_PERP,ask,60700,549.42
2024-09-14 16:09:19,BTCUSD_PERP,ask,60700,543.36
2024-09-14 16:09:20,BTCUSD_PERP,ask,60700,549.42
2024-09-14 16:09:23,BTCUSD_PERP,ask,60700,539.72
2024-09-14 16:09:25,BTCUSD_PERP,ask,60700,530.02
2024-09-14 16:09:25,BTCUSD_PERP,ask,60700,539.72
2024-09-14 16:09:25,BTCUSD_PERP,ask,60700,549.42
2024-09-14 16:09:25,BTCUSD_PERP,ask,60700,539.72
2024-09-14 16:09:26,BTCUSD_PERP,ask,60700,549.42
2024-09-14 16:09:28,BTCUSD_PERP,ask,60700,569.43
2024-09-14 16:09:35,BTCUSD_PERP,ask,60700,560.03
2024-09-14 16:09:35,BTCUSD_PERP,ask,60700,569.43
2024-09-14 16:09:39,BTCUSD_PERP,ask,60700,579.43
2024-09-14 16:09:40,BTCUSD_PERP,ask,60700,573.37
2024-09-14 16:09:40,BTCUSD_PERP,ask,60700,579.43
2024-09-14 16:09:42,BTCUSD_PERP,ask,60700,569.73
2024-09-14 16:09:43,BTCUSD_PERP,ask,60700,579.43
2024-09-14 16:09:44,BTCUSD_PERP,ask,60700,573.37
2024-09-14 16:09:44,BTCUSD_PERP,ask,60700,579.43
2024-09-14 16:09:48,BTCUSD_PERP,ask,60700,569.73
2024-09-14 16:09:48,BTCUSD_PERP,ask,60700,579.43
2024-09-14 16:09:49,BTCUSD_PERP,ask,60700,559.42
2024-09-14 16:09:50,BTCUSD_PERP,ask,60700,553.36
2024-09-14 16:09:51,BTCUSD_PERP,ask,60700,559.42
2024-09-14 16:09:51,BTCUSD_PERP,ask,60700,579.43
2024-09-14 16:09:51,BTCUSD_PERP,ask,60700,569.73
2024-09-14 16:09:51,BTCUSD_PERP,ask,60700,579.43
2024-09-14 16:10:04,BTCUSD_PERP,bid,59500,645.81
2024-09-14 16:10:05,BTCUSD_PERP,bid,59500,704.75
2024-09-14 16:10:13,BTCUSD_PERP,ask,60700,569.73
2024-09-14 16:10:15,BTCUSD_PERP,ask,60700,563.67
2024-09-14 16:10:16,BTCUSD_PERP,ask,60700,553.97
2024-09-14 16:10:18,BTCUSD_PERP,ask,60700,544.27
2024-09-14 16:10:18,BTCUSD_PERP,ask,60700,534.57
2024-09-14 16:10:20,BTCUSD_PERP,ask,60700,528.51
2024-09-14 16:10:25,BTCUSD_PERP,ask,60700,518.81
2024-09-14 16:10:25,BTCUSD_PERP,ask,60700,509.11
2024-09-14 16:10:26,BTCUSD_PERP,ask,60700,499.41
2024-09-14 16:12:56,BTCUSD_PERP,bid,47000,2389.93
2024-09-14 16:13:50,BTCUSD_PERP,ask,60700,495.47
2024-09-14 16:13:53,BTCUSD_PERP,ask,60700,501.53
2024-09-14 16:13:53,BTCUSD_PERP,ask,60700,511.23
2024-09-14 16:13:58,BTCUSD_PERP,ask,60700,517.29
2024-09-14 16:13:58,BTCUSD_PERP,ask,60700,523.35
2024-09-14 16:14:15,BTCUSD_PERP,ask,60700,513.65
2024-09-14 16:14:20,BTCUSD_PERP,ask,60700,503.95
2024-09-14 16:14:20,BTCUSD_PERP,ask,60700,494.25
2024-09-14 16:15:34,BTCUSD_PERP,bid,59500,587.48
2024-09-14 16:15:34,BTCUSD_PERP,bid,59500,704.45
2024-09-14 16:15:35,BTCUSD_PERP,bid,59500,763.36
2024-09-14 16:21:05,BTCUSD_PERP,bid,59500,528.43
2024-09-14 16:21:05,BTCUSD_PERP,bid,59400,704.03
2024-09-14 16:21:05,BTCUSD_PERP,bid,59400,762.91
2024-09-14 16:28:21,BTCUSD_PERP,bid,59400,766.65
2024-09-14 16:30:22,BTCUSD_PERP,bid,59400,762.91
2024-09-14 16:30:24,BTCUSD_PERP,bid,59400,766.65
2024-09-14 16:32:24,BTCUSD_PERP,bid,59400,762.91
2024-09-14 16:35:53,BTCUSD_PERP,bid,59400,704.03
2024-09-14 16:35:53,BTCUSD_PERP,bid,59400,586.87
2024-09-14 16:35:53,BTCUSD_PERP,bid,59400,527.99
2024-09-14 16:35:54,BTCUSD_PERP,bid,59500,528.27
2024-09-14 16:35:54,BTCUSD_PERP,bid,59500,586.57
2024-09-14 16:35:54,BTCUSD_PERP,bid,59500,645.48
2024-09-14 16:35:54,BTCUSD_PERP,bid,59500,704.39
2024-09-14 16:36:23,BTCUSD_PERP,bid,59500,704.53
2024-09-14 16:39:57,BTCUSD_PERP,bid,59500,704.39
2024-09-14 16:40:30,BTCUSD_PERP,bid,59500,645.48
2024-09-14 16:40:31,BTCUSD_PERP,bid,59400,527.39
2024-09-14 16:40:31,BTCUSD_PERP,bid,59400,645.15
2024-09-14 16:40:31,BTCUSD_PERP,bid,59400,704.03
2024-09-14 16:41:33,BTCUSD_PERP,bid,59400,587.48
2024-09-14 16:41:33,BTCUSD_PERP,bid,59400,761.32
2024-09-14 16:41:33,BTCUSD_PERP,bid,59400,820.17
2024-09-14 16:49:16,BTCUSD_PERP,bid,59400,702.71
2024-09-14 16:49:17,BTCUSD_PERP,bid,59400,761.53
2024-09-14 16:49:27,BTCUSD_PERP,bid,59400,526.37
2024-09-14 16:49:27,BTCUSD_PERP,bid,59400,644.01
2024-09-14 16:49:27,BTCUSD_PERP,bid,59400,761.54
2024-09-14 16:49:55,BTCUSD_PERP,bid,59400,702.83
2024-09-14 16:49:55,BTCUSD_PERP,bid,59400,586.59
2024-09-14 16:49:55,BTCUSD_PERP,bid,59400,703.69
2024-09-14 16:49:55,BTCUSD_PERP,bid,59400,762.54
2024-09-14 16:49:55,BTCUSD_PERP,bid,59400,821.39
2024-09-14 16:49:56,BTCUSD_PERP,bid,59400,880.24
2024-09-14 16:50:49,BTCUSD_PERP,bid,59400,587.19
2024-09-14 16:50:50,BTCUSD_PERP,bid,59400,762.34
2024-09-14 16:50:50,BTCUSD_PERP,bid,59400,821.22
2024-09-14 16:50:50,BTCUSD_PERP,bid,59400,880.1
2024-09-14 16:50:50,BTCUSD_PERP,bid,59400,938.98
2024-09-14 16:50:50,BTCUSD_PERP,bid,59400,997.26
2024-09-14 16:50:50,BTCUSD_PERP,bid,59400,1055.54
2024-09-14 16:51:02,BTCUSD_PERP,bid,59400,1057.67
2024-09-14 16:51:19,BTCUSD_PERP,bid,59400,881.63
2024-09-14 16:51:19,BTCUSD_PERP,bid,59400,823.35
2024-09-14 16:51:19,BTCUSD_PERP,bid,59400,764.47
2024-09-14 16:51:19,BTCUSD_PERP,bid,59400,705.59
2024-09-14 16:51:19,BTCUSD_PERP,bid,59400,646.71
2024-09-14 16:51:19,BTCUSD_PERP,bid,59400,530.15
2024-09-14 16:51:20,BTCUSD_PERP,bid,59500,586.0
2024-09-14 16:51:20,BTCUSD_PERP,bid,59500,644.91
2024-09-14 16:52:43,BTCUSD_PERP,bid,59500,527.96
2024-09-14 16:52:43,BTCUSD_PERP,bid,59500,586.9
2024-09-14 16:52:44,BTCUSD_PERP,bid,59500,528.59
2024-09-14 16:52:46,BTCUSD_PERP,bid,59500,528.73
2024-09-14 16:56:09,BTCUSD_PERP,bid,59500,528.59
2024-09-14 16:58:25,BTCUSD_PERP,bid,59500,528.06
2024-09-14 17:03:53,BTCUSD_PERP,bid,59500,528.29
2024-09-14 17:04:25,BTCUSD_PERP,bid,59500,528.43
2024-09-14 17:04:27,BTCUSD_PERP,bid,59500,528.57
2024-09-14 17:04:29,BTCUSD_PERP,bid,59500,528.71
2024-09-14 17:04:31,BTCUSD_PERP,bid,59500,528.85
2024-09-14 17:04:34,BTCUSD_PERP,bid,59500,528.99
2024-09-14 17:07:50,BTCUSD_PERP,bid,59500,528.85
2024-09-14 17:07:55,BTCUSD_PERP,bid,59500,528.71
2024-09-14 17:07:59,BTCUSD_PERP,bid,59500,528.57
2024-09-14 17:07:59,BTCUSD_PERP,bid,59500,528.43
2024-09-14 17:08:04,BTCUSD_PERP,bid,59500,528.29
