2024-08-20 07:56:05,SOLUSDT,ask,175,29335.0
2024-08-20 08:13:18,SOLUSDT,ask,175,29348.0
2024-08-20 09:37:11,SOLUSDT,ask,178,35070.0
2024-08-20 10:55:27,SOLUSDT,ask,175,29554.0
2024-08-20 10:58:53,SOLUSDT,ask,175,29557.0
2024-08-20 11:07:13,SOLUSDT,ask,175,29555.0
2024-08-20 11:07:13,SOLUSDT,ask,176,28946.0
2024-08-20 11:07:13,SOLUSDT,ask,178,35068.0
2024-08-20 11:12:19,SOLUSDT,ask,175,29557.0
2024-08-20 11:12:19,SOLUSDT,ask,176,28948.0
2024-08-20 11:12:19,SOLUSDT,ask,178,35070.0
2024-08-20 11:15:30,SOLUSDT,ask,175,29554.0
2024-08-20 23:54:53,SOLUSDT,bid,74,67732.0
2024-08-21 00:29:44,SOLUSDT,ask,147,38934.0
2024-08-21 00:34:37,SOLUSDT,ask,147,39033.0
2024-08-21 00:34:54,SOLUSDT,bid,138,99705.0
2024-08-21 00:35:54,SOLUSDT,bid,138,99749.0
2024-08-21 00:39:32,SOLUSDT,bid,138,99671.0
2024-08-21 00:41:35,SOLUSDT,bid,138,99684.0
2024-08-21 00:42:57,SOLUSDT,bid,138,99710.0
2024-08-21 00:43:27,SOLUSDT,ask,146,39048.0
2024-08-21 00:43:59,SOLUSDT,bid,138,99723.0
2024-08-21 00:44:01,SOLUSDT,bid,138,99733.0
2024-08-21 00:44:46,SOLUSDT,bid,138,99675.0
2024-08-21 00:45:19,SOLUSDT,bid,138,99707.0
2024-08-21 00:46:28,SOLUSDT,ask,146,39051.0
2024-08-21 00:46:51,SOLUSDT,bid,138,99732.0
2024-08-21 00:47:06,SOLUSDT,bid,138,99717.0
2024-08-21 00:47:38,SOLUSDT,bid,138,99650.0
2024-08-21 00:47:56,SOLUSDT,bid,138,99648.0
2024-08-21 00:48:38,SOLUSDT,bid,138,99635.0
2024-08-21 01:13:40,SOLUSDT,ask,175,29382.0
2024-08-21 01:18:37,SOLUSDT,ask,175,29379.0
2024-08-21 03:10:55,SOLUSDT,bid,143,45587.0
2024-08-21 03:11:15,SOLUSDT,bid,143,45746.0
2024-08-21 03:11:26,SOLUSDT,bid,143,45790.0
2024-08-21 03:11:29,SOLUSDT,bid,143,45768.0
2024-08-21 03:11:35,SOLUSDT,bid,143,45609.0
2024-08-21 03:12:15,SOLUSDT,bid,143,45587.0
2024-08-21 03:12:15,SOLUSDT,bid,143,46072.0
2024-08-21 03:12:16,SOLUSDT,bid,143,46016.0
2024-08-21 03:12:22,SOLUSDT,bid,143,46031.0
2024-08-21 03:12:26,SOLUSDT,bid,143,46016.0
2024-08-21 03:12:38,SOLUSDT,bid,143,45587.0
2024-08-21 03:12:44,SOLUSDT,bid,143,46927.0
2024-08-21 03:12:44,SOLUSDT,bid,143,45587.0
2024-08-21 03:12:45,SOLUSDT,bid,143,45600.0
2024-08-21 03:12:49,SOLUSDT,bid,143,45601.0
2024-08-21 03:12:52,SOLUSDT,bid,143,45621.0
2024-08-21 03:12:53,SOLUSDT,bid,143,45620.0
2024-08-21 03:12:54,SOLUSDT,bid,143,45634.0
2024-08-21 03:12:55,SOLUSDT,bid,143,45657.0
2024-08-21 03:12:58,SOLUSDT,bid,143,45657.0
2024-08-21 03:13:01,SOLUSDT,bid,143,45633.0
2024-08-21 03:13:01,SOLUSDT,bid,143,45593.0
2024-08-21 03:13:05,SOLUSDT,bid,143,47355.0
2024-08-21 03:13:07,SOLUSDT,bid,143,47429.0
2024-08-21 03:13:07,SOLUSDT,bid,143,47671.0
2024-08-21 03:13:07,SOLUSDT,bid,143,47429.0
2024-08-21 03:13:07,SOLUSDT,bid,143,47429.0
2024-08-21 03:13:10,SOLUSDT,bid,143,47429.0
2024-08-21 03:13:10,SOLUSDT,bid,143,47569.0
2024-08-21 03:13:12,SOLUSDT,bid,143,47429.0
2024-08-21 03:13:12,SOLUSDT,bid,143,47629.0
2024-08-21 03:13:28,SOLUSDT,bid,143,48114.0
2024-08-21 03:13:29,SOLUSDT,bid,143,47629.0
2024-08-21 03:13:29,SOLUSDT,bid,143,47429.0
2024-08-21 03:13:31,SOLUSDT,bid,143,47433.0
2024-08-21 03:13:40,SOLUSDT,bid,143,47429.0
2024-08-21 03:13:58,SOLUSDT,bid,143,47430.0
2024-08-21 03:14:00,SOLUSDT,bid,143,45594.0
2024-08-21 03:14:01,SOLUSDT,bid,143,45596.0
2024-08-21 03:14:11,SOLUSDT,bid,143,45604.0
2024-08-21 03:14:15,SOLUSDT,bid,143,45603.0
2024-08-21 03:14:21,SOLUSDT,bid,143,45595.0
2024-08-21 03:15:08,SOLUSDT,bid,143,45595.0
2024-08-21 03:15:13,SOLUSDT,bid,143,45595.0
2024-08-21 03:15:23,SOLUSDT,bid,143,45589.0
2024-08-21 03:15:24,SOLUSDT,bid,143,45710.0
2024-08-21 03:15:25,SOLUSDT,bid,143,45589.0
2024-08-21 03:15:25,SOLUSDT,bid,143,45607.0
2024-08-21 03:15:25,SOLUSDT,bid,143,45608.0
2024-08-21 03:15:25,SOLUSDT,bid,143,45610.0
2024-08-21 03:15:26,SOLUSDT,bid,143,45608.0
2024-08-21 03:15:26,SOLUSDT,bid,143,45607.0
2024-08-21 03:15:27,SOLUSDT,bid,143,45728.0
2024-08-21 03:15:28,SOLUSDT,bid,143,45607.0
2024-08-21 03:15:28,SOLUSDT,bid,143,45613.0
2024-08-21 03:15:30,SOLUSDT,bid,143,45595.0
2024-08-21 03:15:33,SOLUSDT,bid,143,45716.0
2024-08-21 03:15:33,SOLUSDT,bid,143,45719.0
2024-08-21 03:15:33,SOLUSDT,bid,143,45589.0
2024-08-21 03:15:33,SOLUSDT,bid,143,45595.0
2024-08-21 03:15:34,SOLUSDT,bid,143,45598.0
2024-08-21 03:15:34,SOLUSDT,bid,143,45612.0
2024-08-21 03:15:37,SOLUSDT,bid,143,45595.0
2024-08-21 03:16:21,SOLUSDT,bid,143,68593.0
2024-08-21 03:16:22,SOLUSDT,bid,143,68598.0
2024-08-21 03:16:24,SOLUSDT,bid,143,68578.0
2024-08-21 03:16:37,SOLUSDT,bid,143,68573.0
2024-08-21 03:18:11,SOLUSDT,bid,143,68593.0
2024-08-21 03:18:21,SOLUSDT,bid,143,68594.0
2024-08-21 03:18:23,SOLUSDT,bid,143,68574.0
2024-08-21 03:18:35,SOLUSDT,bid,143,68573.0
2024-08-21 03:18:51,SOLUSDT,bid,143,68576.0
2024-08-21 03:18:55,SOLUSDT,bid,143,68573.0
2024-08-21 03:19:01,SOLUSDT,bid,143,68582.0
2024-08-21 03:19:10,SOLUSDT,bid,143,68573.0
2024-08-21 03:20:19,SOLUSDT,bid,143,68574.0
2024-08-21 03:20:37,SOLUSDT,bid,143,68576.0
2024-08-21 03:20:37,SOLUSDT,bid,143,68582.0
2024-08-21 03:20:38,SOLUSDT,bid,143,68576.0
2024-08-21 03:20:39,SOLUSDT,bid,143,68582.0
2024-08-21 03:20:40,SOLUSDT,bid,143,68574.0
2024-08-21 03:20:45,SOLUSDT,bid,143,68574.0
2024-08-21 03:20:45,SOLUSDT,bid,143,68575.0
2024-08-21 03:20:46,SOLUSDT,bid,143,68576.0
2024-08-21 03:20:46,SOLUSDT,bid,143,68715.0
2024-08-21 03:20:48,SOLUSDT,bid,143,68575.0
2024-08-21 03:20:49,SOLUSDT,bid,143,68574.0
2024-08-21 03:20:50,SOLUSDT,bid,143,68695.0
2024-08-21 03:20:50,SOLUSDT,bid,143,68574.0
2024-08-21 03:21:55,SOLUSDT,bid,143,75914.0
2024-08-21 03:21:55,SOLUSDT,bid,143,75915.0
2024-08-21 03:21:58,SOLUSDT,bid,143,77286.0
2024-08-21 03:21:58,SOLUSDT,bid,143,75915.0
2024-08-21 03:21:58,SOLUSDT,bid,143,77286.0
2024-08-21 03:21:58,SOLUSDT,bid,143,75915.0
2024-08-21 03:22:01,SOLUSDT,bid,143,75912.0
2024-08-21 03:22:11,SOLUSDT,bid,143,75922.0
2024-08-21 03:22:21,SOLUSDT,bid,143,75912.0
2024-08-21 03:22:38,SOLUSDT,bid,143,75908.0
2024-08-21 03:22:44,SOLUSDT,bid,143,75907.0
2024-08-21 03:24:01,SOLUSDT,bid,143,75886.0
2024-08-21 03:25:01,SOLUSDT,bid,143,75892.0
2024-08-21 03:25:10,SOLUSDT,bid,143,75886.0
2024-08-21 03:25:19,SOLUSDT,bid,143,75890.0
2024-08-21 03:25:40,SOLUSDT,bid,143,75894.0
2024-08-21 03:25:41,SOLUSDT,bid,143,75914.0
2024-08-21 03:26:02,SOLUSDT,bid,143,75910.0
2024-08-21 03:26:21,SOLUSDT,bid,143,75890.0
2024-08-21 03:26:42,SOLUSDT,bid,143,75903.0
2024-08-21 03:26:51,SOLUSDT,bid,143,75890.0
2024-08-21 03:27:22,SOLUSDT,bid,143,75899.0
2024-08-21 03:27:31,SOLUSDT,bid,143,75890.0
2024-08-21 03:28:12,SOLUSDT,bid,143,75880.0
2024-08-21 03:28:17,SOLUSDT,bid,143,75870.0
2024-08-21 03:28:34,SOLUSDT,bid,143,75890.0
2024-08-21 03:28:34,SOLUSDT,bid,143,75891.0
2024-08-21 03:28:36,SOLUSDT,bid,143,75871.0
2024-08-21 03:28:36,SOLUSDT,bid,143,75870.0
2024-08-21 03:29:05,SOLUSDT,bid,143,75877.0
2024-08-21 03:29:13,SOLUSDT,bid,143,76363.0
2024-08-21 03:29:18,SOLUSDT,bid,143,75877.0
2024-08-21 03:29:20,SOLUSDT,bid,143,75877.0
2024-08-21 03:29:29,SOLUSDT,bid,143,75879.0
2024-08-21 03:29:50,SOLUSDT,bid,143,75883.0
2024-08-21 03:29:59,SOLUSDT,bid,143,75884.0
2024-08-21 03:29:59,SOLUSDT,bid,143,75883.0
2024-08-21 03:30:01,SOLUSDT,bid,143,75875.0
2024-08-21 03:31:27,SOLUSDT,bid,143,74555.0
2024-08-21 03:31:28,SOLUSDT,bid,143,74455.0
2024-08-21 03:31:29,SOLUSDT,bid,143,74451.0
2024-08-21 03:31:41,SOLUSDT,bid,143,74449.0
2024-08-21 03:31:47,SOLUSDT,bid,143,74449.0
2024-08-21 03:31:49,SOLUSDT,bid,143,74449.0
2024-08-21 03:31:49,SOLUSDT,bid,143,74622.0
2024-08-21 03:31:50,SOLUSDT,bid,143,74622.0
2024-08-21 03:31:50,SOLUSDT,bid,143,74449.0
2024-08-21 03:31:50,SOLUSDT,bid,143,74450.0
2024-08-21 03:31:51,SOLUSDT,bid,143,74454.0
2024-08-21 03:31:51,SOLUSDT,bid,143,74488.0
2024-08-21 03:31:51,SOLUSDT,bid,143,74487.0
2024-08-21 03:31:51,SOLUSDT,bid,143,74587.0
2024-08-21 03:31:52,SOLUSDT,bid,143,74499.0
2024-08-21 03:31:52,SOLUSDT,bid,143,74465.0
2024-08-21 03:31:52,SOLUSDT,bid,143,74535.0
2024-08-21 03:31:55,SOLUSDT,bid,143,74529.0
2024-08-21 03:31:56,SOLUSDT,bid,143,74459.0
2024-08-21 03:31:57,SOLUSDT,bid,143,74555.0
2024-08-21 03:31:58,SOLUSDT,bid,143,74459.0
2024-08-21 03:31:58,SOLUSDT,bid,143,74475.0
2024-08-21 03:31:59,SOLUSDT,bid,143,74513.0
2024-08-21 03:31:59,SOLUSDT,bid,143,74478.0
2024-08-21 03:32:00,SOLUSDT,bid,143,74505.0
2024-08-21 03:32:00,SOLUSDT,bid,143,74514.0
2024-08-21 03:32:00,SOLUSDT,bid,143,74514.0
2024-08-21 03:32:02,SOLUSDT,bid,143,74498.0
2024-08-21 03:32:02,SOLUSDT,bid,143,74494.0
2024-08-21 03:32:02,SOLUSDT,bid,143,74481.0
2024-08-21 03:32:03,SOLUSDT,bid,143,74450.0
2024-08-21 03:32:04,SOLUSDT,bid,143,74630.0
2024-08-21 03:32:05,SOLUSDT,bid,143,74450.0
2024-08-21 03:32:07,SOLUSDT,bid,143,74465.0
2024-08-21 03:32:07,SOLUSDT,bid,143,74466.0
2024-08-21 03:32:08,SOLUSDT,bid,143,74465.0
2024-08-21 03:32:20,SOLUSDT,bid,143,74450.0
2024-08-21 03:32:20,SOLUSDT,bid,143,74444.0
2024-08-21 03:32:23,SOLUSDT,bid,143,74478.0
2024-08-21 03:32:23,SOLUSDT,bid,143,74443.0
2024-08-21 03:32:24,SOLUSDT,bid,143,74478.0
2024-08-21 03:32:25,SOLUSDT,bid,143,74489.0
2024-08-21 03:32:25,SOLUSDT,bid,143,74478.0
2024-08-21 03:32:25,SOLUSDT,bid,143,74443.0
2024-08-21 03:32:29,SOLUSDT,bid,143,74447.0
2024-08-21 03:32:32,SOLUSDT,bid,143,73299.0
2024-08-21 03:32:36,SOLUSDT,bid,143,73300.0
2024-08-21 03:32:36,SOLUSDT,bid,143,73299.0
2024-08-21 03:32:38,SOLUSDT,bid,143,73299.0
2024-08-21 03:32:39,SOLUSDT,bid,143,73399.0
2024-08-21 03:32:39,SOLUSDT,bid,143,73299.0
2024-08-21 03:32:45,SOLUSDT,bid,143,73301.0
2024-08-21 03:32:46,SOLUSDT,bid,143,73299.0
2024-08-21 03:32:50,SOLUSDT,bid,143,73399.0
2024-08-21 03:32:51,SOLUSDT,bid,143,73299.0
2024-08-21 03:32:51,SOLUSDT,bid,143,73299.0
2024-08-21 03:32:51,SOLUSDT,bid,143,73399.0
2024-08-21 03:32:52,SOLUSDT,bid,143,73299.0
2024-08-21 03:32:52,SOLUSDT,bid,143,73438.0
2024-08-21 03:32:52,SOLUSDT,bid,143,73299.0
2024-08-21 03:32:52,SOLUSDT,bid,143,73399.0
2024-08-21 03:32:53,SOLUSDT,bid,143,73299.0
2024-08-21 03:32:57,SOLUSDT,bid,143,73312.0
2024-08-21 03:32:58,SOLUSDT,bid,143,73299.0
2024-08-21 03:33:01,SOLUSDT,bid,143,73303.0
2024-08-21 03:33:01,SOLUSDT,bid,143,73304.0
2024-08-21 03:33:01,SOLUSDT,bid,143,73305.0
2024-08-21 03:33:02,SOLUSDT,bid,143,73308.0
2024-08-21 03:33:02,SOLUSDT,bid,143,73308.0
2024-08-21 03:33:02,SOLUSDT,bid,143,73304.0
2024-08-21 03:33:02,SOLUSDT,bid,143,73303.0
2024-08-21 03:33:02,SOLUSDT,bid,143,73303.0
2024-08-21 03:33:04,SOLUSDT,bid,143,73304.0
2024-08-21 03:33:04,SOLUSDT,bid,143,73415.0
2024-08-21 03:33:04,SOLUSDT,bid,143,73304.0
2024-08-21 03:33:12,SOLUSDT,bid,143,73331.0
2024-08-21 03:33:13,SOLUSDT,bid,143,73330.0
2024-08-21 03:33:23,SOLUSDT,bid,143,73433.0
2024-08-21 03:33:24,SOLUSDT,bid,143,73430.0
2024-08-21 03:33:40,SOLUSDT,bid,143,73327.0
2024-08-21 03:33:48,SOLUSDT,bid,143,73328.0
2024-08-21 03:33:49,SOLUSDT,bid,143,73330.0
2024-08-21 03:33:50,SOLUSDT,bid,143,73495.0
2024-08-21 03:33:54,SOLUSDT,bid,143,73497.0
2024-08-21 03:33:56,SOLUSDT,bid,143,73332.0
2024-08-21 03:34:10,SOLUSDT,bid,143,73366.0
2024-08-21 03:34:11,SOLUSDT,bid,143,73345.0
2024-08-21 03:34:14,SOLUSDT,bid,143,73332.0
2024-08-21 03:34:17,SOLUSDT,bid,143,73335.0
2024-08-21 03:34:23,SOLUSDT,bid,143,74059.0
2024-08-21 03:34:39,SOLUSDT,bid,143,74057.0
2024-08-21 03:34:57,SOLUSDT,bid,143,74054.0
2024-08-21 03:35:28,SOLUSDT,bid,143,74221.0
2024-08-21 03:36:02,SOLUSDT,bid,143,74223.0
2024-08-21 03:36:03,SOLUSDT,bid,143,74056.0
2024-08-21 03:36:13,SOLUSDT,bid,143,74030.0
2024-08-21 03:36:15,SOLUSDT,bid,143,74029.0
2024-08-21 03:36:26,SOLUSDT,bid,143,74049.0
2024-08-21 03:36:26,SOLUSDT,bid,143,74914.0
2024-08-21 03:36:27,SOLUSDT,bid,143,74049.0
2024-08-21 03:37:19,SOLUSDT,bid,143,74029.0
2024-08-21 03:37:19,SOLUSDT,bid,143,74046.0
2024-08-21 03:37:25,SOLUSDT,bid,143,74049.0
2024-08-21 03:37:32,SOLUSDT,bid,143,74053.0
2024-08-21 03:37:32,SOLUSDT,bid,143,74051.0
2024-08-21 03:37:34,SOLUSDT,bid,143,74051.0
2024-08-21 03:37:35,SOLUSDT,bid,143,74051.0
2024-08-21 03:37:35,SOLUSDT,bid,143,74051.0
2024-08-21 03:37:36,SOLUSDT,bid,143,74028.0
2024-08-21 03:37:41,SOLUSDT,bid,143,74032.0
2024-08-21 03:37:41,SOLUSDT,bid,143,74036.0
2024-08-21 03:37:41,SOLUSDT,bid,143,74032.0
2024-08-21 03:37:44,SOLUSDT,bid,143,74035.0
2024-08-21 03:37:45,SOLUSDT,bid,143,74032.0
2024-08-21 03:37:45,SOLUSDT,bid,143,74232.0
2024-08-21 03:37:45,SOLUSDT,bid,143,74352.0
2024-08-21 03:37:46,SOLUSDT,bid,143,74231.0
2024-08-21 03:37:46,SOLUSDT,bid,143,74233.0
2024-08-21 03:37:46,SOLUSDT,bid,143,74033.0
2024-08-21 03:37:51,SOLUSDT,bid,143,74029.0
2024-08-21 03:37:54,SOLUSDT,bid,143,74032.0
2024-08-21 03:37:55,SOLUSDT,bid,143,73305.0
2024-08-21 03:37:55,SOLUSDT,bid,143,73308.0
2024-08-21 03:37:56,SOLUSDT,bid,143,73305.0
2024-08-21 03:37:57,SOLUSDT,bid,143,73304.0
2024-08-21 03:38:04,SOLUSDT,bid,143,73307.0
2024-08-21 03:38:05,SOLUSDT,bid,143,73304.0
2024-08-21 03:38:11,SOLUSDT,bid,143,73310.0
2024-08-21 03:38:14,SOLUSDT,bid,143,73304.0
2024-08-21 03:38:18,SOLUSDT,bid,143,73305.0
2024-08-21 03:38:19,SOLUSDT,bid,143,73332.0
2024-08-21 03:38:19,SOLUSDT,bid,143,73329.0
2024-08-21 03:38:20,SOLUSDT,bid,143,73502.0
2024-08-21 03:38:21,SOLUSDT,bid,143,73305.0
2024-08-21 03:38:22,SOLUSDT,bid,143,73304.0
2024-08-21 03:38:23,SOLUSDT,bid,143,73303.0
2024-08-21 03:38:24,SOLUSDT,bid,143,73338.0
2024-08-21 03:38:24,SOLUSDT,bid,143,73303.0
2024-08-21 03:38:24,SOLUSDT,bid,143,73307.0
2024-08-21 03:38:24,SOLUSDT,bid,143,73306.0
2024-08-21 03:38:24,SOLUSDT,bid,143,73302.0
2024-08-21 03:38:28,SOLUSDT,bid,143,73303.0
2024-08-21 03:38:28,SOLUSDT,bid,143,73317.0
2024-08-21 03:38:31,SOLUSDT,bid,143,73303.0
2024-08-21 03:38:31,SOLUSDT,bid,143,73302.0
2024-08-21 03:38:34,SOLUSDT,bid,143,73338.0
2024-08-21 03:38:36,SOLUSDT,bid,143,73313.0
2024-08-21 03:38:37,SOLUSDT,bid,143,73313.0
2024-08-21 03:38:38,SOLUSDT,bid,143,73316.0
2024-08-21 03:38:41,SOLUSDT,bid,143,73355.0
2024-08-21 03:38:42,SOLUSDT,bid,143,73352.0
2024-08-21 03:38:42,SOLUSDT,bid,143,73342.0
2024-08-21 03:38:44,SOLUSDT,bid,143,73363.0
2024-08-21 03:38:47,SOLUSDT,bid,143,73328.0
2024-08-21 03:38:49,SOLUSDT,bid,143,73363.0
2024-08-21 03:38:49,SOLUSDT,bid,143,73536.0
2024-08-21 03:38:49,SOLUSDT,bid,143,73328.0
2024-08-21 03:38:50,SOLUSDT,bid,143,73341.0
2024-08-21 03:38:50,SOLUSDT,bid,143,73354.0
2024-08-21 03:38:57,SOLUSDT,bid,143,73366.0
2024-08-21 03:38:59,SOLUSDT,bid,143,73354.0
2024-08-21 03:39:00,SOLUSDT,bid,143,73345.0
2024-08-21 03:39:00,SOLUSDT,bid,143,73310.0
2024-08-21 03:39:00,SOLUSDT,bid,143,73303.0
2024-08-21 03:39:01,SOLUSDT,bid,143,73328.0
2024-08-21 03:39:02,SOLUSDT,bid,143,73342.0
2024-08-21 03:39:02,SOLUSDT,bid,143,73328.0
2024-08-21 03:39:03,SOLUSDT,bid,143,73467.0
2024-08-21 03:39:03,SOLUSDT,bid,143,73354.0
2024-08-21 03:39:04,SOLUSDT,bid,143,73358.0
2024-08-21 03:39:07,SOLUSDT,bid,143,73332.0
2024-08-21 03:39:09,SOLUSDT,bid,143,73328.0
2024-08-21 03:39:10,SOLUSDT,bid,143,73341.0
2024-08-21 03:39:10,SOLUSDT,bid,143,73328.0
2024-08-21 03:39:10,SOLUSDT,bid,143,73330.0
2024-08-21 03:39:14,SOLUSDT,bid,143,73333.0
2024-08-21 03:39:15,SOLUSDT,bid,143,73350.0
2024-08-21 03:39:17,SOLUSDT,bid,143,73325.0
2024-08-21 03:39:18,SOLUSDT,bid,143,73323.0
2024-08-21 03:39:20,SOLUSDT,bid,143,73306.0
2024-08-21 03:39:20,SOLUSDT,bid,143,73323.0
2024-08-21 03:39:23,SOLUSDT,bid,143,73324.0
2024-08-21 03:39:23,SOLUSDT,bid,143,73323.0
2024-08-21 03:39:24,SOLUSDT,bid,143,73324.0
2024-08-21 03:39:25,SOLUSDT,bid,143,73307.0
2024-08-21 03:39:25,SOLUSDT,bid,143,73306.0
2024-08-21 03:39:27,SOLUSDT,bid,143,73306.0
2024-08-21 03:39:29,SOLUSDT,bid,143,73549.0
2024-08-21 03:39:37,SOLUSDT,bid,143,73306.0
2024-08-21 03:39:41,SOLUSDT,bid,143,73312.0
2024-08-21 03:39:46,SOLUSDT,bid,143,73325.0
2024-08-21 03:39:47,SOLUSDT,bid,143,73312.0
2024-08-21 03:39:51,SOLUSDT,bid,143,73306.0
2024-08-21 03:39:53,SOLUSDT,bid,143,73306.0
2024-08-21 03:39:56,SOLUSDT,bid,143,73305.0
2024-08-21 03:39:57,SOLUSDT,bid,143,73308.0
2024-08-21 03:39:57,SOLUSDT,bid,143,73508.0
2024-08-21 03:40:00,SOLUSDT,bid,143,74232.0
2024-08-21 03:40:08,SOLUSDT,bid,143,74229.0
2024-08-21 03:40:20,SOLUSDT,bid,143,74029.0
2024-08-21 03:40:20,SOLUSDT,bid,143,74029.0
2024-08-21 03:40:20,SOLUSDT,bid,143,74037.0
2024-08-21 03:40:22,SOLUSDT,bid,143,74037.0
2024-08-21 03:40:22,SOLUSDT,bid,143,74036.0
2024-08-21 03:40:25,SOLUSDT,bid,143,74037.0
2024-08-21 03:40:30,SOLUSDT,bid,143,74030.0
2024-08-21 03:40:47,SOLUSDT,bid,143,74030.0
2024-08-21 03:40:50,SOLUSDT,bid,143,74033.0
2024-08-21 03:40:52,SOLUSDT,bid,143,74039.0
2024-08-21 03:40:58,SOLUSDT,bid,143,74040.0
2024-08-21 03:40:58,SOLUSDT,bid,143,74039.0
2024-08-21 03:40:58,SOLUSDT,bid,143,74036.0
2024-08-21 03:40:59,SOLUSDT,bid,143,74037.0
2024-08-21 03:41:00,SOLUSDT,bid,143,74036.0
2024-08-21 03:41:03,SOLUSDT,bid,143,74030.0
2024-08-21 03:41:05,SOLUSDT,bid,143,74170.0
2024-08-21 03:41:08,SOLUSDT,bid,143,74030.0
2024-08-21 03:41:08,SOLUSDT,bid,143,74130.0
2024-08-21 03:41:09,SOLUSDT,bid,143,74030.0
2024-08-21 03:41:10,SOLUSDT,bid,143,74047.0
2024-08-21 03:41:10,SOLUSDT,bid,143,73323.0
2024-08-21 03:41:11,SOLUSDT,bid,143,73322.0
2024-08-21 03:41:11,SOLUSDT,bid,143,73346.0
2024-08-21 03:41:11,SOLUSDT,bid,143,73322.0
2024-08-21 03:41:11,SOLUSDT,bid,143,73357.0
2024-08-21 03:41:11,SOLUSDT,bid,143,73322.0
2024-08-21 03:41:12,SOLUSDT,bid,143,73431.0
2024-08-21 03:41:12,SOLUSDT,bid,143,73431.0
2024-08-21 03:41:13,SOLUSDT,bid,143,73431.0
2024-08-21 03:41:13,SOLUSDT,bid,143,73331.0
2024-08-21 03:41:14,SOLUSDT,bid,143,73357.0
2024-08-21 03:41:15,SOLUSDT,bid,143,73340.0
2024-08-21 03:41:19,SOLUSDT,bid,143,73341.0
2024-08-21 03:41:20,SOLUSDT,bid,143,73313.0
2024-08-21 03:41:27,SOLUSDT,bid,143,73499.0
2024-08-21 03:41:33,SOLUSDT,bid,143,73485.0
2024-08-21 03:41:40,SOLUSDT,bid,143,73486.0
2024-08-21 03:41:40,SOLUSDT,bid,143,73485.0
2024-08-21 03:41:40,SOLUSDT,bid,143,73486.0
2024-08-21 03:41:40,SOLUSDT,bid,143,73485.0
2024-08-21 03:41:41,SOLUSDT,bid,143,73485.0
2024-08-21 03:41:42,SOLUSDT,bid,143,73486.0
2024-08-21 03:41:42,SOLUSDT,bid,143,73486.0
2024-08-21 03:41:42,SOLUSDT,bid,143,73485.0
2024-08-21 03:41:43,SOLUSDT,bid,143,73486.0
2024-08-21 03:41:43,SOLUSDT,bid,143,73485.0
2024-08-21 03:41:44,SOLUSDT,bid,143,73486.0
2024-08-21 03:41:45,SOLUSDT,bid,143,73521.0
2024-08-21 03:41:51,SOLUSDT,bid,143,73486.0
2024-08-21 03:41:51,SOLUSDT,bid,143,73313.0
2024-08-21 03:41:51,SOLUSDT,bid,143,73314.0
2024-08-21 03:41:53,SOLUSDT,bid,143,73305.0
2024-08-21 03:41:53,SOLUSDT,bid,143,73306.0
2024-08-21 03:41:54,SOLUSDT,bid,143,73307.0
2024-08-21 03:41:59,SOLUSDT,bid,143,73308.0
2024-08-21 03:42:03,SOLUSDT,bid,143,73308.0
2024-08-21 03:42:07,SOLUSDT,bid,143,73314.0
2024-08-21 03:42:07,SOLUSDT,bid,143,73308.0
2024-08-21 03:42:09,SOLUSDT,bid,143,73307.0
2024-08-21 03:42:18,SOLUSDT,bid,143,73428.0
2024-08-21 03:42:18,SOLUSDT,bid,143,73307.0
2024-08-21 03:42:32,SOLUSDT,bid,143,73309.0
2024-08-21 03:42:35,SOLUSDT,bid,143,73308.0
2024-08-21 03:42:41,SOLUSDT,bid,143,73647.0
2024-08-21 03:42:42,SOLUSDT,bid,143,73308.0
2024-08-21 03:42:42,SOLUSDT,bid,143,73309.0
2024-08-21 03:42:43,SOLUSDT,bid,143,73310.0
2024-08-21 03:42:54,SOLUSDT,bid,143,73324.0
2024-08-21 03:42:54,SOLUSDT,bid,143,73310.0
2024-08-21 03:43:14,SOLUSDT,bid,143,74304.0
2024-08-21 03:43:14,SOLUSDT,bid,143,73310.0
2024-08-21 03:43:19,SOLUSDT,bid,143,73310.0
2024-08-21 03:43:21,SOLUSDT,bid,143,73308.0
2024-08-21 03:43:25,SOLUSDT,bid,143,73308.0
2024-08-21 03:43:40,SOLUSDT,bid,143,73551.0
2024-08-21 03:43:41,SOLUSDT,bid,143,73308.0
2024-08-21 03:43:41,SOLUSDT,bid,143,73551.0
2024-08-21 03:43:41,SOLUSDT,bid,143,73552.0
2024-08-21 03:43:42,SOLUSDT,bid,143,73551.0
2024-08-21 03:43:42,SOLUSDT,bid,143,73308.0
2024-08-21 03:43:46,SOLUSDT,bid,143,73322.0
2024-08-21 03:43:46,SOLUSDT,bid,143,73308.0
2024-08-21 03:43:47,SOLUSDT,bid,143,73322.0
2024-08-21 03:43:48,SOLUSDT,bid,143,73308.0
2024-08-21 03:43:59,SOLUSDT,bid,143,73322.0
2024-08-21 03:43:59,SOLUSDT,bid,143,73308.0
2024-08-21 03:44:02,SOLUSDT,bid,143,73322.0
2024-08-21 03:44:03,SOLUSDT,bid,143,73308.0
2024-08-21 03:44:44,SOLUSDT,bid,143,73314.0
2024-08-21 03:44:46,SOLUSDT,bid,143,73744.0
2024-08-21 03:44:53,SOLUSDT,bid,143,73314.0
2024-08-21 03:44:53,SOLUSDT,bid,143,73744.0
2024-08-21 03:44:54,SOLUSDT,bid,143,73746.0
2024-08-21 03:45:14,SOLUSDT,bid,143,73316.0
2024-08-21 03:45:34,SOLUSDT,bid,143,73314.0
2024-08-21 03:45:34,SOLUSDT,bid,143,73369.0
2024-08-21 03:45:34,SOLUSDT,bid,143,73369.0
2024-08-21 03:45:36,SOLUSDT,bid,143,73375.0
2024-08-21 03:45:36,SOLUSDT,bid,143,73369.0
2024-08-21 03:45:37,SOLUSDT,bid,143,73375.0
2024-08-21 03:45:38,SOLUSDT,bid,143,73369.0
2024-08-21 03:45:56,SOLUSDT,bid,143,73372.0
2024-08-21 03:45:59,SOLUSDT,bid,143,73369.0
2024-08-21 03:46:04,SOLUSDT,bid,143,73425.0
2024-08-21 03:46:04,SOLUSDT,bid,143,73425.0
2024-08-21 03:46:05,SOLUSDT,bid,143,73379.0
2024-08-21 03:46:05,SOLUSDT,bid,143,73378.0
2024-08-21 03:46:09,SOLUSDT,bid,143,73467.0
2024-08-21 03:46:09,SOLUSDT,bid,143,73432.0
2024-08-21 03:46:09,SOLUSDT,bid,143,73397.0
2024-08-21 03:46:15,SOLUSDT,bid,143,73394.0
2024-08-21 03:46:15,SOLUSDT,bid,143,73407.0
2024-08-21 03:46:15,SOLUSDT,bid,143,73393.0
2024-08-21 03:46:20,SOLUSDT,bid,143,73497.0
2024-08-21 03:46:21,SOLUSDT,bid,143,73497.0
2024-08-21 03:46:21,SOLUSDT,bid,143,73393.0
2024-08-21 03:46:24,SOLUSDT,bid,143,73312.0
2024-08-21 03:46:24,SOLUSDT,bid,143,73326.0
2024-08-21 03:46:24,SOLUSDT,bid,143,73312.0
2024-08-21 03:46:28,SOLUSDT,bid,143,73313.0
2024-08-21 03:46:30,SOLUSDT,bid,143,73413.0
2024-08-21 03:46:32,SOLUSDT,bid,143,73313.0
2024-08-21 03:46:33,SOLUSDT,bid,143,73498.0
2024-08-21 03:46:34,SOLUSDT,bid,143,73325.0
2024-08-21 03:46:34,SOLUSDT,bid,143,73313.0
2024-08-21 03:46:37,SOLUSDT,bid,143,73325.0
2024-08-21 03:46:37,SOLUSDT,bid,143,73313.0
2024-08-21 03:46:39,SOLUSDT,bid,143,73353.0
2024-08-21 03:46:40,SOLUSDT,bid,143,73355.0
2024-08-21 03:46:40,SOLUSDT,bid,143,73368.0
2024-08-21 03:46:41,SOLUSDT,bid,143,73313.0
2024-08-21 03:46:42,SOLUSDT,bid,143,73313.0
2024-08-21 03:46:44,SOLUSDT,bid,143,73486.0
2024-08-21 03:46:44,SOLUSDT,bid,143,73486.0
2024-08-21 03:46:45,SOLUSDT,bid,143,73313.0
2024-08-21 03:46:45,SOLUSDT,bid,143,73326.0
2024-08-21 03:46:46,SOLUSDT,bid,143,73313.0
2024-08-21 03:46:46,SOLUSDT,bid,143,73313.0
2024-08-21 03:46:48,SOLUSDT,bid,143,73348.0
2024-08-21 03:46:48,SOLUSDT,bid,143,73313.0
2024-08-21 03:46:51,SOLUSDT,bid,143,73486.0
2024-08-21 03:46:52,SOLUSDT,bid,143,73313.0
2024-08-21 03:47:02,SOLUSDT,bid,143,73313.0
2024-08-21 03:47:11,SOLUSDT,bid,143,73327.0
2024-08-21 03:47:12,SOLUSDT,bid,143,73313.0
2024-08-21 03:47:16,SOLUSDT,bid,143,73362.0
2024-08-21 03:47:16,SOLUSDT,bid,143,73313.0
2024-08-21 03:47:17,SOLUSDT,bid,143,73486.0
2024-08-21 03:47:17,SOLUSDT,bid,143,73313.0
2024-08-21 03:47:17,SOLUSDT,bid,143,73340.0
2024-08-21 03:47:20,SOLUSDT,bid,143,73326.0
2024-08-21 03:47:20,SOLUSDT,bid,143,73313.0
2024-08-21 03:47:21,SOLUSDT,bid,143,73327.0
2024-08-21 03:47:23,SOLUSDT,bid,143,73313.0
2024-08-21 03:47:23,SOLUSDT,bid,143,73327.0
2024-08-21 03:47:24,SOLUSDT,bid,143,73313.0
2024-08-21 03:47:25,SOLUSDT,bid,143,73317.0
2024-08-21 03:47:28,SOLUSDT,bid,143,73456.0
2024-08-21 03:47:28,SOLUSDT,bid,143,73317.0
2024-08-21 03:47:31,SOLUSDT,bid,143,73320.0
2024-08-21 03:47:32,SOLUSDT,bid,143,73317.0
2024-08-21 03:47:36,SOLUSDT,bid,143,73376.0
2024-08-21 03:47:37,SOLUSDT,bid,143,73336.0
2024-08-21 03:47:40,SOLUSDT,bid,143,73457.0
2024-08-21 03:47:40,SOLUSDT,bid,143,73336.0
2024-08-21 03:47:40,SOLUSDT,bid,143,73335.0
2024-08-21 03:47:40,SOLUSDT,bid,143,73387.0
2024-08-21 03:47:41,SOLUSDT,bid,143,73408.0
2024-08-21 03:47:41,SOLUSDT,bid,143,73373.0
2024-08-21 03:47:41,SOLUSDT,bid,143,73374.0
2024-08-21 03:47:41,SOLUSDT,bid,143,73373.0
2024-08-21 03:47:43,SOLUSDT,bid,143,73616.0
2024-08-21 03:47:43,SOLUSDT,bid,143,73373.0
2024-08-21 03:47:43,SOLUSDT,bid,143,73447.0
2024-08-21 03:47:44,SOLUSDT,bid,143,73448.0
2024-08-21 03:47:46,SOLUSDT,bid,143,73374.0
2024-08-21 03:47:53,SOLUSDT,bid,143,73377.0
2024-08-21 03:47:58,SOLUSDT,bid,143,73378.0
2024-08-21 03:47:58,SOLUSDT,bid,143,73345.0
2024-08-21 03:47:58,SOLUSDT,bid,143,73342.0
2024-08-21 03:47:58,SOLUSDT,bid,143,73342.0
2024-08-21 03:48:02,SOLUSDT,bid,143,73342.0
2024-08-21 03:48:02,SOLUSDT,bid,143,73343.0
2024-08-21 03:48:03,SOLUSDT,bid,143,73534.0
2024-08-21 03:48:03,SOLUSDT,bid,143,73361.0
2024-08-21 03:48:03,SOLUSDT,bid,143,73362.0
2024-08-21 03:48:04,SOLUSDT,bid,143,73362.0
2024-08-21 03:48:05,SOLUSDT,bid,143,73535.0
2024-08-21 03:48:05,SOLUSDT,bid,143,73315.0
2024-08-21 03:48:06,SOLUSDT,bid,143,73314.0
2024-08-21 03:48:07,SOLUSDT,bid,143,73486.0
2024-08-21 03:48:08,SOLUSDT,bid,143,73313.0
2024-08-21 03:48:09,SOLUSDT,bid,143,73327.0
2024-08-21 03:48:11,SOLUSDT,bid,143,73313.0
2024-08-21 03:48:12,SOLUSDT,bid,143,73417.0
2024-08-21 03:48:13,SOLUSDT,bid,143,73431.0
2024-08-21 03:48:15,SOLUSDT,bid,143,73313.0
2024-08-21 03:48:15,SOLUSDT,bid,143,73346.0
2024-08-21 03:48:16,SOLUSDT,bid,143,73313.0
2024-08-21 03:48:17,SOLUSDT,bid,143,73313.0
2024-08-21 03:48:20,SOLUSDT,bid,143,73313.0
2024-08-21 03:48:23,SOLUSDT,bid,143,73323.0
2024-08-21 03:48:26,SOLUSDT,bid,143,73323.0
2024-08-21 03:48:26,SOLUSDT,bid,143,73323.0
2024-08-21 03:48:26,SOLUSDT,bid,143,73373.0
2024-08-21 03:48:26,SOLUSDT,bid,143,73323.0
2024-08-21 03:48:26,SOLUSDT,bid,143,73373.0
2024-08-21 03:48:27,SOLUSDT,bid,143,73323.0
2024-08-21 03:48:27,SOLUSDT,bid,143,73373.0
2024-08-21 03:48:28,SOLUSDT,bid,143,73323.0
2024-08-21 03:48:37,SOLUSDT,bid,143,73337.0
2024-08-21 03:48:37,SOLUSDT,bid,143,73323.0
2024-08-21 03:48:40,SOLUSDT,bid,143,73373.0
2024-08-21 03:48:40,SOLUSDT,bid,143,73373.0
2024-08-21 03:48:41,SOLUSDT,bid,143,73323.0
2024-08-21 03:48:52,SOLUSDT,bid,143,73324.0
2024-08-21 03:48:52,SOLUSDT,bid,143,73352.0
2024-08-21 03:48:53,SOLUSDT,bid,143,73351.0
2024-08-21 03:48:53,SOLUSDT,bid,143,73353.0
2024-08-21 03:49:50,SOLUSDT,bid,143,71870.0
2024-08-21 03:49:50,SOLUSDT,bid,143,71942.0
2024-08-21 03:49:51,SOLUSDT,bid,143,71998.0
2024-08-21 03:49:54,SOLUSDT,bid,143,71926.0
2024-08-21 03:49:54,SOLUSDT,bid,143,72169.0
2024-08-21 03:49:55,SOLUSDT,bid,143,71926.0
2024-08-21 03:49:58,SOLUSDT,bid,143,71876.0
2024-08-21 03:50:00,SOLUSDT,bid,143,71889.0
2024-08-21 03:50:00,SOLUSDT,bid,143,71875.0
2024-08-21 03:50:09,SOLUSDT,bid,143,71878.0
2024-08-21 03:50:09,SOLUSDT,bid,143,71875.0
2024-08-21 03:50:10,SOLUSDT,bid,143,71881.0
2024-08-21 03:50:10,SOLUSDT,bid,143,71875.0
2024-08-21 03:50:19,SOLUSDT,bid,143,71841.0
2024-08-21 03:50:46,SOLUSDT,bid,143,71962.0
2024-08-21 03:50:46,SOLUSDT,bid,143,71841.0
2024-08-21 03:50:47,SOLUSDT,bid,143,71813.0
2024-08-21 03:50:48,SOLUSDT,bid,143,71934.0
2024-08-21 03:50:49,SOLUSDT,bid,143,71813.0
2024-08-21 03:50:54,SOLUSDT,bid,143,71813.0
2024-08-21 03:51:03,SOLUSDT,bid,143,71785.0
2024-08-21 03:51:05,SOLUSDT,bid,143,71772.0
2024-08-21 03:51:06,SOLUSDT,bid,143,71773.0
2024-08-21 03:51:07,SOLUSDT,bid,143,71892.0
2024-08-21 03:51:08,SOLUSDT,bid,143,71890.0
2024-08-21 03:51:08,SOLUSDT,bid,143,71769.0
2024-08-21 03:51:10,SOLUSDT,bid,143,71943.0
2024-08-21 03:51:10,SOLUSDT,bid,143,71769.0
2024-08-21 03:51:11,SOLUSDT,bid,143,71760.0
2024-08-21 03:51:11,SOLUSDT,bid,143,71760.0
2024-08-21 03:51:12,SOLUSDT,bid,143,71760.0
2024-08-21 03:51:13,SOLUSDT,bid,143,71766.0
2024-08-21 03:51:13,SOLUSDT,bid,143,71760.0
2024-08-21 03:51:14,SOLUSDT,bid,143,71760.0
2024-08-21 03:51:15,SOLUSDT,bid,143,71760.0
2024-08-21 03:51:16,SOLUSDT,bid,143,71760.0
2024-08-21 03:51:27,SOLUSDT,bid,143,71761.0
2024-08-21 03:51:28,SOLUSDT,bid,143,71761.0
2024-08-21 03:51:28,SOLUSDT,bid,143,71760.0
2024-08-21 03:51:29,SOLUSDT,bid,143,71762.0
2024-08-21 03:51:29,SOLUSDT,bid,143,71760.0
2024-08-21 03:51:34,SOLUSDT,bid,143,71759.0
2024-08-21 03:51:37,SOLUSDT,bid,143,71759.0
2024-08-21 03:51:39,SOLUSDT,bid,143,71763.0
2024-08-21 03:51:43,SOLUSDT,bid,143,71554.0
2024-08-21 03:51:43,SOLUSDT,bid,143,71555.0
2024-08-21 03:51:43,SOLUSDT,bid,143,71527.0
2024-08-21 03:51:44,SOLUSDT,bid,143,71528.0
2024-08-21 03:51:45,SOLUSDT,bid,143,71526.0
2024-08-21 03:51:46,SOLUSDT,bid,143,71527.0
2024-08-21 03:51:48,SOLUSDT,bid,143,71577.0
2024-08-21 03:51:49,SOLUSDT,bid,143,71527.0
2024-08-21 03:51:50,SOLUSDT,bid,143,71578.0
2024-08-21 03:51:50,SOLUSDT,bid,143,71550.0
2024-08-21 03:51:50,SOLUSDT,bid,143,71526.0
2024-08-21 03:51:50,SOLUSDT,bid,143,71527.0
2024-08-21 03:51:51,SOLUSDT,bid,143,71550.0
2024-08-21 03:51:52,SOLUSDT,bid,143,71551.0
2024-08-21 03:51:52,SOLUSDT,bid,143,71577.0
2024-08-21 03:51:53,SOLUSDT,bid,143,71560.0
2024-08-21 03:51:54,SOLUSDT,bid,143,71565.0
2024-08-21 03:51:54,SOLUSDT,bid,143,71739.0
2024-08-21 03:51:56,SOLUSDT,bid,143,71565.0
2024-08-21 03:51:56,SOLUSDT,bid,143,71558.0
2024-08-21 03:51:56,SOLUSDT,bid,143,71553.0
2024-08-21 03:51:57,SOLUSDT,bid,143,71527.0
2024-08-21 03:51:58,SOLUSDT,bid,143,69804.0
2024-08-21 03:51:58,SOLUSDT,bid,143,69832.0
2024-08-21 03:52:00,SOLUSDT,bid,143,69833.0
2024-08-21 03:52:04,SOLUSDT,bid,143,69805.0
2024-08-21 03:52:05,SOLUSDT,ask,178,35099.0
2024-08-21 03:52:07,SOLUSDT,bid,143,69844.0
2024-08-21 03:52:07,SOLUSDT,bid,143,69806.0
2024-08-21 03:52:10,SOLUSDT,bid,143,69806.0
2024-08-21 03:52:11,SOLUSDT,bid,143,69806.0
2024-08-21 03:52:11,SOLUSDT,bid,143,69811.0
2024-08-21 03:52:11,SOLUSDT,bid,143,69811.0
2024-08-21 03:52:12,SOLUSDT,bid,143,69817.0
2024-08-21 03:52:12,SOLUSDT,bid,143,69811.0
2024-08-21 03:52:13,SOLUSDT,bid,143,69806.0
2024-08-21 03:52:13,SOLUSDT,bid,143,69806.0
2024-08-21 03:52:14,SOLUSDT,bid,143,69812.0
2024-08-21 03:52:14,SOLUSDT,bid,143,69806.0
2024-08-21 03:52:14,SOLUSDT,bid,143,69980.0
2024-08-21 03:52:14,SOLUSDT,bid,143,69806.0
2024-08-21 03:52:14,SOLUSDT,bid,143,69811.0
2024-08-21 03:52:15,SOLUSDT,bid,143,69811.0
2024-08-21 03:52:17,SOLUSDT,bid,143,69812.0
2024-08-21 03:52:17,SOLUSDT,bid,143,69806.0
2024-08-21 03:52:17,SOLUSDT,bid,143,69807.0
2024-08-21 03:52:20,SOLUSDT,bid,143,69806.0
2024-08-21 03:52:20,SOLUSDT,bid,143,69808.0
2024-08-21 03:52:21,SOLUSDT,bid,143,69808.0
2024-08-21 03:52:22,SOLUSDT,bid,143,69814.0
2024-08-21 03:52:22,SOLUSDT,bid,143,69808.0
2024-08-21 03:52:23,SOLUSDT,bid,143,69814.0
2024-08-21 03:52:23,SOLUSDT,bid,143,69808.0
2024-08-21 03:52:24,SOLUSDT,bid,143,69822.0
2024-08-21 03:52:24,SOLUSDT,bid,143,69808.0
2024-08-21 03:52:25,SOLUSDT,bid,143,69953.0
2024-08-21 03:52:38,SOLUSDT,bid,143,70001.0
2024-08-21 03:52:39,SOLUSDT,bid,143,70001.0
2024-08-21 03:52:40,SOLUSDT,bid,143,70140.0
2024-08-21 03:52:40,SOLUSDT,bid,143,70001.0
2024-08-21 03:52:40,SOLUSDT,bid,143,69979.0
2024-08-21 03:52:41,SOLUSDT,bid,143,69953.0
2024-08-21 03:52:42,SOLUSDT,bid,143,69965.0
2024-08-21 03:52:42,SOLUSDT,bid,143,69820.0
2024-08-21 03:52:43,SOLUSDT,bid,143,69810.0
2024-08-21 03:52:54,SOLUSDT,bid,143,69798.0
2024-08-21 03:52:56,SOLUSDT,bid,143,69781.0
2024-08-21 03:52:56,SOLUSDT,bid,143,69757.0
2024-08-21 03:52:56,SOLUSDT,bid,143,69774.0
2024-08-21 03:53:02,SOLUSDT,bid,143,69802.0
2024-08-21 03:53:03,SOLUSDT,bid,143,69774.0
2024-08-21 03:53:03,SOLUSDT,bid,143,69841.0
2024-08-21 03:53:04,SOLUSDT,bid,143,69842.0
2024-08-21 03:53:04,SOLUSDT,bid,143,69775.0
2024-08-21 03:53:04,SOLUSDT,bid,143,69804.0
2024-08-21 03:53:04,SOLUSDT,bid,143,69775.0
2024-08-21 03:53:05,SOLUSDT,bid,143,69804.0
2024-08-21 03:53:05,SOLUSDT,bid,143,69775.0
2024-08-21 03:53:05,SOLUSDT,bid,143,69759.0
2024-08-21 03:53:06,SOLUSDT,bid,143,69809.0
2024-08-21 03:53:06,SOLUSDT,bid,143,69759.0
2024-08-21 03:53:07,SOLUSDT,bid,143,69759.0
2024-08-21 03:53:08,SOLUSDT,bid,143,69759.0
2024-08-21 03:53:09,SOLUSDT,bid,143,69759.0
2024-08-21 03:53:10,SOLUSDT,bid,143,69904.0
2024-08-21 03:53:10,SOLUSDT,bid,143,69759.0
2024-08-21 03:53:11,SOLUSDT,bid,143,69759.0
2024-08-21 03:53:12,SOLUSDT,bid,143,69760.0
2024-08-21 03:53:12,SOLUSDT,bid,143,69761.0
2024-08-21 03:53:13,SOLUSDT,bid,143,69760.0
2024-08-21 03:53:14,SOLUSDT,bid,143,69785.0
2024-08-21 03:53:14,SOLUSDT,bid,143,69787.0
2024-08-21 03:53:15,SOLUSDT,bid,143,69793.0
2024-08-21 03:53:15,SOLUSDT,bid,143,69787.0
2024-08-21 03:53:15,SOLUSDT,bid,143,69822.0
2024-08-21 03:53:15,SOLUSDT,bid,143,69824.0
2024-08-21 03:53:15,SOLUSDT,bid,143,69822.0
2024-08-21 03:53:18,SOLUSDT,bid,143,69787.0
2024-08-21 03:53:20,SOLUSDT,bid,143,69787.0
2024-08-21 03:53:21,SOLUSDT,bid,143,69787.0
2024-08-21 03:53:22,SOLUSDT,bid,143,69787.0
2024-08-21 03:53:23,SOLUSDT,bid,143,69787.0
2024-08-21 03:53:24,SOLUSDT,bid,143,69785.0
2024-08-21 03:53:25,SOLUSDT,bid,143,69784.0
2024-08-21 03:53:25,SOLUSDT,bid,143,69790.0
2024-08-21 03:53:25,SOLUSDT,bid,143,69784.0
2024-08-21 03:53:32,SOLUSDT,bid,143,69785.0
2024-08-21 03:53:35,SOLUSDT,bid,143,69759.0
2024-08-21 03:53:40,SOLUSDT,bid,143,69776.0
2024-08-21 03:53:45,SOLUSDT,bid,143,69759.0
2024-08-21 03:53:45,SOLUSDT,bid,143,69777.0
2024-08-21 03:53:50,SOLUSDT,bid,143,69759.0
2024-08-21 03:53:55,SOLUSDT,bid,143,69777.0
2024-08-21 03:53:57,SOLUSDT,bid,143,69777.0
2024-08-21 03:54:00,SOLUSDT,bid,143,69759.0
2024-08-21 03:54:07,SOLUSDT,bid,143,69787.0
2024-08-21 03:54:07,SOLUSDT,bid,143,69759.0
2024-08-21 03:54:08,SOLUSDT,bid,143,69773.0
2024-08-21 03:54:09,SOLUSDT,bid,143,69773.0
2024-08-21 03:54:10,SOLUSDT,bid,143,69785.0
2024-08-21 03:54:10,SOLUSDT,bid,143,69771.0
2024-08-21 03:54:10,SOLUSDT,bid,143,69799.0
2024-08-21 03:54:11,SOLUSDT,bid,143,69787.0
2024-08-21 03:54:12,SOLUSDT,bid,143,69759.0
2024-08-21 03:54:13,SOLUSDT,bid,143,69865.0
2024-08-21 03:54:14,SOLUSDT,bid,143,69863.0
2024-08-21 03:54:16,SOLUSDT,bid,143,69879.0
2024-08-21 03:54:16,SOLUSDT,bid,143,69879.0
2024-08-21 03:54:16,SOLUSDT,bid,143,69863.0
2024-08-21 03:54:17,SOLUSDT,bid,143,69870.0
2024-08-21 03:54:17,SOLUSDT,bid,143,69863.0
2024-08-21 03:54:33,SOLUSDT,bid,143,60341.0
2024-08-21 03:54:34,SOLUSDT,bid,143,60354.0
2024-08-21 03:54:35,SOLUSDT,bid,143,60341.0
2024-08-21 03:54:39,SOLUSDT,bid,143,60340.0
2024-08-21 03:54:41,SOLUSDT,bid,143,60423.0
2024-08-21 03:54:51,SOLUSDT,bid,143,60854.0
2024-08-21 03:54:52,SOLUSDT,bid,143,60854.0
2024-08-21 03:54:53,SOLUSDT,bid,143,60427.0
2024-08-21 03:55:03,SOLUSDT,bid,143,60336.0
2024-08-21 03:55:11,SOLUSDT,bid,143,60349.0
2024-08-21 03:55:16,SOLUSDT,bid,143,60336.0
2024-08-21 03:55:18,SOLUSDT,bid,143,60823.0
2024-08-21 03:55:20,SOLUSDT,bid,143,60336.0
2024-08-21 03:55:20,SOLUSDT,bid,143,60357.0
2024-08-21 03:55:25,SOLUSDT,bid,143,60336.0
2024-08-21 03:55:36,SOLUSDT,bid,143,60332.0
2024-08-21 03:56:02,SOLUSDT,bid,143,60332.0
2024-08-21 03:56:02,SOLUSDT,bid,143,60453.0
2024-08-21 03:56:03,SOLUSDT,bid,143,60332.0
2024-08-21 03:57:02,SOLUSDT,bid,143,60626.0
2024-08-21 03:57:02,SOLUSDT,bid,143,60332.0
2024-08-21 03:57:08,SOLUSDT,bid,143,60544.0
2024-08-21 03:57:41,SOLUSDT,bid,143,61071.0
2024-08-21 03:57:41,SOLUSDT,bid,143,61069.0
2024-08-21 03:57:56,SOLUSDT,bid,143,61010.0
2024-08-21 03:57:57,SOLUSDT,bid,143,61011.0
2024-08-21 03:57:58,SOLUSDT,bid,143,61068.0
2024-08-21 03:58:00,SOLUSDT,bid,143,61085.0
2024-08-21 03:58:00,SOLUSDT,bid,143,61028.0
2024-08-21 03:58:01,SOLUSDT,bid,143,61011.0
2024-08-21 03:58:01,SOLUSDT,bid,143,61011.0
2024-08-21 03:58:04,SOLUSDT,bid,143,61014.0
2024-08-21 03:58:05,SOLUSDT,bid,143,61011.0
2024-08-21 03:58:18,SOLUSDT,bid,143,57432.0
2024-08-21 03:58:23,SOLUSDT,bid,143,57431.0
2024-08-21 03:58:38,SOLUSDT,bid,143,57432.0
2024-08-21 03:58:53,SOLUSDT,bid,143,57433.0
2024-08-21 03:58:59,SOLUSDT,bid,143,57432.0
2024-08-21 03:59:07,SOLUSDT,bid,143,57554.0
2024-08-21 03:59:08,SOLUSDT,bid,143,57432.0
2024-08-21 03:59:25,SOLUSDT,bid,143,57432.0
2024-08-21 03:59:29,SOLUSDT,bid,143,57432.0
2024-08-21 03:59:32,SOLUSDT,bid,143,57432.0
2024-08-21 03:59:33,SOLUSDT,bid,143,57432.0
2024-08-21 03:59:34,SOLUSDT,bid,143,57432.0
2024-08-21 03:59:35,SOLUSDT,bid,143,57554.0
2024-08-21 03:59:36,SOLUSDT,bid,143,57432.0
2024-08-21 03:59:51,SOLUSDT,bid,143,57433.0
2024-08-21 03:59:52,SOLUSDT,bid,143,57433.0
2024-08-21 03:59:52,SOLUSDT,bid,143,57555.0
2024-08-21 03:59:53,SOLUSDT,bid,143,57433.0
2024-08-21 03:59:54,SOLUSDT,bid,143,57433.0
2024-08-21 03:59:57,SOLUSDT,bid,143,57428.0
2024-08-21 04:00:07,SOLUSDT,bid,143,57628.0
2024-08-21 04:00:10,SOLUSDT,bid,143,57428.0
2024-08-21 04:00:12,SOLUSDT,bid,143,57442.0
2024-08-21 04:00:20,SOLUSDT,bid,143,57564.0
2024-08-21 04:00:20,SOLUSDT,bid,143,57442.0
2024-08-21 04:00:21,SOLUSDT,bid,143,57445.0
2024-08-21 04:00:28,SOLUSDT,bid,143,57442.0
2024-08-21 04:00:47,SOLUSDT,bid,143,57428.0
2024-08-21 04:01:08,SOLUSDT,bid,143,57450.0
2024-08-21 04:01:34,SOLUSDT,bid,143,58352.0
2024-08-21 04:01:34,SOLUSDT,bid,143,57450.0
2024-08-21 04:01:48,SOLUSDT,bid,143,57572.0
2024-08-21 04:01:48,SOLUSDT,bid,143,57450.0
2024-08-21 04:01:49,SOLUSDT,bid,143,57450.0
2024-08-21 04:01:53,SOLUSDT,bid,143,57428.0
2024-08-21 04:01:54,SOLUSDT,bid,143,57451.0
2024-08-21 04:01:54,SOLUSDT,bid,143,57431.0
2024-08-21 04:01:54,SOLUSDT,bid,143,57437.0
2024-08-21 04:01:54,SOLUSDT,bid,143,57449.0
2024-08-21 04:01:55,SOLUSDT,bid,143,57437.0
2024-08-21 04:01:55,SOLUSDT,bid,143,57457.0
2024-08-21 04:01:56,SOLUSDT,bid,143,57451.0
2024-08-21 04:01:56,SOLUSDT,bid,143,57428.0
2024-08-21 04:02:00,SOLUSDT,bid,143,57462.0
2024-08-21 04:02:07,SOLUSDT,bid,143,57428.0
2024-08-21 04:02:10,SOLUSDT,bid,143,57431.0
2024-08-21 04:02:11,SOLUSDT,bid,143,57438.0
2024-08-21 04:02:11,SOLUSDT,bid,143,57431.0
2024-08-21 04:02:14,SOLUSDT,bid,143,57431.0
2024-08-21 04:02:20,SOLUSDT,bid,143,57469.0
2024-08-21 04:02:20,SOLUSDT,bid,143,57430.0
2024-08-21 04:02:23,SOLUSDT,bid,143,57459.0
2024-08-21 04:02:33,SOLUSDT,bid,143,52182.0
2024-08-21 04:02:38,SOLUSDT,bid,143,52182.0
2024-08-21 04:02:41,SOLUSDT,bid,143,52188.0
2024-08-21 04:02:41,SOLUSDT,bid,143,52147.0
2024-08-21 04:02:42,SOLUSDT,bid,143,52141.0
2024-08-21 04:02:42,SOLUSDT,bid,143,52141.0
2024-08-21 04:02:42,SOLUSDT,bid,143,52154.0
2024-08-21 04:02:44,SOLUSDT,bid,143,52398.0
2024-08-21 04:02:45,SOLUSDT,bid,143,52398.0
2024-08-21 04:02:46,SOLUSDT,bid,143,52154.0
2024-08-21 04:02:48,SOLUSDT,bid,143,52154.0
2024-08-21 04:02:48,SOLUSDT,bid,143,52141.0
2024-08-21 04:02:56,SOLUSDT,bid,143,52154.0
2024-08-21 04:02:57,SOLUSDT,bid,143,52159.0
2024-08-21 04:02:57,SOLUSDT,bid,143,52144.0
2024-08-21 04:02:57,SOLUSDT,bid,143,52266.0
2024-08-21 04:02:57,SOLUSDT,bid,143,52144.0
2024-08-21 04:02:58,SOLUSDT,bid,143,52139.0
2024-08-21 04:02:58,SOLUSDT,bid,143,52145.0
2024-08-21 04:02:59,SOLUSDT,bid,143,52146.0
2024-08-21 04:02:59,SOLUSDT,bid,143,52151.0
2024-08-21 04:03:00,SOLUSDT,bid,143,52178.0
2024-08-21 04:03:14,SOLUSDT,bid,143,52142.0
2024-08-21 04:03:19,SOLUSDT,bid,143,52152.0
2024-08-21 04:03:20,SOLUSDT,bid,143,52154.0
2024-08-21 04:03:21,SOLUSDT,bid,143,52141.0
2024-08-21 04:03:21,SOLUSDT,bid,143,52629.0
2024-08-21 04:03:22,SOLUSDT,bid,143,52141.0
2024-08-21 04:03:49,SOLUSDT,bid,143,52139.0
2024-08-21 04:03:50,SOLUSDT,bid,143,52304.0
2024-08-21 04:03:50,SOLUSDT,bid,143,52303.0
2024-08-21 04:03:53,SOLUSDT,bid,143,52300.0
2024-08-21 04:03:59,SOLUSDT,bid,143,52300.0
2024-08-21 04:03:59,SOLUSDT,bid,143,52544.0
2024-08-21 04:04:01,SOLUSDT,bid,143,52300.0
2024-08-21 04:04:19,SOLUSDT,bid,143,52300.0
2024-08-21 04:04:20,SOLUSDT,bid,143,52300.0
2024-08-21 04:04:20,SOLUSDT,bid,143,52306.0
2024-08-21 04:04:20,SOLUSDT,bid,143,52307.0
2024-08-21 04:04:20,SOLUSDT,bid,143,52306.0
2024-08-21 04:04:32,SOLUSDT,bid,143,52300.0
2024-08-21 04:04:40,SOLUSDT,bid,143,52841.0
2024-08-21 04:04:42,SOLUSDT,bid,143,52353.0
2024-08-21 04:04:49,SOLUSDT,bid,143,52354.0
2024-08-21 04:04:51,SOLUSDT,bid,143,52355.0
2024-08-21 04:04:51,SOLUSDT,bid,143,52354.0
2024-08-21 04:05:05,SOLUSDT,bid,143,52367.0
2024-08-21 04:05:06,SOLUSDT,bid,143,52354.0
2024-08-21 04:05:16,SOLUSDT,bid,143,52376.0
2024-08-21 04:05:19,SOLUSDT,bid,143,52620.0
2024-08-21 04:05:20,SOLUSDT,bid,143,52376.0
2024-08-21 04:05:25,SOLUSDT,bid,143,52506.0
2024-08-21 04:05:25,SOLUSDT,bid,143,52376.0
2024-08-21 04:05:32,SOLUSDT,bid,143,52354.0
2024-08-21 04:05:34,SOLUSDT,bid,143,52356.0
2024-08-21 04:05:38,SOLUSDT,bid,143,52354.0
2024-08-21 04:05:40,SOLUSDT,bid,143,52353.0
2024-08-21 04:05:45,SOLUSDT,bid,143,52355.0
2024-08-21 04:05:47,SOLUSDT,bid,143,52353.0
2024-08-21 04:05:47,SOLUSDT,bid,143,52355.0
2024-08-21 04:05:47,SOLUSDT,bid,143,52353.0
2024-08-21 04:05:49,SOLUSDT,bid,143,52355.0
2024-08-21 04:05:49,SOLUSDT,bid,143,52353.0
2024-08-21 04:05:53,SOLUSDT,bid,143,52458.0
2024-08-21 04:05:53,SOLUSDT,bid,143,52354.0
2024-08-21 04:05:53,SOLUSDT,bid,143,52356.0
2024-08-21 04:05:54,SOLUSDT,bid,143,52530.0
2024-08-21 04:05:54,SOLUSDT,bid,143,52350.0
2024-08-21 04:05:54,SOLUSDT,bid,143,52360.0
2024-08-21 04:05:54,SOLUSDT,bid,143,52350.0
2024-08-21 04:05:55,SOLUSDT,bid,143,52418.0
2024-08-21 04:05:55,SOLUSDT,bid,143,52463.0
2024-08-21 04:05:55,SOLUSDT,bid,143,52360.0
2024-08-21 04:05:56,SOLUSDT,bid,143,52361.0
2024-08-21 04:05:56,SOLUSDT,bid,143,52352.0
2024-08-21 04:05:57,SOLUSDT,bid,143,52351.0
2024-08-21 04:05:58,SOLUSDT,bid,143,52351.0
2024-08-21 04:06:00,SOLUSDT,bid,143,52419.0
2024-08-21 04:06:00,SOLUSDT,bid,143,52351.0
2024-08-21 04:06:00,SOLUSDT,bid,143,52355.0
2024-08-21 04:06:02,SOLUSDT,bid,143,52355.0
2024-08-21 04:09:42,SOLUSDT,bid,142,70197.0
2024-08-21 04:09:42,SOLUSDT,bid,142,70212.0
2024-08-21 04:09:42,SOLUSDT,bid,142,70212.0
2024-08-21 04:09:43,SOLUSDT,bid,142,71175.0
2024-08-21 04:09:43,SOLUSDT,bid,142,71160.0
2024-08-21 04:09:43,SOLUSDT,bid,142,70197.0
2024-08-21 04:09:44,SOLUSDT,bid,142,71160.0
2024-08-21 04:09:44,SOLUSDT,bid,142,70197.0
2024-08-21 04:09:44,SOLUSDT,bid,142,71184.0
2024-08-21 04:09:45,SOLUSDT,bid,142,70197.0
2024-08-21 04:09:49,SOLUSDT,bid,142,70197.0
2024-08-21 04:09:49,SOLUSDT,bid,142,70301.0
2024-08-21 04:09:50,SOLUSDT,bid,142,70321.0
2024-08-21 04:09:50,SOLUSDT,bid,142,70443.0
2024-08-21 04:09:51,SOLUSDT,bid,142,70321.0
2024-08-21 04:09:51,SOLUSDT,bid,142,70321.0
2024-08-21 04:09:51,SOLUSDT,bid,142,70321.0
2024-08-21 04:09:56,SOLUSDT,bid,142,70217.0
2024-08-21 04:09:57,SOLUSDT,bid,142,70217.0
2024-08-21 04:10:13,SOLUSDT,bid,142,70323.0
2024-08-21 04:10:16,SOLUSDT,bid,142,70309.0
2024-08-21 04:10:16,SOLUSDT,bid,142,70203.0
2024-08-21 04:10:17,SOLUSDT,bid,142,70289.0
2024-08-21 04:10:17,SOLUSDT,bid,142,70283.0
2024-08-21 04:10:18,SOLUSDT,bid,142,70381.0
2024-08-21 04:10:18,SOLUSDT,bid,142,70280.0
2024-08-21 04:10:20,SOLUSDT,bid,142,70196.0
2024-08-21 04:10:21,SOLUSDT,bid,142,70300.0
2024-08-21 04:10:24,SOLUSDT,bid,142,70300.0
2024-08-21 04:10:24,SOLUSDT,bid,142,70300.0
2024-08-21 04:10:25,SOLUSDT,bid,142,70196.0
2024-08-21 04:10:31,SOLUSDT,bid,142,70196.0
2024-08-21 04:10:52,SOLUSDT,bid,142,80330.0
2024-08-21 04:10:52,SOLUSDT,bid,142,80335.0
2024-08-21 04:10:53,SOLUSDT,bid,142,80336.0
2024-08-21 04:10:53,SOLUSDT,bid,142,80335.0
2024-08-21 04:10:59,SOLUSDT,bid,142,80325.0
2024-08-21 04:10:59,SOLUSDT,bid,142,80324.0
2024-08-21 04:10:59,SOLUSDT,bid,142,80428.0
2024-08-21 04:10:59,SOLUSDT,bid,142,80439.0
2024-08-21 04:11:00,SOLUSDT,bid,142,80432.0
2024-08-21 04:11:00,SOLUSDT,bid,142,80462.0
2024-08-21 04:11:01,SOLUSDT,bid,142,80323.0
2024-08-21 04:11:02,SOLUSDT,bid,142,80323.0
2024-08-21 04:11:02,SOLUSDT,bid,142,80326.0
2024-08-21 04:11:02,SOLUSDT,bid,142,80325.0
2024-08-21 04:11:02,SOLUSDT,bid,142,80322.0
2024-08-21 04:11:04,SOLUSDT,bid,142,80322.0
2024-08-21 04:11:04,SOLUSDT,bid,142,80322.0
2024-08-21 04:11:06,SOLUSDT,bid,142,80357.0
2024-08-21 04:11:06,SOLUSDT,bid,142,80326.0
2024-08-21 04:11:08,SOLUSDT,bid,142,80333.0
2024-08-21 04:11:09,SOLUSDT,bid,142,80326.0
2024-08-21 04:11:11,SOLUSDT,bid,142,80371.0
2024-08-21 04:11:11,SOLUSDT,bid,142,80321.0
2024-08-21 04:11:12,SOLUSDT,bid,142,80323.0
2024-08-21 04:11:12,SOLUSDT,bid,142,80321.0
2024-08-21 04:11:13,SOLUSDT,bid,142,80407.0
2024-08-21 04:11:14,SOLUSDT,bid,142,80400.0
2024-08-21 04:11:18,SOLUSDT,bid,142,80321.0
2024-08-21 04:11:18,SOLUSDT,bid,142,80323.0
2024-08-21 04:11:18,SOLUSDT,bid,142,80321.0
2024-08-21 04:11:22,SOLUSDT,bid,142,80321.0
2024-08-21 04:11:22,SOLUSDT,bid,142,80321.0
2024-08-21 04:11:22,SOLUSDT,bid,142,80321.0
2024-08-21 04:11:22,SOLUSDT,bid,142,80328.0
2024-08-21 04:11:23,SOLUSDT,bid,142,80321.0
2024-08-21 04:11:23,SOLUSDT,bid,142,80328.0
2024-08-21 04:11:23,SOLUSDT,bid,142,80321.0
2024-08-21 04:11:23,SOLUSDT,bid,142,80328.0
2024-08-21 04:11:23,SOLUSDT,bid,142,80321.0
2024-08-21 04:11:23,SOLUSDT,bid,142,80328.0
2024-08-21 04:11:23,SOLUSDT,bid,142,80321.0
2024-08-21 04:11:23,SOLUSDT,bid,142,80328.0
2024-08-21 04:11:24,SOLUSDT,bid,142,80328.0
2024-08-21 04:11:24,SOLUSDT,bid,142,80321.0
2024-08-21 04:11:24,SOLUSDT,bid,142,80321.0
2024-08-21 04:11:24,SOLUSDT,bid,142,80321.0
2024-08-21 04:11:24,SOLUSDT,bid,142,80328.0
2024-08-21 04:11:25,SOLUSDT,bid,142,80328.0
2024-08-21 04:11:25,SOLUSDT,bid,142,80321.0
2024-08-21 04:11:25,SOLUSDT,bid,142,80321.0
2024-08-21 04:11:25,SOLUSDT,bid,142,80328.0
2024-08-21 04:11:25,SOLUSDT,bid,142,80328.0
2024-08-21 04:11:25,SOLUSDT,bid,142,80321.0
2024-08-21 04:11:25,SOLUSDT,bid,142,80321.0
2024-08-21 04:11:25,SOLUSDT,bid,142,80327.0
2024-08-21 04:11:25,SOLUSDT,bid,142,80321.0
2024-08-21 04:11:26,SOLUSDT,bid,142,80327.0
2024-08-21 04:11:26,SOLUSDT,bid,142,80321.0
2024-08-21 04:11:26,SOLUSDT,bid,142,80327.0
2024-08-21 04:11:27,SOLUSDT,bid,142,80321.0
2024-08-21 04:11:27,SOLUSDT,bid,142,80432.0
2024-08-21 04:11:27,SOLUSDT,bid,142,80536.0
2024-08-21 04:11:28,SOLUSDT,bid,142,80529.0
2024-08-21 04:11:28,SOLUSDT,bid,142,80540.0
2024-08-21 04:11:28,SOLUSDT,bid,142,80529.0
2024-08-21 04:11:29,SOLUSDT,bid,142,80529.0
2024-08-21 04:11:29,SOLUSDT,bid,142,80529.0
2024-08-21 04:11:29,SOLUSDT,bid,142,80425.0
2024-08-21 04:11:29,SOLUSDT,bid,142,80432.0
2024-08-21 04:11:30,SOLUSDT,bid,142,80442.0
2024-08-21 04:11:30,SOLUSDT,bid,142,80546.0
2024-08-21 04:11:30,SOLUSDT,bid,142,80442.0
2024-08-21 04:11:30,SOLUSDT,bid,142,80546.0
2024-08-21 04:11:30,SOLUSDT,bid,142,80539.0
2024-08-21 04:11:30,SOLUSDT,bid,142,80543.0
2024-08-21 04:11:31,SOLUSDT,bid,142,80545.0
2024-08-21 04:11:32,SOLUSDT,bid,142,80539.0
2024-08-21 04:11:32,SOLUSDT,bid,142,80539.0
2024-08-21 04:11:32,SOLUSDT,bid,142,80539.0
2024-08-21 04:11:32,SOLUSDT,bid,142,80539.0
2024-08-21 04:11:32,SOLUSDT,bid,142,80539.0
2024-08-21 04:11:33,SOLUSDT,bid,142,80435.0
2024-08-21 04:11:33,SOLUSDT,bid,142,80539.0
2024-08-21 04:11:34,SOLUSDT,bid,142,80550.0
2024-08-21 04:11:34,SOLUSDT,bid,142,80446.0
2024-08-21 04:11:35,SOLUSDT,bid,142,80446.0
2024-08-21 04:11:35,SOLUSDT,bid,142,80446.0
2024-08-21 04:11:35,SOLUSDT,bid,142,80435.0
2024-08-21 04:11:36,SOLUSDT,bid,142,80446.0
2024-08-21 04:11:38,SOLUSDT,bid,142,80331.0
2024-08-21 04:11:39,SOLUSDT,bid,142,80332.0
2024-08-21 04:11:40,SOLUSDT,bid,142,80331.0
2024-08-21 04:11:41,SOLUSDT,bid,142,80331.0
2024-08-21 04:11:41,SOLUSDT,bid,142,80438.0
2024-08-21 04:11:41,SOLUSDT,bid,142,80613.0
2024-08-21 04:11:42,SOLUSDT,bid,142,80595.0
2024-08-21 04:11:42,SOLUSDT,bid,142,80420.0
2024-08-21 04:11:46,SOLUSDT,bid,142,80420.0
2024-08-21 04:11:48,SOLUSDT,bid,142,80421.0
2024-08-21 04:11:48,SOLUSDT,bid,142,80420.0
2024-08-21 04:11:49,SOLUSDT,bid,142,80595.0
2024-08-21 04:11:49,SOLUSDT,bid,142,80420.0
2024-08-21 04:11:54,SOLUSDT,bid,142,80441.0
2024-08-21 04:11:55,SOLUSDT,bid,142,80444.0
2024-08-21 04:11:57,SOLUSDT,bid,142,80445.0
2024-08-21 04:12:03,SOLUSDT,bid,142,80545.0
2024-08-21 04:12:03,SOLUSDT,bid,142,80545.0
2024-08-21 04:12:04,SOLUSDT,bid,142,80542.0
2024-08-21 04:12:04,SOLUSDT,bid,142,80543.0
2024-08-21 04:12:04,SOLUSDT,bid,142,80542.0
2024-08-21 04:12:06,SOLUSDT,bid,142,80543.0
2024-08-21 04:12:07,SOLUSDT,bid,142,80542.0
2024-08-21 04:12:09,SOLUSDT,bid,142,80545.0
2024-08-21 04:12:09,SOLUSDT,bid,142,80542.0
2024-08-21 04:12:18,SOLUSDT,bid,142,80442.0
2024-08-21 04:12:21,SOLUSDT,bid,142,80441.0
2024-08-21 04:12:25,SOLUSDT,bid,142,80443.0
2024-08-21 04:12:25,SOLUSDT,bid,142,80441.0
2024-08-21 04:12:27,SOLUSDT,bid,142,80467.0
2024-08-21 04:12:27,SOLUSDT,bid,142,80470.0
2024-08-21 04:12:31,SOLUSDT,bid,142,80467.0
2024-08-21 04:12:33,SOLUSDT,bid,142,80496.0
2024-08-21 04:12:34,SOLUSDT,bid,142,80506.0
2024-08-21 04:12:35,SOLUSDT,bid,142,80572.0
2024-08-21 04:12:35,SOLUSDT,bid,142,80558.0
2024-08-21 04:12:35,SOLUSDT,bid,142,80593.0
2024-08-21 04:12:35,SOLUSDT,bid,142,80619.0
2024-08-21 04:12:35,SOLUSDT,bid,142,80669.0
2024-08-21 04:12:36,SOLUSDT,bid,142,80684.0
2024-08-21 04:12:36,SOLUSDT,bid,142,80604.0
2024-08-21 04:12:37,SOLUSDT,bid,142,80657.0
2024-08-21 04:12:37,SOLUSDT,bid,142,80698.0
2024-08-21 04:12:39,SOLUSDT,bid,142,80663.0
2024-08-21 04:12:39,SOLUSDT,bid,142,80662.0
2024-08-21 04:12:39,SOLUSDT,bid,142,80644.0
2024-08-21 04:12:42,SOLUSDT,bid,142,80646.0
2024-08-21 04:12:42,SOLUSDT,bid,142,80681.0
2024-08-21 04:12:43,SOLUSDT,bid,142,80645.0
2024-08-21 04:12:43,SOLUSDT,bid,142,80628.0
2024-08-21 04:12:43,SOLUSDT,bid,142,80631.0
2024-08-21 04:12:43,SOLUSDT,bid,142,80614.0
2024-08-21 04:12:45,SOLUSDT,bid,142,80613.0
2024-08-21 04:12:46,SOLUSDT,bid,142,80620.0
2024-08-21 04:12:47,SOLUSDT,bid,142,80625.0
2024-08-21 04:12:48,SOLUSDT,bid,142,80619.0
2024-08-21 04:12:48,SOLUSDT,bid,142,80794.0
2024-08-21 04:12:49,SOLUSDT,bid,142,80619.0
2024-08-21 04:12:50,SOLUSDT,bid,142,80619.0
2024-08-21 04:12:51,SOLUSDT,bid,142,80654.0
2024-08-21 04:12:52,SOLUSDT,bid,142,80639.0
2024-08-21 04:12:56,SOLUSDT,bid,142,80604.0
2024-08-21 04:12:57,SOLUSDT,bid,142,80704.0
2024-08-21 04:12:57,SOLUSDT,bid,142,80610.0
2024-08-21 04:12:57,SOLUSDT,bid,142,80645.0
2024-08-21 04:12:58,SOLUSDT,bid,142,80610.0
2024-08-21 04:12:58,SOLUSDT,bid,142,80604.0
2024-08-21 04:12:58,SOLUSDT,bid,142,80618.0
2024-08-21 04:12:58,SOLUSDT,bid,142,80604.0
2024-08-21 04:12:59,SOLUSDT,bid,142,80607.0
2024-08-21 04:13:01,SOLUSDT,bid,142,80643.0
2024-08-21 04:13:01,SOLUSDT,bid,142,80602.0
2024-08-21 04:13:02,SOLUSDT,bid,142,80562.0
2024-08-21 04:13:03,SOLUSDT,bid,142,80563.0
2024-08-21 04:13:03,SOLUSDT,bid,142,80562.0
2024-08-21 04:13:03,SOLUSDT,bid,142,80566.0
2024-08-21 04:13:04,SOLUSDT,bid,142,80566.0
2024-08-21 04:13:04,SOLUSDT,bid,142,80567.0
2024-08-21 04:13:04,SOLUSDT,bid,142,80566.0
2024-08-21 04:13:04,SOLUSDT,bid,142,80606.0
2024-08-21 04:13:04,SOLUSDT,bid,142,80566.0
2024-08-21 04:13:06,SOLUSDT,bid,142,80561.0
2024-08-21 04:13:07,SOLUSDT,bid,142,80558.0
2024-08-21 04:13:08,SOLUSDT,bid,142,80561.0
2024-08-21 04:13:09,SOLUSDT,bid,142,80558.0
2024-08-21 04:13:10,SOLUSDT,bid,142,80561.0
2024-08-21 04:13:11,SOLUSDT,bid,142,80558.0
2024-08-21 04:13:21,SOLUSDT,bid,142,80573.0
2024-08-21 04:13:23,SOLUSDT,bid,142,80486.0
2024-08-21 04:13:28,SOLUSDT,bid,142,80460.0
2024-08-21 04:13:31,SOLUSDT,bid,142,80464.0
2024-08-21 04:13:31,SOLUSDT,bid,142,80460.0
2024-08-21 04:13:34,SOLUSDT,bid,142,80458.0
2024-08-21 04:13:41,SOLUSDT,bid,142,80461.0
2024-08-21 04:13:50,SOLUSDT,bid,142,80458.0
2024-08-21 04:14:05,SOLUSDT,bid,142,80461.0
2024-08-21 04:14:06,SOLUSDT,bid,142,80458.0
2024-08-21 04:14:07,SOLUSDT,bid,142,80458.0
2024-08-21 04:14:39,SOLUSDT,bid,142,80472.0
2024-08-21 04:14:39,SOLUSDT,bid,142,81577.0
2024-08-21 04:14:39,SOLUSDT,bid,142,80472.0
2024-08-21 04:14:44,SOLUSDT,bid,142,80472.0
2024-08-21 04:14:47,SOLUSDT,bid,142,80480.0
2024-08-21 04:14:56,SOLUSDT,bid,142,80479.0
2024-08-21 04:15:08,SOLUSDT,bid,142,80480.0
2024-08-21 04:15:29,SOLUSDT,bid,142,80482.0
2024-08-21 04:15:34,SOLUSDT,bid,142,80475.0
2024-08-21 04:15:40,SOLUSDT,bid,142,80386.0
2024-08-21 04:15:54,SOLUSDT,bid,142,80385.0
2024-08-21 04:16:10,SOLUSDT,bid,142,80384.0
2024-08-21 04:16:15,SOLUSDT,bid,142,80382.0
2024-08-21 04:16:35,SOLUSDT,bid,142,80392.0
2024-08-21 04:16:47,SOLUSDT,bid,142,80396.0
2024-08-21 04:17:24,SOLUSDT,bid,142,80398.0
2024-08-21 04:17:34,SOLUSDT,bid,142,80399.0
2024-08-21 04:17:34,SOLUSDT,bid,142,80397.0
2024-08-21 04:17:51,SOLUSDT,bid,142,80387.0
2024-08-21 04:18:58,SOLUSDT,bid,142,80389.0
2024-08-21 04:18:58,SOLUSDT,bid,142,80389.0
2024-08-21 04:19:12,SOLUSDT,bid,142,80379.0
2024-08-21 04:20:20,SOLUSDT,bid,142,80380.0
2024-08-21 04:20:21,SOLUSDT,bid,142,80400.0
2024-08-21 04:20:21,SOLUSDT,bid,142,80380.0
2024-08-21 04:20:21,SOLUSDT,bid,142,80381.0
2024-08-21 04:20:34,SOLUSDT,bid,142,80396.0
2024-08-21 04:20:34,SOLUSDT,bid,142,80381.0
2024-08-21 04:20:43,SOLUSDT,bid,142,80381.0
2024-08-21 04:20:43,SOLUSDT,bid,142,80382.0
2024-08-21 04:20:46,SOLUSDT,bid,142,80381.0
2024-08-21 04:20:50,SOLUSDT,bid,142,80371.0
2024-08-21 04:21:02,SOLUSDT,bid,142,80375.0
2024-08-21 04:21:05,SOLUSDT,bid,142,80397.0
2024-08-21 04:21:09,SOLUSDT,bid,142,81568.0
2024-08-21 04:21:09,SOLUSDT,bid,142,80397.0
2024-08-21 04:21:10,SOLUSDT,bid,142,80393.0
2024-08-21 04:21:10,SOLUSDT,bid,142,80392.0
2024-08-21 04:21:10,SOLUSDT,bid,142,80412.0
2024-08-21 04:21:17,SOLUSDT,bid,142,80398.0
2024-08-21 04:21:20,SOLUSDT,bid,142,80397.0
2024-08-21 04:22:09,SOLUSDT,bid,142,80612.0
2024-08-21 04:22:29,SOLUSDT,bid,142,80397.0
2024-08-21 04:22:30,SOLUSDT,bid,142,80386.0
2024-08-21 04:22:40,SOLUSDT,bid,142,80396.0
2024-08-21 04:22:57,SOLUSDT,bid,142,80376.0
2024-08-21 04:23:31,SOLUSDT,bid,142,80355.0
2024-08-21 04:23:54,SOLUSDT,bid,142,80345.0
2024-08-21 04:24:22,SOLUSDT,bid,142,80351.0
2024-08-21 04:24:30,SOLUSDT,bid,142,80371.0
2024-08-21 04:24:31,SOLUSDT,bid,142,80351.0
2024-08-21 04:24:39,SOLUSDT,bid,142,80345.0
2024-08-21 04:24:44,SOLUSDT,bid,142,80335.0
2024-08-21 04:25:04,SOLUSDT,bid,142,80384.0
2024-08-21 04:25:23,SOLUSDT,bid,142,80386.0
2024-08-21 04:25:34,SOLUSDT,bid,142,80385.0
2024-08-21 04:25:42,SOLUSDT,bid,142,74701.0
2024-08-21 04:26:19,SOLUSDT,bid,142,74716.0
2024-08-21 04:26:20,SOLUSDT,bid,142,74716.0
2024-08-21 04:26:21,SOLUSDT,bid,142,74701.0
2024-08-21 04:26:51,SOLUSDT,bid,142,74687.0
2024-08-21 04:27:42,SOLUSDT,bid,142,74691.0
2024-08-21 04:28:05,SOLUSDT,bid,142,74712.0
2024-08-21 04:28:22,SOLUSDT,bid,142,74691.0
2024-08-21 04:28:22,SOLUSDT,bid,142,74711.0
2024-08-21 04:28:44,SOLUSDT,bid,142,74691.0
2024-08-21 04:28:46,SOLUSDT,bid,142,74712.0
2024-08-21 04:28:46,SOLUSDT,bid,142,74725.0
2024-08-21 04:28:46,SOLUSDT,bid,142,74712.0
2024-08-21 04:28:46,SOLUSDT,bid,142,74733.0
2024-08-21 04:28:56,SOLUSDT,bid,142,74691.0
2024-08-21 04:29:04,SOLUSDT,bid,142,75794.0
2024-08-21 04:29:04,SOLUSDT,bid,142,74691.0
2024-08-21 04:29:34,SOLUSDT,bid,142,74703.0
2024-08-21 04:29:35,SOLUSDT,bid,142,74705.0
2024-08-21 04:29:42,SOLUSDT,bid,142,74851.0
2024-08-21 04:29:46,SOLUSDT,bid,142,74848.0
2024-08-21 04:33:50,SOLUSDT,bid,142,74838.0
2024-08-21 04:37:12,SOLUSDT,bid,142,74841.0
2024-08-21 04:38:33,SOLUSDT,bid,142,74848.0
2024-08-21 04:39:05,SOLUSDT,bid,142,74841.0
2024-08-21 04:39:11,SOLUSDT,bid,142,74862.0
2024-08-21 04:39:41,SOLUSDT,bid,142,74841.0
2024-08-21 04:39:55,SOLUSDT,bid,142,75117.0
2024-08-21 04:40:00,SOLUSDT,bid,142,75134.0
2024-08-21 04:40:11,SOLUSDT,bid,142,75117.0
2024-08-21 04:40:33,SOLUSDT,bid,142,74841.0
2024-08-21 04:40:57,SOLUSDT,bid,142,74861.0
2024-08-21 04:41:01,SOLUSDT,bid,142,74841.0
2024-08-21 04:41:03,SOLUSDT,bid,142,74862.0
2024-08-21 04:41:09,SOLUSDT,bid,142,74875.0
2024-08-21 04:41:09,SOLUSDT,bid,142,74862.0
2024-08-21 04:41:09,SOLUSDT,bid,142,74875.0
2024-08-21 04:41:09,SOLUSDT,bid,142,74862.0
2024-08-21 04:41:12,SOLUSDT,bid,142,74875.0
2024-08-21 04:41:13,SOLUSDT,bid,142,74862.0
2024-08-21 04:41:17,SOLUSDT,bid,142,74875.0
2024-08-21 04:41:17,SOLUSDT,bid,142,74862.0
2024-08-21 04:41:18,SOLUSDT,bid,142,74875.0
2024-08-21 04:41:18,SOLUSDT,bid,142,74862.0
2024-08-21 04:41:18,SOLUSDT,bid,142,74875.0
2024-08-21 04:41:19,SOLUSDT,bid,142,74862.0
2024-08-21 04:41:19,SOLUSDT,bid,142,74841.0
2024-08-21 04:41:32,SOLUSDT,bid,142,74841.0
2024-08-21 04:41:34,SOLUSDT,bid,142,74854.0
2024-08-21 04:41:36,SOLUSDT,bid,142,74841.0
2024-08-21 04:42:44,SOLUSDT,bid,142,74981.0
2024-08-21 04:43:07,SOLUSDT,bid,142,74841.0
2024-08-21 04:46:11,SOLUSDT,bid,142,74695.0
2024-08-21 04:46:40,SOLUSDT,bid,142,74706.0
2024-08-21 04:46:51,SOLUSDT,bid,142,74695.0
2024-08-21 04:47:11,SOLUSDT,bid,142,74706.0
2024-08-21 04:47:20,SOLUSDT,bid,142,74695.0
2024-08-21 04:47:39,SOLUSDT,bid,142,74691.0
2024-08-21 04:48:23,SOLUSDT,bid,142,74688.0
