2024-08-16 07:00:23,BTCUSDT,bid,47000,977.112
2024-08-16 07:03:46,BTCUSDT,bid,47000,977.093
2024-08-16 07:09:34,BTCUSDT,bid,47000,977.529
2024-08-16 07:09:55,BTCUSDT,bid,47000,977.093
2024-08-16 07:11:34,BTCUSDT,bid,47000,979.263
2024-08-16 07:12:29,BTCUSDT,bid,47000,977.093
2024-08-16 07:13:37,BTCUSDT,bid,47300,804.54
2024-08-16 07:25:25,BTCUSDT,bid,47000,977.043
2024-08-16 07:27:44,BTCUSDT,bid,47000,977.074
2024-08-16 07:33:38,BTCUSDT,bid,47300,804.646
2024-08-16 07:35:35,BTCUSDT,bid,47000,977.071
2024-08-16 07:47:39,BTCUSDT,bid,47000,976.814
2024-08-16 07:48:27,BTCUSDT,bid,47300,804.662
2024-08-16 07:53:26,BTCUSDT,bid,47000,978.225
2024-08-16 07:57:51,BTCUSDT,bid,47300,804.672
2024-08-16 07:58:04,BTCUSDT,bid,47000,978.235
2024-08-16 08:13:36,BTCUSDT,bid,47000,978.185
2024-08-16 08:13:41,BTCUSDT,bid,47000,978.31
2024-08-16 08:16:35,BTCUSDT,bid,47000,978.328
2024-08-16 08:24:53,BTCUSDT,bid,47000,978.299
2024-08-16 08:28:19,BTCUSDT,bid,47000,978.289
2024-08-16 08:39:58,BTCUSDT,bid,47000,978.59
2024-08-16 08:40:15,BTCUSDT,bid,47000,978.289
2024-08-16 08:40:48,BTCUSDT,bid,47000,978.402
2024-08-16 08:41:00,BTCUSDT,bid,47000,978.409
2024-08-16 08:48:22,BTCUSDT,bid,47000,978.417
2024-08-16 08:49:51,BTCUSDT,bid,47000,978.414
2024-08-16 08:52:01,BTCUSDT,bid,47000,977.849
2024-08-16 08:53:23,BTCUSDT,bid,47000,977.852
2024-08-16 08:53:28,BTCUSDT,bid,47000,978.378
2024-08-16 08:57:59,BTCUSDT,bid,47000,978.375
2024-08-16 09:03:19,BTCUSDT,bid,47000,978.39
2024-08-16 09:03:41,BTCUSDT,bid,47000,978.375
2024-08-16 09:07:22,BTCUSDT,bid,47000,978.382
2024-08-16 09:20:13,BTCUSDT,bid,47000,978.386
2024-08-16 09:22:42,BTCUSDT,bid,47000,978.534
2024-08-16 09:27:18,BTCUSDT,bid,47000,978.54
2024-08-16 09:29:26,BTCUSDT,bid,47000,978.014
2024-08-16 09:30:01,BTCUSDT,bid,47000,978.006
2024-08-16 09:30:11,BTCUSDT,bid,47000,978.5
2024-08-16 09:31:52,BTCUSDT,bid,47000,977.089
2024-08-16 09:38:11,BTCUSDT,bid,47000,977.092
2024-08-16 09:39:04,BTCUSDT,bid,47000,977.085
2024-08-16 09:41:32,BTCUSDT,bid,47000,977.088
2024-08-16 09:43:23,BTCUSDT,bid,47000,977.029
2024-08-16 09:48:04,BTCUSDT,bid,47000,977.089
2024-08-16 09:49:18,BTCUSDT,bid,47000,977.086
2024-08-16 09:50:57,BTCUSDT,bid,47000,977.78
2024-08-16 09:52:31,BTCUSDT,bid,47000,977.783
2024-08-16 09:53:57,BTCUSDT,bid,47000,977.723
2024-08-16 09:54:13,BTCUSDT,bid,47000,977.783
2024-08-16 09:54:16,BTCUSDT,bid,47000,977.723
2024-08-16 09:58:16,BTCUSDT,bid,47000,977.758
2024-08-16 09:59:36,BTCUSDT,bid,47000,977.727
2024-08-16 10:01:17,BTCUSDT,bid,47000,977.787
2024-08-16 10:01:57,BTCUSDT,bid,47000,977.727
2024-08-16 10:05:23,BTCUSDT,ask,58300,604.117
2024-08-16 10:11:16,BTCUSDT,ask,58600,530.405
2024-08-16 10:11:21,BTCUSDT,ask,58600,530.427
2024-08-16 10:11:48,BTCUSDT,ask,58600,530.423
2024-08-16 10:12:17,BTCUSDT,bid,47000,977.77
2024-08-16 10:12:28,BTCUSDT,ask,58600,530.355
2024-08-16 10:12:30,BTCUSDT,ask,58600,530.357
2024-08-16 10:12:51,BTCUSDT,ask,58600,530.335
2024-08-16 10:12:58,BTCUSDT,ask,58600,530.136
2024-08-16 10:14:03,BTCUSDT,ask,58600,530.194
2024-08-16 10:14:08,BTCUSDT,ask,58600,530.273
2024-08-16 10:14:58,BTCUSDT,bid,47000,977.755
2024-08-16 10:15:52,BTCUSDT,bid,47000,893.736
2024-08-16 10:20:21,BTCUSDT,bid,47000,893.748
2024-08-16 10:32:25,BTCUSDT,bid,47000,893.79
2024-08-16 10:39:12,BTCUSDT,bid,47000,893.755
2024-08-16 10:40:28,BTCUSDT,bid,47000,893.731
2024-08-16 10:40:51,BTCUSDT,bid,47000,893.738
2024-08-16 10:49:12,BTCUSDT,bid,47000,893.508
2024-08-16 10:50:53,BTCUSDT,bid,47000,893.542
2024-08-16 10:53:37,BTCUSDT,bid,47000,893.539
2024-08-16 10:58:55,BTCUSDT,bid,47000,893.535
2024-08-16 07:00:36,BTCUSD_PERP,bid,57000,674.37
2024-08-16 07:00:36,BTCUSD_PERP,bid,57000,843.12
2024-08-16 07:00:36,BTCUSD_PERP,bid,57000,899.56
2024-08-16 07:01:08,BTCUSD_PERP,bid,57000,843.12
2024-08-16 07:01:08,BTCUSD_PERP,bid,57000,730.81
2024-08-16 07:01:08,BTCUSD_PERP,bid,57000,618.5
2024-08-16 07:01:42,BTCUSD_PERP,bid,57000,731.35
2024-08-16 07:01:42,BTCUSD_PERP,bid,57000,898.96
2024-08-16 07:01:42,BTCUSD_PERP,bid,57000,955.4
2024-08-16 07:03:23,BTCUSD_PERP,bid,57000,898.96
2024-08-16 07:03:23,BTCUSD_PERP,bid,57000,673.29
2024-08-16 07:03:23,BTCUSD_PERP,bid,57000,561.55
2024-08-16 07:03:50,BTCUSD_PERP,bid,57000,562.78
2024-08-16 07:03:50,BTCUSD_PERP,bid,57000,618.71
2024-08-16 07:04:07,BTCUSD_PERP,bid,57000,561.95
2024-08-16 07:04:08,BTCUSD_PERP,bid,57000,618.43
2024-08-16 07:11:49,BTCUSD_PERP,bid,57000,562.53
2024-08-16 07:11:49,BTCUSD_PERP,bid,57000,619.02
2024-08-16 07:11:49,BTCUSD_PERP,bid,57000,675.51
2024-08-16 07:11:52,BTCUSD_PERP,bid,57000,689.18
2024-08-16 07:11:53,BTCUSD_PERP,bid,57000,690.37
2024-08-16 07:12:14,BTCUSD_PERP,bid,57000,633.88
2024-08-16 07:12:14,BTCUSD_PERP,bid,57000,577.39
2024-08-16 07:12:16,BTCUSD_PERP,bid,57000,562.83
2024-08-16 07:16:47,BTCUSD_PERP,bid,56800,897.61
2024-08-16 07:16:47,BTCUSD_PERP,bid,56800,953.93
2024-08-16 07:16:59,BTCUSD_PERP,bid,56800,784.97
2024-08-16 07:16:59,BTCUSD_PERP,bid,56800,729.22
2024-08-16 07:17:00,BTCUSD_PERP,bid,56800,617.15
2024-08-16 07:17:00,BTCUSD_PERP,bid,56800,561.4
2024-08-16 07:18:04,BTCUSD_PERP,bid,56900,562.39
2024-08-16 07:18:15,BTCUSD_PERP,bid,57000,561.65
2024-08-16 07:18:16,BTCUSD_PERP,bid,57000,618.1
2024-08-16 07:18:16,BTCUSD_PERP,bid,57000,674.55
2024-08-16 07:19:45,BTCUSD_PERP,bid,57000,562.25
2024-08-16 07:19:45,BTCUSD_PERP,bid,57000,618.76
2024-08-16 07:20:03,BTCUSD_PERP,bid,57000,562.82
2024-08-16 07:27:26,BTCUSD_PERP,bid,57000,617.59
2024-08-16 07:27:26,BTCUSD_PERP,bid,57000,674.05
2024-08-16 07:28:38,BTCUSD_PERP,bid,56900,561.92
2024-08-16 07:28:57,BTCUSD_PERP,bid,56900,617.45
2024-08-16 07:28:57,BTCUSD_PERP,bid,56900,673.84
2024-08-16 07:29:04,BTCUSD_PERP,bid,56900,561.32
2024-08-16 07:29:04,BTCUSD_PERP,bid,56900,617.68
2024-08-16 07:30:02,BTCUSD_PERP,bid,56900,561.02
2024-08-16 07:31:27,BTCUSD_PERP,bid,56900,608.38
2024-08-16 07:31:35,BTCUSD_PERP,bid,56900,552.62
2024-08-16 07:31:35,BTCUSD_PERP,bid,56800,560.72
2024-08-16 07:32:26,BTCUSD_PERP,bid,56900,561.02
2024-08-16 07:32:50,BTCUSD_PERP,bid,56900,563.42
2024-08-16 07:33:45,BTCUSD_PERP,bid,56900,561.42
2024-08-16 07:34:29,BTCUSD_PERP,bid,57000,572.53
2024-08-16 07:34:30,BTCUSD_PERP,bid,57000,628.38
2024-08-16 07:35:06,BTCUSD_PERP,bid,57000,572.53
2024-08-16 07:35:06,BTCUSD_PERP,bid,56900,618.56
2024-08-16 07:35:42,BTCUSD_PERP,bid,56900,562.74
2024-08-16 07:35:44,BTCUSD_PERP,bid,57000,561.42
2024-08-16 07:35:44,BTCUSD_PERP,bid,57000,673.73
2024-08-16 07:36:31,BTCUSD_PERP,bid,56900,561.11
2024-08-16 07:37:02,BTCUSD_PERP,bid,56900,898.53
2024-08-16 07:37:02,BTCUSD_PERP,bid,56900,954.91
2024-08-16 07:37:02,BTCUSD_PERP,bid,56800,548.09
2024-08-16 07:42:46,BTCUSD_PERP,bid,56900,898.53
2024-08-16 07:42:46,BTCUSD_PERP,bid,56900,842.15
2024-08-16 07:42:46,BTCUSD_PERP,bid,56900,785.87
2024-08-16 07:42:46,BTCUSD_PERP,bid,56900,729.49
2024-08-16 07:42:46,BTCUSD_PERP,bid,56900,673.69
2024-08-16 07:42:46,BTCUSD_PERP,bid,56900,617.31
2024-08-16 07:42:47,BTCUSD_PERP,bid,56900,561.69
2024-08-16 07:42:47,BTCUSD_PERP,bid,56900,898.08
2024-08-16 07:42:47,BTCUSD_PERP,bid,56800,547.77
2024-08-16 07:42:47,BTCUSD_PERP,bid,56900,954.43
2024-08-16 07:46:49,BTCUSD_PERP,bid,56900,842.3
2024-08-16 07:46:49,BTCUSD_PERP,bid,56900,785.95
2024-08-16 07:46:49,BTCUSD_PERP,bid,56900,673.25
2024-08-16 07:46:49,BTCUSD_PERP,bid,56900,617.47
2024-08-16 07:46:49,BTCUSD_PERP,bid,56900,561.69
2024-08-16 07:47:00,BTCUSD_PERP,bid,56900,561.92
2024-08-16 07:47:01,BTCUSD_PERP,bid,56900,618.34
2024-08-16 07:47:13,BTCUSD_PERP,bid,56900,561.92
2024-08-16 07:49:07,BTCUSD_PERP,bid,47000,2447.33
2024-08-16 07:50:59,BTCUSD_PERP,bid,57000,561.03
2024-08-16 07:50:59,BTCUSD_PERP,bid,57000,617.49
2024-08-16 07:51:05,BTCUSD_PERP,bid,57000,619.54
2024-08-16 07:51:06,BTCUSD_PERP,bid,57000,633.19
2024-08-16 07:51:15,BTCUSD_PERP,bid,57000,561.36
2024-08-16 07:52:01,BTCUSD_PERP,bid,56900,616.89
2024-08-16 07:52:09,BTCUSD_PERP,bid,44000,1123.6
2024-08-16 07:52:26,BTCUSD_PERP,bid,56900,561.33
2024-08-16 07:52:26,BTCUSD_PERP,bid,56900,617.13
2024-08-16 07:52:49,BTCUSD_PERP,bid,47000,2447.63
2024-08-16 07:53:07,BTCUSD_PERP,bid,56900,560.85
2024-08-16 08:00:57,BTCUSD_PERP,bid,57000,561.65
2024-08-16 08:02:47,BTCUSD_PERP,bid,57000,618.38
2024-08-16 08:02:49,BTCUSD_PERP,bid,57000,632.05
2024-08-16 08:02:50,BTCUSD_PERP,bid,57000,633.24
2024-08-16 08:03:06,BTCUSD_PERP,bid,57000,576.86
2024-08-16 08:03:07,BTCUSD_PERP,bid,57000,562.82
2024-08-16 08:03:07,BTCUSD_PERP,bid,57000,675.27
2024-08-16 08:03:08,BTCUSD_PERP,bid,57000,731.21
2024-08-16 08:03:08,BTCUSD_PERP,bid,57000,787.72
2024-08-16 08:03:24,BTCUSD_PERP,bid,57000,731.78
2024-08-16 08:03:24,BTCUSD_PERP,bid,57000,619.33
2024-08-16 08:03:25,BTCUSD_PERP,bid,57000,563.39
2024-08-16 08:07:27,BTCUSD_PERP,bid,56900,561.05
2024-08-16 08:07:57,BTCUSD_PERP,bid,56900,574.7
2024-08-16 08:09:09,BTCUSD_PERP,bid,56900,561.02
2024-08-16 08:09:09,BTCUSD_PERP,bid,56900,617.36
2024-08-16 08:12:29,BTCUSD_PERP,bid,47000,2447.56
2024-08-16 08:16:28,BTCUSD_PERP,bid,56800,570.05
2024-08-16 08:16:28,BTCUSD_PERP,bid,56800,626.29
2024-08-16 08:17:38,BTCUSD_PERP,bid,56700,559.99
2024-08-16 08:17:38,BTCUSD_PERP,bid,56700,616.17
2024-08-16 08:17:38,BTCUSD_PERP,bid,56700,671.78
2024-08-16 08:17:39,BTCUSD_PERP,bid,56700,727.96
2024-08-16 08:17:39,BTCUSD_PERP,bid,56700,839.18
2024-08-16 08:17:49,BTCUSD_PERP,bid,56700,895.36
2024-08-16 08:17:52,BTCUSD_PERP,bid,56700,727.39
2024-08-16 08:17:52,BTCUSD_PERP,bid,56700,671.21
2024-08-16 08:17:52,BTCUSD_PERP,bid,56700,615.13
2024-08-16 08:17:53,BTCUSD_PERP,bid,56700,559.52
2024-08-16 08:17:53,BTCUSD_PERP,bid,56700,560.26
2024-08-16 08:17:53,BTCUSD_PERP,bid,56700,615.84
2024-08-16 08:17:53,BTCUSD_PERP,bid,56700,671.99
2024-08-16 08:17:54,BTCUSD_PERP,bid,56700,727.57
2024-08-16 08:17:54,BTCUSD_PERP,bid,56700,783.15
2024-08-16 08:17:54,BTCUSD_PERP,bid,56700,894.88
2024-08-16 08:18:45,BTCUSD_PERP,bid,56700,615.37
2024-08-16 08:21:52,BTCUSD_PERP,bid,56600,558.82
2024-08-16 08:21:52,BTCUSD_PERP,bid,56600,781.55
2024-08-16 08:22:49,BTCUSD_PERP,bid,56600,671.28
2024-08-16 08:22:49,BTCUSD_PERP,bid,56600,726.84
2024-08-16 08:22:49,BTCUSD_PERP,bid,56600,736.28
2024-08-16 08:22:55,BTCUSD_PERP,bid,56600,624.59
2024-08-16 08:37:34,BTCUSD_PERP,bid,56800,616.15
2024-08-16 08:38:30,BTCUSD_PERP,bid,56800,560.49
2024-08-16 08:38:32,BTCUSD_PERP,bid,56800,560.18
2024-08-16 08:38:32,BTCUSD_PERP,bid,56800,616.44
2024-08-16 08:39:43,BTCUSD_PERP,bid,56800,560.18
2024-08-16 08:39:45,BTCUSD_PERP,bid,56800,561.16
2024-08-16 08:39:45,BTCUSD_PERP,bid,56800,617.46
2024-08-16 08:39:45,BTCUSD_PERP,bid,56800,673.18
2024-08-16 08:39:59,BTCUSD_PERP,bid,56800,616.88
2024-08-16 08:40:00,BTCUSD_PERP,bid,56800,560.58
2024-08-16 08:42:42,BTCUSD_PERP,bid,56900,560.45
2024-08-16 08:42:42,BTCUSD_PERP,bid,56900,616.78
2024-08-16 08:42:42,BTCUSD_PERP,bid,56900,673.11
2024-08-16 08:42:42,BTCUSD_PERP,bid,56900,728.87
2024-08-16 08:42:43,BTCUSD_PERP,bid,56900,785.1
2024-08-16 08:42:43,BTCUSD_PERP,bid,56900,841.43
2024-08-16 08:45:05,BTCUSD_PERP,bid,56900,560.45
2024-08-16 08:45:05,BTCUSD_PERP,bid,56800,728.92
2024-08-16 08:46:11,BTCUSD_PERP,bid,56800,616.34
2024-08-16 08:46:11,BTCUSD_PERP,bid,56800,673.31
2024-08-16 08:46:11,BTCUSD_PERP,bid,56800,784.69
2024-08-16 08:46:25,BTCUSD_PERP,bid,56800,672.74
2024-08-16 08:46:25,BTCUSD_PERP,bid,56800,616.58
2024-08-16 08:46:26,BTCUSD_PERP,bid,56800,560.32
2024-08-16 08:46:26,BTCUSD_PERP,bid,56800,559.99
2024-08-16 08:46:27,BTCUSD_PERP,bid,56800,616.23
2024-08-16 08:46:27,BTCUSD_PERP,bid,56800,672.47
2024-08-16 08:46:27,BTCUSD_PERP,bid,56800,728.71
2024-08-16 08:46:27,BTCUSD_PERP,bid,56800,784.37
2024-08-16 08:47:18,BTCUSD_PERP,bid,56700,796.81
2024-08-16 08:47:18,BTCUSD_PERP,bid,56700,852.97
2024-08-16 08:47:20,BTCUSD_PERP,bid,56700,796.81
2024-08-16 08:47:20,BTCUSD_PERP,bid,56700,740.65
2024-08-16 08:47:20,BTCUSD_PERP,bid,56700,684.49
2024-08-16 08:47:20,BTCUSD_PERP,bid,56700,628.33
2024-08-16 08:47:21,BTCUSD_PERP,bid,56700,572.17
2024-08-16 08:50:26,BTCUSD_PERP,bid,56700,616.14
2024-08-16 08:50:26,BTCUSD_PERP,bid,56700,671.79
2024-08-16 08:50:26,BTCUSD_PERP,bid,56700,728.01
2024-08-16 08:51:09,BTCUSD_PERP,bid,56700,559.62
2024-08-16 08:51:10,BTCUSD_PERP,bid,56700,615.81
2024-08-16 08:52:21,BTCUSD_PERP,bid,56700,560.49
2024-08-16 08:52:21,BTCUSD_PERP,bid,56700,616.14
2024-08-16 08:54:20,BTCUSD_PERP,bid,56700,560.49
2024-08-16 08:54:22,BTCUSD_PERP,bid,56700,556.45
2024-08-16 08:54:22,BTCUSD_PERP,bid,56800,626.05
2024-08-16 08:54:22,BTCUSD_PERP,bid,56800,682.31
2024-08-16 08:54:24,BTCUSD_PERP,bid,56800,683.5
2024-08-16 08:54:24,BTCUSD_PERP,bid,56800,685.53
2024-08-16 08:54:37,BTCUSD_PERP,bid,56800,629.27
2024-08-16 08:54:39,BTCUSD_PERP,bid,56800,560.72
2024-08-16 08:54:39,BTCUSD_PERP,bid,56800,616.46
2024-08-16 08:54:39,BTCUSD_PERP,bid,56800,672.77
2024-08-16 08:54:39,BTCUSD_PERP,bid,56800,841.13
2024-08-16 08:54:39,BTCUSD_PERP,bid,56800,896.87
2024-08-16 08:54:46,BTCUSD_PERP,bid,56800,840.56
2024-08-16 08:54:46,BTCUSD_PERP,bid,56800,728.51
2024-08-16 08:55:24,BTCUSD_PERP,bid,56800,672.2
2024-08-16 08:55:24,BTCUSD_PERP,bid,56800,616.46
2024-08-16 08:55:24,BTCUSD_PERP,bid,56800,560.72
2024-08-16 08:55:25,BTCUSD_PERP,bid,56900,617.49
2024-08-16 08:55:26,BTCUSD_PERP,bid,56900,673.27
2024-08-16 08:55:42,BTCUSD_PERP,bid,56900,617.02
2024-08-16 08:55:42,BTCUSD_PERP,bid,56900,561.24
2024-08-16 08:55:44,BTCUSD_PERP,bid,56900,571.81
2024-08-16 08:55:44,BTCUSD_PERP,bid,56900,560.85
2024-08-16 08:55:44,BTCUSD_PERP,bid,56900,617.23
2024-08-16 08:55:44,BTCUSD_PERP,bid,56900,673.61
2024-08-16 08:57:18,BTCUSD_PERP,bid,56900,617.23
2024-08-16 08:57:18,BTCUSD_PERP,bid,56900,560.95
2024-08-16 08:57:19,BTCUSD_PERP,bid,56900,562.32
2024-08-16 08:57:19,BTCUSD_PERP,bid,56900,618.15
2024-08-16 08:57:20,BTCUSD_PERP,bid,56900,673.98
2024-08-16 08:57:38,BTCUSD_PERP,bid,56900,617.56
2024-08-16 08:57:38,BTCUSD_PERP,bid,56900,561.14
2024-08-16 08:58:36,BTCUSD_PERP,bid,57000,563.02
2024-08-16 08:58:36,BTCUSD_PERP,bid,57000,618.94
2024-08-16 08:58:37,BTCUSD_PERP,bid,57000,674.86
2024-08-16 09:00:30,BTCUSD_PERP,bid,57000,618.94
2024-08-16 09:00:30,BTCUSD_PERP,bid,57000,562.46
2024-08-16 09:00:32,BTCUSD_PERP,bid,57100,562.87
2024-08-16 09:09:39,BTCUSD_PERP,bid,56900,729.47
2024-08-16 09:09:39,BTCUSD_PERP,bid,56900,785.81
2024-08-16 09:12:00,BTCUSD_PERP,bid,56800,616.13
2024-08-16 09:12:00,BTCUSD_PERP,bid,56800,672.41
2024-08-16 09:13:14,BTCUSD_PERP,bid,56800,616.13
2024-08-16 09:13:14,BTCUSD_PERP,bid,56800,560.42
2024-08-16 09:13:15,BTCUSD_PERP,bid,56800,617.13
2024-08-16 09:13:15,BTCUSD_PERP,bid,56800,672.88
2024-08-16 09:14:03,BTCUSD_PERP,bid,56800,560.82
2024-08-16 09:14:17,BTCUSD_PERP,bid,56900,618.04
2024-08-16 09:15:12,BTCUSD_PERP,bid,56900,561.79
2024-08-16 09:17:18,BTCUSD_PERP,bid,56900,561.59
2024-08-16 09:17:18,BTCUSD_PERP,bid,56900,673.7
2024-08-16 09:17:18,BTCUSD_PERP,bid,56900,730.04
2024-08-16 09:17:18,BTCUSD_PERP,bid,56900,786.38
2024-08-16 09:23:01,BTCUSD_PERP,bid,56900,673.8
2024-08-16 09:23:01,BTCUSD_PERP,bid,56900,561.69
2024-08-16 09:23:28,BTCUSD_PERP,bid,56900,562.26
2024-08-16 09:24:27,BTCUSD_PERP,bid,57000,562.2
2024-08-16 09:24:27,BTCUSD_PERP,bid,57000,618.08
2024-08-16 09:24:27,BTCUSD_PERP,bid,57000,673.96
2024-08-16 09:25:21,BTCUSD_PERP,bid,57000,618.08
2024-08-16 09:25:21,BTCUSD_PERP,bid,57000,561.62
2024-08-16 09:25:23,BTCUSD_PERP,bid,57100,699.91
2024-08-16 09:25:23,BTCUSD_PERP,bid,57100,699.95
2024-08-16 09:25:37,BTCUSD_PERP,bid,57100,643.97
2024-08-16 09:25:37,BTCUSD_PERP,bid,57100,587.99
2024-08-16 09:25:37,BTCUSD_PERP,bid,57100,532.01
2024-08-16 09:26:14,BTCUSD_PERP,bid,57100,844.73
2024-08-16 09:28:10,BTCUSD_PERP,bid,57100,788.18
2024-08-16 09:28:10,BTCUSD_PERP,bid,57100,731.63
2024-08-16 09:28:10,BTCUSD_PERP,bid,57100,619.67
2024-08-16 09:28:10,BTCUSD_PERP,bid,57100,563.69
2024-08-16 09:28:11,BTCUSD_PERP,bid,57100,676.11
2024-08-16 09:28:11,BTCUSD_PERP,bid,57100,732.69
2024-08-16 09:28:11,BTCUSD_PERP,bid,57100,788.7
2024-08-16 09:28:11,BTCUSD_PERP,bid,57100,845.18
2024-08-16 09:28:12,BTCUSD_PERP,bid,57100,957.77
2024-08-16 09:28:12,BTCUSD_PERP,bid,57100,1014.35
2024-08-16 09:28:23,BTCUSD_PERP,bid,57100,957.77
2024-08-16 09:28:23,BTCUSD_PERP,bid,57100,901.19
2024-08-16 09:28:23,BTCUSD_PERP,bid,57100,845.18
2024-08-16 09:28:23,BTCUSD_PERP,bid,57100,789.17
2024-08-16 09:28:23,BTCUSD_PERP,bid,57100,620.57
2024-08-16 09:28:23,BTCUSD_PERP,bid,57100,620.82
2024-08-16 09:28:24,BTCUSD_PERP,bid,57100,564.24
2024-08-16 09:28:25,BTCUSD_PERP,bid,57200,534.43
2024-08-16 09:29:11,BTCUSD_PERP,bid,57200,565.36
2024-08-16 09:29:12,BTCUSD_PERP,bid,57200,564.8
2024-08-16 09:29:13,BTCUSD_PERP,bid,57200,677.64
2024-08-16 09:29:13,BTCUSD_PERP,bid,57200,790.96
2024-08-16 09:29:13,BTCUSD_PERP,bid,57200,904.38
2024-08-16 09:29:13,BTCUSD_PERP,bid,57200,961.09
2024-08-16 09:29:14,BTCUSD_PERP,bid,57200,1017.23
2024-08-16 09:29:14,BTCUSD_PERP,bid,57200,1073.36
2024-08-16 09:29:14,BTCUSD_PERP,bid,57200,551.32
2024-08-16 09:29:41,BTCUSD_PERP,bid,57200,960.52
2024-08-16 09:29:41,BTCUSD_PERP,bid,57200,903.81
2024-08-16 09:29:42,BTCUSD_PERP,bid,57200,790.96
2024-08-16 09:29:42,BTCUSD_PERP,bid,57200,734.83
2024-08-16 09:29:42,BTCUSD_PERP,bid,57200,565.85
2024-08-16 09:31:06,BTCUSD_PERP,bid,57400,565.7
2024-08-16 09:31:27,BTCUSD_PERP,ask,58700,517.65
2024-08-16 09:33:02,BTCUSD_PERP,ask,58900,520.42
2024-08-16 09:33:09,BTCUSD_PERP,ask,58900,514.59
2024-08-16 09:33:13,BTCUSD_PERP,ask,58900,508.76
2024-08-16 09:33:17,BTCUSD_PERP,ask,58900,518.18
2024-08-16 09:33:24,BTCUSD_PERP,bid,57700,568.85
2024-08-16 09:36:55,BTCUSD_PERP,bid,57700,570.03
2024-08-16 09:37:07,BTCUSD_PERP,bid,57600,528.13
2024-08-16 09:37:07,BTCUSD_PERP,bid,57600,584.65
2024-08-16 09:37:28,BTCUSD_PERP,bid,57600,747.92
2024-08-16 09:37:28,BTCUSD_PERP,bid,57600,918.55
2024-08-16 09:37:29,BTCUSD_PERP,bid,57600,975.62
2024-08-16 09:37:29,BTCUSD_PERP,bid,57600,804.41
2024-08-16 09:37:29,BTCUSD_PERP,bid,57600,747.92
2024-08-16 09:37:30,BTCUSD_PERP,bid,57600,633.89
2024-08-16 09:37:30,BTCUSD_PERP,bid,57600,576.82
2024-08-16 09:37:30,BTCUSD_PERP,bid,57600,568.68
2024-08-16 09:37:31,BTCUSD_PERP,bid,57600,625.21
2024-08-16 09:37:47,BTCUSD_PERP,bid,57600,567.41
2024-08-16 09:38:09,BTCUSD_PERP,bid,57500,567.15
2024-08-16 09:39:27,BTCUSD_PERP,bid,57700,568.6
2024-08-16 09:39:27,BTCUSD_PERP,bid,57700,625.17
2024-08-16 09:39:27,BTCUSD_PERP,bid,57700,967.39
2024-08-16 09:39:41,BTCUSD_PERP,bid,57700,853.67
2024-08-16 09:39:41,BTCUSD_PERP,bid,57700,796.52
2024-08-16 09:39:42,BTCUSD_PERP,bid,57700,739.95
2024-08-16 09:39:42,BTCUSD_PERP,bid,57700,682.8
2024-08-16 09:39:42,BTCUSD_PERP,bid,57700,626.13
2024-08-16 09:39:42,BTCUSD_PERP,bid,57700,740.51
2024-08-16 09:39:43,BTCUSD_PERP,bid,57700,797.12
2024-08-16 09:40:18,BTCUSD_PERP,bid,57700,740.51
2024-08-16 09:40:18,BTCUSD_PERP,bid,57700,683.9
2024-08-16 09:40:18,BTCUSD_PERP,bid,57700,626.71
2024-08-16 09:40:27,BTCUSD_PERP,bid,57700,854.27
2024-08-16 09:40:43,BTCUSD_PERP,bid,57700,910.82
2024-08-16 09:40:43,BTCUSD_PERP,bid,57700,967.97
2024-08-16 09:40:43,BTCUSD_PERP,bid,57600,522.48
2024-08-16 09:40:58,BTCUSD_PERP,bid,57700,854.25
2024-08-16 09:40:58,BTCUSD_PERP,bid,57700,810.38
2024-08-16 09:40:58,BTCUSD_PERP,bid,57700,924.04
2024-08-16 09:40:58,BTCUSD_PERP,bid,57700,981.16
2024-08-16 09:41:43,BTCUSD_PERP,bid,57700,982.37
2024-08-16 09:41:47,BTCUSD_PERP,bid,57700,925.83
2024-08-16 09:41:47,BTCUSD_PERP,bid,57700,869.29
2024-08-16 09:41:47,BTCUSD_PERP,bid,57700,812.17
2024-08-16 09:41:47,BTCUSD_PERP,bid,57700,698.51
2024-08-16 09:41:47,BTCUSD_PERP,bid,57700,641.39
2024-08-16 09:41:47,BTCUSD_PERP,bid,57600,568.58
2024-08-16 09:42:32,BTCUSD_PERP,bid,57700,568.19
2024-08-16 09:42:33,BTCUSD_PERP,bid,57700,625.31
2024-08-16 09:42:50,BTCUSD_PERP,bid,57600,852.95
2024-08-16 09:42:50,BTCUSD_PERP,bid,57600,910.03
2024-08-16 09:42:53,BTCUSD_PERP,bid,57600,853.53
2024-08-16 09:42:54,BTCUSD_PERP,bid,57600,796.45
2024-08-16 09:42:54,BTCUSD_PERP,bid,57600,739.37
2024-08-16 09:42:54,BTCUSD_PERP,bid,57600,682.29
2024-08-16 09:42:54,BTCUSD_PERP,bid,57600,625.21
2024-08-16 09:43:47,BTCUSD_PERP,bid,57600,569.81
2024-08-16 09:43:55,BTCUSD_PERP,bid,57500,804.74
2024-08-16 09:43:55,BTCUSD_PERP,bid,57500,861.75
2024-08-16 09:44:18,BTCUSD_PERP,bid,57500,691.4
2024-08-16 09:44:18,BTCUSD_PERP,bid,57500,577.96
2024-08-16 09:51:14,BTCUSD_PERP,bid,57600,625.59
2024-08-16 09:51:52,BTCUSD_PERP,bid,57600,569.14
2024-08-16 09:51:54,BTCUSD_PERP,bid,57500,625.26
2024-08-16 09:52:11,BTCUSD_PERP,bid,57500,624.93
2024-08-16 09:52:31,BTCUSD_PERP,bid,57500,908.04
2024-08-16 09:52:31,BTCUSD_PERP,bid,57500,964.98
2024-08-16 09:53:09,BTCUSD_PERP,bid,57500,794.74
2024-08-16 09:53:10,BTCUSD_PERP,bid,57500,737.9
2024-08-16 09:53:10,BTCUSD_PERP,bid,57500,680.96
2024-08-16 09:53:10,BTCUSD_PERP,bid,57500,567.08
2024-08-16 09:53:10,BTCUSD_PERP,bid,57500,624.25
2024-08-16 09:53:11,BTCUSD_PERP,bid,57500,680.64
2024-08-16 09:53:11,BTCUSD_PERP,bid,57500,737.61
2024-08-16 09:53:11,BTCUSD_PERP,bid,57500,794.58
2024-08-16 09:53:11,BTCUSD_PERP,bid,57500,851.55
2024-08-16 09:53:11,BTCUSD_PERP,bid,57500,908.52
2024-08-16 09:53:22,BTCUSD_PERP,bid,57500,624.93
2024-08-16 09:53:59,BTCUSD_PERP,bid,57600,625.03
2024-08-16 09:53:59,BTCUSD_PERP,bid,57600,738.42
2024-08-16 09:53:59,BTCUSD_PERP,bid,57600,794.88
2024-08-16 09:53:59,BTCUSD_PERP,bid,57600,851.91
2024-08-16 09:54:58,BTCUSD_PERP,bid,57600,794.88
2024-08-16 09:54:58,BTCUSD_PERP,bid,57600,681.98
2024-08-16 09:54:58,BTCUSD_PERP,bid,57600,624.95
2024-08-16 09:54:58,BTCUSD_PERP,bid,57600,567.92
2024-08-16 09:54:58,BTCUSD_PERP,bid,57600,682.31
2024-08-16 09:54:59,BTCUSD_PERP,bid,57600,739.37
2024-08-16 09:54:59,BTCUSD_PERP,bid,57600,796.43
2024-08-16 09:54:59,BTCUSD_PERP,bid,57600,852.91
2024-08-16 09:54:59,BTCUSD_PERP,bid,57600,909.39
2024-08-16 09:54:59,BTCUSD_PERP,bid,57600,966.45
2024-08-16 09:55:12,BTCUSD_PERP,bid,57600,853.49
2024-08-16 09:55:12,BTCUSD_PERP,bid,57600,796.43
2024-08-16 09:55:12,BTCUSD_PERP,bid,57600,739.95
2024-08-16 09:55:12,BTCUSD_PERP,bid,57600,682.89
2024-08-16 09:55:13,BTCUSD_PERP,bid,57600,626.41
2024-08-16 09:55:13,BTCUSD_PERP,bid,57600,569.64
2024-08-16 09:55:14,BTCUSD_PERP,bid,57600,797.43
2024-08-16 09:55:14,BTCUSD_PERP,bid,57600,911.04
2024-08-16 09:55:14,BTCUSD_PERP,bid,57600,555.03
2024-08-16 09:55:21,BTCUSD_PERP,bid,57600,796.86
2024-08-16 09:55:22,BTCUSD_PERP,bid,57600,739.36
2024-08-16 09:55:26,BTCUSD_PERP,bid,57600,682.3
2024-08-16 09:55:26,BTCUSD_PERP,bid,57600,625.24
2024-08-16 09:55:26,BTCUSD_PERP,bid,57600,568.18
2024-08-16 09:55:59,BTCUSD_PERP,bid,57600,966.44
2024-08-16 09:55:59,BTCUSD_PERP,bid,57600,1023.5
2024-08-16 09:56:25,BTCUSD_PERP,bid,57600,739.36
2024-08-16 09:58:38,BTCUSD_PERP,bid,57700,569.57
2024-08-16 09:58:38,BTCUSD_PERP,bid,57700,683.25
2024-08-16 09:58:38,BTCUSD_PERP,bid,57700,739.8
2024-08-16 09:58:39,BTCUSD_PERP,bid,57700,796.93
2024-08-16 09:58:39,BTCUSD_PERP,bid,57700,854.06
2024-08-16 09:58:39,BTCUSD_PERP,bid,57700,910.61
2024-08-16 09:58:39,BTCUSD_PERP,bid,57700,967.64
2024-08-16 09:58:40,BTCUSD_PERP,bid,57700,967.68
2024-08-16 09:58:41,BTCUSD_PERP,bid,57700,967.72
2024-08-16 09:59:13,BTCUSD_PERP,bid,57700,910.59
2024-08-16 09:59:13,BTCUSD_PERP,bid,57600,682.3
2024-08-16 09:59:13,BTCUSD_PERP,bid,57600,853.02
2024-08-16 09:59:13,BTCUSD_PERP,bid,57600,910.12
2024-08-16 09:59:38,BTCUSD_PERP,bid,57700,1024.17
2024-08-16 09:59:38,BTCUSD_PERP,bid,57700,1081.3
2024-08-16 10:00:35,BTCUSD_PERP,bid,57700,967.04
2024-08-16 10:00:35,BTCUSD_PERP,bid,57700,796.81
2024-08-16 10:00:35,BTCUSD_PERP,bid,57600,625.2
2024-08-16 10:00:35,BTCUSD_PERP,bid,57600,852.91
2024-08-16 10:00:35,BTCUSD_PERP,bid,57600,910.01
2024-08-16 10:01:02,BTCUSD_PERP,bid,57600,739.29
2024-08-16 10:01:02,BTCUSD_PERP,bid,57600,909.53
2024-08-16 10:01:02,BTCUSD_PERP,bid,57600,966.6
2024-08-16 10:01:02,BTCUSD_PERP,bid,57600,1023.67
2024-08-16 10:01:32,BTCUSD_PERP,bid,57600,796.08
2024-08-16 10:01:33,BTCUSD_PERP,bid,57600,682.52
2024-08-16 10:01:33,BTCUSD_PERP,bid,57600,625.45
2024-08-16 10:01:34,BTCUSD_PERP,bid,57600,568.83
2024-08-16 10:01:35,BTCUSD_PERP,bid,57600,625.93
2024-08-16 10:02:13,BTCUSD_PERP,bid,57700,568.9
2024-08-16 10:02:13,BTCUSD_PERP,bid,57700,682.58
2024-08-16 10:02:13,BTCUSD_PERP,bid,57700,739.71
2024-08-16 10:02:14,BTCUSD_PERP,bid,57700,796.84
2024-08-16 10:02:14,BTCUSD_PERP,bid,57700,911.14
2024-08-16 10:03:59,BTCUSD_PERP,bid,57700,854.59
2024-08-16 10:04:00,BTCUSD_PERP,bid,57600,625.35
2024-08-16 10:04:00,BTCUSD_PERP,bid,57600,796.65
2024-08-16 10:04:00,BTCUSD_PERP,bid,57600,853.75
2024-08-16 10:04:28,BTCUSD_PERP,bid,57600,568.86
2024-08-16 10:04:28,BTCUSD_PERP,bid,57600,739.49
2024-08-16 10:04:29,BTCUSD_PERP,bid,57600,796.56
2024-08-16 10:05:26,BTCUSD_PERP,bid,57600,739.49
2024-08-16 10:05:26,BTCUSD_PERP,bid,57600,682.52
2024-08-16 10:05:26,BTCUSD_PERP,bid,57600,625.45
2024-08-16 10:06:54,BTCUSD_PERP,bid,57600,805.24
2024-08-16 10:06:59,BTCUSD_PERP,ask,58700,510.35
2024-08-16 10:06:59,BTCUSD_PERP,ask,58700,519.74
2024-08-16 10:06:59,BTCUSD_PERP,ask,58700,529.13
2024-08-16 10:07:01,BTCUSD_PERP,ask,58700,538.52
2024-08-16 10:07:04,BTCUSD_PERP,bid,57600,795.22
2024-08-16 10:07:28,BTCUSD_PERP,bid,57500,804.39
2024-08-16 10:07:46,BTCUSD_PERP,bid,57500,747.37
2024-08-16 10:07:46,BTCUSD_PERP,bid,57500,690.35
2024-08-16 10:07:46,BTCUSD_PERP,bid,57500,633.91
2024-08-16 10:07:46,BTCUSD_PERP,bid,57500,576.89
2024-08-16 10:07:47,BTCUSD_PERP,bid,57600,568.28
2024-08-16 10:07:47,BTCUSD_PERP,bid,57600,738.88
2024-08-16 10:07:47,BTCUSD_PERP,bid,57600,795.36
2024-08-16 10:07:55,BTCUSD_PERP,bid,57600,738.3
2024-08-16 10:07:55,BTCUSD_PERP,bid,57600,681.82
2024-08-16 10:07:55,BTCUSD_PERP,bid,57600,567.7
2024-08-16 10:07:55,BTCUSD_PERP,bid,57600,624.47
2024-08-16 10:07:56,BTCUSD_PERP,bid,57600,681.55
2024-08-16 10:07:56,BTCUSD_PERP,bid,57600,738.63
2024-08-16 10:07:56,BTCUSD_PERP,bid,57600,795.71
2024-08-16 10:08:25,BTCUSD_PERP,bid,57600,739.2
2024-08-16 10:08:28,BTCUSD_PERP,bid,57600,682.12
2024-08-16 10:08:28,BTCUSD_PERP,bid,57700,739.21
2024-08-16 10:08:28,BTCUSD_PERP,bid,57700,796.34
2024-08-16 10:13:18,BTCUSD_PERP,bid,57600,796.5
2024-08-16 10:13:18,BTCUSD_PERP,bid,57600,853.6
2024-08-16 10:13:45,BTCUSD_PERP,bid,57600,739.98
2024-08-16 10:13:49,BTCUSD_PERP,bid,57600,625.78
2024-08-16 10:13:49,BTCUSD_PERP,bid,57600,626.03
2024-08-16 10:13:49,BTCUSD_PERP,bid,57600,683.1
2024-08-16 10:14:13,BTCUSD_PERP,bid,57600,681.58
2024-08-16 10:14:14,BTCUSD_PERP,bid,57600,738.62
2024-08-16 10:15:51,BTCUSD_PERP,bid,57600,681.58
2024-08-16 10:15:51,BTCUSD_PERP,bid,57600,568.08
2024-08-16 10:15:52,BTCUSD_PERP,bid,57600,626.04
2024-08-16 10:15:52,BTCUSD_PERP,bid,57600,740.2
2024-08-16 10:15:53,BTCUSD_PERP,bid,57600,853.2
2024-08-16 10:15:53,BTCUSD_PERP,bid,57600,966.78
2024-08-16 10:15:53,BTCUSD_PERP,bid,57600,1023.86
2024-08-16 10:15:53,BTCUSD_PERP,bid,57600,1037.67
2024-08-16 10:15:55,BTCUSD_PERP,bid,57600,1038.87
2024-08-16 10:16:20,BTCUSD_PERP,bid,57600,1037.67
2024-08-16 10:17:37,BTCUSD_PERP,bid,57600,696.35
2024-08-16 10:17:37,BTCUSD_PERP,bid,57600,639.85
2024-08-16 10:17:37,BTCUSD_PERP,bid,57600,526.27
2024-08-16 10:17:39,BTCUSD_PERP,bid,57600,626.38
2024-08-16 10:19:58,BTCUSD_PERP,bid,57600,569.85
2024-08-16 10:19:59,BTCUSD_PERP,bid,57700,625.75
2024-08-16 10:19:59,BTCUSD_PERP,bid,57700,682.9
2024-08-16 10:20:42,BTCUSD_PERP,bid,57600,739.09
2024-08-16 10:20:43,BTCUSD_PERP,bid,57600,796.17
2024-08-16 10:21:22,BTCUSD_PERP,bid,57600,739.66
2024-08-16 10:21:22,BTCUSD_PERP,bid,57600,682.58
2024-08-16 10:21:22,BTCUSD_PERP,bid,57600,625.5
2024-08-16 10:21:22,BTCUSD_PERP,bid,57600,568.52
2024-08-16 10:21:24,BTCUSD_PERP,bid,57600,568.75
2024-08-16 10:21:24,BTCUSD_PERP,bid,57600,625.8
2024-08-16 10:21:24,BTCUSD_PERP,bid,57600,739.33
2024-08-16 10:21:24,BTCUSD_PERP,bid,57600,795.81
2024-08-16 10:21:38,BTCUSD_PERP,bid,57600,681.81
2024-08-16 10:21:39,BTCUSD_PERP,bid,57600,624.76
2024-08-16 10:21:39,BTCUSD_PERP,bid,57600,567.71
2024-08-16 10:21:39,BTCUSD_PERP,bid,57600,682.07
2024-08-16 10:21:40,BTCUSD_PERP,bid,57600,738.58
2024-08-16 10:21:40,BTCUSD_PERP,bid,57600,852.76
2024-08-16 10:22:24,BTCUSD_PERP,bid,57600,795.67
2024-08-16 10:22:24,BTCUSD_PERP,bid,57600,625.56
2024-08-16 10:22:24,BTCUSD_PERP,bid,57600,569.05
2024-08-16 10:22:25,BTCUSD_PERP,bid,57600,569.93
2024-08-16 10:22:26,BTCUSD_PERP,bid,57600,626.47
2024-08-16 10:22:26,BTCUSD_PERP,bid,57600,797.25
2024-08-16 10:22:26,BTCUSD_PERP,bid,57600,910.91
2024-08-16 10:22:36,BTCUSD_PERP,bid,57600,853.79
2024-08-16 10:22:48,BTCUSD_PERP,ask,58800,516.69
2024-08-16 10:22:48,BTCUSD_PERP,ask,58800,526.09
2024-08-16 10:22:52,BTCUSD_PERP,ask,58800,535.49
2024-08-16 10:22:59,BTCUSD_PERP,ask,58800,529.67
2024-08-16 10:23:03,BTCUSD_PERP,ask,58800,510.45
2024-08-16 10:23:23,BTCUSD_PERP,bid,57600,966.82
2024-08-16 10:32:12,BTCUSD_PERP,bid,57500,567.95
2024-08-16 10:34:18,BTCUSD_PERP,bid,57500,567.65
2024-08-16 10:34:58,BTCUSD_PERP,bid,57500,568.06
2024-08-16 10:34:58,BTCUSD_PERP,bid,57500,625.04
2024-08-16 10:34:59,BTCUSD_PERP,bid,57500,682.02
2024-08-16 10:35:28,BTCUSD_PERP,bid,57500,625.04
2024-08-16 10:35:30,BTCUSD_PERP,bid,57500,568.17
2024-08-16 10:35:30,BTCUSD_PERP,bid,57500,638.89
2024-08-16 10:35:44,BTCUSD_PERP,bid,57500,625.11
2024-08-16 10:36:30,BTCUSD_PERP,bid,57500,567.65
2024-08-16 10:38:15,BTCUSD_PERP,bid,57400,746.61
2024-08-16 10:38:15,BTCUSD_PERP,bid,57400,803.49
2024-08-16 10:39:05,BTCUSD_PERP,bid,57400,633.42
2024-08-16 10:39:05,BTCUSD_PERP,bid,57400,576.64
2024-08-16 10:39:07,BTCUSD_PERP,bid,57400,624.17
2024-08-16 10:39:23,BTCUSD_PERP,bid,57400,567.26
2024-08-16 10:39:30,BTCUSD_PERP,bid,57400,566.69
2024-08-16 10:40:09,BTCUSD_PERP,bid,57400,565.9
2024-08-16 10:41:31,BTCUSD_PERP,bid,57400,565.6
2024-08-16 10:41:31,BTCUSD_PERP,bid,57400,679.32
2024-08-16 10:44:31,BTCUSD_PERP,bid,57400,622.89
2024-08-16 10:44:32,BTCUSD_PERP,bid,57400,679.78
2024-08-16 10:45:00,BTCUSD_PERP,bid,57400,623.47
2024-08-16 10:45:00,BTCUSD_PERP,bid,57400,566.18
2024-08-16 10:45:00,BTCUSD_PERP,bid,57400,623.04
2024-08-16 10:48:58,BTCUSD_PERP,bid,57300,566.19
2024-08-16 10:48:58,BTCUSD_PERP,bid,57300,679.22
2024-08-16 10:48:58,BTCUSD_PERP,bid,57300,561.74
2024-08-16 10:50:14,BTCUSD_PERP,bid,57300,622.99
2024-08-16 10:54:35,BTCUSD_PERP,bid,57300,687.9
2024-08-16 10:54:35,BTCUSD_PERP,bid,57200,551.89
2024-08-16 10:54:43,BTCUSD_PERP,bid,57300,847.43
2024-08-16 10:54:44,BTCUSD_PERP,bid,57200,551.51
2024-08-16 10:55:53,BTCUSD_PERP,bid,57300,791.27
2024-08-16 10:55:54,BTCUSD_PERP,bid,57300,678.48
2024-08-16 10:55:54,BTCUSD_PERP,bid,57300,621.75
2024-08-16 10:55:54,BTCUSD_PERP,bid,57300,565.59
2024-08-16 10:55:55,BTCUSD_PERP,bid,57300,564.7
2024-08-16 10:55:55,BTCUSD_PERP,bid,57300,621.47
2024-08-16 10:55:55,BTCUSD_PERP,bid,57300,678.24
2024-08-16 10:55:55,BTCUSD_PERP,bid,57300,791.2
2024-08-16 10:55:55,BTCUSD_PERP,bid,57300,847.97
2024-08-16 10:57:41,BTCUSD_PERP,bid,57300,791.3
2024-08-16 10:57:41,BTCUSD_PERP,bid,57300,735.11
2024-08-16 10:57:42,BTCUSD_PERP,bid,57300,622.73
2024-08-16 10:57:42,BTCUSD_PERP,bid,57300,566.54
2024-08-16 10:57:42,BTCUSD_PERP,bid,57300,564.43
2024-08-16 10:57:42,BTCUSD_PERP,bid,57300,621.23
2024-08-16 10:57:42,BTCUSD_PERP,bid,57300,678.03
2024-08-16 10:57:43,BTCUSD_PERP,bid,57300,791.05
2024-08-16 10:57:43,BTCUSD_PERP,bid,57300,847.85
2024-08-16 10:57:43,BTCUSD_PERP,bid,57300,552.3
2024-08-16 10:57:43,BTCUSD_PERP,bid,57300,904.65
2024-08-16 11:01:03,BTCUSD_PERP,bid,57300,677.55
2024-08-16 11:01:03,BTCUSD_PERP,bid,57300,620.99
2024-08-16 11:01:33,BTCUSD_PERP,bid,57200,551.05
2024-08-16 11:01:33,BTCUSD_PERP,bid,57300,790.8
2024-08-16 11:01:33,BTCUSD_PERP,bid,57200,551.59
2024-08-16 11:01:33,BTCUSD_PERP,bid,57300,847.53
2024-08-16 11:01:52,BTCUSD_PERP,bid,57300,734.07
2024-08-16 11:01:53,BTCUSD_PERP,bid,57300,677.91
2024-08-16 11:01:53,BTCUSD_PERP,bid,57300,621.18
2024-08-16 11:02:21,BTCUSD_PERP,bid,57300,621.91
2024-08-16 11:02:22,BTCUSD_PERP,bid,57300,735.53
2024-08-16 11:02:22,BTCUSD_PERP,bid,57300,905.38
2024-08-16 11:02:22,BTCUSD_PERP,bid,57300,962.19
2024-08-16 11:02:22,BTCUSD_PERP,bid,57300,1019.0
2024-08-16 11:04:06,BTCUSD_PERP,bid,57300,678.72
2024-08-16 11:04:06,BTCUSD_PERP,bid,57300,622.49
2024-08-16 11:04:06,BTCUSD_PERP,bid,57300,565.68
2024-08-16 11:04:07,BTCUSD_PERP,bid,57400,621.13
2024-08-16 11:04:07,BTCUSD_PERP,bid,57400,677.97
2024-08-16 11:04:07,BTCUSD_PERP,bid,57400,734.81
2024-08-16 11:04:07,BTCUSD_PERP,bid,57400,791.65
2024-08-16 11:06:40,BTCUSD_PERP,bid,57400,678.65
2024-08-16 11:10:51,BTCUSD_PERP,bid,57300,566.29
2024-08-16 11:10:53,BTCUSD_PERP,bid,57300,622.53
2024-08-16 11:12:56,BTCUSD_PERP,bid,57300,565.72
2024-08-16 11:12:57,BTCUSD_PERP,bid,57300,565.4
2024-08-16 11:12:58,BTCUSD_PERP,bid,57300,622.18
2024-08-16 11:13:05,BTCUSD_PERP,bid,57300,624.24
2024-08-16 11:13:05,BTCUSD_PERP,bid,57300,637.98
2024-08-16 11:13:07,BTCUSD_PERP,bid,57300,638.02
2024-08-16 11:13:59,BTCUSD_PERP,bid,57300,581.24
2024-08-16 11:14:29,BTCUSD_PERP,bid,57300,556.58
2024-08-16 11:17:37,BTCUSD_PERP,ask,64500,1622.51
