2024-09-13 07:00:22,SOLUSDT,bid,132,19003.0
2024-09-13 07:00:39,SOLUSDT,bid,128,7854.0
2024-09-13 07:01:31,SOLUSDT,bid,130,26141.0
2024-09-13 07:01:38,SOLUSDT,ask,138,10240.0
2024-09-13 07:02:05,SOLUSDT,bid,128,7843.0
2024-09-13 07:03:25,SOLUSDT,ask,138,10235.0
2024-09-13 07:03:27,SOLUSDT,bid,120,12573.0
2024-09-13 07:04:20,SOLUSDT,bid,120,12532.0
2024-09-13 07:05:55,SOLUSDT,bid,128,7838.0
2024-09-13 07:06:36,SOLUSDT,ask,138,10262.0
2024-09-13 07:07:01,SOLUSDT,ask,144,36568.0
2024-09-13 07:07:28,SOLUSDT,bid,125,15068.0
2024-09-13 07:07:28,SOLUSDT,ask,138,10252.0
2024-09-13 07:08:39,SOLUSDT,bid,125,15070.0
2024-09-13 07:09:21,SOLUSDT,bid,130,25866.0
2024-09-13 07:09:45,SOLUSDT,ask,139,7616.0
2024-09-13 07:09:55,SOLUSDT,bid,130,25868.0
2024-09-13 07:10:07,SOLUSDT,ask,138,10216.0
2024-09-13 07:10:41,SOLUSDT,bid,132,19004.0
2024-09-13 07:10:41,SOLUSDT,ask,138,10217.0
2024-09-13 07:11:41,SOLUSDT,bid,120,12530.0
2024-09-13 07:11:41,SOLUSDT,bid,128,7836.0
2024-09-13 07:11:41,SOLUSDT,ask,144,36567.0
2024-09-13 07:11:57,SOLUSDT,ask,140,7264.0
2024-09-13 07:12:27,SOLUSDT,bid,132,10270.0
2024-09-13 07:12:28,SOLUSDT,ask,139,10268.0
2024-09-13 07:12:28,SOLUSDT,ask,137,8212.0
2024-09-13 07:12:35,SOLUSDT,bid,120,12522.0
2024-09-13 07:14:08,SOLUSDT,bid,125,15069.0
2024-09-13 07:14:08,SOLUSDT,ask,139,7615.0
2024-09-13 07:14:08,SOLUSDT,ask,146,17591.0
2024-09-13 07:14:28,SOLUSDT,ask,138,10218.0
2024-09-13 07:14:29,SOLUSDT,ask,138,10225.0
2024-09-13 07:14:36,SOLUSDT,ask,139,7610.0
2024-09-13 07:14:37,SOLUSDT,ask,139,7611.0
2024-09-13 07:14:59,SOLUSDT,ask,138,10215.0
2024-09-13 07:16:04,SOLUSDT,ask,139,7608.0
2024-09-13 07:16:24,SOLUSDT,ask,138,10194.0
2024-09-13 07:16:43,SOLUSDT,bid,120,12520.0
2024-09-13 07:17:22,SOLUSDT,bid,125,15065.0
2024-09-13 07:17:24,SOLUSDT,bid,131,10278.0
2024-09-13 07:17:25,SOLUSDT,ask,139,10281.0
2024-09-13 07:17:26,SOLUSDT,ask,137,8212.0
2024-09-13 07:17:41,SOLUSDT,bid,131,10304.0
2024-09-13 07:18:00,SOLUSDT,bid,128,7861.0
2024-09-13 07:18:26,SOLUSDT,ask,138,10144.0
2024-09-13 07:19:12,SOLUSDT,ask,138,10145.0
2024-09-13 07:19:15,SOLUSDT,ask,145,20437.0
2024-09-13 07:19:15,SOLUSDT,ask,145,20440.0
2024-09-13 07:19:40,SOLUSDT,bid,125,15070.0
2024-09-13 07:20:16,SOLUSDT,bid,130,25869.0
2024-09-13 07:20:27,SOLUSDT,bid,130,25870.0
2024-09-13 07:20:27,SOLUSDT,ask,140,7262.0
2024-09-13 07:21:14,SOLUSDT,bid,130,25869.0
2024-09-13 07:21:44,SOLUSDT,ask,138,10148.0
2024-09-13 07:22:00,SOLUSDT,ask,138,10145.0
2024-09-13 07:22:05,SOLUSDT,bid,130,25893.0
2024-09-13 07:22:14,SOLUSDT,bid,110,26732.0
2024-09-13 07:22:24,SOLUSDT,ask,138,10406.0
2024-09-13 07:22:26,SOLUSDT,bid,131,10268.0
2024-09-13 07:22:26,SOLUSDT,ask,139,10264.0
2024-09-13 07:22:36,SOLUSDT,bid,122,16108.0
2024-09-13 07:23:03,SOLUSDT,bid,125,15058.0
2024-09-13 07:23:03,SOLUSDT,ask,138,10407.0
2024-09-13 07:23:31,SOLUSDT,bid,130,25915.0
2024-09-13 07:23:53,SOLUSDT,bid,130,25925.0
2024-09-13 07:23:55,SOLUSDT,bid,130,25926.0
2024-09-13 07:24:05,SOLUSDT,ask,138,10405.0
2024-09-13 07:24:05,SOLUSDT,ask,139,7605.0
2024-09-13 07:24:05,SOLUSDT,ask,140,7259.0
2024-09-13 07:24:05,SOLUSDT,ask,145,20439.0
2024-09-13 07:24:05,SOLUSDT,ask,145,13963.0
2024-09-13 07:24:05,SOLUSDT,ask,146,17589.0
2024-09-13 07:24:05,SOLUSDT,ask,147,8587.0
2024-09-13 07:24:06,SOLUSDT,bid,125,15043.0
2024-09-13 07:24:08,SOLUSDT,ask,145,20438.0
2024-09-13 07:24:11,SOLUSDT,bid,130,25925.0
2024-09-13 07:24:39,SOLUSDT,bid,130,25948.0
2024-09-13 07:26:05,SOLUSDT,ask,138,10393.0
2024-09-13 07:26:24,SOLUSDT,ask,140,7251.0
2024-09-13 07:26:40,SOLUSDT,ask,140,7250.0
2024-09-13 07:26:55,SOLUSDT,ask,138,10395.0
2024-09-13 07:26:58,SOLUSDT,ask,138,10148.0
2024-09-13 07:27:04,SOLUSDT,ask,139,7607.0
2024-09-13 07:27:08,SOLUSDT,bid,130,25924.0
2024-09-13 07:27:14,SOLUSDT,ask,139,7609.0
2024-09-13 07:27:14,SOLUSDT,ask,140,7248.0
2024-09-13 07:27:57,SOLUSDT,ask,140,7298.0
2024-09-13 07:27:58,SOLUSDT,bid,130,25944.0
2024-09-13 07:28:00,SOLUSDT,ask,139,7608.0
2024-09-13 07:28:00,SOLUSDT,ask,139,7607.0
2024-09-13 07:28:09,SOLUSDT,ask,145,20623.0
2024-09-13 07:28:15,SOLUSDT,ask,140,7405.0
2024-09-13 07:28:18,SOLUSDT,ask,145,20622.0
2024-09-13 07:29:20,SOLUSDT,bid,110,26725.0
2024-09-13 07:29:20,SOLUSDT,bid,120,12518.0
2024-09-13 07:29:25,SOLUSDT,bid,130,25956.0
2024-09-13 07:29:51,SOLUSDT,ask,140,7298.0
2024-09-13 07:30:03,SOLUSDT,ask,144,36568.0
2024-09-13 07:30:07,SOLUSDT,bid,125,15047.0
2024-09-13 07:30:08,SOLUSDT,bid,110,26729.0
2024-09-13 07:30:18,SOLUSDT,ask,138,10114.0
2024-09-13 07:30:24,SOLUSDT,bid,130,25976.0
2024-09-13 07:30:39,SOLUSDT,bid,125,15048.0
2024-09-13 07:30:57,SOLUSDT,ask,139,7614.0
2024-09-13 07:31:01,SOLUSDT,bid,125,15047.0
2024-09-13 07:31:12,SOLUSDT,ask,138,10078.0
2024-09-13 07:31:36,SOLUSDT,bid,131,10266.0
2024-09-13 07:31:37,SOLUSDT,ask,139,10264.0
2024-09-13 07:32:08,SOLUSDT,ask,138,10070.0
2024-09-13 07:32:31,SOLUSDT,bid,130,25996.0
2024-09-13 07:32:36,SOLUSDT,bid,125,15067.0
2024-09-13 07:32:39,SOLUSDT,bid,120,12538.0
2024-09-13 07:32:42,SOLUSDT,bid,131,10268.0
2024-09-13 07:32:42,SOLUSDT,ask,139,10264.0
2024-09-13 07:32:43,SOLUSDT,ask,137,8213.0
2024-09-13 07:32:44,SOLUSDT,bid,115,13028.0
2024-09-13 07:32:48,SOLUSDT,bid,110,26749.0
2024-09-13 07:32:55,SOLUSDT,bid,110,26729.0
2024-09-13 07:33:49,SOLUSDT,bid,130,25997.0
2024-09-13 07:33:52,SOLUSDT,ask,138,10099.0
2024-09-13 07:35:02,SOLUSDT,bid,132,18988.0
2024-09-13 07:35:52,SOLUSDT,ask,145,13963.0
2024-09-13 07:36:26,SOLUSDT,bid,131,10272.0
2024-09-13 07:36:26,SOLUSDT,ask,139,10269.0
2024-09-13 07:36:35,SOLUSDT,bid,122,16108.0
2024-09-13 07:36:36,SOLUSDT,bid,122,16108.0
2024-09-13 07:36:50,SOLUSDT,bid,130,26001.0
2024-09-13 07:37:17,SOLUSDT,bid,130,25989.0
2024-09-13 07:37:28,SOLUSDT,bid,130,25990.0
2024-09-13 07:37:45,SOLUSDT,ask,138,10101.0
2024-09-13 07:38:09,SOLUSDT,bid,131,10265.0
2024-09-13 07:38:09,SOLUSDT,ask,138,10104.0
2024-09-13 07:39:43,SOLUSDT,bid,130,25991.0
2024-09-13 07:40:19,SOLUSDT,ask,138,10132.0
2024-09-13 07:40:49,SOLUSDT,bid,130,25990.0
2024-09-13 07:40:53,SOLUSDT,ask,138,10125.0
2024-09-13 07:41:35,SOLUSDT,bid,132,10285.0
2024-09-13 07:41:35,SOLUSDT,ask,139,10264.0
2024-09-13 07:41:35,SOLUSDT,ask,137,8211.0
2024-09-13 07:42:36,SOLUSDT,bid,120,12541.0
2024-09-13 07:42:57,SOLUSDT,bid,115,13031.0
2024-09-13 07:43:56,SOLUSDT,bid,115,13011.0
2024-09-13 07:43:56,SOLUSDT,bid,120,12521.0
2024-09-13 07:43:56,SOLUSDT,bid,125,15047.0
2024-09-13 07:43:56,SOLUSDT,bid,130,25970.0
2024-09-13 07:45:51,SOLUSDT,bid,132,18987.0
2024-09-13 07:47:06,SOLUSDT,ask,138,10128.0
2024-09-13 07:47:09,SOLUSDT,ask,138,10122.0
2024-09-13 07:47:25,SOLUSDT,ask,140,7301.0
2024-09-13 07:47:33,SOLUSDT,ask,145,20623.0
2024-09-13 07:47:40,SOLUSDT,bid,112,15198.0
2024-09-13 07:47:42,SOLUSDT,bid,120,12511.0
2024-09-13 07:47:49,SOLUSDT,ask,145,20622.0
2024-09-13 07:48:23,SOLUSDT,ask,139,7671.0
2024-09-13 07:48:29,SOLUSDT,ask,139,7707.0
2024-09-13 07:48:56,SOLUSDT,bid,130,25975.0
2024-09-13 07:48:56,SOLUSDT,ask,156,12776.0
2024-09-13 07:49:05,SOLUSDT,ask,156,12768.0
2024-09-13 07:49:22,SOLUSDT,bid,130,25939.0
2024-09-13 07:49:53,SOLUSDT,ask,139,7650.0
2024-09-13 07:50:05,SOLUSDT,ask,139,7614.0
2024-09-13 07:50:22,SOLUSDT,bid,120,12503.0
2024-09-13 07:50:29,SOLUSDT,ask,138,10119.0
2024-09-13 07:50:53,SOLUSDT,ask,140,7303.0
2024-09-13 07:50:55,SOLUSDT,ask,140,7304.0
2024-09-13 07:50:59,SOLUSDT,bid,128,7870.0
2024-09-13 07:51:36,SOLUSDT,bid,125,15052.0
2024-09-13 07:51:53,SOLUSDT,bid,120,12502.0
2024-09-13 07:52:01,SOLUSDT,bid,91,56386.0
2024-09-13 07:52:01,SOLUSDT,bid,91,56437.0
2024-09-13 07:52:27,SOLUSDT,bid,131,10274.0
2024-09-13 07:52:27,SOLUSDT,ask,139,10264.0
2024-09-13 07:52:27,SOLUSDT,ask,137,8214.0
2024-09-13 07:53:08,SOLUSDT,ask,136,18303.0
2024-09-13 07:53:10,SOLUSDT,ask,136,18302.0
2024-09-13 07:54:02,SOLUSDT,ask,138,10261.0
2024-09-13 07:55:02,SOLUSDT,ask,139,7634.0
2024-09-13 07:55:03,SOLUSDT,ask,139,7652.0
2024-09-13 07:55:11,SOLUSDT,ask,139,7647.0
2024-09-13 07:55:25,SOLUSDT,ask,137,8224.0
2024-09-13 07:55:31,SOLUSDT,ask,137,8214.0
2024-09-13 07:55:52,SOLUSDT,ask,146,17548.0
2024-09-13 07:56:04,SOLUSDT,bid,131,10285.0
2024-09-13 07:56:05,SOLUSDT,ask,139,10264.0
2024-09-13 07:56:05,SOLUSDT,ask,136,8574.0
2024-09-13 07:56:53,SOLUSDT,bid,132,18994.0
2024-09-13 07:57:09,SOLUSDT,bid,132,18987.0
2024-09-13 07:57:28,SOLUSDT,bid,110,26724.0
2024-09-13 07:58:26,SOLUSDT,bid,130,25940.0
2024-09-13 07:58:40,SOLUSDT,bid,112,15194.0
2024-09-13 07:59:10,SOLUSDT,ask,139,7609.0
2024-09-13 07:59:20,SOLUSDT,bid,120,12500.0
2024-09-13 07:59:37,SOLUSDT,bid,130,25949.0
2024-09-13 07:59:47,SOLUSDT,bid,130,25948.0
2024-09-13 08:00:48,SOLUSDT,ask,138,10233.0
2024-09-13 08:01:44,SOLUSDT,ask,136,8574.0
2024-09-13 08:02:29,SOLUSDT,bid,131,10264.0
2024-09-13 08:02:29,SOLUSDT,ask,139,10273.0
2024-09-13 08:02:29,SOLUSDT,ask,136,8211.0
2024-09-13 08:02:33,SOLUSDT,bid,115,13001.0
2024-09-13 08:03:01,SOLUSDT,ask,140,7343.0
2024-09-13 08:03:12,SOLUSDT,bid,125,15109.0
2024-09-13 08:03:59,SOLUSDT,ask,145,20435.0
2024-09-13 08:04:01,SOLUSDT,ask,145,20439.0
2024-09-13 08:04:10,SOLUSDT,ask,145,20428.0
2024-09-13 08:04:12,SOLUSDT,bid,125,15052.0
2024-09-13 08:04:26,SOLUSDT,bid,132,18983.0
2024-09-13 08:04:29,SOLUSDT,bid,130,25946.0
2024-09-13 08:04:39,SOLUSDT,bid,130,25945.0
2024-09-13 08:04:42,SOLUSDT,ask,144,36567.0
2024-09-13 08:04:54,SOLUSDT,bid,130,25946.0
2024-09-13 08:04:54,SOLUSDT,ask,138,10234.0
2024-09-13 08:04:54,SOLUSDT,ask,139,7610.0
2024-09-13 08:04:54,SOLUSDT,ask,140,7343.0
2024-09-13 08:05:29,SOLUSDT,bid,128,7847.0
2024-09-13 08:05:34,SOLUSDT,ask,138,10228.0
2024-09-13 08:05:51,SOLUSDT,bid,130,25948.0
2024-09-13 08:06:20,SOLUSDT,bid,131,7642.0
2024-09-13 08:06:22,SOLUSDT,ask,138,10226.0
2024-09-13 08:06:28,SOLUSDT,bid,130,25952.0
2024-09-13 08:06:29,SOLUSDT,bid,130,25959.0
2024-09-13 08:06:34,SOLUSDT,bid,128,7848.0
2024-09-13 08:06:52,SOLUSDT,bid,130,25961.0
2024-09-13 08:06:56,SOLUSDT,bid,128,7849.0
2024-09-13 08:06:56,SOLUSDT,bid,130,25962.0
2024-09-13 08:07:02,SOLUSDT,bid,125,15050.0
2024-09-13 08:07:03,SOLUSDT,ask,145,20427.0
2024-09-13 08:07:16,SOLUSDT,ask,140,7336.0
2024-09-13 08:07:17,SOLUSDT,bid,130,25961.0
2024-09-13 08:07:22,SOLUSDT,bid,128,7866.0
2024-09-13 08:07:24,SOLUSDT,bid,130,25954.0
2024-09-13 08:07:33,SOLUSDT,ask,139,7595.0
2024-09-13 08:07:33,SOLUSDT,ask,138,10276.0
2024-09-13 08:07:36,SOLUSDT,bid,130,25956.0
2024-09-13 08:07:40,SOLUSDT,bid,130,25957.0
2024-09-13 08:07:42,SOLUSDT,bid,120,12503.0
2024-09-13 08:08:13,SOLUSDT,bid,131,7644.0
2024-09-13 08:08:37,SOLUSDT,ask,145,20423.0
2024-09-13 08:08:37,SOLUSDT,ask,145,20428.0
2024-09-13 08:09:01,SOLUSDT,bid,131,7640.0
2024-09-13 08:09:32,SOLUSDT,bid,130,25937.0
2024-09-13 08:09:55,SOLUSDT,bid,132,19023.0
2024-09-13 08:09:57,SOLUSDT,bid,130,25933.0
2024-09-13 08:10:08,SOLUSDT,ask,138,9975.0
2024-09-13 08:10:12,SOLUSDT,bid,130,25932.0
2024-09-13 08:10:12,SOLUSDT,bid,131,7639.0
2024-09-13 08:10:12,SOLUSDT,ask,138,9974.0
2024-09-13 08:10:12,SOLUSDT,ask,139,7295.0
2024-09-13 08:10:13,SOLUSDT,bid,130,25924.0
2024-09-13 08:10:19,SOLUSDT,bid,131,7641.0
2024-09-13 08:10:28,SOLUSDT,ask,146,16984.0
2024-09-13 08:10:40,SOLUSDT,bid,125,15051.0
2024-09-13 08:10:40,SOLUSDT,ask,145,20429.0
2024-09-13 08:10:52,SOLUSDT,bid,130,25928.0
2024-09-13 08:10:56,SOLUSDT,bid,131,7640.0
2024-09-13 08:11:29,SOLUSDT,bid,132,18983.0
2024-09-13 08:12:27,SOLUSDT,bid,130,10361.0
2024-09-13 08:12:27,SOLUSDT,ask,139,10276.0
2024-09-13 08:12:27,SOLUSDT,ask,136,8212.0
2024-09-13 08:12:32,SOLUSDT,bid,128,7841.0
2024-09-13 08:12:33,SOLUSDT,bid,90,59065.0
2024-09-13 08:12:49,SOLUSDT,bid,132,18986.0
2024-09-13 08:12:53,SOLUSDT,bid,130,10264.0
2024-09-13 08:12:53,SOLUSDT,bid,132,8212.0
2024-09-13 08:12:53,SOLUSDT,ask,138,10264.0
2024-09-13 08:12:54,SOLUSDT,ask,136,8215.0
2024-09-13 08:13:11,SOLUSDT,bid,128,7834.0
2024-09-13 08:13:50,SOLUSDT,ask,139,7286.0
2024-09-13 08:13:50,SOLUSDT,bid,132,8243.0
2024-09-13 08:13:54,SOLUSDT,ask,138,9975.0
2024-09-13 08:14:00,SOLUSDT,bid,132,8212.0
2024-09-13 08:14:01,SOLUSDT,bid,130,25934.0
2024-09-13 08:14:19,SOLUSDT,bid,128,7819.0
2024-09-13 08:14:43,SOLUSDT,ask,138,9970.0
2024-09-13 08:14:43,SOLUSDT,bid,130,10266.0
2024-09-13 08:14:44,SOLUSDT,bid,130,25935.0
2024-09-13 08:14:47,SOLUSDT,bid,132,19023.0
2024-09-13 08:14:54,SOLUSDT,bid,130,10264.0
2024-09-13 08:15:10,SOLUSDT,bid,130,25950.0
2024-09-13 08:15:17,SOLUSDT,bid,130,25951.0
2024-09-13 08:15:28,SOLUSDT,bid,131,7705.0
2024-09-13 08:15:28,SOLUSDT,bid,131,7777.0
2024-09-13 08:15:40,SOLUSDT,bid,130,25982.0
2024-09-13 08:15:44,SOLUSDT,bid,128,7818.0
2024-09-13 08:16:15,SOLUSDT,bid,130,25983.0
2024-09-13 08:17:02,SOLUSDT,bid,131,7762.0
2024-09-13 08:17:22,SOLUSDT,ask,138,10264.0
2024-09-13 08:17:23,SOLUSDT,ask,138,9972.0
2024-09-13 08:17:23,SOLUSDT,ask,136,8220.0
2024-09-13 08:17:23,SOLUSDT,bid,132,19030.0
2024-09-13 08:17:26,SOLUSDT,ask,145,20424.0
2024-09-13 08:17:27,SOLUSDT,ask,145,20431.0
2024-09-13 08:17:37,SOLUSDT,ask,138,9922.0
2024-09-13 08:17:39,SOLUSDT,bid,132,19023.0
2024-09-13 08:17:44,SOLUSDT,bid,125,15049.0
2024-09-13 08:17:44,SOLUSDT,bid,128,7816.0
2024-09-13 08:17:44,SOLUSDT,bid,131,7760.0
2024-09-13 08:17:44,SOLUSDT,ask,136,8218.0
2024-09-13 08:17:53,SOLUSDT,bid,130,26082.0
2024-09-13 08:17:53,SOLUSDT,bid,132,18986.0
2024-09-13 08:18:00,SOLUSDT,bid,128,7817.0
2024-09-13 08:18:05,SOLUSDT,bid,131,7767.0
2024-09-13 08:18:21,SOLUSDT,bid,131,7760.0
2024-09-13 08:18:28,SOLUSDT,bid,131,7684.0
2024-09-13 08:18:30,SOLUSDT,bid,130,26078.0
2024-09-13 08:18:49,SOLUSDT,bid,131,7677.0
2024-09-13 08:19:12,SOLUSDT,bid,130,26079.0
2024-09-13 08:19:19,SOLUSDT,ask,138,9921.0
2024-09-13 08:19:34,SOLUSDT,ask,139,7195.0
2024-09-13 08:19:57,SOLUSDT,bid,130,25953.0
2024-09-13 08:19:59,SOLUSDT,bid,131,7685.0
2024-09-13 08:20:57,SOLUSDT,ask,138,10007.0
2024-09-13 08:21:34,SOLUSDT,ask,138,9921.0
2024-09-13 08:21:36,SOLUSDT,bid,130,10269.0
2024-09-13 08:21:36,SOLUSDT,ask,138,10300.0
2024-09-13 08:22:30,SOLUSDT,bid,130,25955.0
2024-09-13 08:22:32,SOLUSDT,bid,130,25952.0
2024-09-13 08:22:34,SOLUSDT,bid,130,25953.0
2024-09-13 08:23:01,SOLUSDT,bid,91,56428.0
2024-09-13 08:23:01,SOLUSDT,bid,91,56377.0
2024-09-13 08:24:08,SOLUSDT,bid,130,25951.0
2024-09-13 08:25:17,SOLUSDT,bid,128,7816.0
2024-09-13 08:25:30,SOLUSDT,ask,138,10264.0
2024-09-13 08:25:34,SOLUSDT,bid,125,14932.0
2024-09-13 08:26:00,SOLUSDT,bid,128,7817.0
2024-09-13 08:26:02,SOLUSDT,bid,128,7818.0
2024-09-13 08:26:02,SOLUSDT,bid,128,7819.0
2024-09-13 08:26:03,SOLUSDT,bid,120,12507.0
2024-09-13 08:26:06,SOLUSDT,bid,128,7818.0
2024-09-13 08:26:08,SOLUSDT,bid,128,7817.0
2024-09-13 08:26:08,SOLUSDT,bid,128,7816.0
2024-09-13 08:26:24,SOLUSDT,bid,112,15200.0
2024-09-13 08:26:45,SOLUSDT,ask,147,8441.0
2024-09-13 08:27:43,SOLUSDT,bid,130,25960.0
2024-09-13 08:28:09,SOLUSDT,bid,130,25965.0
2024-09-13 08:28:47,SOLUSDT,bid,130,26165.0
2024-09-13 08:28:53,SOLUSDT,bid,130,26175.0
2024-09-13 08:29:02,SOLUSDT,ask,138,9960.0
2024-09-13 08:29:58,SOLUSDT,bid,125,14931.0
2024-09-13 08:29:58,SOLUSDT,ask,145,20430.0
2024-09-13 08:31:33,SOLUSDT,bid,110,26716.0
2024-09-13 08:31:34,SOLUSDT,bid,112,15194.0
2024-09-13 08:31:35,SOLUSDT,bid,115,12998.0
2024-09-13 08:31:36,SOLUSDT,bid,120,12504.0
2024-09-13 08:31:37,SOLUSDT,bid,122,16107.0
2024-09-13 08:31:39,SOLUSDT,bid,125,14930.0
2024-09-13 08:31:39,SOLUSDT,bid,130,26174.0
2024-09-13 08:31:43,SOLUSDT,bid,120,12503.0
2024-09-13 08:31:43,SOLUSDT,bid,122,16106.0
2024-09-13 08:31:51,SOLUSDT,bid,130,26203.0
2024-09-13 08:32:07,SOLUSDT,bid,130,26204.0
2024-09-13 08:32:31,SOLUSDT,bid,120,12528.0
2024-09-13 08:33:30,SOLUSDT,bid,130,26205.0
2024-09-13 08:34:05,SOLUSDT,bid,130,26202.0
2024-09-13 08:34:15,SOLUSDT,bid,132,19026.0
2024-09-13 08:34:20,SOLUSDT,bid,120,12520.0
2024-09-13 08:34:25,SOLUSDT,bid,132,18986.0
2024-09-13 08:34:33,SOLUSDT,bid,130,26203.0
2024-09-13 08:35:33,SOLUSDT,ask,138,10003.0
2024-09-13 08:35:43,SOLUSDT,ask,139,7211.0
2024-09-13 08:37:26,SOLUSDT,bid,130,26214.0
2024-09-13 08:37:26,SOLUSDT,bid,120,12523.0
2024-09-13 08:38:55,SOLUSDT,ask,138,10004.0
2024-09-13 08:38:58,SOLUSDT,ask,138,10003.0
2024-09-13 08:39:23,SOLUSDT,ask,139,7355.0
2024-09-13 08:39:30,SOLUSDT,ask,139,7427.0
2024-09-13 08:39:31,SOLUSDT,ask,139,7499.0
2024-09-13 08:41:44,SOLUSDT,ask,138,10001.0
2024-09-13 08:42:23,SOLUSDT,bid,130,26217.0
2024-09-13 08:42:43,SOLUSDT,bid,130,10267.0
2024-09-13 08:42:43,SOLUSDT,ask,138,10288.0
2024-09-13 08:43:10,SOLUSDT,bid,125,14929.0
2024-09-13 08:43:30,SOLUSDT,bid,130,26214.0
2024-09-13 08:43:52,SOLUSDT,bid,130,26014.0
2024-09-13 08:44:25,SOLUSDT,ask,139,7355.0
2024-09-13 08:44:31,SOLUSDT,ask,139,7283.0
2024-09-13 08:44:31,SOLUSDT,ask,139,7211.0
2024-09-13 08:44:52,SOLUSDT,bid,130,26010.0
2024-09-13 08:45:39,SOLUSDT,ask,138,10000.0
2024-09-13 08:45:58,SOLUSDT,bid,130,10266.0
2024-09-13 08:45:59,SOLUSDT,bid,130,26007.0
2024-09-13 08:46:05,SOLUSDT,bid,130,25947.0
2024-09-13 08:46:48,SOLUSDT,bid,130,25950.0
2024-09-13 08:47:13,SOLUSDT,bid,125,14933.0
2024-09-13 08:47:25,SOLUSDT,ask,138,10024.0
2024-09-13 08:47:27,SOLUSDT,bid,130,10454.0
2024-09-13 08:47:28,SOLUSDT,ask,138,10264.0
2024-09-13 08:47:40,SOLUSDT,ask,138,10000.0
2024-09-13 08:48:40,SOLUSDT,ask,136,8211.0
2024-09-13 08:48:43,SOLUSDT,bid,122,16107.0
2024-09-13 08:49:26,SOLUSDT,bid,130,25958.0
2024-09-13 08:49:57,SOLUSDT,ask,151,14850.0
2024-09-13 08:50:15,SOLUSDT,bid,120,12519.0
2024-09-13 08:50:27,SOLUSDT,bid,130,25962.0
2024-09-13 08:50:31,SOLUSDT,bid,130,25952.0
2024-09-13 08:51:09,SOLUSDT,ask,136,8307.0
2024-09-13 08:51:09,SOLUSDT,ask,136,8211.0
2024-09-13 08:51:21,SOLUSDT,bid,130,25948.0
2024-09-13 08:52:27,SOLUSDT,bid,130,10272.0
2024-09-13 08:52:28,SOLUSDT,ask,138,10264.0
2024-09-13 08:52:28,SOLUSDT,ask,136,8215.0
2024-09-13 08:52:31,SOLUSDT,bid,130,25978.0
2024-09-13 08:52:34,SOLUSDT,ask,136,8219.0
2024-09-13 08:54:22,SOLUSDT,bid,130,25973.0
2024-09-13 08:55:01,SOLUSDT,bid,130,25974.0
2024-09-13 08:55:01,SOLUSDT,ask,138,10001.0
2024-09-13 08:55:12,SOLUSDT,bid,110,26519.0
2024-09-13 08:55:12,SOLUSDT,bid,112,14998.0
2024-09-13 08:55:15,SOLUSDT,bid,125,14939.0
2024-09-13 08:55:29,SOLUSDT,bid,131,10264.0
2024-09-13 08:55:30,SOLUSDT,ask,138,10265.0
2024-09-13 08:55:31,SOLUSDT,ask,136,8216.0
2024-09-13 08:55:35,SOLUSDT,ask,138,9999.0
2024-09-13 08:56:20,SOLUSDT,ask,138,9998.0
2024-09-13 08:56:53,SOLUSDT,bid,132,18983.0
2024-09-13 08:56:53,SOLUSDT,bid,131,10264.0
2024-09-13 08:56:54,SOLUSDT,ask,139,10276.0
2024-09-13 08:56:55,SOLUSDT,ask,136,8234.0
2024-09-13 08:57:08,SOLUSDT,bid,130,25977.0
2024-09-13 08:57:12,SOLUSDT,bid,130,25978.0
2024-09-13 08:57:27,SOLUSDT,bid,130,25948.0
2024-09-13 08:57:28,SOLUSDT,bid,130,25947.0
2024-09-13 08:57:28,SOLUSDT,ask,138,9997.0
2024-09-13 08:57:35,SOLUSDT,bid,130,25815.0
2024-09-13 08:57:38,SOLUSDT,bid,130,25811.0
2024-09-13 08:57:42,SOLUSDT,ask,140,7166.0
2024-09-13 08:57:48,SOLUSDT,bid,131,10266.0
2024-09-13 08:57:49,SOLUSDT,ask,138,10264.0
2024-09-13 08:57:50,SOLUSDT,ask,136,8225.0
2024-09-13 08:58:36,SOLUSDT,ask,140,7170.0
2024-09-13 08:59:45,SOLUSDT,bid,125,14868.0
2024-09-13 09:01:04,SOLUSDT,bid,130,25808.0
2024-09-13 09:01:25,SOLUSDT,bid,130,25801.0
2024-09-13 09:01:26,SOLUSDT,bid,130,25802.0
2024-09-13 09:01:45,SOLUSDT,bid,130,25806.0
2024-09-13 09:01:55,SOLUSDT,bid,130,25776.0
2024-09-13 09:02:00,SOLUSDT,bid,132,19083.0
2024-09-13 09:02:24,SOLUSDT,bid,130,25778.0
2024-09-13 09:02:24,SOLUSDT,ask,138,9999.0
2024-09-13 09:02:28,SOLUSDT,bid,130,10265.0
2024-09-13 09:02:28,SOLUSDT,ask,138,10264.0
2024-09-13 09:02:28,SOLUSDT,ask,135,8212.0
2024-09-13 09:02:37,SOLUSDT,bid,120,12520.0
2024-09-13 09:03:00,SOLUSDT,bid,110,26518.0
2024-09-13 09:03:30,SOLUSDT,ask,147,8441.0
2024-09-13 09:04:03,SOLUSDT,ask,138,10001.0
2024-09-13 09:04:14,SOLUSDT,bid,130,25753.0
2024-09-13 09:04:15,SOLUSDT,bid,130,25752.0
2024-09-13 09:04:15,SOLUSDT,ask,138,10000.0
2024-09-13 09:04:30,SOLUSDT,bid,130,25750.0
2024-09-13 09:05:30,SOLUSDT,bid,122,16103.0
2024-09-13 09:05:55,SOLUSDT,bid,122,16100.0
2024-09-13 09:06:32,SOLUSDT,bid,130,25751.0
2024-09-13 09:06:32,SOLUSDT,ask,138,9999.0
2024-09-13 09:07:16,SOLUSDT,bid,130,25752.0
2024-09-13 09:08:03,SOLUSDT,bid,130,25751.0
2024-09-13 09:08:03,SOLUSDT,ask,138,9998.0
2024-09-13 09:08:33,SOLUSDT,bid,110,26512.0
2024-09-13 09:09:11,SOLUSDT,bid,120,12523.0
2024-09-13 09:10:19,SOLUSDT,bid,130,25752.0
2024-09-13 09:10:34,SOLUSDT,ask,138,9856.0
2024-09-13 09:11:50,SOLUSDT,ask,138,9857.0
2024-09-13 09:11:59,SOLUSDT,bid,130,25756.0
2024-09-13 09:13:46,SOLUSDT,ask,145,20612.0
2024-09-13 09:14:35,SOLUSDT,bid,130,25758.0
2024-09-13 09:14:54,SOLUSDT,bid,130,25768.0
2024-09-13 09:15:15,SOLUSDT,bid,132,19090.0
2024-09-13 09:15:17,SOLUSDT,bid,132,19109.0
2024-09-13 09:15:31,SOLUSDT,bid,132,19102.0
2024-09-13 09:16:02,SOLUSDT,ask,138,9852.0
2024-09-13 09:16:23,SOLUSDT,bid,120,12673.0
2024-09-13 09:17:28,SOLUSDT,bid,120,12523.0
2024-09-13 09:17:40,SOLUSDT,bid,130,25766.0
2024-09-13 09:18:53,SOLUSDT,ask,136,18336.0
2024-09-13 09:18:59,SOLUSDT,ask,136,18343.0
2024-09-13 09:19:03,SOLUSDT,ask,136,18326.0
2024-09-13 09:19:03,SOLUSDT,ask,136,18309.0
2024-09-13 09:19:44,SOLUSDT,bid,130,25756.0
2024-09-13 09:19:52,SOLUSDT,bid,120,12488.0
2024-09-13 09:20:17,SOLUSDT,bid,132,19083.0
2024-09-13 09:20:18,SOLUSDT,bid,130,25746.0
2024-09-13 09:20:34,SOLUSDT,ask,136,18302.0
2024-09-13 09:21:00,SOLUSDT,bid,132,12003.0
2024-09-13 09:21:10,SOLUSDT,bid,132,19088.0
2024-09-13 09:21:33,SOLUSDT,bid,130,10303.0
2024-09-13 09:21:33,SOLUSDT,ask,138,10264.0
2024-09-13 09:21:33,SOLUSDT,ask,135,8251.0
2024-09-13 09:22:05,SOLUSDT,bid,130,25743.0
2024-09-13 09:22:21,SOLUSDT,ask,138,9865.0
2024-09-13 09:22:37,SOLUSDT,bid,130,25752.0
2024-09-13 09:24:10,SOLUSDT,bid,132,19083.0
2024-09-13 09:24:45,SOLUSDT,ask,136,18310.0
2024-09-13 09:24:46,SOLUSDT,bid,130,25793.0
2024-09-13 09:25:34,SOLUSDT,ask,138,9863.0
2024-09-13 09:26:01,SOLUSDT,bid,130,25784.0
2024-09-13 09:26:02,SOLUSDT,bid,130,25743.0
2024-09-13 09:27:46,SOLUSDT,bid,110,26567.0
2024-09-13 09:28:43,SOLUSDT,ask,138,9827.0
2024-09-13 09:28:47,SOLUSDT,bid,110,26558.0
2024-09-13 09:30:10,SOLUSDT,ask,138,9826.0
2024-09-13 09:30:48,SOLUSDT,bid,130,25744.0
2024-09-13 09:32:15,SOLUSDT,ask,136,18302.0
2024-09-13 09:32:57,SOLUSDT,bid,130,25754.0
2024-09-13 09:34:00,SOLUSDT,bid,115,13000.0
2024-09-13 09:34:44,SOLUSDT,bid,130,25753.0
2024-09-13 09:34:56,SOLUSDT,bid,125,14860.0
2024-09-13 09:35:08,SOLUSDT,bid,120,12496.0
2024-09-13 09:35:45,SOLUSDT,ask,145,20433.0
2024-09-13 09:36:40,SOLUSDT,bid,132,19098.0
2024-09-13 09:37:54,SOLUSDT,bid,130,25754.0
2024-09-13 09:38:02,SOLUSDT,bid,130,25755.0
2024-09-13 09:38:12,SOLUSDT,bid,132,19083.0
2024-09-13 09:38:21,SOLUSDT,bid,130,25754.0
2024-09-13 09:38:42,SOLUSDT,bid,130,25755.0
2024-09-13 09:40:37,SOLUSDT,bid,130,25774.0
2024-09-13 09:42:24,SOLUSDT,bid,130,10301.0
2024-09-13 09:42:25,SOLUSDT,ask,138,10264.0
2024-09-13 09:42:25,SOLUSDT,ask,136,8211.0
2024-09-13 09:44:02,SOLUSDT,bid,130,10264.0
2024-09-13 09:44:06,SOLUSDT,ask,138,9644.0
2024-09-13 09:45:16,SOLUSDT,bid,130,25761.0
2024-09-13 09:45:17,SOLUSDT,bid,130,25757.0
2024-09-13 09:45:42,SOLUSDT,bid,130,25758.0
2024-09-13 09:46:01,SOLUSDT,bid,130,25757.0
2024-09-13 09:46:09,SOLUSDT,ask,136,8307.0
2024-09-13 09:46:09,SOLUSDT,ask,136,8211.0
2024-09-13 09:46:09,SOLUSDT,ask,136,8307.0
2024-09-13 09:46:09,SOLUSDT,bid,130,25864.0
2024-09-13 09:46:10,SOLUSDT,ask,136,8211.0
2024-09-13 09:47:39,SOLUSDT,ask,138,9652.0
2024-09-13 09:47:45,SOLUSDT,ask,136,8229.0
2024-09-13 09:47:47,SOLUSDT,ask,136,8240.0
2024-09-13 09:48:12,SOLUSDT,bid,110,26555.0
2024-09-13 09:49:29,SOLUSDT,ask,136,8265.0
2024-09-13 09:50:45,SOLUSDT,ask,136,8247.0
2024-09-13 09:50:48,SOLUSDT,ask,136,8236.0
2024-09-13 09:52:10,SOLUSDT,bid,130,25863.0
2024-09-13 09:52:26,SOLUSDT,bid,130,10271.0
2024-09-13 09:52:27,SOLUSDT,ask,138,10402.0
2024-09-13 09:52:27,SOLUSDT,ask,136,8215.0
2024-09-13 09:52:34,SOLUSDT,bid,128,7817.0
2024-09-13 09:52:34,SOLUSDT,bid,130,25832.0
2024-09-13 09:52:51,SOLUSDT,ask,138,9658.0
2024-09-13 09:52:57,SOLUSDT,bid,120,12501.0
2024-09-13 09:53:43,SOLUSDT,bid,128,7828.0
2024-09-13 09:53:49,SOLUSDT,bid,130,25818.0
2024-09-13 09:53:49,SOLUSDT,ask,136,8211.0
2024-09-13 09:55:02,SOLUSDT,bid,130,25821.0
2024-09-13 09:55:03,SOLUSDT,bid,128,7829.0
2024-09-13 09:55:08,SOLUSDT,bid,128,7826.0
2024-09-13 09:55:10,SOLUSDT,bid,128,7825.0
2024-09-13 09:55:30,SOLUSDT,bid,130,26145.0
2024-09-13 09:56:12,SOLUSDT,bid,130,26152.0
2024-09-13 09:57:15,SOLUSDT,bid,130,26153.0
2024-09-13 09:58:26,SOLUSDT,bid,130,26168.0
2024-09-13 09:58:31,SOLUSDT,bid,130,26113.0
2024-09-13 10:00:50,SOLUSDT,bid,130,26120.0
2024-09-13 10:02:31,SOLUSDT,bid,130,10267.0
2024-09-13 10:02:32,SOLUSDT,ask,138,10264.0
2024-09-13 10:02:32,SOLUSDT,ask,136,8213.0
2024-09-13 10:03:31,SOLUSDT,bid,132,19120.0
2024-09-13 10:03:35,SOLUSDT,ask,138,9656.0
2024-09-13 10:03:39,SOLUSDT,bid,110,26564.0
2024-09-13 10:04:44,SOLUSDT,bid,130,26112.0
2024-09-13 10:05:14,SOLUSDT,bid,128,7826.0
2024-09-13 10:05:20,SOLUSDT,bid,128,7825.0
2024-09-13 10:06:42,SOLUSDT,bid,132,19083.0
2024-09-13 10:06:44,SOLUSDT,bid,130,26108.0
2024-09-13 10:06:46,SOLUSDT,ask,138,9655.0
2024-09-13 10:07:18,SOLUSDT,bid,130,26109.0
2024-09-13 10:08:45,SOLUSDT,bid,130,26087.0
2024-09-13 10:09:14,SOLUSDT,bid,120,12502.0
2024-09-13 10:09:31,SOLUSDT,bid,130,26091.0
2024-09-13 10:09:59,SOLUSDT,ask,140,10040.0
2024-09-13 10:10:24,SOLUSDT,ask,140,10026.0
2024-09-13 10:10:25,SOLUSDT,ask,138,9713.0
2024-09-13 10:11:06,SOLUSDT,bid,128,7824.0
2024-09-13 10:12:29,SOLUSDT,bid,130,26081.0
2024-09-13 10:12:42,SOLUSDT,bid,131,10264.0
2024-09-13 10:12:42,SOLUSDT,ask,138,10332.0
2024-09-13 10:12:43,SOLUSDT,ask,136,9224.0
2024-09-13 10:13:43,SOLUSDT,bid,120,12501.0
2024-09-13 10:13:58,SOLUSDT,bid,125,14859.0
2024-09-13 10:14:15,SOLUSDT,bid,130,26082.0
2024-09-13 10:14:35,SOLUSDT,ask,145,20613.0
2024-09-13 10:15:09,SOLUSDT,ask,145,20612.0
2024-09-13 10:15:15,SOLUSDT,bid,130,26085.0
2024-09-13 10:15:21,SOLUSDT,bid,125,14863.0
2024-09-13 10:15:27,SOLUSDT,bid,120,12505.0
2024-09-13 10:15:38,SOLUSDT,bid,128,7831.0
2024-09-13 10:15:40,SOLUSDT,ask,138,10264.0
2024-09-13 10:17:51,SOLUSDT,bid,125,14843.0
2024-09-13 10:17:57,SOLUSDT,ask,145,20435.0
2024-09-13 10:18:27,SOLUSDT,ask,136,9226.0
2024-09-13 10:20:16,SOLUSDT,ask,145,20613.0
2024-09-13 10:21:03,SOLUSDT,bid,132,12001.0
2024-09-13 10:21:28,SOLUSDT,ask,136,9224.0
2024-09-13 10:21:44,SOLUSDT,bid,125,14849.0
2024-09-13 10:22:00,SOLUSDT,bid,130,26090.0
2024-09-13 10:22:42,SOLUSDT,bid,130,10264.0
2024-09-13 10:22:43,SOLUSDT,ask,138,10265.0
2024-09-13 10:22:43,SOLUSDT,ask,136,8222.0
2024-09-13 10:24:17,SOLUSDT,ask,136,8211.0
2024-09-13 10:25:09,SOLUSDT,bid,128,7830.0
2024-09-13 10:25:09,SOLUSDT,bid,130,26089.0
2024-09-13 10:28:29,SOLUSDT,ask,151,14863.0
2024-09-13 10:29:23,SOLUSDT,ask,138,10737.0
2024-09-13 10:29:43,SOLUSDT,bid,131,7776.0
2024-09-13 10:30:26,SOLUSDT,bid,130,26078.0
2024-09-13 10:30:44,SOLUSDT,bid,131,7765.0
2024-09-13 10:30:45,SOLUSDT,bid,128,7831.0
2024-09-13 10:30:52,SOLUSDT,bid,128,7830.0
2024-09-13 10:30:54,SOLUSDT,ask,145,20614.0
2024-09-13 10:31:04,SOLUSDT,ask,145,20613.0
2024-09-13 10:31:31,SOLUSDT,bid,130,26077.0
2024-09-13 10:32:07,SOLUSDT,bid,130,26075.0
2024-09-13 10:33:31,SOLUSDT,bid,132,19090.0
2024-09-13 10:34:03,SOLUSDT,ask,147,8448.0
2024-09-13 10:34:11,SOLUSDT,bid,132,19083.0
2024-09-13 10:35:04,SOLUSDT,bid,130,26076.0
2024-09-13 10:35:10,SOLUSDT,bid,128,7829.0
2024-09-13 10:35:28,SOLUSDT,bid,128,7828.0
2024-09-13 10:35:28,SOLUSDT,bid,130,26075.0
2024-09-13 10:35:37,SOLUSDT,bid,125,14850.0
2024-09-13 10:35:43,SOLUSDT,bid,130,26076.0
2024-09-13 10:36:07,SOLUSDT,bid,128,7835.0
2024-09-13 10:38:18,SOLUSDT,bid,120,12506.0
2024-09-13 10:38:26,SOLUSDT,bid,110,26565.0
2024-09-13 10:38:41,SOLUSDT,bid,130,26075.0
2024-09-13 10:38:44,SOLUSDT,ask,138,10745.0
2024-09-13 10:38:48,SOLUSDT,ask,138,10692.0
2024-09-13 10:39:04,SOLUSDT,bid,130,26074.0
2024-09-13 10:39:04,SOLUSDT,ask,151,14853.0
2024-09-13 10:39:05,SOLUSDT,bid,130,26073.0
2024-09-13 10:39:25,SOLUSDT,bid,130,26412.0
2024-09-13 10:39:44,SOLUSDT,bid,130,26397.0
2024-09-13 10:40:10,SOLUSDT,bid,132,12151.0
2024-09-13 10:41:36,SOLUSDT,bid,132,19093.0
2024-09-13 10:41:40,SOLUSDT,bid,130,26358.0
2024-09-13 10:41:48,SOLUSDT,bid,130,26359.0
2024-09-13 10:42:01,SOLUSDT,bid,130,26360.0
2024-09-13 10:42:04,SOLUSDT,bid,130,26359.0
2024-09-13 10:42:09,SOLUSDT,bid,128,7836.0
2024-09-13 10:42:26,SOLUSDT,bid,130,10274.0
2024-09-13 10:42:26,SOLUSDT,ask,138,10264.0
2024-09-13 10:42:26,SOLUSDT,ask,135,8229.0
2024-09-13 10:42:38,SOLUSDT,bid,128,7839.0
2024-09-13 10:42:47,SOLUSDT,ask,145,20433.0
2024-09-13 10:42:58,SOLUSDT,ask,151,14870.0
2024-09-13 10:44:05,SOLUSDT,bid,130,26358.0
2024-09-13 10:44:39,SOLUSDT,bid,132,19092.0
2024-09-13 10:46:01,SOLUSDT,bid,122,16068.0
2024-09-13 10:46:32,SOLUSDT,bid,112,14982.0
2024-09-13 10:46:58,SOLUSDT,bid,110,26538.0
2024-09-13 10:48:34,SOLUSDT,bid,125,14848.0
2024-09-13 10:49:50,SOLUSDT,ask,138,10698.0
2024-09-13 10:50:17,SOLUSDT,ask,151,14880.0
2024-09-13 10:50:49,SOLUSDT,ask,138,10699.0
2024-09-13 10:51:02,SOLUSDT,ask,138,10698.0
2024-09-13 10:51:08,SOLUSDT,bid,128,7832.0
2024-09-13 10:51:27,SOLUSDT,bid,130,26359.0
2024-09-13 10:52:25,SOLUSDT,bid,130,10264.0
2024-09-13 10:52:26,SOLUSDT,ask,138,10264.0
2024-09-13 10:52:26,SOLUSDT,ask,135,8211.0
2024-09-13 10:52:57,SOLUSDT,ask,138,10276.0
2024-09-13 10:54:12,SOLUSDT,bid,130,26360.0
2024-09-13 10:54:19,SOLUSDT,bid,128,7833.0
2024-09-13 10:54:35,SOLUSDT,bid,130,26359.0
2024-09-13 10:54:47,SOLUSDT,bid,130,26361.0
2024-09-13 10:54:59,SOLUSDT,ask,144,36367.0
2024-09-13 10:54:59,SOLUSDT,ask,145,20233.0
2024-09-13 10:54:59,SOLUSDT,ask,146,16784.0
2024-09-13 10:54:59,SOLUSDT,ask,147,8248.0
2024-09-13 10:55:25,SOLUSDT,ask,145,20243.0
2024-09-13 10:55:25,SOLUSDT,ask,151,14867.0
2024-09-13 10:55:39,SOLUSDT,bid,128,7827.0
2024-09-13 10:56:42,SOLUSDT,ask,138,10691.0
2024-09-13 10:57:10,SOLUSDT,bid,130,26279.0
2024-09-13 10:57:21,SOLUSDT,ask,147,8249.0
2024-09-13 10:57:48,SOLUSDT,bid,130,26260.0
2024-09-13 10:58:02,SOLUSDT,bid,130,26261.0
2024-09-13 10:58:20,SOLUSDT,ask,138,10692.0
2024-09-13 10:58:31,SOLUSDT,bid,132,12159.0
2024-09-13 10:59:06,SOLUSDT,bid,130,26299.0
2024-09-13 11:00:04,SOLUSDT,bid,132,12168.0
2024-09-13 11:00:14,SOLUSDT,bid,132,12160.0
2024-09-13 11:01:12,SOLUSDT,ask,138,10264.0
2024-09-13 11:01:31,SOLUSDT,bid,120,12541.0
2024-09-13 11:02:10,SOLUSDT,bid,130,26353.0
2024-09-13 11:02:22,SOLUSDT,bid,130,26345.0
2024-09-13 11:05:08,SOLUSDT,bid,130,26346.0
2024-09-13 11:06:34,SOLUSDT,bid,130,26350.0
2024-09-13 11:07:25,SOLUSDT,bid,131,7797.0
2024-09-13 11:07:35,SOLUSDT,bid,125,14828.0
2024-09-13 11:07:37,SOLUSDT,bid,130,26345.0
2024-09-13 11:08:08,SOLUSDT,bid,130,26385.0
2024-09-13 11:08:14,SOLUSDT,bid,132,12167.0
2024-09-13 11:08:30,SOLUSDT,bid,132,12160.0
2024-09-13 11:08:39,SOLUSDT,bid,130,26384.0
2024-09-13 11:09:41,SOLUSDT,bid,132,19113.0
2024-09-13 11:10:49,SOLUSDT,bid,130,26394.0
2024-09-13 11:12:26,SOLUSDT,bid,131,7792.0
2024-09-13 11:12:27,SOLUSDT,bid,130,10269.0
2024-09-13 11:12:28,SOLUSDT,ask,138,10264.0
2024-09-13 11:12:28,SOLUSDT,ask,135,8213.0
2024-09-13 11:12:35,SOLUSDT,bid,130,26400.0
2024-09-13 11:12:45,SOLUSDT,bid,125,14829.0
2024-09-13 11:13:21,SOLUSDT,bid,130,26402.0
2024-09-13 11:14:33,SOLUSDT,bid,131,7793.0
2024-09-13 11:14:33,SOLUSDT,bid,130,26403.0
2024-09-13 11:15:03,SOLUSDT,bid,132,12151.0
2024-09-13 11:15:44,SOLUSDT,bid,132,12001.0
2024-09-13 11:15:44,SOLUSDT,bid,130,10340.0
2024-09-13 11:15:45,SOLUSDT,ask,138,10265.0
2024-09-13 11:15:56,SOLUSDT,bid,130,26394.0
2024-09-13 11:18:03,SOLUSDT,bid,131,7773.0
2024-09-13 11:19:49,SOLUSDT,bid,130,26390.0
2024-09-13 11:20:35,SOLUSDT,bid,130,10297.0
2024-09-13 11:20:36,SOLUSDT,ask,138,10332.0
2024-09-13 11:20:36,SOLUSDT,ask,136,8227.0
2024-09-13 11:21:02,SOLUSDT,ask,138,10734.0
2024-09-13 11:21:08,SOLUSDT,ask,138,10264.0
2024-09-13 11:21:20,SOLUSDT,bid,120,12548.0
2024-09-13 11:21:20,SOLUSDT,bid,130,26383.0
2024-09-13 11:22:26,SOLUSDT,bid,125,14828.0
2024-09-13 11:22:40,SOLUSDT,bid,131,7795.0
2024-09-13 11:25:09,SOLUSDT,ask,145,20207.0
2024-09-13 11:25:24,SOLUSDT,ask,136,18302.0
2024-09-13 11:25:46,SOLUSDT,ask,138,10717.0
2024-09-13 11:25:55,SOLUSDT,ask,147,8261.0
2024-09-13 11:26:34,SOLUSDT,ask,138,10710.0
2024-09-13 11:26:58,SOLUSDT,ask,172,10801.0
2024-09-13 11:27:06,SOLUSDT,bid,130,26382.0
2024-09-13 11:27:54,SOLUSDT,bid,130,26388.0
2024-09-13 11:28:13,SOLUSDT,bid,130,26389.0
2024-09-13 11:28:16,SOLUSDT,bid,130,26385.0
2024-09-13 11:28:21,SOLUSDT,ask,138,10792.0
2024-09-13 11:28:31,SOLUSDT,ask,138,10789.0
2024-09-13 11:28:31,SOLUSDT,ask,144,36362.0
2024-09-13 11:28:31,SOLUSDT,ask,146,16776.0
2024-09-13 11:28:44,SOLUSDT,bid,131,7799.0
2024-09-13 11:29:03,SOLUSDT,bid,132,19114.0
2024-09-13 11:29:16,SOLUSDT,bid,128,8545.0
2024-09-13 11:30:01,SOLUSDT,bid,130,26405.0
2024-09-13 11:30:36,SOLUSDT,bid,120,12598.0
2024-09-13 11:30:36,SOLUSDT,bid,130,10264.0
2024-09-13 11:30:37,SOLUSDT,ask,138,10266.0
2024-09-13 11:30:37,SOLUSDT,ask,136,8218.0
2024-09-13 11:30:48,SOLUSDT,bid,110,26537.0
2024-09-13 11:30:48,SOLUSDT,bid,125,14827.0
2024-09-13 11:30:54,SOLUSDT,bid,130,26377.0
2024-09-13 11:30:57,SOLUSDT,bid,131,7800.0
2024-09-13 11:31:00,SOLUSDT,bid,130,26378.0
2024-09-13 11:31:28,SOLUSDT,bid,130,26380.0
2024-09-13 11:31:34,SOLUSDT,bid,115,12998.0
2024-09-13 11:31:54,SOLUSDT,bid,130,26372.0
2024-09-13 11:32:32,SOLUSDT,bid,130,26404.0
2024-09-13 11:33:05,SOLUSDT,bid,122,16028.0
2024-09-13 11:33:21,SOLUSDT,bid,130,10264.0
2024-09-13 11:33:22,SOLUSDT,ask,138,10274.0
2024-09-13 11:33:22,SOLUSDT,ask,135,8211.0
2024-09-13 11:34:05,SOLUSDT,ask,135,8211.0
2024-09-13 11:34:06,SOLUSDT,bid,130,26414.0
2024-09-13 11:34:23,SOLUSDT,bid,132,19014.0
2024-09-13 11:34:36,SOLUSDT,bid,131,7799.0
2024-09-13 11:34:38,SOLUSDT,bid,130,26413.0
2024-09-13 11:34:46,SOLUSDT,bid,120,12602.0
2024-09-13 11:35:48,SOLUSDT,ask,135,8307.0
2024-09-13 11:35:48,SOLUSDT,ask,135,8211.0
2024-09-13 11:36:05,SOLUSDT,bid,130,26415.0
2024-09-13 11:37:45,SOLUSDT,ask,145,19965.0
2024-09-13 11:39:50,SOLUSDT,bid,120,12600.0
2024-09-13 11:39:50,SOLUSDT,bid,122,16026.0
2024-09-13 11:39:50,SOLUSDT,bid,125,14825.0
2024-09-13 11:39:50,SOLUSDT,bid,130,26413.0
2024-09-13 11:39:50,SOLUSDT,bid,131,7797.0
2024-09-13 11:39:50,SOLUSDT,ask,138,10787.0
2024-09-13 11:39:50,SOLUSDT,ask,144,36360.0
2024-09-13 11:39:50,SOLUSDT,ask,145,19963.0
2024-09-13 11:40:35,SOLUSDT,bid,131,7829.0
2024-09-13 11:41:35,SOLUSDT,bid,130,10265.0
2024-09-13 11:41:36,SOLUSDT,ask,138,10264.0
2024-09-13 11:41:36,SOLUSDT,ask,135,8211.0
2024-09-13 11:41:36,SOLUSDT,bid,128,7827.0
2024-09-13 11:41:57,SOLUSDT,bid,132,19015.0
2024-09-13 11:41:58,SOLUSDT,bid,128,7828.0
2024-09-13 11:42:08,SOLUSDT,bid,130,10271.0
2024-09-13 11:42:08,SOLUSDT,bid,132,8211.0
2024-09-13 11:42:09,SOLUSDT,ask,138,10271.0
2024-09-13 11:42:09,SOLUSDT,ask,135,9543.0
2024-09-13 11:42:38,SOLUSDT,bid,128,7829.0
2024-09-13 11:42:42,SOLUSDT,bid,120,12728.0
2024-09-13 11:42:47,SOLUSDT,bid,125,14826.0
2024-09-13 11:43:06,SOLUSDT,bid,130,26418.0
2024-09-13 11:43:11,SOLUSDT,ask,135,9637.0
2024-09-13 11:43:11,SOLUSDT,ask,135,9541.0
2024-09-13 11:43:11,SOLUSDT,ask,135,9697.0
2024-09-13 11:43:11,SOLUSDT,ask,135,9793.0
2024-09-13 11:43:12,SOLUSDT,ask,135,9697.0
2024-09-13 11:43:12,SOLUSDT,ask,135,9541.0
2024-09-13 11:43:27,SOLUSDT,bid,122,16027.0
2024-09-13 11:43:43,SOLUSDT,ask,138,20787.0
2024-09-13 11:43:48,SOLUSDT,bid,130,26423.0
2024-09-13 11:43:48,SOLUSDT,bid,131,7834.0
2024-09-13 11:43:55,SOLUSDT,bid,120,12731.0
2024-09-13 11:44:02,SOLUSDT,bid,132,18954.0
2024-09-13 11:44:07,SOLUSDT,bid,128,7848.0
2024-09-13 11:44:14,SOLUSDT,ask,135,9531.0
2024-09-13 11:44:20,SOLUSDT,ask,138,20782.0
2024-09-13 11:44:30,SOLUSDT,bid,128,7844.0
2024-09-13 11:44:35,SOLUSDT,ask,138,20784.0
2024-09-13 11:44:38,SOLUSDT,ask,138,20782.0
2024-09-13 11:44:45,SOLUSDT,bid,130,26424.0
2024-09-13 11:45:23,SOLUSDT,bid,130,26439.0
2024-09-13 11:45:26,SOLUSDT,ask,138,20780.0
2024-09-13 11:45:33,SOLUSDT,bid,128,7874.0
2024-09-13 11:46:06,SOLUSDT,bid,120,12728.0
2024-09-13 11:46:43,SOLUSDT,bid,125,14818.0
2024-09-13 11:46:45,SOLUSDT,bid,130,26482.0
2024-09-13 11:47:48,SOLUSDT,bid,120,12730.0
2024-09-13 11:48:00,SOLUSDT,bid,131,7837.0
2024-09-13 11:49:17,SOLUSDT,bid,110,26539.0
2024-09-13 11:49:38,SOLUSDT,ask,135,9532.0
2024-09-13 11:49:45,SOLUSDT,ask,135,9732.0
2024-09-13 11:50:09,SOLUSDT,bid,130,26438.0
2024-09-13 11:50:09,SOLUSDT,bid,131,7793.0
2024-09-13 11:50:09,SOLUSDT,ask,138,20739.0
2024-09-13 11:52:30,SOLUSDT,bid,130,10268.0
2024-09-13 11:52:30,SOLUSDT,ask,138,10269.0
2024-09-13 11:52:31,SOLUSDT,ask,135,8255.0
2024-09-13 11:54:35,SOLUSDT,ask,138,20740.0
2024-09-13 11:54:43,SOLUSDT,bid,131,7787.0
2024-09-13 11:55:06,SOLUSDT,ask,138,20739.0
2024-09-13 11:55:11,SOLUSDT,bid,130,26433.0
2024-09-13 11:55:33,SOLUSDT,bid,130,26417.0
2024-09-13 11:55:34,SOLUSDT,ask,146,16734.0
2024-09-13 11:57:24,SOLUSDT,bid,131,7789.0
2024-09-13 11:58:25,SOLUSDT,bid,90,58995.0
2024-09-13 11:58:37,SOLUSDT,bid,125,14834.0
2024-09-13 11:58:45,SOLUSDT,bid,90,59019.0
2024-09-13 11:58:49,SOLUSDT,bid,131,7759.0
2024-09-13 11:58:56,SOLUSDT,bid,130,26441.0
2024-09-13 11:59:01,SOLUSDT,bid,120,12734.0
2024-09-13 11:59:01,SOLUSDT,bid,120,12738.0
2024-09-13 11:59:01,SOLUSDT,bid,120,12762.0
2024-09-13 11:59:01,SOLUSDT,bid,120,12810.0
2024-09-13 11:59:01,SOLUSDT,bid,120,12818.0
2024-09-13 11:59:02,SOLUSDT,bid,120,12820.0
2024-09-13 12:00:12,SOLUSDT,bid,132,18949.0
2024-09-13 12:00:28,SOLUSDT,bid,125,14833.0
2024-09-13 12:01:01,SOLUSDT,bid,132,18967.0
2024-09-13 12:01:01,SOLUSDT,bid,132,12019.0
2024-09-13 12:01:39,SOLUSDT,bid,132,12001.0
2024-09-13 12:01:51,SOLUSDT,bid,132,18949.0
2024-09-13 12:02:18,SOLUSDT,bid,130,10264.0
2024-09-13 12:02:19,SOLUSDT,ask,138,10264.0
2024-09-13 12:02:19,SOLUSDT,ask,135,8211.0
2024-09-13 12:02:22,SOLUSDT,bid,130,26457.0
2024-09-13 12:02:30,SOLUSDT,bid,132,18957.0
2024-09-13 12:02:57,SOLUSDT,bid,115,12997.0
2024-09-13 12:03:10,SOLUSDT,bid,130,26456.0
2024-09-13 12:03:11,SOLUSDT,bid,125,14834.0
2024-09-13 12:03:42,SOLUSDT,bid,130,26466.0
2024-09-13 12:03:57,SOLUSDT,bid,131,7758.0
2024-09-13 12:04:04,SOLUSDT,ask,138,10333.0
2024-09-13 12:04:07,SOLUSDT,ask,138,10402.0
2024-09-13 12:04:08,SOLUSDT,ask,138,10471.0
2024-09-13 12:04:09,SOLUSDT,ask,138,10609.0
2024-09-13 12:07:00,SOLUSDT,bid,120,12819.0
2024-09-13 12:07:00,SOLUSDT,bid,120,12763.0
2024-09-13 12:07:00,SOLUSDT,bid,120,12738.0
2024-09-13 12:07:00,SOLUSDT,bid,120,12730.0
2024-09-13 12:07:20,SOLUSDT,bid,120,12722.0
2024-09-13 12:07:21,SOLUSDT,ask,145,19914.0
2024-09-13 12:07:22,SOLUSDT,ask,172,10783.0
2024-09-13 12:07:27,SOLUSDT,bid,125,14835.0
2024-09-13 12:07:31,SOLUSDT,bid,132,18949.0
2024-09-13 12:07:38,SOLUSDT,ask,138,20730.0
2024-09-13 12:07:53,SOLUSDT,bid,130,26467.0
2024-09-13 12:07:53,SOLUSDT,ask,138,20731.0
2024-09-13 12:09:04,SOLUSDT,ask,138,10540.0
2024-09-13 12:09:07,SOLUSDT,ask,138,10471.0
2024-09-13 12:09:08,SOLUSDT,ask,138,10402.0
2024-09-13 12:09:10,SOLUSDT,ask,138,10333.0
2024-09-13 12:09:10,SOLUSDT,ask,138,10264.0
2024-09-13 12:10:19,SOLUSDT,bid,130,26472.0
2024-09-13 12:10:29,SOLUSDT,bid,130,26484.0
2024-09-13 12:10:53,SOLUSDT,bid,131,7734.0
2024-09-13 12:11:14,SOLUSDT,ask,138,20697.0
2024-09-13 12:13:35,SOLUSDT,bid,125,14836.0
2024-09-13 12:14:07,SOLUSDT,bid,130,26486.0
2024-09-13 12:15:07,SOLUSDT,bid,130,26474.0
2024-09-13 12:15:32,SOLUSDT,bid,96,53006.0
2024-09-13 12:15:32,SOLUSDT,bid,110,26541.0
2024-09-13 12:17:11,SOLUSDT,ask,135,7938.0
2024-09-13 12:17:20,SOLUSDT,ask,144,36286.0
2024-09-13 12:17:34,SOLUSDT,ask,135,7662.0
2024-09-13 12:17:34,SOLUSDT,ask,135,7938.0
2024-09-13 12:17:35,SOLUSDT,ask,135,7662.0
2024-09-13 12:17:38,SOLUSDT,ask,135,7655.0
2024-09-13 12:18:00,SOLUSDT,bid,130,26437.0
2024-09-13 12:18:20,SOLUSDT,bid,125,14837.0
2024-09-13 12:18:31,SOLUSDT,ask,135,8155.0
2024-09-13 12:18:35,SOLUSDT,ask,135,8187.0
2024-09-13 12:18:35,SOLUSDT,ask,135,8188.0
2024-09-13 12:18:58,SOLUSDT,bid,122,16033.0
2024-09-13 12:19:15,SOLUSDT,bid,130,26438.0
2024-09-13 12:19:35,SOLUSDT,ask,135,8155.0
2024-09-13 12:19:51,SOLUSDT,bid,112,14964.0
2024-09-13 12:19:59,SOLUSDT,ask,135,8145.0
2024-09-13 12:20:07,SOLUSDT,ask,138,20702.0
2024-09-13 12:20:24,SOLUSDT,ask,144,36291.0
2024-09-13 12:20:51,SOLUSDT,bid,125,14842.0
2024-09-13 12:21:59,SOLUSDT,ask,135,8145.0
2024-09-13 12:22:03,SOLUSDT,bid,115,13010.0
2024-09-13 12:22:08,SOLUSDT,bid,130,26445.0
2024-09-13 12:22:30,SOLUSDT,ask,135,8147.0
2024-09-13 12:22:52,SOLUSDT,bid,130,10265.0
2024-09-13 12:22:53,SOLUSDT,ask,138,10266.0
2024-09-13 12:22:53,SOLUSDT,ask,135,8219.0
2024-09-13 12:23:44,SOLUSDT,ask,135,8170.0
2024-09-13 12:24:44,SOLUSDT,ask,135,8203.0
2024-09-13 12:26:41,SOLUSDT,bid,130,26448.0
2024-09-13 12:26:52,SOLUSDT,ask,135,8403.0
2024-09-13 12:27:35,SOLUSDT,ask,135,8404.0
2024-09-13 12:28:38,SOLUSDT,ask,135,8403.0
2024-09-13 12:28:53,SOLUSDT,ask,135,8404.0
2024-09-13 12:29:02,SOLUSDT,ask,138,10268.0
2024-09-13 12:29:04,SOLUSDT,ask,138,10278.0
2024-09-13 12:29:10,SOLUSDT,ask,138,10288.0
2024-09-13 12:29:13,SOLUSDT,ask,138,10286.0
2024-09-13 12:29:16,SOLUSDT,ask,138,10276.0
2024-09-13 12:29:22,SOLUSDT,ask,138,10266.0
2024-09-13 12:29:27,SOLUSDT,ask,135,8229.0
2024-09-13 12:29:29,SOLUSDT,bid,120,12715.0
2024-09-13 12:29:33,SOLUSDT,ask,135,9025.0
2024-09-13 12:30:02,SOLUSDT,ask,135,8219.0
2024-09-13 12:30:19,SOLUSDT,ask,135,9028.0
2024-09-13 12:30:39,SOLUSDT,bid,125,14845.0
2024-09-13 12:31:23,SOLUSDT,ask,135,9027.0
2024-09-13 12:31:27,SOLUSDT,ask,135,9028.0
2024-09-13 12:31:28,SOLUSDT,ask,135,9030.0
2024-09-13 12:31:30,SOLUSDT,ask,135,9029.0
2024-09-13 12:31:37,SOLUSDT,ask,135,9027.0
2024-09-13 12:31:50,SOLUSDT,ask,135,9028.0
2024-09-13 12:32:28,SOLUSDT,bid,130,10271.0
2024-09-13 12:32:28,SOLUSDT,ask,138,10273.0
2024-09-13 12:32:29,SOLUSDT,ask,135,8234.0
2024-09-13 12:32:42,SOLUSDT,ask,135,8224.0
2024-09-13 12:32:43,SOLUSDT,ask,135,8212.0
2024-09-13 12:32:51,SOLUSDT,ask,135,9025.0
2024-09-13 12:33:36,SOLUSDT,bid,130,26452.0
2024-09-13 12:33:50,SOLUSDT,ask,135,9025.0
2024-09-13 12:34:01,SOLUSDT,bid,130,26453.0
2024-09-13 12:35:52,SOLUSDT,ask,138,10283.0
2024-09-13 12:36:04,SOLUSDT,ask,138,10273.0
2024-09-13 12:36:06,SOLUSDT,bid,130,26438.0
2024-09-13 12:37:21,SOLUSDT,ask,135,9061.0
2024-09-13 12:38:56,SOLUSDT,ask,135,9026.0
2024-09-13 12:40:09,SOLUSDT,ask,135,9028.0
2024-09-13 12:40:49,SOLUSDT,bid,110,26441.0
2024-09-13 12:40:49,SOLUSDT,bid,120,12665.0
2024-09-13 12:41:06,SOLUSDT,bid,130,26437.0
2024-09-13 12:41:12,SOLUSDT,ask,145,19916.0
2024-09-13 12:41:22,SOLUSDT,bid,130,26440.0
2024-09-13 12:41:32,SOLUSDT,bid,91,56378.0
2024-09-13 12:41:33,SOLUSDT,ask,135,9029.0
2024-09-13 12:41:37,SOLUSDT,ask,136,18531.0
2024-09-13 12:42:25,SOLUSDT,bid,130,10265.0
2024-09-13 12:42:25,SOLUSDT,ask,138,10268.0
2024-09-13 12:42:26,SOLUSDT,ask,136,8211.0
2024-09-13 12:42:34,SOLUSDT,ask,135,9116.0
2024-09-13 12:42:48,SOLUSDT,ask,135,9091.0
2024-09-13 12:42:53,SOLUSDT,ask,135,9090.0
2024-09-13 12:42:55,SOLUSDT,ask,138,10264.0
2024-09-13 12:42:57,SOLUSDT,ask,135,9098.0
2024-09-13 12:43:16,SOLUSDT,ask,135,9090.0
2024-09-13 12:43:26,SOLUSDT,ask,135,9063.0
2024-09-13 12:43:27,SOLUSDT,ask,135,9037.0
2024-09-13 12:44:22,SOLUSDT,ask,135,9045.0
2024-09-13 12:44:22,SOLUSDT,bid,110,26445.0
2024-09-13 12:44:22,SOLUSDT,bid,115,13014.0
2024-09-13 12:44:22,SOLUSDT,bid,120,12669.0
2024-09-13 12:44:22,SOLUSDT,bid,125,14849.0
2024-09-13 12:44:22,SOLUSDT,ask,135,9049.0
2024-09-13 12:44:22,SOLUSDT,ask,145,19920.0
2024-09-13 12:44:39,SOLUSDT,bid,130,26438.0
2024-09-13 12:44:54,SOLUSDT,ask,138,20739.0
2024-09-13 12:44:56,SOLUSDT,ask,138,20478.0
2024-09-13 12:45:21,SOLUSDT,ask,136,18302.0
2024-09-13 12:45:22,SOLUSDT,ask,135,9538.0
2024-09-13 12:45:24,SOLUSDT,ask,135,9539.0
2024-09-13 12:45:59,SOLUSDT,bid,122,16037.0
2024-09-13 12:46:11,SOLUSDT,ask,135,9050.0
2024-09-13 12:47:13,SOLUSDT,ask,135,9050.0
2024-09-13 12:47:15,SOLUSDT,ask,135,9052.0
2024-09-13 12:47:47,SOLUSDT,ask,144,36292.0
2024-09-13 12:47:54,SOLUSDT,ask,135,8552.0
2024-09-13 12:47:55,SOLUSDT,ask,144,36291.0
2024-09-13 12:48:13,SOLUSDT,ask,135,8555.0
2024-09-13 12:48:20,SOLUSDT,ask,144,36292.0
2024-09-13 12:48:26,SOLUSDT,ask,135,8666.0
2024-09-13 12:48:44,SOLUSDT,ask,135,8664.0
2024-09-13 12:48:58,SOLUSDT,ask,135,8554.0
2024-09-13 12:48:59,SOLUSDT,bid,130,26339.0
2024-09-13 12:49:08,SOLUSDT,ask,135,8553.0
2024-09-13 12:49:25,SOLUSDT,ask,135,8557.0
2024-09-13 12:50:15,SOLUSDT,ask,135,8668.0
2024-09-13 12:50:17,SOLUSDT,ask,135,8557.0
2024-09-13 12:50:48,SOLUSDT,ask,135,8556.0
2024-09-13 12:51:28,SOLUSDT,ask,135,8334.0
2024-09-13 12:51:33,SOLUSDT,bid,130,10264.0
2024-09-13 12:51:33,SOLUSDT,bid,132,8212.0
2024-09-13 12:51:34,SOLUSDT,ask,138,10264.0
2024-09-13 12:51:34,SOLUSDT,ask,136,8216.0
2024-09-13 12:51:44,SOLUSDT,ask,138,20462.0
2024-09-13 12:51:54,SOLUSDT,bid,130,26337.0
2024-09-13 12:51:59,SOLUSDT,ask,135,8345.0
2024-09-13 12:52:13,SOLUSDT,bid,130,10280.0
2024-09-13 12:52:21,SOLUSDT,bid,130,26327.0
2024-09-13 12:52:40,SOLUSDT,ask,136,8220.0
2024-09-13 12:53:20,SOLUSDT,bid,122,15957.0
2024-09-13 12:54:08,SOLUSDT,bid,130,10264.0
2024-09-13 12:54:16,SOLUSDT,ask,145,19918.0
2024-09-13 12:54:25,SOLUSDT,ask,135,8355.0
2024-09-13 12:54:26,SOLUSDT,ask,135,8357.0
2024-09-13 12:54:40,SOLUSDT,ask,135,8347.0
2024-09-13 12:55:00,SOLUSDT,bid,132,13280.0
2024-09-13 12:55:21,SOLUSDT,ask,135,8247.0
2024-09-13 12:55:28,SOLUSDT,ask,135,8358.0
2024-09-13 12:55:40,SOLUSDT,ask,136,8216.0
2024-09-13 12:55:41,SOLUSDT,bid,132,12001.0
2024-09-13 12:55:45,SOLUSDT,bid,122,15953.0
2024-09-13 12:55:47,SOLUSDT,ask,135,8247.0
2024-09-13 12:56:08,SOLUSDT,ask,145,19921.0
2024-09-13 12:56:24,SOLUSDT,ask,138,10279.0
2024-09-13 12:56:29,SOLUSDT,bid,130,10267.0
2024-09-13 12:56:30,SOLUSDT,ask,138,10270.0
2024-09-13 12:56:31,SOLUSDT,ask,135,8211.0
2024-09-13 12:57:30,SOLUSDT,ask,135,8362.0
2024-09-13 12:58:11,SOLUSDT,ask,135,8247.0
2024-09-13 12:59:34,SOLUSDT,bid,115,13028.0
2024-09-13 12:59:35,SOLUSDT,ask,145,19918.0
2024-09-13 12:59:53,SOLUSDT,ask,135,8287.0
2024-09-13 13:00:00,SOLUSDT,ask,135,8277.0
2024-09-13 13:00:07,SOLUSDT,ask,138,20531.0
2024-09-13 13:00:49,SOLUSDT,ask,138,20517.0
2024-09-13 13:01:02,SOLUSDT,ask,135,8275.0
2024-09-13 13:01:13,SOLUSDT,bid,122,15954.0
2024-09-13 13:01:21,SOLUSDT,bid,122,16031.0
2024-09-13 13:01:22,SOLUSDT,ask,135,8274.0
2024-09-13 13:01:23,SOLUSDT,bid,115,13014.0
2024-09-13 13:02:26,SOLUSDT,ask,138,10517.0
2024-09-13 13:02:27,SOLUSDT,bid,130,10271.0
2024-09-13 13:02:28,SOLUSDT,ask,138,10302.0
2024-09-13 13:02:28,SOLUSDT,ask,135,8216.0
2024-09-13 13:02:42,SOLUSDT,ask,140,16830.0
2024-09-13 13:04:07,SOLUSDT,ask,135,8288.0
2024-09-13 13:04:28,SOLUSDT,ask,135,8211.0
2024-09-13 13:04:48,SOLUSDT,ask,135,8215.0
2024-09-13 13:04:52,SOLUSDT,ask,135,8233.0
2024-09-13 13:05:17,SOLUSDT,ask,138,10448.0
2024-09-13 13:05:21,SOLUSDT,ask,138,10314.0
2024-09-13 13:05:33,SOLUSDT,ask,145,19888.0
2024-09-13 13:05:47,SOLUSDT,bid,130,26367.0
2024-09-13 13:06:01,SOLUSDT,bid,130,26327.0
2024-09-13 13:06:13,SOLUSDT,bid,130,26367.0
2024-09-13 13:06:59,SOLUSDT,ask,138,10302.0
2024-09-13 13:07:07,SOLUSDT,ask,145,19884.0
2024-09-13 13:07:10,SOLUSDT,ask,135,8284.0
2024-09-13 13:07:12,SOLUSDT,ask,135,8285.0
2024-09-13 13:07:22,SOLUSDT,ask,135,8286.0
2024-09-13 13:07:27,SOLUSDT,ask,135,8285.0
2024-09-13 13:07:28,SOLUSDT,ask,135,8293.0
2024-09-13 13:07:48,SOLUSDT,ask,135,8229.0
2024-09-13 13:07:53,SOLUSDT,ask,135,8211.0
2024-09-13 13:07:58,SOLUSDT,ask,135,8294.0
2024-09-13 13:08:19,SOLUSDT,ask,135,8293.0
2024-09-13 13:08:31,SOLUSDT,ask,135,8253.0
2024-09-13 13:08:46,SOLUSDT,ask,145,19885.0
2024-09-13 13:09:08,SOLUSDT,ask,135,8534.0
2024-09-13 13:09:33,SOLUSDT,ask,140,16832.0
2024-09-13 13:09:36,SOLUSDT,bid,132,18964.0
2024-09-13 13:09:48,SOLUSDT,ask,138,10304.0
2024-09-13 13:09:58,SOLUSDT,ask,138,10303.0
2024-09-13 13:09:59,SOLUSDT,ask,138,10303.0
2024-09-13 13:10:09,SOLUSDT,ask,138,10302.0
2024-09-13 13:10:31,SOLUSDT,bid,130,26327.0
2024-09-13 13:11:01,SOLUSDT,bid,125,14889.0
2024-09-13 13:11:06,SOLUSDT,ask,135,8534.0
2024-09-13 13:11:12,SOLUSDT,ask,135,8252.0
2024-09-13 13:11:39,SOLUSDT,ask,135,8238.0
2024-09-13 13:11:44,SOLUSDT,bid,125,14891.0
2024-09-13 13:11:51,SOLUSDT,bid,130,26373.0
2024-09-13 13:12:07,SOLUSDT,ask,144,36293.0
2024-09-13 13:12:23,SOLUSDT,ask,144,36292.0
2024-09-13 13:12:26,SOLUSDT,bid,130,10265.0
2024-09-13 13:12:26,SOLUSDT,bid,132,8248.0
2024-09-13 13:12:26,SOLUSDT,ask,138,10264.0
2024-09-13 13:12:26,SOLUSDT,ask,135,8212.0
2024-09-13 13:12:42,SOLUSDT,bid,130,26369.0
2024-09-13 13:12:42,SOLUSDT,ask,135,8234.0
2024-09-13 13:12:49,SOLUSDT,bid,130,26392.0
2024-09-13 13:12:58,SOLUSDT,ask,138,10449.0
2024-09-13 13:13:08,SOLUSDT,ask,140,16830.0
2024-09-13 13:13:28,SOLUSDT,bid,130,26346.0
2024-09-13 13:13:38,SOLUSDT,bid,115,13114.0
2024-09-13 13:13:38,SOLUSDT,bid,125,14791.0
2024-09-13 13:13:52,SOLUSDT,bid,115,13014.0
2024-09-13 13:14:12,SOLUSDT,bid,120,12670.0
2024-09-13 13:14:28,SOLUSDT,bid,130,26422.0
2024-09-13 13:14:36,SOLUSDT,bid,132,18949.0
2024-09-13 13:15:12,SOLUSDT,bid,130,26421.0
2024-09-13 13:15:12,SOLUSDT,ask,151,14850.0
2024-09-13 13:15:20,SOLUSDT,ask,138,10450.0
2024-09-13 13:15:22,SOLUSDT,bid,125,14790.0
2024-09-13 13:15:32,SOLUSDT,ask,138,10689.0
2024-09-13 13:16:28,SOLUSDT,bid,130,26422.0
2024-09-13 13:16:34,SOLUSDT,ask,147,8173.0
2024-09-13 13:17:10,SOLUSDT,ask,135,8235.0
2024-09-13 13:17:19,SOLUSDT,bid,130,26437.0
2024-09-13 13:17:54,SOLUSDT,bid,125,14792.0
2024-09-13 13:18:15,SOLUSDT,ask,140,16829.0
2024-09-13 13:18:20,SOLUSDT,ask,135,8258.0
2024-09-13 13:18:28,SOLUSDT,ask,135,8260.0
2024-09-13 13:18:50,SOLUSDT,bid,130,26432.0
2024-09-13 13:18:58,SOLUSDT,bid,125,14594.0
2024-09-13 13:18:59,SOLUSDT,bid,130,26431.0
2024-09-13 13:19:07,SOLUSDT,bid,130,26401.0
2024-09-13 13:19:59,SOLUSDT,bid,130,26406.0
2024-09-13 13:20:03,SOLUSDT,ask,140,16827.0
2024-09-13 13:20:15,SOLUSDT,bid,120,12675.0
2024-09-13 13:20:25,SOLUSDT,ask,135,8704.0
2024-09-13 13:20:28,SOLUSDT,ask,135,8260.0
2024-09-13 13:20:28,SOLUSDT,bid,130,26401.0
2024-09-13 13:20:58,SOLUSDT,ask,135,9223.0
2024-09-13 13:21:15,SOLUSDT,ask,135,8260.0
2024-09-13 13:21:58,SOLUSDT,ask,135,8261.0
2024-09-13 13:22:05,SOLUSDT,ask,135,8260.0
2024-09-13 13:22:14,SOLUSDT,ask,140,16817.0
2024-09-13 13:22:27,SOLUSDT,bid,130,10264.0
2024-09-13 13:22:27,SOLUSDT,ask,147,8170.0
2024-09-13 13:22:27,SOLUSDT,ask,138,10264.0
2024-09-13 13:22:28,SOLUSDT,ask,135,8331.0
2024-09-13 13:22:35,SOLUSDT,ask,140,16816.0
2024-09-13 13:22:50,SOLUSDT,ask,138,10675.0
2024-09-13 13:23:01,SOLUSDT,ask,135,8246.0
2024-09-13 13:24:34,SOLUSDT,ask,140,16814.0
2024-09-13 13:25:24,SOLUSDT,ask,140,16813.0
2024-09-13 13:27:09,SOLUSDT,ask,135,8247.0
2024-09-13 13:27:11,SOLUSDT,ask,135,8246.0
2024-09-13 13:27:16,SOLUSDT,ask,138,10672.0
2024-09-13 13:27:38,SOLUSDT,ask,135,8249.0
2024-09-13 13:28:04,SOLUSDT,ask,135,8247.0
2024-09-13 13:28:04,SOLUSDT,ask,138,10670.0
2024-09-13 13:28:22,SOLUSDT,bid,125,14596.0
2024-09-13 13:28:22,SOLUSDT,ask,140,16815.0
2024-09-13 13:28:47,SOLUSDT,bid,130,26402.0
2024-09-13 13:28:55,SOLUSDT,bid,130,26392.0
2024-09-13 13:28:58,SOLUSDT,bid,75,93208.0
2024-09-13 13:28:58,SOLUSDT,bid,87,23451.0
2024-09-13 13:28:58,SOLUSDT,bid,92,21720.0
2024-09-13 13:28:58,SOLUSDT,ask,138,10669.0
2024-09-13 13:29:07,SOLUSDT,ask,135,8246.0
2024-09-13 13:29:23,SOLUSDT,ask,135,8247.0
2024-09-13 13:29:24,SOLUSDT,bid,132,18970.0
2024-09-13 13:29:24,SOLUSDT,ask,135,8246.0
2024-09-13 13:29:25,SOLUSDT,ask,135,8244.0
2024-09-13 13:29:30,SOLUSDT,ask,135,8242.0
2024-09-13 13:29:51,SOLUSDT,ask,140,16818.0
2024-09-13 13:30:22,SOLUSDT,ask,135,8243.0
2024-09-13 13:30:24,SOLUSDT,ask,135,8242.0
2024-09-13 13:30:45,SOLUSDT,ask,135,8243.0
2024-09-13 13:30:46,SOLUSDT,ask,135,8242.0
2024-09-13 13:30:57,SOLUSDT,ask,140,16817.0
2024-09-13 13:31:23,SOLUSDT,bid,120,12674.0
2024-09-13 13:31:23,SOLUSDT,bid,125,14595.0
2024-09-13 13:31:23,SOLUSDT,bid,130,26391.0
2024-09-13 13:31:23,SOLUSDT,ask,140,16816.0
2024-09-13 13:31:23,SOLUSDT,ask,145,19884.0
2024-09-13 13:32:23,SOLUSDT,bid,130,10661.0
2024-09-13 13:32:23,SOLUSDT,bid,132,8255.0
2024-09-13 13:32:23,SOLUSDT,ask,138,10264.0
2024-09-13 13:32:24,SOLUSDT,ask,135,8221.0
2024-09-13 13:33:26,SOLUSDT,bid,125,14594.0
2024-09-13 13:33:30,SOLUSDT,bid,120,12675.0
2024-09-13 13:33:30,SOLUSDT,ask,138,10670.0
2024-09-13 13:33:32,SOLUSDT,ask,138,10669.0
2024-09-13 13:33:36,SOLUSDT,ask,135,8243.0
2024-09-13 13:33:51,SOLUSDT,ask,135,8317.0
2024-09-13 13:33:51,SOLUSDT,ask,135,8221.0
2024-09-13 13:34:06,SOLUSDT,bid,130,26392.0
2024-09-13 13:34:20,SOLUSDT,ask,135,8317.0
2024-09-13 13:34:22,SOLUSDT,ask,135,8221.0
2024-09-13 13:34:28,SOLUSDT,ask,135,8413.0
2024-09-13 13:34:29,SOLUSDT,ask,135,8221.0
2024-09-13 13:34:29,SOLUSDT,ask,135,8317.0
2024-09-13 13:34:29,SOLUSDT,ask,135,8413.0
2024-09-13 13:34:29,SOLUSDT,ask,135,8605.0
2024-09-13 13:34:30,SOLUSDT,ask,135,8509.0
2024-09-13 13:34:30,SOLUSDT,ask,135,8221.0
2024-09-13 13:34:30,SOLUSDT,ask,135,8509.0
2024-09-13 13:34:30,SOLUSDT,ask,135,8221.0
2024-09-13 13:34:32,SOLUSDT,ask,145,19881.0
2024-09-13 13:34:42,SOLUSDT,bid,132,8257.0
2024-09-13 13:35:03,SOLUSDT,ask,144,36279.0
2024-09-13 13:35:07,SOLUSDT,bid,120,12650.0
2024-09-13 13:35:51,SOLUSDT,ask,135,8249.0
2024-09-13 13:35:57,SOLUSDT,ask,138,10266.0
2024-09-13 13:36:02,SOLUSDT,bid,125,14595.0
2024-09-13 13:36:02,SOLUSDT,ask,138,10670.0
2024-09-13 13:36:08,SOLUSDT,ask,138,10264.0
2024-09-13 13:36:10,SOLUSDT,ask,135,8225.0
2024-09-13 13:36:16,SOLUSDT,bid,130,26388.0
2024-09-13 13:36:31,SOLUSDT,ask,135,8258.0
2024-09-13 13:36:31,SOLUSDT,ask,140,16815.0
2024-09-13 13:36:45,SOLUSDT,ask,145,19874.0
2024-09-13 13:36:47,SOLUSDT,ask,145,19882.0
2024-09-13 13:36:47,SOLUSDT,ask,138,10668.0
2024-09-13 13:37:10,SOLUSDT,ask,135,8263.0
2024-09-13 13:37:18,SOLUSDT,bid,132,18949.0
2024-09-13 13:37:23,SOLUSDT,bid,130,26381.0
2024-09-13 13:37:33,SOLUSDT,ask,135,8221.0
2024-09-13 13:37:41,SOLUSDT,bid,132,18952.0
2024-09-13 13:37:59,SOLUSDT,bid,130,26382.0
2024-09-13 13:37:59,SOLUSDT,bid,132,18953.0
2024-09-13 13:37:59,SOLUSDT,ask,135,8259.0
2024-09-13 13:39:05,SOLUSDT,bid,120,12642.0
2024-09-13 13:39:08,SOLUSDT,ask,138,10660.0
2024-09-13 13:39:28,SOLUSDT,bid,120,12646.0
2024-09-13 13:39:45,SOLUSDT,bid,130,26386.0
2024-09-13 13:40:48,SOLUSDT,bid,132,19049.0
2024-09-13 13:40:48,SOLUSDT,bid,132,18953.0
2024-09-13 13:41:09,SOLUSDT,ask,140,16806.0
2024-09-13 13:41:19,SOLUSDT,bid,120,12647.0
2024-09-13 13:41:28,SOLUSDT,bid,110,26446.0
2024-09-13 13:41:31,SOLUSDT,ask,140,16805.0
2024-09-13 13:41:34,SOLUSDT,bid,130,10291.0
2024-09-13 13:41:34,SOLUSDT,bid,132,8211.0
2024-09-13 13:41:34,SOLUSDT,ask,137,10331.0
2024-09-13 13:41:34,SOLUSDT,ask,135,8212.0
2024-09-13 13:41:51,SOLUSDT,bid,132,8242.0
2024-09-13 13:42:01,SOLUSDT,bid,132,8211.0
2024-09-13 13:42:27,SOLUSDT,ask,135,8261.0
2024-09-13 13:42:30,SOLUSDT,bid,130,26416.0
2024-09-13 13:42:46,SOLUSDT,bid,120,12649.0
2024-09-13 13:43:17,SOLUSDT,ask,144,36277.0
2024-09-13 13:43:20,SOLUSDT,bid,115,13013.0
2024-09-13 13:43:32,SOLUSDT,ask,135,8308.0
2024-09-13 13:43:32,SOLUSDT,ask,135,8212.0
2024-09-13 13:43:35,SOLUSDT,ask,135,8308.0
2024-09-13 13:43:36,SOLUSDT,ask,135,8212.0
2024-09-13 13:44:10,SOLUSDT,ask,140,16803.0
2024-09-13 13:44:12,SOLUSDT,ask,138,10658.0
2024-09-13 13:44:13,SOLUSDT,ask,145,19877.0
2024-09-13 13:44:20,SOLUSDT,ask,135,8318.0
2024-09-13 13:44:26,SOLUSDT,bid,130,26417.0
2024-09-13 13:45:00,SOLUSDT,bid,110,26442.0
2024-09-13 13:45:00,SOLUSDT,bid,115,13009.0
2024-09-13 13:45:00,SOLUSDT,bid,120,12645.0
2024-09-13 13:45:00,SOLUSDT,bid,125,14591.0
2024-09-13 13:45:00,SOLUSDT,ask,135,8314.0
2024-09-13 13:45:00,SOLUSDT,ask,140,16799.0
2024-09-13 13:45:00,SOLUSDT,ask,145,19873.0
2024-09-13 13:46:02,SOLUSDT,ask,135,8308.0
2024-09-13 13:46:03,SOLUSDT,ask,135,8212.0
2024-09-13 13:46:16,SOLUSDT,bid,130,26424.0
2024-09-13 13:46:33,SOLUSDT,bid,130,26426.0
2024-09-13 13:46:43,SOLUSDT,bid,132,19241.0
2024-09-13 13:46:43,SOLUSDT,bid,132,19337.0
2024-09-13 13:46:43,SOLUSDT,bid,132,18953.0
2024-09-13 13:46:44,SOLUSDT,bid,132,19241.0
2024-09-13 13:46:44,SOLUSDT,bid,132,18953.0
2024-09-13 13:46:44,SOLUSDT,ask,135,8320.0
2024-09-13 13:46:44,SOLUSDT,bid,130,26424.0
2024-09-13 13:46:48,SOLUSDT,bid,132,19241.0
2024-09-13 13:46:49,SOLUSDT,bid,132,18953.0
2024-09-13 13:46:51,SOLUSDT,bid,132,19241.0
2024-09-13 13:46:51,SOLUSDT,bid,132,19049.0
2024-09-13 13:46:51,SOLUSDT,bid,132,18953.0
2024-09-13 13:46:56,SOLUSDT,bid,132,19049.0
2024-09-13 13:46:57,SOLUSDT,bid,132,18953.0
2024-09-13 13:48:06,SOLUSDT,bid,132,18961.0
2024-09-13 13:48:30,SOLUSDT,bid,130,26439.0
2024-09-13 13:49:00,SOLUSDT,ask,135,8238.0
2024-09-13 13:49:04,SOLUSDT,ask,138,10672.0
2024-09-13 13:49:14,SOLUSDT,bid,130,26441.0
2024-09-13 13:49:18,SOLUSDT,bid,120,12720.0
2024-09-13 13:49:19,SOLUSDT,bid,130,26445.0
2024-09-13 13:49:20,SOLUSDT,bid,130,26443.0
2024-09-13 13:49:29,SOLUSDT,bid,130,26444.0
2024-09-13 13:49:44,SOLUSDT,ask,135,8208.0
2024-09-13 13:49:47,SOLUSDT,ask,135,8200.0
2024-09-13 13:49:57,SOLUSDT,ask,135,8199.0
2024-09-13 13:50:29,SOLUSDT,bid,130,26446.0
2024-09-13 13:50:49,SOLUSDT,bid,125,14590.0
2024-09-13 13:50:49,SOLUSDT,ask,138,10671.0
2024-09-13 13:51:31,SOLUSDT,ask,140,16843.0
2024-09-13 13:51:45,SOLUSDT,bid,130,26107.0
2024-09-13 13:51:46,SOLUSDT,bid,122,16030.0
2024-09-13 13:51:53,SOLUSDT,bid,130,26109.0
2024-09-13 13:52:09,SOLUSDT,bid,125,14591.0
2024-09-13 13:52:12,SOLUSDT,bid,132,18985.0
2024-09-13 13:52:15,SOLUSDT,bid,132,18961.0
2024-09-13 13:52:19,SOLUSDT,ask,140,16837.0
2024-09-13 13:52:24,SOLUSDT,bid,130,26108.0
2024-09-13 13:52:24,SOLUSDT,bid,130,10279.0
2024-09-13 13:52:24,SOLUSDT,bid,132,8212.0
2024-09-13 13:52:24,SOLUSDT,ask,137,10264.0
2024-09-13 13:52:24,SOLUSDT,ask,135,8224.0
2024-09-13 13:52:34,SOLUSDT,bid,130,26086.0
2024-09-13 13:53:06,SOLUSDT,bid,130,26088.0
2024-09-13 13:53:06,SOLUSDT,bid,132,18953.0
2024-09-13 13:54:02,SOLUSDT,bid,125,14590.0
2024-09-13 13:54:06,SOLUSDT,bid,130,26087.0
2024-09-13 13:54:22,SOLUSDT,ask,190,42412.0
2024-09-13 13:54:38,SOLUSDT,bid,130,26112.0
2024-09-13 13:54:55,SOLUSDT,bid,110,26425.0
2024-09-13 13:55:16,SOLUSDT,bid,130,26132.0
2024-09-13 13:55:21,SOLUSDT,bid,132,8233.0
2024-09-13 13:55:23,SOLUSDT,bid,125,14591.0
2024-09-13 13:55:43,SOLUSDT,bid,132,8212.0
2024-09-13 13:55:52,SOLUSDT,bid,130,26112.0
2024-09-13 13:56:30,SOLUSDT,bid,125,14588.0
2024-09-13 13:56:35,SOLUSDT,bid,130,26233.0
2024-09-13 13:56:43,SOLUSDT,bid,130,26258.0
2024-09-13 13:56:59,SOLUSDT,bid,132,8233.0
2024-09-13 13:57:02,SOLUSDT,ask,144,36273.0
2024-09-13 13:57:15,SOLUSDT,ask,135,8214.0
2024-09-13 13:57:16,SOLUSDT,bid,132,18932.0
2024-09-13 13:57:43,SOLUSDT,bid,125,14587.0
2024-09-13 13:58:04,SOLUSDT,bid,125,14623.0
2024-09-13 13:58:16,SOLUSDT,bid,130,26266.0
2024-09-13 13:58:21,SOLUSDT,bid,130,26305.0
2024-09-13 13:59:00,SOLUSDT,bid,122,16026.0
2024-09-13 13:59:10,SOLUSDT,bid,132,18934.0
2024-09-13 13:59:44,SOLUSDT,bid,125,14624.0
2024-09-13 13:59:44,SOLUSDT,ask,140,16838.0
2024-09-13 13:59:59,SOLUSDT,bid,130,26324.0
2024-09-13 14:00:03,SOLUSDT,bid,130,26315.0
2024-09-13 14:00:27,SOLUSDT,bid,132,18940.0
2024-09-13 14:00:54,SOLUSDT,bid,130,26365.0
2024-09-13 14:01:04,SOLUSDT,bid,130,26345.0
2024-09-13 14:01:26,SOLUSDT,bid,132,18934.0
2024-09-13 14:01:43,SOLUSDT,bid,125,14634.0
2024-09-13 14:01:43,SOLUSDT,bid,132,8212.0
2024-09-13 14:01:52,SOLUSDT,bid,130,26352.0
2024-09-13 14:02:24,SOLUSDT,bid,122,16037.0
2024-09-13 14:02:27,SOLUSDT,bid,130,10264.0
2024-09-13 14:02:27,SOLUSDT,bid,132,8211.0
2024-09-13 14:02:28,SOLUSDT,ask,137,10265.0
2024-09-13 14:02:28,SOLUSDT,ask,135,8223.0
2024-09-13 14:02:28,SOLUSDT,ask,137,10306.0
2024-09-13 14:02:30,SOLUSDT,ask,135,8241.0
2024-09-13 14:02:41,SOLUSDT,bid,122,16057.0
2024-09-13 14:02:53,SOLUSDT,bid,120,12740.0
2024-09-13 14:03:20,SOLUSDT,bid,130,26350.0
2024-09-13 14:03:32,SOLUSDT,ask,137,10265.0
2024-09-13 14:03:56,SOLUSDT,bid,132,19018.0
2024-09-13 14:04:00,SOLUSDT,bid,130,27350.0
2024-09-13 14:04:06,SOLUSDT,bid,130,27850.0
2024-09-13 14:04:36,SOLUSDT,bid,132,8221.0
2024-09-13 14:05:08,SOLUSDT,bid,130,27843.0
2024-09-13 14:05:12,SOLUSDT,bid,132,8211.0
2024-09-13 14:05:30,SOLUSDT,ask,135,8223.0
2024-09-13 14:05:34,SOLUSDT,bid,130,27842.0
2024-09-13 14:05:37,SOLUSDT,bid,132,8236.0
2024-09-13 14:05:38,SOLUSDT,bid,132,8253.0
2024-09-13 14:05:44,SOLUSDT,ask,135,8211.0
2024-09-13 14:06:00,SOLUSDT,bid,130,27858.0
2024-09-13 14:06:16,SOLUSDT,bid,120,12730.0
2024-09-13 14:06:18,SOLUSDT,bid,125,14626.0
2024-09-13 14:06:18,SOLUSDT,bid,120,12712.0
2024-09-13 14:06:18,SOLUSDT,bid,125,14618.0
2024-09-13 14:06:51,SOLUSDT,bid,132,18943.0
2024-09-13 14:06:53,SOLUSDT,bid,120,12711.0
2024-09-13 14:06:53,SOLUSDT,bid,130,27828.0
2024-09-13 14:06:53,SOLUSDT,ask,138,10670.0
2024-09-13 14:07:03,SOLUSDT,bid,132,18950.0
2024-09-13 14:07:03,SOLUSDT,bid,132,18967.0
2024-09-13 14:07:04,SOLUSDT,bid,132,18978.0
2024-09-13 14:07:23,SOLUSDT,ask,138,10669.0
2024-09-13 14:07:48,SOLUSDT,bid,125,14619.0
2024-09-13 14:07:48,SOLUSDT,bid,130,27843.0
2024-09-13 14:08:01,SOLUSDT,bid,132,18971.0
2024-09-13 14:08:16,SOLUSDT,bid,130,27828.0
2024-09-13 14:08:27,SOLUSDT,bid,132,18954.0
2024-09-13 14:08:28,SOLUSDT,bid,130,27835.0
2024-09-13 14:08:30,SOLUSDT,bid,132,18943.0
2024-09-13 14:08:35,SOLUSDT,bid,130,27838.0
2024-09-13 14:08:37,SOLUSDT,bid,132,8228.0
2024-09-13 14:08:38,SOLUSDT,bid,132,8211.0
2024-09-13 14:08:44,SOLUSDT,ask,135,8249.0
2024-09-13 14:08:50,SOLUSDT,bid,125,14621.0
2024-09-13 14:09:08,SOLUSDT,bid,120,12710.0
2024-09-13 14:09:21,SOLUSDT,ask,140,16889.0
2024-09-13 14:09:33,SOLUSDT,bid,130,27888.0
2024-09-13 14:09:34,SOLUSDT,bid,130,27883.0
2024-09-13 14:09:46,SOLUSDT,bid,120,12709.0
2024-09-13 14:09:47,SOLUSDT,bid,122,16056.0
2024-09-13 14:09:48,SOLUSDT,bid,125,14620.0
2024-09-13 14:09:50,SOLUSDT,bid,130,27882.0
2024-09-13 14:09:51,SOLUSDT,bid,122,16064.0
2024-09-13 14:09:53,SOLUSDT,bid,132,18942.0
2024-09-13 14:10:04,SOLUSDT,bid,125,14621.0
2024-09-13 14:10:09,SOLUSDT,bid,130,10267.0
2024-09-13 14:10:10,SOLUSDT,bid,130,10264.0
2024-09-13 14:10:16,SOLUSDT,bid,132,19038.0
2024-09-13 14:10:17,SOLUSDT,bid,132,18942.0
2024-09-13 14:10:31,SOLUSDT,bid,132,19270.0
2024-09-13 14:10:31,SOLUSDT,bid,132,19354.0
2024-09-13 14:10:31,SOLUSDT,bid,132,19134.0
2024-09-13 14:10:32,SOLUSDT,bid,132,18942.0
2024-09-13 14:10:37,SOLUSDT,bid,130,27884.0
2024-09-13 14:10:38,SOLUSDT,ask,138,10640.0
2024-09-13 14:10:49,SOLUSDT,ask,138,10633.0
2024-09-13 14:10:50,SOLUSDT,bid,130,27889.0
2024-09-13 14:11:00,SOLUSDT,bid,132,19002.0
2024-09-13 14:11:00,SOLUSDT,bid,132,19134.0
2024-09-13 14:11:00,SOLUSDT,bid,132,18942.0
2024-09-13 14:11:35,SOLUSDT,bid,130,10264.0
2024-09-13 14:11:35,SOLUSDT,bid,132,8213.0
2024-09-13 14:11:36,SOLUSDT,ask,137,10274.0
2024-09-13 14:11:36,SOLUSDT,ask,135,8211.0
2024-09-13 14:11:54,SOLUSDT,ask,135,8432.0
2024-09-13 14:11:57,SOLUSDT,bid,132,18948.0
2024-09-13 14:12:09,SOLUSDT,ask,140,16831.0
2024-09-13 14:12:32,SOLUSDT,ask,135,8431.0
2024-09-13 14:12:46,SOLUSDT,ask,138,10631.0
2024-09-13 14:13:02,SOLUSDT,ask,135,8430.0
2024-09-13 14:13:43,SOLUSDT,bid,130,27890.0
2024-09-13 14:13:58,SOLUSDT,bid,130,27887.0
2024-09-13 14:14:08,SOLUSDT,bid,120,12710.0
2024-09-13 14:14:11,SOLUSDT,ask,135,8572.0
2024-09-13 14:14:42,SOLUSDT,bid,132,18973.0
2024-09-13 14:14:50,SOLUSDT,bid,132,19002.0
2024-09-13 14:14:57,SOLUSDT,bid,132,18996.0
2024-09-13 14:14:57,SOLUSDT,bid,132,18967.0
2024-09-13 14:15:13,SOLUSDT,bid,132,18984.0
2024-09-13 14:15:19,SOLUSDT,ask,135,8576.0
2024-09-13 14:15:35,SOLUSDT,bid,130,27891.0
2024-09-13 14:15:38,SOLUSDT,bid,130,27892.0
2024-09-13 14:16:34,SOLUSDT,ask,135,8579.0
2024-09-13 14:17:27,SOLUSDT,ask,135,8221.0
2024-09-13 14:17:29,SOLUSDT,ask,135,8679.0
2024-09-13 14:17:41,SOLUSDT,ask,137,10287.0
2024-09-13 14:17:43,SOLUSDT,bid,132,18959.0
2024-09-13 14:17:44,SOLUSDT,ask,137,10274.0
2024-09-13 14:17:50,SOLUSDT,ask,138,10633.0
2024-09-13 14:18:01,SOLUSDT,ask,138,10631.0
2024-09-13 14:18:14,SOLUSDT,bid,132,18942.0
2024-09-13 14:18:49,SOLUSDT,ask,138,10597.0
2024-09-13 14:19:01,SOLUSDT,ask,140,16835.0
2024-09-13 14:19:09,SOLUSDT,ask,135,8680.0
2024-09-13 14:19:11,SOLUSDT,ask,135,8679.0
2024-09-13 14:19:17,SOLUSDT,bid,115,13015.0
2024-09-13 14:19:32,SOLUSDT,bid,115,13022.0
2024-09-13 14:19:33,SOLUSDT,bid,132,18944.0
2024-09-13 14:19:40,SOLUSDT,bid,115,13016.0
2024-09-13 14:19:41,SOLUSDT,bid,132,18945.0
2024-09-13 14:19:51,SOLUSDT,ask,135,8680.0
2024-09-13 14:19:53,SOLUSDT,ask,135,8679.0
2024-09-13 14:20:15,SOLUSDT,bid,130,27907.0
2024-09-13 14:20:17,SOLUSDT,ask,138,9573.0
2024-09-13 14:20:20,SOLUSDT,bid,130,27927.0
2024-09-13 14:20:45,SOLUSDT,bid,132,8405.0
2024-09-13 14:20:45,SOLUSDT,bid,132,8213.0
2024-09-13 14:21:22,SOLUSDT,bid,125,14620.0
2024-09-13 14:21:22,SOLUSDT,ask,140,16834.0
2024-09-13 14:21:36,SOLUSDT,bid,130,27930.0
2024-09-13 14:21:37,SOLUSDT,ask,140,16790.0
2024-09-13 14:22:17,SOLUSDT,ask,144,36274.0
2024-09-13 14:22:28,SOLUSDT,bid,130,10266.0
2024-09-13 14:22:28,SOLUSDT,bid,132,8245.0
2024-09-13 14:22:29,SOLUSDT,ask,137,10264.0
2024-09-13 14:22:29,SOLUSDT,ask,135,8212.0
2024-09-13 14:22:33,SOLUSDT,ask,144,36273.0
2024-09-13 14:22:35,SOLUSDT,bid,132,8211.0
2024-09-13 14:22:54,SOLUSDT,bid,130,27931.0
2024-09-13 14:23:49,SOLUSDT,bid,132,8236.0
2024-09-13 14:23:50,SOLUSDT,bid,132,8253.0
2024-09-13 14:24:16,SOLUSDT,bid,130,27932.0
2024-09-13 14:24:23,SOLUSDT,bid,130,27432.0
2024-09-13 14:25:27,SOLUSDT,bid,130,27443.0
2024-09-13 14:25:27,SOLUSDT,bid,132,18955.0
2024-09-13 14:25:53,SOLUSDT,bid,132,18945.0
2024-09-13 14:26:22,SOLUSDT,bid,122,16075.0
2024-09-13 14:26:42,SOLUSDT,bid,130,27473.0
2024-09-13 14:26:49,SOLUSDT,bid,132,8228.0
2024-09-13 14:26:51,SOLUSDT,bid,132,8211.0
2024-09-13 14:27:16,SOLUSDT,bid,130,27457.0
2024-09-13 14:28:14,SOLUSDT,bid,132,8403.0
2024-09-13 14:28:14,SOLUSDT,bid,132,8499.0
2024-09-13 14:28:15,SOLUSDT,bid,132,8583.0
2024-09-13 14:28:15,SOLUSDT,bid,132,8667.0
2024-09-13 14:28:15,SOLUSDT,bid,132,8211.0
2024-09-13 14:28:54,SOLUSDT,bid,132,8307.0
2024-09-13 14:28:55,SOLUSDT,bid,132,8211.0
2024-09-13 14:28:57,SOLUSDT,bid,132,8499.0
2024-09-13 14:28:57,SOLUSDT,bid,132,8595.0
2024-09-13 14:28:57,SOLUSDT,bid,132,8307.0
2024-09-13 14:28:57,SOLUSDT,bid,132,8211.0
2024-09-13 14:29:09,SOLUSDT,ask,145,20067.0
2024-09-13 14:29:12,SOLUSDT,ask,145,19859.0
2024-09-13 14:30:01,SOLUSDT,bid,132,18936.0
2024-09-13 14:31:45,SOLUSDT,bid,130,27467.0
2024-09-13 14:32:06,SOLUSDT,bid,120,12711.0
2024-09-13 14:32:27,SOLUSDT,bid,130,10264.0
2024-09-13 14:32:27,SOLUSDT,bid,132,8212.0
2024-09-13 14:32:27,SOLUSDT,ask,137,10265.0
2024-09-13 14:32:28,SOLUSDT,ask,135,8211.0
2024-09-13 14:32:56,SOLUSDT,bid,110,26426.0
2024-09-13 14:33:02,SOLUSDT,bid,130,27457.0
2024-09-13 14:33:40,SOLUSDT,bid,125,14621.0
2024-09-13 14:33:40,SOLUSDT,ask,138,9574.0
2024-09-13 14:33:41,SOLUSDT,bid,110,26450.0
2024-09-13 14:34:03,SOLUSDT,bid,130,27486.0
2024-09-13 14:34:23,SOLUSDT,bid,132,18935.0
2024-09-13 14:34:45,SOLUSDT,bid,132,18945.0
2024-09-13 14:35:29,SOLUSDT,ask,145,19859.0
2024-09-13 14:35:40,SOLUSDT,bid,132,8246.0
2024-09-13 14:35:41,SOLUSDT,bid,132,18963.0
2024-09-13 14:35:44,SOLUSDT,bid,125,14622.0
2024-09-13 14:35:51,SOLUSDT,bid,132,8212.0
2024-09-13 14:36:03,SOLUSDT,bid,122,16076.0
2024-09-13 14:37:01,SOLUSDT,bid,132,18945.0
2024-09-13 14:37:17,SOLUSDT,bid,120,12714.0
2024-09-13 14:37:24,SOLUSDT,bid,110,26453.0
2024-09-13 14:37:45,SOLUSDT,bid,90,59029.0
2024-09-13 14:38:09,SOLUSDT,bid,130,27492.0
2024-09-13 14:38:47,SOLUSDT,bid,132,18935.0
2024-09-13 14:39:10,SOLUSDT,bid,130,27490.0
2024-09-13 14:39:19,SOLUSDT,ask,138,9576.0
2024-09-13 14:39:21,SOLUSDT,bid,130,27495.0
2024-09-13 14:39:54,SOLUSDT,ask,145,19860.0
2024-09-13 14:40:14,SOLUSDT,ask,140,16792.0
2024-09-13 14:40:17,SOLUSDT,bid,110,26703.0
2024-09-13 14:40:33,SOLUSDT,ask,145,19862.0
2024-09-13 14:41:35,SOLUSDT,bid,130,10277.0
2024-09-13 14:41:36,SOLUSDT,bid,132,8244.0
2024-09-13 14:41:36,SOLUSDT,ask,137,10287.0
2024-09-13 14:41:36,SOLUSDT,ask,135,8298.0
2024-09-13 14:41:39,SOLUSDT,bid,132,19935.0
2024-09-13 14:42:27,SOLUSDT,bid,130,27497.0
2024-09-13 14:42:36,SOLUSDT,ask,140,16795.0
2024-09-13 14:42:37,SOLUSDT,bid,132,8340.0
2024-09-13 14:42:38,SOLUSDT,bid,132,8244.0
2024-09-13 14:42:39,SOLUSDT,ask,140,16836.0
2024-09-13 14:42:40,SOLUSDT,ask,140,16834.0
2024-09-13 14:42:41,SOLUSDT,ask,145,19860.0
2024-09-13 14:42:42,SOLUSDT,ask,140,16874.0
2024-09-13 14:42:53,SOLUSDT,ask,145,19866.0
2024-09-13 14:42:58,SOLUSDT,bid,130,27501.0
2024-09-13 14:43:28,SOLUSDT,bid,130,27499.0
2024-09-13 14:44:02,SOLUSDT,ask,140,16833.0
2024-09-13 14:44:02,SOLUSDT,ask,140,16793.0
2024-09-13 14:44:40,SOLUSDT,bid,110,22158.0
2024-09-13 14:44:44,SOLUSDT,bid,122,16081.0
2024-09-13 14:44:47,SOLUSDT,ask,145,19899.0
2024-09-13 14:44:48,SOLUSDT,bid,130,27503.0
2024-09-13 14:45:00,SOLUSDT,bid,132,8245.0
2024-09-13 14:45:01,SOLUSDT,bid,132,8247.0
2024-09-13 14:45:09,SOLUSDT,bid,122,16084.0
2024-09-13 14:45:22,SOLUSDT,bid,122,16079.0
2024-09-13 14:45:51,SOLUSDT,ask,138,9611.0
2024-09-13 14:45:55,SOLUSDT,bid,130,27549.0
2024-09-13 14:46:02,SOLUSDT,bid,132,8246.0
2024-09-13 14:46:02,SOLUSDT,bid,132,8244.0
2024-09-13 14:46:47,SOLUSDT,bid,130,27573.0
2024-09-13 14:48:30,SOLUSDT,bid,130,27558.0
2024-09-13 14:48:52,SOLUSDT,bid,132,19965.0
2024-09-13 14:48:52,SOLUSDT,bid,132,19983.0
2024-09-13 14:48:57,SOLUSDT,ask,135,8224.0
2024-09-13 14:48:58,SOLUSDT,ask,135,8225.0
2024-09-13 14:49:12,SOLUSDT,bid,130,27534.0
2024-09-13 14:50:19,SOLUSDT,bid,125,14606.0
2024-09-13 14:51:42,SOLUSDT,bid,130,27518.0
2024-09-13 14:51:44,SOLUSDT,bid,130,27519.0
2024-09-13 14:52:27,SOLUSDT,bid,130,10265.0
2024-09-13 14:52:27,SOLUSDT,bid,132,8225.0
2024-09-13 14:52:27,SOLUSDT,ask,138,10264.0
2024-09-13 14:52:27,SOLUSDT,ask,135,8213.0
2024-09-13 14:52:46,SOLUSDT,ask,138,9612.0
2024-09-13 14:53:02,SOLUSDT,bid,130,27517.0
2024-09-13 14:53:21,SOLUSDT,bid,112,14980.0
2024-09-13 14:54:04,SOLUSDT,ask,140,16794.0
2024-09-13 14:54:20,SOLUSDT,bid,130,27518.0
2024-09-13 14:54:32,SOLUSDT,bid,130,10273.0
2024-09-13 14:54:32,SOLUSDT,ask,138,10264.0
2024-09-13 14:54:33,SOLUSDT,ask,135,8211.0
2024-09-13 14:55:20,SOLUSDT,bid,110,22165.0
2024-09-13 14:55:21,SOLUSDT,bid,112,14964.0
2024-09-13 14:55:26,SOLUSDT,bid,132,19953.0
2024-09-13 14:55:31,SOLUSDT,bid,125,14611.0
2024-09-13 14:56:29,SOLUSDT,ask,138,9575.0
2024-09-13 14:56:41,SOLUSDT,bid,125,14610.0
2024-09-13 14:56:41,SOLUSDT,ask,140,16793.0
2024-09-13 14:57:27,SOLUSDT,bid,130,27507.0
2024-09-13 14:58:02,SOLUSDT,bid,132,19968.0
2024-09-13 14:58:03,SOLUSDT,bid,132,19959.0
2024-09-13 14:58:17,SOLUSDT,bid,125,14609.0
2024-09-13 14:58:17,SOLUSDT,ask,138,9574.0
2024-09-13 14:58:21,SOLUSDT,ask,144,36266.0
2024-09-13 14:59:00,SOLUSDT,bid,125,14602.0
2024-09-13 14:59:14,SOLUSDT,ask,140,16791.0
2024-09-13 14:59:27,SOLUSDT,ask,140,16811.0
2024-09-13 14:59:37,SOLUSDT,ask,140,16821.0
2024-09-13 15:00:18,SOLUSDT,ask,138,9576.0
2024-09-13 15:00:48,SOLUSDT,ask,138,9586.0
2024-09-13 15:01:28,SOLUSDT,bid,130,27479.0
2024-09-13 15:01:50,SOLUSDT,bid,132,20034.0
2024-09-13 15:01:53,SOLUSDT,bid,130,27480.0
2024-09-13 15:02:16,SOLUSDT,bid,130,27479.0
2024-09-13 15:02:22,SOLUSDT,ask,138,9560.0
2024-09-13 15:02:27,SOLUSDT,bid,130,10264.0
2024-09-13 15:02:27,SOLUSDT,ask,138,10289.0
2024-09-13 15:02:27,SOLUSDT,ask,135,8212.0
2024-09-13 15:02:50,SOLUSDT,bid,125,14600.0
2024-09-13 15:03:43,SOLUSDT,bid,132,19959.0
2024-09-13 15:04:31,SOLUSDT,ask,138,9629.0
2024-09-13 15:04:38,SOLUSDT,bid,125,14616.0
2024-09-13 15:05:19,SOLUSDT,bid,115,13082.0
2024-09-13 15:05:55,SOLUSDT,ask,138,9628.0
2024-09-13 15:05:55,SOLUSDT,ask,140,16813.0
2024-09-13 15:06:14,SOLUSDT,bid,130,27478.0
2024-09-13 15:06:43,SOLUSDT,ask,140,16810.0
2024-09-13 15:06:47,SOLUSDT,ask,138,9630.0
2024-09-13 15:06:52,SOLUSDT,bid,130,27479.0
2024-09-13 15:07:26,SOLUSDT,bid,125,14614.0
2024-09-13 15:07:48,SOLUSDT,bid,125,14615.0
2024-09-13 15:07:48,SOLUSDT,ask,138,9631.0
2024-09-13 15:07:55,SOLUSDT,ask,146,16731.0
2024-09-13 15:08:55,SOLUSDT,ask,140,16880.0
2024-09-13 15:09:31,SOLUSDT,ask,138,9562.0
2024-09-13 15:09:41,SOLUSDT,ask,140,16890.0
2024-09-13 15:10:37,SOLUSDT,bid,130,27632.0
2024-09-13 15:11:54,SOLUSDT,bid,130,27626.0
2024-09-13 15:12:17,SOLUSDT,bid,130,10264.0
2024-09-13 15:12:17,SOLUSDT,ask,138,10265.0
2024-09-13 15:12:17,SOLUSDT,ask,135,8211.0
2024-09-13 15:13:13,SOLUSDT,bid,130,27611.0
2024-09-13 15:14:03,SOLUSDT,bid,130,27610.0
2024-09-13 15:14:32,SOLUSDT,ask,140,16880.0
2024-09-13 15:14:52,SOLUSDT,bid,130,27617.0
2024-09-13 15:15:18,SOLUSDT,ask,138,10162.0
2024-09-13 15:16:13,SOLUSDT,ask,140,15452.0
2024-09-13 15:16:22,SOLUSDT,bid,110,22158.0
2024-09-13 15:16:34,SOLUSDT,bid,125,14619.0
2024-09-13 15:16:37,SOLUSDT,bid,112,14966.0
2024-09-13 15:16:45,SOLUSDT,bid,130,27620.0
2024-09-13 15:16:48,SOLUSDT,bid,112,14964.0
2024-09-13 15:17:26,SOLUSDT,bid,112,14966.0
2024-09-13 15:17:56,SOLUSDT,ask,138,20162.0
2024-09-13 15:18:12,SOLUSDT,bid,112,14960.0
2024-09-13 15:18:30,SOLUSDT,bid,120,12710.0
2024-09-13 15:19:45,SOLUSDT,bid,130,27467.0
2024-09-13 15:20:25,SOLUSDT,bid,112,15015.0
2024-09-13 15:20:31,SOLUSDT,bid,130,27466.0
2024-09-13 15:20:56,SOLUSDT,ask,138,20125.0
2024-09-13 15:21:02,SOLUSDT,ask,138,20140.0
2024-09-13 15:21:08,SOLUSDT,bid,115,13079.0
2024-09-13 15:21:18,SOLUSDT,bid,110,22154.0
2024-09-13 15:22:29,SOLUSDT,bid,130,10276.0
2024-09-13 15:22:29,SOLUSDT,bid,132,8212.0
2024-09-13 15:22:29,SOLUSDT,ask,138,10264.0
2024-09-13 15:22:30,SOLUSDT,ask,135,8219.0
2024-09-13 15:23:30,SOLUSDT,bid,132,19935.0
2024-09-13 15:24:02,SOLUSDT,ask,135,8231.0
2024-09-13 15:24:16,SOLUSDT,ask,139,8198.0
2024-09-13 15:24:26,SOLUSDT,ask,138,20141.0
2024-09-13 15:24:34,SOLUSDT,ask,138,20142.0
2024-09-13 15:24:44,SOLUSDT,ask,138,20143.0
2024-09-13 15:24:49,SOLUSDT,ask,138,10143.0
2024-09-13 15:24:54,SOLUSDT,ask,136,14403.0
2024-09-13 15:24:57,SOLUSDT,ask,145,19900.0
2024-09-13 15:25:04,SOLUSDT,ask,138,10139.0
2024-09-13 15:25:06,SOLUSDT,ask,145,19899.0
2024-09-13 15:26:17,SOLUSDT,bid,130,27476.0
2024-09-13 15:26:35,SOLUSDT,bid,120,12708.0
2024-09-13 15:27:21,SOLUSDT,ask,136,14404.0
2024-09-13 15:28:41,SOLUSDT,ask,135,8235.0
2024-09-13 15:28:42,SOLUSDT,ask,135,8239.0
2024-09-13 15:28:46,SOLUSDT,ask,136,14407.0
2024-09-13 15:28:52,SOLUSDT,ask,140,10452.0
2024-09-13 15:29:03,SOLUSDT,ask,135,8227.0
2024-09-13 15:29:15,SOLUSDT,bid,125,14629.0
2024-09-13 15:30:01,SOLUSDT,bid,90,59031.0
2024-09-13 15:30:45,SOLUSDT,bid,130,27477.0
2024-09-13 15:30:56,SOLUSDT,ask,145,19909.0
2024-09-13 15:31:03,SOLUSDT,bid,110,22145.0
2024-09-13 15:31:12,SOLUSDT,ask,138,10109.0
2024-09-13 15:31:22,SOLUSDT,bid,122,16089.0
2024-09-13 15:32:18,SOLUSDT,bid,130,10264.0
2024-09-13 15:32:18,SOLUSDT,bid,132,8211.0
2024-09-13 15:32:18,SOLUSDT,ask,136,14415.0
2024-09-13 15:32:18,SOLUSDT,ask,137,10264.0
2024-09-13 15:32:19,SOLUSDT,ask,135,8211.0
2024-09-13 15:32:58,SOLUSDT,ask,136,14403.0
2024-09-13 15:33:18,SOLUSDT,bid,130,27479.0
2024-09-13 15:34:53,SOLUSDT,ask,136,14523.0
2024-09-13 15:34:59,SOLUSDT,ask,136,14521.0
2024-09-13 15:35:12,SOLUSDT,bid,130,27487.0
2024-09-13 15:35:15,SOLUSDT,ask,138,10105.0
2024-09-13 15:35:31,SOLUSDT,bid,130,27488.0
2024-09-13 15:35:37,SOLUSDT,bid,130,27487.0
2024-09-13 15:35:57,SOLUSDT,bid,130,27488.0
2024-09-13 15:36:29,SOLUSDT,bid,130,27487.0
2024-09-13 15:36:41,SOLUSDT,ask,136,14518.0
2024-09-13 15:36:46,SOLUSDT,ask,136,14542.0
2024-09-13 15:37:00,SOLUSDT,bid,130,27490.0
2024-09-13 15:37:06,SOLUSDT,ask,139,8197.0
2024-09-13 15:38:47,SOLUSDT,ask,140,10479.0
2024-09-13 15:38:49,SOLUSDT,ask,140,10452.0
2024-09-13 15:39:06,SOLUSDT,bid,130,27491.0
2024-09-13 15:39:24,SOLUSDT,bid,125,14631.0
2024-09-13 15:40:16,SOLUSDT,ask,136,14518.0
2024-09-13 15:40:26,SOLUSDT,bid,130,27503.0
2024-09-13 15:40:35,SOLUSDT,ask,136,14508.0
2024-09-13 15:40:58,SOLUSDT,ask,136,14493.0
2024-09-13 15:41:14,SOLUSDT,bid,120,12706.0
2024-09-13 15:42:27,SOLUSDT,bid,130,10264.0
2024-09-13 15:42:28,SOLUSDT,bid,132,8212.0
2024-09-13 15:42:28,SOLUSDT,ask,137,10264.0
2024-09-13 15:42:28,SOLUSDT,ask,135,8211.0
2024-09-13 15:42:31,SOLUSDT,bid,120,12578.0
2024-09-13 15:42:38,SOLUSDT,bid,132,8213.0
2024-09-13 15:42:39,SOLUSDT,bid,132,8212.0
2024-09-13 15:42:41,SOLUSDT,bid,120,12453.0
2024-09-13 15:42:46,SOLUSDT,bid,122,16215.0
2024-09-13 15:43:33,SOLUSDT,bid,120,12454.0
2024-09-13 15:43:36,SOLUSDT,bid,132,12008.0
2024-09-13 15:43:44,SOLUSDT,bid,115,13081.0
2024-09-13 15:43:45,SOLUSDT,bid,120,12453.0
2024-09-13 15:43:50,SOLUSDT,bid,125,14615.0
2024-09-13 15:43:51,SOLUSDT,bid,130,27513.0
2024-09-13 15:43:52,SOLUSDT,ask,137,10296.0
2024-09-13 15:43:53,SOLUSDT,bid,132,12001.0
2024-09-13 15:43:56,SOLUSDT,ask,137,10298.0
2024-09-13 15:44:07,SOLUSDT,ask,137,10296.0
2024-09-13 15:44:21,SOLUSDT,bid,130,27515.0
2024-09-13 15:44:32,SOLUSDT,ask,137,10298.0
2024-09-13 15:44:43,SOLUSDT,ask,137,10296.0
2024-09-13 15:44:44,SOLUSDT,ask,137,10298.0
2024-09-13 15:44:55,SOLUSDT,ask,137,10296.0
2024-09-13 15:44:56,SOLUSDT,ask,137,10298.0
2024-09-13 15:45:03,SOLUSDT,ask,137,10316.0
2024-09-13 15:45:07,SOLUSDT,ask,137,10314.0
2024-09-13 15:45:11,SOLUSDT,bid,130,27500.0
2024-09-13 15:45:24,SOLUSDT,ask,136,14494.0
2024-09-13 15:45:44,SOLUSDT,bid,125,14699.0
2024-09-13 15:46:37,SOLUSDT,bid,130,27499.0
2024-09-13 15:46:53,SOLUSDT,bid,132,19945.0
2024-09-13 15:47:01,SOLUSDT,ask,137,10296.0
2024-09-13 15:47:03,SOLUSDT,bid,132,19981.0
2024-09-13 15:47:12,SOLUSDT,bid,132,19999.0
2024-09-13 15:47:14,SOLUSDT,ask,145,19949.0
2024-09-13 15:47:15,SOLUSDT,bid,112,15025.0
2024-09-13 15:47:22,SOLUSDT,bid,132,19981.0
2024-09-13 15:47:23,SOLUSDT,bid,132,19963.0
2024-09-13 15:47:24,SOLUSDT,bid,132,19945.0
2024-09-13 15:47:27,SOLUSDT,bid,90,59032.0
2024-09-13 15:47:29,SOLUSDT,bid,90,59031.0
2024-09-13 15:47:29,SOLUSDT,bid,91,56379.0
2024-09-13 15:47:49,SOLUSDT,bid,91,56378.0
2024-09-13 15:48:34,SOLUSDT,ask,136,13495.0
2024-09-13 15:48:35,SOLUSDT,bid,130,27506.0
2024-09-13 15:48:43,SOLUSDT,bid,120,12442.0
2024-09-13 15:48:49,SOLUSDT,ask,139,8195.0
2024-09-13 15:48:51,SOLUSDT,bid,130,27499.0
2024-09-13 15:49:03,SOLUSDT,ask,136,13494.0
2024-09-13 15:49:57,SOLUSDT,bid,130,27558.0
2024-09-13 15:50:04,SOLUSDT,bid,132,19963.0
2024-09-13 15:50:05,SOLUSDT,bid,130,27482.0
2024-09-13 15:50:44,SOLUSDT,bid,132,19945.0
2024-09-13 15:51:42,SOLUSDT,bid,130,10272.0
2024-09-13 15:51:42,SOLUSDT,bid,132,8212.0
2024-09-13 15:51:43,SOLUSDT,ask,137,12276.0
2024-09-13 15:51:43,SOLUSDT,ask,135,8213.0
2024-09-13 15:52:08,SOLUSDT,bid,115,13061.0
2024-09-13 15:52:14,SOLUSDT,ask,146,16765.0
2024-09-13 15:52:17,SOLUSDT,bid,125,14603.0
2024-09-13 15:52:18,SOLUSDT,ask,140,10467.0
2024-09-13 15:52:28,SOLUSDT,bid,130,27483.0
2024-09-13 15:52:37,SOLUSDT,ask,136,13495.0
2024-09-13 15:52:49,SOLUSDT,bid,115,13048.0
2024-09-13 15:52:49,SOLUSDT,bid,125,14591.0
2024-09-13 15:52:49,SOLUSDT,ask,139,8185.0
2024-09-13 15:52:49,SOLUSDT,ask,145,19939.0
2024-09-13 15:52:49,SOLUSDT,ask,147,8160.0
2024-09-13 15:52:49,SOLUSDT,ask,151,14840.0
2024-09-13 15:52:54,SOLUSDT,ask,140,10397.0
2024-09-13 15:52:56,SOLUSDT,bid,120,12446.0
2024-09-13 15:53:00,SOLUSDT,ask,137,12277.0
2024-09-13 15:53:00,SOLUSDT,bid,90,59029.0
2024-09-13 15:53:01,SOLUSDT,bid,120,12442.0
2024-09-13 15:53:11,SOLUSDT,ask,137,12276.0
2024-09-13 15:53:41,SOLUSDT,bid,120,12436.0
2024-09-13 15:53:53,SOLUSDT,bid,120,12440.0
2024-09-13 15:54:16,SOLUSDT,ask,138,10032.0
2024-09-13 15:54:39,SOLUSDT,ask,136,13416.0
2024-09-13 15:54:54,SOLUSDT,bid,130,27493.0
2024-09-13 15:54:58,SOLUSDT,ask,151,14853.0
2024-09-13 15:55:24,SOLUSDT,bid,91,56377.0
2024-09-13 15:56:01,SOLUSDT,ask,138,10031.0
2024-09-13 15:56:16,SOLUSDT,ask,140,10399.0
2024-09-13 15:56:19,SOLUSDT,bid,132,19982.0
2024-09-13 15:56:29,SOLUSDT,bid,130,27468.0
2024-09-13 15:56:38,SOLUSDT,ask,137,12312.0
2024-09-13 15:56:47,SOLUSDT,bid,130,27464.0
2024-09-13 15:56:53,SOLUSDT,bid,130,27469.0
2024-09-13 15:57:35,SOLUSDT,bid,125,14691.0
2024-09-13 15:57:58,SOLUSDT,ask,145,20614.0
2024-09-13 15:58:21,SOLUSDT,ask,145,20613.0
2024-09-13 15:58:24,SOLUSDT,bid,130,27459.0
2024-09-13 15:58:29,SOLUSDT,ask,137,12314.0
2024-09-13 15:58:30,SOLUSDT,bid,130,27466.0
2024-09-13 15:58:31,SOLUSDT,ask,144,36268.0
2024-09-13 15:58:39,SOLUSDT,ask,137,12312.0
2024-09-13 15:59:13,SOLUSDT,ask,140,10397.0
2024-09-13 15:59:19,SOLUSDT,ask,139,8180.0
2024-09-13 15:59:34,SOLUSDT,bid,130,27456.0
2024-09-13 15:59:40,SOLUSDT,ask,136,13422.0
2024-09-13 16:00:07,SOLUSDT,bid,130,27462.0
2024-09-13 16:00:19,SOLUSDT,ask,138,10035.0
2024-09-13 16:00:33,SOLUSDT,bid,132,19983.0
2024-09-13 16:00:48,SOLUSDT,bid,130,27351.0
2024-09-13 16:01:01,SOLUSDT,bid,125,14694.0
2024-09-13 16:01:16,SOLUSDT,bid,130,27350.0
2024-09-13 16:01:31,SOLUSDT,bid,132,20083.0
2024-09-13 16:01:36,SOLUSDT,bid,130,10266.0
2024-09-13 16:01:36,SOLUSDT,bid,132,8212.0
2024-09-13 16:01:36,SOLUSDT,ask,137,10264.0
2024-09-13 16:01:36,SOLUSDT,ask,135,8212.0
2024-09-13 16:02:02,SOLUSDT,bid,132,20084.0
2024-09-13 16:02:41,SOLUSDT,bid,125,14699.0
2024-09-13 16:02:52,SOLUSDT,bid,110,22176.0
2024-09-13 16:03:02,SOLUSDT,ask,145,7629.0
2024-09-13 16:03:05,SOLUSDT,ask,151,14840.0
2024-09-13 16:03:10,SOLUSDT,bid,130,27343.0
2024-09-13 16:03:57,SOLUSDT,bid,130,27342.0
2024-09-13 16:03:57,SOLUSDT,ask,145,19938.0
2024-09-13 16:04:48,SOLUSDT,ask,136,13403.0
2024-09-13 16:04:57,SOLUSDT,bid,130,27338.0
2024-09-13 16:05:45,SOLUSDT,bid,110,22175.0
2024-09-13 16:05:45,SOLUSDT,bid,120,12439.0
2024-09-13 16:05:48,SOLUSDT,bid,120,12438.0
2024-09-13 16:06:01,SOLUSDT,bid,132,20083.0
2024-09-13 16:06:10,SOLUSDT,bid,120,12571.0
2024-09-13 16:06:14,SOLUSDT,ask,138,10033.0
2024-09-13 16:06:25,SOLUSDT,bid,130,27336.0
2024-09-13 16:06:26,SOLUSDT,bid,130,27337.0
2024-09-13 16:06:56,SOLUSDT,ask,136,13405.0
2024-09-13 16:07:00,SOLUSDT,ask,136,13453.0
2024-09-13 16:07:12,SOLUSDT,bid,130,10264.0
2024-09-13 16:07:13,SOLUSDT,bid,132,8230.0
2024-09-13 16:07:13,SOLUSDT,ask,137,10265.0
2024-09-13 16:07:14,SOLUSDT,ask,135,8211.0
2024-09-13 16:07:15,SOLUSDT,bid,130,27325.0
2024-09-13 16:07:17,SOLUSDT,bid,128,7828.0
2024-09-13 16:07:46,SOLUSDT,ask,136,13454.0
2024-09-13 16:08:10,SOLUSDT,bid,132,8215.0
2024-09-13 16:08:10,SOLUSDT,bid,90,59030.0
2024-09-13 16:08:13,SOLUSDT,bid,90,59029.0
2024-09-13 16:08:13,SOLUSDT,bid,91,56378.0
2024-09-13 16:08:15,SOLUSDT,bid,91,56377.0
2024-09-13 16:08:33,SOLUSDT,bid,130,27351.0
2024-09-13 16:08:42,SOLUSDT,bid,120,12572.0
2024-09-13 16:09:08,SOLUSDT,bid,130,27431.0
2024-09-13 16:09:21,SOLUSDT,bid,125,14692.0
2024-09-13 16:09:36,SOLUSDT,bid,130,27429.0
2024-09-13 16:09:39,SOLUSDT,ask,136,13464.0
2024-09-13 16:09:45,SOLUSDT,ask,136,13458.0
2024-09-13 16:09:56,SOLUSDT,ask,136,13456.0
2024-09-13 16:09:59,SOLUSDT,ask,136,13406.0
2024-09-13 16:10:00,SOLUSDT,ask,136,13358.0
2024-09-13 16:10:03,SOLUSDT,ask,136,13364.0
2024-09-13 16:10:36,SOLUSDT,bid,110,22145.0
2024-09-13 16:10:36,SOLUSDT,bid,112,14995.0
2024-09-13 16:11:11,SOLUSDT,ask,139,8197.0
2024-09-13 16:11:12,SOLUSDT,bid,125,14697.0
2024-09-13 16:11:12,SOLUSDT,ask,139,8180.0
2024-09-13 16:11:12,SOLUSDT,ask,139,8198.0
2024-09-13 16:11:15,SOLUSDT,bid,130,27419.0
2024-09-13 16:11:19,SOLUSDT,ask,140,10347.0
2024-09-13 16:11:20,SOLUSDT,ask,139,8180.0
2024-09-13 16:11:29,SOLUSDT,bid,132,12031.0
2024-09-13 16:12:28,SOLUSDT,bid,120,12570.0
2024-09-13 16:12:28,SOLUSDT,bid,122,16213.0
2024-09-13 16:12:28,SOLUSDT,bid,128,7826.0
2024-09-13 16:12:28,SOLUSDT,bid,130,27417.0
2024-09-13 16:12:28,SOLUSDT,ask,136,13363.0
2024-09-13 16:12:28,SOLUSDT,ask,138,10032.0
2024-09-13 16:12:28,SOLUSDT,ask,140,10346.0
2024-09-13 16:12:28,SOLUSDT,ask,144,36267.0
2024-09-13 16:12:28,SOLUSDT,ask,146,16764.0
2024-09-13 16:12:46,SOLUSDT,bid,130,10381.0
2024-09-13 16:12:46,SOLUSDT,bid,132,8213.0
2024-09-13 16:12:47,SOLUSDT,ask,137,10287.0
2024-09-13 16:12:47,SOLUSDT,ask,135,8217.0
2024-09-13 16:12:50,SOLUSDT,bid,128,7824.0
2024-09-13 16:13:02,SOLUSDT,ask,138,10033.0
2024-09-13 16:14:45,SOLUSDT,ask,136,13361.0
2024-09-13 16:14:52,SOLUSDT,ask,140,10329.0
2024-09-13 16:15:08,SOLUSDT,ask,138,10032.0
2024-09-13 16:15:36,SOLUSDT,bid,132,20046.0
2024-09-13 16:15:55,SOLUSDT,ask,136,13360.0
2024-09-13 16:16:09,SOLUSDT,bid,132,12001.0
2024-09-13 16:16:10,SOLUSDT,bid,130,10327.0
2024-09-13 16:16:11,SOLUSDT,ask,138,10266.0
2024-09-13 16:16:11,SOLUSDT,ask,135,8211.0
2024-09-13 16:16:19,SOLUSDT,ask,172,10774.0
2024-09-13 16:16:28,SOLUSDT,ask,172,10784.0
2024-09-13 16:16:50,SOLUSDT,bid,125,14699.0
2024-09-13 16:16:50,SOLUSDT,bid,132,20048.0
2024-09-13 16:16:50,SOLUSDT,ask,139,8182.0
2024-09-13 16:16:50,SOLUSDT,ask,143,14020.0
2024-09-13 16:16:50,SOLUSDT,ask,145,19940.0
2024-09-13 16:18:25,SOLUSDT,ask,140,10334.0
2024-09-13 16:19:33,SOLUSDT,ask,138,10179.0
2024-09-13 16:19:36,SOLUSDT,bid,128,7839.0
2024-09-13 16:20:15,SOLUSDT,ask,140,10339.0
2024-09-13 16:20:19,SOLUSDT,ask,140,10334.0
2024-09-13 16:20:39,SOLUSDT,bid,130,27419.0
2024-09-13 16:20:47,SOLUSDT,bid,125,14663.0
2024-09-13 16:21:33,SOLUSDT,bid,122,16211.0
2024-09-13 16:21:36,SOLUSDT,bid,130,10264.0
2024-09-13 16:21:37,SOLUSDT,bid,132,8211.0
2024-09-13 16:21:37,SOLUSDT,ask,137,10267.0
2024-09-13 16:21:37,SOLUSDT,ask,135,8211.0
2024-09-13 16:21:44,SOLUSDT,bid,130,27420.0
2024-09-13 16:21:55,SOLUSDT,bid,130,27419.0
2024-09-13 16:22:16,SOLUSDT,ask,140,10337.0
2024-09-13 16:22:56,SOLUSDT,ask,139,8171.0
2024-09-13 16:22:57,SOLUSDT,ask,138,10178.0
2024-09-13 16:23:02,SOLUSDT,bid,128,7864.0
2024-09-13 16:23:27,SOLUSDT,ask,140,10497.0
2024-09-13 16:23:49,SOLUSDT,bid,130,27414.0
2024-09-13 16:23:49,SOLUSDT,ask,136,13389.0
2024-09-13 16:23:49,SOLUSDT,ask,138,10173.0
2024-09-13 16:23:49,SOLUSDT,ask,139,8166.0
2024-09-13 16:23:49,SOLUSDT,ask,140,10492.0
2024-09-13 16:23:53,SOLUSDT,bid,90,59030.0
2024-09-13 16:23:56,SOLUSDT,bid,115,13049.0
2024-09-13 16:23:56,SOLUSDT,bid,90,59029.0
2024-09-13 16:23:56,SOLUSDT,bid,91,56378.0
2024-09-13 16:23:58,SOLUSDT,bid,91,56377.0
2024-09-13 16:24:30,SOLUSDT,ask,136,13379.0
2024-09-13 16:24:53,SOLUSDT,bid,128,7861.0
2024-09-13 16:25:03,SOLUSDT,ask,145,13964.0
2024-09-13 16:25:14,SOLUSDT,ask,145,13963.0
2024-09-13 16:25:27,SOLUSDT,ask,145,20006.0
2024-09-13 16:25:42,SOLUSDT,bid,128,7862.0
2024-09-13 16:26:03,SOLUSDT,ask,145,19940.0
2024-09-13 16:26:18,SOLUSDT,bid,130,27394.0
2024-09-13 16:26:37,SOLUSDT,bid,130,27431.0
2024-09-13 16:27:08,SOLUSDT,bid,90,59007.0
2024-09-13 16:27:53,SOLUSDT,ask,138,10175.0
2024-09-13 16:27:58,SOLUSDT,bid,128,7860.0
2024-09-13 16:28:03,SOLUSDT,ask,138,10173.0
2024-09-13 16:28:52,SOLUSDT,bid,130,27430.0
2024-09-13 16:28:55,SOLUSDT,bid,120,12572.0
2024-09-13 16:28:55,SOLUSDT,bid,122,16213.0
2024-09-13 16:28:55,SOLUSDT,bid,125,14665.0
2024-09-13 16:28:55,SOLUSDT,bid,128,7862.0
2024-09-13 16:28:55,SOLUSDT,bid,130,27432.0
2024-09-13 16:28:55,SOLUSDT,ask,136,13381.0
2024-09-13 16:28:55,SOLUSDT,ask,138,10175.0
2024-09-13 16:28:55,SOLUSDT,ask,139,8168.0
2024-09-13 16:28:55,SOLUSDT,ask,140,10494.0
2024-09-13 16:28:55,SOLUSDT,ask,144,36269.0
2024-09-13 16:28:55,SOLUSDT,ask,145,19942.0
2024-09-13 16:29:06,SOLUSDT,ask,190,42406.0
2024-09-13 16:29:09,SOLUSDT,bid,132,20068.0
2024-09-13 16:29:11,SOLUSDT,bid,130,7672.0
2024-09-13 16:29:13,SOLUSDT,ask,190,42413.0
2024-09-13 16:29:33,SOLUSDT,ask,137,10303.0
2024-09-13 16:29:34,SOLUSDT,bid,130,27431.0
2024-09-13 16:30:15,SOLUSDT,ask,144,36270.0
2024-09-13 16:30:26,SOLUSDT,ask,144,36269.0
2024-09-13 16:30:35,SOLUSDT,ask,140,10496.0
2024-09-13 16:31:00,SOLUSDT,bid,130,27434.0
2024-09-13 16:31:00,SOLUSDT,ask,137,10305.0
2024-09-13 16:31:10,SOLUSDT,ask,137,10303.0
2024-09-13 16:31:30,SOLUSDT,ask,145,19902.0
2024-09-13 16:31:35,SOLUSDT,bid,132,20102.0
2024-09-13 16:31:50,SOLUSDT,ask,136,13383.0
2024-09-13 16:32:21,SOLUSDT,bid,130,10265.0
2024-09-13 16:32:21,SOLUSDT,bid,132,8269.0
2024-09-13 16:32:21,SOLUSDT,ask,137,10338.0
2024-09-13 16:32:21,SOLUSDT,ask,135,8212.0
2024-09-13 16:32:23,SOLUSDT,bid,130,27408.0
2024-09-13 16:32:35,SOLUSDT,bid,132,20068.0
2024-09-13 16:32:40,SOLUSDT,bid,128,8217.0
2024-09-13 16:32:58,SOLUSDT,bid,130,27413.0
2024-09-13 16:33:12,SOLUSDT,bid,130,27410.0
2024-09-13 16:33:49,SOLUSDT,ask,135,8332.0
2024-09-13 16:33:50,SOLUSDT,ask,135,8212.0
2024-09-13 16:34:14,SOLUSDT,bid,132,8287.0
2024-09-13 16:34:47,SOLUSDT,bid,132,8265.0
2024-09-13 16:34:48,SOLUSDT,bid,132,8229.0
2024-09-13 16:34:54,SOLUSDT,ask,136,13384.0
2024-09-13 16:34:54,SOLUSDT,ask,137,10374.0
2024-09-13 16:35:22,SOLUSDT,bid,130,27467.0
2024-09-13 16:35:24,SOLUSDT,bid,130,27464.0
2024-09-13 16:35:37,SOLUSDT,bid,132,20168.0
2024-09-13 16:35:39,SOLUSDT,bid,128,8222.0
2024-09-13 16:35:51,SOLUSDT,ask,151,14849.0
2024-09-13 16:36:24,SOLUSDT,bid,115,13048.0
2024-09-13 16:36:29,SOLUSDT,bid,120,12575.0
2024-09-13 16:36:29,SOLUSDT,bid,125,14662.0
2024-09-13 16:36:42,SOLUSDT,ask,136,13378.0
2024-09-13 16:37:27,SOLUSDT,bid,120,12573.0
2024-09-13 16:37:27,SOLUSDT,bid,122,16211.0
2024-09-13 16:37:27,SOLUSDT,bid,125,14660.0
2024-09-13 16:37:27,SOLUSDT,bid,128,8220.0
2024-09-13 16:37:27,SOLUSDT,bid,130,27462.0
2024-09-13 16:37:27,SOLUSDT,ask,136,13376.0
2024-09-13 16:37:27,SOLUSDT,ask,138,10173.0
2024-09-13 16:37:27,SOLUSDT,ask,139,8166.0
2024-09-13 16:37:27,SOLUSDT,ask,140,10494.0
2024-09-13 16:37:27,SOLUSDT,ask,144,36267.0
2024-09-13 16:37:27,SOLUSDT,ask,145,19900.0
2024-09-13 16:37:37,SOLUSDT,bid,125,14663.0
2024-09-13 16:37:38,SOLUSDT,bid,130,27485.0
2024-09-13 16:38:00,SOLUSDT,bid,115,13005.0
2024-09-13 16:38:02,SOLUSDT,ask,136,13381.0
2024-09-13 16:38:04,SOLUSDT,bid,128,8250.0
2024-09-13 16:38:25,SOLUSDT,ask,137,10338.0
2024-09-13 16:38:49,SOLUSDT,bid,130,27491.0
2024-09-13 16:38:49,SOLUSDT,bid,110,22073.0
2024-09-13 16:38:49,SOLUSDT,bid,115,12936.0
2024-09-13 16:38:49,SOLUSDT,bid,120,12532.0
2024-09-13 16:38:50,SOLUSDT,bid,130,27432.0
2024-09-13 16:39:01,SOLUSDT,ask,135,8308.0
2024-09-13 16:39:01,SOLUSDT,ask,135,8212.0
2024-09-13 16:39:03,SOLUSDT,bid,122,16219.0
2024-09-13 16:39:11,SOLUSDT,ask,135,8308.0
2024-09-13 16:39:11,SOLUSDT,ask,135,8212.0
2024-09-13 16:39:20,SOLUSDT,ask,135,8308.0
2024-09-13 16:39:20,SOLUSDT,ask,135,8404.0
2024-09-13 16:39:20,SOLUSDT,ask,135,8212.0
2024-09-13 16:39:24,SOLUSDT,ask,135,8404.0
2024-09-13 16:39:25,SOLUSDT,ask,135,8308.0
2024-09-13 16:39:25,SOLUSDT,ask,135,8212.0
2024-09-13 16:39:36,SOLUSDT,bid,130,27455.0
2024-09-13 16:39:40,SOLUSDT,bid,132,20068.0
2024-09-13 16:39:47,SOLUSDT,bid,130,27454.0
2024-09-13 16:40:02,SOLUSDT,bid,132,20073.0
2024-09-13 16:40:09,SOLUSDT,bid,130,10303.0
2024-09-13 16:40:38,SOLUSDT,bid,120,12536.0
2024-09-13 16:40:39,SOLUSDT,bid,132,20063.0
2024-09-13 16:40:45,SOLUSDT,bid,120,12532.0
2024-09-13 16:42:19,SOLUSDT,bid,130,10264.0
2024-09-13 16:42:19,SOLUSDT,bid,132,8233.0
2024-09-13 16:42:19,SOLUSDT,ask,137,10264.0
2024-09-13 16:42:19,SOLUSDT,ask,135,8212.0
2024-09-13 16:42:33,SOLUSDT,ask,136,13356.0
2024-09-13 16:42:36,SOLUSDT,bid,130,27449.0
2024-09-13 16:42:53,SOLUSDT,bid,125,14664.0
2024-09-13 16:43:04,SOLUSDT,bid,125,14660.0
2024-09-13 16:43:24,SOLUSDT,bid,128,8254.0
2024-09-13 16:43:50,SOLUSDT,ask,138,9655.0
2024-09-13 16:45:02,SOLUSDT,ask,140,10492.0
2024-09-13 16:45:21,SOLUSDT,bid,120,12530.0
2024-09-13 16:46:02,SOLUSDT,bid,130,8219.0
2024-09-13 16:46:19,SOLUSDT,ask,139,8167.0
2024-09-13 16:46:22,SOLUSDT,bid,120,12532.0
2024-09-13 16:46:22,SOLUSDT,bid,122,16221.0
2024-09-13 16:46:22,SOLUSDT,bid,125,14662.0
2024-09-13 16:46:22,SOLUSDT,bid,128,8256.0
2024-09-13 16:46:22,SOLUSDT,bid,130,8221.0
2024-09-13 16:46:22,SOLUSDT,ask,136,13358.0
2024-09-13 16:46:22,SOLUSDT,ask,138,9657.0
2024-09-13 16:46:22,SOLUSDT,ask,139,8169.0
2024-09-13 16:46:22,SOLUSDT,ask,140,10494.0
2024-09-13 16:46:22,SOLUSDT,ask,144,36269.0
2024-09-13 16:46:22,SOLUSDT,ask,145,19902.0
2024-09-13 16:47:33,SOLUSDT,ask,140,10504.0
2024-09-13 16:47:38,SOLUSDT,bid,130,8226.0
2024-09-13 16:47:44,SOLUSDT,ask,140,10494.0
2024-09-13 16:47:49,SOLUSDT,ask,138,9744.0
2024-09-13 16:48:06,SOLUSDT,ask,138,9743.0
2024-09-13 16:48:25,SOLUSDT,ask,151,14840.0
2024-09-13 16:48:49,SOLUSDT,ask,151,14851.0
2024-09-13 16:49:33,SOLUSDT,ask,138,9656.0
2024-09-13 16:49:47,SOLUSDT,bid,130,8234.0
2024-09-13 16:50:49,SOLUSDT,bid,125,14657.0
2024-09-13 16:50:53,SOLUSDT,bid,128,8260.0
2024-09-13 16:50:59,SOLUSDT,bid,130,8236.0
2024-09-13 16:51:07,SOLUSDT,bid,132,12097.0
2024-09-13 16:51:07,SOLUSDT,bid,132,12001.0
2024-09-13 16:51:10,SOLUSDT,ask,147,8161.0
2024-09-13 16:51:19,SOLUSDT,ask,135,7571.0
2024-09-13 16:51:19,SOLUSDT,ask,147,8160.0
2024-09-13 16:51:23,SOLUSDT,bid,130,8237.0
2024-09-13 16:51:23,SOLUSDT,bid,132,12289.0
2024-09-13 16:51:23,SOLUSDT,bid,132,12385.0
2024-09-13 16:51:25,SOLUSDT,bid,132,12001.0
2024-09-13 16:51:51,SOLUSDT,ask,135,7572.0
2024-09-13 16:51:53,SOLUSDT,bid,130,8208.0
2024-09-13 16:52:12,SOLUSDT,ask,135,7668.0
2024-09-13 16:52:12,SOLUSDT,ask,135,7764.0
2024-09-13 16:52:12,SOLUSDT,ask,135,7668.0
2024-09-13 16:52:12,SOLUSDT,ask,135,7668.0
2024-09-13 16:52:13,SOLUSDT,ask,135,7572.0
2024-09-13 16:52:28,SOLUSDT,bid,129,10264.0
2024-09-13 16:52:28,SOLUSDT,bid,132,8223.0
2024-09-13 16:52:29,SOLUSDT,ask,137,10290.0
2024-09-13 16:52:29,SOLUSDT,ask,135,8211.0
2024-09-13 16:52:35,SOLUSDT,bid,130,8207.0
2024-09-13 16:52:48,SOLUSDT,ask,135,7668.0
2024-09-13 16:52:49,SOLUSDT,ask,135,7764.0
2024-09-13 16:52:50,SOLUSDT,ask,135,7668.0
2024-09-13 16:52:50,SOLUSDT,ask,135,7764.0
2024-09-13 16:52:51,SOLUSDT,ask,135,7668.0
2024-09-13 16:52:51,SOLUSDT,ask,135,7572.0
2024-09-13 16:52:54,SOLUSDT,bid,130,8206.0
2024-09-13 16:53:07,SOLUSDT,bid,132,15410.0
2024-09-13 16:53:11,SOLUSDT,bid,130,8312.0
2024-09-13 16:53:17,SOLUSDT,bid,125,14656.0
2024-09-13 16:53:20,SOLUSDT,bid,132,15470.0
2024-09-13 16:53:42,SOLUSDT,bid,132,12289.0
2024-09-13 16:53:42,SOLUSDT,bid,132,12097.0
2024-09-13 16:53:42,SOLUSDT,bid,132,12001.0
2024-09-13 16:53:49,SOLUSDT,bid,128,8262.0
2024-09-13 16:53:59,SOLUSDT,ask,135,7692.0
2024-09-13 16:54:01,SOLUSDT,ask,135,7592.0
2024-09-13 16:54:01,SOLUSDT,ask,135,7572.0
2024-09-13 16:55:07,SOLUSDT,bid,128,8253.0
2024-09-13 16:56:39,SOLUSDT,bid,132,15473.0
2024-09-13 16:56:43,SOLUSDT,ask,139,8167.0
2024-09-13 16:57:19,SOLUSDT,bid,130,8308.0
2024-09-13 16:57:35,SOLUSDT,bid,130,8307.0
2024-09-13 16:57:56,SOLUSDT,ask,138,9655.0
2024-09-13 16:58:11,SOLUSDT,ask,139,8159.0
2024-09-13 16:58:17,SOLUSDT,bid,125,14655.0
2024-09-13 16:58:28,SOLUSDT,bid,132,15472.0
2024-09-13 16:58:35,SOLUSDT,bid,132,15471.0
2024-09-13 16:58:48,SOLUSDT,bid,130,8308.0
2024-09-13 16:58:59,SOLUSDT,bid,132,15476.0
2024-09-13 16:59:13,SOLUSDT,bid,132,15506.0
2024-09-13 16:59:19,SOLUSDT,ask,135,7768.0
2024-09-13 16:59:19,SOLUSDT,ask,135,7576.0
2024-09-13 16:59:31,SOLUSDT,bid,132,15496.0
2024-09-13 16:59:56,SOLUSDT,ask,135,7582.0
2024-09-13 17:00:07,SOLUSDT,ask,135,7583.0
2024-09-13 17:00:08,SOLUSDT,ask,145,19894.0
2024-09-13 17:00:10,SOLUSDT,ask,145,19903.0
2024-09-13 17:00:10,SOLUSDT,ask,135,7584.0
2024-09-13 17:00:13,SOLUSDT,bid,132,15461.0
2024-09-13 17:00:15,SOLUSDT,ask,135,7481.0
2024-09-13 17:00:43,SOLUSDT,bid,115,12910.0
2024-09-13 17:00:45,SOLUSDT,bid,130,8311.0
2024-09-13 17:01:05,SOLUSDT,bid,132,15459.0
2024-09-13 17:01:05,SOLUSDT,ask,135,7446.0
2024-09-13 17:01:21,SOLUSDT,ask,135,7440.0
2024-09-13 17:01:31,SOLUSDT,ask,135,7445.0
2024-09-13 17:01:38,SOLUSDT,bid,132,15456.0
2024-09-13 17:01:41,SOLUSDT,bid,122,16260.0
2024-09-13 17:01:43,SOLUSDT,ask,135,7441.0
2024-09-13 17:01:44,SOLUSDT,bid,130,8312.0
2024-09-13 17:01:50,SOLUSDT,bid,128,8049.0
2024-09-13 17:01:54,SOLUSDT,bid,130,8313.0
2024-09-13 17:01:58,SOLUSDT,bid,130,8713.0
2024-09-13 17:02:01,SOLUSDT,bid,120,12568.0
2024-09-13 17:02:05,SOLUSDT,bid,130,8613.0
2024-09-13 17:02:10,SOLUSDT,bid,120,12569.0
2024-09-13 17:02:13,SOLUSDT,bid,85,25461.0
2024-09-13 17:02:18,SOLUSDT,bid,125,14654.0
2024-09-13 17:02:19,SOLUSDT,bid,128,8039.0
2024-09-13 17:02:19,SOLUSDT,bid,128,8040.0
2024-09-13 17:02:21,SOLUSDT,bid,129,10264.0
2024-09-13 17:02:21,SOLUSDT,bid,132,8228.0
2024-09-13 17:02:21,SOLUSDT,ask,137,10290.0
2024-09-13 17:02:30,SOLUSDT,bid,132,15465.0
2024-09-13 17:02:54,SOLUSDT,bid,130,8608.0
2024-09-13 17:02:58,SOLUSDT,bid,110,22074.0
2024-09-13 17:03:00,SOLUSDT,bid,120,12533.0
2024-09-13 17:03:03,SOLUSDT,bid,130,8607.0
2024-09-13 17:03:08,SOLUSDT,ask,146,16558.0
2024-09-13 17:03:09,SOLUSDT,bid,132,15464.0
2024-09-13 17:03:15,SOLUSDT,bid,120,12532.0
2024-09-13 17:03:15,SOLUSDT,bid,132,8324.0
2024-09-13 17:03:15,SOLUSDT,bid,132,8516.0
2024-09-13 17:03:15,SOLUSDT,bid,132,8228.0
2024-09-13 17:03:37,SOLUSDT,ask,135,7541.0
2024-09-13 17:04:10,SOLUSDT,bid,132,15475.0
2024-09-13 17:04:22,SOLUSDT,ask,140,10819.0
2024-09-13 17:04:26,SOLUSDT,bid,132,15483.0
2024-09-13 17:04:46,SOLUSDT,bid,130,8612.0
2024-09-13 17:04:47,SOLUSDT,ask,135,7537.0
2024-09-13 17:04:48,SOLUSDT,bid,130,8688.0
2024-09-13 17:04:54,SOLUSDT,bid,130,8673.0
2024-09-13 17:04:55,SOLUSDT,bid,125,14614.0
2024-09-13 17:04:55,SOLUSDT,bid,132,15453.0
2024-09-13 17:05:10,SOLUSDT,bid,132,15528.0
2024-09-13 17:05:19,SOLUSDT,bid,122,16264.0
2024-09-13 17:05:23,SOLUSDT,bid,122,16249.0
2024-09-13 17:05:35,SOLUSDT,bid,132,15453.0
2024-09-13 17:05:40,SOLUSDT,bid,128,8043.0
2024-09-13 17:05:40,SOLUSDT,bid,132,12019.0
2024-09-13 17:05:50,SOLUSDT,bid,132,12001.0
2024-09-13 17:06:03,SOLUSDT,bid,132,15493.0
2024-09-13 17:06:08,SOLUSDT,ask,135,7547.0
2024-09-13 17:06:15,SOLUSDT,bid,115,12909.0
2024-09-13 17:06:16,SOLUSDT,ask,135,7558.0
2024-09-13 17:06:23,SOLUSDT,ask,147,8160.0
2024-09-13 17:06:29,SOLUSDT,bid,130,8648.0
2024-09-13 17:06:39,SOLUSDT,ask,140,10798.0
2024-09-13 17:06:42,SOLUSDT,bid,101,26214.0
2024-09-13 17:06:52,SOLUSDT,bid,122,16248.0
2024-09-13 17:07:16,SOLUSDT,bid,130,8647.0
2024-09-13 17:07:42,SOLUSDT,ask,135,7547.0
2024-09-13 17:07:43,SOLUSDT,bid,128,8048.0
2024-09-13 17:07:52,SOLUSDT,ask,144,36264.0
2024-09-13 17:07:57,SOLUSDT,ask,135,7558.0
2024-09-13 17:08:00,SOLUSDT,bid,122,16243.0
2024-09-13 17:08:20,SOLUSDT,ask,135,7548.0
2024-09-13 17:08:20,SOLUSDT,bid,130,8654.0
2024-09-13 17:08:27,SOLUSDT,ask,135,7590.0
2024-09-13 17:08:33,SOLUSDT,ask,140,10784.0
2024-09-13 17:08:41,SOLUSDT,bid,132,15496.0
2024-09-13 17:08:45,SOLUSDT,ask,135,7548.0
2024-09-13 17:08:52,SOLUSDT,bid,132,15491.0
2024-09-13 17:09:06,SOLUSDT,ask,135,7558.0
2024-09-13 17:09:14,SOLUSDT,bid,130,8653.0
2024-09-13 17:09:14,SOLUSDT,bid,132,8244.0
2024-09-13 17:09:30,SOLUSDT,bid,132,15501.0
2024-09-13 17:09:39,SOLUSDT,bid,130,8654.0
2024-09-13 17:09:39,SOLUSDT,ask,138,9656.0
2024-09-13 17:09:52,SOLUSDT,ask,135,7559.0
2024-09-13 17:09:53,SOLUSDT,bid,132,15507.0
2024-09-13 17:09:54,SOLUSDT,ask,138,9660.0
2024-09-13 17:10:01,SOLUSDT,bid,132,12023.0
2024-09-13 17:10:03,SOLUSDT,bid,132,12031.0
2024-09-13 17:10:05,SOLUSDT,bid,132,8280.0
2024-09-13 17:10:20,SOLUSDT,bid,122,16242.0
2024-09-13 17:10:36,SOLUSDT,bid,132,15517.0
2024-09-13 17:10:39,SOLUSDT,bid,132,15507.0
2024-09-13 17:10:41,SOLUSDT,bid,132,8264.0
2024-09-13 17:10:45,SOLUSDT,ask,137,10289.0
2024-09-13 17:10:45,SOLUSDT,bid,132,15528.0
2024-09-13 17:10:48,SOLUSDT,bid,130,8653.0
2024-09-13 17:11:00,SOLUSDT,bid,132,12009.0
2024-09-13 17:11:00,SOLUSDT,bid,132,12001.0
2024-09-13 17:11:12,SOLUSDT,bid,128,8047.0
2024-09-13 17:11:19,SOLUSDT,bid,130,8654.0
2024-09-13 17:11:23,SOLUSDT,bid,120,12533.0
2024-09-13 17:11:36,SOLUSDT,bid,132,15507.0
2024-09-13 17:11:39,SOLUSDT,bid,122,16250.0
2024-09-13 17:11:41,SOLUSDT,bid,132,15514.0
2024-09-13 17:11:44,SOLUSDT,bid,130,8653.0
2024-09-13 17:11:50,SOLUSDT,bid,130,8692.0
2024-09-13 17:11:57,SOLUSDT,bid,131,13098.0
2024-09-13 17:12:08,SOLUSDT,bid,130,8703.0
2024-09-13 17:12:10,SOLUSDT,bid,120,12536.0
2024-09-13 17:12:27,SOLUSDT,bid,129,10272.0
2024-09-13 17:12:27,SOLUSDT,bid,131,8212.0
2024-09-13 17:12:28,SOLUSDT,ask,137,10266.0
2024-09-13 17:12:28,SOLUSDT,ask,135,8211.0
2024-09-13 17:13:16,SOLUSDT,ask,138,9630.0
2024-09-13 17:13:16,SOLUSDT,ask,144,36248.0
2024-09-13 17:13:19,SOLUSDT,ask,135,7657.0
2024-09-13 17:13:21,SOLUSDT,bid,120,12537.0
2024-09-13 17:13:48,SOLUSDT,bid,131,13105.0
2024-09-13 17:13:51,SOLUSDT,bid,130,8853.0
2024-09-13 17:13:58,SOLUSDT,bid,130,8703.0
2024-09-13 17:14:43,SOLUSDT,bid,130,8702.0
2024-09-13 17:14:52,SOLUSDT,bid,125,14613.0
2024-09-13 17:15:10,SOLUSDT,bid,130,8695.0
2024-09-13 17:15:48,SOLUSDT,ask,135,7660.0
2024-09-13 17:16:18,SOLUSDT,bid,125,14616.0
2024-09-13 17:16:22,SOLUSDT,ask,137,10268.0
2024-09-13 17:16:24,SOLUSDT,bid,125,14613.0
2024-09-13 17:16:31,SOLUSDT,bid,120,12537.0
2024-09-13 17:16:33,SOLUSDT,bid,125,14605.0
2024-09-13 17:16:39,SOLUSDT,bid,130,8960.0
2024-09-13 17:16:57,SOLUSDT,bid,130,8962.0
2024-09-13 17:17:03,SOLUSDT,bid,129,10274.0
2024-09-13 17:17:14,SOLUSDT,bid,129,10272.0
2024-09-13 17:17:17,SOLUSDT,bid,125,14607.0
2024-09-13 17:17:24,SOLUSDT,bid,110,22164.0
2024-09-13 17:17:52,SOLUSDT,ask,138,9628.0
2024-09-13 17:18:04,SOLUSDT,bid,130,8963.0
2024-09-13 17:18:14,SOLUSDT,ask,137,10270.0
2024-09-13 17:18:18,SOLUSDT,bid,125,14608.0
2024-09-13 17:18:18,SOLUSDT,ask,140,10785.0
2024-09-13 17:18:23,SOLUSDT,bid,128,8048.0
