2024-08-21 07:02:18,ETHUSDT,bid,2550,4002.312
2024-08-21 07:02:18,ETHUSDT,bid,2550,4198.16
2024-08-21 07:02:18,ETHUSDT,bid,2550,4394.008
2024-08-21 07:02:19,ETHUSDT,bid,2550,4589.856
2024-08-21 07:02:19,ETHUSDT,bid,2550,4785.704
2024-08-21 07:06:11,ETHUSDT,ask,2850,3822.84
2024-08-21 07:29:10,ETHUSDT,bid,2350,4334.312
2024-08-21 07:30:01,ETHUSDT,bid,1680,5969.698
2024-08-21 07:41:47,ETHUSDT,ask,2850,3822.853
2024-08-21 07:46:48,ETHUSDT,ask,2850,3822.98
2024-08-21 07:54:43,ETHUSDT,bid,1960,5145.043
2024-08-21 07:57:41,ETHUSDT,bid,2460,4078.141
2024-08-21 07:59:47,ETHUSDT,bid,2460,4077.651
2024-08-21 08:08:50,ETHUSDT,bid,2290,4365.012
2024-08-21 08:12:23,ETHUSDT,ask,2850,3822.994
2024-08-21 08:21:50,ETHUSDT,bid,2520,4025.021
2024-08-21 08:21:50,ETHUSDT,bid,2520,4223.197
2024-08-21 08:21:50,ETHUSDT,bid,2520,4421.373
2024-08-21 08:21:50,ETHUSDT,bid,2520,4619.549
2024-08-21 08:22:39,ETHUSDT,bid,1700,6024.713
2024-08-21 08:30:56,ETHUSDT,bid,2460,4077.691
2024-08-21 08:31:14,ETHUSDT,bid,1700,6027.484
2024-08-21 08:39:13,ETHUSDT,bid,1700,6028.984
2024-08-21 08:40:51,ETHUSDT,ask,2850,3822.885
2024-08-21 08:46:22,ETHUSDT,bid,2460,4078.191
2024-08-21 08:53:49,ETHUSDT,bid,2200,4588.385
2024-08-21 08:55:19,ETHUSDT,ask,2910,3454.692
2024-08-21 08:55:40,ETHUSDT,ask,2900,3443.464
2024-08-21 08:58:57,ETHUSDT,bid,1700,6028.996
2024-08-21 08:59:45,ETHUSDT,ask,3090,3230.717
2024-08-21 09:08:33,ETHUSDT,bid,2460,4076.591
2024-08-21 09:13:53,ETHUSDT,ask,2850,3822.895
2024-08-21 09:13:53,ETHUSDT,ask,2850,3822.905
2024-08-21 09:14:45,ETHUSDT,ask,2850,3822.915
2024-08-21 09:14:46,ETHUSDT,ask,2850,3822.925
2024-08-21 09:14:46,ETHUSDT,ask,2850,3822.935
2024-08-21 09:14:46,ETHUSDT,ask,2850,3822.945
2024-08-21 09:14:47,ETHUSDT,ask,2850,3822.955
2024-08-21 09:14:48,ETHUSDT,ask,2850,3822.965
2024-08-21 09:14:48,ETHUSDT,ask,2850,3822.975
2024-08-21 09:14:49,ETHUSDT,ask,2850,3822.975
2024-08-21 09:14:50,ETHUSDT,ask,2850,3822.965
2024-08-21 09:15:24,ETHUSDT,bid,2420,4147.371
2024-08-21 09:15:26,ETHUSDT,ask,2850,3822.955
2024-08-21 09:15:27,ETHUSDT,ask,2850,3822.945
2024-08-21 09:15:27,ETHUSDT,ask,2850,3822.935
2024-08-21 09:15:27,ETHUSDT,ask,2850,3822.925
2024-08-21 09:15:29,ETHUSDT,ask,2850,3822.915
2024-08-21 09:15:30,ETHUSDT,ask,2850,3822.905
2024-08-21 09:15:30,ETHUSDT,ask,2850,3822.895
2024-08-21 09:15:30,ETHUSDT,ask,2850,3822.885
2024-08-21 09:17:35,ETHUSDT,ask,2850,3822.895
2024-08-21 09:18:30,ETHUSDT,ask,2850,3822.885
2024-08-21 09:35:20,ETHUSDT,bid,2280,4389.946
2024-08-21 09:45:33,ETHUSDT,ask,2850,3822.895
2024-08-21 09:46:34,ETHUSDT,ask,2850,3822.885
2024-08-21 09:51:19,ETHUSDT,ask,2850,3822.688
2024-08-21 09:54:33,ETHUSDT,ask,2850,3822.698
2024-08-21 09:55:21,ETHUSDT,ask,2850,3822.688
2024-08-21 09:56:36,ETHUSDT,ask,2850,3822.68
2024-08-21 10:01:57,ETHUSDT,ask,2910,3455.262
2024-08-21 10:13:41,ETHUSDT,ask,2850,3822.69
2024-08-21 10:14:28,ETHUSDT,ask,2850,3822.68
2024-08-21 10:22:46,ETHUSDT,ask,2850,3822.69
2024-08-21 10:23:18,ETHUSDT,ask,2850,3822.68
2024-08-21 10:24:30,ETHUSDT,ask,2850,3822.69
2024-08-21 10:26:27,ETHUSDT,ask,2850,3822.69
2024-08-21 10:26:30,ETHUSDT,ask,2850,3822.7
2024-08-21 10:26:52,ETHUSDT,ask,2850,3822.709
2024-08-21 10:27:31,ETHUSDT,ask,2850,3822.699
2024-08-21 10:27:33,ETHUSDT,ask,2850,3822.689
2024-08-21 10:29:25,ETHUSDT,bid,1680,5969.53
2024-08-21 10:35:41,ETHUSDT,ask,2850,3822.68
2024-08-21 10:42:30,ETHUSDT,ask,2850,3822.69
2024-08-21 10:42:32,ETHUSDT,ask,2850,3819.644
2024-08-21 10:45:46,ETHUSDT,ask,2850,3819.57
2024-08-21 10:49:22,ETHUSDT,ask,2850,3819.717
2024-08-21 11:01:44,ETHUSDT,bid,2270,4433.221
2024-08-21 11:01:44,ETHUSDT,ask,2850,3819.084
2024-08-21 11:03:23,ETHUSDT,ask,2850,3819.094
2024-08-21 11:04:40,ETHUSDT,ask,2850,3819.084
2024-08-21 11:06:13,ETHUSDT,bid,1960,5145.027
2024-08-21 11:06:13,ETHUSDT,bid,2140,4700.903
2024-08-21 11:07:03,ETHUSDT,bid,1960,5145.419
2024-08-21 11:07:03,ETHUSDT,bid,2140,4701.295
2024-08-21 11:10:07,ETHUSDT,ask,2850,3819.888
2024-08-21 11:17:32,ETHUSDT,bid,1960,5145.43
2024-08-21 11:17:32,ETHUSDT,bid,2140,4701.306
2024-08-21 11:23:42,ETHUSDT,ask,2850,3819.898
2024-08-21 11:23:42,ETHUSDT,ask,2850,3819.908
2024-08-21 11:24:36,ETHUSDT,ask,2850,3819.898
2024-08-21 11:24:37,ETHUSDT,ask,2850,3819.888
2024-08-21 11:25:37,ETHUSDT,ask,2850,3819.898
2024-08-21 11:26:40,ETHUSDT,ask,2850,3819.888
2024-08-21 11:33:23,ETHUSDT,ask,2850,3819.896
2024-08-21 11:34:31,ETHUSDT,bid,2340,4281.466
2024-08-21 11:34:47,ETHUSDT,ask,2850,3819.888
2024-08-21 11:36:58,ETHUSDT,bid,2290,4364.903
2024-08-21 11:37:10,ETHUSDT,ask,2850,3819.985
2024-08-21 11:38:08,ETHUSDT,ask,2850,3819.888
2024-08-21 11:55:23,ETHUSDT,bid,2270,4434.221
2024-08-21 11:59:52,ETHUSDT,ask,2850,3819.898
2024-08-21 12:00:48,ETHUSDT,ask,2850,3819.888
2024-08-21 12:03:08,ETHUSDT,ask,2850,3819.898
2024-08-21 12:03:09,ETHUSDT,ask,2850,3819.908
2024-08-21 12:03:10,ETHUSDT,ask,2850,3819.918
2024-08-21 12:03:11,ETHUSDT,ask,2850,3819.928
2024-08-21 12:03:57,ETHUSDT,ask,2850,3819.918
2024-08-21 12:03:57,ETHUSDT,ask,2850,3819.908
2024-08-21 12:03:57,ETHUSDT,ask,2850,3819.898
2024-08-21 12:03:58,ETHUSDT,ask,2850,3819.888
2024-08-21 12:04:29,ETHUSDT,ask,2850,3819.908
2024-08-21 12:05:09,ETHUSDT,ask,2850,3819.898
2024-08-21 12:05:12,ETHUSDT,ask,2850,3819.888
2024-08-21 12:07:54,ETHUSDT,ask,2850,3819.898
2024-08-21 12:08:31,ETHUSDT,ask,2850,3819.888
2024-08-21 12:08:54,ETHUSDT,ask,2850,3819.898
2024-08-21 12:08:55,ETHUSDT,ask,2850,3819.908
2024-08-21 12:08:58,ETHUSDT,ask,2850,3819.918
2024-08-21 12:08:58,ETHUSDT,ask,2850,3819.928
2024-08-21 12:08:59,ETHUSDT,ask,2850,3819.938
2024-08-21 12:08:59,ETHUSDT,ask,2850,3819.948
2024-08-21 12:09:41,ETHUSDT,ask,2850,3819.938
2024-08-21 12:09:41,ETHUSDT,ask,2850,3819.928
2024-08-21 12:09:43,ETHUSDT,ask,2850,3819.918
2024-08-21 12:09:43,ETHUSDT,ask,2850,3819.908
2024-08-21 12:09:45,ETHUSDT,ask,2850,3819.898
2024-08-21 12:09:45,ETHUSDT,ask,2850,3819.888
2024-08-21 12:10:10,ETHUSDT,ask,2850,3819.879
2024-08-21 12:19:43,ETHUSDT,bid,2140,4701.12
2024-08-21 12:21:19,ETHUSDT,bid,2350,4329.312
2024-08-21 12:44:01,ETHUSDT,ask,2850,3819.889
2024-08-21 12:44:43,ETHUSDT,ask,2850,3819.879
2024-08-21 12:54:38,ETHUSDT,bid,2460,4076.541
2024-08-21 12:57:34,ETHUSDT,ask,2850,3819.889
2024-08-21 12:57:40,ETHUSDT,ask,2850,3819.899
2024-08-21 12:57:41,ETHUSDT,ask,2850,3819.909
2024-08-21 12:58:20,ETHUSDT,ask,2850,3819.899
2024-08-21 12:58:23,ETHUSDT,ask,2850,3819.889
2024-08-21 12:58:23,ETHUSDT,ask,2850,3819.879
2024-08-21 13:03:52,ETHUSDT,ask,2850,3816.799
2024-08-21 13:07:33,ETHUSDT,bid,2280,4390.096
2024-08-21 13:16:26,ETHUSDT,ask,2900,3442.991
2024-08-21 13:20:19,ETHUSDT,ask,2850,3816.624
2024-08-21 13:21:05,ETHUSDT,bid,2340,4281.476
2024-08-21 13:21:52,ETHUSDT,bid,2340,4281.466
2024-08-21 13:24:14,ETHUSDT,bid,2340,4279.466
2024-08-21 13:27:00,ETHUSDT,bid,1700,6026.008
2024-08-21 13:27:15,ETHUSDT,bid,2340,4279.475
2024-08-21 13:27:16,ETHUSDT,bid,2340,4279.484
2024-08-21 13:27:17,ETHUSDT,bid,2340,4279.493
2024-08-21 13:27:18,ETHUSDT,bid,2340,4279.502
2024-08-21 13:27:24,ETHUSDT,bid,2340,4279.493
2024-08-21 13:27:26,ETHUSDT,bid,2340,4279.484
2024-08-21 13:27:26,ETHUSDT,bid,2340,4279.475
2024-08-21 13:27:27,ETHUSDT,bid,2340,4279.466
2024-08-21 13:28:37,ETHUSDT,bid,2340,4279.466
2024-08-21 13:28:38,ETHUSDT,bid,2340,4279.476
2024-08-21 13:28:39,ETHUSDT,bid,2340,4279.476
2024-08-21 13:28:40,ETHUSDT,bid,2340,4279.492
2024-08-21 13:28:40,ETHUSDT,bid,2340,4279.492
2024-08-21 13:28:40,ETHUSDT,bid,2340,4279.508
2024-08-21 13:28:41,ETHUSDT,bid,2340,4279.517
2024-08-21 13:28:41,ETHUSDT,bid,2340,4279.526
2024-08-21 13:28:50,ETHUSDT,bid,2340,4279.517
2024-08-21 13:28:50,ETHUSDT,bid,2340,4279.508
2024-08-21 13:28:50,ETHUSDT,bid,2340,4279.517
2024-08-21 13:28:51,ETHUSDT,bid,2340,4279.526
2024-08-21 13:28:51,ETHUSDT,bid,2340,4279.535
2024-08-21 13:28:52,ETHUSDT,bid,2340,4279.544
2024-08-21 13:28:59,ETHUSDT,bid,2340,4279.535
2024-08-21 13:29:00,ETHUSDT,bid,2340,4279.526
2024-08-21 13:29:00,ETHUSDT,bid,2340,4279.517
2024-08-21 13:29:00,ETHUSDT,bid,2340,4279.508
2024-08-21 13:29:23,ETHUSDT,bid,2340,4279.498
2024-08-21 13:29:42,ETHUSDT,ask,2850,3816.755
2024-08-21 13:30:54,ETHUSDT,bid,2340,4279.508
2024-08-21 13:31:38,ETHUSDT,bid,2340,4279.498
2024-08-21 13:38:24,ETHUSDT,bid,2420,4147.791
2024-08-21 13:38:40,ETHUSDT,bid,2340,4279.482
2024-08-21 13:38:40,ETHUSDT,bid,2340,4279.466
2024-08-21 13:40:04,ETHUSDT,bid,1960,5145.038
2024-08-21 13:40:04,ETHUSDT,bid,2140,4700.728
2024-08-21 13:43:24,ETHUSDT,bid,2340,4279.466
2024-08-21 13:43:25,ETHUSDT,bid,2340,4279.466
2024-08-21 13:44:37,ETHUSDT,bid,2340,4279.476
2024-08-21 13:44:38,ETHUSDT,bid,2340,4279.486
2024-08-21 13:44:53,ETHUSDT,bid,2340,4279.495
2024-08-21 13:44:53,ETHUSDT,bid,2340,4279.504
2024-08-21 13:44:54,ETHUSDT,bid,2340,4279.513
2024-08-21 13:44:55,ETHUSDT,bid,2340,4279.531
2024-08-21 13:44:55,ETHUSDT,bid,2340,4279.54
2024-08-21 13:44:55,ETHUSDT,bid,2340,4279.549
2024-08-21 13:45:02,ETHUSDT,bid,2340,4279.54
2024-08-21 13:45:02,ETHUSDT,bid,2340,4279.531
2024-08-21 13:45:03,ETHUSDT,bid,2340,4279.522
2024-08-21 13:45:04,ETHUSDT,bid,2340,4279.504
2024-08-21 13:45:04,ETHUSDT,bid,2340,4279.495
2024-08-21 13:45:04,ETHUSDT,bid,2340,4279.486
2024-08-21 13:45:10,ETHUSDT,bid,2340,4279.486
2024-08-21 13:45:11,ETHUSDT,bid,2340,4279.486
2024-08-21 13:45:31,ETHUSDT,bid,2340,4279.476
2024-08-21 13:45:32,ETHUSDT,bid,2340,4279.466
2024-08-21 13:51:50,ETHUSDT,bid,2350,4328.427
2024-08-21 14:00:36,ETHUSDT,ask,2850,3825.479
2024-08-21 14:00:56,ETHUSDT,bid,1710,5862.405
2024-08-21 14:02:34,ETHUSDT,bid,2340,4279.475
2024-08-21 14:02:43,ETHUSDT,bid,2340,4279.466
2024-08-21 14:02:47,ETHUSDT,bid,2340,4279.476
2024-08-21 14:03:01,ETHUSDT,bid,2340,4279.485
2024-08-21 14:03:10,ETHUSDT,bid,2340,4279.476
2024-08-21 14:03:27,ETHUSDT,bid,2340,4279.466
2024-08-21 14:03:50,ETHUSDT,bid,2340,4279.475
2024-08-21 14:03:51,ETHUSDT,bid,2340,4279.493
2024-08-21 14:03:51,ETHUSDT,bid,2340,4279.502
2024-08-21 14:03:51,ETHUSDT,bid,2340,4279.511
2024-08-21 14:03:52,ETHUSDT,bid,2340,4279.52
2024-08-21 14:03:52,ETHUSDT,bid,2340,4279.529
2024-08-21 14:03:59,ETHUSDT,bid,2340,4279.52
2024-08-21 14:04:00,ETHUSDT,bid,2340,4279.511
2024-08-21 14:04:00,ETHUSDT,bid,2340,4279.493
2024-08-21 14:04:00,ETHUSDT,bid,2340,4279.484
2024-08-21 14:04:01,ETHUSDT,bid,2340,4279.475
2024-08-21 14:04:01,ETHUSDT,bid,2340,4279.466
2024-08-21 14:04:48,ETHUSDT,ask,2850,3825.471
2024-08-21 14:10:01,ETHUSDT,ask,2850,3825.634
2024-08-21 14:11:27,ETHUSDT,bid,1940,5162.037
2024-08-21 14:13:04,ETHUSDT,bid,2340,4279.476
2024-08-21 14:13:31,ETHUSDT,ask,2600,4281.73
2024-08-21 14:13:31,ETHUSDT,ask,2600,4281.73
2024-08-21 14:13:32,ETHUSDT,ask,2600,4292.965
2024-08-21 14:13:32,ETHUSDT,ask,2600,4281.73
2024-08-21 14:13:33,ETHUSDT,ask,2600,4281.73
2024-08-21 14:13:35,ETHUSDT,ask,2600,4281.73
2024-08-21 14:13:36,ETHUSDT,ask,2600,4292.965
2024-08-21 14:13:36,ETHUSDT,ask,2600,4281.73
2024-08-21 14:13:37,ETHUSDT,ask,2600,4281.73
2024-08-21 14:13:37,ETHUSDT,ask,2600,3893.184
2024-08-21 14:13:39,ETHUSDT,ask,2600,3892.547
2024-08-21 14:13:39,ETHUSDT,ask,2600,4293.183
2024-08-21 14:13:39,ETHUSDT,ask,2600,4282.528
2024-08-21 14:13:39,ETHUSDT,ask,2600,4284.967
2024-08-21 14:13:40,ETHUSDT,ask,2600,4284.929
2024-08-21 14:13:41,ETHUSDT,bid,2340,4279.466
2024-08-21 14:13:41,ETHUSDT,ask,2600,4284.929
2024-08-21 14:13:42,ETHUSDT,ask,2600,4296.044
2024-08-21 14:13:42,ETHUSDT,ask,2600,4284.809
2024-08-21 14:13:43,ETHUSDT,ask,2600,4284.809
2024-08-21 14:13:44,ETHUSDT,ask,2600,4285.001
2024-08-21 14:15:57,ETHUSDT,ask,2850,3825.599
2024-08-21 14:16:59,ETHUSDT,bid,2340,4279.484
2024-08-21 14:17:00,ETHUSDT,bid,2340,4279.493
2024-08-21 14:17:02,ETHUSDT,bid,2340,4279.502
2024-08-21 14:17:03,ETHUSDT,bid,2340,4279.511
2024-08-21 14:17:04,ETHUSDT,bid,2340,4279.52
2024-08-21 14:17:05,ETHUSDT,bid,2340,4279.529
2024-08-21 14:17:05,ETHUSDT,bid,2340,4279.538
2024-08-21 14:17:05,ETHUSDT,bid,2340,4279.547
2024-08-21 14:17:06,ETHUSDT,bid,2340,4279.556
2024-08-21 14:17:06,ETHUSDT,bid,2340,4279.565
2024-08-21 14:17:08,ETHUSDT,bid,2340,4279.574
2024-08-21 14:17:08,ETHUSDT,bid,2340,4279.574
2024-08-21 14:17:09,ETHUSDT,bid,2340,4279.565
2024-08-21 14:17:09,ETHUSDT,bid,2340,4279.574
2024-08-21 14:17:11,ETHUSDT,bid,2340,4279.565
2024-08-21 14:17:12,ETHUSDT,bid,2340,4279.556
2024-08-21 14:17:13,ETHUSDT,bid,2340,4279.547
2024-08-21 14:17:14,ETHUSDT,bid,2340,4279.538
2024-08-21 14:17:14,ETHUSDT,bid,2340,4279.529
2024-08-21 14:17:14,ETHUSDT,bid,2340,4279.52
2024-08-21 14:17:15,ETHUSDT,bid,2340,4279.511
2024-08-21 14:17:15,ETHUSDT,bid,2340,4279.502
2024-08-21 14:17:17,ETHUSDT,bid,2340,4279.493
2024-08-21 14:17:17,ETHUSDT,bid,2340,4279.475
2024-08-21 14:17:19,ETHUSDT,bid,2340,4279.466
2024-08-21 14:17:23,ETHUSDT,bid,2340,4279.475
2024-08-21 14:17:23,ETHUSDT,bid,2340,4279.484
2024-08-21 14:17:31,ETHUSDT,bid,2340,4279.475
2024-08-21 14:17:32,ETHUSDT,bid,2340,4279.466
2024-08-21 14:17:45,ETHUSDT,bid,2340,4279.475
2024-08-21 14:17:54,ETHUSDT,bid,2340,4279.466
2024-08-21 14:18:24,ETHUSDT,ask,2850,3825.599
2024-08-21 14:21:47,ETHUSDT,ask,2850,3825.619
2024-08-21 14:21:56,ETHUSDT,bid,2340,4279.476
2024-08-21 14:21:57,ETHUSDT,bid,2340,4279.486
2024-08-21 14:23:06,ETHUSDT,bid,2340,4279.476
2024-08-21 14:23:07,ETHUSDT,bid,2340,4279.466
2024-08-21 14:24:23,ETHUSDT,bid,2340,4279.466
2024-08-21 14:24:24,ETHUSDT,bid,2340,4279.466
2024-08-21 14:24:25,ETHUSDT,bid,2340,4279.466
2024-08-21 14:24:26,ETHUSDT,bid,2340,4279.475
2024-08-21 14:24:26,ETHUSDT,bid,2340,4279.466
2024-08-21 14:24:27,ETHUSDT,bid,2340,4279.466
2024-08-21 14:24:28,ETHUSDT,bid,2340,4279.466
2024-08-21 14:24:29,ETHUSDT,bid,2340,4279.466
2024-08-21 14:24:29,ETHUSDT,bid,2340,4279.476
2024-08-21 14:24:30,ETHUSDT,bid,2340,4279.476
2024-08-21 14:24:31,ETHUSDT,bid,2340,4279.476
2024-08-21 14:24:32,ETHUSDT,bid,2340,4279.476
2024-08-21 14:24:33,ETHUSDT,bid,2340,4279.476
2024-08-21 14:24:34,ETHUSDT,bid,2340,4279.486
2024-08-21 14:24:34,ETHUSDT,bid,2340,4279.486
2024-08-21 14:25:02,ETHUSDT,bid,2340,4279.486
2024-08-21 14:25:03,ETHUSDT,bid,2340,4279.486
2024-08-21 14:25:25,ETHUSDT,bid,2340,4279.476
2024-08-21 14:25:28,ETHUSDT,bid,2340,4279.466
2024-08-21 14:28:54,ETHUSDT,bid,1960,5144.915
2024-08-21 14:34:29,ETHUSDT,ask,2850,3825.635
2024-08-21 14:35:30,ETHUSDT,bid,2340,4279.476
2024-08-21 14:36:06,ETHUSDT,bid,2340,4279.466
2024-08-21 14:40:00,ETHUSDT,ask,2910,3456.429
2024-08-21 14:40:10,ETHUSDT,ask,2850,3825.619
2024-08-21 14:41:12,ETHUSDT,bid,1680,5968.53
2024-08-21 14:41:43,ETHUSDT,bid,1700,6024.508
2024-08-21 14:44:46,ETHUSDT,ask,2850,3825.603
2024-08-21 14:56:11,ETHUSDT,ask,2910,3456.903
2024-08-21 15:05:20,ETHUSDT,ask,2850,3825.091
2024-08-21 15:08:50,ETHUSDT,ask,2850,3825.111
2024-08-21 15:08:52,ETHUSDT,ask,2850,3825.101
2024-08-21 15:08:58,ETHUSDT,ask,2850,3825.091
2024-08-21 15:09:32,ETHUSDT,ask,2850,3825.101
2024-08-21 15:10:04,ETHUSDT,ask,2910,3457.761
2024-08-21 15:10:10,ETHUSDT,ask,2850,3825.091
2024-08-21 15:11:04,ETHUSDT,ask,2890,3457.333
2024-08-21 15:14:39,ETHUSDT,ask,2850,3824.974
2024-08-21 15:18:29,ETHUSDT,ask,2850,3824.982
2024-08-21 15:20:55,ETHUSDT,ask,2850,3824.314
2024-08-21 15:21:51,ETHUSDT,bid,2140,4700.714
2024-08-21 15:21:51,ETHUSDT,ask,2850,3824.3
2024-08-21 15:24:31,ETHUSDT,ask,2850,3824.968
2024-08-21 15:33:59,ETHUSDT,bid,2350,4338.309
2024-08-21 15:35:36,ETHUSDT,ask,2900,3443.63
2024-08-21 15:36:01,ETHUSDT,ask,2850,3824.968
2024-08-21 15:43:35,ETHUSDT,ask,2850,3824.978
2024-08-21 15:44:36,ETHUSDT,ask,2850,3824.968
2024-08-21 15:52:11,ETHUSDT,bid,1960,5144.904
2024-08-21 15:52:11,ETHUSDT,bid,2140,4700.703
2024-08-21 15:53:33,ETHUSDT,bid,2380,4389.289
2024-08-21 15:53:33,ETHUSDT,bid,2380,4689.289
2024-08-21 15:59:59,ETHUSDT,bid,2350,4342.23
2024-08-21 16:08:52,ETHUSDT,bid,1940,5161.574
2024-08-21 16:10:12,ETHUSDT,ask,2850,3825.002
2024-08-21 16:32:53,ETHUSDT,ask,2850,3825.177
2024-08-21 16:33:59,ETHUSDT,bid,2230,4529.504
2024-08-21 16:35:19,ETHUSDT,ask,2850,3825.182
2024-08-21 16:40:17,ETHUSDT,bid,2350,4332.348
2024-08-21 16:49:41,ETHUSDT,bid,2140,4700.713
2024-08-21 16:49:41,ETHUSDT,ask,2850,3825.192
2024-08-21 16:51:21,ETHUSDT,ask,2850,3837.018
2024-08-21 16:55:27,ETHUSDT,bid,2340,4279.596
2024-08-21 17:05:22,ETHUSDT,bid,1960,5144.943
2024-08-21 17:05:22,ETHUSDT,bid,2140,4700.752
2024-08-21 17:10:46,ETHUSDT,ask,2910,3457.191
2024-08-21 17:29:19,ETHUSDT,ask,2850,3836.141
2024-08-21 17:39:42,ETHUSDT,bid,2200,4593.196
2024-08-21 17:42:04,ETHUSDT,ask,2850,3836.131
2024-08-21 17:51:32,ETHUSDT,bid,1960,5144.904
2024-08-21 17:53:37,ETHUSDT,bid,2350,4328.427
2024-08-21 17:58:36,ETHUSDT,bid,2340,4279.34
2024-08-21 18:07:36,ETHUSDT,bid,2340,4279.331
2024-08-21 18:10:47,ETHUSDT,bid,2460,4076.071
2024-08-21 18:25:38,ETHUSDT,bid,2350,4343.427
2024-08-21 18:31:55,ETHUSDT,ask,2850,3836.117
2024-08-21 18:45:25,ETHUSDT,bid,1700,6024.914
2024-08-21 18:45:25,ETHUSDT,bid,2270,4434.627
2024-08-21 18:51:19,ETHUSDT,ask,2910,3457.391
2024-08-21 18:58:10,ETHUSDT,bid,1700,6024.508
2024-08-21 18:58:10,ETHUSDT,bid,2270,4434.221
2024-08-21 18:58:10,ETHUSDT,ask,2850,3836.117
2024-08-21 19:04:50,ETHUSDT,ask,2850,3835.99
2024-08-21 19:18:34,ETHUSDT,bid,1940,5161.764
2024-08-21 19:18:34,ETHUSDT,bid,1960,5145.094
2024-08-21 19:18:34,ETHUSDT,bid,2140,4700.903
2024-08-21 19:18:34,ETHUSDT,bid,2270,4434.411
2024-08-21 19:22:12,ETHUSDT,ask,2850,3838.395
2024-08-21 19:24:26,ETHUSDT,bid,2340,4282.331
2024-08-21 19:24:50,ETHUSDT,bid,2340,4279.331
2024-08-21 19:30:01,ETHUSDT,bid,1940,5161.574
2024-08-21 19:30:01,ETHUSDT,bid,1960,5144.904
2024-08-21 19:30:01,ETHUSDT,bid,2140,4700.713
2024-08-21 19:30:01,ETHUSDT,bid,2270,4434.221
2024-08-21 19:30:45,ETHUSDT,bid,2420,4147.811
2024-08-21 19:34:15,ETHUSDT,bid,2420,4147.791
2024-08-21 19:38:42,ETHUSDT,bid,2270,4434.144
2024-08-21 19:48:31,ETHUSDT,ask,2850,3842.754
2024-08-21 19:48:31,ETHUSDT,bid,2460,4078.071
2024-08-21 19:48:54,ETHUSDT,ask,2850,3838.395
2024-08-21 19:49:39,ETHUSDT,bid,2460,4074.071
2024-08-21 19:50:55,ETHUSDT,ask,2850,3851.395
2024-08-21 19:58:14,ETHUSDT,bid,2340,4279.251
