2024-08-30 07:00:02,BTCUSD_PERP,bid,58800,522.38
2024-08-30 07:01:01,BTCUSD_PERP,bid,58800,522.06
2024-08-30 07:01:01,BTCUSD_PERP,bid,58800,696.87
2024-08-30 07:01:15,BTCUSD_PERP,bid,58800,638.6
2024-08-30 07:01:15,BTCUSD_PERP,bid,58800,522.06
2024-08-30 07:01:15,BTCUSD_PERP,bid,58800,522.36
2024-08-30 07:01:16,BTCUSD_PERP,bid,58800,580.01
2024-08-30 07:01:21,BTCUSD_PERP,bid,58800,637.66
2024-08-30 07:01:29,BTCUSD_PERP,bid,58800,580.02
2024-08-30 07:01:29,BTCUSD_PERP,bid,58800,521.78
2024-08-30 07:01:31,BTCUSD_PERP,bid,58700,531.88
2024-08-30 07:01:31,BTCUSD_PERP,bid,58700,647.71
2024-08-30 07:02:00,BTCUSD_PERP,bid,58700,589.5
2024-08-30 07:10:50,BTCUSD_PERP,bid,58700,522.33
2024-08-30 07:10:50,BTCUSD_PERP,bid,58700,638.08
2024-08-30 07:10:50,BTCUSD_PERP,bid,58700,695.65
2024-08-30 07:14:03,BTCUSD_PERP,bid,58600,521.02
2024-08-30 07:14:10,BTCUSD_PERP,bid,58600,936.5
2024-08-30 07:14:10,BTCUSD_PERP,bid,58600,994.57
2024-08-30 07:14:11,BTCUSD_PERP,bid,58600,820.46
2024-08-30 07:14:11,BTCUSD_PERP,bid,58600,579.71
2024-08-30 07:14:11,BTCUSD_PERP,bid,58600,637.81
2024-08-30 07:14:11,BTCUSD_PERP,bid,58600,695.91
2024-08-30 07:14:12,BTCUSD_PERP,bid,58600,754.01
2024-08-30 07:15:11,BTCUSD_PERP,bid,58600,695.91
2024-08-30 07:15:29,BTCUSD_PERP,bid,58600,637.81
2024-08-30 07:15:32,BTCUSD_PERP,bid,58700,1062.3
2024-08-30 07:15:32,BTCUSD_PERP,bid,58700,1178.56
2024-08-30 07:16:22,BTCUSD_PERP,bid,58700,1120.43
2024-08-30 07:16:22,BTCUSD_PERP,bid,58700,1004.87
2024-08-30 07:16:22,BTCUSD_PERP,bid,58700,946.74
2024-08-30 07:16:22,BTCUSD_PERP,bid,58700,772.95
2024-08-30 07:16:22,BTCUSD_PERP,bid,58700,714.82
2024-08-30 07:16:23,BTCUSD_PERP,bid,58700,656.69
2024-08-30 07:16:23,BTCUSD_PERP,bid,58700,599.16
2024-08-30 07:16:23,BTCUSD_PERP,bid,58600,521.7
2024-08-30 07:16:23,BTCUSD_PERP,bid,58600,637.3
2024-08-30 07:16:23,BTCUSD_PERP,bid,58600,752.9
2024-08-30 07:16:23,BTCUSD_PERP,bid,58600,811.0
2024-08-30 07:16:24,BTCUSD_PERP,bid,58600,868.51
2024-08-30 07:16:24,BTCUSD_PERP,bid,58600,926.01
2024-08-30 07:16:24,BTCUSD_PERP,bid,58600,984.11
2024-08-30 07:16:24,BTCUSD_PERP,bid,58600,1042.21
2024-08-30 07:18:06,BTCUSD_PERP,bid,58600,522.31
2024-08-30 07:18:06,BTCUSD_PERP,bid,58600,1040.82
2024-08-30 07:18:06,BTCUSD_PERP,bid,58600,1098.88
2024-08-30 07:20:35,BTCUSD_PERP,bid,58600,867.83
2024-08-30 07:20:36,BTCUSD_PERP,bid,58600,752.3
2024-08-30 07:20:36,BTCUSD_PERP,bid,58600,694.84
2024-08-30 07:20:36,BTCUSD_PERP,bid,58600,636.78
2024-08-30 07:20:36,BTCUSD_PERP,bid,58600,578.72
2024-08-30 07:20:37,BTCUSD_PERP,bid,58600,637.65
2024-08-30 07:20:37,BTCUSD_PERP,bid,58600,695.15
2024-08-30 07:20:37,BTCUSD_PERP,bid,58600,753.23
2024-08-30 07:20:37,BTCUSD_PERP,bid,58600,868.81
2024-08-30 07:22:23,BTCUSD_PERP,bid,58600,810.73
2024-08-30 07:22:23,BTCUSD_PERP,bid,58600,753.23
2024-08-30 07:22:24,BTCUSD_PERP,bid,58600,637.07
2024-08-30 07:22:24,BTCUSD_PERP,bid,58700,580.52
2024-08-30 07:22:25,BTCUSD_PERP,bid,58700,695.59
2024-08-30 07:22:25,BTCUSD_PERP,bid,58700,811.24
2024-08-30 07:22:25,BTCUSD_PERP,bid,58700,869.36
2024-08-30 07:22:25,BTCUSD_PERP,bid,58700,926.89
2024-08-30 07:23:06,BTCUSD_PERP,bid,58700,753.7
2024-08-30 07:23:06,BTCUSD_PERP,bid,58700,696.17
2024-08-30 07:23:06,BTCUSD_PERP,bid,58700,638.05
2024-08-30 07:23:06,BTCUSD_PERP,bid,58700,520.4
2024-08-30 07:23:07,BTCUSD_PERP,bid,58700,580.02
2024-08-30 07:23:07,BTCUSD_PERP,bid,58700,578.46
2024-08-30 07:23:07,BTCUSD_PERP,bid,58700,521.9
2024-08-30 07:23:07,BTCUSD_PERP,bid,58700,636.61
2024-08-30 07:24:56,BTCUSD_PERP,bid,58700,578.73
2024-08-30 07:24:56,BTCUSD_PERP,bid,58700,636.25
2024-08-30 07:25:55,BTCUSD_PERP,ask,59800,504.68
2024-08-30 07:25:58,BTCUSD_PERP,ask,59800,514.25
2024-08-30 07:25:59,BTCUSD_PERP,bid,58700,578.23
2024-08-30 07:26:00,BTCUSD_PERP,bid,58700,521.69
2024-08-30 07:26:01,BTCUSD_PERP,bid,58700,579.85
2024-08-30 07:26:01,BTCUSD_PERP,bid,58700,579.89
2024-08-30 07:26:01,BTCUSD_PERP,bid,58700,638.05
2024-08-30 07:26:01,BTCUSD_PERP,bid,58700,753.17
2024-08-30 07:26:03,BTCUSD_PERP,bid,58700,753.21
2024-08-30 07:26:41,BTCUSD_PERP,bid,58700,521.76
2024-08-30 07:26:42,BTCUSD_PERP,bid,58700,520.72
2024-08-30 07:26:42,BTCUSD_PERP,bid,58700,578.91
2024-08-30 07:26:43,BTCUSD_PERP,bid,58700,637.1
2024-08-30 07:26:43,BTCUSD_PERP,bid,58700,695.29
2024-08-30 07:26:44,BTCUSD_PERP,bid,58700,695.33
2024-08-30 07:27:11,BTCUSD_PERP,bid,58700,637.73
2024-08-30 07:27:11,BTCUSD_PERP,bid,58700,521.35
2024-08-30 07:27:12,BTCUSD_PERP,bid,58800,522.68
2024-08-30 07:27:12,BTCUSD_PERP,bid,58800,696.74
2024-08-30 07:27:13,BTCUSD_PERP,bid,58800,754.36
2024-08-30 07:27:13,BTCUSD_PERP,bid,58700,522.37
2024-08-30 07:27:13,BTCUSD_PERP,bid,58800,812.58
2024-08-30 07:27:13,BTCUSD_PERP,bid,58800,870.8
2024-08-30 07:27:13,BTCUSD_PERP,bid,58800,928.42
