2024-08-23 07:01:52,BTCUSD_PERP,bid,59800,650.39
2024-08-23 07:01:52,BTCUSD_PERP,bid,59800,709.64
2024-08-23 07:02:00,BTCUSD_PERP,bid,59800,650.39
2024-08-23 07:02:01,BTCUSD_PERP,bid,59800,591.26
2024-08-23 07:02:01,BTCUSD_PERP,bid,59800,532.01
2024-08-23 07:02:02,BTCUSD_PERP,bid,59800,532.19
2024-08-23 07:02:02,BTCUSD_PERP,bid,59800,650.75
2024-08-23 07:02:02,BTCUSD_PERP,bid,59800,517.69
2024-08-23 07:02:02,BTCUSD_PERP,bid,59800,576.32
2024-08-23 07:02:02,BTCUSD_PERP,bid,59800,710.03
2024-08-23 07:02:02,BTCUSD_PERP,bid,59800,769.31
2024-08-23 07:06:07,BTCUSD_PERP,bid,59800,651.36
2024-08-23 07:06:08,BTCUSD_PERP,bid,59800,517.14
2024-08-23 07:06:08,BTCUSD_PERP,bid,59800,532.8
2024-08-23 07:08:21,BTCUSD_PERP,bid,59900,531.98
2024-08-23 07:08:21,BTCUSD_PERP,bid,59900,591.36
2024-08-23 07:08:21,BTCUSD_PERP,bid,59900,650.13
2024-08-23 07:09:06,BTCUSD_PERP,bid,60000,532.32
2024-08-23 07:09:07,BTCUSD_PERP,bid,60000,591.75
2024-08-23 07:09:07,BTCUSD_PERP,bid,60000,593.9
2024-08-23 07:09:13,BTCUSD_PERP,bid,60000,595.15
2024-08-23 07:09:17,BTCUSD_PERP,bid,60000,595.19
2024-08-23 12:02:35,BTCUSD_PERP,bid,60300,714.37
2024-08-23 12:02:35,BTCUSD_PERP,bid,60300,595.49
2024-08-23 12:02:36,BTCUSD_PERP,bid,60300,536.35
2024-08-23 12:02:46,BTCUSD_PERP,bid,60400,596.25
2024-08-23 12:02:46,BTCUSD_PERP,bid,60400,598.4
2024-08-23 12:02:46,BTCUSD_PERP,bid,60400,658.22
2024-08-23 12:03:02,BTCUSD_PERP,bid,60400,599.01
2024-08-23 12:03:02,BTCUSD_PERP,bid,60400,539.19
2024-08-23 12:03:03,BTCUSD_PERP,bid,60400,546.79
2024-08-23 12:03:03,BTCUSD_PERP,bid,60400,606.64
2024-08-23 12:03:03,BTCUSD_PERP,bid,60400,666.49
2024-08-23 12:03:08,BTCUSD_PERP,bid,60400,715.91
2024-08-23 12:03:17,BTCUSD_PERP,bid,60300,546.33
2024-08-23 12:03:31,BTCUSD_PERP,bid,60300,893.23
2024-08-23 12:03:31,BTCUSD_PERP,bid,60300,952.99
2024-08-23 12:05:47,BTCUSD_PERP,bid,60300,893.23
2024-08-23 12:05:47,BTCUSD_PERP,bid,60300,774.32
2024-08-23 12:05:47,BTCUSD_PERP,bid,60300,715.17
2024-08-23 12:05:47,BTCUSD_PERP,bid,60300,594.89
2024-08-23 12:05:47,BTCUSD_PERP,bid,60300,714.36
2024-08-23 12:05:47,BTCUSD_PERP,bid,60300,773.54
2024-08-23 12:05:48,BTCUSD_PERP,bid,60300,833.33
2024-08-23 12:05:48,BTCUSD_PERP,bid,60300,893.12
2024-08-23 12:05:48,BTCUSD_PERP,bid,60300,1012.7
2024-08-23 12:06:27,BTCUSD_PERP,bid,60300,953.52
2024-08-23 12:06:28,BTCUSD_PERP,bid,60300,894.35
2024-08-23 12:06:28,BTCUSD_PERP,bid,60300,774.77
2024-08-23 12:06:28,BTCUSD_PERP,bid,60300,714.98
2024-08-23 12:06:28,BTCUSD_PERP,bid,60300,655.19
2024-08-23 12:06:28,BTCUSD_PERP,bid,60300,594.43
2024-08-23 12:06:28,BTCUSD_PERP,bid,60300,654.19
2024-08-23 12:06:29,BTCUSD_PERP,bid,60300,952.38
2024-08-23 12:06:29,BTCUSD_PERP,bid,60300,1012.14
2024-08-23 12:06:34,BTCUSD_PERP,bid,60300,952.38
2024-08-23 12:06:34,BTCUSD_PERP,bid,60300,833.48
2024-08-23 12:06:34,BTCUSD_PERP,bid,60300,774.33
2024-08-23 12:06:35,BTCUSD_PERP,bid,60300,595.66
2024-08-23 12:06:35,BTCUSD_PERP,bid,60300,536.01
2024-08-23 12:06:35,BTCUSD_PERP,bid,60400,535.57
2024-08-23 12:06:35,BTCUSD_PERP,bid,60400,595.36
2024-08-23 12:06:35,BTCUSD_PERP,bid,60400,774.12
2024-08-23 12:06:35,BTCUSD_PERP,bid,60400,833.91
2024-08-23 12:06:35,BTCUSD_PERP,bid,60400,893.7
2024-08-23 12:06:36,BTCUSD_PERP,bid,60400,953.49
2024-08-23 12:06:36,BTCUSD_PERP,bid,60400,1013.28
2024-08-23 12:06:36,BTCUSD_PERP,bid,60400,1072.46
2024-08-23 12:07:16,BTCUSD_PERP,bid,60400,952.88
2024-08-23 12:07:16,BTCUSD_PERP,bid,60300,953.01
2024-08-23 12:07:16,BTCUSD_PERP,bid,60300,1012.77
2024-08-23 12:07:17,BTCUSD_PERP,bid,60300,1071.92
2024-08-23 12:08:26,BTCUSD_PERP,bid,60300,953.01
2024-08-23 12:08:26,BTCUSD_PERP,bid,60300,893.86
2024-08-23 12:08:26,BTCUSD_PERP,bid,60300,834.1
2024-08-23 12:08:26,BTCUSD_PERP,bid,60300,595.77
2024-08-23 12:08:26,BTCUSD_PERP,bid,60300,535.64
2024-08-23 12:08:26,BTCUSD_PERP,bid,60300,595.37
2024-08-23 12:08:27,BTCUSD_PERP,bid,60300,655.1
2024-08-23 12:08:27,BTCUSD_PERP,bid,60300,773.95
2024-08-23 12:08:28,BTCUSD_PERP,bid,60300,714.83
2024-08-23 12:08:28,BTCUSD_PERP,bid,60300,595.47
2024-08-23 12:08:29,BTCUSD_PERP,bid,60300,537.21
2024-08-23 12:08:29,BTCUSD_PERP,bid,60300,596.37
2024-08-23 12:08:30,BTCUSD_PERP,bid,60300,655.53
2024-08-23 12:08:30,BTCUSD_PERP,bid,60300,714.69
2024-08-23 12:08:30,BTCUSD_PERP,bid,60300,774.46
2024-08-23 12:09:41,BTCUSD_PERP,bid,60300,595.46
2024-08-23 12:09:41,BTCUSD_PERP,bid,60300,655.2
2024-08-23 12:11:08,BTCUSD_PERP,bid,60300,595.57
2024-08-23 12:11:08,BTCUSD_PERP,bid,60300,535.83
2024-08-23 12:11:09,BTCUSD_PERP,bid,60300,534.93
2024-08-23 12:11:09,BTCUSD_PERP,bid,60300,594.7
2024-08-23 12:11:09,BTCUSD_PERP,bid,60300,654.47
2024-08-23 12:11:09,BTCUSD_PERP,bid,60300,773.41
2024-08-23 12:11:25,BTCUSD_PERP,bid,60300,714.24
2024-08-23 12:11:25,BTCUSD_PERP,bid,60300,654.47
2024-08-23 12:11:26,BTCUSD_PERP,bid,60300,536.13
2024-08-23 12:11:27,BTCUSD_PERP,bid,60400,535.94
2024-08-23 12:12:21,BTCUSD_PERP,bid,60300,535.72
2024-08-23 12:12:21,BTCUSD_PERP,bid,60300,595.51
