2024-08-11 00:09:02,BTCUSDT,bid,59800,509.102
2024-08-11 00:13:09,BTCUSDT,bid,59800,508.814
2024-08-11 00:24:50,BTCUSDT,bid,59800,508.818
2024-08-11 00:27:15,BTCUSDT,bid,59800,508.826
2024-08-11 00:28:16,BTCUSDT,bid,59800,508.818
2024-08-11 00:43:07,BTCUSDT,bid,59800,508.86
2024-08-11 00:48:51,BTCUSDT,bid,59800,508.342
2024-08-11 00:53:40,BTCUSDT,bid,59800,508.626
2024-08-11 00:54:07,BTCUSDT,bid,59800,508.528
2024-08-11 00:55:10,BTCUSDT,bid,47000,853.542
2024-08-11 00:55:51,BTCUSDT,bid,47000,853.537
2024-08-11 00:57:31,BTCUSDT,bid,59800,508.244
2024-08-11 01:07:15,BTCUSDT,bid,47500,635.699
2024-08-11 01:09:20,BTCUSDT,bid,47500,635.704
2024-08-11 01:12:15,BTCUSDT,bid,59800,508.444
2024-08-11 01:12:17,BTCUSDT,bid,59800,508.244
2024-08-11 01:16:17,BTCUSDT,bid,59800,508.215
2024-08-11 01:18:11,BTCUSDT,bid,59800,508.205
2024-08-11 01:20:01,BTCUSDT,bid,47000,853.512
2024-08-11 01:20:23,BTCUSDT,bid,59800,509.039
2024-08-11 01:23:21,BTCUSDT,bid,59800,509.036
2024-08-11 01:25:26,BTCUSDT,bid,59800,509.112
2024-08-11 01:27:14,BTCUSDT,bid,59800,509.312
2024-08-11 01:27:16,BTCUSDT,bid,59800,509.112
2024-08-11 01:32:17,BTCUSDT,bid,59800,509.079
2024-08-11 01:33:28,BTCUSDT,bid,59800,509.279
2024-08-11 01:33:30,BTCUSDT,bid,59800,509.079
2024-08-11 01:37:12,BTCUSDT,bid,59800,509.279
2024-08-11 01:37:16,BTCUSDT,bid,59800,509.079
2024-08-11 01:37:16,BTCUSDT,bid,59800,509.279
2024-08-11 01:37:18,BTCUSDT,bid,59800,509.079
2024-08-11 01:37:21,BTCUSDT,bid,59800,509.279
2024-08-11 01:37:22,BTCUSDT,bid,59800,509.079
2024-08-11 01:37:23,BTCUSDT,bid,59800,509.279
2024-08-11 01:37:28,BTCUSDT,bid,59800,509.079
2024-08-11 01:37:51,BTCUSDT,bid,59800,509.279
2024-08-11 01:37:53,BTCUSDT,bid,59800,509.079
2024-08-11 01:43:08,BTCUSDT,bid,61000,800.902
2024-08-11 01:43:08,BTCUSDT,bid,61000,800.904
2024-08-11 01:43:08,BTCUSDT,bid,61000,800.906
2024-08-11 01:43:09,BTCUSDT,bid,61000,800.906
2024-08-11 01:43:09,BTCUSDT,bid,61000,800.904
2024-08-11 01:43:09,BTCUSDT,bid,61000,800.904
2024-08-11 01:43:09,BTCUSDT,bid,61000,800.904
2024-08-11 01:43:11,BTCUSDT,bid,61000,800.902
2024-08-11 01:43:12,BTCUSDT,bid,61000,800.906
2024-08-11 01:43:12,BTCUSDT,bid,61000,801.731
2024-08-11 01:43:12,BTCUSDT,bid,61000,800.906
2024-08-11 01:43:12,BTCUSDT,bid,61000,800.91
2024-08-11 01:43:13,BTCUSDT,bid,61000,801.735
2024-08-11 01:43:13,BTCUSDT,bid,61000,800.91
2024-08-11 01:43:14,BTCUSDT,bid,61000,800.91
2024-08-11 01:43:15,BTCUSDT,bid,61000,800.91
2024-08-11 01:43:17,BTCUSDT,bid,61000,800.969
2024-08-11 01:43:19,BTCUSDT,bid,61000,801.794
2024-08-11 01:43:19,BTCUSDT,bid,61000,800.969
2024-08-11 01:43:19,BTCUSDT,bid,61000,800.969
2024-08-11 01:43:19,BTCUSDT,bid,61000,800.969
2024-08-11 01:43:20,BTCUSDT,bid,61000,800.969
2024-08-11 01:43:22,BTCUSDT,bid,61000,800.969
2024-08-11 01:43:22,BTCUSDT,bid,61000,800.969
2024-08-11 01:43:23,BTCUSDT,bid,61000,801.794
2024-08-11 01:43:23,BTCUSDT,bid,61000,800.969
2024-08-11 01:43:25,BTCUSDT,bid,61000,800.969
2024-08-11 01:43:26,BTCUSDT,bid,61000,800.969
2024-08-11 01:43:28,BTCUSDT,bid,61000,800.969
2024-08-11 01:43:28,BTCUSDT,bid,61000,801.021
2024-08-11 01:43:28,BTCUSDT,bid,61000,800.94
2024-08-11 01:43:36,BTCUSDT,bid,61000,800.9
2024-08-11 01:43:45,BTCUSDT,bid,59800,508.245
2024-08-11 01:44:51,BTCUSDT,bid,47000,853.48
2024-08-11 01:50:36,BTCUSDT,bid,47300,806.328
2024-08-11 01:51:55,BTCUSDT,bid,59800,508.237
2024-08-11 02:12:53,BTCUSDT,bid,47000,853.427
2024-08-11 02:19:04,BTCUSDT,bid,59800,508.437
2024-08-11 02:19:07,BTCUSDT,bid,59800,508.237
2024-08-11 02:20:14,BTCUSDT,bid,59800,508.225
2024-08-11 02:25:33,BTCUSDT,bid,59800,509.071
2024-08-11 02:26:47,BTCUSDT,bid,59800,509.256
2024-08-11 02:27:35,BTCUSDT,bid,59800,509.071
2024-08-11 02:28:07,BTCUSDT,bid,59800,509.075
2024-08-11 02:37:50,BTCUSDT,bid,59800,509.116
2024-08-11 02:38:15,BTCUSDT,bid,59800,509.075
2024-08-11 02:39:03,BTCUSDT,bid,47500,635.697
2024-08-11 02:40:30,BTCUSDT,bid,59800,509.077
2024-08-11 02:52:42,BTCUSDT,bid,59800,509.277
2024-08-11 02:52:45,BTCUSDT,bid,59800,509.077
2024-08-11 02:52:46,BTCUSDT,bid,59800,509.277
2024-08-11 02:52:48,BTCUSDT,bid,59800,509.077
2024-08-11 02:53:57,BTCUSDT,bid,59800,509.277
2024-08-11 02:53:59,BTCUSDT,bid,59800,509.077
2024-08-11 02:54:00,BTCUSDT,bid,59800,509.277
2024-08-11 02:54:02,BTCUSDT,bid,59800,509.077
2024-08-11 02:56:43,BTCUSDT,bid,59800,508.451
2024-08-11 03:03:05,BTCUSDT,bid,59800,508.44
2024-08-11 03:04:07,BTCUSDT,bid,59800,508.64
2024-08-11 03:04:10,BTCUSDT,bid,59800,508.44
2024-08-11 03:06:09,BTCUSDT,bid,59800,508.64
2024-08-11 03:06:10,BTCUSDT,bid,59800,508.44
2024-08-11 03:19:02,BTCUSDT,bid,59800,508.64
2024-08-11 03:19:05,BTCUSDT,bid,59800,508.44
2024-08-11 03:25:42,BTCUSDT,bid,59800,508.522
2024-08-11 03:25:56,BTCUSDT,bid,59800,508.44
2024-08-11 03:26:09,BTCUSDT,bid,59800,508.522
2024-08-11 03:26:24,BTCUSDT,bid,59800,508.44
2024-08-11 03:39:27,BTCUSDT,bid,59800,507.81
2024-08-11 03:44:06,BTCUSDT,bid,59800,508.01
2024-08-11 03:44:09,BTCUSDT,bid,59800,507.81
2024-08-11 03:44:10,BTCUSDT,bid,59800,508.01
2024-08-11 03:44:12,BTCUSDT,bid,59800,507.81
2024-08-11 03:50:12,BTCUSDT,bid,47500,635.693
2024-08-11 03:55:15,BTCUSDT,bid,47000,853.382
2024-08-11 03:58:14,BTCUSDT,bid,47000,853.419
2024-08-11 03:58:20,BTCUSDT,bid,47000,853.382
2024-08-11 04:02:08,BTCUSDT,bid,59800,508.794
2024-08-11 04:02:38,BTCUSDT,bid,59800,507.81
2024-08-11 04:18:49,BTCUSDT,bid,47000,853.393
2024-08-11 04:32:23,BTCUSDT,bid,59800,507.784
2024-08-11 04:45:04,BTCUSDT,bid,59800,507.79
2024-08-11 04:45:11,BTCUSDT,bid,47000,853.533
2024-08-11 04:46:21,BTCUSDT,bid,59800,509.783
2024-08-11 04:49:20,BTCUSDT,bid,59800,507.79
2024-08-11 04:50:19,BTCUSDT,bid,47000,853.521
2024-08-11 05:05:51,BTCUSDT,bid,59800,507.99
2024-08-11 05:05:54,BTCUSDT,bid,59800,507.79
2024-08-11 05:07:33,BTCUSDT,bid,59800,507.99
2024-08-11 05:07:36,BTCUSDT,bid,59800,507.79
2024-08-11 05:17:42,BTCUSDT,bid,47000,853.541
2024-08-11 05:18:23,BTCUSDT,bid,59800,507.99
2024-08-11 05:18:25,BTCUSDT,bid,59800,507.79
2024-08-11 05:19:39,BTCUSDT,bid,59800,507.99
2024-08-11 05:19:41,BTCUSDT,bid,59800,507.79
2024-08-11 05:20:50,BTCUSDT,bid,59800,507.99
2024-08-11 05:20:53,BTCUSDT,bid,59800,507.79
2024-08-11 05:20:54,BTCUSDT,bid,59800,507.99
2024-08-11 05:20:57,BTCUSDT,bid,59800,507.79
2024-08-11 05:20:57,BTCUSDT,bid,59800,507.99
2024-08-11 05:20:59,BTCUSDT,bid,59800,507.79
2024-08-11 05:21:00,BTCUSDT,bid,59800,507.99
2024-08-11 05:21:03,BTCUSDT,bid,59800,507.79
2024-08-11 05:21:05,BTCUSDT,bid,59800,507.99
2024-08-11 05:21:07,BTCUSDT,bid,59800,507.79
2024-08-11 05:37:38,BTCUSDT,bid,59800,507.77
2024-08-11 05:41:16,BTCUSDT,bid,59800,508.104
2024-08-11 05:45:02,BTCUSDT,bid,59800,509.254
2024-08-11 05:45:04,BTCUSDT,bid,59800,510.255
2024-08-11 05:45:15,BTCUSDT,bid,59800,510.253
2024-08-11 05:47:27,BTCUSDT,bid,59800,510.453
2024-08-11 05:47:28,BTCUSDT,bid,59800,510.253
2024-08-11 05:47:30,BTCUSDT,bid,59800,510.453
2024-08-11 05:47:32,BTCUSDT,bid,59800,510.253
2024-08-11 05:47:35,BTCUSDT,bid,59800,510.453
2024-08-11 05:47:37,BTCUSDT,bid,59800,510.253
2024-08-11 05:50:09,BTCUSDT,bid,59800,509.103
2024-08-11 05:50:09,BTCUSDT,bid,59800,508.102
2024-08-11 05:51:01,BTCUSDT,bid,59800,508.502
2024-08-11 05:51:01,BTCUSDT,bid,59800,508.534
2024-08-11 05:51:23,BTCUSDT,bid,59800,508.784
2024-08-11 05:54:29,BTCUSDT,bid,59800,508.534
2024-08-11 05:56:01,BTCUSDT,bid,59800,508.102
2024-08-11 05:57:33,BTCUSDT,bid,47000,853.587
2024-08-11 05:57:41,BTCUSDT,bid,47300,806.346
2024-08-11 06:13:33,BTCUSDT,bid,59800,507.256
2024-08-11 06:18:34,BTCUSDT,bid,59800,507.258
2024-08-11 06:24:02,BTCUSDT,bid,59800,508.25
2024-08-11 06:24:03,BTCUSDT,bid,59800,509.242
2024-08-11 06:24:03,BTCUSDT,bid,59800,510.234
2024-08-11 06:25:57,BTCUSDT,bid,47000,853.584
2024-08-11 06:26:24,BTCUSDT,bid,59800,509.242
2024-08-11 06:26:24,BTCUSDT,bid,59800,508.25
2024-08-11 06:26:27,BTCUSDT,bid,59800,507.258
2024-08-11 06:27:41,BTCUSDT,bid,59800,507.777
2024-08-11 06:28:16,BTCUSDT,bid,59800,507.258
2024-08-11 06:29:09,BTCUSDT,bid,47500,635.69
2024-08-11 06:29:14,BTCUSDT,bid,59800,507.256
2024-08-11 06:32:11,BTCUSDT,bid,59800,508.09
2024-08-11 06:32:11,BTCUSDT,bid,59800,508.924
2024-08-11 06:32:16,BTCUSDT,bid,59800,509.758
2024-08-11 06:50:41,BTCUSDT,bid,47500,635.869
2024-08-11 06:55:37,BTCUSDT,bid,59800,508.924
2024-08-11 06:55:38,BTCUSDT,bid,59800,508.09
2024-08-11 06:55:49,BTCUSDT,bid,59800,507.256
2024-08-11 07:08:39,BTCUSDT,bid,59800,507.115
2024-08-11 07:10:21,BTCUSDT,bid,59800,507.165
2024-08-11 07:12:25,BTCUSDT,bid,47000,853.564
2024-08-11 07:12:37,BTCUSDT,bid,59800,507.089
2024-08-11 07:17:08,BTCUSDT,bid,59800,507.069
2024-08-11 07:22:39,BTCUSDT,bid,59800,507.058
2024-08-11 07:28:07,BTCUSDT,bid,47000,853.584
2024-08-11 07:29:25,BTCUSDT,bid,47000,853.564
2024-08-11 07:31:05,BTCUSDT,bid,47000,853.583
2024-08-11 07:32:50,BTCUSDT,bid,47000,853.587
2024-08-11 07:34:28,BTCUSDT,bid,47000,853.583
2024-08-11 07:49:29,BTCUSDT,bid,59800,506.985
2024-08-11 07:51:16,BTCUSDT,bid,59800,507.302
2024-08-11 07:56:03,BTCUSDT,bid,59800,507.3
2024-08-11 08:07:16,BTCUSDT,bid,59800,507.285
2024-08-11 08:20:42,BTCUSDT,bid,59800,507.485
2024-08-11 08:20:44,BTCUSDT,bid,59800,507.285
2024-08-11 09:04:42,BTCUSDT,bid,47500,635.866
2024-08-11 09:04:42,BTCUSDT,bid,47000,853.58
2024-08-11 09:05:33,BTCUSDT,bid,47000,853.584
2024-08-11 09:09:42,BTCUSDT,bid,47000,853.58
2024-08-11 09:09:42,BTCUSDT,bid,47500,635.862
2024-08-11 09:10:07,BTCUSDT,bid,47000,853.584
2024-08-11 10:17:43,BTCUSDT,bid,47000,853.59
2024-08-11 10:21:33,BTCUSDT,bid,47000,853.586
2024-08-11 10:25:17,BTCUSDT,ask,61300,508.032
2024-08-11 10:25:19,BTCUSDT,ask,61300,508.109
2024-08-11 10:25:20,BTCUSDT,ask,61300,508.394
2024-08-11 10:25:20,BTCUSDT,ask,61300,508.109
2024-08-11 10:25:24,BTCUSDT,ask,61300,508.111
2024-08-11 10:25:27,BTCUSDT,ask,61300,508.735
2024-08-11 10:25:28,BTCUSDT,ask,61300,508.211
2024-08-11 10:25:28,BTCUSDT,ask,61300,508.536
2024-08-11 10:25:33,BTCUSDT,ask,61300,508.538
2024-08-11 10:25:35,BTCUSDT,ask,61300,508.534
2024-08-11 10:25:42,BTCUSDT,ask,61300,508.591
2024-08-11 10:25:45,BTCUSDT,ask,61300,508.494
2024-08-11 10:25:48,BTCUSDT,ask,61300,510.123
2024-08-11 10:25:48,BTCUSDT,ask,61300,510.148
2024-08-11 10:26:01,BTCUSDT,ask,61300,510.158
2024-08-11 10:26:08,BTCUSDT,ask,61300,509.608
2024-08-11 10:26:16,BTCUSDT,ask,61300,509.612
2024-08-11 10:26:24,BTCUSDT,ask,61300,509.112
2024-08-11 10:26:27,BTCUSDT,ask,61300,509.084
2024-08-11 10:26:27,BTCUSDT,ask,61300,509.184
2024-08-11 10:26:32,BTCUSDT,ask,61300,509.123
2024-08-11 10:26:34,BTCUSDT,ask,61300,508.612
2024-08-11 10:26:39,BTCUSDT,ask,61300,508.609
2024-08-11 10:26:41,BTCUSDT,ask,61300,508.611
2024-08-11 10:26:53,BTCUSDT,ask,61300,508.505
2024-08-11 10:26:55,BTCUSDT,ask,61300,508.18
2024-08-11 10:27:00,BTCUSDT,bid,47300,806.246
2024-08-11 10:27:12,BTCUSDT,ask,61300,508.08
2024-08-11 10:27:23,BTCUSDT,ask,61300,507.08
2024-08-11 10:27:42,BTCUSDT,ask,61300,507.113
2024-08-11 10:27:45,BTCUSDT,ask,61300,506.963
2024-08-11 10:27:45,BTCUSDT,ask,61300,506.961
2024-08-11 10:27:45,BTCUSDT,ask,61300,506.91
2024-08-11 10:27:45,BTCUSDT,ask,61300,506.331
2024-08-11 10:27:46,BTCUSDT,ask,61300,506.298
2024-08-11 10:27:46,BTCUSDT,ask,61300,506.296
2024-08-11 10:27:47,BTCUSDT,ask,61300,506.298
2024-08-11 10:27:47,BTCUSDT,ask,61300,506.305
2024-08-11 10:27:47,BTCUSDT,ask,61300,506.296
2024-08-11 10:27:47,BTCUSDT,ask,61300,506.298
2024-08-11 10:27:48,BTCUSDT,ask,61300,506.3
2024-08-11 10:27:49,BTCUSDT,ask,61300,506.875
2024-08-11 10:27:50,BTCUSDT,ask,61300,506.884
2024-08-11 10:27:50,BTCUSDT,ask,61300,506.884
2024-08-11 10:27:54,BTCUSDT,ask,61300,506.875
2024-08-11 10:27:54,BTCUSDT,ask,61300,506.3
2024-08-11 10:27:54,BTCUSDT,ask,61300,506.889
2024-08-11 10:27:54,BTCUSDT,ask,61300,506.3
2024-08-11 10:27:55,BTCUSDT,ask,61300,506.918
2024-08-11 10:27:56,BTCUSDT,ask,61300,507.696
2024-08-11 10:27:56,BTCUSDT,ask,61300,506.918
2024-08-11 10:27:57,BTCUSDT,ask,61300,507.696
2024-08-11 10:27:57,BTCUSDT,ask,61300,506.918
2024-08-11 10:27:57,BTCUSDT,ask,61300,506.3
2024-08-11 10:27:58,BTCUSDT,ask,61300,506.3
2024-08-11 10:27:58,BTCUSDT,ask,61300,506.292
2024-08-11 10:27:58,BTCUSDT,ask,61300,506.874
2024-08-11 10:27:58,BTCUSDT,ask,61300,506.292
2024-08-11 10:27:59,BTCUSDT,ask,61300,506.292
2024-08-11 10:28:00,BTCUSDT,ask,61300,506.317
2024-08-11 10:28:00,BTCUSDT,ask,61300,506.317
2024-08-11 10:28:01,BTCUSDT,ask,61300,507.095
2024-08-11 10:28:01,BTCUSDT,ask,61300,506.326
2024-08-11 10:28:01,BTCUSDT,ask,61300,506.927
2024-08-11 10:28:01,BTCUSDT,ask,61300,506.326
2024-08-11 10:28:02,BTCUSDT,ask,61300,506.326
2024-08-11 10:28:03,BTCUSDT,ask,61300,506.253
2024-08-11 10:28:03,BTCUSDT,ask,61300,506.253
2024-08-11 10:28:04,BTCUSDT,ask,61300,507.04
2024-08-11 10:28:04,BTCUSDT,ask,61300,506.253
2024-08-11 10:28:07,BTCUSDT,ask,61300,506.996
2024-08-11 10:28:07,BTCUSDT,ask,61300,506.971
2024-08-11 10:28:08,BTCUSDT,ask,61300,507.749
2024-08-11 10:28:08,BTCUSDT,ask,61300,506.971
2024-08-11 10:28:09,BTCUSDT,ask,61300,506.513
2024-08-11 10:28:09,BTCUSDT,ask,61300,506.285
2024-08-11 10:28:10,BTCUSDT,ask,61300,506.297
2024-08-11 10:28:11,BTCUSDT,ask,61300,506.272
2024-08-11 10:28:12,BTCUSDT,ask,61300,506.321
2024-08-11 10:28:17,BTCUSDT,ask,61300,506.321
2024-08-11 10:28:24,BTCUSDT,ask,61300,504.692
2024-08-11 10:28:51,BTCUSDT,ask,61300,504.226
2024-08-11 10:29:02,BTCUSDT,ask,61300,504.347
2024-08-11 10:29:07,BTCUSDT,ask,61300,504.42
2024-08-11 10:29:08,BTCUSDT,ask,61300,504.692
2024-08-11 10:29:12,BTCUSDT,ask,61300,504.527
2024-08-11 10:29:17,BTCUSDT,ask,61300,504.89
2024-08-11 10:29:22,BTCUSDT,ask,61300,504.77
2024-08-11 10:29:23,BTCUSDT,ask,61300,504.663
2024-08-11 10:29:27,BTCUSDT,ask,61300,504.952
2024-08-11 10:29:39,BTCUSDT,ask,61300,504.968
2024-08-11 10:29:39,BTCUSDT,ask,61300,504.952
2024-08-11 10:29:39,BTCUSDT,ask,61300,504.959
2024-08-11 10:29:51,BTCUSDT,ask,61300,504.975
2024-08-11 10:29:52,BTCUSDT,ask,61300,504.965
2024-08-11 10:29:57,BTCUSDT,ask,61300,504.965
2024-08-11 10:30:10,BTCUSDT,ask,61300,504.832
2024-08-11 10:30:10,BTCUSDT,ask,61300,505.117
2024-08-11 10:30:10,BTCUSDT,ask,61300,504.832
2024-08-11 10:30:11,BTCUSDT,ask,61300,505.298
2024-08-11 10:30:13,BTCUSDT,ask,61300,505.583
2024-08-11 10:30:13,BTCUSDT,ask,61300,505.298
2024-08-11 10:30:19,BTCUSDT,ask,61300,505.303
2024-08-11 10:30:23,BTCUSDT,ask,61300,505.898
2024-08-11 10:30:26,BTCUSDT,ask,61300,505.344
2024-08-11 10:30:26,BTCUSDT,ask,61300,505.328
2024-08-11 10:30:29,BTCUSDT,ask,61300,505.613
2024-08-11 10:30:29,BTCUSDT,ask,61300,505.328
2024-08-11 10:30:31,BTCUSDT,ask,61300,505.902
2024-08-11 10:30:32,BTCUSDT,ask,61300,505.303
2024-08-11 10:30:32,BTCUSDT,ask,61300,505.303
2024-08-11 10:30:33,BTCUSDT,ask,61300,505.301
2024-08-11 10:30:35,BTCUSDT,ask,61300,505.293
2024-08-11 10:30:37,BTCUSDT,ask,61300,505.309
2024-08-11 10:30:48,BTCUSDT,ask,61300,546.064
2024-08-11 10:30:51,BTCUSDT,ask,61300,546.062
2024-08-11 10:30:51,BTCUSDT,ask,61300,546.064
2024-08-11 10:30:51,BTCUSDT,ask,61300,546.057
2024-08-11 10:30:51,BTCUSDT,ask,61300,546.077
2024-08-11 10:30:53,BTCUSDT,ask,61300,546.057
2024-08-11 10:30:56,BTCUSDT,ask,61300,546.065
2024-08-11 10:30:56,BTCUSDT,ask,61300,546.653
2024-08-11 10:30:58,BTCUSDT,ask,61300,547.431
2024-08-11 10:30:58,BTCUSDT,ask,61300,546.653
2024-08-11 10:30:59,BTCUSDT,ask,61300,547.455
2024-08-11 10:30:59,BTCUSDT,ask,61300,546.677
2024-08-11 10:31:00,BTCUSDT,ask,61300,546.679
2024-08-11 10:31:00,BTCUSDT,ask,61300,546.679
2024-08-11 10:31:01,BTCUSDT,ask,61300,546.679
2024-08-11 10:31:03,BTCUSDT,ask,61300,547.465
2024-08-11 10:31:03,BTCUSDT,ask,61300,546.687
2024-08-11 10:31:03,BTCUSDT,ask,61300,546.769
2024-08-11 10:31:03,BTCUSDT,ask,61300,546.753
2024-08-11 10:31:04,BTCUSDT,ask,61300,546.753
2024-08-11 10:31:05,BTCUSDT,ask,61300,546.753
2024-08-11 10:31:06,BTCUSDT,ask,61300,546.753
2024-08-11 10:31:07,BTCUSDT,ask,61300,547.531
2024-08-11 10:31:07,BTCUSDT,ask,61300,546.753
2024-08-11 10:31:08,BTCUSDT,ask,61300,547.531
2024-08-11 10:31:08,BTCUSDT,ask,61300,546.753
2024-08-11 10:31:09,BTCUSDT,ask,61300,546.671
2024-08-11 10:31:10,BTCUSDT,ask,61300,546.671
2024-08-11 10:31:11,BTCUSDT,ask,61300,547.458
2024-08-11 10:31:11,BTCUSDT,ask,61300,546.671
2024-08-11 10:31:11,BTCUSDT,ask,61300,546.678
2024-08-11 10:31:11,BTCUSDT,ask,61300,546.488
2024-08-11 10:31:12,BTCUSDT,ask,61300,546.488
2024-08-11 10:31:13,BTCUSDT,ask,61300,546.488
2024-08-11 10:31:14,BTCUSDT,ask,61300,547.266
2024-08-11 10:31:14,BTCUSDT,ask,61300,546.488
2024-08-11 10:31:15,BTCUSDT,ask,61300,547.266
2024-08-11 10:31:16,BTCUSDT,ask,61300,546.488
2024-08-11 10:31:17,BTCUSDT,ask,61300,547.266
2024-08-11 10:31:17,BTCUSDT,ask,61300,546.369
2024-08-11 10:31:18,BTCUSDT,ask,61300,546.369
2024-08-11 10:31:18,BTCUSDT,ask,61300,546.402
2024-08-11 10:31:19,BTCUSDT,ask,61300,546.402
2024-08-11 10:31:20,BTCUSDT,ask,61300,547.189
2024-08-11 10:31:20,BTCUSDT,ask,61300,546.402
2024-08-11 10:31:21,BTCUSDT,ask,61300,546.402
2024-08-11 10:31:22,BTCUSDT,ask,61300,546.402
2024-08-11 10:31:23,BTCUSDT,ask,61300,546.402
2024-08-11 10:31:24,BTCUSDT,ask,61300,547.189
2024-08-11 10:31:24,BTCUSDT,ask,61300,546.402
2024-08-11 10:31:25,BTCUSDT,ask,61300,547.18
2024-08-11 10:31:25,BTCUSDT,ask,61300,546.402
2024-08-11 10:31:26,BTCUSDT,ask,61300,546.402
2024-08-11 10:31:27,BTCUSDT,ask,61300,547.18
2024-08-11 10:31:27,BTCUSDT,ask,61300,546.402
2024-08-11 10:31:27,BTCUSDT,ask,61300,546.39
2024-08-11 10:31:27,BTCUSDT,ask,61300,546.552
2024-08-11 10:31:28,BTCUSDT,ask,61300,546.552
2024-08-11 10:31:28,BTCUSDT,ask,61300,546.519
2024-08-11 10:31:28,BTCUSDT,ask,61300,546.574
2024-08-11 10:31:29,BTCUSDT,ask,61300,546.574
2024-08-11 10:31:30,BTCUSDT,ask,61300,547.352
2024-08-11 10:31:30,BTCUSDT,ask,61300,546.574
2024-08-11 10:31:30,BTCUSDT,ask,61300,546.656
2024-08-11 10:31:31,BTCUSDT,ask,61300,546.656
2024-08-11 10:31:32,BTCUSDT,ask,61300,546.656
2024-08-11 10:31:33,BTCUSDT,ask,61300,547.434
2024-08-11 10:31:33,BTCUSDT,ask,61300,546.656
2024-08-11 10:31:33,BTCUSDT,ask,61300,546.574
2024-08-11 10:31:33,BTCUSDT,ask,61300,549.574
2024-08-11 10:31:34,BTCUSDT,ask,61300,549.519
2024-08-11 10:31:36,BTCUSDT,ask,61300,550.297
2024-08-11 10:31:36,BTCUSDT,ask,61300,549.519
2024-08-11 10:31:37,BTCUSDT,ask,61300,549.519
2024-08-11 10:31:39,BTCUSDT,ask,61300,549.519
2024-08-11 10:31:40,BTCUSDT,ask,61300,550.297
2024-08-11 10:31:40,BTCUSDT,ask,61300,549.519
2024-08-11 10:31:41,BTCUSDT,ask,61300,549.519
2024-08-11 10:31:42,BTCUSDT,ask,61300,549.524
2024-08-11 10:31:43,BTCUSDT,ask,61300,549.524
2024-08-11 10:31:44,BTCUSDT,ask,61300,549.527
2024-08-11 10:31:44,BTCUSDT,ask,61300,550.305
2024-08-11 10:31:44,BTCUSDT,ask,61300,549.527
2024-08-11 10:31:44,BTCUSDT,ask,61300,546.527
2024-08-11 10:31:45,BTCUSDT,ask,61300,547.346
2024-08-11 10:31:45,BTCUSDT,ask,61300,546.568
2024-08-11 10:31:45,BTCUSDT,ask,61300,546.527
2024-08-11 10:31:46,BTCUSDT,ask,61300,546.547
2024-08-11 10:31:46,BTCUSDT,ask,61300,546.573
2024-08-11 10:31:46,BTCUSDT,ask,61300,546.673
2024-08-11 10:31:47,BTCUSDT,ask,61300,546.753
2024-08-11 10:31:47,BTCUSDT,ask,61300,546.807
2024-08-11 10:31:48,BTCUSDT,ask,61300,546.814
2024-08-11 10:31:49,BTCUSDT,ask,61300,547.592
2024-08-11 10:31:49,BTCUSDT,ask,61300,546.814
2024-08-11 10:31:49,BTCUSDT,ask,61300,546.834
2024-08-11 10:31:50,BTCUSDT,ask,61300,546.734
2024-08-11 10:31:51,BTCUSDT,ask,61300,546.734
2024-08-11 10:31:52,BTCUSDT,ask,61300,547.512
2024-08-11 10:31:52,BTCUSDT,ask,61300,546.734
2024-08-11 10:31:53,BTCUSDT,ask,61300,546.734
2024-08-11 10:31:54,BTCUSDT,ask,61300,546.696
2024-08-11 10:31:54,BTCUSDT,ask,61300,547.196
2024-08-11 10:31:55,BTCUSDT,ask,61300,547.196
2024-08-11 10:31:56,BTCUSDT,ask,61300,547.196
2024-08-11 10:31:56,BTCUSDT,ask,61300,547.212
2024-08-11 10:31:57,BTCUSDT,ask,61300,547.212
2024-08-11 10:31:58,BTCUSDT,ask,61300,547.193
2024-08-11 10:31:58,BTCUSDT,ask,61300,548.018
2024-08-11 10:31:58,BTCUSDT,ask,61300,547.24
2024-08-11 10:31:59,BTCUSDT,ask,61300,547.24
2024-08-11 10:32:00,BTCUSDT,ask,61300,548.027
2024-08-11 10:32:00,BTCUSDT,ask,61300,547.24
2024-08-11 10:32:01,BTCUSDT,ask,61300,548.029
2024-08-11 10:32:01,BTCUSDT,ask,61300,547.242
2024-08-11 10:32:02,BTCUSDT,ask,61300,548.02
2024-08-11 10:32:02,BTCUSDT,ask,61300,547.242
2024-08-11 10:32:03,BTCUSDT,ask,61300,547.25
2024-08-11 10:32:04,BTCUSDT,ask,61300,548.038
2024-08-11 10:32:04,BTCUSDT,ask,61300,547.25
2024-08-11 10:32:04,BTCUSDT,ask,61300,547.248
2024-08-11 10:32:04,BTCUSDT,ask,61300,547.268
2024-08-11 10:32:05,BTCUSDT,ask,61300,550.248
2024-08-11 10:32:05,BTCUSDT,ask,61300,551.026
2024-08-11 10:32:05,BTCUSDT,ask,61300,550.248
2024-08-11 10:32:05,BTCUSDT,ask,61300,550.594
2024-08-11 10:32:06,BTCUSDT,ask,61300,550.594
2024-08-11 10:32:07,BTCUSDT,ask,61300,550.589
2024-08-11 10:32:07,BTCUSDT,ask,61300,550.589
2024-08-11 10:32:08,BTCUSDT,ask,61300,551.367
2024-08-11 10:32:08,BTCUSDT,ask,61300,550.589
2024-08-11 10:32:08,BTCUSDT,ask,61300,550.243
2024-08-11 10:32:09,BTCUSDT,ask,61300,550.243
2024-08-11 10:32:10,BTCUSDT,ask,61300,550.243
2024-08-11 10:32:11,BTCUSDT,ask,61300,550.243
2024-08-11 10:32:12,BTCUSDT,ask,61300,551.031
2024-08-11 10:32:12,BTCUSDT,ask,61300,550.243
2024-08-11 10:32:12,BTCUSDT,ask,61300,550.253
2024-08-11 10:32:13,BTCUSDT,ask,61300,550.243
2024-08-11 10:32:13,BTCUSDT,ask,61300,550.243
2024-08-11 10:32:14,BTCUSDT,ask,61300,550.243
2024-08-11 10:32:14,BTCUSDT,ask,61300,550.196
2024-08-11 10:32:14,BTCUSDT,ask,61300,550.221
2024-08-11 10:32:15,BTCUSDT,ask,61300,551.009
2024-08-11 10:32:15,BTCUSDT,ask,61300,550.221
2024-08-11 10:32:16,BTCUSDT,ask,61300,550.221
2024-08-11 10:32:17,BTCUSDT,ask,61300,550.221
2024-08-11 10:32:18,BTCUSDT,ask,61300,550.999
2024-08-11 10:32:18,BTCUSDT,ask,61300,550.221
2024-08-11 10:32:19,BTCUSDT,ask,61300,550.221
2024-08-11 10:32:20,BTCUSDT,ask,61300,550.221
2024-08-11 10:32:20,BTCUSDT,ask,61300,550.221
2024-08-11 10:32:21,BTCUSDT,ask,61300,550.221
2024-08-11 10:32:22,BTCUSDT,ask,61300,550.221
2024-08-11 10:32:23,BTCUSDT,ask,61300,550.999
2024-08-11 10:32:23,BTCUSDT,ask,61300,550.221
2024-08-11 10:32:24,BTCUSDT,ask,61300,550.999
2024-08-11 10:32:24,BTCUSDT,ask,61300,550.221
2024-08-11 10:32:25,BTCUSDT,ask,61300,550.999
2024-08-11 10:32:25,BTCUSDT,ask,61300,550.221
2024-08-11 10:32:25,BTCUSDT,ask,61300,550.225
2024-08-11 10:32:26,BTCUSDT,ask,61300,550.223
2024-08-11 10:32:27,BTCUSDT,ask,61300,551.001
2024-08-11 10:32:27,BTCUSDT,ask,61300,550.196
2024-08-11 10:32:29,BTCUSDT,ask,61300,550.36
2024-08-11 10:32:31,BTCUSDT,ask,61300,550.375
2024-08-11 10:32:32,BTCUSDT,ask,61300,550.399
2024-08-11 10:32:37,BTCUSDT,ask,61300,550.407
2024-08-11 10:32:46,BTCUSDT,ask,61300,550.761
2024-08-11 10:32:46,BTCUSDT,ask,61300,550.472
2024-08-11 10:32:48,BTCUSDT,ask,61300,550.405
2024-08-11 10:32:56,BTCUSDT,ask,61300,550.413
2024-08-11 10:33:01,BTCUSDT,ask,61300,550.34
2024-08-11 10:33:04,BTCUSDT,ask,61300,549.84
2024-08-11 10:33:04,BTCUSDT,ask,61300,549.842
2024-08-11 10:33:34,BTCUSDT,ask,61300,550.442
2024-08-11 10:33:37,BTCUSDT,ask,61300,550.435
2024-08-11 10:33:39,BTCUSDT,ask,61300,550.423
2024-08-11 10:34:07,BTCUSDT,ask,61300,550.723
2024-08-11 10:34:08,BTCUSDT,ask,61300,550.721
2024-08-11 10:34:39,BTCUSDT,ask,61300,550.794
2024-08-11 10:34:43,BTCUSDT,ask,61300,550.328
2024-08-11 10:34:49,BTCUSDT,ask,61300,550.344
2024-08-11 10:34:59,BTCUSDT,ask,61300,550.286
2024-08-11 10:35:20,BTCUSDT,ask,61300,550.259
2024-08-11 10:35:23,BTCUSDT,ask,61300,550.227
2024-08-11 10:35:37,BTCUSDT,ask,61300,549.747
2024-08-11 10:35:48,BTCUSDT,ask,61300,550.508
2024-08-11 10:36:07,BTCUSDT,ask,61300,547.74
2024-08-11 10:36:10,BTCUSDT,ask,61300,547.69
2024-08-11 10:36:17,BTCUSDT,ask,61300,547.692
2024-08-11 10:36:18,BTCUSDT,ask,61300,547.722
2024-08-11 10:36:18,BTCUSDT,ask,61300,547.933
2024-08-11 10:36:18,BTCUSDT,ask,61300,547.931
2024-08-11 10:36:36,BTCUSDT,ask,61300,548.771
2024-08-11 10:36:36,BTCUSDT,ask,61300,548.665
2024-08-11 10:36:39,BTCUSDT,ask,61300,548.663
2024-08-11 10:36:47,BTCUSDT,ask,61300,547.89
2024-08-11 10:37:26,BTCUSDT,ask,61300,548.049
2024-08-11 10:37:49,BTCUSDT,ask,61300,547.893
2024-08-11 10:37:53,BTCUSDT,ask,61300,549.058
2024-08-11 10:37:57,BTCUSDT,ask,61300,549.068
2024-08-11 10:38:10,BTCUSDT,ask,61300,549.395
2024-08-11 10:38:34,BTCUSDT,ask,61300,551.049
2024-08-11 10:38:46,BTCUSDT,ask,61300,550.949
2024-08-11 10:38:49,BTCUSDT,ask,61300,550.954
2024-08-11 10:38:52,BTCUSDT,ask,61300,549.789
2024-08-11 10:39:01,BTCUSDT,ask,61300,549.945
2024-08-11 10:39:30,BTCUSDT,ask,61300,549.816
2024-08-11 10:39:33,BTCUSDT,ask,61300,549.818
2024-08-11 10:39:39,BTCUSDT,ask,61300,549.81
2024-08-11 10:40:11,BTCUSDT,ask,61300,549.808
2024-08-11 10:40:17,BTCUSDT,ask,61300,549.81
2024-08-11 10:40:24,BTCUSDT,ask,61300,549.821
2024-08-11 10:40:30,BTCUSDT,ask,61300,550.522
2024-08-11 10:40:32,BTCUSDT,ask,61300,550.52
2024-08-11 10:40:36,BTCUSDT,ask,61300,550.522
2024-08-11 10:41:09,BTCUSDT,ask,61300,550.53
2024-08-11 10:41:24,BTCUSDT,ask,61300,550.528
2024-08-11 10:41:34,BTCUSDT,bid,47000,853.583
2024-08-11 10:41:37,BTCUSDT,ask,61300,549.829
2024-08-11 10:41:58,BTCUSDT,ask,61300,549.502
2024-08-11 10:43:11,BTCUSDT,ask,61300,549.453
2024-08-11 10:43:20,BTCUSDT,bid,47500,635.859
2024-08-11 10:43:52,BTCUSDT,ask,61300,549.528
2024-08-11 10:44:53,BTCUSDT,ask,61300,549.503
2024-08-11 10:45:19,BTCUSDT,ask,61300,549.551
2024-08-11 10:46:02,BTCUSDT,ask,61300,549.542
2024-08-11 10:46:14,BTCUSDT,ask,61300,551.058
2024-08-11 10:46:15,BTCUSDT,ask,61300,549.558
2024-08-11 10:46:16,BTCUSDT,ask,61300,551.058
2024-08-11 10:46:17,BTCUSDT,ask,61300,549.558
2024-08-11 10:47:22,BTCUSDT,bid,59800,532.748
2024-08-11 10:47:32,BTCUSDT,bid,59800,532.75
2024-08-11 10:47:52,BTCUSDT,ask,61300,549.596
2024-08-11 10:47:52,BTCUSDT,ask,61300,549.628
2024-08-11 10:47:54,BTCUSDT,ask,61300,549.626
2024-08-11 10:48:35,BTCUSDT,bid,59800,532.752
2024-08-11 10:48:39,BTCUSDT,ask,61300,551.558
2024-08-11 10:49:06,BTCUSDT,ask,61300,551.658
2024-08-11 10:49:16,BTCUSDT,bid,59800,532.667
2024-08-11 10:49:29,BTCUSDT,bid,59800,533.167
2024-08-11 10:49:34,BTCUSDT,ask,61300,551.558
2024-08-11 10:50:04,BTCUSDT,ask,61300,552.087
2024-08-11 10:50:21,BTCUSDT,ask,61300,551.487
2024-08-11 10:51:02,BTCUSDT,ask,61300,551.489
2024-08-11 10:51:22,BTCUSDT,ask,61300,551.434
2024-08-11 10:51:34,BTCUSDT,ask,61300,551.458
2024-08-11 10:52:23,BTCUSDT,ask,61300,551.458
2024-08-11 10:52:29,BTCUSDT,bid,59800,533.212
2024-08-11 10:52:58,BTCUSDT,bid,59800,533.219
2024-08-11 10:53:23,BTCUSDT,ask,61300,551.463
2024-08-11 10:53:43,BTCUSDT,ask,61300,551.458
2024-08-11 10:54:11,BTCUSDT,bid,59800,533.212
2024-08-11 10:55:16,BTCUSDT,ask,61300,551.46
2024-08-11 10:55:18,BTCUSDT,ask,61300,551.458
2024-08-11 10:55:30,BTCUSDT,ask,61300,551.462
2024-08-11 10:55:43,BTCUSDT,ask,61300,551.576
2024-08-11 10:56:01,BTCUSDT,ask,61300,551.888
2024-08-11 10:56:10,BTCUSDT,bid,59800,533.239
2024-08-11 10:56:15,BTCUSDT,ask,61300,551.909
2024-08-11 10:56:29,BTCUSDT,bid,47000,853.564
2024-08-11 10:56:48,BTCUSDT,ask,61300,551.917
2024-08-11 10:57:01,BTCUSDT,bid,59800,533.242
2024-08-11 10:57:09,BTCUSDT,bid,59800,533.25
2024-08-11 10:57:16,BTCUSDT,bid,59800,533.223
2024-08-11 10:57:29,BTCUSDT,bid,59800,533.236
2024-08-11 10:57:47,BTCUSDT,ask,61300,551.927
2024-08-11 10:58:21,BTCUSDT,bid,59800,533.238
2024-08-11 10:58:31,BTCUSDT,ask,61300,551.975
2024-08-11 10:59:41,BTCUSDT,ask,61300,552.975
2024-08-11 10:59:53,BTCUSDT,ask,61300,552.161
2024-08-11 11:00:31,BTCUSDT,bid,59800,533.236
2024-08-11 11:00:32,BTCUSDT,ask,61300,552.163
2024-08-11 11:00:33,BTCUSDT,ask,61300,552.161
2024-08-11 11:00:48,BTCUSDT,bid,59800,533.195
2024-08-11 11:01:30,BTCUSDT,ask,61300,552.421
2024-08-11 11:01:57,BTCUSDT,bid,59800,533.202
2024-08-11 11:02:50,BTCUSDT,bid,59800,533.204
2024-08-11 11:03:04,BTCUSDT,ask,61300,552.164
2024-08-11 11:03:54,BTCUSDT,ask,61300,552.363
2024-08-11 11:04:11,BTCUSDT,ask,61300,552.353
2024-08-11 11:05:19,BTCUSDT,ask,61300,552.341
2024-08-11 11:05:23,BTCUSDT,bid,47300,806.351
2024-08-11 11:05:50,BTCUSDT,ask,61300,552.343
2024-08-11 11:05:59,BTCUSDT,ask,61300,552.143
2024-08-11 11:07:14,BTCUSDT,bid,59800,533.191
2024-08-11 11:07:30,BTCUSDT,bid,47500,635.854
2024-08-11 11:08:29,BTCUSDT,ask,61300,552.138
2024-08-11 11:08:51,BTCUSDT,ask,61300,552.177
2024-08-11 11:10:48,BTCUSDT,bid,59800,533.193
2024-08-11 11:10:49,BTCUSDT,bid,59800,533.199
2024-08-11 11:11:12,BTCUSDT,ask,61300,552.015
2024-08-11 11:12:37,BTCUSDT,ask,61300,552.055
2024-08-11 11:13:21,BTCUSDT,ask,61300,552.047
2024-08-11 11:14:42,BTCUSDT,bid,59800,533.189
2024-08-11 11:14:55,BTCUSDT,bid,59800,533.389
2024-08-11 11:14:55,BTCUSDT,ask,61300,552.06
2024-08-11 11:14:57,BTCUSDT,bid,59800,533.189
2024-08-11 11:14:59,BTCUSDT,bid,59800,533.389
2024-08-11 11:15:00,BTCUSDT,ask,61300,552.056
2024-08-11 11:15:01,BTCUSDT,bid,59800,533.189
2024-08-11 11:15:29,BTCUSDT,ask,61300,552.035
2024-08-11 11:16:53,BTCUSDT,bid,59800,533.428
2024-08-11 11:17:06,BTCUSDT,ask,61300,552.017
2024-08-11 11:17:21,BTCUSDT,ask,61300,551.705
2024-08-11 11:17:27,BTCUSDT,ask,61300,551.666
2024-08-11 11:17:27,BTCUSDT,bid,59800,533.328
2024-08-11 11:17:37,BTCUSDT,bid,59800,533.228
2024-08-11 11:17:50,BTCUSDT,bid,59800,533.209
2024-08-11 11:17:58,BTCUSDT,bid,47000,853.569
2024-08-11 11:17:58,BTCUSDT,bid,47500,635.859
2024-08-11 11:17:58,BTCUSDT,bid,59800,533.193
2024-08-11 11:18:05,BTCUSDT,bid,59800,532.954
2024-08-11 11:18:08,BTCUSDT,bid,59800,532.956
2024-08-11 11:19:43,BTCUSDT,bid,59800,532.906
2024-08-11 11:20:10,BTCUSDT,bid,59800,532.904
2024-08-11 11:20:44,BTCUSDT,ask,61300,551.668
2024-08-11 11:20:56,BTCUSDT,bid,59800,533.045
2024-08-11 11:21:42,BTCUSDT,bid,59800,533.245
2024-08-11 11:21:44,BTCUSDT,bid,59800,533.045
2024-08-11 11:22:00,BTCUSDT,bid,59800,533.245
2024-08-11 11:22:03,BTCUSDT,bid,59800,533.045
2024-08-11 11:22:08,BTCUSDT,bid,59800,533.245
2024-08-11 11:22:10,BTCUSDT,bid,59800,533.045
2024-08-11 11:22:11,BTCUSDT,bid,59800,533.245
2024-08-11 11:22:14,BTCUSDT,bid,59800,533.045
2024-08-11 11:22:24,BTCUSDT,ask,61300,551.657
2024-08-11 11:22:40,BTCUSDT,ask,61300,551.672
2024-08-11 11:24:57,BTCUSDT,bid,47000,853.563
2024-08-11 11:25:02,BTCUSDT,ask,61300,551.844
2024-08-11 11:26:14,BTCUSDT,bid,59800,533.047
2024-08-11 11:26:56,BTCUSDT,bid,59800,533.019
2024-08-11 11:27:18,BTCUSDT,ask,61300,551.872
2024-08-11 11:27:29,BTCUSDT,bid,59800,532.751
2024-08-11 11:27:57,BTCUSDT,ask,61300,551.84
2024-08-11 11:28:09,BTCUSDT,bid,59800,532.765
2024-08-11 11:28:33,BTCUSDT,ask,61300,551.884
2024-08-11 11:29:37,BTCUSDT,ask,61300,551.88
2024-08-11 11:30:05,BTCUSDT,bid,47000,853.558
2024-08-11 11:30:05,BTCUSDT,bid,47500,635.854
2024-08-11 11:30:26,BTCUSDT,ask,61300,551.882
2024-08-11 11:30:27,BTCUSDT,ask,61300,551.88
2024-08-11 11:30:57,BTCUSDT,bid,59800,532.784
2024-08-11 11:31:45,BTCUSDT,ask,61300,552.01
2024-08-11 11:32:17,BTCUSDT,ask,61300,552.019
2024-08-11 11:32:20,BTCUSDT,bid,59800,532.79
2024-08-11 11:32:52,BTCUSDT,ask,61300,552.331
2024-08-11 11:32:52,BTCUSDT,ask,61300,552.336
2024-08-11 11:38:29,BTCUSDT,ask,61300,552.327
2024-08-11 11:38:34,BTCUSDT,bid,59800,532.99
2024-08-11 11:38:37,BTCUSDT,bid,59800,532.79
2024-08-11 11:38:38,BTCUSDT,bid,59800,532.99
2024-08-11 11:38:40,BTCUSDT,bid,59800,532.79
2024-08-11 11:38:41,BTCUSDT,bid,59800,532.99
2024-08-11 11:38:44,BTCUSDT,bid,59800,532.79
2024-08-11 11:38:56,BTCUSDT,bid,59800,532.99
2024-08-11 11:38:58,BTCUSDT,bid,59800,532.79
2024-08-11 11:40:16,BTCUSDT,bid,59800,532.756
2024-08-11 11:41:36,BTCUSDT,bid,59800,532.751
2024-08-11 11:41:47,BTCUSDT,bid,59800,532.753
2024-08-11 11:43:03,BTCUSDT,bid,59800,532.773
2024-08-11 11:43:13,BTCUSDT,ask,61300,552.347
2024-08-11 11:45:20,BTCUSDT,bid,59800,532.763
2024-08-11 11:45:28,BTCUSDT,bid,59800,532.743
2024-08-11 11:46:05,BTCUSDT,ask,61300,552.349
2024-08-11 11:46:12,BTCUSDT,ask,61300,552.351
2024-08-11 11:46:33,BTCUSDT,ask,61300,552.366
2024-08-11 11:46:35,BTCUSDT,bid,59800,532.74
2024-08-11 11:46:41,BTCUSDT,bid,59800,532.735
2024-08-11 11:46:45,BTCUSDT,bid,59800,532.733
2024-08-11 11:47:04,BTCUSDT,ask,61300,552.368
2024-08-11 11:47:13,BTCUSDT,ask,61300,552.37
2024-08-11 11:47:56,BTCUSDT,bid,59800,532.683
2024-08-11 11:48:13,BTCUSDT,bid,59800,532.694
2024-08-11 11:48:20,BTCUSDT,bid,59800,532.697
2024-08-11 11:50:39,BTCUSDT,bid,59800,532.694
2024-08-11 11:50:43,BTCUSDT,bid,59800,532.683
2024-08-11 11:50:47,BTCUSDT,bid,59800,532.883
2024-08-11 11:50:49,BTCUSDT,bid,59800,532.683
2024-08-11 11:50:50,BTCUSDT,bid,59800,532.883
2024-08-11 11:50:53,BTCUSDT,bid,59800,532.683
2024-08-11 11:50:57,BTCUSDT,bid,59800,535.183
2024-08-11 11:51:05,BTCUSDT,bid,59800,535.194
2024-08-11 11:51:21,BTCUSDT,ask,61300,552.517
2024-08-11 11:53:45,BTCUSDT,ask,61300,552.527
2024-08-11 11:54:29,BTCUSDT,ask,61300,552.517
2024-08-11 11:55:00,BTCUSDT,bid,59800,535.21
2024-08-11 11:57:17,BTCUSDT,ask,61300,552.507
2024-08-11 11:57:47,BTCUSDT,ask,61300,552.537
2024-08-11 11:58:26,BTCUSDT,ask,61300,552.539
2024-08-11 11:58:56,BTCUSDT,bid,59800,535.199
2024-08-11 12:00:21,BTCUSDT,bid,59800,535.209
2024-08-11 12:00:33,BTCUSDT,bid,59800,535.136
2024-08-11 12:00:34,BTCUSDT,bid,59800,535.126
2024-08-11 12:00:47,BTCUSDT,ask,61300,552.425
2024-08-11 12:00:51,BTCUSDT,ask,61300,552.427
2024-08-11 12:01:36,BTCUSDT,ask,61300,552.517
2024-08-11 12:01:39,BTCUSDT,ask,61300,552.566
2024-08-11 12:01:43,BTCUSDT,bid,59800,535.137
2024-08-11 12:01:53,BTCUSDT,bid,59800,535.203
2024-08-11 12:03:07,BTCUSDT,bid,59800,535.221
2024-08-11 12:04:04,BTCUSDT,bid,59800,535.204
2024-08-11 12:04:09,BTCUSDT,ask,61300,552.573
2024-08-11 12:04:46,BTCUSDT,bid,59800,535.201
2024-08-11 12:04:46,BTCUSDT,ask,61300,552.57
2024-08-11 12:05:56,BTCUSDT,ask,61300,552.602
2024-08-11 12:06:23,BTCUSDT,bid,59800,535.195
2024-08-11 12:07:01,BTCUSDT,bid,47500,635.859
2024-08-11 12:07:19,BTCUSDT,bid,47000,853.617
2024-08-11 12:08:28,BTCUSDT,ask,61300,552.577
2024-08-11 12:09:04,BTCUSDT,bid,47500,635.854
2024-08-11 12:09:05,BTCUSDT,ask,61300,552.593
2024-08-11 12:09:12,BTCUSDT,ask,61300,552.595
2024-08-11 12:10:07,BTCUSDT,ask,61300,553.595
2024-08-11 12:10:14,BTCUSDT,ask,61300,553.597
2024-08-11 12:10:25,BTCUSDT,ask,61300,553.599
