2024-09-09 07:00:29,ETHUSDT,ask,2650,3795.215
2024-09-09 07:02:03,ETHUSDT,bid,2230,5241.906
2024-09-09 07:02:58,ETHUSDT,bid,2230,5241.868
2024-09-09 07:02:58,ETHUSDT,ask,2550,4183.897
2024-09-09 07:03:13,ETHUSDT,bid,1940,5288.528
2024-09-09 07:03:49,ETHUSDT,bid,2220,5393.867
2024-09-09 07:03:54,ETHUSDT,bid,1960,5577.513
2024-09-09 07:04:50,ETHUSDT,ask,2550,4183.597
2024-09-09 07:06:09,ETHUSDT,ask,2480,4140.12
2024-09-09 07:08:09,ETHUSDT,ask,2390,4202.597
2024-09-09 07:08:39,ETHUSDT,bid,2230,5241.901
2024-09-09 07:08:44,ETHUSDT,bid,2220,5393.88
2024-09-09 07:08:44,ETHUSDT,bid,2230,5241.914
2024-09-09 07:08:44,ETHUSDT,ask,2480,4140.133
2024-09-09 07:09:07,ETHUSDT,bid,2230,5243.011
2024-09-09 07:10:38,ETHUSDT,bid,2230,5242.391
2024-09-09 07:11:49,ETHUSDT,bid,2220,5393.858
2024-09-09 07:12:18,ETHUSDT,bid,2210,4630.402
2024-09-09 07:12:18,ETHUSDT,bid,2210,4630.172
2024-09-09 07:12:18,ETHUSDT,ask,2360,4235.172
2024-09-09 07:13:03,ETHUSDT,bid,2230,5241.294
2024-09-09 07:13:05,ETHUSDT,bid,1700,6055.672
2024-09-09 07:13:46,ETHUSDT,bid,2210,4630.183
2024-09-09 07:13:47,ETHUSDT,ask,2580,3951.271
2024-09-09 07:14:15,ETHUSDT,bid,2220,5395.044
2024-09-09 07:14:58,ETHUSDT,bid,2230,5236.294
2024-09-09 07:15:26,ETHUSDT,bid,2230,5238.294
2024-09-09 07:15:37,ETHUSDT,bid,1700,6055.643
2024-09-09 07:17:06,ETHUSDT,bid,2220,5385.044
2024-09-09 07:18:07,ETHUSDT,bid,2220,5384.558
2024-09-09 07:18:14,ETHUSDT,bid,1700,6055.61
2024-09-09 07:19:14,ETHUSDT,bid,2230,5238.1
2024-09-09 07:19:16,ETHUSDT,bid,1700,6055.677
2024-09-09 07:21:52,ETHUSDT,bid,2230,5238.092
2024-09-09 07:22:30,ETHUSDT,bid,2230,5237.425
2024-09-09 07:23:02,ETHUSDT,bid,2220,5394.558
2024-09-09 07:23:24,ETHUSDT,ask,2360,4235.472
2024-09-09 07:23:30,ETHUSDT,ask,2360,4235.481
2024-09-09 07:24:31,ETHUSDT,bid,2220,5394.548
2024-09-09 07:24:42,ETHUSDT,bid,2220,5384.548
2024-09-09 07:25:46,ETHUSDT,ask,2550,4184.225
2024-09-09 07:26:07,ETHUSDT,bid,2230,5237.392
2024-09-09 07:27:04,ETHUSDT,bid,2220,5383.708
2024-09-09 07:27:14,ETHUSDT,bid,2210,4630.571
2024-09-09 07:28:25,ETHUSDT,ask,2650,3795.203
2024-09-09 07:28:37,ETHUSDT,ask,2480,4162.133
2024-09-09 07:28:42,ETHUSDT,ask,2480,4160.117
2024-09-09 07:30:22,ETHUSDT,bid,2210,4630.581
2024-09-09 07:30:22,ETHUSDT,bid,2210,4630.591
2024-09-09 07:30:22,ETHUSDT,bid,2210,4630.601
2024-09-09 07:31:00,ETHUSDT,bid,2220,5393.708
2024-09-09 07:31:14,ETHUSDT,bid,2210,4630.591
2024-09-09 07:31:15,ETHUSDT,bid,2210,4630.581
2024-09-09 07:31:16,ETHUSDT,bid,2210,4630.571
2024-09-09 07:32:15,ETHUSDT,bid,2220,5383.708
2024-09-09 07:33:27,ETHUSDT,bid,1960,5577.21
2024-09-09 07:33:28,ETHUSDT,ask,2480,4960.117
2024-09-09 07:33:49,ETHUSDT,ask,2480,4957.117
2024-09-09 07:34:30,ETHUSDT,ask,2390,4202.597
2024-09-09 07:34:44,ETHUSDT,bid,2230,5233.892
2024-09-09 07:34:58,ETHUSDT,ask,2990,3351.678
2024-09-09 07:36:39,ETHUSDT,ask,2360,4235.797
2024-09-09 07:37:26,ETHUSDT,ask,2990,3359.742
2024-09-09 07:38:24,ETHUSDT,bid,2220,5393.708
2024-09-09 07:42:05,ETHUSDT,ask,2480,4957.157
2024-09-09 07:42:27,ETHUSDT,bid,2210,4630.183
2024-09-09 07:42:32,ETHUSDT,bid,2230,5233.901
2024-09-09 07:42:47,ETHUSDT,ask,2360,4249.598
2024-09-09 07:42:54,ETHUSDT,bid,1960,5577.199
2024-09-09 07:44:41,ETHUSDT,ask,2480,4957.173
2024-09-09 07:45:13,ETHUSDT,ask,2360,4246.469
2024-09-09 07:45:23,ETHUSDT,bid,2230,5234.58
2024-09-09 07:45:38,ETHUSDT,ask,2580,3951.727
2024-09-09 07:46:37,ETHUSDT,ask,2580,3951.271
2024-09-09 07:46:40,ETHUSDT,bid,2230,5234.626
2024-09-09 07:46:50,ETHUSDT,bid,2220,5393.754
2024-09-09 07:47:13,ETHUSDT,bid,2230,5235.625
2024-09-09 07:47:16,ETHUSDT,ask,2650,3795.223
2024-09-09 07:48:04,ETHUSDT,bid,2230,5234.925
2024-09-09 07:48:31,ETHUSDT,bid,2230,5234.959
2024-09-09 07:48:46,ETHUSDT,bid,2230,5234.925
2024-09-09 07:49:46,ETHUSDT,bid,2230,5235.014
2024-09-09 07:49:51,ETHUSDT,bid,2220,5393.843
2024-09-09 07:50:16,ETHUSDT,bid,2230,5235.076
2024-09-09 07:51:00,ETHUSDT,bid,2230,5245.076
2024-09-09 07:51:07,ETHUSDT,bid,2220,5393.901
2024-09-09 07:51:14,ETHUSDT,bid,1700,6055.636
2024-09-09 07:51:34,ETHUSDT,bid,2220,5393.843
2024-09-09 07:52:08,ETHUSDT,ask,2550,4183.692
2024-09-09 07:52:37,ETHUSDT,bid,2230,5245.098
2024-09-09 07:52:39,ETHUSDT,bid,2230,5260.027
2024-09-09 07:52:42,ETHUSDT,bid,2220,5393.865
2024-09-09 07:53:15,ETHUSDT,bid,1960,5579.239
2024-09-09 07:53:57,ETHUSDT,ask,2390,4188.618
2024-09-09 07:54:00,ETHUSDT,bid,2230,5258.892
2024-09-09 07:54:05,ETHUSDT,bid,2230,5258.775
2024-09-09 07:55:14,ETHUSDT,bid,2220,5393.882
2024-09-09 07:55:14,ETHUSDT,ask,2550,4183.706
2024-09-09 07:56:02,ETHUSDT,bid,2220,5383.882
2024-09-09 07:56:26,ETHUSDT,bid,2200,4529.793
2024-09-09 07:57:10,ETHUSDT,bid,2230,5243.846
2024-09-09 07:57:27,ETHUSDT,bid,2230,5243.167
2024-09-09 07:57:58,ETHUSDT,bid,2230,5243.253
2024-09-09 07:58:17,ETHUSDT,bid,2230,5233.253
2024-09-09 07:58:42,ETHUSDT,bid,2220,5383.682
2024-09-09 07:59:16,ETHUSDT,ask,2360,4232.668
2024-09-09 07:59:25,ETHUSDT,bid,2230,5231.037
2024-09-09 07:59:33,ETHUSDT,ask,2550,4184.814
2024-09-09 07:59:39,ETHUSDT,ask,2480,4935.173
2024-09-09 08:00:13,ETHUSDT,bid,2230,5251.037
2024-09-09 08:01:08,ETHUSDT,ask,2550,4184.834
2024-09-09 08:01:56,ETHUSDT,bid,2230,5251.027
2024-09-09 08:02:03,ETHUSDT,bid,2230,5250.571
2024-09-09 08:02:07,ETHUSDT,bid,2210,4631.183
2024-09-09 08:02:17,ETHUSDT,bid,2230,5230.571
2024-09-09 08:02:24,ETHUSDT,bid,2200,4530.118
2024-09-09 08:02:35,ETHUSDT,bid,2200,4529.793
2024-09-09 08:03:02,ETHUSDT,bid,2220,5383.692
2024-09-09 08:03:11,ETHUSDT,bid,2230,5231.243
2024-09-09 08:03:13,ETHUSDT,bid,2220,5383.682
2024-09-09 08:03:56,ETHUSDT,bid,1940,5288.195
2024-09-09 08:04:37,ETHUSDT,bid,2230,5230.743
2024-09-09 08:04:46,ETHUSDT,bid,2210,4631.192
2024-09-09 08:06:33,ETHUSDT,ask,2360,4238.191
2024-09-09 08:06:59,ETHUSDT,bid,2030,5189.214
2024-09-09 08:08:54,ETHUSDT,bid,2260,17897.346
2024-09-09 08:09:00,ETHUSDT,bid,1950,5277.223
2024-09-09 08:09:29,ETHUSDT,bid,2230,5230.543
2024-09-09 08:11:54,ETHUSDT,bid,2220,5392.428
2024-09-09 08:13:42,ETHUSDT,ask,2480,4936.13
2024-09-09 08:13:42,ETHUSDT,ask,2490,4033.644
2024-09-09 08:13:46,ETHUSDT,bid,2230,5230.564
2024-09-09 08:14:23,ETHUSDT,ask,2990,3351.678
2024-09-09 08:16:23,ETHUSDT,bid,2210,4631.457
2024-09-09 08:16:23,ETHUSDT,bid,2210,4631.192
2024-09-09 08:16:23,ETHUSDT,bid,2210,4631.452
2024-09-09 08:16:24,ETHUSDT,bid,2210,4631.192
2024-09-09 08:18:06,ETHUSDT,bid,2210,4631.454
2024-09-09 08:18:06,ETHUSDT,bid,2210,4631.192
2024-09-09 08:18:16,ETHUSDT,bid,1950,5276.968
2024-09-09 08:18:39,ETHUSDT,bid,2230,5228.688
2024-09-09 08:18:51,ETHUSDT,bid,2230,5228.666
2024-09-09 08:18:51,ETHUSDT,ask,2550,4185.834
2024-09-09 08:18:59,ETHUSDT,bid,2210,4631.442
2024-09-09 08:19:00,ETHUSDT,bid,2210,4631.192
2024-09-09 08:19:13,ETHUSDT,bid,2210,4642.174
2024-09-09 08:19:14,ETHUSDT,bid,2210,4631.192
2024-09-09 08:19:20,ETHUSDT,bid,2210,4631.181
2024-09-09 08:19:41,ETHUSDT,bid,2210,4642.163
2024-09-09 08:19:43,ETHUSDT,bid,2210,4631.181
2024-09-09 08:20:02,ETHUSDT,bid,2230,5257.869
2024-09-09 08:20:02,ETHUSDT,bid,2230,5284.23
2024-09-09 08:20:02,ETHUSDT,bid,2230,5311.192
2024-09-09 08:20:02,ETHUSDT,bid,2230,5354.724
2024-09-09 08:20:02,ETHUSDT,bid,2230,5365.506
2024-09-09 08:20:02,ETHUSDT,bid,2230,5369.81
2024-09-09 08:21:00,ETHUSDT,bid,2230,5364.735
2024-09-09 08:21:01,ETHUSDT,bid,2230,5333.377
2024-09-09 08:21:01,ETHUSDT,bid,2230,5274.11
2024-09-09 08:21:01,ETHUSDT,bid,2230,5241.597
2024-09-09 08:21:01,ETHUSDT,bid,2230,5228.666
2024-09-09 08:22:07,ETHUSDT,bid,2210,4642.148
2024-09-09 08:22:10,ETHUSDT,bid,2210,4631.181
2024-09-09 08:23:01,ETHUSDT,bid,2210,4631.17
2024-09-09 08:23:01,ETHUSDT,bid,2200,4529.782
2024-09-09 08:23:25,ETHUSDT,bid,2210,4631.18
2024-09-09 08:24:06,ETHUSDT,bid,2210,4631.17
2024-09-09 08:24:51,ETHUSDT,bid,2200,4529.76
2024-09-09 08:26:21,ETHUSDT,bid,2230,5228.566
2024-09-09 08:26:54,ETHUSDT,bid,2200,4529.749
2024-09-09 08:27:03,ETHUSDT,bid,2220,5393.774
2024-09-09 08:28:37,ETHUSDT,bid,2220,5392.428
2024-09-09 08:30:03,ETHUSDT,bid,2230,5228.665
2024-09-09 08:30:29,ETHUSDT,bid,2230,5228.655
2024-09-09 08:30:45,ETHUSDT,bid,2210,4631.18
2024-09-09 08:30:45,ETHUSDT,bid,2210,4631.19
2024-09-09 08:30:51,ETHUSDT,bid,1960,5566.485
2024-09-09 08:31:18,ETHUSDT,bid,1780,5773.541
2024-09-09 08:31:24,ETHUSDT,bid,2210,4631.18
2024-09-09 08:31:25,ETHUSDT,bid,2210,4631.17
2024-09-09 08:31:57,ETHUSDT,bid,1780,5773.341
2024-09-09 08:32:07,ETHUSDT,bid,2230,5228.433
2024-09-09 08:32:42,ETHUSDT,bid,2210,4626.17
2024-09-09 08:33:06,ETHUSDT,bid,2200,4529.76
2024-09-09 08:33:41,ETHUSDT,ask,2580,3951.348
2024-09-09 08:33:53,ETHUSDT,ask,2360,4238.191
2024-09-09 08:35:09,ETHUSDT,bid,1940,5288.225
2024-09-09 08:37:44,ETHUSDT,bid,2230,5228.442
2024-09-09 08:37:54,ETHUSDT,bid,2230,5258.442
2024-09-09 08:39:20,ETHUSDT,bid,2220,5402.454
2024-09-09 08:39:22,ETHUSDT,ask,2550,4185.85
2024-09-09 08:39:41,ETHUSDT,bid,1960,5565.674
2024-09-09 08:40:20,ETHUSDT,bid,2220,5392.428
2024-09-09 08:40:27,ETHUSDT,ask,2480,4936.172
2024-09-09 08:42:30,ETHUSDT,bid,2200,4529.749
2024-09-09 08:42:35,ETHUSDT,bid,2230,5258.178
2024-09-09 08:42:58,ETHUSDT,bid,2210,4626.156
2024-09-09 08:43:29,ETHUSDT,bid,2220,5392.402
2024-09-09 08:44:19,ETHUSDT,bid,2200,4529.738
2024-09-09 08:44:31,ETHUSDT,bid,2230,5258.196
2024-09-09 08:46:48,ETHUSDT,bid,2220,5392.455
2024-09-09 08:46:48,ETHUSDT,bid,2230,5258.249
2024-09-09 08:47:17,ETHUSDT,bid,2230,5258.171
2024-09-09 08:48:02,ETHUSDT,bid,2230,5258.215
2024-09-09 08:48:51,ETHUSDT,bid,1960,5565.468
2024-09-09 08:48:52,ETHUSDT,bid,2230,5261.215
2024-09-09 08:49:16,ETHUSDT,bid,2230,5258.215
2024-09-09 08:50:19,ETHUSDT,bid,2230,5258.244
2024-09-09 08:50:23,ETHUSDT,bid,2230,5255.244
2024-09-09 08:55:28,ETHUSDT,ask,2550,4185.35
2024-09-09 08:56:16,ETHUSDT,ask,2480,4940.172
2024-09-09 08:56:29,ETHUSDT,bid,2230,5305.244
2024-09-09 08:56:29,ETHUSDT,ask,2550,4185.302
2024-09-09 08:56:52,ETHUSDT,bid,2230,5306.587
2024-09-09 08:56:54,ETHUSDT,bid,2220,5392.41
2024-09-09 08:58:07,ETHUSDT,bid,2220,5402.41
2024-09-09 08:58:31,ETHUSDT,bid,2230,5305.244
2024-09-09 08:59:17,ETHUSDT,ask,2390,4195.608
2024-09-09 08:59:25,ETHUSDT,bid,2230,5304.245
2024-09-09 08:59:54,ETHUSDT,ask,2550,4185.802
2024-09-09 09:01:09,ETHUSDT,bid,2220,5402.441
2024-09-09 09:04:04,ETHUSDT,bid,2220,5402.4
2024-09-09 09:04:04,ETHUSDT,bid,2230,5304.204
2024-09-09 09:05:17,ETHUSDT,ask,2390,4199.69
2024-09-09 09:05:24,ETHUSDT,bid,2220,5402.41
2024-09-09 09:06:14,ETHUSDT,bid,2210,4626.166
2024-09-09 09:06:14,ETHUSDT,bid,2210,4626.176
2024-09-09 09:06:14,ETHUSDT,bid,2210,4626.186
2024-09-09 09:06:51,ETHUSDT,bid,2210,4626.176
2024-09-09 09:06:52,ETHUSDT,bid,2210,4626.166
2024-09-09 09:06:52,ETHUSDT,bid,2210,4626.156
2024-09-09 09:07:13,ETHUSDT,ask,2480,4940.192
2024-09-09 09:07:25,ETHUSDT,bid,2210,4626.145
2024-09-09 09:08:37,ETHUSDT,bid,1780,5775.587
2024-09-09 09:09:24,ETHUSDT,bid,2210,4626.155
2024-09-09 09:09:24,ETHUSDT,bid,2210,4626.165
2024-09-09 09:09:59,ETHUSDT,bid,2210,4626.155
2024-09-09 09:10:00,ETHUSDT,bid,2210,4626.145
2024-09-09 09:10:03,ETHUSDT,bid,1700,6055.584
2024-09-09 09:10:34,ETHUSDT,bid,1700,6056.482
2024-09-09 09:10:37,ETHUSDT,bid,2230,5304.174
2024-09-09 09:13:09,ETHUSDT,ask,2360,4237.352
2024-09-09 09:13:47,ETHUSDT,ask,2540,3947.666
2024-09-09 09:14:45,ETHUSDT,bid,2230,5305.519
2024-09-09 09:15:07,ETHUSDT,ask,2550,4185.702
2024-09-09 09:15:58,ETHUSDT,bid,1960,5565.218
2024-09-09 09:17:06,ETHUSDT,bid,2210,4626.155
2024-09-09 09:17:06,ETHUSDT,bid,2210,4626.165
2024-09-09 09:17:17,ETHUSDT,bid,2210,4626.175
2024-09-09 09:17:18,ETHUSDT,bid,2210,4626.185
2024-09-09 09:17:18,ETHUSDT,bid,2210,4626.195
2024-09-09 09:17:18,ETHUSDT,bid,2210,4626.205
2024-09-09 09:17:57,ETHUSDT,bid,2210,4626.195
2024-09-09 09:17:59,ETHUSDT,bid,2210,4626.185
2024-09-09 09:18:08,ETHUSDT,bid,2210,4626.175
2024-09-09 09:18:09,ETHUSDT,bid,2210,4626.165
2024-09-09 09:18:09,ETHUSDT,bid,2210,4626.145
2024-09-09 09:18:13,ETHUSDT,bid,2200,4529.748
2024-09-09 09:18:58,ETHUSDT,bid,2230,5305.743
2024-09-09 09:19:01,ETHUSDT,bid,2200,4529.738
2024-09-09 09:20:06,ETHUSDT,bid,2200,4529.748
2024-09-09 09:20:57,ETHUSDT,bid,2200,4529.738
2024-09-09 09:22:40,ETHUSDT,bid,2220,5402.502
2024-09-09 09:25:16,ETHUSDT,bid,2200,4529.748
2024-09-09 09:25:17,ETHUSDT,bid,2200,4529.758
2024-09-09 09:25:17,ETHUSDT,bid,2200,4529.768
2024-09-09 09:25:58,ETHUSDT,bid,2200,4529.748
2024-09-09 09:25:59,ETHUSDT,bid,2200,4529.738
2024-09-09 09:26:06,ETHUSDT,bid,2230,5305.715
2024-09-09 09:26:46,ETHUSDT,bid,2220,5403.4
2024-09-09 09:28:19,ETHUSDT,bid,2220,5404.171
2024-09-09 09:29:48,ETHUSDT,bid,2230,5255.715
2024-09-09 09:30:09,ETHUSDT,bid,2220,5403.4
2024-09-09 09:30:40,ETHUSDT,ask,2480,4940.176
2024-09-09 09:30:46,ETHUSDT,ask,2360,4237.352
2024-09-09 09:30:50,ETHUSDT,ask,2360,4237.352
2024-09-09 09:33:26,ETHUSDT,ask,2390,4532.69
2024-09-09 09:33:56,ETHUSDT,ask,2360,4238.576
2024-09-09 09:34:55,ETHUSDT,bid,2030,5189.46
2024-09-09 09:35:04,ETHUSDT,bid,2230,5257.92
2024-09-09 09:35:21,ETHUSDT,bid,2230,5255.715
2024-09-09 09:35:27,ETHUSDT,bid,2230,5255.815
2024-09-09 09:37:13,ETHUSDT,bid,2230,5258.065
2024-09-09 09:37:29,ETHUSDT,bid,2230,5258.82
2024-09-09 09:38:22,ETHUSDT,bid,2230,5255.815
2024-09-09 09:41:17,ETHUSDT,bid,2220,5407.746
2024-09-09 09:42:07,ETHUSDT,bid,2220,5403.4
2024-09-09 09:42:46,ETHUSDT,bid,2220,5406.412
2024-09-09 09:43:28,ETHUSDT,bid,2230,5259.452
2024-09-09 09:43:42,ETHUSDT,bid,2230,5255.815
2024-09-09 09:43:55,ETHUSDT,bid,2230,5257.16
2024-09-09 09:44:28,ETHUSDT,bid,2230,5255.356
2024-09-09 09:45:08,ETHUSDT,bid,2230,5254.577
2024-09-09 09:45:29,ETHUSDT,bid,2230,5262.132
2024-09-09 09:46:01,ETHUSDT,bid,2230,5262.182
2024-09-09 09:46:28,ETHUSDT,ask,2390,4532.954
2024-09-09 09:46:38,ETHUSDT,bid,2230,5261.682
2024-09-09 09:46:49,ETHUSDT,bid,2230,5261.632
2024-09-09 09:51:43,ETHUSDT,bid,2210,4626.245
2024-09-09 09:51:43,ETHUSDT,bid,2220,5406.512
2024-09-09 09:51:43,ETHUSDT,bid,2230,5261.732
2024-09-09 09:52:18,ETHUSDT,bid,2210,4626.244
2024-09-09 09:52:57,ETHUSDT,ask,2550,4184.702
2024-09-09 09:53:37,ETHUSDT,bid,2200,4529.727
2024-09-09 09:54:05,ETHUSDT,bid,2200,4529.737
2024-09-09 09:54:49,ETHUSDT,bid,2200,4529.727
2024-09-09 09:56:55,ETHUSDT,bid,2220,5406.522
2024-09-09 09:56:55,ETHUSDT,bid,2230,5261.742
2024-09-09 09:57:24,ETHUSDT,bid,2230,5261.815
2024-09-09 09:57:35,ETHUSDT,bid,1960,5535.311
2024-09-09 09:57:36,ETHUSDT,ask,2580,3951.306
2024-09-09 09:58:18,ETHUSDT,bid,2230,5266.815
2024-09-09 10:02:52,ETHUSDT,bid,2230,5267.026
2024-09-09 10:03:11,ETHUSDT,ask,2390,4533.154
2024-09-09 10:04:04,ETHUSDT,ask,2390,4533.354
2024-09-09 10:05:23,ETHUSDT,bid,2230,5266.937
2024-09-09 10:05:44,ETHUSDT,bid,2230,5266.946
2024-09-09 10:07:32,ETHUSDT,bid,2220,5494.522
2024-09-09 10:10:29,ETHUSDT,bid,1710,5960.198
2024-09-09 10:10:44,ETHUSDT,bid,2210,4626.254
2024-09-09 10:11:03,ETHUSDT,bid,2230,5267.216
2024-09-09 10:11:26,ETHUSDT,bid,2210,4626.244
2024-09-09 10:11:52,ETHUSDT,bid,2230,5265.199
2024-09-09 10:13:09,ETHUSDT,bid,2200,4544.797
2024-09-09 10:13:09,ETHUSDT,bid,2200,4544.807
2024-09-09 10:13:11,ETHUSDT,bid,2200,4544.817
2024-09-09 10:14:11,ETHUSDT,bid,2200,4544.807
2024-09-09 10:14:14,ETHUSDT,bid,2200,4544.797
2024-09-09 10:15:44,ETHUSDT,ask,2480,4940.186
2024-09-09 10:16:56,ETHUSDT,ask,2390,4533.09
2024-09-09 10:17:07,ETHUSDT,bid,2230,5264.466
2024-09-09 10:17:20,ETHUSDT,ask,2360,4247.992
2024-09-09 10:17:32,ETHUSDT,ask,2480,4940.136
2024-09-09 10:17:32,ETHUSDT,ask,3120,3196.955
2024-09-09 10:18:20,ETHUSDT,ask,2360,4238.576
2024-09-09 10:19:34,ETHUSDT,bid,2220,5494.539
2024-09-09 10:19:34,ETHUSDT,bid,2230,5264.483
2024-09-09 10:21:00,ETHUSDT,ask,2390,4530.654
2024-09-09 10:21:17,ETHUSDT,bid,2230,5300.357
2024-09-09 10:21:22,ETHUSDT,bid,2200,4529.727
2024-09-09 10:21:39,ETHUSDT,bid,2230,5300.075
2024-09-09 10:22:02,ETHUSDT,bid,2220,5494.486
2024-09-09 10:22:02,ETHUSDT,bid,2230,5300.022
2024-09-09 10:22:22,ETHUSDT,ask,2550,4185.22
2024-09-09 10:24:00,ETHUSDT,bid,2220,5496.696
2024-09-09 10:24:04,ETHUSDT,ask,2480,4939.915
2024-09-09 10:24:17,ETHUSDT,bid,2220,5494.486
2024-09-09 10:25:00,ETHUSDT,bid,2030,5189.475
2024-09-09 10:25:01,ETHUSDT,bid,2200,4529.716
2024-09-09 10:25:45,ETHUSDT,bid,2220,5484.486
2024-09-09 10:26:21,ETHUSDT,bid,2230,5299.719
2024-09-09 10:29:03,ETHUSDT,bid,2220,5484.262
2024-09-09 10:29:16,ETHUSDT,bid,2220,5484.29
2024-09-09 10:29:20,ETHUSDT,bid,1700,6056.504
2024-09-09 10:29:31,ETHUSDT,ask,2550,4185.23
2024-09-09 10:29:39,ETHUSDT,bid,2220,5484.531
2024-09-09 10:30:02,ETHUSDT,bid,1700,6056.998
2024-09-09 10:31:23,ETHUSDT,bid,2230,5299.362
2024-09-09 10:31:37,ETHUSDT,ask,2550,4182.08
2024-09-09 10:31:53,ETHUSDT,bid,1700,6056.504
2024-09-09 10:31:53,ETHUSDT,bid,2230,5299.718
2024-09-09 10:32:20,ETHUSDT,bid,2230,5299.662
2024-09-09 10:33:28,ETHUSDT,ask,2390,4523.654
2024-09-09 10:34:15,ETHUSDT,ask,2580,3950.29
2024-09-09 10:36:04,ETHUSDT,bid,2210,4623.983
2024-09-09 10:36:22,ETHUSDT,bid,2230,5299.672
2024-09-09 10:36:49,ETHUSDT,ask,2670,3804.241
2024-09-09 10:38:05,ETHUSDT,ask,2470,4042.032
2024-09-09 10:38:23,ETHUSDT,bid,2230,5299.316
2024-09-09 10:38:52,ETHUSDT,bid,2230,5310.511
2024-09-09 10:39:23,ETHUSDT,ask,2390,4527.0
2024-09-09 10:43:53,ETHUSDT,bid,2230,5299.316
2024-09-09 10:45:36,ETHUSDT,bid,2230,5299.116
2024-09-09 10:45:44,ETHUSDT,bid,2220,5484.465
2024-09-09 10:47:47,ETHUSDT,ask,2360,4238.592
2024-09-09 10:49:41,ETHUSDT,bid,2230,5298.916
2024-09-09 10:50:07,ETHUSDT,ask,2390,4527.01
2024-09-09 10:50:08,ETHUSDT,ask,2390,4527.02
2024-09-09 10:50:08,ETHUSDT,ask,2390,4540.78
2024-09-09 10:50:46,ETHUSDT,ask,2390,4540.77
2024-09-09 10:50:48,ETHUSDT,ask,2390,4540.76
2024-09-09 10:51:26,ETHUSDT,bid,2220,5484.437
2024-09-09 10:53:34,ETHUSDT,bid,2220,5494.437
2024-09-09 10:55:06,ETHUSDT,ask,2390,4527.0
2024-09-09 10:56:10,ETHUSDT,bid,2230,5298.959
2024-09-09 10:57:49,ETHUSDT,bid,2030,5183.475
2024-09-09 10:57:55,ETHUSDT,bid,2220,5504.437
2024-09-09 10:58:16,ETHUSDT,bid,2210,4623.832
2024-09-09 10:58:32,ETHUSDT,bid,2230,5300.959
2024-09-09 10:58:43,ETHUSDT,bid,2210,4623.38
2024-09-09 11:05:46,ETHUSDT,ask,2550,4181.012
2024-09-09 11:05:53,ETHUSDT,bid,1940,5226.082
2024-09-09 11:06:13,ETHUSDT,bid,2230,5300.945
2024-09-09 11:06:21,ETHUSDT,ask,2390,4536.302
2024-09-09 11:07:20,ETHUSDT,ask,2390,4527.0
2024-09-09 11:07:21,ETHUSDT,bid,2230,5301.02
2024-09-09 11:07:30,ETHUSDT,bid,2220,5504.393
2024-09-09 11:08:13,ETHUSDT,ask,2550,4206.326
2024-09-09 11:09:00,ETHUSDT,bid,2230,5300.053
2024-09-09 11:10:30,ETHUSDT,bid,2220,5416.393
2024-09-09 11:11:24,ETHUSDT,bid,1700,6060.033
2024-09-09 11:11:27,ETHUSDT,ask,2390,4527.0
2024-09-09 11:11:43,ETHUSDT,bid,1940,5216.525
2024-09-09 11:16:00,ETHUSDT,ask,2390,4527.0
2024-09-09 11:16:45,ETHUSDT,ask,2480,4939.915
2024-09-09 11:18:15,ETHUSDT,bid,2230,5299.053
2024-09-09 11:18:45,ETHUSDT,bid,1700,6060.058
2024-09-09 11:20:01,ETHUSDT,bid,2230,5298.791
2024-09-09 11:20:23,ETHUSDT,ask,2540,3947.738
2024-09-09 11:20:48,ETHUSDT,bid,2230,5299.015
2024-09-09 11:20:51,ETHUSDT,bid,2210,4618.88
2024-09-09 11:21:05,ETHUSDT,bid,2230,5299.114
2024-09-09 11:21:14,ETHUSDT,bid,2220,5415.893
2024-09-09 11:21:15,ETHUSDT,ask,2360,4241.827
2024-09-09 11:26:38,ETHUSDT,bid,2230,5299.123
2024-09-09 11:26:57,ETHUSDT,ask,2470,4040.732
2024-09-09 11:26:58,ETHUSDT,bid,2230,5299.114
2024-09-09 11:27:01,ETHUSDT,ask,2390,4528.013
2024-09-09 11:27:52,ETHUSDT,ask,2550,4205.856
2024-09-09 11:28:10,ETHUSDT,ask,2390,4527.93
2024-09-09 11:29:47,ETHUSDT,bid,2230,5299.127
2024-09-09 11:30:15,ETHUSDT,bid,2230,5298.127
2024-09-09 11:30:24,ETHUSDT,bid,2230,5298.321
2024-09-09 11:30:27,ETHUSDT,bid,2230,5298.515
2024-09-09 11:30:56,ETHUSDT,ask,2480,4933.915
2024-09-09 11:32:31,ETHUSDT,ask,2550,4207.558
2024-09-09 11:32:45,ETHUSDT,bid,2220,5415.24
2024-09-09 11:34:45,ETHUSDT,bid,2230,5298.382
2024-09-09 11:38:00,ETHUSDT,bid,2210,4618.981
2024-09-09 11:41:29,ETHUSDT,bid,2230,5299.182
2024-09-09 11:41:32,ETHUSDT,bid,2220,5415.268
2024-09-09 11:42:38,ETHUSDT,bid,2230,5299.169
2024-09-09 11:44:07,ETHUSDT,bid,2220,5414.768
2024-09-09 11:44:07,ETHUSDT,bid,2230,5298.669
2024-09-09 11:45:57,ETHUSDT,bid,2220,5414.786
2024-09-09 11:47:29,ETHUSDT,bid,2220,5419.664
2024-09-09 11:47:54,ETHUSDT,bid,2230,5298.678
2024-09-09 11:47:58,ETHUSDT,bid,2220,5422.786
2024-09-09 11:48:12,ETHUSDT,ask,2540,3947.666
2024-09-09 11:49:00,ETHUSDT,bid,2220,5458.7
2024-09-09 11:49:02,ETHUSDT,bid,2220,5481.141
2024-09-09 11:49:06,ETHUSDT,bid,2220,5526.023
2024-09-09 11:51:54,ETHUSDT,bid,2230,5296.678
2024-09-09 11:53:35,ETHUSDT,bid,2230,5285.375
2024-09-09 11:53:59,ETHUSDT,bid,2230,5249.501
2024-09-09 11:54:01,ETHUSDT,bid,2220,5490.109
2024-09-09 11:54:03,ETHUSDT,bid,2220,5467.668
2024-09-09 11:54:07,ETHUSDT,bid,2220,5422.786
2024-09-09 11:57:23,ETHUSDT,bid,2230,5249.096
2024-09-09 11:57:28,ETHUSDT,bid,2230,5249.32
2024-09-09 11:58:45,ETHUSDT,bid,2230,5251.525
2024-09-09 11:59:01,ETHUSDT,bid,2230,5249.32
2024-09-09 11:59:48,ETHUSDT,bid,2220,5448.286
2024-09-09 12:00:33,ETHUSDT,bid,1960,5537.082
2024-09-09 12:02:23,ETHUSDT,ask,2390,4529.823
2024-09-09 12:03:18,ETHUSDT,bid,2220,5438.286
2024-09-09 12:09:02,ETHUSDT,ask,2580,3950.29
2024-09-09 12:09:04,ETHUSDT,bid,2230,5250.19
2024-09-09 12:09:11,ETHUSDT,bid,2230,5250.69
2024-09-09 12:10:04,ETHUSDT,bid,2200,4530.023
2024-09-09 12:10:04,ETHUSDT,bid,2200,4529.716
2024-09-09 12:10:17,ETHUSDT,ask,2580,3963.223
2024-09-09 12:11:30,ETHUSDT,bid,2230,5250.734
2024-09-09 12:11:50,ETHUSDT,ask,2580,3963.323
2024-09-09 12:11:50,ETHUSDT,bid,2230,5250.815
2024-09-09 12:12:29,ETHUSDT,bid,2220,5438.324
2024-09-09 12:12:39,ETHUSDT,bid,2220,5438.286
2024-09-09 12:13:52,ETHUSDT,ask,2480,4933.875
2024-09-09 12:14:06,ETHUSDT,ask,2480,4933.915
2024-09-09 12:14:07,ETHUSDT,ask,2480,4928.915
2024-09-09 12:15:09,ETHUSDT,ask,2480,4931.915
2024-09-09 12:15:42,ETHUSDT,bid,2230,5250.415
2024-09-09 12:15:48,ETHUSDT,bid,2230,5250.015
2024-09-09 12:17:54,ETHUSDT,bid,1700,6060.046
2024-09-09 12:19:07,ETHUSDT,bid,2230,5250.115
2024-09-09 12:20:43,ETHUSDT,bid,2230,5253.795
2024-09-09 12:21:19,ETHUSDT,bid,2230,5254.918
2024-09-09 12:22:50,ETHUSDT,ask,2520,3967.068
2024-09-09 12:22:50,ETHUSDT,ask,2520,3967.086
2024-09-09 12:23:21,ETHUSDT,ask,2390,4529.813
2024-09-09 12:25:34,ETHUSDT,ask,2550,4207.549
2024-09-09 12:25:43,ETHUSDT,ask,2580,3950.378
2024-09-09 12:28:45,ETHUSDT,bid,1700,6060.661
2024-09-09 12:29:37,ETHUSDT,ask,2550,4207.773
2024-09-09 12:31:59,ETHUSDT,bid,2230,5251.238
2024-09-09 12:32:43,ETHUSDT,bid,2220,5438.324
2024-09-09 12:32:46,ETHUSDT,ask,2520,3967.05
2024-09-09 12:32:54,ETHUSDT,bid,2220,5438.286
2024-09-09 12:32:55,ETHUSDT,bid,2220,5438.324
2024-09-09 12:33:03,ETHUSDT,bid,2220,5438.459
2024-09-09 12:33:06,ETHUSDT,bid,2220,5438.421
2024-09-09 12:33:07,ETHUSDT,bid,2220,5438.459
2024-09-09 12:33:17,ETHUSDT,bid,2220,5438.44
2024-09-09 12:33:18,ETHUSDT,bid,2220,5438.421
2024-09-09 12:34:02,ETHUSDT,bid,1700,6060.649
2024-09-09 12:34:03,ETHUSDT,bid,2220,5438.286
2024-09-09 12:35:33,ETHUSDT,bid,2230,5251.637
2024-09-09 12:37:00,ETHUSDT,ask,2550,4207.792
2024-09-09 12:39:14,ETHUSDT,bid,2230,5248.274
2024-09-09 12:40:19,ETHUSDT,bid,2220,5438.005
2024-09-09 12:43:30,ETHUSDT,ask,2360,4236.827
2024-09-09 12:46:22,ETHUSDT,bid,2230,5241.563
2024-09-09 12:47:32,ETHUSDT,ask,2390,4525.279
2024-09-09 12:48:11,ETHUSDT,bid,2200,4540.639
2024-09-09 12:48:14,ETHUSDT,bid,2200,4529.716
2024-09-09 12:49:16,ETHUSDT,ask,2480,4143.782
2024-09-09 12:49:43,ETHUSDT,bid,1700,6062.819
2024-09-09 12:50:20,ETHUSDT,bid,2230,5251.566
2024-09-09 12:50:20,ETHUSDT,bid,1700,6060.649
2024-09-09 12:50:48,ETHUSDT,ask,2670,3792.816
2024-09-09 12:51:14,ETHUSDT,bid,2230,5251.556
2024-09-09 12:51:14,ETHUSDT,ask,2390,4525.269
2024-09-09 12:51:20,ETHUSDT,bid,2230,5241.553
2024-09-09 12:51:34,ETHUSDT,ask,2480,4143.772
2024-09-09 12:52:00,ETHUSDT,bid,2230,5243.171
2024-09-09 12:52:10,ETHUSDT,bid,2230,5242.981
2024-09-09 12:52:57,ETHUSDT,bid,2230,5243.08
2024-09-09 12:53:43,ETHUSDT,ask,2480,4143.791
2024-09-09 12:53:51,ETHUSDT,bid,1680,8963.989
2024-09-09 12:53:53,ETHUSDT,ask,2580,3947.846
2024-09-09 12:54:02,ETHUSDT,bid,2230,5242.901
2024-09-09 12:54:19,ETHUSDT,bid,2210,4618.972
2024-09-09 12:54:38,ETHUSDT,bid,2210,4610.163
2024-09-09 12:54:56,ETHUSDT,ask,2480,4143.723
2024-09-09 12:54:56,ETHUSDT,ask,2550,4207.726
2024-09-09 12:54:56,ETHUSDT,ask,2580,3947.781
2024-09-09 12:55:52,ETHUSDT,bid,2230,5242.961
2024-09-09 12:55:53,ETHUSDT,bid,2220,5436.657
2024-09-09 12:56:16,ETHUSDT,bid,1700,6057.12
2024-09-09 12:58:48,ETHUSDT,bid,2220,5426.657
2024-09-09 13:01:10,ETHUSDT,bid,2220,5426.632
2024-09-09 13:02:42,ETHUSDT,bid,2230,5241.616
2024-09-09 13:03:19,ETHUSDT,bid,2230,5240.493
2024-09-09 13:03:33,ETHUSDT,bid,2230,5240.472
2024-09-09 13:03:33,ETHUSDT,ask,2540,3947.648
2024-09-09 13:04:32,ETHUSDT,bid,2230,5242.714
2024-09-09 13:07:31,ETHUSDT,bid,2230,5242.747
2024-09-09 13:07:48,ETHUSDT,ask,2480,4143.79
2024-09-09 13:07:48,ETHUSDT,ask,2550,4207.791
2024-09-09 13:07:48,ETHUSDT,ask,2580,3947.845
2024-09-09 13:07:48,ETHUSDT,ask,2670,3792.878
2024-09-09 13:08:09,ETHUSDT,ask,2650,3795.203
2024-09-09 13:11:26,ETHUSDT,bid,1710,5956.107
2024-09-09 13:11:49,ETHUSDT,ask,2520,3967.293
2024-09-09 13:12:32,ETHUSDT,bid,1780,5780.938
2024-09-09 13:12:38,ETHUSDT,ask,2550,4207.291
2024-09-09 13:12:42,ETHUSDT,bid,2230,5245.747
2024-09-09 13:12:49,ETHUSDT,ask,2550,4207.891
2024-09-09 13:13:02,ETHUSDT,bid,2230,5245.767
2024-09-09 13:16:16,ETHUSDT,bid,2230,5245.718
2024-09-09 13:16:24,ETHUSDT,bid,2220,5426.68
2024-09-09 13:19:01,ETHUSDT,bid,2230,5247.141
2024-09-09 13:19:20,ETHUSDT,bid,2230,5247.076
2024-09-09 13:19:57,ETHUSDT,ask,2550,4208.091
2024-09-09 13:21:05,ETHUSDT,bid,2220,5426.949
2024-09-09 13:21:56,ETHUSDT,bid,2220,5427.016
2024-09-09 13:22:21,ETHUSDT,bid,1940,5290.597
2024-09-09 13:23:17,ETHUSDT,bid,2230,5247.104
2024-09-09 13:25:26,ETHUSDT,bid,2220,5428.016
2024-09-09 13:26:01,ETHUSDT,bid,2230,5247.273
2024-09-09 13:27:39,ETHUSDT,bid,2230,5247.104
2024-09-09 13:27:42,ETHUSDT,ask,2390,4526.282
2024-09-09 13:29:11,ETHUSDT,bid,1700,6056.505
2024-09-09 13:29:57,ETHUSDT,bid,1700,6060.034
2024-09-09 13:32:44,ETHUSDT,bid,2230,5249.104
2024-09-09 13:33:12,ETHUSDT,ask,2480,4136.955
2024-09-09 13:33:20,ETHUSDT,ask,2520,3967.301
2024-09-09 13:33:29,ETHUSDT,ask,2520,3967.293
2024-09-09 13:34:03,ETHUSDT,ask,2390,4522.2
2024-09-09 13:34:18,ETHUSDT,bid,1700,6060.009
2024-09-09 13:35:41,ETHUSDT,ask,2590,5799.381
2024-09-09 13:35:57,ETHUSDT,bid,2230,5247.753
2024-09-09 13:37:01,ETHUSDT,bid,2230,5252.828
2024-09-09 13:37:01,ETHUSDT,bid,2230,5254.983
2024-09-09 13:37:01,ETHUSDT,bid,2230,5267.914
2024-09-09 13:37:02,ETHUSDT,bid,2230,5302.704
2024-09-09 13:37:02,ETHUSDT,bid,2230,5335.217
2024-09-09 13:37:02,ETHUSDT,bid,2230,5356.503
2024-09-09 13:37:02,ETHUSDT,bid,2230,5388.897
2024-09-09 13:38:00,ETHUSDT,bid,2230,5383.822
2024-09-09 13:38:01,ETHUSDT,bid,2230,5379.518
2024-09-09 13:38:26,ETHUSDT,bid,2220,5425.769
2024-09-09 13:38:31,ETHUSDT,bid,2220,5425.894
2024-09-09 13:38:56,ETHUSDT,bid,2210,4607.416
2024-09-09 13:39:00,ETHUSDT,bid,2230,5368.38
2024-09-09 13:39:00,ETHUSDT,bid,2230,5362.793
2024-09-09 13:39:00,ETHUSDT,bid,2230,5301.196
2024-09-09 13:39:00,ETHUSDT,bid,2230,5258.535
2024-09-09 13:39:00,ETHUSDT,bid,2230,5247.753
2024-09-09 13:39:12,ETHUSDT,bid,1960,5536.981
2024-09-09 13:39:16,ETHUSDT,bid,2230,5247.887
2024-09-09 13:39:23,ETHUSDT,bid,1960,5537.281
2024-09-09 13:40:15,ETHUSDT,bid,2230,5247.753
2024-09-09 13:42:05,ETHUSDT,bid,2230,5247.788
2024-09-09 13:42:05,ETHUSDT,bid,2230,5247.753
2024-09-09 13:42:05,ETHUSDT,bid,2230,5247.788
2024-09-09 13:42:06,ETHUSDT,bid,2230,5247.753
2024-09-09 13:42:06,ETHUSDT,bid,2230,5247.788
2024-09-09 13:42:06,ETHUSDT,bid,2230,5247.753
2024-09-09 13:42:06,ETHUSDT,bid,2230,5247.788
2024-09-09 13:42:06,ETHUSDT,bid,2230,5247.753
2024-09-09 13:42:06,ETHUSDT,bid,2230,5247.788
2024-09-09 13:42:06,ETHUSDT,bid,2230,5247.788
2024-09-09 13:42:07,ETHUSDT,bid,2230,5247.788
2024-09-09 13:42:07,ETHUSDT,bid,2230,5247.753
2024-09-09 13:42:07,ETHUSDT,bid,2230,5247.753
2024-09-09 13:42:07,ETHUSDT,bid,2230,5247.843
2024-09-09 13:42:13,ETHUSDT,bid,2230,5247.881
2024-09-09 13:42:19,ETHUSDT,bid,2230,5247.791
2024-09-09 13:42:24,ETHUSDT,bid,2230,5247.753
2024-09-09 13:43:35,ETHUSDT,ask,2480,4143.406
2024-09-09 13:47:57,ETHUSDT,ask,2550,4182.777
2024-09-09 13:49:01,ETHUSDT,bid,2220,5428.048
2024-09-09 13:50:01,ETHUSDT,bid,2220,5425.894
2024-09-09 13:50:55,ETHUSDT,bid,2220,5425.952
2024-09-09 13:51:20,ETHUSDT,bid,2220,5427.71
2024-09-09 13:56:58,ETHUSDT,bid,1780,5775.587
2024-09-09 13:57:36,ETHUSDT,bid,2230,5247.842
2024-09-09 13:57:45,ETHUSDT,ask,2480,4143.333
2024-09-09 13:58:42,ETHUSDT,ask,2520,3978.445
2024-09-09 13:59:03,ETHUSDT,bid,2210,4607.449
2024-09-09 13:59:03,ETHUSDT,bid,2210,4607.459
2024-09-09 13:59:04,ETHUSDT,bid,2210,4607.448
2024-09-09 13:59:08,ETHUSDT,ask,2360,4238.827
2024-09-09 13:59:09,ETHUSDT,bid,2210,4607.438
2024-09-09 13:59:45,ETHUSDT,bid,2230,5246.342
2024-09-09 14:00:08,ETHUSDT,bid,2230,5256.144
2024-09-09 14:00:09,ETHUSDT,bid,2200,4642.754
2024-09-09 14:00:10,ETHUSDT,bid,2200,4697.012
2024-09-09 14:00:36,ETHUSDT,bid,2230,5256.935
2024-09-09 14:00:57,ETHUSDT,ask,2390,4522.21
2024-09-09 14:00:57,ETHUSDT,ask,2390,4522.221
2024-09-09 14:00:58,ETHUSDT,ask,2390,4522.232
2024-09-09 14:00:58,ETHUSDT,ask,2390,4522.242
2024-09-09 14:00:59,ETHUSDT,ask,2390,4522.252
2024-09-09 14:00:59,ETHUSDT,ask,2390,4522.262
2024-09-09 14:01:00,ETHUSDT,ask,2390,4522.273
2024-09-09 14:01:00,ETHUSDT,ask,2390,4522.283
2024-09-09 14:01:00,ETHUSDT,ask,2390,4522.293
2024-09-09 14:01:23,ETHUSDT,bid,2210,4607.427
2024-09-09 14:01:47,ETHUSDT,ask,2390,4522.293
2024-09-09 14:01:48,ETHUSDT,ask,2390,4522.283
2024-09-09 14:01:51,ETHUSDT,ask,2390,4522.273
2024-09-09 14:01:51,ETHUSDT,ask,2390,4522.263
2024-09-09 14:01:51,ETHUSDT,ask,2390,4522.253
2024-09-09 14:01:53,ETHUSDT,ask,2390,4522.233
2024-09-09 14:03:28,ETHUSDT,bid,1960,5602.317
2024-09-09 14:05:10,ETHUSDT,bid,2200,4583.974
2024-09-09 14:05:10,ETHUSDT,bid,2200,4529.716
2024-09-09 14:06:53,ETHUSDT,ask,2480,4141.519
2024-09-09 14:07:41,ETHUSDT,bid,2230,5247.133
2024-09-09 14:08:55,ETHUSDT,bid,2230,5247.133
2024-09-09 14:08:55,ETHUSDT,bid,2230,5247.133
2024-09-09 14:08:55,ETHUSDT,bid,2230,5247.223
2024-09-09 14:08:55,ETHUSDT,bid,2230,5247.223
2024-09-09 14:09:08,ETHUSDT,bid,2230,5247.133
2024-09-09 14:13:13,ETHUSDT,ask,2550,4181.964
2024-09-09 14:13:14,ETHUSDT,bid,1780,5764.352
2024-09-09 14:13:38,ETHUSDT,bid,2230,5247.381
2024-09-09 14:15:36,ETHUSDT,bid,1700,6060.067
2024-09-09 14:15:57,ETHUSDT,ask,2480,4141.507
2024-09-09 14:16:55,ETHUSDT,bid,2230,5247.471
2024-09-09 14:19:02,ETHUSDT,ask,2550,4181.839
2024-09-09 14:20:02,ETHUSDT,bid,2200,4529.727
2024-09-09 14:20:02,ETHUSDT,bid,2200,4529.738
2024-09-09 14:20:26,ETHUSDT,bid,2200,4529.748
2024-09-09 14:20:26,ETHUSDT,bid,2200,4529.758
2024-09-09 14:20:46,ETHUSDT,bid,2230,5245.853
2024-09-09 14:21:16,ETHUSDT,bid,2200,4529.748
2024-09-09 14:21:16,ETHUSDT,bid,2200,4529.738
2024-09-09 14:21:44,ETHUSDT,bid,2230,5245.844
2024-09-09 14:21:48,ETHUSDT,ask,2550,4181.239
2024-09-09 14:21:56,ETHUSDT,bid,2230,5245.945
2024-09-09 14:21:56,ETHUSDT,ask,2390,4522.334
2024-09-09 14:23:27,ETHUSDT,ask,2390,4522.571
2024-09-09 14:23:44,ETHUSDT,ask,2360,4235.592
2024-09-09 14:24:13,ETHUSDT,ask,2480,4141.707
2024-09-09 14:25:38,ETHUSDT,ask,2480,4141.748
2024-09-09 14:26:34,ETHUSDT,ask,2520,3978.244
2024-09-09 14:27:58,ETHUSDT,bid,2220,5427.648
2024-09-09 14:29:49,ETHUSDT,bid,2220,5427.638
2024-09-09 14:29:49,ETHUSDT,bid,2230,5245.935
2024-09-09 14:30:38,ETHUSDT,ask,2360,4235.612
2024-09-09 14:30:40,ETHUSDT,ask,2360,4234.612
2024-09-09 14:30:59,ETHUSDT,bid,1680,8964.13
2024-09-09 14:30:59,ETHUSDT,bid,1700,6060.206
2024-09-09 14:30:59,ETHUSDT,bid,1740,5792.428
2024-09-09 14:30:59,ETHUSDT,bid,1780,5764.485
2024-09-09 14:30:59,ETHUSDT,bid,1960,5602.438
2024-09-09 14:30:59,ETHUSDT,ask,2480,4141.843
2024-09-09 14:30:59,ETHUSDT,ask,2580,3947.937
2024-09-09 14:34:25,ETHUSDT,bid,2210,4607.327
2024-09-09 14:34:25,ETHUSDT,bid,2220,5427.538
2024-09-09 14:34:25,ETHUSDT,bid,2230,5245.835
2024-09-09 14:34:30,ETHUSDT,bid,2230,5245.5
2024-09-09 14:37:55,ETHUSDT,ask,2540,3947.648
2024-09-09 14:37:55,ETHUSDT,ask,2540,3947.656
2024-09-09 14:38:04,ETHUSDT,ask,2540,3947.648
2024-09-09 14:40:32,ETHUSDT,ask,2390,4522.621
2024-09-09 14:41:42,ETHUSDT,bid,2230,5247.742
2024-09-09 14:42:18,ETHUSDT,ask,2490,4030.731
2024-09-09 14:43:25,ETHUSDT,bid,2210,4606.182
2024-09-09 14:44:33,ETHUSDT,bid,2210,4606.141
2024-09-09 14:45:42,ETHUSDT,bid,2230,5247.733
2024-09-09 14:45:58,ETHUSDT,bid,2230,5247.233
2024-09-09 14:46:09,ETHUSDT,ask,2390,4522.821
2024-09-09 14:46:36,ETHUSDT,ask,2550,4181.219
2024-09-09 14:46:53,ETHUSDT,bid,1680,8963.989
2024-09-09 14:46:53,ETHUSDT,bid,1700,6060.067
2024-09-09 14:46:53,ETHUSDT,bid,1740,5792.292
2024-09-09 14:46:53,ETHUSDT,bid,1780,5764.352
2024-09-09 14:46:53,ETHUSDT,bid,1960,5602.317
2024-09-09 14:46:53,ETHUSDT,ask,2480,4141.748
2024-09-09 14:46:53,ETHUSDT,ask,2580,3948.189
2024-09-09 14:48:48,ETHUSDT,ask,2480,4141.788
2024-09-09 14:49:21,ETHUSDT,bid,2230,5247.039
2024-09-09 14:49:22,ETHUSDT,bid,2230,5246.845
2024-09-09 14:49:25,ETHUSDT,bid,2230,5247.14
2024-09-09 14:50:28,ETHUSDT,bid,1680,8964.13
2024-09-09 14:50:28,ETHUSDT,ask,2480,4141.883
2024-09-09 14:51:03,ETHUSDT,bid,2220,5427.528
2024-09-09 14:51:22,ETHUSDT,bid,2220,5427.403
2024-09-09 14:54:05,ETHUSDT,ask,2390,4523.998
2024-09-09 14:56:14,ETHUSDT,ask,2540,3947.656
2024-09-09 14:56:23,ETHUSDT,ask,2540,3947.648
2024-09-09 14:58:31,ETHUSDT,ask,2580,3948.151
2024-09-09 14:58:44,ETHUSDT,ask,2390,4525.203
2024-09-09 14:59:01,ETHUSDT,bid,2220,5427.415
2024-09-09 14:59:01,ETHUSDT,ask,2480,4141.895
2024-09-09 15:00:20,ETHUSDT,bid,2230,5244.14
2024-09-09 15:02:34,ETHUSDT,ask,2390,4525.619
2024-09-09 15:03:34,ETHUSDT,bid,1960,5602.297
2024-09-09 15:05:12,ETHUSDT,bid,2230,5236.585
2024-09-09 15:05:31,ETHUSDT,ask,2360,4234.312
2024-09-09 15:06:07,ETHUSDT,ask,2480,4141.855
2024-09-09 15:06:10,ETHUSDT,ask,2360,4234.312
2024-09-09 15:06:32,ETHUSDT,ask,2360,4236.484
2024-09-09 15:06:44,ETHUSDT,ask,2390,4545.619
2024-09-09 15:06:46,ETHUSDT,bid,2230,5235.662
2024-09-09 15:08:25,ETHUSDT,bid,1700,6060.012
2024-09-09 15:08:37,ETHUSDT,bid,2220,5424.403
2024-09-09 15:09:54,ETHUSDT,ask,2480,4141.876
2024-09-09 15:10:18,ETHUSDT,bid,2230,5235.672
2024-09-09 15:10:18,ETHUSDT,bid,2230,5235.682
2024-09-09 15:10:59,ETHUSDT,bid,2230,5235.672
2024-09-09 15:11:00,ETHUSDT,bid,2230,5235.662
2024-09-09 15:11:05,ETHUSDT,ask,2360,4239.554
2024-09-09 15:13:37,ETHUSDT,ask,2480,4141.682
2024-09-09 15:13:40,ETHUSDT,bid,1680,8964.147
2024-09-09 15:13:42,ETHUSDT,ask,2360,4239.569
2024-09-09 15:14:12,ETHUSDT,ask,2550,4180.919
2024-09-09 15:14:38,ETHUSDT,ask,2360,4240.202
2024-09-09 15:15:49,ETHUSDT,bid,2220,5424.423
2024-09-09 15:15:49,ETHUSDT,bid,2220,5424.433
2024-09-09 15:15:56,ETHUSDT,bid,2220,5429.433
2024-09-09 15:16:05,ETHUSDT,bid,2200,4529.727
2024-09-09 15:16:17,ETHUSDT,bid,2210,4606.13
2024-09-09 15:16:24,ETHUSDT,bid,2220,5429.423
2024-09-09 15:16:24,ETHUSDT,bid,2220,5429.413
2024-09-09 15:16:25,ETHUSDT,bid,2220,5429.403
2024-09-09 15:16:39,ETHUSDT,ask,2360,4240.212
2024-09-09 15:17:02,ETHUSDT,ask,2360,4240.202
2024-09-09 15:17:44,ETHUSDT,ask,2550,4184.069
2024-09-09 15:18:26,ETHUSDT,bid,2220,5432.474
2024-09-09 15:18:37,ETHUSDT,bid,2220,5429.403
2024-09-09 15:18:42,ETHUSDT,ask,2390,4546.029
2024-09-09 15:19:26,ETHUSDT,bid,1740,5783.672
2024-09-09 15:20:06,ETHUSDT,bid,2230,5205.662
2024-09-09 15:20:21,ETHUSDT,bid,2230,5235.662
2024-09-09 15:20:43,ETHUSDT,bid,2220,5429.413
2024-09-09 15:20:43,ETHUSDT,bid,2220,5429.423
2024-09-09 15:20:44,ETHUSDT,bid,2220,5429.433
2024-09-09 15:20:44,ETHUSDT,bid,2220,5429.443
2024-09-09 15:21:00,ETHUSDT,bid,2230,5245.662
2024-09-09 15:21:23,ETHUSDT,bid,2220,5429.433
2024-09-09 15:21:23,ETHUSDT,bid,2220,5429.423
2024-09-09 15:21:24,ETHUSDT,bid,2220,5429.413
2024-09-09 15:21:26,ETHUSDT,bid,2220,5429.403
2024-09-09 15:21:26,ETHUSDT,bid,1940,5295.738
2024-09-09 15:22:09,ETHUSDT,bid,2210,4606.631
2024-09-09 15:22:14,ETHUSDT,bid,2220,5429.414
2024-09-09 15:22:14,ETHUSDT,bid,2220,5429.425
2024-09-09 15:23:41,ETHUSDT,bid,2230,5244.719
2024-09-09 15:24:04,ETHUSDT,ask,2360,4540.202
2024-09-09 15:24:11,ETHUSDT,ask,2360,4540.308
2024-09-09 15:24:20,ETHUSDT,ask,2360,4740.308
2024-09-09 15:24:48,ETHUSDT,bid,2220,5429.363
2024-09-09 15:26:04,ETHUSDT,ask,2540,3947.687
2024-09-09 15:26:21,ETHUSDT,ask,2550,4184.261
2024-09-09 15:26:24,ETHUSDT,ask,2480,4141.669
2024-09-09 15:26:28,ETHUSDT,bid,2230,5240.719
2024-09-09 15:27:18,ETHUSDT,ask,2360,4740.318
2024-09-09 15:27:32,ETHUSDT,bid,1960,5603.297
2024-09-09 15:27:36,ETHUSDT,ask,2360,4740.308
2024-09-09 15:28:02,ETHUSDT,bid,2230,5240.758
2024-09-09 15:28:25,ETHUSDT,ask,2470,4050.722
2024-09-09 15:29:42,ETHUSDT,bid,2230,5240.873
2024-09-09 15:30:21,ETHUSDT,bid,2230,5240.246
2024-09-09 15:30:31,ETHUSDT,bid,2220,5429.086
2024-09-09 15:31:13,ETHUSDT,bid,2230,5239.746
2024-09-09 15:32:08,ETHUSDT,ask,2360,4739.042
2024-09-09 15:32:29,ETHUSDT,bid,2230,5239.665
2024-09-09 15:33:11,ETHUSDT,bid,2230,5239.626
2024-09-09 15:33:34,ETHUSDT,ask,2550,4183.061
2024-09-09 15:33:42,ETHUSDT,bid,2220,5428.994
2024-09-09 15:33:58,ETHUSDT,ask,2360,4439.042
2024-09-09 15:34:06,ETHUSDT,bid,2220,5428.977
2024-09-09 15:34:06,ETHUSDT,ask,2550,4183.047
2024-09-09 15:34:10,ETHUSDT,ask,2360,4239.042
2024-09-09 15:34:24,ETHUSDT,ask,2360,4539.042
2024-09-09 15:34:31,ETHUSDT,ask,2390,4546.255
2024-09-09 15:34:32,ETHUSDT,ask,2390,4542.919
2024-09-09 15:35:06,ETHUSDT,bid,2220,5429.21
2024-09-09 15:35:13,ETHUSDT,bid,1780,5751.993
2024-09-09 15:35:27,ETHUSDT,ask,2360,4539.464
2024-09-09 15:35:29,ETHUSDT,ask,2360,4539.042
2024-09-09 15:36:02,ETHUSDT,ask,2390,4542.996
2024-09-09 15:36:14,ETHUSDT,bid,1700,6061.012
2024-09-09 15:36:33,ETHUSDT,ask,2550,4183.702
2024-09-09 15:38:08,ETHUSDT,ask,2550,4183.72
2024-09-09 15:38:08,ETHUSDT,ask,2550,4183.728
2024-09-09 15:38:11,ETHUSDT,ask,2550,4183.736
2024-09-09 15:38:14,ETHUSDT,ask,2550,4183.754
2024-09-09 15:38:14,ETHUSDT,ask,2550,4183.772
2024-09-09 15:38:17,ETHUSDT,ask,2550,4183.764
2024-09-09 15:39:34,ETHUSDT,ask,2520,3978.001
2024-09-09 15:40:01,ETHUSDT,ask,2550,4183.564
2024-09-09 15:40:17,ETHUSDT,bid,2320,4317.321
2024-09-09 15:40:18,ETHUSDT,bid,2320,4318.441
2024-09-09 15:40:18,ETHUSDT,bid,2320,4317.421
2024-09-09 15:40:21,ETHUSDT,bid,2320,4334.509
2024-09-09 15:40:21,ETHUSDT,bid,2320,4337.236
2024-09-09 15:40:21,ETHUSDT,bid,2320,4321.182
2024-09-09 15:40:21,ETHUSDT,bid,2320,4320.782
2024-09-09 15:40:21,ETHUSDT,bid,2320,4320.53
2024-09-09 15:40:21,ETHUSDT,bid,2320,4323.656
2024-09-09 15:40:22,ETHUSDT,bid,2320,4320.281
2024-09-09 15:40:23,ETHUSDT,bid,2320,4323.723
2024-09-09 15:40:24,ETHUSDT,bid,2320,4320.281
2024-09-09 15:40:27,ETHUSDT,bid,2320,4324.601
2024-09-09 15:40:28,ETHUSDT,bid,2320,4320.281
2024-09-09 15:40:28,ETHUSDT,bid,2320,4354.764
2024-09-09 15:40:28,ETHUSDT,bid,2320,4356.324
2024-09-09 15:40:29,ETHUSDT,bid,2320,4321.841
2024-09-09 15:40:29,ETHUSDT,bid,2320,4321.931
2024-09-09 15:40:30,ETHUSDT,bid,2320,4328.391
2024-09-09 15:40:31,ETHUSDT,bid,2320,4318.705
2024-09-09 15:40:32,ETHUSDT,bid,2320,4318.615
2024-09-09 15:40:32,ETHUSDT,bid,2320,4320.712
2024-09-09 15:40:33,ETHUSDT,bid,2320,4322.805
2024-09-09 15:40:33,ETHUSDT,bid,2230,5239.655
2024-09-09 15:40:33,ETHUSDT,bid,2320,4335.422
2024-09-09 15:40:36,ETHUSDT,bid,2320,4336.422
2024-09-09 15:40:39,ETHUSDT,bid,2320,4336.853
2024-09-09 15:40:40,ETHUSDT,bid,2320,4336.422
2024-09-09 15:40:44,ETHUSDT,bid,2320,4338.422
2024-09-09 15:40:48,ETHUSDT,bid,2320,4326.305
2024-09-09 15:40:49,ETHUSDT,bid,2320,4326.435
2024-09-09 15:40:49,ETHUSDT,bid,2320,4413.604
2024-09-09 15:40:49,ETHUSDT,bid,2320,4413.734
2024-09-09 15:40:50,ETHUSDT,bid,2320,4414.381
2024-09-09 15:40:51,ETHUSDT,bid,2320,4410.099
2024-09-09 15:40:53,ETHUSDT,bid,2320,4410.209
2024-09-09 15:41:04,ETHUSDT,ask,2320,4514.826
2024-09-09 15:41:04,ETHUSDT,ask,2320,4526.991
2024-09-09 15:41:05,ETHUSDT,ask,2320,4526.991
2024-09-09 15:41:05,ETHUSDT,ask,2320,4514.814
2024-09-09 15:41:08,ETHUSDT,ask,2320,4514.357
2024-09-09 15:41:19,ETHUSDT,bid,2220,5429.198
2024-09-09 15:41:19,ETHUSDT,ask,2480,4142.259
2024-09-09 15:41:29,ETHUSDT,ask,2320,4514.784
2024-09-09 15:41:46,ETHUSDT,ask,2320,4516.865
2024-09-09 15:41:49,ETHUSDT,ask,2320,4515.998
2024-09-09 15:42:30,ETHUSDT,ask,2390,4543.905
2024-09-09 15:42:30,ETHUSDT,bid,2220,5429.188
2024-09-09 15:42:30,ETHUSDT,bid,2230,5239.645
2024-09-09 15:42:53,ETHUSDT,bid,1710,5956.307
2024-09-09 15:44:11,ETHUSDT,bid,2230,5239.655
2024-09-09 15:44:52,ETHUSDT,ask,2390,4542.905
2024-09-09 15:44:53,ETHUSDT,bid,2230,5239.645
2024-09-09 15:45:29,ETHUSDT,ask,2480,4142.217
2024-09-09 15:46:03,ETHUSDT,bid,2230,5240.516
2024-09-09 15:47:42,ETHUSDT,ask,2390,4542.473
2024-09-09 15:47:58,ETHUSDT,bid,2230,5238.516
2024-09-09 15:48:09,ETHUSDT,ask,2390,4543.906
2024-09-09 15:48:09,ETHUSDT,ask,2550,4183.644
2024-09-09 15:48:14,ETHUSDT,ask,2550,4183.626
2024-09-09 15:48:14,ETHUSDT,ask,2550,4183.608
2024-09-09 15:48:32,ETHUSDT,ask,2580,3962.533
2024-09-09 15:48:59,ETHUSDT,ask,2480,4142.396
2024-09-09 15:49:33,ETHUSDT,ask,2360,4543.258
2024-09-09 15:50:34,ETHUSDT,ask,2360,4539.042
2024-09-09 15:52:44,ETHUSDT,bid,2230,5238.526
2024-09-09 15:52:45,ETHUSDT,bid,2230,5238.536
2024-09-09 15:52:59,ETHUSDT,bid,2230,5238.546
2024-09-09 15:53:00,ETHUSDT,bid,2230,5238.556
2024-09-09 15:53:10,ETHUSDT,bid,2230,5238.566
2024-09-09 15:53:11,ETHUSDT,bid,2230,5238.576
2024-09-09 15:53:12,ETHUSDT,bid,2230,5238.586
2024-09-09 15:53:35,ETHUSDT,bid,2230,5238.576
2024-09-09 15:53:36,ETHUSDT,bid,2230,5238.566
2024-09-09 15:53:45,ETHUSDT,bid,2230,5238.556
2024-09-09 15:53:46,ETHUSDT,bid,2230,5238.546
2024-09-09 15:53:56,ETHUSDT,bid,2210,4605.865
2024-09-09 15:54:06,ETHUSDT,bid,2230,5238.536
2024-09-09 15:54:08,ETHUSDT,bid,2230,5238.526
2024-09-09 15:54:08,ETHUSDT,bid,2230,5238.516
2024-09-09 15:55:08,ETHUSDT,ask,2390,4547.485
2024-09-09 15:56:01,ETHUSDT,ask,2360,4540.646
2024-09-09 15:56:20,ETHUSDT,bid,1700,6057.483
2024-09-09 15:57:10,ETHUSDT,bid,2210,4605.364
2024-09-09 15:58:07,ETHUSDT,bid,2220,5429.772
2024-09-09 15:59:04,ETHUSDT,ask,2390,4547.474
2024-09-09 15:59:21,ETHUSDT,ask,2480,4142.387
2024-09-09 16:00:10,ETHUSDT,ask,2360,4538.72
2024-09-09 16:02:58,ETHUSDT,ask,2580,3962.525
2024-09-09 16:02:58,ETHUSDT,ask,2550,4183.6
2024-09-09 16:04:19,ETHUSDT,bid,2220,5436.772
2024-09-09 16:06:06,ETHUSDT,ask,2390,4542.904
2024-09-09 16:06:25,ETHUSDT,bid,2230,5228.516
2024-09-09 16:07:01,ETHUSDT,bid,2220,5436.794
2024-09-09 16:07:38,ETHUSDT,ask,2390,4543.011
2024-09-09 16:07:39,ETHUSDT,bid,2230,5228.483
2024-09-09 16:07:51,ETHUSDT,bid,2230,5228.259
2024-09-09 16:08:20,ETHUSDT,bid,2210,4604.864
2024-09-09 16:08:53,ETHUSDT,ask,2550,4183.581
2024-09-09 16:09:06,ETHUSDT,bid,2210,4604.852
2024-09-09 16:09:17,ETHUSDT,bid,2230,5228.159
2024-09-09 16:09:31,ETHUSDT,bid,2230,5228.131
2024-09-09 16:09:35,ETHUSDT,ask,2550,4183.615
2024-09-09 16:09:39,ETHUSDT,ask,2390,4542.581
2024-09-09 16:09:53,ETHUSDT,ask,2390,4543.414
2024-09-09 16:10:07,ETHUSDT,bid,2230,5208.131
2024-09-09 16:10:09,ETHUSDT,bid,2230,5208.044
2024-09-09 16:10:10,ETHUSDT,bid,2220,5436.48
2024-09-09 16:10:20,ETHUSDT,ask,2590,5798.521
2024-09-09 16:11:25,ETHUSDT,ask,2390,4542.581
2024-09-09 16:11:36,ETHUSDT,bid,1950,5271.573
2024-09-09 16:11:44,ETHUSDT,bid,2230,5208.012
2024-09-09 16:12:15,ETHUSDT,ask,2360,4538.806
2024-09-09 16:12:25,ETHUSDT,ask,2360,4538.7
2024-09-09 16:13:29,ETHUSDT,bid,2230,5198.012
2024-09-09 16:13:45,ETHUSDT,bid,2220,5436.749
2024-09-09 16:14:00,ETHUSDT,ask,2360,4538.953
2024-09-09 16:14:15,ETHUSDT,bid,2230,5198.023
2024-09-09 16:14:15,ETHUSDT,bid,2230,5197.948
2024-09-09 16:14:50,ETHUSDT,ask,2390,4541.376
2024-09-09 16:15:34,ETHUSDT,bid,2230,5197.937
2024-09-09 16:16:06,ETHUSDT,ask,2360,4539.008
2024-09-09 16:16:20,ETHUSDT,ask,2550,4184.55
2024-09-09 16:16:29,ETHUSDT,ask,2360,4539.114
2024-09-09 16:16:33,ETHUSDT,ask,2360,4539.099
2024-09-09 16:16:49,ETHUSDT,bid,2220,5436.66
2024-09-09 16:16:49,ETHUSDT,bid,2230,5197.848
2024-09-09 16:16:52,ETHUSDT,ask,2480,4106.537
2024-09-09 16:17:35,ETHUSDT,bid,2200,4529.716
2024-09-09 16:18:00,ETHUSDT,ask,2550,4183.615
2024-09-09 16:18:01,ETHUSDT,ask,2550,4183.989
2024-09-09 16:19:38,ETHUSDT,ask,2550,4184.185
2024-09-09 16:20:35,ETHUSDT,bid,2230,5197.994
2024-09-09 16:20:52,ETHUSDT,bid,2230,5197.848
2024-09-09 16:21:19,ETHUSDT,ask,2480,4107.859
2024-09-09 16:23:39,ETHUSDT,bid,2230,5197.889
2024-09-09 16:23:39,ETHUSDT,ask,2480,4107.9
2024-09-09 16:23:39,ETHUSDT,ask,2550,4184.226
2024-09-09 16:23:39,ETHUSDT,ask,2580,3962.533
2024-09-09 16:24:16,ETHUSDT,ask,2360,4538.846
2024-09-09 16:24:58,ETHUSDT,bid,2230,5197.789
2024-09-09 16:25:10,ETHUSDT,bid,2230,5197.824
2024-09-09 16:25:10,ETHUSDT,ask,2670,3792.88
2024-09-09 16:27:33,ETHUSDT,ask,2550,4184.002
2024-09-09 16:28:02,ETHUSDT,bid,2230,5197.783
2024-09-09 16:28:02,ETHUSDT,ask,2480,4107.859
2024-09-09 16:28:02,ETHUSDT,ask,2550,4183.961
2024-09-09 16:28:02,ETHUSDT,ask,2580,3962.492
2024-09-09 16:29:38,ETHUSDT,ask,2480,4108.262
2024-09-09 16:29:40,ETHUSDT,bid,2230,5197.825
2024-09-09 16:29:40,ETHUSDT,ask,2480,4108.304
2024-09-09 16:29:40,ETHUSDT,ask,2550,4184.003
2024-09-09 16:29:40,ETHUSDT,ask,2580,3962.534
2024-09-09 16:30:27,ETHUSDT,ask,2480,4108.804
2024-09-09 16:31:40,ETHUSDT,ask,2550,4184.503
2024-09-09 16:32:33,ETHUSDT,bid,2210,4603.852
2024-09-09 16:32:40,ETHUSDT,ask,2480,4109.104
2024-09-09 16:32:58,ETHUSDT,bid,2230,5197.758
2024-09-09 16:34:31,ETHUSDT,ask,2480,4109.204
2024-09-09 16:36:01,ETHUSDT,bid,2230,5198.881
2024-09-09 16:36:07,ETHUSDT,ask,2540,3947.671
2024-09-09 16:36:07,ETHUSDT,ask,2470,4052.322
2024-09-09 16:36:53,ETHUSDT,ask,2360,4536.674
2024-09-09 16:37:29,ETHUSDT,ask,2390,4541.538
2024-09-09 16:37:51,ETHUSDT,ask,2390,4541.038
2024-09-09 16:38:32,ETHUSDT,ask,2550,4183.503
2024-09-09 16:39:02,ETHUSDT,ask,2550,4184.503
2024-09-09 16:39:34,ETHUSDT,bid,2230,5198.892
2024-09-09 16:39:35,ETHUSDT,bid,2230,5198.903
2024-09-09 16:39:35,ETHUSDT,bid,2230,5198.914
2024-09-09 16:39:35,ETHUSDT,bid,2230,5198.925
2024-09-09 16:41:35,ETHUSDT,bid,2230,5198.916
2024-09-09 16:42:35,ETHUSDT,bid,2230,5198.705
2024-09-09 16:43:26,ETHUSDT,bid,2230,5198.606
2024-09-09 16:44:38,ETHUSDT,bid,2230,5198.959
2024-09-09 16:44:53,ETHUSDT,ask,2360,4536.568
2024-09-09 16:45:19,ETHUSDT,bid,1700,6051.483
2024-09-09 16:45:25,ETHUSDT,ask,2550,4185.106
2024-09-09 16:45:57,ETHUSDT,bid,1700,6051.461
2024-09-09 16:46:13,ETHUSDT,ask,2550,4186.349
2024-09-09 16:46:20,ETHUSDT,bid,2220,5436.636
2024-09-09 16:46:54,ETHUSDT,bid,2230,5198.606
2024-09-09 16:47:03,ETHUSDT,ask,2360,4537.822
2024-09-09 16:47:30,ETHUSDT,bid,2230,5200.957
2024-09-09 16:47:54,ETHUSDT,ask,2510,3985.771
2024-09-09 16:48:05,ETHUSDT,bid,1780,5751.972
2024-09-09 16:50:08,ETHUSDT,ask,2360,4536.568
2024-09-09 16:51:30,ETHUSDT,bid,2220,5436.647
2024-09-09 16:53:17,ETHUSDT,ask,2670,3794.98
2024-09-09 16:54:57,ETHUSDT,ask,2390,4521.038
2024-09-09 16:56:07,ETHUSDT,bid,2230,5201.157
2024-09-09 16:56:45,ETHUSDT,bid,2220,5436.58
2024-09-09 16:58:50,ETHUSDT,bid,2230,5201.058
2024-09-09 17:00:42,ETHUSDT,bid,2230,5201.045
2024-09-09 17:01:24,ETHUSDT,ask,2360,4539.568
2024-09-09 17:01:40,ETHUSDT,ask,2360,4536.568
2024-09-09 17:02:56,ETHUSDT,bid,2230,5201.016
2024-09-09 17:02:57,ETHUSDT,bid,2230,5202.361
2024-09-09 17:03:44,ETHUSDT,ask,2550,4186.67
2024-09-09 17:05:14,ETHUSDT,ask,2550,4186.067
2024-09-09 17:09:12,ETHUSDT,bid,2230,5202.979
2024-09-09 17:09:24,ETHUSDT,bid,2230,5202.361
2024-09-09 17:10:01,ETHUSDT,bid,2210,4602.852
2024-09-09 17:11:04,ETHUSDT,bid,2220,5436.59
2024-09-09 17:11:54,ETHUSDT,bid,2220,5436.58
2024-09-09 17:12:08,ETHUSDT,bid,2220,5436.59
2024-09-09 17:12:25,ETHUSDT,bid,2220,5436.87
2024-09-09 17:12:48,ETHUSDT,bid,2220,5436.86
2024-09-09 17:14:01,ETHUSDT,ask,2390,4521.488
2024-09-09 17:14:04,ETHUSDT,bid,2030,5183.966
2024-09-09 17:14:04,ETHUSDT,bid,2030,5183.995
2024-09-09 17:15:49,ETHUSDT,bid,2230,5203.039
2024-09-09 17:16:00,ETHUSDT,bid,2220,5436.871
2024-09-09 17:16:00,ETHUSDT,bid,2220,5436.882
2024-09-09 17:16:01,ETHUSDT,bid,2220,5436.893
2024-09-09 17:16:01,ETHUSDT,bid,2220,5436.904
2024-09-09 17:16:01,ETHUSDT,bid,2220,5436.915
2024-09-09 17:16:01,ETHUSDT,bid,2220,5436.926
2024-09-09 17:16:29,ETHUSDT,bid,2230,5213.039
2024-09-09 17:16:55,ETHUSDT,bid,2230,5193.039
2024-09-09 17:17:04,ETHUSDT,ask,2390,4521.841
2024-09-09 17:17:26,ETHUSDT,ask,2390,4521.488
2024-09-09 17:17:31,ETHUSDT,ask,2390,4521.912
2024-09-09 17:18:56,ETHUSDT,bid,2230,5192.361
2024-09-09 17:19:49,ETHUSDT,bid,2220,5436.915
2024-09-09 17:21:07,ETHUSDT,ask,2550,4186.3
2024-09-09 17:21:14,ETHUSDT,bid,2220,5436.904
2024-09-09 17:21:19,ETHUSDT,bid,1960,5603.308
2024-09-09 17:21:35,ETHUSDT,bid,1700,6051.514
2024-09-09 17:22:16,ETHUSDT,bid,2230,5192.372
2024-09-09 17:22:18,ETHUSDT,bid,2230,5192.383
2024-09-09 17:23:54,ETHUSDT,ask,2390,4522.912
2024-09-09 17:24:24,ETHUSDT,ask,2550,4186.29
2024-09-09 17:24:27,ETHUSDT,ask,2360,4536.663
2024-09-09 17:25:49,ETHUSDT,ask,2360,4536.513
2024-09-09 17:26:05,ETHUSDT,bid,2230,5192.423
2024-09-09 17:27:41,ETHUSDT,bid,2230,5192.433
2024-09-09 17:27:42,ETHUSDT,bid,2230,5192.443
2024-09-09 17:27:50,ETHUSDT,bid,1680,8964.13
2024-09-09 17:27:50,ETHUSDT,ask,2480,4109.187
2024-09-09 17:28:20,ETHUSDT,bid,2230,5192.433
2024-09-09 17:28:20,ETHUSDT,bid,2230,5192.423
2024-09-09 17:29:08,ETHUSDT,ask,2540,3947.469
2024-09-09 17:30:33,ETHUSDT,ask,2550,4186.738
2024-09-09 17:32:06,ETHUSDT,ask,2360,4536.798
2024-09-09 17:33:35,ETHUSDT,ask,2480,4108.465
2024-09-09 17:35:20,ETHUSDT,ask,2550,4185.738
2024-09-09 17:35:22,ETHUSDT,bid,2230,5192.334
2024-09-09 17:35:32,ETHUSDT,ask,2480,4109.465
2024-09-09 17:35:35,ETHUSDT,ask,2390,4523.421
2024-09-09 17:35:35,ETHUSDT,ask,2470,4052.831
2024-09-09 17:35:35,ETHUSDT,ask,2490,4031.24
2024-09-09 17:35:35,ETHUSDT,ask,2510,3986.28
2024-09-09 17:36:57,ETHUSDT,ask,2360,4546.798
2024-09-09 17:38:25,ETHUSDT,bid,1700,6047.836
2024-09-09 17:39:45,ETHUSDT,bid,2230,5193.23
2024-09-09 17:40:49,ETHUSDT,ask,2480,4109.425
2024-09-09 17:42:08,ETHUSDT,ask,2480,4109.441
2024-09-09 17:42:12,ETHUSDT,bid,2220,5436.838
2024-09-09 17:44:31,ETHUSDT,bid,2230,5193.131
2024-09-09 17:45:45,ETHUSDT,ask,2390,4524.081
2024-09-09 17:47:25,ETHUSDT,ask,2550,4186.501
2024-09-09 17:48:23,ETHUSDT,ask,2360,4546.778
2024-09-09 17:50:17,ETHUSDT,bid,1700,6047.848
2024-09-09 17:50:21,ETHUSDT,bid,2230,5191.131
2024-09-09 17:52:05,ETHUSDT,ask,2580,3962.484
2024-09-09 17:52:33,ETHUSDT,bid,1700,6047.79
2024-09-09 17:53:10,ETHUSDT,bid,2230,5197.131
2024-09-09 17:53:53,ETHUSDT,ask,2480,4109.381
2024-09-09 17:56:06,ETHUSDT,bid,2230,5197.088
2024-09-09 17:57:03,ETHUSDT,ask,2550,4186.509
2024-09-09 17:57:12,ETHUSDT,ask,2550,4186.501
2024-09-09 17:57:24,ETHUSDT,ask,2550,4186.509
2024-09-09 17:57:25,ETHUSDT,ask,2550,4186.517
2024-09-09 17:57:27,ETHUSDT,ask,2550,4186.525
2024-09-09 17:57:33,ETHUSDT,ask,2550,4186.517
2024-09-09 17:57:35,ETHUSDT,ask,2550,4186.509
2024-09-09 17:57:36,ETHUSDT,ask,2550,4186.501
2024-09-09 17:58:42,ETHUSDT,bid,2220,5436.849
2024-09-09 17:58:44,ETHUSDT,bid,2220,5436.86
2024-09-09 17:58:46,ETHUSDT,bid,2220,5436.871
2024-09-09 17:58:48,ETHUSDT,bid,2220,5436.882
2024-09-09 17:58:48,ETHUSDT,bid,2220,5436.893
2024-09-09 17:59:09,ETHUSDT,bid,2220,5436.904
2024-09-09 17:59:11,ETHUSDT,bid,2220,5436.915
2024-09-09 17:59:12,ETHUSDT,bid,2220,5436.926
2024-09-09 18:03:38,ETHUSDT,bid,2210,4602.896
2024-09-09 18:04:08,ETHUSDT,ask,2550,4187.052
2024-09-09 18:07:41,ETHUSDT,bid,2230,5197.077
2024-09-09 18:09:47,ETHUSDT,ask,2550,4187.156
2024-09-09 18:10:07,ETHUSDT,ask,2540,3947.477
2024-09-09 18:10:16,ETHUSDT,ask,2540,3947.469
2024-09-09 18:10:20,ETHUSDT,ask,2540,3947.477
2024-09-09 18:10:29,ETHUSDT,ask,2540,3947.469
2024-09-09 18:10:49,ETHUSDT,bid,2230,5197.033
2024-09-09 18:11:41,ETHUSDT,bid,2230,5201.517
2024-09-09 18:12:38,ETHUSDT,bid,2230,5200.621
2024-09-09 18:12:50,ETHUSDT,ask,2480,4109.468
2024-09-09 18:13:14,ETHUSDT,ask,2580,3962.502
2024-09-09 18:14:43,ETHUSDT,ask,2390,4523.754
2024-09-09 18:15:33,ETHUSDT,ask,2470,4050.831
2024-09-09 18:16:51,ETHUSDT,bid,2210,4602.939
2024-09-09 18:17:09,ETHUSDT,bid,2230,5200.581
2024-09-09 18:20:43,ETHUSDT,bid,2220,5436.941
2024-09-09 18:20:52,ETHUSDT,bid,2230,5213.603
2024-09-09 18:21:58,ETHUSDT,bid,2230,5213.905
2024-09-09 18:22:31,ETHUSDT,bid,2230,5213.681
2024-09-09 18:22:34,ETHUSDT,bid,2230,5213.412
2024-09-09 18:22:44,ETHUSDT,bid,2230,5213.323
2024-09-09 18:22:53,ETHUSDT,ask,2390,4523.396
2024-09-09 18:24:21,ETHUSDT,bid,1780,5751.999
2024-09-09 18:24:31,ETHUSDT,ask,2480,4109.481
2024-09-09 18:26:16,ETHUSDT,ask,2360,4549.862
2024-09-09 18:26:21,ETHUSDT,ask,2360,4546.862
2024-09-09 18:27:28,ETHUSDT,bid,2230,5213.312
2024-09-09 18:28:24,ETHUSDT,bid,2230,5213.301
2024-09-09 18:30:42,ETHUSDT,bid,2230,5213.29
2024-09-09 18:30:43,ETHUSDT,bid,2230,5212.419
2024-09-09 18:33:27,ETHUSDT,bid,2220,5436.952
2024-09-09 18:33:33,ETHUSDT,bid,2220,5436.963
2024-09-09 18:33:33,ETHUSDT,bid,2220,5436.974
2024-09-09 18:34:01,ETHUSDT,ask,2360,4546.853
2024-09-09 18:36:30,ETHUSDT,ask,2480,4109.467
2024-09-09 18:36:30,ETHUSDT,ask,2580,3962.488
2024-09-09 18:37:52,ETHUSDT,bid,2220,5436.964
2024-09-09 18:40:31,ETHUSDT,bid,1700,6047.802
2024-09-09 18:41:20,ETHUSDT,bid,1960,5601.537
2024-09-09 18:41:39,ETHUSDT,ask,2390,4523.437
2024-09-09 18:42:26,ETHUSDT,ask,2390,4523.478
2024-09-09 18:44:25,ETHUSDT,bid,2230,5212.726
2024-09-09 18:45:00,ETHUSDT,bid,2220,5437.396
2024-09-09 18:48:08,ETHUSDT,bid,2220,5442.789
2024-09-09 18:48:29,ETHUSDT,bid,2220,5442.778
2024-09-09 18:52:06,ETHUSDT,bid,2230,5212.7
2024-09-09 18:55:39,ETHUSDT,bid,1960,5599.497
2024-09-09 18:57:00,ETHUSDT,bid,2230,5212.664
2024-09-09 18:57:14,ETHUSDT,ask,2360,4545.249
2024-09-09 18:59:38,ETHUSDT,bid,2220,5442.346
2024-09-09 19:00:05,ETHUSDT,bid,2210,4601.88
2024-09-09 19:00:11,ETHUSDT,bid,2210,4601.895
2024-09-09 19:00:18,ETHUSDT,bid,2210,4601.88
2024-09-09 19:03:15,ETHUSDT,bid,2230,5212.655
2024-09-09 19:03:32,ETHUSDT,bid,1700,6049.065
2024-09-09 19:04:15,ETHUSDT,bid,2230,5212.955
2024-09-09 19:10:23,ETHUSDT,bid,1700,6049.012
2024-09-09 19:12:11,ETHUSDT,bid,2220,5442.368
2024-09-09 19:12:55,ETHUSDT,ask,2390,4523.054
2024-09-09 19:13:08,ETHUSDT,bid,1960,5597.705
2024-09-09 19:14:14,ETHUSDT,bid,2220,5442.59
2024-09-09 19:15:34,ETHUSDT,bid,2230,5212.944
2024-09-09 19:16:36,ETHUSDT,bid,2230,5215.186
2024-09-09 19:17:36,ETHUSDT,bid,2220,5456.058
2024-09-09 19:19:18,ETHUSDT,bid,2230,5213.697
2024-09-09 19:20:59,ETHUSDT,bid,2220,5444.128
2024-09-09 19:21:06,ETHUSDT,bid,2230,5213.686
2024-09-09 19:21:39,ETHUSDT,bid,2220,5440.523
2024-09-09 19:22:22,ETHUSDT,ask,2550,4187.725
2024-09-09 19:22:37,ETHUSDT,bid,2220,5427.055
2024-09-09 19:23:28,ETHUSDT,bid,2220,5427.392
2024-09-09 19:25:20,ETHUSDT,bid,2210,4601.891
2024-09-09 19:25:20,ETHUSDT,bid,2210,4601.901
2024-09-09 19:25:21,ETHUSDT,bid,2210,4601.911
2024-09-09 19:26:00,ETHUSDT,bid,2230,5213.649
2024-09-09 19:26:13,ETHUSDT,bid,2210,4601.901
2024-09-09 19:26:13,ETHUSDT,bid,2210,4601.891
2024-09-09 19:26:55,ETHUSDT,ask,2390,4522.504
2024-09-09 19:27:15,ETHUSDT,bid,2230,5233.649
2024-09-09 19:27:43,ETHUSDT,bid,2230,5283.649
2024-09-09 19:27:44,ETHUSDT,bid,2220,5427.17
2024-09-09 19:27:59,ETHUSDT,bid,2220,5437.17
2024-09-09 19:28:40,ETHUSDT,bid,2230,5283.354
2024-09-09 19:29:07,ETHUSDT,bid,2230,5284.354
2024-09-09 19:29:07,ETHUSDT,bid,2230,5285.354
2024-09-09 19:29:09,ETHUSDT,bid,2220,5438.17
2024-09-09 19:29:09,ETHUSDT,bid,2220,5439.17
2024-09-09 19:29:09,ETHUSDT,bid,2230,5235.354
2024-09-09 19:29:14,ETHUSDT,bid,2220,5437.17
2024-09-09 19:29:14,ETHUSDT,bid,2230,5233.354
2024-09-09 19:29:21,ETHUSDT,bid,2210,4602.891
2024-09-09 19:29:21,ETHUSDT,bid,2210,4603.891
2024-09-09 19:29:22,ETHUSDT,bid,2210,4604.891
2024-09-09 19:29:22,ETHUSDT,bid,2230,5234.026
2024-09-09 19:29:23,ETHUSDT,bid,2210,4601.891
2024-09-09 19:30:17,ETHUSDT,bid,2230,5284.026
2024-09-09 19:30:29,ETHUSDT,bid,2230,5285.595
2024-09-09 19:30:35,ETHUSDT,bid,2210,4601.874
2024-09-09 19:31:39,ETHUSDT,bid,2220,5436.17
2024-09-09 19:32:24,ETHUSDT,bid,2210,4601.83
2024-09-09 19:32:34,ETHUSDT,bid,2230,5285.552
2024-09-09 19:33:45,ETHUSDT,bid,2230,5286.0
2024-09-09 19:35:28,ETHUSDT,bid,2220,5436.159
2024-09-09 19:35:59,ETHUSDT,ask,2390,4522.977
2024-09-09 19:38:07,ETHUSDT,ask,2480,4109.61
2024-09-09 19:38:31,ETHUSDT,bid,1960,5597.76
2024-09-09 19:41:14,ETHUSDT,bid,2230,5286.005
2024-09-09 19:41:17,ETHUSDT,bid,2210,4601.84
2024-09-09 19:41:17,ETHUSDT,bid,2210,4601.85
2024-09-09 19:41:18,ETHUSDT,bid,2210,4601.86
2024-09-09 19:41:18,ETHUSDT,bid,2210,4601.87
2024-09-09 19:41:19,ETHUSDT,bid,2210,4601.88
2024-09-09 19:41:20,ETHUSDT,bid,2210,4601.89
2024-09-09 19:41:21,ETHUSDT,bid,2210,4601.9
2024-09-09 19:41:23,ETHUSDT,bid,2210,4601.91
2024-09-09 19:41:23,ETHUSDT,bid,2210,4601.92
2024-09-09 19:41:24,ETHUSDT,bid,2210,4601.93
2024-09-09 19:41:33,ETHUSDT,bid,2230,5286.0
2024-09-09 19:41:35,ETHUSDT,bid,2230,5286.019
2024-09-09 19:41:49,ETHUSDT,bid,2210,4601.83
2024-09-09 19:42:05,ETHUSDT,bid,2210,4601.82
2024-09-09 19:42:06,ETHUSDT,bid,2210,4601.81
2024-09-09 19:42:06,ETHUSDT,bid,2210,4601.8
2024-09-09 19:42:07,ETHUSDT,bid,2210,4601.79
2024-09-09 19:42:08,ETHUSDT,bid,2210,4601.78
2024-09-09 19:42:11,ETHUSDT,bid,2210,4601.77
2024-09-09 19:42:11,ETHUSDT,bid,2210,4601.76
2024-09-09 19:42:12,ETHUSDT,bid,2210,4601.75
2024-09-09 19:42:13,ETHUSDT,bid,2210,4601.74
2024-09-09 19:42:13,ETHUSDT,bid,2210,4601.73
2024-09-09 19:42:34,ETHUSDT,bid,2220,5436.149
2024-09-09 19:42:39,ETHUSDT,bid,2220,5436.139
2024-09-09 19:42:39,ETHUSDT,ask,2550,4187.715
2024-09-09 19:44:13,ETHUSDT,ask,2550,4186.786
2024-09-09 19:45:56,ETHUSDT,bid,1700,6049.0
2024-09-09 19:48:41,ETHUSDT,bid,2230,5286.029
2024-09-09 19:49:50,ETHUSDT,bid,2230,5285.829
2024-09-09 19:51:17,ETHUSDT,bid,2030,5184.645
2024-09-09 19:53:41,ETHUSDT,bid,2220,5436.128
2024-09-09 19:53:42,ETHUSDT,bid,2220,5436.117
2024-09-09 19:53:49,ETHUSDT,bid,2230,5284.484
2024-09-09 19:54:00,ETHUSDT,bid,2230,5284.524
2024-09-09 19:54:09,ETHUSDT,bid,2220,5436.095
2024-09-09 19:54:10,ETHUSDT,bid,2220,5426.095
2024-09-09 19:56:59,ETHUSDT,bid,2220,5426.104
2024-09-09 19:57:07,ETHUSDT,bid,2220,5426.093
2024-09-09 19:57:08,ETHUSDT,bid,2220,5426.082
2024-09-09 19:58:00,ETHUSDT,bid,2220,5426.071
2024-09-09 19:59:05,ETHUSDT,ask,2480,4124.61
2024-09-09 19:59:38,ETHUSDT,bid,2230,5278.524
2024-09-09 20:00:29,ETHUSDT,bid,1940,5216.981
2024-09-09 20:00:39,ETHUSDT,bid,2230,5278.095
2024-09-09 20:01:45,ETHUSDT,ask,2360,4544.249
2024-09-09 20:02:49,ETHUSDT,bid,2230,5279.095
2024-09-09 20:03:24,ETHUSDT,bid,2230,5279.076
2024-09-09 20:05:48,ETHUSDT,bid,2230,5279.036
2024-09-09 20:06:07,ETHUSDT,ask,2670,3735.17
2024-09-09 20:08:23,ETHUSDT,ask,2580,3956.438
2024-09-09 20:08:39,ETHUSDT,ask,2390,4528.481
2024-09-09 20:09:24,ETHUSDT,ask,2480,4125.626
2024-09-09 20:12:39,ETHUSDT,bid,2230,5279.045
2024-09-09 20:12:48,ETHUSDT,bid,2220,5427.419
2024-09-09 20:14:16,ETHUSDT,bid,2210,4601.719
2024-09-09 20:14:54,ETHUSDT,bid,2220,5427.434
2024-09-09 20:16:04,ETHUSDT,bid,2230,5280.74
2024-09-09 20:16:09,ETHUSDT,ask,2480,4125.61
2024-09-09 20:16:09,ETHUSDT,ask,2490,4031.24
2024-09-09 20:16:28,ETHUSDT,ask,2360,4544.233
2024-09-09 20:16:44,ETHUSDT,ask,2360,4544.483
2024-09-09 20:17:58,ETHUSDT,bid,2230,5280.09
2024-09-09 20:19:11,ETHUSDT,ask,2390,4529.765
2024-09-09 20:19:18,ETHUSDT,bid,2230,5280.139
2024-09-09 20:19:21,ETHUSDT,bid,2220,5427.451
2024-09-09 20:19:30,ETHUSDT,bid,2230,5280.09
2024-09-09 20:20:16,ETHUSDT,bid,1940,5293.47
2024-09-09 20:20:46,ETHUSDT,bid,2220,5427.49
2024-09-09 20:21:26,ETHUSDT,ask,2540,3947.477
2024-09-09 20:21:36,ETHUSDT,ask,2540,3947.469
2024-09-09 20:23:17,ETHUSDT,ask,2390,4529.776
2024-09-09 20:24:16,ETHUSDT,bid,2220,5427.473
2024-09-09 20:24:28,ETHUSDT,ask,2390,4528.492
2024-09-09 20:24:56,ETHUSDT,ask,2550,4186.03
2024-09-09 20:25:00,ETHUSDT,bid,2220,5426.989
2024-09-09 20:25:09,ETHUSDT,bid,2230,5280.057
2024-09-09 20:25:25,ETHUSDT,bid,2220,5418.989
2024-09-09 20:25:33,ETHUSDT,ask,2390,4530.492
2024-09-09 20:26:06,ETHUSDT,bid,2230,5289.023
2024-09-09 20:27:47,ETHUSDT,bid,2230,5286.023
2024-09-09 20:28:29,ETHUSDT,bid,2220,5418.978
2024-09-09 20:29:02,ETHUSDT,bid,2220,5418.967
2024-09-09 20:30:31,ETHUSDT,bid,2230,5277.057
2024-09-09 20:32:07,ETHUSDT,bid,2220,5418.956
2024-09-09 20:33:01,ETHUSDT,bid,2200,4594.219
2024-09-09 20:33:47,ETHUSDT,bid,2230,5279.96
2024-09-09 20:33:52,ETHUSDT,ask,2520,3980.639
2024-09-09 20:34:07,ETHUSDT,bid,2230,5277.057
2024-09-09 20:34:24,ETHUSDT,ask,2480,4135.107
2024-09-09 20:35:00,ETHUSDT,bid,2200,4583.973
2024-09-09 20:35:01,ETHUSDT,bid,2200,4529.716
2024-09-09 20:35:26,ETHUSDT,ask,2550,4185.297
2024-09-09 20:35:55,ETHUSDT,bid,2230,5275.543
2024-09-09 20:36:13,ETHUSDT,bid,2230,5276.06
2024-09-09 20:38:08,ETHUSDT,bid,2230,5276.698
2024-09-09 20:43:36,ETHUSDT,bid,2230,5283.755
2024-09-09 20:43:52,ETHUSDT,bid,2230,5276.698
2024-09-09 20:46:17,ETHUSDT,ask,2360,4544.646
2024-09-09 20:46:19,ETHUSDT,bid,2220,5418.934
2024-09-09 20:46:53,ETHUSDT,bid,2230,5276.492
2024-09-09 20:49:15,ETHUSDT,bid,2220,5417.934
2024-09-09 20:49:43,ETHUSDT,bid,2210,4614.088
2024-09-09 20:51:05,ETHUSDT,ask,2390,4528.922
2024-09-09 20:51:42,ETHUSDT,ask,2390,4635.922
2024-09-09 20:52:33,ETHUSDT,bid,2230,5277.167
2024-09-09 20:53:16,ETHUSDT,bid,1940,5293.459
2024-09-09 20:53:52,ETHUSDT,bid,2220,5417.35
2024-09-09 20:53:57,ETHUSDT,bid,2220,5417.361
2024-09-09 20:53:59,ETHUSDT,bid,2220,5417.372
2024-09-09 20:54:10,ETHUSDT,bid,2220,5417.956
2024-09-09 20:54:18,ETHUSDT,ask,2390,4642.388
2024-09-09 20:54:35,ETHUSDT,ask,2390,4643.388
2024-09-09 20:55:11,ETHUSDT,bid,1700,6048.0
2024-09-09 20:55:26,ETHUSDT,bid,2220,5418.012
2024-09-09 20:55:26,ETHUSDT,bid,2230,5277.223
2024-09-09 20:56:07,ETHUSDT,ask,2390,4675.388
2024-09-09 20:56:18,ETHUSDT,bid,1700,6046.042
2024-09-09 20:56:45,ETHUSDT,ask,2360,4545.063
2024-09-09 20:57:23,ETHUSDT,bid,2230,5276.551
2024-09-09 20:57:50,ETHUSDT,bid,2230,5276.561
2024-09-09 20:57:58,ETHUSDT,ask,2390,4675.372
2024-09-09 20:58:11,ETHUSDT,bid,2230,5276.551
2024-09-09 20:59:08,ETHUSDT,ask,2390,4679.952
2024-09-09 20:59:57,ETHUSDT,ask,2360,4545.515
2024-09-09 21:00:01,ETHUSDT,bid,1940,5216.525
2024-09-09 21:00:29,ETHUSDT,bid,1940,5288.318
2024-09-09 21:01:41,ETHUSDT,ask,2390,4680.124
2024-09-09 21:01:52,ETHUSDT,ask,2490,4033.203
2024-09-09 21:01:59,ETHUSDT,ask,2490,4032.24
2024-09-09 21:02:08,ETHUSDT,ask,2360,4545.824
2024-09-09 21:03:07,ETHUSDT,ask,2360,4545.824
2024-09-09 21:04:18,ETHUSDT,ask,2360,4545.191
2024-09-09 21:06:41,ETHUSDT,bid,2230,5276.528
2024-09-09 21:07:10,ETHUSDT,bid,2230,5277.341
2024-09-09 21:07:31,ETHUSDT,ask,2550,4185.837
2024-09-09 21:08:41,ETHUSDT,ask,2390,4680.135
2024-09-09 21:09:46,ETHUSDT,ask,2390,4680.058
2024-09-09 21:10:10,ETHUSDT,ask,2490,4028.577
2024-09-09 21:10:59,ETHUSDT,bid,2220,5416.664
2024-09-09 21:11:04,ETHUSDT,bid,2230,5277.427
2024-09-09 21:11:22,ETHUSDT,bid,2230,5277.449
2024-09-09 21:11:22,ETHUSDT,ask,2480,4137.143
2024-09-09 21:11:25,ETHUSDT,ask,2670,3734.627
2024-09-09 21:11:31,ETHUSDT,ask,2480,4137.043
2024-09-09 21:12:10,ETHUSDT,ask,2360,4544.826
2024-09-09 21:12:27,ETHUSDT,bid,2230,5277.465
2024-09-09 21:12:42,ETHUSDT,bid,1700,6044.925
2024-09-09 21:13:19,ETHUSDT,bid,2230,5277.487
2024-09-09 21:13:22,ETHUSDT,bid,2230,5277.465
2024-09-09 21:13:52,ETHUSDT,bid,2220,5416.642
2024-09-09 21:13:53,ETHUSDT,bid,2230,5277.443
2024-09-09 21:14:00,ETHUSDT,ask,2480,4141.127
2024-09-09 21:14:18,ETHUSDT,bid,2230,5272.443
2024-09-09 21:16:00,ETHUSDT,bid,2230,5272.007
2024-09-09 21:16:10,ETHUSDT,ask,2390,4678.592
2024-09-09 21:16:54,ETHUSDT,bid,2030,5187.945
2024-09-09 21:17:15,ETHUSDT,ask,2360,4544.826
2024-09-09 21:18:50,ETHUSDT,bid,2230,5271.705
2024-09-09 21:18:59,ETHUSDT,bid,2230,5270.707
2024-09-09 21:19:02,ETHUSDT,bid,2230,5270.407
2024-09-09 21:19:03,ETHUSDT,bid,2230,5271.407
2024-09-09 21:19:06,ETHUSDT,bid,2230,5270.284
2024-09-09 21:19:13,ETHUSDT,bid,2220,5129.223
2024-09-09 21:19:23,ETHUSDT,bid,2230,5272.284
2024-09-09 21:19:46,ETHUSDT,bid,2230,5272.184
2024-09-09 21:20:00,ETHUSDT,bid,2230,5271.509
2024-09-09 21:20:02,ETHUSDT,bid,2230,5272.184
2024-09-09 21:20:31,ETHUSDT,bid,2230,5270.184
2024-09-09 21:20:40,ETHUSDT,bid,2220,5134.702
2024-09-09 21:20:42,ETHUSDT,bid,2230,5269.184
2024-09-09 21:20:44,ETHUSDT,bid,1960,5598.306
2024-09-09 21:20:49,ETHUSDT,bid,2230,5271.756
2024-09-09 21:20:51,ETHUSDT,bid,2230,5201.756
2024-09-09 21:21:02,ETHUSDT,bid,2230,5202.286
2024-09-09 21:21:31,ETHUSDT,ask,2390,4677.806
2024-09-09 21:21:47,ETHUSDT,bid,2230,5204.571
2024-09-09 21:21:59,ETHUSDT,bid,2230,5204.615
2024-09-09 21:21:59,ETHUSDT,bid,2230,5204.571
2024-09-09 21:22:11,ETHUSDT,bid,2220,5135.151
2024-09-09 21:22:20,ETHUSDT,bid,2230,5204.795
2024-09-09 21:22:24,ETHUSDT,bid,2210,4611.827
2024-09-09 21:22:24,ETHUSDT,bid,2230,5204.265
2024-09-09 21:22:26,ETHUSDT,bid,2230,5204.471
2024-09-09 21:22:35,ETHUSDT,bid,2220,5135.494
2024-09-09 21:22:40,ETHUSDT,bid,2220,5135.045
2024-09-09 21:23:01,ETHUSDT,bid,2220,5135.494
2024-09-09 21:23:15,ETHUSDT,bid,2230,5204.509
2024-09-09 21:23:21,ETHUSDT,bid,2230,5204.957
2024-09-09 21:23:49,ETHUSDT,bid,2230,5204.509
2024-09-09 21:23:53,ETHUSDT,bid,2220,5135.045
2024-09-09 21:24:19,ETHUSDT,bid,2230,5204.559
2024-09-09 21:24:21,ETHUSDT,ask,2550,4187.575
2024-09-09 21:25:10,ETHUSDT,bid,2230,5204.415
2024-09-09 21:25:18,ETHUSDT,bid,2230,5204.428
2024-09-09 21:25:21,ETHUSDT,bid,2200,4531.978
2024-09-09 21:25:28,ETHUSDT,bid,2230,5205.324
2024-09-09 21:25:33,ETHUSDT,bid,2220,5135.056
2024-09-09 21:25:34,ETHUSDT,bid,2200,4529.716
2024-09-09 21:25:35,ETHUSDT,bid,2230,5205.524
2024-09-09 21:25:45,ETHUSDT,bid,2220,5135.062
2024-09-09 21:25:48,ETHUSDT,bid,2220,5135.083
2024-09-09 21:26:22,ETHUSDT,bid,2230,5207.559
2024-09-09 21:26:35,ETHUSDT,ask,2550,4187.717
2024-09-09 21:27:19,ETHUSDT,bid,1700,6044.69
2024-09-09 21:27:32,ETHUSDT,bid,2230,5207.693
2024-09-09 21:27:37,ETHUSDT,bid,2220,5135.217
2024-09-09 21:27:37,ETHUSDT,bid,2230,5208.693
2024-09-09 21:27:50,ETHUSDT,bid,2220,5135.207
2024-09-09 21:27:56,ETHUSDT,bid,2220,5148.69
2024-09-09 21:28:37,ETHUSDT,bid,2230,5208.765
2024-09-09 21:28:49,ETHUSDT,bid,2220,5150.69
2024-09-09 21:29:22,ETHUSDT,bid,2230,5208.248
2024-09-09 21:29:35,ETHUSDT,bid,2220,5150.106
2024-09-09 21:29:44,ETHUSDT,bid,2220,5148.106
2024-09-09 21:30:35,ETHUSDT,bid,2220,5145.106
2024-09-09 21:30:44,ETHUSDT,bid,2230,5208.348
2024-09-09 21:31:08,ETHUSDT,bid,2210,4612.204
2024-09-09 21:31:12,ETHUSDT,bid,2210,4612.237
2024-09-09 21:31:16,ETHUSDT,bid,2230,5213.667
2024-09-09 21:31:23,ETHUSDT,bid,2220,5145.091
2024-09-09 21:31:28,ETHUSDT,bid,2230,5213.89
2024-09-09 21:31:32,ETHUSDT,bid,2230,5222.349
2024-09-09 21:31:35,ETHUSDT,bid,2230,5223.553
2024-09-09 21:31:37,ETHUSDT,bid,2220,5211.115
2024-09-09 21:32:05,ETHUSDT,bid,2230,5223.597
2024-09-09 21:32:20,ETHUSDT,bid,2220,5211.339
2024-09-09 21:32:26,ETHUSDT,bid,2230,5231.435
2024-09-09 21:32:35,ETHUSDT,bid,2230,5231.535
2024-09-09 21:32:41,ETHUSDT,bid,2230,5232.611
2024-09-09 21:33:03,ETHUSDT,bid,2220,5145.315
2024-09-09 21:33:09,ETHUSDT,bid,2220,5145.302
2024-09-09 21:33:17,ETHUSDT,bid,2230,5232.616
2024-09-09 21:33:25,ETHUSDT,bid,2220,5146.302
2024-09-09 21:33:30,ETHUSDT,bid,2230,5232.84
2024-09-09 21:33:46,ETHUSDT,bid,2230,5232.571
2024-09-09 21:33:47,ETHUSDT,bid,2230,5233.243
2024-09-09 21:34:12,ETHUSDT,bid,2230,5233.367
2024-09-09 21:35:25,ETHUSDT,bid,2230,5233.267
2024-09-09 21:35:29,ETHUSDT,bid,1700,6044.77
2024-09-09 21:35:51,ETHUSDT,bid,2230,5233.29
2024-09-09 21:36:12,ETHUSDT,bid,2230,5233.285
2024-09-09 21:36:24,ETHUSDT,bid,2230,5233.645
2024-09-09 21:36:42,ETHUSDT,bid,2230,5234.537
2024-09-09 21:36:43,ETHUSDT,bid,2030,5187.699
2024-09-09 21:36:58,ETHUSDT,bid,2230,5233.645
2024-09-09 21:37:09,ETHUSDT,ask,2480,4141.686
2024-09-09 21:37:35,ETHUSDT,bid,2220,5196.302
2024-09-09 21:37:54,ETHUSDT,bid,2210,4599.868
2024-09-09 21:37:58,ETHUSDT,bid,2220,5196.548
2024-09-09 21:37:58,ETHUSDT,bid,2230,5233.891
2024-09-09 21:38:01,ETHUSDT,bid,2200,4529.94
2024-09-09 21:38:18,ETHUSDT,bid,2220,5198.109
2024-09-09 21:38:20,ETHUSDT,bid,2230,5236.099
2024-09-09 21:38:44,ETHUSDT,bid,2230,5233.891
2024-09-09 21:39:00,ETHUSDT,bid,2220,5202.603
2024-09-09 21:39:05,ETHUSDT,bid,1940,5288.295
2024-09-09 21:39:07,ETHUSDT,bid,2220,5204.683
2024-09-09 21:39:10,ETHUSDT,bid,2230,5236.082
2024-09-09 21:39:10,ETHUSDT,bid,2230,5238.291
2024-09-09 21:39:10,ETHUSDT,bid,2220,5205.183
2024-09-09 21:39:37,ETHUSDT,bid,2230,5238.391
2024-09-09 21:39:39,ETHUSDT,bid,2220,5205.466
2024-09-09 21:39:50,ETHUSDT,bid,2230,5238.423
2024-09-09 21:40:14,ETHUSDT,bid,2220,5207.466
2024-09-09 21:40:29,ETHUSDT,bid,2230,5238.299
2024-09-09 21:40:34,ETHUSDT,bid,2200,4529.716
2024-09-09 21:41:25,ETHUSDT,bid,2230,5237.501
2024-09-09 21:41:34,ETHUSDT,bid,2230,5237.707
2024-09-09 21:42:10,ETHUSDT,bid,2230,5235.498
2024-09-09 21:42:17,ETHUSDT,bid,2230,5237.993
2024-09-09 21:42:19,ETHUSDT,bid,2230,5238.193
2024-09-09 21:42:31,ETHUSDT,bid,2230,5235.698
2024-09-09 21:42:44,ETHUSDT,bid,2230,5235.7
2024-09-09 21:42:48,ETHUSDT,bid,2220,5208.466
2024-09-09 21:42:54,ETHUSDT,bid,2230,5235.758
2024-09-09 21:44:32,ETHUSDT,bid,1700,6047.122
2024-09-09 21:44:41,ETHUSDT,bid,2230,5235.827
2024-09-09 21:44:50,ETHUSDT,bid,2220,5208.849
2024-09-09 21:44:58,ETHUSDT,bid,2230,5238.734
2024-09-09 21:45:04,ETHUSDT,bid,2230,5238.744
2024-09-09 21:45:10,ETHUSDT,bid,2230,5236.502
2024-09-09 21:45:17,ETHUSDT,bid,2220,5209.343
2024-09-09 21:45:31,ETHUSDT,bid,2230,5237.398
2024-09-09 21:46:07,ETHUSDT,bid,2220,5209.352
2024-09-09 21:46:10,ETHUSDT,bid,2230,5237.598
2024-09-09 21:47:05,ETHUSDT,bid,2230,5237.609
2024-09-09 21:47:28,ETHUSDT,bid,2220,5209.368
2024-09-09 21:47:28,ETHUSDT,bid,2230,5237.625
2024-09-09 21:47:51,ETHUSDT,bid,2220,5210.266
2024-09-09 21:47:52,ETHUSDT,bid,1700,6047.149
2024-09-09 21:47:52,ETHUSDT,bid,1710,5956.334
2024-09-09 21:47:52,ETHUSDT,bid,1740,5783.698
2024-09-09 21:47:52,ETHUSDT,bid,1780,5752.025
2024-09-09 21:47:52,ETHUSDT,bid,1960,5598.329
2024-09-09 21:47:52,ETHUSDT,bid,2230,5237.645
2024-09-09 21:48:03,ETHUSDT,bid,2220,5209.368
2024-09-09 21:48:23,ETHUSDT,bid,2230,5238.645
2024-09-09 21:48:26,ETHUSDT,bid,2220,5209.025
2024-09-09 21:48:41,ETHUSDT,ask,2550,4187.177
2024-09-09 21:48:52,ETHUSDT,bid,2230,5247.613
2024-09-09 21:49:03,ETHUSDT,bid,2210,4600.868
2024-09-09 21:49:08,ETHUSDT,bid,2230,5247.59
2024-09-09 21:49:29,ETHUSDT,bid,2230,5247.489
2024-09-09 21:49:29,ETHUSDT,ask,2390,4676.516
2024-09-09 21:49:41,ETHUSDT,bid,2210,4603.868
2024-09-09 21:50:08,ETHUSDT,ask,2480,4136.709
2024-09-09 21:50:13,ETHUSDT,bid,2220,5183.525
