2024-08-11 00:00:07,ETHUSDT,ask,2730,3663.744
2024-08-11 00:00:31,ETHUSDT,bid,2270,4503.025
2024-08-11 00:06:13,ETHUSDT,ask,2730,3793.281
2024-08-11 00:06:32,ETHUSDT,bid,2340,4282.636
2024-08-11 00:06:41,ETHUSDT,bid,2340,4282.627
2024-08-11 00:16:27,ETHUSDT,bid,2290,4364.449
2024-08-11 00:19:34,ETHUSDT,bid,2250,4444.271
2024-08-11 00:29:28,ETHUSDT,ask,2730,3793.098
2024-08-11 00:31:34,ETHUSDT,ask,2910,3441.309
2024-08-11 00:32:12,ETHUSDT,bid,2600,3849.567
2024-08-11 00:32:12,ETHUSDT,bid,2600,3867.422
2024-08-11 00:32:13,ETHUSDT,bid,2600,3868.052
2024-08-11 00:32:14,ETHUSDT,bid,2600,3867.652
2024-08-11 00:32:14,ETHUSDT,bid,2600,3867.641
2024-08-11 00:32:16,ETHUSDT,bid,2600,3867.011
2024-08-11 00:32:16,ETHUSDT,bid,2600,3867.095
2024-08-11 00:32:21,ETHUSDT,bid,2600,3867.295
2024-08-11 00:32:21,ETHUSDT,bid,2600,3867.095
2024-08-11 00:32:24,ETHUSDT,bid,2600,3849.164
2024-08-11 00:32:25,ETHUSDT,bid,2600,3846.842
2024-08-11 00:32:25,ETHUSDT,bid,2600,3846.852
2024-08-11 00:32:27,ETHUSDT,bid,2600,3846.539
2024-08-11 00:32:27,ETHUSDT,bid,2600,3853.744
2024-08-11 00:32:27,ETHUSDT,bid,2600,3846.539
2024-08-11 00:32:29,ETHUSDT,bid,2600,3846.56
2024-08-11 00:32:31,ETHUSDT,bid,2600,3860.012
2024-08-11 00:32:38,ETHUSDT,bid,2600,3846.92
2024-08-11 00:32:56,ETHUSDT,bid,2600,3846.649
2024-08-11 00:33:03,ETHUSDT,bid,2600,3851.141
2024-08-11 00:33:10,ETHUSDT,bid,2600,3851.464
2024-08-11 00:33:12,ETHUSDT,bid,2600,3852.628
2024-08-11 00:33:13,ETHUSDT,bid,2600,3850.464
2024-08-11 00:33:13,ETHUSDT,bid,2600,3851.628
2024-08-11 00:33:14,ETHUSDT,bid,2600,3849.3
2024-08-11 00:33:14,ETHUSDT,bid,2600,3846.972
2024-08-11 00:33:15,ETHUSDT,bid,2600,3846.649
2024-08-11 00:33:17,ETHUSDT,bid,2600,3846.669
2024-08-11 00:33:18,ETHUSDT,bid,2600,3846.657
2024-08-11 00:33:24,ETHUSDT,bid,2600,3846.297
2024-08-11 00:33:34,ETHUSDT,ask,2730,3670.732
2024-08-11 00:33:38,ETHUSDT,bid,2600,3859.75
2024-08-11 00:33:40,ETHUSDT,bid,2600,3846.297
2024-08-11 00:33:44,ETHUSDT,bid,2600,3846.393
2024-08-11 00:33:45,ETHUSDT,bid,2600,3846.993
2024-08-11 00:33:47,ETHUSDT,bid,2600,3846.982
2024-08-11 00:33:51,ETHUSDT,bid,2600,3846.886
2024-08-11 00:33:53,ETHUSDT,bid,2600,3846.943
2024-08-11 00:33:53,ETHUSDT,bid,2600,3846.343
2024-08-11 00:33:54,ETHUSDT,bid,2600,3847.943
2024-08-11 00:33:54,ETHUSDT,bid,2600,3846.343
2024-08-11 00:33:54,ETHUSDT,bid,2600,3848.436
2024-08-11 00:33:55,ETHUSDT,bid,2600,3849.636
2024-08-11 00:33:55,ETHUSDT,bid,2600,3849.636
2024-08-11 00:33:58,ETHUSDT,bid,2600,3849.626
2024-08-11 00:33:59,ETHUSDT,bid,2600,3849.926
2024-08-11 00:33:59,ETHUSDT,bid,2600,3858.991
2024-08-11 00:33:59,ETHUSDT,bid,2600,3846.276
2024-08-11 00:34:09,ETHUSDT,bid,2600,3846.295
2024-08-11 00:34:12,ETHUSDT,bid,2600,3846.352
2024-08-11 00:34:13,ETHUSDT,bid,2600,3847.152
2024-08-11 00:34:16,ETHUSDT,bid,2600,3846.352
2024-08-11 00:34:16,ETHUSDT,bid,2600,3846.448
2024-08-11 00:34:16,ETHUSDT,bid,2600,3846.295
2024-08-11 00:34:17,ETHUSDT,bid,2600,3846.276
2024-08-11 00:34:20,ETHUSDT,bid,2600,3853.003
2024-08-11 00:34:20,ETHUSDT,bid,2600,3846.276
2024-08-11 00:34:20,ETHUSDT,bid,2600,3857.794
2024-08-11 00:34:23,ETHUSDT,bid,2600,3846.276
2024-08-11 00:34:40,ETHUSDT,bid,2600,3846.406
2024-08-11 00:34:43,ETHUSDT,bid,2600,3846.79
2024-08-11 00:34:49,ETHUSDT,bid,2600,3846.406
2024-08-11 00:35:00,ETHUSDT,bid,2600,3848.71
2024-08-11 00:35:05,ETHUSDT,bid,2600,3848.702
2024-08-11 00:35:14,ETHUSDT,bid,2600,3849.23
2024-08-11 00:35:16,ETHUSDT,bid,2600,3849.24
2024-08-11 00:35:17,ETHUSDT,bid,2600,3849.124
2024-08-11 00:35:21,ETHUSDT,bid,2600,3849.252
2024-08-11 00:35:21,ETHUSDT,bid,2600,3849.725
2024-08-11 00:35:31,ETHUSDT,bid,2600,3849.878
2024-08-11 00:35:32,ETHUSDT,bid,2600,3849.75
2024-08-11 00:35:41,ETHUSDT,bid,2600,3849.092
2024-08-11 00:35:47,ETHUSDT,bid,2600,3849.082
2024-08-11 00:35:51,ETHUSDT,bid,2600,3849.082
2024-08-11 00:35:51,ETHUSDT,bid,2600,3848.609
2024-08-11 00:36:04,ETHUSDT,bid,2600,3848.456
2024-08-11 00:36:08,ETHUSDT,bid,2600,3847.324
2024-08-11 00:36:08,ETHUSDT,bid,2600,3848.067
2024-08-11 00:36:08,ETHUSDT,bid,2600,3848.047
2024-08-11 00:36:09,ETHUSDT,bid,2600,3846.764
2024-08-11 00:36:09,ETHUSDT,bid,2600,3846.956
2024-08-11 00:36:14,ETHUSDT,bid,2600,3846.911
2024-08-11 00:36:14,ETHUSDT,bid,2600,3851.378
2024-08-11 00:36:20,ETHUSDT,bid,2600,3846.956
2024-08-11 00:36:23,ETHUSDT,bid,2600,3846.911
2024-08-11 00:36:30,ETHUSDT,bid,2600,3848.409
2024-08-11 00:36:30,ETHUSDT,bid,2600,3848.409
2024-08-11 00:36:30,ETHUSDT,bid,2600,3848.793
2024-08-11 00:36:37,ETHUSDT,bid,2600,3847.295
2024-08-11 00:36:44,ETHUSDT,bid,2600,3848.295
2024-08-11 00:36:45,ETHUSDT,bid,2600,3847.295
2024-08-11 00:36:47,ETHUSDT,bid,2600,3847.855
2024-08-11 00:36:58,ETHUSDT,bid,2600,3847.295
2024-08-11 00:37:01,ETHUSDT,bid,2600,3847.385
2024-08-11 00:37:02,ETHUSDT,bid,2600,3847.295
2024-08-11 00:37:09,ETHUSDT,bid,2600,3847.103
2024-08-11 00:37:14,ETHUSDT,bid,2600,3869.235
2024-08-11 00:37:15,ETHUSDT,bid,2600,3868.835
2024-08-11 00:37:19,ETHUSDT,bid,2600,3846.152
2024-08-11 00:37:20,ETHUSDT,bid,2600,3846.168
2024-08-11 00:37:22,ETHUSDT,bid,2600,3853.068
2024-08-11 00:37:22,ETHUSDT,bid,2600,3846.168
2024-08-11 00:37:22,ETHUSDT,ask,2730,3663.719
2024-08-11 00:37:22,ETHUSDT,bid,2600,3846.152
2024-08-11 00:37:22,ETHUSDT,bid,2600,3846.168
2024-08-11 00:37:24,ETHUSDT,bid,2600,3846.152
2024-08-11 00:37:24,ETHUSDT,bid,2600,3846.168
2024-08-11 00:37:29,ETHUSDT,bid,2600,3846.774
2024-08-11 00:37:31,ETHUSDT,bid,2600,3846.831
2024-08-11 00:37:31,ETHUSDT,bid,2600,3846.774
2024-08-11 00:37:32,ETHUSDT,bid,2600,3846.831
2024-08-11 00:37:42,ETHUSDT,bid,2600,3846.329
2024-08-11 00:37:57,ETHUSDT,bid,2600,3846.272
2024-08-11 00:37:58,ETHUSDT,bid,2600,3846.272
2024-08-11 00:37:58,ETHUSDT,bid,2600,3846.272
2024-08-11 00:38:00,ETHUSDT,bid,2600,3858.375
2024-08-11 00:38:05,ETHUSDT,bid,2600,3859.375
2024-08-11 00:38:06,ETHUSDT,bid,2340,4282.627
2024-08-11 00:38:06,ETHUSDT,bid,2600,3858.375
2024-08-11 00:38:07,ETHUSDT,bid,2600,3858.375
2024-08-11 00:38:20,ETHUSDT,bid,2600,3846.542
2024-08-11 00:38:33,ETHUSDT,bid,2600,3846.152
2024-08-11 00:39:21,ETHUSDT,bid,2600,3846.632
2024-08-11 00:39:30,ETHUSDT,bid,2600,3846.152
2024-08-11 00:40:10,ETHUSDT,bid,2600,3846.732
2024-08-11 00:40:29,ETHUSDT,bid,2600,3846.152
2024-08-11 00:40:37,ETHUSDT,bid,2600,3882.161
2024-08-11 00:40:40,ETHUSDT,bid,2600,3846.152
2024-08-11 00:40:51,ETHUSDT,bid,2600,3846.739
2024-08-11 00:41:21,ETHUSDT,bid,2600,3846.152
2024-08-11 00:41:33,ETHUSDT,bid,2600,3846.598
2024-08-11 00:41:55,ETHUSDT,bid,2600,3846.152
2024-08-11 00:41:58,ETHUSDT,bid,2600,3846.352
2024-08-11 00:42:05,ETHUSDT,bid,2600,3847.757
2024-08-11 00:42:06,ETHUSDT,bid,2600,3847.821
2024-08-11 00:42:11,ETHUSDT,bid,2600,3846.416
2024-08-11 00:42:14,ETHUSDT,bid,2600,3846.216
2024-08-11 00:42:21,ETHUSDT,bid,2600,3846.152
2024-08-11 00:43:03,ETHUSDT,bid,2600,3846.137
2024-08-11 00:43:53,ETHUSDT,bid,2600,3848.878
2024-08-11 00:43:54,ETHUSDT,bid,2600,3850.448
2024-08-11 00:44:01,ETHUSDT,bid,2600,3850.364
2024-08-11 00:44:22,ETHUSDT,bid,2600,3847.615
2024-08-11 00:44:22,ETHUSDT,bid,2600,3855.052
2024-08-11 00:44:29,ETHUSDT,bid,2600,3847.615
2024-08-11 00:44:59,ETHUSDT,bid,2600,3847.63
2024-08-11 00:45:38,ETHUSDT,bid,2600,3846.516
2024-08-11 00:45:44,ETHUSDT,bid,2600,3846.06
2024-08-11 00:46:04,ETHUSDT,bid,2600,3853.75
2024-08-11 00:46:04,ETHUSDT,bid,2600,3846.06
2024-08-11 00:46:25,ETHUSDT,bid,2600,3846.08
2024-08-11 00:46:28,ETHUSDT,bid,2340,4282.636
2024-08-11 00:46:29,ETHUSDT,bid,2600,3849.664
2024-08-11 00:46:29,ETHUSDT,bid,2600,3849.882
2024-08-11 00:46:29,ETHUSDT,bid,2600,3846.682
2024-08-11 00:46:29,ETHUSDT,bid,2600,3846.464
2024-08-11 00:46:30,ETHUSDT,bid,2600,3846.444
2024-08-11 00:46:34,ETHUSDT,bid,2600,3847.244
2024-08-11 00:46:34,ETHUSDT,bid,2600,3846.444
2024-08-11 00:46:37,ETHUSDT,bid,2340,4282.627
2024-08-11 00:46:39,ETHUSDT,bid,2600,3847.024
2024-08-11 00:46:40,ETHUSDT,bid,2600,3846.64
2024-08-11 00:46:50,ETHUSDT,bid,2600,3847.033
2024-08-11 00:46:59,ETHUSDT,bid,2600,3847.331
2024-08-11 00:47:04,ETHUSDT,bid,2600,3846.751
2024-08-11 00:47:13,ETHUSDT,bid,2600,3846.453
2024-08-11 00:47:13,ETHUSDT,bid,2600,3846.713
2024-08-11 00:47:15,ETHUSDT,bid,2600,3846.32
2024-08-11 00:47:15,ETHUSDT,bid,2600,3848.449
2024-08-11 00:47:23,ETHUSDT,bid,2600,3846.32
2024-08-11 00:47:24,ETHUSDT,bid,2600,3846.5
2024-08-11 00:47:28,ETHUSDT,bid,2600,3846.24
2024-08-11 00:47:28,ETHUSDT,bid,2600,3847.365
2024-08-11 00:47:33,ETHUSDT,bid,2600,3846.24
2024-08-11 00:47:38,ETHUSDT,bid,2600,3848.394
2024-08-11 00:47:50,ETHUSDT,bid,2600,3846.24
2024-08-11 00:47:52,ETHUSDT,bid,2600,3847.811
2024-08-11 00:48:10,ETHUSDT,bid,1700,6052.388
2024-08-11 00:48:39,ETHUSDT,bid,2600,3847.631
2024-08-11 00:48:44,ETHUSDT,bid,2600,3851.467
2024-08-11 00:48:45,ETHUSDT,bid,2600,3851.475
2024-08-11 00:48:51,ETHUSDT,bid,2600,3849.904
2024-08-11 00:48:53,ETHUSDT,bid,2600,3846.308
2024-08-11 00:49:31,ETHUSDT,bid,2600,3922.089
2024-08-11 00:49:48,ETHUSDT,bid,2600,3847.798
2024-08-11 00:50:00,ETHUSDT,bid,2600,3848.797
2024-08-11 00:50:01,ETHUSDT,bid,2600,3850.461
2024-08-11 00:50:02,ETHUSDT,bid,2600,3850.221
2024-08-11 00:50:11,ETHUSDT,bid,2600,3847.558
2024-08-11 00:50:27,ETHUSDT,bid,2600,3847.558
2024-08-11 00:50:40,ETHUSDT,bid,2600,3846.068
2024-08-11 00:50:40,ETHUSDT,bid,2600,3848.757
2024-08-11 00:51:02,ETHUSDT,bid,2600,3850.147
2024-08-11 00:51:04,ETHUSDT,bid,2600,3851.552
2024-08-11 00:51:19,ETHUSDT,bid,2600,3850.269
2024-08-11 00:51:22,ETHUSDT,bid,2600,3850.261
2024-08-11 00:51:43,ETHUSDT,bid,2600,3847.45
2024-08-11 00:52:05,ETHUSDT,bid,2600,3850.825
2024-08-11 00:52:06,ETHUSDT,bid,2600,3852.515
2024-08-11 00:52:06,ETHUSDT,bid,2600,3854.2
2024-08-11 00:52:18,ETHUSDT,bid,2600,3880.09
2024-08-11 00:52:20,ETHUSDT,bid,2600,3878.685
2024-08-11 00:52:20,ETHUSDT,bid,2600,3877.0
2024-08-11 00:52:21,ETHUSDT,bid,2600,3875.315
2024-08-11 00:52:25,ETHUSDT,bid,2600,3847.735
2024-08-11 00:52:38,ETHUSDT,ask,2730,3793.061
2024-08-11 00:52:39,ETHUSDT,bid,2600,3846.045
2024-08-11 00:53:59,ETHUSDT,bid,2600,3846.195
2024-08-11 00:54:23,ETHUSDT,bid,2600,3846.045
2024-08-11 00:56:29,ETHUSDT,bid,2600,3917.993
2024-08-11 00:57:17,ETHUSDT,bid,2600,3856.035
2024-08-11 00:57:21,ETHUSDT,bid,2600,3859.012
2024-08-11 00:58:08,ETHUSDT,bid,2600,3856.035
2024-08-11 00:59:33,ETHUSDT,bid,2600,3846.143
2024-08-11 00:59:37,ETHUSDT,bid,2600,3862.035
2024-08-11 01:03:22,ETHUSDT,bid,2600,3846.111
2024-08-11 01:03:50,ETHUSDT,ask,2730,3793.111
2024-08-11 01:04:32,ETHUSDT,bid,2600,3872.111
2024-08-11 01:04:33,ETHUSDT,bid,2600,3846.111
2024-08-11 01:04:46,ETHUSDT,bid,2600,3846.122
2024-08-11 01:04:56,ETHUSDT,bid,2600,3846.111
2024-08-11 01:04:58,ETHUSDT,bid,2600,3846.324
2024-08-11 01:05:23,ETHUSDT,bid,2600,3881.689
2024-08-11 01:05:46,ETHUSDT,bid,2600,3846.324
2024-08-11 01:05:51,ETHUSDT,bid,2600,3879.47
2024-08-11 01:05:55,ETHUSDT,bid,2600,3846.324
2024-08-11 01:06:05,ETHUSDT,bid,2600,3846.111
2024-08-11 01:06:39,ETHUSDT,bid,2600,3846.691
2024-08-11 01:07:03,ETHUSDT,bid,2600,3847.947
2024-08-11 01:07:03,ETHUSDT,bid,2600,3849.203
2024-08-11 01:07:15,ETHUSDT,bid,2600,3850.539
2024-08-11 01:07:16,ETHUSDT,bid,2600,3849.959
2024-08-11 01:07:16,ETHUSDT,bid,2600,3852.976
2024-08-11 01:12:48,ETHUSDT,ask,2730,3670.724
2024-08-11 01:13:23,ETHUSDT,bid,1680,5979.474
2024-08-11 01:13:45,ETHUSDT,ask,2730,3663.619
2024-08-11 01:15:33,ETHUSDT,ask,2730,3793.052
2024-08-11 01:17:37,ETHUSDT,bid,2270,4503.058
2024-08-11 01:29:27,ETHUSDT,ask,2730,3792.95
2024-08-11 01:30:14,ETHUSDT,ask,2910,3461.831
2024-08-11 01:30:24,ETHUSDT,bid,1710,5867.966
2024-08-11 01:31:30,ETHUSDT,bid,1710,5871.319
2024-08-11 01:34:34,ETHUSDT,ask,2910,3441.309
2024-08-11 01:38:10,ETHUSDT,ask,2730,3783.096
2024-08-11 01:40:36,ETHUSDT,ask,2730,3781.096
2024-08-11 01:42:45,ETHUSDT,bid,1960,5129.93
2024-08-11 01:45:09,ETHUSDT,ask,2730,3664.079
2024-08-11 01:53:36,ETHUSDT,ask,2730,3782.381
2024-08-11 02:15:55,ETHUSDT,ask,2730,3782.231
2024-08-11 02:22:15,ETHUSDT,bid,2270,4502.28
2024-08-11 02:25:13,ETHUSDT,ask,2730,3782.193
2024-08-11 02:25:21,ETHUSDT,ask,2730,3782.844
2024-08-11 02:26:07,ETHUSDT,ask,2730,3782.698
2024-08-11 02:26:11,ETHUSDT,ask,2730,3782.047
2024-08-11 02:27:59,ETHUSDT,ask,2730,3782.057
2024-08-11 02:41:15,ETHUSDT,bid,1700,6052.33
2024-08-11 02:42:35,ETHUSDT,ask,2730,3782.811
2024-08-11 02:48:00,ETHUSDT,ask,2730,3780.913
2024-08-11 03:24:13,ETHUSDT,ask,2730,3780.913
2024-08-11 03:27:07,ETHUSDT,ask,2730,3780.363
2024-08-11 03:28:03,ETHUSDT,ask,2730,3672.072
2024-08-11 03:29:38,ETHUSDT,ask,2730,3670.724
2024-08-11 03:30:33,ETHUSDT,ask,2730,3770.086
2024-08-11 03:31:40,ETHUSDT,bid,2270,4502.067
2024-08-11 04:01:22,ETHUSDT,ask,2730,3769.521
2024-08-11 04:04:10,ETHUSDT,ask,2730,3770.172
2024-08-11 04:06:58,ETHUSDT,ask,2730,3771.33
2024-08-11 04:07:46,ETHUSDT,bid,1680,5979.293
2024-08-11 04:07:47,ETHUSDT,bid,1700,6052.163
2024-08-11 04:07:47,ETHUSDT,bid,1710,5871.156
2024-08-11 04:08:57,ETHUSDT,bid,1960,5129.864
2024-08-11 04:17:04,ETHUSDT,bid,1700,6052.639
2024-08-11 04:45:42,ETHUSDT,ask,2730,3773.75
2024-08-11 04:55:09,ETHUSDT,ask,2730,3773.876
2024-08-11 04:59:05,ETHUSDT,bid,1960,5129.847
2024-08-11 04:59:09,ETHUSDT,bid,1940,5152.125
2024-08-11 05:10:09,ETHUSDT,bid,1960,5129.913
2024-08-11 05:10:21,ETHUSDT,ask,2730,3932.067
2024-08-11 05:14:49,ETHUSDT,bid,1960,5129.929
2024-08-11 05:16:14,ETHUSDT,bid,1960,5129.913
2024-08-11 05:17:55,ETHUSDT,bid,1960,5129.925
2024-08-11 05:18:27,ETHUSDT,ask,2730,3932.081
2024-08-11 05:21:59,ETHUSDT,bid,1960,5129.913
2024-08-11 05:28:14,ETHUSDT,bid,1700,6034.992
2024-08-11 05:45:44,ETHUSDT,ask,2730,3664.232
2024-08-11 06:01:50,ETHUSDT,bid,2340,4282.637
2024-08-11 06:02:53,ETHUSDT,bid,2340,4282.627
2024-08-11 06:03:25,ETHUSDT,bid,2340,4282.637
2024-08-11 06:04:29,ETHUSDT,bid,2340,4282.627
2024-08-11 06:07:27,ETHUSDT,bid,1960,5131.3
2024-08-11 06:07:45,ETHUSDT,ask,2730,3932.446
2024-08-11 06:08:16,ETHUSDT,bid,1960,5129.913
2024-08-11 06:13:47,ETHUSDT,bid,2290,4469.449
2024-08-11 06:15:07,ETHUSDT,ask,2730,3932.462
2024-08-11 06:17:46,ETHUSDT,ask,2730,3931.318
2024-08-11 06:18:17,ETHUSDT,bid,2290,4364.449
2024-08-11 06:18:41,ETHUSDT,bid,2340,4282.627
2024-08-11 06:21:36,ETHUSDT,bid,2340,4282.637
2024-08-11 06:21:37,ETHUSDT,bid,2340,4282.637
2024-08-11 06:21:37,ETHUSDT,bid,2340,4282.647
2024-08-11 06:21:39,ETHUSDT,bid,2340,4282.656
2024-08-11 06:21:39,ETHUSDT,bid,2340,4282.647
2024-08-11 06:22:13,ETHUSDT,bid,2340,4282.637
2024-08-11 06:22:16,ETHUSDT,bid,2340,4282.627
2024-08-11 06:45:15,ETHUSDT,ask,2730,3931.304
2024-08-11 06:51:59,ETHUSDT,ask,2730,3931.104
2024-08-11 07:04:50,ETHUSDT,bid,2270,4501.862
2024-08-11 07:11:36,ETHUSDT,ask,2730,3772.787
2024-08-11 07:13:05,ETHUSDT,bid,2270,4501.646
2024-08-11 07:31:25,ETHUSDT,bid,2610,10000.208
2024-08-11 07:31:25,ETHUSDT,bid,2610,10000.087
2024-08-11 07:31:27,ETHUSDT,bid,2610,10000.033
2024-08-11 07:34:02,ETHUSDT,ask,2730,3772.778
2024-08-11 07:37:48,ETHUSDT,bid,2270,4501.636
2024-08-11 07:47:14,ETHUSDT,ask,2730,3772.858
2024-08-11 07:48:16,ETHUSDT,bid,2340,4282.84
2024-08-11 08:20:27,ETHUSDT,ask,2730,3663.772
2024-08-11 08:22:51,ETHUSDT,ask,2730,3670.733
2024-08-11 08:23:23,ETHUSDT,ask,2730,3772.787
2024-08-11 08:26:26,ETHUSDT,ask,2730,3772.786
2024-08-11 08:48:07,ETHUSDT,ask,2730,3784.98
2024-08-11 08:52:37,ETHUSDT,ask,2730,3671.313
2024-08-11 08:56:17,ETHUSDT,ask,2730,3785.98
2024-08-11 08:57:37,ETHUSDT,ask,2730,3670.733
2024-08-11 08:58:33,ETHUSDT,ask,2730,3671.132
2024-08-11 08:59:30,ETHUSDT,ask,2730,3785.18
2024-08-11 09:00:31,ETHUSDT,bid,1960,5129.924
2024-08-11 09:02:14,ETHUSDT,bid,2270,4501.603
2024-08-11 09:08:25,ETHUSDT,ask,2730,3671.186
2024-08-11 09:08:25,ETHUSDT,ask,2730,3670.733
2024-08-11 09:08:26,ETHUSDT,ask,2730,3670.742
2024-08-11 09:08:38,ETHUSDT,ask,2730,3671.197
2024-08-11 09:08:53,ETHUSDT,ask,2730,3683.371
2024-08-11 09:11:36,ETHUSDT,ask,2730,3772.986
2024-08-11 09:15:50,ETHUSDT,ask,2730,3770.566
2024-08-11 09:18:41,ETHUSDT,bid,2230,4589.145
2024-08-11 09:23:11,ETHUSDT,bid,2230,4484.145
2024-08-11 09:32:18,ETHUSDT,ask,2730,3670.742
2024-08-11 09:44:43,ETHUSDT,ask,2730,3768.802
2024-08-11 09:45:26,ETHUSDT,ask,2730,3769.102
2024-08-11 10:00:56,ETHUSDT,ask,2730,3781.297
2024-08-11 10:00:57,ETHUSDT,ask,2730,3793.492
2024-08-11 10:01:06,ETHUSDT,ask,2730,3805.687
2024-08-11 10:01:07,ETHUSDT,ask,2730,3817.879
2024-08-11 10:01:10,ETHUSDT,ask,2730,3830.069
2024-08-11 10:01:18,ETHUSDT,ask,2730,3842.263
2024-08-11 10:08:15,ETHUSDT,bid,1700,6049.697
2024-08-11 10:08:28,ETHUSDT,bid,1960,5129.913
2024-08-11 10:10:15,ETHUSDT,ask,2730,3830.069
2024-08-11 10:10:17,ETHUSDT,ask,2730,3817.877
2024-08-11 10:10:22,ETHUSDT,ask,2730,3805.682
2024-08-11 10:13:13,ETHUSDT,ask,2730,3805.865
2024-08-11 10:13:17,ETHUSDT,ask,2730,3781.475
2024-08-11 10:13:17,ETHUSDT,ask,2730,3769.285
2024-08-11 10:13:47,ETHUSDT,bid,1950,5127.992
2024-08-11 10:16:43,ETHUSDT,bid,1700,6049.667
2024-08-11 10:16:55,ETHUSDT,ask,2730,3771.116
2024-08-11 10:21:24,ETHUSDT,bid,2340,4273.404
2024-08-11 10:21:50,ETHUSDT,ask,2900,3438.657
2024-08-11 10:21:50,ETHUSDT,ask,2900,3438.671
2024-08-11 10:21:50,ETHUSDT,ask,2900,3438.678
2024-08-11 10:21:53,ETHUSDT,ask,2730,3769.579
2024-08-11 10:21:59,ETHUSDT,ask,2900,3438.671
2024-08-11 10:21:59,ETHUSDT,ask,2900,3438.657
2024-08-11 10:21:59,ETHUSDT,ask,2900,3438.65
2024-08-11 10:22:58,ETHUSDT,ask,2890,3455.47
2024-08-11 10:22:58,ETHUSDT,ask,2910,3441.331
2024-08-11 10:23:07,ETHUSDT,bid,2250,4444.498
2024-08-11 10:28:07,ETHUSDT,bid,2250,4444.271
2024-08-11 10:30:40,ETHUSDT,bid,2340,4273.208
2024-08-11 10:32:14,ETHUSDT,ask,2730,3670.776
2024-08-11 10:35:45,ETHUSDT,ask,2730,3769.478
2024-08-11 10:38:32,ETHUSDT,ask,2730,3769.486
2024-08-11 10:39:46,ETHUSDT,bid,2280,4395.524
2024-08-11 10:40:48,ETHUSDT,bid,1700,6049.655
2024-08-11 10:41:12,ETHUSDT,ask,2730,3769.522
2024-08-11 10:41:55,ETHUSDT,ask,2730,3769.532
2024-08-11 10:43:32,ETHUSDT,ask,2730,3670.784
2024-08-11 10:44:16,ETHUSDT,ask,2730,3774.532
2024-08-11 10:46:03,ETHUSDT,ask,2730,3664.461
2024-08-11 10:47:13,ETHUSDT,ask,2730,3774.524
2024-08-11 10:47:13,ETHUSDT,ask,2730,3670.776
2024-08-11 10:47:42,ETHUSDT,ask,2730,3664.436
2024-08-11 10:48:19,ETHUSDT,ask,2730,3774.539
2024-08-11 10:49:45,ETHUSDT,ask,2730,3774.524
2024-08-11 10:50:57,ETHUSDT,ask,2730,3774.532
2024-08-11 10:51:12,ETHUSDT,ask,2910,3441.345
2024-08-11 10:51:21,ETHUSDT,ask,2910,3441.338
2024-08-11 10:51:22,ETHUSDT,ask,2910,3441.331
2024-08-11 10:51:46,ETHUSDT,ask,2910,3441.341
2024-08-11 10:51:46,ETHUSDT,ask,2910,3441.351
2024-08-11 10:51:46,ETHUSDT,ask,2910,3441.367
2024-08-11 10:51:47,ETHUSDT,ask,2910,3441.399
2024-08-11 10:51:47,ETHUSDT,ask,2910,3441.431
2024-08-11 10:51:47,ETHUSDT,ask,2910,3441.447
2024-08-11 10:51:47,ETHUSDT,ask,2910,3441.463
2024-08-11 10:51:47,ETHUSDT,ask,2910,3441.479
2024-08-11 10:51:48,ETHUSDT,ask,2910,3441.495
2024-08-11 10:51:48,ETHUSDT,ask,2910,3441.511
2024-08-11 10:51:57,ETHUSDT,ask,2910,3441.511
2024-08-11 10:52:10,ETHUSDT,ask,2730,3775.532
2024-08-11 10:52:35,ETHUSDT,ask,2910,3441.501
2024-08-11 10:52:35,ETHUSDT,ask,2910,3441.491
2024-08-11 10:52:44,ETHUSDT,ask,2730,3774.532
2024-08-11 10:53:04,ETHUSDT,ask,2910,3441.459
2024-08-11 10:53:55,ETHUSDT,ask,2910,3441.466
2024-08-11 10:53:55,ETHUSDT,ask,2910,3441.476
2024-08-11 10:54:03,ETHUSDT,ask,2910,3441.479
2024-08-11 10:54:11,ETHUSDT,ask,2900,3438.65
2024-08-11 10:54:12,ETHUSDT,ask,2900,3438.657
2024-08-11 10:54:13,ETHUSDT,ask,2900,3438.664
2024-08-11 10:54:21,ETHUSDT,ask,2900,3438.657
2024-08-11 10:54:21,ETHUSDT,ask,2900,3438.65
2024-08-11 10:54:32,ETHUSDT,bid,1960,5131.933
2024-08-11 10:54:44,ETHUSDT,ask,2910,3441.469
2024-08-11 10:54:44,ETHUSDT,ask,2910,3441.459
2024-08-11 10:54:51,ETHUSDT,ask,2730,3775.876
2024-08-11 10:56:32,ETHUSDT,ask,2730,3777.709
2024-08-11 10:59:10,ETHUSDT,ask,2730,3777.669
2024-08-11 10:59:53,ETHUSDT,ask,2730,3777.709
2024-08-11 10:59:55,ETHUSDT,ask,2910,3441.443
2024-08-11 10:59:55,ETHUSDT,ask,2910,3441.427
2024-08-11 10:59:56,ETHUSDT,ask,2910,3441.411
2024-08-11 10:59:56,ETHUSDT,ask,2910,3441.395
2024-08-11 10:59:59,ETHUSDT,ask,2910,3441.379
2024-08-11 10:59:59,ETHUSDT,ask,2910,3441.363
2024-08-11 10:59:59,ETHUSDT,ask,2910,3441.347
2024-08-11 10:59:59,ETHUSDT,ask,2910,3441.331
2024-08-11 11:02:29,ETHUSDT,ask,2730,3778.494
2024-08-11 11:03:20,ETHUSDT,ask,2730,3777.15
2024-08-11 11:07:44,ETHUSDT,ask,2730,3670.767
2024-08-11 11:08:26,ETHUSDT,ask,2730,3775.317
2024-08-11 11:11:36,ETHUSDT,bid,1680,5979.341
2024-08-11 11:12:43,ETHUSDT,bid,1680,5979.293
2024-08-11 11:12:50,ETHUSDT,ask,2730,3774.035
2024-08-11 11:13:30,ETHUSDT,bid,1680,5979.317
2024-08-11 11:15:50,ETHUSDT,bid,1680,5979.335
2024-08-11 11:15:50,ETHUSDT,bid,1700,6049.673
2024-08-11 11:15:50,ETHUSDT,bid,1960,5131.951
2024-08-11 11:15:53,ETHUSDT,bid,2340,4273.404
2024-08-11 11:16:00,ETHUSDT,bid,2340,4273.208
2024-08-11 11:19:20,ETHUSDT,ask,2730,3773.999
2024-08-11 11:19:46,ETHUSDT,bid,1680,5979.39
2024-08-11 11:19:46,ETHUSDT,bid,1710,5871.211
2024-08-11 11:19:46,ETHUSDT,ask,2730,3774.054
2024-08-11 11:22:17,ETHUSDT,ask,2730,3774.238
2024-08-11 11:22:32,ETHUSDT,ask,2730,3663.772
2024-08-11 11:24:41,ETHUSDT,ask,2730,3774.247
2024-08-11 11:24:56,ETHUSDT,ask,2730,3670.776
2024-08-11 11:25:16,ETHUSDT,ask,2730,3663.781
2024-08-11 11:27:53,ETHUSDT,ask,2730,3773.462
2024-08-11 11:28:14,ETHUSDT,ask,2730,3773.452
2024-08-11 11:30:56,ETHUSDT,bid,1680,5979.372
2024-08-11 11:30:56,ETHUSDT,bid,1700,6049.655
2024-08-11 11:30:56,ETHUSDT,bid,1960,5131.933
2024-08-11 11:31:29,ETHUSDT,ask,2730,3810.041
2024-08-11 11:33:09,ETHUSDT,bid,1680,5979.348
2024-08-11 11:36:31,ETHUSDT,ask,2730,3773.452
2024-08-11 11:38:30,ETHUSDT,ask,2730,3670.38
2024-08-11 11:40:24,ETHUSDT,ask,2910,3441.341
2024-08-11 11:40:25,ETHUSDT,ask,2910,3441.351
2024-08-11 11:41:42,ETHUSDT,ask,2910,3441.341
2024-08-11 11:41:48,ETHUSDT,ask,2910,3441.331
2024-08-11 11:45:57,ETHUSDT,ask,2730,3670.33
2024-08-11 11:51:12,ETHUSDT,bid,1960,5131.944
2024-08-11 11:51:53,ETHUSDT,bid,1960,5131.933
2024-08-11 11:55:54,ETHUSDT,ask,2730,3772.978
2024-08-11 11:59:56,ETHUSDT,ask,2730,3815.57
2024-08-11 12:02:24,ETHUSDT,ask,2900,3438.657
2024-08-11 12:02:24,ETHUSDT,ask,2900,3438.664
2024-08-11 12:02:26,ETHUSDT,ask,2900,3438.664
2024-08-11 12:02:27,ETHUSDT,ask,2900,3438.671
2024-08-11 12:02:27,ETHUSDT,ask,2900,3438.678
2024-08-11 12:02:32,ETHUSDT,ask,2900,3438.671
2024-08-11 12:02:33,ETHUSDT,ask,2900,3438.664
2024-08-11 12:02:35,ETHUSDT,ask,2900,3438.657
2024-08-11 12:02:36,ETHUSDT,ask,2900,3438.65
2024-08-11 12:06:31,ETHUSDT,ask,2910,3441.348
2024-08-11 12:06:33,ETHUSDT,ask,2910,3441.348
2024-08-11 12:06:33,ETHUSDT,ask,2910,3441.355
2024-08-11 12:06:34,ETHUSDT,ask,2910,3441.362
2024-08-11 12:06:34,ETHUSDT,ask,2910,3441.369
2024-08-11 12:06:40,ETHUSDT,ask,2910,3441.362
2024-08-11 12:06:42,ETHUSDT,ask,2910,3441.355
2024-08-11 12:06:42,ETHUSDT,ask,2910,3441.348
2024-08-11 12:06:43,ETHUSDT,ask,2910,3441.341
2024-08-11 12:06:49,ETHUSDT,ask,2910,3441.348
2024-08-11 12:06:49,ETHUSDT,ask,2910,3441.355
2024-08-11 12:06:58,ETHUSDT,ask,2910,3441.348
2024-08-11 12:06:58,ETHUSDT,ask,2910,3441.341
2024-08-11 12:07:11,ETHUSDT,ask,2910,3441.348
2024-08-11 12:07:12,ETHUSDT,ask,2910,3441.365
2024-08-11 12:07:12,ETHUSDT,ask,2910,3441.372
2024-08-11 12:07:13,ETHUSDT,ask,2910,3441.372
2024-08-11 12:07:14,ETHUSDT,ask,2910,3441.379
2024-08-11 12:07:15,ETHUSDT,ask,2910,3441.386
2024-08-11 12:07:16,ETHUSDT,ask,2910,3441.393
2024-08-11 12:07:16,ETHUSDT,ask,2910,3441.4
2024-08-11 12:07:16,ETHUSDT,ask,2910,3441.41
2024-08-11 12:07:19,ETHUSDT,ask,2910,3441.417
2024-08-11 12:07:19,ETHUSDT,ask,2910,3441.424
2024-08-11 12:07:19,ETHUSDT,ask,2910,3441.431
2024-08-11 12:07:19,ETHUSDT,ask,2910,3441.438
2024-08-11 12:07:20,ETHUSDT,ask,2910,3441.438
2024-08-11 12:07:21,ETHUSDT,ask,2910,3441.438
2024-08-11 12:07:21,ETHUSDT,ask,2910,3441.438
2024-08-11 12:07:23,ETHUSDT,ask,2910,3441.448
2024-08-11 12:07:23,ETHUSDT,ask,2910,3441.448
2024-08-11 12:07:24,ETHUSDT,ask,2910,3441.448
2024-08-11 12:07:24,ETHUSDT,ask,2910,3441.448
2024-08-11 12:07:25,ETHUSDT,ask,2910,3441.448
2024-08-11 12:07:25,ETHUSDT,ask,2910,3441.448
2024-08-11 12:07:27,ETHUSDT,ask,2910,3441.441
2024-08-11 12:07:27,ETHUSDT,ask,2910,3441.434
2024-08-11 12:07:28,ETHUSDT,ask,2910,3441.427
2024-08-11 12:07:28,ETHUSDT,ask,2910,3441.42
2024-08-11 12:07:29,ETHUSDT,ask,2910,3441.413
2024-08-11 12:07:30,ETHUSDT,ask,2910,3441.406
2024-08-11 12:07:30,ETHUSDT,ask,2910,3441.399
2024-08-11 12:07:32,ETHUSDT,ask,2910,3441.392
2024-08-11 12:07:33,ETHUSDT,ask,2910,3441.385
2024-08-11 12:07:34,ETHUSDT,ask,2910,3441.378
2024-08-11 12:07:34,ETHUSDT,ask,2910,3441.371
2024-08-11 12:08:12,ETHUSDT,ask,2910,3441.361
2024-08-11 12:08:32,ETHUSDT,ask,2910,3441.341
2024-08-11 12:08:32,ETHUSDT,ask,2910,3441.331
2024-08-11 12:10:27,ETHUSDT,ask,2910,3441.331
2024-08-11 12:10:27,ETHUSDT,ask,2910,3441.345
2024-08-11 12:10:37,ETHUSDT,ask,2910,3441.331
2024-08-11 12:28:36,ETHUSDT,bid,1700,6049.642
2024-08-11 12:29:41,ETHUSDT,bid,1700,6049.655
2024-08-11 12:33:32,ETHUSDT,ask,2730,3890.478
2024-08-11 12:34:52,ETHUSDT,ask,2910,3441.341
2024-08-11 12:34:52,ETHUSDT,ask,2910,3441.351
2024-08-11 12:34:52,ETHUSDT,ask,2910,3441.361
2024-08-11 12:35:24,ETHUSDT,ask,2910,3441.381
2024-08-11 12:35:27,ETHUSDT,ask,2730,3815.57
2024-08-11 12:36:05,ETHUSDT,ask,2910,3441.361
2024-08-11 12:36:05,ETHUSDT,ask,2910,3441.351
2024-08-11 12:36:06,ETHUSDT,ask,2910,3441.341
2024-08-11 12:36:40,ETHUSDT,ask,2910,3441.331
2024-08-11 12:37:16,ETHUSDT,ask,2730,3890.478
2024-08-11 12:38:50,ETHUSDT,ask,2730,3815.57
2024-08-11 12:42:36,ETHUSDT,ask,2730,3818.356
2024-08-11 12:45:03,ETHUSDT,ask,2730,3818.346
2024-08-11 12:46:18,ETHUSDT,ask,2730,3822.009
2024-08-11 12:54:13,ETHUSDT,ask,2730,3808.489
2024-08-11 12:54:43,ETHUSDT,ask,2730,3812.831
2024-08-11 12:55:15,ETHUSDT,bid,2280,4394.274
2024-08-11 12:57:17,ETHUSDT,bid,2270,4501.591
2024-08-11 12:57:23,ETHUSDT,ask,2730,3812.853
2024-08-11 12:57:30,ETHUSDT,ask,2730,3813.353
2024-08-11 12:57:44,ETHUSDT,ask,2730,3658.679
2024-08-11 12:58:43,ETHUSDT,ask,2730,3814.147
2024-08-11 13:01:46,ETHUSDT,ask,2730,3814.847
2024-08-11 13:01:55,ETHUSDT,ask,2730,3814.859
2024-08-11 13:02:21,ETHUSDT,ask,2730,3815.059
2024-08-11 13:03:52,ETHUSDT,bid,2270,4501.548
2024-08-11 13:05:03,ETHUSDT,bid,1960,5131.944
2024-08-11 13:06:01,ETHUSDT,ask,2730,3820.931
2024-08-11 13:06:25,ETHUSDT,ask,2730,3821.596
2024-08-11 13:06:39,ETHUSDT,ask,2730,3815.059
2024-08-11 13:06:46,ETHUSDT,ask,2730,3815.338
2024-08-11 13:06:57,ETHUSDT,ask,2730,3821.388
2024-08-11 13:07:31,ETHUSDT,bid,1960,5131.786
2024-08-11 13:09:13,ETHUSDT,ask,2730,3659.079
2024-08-11 13:10:40,ETHUSDT,bid,1700,6049.491
2024-08-11 13:10:40,ETHUSDT,bid,2270,4501.384
2024-08-11 13:14:17,ETHUSDT,ask,2730,3821.395
2024-08-11 13:16:20,ETHUSDT,bid,1700,6049.659
2024-08-11 13:16:20,ETHUSDT,bid,2270,4501.552
2024-08-11 13:17:02,ETHUSDT,ask,2730,3821.428
2024-08-11 13:23:00,ETHUSDT,ask,2730,3821.421
2024-08-11 13:28:17,ETHUSDT,bid,1960,5131.805
2024-08-11 13:29:11,ETHUSDT,ask,2730,3821.43
2024-08-11 13:32:08,ETHUSDT,bid,1960,5131.786
2024-08-11 13:35:41,ETHUSDT,ask,2730,3826.008
2024-08-11 13:37:09,ETHUSDT,ask,2910,3468.191
2024-08-11 13:37:56,ETHUSDT,ask,2730,3660.884
2024-08-11 13:41:30,ETHUSDT,ask,2730,3659.061
2024-08-11 13:43:02,ETHUSDT,ask,2730,3659.061
2024-08-11 13:51:53,ETHUSDT,ask,2910,3441.331
2024-08-11 13:53:59,ETHUSDT,ask,2730,3826.16
2024-08-11 13:54:05,ETHUSDT,ask,2730,3670.338
2024-08-11 13:58:51,ETHUSDT,ask,2730,3838.355
2024-08-11 13:58:56,ETHUSDT,ask,2730,3850.55
2024-08-11 13:59:29,ETHUSDT,ask,2730,3854.098
2024-08-11 14:00:13,ETHUSDT,ask,2730,3659.141
2024-08-11 14:00:25,ETHUSDT,ask,2730,3659.061
2024-08-11 14:02:01,ETHUSDT,ask,2730,3854.115
2024-08-11 14:03:14,ETHUSDT,ask,2730,3656.017
2024-08-11 14:04:49,ETHUSDT,ask,2730,3855.489
2024-08-11 14:08:55,ETHUSDT,bid,1700,6049.771
2024-08-11 14:17:19,ETHUSDT,ask,2730,3843.297
2024-08-11 14:17:31,ETHUSDT,ask,2730,3843.309
2024-08-11 14:20:45,ETHUSDT,bid,1700,6049.785
2024-08-11 14:20:45,ETHUSDT,bid,2270,4501.566
2024-08-11 14:22:16,ETHUSDT,ask,2730,3800.717
2024-08-11 14:22:18,ETHUSDT,ask,2730,3788.522
2024-08-11 14:22:21,ETHUSDT,ask,2730,3776.327
2024-08-11 14:24:39,ETHUSDT,bid,1700,6050.49
2024-08-11 14:25:39,ETHUSDT,bid,1700,6049.785
2024-08-11 14:25:58,ETHUSDT,bid,1940,5152.145
2024-08-11 14:32:27,ETHUSDT,ask,2730,3776.347
2024-08-11 14:33:54,ETHUSDT,ask,2730,3776.383
2024-08-11 14:34:18,ETHUSDT,ask,2730,3776.373
2024-08-11 14:35:05,ETHUSDT,bid,1940,5152.125
2024-08-11 14:35:08,ETHUSDT,bid,1700,6049.771
2024-08-11 14:35:08,ETHUSDT,bid,2270,4501.552
2024-08-11 14:36:04,ETHUSDT,ask,2730,3784.682
2024-08-11 14:36:55,ETHUSDT,ask,2730,3784.681
2024-08-11 14:37:52,ETHUSDT,ask,2730,3783.681
2024-08-11 14:38:11,ETHUSDT,ask,2730,3782.681
2024-08-11 14:38:28,ETHUSDT,ask,2730,3782.724
2024-08-11 14:39:04,ETHUSDT,ask,2730,3782.963
2024-08-11 14:39:56,ETHUSDT,ask,2730,3777.963
2024-08-11 14:39:57,ETHUSDT,ask,2730,3778.069
2024-08-11 14:40:44,ETHUSDT,ask,2730,3656.028
2024-08-11 14:42:02,ETHUSDT,ask,2730,3803.069
2024-08-11 14:42:24,ETHUSDT,bid,2340,4272.995
2024-08-11 14:43:40,ETHUSDT,ask,2730,3803.317
2024-08-11 14:44:16,ETHUSDT,ask,2730,3803.117
2024-08-11 14:44:29,ETHUSDT,ask,2730,3803.217
2024-08-11 14:44:33,ETHUSDT,ask,2730,3803.241
2024-08-11 14:46:00,ETHUSDT,ask,2730,3682.407
2024-08-11 14:46:13,ETHUSDT,ask,2730,3670.338
2024-08-11 14:46:52,ETHUSDT,ask,2730,3803.205
2024-08-11 14:47:49,ETHUSDT,ask,2730,3654.16
2024-08-11 14:48:08,ETHUSDT,ask,2730,3823.205
2024-08-11 14:48:35,ETHUSDT,ask,2730,3823.705
2024-08-11 14:48:45,ETHUSDT,ask,2730,3833.705
2024-08-11 14:50:02,ETHUSDT,bid,1700,6049.603
2024-08-11 14:50:02,ETHUSDT,bid,2270,4501.384
2024-08-11 14:50:05,ETHUSDT,bid,1960,5131.797
2024-08-11 14:50:10,ETHUSDT,ask,2730,3833.951
2024-08-11 14:50:31,ETHUSDT,ask,2730,3813.951
2024-08-11 14:51:10,ETHUSDT,bid,1960,5131.818
2024-08-11 14:51:49,ETHUSDT,ask,2730,3812.577
2024-08-11 14:52:22,ETHUSDT,ask,2730,3815.577
2024-08-11 14:52:37,ETHUSDT,bid,1960,5129.798
2024-08-11 14:52:56,ETHUSDT,ask,2730,3815.586
2024-08-11 14:52:56,ETHUSDT,ask,2730,3671.843
2024-08-11 14:53:02,ETHUSDT,ask,2730,3815.879
2024-08-11 14:53:17,ETHUSDT,ask,2730,3818.879
2024-08-11 14:54:14,ETHUSDT,ask,2730,3818.904
2024-08-11 14:54:15,ETHUSDT,bid,1680,5980.526
2024-08-11 14:54:47,ETHUSDT,ask,2730,3819.104
2024-08-11 14:54:49,ETHUSDT,bid,1700,6049.77
2024-08-11 14:54:49,ETHUSDT,bid,2270,4501.551
2024-08-11 14:55:17,ETHUSDT,ask,2730,3819.084
2024-08-11 14:55:25,ETHUSDT,ask,2730,3819.059
2024-08-11 14:57:36,ETHUSDT,ask,2730,3821.519
2024-08-11 15:01:06,ETHUSDT,ask,2730,3835.54
2024-08-11 15:02:02,ETHUSDT,ask,2730,3835.574
2024-08-11 15:02:14,ETHUSDT,ask,2730,3832.574
2024-08-11 15:02:51,ETHUSDT,ask,2730,3842.574
2024-08-11 15:03:58,ETHUSDT,ask,2730,3842.332
2024-08-11 15:04:05,ETHUSDT,ask,2730,3862.332
2024-08-11 15:04:39,ETHUSDT,bid,1960,5129.786
2024-08-11 15:04:52,ETHUSDT,ask,2730,3842.332
2024-08-11 15:05:28,ETHUSDT,ask,2730,3860.503
2024-08-11 15:05:31,ETHUSDT,ask,2730,3854.453
2024-08-11 15:05:31,ETHUSDT,ask,2730,3855.835
2024-08-11 15:05:48,ETHUSDT,ask,2730,3858.111
2024-08-11 15:06:49,ETHUSDT,ask,2730,3854.453
2024-08-11 15:08:10,ETHUSDT,ask,2730,3861.072
2024-08-11 15:12:20,ETHUSDT,bid,1960,5129.797
2024-08-11 15:12:39,ETHUSDT,ask,2730,3689.756
2024-08-11 15:12:41,ETHUSDT,bid,1960,5129.786
2024-08-11 15:12:52,ETHUSDT,ask,2730,3671.843
2024-08-11 15:13:48,ETHUSDT,ask,2730,3841.072
2024-08-11 15:15:01,ETHUSDT,ask,2730,3841.272
2024-08-11 15:15:13,ETHUSDT,ask,2730,3841.072
2024-08-11 15:15:29,ETHUSDT,ask,2730,4341.072
2024-08-11 15:20:11,ETHUSDT,ask,2730,4341.987
2024-08-11 15:20:47,ETHUSDT,ask,2730,4341.715
2024-08-11 15:22:04,ETHUSDT,ask,2730,4343.58
2024-08-11 15:22:47,ETHUSDT,bid,2340,4271.928
2024-08-11 15:23:18,ETHUSDT,bid,1960,5129.775
2024-08-11 15:23:50,ETHUSDT,ask,2730,4331.388
2024-08-11 15:27:05,ETHUSDT,ask,2730,4351.388
2024-08-11 15:29:12,ETHUSDT,bid,1960,5129.786
2024-08-11 15:29:36,ETHUSDT,bid,1960,5129.775
2024-08-11 15:31:36,ETHUSDT,bid,1700,6049.672
2024-08-11 15:31:51,ETHUSDT,ask,2730,4351.378
2024-08-11 15:34:22,ETHUSDT,bid,1700,6049.751
2024-08-11 15:34:57,ETHUSDT,ask,2730,4353.878
2024-08-11 15:36:01,ETHUSDT,ask,2730,3658.5
2024-08-11 15:44:09,ETHUSDT,ask,2730,4353.901
2024-08-11 15:49:19,ETHUSDT,ask,2730,4353.901
2024-08-11 15:49:34,ETHUSDT,ask,2730,4351.901
2024-08-11 15:50:44,ETHUSDT,ask,2730,4352.501
2024-08-11 15:52:01,ETHUSDT,ask,2730,4353.037
2024-08-11 15:52:19,ETHUSDT,ask,2730,3672.281
2024-08-11 15:53:08,ETHUSDT,ask,2730,4350.695
2024-08-11 15:53:25,ETHUSDT,ask,2730,3673.552
2024-08-11 15:55:31,ETHUSDT,ask,2730,4351.427
2024-08-11 15:55:55,ETHUSDT,ask,2730,3672.047
2024-08-11 15:56:31,ETHUSDT,ask,2730,4351.437
2024-08-11 15:56:36,ETHUSDT,bid,1960,5129.796
2024-08-11 15:57:21,ETHUSDT,ask,2730,4343.128
2024-08-11 15:57:28,ETHUSDT,ask,2730,4342.889
2024-08-11 15:57:42,ETHUSDT,ask,2730,3658.417
2024-08-11 15:58:26,ETHUSDT,ask,2730,3672.547
2024-08-11 15:58:36,ETHUSDT,bid,1960,5129.775
2024-08-11 15:59:12,ETHUSDT,ask,2730,4342.596
2024-08-11 15:59:42,ETHUSDT,ask,2730,3671.276
2024-08-11 16:01:17,ETHUSDT,ask,2730,4342.133
2024-08-11 16:01:34,ETHUSDT,bid,2290,4364.71
2024-08-11 16:01:37,ETHUSDT,ask,2910,3471.543
2024-08-11 16:01:45,ETHUSDT,ask,2730,4342.147
2024-08-11 16:01:51,ETHUSDT,ask,2730,4345.147
2024-08-11 16:01:53,ETHUSDT,ask,2730,4345.785
2024-08-11 16:02:50,ETHUSDT,ask,2730,4363.917
2024-08-11 16:02:57,ETHUSDT,ask,2730,4363.938
2024-08-11 16:03:02,ETHUSDT,ask,2730,4368.938
2024-08-11 16:03:38,ETHUSDT,ask,2730,4361.79
2024-08-11 16:03:53,ETHUSDT,ask,2730,4350.806
2024-08-11 16:04:18,ETHUSDT,ask,2730,4350.845
2024-08-11 16:04:53,ETHUSDT,ask,2730,4368.977
2024-08-11 16:05:10,ETHUSDT,ask,2730,4350.845
2024-08-11 16:05:36,ETHUSDT,ask,2730,4348.353
2024-08-11 16:05:49,ETHUSDT,bid,1940,5147.125
2024-08-11 16:05:58,ETHUSDT,ask,2730,4349.353
2024-08-11 16:06:25,ETHUSDT,ask,2730,4348.353
2024-08-11 16:07:23,ETHUSDT,ask,2730,4348.524
2024-08-11 16:07:48,ETHUSDT,ask,2730,4347.886
2024-08-11 16:08:10,ETHUSDT,ask,2730,4356.454
2024-08-11 16:09:08,ETHUSDT,ask,2730,4356.485
2024-08-11 16:09:16,ETHUSDT,ask,2730,4363.811
2024-08-11 16:09:30,ETHUSDT,ask,2730,4343.811
2024-08-11 16:10:37,ETHUSDT,ask,2730,4345.05
2024-08-11 16:11:28,ETHUSDT,ask,2730,4348.894
2024-08-11 16:12:11,ETHUSDT,ask,2890,3456.506
2024-08-11 16:12:18,ETHUSDT,ask,2730,4359.543
2024-08-11 16:12:21,ETHUSDT,ask,2730,4359.551
2024-08-11 16:12:59,ETHUSDT,ask,2730,4358.636
2024-08-11 16:13:43,ETHUSDT,ask,2730,4377.095
2024-08-11 16:13:57,ETHUSDT,ask,2730,4382.095
2024-08-11 16:14:00,ETHUSDT,ask,2730,4380.095
2024-08-11 16:14:44,ETHUSDT,ask,2730,4379.995
2024-08-11 16:14:53,ETHUSDT,ask,2730,4380.004
2024-08-11 16:14:58,ETHUSDT,ask,2730,4423.2
2024-08-11 16:15:01,ETHUSDT,ask,2730,4423.425
2024-08-11 16:15:26,ETHUSDT,ask,2730,4423.435
2024-08-11 16:15:43,ETHUSDT,ask,2890,3456.556
2024-08-11 16:15:50,ETHUSDT,ask,2730,4422.735
2024-08-11 16:16:18,ETHUSDT,ask,2890,3456.506
2024-08-11 16:16:50,ETHUSDT,ask,2910,3476.543
2024-08-11 16:17:01,ETHUSDT,ask,2730,4442.735
2024-08-11 16:17:04,ETHUSDT,bid,2270,4501.501
2024-08-11 16:17:04,ETHUSDT,ask,2730,4442.685
2024-08-11 16:17:05,ETHUSDT,ask,2730,4442.46
2024-08-11 16:17:40,ETHUSDT,ask,2730,4445.389
2024-08-11 16:17:45,ETHUSDT,ask,2730,4428.93
2024-08-11 16:18:00,ETHUSDT,ask,2730,4437.72
2024-08-11 16:18:01,ETHUSDT,ask,2730,3676.677
2024-08-11 16:18:28,ETHUSDT,bid,1700,6049.672
2024-08-11 16:18:49,ETHUSDT,bid,2290,4364.449
2024-08-11 16:18:53,ETHUSDT,ask,2730,4435.823
2024-08-11 16:18:58,ETHUSDT,ask,2730,4430.823
2024-08-11 16:19:49,ETHUSDT,ask,2730,4431.676
2024-08-11 16:19:58,ETHUSDT,ask,2730,4433.983
2024-08-11 16:20:00,ETHUSDT,ask,2730,3713.802
2024-08-11 16:20:01,ETHUSDT,ask,2730,4434.083
2024-08-11 16:20:29,ETHUSDT,ask,2730,4441.543
2024-08-11 16:20:55,ETHUSDT,ask,2730,4404.346
2024-08-11 16:21:05,ETHUSDT,ask,2730,4403.863
2024-08-11 16:21:05,ETHUSDT,ask,2730,4463.863
2024-08-11 16:21:52,ETHUSDT,ask,2730,3676.543
2024-08-11 16:22:07,ETHUSDT,ask,2730,4489.862
2024-08-11 16:22:37,ETHUSDT,ask,2730,4488.882
2024-08-11 16:22:40,ETHUSDT,ask,2730,4463.882
2024-08-11 16:22:41,ETHUSDT,ask,2730,4463.872
2024-08-11 16:22:47,ETHUSDT,bid,1960,5129.764
2024-08-11 16:22:55,ETHUSDT,ask,2730,4464.02
2024-08-11 16:23:02,ETHUSDT,ask,2730,4464.752
2024-08-11 16:23:16,ETHUSDT,ask,2730,4462.921
2024-08-11 16:23:24,ETHUSDT,ask,2730,3713.767
2024-08-11 16:23:31,ETHUSDT,ask,2730,4463.127
2024-08-11 16:23:45,ETHUSDT,ask,2730,4463.501
2024-08-11 16:23:45,ETHUSDT,ask,2730,4463.619
2024-08-11 16:23:46,ETHUSDT,ask,2730,4455.051
2024-08-11 16:24:09,ETHUSDT,ask,2730,4455.654
2024-08-11 16:24:27,ETHUSDT,ask,2730,4465.489
2024-08-11 16:24:29,ETHUSDT,ask,2730,4467.274
2024-08-11 16:24:29,ETHUSDT,ask,2730,4467.266
2024-08-11 16:24:30,ETHUSDT,ask,2730,4467.696
2024-08-11 16:24:30,ETHUSDT,ask,2730,3677.443
2024-08-11 16:24:39,ETHUSDT,ask,2730,4466.696
2024-08-11 16:24:47,ETHUSDT,ask,2730,3678.71
2024-08-11 16:24:55,ETHUSDT,ask,2730,4467.491
2024-08-11 16:24:59,ETHUSDT,ask,2730,3714.767
2024-08-11 16:25:15,ETHUSDT,ask,2730,4465.101
2024-08-11 16:25:15,ETHUSDT,ask,2730,3677.443
2024-08-11 16:25:16,ETHUSDT,ask,2730,3749.104
2024-08-11 16:25:16,ETHUSDT,ask,2730,3750.308
2024-08-11 16:25:16,ETHUSDT,ask,2730,3751.512
2024-08-11 16:25:16,ETHUSDT,ask,2730,3769.584
2024-08-11 16:25:22,ETHUSDT,ask,2730,3768.982
2024-08-11 16:25:22,ETHUSDT,ask,2730,3768.38
2024-08-11 16:25:23,ETHUSDT,ask,2730,3767.778
2024-08-11 16:25:24,ETHUSDT,ask,2730,3767.176
2024-08-11 16:25:28,ETHUSDT,ask,2890,3616.506
2024-08-11 16:25:30,ETHUSDT,ask,2730,3767.676
2024-08-11 16:25:39,ETHUSDT,ask,2730,3751.411
2024-08-11 16:25:41,ETHUSDT,ask,2730,4465.118
2024-08-11 16:25:48,ETHUSDT,ask,2730,4454.469
2024-08-11 16:25:54,ETHUSDT,ask,2730,4504.469
2024-08-11 16:25:56,ETHUSDT,ask,2910,3477.543
2024-08-11 16:25:59,ETHUSDT,ask,2730,4504.977
2024-08-11 16:26:04,ETHUSDT,ask,2730,3677.622
2024-08-11 16:26:09,ETHUSDT,ask,2730,4504.738
2024-08-11 16:26:19,ETHUSDT,ask,2730,3677.532
2024-08-11 16:26:43,ETHUSDT,ask,2730,4461.592
2024-08-11 16:26:47,ETHUSDT,ask,2730,4461.542
2024-08-11 16:26:51,ETHUSDT,ask,2730,4461.55
2024-08-11 16:27:05,ETHUSDT,ask,2730,4462.507
2024-08-11 16:28:37,ETHUSDT,ask,2730,4457.507
2024-08-11 16:28:46,ETHUSDT,ask,2730,4457.367
2024-08-11 16:28:55,ETHUSDT,ask,2730,4407.367
2024-08-11 16:28:55,ETHUSDT,ask,2730,4407.249
2024-08-11 16:29:14,ETHUSDT,bid,1700,6049.545
2024-08-11 16:29:29,ETHUSDT,ask,2730,4407.202
2024-08-11 16:29:38,ETHUSDT,bid,1700,6048.326
2024-08-11 16:30:53,ETHUSDT,ask,2730,4397.624
2024-08-11 16:31:02,ETHUSDT,ask,2730,4397.634
2024-08-11 16:31:14,ETHUSDT,ask,2730,4397.635
2024-08-11 16:31:20,ETHUSDT,ask,2730,4397.643
2024-08-11 16:31:29,ETHUSDT,ask,2730,3679.532
2024-08-11 16:31:42,ETHUSDT,ask,2730,4397.663
2024-08-11 16:31:51,ETHUSDT,ask,2730,4422.663
2024-08-11 16:32:36,ETHUSDT,ask,2730,4422.713
2024-08-11 16:32:38,ETHUSDT,ask,2730,4422.913
2024-08-11 16:34:29,ETHUSDT,ask,2730,4423.013
2024-08-11 16:34:34,ETHUSDT,ask,2730,4423.185
2024-08-11 16:35:59,ETHUSDT,ask,2730,4463.75
2024-08-11 16:36:08,ETHUSDT,ask,2730,4463.768
2024-08-11 16:36:24,ETHUSDT,ask,2730,4463.75
2024-08-11 16:36:30,ETHUSDT,ask,2730,4463.89
2024-08-11 16:37:05,ETHUSDT,ask,2730,4462.025
2024-08-11 16:37:11,ETHUSDT,ask,2730,4463.49
2024-08-11 16:37:50,ETHUSDT,ask,2730,4422.551
2024-08-11 16:37:51,ETHUSDT,ask,2730,4422.543
2024-08-11 16:37:57,ETHUSDT,ask,2730,3679.732
2024-08-11 16:38:49,ETHUSDT,ask,2730,4422.525
2024-08-11 16:39:21,ETHUSDT,ask,2730,4472.525
2024-08-11 16:39:38,ETHUSDT,ask,2730,4422.525
2024-08-11 16:39:44,ETHUSDT,ask,2910,3442.331
2024-08-11 16:39:54,ETHUSDT,ask,2730,4421.525
2024-08-11 16:39:57,ETHUSDT,ask,2910,3476.077
2024-08-11 16:40:37,ETHUSDT,ask,2730,4421.159
2024-08-11 16:40:41,ETHUSDT,bid,1700,6048.405
2024-08-11 16:40:50,ETHUSDT,ask,2730,4421.179
2024-08-11 16:40:52,ETHUSDT,ask,2730,4421.07
2024-08-11 16:41:18,ETHUSDT,ask,2730,4421.03
2024-08-11 16:41:49,ETHUSDT,ask,2730,3714.992
2024-08-11 16:42:24,ETHUSDT,ask,2730,3679.232
2024-08-11 16:44:13,ETHUSDT,ask,2730,3718.637
2024-08-11 16:44:16,ETHUSDT,ask,2730,4424.385
2024-08-11 16:45:59,ETHUSDT,ask,2730,3681.06
2024-08-11 16:46:03,ETHUSDT,ask,2730,3720.827
2024-08-11 16:47:01,ETHUSDT,ask,2730,4424.393
2024-08-11 16:47:31,ETHUSDT,ask,2730,4469.132
2024-08-11 16:47:48,ETHUSDT,ask,2730,4424.393
2024-08-11 16:48:26,ETHUSDT,ask,2730,3717.182
2024-08-11 16:49:29,ETHUSDT,bid,1960,5129.743
2024-08-11 16:49:59,ETHUSDT,ask,2730,3720.827
2024-08-11 16:50:35,ETHUSDT,ask,2730,3737.092
2024-08-11 16:50:49,ETHUSDT,ask,2730,3720.827
2024-08-11 16:51:32,ETHUSDT,ask,2730,3681.16
2024-08-11 16:53:08,ETHUSDT,bid,1960,5129.778
2024-08-11 16:53:09,ETHUSDT,ask,2730,3717.182
2024-08-11 16:53:14,ETHUSDT,ask,2730,4425.747
2024-08-11 16:53:48,ETHUSDT,ask,2730,3682.986
2024-08-11 16:53:55,ETHUSDT,ask,2730,4426.002
2024-08-11 16:54:39,ETHUSDT,ask,2730,4365.948
2024-08-11 16:54:45,ETHUSDT,ask,2730,4365.292
2024-08-11 16:55:39,ETHUSDT,ask,2730,4364.007
2024-08-11 16:55:57,ETHUSDT,ask,2730,4364.507
2024-08-11 16:59:06,ETHUSDT,ask,2730,4369.34
2024-08-11 16:59:48,ETHUSDT,bid,1960,5129.743
2024-08-11 17:01:28,ETHUSDT,ask,2730,4368.84
2024-08-11 17:01:53,ETHUSDT,ask,2730,3662.072
2024-08-11 17:03:11,ETHUSDT,ask,2730,4369.14
2024-08-11 17:03:35,ETHUSDT,ask,2730,4369.12
2024-08-11 17:04:12,ETHUSDT,ask,2730,3681.89
2024-08-11 17:04:51,ETHUSDT,ask,2730,4359.1
2024-08-11 17:05:25,ETHUSDT,ask,2730,4357.916
2024-08-11 17:05:47,ETHUSDT,bid,2340,4272.008
2024-08-11 17:07:30,ETHUSDT,ask,2730,3661.707
2024-08-11 17:08:43,ETHUSDT,ask,2730,4359.746
2024-08-11 17:09:36,ETHUSDT,ask,2730,3706.028
2024-08-11 17:10:09,ETHUSDT,ask,2730,4359.729
2024-08-11 17:10:24,ETHUSDT,ask,2730,4359.857
2024-08-11 17:10:57,ETHUSDT,ask,2730,3700.627
2024-08-11 17:11:00,ETHUSDT,ask,2730,4359.885
2024-08-11 17:11:16,ETHUSDT,ask,2730,4359.886
2024-08-11 17:11:24,ETHUSDT,ask,2730,3688.558
2024-08-11 17:11:26,ETHUSDT,ask,2730,3676.489
2024-08-11 17:11:41,ETHUSDT,ask,2730,3676.49
2024-08-11 17:11:53,ETHUSDT,ask,2730,3675.999
2024-08-11 17:11:54,ETHUSDT,ask,2730,4358.929
2024-08-11 17:12:37,ETHUSDT,ask,2730,3661.715
2024-08-11 17:12:38,ETHUSDT,ask,2730,4357.295
2024-08-11 17:14:00,ETHUSDT,ask,2730,4356.127
2024-08-11 17:14:26,ETHUSDT,bid,1700,6044.876
2024-08-11 17:14:39,ETHUSDT,ask,2730,4356.148
2024-08-11 17:14:43,ETHUSDT,ask,2730,4357.025
2024-08-11 17:14:44,ETHUSDT,ask,2730,4357.94
2024-08-11 17:14:44,ETHUSDT,ask,2730,4358.855
2024-08-11 17:14:44,ETHUSDT,ask,2730,3669.008
2024-08-11 17:15:05,ETHUSDT,ask,2730,4359.055
2024-08-11 17:15:17,ETHUSDT,ask,2730,4358.689
2024-08-11 17:15:49,ETHUSDT,ask,2890,3620.548
2024-08-11 17:16:04,ETHUSDT,ask,2730,4356.859
2024-08-11 17:17:03,ETHUSDT,ask,2730,4356.85
2024-08-11 17:17:03,ETHUSDT,ask,2730,3675.99
2024-08-11 17:17:03,ETHUSDT,ask,2730,3668.999
2024-08-11 17:17:07,ETHUSDT,ask,2730,3748.38
2024-08-11 17:17:08,ETHUSDT,ask,2730,3804.683
2024-08-11 17:17:08,ETHUSDT,ask,2730,3810.167
2024-08-11 17:19:09,ETHUSDT,ask,2730,3661.706
2024-08-11 17:19:59,ETHUSDT,ask,2730,4357.15
2024-08-11 17:20:06,ETHUSDT,ask,2730,4357.137
2024-08-11 17:20:14,ETHUSDT,ask,2730,3737.777
2024-08-11 17:20:57,ETHUSDT,ask,2730,4357.32
2024-08-11 17:21:15,ETHUSDT,ask,2730,4357.22
2024-08-11 17:23:08,ETHUSDT,ask,2730,4332.22
2024-08-11 17:23:49,ETHUSDT,ask,2730,4335.878
2024-08-11 17:24:49,ETHUSDT,ask,2730,4332.22
2024-08-11 17:27:23,ETHUSDT,ask,2730,4330.662
2024-08-11 17:27:52,ETHUSDT,bid,2270,4501.251
2024-08-11 17:31:47,ETHUSDT,ask,2730,4330.552
2024-08-11 17:32:09,ETHUSDT,ask,2730,4330.446
2024-08-11 17:32:23,ETHUSDT,ask,2730,4330.872
2024-08-11 17:32:24,ETHUSDT,ask,2730,4331.421
2024-08-11 17:32:26,ETHUSDT,bid,2250,4444.939
2024-08-11 17:33:07,ETHUSDT,bid,2250,4444.271
2024-08-11 17:33:36,ETHUSDT,ask,2730,4329.591
2024-08-11 17:34:06,ETHUSDT,ask,2730,3662.971
2024-08-11 17:34:32,ETHUSDT,ask,2730,3661.706
2024-08-11 17:35:27,ETHUSDT,ask,2730,4329.607
2024-08-11 17:36:50,ETHUSDT,ask,2890,3616.518
2024-08-11 17:37:30,ETHUSDT,ask,2730,4329.591
2024-08-11 17:39:33,ETHUSDT,ask,2730,4329.818
2024-08-11 17:39:43,ETHUSDT,ask,2730,4329.591
2024-08-11 17:41:06,ETHUSDT,ask,2910,3442.475
2024-08-11 17:41:19,ETHUSDT,ask,2730,4329.604
2024-08-11 17:44:13,ETHUSDT,ask,2730,4328.304
2024-08-11 17:45:07,ETHUSDT,ask,2730,4328.371
2024-08-11 17:45:44,ETHUSDT,ask,2730,4328.358
2024-08-11 17:46:11,ETHUSDT,ask,2730,3694.257
2024-08-11 17:48:38,ETHUSDT,bid,2270,4501.501
2024-08-11 17:54:41,ETHUSDT,ask,2730,3675.99
2024-08-11 17:58:23,ETHUSDT,bid,1700,6044.776
2024-08-11 18:01:14,ETHUSDT,bid,1710,5870.363
2024-08-11 18:02:58,ETHUSDT,ask,2730,3661.695
2024-08-11 18:07:17,ETHUSDT,ask,2730,4322.871
2024-08-11 18:09:41,ETHUSDT,bid,1960,5130.124
2024-08-11 18:10:02,ETHUSDT,ask,2730,4319.609
2024-08-11 18:10:08,ETHUSDT,ask,2730,3674.438
2024-08-11 18:11:44,ETHUSDT,ask,2730,3674.0
2024-08-11 18:12:21,ETHUSDT,ask,2730,4319.2
2024-08-11 18:12:49,ETHUSDT,ask,2730,4319.1
2024-08-11 18:12:51,ETHUSDT,ask,2730,4319.07
2024-08-11 18:15:34,ETHUSDT,ask,2730,4318.983
2024-08-11 18:16:44,ETHUSDT,ask,2730,4318.758
2024-08-11 18:17:39,ETHUSDT,ask,2730,4293.758
2024-08-11 18:18:24,ETHUSDT,ask,2730,4294.398
2024-08-11 18:18:50,ETHUSDT,ask,2730,4292.613
2024-08-11 18:18:53,ETHUSDT,ask,2730,4292.605
2024-08-11 18:19:04,ETHUSDT,ask,2730,4295.352
2024-08-11 18:20:03,ETHUSDT,ask,2730,3673.966
2024-08-11 18:22:54,ETHUSDT,ask,2730,4295.36
2024-08-11 18:23:26,ETHUSDT,ask,2730,3674.0
2024-08-11 18:25:19,ETHUSDT,ask,2730,4295.352
2024-08-11 18:27:55,ETHUSDT,ask,2730,4293.045
2024-08-11 18:28:09,ETHUSDT,ask,2730,4293.059
2024-08-11 18:28:28,ETHUSDT,ask,2730,4292.471
2024-08-11 18:29:51,ETHUSDT,ask,2670,5148.758
2024-08-11 18:30:02,ETHUSDT,ask,2670,5150.758
2024-08-11 18:30:52,ETHUSDT,ask,2730,4292.479
2024-08-11 18:30:58,ETHUSDT,ask,2670,5181.798
2024-08-11 18:30:59,ETHUSDT,ask,2730,4292.55
2024-08-11 18:31:01,ETHUSDT,ask,2730,4292.62
2024-08-11 18:31:37,ETHUSDT,ask,2670,5183.798
2024-08-11 18:31:38,ETHUSDT,ask,2670,5181.798
2024-08-11 18:31:40,ETHUSDT,ask,2670,5183.798
2024-08-11 18:31:44,ETHUSDT,ask,2670,5181.798
2024-08-11 18:31:48,ETHUSDT,ask,2670,5183.798
2024-08-11 18:31:55,ETHUSDT,ask,2670,5183.798
2024-08-11 18:32:00,ETHUSDT,ask,2670,5181.798
2024-08-11 18:32:02,ETHUSDT,ask,2670,5200.902
2024-08-11 18:32:27,ETHUSDT,ask,2670,5195.893
2024-08-11 18:32:29,ETHUSDT,ask,2670,5196.08
2024-08-11 18:32:42,ETHUSDT,ask,2670,5196.08
2024-08-11 18:32:52,ETHUSDT,ask,2730,4292.942
2024-08-11 18:33:44,ETHUSDT,ask,2670,5197.07
2024-08-11 18:33:46,ETHUSDT,ask,2670,5197.257
2024-08-11 18:33:56,ETHUSDT,ask,2670,5197.076
2024-08-11 18:34:11,ETHUSDT,ask,2670,5197.488
2024-08-11 18:34:11,ETHUSDT,ask,2730,4292.62
2024-08-11 18:34:23,ETHUSDT,ask,2670,5196.498
2024-08-11 18:34:43,ETHUSDT,ask,2670,5196.124
2024-08-11 18:35:01,ETHUSDT,ask,2670,5190.124
2024-08-11 18:35:08,ETHUSDT,ask,2670,5191.83
2024-08-11 18:35:34,ETHUSDT,ask,2670,5211.915
2024-08-11 18:35:57,ETHUSDT,ask,2670,5212.158
2024-08-11 18:36:17,ETHUSDT,ask,2670,5223.785
2024-08-11 18:36:18,ETHUSDT,ask,2670,5212.399
2024-08-11 18:36:39,ETHUSDT,ask,2670,5216.204
2024-08-11 18:36:50,ETHUSDT,bid,2280,4394.18
2024-08-11 18:36:56,ETHUSDT,ask,2670,5216.58
2024-08-11 18:36:59,ETHUSDT,ask,2670,5217.58
2024-08-11 18:37:02,ETHUSDT,ask,2670,5217.68
2024-08-11 18:37:10,ETHUSDT,ask,2670,5227.671
2024-08-11 18:37:10,ETHUSDT,ask,2730,4294.62
2024-08-11 18:37:11,ETHUSDT,ask,2670,5217.671
2024-08-11 18:37:13,ETHUSDT,ask,2670,5220.311
2024-08-11 18:37:55,ETHUSDT,ask,2670,5236.311
2024-08-11 18:38:20,ETHUSDT,ask,2670,5221.89
2024-08-11 18:38:24,ETHUSDT,ask,2670,5220.311
2024-08-11 18:38:37,ETHUSDT,ask,2670,5225.311
2024-08-11 18:38:55,ETHUSDT,ask,2670,5235.311
2024-08-11 18:39:17,ETHUSDT,ask,2670,5225.325
2024-08-11 18:39:17,ETHUSDT,ask,2730,4294.633
2024-08-11 18:39:17,ETHUSDT,ask,2670,5241.325
2024-08-11 18:39:20,ETHUSDT,ask,2670,5225.325
2024-08-11 18:39:34,ETHUSDT,ask,2670,5240.531
2024-08-11 18:39:42,ETHUSDT,ask,2670,5239.531
2024-08-11 18:39:59,ETHUSDT,ask,2670,5239.523
2024-08-11 18:40:14,ETHUSDT,ask,2730,4294.728
2024-08-11 18:40:20,ETHUSDT,ask,2670,5232.019
2024-08-11 18:40:36,ETHUSDT,ask,2670,5231.6
2024-08-11 18:42:06,ETHUSDT,ask,2670,5230.019
2024-08-11 18:42:07,ETHUSDT,ask,2670,5230.269
2024-08-11 18:42:13,ETHUSDT,ask,2670,5230.277
2024-08-11 18:42:13,ETHUSDT,ask,2730,3794.736
2024-08-11 18:42:14,ETHUSDT,ask,2730,3794.49
2024-08-11 18:42:17,ETHUSDT,ask,2670,5230.277
2024-08-11 18:42:28,ETHUSDT,bid,1700,6044.812
2024-08-11 18:42:41,ETHUSDT,ask,2670,5211.165
2024-08-11 18:43:10,ETHUSDT,ask,2670,5212.294
2024-08-11 18:43:19,ETHUSDT,ask,2670,5215.986
2024-08-11 18:43:19,ETHUSDT,ask,2730,3673.992
2024-08-11 18:43:19,ETHUSDT,ask,2670,5216.186
2024-08-11 18:43:33,ETHUSDT,ask,2670,5216.163
2024-08-11 18:43:33,ETHUSDT,ask,2730,3794.446
2024-08-11 18:43:44,ETHUSDT,bid,1700,6044.776
2024-08-11 18:44:19,ETHUSDT,ask,2910,3442.331
2024-08-11 18:44:58,ETHUSDT,ask,2670,5216.202
2024-08-11 18:44:59,ETHUSDT,ask,2910,3442.331
2024-08-11 18:44:59,ETHUSDT,ask,2670,5216.163
2024-08-11 18:45:06,ETHUSDT,ask,2670,5218.593
2024-08-11 18:45:26,ETHUSDT,ask,2730,3791.706
2024-08-11 18:45:30,ETHUSDT,ask,2730,3788.043
2024-08-11 18:45:48,ETHUSDT,ask,2900,3438.65
2024-08-11 18:46:00,ETHUSDT,ask,2670,5235.02
2024-08-11 18:46:19,ETHUSDT,ask,2730,3788.052
2024-08-11 18:46:23,ETHUSDT,ask,2670,5218.177
2024-08-11 18:46:24,ETHUSDT,ask,2670,5168.177
2024-08-11 18:47:10,ETHUSDT,ask,2670,5169.409
2024-08-11 18:47:12,ETHUSDT,ask,2670,5169.596
2024-08-11 18:47:19,ETHUSDT,ask,2730,3788.061
2024-08-11 18:47:26,ETHUSDT,ask,2670,5171.031
2024-08-11 18:47:30,ETHUSDT,ask,2670,5169.756
2024-08-11 18:48:11,ETHUSDT,ask,2670,5169.804
2024-08-11 18:49:15,ETHUSDT,ask,2730,3790.061
2024-08-11 18:49:55,ETHUSDT,ask,2670,5172.305
2024-08-11 18:49:56,ETHUSDT,ask,2670,5172.212
2024-08-11 18:50:02,ETHUSDT,ask,2670,5172.772
2024-08-11 18:50:30,ETHUSDT,ask,2670,5172.212
2024-08-11 18:50:45,ETHUSDT,ask,2670,5172.025
2024-08-11 18:51:07,ETHUSDT,ask,2730,3790.03
2024-08-11 18:51:22,ETHUSDT,ask,2730,3790.218
2024-08-11 18:51:26,ETHUSDT,ask,2670,5172.586
2024-08-11 18:52:58,ETHUSDT,ask,2730,3674.492
2024-08-11 18:53:16,ETHUSDT,ask,2730,3790.251
2024-08-11 18:53:25,ETHUSDT,ask,2730,3789.751
2024-08-11 18:54:00,ETHUSDT,ask,2730,3673.992
2024-08-11 18:57:24,ETHUSDT,ask,2730,3789.656
2024-08-11 18:57:26,ETHUSDT,ask,2730,3789.751
2024-08-11 18:58:12,ETHUSDT,bid,2290,4364.949
2024-08-11 19:00:21,ETHUSDT,bid,2270,4500.501
2024-08-11 19:01:01,ETHUSDT,ask,2730,3789.751
2024-08-11 19:01:21,ETHUSDT,ask,2730,3798.226
2024-08-11 19:02:20,ETHUSDT,ask,2730,3789.765
2024-08-11 19:03:40,ETHUSDT,bid,1960,5130.135
2024-08-11 19:03:42,ETHUSDT,bid,2340,4272.041
2024-08-11 19:07:40,ETHUSDT,ask,2730,3789.692
2024-08-11 19:08:54,ETHUSDT,ask,2730,3789.683
2024-08-11 19:09:01,ETHUSDT,ask,2730,3789.655
2024-08-11 19:09:45,ETHUSDT,ask,2730,3789.697
2024-08-11 19:11:29,ETHUSDT,ask,2730,3789.636
2024-08-11 19:12:32,ETHUSDT,ask,2900,3438.65
2024-08-11 19:13:43,ETHUSDT,ask,2730,3789.168
2024-08-11 19:13:44,ETHUSDT,ask,2730,3789.179
2024-08-11 19:16:45,ETHUSDT,ask,2730,3788.038
2024-08-11 19:17:53,ETHUSDT,ask,2730,3787.79
2024-08-11 19:19:02,ETHUSDT,ask,2730,3788.984
2024-08-11 19:19:52,ETHUSDT,ask,2730,3663.518
2024-08-11 19:21:19,ETHUSDT,ask,2730,3788.812
2024-08-11 19:22:25,ETHUSDT,ask,2730,3673.302
2024-08-11 19:22:25,ETHUSDT,ask,2900,3438.002
2024-08-11 19:23:23,ETHUSDT,ask,2730,3661.695
2024-08-11 19:27:58,ETHUSDT,ask,2730,3788.762
2024-08-11 19:29:39,ETHUSDT,ask,2730,3788.754
2024-08-11 19:30:36,ETHUSDT,ask,2730,3788.718
2024-08-11 19:34:15,ETHUSDT,ask,2730,3788.726
2024-08-11 19:37:56,ETHUSDT,ask,2730,3788.921
2024-08-11 19:38:20,ETHUSDT,ask,2730,3681.765
2024-08-11 19:39:20,ETHUSDT,bid,1680,5977.55
2024-08-11 19:39:20,ETHUSDT,ask,2730,3673.302
2024-08-11 19:39:28,ETHUSDT,ask,2630,5055.993
2024-08-11 19:39:31,ETHUSDT,ask,2630,5055.455
2024-08-11 19:39:38,ETHUSDT,ask,2630,5057.202
2024-08-11 19:39:47,ETHUSDT,ask,2630,5054.074
2024-08-11 19:39:50,ETHUSDT,ask,2630,5054.999
2024-08-11 19:39:54,ETHUSDT,ask,2630,5054.074
2024-08-11 19:39:57,ETHUSDT,ask,2630,5040.594
2024-08-11 19:40:06,ETHUSDT,ask,2630,5040.984
2024-08-11 19:40:09,ETHUSDT,ask,2630,5040.984
2024-08-11 19:40:10,ETHUSDT,ask,2630,5197.882
2024-08-11 19:40:10,ETHUSDT,ask,2630,5040.984
2024-08-11 19:40:24,ETHUSDT,ask,2630,5037.832
2024-08-11 19:40:28,ETHUSDT,ask,2630,5066.502
2024-08-11 19:40:28,ETHUSDT,ask,2630,5051.412
2024-08-11 19:40:29,ETHUSDT,ask,2630,5037.832
2024-08-11 19:40:31,ETHUSDT,ask,2630,5037.092
2024-08-11 19:40:32,ETHUSDT,ask,2630,5040.092
2024-08-11 19:40:33,ETHUSDT,ask,2630,5042.103
2024-08-11 19:40:37,ETHUSDT,ask,2630,5039.103
2024-08-11 19:40:41,ETHUSDT,ask,2630,5041.001
2024-08-11 19:40:41,ETHUSDT,ask,2630,5039.103
2024-08-11 19:40:41,ETHUSDT,ask,2630,5096.541
2024-08-11 19:40:42,ETHUSDT,ask,2630,5039.103
2024-08-11 19:40:43,ETHUSDT,ask,2630,5037.342
2024-08-11 19:40:44,ETHUSDT,ask,2630,5039.342
2024-08-11 19:40:46,ETHUSDT,ask,2630,5038.942
2024-08-11 19:40:46,ETHUSDT,ask,2630,5039.682
2024-08-11 19:40:47,ETHUSDT,ask,2630,5038.932
2024-08-11 19:40:49,ETHUSDT,ask,2630,5040.449
2024-08-11 19:40:50,ETHUSDT,ask,2630,5038.932
2024-08-11 19:40:50,ETHUSDT,ask,2630,5042.132
2024-08-11 19:40:51,ETHUSDT,ask,2630,5043.732
2024-08-11 19:40:51,ETHUSDT,ask,2630,5038.932
2024-08-11 19:40:52,ETHUSDT,ask,2630,5042.732
2024-08-11 19:40:53,ETHUSDT,ask,2630,5042.732
2024-08-11 19:40:53,ETHUSDT,ask,2630,5038.932
2024-08-11 19:40:54,ETHUSDT,ask,2630,5042.384
2024-08-11 19:40:54,ETHUSDT,ask,2630,5038.932
2024-08-11 19:40:55,ETHUSDT,ask,2730,3786.777
2024-08-11 19:40:55,ETHUSDT,ask,2630,5042.334
2024-08-11 19:40:56,ETHUSDT,ask,2630,5038.932
2024-08-11 19:40:56,ETHUSDT,ask,2630,5038.924
2024-08-11 19:40:56,ETHUSDT,ask,2630,5040.821
2024-08-11 19:40:56,ETHUSDT,ask,2630,5038.924
2024-08-11 19:40:57,ETHUSDT,ask,2630,5038.974
2024-08-11 19:40:57,ETHUSDT,ask,2630,5038.383
2024-08-11 19:40:58,ETHUSDT,ask,2630,5028.66
2024-08-11 19:40:58,ETHUSDT,ask,2630,5022.478
2024-08-11 19:40:58,ETHUSDT,ask,2630,5022.509
2024-08-11 19:40:58,ETHUSDT,ask,2630,5022.126
2024-08-11 19:40:58,ETHUSDT,ask,2630,5022.036
2024-08-11 19:40:58,ETHUSDT,ask,2630,5024.055
2024-08-11 19:40:58,ETHUSDT,ask,2630,5020.158
2024-08-11 19:40:58,ETHUSDT,ask,2630,5020.172
2024-08-11 19:40:58,ETHUSDT,ask,2630,5020.047
2024-08-11 19:40:59,ETHUSDT,ask,2630,5019.688
2024-08-11 19:40:59,ETHUSDT,ask,2630,5018.426
2024-08-11 19:40:59,ETHUSDT,ask,2630,5017.292
2024-08-11 19:40:59,ETHUSDT,ask,2630,5016.96
2024-08-11 19:40:59,ETHUSDT,ask,2630,5017.0
2024-08-11 19:40:59,ETHUSDT,ask,2630,5016.681
2024-08-11 19:40:59,ETHUSDT,ask,2630,5016.622
2024-08-11 19:40:59,ETHUSDT,ask,2630,5026.246
2024-08-11 19:41:00,ETHUSDT,ask,2630,5026.236
2024-08-11 19:41:00,ETHUSDT,ask,2630,5026.246
2024-08-11 19:41:00,ETHUSDT,ask,2630,5023.031
2024-08-11 19:41:00,ETHUSDT,ask,2630,5004.054
2024-08-11 19:41:00,ETHUSDT,ask,2630,4998.882
2024-08-11 19:41:00,ETHUSDT,ask,2630,4998.892
2024-08-11 19:41:00,ETHUSDT,ask,2630,4998.859
2024-08-11 19:41:00,ETHUSDT,ask,2630,4998.859
2024-08-11 19:41:00,ETHUSDT,ask,2630,4998.847
2024-08-11 19:41:00,ETHUSDT,ask,2630,4998.837
2024-08-11 19:41:00,ETHUSDT,ask,2630,4998.333
2024-08-11 19:41:01,ETHUSDT,ask,2630,4997.326
2024-08-11 19:41:01,ETHUSDT,ask,2630,4784.443
2024-08-11 19:41:01,ETHUSDT,ask,2630,4789.437
2024-08-11 19:41:01,ETHUSDT,ask,2630,4788.506
2024-08-11 19:41:01,ETHUSDT,ask,2630,4788.786
2024-08-11 19:41:01,ETHUSDT,ask,2630,4787.335
2024-08-11 19:41:01,ETHUSDT,ask,2630,4785.431
2024-08-11 19:41:01,ETHUSDT,ask,2630,4785.33
2024-08-11 19:41:01,ETHUSDT,ask,2630,4778.925
2024-08-11 19:41:02,ETHUSDT,ask,2630,4769.539
2024-08-11 19:41:02,ETHUSDT,ask,2630,4769.526
2024-08-11 19:41:02,ETHUSDT,ask,2630,4769.542
2024-08-11 19:41:02,ETHUSDT,ask,2630,4769.558
2024-08-11 19:41:02,ETHUSDT,ask,2630,4769.366
2024-08-11 19:41:02,ETHUSDT,ask,2630,4769.406
2024-08-11 19:41:02,ETHUSDT,ask,2630,4769.415
2024-08-11 19:41:03,ETHUSDT,ask,2630,4764.201
2024-08-11 19:41:03,ETHUSDT,ask,2630,4748.239
2024-08-11 19:41:03,ETHUSDT,ask,2630,4744.411
2024-08-11 19:41:03,ETHUSDT,ask,2630,4748.084
2024-08-11 19:41:03,ETHUSDT,ask,2630,4744.582
2024-08-11 19:41:03,ETHUSDT,ask,2630,4744.159
2024-08-11 19:41:03,ETHUSDT,ask,2630,4744.133
2024-08-11 19:41:03,ETHUSDT,ask,2630,4744.113
2024-08-11 19:41:09,ETHUSDT,ask,2630,4744.103
2024-08-11 19:41:09,ETHUSDT,ask,2630,4743.907
2024-08-11 19:41:13,ETHUSDT,ask,2630,4743.898
2024-08-11 19:41:13,ETHUSDT,ask,2630,4743.898
2024-08-11 19:41:13,ETHUSDT,ask,2630,4743.898
2024-08-11 19:41:15,ETHUSDT,ask,2630,4743.988
2024-08-11 19:41:15,ETHUSDT,ask,2630,4745.394
2024-08-11 19:41:18,ETHUSDT,ask,2630,4743.988
2024-08-11 19:41:21,ETHUSDT,ask,2630,4745.842
2024-08-11 19:41:21,ETHUSDT,ask,2630,4743.988
2024-08-11 19:41:21,ETHUSDT,ask,2630,4756.331
2024-08-11 19:41:21,ETHUSDT,ask,2630,4756.245
2024-08-11 19:41:22,ETHUSDT,ask,2630,4756.245
2024-08-11 19:41:23,ETHUSDT,ask,2630,4756.145
2024-08-11 19:41:26,ETHUSDT,ask,2630,4745.153
2024-08-11 19:41:26,ETHUSDT,ask,2630,4750.831
2024-08-11 19:41:26,ETHUSDT,ask,2630,4750.841
2024-08-11 19:41:26,ETHUSDT,ask,2630,4750.101
2024-08-11 19:41:27,ETHUSDT,ask,2630,4750.671
2024-08-11 19:41:28,ETHUSDT,ask,2630,4756.403
2024-08-11 19:41:29,ETHUSDT,ask,2630,4755.833
2024-08-11 19:41:29,ETHUSDT,ask,2630,4744.427
2024-08-11 19:41:29,ETHUSDT,ask,2630,4744.013
2024-08-11 19:41:35,ETHUSDT,ask,2630,4744.251
2024-08-11 19:41:35,ETHUSDT,ask,2630,4744.013
2024-08-11 19:41:41,ETHUSDT,ask,2630,4757.603
2024-08-11 19:41:41,ETHUSDT,ask,2630,4744.013
2024-08-11 19:41:50,ETHUSDT,ask,2630,4744.574
2024-08-11 19:41:52,ETHUSDT,ask,2730,3786.738
2024-08-11 19:44:20,ETHUSDT,ask,2730,3786.576
2024-08-11 19:44:27,ETHUSDT,ask,2730,3786.594
2024-08-11 19:44:37,ETHUSDT,bid,1950,5128.962
2024-08-11 19:44:37,ETHUSDT,bid,2250,4445.112
2024-08-11 19:45:56,ETHUSDT,ask,2730,3673.522
2024-08-11 19:46:35,ETHUSDT,ask,2730,3786.424
2024-08-11 19:47:23,ETHUSDT,ask,2730,3661.62
2024-08-11 19:50:41,ETHUSDT,ask,2730,3786.412
2024-08-11 19:50:50,ETHUSDT,ask,2730,3673.32
2024-08-11 19:52:26,ETHUSDT,ask,2890,3615.482
2024-08-11 19:53:22,ETHUSDT,bid,1700,6043.719
2024-08-11 19:56:31,ETHUSDT,bid,1960,5130.147
2024-08-11 19:57:59,ETHUSDT,ask,2730,3786.425
2024-08-11 19:59:37,ETHUSDT,bid,1700,6043.749
2024-08-11 19:50:26,ETHUSD_PERP,ask,10200,229068.0
2024-08-11 19:50:28,ETHUSD_PERP,ask,10200,178164.0
2024-08-11 19:50:28,ETHUSD_PERP,ask,2660,158111.0
2024-08-11 19:50:28,ETHUSD_PERP,ask,10200,50896.0
2024-08-11 19:50:28,ETHUSD_PERP,ask,2660,131777.0
2024-08-11 19:50:28,ETHUSD_PERP,ask,10200,76344.0
2024-08-11 19:50:28,ETHUSD_PERP,ask,2650,131444.0
2024-08-11 19:50:28,ETHUSD_PERP,ask,2650,157758.0
2024-08-11 19:50:28,ETHUSD_PERP,ask,2650,183976.0
2024-08-11 19:50:29,ETHUSD_PERP,ask,10200,101792.0
2024-08-11 19:50:29,ETHUSD_PERP,ask,10200,152712.0
2024-08-11 19:50:29,ETHUSD_PERP,ask,10200,127260.0
2024-08-11 19:50:29,ETHUSD_PERP,ask,10200,127240.0
2024-08-11 19:50:29,ETHUSD_PERP,ask,10200,101808.0
2024-08-11 19:50:29,ETHUSD_PERP,ask,10200,152688.0
2024-08-11 19:50:30,ETHUSD_PERP,ask,10200,178136.0
2024-08-11 19:50:30,ETHUSD_PERP,ask,10200,76356.0
2024-08-11 19:50:30,ETHUSD_PERP,ask,10200,50904.0
2024-08-11 19:50:38,ETHUSD_PERP,ask,10200,50860.0
2024-08-11 19:50:38,ETHUSD_PERP,ask,10200,127240.0
2024-08-11 19:50:39,ETHUSD_PERP,ask,10200,76344.0
2024-08-11 19:50:39,ETHUSD_PERP,ask,10200,50856.0
2024-08-11 19:50:41,ETHUSD_PERP,ask,10200,50866.0
2024-08-11 19:50:47,ETHUSD_PERP,ask,2650,123620.0
2024-08-11 19:50:48,ETHUSD_PERP,ask,10200,50878.0
2024-08-11 19:50:49,ETHUSD_PERP,ask,10200,50890.0
2024-08-11 19:50:49,ETHUSD_PERP,ask,10200,76335.0
2024-08-11 19:50:50,ETHUSD_PERP,ask,10200,101780.0
2024-08-11 19:50:50,ETHUSD_PERP,ask,10200,127225.0
2024-08-11 19:50:51,ETHUSD_PERP,ask,10200,152670.0
2024-08-11 19:50:51,ETHUSD_PERP,ask,10200,178115.0
2024-08-11 19:50:56,ETHUSD_PERP,ask,10200,50890.0
2024-08-11 19:50:58,ETHUSD_PERP,ask,10200,76335.0
2024-08-11 19:50:59,ETHUSD_PERP,ask,10200,152670.0
2024-08-11 19:50:59,ETHUSD_PERP,ask,10200,101780.0
2024-08-11 19:50:59,ETHUSD_PERP,ask,10200,127225.0
2024-08-11 19:50:59,ETHUSD_PERP,ask,10200,127225.0
2024-08-11 19:50:59,ETHUSD_PERP,ask,10200,101780.0
2024-08-11 19:50:59,ETHUSD_PERP,ask,10200,152670.0
2024-08-11 19:51:00,ETHUSD_PERP,ask,10200,76335.0
2024-08-11 19:51:00,ETHUSD_PERP,ask,10200,178115.0
2024-08-11 19:51:00,ETHUSD_PERP,ask,10200,50890.0
2024-08-11 19:51:00,ETHUSD_PERP,ask,10200,203560.0
2024-08-11 19:51:00,ETHUSD_PERP,ask,10200,50896.0
2024-08-11 19:51:01,ETHUSD_PERP,ask,10200,229005.0
2024-08-11 19:51:05,ETHUSD_PERP,ask,10200,203560.0
2024-08-11 19:51:08,ETHUSD_PERP,ask,10200,152670.0
2024-08-11 19:51:09,ETHUSD_PERP,ask,10200,127225.0
2024-08-11 19:51:09,ETHUSD_PERP,ask,10200,76335.0
2024-08-11 19:51:09,ETHUSD_PERP,ask,10200,50900.0
2024-08-11 19:51:10,ETHUSD_PERP,ask,10200,50894.0
2024-08-11 19:51:10,ETHUSD_PERP,ask,10200,50890.0
2024-08-11 19:51:10,ETHUSD_PERP,ask,10200,76350.0
2024-08-11 19:51:15,ETHUSD_PERP,ask,10200,50894.0
2024-08-11 19:51:16,ETHUSD_PERP,ask,10200,50894.0
2024-08-11 19:51:18,ETHUSD_PERP,ask,10200,50894.0
2024-08-11 19:51:18,ETHUSD_PERP,ask,10200,50900.0
2024-08-11 19:51:18,ETHUSD_PERP,ask,10200,76341.0
2024-08-11 19:51:19,ETHUSD_PERP,ask,2650,131327.0
2024-08-11 19:51:19,ETHUSD_PERP,ask,2650,157637.0
2024-08-11 19:51:19,ETHUSD_PERP,ask,10200,50896.0
2024-08-11 19:51:20,ETHUSD_PERP,ask,10200,101788.0
2024-08-11 19:51:20,ETHUSD_PERP,ask,10200,76344.0
2024-08-11 19:51:20,ETHUSD_PERP,ask,10200,127235.0
2024-08-11 19:51:20,ETHUSD_PERP,ask,10200,152682.0
2024-08-11 19:51:21,ETHUSD_PERP,ask,10200,127235.0
2024-08-11 19:51:26,ETHUSD_PERP,ask,10200,50864.0
2024-08-11 19:51:28,ETHUSD_PERP,ask,10200,76344.0
2024-08-11 19:51:28,ETHUSD_PERP,ask,10200,50866.0
2024-08-11 19:51:28,ETHUSD_PERP,ask,10200,101788.0
2024-08-11 19:51:28,ETHUSD_PERP,ask,10200,76299.0
2024-08-11 19:51:28,ETHUSD_PERP,ask,10200,76341.0
2024-08-11 19:51:29,ETHUSD_PERP,ask,10200,101732.0
2024-08-11 19:51:29,ETHUSD_PERP,ask,10200,50896.0
2024-08-11 19:51:29,ETHUSD_PERP,ask,10200,152598.0
2024-08-11 19:51:29,ETHUSD_PERP,ask,10200,50894.0
2024-08-11 19:51:30,ETHUSD_PERP,ask,10200,178031.0
2024-08-11 19:51:30,ETHUSD_PERP,ask,10200,203464.0
2024-08-11 19:51:30,ETHUSD_PERP,ask,10200,228897.0
2024-08-11 19:51:31,ETHUSD_PERP,ask,10200,254330.0
2024-08-11 19:51:35,ETHUSD_PERP,ask,10200,50866.0
2024-08-11 19:51:36,ETHUSD_PERP,ask,10200,76299.0
2024-08-11 19:51:38,ETHUSD_PERP,ask,10200,127165.0
2024-08-11 19:51:38,ETHUSD_PERP,ask,10200,203464.0
2024-08-11 19:51:38,ETHUSD_PERP,ask,10200,178031.0
2024-08-11 19:51:38,ETHUSD_PERP,ask,10200,152598.0
2024-08-11 19:51:38,ETHUSD_PERP,ask,2650,131353.0
2024-08-11 19:51:39,ETHUSD_PERP,ask,10200,178031.0
2024-08-11 19:51:39,ETHUSD_PERP,ask,10200,152598.0
2024-08-11 19:51:39,ETHUSD_PERP,ask,10200,203464.0
2024-08-11 19:51:39,ETHUSD_PERP,ask,10200,127165.0
2024-08-11 19:51:40,ETHUSD_PERP,ask,10200,228897.0
2024-08-11 19:51:40,ETHUSD_PERP,ask,10200,101732.0
2024-08-11 19:51:40,ETHUSD_PERP,ask,10200,254330.0
2024-08-11 19:51:40,ETHUSD_PERP,ask,10200,76299.0
2024-08-11 19:51:40,ETHUSD_PERP,ask,10200,50866.0
2024-08-11 19:51:41,ETHUSD_PERP,ask,10200,330629.0
2024-08-11 19:51:42,ETHUSD_PERP,ask,10200,305196.0
2024-08-11 19:51:45,ETHUSD_PERP,ask,10200,279763.0
2024-08-11 19:51:46,ETHUSD_PERP,ask,10200,254330.0
2024-08-11 19:51:46,ETHUSD_PERP,ask,10200,50836.0
2024-08-11 19:51:48,ETHUSD_PERP,ask,10200,203464.0
2024-08-11 19:51:48,ETHUSD_PERP,ask,10200,76254.0
2024-08-11 19:51:48,ETHUSD_PERP,ask,10200,178031.0
2024-08-11 19:51:49,ETHUSD_PERP,ask,10200,50838.0
2024-08-11 19:51:49,ETHUSD_PERP,ask,10200,152598.0
2024-08-11 19:51:50,ETHUSD_PERP,ask,10200,101732.0
2024-08-11 19:51:50,ETHUSD_PERP,ask,10200,50836.0
2024-08-11 19:51:50,ETHUSD_PERP,ask,10200,76299.0
2024-08-11 19:51:50,ETHUSD_PERP,ask,10200,50838.0
2024-08-11 19:51:50,ETHUSD_PERP,ask,10200,50866.0
2024-08-11 19:51:50,ETHUSD_PERP,ask,10200,76257.0
2024-08-11 19:51:51,ETHUSD_PERP,ask,10200,76257.0
2024-08-11 19:51:55,ETHUSD_PERP,ask,10200,50836.0
2024-08-11 19:51:56,ETHUSD_PERP,ask,2650,124758.0
2024-08-11 19:51:56,ETHUSD_PERP,ask,2650,151070.0
2024-08-11 19:51:59,ETHUSD_PERP,ask,10200,50838.0
2024-08-11 19:52:00,ETHUSD_PERP,ask,10200,50850.0
2024-08-11 19:52:00,ETHUSD_PERP,ask,10200,50838.0
2024-08-11 19:52:00,ETHUSD_PERP,ask,10200,76275.0
2024-08-11 19:52:01,ETHUSD_PERP,ask,10200,101700.0
2024-08-11 19:52:01,ETHUSD_PERP,ask,10200,127125.0
2024-08-11 19:52:01,ETHUSD_PERP,ask,10200,50852.0
2024-08-11 19:52:03,ETHUSD_PERP,ask,10200,152550.0
2024-08-11 19:52:06,ETHUSD_PERP,ask,10200,177975.0
2024-08-11 19:52:07,ETHUSD_PERP,ask,10200,50852.0
2024-08-11 19:52:09,ETHUSD_PERP,ask,10200,203400.0
2024-08-11 19:52:10,ETHUSD_PERP,ask,10200,50846.0
2024-08-11 19:52:10,ETHUSD_PERP,ask,10200,177975.0
2024-08-11 19:52:10,ETHUSD_PERP,ask,10200,50846.0
2024-08-11 19:52:10,ETHUSD_PERP,ask,10200,152550.0
2024-08-11 19:52:10,ETHUSD_PERP,ask,10200,76275.0
2024-08-11 19:52:11,ETHUSD_PERP,ask,10200,50840.0
2024-08-11 19:52:11,ETHUSD_PERP,ask,10200,50842.0
2024-08-11 19:52:12,ETHUSD_PERP,ask,10200,50850.0
2024-08-11 19:52:16,ETHUSD_PERP,ask,10200,50842.0
2024-08-11 19:52:18,ETHUSD_PERP,ask,10200,101684.0
2024-08-11 19:52:18,ETHUSD_PERP,ask,10200,127105.0
2024-08-11 19:52:18,ETHUSD_PERP,ask,10200,50846.0
2024-08-11 19:52:20,ETHUSD_PERP,ask,10200,152526.0
2024-08-11 19:52:20,ETHUSD_PERP,ask,10200,50848.0
2024-08-11 19:52:20,ETHUSD_PERP,ask,10200,76272.0
2024-08-11 19:52:20,ETHUSD_PERP,ask,10200,50854.0
2024-08-11 19:52:25,ETHUSD_PERP,ask,10200,127105.0
2024-08-11 19:52:26,ETHUSD_PERP,ask,10200,101684.0
2024-08-11 19:52:28,ETHUSD_PERP,ask,10200,50842.0
2024-08-11 19:52:28,ETHUSD_PERP,ask,10200,50872.0
2024-08-11 19:52:30,ETHUSD_PERP,ask,10200,76308.0
2024-08-11 19:52:30,ETHUSD_PERP,ask,10200,50848.0
2024-08-11 19:52:30,ETHUSD_PERP,ask,10200,101744.0
2024-08-11 19:52:31,ETHUSD_PERP,ask,10200,50878.0
2024-08-11 19:52:32,ETHUSD_PERP,ask,2650,131499.0
2024-08-11 19:52:32,ETHUSD_PERP,ask,10200,50880.0
2024-08-11 19:52:35,ETHUSD_PERP,ask,10200,76320.0
2024-08-11 19:52:36,ETHUSD_PERP,ask,10200,101744.0
2024-08-11 19:52:36,ETHUSD_PERP,ask,10200,101760.0
2024-08-11 19:52:38,ETHUSD_PERP,ask,10200,76308.0
2024-08-11 19:52:38,ETHUSD_PERP,ask,10200,50880.0
2024-08-11 19:52:40,ETHUSD_PERP,ask,10200,50872.0
2024-08-11 19:52:40,ETHUSD_PERP,ask,10200,50882.0
2024-08-11 19:52:40,ETHUSD_PERP,ask,10200,50892.0
2024-08-11 19:52:40,ETHUSD_PERP,ask,10200,50886.0
2024-08-11 19:52:41,ETHUSD_PERP,ask,10200,76320.0
2024-08-11 19:52:41,ETHUSD_PERP,ask,10200,76338.0
2024-08-11 19:52:41,ETHUSD_PERP,ask,10200,101784.0
2024-08-11 19:52:42,ETHUSD_PERP,ask,10200,50880.0
2024-08-11 19:52:47,ETHUSD_PERP,ask,10200,50892.0
2024-08-11 19:52:48,ETHUSD_PERP,ask,10200,50890.0
2024-08-11 19:52:48,ETHUSD_PERP,ask,10200,76335.0
2024-08-11 19:52:48,ETHUSD_PERP,ask,10200,76338.0
2024-08-11 19:52:50,ETHUSD_PERP,ask,10200,76338.0
2024-08-11 19:52:50,ETHUSD_PERP,ask,10200,101784.0
2024-08-11 19:52:50,ETHUSD_PERP,ask,10200,101780.0
2024-08-11 19:52:50,ETHUSD_PERP,ask,10200,127230.0
2024-08-11 19:52:50,ETHUSD_PERP,ask,10200,127225.0
2024-08-11 19:52:50,ETHUSD_PERP,ask,10200,50892.0
2024-08-11 19:52:51,ETHUSD_PERP,ask,10200,178122.0
2024-08-11 19:52:51,ETHUSD_PERP,ask,10200,152670.0
2024-08-11 19:52:52,ETHUSD_PERP,ask,10200,127225.0
2024-08-11 19:52:55,ETHUSD_PERP,ask,10200,152676.0
2024-08-11 19:52:56,ETHUSD_PERP,ask,10200,127230.0
2024-08-11 19:52:58,ETHUSD_PERP,ask,10200,50888.0
2024-08-11 19:52:58,ETHUSD_PERP,ask,10200,101780.0
2024-08-11 19:52:59,ETHUSD_PERP,ask,10200,76332.0
2024-08-11 19:52:59,ETHUSD_PERP,ask,10200,76335.0
2024-08-11 19:52:59,ETHUSD_PERP,ask,10200,101776.0
2024-08-11 19:52:59,ETHUSD_PERP,ask,10200,101784.0
2024-08-11 19:53:00,ETHUSD_PERP,ask,10200,127220.0
2024-08-11 19:53:00,ETHUSD_PERP,ask,10200,50890.0
2024-08-11 19:53:00,ETHUSD_PERP,ask,10200,76338.0
2024-08-11 19:53:00,ETHUSD_PERP,ask,10200,178108.0
2024-08-11 19:53:00,ETHUSD_PERP,ask,10200,50892.0
2024-08-11 19:53:00,ETHUSD_PERP,ask,10200,228996.0
2024-08-11 19:53:01,ETHUSD_PERP,ask,10200,254440.0
2024-08-11 19:53:01,ETHUSD_PERP,ask,10200,279884.0
2024-08-11 19:53:02,ETHUSD_PERP,ask,10200,305328.0
2024-08-11 19:53:05,ETHUSD_PERP,ask,10200,330772.0
2024-08-11 19:53:06,ETHUSD_PERP,ask,10200,305328.0
2024-08-11 19:53:08,ETHUSD_PERP,ask,10200,279884.0
2024-08-11 19:53:08,ETHUSD_PERP,ask,10200,50888.0
2024-08-11 19:53:08,ETHUSD_PERP,ask,10200,254440.0
2024-08-11 19:53:08,ETHUSD_PERP,ask,10200,76332.0
2024-08-11 19:53:09,ETHUSD_PERP,ask,10200,101776.0
2024-08-11 19:53:09,ETHUSD_PERP,ask,10200,228996.0
2024-08-11 19:53:10,ETHUSD_PERP,ask,10200,203552.0
2024-08-11 19:53:10,ETHUSD_PERP,ask,10200,127220.0
2024-08-11 19:53:10,ETHUSD_PERP,ask,10200,178108.0
2024-08-11 19:53:10,ETHUSD_PERP,ask,10200,152664.0
2024-08-11 19:53:10,ETHUSD_PERP,ask,10200,152664.0
2024-08-11 19:53:10,ETHUSD_PERP,ask,10200,178108.0
2024-08-11 19:53:11,ETHUSD_PERP,ask,10200,127220.0
2024-08-11 19:53:11,ETHUSD_PERP,ask,10200,203552.0
2024-08-11 19:53:11,ETHUSD_PERP,ask,10200,228996.0
2024-08-11 19:53:11,ETHUSD_PERP,ask,10200,101776.0
2024-08-11 19:53:12,ETHUSD_PERP,ask,10200,254440.0
2024-08-11 19:53:12,ETHUSD_PERP,ask,10200,76332.0
2024-08-11 19:53:15,ETHUSD_PERP,ask,10200,50888.0
2024-08-11 19:53:15,ETHUSD_PERP,ask,10200,50896.0
2024-08-11 19:53:16,ETHUSD_PERP,ask,10200,76344.0
2024-08-11 19:53:16,ETHUSD_PERP,ask,10200,228996.0
2024-08-11 19:53:16,ETHUSD_PERP,ask,10200,101792.0
2024-08-11 19:53:18,ETHUSD_PERP,ask,10200,178108.0
2024-08-11 19:53:18,ETHUSD_PERP,ask,10200,152688.0
2024-08-11 19:53:19,ETHUSD_PERP,ask,2660,131839.0
2024-08-11 19:53:19,ETHUSD_PERP,ask,10200,152664.0
2024-08-11 19:53:19,ETHUSD_PERP,ask,10200,127240.0
2024-08-11 19:53:20,ETHUSD_PERP,ask,10200,101776.0
2024-08-11 19:53:20,ETHUSD_PERP,ask,10200,152688.0
2024-08-11 19:53:20,ETHUSD_PERP,ask,10200,50904.0
2024-08-11 19:53:20,ETHUSD_PERP,ask,10200,76332.0
2024-08-11 19:53:20,ETHUSD_PERP,ask,10200,76356.0
2024-08-11 19:53:21,ETHUSD_PERP,ask,10200,50888.0
2024-08-11 19:53:21,ETHUSD_PERP,ask,10200,101808.0
2024-08-11 19:53:21,ETHUSD_PERP,ask,10200,127260.0
2024-08-11 19:53:21,ETHUSD_PERP,ask,10200,152940.0
2024-08-11 19:53:22,ETHUSD_PERP,ask,10200,178392.0
2024-08-11 19:53:22,ETHUSD_PERP,ask,2660,122282.0
2024-08-11 19:53:23,ETHUSD_PERP,ask,2660,148621.0
2024-08-11 19:53:25,ETHUSD_PERP,ask,10200,127240.0
2024-08-11 19:53:25,ETHUSD_PERP,ask,10200,101792.0
2024-08-11 19:53:26,ETHUSD_PERP,ask,10200,50896.0
2024-08-11 19:53:26,ETHUSD_PERP,ask,10200,76371.0
2024-08-11 19:53:29,ETHUSD_PERP,ask,10200,152940.0
2024-08-11 19:53:29,ETHUSD_PERP,ask,10200,50918.0
2024-08-11 19:53:30,ETHUSD_PERP,ask,10200,127488.0
2024-08-11 19:53:30,ETHUSD_PERP,ask,10200,101836.0
2024-08-11 19:53:31,ETHUSD_PERP,ask,10200,76584.0
2024-08-11 19:53:31,ETHUSD_PERP,ask,10200,152754.0
2024-08-11 19:53:31,ETHUSD_PERP,ask,10200,51132.0
2024-08-11 19:53:31,ETHUSD_PERP,ask,10200,178213.0
2024-08-11 19:53:32,ETHUSD_PERP,ask,10200,50924.0
2024-08-11 19:53:36,ETHUSD_PERP,ask,10200,50914.0
2024-08-11 19:53:36,ETHUSD_PERP,ask,10200,50922.0
2024-08-11 19:53:36,ETHUSD_PERP,ask,10200,76383.0
2024-08-11 19:53:36,ETHUSD_PERP,ask,10200,101844.0
2024-08-11 19:53:38,ETHUSD_PERP,ask,10200,152754.0
2024-08-11 19:53:38,ETHUSD_PERP,ask,10200,127305.0
2024-08-11 19:53:39,ETHUSD_PERP,ask,10200,127295.0
2024-08-11 19:53:39,ETHUSD_PERP,ask,10200,152766.0
2024-08-11 19:53:40,ETHUSD_PERP,ask,10200,101836.0
2024-08-11 19:53:40,ETHUSD_PERP,ask,10200,178227.0
2024-08-11 19:53:40,ETHUSD_PERP,ask,10200,76377.0
2024-08-11 19:53:40,ETHUSD_PERP,ask,10200,203688.0
2024-08-11 19:53:40,ETHUSD_PERP,ask,10200,50918.0
2024-08-11 19:53:40,ETHUSD_PERP,ask,10200,229149.0
2024-08-11 19:53:41,ETHUSD_PERP,ask,10200,254610.0
2024-08-11 19:53:41,ETHUSD_PERP,ask,10200,280071.0
2024-08-11 19:53:41,ETHUSD_PERP,ask,10200,305532.0
2024-08-11 19:53:42,ETHUSD_PERP,ask,10200,330993.0
2024-08-11 19:53:45,ETHUSD_PERP,ask,10200,305532.0
2024-08-11 19:53:46,ETHUSD_PERP,ask,10200,280071.0
2024-08-11 19:53:46,ETHUSD_PERP,ask,10200,50930.0
2024-08-11 19:53:46,ETHUSD_PERP,ask,10200,254610.0
2024-08-11 19:53:46,ETHUSD_PERP,ask,10200,76395.0
2024-08-11 19:53:47,ETHUSD_PERP,ask,10200,229149.0
2024-08-11 19:53:47,ETHUSD_PERP,ask,10200,101860.0
2024-08-11 19:53:47,ETHUSD_PERP,ask,2660,131663.0
2024-08-11 19:53:48,ETHUSD_PERP,ask,10200,203688.0
2024-08-11 19:53:49,ETHUSD_PERP,ask,10200,178227.0
2024-08-11 19:53:49,ETHUSD_PERP,ask,10200,50942.0
2024-08-11 19:53:50,ETHUSD_PERP,ask,10200,152766.0
2024-08-11 19:53:50,ETHUSD_PERP,ask,10200,76413.0
2024-08-11 19:53:50,ETHUSD_PERP,ask,10200,127305.0
2024-08-11 19:53:50,ETHUSD_PERP,ask,10200,101884.0
2024-08-11 19:53:50,ETHUSD_PERP,ask,10200,101844.0
2024-08-11 19:53:50,ETHUSD_PERP,ask,10200,127355.0
2024-08-11 19:53:51,ETHUSD_PERP,ask,10200,76383.0
2024-08-11 19:53:51,ETHUSD_PERP,ask,10200,152826.0
2024-08-11 19:53:51,ETHUSD_PERP,ask,10200,50922.0
2024-08-11 19:53:51,ETHUSD_PERP,ask,10200,178297.0
2024-08-11 19:53:52,ETHUSD_PERP,ask,10200,203768.0
2024-08-11 19:53:55,ETHUSD_PERP,ask,2660,131973.0
2024-08-11 19:53:55,ETHUSD_PERP,ask,10200,76395.0
2024-08-11 19:53:55,ETHUSD_PERP,ask,10200,50944.0
2024-08-11 19:53:56,ETHUSD_PERP,ask,10200,50930.0
2024-08-11 19:53:59,ETHUSD_PERP,ask,10200,178297.0
2024-08-11 19:53:59,ETHUSD_PERP,ask,10200,152826.0
2024-08-11 19:53:59,ETHUSD_PERP,ask,10200,50972.0
2024-08-11 19:54:00,ETHUSD_PERP,ask,10200,127355.0
2024-08-11 19:54:00,ETHUSD_PERP,ask,10200,76458.0
2024-08-11 19:54:00,ETHUSD_PERP,ask,10200,101884.0
2024-08-11 19:54:00,ETHUSD_PERP,ask,10200,76413.0
2024-08-11 19:54:01,ETHUSD_PERP,ask,10200,50942.0
2024-08-11 19:54:01,ETHUSD_PERP,ask,10200,50972.0
2024-08-11 19:54:01,ETHUSD_PERP,ask,10200,50966.0
2024-08-11 19:54:02,ETHUSD_PERP,ask,10200,50962.0
2024-08-11 19:54:06,ETHUSD_PERP,ask,10200,50976.0
2024-08-11 19:54:06,ETHUSD_PERP,ask,10200,76464.0
2024-08-11 19:54:09,ETHUSD_PERP,ask,10200,50972.0
2024-08-11 19:54:09,ETHUSD_PERP,ask,10200,50976.0
2024-08-11 19:54:09,ETHUSD_PERP,ask,10200,76464.0
2024-08-11 19:54:10,ETHUSD_PERP,ask,10200,101952.0
2024-08-11 19:54:10,ETHUSD_PERP,ask,10200,101952.0
2024-08-11 19:54:10,ETHUSD_PERP,ask,10200,127440.0
2024-08-11 19:54:11,ETHUSD_PERP,ask,10200,152928.0
2024-08-11 19:54:11,ETHUSD_PERP,ask,10200,178416.0
2024-08-11 19:54:12,ETHUSD_PERP,ask,10200,229392.0
2024-08-11 19:54:15,ETHUSD_PERP,ask,10200,203904.0
2024-08-11 19:54:16,ETHUSD_PERP,ask,10200,178416.0
2024-08-11 19:54:16,ETHUSD_PERP,ask,10200,152928.0
2024-08-11 19:54:16,ETHUSD_PERP,ask,10200,50982.0
2024-08-11 19:54:16,ETHUSD_PERP,ask,10200,76464.0
2024-08-11 19:54:16,ETHUSD_PERP,ask,10200,50984.0
2024-08-11 19:54:18,ETHUSD_PERP,bid,2610,141788.0
2024-08-11 19:54:19,ETHUSD_PERP,ask,10200,50976.0
2024-08-11 19:54:19,ETHUSD_PERP,ask,10200,76473.0
2024-08-11 19:54:19,ETHUSD_PERP,ask,10200,101964.0
2024-08-11 19:54:20,ETHUSD_PERP,ask,10200,127440.0
2024-08-11 19:54:20,ETHUSD_PERP,ask,10200,152946.0
2024-08-11 19:54:20,ETHUSD_PERP,ask,10200,101952.0
2024-08-11 19:54:20,ETHUSD_PERP,ask,10200,178437.0
2024-08-11 19:54:21,ETHUSD_PERP,ask,10200,76464.0
2024-08-11 19:54:21,ETHUSD_PERP,ask,10200,203928.0
2024-08-11 19:54:21,ETHUSD_PERP,ask,10200,50976.0
2024-08-11 19:54:21,ETHUSD_PERP,ask,10200,229419.0
2024-08-11 19:54:21,ETHUSD_PERP,ask,10200,254910.0
2024-08-11 19:54:22,ETHUSD_PERP,ask,10200,280401.0
2024-08-11 19:54:25,ETHUSD_PERP,ask,10200,305892.0
2024-08-11 19:54:26,ETHUSD_PERP,ask,10200,280401.0
2024-08-11 19:54:26,ETHUSD_PERP,ask,10200,50976.0
2024-08-11 19:54:26,ETHUSD_PERP,ask,10200,254910.0
2024-08-11 19:54:27,ETHUSD_PERP,ask,10200,280401.0
2024-08-11 19:54:29,ETHUSD_PERP,ask,10200,254910.0
2024-08-11 19:54:29,ETHUSD_PERP,ask,10200,229419.0
2024-08-11 19:54:31,ETHUSD_PERP,ask,10200,152946.0
2024-08-11 19:54:31,ETHUSD_PERP,ask,10200,127455.0
2024-08-11 19:54:31,ETHUSD_PERP,ask,10200,50956.0
2024-08-11 19:54:31,ETHUSD_PERP,ask,10200,101964.0
2024-08-11 19:54:31,ETHUSD_PERP,ask,10200,76422.0
2024-08-11 19:54:31,ETHUSD_PERP,ask,10200,76473.0
2024-08-11 19:54:32,ETHUSD_PERP,ask,10200,50982.0
2024-08-11 19:54:32,ETHUSD_PERP,ask,10200,76434.0
2024-08-11 19:54:34,ETHUSD_PERP,ask,2660,132022.0
2024-08-11 19:54:34,ETHUSD_PERP,ask,2660,131641.0
2024-08-11 19:54:36,ETHUSD_PERP,ask,10200,50962.0
2024-08-11 19:54:37,ETHUSD_PERP,ask,10200,50970.0
2024-08-11 19:54:40,ETHUSD_PERP,ask,10200,50948.0
2024-08-11 19:54:40,ETHUSD_PERP,ask,10200,50970.0
2024-08-11 19:54:40,ETHUSD_PERP,ask,10200,76455.0
2024-08-11 19:54:40,ETHUSD_PERP,ask,10200,101940.0
2024-08-11 19:54:41,ETHUSD_PERP,ask,10200,178395.0
2024-08-11 19:54:42,ETHUSD_PERP,ask,10200,203880.0
2024-08-11 19:54:45,ETHUSD_PERP,ask,10200,229365.0
2024-08-11 19:54:46,ETHUSD_PERP,ask,10200,254850.0
2024-08-11 19:54:46,ETHUSD_PERP,ask,10200,280335.0
2024-08-11 19:54:47,ETHUSD_PERP,ask,10200,305820.0
2024-08-11 19:54:49,ETHUSD_PERP,ask,10200,50966.0
2024-08-11 19:54:49,ETHUSD_PERP,ask,10200,280335.0
2024-08-11 19:54:50,ETHUSD_PERP,ask,10200,76449.0
2024-08-11 19:54:50,ETHUSD_PERP,ask,10200,254850.0
2024-08-11 19:54:50,ETHUSD_PERP,ask,10200,101932.0
2024-08-11 19:54:50,ETHUSD_PERP,ask,10200,229365.0
2024-08-11 19:54:50,ETHUSD_PERP,ask,10200,127415.0
2024-08-11 19:54:50,ETHUSD_PERP,ask,10200,203880.0
2024-08-11 19:54:51,ETHUSD_PERP,ask,10200,178381.0
2024-08-11 19:54:51,ETHUSD_PERP,ask,10200,152910.0
2024-08-11 19:54:51,ETHUSD_PERP,ask,10200,203864.0
2024-08-11 19:54:51,ETHUSD_PERP,ask,10200,127425.0
2024-08-11 19:54:52,ETHUSD_PERP,ask,10200,229347.0
2024-08-11 19:54:52,ETHUSD_PERP,ask,10200,101940.0
2024-08-11 19:54:55,ETHUSD_PERP,ask,10200,254830.0
2024-08-11 19:54:55,ETHUSD_PERP,ask,10200,76455.0
2024-08-11 19:54:56,ETHUSD_PERP,ask,10200,280313.0
2024-08-11 19:54:56,ETHUSD_PERP,ask,10200,50970.0
2024-08-11 19:54:56,ETHUSD_PERP,ask,10200,305796.0
2024-08-11 19:54:57,ETHUSD_PERP,ask,10200,331279.0
2024-08-11 19:54:59,ETHUSD_PERP,ask,10200,305796.0
2024-08-11 19:54:59,ETHUSD_PERP,ask,10200,50956.0
2024-08-11 19:54:59,ETHUSD_PERP,ask,10200,280313.0
2024-08-11 19:55:00,ETHUSD_PERP,ask,10200,76434.0
2024-08-11 19:55:00,ETHUSD_PERP,ask,10200,254830.0
2024-08-11 19:55:00,ETHUSD_PERP,ask,10200,101912.0
2024-08-11 19:55:00,ETHUSD_PERP,ask,10200,229347.0
2024-08-11 19:55:00,ETHUSD_PERP,ask,10200,203864.0
2024-08-11 19:55:01,ETHUSD_PERP,ask,10200,127390.0
2024-08-11 19:55:01,ETHUSD_PERP,ask,10200,178381.0
2024-08-11 19:55:01,ETHUSD_PERP,ask,10200,203824.0
2024-08-11 19:55:01,ETHUSD_PERP,ask,10200,127415.0
2024-08-11 19:55:02,ETHUSD_PERP,ask,10200,101932.0
2024-08-11 19:55:02,ETHUSD_PERP,ask,10200,229302.0
2024-08-11 19:55:05,ETHUSD_PERP,ask,10200,76449.0
2024-08-11 19:55:06,ETHUSD_PERP,ask,10200,50950.0
2024-08-11 19:55:06,ETHUSD_PERP,ask,10200,50966.0
2024-08-11 19:55:06,ETHUSD_PERP,ask,10200,76425.0
2024-08-11 19:55:06,ETHUSD_PERP,ask,2660,117222.0
2024-08-11 19:55:06,ETHUSD_PERP,ask,2660,131568.0
2024-08-11 19:55:07,ETHUSD_PERP,ask,2660,157926.0
2024-08-11 19:55:07,ETHUSD_PERP,ask,2660,143638.0
2024-08-11 19:55:07,ETHUSD_PERP,ask,10200,101900.0
2024-08-11 19:55:09,ETHUSD_PERP,ask,10200,127375.0
2024-08-11 19:55:09,ETHUSD_PERP,ask,10200,203824.0
2024-08-11 19:55:09,ETHUSD_PERP,ask,10200,152850.0
2024-08-11 19:55:09,ETHUSD_PERP,ask,10200,178346.0
2024-08-11 19:55:10,ETHUSD_PERP,ask,10200,152868.0
2024-08-11 19:55:10,ETHUSD_PERP,ask,10200,50950.0
2024-08-11 19:55:10,ETHUSD_PERP,ask,10200,127390.0
2024-08-11 19:55:10,ETHUSD_PERP,ask,10200,101912.0
2024-08-11 19:55:11,ETHUSD_PERP,ask,10200,76425.0
2024-08-11 19:55:11,ETHUSD_PERP,ask,10200,152850.0
2024-08-11 19:55:12,ETHUSD_PERP,ask,10200,178325.0
2024-08-11 19:55:15,ETHUSD_PERP,ask,10200,127375.0
2024-08-11 19:55:15,ETHUSD_PERP,ask,10200,203800.0
2024-08-11 19:55:16,ETHUSD_PERP,ask,10200,101900.0
2024-08-11 19:55:16,ETHUSD_PERP,ask,10200,229275.0
2024-08-11 19:55:16,ETHUSD_PERP,ask,10200,76425.0
2024-08-11 19:55:16,ETHUSD_PERP,ask,10200,254750.0
2024-08-11 19:55:17,ETHUSD_PERP,ask,10200,50950.0
2024-08-11 19:55:17,ETHUSD_PERP,ask,2660,131568.0
2024-08-11 19:55:18,ETHUSD_PERP,ask,2660,117222.0
2024-08-11 19:55:18,ETHUSD_PERP,ask,2660,131768.0
2024-08-11 19:55:19,ETHUSD_PERP,ask,2660,184514.0
2024-08-11 19:55:19,ETHUSD_PERP,ask,2660,131886.0
2024-08-11 19:55:19,ETHUSD_PERP,ask,2660,210760.0
2024-08-11 19:55:20,ETHUSD_PERP,ask,10200,229275.0
2024-08-11 19:55:20,ETHUSD_PERP,ask,10200,203800.0
2024-08-11 19:55:21,ETHUSD_PERP,ask,10200,178325.0
2024-08-11 19:55:21,ETHUSD_PERP,ask,10200,127375.0
2024-08-11 19:55:21,ETHUSD_PERP,ask,10200,101900.0
2024-08-11 19:55:21,ETHUSD_PERP,ask,10200,50978.0
2024-08-11 19:55:21,ETHUSD_PERP,ask,10200,76473.0
2024-08-11 19:55:21,ETHUSD_PERP,ask,10200,102192.0
2024-08-11 19:55:22,ETHUSD_PERP,ask,10200,76425.0
2024-08-11 19:55:22,ETHUSD_PERP,ask,10200,127683.0
2024-08-11 19:55:25,ETHUSD_PERP,ask,10200,50950.0
2024-08-11 19:55:26,ETHUSD_PERP,ask,10300,50984.0
2024-08-11 19:55:26,ETHUSD_PERP,ask,10300,76476.0
2024-08-11 19:55:27,ETHUSD_PERP,ask,10300,101968.0
2024-08-11 19:55:29,ETHUSD_PERP,ask,10300,127460.0
2024-08-11 19:55:29,ETHUSD_PERP,ask,10300,152952.0
2024-08-11 19:55:30,ETHUSD_PERP,ask,10300,178444.0
2024-08-11 19:55:31,ETHUSD_PERP,ask,10200,102192.0
2024-08-11 19:55:31,ETHUSD_PERP,ask,10300,203936.0
2024-08-11 19:55:31,ETHUSD_PERP,ask,10200,51210.0
2024-08-11 19:55:31,ETHUSD_PERP,ask,10300,280412.0
2024-08-11 19:55:31,ETHUSD_PERP,ask,10300,305904.0
2024-08-11 19:55:32,ETHUSD_PERP,ask,10300,331396.0
2024-08-11 19:55:35,ETHUSD_PERP,ask,10300,305904.0
2024-08-11 19:55:36,ETHUSD_PERP,ask,10300,280412.0
2024-08-11 19:55:37,ETHUSD_PERP,ask,10300,254920.0
2024-08-11 19:55:37,ETHUSD_PERP,ask,10300,229428.0
2024-08-11 19:55:37,ETHUSD_PERP,ask,10300,50990.0
2024-08-11 19:55:39,ETHUSD_PERP,ask,10300,203936.0
2024-08-11 19:55:39,ETHUSD_PERP,ask,10300,76485.0
2024-08-11 19:55:40,ETHUSD_PERP,ask,10300,178444.0
2024-08-11 19:55:40,ETHUSD_PERP,ask,10300,101980.0
2024-08-11 19:55:40,ETHUSD_PERP,ask,2660,184478.0
2024-08-11 19:55:40,ETHUSD_PERP,ask,2670,138620.0
2024-08-11 19:55:40,ETHUSD_PERP,ask,2660,210864.0
2024-08-11 19:55:41,ETHUSD_PERP,ask,10300,152952.0
2024-08-11 19:55:41,ETHUSD_PERP,ask,10300,127460.0
2024-08-11 19:55:41,ETHUSD_PERP,ask,10300,50984.0
2024-08-11 19:55:41,ETHUSD_PERP,ask,10300,76497.0
2024-08-11 19:55:41,ETHUSD_PERP,ask,10300,50998.0
2024-08-11 19:55:42,ETHUSD_PERP,ask,10300,101996.0
2024-08-11 19:55:45,ETHUSD_PERP,ask,10300,76485.0
2024-08-11 19:55:45,ETHUSD_PERP,ask,10300,127495.0
2024-08-11 19:55:46,ETHUSD_PERP,ask,10300,152994.0
2024-08-11 19:55:46,ETHUSD_PERP,ask,2670,131779.0
2024-08-11 19:55:46,ETHUSD_PERP,ask,10300,178493.0
2024-08-11 19:55:47,ETHUSD_PERP,ask,10300,50990.0
2024-08-11 19:55:47,ETHUSD_PERP,ask,10300,203992.0
2024-08-11 19:55:49,ETHUSD_PERP,ask,10300,51006.0
2024-08-11 19:55:51,ETHUSD_PERP,ask,10300,178493.0
2024-08-11 19:55:51,ETHUSD_PERP,ask,10300,76509.0
2024-08-11 19:55:51,ETHUSD_PERP,ask,5230,64872.0
2024-08-11 19:55:51,ETHUSD_PERP,ask,10300,127495.0
2024-08-11 19:55:51,ETHUSD_PERP,ask,10300,76530.0
2024-08-11 19:55:51,ETHUSD_PERP,ask,10300,102040.0
2024-08-11 19:55:52,ETHUSD_PERP,ask,10300,101996.0
2024-08-11 19:55:52,ETHUSD_PERP,ask,10300,127550.0
2024-08-11 19:55:54,ETHUSD_PERP,ask,2660,184607.0
2024-08-11 19:55:54,ETHUSD_PERP,ask,2670,132021.0
2024-08-11 19:55:54,ETHUSD_PERP,ask,2660,211006.0
2024-08-11 19:55:55,ETHUSD_PERP,ask,10300,76497.0
2024-08-11 19:55:56,ETHUSD_PERP,ask,10300,50998.0
2024-08-11 19:55:56,ETHUSD_PERP,ask,10300,51028.0
2024-08-11 19:55:57,ETHUSD_PERP,ask,10300,76542.0
2024-08-11 19:55:59,ETHUSD_PERP,ask,10300,51006.0
2024-08-11 19:55:59,ETHUSD_PERP,ask,10300,51030.0
2024-08-11 19:56:01,ETHUSD_PERP,ask,10300,76545.0
2024-08-11 19:56:01,ETHUSD_PERP,ask,10300,102060.0
2024-08-11 19:56:01,ETHUSD_PERP,ask,10300,51020.0
2024-08-11 19:56:01,ETHUSD_PERP,ask,10300,178605.0
2024-08-11 19:56:02,ETHUSD_PERP,ask,10300,51030.0
2024-08-11 19:56:05,ETHUSD_PERP,ask,10300,51028.0
2024-08-11 19:56:05,ETHUSD_PERP,ask,10300,76545.0
2024-08-11 19:56:06,ETHUSD_PERP,ask,10300,102060.0
2024-08-11 19:56:07,ETHUSD_PERP,ask,10300,127575.0
2024-08-11 19:56:09,ETHUSD_PERP,ask,10300,153090.0
2024-08-11 19:56:09,ETHUSD_PERP,ask,10300,153090.0
2024-08-11 19:56:09,ETHUSD_PERP,ask,10300,178605.0
2024-08-11 19:56:09,ETHUSD_PERP,ask,10300,127575.0
2024-08-11 19:56:11,ETHUSD_PERP,ask,10300,204120.0
2024-08-11 19:56:11,ETHUSD_PERP,ask,10300,102060.0
2024-08-11 19:56:11,ETHUSD_PERP,ask,10300,229635.0
2024-08-11 19:56:11,ETHUSD_PERP,ask,10300,76545.0
2024-08-11 19:56:11,ETHUSD_PERP,ask,10300,306180.0
2024-08-11 19:56:12,ETHUSD_PERP,ask,10300,280665.0
2024-08-11 19:56:13,ETHUSD_PERP,ask,10300,51022.0
2024-08-11 19:56:13,ETHUSD_PERP,ask,10300,255150.0
2024-08-11 19:56:16,ETHUSD_PERP,ask,10300,229635.0
2024-08-11 19:56:16,ETHUSD_PERP,ask,10300,204120.0
2024-08-11 19:56:17,ETHUSD_PERP,ask,10300,51018.0
2024-08-11 19:56:17,ETHUSD_PERP,ask,10300,178605.0
2024-08-11 19:56:20,ETHUSD_PERP,ask,10300,51022.0
2024-08-11 19:56:20,ETHUSD_PERP,ask,10300,153090.0
2024-08-11 19:56:20,ETHUSD_PERP,ask,10300,76533.0
2024-08-11 19:56:20,ETHUSD_PERP,ask,10300,102060.0
2024-08-11 19:56:21,ETHUSD_PERP,ask,10300,76545.0
2024-08-11 19:56:21,ETHUSD_PERP,ask,10300,153066.0
2024-08-11 19:56:22,ETHUSD_PERP,ask,10300,178577.0
2024-08-11 19:56:27,ETHUSD_PERP,ask,10300,51040.0
2024-08-11 19:56:27,ETHUSD_PERP,ask,10300,153066.0
2024-08-11 19:56:29,ETHUSD_PERP,ask,10300,127555.0
2024-08-11 19:56:29,ETHUSD_PERP,ask,10300,102044.0
2024-08-11 19:56:29,ETHUSD_PERP,ask,10300,51040.0
2024-08-11 19:56:31,ETHUSD_PERP,ask,10300,76560.0
2024-08-11 19:56:31,ETHUSD_PERP,ask,10300,76560.0
2024-08-11 19:56:31,ETHUSD_PERP,ask,10300,76533.0
2024-08-11 19:56:31,ETHUSD_PERP,ask,10300,102080.0
2024-08-11 19:56:31,ETHUSD_PERP,ask,10300,153120.0
2024-08-11 19:56:32,ETHUSD_PERP,ask,10300,178640.0
2024-08-11 19:56:32,ETHUSD_PERP,ask,10300,204160.0
2024-08-11 19:56:36,ETHUSD_PERP,ask,10300,229680.0
2024-08-11 19:56:36,ETHUSD_PERP,ask,10300,51040.0
2024-08-11 19:56:36,ETHUSD_PERP,ask,10300,255200.0
2024-08-11 19:56:37,ETHUSD_PERP,ask,10300,280720.0
2024-08-11 19:56:37,ETHUSD_PERP,ask,10300,306240.0
2024-08-11 19:56:39,ETHUSD_PERP,ask,10300,280720.0
2024-08-11 19:56:39,ETHUSD_PERP,ask,10300,51028.0
2024-08-11 19:56:39,ETHUSD_PERP,ask,10300,255200.0
2024-08-11 19:56:41,ETHUSD_PERP,ask,10300,76542.0
2024-08-11 19:56:41,ETHUSD_PERP,ask,10300,229680.0
2024-08-11 19:56:41,ETHUSD_PERP,ask,10300,102056.0
2024-08-11 19:56:41,ETHUSD_PERP,ask,10300,178640.0
2024-08-11 19:56:41,ETHUSD_PERP,ask,10300,153084.0
2024-08-11 19:56:41,ETHUSD_PERP,ask,10300,153120.0
2024-08-11 19:56:42,ETHUSD_PERP,ask,10300,178598.0
2024-08-11 19:56:42,ETHUSD_PERP,ask,10300,127600.0
2024-08-11 19:56:42,ETHUSD_PERP,ask,10300,204112.0
2024-08-11 19:56:42,ETHUSD_PERP,ask,10300,102080.0
2024-08-11 19:56:46,ETHUSD_PERP,ask,10300,229626.0
2024-08-11 19:56:46,ETHUSD_PERP,ask,10300,76560.0
2024-08-11 19:56:46,ETHUSD_PERP,ask,10300,255140.0
2024-08-11 19:56:46,ETHUSD_PERP,ask,10300,51040.0
2024-08-11 19:56:47,ETHUSD_PERP,ask,10300,280654.0
2024-08-11 19:56:47,ETHUSD_PERP,ask,10300,306168.0
2024-08-11 19:56:49,ETHUSD_PERP,ask,10300,280654.0
2024-08-11 19:56:49,ETHUSD_PERP,ask,10300,51022.0
2024-08-11 19:56:49,ETHUSD_PERP,ask,10300,255140.0
2024-08-11 19:56:51,ETHUSD_PERP,ask,10300,102044.0
2024-08-11 19:56:51,ETHUSD_PERP,ask,10300,229626.0
2024-08-11 19:56:51,ETHUSD_PERP,ask,10300,153066.0
2024-08-11 19:56:51,ETHUSD_PERP,ask,10300,178598.0
2024-08-11 19:56:52,ETHUSD_PERP,ask,10300,204088.0
2024-08-11 19:56:52,ETHUSD_PERP,ask,10300,127570.0
2024-08-11 19:56:52,ETHUSD_PERP,ask,10300,229599.0
2024-08-11 19:56:52,ETHUSD_PERP,ask,10300,102056.0
2024-08-11 19:56:56,ETHUSD_PERP,ask,10300,76542.0
2024-08-11 19:56:56,ETHUSD_PERP,ask,10300,255110.0
2024-08-11 19:56:56,ETHUSD_PERP,ask,10300,51028.0
2024-08-11 19:56:57,ETHUSD_PERP,ask,10300,51022.0
2024-08-11 19:56:57,ETHUSD_PERP,ask,10300,76533.0
2024-08-11 19:56:59,ETHUSD_PERP,ask,10300,102044.0
2024-08-11 19:56:59,ETHUSD_PERP,ask,10300,229599.0
2024-08-11 19:56:59,ETHUSD_PERP,ask,10300,127555.0
2024-08-11 19:56:59,ETHUSD_PERP,ask,10300,204088.0
2024-08-11 19:57:01,ETHUSD_PERP,ask,10300,153066.0
2024-08-11 19:57:01,ETHUSD_PERP,ask,10300,153066.0
2024-08-11 19:57:01,ETHUSD_PERP,ask,10300,178577.0
2024-08-11 19:57:01,ETHUSD_PERP,ask,10300,204088.0
2024-08-11 19:57:01,ETHUSD_PERP,ask,10300,127555.0
2024-08-11 19:57:02,ETHUSD_PERP,ask,10300,229599.0
2024-08-11 19:57:02,ETHUSD_PERP,ask,10300,76533.0
2024-08-11 19:57:02,ETHUSD_PERP,ask,10300,280621.0
2024-08-11 19:57:02,ETHUSD_PERP,ask,10300,51022.0
2024-08-11 19:57:03,ETHUSD_PERP,ask,10300,306132.0
2024-08-11 19:57:06,ETHUSD_PERP,ask,10300,280621.0
2024-08-11 19:57:06,ETHUSD_PERP,ask,10300,306132.0
2024-08-11 19:57:07,ETHUSD_PERP,ask,10300,255110.0
2024-08-11 19:57:09,ETHUSD_PERP,ask,10300,204088.0
2024-08-11 19:57:09,ETHUSD_PERP,ask,10300,51040.0
2024-08-11 19:57:11,ETHUSD_PERP,ask,10300,178577.0
2024-08-11 19:57:11,ETHUSD_PERP,ask,10300,153066.0
2024-08-11 19:57:11,ETHUSD_PERP,ask,10300,51042.0
2024-08-11 19:57:11,ETHUSD_PERP,ask,10300,102044.0
2024-08-11 19:57:11,ETHUSD_PERP,ask,10300,76563.0
2024-08-11 19:57:12,ETHUSD_PERP,ask,10300,76533.0
2024-08-11 19:57:12,ETHUSD_PERP,ask,10300,51022.0
2024-08-11 19:57:12,ETHUSD_PERP,ask,10300,102084.0
2024-08-11 19:57:16,ETHUSD_PERP,ask,10300,127605.0
2024-08-11 19:57:17,ETHUSD_PERP,ask,10300,153126.0
2024-08-11 19:57:17,ETHUSD_PERP,ask,10300,51048.0
2024-08-11 19:57:19,ETHUSD_PERP,ask,2660,184687.0
2024-08-11 19:57:19,ETHUSD_PERP,ask,2670,132098.0
2024-08-11 19:57:20,ETHUSD_PERP,ask,10300,178647.0
2024-08-11 19:57:22,ETHUSD_PERP,ask,10300,51042.0
2024-08-11 19:57:22,ETHUSD_PERP,ask,10300,153126.0
2024-08-11 19:57:22,ETHUSD_PERP,ask,10300,127605.0
2024-08-11 19:57:22,ETHUSD_PERP,ask,10300,51046.0
2024-08-11 19:57:22,ETHUSD_PERP,ask,10300,102084.0
2024-08-11 19:57:22,ETHUSD_PERP,ask,10300,76563.0
2024-08-11 19:57:22,ETHUSD_PERP,ask,10300,102084.0
2024-08-11 19:57:22,ETHUSD_PERP,ask,10300,76563.0
2024-08-11 19:57:22,ETHUSD_PERP,ask,10300,127605.0
2024-08-11 19:57:23,ETHUSD_PERP,ask,10300,102084.0
2024-08-11 19:57:26,ETHUSD_PERP,ask,10300,127605.0
2024-08-11 19:57:26,ETHUSD_PERP,ask,10300,51042.0
2024-08-11 19:57:27,ETHUSD_PERP,ask,10300,153126.0
2024-08-11 19:57:27,ETHUSD_PERP,ask,10300,178647.0
2024-08-11 19:57:27,ETHUSD_PERP,ask,10300,204168.0
2024-08-11 19:57:30,ETHUSD_PERP,ask,10300,51046.0
2024-08-11 19:57:31,ETHUSD_PERP,ask,10300,178647.0
2024-08-11 19:57:31,ETHUSD_PERP,ask,10300,51040.0
2024-08-11 19:57:32,ETHUSD_PERP,ask,10300,102080.0
2024-08-11 19:57:32,ETHUSD_PERP,ask,10300,153126.0
2024-08-11 19:57:32,ETHUSD_PERP,ask,10300,127605.0
2024-08-11 19:57:32,ETHUSD_PERP,ask,10300,153120.0
2024-08-11 19:57:32,ETHUSD_PERP,ask,10300,102084.0
2024-08-11 19:57:33,ETHUSD_PERP,ask,10300,178640.0
2024-08-11 19:57:36,ETHUSD_PERP,ask,10300,76563.0
2024-08-11 19:57:36,ETHUSD_PERP,ask,10300,204160.0
2024-08-11 19:57:36,ETHUSD_PERP,ask,10300,51042.0
2024-08-11 19:57:36,ETHUSD_PERP,ask,10300,229680.0
2024-08-11 19:57:37,ETHUSD_PERP,ask,10300,280720.0
2024-08-11 19:57:38,ETHUSD_PERP,ask,10300,255200.0
2024-08-11 19:57:39,ETHUSD_PERP,ask,10300,51044.0
2024-08-11 19:57:41,ETHUSD_PERP,ask,10300,229680.0
2024-08-11 19:57:41,ETHUSD_PERP,ask,10300,51281.0
2024-08-11 19:57:41,ETHUSD_PERP,ask,10300,204160.0
2024-08-11 19:57:41,ETHUSD_PERP,ask,10300,76806.0
2024-08-11 19:57:42,ETHUSD_PERP,ask,10300,178640.0
2024-08-11 19:57:42,ETHUSD_PERP,ask,10300,102331.0
2024-08-11 19:57:42,ETHUSD_PERP,ask,10300,153120.0
2024-08-11 19:57:42,ETHUSD_PERP,ask,10300,127600.0
2024-08-11 19:57:42,ETHUSD_PERP,ask,10300,51050.0
2024-08-11 19:57:43,ETHUSD_PERP,ask,10300,102080.0
2024-08-11 19:57:43,ETHUSD_PERP,ask,10300,76575.0
2024-08-11 19:57:46,ETHUSD_PERP,ask,10300,76560.0
2024-08-11 19:57:46,ETHUSD_PERP,ask,10300,102100.0
2024-08-11 19:57:46,ETHUSD_PERP,ask,10300,51040.0
2024-08-11 19:57:46,ETHUSD_PERP,ask,10300,127625.0
2024-08-11 19:57:47,ETHUSD_PERP,ask,10300,153150.0
2024-08-11 19:57:50,ETHUSD_PERP,ask,10300,204200.0
2024-08-11 19:57:50,ETHUSD_PERP,ask,10300,229725.0
2024-08-11 19:57:50,ETHUSD_PERP,ask,10300,255250.0
2024-08-11 19:57:50,ETHUSD_PERP,ask,10300,76575.0
2024-08-11 19:57:51,ETHUSD_PERP,ask,10300,280775.0
2024-08-11 19:57:51,ETHUSD_PERP,ask,10300,51050.0
2024-08-11 19:57:51,ETHUSD_PERP,ask,10300,306300.0
2024-08-11 19:57:52,ETHUSD_PERP,ask,10300,331825.0
2024-08-11 19:57:52,ETHUSD_PERP,ask,10300,306300.0
2024-08-11 19:57:52,ETHUSD_PERP,ask,10300,280775.0
2024-08-11 19:57:53,ETHUSD_PERP,ask,10300,255250.0
2024-08-11 19:57:53,ETHUSD_PERP,ask,10300,51044.0
2024-08-11 19:57:55,ETHUSD_PERP,ask,10300,229725.0
2024-08-11 19:57:56,ETHUSD_PERP,ask,10300,204200.0
2024-08-11 19:57:56,ETHUSD_PERP,ask,10300,178675.0
2024-08-11 19:57:56,ETHUSD_PERP,ask,10300,51050.0
2024-08-11 19:57:57,ETHUSD_PERP,ask,10300,153150.0
2024-08-11 19:57:57,ETHUSD_PERP,ask,10300,51048.0
2024-08-11 19:57:58,ETHUSD_PERP,ask,10300,127625.0
2024-08-11 19:58:00,ETHUSD_PERP,ask,10300,76572.0
2024-08-11 19:58:00,ETHUSD_PERP,ask,10300,102100.0
2024-08-11 19:58:00,ETHUSD_PERP,ask,10300,76575.0
2024-08-11 19:58:00,ETHUSD_PERP,ask,10300,102096.0
2024-08-11 19:58:00,ETHUSD_PERP,ask,10300,127848.0
2024-08-11 19:58:01,ETHUSD_PERP,ask,10300,51050.0
2024-08-11 19:58:02,ETHUSD_PERP,ask,10300,76572.0
2024-08-11 19:58:02,ETHUSD_PERP,ask,10300,102096.0
2024-08-11 19:58:02,ETHUSD_PERP,ask,10300,127620.0
2024-08-11 19:58:03,ETHUSD_PERP,ask,10300,153144.0
2024-08-11 19:58:06,ETHUSD_PERP,ask,10300,178668.0
2024-08-11 19:58:06,ETHUSD_PERP,ask,10300,102324.0
2024-08-11 19:58:06,ETHUSD_PERP,ask,10300,204192.0
2024-08-11 19:58:07,ETHUSD_PERP,ask,10300,229716.0
2024-08-11 19:58:07,ETHUSD_PERP,ask,10300,76800.0
2024-08-11 19:58:10,ETHUSD_PERP,ask,10300,51276.0
2024-08-11 19:58:10,ETHUSD_PERP,ask,10300,255240.0
2024-08-11 19:58:10,ETHUSD_PERP,ask,10300,280764.0
2024-08-11 19:58:11,ETHUSD_PERP,ask,10300,255240.0
2024-08-11 19:58:11,ETHUSD_PERP,ask,10300,51052.0
2024-08-11 19:58:12,ETHUSD_PERP,ask,10300,229716.0
2024-08-11 19:58:12,ETHUSD_PERP,ask,10300,204192.0
2024-08-11 19:58:12,ETHUSD_PERP,ask,10300,76578.0
2024-08-11 19:58:12,ETHUSD_PERP,ask,10300,178668.0
2024-08-11 19:58:12,ETHUSD_PERP,ask,10300,51056.0
2024-08-11 19:58:12,ETHUSD_PERP,ask,10300,153144.0
2024-08-11 19:58:13,ETHUSD_PERP,ask,10300,127620.0
2024-08-11 19:58:13,ETHUSD_PERP,ask,10300,51052.0
2024-08-11 19:58:16,ETHUSD_PERP,ask,10300,102096.0
2024-08-11 19:58:17,ETHUSD_PERP,ask,10300,76572.0
2024-08-11 19:58:17,ETHUSD_PERP,ask,10300,51056.0
2024-08-11 19:58:17,ETHUSD_PERP,ask,10300,51048.0
2024-08-11 19:58:17,ETHUSD_PERP,ask,10300,76578.0
2024-08-11 19:58:20,ETHUSD_PERP,ask,10300,102104.0
2024-08-11 19:58:20,ETHUSD_PERP,ask,10300,127630.0
2024-08-11 19:58:20,ETHUSD_PERP,ask,10300,153156.0
2024-08-11 19:58:20,ETHUSD_PERP,ask,10300,51052.0
2024-08-11 19:58:21,ETHUSD_PERP,ask,10300,178682.0
2024-08-11 19:58:22,ETHUSD_PERP,ask,10300,204208.0
2024-08-11 19:58:22,ETHUSD_PERP,ask,10300,76584.0
2024-08-11 19:58:22,ETHUSD_PERP,ask,10300,102112.0
2024-08-11 19:58:22,ETHUSD_PERP,ask,10300,178682.0
2024-08-11 19:58:23,ETHUSD_PERP,ask,10300,51050.0
2024-08-11 19:58:23,ETHUSD_PERP,ask,10300,153156.0
2024-08-11 19:58:26,ETHUSD_PERP,ask,10300,76584.0
2024-08-11 19:58:26,ETHUSD_PERP,ask,10300,51048.0
2024-08-11 19:58:26,ETHUSD_PERP,ask,10300,51056.0
2024-08-11 19:58:27,ETHUSD_PERP,ask,10300,76575.0
2024-08-11 19:58:27,ETHUSD_PERP,ask,10300,127630.0
2024-08-11 19:58:30,ETHUSD_PERP,ask,10300,102100.0
2024-08-11 19:58:30,ETHUSD_PERP,ask,10300,102104.0
2024-08-11 19:58:30,ETHUSD_PERP,ask,10300,76578.0
2024-08-11 19:58:30,ETHUSD_PERP,ask,10300,127625.0
2024-08-11 19:58:30,ETHUSD_PERP,ask,10300,153150.0
2024-08-11 19:58:30,ETHUSD_PERP,ask,10300,51052.0
2024-08-11 19:58:31,ETHUSD_PERP,ask,10300,178675.0
2024-08-11 19:58:32,ETHUSD_PERP,ask,10300,204200.0
2024-08-11 19:58:32,ETHUSD_PERP,ask,10300,102096.0
2024-08-11 19:58:32,ETHUSD_PERP,ask,10300,178675.0
2024-08-11 19:58:32,ETHUSD_PERP,ask,10300,127620.0
2024-08-11 19:58:33,ETHUSD_PERP,ask,10300,153150.0
2024-08-11 19:58:36,ETHUSD_PERP,ask,10300,51048.0
2024-08-11 19:58:36,ETHUSD_PERP,ask,10300,102096.0
2024-08-11 19:58:37,ETHUSD_PERP,ask,10300,76572.0
2024-08-11 19:58:37,ETHUSD_PERP,ask,10300,76572.0
2024-08-11 19:58:37,ETHUSD_PERP,ask,10300,102096.0
2024-08-11 19:58:37,ETHUSD_PERP,ask,10300,127625.0
2024-08-11 19:58:40,ETHUSD_PERP,ask,10300,102100.0
2024-08-11 19:58:40,ETHUSD_PERP,ask,10300,76560.0
2024-08-11 19:58:42,ETHUSD_PERP,ask,10300,51054.0
2024-08-11 19:58:42,ETHUSD_PERP,ask,10300,102108.0
2024-08-11 19:58:42,ETHUSD_PERP,ask,10300,127635.0
2024-08-11 19:58:43,ETHUSD_PERP,ask,10300,76572.0
2024-08-11 19:58:43,ETHUSD_PERP,ask,10300,153162.0
2024-08-11 19:58:46,ETHUSD_PERP,ask,10300,51048.0
2024-08-11 19:58:46,ETHUSD_PERP,ask,10300,51064.0
2024-08-11 19:58:47,ETHUSD_PERP,ask,10300,76596.0
2024-08-11 19:58:50,ETHUSD_PERP,ask,10300,51040.0
2024-08-11 19:58:50,ETHUSD_PERP,ask,10300,102128.0
2024-08-11 19:58:50,ETHUSD_PERP,ask,10300,127660.0
2024-08-11 19:58:50,ETHUSD_PERP,ask,10300,153192.0
2024-08-11 19:58:52,ETHUSD_PERP,ask,10300,127635.0
2024-08-11 19:58:52,ETHUSD_PERP,ask,10300,178724.0
2024-08-11 19:58:52,ETHUSD_PERP,ask,10300,102108.0
2024-08-11 19:58:52,ETHUSD_PERP,ask,10300,51054.0
2024-08-11 19:58:52,ETHUSD_PERP,ask,10300,51064.0
2024-08-11 19:58:52,ETHUSD_PERP,ask,10300,204256.0
2024-08-11 19:58:52,ETHUSD_PERP,ask,10300,76596.0
2024-08-11 19:58:53,ETHUSD_PERP,ask,10300,102128.0
2024-08-11 19:58:56,ETHUSD_PERP,ask,10300,178724.0
2024-08-11 19:58:56,ETHUSD_PERP,ask,10300,127660.0
2024-08-11 19:58:56,ETHUSD_PERP,ask,10300,153192.0
2024-08-11 19:58:56,ETHUSD_PERP,ask,10300,153192.0
2024-08-11 19:58:57,ETHUSD_PERP,ask,10300,178724.0
2024-08-11 19:58:57,ETHUSD_PERP,ask,10300,127660.0
2024-08-11 19:59:00,ETHUSD_PERP,ask,10300,204256.0
2024-08-11 19:59:00,ETHUSD_PERP,ask,10300,102128.0
2024-08-11 19:59:00,ETHUSD_PERP,ask,10300,76596.0
2024-08-11 19:59:00,ETHUSD_PERP,ask,10300,255320.0
2024-08-11 19:59:00,ETHUSD_PERP,ask,10300,51064.0
2024-08-11 19:59:02,ETHUSD_PERP,ask,10300,280852.0
2024-08-11 19:59:02,ETHUSD_PERP,ask,10300,255320.0
2024-08-11 19:59:02,ETHUSD_PERP,ask,10300,229788.0
2024-08-11 19:59:02,ETHUSD_PERP,ask,10300,76587.0
2024-08-11 19:59:02,ETHUSD_PERP,ask,10300,229788.0
2024-08-11 19:59:03,ETHUSD_PERP,ask,10300,102116.0
2024-08-11 19:59:03,ETHUSD_PERP,ask,10300,204256.0
2024-08-11 19:59:06,ETHUSD_PERP,ask,10300,127645.0
2024-08-11 19:59:06,ETHUSD_PERP,ask,10300,178724.0
2024-08-11 19:59:07,ETHUSD_PERP,ask,10300,153192.0
2024-08-11 19:59:08,ETHUSD_PERP,ask,10300,51050.0
2024-08-11 19:59:08,ETHUSD_PERP,ask,10300,127660.0
2024-08-11 19:59:10,ETHUSD_PERP,ask,10300,76575.0
2024-08-11 19:59:10,ETHUSD_PERP,ask,10300,102128.0
2024-08-11 19:59:10,ETHUSD_PERP,ask,10300,51050.0
2024-08-11 19:59:10,ETHUSD_PERP,ask,10300,76575.0
2024-08-11 19:59:10,ETHUSD_PERP,ask,10300,51064.0
2024-08-11 19:59:10,ETHUSD_PERP,ask,10300,102100.0
2024-08-11 19:59:12,ETHUSD_PERP,ask,10300,102116.0
2024-08-11 19:59:12,ETHUSD_PERP,ask,10300,51042.0
2024-08-11 19:59:12,ETHUSD_PERP,ask,10300,76587.0
2024-08-11 19:59:12,ETHUSD_PERP,ask,10300,76557.0
2024-08-11 19:59:12,ETHUSD_PERP,ask,10300,51058.0
2024-08-11 19:59:13,ETHUSD_PERP,ask,10300,102076.0
2024-08-11 19:59:17,ETHUSD_PERP,ask,10300,51036.0
2024-08-11 19:59:17,ETHUSD_PERP,ask,10300,76575.0
2024-08-11 19:59:17,ETHUSD_PERP,ask,10300,76554.0
2024-08-11 19:59:17,ETHUSD_PERP,ask,10300,51050.0
2024-08-11 19:59:20,ETHUSD_PERP,ask,10300,127590.0
2024-08-11 19:59:22,ETHUSD_PERP,ask,10300,153108.0
2024-08-11 19:59:22,ETHUSD_PERP,ask,10300,178626.0
2024-08-11 19:59:22,ETHUSD_PERP,ask,10300,204144.0
2024-08-11 19:59:22,ETHUSD_PERP,ask,10300,76557.0
2024-08-11 19:59:22,ETHUSD_PERP,ask,10300,229662.0
2024-08-11 19:59:22,ETHUSD_PERP,ask,10300,280698.0
2024-08-11 19:59:23,ETHUSD_PERP,ask,10300,306216.0
2024-08-11 19:59:26,ETHUSD_PERP,ask,10300,280698.0
2024-08-11 19:59:26,ETHUSD_PERP,ask,10300,51032.0
2024-08-11 19:59:26,ETHUSD_PERP,ask,10300,255180.0
2024-08-11 19:59:27,ETHUSD_PERP,ask,10300,76548.0
2024-08-11 19:59:27,ETHUSD_PERP,ask,10300,229662.0
2024-08-11 19:59:30,ETHUSD_PERP,ask,10300,204144.0
2024-08-11 19:59:30,ETHUSD_PERP,ask,10300,127580.0
2024-08-11 19:59:30,ETHUSD_PERP,ask,10300,178626.0
2024-08-11 19:59:32,ETHUSD_PERP,ask,10300,153108.0
2024-08-11 19:59:32,ETHUSD_PERP,ask,10300,178612.0
2024-08-11 19:59:32,ETHUSD_PERP,ask,10300,127590.0
2024-08-11 19:59:32,ETHUSD_PERP,ask,10300,204128.0
