1726704760855,BTCUSDT,bid,61900,1000.324
1726704762379,BTCUSDT,bid,61900,1000.349
1726704766562,BTCUSDT,bid,61900,1000.374
1726704848070,BTCUSDT,bid,61900,1001.041
1726704850005,BTCUSDT,bid,61900,1002.412
1726704850511,BTCUSDT,bid,61900,1002.412
1726704850810,BTCUSDT,bid,61900,1002.362
1726704855541,BTCUSDT,bid,61900,1002.412
1726704856257,BTCUSDT,bid,61900,1002.362
1726704863790,BTCUSDT,bid,61900,1002.461
1726705128102,BTCUSDT,bid,61900,1000.322
1726705128614,BTCUSDT,bid,61900,1000.322
1726705128718,BTCUSDT,bid,61900,1000.302
1726705129938,BTCUSDT,bid,61900,1000.306
1726705130854,BTCUSDT,bid,61900,1000.306
1726705131259,BTCUSDT,bid,61900,1000.538
1726705132487,BTCUSDT,bid,61900,1000.57
1726705132688,BTCUSDT,bid,61900,1000.538
1726705133298,BTCUSDT,bid,61900,1000.306
1726705134206,BTCUSDT,bid,61900,1000.326
1726705135322,BTCUSDT,bid,61900,1000.347
1726705135727,BTCUSDT,bid,61900,1000.327
1726705224843,BTCUSDT,bid,61900,1000.32
1726705225151,BTCUSDT,bid,61900,1000.295
1726705225252,BTCUSDT,bid,61900,1000.275
1726705228103,BTCUSDT,bid,61900,1000.331
1726705246971,BTCUSDT,bid,61900,1000.329
1726705253345,BTCUSDT,bid,61900,1000.392
1726705254267,BTCUSDT,bid,61900,1000.41
1726705264551,BTCUSDT,bid,62000,1005.013
1726705265972,BTCUSDT,bid,62000,1005.026
1726705267309,BTCUSDT,bid,61900,1000.45
1726705267820,BTCUSDT,bid,61900,1000.41
1726705268023,BTCUSDT,bid,62000,1005.024
1726705268326,BTCUSDT,bid,62000,1005.022
1726705269538,BTCUSDT,bid,62000,1004.944
1726705390611,BTCUSDT,bid,47000,852.926
1726705557066,BTCUSDT,bid,62000,1002.355
1726705561368,BTCUSDT,bid,62000,1002.208
1726705563613,BTCUSDT,bid,62000,1002.206
1726705566668,BTCUSDT,bid,62000,1002.246
1726705567075,BTCUSDT,bid,62000,1002.206
1726705575260,BTCUSDT,bid,62100,1012.102
1726705575664,BTCUSDT,bid,62100,1012.262
1726705576170,BTCUSDT,bid,62100,1012.272
1726705577503,BTCUSDT,bid,62100,1012.112
1726705578112,BTCUSDT,bid,62100,1012.172
1726705578317,BTCUSDT,bid,62100,1012.166
1726705579947,BTCUSDT,bid,62000,1002.208
1726705580250,BTCUSDT,bid,62100,1012.126
1726705580771,BTCUSDT,bid,62100,1012.076
1726705581490,BTCUSDT,bid,62100,1012.087
1726705583445,BTCUSDT,bid,62100,1012.076
1726705584060,BTCUSDT,bid,62100,1012.072
1726705584371,BTCUSDT,bid,62100,1011.911
1726705584778,BTCUSDT,bid,62000,1002.206
1726705584778,BTCUSDT,bid,62100,1011.886
1726705586725,BTCUSDT,bid,62100,1011.866
1726705710021,BTCUSDT,bid,62100,1013.993
1726705711139,BTCUSDT,bid,62100,1014.043
1726705711444,BTCUSDT,bid,62100,1013.993
1726705712156,BTCUSDT,bid,62100,1014.043
1726705713372,BTCUSDT,bid,62100,1013.993
1726705716901,BTCUSDT,bid,62100,1014.043
1726705725107,BTCUSDT,bid,62100,1014.13
1726705726330,BTCUSDT,bid,62100,1013.969
1726705726856,BTCUSDT,bid,62100,1013.889
1726705728178,BTCUSDT,bid,62100,1013.911
1726705733584,BTCUSDT,bid,62100,1013.909
1726705734699,BTCUSDT,bid,62100,1013.911
1726705734800,BTCUSDT,bid,62100,1013.909
1726705736222,BTCUSDT,bid,62100,1003.909
1726705898327,BTCUSDT,bid,47000,852.895
1726706013300,BTCUSDT,bid,62100,1008.924
1726706014623,BTCUSDT,bid,62100,1008.949
1726706014825,BTCUSDT,bid,62100,1008.924
1726706014926,BTCUSDT,bid,62100,1008.914
1726706015028,BTCUSDT,bid,62100,1008.889
1726706015230,BTCUSDT,bid,62100,1008.879
1726706016346,BTCUSDT,bid,62100,1008.904
1726706016548,BTCUSDT,bid,62100,1008.879
1726706017662,BTCUSDT,bid,62100,1008.915
1726706020931,BTCUSDT,bid,62100,1008.926
1726706021032,BTCUSDT,bid,62100,1008.976
1726706024007,BTCUSDT,bid,62100,1009.06
1726706025634,BTCUSDT,bid,62100,1009.063
1726706025738,BTCUSDT,bid,62100,1008.979
1726706028678,BTCUSDT,bid,62100,1008.981
1726706029923,BTCUSDT,bid,62100,1008.979
1726706030126,BTCUSDT,bid,62100,1008.981
1726706031136,BTCUSDT,bid,62100,1008.931
1726706032556,BTCUSDT,bid,62100,1008.981
1726706032658,BTCUSDT,bid,62100,1009.153
1726706036219,BTCUSDT,bid,62100,2009.153
1726706038371,BTCUSDT,bid,62100,2009.103
1726706043156,BTCUSDT,bid,62100,1009.103
1726706070719,BTCUSDT,bid,62200,1000.5
1726706075600,BTCUSDT,bid,62200,1000.6
1726706075702,BTCUSDT,bid,62200,1000.646
1726706077131,BTCUSDT,bid,62200,1000.648
1726706077841,BTCUSDT,bid,62200,1001.148
1726706078351,BTCUSDT,bid,62200,1001.495
1726706078657,BTCUSDT,bid,62200,1001.489
1726706078960,BTCUSDT,bid,62200,1001.142
1726706082114,BTCUSDT,bid,62200,1001.136
1726706083130,BTCUSDT,bid,62200,1002.131
1726706089245,BTCUSDT,bid,62200,1001.631
1726706092828,BTCUSDT,bid,62200,1001.667
1726706093443,BTCUSDT,bid,62200,1001.635
1726706093645,BTCUSDT,bid,62200,1001.631
1726706094771,BTCUSDT,bid,62200,1001.681
1726706095588,BTCUSDT,bid,62200,1001.6
1726706096000,BTCUSDT,bid,62200,1001.55
1726706096709,BTCUSDT,bid,62200,1000.555
1726706098847,BTCUSDT,bid,62200,1000.648
1726706099967,BTCUSDT,bid,62200,1000.684
1726706101203,BTCUSDT,bid,62200,1000.648
1726706101304,BTCUSDT,bid,62200,1000.668
1726706102221,BTCUSDT,bid,62200,1000.648
1726706103947,BTCUSDT,bid,62200,1000.669
1726706111076,BTCUSDT,bid,62200,1000.705
1726706111783,BTCUSDT,bid,62200,1000.715
1726706111884,BTCUSDT,bid,62200,1000.725
1726706112496,BTCUSDT,bid,62200,2000.725
1726706113104,BTCUSDT,bid,62200,2000.689
1726706113205,BTCUSDT,bid,62200,2000.689
1726706113410,BTCUSDT,bid,62200,2000.725
1726706113509,BTCUSDT,bid,62200,2000.725
1726706113615,BTCUSDT,bid,62200,2000.725
1726706115542,BTCUSDT,bid,62200,1000.725
1726706116159,BTCUSDT,bid,62200,1000.806
1726706116361,BTCUSDT,bid,62200,1000.856
1726706116458,BTCUSDT,bid,62200,1000.82
1726706375308,BTCUSDT,bid,47000,852.884
1726706448149,BTCUSDT,bid,62200,1000.463
1726706448254,BTCUSDT,bid,62200,1000.467
1726706449584,BTCUSDT,bid,62200,1000.469
1726706450403,BTCUSDT,bid,62200,1000.398
1726706451722,BTCUSDT,bid,62200,1000.396
1726706454671,BTCUSDT,bid,62200,1000.435
1726706462335,BTCUSDT,bid,62200,1000.426
1726706462436,BTCUSDT,bid,62200,1000.564
1726706463975,BTCUSDT,bid,62200,1000.562
1726706464179,BTCUSDT,bid,62200,1000.431
1726706465297,BTCUSDT,bid,62200,1000.434
1726706466207,BTCUSDT,bid,62200,1000.562
1726706466811,BTCUSDT,bid,62200,1000.474
1726706467424,BTCUSDT,bid,62200,1000.436
1726706467931,BTCUSDT,bid,62200,1000.586
1726706468856,BTCUSDT,bid,62200,1000.56
1726706470987,BTCUSDT,bid,62200,1000.589
1726706471703,BTCUSDT,bid,62200,1000.562
1726706473023,BTCUSDT,bid,62200,1004.762
1726706481377,BTCUSDT,bid,62200,1004.765
1726706482089,BTCUSDT,bid,62200,1000.593
1726706484010,BTCUSDT,bid,62200,1004.767
1726706484941,BTCUSDT,bid,62200,1004.797
1726706490424,BTCUSDT,bid,62200,1004.797
1726706491344,BTCUSDT,bid,62200,1004.799
1726706493586,BTCUSDT,bid,62200,1004.499
1726706495946,BTCUSDT,bid,62200,1000.615
1726706496755,BTCUSDT,bid,62200,1004.501
1726706497869,BTCUSDT,bid,62200,1005.938
1726706497970,BTCUSDT,bid,62200,1005.888
1726706498781,BTCUSDT,bid,62200,1000.617
1726706498881,BTCUSDT,bid,62200,1000.615
1726706499079,BTCUSDT,bid,62200,1004.519
1726706500807,BTCUSDT,bid,62200,1000.617
1726706501626,BTCUSDT,bid,62200,1004.521
1726706501827,BTCUSDT,bid,62200,1004.571
1726706502232,BTCUSDT,bid,62200,1004.551
1726706502335,BTCUSDT,bid,62200,1004.549
1726706503251,BTCUSDT,bid,62200,1004.499
1726706504076,BTCUSDT,bid,62200,1004.549
1726706504178,BTCUSDT,bid,62200,1004.549
1726706506116,BTCUSDT,bid,62200,1004.567
1726706506320,BTCUSDT,bid,62200,1004.517
1726706506420,BTCUSDT,bid,62200,1004.517
1726706507945,BTCUSDT,bid,62200,1004.317
1726706508148,BTCUSDT,bid,62200,1004.299
1726706509881,BTCUSDT,bid,62200,1006.571
1726706510285,BTCUSDT,bid,62200,1006.591
1726706511002,BTCUSDT,bid,62200,1000.619
1726706511002,BTCUSDT,bid,62200,1004.319
1726706511710,BTCUSDT,bid,62200,1004.298
1726706512015,BTCUSDT,bid,62200,1007.319
1726706512115,BTCUSDT,bid,62200,1004.298
1726706513026,BTCUSDT,bid,62200,1007.319
1726706513130,BTCUSDT,bid,62200,1004.298
1726706513332,BTCUSDT,bid,62200,1004.321
1726706514046,BTCUSDT,bid,62200,1007.342
1726706514146,BTCUSDT,bid,62200,1004.321
1726706515374,BTCUSDT,bid,62200,1004.296
1726706515477,BTCUSDT,bid,62200,1000.617
1726706515780,BTCUSDT,bid,62200,1004.276
1726706516595,BTCUSDT,bid,62200,1000.68
1726706516595,BTCUSDT,bid,62200,1004.373
1726706517713,BTCUSDT,bid,62200,1004.393
1726706518527,BTCUSDT,bid,62200,1004.418
1726706519037,BTCUSDT,bid,62200,1000.682
1726706519037,BTCUSDT,bid,62200,1004.443
1726706519141,BTCUSDT,bid,62200,1000.729
1726706519343,BTCUSDT,bid,62200,1000.682
1726706519543,BTCUSDT,bid,62200,1004.443
1726706519648,BTCUSDT,bid,62200,1004.456
1726706519954,BTCUSDT,bid,62200,1000.68
1726706520156,BTCUSDT,bid,62200,1001.539
1726706520256,BTCUSDT,bid,62200,1004.431
1726706520661,BTCUSDT,bid,62200,1004.406
1726706520762,BTCUSDT,bid,62200,1004.386
1726707099094,BTCUSDT,bid,62400,1005.417
1726707100610,BTCUSDT,bid,62400,1007.112
1726707101016,BTCUSDT,bid,62400,1005.478
1726707101117,BTCUSDT,bid,62400,1005.478
1726707101627,BTCUSDT,bid,62400,1005.878
1726707140973,BTCUSDT,bid,62300,1001.282
1726707141277,BTCUSDT,bid,62300,1001.272
1726707141480,BTCUSDT,bid,62300,1000.069
1726707141580,BTCUSDT,bid,62300,1000.073
1726707141681,BTCUSDT,bid,62300,1000.078
1726707143506,BTCUSDT,bid,62300,1000.069
1726707145335,BTCUSDT,bid,62300,1000.061
1726707147795,BTCUSDT,bid,62300,1000.049
1726707148806,BTCUSDT,bid,62300,1000.047
1726707153471,BTCUSDT,bid,62300,1000.041
1726707162225,BTCUSDT,bid,62300,1000.043
1726707212883,BTCUSDT,bid,62400,1000.829
1726707212982,BTCUSDT,bid,62400,1000.879
1726707213188,BTCUSDT,bid,62400,1000.869
1726707213701,BTCUSDT,bid,62400,1000.944
1726707214004,BTCUSDT,bid,62400,1000.894
1726707214611,BTCUSDT,bid,62400,1000.954
1726707214717,BTCUSDT,bid,62400,1000.879
1726707216865,BTCUSDT,bid,62400,1000.829
1726707220349,BTCUSDT,bid,62400,1001.175
1726707220554,BTCUSDT,bid,62400,1001.159
1726707221065,BTCUSDT,bid,62400,1000.813
1726707221368,BTCUSDT,bid,62400,1000.813
1726707221470,BTCUSDT,bid,62400,1000.843
1726707223012,BTCUSDT,bid,62400,1000.88
1726707223113,BTCUSDT,bid,62400,1001.249
1726707223316,BTCUSDT,bid,62400,1001.299
1726707225999,BTCUSDT,bid,62400,1001.249
1726707229774,BTCUSDT,bid,62400,1001.285
1726707230289,BTCUSDT,bid,62400,1001.356
1726707231006,BTCUSDT,bid,62400,1001.37
1726707231311,BTCUSDT,bid,62400,1001.299
1726707231719,BTCUSDT,bid,62400,1001.302
1726707232132,BTCUSDT,bid,62400,1001.252
1726707232235,BTCUSDT,bid,62400,1001.254
1726707233255,BTCUSDT,bid,62400,1001.343
1726707233768,BTCUSDT,bid,62400,1001.379
1726707234276,BTCUSDT,bid,62400,1001.315
1726707234378,BTCUSDT,bid,62400,1001.325
1726707234480,BTCUSDT,bid,62400,1001.327
1726707234784,BTCUSDT,bid,62400,1001.329
1726707237053,BTCUSDT,bid,62400,1001.293
1726707238174,BTCUSDT,bid,62400,1001.325
1726707238273,BTCUSDT,bid,62400,1001.293
1726707240109,BTCUSDT,bid,62400,1001.268
1726707240719,BTCUSDT,bid,62400,1001.258
1726707240923,BTCUSDT,bid,62400,1001.706
1726707241435,BTCUSDT,bid,62400,1001.717
1726707241748,BTCUSDT,bid,62400,1001.719
1726707241847,BTCUSDT,bid,62400,1001.771
1726707242454,BTCUSDT,bid,62400,1001.781
1726707360017,BTCUSDT,bid,62400,1008.341
1726707360118,BTCUSDT,bid,62400,1005.32
1726707360933,BTCUSDT,bid,62400,1005.959
1726707361034,BTCUSDT,bid,62400,1008.98
1726707361137,BTCUSDT,bid,62400,1005.959
1726707362048,BTCUSDT,bid,62400,1008.98
1726707362148,BTCUSDT,bid,62400,1005.959
1726707362252,BTCUSDT,bid,62400,1005.939
1726707363064,BTCUSDT,bid,62400,1005.939
1726707364688,BTCUSDT,bid,62400,1005.929
1726707364789,BTCUSDT,bid,62400,1005.927
1726707365295,BTCUSDT,bid,62400,1005.91
1726707365396,BTCUSDT,bid,62400,1005.324
1726704046411,BTCUSD_PERP,bid,61200,544.05
1726704048951,BTCUSD_PERP,bid,61200,545.99
1726704065307,BTCUSD_PERP,bid,61200,544.26
1726704065407,BTCUSD_PERP,bid,61200,604.83
1726704065509,BTCUSD_PERP,bid,61200,664.89
1726704065610,BTCUSD_PERP,bid,61200,724.95
1726704068861,BTCUSD_PERP,bid,61200,664.89
1726704068962,BTCUSD_PERP,bid,61200,604.83
1726704069171,BTCUSD_PERP,bid,61200,544.15
1726704119605,BTCUSD_PERP,bid,61400,545.41
1726704119704,BTCUSD_PERP,bid,61400,605.61
1726704119803,BTCUSD_PERP,bid,61400,681.02
1726704134829,BTCUSD_PERP,bid,61400,499.18
1726704166424,BTCUSD_PERP,bid,61500,545.44
1726704199534,BTCUSD_PERP,bid,61300,606.44
1726704199934,BTCUSD_PERP,bid,61300,606.58
1726704204206,BTCUSD_PERP,bid,61300,605.98
1726704215605,BTCUSD_PERP,bid,47000,2388.82
1726704216613,BTCUSD_PERP,bid,61300,545.25
1726704242552,BTCUSD_PERP,bid,61200,546.03
1726704276268,BTCUSD_PERP,bid,61300,543.61
1726704276469,BTCUSD_PERP,bid,61300,604.3
1726704286031,BTCUSD_PERP,bid,61300,543.61
1726704304500,BTCUSD_PERP,bid,61300,545.04
1726704312734,BTCUSD_PERP,bid,61300,606.06
1726704322774,BTCUSD_PERP,bid,61400,544.6
1726704322877,BTCUSD_PERP,bid,61400,604.78
1726704344953,BTCUSD_PERP,bid,61400,544.0
1726704345260,BTCUSD_PERP,bid,61300,543.75
1726704345363,BTCUSD_PERP,bid,61300,604.51
1726704350452,BTCUSD_PERP,bid,61300,544.69
1726704350773,BTCUSD_PERP,bid,61300,605.42
1726704354704,BTCUSD_PERP,bid,61300,500.42
1726704354704,BTCUSD_PERP,bid,61300,604.21
1726704357051,BTCUSD_PERP,bid,61300,544.1
1726704424787,BTCUSD_PERP,bid,61300,544.88
1726704456423,BTCUSD_PERP,bid,61400,666.3
1726704456520,BTCUSD_PERP,bid,61400,727.11
1726704456625,BTCUSD_PERP,bid,61400,787.92
1726704466624,BTCUSD_PERP,bid,61400,605.49
1726704466721,BTCUSD_PERP,bid,61300,907.72
1726704466927,BTCUSD_PERP,bid,61300,968.49
1726704481816,BTCUSD_PERP,bid,61300,907.72
1726704482015,BTCUSD_PERP,bid,61300,786.8
1726704482121,BTCUSD_PERP,bid,61300,605.11
1726704482223,BTCUSD_PERP,bid,61300,544.96
1726704482630,BTCUSD_PERP,bid,61400,545.35
1726704482732,BTCUSD_PERP,bid,61400,605.54
1726704545299,BTCUSD_PERP,bid,61300,544.45
1726704560863,BTCUSD_PERP,bid,61400,545.93
1726704577257,BTCUSD_PERP,bid,61900,523.17
1726704582386,BTCUSD_PERP,bid,61900,523.73
1726704582788,BTCUSD_PERP,bid,61900,522.17
1726704583808,BTCUSD_PERP,bid,61900,523.64
1726704584003,BTCUSD_PERP,bid,61900,522.17
1726704584214,BTCUSD_PERP,bid,61900,523.7
1726704585236,BTCUSD_PERP,bid,61900,522.17
1726704588615,BTCUSD_PERP,bid,61900,523.61
1726704588714,BTCUSD_PERP,bid,61900,522.17
1726704614592,BTCUSD_PERP,bid,61500,547.01
1726704614803,BTCUSD_PERP,bid,61500,607.32
1726704618029,BTCUSD_PERP,bid,61500,546.39
1726704620362,BTCUSD_PERP,bid,61500,498.43
1726704620769,BTCUSD_PERP,bid,61500,559.41
1726704654824,BTCUSD_PERP,bid,61500,667.84
1726704654929,BTCUSD_PERP,bid,61500,728.16
1726704655030,BTCUSD_PERP,bid,61500,789.1
1726704704929,BTCUSD_PERP,bid,61500,788.05
1726704705133,BTCUSD_PERP,bid,61500,848.96
1726704708408,BTCUSD_PERP,bid,61400,606.48
1726704708508,BTCUSD_PERP,bid,61400,730.41
1726704708705,BTCUSD_PERP,bid,61400,791.28
1726704713841,BTCUSD_PERP,bid,61400,730.41
1726704714045,BTCUSD_PERP,bid,61400,787.1
1726704714247,BTCUSD_PERP,bid,61400,847.93
1726704714348,BTCUSD_PERP,bid,61400,908.15
1726704750858,BTCUSD_PERP,bid,61400,847.93
1726704751366,BTCUSD_PERP,bid,61400,666.05
1726704751469,BTCUSD_PERP,bid,61400,605.22
1726704751672,BTCUSD_PERP,bid,61400,544.39
1726704762103,BTCUSD_PERP,bid,61500,546.36
1726704762204,BTCUSD_PERP,bid,61500,789.39
1726704762305,BTCUSD_PERP,bid,61500,911.11
1726704762514,BTCUSD_PERP,bid,61500,972.02
1726704763240,BTCUSD_PERP,bid,61500,1032.31
1726704799813,BTCUSD_PERP,bid,61500,607.47
1726704799909,BTCUSD_PERP,bid,61500,910.63
1726704817180,BTCUSD_PERP,bid,61500,849.75
1726704817383,BTCUSD_PERP,bid,61500,667.72
1726704817481,BTCUSD_PERP,bid,61500,546.58
1726704910170,BTCUSD_PERP,bid,61500,970.43
1726704915575,BTCUSD_PERP,bid,61500,667.22
1726704915771,BTCUSD_PERP,bid,61500,606.95
1726704915978,BTCUSD_PERP,bid,61500,606.82
1726704916075,BTCUSD_PERP,bid,61500,667.75
1726704916285,BTCUSD_PERP,bid,61500,788.99
1726704916369,BTCUSD_PERP,bid,61500,849.92
1726704916486,BTCUSD_PERP,bid,61500,971.06
1726704916583,BTCUSD_PERP,bid,61500,1092.3
1726704946973,BTCUSD_PERP,bid,61500,606.3
1726704959029,BTCUSD_PERP,bid,61400,726.98
1726704966921,BTCUSD_PERP,bid,61400,498.77
1726704983285,BTCUSD_PERP,bid,61400,726.62
1726704989927,BTCUSD_PERP,bid,61400,666.42
1726704990031,BTCUSD_PERP,bid,61400,665.47
1726705009766,BTCUSD_PERP,bid,61400,545.6
1726705009971,BTCUSD_PERP,bid,61400,606.43
1726705010076,BTCUSD_PERP,bid,61400,667.26
1726705010384,BTCUSD_PERP,bid,61400,728.09
1726705018325,BTCUSD_PERP,bid,61400,607.06
1726705018946,BTCUSD_PERP,bid,61400,849.39
1726705019048,BTCUSD_PERP,bid,61400,970.36
1726705019145,BTCUSD_PERP,bid,61300,530.52
1726705019145,BTCUSD_PERP,bid,61400,1030.54
1726705046366,BTCUSD_PERP,bid,61400,848.17
1726705046466,BTCUSD_PERP,bid,61400,546.06
1726705046670,BTCUSD_PERP,bid,61400,545.6
1726705046774,BTCUSD_PERP,bid,61400,606.43
1726705046981,BTCUSD_PERP,bid,61400,666.63
1726705047186,BTCUSD_PERP,bid,61400,787.67
1726705047289,BTCUSD_PERP,bid,61400,908.71
1726705047397,BTCUSD_PERP,bid,61400,1030.26
1726705047498,BTCUSD_PERP,bid,61400,1090.47
1726705047603,BTCUSD_PERP,bid,61400,1151.3
1726705047703,BTCUSD_PERP,bid,61300,530.63
1726705047801,BTCUSD_PERP,bid,61300,591.35
1726705047801,BTCUSD_PERP,bid,61400,1212.13
1726705053466,BTCUSD_PERP,bid,61400,1224.09
1726705071455,BTCUSD_PERP,bid,61300,530.62
1726705071858,BTCUSD_PERP,bid,61400,1042.22
1726705072161,BTCUSD_PERP,bid,61400,981.39
1726705072367,BTCUSD_PERP,bid,61400,860.36
1726705072466,BTCUSD_PERP,bid,61400,799.53
1726705072564,BTCUSD_PERP,bid,61400,739.32
1726705072671,BTCUSD_PERP,bid,61400,618.28
1726705072869,BTCUSD_PERP,bid,61400,557.45
1726705073381,BTCUSD_PERP,bid,61400,545.22
1726705073477,BTCUSD_PERP,bid,61400,666.34
1726705073586,BTCUSD_PERP,bid,61400,727.21
1726705101769,BTCUSD_PERP,bid,61400,666.97
1726705119205,BTCUSD_PERP,bid,61400,606.1
1726705119716,BTCUSD_PERP,bid,61400,545.23
1726705120432,BTCUSD_PERP,bid,61500,546.2
1726705120745,BTCUSD_PERP,bid,61500,667.4
1726705228028,BTCUSD_PERP,bid,61500,607.11
1726705228129,BTCUSD_PERP,bid,61500,546.2
1726705259522,BTCUSD_PERP,bid,61500,546.85
1726705275392,BTCUSD_PERP,bid,61700,486.32
1726705275481,BTCUSD_PERP,bid,61700,547.42
1726705292129,BTCUSD_PERP,bid,61700,486.94
1726705292232,BTCUSD_PERP,bid,61700,486.58
1726705292337,BTCUSD_PERP,bid,61700,547.71
1726705292444,BTCUSD_PERP,bid,61700,669.97
1726705292544,BTCUSD_PERP,bid,61700,791.61
1726705292646,BTCUSD_PERP,bid,61700,912.63
1726705292746,BTCUSD_PERP,bid,61700,973.76
1726705294678,BTCUSD_PERP,bid,61700,790.99
1726705294878,BTCUSD_PERP,bid,61700,729.86
1726705294979,BTCUSD_PERP,bid,61700,608.84
1726705314251,BTCUSD_PERP,bid,61800,487.97
1726705314351,BTCUSD_PERP,bid,61800,549.2
1726705314551,BTCUSD_PERP,bid,61800,670.42
1726705318417,BTCUSD_PERP,bid,61800,975.32
1726705318727,BTCUSD_PERP,bid,61800,1036.52
1726705337442,BTCUSD_PERP,bid,61800,914.75
1726705337541,BTCUSD_PERP,bid,61800,854.18
1726705337746,BTCUSD_PERP,bid,61800,792.98
1726705337844,BTCUSD_PERP,bid,61800,671.21
1726705337948,BTCUSD_PERP,bid,61800,549.44
1726705337948,BTCUSD_PERP,bid,61800,487.97
1726705338050,BTCUSD_PERP,bid,61800,488.24
1726705338050,BTCUSD_PERP,bid,61800,670.42
1726705338357,BTCUSD_PERP,bid,61800,731.65
1726705338555,BTCUSD_PERP,bid,61800,792.77
1726705338658,BTCUSD_PERP,bid,61800,853.38
1726705338752,BTCUSD_PERP,bid,61800,975.84
1726705338864,BTCUSD_PERP,bid,61700,537.42
1726705338864,BTCUSD_PERP,bid,61800,1037.07
1726705356118,BTCUSD_PERP,bid,61800,976.46
1726705356632,BTCUSD_PERP,bid,61800,915.85
1726705356943,BTCUSD_PERP,bid,61800,733.4
1726705357158,BTCUSD_PERP,bid,61800,672.17
1726705357158,BTCUSD_PERP,bid,61800,486.93
1726705357261,BTCUSD_PERP,bid,61800,489.11
1726705357261,BTCUSD_PERP,bid,61800,548.19
1726705357763,BTCUSD_PERP,bid,61800,488.8
1726705357863,BTCUSD_PERP,bid,61800,550.07
1726705357964,BTCUSD_PERP,bid,61800,611.34
1726705358172,BTCUSD_PERP,bid,61800,672.61
1726705451084,BTCUSD_PERP,bid,61700,488.15
1726705451199,BTCUSD_PERP,bid,61700,549.26
1726705451512,BTCUSD_PERP,bid,61700,549.41
1726705451723,BTCUSD_PERP,bid,61700,549.56
1726705476818,BTCUSD_PERP,bid,61600,487.43
1726705496713,BTCUSD_PERP,bid,61600,487.12
1726705515611,BTCUSD_PERP,bid,61600,547.48
1726705515714,BTCUSD_PERP,bid,61600,608.53
1726705515914,BTCUSD_PERP,bid,61600,669.58
1726705539466,BTCUSD_PERP,bid,61700,486.8
1726705539671,BTCUSD_PERP,bid,61700,547.27
1726705548834,BTCUSD_PERP,bid,61600,486.55
1726705548935,BTCUSD_PERP,bid,61600,547.6
1726705612210,BTCUSD_PERP,bid,61600,486.7
1726705612308,BTCUSD_PERP,bid,61600,547.72
1726705735962,BTCUSD_PERP,bid,61700,486.98
1726705764543,BTCUSD_PERP,bid,61700,668.14
1726705764644,BTCUSD_PERP,bid,61700,729.23
1726705780374,BTCUSD_PERP,bid,61700,545.96
1726705780889,BTCUSD_PERP,bid,61700,547.45
1726705781705,BTCUSD_PERP,bid,61700,607.95
1726705781808,BTCUSD_PERP,bid,61700,669.07
1726705782027,BTCUSD_PERP,bid,61700,729.57
1726705805499,BTCUSD_PERP,bid,61700,669.09
1726705805603,BTCUSD_PERP,bid,61700,608.59
1726705805705,BTCUSD_PERP,bid,61700,548.09
1726705806004,BTCUSD_PERP,bid,61700,486.97
1726705817789,BTCUSD_PERP,bid,61700,486.62
1726705817895,BTCUSD_PERP,bid,61700,547.74
1726705817994,BTCUSD_PERP,bid,61600,533.14
1726705823596,BTCUSD_PERP,bid,61700,486.18
1726705823810,BTCUSD_PERP,bid,61600,532.87
1726705823906,BTCUSD_PERP,bid,61700,547.26
1726705823906,BTCUSD_PERP,ask,62900,482.43
1726705843563,BTCUSD_PERP,bid,61600,532.61
1726705843563,BTCUSD_PERP,bid,61600,547.04
1726705854409,BTCUSD_PERP,bid,61700,546.71
1726705854506,BTCUSD_PERP,bid,61600,532.89
1726705854608,BTCUSD_PERP,bid,61700,607.8
1726705863984,BTCUSD_PERP,bid,61600,547.04
1726705892048,BTCUSD_PERP,bid,61600,487.59
1726705892453,BTCUSD_PERP,bid,61600,546.7
1726705935649,BTCUSD_PERP,bid,61600,487.53
1726705950523,BTCUSD_PERP,bid,61600,546.41
1726705950822,BTCUSD_PERP,bid,61600,607.47
1726705960411,BTCUSD_PERP,bid,61600,546.41
1726706027659,BTCUSD_PERP,bid,61700,486.28
1726706027763,BTCUSD_PERP,bid,61700,546.77
1726706027982,BTCUSD_PERP,bid,61700,607.25
1726706031042,BTCUSD_PERP,bid,61700,546.14
1726706032272,BTCUSD_PERP,bid,61700,547.15
1726706032582,BTCUSD_PERP,bid,61700,608.3
1726706049166,BTCUSD_PERP,bid,61700,486.62
1726706050186,BTCUSD_PERP,bid,61800,487.6
1726706050288,BTCUSD_PERP,bid,61800,548.78
1726706050389,BTCUSD_PERP,bid,61800,669.92
1726706050499,BTCUSD_PERP,bid,61800,731.1
1726706050597,BTCUSD_PERP,bid,61800,792.18
1726706050805,BTCUSD_PERP,bid,61800,853.36
1726706050906,BTCUSD_PERP,bid,61800,913.93
1726706051004,BTCUSD_PERP,bid,61800,974.5
1726706051106,BTCUSD_PERP,bid,61800,1035.68
1726706111527,BTCUSD_PERP,bid,61700,670.03
1726706111628,BTCUSD_PERP,bid,61700,533.52
1726706111628,BTCUSD_PERP,bid,61700,1096.9
1726706111726,BTCUSD_PERP,bid,61700,594.57
1726706111726,BTCUSD_PERP,bid,61700,1158.06
1726706117062,BTCUSD_PERP,bid,61700,608.0
1726706117159,BTCUSD_PERP,bid,61600,534.99
1726706117159,BTCUSD_PERP,bid,61700,1156.84
1726706117462,BTCUSD_PERP,bid,61600,596.01
1726706117462,BTCUSD_PERP,bid,61700,1217.96
1726706131376,BTCUSD_PERP,bid,61600,535.4
1726706131376,BTCUSD_PERP,bid,61700,912.36
1726706131479,BTCUSD_PERP,bid,61700,547.5
1726706131576,BTCUSD_PERP,bid,61700,486.38
1726706132605,BTCUSD_PERP,bid,61700,486.09
1726706132908,BTCUSD_PERP,bid,61700,547.25
1726706179723,BTCUSD_PERP,bid,61700,729.73
1726706179821,BTCUSD_PERP,bid,61700,790.86
1726706180651,BTCUSD_PERP,bid,61700,730.35
1726706180850,BTCUSD_PERP,bid,61700,607.76
1726706181158,BTCUSD_PERP,bid,61700,668.86
1726706305774,BTCUSD_PERP,bid,61600,547.06
1726706423987,BTCUSD_PERP,bid,61800,548.16
1726706424085,BTCUSD_PERP,bid,61800,608.72
1726706424190,BTCUSD_PERP,bid,61800,669.9
1726706424395,BTCUSD_PERP,bid,61800,731.08
1726706424493,BTCUSD_PERP,bid,61800,792.26
1726706439503,BTCUSD_PERP,bid,61800,669.9
1726706440007,BTCUSD_PERP,bid,61800,608.72
1726706440312,BTCUSD_PERP,bid,61800,547.54
1726706440410,BTCUSD_PERP,bid,61800,486.97
1726706441030,BTCUSD_PERP,bid,61800,516.25
1726706441129,BTCUSD_PERP,bid,61800,576.86
1726706441216,BTCUSD_PERP,bid,61800,698.71
1726706441333,BTCUSD_PERP,bid,61800,820.56
1726706441436,BTCUSD_PERP,bid,61800,822.09
1726706472490,BTCUSD_PERP,bid,61800,761.47
1726706472585,BTCUSD_PERP,bid,61800,700.86
1726706472691,BTCUSD_PERP,bid,61800,639.62
1726706472782,BTCUSD_PERP,bid,61800,578.38
1726706473298,BTCUSD_PERP,bid,61800,488.28
1726706473405,BTCUSD_PERP,bid,61800,610.18
1726706473500,BTCUSD_PERP,bid,61800,670.81
1726706473602,BTCUSD_PERP,bid,61800,731.46
1726706496228,BTCUSD_PERP,bid,61800,732.36
1726706498767,BTCUSD_PERP,bid,61800,671.12
1726706498964,BTCUSD_PERP,bid,61800,731.92
1726706565204,BTCUSD_PERP,bid,61800,488.19
1726706565305,BTCUSD_PERP,bid,61800,548.83
1726706565409,BTCUSD_PERP,bid,61800,610.1
1726706565607,BTCUSD_PERP,bid,61800,670.75
1726706636126,BTCUSD_PERP,bid,61800,610.1
1726706636335,BTCUSD_PERP,bid,61800,609.8
1726706636431,BTCUSD_PERP,bid,61800,671.04
1726706656012,BTCUSD_PERP,bid,61800,609.47
1726706656112,BTCUSD_PERP,bid,61800,670.68
1726706694734,BTCUSD_PERP,bid,61800,486.53
1726706695048,BTCUSD_PERP,bid,61800,547.74
1726706711909,BTCUSD_PERP,bid,61800,486.53
1726706713618,BTCUSD_PERP,bid,61800,487.34
1726706713927,BTCUSD_PERP,bid,61800,547.96
1726706753376,BTCUSD_PERP,bid,61800,486.72
1726706753871,BTCUSD_PERP,bid,61800,486.47
1726706793364,BTCUSD_PERP,bid,61700,547.86
1726706816518,BTCUSD_PERP,bid,61700,487.6
1726706816728,BTCUSD_PERP,bid,61700,609.21
1726706816824,BTCUSD_PERP,bid,61700,670.33
1726706817129,BTCUSD_PERP,bid,61700,730.83
1726706817332,BTCUSD_PERP,bid,61700,791.95
1726706817541,BTCUSD_PERP,bid,61700,852.45
1726706817633,BTCUSD_PERP,bid,61700,912.94
1726706827762,BTCUSD_PERP,bid,61700,791.33
1726706827866,BTCUSD_PERP,bid,61700,608.59
1726706828172,BTCUSD_PERP,bid,61700,548.1
1726706900049,BTCUSD_PERP,bid,61800,549.49
1726706900360,BTCUSD_PERP,bid,61800,610.06
1726706900465,BTCUSD_PERP,bid,61800,671.26
1726706962450,BTCUSD_PERP,bid,61800,610.68
1726706962640,BTCUSD_PERP,bid,61800,549.48
1726706962945,BTCUSD_PERP,bid,61800,488.91
1726706963878,BTCUSD_PERP,bid,61700,548.48
1726706964296,BTCUSD_PERP,bid,61700,731.96
1726706964400,BTCUSD_PERP,bid,61700,793.12
1726707008636,BTCUSD_PERP,bid,61700,731.96
1726707008832,BTCUSD_PERP,bid,61700,609.74
1726707008940,BTCUSD_PERP,bid,61700,548.58
1726707009141,BTCUSD_PERP,bid,61700,487.42
1726707010063,BTCUSD_PERP,bid,61800,488.42
1726707010474,BTCUSD_PERP,bid,61800,549.0
1726707010572,BTCUSD_PERP,bid,61800,610.21
1726707010684,BTCUSD_PERP,bid,61800,671.42
1726707046096,BTCUSD_PERP,bid,61800,549.63
1726707046198,BTCUSD_PERP,bid,61800,610.53
1726707046404,BTCUSD_PERP,bid,61800,671.77
1726707059967,BTCUSD_PERP,bid,61800,610.53
1726707060167,BTCUSD_PERP,bid,61800,549.92
1726707100405,BTCUSD_PERP,bid,61900,488.14
1726707100714,BTCUSD_PERP,bid,61900,549.47
1726707127406,BTCUSD_PERP,bid,61900,488.14
1726707148457,BTCUSD_PERP,bid,61900,550.0
1726707148867,BTCUSD_PERP,bid,61900,611.37
1726707148966,BTCUSD_PERP,bid,61900,734.11
1726707164200,BTCUSD_PERP,bid,61900,611.52
1726707164400,BTCUSD_PERP,bid,61900,672.86
1726707186787,BTCUSD_PERP,bid,61900,490.1
1726707186997,BTCUSD_PERP,bid,61900,672.44
1726707187100,BTCUSD_PERP,bid,61900,733.12
1726707193615,BTCUSD_PERP,bid,61900,671.82
1726707214871,BTCUSD_PERP,bid,61900,550.45
1726707214978,BTCUSD_PERP,bid,61900,672.57
1726707215180,BTCUSD_PERP,bid,61900,733.32
1726707215283,BTCUSD_PERP,bid,61900,794.69
1726707336589,BTCUSD_PERP,bid,61900,733.96
1726707336783,BTCUSD_PERP,bid,61900,672.59
1726707337093,BTCUSD_PERP,bid,61900,549.85
1726707337291,BTCUSD_PERP,bid,61900,489.1
1726707337801,BTCUSD_PERP,bid,62000,489.02
1726707337900,BTCUSD_PERP,bid,62000,549.83
1726707346054,BTCUSD_PERP,bid,62000,488.39
1726707346862,BTCUSD_PERP,bid,62000,549.48
1726707351717,BTCUSD_PERP,bid,61900,549.19
1726707360934,BTCUSD_PERP,bid,61900,548.27
1726707367000,BTCUSD_PERP,bid,61800,498.96
1726707369852,BTCUSD_PERP,bid,61800,486.78
1726707381131,BTCUSD_PERP,bid,61800,486.51
1726707398027,BTCUSD_PERP,bid,61800,486.9
1726707398139,BTCUSD_PERP,bid,61800,548.15
1726707412136,BTCUSD_PERP,bid,61800,487.16
1726707420645,BTCUSD_PERP,bid,61800,548.02
1726707428849,BTCUSD_PERP,bid,61700,487.21
1726707470750,BTCUSD_PERP,bid,61700,487.54
1726707506661,BTCUSD_PERP,bid,61700,486.67
1726707506759,BTCUSD_PERP,bid,61700,547.75
1726707531617,BTCUSD_PERP,bid,61700,486.77
1726707531720,BTCUSD_PERP,bid,61600,669.95
1726707531821,BTCUSD_PERP,bid,61600,791.43
1726707580799,BTCUSD_PERP,bid,61600,730.49
1726707580996,BTCUSD_PERP,bid,61600,669.44
1726707581113,BTCUSD_PERP,bid,61600,547.96
1726707581419,BTCUSD_PERP,bid,61700,547.32
1726707581547,BTCUSD_PERP,bid,61700,608.41
1726707581747,BTCUSD_PERP,bid,61700,669.5
1726707582074,BTCUSD_PERP,bid,61700,730.59
1726707582155,BTCUSD_PERP,bid,61700,852.77
1726707594345,BTCUSD_PERP,bid,61700,487.71
