2024-08-19 07:00:59,BTCUSDT,ask,62500,532.655
2024-08-19 07:09:00,BTCUSDT,ask,65000,535.301
2024-08-19 07:03:10,BTCUSD_PERP,bid,57900,571.18
2024-08-19 07:03:30,BTCUSD_PERP,bid,57800,742.02
2024-08-19 07:03:30,BTCUSD_PERP,bid,57800,799.33
2024-08-19 07:03:32,BTCUSD_PERP,bid,57800,569.89
2024-08-19 07:03:32,BTCUSD_PERP,bid,57800,627.17
2024-08-19 07:04:06,BTCUSD_PERP,bid,57700,569.61
2024-08-19 07:04:06,BTCUSD_PERP,bid,57700,626.8
2024-08-19 07:04:26,BTCUSD_PERP,bid,57700,593.93
2024-08-19 07:04:26,BTCUSD_PERP,bid,57700,651.09
2024-08-19 07:05:51,BTCUSD_PERP,bid,57700,569.48
2024-08-19 07:05:51,BTCUSD_PERP,bid,57700,626.67
2024-08-19 07:06:29,BTCUSD_PERP,bid,57800,572.1
2024-08-19 07:06:29,BTCUSD_PERP,bid,57800,628.74
2024-08-19 07:06:30,BTCUSD_PERP,bid,57800,685.38
2024-08-19 07:06:34,BTCUSD_PERP,bid,57800,628.74
2024-08-19 07:06:34,BTCUSD_PERP,bid,57800,572.1
2024-08-19 07:06:42,BTCUSD_PERP,bid,57800,572.31
2024-08-19 07:06:42,BTCUSD_PERP,bid,57800,629.02
2024-08-19 07:06:42,BTCUSD_PERP,bid,57800,686.32
2024-08-19 07:06:43,BTCUSD_PERP,bid,57800,743.03
2024-08-19 07:06:45,BTCUSD_PERP,bid,57800,628.6
2024-08-19 07:06:46,BTCUSD_PERP,bid,57800,685.86
2024-08-19 07:06:52,BTCUSD_PERP,bid,57800,628.6
2024-08-19 07:07:12,BTCUSD_PERP,bid,57800,628.35
2024-08-19 07:07:12,BTCUSD_PERP,bid,57800,685.64
2024-08-19 07:07:29,BTCUSD_PERP,bid,57800,571.64
2024-08-19 07:07:31,BTCUSD_PERP,bid,57900,569.72
2024-08-19 07:07:31,BTCUSD_PERP,bid,57900,684.38
2024-08-19 07:07:31,BTCUSD_PERP,bid,57900,856.37
2024-08-19 07:07:40,BTCUSD_PERP,bid,57900,684.96
2024-08-19 07:07:40,BTCUSD_PERP,bid,57800,570.58
2024-08-19 07:07:40,BTCUSD_PERP,bid,57800,627.88
2024-08-19 07:07:44,BTCUSD_PERP,bid,57800,912.68
2024-08-19 07:07:44,BTCUSD_PERP,bid,57700,556.8
2024-08-19 07:07:44,BTCUSD_PERP,bid,57800,969.95
2024-08-19 07:07:55,BTCUSD_PERP,bid,57800,912.68
2024-08-19 07:07:56,BTCUSD_PERP,bid,57800,856.0
2024-08-19 07:07:56,BTCUSD_PERP,bid,57800,798.73
2024-08-19 07:07:56,BTCUSD_PERP,bid,57800,685.37
2024-08-19 07:07:56,BTCUSD_PERP,bid,57800,628.2
2024-08-19 07:07:57,BTCUSD_PERP,bid,57800,570.58
2024-08-19 07:08:04,BTCUSD_PERP,bid,57800,684.82
2024-08-19 07:08:05,BTCUSD_PERP,bid,57800,742.09
2024-08-19 07:08:48,BTCUSD_PERP,bid,57800,798.36
2024-08-19 07:08:48,BTCUSD_PERP,bid,57800,855.6
2024-08-19 07:09:33,BTCUSD_PERP,bid,57800,741.12
2024-08-19 07:09:34,BTCUSD_PERP,bid,57800,683.88
2024-08-19 07:09:34,BTCUSD_PERP,bid,57800,626.64
2024-08-19 07:09:34,BTCUSD_PERP,bid,57800,569.4
2024-08-19 07:09:34,BTCUSD_PERP,bid,57800,571.53
2024-08-19 07:09:35,BTCUSD_PERP,bid,57800,628.81
2024-08-19 07:09:35,BTCUSD_PERP,bid,57800,742.79
2024-08-19 07:09:35,BTCUSD_PERP,bid,57800,856.77
2024-08-19 07:09:35,BTCUSD_PERP,bid,57800,913.47
2024-08-19 07:10:22,BTCUSD_PERP,bid,57800,742.8
2024-08-19 07:10:26,BTCUSD_PERP,bid,57800,799.33
2024-08-19 07:10:26,BTCUSD_PERP,bid,57800,856.64
2024-08-19 07:10:30,BTCUSD_PERP,bid,57800,743.18
2024-08-19 07:10:30,BTCUSD_PERP,bid,57800,627.16
2024-08-19 07:10:30,BTCUSD_PERP,bid,57800,741.62
2024-08-19 07:10:30,BTCUSD_PERP,bid,57800,798.9
2024-08-19 07:10:55,BTCUSD_PERP,bid,57800,855.59
2024-08-19 07:10:55,BTCUSD_PERP,bid,57800,912.83
