2024-08-25 07:01:40,SOLUSDT,ask,175,34036.0
2024-08-25 07:08:07,SOLUSDT,ask,176,29363.0
2024-08-25 07:08:16,SOLUSDT,ask,176,29362.0
2024-08-25 07:08:52,SOLUSDT,ask,176,29363.0
2024-08-25 07:08:57,SOLUSDT,ask,176,29364.0
2024-08-25 07:09:02,SOLUSDT,ask,176,29363.0
2024-08-25 07:09:06,SOLUSDT,ask,176,29362.0
2024-08-25 07:12:22,SOLUSDT,ask,176,29363.0
2024-08-25 07:12:23,SOLUSDT,ask,176,29364.0
2024-08-25 07:12:24,SOLUSDT,ask,176,29365.0
2024-08-25 07:12:31,SOLUSDT,ask,176,29364.0
2024-08-25 07:12:32,SOLUSDT,ask,176,29363.0
2024-08-25 07:12:33,SOLUSDT,ask,176,29362.0
2024-08-25 07:13:09,SOLUSDT,ask,176,29362.0
2024-08-25 07:28:02,SOLUSDT,ask,178,30183.0
2024-08-25 07:48:19,SOLUSDT,ask,178,30169.0
2024-08-25 07:53:00,SOLUSDT,ask,178,30164.0
2024-08-25 07:59:38,SOLUSDT,ask,175,34029.0
2024-08-25 08:02:03,SOLUSDT,ask,175,34028.0
2024-08-25 08:02:19,SOLUSDT,ask,175,34026.0
2024-08-25 08:14:15,SOLUSDT,ask,176,29363.0
2024-08-25 08:14:38,SOLUSDT,ask,175,34024.0
2024-08-25 08:26:47,SOLUSDT,ask,175,34012.0
2024-08-25 08:37:35,SOLUSDT,ask,175,34005.0
2024-08-25 09:14:30,SOLUSDT,ask,175,34002.0
2024-08-25 09:23:55,SOLUSDT,ask,175,33989.0
2024-08-25 10:24:59,SOLUSDT,ask,175,33984.0
2024-08-25 10:42:47,SOLUSDT,ask,175,33980.0
2024-08-25 10:43:41,SOLUSDT,ask,175,33979.0
2024-08-25 10:54:20,SOLUSDT,ask,176,29364.0
2024-08-25 10:55:27,SOLUSDT,ask,176,29362.0
2024-08-25 11:34:42,SOLUSDT,ask,176,29363.0
2024-08-25 11:35:09,SOLUSDT,ask,176,29362.0
2024-08-25 12:13:12,SOLUSDT,ask,175,33978.0
2024-08-25 12:29:00,SOLUSDT,ask,175,33979.0
2024-08-25 13:22:58,SOLUSDT,ask,175,33980.0
2024-08-25 14:11:30,SOLUSDT,ask,175,33966.0
2024-08-25 14:45:52,SOLUSDT,ask,176,29352.0
2024-08-25 14:49:42,SOLUSDT,ask,175,33964.0
2024-08-25 14:54:12,SOLUSDT,ask,176,29353.0
2024-08-25 14:55:30,SOLUSDT,ask,178,30162.0
2024-08-25 15:00:53,SOLUSDT,ask,175,33962.0
2024-08-25 15:39:41,SOLUSDT,ask,178,30164.0
2024-08-25 15:48:11,SOLUSDT,ask,175,33947.0
2024-08-25 15:56:09,SOLUSDT,ask,175,36269.0
2024-08-25 16:00:59,SOLUSDT,ask,178,30172.0
2024-08-25 16:52:49,SOLUSDT,ask,175,36270.0
2024-08-25 17:06:18,SOLUSDT,ask,175,36289.0
2024-08-25 17:06:18,SOLUSDT,ask,175,36270.0
2024-08-25 17:22:00,SOLUSDT,ask,178,30174.0
2024-08-25 17:28:42,SOLUSDT,ask,175,36269.0
2024-08-25 17:41:23,SOLUSDT,ask,175,36268.0
2024-08-25 17:45:24,SOLUSDT,ask,175,34960.0
2024-08-25 18:05:55,SOLUSDT,ask,178,30172.0
2024-08-25 18:13:05,SOLUSDT,ask,175,34959.0
2024-08-25 18:24:39,SOLUSDT,ask,178,30171.0
2024-08-25 18:30:15,SOLUSDT,ask,175,34958.0
2024-08-25 18:30:16,SOLUSDT,ask,176,29352.0
2024-08-25 18:30:18,SOLUSDT,ask,178,30170.0
2024-08-25 18:32:55,SOLUSDT,ask,175,34959.0
2024-08-25 18:34:22,SOLUSDT,ask,175,32637.0
2024-08-25 18:36:50,SOLUSDT,ask,176,29348.0
2024-08-25 18:38:25,SOLUSDT,ask,175,32675.0
2024-08-25 18:42:08,SOLUSDT,ask,176,29347.0
2024-08-25 18:43:39,SOLUSDT,ask,176,29232.0
2024-08-25 18:55:36,SOLUSDT,ask,175,32674.0
2024-08-25 18:59:03,SOLUSDT,ask,175,32675.0
2024-08-25 18:59:03,SOLUSDT,ask,176,29233.0
2024-08-25 18:59:03,SOLUSDT,ask,178,30171.0
2024-08-25 19:50:39,SOLUSDT,ask,175,32676.0
2024-08-25 20:01:28,SOLUSDT,ask,178,30664.0
2024-08-25 20:11:01,SOLUSDT,ask,158,36113.0
2024-08-25 20:11:01,SOLUSDT,ask,158,36193.0
2024-08-25 20:11:01,SOLUSDT,ask,158,36192.0
2024-08-25 20:11:01,SOLUSDT,ask,158,36223.0
2024-08-25 20:11:02,SOLUSDT,ask,158,36177.0
2024-08-25 20:11:02,SOLUSDT,ask,158,36114.0
2024-08-25 20:11:02,SOLUSDT,ask,158,36114.0
2024-08-25 20:11:03,SOLUSDT,ask,158,36120.0
2024-08-25 20:11:04,SOLUSDT,ask,158,36114.0
2024-08-25 20:11:07,SOLUSDT,ask,158,36117.0
2024-08-25 20:11:07,SOLUSDT,ask,158,36114.0
2024-08-25 20:11:07,SOLUSDT,ask,158,36123.0
2024-08-25 20:11:08,SOLUSDT,ask,158,36178.0
2024-08-25 20:11:08,SOLUSDT,ask,158,36180.0
2024-08-25 20:11:08,SOLUSDT,ask,158,36244.0
2024-08-25 20:11:08,SOLUSDT,ask,158,36233.0
2024-08-25 20:11:08,SOLUSDT,ask,158,36127.0
2024-08-25 20:11:09,SOLUSDT,ask,158,36114.0
2024-08-25 20:11:09,SOLUSDT,ask,158,36114.0
2024-08-25 20:11:09,SOLUSDT,ask,158,36114.0
2024-08-25 20:11:09,SOLUSDT,ask,158,36069.0
2024-08-25 20:11:10,SOLUSDT,ask,158,36088.0
2024-08-25 20:11:10,SOLUSDT,ask,158,36088.0
2024-08-25 20:11:11,SOLUSDT,ask,158,36069.0
2024-08-25 20:11:13,SOLUSDT,ask,158,36094.0
2024-08-25 20:11:13,SOLUSDT,ask,158,36312.0
2024-08-25 20:11:16,SOLUSDT,ask,158,36190.0
2024-08-25 20:11:16,SOLUSDT,ask,158,36113.0
2024-08-25 20:11:18,SOLUSDT,ask,158,36088.0
2024-08-25 20:11:19,SOLUSDT,ask,158,36072.0
2024-08-25 20:11:20,SOLUSDT,ask,158,36069.0
2024-08-25 20:11:22,SOLUSDT,ask,158,36101.0
2024-08-25 20:11:22,SOLUSDT,ask,158,36069.0
2024-08-25 20:11:25,SOLUSDT,ask,158,36101.0
2024-08-25 20:11:25,SOLUSDT,ask,158,36082.0
2024-08-25 20:11:25,SOLUSDT,ask,158,36069.0
2024-08-25 20:11:26,SOLUSDT,ask,158,36070.0
2024-08-25 20:11:28,SOLUSDT,ask,158,36069.0
2024-08-25 20:11:33,SOLUSDT,ask,158,36069.0
2024-08-25 20:11:35,SOLUSDT,ask,158,36073.0
2024-08-25 20:11:35,SOLUSDT,ask,158,36069.0
2024-08-25 20:11:36,SOLUSDT,ask,158,36069.0
2024-08-25 20:11:36,SOLUSDT,ask,158,36073.0
2024-08-25 20:11:36,SOLUSDT,ask,158,36069.0
2024-08-25 20:11:42,SOLUSDT,ask,158,36082.0
2024-08-25 20:11:48,SOLUSDT,ask,158,36075.0
2024-08-25 20:11:50,SOLUSDT,ask,158,36076.0
2024-08-25 20:12:02,SOLUSDT,ask,158,36090.0
2024-08-25 20:12:02,SOLUSDT,ask,158,36089.0
2024-08-25 20:12:08,SOLUSDT,ask,158,36075.0
2024-08-25 20:12:23,SOLUSDT,ask,175,32678.0
2024-08-25 20:12:24,SOLUSDT,ask,158,36085.0
2024-08-25 20:13:05,SOLUSDT,ask,158,36088.0
2024-08-25 20:13:16,SOLUSDT,ask,158,36099.0
2024-08-25 20:13:16,SOLUSDT,ask,158,36088.0
2024-08-25 20:13:18,SOLUSDT,ask,158,36174.0
2024-08-25 20:13:18,SOLUSDT,ask,158,36089.0
2024-08-25 20:13:18,SOLUSDT,ask,158,36100.0
2024-08-25 20:13:18,SOLUSDT,ask,158,36090.0
2024-08-25 20:13:19,SOLUSDT,ask,158,36216.0
2024-08-25 20:13:19,SOLUSDT,ask,158,36216.0
2024-08-25 20:13:19,SOLUSDT,ask,158,36260.0
2024-08-25 20:13:20,SOLUSDT,ask,158,36229.0
2024-08-25 20:13:20,SOLUSDT,ask,158,36216.0
2024-08-25 20:13:21,SOLUSDT,ask,158,36242.0
2024-08-25 20:13:21,SOLUSDT,ask,158,36242.0
2024-08-25 20:13:21,SOLUSDT,ask,158,36241.0
2024-08-25 20:13:21,SOLUSDT,ask,158,36250.0
2024-08-25 20:13:22,SOLUSDT,ask,158,36205.0
2024-08-25 20:13:23,SOLUSDT,ask,158,36205.0
2024-08-25 20:13:27,SOLUSDT,ask,158,36208.0
2024-08-25 20:13:28,SOLUSDT,ask,158,36365.0
2024-08-25 20:13:28,SOLUSDT,ask,158,36208.0
2024-08-25 20:13:28,SOLUSDT,ask,158,36205.0
2024-08-25 20:13:37,SOLUSDT,ask,158,36227.0
2024-08-25 20:13:38,SOLUSDT,ask,158,36205.0
2024-08-25 20:13:38,SOLUSDT,ask,158,36227.0
2024-08-25 20:13:38,SOLUSDT,ask,158,36205.0
2024-08-25 20:13:39,SOLUSDT,ask,158,36240.0
2024-08-25 20:13:39,SOLUSDT,ask,158,36255.0
2024-08-25 20:13:39,SOLUSDT,ask,158,36252.0
2024-08-25 20:13:43,SOLUSDT,ask,158,36069.0
2024-08-25 20:13:43,SOLUSDT,ask,158,36101.0
2024-08-25 20:13:43,SOLUSDT,ask,158,35868.0
2024-08-25 20:13:43,SOLUSDT,ask,158,35902.0
2024-08-25 20:13:43,SOLUSDT,ask,158,35903.0
2024-08-25 20:13:43,SOLUSDT,ask,158,35894.0
2024-08-25 20:13:43,SOLUSDT,ask,158,35901.0
2024-08-25 20:13:44,SOLUSDT,ask,158,35902.0
2024-08-25 20:13:44,SOLUSDT,ask,158,35896.0
2024-08-25 20:13:44,SOLUSDT,ask,158,35897.0
2024-08-25 20:13:45,SOLUSDT,ask,158,35903.0
2024-08-25 20:13:45,SOLUSDT,ask,158,35903.0
2024-08-25 20:13:45,SOLUSDT,ask,158,35899.0
2024-08-25 20:13:45,SOLUSDT,ask,158,35905.0
2024-08-25 20:13:46,SOLUSDT,ask,158,35904.0
2024-08-25 20:13:46,SOLUSDT,ask,158,35898.0
2024-08-25 20:13:47,SOLUSDT,ask,158,35897.0
2024-08-25 20:13:47,SOLUSDT,ask,158,35895.0
2024-08-25 20:13:47,SOLUSDT,ask,158,35898.0
2024-08-25 20:13:48,SOLUSDT,ask,158,35899.0
2024-08-25 20:13:49,SOLUSDT,ask,158,35897.0
2024-08-25 20:13:49,SOLUSDT,ask,158,35902.0
2024-08-25 20:13:49,SOLUSDT,ask,158,35905.0
2024-08-25 20:13:49,SOLUSDT,ask,158,35906.0
2024-08-25 20:13:49,SOLUSDT,ask,158,35901.0
2024-08-25 20:13:49,SOLUSDT,ask,158,35905.0
2024-08-25 20:13:49,SOLUSDT,ask,158,35903.0
2024-08-25 20:13:50,SOLUSDT,ask,158,35901.0
2024-08-25 20:13:50,SOLUSDT,ask,158,35898.0
2024-08-25 20:13:50,SOLUSDT,ask,158,35899.0
2024-08-25 20:13:51,SOLUSDT,ask,158,35916.0
2024-08-25 20:13:51,SOLUSDT,ask,158,35914.0
2024-08-25 20:13:51,SOLUSDT,ask,158,35915.0
2024-08-25 20:13:51,SOLUSDT,ask,158,35802.0
2024-08-25 20:13:51,SOLUSDT,ask,158,35784.0
2024-08-25 20:13:52,SOLUSDT,ask,158,35764.0
2024-08-25 20:13:52,SOLUSDT,ask,158,35759.0
2024-08-25 20:13:52,SOLUSDT,ask,158,35763.0
2024-08-25 20:13:52,SOLUSDT,ask,158,35748.0
2024-08-25 20:13:53,SOLUSDT,ask,158,35686.0
2024-08-25 20:13:53,SOLUSDT,ask,158,35681.0
2024-08-25 20:13:53,SOLUSDT,ask,158,35673.0
2024-08-25 20:13:53,SOLUSDT,ask,158,35676.0
2024-08-25 20:13:53,SOLUSDT,ask,158,35670.0
2024-08-25 20:13:53,SOLUSDT,ask,158,35673.0
2024-08-25 20:13:53,SOLUSDT,ask,158,35633.0
2024-08-25 20:13:54,SOLUSDT,ask,158,35613.0
2024-08-25 20:13:54,SOLUSDT,ask,158,35610.0
2024-08-25 20:13:54,SOLUSDT,ask,158,35622.0
2024-08-25 20:13:55,SOLUSDT,ask,158,35619.0
2024-08-25 20:13:55,SOLUSDT,ask,158,35621.0
2024-08-25 20:13:56,SOLUSDT,ask,158,35620.0
2024-08-25 20:13:56,SOLUSDT,ask,158,35617.0
2024-08-25 20:13:56,SOLUSDT,ask,158,35611.0
2024-08-25 20:13:56,SOLUSDT,ask,158,35618.0
2024-08-25 20:13:58,SOLUSDT,ask,158,35568.0
2024-08-25 20:13:58,SOLUSDT,ask,158,35570.0
2024-08-25 20:13:59,SOLUSDT,ask,158,35561.0
2024-08-25 20:13:59,SOLUSDT,ask,158,35547.0
2024-08-25 20:13:59,SOLUSDT,ask,158,35544.0
2024-08-25 20:13:59,SOLUSDT,ask,158,35543.0
2024-08-25 20:14:00,SOLUSDT,ask,158,35540.0
2024-08-25 20:14:00,SOLUSDT,ask,158,35543.0
2024-08-25 20:14:00,SOLUSDT,ask,158,35544.0
2024-08-25 20:14:00,SOLUSDT,ask,158,35541.0
2024-08-25 20:14:00,SOLUSDT,ask,158,35545.0
2024-08-25 20:14:01,SOLUSDT,ask,158,35544.0
2024-08-25 20:14:02,SOLUSDT,ask,158,35543.0
2024-08-25 20:14:02,SOLUSDT,ask,175,32675.0
2024-08-25 20:14:03,SOLUSDT,ask,158,35540.0
2024-08-25 20:14:03,SOLUSDT,ask,158,35499.0
2024-08-25 20:14:03,SOLUSDT,ask,158,35486.0
2024-08-25 20:14:03,SOLUSDT,ask,158,35574.0
2024-08-25 20:14:03,SOLUSDT,ask,158,35573.0
2024-08-25 20:14:03,SOLUSDT,ask,158,35571.0
2024-08-25 20:14:04,SOLUSDT,ask,158,35545.0
2024-08-25 20:14:04,SOLUSDT,ask,158,35527.0
2024-08-25 20:14:04,SOLUSDT,ask,158,35549.0
2024-08-25 20:14:04,SOLUSDT,ask,158,35551.0
2024-08-25 20:14:04,SOLUSDT,ask,158,35544.0
2024-08-25 20:14:04,SOLUSDT,ask,158,35539.0
2024-08-25 20:14:04,SOLUSDT,ask,158,35531.0
2024-08-25 20:14:05,SOLUSDT,ask,158,35530.0
2024-08-25 20:14:05,SOLUSDT,ask,158,35486.0
2024-08-25 20:14:05,SOLUSDT,ask,158,35390.0
2024-08-25 20:14:05,SOLUSDT,ask,158,35389.0
2024-08-25 20:14:05,SOLUSDT,ask,158,35383.0
2024-08-25 20:14:05,SOLUSDT,ask,158,35384.0
2024-08-25 20:14:06,SOLUSDT,ask,158,35386.0
2024-08-25 20:14:06,SOLUSDT,ask,158,35382.0
2024-08-25 20:14:07,SOLUSDT,ask,158,35397.0
2024-08-25 20:14:07,SOLUSDT,ask,158,35400.0
2024-08-25 20:14:08,SOLUSDT,ask,158,35400.0
2024-08-25 20:14:08,SOLUSDT,ask,158,35401.0
2024-08-25 20:14:08,SOLUSDT,ask,158,35353.0
2024-08-25 20:14:09,SOLUSDT,ask,158,35359.0
2024-08-25 20:14:09,SOLUSDT,ask,158,35453.0
2024-08-25 20:14:09,SOLUSDT,ask,158,35438.0
2024-08-25 20:14:09,SOLUSDT,ask,158,35475.0
2024-08-25 20:14:09,SOLUSDT,ask,158,35438.0
2024-08-25 20:14:09,SOLUSDT,ask,158,35435.0
2024-08-25 20:14:09,SOLUSDT,ask,158,35437.0
2024-08-25 20:14:10,SOLUSDT,ask,158,35435.0
2024-08-25 20:14:10,SOLUSDT,ask,158,35440.0
2024-08-25 20:14:10,SOLUSDT,ask,158,35445.0
2024-08-25 20:14:10,SOLUSDT,ask,158,35455.0
2024-08-25 20:14:11,SOLUSDT,ask,158,35449.0
2024-08-25 20:14:13,SOLUSDT,ask,158,35434.0
2024-08-25 20:14:15,SOLUSDT,ask,158,35466.0
2024-08-25 20:14:15,SOLUSDT,ask,158,35464.0
2024-08-25 20:14:17,SOLUSDT,ask,158,35459.0
2024-08-25 20:14:18,SOLUSDT,ask,158,35446.0
2024-08-25 20:14:19,SOLUSDT,ask,158,35432.0
2024-08-25 20:14:21,SOLUSDT,ask,158,35434.0
2024-08-25 20:14:23,SOLUSDT,ask,158,35426.0
2024-08-25 20:14:23,SOLUSDT,ask,158,35425.0
2024-08-25 20:14:23,SOLUSDT,ask,158,35405.0
2024-08-25 20:14:23,SOLUSDT,ask,158,35392.0
2024-08-25 20:14:27,SOLUSDT,ask,158,35392.0
2024-08-25 20:14:38,SOLUSDT,ask,158,35394.0
2024-08-25 20:14:40,SOLUSDT,ask,158,35396.0
2024-08-25 20:14:41,SOLUSDT,ask,158,35409.0
2024-08-25 20:14:44,SOLUSDT,ask,175,32676.0
2024-08-25 20:14:47,SOLUSDT,ask,158,35407.0
2024-08-25 20:14:47,SOLUSDT,ask,158,35392.0
2024-08-25 20:14:47,SOLUSDT,ask,158,35395.0
2024-08-25 20:14:49,SOLUSDT,ask,158,35404.0
2024-08-25 20:14:50,SOLUSDT,ask,158,35401.0
2024-08-25 20:14:51,SOLUSDT,ask,158,35399.0
2024-08-25 20:14:52,SOLUSDT,ask,158,35390.0
2024-08-25 20:15:00,SOLUSDT,ask,158,35393.0
2024-08-25 20:15:01,SOLUSDT,ask,158,35338.0
2024-08-25 20:15:02,SOLUSDT,ask,158,35370.0
2024-08-25 20:15:02,SOLUSDT,ask,158,35338.0
2024-08-25 20:15:03,SOLUSDT,ask,158,35335.0
2024-08-25 20:15:10,SOLUSDT,ask,158,35346.0
2024-08-25 20:15:10,SOLUSDT,ask,158,35337.0
2024-08-25 20:15:10,SOLUSDT,ask,158,35335.0
2024-08-25 20:15:10,SOLUSDT,ask,158,35337.0
2024-08-25 20:15:11,SOLUSDT,ask,158,35335.0
2024-08-25 20:15:12,SOLUSDT,ask,158,35337.0
2024-08-25 20:15:13,SOLUSDT,ask,158,35339.0
2024-08-25 20:15:13,SOLUSDT,ask,158,35433.0
2024-08-25 20:15:14,SOLUSDT,ask,158,35339.0
2024-08-25 20:15:14,SOLUSDT,ask,158,35335.0
2024-08-25 20:15:14,SOLUSDT,ask,158,35338.0
2024-08-25 20:15:19,SOLUSDT,ask,158,35335.0
2024-08-25 20:15:19,SOLUSDT,ask,158,35337.0
2024-08-25 20:15:20,SOLUSDT,ask,158,35335.0
2024-08-25 20:15:21,SOLUSDT,ask,158,35337.0
2024-08-25 20:15:22,SOLUSDT,ask,158,35339.0
2024-08-25 20:15:23,SOLUSDT,ask,158,35335.0
2024-08-25 20:15:24,SOLUSDT,ask,158,35338.0
2024-08-25 20:15:26,SOLUSDT,ask,158,35335.0
2024-08-25 20:15:32,SOLUSDT,ask,158,35461.0
2024-08-25 20:15:32,SOLUSDT,ask,158,35335.0
2024-08-25 20:15:34,SOLUSDT,ask,158,35341.0
2024-08-25 20:15:34,SOLUSDT,ask,158,35344.0
2024-08-25 20:15:37,SOLUSDT,ask,158,35346.0
2024-08-25 20:15:39,SOLUSDT,ask,158,35313.0
2024-08-25 20:15:39,SOLUSDT,ask,158,35314.0
2024-08-25 20:15:49,SOLUSDT,ask,158,35308.0
2024-08-25 20:16:21,SOLUSDT,ask,158,35315.0
2024-08-25 20:16:22,SOLUSDT,ask,158,35308.0
2024-08-25 20:16:23,SOLUSDT,ask,158,35311.0
2024-08-25 20:16:31,SOLUSDT,ask,158,35307.0
2024-08-25 20:16:34,SOLUSDT,ask,158,35310.0
2024-08-25 20:16:34,SOLUSDT,ask,158,35307.0
2024-08-25 20:16:56,SOLUSDT,ask,158,35307.0
2024-08-25 20:17:03,SOLUSDT,ask,158,35307.0
2024-08-25 20:17:17,SOLUSDT,ask,158,35311.0
2024-08-25 20:17:22,SOLUSDT,ask,158,35307.0
2024-08-25 20:17:42,SOLUSDT,ask,158,35311.0
2024-08-25 20:17:42,SOLUSDT,ask,158,35307.0
2024-08-25 20:17:43,SOLUSDT,ask,158,35311.0
2024-08-25 20:17:44,SOLUSDT,ask,158,35351.0
2024-08-25 20:17:44,SOLUSDT,ask,158,35357.0
2024-08-25 20:17:44,SOLUSDT,ask,158,35307.0
2024-08-25 20:17:46,SOLUSDT,ask,158,35357.0
2024-08-25 20:17:47,SOLUSDT,ask,158,35307.0
2024-08-25 20:17:49,SOLUSDT,ask,158,35531.0
2024-08-25 20:17:49,SOLUSDT,ask,158,35307.0
2024-08-25 20:17:49,SOLUSDT,ask,158,35308.0
2024-08-25 20:17:49,SOLUSDT,ask,158,35312.0
2024-08-25 20:17:53,SOLUSDT,ask,158,35308.0
2024-08-25 20:17:56,SOLUSDT,ask,158,35352.0
2024-08-25 20:17:56,SOLUSDT,ask,158,35308.0
2024-08-25 20:17:58,SOLUSDT,ask,158,35310.0
2024-08-25 20:18:07,SOLUSDT,ask,158,35308.0
2024-08-25 20:18:07,SOLUSDT,ask,158,35339.0
2024-08-25 20:18:07,SOLUSDT,ask,158,35307.0
2024-08-25 20:18:09,SOLUSDT,ask,158,35262.0
2024-08-25 20:18:10,SOLUSDT,ask,158,35262.0
2024-08-25 20:18:11,SOLUSDT,ask,158,35294.0
2024-08-25 20:18:11,SOLUSDT,ask,158,35262.0
2024-08-25 20:18:14,SOLUSDT,ask,158,35266.0
2024-08-25 20:18:14,SOLUSDT,ask,158,35262.0
2024-08-25 20:18:15,SOLUSDT,ask,158,35266.0
2024-08-25 20:18:15,SOLUSDT,ask,158,35262.0
2024-08-25 20:18:15,SOLUSDT,ask,158,35268.0
2024-08-25 20:18:16,SOLUSDT,ask,158,35262.0
2024-08-25 20:18:17,SOLUSDT,ask,158,35268.0
2024-08-25 20:18:17,SOLUSDT,ask,158,35262.0
2024-08-25 20:18:17,SOLUSDT,ask,158,35268.0
2024-08-25 20:18:18,SOLUSDT,ask,158,35262.0
2024-08-25 20:18:18,SOLUSDT,ask,158,35268.0
2024-08-25 20:18:19,SOLUSDT,ask,158,35262.0
2024-08-25 20:18:20,SOLUSDT,ask,158,35268.0
2024-08-25 20:18:20,SOLUSDT,ask,158,35262.0
2024-08-25 20:18:21,SOLUSDT,ask,158,35262.0
2024-08-25 20:18:21,SOLUSDT,ask,158,35268.0
2024-08-25 20:18:21,SOLUSDT,ask,158,35262.0
2024-08-25 20:18:22,SOLUSDT,ask,158,34811.0
2024-08-25 20:18:22,SOLUSDT,ask,158,34871.0
2024-08-25 20:18:22,SOLUSDT,ask,158,34877.0
2024-08-25 20:18:22,SOLUSDT,ask,158,35035.0
2024-08-25 20:18:22,SOLUSDT,ask,158,35041.0
2024-08-25 20:18:22,SOLUSDT,ask,158,35200.0
2024-08-25 20:18:22,SOLUSDT,ask,158,35202.0
2024-08-25 20:18:22,SOLUSDT,ask,158,35044.0
2024-08-25 20:18:23,SOLUSDT,ask,158,35045.0
2024-08-25 20:18:23,SOLUSDT,ask,158,35019.0
2024-08-25 20:18:23,SOLUSDT,ask,158,35025.0
2024-08-25 20:18:23,SOLUSDT,ask,158,34867.0
2024-08-25 20:18:23,SOLUSDT,ask,158,34873.0
2024-08-25 20:18:23,SOLUSDT,ask,158,34867.0
2024-08-25 20:18:23,SOLUSDT,ask,158,34853.0
2024-08-25 20:18:24,SOLUSDT,ask,158,34832.0
2024-08-25 20:18:24,SOLUSDT,ask,158,34838.0
2024-08-25 20:18:24,SOLUSDT,ask,158,34838.0
2024-08-25 20:18:24,SOLUSDT,ask,158,34841.0
2024-08-25 20:18:24,SOLUSDT,ask,158,34844.0
2024-08-25 20:18:24,SOLUSDT,ask,158,34882.0
2024-08-25 20:18:25,SOLUSDT,ask,158,34861.0
2024-08-25 20:18:25,SOLUSDT,ask,158,34867.0
2024-08-25 20:18:25,SOLUSDT,ask,158,34861.0
2024-08-25 20:18:25,SOLUSDT,ask,158,34855.0
2024-08-25 20:18:26,SOLUSDT,ask,158,34849.0
2024-08-25 20:18:26,SOLUSDT,ask,158,34846.0
2024-08-25 20:18:26,SOLUSDT,ask,158,34846.0
2024-08-25 20:18:26,SOLUSDT,ask,158,34851.0
2024-08-25 20:18:26,SOLUSDT,ask,158,34813.0
2024-08-25 20:18:26,SOLUSDT,ask,158,34801.0
2024-08-25 20:18:27,SOLUSDT,ask,158,34801.0
2024-08-25 20:18:27,SOLUSDT,ask,158,34353.0
2024-08-25 20:18:27,SOLUSDT,ask,158,34359.0
2024-08-25 20:18:27,SOLUSDT,ask,158,34353.0
2024-08-25 20:18:27,SOLUSDT,ask,158,34359.0
2024-08-25 20:18:28,SOLUSDT,ask,158,34356.0
2024-08-25 20:18:28,SOLUSDT,ask,158,34350.0
2024-08-25 20:18:28,SOLUSDT,ask,158,34340.0
2024-08-25 20:18:28,SOLUSDT,ask,158,34337.0
2024-08-25 20:18:29,SOLUSDT,ask,158,34337.0
2024-08-25 20:18:29,SOLUSDT,ask,158,34327.0
2024-08-25 20:18:29,SOLUSDT,ask,158,34324.0
2024-08-25 20:18:29,SOLUSDT,ask,158,34383.0
2024-08-25 20:18:30,SOLUSDT,ask,158,34384.0
2024-08-25 20:18:30,SOLUSDT,ask,158,34408.0
2024-08-25 20:18:30,SOLUSDT,ask,158,34402.0
2024-08-25 20:18:30,SOLUSDT,ask,158,32289.0
2024-08-25 20:18:30,SOLUSDT,ask,158,32292.0
2024-08-25 20:18:31,SOLUSDT,ask,158,32290.0
2024-08-25 20:18:31,SOLUSDT,ask,158,32283.0
2024-08-25 20:18:31,SOLUSDT,ask,158,32292.0
2024-08-25 20:18:31,SOLUSDT,ask,158,32315.0
2024-08-25 20:18:32,SOLUSDT,ask,158,32321.0
2024-08-25 20:18:32,SOLUSDT,ask,158,32315.0
2024-08-25 20:18:32,SOLUSDT,ask,158,32318.0
2024-08-25 20:18:32,SOLUSDT,ask,158,32317.0
2024-08-25 20:18:32,SOLUSDT,ask,158,32318.0
2024-08-25 20:18:33,SOLUSDT,ask,158,32338.0
2024-08-25 20:18:33,SOLUSDT,ask,158,32337.0
2024-08-25 20:18:33,SOLUSDT,ask,158,32403.0
2024-08-25 20:18:34,SOLUSDT,ask,158,32287.0
2024-08-25 20:18:34,SOLUSDT,ask,158,32266.0
2024-08-25 20:18:34,SOLUSDT,ask,158,32235.0
2024-08-25 20:18:34,SOLUSDT,ask,158,32229.0
2024-08-25 20:18:34,SOLUSDT,ask,158,32224.0
2024-08-25 20:18:35,SOLUSDT,ask,158,32218.0
2024-08-25 20:18:35,SOLUSDT,ask,158,32212.0
2024-08-25 20:18:35,SOLUSDT,ask,158,32206.0
2024-08-25 20:18:35,SOLUSDT,ask,158,32163.0
2024-08-25 20:18:35,SOLUSDT,ask,158,32165.0
2024-08-25 20:18:36,SOLUSDT,ask,158,32161.0
2024-08-25 20:18:37,SOLUSDT,ask,158,32011.0
2024-08-25 20:18:37,SOLUSDT,ask,158,32009.0
2024-08-25 20:18:39,SOLUSDT,ask,158,32001.0
2024-08-25 20:18:39,SOLUSDT,ask,158,31995.0
2024-08-25 20:18:39,SOLUSDT,ask,158,31869.0
2024-08-25 20:18:39,SOLUSDT,ask,158,31863.0
2024-08-25 20:18:39,SOLUSDT,ask,158,31857.0
2024-08-25 20:18:39,SOLUSDT,ask,158,31851.0
2024-08-25 20:18:40,SOLUSDT,ask,158,31845.0
2024-08-25 20:18:40,SOLUSDT,ask,158,31838.0
2024-08-25 20:21:13,SOLUSDT,ask,175,32675.0
2024-08-25 20:22:32,SOLUSDT,ask,178,30656.0
2024-08-25 20:24:57,SOLUSDT,ask,175,32694.0
2024-08-25 20:25:30,SOLUSDT,ask,176,29229.0
2024-08-25 20:25:38,SOLUSDT,ask,178,30658.0
2024-08-25 20:54:21,SOLUSDT,ask,178,30669.0
2024-08-25 21:01:55,SOLUSDT,ask,175,32814.0
2024-08-25 21:12:57,SOLUSDT,ask,176,29249.0
2024-08-25 21:22:01,SOLUSDT,ask,176,29194.0
2024-08-25 21:43:04,SOLUSDT,ask,175,32776.0
2024-08-25 21:50:48,SOLUSDT,ask,176,29197.0
2024-08-25 21:52:26,SOLUSDT,ask,176,29194.0
2024-08-25 22:08:13,SOLUSDT,ask,175,32777.0
2024-08-25 22:10:17,SOLUSDT,ask,175,32776.0
2024-08-25 22:23:45,SOLUSDT,ask,176,28512.0
2024-08-25 22:33:19,SOLUSDT,ask,175,32656.0
2024-08-25 22:33:33,SOLUSDT,ask,175,32657.0
2024-08-25 22:34:07,SOLUSDT,ask,176,28513.0
2024-08-25 23:06:01,SOLUSDT,ask,176,28515.0
2024-08-25 23:06:01,SOLUSDT,ask,176,28517.0
2024-08-25 23:16:01,SOLUSDT,ask,176,28515.0
2024-08-25 23:16:01,SOLUSDT,ask,176,28513.0
2024-08-25 23:24:12,SOLUSDT,ask,176,28514.0
2024-08-25 23:29:01,SOLUSDT,ask,175,32659.0
2024-08-26 00:17:18,SOLUSDT,ask,175,32640.0
2024-08-26 00:33:26,SOLUSDT,ask,163,7047.0
2024-08-26 00:34:07,SOLUSDT,ask,162,8838.0
2024-08-26 00:34:11,SOLUSDT,ask,165,9922.0
2024-08-26 00:34:13,SOLUSDT,bid,150,9699.0
2024-08-26 00:34:14,SOLUSDT,ask,162,8829.0
2024-08-26 00:35:34,SOLUSDT,bid,140,9416.0
2024-08-26 00:35:34,SOLUSDT,bid,148,7405.0
2024-08-26 00:35:34,SOLUSDT,bid,155,9812.0
2024-08-26 00:35:34,SOLUSDT,ask,167,11246.0
2024-08-26 00:35:34,SOLUSDT,ask,170,7683.0
2024-08-26 00:35:40,SOLUSDT,bid,155,9808.0
2024-08-26 00:35:44,SOLUSDT,ask,162,8831.0
2024-08-26 00:36:14,SOLUSDT,bid,155,9798.0
2024-08-26 00:36:59,SOLUSDT,bid,138,12588.0
2024-08-26 00:37:03,SOLUSDT,bid,140,9411.0
2024-08-26 00:37:03,SOLUSDT,bid,148,7400.0
2024-08-26 00:37:03,SOLUSDT,bid,155,9793.0
2024-08-26 00:37:03,SOLUSDT,ask,167,11242.0
2024-08-26 00:37:03,SOLUSDT,ask,170,7679.0
2024-08-26 00:37:03,SOLUSDT,bid,148,19721.0
2024-08-26 00:37:34,SOLUSDT,bid,155,9799.0
2024-08-26 00:38:08,SOLUSDT,bid,148,19716.0
2024-08-26 00:38:11,SOLUSDT,ask,165,9934.0
2024-08-26 00:38:54,SOLUSDT,bid,155,9800.0
2024-08-26 00:39:38,SOLUSDT,bid,150,9698.0
2024-08-26 00:39:55,SOLUSDT,ask,172,11792.0
2024-08-26 00:41:38,SOLUSDT,bid,150,14012.0
2024-08-26 00:41:39,SOLUSDT,ask,162,8832.0
2024-08-26 00:42:14,SOLUSDT,ask,163,7073.0
2024-08-26 00:42:14,SOLUSDT,ask,165,9932.0
2024-08-26 00:42:37,SOLUSDT,ask,165,9920.0
2024-08-26 00:42:46,SOLUSDT,ask,174,11519.0
2024-08-26 00:42:46,SOLUSDT,ask,174,11517.0
2024-08-26 00:43:02,SOLUSDT,ask,163,7074.0
2024-08-26 00:43:22,SOLUSDT,ask,163,7083.0
2024-08-26 00:44:13,SOLUSDT,ask,170,7684.0
2024-08-26 00:44:28,SOLUSDT,ask,162,8836.0
2024-08-26 00:45:00,SOLUSDT,bid,155,9801.0
2024-08-26 00:46:06,SOLUSDT,bid,155,9791.0
2024-08-26 00:46:30,SOLUSDT,bid,155,9798.0
2024-08-26 00:46:43,SOLUSDT,ask,162,8786.0
2024-08-26 00:47:03,SOLUSDT,ask,170,7693.0
2024-08-26 00:47:14,SOLUSDT,bid,150,9699.0
2024-08-26 00:47:30,SOLUSDT,bid,150,9698.0
2024-08-26 00:47:34,SOLUSDT,ask,162,8806.0
2024-08-26 00:47:52,SOLUSDT,ask,165,10020.0
2024-08-26 00:47:58,SOLUSDT,ask,163,7073.0
2024-08-26 00:48:47,SOLUSDT,ask,165,10048.0
2024-08-26 00:49:34,SOLUSDT,ask,165,10047.0
2024-08-26 00:49:45,SOLUSDT,bid,150,9695.0
2024-08-26 00:50:13,SOLUSDT,ask,165,10045.0
2024-08-26 00:50:36,SOLUSDT,ask,167,11240.0
2024-08-26 00:50:37,SOLUSDT,ask,163,7071.0
2024-08-26 00:50:44,SOLUSDT,ask,170,7698.0
2024-08-26 00:51:46,SOLUSDT,bid,155,9799.0
2024-08-26 00:52:01,SOLUSDT,bid,150,9696.0
2024-08-26 00:52:07,SOLUSDT,bid,140,9412.0
2024-08-26 00:52:54,SOLUSDT,ask,172,11798.0
2024-08-26 00:53:03,SOLUSDT,ask,163,7090.0
2024-08-26 00:53:03,SOLUSDT,ask,162,8809.0
2024-08-26 00:53:04,SOLUSDT,bid,155,9831.0
2024-08-26 00:53:28,SOLUSDT,bid,150,9702.0
2024-08-26 00:53:41,SOLUSDT,ask,162,8810.0
2024-08-26 00:54:09,SOLUSDT,ask,178,11201.0
2024-08-26 00:54:30,SOLUSDT,ask,162,8817.0
2024-08-26 00:54:43,SOLUSDT,ask,165,10046.0
2024-08-26 00:54:46,SOLUSDT,bid,155,9832.0
2024-08-26 00:54:57,SOLUSDT,bid,155,9847.0
2024-08-26 00:55:29,SOLUSDT,ask,162,8819.0
2024-08-26 00:55:39,SOLUSDT,bid,155,9848.0
2024-08-26 00:55:47,SOLUSDT,ask,175,32681.0
2024-08-26 00:55:54,SOLUSDT,ask,163,7086.0
2024-08-26 00:56:21,SOLUSDT,bid,155,9847.0
2024-08-26 00:56:25,SOLUSDT,bid,155,9848.0
2024-08-26 00:56:25,SOLUSDT,ask,165,10047.0
2024-08-26 00:56:35,SOLUSDT,ask,162,8784.0
2024-08-26 00:56:37,SOLUSDT,ask,170,7699.0
2024-08-26 00:57:20,SOLUSDT,ask,162,9089.0
2024-08-26 00:57:42,SOLUSDT,ask,165,10057.0
2024-08-26 00:58:08,SOLUSDT,ask,163,7068.0
2024-08-26 00:58:10,SOLUSDT,bid,155,9816.0
2024-08-26 00:58:13,SOLUSDT,bid,150,9703.0
2024-08-26 00:58:24,SOLUSDT,ask,163,7078.0
2024-08-26 00:58:36,SOLUSDT,ask,165,10057.0
2024-08-26 00:58:39,SOLUSDT,bid,148,20000.0
2024-08-26 00:59:39,SOLUSDT,ask,162,8990.0
2024-08-26 01:00:00,SOLUSDT,bid,140,9411.0
2024-08-26 01:00:07,SOLUSDT,ask,165,10087.0
2024-08-26 01:00:34,SOLUSDT,ask,162,9030.0
2024-08-26 01:02:02,SOLUSDT,ask,162,9110.0
2024-08-26 01:02:11,SOLUSDT,ask,167,11268.0
2024-08-26 01:02:55,SOLUSDT,bid,155,9815.0
2024-08-26 01:02:55,SOLUSDT,ask,165,10086.0
2024-08-26 01:03:07,SOLUSDT,ask,163,7082.0
2024-08-26 01:03:35,SOLUSDT,ask,162,9082.0
2024-08-26 01:03:39,SOLUSDT,ask,162,9080.0
2024-08-26 01:03:50,SOLUSDT,ask,175,32682.0
2024-08-26 01:04:34,SOLUSDT,bid,148,19764.0
2024-08-26 01:04:55,SOLUSDT,bid,148,19780.0
2024-08-26 01:05:34,SOLUSDT,bid,148,19732.0
2024-08-26 01:05:48,SOLUSDT,bid,155,9813.0
2024-08-26 01:05:49,SOLUSDT,ask,162,9076.0
2024-08-26 01:05:56,SOLUSDT,bid,148,19716.0
2024-08-26 01:05:56,SOLUSDT,bid,148,19732.0
2024-08-26 01:06:23,SOLUSDT,ask,162,9015.0
2024-08-26 01:06:23,SOLUSDT,ask,162,8771.0
2024-08-26 01:06:26,SOLUSDT,bid,155,9815.0
2024-08-26 01:06:35,SOLUSDT,bid,148,19780.0
2024-08-26 01:06:55,SOLUSDT,bid,148,19764.0
2024-08-26 01:07:08,SOLUSDT,bid,155,9814.0
2024-08-26 01:07:35,SOLUSDT,bid,148,19716.0
2024-08-26 01:07:48,SOLUSDT,bid,155,9737.0
2024-08-26 01:08:14,SOLUSDT,ask,162,8772.0
2024-08-26 01:08:48,SOLUSDT,bid,155,9739.0
2024-08-26 01:09:16,SOLUSDT,ask,163,7081.0
2024-08-26 01:09:38,SOLUSDT,bid,158,6352.0
2024-08-26 01:09:44,SOLUSDT,bid,155,9753.0
2024-08-26 01:09:47,SOLUSDT,bid,158,6453.0
2024-08-26 01:10:02,SOLUSDT,ask,163,7066.0
2024-08-26 01:10:25,SOLUSDT,ask,163,7065.0
2024-08-26 01:10:46,SOLUSDT,bid,150,9702.0
2024-08-26 01:10:46,SOLUSDT,ask,162,8771.0
2024-08-26 01:10:46,SOLUSDT,ask,158,6328.0
2024-08-26 01:10:46,SOLUSDT,ask,158,6341.0
2024-08-26 01:10:46,SOLUSDT,ask,158,6381.0
2024-08-26 01:11:13,SOLUSDT,bid,155,9754.0
2024-08-26 01:12:07,SOLUSDT,bid,155,9758.0
2024-08-26 01:12:59,SOLUSDT,bid,155,9754.0
2024-08-26 01:13:18,SOLUSDT,bid,155,9757.0
2024-08-26 01:14:09,SOLUSDT,bid,155,9762.0
2024-08-26 01:14:17,SOLUSDT,bid,155,9748.0
2024-08-26 01:14:21,SOLUSDT,ask,163,7075.0
2024-08-26 01:14:32,SOLUSDT,bid,155,9750.0
2024-08-26 01:15:01,SOLUSDT,ask,162,8774.0
2024-08-26 01:15:11,SOLUSDT,ask,162,8757.0
2024-08-26 01:15:17,SOLUSDT,bid,155,9749.0
2024-08-26 01:15:33,SOLUSDT,ask,162,8756.0
2024-08-26 01:15:44,SOLUSDT,ask,165,10079.0
2024-08-26 01:16:24,SOLUSDT,bid,155,9750.0
2024-08-26 01:18:08,SOLUSDT,bid,150,9686.0
2024-08-26 01:18:08,SOLUSDT,ask,175,32683.0
2024-08-26 01:18:15,SOLUSDT,bid,155,9766.0
2024-08-26 01:18:27,SOLUSDT,bid,155,9764.0
2024-08-26 01:18:40,SOLUSDT,bid,155,9761.0
2024-08-26 01:18:53,SOLUSDT,bid,150,9486.0
2024-08-26 01:20:12,SOLUSDT,bid,155,9882.0
2024-08-26 01:20:42,SOLUSDT,bid,155,9761.0
2024-08-26 01:20:47,SOLUSDT,bid,155,9821.0
2024-08-26 01:21:09,SOLUSDT,ask,162,8757.0
2024-08-26 01:21:10,SOLUSDT,bid,155,9823.0
2024-08-26 01:21:19,SOLUSDT,bid,155,9783.0
2024-08-26 01:21:32,SOLUSDT,ask,162,8759.0
2024-08-26 01:21:52,SOLUSDT,ask,162,8757.0
2024-08-26 01:23:23,SOLUSDT,ask,162,8758.0
2024-08-26 01:23:49,SOLUSDT,ask,165,10085.0
2024-08-26 01:24:43,SOLUSDT,bid,150,14002.0
2024-08-26 01:24:46,SOLUSDT,bid,150,9476.0
2024-08-26 01:24:48,SOLUSDT,ask,165,10061.0
2024-08-26 01:25:05,SOLUSDT,ask,162,8757.0
2024-08-26 01:25:15,SOLUSDT,ask,162,8758.0
2024-08-26 01:25:15,SOLUSDT,ask,165,10062.0
2024-08-26 01:25:39,SOLUSDT,ask,162,8757.0
2024-08-26 01:25:50,SOLUSDT,ask,165,10063.0
2024-08-26 01:25:50,SOLUSDT,ask,163,7076.0
2024-08-26 01:26:09,SOLUSDT,bid,150,9477.0
2024-08-26 01:26:09,SOLUSDT,ask,165,10064.0
2024-08-26 01:26:15,SOLUSDT,ask,170,7700.0
2024-08-26 01:27:11,SOLUSDT,bid,150,9476.0
2024-08-26 01:28:55,SOLUSDT,bid,158,6318.0
2024-08-26 01:28:55,SOLUSDT,ask,167,11272.0
2024-08-26 01:29:00,SOLUSDT,bid,158,6593.0
2024-08-26 01:29:05,SOLUSDT,bid,158,6309.0
2024-08-26 01:29:07,SOLUSDT,bid,158,6341.0
2024-08-26 01:29:08,SOLUSDT,bid,158,6363.0
2024-08-26 01:29:14,SOLUSDT,ask,162,8771.0
2024-08-26 01:29:14,SOLUSDT,bid,158,6312.0
2024-08-26 01:29:15,SOLUSDT,bid,158,6312.0
2024-08-26 01:29:15,SOLUSDT,bid,158,6594.0
2024-08-26 01:29:16,SOLUSDT,bid,158,6595.0
2024-08-26 01:29:21,SOLUSDT,ask,162,8770.0
2024-08-26 01:29:36,SOLUSDT,ask,167,11268.0
2024-08-26 01:30:53,SOLUSDT,bid,155,10101.0
2024-08-26 01:31:46,SOLUSDT,bid,150,9479.0
2024-08-26 01:32:18,SOLUSDT,ask,178,30779.0
2024-08-26 01:32:24,SOLUSDT,bid,150,9473.0
2024-08-26 01:32:51,SOLUSDT,ask,162,8771.0
2024-08-26 01:32:57,SOLUSDT,ask,163,7006.0
2024-08-26 01:33:05,SOLUSDT,bid,150,9543.0
2024-08-26 01:33:33,SOLUSDT,bid,140,9412.0
2024-08-26 01:33:57,SOLUSDT,ask,178,30775.0
2024-08-26 01:34:42,SOLUSDT,bid,148,19764.0
2024-08-26 01:34:55,SOLUSDT,bid,148,19780.0
2024-08-26 01:34:58,SOLUSDT,ask,162,8808.0
2024-08-26 01:35:42,SOLUSDT,bid,148,19732.0
2024-08-26 01:35:45,SOLUSDT,bid,150,9544.0
2024-08-26 01:35:56,SOLUSDT,bid,148,19716.0
2024-08-26 01:36:43,SOLUSDT,bid,150,9543.0
2024-08-26 01:36:49,SOLUSDT,ask,163,7025.0
2024-08-26 01:38:48,SOLUSDT,bid,156,8661.0
2024-08-26 01:39:17,SOLUSDT,ask,171,8376.0
2024-08-26 01:39:55,SOLUSDT,bid,138,12586.0
2024-08-26 01:40:30,SOLUSDT,ask,163,7015.0
2024-08-26 01:40:31,SOLUSDT,ask,162,8866.0
2024-08-26 01:40:52,SOLUSDT,bid,148,19717.0
2024-08-26 01:40:58,SOLUSDT,bid,155,10085.0
2024-08-26 01:41:10,SOLUSDT,ask,162,8808.0
2024-08-26 01:41:52,SOLUSDT,bid,155,10084.0
2024-08-26 01:42:28,SOLUSDT,bid,155,10078.0
2024-08-26 01:43:14,SOLUSDT,bid,156,6458.0
2024-08-26 01:43:26,SOLUSDT,bid,155,10118.0
2024-08-26 01:43:50,SOLUSDT,bid,155,10078.0
2024-08-26 01:43:58,SOLUSDT,ask,167,11239.0
2024-08-26 01:44:02,SOLUSDT,bid,155,10077.0
2024-08-26 01:44:21,SOLUSDT,ask,163,7050.0
2024-08-26 01:44:29,SOLUSDT,ask,171,8398.0
2024-08-26 01:44:46,SOLUSDT,bid,155,10076.0
2024-08-26 01:44:46,SOLUSDT,bid,156,8660.0
2024-08-26 01:44:46,SOLUSDT,bid,156,6457.0
2024-08-26 01:44:46,SOLUSDT,ask,163,7015.0
2024-08-26 01:45:18,SOLUSDT,ask,163,7016.0
2024-08-26 01:45:30,SOLUSDT,ask,162,8807.0
2024-08-26 01:45:46,SOLUSDT,ask,162,8808.0
2024-08-26 01:46:08,SOLUSDT,ask,175,33254.0
2024-08-26 01:46:59,SOLUSDT,ask,167,11242.0
2024-08-26 01:47:29,SOLUSDT,ask,162,9008.0
2024-08-26 01:47:43,SOLUSDT,bid,156,6463.0
2024-08-26 01:47:46,SOLUSDT,ask,163,7116.0
2024-08-26 01:49:19,SOLUSDT,ask,162,9130.0
2024-08-26 01:49:39,SOLUSDT,ask,162,9131.0
2024-08-26 01:49:43,SOLUSDT,ask,162,9130.0
2024-08-26 01:50:10,SOLUSDT,bid,140,9416.0
2024-08-26 01:50:19,SOLUSDT,bid,156,8672.0
2024-08-26 01:50:21,SOLUSDT,bid,155,10077.0
2024-08-26 01:51:29,SOLUSDT,bid,140,9414.0
2024-08-26 01:51:32,SOLUSDT,ask,163,7101.0
2024-08-26 01:51:46,SOLUSDT,bid,156,8660.0
2024-08-26 01:51:48,SOLUSDT,bid,156,8670.0
2024-08-26 01:52:18,SOLUSDT,bid,156,6400.0
2024-08-26 01:53:06,SOLUSDT,ask,162,9133.0
2024-08-26 01:53:07,SOLUSDT,bid,155,10045.0
2024-08-26 01:53:53,SOLUSDT,ask,162,9011.0
2024-08-26 01:54:14,SOLUSDT,ask,163,7100.0
2024-08-26 01:54:27,SOLUSDT,ask,162,9019.0
2024-08-26 01:55:03,SOLUSDT,bid,150,9598.0
2024-08-26 01:55:56,SOLUSDT,bid,140,9415.0
2024-08-26 01:57:13,SOLUSDT,bid,155,10060.0
2024-08-26 01:57:36,SOLUSDT,bid,156,8680.0
2024-08-26 01:57:51,SOLUSDT,ask,167,11243.0
2024-08-26 01:57:58,SOLUSDT,bid,140,9413.0
2024-08-26 01:57:58,SOLUSDT,bid,150,9597.0
2024-08-26 01:58:09,SOLUSDT,ask,167,11242.0
2024-08-26 01:58:32,SOLUSDT,ask,163,7101.0
2024-08-26 01:58:49,SOLUSDT,bid,156,8711.0
2024-08-26 01:59:01,SOLUSDT,bid,150,9598.0
2024-08-26 01:59:08,SOLUSDT,bid,150,9604.0
2024-08-26 01:59:34,SOLUSDT,ask,163,7126.0
2024-08-26 02:00:14,SOLUSDT,bid,150,9637.0
2024-08-26 02:01:14,SOLUSDT,ask,162,9021.0
2024-08-26 02:01:37,SOLUSDT,ask,163,7117.0
2024-08-26 02:01:39,SOLUSDT,ask,163,7109.0
2024-08-26 02:01:43,SOLUSDT,ask,162,9016.0
2024-08-26 02:02:07,SOLUSDT,ask,162,9014.0
2024-08-26 02:02:12,SOLUSDT,bid,155,10136.0
2024-08-26 02:02:36,SOLUSDT,bid,150,9657.0
2024-08-26 02:04:02,SOLUSDT,bid,150,9668.0
2024-08-26 02:04:50,SOLUSDT,bid,148,7448.0
2024-08-26 02:04:57,SOLUSDT,bid,148,7464.0
2024-08-26 02:05:36,SOLUSDT,ask,180,5557.0
2024-08-26 02:05:45,SOLUSDT,bid,156,8701.0
2024-08-26 02:05:50,SOLUSDT,bid,148,7416.0
2024-08-26 02:05:55,SOLUSDT,bid,148,7400.0
2024-08-26 02:05:56,SOLUSDT,ask,162,9021.0
2024-08-26 02:06:09,SOLUSDT,bid,155,10135.0
2024-08-26 02:06:21,SOLUSDT,bid,156,8700.0
2024-08-26 02:06:30,SOLUSDT,ask,162,9071.0
2024-08-26 02:08:15,SOLUSDT,bid,156,8702.0
2024-08-26 02:08:57,SOLUSDT,ask,163,7099.0
2024-08-26 02:09:09,SOLUSDT,ask,162,9051.0
2024-08-26 02:09:44,SOLUSDT,ask,163,7130.0
2024-08-26 02:09:52,SOLUSDT,ask,162,9069.0
2024-08-26 02:10:26,SOLUSDT,bid,156,8752.0
2024-08-26 02:10:30,SOLUSDT,ask,170,7701.0
2024-08-26 02:10:49,SOLUSDT,ask,170,7699.0
2024-08-26 02:10:54,SOLUSDT,bid,155,10137.0
2024-08-26 02:10:59,SOLUSDT,bid,150,9669.0
2024-08-26 02:11:04,SOLUSDT,bid,140,9423.0
2024-08-26 02:11:23,SOLUSDT,ask,163,7099.0
2024-08-26 02:12:29,SOLUSDT,ask,163,7100.0
2024-08-26 02:12:59,SOLUSDT,bid,148,20002.0
2024-08-26 02:13:24,SOLUSDT,bid,148,20000.0
2024-08-26 02:13:41,SOLUSDT,bid,155,10165.0
2024-08-26 02:14:02,SOLUSDT,ask,163,7101.0
2024-08-26 02:14:04,SOLUSDT,ask,163,7559.0
2024-08-26 02:14:10,SOLUSDT,bid,155,10166.0
2024-08-26 02:15:20,SOLUSDT,bid,155,10163.0
2024-08-26 02:15:20,SOLUSDT,ask,170,7698.0
2024-08-26 02:15:53,SOLUSDT,ask,162,9073.0
2024-08-26 02:15:53,SOLUSDT,ask,163,7555.0
2024-08-26 02:16:27,SOLUSDT,bid,155,10164.0
2024-08-26 02:16:27,SOLUSDT,ask,170,7699.0
2024-08-26 02:16:56,SOLUSDT,ask,162,9050.0
2024-08-26 02:17:10,SOLUSDT,ask,162,9046.0
2024-08-26 02:17:33,SOLUSDT,bid,155,10225.0
2024-08-26 02:17:37,SOLUSDT,ask,162,9048.0
2024-08-26 02:18:45,SOLUSDT,ask,163,8086.0
2024-08-26 02:18:45,SOLUSDT,ask,167,11243.0
2024-08-26 02:18:50,SOLUSDT,bid,155,10263.0
2024-08-26 02:19:16,SOLUSDT,ask,162,9098.0
2024-08-26 02:19:39,SOLUSDT,ask,162,9103.0
2024-08-26 02:19:41,SOLUSDT,ask,170,7709.0
2024-08-26 02:20:09,SOLUSDT,bid,155,10264.0
2024-08-26 02:22:04,SOLUSDT,bid,148,20002.0
2024-08-26 02:22:29,SOLUSDT,bid,148,20000.0
2024-08-26 02:22:34,SOLUSDT,bid,155,10203.0
2024-08-26 02:22:57,SOLUSDT,bid,150,9658.0
2024-08-26 02:23:04,SOLUSDT,bid,150,9660.0
2024-08-26 02:23:33,SOLUSDT,ask,162,9104.0
2024-08-26 02:23:33,SOLUSDT,bid,155,10239.0
2024-08-26 02:23:51,SOLUSDT,ask,162,9102.0
2024-08-26 02:25:08,SOLUSDT,bid,150,9659.0
2024-08-26 02:25:08,SOLUSDT,ask,162,9101.0
2024-08-26 02:25:22,SOLUSDT,bid,155,10233.0
2024-08-26 02:28:20,SOLUSDT,bid,148,19718.0
2024-08-26 02:28:38,SOLUSDT,bid,155,10234.0
2024-08-26 02:30:26,SOLUSDT,bid,155,10235.0
2024-08-26 02:30:26,SOLUSDT,ask,162,9102.0
2024-08-26 02:31:23,SOLUSDT,bid,155,10233.0
2024-08-26 02:32:42,SOLUSDT,bid,148,19719.0
2024-08-26 02:33:15,SOLUSDT,bid,150,9658.0
2024-08-26 02:33:37,SOLUSDT,ask,163,8083.0
2024-08-26 02:33:53,SOLUSDT,bid,138,12587.0
2024-08-26 02:34:41,SOLUSDT,bid,155,10232.0
2024-08-26 02:34:41,SOLUSDT,ask,162,9101.0
2024-08-26 02:34:50,SOLUSDT,bid,153,6563.0
2024-08-26 02:34:52,SOLUSDT,bid,155,10532.0
2024-08-26 02:35:44,SOLUSDT,bid,150,9638.0
2024-08-26 02:35:44,SOLUSDT,bid,150,9938.0
2024-08-26 02:35:51,SOLUSDT,bid,140,9443.0
2024-08-26 02:35:52,SOLUSDT,bid,138,12681.0
2024-08-26 02:35:52,SOLUSDT,ask,162,9121.0
2024-08-26 02:35:59,SOLUSDT,ask,162,9071.0
2024-08-26 02:36:17,SOLUSDT,ask,162,9078.0
2024-08-26 02:36:29,SOLUSDT,bid,155,10517.0
2024-08-26 02:36:32,SOLUSDT,bid,155,10522.0
2024-08-26 02:36:42,SOLUSDT,bid,155,10521.0
2024-08-26 02:37:00,SOLUSDT,bid,150,9946.0
2024-08-26 02:37:10,SOLUSDT,bid,148,19734.0
2024-08-26 02:37:25,SOLUSDT,bid,155,10520.0
2024-08-26 02:38:04,SOLUSDT,bid,155,10533.0
2024-08-26 02:38:53,SOLUSDT,bid,156,7356.0
2024-08-26 02:39:01,SOLUSDT,bid,148,10004.0
2024-08-26 02:39:01,SOLUSDT,bid,150,9926.0
2024-08-26 02:39:36,SOLUSDT,ask,171,8383.0
2024-08-26 02:40:42,SOLUSDT,ask,162,9079.0
2024-08-26 02:40:57,SOLUSDT,ask,162,9078.0
2024-08-26 02:41:00,SOLUSDT,bid,148,10000.0
2024-08-26 02:41:33,SOLUSDT,bid,155,10535.0
2024-08-26 02:41:54,SOLUSDT,ask,162,9080.0
2024-08-26 02:42:07,SOLUSDT,bid,138,12592.0
2024-08-26 02:42:34,SOLUSDT,bid,155,10534.0
2024-08-26 02:43:22,SOLUSDT,ask,162,9099.0
2024-08-26 02:43:22,SOLUSDT,ask,162,9129.0
2024-08-26 02:43:23,SOLUSDT,ask,162,9251.0
2024-08-26 02:43:58,SOLUSDT,ask,162,9263.0
2024-08-26 02:44:18,SOLUSDT,bid,155,10533.0
2024-08-26 02:44:28,SOLUSDT,bid,150,9992.0
2024-08-26 02:44:55,SOLUSDT,bid,148,20016.0
2024-08-26 02:45:01,SOLUSDT,bid,148,20064.0
2024-08-26 02:45:09,SOLUSDT,bid,148,19859.0
2024-08-26 02:45:15,SOLUSDT,ask,162,9151.0
2024-08-26 02:45:19,SOLUSDT,ask,162,9152.0
2024-08-26 02:45:27,SOLUSDT,bid,156,7355.0
2024-08-26 02:45:47,SOLUSDT,bid,148,19856.0
2024-08-26 02:45:50,SOLUSDT,bid,150,10063.0
2024-08-26 02:45:55,SOLUSDT,bid,148,20048.0
2024-08-26 02:46:01,SOLUSDT,bid,148,20000.0
2024-08-26 02:46:04,SOLUSDT,bid,156,7356.0
2024-08-26 02:46:14,SOLUSDT,bid,155,10534.0
2024-08-26 02:46:35,SOLUSDT,bid,140,9445.0
2024-08-26 02:46:35,SOLUSDT,bid,148,19857.0
2024-08-26 02:46:35,SOLUSDT,bid,150,10064.0
2024-08-26 02:46:35,SOLUSDT,ask,162,9153.0
2024-08-26 02:46:35,SOLUSDT,ask,170,7709.0
2024-08-26 02:46:35,SOLUSDT,ask,172,11799.0
2024-08-26 02:46:35,SOLUSDT,ask,176,28495.0
2024-08-26 02:46:35,SOLUSDT,ask,178,30776.0
2024-08-26 02:46:47,SOLUSDT,ask,162,9162.0
2024-08-26 02:46:48,SOLUSDT,ask,162,9153.0
2024-08-26 02:47:17,SOLUSDT,bid,155,10530.0
2024-08-26 02:47:20,SOLUSDT,bid,148,19844.0
2024-08-26 02:47:22,SOLUSDT,bid,150,10054.0
2024-08-26 02:47:47,SOLUSDT,bid,148,19850.0
2024-08-26 02:47:57,SOLUSDT,ask,162,9104.0
2024-08-26 02:48:58,SOLUSDT,bid,150,10053.0
2024-08-26 02:49:04,SOLUSDT,ask,167,11301.0
2024-08-26 02:50:02,SOLUSDT,bid,148,10048.0
2024-08-26 02:50:02,SOLUSDT,ask,162,8982.0
2024-08-26 02:50:09,SOLUSDT,bid,150,9987.0
2024-08-26 02:50:36,SOLUSDT,bid,155,10531.0
2024-08-26 02:50:47,SOLUSDT,ask,170,7711.0
2024-08-26 02:50:49,SOLUSDT,ask,162,8853.0
2024-08-26 02:51:02,SOLUSDT,bid,148,10000.0
2024-08-26 02:51:32,SOLUSDT,ask,162,8868.0
2024-08-26 02:51:32,SOLUSDT,bid,150,9989.0
2024-08-26 02:51:43,SOLUSDT,ask,162,8872.0
2024-08-26 02:51:43,SOLUSDT,ask,163,8079.0
2024-08-26 02:51:52,SOLUSDT,ask,162,8857.0
2024-08-26 02:52:11,SOLUSDT,ask,162,8856.0
2024-08-26 02:52:19,SOLUSDT,bid,150,9956.0
2024-08-26 02:52:55,SOLUSDT,bid,148,10016.0
2024-08-26 02:53:02,SOLUSDT,bid,148,10064.0
2024-08-26 02:53:56,SOLUSDT,bid,148,10048.0
2024-08-26 02:53:56,SOLUSDT,bid,148,10064.0
2024-08-26 02:54:02,SOLUSDT,bid,148,10064.0
2024-08-26 02:54:48,SOLUSDT,ask,162,8874.0
2024-08-26 02:54:56,SOLUSDT,bid,148,10048.0
2024-08-26 02:55:02,SOLUSDT,bid,148,10000.0
2024-08-26 02:56:57,SOLUSDT,bid,148,10016.0
2024-08-26 02:57:05,SOLUSDT,bid,140,9441.0
2024-08-26 02:57:57,SOLUSDT,bid,148,10000.0
2024-08-26 02:59:11,SOLUSDT,ask,162,8854.0
2024-08-26 02:59:16,SOLUSDT,bid,140,9445.0
2024-08-26 03:01:59,SOLUSDT,bid,145,8144.0
2024-08-26 03:02:12,SOLUSDT,bid,145,8147.0
2024-08-26 03:02:49,SOLUSDT,ask,163,8005.0
2024-08-26 03:03:18,SOLUSDT,bid,155,10529.0
2024-08-26 03:06:07,SOLUSDT,bid,155,10528.0
2024-08-26 03:06:50,SOLUSDT,ask,162,7748.0
2024-08-26 03:08:05,SOLUSDT,bid,155,10728.0
2024-08-26 03:08:25,SOLUSDT,bid,140,9444.0
2024-08-26 03:09:27,SOLUSDT,bid,156,7377.0
2024-08-26 03:09:34,SOLUSDT,bid,156,7356.0
2024-08-26 03:10:01,SOLUSDT,bid,154,8384.0
2024-08-26 03:10:01,SOLUSDT,bid,154,8456.0
2024-08-26 03:10:01,SOLUSDT,bid,154,8466.0
2024-08-26 03:10:49,SOLUSDT,bid,155,10708.0
2024-08-26 03:11:08,SOLUSDT,ask,162,7668.0
2024-08-26 03:11:12,SOLUSDT,bid,155,10707.0
2024-08-26 03:11:28,SOLUSDT,bid,155,10708.0
2024-08-26 03:11:34,SOLUSDT,bid,140,9440.0
2024-08-26 03:11:39,SOLUSDT,ask,171,8385.0
2024-08-26 03:12:00,SOLUSDT,bid,154,8465.0
2024-08-26 03:12:00,SOLUSDT,bid,154,8440.0
2024-08-26 03:12:00,SOLUSDT,bid,154,8415.0
2024-08-26 03:12:01,SOLUSDT,bid,154,8353.0
2024-08-26 03:12:05,SOLUSDT,ask,171,8383.0
2024-08-26 03:12:24,SOLUSDT,ask,162,7475.0
2024-08-26 03:13:42,SOLUSDT,bid,145,8146.0
2024-08-26 03:14:33,SOLUSDT,bid,155,10709.0
2024-08-26 03:14:59,SOLUSDT,ask,162,7495.0
2024-08-26 03:15:03,SOLUSDT,bid,155,10708.0
2024-08-26 03:15:04,SOLUSDT,ask,163,7985.0
2024-08-26 03:16:05,SOLUSDT,bid,158,6729.0
2024-08-26 03:16:23,SOLUSDT,bid,158,6724.0
2024-08-26 03:16:26,SOLUSDT,ask,217,6008.0
2024-08-26 03:16:30,SOLUSDT,bid,158,6731.0
2024-08-26 03:16:30,SOLUSDT,bid,158,6300.0
2024-08-26 03:16:44,SOLUSDT,bid,158,6581.0
2024-08-26 03:16:53,SOLUSDT,bid,158,6340.0
2024-08-26 03:16:53,SOLUSDT,bid,158,6372.0
2024-08-26 03:16:54,SOLUSDT,bid,158,7515.0
2024-08-26 03:16:55,SOLUSDT,bid,158,6431.0
2024-08-26 03:16:58,SOLUSDT,bid,158,6296.0
2024-08-26 03:16:58,SOLUSDT,bid,158,6313.0
2024-08-26 03:16:59,SOLUSDT,bid,158,6372.0
2024-08-26 03:17:00,SOLUSDT,bid,158,6322.0
2024-08-26 03:17:00,SOLUSDT,bid,158,6361.0
2024-08-26 03:17:00,SOLUSDT,bid,158,6344.0
2024-08-26 03:17:00,SOLUSDT,bid,158,6340.0
2024-08-26 03:17:00,SOLUSDT,bid,158,6341.0
2024-08-26 03:17:01,SOLUSDT,bid,158,6343.0
2024-08-26 03:17:02,SOLUSDT,bid,158,6344.0
2024-08-26 03:17:07,SOLUSDT,bid,140,9439.0
2024-08-26 03:17:09,SOLUSDT,bid,158,6516.0
2024-08-26 03:17:10,SOLUSDT,bid,158,6365.0
2024-08-26 03:17:10,SOLUSDT,bid,158,6465.0
2024-08-26 03:17:10,SOLUSDT,bid,158,6378.0
2024-08-26 03:17:10,SOLUSDT,bid,158,6344.0
2024-08-26 03:17:11,SOLUSDT,bid,158,6518.0
2024-08-26 03:17:11,SOLUSDT,bid,158,6448.0
2024-08-26 03:17:11,SOLUSDT,bid,158,6311.0
2024-08-26 03:17:11,SOLUSDT,bid,158,6312.0
2024-08-26 03:17:11,SOLUSDT,bid,158,6448.0
2024-08-26 03:17:12,SOLUSDT,bid,158,6311.0
2024-08-26 03:17:13,SOLUSDT,bid,158,6535.0
2024-08-26 03:17:16,SOLUSDT,bid,158,6555.0
2024-08-26 03:17:16,SOLUSDT,bid,158,6312.0
2024-08-26 03:17:16,SOLUSDT,bid,158,6352.0
2024-08-26 03:17:16,SOLUSDT,bid,158,6361.0
2024-08-26 03:17:17,SOLUSDT,bid,158,6392.0
2024-08-26 03:17:17,SOLUSDT,bid,158,6363.0
2024-08-26 03:17:18,SOLUSDT,bid,158,6513.0
2024-08-26 03:17:18,SOLUSDT,bid,158,6367.0
2024-08-26 03:17:18,SOLUSDT,bid,158,6392.0
2024-08-26 03:17:18,SOLUSDT,bid,158,6326.0
2024-08-26 03:17:18,SOLUSDT,bid,158,6325.0
2024-08-26 03:17:19,SOLUSDT,bid,158,6329.0
2024-08-26 03:17:19,SOLUSDT,bid,158,6357.0
2024-08-26 03:17:20,SOLUSDT,bid,158,6606.0
2024-08-26 03:17:23,SOLUSDT,bid,154,8417.0
2024-08-26 03:17:24,SOLUSDT,bid,158,6797.0
2024-08-26 03:17:24,SOLUSDT,bid,158,6311.0
2024-08-26 03:17:24,SOLUSDT,bid,158,6357.0
2024-08-26 03:17:26,SOLUSDT,bid,158,6446.0
2024-08-26 03:17:29,SOLUSDT,bid,158,6325.0
2024-08-26 03:17:29,SOLUSDT,bid,158,6318.0
2024-08-26 03:17:29,SOLUSDT,ask,162,7488.0
2024-08-26 03:17:29,SOLUSDT,bid,158,6317.0
2024-08-26 03:17:31,SOLUSDT,bid,158,6299.0
2024-08-26 03:17:32,SOLUSDT,bid,158,6354.0
2024-08-26 03:17:32,SOLUSDT,bid,158,6316.0
2024-08-26 03:17:33,SOLUSDT,bid,158,6304.0
2024-08-26 03:17:33,SOLUSDT,bid,158,6304.0
2024-08-26 03:17:35,SOLUSDT,bid,158,6495.0
2024-08-26 03:17:35,SOLUSDT,bid,158,6325.0
2024-08-26 03:17:37,SOLUSDT,bid,158,6325.0
2024-08-26 03:17:37,SOLUSDT,bid,158,6352.0
2024-08-26 03:17:37,SOLUSDT,bid,158,6356.0
2024-08-26 03:17:39,SOLUSDT,bid,158,6325.0
2024-08-26 03:17:44,SOLUSDT,bid,158,6387.0
2024-08-26 03:17:44,SOLUSDT,bid,158,6356.0
2024-08-26 03:17:44,SOLUSDT,bid,158,6325.0
2024-08-26 03:17:54,SOLUSDT,bid,158,12096.0
2024-08-26 03:17:54,SOLUSDT,bid,158,6325.0
2024-08-26 03:17:54,SOLUSDT,bid,158,6331.0
2024-08-26 03:17:55,SOLUSDT,bid,158,12109.0
2024-08-26 03:17:56,SOLUSDT,bid,158,6325.0
2024-08-26 03:17:57,SOLUSDT,bid,158,6340.0
2024-08-26 03:17:57,SOLUSDT,bid,158,6349.0
2024-08-26 03:17:59,SOLUSDT,bid,158,12121.0
2024-08-26 03:18:00,SOLUSDT,bid,158,12096.0
2024-08-26 03:18:00,SOLUSDT,bid,158,6323.0
2024-08-26 03:18:00,SOLUSDT,bid,158,12109.0
2024-08-26 03:18:01,SOLUSDT,bid,158,12119.0
2024-08-26 03:18:01,SOLUSDT,bid,158,12106.0
2024-08-26 03:18:01,SOLUSDT,bid,158,12146.0
2024-08-26 03:18:02,SOLUSDT,bid,158,12147.0
2024-08-26 03:18:02,SOLUSDT,bid,158,12122.0
2024-08-26 03:18:02,SOLUSDT,bid,158,12097.0
2024-08-26 03:18:02,SOLUSDT,bid,158,6405.0
2024-08-26 03:18:03,SOLUSDT,bid,158,12099.0
2024-08-26 03:18:03,SOLUSDT,bid,158,6380.0
2024-08-26 03:18:09,SOLUSDT,bid,145,8147.0
2024-08-26 03:18:11,SOLUSDT,bid,158,6297.0
2024-08-26 03:18:11,SOLUSDT,bid,158,6296.0
2024-08-26 03:18:24,SOLUSDT,bid,155,10714.0
2024-08-26 03:18:28,SOLUSDT,bid,138,12591.0
2024-08-26 03:18:28,SOLUSDT,bid,140,9438.0
2024-08-26 03:18:28,SOLUSDT,bid,145,8146.0
2024-08-26 03:18:28,SOLUSDT,bid,148,19849.0
2024-08-26 03:18:28,SOLUSDT,bid,150,9955.0
2024-08-26 03:18:28,SOLUSDT,bid,155,10713.0
2024-08-26 03:18:28,SOLUSDT,ask,162,7487.0
2024-08-26 03:18:28,SOLUSDT,ask,163,7984.0
2024-08-26 03:18:28,SOLUSDT,ask,167,11300.0
2024-08-26 03:18:28,SOLUSDT,ask,170,7710.0
2024-08-26 03:18:28,SOLUSDT,ask,171,8382.0
2024-08-26 03:18:28,SOLUSDT,ask,172,11798.0
2024-08-26 03:18:28,SOLUSDT,ask,175,33253.0
2024-08-26 03:18:28,SOLUSDT,ask,176,28494.0
2024-08-26 03:18:31,SOLUSDT,bid,158,6435.0
2024-08-26 03:18:39,SOLUSDT,bid,158,6300.0
2024-08-26 03:18:39,SOLUSDT,bid,158,6311.0
2024-08-26 03:18:40,SOLUSDT,bid,155,10707.0
2024-08-26 03:18:41,SOLUSDT,bid,158,6345.0
2024-08-26 03:18:45,SOLUSDT,bid,158,6345.0
2024-08-26 03:18:46,SOLUSDT,bid,158,6344.0
2024-08-26 03:18:48,SOLUSDT,bid,158,6319.0
2024-08-26 03:18:49,SOLUSDT,bid,158,6320.0
2024-08-26 03:19:07,SOLUSDT,bid,158,6338.0
2024-08-26 03:19:08,SOLUSDT,bid,158,6498.0
2024-08-26 03:19:09,SOLUSDT,bid,158,6352.0
2024-08-26 03:19:11,SOLUSDT,bid,158,6499.0
2024-08-26 03:19:21,SOLUSDT,bid,116,12097.0
2024-08-26 03:20:16,SOLUSDT,bid,155,11007.0
2024-08-26 03:20:19,SOLUSDT,ask,158,6310.0
2024-08-26 03:20:24,SOLUSDT,bid,156,7359.0
2024-08-26 03:20:26,SOLUSDT,bid,150,9956.0
2024-08-26 03:20:29,SOLUSDT,ask,158,6738.0
2024-08-26 03:20:30,SOLUSDT,ask,158,6336.0
2024-08-26 03:20:30,SOLUSDT,ask,158,6838.0
2024-08-26 03:20:30,SOLUSDT,ask,158,6345.0
2024-08-26 03:20:30,SOLUSDT,ask,158,6334.0
2024-08-26 03:20:31,SOLUSDT,ask,158,6334.0
2024-08-26 03:20:32,SOLUSDT,ask,158,6526.0
2024-08-26 03:20:32,SOLUSDT,ask,158,6362.0
2024-08-26 03:20:32,SOLUSDT,ask,158,6334.0
2024-08-26 03:20:32,SOLUSDT,ask,158,6337.0
2024-08-26 03:20:32,SOLUSDT,ask,158,6347.0
2024-08-26 03:20:33,SOLUSDT,ask,158,6347.0
2024-08-26 03:20:33,SOLUSDT,ask,158,6344.0
2024-08-26 03:20:37,SOLUSDT,ask,158,6350.0
2024-08-26 03:20:38,SOLUSDT,ask,158,6444.0
2024-08-26 03:20:39,SOLUSDT,ask,158,6344.0
2024-08-26 03:20:43,SOLUSDT,ask,158,6334.0
2024-08-26 03:20:44,SOLUSDT,ask,158,6304.0
2024-08-26 03:20:45,SOLUSDT,ask,158,6504.0
2024-08-26 03:20:45,SOLUSDT,ask,158,6335.0
2024-08-26 03:20:45,SOLUSDT,ask,158,6334.0
2024-08-26 03:20:45,SOLUSDT,ask,158,6334.0
2024-08-26 03:20:47,SOLUSDT,ask,158,6475.0
2024-08-26 03:20:47,SOLUSDT,ask,158,6334.0
2024-08-26 03:20:47,SOLUSDT,ask,158,6407.0
2024-08-26 03:20:47,SOLUSDT,ask,158,6334.0
2024-08-26 03:20:50,SOLUSDT,ask,158,6334.0
2024-08-26 03:20:53,SOLUSDT,ask,158,6395.0
2024-08-26 03:20:53,SOLUSDT,ask,158,6323.0
2024-08-26 03:20:53,SOLUSDT,ask,158,6335.0
2024-08-26 03:20:53,SOLUSDT,ask,158,6306.0
2024-08-26 03:20:54,SOLUSDT,ask,158,6359.0
2024-08-26 03:20:57,SOLUSDT,ask,158,6519.0
2024-08-26 03:20:58,SOLUSDT,ask,158,12163.0
2024-08-26 03:20:58,SOLUSDT,ask,158,12110.0
2024-08-26 03:20:58,SOLUSDT,ask,158,6411.0
2024-08-26 03:20:58,SOLUSDT,ask,158,6624.0
2024-08-26 03:20:58,SOLUSDT,ask,158,6364.0
2024-08-26 03:20:58,SOLUSDT,ask,158,6397.0
2024-08-26 03:20:59,SOLUSDT,ask,158,6395.0
2024-08-26 03:20:59,SOLUSDT,ask,158,12211.0
2024-08-26 03:21:01,SOLUSDT,ask,158,12311.0
2024-08-26 03:21:02,SOLUSDT,ask,158,6586.0
2024-08-26 03:21:02,SOLUSDT,ask,158,12336.0
2024-08-26 03:21:02,SOLUSDT,ask,158,12135.0
2024-08-26 03:21:04,SOLUSDT,ask,158,6379.0
2024-08-26 03:21:04,SOLUSDT,ask,158,6341.0
2024-08-26 03:21:04,SOLUSDT,ask,158,6371.0
2024-08-26 03:21:04,SOLUSDT,ask,158,6371.0
2024-08-26 03:21:04,SOLUSDT,ask,158,6350.0
2024-08-26 03:21:04,SOLUSDT,ask,158,6486.0
2024-08-26 03:21:08,SOLUSDT,ask,158,6304.0
2024-08-26 03:21:08,SOLUSDT,bid,140,9431.0
2024-08-26 03:21:08,SOLUSDT,ask,158,12110.0
2024-08-26 03:21:09,SOLUSDT,ask,158,6505.0
2024-08-26 03:21:09,SOLUSDT,ask,158,6298.0
2024-08-26 03:21:09,SOLUSDT,ask,158,6418.0
2024-08-26 03:21:10,SOLUSDT,ask,158,6313.0
2024-08-26 03:21:14,SOLUSDT,ask,158,12113.0
2024-08-26 03:21:14,SOLUSDT,ask,158,6416.0
2024-08-26 03:21:14,SOLUSDT,ask,158,6456.0
2024-08-26 03:21:14,SOLUSDT,ask,158,6381.0
2024-08-26 03:21:15,SOLUSDT,ask,158,6387.0
2024-08-26 03:21:16,SOLUSDT,ask,158,12110.0
2024-08-26 03:21:16,SOLUSDT,ask,158,12116.0
2024-08-26 03:21:16,SOLUSDT,ask,158,6310.0
2024-08-26 03:21:17,SOLUSDT,ask,158,6344.0
2024-08-26 03:21:17,SOLUSDT,ask,158,6326.0
2024-08-26 03:21:18,SOLUSDT,ask,158,6310.0
2024-08-26 03:22:12,SOLUSDT,bid,150,9973.0
2024-08-26 03:22:24,SOLUSDT,bid,154,8353.0
2024-08-26 03:23:29,SOLUSDT,bid,155,11002.0
2024-08-26 03:24:26,SOLUSDT,ask,180,5568.0
2024-08-26 03:24:35,SOLUSDT,bid,158,6375.0
2024-08-26 03:24:39,SOLUSDT,bid,158,6379.0
2024-08-26 03:24:41,SOLUSDT,bid,158,6404.0
2024-08-26 03:24:44,SOLUSDT,bid,158,6385.0
2024-08-26 03:24:44,SOLUSDT,bid,158,7599.0
2024-08-26 03:24:45,SOLUSDT,bid,158,7953.0
2024-08-26 03:24:46,SOLUSDT,bid,158,6443.0
2024-08-26 03:24:47,SOLUSDT,bid,158,6377.0
2024-08-26 03:24:49,SOLUSDT,bid,158,6344.0
2024-08-26 03:24:50,SOLUSDT,bid,158,6452.0
2024-08-26 03:24:51,SOLUSDT,bid,158,6356.0
2024-08-26 03:24:53,SOLUSDT,bid,158,6344.0
2024-08-26 03:25:07,SOLUSDT,ask,158,6540.0
2024-08-26 03:25:08,SOLUSDT,ask,158,6315.0
2024-08-26 03:25:10,SOLUSDT,ask,158,6316.0
2024-08-26 03:25:16,SOLUSDT,ask,158,6535.0
2024-08-26 03:25:17,SOLUSDT,ask,158,6608.0
2024-08-26 03:25:20,SOLUSDT,ask,158,6418.0
2024-08-26 03:25:20,SOLUSDT,ask,158,6413.0
2024-08-26 03:25:21,SOLUSDT,bid,95,21030.0
2024-08-26 03:25:21,SOLUSDT,ask,158,6633.0
2024-08-26 03:25:21,SOLUSDT,ask,158,6582.0
2024-08-26 03:25:22,SOLUSDT,ask,158,6548.0
2024-08-26 03:25:22,SOLUSDT,ask,158,6532.0
2024-08-26 03:25:23,SOLUSDT,ask,158,6627.0
2024-08-26 03:25:24,SOLUSDT,ask,158,6834.0
2024-08-26 03:25:25,SOLUSDT,ask,158,6317.0
2024-08-26 03:25:25,SOLUSDT,ask,158,6840.0
2024-08-26 03:25:27,SOLUSDT,ask,158,6425.0
2024-08-26 03:25:28,SOLUSDT,ask,158,6371.0
2024-08-26 03:25:28,SOLUSDT,ask,158,6364.0
2024-08-26 03:25:39,SOLUSDT,ask,158,6837.0
2024-08-26 03:25:39,SOLUSDT,ask,158,6834.0
2024-08-26 03:25:42,SOLUSDT,bid,145,8000.0
2024-08-26 03:25:43,SOLUSDT,bid,145,8079.0
2024-08-26 03:25:45,SOLUSDT,ask,158,6608.0
2024-08-26 03:25:45,SOLUSDT,ask,158,6343.0
2024-08-26 03:25:51,SOLUSDT,bid,155,11029.0
2024-08-26 03:26:42,SOLUSDT,ask,162,7512.0
2024-08-26 03:26:42,SOLUSDT,ask,162,7543.0
2024-08-26 03:26:57,SOLUSDT,bid,153,6544.0
2024-08-26 03:26:59,SOLUSDT,ask,162,7570.0
2024-08-26 03:27:02,SOLUSDT,bid,153,6549.0
2024-08-26 03:27:17,SOLUSDT,bid,155,11060.0
2024-08-26 03:27:45,SOLUSDT,bid,155,11029.0
2024-08-26 03:27:47,SOLUSDT,bid,150,14267.0
2024-08-26 03:28:08,SOLUSDT,bid,158,6510.0
2024-08-26 03:28:12,SOLUSDT,bid,158,6464.0
2024-08-26 03:28:16,SOLUSDT,bid,158,6437.0
2024-08-26 03:28:16,SOLUSDT,bid,158,6313.0
2024-08-26 03:28:17,SOLUSDT,ask,162,7545.0
2024-08-26 03:28:18,SOLUSDT,bid,158,6340.0
2024-08-26 03:28:20,SOLUSDT,bid,158,6535.0
2024-08-26 03:28:20,SOLUSDT,bid,158,6342.0
2024-08-26 03:28:21,SOLUSDT,bid,158,6457.0
2024-08-26 03:28:21,SOLUSDT,bid,158,6451.0
2024-08-26 03:28:24,SOLUSDT,ask,162,7514.0
2024-08-26 03:28:30,SOLUSDT,bid,158,6322.0
2024-08-26 03:28:35,SOLUSDT,bid,158,6443.0
2024-08-26 03:28:36,SOLUSDT,bid,158,6322.0
2024-08-26 03:28:36,SOLUSDT,bid,158,6340.0
2024-08-26 03:28:37,SOLUSDT,bid,158,6328.0
2024-08-26 03:28:58,SOLUSDT,ask,158,6421.0
2024-08-26 03:28:58,SOLUSDT,ask,158,6409.0
2024-08-26 03:28:58,SOLUSDT,ask,158,6410.0
2024-08-26 03:29:11,SOLUSDT,bid,153,6551.0
2024-08-26 03:29:11,SOLUSDT,bid,155,11027.0
2024-08-26 03:29:13,SOLUSDT,bid,158,6392.0
2024-08-26 03:29:14,SOLUSDT,bid,158,6331.0
2024-08-26 03:29:19,SOLUSDT,bid,158,7196.0
2024-08-26 03:29:21,SOLUSDT,bid,158,6367.0
2024-08-26 03:29:26,SOLUSDT,bid,158,6405.0
2024-08-26 03:29:26,SOLUSDT,bid,158,6408.0
2024-08-26 03:29:26,SOLUSDT,bid,158,6405.0
2024-08-26 03:29:26,SOLUSDT,bid,148,19851.0
2024-08-26 03:29:59,SOLUSDT,bid,148,19849.0
2024-08-26 03:30:09,SOLUSDT,bid,156,7361.0
2024-08-26 03:30:15,SOLUSDT,bid,148,19848.0
2024-08-26 03:30:26,SOLUSDT,bid,153,6549.0
2024-08-26 03:31:09,SOLUSDT,ask,162,7513.0
2024-08-26 03:32:30,SOLUSDT,ask,162,7514.0
2024-08-26 03:32:30,SOLUSDT,bid,156,7370.0
2024-08-26 03:32:31,SOLUSDT,bid,156,7397.0
2024-08-26 03:32:33,SOLUSDT,bid,145,8080.0
2024-08-26 03:32:39,SOLUSDT,ask,162,7494.0
2024-08-26 03:32:46,SOLUSDT,bid,150,14002.0
2024-08-26 03:32:51,SOLUSDT,bid,156,7388.0
2024-08-26 03:33:01,SOLUSDT,bid,155,11029.0
2024-08-26 03:33:03,SOLUSDT,bid,155,11027.0
2024-08-26 03:34:14,SOLUSDT,bid,155,11020.0
2024-08-26 03:34:37,SOLUSDT,ask,174,11518.0
2024-08-26 03:34:39,SOLUSDT,bid,158,6406.0
2024-08-26 03:34:39,SOLUSDT,bid,158,6410.0
2024-08-26 03:34:40,SOLUSDT,bid,158,6534.0
2024-08-26 03:34:41,SOLUSDT,bid,158,6404.0
2024-08-26 03:34:47,SOLUSDT,ask,174,11517.0
2024-08-26 03:34:56,SOLUSDT,bid,158,6436.0
2024-08-26 03:34:56,SOLUSDT,bid,158,6432.0
2024-08-26 03:35:20,SOLUSDT,ask,162,7480.0
2024-08-26 03:35:32,SOLUSDT,ask,158,7689.0
2024-08-26 03:35:34,SOLUSDT,bid,156,7358.0
2024-08-26 03:36:01,SOLUSDT,ask,162,7486.0
2024-08-26 03:36:52,SOLUSDT,ask,163,8038.0
2024-08-26 03:36:52,SOLUSDT,bid,158,6547.0
2024-08-26 03:36:52,SOLUSDT,bid,158,6548.0
2024-08-26 03:36:53,SOLUSDT,bid,158,6325.0
2024-08-26 03:36:54,SOLUSDT,bid,158,6547.0
2024-08-26 03:36:55,SOLUSDT,bid,158,6543.0
2024-08-26 03:36:55,SOLUSDT,bid,158,6326.0
2024-08-26 03:36:59,SOLUSDT,bid,158,6500.0
2024-08-26 03:37:22,SOLUSDT,ask,158,6307.0
2024-08-26 03:37:23,SOLUSDT,ask,158,6406.0
2024-08-26 03:37:25,SOLUSDT,ask,158,6313.0
2024-08-26 03:37:31,SOLUSDT,ask,158,6315.0
2024-08-26 03:37:32,SOLUSDT,ask,158,6459.0
2024-08-26 03:39:00,SOLUSDT,bid,155,11016.0
2024-08-26 03:39:13,SOLUSDT,ask,171,8315.0
2024-08-26 03:39:21,SOLUSDT,ask,162,7485.0
2024-08-26 03:39:45,SOLUSDT,bid,158,6346.0
2024-08-26 03:39:45,SOLUSDT,bid,158,7608.0
2024-08-26 03:39:52,SOLUSDT,bid,158,6313.0
2024-08-26 03:39:53,SOLUSDT,bid,158,7575.0
2024-08-26 03:40:14,SOLUSDT,bid,158,6311.0
2024-08-26 03:40:14,SOLUSDT,bid,158,7572.0
2024-08-26 03:41:01,SOLUSDT,ask,163,7980.0
2024-08-26 03:41:41,SOLUSDT,bid,156,7393.0
2024-08-26 03:41:42,SOLUSDT,bid,156,7362.0
2024-08-26 03:42:13,SOLUSDT,bid,155,11020.0
2024-08-26 03:42:59,SOLUSDT,ask,162,7474.0
2024-08-26 03:43:21,SOLUSDT,ask,163,8116.0
2024-08-26 03:45:09,SOLUSDT,ask,170,7720.0
2024-08-26 03:46:10,SOLUSDT,bid,158,6367.0
2024-08-26 03:46:13,SOLUSDT,bid,158,6314.0
2024-08-26 03:46:14,SOLUSDT,bid,158,6553.0
2024-08-26 03:46:15,SOLUSDT,bid,158,6306.0
2024-08-26 03:46:17,SOLUSDT,bid,158,6360.0
2024-08-26 03:46:17,SOLUSDT,bid,158,6539.0
2024-08-26 03:46:19,SOLUSDT,bid,158,6314.0
2024-08-26 03:46:20,SOLUSDT,bid,158,6322.0
2024-08-26 03:46:20,SOLUSDT,bid,158,6520.0
2024-08-26 03:46:20,SOLUSDT,bid,158,6323.0
2024-08-26 03:46:21,SOLUSDT,bid,158,6320.0
2024-08-26 03:46:21,SOLUSDT,bid,158,6562.0
2024-08-26 03:46:21,SOLUSDT,bid,158,6312.0
2024-08-26 03:46:22,SOLUSDT,bid,158,6424.0
2024-08-26 03:46:22,SOLUSDT,bid,158,6317.0
2024-08-26 03:46:22,SOLUSDT,bid,158,6423.0
2024-08-26 03:46:25,SOLUSDT,bid,158,6526.0
2024-08-26 03:46:36,SOLUSDT,bid,158,6326.0
2024-08-26 03:46:56,SOLUSDT,ask,158,6296.0
2024-08-26 03:47:02,SOLUSDT,ask,158,12251.0
2024-08-26 03:47:02,SOLUSDT,ask,158,12255.0
2024-08-26 03:47:03,SOLUSDT,ask,158,12125.0
2024-08-26 03:47:04,SOLUSDT,ask,158,12123.0
2024-08-26 03:47:04,SOLUSDT,ask,158,12123.0
2024-08-26 03:47:04,SOLUSDT,ask,158,6333.0
2024-08-26 03:47:05,SOLUSDT,ask,158,6345.0
2024-08-26 03:47:10,SOLUSDT,ask,158,6334.0
2024-08-26 03:47:10,SOLUSDT,ask,158,6327.0
2024-08-26 03:47:13,SOLUSDT,bid,145,8075.0
2024-08-26 03:48:54,SOLUSDT,ask,162,7476.0
2024-08-26 03:49:11,SOLUSDT,bid,155,11037.0
2024-08-26 03:49:30,SOLUSDT,ask,162,7474.0
2024-08-26 03:49:41,SOLUSDT,ask,180,5567.0
2024-08-26 03:49:59,SOLUSDT,bid,158,6320.0
2024-08-26 03:50:03,SOLUSDT,bid,158,6329.0
2024-08-26 03:50:04,SOLUSDT,bid,158,6518.0
2024-08-26 03:50:04,SOLUSDT,bid,158,6308.0
2024-08-26 03:50:05,SOLUSDT,bid,158,6395.0
2024-08-26 03:50:19,SOLUSDT,ask,180,5568.0
2024-08-26 03:50:27,SOLUSDT,bid,155,11043.0
2024-08-26 03:50:39,SOLUSDT,ask,180,5569.0
2024-08-26 03:51:14,SOLUSDT,bid,145,8074.0
2024-08-26 03:51:43,SOLUSDT,bid,155,11037.0
2024-08-26 03:52:07,SOLUSDT,ask,163,8125.0
2024-08-26 03:52:11,SOLUSDT,bid,153,6554.0
2024-08-26 03:52:49,SOLUSDT,bid,153,6549.0
2024-08-26 03:55:16,SOLUSDT,bid,158,6861.0
2024-08-26 03:55:17,SOLUSDT,bid,158,6293.0
2024-08-26 03:55:18,SOLUSDT,bid,158,6414.0
2024-08-26 03:55:19,SOLUSDT,bid,158,6293.0
2024-08-26 03:55:22,SOLUSDT,bid,158,6898.0
2024-08-26 03:55:23,SOLUSDT,bid,158,6861.0
2024-08-26 03:55:27,SOLUSDT,bid,153,6548.0
2024-08-26 03:55:32,SOLUSDT,bid,158,6325.0
2024-08-26 03:55:34,SOLUSDT,bid,158,6354.0
2024-08-26 03:55:38,SOLUSDT,bid,158,6322.0
2024-08-26 03:55:40,SOLUSDT,bid,158,6296.0
2024-08-26 03:55:40,SOLUSDT,bid,158,6880.0
2024-08-26 03:55:40,SOLUSDT,bid,158,6346.0
2024-08-26 03:55:40,SOLUSDT,bid,158,6318.0
2024-08-26 03:55:45,SOLUSDT,bid,158,6311.0
2024-08-26 03:55:49,SOLUSDT,bid,158,6292.0
2024-08-26 03:55:51,SOLUSDT,bid,155,11038.0
2024-08-26 03:55:51,SOLUSDT,bid,156,7363.0
2024-08-26 03:55:51,SOLUSDT,ask,162,7476.0
2024-08-26 03:55:51,SOLUSDT,ask,163,8126.0
2024-08-26 03:55:56,SOLUSDT,bid,158,6341.0
2024-08-26 03:55:56,SOLUSDT,bid,158,6313.0
2024-08-26 03:55:59,SOLUSDT,bid,158,6861.0
2024-08-26 03:55:59,SOLUSDT,bid,158,6322.0
2024-08-26 03:55:59,SOLUSDT,bid,158,6297.0
2024-08-26 03:55:59,SOLUSDT,bid,158,6341.0
2024-08-26 03:55:59,SOLUSDT,bid,158,6886.0
2024-08-26 03:55:59,SOLUSDT,bid,158,6342.0
2024-08-26 03:56:00,SOLUSDT,bid,158,6861.0
2024-08-26 03:56:00,SOLUSDT,bid,158,6880.0
2024-08-26 03:56:16,SOLUSDT,bid,155,11021.0
2024-08-26 03:56:19,SOLUSDT,bid,148,20002.0
2024-08-26 03:56:24,SOLUSDT,ask,158,6344.0
2024-08-26 03:56:25,SOLUSDT,ask,158,6343.0
2024-08-26 03:56:25,SOLUSDT,ask,158,6352.0
2024-08-26 03:56:26,SOLUSDT,ask,158,6352.0
2024-08-26 03:56:51,SOLUSDT,bid,148,20000.0
2024-08-26 03:56:55,SOLUSDT,ask,162,7486.0
2024-08-26 04:00:14,SOLUSDT,bid,156,7375.0
2024-08-26 04:00:14,SOLUSDT,bid,156,7387.0
2024-08-26 04:00:34,SOLUSDT,bid,156,7375.0
2024-08-26 04:00:54,SOLUSDT,bid,156,7363.0
2024-08-26 04:02:45,SOLUSDT,bid,154,35112.0
2024-08-26 04:02:57,SOLUSDT,bid,158,6407.0
2024-08-26 04:02:57,SOLUSDT,bid,158,6321.0
2024-08-26 04:02:57,SOLUSDT,bid,158,6554.0
2024-08-26 04:02:57,SOLUSDT,bid,158,6463.0
2024-08-26 04:04:08,SOLUSDT,bid,155,11079.0
2024-08-26 04:04:15,SOLUSDT,bid,156,7351.0
2024-08-26 04:04:29,SOLUSDT,ask,174,11518.0
2024-08-26 04:04:31,SOLUSDT,ask,174,11519.0
2024-08-26 04:04:32,SOLUSDT,ask,174,11520.0
2024-08-26 04:04:32,SOLUSDT,ask,174,11521.0
2024-08-26 04:04:38,SOLUSDT,ask,174,11520.0
2024-08-26 04:04:39,SOLUSDT,ask,174,11519.0
2024-08-26 04:04:40,SOLUSDT,ask,174,11518.0
2024-08-26 04:04:41,SOLUSDT,ask,174,11517.0
2024-08-26 04:04:42,SOLUSDT,bid,155,11171.0
2024-08-26 04:05:06,SOLUSDT,bid,155,11079.0
2024-08-26 04:05:29,SOLUSDT,bid,155,11168.0
2024-08-26 04:05:32,SOLUSDT,bid,158,6326.0
2024-08-26 04:05:33,SOLUSDT,bid,158,6324.0
2024-08-26 04:05:34,SOLUSDT,bid,158,6336.0
2024-08-26 04:05:37,SOLUSDT,bid,158,6298.0
2024-08-26 04:05:40,SOLUSDT,bid,158,6574.0
2024-08-26 04:05:44,SOLUSDT,bid,158,6367.0
2024-08-26 04:05:44,SOLUSDT,bid,158,6299.0
2024-08-26 04:05:44,SOLUSDT,bid,158,6299.0
2024-08-26 04:05:45,SOLUSDT,bid,158,6518.0
2024-08-26 04:05:54,SOLUSDT,ask,163,8176.0
2024-08-26 04:05:55,SOLUSDT,bid,158,6456.0
2024-08-26 04:05:55,SOLUSDT,bid,158,6455.0
2024-08-26 04:05:55,SOLUSDT,bid,158,6386.0
2024-08-26 04:06:14,SOLUSDT,bid,156,7366.0
2024-08-26 04:06:19,SOLUSDT,ask,158,6535.0
2024-08-26 04:06:20,SOLUSDT,ask,158,6481.0
2024-08-26 04:06:20,SOLUSDT,ask,158,6481.0
2024-08-26 04:06:23,SOLUSDT,ask,158,6518.0
2024-08-26 04:06:26,SOLUSDT,ask,158,6354.0
2024-08-26 04:06:54,SOLUSDT,bid,156,7351.0
2024-08-26 04:07:09,SOLUSDT,bid,138,12590.0
2024-08-26 04:09:22,SOLUSDT,ask,162,7487.0
2024-08-26 04:12:04,SOLUSDT,bid,155,11172.0
2024-08-26 04:12:04,SOLUSDT,ask,162,7491.0
2024-08-26 04:12:04,SOLUSDT,ask,163,8180.0
2024-08-26 04:13:18,SOLUSDT,bid,155,11183.0
2024-08-26 04:13:36,SOLUSDT,bid,155,11145.0
2024-08-26 04:15:14,SOLUSDT,bid,159,6354.0
2024-08-26 04:15:21,SOLUSDT,bid,159,6284.0
2024-08-26 04:15:26,SOLUSDT,bid,159,7043.0
2024-08-26 04:15:27,SOLUSDT,bid,159,6441.0
2024-08-26 04:15:27,SOLUSDT,bid,159,6494.0
2024-08-26 04:15:27,SOLUSDT,bid,159,6431.0
2024-08-26 04:15:28,SOLUSDT,bid,159,6493.0
2024-08-26 04:15:28,SOLUSDT,bid,159,6474.0
2024-08-26 04:15:29,SOLUSDT,bid,159,6369.0
2024-08-26 04:15:36,SOLUSDT,bid,159,6274.0
2024-08-26 04:15:36,SOLUSDT,bid,159,6277.0
2024-08-26 04:15:36,SOLUSDT,bid,159,6525.0
2024-08-26 04:15:36,SOLUSDT,bid,159,7069.0
2024-08-26 04:15:36,SOLUSDT,bid,159,6410.0
2024-08-26 04:15:36,SOLUSDT,bid,159,6435.0
2024-08-26 04:15:36,SOLUSDT,ask,163,8105.0
2024-08-26 04:15:37,SOLUSDT,bid,159,6438.0
2024-08-26 04:15:37,SOLUSDT,bid,159,6435.0
2024-08-26 04:15:37,SOLUSDT,bid,159,6276.0
2024-08-26 04:15:39,SOLUSDT,bid,159,6437.0
2024-08-26 04:15:39,SOLUSDT,bid,159,6273.0
2024-08-26 04:15:39,SOLUSDT,bid,159,6494.0
2024-08-26 04:15:41,SOLUSDT,bid,159,6733.0
2024-08-26 04:15:41,SOLUSDT,bid,159,6440.0
2024-08-26 04:15:42,SOLUSDT,bid,159,6437.0
2024-08-26 04:15:42,SOLUSDT,bid,159,6295.0
2024-08-26 04:15:44,SOLUSDT,bid,159,6473.0
2024-08-26 04:15:45,SOLUSDT,bid,159,6324.0
2024-08-26 04:15:47,SOLUSDT,bid,159,6292.0
2024-08-26 04:15:47,SOLUSDT,bid,159,6312.0
2024-08-26 04:15:47,SOLUSDT,bid,159,6310.0
2024-08-26 04:15:48,SOLUSDT,bid,159,6520.0
2024-08-26 04:15:48,SOLUSDT,bid,159,6508.0
2024-08-26 04:15:50,SOLUSDT,bid,159,6315.0
2024-08-26 04:15:53,SOLUSDT,bid,159,6307.0
2024-08-26 04:15:53,SOLUSDT,bid,159,6321.0
2024-08-26 04:15:53,SOLUSDT,bid,159,6412.0
2024-08-26 04:15:54,SOLUSDT,bid,159,6415.0
2024-08-26 04:15:54,SOLUSDT,bid,159,6320.0
2024-08-26 04:15:54,SOLUSDT,bid,159,6412.0
2024-08-26 04:15:54,SOLUSDT,bid,159,6433.0
2024-08-26 04:16:27,SOLUSDT,ask,159,6338.0
2024-08-26 04:16:33,SOLUSDT,ask,159,6318.0
2024-08-26 04:16:38,SOLUSDT,ask,159,6345.0
2024-08-26 04:16:42,SOLUSDT,bid,155,11209.0
2024-08-26 04:16:48,SOLUSDT,ask,159,6286.0
2024-08-26 04:16:49,SOLUSDT,ask,159,6280.0
2024-08-26 04:16:50,SOLUSDT,ask,159,6276.0
2024-08-26 04:16:50,SOLUSDT,bid,159,6285.0
2024-08-26 04:16:51,SOLUSDT,ask,159,6273.0
2024-08-26 04:17:11,SOLUSDT,bid,155,11109.0
2024-08-26 04:17:26,SOLUSDT,ask,176,28494.0
2024-08-26 04:17:41,SOLUSDT,ask,162,7490.0
2024-08-26 04:17:45,SOLUSDT,ask,170,7723.0
2024-08-26 04:17:59,SOLUSDT,bid,155,10655.0
2024-08-26 04:18:10,SOLUSDT,bid,155,10591.0
2024-08-26 04:18:20,SOLUSDT,bid,150,9972.0
2024-08-26 04:18:20,SOLUSDT,ask,162,7497.0
2024-08-26 04:18:33,SOLUSDT,bid,150,9971.0
2024-08-26 04:18:43,SOLUSDT,bid,153,6543.0
2024-08-26 04:18:43,SOLUSDT,bid,156,7346.0
2024-08-26 04:18:55,SOLUSDT,ask,163,8109.0
2024-08-26 04:19:02,SOLUSDT,ask,170,7727.0
2024-08-26 04:19:11,SOLUSDT,ask,162,7689.0
2024-08-26 04:19:32,SOLUSDT,bid,148,7402.0
2024-08-26 04:19:40,SOLUSDT,ask,162,7511.0
2024-08-26 04:19:40,SOLUSDT,bid,155,10859.0
2024-08-26 04:19:41,SOLUSDT,bid,159,6330.0
2024-08-26 04:19:41,SOLUSDT,ask,162,7492.0
2024-08-26 04:19:45,SOLUSDT,bid,159,6296.0
2024-08-26 04:19:50,SOLUSDT,bid,159,6270.0
2024-08-26 04:19:53,SOLUSDT,ask,162,7489.0
2024-08-26 04:19:53,SOLUSDT,ask,163,8118.0
2024-08-26 04:19:55,SOLUSDT,bid,145,8072.0
2024-08-26 04:19:55,SOLUSDT,bid,148,19846.0
2024-08-26 04:19:55,SOLUSDT,bid,150,9969.0
2024-08-26 04:19:55,SOLUSDT,bid,153,6541.0
2024-08-26 04:19:58,SOLUSDT,bid,148,7400.0
2024-08-26 04:20:03,SOLUSDT,ask,175,33259.0
2024-08-26 04:20:13,SOLUSDT,bid,153,6540.0
2024-08-26 04:20:14,SOLUSDT,bid,153,6554.0
2024-08-26 04:20:25,SOLUSDT,bid,150,9968.0
2024-08-26 04:20:28,SOLUSDT,ask,162,7521.0
2024-08-26 04:20:48,SOLUSDT,bid,150,9965.0
2024-08-26 04:21:40,SOLUSDT,ask,162,7481.0
2024-08-26 04:21:42,SOLUSDT,ask,163,8136.0
2024-08-26 04:21:43,SOLUSDT,ask,170,7726.0
2024-08-26 04:21:43,SOLUSDT,ask,175,33258.0
2024-08-26 04:21:44,SOLUSDT,bid,153,6546.0
2024-08-26 04:21:47,SOLUSDT,bid,155,10855.0
2024-08-26 04:21:57,SOLUSDT,bid,140,9429.0
2024-08-26 04:22:00,SOLUSDT,bid,150,9966.0
2024-08-26 04:22:00,SOLUSDT,bid,156,7342.0
2024-08-26 04:22:02,SOLUSDT,bid,150,9962.0
2024-08-26 04:22:05,SOLUSDT,bid,153,6547.0
2024-08-26 04:22:06,SOLUSDT,bid,153,6548.0
2024-08-26 04:22:07,SOLUSDT,ask,162,7483.0
2024-08-26 04:22:10,SOLUSDT,bid,155,10851.0
2024-08-26 04:22:12,SOLUSDT,ask,162,7502.0
2024-08-26 04:22:12,SOLUSDT,bid,153,6547.0
2024-08-26 04:22:12,SOLUSDT,bid,153,6546.0
2024-08-26 04:22:20,SOLUSDT,ask,162,7512.0
2024-08-26 04:22:23,SOLUSDT,ask,162,7542.0
2024-08-26 04:22:27,SOLUSDT,bid,153,6547.0
2024-08-26 04:22:27,SOLUSDT,bid,153,6548.0
2024-08-26 04:22:27,SOLUSDT,ask,162,7539.0
2024-08-26 04:22:28,SOLUSDT,bid,153,6549.0
2024-08-26 04:22:33,SOLUSDT,bid,153,6548.0
2024-08-26 04:22:33,SOLUSDT,bid,153,6547.0
2024-08-26 04:22:35,SOLUSDT,bid,153,6546.0
2024-08-26 04:22:35,SOLUSDT,bid,153,6547.0
2024-08-26 04:22:35,SOLUSDT,bid,153,6548.0
2024-08-26 04:22:38,SOLUSDT,ask,162,7542.0
2024-08-26 04:22:39,SOLUSDT,bid,150,9714.0
2024-08-26 04:22:42,SOLUSDT,bid,153,6547.0
2024-08-26 04:22:42,SOLUSDT,bid,153,6546.0
2024-08-26 04:22:54,SOLUSDT,ask,162,7531.0
2024-08-26 04:22:56,SOLUSDT,ask,172,11865.0
2024-08-26 04:23:03,SOLUSDT,ask,172,11898.0
2024-08-26 04:23:09,SOLUSDT,ask,162,7451.0
2024-08-26 04:23:15,SOLUSDT,ask,162,7450.0
2024-08-26 04:23:27,SOLUSDT,ask,167,11298.0
2024-08-26 04:23:28,SOLUSDT,ask,163,8134.0
2024-08-26 04:23:52,SOLUSDT,bid,155,10840.0
2024-08-26 04:23:59,SOLUSDT,ask,162,7451.0
2024-08-26 04:24:05,SOLUSDT,ask,162,7452.0
2024-08-26 04:24:16,SOLUSDT,ask,162,7470.0
2024-08-26 04:24:23,SOLUSDT,ask,162,7479.0
2024-08-26 04:24:31,SOLUSDT,ask,162,7486.0
2024-08-26 04:24:36,SOLUSDT,ask,170,7746.0
2024-08-26 04:24:40,SOLUSDT,ask,162,7479.0
2024-08-26 04:25:02,SOLUSDT,ask,171,8315.0
2024-08-26 04:25:04,SOLUSDT,ask,163,8140.0
2024-08-26 04:25:04,SOLUSDT,ask,162,7478.0
2024-08-26 04:25:10,SOLUSDT,ask,162,7483.0
2024-08-26 04:25:34,SOLUSDT,ask,176,28602.0
2024-08-26 04:25:38,SOLUSDT,bid,155,10841.0
2024-08-26 04:25:40,SOLUSDT,bid,155,10840.0
2024-08-26 04:25:42,SOLUSDT,bid,148,19849.0
2024-08-26 04:25:43,SOLUSDT,ask,162,7482.0
2024-08-26 04:25:43,SOLUSDT,ask,163,8139.0
2024-08-26 04:25:53,SOLUSDT,ask,162,7466.0
2024-08-26 04:26:18,SOLUSDT,ask,163,8439.0
2024-08-26 04:26:26,SOLUSDT,ask,171,8320.0
2024-08-26 04:26:39,SOLUSDT,bid,155,10340.0
2024-08-26 04:26:49,SOLUSDT,ask,162,7422.0
2024-08-26 04:26:49,SOLUSDT,ask,163,8483.0
2024-08-26 04:27:23,SOLUSDT,ask,162,9398.0
2024-08-26 04:27:24,SOLUSDT,ask,162,9389.0
2024-08-26 04:27:42,SOLUSDT,ask,180,6797.0
2024-08-26 04:27:48,SOLUSDT,ask,162,9402.0
2024-08-26 04:28:08,SOLUSDT,ask,162,9389.0
2024-08-26 04:28:25,SOLUSDT,ask,163,8504.0
2024-08-26 04:28:25,SOLUSDT,ask,170,7727.0
2024-08-26 04:28:29,SOLUSDT,ask,163,8486.0
2024-08-26 04:28:29,SOLUSDT,ask,170,7744.0
2024-08-26 04:28:29,SOLUSDT,ask,163,8516.0
2024-08-26 04:28:36,SOLUSDT,ask,162,9388.0
2024-08-26 04:28:55,SOLUSDT,ask,163,8525.0
2024-08-26 04:28:55,SOLUSDT,ask,163,8534.0
2024-08-26 04:28:56,SOLUSDT,bid,145,8062.0
2024-08-26 04:28:56,SOLUSDT,bid,148,19834.0
2024-08-26 04:28:56,SOLUSDT,bid,150,9706.0
2024-08-26 04:28:56,SOLUSDT,bid,155,10335.0
2024-08-26 04:28:58,SOLUSDT,ask,162,9395.0
2024-08-26 04:29:08,SOLUSDT,ask,163,8234.0
2024-08-26 04:29:10,SOLUSDT,ask,162,9395.0
2024-08-26 04:29:14,SOLUSDT,ask,162,9455.0
2024-08-26 04:29:30,SOLUSDT,bid,153,6547.0
2024-08-26 04:29:30,SOLUSDT,ask,162,9468.0
2024-08-26 04:29:32,SOLUSDT,ask,163,8225.0
2024-08-26 04:29:41,SOLUSDT,bid,153,6546.0
2024-08-26 04:29:54,SOLUSDT,ask,163,8216.0
2024-08-26 04:30:02,SOLUSDT,ask,170,7770.0
2024-08-26 04:30:33,SOLUSDT,ask,162,9455.0
2024-08-26 04:30:36,SOLUSDT,ask,162,9418.0
2024-08-26 04:30:47,SOLUSDT,ask,162,9358.0
2024-08-26 04:31:55,SOLUSDT,ask,162,9359.0
2024-08-26 04:32:04,SOLUSDT,bid,150,9694.0
2024-08-26 04:32:06,SOLUSDT,bid,155,10334.0
2024-08-26 04:32:12,SOLUSDT,bid,153,6544.0
2024-08-26 04:32:17,SOLUSDT,bid,155,10335.0
2024-08-26 04:32:17,SOLUSDT,ask,163,8217.0
2024-08-26 04:32:44,SOLUSDT,ask,170,7800.0
2024-08-26 04:33:02,SOLUSDT,bid,148,19829.0
2024-08-26 04:33:08,SOLUSDT,bid,153,6545.0
2024-08-26 04:33:26,SOLUSDT,ask,162,9382.0
2024-08-26 04:33:33,SOLUSDT,bid,153,6544.0
2024-08-26 04:33:34,SOLUSDT,ask,162,9381.0
2024-08-26 04:33:36,SOLUSDT,ask,163,8218.0
2024-08-26 04:33:48,SOLUSDT,ask,170,7802.0
2024-08-26 04:34:07,SOLUSDT,ask,163,8210.0
2024-08-26 04:34:23,SOLUSDT,ask,167,11307.0
2024-08-26 04:34:26,SOLUSDT,ask,163,8218.0
2024-08-26 04:34:26,SOLUSDT,ask,163,8226.0
2024-08-26 04:34:27,SOLUSDT,ask,163,8232.0
2024-08-26 04:34:28,SOLUSDT,ask,163,8240.0
2024-08-26 04:34:28,SOLUSDT,ask,163,8246.0
2024-08-26 04:34:28,SOLUSDT,ask,163,8254.0
2024-08-26 04:34:37,SOLUSDT,bid,153,6556.0
2024-08-26 04:35:04,SOLUSDT,ask,162,9376.0
2024-08-26 04:35:11,SOLUSDT,ask,163,8224.0
2024-08-26 04:35:40,SOLUSDT,ask,167,11308.0
2024-08-26 04:35:43,SOLUSDT,ask,163,8212.0
2024-08-26 04:35:44,SOLUSDT,ask,162,9377.0
2024-08-26 04:35:44,SOLUSDT,bid,150,9700.0
2024-08-26 04:36:03,SOLUSDT,ask,162,9386.0
2024-08-26 04:36:16,SOLUSDT,ask,163,8871.0
2024-08-26 04:36:24,SOLUSDT,ask,163,8872.0
2024-08-26 04:36:31,SOLUSDT,ask,170,7776.0
2024-08-26 04:36:40,SOLUSDT,bid,148,19799.0
2024-08-26 04:36:40,SOLUSDT,ask,170,7802.0
2024-08-26 04:36:41,SOLUSDT,ask,162,9425.0
2024-08-26 04:36:44,SOLUSDT,ask,162,9432.0
2024-08-26 04:36:45,SOLUSDT,ask,162,9435.0
2024-08-26 04:37:05,SOLUSDT,ask,162,9403.0
2024-08-26 04:37:05,SOLUSDT,bid,138,12490.0
2024-08-26 04:37:27,SOLUSDT,ask,162,9401.0
2024-08-26 04:37:31,SOLUSDT,bid,160,6791.0
2024-08-26 04:37:39,SOLUSDT,bid,160,6224.0
2024-08-26 04:37:39,SOLUSDT,bid,160,6224.0
2024-08-26 04:37:43,SOLUSDT,ask,162,9394.0
2024-08-26 04:37:44,SOLUSDT,bid,160,6225.0
2024-08-26 04:37:46,SOLUSDT,ask,163,8879.0
2024-08-26 04:37:49,SOLUSDT,bid,160,6229.0
2024-08-26 04:37:56,SOLUSDT,ask,160,6338.0
2024-08-26 04:37:58,SOLUSDT,bid,160,6277.0
2024-08-26 04:37:58,SOLUSDT,ask,160,6410.0
2024-08-26 04:37:58,SOLUSDT,ask,160,6400.0
2024-08-26 04:37:59,SOLUSDT,ask,160,6555.0
2024-08-26 04:37:59,SOLUSDT,ask,160,6400.0
2024-08-26 04:37:59,SOLUSDT,ask,160,6555.0
2024-08-26 04:37:59,SOLUSDT,ask,160,6410.0
2024-08-26 04:38:00,SOLUSDT,ask,160,6400.0
2024-08-26 04:38:00,SOLUSDT,ask,160,6375.0
2024-08-26 04:38:08,SOLUSDT,bid,155,10348.0
2024-08-26 04:38:12,SOLUSDT,ask,163,8220.0
2024-08-26 04:38:14,SOLUSDT,bid,160,6269.0
2024-08-26 04:38:14,SOLUSDT,bid,160,6265.0
2024-08-26 04:38:16,SOLUSDT,ask,162,9316.0
2024-08-26 04:38:16,SOLUSDT,bid,160,6266.0
2024-08-26 04:38:24,SOLUSDT,bid,145,8046.0
2024-08-26 04:38:49,SOLUSDT,ask,162,9304.0
2024-08-26 04:38:55,SOLUSDT,bid,153,6555.0
2024-08-26 04:38:55,SOLUSDT,ask,162,9303.0
2024-08-26 04:38:59,SOLUSDT,ask,171,8322.0
2024-08-26 04:39:02,SOLUSDT,ask,167,11323.0
2024-08-26 04:39:11,SOLUSDT,ask,180,6812.0
2024-08-26 04:39:26,SOLUSDT,ask,163,8212.0
2024-08-26 04:39:27,SOLUSDT,ask,163,8204.0
2024-08-26 04:39:27,SOLUSDT,ask,163,8198.0
2024-08-26 04:39:28,SOLUSDT,ask,163,8184.0
2024-08-26 04:39:29,SOLUSDT,ask,163,8176.0
2024-08-26 04:39:44,SOLUSDT,bid,160,6657.0
2024-08-26 04:39:44,SOLUSDT,bid,160,6528.0
2024-08-26 04:39:44,SOLUSDT,bid,160,6528.0
2024-08-26 04:39:45,SOLUSDT,bid,160,6580.0
2024-08-26 04:39:47,SOLUSDT,bid,160,6445.0
2024-08-26 04:39:48,SOLUSDT,bid,160,6439.0
2024-08-26 04:39:50,SOLUSDT,bid,160,6298.0
2024-08-26 04:40:01,SOLUSDT,bid,160,6255.0
2024-08-26 04:40:01,SOLUSDT,bid,160,6272.0
2024-08-26 04:40:02,SOLUSDT,bid,160,6317.0
2024-08-26 04:40:03,SOLUSDT,ask,170,7810.0
2024-08-26 04:40:06,SOLUSDT,bid,160,6397.0
2024-08-26 04:40:07,SOLUSDT,bid,160,6329.0
2024-08-26 04:40:10,SOLUSDT,bid,160,6323.0
2024-08-26 04:40:10,SOLUSDT,bid,160,6318.0
2024-08-26 04:40:10,SOLUSDT,bid,160,6464.0
2024-08-26 04:40:10,SOLUSDT,bid,160,6266.0
2024-08-26 04:40:11,SOLUSDT,bid,160,6526.0
2024-08-26 04:40:12,SOLUSDT,bid,160,6423.0
2024-08-26 04:40:12,SOLUSDT,bid,160,6464.0
2024-08-26 04:40:14,SOLUSDT,bid,160,6290.0
2024-08-26 04:40:14,SOLUSDT,bid,160,6260.0
2024-08-26 04:40:14,SOLUSDT,bid,160,6320.0
2024-08-26 04:40:14,SOLUSDT,bid,160,6626.0
2024-08-26 04:40:14,SOLUSDT,bid,160,6277.0
2024-08-26 04:40:15,SOLUSDT,bid,160,6279.0
2024-08-26 04:40:15,SOLUSDT,bid,160,6336.0
2024-08-26 04:40:20,SOLUSDT,ask,162,9319.0
2024-08-26 04:40:21,SOLUSDT,ask,163,8184.0
2024-08-26 04:40:24,SOLUSDT,ask,162,9320.0
2024-08-26 04:40:29,SOLUSDT,ask,163,8185.0
2024-08-26 04:40:31,SOLUSDT,bid,153,6556.0
2024-08-26 04:40:31,SOLUSDT,bid,153,6557.0
2024-08-26 04:40:34,SOLUSDT,ask,170,7815.0
2024-08-26 04:40:37,SOLUSDT,bid,153,6556.0
2024-08-26 04:40:37,SOLUSDT,bid,153,6555.0
2024-08-26 04:40:53,SOLUSDT,ask,161,6450.0
2024-08-26 04:40:56,SOLUSDT,ask,161,6339.0
2024-08-26 04:40:56,SOLUSDT,ask,161,6575.0
2024-08-26 04:40:56,SOLUSDT,ask,161,6575.0
2024-08-26 04:40:58,SOLUSDT,ask,161,6229.0
2024-08-26 04:40:59,SOLUSDT,ask,161,6254.0
2024-08-26 04:41:01,SOLUSDT,ask,161,6285.0
2024-08-26 04:41:11,SOLUSDT,bid,148,19796.0
2024-08-26 04:41:21,SOLUSDT,ask,163,8179.0
2024-08-26 04:41:22,SOLUSDT,ask,162,9385.0
2024-08-26 04:41:26,SOLUSDT,ask,162,9575.0
2024-08-26 04:41:39,SOLUSDT,ask,162,9574.0
2024-08-26 04:41:59,SOLUSDT,bid,155,10347.0
2024-08-26 04:42:19,SOLUSDT,bid,153,6548.0
2024-08-26 04:42:47,SOLUSDT,ask,163,8180.0
2024-08-26 04:42:57,SOLUSDT,ask,163,8182.0
2024-08-26 04:43:08,SOLUSDT,ask,172,13148.0
2024-08-26 04:43:08,SOLUSDT,ask,180,5562.0
2024-08-26 04:43:13,SOLUSDT,bid,145,8045.0
2024-08-26 04:43:43,SOLUSDT,bid,150,9720.0
2024-08-26 04:44:19,SOLUSDT,ask,162,9886.0
2024-08-26 04:44:21,SOLUSDT,bid,155,10346.0
2024-08-26 04:44:21,SOLUSDT,ask,170,7814.0
2024-08-26 04:44:25,SOLUSDT,ask,163,8180.0
2024-08-26 04:44:36,SOLUSDT,bid,155,11346.0
2024-08-26 04:44:43,SOLUSDT,bid,140,9329.0
2024-08-26 04:44:43,SOLUSDT,ask,162,9958.0
2024-08-26 04:44:53,SOLUSDT,bid,140,9229.0
2024-08-26 04:44:54,SOLUSDT,ask,162,9649.0
2024-08-26 04:44:56,SOLUSDT,ask,170,7552.0
2024-08-26 04:44:59,SOLUSDT,ask,162,9640.0
2024-08-26 04:45:00,SOLUSDT,ask,162,9643.0
2024-08-26 04:45:12,SOLUSDT,bid,153,6550.0
2024-08-26 04:45:13,SOLUSDT,ask,163,8487.0
2024-08-26 04:45:24,SOLUSDT,ask,170,7555.0
2024-08-26 04:45:28,SOLUSDT,bid,145,8050.0
2024-08-26 04:45:45,SOLUSDT,bid,150,9729.0
2024-08-26 04:45:50,SOLUSDT,ask,163,7882.0
2024-08-26 04:46:09,SOLUSDT,ask,175,33259.0
2024-08-26 04:46:10,SOLUSDT,ask,170,7538.0
2024-08-26 04:46:15,SOLUSDT,ask,162,9644.0
2024-08-26 04:46:15,SOLUSDT,ask,163,7879.0
