2024-08-18 07:19:56,ETHUSDT,bid,1700,6040.451
2024-08-18 07:28:30,ETHUSDT,bid,1700,6040.422
2024-08-18 07:35:08,ETHUSDT,bid,1700,6040.452
2024-08-18 07:41:44,ETHUSDT,bid,1700,6040.363
2024-08-18 08:03:17,ETHUSDT,bid,2270,4491.621
2024-08-18 08:03:45,ETHUSDT,bid,2270,4491.402
2024-08-18 08:05:30,ETHUSDT,bid,1700,6040.951
2024-08-18 08:11:30,ETHUSDT,bid,2350,4411.786
2024-08-18 08:11:33,ETHUSDT,bid,2350,4411.796
2024-08-18 08:12:26,ETHUSDT,bid,2350,4411.786
2024-08-18 08:19:57,ETHUSDT,bid,2270,4491.392
2024-08-18 08:29:24,ETHUSDT,bid,2350,4411.828
2024-08-18 08:38:39,ETHUSDT,bid,2250,4443.614
2024-08-18 08:53:20,ETHUSDT,bid,1700,6041.158
2024-08-18 09:18:49,ETHUSDT,bid,1950,5118.928
2024-08-18 09:52:27,ETHUSDT,bid,2350,4411.786
2024-08-18 09:58:26,ETHUSDT,bid,2360,4232.419
2024-08-18 09:59:44,ETHUSDT,ask,2890,3458.534
2024-08-18 10:00:06,ETHUSDT,ask,2890,3458.524
2024-08-18 10:04:08,ETHUSDT,bid,1700,6040.945
2024-08-18 10:05:48,ETHUSDT,bid,2360,4232.429
2024-08-18 10:06:20,ETHUSDT,bid,2360,4232.419
2024-08-18 10:21:03,ETHUSDT,bid,2270,4491.362
2024-08-18 10:21:11,ETHUSDT,bid,1700,6041.002
2024-08-18 10:21:11,ETHUSDT,bid,2270,4491.404
2024-08-18 10:23:29,ETHUSDT,bid,1700,6040.795
2024-08-18 10:51:36,ETHUSDT,ask,2890,3455.589
2024-08-18 11:02:34,ETHUSDT,bid,2350,4411.828
2024-08-18 11:04:04,ETHUSDT,bid,1700,6040.672
2024-08-18 11:04:04,ETHUSDT,bid,2270,4491.281
2024-08-18 11:08:22,ETHUSDT,bid,1700,6040.254
2024-08-18 11:17:49,ETHUSDT,bid,1960,5142.73
2024-08-18 11:20:52,ETHUSDT,bid,1700,6040.461
2024-08-18 11:22:55,ETHUSDT,bid,1700,6040.804
2024-08-18 11:23:21,ETHUSDT,bid,1700,6040.597
2024-08-18 11:25:44,ETHUSDT,bid,2340,4275.272
2024-08-18 11:25:47,ETHUSDT,bid,2340,4275.281
2024-08-18 11:25:47,ETHUSDT,bid,2340,4275.291
2024-08-18 11:25:47,ETHUSDT,bid,2340,4275.3
2024-08-18 11:25:53,ETHUSDT,bid,2340,4275.291
2024-08-18 11:25:56,ETHUSDT,bid,2340,4275.282
2024-08-18 11:25:56,ETHUSDT,bid,2340,4275.273
2024-08-18 11:26:28,ETHUSDT,bid,2340,4275.263
2024-08-18 11:28:38,ETHUSDT,bid,2350,4410.828
2024-08-18 11:44:49,ETHUSDT,bid,1700,6040.804
2024-08-18 11:51:00,ETHUSDT,bid,2340,4275.273
2024-08-18 11:51:00,ETHUSDT,bid,2340,4275.273
2024-08-18 11:51:53,ETHUSDT,bid,2340,4275.263
2024-08-18 11:55:01,ETHUSDT,bid,2340,4275.273
2024-08-18 11:55:59,ETHUSDT,bid,2340,4275.263
2024-08-18 11:56:26,ETHUSDT,bid,2340,4275.273
2024-08-18 11:56:27,ETHUSDT,bid,2340,4275.283
2024-08-18 11:57:28,ETHUSDT,bid,2340,4275.273
2024-08-18 11:57:30,ETHUSDT,bid,2340,4275.263
2024-08-18 11:57:32,ETHUSDT,bid,2340,4275.263
2024-08-18 11:59:28,ETHUSDT,bid,2340,4275.273
2024-08-18 11:59:43,ETHUSDT,bid,2340,4275.273
2024-08-18 11:59:45,ETHUSDT,bid,2340,4275.273
2024-08-18 11:59:46,ETHUSDT,bid,2340,4275.273
2024-08-18 11:59:47,ETHUSDT,bid,2340,4275.273
2024-08-18 11:59:48,ETHUSDT,bid,2340,4275.273
2024-08-18 11:59:49,ETHUSDT,bid,2340,4275.273
2024-08-18 12:00:16,ETHUSDT,bid,2340,4275.273
2024-08-18 12:00:16,ETHUSDT,bid,2340,4275.263
2024-08-18 12:00:16,ETHUSDT,bid,2340,4275.263
2024-08-18 12:00:17,ETHUSDT,bid,2340,4275.272
2024-08-18 12:00:17,ETHUSDT,bid,2340,4275.263
2024-08-18 12:00:18,ETHUSDT,bid,2340,4275.263
2024-08-18 12:00:19,ETHUSDT,bid,2340,4275.263
2024-08-18 12:06:43,ETHUSDT,bid,1700,6039.628
2024-08-18 12:09:52,ETHUSDT,bid,2140,4703.075
2024-08-18 12:11:25,ETHUSDT,bid,2280,4385.053
2024-08-18 12:29:37,ETHUSDT,bid,2340,4275.272
2024-08-18 12:29:46,ETHUSDT,bid,2340,4275.263
2024-08-18 12:30:42,ETHUSDT,bid,2270,4491.83
2024-08-18 12:41:49,ETHUSDT,bid,2270,4491.73
2024-08-18 13:00:53,ETHUSDT,bid,2340,4275.272
2024-08-18 13:01:02,ETHUSDT,bid,2340,4275.263
2024-08-18 13:42:38,ETHUSDT,bid,2270,4491.779
2024-08-18 13:43:20,ETHUSDT,bid,2140,4773.167
2024-08-18 14:08:17,ETHUSDT,bid,2270,4491.73
2024-08-18 14:12:19,ETHUSDT,bid,2340,4275.273
2024-08-18 14:13:00,ETHUSDT,bid,2340,4275.263
2024-08-18 14:21:10,ETHUSDT,bid,2140,4773.537
2024-08-18 14:34:01,ETHUSDT,bid,2270,4491.584
2024-08-18 14:34:16,ETHUSDT,bid,2350,4411.252
2024-08-18 14:57:11,ETHUSDT,bid,2140,4773.167
2024-08-18 14:58:57,ETHUSDT,bid,2140,4773.151
2024-08-18 15:00:06,ETHUSDT,bid,2140,4773.336
2024-08-18 15:07:20,ETHUSDT,bid,2290,4364.716
2024-08-18 15:16:35,ETHUSDT,bid,2270,4491.596
2024-08-18 15:21:56,ETHUSDT,bid,2270,4487.151
2024-08-18 15:38:30,ETHUSDT,bid,1700,6039.583
2024-08-18 15:38:30,ETHUSDT,bid,2140,4773.291
2024-08-18 15:50:22,ETHUSDT,bid,2350,4411.268
2024-08-18 15:50:23,ETHUSDT,bid,2350,4411.316
2024-08-18 15:50:23,ETHUSDT,bid,2350,4411.348
2024-08-18 15:50:23,ETHUSDT,bid,2350,4411.373
2024-08-18 15:50:23,ETHUSDT,bid,2350,4411.364
2024-08-18 15:50:23,ETHUSDT,bid,2350,4411.38
2024-08-18 15:50:24,ETHUSDT,bid,2350,4411.38
2024-08-18 15:50:25,ETHUSDT,bid,2350,4411.38
2024-08-18 15:50:25,ETHUSDT,bid,2350,4411.396
2024-08-18 15:50:26,ETHUSDT,bid,2350,4411.428
2024-08-18 15:50:26,ETHUSDT,bid,2350,4411.444
2024-08-18 15:50:26,ETHUSDT,bid,2350,4411.444
2024-08-18 15:50:27,ETHUSDT,bid,2350,4411.46
2024-08-18 15:50:27,ETHUSDT,bid,2350,4411.476
2024-08-18 15:50:27,ETHUSDT,bid,2350,4411.476
2024-08-18 15:59:08,ETHUSDT,bid,2350,4411.486
2024-08-18 15:59:08,ETHUSDT,bid,2350,4411.496
2024-08-18 15:59:08,ETHUSDT,bid,2350,4411.506
2024-08-18 15:59:09,ETHUSDT,bid,2350,4411.516
2024-08-18 15:59:10,ETHUSDT,bid,2350,4411.526
2024-08-18 15:59:10,ETHUSDT,bid,2350,4411.536
2024-08-18 15:59:45,ETHUSDT,bid,2350,4411.526
2024-08-18 15:59:45,ETHUSDT,bid,2350,4411.516
2024-08-18 15:59:47,ETHUSDT,bid,2350,4411.496
2024-08-18 15:59:50,ETHUSDT,bid,2350,4411.486
2024-08-18 15:59:50,ETHUSDT,bid,2350,4411.476
2024-08-18 16:00:23,ETHUSDT,bid,2350,4411.444
2024-08-18 16:00:23,ETHUSDT,bid,2350,4411.412
2024-08-18 16:00:23,ETHUSDT,bid,2350,4411.38
2024-08-18 16:00:23,ETHUSDT,bid,2350,4411.364
2024-08-18 16:00:24,ETHUSDT,bid,2350,4411.348
2024-08-18 16:00:25,ETHUSDT,bid,2350,4411.332
2024-08-18 16:00:26,ETHUSDT,bid,2350,4411.3
2024-08-18 16:00:26,ETHUSDT,bid,2350,4411.284
2024-08-18 16:00:27,ETHUSDT,bid,2350,4411.268
2024-08-18 16:00:27,ETHUSDT,bid,2350,4411.252
2024-08-18 16:00:36,ETHUSDT,bid,2350,4411.262
2024-08-18 16:01:01,ETHUSDT,bid,2350,4411.272
2024-08-18 16:01:34,ETHUSDT,bid,2350,4411.262
2024-08-18 16:01:43,ETHUSDT,bid,2350,4411.252
2024-08-18 16:10:17,ETHUSDT,bid,2350,4411.21
2024-08-18 16:16:15,ETHUSDT,bid,2360,4232.419
2024-08-18 16:16:15,ETHUSDT,bid,2360,4232.429
2024-08-18 16:16:55,ETHUSDT,bid,2360,4232.419
2024-08-18 16:17:36,ETHUSDT,bid,2350,4389.47
2024-08-18 16:34:34,ETHUSDT,bid,1710,5861.668
2024-08-18 16:50:45,ETHUSDT,bid,1700,6034.249
2024-08-18 16:52:14,ETHUSDT,ask,2910,3461.304
2024-08-18 16:52:24,ETHUSDT,ask,2910,3461.304
2024-08-18 16:52:28,ETHUSDT,ask,2910,3461.294
2024-08-18 16:58:37,ETHUSDT,ask,2900,3440.438
2024-08-18 16:59:11,ETHUSDT,ask,2900,3440.438
2024-08-18 16:59:48,ETHUSDT,ask,2900,3440.428
2024-08-18 17:00:46,ETHUSDT,ask,2910,3461.304
2024-08-18 17:01:33,ETHUSDT,ask,2910,3461.294
2024-08-18 17:02:48,ETHUSDT,ask,2910,3461.294
2024-08-18 17:06:30,ETHUSDT,bid,1700,6034.237
2024-08-18 17:15:48,ETHUSDT,bid,1700,6034.213
2024-08-18 17:17:14,ETHUSDT,ask,2900,3439.85
2024-08-18 17:19:38,ETHUSDT,bid,2270,4437.151
2024-08-18 17:34:53,ETHUSDT,bid,2350,4390.743
2024-08-18 17:54:15,ETHUSDT,ask,2910,3461.294
2024-08-18 17:55:51,ETHUSDT,bid,2140,4773.281
2024-08-18 17:58:57,ETHUSDT,ask,2900,3439.86
2024-08-18 17:59:37,ETHUSDT,ask,2900,3439.85
2024-08-18 18:00:58,ETHUSDT,ask,2900,3439.86
2024-08-18 18:00:58,ETHUSDT,ask,2900,3439.87
2024-08-18 18:00:58,ETHUSDT,ask,2900,3439.88
2024-08-18 18:01:50,ETHUSDT,ask,2900,3439.88
2024-08-18 18:01:50,ETHUSDT,ask,2900,3439.87
2024-08-18 18:01:50,ETHUSDT,ask,2900,3439.86
2024-08-18 18:01:52,ETHUSDT,ask,2900,3439.85
2024-08-18 18:05:43,ETHUSDT,ask,2910,3461.294
2024-08-18 18:10:07,ETHUSDT,bid,1960,5142.714
2024-08-18 18:10:07,ETHUSDT,bid,2140,4773.265
2024-08-18 18:12:51,ETHUSDT,ask,3040,3282.152
2024-08-18 18:12:52,ETHUSDT,ask,3040,3282.232
2024-08-18 18:12:53,ETHUSDT,ask,3040,3282.142
2024-08-18 18:12:53,ETHUSDT,ask,3040,3282.182
2024-08-18 18:12:55,ETHUSDT,ask,3040,3282.192
2024-08-18 18:12:55,ETHUSDT,ask,3040,3282.282
2024-08-18 18:12:56,ETHUSDT,ask,3040,3282.182
2024-08-18 18:12:56,ETHUSDT,ask,3040,3282.152
2024-08-18 18:12:57,ETHUSDT,ask,3040,3282.162
2024-08-18 18:12:58,ETHUSDT,ask,3040,3282.252
2024-08-18 18:12:58,ETHUSDT,ask,3040,3282.152
2024-08-18 18:12:59,ETHUSDT,ask,3040,3282.152
2024-08-18 18:13:02,ETHUSDT,ask,3040,3282.142
2024-08-18 18:13:10,ETHUSDT,bid,1960,5142.883
2024-08-18 18:13:10,ETHUSDT,bid,2140,4773.434
2024-08-18 18:16:56,ETHUSDT,bid,2140,4773.477
2024-08-18 18:16:56,ETHUSDT,bid,2230,4490.508
2024-08-18 18:17:58,ETHUSDT,bid,2140,4773.434
2024-08-18 18:17:58,ETHUSDT,bid,2230,4490.467
2024-08-18 18:21:49,ETHUSDT,bid,2140,4773.454
2024-08-18 18:21:49,ETHUSDT,bid,2230,4490.486
2024-08-18 18:24:50,ETHUSDT,bid,2140,4773.497
2024-08-18 18:24:50,ETHUSDT,bid,2230,4490.527
2024-08-18 18:27:03,ETHUSDT,ask,2910,3461.314
2024-08-18 18:27:40,ETHUSDT,ask,2910,3461.294
2024-08-18 18:28:15,ETHUSDT,ask,2910,3461.304
2024-08-18 18:28:19,ETHUSDT,bid,2350,4389.743
2024-08-18 18:28:51,ETHUSDT,ask,2910,3461.294
2024-08-18 18:32:22,ETHUSDT,ask,2910,3461.304
2024-08-18 18:33:26,ETHUSDT,ask,2910,3461.294
2024-08-18 18:33:58,ETHUSDT,ask,2910,3461.304
2024-08-18 18:34:50,ETHUSDT,ask,2910,3461.294
2024-08-18 18:36:10,ETHUSDT,ask,2900,3439.86
2024-08-18 18:36:28,ETHUSDT,bid,1700,6033.87
2024-08-18 18:36:53,ETHUSDT,ask,2900,3439.85
2024-08-18 18:46:10,ETHUSDT,ask,2900,3439.86
2024-08-18 18:46:10,ETHUSDT,ask,2900,3439.87
2024-08-18 18:46:10,ETHUSDT,ask,2900,3439.88
2024-08-18 18:47:02,ETHUSDT,ask,2900,3439.87
2024-08-18 18:47:03,ETHUSDT,ask,2900,3439.86
2024-08-18 18:47:04,ETHUSDT,ask,2900,3439.85
2024-08-18 18:50:07,ETHUSDT,ask,2900,3439.86
2024-08-18 18:50:08,ETHUSDT,ask,2900,3439.867
2024-08-18 18:50:08,ETHUSDT,ask,2900,3439.874
2024-08-18 18:50:17,ETHUSDT,ask,2900,3439.867
2024-08-18 18:50:18,ETHUSDT,ask,2900,3439.86
2024-08-18 18:50:40,ETHUSDT,ask,2900,3439.85
2024-08-18 18:52:49,ETHUSDT,ask,2910,3461.301
2024-08-18 18:52:50,ETHUSDT,ask,2910,3461.308
2024-08-18 18:52:59,ETHUSDT,ask,2910,3461.301
2024-08-18 18:52:59,ETHUSDT,ask,2910,3461.294
2024-08-18 18:54:38,ETHUSDT,ask,2910,3461.304
2024-08-18 18:55:29,ETHUSDT,ask,2910,3461.294
2024-08-18 19:06:17,ETHUSDT,ask,2910,3461.294
2024-08-18 19:23:23,ETHUSDT,ask,2900,3439.86
2024-08-18 19:23:24,ETHUSDT,ask,2900,3439.88
2024-08-18 19:23:33,ETHUSDT,ask,2900,3439.89
2024-08-18 19:24:13,ETHUSDT,ask,2900,3439.88
2024-08-18 19:24:14,ETHUSDT,ask,2900,3439.87
2024-08-18 19:24:15,ETHUSDT,ask,2900,3439.86
2024-08-18 19:24:23,ETHUSDT,ask,2900,3439.85
2024-08-18 19:28:47,ETHUSDT,ask,3040,3282.152
2024-08-18 19:28:48,ETHUSDT,ask,3040,3282.242
2024-08-18 19:28:49,ETHUSDT,ask,3040,3282.142
2024-08-18 19:29:11,ETHUSDT,bid,1700,6033.064
2024-08-18 19:30:09,ETHUSDT,bid,2350,4384.41
2024-08-18 19:36:55,ETHUSDT,bid,2340,4275.05
2024-08-18 19:41:03,ETHUSDT,bid,1700,6033.034
2024-08-18 19:45:43,ETHUSDT,bid,2670,5626.141
2024-08-18 19:45:45,ETHUSDT,bid,2670,5545.179
2024-08-18 19:45:45,ETHUSDT,bid,2670,5544.778
2024-08-18 19:45:46,ETHUSDT,bid,2670,5544.778
2024-08-18 19:45:46,ETHUSDT,bid,2670,5542.948
2024-08-18 19:45:46,ETHUSDT,bid,2670,5546.786
2024-08-18 19:45:46,ETHUSDT,bid,2670,5542.948
2024-08-18 19:45:51,ETHUSDT,bid,2670,5367.227
2024-08-18 19:45:54,ETHUSDT,bid,2670,5323.281
2024-08-18 19:52:24,ETHUSDT,bid,2270,4436.844
2024-08-18 20:03:22,ETHUSDT,ask,3040,3283.692
2024-08-18 20:04:48,ETHUSDT,bid,2360,4232.337
2024-08-18 20:11:03,ETHUSDT,bid,2140,4703.405
2024-08-18 20:16:39,ETHUSDT,bid,2140,4703.428
2024-08-18 20:19:09,ETHUSDT,ask,3040,3282.142
2024-08-18 20:19:40,ETHUSDT,bid,2140,4703.44
2024-08-18 20:19:40,ETHUSDT,bid,2140,4703.428
2024-08-18 20:19:54,ETHUSDT,bid,2140,4703.428
2024-08-18 20:20:02,ETHUSDT,bid,1700,6033.008
2024-08-18 20:21:34,ETHUSDT,bid,2140,4704.09
2024-08-18 20:22:26,ETHUSDT,ask,2900,3438.475
2024-08-18 20:24:35,ETHUSDT,bid,1700,6025.535
2024-08-18 20:27:40,ETHUSDT,bid,1700,6033.159
2024-08-18 20:27:45,ETHUSDT,bid,1700,6025.535
2024-08-18 20:32:15,ETHUSDT,bid,2340,4274.196
2024-08-18 20:34:25,ETHUSDT,bid,2140,4704.113
2024-08-18 20:43:53,ETHUSDT,bid,1700,6032.973
2024-08-18 20:49:01,ETHUSDT,bid,1960,5142.871
2024-08-18 20:49:01,ETHUSDT,bid,2140,4704.101
2024-08-18 20:52:20,ETHUSDT,bid,2270,4437.107
2024-08-18 20:59:37,ETHUSDT,bid,2660,8472.937
2024-08-18 20:59:37,ETHUSDT,bid,2660,8473.337
2024-08-18 20:59:37,ETHUSDT,bid,2660,8473.55
2024-08-18 20:59:38,ETHUSDT,bid,2660,8473.054
2024-08-18 20:59:38,ETHUSDT,bid,2660,8473.43
2024-08-18 20:59:39,ETHUSDT,bid,2660,8474.93
2024-08-18 20:59:40,ETHUSDT,bid,2660,8473.43
2024-08-18 20:59:41,ETHUSDT,bid,2660,8473.17
2024-08-18 20:59:41,ETHUSDT,bid,2660,8488.185
2024-08-18 20:59:41,ETHUSDT,bid,2660,8488.169
2024-08-18 20:59:41,ETHUSDT,bid,2660,8488.069
2024-08-18 20:59:43,ETHUSDT,bid,2660,8465.735
2024-08-18 20:59:45,ETHUSDT,bid,2660,8466.211
2024-08-18 20:59:47,ETHUSDT,bid,2660,8466.111
2024-08-18 20:59:47,ETHUSDT,bid,2660,8467.613
2024-08-18 20:59:48,ETHUSDT,bid,2660,8469.116
2024-08-18 20:59:49,ETHUSDT,bid,2660,8467.237
2024-08-18 20:59:49,ETHUSDT,bid,2660,8465.735
2024-08-18 20:59:51,ETHUSDT,bid,2660,8451.203
2024-08-18 20:59:51,ETHUSDT,bid,2660,8452.69
2024-08-18 20:59:51,ETHUSDT,bid,2660,8451.69
2024-08-18 20:59:51,ETHUSDT,bid,2660,8451.553
2024-08-18 20:59:51,ETHUSDT,bid,2660,8450.203
2024-08-18 20:59:56,ETHUSDT,bid,2660,8451.142
2024-08-18 20:59:56,ETHUSDT,bid,2660,8452.492
2024-08-18 20:59:56,ETHUSDT,bid,2660,8451.142
2024-08-18 21:19:25,ETHUSDT,bid,2250,4446.227
2024-08-18 21:19:25,ETHUSDT,bid,2360,4234.826
2024-08-18 21:21:14,ETHUSDT,bid,1960,5142.89
2024-08-18 21:21:14,ETHUSDT,bid,2140,4704.12
2024-08-18 21:37:22,ETHUSDT,bid,2660,5953.986
2024-08-18 21:37:22,ETHUSDT,bid,2660,5951.236
2024-08-18 21:37:24,ETHUSDT,bid,2660,5949.45
2024-08-18 21:37:25,ETHUSDT,bid,2660,5949.466
2024-08-18 21:50:10,ETHUSDT,bid,2350,4387.41
2024-08-18 21:56:29,ETHUSDT,bid,2350,4389.131
2024-08-18 22:11:44,ETHUSDT,bid,2270,4436.844
2024-08-18 22:12:56,ETHUSDT,bid,2350,4384.131
2024-08-18 22:12:57,ETHUSDT,bid,2270,4431.844
2024-08-18 22:12:58,ETHUSDT,bid,2140,4699.12
2024-08-18 22:26:48,ETHUSDT,bid,1700,6033.187
2024-08-18 22:30:31,ETHUSDT,bid,2270,4431.854
2024-08-18 22:35:06,ETHUSDT,bid,2350,4382.858
2024-08-18 22:36:29,ETHUSDT,bid,2290,4364.705
2024-08-18 22:45:08,ETHUSDT,bid,1700,6033.2
2024-08-18 22:52:27,ETHUSDT,bid,1700,6033.187
2024-08-18 23:03:31,ETHUSDT,bid,2140,4699.12
2024-08-18 23:03:33,ETHUSDT,bid,2140,4699.12
2024-08-18 23:04:13,ETHUSDT,bid,1700,6035.889
2024-08-18 23:07:54,ETHUSDT,bid,1700,6033.187
2024-08-18 23:21:55,ETHUSDT,ask,2900,3443.475
2024-08-18 23:28:21,ETHUSDT,bid,2360,4238.826
2024-08-18 23:32:51,ETHUSDT,bid,2140,4699.081
2024-08-19 00:11:08,ETHUSDT,bid,1700,6032.98
2024-08-19 00:17:06,ETHUSDT,bid,2350,4383.658
2024-08-19 00:30:57,ETHUSDT,ask,2910,3461.304
2024-08-19 00:31:42,ETHUSDT,ask,2910,3461.294
2024-08-19 00:36:44,ETHUSDT,bid,2250,4446.276
2024-08-19 00:51:00,ETHUSDT,bid,2350,4435.905
2024-08-19 00:55:34,ETHUSDT,ask,2910,3461.314
2024-08-19 00:55:36,ETHUSDT,ask,2910,3461.324
2024-08-19 00:55:36,ETHUSDT,ask,2910,3461.334
2024-08-19 00:56:11,ETHUSDT,ask,2910,3461.324
2024-08-19 00:56:14,ETHUSDT,ask,2910,3461.314
2024-08-19 00:56:17,ETHUSDT,ask,2910,3461.304
2024-08-19 00:56:18,ETHUSDT,ask,2910,3461.294
2024-08-19 01:04:04,ETHUSDT,ask,2910,3461.301
2024-08-19 01:04:13,ETHUSDT,ask,2910,3461.294
2024-08-19 01:12:40,ETHUSDT,ask,3040,3282.152
2024-08-19 01:12:42,ETHUSDT,ask,3040,3282.142
2024-08-19 01:12:42,ETHUSDT,ask,3040,3282.182
2024-08-19 01:12:43,ETHUSDT,ask,3040,3282.282
2024-08-19 01:12:43,ETHUSDT,ask,3040,3282.292
2024-08-19 01:12:45,ETHUSDT,ask,3040,3282.182
2024-08-19 01:12:46,ETHUSDT,ask,3040,3282.182
2024-08-19 01:12:49,ETHUSDT,ask,3040,3282.142
2024-08-19 01:20:24,ETHUSDT,ask,3040,3282.152
2024-08-19 01:20:24,ETHUSDT,ask,3040,3282.242
2024-08-19 01:20:25,ETHUSDT,ask,3040,3282.142
2024-08-19 01:20:26,ETHUSDT,ask,3040,3282.182
2024-08-19 01:20:29,ETHUSDT,ask,3040,3282.142
2024-08-19 01:21:51,ETHUSDT,ask,3040,3282.152
2024-08-19 01:21:52,ETHUSDT,ask,3040,3282.242
2024-08-19 01:21:53,ETHUSDT,ask,3040,3282.142
2024-08-19 01:38:01,ETHUSDT,bid,2350,4435.896
2024-08-19 01:44:25,ETHUSDT,bid,1700,6033.392
2024-08-19 01:45:12,ETHUSDT,bid,1700,6032.98
2024-08-19 01:58:04,ETHUSDT,bid,2350,4435.999
2024-08-19 02:04:56,ETHUSDT,bid,1700,6036.683
2024-08-19 02:24:25,ETHUSDT,bid,1960,5142.871
2024-08-19 02:24:25,ETHUSDT,bid,2140,4699.062
2024-08-19 03:33:22,ETHUSDT,bid,2140,4698.962
2024-08-19 04:08:05,ETHUSDT,bid,1960,5142.884
2024-08-19 04:10:32,ETHUSDT,bid,1960,5142.871
2024-08-19 04:14:15,ETHUSDT,bid,2140,4698.495
2024-08-19 04:14:17,ETHUSDT,bid,2270,4431.368
2024-08-19 04:38:20,ETHUSDT,bid,1700,6036.626
2024-08-19 04:38:20,ETHUSDT,bid,2270,4431.326
2024-08-19 04:57:17,ETHUSDT,bid,1700,6036.683
2024-08-19 04:57:17,ETHUSDT,bid,2270,4431.369
2024-08-19 05:42:33,ETHUSDT,ask,2910,3461.294
2024-08-19 05:49:04,ETHUSDT,ask,2900,3443.485
