2024-08-11 00:06:55,SOLUSDT,ask,176,29005.0
2024-08-11 00:11:34,SOLUSDT,ask,175,31055.0
2024-08-11 01:35:27,SOLUSDT,ask,178,34863.0
2024-08-11 01:41:12,SOLUSDT,ask,175,31057.0
2024-08-11 01:43:52,SOLUSDT,ask,175,31083.0
2024-08-11 01:46:30,SOLUSDT,ask,175,31057.0
2024-08-11 01:47:35,SOLUSDT,ask,175,31039.0
2024-08-11 01:48:14,SOLUSDT,ask,175,31040.0
2024-08-11 01:50:59,SOLUSDT,ask,175,31041.0
2024-08-11 02:03:54,SOLUSDT,ask,175,31040.0
2024-08-11 02:29:30,SOLUSDT,ask,178,34865.0
2024-08-11 02:31:57,SOLUSDT,ask,175,31039.0
2024-08-11 02:42:25,SOLUSDT,ask,178,34870.0
2024-08-11 02:44:42,SOLUSDT,ask,178,34865.0
2024-08-11 02:44:42,SOLUSDT,ask,175,31038.0
2024-08-11 03:52:18,SOLUSDT,ask,175,31027.0
2024-08-11 04:08:44,SOLUSDT,ask,176,29115.0
2024-08-11 04:38:04,SOLUSDT,bid,74,67596.0
2024-08-11 04:50:51,SOLUSDT,ask,175,31024.0
2024-08-11 05:03:50,SOLUSDT,ask,178,34861.0
2024-08-11 05:05:10,SOLUSDT,ask,175,31022.0
2024-08-11 05:12:59,SOLUSDT,ask,159,91728.0
2024-08-11 05:42:52,SOLUSDT,ask,175,31019.0
2024-08-11 07:19:03,SOLUSDT,ask,175,31018.0
2024-08-11 07:19:03,SOLUSDT,ask,176,29114.0
2024-08-11 07:19:03,SOLUSDT,ask,178,34860.0
2024-08-11 08:10:15,SOLUSDT,ask,176,29150.0
2024-08-11 08:14:34,SOLUSDT,bid,46,108730.0
2024-08-11 08:40:32,SOLUSDT,ask,178,34876.0
2024-08-11 08:40:35,SOLUSDT,ask,175,31016.0
2024-08-11 09:48:17,SOLUSDT,ask,175,30952.0
2024-08-11 09:54:21,SOLUSDT,ask,178,34886.0
2024-08-11 10:14:51,SOLUSDT,ask,175,30982.0
2024-08-11 10:16:19,SOLUSDT,ask,175,30952.0
2024-08-11 10:16:19,SOLUSDT,ask,178,34916.0
2024-08-11 10:17:30,SOLUSDT,ask,176,29151.0
2024-08-11 10:32:34,SOLUSDT,ask,198,32249.0
2024-08-11 10:35:23,SOLUSDT,ask,175,30963.0
2024-08-11 10:35:56,SOLUSDT,ask,175,30952.0
2024-08-11 10:41:43,SOLUSDT,ask,175,30950.0
2024-08-11 10:52:17,SOLUSDT,ask,175,30835.0
2024-08-11 10:58:32,SOLUSDT,ask,175,30837.0
2024-08-11 10:59:26,SOLUSDT,ask,175,30835.0
2024-08-11 10:59:26,SOLUSDT,ask,178,34917.0
2024-08-11 10:59:31,SOLUSDT,ask,178,34916.0
2024-08-11 10:59:39,SOLUSDT,ask,178,34918.0
2024-08-11 11:07:28,SOLUSDT,ask,175,30876.0
2024-08-11 11:12:19,SOLUSDT,ask,178,34913.0
2024-08-11 11:24:37,SOLUSDT,ask,175,30835.0
2024-08-11 11:38:25,SOLUSDT,ask,176,29150.0
2024-08-11 12:00:44,SOLUSDT,bid,46,108718.0
2024-08-11 12:35:26,SOLUSDT,ask,175,30836.0
2024-08-11 12:36:51,SOLUSDT,ask,178,34911.0
2024-08-11 12:38:08,SOLUSDT,ask,175,30838.0
2024-08-11 12:43:38,SOLUSDT,ask,175,30839.0
2024-08-11 12:50:23,SOLUSDT,ask,175,30848.0
2024-08-11 12:57:29,SOLUSDT,ask,175,30854.0
2024-08-11 13:02:29,SOLUSDT,ask,176,29149.0
2024-08-11 13:23:51,SOLUSDT,ask,175,30840.0
2024-08-11 13:25:22,SOLUSDT,ask,175,30850.0
2024-08-11 13:44:30,SOLUSDT,bid,46,108763.0
2024-08-11 13:45:28,SOLUSDT,bid,46,108718.0
2024-08-11 13:46:11,SOLUSDT,bid,46,108763.0
2024-08-11 13:48:12,SOLUSDT,ask,176,29113.0
2024-08-11 13:52:41,SOLUSDT,ask,176,29111.0
2024-08-11 14:30:50,SOLUSDT,ask,175,30849.0
2024-08-11 15:28:41,SOLUSDT,ask,178,34926.0
2024-08-11 15:30:33,SOLUSDT,ask,176,29121.0
2024-08-11 15:45:45,SOLUSDT,ask,178,41948.0
2024-08-11 15:52:38,SOLUSDT,ask,175,30850.0
2024-08-11 16:03:09,SOLUSDT,bid,46,108718.0
2024-08-11 16:11:22,SOLUSDT,ask,175,30870.0
2024-08-11 16:12:50,SOLUSDT,ask,175,30906.0
2024-08-11 16:13:50,SOLUSDT,ask,175,30896.0
2024-08-11 16:20:44,SOLUSDT,ask,175,30895.0
2024-08-11 16:23:32,SOLUSDT,ask,178,41918.0
2024-08-11 16:27:34,SOLUSDT,ask,175,30896.0
2024-08-11 16:28:00,SOLUSDT,ask,178,41948.0
2024-08-11 16:32:43,SOLUSDT,ask,175,30897.0
2024-08-11 16:36:10,SOLUSDT,ask,178,41952.0
2024-08-11 16:41:28,SOLUSDT,ask,175,30928.0
2024-08-11 16:48:49,SOLUSDT,ask,176,29110.0
2024-08-11 16:48:49,SOLUSDT,ask,178,41953.0
2024-08-11 16:53:41,SOLUSDT,ask,176,29109.0
2024-08-11 16:53:41,SOLUSDT,ask,178,41952.0
2024-08-11 16:57:28,SOLUSDT,ask,175,30928.0
2024-08-11 17:01:04,SOLUSDT,ask,176,29471.0
2024-08-11 17:01:23,SOLUSDT,ask,175,30929.0
2024-08-11 17:05:26,SOLUSDT,ask,175,30928.0
2024-08-11 17:06:20,SOLUSDT,ask,175,30929.0
2024-08-11 17:08:35,SOLUSDT,ask,178,42334.0
2024-08-11 17:11:03,SOLUSDT,ask,175,30930.0
2024-08-11 17:11:03,SOLUSDT,ask,176,29472.0
2024-08-11 17:11:03,SOLUSDT,ask,178,42335.0
2024-08-11 17:32:43,SOLUSDT,ask,178,42315.0
2024-08-11 17:34:04,SOLUSDT,ask,175,30931.0
2024-08-11 18:26:50,SOLUSDT,ask,175,30915.0
2024-08-11 18:27:09,SOLUSDT,ask,175,30884.0
2024-08-11 18:47:58,SOLUSDT,ask,178,42380.0
2024-08-11 19:17:53,SOLUSDT,ask,178,35358.0
2024-08-11 19:22:13,SOLUSDT,ask,178,35293.0
2024-08-11 19:24:21,SOLUSDT,ask,175,30912.0
2024-08-11 20:10:38,SOLUSDT,bid,75,93208.0
2024-08-11 20:10:39,SOLUSDT,bid,75,93209.0
2024-08-11 20:10:39,SOLUSDT,bid,75,93208.0
2024-08-11 20:10:39,SOLUSDT,bid,75,93209.0
2024-08-11 20:10:40,SOLUSDT,bid,75,93208.0
2024-08-11 20:11:48,SOLUSDT,ask,175,30856.0
2024-08-11 20:12:14,SOLUSDT,bid,75,93209.0
2024-08-11 20:12:14,SOLUSDT,bid,75,93208.0
2024-08-11 20:26:08,SOLUSDT,ask,176,29472.0
2024-08-11 20:27:10,SOLUSDT,bid,75,93209.0
2024-08-11 20:27:11,SOLUSDT,bid,75,93208.0
2024-08-11 20:28:50,SOLUSDT,bid,75,93209.0
2024-08-11 20:28:51,SOLUSDT,bid,75,93208.0
2024-08-11 20:31:08,SOLUSDT,bid,75,93209.0
2024-08-11 20:31:09,SOLUSDT,bid,75,93208.0
2024-08-11 19:50:41,SOLUSD_PERP,ask,152,7087.0
2024-08-11 19:50:43,SOLUSD_PERP,bid,148,18001.0
2024-08-11 19:50:52,SOLUSD_PERP,ask,152,34018.0
2024-08-11 19:50:53,SOLUSD_PERP,ask,152,29668.0
2024-08-11 19:51:00,SOLUSD_PERP,bid,148,32281.0
2024-08-11 19:51:05,SOLUSD_PERP,ask,153,7608.0
2024-08-11 19:51:12,SOLUSD_PERP,bid,148,26634.0
2024-08-11 19:51:14,SOLUSD_PERP,ask,152,29715.0
2024-08-11 19:51:15,SOLUSD_PERP,bid,149,29715.0
2024-08-11 19:51:20,SOLUSD_PERP,ask,152,29721.0
2024-08-11 19:51:26,SOLUSD_PERP,bid,148,26445.0
2024-08-11 19:51:32,SOLUSD_PERP,bid,149,7201.0
2024-08-11 19:51:38,SOLUSD_PERP,ask,152,29752.0
2024-08-11 19:51:55,SOLUSD_PERP,bid,143,170729.0
2024-08-11 19:52:11,SOLUSD_PERP,ask,152,7000.0
2024-08-11 19:52:13,SOLUSD_PERP,bid,145,8500.0
2024-08-11 19:52:19,SOLUSD_PERP,ask,154,8309.0
2024-08-11 19:52:36,SOLUSD_PERP,ask,152,42603.0
2024-08-11 19:52:47,SOLUSD_PERP,bid,129,13094.0
2024-08-11 19:52:55,SOLUSD_PERP,ask,152,35000.0
2024-08-11 19:53:03,SOLUSD_PERP,bid,149,7000.0
2024-08-11 19:53:17,SOLUSD_PERP,ask,152,29872.0
2024-08-11 19:53:19,SOLUSD_PERP,bid,145,10000.0
2024-08-11 19:53:19,SOLUSD_PERP,bid,149,7037.0
2024-08-11 19:53:20,SOLUSD_PERP,bid,149,7000.0
2024-08-11 19:53:25,SOLUSD_PERP,bid,149,8859.0
2024-08-11 19:53:29,SOLUSD_PERP,bid,149,7382.0
2024-08-11 19:53:30,SOLUSD_PERP,bid,147,7316.0
2024-08-11 19:53:42,SOLUSD_PERP,bid,138,156881.0
2024-08-11 19:53:42,SOLUSD_PERP,ask,152,7000.0
2024-08-11 19:53:56,SOLUSD_PERP,ask,152,35000.0
2024-08-11 19:54:07,SOLUSD_PERP,ask,152,34018.0
2024-08-11 19:54:12,SOLUSD_PERP,bid,149,18000.0
2024-08-11 19:54:12,SOLUSD_PERP,ask,154,7623.0
2024-08-11 19:54:42,SOLUSD_PERP,bid,148,32251.0
2024-08-11 19:54:56,SOLUSD_PERP,bid,148,32351.0
2024-08-11 19:55:12,SOLUSD_PERP,ask,152,7000.0
2024-08-11 19:55:15,SOLUSD_PERP,ask,152,35000.0
2024-08-11 19:55:47,SOLUSD_PERP,bid,125,9674.0
2024-08-11 19:55:49,SOLUSD_PERP,ask,152,12808.0
2024-08-11 19:55:51,SOLUSD_PERP,ask,152,29847.0
2024-08-11 19:56:00,SOLUSD_PERP,ask,152,42603.0
2024-08-11 19:56:13,SOLUSD_PERP,ask,152,35000.0
2024-08-11 19:56:15,SOLUSD_PERP,ask,152,29863.0
2024-08-11 19:56:23,SOLUSD_PERP,ask,152,13808.0
2024-08-11 19:56:26,SOLUSD_PERP,bid,149,7570.0
2024-08-11 19:56:27,SOLUSD_PERP,ask,152,7000.0
2024-08-11 19:56:42,SOLUSD_PERP,ask,152,7084.0
2024-08-11 19:56:44,SOLUSD_PERP,ask,152,29884.0
2024-08-11 19:56:46,SOLUSD_PERP,ask,152,20250.0
2024-08-11 19:57:07,SOLUSD_PERP,ask,152,19250.0
2024-08-11 19:57:13,SOLUSD_PERP,ask,152,8000.0
2024-08-11 19:57:26,SOLUSD_PERP,ask,153,18003.0
2024-08-11 19:57:46,SOLUSD_PERP,ask,158,48477.0
2024-08-11 19:57:54,SOLUSD_PERP,ask,152,7000.0
2024-08-11 19:58:13,SOLUSD_PERP,ask,152,7000.0
2024-08-11 19:58:15,SOLUSD_PERP,ask,152,19952.0
2024-08-11 19:58:20,SOLUSD_PERP,ask,152,35000.0
2024-08-11 19:58:44,SOLUSD_PERP,bid,149,8864.0
2024-08-11 19:58:47,SOLUSD_PERP,bid,148,26593.0
2024-08-11 19:59:01,SOLUSD_PERP,bid,145,182108.0
2024-08-11 19:59:01,SOLUSD_PERP,bid,149,8964.0
2024-08-11 19:59:13,SOLUSD_PERP,bid,148,26598.0
2024-08-11 19:59:19,SOLUSD_PERP,bid,140,11985.0
2024-08-11 19:59:19,SOLUSD_PERP,bid,143,170829.0
2024-08-11 19:59:24,SOLUSD_PERP,ask,152,7090.0
2024-08-11 19:59:29,SOLUSD_PERP,bid,135,161565.0
2024-08-11 19:59:29,SOLUSD_PERP,bid,138,156981.0
2024-08-11 19:59:36,SOLUSD_PERP,ask,152,19250.0
2024-08-11 19:59:38,SOLUSD_PERP,bid,148,32356.0
2024-08-11 19:59:42,SOLUSD_PERP,bid,130,104413.0
2024-08-11 19:59:43,SOLUSD_PERP,ask,152,7000.0
2024-08-11 19:59:44,SOLUSD_PERP,ask,152,35505.0
2024-08-11 20:00:10,SOLUSD_PERP,bid,149,7382.0
2024-08-11 20:00:10,SOLUSD_PERP,bid,149,29911.0
2024-08-11 20:00:14,SOLUSD_PERP,bid,147,169986.0
2024-08-11 20:00:28,SOLUSD_PERP,bid,145,182109.0
2024-08-11 20:01:04,SOLUSD_PERP,ask,152,35000.0
2024-08-11 20:01:14,SOLUSD_PERP,ask,152,7537.0
2024-08-11 20:01:24,SOLUSD_PERP,ask,152,29861.0
2024-08-11 20:01:43,SOLUSD_PERP,bid,149,29817.0
2024-08-11 20:01:56,SOLUSD_PERP,ask,152,35000.0
2024-08-11 20:02:03,SOLUSD_PERP,bid,140,12035.0
2024-08-11 20:02:03,SOLUSD_PERP,bid,145,182059.0
2024-08-11 20:02:17,SOLUSD_PERP,ask,153,7608.0
2024-08-11 20:02:26,SOLUSD_PERP,ask,152,35000.0
2024-08-11 20:02:33,SOLUSD_PERP,ask,152,18000.0
2024-08-11 20:02:34,SOLUSD_PERP,bid,149,40579.0
2024-08-11 20:02:34,SOLUSD_PERP,bid,148,7365.0
2024-08-11 20:02:34,SOLUSD_PERP,ask,152,29840.0
2024-08-11 20:02:44,SOLUSD_PERP,ask,152,7963.0
2024-08-11 20:02:54,SOLUSD_PERP,ask,152,29852.0
2024-08-11 20:02:56,SOLUSD_PERP,bid,130,103051.0
2024-08-11 20:02:57,SOLUSD_PERP,bid,130,101077.0
2024-08-11 20:03:04,SOLUSD_PERP,ask,152,29852.0
2024-08-11 20:03:14,SOLUSD_PERP,bid,149,29863.0
2024-08-11 20:03:14,SOLUSD_PERP,bid,148,32440.0
2024-08-11 20:03:21,SOLUSD_PERP,bid,149,29948.0
2024-08-11 20:03:22,SOLUSD_PERP,bid,149,29911.0
2024-08-11 20:03:22,SOLUSD_PERP,bid,149,35000.0
2024-08-11 20:03:36,SOLUSD_PERP,bid,149,7000.0
2024-08-11 20:03:37,SOLUSD_PERP,bid,149,29843.0
2024-08-11 20:03:38,SOLUSD_PERP,bid,149,34125.0
2024-08-11 20:03:38,SOLUSD_PERP,ask,153,7592.0
2024-08-11 20:03:55,SOLUSD_PERP,bid,145,181754.0
2024-08-11 20:03:55,SOLUSD_PERP,bid,147,170295.0
2024-08-11 20:04:08,SOLUSD_PERP,bid,147,7294.0
2024-08-11 20:04:16,SOLUSD_PERP,bid,149,40616.0
2024-08-11 20:04:17,SOLUSD_PERP,bid,149,40579.0
2024-08-11 20:04:20,SOLUSD_PERP,bid,149,35000.0
2024-08-11 20:04:21,SOLUSD_PERP,bid,148,7348.0
2024-08-11 20:04:21,SOLUSD_PERP,ask,154,7629.0
2024-08-11 20:04:21,SOLUSD_PERP,bid,148,18000.0
2024-08-11 20:04:21,SOLUSD_PERP,bid,149,40579.0
2024-08-11 20:04:25,SOLUSD_PERP,bid,149,34124.0
2024-08-11 20:04:27,SOLUSD_PERP,bid,147,169986.0
2024-08-11 20:04:51,SOLUSD_PERP,bid,143,170766.0
2024-08-11 20:04:56,SOLUSD_PERP,ask,152,42603.0
2024-08-11 20:05:07,SOLUSD_PERP,bid,149,7000.0
2024-08-11 20:05:10,SOLUSD_PERP,bid,149,34125.0
2024-08-11 20:05:28,SOLUSD_PERP,ask,152,32484.0
2024-08-11 20:05:31,SOLUSD_PERP,ask,152,29827.0
2024-08-11 20:05:31,SOLUSD_PERP,bid,148,7363.0
2024-08-11 20:05:33,SOLUSD_PERP,bid,149,40579.0
2024-08-11 20:05:34,SOLUSD_PERP,bid,149,7112.0
2024-08-11 20:05:40,SOLUSD_PERP,bid,149,7000.0
2024-08-11 20:05:45,SOLUSD_PERP,bid,149,29775.0
2024-08-11 20:05:51,SOLUSD_PERP,bid,149,29948.0
2024-08-11 20:05:52,SOLUSD_PERP,bid,149,29948.0
2024-08-11 20:05:54,SOLUSD_PERP,bid,149,29911.0
2024-08-11 20:06:05,SOLUSD_PERP,ask,152,29802.0
2024-08-11 20:06:24,SOLUSD_PERP,bid,149,35015.0
2024-08-11 20:06:37,SOLUSD_PERP,bid,149,7192.0
2024-08-11 20:06:46,SOLUSD_PERP,bid,149,35000.0
2024-08-11 20:07:05,SOLUSD_PERP,bid,149,29948.0
2024-08-11 20:07:06,SOLUSD_PERP,bid,149,29911.0
2024-08-11 20:07:19,SOLUSD_PERP,bid,130,101087.0
2024-08-11 20:07:29,SOLUSD_PERP,bid,149,29948.0
2024-08-11 20:07:30,SOLUSD_PERP,bid,149,29911.0
2024-08-11 20:07:44,SOLUSD_PERP,bid,149,29810.0
2024-08-11 20:07:54,SOLUSD_PERP,bid,148,32411.0
2024-08-11 20:08:05,SOLUSD_PERP,bid,149,29948.0
2024-08-11 20:08:06,SOLUSD_PERP,bid,149,29911.0
2024-08-11 20:08:08,SOLUSD_PERP,bid,149,7000.0
2024-08-11 20:08:26,SOLUSD_PERP,bid,149,40579.0
2024-08-11 20:08:35,SOLUSD_PERP,bid,149,29948.0
2024-08-11 20:08:36,SOLUSD_PERP,bid,149,29948.0
2024-08-11 20:08:38,SOLUSD_PERP,bid,149,29911.0
2024-08-11 20:08:42,SOLUSD_PERP,bid,148,7346.0
2024-08-11 20:08:45,SOLUSD_PERP,bid,149,12641.0
2024-08-11 20:09:13,SOLUSD_PERP,bid,149,35000.0
2024-08-11 20:09:16,SOLUSD_PERP,bid,149,34124.0
2024-08-11 20:09:16,SOLUSD_PERP,ask,152,18000.0
2024-08-11 20:09:22,SOLUSD_PERP,bid,148,33421.0
2024-08-11 20:09:22,SOLUSD_PERP,ask,153,7574.0
2024-08-11 20:09:23,SOLUSD_PERP,bid,148,29892.0
2024-08-11 20:09:23,SOLUSD_PERP,bid,149,19252.0
2024-08-11 20:09:23,SOLUSD_PERP,bid,146,8194.0
2024-08-11 20:09:23,SOLUSD_PERP,bid,147,14794.0
2024-08-11 20:09:23,SOLUSD_PERP,bid,148,29883.0
2024-08-11 20:09:23,SOLUSD_PERP,bid,149,35000.0
2024-08-11 20:09:23,SOLUSD_PERP,bid,149,19250.0
2024-08-11 20:09:23,SOLUSD_PERP,bid,149,12641.0
2024-08-11 20:09:23,SOLUSD_PERP,bid,149,10500.0
2024-08-11 20:09:23,SOLUSD_PERP,bid,149,12826.0
2024-08-11 20:09:23,SOLUSD_PERP,bid,144,8154.0
2024-08-11 20:09:23,SOLUSD_PERP,bid,145,11426.0
2024-08-11 20:09:23,SOLUSD_PERP,bid,149,40579.0
2024-08-11 20:09:23,SOLUSD_PERP,bid,149,12641.0
2024-08-11 20:09:23,SOLUSD_PERP,bid,149,12500.0
2024-08-11 20:09:23,SOLUSD_PERP,bid,149,19250.0
2024-08-11 20:09:23,SOLUSD_PERP,bid,149,34124.0
2024-08-11 20:09:23,SOLUSD_PERP,bid,149,8273.0
2024-08-11 20:09:24,SOLUSD_PERP,bid,147,8204.0
2024-08-11 20:09:24,SOLUSD_PERP,bid,148,7330.0
2024-08-11 20:09:24,SOLUSD_PERP,bid,149,13238.0
2024-08-11 20:09:24,SOLUSD_PERP,bid,149,8454.0
2024-08-11 20:09:24,SOLUSD_PERP,bid,149,10500.0
2024-08-11 20:09:24,SOLUSD_PERP,bid,149,10064.0
2024-08-11 20:09:24,SOLUSD_PERP,bid,148,18000.0
2024-08-11 20:09:24,SOLUSD_PERP,bid,148,12594.0
2024-08-11 20:09:24,SOLUSD_PERP,bid,149,19250.0
2024-08-11 20:09:25,SOLUSD_PERP,bid,149,12656.0
2024-08-11 20:09:25,SOLUSD_PERP,bid,149,7949.0
2024-08-11 20:09:26,SOLUSD_PERP,bid,149,8690.0
2024-08-11 20:09:27,SOLUSD_PERP,bid,149,8274.0
2024-08-11 20:09:29,SOLUSD_PERP,bid,149,12641.0
2024-08-11 20:09:29,SOLUSD_PERP,bid,149,12500.0
2024-08-11 20:09:29,SOLUSD_PERP,bid,149,8273.0
2024-08-11 20:09:38,SOLUSD_PERP,bid,148,32711.0
2024-08-11 20:09:44,SOLUSD_PERP,bid,149,7000.0
2024-08-11 20:09:47,SOLUSD_PERP,ask,172,7240.0
2024-08-11 20:09:57,SOLUSD_PERP,bid,138,156976.0
2024-08-11 20:10:07,SOLUSD_PERP,bid,135,161561.0
2024-08-11 20:10:10,SOLUSD_PERP,bid,147,169983.0
2024-08-11 20:10:14,SOLUSD_PERP,bid,145,181751.0
2024-08-11 20:10:22,SOLUSD_PERP,ask,153,17126.0
2024-08-11 20:10:26,SOLUSD_PERP,bid,149,12500.0
2024-08-11 20:10:27,SOLUSD_PERP,bid,149,7242.0
2024-08-11 20:10:29,SOLUSD_PERP,bid,149,8614.0
2024-08-11 20:10:30,SOLUSD_PERP,bid,148,32712.0
2024-08-11 20:10:35,SOLUSD_PERP,bid,148,29814.0
2024-08-11 20:10:35,SOLUSD_PERP,bid,149,19266.0
2024-08-11 20:10:35,SOLUSD_PERP,bid,149,10500.0
2024-08-11 20:10:35,SOLUSD_PERP,bid,149,8288.0
2024-08-11 20:10:35,SOLUSD_PERP,bid,148,33715.0
2024-08-11 20:10:35,SOLUSD_PERP,bid,146,9630.0
2024-08-11 20:10:38,SOLUSD_PERP,bid,149,8273.0
2024-08-11 20:10:38,SOLUSD_PERP,bid,149,21584.0
2024-08-11 20:10:38,SOLUSD_PERP,bid,149,7000.0
2024-08-11 20:10:39,SOLUSD_PERP,bid,149,19266.0
2024-08-11 20:10:39,SOLUSD_PERP,bid,149,7000.0
2024-08-11 20:10:43,SOLUSD_PERP,bid,149,12500.0
2024-08-11 20:10:44,SOLUSD_PERP,bid,149,7000.0
2024-08-11 20:10:45,SOLUSD_PERP,bid,149,8599.0
2024-08-11 20:10:45,SOLUSD_PERP,bid,149,21594.0
2024-08-11 20:10:45,SOLUSD_PERP,bid,149,7000.0
2024-08-11 20:10:46,SOLUSD_PERP,ask,161,50154.0
2024-08-11 20:10:46,SOLUSD_PERP,bid,146,7260.0
2024-08-11 20:10:46,SOLUSD_PERP,bid,149,19266.0
2024-08-11 20:10:47,SOLUSD_PERP,bid,149,7000.0
2024-08-11 20:10:48,SOLUSD_PERP,bid,147,16325.0
2024-08-11 20:10:48,SOLUSD_PERP,bid,149,19250.0
2024-08-11 20:10:48,SOLUSD_PERP,bid,149,10500.0
2024-08-11 20:10:48,SOLUSD_PERP,bid,149,8273.0
2024-08-11 20:10:50,SOLUSD_PERP,ask,152,7559.0
2024-08-11 20:10:51,SOLUSD_PERP,bid,149,7483.0
2024-08-11 20:10:51,SOLUSD_PERP,bid,149,10570.0
2024-08-11 20:10:52,SOLUSD_PERP,bid,149,12641.0
2024-08-11 20:10:52,SOLUSD_PERP,bid,147,14785.0
2024-08-11 20:10:52,SOLUSD_PERP,bid,148,33421.0
2024-08-11 20:10:52,SOLUSD_PERP,bid,149,7665.0
2024-08-11 20:10:52,SOLUSD_PERP,bid,149,6831.0
2024-08-11 20:10:53,SOLUSD_PERP,bid,149,7158.0
2024-08-11 20:10:54,SOLUSD_PERP,bid,149,7159.0
2024-08-11 20:10:54,SOLUSD_PERP,bid,149,6825.0
2024-08-11 20:10:54,SOLUSD_PERP,bid,149,6827.0
2024-08-11 20:10:54,SOLUSD_PERP,bid,149,7019.0
2024-08-11 20:10:55,SOLUSD_PERP,bid,149,7019.0
2024-08-11 20:10:55,SOLUSD_PERP,bid,149,6703.0
2024-08-11 20:10:55,SOLUSD_PERP,bid,149,7236.0
2024-08-11 20:10:55,SOLUSD_PERP,bid,149,6808.0
2024-08-11 20:10:55,SOLUSD_PERP,bid,149,8355.0
2024-08-11 20:10:56,SOLUSD_PERP,bid,149,6895.0
2024-08-11 20:10:56,SOLUSD_PERP,bid,149,6893.0
2024-08-11 20:10:56,SOLUSD_PERP,bid,149,8599.0
2024-08-11 20:10:56,SOLUSD_PERP,bid,149,6893.0
2024-08-11 20:10:56,SOLUSD_PERP,bid,149,6898.0
2024-08-11 20:10:56,SOLUSD_PERP,bid,149,6893.0
2024-08-11 20:10:56,SOLUSD_PERP,bid,149,7550.0
2024-08-11 20:10:57,SOLUSD_PERP,bid,149,6892.0
2024-08-11 20:10:57,SOLUSD_PERP,bid,149,7130.0
2024-08-11 20:10:57,SOLUSD_PERP,bid,149,7229.0
2024-08-11 20:10:57,SOLUSD_PERP,bid,149,12500.0
2024-08-11 20:10:58,SOLUSD_PERP,bid,149,7374.0
2024-08-11 20:10:58,SOLUSD_PERP,bid,149,7760.0
2024-08-11 20:10:58,SOLUSD_PERP,bid,149,7504.0
2024-08-11 20:10:58,SOLUSD_PERP,bid,149,7607.0
2024-08-11 20:10:58,SOLUSD_PERP,bid,149,7604.0
2024-08-11 20:10:58,SOLUSD_PERP,ask,153,7601.0
2024-08-11 20:10:58,SOLUSD_PERP,bid,149,8136.0
2024-08-11 20:10:58,SOLUSD_PERP,bid,149,7604.0
2024-08-11 20:10:59,SOLUSD_PERP,bid,149,8555.0
2024-08-11 20:10:59,SOLUSD_PERP,bid,149,7576.0
2024-08-11 20:10:59,SOLUSD_PERP,bid,149,7475.0
2024-08-11 20:10:59,SOLUSD_PERP,bid,149,7573.0
2024-08-11 20:10:59,SOLUSD_PERP,bid,149,7474.0
2024-08-11 20:11:00,SOLUSD_PERP,bid,149,7999.0
2024-08-11 20:11:00,SOLUSD_PERP,bid,149,8329.0
2024-08-11 20:11:00,SOLUSD_PERP,bid,149,8099.0
2024-08-11 20:11:00,SOLUSD_PERP,bid,149,8102.0
2024-08-11 20:11:00,SOLUSD_PERP,bid,149,8019.0
2024-08-11 20:11:00,SOLUSD_PERP,bid,149,8329.0
2024-08-11 20:11:00,SOLUSD_PERP,bid,149,8099.0
2024-08-11 20:11:01,SOLUSD_PERP,bid,149,8102.0
2024-08-11 20:11:01,SOLUSD_PERP,bid,149,8053.0
2024-08-11 20:11:01,SOLUSD_PERP,bid,149,7953.0
2024-08-11 20:11:01,SOLUSD_PERP,bid,149,34124.0
2024-08-11 20:11:01,SOLUSD_PERP,bid,149,8273.0
2024-08-11 20:11:01,SOLUSD_PERP,bid,149,7950.0
2024-08-11 20:11:01,SOLUSD_PERP,bid,148,35000.0
2024-08-11 20:11:01,SOLUSD_PERP,bid,149,10500.0
2024-08-11 20:11:01,SOLUSD_PERP,bid,149,8273.0
2024-08-11 20:11:01,SOLUSD_PERP,bid,149,7950.0
2024-08-11 20:11:01,SOLUSD_PERP,bid,149,7950.0
2024-08-11 20:11:01,SOLUSD_PERP,bid,149,7950.0
2024-08-11 20:11:01,SOLUSD_PERP,bid,149,8969.0
2024-08-11 20:11:01,SOLUSD_PERP,bid,149,7951.0
2024-08-11 20:11:02,SOLUSD_PERP,bid,149,9810.0
2024-08-11 20:11:02,SOLUSD_PERP,bid,149,7792.0
2024-08-11 20:11:02,SOLUSD_PERP,bid,149,8121.0
2024-08-11 20:11:02,SOLUSD_PERP,bid,149,9651.0
2024-08-11 20:11:02,SOLUSD_PERP,bid,149,8004.0
2024-08-11 20:11:02,SOLUSD_PERP,bid,145,10000.0
2024-08-11 20:11:02,SOLUSD_PERP,bid,149,7791.0
2024-08-11 20:11:02,SOLUSD_PERP,bid,149,7791.0
2024-08-11 20:11:02,SOLUSD_PERP,bid,149,7792.0
2024-08-11 20:11:03,SOLUSD_PERP,bid,149,7792.0
2024-08-11 20:11:03,SOLUSD_PERP,bid,149,7752.0
2024-08-11 20:11:03,SOLUSD_PERP,bid,149,7751.0
2024-08-11 20:11:03,SOLUSD_PERP,bid,149,8089.0
2024-08-11 20:11:03,SOLUSD_PERP,bid,149,7752.0
2024-08-11 20:11:03,SOLUSD_PERP,bid,149,7374.0
2024-08-11 20:11:03,SOLUSD_PERP,bid,149,12501.0
2024-08-11 20:11:03,SOLUSD_PERP,bid,149,7752.0
2024-08-11 20:11:03,SOLUSD_PERP,bid,149,7751.0
2024-08-11 20:11:04,SOLUSD_PERP,bid,149,7752.0
2024-08-11 20:11:04,SOLUSD_PERP,bid,149,8081.0
2024-08-11 20:11:04,SOLUSD_PERP,bid,149,7811.0
2024-08-11 20:11:04,SOLUSD_PERP,bid,149,7812.0
2024-08-11 20:11:04,SOLUSD_PERP,bid,149,7812.0
2024-08-11 20:11:04,SOLUSD_PERP,bid,149,7813.0
2024-08-11 20:11:05,SOLUSD_PERP,bid,149,7812.0
2024-08-11 20:11:05,SOLUSD_PERP,bid,149,8141.0
2024-08-11 20:11:05,SOLUSD_PERP,bid,149,8599.0
2024-08-11 20:11:05,SOLUSD_PERP,bid,149,7718.0
2024-08-11 20:11:05,SOLUSD_PERP,bid,149,7718.0
2024-08-11 20:11:05,SOLUSD_PERP,bid,149,7718.0
2024-08-11 20:11:05,SOLUSD_PERP,bid,149,7718.0
2024-08-11 20:11:05,SOLUSD_PERP,bid,149,8048.0
2024-08-11 20:11:05,SOLUSD_PERP,bid,149,7719.0
2024-08-11 20:11:06,SOLUSD_PERP,bid,149,7718.0
2024-08-11 20:11:06,SOLUSD_PERP,bid,149,7725.0
2024-08-11 20:11:06,SOLUSD_PERP,bid,149,7615.0
2024-08-11 20:11:06,SOLUSD_PERP,bid,149,7615.0
2024-08-11 20:11:06,SOLUSD_PERP,bid,149,8235.0
2024-08-11 20:11:06,SOLUSD_PERP,bid,149,7945.0
2024-08-11 20:11:06,SOLUSD_PERP,bid,149,7615.0
2024-08-11 20:11:07,SOLUSD_PERP,bid,149,7615.0
2024-08-11 20:11:07,SOLUSD_PERP,bid,149,7615.0
2024-08-11 20:11:07,SOLUSD_PERP,bid,149,7490.0
2024-08-11 20:11:07,SOLUSD_PERP,bid,149,7490.0
2024-08-11 20:11:07,SOLUSD_PERP,bid,149,7825.0
2024-08-11 20:11:07,SOLUSD_PERP,bid,149,10566.0
2024-08-11 20:11:07,SOLUSD_PERP,bid,149,7525.0
2024-08-11 20:11:07,SOLUSD_PERP,bid,149,7827.0
2024-08-11 20:11:07,SOLUSD_PERP,bid,149,7819.0
2024-08-11 20:11:08,SOLUSD_PERP,bid,149,7824.0
2024-08-11 20:11:08,SOLUSD_PERP,bid,149,7819.0
2024-08-11 20:11:08,SOLUSD_PERP,bid,149,7611.0
2024-08-11 20:11:08,SOLUSD_PERP,bid,149,7617.0
2024-08-11 20:11:08,SOLUSD_PERP,bid,149,7612.0
2024-08-11 20:11:08,SOLUSD_PERP,bid,149,7284.0
2024-08-11 20:11:08,SOLUSD_PERP,bid,149,7281.0
2024-08-11 20:11:09,SOLUSD_PERP,bid,149,7612.0
2024-08-11 20:11:09,SOLUSD_PERP,bid,149,7612.0
2024-08-11 20:11:09,SOLUSD_PERP,bid,149,7184.0
2024-08-11 20:11:09,SOLUSD_PERP,bid,149,7184.0
2024-08-11 20:11:09,SOLUSD_PERP,bid,149,7184.0
2024-08-11 20:11:09,SOLUSD_PERP,bid,149,7522.0
2024-08-11 20:11:09,SOLUSD_PERP,bid,149,8236.0
2024-08-11 20:11:09,SOLUSD_PERP,bid,149,8273.0
2024-08-11 20:11:09,SOLUSD_PERP,bid,149,7395.0
2024-08-11 20:11:09,SOLUSD_PERP,bid,149,7523.0
2024-08-11 20:11:10,SOLUSD_PERP,bid,149,7515.0
2024-08-11 20:11:10,SOLUSD_PERP,bid,149,7206.0
2024-08-11 20:11:10,SOLUSD_PERP,bid,149,6876.0
2024-08-11 20:11:10,SOLUSD_PERP,bid,149,7206.0
2024-08-11 20:11:10,SOLUSD_PERP,bid,149,7214.0
2024-08-11 20:11:10,SOLUSD_PERP,bid,149,7213.0
2024-08-11 20:11:10,SOLUSD_PERP,bid,149,7206.0
2024-08-11 20:11:10,SOLUSD_PERP,bid,149,6876.0
2024-08-11 20:11:11,SOLUSD_PERP,bid,149,6877.0
2024-08-11 20:11:11,SOLUSD_PERP,bid,149,6727.0
2024-08-11 20:11:11,SOLUSD_PERP,bid,149,6727.0
2024-08-11 20:11:11,SOLUSD_PERP,bid,149,7057.0
2024-08-11 20:11:11,SOLUSD_PERP,bid,149,7057.0
2024-08-11 20:11:11,SOLUSD_PERP,bid,149,6838.0
2024-08-11 20:11:11,SOLUSD_PERP,bid,149,6728.0
2024-08-11 20:11:12,SOLUSD_PERP,bid,149,7058.0
2024-08-11 20:11:12,SOLUSD_PERP,bid,149,6920.0
2024-08-11 20:11:12,SOLUSD_PERP,bid,149,6809.0
2024-08-11 20:11:12,SOLUSD_PERP,bid,149,7828.0
2024-08-11 20:11:12,SOLUSD_PERP,bid,149,6920.0
2024-08-11 20:11:12,SOLUSD_PERP,bid,149,7139.0
2024-08-11 20:11:12,SOLUSD_PERP,bid,149,6809.0
2024-08-11 20:11:12,SOLUSD_PERP,bid,149,7139.0
2024-08-11 20:11:12,SOLUSD_PERP,bid,149,6920.0
2024-08-11 20:11:13,SOLUSD_PERP,bid,149,7139.0
2024-08-11 20:11:13,SOLUSD_PERP,bid,149,6712.0
2024-08-11 20:11:13,SOLUSD_PERP,bid,149,6931.0
2024-08-11 20:11:13,SOLUSD_PERP,bid,149,6931.0
2024-08-11 20:11:13,SOLUSD_PERP,bid,149,6931.0
2024-08-11 20:11:14,SOLUSD_PERP,bid,149,8599.0
2024-08-11 20:11:14,SOLUSD_PERP,bid,149,10576.0
2024-08-11 20:11:14,SOLUSD_PERP,bid,149,7473.0
2024-08-11 20:11:14,SOLUSD_PERP,bid,149,7000.0
2024-08-11 20:11:19,SOLUSD_PERP,bid,148,33212.0
2024-08-11 20:11:23,SOLUSD_PERP,bid,149,7055.0
2024-08-11 20:11:25,SOLUSD_PERP,bid,148,33411.0
2024-08-11 20:11:26,SOLUSD_PERP,bid,144,8316.0
2024-08-11 20:11:26,SOLUSD_PERP,bid,148,40579.0
2024-08-11 20:11:26,SOLUSD_PERP,bid,149,12641.0
2024-08-11 20:11:26,SOLUSD_PERP,bid,149,12500.0
2024-08-11 20:11:26,SOLUSD_PERP,bid,149,8273.0
2024-08-11 20:11:26,SOLUSD_PERP,bid,149,10500.0
2024-08-11 20:11:26,SOLUSD_PERP,ask,152,7356.0
2024-08-11 20:11:26,SOLUSD_PERP,ask,185,9358.0
2024-08-11 20:11:26,SOLUSD_PERP,bid,147,7322.0
2024-08-11 20:11:26,SOLUSD_PERP,bid,149,11152.0
2024-08-11 20:11:28,SOLUSD_PERP,bid,149,11481.0
2024-08-11 20:11:28,SOLUSD_PERP,bid,148,29842.0
2024-08-11 20:11:28,SOLUSD_PERP,bid,149,19250.0
2024-08-11 20:11:28,SOLUSD_PERP,bid,149,34424.0
2024-08-11 20:11:28,SOLUSD_PERP,bid,149,10500.0
2024-08-11 20:11:28,SOLUSD_PERP,bid,149,7326.0
2024-08-11 20:11:28,SOLUSD_PERP,bid,148,33168.0
2024-08-11 20:11:28,SOLUSD_PERP,bid,149,8602.0
2024-08-11 20:11:28,SOLUSD_PERP,ask,152,7543.0
2024-08-11 20:11:29,SOLUSD_PERP,bid,149,8273.0
2024-08-11 20:11:29,SOLUSD_PERP,bid,149,7630.0
2024-08-11 20:11:30,SOLUSD_PERP,bid,149,7715.0
2024-08-11 20:11:33,SOLUSD_PERP,bid,125,9612.0
2024-08-11 20:11:33,SOLUSD_PERP,bid,149,34124.0
2024-08-11 20:11:34,SOLUSD_PERP,bid,149,7654.0
2024-08-11 20:11:34,SOLUSD_PERP,bid,135,161426.0
2024-08-11 20:11:34,SOLUSD_PERP,bid,149,7630.0
2024-08-11 20:11:35,SOLUSD_PERP,bid,149,7630.0
2024-08-11 20:11:36,SOLUSD_PERP,bid,149,12826.0
2024-08-11 20:11:37,SOLUSD_PERP,bid,148,7945.0
2024-08-11 20:11:38,SOLUSD_PERP,bid,149,12500.0
2024-08-11 20:11:38,SOLUSD_PERP,bid,149,7630.0
2024-08-11 20:11:41,SOLUSD_PERP,bid,148,34423.0
2024-08-11 20:11:41,SOLUSD_PERP,bid,149,12500.0
2024-08-11 20:11:41,SOLUSD_PERP,bid,149,7630.0
2024-08-11 20:11:42,SOLUSD_PERP,bid,148,7945.0
2024-08-11 20:11:47,SOLUSD_PERP,bid,148,34124.0
2024-08-11 20:11:48,SOLUSD_PERP,ask,155,8237.0
2024-08-11 20:11:49,SOLUSD_PERP,ask,155,8200.0
2024-08-11 20:11:49,SOLUSD_PERP,ask,155,8237.0
2024-08-11 20:11:49,SOLUSD_PERP,bid,149,9016.0
2024-08-11 20:11:50,SOLUSD_PERP,ask,155,8200.0
2024-08-11 20:11:50,SOLUSD_PERP,ask,152,32485.0
2024-08-11 20:11:50,SOLUSD_PERP,ask,154,8189.0
2024-08-11 20:11:50,SOLUSD_PERP,bid,149,10827.0
2024-08-11 20:11:54,SOLUSD_PERP,bid,149,10501.0
2024-08-11 20:11:54,SOLUSD_PERP,bid,149,8599.0
2024-08-11 20:11:54,SOLUSD_PERP,bid,149,8964.0
2024-08-11 20:11:55,SOLUSD_PERP,bid,149,8273.0
2024-08-11 20:11:55,SOLUSD_PERP,bid,149,10830.0
2024-08-11 20:11:57,SOLUSD_PERP,bid,149,12637.0
2024-08-11 20:11:57,SOLUSD_PERP,bid,149,8274.0
2024-08-11 20:11:57,SOLUSD_PERP,bid,149,10501.0
2024-08-11 20:11:59,SOLUSD_PERP,bid,149,7000.0
2024-08-11 20:11:59,SOLUSD_PERP,bid,149,10500.0
2024-08-11 20:12:01,SOLUSD_PERP,bid,148,33409.0
2024-08-11 20:12:03,SOLUSD_PERP,bid,149,34124.0
2024-08-11 20:12:03,SOLUSD_PERP,bid,140,12030.0
2024-08-11 20:12:03,SOLUSD_PERP,bid,149,12500.0
2024-08-11 20:12:06,SOLUSD_PERP,bid,149,8592.0
2024-08-11 20:12:11,SOLUSD_PERP,bid,149,19250.0
2024-08-11 20:12:11,SOLUSD_PERP,bid,149,7000.0
2024-08-11 20:12:11,SOLUSD_PERP,bid,149,12500.0
2024-08-11 20:12:11,SOLUSD_PERP,ask,152,7559.0
2024-08-11 20:12:11,SOLUSD_PERP,bid,149,10500.0
2024-08-11 20:12:12,SOLUSD_PERP,bid,149,12641.0
2024-08-11 20:12:12,SOLUSD_PERP,bid,138,156979.0
2024-08-11 20:12:14,SOLUSD_PERP,bid,146,9631.0
2024-08-11 20:12:15,SOLUSD_PERP,bid,149,40579.0
2024-08-11 20:12:15,SOLUSD_PERP,bid,149,8273.0
2024-08-11 20:12:20,SOLUSD_PERP,bid,149,9262.0
2024-08-11 20:12:21,SOLUSD_PERP,bid,149,10820.0
2024-08-11 20:12:22,SOLUSD_PERP,bid,149,10500.0
2024-08-11 20:12:27,SOLUSD_PERP,bid,149,10830.0
2024-08-11 20:12:28,SOLUSD_PERP,bid,149,10500.0
2024-08-11 20:12:29,SOLUSD_PERP,bid,149,34124.0
2024-08-11 20:12:29,SOLUSD_PERP,bid,149,8273.0
2024-08-11 20:12:31,SOLUSD_PERP,bid,148,7329.0
2024-08-11 20:12:32,SOLUSD_PERP,bid,149,7952.0
2024-08-11 20:12:37,SOLUSD_PERP,bid,149,10772.0
2024-08-11 20:12:38,SOLUSD_PERP,bid,149,7076.0
2024-08-11 20:12:39,SOLUSD_PERP,bid,149,10839.0
2024-08-11 20:12:40,SOLUSD_PERP,bid,149,8340.0
2024-08-11 20:12:40,SOLUSD_PERP,bid,149,10830.0
2024-08-11 20:12:41,SOLUSD_PERP,bid,149,11474.0
2024-08-11 20:12:41,SOLUSD_PERP,bid,148,18000.0
2024-08-11 20:12:42,SOLUSD_PERP,bid,149,10500.0
2024-08-11 20:12:43,SOLUSD_PERP,bid,148,32909.0
2024-08-11 20:12:44,SOLUSD_PERP,bid,148,29770.0
2024-08-11 20:12:44,SOLUSD_PERP,bid,149,7258.0
2024-08-11 20:12:54,SOLUSD_PERP,bid,149,8273.0
2024-08-11 20:12:54,SOLUSD_PERP,ask,152,8835.0
2024-08-11 20:12:56,SOLUSD_PERP,bid,149,12800.0
2024-08-11 20:12:57,SOLUSD_PERP,bid,149,6952.0
2024-08-11 20:12:59,SOLUSD_PERP,bid,149,12708.0
2024-08-11 20:13:00,SOLUSD_PERP,bid,149,6952.0
2024-08-11 20:13:01,SOLUSD_PERP,bid,149,12500.0
2024-08-11 20:13:04,SOLUSD_PERP,bid,149,10500.0
2024-08-11 20:13:19,SOLUSD_PERP,bid,147,14794.0
2024-08-11 20:13:21,SOLUSD_PERP,ask,153,7574.0
2024-08-11 20:13:30,SOLUSD_PERP,bid,149,29801.0
2024-08-11 20:13:32,SOLUSD_PERP,bid,148,32911.0
2024-08-11 20:13:38,SOLUSD_PERP,bid,140,12023.0
2024-08-11 20:13:38,SOLUSD_PERP,bid,149,7000.0
2024-08-11 20:13:39,SOLUSD_PERP,bid,140,12025.0
2024-08-11 20:13:40,SOLUSD_PERP,bid,135,161418.0
2024-08-11 20:13:40,SOLUSD_PERP,ask,153,8309.0
2024-08-11 20:13:40,SOLUSD_PERP,bid,149,10820.0
2024-08-11 20:13:43,SOLUSD_PERP,bid,149,10500.0
2024-08-11 20:13:43,SOLUSD_PERP,bid,149,10500.0
2024-08-11 20:13:46,SOLUSD_PERP,bid,147,169984.0
2024-08-11 20:13:46,SOLUSD_PERP,bid,135,161420.0
2024-08-11 20:13:47,SOLUSD_PERP,bid,149,7000.0
2024-08-11 20:13:48,SOLUSD_PERP,ask,155,8245.0
2024-08-11 20:13:50,SOLUSD_PERP,bid,146,9632.0
2024-08-11 20:13:54,SOLUSD_PERP,bid,149,35007.0
2024-08-11 20:13:57,SOLUSD_PERP,bid,125,8606.0
2024-08-11 20:14:06,SOLUSD_PERP,ask,160,68704.0
2024-08-11 20:14:09,SOLUSD_PERP,bid,148,32896.0
2024-08-11 20:14:22,SOLUSD_PERP,ask,152,18000.0
2024-08-11 20:14:47,SOLUSD_PERP,bid,149,19250.0
2024-08-11 20:15:00,SOLUSD_PERP,bid,150,8069.0
2024-08-11 20:15:01,SOLUSD_PERP,bid,150,8069.0
2024-08-11 20:15:01,SOLUSD_PERP,ask,150,8739.0
2024-08-11 20:15:04,SOLUSD_PERP,bid,139,150535.0
2024-08-11 20:15:04,SOLUSD_PERP,ask,150,10816.0
2024-08-11 20:15:05,SOLUSD_PERP,ask,150,16485.0
2024-08-11 20:15:05,SOLUSD_PERP,ask,150,8527.0
2024-08-11 20:15:05,SOLUSD_PERP,ask,150,10816.0
2024-08-11 20:15:05,SOLUSD_PERP,ask,150,9959.0
2024-08-11 20:15:06,SOLUSD_PERP,bid,150,7338.0
2024-08-11 20:15:06,SOLUSD_PERP,ask,150,10500.0
2024-08-11 20:15:06,SOLUSD_PERP,ask,151,12808.0
2024-08-11 20:15:06,SOLUSD_PERP,ask,150,11132.0
2024-08-11 20:15:07,SOLUSD_PERP,ask,150,12063.0
2024-08-11 20:15:07,SOLUSD_PERP,ask,150,10876.0
2024-08-11 20:15:07,SOLUSD_PERP,bid,150,7010.0
2024-08-11 20:15:07,SOLUSD_PERP,bid,150,7010.0
2024-08-11 20:15:07,SOLUSD_PERP,ask,150,6931.0
2024-08-11 20:15:07,SOLUSD_PERP,bid,150,7994.0
2024-08-11 20:15:07,SOLUSD_PERP,bid,150,7618.0
2024-08-11 20:15:08,SOLUSD_PERP,bid,148,7345.0
2024-08-11 20:15:08,SOLUSD_PERP,bid,150,8462.0
2024-08-11 20:15:08,SOLUSD_PERP,bid,150,8778.0
2024-08-11 20:15:09,SOLUSD_PERP,bid,150,7086.0
2024-08-11 20:15:09,SOLUSD_PERP,ask,150,8374.0
2024-08-11 20:15:10,SOLUSD_PERP,bid,150,7516.0
2024-08-11 20:15:10,SOLUSD_PERP,ask,150,7182.0
2024-08-11 20:15:10,SOLUSD_PERP,ask,150,11196.0
2024-08-11 20:15:10,SOLUSD_PERP,ask,150,8405.0
2024-08-11 20:15:11,SOLUSD_PERP,bid,150,11140.0
2024-08-11 20:15:11,SOLUSD_PERP,ask,150,8405.0
2024-08-11 20:15:11,SOLUSD_PERP,ask,151,12342.0
2024-08-11 20:15:11,SOLUSD_PERP,ask,151,12972.0
2024-08-11 20:15:11,SOLUSD_PERP,ask,150,8512.0
2024-08-11 20:15:11,SOLUSD_PERP,ask,150,10821.0
2024-08-11 20:15:11,SOLUSD_PERP,ask,151,7086.0
2024-08-11 20:15:11,SOLUSD_PERP,bid,150,10500.0
2024-08-11 20:15:12,SOLUSD_PERP,ask,154,7629.0
2024-08-11 20:15:14,SOLUSD_PERP,ask,150,7157.0
2024-08-11 20:15:15,SOLUSD_PERP,bid,150,6715.0
2024-08-11 20:15:15,SOLUSD_PERP,ask,150,10501.0
2024-08-11 20:15:15,SOLUSD_PERP,ask,150,10500.0
2024-08-11 20:15:16,SOLUSD_PERP,bid,149,29840.0
2024-08-11 20:15:16,SOLUSD_PERP,bid,150,7224.0
2024-08-11 20:15:17,SOLUSD_PERP,ask,151,7224.0
2024-08-11 20:15:17,SOLUSD_PERP,bid,149,7337.0
2024-08-11 20:15:17,SOLUSD_PERP,bid,150,7031.0
2024-08-11 20:15:20,SOLUSD_PERP,bid,150,7347.0
2024-08-11 20:15:23,SOLUSD_PERP,bid,118,41334.0
2024-08-11 20:15:23,SOLUSD_PERP,bid,150,7125.0
2024-08-11 20:15:23,SOLUSD_PERP,bid,150,6715.0
2024-08-11 20:15:25,SOLUSD_PERP,ask,150,14791.0
2024-08-11 20:15:26,SOLUSD_PERP,bid,147,14785.0
2024-08-11 20:15:28,SOLUSD_PERP,ask,150,6747.0
2024-08-11 20:15:29,SOLUSD_PERP,ask,150,8128.0
2024-08-11 20:15:29,SOLUSD_PERP,ask,150,8156.0
2024-08-11 20:15:29,SOLUSD_PERP,ask,160,68703.0
2024-08-11 20:15:31,SOLUSD_PERP,ask,150,6918.0
2024-08-11 20:15:31,SOLUSD_PERP,ask,150,10500.0
2024-08-11 20:15:31,SOLUSD_PERP,ask,150,9540.0
2024-08-11 20:15:33,SOLUSD_PERP,bid,150,10816.0
2024-08-11 20:15:33,SOLUSD_PERP,ask,150,9635.0
2024-08-11 20:15:36,SOLUSD_PERP,ask,150,7832.0
2024-08-11 20:15:37,SOLUSD_PERP,ask,150,8832.0
2024-08-11 20:15:38,SOLUSD_PERP,ask,150,9925.0
2024-08-11 20:15:39,SOLUSD_PERP,bid,150,10500.0
2024-08-11 20:15:39,SOLUSD_PERP,bid,149,8273.0
2024-08-11 20:15:41,SOLUSD_PERP,ask,150,9146.0
2024-08-11 20:15:41,SOLUSD_PERP,ask,151,15406.0
2024-08-11 20:15:42,SOLUSD_PERP,ask,150,6713.0
2024-08-11 20:15:43,SOLUSD_PERP,ask,150,9115.0
2024-08-11 20:15:44,SOLUSD_PERP,ask,150,6867.0
2024-08-11 20:15:44,SOLUSD_PERP,ask,150,6798.0
2024-08-11 20:15:45,SOLUSD_PERP,bid,150,7132.0
2024-08-11 20:15:45,SOLUSD_PERP,bid,150,7095.0
2024-08-11 20:15:45,SOLUSD_PERP,ask,150,6712.0
2024-08-11 20:15:46,SOLUSD_PERP,ask,150,6712.0
2024-08-11 20:15:47,SOLUSD_PERP,ask,150,10144.0
2024-08-11 20:15:47,SOLUSD_PERP,ask,150,6941.0
2024-08-11 20:15:48,SOLUSD_PERP,bid,150,8689.0
2024-08-11 20:15:48,SOLUSD_PERP,ask,151,12972.0
2024-08-11 20:15:49,SOLUSD_PERP,ask,150,8452.0
2024-08-11 20:15:49,SOLUSD_PERP,bid,150,7635.0
2024-08-11 20:15:50,SOLUSD_PERP,bid,150,7574.0
2024-08-11 20:15:51,SOLUSD_PERP,ask,150,8912.0
2024-08-11 20:15:51,SOLUSD_PERP,ask,150,8916.0
2024-08-11 20:15:52,SOLUSD_PERP,ask,150,6747.0
2024-08-11 20:15:53,SOLUSD_PERP,ask,150,8832.0
2024-08-11 20:15:55,SOLUSD_PERP,ask,150,8648.0
2024-08-11 20:15:56,SOLUSD_PERP,ask,151,7000.0
2024-08-11 20:15:56,SOLUSD_PERP,ask,150,8482.0
2024-08-11 20:15:57,SOLUSD_PERP,ask,151,7000.0
2024-08-11 20:15:57,SOLUSD_PERP,bid,150,7221.0
2024-08-11 20:15:57,SOLUSD_PERP,ask,150,8512.0
2024-08-11 20:15:58,SOLUSD_PERP,bid,150,10943.0
2024-08-11 20:15:58,SOLUSD_PERP,bid,150,10814.0
2024-08-11 20:15:59,SOLUSD_PERP,ask,150,8733.0
2024-08-11 20:15:59,SOLUSD_PERP,ask,150,7059.0
2024-08-11 20:15:59,SOLUSD_PERP,bid,149,7000.0
2024-08-11 20:16:00,SOLUSD_PERP,bid,150,7085.0
2024-08-11 20:16:00,SOLUSD_PERP,bid,150,10500.0
2024-08-11 20:16:00,SOLUSD_PERP,ask,150,10500.0
2024-08-11 20:16:01,SOLUSD_PERP,bid,149,7000.0
2024-08-11 20:16:01,SOLUSD_PERP,bid,150,7587.0
2024-08-11 20:16:01,SOLUSD_PERP,bid,150,6991.0
2024-08-11 20:16:01,SOLUSD_PERP,bid,150,7058.0
2024-08-11 20:16:02,SOLUSD_PERP,ask,151,29824.0
2024-08-11 20:16:03,SOLUSD_PERP,bid,150,7219.0
2024-08-11 20:16:03,SOLUSD_PERP,bid,150,7516.0
2024-08-11 20:16:04,SOLUSD_PERP,ask,150,7319.0
2024-08-11 20:16:04,SOLUSD_PERP,ask,150,7319.0
2024-08-11 20:16:04,SOLUSD_PERP,bid,150,7280.0
2024-08-11 20:16:05,SOLUSD_PERP,ask,150,10500.0
2024-08-11 20:16:06,SOLUSD_PERP,ask,150,9477.0
2024-08-11 20:16:06,SOLUSD_PERP,bid,150,7384.0
2024-08-11 20:16:12,SOLUSD_PERP,bid,150,10816.0
2024-08-11 20:16:12,SOLUSD_PERP,ask,150,10384.0
2024-08-11 20:16:15,SOLUSD_PERP,ask,150,8304.0
2024-08-11 20:16:15,SOLUSD_PERP,ask,150,10626.0
2024-08-11 20:16:15,SOLUSD_PERP,ask,150,8277.0
2024-08-11 20:16:15,SOLUSD_PERP,ask,150,7579.0
2024-08-11 20:16:15,SOLUSD_PERP,bid,150,11131.0
2024-08-11 20:16:16,SOLUSD_PERP,ask,150,6754.0
2024-08-11 20:16:16,SOLUSD_PERP,bid,150,10815.0
2024-08-11 20:16:16,SOLUSD_PERP,bid,150,7677.0
2024-08-11 20:16:16,SOLUSD_PERP,ask,150,6754.0
2024-08-11 20:16:16,SOLUSD_PERP,ask,150,6753.0
2024-08-11 20:16:16,SOLUSD_PERP,ask,150,9297.0
2024-08-11 20:16:16,SOLUSD_PERP,ask,150,7496.0
2024-08-11 20:16:17,SOLUSD_PERP,bid,150,8503.0
2024-08-11 20:16:17,SOLUSD_PERP,ask,150,9121.0
2024-08-11 20:16:18,SOLUSD_PERP,bid,150,6806.0
2024-08-11 20:16:19,SOLUSD_PERP,ask,150,9808.0
2024-08-11 20:16:19,SOLUSD_PERP,ask,150,6757.0
2024-08-11 20:16:20,SOLUSD_PERP,bid,150,6671.0
2024-08-11 20:16:20,SOLUSD_PERP,ask,150,6784.0
2024-08-11 20:16:20,SOLUSD_PERP,ask,150,6689.0
2024-08-11 20:16:21,SOLUSD_PERP,bid,149,12500.0
2024-08-11 20:16:22,SOLUSD_PERP,bid,150,10500.0
2024-08-11 20:16:22,SOLUSD_PERP,ask,150,8426.0
2024-08-11 20:16:22,SOLUSD_PERP,ask,150,8405.0
2024-08-11 20:16:22,SOLUSD_PERP,ask,150,8426.0
2024-08-11 20:16:24,SOLUSD_PERP,ask,150,6945.0
2024-08-11 20:16:24,SOLUSD_PERP,ask,150,6945.0
2024-08-11 20:16:24,SOLUSD_PERP,ask,150,7846.0
2024-08-11 20:16:24,SOLUSD_PERP,ask,150,6945.0
2024-08-11 20:16:25,SOLUSD_PERP,bid,150,10500.0
2024-08-11 20:16:25,SOLUSD_PERP,bid,150,7516.0
2024-08-11 20:16:25,SOLUSD_PERP,ask,150,8675.0
2024-08-11 20:16:26,SOLUSD_PERP,bid,150,7028.0
2024-08-11 20:16:26,SOLUSD_PERP,bid,150,7028.0
2024-08-11 20:16:26,SOLUSD_PERP,ask,150,7000.0
2024-08-11 20:16:27,SOLUSD_PERP,ask,150,7158.0
2024-08-11 20:16:28,SOLUSD_PERP,ask,150,8779.0
2024-08-11 20:16:28,SOLUSD_PERP,ask,150,12342.0
2024-08-11 20:16:28,SOLUSD_PERP,ask,150,8405.0
2024-08-11 20:16:28,SOLUSD_PERP,bid,148,29815.0
2024-08-11 20:16:28,SOLUSD_PERP,ask,150,11130.0
2024-08-11 20:16:29,SOLUSD_PERP,bid,150,10815.0
2024-08-11 20:16:30,SOLUSD_PERP,ask,150,8102.0
2024-08-11 20:16:30,SOLUSD_PERP,ask,150,10500.0
2024-08-11 20:16:30,SOLUSD_PERP,bid,150,7741.0
2024-08-11 20:16:30,SOLUSD_PERP,bid,150,7735.0
2024-08-11 20:16:31,SOLUSD_PERP,bid,150,6803.0
2024-08-11 20:16:33,SOLUSD_PERP,ask,150,7920.0
2024-08-11 20:16:34,SOLUSD_PERP,ask,150,8083.0
2024-08-11 20:16:34,SOLUSD_PERP,bid,150,9256.0
2024-08-11 20:16:35,SOLUSD_PERP,bid,149,8567.0
2024-08-11 20:16:35,SOLUSD_PERP,ask,150,6782.0
2024-08-11 20:16:35,SOLUSD_PERP,ask,150,7290.0
2024-08-11 20:16:35,SOLUSD_PERP,bid,150,8431.0
2024-08-11 20:16:35,SOLUSD_PERP,ask,150,6782.0
2024-08-11 20:16:35,SOLUSD_PERP,ask,150,6782.0
2024-08-11 20:16:36,SOLUSD_PERP,ask,150,9640.0
2024-08-11 20:16:38,SOLUSD_PERP,ask,150,7813.0
2024-08-11 20:16:39,SOLUSD_PERP,ask,150,7239.0
2024-08-11 20:16:39,SOLUSD_PERP,bid,150,7960.0
2024-08-11 20:16:41,SOLUSD_PERP,ask,150,7374.0
2024-08-11 20:16:41,SOLUSD_PERP,ask,150,8019.0
2024-08-11 20:16:42,SOLUSD_PERP,ask,150,10247.0
2024-08-11 20:16:42,SOLUSD_PERP,ask,150,8132.0
2024-08-11 20:16:42,SOLUSD_PERP,ask,150,8132.0
2024-08-11 20:16:43,SOLUSD_PERP,ask,150,10430.0
2024-08-11 20:16:43,SOLUSD_PERP,ask,150,7322.0
2024-08-11 20:16:44,SOLUSD_PERP,ask,150,7402.0
2024-08-11 20:16:44,SOLUSD_PERP,ask,150,7946.0
2024-08-11 20:16:45,SOLUSD_PERP,ask,150,7368.0
2024-08-11 20:16:46,SOLUSD_PERP,ask,150,7181.0
2024-08-11 20:16:47,SOLUSD_PERP,bid,150,7023.0
2024-08-11 20:16:47,SOLUSD_PERP,bid,150,7023.0
2024-08-11 20:16:47,SOLUSD_PERP,ask,150,7128.0
2024-08-11 20:16:47,SOLUSD_PERP,bid,149,7000.0
2024-08-11 20:16:48,SOLUSD_PERP,bid,150,7672.0
2024-08-11 20:16:48,SOLUSD_PERP,bid,150,9643.0
2024-08-11 20:16:48,SOLUSD_PERP,bid,150,7516.0
2024-08-11 20:16:49,SOLUSD_PERP,bid,149,7000.0
2024-08-11 20:16:50,SOLUSD_PERP,ask,150,9677.0
2024-08-11 20:16:50,SOLUSD_PERP,bid,150,9627.0
2024-08-11 20:16:52,SOLUSD_PERP,ask,150,9835.0
2024-08-11 20:16:52,SOLUSD_PERP,bid,149,19250.0
2024-08-11 20:16:52,SOLUSD_PERP,bid,150,10500.0
2024-08-11 20:16:54,SOLUSD_PERP,bid,150,8566.0
2024-08-11 20:16:55,SOLUSD_PERP,ask,150,6830.0
2024-08-11 20:16:55,SOLUSD_PERP,bid,150,8654.0
2024-08-11 20:16:55,SOLUSD_PERP,ask,150,7235.0
2024-08-11 20:16:55,SOLUSD_PERP,bid,150,7561.0
2024-08-11 20:16:56,SOLUSD_PERP,bid,150,7516.0
2024-08-11 20:16:57,SOLUSD_PERP,bid,150,7596.0
2024-08-11 20:16:57,SOLUSD_PERP,bid,150,7516.0
2024-08-11 20:16:59,SOLUSD_PERP,ask,150,7674.0
2024-08-11 20:16:59,SOLUSD_PERP,ask,150,9829.0
2024-08-11 20:16:59,SOLUSD_PERP,ask,150,7728.0
2024-08-11 20:17:00,SOLUSD_PERP,ask,150,7196.0
2024-08-11 20:17:00,SOLUSD_PERP,ask,150,7575.0
2024-08-11 20:17:00,SOLUSD_PERP,ask,150,7755.0
2024-08-11 20:17:00,SOLUSD_PERP,bid,149,12507.0
2024-08-11 20:17:00,SOLUSD_PERP,bid,150,10500.0
2024-08-11 20:17:00,SOLUSD_PERP,bid,150,7526.0
2024-08-11 20:17:01,SOLUSD_PERP,bid,150,7516.0
2024-08-11 20:17:01,SOLUSD_PERP,bid,148,7330.0
2024-08-11 20:17:02,SOLUSD_PERP,bid,150,7544.0
2024-08-11 20:17:02,SOLUSD_PERP,bid,150,7516.0
2024-08-11 20:17:03,SOLUSD_PERP,ask,150,7521.0
2024-08-11 20:17:04,SOLUSD_PERP,bid,150,15854.0
2024-08-11 20:17:04,SOLUSD_PERP,bid,150,10500.0
2024-08-11 20:17:04,SOLUSD_PERP,bid,149,10814.0
2024-08-11 20:17:04,SOLUSD_PERP,ask,150,8405.0
2024-08-11 20:17:04,SOLUSD_PERP,bid,149,8273.0
2024-08-11 20:17:04,SOLUSD_PERP,bid,149,11129.0
2024-08-11 20:17:04,SOLUSD_PERP,bid,149,11130.0
2024-08-11 20:17:04,SOLUSD_PERP,ask,150,6927.0
2024-08-11 20:17:05,SOLUSD_PERP,bid,149,10815.0
2024-08-11 20:17:05,SOLUSD_PERP,bid,150,6964.0
2024-08-11 20:17:05,SOLUSD_PERP,bid,148,29835.0
2024-08-11 20:17:05,SOLUSD_PERP,bid,149,10500.0
2024-08-11 20:17:05,SOLUSD_PERP,ask,150,8118.0
2024-08-11 20:17:05,SOLUSD_PERP,bid,149,12821.0
2024-08-11 20:17:05,SOLUSD_PERP,ask,150,6841.0
2024-08-11 20:17:06,SOLUSD_PERP,ask,150,6827.0
2024-08-11 20:17:06,SOLUSD_PERP,ask,150,10500.0
2024-08-11 20:17:06,SOLUSD_PERP,ask,150,19250.0
2024-08-11 20:17:06,SOLUSD_PERP,bid,149,8273.0
2024-08-11 20:17:06,SOLUSD_PERP,bid,149,12500.0
2024-08-11 20:17:06,SOLUSD_PERP,bid,149,19250.0
2024-08-11 20:17:06,SOLUSD_PERP,bid,149,7958.0
2024-08-11 20:17:06,SOLUSD_PERP,ask,152,7557.0
2024-08-11 20:17:08,SOLUSD_PERP,ask,150,7958.0
2024-08-11 20:17:08,SOLUSD_PERP,bid,149,7958.0
2024-08-11 20:17:08,SOLUSD_PERP,bid,149,7381.0
2024-08-11 20:17:09,SOLUSD_PERP,ask,150,8617.0
2024-08-11 20:17:09,SOLUSD_PERP,bid,149,7200.0
2024-08-11 20:17:11,SOLUSD_PERP,ask,151,29796.0
2024-08-11 20:17:14,SOLUSD_PERP,bid,149,6850.0
2024-08-11 20:17:14,SOLUSD_PERP,ask,150,6734.0
2024-08-11 20:17:14,SOLUSD_PERP,ask,150,9389.0
2024-08-11 20:17:16,SOLUSD_PERP,ask,150,7182.0
2024-08-11 20:17:18,SOLUSD_PERP,ask,150,7028.0
2024-08-11 20:17:25,SOLUSD_PERP,ask,150,10814.0
2024-08-11 20:17:26,SOLUSD_PERP,bid,149,8273.0
2024-08-11 20:17:26,SOLUSD_PERP,ask,150,9628.0
2024-08-11 20:17:26,SOLUSD_PERP,ask,150,9628.0
2024-08-11 20:17:27,SOLUSD_PERP,ask,150,7883.0
2024-08-11 20:17:27,SOLUSD_PERP,ask,151,7475.0
2024-08-11 20:17:28,SOLUSD_PERP,ask,150,19250.0
2024-08-11 20:17:28,SOLUSD_PERP,ask,150,10500.0
2024-08-11 20:17:28,SOLUSD_PERP,bid,149,12500.0
2024-08-11 20:17:29,SOLUSD_PERP,ask,150,7296.0
2024-08-11 20:17:30,SOLUSD_PERP,bid,149,8588.0
2024-08-11 20:17:30,SOLUSD_PERP,bid,150,6764.0
2024-08-11 20:17:30,SOLUSD_PERP,bid,150,9327.0
2024-08-11 20:17:30,SOLUSD_PERP,ask,150,6665.0
2024-08-11 20:17:31,SOLUSD_PERP,bid,150,8178.0
2024-08-11 20:17:31,SOLUSD_PERP,bid,150,7006.0
2024-08-11 20:17:31,SOLUSD_PERP,bid,149,8273.0
2024-08-11 20:17:33,SOLUSD_PERP,bid,150,7047.0
2024-08-11 20:17:33,SOLUSD_PERP,ask,150,9985.0
2024-08-11 20:17:34,SOLUSD_PERP,bid,150,10500.0
2024-08-11 20:17:34,SOLUSD_PERP,ask,150,10600.0
2024-08-11 20:17:34,SOLUSD_PERP,ask,150,6790.0
2024-08-11 20:17:38,SOLUSD_PERP,ask,150,6760.0
2024-08-11 20:17:39,SOLUSD_PERP,ask,150,6754.0
2024-08-11 20:17:39,SOLUSD_PERP,ask,150,7468.0
2024-08-11 20:17:39,SOLUSD_PERP,ask,150,6721.0
2024-08-11 20:17:40,SOLUSD_PERP,ask,150,9183.0
2024-08-11 20:17:41,SOLUSD_PERP,ask,150,9671.0
2024-08-11 20:17:41,SOLUSD_PERP,ask,150,6694.0
2024-08-11 20:17:42,SOLUSD_PERP,ask,150,10098.0
2024-08-11 20:17:43,SOLUSD_PERP,ask,150,10248.0
2024-08-11 20:17:44,SOLUSD_PERP,ask,150,6783.0
2024-08-11 20:17:44,SOLUSD_PERP,ask,150,7116.0
2024-08-11 20:17:45,SOLUSD_PERP,ask,150,10355.0
2024-08-11 20:17:45,SOLUSD_PERP,ask,150,10726.0
2024-08-11 20:17:46,SOLUSD_PERP,ask,150,7350.0
2024-08-11 20:17:46,SOLUSD_PERP,ask,150,6904.0
2024-08-11 20:17:46,SOLUSD_PERP,ask,150,11196.0
2024-08-11 20:17:46,SOLUSD_PERP,ask,150,6905.0
2024-08-11 20:17:46,SOLUSD_PERP,ask,150,7557.0
2024-08-11 20:17:46,SOLUSD_PERP,ask,150,7095.0
2024-08-11 20:17:47,SOLUSD_PERP,ask,150,7219.0
2024-08-11 20:17:47,SOLUSD_PERP,ask,150,6904.0
2024-08-11 20:17:47,SOLUSD_PERP,ask,150,7086.0
2024-08-11 20:17:47,SOLUSD_PERP,ask,150,7086.0
2024-08-11 20:17:47,SOLUSD_PERP,ask,150,7086.0
2024-08-11 20:17:47,SOLUSD_PERP,ask,150,7086.0
2024-08-11 20:17:47,SOLUSD_PERP,ask,150,7716.0
2024-08-11 20:17:47,SOLUSD_PERP,ask,150,7086.0
2024-08-11 20:17:47,SOLUSD_PERP,ask,150,7086.0
2024-08-11 20:17:48,SOLUSD_PERP,ask,150,7087.0
2024-08-11 20:17:48,SOLUSD_PERP,ask,150,7321.0
2024-08-11 20:17:48,SOLUSD_PERP,ask,150,7321.0
2024-08-11 20:17:48,SOLUSD_PERP,ask,150,7637.0
2024-08-11 20:17:48,SOLUSD_PERP,ask,150,7321.0
2024-08-11 20:17:48,SOLUSD_PERP,ask,150,7321.0
2024-08-11 20:17:48,SOLUSD_PERP,ask,150,11612.0
2024-08-11 20:17:49,SOLUSD_PERP,ask,150,6975.0
2024-08-11 20:17:49,SOLUSD_PERP,ask,150,7321.0
2024-08-11 20:17:49,SOLUSD_PERP,ask,150,7466.0
2024-08-11 20:17:49,SOLUSD_PERP,ask,150,11756.0
2024-08-11 20:17:49,SOLUSD_PERP,bid,145,181664.0
2024-08-11 20:17:49,SOLUSD_PERP,ask,150,7465.0
2024-08-11 20:17:49,SOLUSD_PERP,ask,150,7465.0
2024-08-11 20:17:49,SOLUSD_PERP,ask,150,7466.0
2024-08-11 20:17:49,SOLUSD_PERP,ask,150,7465.0
2024-08-11 20:17:49,SOLUSD_PERP,ask,150,7466.0
2024-08-11 20:17:50,SOLUSD_PERP,ask,150,7472.0
2024-08-11 20:17:50,SOLUSD_PERP,ask,150,7465.0
2024-08-11 20:17:50,SOLUSD_PERP,ask,150,7565.0
2024-08-11 20:17:50,SOLUSD_PERP,ask,150,7566.0
2024-08-11 20:17:50,SOLUSD_PERP,ask,150,7565.0
2024-08-11 20:17:50,SOLUSD_PERP,ask,150,7566.0
2024-08-11 20:17:50,SOLUSD_PERP,ask,150,10914.0
2024-08-11 20:17:51,SOLUSD_PERP,ask,150,8865.0
2024-08-11 20:17:51,SOLUSD_PERP,ask,150,7643.0
2024-08-11 20:17:51,SOLUSD_PERP,ask,150,7646.0
2024-08-11 20:17:51,SOLUSD_PERP,ask,150,7331.0
2024-08-11 20:17:51,SOLUSD_PERP,ask,150,7331.0
2024-08-11 20:17:51,SOLUSD_PERP,ask,150,7330.0
2024-08-11 20:17:51,SOLUSD_PERP,ask,150,7330.0
2024-08-11 20:17:51,SOLUSD_PERP,ask,150,7000.0
2024-08-11 20:17:52,SOLUSD_PERP,ask,150,7331.0
2024-08-11 20:17:52,SOLUSD_PERP,ask,150,7331.0
2024-08-11 20:17:52,SOLUSD_PERP,ask,150,8170.0
2024-08-11 20:17:52,SOLUSD_PERP,ask,150,7170.0
2024-08-11 20:17:52,SOLUSD_PERP,ask,150,7550.0
2024-08-11 20:17:52,SOLUSD_PERP,ask,150,7170.0
2024-08-11 20:17:52,SOLUSD_PERP,ask,150,7171.0
2024-08-11 20:17:52,SOLUSD_PERP,ask,150,7485.0
2024-08-11 20:17:52,SOLUSD_PERP,ask,150,11474.0
2024-08-11 20:17:53,SOLUSD_PERP,ask,150,6892.0
2024-08-11 20:17:53,SOLUSD_PERP,ask,150,7028.0
2024-08-11 20:17:53,SOLUSD_PERP,ask,150,7343.0
2024-08-11 20:17:53,SOLUSD_PERP,ask,150,7039.0
2024-08-11 20:17:53,SOLUSD_PERP,ask,150,7028.0
2024-08-11 20:17:53,SOLUSD_PERP,ask,150,8778.0
2024-08-11 20:17:53,SOLUSD_PERP,ask,150,7028.0
2024-08-11 20:17:54,SOLUSD_PERP,ask,150,8778.0
2024-08-11 20:17:54,SOLUSD_PERP,ask,150,11228.0
2024-08-11 20:17:54,SOLUSD_PERP,ask,150,7028.0
2024-08-11 20:17:54,SOLUSD_PERP,ask,150,11542.0
2024-08-11 20:17:54,SOLUSD_PERP,ask,150,7048.0
2024-08-11 20:17:54,SOLUSD_PERP,ask,150,7048.0
2024-08-11 20:17:54,SOLUSD_PERP,ask,150,7048.0
2024-08-11 20:17:54,SOLUSD_PERP,ask,150,7048.0
2024-08-11 20:17:54,SOLUSD_PERP,ask,150,7048.0
2024-08-11 20:17:54,SOLUSD_PERP,ask,150,7049.0
2024-08-11 20:17:55,SOLUSD_PERP,ask,150,7050.0
2024-08-11 20:17:55,SOLUSD_PERP,ask,150,7099.0
2024-08-11 20:17:55,SOLUSD_PERP,ask,150,7098.0
2024-08-11 20:17:55,SOLUSD_PERP,ask,150,7098.0
2024-08-11 20:17:56,SOLUSD_PERP,ask,150,7098.0
2024-08-11 20:17:56,SOLUSD_PERP,ask,150,6954.0
2024-08-11 20:17:56,SOLUSD_PERP,ask,150,6954.0
2024-08-11 20:17:56,SOLUSD_PERP,ask,150,6954.0
2024-08-11 20:17:56,SOLUSD_PERP,ask,150,6955.0
2024-08-11 20:17:56,SOLUSD_PERP,ask,150,6954.0
2024-08-11 20:17:57,SOLUSD_PERP,ask,150,6825.0
2024-08-11 20:17:57,SOLUSD_PERP,ask,150,6826.0
2024-08-11 20:17:57,SOLUSD_PERP,ask,150,9371.0
2024-08-11 20:17:58,SOLUSD_PERP,ask,150,6825.0
2024-08-11 20:17:59,SOLUSD_PERP,ask,150,6694.0
2024-08-11 20:17:59,SOLUSD_PERP,ask,150,6693.0
2024-08-11 20:17:59,SOLUSD_PERP,ask,150,6693.0
2024-08-11 20:17:59,SOLUSD_PERP,ask,150,6693.0
2024-08-11 20:17:59,SOLUSD_PERP,ask,150,6693.0
2024-08-11 20:18:00,SOLUSD_PERP,ask,150,9195.0
2024-08-11 20:18:00,SOLUSD_PERP,ask,150,6649.0
2024-08-11 20:18:00,SOLUSD_PERP,ask,150,8261.0
2024-08-11 20:18:00,SOLUSD_PERP,ask,150,6647.0
2024-08-11 20:18:01,SOLUSD_PERP,ask,150,6649.0
2024-08-11 20:18:01,SOLUSD_PERP,ask,150,6860.0
2024-08-11 20:18:01,SOLUSD_PERP,ask,150,6744.0
2024-08-11 20:18:01,SOLUSD_PERP,ask,150,6745.0
2024-08-11 20:18:01,SOLUSD_PERP,ask,150,6745.0
2024-08-11 20:18:01,SOLUSD_PERP,ask,150,6745.0
2024-08-11 20:18:01,SOLUSD_PERP,ask,150,6745.0
2024-08-11 20:18:02,SOLUSD_PERP,ask,150,7518.0
2024-08-11 20:18:02,SOLUSD_PERP,ask,150,7518.0
2024-08-11 20:18:02,SOLUSD_PERP,ask,150,6731.0
2024-08-11 20:18:02,SOLUSD_PERP,ask,150,7518.0
2024-08-11 20:18:03,SOLUSD_PERP,ask,150,7629.0
2024-08-11 20:18:03,SOLUSD_PERP,ask,150,6770.0
2024-08-11 20:18:03,SOLUSD_PERP,ask,150,7770.0
2024-08-11 20:18:03,SOLUSD_PERP,ask,150,6770.0
2024-08-11 20:18:03,SOLUSD_PERP,ask,150,7668.0
2024-08-11 20:18:03,SOLUSD_PERP,ask,150,7568.0
2024-08-11 20:18:03,SOLUSD_PERP,ask,150,6771.0
2024-08-11 20:18:03,SOLUSD_PERP,ask,150,7668.0
2024-08-11 20:18:03,SOLUSD_PERP,ask,150,6770.0
2024-08-11 20:18:04,SOLUSD_PERP,bid,149,19250.0
2024-08-11 20:18:04,SOLUSD_PERP,ask,150,6808.0
2024-08-11 20:18:04,SOLUSD_PERP,ask,150,7627.0
2024-08-11 20:18:04,SOLUSD_PERP,ask,150,6808.0
2024-08-11 20:18:04,SOLUSD_PERP,ask,150,6808.0
2024-08-11 20:18:05,SOLUSD_PERP,ask,150,7668.0
2024-08-11 20:18:05,SOLUSD_PERP,ask,150,6819.0
2024-08-11 20:18:05,SOLUSD_PERP,ask,150,7618.0
2024-08-11 20:18:05,SOLUSD_PERP,ask,150,6684.0
2024-08-11 20:18:05,SOLUSD_PERP,ask,150,6695.0
2024-08-11 20:18:05,SOLUSD_PERP,ask,150,7668.0
2024-08-11 20:18:05,SOLUSD_PERP,ask,150,7314.0
2024-08-11 20:18:05,SOLUSD_PERP,ask,150,6684.0
2024-08-11 20:18:06,SOLUSD_PERP,ask,150,7518.0
2024-08-11 20:18:06,SOLUSD_PERP,ask,150,6684.0
2024-08-11 20:18:06,SOLUSD_PERP,ask,150,6706.0
2024-08-11 20:18:06,SOLUSD_PERP,ask,150,7518.0
2024-08-11 20:18:06,SOLUSD_PERP,ask,150,6652.0
2024-08-11 20:18:06,SOLUSD_PERP,ask,150,7518.0
2024-08-11 20:18:06,SOLUSD_PERP,ask,150,6652.0
2024-08-11 20:18:06,SOLUSD_PERP,ask,150,6652.0
2024-08-11 20:18:07,SOLUSD_PERP,ask,150,6653.0
2024-08-11 20:18:07,SOLUSD_PERP,ask,150,7568.0
2024-08-11 20:18:07,SOLUSD_PERP,ask,150,7618.0
2024-08-11 20:18:08,SOLUSD_PERP,ask,150,6664.0
2024-08-11 20:18:08,SOLUSD_PERP,ask,150,6663.0
2024-08-11 20:18:09,SOLUSD_PERP,ask,150,7618.0
2024-08-11 20:18:09,SOLUSD_PERP,ask,150,6663.0
2024-08-11 20:18:09,SOLUSD_PERP,ask,150,7530.0
2024-08-11 20:18:09,SOLUSD_PERP,ask,150,6674.0
2024-08-11 20:18:09,SOLUSD_PERP,ask,150,10691.0
2024-08-11 20:18:09,SOLUSD_PERP,ask,150,7630.0
2024-08-11 20:18:09,SOLUSD_PERP,ask,150,6680.0
2024-08-11 20:18:09,SOLUSD_PERP,ask,150,7680.0
2024-08-11 20:18:09,SOLUSD_PERP,ask,150,6681.0
2024-08-11 20:18:09,SOLUSD_PERP,ask,150,7630.0
2024-08-11 20:18:10,SOLUSD_PERP,ask,150,7680.0
2024-08-11 20:18:10,SOLUSD_PERP,ask,150,6680.0
2024-08-11 20:18:10,SOLUSD_PERP,ask,150,7530.0
2024-08-11 20:18:10,SOLUSD_PERP,ask,150,7530.0
2024-08-11 20:18:10,SOLUSD_PERP,ask,150,6777.0
2024-08-11 20:18:10,SOLUSD_PERP,ask,150,7680.0
2024-08-11 20:18:10,SOLUSD_PERP,ask,150,10849.0
2024-08-11 20:18:10,SOLUSD_PERP,ask,150,7630.0
2024-08-11 20:18:10,SOLUSD_PERP,ask,150,8030.0
2024-08-11 20:18:11,SOLUSD_PERP,ask,150,7530.0
2024-08-11 20:18:11,SOLUSD_PERP,ask,150,6778.0
2024-08-11 20:18:11,SOLUSD_PERP,ask,150,7518.0
2024-08-11 20:18:11,SOLUSD_PERP,ask,150,6779.0
2024-08-11 20:18:11,SOLUSD_PERP,ask,150,6779.0
2024-08-11 20:18:11,SOLUSD_PERP,ask,150,6903.0
2024-08-11 20:18:11,SOLUSD_PERP,ask,150,6903.0
2024-08-11 20:18:11,SOLUSD_PERP,ask,150,6903.0
2024-08-11 20:18:11,SOLUSD_PERP,ask,150,6957.0
2024-08-11 20:18:11,SOLUSD_PERP,ask,150,6903.0
2024-08-11 20:18:11,SOLUSD_PERP,ask,150,6903.0
2024-08-11 20:18:12,SOLUSD_PERP,ask,150,6904.0
2024-08-11 20:18:12,SOLUSD_PERP,ask,150,7097.0
2024-08-11 20:18:12,SOLUSD_PERP,ask,150,7097.0
2024-08-11 20:18:12,SOLUSD_PERP,ask,150,7568.0
2024-08-11 20:18:12,SOLUSD_PERP,ask,150,7096.0
2024-08-11 20:18:12,SOLUSD_PERP,ask,150,7668.0
2024-08-11 20:18:12,SOLUSD_PERP,ask,150,7096.0
2024-08-11 20:18:12,SOLUSD_PERP,ask,150,7568.0
2024-08-11 20:18:12,SOLUSD_PERP,ask,150,7518.0
2024-08-11 20:18:12,SOLUSD_PERP,ask,150,7097.0
2024-08-11 20:18:13,SOLUSD_PERP,ask,150,7098.0
2024-08-11 20:18:13,SOLUSD_PERP,ask,150,7095.0
2024-08-11 20:18:13,SOLUSD_PERP,ask,150,7097.0
2024-08-11 20:18:13,SOLUSD_PERP,ask,150,7546.0
2024-08-11 20:18:13,SOLUSD_PERP,ask,150,7679.0
2024-08-11 20:18:13,SOLUSD_PERP,ask,150,7095.0
2024-08-11 20:18:13,SOLUSD_PERP,ask,150,7866.0
2024-08-11 20:18:13,SOLUSD_PERP,ask,150,7095.0
2024-08-11 20:18:13,SOLUSD_PERP,ask,150,7875.0
2024-08-11 20:18:13,SOLUSD_PERP,ask,150,7149.0
2024-08-11 20:18:13,SOLUSD_PERP,ask,150,7095.0
2024-08-11 20:18:13,SOLUSD_PERP,ask,150,7884.0
2024-08-11 20:18:13,SOLUSD_PERP,ask,150,7095.0
2024-08-11 20:18:14,SOLUSD_PERP,ask,150,7095.0
2024-08-11 20:18:14,SOLUSD_PERP,ask,150,7915.0
2024-08-11 20:18:14,SOLUSD_PERP,ask,150,7728.0
2024-08-11 20:18:14,SOLUSD_PERP,ask,150,7063.0
2024-08-11 20:18:14,SOLUSD_PERP,ask,150,7063.0
2024-08-11 20:18:14,SOLUSD_PERP,ask,150,7678.0
2024-08-11 20:18:14,SOLUSD_PERP,ask,150,7064.0
2024-08-11 20:18:15,SOLUSD_PERP,ask,150,7728.0
2024-08-11 20:18:15,SOLUSD_PERP,ask,150,7064.0
2024-08-11 20:18:15,SOLUSD_PERP,ask,150,7063.0
2024-08-11 20:18:15,SOLUSD_PERP,ask,150,8912.0
2024-08-11 20:18:15,SOLUSD_PERP,ask,150,8232.0
2024-08-11 20:18:15,SOLUSD_PERP,ask,150,8912.0
2024-08-11 20:18:15,SOLUSD_PERP,ask,150,7806.0
2024-08-11 20:18:15,SOLUSD_PERP,ask,150,7808.0
2024-08-11 20:18:15,SOLUSD_PERP,ask,150,8706.0
2024-08-11 20:18:15,SOLUSD_PERP,ask,150,7162.0
2024-08-11 20:18:16,SOLUSD_PERP,ask,150,7839.0
2024-08-11 20:18:16,SOLUSD_PERP,ask,150,7889.0
2024-08-11 20:18:16,SOLUSD_PERP,ask,150,7242.0
2024-08-11 20:18:16,SOLUSD_PERP,ask,150,7686.0
2024-08-11 20:18:16,SOLUSD_PERP,ask,150,7241.0
2024-08-11 20:18:16,SOLUSD_PERP,ask,150,7678.0
2024-08-11 20:18:16,SOLUSD_PERP,ask,150,7328.0
2024-08-11 20:18:16,SOLUSD_PERP,ask,150,10828.0
2024-08-11 20:18:16,SOLUSD_PERP,ask,150,9787.0
2024-08-11 20:18:16,SOLUSD_PERP,ask,150,7241.0
2024-08-11 20:18:16,SOLUSD_PERP,ask,150,7241.0
2024-08-11 20:18:16,SOLUSD_PERP,ask,150,8228.0
2024-08-11 20:18:17,SOLUSD_PERP,ask,150,7242.0
2024-08-11 20:18:17,SOLUSD_PERP,ask,150,7190.0
2024-08-11 20:18:17,SOLUSD_PERP,ask,150,7190.0
2024-08-11 20:18:17,SOLUSD_PERP,ask,150,7339.0
2024-08-11 20:18:17,SOLUSD_PERP,ask,150,7189.0
2024-08-11 20:18:17,SOLUSD_PERP,ask,150,7190.0
2024-08-11 20:18:17,SOLUSD_PERP,ask,150,7189.0
2024-08-11 20:18:17,SOLUSD_PERP,ask,150,7189.0
2024-08-11 20:18:18,SOLUSD_PERP,bid,149,7000.0
2024-08-11 20:18:18,SOLUSD_PERP,ask,150,7189.0
2024-08-11 20:18:18,SOLUSD_PERP,ask,150,7292.0
2024-08-11 20:18:18,SOLUSD_PERP,ask,150,7291.0
2024-08-11 20:18:18,SOLUSD_PERP,ask,150,7291.0
2024-08-11 20:18:18,SOLUSD_PERP,ask,150,7291.0
2024-08-11 20:18:18,SOLUSD_PERP,ask,150,7291.0
2024-08-11 20:18:19,SOLUSD_PERP,ask,150,7291.0
2024-08-11 20:18:19,SOLUSD_PERP,ask,150,11277.0
2024-08-11 20:18:19,SOLUSD_PERP,ask,150,10828.0
2024-08-11 20:18:19,SOLUSD_PERP,ask,150,7400.0
2024-08-11 20:18:19,SOLUSD_PERP,ask,150,7399.0
2024-08-11 20:18:19,SOLUSD_PERP,ask,150,7399.0
2024-08-11 20:18:19,SOLUSD_PERP,ask,150,8386.0
2024-08-11 20:18:19,SOLUSD_PERP,ask,150,7400.0
2024-08-11 20:18:19,SOLUSD_PERP,ask,150,7399.0
2024-08-11 20:18:20,SOLUSD_PERP,ask,150,7377.0
2024-08-11 20:18:20,SOLUSD_PERP,ask,150,7387.0
2024-08-11 20:18:21,SOLUSD_PERP,ask,150,10928.0
2024-08-11 20:18:21,SOLUSD_PERP,ask,150,7376.0
2024-08-11 20:18:21,SOLUSD_PERP,ask,150,10987.0
2024-08-11 20:18:21,SOLUSD_PERP,ask,150,9596.0
2024-08-11 20:18:21,SOLUSD_PERP,ask,150,7678.0
2024-08-11 20:18:21,SOLUSD_PERP,ask,150,7397.0
2024-08-11 20:18:21,SOLUSD_PERP,ask,150,11856.0
2024-08-11 20:18:21,SOLUSD_PERP,ask,150,7399.0
2024-08-11 20:18:21,SOLUSD_PERP,ask,150,7398.0
2024-08-11 20:18:21,SOLUSD_PERP,ask,150,7398.0
2024-08-11 20:18:21,SOLUSD_PERP,ask,150,7578.0
2024-08-11 20:18:21,SOLUSD_PERP,ask,150,7398.0
2024-08-11 20:18:22,SOLUSD_PERP,ask,150,7398.0
2024-08-11 20:18:22,SOLUSD_PERP,ask,150,7429.0
2024-08-11 20:18:22,SOLUSD_PERP,ask,150,7375.0
2024-08-11 20:18:22,SOLUSD_PERP,ask,150,7429.0
2024-08-11 20:18:22,SOLUSD_PERP,ask,150,7375.0
2024-08-11 20:18:22,SOLUSD_PERP,ask,150,7375.0
2024-08-11 20:18:22,SOLUSD_PERP,ask,150,7375.0
2024-08-11 20:18:22,SOLUSD_PERP,ask,150,7376.0
2024-08-11 20:18:23,SOLUSD_PERP,ask,150,7375.0
2024-08-11 20:18:23,SOLUSD_PERP,ask,150,11800.0
2024-08-11 20:18:23,SOLUSD_PERP,ask,150,7518.0
2024-08-11 20:18:23,SOLUSD_PERP,ask,150,8649.0
2024-08-11 20:18:23,SOLUSD_PERP,ask,150,7538.0
2024-08-11 20:18:23,SOLUSD_PERP,ask,150,7885.0
2024-08-11 20:18:23,SOLUSD_PERP,ask,150,7570.0
2024-08-11 20:18:23,SOLUSD_PERP,ask,150,7570.0
2024-08-11 20:18:23,SOLUSD_PERP,ask,150,7438.0
2024-08-11 20:18:23,SOLUSD_PERP,ask,150,12121.0
2024-08-11 20:18:23,SOLUSD_PERP,ask,150,7570.0
2024-08-11 20:18:24,SOLUSD_PERP,ask,150,7438.0
2024-08-11 20:18:24,SOLUSD_PERP,ask,150,7522.0
2024-08-11 20:18:24,SOLUSD_PERP,bid,130,101106.0
2024-08-11 20:18:24,SOLUSD_PERP,ask,150,8602.0
2024-08-11 20:18:24,SOLUSD_PERP,ask,195,5837.0
2024-08-11 20:18:24,SOLUSD_PERP,ask,150,7523.0
2024-08-11 20:18:24,SOLUSD_PERP,ask,150,7529.0
2024-08-11 20:18:24,SOLUSD_PERP,ask,150,7529.0
2024-08-11 20:18:25,SOLUSD_PERP,ask,150,12692.0
2024-08-11 20:18:25,SOLUSD_PERP,bid,140,12039.0
2024-08-11 20:18:25,SOLUSD_PERP,ask,150,7522.0
2024-08-11 20:18:25,SOLUSD_PERP,ask,150,6681.0
2024-08-11 20:18:25,SOLUSD_PERP,ask,150,14214.0
2024-08-11 20:18:25,SOLUSD_PERP,ask,150,11228.0
2024-08-11 20:18:25,SOLUSD_PERP,ask,150,7534.0
2024-08-11 20:18:25,SOLUSD_PERP,ask,150,6681.0
2024-08-11 20:18:25,SOLUSD_PERP,ask,150,10914.0
2024-08-11 20:18:25,SOLUSD_PERP,ask,150,7534.0
2024-08-11 20:18:25,SOLUSD_PERP,ask,150,7849.0
2024-08-11 20:18:26,SOLUSD_PERP,ask,150,7536.0
2024-08-11 20:18:26,SOLUSD_PERP,ask,150,8257.0
2024-08-11 20:18:26,SOLUSD_PERP,ask,150,7319.0
2024-08-11 20:18:26,SOLUSD_PERP,ask,150,7312.0
2024-08-11 20:18:26,SOLUSD_PERP,ask,150,7312.0
2024-08-11 20:18:26,SOLUSD_PERP,ask,150,7319.0
2024-08-11 20:18:26,SOLUSD_PERP,ask,150,7312.0
2024-08-11 20:18:26,SOLUSD_PERP,ask,150,7312.0
2024-08-11 20:18:26,SOLUSD_PERP,ask,150,7312.0
2024-08-11 20:18:27,SOLUSD_PERP,ask,150,7473.0
2024-08-11 20:18:27,SOLUSD_PERP,ask,150,7156.0
2024-08-11 20:18:27,SOLUSD_PERP,ask,150,7156.0
2024-08-11 20:18:27,SOLUSD_PERP,ask,150,7156.0
2024-08-11 20:18:27,SOLUSD_PERP,bid,150,8102.0
2024-08-11 20:18:27,SOLUSD_PERP,ask,150,7256.0
2024-08-11 20:18:27,SOLUSD_PERP,ask,153,7574.0
2024-08-11 20:18:27,SOLUSD_PERP,ask,150,7157.0
2024-08-11 20:18:28,SOLUSD_PERP,ask,150,7156.0
2024-08-11 20:18:28,SOLUSD_PERP,ask,150,6923.0
2024-08-11 20:18:28,SOLUSD_PERP,ask,150,7553.0
2024-08-11 20:18:28,SOLUSD_PERP,ask,150,6923.0
2024-08-11 20:18:28,SOLUSD_PERP,ask,151,19304.0
2024-08-11 20:18:28,SOLUSD_PERP,ask,150,7023.0
2024-08-11 20:18:28,SOLUSD_PERP,ask,150,6930.0
2024-08-11 20:18:28,SOLUSD_PERP,ask,150,6930.0
2024-08-11 20:18:29,SOLUSD_PERP,ask,150,6923.0
2024-08-11 20:18:29,SOLUSD_PERP,bid,149,11472.0
2024-08-11 20:18:29,SOLUSD_PERP,ask,150,6904.0
2024-08-11 20:18:29,SOLUSD_PERP,ask,150,8128.0
2024-08-11 20:18:29,SOLUSD_PERP,ask,150,6688.0
2024-08-11 20:18:29,SOLUSD_PERP,ask,150,7000.0
2024-08-11 20:18:29,SOLUSD_PERP,ask,150,8128.0
2024-08-11 20:18:31,SOLUSD_PERP,ask,150,7558.0
2024-08-11 20:18:32,SOLUSD_PERP,ask,150,6786.0
2024-08-11 20:18:33,SOLUSD_PERP,bid,150,8273.0
2024-08-11 20:18:33,SOLUSD_PERP,bid,150,8588.0
2024-08-11 20:18:33,SOLUSD_PERP,bid,150,8397.0
2024-08-11 20:18:34,SOLUSD_PERP,ask,150,7078.0
2024-08-11 20:18:35,SOLUSD_PERP,ask,150,7078.0
2024-08-11 20:18:35,SOLUSD_PERP,ask,150,8799.0
2024-08-11 20:18:36,SOLUSD_PERP,ask,150,10500.0
2024-08-11 20:18:36,SOLUSD_PERP,ask,150,7229.0
2024-08-11 20:18:38,SOLUSD_PERP,bid,150,8273.0
2024-08-11 20:18:40,SOLUSD_PERP,ask,150,6763.0
2024-08-11 20:18:41,SOLUSD_PERP,ask,150,6671.0
2024-08-11 20:18:42,SOLUSD_PERP,ask,150,6749.0
2024-08-11 20:18:42,SOLUSD_PERP,ask,150,8713.0
2024-08-11 20:18:43,SOLUSD_PERP,ask,150,6648.0
2024-08-11 20:18:43,SOLUSD_PERP,ask,150,8913.0
2024-08-11 20:18:43,SOLUSD_PERP,ask,150,8888.0
2024-08-11 20:18:43,SOLUSD_PERP,ask,150,6848.0
2024-08-11 20:18:43,SOLUSD_PERP,ask,150,6848.0
2024-08-11 20:18:43,SOLUSD_PERP,ask,150,6848.0
2024-08-11 20:18:44,SOLUSD_PERP,ask,150,6849.0
2024-08-11 20:18:44,SOLUSD_PERP,ask,150,7048.0
2024-08-11 20:18:44,SOLUSD_PERP,ask,150,6733.0
2024-08-11 20:18:44,SOLUSD_PERP,ask,150,6733.0
2024-08-11 20:18:44,SOLUSD_PERP,ask,150,7048.0
2024-08-11 20:18:44,SOLUSD_PERP,ask,150,6734.0
2024-08-11 20:18:44,SOLUSD_PERP,ask,150,6733.0
2024-08-11 20:18:45,SOLUSD_PERP,ask,150,6738.0
2024-08-11 20:18:45,SOLUSD_PERP,ask,150,7750.0
2024-08-11 20:18:45,SOLUSD_PERP,ask,150,6785.0
2024-08-11 20:18:45,SOLUSD_PERP,ask,150,7100.0
2024-08-11 20:18:45,SOLUSD_PERP,ask,150,6980.0
2024-08-11 20:18:47,SOLUSD_PERP,ask,150,6998.0
2024-08-11 20:18:47,SOLUSD_PERP,ask,150,7334.0
2024-08-11 20:18:47,SOLUSD_PERP,ask,150,7313.0
2024-08-11 20:18:47,SOLUSD_PERP,ask,150,6689.0
2024-08-11 20:18:47,SOLUSD_PERP,ask,151,29833.0
2024-08-11 20:18:48,SOLUSD_PERP,ask,150,6689.0
2024-08-11 20:18:48,SOLUSD_PERP,ask,150,10844.0
2024-08-11 20:18:48,SOLUSD_PERP,ask,150,6775.0
2024-08-11 20:18:48,SOLUSD_PERP,ask,150,6775.0
2024-08-11 20:18:48,SOLUSD_PERP,ask,150,9864.0
2024-08-11 20:18:48,SOLUSD_PERP,ask,150,6775.0
2024-08-11 20:18:49,SOLUSD_PERP,ask,150,7405.0
2024-08-11 20:18:49,SOLUSD_PERP,ask,150,6858.0
2024-08-11 20:18:49,SOLUSD_PERP,ask,150,6858.0
2024-08-11 20:18:49,SOLUSD_PERP,ask,150,6858.0
2024-08-11 20:18:49,SOLUSD_PERP,ask,150,6859.0
2024-08-11 20:18:50,SOLUSD_PERP,ask,150,7174.0
2024-08-11 20:18:50,SOLUSD_PERP,ask,150,6859.0
2024-08-11 20:18:50,SOLUSD_PERP,ask,150,6859.0
2024-08-11 20:18:50,SOLUSD_PERP,ask,150,7585.0
2024-08-11 20:18:50,SOLUSD_PERP,ask,150,6991.0
2024-08-11 20:18:50,SOLUSD_PERP,ask,150,6991.0
2024-08-11 20:18:50,SOLUSD_PERP,ask,150,6991.0
2024-08-11 20:18:50,SOLUSD_PERP,ask,150,6992.0
2024-08-11 20:18:51,SOLUSD_PERP,ask,150,6992.0
2024-08-11 20:18:51,SOLUSD_PERP,ask,150,6874.0
2024-08-11 20:18:51,SOLUSD_PERP,ask,150,7468.0
2024-08-11 20:18:51,SOLUSD_PERP,ask,150,7189.0
2024-08-11 20:18:51,SOLUSD_PERP,ask,150,6874.0
2024-08-11 20:18:51,SOLUSD_PERP,ask,150,11164.0
2024-08-11 20:18:51,SOLUSD_PERP,ask,150,6873.0
2024-08-11 20:18:51,SOLUSD_PERP,ask,150,7188.0
2024-08-11 20:18:52,SOLUSD_PERP,ask,150,7188.0
2024-08-11 20:18:52,SOLUSD_PERP,ask,150,7939.0
2024-08-11 20:18:52,SOLUSD_PERP,ask,150,7270.0
2024-08-11 20:18:52,SOLUSD_PERP,ask,150,7030.0
2024-08-11 20:18:52,SOLUSD_PERP,ask,150,6955.0
2024-08-11 20:18:53,SOLUSD_PERP,ask,150,7270.0
2024-08-11 20:18:53,SOLUSD_PERP,ask,150,6986.0
2024-08-11 20:18:53,SOLUSD_PERP,ask,150,7309.0
2024-08-11 20:18:53,SOLUSD_PERP,ask,150,7188.0
2024-08-11 20:18:53,SOLUSD_PERP,ask,150,6987.0
2024-08-11 20:18:53,SOLUSD_PERP,ask,150,6987.0
2024-08-11 20:18:53,SOLUSD_PERP,ask,150,6989.0
2024-08-11 20:18:54,SOLUSD_PERP,ask,150,7013.0
2024-08-11 20:18:54,SOLUSD_PERP,ask,150,7013.0
2024-08-11 20:18:55,SOLUSD_PERP,ask,150,7013.0
2024-08-11 20:18:55,SOLUSD_PERP,ask,150,7013.0
2024-08-11 20:18:55,SOLUSD_PERP,ask,150,7044.0
2024-08-11 20:18:55,SOLUSD_PERP,ask,150,7043.0
2024-08-11 20:18:55,SOLUSD_PERP,ask,150,7043.0
2024-08-11 20:18:55,SOLUSD_PERP,bid,149,35000.0
2024-08-11 20:18:55,SOLUSD_PERP,ask,150,7043.0
2024-08-11 20:18:56,SOLUSD_PERP,ask,150,7043.0
2024-08-11 20:18:56,SOLUSD_PERP,ask,150,7002.0
2024-08-11 20:18:56,SOLUSD_PERP,ask,150,7002.0
2024-08-11 20:18:56,SOLUSD_PERP,ask,150,7002.0
2024-08-11 20:18:57,SOLUSD_PERP,ask,150,6971.0
2024-08-11 20:18:57,SOLUSD_PERP,ask,150,6972.0
2024-08-11 20:18:57,SOLUSD_PERP,ask,150,6971.0
2024-08-11 20:18:57,SOLUSD_PERP,ask,150,6971.0
2024-08-11 20:18:57,SOLUSD_PERP,ask,150,6971.0
2024-08-11 20:18:58,SOLUSD_PERP,ask,150,6971.0
2024-08-11 20:18:58,SOLUSD_PERP,ask,151,7002.0
2024-08-11 20:18:58,SOLUSD_PERP,ask,150,6771.0
2024-08-11 20:18:58,SOLUSD_PERP,ask,150,6772.0
2024-08-11 20:18:58,SOLUSD_PERP,ask,150,6772.0
2024-08-11 20:18:58,SOLUSD_PERP,ask,150,6772.0
2024-08-11 20:19:00,SOLUSD_PERP,ask,150,7144.0
2024-08-11 20:19:01,SOLUSD_PERP,ask,150,8597.0
2024-08-11 20:19:02,SOLUSD_PERP,ask,150,8285.0
2024-08-11 20:19:02,SOLUSD_PERP,bid,150,6779.0
2024-08-11 20:19:03,SOLUSD_PERP,bid,150,6874.0
2024-08-11 20:19:03,SOLUSD_PERP,bid,150,6874.0
2024-08-11 20:19:03,SOLUSD_PERP,ask,150,9379.0
2024-08-11 20:19:03,SOLUSD_PERP,ask,150,9384.0
2024-08-11 20:19:04,SOLUSD_PERP,bid,150,6874.0
2024-08-11 20:19:04,SOLUSD_PERP,bid,120,12485.0
2024-08-11 20:19:04,SOLUSD_PERP,bid,140,12034.0
2024-08-11 20:19:04,SOLUSD_PERP,bid,148,32891.0
2024-08-11 20:19:04,SOLUSD_PERP,ask,160,68698.0
2024-08-11 20:19:04,SOLUSD_PERP,ask,168,16064.0
2024-08-11 20:19:04,SOLUSD_PERP,ask,180,19168.0
2024-08-11 20:19:04,SOLUSD_PERP,ask,200,32326.0
2024-08-11 20:19:05,SOLUSD_PERP,ask,150,9384.0
2024-08-11 20:19:06,SOLUSD_PERP,ask,150,7720.0
2024-08-11 20:19:08,SOLUSD_PERP,ask,150,7739.0
2024-08-11 20:19:09,SOLUSD_PERP,bid,150,6887.0
2024-08-11 20:19:09,SOLUSD_PERP,ask,150,7520.0
2024-08-11 20:19:09,SOLUSD_PERP,ask,150,6982.0
2024-08-11 20:19:10,SOLUSD_PERP,bid,150,6850.0
2024-08-11 20:19:10,SOLUSD_PERP,bid,150,6850.0
2024-08-11 20:19:10,SOLUSD_PERP,ask,150,7155.0
2024-08-11 20:19:10,SOLUSD_PERP,ask,150,7291.0
2024-08-11 20:19:11,SOLUSD_PERP,ask,150,7307.0
2024-08-11 20:19:11,SOLUSD_PERP,ask,150,7291.0
2024-08-11 20:19:11,SOLUSD_PERP,ask,150,7155.0
2024-08-11 20:19:12,SOLUSD_PERP,bid,150,6995.0
2024-08-11 20:19:12,SOLUSD_PERP,ask,150,7298.0
2024-08-11 20:19:12,SOLUSD_PERP,ask,150,7291.0
2024-08-11 20:19:12,SOLUSD_PERP,ask,150,7111.0
2024-08-11 20:19:12,SOLUSD_PERP,ask,150,7314.0
2024-08-11 20:19:13,SOLUSD_PERP,ask,150,7155.0
2024-08-11 20:19:13,SOLUSD_PERP,ask,150,7300.0
2024-08-11 20:19:13,SOLUSD_PERP,ask,150,7291.0
2024-08-11 20:19:13,SOLUSD_PERP,ask,150,7300.0
2024-08-11 20:19:14,SOLUSD_PERP,ask,150,7155.0
2024-08-11 20:19:14,SOLUSD_PERP,ask,151,35001.0
2024-08-11 20:19:14,SOLUSD_PERP,bid,150,7775.0
2024-08-11 20:19:14,SOLUSD_PERP,ask,150,7286.0
2024-08-11 20:19:14,SOLUSD_PERP,bid,150,6744.0
2024-08-11 20:19:14,SOLUSD_PERP,bid,150,7083.0
2024-08-11 20:19:15,SOLUSD_PERP,ask,150,10577.0
2024-08-11 20:19:15,SOLUSD_PERP,ask,150,10063.0
2024-08-11 20:19:15,SOLUSD_PERP,ask,150,10059.0
2024-08-11 20:19:16,SOLUSD_PERP,bid,150,8240.0
2024-08-11 20:19:16,SOLUSD_PERP,bid,149,12641.0
2024-08-11 20:19:17,SOLUSD_PERP,ask,150,9886.0
2024-08-11 20:19:18,SOLUSD_PERP,bid,150,6749.0
2024-08-11 20:19:20,SOLUSD_PERP,ask,151,32822.0
2024-08-11 20:19:21,SOLUSD_PERP,ask,151,7000.0
2024-08-11 20:19:22,SOLUSD_PERP,ask,150,6747.0
2024-08-11 20:19:22,SOLUSD_PERP,ask,150,6747.0
2024-08-11 20:19:23,SOLUSD_PERP,bid,150,6743.0
2024-08-11 20:19:24,SOLUSD_PERP,ask,150,8711.0
2024-08-11 20:19:25,SOLUSD_PERP,bid,149,29850.0
2024-08-11 20:19:27,SOLUSD_PERP,bid,150,7378.0
2024-08-11 20:19:29,SOLUSD_PERP,ask,150,7626.0
2024-08-11 20:19:29,SOLUSD_PERP,ask,150,7595.0
2024-08-11 20:19:33,SOLUSD_PERP,ask,150,10822.0
2024-08-11 20:19:34,SOLUSD_PERP,ask,150,11144.0
2024-08-11 20:19:35,SOLUSD_PERP,bid,150,6955.0
2024-08-11 20:19:35,SOLUSD_PERP,bid,150,7115.0
2024-08-11 20:19:37,SOLUSD_PERP,ask,150,10822.0
2024-08-11 20:19:40,SOLUSD_PERP,ask,150,10500.0
2024-08-11 20:19:40,SOLUSD_PERP,ask,150,7556.0
2024-08-11 20:19:41,SOLUSD_PERP,bid,150,7265.0
2024-08-11 20:19:41,SOLUSD_PERP,ask,150,10880.0
2024-08-11 20:19:41,SOLUSD_PERP,bid,150,7265.0
2024-08-11 20:19:41,SOLUSD_PERP,ask,151,7086.0
2024-08-11 20:19:42,SOLUSD_PERP,bid,150,7195.0
2024-08-11 20:19:42,SOLUSD_PERP,bid,150,7195.0
2024-08-11 20:19:42,SOLUSD_PERP,bid,150,7195.0
2024-08-11 20:19:43,SOLUSD_PERP,bid,150,10500.0
2024-08-11 20:19:43,SOLUSD_PERP,ask,150,10525.0
2024-08-11 20:19:43,SOLUSD_PERP,bid,150,7202.0
2024-08-11 20:19:44,SOLUSD_PERP,bid,150,7202.0
2024-08-11 20:19:46,SOLUSD_PERP,bid,150,7610.0
2024-08-11 20:19:47,SOLUSD_PERP,ask,150,8405.0
2024-08-11 20:19:48,SOLUSD_PERP,bid,149,7006.0
2024-08-11 20:19:48,SOLUSD_PERP,bid,148,7344.0
2024-08-11 20:19:49,SOLUSD_PERP,bid,150,7291.0
2024-08-11 20:19:50,SOLUSD_PERP,bid,150,7082.0
2024-08-11 20:19:54,SOLUSD_PERP,bid,150,7258.0
2024-08-11 20:19:55,SOLUSD_PERP,bid,149,41179.0
2024-08-11 20:19:57,SOLUSD_PERP,bid,150,19250.0
2024-08-11 20:19:59,SOLUSD_PERP,ask,150,8987.0
2024-08-11 20:19:59,SOLUSD_PERP,bid,148,32901.0
2024-08-11 20:20:00,SOLUSD_PERP,ask,150,7656.0
2024-08-11 20:20:00,SOLUSD_PERP,bid,149,40579.0
2024-08-11 20:20:01,SOLUSD_PERP,ask,150,6775.0
2024-08-11 20:20:01,SOLUSD_PERP,ask,150,6775.0
2024-08-11 20:20:03,SOLUSD_PERP,bid,150,7451.0
2024-08-11 20:20:03,SOLUSD_PERP,bid,150,9167.0
2024-08-11 20:20:04,SOLUSD_PERP,bid,150,7845.0
2024-08-11 20:20:04,SOLUSD_PERP,bid,150,9206.0
2024-08-11 20:20:05,SOLUSD_PERP,bid,150,11219.0
2024-08-11 20:20:06,SOLUSD_PERP,bid,149,30458.0
2024-08-11 20:20:06,SOLUSD_PERP,bid,150,10822.0
2024-08-11 20:20:06,SOLUSD_PERP,ask,150,7286.0
2024-08-11 20:20:06,SOLUSD_PERP,bid,150,9362.0
2024-08-11 20:20:06,SOLUSD_PERP,ask,150,7061.0
2024-08-11 20:20:06,SOLUSD_PERP,ask,150,6978.0
2024-08-11 20:20:07,SOLUSD_PERP,ask,150,8747.0
2024-08-11 20:20:09,SOLUSD_PERP,bid,150,7489.0
2024-08-11 20:20:10,SOLUSD_PERP,bid,149,29858.0
2024-08-11 20:20:12,SOLUSD_PERP,ask,150,8371.0
2024-08-11 20:20:13,SOLUSD_PERP,bid,150,6945.0
2024-08-11 20:20:14,SOLUSD_PERP,bid,125,8603.0
2024-08-11 20:20:14,SOLUSD_PERP,ask,150,8633.0
2024-08-11 20:20:15,SOLUSD_PERP,bid,150,7854.0
2024-08-11 20:20:15,SOLUSD_PERP,bid,150,7433.0
2024-08-11 20:20:15,SOLUSD_PERP,bid,150,7082.0
2024-08-11 20:20:16,SOLUSD_PERP,ask,150,6788.0
2024-08-11 20:20:19,SOLUSD_PERP,ask,150,7150.0
2024-08-11 20:20:20,SOLUSD_PERP,ask,150,8178.0
2024-08-11 20:20:21,SOLUSD_PERP,ask,150,8470.0
2024-08-11 20:20:24,SOLUSD_PERP,bid,150,7327.0
2024-08-11 20:20:24,SOLUSD_PERP,ask,151,7151.0
2024-08-11 20:20:24,SOLUSD_PERP,bid,150,10500.0
2024-08-11 20:20:26,SOLUSD_PERP,ask,150,6848.0
2024-08-11 20:20:26,SOLUSD_PERP,ask,150,7020.0
2024-08-11 20:20:26,SOLUSD_PERP,ask,150,6806.0
2024-08-11 20:20:27,SOLUSD_PERP,ask,150,6964.0
2024-08-11 20:20:28,SOLUSD_PERP,ask,151,7226.0
2024-08-11 20:20:28,SOLUSD_PERP,bid,150,7067.0
2024-08-11 20:20:29,SOLUSD_PERP,bid,150,7010.0
2024-08-11 20:20:30,SOLUSD_PERP,ask,150,8584.0
2024-08-11 20:20:31,SOLUSD_PERP,bid,150,7086.0
2024-08-11 20:20:32,SOLUSD_PERP,bid,150,7034.0
2024-08-11 20:20:32,SOLUSD_PERP,ask,150,8952.0
2024-08-11 20:20:33,SOLUSD_PERP,ask,150,6985.0
2024-08-11 20:20:33,SOLUSD_PERP,ask,150,6726.0
2024-08-11 20:20:34,SOLUSD_PERP,bid,150,6984.0
2024-08-11 20:20:34,SOLUSD_PERP,bid,150,7662.0
2024-08-11 20:20:34,SOLUSD_PERP,ask,150,8941.0
2024-08-11 20:20:35,SOLUSD_PERP,ask,150,9848.0
2024-08-11 20:20:36,SOLUSD_PERP,bid,150,7000.0
2024-08-11 20:20:38,SOLUSD_PERP,ask,150,6938.0
2024-08-11 20:20:39,SOLUSD_PERP,bid,150,7000.0
2024-08-11 20:20:39,SOLUSD_PERP,ask,150,7137.0
2024-08-11 20:20:40,SOLUSD_PERP,ask,150,7666.0
2024-08-11 20:20:40,SOLUSD_PERP,bid,150,6815.0
2024-08-11 20:20:41,SOLUSD_PERP,ask,150,7666.0
2024-08-11 20:20:41,SOLUSD_PERP,ask,150,7512.0
2024-08-11 20:20:42,SOLUSD_PERP,bid,150,7677.0
2024-08-11 20:20:43,SOLUSD_PERP,ask,151,7200.0
2024-08-11 20:20:43,SOLUSD_PERP,ask,151,29859.0
2024-08-11 20:20:44,SOLUSD_PERP,ask,150,8749.0
2024-08-11 20:20:44,SOLUSD_PERP,ask,151,7151.0
2024-08-11 20:20:45,SOLUSD_PERP,bid,150,8372.0
2024-08-11 20:20:51,SOLUSD_PERP,ask,150,9300.0
2024-08-11 20:20:51,SOLUSD_PERP,ask,150,10754.0
2024-08-11 20:20:54,SOLUSD_PERP,ask,150,7815.0
2024-08-11 20:20:55,SOLUSD_PERP,ask,150,8005.0
2024-08-11 20:20:58,SOLUSD_PERP,ask,150,8405.0
2024-08-11 20:20:59,SOLUSD_PERP,ask,151,35000.0
2024-08-11 20:20:59,SOLUSD_PERP,ask,151,7348.0
2024-08-11 20:21:03,SOLUSD_PERP,ask,150,9481.0
2024-08-11 20:21:03,SOLUSD_PERP,ask,150,8275.0
2024-08-11 20:21:03,SOLUSD_PERP,ask,150,10221.0
2024-08-11 20:21:04,SOLUSD_PERP,bid,150,8273.0
2024-08-11 20:21:04,SOLUSD_PERP,ask,150,7015.0
2024-08-11 20:21:04,SOLUSD_PERP,ask,150,10841.0
2024-08-11 20:21:04,SOLUSD_PERP,bid,150,7523.0
2024-08-11 20:21:05,SOLUSD_PERP,ask,150,7523.0
2024-08-11 20:21:06,SOLUSD_PERP,ask,150,6798.0
2024-08-11 20:21:06,SOLUSD_PERP,ask,151,7000.0
2024-08-11 20:21:07,SOLUSD_PERP,ask,150,11157.0
2024-08-11 20:21:07,SOLUSD_PERP,ask,151,19262.0
2024-08-11 20:21:07,SOLUSD_PERP,bid,150,10500.0
2024-08-11 20:21:07,SOLUSD_PERP,bid,150,7405.0
2024-08-11 20:21:08,SOLUSD_PERP,ask,150,8862.0
2024-08-11 20:21:08,SOLUSD_PERP,ask,150,9051.0
2024-08-11 20:21:08,SOLUSD_PERP,bid,150,7342.0
2024-08-11 20:21:09,SOLUSD_PERP,ask,151,8405.0
2024-08-11 20:21:09,SOLUSD_PERP,ask,151,10500.0
2024-08-11 20:21:09,SOLUSD_PERP,ask,151,13324.0
2024-08-11 20:21:09,SOLUSD_PERP,ask,150,6724.0
2024-08-11 20:21:09,SOLUSD_PERP,ask,151,12342.0
2024-08-11 20:21:10,SOLUSD_PERP,bid,150,7171.0
2024-08-11 20:21:10,SOLUSD_PERP,ask,151,7000.0
2024-08-11 20:21:10,SOLUSD_PERP,ask,151,13405.0
2024-08-11 20:21:11,SOLUSD_PERP,ask,150,8314.0
2024-08-11 20:21:12,SOLUSD_PERP,ask,150,6638.0
2024-08-11 20:21:15,SOLUSD_PERP,ask,150,6673.0
2024-08-11 20:21:16,SOLUSD_PERP,ask,150,6657.0
2024-08-11 20:21:16,SOLUSD_PERP,ask,151,10822.0
2024-08-11 20:21:16,SOLUSD_PERP,ask,151,12808.0
2024-08-11 20:21:16,SOLUSD_PERP,bid,147,7286.0
2024-08-11 20:21:19,SOLUSD_PERP,bid,149,7000.0
2024-08-11 20:21:19,SOLUSD_PERP,ask,153,7698.0
2024-08-11 20:21:20,SOLUSD_PERP,ask,150,6747.0
2024-08-11 20:21:20,SOLUSD_PERP,ask,151,12523.0
2024-08-11 20:21:21,SOLUSD_PERP,ask,151,7525.0
2024-08-11 20:21:21,SOLUSD_PERP,ask,151,16357.0
2024-08-11 20:21:21,SOLUSD_PERP,bid,149,29845.0
2024-08-11 20:21:21,SOLUSD_PERP,bid,150,10822.0
2024-08-11 20:21:22,SOLUSD_PERP,ask,150,6805.0
2024-08-11 20:21:22,SOLUSD_PERP,bid,149,12641.0
2024-08-11 20:21:22,SOLUSD_PERP,bid,149,8473.0
2024-08-11 20:21:22,SOLUSD_PERP,bid,150,10500.0
2024-08-11 20:21:22,SOLUSD_PERP,bid,150,10822.0
2024-08-11 20:21:22,SOLUSD_PERP,ask,151,16035.0
2024-08-11 20:21:23,SOLUSD_PERP,bid,150,8286.0
2024-08-11 20:21:26,SOLUSD_PERP,bid,148,33001.0
2024-08-11 20:21:28,SOLUSD_PERP,ask,150,8816.0
2024-08-11 20:21:32,SOLUSD_PERP,ask,150,8105.0
2024-08-11 20:21:35,SOLUSD_PERP,ask,150,9369.0
2024-08-11 20:21:36,SOLUSD_PERP,bid,150,11138.0
2024-08-11 20:21:36,SOLUSD_PERP,ask,150,9371.0
2024-08-11 20:21:38,SOLUSD_PERP,bid,150,10822.0
2024-08-11 20:21:38,SOLUSD_PERP,bid,149,35000.0
2024-08-11 20:21:42,SOLUSD_PERP,bid,150,10500.0
2024-08-11 20:21:42,SOLUSD_PERP,bid,150,12999.0
2024-08-11 20:21:43,SOLUSD_PERP,ask,151,13558.0
2024-08-11 20:21:43,SOLUSD_PERP,bid,150,8273.0
2024-08-11 20:21:44,SOLUSD_PERP,ask,150,8358.0
2024-08-11 20:21:47,SOLUSD_PERP,bid,150,7375.0
2024-08-11 20:21:48,SOLUSD_PERP,bid,150,7403.0
2024-08-11 20:21:51,SOLUSD_PERP,bid,150,10816.0
2024-08-11 20:21:51,SOLUSD_PERP,ask,151,8492.0
2024-08-11 20:21:52,SOLUSD_PERP,ask,150,9208.0
2024-08-11 20:21:54,SOLUSD_PERP,ask,150,8042.0
2024-08-11 20:21:56,SOLUSD_PERP,ask,150,6799.0
2024-08-11 20:21:56,SOLUSD_PERP,bid,148,27186.0
2024-08-11 20:21:58,SOLUSD_PERP,ask,151,7420.0
2024-08-11 20:21:58,SOLUSD_PERP,bid,150,7552.0
2024-08-11 20:21:59,SOLUSD_PERP,ask,150,6828.0
2024-08-11 20:22:00,SOLUSD_PERP,ask,150,7371.0
2024-08-11 20:22:02,SOLUSD_PERP,ask,151,12523.0
2024-08-11 20:22:02,SOLUSD_PERP,bid,150,10500.0
2024-08-11 20:22:02,SOLUSD_PERP,ask,151,13606.0
2024-08-11 20:22:03,SOLUSD_PERP,ask,151,12523.0
2024-08-11 20:22:05,SOLUSD_PERP,ask,150,7121.0
2024-08-11 20:22:05,SOLUSD_PERP,bid,150,7720.0
2024-08-11 20:22:06,SOLUSD_PERP,bid,150,10500.0
2024-08-11 20:22:06,SOLUSD_PERP,ask,151,20262.0
2024-08-11 20:22:06,SOLUSD_PERP,bid,150,7000.0
2024-08-11 20:22:07,SOLUSD_PERP,ask,150,8050.0
2024-08-11 20:22:08,SOLUSD_PERP,ask,150,8405.0
2024-08-11 20:22:08,SOLUSD_PERP,bid,150,7000.0
2024-08-11 20:22:11,SOLUSD_PERP,ask,150,6743.0
2024-08-11 20:22:14,SOLUSD_PERP,bid,150,7000.0
2024-08-11 20:22:16,SOLUSD_PERP,bid,138,160392.0
2024-08-11 20:22:17,SOLUSD_PERP,bid,150,6697.0
2024-08-11 20:22:19,SOLUSD_PERP,ask,150,6729.0
2024-08-11 20:22:22,SOLUSD_PERP,ask,150,9621.0
2024-08-11 20:22:25,SOLUSD_PERP,ask,151,7000.0
2024-08-11 20:22:25,SOLUSD_PERP,ask,150,9644.0
2024-08-11 20:22:26,SOLUSD_PERP,ask,150,10500.0
2024-08-11 20:22:35,SOLUSD_PERP,bid,150,12500.0
2024-08-11 20:22:35,SOLUSD_PERP,ask,150,10500.0
2024-08-11 20:22:35,SOLUSD_PERP,ask,151,19262.0
2024-08-11 20:22:35,SOLUSD_PERP,bid,150,7256.0
2024-08-11 20:22:36,SOLUSD_PERP,bid,150,7166.0
2024-08-11 20:22:36,SOLUSD_PERP,bid,150,7166.0
2024-08-11 20:22:37,SOLUSD_PERP,bid,150,7152.0
2024-08-11 20:22:38,SOLUSD_PERP,bid,150,7057.0
2024-08-11 20:22:38,SOLUSD_PERP,bid,150,7000.0
2024-08-11 20:22:38,SOLUSD_PERP,bid,150,7628.0
2024-08-11 20:22:40,SOLUSD_PERP,ask,150,7167.0
2024-08-11 20:22:40,SOLUSD_PERP,bid,149,34124.0
2024-08-11 20:22:43,SOLUSD_PERP,bid,150,6942.0
2024-08-11 20:22:44,SOLUSD_PERP,bid,150,19250.0
2024-08-11 20:22:45,SOLUSD_PERP,bid,148,33411.0
2024-08-11 20:22:45,SOLUSD_PERP,ask,151,13548.0
2024-08-11 20:22:45,SOLUSD_PERP,bid,149,29839.0
2024-08-11 20:22:45,SOLUSD_PERP,ask,151,8405.0
2024-08-11 20:22:46,SOLUSD_PERP,ask,151,7000.0
2024-08-11 20:22:47,SOLUSD_PERP,bid,150,7000.0
2024-08-11 20:22:47,SOLUSD_PERP,ask,150,8127.0
2024-08-11 20:22:49,SOLUSD_PERP,bid,149,7000.0
2024-08-11 20:22:50,SOLUSD_PERP,bid,145,181414.0
2024-08-11 20:22:55,SOLUSD_PERP,ask,150,9199.0
2024-08-11 20:22:56,SOLUSD_PERP,bid,150,6844.0
2024-08-11 20:22:56,SOLUSD_PERP,ask,151,35000.0
2024-08-11 20:22:59,SOLUSD_PERP,ask,150,7344.0
2024-08-11 20:23:02,SOLUSD_PERP,ask,151,12523.0
2024-08-11 20:23:03,SOLUSD_PERP,bid,150,7198.0
2024-08-11 20:23:03,SOLUSD_PERP,ask,151,13541.0
2024-08-11 20:23:03,SOLUSD_PERP,ask,151,12523.0
2024-08-11 20:23:05,SOLUSD_PERP,ask,150,7596.0
2024-08-11 20:23:05,SOLUSD_PERP,ask,150,7596.0
2024-08-11 20:23:06,SOLUSD_PERP,ask,150,7737.0
2024-08-11 20:23:06,SOLUSD_PERP,ask,150,8325.0
2024-08-11 20:23:07,SOLUSD_PERP,ask,150,8312.0
2024-08-11 20:23:07,SOLUSD_PERP,bid,150,6908.0
2024-08-11 20:23:08,SOLUSD_PERP,ask,150,6889.0
2024-08-11 20:23:09,SOLUSD_PERP,bid,149,12641.0
2024-08-11 20:23:09,SOLUSD_PERP,bid,150,10429.0
2024-08-11 20:23:11,SOLUSD_PERP,bid,140,12037.0
2024-08-11 20:23:11,SOLUSD_PERP,bid,147,169987.0
2024-08-11 20:23:11,SOLUSD_PERP,ask,161,50157.0
2024-08-11 20:23:11,SOLUSD_PERP,ask,168,16067.0
2024-08-11 20:23:11,SOLUSD_PERP,ask,175,11326.0
2024-08-11 20:23:14,SOLUSD_PERP,ask,150,9231.0
2024-08-11 20:23:17,SOLUSD_PERP,ask,151,35000.0
2024-08-11 20:23:18,SOLUSD_PERP,bid,150,7479.0
2024-08-11 20:23:18,SOLUSD_PERP,bid,150,10816.0
2024-08-11 20:23:18,SOLUSD_PERP,ask,150,6747.0
2024-08-11 20:23:19,SOLUSD_PERP,ask,150,8405.0
2024-08-11 20:23:19,SOLUSD_PERP,ask,151,7000.0
2024-08-11 20:23:21,SOLUSD_PERP,bid,149,29856.0
2024-08-11 20:23:21,SOLUSD_PERP,bid,149,19251.0
2024-08-11 20:23:21,SOLUSD_PERP,bid,150,10500.0
2024-08-11 20:23:23,SOLUSD_PERP,ask,151,12342.0
2024-08-11 20:23:24,SOLUSD_PERP,bid,150,9326.0
2024-08-11 20:23:24,SOLUSD_PERP,ask,150,7031.0
2024-08-11 20:23:24,SOLUSD_PERP,ask,150,7031.0
2024-08-11 20:23:26,SOLUSD_PERP,bid,150,10816.0
2024-08-11 20:23:26,SOLUSD_PERP,bid,150,7571.0
2024-08-11 20:23:27,SOLUSD_PERP,ask,150,10500.0
2024-08-11 20:23:27,SOLUSD_PERP,bid,149,7000.0
2024-08-11 20:23:28,SOLUSD_PERP,ask,150,9091.0
2024-08-11 20:23:28,SOLUSD_PERP,bid,150,6711.0
2024-08-11 20:23:29,SOLUSD_PERP,ask,150,6963.0
2024-08-11 20:23:29,SOLUSD_PERP,ask,151,7000.0
2024-08-11 20:23:29,SOLUSD_PERP,ask,150,9500.0
2024-08-11 20:23:30,SOLUSD_PERP,ask,151,29843.0
2024-08-11 20:23:30,SOLUSD_PERP,ask,150,8533.0
2024-08-11 20:23:31,SOLUSD_PERP,ask,153,7574.0
2024-08-11 20:23:33,SOLUSD_PERP,bid,150,8273.0
2024-08-11 20:23:34,SOLUSD_PERP,ask,150,14791.0
2024-08-11 20:23:35,SOLUSD_PERP,ask,150,9644.0
2024-08-11 20:23:36,SOLUSD_PERP,ask,150,10816.0
2024-08-11 20:23:42,SOLUSD_PERP,bid,150,7101.0
2024-08-11 20:23:43,SOLUSD_PERP,bid,150,7823.0
2024-08-11 20:23:43,SOLUSD_PERP,ask,150,10500.0
2024-08-11 20:23:43,SOLUSD_PERP,ask,150,8721.0
2024-08-11 20:23:43,SOLUSD_PERP,bid,150,7774.0
2024-08-11 20:23:45,SOLUSD_PERP,ask,150,9037.0
2024-08-11 20:23:46,SOLUSD_PERP,bid,150,7800.0
2024-08-11 20:23:49,SOLUSD_PERP,ask,150,10251.0
2024-08-11 20:23:50,SOLUSD_PERP,ask,150,7696.0
2024-08-11 20:23:50,SOLUSD_PERP,ask,150,7696.0
2024-08-11 20:23:51,SOLUSD_PERP,ask,150,7811.0
2024-08-11 20:23:55,SOLUSD_PERP,ask,150,7273.0
2024-08-11 20:23:55,SOLUSD_PERP,bid,150,10500.0
2024-08-11 20:23:57,SOLUSD_PERP,bid,129,13104.0
2024-08-11 20:23:57,SOLUSD_PERP,ask,150,9625.0
2024-08-11 20:23:58,SOLUSD_PERP,bid,150,19250.0
2024-08-11 20:24:02,SOLUSD_PERP,ask,150,10500.0
2024-08-11 20:24:03,SOLUSD_PERP,bid,150,7000.0
2024-08-11 20:24:03,SOLUSD_PERP,ask,150,7052.0
2024-08-11 20:24:04,SOLUSD_PERP,ask,150,6696.0
2024-08-11 20:24:04,SOLUSD_PERP,ask,150,7056.0
2024-08-11 20:24:09,SOLUSD_PERP,ask,151,7012.0
2024-08-11 20:24:11,SOLUSD_PERP,bid,150,9306.0
2024-08-11 20:24:11,SOLUSD_PERP,ask,150,6869.0
2024-08-11 20:24:11,SOLUSD_PERP,ask,150,8405.0
2024-08-11 20:24:12,SOLUSD_PERP,ask,150,6869.0
2024-08-11 20:24:12,SOLUSD_PERP,ask,150,7126.0
2024-08-11 20:24:12,SOLUSD_PERP,ask,150,6658.0
2024-08-11 20:24:12,SOLUSD_PERP,ask,150,6658.0
2024-08-11 20:24:15,SOLUSD_PERP,bid,150,8273.0
2024-08-11 20:24:17,SOLUSD_PERP,bid,150,8198.0
2024-08-11 20:24:17,SOLUSD_PERP,bid,149,40579.0
2024-08-11 20:24:19,SOLUSD_PERP,bid,149,7000.0
2024-08-11 20:24:21,SOLUSD_PERP,bid,150,10816.0
2024-08-11 20:24:22,SOLUSD_PERP,bid,150,7000.0
2024-08-11 20:24:23,SOLUSD_PERP,ask,150,8715.0
2024-08-11 20:24:25,SOLUSD_PERP,bid,150,6809.0
2024-08-11 20:24:25,SOLUSD_PERP,ask,150,6803.0
2024-08-11 20:24:26,SOLUSD_PERP,bid,150,8595.0
2024-08-11 20:24:26,SOLUSD_PERP,ask,150,6833.0
2024-08-11 20:24:27,SOLUSD_PERP,ask,150,6811.0
2024-08-11 20:24:27,SOLUSD_PERP,ask,150,10817.0
2024-08-11 20:24:27,SOLUSD_PERP,bid,150,8080.0
2024-08-11 20:24:29,SOLUSD_PERP,bid,150,10500.0
2024-08-11 20:24:29,SOLUSD_PERP,ask,151,35299.0
2024-08-11 20:24:30,SOLUSD_PERP,ask,150,6675.0
2024-08-11 20:24:30,SOLUSD_PERP,bid,150,8769.0
2024-08-11 20:24:30,SOLUSD_PERP,bid,150,7059.0
2024-08-11 20:24:30,SOLUSD_PERP,bid,150,6820.0
2024-08-11 20:24:30,SOLUSD_PERP,bid,150,7089.0
2024-08-11 20:24:31,SOLUSD_PERP,ask,150,8223.0
2024-08-11 20:24:35,SOLUSD_PERP,bid,150,6679.0
2024-08-11 20:24:37,SOLUSD_PERP,bid,150,10500.0
2024-08-11 20:24:39,SOLUSD_PERP,bid,150,7142.0
2024-08-11 20:24:39,SOLUSD_PERP,ask,150,10816.0
2024-08-11 20:24:39,SOLUSD_PERP,ask,151,8405.0
2024-08-11 20:24:40,SOLUSD_PERP,ask,150,9116.0
2024-08-11 20:24:40,SOLUSD_PERP,ask,150,6810.0
2024-08-11 20:24:40,SOLUSD_PERP,ask,150,9116.0
2024-08-11 20:24:41,SOLUSD_PERP,bid,150,7141.0
2024-08-11 20:24:42,SOLUSD_PERP,ask,150,7186.0
2024-08-11 20:24:43,SOLUSD_PERP,bid,150,6925.0
2024-08-11 20:24:44,SOLUSD_PERP,ask,150,7216.0
2024-08-11 20:24:46,SOLUSD_PERP,bid,150,6720.0
2024-08-11 20:24:46,SOLUSD_PERP,bid,149,29863.0
2024-08-11 20:24:47,SOLUSD_PERP,bid,150,7363.0
2024-08-11 20:24:51,SOLUSD_PERP,ask,150,8236.0
2024-08-11 20:24:54,SOLUSD_PERP,bid,150,13230.0
2024-08-11 20:24:54,SOLUSD_PERP,ask,150,11197.0
2024-08-11 20:24:57,SOLUSD_PERP,ask,150,9025.0
2024-08-11 20:24:58,SOLUSD_PERP,ask,150,9259.0
2024-08-11 20:24:59,SOLUSD_PERP,ask,151,7000.0
2024-08-11 20:25:01,SOLUSD_PERP,bid,149,12941.0
2024-08-11 20:25:01,SOLUSD_PERP,bid,150,10816.0
2024-08-11 20:25:02,SOLUSD_PERP,bid,150,10500.0
2024-08-11 20:25:02,SOLUSD_PERP,ask,150,10486.0
2024-08-11 20:25:02,SOLUSD_PERP,ask,150,7030.0
2024-08-11 20:25:02,SOLUSD_PERP,ask,150,6643.0
2024-08-11 20:25:02,SOLUSD_PERP,ask,150,6959.0
2024-08-11 20:25:03,SOLUSD_PERP,ask,150,6643.0
2024-08-11 20:25:03,SOLUSD_PERP,ask,150,6714.0
2024-08-11 20:25:03,SOLUSD_PERP,ask,150,7651.0
2024-08-11 20:25:03,SOLUSD_PERP,ask,150,7030.0
2024-08-11 20:25:03,SOLUSD_PERP,ask,150,6714.0
2024-08-11 20:25:03,SOLUSD_PERP,ask,150,7030.0
2024-08-11 20:25:03,SOLUSD_PERP,ask,150,6714.0
2024-08-11 20:25:03,SOLUSD_PERP,ask,150,7030.0
2024-08-11 20:25:04,SOLUSD_PERP,ask,150,7030.0
2024-08-11 20:25:04,SOLUSD_PERP,ask,150,6847.0
2024-08-11 20:25:04,SOLUSD_PERP,ask,150,6848.0
2024-08-11 20:25:04,SOLUSD_PERP,ask,150,7163.0
2024-08-11 20:25:05,SOLUSD_PERP,ask,150,6716.0
2024-08-11 20:25:05,SOLUSD_PERP,ask,150,6846.0
2024-08-11 20:25:05,SOLUSD_PERP,ask,150,6846.0
2024-08-11 20:25:05,SOLUSD_PERP,ask,150,6846.0
2024-08-11 20:25:05,SOLUSD_PERP,ask,150,6995.0
2024-08-11 20:25:05,SOLUSD_PERP,ask,150,7943.0
2024-08-11 20:25:05,SOLUSD_PERP,ask,150,6996.0
2024-08-11 20:25:05,SOLUSD_PERP,ask,150,6996.0
2024-08-11 20:25:05,SOLUSD_PERP,ask,150,6996.0
2024-08-11 20:25:06,SOLUSD_PERP,ask,150,6996.0
2024-08-11 20:25:06,SOLUSD_PERP,ask,150,6996.0
2024-08-11 20:25:06,SOLUSD_PERP,ask,150,6997.0
2024-08-11 20:25:06,SOLUSD_PERP,bid,149,12641.0
2024-08-11 20:25:06,SOLUSD_PERP,ask,150,7041.0
2024-08-11 20:25:07,SOLUSD_PERP,ask,150,7041.0
2024-08-11 20:25:07,SOLUSD_PERP,ask,150,7671.0
2024-08-11 20:25:07,SOLUSD_PERP,ask,150,7028.0
2024-08-11 20:25:09,SOLUSD_PERP,ask,150,6932.0
2024-08-11 20:25:09,SOLUSD_PERP,ask,150,7006.0
2024-08-11 20:25:09,SOLUSD_PERP,ask,151,19250.0
2024-08-11 20:25:09,SOLUSD_PERP,ask,150,7638.0
2024-08-11 20:25:09,SOLUSD_PERP,ask,150,7006.0
2024-08-11 20:25:09,SOLUSD_PERP,ask,150,7006.0
2024-08-11 20:25:09,SOLUSD_PERP,ask,150,7636.0
2024-08-11 20:25:10,SOLUSD_PERP,ask,150,11597.0
2024-08-11 20:25:10,SOLUSD_PERP,ask,150,6922.0
2024-08-11 20:25:10,SOLUSD_PERP,ask,150,6922.0
2024-08-11 20:25:10,SOLUSD_PERP,ask,150,6922.0
2024-08-11 20:25:10,SOLUSD_PERP,ask,150,6922.0
2024-08-11 20:25:10,SOLUSD_PERP,ask,150,6922.0
2024-08-11 20:25:11,SOLUSD_PERP,ask,150,6922.0
2024-08-11 20:25:11,SOLUSD_PERP,ask,150,6894.0
2024-08-11 20:25:11,SOLUSD_PERP,bid,149,12941.0
2024-08-11 20:25:11,SOLUSD_PERP,ask,150,6894.0
2024-08-11 20:25:11,SOLUSD_PERP,ask,150,6894.0
2024-08-11 20:25:11,SOLUSD_PERP,bid,148,33036.0
2024-08-11 20:25:13,SOLUSD_PERP,ask,150,6763.0
2024-08-11 20:25:13,SOLUSD_PERP,ask,150,6845.0
2024-08-11 20:25:13,SOLUSD_PERP,ask,150,6845.0
2024-08-11 20:25:14,SOLUSD_PERP,bid,150,19250.0
2024-08-11 20:25:14,SOLUSD_PERP,ask,150,6863.0
2024-08-11 20:25:14,SOLUSD_PERP,ask,150,6862.0
2024-08-11 20:25:14,SOLUSD_PERP,ask,150,6862.0
2024-08-11 20:25:15,SOLUSD_PERP,ask,150,6863.0
2024-08-11 20:25:15,SOLUSD_PERP,bid,150,8177.0
2024-08-11 20:25:15,SOLUSD_PERP,ask,150,6832.0
2024-08-11 20:25:15,SOLUSD_PERP,ask,150,7462.0
2024-08-11 20:25:15,SOLUSD_PERP,ask,150,6832.0
2024-08-11 20:25:16,SOLUSD_PERP,ask,150,7507.0
2024-08-11 20:25:16,SOLUSD_PERP,bid,149,12641.0
2024-08-11 20:25:16,SOLUSD_PERP,ask,150,6877.0
2024-08-11 20:25:17,SOLUSD_PERP,ask,150,6919.0
2024-08-11 20:25:17,SOLUSD_PERP,ask,150,6919.0
2024-08-11 20:25:17,SOLUSD_PERP,ask,150,6919.0
2024-08-11 20:25:17,SOLUSD_PERP,ask,150,6984.0
2024-08-11 20:25:17,SOLUSD_PERP,ask,150,6919.0
2024-08-11 20:25:18,SOLUSD_PERP,ask,150,6984.0
2024-08-11 20:25:18,SOLUSD_PERP,ask,150,6968.0
2024-08-11 20:25:18,SOLUSD_PERP,ask,150,6968.0
2024-08-11 20:25:18,SOLUSD_PERP,ask,150,6968.0
2024-08-11 20:25:18,SOLUSD_PERP,ask,150,6968.0
2024-08-11 20:25:18,SOLUSD_PERP,ask,150,10500.0
2024-08-11 20:25:20,SOLUSD_PERP,ask,150,6922.0
2024-08-11 20:25:20,SOLUSD_PERP,ask,150,6926.0
2024-08-11 20:25:20,SOLUSD_PERP,ask,150,7241.0
2024-08-11 20:25:20,SOLUSD_PERP,ask,150,6925.0
2024-08-11 20:25:20,SOLUSD_PERP,ask,150,7556.0
2024-08-11 20:25:21,SOLUSD_PERP,ask,150,6739.0
2024-08-11 20:25:21,SOLUSD_PERP,ask,150,6740.0
2024-08-11 20:25:21,SOLUSD_PERP,ask,150,7371.0
2024-08-11 20:25:21,SOLUSD_PERP,ask,150,6740.0
2024-08-11 20:25:21,SOLUSD_PERP,ask,150,7372.0
2024-08-11 20:25:21,SOLUSD_PERP,ask,150,7057.0
2024-08-11 20:25:22,SOLUSD_PERP,ask,150,7057.0
2024-08-11 20:25:22,SOLUSD_PERP,ask,150,6741.0
2024-08-11 20:25:22,SOLUSD_PERP,ask,150,6832.0
2024-08-11 20:25:22,SOLUSD_PERP,ask,150,6833.0
2024-08-11 20:25:22,SOLUSD_PERP,ask,150,9605.0
2024-08-11 20:25:22,SOLUSD_PERP,ask,150,6833.0
2024-08-11 20:25:22,SOLUSD_PERP,ask,150,6832.0
2024-08-11 20:25:22,SOLUSD_PERP,ask,150,7914.0
2024-08-11 20:25:22,SOLUSD_PERP,ask,150,6832.0
2024-08-11 20:25:23,SOLUSD_PERP,ask,150,6832.0
2024-08-11 20:25:23,SOLUSD_PERP,ask,150,6832.0
2024-08-11 20:25:23,SOLUSD_PERP,ask,150,10967.0
2024-08-11 20:25:23,SOLUSD_PERP,ask,150,7177.0
2024-08-11 20:25:23,SOLUSD_PERP,ask,150,7177.0
2024-08-11 20:25:23,SOLUSD_PERP,ask,150,7578.0
2024-08-11 20:25:23,SOLUSD_PERP,ask,150,7177.0
2024-08-11 20:25:23,SOLUSD_PERP,ask,150,6931.0
2024-08-11 20:25:24,SOLUSD_PERP,ask,150,7064.0
2024-08-11 20:25:24,SOLUSD_PERP,ask,150,7038.0
2024-08-11 20:25:24,SOLUSD_PERP,ask,150,6890.0
2024-08-11 20:25:24,SOLUSD_PERP,ask,150,6824.0
2024-08-11 20:25:25,SOLUSD_PERP,ask,150,6686.0
2024-08-11 20:25:25,SOLUSD_PERP,ask,150,7002.0
2024-08-11 20:25:25,SOLUSD_PERP,ask,150,7317.0
2024-08-11 20:25:25,SOLUSD_PERP,ask,150,6686.0
2024-08-11 20:25:25,SOLUSD_PERP,ask,150,10705.0
2024-08-11 20:25:26,SOLUSD_PERP,ask,150,6686.0
2024-08-11 20:25:26,SOLUSD_PERP,ask,150,6686.0
2024-08-11 20:25:26,SOLUSD_PERP,ask,150,6732.0
2024-08-11 20:25:26,SOLUSD_PERP,ask,150,6732.0
2024-08-11 20:25:26,SOLUSD_PERP,ask,150,6732.0
2024-08-11 20:25:27,SOLUSD_PERP,ask,150,6732.0
2024-08-11 20:25:27,SOLUSD_PERP,ask,150,6732.0
2024-08-11 20:25:27,SOLUSD_PERP,ask,150,6730.0
2024-08-11 20:25:27,SOLUSD_PERP,ask,150,6730.0
2024-08-11 20:25:27,SOLUSD_PERP,ask,150,6729.0
2024-08-11 20:25:27,SOLUSD_PERP,ask,150,6729.0
2024-08-11 20:25:27,SOLUSD_PERP,ask,150,6735.0
2024-08-11 20:25:28,SOLUSD_PERP,ask,150,6714.0
2024-08-11 20:25:28,SOLUSD_PERP,ask,150,6714.0
2024-08-11 20:25:28,SOLUSD_PERP,ask,150,6714.0
2024-08-11 20:25:28,SOLUSD_PERP,ask,150,7311.0
2024-08-11 20:25:29,SOLUSD_PERP,ask,150,6714.0
2024-08-11 20:25:29,SOLUSD_PERP,ask,150,7311.0
2024-08-11 20:25:29,SOLUSD_PERP,bid,150,7139.0
2024-08-11 20:25:29,SOLUSD_PERP,ask,150,7400.0
2024-08-11 20:25:29,SOLUSD_PERP,ask,150,6802.0
2024-08-11 20:25:29,SOLUSD_PERP,ask,150,7182.0
2024-08-11 20:25:29,SOLUSD_PERP,ask,150,7688.0
2024-08-11 20:25:29,SOLUSD_PERP,ask,150,6802.0
2024-08-11 20:25:29,SOLUSD_PERP,ask,150,6802.0
2024-08-11 20:25:30,SOLUSD_PERP,ask,150,6802.0
2024-08-11 20:25:30,SOLUSD_PERP,ask,150,7491.0
2024-08-11 20:25:30,SOLUSD_PERP,ask,150,7588.0
2024-08-11 20:25:30,SOLUSD_PERP,ask,150,7495.0
2024-08-11 20:25:30,SOLUSD_PERP,ask,150,7528.0
2024-08-11 20:25:30,SOLUSD_PERP,bid,150,7249.0
2024-08-11 20:25:30,SOLUSD_PERP,ask,150,7177.0
2024-08-11 20:25:30,SOLUSD_PERP,ask,150,7493.0
2024-08-11 20:25:30,SOLUSD_PERP,ask,150,7246.0
2024-08-11 20:25:30,SOLUSD_PERP,ask,150,6861.0
2024-08-11 20:25:31,SOLUSD_PERP,ask,150,7530.0
2024-08-11 20:25:31,SOLUSD_PERP,ask,150,7528.0
2024-08-11 20:25:32,SOLUSD_PERP,ask,150,6905.0
2024-08-11 20:25:32,SOLUSD_PERP,ask,150,7558.0
2024-08-11 20:25:32,SOLUSD_PERP,ask,150,7315.0
2024-08-11 20:25:32,SOLUSD_PERP,ask,150,7557.0
2024-08-11 20:25:32,SOLUSD_PERP,ask,150,6713.0
2024-08-11 20:25:32,SOLUSD_PERP,ask,150,7098.0
2024-08-11 20:25:32,SOLUSD_PERP,ask,150,6713.0
2024-08-11 20:25:33,SOLUSD_PERP,ask,150,6713.0
2024-08-11 20:25:33,SOLUSD_PERP,ask,150,7547.0
2024-08-11 20:25:33,SOLUSD_PERP,ask,150,6713.0
2024-08-11 20:25:33,SOLUSD_PERP,ask,151,35000.0
2024-08-11 20:25:34,SOLUSD_PERP,ask,150,7542.0
2024-08-11 20:25:34,SOLUSD_PERP,ask,150,6909.0
2024-08-11 20:25:35,SOLUSD_PERP,bid,150,7798.0
2024-08-11 20:25:37,SOLUSD_PERP,ask,150,6940.0
2024-08-11 20:25:37,SOLUSD_PERP,ask,150,7576.0
2024-08-11 20:25:40,SOLUSD_PERP,bid,150,8425.0
2024-08-11 20:25:41,SOLUSD_PERP,bid,149,35000.0
2024-08-11 20:25:45,SOLUSD_PERP,bid,150,9068.0
2024-08-11 20:25:46,SOLUSD_PERP,bid,150,7000.0
2024-08-11 20:25:46,SOLUSD_PERP,bid,150,6824.0
2024-08-11 20:25:48,SOLUSD_PERP,ask,150,8304.0
2024-08-11 20:25:50,SOLUSD_PERP,bid,149,7000.0
2024-08-11 20:25:51,SOLUSD_PERP,ask,151,35002.0
2024-08-11 20:25:53,SOLUSD_PERP,bid,150,10664.0
2024-08-11 20:25:53,SOLUSD_PERP,bid,150,9311.0
2024-08-11 20:25:53,SOLUSD_PERP,bid,150,8273.0
2024-08-11 20:25:53,SOLUSD_PERP,bid,150,7000.0
2024-08-11 20:25:54,SOLUSD_PERP,ask,150,7002.0
2024-08-11 20:25:59,SOLUSD_PERP,bid,150,6776.0
2024-08-11 20:26:01,SOLUSD_PERP,bid,150,10816.0
2024-08-11 20:26:01,SOLUSD_PERP,bid,150,9277.0
2024-08-11 20:26:01,SOLUSD_PERP,bid,150,11132.0
2024-08-11 20:26:01,SOLUSD_PERP,bid,150,6688.0
2024-08-11 20:26:02,SOLUSD_PERP,ask,151,7000.0
2024-08-11 20:26:02,SOLUSD_PERP,ask,150,7810.0
2024-08-11 20:26:02,SOLUSD_PERP,ask,150,7810.0
2024-08-11 20:26:03,SOLUSD_PERP,ask,150,7777.0
2024-08-11 20:26:04,SOLUSD_PERP,ask,150,7867.0
2024-08-11 20:26:06,SOLUSD_PERP,ask,151,12391.0
2024-08-11 20:26:06,SOLUSD_PERP,ask,150,8169.0
2024-08-11 20:26:07,SOLUSD_PERP,bid,150,7273.0
2024-08-11 20:26:07,SOLUSD_PERP,bid,150,6711.0
2024-08-11 20:26:08,SOLUSD_PERP,bid,150,6736.0
2024-08-11 20:26:08,SOLUSD_PERP,bid,150,6735.0
2024-08-11 20:26:08,SOLUSD_PERP,bid,150,10460.0
2024-08-11 20:26:08,SOLUSD_PERP,ask,151,32861.0
2024-08-11 20:26:09,SOLUSD_PERP,ask,150,8150.0
2024-08-11 20:26:10,SOLUSD_PERP,ask,150,8074.0
2024-08-11 20:26:11,SOLUSD_PERP,bid,150,10816.0
2024-08-11 20:26:11,SOLUSD_PERP,bid,150,6729.0
2024-08-11 20:26:11,SOLUSD_PERP,bid,150,6729.0
2024-08-11 20:26:11,SOLUSD_PERP,bid,150,6729.0
2024-08-11 20:26:11,SOLUSD_PERP,bid,149,7000.0
2024-08-11 20:26:11,SOLUSD_PERP,bid,150,7450.0
2024-08-11 20:26:12,SOLUSD_PERP,bid,150,7359.0
2024-08-11 20:26:12,SOLUSD_PERP,bid,150,6738.0
2024-08-11 20:26:12,SOLUSD_PERP,bid,150,7129.0
2024-08-11 20:26:15,SOLUSD_PERP,ask,150,7000.0
2024-08-11 20:26:17,SOLUSD_PERP,bid,150,7121.0
2024-08-11 20:26:17,SOLUSD_PERP,ask,150,8141.0
2024-08-11 20:26:20,SOLUSD_PERP,bid,150,7828.0
2024-08-11 20:26:20,SOLUSD_PERP,bid,150,8359.0
2024-08-11 20:26:21,SOLUSD_PERP,bid,150,8001.0
2024-08-11 20:26:22,SOLUSD_PERP,ask,150,8745.0
2024-08-11 20:26:23,SOLUSD_PERP,ask,151,19250.0
2024-08-11 20:26:23,SOLUSD_PERP,ask,165,21434.0
2024-08-11 20:26:24,SOLUSD_PERP,ask,150,6876.0
2024-08-11 20:26:24,SOLUSD_PERP,bid,150,8306.0
2024-08-11 20:26:24,SOLUSD_PERP,ask,150,7326.0
2024-08-11 20:26:25,SOLUSD_PERP,ask,150,9283.0
2024-08-11 20:26:25,SOLUSD_PERP,bid,148,26598.0
2024-08-11 20:26:27,SOLUSD_PERP,bid,150,9760.0
2024-08-11 20:26:30,SOLUSD_PERP,bid,149,19250.0
2024-08-11 20:26:30,SOLUSD_PERP,ask,151,7000.0
2024-08-11 20:26:30,SOLUSD_PERP,bid,140,12806.0
2024-08-11 20:26:36,SOLUSD_PERP,bid,150,7516.0
2024-08-11 20:26:37,SOLUSD_PERP,ask,150,7554.0
2024-08-11 20:26:38,SOLUSD_PERP,bid,150,10500.0
2024-08-11 20:26:38,SOLUSD_PERP,bid,149,29921.0
2024-08-11 20:26:38,SOLUSD_PERP,bid,150,7139.0
2024-08-11 20:26:38,SOLUSD_PERP,bid,150,9909.0
2024-08-11 20:26:38,SOLUSD_PERP,bid,150,7777.0
2024-08-11 20:26:38,SOLUSD_PERP,bid,149,7000.0
2024-08-11 20:26:38,SOLUSD_PERP,bid,150,12563.0
2024-08-11 20:26:40,SOLUSD_PERP,ask,150,8591.0
2024-08-11 20:26:40,SOLUSD_PERP,ask,150,8651.0
2024-08-11 20:26:42,SOLUSD_PERP,bid,149,12500.0
2024-08-11 20:26:42,SOLUSD_PERP,bid,150,8273.0
2024-08-11 20:26:42,SOLUSD_PERP,ask,150,10500.0
2024-08-11 20:26:42,SOLUSD_PERP,ask,150,6703.0
2024-08-11 20:26:43,SOLUSD_PERP,ask,150,6655.0
2024-08-11 20:26:44,SOLUSD_PERP,ask,150,6962.0
2024-08-11 20:26:44,SOLUSD_PERP,bid,150,8584.0
2024-08-11 20:26:44,SOLUSD_PERP,bid,149,14999.0
2024-08-11 20:26:44,SOLUSD_PERP,ask,150,7010.0
2024-08-11 20:26:45,SOLUSD_PERP,ask,150,8633.0
2024-08-11 20:26:46,SOLUSD_PERP,bid,150,10915.0
2024-08-11 20:26:46,SOLUSD_PERP,bid,150,10500.0
2024-08-11 20:26:47,SOLUSD_PERP,bid,149,12641.0
2024-08-11 20:26:48,SOLUSD_PERP,bid,150,7517.0
2024-08-11 20:26:49,SOLUSD_PERP,bid,150,7299.0
2024-08-11 20:26:49,SOLUSD_PERP,bid,150,7299.0
2024-08-11 20:26:50,SOLUSD_PERP,bid,150,10500.0
2024-08-11 20:26:50,SOLUSD_PERP,bid,135,162444.0
2024-08-11 20:26:50,SOLUSD_PERP,ask,150,8010.0
2024-08-11 20:26:51,SOLUSD_PERP,bid,149,35000.0
2024-08-11 20:26:51,SOLUSD_PERP,bid,149,19250.0
2024-08-11 20:26:51,SOLUSD_PERP,bid,150,8273.0
2024-08-11 20:26:51,SOLUSD_PERP,bid,149,12500.0
2024-08-11 20:26:52,SOLUSD_PERP,bid,150,6772.0
2024-08-11 20:26:52,SOLUSD_PERP,bid,148,7329.0
2024-08-11 20:26:52,SOLUSD_PERP,bid,150,8588.0
2024-08-11 20:26:53,SOLUSD_PERP,ask,150,7390.0
2024-08-11 20:26:53,SOLUSD_PERP,ask,151,29878.0
2024-08-11 20:26:54,SOLUSD_PERP,bid,150,8273.0
2024-08-11 20:26:54,SOLUSD_PERP,ask,150,7010.0
2024-08-11 20:26:56,SOLUSD_PERP,ask,150,6679.0
2024-08-11 20:26:57,SOLUSD_PERP,ask,150,6691.0
2024-08-11 20:26:57,SOLUSD_PERP,bid,150,6851.0
2024-08-11 20:26:57,SOLUSD_PERP,ask,150,8307.0
2024-08-11 20:26:58,SOLUSD_PERP,ask,150,8307.0
2024-08-11 20:26:58,SOLUSD_PERP,bid,150,7048.0
2024-08-11 20:26:58,SOLUSD_PERP,bid,148,31598.0
2024-08-11 20:26:58,SOLUSD_PERP,ask,150,8381.0
2024-08-11 20:26:59,SOLUSD_PERP,ask,150,8432.0
2024-08-11 20:26:59,SOLUSD_PERP,ask,150,8432.0
2024-08-11 20:27:00,SOLUSD_PERP,bid,150,7412.0
2024-08-11 20:27:01,SOLUSD_PERP,ask,150,7006.0
2024-08-11 20:27:03,SOLUSD_PERP,ask,150,6982.0
2024-08-11 20:27:03,SOLUSD_PERP,ask,151,35000.0
2024-08-11 20:27:03,SOLUSD_PERP,bid,150,10815.0
2024-08-11 20:27:04,SOLUSD_PERP,ask,150,6716.0
2024-08-11 20:27:06,SOLUSD_PERP,bid,150,10500.0
2024-08-11 20:27:06,SOLUSD_PERP,ask,150,7482.0
2024-08-11 20:27:06,SOLUSD_PERP,ask,151,12441.0
2024-08-11 20:27:06,SOLUSD_PERP,bid,150,7314.0
2024-08-11 20:27:06,SOLUSD_PERP,bid,143,172396.0
2024-08-11 20:27:08,SOLUSD_PERP,ask,150,6801.0
2024-08-11 20:27:09,SOLUSD_PERP,bid,149,40579.0
2024-08-11 20:27:09,SOLUSD_PERP,bid,149,34124.0
2024-08-11 20:27:09,SOLUSD_PERP,bid,149,8273.0
2024-08-11 20:27:09,SOLUSD_PERP,ask,150,6778.0
2024-08-11 20:27:09,SOLUSD_PERP,bid,150,10816.0
2024-08-11 20:27:09,SOLUSD_PERP,ask,150,6656.0
2024-08-11 20:27:10,SOLUSD_PERP,ask,150,6863.0
2024-08-11 20:27:10,SOLUSD_PERP,bid,149,12500.0
2024-08-11 20:27:10,SOLUSD_PERP,bid,150,10500.0
2024-08-11 20:27:10,SOLUSD_PERP,ask,150,6728.0
2024-08-11 20:27:10,SOLUSD_PERP,bid,149,10519.0
2024-08-11 20:27:10,SOLUSD_PERP,ask,150,6667.0
2024-08-11 20:27:10,SOLUSD_PERP,bid,150,7174.0
2024-08-11 20:27:10,SOLUSD_PERP,bid,149,7210.0
2024-08-11 20:27:11,SOLUSD_PERP,bid,149,7528.0
2024-08-11 20:27:11,SOLUSD_PERP,bid,149,7135.0
2024-08-11 20:27:11,SOLUSD_PERP,ask,150,7982.0
2024-08-11 20:27:11,SOLUSD_PERP,ask,150,10229.0
2024-08-11 20:27:12,SOLUSD_PERP,ask,150,7955.0
2024-08-11 20:27:12,SOLUSD_PERP,ask,150,10263.0
2024-08-11 20:27:12,SOLUSD_PERP,ask,150,7394.0
2024-08-11 20:27:12,SOLUSD_PERP,ask,150,7394.0
2024-08-11 20:27:13,SOLUSD_PERP,ask,150,6989.0
2024-08-11 20:27:13,SOLUSD_PERP,bid,148,33359.0
2024-08-11 20:27:13,SOLUSD_PERP,bid,150,6892.0
2024-08-11 20:27:13,SOLUSD_PERP,ask,150,8054.0
2024-08-11 20:27:14,SOLUSD_PERP,ask,150,6689.0
2024-08-11 20:27:15,SOLUSD_PERP,bid,150,6870.0
2024-08-11 20:27:16,SOLUSD_PERP,bid,149,7352.0
2024-08-11 20:27:17,SOLUSD_PERP,bid,149,12641.0
2024-08-11 20:27:17,SOLUSD_PERP,bid,149,8273.0
2024-08-11 20:27:17,SOLUSD_PERP,ask,150,7768.0
2024-08-11 20:27:18,SOLUSD_PERP,bid,145,181356.0
2024-08-11 20:27:18,SOLUSD_PERP,bid,150,6693.0
2024-08-11 20:27:19,SOLUSD_PERP,bid,140,12750.0
2024-08-11 20:27:19,SOLUSD_PERP,ask,150,8151.0
2024-08-11 20:27:20,SOLUSD_PERP,ask,150,7134.0
2024-08-11 20:27:20,SOLUSD_PERP,bid,149,8473.0
2024-08-11 20:27:20,SOLUSD_PERP,ask,150,7130.0
2024-08-11 20:27:20,SOLUSD_PERP,bid,135,162498.0
2024-08-11 20:27:20,SOLUSD_PERP,ask,150,7173.0
2024-08-11 20:27:20,SOLUSD_PERP,bid,150,6815.0
2024-08-11 20:27:21,SOLUSD_PERP,bid,146,7258.0
2024-08-11 20:27:21,SOLUSD_PERP,bid,150,6814.0
2024-08-11 20:27:21,SOLUSD_PERP,bid,145,181414.0
2024-08-11 20:27:22,SOLUSD_PERP,bid,140,12806.0
2024-08-11 20:27:22,SOLUSD_PERP,ask,150,6716.0
2024-08-11 20:27:22,SOLUSD_PERP,ask,150,6716.0
2024-08-11 20:27:22,SOLUSD_PERP,bid,150,7365.0
2024-08-11 20:27:23,SOLUSD_PERP,ask,150,9756.0
2024-08-11 20:27:25,SOLUSD_PERP,ask,150,7103.0
2024-08-11 20:27:29,SOLUSD_PERP,bid,149,7338.0
2024-08-11 20:27:29,SOLUSD_PERP,ask,150,9376.0
2024-08-11 20:27:29,SOLUSD_PERP,bid,130,102092.0
2024-08-11 20:27:30,SOLUSD_PERP,ask,150,9320.0
2024-08-11 20:27:30,SOLUSD_PERP,bid,150,8961.0
2024-08-11 20:27:30,SOLUSD_PERP,bid,150,6806.0
2024-08-11 20:27:31,SOLUSD_PERP,ask,150,6878.0
2024-08-11 20:27:32,SOLUSD_PERP,ask,150,10500.0
2024-08-11 20:27:33,SOLUSD_PERP,ask,152,7558.0
2024-08-11 20:27:33,SOLUSD_PERP,bid,148,29846.0
2024-08-11 20:27:33,SOLUSD_PERP,bid,149,19250.0
2024-08-11 20:27:33,SOLUSD_PERP,bid,149,12500.0
2024-08-11 20:27:33,SOLUSD_PERP,bid,149,10500.0
2024-08-11 20:27:33,SOLUSD_PERP,ask,150,19250.0
2024-08-11 20:27:34,SOLUSD_PERP,ask,150,7496.0
2024-08-11 20:27:34,SOLUSD_PERP,ask,150,7000.0
2024-08-11 20:27:35,SOLUSD_PERP,ask,150,7498.0
2024-08-11 20:27:37,SOLUSD_PERP,ask,150,7832.0
2024-08-11 20:27:37,SOLUSD_PERP,ask,153,7601.0
2024-08-11 20:27:39,SOLUSD_PERP,bid,146,8172.0
2024-08-11 20:27:41,SOLUSD_PERP,ask,150,8405.0
2024-08-11 20:27:43,SOLUSD_PERP,ask,150,6775.0
2024-08-11 20:27:46,SOLUSD_PERP,bid,150,10027.0
2024-08-11 20:27:47,SOLUSD_PERP,bid,150,9312.0
2024-08-11 20:27:47,SOLUSD_PERP,ask,150,7924.0
