2024-08-28 07:00:37,ETHUSDT,bid,2400,25918.706
2024-08-28 07:02:54,ETHUSDT,bid,2140,4710.562
2024-08-28 07:04:15,ETHUSDT,bid,1700,6054.542
2024-08-28 07:04:33,ETHUSDT,bid,1700,6055.358
2024-08-28 07:04:52,ETHUSDT,bid,1700,6054.542
2024-08-28 07:05:02,ETHUSDT,bid,1700,6055.534
2024-08-28 07:06:05,ETHUSDT,bid,2200,4568.094
2024-08-28 07:06:10,ETHUSDT,bid,2200,4568.094
2024-08-28 07:06:37,ETHUSDT,bid,2200,4568.084
2024-08-28 07:06:43,ETHUSDT,bid,2200,4568.084
2024-08-28 07:06:43,ETHUSDT,bid,2200,4568.094
2024-08-28 07:07:11,ETHUSDT,bid,2200,4568.084
2024-08-28 07:07:20,ETHUSDT,bid,2200,4568.084
2024-08-28 07:11:02,ETHUSDT,bid,2390,25965.898
2024-08-28 07:12:11,ETHUSDT,bid,2390,10000.0
2024-08-28 07:12:11,ETHUSDT,bid,2390,25972.94
2024-08-28 07:12:27,ETHUSDT,bid,1700,6055.554
2024-08-28 07:12:27,ETHUSDT,bid,1960,5173.276
2024-08-28 07:14:15,ETHUSDT,bid,2140,4710.58
2024-08-28 07:15:12,ETHUSDT,bid,2290,4371.703
2024-08-28 07:16:08,ETHUSDT,ask,2990,3454.468
2024-08-28 07:17:04,ETHUSDT,bid,2390,26012.968
2024-08-28 07:17:32,ETHUSDT,bid,2140,4711.58
2024-08-28 07:17:33,ETHUSDT,bid,1960,5173.316
2024-08-28 07:17:33,ETHUSDT,bid,2140,4711.617
2024-08-28 07:17:46,ETHUSDT,bid,2390,26010.401
2024-08-28 07:19:13,ETHUSDT,bid,2390,10034.242
2024-08-28 07:20:51,ETHUSDT,bid,2200,4569.447
2024-08-28 07:20:57,ETHUSDT,bid,1960,5170.27
2024-08-28 07:25:59,ETHUSDT,bid,1950,5352.811
2024-08-28 07:30:27,ETHUSDT,ask,2990,3454.458
2024-08-28 07:30:33,ETHUSDT,bid,1960,5170.281
2024-08-28 07:32:40,ETHUSDT,ask,2990,3454.468
2024-08-28 07:35:11,ETHUSDT,bid,1960,5176.659
2024-08-28 07:35:31,ETHUSDT,bid,2140,4712.419
2024-08-28 07:40:49,ETHUSDT,bid,1700,6055.592
2024-08-28 07:41:16,ETHUSDT,bid,1960,5176.694
2024-08-28 07:49:54,ETHUSDT,bid,2200,4569.457
2024-08-28 07:49:54,ETHUSDT,bid,2200,4569.457
2024-08-28 07:50:38,ETHUSDT,bid,2200,4569.467
2024-08-28 07:50:38,ETHUSDT,bid,2200,4569.457
2024-08-28 07:50:39,ETHUSDT,bid,2200,4569.447
2024-08-28 07:50:39,ETHUSDT,bid,2140,4712.429
2024-08-28 07:51:10,ETHUSDT,bid,2140,4712.47
2024-08-28 07:55:43,ETHUSDT,bid,2200,4571.718
2024-08-28 08:03:51,ETHUSDT,bid,1700,6055.752
2024-08-28 08:08:16,ETHUSDT,bid,2290,4395.932
2024-08-28 08:09:24,ETHUSDT,bid,2290,4395.983
2024-08-28 08:11:43,ETHUSDT,bid,1960,5176.659
2024-08-28 08:12:27,ETHUSDT,bid,2200,4580.79
2024-08-28 08:12:30,ETHUSDT,bid,2230,4491.327
2024-08-28 08:12:30,ETHUSDT,bid,1700,6055.952
2024-08-28 08:14:44,ETHUSDT,bid,2200,4580.8
2024-08-28 08:14:44,ETHUSDT,bid,2200,4580.8
2024-08-28 08:14:44,ETHUSDT,bid,2200,4580.81
2024-08-28 08:14:45,ETHUSDT,bid,2200,4580.81
2024-08-28 08:15:07,ETHUSDT,bid,2200,4580.8
2024-08-28 08:15:07,ETHUSDT,bid,2200,4580.79
2024-08-28 08:15:16,ETHUSDT,bid,2200,4580.79
2024-08-28 08:17:06,ETHUSDT,bid,2200,4580.8
2024-08-28 08:17:52,ETHUSDT,bid,2200,4580.79
2024-08-28 08:27:33,ETHUSDT,bid,1950,5354.089
2024-08-28 08:29:08,ETHUSDT,bid,2230,4491.34
2024-08-28 08:35:40,ETHUSDT,bid,1700,6056.009
2024-08-28 08:38:52,ETHUSDT,bid,1700,6056.335
2024-08-28 08:39:17,ETHUSDT,bid,1960,5176.759
2024-08-28 08:41:09,ETHUSDT,bid,1960,5176.659
2024-08-28 08:48:24,ETHUSDT,bid,2140,4712.526
2024-08-28 08:53:45,ETHUSDT,bid,2200,4581.59
2024-08-28 08:58:43,ETHUSDT,bid,2200,4572.518
2024-08-28 09:07:35,ETHUSDT,bid,2200,4572.528
2024-08-28 09:07:43,ETHUSDT,bid,2200,4572.528
2024-08-28 09:07:44,ETHUSDT,bid,2200,4572.528
2024-08-28 09:07:49,ETHUSDT,bid,2200,4572.518
2024-08-28 09:09:09,ETHUSDT,bid,2430,10056.149
2024-08-28 09:09:18,ETHUSDT,bid,2430,10056.159
2024-08-28 09:09:37,ETHUSDT,bid,2430,10058.362
2024-08-28 09:09:46,ETHUSDT,bid,2430,10058.362
2024-08-28 09:10:14,ETHUSDT,bid,2430,10058.579
2024-08-28 09:10:17,ETHUSDT,bid,2430,10056.465
2024-08-28 09:10:19,ETHUSDT,bid,2430,10057.465
2024-08-28 09:10:22,ETHUSDT,bid,2430,10059.295
2024-08-28 09:10:23,ETHUSDT,bid,2430,10057.465
2024-08-28 09:10:38,ETHUSDT,bid,2430,10057.594
2024-08-28 09:11:16,ETHUSDT,bid,2430,10057.73
2024-08-28 09:11:55,ETHUSDT,bid,2430,10057.73
2024-08-28 09:12:58,ETHUSDT,bid,2430,10057.762
2024-08-28 09:13:35,ETHUSDT,bid,2430,10059.628
2024-08-28 09:13:37,ETHUSDT,bid,2430,10057.762
2024-08-28 09:13:38,ETHUSDT,bid,2430,10058.156
2024-08-28 09:13:51,ETHUSDT,bid,2430,10058.199
2024-08-28 09:13:52,ETHUSDT,bid,2430,10058.156
2024-08-28 09:14:05,ETHUSDT,bid,2140,4702.526
2024-08-28 09:14:39,ETHUSDT,bid,2430,10058.124
2024-08-28 09:14:59,ETHUSDT,bid,2430,10053.513
2024-08-28 09:15:04,ETHUSDT,bid,2430,10073.513
2024-08-28 09:15:37,ETHUSDT,bid,2430,10113.513
2024-08-28 09:15:39,ETHUSDT,bid,2430,10112.513
2024-08-28 09:15:41,ETHUSDT,bid,2430,10072.513
2024-08-28 09:19:30,ETHUSDT,bid,2200,4572.518
2024-08-28 09:19:30,ETHUSDT,bid,2200,4572.528
2024-08-28 09:19:31,ETHUSDT,bid,2200,4572.528
2024-08-28 09:19:31,ETHUSDT,bid,2200,4572.538
2024-08-28 09:19:31,ETHUSDT,bid,2200,4572.548
2024-08-28 09:19:32,ETHUSDT,bid,2200,4572.548
2024-08-28 09:19:33,ETHUSDT,bid,2200,4572.548
2024-08-28 09:19:34,ETHUSDT,bid,2200,4572.548
2024-08-28 09:19:39,ETHUSDT,bid,2200,4572.538
2024-08-28 09:19:40,ETHUSDT,bid,2200,4572.528
2024-08-28 09:19:40,ETHUSDT,bid,2200,4572.518
2024-08-28 09:20:26,ETHUSDT,bid,2200,4572.528
2024-08-28 09:20:36,ETHUSDT,bid,2140,4702.516
2024-08-28 09:21:09,ETHUSDT,bid,2200,4572.518
2024-08-28 09:21:18,ETHUSDT,bid,1960,5226.659
2024-08-28 09:22:25,ETHUSDT,bid,2140,4702.565
2024-08-28 09:25:02,ETHUSDT,bid,2200,4572.528
2024-08-28 09:25:48,ETHUSDT,bid,2200,4572.518
2024-08-28 09:29:13,ETHUSDT,bid,2250,4481.867
2024-08-28 09:30:23,ETHUSDT,bid,2140,4704.065
2024-08-28 09:37:55,ETHUSDT,bid,2410,10178.419
2024-08-28 09:39:22,ETHUSDT,bid,2410,10183.826
2024-08-28 09:40:28,ETHUSDT,bid,2030,4927.439
2024-08-28 09:41:10,ETHUSDT,bid,2200,4572.528
2024-08-28 09:41:33,ETHUSDT,bid,2410,10182.826
2024-08-28 09:41:40,ETHUSDT,bid,2410,10183.571
2024-08-28 09:41:40,ETHUSDT,bid,2410,10183.571
2024-08-28 09:41:40,ETHUSDT,bid,2410,10182.826
2024-08-28 09:42:00,ETHUSDT,bid,2200,4572.518
2024-08-28 09:42:44,ETHUSDT,bid,2410,10182.926
2024-08-28 09:44:31,ETHUSDT,bid,2410,10184.978
2024-08-28 09:44:31,ETHUSDT,bid,2410,10188.696
2024-08-28 09:44:32,ETHUSDT,bid,2410,10186.644
2024-08-28 09:44:48,ETHUSDT,bid,2410,10186.745
2024-08-28 09:44:58,ETHUSDT,bid,1960,5226.761
2024-08-28 09:44:58,ETHUSDT,bid,1960,5226.659
2024-08-28 09:45:04,ETHUSDT,bid,1960,5226.659
2024-08-28 09:45:31,ETHUSDT,bid,1700,6056.868
2024-08-28 09:45:43,ETHUSDT,bid,2410,10186.595
2024-08-28 09:45:51,ETHUSDT,bid,2410,10186.544
2024-08-28 09:46:23,ETHUSDT,bid,2410,10186.514
2024-08-28 09:47:32,ETHUSDT,bid,2410,10190.514
2024-08-28 09:48:34,ETHUSDT,bid,2410,10187.434
2024-08-28 09:48:40,ETHUSDT,bid,2410,10177.061
2024-08-28 09:49:11,ETHUSDT,bid,2410,10178.064
2024-08-28 09:49:24,ETHUSDT,ask,3040,3281.5
2024-08-28 09:49:47,ETHUSDT,bid,2410,10181.972
2024-08-28 09:49:48,ETHUSDT,bid,2410,10181.847
2024-08-28 09:50:06,ETHUSDT,bid,2410,10181.537
2024-08-28 09:50:19,ETHUSDT,bid,2410,10177.629
2024-08-28 09:50:45,ETHUSDT,bid,2410,10178.129
2024-08-28 09:51:00,ETHUSDT,bid,2410,10179.619
2024-08-28 09:51:01,ETHUSDT,bid,2410,10179.619
2024-08-28 09:51:01,ETHUSDT,bid,2410,10179.619
2024-08-28 09:51:01,ETHUSDT,bid,2410,10179.619
2024-08-28 09:51:01,ETHUSDT,bid,2410,10179.619
2024-08-28 09:51:01,ETHUSDT,bid,2410,10179.619
2024-08-28 09:51:01,ETHUSDT,bid,2410,10178.129
2024-08-28 09:51:45,ETHUSDT,bid,2410,10178.18
2024-08-28 09:51:56,ETHUSDT,bid,2410,10178.48
2024-08-28 09:54:16,ETHUSDT,bid,2410,10198.48
2024-08-28 09:54:22,ETHUSDT,bid,2410,10198.438
2024-08-28 09:54:43,ETHUSDT,bid,2410,10178.438
2024-08-28 09:56:58,ETHUSDT,bid,2410,10178.138
2024-08-28 09:57:31,ETHUSDT,bid,2410,10177.914
2024-08-28 09:58:16,ETHUSDT,bid,2410,10176.914
2024-08-28 09:59:00,ETHUSDT,bid,2410,10175.988
2024-08-28 10:00:56,ETHUSDT,ask,3040,3282.9
2024-08-28 10:01:38,ETHUSDT,bid,2430,10322.25
2024-08-28 10:01:50,ETHUSDT,bid,2430,10323.104
2024-08-28 10:01:51,ETHUSDT,bid,2430,10323.904
2024-08-28 10:01:52,ETHUSDT,bid,2420,10283.741
2024-08-28 10:02:20,ETHUSDT,bid,2430,10324.043
2024-08-28 10:02:28,ETHUSDT,bid,2420,10333.741
2024-08-28 10:02:34,ETHUSDT,bid,2430,10344.413
2024-08-28 10:03:00,ETHUSDT,bid,2430,10344.113
2024-08-28 10:03:01,ETHUSDT,bid,2420,10333.719
2024-08-28 10:03:03,ETHUSDT,bid,2420,10333.77
2024-08-28 10:03:05,ETHUSDT,bid,2420,10333.749
2024-08-28 10:03:34,ETHUSDT,bid,2420,10332.149
2024-08-28 10:03:41,ETHUSDT,bid,2430,10345.113
2024-08-28 10:03:52,ETHUSDT,bid,2430,10346.787
2024-08-28 10:03:54,ETHUSDT,bid,2430,10326.417
2024-08-28 10:04:15,ETHUSDT,bid,2430,10324.771
2024-08-28 10:04:39,ETHUSDT,bid,2430,10326.304
2024-08-28 10:05:19,ETHUSDT,bid,2430,10324.63
2024-08-28 10:05:56,ETHUSDT,bid,2430,10325.886
2024-08-28 10:06:01,ETHUSDT,bid,2430,10325.686
2024-08-28 10:06:06,ETHUSDT,bid,2140,4704.565
2024-08-28 10:06:08,ETHUSDT,bid,2420,10332.149
2024-08-28 10:06:36,ETHUSDT,bid,2200,4570.247
2024-08-28 10:06:47,ETHUSDT,bid,2430,10338.031
2024-08-28 10:07:29,ETHUSDT,bid,2420,10336.149
2024-08-28 10:07:35,ETHUSDT,bid,2420,10335.053
2024-08-28 10:07:43,ETHUSDT,bid,2420,10333.553
2024-08-28 10:08:08,ETHUSDT,bid,1960,5226.67
2024-08-28 10:08:19,ETHUSDT,bid,2420,10335.053
2024-08-28 10:08:28,ETHUSDT,bid,2030,4929.898
2024-08-28 10:08:35,ETHUSDT,bid,2430,10337.892
2024-08-28 10:09:04,ETHUSDT,bid,2420,10335.135
2024-08-28 10:09:07,ETHUSDT,bid,2430,10335.892
2024-08-28 10:09:17,ETHUSDT,bid,2420,10335.31
2024-08-28 10:09:33,ETHUSDT,bid,2420,10251.013
2024-08-28 10:09:53,ETHUSDT,bid,2420,10251.213
2024-08-28 10:10:09,ETHUSDT,bid,2430,10336.593
2024-08-28 10:10:34,ETHUSDT,bid,2420,10251.223
2024-08-28 10:10:43,ETHUSDT,bid,2430,10329.06
2024-08-28 10:10:55,ETHUSDT,bid,2430,10331.484
2024-08-28 10:11:06,ETHUSDT,bid,2430,10331.984
2024-08-28 10:11:16,ETHUSDT,bid,2420,10251.374
2024-08-28 10:11:21,ETHUSDT,bid,2420,10251.874
2024-08-28 10:11:57,ETHUSDT,bid,2420,10253.94
2024-08-28 10:12:25,ETHUSDT,bid,2420,10253.99
2024-08-28 10:12:32,ETHUSDT,bid,2430,10319.639
2024-08-28 10:12:34,ETHUSDT,bid,2430,10319.689
2024-08-28 10:12:39,ETHUSDT,bid,2140,4704.524
2024-08-28 10:13:50,ETHUSDT,bid,2430,10320.814
2024-08-28 10:13:54,ETHUSDT,bid,2420,10283.99
2024-08-28 10:14:45,ETHUSDT,bid,2430,10322.785
2024-08-28 10:14:49,ETHUSDT,bid,2420,10284.154
2024-08-28 10:15:02,ETHUSDT,bid,2420,10289.154
2024-08-28 10:15:31,ETHUSDT,bid,2430,10322.949
2024-08-28 10:15:32,ETHUSDT,bid,2430,10322.981
2024-08-28 10:15:35,ETHUSDT,bid,2430,10323.726
2024-08-28 10:15:35,ETHUSDT,bid,2430,10323.726
2024-08-28 10:15:35,ETHUSDT,bid,2430,10323.726
2024-08-28 10:15:35,ETHUSDT,bid,2430,10321.558
2024-08-28 10:15:35,ETHUSDT,bid,2430,10321.558
2024-08-28 10:15:35,ETHUSDT,bid,2430,10321.558
2024-08-28 10:15:35,ETHUSDT,bid,2430,10320.813
2024-08-28 10:15:40,ETHUSDT,bid,2430,10353.713
2024-08-28 10:15:42,ETHUSDT,bid,2420,10285.064
2024-08-28 10:16:15,ETHUSDT,bid,2430,10354.741
2024-08-28 10:16:28,ETHUSDT,bid,2430,10355.872
2024-08-28 10:16:47,ETHUSDT,bid,2430,10356.617
2024-08-28 10:16:47,ETHUSDT,bid,2430,10356.617
2024-08-28 10:16:47,ETHUSDT,bid,2430,10356.617
2024-08-28 10:16:47,ETHUSDT,bid,2430,10355.872
2024-08-28 10:16:49,ETHUSDT,bid,2430,10356.077
2024-08-28 10:17:12,ETHUSDT,bid,2430,10356.822
2024-08-28 10:17:12,ETHUSDT,bid,2430,10356.822
2024-08-28 10:17:12,ETHUSDT,bid,2430,10356.822
2024-08-28 10:17:12,ETHUSDT,bid,2430,10356.822
2024-08-28 10:17:12,ETHUSDT,bid,2430,10356.077
2024-08-28 10:17:26,ETHUSDT,bid,2420,10284.859
2024-08-28 10:17:27,ETHUSDT,bid,2420,10280.221
2024-08-28 10:17:30,ETHUSDT,bid,2420,10292.617
2024-08-28 10:17:47,ETHUSDT,bid,2420,10287.617
2024-08-28 10:18:41,ETHUSDT,bid,2420,10287.579
2024-08-28 10:19:11,ETHUSDT,bid,2430,10339.627
2024-08-28 10:19:11,ETHUSDT,bid,2430,10323.177
2024-08-28 10:19:18,ETHUSDT,bid,2420,10287.404
2024-08-28 10:19:18,ETHUSDT,bid,2430,10323.159
2024-08-28 10:20:06,ETHUSDT,bid,2420,10287.253
2024-08-28 10:20:46,ETHUSDT,bid,2420,10288.039
2024-08-28 10:21:06,ETHUSDT,bid,2430,10323.462
2024-08-28 10:21:06,ETHUSDT,bid,2430,10323.517
2024-08-28 10:21:13,ETHUSDT,bid,2420,10292.377
2024-08-28 10:21:29,ETHUSDT,bid,2430,10323.494
2024-08-28 10:21:42,ETHUSDT,bid,2420,10292.354
2024-08-28 10:21:42,ETHUSDT,bid,2430,10323.471
2024-08-28 10:22:03,ETHUSDT,bid,2430,10327.585
2024-08-28 10:22:14,ETHUSDT,bid,2430,10328.33
2024-08-28 10:22:14,ETHUSDT,bid,2430,10328.33
2024-08-28 10:22:14,ETHUSDT,bid,2430,10327.585
2024-08-28 10:22:14,ETHUSDT,bid,2430,10327.585
2024-08-28 10:22:18,ETHUSDT,bid,2430,10357.585
2024-08-28 10:22:28,ETHUSDT,bid,2420,10312.354
2024-08-28 10:22:42,ETHUSDT,bid,2420,10282.354
2024-08-28 10:22:42,ETHUSDT,bid,2430,10357.985
2024-08-28 10:22:45,ETHUSDT,ask,2460,4253.781
2024-08-28 10:22:46,ETHUSDT,ask,2460,4208.95
2024-08-28 10:22:46,ETHUSDT,ask,2460,4232.798
2024-08-28 10:22:46,ETHUSDT,ask,2460,4243.378
2024-08-28 10:22:46,ETHUSDT,ask,2460,4214.823
2024-08-28 10:22:46,ETHUSDT,ask,2460,4225.116
2024-08-28 10:22:46,ETHUSDT,bid,2430,10358.498
2024-08-28 10:22:46,ETHUSDT,ask,2460,4213.023
2024-08-28 10:22:46,ETHUSDT,bid,2430,10359.988
2024-08-28 10:22:46,ETHUSDT,ask,2460,4202.331
2024-08-28 10:22:46,ETHUSDT,bid,2430,10359.988
2024-08-28 10:22:46,ETHUSDT,ask,2460,4204.35
2024-08-28 10:22:46,ETHUSDT,bid,2430,10359.988
2024-08-28 10:22:47,ETHUSDT,bid,2430,10361.032
2024-08-28 10:22:47,ETHUSDT,ask,2460,4204.35
2024-08-28 10:22:47,ETHUSDT,bid,2430,10361.032
2024-08-28 10:22:47,ETHUSDT,ask,2460,4204.75
2024-08-28 10:22:47,ETHUSDT,bid,2430,10360.364
2024-08-28 10:22:47,ETHUSDT,ask,2460,4144.717
2024-08-28 10:22:47,ETHUSDT,ask,2460,4146.199
2024-08-28 10:22:53,ETHUSDT,bid,2430,10360.373
2024-08-28 10:22:58,ETHUSDT,bid,2420,10282.374
2024-08-28 10:23:02,ETHUSDT,bid,2430,10360.357
2024-08-28 10:23:06,ETHUSDT,bid,2420,10282.394
2024-08-28 10:23:17,ETHUSDT,ask,2460,4473.529
2024-08-28 10:23:17,ETHUSDT,ask,2460,4463.971
2024-08-28 10:23:17,ETHUSDT,ask,2460,4461.475
2024-08-28 10:23:17,ETHUSDT,ask,2460,4459.675
2024-08-28 10:23:28,ETHUSDT,bid,2430,10359.844
2024-08-28 10:23:29,ETHUSDT,bid,2430,10359.864
2024-08-28 10:23:35,ETHUSDT,bid,2420,10281.394
2024-08-28 10:23:39,ETHUSDT,bid,2430,10359.86
2024-08-28 10:23:40,ETHUSDT,bid,2420,10277.056
2024-08-28 10:23:47,ETHUSDT,bid,2430,10358.832
2024-08-28 10:23:59,ETHUSDT,bid,2430,10361.341
2024-08-28 10:24:07,ETHUSDT,bid,2420,10277.469
2024-08-28 10:24:32,ETHUSDT,bid,2360,10202.991
2024-08-28 10:26:47,ETHUSDT,bid,2360,10202.981
2024-08-28 10:30:44,ETHUSDT,bid,2360,10202.96
2024-08-28 10:39:05,ETHUSDT,bid,2360,10204.231
2024-08-28 10:39:58,ETHUSDT,bid,2360,10204.207
2024-08-28 10:39:58,ETHUSDT,ask,2990,3454.444
2024-08-28 10:45:01,ETHUSDT,bid,2360,10204.228
2024-08-28 10:47:59,ETHUSDT,bid,2140,4704.502
2024-08-28 10:47:59,ETHUSDT,bid,2360,10204.208
2024-08-28 10:53:25,ETHUSDT,bid,1700,6056.845
2024-08-28 10:57:09,ETHUSDT,bid,2360,10201.708
2024-08-28 11:00:36,ETHUSDT,bid,2360,10202.176
2024-08-28 11:02:20,ETHUSDT,bid,2360,10201.336
2024-08-28 11:09:38,ETHUSDT,bid,2360,10201.386
2024-08-28 11:16:00,ETHUSDT,bid,1950,5357.089
2024-08-28 11:18:39,ETHUSDT,bid,2360,10201.136
2024-08-28 11:30:21,ETHUSDT,bid,2360,10201.151
2024-08-28 11:31:49,ETHUSDT,bid,2230,4491.35
2024-08-28 11:32:27,ETHUSDT,bid,2230,4491.34
2024-08-28 11:32:37,ETHUSDT,bid,2230,4491.36
2024-08-28 11:32:38,ETHUSDT,bid,2230,4491.37
2024-08-28 11:32:39,ETHUSDT,bid,2230,4491.37
2024-08-28 11:32:40,ETHUSDT,bid,2230,4491.37
2024-08-28 11:32:41,ETHUSDT,bid,2230,4491.388
2024-08-28 11:32:42,ETHUSDT,bid,2230,4491.406
2024-08-28 11:32:42,ETHUSDT,bid,2230,4491.406
2024-08-28 11:32:43,ETHUSDT,bid,2230,4491.415
2024-08-28 11:32:43,ETHUSDT,bid,2230,4491.425
2024-08-28 11:32:52,ETHUSDT,bid,2230,4491.416
2024-08-28 11:33:03,ETHUSDT,bid,1700,6056.831
2024-08-28 11:33:03,ETHUSDT,bid,2360,10201.137
2024-08-28 11:33:21,ETHUSDT,bid,2230,4491.406
2024-08-28 11:33:22,ETHUSDT,bid,2230,4491.396
2024-08-28 11:33:23,ETHUSDT,bid,2230,4491.386
2024-08-28 11:33:30,ETHUSDT,bid,2230,4491.376
2024-08-28 11:33:54,ETHUSDT,bid,2360,10200.669
2024-08-28 11:36:10,ETHUSDT,bid,2360,10200.88
2024-08-28 11:42:01,ETHUSDT,bid,2360,10201.38
2024-08-28 11:42:41,ETHUSDT,bid,2230,4491.358
2024-08-28 11:42:42,ETHUSDT,bid,2230,4491.34
2024-08-28 11:46:23,ETHUSDT,bid,2360,10200.88
2024-08-28 11:51:24,ETHUSDT,bid,1700,6056.243
2024-08-28 11:51:44,ETHUSDT,bid,1960,5204.351
2024-08-28 11:53:36,ETHUSDT,bid,2360,10200.902
2024-08-28 11:56:33,ETHUSDT,bid,1700,6056.186
2024-08-28 11:57:22,ETHUSDT,bid,2360,10201.043
2024-08-28 11:58:25,ETHUSDT,bid,2360,10200.941
2024-08-28 12:01:29,ETHUSDT,bid,2360,10201.041
2024-08-28 12:02:17,ETHUSDT,bid,2360,10201.189
2024-08-28 12:06:42,ETHUSDT,bid,2360,10201.198
2024-08-28 12:07:32,ETHUSDT,bid,2360,10200.987
2024-08-28 12:07:47,ETHUSDT,bid,1950,5357.078
2024-08-28 12:08:51,ETHUSDT,bid,2360,10211.58
2024-08-28 12:09:18,ETHUSDT,bid,2360,10200.987
2024-08-28 12:09:38,ETHUSDT,bid,2360,10206.283
2024-08-28 12:11:53,ETHUSDT,bid,2360,10216.241
2024-08-28 12:15:16,ETHUSDT,bid,2360,10215.832
2024-08-28 12:16:09,ETHUSDT,bid,2360,10216.806
2024-08-28 12:16:15,ETHUSDT,bid,2360,10216.755
2024-08-28 12:17:26,ETHUSDT,bid,2140,4704.552
2024-08-28 12:17:26,ETHUSDT,bid,2360,10216.805
2024-08-28 12:20:34,ETHUSDT,bid,2230,4491.35
2024-08-28 12:20:53,ETHUSDT,bid,2360,10216.855
2024-08-28 12:21:31,ETHUSDT,bid,2230,4491.34
2024-08-28 12:28:36,ETHUSDT,ask,2480,10050.324
2024-08-28 12:28:36,ETHUSDT,ask,2480,10046.429
2024-08-28 12:28:46,ETHUSDT,ask,2470,8985.244
2024-08-28 12:28:46,ETHUSDT,ask,2470,8959.93
2024-08-28 12:28:46,ETHUSDT,ask,2470,8965.816
2024-08-28 12:28:46,ETHUSDT,ask,2470,8959.308
2024-08-28 12:28:46,ETHUSDT,ask,2470,8960.749
2024-08-28 12:28:47,ETHUSDT,ask,2470,8960.749
2024-08-28 12:28:47,ETHUSDT,ask,2470,8959.308
2024-08-28 12:28:47,ETHUSDT,ask,2470,8960.749
2024-08-28 12:28:47,ETHUSDT,ask,2470,8962.925
2024-08-28 12:28:47,ETHUSDT,ask,2470,8960.749
2024-08-28 12:28:48,ETHUSDT,ask,2470,8962.767
2024-08-28 12:28:48,ETHUSDT,ask,2470,8967.849
2024-08-28 12:28:48,ETHUSDT,ask,2470,8962.767
2024-08-28 12:29:01,ETHUSDT,ask,2470,8735.479
2024-08-28 12:29:01,ETHUSDT,ask,2470,8700.983
2024-08-28 12:29:01,ETHUSDT,ask,2470,8716.491
2024-08-28 12:29:02,ETHUSDT,ask,2470,8698.594
2024-08-28 12:29:02,ETHUSDT,ask,2470,8636.64
2024-08-28 12:29:02,ETHUSDT,ask,2470,8634.317
2024-08-28 12:29:02,ETHUSDT,ask,2470,8633.992
2024-08-28 12:29:02,ETHUSDT,ask,2470,8638.82
2024-08-28 12:29:02,ETHUSDT,ask,2470,8633.992
2024-08-28 12:29:03,ETHUSDT,ask,2470,8631.792
2024-08-28 12:29:04,ETHUSDT,ask,2470,7930.504
2024-08-28 12:29:04,ETHUSDT,ask,2470,7397.874
2024-08-28 12:29:04,ETHUSDT,ask,2470,7397.912
2024-08-28 12:29:04,ETHUSDT,ask,2470,7400.061
2024-08-28 12:29:04,ETHUSDT,ask,2470,7400.429
2024-08-28 12:29:04,ETHUSDT,ask,2470,7400.439
2024-08-28 12:29:04,ETHUSDT,ask,2470,7403.055
2024-08-28 12:29:04,ETHUSDT,ask,2470,7404.58
2024-08-28 12:29:05,ETHUSDT,ask,2470,7404.69
2024-08-28 12:29:05,ETHUSDT,ask,2470,7404.349
2024-08-28 12:29:05,ETHUSDT,ask,2470,7404.489
2024-08-28 12:29:05,ETHUSDT,ask,2470,7405.023
2024-08-28 12:29:05,ETHUSDT,ask,2470,7405.025
2024-08-28 12:29:05,ETHUSDT,ask,2470,7405.047
2024-08-28 12:29:06,ETHUSDT,ask,2470,7417.652
2024-08-28 12:29:06,ETHUSDT,ask,2470,7397.366
2024-08-28 12:29:06,ETHUSDT,ask,2470,7395.434
2024-08-28 12:29:06,ETHUSDT,ask,2470,7395.834
2024-08-28 12:29:06,ETHUSDT,ask,2470,7395.189
2024-08-28 12:29:06,ETHUSDT,ask,2470,7394.998
2024-08-28 12:29:08,ETHUSDT,ask,2470,7394.973
2024-08-28 12:29:25,ETHUSDT,ask,2470,6936.289
2024-08-28 12:29:25,ETHUSDT,ask,2470,6931.035
2024-08-28 12:29:25,ETHUSDT,ask,2470,6929.186
2024-08-28 12:29:26,ETHUSDT,ask,2470,6919.731
2024-08-28 12:29:26,ETHUSDT,ask,2470,6920.131
2024-08-28 12:29:26,ETHUSDT,ask,2470,6919.758
2024-08-28 12:29:27,ETHUSDT,ask,2470,6920.158
2024-08-28 12:29:27,ETHUSDT,ask,2470,6920.131
2024-08-28 12:29:27,ETHUSDT,ask,2470,6919.731
2024-08-28 12:29:29,ETHUSDT,ask,2470,6919.731
2024-08-28 12:29:29,ETHUSDT,ask,2470,6919.743
2024-08-28 12:29:33,ETHUSDT,bid,2140,4704.502
2024-08-28 12:29:54,ETHUSDT,ask,2470,5168.337
2024-08-28 12:29:54,ETHUSDT,ask,2470,5172.622
2024-08-28 12:29:54,ETHUSDT,ask,2470,5167.746
2024-08-28 12:29:54,ETHUSDT,ask,2470,5169.186
2024-08-28 12:29:55,ETHUSDT,ask,2470,5168.895
2024-08-28 12:29:55,ETHUSDT,ask,2470,5168.945
2024-08-28 12:29:55,ETHUSDT,ask,2470,5168.895
2024-08-28 12:29:56,ETHUSDT,ask,2470,5169.295
2024-08-28 12:29:56,ETHUSDT,ask,2470,5173.695
2024-08-28 12:29:56,ETHUSDT,ask,2470,5173.295
2024-08-28 12:29:56,ETHUSDT,ask,2470,5169.295
2024-08-28 12:29:57,ETHUSDT,ask,2470,5168.895
2024-08-28 12:29:59,ETHUSDT,ask,2470,5173.295
2024-08-28 12:30:00,ETHUSDT,ask,2470,5168.895
2024-08-28 12:30:02,ETHUSDT,ask,2470,5170.463
2024-08-28 12:30:02,ETHUSDT,ask,2470,5169.115
2024-08-28 12:30:03,ETHUSDT,ask,2470,5168.907
2024-08-28 12:30:04,ETHUSDT,ask,2470,5169.307
2024-08-28 12:30:04,ETHUSDT,ask,2470,5168.907
2024-08-28 12:30:04,ETHUSDT,ask,2470,5169.295
2024-08-28 12:30:08,ETHUSDT,ask,2470,5168.895
2024-08-28 12:30:10,ETHUSDT,ask,2470,5174.665
2024-08-28 12:30:12,ETHUSDT,ask,2470,5174.675
2024-08-28 12:30:13,ETHUSDT,ask,2470,5174.665
2024-08-28 12:30:15,ETHUSDT,ask,2470,5174.665
2024-08-28 12:30:16,ETHUSDT,ask,2470,5180.247
2024-08-28 12:30:16,ETHUSDT,ask,2470,5174.665
2024-08-28 12:30:22,ETHUSDT,ask,2470,5175.065
2024-08-28 12:30:22,ETHUSDT,ask,2470,5174.665
2024-08-28 12:30:27,ETHUSDT,ask,2470,5176.684
2024-08-28 12:30:27,ETHUSDT,ask,2470,5174.665
2024-08-28 12:30:27,ETHUSDT,ask,2470,5174.665
2024-08-28 12:30:30,ETHUSDT,ask,2470,5274.665
2024-08-28 12:30:36,ETHUSDT,ask,2470,5275.608
2024-08-28 12:30:36,ETHUSDT,ask,2470,5276.258
2024-08-28 12:30:37,ETHUSDT,ask,2470,5274.665
2024-08-28 12:30:37,ETHUSDT,ask,2470,5274.677
2024-08-28 12:30:37,ETHUSDT,ask,2470,5285.096
2024-08-28 12:30:37,ETHUSDT,ask,2470,5285.056
2024-08-28 12:30:37,ETHUSDT,ask,2470,5268.907
2024-08-28 12:30:38,ETHUSDT,ask,2470,5269.029
2024-08-28 12:30:40,ETHUSDT,ask,2470,5269.769
2024-08-28 12:30:41,ETHUSDT,ask,2470,5275.443
2024-08-28 12:30:41,ETHUSDT,ask,2470,5275.453
2024-08-28 12:30:41,ETHUSDT,ask,2470,5274.179
2024-08-28 12:30:41,ETHUSDT,ask,2470,5274.447
2024-08-28 12:30:42,ETHUSDT,ask,2470,5270.047
2024-08-28 12:30:43,ETHUSDT,ask,2470,5272.266
2024-08-28 12:30:46,ETHUSDT,ask,2470,5271.866
2024-08-28 12:30:46,ETHUSDT,ask,2470,5268.207
2024-08-28 12:30:46,ETHUSDT,ask,2470,5267.467
2024-08-28 12:30:46,ETHUSDT,ask,2470,5271.867
2024-08-28 12:30:46,ETHUSDT,ask,2470,5271.867
2024-08-28 12:30:46,ETHUSDT,ask,2470,5267.467
2024-08-28 12:30:52,ETHUSDT,ask,2470,5267.455
2024-08-28 12:30:53,ETHUSDT,ask,2470,5267.495
2024-08-28 12:30:56,ETHUSDT,ask,2470,5267.455
2024-08-28 12:30:56,ETHUSDT,ask,2470,5267.455
2024-08-28 12:31:00,ETHUSDT,ask,2470,5269.504
2024-08-28 12:31:01,ETHUSDT,ask,2470,5273.904
2024-08-28 12:31:01,ETHUSDT,ask,2470,5279.778
2024-08-28 12:31:01,ETHUSDT,ask,2470,5273.904
2024-08-28 12:31:02,ETHUSDT,ask,2470,5269.504
2024-08-28 12:31:02,ETHUSDT,ask,2470,5268.898
2024-08-28 12:31:04,ETHUSDT,ask,2470,5115.225
2024-08-28 12:31:04,ETHUSDT,ask,2470,5130.882
2024-08-28 12:31:04,ETHUSDT,ask,2470,5127.481
2024-08-28 12:31:05,ETHUSDT,ask,2470,5127.482
2024-08-28 12:31:05,ETHUSDT,ask,2470,5128.582
2024-08-28 12:31:05,ETHUSDT,ask,2470,5128.601
2024-08-28 12:31:05,ETHUSDT,ask,2470,5126.278
2024-08-28 12:31:05,ETHUSDT,ask,2470,5128.136
2024-08-28 12:31:05,ETHUSDT,ask,2470,5128.316
2024-08-28 12:31:05,ETHUSDT,ask,2470,5128.486
2024-08-28 12:31:05,ETHUSDT,ask,2470,5127.882
2024-08-28 12:31:05,ETHUSDT,ask,2470,5126.177
2024-08-28 12:31:06,ETHUSDT,ask,2470,5123.93
2024-08-28 12:31:06,ETHUSDT,ask,2470,5124.499
2024-08-28 12:31:06,ETHUSDT,ask,2470,5124.341
2024-08-28 12:31:06,ETHUSDT,ask,2470,5124.972
2024-08-28 12:31:06,ETHUSDT,ask,2470,5125.099
2024-08-28 12:31:06,ETHUSDT,ask,2470,5123.706
2024-08-28 12:31:06,ETHUSDT,ask,2470,5123.707
2024-08-28 12:31:06,ETHUSDT,ask,2470,5123.695
2024-08-28 12:31:06,ETHUSDT,ask,2470,5122.419
2024-08-28 12:31:06,ETHUSDT,ask,2470,5129.098
2024-08-28 12:31:07,ETHUSDT,ask,2470,5129.046
2024-08-28 12:31:07,ETHUSDT,ask,2470,5129.04
2024-08-28 12:31:07,ETHUSDT,ask,2470,5129.115
2024-08-28 12:31:07,ETHUSDT,ask,2470,5129.116
2024-08-28 12:31:07,ETHUSDT,ask,2470,5129.11
2024-08-28 12:31:07,ETHUSDT,ask,2470,5129.123
2024-08-28 12:31:07,ETHUSDT,ask,2470,5129.145
2024-08-28 12:31:07,ETHUSDT,ask,2470,5129.149
2024-08-28 12:31:07,ETHUSDT,ask,2470,5129.182
2024-08-28 12:31:08,ETHUSDT,ask,2470,5128.933
2024-08-28 12:31:08,ETHUSDT,ask,2470,5128.924
2024-08-28 12:31:08,ETHUSDT,ask,2470,5128.896
2024-08-28 12:31:08,ETHUSDT,ask,2470,5128.925
2024-08-28 12:31:08,ETHUSDT,ask,2470,5128.926
2024-08-28 12:31:08,ETHUSDT,ask,2470,5128.908
2024-08-28 12:31:08,ETHUSDT,ask,2470,5128.927
2024-08-28 12:31:09,ETHUSDT,ask,2470,5128.914
2024-08-28 12:31:09,ETHUSDT,ask,2470,5126.71
2024-08-28 12:31:09,ETHUSDT,ask,2470,5126.859
2024-08-28 12:31:09,ETHUSDT,ask,2470,5126.829
2024-08-28 12:31:09,ETHUSDT,ask,2470,5126.817
2024-08-28 12:31:09,ETHUSDT,ask,2470,5126.822
2024-08-28 12:31:09,ETHUSDT,ask,2470,5126.832
2024-08-28 12:31:10,ETHUSDT,ask,2470,5126.795
2024-08-28 12:31:10,ETHUSDT,ask,2470,5126.763
2024-08-28 12:31:10,ETHUSDT,ask,2470,5126.762
2024-08-28 12:31:10,ETHUSDT,ask,2470,5126.752
2024-08-28 12:31:10,ETHUSDT,ask,2470,5126.693
2024-08-28 12:31:10,ETHUSDT,ask,2470,5126.714
2024-08-28 12:31:10,ETHUSDT,ask,2470,5126.7
2024-08-28 12:31:10,ETHUSDT,ask,2470,5126.979
2024-08-28 12:31:11,ETHUSDT,ask,2470,5116.501
2024-08-28 12:31:11,ETHUSDT,ask,2470,5116.317
2024-08-28 12:31:11,ETHUSDT,ask,2470,5116.298
2024-08-28 12:31:11,ETHUSDT,ask,2470,5116.299
2024-08-28 12:31:11,ETHUSDT,ask,2470,5116.025
2024-08-28 12:31:11,ETHUSDT,ask,2470,5116.014
2024-08-28 12:31:11,ETHUSDT,ask,2470,5113.816
2024-08-28 12:31:11,ETHUSDT,ask,2470,5113.808
2024-08-28 12:31:11,ETHUSDT,ask,2470,5113.768
2024-08-28 12:31:12,ETHUSDT,ask,2470,5113.758
2024-08-28 12:31:12,ETHUSDT,ask,2470,5113.73
2024-08-28 12:31:12,ETHUSDT,ask,2470,5113.728
2024-08-28 12:31:12,ETHUSDT,ask,2470,5113.719
2024-08-28 12:31:12,ETHUSDT,ask,2470,5113.69
2024-08-28 12:31:12,ETHUSDT,ask,2470,5113.685
2024-08-28 12:31:12,ETHUSDT,ask,2470,5113.682
2024-08-28 12:31:13,ETHUSDT,ask,2470,5113.671
2024-08-28 12:31:13,ETHUSDT,ask,2470,5113.668
2024-08-28 12:31:13,ETHUSDT,ask,2470,5113.662
2024-08-28 12:31:13,ETHUSDT,ask,2470,5113.658
2024-08-28 12:31:13,ETHUSDT,ask,2470,5113.639
2024-08-28 12:31:13,ETHUSDT,ask,2470,5113.637
2024-08-28 12:31:13,ETHUSDT,ask,2470,5113.634
2024-08-28 12:31:13,ETHUSDT,ask,2470,5113.63
2024-08-28 12:31:14,ETHUSDT,ask,2470,5113.621
2024-08-28 12:31:14,ETHUSDT,ask,2470,5113.619
2024-08-28 12:31:14,ETHUSDT,ask,2470,5113.617
2024-08-28 12:31:24,ETHUSDT,ask,2470,5081.547
2024-08-28 12:31:24,ETHUSDT,ask,2470,5062.978
2024-08-28 12:31:24,ETHUSDT,ask,2470,5061.633
2024-08-28 12:31:24,ETHUSDT,ask,2470,5061.642
2024-08-28 12:31:24,ETHUSDT,ask,2470,5061.652
2024-08-28 12:31:24,ETHUSDT,ask,2470,5061.665
2024-08-28 12:31:24,ETHUSDT,ask,2470,5062.627
2024-08-28 12:31:24,ETHUSDT,ask,2470,5063.243
2024-08-28 12:31:25,ETHUSDT,ask,2470,5062.817
2024-08-28 12:31:25,ETHUSDT,ask,2470,5061.239
2024-08-28 12:31:25,ETHUSDT,ask,2470,5062.938
2024-08-28 12:31:25,ETHUSDT,ask,2470,5062.939
2024-08-28 12:31:25,ETHUSDT,ask,2470,5061.229
2024-08-28 12:31:25,ETHUSDT,ask,2470,5061.219
2024-08-28 12:31:26,ETHUSDT,ask,2470,5060.207
2024-08-28 12:31:26,ETHUSDT,ask,2470,5058.188
2024-08-28 12:31:26,ETHUSDT,ask,2470,5058.199
2024-08-28 12:31:27,ETHUSDT,ask,2470,5058.048
2024-08-28 12:31:28,ETHUSDT,ask,2470,5058.006
2024-08-28 12:31:28,ETHUSDT,ask,2470,5062.566
2024-08-28 12:31:30,ETHUSDT,ask,2470,5027.601
2024-08-28 12:31:31,ETHUSDT,ask,2470,5024.646
2024-08-28 12:31:31,ETHUSDT,ask,2470,5022.194
2024-08-28 12:31:31,ETHUSDT,ask,2470,5022.222
2024-08-28 12:31:31,ETHUSDT,ask,2470,5020.635
2024-08-28 12:31:31,ETHUSDT,ask,2470,5020.632
2024-08-28 12:31:31,ETHUSDT,ask,2470,5020.781
2024-08-28 12:31:31,ETHUSDT,ask,2470,4966.572
2024-08-28 12:31:32,ETHUSDT,ask,2470,4925.337
2024-08-28 12:31:32,ETHUSDT,ask,2470,4925.329
2024-08-28 12:31:32,ETHUSDT,ask,2470,4925.167
2024-08-28 12:31:32,ETHUSDT,ask,2470,4925.005
2024-08-28 12:31:32,ETHUSDT,ask,2470,4924.755
2024-08-28 12:31:32,ETHUSDT,ask,2470,4924.593
2024-08-28 12:31:33,ETHUSDT,ask,2470,4822.704
2024-08-28 12:31:33,ETHUSDT,ask,2470,4822.607
2024-08-28 12:31:33,ETHUSDT,ask,2470,4822.445
2024-08-28 12:31:33,ETHUSDT,ask,2470,4822.203
2024-08-28 12:31:33,ETHUSDT,ask,2470,4822.004
2024-08-28 12:31:33,ETHUSDT,ask,2470,4823.457
2024-08-28 12:31:33,ETHUSDT,ask,2470,4821.833
2024-08-28 12:31:34,ETHUSDT,ask,2470,4821.66
2024-08-28 12:31:34,ETHUSDT,ask,2470,4821.657
2024-08-28 12:31:34,ETHUSDT,ask,2470,4821.495
2024-08-28 12:31:34,ETHUSDT,ask,2470,4821.467
2024-08-28 12:31:34,ETHUSDT,ask,2470,4789.482
2024-08-28 12:31:34,ETHUSDT,ask,2470,4788.76
2024-08-28 12:31:34,ETHUSDT,ask,2470,4788.751
2024-08-28 12:31:34,ETHUSDT,ask,2470,4788.549
2024-08-28 12:31:34,ETHUSDT,ask,2470,4788.387
2024-08-28 12:31:35,ETHUSDT,ask,2470,4788.382
2024-08-28 12:31:35,ETHUSDT,ask,2470,4788.209
2024-08-28 12:31:35,ETHUSDT,ask,2470,4788.043
2024-08-28 12:31:35,ETHUSDT,ask,2470,4312.281
2024-08-28 12:31:35,ETHUSDT,ask,2470,4301.855
2024-08-28 12:31:35,ETHUSDT,ask,2470,4316.198
2024-08-28 12:31:35,ETHUSDT,ask,2470,4316.188
2024-08-28 12:31:35,ETHUSDT,ask,2470,4316.039
2024-08-28 12:31:36,ETHUSDT,ask,2470,4315.915
2024-08-28 12:31:36,ETHUSDT,ask,2470,4314.127
2024-08-28 12:31:36,ETHUSDT,ask,2470,4315.57
2024-08-28 12:31:36,ETHUSDT,ask,2470,4304.724
2024-08-28 12:31:37,ETHUSDT,ask,2470,4304.281
2024-08-28 12:31:37,ETHUSDT,ask,2470,4318.105
2024-08-28 12:31:37,ETHUSDT,ask,2470,4334.254
2024-08-28 12:31:38,ETHUSDT,ask,2470,4317.5
2024-08-28 12:31:38,ETHUSDT,ask,2470,4296.476
2024-08-28 12:31:38,ETHUSDT,ask,2470,4296.876
2024-08-28 12:31:39,ETHUSDT,ask,2470,4310.38
2024-08-28 12:31:40,ETHUSDT,ask,2470,4296.876
2024-08-28 12:31:40,ETHUSDT,ask,2470,4297.482
2024-08-28 12:31:41,ETHUSDT,ask,2470,4297.082
2024-08-28 12:31:41,ETHUSDT,ask,2470,4297.092
2024-08-28 12:31:43,ETHUSDT,ask,2470,4296.486
2024-08-28 12:31:46,ETHUSDT,ask,2470,4298.505
2024-08-28 12:31:46,ETHUSDT,ask,2470,4299.389
2024-08-28 12:31:46,ETHUSDT,ask,2470,4297.37
2024-08-28 12:31:46,ETHUSDT,ask,2470,4301.007
2024-08-28 12:31:47,ETHUSDT,ask,2470,4297.37
2024-08-28 12:31:47,ETHUSDT,ask,2470,4298.11
2024-08-28 12:31:48,ETHUSDT,ask,2470,4298.1
2024-08-28 12:31:50,ETHUSDT,ask,2470,4299.11
2024-08-28 12:31:53,ETHUSDT,ask,2470,4302.35
2024-08-28 12:31:55,ETHUSDT,ask,2470,4302.39
2024-08-28 12:31:55,ETHUSDT,ask,2470,4301.65
2024-08-28 12:31:57,ETHUSDT,ask,2470,4298.37
2024-08-28 12:32:00,ETHUSDT,ask,2470,4298.41
2024-08-28 12:32:00,ETHUSDT,ask,2470,4298.37
2024-08-28 12:32:02,ETHUSDT,ask,2470,4298.41
2024-08-28 12:32:02,ETHUSDT,ask,2470,4298.37
2024-08-28 12:32:02,ETHUSDT,ask,2470,4306.447
2024-08-28 12:32:02,ETHUSDT,ask,2470,4300.39
2024-08-28 12:32:02,ETHUSDT,ask,2470,4298.37
2024-08-28 12:32:03,ETHUSDT,ask,2470,4300.39
2024-08-28 12:32:04,ETHUSDT,ask,2470,4300.996
2024-08-28 12:32:05,ETHUSDT,ask,2470,4299.716
2024-08-28 12:32:06,ETHUSDT,ask,2470,4319.659
2024-08-28 12:32:06,ETHUSDT,ask,2470,4318.775
2024-08-28 12:32:06,ETHUSDT,ask,2470,4315.591
2024-08-28 12:32:06,ETHUSDT,ask,2470,4314.385
2024-08-28 12:32:06,ETHUSDT,ask,2470,4314.385
2024-08-28 12:32:09,ETHUSDT,ask,2470,4314.385
2024-08-28 12:32:09,ETHUSDT,ask,2470,4298.236
2024-08-28 12:32:12,ETHUSDT,ask,2470,4302.636
2024-08-28 12:32:12,ETHUSDT,ask,2470,4302.455
2024-08-28 12:32:13,ETHUSDT,ask,2470,4302.855
2024-08-28 12:32:14,ETHUSDT,ask,2470,4300.836
2024-08-28 12:32:15,ETHUSDT,ask,2470,4296.436
2024-08-28 12:32:15,ETHUSDT,ask,2470,4296.036
2024-08-28 12:32:16,ETHUSDT,ask,2470,4293.555
2024-08-28 12:32:16,ETHUSDT,ask,2470,4291.526
2024-08-28 12:32:20,ETHUSDT,ask,2470,4290.774
2024-08-28 12:32:21,ETHUSDT,ask,2470,4289.331
2024-08-28 12:32:21,ETHUSDT,ask,2470,4289.541
2024-08-28 12:32:21,ETHUSDT,ask,2470,4267.109
2024-08-28 12:32:21,ETHUSDT,ask,2470,4267.001
2024-08-28 12:32:21,ETHUSDT,ask,2470,4266.951
2024-08-28 12:32:21,ETHUSDT,ask,2470,4276.961
2024-08-28 12:32:21,ETHUSDT,ask,2470,4276.96
2024-08-28 12:32:21,ETHUSDT,ask,2470,4276.955
2024-08-28 12:32:22,ETHUSDT,ask,2470,4276.948
2024-08-28 12:32:22,ETHUSDT,ask,2470,4276.066
2024-08-28 12:32:22,ETHUSDT,ask,2470,4276.057
2024-08-28 12:32:22,ETHUSDT,ask,2470,4276.425
2024-08-28 12:32:22,ETHUSDT,ask,2470,4276.583
2024-08-28 12:32:23,ETHUSDT,ask,2470,4276.579
2024-08-28 12:32:23,ETHUSDT,ask,2470,4276.58
2024-08-28 12:32:23,ETHUSDT,ask,2470,4276.589
2024-08-28 12:32:23,ETHUSDT,ask,2470,4275.679
2024-08-28 12:32:23,ETHUSDT,ask,2470,4275.69
2024-08-28 12:32:24,ETHUSDT,ask,2470,4275.714
2024-08-28 12:32:24,ETHUSDT,ask,2470,4275.716
2024-08-28 12:32:24,ETHUSDT,ask,2470,4275.796
2024-08-28 12:32:24,ETHUSDT,ask,2470,4275.809
2024-08-28 12:32:25,ETHUSDT,ask,2470,4274.929
2024-08-28 12:32:25,ETHUSDT,ask,2470,4274.943
2024-08-28 12:32:25,ETHUSDT,ask,2470,4274.877
2024-08-28 12:32:25,ETHUSDT,ask,2470,4274.961
2024-08-28 12:32:25,ETHUSDT,ask,2470,4274.928
2024-08-28 12:32:25,ETHUSDT,ask,2470,4198.853
2024-08-28 12:32:26,ETHUSDT,ask,2470,4198.933
2024-08-28 12:32:26,ETHUSDT,ask,2470,4168.689
2024-08-28 12:32:26,ETHUSDT,ask,2470,4168.703
2024-08-28 12:32:26,ETHUSDT,ask,2470,4168.691
2024-08-28 12:32:26,ETHUSDT,ask,2470,4168.611
2024-08-28 12:32:27,ETHUSDT,ask,2470,4168.686
2024-08-28 12:32:27,ETHUSDT,ask,2470,4168.617
2024-08-28 12:32:27,ETHUSDT,ask,2470,4167.764
2024-08-28 12:32:27,ETHUSDT,ask,2470,4167.684
2024-08-28 12:32:27,ETHUSDT,ask,2470,4167.764
2024-08-28 12:32:28,ETHUSDT,ask,2470,4119.952
2024-08-28 12:32:28,ETHUSDT,ask,2470,4114.951
2024-08-28 12:32:28,ETHUSDT,ask,2470,4114.091
2024-08-28 12:32:28,ETHUSDT,ask,2470,4113.668
2024-08-28 12:32:28,ETHUSDT,ask,2470,4113.666
2024-08-28 12:32:28,ETHUSDT,ask,2470,4113.656
2024-08-28 12:32:28,ETHUSDT,ask,2470,4113.051
2024-08-28 12:32:28,ETHUSDT,ask,2470,4113.031
2024-08-28 12:32:30,ETHUSDT,ask,2470,4112.82
2024-08-28 12:32:30,ETHUSDT,ask,2470,4112.623
2024-08-28 12:32:30,ETHUSDT,ask,2470,4111.926
2024-08-28 12:32:30,ETHUSDT,ask,2470,4111.935
2024-08-28 12:32:31,ETHUSDT,ask,2470,4112.234
2024-08-28 12:32:31,ETHUSDT,ask,2470,4109.654
2024-08-28 12:32:31,ETHUSDT,ask,2470,4109.629
2024-08-28 12:32:32,ETHUSDT,ask,2470,4109.62
2024-08-28 12:32:32,ETHUSDT,ask,2470,4109.7
2024-08-28 12:32:33,ETHUSDT,ask,2470,4107.568
2024-08-28 12:32:34,ETHUSDT,ask,2470,4104.504
2024-08-28 12:32:34,ETHUSDT,ask,2470,4104.424
2024-08-28 12:32:34,ETHUSDT,ask,2470,4104.504
2024-08-28 12:32:35,ETHUSDT,ask,2470,4103.49
2024-08-28 12:32:35,ETHUSDT,ask,2470,4103.57
2024-08-28 12:32:35,ETHUSDT,ask,2470,4103.552
2024-08-28 12:32:36,ETHUSDT,ask,2470,4103.2
2024-08-28 12:32:36,ETHUSDT,ask,2470,4103.12
2024-08-28 12:32:36,ETHUSDT,ask,2470,4102.867
2024-08-28 12:32:36,ETHUSDT,ask,2470,4102.61
2024-08-28 12:32:36,ETHUSDT,ask,2470,4102.602
2024-08-28 12:32:37,ETHUSDT,ask,2470,4102.588
2024-08-28 12:32:37,ETHUSDT,ask,2470,4096.68
2024-08-28 12:32:37,ETHUSDT,ask,2470,4096.6
2024-08-28 12:39:08,ETHUSDT,bid,1700,6056.062
2024-08-28 12:42:23,ETHUSDT,ask,2470,7512.109
2024-08-28 12:42:23,ETHUSDT,ask,2470,7522.27
2024-08-28 12:42:23,ETHUSDT,ask,2470,7514.832
2024-08-28 12:42:24,ETHUSDT,ask,2470,7507.803
2024-08-28 12:42:24,ETHUSDT,ask,2470,7507.647
2024-08-28 12:42:24,ETHUSDT,ask,2470,7538.442
2024-08-28 12:42:24,ETHUSDT,ask,2470,7538.342
2024-08-28 12:42:24,ETHUSDT,ask,2470,7507.657
2024-08-28 12:42:24,ETHUSDT,ask,2470,7508.397
2024-08-28 12:42:25,ETHUSDT,ask,2470,7507.994
2024-08-28 12:42:25,ETHUSDT,ask,2470,7523.769
2024-08-28 12:42:25,ETHUSDT,ask,2470,7507.994
2024-08-28 12:42:25,ETHUSDT,ask,2470,7508.546
2024-08-28 12:42:28,ETHUSDT,ask,2470,7532.29
2024-08-28 12:42:28,ETHUSDT,ask,2470,7531.876
2024-08-28 12:42:50,ETHUSDT,ask,2470,8478.279
2024-08-28 12:42:50,ETHUSDT,ask,2470,8276.121
2024-08-28 12:42:50,ETHUSDT,ask,2470,8277.591
2024-08-28 12:42:50,ETHUSDT,ask,2470,8275.556
2024-08-28 12:42:50,ETHUSDT,ask,2470,8181.513
2024-08-28 12:42:51,ETHUSDT,ask,2470,8186.81
2024-08-28 12:42:51,ETHUSDT,ask,2470,8158.936
2024-08-28 12:42:51,ETHUSDT,ask,2470,8158.364
2024-08-28 12:42:52,ETHUSDT,ask,2470,8145.956
2024-08-28 12:42:52,ETHUSDT,ask,2470,8145.977
2024-08-28 12:42:52,ETHUSDT,ask,2470,8104.534
2024-08-28 12:42:52,ETHUSDT,ask,2470,8106.767
2024-08-28 12:42:52,ETHUSDT,ask,2470,8106.79
2024-08-28 12:42:52,ETHUSDT,ask,2470,8106.789
2024-08-28 12:42:52,ETHUSDT,ask,2470,8096.799
2024-08-28 12:42:52,ETHUSDT,ask,2470,8097.408
2024-08-28 12:42:52,ETHUSDT,ask,2470,8097.408
2024-08-28 12:42:53,ETHUSDT,ask,2470,8097.398
2024-08-28 12:42:53,ETHUSDT,ask,2470,8097.388
2024-08-28 12:42:53,ETHUSDT,ask,2470,8097.398
2024-08-28 12:42:53,ETHUSDT,ask,2470,8097.398
2024-08-28 12:42:53,ETHUSDT,ask,2470,8097.532
2024-08-28 12:42:53,ETHUSDT,ask,2470,8097.668
2024-08-28 12:42:53,ETHUSDT,ask,2470,8097.017
2024-08-28 12:42:53,ETHUSDT,ask,2470,8094.752
2024-08-28 12:42:53,ETHUSDT,ask,2470,8089.932
2024-08-28 12:42:53,ETHUSDT,ask,2470,8089.966
2024-08-28 12:42:54,ETHUSDT,ask,2470,8089.966
2024-08-28 12:42:54,ETHUSDT,ask,2470,8089.947
2024-08-28 12:42:54,ETHUSDT,ask,2470,8089.937
2024-08-28 12:42:54,ETHUSDT,ask,2470,8089.925
2024-08-28 12:42:54,ETHUSDT,ask,2470,8089.689
2024-08-28 12:42:54,ETHUSDT,ask,2470,8089.794
2024-08-28 12:42:54,ETHUSDT,ask,2470,8089.394
2024-08-28 12:43:53,ETHUSDT,ask,2470,7479.51
2024-08-28 12:43:53,ETHUSDT,ask,2470,7267.659
2024-08-28 12:45:02,ETHUSDT,bid,2290,4398.287
2024-08-28 12:48:11,ETHUSDT,ask,2470,7698.456
2024-08-28 12:48:11,ETHUSDT,ask,2470,7680.403
2024-08-28 12:48:11,ETHUSDT,ask,2470,7680.712
2024-08-28 12:48:11,ETHUSDT,ask,2470,7673.793
2024-08-28 12:48:11,ETHUSDT,ask,2470,7672.149
2024-08-28 12:48:11,ETHUSDT,ask,2470,7671.331
2024-08-28 12:48:11,ETHUSDT,ask,2470,7673.347
2024-08-28 12:48:12,ETHUSDT,ask,2470,7658.884
2024-08-28 12:48:12,ETHUSDT,ask,2470,7658.87
2024-08-28 12:48:13,ETHUSDT,ask,2470,7659.493
2024-08-28 12:48:13,ETHUSDT,ask,2470,7659.475
2024-08-28 12:48:14,ETHUSDT,ask,2470,7659.879
2024-08-28 12:48:14,ETHUSDT,ask,2470,7659.677
2024-08-28 12:48:14,ETHUSDT,ask,2470,7660.036
2024-08-28 12:48:14,ETHUSDT,ask,2470,7663.526
2024-08-28 12:48:14,ETHUSDT,ask,2470,7663.547
2024-08-28 12:48:15,ETHUSDT,ask,2470,7659.947
2024-08-28 12:48:15,ETHUSDT,ask,2470,7659.842
2024-08-28 12:48:15,ETHUSDT,ask,2470,6013.29
2024-08-28 12:48:15,ETHUSDT,ask,2470,5968.105
2024-08-28 12:48:15,ETHUSDT,ask,2470,5991.628
2024-08-28 12:48:15,ETHUSDT,ask,2470,5963.814
2024-08-28 12:48:15,ETHUSDT,ask,2470,5963.468
2024-08-28 12:48:16,ETHUSDT,ask,2470,5963.873
2024-08-28 12:48:16,ETHUSDT,ask,2470,5963.468
2024-08-28 12:48:16,ETHUSDT,ask,2470,5976.006
2024-08-28 12:48:17,ETHUSDT,ask,2470,5988.645
2024-08-28 12:48:17,ETHUSDT,ask,2470,5988.624
2024-08-28 12:48:18,ETHUSDT,ask,2470,5986.624
2024-08-28 12:48:18,ETHUSDT,ask,2470,5958.938
2024-08-28 12:48:18,ETHUSDT,ask,2470,5958.929
2024-08-28 12:48:18,ETHUSDT,ask,2470,5984.673
2024-08-28 12:48:19,ETHUSDT,ask,2470,5958.929
2024-08-28 12:48:20,ETHUSDT,ask,2470,5958.938
2024-08-28 12:48:20,ETHUSDT,ask,2470,5983.336
2024-08-28 12:48:21,ETHUSDT,ask,2470,5958.938
2024-08-28 12:48:21,ETHUSDT,ask,2470,5983.098
2024-08-28 12:48:21,ETHUSDT,ask,2470,5983.089
2024-08-28 12:48:21,ETHUSDT,ask,2470,5983.098
2024-08-28 12:48:22,ETHUSDT,ask,2470,5957.72
2024-08-28 12:48:22,ETHUSDT,ask,2470,5982.115
2024-08-28 12:49:37,ETHUSDT,bid,2140,4704.515
2024-08-28 12:51:22,ETHUSDT,bid,1960,5204.34
2024-08-28 12:59:57,ETHUSDT,bid,1950,5354.078
2024-08-28 13:05:07,ETHUSDT,bid,2200,12474.936
2024-08-28 13:05:23,ETHUSDT,bid,2100,10999.534
2024-08-28 13:05:39,ETHUSDT,bid,2300,12086.494
2024-08-28 13:05:53,ETHUSDT,bid,2400,11304.071
2024-08-28 13:06:23,ETHUSDT,bid,2300,12085.994
2024-08-28 13:06:44,ETHUSDT,bid,2100,10999.557
2024-08-28 13:07:41,ETHUSDT,bid,2300,12089.494
2024-08-28 13:07:46,ETHUSDT,bid,2300,12089.505
2024-08-28 13:08:12,ETHUSDT,bid,2300,12089.397
2024-08-28 13:08:13,ETHUSDT,bid,2200,12474.823
2024-08-28 13:08:16,ETHUSDT,bid,2100,10999.438
2024-08-28 13:08:33,ETHUSDT,bid,2200,12480.539
2024-08-28 13:10:37,ETHUSDT,bid,2300,12090.397
2024-08-28 13:10:47,ETHUSDT,bid,2100,10999.404
2024-08-28 13:10:49,ETHUSDT,bid,2300,12092.927
2024-08-28 13:11:08,ETHUSDT,bid,2300,12092.968
2024-08-28 13:11:24,ETHUSDT,bid,2300,12094.217
2024-08-28 13:11:31,ETHUSDT,bid,2200,12482.539
2024-08-28 13:11:31,ETHUSDT,bid,2300,12092.217
2024-08-28 13:11:38,ETHUSDT,bid,2100,10994.643
2024-08-28 13:11:40,ETHUSDT,bid,2200,12477.994
2024-08-28 13:11:44,ETHUSDT,bid,2300,12090.217
2024-08-28 13:13:36,ETHUSDT,bid,2300,12090.109
2024-08-28 13:13:45,ETHUSDT,bid,2200,12472.278
2024-08-28 13:15:59,ETHUSDT,bid,2200,12472.374
2024-08-28 13:16:17,ETHUSDT,bid,2100,10995.452
2024-08-28 13:16:39,ETHUSDT,bid,2200,4570.261
2024-08-28 13:17:11,ETHUSDT,bid,2300,12087.936
2024-08-28 13:18:27,ETHUSDT,bid,2100,10995.465
2024-08-28 13:18:48,ETHUSDT,bid,2250,4473.852
2024-08-28 13:19:10,ETHUSDT,bid,2300,12087.915
2024-08-28 13:19:28,ETHUSDT,bid,2300,12087.959
2024-08-28 13:20:07,ETHUSDT,bid,2200,12472.454
2024-08-28 13:20:10,ETHUSDT,bid,2200,12472.354
2024-08-28 13:20:57,ETHUSDT,bid,2300,12088.028
2024-08-28 13:21:35,ETHUSDT,bid,2300,12087.092
2024-08-28 13:21:36,ETHUSDT,bid,2200,12472.332
2024-08-28 13:21:39,ETHUSDT,bid,2100,11012.109
2024-08-28 13:21:59,ETHUSDT,bid,2230,4491.327
2024-08-28 13:22:30,ETHUSDT,bid,2300,12087.292
2024-08-28 13:22:31,ETHUSDT,bid,2300,12087.302
2024-08-28 13:22:42,ETHUSDT,bid,2100,10997.824
2024-08-28 13:22:42,ETHUSDT,bid,2200,12465.514
2024-08-28 13:22:43,ETHUSDT,bid,2300,12080.781
2024-08-28 13:22:53,ETHUSDT,bid,2100,10997.777
2024-08-28 13:23:31,ETHUSDT,bid,2200,12472.332
2024-08-28 13:23:44,ETHUSDT,bid,2100,11004.919
2024-08-28 13:24:09,ETHUSDT,bid,2300,12080.76
2024-08-28 13:24:53,ETHUSDT,bid,2200,12472.242
2024-08-28 13:24:57,ETHUSDT,bid,2300,12081.158
2024-08-28 13:26:38,ETHUSDT,bid,2200,12473.378
2024-08-28 13:27:25,ETHUSDT,bid,2300,12081.299
2024-08-28 13:29:57,ETHUSDT,bid,2200,12473.128
2024-08-28 13:29:58,ETHUSDT,bid,2100,11004.93
2024-08-28 13:30:54,ETHUSDT,bid,2290,4398.277
2024-08-28 13:31:20,ETHUSDT,bid,2200,12473.938
2024-08-28 13:31:33,ETHUSDT,bid,2200,12474.742
2024-08-28 13:33:30,ETHUSDT,bid,2300,12082.506
2024-08-28 13:34:17,ETHUSDT,bid,1960,5204.74
2024-08-28 13:35:48,ETHUSDT,bid,2100,11007.855
2024-08-28 13:35:53,ETHUSDT,bid,2300,12082.689
2024-08-28 13:36:41,ETHUSDT,bid,2030,4925.333
2024-08-28 13:37:08,ETHUSDT,bid,2300,12081.634
2024-08-28 13:37:51,ETHUSDT,bid,2100,11006.452
2024-08-28 13:38:21,ETHUSDT,bid,2100,11007.861
2024-08-28 13:39:20,ETHUSDT,bid,2200,12471.564
2024-08-28 13:39:34,ETHUSDT,bid,2200,12484.879
2024-08-28 13:39:37,ETHUSDT,bid,2200,12471.564
2024-08-28 13:39:42,ETHUSDT,bid,2200,12484.879
2024-08-28 13:39:45,ETHUSDT,bid,2200,12471.564
2024-08-28 13:39:55,ETHUSDT,bid,2200,12480.685
2024-08-28 13:39:59,ETHUSDT,bid,2200,12471.564
2024-08-28 13:40:38,ETHUSDT,bid,2300,12081.591
2024-08-28 13:41:33,ETHUSDT,bid,2300,12078.84
2024-08-28 13:42:45,ETHUSDT,bid,1700,6056.035
2024-08-28 13:43:42,ETHUSDT,bid,2300,12080.84
2024-08-28 13:43:44,ETHUSDT,bid,2300,12080.797
2024-08-28 13:44:12,ETHUSDT,bid,2200,12471.609
2024-08-28 13:44:32,ETHUSDT,bid,2300,12080.747
2024-08-28 13:45:38,ETHUSDT,bid,2100,11006.93
2024-08-28 13:45:47,ETHUSDT,bid,2300,12079.468
2024-08-28 13:45:54,ETHUSDT,bid,2300,12079.598
2024-08-28 13:47:11,ETHUSDT,bid,2140,4704.502
2024-08-28 13:47:13,ETHUSDT,bid,2300,12076.99
2024-08-28 13:47:14,ETHUSDT,bid,2300,12077.021
2024-08-28 13:47:43,ETHUSDT,bid,2100,11006.429
2024-08-28 13:48:11,ETHUSDT,bid,2200,12471.669
2024-08-28 13:48:11,ETHUSDT,bid,2300,12077.081
2024-08-28 13:49:47,ETHUSDT,bid,2300,12077.515
2024-08-28 13:50:00,ETHUSDT,bid,2100,11007.381
2024-08-28 13:50:12,ETHUSDT,bid,2300,12077.526
2024-08-28 13:51:17,ETHUSDT,bid,2100,11007.301
2024-08-28 13:52:56,ETHUSDT,bid,2300,12108.27
2024-08-28 13:53:04,ETHUSDT,bid,2100,11007.422
2024-08-28 13:53:11,ETHUSDT,bid,2200,12471.488
2024-08-28 13:55:15,ETHUSDT,bid,2300,12134.4
2024-08-28 13:55:49,ETHUSDT,bid,2300,12134.466
2024-08-28 13:56:34,ETHUSDT,bid,2300,12134.486
2024-08-28 13:56:41,ETHUSDT,bid,2300,12133.733
2024-08-28 13:56:54,ETHUSDT,bid,2300,12129.386
2024-08-28 13:57:18,ETHUSDT,bid,2300,12131.559
2024-08-28 14:00:15,ETHUSDT,bid,2100,11003.772
2024-08-28 14:00:22,ETHUSDT,bid,2300,12143.264
2024-08-28 14:00:46,ETHUSDT,bid,2300,12143.176
2024-08-28 14:00:57,ETHUSDT,bid,2300,12131.471
2024-08-28 14:01:28,ETHUSDT,bid,2300,12134.471
2024-08-28 14:03:46,ETHUSDT,bid,2200,12471.533
2024-08-28 14:03:49,ETHUSDT,bid,2100,11003.834
2024-08-28 14:03:50,ETHUSDT,bid,2300,12134.481
2024-08-28 14:04:08,ETHUSDT,bid,2300,12134.738
2024-08-28 14:05:07,ETHUSDT,bid,2100,11003.824
2024-08-28 14:05:09,ETHUSDT,bid,2200,12471.523
2024-08-28 14:05:17,ETHUSDT,bid,2200,12471.477
2024-08-28 14:06:01,ETHUSDT,bid,2200,12472.311
2024-08-28 14:06:07,ETHUSDT,bid,2200,12472.43
2024-08-28 14:06:07,ETHUSDT,bid,2300,12134.852
2024-08-28 14:06:18,ETHUSDT,bid,2300,12134.861
2024-08-28 14:06:19,ETHUSDT,bid,2300,12134.422
2024-08-28 14:06:20,ETHUSDT,bid,2200,12471.688
2024-08-28 14:06:25,ETHUSDT,bid,2200,12472.428
2024-08-28 14:06:32,ETHUSDT,bid,2300,12134.436
2024-08-28 14:06:59,ETHUSDT,bid,2300,12134.741
2024-08-28 14:07:05,ETHUSDT,bid,2200,12472.897
2024-08-28 14:07:10,ETHUSDT,bid,2100,11004.301
2024-08-28 14:07:15,ETHUSDT,bid,2200,12473.162
2024-08-28 14:07:36,ETHUSDT,bid,2300,12135.741
2024-08-28 14:07:45,ETHUSDT,bid,2300,12133.71
2024-08-28 14:08:39,ETHUSDT,bid,2300,12133.624
2024-08-28 14:09:04,ETHUSDT,bid,2300,12133.71
2024-08-28 14:09:23,ETHUSDT,bid,2300,12133.701
2024-08-28 14:09:47,ETHUSDT,bid,2300,12133.801
2024-08-28 14:10:40,ETHUSDT,bid,2300,12133.758
2024-08-28 14:10:42,ETHUSDT,bid,2100,11004.327
2024-08-28 14:11:09,ETHUSDT,bid,2200,12473.117
2024-08-28 14:11:11,ETHUSDT,bid,2300,12133.715
2024-08-28 14:11:47,ETHUSDT,bid,2100,11004.37
2024-08-28 14:12:23,ETHUSDT,bid,2300,12133.758
2024-08-28 14:12:42,ETHUSDT,bid,2200,12473.162
2024-08-28 14:14:01,ETHUSDT,bid,2300,12133.767
2024-08-28 14:14:09,ETHUSDT,bid,2200,12473.172
2024-08-28 14:14:14,ETHUSDT,bid,2200,12473.472
2024-08-28 14:14:16,ETHUSDT,bid,2100,11004.38
2024-08-28 14:14:52,ETHUSDT,bid,2200,12461.161
2024-08-28 14:16:29,ETHUSDT,bid,2300,12107.637
2024-08-28 14:16:44,ETHUSDT,bid,2300,12107.647
2024-08-28 14:16:56,ETHUSDT,bid,2200,12461.132
2024-08-28 14:16:56,ETHUSDT,bid,2200,12458.86
2024-08-28 14:18:01,ETHUSDT,bid,2300,12113.647
2024-08-28 14:18:17,ETHUSDT,bid,2030,4925.284
2024-08-28 14:18:17,ETHUSDT,bid,2300,12113.657
2024-08-28 14:19:26,ETHUSDT,bid,2200,12458.872
2024-08-28 14:19:40,ETHUSDT,bid,2300,12113.672
2024-08-28 14:20:59,ETHUSDT,bid,2200,12458.804
2024-08-28 14:22:05,ETHUSDT,bid,2300,12113.692
2024-08-28 14:22:24,ETHUSDT,bid,2100,11004.434
2024-08-28 14:22:24,ETHUSDT,bid,2140,4704.556
2024-08-28 14:22:24,ETHUSDT,bid,2200,12458.858
2024-08-28 14:22:24,ETHUSDT,bid,2300,12113.746
2024-08-28 14:22:24,ETHUSDT,bid,1940,5149.701
2024-08-28 14:22:58,ETHUSDT,bid,2200,12461.944
2024-08-28 14:22:58,ETHUSDT,bid,2300,12110.794
2024-08-28 14:23:01,ETHUSDT,bid,2100,11004.284
2024-08-28 14:23:02,ETHUSDT,bid,1700,6055.835
2024-08-28 14:23:10,ETHUSDT,bid,2200,12462.044
2024-08-28 14:23:14,ETHUSDT,bid,2100,11004.262
2024-08-28 14:23:21,ETHUSDT,bid,2200,12462.112
2024-08-28 14:23:38,ETHUSDT,bid,2200,12462.612
2024-08-28 14:23:42,ETHUSDT,bid,2300,12119.222
2024-08-28 14:23:46,ETHUSDT,bid,2100,11007.494
2024-08-28 14:23:46,ETHUSDT,bid,2200,12459.526
2024-08-28 14:24:40,ETHUSDT,bid,2100,11004.262
2024-08-28 14:25:51,ETHUSDT,bid,2100,11004.208
2024-08-28 14:25:51,ETHUSDT,bid,2140,4704.502
2024-08-28 14:25:51,ETHUSDT,bid,2200,12459.472
2024-08-28 14:25:51,ETHUSDT,bid,2300,12119.168
2024-08-28 14:26:50,ETHUSDT,bid,2200,12459.372
2024-08-28 14:27:51,ETHUSDT,bid,2200,12461.644
2024-08-28 14:28:09,ETHUSDT,bid,2140,4703.608
2024-08-28 14:28:32,ETHUSDT,bid,2300,12119.534
2024-08-28 14:28:37,ETHUSDT,bid,2100,11004.55
2024-08-28 14:28:38,ETHUSDT,bid,2100,11003.36
2024-08-28 14:28:38,ETHUSDT,bid,2290,4399.467
2024-08-28 14:31:12,ETHUSDT,bid,2300,12109.534
2024-08-28 14:31:14,ETHUSDT,bid,2300,12109.168
2024-08-28 14:31:29,ETHUSDT,bid,2100,11003.06
2024-08-28 14:31:36,ETHUSDT,bid,2200,12457.099
2024-08-28 14:31:45,ETHUSDT,bid,2200,12467.714
2024-08-28 14:32:07,ETHUSDT,bid,2300,12109.46
2024-08-28 14:32:44,ETHUSDT,bid,2100,11003.074
2024-08-28 14:33:25,ETHUSDT,bid,2200,12467.414
2024-08-28 14:33:28,ETHUSDT,bid,2200,12468.928
2024-08-28 14:34:19,ETHUSDT,bid,2100,11003.145
2024-08-28 14:34:19,ETHUSDT,bid,2140,4703.679
2024-08-28 14:34:19,ETHUSDT,bid,2200,12468.999
2024-08-28 14:34:19,ETHUSDT,bid,2300,12109.531
2024-08-28 14:34:35,ETHUSDT,bid,2200,12469.18
2024-08-28 14:34:54,ETHUSDT,bid,2300,12109.986
2024-08-28 14:35:10,ETHUSDT,bid,2140,4703.819
2024-08-28 14:35:12,ETHUSDT,bid,1960,5204.729
2024-08-28 14:35:12,ETHUSDT,bid,2300,12105.163
2024-08-28 14:35:41,ETHUSDT,bid,2100,11000.765
2024-08-28 14:35:46,ETHUSDT,bid,2200,12469.315
2024-08-28 14:35:46,ETHUSDT,bid,2300,12105.033
2024-08-28 14:36:06,ETHUSDT,bid,2200,12469.215
2024-08-28 14:36:09,ETHUSDT,bid,2200,12469.17
2024-08-28 14:36:17,ETHUSDT,bid,1700,6055.935
2024-08-28 14:36:51,ETHUSDT,bid,2100,11000.819
2024-08-28 14:37:21,ETHUSDT,bid,2300,12105.043
2024-08-28 14:37:45,ETHUSDT,bid,2200,12469.152
2024-08-28 14:39:04,ETHUSDT,bid,2300,12104.643
2024-08-28 14:40:57,ETHUSDT,bid,2200,12471.909
2024-08-28 14:40:57,ETHUSDT,bid,2300,12102.005
2024-08-28 14:41:02,ETHUSDT,bid,2300,12100.701
2024-08-28 14:41:11,ETHUSDT,bid,2200,12471.418
2024-08-28 14:41:33,ETHUSDT,bid,2300,12111.423
2024-08-28 14:42:12,ETHUSDT,bid,2100,11000.762
2024-08-28 14:42:12,ETHUSDT,bid,2140,4703.763
2024-08-28 14:42:12,ETHUSDT,bid,2200,12471.364
2024-08-28 14:42:12,ETHUSDT,bid,2300,12111.371
2024-08-28 14:42:12,ETHUSDT,bid,2200,12471.836
2024-08-28 14:42:15,ETHUSDT,bid,1960,5204.729
2024-08-28 14:42:16,ETHUSDT,bid,1960,5204.729
2024-08-28 14:42:16,ETHUSDT,bid,1960,5204.831
2024-08-28 14:42:16,ETHUSDT,bid,1960,5204.729
2024-08-28 14:42:17,ETHUSDT,bid,1960,5204.831
2024-08-28 14:42:18,ETHUSDT,bid,1960,5204.729
2024-08-28 14:42:20,ETHUSDT,bid,2200,12469.079
2024-08-28 14:42:20,ETHUSDT,bid,2300,12114.008
2024-08-28 14:42:24,ETHUSDT,bid,2200,12469.134
2024-08-28 14:42:36,ETHUSDT,bid,2300,12114.029
2024-08-28 14:42:53,ETHUSDT,bid,2200,12469.156
2024-08-28 14:43:18,ETHUSDT,bid,2200,12469.292
2024-08-28 14:43:18,ETHUSDT,bid,2100,11000.793
2024-08-28 14:43:23,ETHUSDT,bid,2300,12114.092
2024-08-28 14:43:56,ETHUSDT,bid,2200,12469.237
2024-08-28 14:44:00,ETHUSDT,bid,2300,12114.038
2024-08-28 14:44:04,ETHUSDT,bid,2200,12469.253
2024-08-28 14:44:06,ETHUSDT,bid,2100,11000.762
2024-08-28 14:44:15,ETHUSDT,bid,2100,11000.82
2024-08-28 14:44:18,ETHUSDT,bid,2300,12113.975
2024-08-28 14:44:20,ETHUSDT,bid,2300,12103.253
2024-08-28 14:44:21,ETHUSDT,bid,2100,11000.762
2024-08-28 14:44:24,ETHUSDT,bid,2100,11000.847
2024-08-28 14:45:03,ETHUSDT,bid,2200,12469.753
2024-08-28 14:45:19,ETHUSDT,bid,2200,12469.813
2024-08-28 14:45:53,ETHUSDT,bid,2300,12103.687
2024-08-28 14:46:25,ETHUSDT,bid,2100,11003.227
2024-08-28 14:46:34,ETHUSDT,bid,2300,12103.46
2024-08-28 14:46:44,ETHUSDT,bid,2200,12469.718
2024-08-28 14:46:52,ETHUSDT,bid,1960,5204.729
2024-08-28 14:47:28,ETHUSDT,bid,2300,12103.96
2024-08-28 14:47:29,ETHUSDT,bid,2300,12106.133
2024-08-28 14:47:56,ETHUSDT,bid,2200,12469.187
2024-08-28 14:48:05,ETHUSDT,bid,2200,4573.725
2024-08-28 14:48:27,ETHUSDT,bid,2300,12107.133
2024-08-28 14:48:38,ETHUSDT,bid,2100,11002.727
2024-08-28 14:48:59,ETHUSDT,bid,2300,12097.137
2024-08-28 14:49:00,ETHUSDT,bid,2100,11003.137
2024-08-28 14:49:03,ETHUSDT,bid,2300,12098.441
2024-08-28 14:49:09,ETHUSDT,bid,2300,12099.441
2024-08-28 14:49:16,ETHUSDT,bid,2200,12455.669
2024-08-28 14:49:29,ETHUSDT,bid,2300,12098.137
2024-08-28 14:49:35,ETHUSDT,bid,2300,12098.179
2024-08-28 14:49:37,ETHUSDT,bid,2300,12098.136
2024-08-28 14:49:46,ETHUSDT,bid,2200,12455.624
2024-08-28 14:49:57,ETHUSDT,bid,2300,12082.919
2024-08-28 14:51:09,ETHUSDT,bid,2100,11004.088
2024-08-28 14:51:09,ETHUSDT,bid,2300,12082.05
2024-08-28 14:51:16,ETHUSDT,bid,2300,12082.278
2024-08-28 14:51:32,ETHUSDT,bid,2100,11004.806
2024-08-28 14:51:45,ETHUSDT,bid,2200,12455.852
2024-08-28 14:51:56,ETHUSDT,bid,2100,11024.091
2024-08-28 14:52:07,ETHUSDT,bid,2200,12455.624
2024-08-28 14:52:45,ETHUSDT,bid,2300,12082.065
2024-08-28 14:53:10,ETHUSDT,bid,2100,11032.374
2024-08-28 14:53:22,ETHUSDT,bid,2200,12456.078
2024-08-28 14:53:51,ETHUSDT,bid,2300,12082.022
2024-08-28 14:54:03,ETHUSDT,bid,2300,12082.004
2024-08-28 14:54:04,ETHUSDT,bid,2200,12456.06
2024-08-28 14:54:06,ETHUSDT,bid,2200,12456.07
2024-08-28 14:54:09,ETHUSDT,bid,2200,12459.07
2024-08-28 14:54:12,ETHUSDT,bid,2300,12083.821
2024-08-28 14:54:26,ETHUSDT,bid,2200,12459.088
2024-08-28 14:54:50,ETHUSDT,bid,2300,12083.908
2024-08-28 14:54:56,ETHUSDT,bid,2300,12083.951
2024-08-28 14:55:05,ETHUSDT,bid,1700,6065.935
2024-08-28 14:55:23,ETHUSDT,bid,2300,12083.994
2024-08-28 14:56:14,ETHUSDT,bid,2300,12084.124
2024-08-28 14:56:16,ETHUSDT,bid,2200,12459.769
2024-08-28 14:56:22,ETHUSDT,bid,2200,12459.95
2024-08-28 14:57:02,ETHUSDT,bid,2140,4704.697
2024-08-28 14:57:06,ETHUSDT,bid,2200,12464.95
2024-08-28 14:57:06,ETHUSDT,bid,2300,12075.696
2024-08-28 14:57:10,ETHUSDT,bid,2250,4481.908
2024-08-28 14:57:20,ETHUSDT,bid,2100,11034.754
2024-08-28 14:57:28,ETHUSDT,bid,2100,11034.876
2024-08-28 14:57:33,ETHUSDT,bid,2200,12464.96
2024-08-28 14:57:36,ETHUSDT,bid,2200,12464.56
2024-08-28 14:57:46,ETHUSDT,bid,2300,12075.596
2024-08-28 14:57:51,ETHUSDT,bid,2300,12087.672
2024-08-28 14:58:05,ETHUSDT,bid,2200,12464.583
2024-08-28 14:58:06,ETHUSDT,bid,2300,12088.192
2024-08-28 14:58:12,ETHUSDT,bid,2300,12086.453
2024-08-28 14:58:22,ETHUSDT,bid,2100,11034.288
2024-08-28 14:58:27,ETHUSDT,bid,2100,11034.624
2024-08-28 14:58:45,ETHUSDT,bid,2300,12086.498
2024-08-28 14:58:49,ETHUSDT,bid,2100,11036.084
2024-08-28 14:58:49,ETHUSDT,bid,1700,6066.719
2024-08-28 14:58:49,ETHUSDT,bid,2300,12086.513
2024-08-28 14:58:55,ETHUSDT,bid,2300,12086.058
2024-08-28 14:58:55,ETHUSDT,bid,2300,12086.492
2024-08-28 14:59:08,ETHUSDT,bid,2300,12053.492
2024-08-28 14:59:13,ETHUSDT,bid,2100,11036.07
2024-08-28 14:59:41,ETHUSDT,bid,2100,11035.87
2024-08-28 14:59:41,ETHUSDT,bid,2300,12053.604
2024-08-28 14:59:45,ETHUSDT,bid,2200,12464.683
2024-08-28 14:59:46,ETHUSDT,bid,2200,12464.701
2024-08-28 14:59:48,ETHUSDT,bid,2200,12464.901
2024-08-28 14:59:50,ETHUSDT,bid,2300,12053.87
2024-08-28 14:59:55,ETHUSDT,bid,2200,12464.801
2024-08-28 15:00:03,ETHUSDT,bid,2200,12464.837
2024-08-28 15:00:09,ETHUSDT,bid,2300,12053.808
2024-08-28 15:00:16,ETHUSDT,bid,2100,11016.585
2024-08-28 15:00:41,ETHUSDT,bid,2300,12053.851
2024-08-28 15:00:42,ETHUSDT,bid,2200,12464.787
2024-08-28 15:00:45,ETHUSDT,bid,2200,12466.046
2024-08-28 15:00:46,ETHUSDT,bid,2100,11025.082
2024-08-28 15:00:47,ETHUSDT,bid,2300,12054.375
2024-08-28 15:00:50,ETHUSDT,bid,2300,12054.363
2024-08-28 15:00:50,ETHUSDT,bid,2300,12057.113
2024-08-28 15:00:52,ETHUSDT,bid,2200,12466.082
2024-08-28 15:00:55,ETHUSDT,bid,2300,12055.756
2024-08-28 15:00:59,ETHUSDT,bid,2200,12466.046
2024-08-28 15:01:00,ETHUSDT,bid,2300,12057.708
2024-08-28 15:01:48,ETHUSDT,bid,2200,12467.046
2024-08-28 15:01:48,ETHUSDT,bid,2100,11024.51
2024-08-28 15:01:58,ETHUSDT,bid,2200,12467.006
2024-08-28 15:02:17,ETHUSDT,bid,2300,12060.051
2024-08-28 15:02:24,ETHUSDT,bid,2200,12469.424
2024-08-28 15:02:30,ETHUSDT,bid,2100,11024.32
2024-08-28 15:02:30,ETHUSDT,bid,2300,12059.878
2024-08-28 15:02:34,ETHUSDT,bid,2300,12062.242
2024-08-28 15:02:36,ETHUSDT,bid,2100,11026.931
2024-08-28 15:02:41,ETHUSDT,bid,2300,12062.199
2024-08-28 15:02:42,ETHUSDT,bid,2300,12062.699
2024-08-28 15:02:44,ETHUSDT,bid,2200,12469.514
2024-08-28 15:03:01,ETHUSDT,bid,2300,12050.623
2024-08-28 15:03:08,ETHUSDT,bid,2300,12058.714
2024-08-28 15:03:18,ETHUSDT,bid,2200,12469.968
2024-08-28 15:03:28,ETHUSDT,bid,2200,12469.734
2024-08-28 15:03:45,ETHUSDT,bid,2300,12058.851
2024-08-28 15:03:51,ETHUSDT,bid,2140,4704.708
2024-08-28 15:03:51,ETHUSDT,bid,2300,12058.91
2024-08-28 15:03:57,ETHUSDT,bid,2300,12059.16
2024-08-28 15:03:57,ETHUSDT,bid,2100,11026.988
2024-08-28 15:03:57,ETHUSDT,bid,2140,4704.765
2024-08-28 15:03:57,ETHUSDT,bid,2200,12469.791
2024-08-28 15:03:57,ETHUSDT,bid,2300,12059.217
2024-08-28 15:04:03,ETHUSDT,bid,2300,12058.697
2024-08-28 15:04:09,ETHUSDT,bid,2200,12469.777
2024-08-28 15:04:09,ETHUSDT,bid,2250,4481.928
2024-08-28 15:04:15,ETHUSDT,bid,2300,11034.156
2024-08-28 15:04:15,ETHUSDT,bid,2200,12470.027
2024-08-28 15:04:21,ETHUSDT,bid,2300,11034.7
2024-08-28 15:04:32,ETHUSDT,bid,2200,12470.827
2024-08-28 15:04:33,ETHUSDT,bid,2230,4491.347
2024-08-28 15:04:37,ETHUSDT,bid,2100,11026.688
2024-08-28 15:04:44,ETHUSDT,bid,2200,12470.817
2024-08-28 15:04:46,ETHUSDT,bid,2200,4573.745
2024-08-28 15:04:56,ETHUSDT,bid,2200,12470.587
2024-08-28 15:05:00,ETHUSDT,bid,2300,11034.72
2024-08-28 15:05:14,ETHUSDT,bid,2300,11035.372
2024-08-28 15:05:17,ETHUSDT,bid,2300,11035.422
2024-08-28 15:05:25,ETHUSDT,bid,2300,11036.782
2024-08-28 15:05:26,ETHUSDT,bid,2200,12470.77
2024-08-28 15:05:29,ETHUSDT,bid,2100,11026.926
2024-08-28 15:05:39,ETHUSDT,bid,2100,11027.335
2024-08-28 15:05:57,ETHUSDT,bid,2200,12469.97
2024-08-28 15:06:03,ETHUSDT,bid,2100,11027.345
2024-08-28 15:06:06,ETHUSDT,bid,2100,11027.223
2024-08-28 15:06:07,ETHUSDT,bid,2300,11036.753
2024-08-28 15:06:13,ETHUSDT,bid,2300,11036.744
2024-08-28 15:06:29,ETHUSDT,bid,2200,12469.98
2024-08-28 15:06:30,ETHUSDT,bid,2300,11036.891
2024-08-28 15:06:31,ETHUSDT,bid,2200,12469.99
2024-08-28 15:06:31,ETHUSDT,bid,2200,12470.0
2024-08-28 15:06:33,ETHUSDT,bid,2300,11036.881
2024-08-28 15:06:45,ETHUSDT,bid,2300,11033.881
2024-08-28 15:06:46,ETHUSDT,bid,2200,12469.99
2024-08-28 15:06:52,ETHUSDT,bid,2200,12469.98
2024-08-28 15:06:53,ETHUSDT,bid,2200,12469.97
2024-08-28 15:06:54,ETHUSDT,bid,2200,12469.96
2024-08-28 15:06:56,ETHUSDT,bid,2300,11033.734
2024-08-28 15:06:58,ETHUSDT,bid,2200,12469.97
2024-08-28 15:07:39,ETHUSDT,bid,2200,12469.96
2024-08-28 15:07:50,ETHUSDT,bid,2100,11027.347
2024-08-28 15:07:57,ETHUSDT,bid,2200,12469.982
2024-08-28 15:08:00,ETHUSDT,bid,2300,11034.254
2024-08-28 15:08:02,ETHUSDT,bid,2100,11047.347
2024-08-28 15:08:29,ETHUSDT,bid,2100,11047.135
2024-08-28 15:08:29,ETHUSDT,bid,2200,12469.77
2024-08-28 15:08:29,ETHUSDT,bid,2300,11034.042
2024-08-28 15:08:30,ETHUSDT,bid,2300,11033.518
2024-08-28 15:08:51,ETHUSDT,bid,2300,11033.713
2024-08-28 15:09:01,ETHUSDT,bid,2300,11033.517
2024-08-28 15:09:01,ETHUSDT,bid,2200,4573.755
2024-08-28 15:09:18,ETHUSDT,bid,2200,12469.78
2024-08-28 15:09:25,ETHUSDT,bid,2100,11046.726
2024-08-28 15:09:25,ETHUSDT,bid,2300,11037.864
2024-08-28 15:09:27,ETHUSDT,bid,2200,12469.77
2024-08-28 15:09:36,ETHUSDT,bid,2300,11035.527
2024-08-28 15:09:42,ETHUSDT,bid,2200,12474.315
2024-08-28 15:09:56,ETHUSDT,bid,2200,12474.815
2024-08-28 15:09:58,ETHUSDT,bid,2200,4573.745
2024-08-28 15:09:59,ETHUSDT,bid,2300,11035.831
2024-08-28 15:10:01,ETHUSDT,bid,2300,11038.004
2024-08-28 15:10:15,ETHUSDT,bid,2300,11038.438
2024-08-28 15:10:15,ETHUSDT,bid,2200,12475.133
2024-08-28 15:10:22,ETHUSDT,bid,2300,11038.547
2024-08-28 15:10:33,ETHUSDT,bid,2100,11047.059
2024-08-28 15:10:36,ETHUSDT,bid,2300,11039.047
2024-08-28 15:10:45,ETHUSDT,bid,2300,11038.755
2024-08-28 15:10:53,ETHUSDT,bid,2300,11038.798
2024-08-28 15:10:56,ETHUSDT,bid,2300,11038.789
2024-08-28 15:11:08,ETHUSDT,bid,2200,12475.142
2024-08-28 15:11:18,ETHUSDT,bid,2140,4704.83
2024-08-28 15:11:20,ETHUSDT,bid,2200,12475.277
2024-08-28 15:11:24,ETHUSDT,bid,2300,11038.676
2024-08-28 15:11:54,ETHUSDT,bid,2200,4573.755
2024-08-28 15:11:55,ETHUSDT,bid,2300,11043.063
2024-08-28 15:11:56,ETHUSDT,bid,2200,4573.856
2024-08-28 15:11:56,ETHUSDT,bid,2200,4573.866
2024-08-28 15:12:40,ETHUSDT,bid,2300,11052.11
2024-08-28 15:12:45,ETHUSDT,bid,2200,4573.856
2024-08-28 15:12:47,ETHUSDT,bid,2300,11052.218
2024-08-28 15:12:48,ETHUSDT,bid,2300,11052.119
2024-08-28 15:12:49,ETHUSDT,bid,2200,4573.846
2024-08-28 15:13:29,ETHUSDT,bid,2300,11052.219
2024-08-28 15:13:41,ETHUSDT,bid,2300,11051.219
2024-08-28 15:14:16,ETHUSDT,bid,2300,11050.699
2024-08-28 15:14:24,ETHUSDT,bid,2100,11047.002
2024-08-28 15:14:24,ETHUSDT,bid,2140,4704.773
2024-08-28 15:14:24,ETHUSDT,bid,2200,12475.22
2024-08-28 15:14:24,ETHUSDT,bid,2300,11050.642
2024-08-28 15:15:41,ETHUSDT,bid,2300,11048.69
2024-08-28 15:15:46,ETHUSDT,bid,2300,11048.517
2024-08-28 15:15:51,ETHUSDT,bid,2300,11048.119
2024-08-28 15:16:33,ETHUSDT,bid,2300,11048.104
2024-08-28 15:16:33,ETHUSDT,bid,1700,6065.935
2024-08-28 15:16:48,ETHUSDT,bid,1700,6066.719
2024-08-28 15:16:48,ETHUSDT,bid,2100,11047.347
2024-08-28 15:16:48,ETHUSDT,bid,2200,12475.455
2024-08-28 15:16:48,ETHUSDT,bid,2300,11048.229
2024-08-28 15:17:13,ETHUSDT,bid,2100,11046.947
2024-08-28 15:17:13,ETHUSDT,bid,2200,12475.855
2024-08-28 15:17:22,ETHUSDT,bid,2300,11048.657
2024-08-28 15:17:29,ETHUSDT,bid,2300,11048.614
2024-08-28 15:17:43,ETHUSDT,bid,2200,12475.9
2024-08-28 15:17:48,ETHUSDT,bid,2100,11046.994
2024-08-28 15:18:25,ETHUSDT,bid,2100,11047.075
2024-08-28 15:18:40,ETHUSDT,bid,2200,12475.559
2024-08-28 15:19:00,ETHUSDT,bid,1700,6066.739
2024-08-28 15:19:23,ETHUSDT,bid,2100,11047.575
2024-08-28 15:20:02,ETHUSDT,bid,2300,11039.567
2024-08-28 15:20:03,ETHUSDT,bid,2300,11039.646
2024-08-28 15:20:36,ETHUSDT,bid,2200,12476.483
2024-08-28 15:20:53,ETHUSDT,bid,2200,12475.559
2024-08-28 15:20:57,ETHUSDT,bid,1700,6066.755
2024-08-28 15:20:57,ETHUSDT,bid,1960,5204.745
2024-08-28 15:20:57,ETHUSDT,bid,2100,11047.591
2024-08-28 15:20:57,ETHUSDT,bid,2140,4704.789
2024-08-28 15:20:57,ETHUSDT,bid,2200,12475.575
2024-08-28 15:20:57,ETHUSDT,bid,2300,11039.662
2024-08-28 15:20:58,ETHUSDT,bid,2300,11039.591
2024-08-28 15:21:15,ETHUSDT,bid,2200,12474.765
2024-08-28 15:21:38,ETHUSDT,bid,2300,11040.46
2024-08-28 15:22:02,ETHUSDT,bid,2300,11060.46
2024-08-28 15:24:05,ETHUSDT,bid,2200,4570.382
2024-08-28 15:24:48,ETHUSDT,bid,2100,11047.641
2024-08-28 15:24:57,ETHUSDT,bid,2300,11061.46
2024-08-28 15:25:03,ETHUSDT,bid,2300,11060.211
2024-08-28 15:25:05,ETHUSDT,bid,2300,11060.342
2024-08-28 15:25:22,ETHUSDT,bid,2200,12474.743
2024-08-28 15:25:38,ETHUSDT,bid,2200,12475.093
2024-08-28 15:25:45,ETHUSDT,bid,2300,11060.512
2024-08-28 15:25:46,ETHUSDT,bid,2100,11047.991
2024-08-28 15:26:02,ETHUSDT,bid,2200,12475.04
2024-08-28 15:26:40,ETHUSDT,bid,2200,12475.063
2024-08-28 15:26:40,ETHUSDT,bid,2300,11060.534
2024-08-28 15:26:57,ETHUSDT,bid,2200,12475.092
2024-08-28 15:27:15,ETHUSDT,bid,2200,12475.069
2024-08-28 15:27:15,ETHUSDT,bid,2300,11060.512
2024-08-28 15:27:21,ETHUSDT,bid,2100,11048.166
2024-08-28 15:27:32,ETHUSDT,bid,2200,12475.04
2024-08-28 15:28:18,ETHUSDT,bid,1700,6067.049
2024-08-28 15:28:27,ETHUSDT,bid,2300,11060.527
2024-08-28 15:28:34,ETHUSDT,bid,1700,6067.117
2024-08-28 15:28:40,ETHUSDT,bid,1700,6067.186
2024-08-28 15:28:46,ETHUSDT,bid,1700,6067.238
2024-08-28 15:28:46,ETHUSDT,bid,2100,11047.83
2024-08-28 15:28:48,ETHUSDT,bid,1700,6067.254
2024-08-28 15:28:53,ETHUSDT,bid,1700,6067.285
2024-08-28 15:28:54,ETHUSDT,bid,1700,6067.317
2024-08-28 15:28:55,ETHUSDT,bid,1700,6067.423
2024-08-28 15:28:57,ETHUSDT,bid,2100,11047.916
2024-08-28 15:29:09,ETHUSDT,bid,2200,12475.06
2024-08-28 15:31:27,ETHUSDT,bid,2100,11047.939
2024-08-28 15:31:36,ETHUSDT,bid,2200,12475.04
2024-08-28 15:32:12,ETHUSDT,bid,2300,11060.57
2024-08-28 15:32:30,ETHUSDT,bid,2100,11047.994
2024-08-28 15:32:30,ETHUSDT,bid,2140,4704.843
2024-08-28 15:32:30,ETHUSDT,bid,2200,12475.093
2024-08-28 15:32:30,ETHUSDT,bid,2300,11060.62
2024-08-28 15:32:49,ETHUSDT,bid,2300,11060.837
2024-08-28 15:32:56,ETHUSDT,bid,2200,12475.32
2024-08-28 15:33:52,ETHUSDT,bid,2100,11047.879
2024-08-28 15:35:17,ETHUSDT,bid,2200,12475.404
2024-08-28 15:36:08,ETHUSDT,bid,2200,12475.414
2024-08-28 15:36:40,ETHUSDT,bid,2300,11054.837
2024-08-28 15:36:42,ETHUSDT,bid,2300,11054.851
2024-08-28 15:37:13,ETHUSDT,bid,2300,11055.554
2024-08-28 15:37:28,ETHUSDT,bid,2300,11055.604
2024-08-28 15:37:29,ETHUSDT,bid,2100,11047.856
2024-08-28 15:37:29,ETHUSDT,bid,2300,11055.561
2024-08-28 15:37:34,ETHUSDT,bid,2300,11055.986
2024-08-28 15:38:11,ETHUSDT,bid,2290,4375.238
2024-08-28 15:38:47,ETHUSDT,bid,2200,12474.751
2024-08-28 15:39:45,ETHUSDT,bid,2100,11047.903
2024-08-28 15:39:52,ETHUSDT,bid,2200,12474.98
2024-08-28 15:40:01,ETHUSDT,bid,2300,11056.364
2024-08-28 15:40:22,ETHUSDT,bid,2300,11055.364
2024-08-28 15:40:39,ETHUSDT,bid,1700,6067.481
2024-08-28 15:41:10,ETHUSDT,bid,2200,12475.062
2024-08-28 15:41:15,ETHUSDT,bid,2100,11048.025
2024-08-28 15:41:18,ETHUSDT,bid,2100,11047.903
2024-08-28 15:41:52,ETHUSDT,bid,2300,11055.321
2024-08-28 15:43:57,ETHUSDT,bid,2300,11055.312
2024-08-28 15:44:10,ETHUSDT,bid,2140,4704.343
2024-08-28 15:44:17,ETHUSDT,bid,2200,12475.562
2024-08-28 15:44:36,ETHUSDT,bid,2300,11055.616
2024-08-28 15:44:38,ETHUSDT,bid,2300,11055.601
2024-08-28 15:44:43,ETHUSDT,bid,2100,11048.088
2024-08-28 15:46:02,ETHUSDT,bid,2300,11055.351
2024-08-28 15:46:16,ETHUSDT,bid,2200,12473.402
2024-08-28 15:46:28,ETHUSDT,bid,2300,11055.389
2024-08-28 15:46:32,ETHUSDT,bid,2300,11054.52
2024-08-28 15:47:32,ETHUSDT,bid,2250,4480.314
2024-08-28 15:47:33,ETHUSDT,bid,2300,11054.62
2024-08-28 15:47:33,ETHUSDT,bid,2200,4568.713
2024-08-28 15:47:43,ETHUSDT,bid,2200,12473.502
2024-08-28 15:47:48,ETHUSDT,bid,2100,11048.045
2024-08-28 15:48:33,ETHUSDT,bid,2200,12485.813
2024-08-28 15:49:16,ETHUSDT,bid,2300,11054.676
2024-08-28 15:50:08,ETHUSDT,bid,2300,11064.48
2024-08-28 15:50:12,ETHUSDT,bid,2300,11064.491
2024-08-28 15:50:37,ETHUSDT,bid,2100,11048.101
2024-08-28 15:50:58,ETHUSDT,bid,2200,12486.393
2024-08-28 15:51:17,ETHUSDT,bid,2200,12486.446
2024-08-28 15:51:34,ETHUSDT,bid,2200,12486.673
2024-08-28 15:52:08,ETHUSDT,bid,2200,12486.62
2024-08-28 15:53:06,ETHUSDT,bid,2300,11064.556
2024-08-28 15:54:29,ETHUSDT,bid,2300,11054.752
2024-08-28 15:55:12,ETHUSDT,bid,2300,11055.125
2024-08-28 15:56:11,ETHUSDT,bid,2200,12486.71
2024-08-28 15:56:19,ETHUSDT,bid,2100,11047.383
2024-08-28 15:56:47,ETHUSDT,bid,2300,11055.296
2024-08-28 15:56:52,ETHUSDT,bid,2300,11055.509
2024-08-28 15:58:14,ETHUSDT,bid,2100,11047.621
2024-08-28 15:59:30,ETHUSDT,bid,2200,12491.71
2024-08-28 15:59:34,ETHUSDT,bid,2300,11055.204
2024-08-28 15:59:35,ETHUSDT,bid,2200,12491.241
2024-08-28 15:59:36,ETHUSDT,bid,2100,11047.144
2024-08-28 16:02:17,ETHUSDT,bid,2300,11054.988
2024-08-28 16:02:36,ETHUSDT,bid,2100,11047.007
2024-08-28 16:02:43,ETHUSDT,bid,2300,11054.997
2024-08-28 16:02:50,ETHUSDT,bid,2250,4472.258
2024-08-28 16:03:12,ETHUSDT,bid,2300,11054.826
2024-08-28 16:03:23,ETHUSDT,bid,2300,11054.817
2024-08-28 16:03:55,ETHUSDT,bid,2300,11054.131
2024-08-28 16:04:00,ETHUSDT,bid,2100,11046.907
2024-08-28 16:04:00,ETHUSDT,bid,2200,12491.141
2024-08-28 16:04:00,ETHUSDT,bid,2300,11054.031
2024-08-28 16:04:33,ETHUSDT,bid,2200,12501.141
2024-08-28 16:04:36,ETHUSDT,bid,2100,11046.826
2024-08-28 16:04:45,ETHUSDT,ask,2990,3455.088
2024-08-28 16:04:49,ETHUSDT,bid,1700,6067.423
2024-08-28 16:04:49,ETHUSDT,bid,2100,11046.779
2024-08-28 16:05:13,ETHUSDT,bid,2100,11027.06
2024-08-28 16:05:37,ETHUSDT,bid,2100,11027.181
2024-08-28 16:07:24,ETHUSDT,bid,2300,11053.965
2024-08-28 16:07:39,ETHUSDT,bid,2200,12500.337
2024-08-28 16:08:11,ETHUSDT,bid,2300,11053.954
2024-08-28 16:08:18,ETHUSDT,bid,2100,11017.181
2024-08-28 16:08:25,ETHUSDT,bid,2100,10997.181
2024-08-28 16:08:32,ETHUSDT,bid,2200,12500.51
2024-08-28 16:08:33,ETHUSDT,bid,2100,11042.633
2024-08-28 16:08:50,ETHUSDT,bid,2100,11052.633
2024-08-28 16:08:53,ETHUSDT,bid,2200,12502.809
2024-08-28 16:08:54,ETHUSDT,bid,2200,12502.791
2024-08-28 16:09:00,ETHUSDT,bid,2100,11047.633
2024-08-28 16:10:19,ETHUSDT,bid,2300,11054.047
2024-08-28 16:10:23,ETHUSDT,bid,2200,12502.526
2024-08-28 16:12:02,ETHUSDT,bid,2100,11052.156
2024-08-28 16:12:21,ETHUSDT,bid,2100,11049.776
2024-08-28 16:12:33,ETHUSDT,bid,2200,12502.299
2024-08-28 16:13:04,ETHUSDT,bid,2100,11049.916
2024-08-28 16:13:30,ETHUSDT,bid,2200,12502.163
2024-08-28 16:15:09,ETHUSDT,bid,2100,11049.866
2024-08-28 16:15:21,ETHUSDT,ask,3040,3281.933
2024-08-28 16:15:27,ETHUSDT,bid,2200,12501.691
2024-08-28 16:15:29,ETHUSDT,bid,2300,11050.045
2024-08-28 16:16:09,ETHUSDT,bid,2200,12501.51
2024-08-28 16:16:12,ETHUSDT,bid,2300,11050.071
2024-08-28 16:17:00,ETHUSDT,bid,2300,11049.646
2024-08-28 16:18:37,ETHUSDT,bid,2200,12499.692
2024-08-28 16:19:07,ETHUSDT,bid,2100,11049.745
2024-08-28 16:20:03,ETHUSDT,bid,2100,11045.222
2024-08-28 16:20:23,ETHUSDT,bid,2300,11049.701
2024-08-28 16:20:27,ETHUSDT,ask,2990,3455.138
2024-08-28 16:21:33,ETHUSDT,bid,2300,11049.711
2024-08-28 16:22:50,ETHUSDT,bid,2100,11045.317
2024-08-28 16:23:02,ETHUSDT,bid,2300,11049.697
2024-08-28 16:23:05,ETHUSDT,bid,2300,11050.152
2024-08-28 16:23:06,ETHUSDT,bid,2300,11051.238
2024-08-28 16:23:51,ETHUSDT,bid,2300,11051.068
2024-08-28 16:23:55,ETHUSDT,bid,1700,6057.423
2024-08-28 16:23:59,ETHUSDT,bid,2300,11051.058
2024-08-28 16:24:23,ETHUSDT,bid,2300,11050.406
2024-08-28 16:24:25,ETHUSDT,bid,2200,12499.642
2024-08-28 16:25:13,ETHUSDT,bid,2300,11049.102
2024-08-28 16:25:58,ETHUSDT,bid,1700,6057.389
2024-08-28 16:25:59,ETHUSDT,bid,2100,11044.975
2024-08-28 16:28:54,ETHUSDT,bid,2200,12499.692
2024-08-28 16:29:27,ETHUSDT,bid,2300,11048.184
2024-08-28 16:29:38,ETHUSDT,bid,2100,11044.814
2024-08-28 16:29:49,ETHUSDT,bid,2200,12499.238
2024-08-28 16:30:16,ETHUSDT,bid,2100,11044.911
2024-08-28 16:30:28,ETHUSDT,bid,2100,11037.844
2024-08-28 16:30:34,ETHUSDT,bid,2300,11048.098
2024-08-28 16:31:06,ETHUSDT,bid,2100,11035.139
2024-08-28 16:32:04,ETHUSDT,bid,2200,12498.329
2024-08-28 16:32:35,ETHUSDT,bid,2300,11048.068
2024-08-28 16:32:45,ETHUSDT,bid,2200,12486.018
2024-08-28 16:32:47,ETHUSDT,bid,2300,11048.088
2024-08-28 16:33:26,ETHUSDT,bid,2300,11047.715
2024-08-28 16:33:46,ETHUSDT,bid,2300,11047.706
2024-08-28 16:34:26,ETHUSDT,bid,2200,12485.958
2024-08-28 16:34:26,ETHUSDT,bid,2300,11047.646
2024-08-28 16:34:48,ETHUSDT,bid,2300,11047.863
2024-08-28 16:35:07,ETHUSDT,bid,2200,12486.185
2024-08-28 16:36:19,ETHUSDT,bid,2300,11045.69
2024-08-28 16:37:37,ETHUSDT,bid,2300,11045.733
2024-08-28 16:37:54,ETHUSDT,bid,2200,12486.196
2024-08-28 16:39:01,ETHUSDT,bid,2100,11035.129
2024-08-28 16:39:24,ETHUSDT,bid,2100,11034.639
2024-08-28 16:39:54,ETHUSDT,bid,2200,12486.096
2024-08-28 16:40:01,ETHUSDT,bid,2300,11045.633
2024-08-28 16:40:09,ETHUSDT,bid,2230,4491.356
2024-08-28 16:40:10,ETHUSDT,bid,2230,4491.356
2024-08-28 16:40:18,ETHUSDT,bid,2230,4491.347
2024-08-28 16:40:32,ETHUSDT,bid,2100,11035.64
2024-08-28 16:40:39,ETHUSDT,bid,2200,12486.323
2024-08-28 16:40:58,ETHUSDT,bid,2300,11044.633
2024-08-28 16:41:17,ETHUSDT,bid,2200,12481.323
2024-08-28 16:41:31,ETHUSDT,bid,2200,12481.312
2024-08-28 16:41:44,ETHUSDT,bid,1700,6058.389
2024-08-28 16:42:02,ETHUSDT,bid,2230,4491.357
2024-08-28 16:42:38,ETHUSDT,bid,2230,4491.347
2024-08-28 16:42:43,ETHUSDT,bid,2300,11044.676
2024-08-28 16:43:17,ETHUSDT,bid,2300,11044.685
2024-08-28 16:43:34,ETHUSDT,bid,2100,11035.893
2024-08-28 16:43:58,ETHUSDT,bid,2230,4491.347
2024-08-28 16:43:58,ETHUSDT,bid,2100,11027.61
2024-08-28 16:43:59,ETHUSDT,bid,2230,4491.347
2024-08-28 16:43:59,ETHUSDT,bid,2230,4491.356
2024-08-28 16:44:00,ETHUSDT,bid,2230,4491.356
2024-08-28 16:44:01,ETHUSDT,bid,2230,4491.356
2024-08-28 16:44:08,ETHUSDT,bid,2230,4491.347
2024-08-28 16:44:18,ETHUSDT,bid,2230,4491.357
2024-08-28 16:45:06,ETHUSDT,bid,2230,4491.347
2024-08-28 16:45:50,ETHUSDT,bid,2200,12419.837
2024-08-28 16:45:50,ETHUSDT,bid,2300,11044.686
2024-08-28 16:46:06,ETHUSDT,bid,2200,12419.838
2024-08-28 16:46:16,ETHUSDT,bid,2100,11027.611
2024-08-28 16:46:28,ETHUSDT,bid,2100,11022.85
2024-08-28 16:47:13,ETHUSDT,bid,1700,6057.856
2024-08-28 16:47:20,ETHUSDT,bid,2300,11044.677
2024-08-28 16:47:28,ETHUSDT,bid,2200,12418.707
2024-08-28 16:48:46,ETHUSDT,bid,2200,12419.207
2024-08-28 16:49:10,ETHUSDT,bid,2300,11044.657
2024-08-28 16:50:57,ETHUSDT,bid,2300,11044.643
2024-08-28 16:51:20,ETHUSDT,bid,2300,11044.421
2024-08-28 16:51:22,ETHUSDT,bid,1960,5204.88
2024-08-28 16:51:22,ETHUSDT,bid,2100,11022.976
2024-08-28 16:51:22,ETHUSDT,bid,2140,4704.466
2024-08-28 16:51:22,ETHUSDT,bid,2200,12419.327
2024-08-28 16:51:22,ETHUSDT,bid,2100,11018.215
2024-08-28 16:51:23,ETHUSDT,bid,2200,12414.782
2024-08-28 16:51:24,ETHUSDT,bid,2300,11040.189
2024-08-28 16:51:29,ETHUSDT,bid,2250,4472.268
2024-08-28 16:51:29,ETHUSDT,bid,2250,4472.278
2024-08-28 16:51:34,ETHUSDT,bid,2250,4472.268
2024-08-28 16:51:34,ETHUSDT,bid,2250,4472.258
2024-08-28 16:51:36,ETHUSDT,bid,2250,4472.268
2024-08-28 16:51:47,ETHUSDT,bid,2300,11031.494
2024-08-28 16:51:49,ETHUSDT,bid,2300,11031.842
2024-08-28 16:51:50,ETHUSDT,bid,2250,4472.258
2024-08-28 16:52:06,ETHUSDT,bid,2300,11031.342
2024-08-28 16:52:06,ETHUSDT,bid,2100,11018.196
2024-08-28 16:52:43,ETHUSDT,bid,2300,11031.362
2024-08-28 16:53:13,ETHUSDT,bid,2300,11031.149
2024-08-28 16:53:24,ETHUSDT,bid,2100,11018.177
2024-08-28 16:53:42,ETHUSDT,bid,1700,6058.394
2024-08-28 16:53:47,ETHUSDT,bid,1700,6057.856
2024-08-28 16:54:40,ETHUSDT,bid,2200,12415.004
2024-08-28 16:55:08,ETHUSDT,bid,2300,11029.845
2024-08-28 16:55:13,ETHUSDT,bid,1700,6056.68
2024-08-28 16:55:40,ETHUSDT,bid,2300,11028.386
2024-08-28 16:55:42,ETHUSDT,bid,2300,11028.403
2024-08-28 16:55:58,ETHUSDT,bid,2100,11018.08
2024-08-28 16:56:06,ETHUSDT,bid,2200,12415.654
2024-08-28 16:56:39,ETHUSDT,bid,2200,12415.392
2024-08-28 16:56:39,ETHUSDT,bid,2300,11028.153
2024-08-28 16:58:01,ETHUSDT,bid,2300,11027.653
2024-08-28 16:58:06,ETHUSDT,bid,2300,11027.412
2024-08-28 16:58:08,ETHUSDT,bid,2300,11007.412
2024-08-28 16:58:09,ETHUSDT,bid,2200,12415.607
2024-08-28 16:58:20,ETHUSDT,bid,2200,12412.328
2024-08-28 16:58:22,ETHUSDT,bid,2300,11007.335
2024-08-28 16:58:25,ETHUSDT,bid,2100,11008.08
2024-08-28 16:58:26,ETHUSDT,bid,2200,12402.328
2024-08-28 16:58:33,ETHUSDT,bid,2290,4375.248
2024-08-28 16:58:36,ETHUSDT,bid,2290,4375.238
2024-08-28 16:58:45,ETHUSDT,bid,2290,4375.268
2024-08-28 16:58:45,ETHUSDT,bid,2290,4375.288
2024-08-28 16:58:51,ETHUSDT,bid,2290,4375.268
2024-08-28 16:58:51,ETHUSDT,bid,2290,4375.248
2024-08-28 16:58:51,ETHUSDT,bid,2290,4375.238
2024-08-28 16:58:54,ETHUSDT,bid,2300,11006.987
2024-08-28 16:59:01,ETHUSDT,bid,2300,11006.928
2024-08-28 16:59:08,ETHUSDT,bid,2300,11006.842
2024-08-28 16:59:21,ETHUSDT,bid,2200,12401.588
2024-08-28 16:59:37,ETHUSDT,bid,2200,12401.361
2024-08-28 17:00:50,ETHUSDT,bid,2300,11005.51
2024-08-28 17:01:00,ETHUSDT,bid,2300,11005.489
2024-08-28 17:01:00,ETHUSDT,bid,2200,12391.361
2024-08-28 17:01:02,ETHUSDT,bid,2300,10997.31
2024-08-28 17:01:29,ETHUSDT,bid,1700,6056.664
2024-08-28 17:01:29,ETHUSDT,bid,1960,5204.864
2024-08-28 17:01:29,ETHUSDT,bid,2100,11008.064
2024-08-28 17:01:29,ETHUSDT,bid,2140,4704.45
2024-08-28 17:01:29,ETHUSDT,bid,2200,12391.345
2024-08-28 17:01:29,ETHUSDT,bid,2300,10997.294
2024-08-28 17:01:32,ETHUSDT,bid,1940,5147.701
2024-08-28 17:01:36,ETHUSDT,bid,2300,10994.93
2024-08-28 17:01:44,ETHUSDT,bid,2200,12391.331
2024-08-28 17:01:44,ETHUSDT,bid,2300,10994.916
2024-08-28 17:02:23,ETHUSDT,bid,2300,10994.482
2024-08-28 17:02:50,ETHUSDT,bid,2300,10994.444
2024-08-28 17:03:12,ETHUSDT,bid,2140,4703.75
2024-08-28 17:03:13,ETHUSDT,bid,2100,11005.139
2024-08-28 17:03:32,ETHUSDT,bid,2300,10994.244
2024-08-28 17:03:45,ETHUSDT,bid,2200,12391.449
2024-08-28 17:04:05,ETHUSDT,bid,2300,10994.258
2024-08-28 17:04:20,ETHUSDT,bid,2200,12391.656
2024-08-28 17:04:53,ETHUSDT,bid,2200,12391.638
2024-08-28 17:04:58,ETHUSDT,bid,2100,11005.158
2024-08-28 17:04:58,ETHUSDT,bid,2140,4703.768
2024-08-28 17:04:58,ETHUSDT,bid,2200,12391.656
2024-08-28 17:04:58,ETHUSDT,bid,2300,10994.275
2024-08-28 17:05:16,ETHUSDT,bid,2300,10994.422
2024-08-28 17:05:48,ETHUSDT,bid,2300,10994.578
2024-08-28 17:06:17,ETHUSDT,bid,2140,4703.757
2024-08-28 17:06:26,ETHUSDT,bid,2070,4819.136
2024-08-28 17:06:28,ETHUSDT,bid,2200,12392.856
2024-08-28 17:07:16,ETHUSDT,bid,2290,4372.934
2024-08-28 17:07:45,ETHUSDT,bid,2100,11003.118
2024-08-28 17:08:13,ETHUSDT,bid,2200,12152.856
2024-08-28 17:09:28,ETHUSDT,bid,2100,11003.095
2024-08-28 17:09:36,ETHUSDT,bid,2200,12153.446
2024-08-28 17:11:35,ETHUSDT,bid,2100,11002.095
2024-08-28 17:11:35,ETHUSDT,bid,2200,12152.446
2024-08-28 17:11:56,ETHUSDT,bid,2300,10994.361
2024-08-28 17:12:02,ETHUSDT,bid,2300,10994.447
2024-08-28 17:12:12,ETHUSDT,bid,2200,12152.617
2024-08-28 17:12:12,ETHUSDT,bid,2300,10994.426
2024-08-28 17:12:46,ETHUSDT,bid,2300,10993.993
2024-08-28 17:12:53,ETHUSDT,bid,2200,12152.446
2024-08-28 17:12:55,ETHUSDT,bid,2300,11001.393
2024-08-28 17:12:56,ETHUSDT,bid,2300,11001.234
2024-08-28 17:13:52,ETHUSDT,bid,1700,6056.687
2024-08-28 17:13:52,ETHUSDT,bid,1960,5204.887
2024-08-28 17:13:52,ETHUSDT,bid,2100,11002.118
2024-08-28 17:13:52,ETHUSDT,bid,2140,4703.78
2024-08-28 17:13:52,ETHUSDT,bid,2200,12152.469
2024-08-28 17:13:52,ETHUSDT,bid,2300,11001.257
2024-08-28 17:13:56,ETHUSDT,bid,2200,12152.459
2024-08-28 17:14:04,ETHUSDT,bid,2100,11001.773
2024-08-28 17:14:04,ETHUSDT,bid,2200,12152.224
2024-08-28 17:14:04,ETHUSDT,bid,2300,11001.132
2024-08-28 17:14:04,ETHUSDT,bid,1700,6055.903
2024-08-28 17:14:38,ETHUSDT,bid,2200,12149.224
2024-08-28 17:15:15,ETHUSDT,bid,2300,11004.733
2024-08-28 17:17:28,ETHUSDT,bid,2300,11004.577
2024-08-28 17:18:47,ETHUSDT,bid,2100,11001.52
2024-08-28 17:19:13,ETHUSDT,bid,2300,11004.558
2024-08-28 17:20:44,ETHUSDT,bid,2300,11004.472
2024-08-28 17:20:57,ETHUSDT,bid,2300,11004.463
2024-08-28 17:22:08,ETHUSDT,bid,2290,4371.744
2024-08-28 17:22:27,ETHUSDT,bid,2300,11001.311
2024-08-28 17:22:40,ETHUSDT,bid,2300,11001.321
2024-08-28 17:22:58,ETHUSDT,bid,2200,12149.234
2024-08-28 17:23:18,ETHUSDT,bid,2100,11001.53
2024-08-28 17:23:56,ETHUSDT,bid,1960,5204.487
2024-08-28 17:24:02,ETHUSDT,bid,2200,12148.734
2024-08-28 17:24:12,ETHUSDT,bid,2200,12148.571
2024-08-28 17:25:42,ETHUSDT,bid,1960,5204.513
2024-08-28 17:25:42,ETHUSDT,bid,2100,11001.556
2024-08-28 17:25:42,ETHUSDT,bid,2140,4703.806
2024-08-28 17:25:42,ETHUSDT,bid,2200,12148.597
2024-08-28 17:25:42,ETHUSDT,bid,2300,11001.347
2024-08-28 17:25:56,ETHUSDT,bid,2300,11001.33
2024-08-28 17:26:04,ETHUSDT,ask,2990,3453.388
2024-08-28 17:26:23,ETHUSDT,bid,2200,12148.382
2024-08-28 17:27:07,ETHUSDT,bid,2300,11001.34
2024-08-28 17:27:07,ETHUSDT,ask,2990,3453.398
2024-08-28 17:27:19,ETHUSDT,bid,2300,11001.123
2024-08-28 17:27:22,ETHUSDT,bid,2100,10996.556
2024-08-28 17:27:23,ETHUSDT,bid,2300,11001.163
2024-08-28 17:27:56,ETHUSDT,bid,2200,12148.332
2024-08-28 17:28:00,ETHUSDT,bid,1700,6056.618
2024-08-28 17:28:09,ETHUSDT,bid,2300,11001.172
2024-08-28 17:28:33,ETHUSDT,bid,2300,11001.163
2024-08-28 17:28:34,ETHUSDT,bid,2200,12146.969
2024-08-28 17:29:17,ETHUSDT,bid,2230,4491.386
2024-08-28 17:29:39,ETHUSDT,bid,2300,11001.12
2024-08-28 17:29:52,ETHUSDT,bid,2100,10996.674
2024-08-28 17:30:01,ETHUSDT,bid,2100,10995.874
2024-08-28 17:30:02,ETHUSDT,bid,2200,12146.569
2024-08-28 17:30:02,ETHUSDT,bid,2300,11000.92
2024-08-28 17:30:10,ETHUSDT,bid,2300,11000.929
2024-08-28 17:31:43,ETHUSDT,bid,2200,12386.569
2024-08-28 17:31:59,ETHUSDT,bid,2300,11001.029
2024-08-28 17:31:59,ETHUSDT,bid,2100,10991.609
2024-08-28 17:32:27,ETHUSDT,bid,2300,11000.929
2024-08-28 17:32:43,ETHUSDT,bid,2300,11002.233
2024-08-28 17:32:51,ETHUSDT,bid,2200,12385.569
2024-08-28 17:34:05,ETHUSDT,bid,2300,11002.19
2024-08-28 17:35:19,ETHUSDT,bid,2300,11002.181
2024-08-28 17:35:44,ETHUSDT,bid,2300,11002.003
2024-08-28 17:35:53,ETHUSDT,bid,2100,10991.538
2024-08-28 17:36:20,ETHUSDT,bid,2200,12385.817
2024-08-28 17:37:34,ETHUSDT,bid,2200,12385.511
2024-08-28 17:38:00,ETHUSDT,bid,2300,11001.93
2024-08-28 17:38:15,ETHUSDT,bid,1700,6057.292
2024-08-28 17:39:17,ETHUSDT,bid,1960,5204.502
2024-08-28 17:39:17,ETHUSDT,bid,2200,12385.501
2024-08-28 17:40:16,ETHUSDT,bid,2200,12385.438
2024-08-28 17:40:16,ETHUSDT,bid,2300,11001.867
2024-08-28 17:40:39,ETHUSDT,bid,2300,11001.851
2024-08-28 17:41:24,ETHUSDT,bid,2300,11000.822
2024-08-28 17:41:29,ETHUSDT,bid,2100,10991.528
2024-08-28 17:41:29,ETHUSDT,bid,2200,12385.428
2024-08-28 17:41:37,ETHUSDT,bid,2300,10996.435
2024-08-28 17:42:29,ETHUSDT,bid,2200,12384.228
2024-08-28 17:42:48,ETHUSDT,bid,2100,10991.551
2024-08-28 17:43:09,ETHUSDT,bid,2140,4703.829
2024-08-28 17:43:40,ETHUSDT,bid,2200,12384.25
2024-08-28 17:43:50,ETHUSDT,bid,2200,12384.205
2024-08-28 17:44:28,ETHUSDT,bid,2300,10996.456
2024-08-28 17:44:50,ETHUSDT,bid,2100,10991.566
2024-08-28 17:45:12,ETHUSDT,bid,2300,10996.718
2024-08-28 17:45:24,ETHUSDT,bid,2100,10992.066
2024-08-28 17:46:08,ETHUSDT,bid,2200,12384.215
2024-08-28 17:47:36,ETHUSDT,bid,2200,12384.144
2024-08-28 17:49:26,ETHUSDT,bid,2100,10991.866
2024-08-28 17:49:38,ETHUSDT,bid,2100,10991.666
2024-08-28 17:49:43,ETHUSDT,bid,2300,10996.734
2024-08-28 17:50:50,ETHUSDT,bid,2300,10997.734
2024-08-28 17:52:52,ETHUSDT,bid,2300,10997.43
2024-08-28 17:52:57,ETHUSDT,bid,2100,10991.703
2024-08-28 17:53:01,ETHUSDT,bid,2200,12383.519
2024-08-28 17:53:15,ETHUSDT,bid,2300,10997.42
2024-08-28 17:53:28,ETHUSDT,bid,2200,12383.537
2024-08-28 17:54:08,ETHUSDT,bid,2100,10961.703
2024-08-28 17:54:50,ETHUSDT,bid,2200,12383.55
2024-08-28 17:55:35,ETHUSDT,bid,2300,10997.535
2024-08-28 17:55:53,ETHUSDT,bid,2200,12383.662
2024-08-28 17:55:59,ETHUSDT,bid,2100,10961.821
2024-08-28 17:56:50,ETHUSDT,bid,2100,10961.488
2024-08-28 17:56:54,ETHUSDT,bid,2300,10997.231
2024-08-28 17:57:01,ETHUSDT,bid,2200,4568.758
2024-08-28 17:57:35,ETHUSDT,bid,2200,12383.344
2024-08-28 17:57:41,ETHUSDT,bid,2300,10997.21
2024-08-28 17:57:47,ETHUSDT,bid,2200,12383.322
2024-08-28 17:57:48,ETHUSDT,bid,2300,10996.776
2024-08-28 17:57:53,ETHUSDT,bid,2100,10961.465
2024-08-28 17:58:08,ETHUSDT,bid,1700,6057.263
2024-08-28 17:58:46,ETHUSDT,bid,2200,12383.385
2024-08-28 17:59:31,ETHUSDT,bid,1700,6057.163
2024-08-28 17:59:42,ETHUSDT,bid,2250,4473.602
2024-08-28 17:59:51,ETHUSDT,bid,1700,6057.228
2024-08-28 18:00:46,ETHUSDT,bid,2300,10996.683
2024-08-28 18:01:47,ETHUSDT,bid,2070,4819.031
2024-08-28 18:03:13,ETHUSDT,bid,2300,10996.726
2024-08-28 18:04:57,ETHUSDT,bid,2100,10952.968
2024-08-28 18:05:06,ETHUSDT,bid,2200,12383.403
2024-08-28 18:09:37,ETHUSDT,bid,2300,10996.659
2024-08-28 18:10:14,ETHUSDT,bid,2300,10996.697
2024-08-28 18:10:19,ETHUSDT,bid,2200,12383.433
2024-08-28 18:10:39,ETHUSDT,bid,2200,12383.523
2024-08-28 18:11:17,ETHUSDT,bid,2300,10996.48
2024-08-28 18:11:29,ETHUSDT,bid,2200,12383.432
2024-08-28 18:12:33,ETHUSDT,bid,2200,12388.853
2024-08-28 18:13:28,ETHUSDT,bid,2300,10994.48
2024-08-28 18:13:48,ETHUSDT,bid,2300,10994.333
2024-08-28 18:14:22,ETHUSDT,bid,2300,10994.379
2024-08-28 18:15:57,ETHUSDT,bid,2300,10998.726
2024-08-28 18:16:30,ETHUSDT,bid,2200,12387.221
2024-08-28 18:17:10,ETHUSDT,bid,2300,10998.616
2024-08-28 18:17:36,ETHUSDT,bid,2140,4703.851
2024-08-28 18:17:38,ETHUSDT,bid,2300,10998.466
2024-08-28 18:17:53,ETHUSDT,bid,2300,10998.431
2024-08-28 18:19:48,ETHUSDT,bid,2300,10994.084
2024-08-28 18:23:13,ETHUSDT,ask,2520,7954.141
2024-08-28 18:23:13,ETHUSDT,ask,2520,7964.652
2024-08-28 18:23:13,ETHUSDT,ask,2520,7979.263
2024-08-28 18:23:13,ETHUSDT,ask,2520,7976.763
2024-08-28 18:23:13,ETHUSDT,ask,2520,7954.328
2024-08-28 18:23:14,ETHUSDT,ask,2520,7954.328
2024-08-28 18:23:14,ETHUSDT,ask,2520,7954.448
2024-08-28 18:23:15,ETHUSDT,ask,2520,7954.668
2024-08-28 18:23:23,ETHUSDT,ask,2520,7954.328
2024-08-28 18:23:23,ETHUSDT,ask,2520,7974.328
2024-08-28 18:23:24,ETHUSDT,ask,2520,7954.328
2024-08-28 18:23:26,ETHUSDT,ask,2520,7964.053
2024-08-28 18:23:26,ETHUSDT,ask,2520,7954.328
2024-08-28 18:23:27,ETHUSDT,ask,2520,7966.187
2024-08-28 18:23:28,ETHUSDT,ask,2520,7966.187
2024-08-28 18:23:32,ETHUSDT,ask,2990,3453.424
2024-08-28 18:23:34,ETHUSDT,ask,2520,7977.699
2024-08-28 18:23:34,ETHUSDT,ask,2520,7965.84
2024-08-28 18:23:34,ETHUSDT,ask,2520,7967.745
2024-08-28 18:23:35,ETHUSDT,ask,2520,7956.233
2024-08-28 18:23:37,ETHUSDT,ask,2520,7957.222
2024-08-28 18:23:38,ETHUSDT,ask,2520,7956.233
2024-08-28 18:23:38,ETHUSDT,ask,2520,7954.033
2024-08-28 18:23:38,ETHUSDT,ask,2520,7939.696
2024-08-28 18:23:39,ETHUSDT,ask,2520,7954.306
2024-08-28 18:23:39,ETHUSDT,ask,2520,7957.16
2024-08-28 18:23:40,ETHUSDT,ask,2520,7954.306
2024-08-28 18:23:40,ETHUSDT,ask,2520,7966.165
2024-08-28 18:23:41,ETHUSDT,ask,2520,7954.306
2024-08-28 18:23:41,ETHUSDT,ask,2520,7954.777
2024-08-28 18:23:41,ETHUSDT,ask,2520,7959.411
2024-08-28 18:23:41,ETHUSDT,ask,2520,7959.411
2024-08-28 18:23:41,ETHUSDT,ask,2520,7956.557
2024-08-28 18:23:41,ETHUSDT,ask,2520,7954.777
2024-08-28 18:23:42,ETHUSDT,ask,2520,7954.306
2024-08-28 18:23:42,ETHUSDT,ask,2520,7954.274
2024-08-28 18:23:42,ETHUSDT,ask,2520,7940.496
2024-08-28 18:23:42,ETHUSDT,ask,2520,7939.696
2024-08-28 18:23:43,ETHUSDT,ask,2520,7941.675
2024-08-28 18:23:43,ETHUSDT,ask,2520,7939.696
2024-08-28 18:23:43,ETHUSDT,ask,2520,7940.685
2024-08-28 18:23:44,ETHUSDT,ask,2520,7954.927
2024-08-28 18:23:44,ETHUSDT,ask,2520,7957.781
2024-08-28 18:23:45,ETHUSDT,ask,2520,7956.792
2024-08-28 18:23:45,ETHUSDT,ask,2520,7953.938
2024-08-28 18:23:45,ETHUSDT,ask,2520,7956.792
2024-08-28 18:23:45,ETHUSDT,ask,2520,7972.604
2024-08-28 18:23:45,ETHUSDT,ask,2520,7969.75
2024-08-28 18:23:46,ETHUSDT,ask,2520,7980.822
2024-08-28 18:23:46,ETHUSDT,ask,2520,7969.87
2024-08-28 18:23:46,ETHUSDT,ask,2520,7969.99
2024-08-28 18:23:47,ETHUSDT,ask,2520,7981.061
2024-08-28 18:23:47,ETHUSDT,ask,2520,7965.249
2024-08-28 18:23:48,ETHUSDT,ask,2520,7965.009
2024-08-28 18:23:50,ETHUSDT,ask,2520,7953.988
2024-08-28 18:23:50,ETHUSDT,ask,2520,7953.938
2024-08-28 18:23:50,ETHUSDT,ask,2520,7939.696
2024-08-28 18:23:51,ETHUSDT,ask,2520,7954.024
2024-08-28 18:23:56,ETHUSDT,ask,2520,7954.024
2024-08-28 18:23:56,ETHUSDT,ask,2520,7939.696
2024-08-28 18:24:00,ETHUSDT,ask,2520,7953.773
2024-08-28 18:24:00,ETHUSDT,ask,2520,7958.882
2024-08-28 18:24:00,ETHUSDT,ask,2520,7959.002
2024-08-28 18:24:01,ETHUSDT,ask,2520,7959.568
2024-08-28 18:24:02,ETHUSDT,ask,2520,7953.893
2024-08-28 18:24:02,ETHUSDT,ask,2520,7953.773
2024-08-28 18:24:03,ETHUSDT,ask,2520,7939.696
2024-08-28 18:24:03,ETHUSDT,ask,2520,7940.047
2024-08-28 18:24:04,ETHUSDT,ask,2520,7940.538
2024-08-28 18:24:04,ETHUSDT,ask,2520,7940.187
2024-08-28 18:24:04,ETHUSDT,ask,2520,7940.587
2024-08-28 18:33:04,ETHUSDT,ask,2520,4649.308
2024-08-28 18:33:04,ETHUSDT,ask,2520,4656.453
2024-08-28 18:33:04,ETHUSDT,ask,2520,4649.357
2024-08-28 18:33:04,ETHUSDT,ask,2520,4647.035
2024-08-28 18:33:04,ETHUSDT,ask,2520,4647.235
2024-08-28 18:33:04,ETHUSDT,ask,2520,4647.035
2024-08-28 18:33:05,ETHUSDT,ask,2520,4652.971
2024-08-28 18:33:06,ETHUSDT,ask,2520,4654.98
2024-08-28 18:33:07,ETHUSDT,ask,2520,4652.971
2024-08-28 18:33:09,ETHUSDT,ask,2520,4654.98
2024-08-28 18:33:09,ETHUSDT,ask,2520,4649.044
2024-08-28 18:33:09,ETHUSDT,ask,2520,4658.996
2024-08-28 18:33:10,ETHUSDT,ask,2520,4656.987
2024-08-28 18:33:10,ETHUSDT,ask,2520,4652.47
2024-08-28 18:33:10,ETHUSDT,ask,2520,4640.935
2024-08-28 18:33:50,ETHUSDT,bid,1700,6057.278
2024-08-28 18:37:47,ETHUSDT,bid,2140,4702.872
2024-08-28 18:46:01,ETHUSDT,bid,2140,4702.823
2024-08-28 18:48:00,ETHUSDT,bid,2140,4702.846
2024-08-28 18:48:12,ETHUSDT,bid,2100,10962.599
2024-08-28 18:48:23,ETHUSDT,bid,2200,12377.925
2024-08-28 18:48:34,ETHUSDT,bid,2300,10989.23
2024-08-28 18:48:36,ETHUSDT,bid,2300,10989.251
2024-08-28 18:48:47,ETHUSDT,bid,2400,11346.012
2024-08-28 18:48:59,ETHUSDT,bid,2400,11346.032
2024-08-28 18:49:15,ETHUSDT,bid,2300,10989.598
2024-08-28 18:49:25,ETHUSDT,bid,2300,10989.511
2024-08-28 18:49:25,ETHUSDT,bid,2100,10962.552
2024-08-28 18:49:25,ETHUSDT,bid,2000,10927.851
2024-08-28 18:49:42,ETHUSDT,bid,2300,10989.676
2024-08-28 18:49:55,ETHUSDT,bid,2300,10989.208
2024-08-28 18:50:03,ETHUSDT,bid,2400,11346.136
2024-08-28 18:51:48,ETHUSDT,bid,2000,10927.861
2024-08-28 18:51:48,ETHUSDT,bid,2100,10962.562
2024-08-28 18:51:48,ETHUSDT,bid,2200,12377.935
2024-08-28 18:51:48,ETHUSDT,bid,2300,10989.218
2024-08-28 18:51:48,ETHUSDT,bid,2400,11346.146
2024-08-28 18:52:02,ETHUSDT,bid,2300,10989.207
2024-08-28 18:52:28,ETHUSDT,bid,2300,10989.197
2024-08-28 18:52:47,ETHUSDT,bid,2000,10927.871
2024-08-28 18:52:48,ETHUSDT,bid,2300,10986.667
2024-08-28 18:52:48,ETHUSDT,bid,2400,11346.237
2024-08-28 18:53:37,ETHUSDT,bid,2400,11344.237
2024-08-28 18:53:44,ETHUSDT,bid,2200,12375.663
2024-08-28 18:53:52,ETHUSDT,bid,2300,10986.742
2024-08-28 18:54:12,ETHUSDT,bid,2400,11345.237
2024-08-28 18:54:26,ETHUSDT,bid,2400,11344.947
2024-08-28 18:54:39,ETHUSDT,bid,2400,11341.614
2024-08-28 18:54:46,ETHUSDT,bid,2400,11340.879
2024-08-28 18:55:10,ETHUSDT,bid,2000,10927.861
2024-08-28 18:55:13,ETHUSDT,bid,2400,11340.888
2024-08-28 18:55:14,ETHUSDT,bid,2400,11337.888
2024-08-28 18:56:06,ETHUSDT,bid,2300,10986.94
2024-08-28 18:56:42,ETHUSDT,bid,2300,10986.951
2024-08-28 18:58:16,ETHUSDT,bid,2290,4446.744
2024-08-28 18:58:23,ETHUSDT,bid,2400,11338.228
2024-08-28 18:58:50,ETHUSDT,bid,2200,12376.437
2024-08-28 18:58:56,ETHUSDT,bid,2400,11338.418
2024-08-28 18:59:08,ETHUSDT,bid,2400,11339.418
2024-08-28 19:00:16,ETHUSDT,bid,2000,10927.562
2024-08-28 19:00:28,ETHUSDT,bid,2300,10986.79
2024-08-28 19:00:48,ETHUSDT,bid,2400,11339.48
2024-08-28 19:01:27,ETHUSDT,bid,2400,11339.506
2024-08-28 19:01:32,ETHUSDT,bid,2200,12376.134
2024-08-28 19:01:32,ETHUSDT,bid,2300,10986.5
2024-08-28 19:01:32,ETHUSDT,bid,2400,11339.228
2024-08-28 19:01:48,ETHUSDT,bid,2400,11338.812
2024-08-28 19:02:46,ETHUSDT,bid,2400,11338.908
2024-08-28 19:02:55,ETHUSDT,bid,2400,11338.299
2024-08-28 19:03:50,ETHUSDT,bid,2300,10986.489
2024-08-28 19:04:28,ETHUSDT,bid,2400,11338.715
2024-08-28 19:04:37,ETHUSDT,bid,2200,12376.271
2024-08-28 19:04:40,ETHUSDT,bid,2200,12376.248
2024-08-28 19:04:56,ETHUSDT,bid,2300,10985.945
2024-08-28 19:05:02,ETHUSDT,bid,2000,10947.812
2024-08-28 19:05:53,ETHUSDT,bid,2200,12376.553
2024-08-28 19:05:53,ETHUSDT,bid,2300,10986.237
2024-08-28 19:05:53,ETHUSDT,bid,2400,11338.994
2024-08-28 19:06:01,ETHUSDT,bid,2400,11336.88
2024-08-28 19:06:27,ETHUSDT,bid,2400,11336.889
2024-08-28 19:06:34,ETHUSDT,bid,2200,12376.582
2024-08-28 19:06:48,ETHUSDT,bid,2400,11337.722
2024-08-28 19:06:55,ETHUSDT,bid,2400,11337.611
2024-08-28 19:08:04,ETHUSDT,bid,2400,11337.819
2024-08-28 19:08:06,ETHUSDT,bid,2200,12376.482
2024-08-28 19:08:06,ETHUSDT,bid,2400,11337.719
2024-08-28 19:08:49,ETHUSDT,bid,2300,10986.255
2024-08-28 19:09:01,ETHUSDT,bid,2000,10947.83
2024-08-28 19:09:04,ETHUSDT,bid,2300,10985.255
2024-08-28 19:09:06,ETHUSDT,bid,2400,11337.819
2024-08-28 19:09:12,ETHUSDT,bid,2200,12378.982
2024-08-28 19:10:08,ETHUSDT,bid,2200,12378.966
2024-08-28 19:10:11,ETHUSDT,bid,2200,12378.95
2024-08-28 19:10:29,ETHUSDT,bid,2400,11337.919
2024-08-28 19:10:35,ETHUSDT,bid,2000,10947.812
2024-08-28 19:10:37,ETHUSDT,bid,2300,10985.237
2024-08-28 19:11:34,ETHUSDT,bid,2400,11336.899
2024-08-28 19:12:54,ETHUSDT,bid,1960,5204.714
2024-08-28 19:12:54,ETHUSDT,bid,2000,10948.024
2024-08-28 19:12:54,ETHUSDT,bid,2100,10962.774
2024-08-28 19:12:54,ETHUSDT,bid,2140,4703.058
2024-08-28 19:12:54,ETHUSDT,bid,2200,12379.162
2024-08-28 19:12:54,ETHUSDT,bid,2300,10985.449
2024-08-28 19:12:54,ETHUSDT,bid,2400,11337.111
2024-08-28 19:13:19,ETHUSDT,bid,2400,11337.194
2024-08-28 19:13:20,ETHUSDT,bid,2400,11332.194
2024-08-28 19:13:37,ETHUSDT,bid,1700,6057.129
2024-08-28 19:13:37,ETHUSDT,bid,2000,10947.898
2024-08-28 19:13:37,ETHUSDT,bid,2100,10962.654
2024-08-28 19:13:37,ETHUSDT,bid,2200,12379.047
2024-08-28 19:13:37,ETHUSDT,bid,2300,10985.339
2024-08-28 19:13:37,ETHUSDT,bid,2400,11332.089
2024-08-28 19:13:47,ETHUSDT,bid,2300,10985.358
2024-08-28 19:14:05,ETHUSDT,bid,2300,10985.395
2024-08-28 19:14:06,ETHUSDT,bid,2400,11336.051
2024-08-28 19:14:13,ETHUSDT,bid,2300,10985.397
2024-08-28 19:14:24,ETHUSDT,bid,2300,10985.137
2024-08-28 19:14:32,ETHUSDT,bid,2400,11335.597
2024-08-28 19:14:54,ETHUSDT,bid,2300,10983.833
2024-08-28 19:14:59,ETHUSDT,bid,2400,11335.542
2024-08-28 19:15:23,ETHUSDT,bid,2400,11335.459
2024-08-28 19:15:37,ETHUSDT,bid,2200,12380.047
2024-08-28 19:16:11,ETHUSDT,bid,2400,11334.665
2024-08-28 19:16:19,ETHUSDT,bid,2100,10963.13
2024-08-28 19:16:25,ETHUSDT,bid,2000,10947.888
2024-08-28 19:16:25,ETHUSDT,bid,2300,10983.823
2024-08-28 19:16:25,ETHUSDT,ask,2990,3453.414
2024-08-28 19:16:36,ETHUSDT,bid,2000,10946.962
2024-08-28 19:16:50,ETHUSDT,bid,2400,11334.773
2024-08-28 19:17:35,ETHUSDT,bid,2400,11334.622
2024-08-28 19:18:27,ETHUSDT,bid,2300,10986.277
2024-08-28 19:18:55,ETHUSDT,bid,2400,11334.141
2024-08-28 19:19:30,ETHUSDT,bid,2100,10963.324
2024-08-28 19:19:30,ETHUSDT,bid,2200,12380.232
2024-08-28 19:19:30,ETHUSDT,bid,2300,10986.454
2024-08-28 19:19:30,ETHUSDT,bid,2400,11334.311
2024-08-28 19:19:46,ETHUSDT,bid,2300,10986.463
2024-08-28 19:20:50,ETHUSDT,bid,2400,11334.353
2024-08-28 19:21:00,ETHUSDT,bid,2400,11358.353
2024-08-28 19:21:41,ETHUSDT,bid,2400,11334.353
2024-08-28 19:21:45,ETHUSDT,bid,2200,12380.242
2024-08-28 19:22:07,ETHUSDT,bid,2000,10946.972
2024-08-28 19:22:22,ETHUSDT,bid,2100,10963.13
2024-08-28 19:22:22,ETHUSDT,bid,2200,12380.057
2024-08-28 19:22:22,ETHUSDT,bid,2300,10986.286
2024-08-28 19:22:22,ETHUSDT,bid,2400,11334.183
2024-08-28 19:22:26,ETHUSDT,bid,2400,11334.192
2024-08-28 19:23:00,ETHUSDT,bid,2400,11334.562
2024-08-28 19:23:30,ETHUSDT,bid,2300,10986.686
2024-08-28 19:23:37,ETHUSDT,bid,2400,11334.466
2024-08-28 19:24:06,ETHUSDT,bid,2400,11335.091
2024-08-28 19:24:20,ETHUSDT,bid,2400,11335.109
2024-08-28 19:24:20,ETHUSDT,bid,2300,11010.686
2024-08-28 19:24:47,ETHUSDT,bid,2300,11010.696
2024-08-28 19:24:52,ETHUSDT,bid,2400,11335.091
2024-08-28 19:24:59,ETHUSDT,bid,2300,10986.696
2024-08-28 19:25:04,ETHUSDT,bid,2300,10986.586
2024-08-28 19:25:12,ETHUSDT,bid,1950,5352.8
2024-08-28 19:25:31,ETHUSDT,bid,2400,11334.791
2024-08-28 19:25:46,ETHUSDT,bid,2400,11334.765
2024-08-28 19:26:55,ETHUSDT,bid,2400,11330.803
2024-08-28 19:27:25,ETHUSDT,bid,2100,10917.678
2024-08-28 19:27:39,ETHUSDT,bid,2200,12379.809
2024-08-28 19:27:42,ETHUSDT,bid,2000,10946.473
2024-08-28 19:28:03,ETHUSDT,bid,2300,10987.811
2024-08-28 19:28:19,ETHUSDT,bid,2400,11331.034
2024-08-28 19:28:55,ETHUSDT,bid,2400,11331.082
2024-08-28 19:29:01,ETHUSDT,bid,2400,11331.157
2024-08-28 19:29:07,ETHUSDT,bid,2400,11331.185
2024-08-28 19:29:23,ETHUSDT,bid,2400,11332.72
2024-08-28 19:29:27,ETHUSDT,bid,2400,11332.729
2024-08-28 19:29:37,ETHUSDT,bid,2300,10987.773
2024-08-28 19:29:41,ETHUSDT,bid,2300,10988.773
2024-08-28 19:30:32,ETHUSDT,bid,2200,12379.778
2024-08-28 19:30:32,ETHUSDT,bid,2400,11332.646
2024-08-28 19:31:02,ETHUSDT,bid,2300,10986.773
2024-08-28 19:31:02,ETHUSDT,bid,2400,11334.646
2024-08-28 19:32:26,ETHUSDT,bid,2400,11333.787
2024-08-28 19:32:29,ETHUSDT,bid,2300,10986.796
2024-08-28 19:32:35,ETHUSDT,bid,2400,11333.718
2024-08-28 19:33:04,ETHUSDT,bid,2400,11333.528
2024-08-28 19:33:49,ETHUSDT,bid,2200,12379.823
2024-08-28 19:34:28,ETHUSDT,bid,2300,10986.74
2024-08-28 19:34:45,ETHUSDT,bid,2400,11333.467
2024-08-28 19:35:29,ETHUSDT,bid,2400,11333.657
2024-08-28 19:35:45,ETHUSDT,bid,2400,11232.596
2024-08-28 19:36:11,ETHUSDT,bid,2400,11232.542
2024-08-28 19:36:20,ETHUSDT,bid,2400,11232.551
2024-08-28 19:36:29,ETHUSDT,bid,2000,10946.458
2024-08-28 19:37:39,ETHUSDT,bid,2300,10986.792
2024-08-28 19:38:05,ETHUSDT,bid,2000,10945.358
2024-08-28 19:38:59,ETHUSDT,bid,2400,11232.385
2024-08-28 19:39:14,ETHUSDT,bid,2400,11229.385
2024-08-28 19:40:16,ETHUSDT,bid,2400,11229.635
2024-08-28 19:40:40,ETHUSDT,bid,2400,11229.591
2024-08-28 19:40:49,ETHUSDT,bid,2300,10985.567
2024-08-28 19:41:53,ETHUSDT,bid,2400,11229.641
2024-08-28 19:41:57,ETHUSDT,bid,2400,11229.703
2024-08-28 19:42:34,ETHUSDT,bid,2400,11229.683
2024-08-28 19:43:17,ETHUSDT,bid,2400,11229.655
2024-08-28 19:43:29,ETHUSDT,bid,2400,11229.955
2024-08-28 19:43:31,ETHUSDT,bid,2200,12379.743
2024-08-28 19:43:46,ETHUSDT,bid,2400,11224.955
2024-08-28 19:44:00,ETHUSDT,bid,2300,10985.583
2024-08-28 19:44:21,ETHUSDT,bid,2100,10917.619
2024-08-28 19:44:53,ETHUSDT,bid,2100,10917.269
2024-08-28 19:44:53,ETHUSDT,bid,2200,12379.393
2024-08-28 19:44:53,ETHUSDT,bid,2300,10985.233
2024-08-28 19:44:53,ETHUSDT,bid,2400,11224.605
2024-08-28 19:45:38,ETHUSDT,bid,2100,10917.067
2024-08-28 19:45:59,ETHUSDT,bid,2200,12379.325
2024-08-28 19:46:18,ETHUSDT,bid,2300,10987.406
2024-08-28 19:46:38,ETHUSDT,bid,2140,4703.036
2024-08-28 19:46:38,ETHUSDT,ask,2990,3453.398
2024-08-28 19:48:51,ETHUSDT,bid,2250,4474.102
2024-08-28 19:48:54,ETHUSDT,bid,2300,11004.797
2024-08-28 19:49:07,ETHUSDT,bid,2400,11225.063
2024-08-28 19:49:17,ETHUSDT,bid,2400,11224.824
2024-08-28 19:49:57,ETHUSDT,bid,2400,11224.749
2024-08-28 19:50:03,ETHUSDT,bid,2000,10945.209
2024-08-28 19:50:19,ETHUSDT,bid,2400,11225.089
2024-08-28 19:50:20,ETHUSDT,bid,2400,11226.269
2024-08-28 19:50:22,ETHUSDT,bid,2400,11227.551
2024-08-28 19:50:36,ETHUSDT,bid,2400,11227.523
2024-08-28 19:50:52,ETHUSDT,bid,2400,11227.073
2024-08-28 19:51:30,ETHUSDT,bid,2400,11227.172
2024-08-28 19:52:06,ETHUSDT,bid,2400,11227.192
2024-08-28 19:52:17,ETHUSDT,bid,2400,11227.084
2024-08-28 19:52:39,ETHUSDT,bid,2100,10921.352
2024-08-28 19:52:42,ETHUSDT,bid,2400,11227.128
2024-08-28 19:53:04,ETHUSDT,bid,2300,11004.599
2024-08-28 19:53:27,ETHUSDT,bid,2400,11257.128
2024-08-28 19:53:30,ETHUSDT,bid,2300,11004.612
2024-08-28 19:53:50,ETHUSDT,bid,2400,11256.708
2024-08-28 19:53:54,ETHUSDT,bid,2200,12378.898
2024-08-28 19:54:59,ETHUSDT,bid,2200,12390.898
2024-08-28 19:55:05,ETHUSDT,bid,2300,11004.596
2024-08-28 19:55:09,ETHUSDT,bid,2000,10945.195
2024-08-28 19:55:19,ETHUSDT,bid,2400,11256.608
2024-08-28 19:55:50,ETHUSDT,bid,2300,11003.667
2024-08-28 19:55:51,ETHUSDT,bid,2100,10921.416
2024-08-28 19:56:23,ETHUSDT,bid,2400,11256.567
2024-08-28 19:56:32,ETHUSDT,bid,2200,12388.626
2024-08-28 19:57:05,ETHUSDT,bid,2400,11256.733
2024-08-28 19:57:35,ETHUSDT,bid,2400,11256.791
2024-08-28 19:57:54,ETHUSDT,bid,2300,11003.676
2024-08-28 19:59:24,ETHUSDT,bid,2400,11226.791
2024-08-28 19:59:36,ETHUSDT,bid,2400,11226.891
2024-08-28 19:59:58,ETHUSDT,bid,2100,10931.416
2024-08-28 20:00:03,ETHUSDT,bid,2300,11003.763
2024-08-28 20:00:13,ETHUSDT,bid,2200,12400.848
2024-08-28 20:00:16,ETHUSDT,bid,2200,12410.848
2024-08-28 20:00:45,ETHUSDT,bid,2400,11226.551
2024-08-28 20:00:47,ETHUSDT,bid,2400,11236.551
2024-08-28 20:00:50,ETHUSDT,bid,2200,12410.899
2024-08-28 20:01:23,ETHUSDT,bid,2100,10921.416
2024-08-28 20:01:23,ETHUSDT,bid,2200,12400.899
2024-08-28 20:01:23,ETHUSDT,bid,2400,11226.551
2024-08-28 20:01:39,ETHUSDT,bid,2300,11008.763
2024-08-28 20:01:43,ETHUSDT,bid,2400,11228.216
2024-08-28 20:03:22,ETHUSDT,bid,2400,11228.316
2024-08-28 20:03:37,ETHUSDT,bid,2200,12400.915
2024-08-28 20:03:37,ETHUSDT,bid,2300,11008.778
2024-08-28 20:03:37,ETHUSDT,bid,2400,11228.331
2024-08-28 20:03:38,ETHUSDT,bid,2400,11228.431
2024-08-28 20:03:55,ETHUSDT,bid,2400,11228.422
2024-08-28 20:04:15,ETHUSDT,bid,2100,10920.94
2024-08-28 20:06:15,ETHUSDT,bid,2400,11230.389
2024-08-28 20:06:21,ETHUSDT,bid,2300,11008.769
2024-08-28 20:06:44,ETHUSDT,bid,2300,11008.704
2024-08-28 20:06:49,ETHUSDT,bid,2400,11230.597
2024-08-28 20:06:58,ETHUSDT,bid,2300,11008.921
2024-08-28 20:07:07,ETHUSDT,bid,2200,12401.142
2024-08-28 20:07:16,ETHUSDT,bid,2100,10921.178
2024-08-28 20:07:31,ETHUSDT,bid,2200,12404.328
2024-08-28 20:07:39,ETHUSDT,bid,2400,11229.976
2024-08-28 20:07:59,ETHUSDT,bid,2400,11229.992
2024-08-28 20:08:05,ETHUSDT,bid,2400,11230.837
2024-08-28 20:08:06,ETHUSDT,bid,2400,11231.337
2024-08-28 20:08:21,ETHUSDT,bid,2000,10945.015
2024-08-28 20:08:30,ETHUSDT,bid,2400,11231.293
2024-08-28 20:08:37,ETHUSDT,bid,2200,12404.277
2024-08-28 20:08:56,ETHUSDT,bid,2400,11231.143
2024-08-28 20:08:57,ETHUSDT,bid,2400,11230.31
2024-08-28 20:10:48,ETHUSDT,bid,2300,11009.921
2024-08-28 20:11:01,ETHUSDT,bid,2400,11230.279
2024-08-28 20:11:05,ETHUSDT,bid,2300,11013.403
2024-08-28 20:11:09,ETHUSDT,bid,2300,11009.921
2024-08-28 20:11:46,ETHUSDT,bid,2400,11230.238
2024-08-28 20:12:17,ETHUSDT,bid,2400,11230.268
2024-08-28 20:12:25,ETHUSDT,bid,2400,11230.336
2024-08-28 20:12:33,ETHUSDT,bid,2400,11230.17
2024-08-28 20:12:56,ETHUSDT,bid,2400,11230.179
2024-08-28 20:13:25,ETHUSDT,bid,2300,11009.952
2024-08-28 20:13:34,ETHUSDT,bid,2400,11228.212
2024-08-28 20:13:49,ETHUSDT,bid,2400,11228.282
2024-08-28 20:14:08,ETHUSDT,bid,2400,11228.334
2024-08-28 20:14:16,ETHUSDT,bid,2000,10945.115
2024-08-28 20:14:49,ETHUSDT,bid,2400,11228.434
2024-08-28 20:14:51,ETHUSDT,bid,2200,12404.289
2024-08-28 20:15:02,ETHUSDT,bid,2000,10945.015
2024-08-28 20:15:48,ETHUSDT,bid,2000,10945.115
2024-08-28 20:15:54,ETHUSDT,bid,2400,11228.41
2024-08-28 20:16:05,ETHUSDT,bid,2400,11228.576
2024-08-28 20:16:26,ETHUSDT,bid,2400,11228.508
2024-08-28 20:16:38,ETHUSDT,bid,2000,10945.015
