2024-08-31 07:03:41,BTCUSDT,bid,55800,770.228
2024-08-31 07:21:33,BTCUSDT,bid,55800,770.291
2024-08-31 07:23:58,BTCUSDT,bid,55800,770.228
2024-08-31 07:32:21,BTCUSDT,bid,47000,879.106
2024-08-31 07:33:23,BTCUSDT,bid,55800,770.25
2024-08-31 07:50:02,BTCUSDT,bid,55800,770.243
2024-08-31 07:58:10,BTCUSDT,bid,55800,770.21
2024-08-31 07:59:35,BTCUSDT,bid,55800,769.71
2024-08-31 08:06:58,BTCUSDT,bid,47000,880.106
2024-08-31 08:07:40,BTCUSDT,bid,47000,880.109
2024-08-31 08:18:31,BTCUSDT,bid,55800,769.727
2024-08-31 08:23:43,BTCUSDT,bid,47000,880.035
2024-08-31 08:36:09,BTCUSDT,bid,55800,769.682
2024-08-31 08:36:12,BTCUSDT,bid,55800,769.687
2024-08-31 08:47:01,BTCUSDT,bid,47000,880.1
2024-08-31 08:47:45,BTCUSDT,bid,47000,880.035
2024-08-31 08:53:50,BTCUSDT,bid,55800,769.733
2024-08-31 09:09:23,BTCUSDT,bid,55800,769.671
2024-08-31 09:12:47,BTCUSDT,bid,55800,769.684
2024-08-31 09:15:07,BTCUSDT,bid,55800,769.638
2024-08-31 09:19:00,BTCUSDT,bid,47300,808.044
2024-08-31 09:19:00,BTCUSDT,bid,47300,808.04
2024-08-31 09:41:26,BTCUSDT,bid,47300,808.044
2024-08-31 09:41:26,BTCUSDT,bid,47300,808.04
2024-08-31 09:41:28,BTCUSDT,bid,47300,808.04
2024-08-31 09:41:28,BTCUSDT,bid,47300,808.04
2024-08-31 09:41:29,BTCUSDT,bid,47300,808.04
2024-08-31 09:41:29,BTCUSDT,bid,47300,808.04
2024-08-31 09:41:30,BTCUSDT,bid,47300,808.044
2024-08-31 09:41:31,BTCUSDT,bid,47300,808.04
2024-08-31 09:41:31,BTCUSDT,bid,47300,808.044
2024-08-31 09:41:31,BTCUSDT,bid,47300,808.04
2024-08-31 09:41:31,BTCUSDT,bid,47300,808.044
2024-08-31 09:41:32,BTCUSDT,bid,47300,808.04
2024-08-31 09:42:06,BTCUSDT,bid,55800,769.538
2024-08-31 10:06:38,BTCUSDT,bid,55800,769.53
2024-08-31 10:10:27,BTCUSDT,bid,47000,880.038
2024-08-31 10:28:41,BTCUSDT,bid,47000,880.138
2024-08-31 10:31:26,BTCUSDT,bid,55800,769.423
2024-08-31 10:34:15,BTCUSDT,bid,55800,769.41
2024-08-31 10:35:02,BTCUSDT,bid,55800,769.415
2024-08-31 10:49:12,BTCUSDT,bid,55800,769.29
2024-08-31 12:15:39,BTCUSDT,bid,55800,769.369
2024-08-31 12:24:44,BTCUSDT,bid,55800,769.365
2024-08-31 12:32:35,BTCUSDT,bid,55800,769.348
2024-08-31 12:32:56,BTCUSDT,bid,55800,769.326
2024-08-31 13:03:24,BTCUSDT,bid,55800,769.342
2024-08-31 13:10:40,BTCUSDT,bid,55800,771.342
2024-08-31 13:12:58,BTCUSDT,bid,47300,809.54
2024-08-31 13:13:46,BTCUSDT,bid,47300,808.04
2024-08-31 13:17:31,BTCUSDT,bid,47000,882.138
2024-08-31 13:24:31,BTCUSDT,bid,55800,771.335
2024-08-31 13:29:45,BTCUSDT,bid,47000,882.308
2024-08-31 13:30:03,BTCUSDT,bid,47000,882.627
2024-08-31 13:33:10,BTCUSDT,bid,55800,771.345
2024-08-31 13:49:04,BTCUSDT,bid,55800,771.845
2024-08-31 13:53:50,BTCUSDT,bid,47000,882.611
2024-08-31 13:54:46,BTCUSDT,bid,55800,771.835
2024-08-31 13:58:47,BTCUSDT,bid,47300,808.043
2024-08-31 13:58:47,BTCUSDT,bid,47300,808.04
2024-08-31 13:58:48,BTCUSDT,bid,47300,808.04
2024-08-31 13:58:48,BTCUSDT,bid,47300,808.04
2024-08-31 13:58:48,BTCUSDT,bid,47300,808.04
2024-08-31 13:58:48,BTCUSDT,bid,47300,808.04
2024-08-31 13:58:48,BTCUSDT,bid,47300,808.04
2024-08-31 13:58:48,BTCUSDT,bid,47300,808.04
2024-08-31 13:58:49,BTCUSDT,bid,47300,808.04
2024-08-31 13:58:49,BTCUSDT,bid,47300,808.04
2024-08-31 13:58:49,BTCUSDT,bid,47300,808.04
2024-08-31 13:58:49,BTCUSDT,bid,47300,808.04
2024-08-31 13:58:49,BTCUSDT,bid,47300,808.04
2024-08-31 13:58:49,BTCUSDT,bid,47300,808.04
2024-08-31 13:58:49,BTCUSDT,bid,47300,808.04
2024-08-31 13:58:50,BTCUSDT,bid,47300,808.043
2024-08-31 13:58:50,BTCUSDT,bid,47300,808.04
2024-08-31 13:58:50,BTCUSDT,bid,47300,808.043
2024-08-31 13:58:50,BTCUSDT,bid,47300,808.04
2024-08-31 13:58:51,BTCUSDT,bid,47300,808.04
2024-08-31 13:58:51,BTCUSDT,bid,47300,808.043
2024-08-31 13:58:51,BTCUSDT,bid,47300,808.04
2024-08-31 13:58:51,BTCUSDT,bid,47300,808.04
2024-08-31 13:58:51,BTCUSDT,bid,47300,808.04
2024-08-31 13:58:51,BTCUSDT,bid,47300,808.04
2024-08-31 13:58:51,BTCUSDT,bid,47300,808.04
2024-08-31 13:58:52,BTCUSDT,bid,47300,808.04
2024-08-31 13:58:52,BTCUSDT,bid,47300,808.04
2024-08-31 13:58:52,BTCUSDT,bid,47300,808.043
2024-08-31 13:58:52,BTCUSDT,bid,47300,808.043
2024-08-31 13:58:52,BTCUSDT,bid,47300,808.04
2024-08-31 13:58:53,BTCUSDT,bid,47300,808.043
2024-08-31 13:58:53,BTCUSDT,bid,47300,808.04
2024-08-31 13:58:53,BTCUSDT,bid,47300,808.04
2024-08-31 13:58:53,BTCUSDT,bid,47300,808.04
2024-08-31 13:58:53,BTCUSDT,bid,47300,808.04
2024-08-31 13:58:53,BTCUSDT,bid,47300,808.043
2024-08-31 13:58:54,BTCUSDT,bid,47300,808.04
2024-08-31 13:58:54,BTCUSDT,bid,47300,808.04
2024-08-31 13:58:54,BTCUSDT,bid,47300,808.04
2024-08-31 13:58:54,BTCUSDT,bid,47300,808.04
2024-08-31 13:58:54,BTCUSDT,bid,47300,808.04
2024-08-31 13:58:54,BTCUSDT,bid,47300,808.043
2024-08-31 13:58:54,BTCUSDT,bid,47300,808.04
2024-08-31 13:58:54,BTCUSDT,bid,47300,808.043
2024-08-31 13:58:54,BTCUSDT,bid,47300,808.04
2024-08-31 13:58:55,BTCUSDT,bid,47300,808.04
2024-08-31 13:58:55,BTCUSDT,bid,47300,808.04
2024-08-31 13:58:55,BTCUSDT,bid,47300,808.04
2024-08-31 13:58:55,BTCUSDT,bid,47300,808.043
2024-08-31 13:58:55,BTCUSDT,bid,47300,808.04
2024-08-31 13:58:55,BTCUSDT,bid,47300,808.04
2024-08-31 13:58:56,BTCUSDT,bid,47300,808.04
2024-08-31 13:58:56,BTCUSDT,bid,47300,808.043
2024-08-31 13:58:56,BTCUSDT,bid,47300,808.04
2024-08-31 13:58:56,BTCUSDT,bid,47300,808.043
2024-08-31 13:58:56,BTCUSDT,bid,47300,808.04
2024-08-31 13:58:56,BTCUSDT,bid,47300,808.04
2024-08-31 13:58:56,BTCUSDT,bid,47300,808.04
2024-08-31 13:58:57,BTCUSDT,bid,47300,808.04
2024-08-31 13:58:57,BTCUSDT,bid,47300,808.04
2024-08-31 13:58:57,BTCUSDT,bid,47300,808.04
2024-08-31 13:58:58,BTCUSDT,bid,47300,808.04
2024-08-31 13:58:58,BTCUSDT,bid,47300,808.043
2024-08-31 13:58:58,BTCUSDT,bid,47300,808.04
2024-08-31 13:58:58,BTCUSDT,bid,47300,808.04
2024-08-31 13:58:58,BTCUSDT,bid,47300,808.04
2024-08-31 13:58:58,BTCUSDT,bid,47300,808.04
2024-08-31 13:58:59,BTCUSDT,bid,47300,808.04
2024-08-31 13:58:59,BTCUSDT,bid,47300,808.04
2024-08-31 13:58:59,BTCUSDT,bid,47300,808.04
2024-08-31 13:58:59,BTCUSDT,bid,47300,808.04
2024-08-31 14:00:59,BTCUSDT,bid,55800,771.846
2024-08-31 14:07:34,BTCUSDT,bid,55800,771.844
2024-08-31 14:12:16,BTCUSDT,bid,55800,771.344
2024-08-31 14:12:52,BTCUSDT,bid,47000,882.608
2024-08-31 14:12:53,BTCUSDT,bid,47000,882.611
2024-08-31 14:23:05,BTCUSDT,bid,55800,771.347
2024-08-31 14:23:31,BTCUSDT,bid,55800,771.345
2024-08-31 14:48:55,BTCUSDT,bid,55800,771.339
2024-08-31 14:50:12,BTCUSDT,bid,47300,808.04
2024-08-31 14:50:12,BTCUSDT,bid,47300,808.04
2024-08-31 14:58:52,BTCUSDT,bid,55800,771.301
2024-08-31 15:11:18,BTCUSDT,bid,55800,771.285
2024-08-31 15:28:52,BTCUSDT,bid,55800,772.547
2024-08-31 15:29:04,BTCUSDT,bid,55800,771.285
2024-08-31 15:33:03,BTCUSDT,bid,55800,771.278
2024-08-31 15:44:47,BTCUSDT,bid,47000,882.608
2024-08-31 15:54:05,BTCUSDT,bid,47000,882.502
2024-08-31 15:55:17,BTCUSDT,bid,47000,882.499
2024-08-31 16:04:06,BTCUSDT,bid,55800,771.378
2024-08-31 16:04:12,BTCUSDT,bid,55800,771.371
2024-08-31 16:08:53,BTCUSDT,bid,47000,882.399
2024-08-31 16:09:44,BTCUSDT,bid,55800,771.388
2024-08-31 16:19:37,BTCUSDT,bid,55800,771.386
2024-08-31 16:19:50,BTCUSDT,bid,55800,771.645
2024-08-31 16:24:45,BTCUSDT,bid,55800,771.649
2024-08-31 16:26:35,BTCUSDT,bid,55800,771.57
2024-08-31 16:28:46,BTCUSDT,bid,55800,771.567
2024-08-31 16:31:34,BTCUSDT,bid,55800,771.547
2024-08-31 16:34:52,BTCUSDT,bid,55800,771.56
2024-08-31 16:43:03,BTCUSDT,bid,55800,771.558
2024-08-31 16:44:14,BTCUSDT,bid,55800,771.43
2024-08-31 16:50:07,BTCUSDT,bid,47000,882.42
2024-08-31 17:00:52,BTCUSDT,bid,55800,771.52
2024-08-31 17:04:47,BTCUSDT,bid,47000,894.161
2024-08-31 17:08:04,BTCUSDT,bid,55800,769.728
2024-08-31 17:12:50,BTCUSDT,bid,47100,800.032
2024-08-31 17:12:50,BTCUSDT,bid,47100,800.032
2024-08-31 17:12:50,BTCUSDT,bid,47100,800.032
2024-08-31 17:12:51,BTCUSDT,bid,47100,800.032
2024-08-31 17:12:51,BTCUSDT,bid,47100,800.032
2024-08-31 17:12:51,BTCUSDT,bid,47100,800.032
2024-08-31 17:38:48,BTCUSDT,bid,55800,769.736
2024-08-31 17:48:19,BTCUSDT,bid,55800,769.717
2024-08-31 17:50:36,BTCUSDT,bid,55800,769.617
2024-08-31 17:55:56,BTCUSDT,bid,47300,808.04
2024-08-31 17:55:57,BTCUSDT,bid,47300,808.044
2024-08-31 17:55:57,BTCUSDT,bid,47300,808.04
2024-08-31 17:55:58,BTCUSDT,bid,47300,808.044
2024-08-31 17:55:58,BTCUSDT,bid,47300,808.04
2024-08-31 17:56:01,BTCUSDT,bid,47300,808.04
2024-08-31 17:56:01,BTCUSDT,bid,47300,808.04
2024-08-31 17:56:02,BTCUSDT,bid,47300,808.04
2024-08-31 17:56:13,BTCUSDT,bid,47000,894.245
2024-08-31 17:57:06,BTCUSDT,bid,47300,808.044
2024-08-31 17:57:07,BTCUSDT,bid,47300,808.04
2024-08-31 17:57:07,BTCUSDT,bid,47300,808.04
2024-08-31 17:57:08,BTCUSDT,bid,47300,808.04
2024-08-31 17:57:11,BTCUSDT,bid,47300,808.044
2024-08-31 17:57:11,BTCUSDT,bid,47300,808.04
2024-08-31 17:57:12,BTCUSDT,bid,47300,808.044
2024-08-31 17:57:12,BTCUSDT,bid,47300,808.04
2024-08-31 17:57:12,BTCUSDT,bid,47300,808.044
2024-08-31 17:57:12,BTCUSDT,bid,47300,808.04
2024-08-31 17:57:15,BTCUSDT,bid,47300,808.044
2024-08-31 17:57:15,BTCUSDT,bid,47300,808.04
2024-08-31 17:57:16,BTCUSDT,bid,47300,808.044
2024-08-31 17:57:16,BTCUSDT,bid,47300,808.04
2024-08-31 17:57:17,BTCUSDT,bid,47300,808.044
2024-08-31 17:57:17,BTCUSDT,bid,47300,808.04
2024-08-31 17:57:41,BTCUSDT,bid,47300,808.04
2024-08-31 17:57:41,BTCUSDT,bid,47300,808.04
2024-08-31 17:57:41,BTCUSDT,bid,47300,808.043
2024-08-31 17:57:42,BTCUSDT,bid,47300,808.04
2024-08-31 17:57:42,BTCUSDT,bid,47300,808.04
2024-08-31 17:57:42,BTCUSDT,bid,47300,808.043
2024-08-31 17:57:42,BTCUSDT,bid,47300,808.04
2024-08-31 17:57:42,BTCUSDT,bid,47300,808.043
2024-08-31 17:57:42,BTCUSDT,bid,47300,808.04
2024-08-31 17:57:42,BTCUSDT,bid,47300,808.04
2024-08-31 17:57:42,BTCUSDT,bid,47300,808.04
2024-08-31 17:57:42,BTCUSDT,bid,47300,808.043
2024-08-31 17:57:43,BTCUSDT,bid,47300,808.04
2024-08-31 17:57:43,BTCUSDT,bid,47300,808.043
2024-08-31 17:57:43,BTCUSDT,bid,47300,808.04
2024-08-31 17:57:43,BTCUSDT,bid,47300,808.043
2024-08-31 17:57:43,BTCUSDT,bid,47300,808.04
2024-08-31 17:57:44,BTCUSDT,bid,47300,808.043
2024-08-31 17:57:44,BTCUSDT,bid,47300,808.04
2024-08-31 17:57:44,BTCUSDT,bid,47300,808.04
2024-08-31 17:57:44,BTCUSDT,bid,47300,808.04
2024-08-31 17:57:44,BTCUSDT,bid,47300,808.043
2024-08-31 17:57:45,BTCUSDT,bid,47300,808.04
2024-08-31 17:57:45,BTCUSDT,bid,47300,808.04
2024-08-31 17:57:45,BTCUSDT,bid,47300,808.04
2024-08-31 17:57:45,BTCUSDT,bid,47300,808.04
2024-08-31 17:57:45,BTCUSDT,bid,47300,808.04
2024-08-31 17:57:46,BTCUSDT,bid,47300,808.04
2024-08-31 17:57:46,BTCUSDT,bid,47300,808.04
2024-08-31 17:57:46,BTCUSDT,bid,47300,808.04
2024-08-31 17:57:46,BTCUSDT,bid,47300,808.04
2024-08-31 17:57:46,BTCUSDT,bid,47300,808.04
2024-08-31 17:57:46,BTCUSDT,bid,47300,808.04
2024-08-31 18:09:08,BTCUSDT,bid,55800,769.609
2024-08-31 18:13:15,BTCUSDT,bid,55800,799.609
2024-08-31 18:19:01,BTCUSDT,bid,47300,808.04
2024-08-31 18:19:02,BTCUSDT,bid,47300,808.04
2024-08-31 18:19:03,BTCUSDT,bid,47300,808.04
2024-08-31 18:19:05,BTCUSDT,bid,47300,808.044
2024-08-31 18:19:05,BTCUSDT,bid,47300,808.04
2024-08-31 18:19:05,BTCUSDT,bid,47300,808.044
2024-08-31 18:19:05,BTCUSDT,bid,47300,808.04
2024-08-31 18:21:31,BTCUSDT,bid,55800,799.251
2024-08-31 18:25:04,BTCUSDT,bid,47300,808.043
2024-08-31 18:25:04,BTCUSDT,bid,47300,808.04
2024-08-31 18:25:04,BTCUSDT,bid,47300,808.04
2024-08-31 18:25:05,BTCUSDT,bid,47300,808.04
2024-08-31 18:25:05,BTCUSDT,bid,47300,808.043
2024-08-31 18:25:05,BTCUSDT,bid,47300,808.04
2024-08-31 18:25:05,BTCUSDT,bid,47300,808.04
2024-08-31 18:25:05,BTCUSDT,bid,47300,808.04
2024-08-31 18:25:05,BTCUSDT,bid,47300,808.04
2024-08-31 18:25:33,BTCUSDT,bid,47300,808.04
2024-08-31 18:26:57,BTCUSDT,bid,47300,808.04
2024-08-31 18:26:57,BTCUSDT,bid,47300,808.04
2024-08-31 18:26:57,BTCUSDT,bid,47300,808.04
2024-08-31 18:26:57,BTCUSDT,bid,47300,808.04
2024-08-31 18:26:57,BTCUSDT,bid,47300,808.04
2024-08-31 18:26:58,BTCUSDT,bid,47300,808.04
2024-08-31 18:26:58,BTCUSDT,bid,47300,808.04
2024-08-31 18:26:58,BTCUSDT,bid,47300,808.043
2024-08-31 18:26:58,BTCUSDT,bid,47300,808.04
2024-08-31 18:26:58,BTCUSDT,bid,47300,808.043
2024-08-31 18:26:58,BTCUSDT,bid,47300,808.043
2024-08-31 18:26:58,BTCUSDT,bid,47300,808.04
2024-08-31 18:26:59,BTCUSDT,bid,47300,808.04
2024-08-31 18:26:59,BTCUSDT,bid,47300,808.04
2024-08-31 18:26:59,BTCUSDT,bid,47300,808.043
2024-08-31 18:26:59,BTCUSDT,bid,47300,808.04
2024-08-31 18:26:59,BTCUSDT,bid,47300,808.043
2024-08-31 18:26:59,BTCUSDT,bid,47300,808.04
2024-08-31 18:27:00,BTCUSDT,bid,47300,808.04
2024-08-31 18:27:00,BTCUSDT,bid,47300,808.04
2024-08-31 18:27:00,BTCUSDT,bid,47300,808.04
2024-08-31 18:27:00,BTCUSDT,bid,47300,808.043
2024-08-31 18:27:00,BTCUSDT,bid,47300,808.043
2024-08-31 18:27:00,BTCUSDT,bid,47300,808.04
2024-08-31 18:27:00,BTCUSDT,bid,47300,808.04
2024-08-31 18:27:00,BTCUSDT,bid,47300,808.043
2024-08-31 18:27:00,BTCUSDT,bid,47300,808.04
2024-08-31 18:27:01,BTCUSDT,bid,47300,808.04
2024-08-31 18:27:01,BTCUSDT,bid,47300,808.043
2024-08-31 18:27:01,BTCUSDT,bid,47300,808.04
2024-08-31 18:27:01,BTCUSDT,bid,47300,808.043
2024-08-31 18:27:01,BTCUSDT,bid,47300,808.043
2024-08-31 18:27:01,BTCUSDT,bid,47300,808.043
2024-08-31 18:27:01,BTCUSDT,bid,47300,808.04
2024-08-31 18:27:01,BTCUSDT,bid,47300,808.04
2024-08-31 18:27:02,BTCUSDT,bid,47300,808.04
2024-08-31 18:27:02,BTCUSDT,bid,47300,808.043
2024-08-31 18:27:02,BTCUSDT,bid,47300,808.04
2024-08-31 18:27:02,BTCUSDT,bid,47300,808.04
2024-08-31 18:27:02,BTCUSDT,bid,47300,808.043
2024-08-31 18:27:03,BTCUSDT,bid,47300,808.04
2024-08-31 18:27:03,BTCUSDT,bid,47300,808.043
2024-08-31 18:27:03,BTCUSDT,bid,47300,808.04
2024-08-31 18:27:03,BTCUSDT,bid,47300,808.04
2024-08-31 18:27:03,BTCUSDT,bid,47300,808.04
2024-08-31 18:27:04,BTCUSDT,bid,47300,808.043
2024-08-31 18:27:04,BTCUSDT,bid,47300,808.04
2024-08-31 18:27:04,BTCUSDT,bid,47300,808.04
2024-08-31 18:27:04,BTCUSDT,bid,47300,808.04
2024-08-31 18:27:04,BTCUSDT,bid,47300,808.043
2024-08-31 18:27:04,BTCUSDT,bid,47300,808.04
2024-08-31 18:27:05,BTCUSDT,bid,47300,808.043
2024-08-31 18:27:05,BTCUSDT,bid,47300,808.04
2024-08-31 18:27:05,BTCUSDT,bid,47300,808.043
2024-08-31 18:27:05,BTCUSDT,bid,47300,808.043
2024-08-31 18:27:05,BTCUSDT,bid,47300,808.04
2024-08-31 18:27:05,BTCUSDT,bid,47300,808.04
2024-08-31 18:27:05,BTCUSDT,bid,47300,808.04
2024-08-31 18:27:06,BTCUSDT,bid,47300,808.04
2024-08-31 18:27:06,BTCUSDT,bid,47300,808.04
2024-08-31 18:27:06,BTCUSDT,bid,47300,808.04
2024-08-31 18:27:06,BTCUSDT,bid,47300,808.043
2024-08-31 18:27:06,BTCUSDT,bid,47300,808.043
2024-08-31 18:27:07,BTCUSDT,bid,47300,808.04
2024-08-31 18:27:07,BTCUSDT,bid,47300,808.04
2024-08-31 18:27:07,BTCUSDT,bid,47300,808.04
2024-08-31 18:27:07,BTCUSDT,bid,47300,808.043
2024-08-31 18:27:07,BTCUSDT,bid,47300,808.04
2024-08-31 18:27:08,BTCUSDT,bid,47300,808.04
2024-08-31 18:27:08,BTCUSDT,bid,47300,808.04
2024-08-31 18:27:08,BTCUSDT,bid,47300,808.043
2024-08-31 18:27:08,BTCUSDT,bid,47300,808.04
2024-08-31 18:27:08,BTCUSDT,bid,47300,808.04
2024-08-31 18:27:08,BTCUSDT,bid,47300,808.04
2024-08-31 18:27:08,BTCUSDT,bid,47300,808.043
2024-08-31 18:27:09,BTCUSDT,bid,47300,808.04
2024-08-31 18:27:09,BTCUSDT,bid,47300,808.043
2024-08-31 18:27:09,BTCUSDT,bid,47300,808.04
2024-08-31 18:27:09,BTCUSDT,bid,47300,808.04
2024-08-31 18:27:09,BTCUSDT,bid,47300,808.04
2024-08-31 18:27:09,BTCUSDT,bid,47300,808.04
2024-08-31 18:27:09,BTCUSDT,bid,47300,808.04
2024-08-31 18:27:10,BTCUSDT,bid,47300,808.043
2024-08-31 18:27:10,BTCUSDT,bid,47300,808.04
2024-08-31 18:27:10,BTCUSDT,bid,47300,808.04
2024-08-31 18:27:10,BTCUSDT,bid,47300,808.04
2024-08-31 18:27:10,BTCUSDT,bid,47300,808.04
2024-08-31 18:27:10,BTCUSDT,bid,47300,808.043
2024-08-31 18:27:10,BTCUSDT,bid,47300,808.04
2024-08-31 18:27:10,BTCUSDT,bid,47300,808.04
2024-08-31 18:27:11,BTCUSDT,bid,47300,808.04
2024-08-31 18:27:11,BTCUSDT,bid,47300,808.04
2024-08-31 18:27:11,BTCUSDT,bid,47300,808.04
2024-08-31 18:27:11,BTCUSDT,bid,47300,808.04
2024-08-31 18:27:11,BTCUSDT,bid,47300,808.04
2024-08-31 18:27:11,BTCUSDT,bid,47300,808.04
2024-08-31 18:27:11,BTCUSDT,bid,47300,808.04
2024-08-31 18:27:12,BTCUSDT,bid,47300,808.043
2024-08-31 18:27:12,BTCUSDT,bid,47300,808.04
2024-08-31 18:27:12,BTCUSDT,bid,47300,808.043
2024-08-31 18:27:12,BTCUSDT,bid,47300,808.043
2024-08-31 18:27:12,BTCUSDT,bid,47300,808.04
2024-08-31 18:27:12,BTCUSDT,bid,47300,808.04
2024-08-31 18:27:13,BTCUSDT,bid,47300,808.04
2024-08-31 18:27:13,BTCUSDT,bid,47300,808.04
2024-08-31 18:27:13,BTCUSDT,bid,47300,808.04
2024-08-31 18:27:13,BTCUSDT,bid,47300,808.043
2024-08-31 18:27:13,BTCUSDT,bid,47300,808.043
2024-08-31 18:27:13,BTCUSDT,bid,47300,808.04
2024-08-31 18:27:13,BTCUSDT,bid,47300,808.04
2024-08-31 18:27:13,BTCUSDT,bid,47300,808.043
2024-08-31 18:27:14,BTCUSDT,bid,47300,808.04
2024-08-31 18:27:14,BTCUSDT,bid,47300,808.043
2024-08-31 18:27:14,BTCUSDT,bid,47300,808.043
2024-08-31 18:27:14,BTCUSDT,bid,47300,808.04
2024-08-31 18:27:14,BTCUSDT,bid,47300,808.04
2024-08-31 18:27:14,BTCUSDT,bid,47300,808.043
2024-08-31 18:27:14,BTCUSDT,bid,47300,808.04
2024-08-31 18:27:15,BTCUSDT,bid,47300,808.04
2024-08-31 18:27:15,BTCUSDT,bid,47300,808.04
2024-08-31 18:27:15,BTCUSDT,bid,47300,808.043
2024-08-31 18:27:15,BTCUSDT,bid,47300,808.04
2024-08-31 18:27:16,BTCUSDT,bid,47300,808.043
2024-08-31 18:27:16,BTCUSDT,bid,47300,808.04
2024-08-31 18:27:16,BTCUSDT,bid,47300,808.04
2024-08-31 18:27:16,BTCUSDT,bid,47300,808.04
2024-08-31 18:27:16,BTCUSDT,bid,47300,808.04
2024-08-31 18:27:16,BTCUSDT,bid,47300,808.04
2024-08-31 18:27:17,BTCUSDT,bid,47300,808.04
2024-08-31 18:27:17,BTCUSDT,bid,47300,808.04
2024-08-31 18:27:17,BTCUSDT,bid,47300,808.04
2024-08-31 18:27:17,BTCUSDT,bid,47300,808.04
2024-08-31 18:27:17,BTCUSDT,bid,47300,808.043
2024-08-31 18:27:17,BTCUSDT,bid,47300,808.04
2024-08-31 18:27:18,BTCUSDT,bid,47300,808.04
2024-08-31 18:27:18,BTCUSDT,bid,47300,808.04
2024-08-31 18:27:18,BTCUSDT,bid,47300,808.04
2024-08-31 18:27:18,BTCUSDT,bid,47300,808.04
2024-08-31 18:27:18,BTCUSDT,bid,47300,808.04
2024-08-31 18:27:18,BTCUSDT,bid,47300,808.04
2024-08-31 18:27:19,BTCUSDT,bid,47300,808.04
2024-08-31 18:27:19,BTCUSDT,bid,47300,808.04
2024-08-31 18:27:19,BTCUSDT,bid,47300,808.04
2024-08-31 18:27:19,BTCUSDT,bid,47300,808.04
2024-08-31 18:27:19,BTCUSDT,bid,47300,808.043
2024-08-31 18:27:19,BTCUSDT,bid,47300,808.04
2024-08-31 18:27:20,BTCUSDT,bid,47300,808.04
2024-08-31 18:27:20,BTCUSDT,bid,47300,808.04
2024-08-31 18:27:20,BTCUSDT,bid,47300,808.04
2024-08-31 18:27:20,BTCUSDT,bid,47300,808.04
2024-08-31 18:27:21,BTCUSDT,bid,47300,808.04
2024-08-31 18:27:21,BTCUSDT,bid,47300,808.04
2024-08-31 18:27:21,BTCUSDT,bid,47300,808.04
2024-08-31 18:27:21,BTCUSDT,bid,47300,808.04
2024-08-31 18:27:21,BTCUSDT,bid,47300,808.04
2024-08-31 18:27:22,BTCUSDT,bid,47300,808.04
2024-08-31 18:27:22,BTCUSDT,bid,47300,808.043
2024-08-31 18:27:22,BTCUSDT,bid,47300,808.04
2024-08-31 18:27:23,BTCUSDT,bid,47300,808.043
2024-08-31 18:27:23,BTCUSDT,bid,47300,808.04
2024-08-31 18:27:23,BTCUSDT,bid,47300,808.043
2024-08-31 18:27:23,BTCUSDT,bid,47300,808.04
2024-08-31 18:27:23,BTCUSDT,bid,47300,808.04
2024-08-31 18:27:23,BTCUSDT,bid,47300,808.043
2024-08-31 18:27:24,BTCUSDT,bid,47300,808.04
2024-08-31 18:27:24,BTCUSDT,bid,47300,808.04
2024-08-31 18:27:25,BTCUSDT,bid,47300,808.04
2024-08-31 18:27:25,BTCUSDT,bid,47300,808.04
2024-08-31 18:27:25,BTCUSDT,bid,47300,808.043
2024-08-31 18:27:25,BTCUSDT,bid,47300,808.04
2024-08-31 18:27:26,BTCUSDT,bid,47300,808.04
2024-08-31 18:27:26,BTCUSDT,bid,47300,808.04
2024-08-31 18:27:26,BTCUSDT,bid,47300,808.04
2024-08-31 18:27:26,BTCUSDT,bid,47300,808.04
2024-08-31 18:27:26,BTCUSDT,bid,47300,808.043
2024-08-31 18:27:27,BTCUSDT,bid,47300,808.04
2024-08-31 18:27:27,BTCUSDT,bid,47300,808.04
2024-08-31 18:27:27,BTCUSDT,bid,47300,808.04
2024-08-31 18:27:27,BTCUSDT,bid,47300,808.043
2024-08-31 18:27:27,BTCUSDT,bid,47300,808.04
2024-08-31 18:27:28,BTCUSDT,bid,47300,808.04
2024-08-31 18:27:28,BTCUSDT,bid,47300,808.04
2024-08-31 18:27:28,BTCUSDT,bid,47300,808.04
2024-08-31 18:27:29,BTCUSDT,bid,47300,808.04
2024-08-31 18:27:29,BTCUSDT,bid,47300,808.04
2024-08-31 18:27:29,BTCUSDT,bid,47300,808.04
2024-08-31 18:27:29,BTCUSDT,bid,47300,808.04
2024-08-31 18:27:30,BTCUSDT,bid,47300,808.043
2024-08-31 18:27:30,BTCUSDT,bid,47300,808.04
2024-08-31 18:27:30,BTCUSDT,bid,47300,808.04
2024-08-31 18:27:30,BTCUSDT,bid,47300,808.04
2024-08-31 18:27:30,BTCUSDT,bid,47300,808.04
2024-08-31 18:27:30,BTCUSDT,bid,47300,808.04
2024-08-31 18:27:30,BTCUSDT,bid,47300,808.04
2024-08-31 18:27:31,BTCUSDT,bid,47300,808.043
2024-08-31 18:27:31,BTCUSDT,bid,47300,808.04
2024-08-31 18:27:31,BTCUSDT,bid,47300,808.043
2024-08-31 18:27:31,BTCUSDT,bid,47300,808.04
2024-08-31 18:27:31,BTCUSDT,bid,47300,808.043
2024-08-31 18:27:31,BTCUSDT,bid,47300,808.04
2024-08-31 18:27:31,BTCUSDT,bid,47300,808.04
2024-08-31 18:27:31,BTCUSDT,bid,47300,808.043
2024-08-31 18:27:32,BTCUSDT,bid,47300,808.04
2024-08-31 18:27:32,BTCUSDT,bid,47300,808.043
2024-08-31 18:27:32,BTCUSDT,bid,47300,808.04
2024-08-31 18:27:32,BTCUSDT,bid,47300,808.04
2024-08-31 18:27:32,BTCUSDT,bid,47300,808.04
2024-08-31 18:27:32,BTCUSDT,bid,47300,808.043
2024-08-31 18:27:32,BTCUSDT,bid,47300,808.04
2024-08-31 18:27:33,BTCUSDT,bid,47300,808.04
2024-08-31 18:27:33,BTCUSDT,bid,47300,808.04
2024-08-31 18:27:33,BTCUSDT,bid,47300,808.04
2024-08-31 18:27:33,BTCUSDT,bid,47300,808.04
2024-08-31 18:27:33,BTCUSDT,bid,47300,808.043
2024-08-31 18:27:33,BTCUSDT,bid,47300,808.04
2024-08-31 18:27:33,BTCUSDT,bid,47300,808.043
2024-08-31 18:27:33,BTCUSDT,bid,47300,808.04
2024-08-31 18:27:34,BTCUSDT,bid,47300,808.04
2024-08-31 18:27:34,BTCUSDT,bid,47300,808.043
2024-08-31 18:27:34,BTCUSDT,bid,47300,808.043
2024-08-31 18:27:34,BTCUSDT,bid,47300,808.043
2024-08-31 18:27:34,BTCUSDT,bid,47300,808.04
2024-08-31 18:27:34,BTCUSDT,bid,47300,808.043
2024-08-31 18:27:34,BTCUSDT,bid,47300,808.04
2024-08-31 18:27:35,BTCUSDT,bid,47300,808.04
2024-08-31 18:27:35,BTCUSDT,bid,47300,808.04
2024-08-31 18:27:36,BTCUSDT,bid,47300,808.04
2024-08-31 18:27:36,BTCUSDT,bid,47300,808.04
2024-08-31 18:27:36,BTCUSDT,bid,47300,808.043
2024-08-31 18:27:36,BTCUSDT,bid,47300,808.04
2024-08-31 18:27:36,BTCUSDT,bid,47300,808.04
2024-08-31 18:27:36,BTCUSDT,bid,47300,808.043
2024-08-31 18:27:36,BTCUSDT,bid,47300,808.04
2024-08-31 18:43:02,BTCUSDT,bid,47000,894.161
2024-08-31 18:44:17,BTCUSDT,bid,55800,799.255
2024-08-31 18:56:23,BTCUSDT,bid,47000,894.461
2024-08-31 19:16:01,BTCUSDT,bid,47000,895.066
2024-08-31 19:17:54,BTCUSDT,bid,47300,805.851
2024-08-31 19:26:15,BTCUSDT,bid,47300,805.854
2024-08-31 19:26:15,BTCUSDT,bid,47300,805.851
2024-08-31 19:26:15,BTCUSDT,bid,47300,805.851
2024-08-31 19:26:16,BTCUSDT,bid,47300,805.851
2024-08-31 19:26:16,BTCUSDT,bid,47300,805.851
2024-08-31 19:26:16,BTCUSDT,bid,47300,805.851
2024-08-31 19:26:16,BTCUSDT,bid,47300,805.854
2024-08-31 19:26:16,BTCUSDT,bid,47300,805.851
2024-08-31 19:26:16,BTCUSDT,bid,47300,805.851
2024-08-31 19:26:16,BTCUSDT,bid,47300,805.854
2024-08-31 19:26:16,BTCUSDT,bid,47300,805.851
2024-08-31 19:26:17,BTCUSDT,bid,47300,805.854
2024-08-31 19:26:17,BTCUSDT,bid,47300,805.851
2024-08-31 19:26:17,BTCUSDT,bid,47300,805.851
2024-08-31 19:26:17,BTCUSDT,bid,47300,805.851
2024-08-31 19:26:17,BTCUSDT,bid,47300,805.854
2024-08-31 19:26:17,BTCUSDT,bid,47300,805.851
2024-08-31 19:26:17,BTCUSDT,bid,47300,805.851
2024-08-31 19:26:18,BTCUSDT,bid,47300,805.851
2024-08-31 19:26:18,BTCUSDT,bid,47300,805.851
2024-08-31 19:26:18,BTCUSDT,bid,47300,805.854
2024-08-31 19:26:18,BTCUSDT,bid,47300,805.854
2024-08-31 19:26:18,BTCUSDT,bid,47300,805.851
2024-08-31 19:26:19,BTCUSDT,bid,47300,805.851
2024-08-31 19:26:19,BTCUSDT,bid,47300,805.851
2024-08-31 19:26:19,BTCUSDT,bid,47300,805.851
2024-08-31 19:26:19,BTCUSDT,bid,47300,805.851
2024-08-31 19:26:19,BTCUSDT,bid,47300,805.851
2024-08-31 19:26:20,BTCUSDT,bid,47300,805.851
2024-08-31 19:26:20,BTCUSDT,bid,47300,805.851
2024-08-31 19:26:20,BTCUSDT,bid,47300,805.851
2024-08-31 19:26:20,BTCUSDT,bid,47300,805.851
2024-08-31 19:26:21,BTCUSDT,bid,47300,805.854
2024-08-31 19:26:21,BTCUSDT,bid,47300,805.851
2024-08-31 19:26:21,BTCUSDT,bid,47300,805.851
2024-08-31 19:26:21,BTCUSDT,bid,47300,805.851
2024-08-31 19:26:21,BTCUSDT,bid,47300,805.851
2024-08-31 19:26:21,BTCUSDT,bid,47300,805.854
2024-08-31 19:26:21,BTCUSDT,bid,47300,805.851
2024-08-31 19:26:21,BTCUSDT,bid,47300,805.851
2024-08-31 19:26:22,BTCUSDT,bid,47300,805.851
2024-08-31 19:26:22,BTCUSDT,bid,47300,805.851
2024-08-31 19:26:22,BTCUSDT,bid,47300,805.851
2024-08-31 19:26:22,BTCUSDT,bid,47300,805.854
2024-08-31 19:26:22,BTCUSDT,bid,47300,805.851
2024-08-31 19:26:23,BTCUSDT,bid,47300,805.851
2024-08-31 19:26:23,BTCUSDT,bid,47300,805.851
2024-08-31 19:26:23,BTCUSDT,bid,47300,805.851
2024-08-31 19:29:29,BTCUSDT,bid,47000,897.193
2024-08-31 19:29:46,BTCUSDT,bid,47000,895.066
2024-08-31 19:32:10,BTCUSDT,bid,55800,799.244
2024-08-31 19:33:59,BTCUSDT,bid,55800,797.244
2024-08-31 19:38:03,BTCUSDT,bid,55800,797.261
2024-08-31 19:38:49,BTCUSDT,bid,47300,805.851
2024-08-31 19:39:39,BTCUSDT,bid,47300,805.851
2024-08-31 19:39:39,BTCUSDT,bid,47300,805.851
2024-08-31 19:39:39,BTCUSDT,bid,47300,805.851
2024-08-31 19:50:08,BTCUSDT,bid,55800,797.263
2024-08-31 20:01:53,BTCUSDT,bid,55800,797.25
2024-08-31 20:11:22,BTCUSDT,bid,47000,894.577
2024-08-31 20:16:22,BTCUSDT,bid,55800,797.16
2024-08-31 20:22:16,BTCUSDT,bid,47000,894.574
2024-08-31 20:29:43,BTCUSDT,bid,55800,797.167
2024-08-31 20:33:07,BTCUSDT,bid,55800,797.883
2024-08-31 20:34:44,BTCUSDT,bid,55800,797.878
2024-08-31 20:36:38,BTCUSDT,bid,55800,797.876
2024-08-31 20:43:49,BTCUSDT,bid,55800,797.873
2024-08-31 20:53:36,BTCUSDT,bid,55800,797.86
2024-08-31 20:54:48,BTCUSDT,bid,55800,797.825
2024-08-31 21:03:39,BTCUSDT,bid,47000,894.58
2024-08-31 21:05:22,BTCUSDT,bid,55800,797.821
2024-08-31 21:26:56,BTCUSDT,bid,55800,797.829
2024-08-31 21:35:09,BTCUSDT,bid,47300,805.851
2024-08-31 21:35:09,BTCUSDT,bid,47300,805.855
2024-08-31 21:35:09,BTCUSDT,bid,47300,805.851
2024-08-31 21:35:09,BTCUSDT,bid,47300,805.851
2024-08-31 21:35:11,BTCUSDT,bid,47300,805.855
2024-08-31 21:35:11,BTCUSDT,bid,47300,805.851
2024-08-31 21:35:12,BTCUSDT,bid,47300,805.851
2024-08-31 21:35:12,BTCUSDT,bid,47300,805.855
2024-08-31 21:35:13,BTCUSDT,bid,47300,805.851
2024-08-31 21:35:13,BTCUSDT,bid,47300,805.851
2024-08-31 21:35:14,BTCUSDT,bid,47300,805.851
2024-08-31 21:35:15,BTCUSDT,bid,47300,805.855
2024-08-31 21:35:15,BTCUSDT,bid,47300,805.851
2024-08-31 07:03:44,BTCUSD_PERP,bid,58500,645.61
2024-08-31 07:03:44,BTCUSD_PERP,bid,58500,519.96
2024-08-31 07:03:44,BTCUSD_PERP,bid,58500,635.31
2024-08-31 07:03:44,BTCUSD_PERP,bid,58500,693.28
2024-08-31 07:04:15,BTCUSD_PERP,bid,58500,577.93
2024-08-31 07:04:15,BTCUSD_PERP,bid,58500,519.96
2024-08-31 07:04:17,BTCUSD_PERP,bid,58600,577.15
2024-08-31 07:06:02,BTCUSD_PERP,bid,58600,519.73
2024-08-31 07:06:04,BTCUSD_PERP,bid,58600,520.0
2024-08-31 07:06:04,BTCUSD_PERP,bid,58600,578.04
2024-08-31 07:12:19,BTCUSD_PERP,bid,58600,529.59
2024-08-31 07:15:38,BTCUSD_PERP,bid,58600,520.49
2024-08-31 07:15:39,BTCUSD_PERP,bid,58600,635.98
2024-08-31 07:15:39,BTCUSD_PERP,bid,58600,694.02
2024-08-31 07:15:39,BTCUSD_PERP,bid,58600,809.51
2024-08-31 07:15:39,BTCUSD_PERP,bid,58600,867.55
2024-08-31 07:15:39,BTCUSD_PERP,bid,58600,925.0
2024-08-31 07:15:39,BTCUSD_PERP,bid,58600,983.04
2024-08-31 07:15:40,BTCUSD_PERP,bid,58500,564.23
2024-08-31 07:15:40,BTCUSD_PERP,bid,58600,1040.49
2024-08-31 07:17:56,BTCUSD_PERP,bid,58600,982.45
2024-08-31 07:17:56,BTCUSD_PERP,bid,58500,520.75
2024-08-31 07:17:56,BTCUSD_PERP,bid,58600,924.41
2024-08-31 07:17:56,BTCUSD_PERP,bid,58600,751.47
2024-08-31 07:17:56,BTCUSD_PERP,bid,58600,577.94
2024-08-31 07:17:56,BTCUSD_PERP,bid,58600,520.92
2024-08-31 07:17:56,BTCUSD_PERP,bid,58600,695.16
2024-08-31 07:17:57,BTCUSD_PERP,bid,58600,819.88
2024-08-31 07:17:57,BTCUSD_PERP,bid,58600,516.41
2024-08-31 07:17:57,BTCUSD_PERP,bid,58600,877.96
2024-08-31 07:17:57,BTCUSD_PERP,bid,58600,1003.39
2024-08-31 07:17:57,BTCUSD_PERP,bid,58600,1118.85
2024-08-31 07:17:57,BTCUSD_PERP,bid,58600,1234.41
2024-08-31 07:17:57,BTCUSD_PERP,bid,58600,574.39
2024-08-31 07:18:45,BTCUSD_PERP,bid,58600,1234.45
2024-08-31 07:19:26,BTCUSD_PERP,bid,58600,530.88
2024-08-31 07:19:26,BTCUSD_PERP,bid,58600,1176.47
2024-08-31 07:19:26,BTCUSD_PERP,bid,58600,1118.99
2024-08-31 07:19:26,BTCUSD_PERP,bid,58600,1003.43
2024-08-31 07:19:27,BTCUSD_PERP,bid,58600,887.87
2024-08-31 07:19:27,BTCUSD_PERP,bid,58600,829.79
2024-08-31 07:19:27,BTCUSD_PERP,bid,58600,714.83
2024-08-31 07:19:27,BTCUSD_PERP,bid,58600,656.75
2024-08-31 07:19:27,BTCUSD_PERP,bid,58700,520.17
2024-08-31 07:19:27,BTCUSD_PERP,bid,58600,541.19
2024-08-31 07:19:27,BTCUSD_PERP,bid,58700,578.3
2024-08-31 07:19:28,BTCUSD_PERP,bid,58700,635.83
2024-08-31 07:19:28,BTCUSD_PERP,bid,58700,751.49
2024-08-31 07:19:28,BTCUSD_PERP,bid,58700,867.75
2024-08-31 07:19:28,BTCUSD_PERP,bid,58600,521.56
2024-08-31 07:19:28,BTCUSD_PERP,bid,58700,983.41
2024-08-31 07:19:28,BTCUSD_PERP,bid,58700,1041.54
2024-08-31 07:19:28,BTCUSD_PERP,bid,58700,1157.8
2024-08-31 07:20:14,BTCUSD_PERP,bid,58600,810.42
2024-08-31 07:20:14,BTCUSD_PERP,bid,58600,984.12
2024-08-31 07:20:14,BTCUSD_PERP,bid,58600,521.29
2024-08-31 07:20:14,BTCUSD_PERP,bid,58600,1042.22
2024-08-31 07:22:03,BTCUSD_PERP,bid,58600,926.62
2024-08-31 07:22:03,BTCUSD_PERP,bid,58600,811.01
2024-08-31 07:22:03,BTCUSD_PERP,bid,58600,752.91
2024-08-31 07:22:03,BTCUSD_PERP,bid,58600,694.81
2024-08-31 07:22:04,BTCUSD_PERP,bid,58600,636.71
2024-08-31 07:22:04,BTCUSD_PERP,bid,58600,579.2
2024-08-31 07:22:04,BTCUSD_PERP,bid,58700,520.72
2024-08-31 07:22:04,BTCUSD_PERP,bid,58600,521.7
2024-08-31 07:22:04,BTCUSD_PERP,bid,58700,578.26
2024-08-31 07:22:04,BTCUSD_PERP,bid,58700,694.52
2024-08-31 07:22:04,BTCUSD_PERP,bid,58700,752.65
2024-08-31 07:22:04,BTCUSD_PERP,bid,58600,521.56
2024-08-31 07:23:23,BTCUSD_PERP,bid,58700,694.52
2024-08-31 07:23:23,BTCUSD_PERP,bid,58700,636.39
2024-08-31 07:23:23,BTCUSD_PERP,bid,58700,578.85
2024-08-31 07:24:15,BTCUSD_PERP,bid,58700,521.26
2024-08-31 07:24:15,BTCUSD_PERP,bid,58700,578.86
2024-08-31 07:24:15,BTCUSD_PERP,bid,58700,695.24
2024-08-31 07:25:06,BTCUSD_PERP,bid,58700,637.05
2024-08-31 07:25:06,BTCUSD_PERP,bid,58700,578.86
2024-08-31 07:25:06,BTCUSD_PERP,bid,58700,521.26
2024-08-31 07:25:06,BTCUSD_PERP,bid,58800,581.72
2024-08-31 07:25:07,BTCUSD_PERP,bid,58800,697.6
2024-08-31 07:26:04,BTCUSD_PERP,bid,58800,639.37
2024-08-31 07:26:04,BTCUSD_PERP,bid,58800,754.83
2024-08-31 07:26:04,BTCUSD_PERP,bid,58800,813.04
2024-08-31 07:28:08,BTCUSD_PERP,bid,58700,927.18
2024-08-31 07:28:08,BTCUSD_PERP,bid,58700,985.36
2024-08-31 07:29:52,BTCUSD_PERP,bid,58700,869.1
2024-08-31 07:29:52,BTCUSD_PERP,bid,58700,753.34
2024-08-31 07:29:52,BTCUSD_PERP,bid,58700,636.98
2024-08-31 07:29:52,BTCUSD_PERP,bid,58700,579.4
2024-08-31 07:29:53,BTCUSD_PERP,bid,58700,521.82
2024-08-31 07:29:53,BTCUSD_PERP,bid,58800,695.52
2024-08-31 07:29:53,BTCUSD_PERP,bid,58800,811.34
2024-08-31 07:29:53,BTCUSD_PERP,bid,58800,927.16
2024-08-31 07:29:53,BTCUSD_PERP,bid,58800,985.37
2024-08-31 07:29:53,BTCUSD_PERP,bid,58800,1043.58
2024-08-31 07:29:56,BTCUSD_PERP,bid,58800,985.37
2024-08-31 07:29:56,BTCUSD_PERP,bid,58800,927.16
2024-08-31 07:29:56,BTCUSD_PERP,bid,58800,811.34
2024-08-31 07:29:57,BTCUSD_PERP,bid,58800,694.92
2024-08-31 07:29:57,BTCUSD_PERP,bid,58800,637.31
2024-08-31 07:29:57,BTCUSD_PERP,bid,58800,579.7
2024-08-31 07:29:57,BTCUSD_PERP,bid,58800,521.25
2024-08-31 07:29:57,BTCUSD_PERP,bid,58800,811.9
2024-08-31 07:29:57,BTCUSD_PERP,bid,58800,927.2
2024-08-31 07:29:58,BTCUSD_PERP,bid,58800,985.45
2024-08-31 07:30:01,BTCUSD_PERP,bid,58800,986.68
2024-08-31 07:32:02,BTCUSD_PERP,bid,58800,985.45
2024-08-31 07:32:11,BTCUSD_PERP,bid,58800,927.2
2024-08-31 07:32:11,BTCUSD_PERP,bid,58800,753.65
2024-08-31 07:32:12,BTCUSD_PERP,bid,58800,637.75
2024-08-31 07:32:12,BTCUSD_PERP,bid,58800,579.5
2024-08-31 07:32:12,BTCUSD_PERP,bid,58800,521.85
2024-08-31 07:32:13,BTCUSD_PERP,bid,58800,521.52
2024-08-31 07:32:13,BTCUSD_PERP,bid,58800,637.48
2024-08-31 07:32:13,BTCUSD_PERP,bid,58800,753.44
2024-08-31 07:32:13,BTCUSD_PERP,bid,58800,811.12
2024-08-31 07:32:13,BTCUSD_PERP,bid,58800,869.4
2024-08-31 07:32:13,BTCUSD_PERP,bid,58800,985.96
2024-08-31 07:32:22,BTCUSD_PERP,bid,58800,870.6
2024-08-31 07:32:22,BTCUSD_PERP,bid,58800,754.64
2024-08-31 07:32:22,BTCUSD_PERP,bid,58800,696.36
2024-08-31 07:32:22,BTCUSD_PERP,bid,58800,580.4
2024-08-31 07:32:22,BTCUSD_PERP,bid,58800,522.12
2024-08-31 07:32:22,BTCUSD_PERP,bid,58900,812.66
2024-08-31 07:35:26,BTCUSD_PERP,bid,58900,754.35
2024-08-31 07:35:26,BTCUSD_PERP,bid,58900,638.32
2024-08-31 07:35:26,BTCUSD_PERP,bid,58900,522.29
2024-08-31 07:35:28,BTCUSD_PERP,bid,58900,580.5
2024-08-31 07:35:28,BTCUSD_PERP,bid,58900,696.5
2024-08-31 07:35:40,BTCUSD_PERP,bid,58900,638.15
2024-08-31 07:35:40,BTCUSD_PERP,bid,58900,638.42
2024-08-31 07:35:40,BTCUSD_PERP,bid,58900,696.74
2024-08-31 07:35:40,BTCUSD_PERP,bid,58900,755.06
2024-08-31 07:35:49,BTCUSD_PERP,bid,58900,696.74
2024-08-31 07:35:49,BTCUSD_PERP,bid,58900,522.98
2024-08-31 07:35:50,BTCUSD_PERP,bid,58800,522.11
2024-08-31 07:35:50,BTCUSD_PERP,bid,58800,580.4
2024-08-31 07:35:51,BTCUSD_PERP,bid,58800,638.69
2024-08-31 07:35:51,BTCUSD_PERP,bid,58800,696.38
2024-08-31 07:35:56,BTCUSD_PERP,bid,58800,580.2
2024-08-31 07:35:56,BTCUSD_PERP,bid,58800,811.94
2024-08-31 07:36:07,BTCUSD_PERP,bid,58800,696.12
2024-08-31 07:36:07,BTCUSD_PERP,bid,58800,580.2
2024-08-31 07:36:07,BTCUSD_PERP,bid,58800,521.94
2024-08-31 07:36:07,BTCUSD_PERP,bid,58800,522.17
2024-08-31 07:36:07,BTCUSD_PERP,bid,58800,580.4
2024-08-31 07:36:08,BTCUSD_PERP,bid,58800,638.63
2024-08-31 07:36:08,BTCUSD_PERP,bid,58800,696.86
2024-08-31 07:36:08,BTCUSD_PERP,bid,58800,754.49
2024-08-31 07:36:08,BTCUSD_PERP,bid,58800,928.58
2024-08-31 07:36:09,BTCUSD_PERP,bid,58800,986.21
2024-08-31 07:36:09,BTCUSD_PERP,bid,58800,1043.84
2024-08-31 07:36:12,BTCUSD_PERP,bid,58800,985.61
2024-08-31 07:36:12,BTCUSD_PERP,bid,58800,927.38
2024-08-31 07:36:12,BTCUSD_PERP,bid,58800,869.75
2024-08-31 07:36:13,BTCUSD_PERP,bid,58800,753.89
2024-08-31 07:36:13,BTCUSD_PERP,bid,58800,696.26
2024-08-31 07:36:13,BTCUSD_PERP,bid,58800,638.03
2024-08-31 07:36:13,BTCUSD_PERP,bid,58800,522.27
2024-08-31 07:36:13,BTCUSD_PERP,bid,58700,556.39
2024-08-31 07:36:13,BTCUSD_PERP,bid,58700,614.58
2024-08-31 07:36:13,BTCUSD_PERP,bid,58700,672.18
2024-08-31 07:38:13,BTCUSD_PERP,bid,58700,658.22
2024-08-31 07:38:14,BTCUSD_PERP,bid,58700,656.13
2024-08-31 07:42:33,BTCUSD_PERP,bid,58700,656.17
2024-08-31 07:44:12,BTCUSD_PERP,bid,58700,540.38
2024-08-31 07:44:13,BTCUSD_PERP,bid,58800,696.39
2024-08-31 07:44:14,BTCUSD_PERP,bid,58800,754.63
2024-08-31 07:44:14,BTCUSD_PERP,bid,58800,812.87
2024-08-31 07:44:14,BTCUSD_PERP,bid,58800,871.11
2024-08-31 07:44:14,BTCUSD_PERP,bid,58800,928.75
2024-08-31 07:44:14,BTCUSD_PERP,bid,58800,986.99
2024-08-31 07:44:14,BTCUSD_PERP,bid,58800,1044.63
2024-08-31 07:46:26,BTCUSD_PERP,bid,58800,986.49
2024-08-31 07:46:26,BTCUSD_PERP,bid,58800,870.01
2024-08-31 07:46:26,BTCUSD_PERP,bid,58800,638.85
2024-08-31 07:46:26,BTCUSD_PERP,bid,58800,522.37
2024-08-31 07:46:26,BTCUSD_PERP,bid,58800,522.53
2024-08-31 07:46:27,BTCUSD_PERP,bid,58800,580.2
2024-08-31 07:46:27,BTCUSD_PERP,bid,58800,638.47
2024-08-31 07:46:27,BTCUSD_PERP,bid,58800,813.28
2024-08-31 07:46:27,BTCUSD_PERP,bid,58800,871.55
2024-08-31 07:46:28,BTCUSD_PERP,bid,58800,987.49
2024-08-31 07:47:59,BTCUSD_PERP,bid,58800,929.22
2024-08-31 07:47:59,BTCUSD_PERP,bid,58800,871.55
2024-08-31 07:47:59,BTCUSD_PERP,bid,58800,696.39
2024-08-31 07:47:59,BTCUSD_PERP,bid,58800,928.75
2024-08-31 07:47:59,BTCUSD_PERP,bid,58800,986.99
2024-08-31 07:49:59,BTCUSD_PERP,bid,58800,928.75
2024-08-31 07:49:59,BTCUSD_PERP,bid,58700,696.02
2024-08-31 07:49:59,BTCUSD_PERP,bid,58700,928.26
2024-08-31 07:49:59,BTCUSD_PERP,bid,58700,986.47
2024-08-31 07:50:43,BTCUSD_PERP,bid,58700,580.2
2024-08-31 07:50:43,BTCUSD_PERP,bid,58700,694.99
2024-08-31 07:50:43,BTCUSD_PERP,bid,58700,811.33
2024-08-31 07:55:34,BTCUSD_PERP,bid,58700,753.16
2024-08-31 07:55:34,BTCUSD_PERP,bid,58700,694.99
2024-08-31 07:55:35,BTCUSD_PERP,bid,58700,521.66
2024-08-31 07:55:35,BTCUSD_PERP,bid,58700,522.08
2024-08-31 07:55:35,BTCUSD_PERP,bid,58700,637.77
2024-08-31 07:55:35,BTCUSD_PERP,bid,58700,753.36
2024-08-31 07:55:35,BTCUSD_PERP,bid,58700,811.5
2024-08-31 07:55:36,BTCUSD_PERP,bid,58700,869.05
2024-08-31 08:01:17,BTCUSD_PERP,bid,58700,810.91
2024-08-31 08:01:17,BTCUSD_PERP,bid,58700,752.87
2024-08-31 08:01:17,BTCUSD_PERP,bid,58700,694.73
2024-08-31 08:01:17,BTCUSD_PERP,bid,58700,578.45
2024-08-31 08:01:18,BTCUSD_PERP,bid,58700,522.26
2024-08-31 08:01:18,BTCUSD_PERP,bid,58700,638.01
2024-08-31 08:01:18,BTCUSD_PERP,bid,58700,695.59
2024-08-31 08:01:18,BTCUSD_PERP,bid,58700,753.17
2024-08-31 08:01:18,BTCUSD_PERP,bid,58700,926.5
2024-08-31 08:01:18,BTCUSD_PERP,bid,58700,1042.84
2024-08-31 08:02:53,BTCUSD_PERP,bid,58700,926.56
2024-08-31 08:02:53,BTCUSD_PERP,bid,58700,984.7
2024-08-31 08:03:12,BTCUSD_PERP,ask,59800,502.92
2024-08-31 08:03:12,BTCUSD_PERP,ask,59800,508.9
2024-08-31 08:03:13,BTCUSD_PERP,ask,59800,518.47
2024-08-31 08:03:14,BTCUSD_PERP,ask,59800,528.04
2024-08-31 08:03:14,BTCUSD_PERP,ask,59800,534.02
2024-08-31 08:03:14,BTCUSD_PERP,ask,59800,540.0
2024-08-31 08:03:14,BTCUSD_PERP,ask,59800,549.87
2024-08-31 08:03:15,BTCUSD_PERP,ask,59800,559.14
2024-08-31 08:03:15,BTCUSD_PERP,ask,59800,565.12
2024-08-31 08:04:01,BTCUSD_PERP,ask,59800,555.55
2024-08-31 08:04:05,BTCUSD_PERP,ask,59800,545.98
2024-08-31 08:04:12,BTCUSD_PERP,ask,59800,536.41
2024-08-31 08:04:14,BTCUSD_PERP,ask,59800,526.84
2024-08-31 08:04:14,BTCUSD_PERP,ask,59800,517.27
2024-08-31 08:04:14,BTCUSD_PERP,ask,59800,511.29
2024-08-31 08:04:14,BTCUSD_PERP,ask,59800,505.31
2024-08-31 08:05:13,BTCUSD_PERP,bid,58700,926.56
2024-08-31 08:05:13,BTCUSD_PERP,bid,58700,869.19
2024-08-31 08:05:13,BTCUSD_PERP,bid,58700,1042.93
2024-08-31 08:05:17,BTCUSD_PERP,ask,59800,520.26
2024-08-31 08:06:15,BTCUSD_PERP,ask,59800,510.7
2024-08-31 08:06:15,BTCUSD_PERP,ask,59800,504.73
2024-08-31 08:08:14,BTCUSD_PERP,bid,58700,753.66
2024-08-31 08:08:14,BTCUSD_PERP,bid,58700,696.14
2024-08-31 08:08:14,BTCUSD_PERP,bid,58700,638.03
2024-08-31 08:08:14,BTCUSD_PERP,bid,58700,579.92
2024-08-31 08:08:14,BTCUSD_PERP,bid,58700,521.97
2024-08-31 08:08:14,BTCUSD_PERP,bid,58700,580.11
2024-08-31 08:08:14,BTCUSD_PERP,bid,58700,638.25
2024-08-31 08:08:50,BTCUSD_PERP,bid,58700,521.97
2024-08-31 08:08:52,BTCUSD_PERP,bid,58700,521.08
2024-08-31 08:08:53,BTCUSD_PERP,bid,58700,578.66
2024-08-31 08:10:13,BTCUSD_PERP,bid,58700,520.49
2024-08-31 08:10:13,BTCUSD_PERP,bid,58800,522.69
2024-08-31 08:10:13,BTCUSD_PERP,bid,58800,696.02
2024-08-31 08:10:13,BTCUSD_PERP,bid,58800,811.24
2024-08-31 08:10:13,BTCUSD_PERP,bid,58800,927.66
2024-08-31 08:10:14,BTCUSD_PERP,bid,58800,1043.48
2024-08-31 08:10:39,BTCUSD_PERP,bid,58800,985.87
2024-08-31 08:10:39,BTCUSD_PERP,bid,58800,637.91
2024-08-31 08:10:40,BTCUSD_PERP,bid,58800,580.3
2024-08-31 08:10:40,BTCUSD_PERP,bid,58800,521.06
2024-08-31 08:10:40,BTCUSD_PERP,bid,58800,522.09
2024-08-31 08:10:40,BTCUSD_PERP,bid,58800,579.3
2024-08-31 08:10:40,BTCUSD_PERP,bid,58800,637.54
2024-08-31 08:10:40,BTCUSD_PERP,bid,58800,753.42
2024-08-31 08:10:40,BTCUSD_PERP,bid,58800,811.66
2024-08-31 08:10:40,BTCUSD_PERP,bid,58700,566.18
2024-08-31 08:10:41,BTCUSD_PERP,bid,58800,927.54
2024-08-31 08:10:41,BTCUSD_PERP,bid,58800,1044.02
2024-08-31 08:10:41,BTCUSD_PERP,bid,58800,1218.14
2024-08-31 08:10:42,BTCUSD_PERP,bid,58800,1218.18
2024-08-31 08:11:07,BTCUSD_PERP,bid,58800,1218.22
2024-08-31 08:13:52,BTCUSD_PERP,bid,58800,1218.81
2024-08-31 08:14:17,BTCUSD_PERP,bid,58800,1218.77
2024-08-31 08:14:35,BTCUSD_PERP,bid,58800,1218.73
2024-08-31 08:14:58,BTCUSD_PERP,bid,58800,1045.21
2024-08-31 08:14:58,BTCUSD_PERP,bid,58800,1044.08
2024-08-31 08:14:58,BTCUSD_PERP,bid,58800,1159.9
2024-08-31 08:14:58,BTCUSD_PERP,bid,58700,567.86
2024-08-31 08:15:06,BTCUSD_PERP,bid,58800,928.26
2024-08-31 08:15:06,BTCUSD_PERP,bid,58700,868.91
2024-08-31 08:15:07,BTCUSD_PERP,bid,58700,1042.83
2024-08-31 08:15:07,BTCUSD_PERP,bid,58700,565.89
2024-08-31 08:15:07,BTCUSD_PERP,bid,58700,1101.0
2024-08-31 08:16:23,BTCUSD_PERP,bid,58700,754.23
2024-08-31 08:16:23,BTCUSD_PERP,bid,58700,1101.69
2024-08-31 08:16:23,BTCUSD_PERP,bid,58700,1159.9
2024-08-31 08:16:23,BTCUSD_PERP,bid,58700,565.89
2024-08-31 08:17:45,BTCUSD_PERP,bid,58700,696.12
2024-08-31 08:17:45,BTCUSD_PERP,bid,58700,695.68
2024-08-31 08:22:59,BTCUSD_PERP,bid,58700,638.1
2024-08-31 08:22:59,BTCUSD_PERP,bid,58700,580.52
2024-08-31 08:22:59,BTCUSD_PERP,bid,58700,984.25
2024-08-31 08:22:59,BTCUSD_PERP,bid,58700,1042.39
2024-08-31 08:23:01,BTCUSD_PERP,bid,58700,1042.43
2024-08-31 08:26:35,BTCUSD_PERP,bid,58700,1042.39
2024-08-31 08:28:21,BTCUSD_PERP,bid,58700,637.18
2024-08-31 08:28:21,BTCUSD_PERP,bid,58700,811.52
2024-08-31 08:28:21,BTCUSD_PERP,bid,58700,869.7
2024-08-31 08:28:22,BTCUSD_PERP,bid,58700,985.46
2024-08-31 08:28:22,BTCUSD_PERP,bid,58700,1043.54
2024-08-31 08:31:38,BTCUSD_PERP,bid,58700,985.36
2024-08-31 08:31:38,BTCUSD_PERP,bid,58700,927.78
2024-08-31 08:31:38,BTCUSD_PERP,bid,58700,811.42
2024-08-31 08:31:38,BTCUSD_PERP,bid,58700,695.66
2024-08-31 08:31:38,BTCUSD_PERP,bid,58700,637.48
2024-08-31 08:31:39,BTCUSD_PERP,bid,58700,579.3
2024-08-31 08:31:39,BTCUSD_PERP,bid,58700,521.12
2024-08-31 08:45:55,BTCUSD_PERP,bid,58700,869.01
2024-08-31 08:45:55,BTCUSD_PERP,bid,58700,927.19
2024-08-31 08:51:03,BTCUSD_PERP,bid,58700,927.23
2024-08-31 08:54:31,BTCUSD_PERP,bid,58700,927.19
2024-08-31 09:02:36,BTCUSD_PERP,bid,58700,869.61
2024-08-31 09:02:36,BTCUSD_PERP,bid,58700,812.03
2024-08-31 09:02:36,BTCUSD_PERP,bid,58700,754.45
2024-08-31 09:02:37,BTCUSD_PERP,bid,58700,696.87
2024-08-31 09:02:37,BTCUSD_PERP,bid,58700,581.7
2024-08-31 09:08:20,BTCUSD_PERP,bid,58700,581.4
2024-08-31 09:08:20,BTCUSD_PERP,bid,58700,639.55
2024-08-31 09:10:04,BTCUSD_PERP,bid,58700,696.16
2024-08-31 09:10:04,BTCUSD_PERP,bid,58700,754.28
2024-08-31 09:12:22,BTCUSD_PERP,bid,58600,579.07
2024-08-31 09:12:40,BTCUSD_PERP,ask,59800,509.06
2024-08-31 09:12:42,BTCUSD_PERP,ask,59800,518.62
2024-08-31 09:13:21,BTCUSD_PERP,bid,58600,520.99
2024-08-31 09:13:43,BTCUSD_PERP,bid,58700,520.62
2024-08-31 09:13:44,BTCUSD_PERP,bid,58700,578.74
2024-08-31 09:16:20,BTCUSD_PERP,bid,58700,520.62
2024-08-31 09:16:20,BTCUSD_PERP,bid,58600,520.38
2024-08-31 09:18:21,BTCUSD_PERP,bid,58600,520.7
2024-08-31 09:18:21,BTCUSD_PERP,bid,58600,578.75
2024-08-31 09:19:55,BTCUSD_PERP,bid,58600,520.7
2024-08-31 09:19:55,BTCUSD_PERP,bid,58600,521.04
2024-08-31 09:19:56,BTCUSD_PERP,bid,58600,579.13
2024-08-31 09:19:56,BTCUSD_PERP,bid,58600,637.22
2024-08-31 09:19:56,BTCUSD_PERP,bid,58600,695.31
2024-08-31 09:19:57,BTCUSD_PERP,bid,58600,752.81
2024-08-31 09:22:31,BTCUSD_PERP,bid,58600,694.72
2024-08-31 09:22:31,BTCUSD_PERP,bid,58600,578.54
2024-08-31 09:22:31,BTCUSD_PERP,bid,58600,521.04
2024-08-31 09:22:32,BTCUSD_PERP,bid,58700,520.72
2024-08-31 09:22:32,BTCUSD_PERP,bid,58700,578.84
2024-08-31 09:22:33,BTCUSD_PERP,bid,58700,636.96
2024-08-31 09:22:33,BTCUSD_PERP,bid,58700,695.08
2024-08-31 09:22:43,BTCUSD_PERP,bid,58700,695.12
2024-08-31 09:24:44,BTCUSD_PERP,bid,58700,695.16
2024-08-31 09:26:04,BTCUSD_PERP,bid,58700,695.12
2024-08-31 09:27:10,BTCUSD_PERP,bid,58600,521.56
2024-08-31 09:27:10,BTCUSD_PERP,bid,58600,694.64
2024-08-31 09:27:10,BTCUSD_PERP,bid,58600,752.72
2024-08-31 09:27:16,BTCUSD_PERP,bid,58600,752.76
2024-08-31 09:28:00,BTCUSD_PERP,bid,58600,752.8
2024-08-31 09:30:35,BTCUSD_PERP,bid,58600,636.64
2024-08-31 09:30:35,BTCUSD_PERP,bid,58600,694.26
2024-08-31 09:30:35,BTCUSD_PERP,bid,58600,810.38
2024-08-31 09:47:15,BTCUSD_PERP,bid,58600,752.91
2024-08-31 09:47:16,BTCUSD_PERP,bid,58600,695.44
2024-08-31 09:47:16,BTCUSD_PERP,bid,58600,637.97
2024-08-31 09:47:16,BTCUSD_PERP,bid,58600,580.5
2024-08-31 09:52:16,BTCUSD_PERP,bid,58600,522.44
2024-08-31 10:00:42,BTCUSD_PERP,bid,58700,581.11
2024-08-31 10:00:43,BTCUSD_PERP,bid,58700,639.23
2024-08-31 10:00:43,BTCUSD_PERP,bid,58700,697.35
2024-08-31 10:00:43,BTCUSD_PERP,bid,58700,755.47
2024-08-31 10:02:23,BTCUSD_PERP,bid,58600,638.78
2024-08-31 10:02:23,BTCUSD_PERP,bid,58600,696.86
2024-08-31 10:05:57,BTCUSD_PERP,bid,58600,580.7
2024-08-31 10:05:57,BTCUSD_PERP,bid,58600,522.62
2024-08-31 10:05:57,BTCUSD_PERP,bid,58600,696.63
2024-08-31 10:13:43,BTCUSD_PERP,bid,58600,638.57
2024-08-31 10:28:58,BTCUSD_PERP,bid,58600,580.51
2024-08-31 10:28:59,BTCUSD_PERP,bid,58600,522.45
2024-08-31 10:29:00,BTCUSD_PERP,bid,58600,522.73
2024-08-31 10:29:00,BTCUSD_PERP,bid,58600,580.82
2024-08-31 10:29:00,BTCUSD_PERP,bid,58600,638.91
2024-08-31 10:30:22,BTCUSD_PERP,bid,58600,580.82
2024-08-31 10:49:27,BTCUSD_PERP,bid,58700,523.25
2024-08-31 10:49:27,BTCUSD_PERP,bid,58700,581.4
2024-08-31 10:49:27,BTCUSD_PERP,bid,58700,639.55
2024-08-31 10:49:28,BTCUSD_PERP,bid,58700,697.7
2024-08-31 10:58:12,BTCUSD_PERP,bid,58700,697.7
2024-08-31 11:11:38,BTCUSD_PERP,bid,58700,581.4
2024-08-31 11:11:40,BTCUSD_PERP,bid,58700,523.08
2024-08-31 11:11:40,BTCUSD_PERP,bid,58700,639.22
2024-08-31 11:11:40,BTCUSD_PERP,bid,58700,697.34
2024-08-31 11:12:28,BTCUSD_PERP,bid,58700,639.22
2024-08-31 11:12:28,BTCUSD_PERP,bid,58700,522.98
2024-08-31 11:12:29,BTCUSD_PERP,bid,58700,581.4
2024-08-31 11:12:29,BTCUSD_PERP,bid,58700,697.7
2024-08-31 11:30:43,BTCUSD_PERP,bid,58700,581.4
2024-08-31 11:30:43,BTCUSD_PERP,bid,58700,523.25
2024-08-31 11:30:43,BTCUSD_PERP,bid,58600,521.53
2024-08-31 11:30:44,BTCUSD_PERP,bid,58700,580.62
2024-08-31 11:30:44,BTCUSD_PERP,bid,58700,696.39
2024-08-31 11:30:44,BTCUSD_PERP,bid,58700,753.98
2024-08-31 11:30:44,BTCUSD_PERP,bid,58700,812.16
2024-08-31 11:30:44,BTCUSD_PERP,bid,58700,870.34
2024-08-31 11:30:44,BTCUSD_PERP,bid,58700,927.93
2024-08-31 11:30:44,BTCUSD_PERP,bid,58700,986.01
2024-08-31 11:30:44,BTCUSD_PERP,bid,58700,1043.6
2024-08-31 11:31:05,BTCUSD_PERP,bid,58700,1043.64
2024-08-31 11:33:24,BTCUSD_PERP,bid,58700,927.87
2024-08-31 11:33:24,BTCUSD_PERP,bid,58700,869.69
2024-08-31 11:33:24,BTCUSD_PERP,bid,58700,811.51
2024-08-31 11:33:24,BTCUSD_PERP,bid,58700,695.15
2024-08-31 11:33:24,BTCUSD_PERP,bid,58700,578.79
2024-08-31 11:33:25,BTCUSD_PERP,bid,58800,522.71
2024-08-31 11:33:25,BTCUSD_PERP,bid,58700,521.2
2024-08-31 11:33:25,BTCUSD_PERP,bid,58800,754.86
2024-08-31 11:33:25,BTCUSD_PERP,bid,58800,870.1
2024-08-31 11:33:25,BTCUSD_PERP,bid,58800,985.93
2024-08-31 11:33:25,BTCUSD_PERP,bid,58800,1043.55
2024-08-31 11:33:26,BTCUSD_PERP,bid,58800,1101.76
2024-08-31 11:39:29,BTCUSD_PERP,bid,58700,927.83
2024-08-31 11:39:30,BTCUSD_PERP,bid,58700,986.01
2024-08-31 11:42:23,BTCUSD_PERP,bid,58700,927.83
2024-08-31 11:42:23,BTCUSD_PERP,bid,58700,695.7
2024-08-31 11:42:23,BTCUSD_PERP,bid,58700,985.46
2024-08-31 11:43:47,BTCUSD_PERP,bid,58700,811.61
2024-08-31 11:43:48,BTCUSD_PERP,bid,58700,927.83
2024-08-31 11:43:48,BTCUSD_PERP,bid,58700,985.42
2024-08-31 11:43:48,BTCUSD_PERP,bid,58700,1043.6
2024-08-31 11:43:58,BTCUSD_PERP,bid,58700,1043.64
2024-08-31 11:44:05,BTCUSD_PERP,bid,58700,1043.68
2024-08-31 11:44:18,BTCUSD_PERP,bid,58700,1043.72
2024-08-31 11:46:07,BTCUSD_PERP,bid,58700,986.13
2024-08-31 11:46:07,BTCUSD_PERP,bid,58700,928.05
2024-08-31 11:46:07,BTCUSD_PERP,bid,58700,811.69
2024-08-31 11:46:07,BTCUSD_PERP,bid,58700,638.92
2024-08-31 11:46:07,BTCUSD_PERP,bid,58700,580.74
2024-08-31 11:46:07,BTCUSD_PERP,bid,58800,521.43
2024-08-31 11:46:07,BTCUSD_PERP,bid,58800,637.26
2024-08-31 11:46:08,BTCUSD_PERP,bid,58800,695.47
2024-08-31 11:46:08,BTCUSD_PERP,bid,58800,753.68
2024-08-31 11:46:08,BTCUSD_PERP,bid,58800,811.3
2024-08-31 11:46:08,BTCUSD_PERP,bid,58800,927.72
2024-08-31 11:46:08,BTCUSD_PERP,bid,58800,985.93
2024-08-31 11:46:08,BTCUSD_PERP,bid,58800,1044.14
2024-08-31 11:46:08,BTCUSD_PERP,bid,58800,1102.35
2024-08-31 12:02:47,BTCUSD_PERP,bid,58800,1044.73
2024-08-31 12:02:48,BTCUSD_PERP,bid,58800,929.49
2024-08-31 12:02:48,BTCUSD_PERP,bid,58800,871.87
2024-08-31 12:02:48,BTCUSD_PERP,bid,58800,814.25
2024-08-31 12:02:49,BTCUSD_PERP,bid,58800,756.63
2024-08-31 12:15:03,BTCUSD_PERP,bid,58800,757.22
2024-08-31 12:15:39,BTCUSD_PERP,bid,58700,755.65
2024-08-31 12:15:39,BTCUSD_PERP,bid,58700,813.83
2024-08-31 12:15:39,BTCUSD_PERP,bid,58700,813.87
2024-08-31 12:19:03,BTCUSD_PERP,bid,58700,813.83
2024-08-31 12:21:09,BTCUSD_PERP,bid,58700,697.47
2024-08-31 12:21:09,BTCUSD_PERP,bid,58700,639.29
2024-08-31 12:21:09,BTCUSD_PERP,bid,58700,522.93
2024-08-31 12:21:10,BTCUSD_PERP,bid,58700,755.26
2024-08-31 12:21:10,BTCUSD_PERP,bid,58700,813.41
2024-08-31 12:31:25,BTCUSD_PERP,bid,58700,755.26
2024-08-31 12:31:26,BTCUSD_PERP,bid,58700,638.96
2024-08-31 12:31:26,BTCUSD_PERP,bid,58700,580.81
2024-08-31 12:31:26,BTCUSD_PERP,bid,58700,522.66
2024-08-31 12:31:27,BTCUSD_PERP,bid,58700,523.61
2024-08-31 12:31:27,BTCUSD_PERP,bid,58700,581.69
2024-08-31 12:31:27,BTCUSD_PERP,bid,58700,639.87
2024-08-31 12:31:27,BTCUSD_PERP,bid,58700,698.05
2024-08-31 12:31:27,BTCUSD_PERP,bid,58700,756.23
2024-08-31 12:32:37,BTCUSD_PERP,bid,58700,639.97
2024-08-31 12:32:37,BTCUSD_PERP,bid,58700,582.38
2024-08-31 12:32:37,BTCUSD_PERP,bid,58700,524.2
2024-08-31 12:32:38,BTCUSD_PERP,bid,58800,522.69
2024-08-31 12:32:38,BTCUSD_PERP,bid,58800,580.91
2024-08-31 12:32:38,BTCUSD_PERP,bid,58800,639.13
2024-08-31 12:32:38,BTCUSD_PERP,bid,58800,697.35
2024-08-31 12:32:39,BTCUSD_PERP,bid,58800,813.79
2024-08-31 12:32:39,BTCUSD_PERP,bid,58800,872.01
2024-08-31 12:32:40,BTCUSD_PERP,bid,58800,874.12
2024-08-31 12:33:36,BTCUSD_PERP,bid,58700,813.22
2024-08-31 12:33:36,BTCUSD_PERP,bid,58700,871.4
2024-08-31 12:50:16,BTCUSD_PERP,bid,58700,813.82
2024-08-31 12:50:16,BTCUSD_PERP,bid,58700,756.24
2024-08-31 12:50:17,BTCUSD_PERP,bid,58700,581.7
2024-08-31 12:50:17,BTCUSD_PERP,bid,58700,697.82
2024-08-31 12:50:17,BTCUSD_PERP,bid,58700,755.98
2024-08-31 12:50:18,BTCUSD_PERP,bid,58700,813.55
2024-08-31 12:50:18,BTCUSD_PERP,bid,58700,871.12
2024-08-31 12:50:18,BTCUSD_PERP,bid,58700,871.16
2024-08-31 12:50:26,BTCUSD_PERP,bid,58700,871.2
2024-08-31 12:50:27,BTCUSD_PERP,bid,58700,871.24
2024-08-31 12:53:48,BTCUSD_PERP,bid,58700,871.2
2024-08-31 12:53:54,BTCUSD_PERP,bid,58700,871.16
2024-08-31 12:53:58,BTCUSD_PERP,bid,58700,871.12
2024-08-31 12:59:49,BTCUSD_PERP,bid,58700,812.96
2024-08-31 12:59:49,BTCUSD_PERP,bid,58700,812.55
2024-08-31 12:59:49,BTCUSD_PERP,bid,58700,870.68
2024-08-31 13:16:29,BTCUSD_PERP,bid,58700,813.14
2024-08-31 13:16:30,BTCUSD_PERP,bid,58700,755.6
2024-08-31 13:19:55,BTCUSD_PERP,bid,47000,2442.46
2024-08-31 13:29:05,BTCUSD_PERP,bid,58700,523.08
2024-08-31 13:32:36,BTCUSD_PERP,bid,47000,2441.99
2024-08-31 13:43:14,BTCUSD_PERP,bid,58700,754.49
2024-08-31 13:43:14,BTCUSD_PERP,bid,58700,812.62
2024-08-31 13:47:48,BTCUSD_PERP,bid,58700,754.49
2024-08-31 13:47:48,BTCUSD_PERP,bid,58600,638.4
2024-08-31 13:47:48,BTCUSD_PERP,bid,58600,754.0
2024-08-31 13:47:48,BTCUSD_PERP,bid,58600,812.14
2024-08-31 13:51:16,BTCUSD_PERP,bid,58600,812.1
2024-08-31 13:58:59,BTCUSD_PERP,bid,58600,754.0
2024-08-31 13:59:00,BTCUSD_PERP,bid,58600,696.0
2024-08-31 13:59:00,BTCUSD_PERP,bid,58600,579.8
2024-08-31 13:59:00,BTCUSD_PERP,bid,58600,521.7
2024-08-31 13:59:00,BTCUSD_PERP,bid,58600,522.53
2024-08-31 13:59:00,BTCUSD_PERP,bid,58600,580.6
2024-08-31 13:59:01,BTCUSD_PERP,bid,58600,696.74
2024-08-31 13:59:01,BTCUSD_PERP,bid,58600,754.21
2024-08-31 13:59:01,BTCUSD_PERP,bid,58600,811.68
2024-08-31 13:59:02,BTCUSD_PERP,bid,58600,869.75
2024-08-31 13:59:43,BTCUSD_PERP,bid,58600,869.79
2024-08-31 14:00:00,BTCUSD_PERP,bid,58600,869.83
2024-08-31 14:00:13,BTCUSD_PERP,bid,58600,869.87
2024-08-31 14:03:06,BTCUSD_PERP,bid,58600,869.83
2024-08-31 14:03:20,BTCUSD_PERP,bid,58600,869.79
2024-08-31 14:03:47,BTCUSD_PERP,bid,58600,869.75
2024-08-31 14:07:18,BTCUSD_PERP,bid,58600,637.47
2024-08-31 14:07:18,BTCUSD_PERP,bid,58600,754.0
2024-08-31 14:07:18,BTCUSD_PERP,bid,58600,812.1
2024-08-31 14:07:18,BTCUSD_PERP,bid,58600,870.2
2024-08-31 14:07:21,BTCUSD_PERP,bid,58600,870.24
2024-08-31 14:10:43,BTCUSD_PERP,bid,58600,870.2
2024-08-31 14:14:11,BTCUSD_PERP,bid,58600,754.0
2024-08-31 14:14:11,BTCUSD_PERP,bid,58600,811.68
2024-08-31 14:14:11,BTCUSD_PERP,bid,58600,869.75
2024-08-31 14:14:12,BTCUSD_PERP,bid,58600,984.71
2024-08-31 14:14:12,BTCUSD_PERP,bid,58600,1042.19
2024-08-31 14:14:12,BTCUSD_PERP,bid,58600,1099.67
2024-08-31 14:14:13,BTCUSD_PERP,bid,58600,1157.15
2024-08-31 14:18:46,BTCUSD_PERP,bid,58600,693.26
2024-08-31 14:18:46,BTCUSD_PERP,bid,58600,751.29
2024-08-31 14:24:38,BTCUSD_PERP,bid,58500,578.82
2024-08-31 14:26:05,BTCUSD_PERP,bid,58500,520.82
2024-08-31 14:26:07,BTCUSD_PERP,bid,58600,521.09
2024-08-31 14:26:10,BTCUSD_PERP,bid,58600,521.09
2024-08-31 14:26:21,BTCUSD_PERP,bid,58600,519.81
2024-08-31 14:29:05,BTCUSD_PERP,bid,58500,519.54
2024-08-31 14:29:17,BTCUSD_PERP,bid,58500,519.58
2024-08-31 14:29:26,BTCUSD_PERP,bid,58500,520.82
2024-08-31 14:29:26,BTCUSD_PERP,bid,58500,578.23
2024-08-31 14:29:47,BTCUSD_PERP,bid,58500,519.44
2024-08-31 14:35:45,BTCUSD_PERP,bid,58500,519.68
2024-08-31 14:35:46,BTCUSD_PERP,bid,58500,577.09
2024-08-31 14:38:48,BTCUSD_PERP,bid,58500,520.23
2024-08-31 14:38:49,BTCUSD_PERP,bid,58500,519.68
2024-08-31 14:41:27,BTCUSD_PERP,bid,58600,520.86
2024-08-31 14:41:27,BTCUSD_PERP,bid,58600,578.93
2024-08-31 14:41:28,BTCUSD_PERP,bid,58600,637.0
2024-08-31 14:41:28,BTCUSD_PERP,bid,58600,695.07
2024-08-31 14:41:28,BTCUSD_PERP,bid,58600,810.62
2024-08-31 14:41:28,BTCUSD_PERP,bid,58600,926.07
2024-08-31 14:41:28,BTCUSD_PERP,bid,58500,564.53
2024-08-31 14:41:28,BTCUSD_PERP,bid,58600,984.14
2024-08-31 14:41:49,BTCUSD_PERP,bid,58600,984.18
2024-08-31 14:42:01,BTCUSD_PERP,bid,58600,984.22
2024-08-31 14:45:15,BTCUSD_PERP,bid,58600,984.18
2024-08-31 14:45:29,BTCUSD_PERP,bid,58600,984.14
2024-08-31 14:46:49,BTCUSD_PERP,bid,58600,984.18
2024-08-31 14:50:23,BTCUSD_PERP,bid,58600,984.14
2024-08-31 14:50:56,BTCUSD_PERP,bid,58600,926.07
2024-08-31 14:50:56,BTCUSD_PERP,bid,58600,868.0
2024-08-31 14:50:56,BTCUSD_PERP,bid,58600,809.93
2024-08-31 14:50:57,BTCUSD_PERP,bid,58600,751.86
2024-08-31 14:50:57,BTCUSD_PERP,bid,58600,693.79
2024-08-31 14:50:57,BTCUSD_PERP,bid,58600,578.83
2024-08-31 14:50:57,BTCUSD_PERP,bid,58500,564.23
2024-08-31 14:50:57,BTCUSD_PERP,bid,58600,1040.49
2024-08-31 14:50:57,BTCUSD_PERP,bid,58600,1098.53
2024-08-31 14:50:57,BTCUSD_PERP,bid,58600,1156.57
2024-08-31 14:57:18,BTCUSD_PERP,bid,58600,1098.53
2024-08-31 14:57:18,BTCUSD_PERP,bid,58500,809.1
2024-08-31 14:57:18,BTCUSD_PERP,bid,58500,1097.97
2024-08-31 14:57:19,BTCUSD_PERP,bid,58500,563.94
2024-08-31 14:57:19,BTCUSD_PERP,bid,58500,1155.98
2024-08-31 15:13:59,BTCUSD_PERP,bid,58500,1098.56
2024-08-31 15:13:59,BTCUSD_PERP,bid,58500,1041.14
2024-08-31 15:13:59,BTCUSD_PERP,bid,58500,926.3
2024-08-31 15:14:00,BTCUSD_PERP,bid,58500,811.46
2024-08-31 15:14:00,BTCUSD_PERP,bid,58500,754.04
2024-08-31 15:20:26,BTCUSD_PERP,bid,58500,637.57
2024-08-31 15:20:26,BTCUSD_PERP,bid,58500,695.54
2024-08-31 15:32:52,BTCUSD_PERP,bid,58500,637.57
2024-08-31 15:32:53,BTCUSD_PERP,bid,58500,521.63
2024-08-31 15:43:43,BTCUSD_PERP,bid,58500,809.26
2024-08-31 15:43:43,BTCUSD_PERP,bid,58500,924.63
2024-08-31 15:43:43,BTCUSD_PERP,bid,58500,982.61
2024-08-31 15:48:29,BTCUSD_PERP,bid,58500,800.8
2024-08-31 15:48:29,BTCUSD_PERP,bid,58400,563.35
2024-08-31 15:48:29,BTCUSD_PERP,bid,58500,858.74
2024-08-31 15:48:39,BTCUSD_PERP,bid,58500,518.51
2024-08-31 15:48:40,BTCUSD_PERP,bid,58500,519.73
2024-08-31 15:48:41,BTCUSD_PERP,bid,58500,520.77
2024-08-31 15:48:41,BTCUSD_PERP,bid,58500,578.71
2024-08-31 15:50:04,BTCUSD_PERP,bid,58500,518.51
2024-08-31 15:50:11,BTCUSD_PERP,bid,58500,576.76
2024-08-31 15:50:11,BTCUSD_PERP,bid,58500,692.11
2024-08-31 15:52:53,BTCUSD_PERP,bid,58500,634.72
2024-08-31 15:52:53,BTCUSD_PERP,bid,58500,518.78
2024-08-31 15:52:53,BTCUSD_PERP,bid,58500,518.56
2024-08-31 15:52:54,BTCUSD_PERP,bid,58500,633.86
2024-08-31 15:52:54,BTCUSD_PERP,bid,58500,691.8
2024-08-31 15:53:02,BTCUSD_PERP,bid,58500,691.84
2024-08-31 15:53:09,BTCUSD_PERP,ask,59600,507.77
2024-08-31 15:53:20,BTCUSD_PERP,ask,59600,527.44
2024-08-31 15:53:23,BTCUSD_PERP,ask,59600,536.97
2024-08-31 15:53:24,BTCUSD_PERP,ask,59600,546.5
2024-08-31 15:53:25,BTCUSD_PERP,ask,59600,552.46
2024-08-31 15:53:33,BTCUSD_PERP,ask,59600,558.42
2024-08-31 15:53:40,BTCUSD_PERP,ask,59600,567.95
2024-08-31 15:53:44,BTCUSD_PERP,ask,59600,587.62
2024-08-31 15:53:45,BTCUSD_PERP,ask,59600,593.58
2024-08-31 15:53:45,BTCUSD_PERP,ask,59600,599.54
2024-08-31 15:53:46,BTCUSD_PERP,ask,59600,609.07
2024-08-31 15:53:47,BTCUSD_PERP,ask,59600,618.6
2024-08-31 15:53:48,BTCUSD_PERP,ask,59600,627.84
2024-08-31 15:53:49,BTCUSD_PERP,ask,59600,637.37
2024-08-31 15:53:50,BTCUSD_PERP,ask,59600,646.9
2024-08-31 15:53:54,BTCUSD_PERP,ask,59600,652.86
2024-08-31 15:53:54,BTCUSD_PERP,ask,59600,658.82
2024-08-31 15:53:54,BTCUSD_PERP,ask,59600,668.35
2024-08-31 15:53:54,BTCUSD_PERP,bid,58500,691.88
2024-08-31 15:53:55,BTCUSD_PERP,ask,59600,677.88
2024-08-31 15:54:07,BTCUSD_PERP,ask,59600,668.35
2024-08-31 15:54:07,BTCUSD_PERP,ask,59600,677.88
2024-08-31 15:54:21,BTCUSD_PERP,ask,59600,687.71
2024-08-31 15:54:23,BTCUSD_PERP,ask,59600,678.18
2024-08-31 15:54:24,BTCUSD_PERP,ask,59600,687.71
2024-08-31 15:54:24,BTCUSD_PERP,ask,59600,678.18
2024-08-31 15:54:24,BTCUSD_PERP,ask,59600,687.71
2024-08-31 15:54:33,BTCUSD_PERP,ask,59600,681.75
2024-08-31 15:54:33,BTCUSD_PERP,ask,59600,687.71
2024-08-31 15:54:40,BTCUSD_PERP,ask,59600,658.51
2024-08-31 15:54:45,BTCUSD_PERP,ask,59600,652.55
2024-08-31 15:54:45,BTCUSD_PERP,ask,59600,646.59
2024-08-31 15:54:46,BTCUSD_PERP,ask,59600,637.06
2024-08-31 15:54:47,BTCUSD_PERP,ask,59600,627.53
2024-08-31 15:54:48,BTCUSD_PERP,ask,59600,618.29
2024-08-31 15:54:49,BTCUSD_PERP,ask,59600,608.76
2024-08-31 15:54:51,BTCUSD_PERP,ask,59600,599.23
2024-08-31 15:54:54,BTCUSD_PERP,ask,59600,579.56
2024-08-31 15:54:54,BTCUSD_PERP,ask,59600,573.6
2024-08-31 15:54:54,BTCUSD_PERP,ask,59600,564.07
2024-08-31 15:54:55,BTCUSD_PERP,ask,59600,554.54
2024-08-31 15:55:07,BTCUSD_PERP,ask,59600,545.01
2024-08-31 15:55:09,BTCUSD_PERP,ask,59600,539.05
2024-08-31 15:55:21,BTCUSD_PERP,ask,59600,519.38
2024-08-31 15:55:24,BTCUSD_PERP,ask,59600,509.85
2024-08-31 15:56:35,BTCUSD_PERP,bid,58500,691.84
2024-08-31 15:57:26,BTCUSD_PERP,bid,58500,691.8
2024-08-31 15:58:19,BTCUSD_PERP,bid,58500,633.86
2024-08-31 15:58:19,BTCUSD_PERP,bid,58500,644.38
2024-08-31 15:58:20,BTCUSD_PERP,bid,58500,644.42
2024-08-31 15:58:35,BTCUSD_PERP,ask,59600,517.03
2024-08-31 15:58:35,BTCUSD_PERP,ask,59600,522.98
2024-08-31 15:59:26,BTCUSD_PERP,ask,59600,513.45
2024-08-31 15:59:27,BTCUSD_PERP,ask,59600,503.92
2024-08-31 16:00:07,BTCUSD_PERP,bid,58400,577.03
2024-08-31 16:00:07,BTCUSD_PERP,bid,58400,692.2
2024-08-31 16:01:44,BTCUSD_PERP,bid,58400,634.32
2024-08-31 16:10:01,BTCUSD_PERP,ask,59600,519.28
2024-08-31 16:10:17,BTCUSD_PERP,ask,59500,535.2
2024-08-31 16:10:18,BTCUSD_PERP,ask,59500,544.72
2024-08-31 16:10:54,BTCUSD_PERP,ask,59500,525.26
2024-08-31 16:10:59,BTCUSD_PERP,ask,59500,509.22
2024-08-31 16:12:47,BTCUSD_PERP,bid,58300,576.42
2024-08-31 16:15:19,BTCUSD_PERP,bid,58300,519.24
2024-08-31 16:15:20,BTCUSD_PERP,bid,58300,518.34
2024-08-31 16:15:20,BTCUSD_PERP,bid,58300,576.14
2024-08-31 16:15:20,BTCUSD_PERP,bid,58300,633.94
2024-08-31 16:15:20,BTCUSD_PERP,bid,58300,691.15
2024-08-31 16:15:40,BTCUSD_PERP,bid,58300,691.19
2024-08-31 16:17:23,BTCUSD_PERP,bid,58300,633.39
2024-08-31 16:17:23,BTCUSD_PERP,bid,58300,576.18
2024-08-31 16:17:25,BTCUSD_PERP,bid,58300,518.65
2024-08-31 16:17:25,BTCUSD_PERP,bid,58300,576.42
2024-08-31 16:17:25,BTCUSD_PERP,bid,58300,690.79
2024-08-31 16:19:16,BTCUSD_PERP,bid,58300,805.8
2024-08-31 16:20:54,BTCUSD_PERP,bid,58300,748.65
2024-08-31 16:20:55,BTCUSD_PERP,bid,58300,633.19
2024-08-31 16:20:55,BTCUSD_PERP,bid,58300,518.31
2024-08-31 16:20:55,BTCUSD_PERP,bid,58300,518.1
2024-08-31 16:20:56,BTCUSD_PERP,bid,58300,575.28
2024-08-31 16:20:56,BTCUSD_PERP,bid,58300,633.04
2024-08-31 16:20:56,BTCUSD_PERP,bid,58300,690.8
2024-08-31 16:20:56,BTCUSD_PERP,bid,58300,806.22
2024-08-31 16:21:12,BTCUSD_PERP,bid,58300,806.26
2024-08-31 16:23:03,BTCUSD_PERP,bid,58300,691.32
2024-08-31 16:23:03,BTCUSD_PERP,bid,58300,633.56
2024-08-31 16:23:03,BTCUSD_PERP,bid,58300,575.8
2024-08-31 16:23:04,BTCUSD_PERP,bid,58300,518.44
2024-08-31 16:23:04,BTCUSD_PERP,bid,58300,576.24
2024-08-31 16:23:04,BTCUSD_PERP,bid,58300,633.94
2024-08-31 16:23:04,BTCUSD_PERP,bid,58300,691.74
2024-08-31 16:23:04,BTCUSD_PERP,bid,58300,806.75
2024-08-31 16:26:54,BTCUSD_PERP,bid,58300,691.74
2024-08-31 16:26:55,BTCUSD_PERP,bid,58300,633.94
2024-08-31 16:26:55,BTCUSD_PERP,bid,58300,576.14
2024-08-31 16:26:55,BTCUSD_PERP,bid,58400,518.57
2024-08-31 16:26:55,BTCUSD_PERP,bid,58400,633.63
2024-08-31 16:26:56,BTCUSD_PERP,bid,58400,691.46
2024-08-31 16:26:56,BTCUSD_PERP,bid,58400,749.29
2024-08-31 16:26:56,BTCUSD_PERP,bid,58400,807.12
2024-08-31 16:27:00,BTCUSD_PERP,bid,58400,807.16
2024-08-31 16:29:20,BTCUSD_PERP,bid,58400,818.82
2024-08-31 16:30:34,BTCUSD_PERP,bid,58400,818.78
2024-08-31 16:31:15,BTCUSD_PERP,bid,58400,760.95
2024-08-31 16:31:15,BTCUSD_PERP,bid,58400,703.72
2024-08-31 16:31:15,BTCUSD_PERP,bid,58400,645.89
2024-08-31 16:31:15,BTCUSD_PERP,bid,58400,588.06
2024-08-31 16:31:16,BTCUSD_PERP,bid,58400,518.89
2024-08-31 16:31:53,BTCUSD_PERP,bid,58400,519.18
2024-08-31 16:31:53,BTCUSD_PERP,bid,58400,577.07
2024-08-31 16:31:53,BTCUSD_PERP,bid,58400,634.96
2024-08-31 16:31:56,BTCUSD_PERP,bid,58400,636.18
2024-08-31 16:31:58,BTCUSD_PERP,bid,58400,638.28
2024-08-31 16:31:58,BTCUSD_PERP,bid,58400,652.29
2024-08-31 16:32:46,BTCUSD_PERP,bid,47000,2442.46
2024-08-31 16:33:22,BTCUSD_PERP,bid,58400,651.07
2024-08-31 16:33:58,BTCUSD_PERP,bid,58400,634.96
2024-08-31 16:34:22,BTCUSD_PERP,bid,58400,750.32
2024-08-31 16:41:21,BTCUSD_PERP,bid,58400,692.56
2024-08-31 16:41:21,BTCUSD_PERP,bid,58400,864.4
2024-08-31 16:44:41,BTCUSD_PERP,bid,58300,863.95
2024-08-31 16:46:19,BTCUSD_PERP,ask,59500,509.68
2024-08-31 16:46:19,BTCUSD_PERP,ask,59500,519.19
2024-08-31 16:46:20,BTCUSD_PERP,ask,59500,528.4
2024-08-31 16:46:23,BTCUSD_PERP,ask,59500,537.91
2024-08-31 16:46:26,BTCUSD_PERP,ask,59500,547.42
2024-08-31 16:46:31,BTCUSD_PERP,ask,59500,553.36
2024-08-31 16:46:31,BTCUSD_PERP,ask,59500,572.38
2024-08-31 16:46:41,BTCUSD_PERP,ask,59500,513.47
2024-08-31 16:48:05,BTCUSD_PERP,bid,58300,806.15
2024-08-31 16:48:05,BTCUSD_PERP,bid,58300,748.35
2024-08-31 16:48:05,BTCUSD_PERP,bid,58300,574.95
2024-08-31 16:48:05,BTCUSD_PERP,bid,58300,517.74
2024-08-31 16:48:07,BTCUSD_PERP,bid,58400,633.67
2024-08-31 16:48:07,BTCUSD_PERP,bid,58400,748.74
2024-08-31 16:53:53,BTCUSD_PERP,bid,58400,691.5
2024-08-31 16:53:54,BTCUSD_PERP,bid,58400,576.43
2024-08-31 16:53:54,BTCUSD_PERP,bid,58400,519.0
2024-08-31 16:53:55,BTCUSD_PERP,bid,58400,576.76
2024-08-31 16:54:00,BTCUSD_PERP,bid,58400,576.8
2024-08-31 16:55:18,BTCUSD_PERP,bid,58400,691.02
2024-08-31 16:57:06,BTCUSD_PERP,bid,58300,748.46
2024-08-31 17:09:37,BTCUSD_PERP,bid,58300,575.65
2024-08-31 17:09:38,BTCUSD_PERP,bid,58400,576.5
2024-08-31 17:09:39,BTCUSD_PERP,bid,58400,633.73
2024-08-31 17:09:39,BTCUSD_PERP,bid,58400,748.79
2024-08-31 17:11:39,BTCUSD_PERP,ask,59500,510.5
2024-08-31 17:11:40,BTCUSD_PERP,ask,59500,516.45
2024-08-31 17:11:44,BTCUSD_PERP,ask,59500,525.97
2024-08-31 17:11:45,BTCUSD_PERP,ask,59500,531.92
2024-08-31 17:11:47,BTCUSD_PERP,ask,59500,541.44
2024-08-31 17:11:53,BTCUSD_PERP,ask,59500,550.96
2024-08-31 17:11:57,BTCUSD_PERP,ask,59500,556.91
2024-08-31 17:11:59,BTCUSD_PERP,ask,59500,562.86
2024-08-31 17:12:27,BTCUSD_PERP,bid,58400,633.73
2024-08-31 17:12:28,BTCUSD_PERP,bid,58400,575.9
2024-08-31 17:12:28,BTCUSD_PERP,bid,58400,518.67
2024-08-31 17:12:29,BTCUSD_PERP,bid,58400,518.87
2024-08-31 17:12:29,BTCUSD_PERP,bid,58400,634.59
2024-08-31 17:12:29,BTCUSD_PERP,bid,58400,749.13
2024-08-31 17:12:29,BTCUSD_PERP,bid,58400,864.85
2024-08-31 17:12:29,BTCUSD_PERP,bid,58400,922.12
2024-08-31 17:12:35,BTCUSD_PERP,ask,59500,553.34
2024-08-31 17:12:38,BTCUSD_PERP,ask,59500,543.82
2024-08-31 17:12:44,BTCUSD_PERP,ask,59500,534.3
2024-08-31 17:12:45,BTCUSD_PERP,ask,59500,528.35
2024-08-31 17:12:47,BTCUSD_PERP,ask,59500,518.83
2024-08-31 17:12:53,BTCUSD_PERP,ask,59500,509.31
2024-08-31 17:14:06,BTCUSD_PERP,ask,59600,503.61
2024-08-31 17:14:26,BTCUSD_PERP,bid,58400,864.26
2024-08-31 17:14:26,BTCUSD_PERP,bid,58400,806.4
2024-08-31 17:14:27,BTCUSD_PERP,bid,58400,749.13
2024-08-31 17:14:27,BTCUSD_PERP,bid,58400,691.27
2024-08-31 17:14:27,BTCUSD_PERP,bid,58400,575.55
2024-08-31 17:14:27,BTCUSD_PERP,bid,58400,518.61
2024-08-31 17:14:27,BTCUSD_PERP,bid,58400,576.49
2024-08-31 17:15:35,BTCUSD_PERP,bid,58400,519.18
2024-08-31 17:15:37,BTCUSD_PERP,bid,58500,518.83
2024-08-31 17:16:38,BTCUSD_PERP,bid,58500,529.62
2024-08-31 17:16:38,BTCUSD_PERP,bid,58500,644.95
2024-08-31 17:16:38,BTCUSD_PERP,bid,58500,702.91
2024-08-31 17:18:21,BTCUSD_PERP,bid,58500,645.54
2024-08-31 17:18:21,BTCUSD_PERP,bid,58500,587.58
2024-08-31 17:18:22,BTCUSD_PERP,bid,58500,529.62
2024-08-31 17:18:23,BTCUSD_PERP,bid,58500,518.87
2024-08-31 17:18:30,BTCUSD_PERP,bid,58500,532.89
2024-08-31 17:18:31,BTCUSD_PERP,bid,58500,534.99
2024-08-31 17:18:33,BTCUSD_PERP,bid,58500,535.03
2024-08-31 17:18:49,BTCUSD_PERP,bid,58500,535.07
2024-08-31 17:19:18,BTCUSD_PERP,bid,58500,535.11
2024-08-31 17:19:24,BTCUSD_PERP,bid,58500,521.09
2024-08-31 17:19:26,BTCUSD_PERP,bid,58500,518.99
2024-08-31 17:21:54,BTCUSD_PERP,bid,58500,518.95
2024-08-31 17:22:10,BTCUSD_PERP,bid,58500,518.91
2024-08-31 17:22:40,BTCUSD_PERP,bid,58500,518.87
2024-08-31 17:40:31,BTCUSD_PERP,ask,69500,440.81
2024-08-31 17:48:21,BTCUSD_PERP,bid,58500,577.64
2024-08-31 17:48:21,BTCUSD_PERP,bid,58500,692.46
2024-08-31 17:48:21,BTCUSD_PERP,bid,58500,865.28
2024-08-31 17:48:21,BTCUSD_PERP,bid,58500,923.28
2024-08-31 17:48:21,BTCUSD_PERP,bid,58500,981.28
2024-08-31 17:48:21,BTCUSD_PERP,bid,58500,1097.18
2024-08-31 17:48:22,BTCUSD_PERP,bid,58500,1155.18
2024-08-31 17:48:22,BTCUSD_PERP,bid,58500,1213.18
2024-08-31 17:48:22,BTCUSD_PERP,bid,58500,530.14
2024-08-31 17:48:22,BTCUSD_PERP,bid,58500,573.6
2024-08-31 17:50:53,BTCUSD_PERP,bid,58500,530.14
2024-08-31 17:50:53,BTCUSD_PERP,bid,58500,1040.95
2024-08-31 17:50:53,BTCUSD_PERP,bid,58500,983.54
2024-08-31 17:50:53,BTCUSD_PERP,bid,58500,926.13
2024-08-31 17:50:53,BTCUSD_PERP,bid,58500,868.13
2024-08-31 17:50:53,BTCUSD_PERP,bid,58500,810.72
2024-08-31 17:50:54,BTCUSD_PERP,bid,58500,695.31
2024-08-31 17:50:54,BTCUSD_PERP,bid,58500,637.31
2024-08-31 17:50:54,BTCUSD_PERP,bid,58500,579.31
2024-08-31 17:50:54,BTCUSD_PERP,bid,58500,521.31
2024-08-31 17:50:55,BTCUSD_PERP,bid,58600,522.18
2024-08-31 17:50:55,BTCUSD_PERP,bid,58600,579.63
2024-08-31 17:57:18,BTCUSD_PERP,bid,58600,519.0
2024-08-31 17:58:23,BTCUSD_PERP,bid,58600,518.73
2024-08-31 17:58:25,BTCUSD_PERP,bid,58600,576.17
2024-08-31 17:58:27,BTCUSD_PERP,bid,58600,576.21
2024-08-31 18:01:54,BTCUSD_PERP,bid,58600,576.17
2024-08-31 18:07:35,BTCUSD_PERP,bid,58600,522.18
2024-08-31 18:08:29,BTCUSD_PERP,bid,58500,521.91
2024-08-31 18:08:30,BTCUSD_PERP,bid,58500,579.91
2024-08-31 18:15:03,BTCUSD_PERP,bid,58600,518.73
2024-08-31 18:15:26,BTCUSD_PERP,bid,58500,521.91
2024-08-31 18:15:28,BTCUSD_PERP,bid,58600,522.26
2024-08-31 18:21:59,BTCUSD_PERP,bid,58600,522.53
2024-08-31 18:21:59,BTCUSD_PERP,bid,58600,580.6
2024-08-31 18:28:14,BTCUSD_PERP,bid,58600,522.53
2024-08-31 18:28:16,BTCUSD_PERP,bid,58600,522.27
2024-08-31 18:28:16,BTCUSD_PERP,bid,58600,580.31
2024-08-31 18:28:16,BTCUSD_PERP,bid,58600,580.35
2024-08-31 18:31:44,BTCUSD_PERP,bid,58600,580.31
2024-08-31 18:33:51,BTCUSD_PERP,bid,58600,522.27
2024-08-31 18:33:53,BTCUSD_PERP,bid,58500,521.99
2024-08-31 18:33:53,BTCUSD_PERP,bid,58500,580.0
2024-08-31 18:41:31,BTCUSD_PERP,bid,58600,522.26
2024-08-31 18:41:31,BTCUSD_PERP,bid,58600,580.3
2024-08-31 18:41:31,BTCUSD_PERP,bid,58600,580.34
2024-08-31 18:43:36,BTCUSD_PERP,ask,59700,511.76
2024-08-31 18:43:40,BTCUSD_PERP,ask,59700,517.73
2024-08-31 18:43:44,BTCUSD_PERP,ask,59700,527.28
2024-08-31 18:43:47,BTCUSD_PERP,ask,59700,536.83
2024-08-31 18:44:22,BTCUSD_PERP,ask,59700,527.28
2024-08-31 18:44:23,BTCUSD_PERP,ask,59700,517.73
2024-08-31 18:44:24,BTCUSD_PERP,ask,59700,511.76
2024-08-31 18:44:26,BTCUSD_PERP,ask,59700,502.21
2024-08-31 18:44:57,BTCUSD_PERP,bid,58600,580.3
2024-08-31 18:44:58,BTCUSD_PERP,bid,58600,580.34
2024-08-31 18:48:28,BTCUSD_PERP,bid,58600,580.3
2024-08-31 18:54:36,BTCUSD_PERP,ask,59700,503.11
2024-08-31 18:54:39,BTCUSD_PERP,ask,59700,512.66
2024-08-31 18:54:39,BTCUSD_PERP,ask,59700,522.21
2024-08-31 18:54:41,BTCUSD_PERP,ask,59700,528.18
2024-08-31 18:54:46,BTCUSD_PERP,ask,59700,534.14
2024-08-31 18:54:46,BTCUSD_PERP,ask,59700,543.69
2024-08-31 18:54:46,BTCUSD_PERP,ask,59700,549.66
2024-08-31 18:54:48,BTCUSD_PERP,ask,59700,569.36
2024-08-31 18:54:51,BTCUSD_PERP,ask,59700,578.91
2024-08-31 18:54:52,BTCUSD_PERP,ask,59700,584.87
2024-08-31 18:54:54,BTCUSD_PERP,ask,59700,594.42
2024-08-31 18:54:59,BTCUSD_PERP,ask,59700,603.97
2024-08-31 18:55:29,BTCUSD_PERP,ask,59700,594.42
2024-08-31 18:55:30,BTCUSD_PERP,ask,59700,588.45
2024-08-31 18:55:33,BTCUSD_PERP,ask,59700,569.65
2024-08-31 18:55:35,BTCUSD_PERP,ask,59700,560.1
2024-08-31 18:55:36,BTCUSD_PERP,ask,59700,550.55
2024-08-31 18:55:39,BTCUSD_PERP,ask,59700,541.0
2024-08-31 18:55:40,BTCUSD_PERP,ask,59700,531.45
2024-08-31 18:55:42,BTCUSD_PERP,ask,59700,525.48
2024-08-31 18:55:44,BTCUSD_PERP,ask,59700,505.78
2024-08-31 18:56:11,BTCUSD_PERP,bid,58600,522.26
2024-08-31 19:07:43,BTCUSD_PERP,ask,59700,511.83
2024-08-31 19:07:44,BTCUSD_PERP,ask,59700,531.51
2024-08-31 19:07:47,BTCUSD_PERP,ask,59700,541.05
2024-08-31 19:07:47,BTCUSD_PERP,ask,59700,550.59
2024-08-31 19:07:48,BTCUSD_PERP,ask,59700,556.55
2024-08-31 19:07:55,BTCUSD_PERP,ask,59700,562.51
2024-08-31 19:07:57,BTCUSD_PERP,ask,59700,568.47
2024-08-31 19:07:57,BTCUSD_PERP,ask,59700,574.43
2024-08-31 19:07:58,BTCUSD_PERP,ask,59700,583.97
2024-08-31 19:08:01,BTCUSD_PERP,ask,59700,593.51
2024-08-31 19:08:12,BTCUSD_PERP,ask,59700,583.97
2024-08-31 19:08:24,BTCUSD_PERP,ask,59700,574.43
2024-08-31 19:08:36,BTCUSD_PERP,ask,59700,564.89
2024-08-31 19:08:38,BTCUSD_PERP,ask,59700,558.93
2024-08-31 19:08:39,BTCUSD_PERP,ask,59700,549.69
2024-08-31 19:08:40,BTCUSD_PERP,ask,59700,540.15
2024-08-31 19:08:42,BTCUSD_PERP,ask,59700,530.61
2024-08-31 19:08:43,BTCUSD_PERP,ask,59700,521.07
2024-08-31 19:17:44,BTCUSD_PERP,bid,58500,564.04
2024-08-31 19:17:44,BTCUSD_PERP,bid,58500,621.97
2024-08-31 19:17:44,BTCUSD_PERP,bid,58500,679.9
2024-08-31 19:17:45,BTCUSD_PERP,bid,58600,522.26
2024-08-31 19:17:45,BTCUSD_PERP,bid,58600,580.3
2024-08-31 19:17:49,BTCUSD_PERP,bid,58500,636.44
2024-08-31 19:17:49,BTCUSD_PERP,bid,58500,578.51
2024-08-31 19:20:08,BTCUSD_PERP,ask,59700,503.55
2024-08-31 19:20:08,BTCUSD_PERP,ask,59700,513.1
2024-08-31 19:20:37,BTCUSD_PERP,ask,59700,503.55
2024-08-31 19:25:37,BTCUSD_PERP,bid,58600,522.26
2024-08-31 19:25:39,BTCUSD_PERP,bid,58600,522.53
2024-08-31 19:25:39,BTCUSD_PERP,bid,58600,580.6
2024-08-31 19:29:30,BTCUSD_PERP,bid,58600,522.53
2024-08-31 19:29:31,BTCUSD_PERP,bid,58600,522.26
2024-08-31 19:29:31,BTCUSD_PERP,bid,58600,580.3
2024-08-31 19:30:05,BTCUSD_PERP,bid,58600,580.34
2024-08-31 19:30:24,BTCUSD_PERP,bid,58600,580.38
2024-08-31 19:30:33,BTCUSD_PERP,bid,58600,580.42
2024-08-31 19:30:36,BTCUSD_PERP,bid,58600,580.46
2024-08-31 19:33:29,BTCUSD_PERP,bid,58600,580.42
2024-08-31 19:33:41,BTCUSD_PERP,bid,58600,580.38
2024-08-31 19:33:48,BTCUSD_PERP,bid,58600,580.34
2024-08-31 19:33:53,BTCUSD_PERP,bid,58600,580.3
2024-08-31 19:39:00,BTCUSD_PERP,bid,58600,522.26
2024-08-31 19:42:04,BTCUSD_PERP,bid,58600,521.03
2024-08-31 19:42:05,BTCUSD_PERP,bid,58600,637.23
2024-08-31 19:42:05,BTCUSD_PERP,bid,58600,694.74
2024-08-31 19:42:05,BTCUSD_PERP,bid,58600,752.84
2024-08-31 19:42:05,BTCUSD_PERP,bid,58600,810.94
2024-08-31 19:42:05,BTCUSD_PERP,bid,58600,927.14
2024-08-31 19:42:08,BTCUSD_PERP,bid,58600,927.18
2024-08-31 19:45:28,BTCUSD_PERP,bid,58600,927.14
2024-08-31 19:50:26,BTCUSD_PERP,bid,58600,811.53
2024-08-31 19:50:26,BTCUSD_PERP,bid,58600,754.02
2024-08-31 19:50:26,BTCUSD_PERP,bid,58600,695.92
2024-08-31 19:50:26,BTCUSD_PERP,bid,58600,637.82
2024-08-31 20:06:28,BTCUSD_PERP,bid,58700,521.88
2024-08-31 20:15:02,BTCUSD_PERP,bid,58600,577.91
2024-08-31 20:15:49,BTCUSD_PERP,bid,58600,577.95
2024-08-31 20:19:09,BTCUSD_PERP,bid,58600,577.91
2024-08-31 20:20:41,BTCUSD_PERP,bid,58600,519.83
2024-08-31 20:20:42,BTCUSD_PERP,bid,58700,521.28
2024-08-31 20:20:42,BTCUSD_PERP,bid,58700,578.81
2024-08-31 20:20:43,BTCUSD_PERP,bid,58700,694.47
2024-08-31 20:29:56,BTCUSD_PERP,bid,58600,694.11
2024-08-31 20:29:56,BTCUSD_PERP,bid,58600,752.21
2024-08-31 20:35:54,BTCUSD_PERP,bid,58600,520.51
2024-08-31 20:35:54,BTCUSD_PERP,bid,58700,635.73
2024-08-31 20:35:54,BTCUSD_PERP,bid,58700,693.86
2024-08-31 20:35:54,BTCUSD_PERP,bid,58700,751.99
2024-08-31 20:35:54,BTCUSD_PERP,bid,58700,810.12
2024-08-31 20:36:29,BTCUSD_PERP,bid,58700,810.16
2024-08-31 20:36:41,BTCUSD_PERP,bid,58700,810.2
2024-08-31 20:36:43,BTCUSD_PERP,bid,58700,810.24
2024-08-31 20:38:08,BTCUSD_PERP,bid,58700,752.11
2024-08-31 20:38:08,BTCUSD_PERP,bid,58700,693.98
2024-08-31 20:38:08,BTCUSD_PERP,bid,58700,636.45
2024-08-31 20:38:08,BTCUSD_PERP,bid,58700,578.92
2024-08-31 20:38:09,BTCUSD_PERP,bid,58600,520.41
2024-08-31 20:38:09,BTCUSD_PERP,bid,58600,578.51
2024-08-31 20:38:09,BTCUSD_PERP,bid,58600,636.61
2024-08-31 20:38:10,BTCUSD_PERP,bid,58600,752.21
2024-08-31 20:38:10,BTCUSD_PERP,bid,58600,809.71
2024-08-31 20:38:12,BTCUSD_PERP,bid,58600,809.75
2024-08-31 20:41:45,BTCUSD_PERP,bid,58600,809.71
2024-08-31 20:48:46,BTCUSD_PERP,bid,58600,752.21
2024-08-31 20:48:46,BTCUSD_PERP,bid,58600,577.91
2024-08-31 20:48:47,BTCUSD_PERP,bid,58600,520.29
2024-08-31 20:48:47,BTCUSD_PERP,bid,58600,578.26
2024-08-31 20:48:47,BTCUSD_PERP,bid,58600,635.73
2024-08-31 20:48:47,BTCUSD_PERP,bid,58600,809.34
2024-08-31 20:50:41,BTCUSD_PERP,bid,58600,751.43
2024-08-31 20:50:41,BTCUSD_PERP,bid,58600,809.47
2024-08-31 20:50:46,BTCUSD_PERP,ask,59700,523.53
2024-08-31 20:50:47,BTCUSD_PERP,ask,59700,533.08
2024-08-31 20:50:48,BTCUSD_PERP,ask,59700,542.63
2024-08-31 20:50:48,BTCUSD_PERP,ask,59700,548.6
2024-08-31 20:50:52,BTCUSD_PERP,ask,59700,554.57
2024-08-31 20:50:56,BTCUSD_PERP,ask,59700,564.12
2024-08-31 20:50:56,BTCUSD_PERP,ask,59700,573.67
2024-08-31 20:51:14,BTCUSD_PERP,bid,58500,577.61
2024-08-31 20:51:41,BTCUSD_PERP,ask,59700,514.51
2024-08-31 20:51:42,BTCUSD_PERP,ask,59700,507.39
2024-08-31 20:51:44,BTCUSD_PERP,ask,59700,516.93
2024-08-31 20:51:45,BTCUSD_PERP,ask,59700,526.47
2024-08-31 20:51:45,BTCUSD_PERP,ask,59700,536.01
2024-08-31 20:51:48,BTCUSD_PERP,ask,59700,545.55
2024-08-31 20:51:48,BTCUSD_PERP,ask,59700,555.09
2024-08-31 20:51:49,BTCUSD_PERP,ask,59700,561.05
2024-08-31 20:51:53,BTCUSD_PERP,ask,59700,567.01
2024-08-31 20:52:37,BTCUSD_PERP,ask,59700,557.47
2024-08-31 20:52:38,BTCUSD_PERP,bid,58500,519.92
2024-08-31 20:52:38,BTCUSD_PERP,bid,58500,577.31
2024-08-31 20:52:39,BTCUSD_PERP,ask,59700,548.22
2024-08-31 20:52:39,BTCUSD_PERP,ask,59700,542.26
2024-08-31 20:52:42,BTCUSD_PERP,bid,58500,818.23
2024-08-31 20:52:42,BTCUSD_PERP,bid,58500,876.18
2024-08-31 20:52:44,BTCUSD_PERP,ask,59700,523.18
2024-08-31 20:52:45,BTCUSD_PERP,ask,59700,513.64
2024-08-31 20:52:46,BTCUSD_PERP,ask,59700,504.1
2024-08-31 20:52:51,BTCUSD_PERP,ask,59600,545.92
2024-08-31 20:52:53,BTCUSD_PERP,ask,59600,551.88
2024-08-31 20:52:53,BTCUSD_PERP,ask,59600,557.84
2024-08-31 20:52:55,BTCUSD_PERP,ask,59600,538.34
2024-08-31 20:52:57,BTCUSD_PERP,ask,59600,558.02
2024-08-31 20:52:57,BTCUSD_PERP,ask,59600,567.56
2024-08-31 20:53:00,BTCUSD_PERP,ask,59600,577.1
2024-08-31 20:53:05,BTCUSD_PERP,bid,58500,818.23
2024-08-31 20:53:05,BTCUSD_PERP,bid,58500,703.53
2024-08-31 20:53:05,BTCUSD_PERP,bid,58500,645.68
2024-08-31 20:53:05,BTCUSD_PERP,bid,58500,529.78
2024-08-31 20:53:06,BTCUSD_PERP,bid,58500,519.93
2024-08-31 20:53:06,BTCUSD_PERP,bid,58500,577.91
2024-08-31 20:53:06,BTCUSD_PERP,bid,58500,635.29
2024-08-31 20:53:07,BTCUSD_PERP,bid,58500,692.67
2024-08-31 20:53:07,BTCUSD_PERP,bid,58500,750.65
2024-08-31 20:53:07,BTCUSD_PERP,bid,58500,866.61
2024-08-31 20:53:45,BTCUSD_PERP,ask,59600,567.56
2024-08-31 20:53:46,BTCUSD_PERP,ask,59600,558.02
2024-08-31 20:53:48,BTCUSD_PERP,ask,59600,548.48
2024-08-31 20:53:49,BTCUSD_PERP,ask,59600,538.94
2024-08-31 20:53:49,BTCUSD_PERP,ask,59600,529.4
2024-08-31 20:53:50,BTCUSD_PERP,ask,59600,523.44
2024-08-31 20:53:54,BTCUSD_PERP,ask,59600,517.48
2024-08-31 20:53:58,BTCUSD_PERP,ask,59600,507.94
2024-08-31 20:55:31,BTCUSD_PERP,bid,58500,808.63
2024-08-31 20:55:31,BTCUSD_PERP,bid,58500,751.25
2024-08-31 20:55:32,BTCUSD_PERP,bid,58500,693.27
2024-08-31 20:55:32,BTCUSD_PERP,bid,58500,635.29
2024-08-31 20:55:32,BTCUSD_PERP,bid,58500,519.93
2024-08-31 20:55:33,BTCUSD_PERP,bid,58500,577.71
2024-08-31 20:55:33,BTCUSD_PERP,bid,58500,635.06
2024-08-31 20:55:33,BTCUSD_PERP,bid,58500,692.91
2024-08-31 20:55:33,BTCUSD_PERP,bid,58500,750.26
2024-08-31 20:55:33,BTCUSD_PERP,bid,58500,808.21
2024-08-31 20:55:33,BTCUSD_PERP,bid,58500,866.16
2024-08-31 20:55:33,BTCUSD_PERP,bid,58500,923.51
2024-08-31 20:55:42,BTCUSD_PERP,bid,58500,576.74
2024-08-31 20:55:42,BTCUSD_PERP,bid,58500,634.65
2024-08-31 20:55:42,BTCUSD_PERP,ask,59600,536.28
2024-08-31 20:56:51,BTCUSD_PERP,ask,59600,510.88
2024-08-31 20:56:51,BTCUSD_PERP,ask,59600,520.41
2024-08-31 20:56:51,BTCUSD_PERP,ask,59600,526.36
2024-08-31 20:57:47,BTCUSD_PERP,ask,59600,516.83
2024-08-31 20:57:48,BTCUSD_PERP,ask,59600,507.3
2024-08-31 20:58:18,BTCUSD_PERP,ask,59600,510.92
2024-08-31 21:00:30,BTCUSD_PERP,bid,58400,691.6
2024-08-31 21:00:43,BTCUSD_PERP,ask,59500,506.75
2024-08-31 21:01:57,BTCUSD_PERP,bid,58400,577.12
2024-08-31 21:01:57,BTCUSD_PERP,bid,58400,519.29
2024-08-31 21:01:58,BTCUSD_PERP,bid,58400,519.03
2024-08-31 21:01:58,BTCUSD_PERP,bid,58400,634.17
2024-08-31 21:01:59,BTCUSD_PERP,bid,58400,691.44
2024-08-31 21:01:59,BTCUSD_PERP,bid,58400,749.31
2024-08-31 21:02:08,BTCUSD_PERP,bid,58400,691.44
2024-08-31 21:02:09,BTCUSD_PERP,bid,58400,576.3
2024-08-31 21:03:33,BTCUSD_PERP,bid,58400,634.54
2024-08-31 21:04:41,BTCUSD_PERP,bid,58400,922.23
2024-08-31 21:04:41,BTCUSD_PERP,bid,58400,980.1
2024-08-31 21:05:05,BTCUSD_PERP,bid,58400,635.11
2024-08-31 21:05:05,BTCUSD_PERP,bid,58400,1095.91
2024-08-31 21:05:28,BTCUSD_PERP,bid,58400,980.21
2024-08-31 21:05:28,BTCUSD_PERP,bid,58500,865.47
2024-08-31 21:05:28,BTCUSD_PERP,bid,58500,923.4
2024-08-31 21:06:23,BTCUSD_PERP,bid,58500,866.06
2024-08-31 21:06:23,BTCUSD_PERP,bid,58500,634.93
2024-08-31 21:06:23,BTCUSD_PERP,bid,58500,519.66
2024-08-31 21:06:24,BTCUSD_PERP,bid,58500,519.91
2024-08-31 21:06:24,BTCUSD_PERP,bid,58500,635.83
2024-08-31 21:06:24,BTCUSD_PERP,bid,58500,693.69
2024-08-31 21:06:24,BTCUSD_PERP,bid,58500,751.06
2024-08-31 21:06:25,BTCUSD_PERP,bid,58500,866.39
2024-08-31 21:06:26,BTCUSD_PERP,bid,58500,867.61
2024-08-31 21:08:26,BTCUSD_PERP,bid,58500,866.39
2024-08-31 21:08:51,BTCUSD_PERP,bid,58500,981.17
2024-08-31 21:10:21,BTCUSD_PERP,bid,58500,692.11
2024-08-31 21:10:21,BTCUSD_PERP,bid,58500,577.74
2024-08-31 21:10:21,BTCUSD_PERP,bid,58500,635.11
2024-08-31 21:10:21,BTCUSD_PERP,bid,58500,751.03
2024-08-31 21:10:21,BTCUSD_PERP,bid,58500,808.4
2024-08-31 21:10:21,BTCUSD_PERP,bid,58500,866.36
2024-08-31 21:10:21,BTCUSD_PERP,bid,58500,923.73
2024-08-31 21:10:22,BTCUSD_PERP,bid,58500,1039.06
2024-08-31 21:10:22,BTCUSD_PERP,bid,58500,1097.02
2024-08-31 21:12:58,BTCUSD_PERP,bid,58500,981.69
2024-08-31 21:12:59,BTCUSD_PERP,bid,58500,808.4
2024-08-31 21:12:59,BTCUSD_PERP,bid,58500,750.44
2024-08-31 21:12:59,BTCUSD_PERP,bid,58500,693.07
2024-08-31 21:12:59,BTCUSD_PERP,bid,58500,635.11
2024-08-31 21:12:59,BTCUSD_PERP,bid,58500,519.61
2024-08-31 21:12:59,BTCUSD_PERP,bid,58500,519.28
2024-08-31 21:12:59,BTCUSD_PERP,bid,58500,751.51
2024-08-31 21:12:59,BTCUSD_PERP,bid,58500,924.31
2024-08-31 21:13:00,BTCUSD_PERP,bid,58500,1039.71
2024-08-31 21:13:00,BTCUSD_PERP,bid,58500,1155.11
2024-08-31 21:13:02,BTCUSD_PERP,bid,58500,1155.15
2024-08-31 21:13:12,BTCUSD_PERP,bid,58500,1097.75
2024-08-31 21:13:12,BTCUSD_PERP,bid,58500,981.75
2024-08-31 21:13:12,BTCUSD_PERP,bid,58500,924.35
2024-08-31 21:13:13,BTCUSD_PERP,bid,58500,808.95
2024-08-31 21:13:13,BTCUSD_PERP,bid,58500,751.55
2024-08-31 21:13:13,BTCUSD_PERP,bid,58500,693.55
2024-08-31 21:13:13,BTCUSD_PERP,bid,58500,636.14
2024-08-31 21:13:14,BTCUSD_PERP,bid,58500,520.14
2024-08-31 21:13:14,BTCUSD_PERP,bid,58600,577.92
2024-08-31 21:14:49,BTCUSD_PERP,bid,58500,520.21
2024-08-31 21:14:49,BTCUSD_PERP,bid,58500,924.91
2024-08-31 21:14:49,BTCUSD_PERP,bid,58500,982.91
2024-08-31 21:16:30,BTCUSD_PERP,bid,58500,924.91
2024-08-31 21:16:30,BTCUSD_PERP,bid,58500,866.91
2024-08-31 21:16:30,BTCUSD_PERP,bid,58500,752.11
2024-08-31 21:16:30,BTCUSD_PERP,bid,58500,636.71
2024-08-31 21:16:31,BTCUSD_PERP,bid,58500,578.71
2024-08-31 21:16:31,BTCUSD_PERP,bid,58500,520.71
2024-08-31 21:16:31,BTCUSD_PERP,bid,58500,519.78
2024-08-31 21:16:31,BTCUSD_PERP,bid,58500,692.49
2024-08-31 21:16:31,BTCUSD_PERP,bid,58500,808.41
2024-08-31 21:16:31,BTCUSD_PERP,bid,58500,866.37
2024-08-31 21:16:31,BTCUSD_PERP,bid,58500,924.33
2024-08-31 21:16:31,BTCUSD_PERP,bid,58500,981.7
2024-08-31 21:16:32,BTCUSD_PERP,bid,58500,1039.66
2024-08-31 21:16:32,BTCUSD_PERP,bid,58500,1097.03
2024-08-31 21:16:32,BTCUSD_PERP,bid,58500,1154.99
2024-08-31 21:16:33,BTCUSD_PERP,bid,58500,1155.03
2024-08-31 21:16:36,BTCUSD_PERP,bid,58500,1155.07
2024-08-31 21:18:14,BTCUSD_PERP,bid,58500,1097.11
2024-08-31 21:18:14,BTCUSD_PERP,ask,59600,507.44
2024-08-31 21:18:14,BTCUSD_PERP,bid,58500,1096.45
2024-08-31 21:20:25,BTCUSD_PERP,bid,58500,923.83
2024-08-31 21:20:25,BTCUSD_PERP,bid,58500,865.9
2024-08-31 21:20:25,BTCUSD_PERP,bid,58500,750.04
2024-08-31 21:20:26,BTCUSD_PERP,bid,58500,692.7
2024-08-31 21:20:26,BTCUSD_PERP,bid,58500,634.77
2024-08-31 21:20:26,BTCUSD_PERP,bid,58500,522.8
2024-08-31 21:20:26,BTCUSD_PERP,bid,58500,638.13
2024-08-31 21:20:26,BTCUSD_PERP,bid,58500,753.46
2024-08-31 21:20:26,BTCUSD_PERP,bid,58500,869.38
2024-08-31 21:20:26,BTCUSD_PERP,bid,58500,926.75
2024-08-31 21:20:26,BTCUSD_PERP,bid,58500,1042.58
2024-08-31 21:20:26,BTCUSD_PERP,bid,58500,1099.95
2024-08-31 21:20:27,BTCUSD_PERP,bid,58500,1157.91
2024-08-31 21:20:30,BTCUSD_PERP,bid,58500,1157.95
2024-08-31 21:23:40,BTCUSD_PERP,bid,58500,1099.99
2024-08-31 21:23:41,BTCUSD_PERP,bid,58500,1042.62
2024-08-31 21:23:41,BTCUSD_PERP,bid,58500,869.33
2024-08-31 21:23:41,BTCUSD_PERP,bid,58500,811.37
2024-08-31 21:23:41,BTCUSD_PERP,bid,58500,696.04
2024-08-31 21:23:42,BTCUSD_PERP,bid,58500,638.08
2024-08-31 21:23:42,BTCUSD_PERP,bid,58500,522.74
2024-08-31 21:23:42,BTCUSD_PERP,bid,58500,519.54
2024-08-31 21:23:42,BTCUSD_PERP,bid,58500,692.95
2024-08-31 21:23:42,BTCUSD_PERP,bid,58500,750.95
2024-08-31 21:23:42,BTCUSD_PERP,bid,58500,808.95
2024-08-31 21:23:44,BTCUSD_PERP,bid,58500,808.99
2024-08-31 21:23:48,BTCUSD_PERP,bid,58500,809.03
2024-08-31 21:23:52,BTCUSD_PERP,bid,58500,809.07
2024-08-31 21:23:55,BTCUSD_PERP,bid,58500,809.11
2024-08-31 21:27:05,BTCUSD_PERP,bid,58500,809.07
2024-08-31 21:27:17,BTCUSD_PERP,bid,58500,809.03
2024-08-31 21:27:17,BTCUSD_PERP,bid,58500,808.99
2024-08-31 21:27:26,BTCUSD_PERP,bid,58500,808.95
2024-08-31 21:31:56,BTCUSD_PERP,bid,58500,692.95
2024-08-31 21:31:56,BTCUSD_PERP,bid,58500,635.54
2024-08-31 21:31:57,BTCUSD_PERP,bid,58500,577.54
2024-08-31 21:31:57,BTCUSD_PERP,bid,58500,519.54
2024-08-31 21:31:58,BTCUSD_PERP,bid,58600,519.84
2024-08-31 21:31:58,BTCUSD_PERP,bid,58600,635.31
2024-08-31 21:31:58,BTCUSD_PERP,bid,58600,808.81
2024-08-31 21:32:09,BTCUSD_PERP,bid,58600,750.78
2024-08-31 21:32:09,BTCUSD_PERP,bid,58600,693.34
2024-08-31 21:32:09,BTCUSD_PERP,bid,58600,577.87
2024-08-31 21:32:09,BTCUSD_PERP,bid,58600,520.43
