2024-08-24 07:00:00,BTCUSDT,bid,62800,643.549
2024-08-24 07:00:17,BTCUSDT,bid,62800,643.552
2024-08-24 07:00:21,BTCUSDT,bid,62800,643.562
2024-08-24 07:00:37,BTCUSDT,bid,62800,643.498
2024-08-24 07:00:38,BTCUSDT,bid,62800,643.488
2024-08-24 07:00:57,BTCUSDT,bid,63300,514.966
2024-08-24 07:01:28,BTCUSDT,bid,63300,514.184
2024-08-24 07:01:48,BTCUSDT,bid,63300,514.484
2024-08-24 07:02:47,BTCUSDT,bid,63300,514.531
2024-08-24 07:03:25,BTCUSDT,bid,63300,514.731
2024-08-24 07:03:31,BTCUSDT,bid,63300,514.777
2024-08-24 07:03:32,BTCUSDT,bid,63300,515.559
2024-08-24 07:03:33,BTCUSDT,bid,63300,516.341
2024-08-24 07:04:03,BTCUSDT,bid,63300,515.559
2024-08-24 07:04:03,BTCUSDT,bid,63300,514.777
2024-08-24 07:04:37,BTCUSDT,bid,62800,643.51
2024-08-24 07:04:46,BTCUSDT,bid,63300,515.25
2024-08-24 07:05:30,BTCUSDT,bid,63300,515.211
2024-08-24 07:05:31,BTCUSDT,bid,62800,643.351
2024-08-24 07:05:53,BTCUSDT,bid,62800,643.347
2024-08-24 07:05:53,BTCUSDT,bid,63300,515.209
2024-08-24 07:07:14,BTCUSDT,bid,62800,643.349
2024-08-24 07:07:23,BTCUSDT,bid,62800,643.425
2024-08-24 07:07:33,BTCUSDT,bid,63300,515.212
2024-08-24 07:07:35,BTCUSDT,bid,63300,515.217
2024-08-24 07:08:22,BTCUSDT,bid,63300,515.214
2024-08-24 07:08:27,BTCUSDT,bid,63300,515.297
2024-08-24 07:08:42,BTCUSDT,bid,62800,643.628
2024-08-24 07:09:35,BTCUSDT,bid,63300,515.308
2024-08-24 07:09:54,BTCUSDT,bid,62800,643.639
2024-08-24 07:10:12,BTCUSDT,bid,62800,643.643
2024-08-24 07:10:38,BTCUSDT,bid,62800,644.424
2024-08-24 07:10:49,BTCUSDT,bid,63300,515.306
2024-08-24 07:11:19,BTCUSDT,bid,63300,515.286
2024-08-24 07:11:46,BTCUSDT,bid,63300,515.402
2024-08-24 07:11:50,BTCUSDT,bid,62800,644.426
2024-08-24 07:12:04,BTCUSDT,bid,63300,515.444
2024-08-24 07:12:27,BTCUSDT,bid,63300,515.464
2024-08-24 07:12:42,BTCUSDT,bid,62800,644.424
2024-08-24 07:13:27,BTCUSDT,bid,63300,515.467
2024-08-24 07:13:33,BTCUSDT,bid,63300,515.469
2024-08-24 07:13:45,BTCUSDT,bid,63300,516.415
2024-08-24 07:13:53,BTCUSDT,bid,63300,516.413
2024-08-24 07:14:02,BTCUSDT,bid,62800,644.436
2024-08-24 07:14:06,BTCUSDT,bid,62800,644.683
2024-08-24 07:14:10,BTCUSDT,bid,62800,645.109
2024-08-24 07:14:16,BTCUSDT,bid,62800,645.309
2024-08-24 07:14:27,BTCUSDT,bid,62800,645.297
2024-08-24 07:15:05,BTCUSDT,bid,62800,645.197
2024-08-24 07:15:08,BTCUSDT,bid,63300,516.462
2024-08-24 07:15:15,BTCUSDT,bid,63300,515.516
2024-08-24 07:15:28,BTCUSDT,bid,62800,645.194
2024-08-24 07:15:42,BTCUSDT,bid,63300,515.548
2024-08-24 07:15:42,BTCUSDT,bid,63300,515.516
2024-08-24 07:15:45,BTCUSDT,bid,63300,515.476
2024-08-24 07:16:07,BTCUSDT,bid,47000,886.81
2024-08-24 07:16:30,BTCUSDT,bid,62800,645.216
2024-08-24 07:16:34,BTCUSDT,bid,63300,515.501
2024-08-24 07:16:56,BTCUSDT,bid,63300,515.489
2024-08-24 07:17:07,BTCUSDT,bid,62800,646.216
2024-08-24 07:18:04,BTCUSDT,bid,63300,515.44
2024-08-24 07:18:04,BTCUSDT,bid,63300,515.47
2024-08-24 07:19:27,BTCUSDT,bid,62800,646.206
2024-08-24 07:19:59,BTCUSDT,bid,63300,515.48
2024-08-24 07:20:06,BTCUSDT,bid,62800,646.241
2024-08-24 07:20:24,BTCUSDT,bid,47000,884.804
2024-08-24 07:20:32,BTCUSDT,bid,63300,515.479
2024-08-24 07:00:13,BTCUSD_PERP,bid,63500,565.72
2024-08-24 07:00:13,BTCUSD_PERP,bid,63500,502.81
2024-08-24 07:00:24,BTCUSD_PERP,bid,63500,501.48
2024-08-24 07:02:29,BTCUSD_PERP,bid,63500,627.16
2024-08-24 07:02:29,BTCUSD_PERP,bid,63500,690.07
2024-08-24 07:03:40,BTCUSD_PERP,bid,63500,627.79
2024-08-24 07:03:40,BTCUSD_PERP,bid,63500,564.88
2024-08-24 07:03:40,BTCUSD_PERP,bid,63500,501.97
2024-08-24 07:03:41,BTCUSD_PERP,bid,63500,501.04
2024-08-24 07:03:41,BTCUSD_PERP,bid,63500,626.94
2024-08-24 07:03:41,BTCUSD_PERP,bid,63500,815.15
2024-08-24 07:03:41,BTCUSD_PERP,bid,63500,878.1
2024-08-24 07:03:41,BTCUSD_PERP,bid,63500,940.95
2024-08-24 07:03:42,BTCUSD_PERP,bid,63500,1003.26
2024-08-24 07:03:42,BTCUSD_PERP,bid,63500,1065.57
2024-08-24 07:05:13,BTCUSD_PERP,bid,63500,1065.57
2024-08-24 07:05:22,BTCUSD_PERP,bid,63500,813.87
2024-08-24 07:05:23,BTCUSD_PERP,bid,63500,751.56
2024-08-24 07:05:23,BTCUSD_PERP,bid,63500,626.3
2024-08-24 07:05:23,BTCUSD_PERP,bid,63500,501.04
2024-08-24 07:05:23,BTCUSD_PERP,bid,63600,564.8
2024-08-24 07:05:24,BTCUSD_PERP,bid,63600,627.14
2024-08-24 07:05:24,BTCUSD_PERP,bid,63600,690.12
2024-08-24 07:05:41,BTCUSD_PERP,bid,63600,627.14
2024-08-24 07:05:42,BTCUSD_PERP,bid,63600,501.92
2024-08-24 07:05:42,BTCUSD_PERP,bid,63600,502.78
2024-08-24 07:05:42,BTCUSD_PERP,bid,63600,628.18
2024-08-24 07:05:43,BTCUSD_PERP,bid,63600,691.2
2024-08-24 07:05:43,BTCUSD_PERP,bid,63600,753.58
2024-08-24 07:06:39,BTCUSD_PERP,bid,63600,627.34
2024-08-24 07:06:39,BTCUSD_PERP,bid,63600,690.33
2024-08-24 07:07:33,BTCUSD_PERP,ask,64800,508.03
2024-08-24 07:07:33,BTCUSD_PERP,ask,64800,518.39
2024-08-24 07:08:11,BTCUSD_PERP,bid,63400,486.51
2024-08-24 07:08:11,BTCUSD_PERP,bid,63500,1065.06
2024-08-24 07:08:11,BTCUSD_PERP,bid,63400,549.32
2024-08-24 07:08:11,BTCUSD_PERP,bid,63500,1127.98
2024-08-24 07:08:20,BTCUSD_PERP,ask,64700,476.45
2024-08-24 07:09:07,BTCUSD_PERP,ask,64700,470.04
2024-08-24 07:10:20,BTCUSD_PERP,bid,63500,814.14
2024-08-24 07:10:20,BTCUSD_PERP,bid,63500,1127.26
2024-08-24 07:10:20,BTCUSD_PERP,bid,63400,501.86
2024-08-24 07:10:20,BTCUSD_PERP,bid,63500,1190.14
2024-08-24 07:10:39,BTCUSD_PERP,bid,63500,1065.66
2024-08-24 07:10:39,BTCUSD_PERP,bid,63400,750.83
2024-08-24 07:10:39,BTCUSD_PERP,bid,63400,939.35
2024-08-24 07:10:39,BTCUSD_PERP,bid,63400,501.09
2024-08-24 07:10:39,BTCUSD_PERP,bid,63400,1002.19
2024-08-24 07:10:53,BTCUSD_PERP,ask,64700,467.69
2024-08-24 07:12:47,BTCUSD_PERP,bid,63400,1002.82
2024-08-24 07:12:54,BTCUSD_PERP,bid,63400,939.98
2024-08-24 07:12:54,BTCUSD_PERP,bid,63400,500.59
2024-08-24 07:12:55,BTCUSD_PERP,bid,63300,506.8
2024-08-24 07:12:55,BTCUSD_PERP,bid,63400,1001.08
2024-08-24 07:12:55,BTCUSD_PERP,bid,63300,569.5
2024-08-24 07:13:20,BTCUSD_PERP,bid,63300,563.58
2024-08-24 07:15:03,BTCUSD_PERP,bid,63400,938.27
2024-08-24 07:15:03,BTCUSD_PERP,bid,63400,875.46
2024-08-24 07:15:03,BTCUSD_PERP,bid,63300,501.46
2024-08-24 07:15:03,BTCUSD_PERP,bid,63400,750.47
2024-08-24 07:15:03,BTCUSD_PERP,bid,63400,562.67
2024-08-24 07:15:04,BTCUSD_PERP,bid,63400,500.49
2024-08-24 07:15:04,BTCUSD_PERP,bid,63400,500.24
2024-08-24 07:15:04,BTCUSD_PERP,bid,63400,562.45
2024-08-24 07:15:56,BTCUSD_PERP,bid,63400,500.24
2024-08-24 07:15:57,BTCUSD_PERP,bid,63400,500.49
2024-08-24 07:15:57,BTCUSD_PERP,bid,63400,563.3
2024-08-24 07:15:57,BTCUSD_PERP,bid,63400,750.47
2024-08-24 07:16:10,BTCUSD_PERP,bid,63400,574.23
2024-08-24 07:17:00,BTCUSD_PERP,bid,63400,511.46
2024-08-24 07:17:30,BTCUSD_PERP,bid,63400,500.96
2024-08-24 07:17:30,BTCUSD_PERP,bid,63400,563.72
2024-08-24 07:17:31,BTCUSD_PERP,bid,63400,626.58
2024-08-24 07:18:54,BTCUSD_PERP,bid,63400,814.76
2024-08-24 07:19:53,BTCUSD_PERP,bid,63400,563.43
2024-08-24 07:19:53,BTCUSD_PERP,bid,63400,626.25
2024-08-24 07:19:53,BTCUSD_PERP,bid,63400,751.26
2024-08-24 07:19:55,BTCUSD_PERP,bid,63400,751.31
2024-08-24 07:20:03,BTCUSD_PERP,ask,64900,539.59
2024-08-24 07:20:13,BTCUSD_PERP,bid,63400,689.13
2024-08-24 07:20:14,BTCUSD_PERP,bid,63400,626.31
2024-08-24 07:20:14,BTCUSD_PERP,bid,47000,2444.54
2024-08-24 07:20:14,BTCUSD_PERP,bid,63400,501.59
