2024-09-02 07:00:57,ETHUSDT,ask,2670,3816.319
2024-09-02 07:01:42,ETHUSDT,ask,2670,3816.309
2024-09-02 07:02:08,ETHUSDT,bid,2230,4490.579
2024-09-02 07:02:13,ETHUSDT,bid,2210,4529.57
2024-09-02 07:02:13,ETHUSDT,bid,2310,4440.609
2024-09-02 07:02:19,ETHUSDT,bid,2230,4490.559
2024-09-02 07:06:44,ETHUSDT,bid,2350,4390.687
2024-09-02 07:08:15,ETHUSDT,bid,1700,6064.398
2024-09-02 07:08:25,ETHUSDT,bid,2350,4389.412
2024-09-02 07:19:37,ETHUSDT,bid,2360,4347.37
2024-09-02 07:20:52,ETHUSDT,bid,2310,4441.721
2024-09-02 07:21:09,ETHUSDT,bid,2310,4441.73
2024-09-02 07:24:07,ETHUSDT,bid,2360,4348.37
2024-09-02 07:24:38,ETHUSDT,bid,2360,4331.448
2024-09-02 07:27:01,ETHUSDT,bid,2310,4441.743
2024-09-02 07:27:49,ETHUSDT,bid,2310,4440.631
2024-09-02 07:31:00,ETHUSDT,bid,2210,4528.178
2024-09-02 07:32:40,ETHUSDT,bid,2430,4144.373
2024-09-02 07:32:40,ETHUSDT,bid,2430,4144.373
2024-09-02 07:32:40,ETHUSDT,bid,2430,4144.373
2024-09-02 07:32:40,ETHUSDT,bid,2430,4144.373
2024-09-02 07:35:52,ETHUSDT,bid,2200,5073.855
2024-09-02 07:35:52,ETHUSDT,bid,2200,5073.865
2024-09-02 07:35:53,ETHUSDT,bid,2200,5073.865
2024-09-02 07:35:54,ETHUSDT,bid,2200,5073.865
2024-09-02 07:35:55,ETHUSDT,bid,2200,5073.865
2024-09-02 07:36:06,ETHUSDT,bid,2250,4503.054
2024-09-02 07:36:21,ETHUSDT,bid,2310,4440.444
2024-09-02 07:36:22,ETHUSDT,bid,2200,5073.855
2024-09-02 07:36:22,ETHUSDT,bid,2200,5073.845
2024-09-02 07:37:14,ETHUSDT,bid,2220,4517.611
2024-09-02 07:38:08,ETHUSDT,bid,1960,5453.096
2024-09-02 07:38:08,ETHUSDT,bid,1960,5453.096
2024-09-02 07:38:09,ETHUSDT,bid,1960,5453.096
2024-09-02 07:38:13,ETHUSDT,bid,2220,4517.47
2024-09-02 07:38:27,ETHUSDT,bid,2200,4536.307
2024-09-02 07:39:36,ETHUSDT,bid,2200,5073.875
2024-09-02 07:40:01,ETHUSDT,bid,2200,5073.885
2024-09-02 07:40:10,ETHUSDT,bid,2200,5073.895
2024-09-02 07:40:16,ETHUSDT,bid,2200,5073.875
2024-09-02 07:40:16,ETHUSDT,bid,2200,5073.865
2024-09-02 07:40:19,ETHUSDT,bid,2200,5073.855
2024-09-02 07:40:28,ETHUSDT,bid,2200,5073.845
2024-09-02 07:47:08,ETHUSDT,bid,2140,9366.461
2024-09-02 07:47:45,ETHUSDT,bid,2360,4331.659
2024-09-02 07:48:07,ETHUSDT,bid,2140,9366.14
2024-09-02 07:48:43,ETHUSDT,bid,2360,4444.248
2024-09-02 07:50:16,ETHUSDT,bid,2310,4440.764
2024-09-02 07:50:28,ETHUSDT,bid,1700,6064.451
2024-09-02 07:50:28,ETHUSDT,bid,2070,9667.094
2024-09-02 07:51:03,ETHUSDT,bid,2140,4866.17
2024-09-02 07:51:13,ETHUSDT,bid,2210,4528.796
2024-09-02 07:51:56,ETHUSDT,bid,2310,4441.074
2024-09-02 07:52:02,ETHUSDT,bid,2210,4529.374
2024-09-02 07:52:13,ETHUSDT,bid,2210,4528.756
2024-09-02 07:52:18,ETHUSDT,bid,2230,4490.608
2024-09-02 07:52:19,ETHUSDT,bid,2360,4444.28
2024-09-02 07:52:34,ETHUSDT,bid,2360,4444.248
2024-09-02 07:53:01,ETHUSDT,bid,2210,4528.178
2024-09-02 07:53:32,ETHUSDT,bid,2070,9669.992
2024-09-02 07:56:43,ETHUSDT,bid,2210,4578.178
2024-09-02 07:58:42,ETHUSDT,bid,2210,4578.5
2024-09-02 07:59:42,ETHUSDT,bid,2210,4578.178
2024-09-02 07:59:44,ETHUSDT,bid,2360,4448.248
2024-09-02 07:59:44,ETHUSDT,bid,2360,4450.408
2024-09-02 08:01:01,ETHUSDT,bid,2210,4528.178
2024-09-02 08:09:07,ETHUSDT,bid,2310,4439.777
2024-09-02 08:09:30,ETHUSDT,bid,1940,5157.939
2024-09-02 08:10:25,ETHUSDT,bid,2310,4440.642
2024-09-02 08:13:49,ETHUSDT,bid,2210,4528.188
2024-09-02 08:13:49,ETHUSDT,bid,2310,4440.652
2024-09-02 08:13:57,ETHUSDT,bid,1700,6064.398
2024-09-02 08:13:57,ETHUSDT,bid,2070,9669.939
2024-09-02 08:14:26,ETHUSDT,bid,2230,4490.559
2024-09-02 08:15:47,ETHUSDT,bid,2200,5073.855
2024-09-02 08:16:28,ETHUSDT,bid,2200,5073.845
2024-09-02 08:18:24,ETHUSDT,bid,2200,5073.855
2024-09-02 08:19:12,ETHUSDT,bid,2200,5073.845
2024-09-02 08:22:02,ETHUSDT,bid,2360,4449.408
2024-09-02 08:26:54,ETHUSDT,bid,2210,4578.188
2024-09-02 08:27:33,ETHUSDT,ask,2670,3816.235
2024-09-02 08:31:12,ETHUSDT,bid,2210,4528.188
2024-09-02 08:31:14,ETHUSDT,bid,1940,5149.326
2024-09-02 08:33:38,ETHUSDT,bid,1700,6063.585
2024-09-02 08:36:09,ETHUSDT,bid,2210,4529.218
2024-09-02 08:37:00,ETHUSDT,bid,2360,4449.426
2024-09-02 08:37:01,ETHUSDT,bid,2360,4449.444
2024-09-02 08:37:08,ETHUSDT,bid,2210,4530.139
2024-09-02 08:37:09,ETHUSDT,bid,2210,4529.109
2024-09-02 08:37:11,ETHUSDT,bid,2360,4449.408
2024-09-02 08:38:06,ETHUSDT,bid,2210,4528.188
2024-09-02 08:39:24,ETHUSDT,bid,2210,4529.346
2024-09-02 08:40:23,ETHUSDT,bid,2210,4528.188
2024-09-02 08:41:02,ETHUSDT,bid,2210,4529.254
2024-09-02 08:41:03,ETHUSDT,bid,2210,4530.155
2024-09-02 08:41:09,ETHUSDT,ask,2670,3816.635
2024-09-02 08:41:56,ETHUSDT,bid,2140,4866.18
2024-09-02 08:42:01,ETHUSDT,bid,2210,4529.089
2024-09-02 08:42:03,ETHUSDT,bid,2210,4528.188
2024-09-02 08:43:09,ETHUSDT,bid,2210,4528.134
2024-09-02 08:43:09,ETHUSDT,bid,2310,4440.598
2024-09-02 08:43:23,ETHUSDT,bid,2290,4370.161
2024-09-02 08:43:23,ETHUSDT,bid,2310,4439.598
2024-09-02 08:44:02,ETHUSDT,bid,2310,4439.671
2024-09-02 08:44:06,ETHUSDT,bid,2140,9366.212
2024-09-02 08:45:55,ETHUSDT,bid,2140,9484.612
2024-09-02 08:46:20,ETHUSDT,bid,2250,4521.054
2024-09-02 08:48:48,ETHUSDT,bid,2210,4528.448
2024-09-02 08:49:47,ETHUSDT,bid,2210,4528.134
2024-09-02 08:50:06,ETHUSDT,bid,2140,9366.212
2024-09-02 08:50:31,ETHUSDT,bid,1950,5120.078
2024-09-02 08:50:33,ETHUSDT,bid,2140,9471.212
2024-09-02 08:50:42,ETHUSDT,bid,2210,4528.622
2024-09-02 08:51:41,ETHUSDT,bid,2210,4528.134
2024-09-02 08:52:19,ETHUSDT,bid,2140,9647.212
2024-09-02 08:53:38,ETHUSDT,bid,2140,4866.17
2024-09-02 08:55:03,ETHUSDT,bid,2140,9542.212
2024-09-02 08:58:22,ETHUSDT,bid,2140,4868.17
2024-09-02 08:59:13,ETHUSDT,bid,2210,4529.766
2024-09-02 08:59:18,ETHUSDT,bid,2210,4530.195
2024-09-02 08:59:29,ETHUSDT,bid,2310,4437.506
2024-09-02 08:59:42,ETHUSDT,bid,2140,9533.359
2024-09-02 09:00:19,ETHUSDT,bid,2310,4437.073
2024-09-02 09:00:20,ETHUSDT,bid,2220,4507.738
2024-09-02 09:07:47,ETHUSDT,bid,2200,5073.855
2024-09-02 09:08:20,ETHUSDT,bid,2350,4389.953
2024-09-02 09:08:28,ETHUSDT,bid,2200,5073.845
2024-09-02 09:09:20,ETHUSDT,bid,2350,4389.412
2024-09-02 09:10:45,ETHUSDT,bid,2210,4530.185
2024-09-02 09:10:45,ETHUSDT,bid,2310,4437.063
2024-09-02 09:11:26,ETHUSDT,bid,2200,5073.855
2024-09-02 09:12:14,ETHUSDT,bid,2200,5073.845
2024-09-02 09:15:41,ETHUSDT,bid,2210,4526.787
2024-09-02 09:16:12,ETHUSDT,bid,2140,4868.203
2024-09-02 09:17:15,ETHUSDT,bid,2140,4866.203
2024-09-02 09:18:42,ETHUSDT,bid,1960,5443.096
2024-09-02 09:20:44,ETHUSDT,ask,2670,3816.268
2024-09-02 09:23:23,ETHUSDT,bid,2200,5073.855
2024-09-02 09:23:23,ETHUSDT,bid,2200,5073.855
2024-09-02 09:23:24,ETHUSDT,bid,2200,5073.865
2024-09-02 09:23:24,ETHUSDT,bid,2200,5073.875
2024-09-02 09:23:24,ETHUSDT,bid,2200,5073.885
2024-09-02 09:23:24,ETHUSDT,bid,2200,5073.885
2024-09-02 09:23:25,ETHUSDT,bid,2200,5073.895
2024-09-02 09:23:25,ETHUSDT,bid,2200,5073.895
2024-09-02 09:23:26,ETHUSDT,bid,2200,5073.905
2024-09-02 09:23:26,ETHUSDT,bid,2200,5073.895
2024-09-02 09:23:27,ETHUSDT,bid,2200,5073.895
2024-09-02 09:23:28,ETHUSDT,bid,2200,5073.895
2024-09-02 09:23:29,ETHUSDT,bid,2200,5073.895
2024-09-02 09:23:30,ETHUSDT,bid,2200,5073.895
2024-09-02 09:23:31,ETHUSDT,bid,2200,5073.895
2024-09-02 09:23:32,ETHUSDT,bid,2200,5073.905
2024-09-02 09:23:32,ETHUSDT,bid,2200,5073.895
2024-09-02 09:23:33,ETHUSDT,bid,2200,5073.885
2024-09-02 09:23:33,ETHUSDT,bid,2200,5073.875
2024-09-02 09:23:34,ETHUSDT,bid,2200,5073.865
2024-09-02 09:24:23,ETHUSDT,bid,2200,5073.855
2024-09-02 09:24:24,ETHUSDT,bid,2200,5073.845
2024-09-02 09:24:25,ETHUSDT,bid,2310,4436.631
2024-09-02 09:26:21,ETHUSDT,bid,2200,5073.845
2024-09-02 09:27:20,ETHUSDT,bid,1950,5120.18
2024-09-02 09:27:20,ETHUSDT,bid,1950,5120.078
2024-09-02 09:27:22,ETHUSDT,bid,1950,5120.078
2024-09-02 09:27:22,ETHUSDT,bid,1950,5120.18
2024-09-02 09:27:23,ETHUSDT,bid,1950,5120.078
2024-09-02 09:29:01,ETHUSDT,bid,2350,4388.833
2024-09-02 09:30:13,ETHUSDT,bid,2210,4525.155
2024-09-02 09:30:17,ETHUSDT,bid,2210,4524.726
2024-09-02 09:30:41,ETHUSDT,bid,2310,4427.088
2024-09-02 09:31:19,ETHUSDT,bid,2360,4449.525
2024-09-02 09:31:21,ETHUSDT,bid,1700,6068.291
2024-09-02 09:33:37,ETHUSDT,bid,1700,6063.585
2024-09-02 09:33:42,ETHUSDT,bid,1700,6067.114
2024-09-02 09:37:31,ETHUSDT,bid,2360,4449.558
2024-09-02 09:37:32,ETHUSDT,bid,2360,4449.525
2024-09-02 09:38:18,ETHUSDT,bid,2210,4525.198
2024-09-02 09:38:24,ETHUSDT,bid,2200,5071.607
2024-09-02 09:38:48,ETHUSDT,bid,2220,4527.953
2024-09-02 09:38:53,ETHUSDT,bid,2220,4507.738
2024-09-02 09:39:00,ETHUSDT,bid,2230,4510.729
2024-09-02 09:39:00,ETHUSDT,bid,2230,4490.559
2024-09-02 09:39:17,ETHUSDT,bid,2210,4524.726
2024-09-02 09:43:08,ETHUSDT,bid,2210,4526.242
2024-09-02 09:44:07,ETHUSDT,bid,2210,4524.726
2024-09-02 09:45:00,ETHUSDT,bid,2350,4388.913
2024-09-02 09:46:59,ETHUSDT,bid,2250,4520.974
2024-09-02 09:47:20,ETHUSDT,ask,2650,3804.7
2024-09-02 09:47:20,ETHUSDT,ask,2670,3816.23
2024-09-02 09:50:00,ETHUSDT,bid,2290,4370.141
2024-09-02 09:50:06,ETHUSDT,bid,2210,4526.653
2024-09-02 09:51:05,ETHUSDT,bid,2210,4524.726
2024-09-02 09:51:21,ETHUSDT,bid,1940,5214.203
2024-09-02 09:51:29,ETHUSDT,bid,2210,4527.136
2024-09-02 09:52:22,ETHUSDT,bid,2210,4528.5
2024-09-02 09:52:29,ETHUSDT,bid,2210,4526.09
2024-09-02 09:53:21,ETHUSDT,bid,2210,4524.726
2024-09-02 09:54:04,ETHUSDT,bid,2210,4526.216
2024-09-02 09:54:58,ETHUSDT,bid,2140,4866.436
2024-09-02 09:55:03,ETHUSDT,bid,2210,4524.726
2024-09-02 09:55:04,ETHUSDT,bid,2210,4526.235
2024-09-02 09:55:07,ETHUSDT,bid,2350,4389.587
2024-09-02 09:56:03,ETHUSDT,bid,2210,4524.726
2024-09-02 09:56:10,ETHUSDT,bid,2210,4524.716
2024-09-02 09:56:10,ETHUSDT,bid,2310,4427.078
2024-09-02 09:57:22,ETHUSDT,bid,2210,4526.147
2024-09-02 09:57:28,ETHUSDT,bid,2210,4528.405
2024-09-02 09:57:52,ETHUSDT,bid,2350,4389.577
2024-09-02 09:58:21,ETHUSDT,bid,2210,4526.974
2024-09-02 09:58:27,ETHUSDT,bid,2210,4524.716
2024-09-02 09:58:30,ETHUSDT,bid,2210,4527.301
2024-09-02 09:59:29,ETHUSDT,bid,2210,4524.716
2024-09-02 10:00:00,ETHUSDT,bid,2350,4389.497
2024-09-02 10:00:00,ETHUSDT,bid,2350,4389.577
2024-09-02 10:00:03,ETHUSDT,bid,2350,4388.903
2024-09-02 10:03:25,ETHUSDT,bid,2200,5071.607
2024-09-02 10:06:39,ETHUSDT,bid,2200,5071.617
2024-09-02 10:06:39,ETHUSDT,bid,2200,5071.627
2024-09-02 10:06:40,ETHUSDT,bid,2200,5071.627
2024-09-02 10:06:48,ETHUSDT,bid,2200,5071.607
2024-09-02 10:06:58,ETHUSDT,bid,2200,5071.617
2024-09-02 10:07:08,ETHUSDT,bid,2200,5071.627
2024-09-02 10:07:08,ETHUSDT,bid,2200,5071.637
2024-09-02 10:07:08,ETHUSDT,bid,2200,5071.647
2024-09-02 10:07:08,ETHUSDT,bid,2200,5071.657
2024-09-02 10:07:23,ETHUSDT,ask,2670,3814.358
2024-09-02 10:07:27,ETHUSDT,bid,2200,5071.667
2024-09-02 10:07:41,ETHUSDT,bid,2200,5071.657
2024-09-02 10:07:53,ETHUSDT,bid,2200,5071.647
2024-09-02 10:07:54,ETHUSDT,bid,2200,5071.637
2024-09-02 10:07:54,ETHUSDT,bid,2200,5071.617
2024-09-02 10:08:08,ETHUSDT,bid,2200,5071.607
2024-09-02 10:08:36,ETHUSDT,bid,2200,5071.743
2024-09-02 10:09:52,ETHUSDT,bid,1700,6067.614
2024-09-02 10:10:15,ETHUSDT,bid,2310,4426.378
2024-09-02 10:14:19,ETHUSDT,bid,2200,5071.743
2024-09-02 10:14:33,ETHUSDT,bid,2350,4388.403
2024-09-02 10:14:34,ETHUSDT,bid,2200,5071.753
2024-09-02 10:14:35,ETHUSDT,bid,2200,5071.753
2024-09-02 10:14:36,ETHUSDT,bid,2200,5071.753
2024-09-02 10:14:36,ETHUSDT,bid,2200,5071.763
2024-09-02 10:15:04,ETHUSDT,bid,2350,4388.323
2024-09-02 10:15:21,ETHUSDT,bid,2200,5071.753
2024-09-02 10:15:22,ETHUSDT,bid,2200,5071.743
2024-09-02 10:16:37,ETHUSDT,bid,2210,4525.313
2024-09-02 10:16:37,ETHUSDT,bid,2290,4370.718
2024-09-02 10:16:37,ETHUSDT,bid,2310,4426.95
2024-09-02 10:17:11,ETHUSDT,bid,2210,4524.716
2024-09-02 10:17:11,ETHUSDT,bid,2290,4370.141
2024-09-02 10:17:11,ETHUSDT,bid,2310,4426.378
2024-09-02 10:19:35,ETHUSDT,bid,2350,4390.323
2024-09-02 10:20:49,ETHUSDT,bid,2200,4536.317
2024-09-02 10:21:25,ETHUSDT,bid,2290,4369.011
2024-09-02 10:22:00,ETHUSDT,bid,2200,4536.307
2024-09-02 10:31:24,ETHUSDT,bid,2200,5071.743
2024-09-02 10:31:24,ETHUSDT,bid,2200,5071.753
2024-09-02 10:31:24,ETHUSDT,bid,2200,5071.763
2024-09-02 10:31:25,ETHUSDT,bid,2200,5071.763
2024-09-02 10:31:26,ETHUSDT,bid,2200,5071.773
2024-09-02 10:31:33,ETHUSDT,bid,2200,5071.763
2024-09-02 10:31:33,ETHUSDT,bid,2200,5071.753
2024-09-02 10:32:31,ETHUSDT,bid,2200,5071.743
2024-09-02 10:32:36,ETHUSDT,bid,2200,5071.761
2024-09-02 10:32:36,ETHUSDT,bid,2200,5071.761
2024-09-02 10:32:36,ETHUSDT,bid,2200,5071.771
2024-09-02 10:32:36,ETHUSDT,bid,2200,5071.781
2024-09-02 10:32:37,ETHUSDT,bid,2200,5071.781
2024-09-02 10:32:45,ETHUSDT,bid,2200,5071.771
2024-09-02 10:32:45,ETHUSDT,bid,2200,5071.761
2024-09-02 10:33:24,ETHUSDT,bid,2210,4526.783
2024-09-02 10:33:52,ETHUSDT,ask,2670,3812.807
2024-09-02 10:34:23,ETHUSDT,bid,2210,4524.716
2024-09-02 10:34:24,ETHUSDT,bid,2210,4526.77
2024-09-02 10:35:24,ETHUSDT,bid,2210,4524.716
2024-09-02 10:35:41,ETHUSDT,bid,2350,4388.323
2024-09-02 10:36:05,ETHUSDT,bid,2350,4388.535
2024-09-02 10:36:34,ETHUSDT,bid,1940,5165.69
2024-09-02 10:36:45,ETHUSDT,bid,2350,4389.535
2024-09-02 10:39:25,ETHUSDT,bid,2310,4421.378
2024-09-02 10:40:05,ETHUSDT,bid,2200,5071.771
2024-09-02 10:40:49,ETHUSDT,bid,2200,5071.761
2024-09-02 10:41:33,ETHUSDT,bid,1950,5120.18
2024-09-02 10:41:34,ETHUSDT,bid,1950,5120.078
2024-09-02 10:41:34,ETHUSDT,bid,1950,5120.18
2024-09-02 10:41:34,ETHUSDT,bid,1950,5120.078
2024-09-02 10:41:35,ETHUSDT,bid,1950,5120.078
2024-09-02 10:41:35,ETHUSDT,bid,1950,5120.18
2024-09-02 10:41:35,ETHUSDT,bid,1950,5120.078
2024-09-02 10:41:36,ETHUSDT,bid,1950,5120.18
2024-09-02 10:41:36,ETHUSDT,bid,1950,5120.078
2024-09-02 10:42:36,ETHUSDT,bid,2200,5071.743
2024-09-02 10:43:09,ETHUSDT,bid,2210,4526.709
2024-09-02 10:44:09,ETHUSDT,bid,2210,4524.716
2024-09-02 10:44:10,ETHUSDT,bid,2210,4526.706
2024-09-02 10:44:39,ETHUSDT,bid,2350,4389.493
2024-09-02 10:44:41,ETHUSDT,bid,2360,4453.755
2024-09-02 10:45:01,ETHUSDT,bid,2350,4387.493
2024-09-02 10:45:36,ETHUSDT,ask,2990,3360.848
2024-09-02 10:46:42,ETHUSDT,bid,2200,5071.753
2024-09-02 10:46:43,ETHUSDT,bid,2200,5071.763
2024-09-02 10:46:52,ETHUSDT,bid,2200,5071.753
2024-09-02 10:47:09,ETHUSDT,bid,2210,4524.716
2024-09-02 10:47:09,ETHUSDT,bid,2210,4526.693
2024-09-02 10:47:28,ETHUSDT,bid,2200,5071.743
2024-09-02 10:48:08,ETHUSDT,bid,2210,4524.716
2024-09-02 10:48:14,ETHUSDT,bid,2210,4526.829
2024-09-02 10:49:03,ETHUSDT,ask,2670,3812.358
2024-09-02 10:49:13,ETHUSDT,bid,2210,4524.716
2024-09-02 10:51:02,ETHUSDT,bid,2200,5071.743
2024-09-02 10:51:16,ETHUSDT,bid,2200,5071.743
2024-09-02 10:51:17,ETHUSDT,bid,2200,5071.743
2024-09-02 10:51:18,ETHUSDT,bid,2200,5071.743
2024-09-02 10:51:19,ETHUSDT,bid,2200,5071.743
2024-09-02 10:51:20,ETHUSDT,bid,2200,5071.743
2024-09-02 11:00:01,ETHUSDT,bid,2360,4453.835
2024-09-02 11:00:08,ETHUSDT,bid,2350,4401.654
2024-09-02 11:06:10,ETHUSDT,bid,2350,4401.665
2024-09-02 11:07:02,ETHUSDT,bid,2350,4401.676
2024-09-02 11:09:57,ETHUSDT,bid,1960,5443.198
2024-09-02 11:09:57,ETHUSDT,bid,1960,5443.096
2024-09-02 11:09:58,ETHUSDT,bid,1960,5443.198
2024-09-02 11:09:58,ETHUSDT,bid,1960,5443.096
2024-09-02 11:10:00,ETHUSDT,bid,1960,5443.198
2024-09-02 11:10:00,ETHUSDT,bid,1960,5443.096
2024-09-02 11:10:24,ETHUSDT,bid,1960,5443.096
2024-09-02 11:10:24,ETHUSDT,bid,1960,5443.096
2024-09-02 11:10:24,ETHUSDT,bid,1960,5443.198
2024-09-02 11:10:25,ETHUSDT,bid,1960,5443.096
2024-09-02 11:10:25,ETHUSDT,bid,1960,5443.096
2024-09-02 11:10:26,ETHUSDT,bid,1960,5443.198
2024-09-02 11:10:26,ETHUSDT,bid,1960,5443.096
2024-09-02 11:10:26,ETHUSDT,bid,1960,5443.198
2024-09-02 11:10:26,ETHUSDT,bid,1960,5443.096
2024-09-02 11:10:27,ETHUSDT,bid,1960,5443.096
2024-09-02 11:10:27,ETHUSDT,bid,1960,5443.096
2024-09-02 11:14:50,ETHUSDT,bid,2210,4524.706
2024-09-02 11:14:50,ETHUSDT,bid,2310,4421.368
2024-09-02 11:15:08,ETHUSDT,bid,2360,4453.755
2024-09-02 11:15:25,ETHUSDT,bid,2200,5071.743
2024-09-02 11:15:26,ETHUSDT,bid,2200,5071.753
2024-09-02 11:15:26,ETHUSDT,bid,2200,5071.753
2024-09-02 11:15:35,ETHUSDT,bid,2200,5071.743
2024-09-02 11:15:48,ETHUSDT,bid,2380,5022.116
2024-09-02 11:16:12,ETHUSDT,bid,2200,5071.753
2024-09-02 11:16:23,ETHUSDT,bid,2310,4422.368
2024-09-02 11:17:01,ETHUSDT,bid,2200,5071.743
2024-09-02 11:19:48,ETHUSDT,bid,2350,4402.676
2024-09-02 11:20:01,ETHUSDT,bid,2350,4539.007
2024-09-02 11:20:01,ETHUSDT,bid,2350,4549.607
2024-09-02 11:20:01,ETHUSDT,bid,2350,4580.364
2024-09-02 11:20:01,ETHUSDT,bid,2350,4670.438
2024-09-02 11:20:01,ETHUSDT,bid,2350,4670.95
2024-09-02 11:20:28,ETHUSDT,bid,2360,4454.755
2024-09-02 11:20:43,ETHUSDT,bid,2200,5071.753
2024-09-02 11:20:43,ETHUSDT,bid,2200,5071.753
2024-09-02 11:20:43,ETHUSDT,bid,2200,5071.763
2024-09-02 11:20:44,ETHUSDT,bid,2200,5071.763
2024-09-02 11:20:44,ETHUSDT,bid,2200,5071.773
2024-09-02 11:20:45,ETHUSDT,bid,2200,5071.773
2024-09-02 11:21:00,ETHUSDT,bid,2350,4666.861
2024-09-02 11:21:00,ETHUSDT,bid,2350,4662.784
2024-09-02 11:21:00,ETHUSDT,bid,2350,4577.302
2024-09-02 11:21:00,ETHUSDT,bid,2350,4485.771
2024-09-02 11:21:00,ETHUSDT,bid,2350,4403.188
2024-09-02 11:21:00,ETHUSDT,bid,2350,4402.676
2024-09-02 11:21:33,ETHUSDT,bid,2200,5071.763
2024-09-02 11:21:33,ETHUSDT,bid,2200,5071.753
2024-09-02 11:21:34,ETHUSDT,bid,2200,5071.743
2024-09-02 11:22:45,ETHUSDT,bid,2380,5023.116
2024-09-02 11:23:42,ETHUSDT,bid,2350,4388.515
2024-09-02 11:26:21,ETHUSDT,bid,2380,5026.116
2024-09-02 11:26:26,ETHUSDT,bid,2380,5023.116
2024-09-02 11:35:32,ETHUSDT,bid,2350,4388.727
2024-09-02 11:36:09,ETHUSDT,bid,2380,5039.865
2024-09-02 11:37:41,ETHUSDT,bid,2380,5039.875
2024-09-02 11:37:50,ETHUSDT,bid,2380,5039.865
2024-09-02 11:37:58,ETHUSDT,bid,2380,5039.875
2024-09-02 11:38:02,ETHUSDT,bid,2380,5039.865
2024-09-02 11:38:03,ETHUSDT,bid,2380,5039.875
2024-09-02 11:38:04,ETHUSDT,bid,2380,5039.865
2024-09-02 11:41:45,ETHUSDT,bid,2350,4388.515
2024-09-02 11:43:18,ETHUSDT,bid,2350,4386.409
2024-09-02 11:48:28,ETHUSDT,bid,2380,5039.844
2024-09-02 11:50:26,ETHUSDT,bid,2380,5039.854
2024-09-02 11:50:27,ETHUSDT,bid,2380,5039.844
2024-09-02 11:52:22,ETHUSDT,bid,2380,5039.854
2024-09-02 11:52:23,ETHUSDT,bid,2380,5039.844
2024-09-02 11:53:27,ETHUSDT,bid,2380,5044.027
2024-09-02 11:54:27,ETHUSDT,bid,2380,5039.844
2024-09-02 11:57:32,ETHUSDT,bid,2220,4517.57
2024-09-02 12:01:13,ETHUSDT,bid,2380,5097.691
2024-09-02 12:04:29,ETHUSDT,bid,2350,4406.465
2024-09-02 12:06:38,ETHUSDT,bid,2250,4526.112
2024-09-02 12:07:43,ETHUSDT,bid,2380,5097.701
2024-09-02 12:07:43,ETHUSDT,bid,2380,5097.691
2024-09-02 12:08:04,ETHUSDT,bid,2380,5097.701
2024-09-02 12:08:07,ETHUSDT,bid,2380,5097.691
2024-09-02 12:09:32,ETHUSDT,bid,2380,5111.638
2024-09-02 12:09:45,ETHUSDT,bid,2350,4406.253
2024-09-02 12:11:13,ETHUSDT,bid,2380,5053.791
2024-09-02 12:18:37,ETHUSDT,bid,2380,5037.042
2024-09-02 12:18:51,ETHUSDT,bid,2350,4406.206
2024-09-02 12:19:14,ETHUSDT,bid,2350,4406.249
2024-09-02 12:20:06,ETHUSDT,bid,2380,5049.595
2024-09-02 12:20:53,ETHUSDT,bid,2350,4386.193
2024-09-02 12:22:22,ETHUSDT,bid,2200,5071.753
2024-09-02 12:22:23,ETHUSDT,bid,2200,5071.753
2024-09-02 12:22:24,ETHUSDT,bid,2200,5071.753
2024-09-02 12:22:24,ETHUSDT,bid,2200,5071.763
2024-09-02 12:22:25,ETHUSDT,bid,2200,5071.763
2024-09-02 12:22:25,ETHUSDT,bid,2200,5071.773
2024-09-02 12:22:26,ETHUSDT,bid,2200,5071.773
2024-09-02 12:22:26,ETHUSDT,bid,2200,5071.783
2024-09-02 12:22:27,ETHUSDT,bid,2200,5071.773
2024-09-02 12:22:28,ETHUSDT,bid,2200,5071.773
2024-09-02 12:22:29,ETHUSDT,bid,2200,5071.773
2024-09-02 12:22:29,ETHUSDT,bid,2200,5071.783
2024-09-02 12:22:30,ETHUSDT,bid,2200,5071.773
2024-09-02 12:22:31,ETHUSDT,bid,2200,5071.783
2024-09-02 12:22:31,ETHUSDT,bid,2200,5071.773
2024-09-02 12:22:32,ETHUSDT,bid,2200,5071.773
2024-09-02 12:22:33,ETHUSDT,bid,2200,5071.773
2024-09-02 12:22:33,ETHUSDT,bid,2200,5071.791
2024-09-02 12:22:44,ETHUSDT,bid,2200,5071.801
2024-09-02 12:22:50,ETHUSDT,bid,1960,5441.821
2024-09-02 12:23:11,ETHUSDT,bid,2200,5071.791
2024-09-02 12:23:14,ETHUSDT,bid,2200,5071.781
2024-09-02 12:23:16,ETHUSDT,bid,2200,5071.771
2024-09-02 12:23:28,ETHUSDT,bid,2200,5071.761
2024-09-02 12:23:49,ETHUSDT,bid,2360,4455.178
2024-09-02 12:23:58,ETHUSDT,bid,2070,9670.439
2024-09-02 12:25:07,ETHUSDT,bid,2380,5037.042
2024-09-02 12:25:40,ETHUSDT,bid,2380,5023.095
2024-09-02 12:26:05,ETHUSDT,bid,2380,5022.864
2024-09-02 12:28:11,ETHUSDT,bid,2360,4453.178
2024-09-02 12:32:13,ETHUSDT,bid,1700,6067.79
2024-09-02 12:32:33,ETHUSDT,bid,2200,5071.743
2024-09-02 12:34:18,ETHUSDT,ask,2670,3811.966
2024-09-02 12:35:52,ETHUSDT,bid,2380,5023.178
2024-09-02 12:36:19,ETHUSDT,bid,2310,4420.368
2024-09-02 12:42:02,ETHUSDT,bid,2380,5023.944
2024-09-02 12:44:11,ETHUSDT,bid,2140,9538.359
2024-09-02 12:44:16,ETHUSDT,bid,2140,9533.359
2024-09-02 12:44:21,ETHUSDT,bid,2140,9543.359
2024-09-02 12:44:28,ETHUSDT,bid,2310,4420.348
2024-09-02 12:45:28,ETHUSDT,bid,2450,4289.3
2024-09-02 12:45:28,ETHUSDT,bid,2450,4294.318
2024-09-02 12:45:28,ETHUSDT,bid,2450,4294.3
2024-09-02 12:45:30,ETHUSDT,bid,2450,4293.9
2024-09-02 12:45:31,ETHUSDT,bid,2450,4293.941
2024-09-02 12:45:31,ETHUSDT,bid,2450,4293.9
2024-09-02 12:45:33,ETHUSDT,bid,2450,4290.408
2024-09-02 12:45:35,ETHUSDT,bid,2450,4290.784
2024-09-02 12:45:39,ETHUSDT,bid,2450,4290.753
2024-09-02 12:45:40,ETHUSDT,bid,2450,4290.784
2024-09-02 12:45:40,ETHUSDT,bid,2450,4290.743
2024-09-02 12:45:40,ETHUSDT,bid,2450,4290.784
2024-09-02 12:45:42,ETHUSDT,bid,2450,4290.908
2024-09-02 12:45:43,ETHUSDT,bid,2450,4290.918
2024-09-02 12:45:44,ETHUSDT,bid,2450,4290.877
2024-09-02 12:45:46,ETHUSDT,bid,2450,4290.938
2024-09-02 12:45:49,ETHUSDT,bid,2450,4290.969
2024-09-02 12:45:50,ETHUSDT,bid,2450,4290.969
2024-09-02 12:45:51,ETHUSDT,bid,2450,4291.376
2024-09-02 12:45:51,ETHUSDT,bid,2450,4290.969
2024-09-02 12:46:00,ETHUSDT,bid,2450,4149.587
2024-09-02 12:46:01,ETHUSDT,bid,2450,4166.008
2024-09-02 12:46:01,ETHUSDT,bid,2450,4149.587
2024-09-02 12:46:01,ETHUSDT,bid,2450,4149.872
2024-09-02 12:46:02,ETHUSDT,bid,2450,4166.552
2024-09-02 12:46:02,ETHUSDT,bid,2450,4149.587
2024-09-02 12:46:02,ETHUSDT,bid,2450,4161.448
2024-09-02 12:46:03,ETHUSDT,bid,2450,4161.448
2024-09-02 12:46:04,ETHUSDT,bid,2450,4178.128
2024-09-02 12:46:04,ETHUSDT,bid,2450,4161.448
2024-09-02 12:46:05,ETHUSDT,bid,2450,4178.113
2024-09-02 12:46:05,ETHUSDT,bid,2450,4161.692
2024-09-02 12:46:05,ETHUSDT,bid,2450,4149.932
2024-09-02 12:46:05,ETHUSDT,bid,2450,4149.831
2024-09-02 12:46:05,ETHUSDT,bid,2450,4149.955
2024-09-02 12:46:06,ETHUSDT,bid,2450,4149.955
2024-09-02 12:46:07,ETHUSDT,bid,2450,4166.635
2024-09-02 12:46:08,ETHUSDT,bid,2450,4166.376
2024-09-02 12:46:08,ETHUSDT,bid,2450,4149.955
2024-09-02 12:46:08,ETHUSDT,bid,2450,4150.188
2024-09-02 12:46:09,ETHUSDT,bid,2450,4166.609
2024-09-02 12:46:09,ETHUSDT,bid,2450,4150.188
2024-09-02 12:46:10,ETHUSDT,bid,2450,4150.458
2024-09-02 12:46:10,ETHUSDT,bid,2450,4150.458
2024-09-02 12:46:10,ETHUSDT,bid,2450,4150.488
2024-09-02 12:46:10,ETHUSDT,bid,2450,4156.208
2024-09-02 12:46:11,ETHUSDT,bid,2450,4172.629
2024-09-02 12:46:11,ETHUSDT,bid,2450,4156.208
2024-09-02 12:46:11,ETHUSDT,bid,2450,4158.218
2024-09-02 12:46:11,ETHUSDT,bid,2450,4152.498
2024-09-02 12:46:12,ETHUSDT,bid,2450,4150.488
2024-09-02 12:46:13,ETHUSDT,bid,2450,4150.488
2024-09-02 12:46:14,ETHUSDT,bid,2450,4150.488
2024-09-02 12:46:14,ETHUSDT,bid,2450,4150.255
2024-09-02 12:46:15,ETHUSDT,bid,2450,4166.676
2024-09-02 12:46:15,ETHUSDT,bid,2450,4150.255
2024-09-02 12:46:16,ETHUSDT,bid,2450,4150.255
2024-09-02 12:46:16,ETHUSDT,bid,2220,4507.072
2024-09-02 12:46:17,ETHUSDT,bid,2450,4150.273
2024-09-02 12:46:17,ETHUSDT,bid,2450,4166.694
2024-09-02 12:46:17,ETHUSDT,bid,2450,4150.273
2024-09-02 12:46:17,ETHUSDT,bid,2450,4150.68
2024-09-02 12:46:18,ETHUSDT,bid,2450,4150.68
2024-09-02 12:46:18,ETHUSDT,bid,2450,4150.662
2024-09-02 12:46:18,ETHUSDT,bid,2450,4150.255
2024-09-02 12:46:19,ETHUSDT,bid,2450,4150.255
2024-09-02 12:46:20,ETHUSDT,bid,2450,4166.676
2024-09-02 12:46:20,ETHUSDT,bid,2450,4150.255
2024-09-02 12:46:21,ETHUSDT,bid,2450,4150.011
2024-09-02 12:46:21,ETHUSDT,bid,2450,4150.036
2024-09-02 12:46:22,ETHUSDT,bid,2450,4150.036
2024-09-02 12:46:35,ETHUSDT,bid,2450,4275.956
2024-09-02 12:46:35,ETHUSDT,bid,2450,4259.535
2024-09-02 12:46:36,ETHUSDT,bid,2450,4250.209
2024-09-02 12:46:37,ETHUSDT,bid,2450,4266.63
2024-09-02 12:46:37,ETHUSDT,bid,2450,4250.209
2024-09-02 12:46:37,ETHUSDT,bid,2450,4250.126
2024-09-02 12:46:38,ETHUSDT,bid,2450,4250.126
2024-09-02 12:46:39,ETHUSDT,bid,2450,4250.126
2024-09-02 12:46:44,ETHUSDT,bid,2450,4361.875
2024-09-02 12:46:44,ETHUSDT,bid,2450,4374.572
2024-09-02 12:46:45,ETHUSDT,bid,2450,4339.264
2024-09-02 12:46:45,ETHUSDT,bid,2450,4339.274
2024-09-02 12:46:46,ETHUSDT,bid,2450,4339.264
2024-09-02 12:46:48,ETHUSDT,bid,2450,4337.81
2024-09-02 12:46:48,ETHUSDT,bid,2450,4339.032
2024-09-02 12:46:49,ETHUSDT,bid,2450,4322.724
2024-09-02 12:46:50,ETHUSDT,bid,2450,4314.998
2024-09-02 12:46:51,ETHUSDT,bid,2450,4320.718
2024-09-02 12:46:51,ETHUSDT,bid,2450,4314.998
2024-09-02 12:46:51,ETHUSDT,bid,2450,4316.398
2024-09-02 12:46:51,ETHUSDT,bid,2450,4292.892
2024-09-02 12:46:52,ETHUSDT,bid,2450,4292.878
2024-09-02 12:46:53,ETHUSDT,bid,2450,4291.478
2024-09-02 12:46:53,ETHUSDT,bid,2450,4293.514
2024-09-02 12:47:34,ETHUSDT,bid,2450,4362.414
2024-09-02 12:47:34,ETHUSDT,bid,2450,4378.722
2024-09-02 12:47:35,ETHUSDT,bid,2450,4378.731
2024-09-02 12:47:35,ETHUSDT,bid,2450,4362.423
2024-09-02 12:47:36,ETHUSDT,bid,2450,4362.423
2024-09-02 12:47:36,ETHUSDT,bid,2450,4363.323
2024-09-02 12:47:39,ETHUSDT,bid,2450,4363.549
2024-09-02 12:47:42,ETHUSDT,bid,2450,4335.466
2024-09-02 12:47:42,ETHUSDT,bid,2450,4335.343
2024-09-02 12:47:46,ETHUSDT,bid,2450,4335.443
2024-09-02 12:47:47,ETHUSDT,bid,2450,4335.343
2024-09-02 12:47:48,ETHUSDT,bid,2450,4335.465
2024-09-02 12:47:49,ETHUSDT,bid,2200,5073.743
2024-09-02 12:47:49,ETHUSDT,bid,2450,4335.343
2024-09-02 12:47:52,ETHUSDT,bid,2450,4335.432
2024-09-02 12:47:52,ETHUSDT,bid,2450,4335.475
2024-09-02 12:47:54,ETHUSDT,bid,2450,4335.386
2024-09-02 12:47:55,ETHUSDT,bid,2450,4335.449
2024-09-02 12:47:55,ETHUSDT,bid,2450,4334.745
2024-09-02 12:47:55,ETHUSDT,bid,2450,4341.57
2024-09-02 12:47:55,ETHUSDT,bid,2450,4341.648
2024-09-02 12:47:55,ETHUSDT,bid,2450,4341.69
2024-09-02 12:47:55,ETHUSDT,bid,2450,4341.483
2024-09-02 12:47:55,ETHUSDT,bid,2450,4341.514
2024-09-02 12:47:56,ETHUSDT,bid,2450,4341.538
2024-09-02 12:47:56,ETHUSDT,bid,2450,4345.668
2024-09-02 12:47:56,ETHUSDT,bid,2450,4345.682
2024-09-02 12:47:56,ETHUSDT,bid,2450,4345.623
2024-09-02 12:47:56,ETHUSDT,bid,2450,4345.915
2024-09-02 12:47:56,ETHUSDT,bid,2450,4345.952
2024-09-02 12:47:57,ETHUSDT,bid,2450,4345.677
2024-09-02 12:47:57,ETHUSDT,bid,2450,4345.921
2024-09-02 12:47:57,ETHUSDT,bid,2450,4345.83
2024-09-02 12:47:57,ETHUSDT,bid,2450,4345.856
2024-09-02 12:47:57,ETHUSDT,bid,2450,4344.856
2024-09-02 12:47:57,ETHUSDT,bid,2450,4344.849
2024-09-02 12:47:57,ETHUSDT,bid,2450,4344.848
2024-09-02 12:47:57,ETHUSDT,bid,2450,4343.633
2024-09-02 12:48:23,ETHUSDT,bid,2360,4452.178
2024-09-02 12:50:09,ETHUSDT,bid,2210,4524.605
2024-09-02 12:50:09,ETHUSDT,bid,2310,4420.247
2024-09-02 12:53:09,ETHUSDT,bid,2360,4339.589
2024-09-02 13:01:38,ETHUSDT,bid,2350,4386.362
2024-09-02 13:02:17,ETHUSDT,bid,2310,4418.247
2024-09-02 13:03:15,ETHUSDT,bid,2350,4386.351
2024-09-02 13:03:30,ETHUSDT,bid,2030,4938.586
2024-09-02 13:06:22,ETHUSDT,bid,2380,5023.84
2024-09-02 13:07:51,ETHUSDT,ask,2440,4400.473
2024-09-02 13:09:32,ETHUSDT,bid,2350,4386.326
2024-09-02 13:10:11,ETHUSDT,bid,1700,6066.29
2024-09-02 13:10:26,ETHUSDT,bid,1700,6066.79
2024-09-02 13:10:38,ETHUSDT,bid,1960,5441.923
2024-09-02 13:10:38,ETHUSDT,bid,1960,5441.821
2024-09-02 13:10:39,ETHUSDT,bid,1960,5441.821
2024-09-02 13:10:39,ETHUSDT,bid,1960,5441.821
2024-09-02 13:10:40,ETHUSDT,bid,1960,5441.821
2024-09-02 13:13:54,ETHUSDT,bid,2250,4526.122
2024-09-02 13:13:56,ETHUSDT,bid,2360,4337.429
2024-09-02 13:17:06,ETHUSDT,bid,2200,5073.753
2024-09-02 13:17:07,ETHUSDT,bid,2200,5073.753
2024-09-02 13:17:08,ETHUSDT,bid,2200,5073.753
2024-09-02 13:17:09,ETHUSDT,bid,2200,5073.753
2024-09-02 13:17:10,ETHUSDT,bid,2200,5073.753
2024-09-02 13:17:20,ETHUSDT,bid,2200,5073.763
2024-09-02 13:17:20,ETHUSDT,bid,2200,5073.773
2024-09-02 13:17:46,ETHUSDT,bid,2200,5073.763
2024-09-02 13:18:07,ETHUSDT,bid,2200,5073.753
2024-09-02 13:18:08,ETHUSDT,bid,2200,5073.743
2024-09-02 13:18:28,ETHUSDT,bid,2380,5023.965
2024-09-02 13:18:50,ETHUSDT,bid,2200,5073.743
2024-09-02 13:20:05,ETHUSDT,bid,2210,4524.615
2024-09-02 13:20:05,ETHUSDT,bid,2310,4418.257
2024-09-02 13:20:12,ETHUSDT,bid,2200,5073.743
2024-09-02 13:20:12,ETHUSDT,bid,2200,5073.753
2024-09-02 13:20:13,ETHUSDT,bid,2200,5073.753
2024-09-02 13:20:14,ETHUSDT,bid,2200,5073.763
2024-09-02 13:20:14,ETHUSDT,bid,2200,5073.773
2024-09-02 13:20:14,ETHUSDT,bid,2200,5073.773
2024-09-02 13:20:16,ETHUSDT,bid,2140,4869.94
2024-09-02 13:20:17,ETHUSDT,bid,2200,5073.783
2024-09-02 13:20:17,ETHUSDT,bid,2200,5073.773
2024-09-02 13:20:21,ETHUSDT,bid,2200,5073.763
2024-09-02 13:20:23,ETHUSDT,bid,2200,5073.753
2024-09-02 13:20:23,ETHUSDT,bid,2200,5073.743
2024-09-02 13:21:07,ETHUSDT,bid,2200,5073.753
2024-09-02 13:21:08,ETHUSDT,bid,2200,5073.763
2024-09-02 13:21:56,ETHUSDT,bid,2200,5073.753
2024-09-02 13:21:59,ETHUSDT,bid,2200,5073.743
2024-09-02 13:23:53,ETHUSDT,bid,2350,4385.904
2024-09-02 13:23:54,ETHUSDT,bid,2290,4368.258
2024-09-02 13:24:54,ETHUSDT,bid,2220,4507.493
2024-09-02 13:25:23,ETHUSDT,bid,2220,4518.583
2024-09-02 13:28:14,ETHUSDT,bid,2310,4420.257
2024-09-02 13:31:54,ETHUSDT,bid,2290,4368.108
2024-09-02 13:35:36,ETHUSDT,bid,2380,5024.174
2024-09-02 13:35:38,ETHUSDT,bid,2380,5023.965
2024-09-02 13:38:56,ETHUSDT,bid,1960,5441.821
2024-09-02 13:38:57,ETHUSDT,bid,1960,5441.923
2024-09-02 13:38:57,ETHUSDT,bid,1960,5441.821
2024-09-02 13:38:58,ETHUSDT,bid,1960,5441.821
2024-09-02 13:38:58,ETHUSDT,bid,1960,5441.923
2024-09-02 13:38:59,ETHUSDT,bid,1960,5441.821
2024-09-02 13:38:59,ETHUSDT,bid,1960,5441.923
2024-09-02 13:38:59,ETHUSDT,bid,1960,5441.821
2024-09-02 13:39:00,ETHUSDT,bid,1960,5441.923
2024-09-02 13:39:00,ETHUSDT,bid,1960,5441.821
2024-09-02 13:39:01,ETHUSDT,bid,1960,5441.923
2024-09-02 13:39:01,ETHUSDT,bid,1960,5441.821
2024-09-02 13:39:01,ETHUSDT,bid,1960,5441.923
2024-09-02 13:39:01,ETHUSDT,bid,1960,5441.821
2024-09-02 13:39:02,ETHUSDT,bid,1960,5441.923
2024-09-02 13:39:02,ETHUSDT,bid,1960,5441.821
2024-09-02 13:39:02,ETHUSDT,bid,1960,5441.923
2024-09-02 13:39:02,ETHUSDT,bid,1960,5441.821
2024-09-02 13:39:03,ETHUSDT,bid,1960,5441.821
2024-09-02 13:39:03,ETHUSDT,bid,1960,5441.821
2024-09-02 13:39:04,ETHUSDT,bid,1960,5441.821
2024-09-02 13:39:04,ETHUSDT,bid,1960,5441.821
2024-09-02 13:39:05,ETHUSDT,bid,1960,5441.821
2024-09-02 13:39:05,ETHUSDT,bid,1960,5441.821
2024-09-02 13:39:06,ETHUSDT,bid,1960,5441.923
2024-09-02 13:39:06,ETHUSDT,bid,1960,5441.821
2024-09-02 13:39:06,ETHUSDT,bid,1960,5441.821
2024-09-02 13:39:07,ETHUSDT,bid,1960,5441.821
2024-09-02 13:39:08,ETHUSDT,bid,1960,5441.821
2024-09-02 13:39:08,ETHUSDT,bid,1960,5441.923
2024-09-02 13:39:09,ETHUSDT,bid,1960,5441.821
2024-09-02 13:39:09,ETHUSDT,bid,1960,5441.923
2024-09-02 13:39:09,ETHUSDT,bid,1960,5441.821
2024-09-02 13:39:24,ETHUSDT,bid,1960,5441.923
2024-09-02 13:39:24,ETHUSDT,bid,1960,5441.821
2024-09-02 13:39:24,ETHUSDT,bid,1960,5441.821
2024-09-02 13:39:25,ETHUSDT,bid,1960,5441.821
2024-09-02 13:39:25,ETHUSDT,bid,1960,5441.923
2024-09-02 13:39:25,ETHUSDT,bid,1960,5441.821
2024-09-02 13:39:27,ETHUSDT,bid,1960,5441.821
2024-09-02 13:39:40,ETHUSDT,bid,1960,5441.923
2024-09-02 13:39:40,ETHUSDT,bid,1960,5441.821
2024-09-02 13:39:40,ETHUSDT,bid,1960,5441.834
2024-09-02 13:39:40,ETHUSDT,bid,1960,5441.821
2024-09-02 13:39:41,ETHUSDT,bid,1960,5441.923
2024-09-02 13:39:41,ETHUSDT,bid,1960,5441.821
2024-09-02 13:39:42,ETHUSDT,bid,1960,5441.923
2024-09-02 13:39:42,ETHUSDT,bid,1960,5441.821
2024-09-02 13:40:33,ETHUSDT,bid,2310,4418.257
2024-09-02 13:42:53,ETHUSDT,bid,2380,5024.076
2024-09-02 13:48:28,ETHUSDT,bid,2350,4386.164
2024-09-02 13:49:52,ETHUSDT,bid,2380,5029.076
2024-09-02 13:51:27,ETHUSDT,bid,2380,5031.144
2024-09-02 13:51:43,ETHUSDT,bid,2380,5029.076
2024-09-02 13:57:19,ETHUSDT,bid,2140,4868.44
2024-09-02 13:58:09,ETHUSDT,bid,2200,5073.753
2024-09-02 13:58:10,ETHUSDT,bid,2200,5073.763
2024-09-02 13:58:11,ETHUSDT,bid,2200,5073.773
2024-09-02 13:58:11,ETHUSDT,bid,2200,5073.783
2024-09-02 13:58:13,ETHUSDT,bid,2200,5073.793
2024-09-02 13:59:20,ETHUSDT,bid,2200,5073.783
2024-09-02 13:59:20,ETHUSDT,bid,2200,5073.773
2024-09-02 13:59:22,ETHUSDT,bid,2200,5073.763
2024-09-02 13:59:24,ETHUSDT,bid,2200,5073.753
2024-09-02 13:59:27,ETHUSDT,bid,2200,5073.743
2024-09-02 14:00:02,ETHUSDT,bid,2360,4337.607
2024-09-02 14:00:07,ETHUSDT,bid,2360,4337.429
2024-09-02 14:00:14,ETHUSDT,bid,2360,4337.607
2024-09-02 14:00:19,ETHUSDT,bid,2360,4337.429
2024-09-02 14:02:45,ETHUSDT,bid,2290,4368.021
2024-09-02 14:04:04,ETHUSDT,bid,2210,4524.625
2024-09-02 14:04:04,ETHUSDT,bid,2310,4418.267
2024-09-02 14:06:01,ETHUSDT,bid,2360,4498.357
2024-09-02 14:06:01,ETHUSDT,bid,2360,4604.057
2024-09-02 14:06:01,ETHUSDT,bid,2360,4604.566
2024-09-02 14:07:53,ETHUSDT,bid,1960,5441.821
2024-09-02 14:07:53,ETHUSDT,bid,1960,5441.821
2024-09-02 14:07:55,ETHUSDT,bid,1960,5441.821
2024-09-02 14:07:56,ETHUSDT,bid,1960,5441.923
2024-09-02 14:07:56,ETHUSDT,bid,1960,5441.821
2024-09-02 14:07:57,ETHUSDT,bid,1960,5441.821
2024-09-02 14:07:58,ETHUSDT,bid,1960,5441.923
2024-09-02 14:07:58,ETHUSDT,bid,1960,5441.821
2024-09-02 14:07:59,ETHUSDT,bid,1960,5441.821
2024-09-02 14:08:00,ETHUSDT,bid,1960,5441.821
2024-09-02 14:08:00,ETHUSDT,bid,2360,4549.4
2024-09-02 14:08:00,ETHUSDT,bid,2360,4535.742
2024-09-02 14:08:00,ETHUSDT,bid,2360,4495.364
2024-09-02 14:08:00,ETHUSDT,bid,2360,4379.345
2024-09-02 14:08:00,ETHUSDT,bid,1960,5441.821
2024-09-02 14:08:00,ETHUSDT,bid,2360,4358.305
2024-09-02 14:08:00,ETHUSDT,bid,2360,4337.429
2024-09-02 14:08:01,ETHUSDT,bid,1960,5441.821
2024-09-02 14:08:01,ETHUSDT,bid,1960,5441.821
2024-09-02 14:08:02,ETHUSDT,bid,1960,5441.821
2024-09-02 14:08:02,ETHUSDT,bid,1960,5441.923
2024-09-02 14:08:02,ETHUSDT,bid,1960,5441.821
2024-09-02 14:08:03,ETHUSDT,bid,1960,5441.821
2024-09-02 14:08:03,ETHUSDT,bid,1960,5441.923
2024-09-02 14:08:03,ETHUSDT,bid,1960,5441.821
2024-09-02 14:08:04,ETHUSDT,bid,1960,5441.923
2024-09-02 14:08:04,ETHUSDT,bid,1960,5441.821
2024-09-02 14:08:04,ETHUSDT,bid,1960,5441.923
2024-09-02 14:08:04,ETHUSDT,bid,1960,5441.821
2024-09-02 14:08:05,ETHUSDT,bid,1960,5441.923
2024-09-02 14:08:05,ETHUSDT,bid,1960,5441.821
2024-09-02 14:08:05,ETHUSDT,bid,1960,5441.923
2024-09-02 14:08:05,ETHUSDT,bid,1960,5441.821
2024-09-02 14:08:06,ETHUSDT,bid,1960,5441.821
2024-09-02 14:08:26,ETHUSDT,bid,1960,5441.821
2024-09-02 14:08:27,ETHUSDT,bid,1960,5441.821
2024-09-02 14:08:28,ETHUSDT,bid,1960,5441.821
2024-09-02 14:08:29,ETHUSDT,bid,1960,5441.821
2024-09-02 14:08:30,ETHUSDT,bid,1960,5441.821
2024-09-02 14:08:31,ETHUSDT,bid,1960,5441.821
2024-09-02 14:08:33,ETHUSDT,bid,1960,5441.821
2024-09-02 14:08:34,ETHUSDT,bid,1960,5441.821
2024-09-02 14:08:35,ETHUSDT,bid,1960,5441.923
2024-09-02 14:08:35,ETHUSDT,bid,1960,5441.821
2024-09-02 14:08:36,ETHUSDT,bid,1960,5441.923
2024-09-02 14:08:36,ETHUSDT,bid,1960,5441.821
2024-09-02 14:08:36,ETHUSDT,bid,1960,5441.821
2024-09-02 14:08:37,ETHUSDT,bid,1960,5441.821
2024-09-02 14:08:50,ETHUSDT,ask,2670,3810.905
2024-09-02 14:09:44,ETHUSDT,bid,2350,4386.322
2024-09-02 14:11:58,ETHUSDT,bid,2140,4868.545
2024-09-02 14:17:14,ETHUSDT,bid,2210,4524.615
2024-09-02 14:17:14,ETHUSDT,bid,2310,4418.257
2024-09-02 14:18:23,ETHUSDT,bid,2140,4867.869
2024-09-02 14:21:36,ETHUSDT,bid,2380,5032.076
2024-09-02 14:21:42,ETHUSDT,bid,2380,5029.076
2024-09-02 14:22:31,ETHUSDT,bid,2210,4524.605
2024-09-02 14:22:31,ETHUSDT,bid,2310,4418.247
2024-09-02 14:26:14,ETHUSDT,bid,2200,5072.556
2024-09-02 14:38:47,ETHUSDT,bid,2310,4418.359
2024-09-02 14:48:16,ETHUSDT,bid,1940,5165.79
2024-09-02 14:48:35,ETHUSDT,bid,1960,5441.941
2024-09-02 14:51:19,ETHUSDT,bid,1950,5119.872
2024-09-02 14:51:31,ETHUSDT,bid,2350,4386.342
2024-09-02 14:56:20,ETHUSDT,bid,1700,6067.793
2024-09-02 14:59:00,ETHUSDT,bid,2380,5031.152
2024-09-02 14:59:16,ETHUSDT,bid,2380,5029.076
2024-09-02 15:01:23,ETHUSDT,bid,2380,5029.085
2024-09-02 15:04:44,ETHUSDT,bid,1700,6030.379
2024-09-02 15:05:16,ETHUSDT,bid,1700,6031.379
2024-09-02 15:11:16,ETHUSDT,bid,2200,5072.556
2024-09-02 15:11:17,ETHUSDT,bid,2200,5072.556
2024-09-02 15:11:19,ETHUSDT,bid,2200,5072.556
2024-09-02 15:11:20,ETHUSDT,bid,2200,5072.556
2024-09-02 15:12:19,ETHUSDT,bid,2200,5072.566
2024-09-02 15:12:58,ETHUSDT,bid,2200,5072.556
2024-09-02 15:14:21,ETHUSDT,bid,2360,4341.929
2024-09-02 15:14:26,ETHUSDT,bid,2360,4337.429
2024-09-02 15:14:39,ETHUSDT,bid,2380,5026.991
2024-09-02 15:15:02,ETHUSDT,bid,1960,5449.594
2024-09-02 15:15:35,ETHUSDT,bid,1960,5449.696
2024-09-02 15:15:35,ETHUSDT,bid,1960,5449.594
2024-09-02 15:15:36,ETHUSDT,bid,2350,4387.342
2024-09-02 15:15:47,ETHUSDT,bid,2350,4386.342
2024-09-02 15:17:14,ETHUSDT,bid,1960,5449.696
2024-09-02 15:17:14,ETHUSDT,bid,1960,5449.594
2024-09-02 15:17:36,ETHUSDT,bid,2350,4386.082
2024-09-02 15:19:45,ETHUSDT,bid,2350,4387.942
2024-09-02 15:19:55,ETHUSDT,bid,2380,5026.88
2024-09-02 15:21:02,ETHUSDT,bid,2140,4867.778
2024-09-02 15:21:54,ETHUSDT,bid,2210,4524.595
2024-09-02 15:21:54,ETHUSDT,bid,2310,4418.349
2024-09-02 15:23:02,ETHUSDT,bid,1950,5118.772
2024-09-02 15:23:19,ETHUSDT,bid,2360,4337.44
2024-09-02 15:23:59,ETHUSDT,bid,2380,5016.88
2024-09-02 15:24:14,ETHUSDT,bid,2250,4526.36
2024-09-02 15:25:08,ETHUSDT,bid,2210,4524.605
2024-09-02 15:25:53,ETHUSDT,bid,2210,4524.595
2024-09-02 15:29:12,ETHUSDT,bid,2220,4513.583
2024-09-02 15:31:23,ETHUSDT,bid,2220,4517.58
2024-09-02 15:31:31,ETHUSDT,bid,2220,4517.57
2024-09-02 15:31:35,ETHUSDT,bid,2220,4513.593
2024-09-02 15:31:42,ETHUSDT,bid,2220,4513.583
2024-09-02 15:32:45,ETHUSDT,bid,2220,4517.58
2024-09-02 15:33:00,ETHUSDT,bid,2220,4517.57
2024-09-02 15:33:14,ETHUSDT,ask,2650,3806.312
2024-09-02 15:34:53,ETHUSDT,bid,2140,4862.778
2024-09-02 15:36:08,ETHUSDT,bid,2220,4513.592
2024-09-02 15:36:17,ETHUSDT,bid,2220,4513.583
2024-09-02 15:37:14,ETHUSDT,bid,1700,6030.836
2024-09-02 15:37:56,ETHUSDT,bid,2220,4517.58
2024-09-02 15:38:12,ETHUSDT,bid,2220,4517.57
2024-09-02 15:40:16,ETHUSDT,ask,2670,3810.832
2024-09-02 15:40:57,ETHUSDT,ask,2670,3810.814
2024-09-02 15:41:10,ETHUSDT,bid,2220,4513.592
2024-09-02 15:41:19,ETHUSDT,bid,2220,4513.583
2024-09-02 15:41:20,ETHUSDT,bid,2220,4513.564
2024-09-02 15:42:27,ETHUSDT,bid,2220,4513.574
2024-09-02 15:43:04,ETHUSDT,bid,2220,4513.564
2024-09-02 15:45:50,ETHUSDT,ask,2670,3811.011
2024-09-02 15:47:48,ETHUSDT,bid,2140,4862.946
2024-09-02 15:47:54,ETHUSDT,bid,2210,4524.585
2024-09-02 15:47:54,ETHUSDT,bid,2310,4418.339
2024-09-02 15:49:43,ETHUSDT,bid,2140,9543.313
2024-09-02 15:52:02,ETHUSDT,ask,2670,3811.097
2024-09-02 15:52:04,ETHUSDT,ask,2670,3811.169
2024-09-02 15:53:01,ETHUSDT,ask,2670,3811.083
2024-09-02 15:53:03,ETHUSDT,ask,2670,3811.011
2024-09-02 16:05:22,ETHUSDT,ask,2670,3818.577
2024-09-02 16:06:32,ETHUSDT,bid,2380,5017.88
2024-09-02 16:06:55,ETHUSDT,bid,2380,5016.88
2024-09-02 16:07:11,ETHUSDT,bid,2380,5017.88
2024-09-02 16:11:14,ETHUSDT,bid,2220,4517.58
2024-09-02 16:12:02,ETHUSDT,bid,2220,4517.57
2024-09-02 16:12:38,ETHUSDT,bid,2220,4517.58
2024-09-02 16:13:39,ETHUSDT,bid,2220,4517.57
2024-09-02 16:17:59,ETHUSDT,ask,2670,3818.67
2024-09-02 16:19:41,ETHUSDT,bid,2220,4513.589
2024-09-02 16:20:51,ETHUSDT,bid,2140,4862.791
2024-09-02 16:20:56,ETHUSDT,bid,1960,5449.45
2024-09-02 16:20:56,ETHUSDT,bid,2210,4524.458
2024-09-02 16:20:56,ETHUSDT,bid,2310,4418.217
2024-09-02 16:23:08,ETHUSDT,bid,2220,4516.589
2024-09-02 16:29:15,ETHUSDT,bid,2220,4517.58
2024-09-02 16:30:08,ETHUSDT,bid,2220,4517.57
2024-09-02 16:30:33,ETHUSDT,bid,2220,4517.58
2024-09-02 16:30:33,ETHUSDT,bid,2220,4517.58
2024-09-02 16:30:34,ETHUSDT,bid,2220,4517.58
2024-09-02 16:30:35,ETHUSDT,bid,2220,4517.58
2024-09-02 16:30:36,ETHUSDT,bid,2220,4517.58
2024-09-02 16:30:36,ETHUSDT,bid,2220,4517.59
2024-09-02 16:30:37,ETHUSDT,bid,2220,4517.59
2024-09-02 16:30:38,ETHUSDT,bid,2220,4517.59
2024-09-02 16:30:38,ETHUSDT,bid,2220,4517.6
2024-09-02 16:30:39,ETHUSDT,bid,2220,4517.61
2024-09-02 16:30:39,ETHUSDT,bid,2220,4517.62
2024-09-02 16:30:39,ETHUSDT,bid,2220,4517.61
2024-09-02 16:30:40,ETHUSDT,bid,2220,4517.61
2024-09-02 16:30:42,ETHUSDT,bid,2220,4517.6
2024-09-02 16:30:47,ETHUSDT,bid,2220,4517.59
2024-09-02 16:30:48,ETHUSDT,bid,2220,4517.58
2024-09-02 16:31:17,ETHUSDT,bid,2220,4517.57
2024-09-02 16:33:42,ETHUSDT,bid,2210,4524.408
2024-09-02 16:33:42,ETHUSDT,bid,2310,4418.167
2024-09-02 16:34:57,ETHUSDT,bid,2140,9533.313
2024-09-02 16:35:01,ETHUSDT,bid,1960,5487.307
2024-09-02 16:35:23,ETHUSDT,bid,2140,4863.791
2024-09-02 16:36:55,ETHUSDT,bid,2140,4862.791
2024-09-02 16:37:23,ETHUSDT,bid,2220,4517.58
2024-09-02 16:38:02,ETHUSDT,bid,2220,4517.57
2024-09-02 16:39:28,ETHUSDT,bid,2220,4517.57
2024-09-02 16:39:29,ETHUSDT,bid,2220,4517.57
2024-09-02 16:39:40,ETHUSDT,bid,2220,4517.58
2024-09-02 16:40:27,ETHUSDT,bid,2220,4517.57
2024-09-02 16:42:34,ETHUSDT,bid,1700,6029.81
2024-09-02 16:42:48,ETHUSDT,bid,2360,4337.429
2024-09-02 16:45:36,ETHUSDT,bid,2380,5016.88
2024-09-02 16:45:55,ETHUSDT,bid,2380,5016.755
2024-09-02 16:46:04,ETHUSDT,bid,2250,4521.222
2024-09-02 16:46:24,ETHUSDT,ask,2670,3820.591
2024-09-02 16:47:02,ETHUSDT,bid,2360,4337.556
2024-09-02 16:47:23,ETHUSDT,bid,2140,4862.768
2024-09-02 16:47:23,ETHUSDT,ask,2670,3818.515
2024-09-02 16:48:28,ETHUSDT,bid,2310,4416.167
2024-09-02 16:51:05,ETHUSDT,bid,2310,4416.158
2024-09-02 16:51:06,ETHUSDT,bid,2250,4521.232
2024-09-02 16:51:09,ETHUSDT,bid,2250,4521.222
2024-09-02 16:51:29,ETHUSDT,bid,2250,4521.232
2024-09-02 16:51:32,ETHUSDT,bid,2220,4516.572
2024-09-02 16:51:32,ETHUSDT,bid,2290,4368.005
2024-09-02 16:51:32,ETHUSDT,ask,2650,3806.298
2024-09-02 16:51:32,ETHUSDT,ask,2670,3818.501
2024-09-02 16:51:36,ETHUSDT,bid,2250,4521.222
2024-09-02 16:52:00,ETHUSDT,ask,2640,3840.683
2024-09-02 16:52:31,ETHUSDT,bid,2360,4336.556
2024-09-02 16:53:31,ETHUSDT,bid,2140,9533.406
2024-09-02 16:53:31,ETHUSDT,bid,2220,4516.665
2024-09-02 16:53:31,ETHUSDT,bid,2360,4336.649
2024-09-02 16:54:51,ETHUSDT,bid,1700,6029.752
2024-09-02 16:56:49,ETHUSDT,bid,2350,4386.942
2024-09-02 16:57:25,ETHUSDT,bid,2350,4386.442
2024-09-02 16:57:33,ETHUSDT,bid,2350,4384.997
2024-09-02 16:58:12,ETHUSDT,ask,2520,4390.666
2024-09-02 16:58:18,ETHUSDT,ask,2520,4358.238
2024-09-02 16:58:25,ETHUSDT,ask,2520,4374.59
2024-09-02 16:58:28,ETHUSDT,ask,2520,4372.619
2024-09-02 16:58:29,ETHUSDT,ask,2520,4372.087
2024-09-02 16:58:32,ETHUSDT,ask,2520,4381.799
2024-09-02 16:58:35,ETHUSDT,ask,2520,4390.633
2024-09-02 16:58:36,ETHUSDT,ask,2520,4391.306
2024-09-02 16:58:38,ETHUSDT,ask,2520,4391.292
2024-09-02 16:58:38,ETHUSDT,ask,2520,4391.282
2024-09-02 16:58:39,ETHUSDT,ask,2520,4392.719
2024-09-02 16:58:41,ETHUSDT,ask,2520,4390.715
2024-09-02 16:58:42,ETHUSDT,ask,2520,4390.735
2024-09-02 16:58:43,ETHUSDT,ask,2520,4391.258
2024-09-02 16:58:44,ETHUSDT,ask,2520,4392.258
2024-09-02 16:58:47,ETHUSDT,ask,2520,4393.926
2024-09-02 16:58:49,ETHUSDT,ask,2520,4393.936
2024-09-02 16:58:51,ETHUSDT,ask,2520,4403.887
2024-09-02 16:58:53,ETHUSDT,ask,2520,4506.204
2024-09-02 16:58:55,ETHUSDT,ask,2520,4506.254
2024-09-02 16:58:58,ETHUSDT,ask,2520,4400.165
2024-09-02 16:59:00,ETHUSDT,ask,2520,4367.289
2024-09-02 16:59:00,ETHUSDT,ask,2520,4362.834
2024-09-02 16:59:01,ETHUSDT,ask,2520,4352.9
2024-09-02 16:59:02,ETHUSDT,ask,2520,4353.598
2024-09-02 16:59:03,ETHUSDT,ask,2520,4351.548
2024-09-02 16:59:07,ETHUSDT,ask,2520,4352.541
2024-09-02 16:59:08,ETHUSDT,ask,2520,4460.754
2024-09-02 16:59:09,ETHUSDT,ask,2520,4462.896
2024-09-02 16:59:10,ETHUSDT,ask,2520,4355.33
2024-09-02 16:59:10,ETHUSDT,ask,2520,4355.37
2024-09-02 16:59:10,ETHUSDT,ask,2520,4355.33
2024-09-02 16:59:11,ETHUSDT,ask,2520,4355.886
2024-09-02 16:59:11,ETHUSDT,ask,2520,4355.093
2024-09-02 16:59:12,ETHUSDT,ask,2520,4359.324
2024-09-02 16:59:12,ETHUSDT,ask,2520,4359.284
2024-09-02 16:59:12,ETHUSDT,ask,2520,4359.344
2024-09-02 16:59:13,ETHUSDT,ask,2520,4380.585
2024-09-02 16:59:13,ETHUSDT,ask,2520,4380.069
2024-09-02 16:59:14,ETHUSDT,ask,2520,4379.593
2024-09-02 16:59:14,ETHUSDT,ask,2520,4379.182
2024-09-02 16:59:15,ETHUSDT,ask,2520,4379.444
2024-09-02 16:59:16,ETHUSDT,ask,2520,4379.266
2024-09-02 16:59:19,ETHUSDT,ask,2520,4380.655
2024-09-02 16:59:20,ETHUSDT,ask,2520,4379.468
2024-09-02 16:59:20,ETHUSDT,ask,2520,4379.428
2024-09-02 16:59:21,ETHUSDT,ask,2520,4379.555
2024-09-02 16:59:30,ETHUSDT,ask,2520,4387.559
2024-09-02 16:59:33,ETHUSDT,ask,2520,4390.146
2024-09-02 16:59:35,ETHUSDT,ask,2520,4390.486
2024-09-02 16:59:36,ETHUSDT,ask,2520,4390.686
2024-09-02 16:59:36,ETHUSDT,ask,2520,4384.686
2024-09-02 16:59:36,ETHUSDT,ask,2520,4385.69
2024-09-02 16:59:36,ETHUSDT,ask,2520,4385.563
2024-09-02 16:59:38,ETHUSDT,ask,2520,4385.586
2024-09-02 16:59:42,ETHUSDT,ask,2520,4379.557
2024-09-02 16:59:43,ETHUSDT,ask,2520,4382.357
2024-09-02 16:59:43,ETHUSDT,ask,2520,4384.399
2024-09-02 16:59:58,ETHUSDT,ask,2510,4006.958
2024-09-02 16:59:58,ETHUSDT,ask,2510,4006.832
2024-09-02 17:00:01,ETHUSDT,ask,2510,4004.255
2024-09-02 17:00:02,ETHUSDT,ask,2510,4040.517
2024-09-02 17:00:02,ETHUSDT,ask,2510,4034.553
2024-09-02 17:00:02,ETHUSDT,ask,2510,4035.149
2024-09-02 17:00:03,ETHUSDT,ask,2510,4035.749
2024-09-02 17:00:03,ETHUSDT,ask,2510,4036.949
2024-09-02 17:00:03,ETHUSDT,ask,2510,4035.749
2024-09-02 17:00:04,ETHUSDT,ask,2510,4035.153
2024-09-02 17:00:04,ETHUSDT,ask,2510,4007.141
2024-09-02 17:00:04,ETHUSDT,ask,2510,4007.114
2024-09-02 17:00:05,ETHUSDT,ask,2510,4007.124
2024-09-02 17:00:05,ETHUSDT,ask,2510,4006.714
2024-09-02 17:00:05,ETHUSDT,ask,2510,4006.574
2024-09-02 17:00:06,ETHUSDT,ask,2510,4007.774
2024-09-02 17:00:06,ETHUSDT,ask,2510,4002.442
2024-09-02 17:00:06,ETHUSDT,ask,2510,4005.973
2024-09-02 17:00:06,ETHUSDT,ask,2510,4006.501
2024-09-02 17:00:06,ETHUSDT,ask,2510,4025.85
2024-09-02 17:00:06,ETHUSDT,ask,2510,4010.583
2024-09-02 17:00:06,ETHUSDT,ask,2510,4011.277
2024-09-02 17:00:07,ETHUSDT,ask,2510,4005.317
2024-09-02 17:00:07,ETHUSDT,ask,2510,4006.907
2024-09-02 17:00:07,ETHUSDT,ask,2510,4005.317
2024-09-02 17:00:09,ETHUSDT,ask,2510,4009.95
2024-09-02 17:00:09,ETHUSDT,ask,2510,4009.256
2024-09-02 17:00:10,ETHUSDT,ask,2510,4003.986
2024-09-02 17:00:11,ETHUSDT,ask,2510,4001.595
2024-09-02 17:00:11,ETHUSDT,ask,2510,4005.777
2024-09-02 17:00:11,ETHUSDT,ask,2510,4008.957
2024-09-02 17:00:12,ETHUSDT,ask,2510,4006.574
2024-09-02 17:00:13,ETHUSDT,ask,2510,4007.004
2024-09-02 17:00:14,ETHUSDT,ask,2510,4011.289
2024-09-02 17:00:14,ETHUSDT,ask,2510,4013.672
2024-09-02 17:00:15,ETHUSDT,ask,2510,4018.506
2024-09-02 17:00:15,ETHUSDT,ask,2510,4013.672
2024-09-02 17:00:15,ETHUSDT,ask,2510,4011.289
2024-09-02 17:00:15,ETHUSDT,ask,2510,4011.642
2024-09-02 17:00:16,ETHUSDT,ask,2510,4013.232
2024-09-02 17:00:16,ETHUSDT,ask,2510,4013.942
2024-09-02 17:00:16,ETHUSDT,ask,2510,4012.352
2024-09-02 17:00:16,ETHUSDT,ask,2510,4011.642
2024-09-02 17:00:16,ETHUSDT,ask,2510,4011.289
2024-09-02 17:00:18,ETHUSDT,ask,2510,4011.289
2024-09-02 17:00:18,ETHUSDT,ask,2510,4011.289
2024-09-02 17:00:19,ETHUSDT,ask,2510,4011.389
2024-09-02 17:00:19,ETHUSDT,ask,2510,4013.772
2024-09-02 17:00:20,ETHUSDT,ask,2510,4011.389
2024-09-02 17:00:21,ETHUSDT,ask,2510,4012.382
2024-09-02 17:00:21,ETHUSDT,ask,2510,4012.382
2024-09-02 17:00:21,ETHUSDT,ask,2510,4015.389
2024-09-02 17:00:21,ETHUSDT,ask,2510,4015.689
2024-09-02 17:00:21,ETHUSDT,ask,2510,4013.298
2024-09-02 17:00:21,ETHUSDT,ask,2510,4015.689
2024-09-02 17:00:22,ETHUSDT,ask,2510,4013.298
2024-09-02 17:00:22,ETHUSDT,ask,2510,4009.298
2024-09-02 17:00:22,ETHUSDT,ask,2510,4009.39
2024-09-02 17:00:23,ETHUSDT,ask,2510,4008.96
2024-09-02 17:00:23,ETHUSDT,ask,2510,3984.244
2024-09-02 17:00:24,ETHUSDT,ask,2510,3984.256
2024-09-02 17:00:24,ETHUSDT,ask,2510,3990.399
2024-09-02 17:00:24,ETHUSDT,ask,2510,4005.369
2024-09-02 17:00:24,ETHUSDT,ask,2510,4006.822
2024-09-02 17:00:24,ETHUSDT,ask,2510,4023.832
2024-09-02 17:00:24,ETHUSDT,ask,2510,3995.461
2024-09-02 17:00:24,ETHUSDT,ask,2510,3994.061
2024-09-02 17:00:25,ETHUSDT,ask,2510,3993.791
2024-09-02 17:00:25,ETHUSDT,ask,2510,3996.182
2024-09-02 17:00:25,ETHUSDT,ask,2510,3991.682
2024-09-02 17:00:25,ETHUSDT,ask,2510,3997.127
2024-09-02 17:00:25,ETHUSDT,ask,2510,3991.682
2024-09-02 17:00:26,ETHUSDT,ask,2510,3991.69
2024-09-02 17:00:26,ETHUSDT,ask,2510,3995.69
2024-09-02 17:00:26,ETHUSDT,ask,2510,4006.697
2024-09-02 17:00:27,ETHUSDT,ask,2510,4002.697
2024-09-02 17:00:27,ETHUSDT,ask,2510,3992.49
2024-09-02 17:00:28,ETHUSDT,ask,2510,3991.69
2024-09-02 17:00:28,ETHUSDT,ask,2510,3992.49
2024-09-02 17:00:28,ETHUSDT,ask,2510,3992.601
2024-09-02 17:00:29,ETHUSDT,ask,2510,4003.573
2024-09-02 17:00:29,ETHUSDT,ask,2510,4001.182
2024-09-02 17:00:29,ETHUSDT,ask,2510,3990.21
2024-09-02 17:00:29,ETHUSDT,ask,2510,3992.601
2024-09-02 17:00:30,ETHUSDT,ask,2510,3992.601
2024-09-02 17:00:30,ETHUSDT,ask,2510,3992.799
2024-09-02 17:00:30,ETHUSDT,ask,2510,3992.799
2024-09-02 17:00:31,ETHUSDT,ask,2510,3992.799
2024-09-02 17:00:32,ETHUSDT,ask,2510,3989.733
2024-09-02 17:00:32,ETHUSDT,ask,2510,3988.081
2024-09-02 17:00:32,ETHUSDT,ask,2510,3986.558
2024-09-02 17:00:32,ETHUSDT,ask,2510,3985.758
2024-09-02 17:00:32,ETHUSDT,ask,2510,3985.748
2024-09-02 17:00:38,ETHUSDT,ask,2510,3986.145
2024-09-02 17:00:38,ETHUSDT,ask,2510,3987.138
2024-09-02 17:00:39,ETHUSDT,ask,2510,3987.138
2024-09-02 17:00:39,ETHUSDT,ask,2510,3988.999
2024-09-02 17:00:40,ETHUSDT,ask,2510,3989.092
2024-09-02 17:00:41,ETHUSDT,ask,2510,3993.119
2024-09-02 17:00:42,ETHUSDT,ask,2510,3991.068
2024-09-02 17:00:43,ETHUSDT,ask,2510,3991.108
2024-09-02 17:00:43,ETHUSDT,ask,2510,3991.068
2024-09-02 17:00:44,ETHUSDT,ask,2510,3991.236
2024-09-02 17:00:44,ETHUSDT,ask,2510,3986.991
2024-09-02 17:00:45,ETHUSDT,ask,2510,3986.951
2024-09-02 17:00:45,ETHUSDT,ask,2510,3984.709
2024-09-02 17:00:46,ETHUSDT,ask,2510,3984.808
2024-09-02 17:00:47,ETHUSDT,ask,2510,3985.309
2024-09-02 17:00:49,ETHUSDT,ask,2510,3985.309
2024-09-02 17:00:49,ETHUSDT,ask,2510,3983.333
2024-09-02 17:00:50,ETHUSDT,ask,2510,3983.081
2024-09-02 17:00:50,ETHUSDT,ask,2510,3983.201
2024-09-02 17:00:51,ETHUSDT,ask,2510,3993.402
2024-09-02 17:00:51,ETHUSDT,ask,2510,3982.677
2024-09-02 17:00:52,ETHUSDT,ask,2510,3982.601
2024-09-02 17:00:52,ETHUSDT,ask,2510,3985.781
2024-09-02 17:00:52,ETHUSDT,ask,2510,3984.201
2024-09-02 17:00:52,ETHUSDT,ask,2510,3982.601
2024-09-02 17:00:58,ETHUSDT,ask,2510,3982.727
2024-09-02 17:00:58,ETHUSDT,ask,2510,3998.631
2024-09-02 17:00:59,ETHUSDT,ask,2510,4010.758
2024-09-02 17:00:59,ETHUSDT,ask,2510,4010.632
2024-09-02 17:00:59,ETHUSDT,ask,2510,3994.728
2024-09-02 17:01:00,ETHUSDT,ask,2510,3994.728
2024-09-02 17:01:00,ETHUSDT,ask,2510,4000.689
2024-09-02 17:01:00,ETHUSDT,ask,2510,3994.728
2024-09-02 17:01:02,ETHUSDT,ask,2510,3982.601
2024-09-02 17:01:02,ETHUSDT,ask,2510,3984.656
2024-09-02 17:01:04,ETHUSDT,ask,2510,3993.777
2024-09-02 17:01:04,ETHUSDT,ask,2510,3982.297
2024-09-02 17:01:04,ETHUSDT,ask,2510,3982.257
2024-09-02 17:01:05,ETHUSDT,ask,2510,3982.297
2024-09-02 17:01:06,ETHUSDT,ask,2510,3982.317
2024-09-02 17:01:06,ETHUSDT,ask,2510,3982.277
2024-09-02 17:01:06,ETHUSDT,ask,2510,3982.317
2024-09-02 17:01:07,ETHUSDT,ask,2510,3982.297
2024-09-02 17:01:07,ETHUSDT,ask,2510,3982.297
2024-09-02 17:01:08,ETHUSDT,ask,2510,3982.257
2024-09-02 17:01:08,ETHUSDT,ask,2510,3982.297
2024-09-02 17:01:11,ETHUSDT,ask,2510,3982.257
2024-09-02 17:01:11,ETHUSDT,ask,2510,3979.106
2024-09-02 17:01:11,ETHUSDT,ask,2510,3981.494
2024-09-02 17:01:12,ETHUSDT,ask,2510,3983.526
2024-09-02 17:01:13,ETHUSDT,ask,2510,3985.399
2024-09-02 17:01:13,ETHUSDT,ask,2510,3985.359
2024-09-02 17:01:14,ETHUSDT,ask,2510,3985.394
2024-09-02 17:01:14,ETHUSDT,ask,2510,3985.434
2024-09-02 17:01:14,ETHUSDT,ask,2510,3997.324
2024-09-02 17:01:14,ETHUSDT,ask,2510,3985.394
2024-09-02 17:01:15,ETHUSDT,ask,2510,3985.434
2024-09-02 17:01:16,ETHUSDT,ask,2510,3985.394
2024-09-02 17:01:16,ETHUSDT,ask,2510,3984.978
2024-09-02 17:01:16,ETHUSDT,ask,2510,3986.78
2024-09-02 17:01:16,ETHUSDT,ask,2510,3986.804
2024-09-02 17:01:20,ETHUSDT,ask,2510,3984.791
2024-09-02 17:01:20,ETHUSDT,ask,2510,3984.831
2024-09-02 17:01:25,ETHUSDT,ask,2510,3986.769
2024-09-02 17:01:26,ETHUSDT,ask,2510,3987.151
2024-09-02 17:01:28,ETHUSDT,ask,2510,3986.853
2024-09-02 17:01:28,ETHUSDT,bid,2140,4862.752
2024-09-02 17:01:29,ETHUSDT,ask,2510,3986.834
2024-09-02 17:01:29,ETHUSDT,ask,2510,3986.794
2024-09-02 17:01:29,ETHUSDT,ask,2510,3986.834
2024-09-02 17:01:31,ETHUSDT,ask,2510,3986.877
2024-09-02 17:01:33,ETHUSDT,ask,2510,3979.634
2024-09-02 17:01:33,ETHUSDT,ask,2510,3989.184
2024-09-02 17:01:33,ETHUSDT,ask,2510,3979.634
2024-09-02 17:01:33,ETHUSDT,ask,2510,3979.65
2024-09-02 17:01:34,ETHUSDT,ask,2510,3981.242
2024-09-02 17:01:35,ETHUSDT,ask,2510,3981.282
2024-09-02 17:01:37,ETHUSDT,ask,2510,3981.281
2024-09-02 17:01:37,ETHUSDT,ask,2510,3981.241
2024-09-02 17:01:39,ETHUSDT,ask,2510,3981.936
2024-09-02 17:01:40,ETHUSDT,ask,2510,4005.77
2024-09-02 17:01:40,ETHUSDT,ask,2510,3999.808
2024-09-02 17:01:40,ETHUSDT,ask,2510,3999.928
2024-09-02 17:01:41,ETHUSDT,ask,2510,3983.904
2024-09-02 17:01:41,ETHUSDT,ask,2510,3983.237
2024-09-02 17:01:42,ETHUSDT,ask,2510,3983.253
2024-09-02 17:01:42,ETHUSDT,ask,2510,3983.253
2024-09-02 17:01:42,ETHUSDT,ask,2510,3983.237
2024-09-02 17:01:42,ETHUSDT,ask,2510,3983.236
2024-09-02 17:01:44,ETHUSDT,ask,2510,3981.249
2024-09-02 17:01:44,ETHUSDT,ask,2510,3981.649
2024-09-02 17:01:44,ETHUSDT,ask,2510,3981.249
2024-09-02 17:01:45,ETHUSDT,ask,2510,3981.249
2024-09-02 17:03:23,ETHUSDT,bid,2220,4518.1
2024-09-02 17:03:28,ETHUSDT,bid,2070,9672.229
2024-09-02 17:04:22,ETHUSDT,bid,2140,4862.767
2024-09-02 17:05:18,ETHUSDT,bid,2140,4862.817
2024-09-02 17:08:01,ETHUSDT,bid,1700,6029.576
2024-09-02 17:08:03,ETHUSDT,bid,2210,4524.397
2024-09-02 17:08:03,ETHUSDT,bid,2310,4416.147
2024-09-02 17:08:38,ETHUSDT,bid,2200,5082.556
2024-09-02 17:12:15,ETHUSDT,ask,2670,3818.712
2024-09-02 17:18:09,ETHUSDT,bid,2360,4336.667
2024-09-02 17:18:26,ETHUSDT,bid,1960,5562.037
2024-09-02 17:19:03,ETHUSDT,bid,2210,4524.382
2024-09-02 17:19:03,ETHUSDT,bid,2310,4416.132
2024-09-02 17:19:19,ETHUSDT,ask,2670,3818.53
2024-09-02 17:19:48,ETHUSDT,ask,2670,3818.333
2024-09-02 17:22:49,ETHUSDT,ask,2640,3840.654
2024-09-02 17:24:25,ETHUSDT,bid,2210,4524.372
2024-09-02 17:24:25,ETHUSDT,bid,2310,4416.122
2024-09-02 17:24:29,ETHUSDT,bid,1700,6028.576
2024-09-02 17:24:33,ETHUSDT,bid,2220,4517.57
2024-09-02 17:24:36,ETHUSDT,bid,2290,4368.087
2024-09-02 17:24:55,ETHUSDT,bid,2310,4415.69
2024-09-02 17:25:14,ETHUSDT,ask,2530,4904.874
2024-09-02 17:25:15,ETHUSDT,ask,2530,4905.124
2024-09-02 17:25:17,ETHUSDT,ask,2530,4905.116
2024-09-02 17:25:17,ETHUSDT,ask,2530,5035.423
2024-09-02 17:25:25,ETHUSDT,ask,2530,5035.508
2024-09-02 17:25:26,ETHUSDT,ask,2530,5035.926
2024-09-02 17:25:27,ETHUSDT,ask,2530,5034.493
2024-09-02 17:25:28,ETHUSDT,ask,2530,4905.229
2024-09-02 17:25:31,ETHUSDT,ask,2530,4906.229
2024-09-02 17:25:44,ETHUSDT,ask,2530,4908.072
2024-09-02 17:25:46,ETHUSDT,ask,2530,4915.209
2024-09-02 17:25:47,ETHUSDT,ask,2530,4915.92
2024-09-02 17:25:47,ETHUSDT,ask,2530,4915.928
2024-09-02 17:25:47,ETHUSDT,ask,2530,4915.92
2024-09-02 17:25:49,ETHUSDT,ask,2530,4915.928
2024-09-02 17:25:52,ETHUSDT,ask,2530,4916.92
2024-09-02 17:25:54,ETHUSDT,ask,2530,4916.928
2024-09-02 17:25:55,ETHUSDT,ask,2530,4916.967
2024-09-02 17:25:59,ETHUSDT,ask,2530,4913.154
2024-09-02 17:26:03,ETHUSDT,ask,2530,4911.391
2024-09-02 17:26:05,ETHUSDT,ask,2530,4913.773
2024-09-02 17:26:06,ETHUSDT,ask,2530,4915.151
2024-09-02 17:26:12,ETHUSDT,ask,2530,4915.159
2024-09-02 17:26:15,ETHUSDT,ask,2530,4914.363
2024-09-02 17:26:24,ETHUSDT,ask,2530,4914.113
2024-09-02 17:26:28,ETHUSDT,ask,2530,4918.26
2024-09-02 17:26:34,ETHUSDT,ask,2530,4926.305
2024-09-02 17:26:38,ETHUSDT,ask,2640,3840.854
2024-09-02 17:26:39,ETHUSDT,ask,2530,4928.321
2024-09-02 17:26:40,ETHUSDT,ask,2530,4928.371
2024-09-02 17:26:43,ETHUSDT,ask,2530,4932.051
2024-09-02 17:26:46,ETHUSDT,ask,2530,4932.044
2024-09-02 17:26:47,ETHUSDT,ask,2670,3822.544
2024-09-02 17:26:50,ETHUSDT,ask,2530,4941.538
2024-09-02 17:27:07,ETHUSDT,ask,2530,4941.613
2024-09-02 17:27:09,ETHUSDT,ask,2530,4949.502
2024-09-02 17:27:09,ETHUSDT,ask,2530,4950.685
2024-09-02 17:27:18,ETHUSDT,ask,2530,4953.685
2024-09-02 17:27:28,ETHUSDT,ask,2530,4945.625
2024-09-02 17:27:28,ETHUSDT,ask,2530,4957.524
2024-09-02 17:27:30,ETHUSDT,ask,2530,4941.524
2024-09-02 17:27:38,ETHUSDT,ask,2530,4941.178
2024-09-02 17:27:39,ETHUSDT,ask,2530,4940.178
2024-09-02 17:27:43,ETHUSDT,ask,2530,4940.572
2024-09-02 17:28:06,ETHUSDT,ask,2530,4849.577
2024-09-02 17:28:06,ETHUSDT,ask,2530,4849.617
2024-09-02 17:28:06,ETHUSDT,ask,2530,4849.261
2024-09-02 17:28:06,ETHUSDT,ask,2530,4846.888
2024-09-02 17:28:07,ETHUSDT,ask,2530,4844.812
2024-09-02 17:28:09,ETHUSDT,ask,2530,4844.812
2024-09-02 17:28:10,ETHUSDT,ask,2530,4844.219
2024-09-02 17:28:10,ETHUSDT,ask,2530,4844.179
2024-09-02 17:28:12,ETHUSDT,bid,2140,4862.807
2024-09-02 17:28:13,ETHUSDT,ask,2530,4860.035
2024-09-02 17:28:17,ETHUSDT,ask,2530,4844.219
2024-09-02 17:28:18,ETHUSDT,ask,2530,4844.179
2024-09-02 17:28:22,ETHUSDT,ask,2530,4847.733
2024-09-02 17:28:31,ETHUSDT,ask,2530,4848.128
2024-09-02 17:28:31,ETHUSDT,ask,2530,4847.733
2024-09-02 17:28:32,ETHUSDT,ask,2530,4849.609
2024-09-02 17:28:42,ETHUSDT,ask,2530,4849.609
2024-09-02 17:28:56,ETHUSDT,ask,2530,4855.145
2024-09-02 17:29:14,ETHUSDT,ask,2530,4866.248
2024-09-02 17:29:28,ETHUSDT,ask,2530,4866.288
2024-09-02 17:29:28,ETHUSDT,ask,2530,4864.295
2024-09-02 17:29:28,ETHUSDT,ask,2530,4866.617
2024-09-02 17:29:29,ETHUSDT,ask,2530,4866.657
2024-09-02 17:29:30,ETHUSDT,ask,2530,4866.632
2024-09-02 17:29:31,ETHUSDT,ask,2530,4864.655
2024-09-02 17:29:32,ETHUSDT,ask,2530,4862.191
2024-09-02 17:29:32,ETHUSDT,ask,2530,4864.564
2024-09-02 17:29:33,ETHUSDT,ask,2530,4880.985
2024-09-02 17:29:33,ETHUSDT,ask,2530,4864.564
2024-09-02 17:29:34,ETHUSDT,ask,2530,4864.564
2024-09-02 17:29:35,ETHUSDT,ask,2530,4864.564
2024-09-02 17:29:36,ETHUSDT,ask,2530,4864.564
2024-09-02 17:29:40,ETHUSDT,ask,2530,4864.761
2024-09-02 17:29:41,ETHUSDT,ask,2530,4881.182
2024-09-02 17:29:41,ETHUSDT,ask,2530,4864.761
2024-09-02 17:29:41,ETHUSDT,ask,2530,4864.761
2024-09-02 17:29:42,ETHUSDT,ask,2530,4881.182
2024-09-02 17:29:42,ETHUSDT,ask,2530,4864.761
2024-09-02 17:29:43,ETHUSDT,ask,2530,4864.761
2024-09-02 17:29:46,ETHUSDT,ask,2530,4864.761
2024-09-02 17:29:47,ETHUSDT,ask,2530,4881.182
2024-09-02 17:29:47,ETHUSDT,ask,2530,4864.761
2024-09-02 17:29:48,ETHUSDT,ask,2530,4881.182
2024-09-02 17:29:48,ETHUSDT,ask,2530,4864.761
2024-09-02 17:29:49,ETHUSDT,ask,2530,4864.761
2024-09-02 17:29:52,ETHUSDT,ask,2530,4864.761
2024-09-02 17:29:54,ETHUSDT,ask,2530,4881.182
2024-09-02 17:29:54,ETHUSDT,ask,2530,4864.761
2024-09-02 17:29:55,ETHUSDT,ask,2530,4881.182
2024-09-02 17:29:55,ETHUSDT,ask,2530,4864.761
2024-09-02 17:29:55,ETHUSDT,ask,2530,4862.678
2024-09-02 17:29:55,ETHUSDT,ask,2530,4862.691
2024-09-02 17:29:56,ETHUSDT,ask,2530,4862.691
2024-09-02 17:29:57,ETHUSDT,ask,2530,4862.701
2024-09-02 17:29:58,ETHUSDT,ask,2530,4862.701
2024-09-02 17:29:59,ETHUSDT,ask,2530,4879.122
2024-09-02 17:29:59,ETHUSDT,ask,2530,4862.701
2024-09-02 17:29:59,ETHUSDT,ask,2530,4862.664
2024-09-02 17:30:00,ETHUSDT,ask,2530,4862.664
2024-09-02 17:30:00,ETHUSDT,ask,2530,4862.664
2024-09-02 17:30:00,ETHUSDT,ask,2530,4864.491
2024-09-02 17:30:00,ETHUSDT,ask,2530,4860.283
2024-09-02 17:30:00,ETHUSDT,ask,2530,4860.283
2024-09-02 17:30:01,ETHUSDT,ask,2530,4832.508
2024-09-02 17:30:01,ETHUSDT,ask,2530,4832.706
2024-09-02 17:30:01,ETHUSDT,ask,2530,4837.29
2024-09-02 17:30:01,ETHUSDT,ask,2530,4823.041
2024-09-02 17:30:01,ETHUSDT,ask,2530,4823.072
2024-09-02 17:30:01,ETHUSDT,ask,2530,4822.854
2024-09-02 17:30:02,ETHUSDT,ask,2530,4825.227
2024-09-02 17:30:02,ETHUSDT,ask,2530,4836.399
2024-09-02 17:30:02,ETHUSDT,ask,2530,4828.829
2024-09-02 17:30:02,ETHUSDT,ask,2530,4829.223
2024-09-02 17:30:02,ETHUSDT,ask,2530,4825.629
2024-09-02 17:30:03,ETHUSDT,ask,2530,4826.222
2024-09-02 17:30:03,ETHUSDT,ask,2530,4825.629
2024-09-02 17:30:03,ETHUSDT,ask,2530,5325.629
2024-09-02 17:30:04,ETHUSDT,ask,2530,5330.429
2024-09-02 17:30:05,ETHUSDT,ask,2530,5346.85
2024-09-02 17:30:05,ETHUSDT,ask,2530,5330.429
2024-09-02 17:30:05,ETHUSDT,ask,2530,5330.029
2024-09-02 17:30:05,ETHUSDT,ask,2530,5325.629
2024-09-02 17:30:06,ETHUSDT,ask,2530,5325.629
2024-09-02 17:30:06,ETHUSDT,ask,2530,5328.914
2024-09-02 17:30:06,ETHUSDT,ask,2530,5334.941
2024-09-02 17:30:06,ETHUSDT,ask,2530,5334.841
2024-09-02 17:30:07,ETHUSDT,ask,2530,5332.865
2024-09-02 17:30:07,ETHUSDT,ask,2530,5326.938
2024-09-02 17:30:07,ETHUSDT,ask,2650,3806.74
2024-09-02 17:30:07,ETHUSDT,ask,2530,5328.914
2024-09-02 17:30:07,ETHUSDT,ask,2530,5334.84
2024-09-02 17:30:08,ETHUSDT,ask,2530,5334.84
2024-09-02 17:30:08,ETHUSDT,ask,2530,5326.205
2024-09-02 17:30:08,ETHUSDT,ask,2530,5329.005
2024-09-02 17:30:09,ETHUSDT,ask,2530,5329.505
2024-09-02 17:30:09,ETHUSDT,ask,2530,5324.729
2024-09-02 17:30:10,ETHUSDT,ask,2530,5341.15
2024-09-02 17:30:10,ETHUSDT,ask,2530,5324.729
2024-09-02 17:30:11,ETHUSDT,ask,2530,5341.15
2024-09-02 17:30:11,ETHUSDT,ask,2530,5324.729
2024-09-02 17:30:11,ETHUSDT,ask,2530,5324.848
2024-09-02 17:30:11,ETHUSDT,ask,2530,5327.481
2024-09-02 17:30:11,ETHUSDT,ask,2530,5328.481
2024-09-02 17:30:11,ETHUSDT,ask,2530,5327.481
2024-09-02 17:30:12,ETHUSDT,ask,2530,5326.281
2024-09-02 17:30:13,ETHUSDT,ask,2530,5326.162
2024-09-02 17:30:13,ETHUSDT,ask,2530,5326.962
2024-09-02 17:30:13,ETHUSDT,ask,2530,5326.162
2024-09-02 17:30:13,ETHUSDT,ask,2530,5328.153
2024-09-02 17:30:13,ETHUSDT,ask,2530,5326.172
2024-09-02 17:30:14,ETHUSDT,ask,2530,5328.153
2024-09-02 17:30:16,ETHUSDT,ask,2530,5328.744
2024-09-02 17:30:18,ETHUSDT,ask,2530,5328.744
2024-09-02 17:30:19,ETHUSDT,ask,2530,5345.661
2024-09-02 17:30:19,ETHUSDT,ask,2530,5329.24
2024-09-02 17:30:19,ETHUSDT,ask,2530,5329.24
2024-09-02 17:30:19,ETHUSDT,ask,2530,5329.478
2024-09-02 17:30:19,ETHUSDT,ask,2530,5329.578
2024-09-02 17:30:20,ETHUSDT,ask,2530,5345.999
2024-09-02 17:30:20,ETHUSDT,ask,2530,5329.578
2024-09-02 17:30:21,ETHUSDT,ask,2530,5329.578
2024-09-02 17:30:22,ETHUSDT,ask,2530,5329.578
2024-09-02 17:30:22,ETHUSDT,ask,2530,5335.504
2024-09-02 17:30:22,ETHUSDT,ask,2530,5335.524
2024-09-02 17:30:23,ETHUSDT,ask,2530,5335.524
2024-09-02 17:30:23,ETHUSDT,ask,2530,5329.598
2024-09-02 17:30:24,ETHUSDT,ask,2530,5329.598
2024-09-02 17:30:25,ETHUSDT,ask,2530,5329.34
2024-09-02 17:30:25,ETHUSDT,ask,2530,5329.35
2024-09-02 17:30:25,ETHUSDT,ask,2530,5330.949
2024-09-02 17:30:26,ETHUSDT,ask,2530,5331.308
2024-09-02 17:30:27,ETHUSDT,ask,2530,5328.191
2024-09-02 17:30:27,ETHUSDT,ask,2530,5328.229
2024-09-02 17:30:27,ETHUSDT,ask,2530,5328.579
2024-09-02 17:30:27,ETHUSDT,ask,2530,5328.541
2024-09-02 17:30:28,ETHUSDT,ask,2530,5344.962
2024-09-02 17:30:28,ETHUSDT,ask,2530,5328.541
2024-09-02 17:30:29,ETHUSDT,ask,2530,5344.962
2024-09-02 17:30:29,ETHUSDT,ask,2530,5328.541
2024-09-02 17:30:29,ETHUSDT,ask,2530,5328.541
2024-09-02 17:30:29,ETHUSDT,ask,2530,5331.272
2024-09-02 17:30:30,ETHUSDT,ask,2530,5331.272
2024-09-02 17:30:30,ETHUSDT,ask,2530,5330.922
2024-09-02 17:30:30,ETHUSDT,ask,2530,5328.665
2024-09-02 17:30:31,ETHUSDT,ask,2530,5328.655
2024-09-02 17:30:31,ETHUSDT,ask,2530,5331.024
2024-09-02 17:30:32,ETHUSDT,ask,2530,5328.655
2024-09-02 17:30:32,ETHUSDT,ask,2530,5329.806
2024-09-02 17:30:34,ETHUSDT,ask,2530,5330.606
2024-09-02 17:30:34,ETHUSDT,ask,2530,5329.806
2024-09-02 17:30:35,ETHUSDT,ask,2530,5329.827
2024-09-02 17:30:36,ETHUSDT,ask,2530,5329.827
2024-09-02 17:30:36,ETHUSDT,ask,2530,5329.837
2024-09-02 17:30:37,ETHUSDT,ask,2530,5329.827
2024-09-02 17:30:38,ETHUSDT,ask,2530,5330.273
2024-09-02 17:30:38,ETHUSDT,ask,2530,5332.238
2024-09-02 17:30:38,ETHUSDT,ask,2530,5327.496
2024-09-02 17:30:38,ETHUSDT,ask,2530,5329.078
2024-09-02 17:30:39,ETHUSDT,ask,2530,5329.869
2024-09-02 17:30:39,ETHUSDT,ask,2530,5327.446
2024-09-02 17:30:39,ETHUSDT,ask,2530,5331.182
2024-09-02 17:30:39,ETHUSDT,ask,2530,5331.257
2024-09-02 17:30:39,ETHUSDT,ask,2530,5329.43
2024-09-02 17:30:40,ETHUSDT,ask,2530,5329.399
2024-09-02 17:30:40,ETHUSDT,ask,2530,5334.724
2024-09-02 17:30:41,ETHUSDT,ask,2530,5330.399
2024-09-02 17:30:41,ETHUSDT,ask,2530,5330.409
2024-09-02 17:30:42,ETHUSDT,ask,2530,5330.417
2024-09-02 17:30:43,ETHUSDT,ask,2530,5335.773
2024-09-02 17:30:43,ETHUSDT,ask,2530,5330.417
2024-09-02 17:30:43,ETHUSDT,ask,2530,5330.898
2024-09-02 17:30:46,ETHUSDT,ask,2530,5330.908
2024-09-02 17:30:46,ETHUSDT,ask,2530,5330.898
2024-09-02 17:30:46,ETHUSDT,ask,2530,5330.898
2024-09-02 17:30:47,ETHUSDT,ask,2530,5342.948
2024-09-02 17:30:48,ETHUSDT,ask,2530,5342.948
2024-09-02 17:30:48,ETHUSDT,ask,2530,5330.898
2024-09-02 17:30:48,ETHUSDT,ask,2530,5333.267
2024-09-02 17:30:48,ETHUSDT,ask,2530,5330.898
2024-09-02 17:30:50,ETHUSDT,ask,2530,5330.307
2024-09-02 17:30:51,ETHUSDT,ask,2530,5333.082
2024-09-02 17:30:51,ETHUSDT,ask,2530,5333.132
2024-09-02 17:30:51,ETHUSDT,ask,2530,5333.082
2024-09-02 17:30:51,ETHUSDT,ask,2530,5331.593
2024-09-02 17:30:51,ETHUSDT,ask,2530,5333.569
2024-09-02 17:30:52,ETHUSDT,ask,2530,5365.794
2024-09-02 17:30:52,ETHUSDT,ask,2530,5349.373
2024-09-02 17:30:52,ETHUSDT,ask,2530,5352.399
2024-09-02 17:30:52,ETHUSDT,ask,2530,5349.493
2024-09-02 17:30:52,ETHUSDT,ask,2530,5352.399
2024-09-02 17:30:52,ETHUSDT,ask,2530,5349.493
2024-09-02 17:30:53,ETHUSDT,ask,2530,5333.689
2024-09-02 17:30:53,ETHUSDT,ask,2530,5333.689
2024-09-02 17:30:54,ETHUSDT,ask,2530,5333.689
2024-09-02 17:30:55,ETHUSDT,ask,2530,5350.11
2024-09-02 17:30:55,ETHUSDT,ask,2530,5333.689
2024-09-02 17:30:56,ETHUSDT,ask,2530,5350.11
2024-09-02 17:30:56,ETHUSDT,ask,2530,5333.689
2024-09-02 17:30:56,ETHUSDT,ask,2530,5333.699
2024-09-02 17:30:56,ETHUSDT,ask,2530,5333.689
2024-09-02 17:30:56,ETHUSDT,ask,2530,5337.889
2024-09-02 17:30:57,ETHUSDT,ask,2530,5337.403
2024-09-02 17:30:57,ETHUSDT,ask,2530,5333.203
2024-09-02 17:30:57,ETHUSDT,ask,2530,5331.227
2024-09-02 17:30:57,ETHUSDT,ask,2530,5333.203
2024-09-02 17:30:59,ETHUSDT,ask,2530,5333.796
2024-09-02 17:30:59,ETHUSDT,ask,2530,5332.996
2024-09-02 17:31:00,ETHUSDT,ask,2530,5331.02
2024-09-02 17:31:00,ETHUSDT,ask,2530,5331.059
2024-09-02 17:31:00,ETHUSDT,ask,2530,5333.035
2024-09-02 17:31:01,ETHUSDT,ask,2530,5333.035
2024-09-02 17:31:02,ETHUSDT,ask,2530,5333.035
2024-09-02 17:31:02,ETHUSDT,ask,2530,5332.442
2024-09-02 17:31:03,ETHUSDT,ask,2530,5332.442
2024-09-02 17:31:03,ETHUSDT,ask,2530,5351.847
2024-09-02 17:31:03,ETHUSDT,ask,2530,5335.426
2024-09-02 17:31:03,ETHUSDT,ask,2530,5339.139
2024-09-02 17:31:04,ETHUSDT,ask,2530,5355.56
2024-09-02 17:31:04,ETHUSDT,ask,2530,5339.139
2024-09-02 17:31:04,ETHUSDT,ask,2530,5335.426
2024-09-02 17:31:04,ETHUSDT,ask,2530,5338.884
2024-09-02 17:31:04,ETHUSDT,ask,2530,5335.135
2024-09-02 17:31:05,ETHUSDT,ask,2530,5330.175
2024-09-02 17:31:06,ETHUSDT,ask,2530,5330.175
2024-09-02 17:31:07,ETHUSDT,ask,2530,5330.175
2024-09-02 17:31:08,ETHUSDT,ask,2530,5346.596
2024-09-02 17:31:08,ETHUSDT,ask,2530,5330.175
2024-09-02 17:31:08,ETHUSDT,ask,2530,5332.151
2024-09-02 17:31:09,ETHUSDT,ask,2530,5348.572
2024-09-02 17:31:09,ETHUSDT,ask,2530,5332.151
2024-09-02 17:31:09,ETHUSDT,ask,2530,5330.175
2024-09-02 17:31:10,ETHUSDT,ask,2530,5332.151
2024-09-02 17:31:10,ETHUSDT,ask,2530,5332.151
2024-09-02 17:31:11,ETHUSDT,ask,2530,5332.161
2024-09-02 17:31:11,ETHUSDT,ask,2530,5332.151
2024-09-02 17:31:11,ETHUSDT,ask,2530,5333.151
2024-09-02 17:31:12,ETHUSDT,ask,2530,5333.161
2024-09-02 17:31:13,ETHUSDT,ask,2530,5333.384
2024-09-02 17:31:13,ETHUSDT,ask,2530,5333.394
2024-09-02 17:31:13,ETHUSDT,ask,2530,5333.384
2024-09-02 17:31:13,ETHUSDT,ask,2530,5333.394
2024-09-02 17:31:13,ETHUSDT,ask,2530,5333.384
2024-09-02 17:31:14,ETHUSDT,ask,2530,5331.011
2024-09-02 17:31:14,ETHUSDT,ask,2530,5333.384
2024-09-02 17:31:15,ETHUSDT,ask,2530,5333.434
2024-09-02 17:31:15,ETHUSDT,ask,2530,5333.314
2024-09-02 17:31:16,ETHUSDT,ask,2530,5333.264
2024-09-02 17:31:16,ETHUSDT,ask,2530,5331.296
2024-09-02 17:31:16,ETHUSDT,ask,2530,5341.761
2024-09-02 17:31:16,ETHUSDT,ask,2530,5333.272
2024-09-02 17:31:17,ETHUSDT,ask,2530,5333.272
2024-09-02 17:31:17,ETHUSDT,ask,2530,5331.296
2024-09-02 17:31:17,ETHUSDT,ask,2530,5331.644
2024-09-02 17:31:18,ETHUSDT,ask,2530,5342.715
2024-09-02 17:31:19,ETHUSDT,ask,2530,5331.644
2024-09-02 17:31:20,ETHUSDT,ask,2530,5333.487
2024-09-02 17:31:20,ETHUSDT,ask,2530,5331.515
2024-09-02 17:31:21,ETHUSDT,ask,2530,5331.495
2024-09-02 17:31:21,ETHUSDT,ask,2530,5347.916
2024-09-02 17:31:21,ETHUSDT,ask,2530,5331.495
2024-09-02 17:31:21,ETHUSDT,ask,2530,5331.365
2024-09-02 17:31:21,ETHUSDT,ask,2530,5328.993
2024-09-02 17:31:22,ETHUSDT,ask,2530,5331.366
2024-09-02 17:31:22,ETHUSDT,ask,2530,5331.486
2024-09-02 17:31:23,ETHUSDT,ask,2530,5343.564
2024-09-02 17:31:23,ETHUSDT,ask,2530,5342.773
2024-09-02 17:31:23,ETHUSDT,ask,2530,5341.191
2024-09-02 17:31:24,ETHUSDT,ask,2530,5343.564
2024-09-02 17:31:25,ETHUSDT,ask,2530,5342.773
2024-09-02 17:31:25,ETHUSDT,ask,2530,5341.191
2024-09-02 17:31:25,ETHUSDT,ask,2530,5341.201
2024-09-02 17:31:26,ETHUSDT,ask,2530,5341.193
2024-09-02 17:31:26,ETHUSDT,ask,2530,5341.073
2024-09-02 17:31:27,ETHUSDT,ask,2530,5341.448
2024-09-02 17:31:28,ETHUSDT,ask,2530,5341.428
2024-09-02 17:31:28,ETHUSDT,ask,2530,5320.928
2024-09-02 17:31:28,ETHUSDT,ask,2530,5325.683
2024-09-02 17:31:28,ETHUSDT,ask,2530,5325.65
2024-09-02 17:31:28,ETHUSDT,ask,2530,5325.651
2024-09-02 17:31:28,ETHUSDT,ask,2530,5325.746
2024-09-02 17:31:28,ETHUSDT,ask,2530,5325.035
2024-09-02 17:31:28,ETHUSDT,ask,2530,5325.055
2024-09-02 17:31:29,ETHUSDT,ask,2530,5320.624
2024-09-02 17:31:35,ETHUSDT,bid,2360,4336.688
2024-09-02 17:32:05,ETHUSDT,bid,2350,4385.262
2024-09-02 17:33:07,ETHUSDT,bid,2250,4521.241
2024-09-02 17:33:29,ETHUSDT,bid,2230,4490.579
2024-09-02 17:33:37,ETHUSDT,bid,2220,4517.589
2024-09-02 17:33:54,ETHUSDT,bid,2200,5082.574
2024-09-02 17:35:39,ETHUSDT,bid,2360,4336.265
2024-09-02 17:37:54,ETHUSDT,bid,2310,4414.69
2024-09-02 17:39:34,ETHUSDT,ask,2670,3825.901
2024-09-02 17:40:06,ETHUSDT,bid,2140,4862.818
2024-09-02 17:47:07,ETHUSDT,bid,2140,4862.787
2024-09-02 17:50:00,ETHUSDT,bid,2070,9669.331
2024-09-02 17:55:54,ETHUSDT,bid,2200,5072.574
2024-09-02 18:00:22,ETHUSDT,ask,2640,3842.667
2024-09-02 18:00:39,ETHUSDT,bid,2070,9669.312
2024-09-02 18:02:00,ETHUSDT,ask,2670,3818.335
2024-09-02 18:03:32,ETHUSDT,bid,2220,4518.589
2024-09-02 18:09:46,ETHUSDT,bid,1700,6028.596
2024-09-02 18:09:46,ETHUSDT,bid,1960,5562.057
2024-09-02 18:09:46,ETHUSDT,bid,2140,4862.807
2024-09-02 18:09:49,ETHUSDT,bid,2140,4967.807
2024-09-02 18:10:53,ETHUSDT,bid,2380,5016.735
2024-09-02 18:12:56,ETHUSDT,bid,1700,6028.528
2024-09-02 18:13:36,ETHUSDT,bid,2040,9800.547
2024-09-02 18:14:19,ETHUSDT,bid,2140,4862.807
2024-09-02 18:14:55,ETHUSDT,bid,2290,4368.005
2024-09-02 18:15:23,ETHUSDT,bid,1940,5214.225
2024-09-02 18:16:12,ETHUSDT,bid,2510,4120.634
2024-09-02 18:16:25,ETHUSDT,bid,2510,4121.406
2024-09-02 18:16:44,ETHUSDT,bid,2510,4120.634
2024-09-02 18:16:49,ETHUSDT,bid,2510,4120.674
2024-09-02 18:16:49,ETHUSDT,bid,2510,4120.634
2024-09-02 18:16:51,ETHUSDT,bid,2510,4162.329
2024-09-02 18:16:51,ETHUSDT,bid,2510,4120.634
2024-09-02 18:16:51,ETHUSDT,bid,2510,4120.674
2024-09-02 18:16:52,ETHUSDT,bid,2510,4120.674
2024-09-02 18:16:52,ETHUSDT,bid,2510,4120.634
2024-09-02 18:16:54,ETHUSDT,bid,2510,4118.615
2024-09-02 18:16:57,ETHUSDT,bid,2510,4118.615
2024-09-02 18:17:02,ETHUSDT,bid,2510,4177.533
2024-09-02 18:17:12,ETHUSDT,bid,2510,4175.033
2024-09-02 18:17:13,ETHUSDT,bid,2510,4116.115
2024-09-02 18:17:24,ETHUSDT,bid,2510,4116.512
2024-09-02 18:17:25,ETHUSDT,bid,2510,4116.115
2024-09-02 18:17:26,ETHUSDT,bid,2510,4116.784
2024-09-02 18:17:26,ETHUSDT,bid,2510,4128.887
2024-09-02 18:17:26,ETHUSDT,bid,2510,4116.784
2024-09-02 18:17:27,ETHUSDT,bid,2510,4116.387
2024-09-02 18:17:31,ETHUSDT,bid,2510,4116.327
2024-09-02 18:17:40,ETHUSDT,bid,2510,4138.143
2024-09-02 18:17:51,ETHUSDT,bid,2510,4116.327
2024-09-02 18:17:52,ETHUSDT,bid,2510,4119.235
2024-09-02 18:17:52,ETHUSDT,bid,2510,4119.355
2024-09-02 18:17:57,ETHUSDT,bid,2510,4129.845
2024-09-02 18:17:57,ETHUSDT,bid,2510,4119.355
2024-09-02 18:17:57,ETHUSDT,bid,2510,4119.235
2024-09-02 18:17:58,ETHUSDT,bid,2510,4116.967
2024-09-02 18:17:59,ETHUSDT,bid,2510,4116.695
2024-09-02 18:18:04,ETHUSDT,bid,2510,4116.655
2024-09-02 18:18:04,ETHUSDT,bid,2510,4116.695
2024-09-02 18:18:06,ETHUSDT,bid,2510,4116.655
2024-09-02 18:18:20,ETHUSDT,bid,2510,4116.695
2024-09-02 18:18:20,ETHUSDT,bid,2510,4116.055
2024-09-02 18:18:22,ETHUSDT,bid,1960,5562.045
2024-09-02 18:18:22,ETHUSDT,bid,2140,4862.795
2024-09-02 18:18:22,ETHUSDT,bid,2510,4127.389
2024-09-02 18:18:23,ETHUSDT,bid,2510,4127.449
2024-09-02 18:18:37,ETHUSDT,bid,2510,4118.03
2024-09-02 18:18:50,ETHUSDT,bid,2510,4117.97
2024-09-02 18:19:02,ETHUSDT,bid,2510,4120.0
2024-09-02 18:19:03,ETHUSDT,bid,2380,5015.969
2024-09-02 18:19:04,ETHUSDT,bid,2510,4120.043
2024-09-02 18:19:05,ETHUSDT,bid,2510,4120.0
2024-09-02 18:19:08,ETHUSDT,bid,2510,4120.078
2024-09-02 18:19:09,ETHUSDT,bid,2510,4120.054
2024-09-02 18:19:11,ETHUSDT,bid,2510,4119.976
2024-09-02 18:19:13,ETHUSDT,bid,2510,4117.946
2024-09-02 18:19:13,ETHUSDT,bid,2510,4116.055
2024-09-02 18:19:59,ETHUSDT,bid,2510,4126.055
2024-09-02 18:20:02,ETHUSDT,bid,2510,4116.055
2024-09-02 18:20:05,ETHUSDT,bid,2510,4116.087
2024-09-02 18:20:12,ETHUSDT,bid,2510,4124.953
2024-09-02 18:20:16,ETHUSDT,bid,2510,4116.165
2024-09-02 18:20:22,ETHUSDT,bid,2510,4116.771
2024-09-02 18:20:38,ETHUSDT,bid,2510,4116.693
2024-09-02 18:20:42,ETHUSDT,bid,2510,4118.58
2024-09-02 18:21:32,ETHUSDT,bid,2510,4118.588
2024-09-02 18:21:33,ETHUSDT,bid,2510,4118.58
2024-09-02 18:21:43,ETHUSDT,bid,2140,4862.785
2024-09-02 18:22:05,ETHUSDT,bid,2510,4120.631
2024-09-02 18:22:22,ETHUSDT,bid,2510,4118.58
2024-09-02 18:22:33,ETHUSDT,bid,2510,4118.138
2024-09-02 18:22:35,ETHUSDT,bid,2510,4109.186
2024-09-02 18:22:39,ETHUSDT,bid,2510,4119.186
2024-09-02 18:22:41,ETHUSDT,bid,2510,4109.186
2024-09-02 18:22:45,ETHUSDT,bid,2510,4109.986
2024-09-02 18:22:51,ETHUSDT,bid,2510,4118.707
2024-09-02 18:23:01,ETHUSDT,bid,2510,4109.986
2024-09-02 18:23:37,ETHUSDT,bid,2510,4111.969
2024-09-02 18:23:43,ETHUSDT,bid,2510,4110.082
2024-09-02 18:23:44,ETHUSDT,bid,2510,4109.282
2024-09-02 18:23:53,ETHUSDT,bid,2510,4108.282
2024-09-02 18:24:09,ETHUSDT,bid,2510,4106.299
2024-09-02 18:24:24,ETHUSDT,bid,2510,4108.334
2024-09-02 18:24:26,ETHUSDT,bid,2510,4106.299
2024-09-02 18:25:07,ETHUSDT,bid,2510,4122.299
2024-09-02 18:25:08,ETHUSDT,bid,2510,4106.299
2024-09-02 18:25:35,ETHUSDT,bid,2510,4108.299
2024-09-02 18:25:36,ETHUSDT,bid,2510,4106.299
2024-09-02 18:25:38,ETHUSDT,bid,2510,4108.299
2024-09-02 18:25:40,ETHUSDT,bid,2510,4106.299
2024-09-02 18:25:41,ETHUSDT,bid,2510,4108.299
2024-09-02 18:25:43,ETHUSDT,bid,2510,4106.299
2024-09-02 18:25:43,ETHUSDT,bid,2510,4108.299
2024-09-02 18:25:44,ETHUSDT,bid,2510,4106.299
2024-09-02 18:25:45,ETHUSDT,bid,2510,4108.299
2024-09-02 18:25:50,ETHUSDT,bid,2510,4106.299
2024-09-02 18:25:51,ETHUSDT,bid,2510,4108.299
2024-09-02 18:25:52,ETHUSDT,bid,2510,4106.299
2024-09-02 18:25:53,ETHUSDT,bid,2510,4108.299
2024-09-02 18:25:56,ETHUSDT,bid,2510,4106.299
2024-09-02 18:25:57,ETHUSDT,bid,2510,4108.299
2024-09-02 18:26:00,ETHUSDT,bid,2510,4106.299
2024-09-02 18:26:00,ETHUSDT,bid,2510,4108.299
2024-09-02 18:26:01,ETHUSDT,bid,2510,4110.299
2024-09-02 18:26:03,ETHUSDT,bid,2510,4108.299
2024-09-02 18:26:04,ETHUSDT,bid,2510,4110.299
2024-09-02 18:26:10,ETHUSDT,bid,2510,4108.299
2024-09-02 18:26:10,ETHUSDT,bid,2510,4106.299
2024-09-02 18:26:12,ETHUSDT,bid,2510,4108.299
2024-09-02 18:26:14,ETHUSDT,bid,2510,4106.299
2024-09-02 18:26:15,ETHUSDT,bid,2510,4108.299
2024-09-02 18:26:15,ETHUSDT,bid,2510,4106.299
2024-09-02 18:26:20,ETHUSDT,bid,2510,4108.299
2024-09-02 18:26:22,ETHUSDT,bid,2510,4106.299
2024-09-02 18:26:23,ETHUSDT,bid,2510,4108.299
2024-09-02 18:26:26,ETHUSDT,bid,2510,4106.299
2024-09-02 18:26:28,ETHUSDT,bid,2510,4108.299
2024-09-02 18:26:30,ETHUSDT,bid,2510,4106.299
2024-09-02 18:26:37,ETHUSDT,bid,2510,4108.299
2024-09-02 18:26:38,ETHUSDT,bid,2510,4106.299
2024-09-02 18:27:06,ETHUSDT,bid,2510,4106.695
2024-09-02 18:27:07,ETHUSDT,bid,2510,4106.299
2024-09-02 18:27:48,ETHUSDT,bid,2510,4122.299
2024-09-02 18:27:51,ETHUSDT,bid,2510,4122.309
2024-09-02 18:27:53,ETHUSDT,bid,2510,4106.309
2024-09-02 18:28:13,ETHUSDT,bid,2510,4106.269
2024-09-02 18:28:44,ETHUSDT,ask,2650,3806.94
2024-09-02 18:29:26,ETHUSDT,bid,2510,4106.182
2024-09-02 18:30:02,ETHUSDT,bid,2380,5016.619
2024-09-02 18:30:39,ETHUSDT,bid,2030,4938.571
2024-09-02 18:30:39,ETHUSDT,bid,2230,4490.564
2024-09-02 18:30:39,ETHUSDT,ask,2640,3842.652
2024-09-02 18:30:39,ETHUSDT,ask,2990,3452.734
2024-09-02 18:31:57,ETHUSDT,bid,2510,4122.182
2024-09-02 18:31:57,ETHUSDT,bid,2510,4106.182
2024-09-02 18:32:55,ETHUSDT,bid,2510,4110.131
2024-09-02 18:33:02,ETHUSDT,bid,2510,4120.131
2024-09-02 18:33:02,ETHUSDT,bid,2510,4110.131
2024-09-02 18:33:11,ETHUSDT,bid,2210,4522.372
2024-09-02 18:34:56,ETHUSDT,bid,2510,4110.527
2024-09-02 18:34:56,ETHUSDT,bid,2510,4110.131
2024-09-02 18:35:01,ETHUSDT,bid,2380,5015.969
2024-09-02 18:35:38,ETHUSDT,bid,2510,4135.131
2024-09-02 18:35:48,ETHUSDT,bid,2510,4135.174
2024-09-02 18:35:50,ETHUSDT,bid,2510,4135.131
2024-09-02 18:36:01,ETHUSDT,bid,2220,4516.424
2024-09-02 18:36:36,ETHUSDT,bid,2510,4168.325
2024-09-02 18:36:46,ETHUSDT,bid,2510,4141.07
2024-09-02 18:37:01,ETHUSDT,bid,2510,4137.174
2024-09-02 18:37:01,ETHUSDT,bid,2510,4135.131
2024-09-02 18:41:46,ETHUSDT,ask,2670,3818.699
2024-09-02 18:54:20,ETHUSDT,bid,1700,6028.776
2024-09-02 18:55:36,ETHUSDT,bid,1700,6028.528
2024-09-02 18:56:14,ETHUSDT,bid,2140,4862.795
2024-09-02 18:57:14,ETHUSDT,bid,1700,6028.547
2024-09-02 18:57:14,ETHUSDT,bid,2070,4819.162
2024-09-02 18:57:14,ETHUSDT,bid,2140,4862.814
2024-09-02 18:57:14,ETHUSDT,bid,2290,4368.024
2024-09-02 19:00:02,ETHUSDT,ask,2670,3819.699
2024-09-02 19:01:17,ETHUSDT,bid,2210,4522.362
2024-09-02 19:01:17,ETHUSDT,bid,2310,4414.68
2024-09-02 19:05:23,ETHUSDT,bid,2220,4518.489
2024-09-02 19:08:54,ETHUSDT,bid,2250,4521.089
2024-09-02 19:12:05,ETHUSDT,bid,2350,4385.104
2024-09-02 19:12:21,ETHUSDT,ask,2650,3806.74
2024-09-02 19:13:11,ETHUSDT,bid,2140,4862.764
2024-09-02 19:18:43,ETHUSDT,bid,2140,9533.313
2024-09-02 19:18:43,ETHUSDT,bid,2220,4516.331
2024-09-02 19:18:43,ETHUSDT,bid,2360,4336.172
2024-09-02 19:21:26,ETHUSDT,ask,2520,4414.362
2024-09-02 19:21:53,ETHUSDT,ask,2520,4419.625
2024-09-02 19:22:08,ETHUSDT,ask,2520,4418.95
2024-09-02 19:22:14,ETHUSDT,ask,2520,4417.02
2024-09-02 19:22:25,ETHUSDT,ask,2520,4417.205
2024-09-02 19:22:58,ETHUSDT,ask,2520,4415.809
2024-09-02 19:23:11,ETHUSDT,ask,2520,4413.806
2024-09-02 19:23:16,ETHUSDT,ask,2520,4417.179
2024-09-02 19:23:19,ETHUSDT,ask,2520,4417.257
2024-09-02 19:23:23,ETHUSDT,ask,2520,4417.265
2024-09-02 19:23:45,ETHUSDT,ask,2520,4416.523
2024-09-02 19:24:11,ETHUSDT,ask,2520,4453.492
2024-09-02 19:24:17,ETHUSDT,ask,2520,4454.192
2024-09-02 19:24:18,ETHUSDT,ask,2520,4456.123
2024-09-02 19:24:20,ETHUSDT,ask,2520,4452.081
2024-09-02 19:24:20,ETHUSDT,ask,2520,4456.087
2024-09-02 19:24:26,ETHUSDT,ask,2520,4455.902
2024-09-02 19:24:46,ETHUSDT,ask,2520,4455.202
2024-09-02 19:24:58,ETHUSDT,ask,2520,4446.758
2024-09-02 19:24:58,ETHUSDT,ask,2520,4448.667
2024-09-02 19:25:08,ETHUSDT,ask,2520,4450.843
2024-09-02 19:25:16,ETHUSDT,ask,2520,4415.851
2024-09-02 19:25:19,ETHUSDT,ask,2520,4415.86
2024-09-02 19:25:23,ETHUSDT,ask,2520,4426.219
2024-09-02 19:25:35,ETHUSDT,ask,2520,4401.931
2024-09-02 19:25:35,ETHUSDT,ask,2520,4402.731
2024-09-02 19:25:37,ETHUSDT,ask,2520,4401.931
2024-09-02 19:25:39,ETHUSDT,ask,2520,4402.327
2024-09-02 19:25:39,ETHUSDT,ask,2520,4402.365
2024-09-02 19:25:39,ETHUSDT,ask,2520,4402.327
2024-09-02 19:25:42,ETHUSDT,ask,2520,4402.724
2024-09-02 19:25:43,ETHUSDT,ask,2520,4400.815
2024-09-02 19:25:51,ETHUSDT,ask,2520,4400.418
2024-09-02 19:25:52,ETHUSDT,ask,2520,4421.847
2024-09-02 19:26:00,ETHUSDT,ask,2520,4421.451
2024-09-02 19:26:13,ETHUSDT,ask,2520,4430.903
2024-09-02 19:26:38,ETHUSDT,ask,2520,4430.941
2024-09-02 19:26:39,ETHUSDT,ask,2520,4421.459
2024-09-02 19:26:46,ETHUSDT,ask,2520,4438.362
2024-09-02 19:26:47,ETHUSDT,ask,2520,4439.362
2024-09-02 19:26:51,ETHUSDT,ask,2520,4439.78
2024-09-02 19:26:51,ETHUSDT,ask,2520,4439.362
2024-09-02 19:27:04,ETHUSDT,ask,2520,4423.927
2024-09-02 19:27:04,ETHUSDT,ask,2520,4425.927
2024-09-02 19:27:08,ETHUSDT,ask,2520,4426.177
2024-09-02 19:27:08,ETHUSDT,ask,2520,4426.605
2024-09-02 19:27:17,ETHUSDT,ask,2520,4426.355
2024-09-02 19:27:23,ETHUSDT,ask,2520,4426.981
2024-09-02 19:27:23,ETHUSDT,ask,2520,4424.981
2024-09-02 19:27:24,ETHUSDT,ask,2520,4425.381
2024-09-02 19:27:25,ETHUSDT,ask,2520,4425.429
2024-09-02 19:27:25,ETHUSDT,ask,2520,4426.041
2024-09-02 19:27:26,ETHUSDT,ask,2520,4424.573
2024-09-02 19:27:26,ETHUSDT,ask,2520,4424.525
2024-09-02 19:27:26,ETHUSDT,ask,2520,4424.125
2024-09-02 19:27:26,ETHUSDT,ask,2520,4424.265
2024-09-02 19:27:26,ETHUSDT,ask,2520,4423.225
2024-09-02 19:27:27,ETHUSDT,ask,2520,4423.265
2024-09-02 19:27:28,ETHUSDT,ask,2520,4423.125
2024-09-02 19:27:30,ETHUSDT,ask,2520,4422.499
2024-09-02 19:27:30,ETHUSDT,ask,2520,4421.041
2024-09-02 19:27:33,ETHUSDT,ask,2520,4425.8
2024-09-02 19:27:35,ETHUSDT,ask,2520,4425.838
2024-09-02 19:27:38,ETHUSDT,ask,2520,4425.045
2024-09-02 19:27:39,ETHUSDT,ask,2520,4426.494
2024-09-02 19:27:40,ETHUSDT,ask,2520,4426.593
2024-09-02 19:27:41,ETHUSDT,ask,2520,4426.693
2024-09-02 19:27:41,ETHUSDT,ask,2520,4426.556
2024-09-02 19:27:42,ETHUSDT,ask,2520,4428.696
2024-09-02 19:27:43,ETHUSDT,ask,2520,4426.556
2024-09-02 19:27:45,ETHUSDT,ask,2520,4423.105
2024-09-02 19:27:48,ETHUSDT,ask,2520,4423.494
2024-09-02 19:27:49,ETHUSDT,ask,2520,4423.105
2024-09-02 19:27:49,ETHUSDT,ask,2520,4424.105
2024-09-02 19:27:49,ETHUSDT,bid,2210,4522.372
2024-09-02 19:27:49,ETHUSDT,bid,2310,4414.69
2024-09-02 19:27:49,ETHUSDT,ask,2520,4427.285
2024-09-02 19:27:57,ETHUSDT,ask,2520,4424.105
2024-09-02 19:28:00,ETHUSDT,ask,2520,4431.262
2024-09-02 19:28:03,ETHUSDT,ask,2520,4424.105
2024-09-02 19:28:09,ETHUSDT,ask,2520,4439.995
2024-09-02 19:28:09,ETHUSDT,ask,2520,4424.105
2024-09-02 19:28:10,ETHUSDT,ask,2520,4423.053
2024-09-02 19:28:10,ETHUSDT,ask,2520,4424.125
2024-09-02 19:28:10,ETHUSDT,ask,2520,4424.105
2024-09-02 19:28:11,ETHUSDT,ask,2520,4425.498
2024-09-02 19:28:11,ETHUSDT,ask,2520,4425.574
2024-09-02 19:28:11,ETHUSDT,ask,2520,4425.498
2024-09-02 19:28:13,ETHUSDT,ask,2520,4431.048
2024-09-02 19:28:14,ETHUSDT,ask,2520,4425.498
2024-09-02 19:28:20,ETHUSDT,ask,2520,4427.008
2024-09-02 19:28:26,ETHUSDT,ask,2520,4429.951
2024-09-02 19:28:28,ETHUSDT,ask,2520,4427.008
2024-09-02 19:28:39,ETHUSDT,ask,2520,4429.239
2024-09-02 19:28:49,ETHUSDT,ask,2520,4429.279
2024-09-02 19:28:49,ETHUSDT,ask,2520,4429.239
2024-09-02 19:28:49,ETHUSDT,ask,2520,4430.311
2024-09-02 19:28:50,ETHUSDT,ask,2520,4430.351
2024-09-02 19:28:51,ETHUSDT,ask,2520,4430.311
2024-09-02 19:28:51,ETHUSDT,ask,2520,4430.351
2024-09-02 19:29:00,ETHUSDT,ask,2520,4430.311
2024-09-02 19:29:05,ETHUSDT,ask,2520,4430.351
2024-09-02 19:29:06,ETHUSDT,ask,2520,4430.361
2024-09-02 19:29:09,ETHUSDT,ask,2520,4430.311
2024-09-02 19:29:12,ETHUSDT,ask,2520,4430.811
2024-09-02 19:29:24,ETHUSDT,ask,2520,4431.644
2024-09-02 19:29:26,ETHUSDT,bid,2140,9515.817
2024-09-02 19:31:00,ETHUSDT,bid,2210,4522.382
2024-09-02 19:31:00,ETHUSDT,bid,2310,4414.7
2024-09-02 19:31:15,ETHUSDT,bid,2510,5387.054
2024-09-02 19:31:49,ETHUSDT,bid,2510,5388.521
2024-09-02 19:31:57,ETHUSDT,bid,2510,5385.712
2024-09-02 19:32:03,ETHUSDT,bid,2510,5385.633
2024-09-02 19:32:11,ETHUSDT,bid,2510,5385.641
2024-09-02 19:32:13,ETHUSDT,bid,2510,5385.633
2024-09-02 19:32:14,ETHUSDT,bid,2510,5386.633
2024-09-02 19:32:26,ETHUSDT,bid,2510,5387.182
2024-09-02 19:32:27,ETHUSDT,bid,2510,5387.193
2024-09-02 19:32:29,ETHUSDT,bid,2510,5387.133
2024-09-02 19:32:32,ETHUSDT,bid,2510,5387.122
2024-09-02 19:32:32,ETHUSDT,bid,2510,5387.132
2024-09-02 19:32:35,ETHUSDT,bid,2510,5386.583
2024-09-02 19:32:47,ETHUSDT,bid,2510,5386.573
2024-09-02 19:32:48,ETHUSDT,bid,2510,5387.573
2024-09-02 19:32:57,ETHUSDT,bid,2510,5403.573
2024-09-02 19:32:58,ETHUSDT,bid,2510,5387.573
2024-09-02 19:33:13,ETHUSDT,bid,2510,5514.81
2024-09-02 19:33:13,ETHUSDT,bid,2510,5387.573
2024-09-02 19:33:33,ETHUSDT,bid,2510,5387.638
2024-09-02 19:33:33,ETHUSDT,ask,2570,3908.615
2024-09-02 19:33:34,ETHUSDT,bid,2510,5397.638
2024-09-02 19:34:16,ETHUSDT,bid,2510,5398.138
2024-09-02 19:34:23,ETHUSDT,bid,2510,5398.485
2024-09-02 19:34:24,ETHUSDT,bid,2510,5404.449
2024-09-02 19:34:31,ETHUSDT,bid,2510,5522.478
2024-09-02 19:34:33,ETHUSDT,bid,2510,5522.478
2024-09-02 19:34:38,ETHUSDT,bid,2510,5547.972
2024-09-02 19:34:38,ETHUSDT,bid,2510,5522.478
2024-09-02 19:34:39,ETHUSDT,bid,2510,5404.449
2024-09-02 19:35:06,ETHUSDT,ask,2590,9663.036
2024-09-02 19:35:44,ETHUSDT,ask,2590,9662.228
2024-09-02 19:35:49,ETHUSDT,bid,2510,5404.82
2024-09-02 19:35:57,ETHUSDT,ask,2570,3908.228
2024-09-02 19:36:11,ETHUSDT,bid,2510,5404.759
2024-09-02 19:36:15,ETHUSDT,bid,2510,5406.948
2024-09-02 19:36:17,ETHUSDT,bid,2510,5408.91
2024-09-02 19:36:19,ETHUSDT,bid,2510,5409.173
2024-09-02 19:36:25,ETHUSDT,bid,2510,5408.91
2024-09-02 19:36:28,ETHUSDT,bid,2510,5410.708
2024-09-02 19:36:31,ETHUSDT,bid,2510,5410.708
2024-09-02 19:36:32,ETHUSDT,bid,2510,5408.746
2024-09-02 19:36:34,ETHUSDT,bid,2510,5410.616
2024-09-02 19:36:37,ETHUSDT,bid,2510,5406.557
2024-09-02 19:36:37,ETHUSDT,bid,2510,5404.759
2024-09-02 19:36:58,ETHUSDT,bid,2510,5403.759
2024-09-02 19:38:08,ETHUSDT,bid,2510,5403.259
2024-09-02 19:38:38,ETHUSDT,bid,2510,5403.279
2024-09-02 19:38:55,ETHUSDT,bid,2510,5403.259
2024-09-02 19:38:58,ETHUSDT,bid,2250,4516.089
2024-09-02 19:39:03,ETHUSDT,bid,2510,5403.38
2024-09-02 19:39:24,ETHUSDT,bid,2510,5403.46
2024-09-02 19:40:08,ETHUSDT,bid,2510,5448.212
2024-09-02 19:40:32,ETHUSDT,bid,2510,5448.222
2024-09-02 19:40:46,ETHUSDT,bid,2510,5448.618
2024-09-02 19:40:46,ETHUSDT,bid,2510,5405.511
2024-09-02 19:40:54,ETHUSDT,bid,2510,5404.511
2024-09-02 19:41:10,ETHUSDT,bid,2510,5531.748
2024-09-02 19:41:19,ETHUSDT,bid,2510,5531.756
2024-09-02 19:41:22,ETHUSDT,bid,2510,5531.748
2024-09-02 19:41:24,ETHUSDT,bid,2510,5536.748
2024-09-02 19:41:32,ETHUSDT,bid,2510,5409.651
2024-09-02 19:41:40,ETHUSDT,bid,2510,5404.651
2024-09-02 19:41:41,ETHUSDT,ask,2670,3733.44
2024-09-02 19:42:01,ETHUSDT,bid,2510,5531.888
2024-09-02 19:42:01,ETHUSDT,bid,2510,5531.896
2024-09-02 19:42:01,ETHUSDT,bid,2510,5532.496
2024-09-02 19:42:03,ETHUSDT,bid,2510,5532.706
2024-09-02 19:42:03,ETHUSDT,bid,2510,5532.496
2024-09-02 19:42:08,ETHUSDT,bid,2510,5532.356
2024-09-02 19:42:11,ETHUSDT,bid,2510,5405.119
2024-09-02 19:42:11,ETHUSDT,bid,2510,5407.646
2024-09-02 19:42:12,ETHUSDT,bid,2510,5407.159
2024-09-02 19:42:12,ETHUSDT,bid,2510,5407.119
2024-09-02 19:44:34,ETHUSDT,ask,2590,5814.594
2024-09-02 19:48:32,ETHUSDT,bid,2510,3981.932
2024-09-02 19:48:33,ETHUSDT,bid,2510,3982.072
2024-09-02 19:48:33,ETHUSDT,bid,2510,3982.132
2024-09-02 19:48:39,ETHUSDT,bid,2510,3983.213
2024-09-02 19:48:43,ETHUSDT,bid,2510,3983.223
2024-09-02 19:48:51,ETHUSDT,bid,2510,3983.223
2024-09-02 19:48:55,ETHUSDT,bid,2510,3982.142
2024-09-02 19:48:55,ETHUSDT,bid,2510,3984.8
2024-09-02 19:49:12,ETHUSDT,bid,2510,3984.79
2024-09-02 19:49:12,ETHUSDT,bid,2510,4120.099
2024-09-02 19:49:14,ETHUSDT,bid,2510,4120.109
2024-09-02 19:49:16,ETHUSDT,bid,2510,3992.923
2024-09-02 19:49:20,ETHUSDT,bid,2510,4040.58
2024-09-02 19:49:21,ETHUSDT,bid,2510,4032.457
2024-09-02 19:49:23,ETHUSDT,bid,2510,4034.515
2024-09-02 19:49:27,ETHUSDT,bid,2510,4034.506
2024-09-02 19:49:30,ETHUSDT,bid,2510,4032.448
2024-09-02 19:49:32,ETHUSDT,bid,2510,4032.902
2024-09-02 19:49:35,ETHUSDT,bid,2510,4032.448
2024-09-02 19:49:36,ETHUSDT,bid,2510,4056.099
2024-09-02 19:49:56,ETHUSDT,bid,2510,4018.577
2024-09-02 19:50:02,ETHUSDT,bid,2510,4018.593
2024-09-02 19:50:03,ETHUSDT,bid,2510,4018.585
2024-09-02 19:50:05,ETHUSDT,bid,2510,4018.445
2024-09-02 19:50:06,ETHUSDT,bid,2140,4862.807
2024-09-02 19:50:09,ETHUSDT,bid,2510,3994.794
2024-09-02 19:50:17,ETHUSDT,bid,2520,7517.839
2024-09-02 19:50:17,ETHUSDT,bid,2520,7517.85
2024-09-02 19:50:18,ETHUSDT,bid,2520,7516.403
2024-09-02 19:50:18,ETHUSDT,bid,2520,7513.108
2024-09-02 19:50:18,ETHUSDT,bid,2520,7513.158
2024-09-02 19:50:18,ETHUSDT,bid,2520,7516.52
2024-09-02 19:50:19,ETHUSDT,bid,2520,7518.501
2024-09-02 19:50:19,ETHUSDT,bid,2520,7518.149
2024-09-02 19:50:19,ETHUSDT,bid,2520,7519.596
2024-09-02 19:50:20,ETHUSDT,bid,2520,7519.616
2024-09-02 19:50:20,ETHUSDT,bid,2520,7517.635
2024-09-02 19:50:22,ETHUSDT,bid,2520,7549.356
2024-09-02 19:50:25,ETHUSDT,bid,2520,7549.356
2024-09-02 19:50:28,ETHUSDT,bid,2520,7549.752
2024-09-02 19:50:28,ETHUSDT,bid,2520,7553.297
2024-09-02 19:50:30,ETHUSDT,bid,2520,7555.695
2024-09-02 19:50:30,ETHUSDT,bid,2520,7556.095
2024-09-02 19:50:31,ETHUSDT,bid,2520,7555.699
2024-09-02 19:50:32,ETHUSDT,bid,2520,7555.299
2024-09-02 19:50:32,ETHUSDT,bid,2520,7571.168
2024-09-02 19:50:32,ETHUSDT,bid,2520,7571.908
2024-09-02 19:50:35,ETHUSDT,bid,2520,7571.858
2024-09-02 19:50:36,ETHUSDT,bid,2520,7573.869
2024-09-02 19:50:36,ETHUSDT,bid,2520,7520.316
2024-09-02 19:50:37,ETHUSDT,bid,2520,7518.305
2024-09-02 19:50:38,ETHUSDT,bid,2520,7716.56
2024-09-02 19:50:39,ETHUSDT,bid,2520,7518.305
2024-09-02 19:50:39,ETHUSDT,bid,2520,7523.51
2024-09-02 19:50:40,ETHUSDT,ask,2520,5549.296
2024-09-02 19:50:40,ETHUSDT,ask,2520,5550.895
2024-09-02 19:50:40,ETHUSDT,ask,2520,5551.703
2024-09-02 19:50:41,ETHUSDT,bid,2520,7517.341
2024-09-02 19:50:41,ETHUSDT,ask,2520,5550.903
2024-09-02 19:50:41,ETHUSDT,ask,2520,5550.953
2024-09-02 19:50:41,ETHUSDT,bid,2520,7518.788
2024-09-02 19:50:42,ETHUSDT,ask,2520,5554.63
2024-09-02 19:50:43,ETHUSDT,ask,2520,5550.903
2024-09-02 19:50:43,ETHUSDT,bid,2520,7518.788
2024-09-02 19:50:44,ETHUSDT,ask,2520,5549.315
2024-09-02 19:50:44,ETHUSDT,ask,2520,5550.903
2024-09-02 19:50:44,ETHUSDT,ask,2520,5549.315
2024-09-02 19:50:45,ETHUSDT,ask,2520,5550.903
2024-09-02 19:50:49,ETHUSDT,ask,2520,5550.892
2024-09-02 19:50:50,ETHUSDT,ask,2520,5553.892
2024-09-02 19:50:50,ETHUSDT,ask,2520,5550.892
2024-09-02 19:50:51,ETHUSDT,ask,2520,5549.304
2024-09-02 19:50:51,ETHUSDT,ask,2520,5549.315
2024-09-02 19:50:51,ETHUSDT,ask,2520,5550.903
2024-09-02 19:50:53,ETHUSDT,ask,2520,5551.225
2024-09-02 19:50:54,ETHUSDT,ask,2520,5557.168
2024-09-02 19:50:55,ETHUSDT,bid,2520,7516.617
2024-09-02 19:50:56,ETHUSDT,bid,2520,7516.917
2024-09-02 19:50:56,ETHUSDT,bid,2520,7516.617
2024-09-02 19:50:57,ETHUSDT,ask,2520,5552.161
2024-09-02 19:50:57,ETHUSDT,bid,2520,7532.478
2024-09-02 19:50:58,ETHUSDT,ask,2520,5552.761
2024-09-02 19:50:58,ETHUSDT,bid,2520,7520.433
2024-09-02 19:50:58,ETHUSDT,ask,2520,5552.88
2024-09-02 19:50:58,ETHUSDT,ask,2520,5556.484
2024-09-02 19:50:58,ETHUSDT,ask,2520,5552.68
2024-09-02 19:50:58,ETHUSDT,ask,2520,5552.28
2024-09-02 19:51:00,ETHUSDT,ask,2520,5553.022
2024-09-02 19:51:00,ETHUSDT,ask,2520,5552.361
2024-09-02 19:51:00,ETHUSDT,ask,2520,5552.361
2024-09-02 19:51:00,ETHUSDT,ask,2520,5550.254
2024-09-02 19:51:01,ETHUSDT,bid,2520,7532.891
2024-09-02 19:51:01,ETHUSDT,ask,2520,5549.512
2024-09-02 19:51:01,ETHUSDT,ask,2520,5549.812
2024-09-02 19:51:02,ETHUSDT,bid,2520,7529.691
2024-09-02 19:51:02,ETHUSDT,ask,2520,5551.8
2024-09-02 19:51:02,ETHUSDT,ask,2520,5549.512
2024-09-02 19:51:02,ETHUSDT,ask,2520,5551.1
2024-09-02 19:51:02,ETHUSDT,ask,2520,5549.512
2024-09-02 19:51:02,ETHUSDT,bid,2520,7529.939
2024-09-02 19:51:02,ETHUSDT,bid,2520,7530.139
2024-09-02 19:51:03,ETHUSDT,bid,2520,7529.939
2024-09-02 19:51:03,ETHUSDT,ask,2520,5551.1
2024-09-02 19:51:03,ETHUSDT,ask,2520,5550.306
2024-09-02 19:51:03,ETHUSDT,ask,2520,5551.1
2024-09-02 19:51:04,ETHUSDT,ask,2520,5553.712
2024-09-02 19:51:04,ETHUSDT,ask,2520,5555.3
2024-09-02 19:51:05,ETHUSDT,ask,2520,5553.712
2024-09-02 19:51:05,ETHUSDT,ask,2520,5559.307
2024-09-02 19:51:06,ETHUSDT,ask,2520,5555.3
2024-09-02 19:51:06,ETHUSDT,ask,2520,5560.895
2024-09-02 19:51:06,ETHUSDT,ask,2520,5555.3
2024-09-02 19:51:06,ETHUSDT,ask,2520,5555.6
2024-09-02 19:51:06,ETHUSDT,ask,2520,5555.4
2024-09-02 19:51:06,ETHUSDT,ask,2520,5555.3
2024-09-02 19:51:06,ETHUSDT,bid,2520,7530.679
2024-09-02 19:51:07,ETHUSDT,ask,2520,5556.5
2024-09-02 19:51:07,ETHUSDT,bid,2520,7530.689
2024-09-02 19:51:07,ETHUSDT,ask,2520,5556.8
2024-09-02 19:51:07,ETHUSDT,bid,2520,7530.679
2024-09-02 19:51:07,ETHUSDT,ask,2520,5562.395
2024-09-02 19:51:07,ETHUSDT,ask,2520,5553.712
2024-09-02 19:51:08,ETHUSDT,ask,2520,5553.712
2024-09-02 19:51:09,ETHUSDT,ask,2520,5549.522
2024-09-02 19:51:09,ETHUSDT,ask,2520,5549.512
2024-09-02 19:51:09,ETHUSDT,ask,2590,5814.608
2024-09-02 19:51:09,ETHUSDT,bid,2520,7531.479
2024-09-02 19:51:10,ETHUSDT,bid,2520,7530.679
2024-09-02 19:51:10,ETHUSDT,ask,2520,5549.512
2024-09-02 19:51:11,ETHUSDT,bid,2520,7530.679
2024-09-02 19:51:11,ETHUSDT,ask,2520,5551.1
2024-09-02 19:51:11,ETHUSDT,ask,2520,5556.736
2024-09-02 19:51:11,ETHUSDT,ask,2520,5551.1
2024-09-02 19:51:11,ETHUSDT,ask,2520,5556.75
2024-09-02 19:51:11,ETHUSDT,ask,2520,5551.1
2024-09-02 19:51:12,ETHUSDT,ask,2520,5551.792
2024-09-02 19:51:12,ETHUSDT,bid,2520,7536.127
2024-09-02 19:51:12,ETHUSDT,bid,2520,7530.475
2024-09-02 19:51:13,ETHUSDT,bid,2520,7530.465
2024-09-02 19:51:13,ETHUSDT,bid,2520,7527.892
2024-09-02 19:51:13,ETHUSDT,bid,2520,7528.22
2024-09-02 19:51:13,ETHUSDT,bid,2520,7531.402
2024-09-02 19:51:14,ETHUSDT,ask,2520,5551.892
2024-09-02 19:51:14,ETHUSDT,bid,2520,7530.274
2024-09-02 19:51:14,ETHUSDT,bid,2520,7530.266
2024-09-02 19:51:14,ETHUSDT,bid,2520,7530.277
2024-09-02 19:51:14,ETHUSDT,ask,2520,5552.692
2024-09-02 19:51:16,ETHUSDT,ask,2520,5552.592
2024-09-02 19:51:16,ETHUSDT,bid,2520,7530.277
2024-09-02 19:51:17,ETHUSDT,ask,2520,5553.592
2024-09-02 19:51:17,ETHUSDT,bid,2520,7514.983
2024-09-02 19:51:18,ETHUSDT,bid,2520,7515.002
2024-09-02 19:51:18,ETHUSDT,ask,2520,5553.892
2024-09-02 19:51:18,ETHUSDT,ask,2520,5565.086
2024-09-02 19:51:19,ETHUSDT,ask,2520,5553.428
2024-09-02 19:51:19,ETHUSDT,bid,2520,7519.731
2024-09-02 19:51:21,ETHUSDT,ask,2520,5553.028
2024-09-02 19:51:22,ETHUSDT,bid,2520,7518.234
2024-09-02 19:51:22,ETHUSDT,ask,2520,5558.159
2024-09-02 19:51:23,ETHUSDT,ask,2520,5564.105
2024-09-02 19:51:23,ETHUSDT,bid,2520,7521.009
2024-09-02 19:51:23,ETHUSDT,ask,2520,5558.974
2024-09-02 19:51:23,ETHUSDT,bid,2520,7528.974
2024-09-02 19:51:24,ETHUSDT,bid,2520,7528.174
2024-09-02 19:51:25,ETHUSDT,bid,2520,7528.182
2024-09-02 19:51:26,ETHUSDT,bid,2520,7528.174
2024-09-02 19:51:27,ETHUSDT,ask,2520,5558.975
2024-09-02 19:51:27,ETHUSDT,bid,2520,7524.931
2024-09-02 19:51:28,ETHUSDT,bid,2520,7522.948
2024-09-02 19:51:28,ETHUSDT,ask,2520,5558.975
2024-09-02 19:51:29,ETHUSDT,ask,2520,5553.028
2024-09-02 19:51:29,ETHUSDT,bid,2520,7514.983
2024-09-02 19:51:31,ETHUSDT,ask,2520,5555.028
2024-09-02 19:51:32,ETHUSDT,bid,2520,7514.991
2024-09-02 19:51:34,ETHUSDT,ask,2520,5555.048
2024-09-02 19:51:35,ETHUSDT,ask,2520,5563.666
2024-09-02 19:51:36,ETHUSDT,bid,2520,7514.983
2024-09-02 19:51:37,ETHUSDT,bid,2520,7514.991
2024-09-02 19:51:37,ETHUSDT,ask,2520,5563.646
2024-09-02 19:51:37,ETHUSDT,ask,2520,5575.094
2024-09-02 19:51:38,ETHUSDT,ask,2520,5563.646
2024-09-02 19:51:38,ETHUSDT,bid,2520,7515.791
2024-09-02 19:51:38,ETHUSDT,bid,2520,7515.783
2024-09-02 19:51:39,ETHUSDT,bid,2520,7514.983
2024-09-02 19:51:40,ETHUSDT,bid,2520,7515.083
2024-09-02 19:51:40,ETHUSDT,bid,2520,7514.983
2024-09-02 19:51:42,ETHUSDT,bid,2520,7514.991
2024-09-02 19:51:42,ETHUSDT,ask,2520,5563.656
2024-09-02 19:51:42,ETHUSDT,ask,2520,5563.646
2024-09-02 19:51:43,ETHUSDT,bid,2520,7515.791
2024-09-02 19:51:43,ETHUSDT,bid,2520,7515.783
2024-09-02 19:51:43,ETHUSDT,bid,2520,7514.983
2024-09-02 19:51:44,ETHUSDT,bid,2520,7515.783
2024-09-02 19:51:44,ETHUSDT,bid,2520,7514.983
2024-09-02 19:51:47,ETHUSDT,bid,2520,7517.022
2024-09-02 19:51:47,ETHUSDT,bid,2520,7503.932
2024-09-02 19:51:47,ETHUSDT,bid,2520,7499.94
2024-09-02 19:51:47,ETHUSDT,bid,2520,7499.958
2024-09-02 19:51:47,ETHUSDT,bid,2520,7500.228
2024-09-02 19:51:48,ETHUSDT,bid,2520,7499.991
2024-09-02 19:51:48,ETHUSDT,bid,2520,7499.997
2024-09-02 19:51:48,ETHUSDT,bid,2520,7500.293
2024-09-02 19:51:48,ETHUSDT,bid,2520,7498.281
2024-09-02 19:51:48,ETHUSDT,bid,2520,7485.743
2024-09-02 19:51:48,ETHUSDT,bid,2520,7485.553
2024-09-02 19:51:48,ETHUSDT,bid,2520,7485.553
2024-09-02 19:51:49,ETHUSDT,bid,2520,7485.566
2024-09-02 19:51:49,ETHUSDT,bid,2520,7485.59
2024-09-02 19:51:49,ETHUSDT,bid,2520,7485.591
2024-09-02 19:51:49,ETHUSDT,bid,2520,7485.582
2024-09-02 19:51:49,ETHUSDT,bid,2520,7495.338
2024-09-02 19:51:49,ETHUSDT,bid,2520,7495.338
2024-09-02 19:51:50,ETHUSDT,bid,2520,7495.342
2024-09-02 19:51:50,ETHUSDT,bid,1700,6028.535
2024-09-02 19:51:50,ETHUSDT,bid,2520,7495.032
2024-09-02 19:51:50,ETHUSDT,bid,2520,7482.481
2024-09-02 19:51:50,ETHUSDT,bid,2520,7482.471
2024-09-02 19:51:51,ETHUSDT,bid,2520,7482.471
2024-09-02 19:51:51,ETHUSDT,bid,2520,7481.972
2024-09-02 19:51:51,ETHUSDT,bid,2520,7481.421
2024-09-02 19:51:52,ETHUSDT,bid,2520,7481.421
2024-09-02 19:51:52,ETHUSDT,bid,2520,7483.257
2024-09-02 19:51:52,ETHUSDT,bid,2520,7483.24
2024-09-02 19:51:52,ETHUSDT,bid,2520,7483.19
2024-09-02 19:51:52,ETHUSDT,bid,2520,7483.137
2024-09-02 19:51:52,ETHUSDT,ask,2520,5563.647
2024-09-02 19:51:52,ETHUSDT,bid,2520,7483.137
2024-09-02 19:51:53,ETHUSDT,bid,2520,7483.111
2024-09-02 19:51:53,ETHUSDT,bid,2520,7483.101
2024-09-02 19:51:53,ETHUSDT,bid,2520,7483.101
2024-09-02 19:51:54,ETHUSDT,bid,2520,7483.083
2024-09-02 19:51:54,ETHUSDT,bid,2520,7483.087
2024-09-02 19:51:54,ETHUSDT,bid,2520,7483.099
2024-09-02 19:51:54,ETHUSDT,bid,2520,7483.053
2024-09-02 19:51:54,ETHUSDT,bid,2520,7483.002
2024-09-02 19:51:55,ETHUSDT,bid,2520,7481.907
2024-09-02 19:51:55,ETHUSDT,bid,2520,7477.648
2024-09-02 19:51:55,ETHUSDT,bid,2520,7477.648
2024-09-02 19:51:55,ETHUSDT,bid,2520,7477.656
2024-09-02 19:51:55,ETHUSDT,bid,2520,7475.156
2024-09-02 19:51:55,ETHUSDT,bid,2520,7475.121
2024-09-02 19:51:55,ETHUSDT,bid,2520,7471.754
2024-09-02 19:51:56,ETHUSDT,bid,2520,7471.729
2024-09-02 19:51:56,ETHUSDT,ask,2520,5563.746
2024-09-02 19:51:57,ETHUSDT,ask,2520,5563.647
2024-09-02 19:51:57,ETHUSDT,bid,2520,7471.737
2024-09-02 19:51:57,ETHUSDT,bid,2520,7471.729
2024-09-02 19:52:00,ETHUSDT,ask,2520,5569.594
2024-09-02 19:52:00,ETHUSDT,bid,2520,7473.101
2024-09-02 19:52:00,ETHUSDT,ask,2570,3906.988
2024-09-02 19:52:01,ETHUSDT,bid,2520,7473.097
2024-09-02 19:52:01,ETHUSDT,ask,2520,5560.976
2024-09-02 19:52:01,ETHUSDT,bid,2520,7473.097
2024-09-02 19:52:01,ETHUSDT,ask,2520,5561.769
2024-09-02 19:52:01,ETHUSDT,bid,2520,7469.915
2024-09-02 19:52:01,ETHUSDT,ask,2520,5560.976
2024-09-02 19:52:02,ETHUSDT,bid,2520,7470.509
2024-09-02 19:52:02,ETHUSDT,bid,2520,7472.492
2024-09-02 19:52:02,ETHUSDT,bid,2520,7470.509
2024-09-02 19:52:02,ETHUSDT,ask,2520,5555.029
2024-09-02 19:52:03,ETHUSDT,bid,2520,7472.492
2024-09-02 19:52:04,ETHUSDT,bid,2520,7472.492
2024-09-02 19:52:04,ETHUSDT,bid,2520,7472.492
2024-09-02 19:52:06,ETHUSDT,bid,2520,7470.509
2024-09-02 19:52:07,ETHUSDT,bid,2520,7470.518
2024-09-02 19:52:08,ETHUSDT,bid,2520,7470.518
2024-09-02 19:52:09,ETHUSDT,bid,2520,7470.618
2024-09-02 19:52:10,ETHUSDT,bid,2520,7470.526
2024-09-02 19:52:12,ETHUSDT,bid,2520,7470.518
2024-09-02 19:52:14,ETHUSDT,bid,2520,7472.501
2024-09-02 19:52:15,ETHUSDT,bid,2520,7472.509
2024-09-02 19:52:15,ETHUSDT,bid,2520,7478.283
2024-09-02 19:52:15,ETHUSDT,bid,2520,7472.509
2024-09-02 19:52:16,ETHUSDT,bid,2520,7472.509
2024-09-02 19:52:16,ETHUSDT,bid,2520,7470.526
2024-09-02 19:52:16,ETHUSDT,bid,2520,7470.518
2024-09-02 19:52:16,ETHUSDT,bid,2520,7470.477
2024-09-02 19:52:18,ETHUSDT,bid,2520,7470.485
2024-09-02 19:52:18,ETHUSDT,bid,2520,7470.477
2024-09-02 19:52:20,ETHUSDT,bid,2520,7470.229
2024-09-02 19:52:21,ETHUSDT,ask,2520,5566.923
2024-09-02 19:52:21,ETHUSDT,ask,2520,5555.029
2024-09-02 19:52:21,ETHUSDT,ask,2520,5555.079
2024-09-02 19:52:21,ETHUSDT,ask,2520,5554.387
2024-09-02 19:52:21,ETHUSDT,ask,2520,5554.487
2024-09-02 19:52:22,ETHUSDT,ask,2520,5554.387
2024-09-02 19:52:22,ETHUSDT,ask,2520,5552.799
2024-09-02 19:52:22,ETHUSDT,bid,2520,7475.374
2024-09-02 19:52:22,ETHUSDT,ask,2520,5554.387
2024-09-02 19:52:22,ETHUSDT,bid,2520,7475.074
2024-09-02 19:52:23,ETHUSDT,bid,2520,7490.943
2024-09-02 19:52:23,ETHUSDT,bid,2520,7503.962
2024-09-02 19:52:23,ETHUSDT,bid,2520,7503.972
2024-09-02 19:52:24,ETHUSDT,ask,2520,5560.33
2024-09-02 19:52:24,ETHUSDT,bid,2520,7503.962
2024-09-02 19:52:24,ETHUSDT,ask,2520,5565.729
2024-09-02 19:52:24,ETHUSDT,ask,2520,5560.33
2024-09-02 19:52:24,ETHUSDT,ask,2520,5552.738
