2024-08-28 07:00:37,ETHUSDT,bid,2400,25918.706
2024-08-28 07:02:54,ETHUSDT,bid,2140,4710.562
2024-08-28 07:04:15,ETHUSDT,bid,1700,6054.542
2024-08-28 07:04:33,ETHUSDT,bid,1700,6055.358
2024-08-28 07:04:52,ETHUSDT,bid,1700,6054.542
2024-08-28 07:05:02,ETHUSDT,bid,1700,6055.534
2024-08-28 07:06:05,ETHUSDT,bid,2200,4568.094
2024-08-28 07:06:10,ETHUSDT,bid,2200,4568.094
2024-08-28 07:06:37,ETHUSDT,bid,2200,4568.084
2024-08-28 07:06:43,ETHUSDT,bid,2200,4568.084
2024-08-28 07:06:43,ETHUSDT,bid,2200,4568.094
2024-08-28 07:07:11,ETHUSDT,bid,2200,4568.084
2024-08-28 07:07:20,ETHUSDT,bid,2200,4568.084
2024-08-28 07:11:02,ETHUSDT,bid,2390,25965.898
2024-08-28 07:12:11,ETHUSDT,bid,2390,10000.0
2024-08-28 07:12:11,ETHUSDT,bid,2390,25972.94
2024-08-28 07:12:27,ETHUSDT,bid,1700,6055.554
2024-08-28 07:12:27,ETHUSDT,bid,1960,5173.276
2024-08-28 07:14:15,ETHUSDT,bid,2140,4710.58
2024-08-28 07:15:12,ETHUSDT,bid,2290,4371.703
2024-08-28 07:16:08,ETHUSDT,ask,2990,3454.468
2024-08-28 07:17:04,ETHUSDT,bid,2390,26012.968
2024-08-28 07:17:32,ETHUSDT,bid,2140,4711.58
2024-08-28 07:17:33,ETHUSDT,bid,1960,5173.316
2024-08-28 07:17:33,ETHUSDT,bid,2140,4711.617
2024-08-28 07:17:46,ETHUSDT,bid,2390,26010.401
2024-08-28 07:19:13,ETHUSDT,bid,2390,10034.242
2024-08-28 07:20:51,ETHUSDT,bid,2200,4569.447
2024-08-28 07:20:57,ETHUSDT,bid,1960,5170.27
2024-08-28 07:25:59,ETHUSDT,bid,1950,5352.811
2024-08-28 07:30:27,ETHUSDT,ask,2990,3454.458
2024-08-28 07:30:33,ETHUSDT,bid,1960,5170.281
2024-08-28 07:32:40,ETHUSDT,ask,2990,3454.468
2024-08-28 07:35:11,ETHUSDT,bid,1960,5176.659
2024-08-28 07:35:31,ETHUSDT,bid,2140,4712.419
2024-08-28 07:40:49,ETHUSDT,bid,1700,6055.592
2024-08-28 07:41:16,ETHUSDT,bid,1960,5176.694
2024-08-28 07:49:54,ETHUSDT,bid,2200,4569.457
2024-08-28 07:49:54,ETHUSDT,bid,2200,4569.457
2024-08-28 07:50:38,ETHUSDT,bid,2200,4569.467
2024-08-28 07:50:38,ETHUSDT,bid,2200,4569.457
2024-08-28 07:50:39,ETHUSDT,bid,2200,4569.447
2024-08-28 07:50:39,ETHUSDT,bid,2140,4712.429
2024-08-28 07:51:10,ETHUSDT,bid,2140,4712.47
2024-08-28 07:55:43,ETHUSDT,bid,2200,4571.718
2024-08-28 08:03:51,ETHUSDT,bid,1700,6055.752
2024-08-28 08:08:16,ETHUSDT,bid,2290,4395.932
2024-08-28 08:09:24,ETHUSDT,bid,2290,4395.983
2024-08-28 08:11:43,ETHUSDT,bid,1960,5176.659
2024-08-28 08:12:27,ETHUSDT,bid,2200,4580.79
2024-08-28 08:12:30,ETHUSDT,bid,2230,4491.327
2024-08-28 08:12:30,ETHUSDT,bid,1700,6055.952
2024-08-28 08:14:44,ETHUSDT,bid,2200,4580.8
2024-08-28 08:14:44,ETHUSDT,bid,2200,4580.8
2024-08-28 08:14:44,ETHUSDT,bid,2200,4580.81
2024-08-28 08:14:45,ETHUSDT,bid,2200,4580.81
2024-08-28 08:15:07,ETHUSDT,bid,2200,4580.8
2024-08-28 08:15:07,ETHUSDT,bid,2200,4580.79
2024-08-28 08:15:16,ETHUSDT,bid,2200,4580.79
2024-08-28 08:17:06,ETHUSDT,bid,2200,4580.8
2024-08-28 08:17:52,ETHUSDT,bid,2200,4580.79
2024-08-28 08:27:33,ETHUSDT,bid,1950,5354.089
2024-08-28 08:29:08,ETHUSDT,bid,2230,4491.34
2024-08-28 08:35:40,ETHUSDT,bid,1700,6056.009
2024-08-28 08:38:52,ETHUSDT,bid,1700,6056.335
2024-08-28 08:39:17,ETHUSDT,bid,1960,5176.759
2024-08-28 08:41:09,ETHUSDT,bid,1960,5176.659
2024-08-28 08:48:24,ETHUSDT,bid,2140,4712.526
2024-08-28 08:53:45,ETHUSDT,bid,2200,4581.59
2024-08-28 08:58:43,ETHUSDT,bid,2200,4572.518
2024-08-28 09:07:35,ETHUSDT,bid,2200,4572.528
2024-08-28 09:07:43,ETHUSDT,bid,2200,4572.528
2024-08-28 09:07:44,ETHUSDT,bid,2200,4572.528
2024-08-28 09:07:49,ETHUSDT,bid,2200,4572.518
2024-08-28 09:09:09,ETHUSDT,bid,2430,10056.149
2024-08-28 09:09:18,ETHUSDT,bid,2430,10056.159
2024-08-28 09:09:37,ETHUSDT,bid,2430,10058.362
2024-08-28 09:09:46,ETHUSDT,bid,2430,10058.362
2024-08-28 09:10:14,ETHUSDT,bid,2430,10058.579
2024-08-28 09:10:17,ETHUSDT,bid,2430,10056.465
2024-08-28 09:10:19,ETHUSDT,bid,2430,10057.465
2024-08-28 09:10:22,ETHUSDT,bid,2430,10059.295
2024-08-28 09:10:23,ETHUSDT,bid,2430,10057.465
2024-08-28 09:10:38,ETHUSDT,bid,2430,10057.594
2024-08-28 09:11:16,ETHUSDT,bid,2430,10057.73
2024-08-28 09:11:55,ETHUSDT,bid,2430,10057.73
2024-08-28 09:12:58,ETHUSDT,bid,2430,10057.762
2024-08-28 09:13:35,ETHUSDT,bid,2430,10059.628
2024-08-28 09:13:37,ETHUSDT,bid,2430,10057.762
2024-08-28 09:13:38,ETHUSDT,bid,2430,10058.156
2024-08-28 09:13:51,ETHUSDT,bid,2430,10058.199
2024-08-28 09:13:52,ETHUSDT,bid,2430,10058.156
2024-08-28 09:14:05,ETHUSDT,bid,2140,4702.526
2024-08-28 09:14:39,ETHUSDT,bid,2430,10058.124
2024-08-28 09:14:59,ETHUSDT,bid,2430,10053.513
2024-08-28 09:15:04,ETHUSDT,bid,2430,10073.513
2024-08-28 09:15:37,ETHUSDT,bid,2430,10113.513
2024-08-28 09:15:39,ETHUSDT,bid,2430,10112.513
2024-08-28 09:15:41,ETHUSDT,bid,2430,10072.513
2024-08-28 09:19:30,ETHUSDT,bid,2200,4572.518
2024-08-28 09:19:30,ETHUSDT,bid,2200,4572.528
2024-08-28 09:19:31,ETHUSDT,bid,2200,4572.528
2024-08-28 09:19:31,ETHUSDT,bid,2200,4572.538
2024-08-28 09:19:31,ETHUSDT,bid,2200,4572.548
2024-08-28 09:19:32,ETHUSDT,bid,2200,4572.548
2024-08-28 09:19:33,ETHUSDT,bid,2200,4572.548
2024-08-28 09:19:34,ETHUSDT,bid,2200,4572.548
2024-08-28 09:19:39,ETHUSDT,bid,2200,4572.538
2024-08-28 09:19:40,ETHUSDT,bid,2200,4572.528
2024-08-28 09:19:40,ETHUSDT,bid,2200,4572.518
2024-08-28 09:20:26,ETHUSDT,bid,2200,4572.528
2024-08-28 09:20:36,ETHUSDT,bid,2140,4702.516
2024-08-28 09:21:09,ETHUSDT,bid,2200,4572.518
2024-08-28 09:21:18,ETHUSDT,bid,1960,5226.659
2024-08-28 09:22:25,ETHUSDT,bid,2140,4702.565
2024-08-28 09:25:02,ETHUSDT,bid,2200,4572.528
2024-08-28 09:25:48,ETHUSDT,bid,2200,4572.518
2024-08-28 09:29:13,ETHUSDT,bid,2250,4481.867
2024-08-28 09:30:23,ETHUSDT,bid,2140,4704.065
2024-08-28 09:37:55,ETHUSDT,bid,2410,10178.419
2024-08-28 09:39:22,ETHUSDT,bid,2410,10183.826
2024-08-28 09:40:28,ETHUSDT,bid,2030,4927.439
2024-08-28 09:41:10,ETHUSDT,bid,2200,4572.528
2024-08-28 09:41:33,ETHUSDT,bid,2410,10182.826
2024-08-28 09:41:40,ETHUSDT,bid,2410,10183.571
2024-08-28 09:41:40,ETHUSDT,bid,2410,10183.571
2024-08-28 09:41:40,ETHUSDT,bid,2410,10182.826
2024-08-28 09:42:00,ETHUSDT,bid,2200,4572.518
2024-08-28 09:42:44,ETHUSDT,bid,2410,10182.926
2024-08-28 09:44:31,ETHUSDT,bid,2410,10184.978
2024-08-28 09:44:31,ETHUSDT,bid,2410,10188.696
2024-08-28 09:44:32,ETHUSDT,bid,2410,10186.644
2024-08-28 09:44:48,ETHUSDT,bid,2410,10186.745
2024-08-28 09:44:58,ETHUSDT,bid,1960,5226.761
2024-08-28 09:44:58,ETHUSDT,bid,1960,5226.659
2024-08-28 09:45:04,ETHUSDT,bid,1960,5226.659
2024-08-28 09:45:31,ETHUSDT,bid,1700,6056.868
2024-08-28 09:45:43,ETHUSDT,bid,2410,10186.595
2024-08-28 09:45:51,ETHUSDT,bid,2410,10186.544
2024-08-28 09:46:23,ETHUSDT,bid,2410,10186.514
2024-08-28 09:47:32,ETHUSDT,bid,2410,10190.514
2024-08-28 09:48:34,ETHUSDT,bid,2410,10187.434
2024-08-28 09:48:40,ETHUSDT,bid,2410,10177.061
2024-08-28 09:49:11,ETHUSDT,bid,2410,10178.064
2024-08-28 09:49:24,ETHUSDT,ask,3040,3281.5
2024-08-28 09:49:47,ETHUSDT,bid,2410,10181.972
2024-08-28 09:49:48,ETHUSDT,bid,2410,10181.847
2024-08-28 09:50:06,ETHUSDT,bid,2410,10181.537
2024-08-28 09:50:19,ETHUSDT,bid,2410,10177.629
2024-08-28 09:50:45,ETHUSDT,bid,2410,10178.129
2024-08-28 09:51:00,ETHUSDT,bid,2410,10179.619
2024-08-28 09:51:01,ETHUSDT,bid,2410,10179.619
2024-08-28 09:51:01,ETHUSDT,bid,2410,10179.619
2024-08-28 09:51:01,ETHUSDT,bid,2410,10179.619
2024-08-28 09:51:01,ETHUSDT,bid,2410,10179.619
2024-08-28 09:51:01,ETHUSDT,bid,2410,10179.619
2024-08-28 09:51:01,ETHUSDT,bid,2410,10178.129
2024-08-28 09:51:45,ETHUSDT,bid,2410,10178.18
2024-08-28 09:51:56,ETHUSDT,bid,2410,10178.48
2024-08-28 09:54:16,ETHUSDT,bid,2410,10198.48
2024-08-28 09:54:22,ETHUSDT,bid,2410,10198.438
2024-08-28 09:54:43,ETHUSDT,bid,2410,10178.438
2024-08-28 09:56:58,ETHUSDT,bid,2410,10178.138
2024-08-28 09:57:31,ETHUSDT,bid,2410,10177.914
2024-08-28 09:58:16,ETHUSDT,bid,2410,10176.914
2024-08-28 09:59:00,ETHUSDT,bid,2410,10175.988
