2024-09-11 12:11:37,BTCUSDT,bid,47500,639.972
2024-09-11 12:26:06,BTCUSDT,bid,47000,897.287
2024-09-11 12:26:44,BTCUSDT,bid,47500,639.969
2024-09-11 12:30:28,BTCUSDT,bid,47500,639.919
2024-09-11 12:36:42,BTCUSDT,bid,47300,807.711
2024-09-11 12:42:55,BTCUSDT,bid,47000,897.29
2024-09-11 12:46:14,BTCUSDT,bid,47000,897.287
2024-09-11 12:47:11,BTCUSDT,bid,47300,807.701
2024-09-11 12:58:14,BTCUSDT,bid,47000,897.29
2024-09-11 13:03:50,BTCUSDT,bid,47000,897.21
2024-09-11 13:03:54,BTCUSDT,bid,47000,897.216
2024-09-11 13:04:27,BTCUSDT,bid,47000,897.259
2024-09-11 13:04:49,BTCUSDT,bid,47000,897.33
2024-09-11 13:06:11,BTCUSDT,bid,47000,897.38
2024-09-11 13:08:11,BTCUSDT,bid,47500,638.867
2024-09-11 13:17:38,BTCUSDT,bid,47000,897.337
2024-09-11 13:30:17,BTCUSDT,bid,47000,897.32
2024-09-11 13:44:30,BTCUSDT,bid,47000,897.425
2024-09-11 13:55:06,BTCUSDT,bid,47500,638.87
2024-09-11 13:55:06,BTCUSDT,bid,47500,638.873
2024-09-11 13:55:06,BTCUSDT,bid,47500,638.876
2024-09-11 13:55:20,BTCUSDT,bid,47500,638.867
2024-09-11 14:55:09,BTCUSDT,bid,47000,897.28
2024-09-11 15:02:12,BTCUSDT,bid,47000,898.186
2024-09-11 15:21:12,BTCUSDT,bid,47000,897.878
2024-09-11 15:42:43,BTCUSDT,bid,47000,903.586
2024-09-11 15:43:07,BTCUSDT,bid,47000,902.133
2024-09-11 15:55:48,BTCUSDT,bid,47500,638.894
2024-09-11 15:56:04,BTCUSDT,bid,47500,638.885
2024-09-11 16:33:26,BTCUSDT,bid,47000,902.18
2024-09-11 16:40:45,BTCUSDT,bid,47000,902.133
2024-09-11 16:45:26,BTCUSDT,bid,47000,902.123
2024-09-11 16:55:18,BTCUSDT,bid,47000,902.845
2024-09-11 17:12:03,BTCUSDT,bid,47000,902.848
2024-09-11 17:26:39,BTCUSDT,bid,47500,639.306
2024-09-11 17:45:24,BTCUSDT,bid,47000,902.852
2024-09-11 18:42:45,BTCUSDT,bid,47500,640.693
2024-09-11 18:45:38,BTCUSDT,bid,47500,639.306
2024-09-11 19:06:40,BTCUSDT,bid,47000,902.979
2024-09-11 19:27:41,BTCUSDT,bid,47000,902.969
2024-09-11 19:31:42,BTCUSDT,bid,47000,902.957
2024-09-11 19:32:59,BTCUSDT,bid,47000,902.83
2024-09-11 19:44:05,BTCUSDT,bid,47000,902.867
2024-09-11 19:44:10,BTCUSDT,bid,47500,639.362
2024-09-11 19:47:57,BTCUSDT,bid,47000,902.888
2024-09-11 20:02:14,BTCUSDT,bid,47500,639.359
2024-09-11 20:05:01,BTCUSDT,bid,47000,902.882
2024-09-11 20:09:11,BTCUSDT,bid,47000,902.808
2024-09-11 20:11:24,BTCUSDT,bid,47500,639.365
2024-09-11 20:27:57,BTCUSDT,bid,47500,639.359
2024-09-11 20:31:18,BTCUSDT,bid,47000,902.703
2024-09-11 20:31:44,BTCUSDT,bid,47500,639.434
2024-09-11 20:34:07,BTCUSDT,bid,56500,1039.248
2024-09-11 20:34:08,BTCUSDT,bid,56500,1039.265
2024-09-11 20:34:08,BTCUSDT,bid,56500,1039.248
2024-09-11 20:34:08,BTCUSDT,bid,47000,901.797
2024-09-11 20:34:09,BTCUSDT,bid,56500,1039.25
2024-09-11 20:34:10,BTCUSDT,bid,56500,1039.331
2024-09-11 20:34:11,BTCUSDT,bid,56500,1039.297
2024-09-11 20:34:11,BTCUSDT,bid,56500,1039.306
2024-09-11 20:34:11,BTCUSDT,bid,56500,1039.308
2024-09-11 20:34:13,BTCUSDT,bid,56500,1039.31
2024-09-11 20:34:14,BTCUSDT,bid,56500,1039.308
2024-09-11 20:37:30,BTCUSDT,bid,47500,639.523
2024-09-11 20:38:42,BTCUSDT,ask,56500,1009.215
2024-09-11 20:38:50,BTCUSDT,ask,56500,1008.742
2024-09-11 20:38:51,BTCUSDT,ask,56500,1008.746
2024-09-11 20:38:51,BTCUSDT,ask,56500,1008.742
2024-09-11 20:38:53,BTCUSDT,ask,56500,1008.744
2024-09-11 20:38:53,BTCUSDT,ask,56500,1008.809
2024-09-11 20:38:53,BTCUSDT,ask,56500,1008.779
2024-09-11 20:38:54,BTCUSDT,ask,56500,1008.787
2024-09-11 20:38:54,BTCUSDT,ask,56500,1008.779
2024-09-11 20:38:56,BTCUSDT,ask,56500,1009.468
2024-09-11 20:38:58,BTCUSDT,ask,56500,1008.92
2024-09-11 20:38:58,BTCUSDT,ask,56500,1008.96
2024-09-11 20:39:00,BTCUSDT,ask,56500,1009.401
2024-09-11 20:39:01,BTCUSDT,ask,56500,1009.121
2024-09-11 20:39:04,BTCUSDT,ask,56500,1009.113
2024-09-11 20:39:28,BTCUSDT,bid,47000,886.797
2024-09-11 20:39:42,BTCUSDT,bid,47000,887.035
2024-09-11 20:39:53,BTCUSDT,bid,47000,886.797
2024-09-11 20:45:40,BTCUSDT,bid,47000,886.812
2024-09-11 20:46:08,BTCUSDT,bid,47300,809.248
2024-09-11 12:23:21,BTCUSD_PERP,bid,47000,2439.79
2024-09-11 13:04:44,BTCUSD_PERP,bid,47000,2439.8
2024-09-11 18:11:56,BTCUSD_PERP,bid,47000,2439.88
2024-09-11 19:21:13,BTCUSD_PERP,bid,47000,2439.84
2024-09-11 20:51:32,BTCUSD_PERP,bid,55400,711.24
2024-09-11 20:51:32,BTCUSD_PERP,bid,55400,766.17
2024-09-11 20:51:43,BTCUSD_PERP,bid,55400,711.24
2024-09-11 20:51:43,BTCUSD_PERP,bid,55400,601.93
2024-09-11 20:51:43,BTCUSD_PERP,bid,55400,547.0
2024-09-11 20:51:44,BTCUSD_PERP,bid,55400,601.53
2024-09-11 20:51:44,BTCUSD_PERP,bid,55400,656.47
2024-09-11 20:51:58,BTCUSD_PERP,bid,55400,547.15
2024-09-11 20:53:08,BTCUSD_PERP,bid,55400,602.0
2024-09-11 20:53:08,BTCUSD_PERP,bid,55400,656.94
2024-09-11 20:53:51,BTCUSD_PERP,bid,55300,755.64
2024-09-11 20:53:51,BTCUSD_PERP,bid,55300,810.48
2024-09-11 20:53:53,BTCUSD_PERP,bid,55300,701.36
2024-09-11 20:53:53,BTCUSD_PERP,bid,55300,646.62
2024-09-11 20:53:54,BTCUSD_PERP,bid,55300,591.78
2024-09-11 20:54:02,BTCUSD_PERP,bid,55400,601.55
2024-09-11 20:54:03,BTCUSD_PERP,bid,55400,656.44
2024-09-11 20:54:24,BTCUSD_PERP,bid,55400,601.22
2024-09-11 20:54:24,BTCUSD_PERP,bid,55400,656.08
2024-09-11 20:54:33,BTCUSD_PERP,bid,55300,546.72
2024-09-11 20:54:33,BTCUSD_PERP,bid,55300,601.55
2024-09-11 20:54:42,BTCUSD_PERP,bid,55300,547.28
2024-09-11 20:55:03,BTCUSD_PERP,bid,55400,547.02
2024-09-11 20:55:53,BTCUSD_PERP,bid,55400,546.89
2024-09-11 20:55:53,BTCUSD_PERP,bid,55400,656.16
2024-09-11 20:56:11,BTCUSD_PERP,bid,55400,601.8
2024-09-11 20:56:11,BTCUSD_PERP,bid,55400,655.85
2024-09-11 20:56:25,BTCUSD_PERP,bid,55400,546.35
2024-09-11 21:01:10,BTCUSD_PERP,bid,55300,600.18
2024-09-11 21:01:23,BTCUSD_PERP,bid,55300,545.41
2024-09-11 21:03:32,BTCUSD_PERP,bid,55300,581.33
2024-09-11 21:05:46,BTCUSD_PERP,bid,55400,549.19
2024-09-11 21:06:11,BTCUSD_PERP,bid,55400,710.41
2024-09-11 21:06:14,BTCUSD_PERP,bid,55400,710.06
2024-09-11 21:06:40,BTCUSD_PERP,bid,55300,927.88
2024-09-11 21:07:27,BTCUSD_PERP,bid,55300,818.81
2024-09-11 21:07:27,BTCUSD_PERP,bid,55300,600.37
2024-09-11 21:07:28,BTCUSD_PERP,bid,55300,818.85
2024-09-11 21:07:55,BTCUSD_PERP,bid,55300,764.62
2024-09-11 21:07:55,BTCUSD_PERP,bid,55300,600.83
2024-09-11 21:08:30,BTCUSD_PERP,bid,55400,546.76
2024-09-11 21:08:30,BTCUSD_PERP,bid,55400,601.66
2024-09-11 21:08:42,BTCUSD_PERP,bid,55400,547.32
2024-09-11 21:08:57,BTCUSD_PERP,bid,55400,546.78
2024-09-11 21:10:17,BTCUSD_PERP,bid,55400,778.34
2024-09-11 21:10:18,BTCUSD_PERP,bid,55400,833.2
2024-09-11 21:11:46,BTCUSD_PERP,bid,55300,600.73
2024-09-11 21:11:49,BTCUSD_PERP,bid,55300,546.46
2024-09-11 21:12:28,BTCUSD_PERP,bid,55400,601.23
2024-09-11 21:12:28,BTCUSD_PERP,bid,55400,656.1
2024-09-11 21:13:02,BTCUSD_PERP,bid,55400,546.36
2024-09-11 21:13:04,BTCUSD_PERP,bid,55400,548.01
2024-09-11 21:13:04,BTCUSD_PERP,bid,55400,602.92
2024-09-11 21:13:04,BTCUSD_PERP,bid,55400,657.83
2024-09-11 21:13:04,BTCUSD_PERP,bid,55400,712.18
2024-09-11 21:13:04,BTCUSD_PERP,bid,55400,822.0
2024-09-11 21:13:30,BTCUSD_PERP,bid,55400,656.73
2024-09-11 21:13:30,BTCUSD_PERP,bid,55400,874.55
2024-09-11 21:13:30,BTCUSD_PERP,bid,55400,929.42
2024-09-11 21:13:33,BTCUSD_PERP,bid,55400,766.01
2024-09-11 21:13:33,BTCUSD_PERP,bid,55400,711.14
2024-09-11 21:13:33,BTCUSD_PERP,bid,55400,656.27
2024-09-11 21:13:33,BTCUSD_PERP,bid,55400,547.08
2024-09-11 21:13:41,BTCUSD_PERP,bid,55400,656.33
2024-09-11 21:13:41,BTCUSD_PERP,bid,55400,711.2
2024-09-11 21:13:52,BTCUSD_PERP,bid,55400,548.19
2024-09-11 21:14:34,BTCUSD_PERP,bid,55400,656.13
2024-09-11 21:14:34,BTCUSD_PERP,bid,55400,711.0
2024-09-11 21:14:46,BTCUSD_PERP,bid,55300,547.66
2024-09-11 21:14:46,BTCUSD_PERP,bid,55300,929.26
2024-09-11 21:14:47,BTCUSD_PERP,bid,55300,984.09
2024-09-11 21:14:53,BTCUSD_PERP,bid,55300,764.35
2024-09-11 21:14:58,BTCUSD_PERP,bid,55300,545.24
2024-09-11 21:14:58,BTCUSD_PERP,bid,55300,545.5
2024-09-11 21:14:58,BTCUSD_PERP,bid,55300,708.7
2024-09-11 21:14:58,BTCUSD_PERP,bid,55300,763.47
2024-09-11 21:15:15,BTCUSD_PERP,bid,55300,708.7
2024-09-11 21:15:15,BTCUSD_PERP,bid,55300,653.93
2024-09-11 21:15:15,BTCUSD_PERP,bid,55300,599.16
2024-09-11 21:15:16,BTCUSD_PERP,bid,55300,546.11
2024-09-11 21:15:16,BTCUSD_PERP,bid,55300,600.36
2024-09-11 21:15:17,BTCUSD_PERP,bid,55300,709.42
2024-09-11 21:15:21,BTCUSD_PERP,bid,55300,927.63
2024-09-11 21:15:21,BTCUSD_PERP,bid,55300,982.4
2024-09-11 21:15:25,BTCUSD_PERP,bid,55300,873.52
2024-09-11 21:15:25,BTCUSD_PERP,bid,55200,818.2
2024-09-11 21:15:28,BTCUSD_PERP,bid,55200,763.16
2024-09-11 21:15:28,BTCUSD_PERP,bid,55200,817.86
2024-09-11 21:15:35,BTCUSD_PERP,bid,55200,763.16
2024-09-11 21:15:35,BTCUSD_PERP,bid,55200,653.76
2024-09-11 21:15:35,BTCUSD_PERP,bid,55200,599.06
2024-09-11 21:15:35,BTCUSD_PERP,bid,55200,544.36
2024-09-11 21:18:28,BTCUSD_PERP,bid,55200,544.99
2024-09-11 21:20:26,BTCUSD_PERP,bid,55200,545.7
2024-09-11 21:21:18,BTCUSD_PERP,bid,55200,544.04
2024-09-11 21:21:34,BTCUSD_PERP,bid,55200,543.75
2024-09-11 21:22:16,BTCUSD_PERP,bid,55200,600.47
2024-09-11 21:22:16,BTCUSD_PERP,bid,55200,655.16
2024-09-11 21:22:42,BTCUSD_PERP,bid,55200,600.47
2024-09-11 21:22:42,BTCUSD_PERP,bid,55200,545.78
2024-09-11 21:22:43,BTCUSD_PERP,bid,55200,546.1
2024-09-11 21:22:43,BTCUSD_PERP,bid,55200,600.27
2024-09-11 21:22:44,BTCUSD_PERP,bid,55200,654.44
2024-09-11 21:22:44,BTCUSD_PERP,bid,55200,709.16
2024-09-11 21:23:05,BTCUSD_PERP,bid,55200,654.44
2024-09-11 21:23:05,BTCUSD_PERP,bid,55200,600.27
2024-09-11 21:23:05,BTCUSD_PERP,bid,55200,545.55
2024-09-11 21:24:46,BTCUSD_PERP,bid,55300,546.9
2024-09-11 21:24:46,BTCUSD_PERP,bid,55300,601.16
2024-09-11 21:25:14,BTCUSD_PERP,bid,55300,765.4
2024-09-11 21:25:15,BTCUSD_PERP,bid,55300,820.24
2024-09-11 21:25:28,BTCUSD_PERP,bid,55300,765.4
2024-09-11 21:25:28,BTCUSD_PERP,bid,55300,710.56
2024-09-11 21:25:28,BTCUSD_PERP,bid,55300,600.88
2024-09-11 21:25:28,BTCUSD_PERP,bid,55300,546.6
2024-09-11 21:26:37,BTCUSD_PERP,bid,55300,545.24
2024-09-11 21:26:37,BTCUSD_PERP,bid,55300,600.05
2024-09-11 21:26:42,BTCUSD_PERP,bid,55300,545.24
2024-09-11 21:29:14,BTCUSD_PERP,bid,55400,546.79
2024-09-11 21:29:14,BTCUSD_PERP,bid,55400,601.69
2024-09-11 21:29:48,BTCUSD_PERP,bid,55400,546.79
2024-09-11 21:35:27,BTCUSD_PERP,bid,55300,545.2
2024-09-11 21:35:28,BTCUSD_PERP,bid,55300,599.44
2024-09-11 21:35:28,BTCUSD_PERP,bid,55300,708.48
2024-09-11 21:35:28,BTCUSD_PERP,bid,55300,763.28
2024-09-11 21:36:05,BTCUSD_PERP,bid,55300,600.0
2024-09-11 21:36:06,BTCUSD_PERP,bid,55300,545.76
2024-09-11 21:36:07,BTCUSD_PERP,bid,55300,601.5
2024-09-11 21:36:07,BTCUSD_PERP,bid,55300,710.62
2024-09-11 21:36:33,BTCUSD_PERP,bid,55300,600.01
2024-09-11 21:36:33,BTCUSD_PERP,bid,55300,654.82
2024-09-11 21:36:47,BTCUSD_PERP,bid,55300,654.51
2024-09-11 21:36:47,BTCUSD_PERP,bid,55300,709.29
2024-09-11 21:37:20,BTCUSD_PERP,bid,55300,599.73
2024-09-11 21:37:20,BTCUSD_PERP,bid,55300,545.5
2024-09-11 21:37:22,BTCUSD_PERP,bid,55300,600.27
2024-09-11 21:37:22,BTCUSD_PERP,bid,55300,654.55
2024-09-11 21:37:22,BTCUSD_PERP,bid,55300,709.38
2024-09-11 21:37:29,BTCUSD_PERP,bid,55300,654.55
2024-09-11 21:37:31,BTCUSD_PERP,bid,55300,818.15
2024-09-11 21:37:39,BTCUSD_PERP,bid,55300,763.38
2024-09-11 21:37:40,BTCUSD_PERP,bid,55300,709.16
2024-09-11 21:37:40,BTCUSD_PERP,bid,55300,654.39
2024-09-11 21:37:40,BTCUSD_PERP,bid,55300,544.85
2024-09-11 21:37:47,BTCUSD_PERP,bid,55300,545.15
2024-09-11 21:38:16,BTCUSD_PERP,bid,55300,547.45
2024-09-11 21:38:16,BTCUSD_PERP,bid,55300,656.43
2024-09-11 21:38:25,BTCUSD_PERP,bid,55300,708.77
2024-09-11 21:39:45,BTCUSD_PERP,bid,55200,709.57
2024-09-11 21:40:07,BTCUSD_PERP,bid,55200,655.42
2024-09-11 21:40:07,BTCUSD_PERP,bid,55200,600.8
2024-09-11 21:40:07,BTCUSD_PERP,bid,55200,709.34
2024-09-11 21:40:15,BTCUSD_PERP,bid,55200,654.65
2024-09-11 21:40:52,BTCUSD_PERP,bid,55200,599.96
2024-09-11 21:40:52,BTCUSD_PERP,bid,55200,545.37
2024-09-11 21:44:22,BTCUSD_PERP,bid,55200,599.29
2024-09-11 21:44:22,BTCUSD_PERP,bid,55200,653.98
2024-09-11 21:44:39,BTCUSD_PERP,bid,55200,653.05
2024-09-11 21:44:45,BTCUSD_PERP,bid,55200,598.95
2024-09-11 21:44:45,BTCUSD_PERP,bid,55200,544.84
2024-09-11 21:44:59,BTCUSD_PERP,bid,55100,598.84
2024-09-11 21:45:02,BTCUSD_PERP,bid,55100,544.2
2024-09-11 21:49:21,BTCUSD_PERP,bid,55100,543.86
2024-09-11 21:49:54,BTCUSD_PERP,bid,55000,869.33
2024-09-11 21:49:54,BTCUSD_PERP,bid,55000,923.87
2024-09-11 21:50:13,BTCUSD_PERP,bid,55000,707.36
2024-09-11 21:50:14,BTCUSD_PERP,bid,55000,652.82
2024-09-11 21:50:14,BTCUSD_PERP,bid,55000,598.28
2024-09-11 21:50:14,BTCUSD_PERP,bid,55100,598.07
2024-09-11 21:51:11,BTCUSD_PERP,bid,55100,597.52
2024-09-11 21:52:31,BTCUSD_PERP,bid,55000,597.19
2024-09-11 21:55:03,BTCUSD_PERP,bid,55200,598.51
2024-09-11 21:55:03,BTCUSD_PERP,bid,55200,652.63
2024-09-11 21:55:03,BTCUSD_PERP,bid,55200,706.75
2024-09-11 21:55:10,BTCUSD_PERP,bid,55200,598.06
2024-09-11 21:55:10,BTCUSD_PERP,bid,55200,543.95
2024-09-11 21:55:33,BTCUSD_PERP,bid,55100,544.19
2024-09-11 21:56:08,BTCUSD_PERP,bid,55100,598.74
2024-09-11 21:56:21,BTCUSD_PERP,bid,55200,544.72
2024-09-11 21:56:21,BTCUSD_PERP,bid,55200,599.42
2024-09-11 21:56:36,BTCUSD_PERP,bid,55200,544.72
2024-09-11 21:56:36,BTCUSD_PERP,bid,55300,545.2
2024-09-11 21:56:36,BTCUSD_PERP,bid,55300,654.04
2024-09-11 21:56:36,BTCUSD_PERP,bid,55300,763.52
2024-09-11 21:56:36,BTCUSD_PERP,bid,55300,765.49
2024-09-11 21:56:37,BTCUSD_PERP,bid,55300,820.23
2024-09-11 21:57:41,BTCUSD_PERP,bid,55300,546.21
2024-09-11 21:57:41,BTCUSD_PERP,bid,55300,709.33
2024-09-11 21:57:42,BTCUSD_PERP,bid,55300,764.07
2024-09-11 21:57:42,BTCUSD_PERP,bid,55300,818.81
2024-09-11 21:57:53,BTCUSD_PERP,bid,55300,709.33
2024-09-11 21:57:53,BTCUSD_PERP,bid,55300,599.94
2024-09-11 21:57:53,BTCUSD_PERP,bid,55300,545.2
2024-09-11 22:01:30,BTCUSD_PERP,bid,55400,547.01
2024-09-11 22:05:43,BTCUSD_PERP,bid,55500,547.1
2024-09-11 22:05:43,BTCUSD_PERP,bid,55500,602.1
2024-09-11 22:05:43,BTCUSD_PERP,bid,55500,712.1
2024-09-11 22:05:45,BTCUSD_PERP,bid,55500,602.66
2024-09-11 22:05:45,BTCUSD_PERP,bid,55500,547.66
2024-09-11 22:06:08,BTCUSD_PERP,bid,55600,712.79
2024-09-11 22:06:09,BTCUSD_PERP,bid,55600,767.93
2024-09-11 22:06:12,BTCUSD_PERP,bid,55600,712.79
2024-09-11 22:06:12,BTCUSD_PERP,bid,55600,657.65
2024-09-11 22:06:12,BTCUSD_PERP,bid,55600,603.87
2024-09-11 22:06:12,BTCUSD_PERP,bid,55600,712.96
2024-09-11 22:06:12,BTCUSD_PERP,bid,55600,768.07
2024-09-11 22:06:21,BTCUSD_PERP,bid,55600,549.42
2024-09-11 22:07:09,BTCUSD_PERP,bid,55600,547.34
2024-09-11 22:07:09,BTCUSD_PERP,bid,55600,602.42
2024-09-11 22:07:20,BTCUSD_PERP,bid,55600,547.34
2024-09-11 22:07:33,BTCUSD_PERP,bid,55600,603.87
2024-09-11 22:07:33,BTCUSD_PERP,bid,55600,821.83
2024-09-11 22:07:34,BTCUSD_PERP,bid,55600,876.88
2024-09-11 22:07:51,BTCUSD_PERP,bid,55600,821.83
