2024-09-16 08:12:28,SOLUSDT,bid,128,11316.0
2024-09-16 08:12:29,SOLUSDT,bid,128,11340.0
2024-09-16 08:12:30,SOLUSDT,bid,128,11266.0
2024-09-16 08:12:42,SOLUSDT,bid,125,11011.0
2024-09-16 08:12:44,SOLUSDT,bid,126,10265.0
2024-09-16 08:12:44,SOLUSDT,bid,128,8213.0
2024-09-16 08:12:44,SOLUSDT,ask,134,10264.0
2024-09-16 08:12:44,SOLUSDT,ask,132,8213.0
2024-09-16 08:12:47,SOLUSDT,bid,128,11281.0
2024-09-16 08:12:49,SOLUSDT,bid,121,13323.0
2024-09-16 08:12:52,SOLUSDT,bid,128,11288.0
2024-09-16 08:12:55,SOLUSDT,ask,137,8804.0
2024-09-16 08:12:55,SOLUSDT,ask,137,8763.0
2024-09-16 08:13:13,SOLUSDT,bid,130,10622.0
2024-09-16 08:13:15,SOLUSDT,bid,130,10621.0
2024-09-16 08:13:16,SOLUSDT,bid,130,10622.0
2024-09-16 08:13:16,SOLUSDT,bid,128,11273.0
2024-09-16 08:13:19,SOLUSDT,bid,130,10602.0
2024-09-16 08:13:19,SOLUSDT,bid,130,10621.0
2024-09-16 08:13:19,SOLUSDT,bid,125,10979.0
2024-09-16 08:13:19,SOLUSDT,bid,130,10602.0
2024-09-16 08:13:19,SOLUSDT,bid,128,11301.0
2024-09-16 08:13:27,SOLUSDT,bid,130,10592.0
2024-09-16 08:13:30,SOLUSDT,bid,130,10595.0
2024-09-16 08:13:34,SOLUSDT,bid,130,10614.0
2024-09-16 08:13:34,SOLUSDT,bid,130,10595.0
2024-09-16 08:13:34,SOLUSDT,bid,128,11698.0
2024-09-16 08:13:37,SOLUSDT,ask,137,8768.0
2024-09-16 08:13:40,SOLUSDT,bid,130,10610.0
2024-09-16 08:13:41,SOLUSDT,ask,140,8243.0
2024-09-16 08:13:44,SOLUSDT,bid,126,9123.0
2024-09-16 08:13:44,SOLUSDT,bid,130,10595.0
2024-09-16 08:13:44,SOLUSDT,ask,134,10279.0
2024-09-16 08:13:45,SOLUSDT,ask,131,8252.0
2024-09-16 08:13:45,SOLUSDT,bid,120,24105.0
2024-09-16 08:13:45,SOLUSDT,bid,130,10575.0
2024-09-16 08:13:48,SOLUSDT,bid,130,10594.0
2024-09-16 08:13:48,SOLUSDT,bid,130,10594.0
2024-09-16 08:13:49,SOLUSDT,bid,130,10575.0
2024-09-16 08:13:51,SOLUSDT,bid,128,11703.0
2024-09-16 08:13:52,SOLUSDT,bid,128,11718.0
2024-09-16 08:13:57,SOLUSDT,bid,128,11717.0
2024-09-16 08:14:00,SOLUSDT,bid,130,10576.0
2024-09-16 08:14:04,SOLUSDT,bid,130,10576.0
2024-09-16 08:14:04,SOLUSDT,bid,130,10591.0
2024-09-16 08:14:06,SOLUSDT,bid,130,10576.0
2024-09-16 08:14:06,SOLUSDT,bid,130,10575.0
2024-09-16 08:14:06,SOLUSDT,bid,126,9218.0
2024-09-16 08:14:06,SOLUSDT,bid,130,10532.0
2024-09-16 08:14:09,SOLUSDT,bid,130,10705.0
2024-09-16 08:14:09,SOLUSDT,bid,130,10554.0
2024-09-16 08:14:09,SOLUSDT,bid,130,10532.0
2024-09-16 08:14:09,SOLUSDT,bid,130,10534.0
2024-09-16 08:14:10,SOLUSDT,bid,130,10530.0
2024-09-16 08:14:10,SOLUSDT,bid,130,10532.0
2024-09-16 08:14:10,SOLUSDT,bid,130,10530.0
2024-09-16 08:14:10,SOLUSDT,bid,130,10683.0
2024-09-16 08:14:10,SOLUSDT,bid,130,10530.0
2024-09-16 08:14:13,SOLUSDT,bid,130,10531.0
2024-09-16 08:14:13,SOLUSDT,bid,115,10325.0
2024-09-16 08:14:13,SOLUSDT,bid,120,24104.0
2024-09-16 08:14:13,SOLUSDT,bid,125,10978.0
2024-09-16 08:14:13,SOLUSDT,bid,130,10530.0
2024-09-16 08:14:13,SOLUSDT,ask,140,8242.0
2024-09-16 08:14:14,SOLUSDT,bid,130,10514.0
2024-09-16 08:14:14,SOLUSDT,bid,130,10516.0
2024-09-16 08:14:14,SOLUSDT,bid,130,10514.0
2024-09-16 08:14:14,SOLUSDT,bid,130,10520.0
2024-09-16 08:14:14,SOLUSDT,bid,130,10550.0
2024-09-16 08:14:14,SOLUSDT,bid,130,10546.0
2024-09-16 08:14:17,SOLUSDT,bid,130,10521.0
2024-09-16 08:14:17,SOLUSDT,bid,130,10516.0
2024-09-16 08:14:17,SOLUSDT,bid,126,10286.0
2024-09-16 08:14:17,SOLUSDT,bid,130,10516.0
2024-09-16 08:14:17,SOLUSDT,bid,128,8213.0
2024-09-16 08:14:17,SOLUSDT,bid,130,10519.0
2024-09-16 08:14:20,SOLUSDT,bid,130,10534.0
2024-09-16 08:14:20,SOLUSDT,bid,130,10531.0
2024-09-16 08:14:20,SOLUSDT,bid,130,10516.0
2024-09-16 08:14:20,SOLUSDT,bid,130,10531.0
2024-09-16 08:14:20,SOLUSDT,bid,130,10586.0
2024-09-16 08:14:20,SOLUSDT,bid,130,10531.0
2024-09-16 08:14:20,SOLUSDT,bid,130,10684.0
2024-09-16 08:14:20,SOLUSDT,bid,130,10739.0
2024-09-16 08:14:20,SOLUSDT,bid,130,10586.0
2024-09-16 08:14:20,SOLUSDT,bid,130,10584.0
2024-09-16 08:14:24,SOLUSDT,bid,130,10529.0
2024-09-16 08:14:24,SOLUSDT,bid,130,10528.0
2024-09-16 08:14:25,SOLUSDT,bid,130,10516.0
2024-09-16 08:14:25,SOLUSDT,bid,130,10531.0
2024-09-16 08:14:25,SOLUSDT,bid,130,10544.0
2024-09-16 08:14:25,SOLUSDT,bid,130,10531.0
2024-09-16 08:14:25,SOLUSDT,bid,130,10516.0
2024-09-16 08:14:28,SOLUSDT,bid,130,10531.0
2024-09-16 08:14:29,SOLUSDT,bid,130,10538.0
2024-09-16 08:14:29,SOLUSDT,bid,130,10531.0
2024-09-16 08:14:29,SOLUSDT,bid,130,10516.0
2024-09-16 08:14:29,SOLUSDT,bid,130,10531.0
2024-09-16 08:14:32,SOLUSDT,bid,130,10516.0
2024-09-16 08:14:32,SOLUSDT,bid,130,10531.0
2024-09-16 08:14:35,SOLUSDT,bid,130,10535.0
2024-09-16 08:14:35,SOLUSDT,bid,128,8309.0
2024-09-16 08:14:35,SOLUSDT,bid,130,10532.0
2024-09-16 08:14:35,SOLUSDT,bid,128,8213.0
2024-09-16 08:14:35,SOLUSDT,bid,130,10535.0
2024-09-16 08:14:35,SOLUSDT,bid,130,10612.0
2024-09-16 08:14:35,SOLUSDT,bid,130,10517.0
2024-09-16 08:14:35,SOLUSDT,bid,130,10632.0
2024-09-16 08:14:35,SOLUSDT,bid,130,10535.0
2024-09-16 08:14:38,SOLUSDT,bid,130,10520.0
2024-09-16 08:14:38,SOLUSDT,bid,130,10535.0
2024-09-16 08:14:38,SOLUSDT,bid,130,10520.0
2024-09-16 08:14:38,SOLUSDT,bid,130,10519.0
2024-09-16 08:14:38,SOLUSDT,bid,130,10520.0
2024-09-16 08:14:38,SOLUSDT,bid,130,10519.0
2024-09-16 08:14:38,SOLUSDT,bid,130,10516.0
2024-09-16 08:14:38,SOLUSDT,bid,130,10554.0
2024-09-16 08:14:38,SOLUSDT,bid,130,10524.0
2024-09-16 08:14:38,SOLUSDT,bid,130,10562.0
2024-09-16 08:14:38,SOLUSDT,bid,130,10561.0
2024-09-16 08:14:39,SOLUSDT,bid,130,10561.0
2024-09-16 08:14:39,SOLUSDT,bid,130,10532.0
2024-09-16 08:14:39,SOLUSDT,bid,130,10568.0
2024-09-16 08:14:39,SOLUSDT,bid,130,10530.0
2024-09-16 08:14:39,SOLUSDT,bid,130,10585.0
2024-09-16 08:14:39,SOLUSDT,bid,130,10515.0
2024-09-16 08:14:42,SOLUSDT,bid,130,10553.0
2024-09-16 08:14:42,SOLUSDT,bid,130,10515.0
2024-09-16 08:14:42,SOLUSDT,bid,130,10537.0
2024-09-16 08:14:42,SOLUSDT,bid,130,10534.0
2024-09-16 08:14:42,SOLUSDT,bid,130,10664.0
2024-09-16 08:14:42,SOLUSDT,bid,130,10533.0
2024-09-16 08:14:42,SOLUSDT,bid,130,10588.0
2024-09-16 08:14:42,SOLUSDT,bid,130,10533.0
2024-09-16 08:14:42,SOLUSDT,bid,130,10555.0
2024-09-16 08:14:43,SOLUSDT,bid,130,10555.0
2024-09-16 08:14:43,SOLUSDT,bid,130,10555.0
2024-09-16 08:14:46,SOLUSDT,bid,126,8901.0
2024-09-16 08:14:46,SOLUSDT,bid,130,10555.0
2024-09-16 08:14:46,SOLUSDT,bid,130,10540.0
2024-09-16 08:14:46,SOLUSDT,bid,126,8948.0
2024-09-16 08:14:46,SOLUSDT,bid,130,10555.0
2024-09-16 08:14:47,SOLUSDT,bid,130,10540.0
2024-09-16 08:14:47,SOLUSDT,bid,130,10540.0
2024-09-16 08:14:50,SOLUSDT,bid,130,10555.0
2024-09-16 08:14:50,SOLUSDT,bid,130,10540.0
2024-09-16 08:14:50,SOLUSDT,bid,128,11718.0
2024-09-16 08:14:50,SOLUSDT,bid,126,10278.0
2024-09-16 08:14:50,SOLUSDT,bid,130,10555.0
2024-09-16 08:14:50,SOLUSDT,bid,130,10560.0
2024-09-16 08:14:50,SOLUSDT,bid,130,10590.0
2024-09-16 08:14:50,SOLUSDT,bid,128,8212.0
2024-09-16 08:14:51,SOLUSDT,bid,130,10575.0
2024-09-16 08:14:51,SOLUSDT,bid,130,10575.0
2024-09-16 08:14:51,SOLUSDT,bid,130,10590.0
2024-09-16 08:14:51,SOLUSDT,bid,130,10575.0
2024-09-16 08:14:51,SOLUSDT,bid,130,10583.0
2024-09-16 08:14:51,SOLUSDT,bid,130,10575.0
2024-09-16 08:14:51,SOLUSDT,bid,130,10590.0
2024-09-16 08:14:53,SOLUSDT,bid,130,10560.0
2024-09-16 08:14:54,SOLUSDT,bid,130,10565.0
2024-09-16 08:14:54,SOLUSDT,bid,130,10572.0
2024-09-16 08:14:54,SOLUSDT,bid,130,10565.0
2024-09-16 08:14:58,SOLUSDT,bid,130,10566.0
2024-09-16 08:14:58,SOLUSDT,bid,130,10551.0
2024-09-16 08:14:58,SOLUSDT,bid,130,10569.0
2024-09-16 08:14:58,SOLUSDT,bid,130,10551.0
2024-09-16 08:14:58,SOLUSDT,bid,130,10566.0
2024-09-16 08:14:58,SOLUSDT,bid,130,10566.0
2024-09-16 08:14:58,SOLUSDT,bid,130,10551.0
2024-09-16 08:14:58,SOLUSDT,bid,130,10552.0
2024-09-16 08:15:01,SOLUSDT,bid,130,10475.0
2024-09-16 08:15:01,SOLUSDT,bid,130,10566.0
2024-09-16 08:15:01,SOLUSDT,bid,130,10566.0
2024-09-16 08:15:01,SOLUSDT,bid,130,10475.0
2024-09-16 08:15:02,SOLUSDT,bid,130,11013.0
2024-09-16 08:15:02,SOLUSDT,bid,130,10991.0
2024-09-16 08:15:02,SOLUSDT,bid,130,10975.0
2024-09-16 08:15:05,SOLUSDT,ask,134,10264.0
2024-09-16 08:15:05,SOLUSDT,bid,126,8934.0
2024-09-16 08:15:05,SOLUSDT,ask,132,10059.0
2024-09-16 08:15:05,SOLUSDT,bid,128,11717.0
2024-09-16 08:15:08,SOLUSDT,bid,130,10984.0
2024-09-16 08:15:08,SOLUSDT,bid,130,10944.0
2024-09-16 08:15:11,SOLUSDT,bid,130,10975.0
2024-09-16 08:15:15,SOLUSDT,bid,130,10990.0
2024-09-16 08:15:15,SOLUSDT,bid,130,10975.0
2024-09-16 08:15:15,SOLUSDT,bid,130,10982.0
2024-09-16 08:15:15,SOLUSDT,bid,130,10975.0
2024-09-16 08:15:15,SOLUSDT,bid,130,10975.0
2024-09-16 08:15:15,SOLUSDT,bid,130,11010.0
2024-09-16 08:15:15,SOLUSDT,bid,130,11010.0
2024-09-16 08:15:16,SOLUSDT,bid,130,11011.0
2024-09-16 08:15:16,SOLUSDT,bid,130,11010.0
2024-09-16 08:15:19,SOLUSDT,bid,130,10975.0
2024-09-16 08:15:19,SOLUSDT,bid,130,10990.0
2024-09-16 08:15:19,SOLUSDT,bid,130,10975.0
2024-09-16 08:15:19,SOLUSDT,bid,130,10977.0
2024-09-16 08:15:19,SOLUSDT,bid,130,10976.0
2024-09-16 08:15:19,SOLUSDT,bid,130,10974.0
2024-09-16 08:15:20,SOLUSDT,bid,128,11956.0
2024-09-16 08:15:20,SOLUSDT,bid,130,10436.0
2024-09-16 08:15:22,SOLUSDT,bid,130,10437.0
2024-09-16 08:15:22,SOLUSDT,bid,130,10418.0
2024-09-16 08:15:26,SOLUSDT,bid,126,10264.0
2024-09-16 08:15:26,SOLUSDT,bid,128,8213.0
2024-09-16 08:15:27,SOLUSDT,bid,130,10416.0
2024-09-16 08:15:33,SOLUSDT,bid,121,13336.0
2024-09-16 08:15:33,SOLUSDT,bid,130,10410.0
2024-09-16 08:15:37,SOLUSDT,bid,130,10405.0
2024-09-16 08:15:44,SOLUSDT,bid,130,10387.0
2024-09-16 08:15:47,SOLUSDT,bid,126,8839.0
2024-09-16 08:15:48,SOLUSDT,bid,130,10386.0
2024-09-16 08:15:54,SOLUSDT,bid,130,10385.0
2024-09-16 08:15:54,SOLUSDT,ask,145,23451.0
2024-09-16 08:15:54,SOLUSDT,bid,128,11946.0
2024-09-16 08:15:58,SOLUSDT,bid,126,8829.0
2024-09-16 08:15:58,SOLUSDT,bid,130,10375.0
2024-09-16 08:16:01,SOLUSDT,bid,130,10376.0
2024-09-16 08:16:05,SOLUSDT,bid,130,10379.0
2024-09-16 08:16:12,SOLUSDT,bid,126,8929.0
2024-09-16 08:16:12,SOLUSDT,bid,128,11949.0
2024-09-16 08:16:12,SOLUSDT,bid,130,10380.0
2024-09-16 08:16:26,SOLUSDT,bid,120,24084.0
2024-09-16 08:16:27,SOLUSDT,bid,130,10365.0
