2024-09-03 21:00:39,BTCUSDT,bid,47000,876.779
2024-09-03 21:01:10,BTCUSDT,bid,47000,876.602
2024-09-03 21:05:10,BTCUSDT,bid,47000,876.583
2024-09-03 21:08:37,BTCUSDT,bid,47000,876.683
2024-09-03 21:08:37,BTCUSDT,bid,47000,876.686
2024-09-03 21:09:21,BTCUSDT,bid,47000,876.497
2024-09-03 21:10:32,BTCUSDT,bid,47000,876.54
2024-09-03 21:10:47,BTCUSDT,bid,47000,876.547
2024-09-03 21:15:33,BTCUSDT,bid,47000,876.553
2024-09-03 21:16:51,BTCUSDT,bid,47000,876.416
2024-09-03 21:19:13,BTCUSDT,bid,47000,876.805
2024-09-03 21:21:37,BTCUSDT,bid,47000,876.864
2024-09-03 21:22:36,BTCUSDT,bid,47000,876.805
2024-09-03 21:26:36,BTCUSDT,bid,47500,633.943
2024-09-03 21:26:39,BTCUSDT,bid,47300,806.261
2024-09-03 21:33:13,BTCUSDT,bid,47000,876.826
2024-09-03 21:36:53,BTCUSDT,bid,47000,877.126
2024-09-03 21:37:00,BTCUSDT,bid,47000,876.926
2024-09-03 21:43:15,BTCUSDT,bid,47500,634.006
2024-09-03 21:43:37,BTCUSDT,bid,47000,876.905
2024-09-03 21:48:54,BTCUSDT,bid,47000,877.906
2024-09-03 21:50:17,BTCUSDT,bid,47000,879.697
2024-09-03 21:50:25,BTCUSDT,bid,47000,877.906
2024-09-03 21:56:27,BTCUSDT,bid,47000,877.912
2024-09-03 21:58:36,BTCUSDT,bid,57500,523.47
2024-09-03 21:58:38,BTCUSDT,bid,57500,523.45
2024-09-03 21:58:38,BTCUSDT,bid,57500,523.535
2024-09-03 21:58:39,BTCUSDT,bid,57500,523.188
2024-09-03 21:58:40,BTCUSDT,bid,57500,523.183
2024-09-03 21:58:48,BTCUSDT,bid,57500,523.215
2024-09-03 21:59:09,BTCUSDT,bid,57500,523.233
2024-09-03 21:59:14,BTCUSDT,bid,57500,523.22
2024-09-03 21:59:15,BTCUSDT,bid,57500,523.202
2024-09-03 21:59:23,BTCUSDT,bid,57500,523.281
2024-09-03 21:59:24,BTCUSDT,bid,57500,523.286
2024-09-03 21:59:28,BTCUSDT,bid,57500,523.284
2024-09-03 21:59:36,BTCUSDT,bid,57500,523.286
2024-09-03 21:59:39,BTCUSDT,bid,57500,523.297
2024-09-03 21:59:41,BTCUSDT,bid,57500,524.777
2024-09-03 21:59:45,BTCUSDT,bid,57500,524.766
2024-09-03 21:59:54,BTCUSDT,bid,57500,524.764
2024-09-03 21:59:56,BTCUSDT,bid,57500,524.714
2024-09-03 21:59:58,BTCUSDT,bid,57500,524.725
2024-09-03 21:59:58,BTCUSDT,bid,57500,524.727
2024-09-03 21:59:59,BTCUSDT,bid,57500,524.725
2024-09-03 22:00:00,BTCUSDT,bid,57500,524.765
2024-09-03 22:00:00,BTCUSDT,bid,57500,523.285
2024-09-03 22:00:01,BTCUSDT,bid,57500,523.383
2024-09-03 22:00:06,BTCUSDT,bid,57500,524.863
2024-09-03 22:00:10,BTCUSDT,bid,57500,524.865
2024-09-03 22:00:10,BTCUSDT,bid,57500,524.863
2024-09-03 22:00:11,BTCUSDT,bid,57500,524.865
2024-09-03 22:00:13,BTCUSDT,bid,57500,524.867
2024-09-03 22:00:14,BTCUSDT,bid,57500,524.953
2024-09-03 22:00:15,BTCUSDT,bid,57500,523.521
2024-09-03 22:00:16,BTCUSDT,bid,57500,523.525
2024-09-03 22:00:17,BTCUSDT,bid,57500,523.565
2024-09-03 22:00:17,BTCUSDT,bid,57500,523.525
2024-09-03 22:00:21,BTCUSDT,bid,57500,523.54
2024-09-03 22:00:24,BTCUSDT,bid,57500,523.543
2024-09-03 22:00:24,BTCUSDT,bid,57500,523.553
2024-09-03 22:00:30,BTCUSDT,bid,57500,523.593
2024-09-03 22:00:30,BTCUSDT,bid,57500,523.607
2024-09-03 22:00:30,BTCUSDT,bid,57500,523.567
2024-09-03 22:00:31,BTCUSDT,bid,57500,523.556
2024-09-03 22:00:34,BTCUSDT,bid,57500,523.591
2024-09-03 22:00:35,BTCUSDT,bid,57500,525.328
2024-09-03 22:00:36,BTCUSDT,bid,57500,525.33
2024-09-03 22:00:39,BTCUSDT,bid,57500,525.328
2024-09-03 22:00:42,BTCUSDT,bid,57500,525.33
2024-09-03 22:00:49,BTCUSDT,bid,57500,525.336
2024-09-03 22:00:49,BTCUSDT,bid,57500,525.325
2024-09-03 22:00:50,BTCUSDT,bid,57500,525.29
2024-09-03 22:00:56,BTCUSDT,bid,57500,525.284
2024-09-03 22:00:57,BTCUSDT,bid,47000,877.879
2024-09-03 22:00:57,BTCUSDT,bid,57500,525.324
2024-09-03 22:00:58,BTCUSDT,bid,57500,525.284
2024-09-03 22:00:58,BTCUSDT,bid,57500,525.286
2024-09-03 22:00:58,BTCUSDT,bid,57500,525.474
2024-09-03 22:00:59,BTCUSDT,bid,57500,525.472
2024-09-03 22:01:01,BTCUSDT,bid,57500,525.37
2024-09-03 22:01:01,BTCUSDT,bid,57500,525.372
2024-09-03 22:01:02,BTCUSDT,bid,57500,525.362
2024-09-03 22:01:03,BTCUSDT,bid,57500,525.448
2024-09-03 22:01:08,BTCUSDT,bid,57500,525.446
2024-09-03 22:01:09,BTCUSDT,bid,57500,525.476
2024-09-03 22:01:10,BTCUSDT,bid,57500,525.493
2024-09-03 22:01:11,BTCUSDT,bid,57500,525.293
2024-09-03 22:01:11,BTCUSDT,bid,57500,525.295
2024-09-03 22:01:15,BTCUSDT,bid,57500,525.293
2024-09-03 22:01:17,BTCUSDT,bid,57500,527.78
2024-09-03 22:01:18,BTCUSDT,bid,57500,527.692
2024-09-03 22:01:22,BTCUSDT,bid,57500,527.723
2024-09-03 22:01:22,BTCUSDT,bid,57500,525.236
2024-09-03 22:01:24,BTCUSDT,bid,57500,525.186
2024-09-03 22:01:26,BTCUSDT,bid,57500,525.187
2024-09-03 22:01:30,BTCUSDT,bid,57500,525.127
2024-09-03 22:01:34,BTCUSDT,bid,57500,525.129
2024-09-03 22:01:35,BTCUSDT,bid,47000,877.882
2024-09-03 22:01:36,BTCUSDT,bid,47000,877.885
2024-09-03 22:01:41,BTCUSDT,bid,57500,525.126
2024-09-03 22:01:41,BTCUSDT,bid,57500,525.131
2024-09-03 22:01:59,BTCUSDT,bid,57500,525.166
2024-09-03 22:02:00,BTCUSDT,bid,57500,525.251
2024-09-03 22:02:01,BTCUSDT,bid,57500,525.256
2024-09-03 22:02:03,BTCUSDT,bid,57500,525.171
2024-09-03 22:02:05,BTCUSDT,bid,57500,525.256
2024-09-03 22:02:09,BTCUSDT,bid,57500,525.171
2024-09-03 22:02:12,BTCUSDT,bid,57500,525.253
2024-09-03 22:02:12,BTCUSDT,bid,57500,525.595
2024-09-03 22:02:14,BTCUSDT,bid,47000,877.785
2024-09-03 22:02:15,BTCUSDT,bid,57500,525.513
2024-09-03 22:02:16,BTCUSDT,bid,57500,525.478
2024-09-03 22:02:17,BTCUSDT,bid,57500,525.461
2024-09-03 22:02:18,BTCUSDT,bid,57500,525.32
2024-09-03 22:02:24,BTCUSDT,bid,57500,525.303
2024-09-03 22:02:35,BTCUSDT,bid,57500,525.365
2024-09-03 22:02:40,BTCUSDT,bid,57500,525.334
2024-09-03 22:02:51,BTCUSDT,bid,57500,525.374
2024-09-03 22:02:52,BTCUSDT,bid,57500,525.334
2024-09-03 22:02:52,BTCUSDT,bid,57500,525.361
2024-09-03 22:02:53,BTCUSDT,bid,57500,525.366
2024-09-03 22:02:54,BTCUSDT,bid,57500,525.304
2024-09-03 22:02:59,BTCUSDT,bid,57500,525.339
2024-09-03 22:03:00,BTCUSDT,bid,57500,525.35
2024-09-03 22:03:04,BTCUSDT,bid,57500,526.622
2024-09-03 22:03:06,BTCUSDT,bid,57500,527.122
2024-09-03 22:03:09,BTCUSDT,bid,57500,527.208
2024-09-03 22:03:18,BTCUSDT,bid,57500,527.253
2024-09-03 22:03:19,BTCUSDT,bid,57500,527.236
2024-09-03 22:03:21,BTCUSDT,bid,57500,527.238
2024-09-03 22:03:22,BTCUSDT,bid,57500,527.24
2024-09-03 22:03:23,BTCUSDT,bid,57500,527.238
2024-09-03 22:03:29,BTCUSDT,bid,57500,526.896
2024-09-03 22:03:31,BTCUSDT,bid,57500,529.659
2024-09-03 22:03:32,BTCUSDT,bid,57500,526.81
2024-09-03 22:03:35,BTCUSDT,bid,57500,526.813
2024-09-03 22:03:38,BTCUSDT,bid,57500,526.805
2024-09-03 22:03:41,BTCUSDT,bid,57500,526.794
2024-09-03 22:03:58,BTCUSDT,bid,57500,526.796
2024-09-03 22:03:59,BTCUSDT,bid,57500,526.801
2024-09-03 22:04:05,BTCUSDT,bid,57500,526.796
2024-09-03 22:04:05,BTCUSDT,bid,57500,526.794
2024-09-03 22:04:14,BTCUSDT,bid,57500,529.52
2024-09-03 22:04:15,BTCUSDT,bid,57500,526.794
2024-09-03 22:04:22,BTCUSDT,bid,57500,526.294
2024-09-03 22:04:23,BTCUSDT,bid,57500,526.303
2024-09-03 22:04:33,BTCUSDT,bid,57500,526.305
2024-09-03 22:04:35,BTCUSDT,bid,57500,526.309
2024-09-03 22:04:42,BTCUSDT,bid,57500,526.312
2024-09-03 22:04:42,BTCUSDT,bid,47500,634.064
2024-09-03 22:04:48,BTCUSDT,bid,57500,526.307
2024-09-03 22:04:57,BTCUSDT,bid,57500,526.43
2024-09-03 22:05:17,BTCUSDT,bid,57500,526.438
2024-09-03 22:05:22,BTCUSDT,bid,57500,526.48
2024-09-03 22:05:28,BTCUSDT,bid,47500,634.179
2024-09-03 22:05:29,BTCUSDT,bid,57500,526.58
2024-09-03 22:05:35,BTCUSDT,bid,57500,526.572
2024-09-03 22:05:40,BTCUSDT,bid,57500,526.658
2024-09-03 22:05:43,BTCUSDT,bid,57500,526.66
2024-09-03 22:05:47,BTCUSDT,bid,57500,526.695
2024-09-03 22:05:48,BTCUSDT,bid,57500,526.661
2024-09-03 22:05:52,BTCUSDT,bid,57500,526.663
2024-09-03 22:05:54,BTCUSDT,bid,57500,526.577
2024-09-03 22:06:00,BTCUSDT,bid,57500,526.575
2024-09-03 22:06:06,BTCUSDT,bid,57500,531.887
2024-09-03 22:06:08,BTCUSDT,bid,57500,531.885
2024-09-03 22:06:11,BTCUSDT,bid,57500,531.85
2024-09-03 22:06:12,BTCUSDT,bid,57500,531.936
2024-09-03 22:06:28,BTCUSDT,bid,57500,531.901
2024-09-03 22:06:41,BTCUSDT,bid,57500,532.101
2024-09-03 22:06:49,BTCUSDT,bid,57500,532.086
2024-09-03 22:06:54,BTCUSDT,bid,57500,532.007
2024-09-03 22:07:04,BTCUSDT,bid,57500,532.01
2024-09-03 22:07:08,BTCUSDT,bid,57500,532.263
2024-09-03 22:07:09,BTCUSDT,bid,57500,532.277
2024-09-03 22:07:09,BTCUSDT,bid,57500,532.272
2024-09-03 22:07:48,BTCUSDT,bid,57500,532.269
2024-09-03 22:07:49,BTCUSDT,bid,57500,532.355
2024-09-03 22:07:49,BTCUSDT,bid,57500,532.275
2024-09-03 22:07:51,BTCUSDT,bid,57500,532.152
2024-09-03 22:08:03,BTCUSDT,bid,47000,876.784
2024-09-03 22:08:16,BTCUSDT,bid,57500,532.21
2024-09-03 22:08:23,BTCUSDT,bid,57500,532.193
2024-09-03 22:08:26,BTCUSDT,bid,57500,526.883
2024-09-03 22:08:50,BTCUSDT,bid,57500,529.141
2024-09-03 22:08:50,BTCUSDT,bid,57500,529.056
2024-09-03 22:09:21,BTCUSDT,bid,57500,529.064
2024-09-03 22:09:22,BTCUSDT,bid,57500,528.56
2024-09-03 22:09:23,BTCUSDT,bid,57500,529.255
2024-09-03 22:09:28,BTCUSDT,bid,57500,529.321
2024-09-03 22:09:36,BTCUSDT,bid,57500,529.821
2024-09-03 22:09:40,BTCUSDT,bid,57500,529.802
2024-09-03 22:09:43,BTCUSDT,bid,57500,529.888
2024-09-03 22:09:48,BTCUSDT,bid,57500,529.893
2024-09-03 22:09:58,BTCUSDT,bid,57500,529.888
2024-09-03 22:10:03,BTCUSDT,bid,57500,529.193
2024-09-03 22:10:04,BTCUSDT,bid,57500,529.203
2024-09-03 22:10:05,BTCUSDT,bid,57500,529.203
2024-09-03 22:10:05,BTCUSDT,bid,57500,529.193
2024-09-03 22:10:16,BTCUSDT,bid,57500,529.198
2024-09-03 22:10:17,BTCUSDT,bid,57500,529.112
2024-09-03 22:10:18,BTCUSDT,bid,57500,529.289
2024-09-03 22:10:22,BTCUSDT,bid,57500,529.307
2024-09-03 22:10:24,BTCUSDT,bid,57500,529.254
2024-09-03 22:10:25,BTCUSDT,bid,47000,876.83
2024-09-03 22:10:36,BTCUSDT,bid,57500,529.306
2024-09-03 22:10:41,BTCUSDT,bid,57500,529.304
2024-09-03 22:10:49,BTCUSDT,bid,57500,529.598
2024-09-03 22:10:55,BTCUSDT,bid,57500,529.667
2024-09-03 22:11:04,BTCUSDT,bid,57500,529.753
2024-09-03 22:11:23,BTCUSDT,bid,57500,529.653
2024-09-03 22:11:29,BTCUSDT,bid,57500,529.753
2024-09-03 22:11:34,BTCUSDT,bid,47000,876.827
2024-09-03 22:11:39,BTCUSDT,bid,57500,529.755
2024-09-03 22:11:44,BTCUSDT,bid,57500,529.753
2024-09-03 22:12:03,BTCUSDT,bid,57500,530.447
2024-09-03 22:12:10,BTCUSDT,bid,57500,529.753
2024-09-03 22:12:18,BTCUSDT,bid,57500,532.011
2024-09-03 22:12:24,BTCUSDT,bid,57500,531.942
2024-09-03 22:12:30,BTCUSDT,bid,57500,531.947
2024-09-03 22:12:50,BTCUSDT,bid,57500,531.447
2024-09-03 22:13:09,BTCUSDT,bid,57500,531.449
2024-09-03 22:13:13,BTCUSDT,bid,57500,531.444
2024-09-03 22:13:36,BTCUSDT,bid,57500,531.443
2024-09-03 22:13:40,BTCUSDT,bid,47000,876.781
2024-09-03 22:13:40,BTCUSDT,bid,57500,531.357
2024-09-03 22:13:52,BTCUSDT,bid,57500,530.059
2024-09-03 22:13:54,BTCUSDT,bid,57500,530.259
2024-09-03 22:13:58,BTCUSDT,bid,57500,530.294
2024-09-03 22:14:17,BTCUSDT,bid,47000,876.789
2024-09-03 22:14:22,BTCUSDT,bid,57500,530.311
2024-09-03 22:14:54,BTCUSDT,bid,57500,530.297
2024-09-03 22:14:57,BTCUSDT,bid,57500,530.299
2024-09-03 22:15:17,BTCUSDT,bid,57500,530.291
2024-09-03 22:15:33,BTCUSDT,bid,47300,806.172
2024-09-03 22:16:02,BTCUSDT,bid,57500,530.37
2024-09-03 22:16:24,BTCUSDT,bid,57500,530.372
2024-09-03 22:16:30,BTCUSDT,bid,57500,530.293
2024-09-03 22:16:33,BTCUSDT,bid,57500,530.184
2024-09-03 22:16:45,BTCUSDT,bid,57500,530.174
2024-09-03 22:16:45,BTCUSDT,bid,57500,530.232
2024-09-03 22:16:47,BTCUSDT,bid,57500,530.23
2024-09-03 22:16:50,BTCUSDT,bid,57500,530.282
2024-09-03 22:16:58,BTCUSDT,bid,57500,530.32
2024-09-03 22:17:08,BTCUSDT,bid,57500,530.275
2024-09-03 22:17:10,BTCUSDT,bid,57500,530.277
2024-09-03 22:17:16,BTCUSDT,bid,57500,530.28
2024-09-03 22:17:18,BTCUSDT,bid,57500,531.33
2024-09-03 22:17:21,BTCUSDT,bid,57500,545.45
2024-09-03 22:17:34,BTCUSDT,bid,57500,531.33
2024-09-03 22:17:59,BTCUSDT,bid,57500,531.157
2024-09-03 22:18:06,BTCUSDT,bid,57500,531.057
2024-09-03 22:18:25,BTCUSDT,bid,57500,531.157
2024-09-03 22:18:31,BTCUSDT,bid,57500,531.165
2024-09-03 22:19:01,BTCUSDT,bid,57500,531.175
2024-09-03 22:19:02,BTCUSDT,bid,57500,531.165
2024-09-03 22:19:02,BTCUSDT,bid,57500,531.169
2024-09-03 22:19:09,BTCUSDT,bid,57500,531.155
2024-09-03 22:19:55,BTCUSDT,bid,57500,531.157
2024-09-03 22:20:19,BTCUSDT,bid,57500,531.163
2024-09-03 22:20:34,BTCUSDT,bid,57500,531.186
2024-09-03 22:20:36,BTCUSDT,bid,57500,531.208
2024-09-03 22:20:58,BTCUSDT,bid,57500,531.122
2024-09-03 22:21:14,BTCUSDT,bid,57500,531.156
2024-09-03 22:21:25,BTCUSDT,bid,57500,529.419
2024-09-03 22:21:26,BTCUSDT,bid,57500,529.371
2024-09-03 22:21:34,BTCUSDT,bid,57500,529.374
2024-09-03 22:21:40,BTCUSDT,bid,57500,529.377
2024-09-03 22:21:43,BTCUSDT,bid,57500,531.067
2024-09-03 22:21:45,BTCUSDT,bid,57500,531.072
2024-09-03 22:22:05,BTCUSDT,bid,57500,531.099
2024-09-03 22:22:48,BTCUSDT,bid,57500,531.105
2024-09-03 22:22:48,BTCUSDT,bid,57500,531.109
2024-09-03 22:23:05,BTCUSDT,bid,57500,530.909
2024-09-03 22:23:19,BTCUSDT,bid,57500,530.911
2024-09-03 22:23:26,BTCUSDT,bid,57500,530.907
2024-09-03 22:23:41,BTCUSDT,bid,57500,530.857
2024-09-03 22:23:41,BTCUSDT,bid,57500,531.062
2024-09-03 22:24:01,BTCUSDT,bid,57500,530.976
2024-09-03 22:24:19,BTCUSDT,bid,57500,530.942
2024-09-03 22:24:49,BTCUSDT,bid,57500,531.006
2024-09-03 22:25:15,BTCUSDT,bid,57500,531.004
2024-09-03 22:25:51,BTCUSDT,bid,57500,531.008
2024-09-03 22:25:57,BTCUSDT,bid,57500,531.004
2024-09-03 22:26:08,BTCUSDT,bid,47000,876.835
2024-09-03 22:26:08,BTCUSDT,bid,57500,531.09
2024-09-03 22:26:30,BTCUSDT,bid,57500,531.098
2024-09-03 22:26:41,BTCUSDT,bid,57500,531.096
2024-09-03 22:26:44,BTCUSDT,bid,47000,876.83
2024-09-03 22:26:53,BTCUSDT,bid,57500,531.655
2024-09-03 22:27:03,BTCUSDT,bid,57500,531.591
2024-09-03 22:27:39,BTCUSDT,bid,57500,531.671
2024-09-03 22:28:18,BTCUSDT,bid,57500,530.399
2024-09-03 22:28:42,BTCUSDT,bid,47500,634.188
2024-09-03 22:29:57,BTCUSDT,bid,57500,530.426
2024-09-03 22:30:53,BTCUSDT,bid,57500,530.399
2024-09-03 22:31:15,BTCUSDT,bid,57500,530.393
2024-09-03 22:31:28,BTCUSDT,bid,57500,530.433
2024-09-03 22:31:28,BTCUSDT,bid,57500,530.393
2024-09-03 22:31:34,BTCUSDT,bid,57500,530.395
2024-09-03 22:31:36,BTCUSDT,bid,57500,530.295
2024-09-03 22:31:39,BTCUSDT,bid,57500,530.293
2024-09-03 22:31:46,BTCUSDT,bid,57500,530.297
2024-09-03 22:32:20,BTCUSDT,bid,57500,531.207
2024-09-03 22:32:21,BTCUSDT,bid,57500,531.149
2024-09-03 22:32:22,BTCUSDT,bid,57500,531.063
2024-09-03 22:32:45,BTCUSDT,bid,47500,634.073
2024-09-03 22:50:15,BTCUSDT,bid,47000,876.441
2024-09-03 22:50:19,BTCUSDT,bid,47000,876.431
2024-09-03 23:00:36,BTCUSDT,bid,47000,876.408
2024-09-03 23:06:03,BTCUSDT,bid,47000,876.664
2024-09-03 23:13:19,BTCUSDT,bid,47000,876.668
2024-09-03 23:45:22,BTCUSDT,bid,47000,876.646
2024-09-03 23:49:38,BTCUSDT,bid,47000,876.64
2024-09-03 23:57:13,BTCUSDT,bid,47000,876.746
2024-09-03 23:57:49,BTCUSDT,bid,47000,881.959
2024-09-03 23:58:40,BTCUSDT,bid,47000,897.916
2024-09-04 00:09:07,BTCUSDT,bid,47500,634.552
2024-09-04 00:21:36,BTCUSDT,bid,47500,634.545
2024-09-04 00:32:42,BTCUSDT,bid,47000,897.906
2024-09-04 00:33:19,BTCUSDT,bid,47000,897.483
2024-09-04 00:54:57,BTCUSDT,bid,47000,897.472
2024-09-04 00:57:28,BTCUSDT,bid,47000,897.566
2024-09-04 01:07:29,BTCUSDT,bid,57600,800.062
2024-09-04 01:07:30,BTCUSDT,bid,57600,800.066
2024-09-04 01:07:34,BTCUSDT,bid,57600,800.08
2024-09-04 01:08:16,BTCUSDT,bid,57600,800.282
2024-09-04 01:08:19,BTCUSDT,bid,57600,800.298
2024-09-04 01:08:30,BTCUSDT,bid,57600,800.3
2024-09-04 01:08:36,BTCUSDT,bid,57600,800.8
2024-09-04 01:08:45,BTCUSDT,bid,57600,800.798
2024-09-04 01:08:46,BTCUSDT,bid,57600,801.111
2024-09-04 01:08:51,BTCUSDT,bid,57600,801.113
2024-09-04 01:12:05,BTCUSDT,bid,47000,897.563
2024-09-04 01:12:30,BTCUSDT,bid,57600,1000.711
2024-09-04 01:12:50,BTCUSDT,bid,57600,1000.675
2024-09-04 01:22:56,BTCUSDT,bid,47000,897.59
2024-09-04 01:36:26,BTCUSDT,bid,47000,897.593
2024-09-04 01:40:54,BTCUSDT,bid,47000,897.337
2024-09-04 02:05:05,BTCUSDT,bid,47500,634.476
2024-09-04 02:14:45,BTCUSDT,bid,47000,897.347
2024-09-04 02:23:58,BTCUSDT,bid,47000,897.456
2024-09-04 02:25:36,BTCUSDT,bid,47000,897.347
2024-09-04 02:29:50,BTCUSDT,bid,47000,897.253
2024-09-04 03:11:31,BTCUSDT,bid,47000,897.254
2024-09-04 03:22:04,BTCUSDT,bid,47500,634.473
2024-09-04 04:02:07,BTCUSDT,bid,47000,897.257
2024-09-04 04:08:29,BTCUSDT,bid,47000,897.162
2024-09-04 04:16:11,BTCUSDT,bid,47000,897.237
2024-09-04 04:29:05,BTCUSDT,bid,47000,897.156
2024-09-04 04:29:14,BTCUSDT,bid,47000,897.237
2024-09-04 04:31:16,BTCUSDT,ask,59100,969.527
2024-09-04 04:53:16,BTCUSDT,bid,47000,897.322
2024-09-04 05:19:13,BTCUSDT,bid,47000,897.416
2024-09-04 06:31:06,BTCUSDT,bid,47000,897.436
2024-09-04 06:44:43,BTCUSDT,bid,47000,897.39
2024-09-03 07:00:02,BTCUSD_PERP,ask,59700,504.87
2024-09-03 07:01:36,BTCUSD_PERP,bid,58500,636.13
2024-09-03 07:01:36,BTCUSD_PERP,bid,58500,694.13
2024-09-03 07:03:14,BTCUSD_PERP,bid,58500,520.72
2024-09-03 07:03:15,BTCUSD_PERP,bid,58600,521.09
2024-09-03 07:03:15,BTCUSD_PERP,bid,58600,578.53
2024-09-03 07:03:15,BTCUSD_PERP,bid,58600,636.56
2024-09-03 07:03:15,BTCUSD_PERP,bid,58600,694.0
2024-09-03 07:03:15,BTCUSD_PERP,bid,58600,809.96
2024-09-03 07:08:30,BTCUSD_PERP,bid,58600,636.46
2024-09-03 07:10:42,BTCUSD_PERP,ask,59700,504.26
2024-09-03 07:10:43,BTCUSD_PERP,ask,59700,513.51
2024-09-03 07:10:43,BTCUSD_PERP,ask,59700,523.06
2024-09-03 07:10:45,BTCUSD_PERP,ask,59700,529.02
2024-09-03 07:10:52,BTCUSD_PERP,bid,58600,579.0
2024-09-03 07:10:52,BTCUSD_PERP,bid,58600,636.43
2024-09-03 07:10:53,BTCUSD_PERP,bid,58600,694.46
2024-09-03 07:10:53,BTCUSD_PERP,bid,58600,752.49
2024-09-03 07:11:04,BTCUSD_PERP,bid,58600,752.53
2024-09-03 07:11:26,BTCUSD_PERP,ask,59700,519.47
2024-09-03 07:11:27,BTCUSD_PERP,ask,59700,513.51
2024-09-03 07:11:39,BTCUSD_PERP,ask,59700,507.55
2024-09-03 07:14:33,BTCUSD_PERP,bid,58600,752.49
2024-09-03 07:17:12,BTCUSD_PERP,bid,58600,694.46
2024-09-03 07:17:12,BTCUSD_PERP,bid,58600,637.03
2024-09-03 07:17:13,BTCUSD_PERP,bid,58600,579.0
2024-09-03 07:17:13,BTCUSD_PERP,bid,58500,694.72
2024-09-03 07:17:13,BTCUSD_PERP,bid,58500,752.13
2024-09-03 07:17:56,BTCUSD_PERP,bid,58500,694.13
2024-09-03 07:17:56,BTCUSD_PERP,bid,58500,636.72
2024-09-03 07:17:57,BTCUSD_PERP,bid,58500,635.8
2024-09-03 07:17:57,BTCUSD_PERP,bid,58500,693.77
2024-09-03 07:17:57,BTCUSD_PERP,bid,58500,751.74
2024-09-03 07:18:36,BTCUSD_PERP,bid,58500,693.77
2024-09-03 07:18:36,BTCUSD_PERP,bid,58500,635.8
2024-09-03 07:18:36,BTCUSD_PERP,bid,58500,578.42
2024-09-03 07:18:38,BTCUSD_PERP,bid,58500,520.23
2024-09-03 07:18:38,BTCUSD_PERP,bid,58500,693.54
2024-09-03 07:18:38,BTCUSD_PERP,bid,58500,751.54
2024-09-03 07:19:41,BTCUSD_PERP,bid,58500,693.54
2024-09-03 07:19:41,BTCUSD_PERP,bid,58500,635.54
2024-09-03 07:19:41,BTCUSD_PERP,bid,58500,578.13
2024-09-03 07:19:42,BTCUSD_PERP,bid,58600,577.4
2024-09-03 07:19:42,BTCUSD_PERP,bid,58600,635.33
2024-09-03 07:19:43,BTCUSD_PERP,bid,58600,693.36
2024-09-03 07:19:43,BTCUSD_PERP,bid,58600,808.84
2024-09-03 07:19:43,BTCUSD_PERP,bid,58600,866.87
2024-09-03 07:19:43,BTCUSD_PERP,bid,58600,982.93
2024-09-03 07:21:36,BTCUSD_PERP,bid,58600,808.6
2024-09-03 07:21:36,BTCUSD_PERP,bid,58600,866.61
2024-09-03 07:21:48,BTCUSD_PERP,bid,58500,809.29
2024-09-03 07:21:48,BTCUSD_PERP,bid,58500,867.27
2024-09-03 07:21:58,BTCUSD_PERP,ask,59600,503.62
2024-09-03 07:22:02,BTCUSD_PERP,ask,59600,513.16
2024-09-03 07:22:03,BTCUSD_PERP,bid,58500,634.87
2024-09-03 07:22:03,BTCUSD_PERP,bid,58500,692.81
2024-09-03 07:22:26,BTCUSD_PERP,bid,58500,577.23
2024-09-03 07:22:42,BTCUSD_PERP,bid,58500,519.85
2024-09-03 07:22:45,BTCUSD_PERP,bid,58500,577.53
2024-09-03 07:22:45,BTCUSD_PERP,bid,58500,635.53
2024-09-03 07:25:37,BTCUSD_PERP,bid,58500,519.53
2024-09-03 07:25:39,BTCUSD_PERP,bid,58600,520.48
2024-09-03 07:31:14,BTCUSD_PERP,bid,58600,520.35
2024-09-03 07:31:14,BTCUSD_PERP,bid,58600,635.35
2024-09-03 07:31:15,BTCUSD_PERP,bid,58600,750.94
2024-09-03 07:31:15,BTCUSD_PERP,bid,58600,809.03
2024-09-03 07:31:15,BTCUSD_PERP,bid,58600,867.12
2024-09-03 07:31:15,BTCUSD_PERP,bid,58600,925.21
2024-09-03 07:31:15,BTCUSD_PERP,bid,58600,564.72
2024-09-03 07:31:15,BTCUSD_PERP,bid,58600,1098.89
2024-09-03 07:31:15,BTCUSD_PERP,bid,58500,515.35
2024-09-03 07:31:15,BTCUSD_PERP,bid,58600,1215.07
2024-09-03 07:31:18,BTCUSD_PERP,bid,58600,1157.57
2024-09-03 07:31:18,BTCUSD_PERP,bid,58600,694.62
2024-09-03 07:31:18,BTCUSD_PERP,bid,58600,1098.92
2024-09-03 07:31:18,BTCUSD_PERP,bid,58600,1156.39
2024-09-03 07:31:18,BTCUSD_PERP,bid,58500,564.43
2024-09-03 07:31:18,BTCUSD_PERP,bid,58600,1214.45
2024-09-03 07:32:09,BTCUSD_PERP,bid,58600,1156.98
2024-09-03 07:32:09,BTCUSD_PERP,bid,58600,1040.86
2024-09-03 07:32:09,BTCUSD_PERP,bid,58600,925.33
2024-09-03 07:32:09,BTCUSD_PERP,bid,58600,867.27
2024-09-03 07:32:09,BTCUSD_PERP,bid,58600,809.21
2024-09-03 07:32:09,BTCUSD_PERP,bid,58600,693.09
2024-09-03 07:32:09,BTCUSD_PERP,bid,58600,635.62
2024-09-03 07:32:10,BTCUSD_PERP,bid,58600,577.66
2024-09-03 07:32:10,BTCUSD_PERP,bid,58600,520.19
2024-09-03 07:32:10,BTCUSD_PERP,bid,58600,520.95
2024-09-03 07:32:10,BTCUSD_PERP,bid,58600,636.54
2024-09-03 07:32:10,BTCUSD_PERP,bid,58600,694.63
2024-09-03 07:32:10,BTCUSD_PERP,bid,58600,810.23
2024-09-03 07:32:10,BTCUSD_PERP,bid,58600,564.81
2024-09-03 07:32:10,BTCUSD_PERP,bid,58600,867.73
2024-09-03 07:32:11,BTCUSD_PERP,bid,58600,983.32
2024-09-03 07:32:11,BTCUSD_PERP,bid,58600,1041.41
2024-09-03 07:32:12,BTCUSD_PERP,bid,58600,1042.64
2024-09-03 07:32:13,BTCUSD_PERP,bid,58600,1044.73
2024-09-03 07:32:13,BTCUSD_PERP,bid,58600,1058.79
2024-09-03 07:33:39,BTCUSD_PERP,bid,58600,1057.56
2024-09-03 07:34:13,BTCUSD_PERP,bid,58600,1043.5
2024-09-03 07:34:15,BTCUSD_PERP,bid,58600,1041.41
2024-09-03 07:35:07,BTCUSD_PERP,bid,58600,520.46
2024-09-03 07:35:07,BTCUSD_PERP,bid,58600,578.83
2024-09-03 07:38:31,BTCUSD_PERP,bid,58500,520.74
2024-09-03 07:38:31,BTCUSD_PERP,bid,58500,578.15
2024-09-03 07:38:31,BTCUSD_PERP,bid,58500,636.15
2024-09-03 07:38:32,BTCUSD_PERP,bid,58500,693.56
2024-09-03 07:39:45,BTCUSD_PERP,bid,58500,635.56
2024-09-03 07:39:46,BTCUSD_PERP,bid,58500,520.74
2024-09-03 07:39:47,BTCUSD_PERP,bid,58600,578.03
2024-09-03 07:39:47,BTCUSD_PERP,bid,58600,635.48
2024-09-03 07:39:47,BTCUSD_PERP,bid,58600,693.42
2024-09-03 07:40:40,BTCUSD_PERP,bid,58600,635.05
2024-09-03 07:40:40,BTCUSD_PERP,bid,58600,693.06
2024-09-03 07:44:48,BTCUSD_PERP,bid,58600,635.97
2024-09-03 07:44:48,BTCUSD_PERP,bid,58600,693.42
2024-09-03 07:44:48,BTCUSD_PERP,bid,58600,751.46
2024-09-03 07:50:00,BTCUSD_PERP,bid,58600,578.03
2024-09-03 07:50:00,BTCUSD_PERP,bid,58600,519.99
2024-09-03 07:50:01,BTCUSD_PERP,bid,58600,520.15
2024-09-03 07:50:01,BTCUSD_PERP,bid,58600,578.22
2024-09-03 07:50:02,BTCUSD_PERP,bid,58600,636.29
2024-09-03 07:50:02,BTCUSD_PERP,bid,58600,693.77
2024-09-03 07:50:02,BTCUSD_PERP,bid,58600,751.84
2024-09-03 07:50:20,BTCUSD_PERP,bid,58600,751.88
2024-09-03 07:53:46,BTCUSD_PERP,bid,58600,751.84
2024-09-03 07:55:28,BTCUSD_PERP,bid,58600,578.52
2024-09-03 07:55:28,BTCUSD_PERP,bid,58600,694.13
2024-09-03 07:55:28,BTCUSD_PERP,bid,58600,752.23
2024-09-03 07:55:42,BTCUSD_PERP,bid,58600,579.12
2024-09-03 07:55:42,BTCUSD_PERP,bid,58700,694.5
2024-09-03 07:55:42,BTCUSD_PERP,bid,58700,752.63
2024-09-03 07:59:36,BTCUSD_PERP,bid,58700,694.86
2024-09-03 07:59:36,BTCUSD_PERP,bid,58700,753.02
2024-09-03 08:04:43,BTCUSD_PERP,bid,58700,695.45
2024-09-03 08:04:43,BTCUSD_PERP,bid,58700,579.72
2024-09-03 08:06:42,BTCUSD_PERP,bid,58800,539.22
2024-09-03 08:06:42,BTCUSD_PERP,bid,58800,597.46
2024-09-03 08:07:11,BTCUSD_PERP,bid,58800,583.37
2024-09-03 08:07:11,BTCUSD_PERP,bid,58800,581.26
2024-09-03 08:07:13,BTCUSD_PERP,bid,58800,580.03
2024-09-03 08:07:24,BTCUSD_PERP,bid,58800,522.65
2024-09-03 08:08:04,BTCUSD_PERP,bid,58800,522.65
2024-09-03 08:16:56,BTCUSD_PERP,ask,59900,503.59
2024-09-03 08:16:57,BTCUSD_PERP,ask,59900,513.17
2024-09-03 08:16:58,BTCUSD_PERP,ask,59900,532.93
2024-09-03 08:16:58,BTCUSD_PERP,ask,59900,538.91
2024-09-03 08:17:44,BTCUSD_PERP,ask,59900,532.93
2024-09-03 08:17:45,BTCUSD_PERP,ask,59900,523.36
2024-09-03 08:17:46,BTCUSD_PERP,ask,59900,513.79
2024-09-03 08:17:46,BTCUSD_PERP,ask,59900,504.22
2024-09-03 08:28:32,BTCUSD_PERP,bid,58700,521.84
2024-09-03 08:28:32,BTCUSD_PERP,bid,58700,580.02
2024-09-03 08:28:32,BTCUSD_PERP,bid,58700,696.38
2024-09-03 08:28:32,BTCUSD_PERP,bid,58700,812.64
2024-09-03 08:28:32,BTCUSD_PERP,bid,58700,929.0
2024-09-03 08:28:33,BTCUSD_PERP,bid,58700,1044.18
2024-09-03 08:50:04,BTCUSD_PERP,bid,58700,694.84
2024-09-03 08:50:31,BTCUSD_PERP,bid,58700,520.83
2024-09-03 08:50:53,BTCUSD_PERP,bid,58800,523.64
2024-09-03 08:50:53,BTCUSD_PERP,bid,58800,581.9
2024-09-03 08:53:20,BTCUSD_PERP,bid,58800,525.19
2024-09-03 08:53:23,BTCUSD_PERP,bid,58800,523.92
2024-09-03 08:56:21,BTCUSD_PERP,bid,58800,581.91
2024-09-03 08:59:13,BTCUSD_PERP,bid,58800,523.65
2024-09-03 09:03:54,BTCUSD_PERP,ask,68400,1990.39
2024-09-03 09:04:17,BTCUSD_PERP,bid,58900,524.22
2024-09-03 09:04:18,BTCUSD_PERP,bid,58900,582.01
2024-09-03 09:05:02,BTCUSD_PERP,bid,58900,523.63
2024-09-03 09:05:10,BTCUSD_PERP,bid,58900,640.45
2024-09-03 09:05:17,BTCUSD_PERP,bid,58900,523.6
2024-09-03 09:05:50,BTCUSD_PERP,bid,58900,522.11
2024-09-03 09:05:50,BTCUSD_PERP,bid,58900,579.85
2024-09-03 09:05:50,BTCUSD_PERP,bid,58900,638.19
2024-09-03 09:05:50,BTCUSD_PERP,bid,58900,696.42
2024-09-03 09:05:51,BTCUSD_PERP,bid,58900,754.76
2024-09-03 09:05:51,BTCUSD_PERP,bid,58900,813.1
2024-09-03 09:05:51,BTCUSD_PERP,bid,58900,871.44
2024-09-03 09:05:51,BTCUSD_PERP,bid,58900,929.78
2024-09-03 09:06:30,BTCUSD_PERP,bid,58900,871.44
2024-09-03 09:06:30,BTCUSD_PERP,bid,58900,813.1
2024-09-03 09:06:30,BTCUSD_PERP,bid,58900,697.01
2024-09-03 09:06:30,BTCUSD_PERP,bid,58900,639.26
2024-09-03 09:06:30,BTCUSD_PERP,bid,58900,580.92
2024-09-03 09:06:31,BTCUSD_PERP,bid,58900,522.97
2024-09-03 09:06:31,BTCUSD_PERP,bid,58900,581.34
2024-09-03 09:06:31,BTCUSD_PERP,bid,58900,697.48
2024-09-03 09:06:31,BTCUSD_PERP,bid,58900,755.26
2024-09-03 09:06:31,BTCUSD_PERP,bid,58900,813.53
2024-09-03 09:06:31,BTCUSD_PERP,bid,58900,871.9
2024-09-03 09:07:29,BTCUSD_PERP,bid,58900,639.01
2024-09-03 09:07:29,BTCUSD_PERP,bid,58900,581.24
2024-09-03 09:07:30,BTCUSD_PERP,bid,58900,523.46
2024-09-03 09:07:30,BTCUSD_PERP,bid,58900,523.23
2024-09-03 09:07:30,BTCUSD_PERP,bid,58900,581.63
2024-09-03 09:07:30,BTCUSD_PERP,bid,58900,697.84
2024-09-03 09:07:31,BTCUSD_PERP,bid,58900,756.24
2024-09-03 09:07:31,BTCUSD_PERP,bid,58900,988.56
2024-09-03 09:09:38,BTCUSD_PERP,bid,58900,872.94
2024-09-03 09:09:38,BTCUSD_PERP,bid,58900,756.73
2024-09-03 09:09:38,BTCUSD_PERP,bid,58900,698.93
2024-09-03 09:09:38,BTCUSD_PERP,bid,58900,640.53
2024-09-03 09:09:39,BTCUSD_PERP,bid,58900,582.72
2024-09-03 09:09:39,BTCUSD_PERP,bid,58900,524.32
2024-09-03 09:10:42,BTCUSD_PERP,bid,59100,583.49
2024-09-03 09:10:42,BTCUSD_PERP,bid,59100,642.03
2024-09-03 09:10:42,BTCUSD_PERP,bid,59100,759.11
2024-09-03 09:10:42,BTCUSD_PERP,bid,59100,759.15
2024-09-03 09:10:48,BTCUSD_PERP,bid,59100,701.21
2024-09-03 09:10:48,BTCUSD_PERP,bid,59100,584.73
2024-09-03 09:10:54,BTCUSD_PERP,bid,59100,642.07
2024-09-03 09:11:02,BTCUSD_PERP,bid,59100,640.56
2024-09-03 09:11:02,BTCUSD_PERP,bid,59100,699.07
2024-09-03 09:11:15,BTCUSD_PERP,bid,59100,640.56
2024-09-03 09:11:15,BTCUSD_PERP,bid,59100,582.05
2024-09-03 09:11:16,BTCUSD_PERP,bid,59000,523.27
2024-09-03 09:11:30,BTCUSD_PERP,bid,59100,524.32
2024-09-03 09:11:30,BTCUSD_PERP,bid,59100,641.36
2024-09-03 09:11:30,BTCUSD_PERP,bid,59100,699.29
2024-09-03 09:11:30,BTCUSD_PERP,bid,59100,757.81
2024-09-03 09:11:30,BTCUSD_PERP,bid,59100,816.33
2024-09-03 09:11:58,BTCUSD_PERP,bid,59100,757.81
2024-09-03 09:11:58,BTCUSD_PERP,bid,59100,699.88
2024-09-03 09:11:58,BTCUSD_PERP,bid,59000,815.24
2024-09-03 09:11:58,BTCUSD_PERP,bid,59000,873.72
2024-09-03 09:12:35,BTCUSD_PERP,bid,59000,698.28
2024-09-03 09:12:35,BTCUSD_PERP,bid,59000,581.9
2024-09-03 09:12:35,BTCUSD_PERP,bid,59000,524.0
2024-09-03 09:12:37,BTCUSD_PERP,bid,59100,523.77
2024-09-03 09:12:37,BTCUSD_PERP,bid,59100,582.3
2024-09-03 09:12:55,BTCUSD_PERP,bid,59100,583.69
2024-09-03 09:12:55,BTCUSD_PERP,bid,59100,700.21
2024-09-03 09:12:55,BTCUSD_PERP,bid,59100,758.77
2024-09-03 09:13:05,BTCUSD_PERP,bid,59100,700.81
2024-09-03 09:13:05,BTCUSD_PERP,bid,59100,642.25
2024-09-03 09:13:05,BTCUSD_PERP,bid,59100,525.13
2024-09-03 09:13:34,BTCUSD_PERP,bid,59200,526.22
2024-09-03 09:14:05,BTCUSD_PERP,bid,59200,584.41
2024-09-03 09:14:26,BTCUSD_PERP,bid,59200,526.33
2024-09-03 09:15:06,BTCUSD_PERP,bid,59200,525.73
2024-09-03 09:15:19,BTCUSD_PERP,bid,47000,2435.45
2024-09-03 09:16:44,BTCUSD_PERP,bid,59200,585.02
2024-09-03 09:16:44,BTCUSD_PERP,bid,59200,701.69
2024-09-03 09:17:45,BTCUSD_PERP,bid,59200,525.28
2024-09-03 09:17:52,BTCUSD_PERP,bid,59300,584.62
2024-09-03 09:18:05,BTCUSD_PERP,bid,59200,584.9
2024-09-03 09:18:09,BTCUSD_PERP,bid,59200,643.25
2024-09-03 09:18:09,BTCUSD_PERP,bid,59200,701.9
2024-09-03 09:19:02,BTCUSD_PERP,bid,59200,526.55
2024-09-03 09:19:02,BTCUSD_PERP,bid,59200,642.93
2024-09-03 09:19:02,BTCUSD_PERP,bid,59200,701.55
2024-09-03 09:20:44,BTCUSD_PERP,bid,59200,643.53
2024-09-03 09:20:44,BTCUSD_PERP,bid,59100,656.82
2024-09-03 09:20:45,BTCUSD_PERP,bid,59100,715.41
2024-09-03 09:22:06,BTCUSD_PERP,bid,59100,598.23
2024-09-03 09:24:09,BTCUSD_PERP,ask,60300,504.68
2024-09-03 09:27:03,BTCUSD_PERP,bid,59100,525.4
2024-09-03 09:27:03,BTCUSD_PERP,bid,59100,583.92
2024-09-03 09:30:42,BTCUSD_PERP,bid,59100,525.48
2024-09-03 09:30:42,BTCUSD_PERP,bid,59100,641.92
2024-09-03 09:30:42,BTCUSD_PERP,bid,59100,699.85
2024-09-03 09:30:42,BTCUSD_PERP,bid,59100,758.37
2024-09-03 09:30:42,BTCUSD_PERP,bid,59000,510.88
2024-09-03 09:30:43,BTCUSD_PERP,bid,59100,816.89
2024-09-03 09:31:14,BTCUSD_PERP,bid,59100,758.37
2024-09-03 09:31:14,BTCUSD_PERP,bid,59100,583.41
2024-09-03 09:31:14,BTCUSD_PERP,bid,59100,525.48
2024-09-03 09:33:30,BTCUSD_PERP,bid,59100,525.17
2024-09-03 09:33:30,BTCUSD_PERP,bid,59100,641.68
2024-09-03 09:33:39,BTCUSD_PERP,bid,59100,583.42
2024-09-03 09:33:39,BTCUSD_PERP,bid,59000,510.89
2024-09-03 09:35:20,BTCUSD_PERP,bid,59000,757.97
2024-09-03 09:35:20,BTCUSD_PERP,bid,59000,510.62
2024-09-03 09:35:20,BTCUSD_PERP,bid,59000,816.46
2024-09-03 09:36:23,BTCUSD_PERP,bid,59000,699.48
2024-09-03 09:36:23,BTCUSD_PERP,bid,59000,699.73
2024-09-03 09:36:23,BTCUSD_PERP,bid,59000,758.19
2024-09-03 09:37:31,BTCUSD_PERP,ask,60100,556.47
2024-09-03 09:37:34,BTCUSD_PERP,ask,60100,566.08
2024-09-03 09:37:36,BTCUSD_PERP,ask,60100,560.13
2024-09-03 09:37:36,BTCUSD_PERP,ask,60100,566.13
2024-09-03 09:38:20,BTCUSD_PERP,ask,60100,556.61
2024-09-03 09:38:21,BTCUSD_PERP,ask,60100,550.66
2024-09-03 09:38:22,BTCUSD_PERP,ask,60100,541.14
2024-09-03 09:38:24,BTCUSD_PERP,ask,60100,531.53
2024-09-03 09:38:35,BTCUSD_PERP,ask,60100,521.92
2024-09-03 09:38:38,BTCUSD_PERP,ask,60100,502.27
2024-09-03 09:42:38,BTCUSD_PERP,bid,58900,522.0
2024-09-03 09:42:38,BTCUSD_PERP,bid,58900,580.33
2024-09-03 09:44:29,BTCUSD_PERP,bid,58900,522.59
2024-09-03 09:45:52,BTCUSD_PERP,bid,58900,514.94
2024-09-03 09:45:53,BTCUSD_PERP,bid,58900,631.62
2024-09-03 09:45:53,BTCUSD_PERP,bid,58900,689.85
2024-09-03 09:45:53,BTCUSD_PERP,bid,58900,747.6
2024-09-03 09:45:53,BTCUSD_PERP,bid,58900,805.94
2024-09-03 09:49:57,BTCUSD_PERP,bid,58900,524.03
2024-09-03 09:49:57,BTCUSD_PERP,bid,58900,639.59
2024-09-03 09:53:18,BTCUSD_PERP,ask,60000,542.72
2024-09-03 09:53:25,BTCUSD_PERP,ask,60000,536.78
2024-09-03 09:53:30,BTCUSD_PERP,ask,60000,530.84
2024-09-03 09:53:43,BTCUSD_PERP,bid,58800,870.76
2024-09-03 09:53:43,BTCUSD_PERP,bid,58800,987.23
2024-09-03 09:53:43,BTCUSD_PERP,bid,58800,1045.52
2024-09-03 09:56:41,BTCUSD_PERP,bid,58800,638.28
2024-09-03 09:56:41,BTCUSD_PERP,bid,58800,1044.26
2024-09-03 09:57:03,BTCUSD_PERP,bid,58800,870.69
2024-09-03 09:57:03,BTCUSD_PERP,bid,58800,754.78
2024-09-03 09:57:03,BTCUSD_PERP,bid,58800,696.53
2024-09-03 09:57:03,BTCUSD_PERP,bid,58800,580.03
2024-09-03 09:57:04,BTCUSD_PERP,bid,58800,521.78
2024-09-03 09:57:04,BTCUSD_PERP,bid,58800,522.75
2024-09-03 09:57:04,BTCUSD_PERP,bid,58800,638.61
2024-09-03 09:57:04,BTCUSD_PERP,bid,58800,754.58
2024-09-03 09:57:04,BTCUSD_PERP,bid,58800,812.86
2024-09-03 09:57:20,BTCUSD_PERP,bid,58800,696.89
2024-09-03 09:57:20,BTCUSD_PERP,bid,58800,639.2
2024-09-03 09:57:20,BTCUSD_PERP,bid,58800,523.23
2024-09-03 09:58:04,BTCUSD_PERP,bid,58800,638.05
2024-09-03 10:01:33,BTCUSD_PERP,bid,58800,579.83
2024-09-03 10:01:33,BTCUSD_PERP,bid,58700,521.94
2024-09-03 10:01:33,BTCUSD_PERP,bid,58700,579.54
2024-09-03 10:02:32,BTCUSD_PERP,bid,58800,522.21
2024-09-03 10:02:32,BTCUSD_PERP,bid,58800,580.43
2024-09-03 10:02:32,BTCUSD_PERP,bid,58800,638.06
2024-09-03 10:02:32,BTCUSD_PERP,bid,58800,695.69
2024-09-03 10:02:33,BTCUSD_PERP,bid,58800,753.32
2024-09-03 10:02:33,BTCUSD_PERP,bid,58800,811.54
2024-09-03 10:04:48,BTCUSD_PERP,ask,59900,509.39
2024-09-03 10:04:50,BTCUSD_PERP,ask,59900,518.97
2024-09-03 10:04:50,BTCUSD_PERP,ask,59900,528.55
2024-09-03 10:04:51,BTCUSD_PERP,ask,59900,538.13
2024-09-03 10:04:51,BTCUSD_PERP,ask,59900,567.46
2024-09-03 10:04:54,BTCUSD_PERP,ask,59900,577.04
2024-09-03 10:05:44,BTCUSD_PERP,ask,59900,567.47
2024-09-03 10:05:44,BTCUSD_PERP,ask,59900,557.89
2024-09-03 10:05:45,BTCUSD_PERP,ask,59900,548.31
2024-09-03 10:05:46,BTCUSD_PERP,ask,59900,542.33
2024-09-03 10:05:50,BTCUSD_PERP,ask,59900,532.75
2024-09-03 10:05:51,BTCUSD_PERP,ask,59900,523.17
2024-09-03 10:05:51,BTCUSD_PERP,ask,59900,513.59
2024-09-03 10:05:51,BTCUSD_PERP,ask,59900,504.01
2024-09-03 10:08:05,BTCUSD_PERP,bid,58800,522.21
2024-09-03 10:08:05,BTCUSD_PERP,bid,58700,637.15
2024-09-03 10:08:05,BTCUSD_PERP,bid,58700,695.34
2024-09-03 10:08:05,BTCUSD_PERP,bid,58700,753.53
2024-09-03 10:08:58,BTCUSD_PERP,bid,58700,637.4
2024-09-03 10:08:58,BTCUSD_PERP,bid,58700,695.56
2024-09-03 10:10:27,BTCUSD_PERP,bid,58700,637.4
2024-09-03 10:10:27,BTCUSD_PERP,bid,58700,579.24
2024-09-03 10:10:27,BTCUSD_PERP,bid,58700,521.08
2024-09-03 10:10:28,BTCUSD_PERP,bid,58700,521.94
2024-09-03 10:10:28,BTCUSD_PERP,bid,58700,638.32
2024-09-03 10:10:28,BTCUSD_PERP,bid,58700,754.11
2024-09-03 10:10:29,BTCUSD_PERP,bid,58700,811.71
2024-09-03 10:12:57,BTCUSD_PERP,ask,59900,517.15
2024-09-03 10:12:58,BTCUSD_PERP,ask,59900,526.72
2024-09-03 10:16:42,BTCUSD_PERP,bid,58700,815.83
2024-09-03 10:18:48,BTCUSD_PERP,bid,58700,811.71
2024-09-03 10:18:54,BTCUSD_PERP,ask,59900,504.23
2024-09-03 10:18:54,BTCUSD_PERP,ask,59900,510.21
2024-09-03 10:19:21,BTCUSD_PERP,bid,58700,753.52
2024-09-03 10:19:21,BTCUSD_PERP,bid,58700,579.54
2024-09-03 10:19:21,BTCUSD_PERP,bid,58700,521.35
2024-09-03 10:19:22,BTCUSD_PERP,bid,58800,522.81
2024-09-03 10:19:22,BTCUSD_PERP,bid,58800,580.44
2024-09-03 10:19:22,BTCUSD_PERP,bid,58800,638.66
2024-09-03 10:19:22,BTCUSD_PERP,bid,58800,696.29
2024-09-03 10:19:23,BTCUSD_PERP,bid,58800,869.77
2024-09-03 10:21:53,BTCUSD_PERP,bid,58800,811.55
2024-09-03 10:21:53,BTCUSD_PERP,bid,58800,753.33
2024-09-03 10:21:53,BTCUSD_PERP,bid,58700,811.71
2024-09-03 10:21:53,BTCUSD_PERP,bid,58700,869.32
2024-09-03 10:24:27,BTCUSD_PERP,bid,58700,754.12
2024-09-03 10:24:28,BTCUSD_PERP,bid,58700,695.93
2024-09-03 10:24:28,BTCUSD_PERP,bid,58700,637.74
2024-09-03 10:24:28,BTCUSD_PERP,bid,58700,521.08
2024-09-03 10:24:28,BTCUSD_PERP,bid,58700,578.66
2024-09-03 10:24:28,BTCUSD_PERP,bid,58700,636.23
2024-09-03 10:24:28,BTCUSD_PERP,bid,58700,694.39
2024-09-03 10:24:29,BTCUSD_PERP,bid,58700,752.55
2024-09-03 10:24:29,BTCUSD_PERP,bid,58700,868.87
2024-09-03 10:24:56,BTCUSD_PERP,ask,59900,504.56
2024-09-03 10:24:57,BTCUSD_PERP,ask,59900,514.13
2024-09-03 10:24:58,BTCUSD_PERP,ask,59900,520.11
2024-09-03 10:25:01,BTCUSD_PERP,ask,59900,529.68
2024-09-03 10:25:01,BTCUSD_PERP,ask,59900,539.25
2024-09-03 10:25:02,BTCUSD_PERP,ask,59900,548.82
2024-09-03 10:25:03,BTCUSD_PERP,ask,59900,558.39
2024-09-03 10:25:33,BTCUSD_PERP,bid,58700,694.5
2024-09-03 10:25:33,BTCUSD_PERP,bid,58700,810.15
2024-09-03 10:25:33,BTCUSD_PERP,bid,58700,868.27
2024-09-03 10:25:34,BTCUSD_PERP,ask,59900,552.41
2024-09-03 10:28:18,BTCUSD_PERP,bid,58600,752.23
2024-09-03 10:28:18,BTCUSD_PERP,bid,58600,810.32
2024-09-03 10:28:52,BTCUSD_PERP,bid,58600,982.8
2024-09-03 10:28:52,BTCUSD_PERP,bid,58500,520.94
2024-09-03 10:28:52,BTCUSD_PERP,bid,58600,1040.86
2024-09-03 10:32:08,BTCUSD_PERP,bid,58600,924.74
2024-09-03 10:32:08,BTCUSD_PERP,bid,58600,809.21
2024-09-03 10:32:08,BTCUSD_PERP,bid,58600,751.15
2024-09-03 10:32:09,BTCUSD_PERP,bid,58600,693.09
2024-09-03 10:32:09,BTCUSD_PERP,bid,58600,635.62
2024-09-03 10:32:09,BTCUSD_PERP,bid,58600,577.56
2024-09-03 10:32:09,BTCUSD_PERP,bid,58600,521.72
2024-09-03 10:32:09,BTCUSD_PERP,bid,58600,520.09
2024-09-03 10:32:09,BTCUSD_PERP,bid,58600,636.74
2024-09-03 10:32:09,BTCUSD_PERP,bid,58600,694.25
2024-09-03 10:32:09,BTCUSD_PERP,bid,58600,752.35
2024-09-03 10:32:09,BTCUSD_PERP,bid,58600,926.65
2024-09-03 10:32:10,BTCUSD_PERP,bid,58600,984.65
2024-09-03 10:32:10,BTCUSD_PERP,bid,58600,1042.16
2024-09-03 10:32:10,BTCUSD_PERP,bid,58600,1099.67
2024-09-03 10:32:10,BTCUSD_PERP,bid,58600,1157.77
2024-09-03 10:32:27,BTCUSD_PERP,bid,47300,2366.65
2024-09-03 10:32:47,BTCUSD_PERP,bid,47300,2366.65
2024-09-03 10:33:07,BTCUSD_PERP,bid,47300,2366.65
2024-09-03 10:37:36,BTCUSD_PERP,bid,58600,1099.67
2024-09-03 10:37:36,BTCUSD_PERP,bid,58600,694.74
2024-09-03 10:37:36,BTCUSD_PERP,bid,58600,1157.17
2024-09-03 10:37:36,BTCUSD_PERP,bid,58600,1215.24
2024-09-03 10:37:36,BTCUSD_PERP,bid,58600,564.53
2024-09-03 10:43:18,BTCUSD_PERP,ask,59700,537.13
2024-09-03 10:43:32,BTCUSD_PERP,ask,59700,546.68
2024-09-03 10:43:33,BTCUSD_PERP,ask,59700,552.65
2024-09-03 10:43:36,BTCUSD_PERP,ask,59700,558.62
2024-09-03 10:43:39,BTCUSD_PERP,ask,59700,568.17
2024-09-03 10:43:43,BTCUSD_PERP,ask,59700,577.72
2024-09-03 10:44:08,BTCUSD_PERP,ask,59700,587.27
2024-09-03 10:44:11,BTCUSD_PERP,ask,59700,577.72
2024-09-03 10:44:12,BTCUSD_PERP,ask,59700,568.17
2024-09-03 10:44:14,BTCUSD_PERP,ask,59700,558.62
2024-09-03 10:44:14,BTCUSD_PERP,ask,59700,549.07
2024-09-03 10:44:14,BTCUSD_PERP,ask,59700,543.1
2024-09-03 10:44:16,BTCUSD_PERP,ask,59700,533.55
2024-09-03 10:44:32,BTCUSD_PERP,ask,59700,524.0
2024-09-03 10:44:39,BTCUSD_PERP,ask,59700,514.45
2024-09-03 10:44:43,BTCUSD_PERP,ask,59700,504.9
2024-09-03 10:47:42,BTCUSD_PERP,bid,58600,1157.17
2024-09-03 10:51:26,BTCUSD_PERP,bid,58600,751.86
2024-09-03 10:52:24,BTCUSD_PERP,bid,58600,579.31
2024-09-03 10:52:25,BTCUSD_PERP,bid,58600,637.37
2024-09-03 10:52:25,BTCUSD_PERP,bid,58600,694.84
2024-09-03 10:52:25,BTCUSD_PERP,bid,58600,752.31
2024-09-03 10:52:25,BTCUSD_PERP,bid,58600,809.77
2024-09-03 10:54:03,BTCUSD_PERP,bid,58600,693.25
2024-09-03 10:54:12,BTCUSD_PERP,ask,59700,502.23
2024-09-03 10:54:13,BTCUSD_PERP,ask,59700,511.77
2024-09-03 10:54:18,BTCUSD_PERP,ask,59700,521.32
2024-09-03 10:54:18,BTCUSD_PERP,ask,59700,530.87
2024-09-03 10:54:20,BTCUSD_PERP,ask,59700,540.42
2024-09-03 10:54:21,BTCUSD_PERP,ask,59700,546.39
2024-09-03 10:54:22,BTCUSD_PERP,ask,59700,555.94
2024-09-03 10:54:23,BTCUSD_PERP,ask,59700,575.34
2024-09-03 10:54:27,BTCUSD_PERP,ask,59700,581.31
2024-09-03 10:54:47,BTCUSD_PERP,ask,59700,601.01
2024-09-03 10:54:50,BTCUSD_PERP,ask,59700,610.56
2024-09-03 10:54:54,BTCUSD_PERP,ask,59700,620.11
2024-09-03 10:54:58,BTCUSD_PERP,ask,59700,629.66
2024-09-03 10:55:00,BTCUSD_PERP,ask,59700,635.62
2024-09-03 10:55:01,BTCUSD_PERP,ask,59700,641.58
2024-09-03 10:55:12,BTCUSD_PERP,ask,59700,632.33
2024-09-03 10:55:13,BTCUSD_PERP,ask,59700,622.79
2024-09-03 10:55:18,BTCUSD_PERP,ask,59700,613.24
2024-09-03 10:55:19,BTCUSD_PERP,ask,59700,603.69
2024-09-03 10:55:20,BTCUSD_PERP,ask,59700,594.14
2024-09-03 10:55:22,BTCUSD_PERP,ask,59700,588.17
2024-09-03 10:55:23,BTCUSD_PERP,ask,59700,578.62
2024-09-03 10:55:23,BTCUSD_PERP,ask,59700,569.07
2024-09-03 10:55:51,BTCUSD_PERP,ask,59700,559.52
2024-09-03 10:55:53,BTCUSD_PERP,ask,59700,539.82
2024-09-03 10:55:54,BTCUSD_PERP,ask,59700,530.27
2024-09-03 10:55:55,BTCUSD_PERP,ask,59700,520.42
2024-09-03 10:55:58,BTCUSD_PERP,ask,59700,510.87
2024-09-03 10:55:59,BTCUSD_PERP,ask,59700,504.9
2024-09-03 11:00:17,BTCUSD_PERP,bid,58600,520.59
2024-09-03 11:07:34,BTCUSD_PERP,bid,58500,924.1
2024-09-03 11:07:34,BTCUSD_PERP,bid,58500,982.08
2024-09-03 11:07:39,BTCUSD_PERP,ask,59700,543.58
2024-09-03 11:07:59,BTCUSD_PERP,ask,59700,524.07
2024-09-03 11:08:06,BTCUSD_PERP,ask,59700,504.56
2024-09-03 11:11:21,BTCUSD_PERP,bid,58500,924.1
2024-09-03 11:11:21,BTCUSD_PERP,bid,58500,866.12
2024-09-03 11:11:21,BTCUSD_PERP,bid,58500,750.16
2024-09-03 11:11:21,BTCUSD_PERP,bid,58500,692.76
2024-09-03 11:11:21,BTCUSD_PERP,bid,58500,634.78
2024-09-03 11:11:21,BTCUSD_PERP,bid,58500,519.4
2024-09-03 11:11:22,BTCUSD_PERP,bid,58600,577.8
2024-09-03 11:11:22,BTCUSD_PERP,bid,58600,635.83
2024-09-03 11:11:22,BTCUSD_PERP,bid,58600,693.27
2024-09-03 11:11:22,BTCUSD_PERP,bid,58600,808.74
2024-09-03 11:11:23,BTCUSD_PERP,bid,58600,866.18
2024-09-03 11:11:23,BTCUSD_PERP,bid,58600,924.21
2024-09-03 11:11:23,BTCUSD_PERP,bid,58600,982.24
2024-09-03 11:16:52,BTCUSD_PERP,bid,58600,924.81
2024-09-03 11:17:06,BTCUSD_PERP,bid,58600,866.78
2024-09-03 11:17:06,BTCUSD_PERP,bid,58600,808.75
2024-09-03 11:17:06,BTCUSD_PERP,bid,58600,692.8
2024-09-03 11:17:06,BTCUSD_PERP,bid,58600,577.34
2024-09-03 11:17:06,BTCUSD_PERP,bid,58600,519.9
2024-09-03 11:17:07,BTCUSD_PERP,bid,58600,521.33
2024-09-03 11:17:07,BTCUSD_PERP,bid,58600,636.26
2024-09-03 11:17:07,BTCUSD_PERP,bid,58600,751.78
2024-09-03 11:17:07,BTCUSD_PERP,bid,58600,809.25
2024-09-03 11:17:07,BTCUSD_PERP,bid,58600,867.31
2024-09-03 11:17:08,BTCUSD_PERP,bid,58600,925.37
2024-09-03 11:21:48,BTCUSD_PERP,bid,58600,578.8
2024-09-03 11:21:48,BTCUSD_PERP,bid,58600,866.78
2024-09-03 11:21:48,BTCUSD_PERP,bid,58600,924.81
2024-09-03 11:23:34,BTCUSD_PERP,ask,59700,511.11
2024-09-03 11:24:49,BTCUSD_PERP,bid,58600,520.97
2024-09-03 11:24:50,BTCUSD_PERP,bid,58500,808.33
2024-09-03 11:24:50,BTCUSD_PERP,bid,58500,866.33
2024-09-03 11:28:15,BTCUSD_PERP,bid,58500,750.93
2024-09-03 11:28:15,BTCUSD_PERP,bid,58500,692.93
2024-09-03 11:28:16,BTCUSD_PERP,bid,58500,577.52
2024-09-03 11:28:16,BTCUSD_PERP,bid,58500,520.11
2024-09-03 11:28:16,BTCUSD_PERP,bid,58600,577.59
2024-09-03 11:28:17,BTCUSD_PERP,bid,58600,635.62
2024-09-03 11:28:17,BTCUSD_PERP,bid,58600,751.68
2024-09-03 11:28:17,BTCUSD_PERP,bid,58600,809.71
2024-09-03 11:31:27,BTCUSD_PERP,bid,58600,693.75
2024-09-03 11:31:27,BTCUSD_PERP,bid,58600,809.79
2024-09-03 11:31:27,BTCUSD_PERP,bid,58600,867.26
2024-09-03 11:31:27,BTCUSD_PERP,bid,58600,925.32
2024-09-03 11:32:03,BTCUSD_PERP,bid,58600,635.12
2024-09-03 11:32:03,BTCUSD_PERP,bid,58600,925.21
2024-09-03 11:32:04,BTCUSD_PERP,bid,58600,983.3
2024-09-03 11:32:54,BTCUSD_PERP,bid,58600,925.8
2024-09-03 11:35:33,BTCUSD_PERP,bid,58600,867.71
2024-09-03 11:35:33,BTCUSD_PERP,bid,58600,752.12
2024-09-03 11:35:33,BTCUSD_PERP,bid,58600,636.04
2024-09-03 11:35:34,BTCUSD_PERP,bid,58700,578.74
2024-09-03 11:35:34,BTCUSD_PERP,bid,58700,636.86
2024-09-03 11:35:35,BTCUSD_PERP,bid,58700,753.1
2024-09-03 11:35:35,BTCUSD_PERP,bid,58700,810.63
2024-09-03 11:35:35,BTCUSD_PERP,bid,58700,868.16
2024-09-03 11:35:35,BTCUSD_PERP,bid,58700,926.28
2024-09-03 11:48:52,BTCUSD_PERP,ask,59800,509.41
2024-09-03 11:48:52,BTCUSD_PERP,ask,59800,515.38
2024-09-03 11:49:32,BTCUSD_PERP,ask,59800,509.41
2024-09-03 11:49:35,BTCUSD_PERP,ask,59800,503.44
2024-09-03 11:50:19,BTCUSD_PERP,bid,58700,868.16
2024-09-03 11:50:19,BTCUSD_PERP,bid,58700,752.51
2024-09-03 11:50:20,BTCUSD_PERP,bid,58700,694.98
2024-09-03 11:50:20,BTCUSD_PERP,bid,58700,637.45
2024-09-03 11:50:20,BTCUSD_PERP,bid,58700,521.8
2024-09-03 11:50:20,BTCUSD_PERP,bid,58600,512.38
2024-09-03 11:50:20,BTCUSD_PERP,bid,58600,570.47
2024-09-03 11:50:42,BTCUSD_PERP,bid,58600,520.67
2024-09-03 11:50:42,BTCUSD_PERP,bid,58600,809.79
2024-09-03 11:50:43,BTCUSD_PERP,bid,58600,867.85
2024-09-03 11:52:58,BTCUSD_PERP,bid,58600,809.37
2024-09-03 11:52:58,BTCUSD_PERP,bid,58600,867.4
2024-09-03 11:53:39,BTCUSD_PERP,bid,58600,809.96
2024-09-03 11:54:52,BTCUSD_PERP,ask,59700,507.28
2024-09-03 11:59:09,BTCUSD_PERP,bid,58500,519.35
2024-09-03 11:59:09,BTCUSD_PERP,bid,58500,577.33
2024-09-03 11:59:09,BTCUSD_PERP,bid,58500,635.31
2024-09-03 11:59:42,BTCUSD_PERP,bid,58500,577.33
2024-09-03 11:59:43,BTCUSD_PERP,bid,58500,577.63
2024-09-03 11:59:43,BTCUSD_PERP,bid,58500,635.64
2024-09-03 11:59:43,BTCUSD_PERP,bid,58500,693.65
2024-09-03 11:59:44,BTCUSD_PERP,bid,58500,694.87
2024-09-03 12:00:58,BTCUSD_PERP,bid,58500,678.27
2024-09-03 12:00:58,BTCUSD_PERP,bid,58500,736.15
2024-09-03 12:01:05,BTCUSD_PERP,bid,58500,678.25
2024-09-03 12:01:05,BTCUSD_PERP,bid,58500,522.13
2024-09-03 12:01:05,BTCUSD_PERP,bid,58500,520.53
2024-09-03 12:01:05,BTCUSD_PERP,bid,58500,578.51
2024-09-03 12:03:12,BTCUSD_PERP,bid,58500,520.53
2024-09-03 12:03:13,BTCUSD_PERP,bid,58500,519.67
2024-09-03 12:03:14,BTCUSD_PERP,bid,58500,577.62
2024-09-03 12:03:14,BTCUSD_PERP,bid,58500,635.57
2024-09-03 12:03:14,BTCUSD_PERP,bid,58500,692.93
2024-09-03 12:04:16,BTCUSD_PERP,bid,58500,635.57
2024-09-03 12:04:16,BTCUSD_PERP,bid,58500,518.86
2024-09-03 12:04:16,BTCUSD_PERP,bid,58500,576.77
2024-09-03 12:04:16,BTCUSD_PERP,bid,58500,634.68
2024-09-03 12:05:03,BTCUSD_PERP,bid,58500,576.77
2024-09-03 12:05:04,BTCUSD_PERP,bid,58500,518.86
2024-09-03 12:05:04,BTCUSD_PERP,bid,58500,519.37
2024-09-03 12:05:04,BTCUSD_PERP,bid,58500,635.31
2024-09-03 12:05:04,BTCUSD_PERP,bid,58500,692.69
2024-09-03 12:05:04,BTCUSD_PERP,bid,58500,865.89
2024-09-03 12:05:05,BTCUSD_PERP,bid,58500,1039.21
2024-09-03 12:05:05,BTCUSD_PERP,bid,58400,520.12
2024-09-03 12:05:05,BTCUSD_PERP,bid,58400,563.55
2024-09-03 12:05:05,BTCUSD_PERP,bid,58500,1097.18
2024-09-03 12:05:21,BTCUSD_PERP,bid,58500,1039.21
2024-09-03 12:05:21,BTCUSD_PERP,bid,58500,923.86
2024-09-03 12:05:21,BTCUSD_PERP,bid,58500,692.57
2024-09-03 12:05:21,BTCUSD_PERP,bid,58500,634.6
2024-09-03 12:05:21,BTCUSD_PERP,bid,58500,519.85
2024-09-03 12:05:21,BTCUSD_PERP,bid,58500,522.31
2024-09-03 12:05:22,BTCUSD_PERP,bid,58500,580.93
2024-09-03 12:05:22,BTCUSD_PERP,bid,58500,638.83
2024-09-03 12:05:22,BTCUSD_PERP,bid,58500,696.24
2024-09-03 12:05:22,BTCUSD_PERP,bid,58500,870.24
2024-09-03 12:05:22,BTCUSD_PERP,bid,58500,928.24
2024-09-03 12:05:22,BTCUSD_PERP,bid,58500,942.16
2024-09-03 12:05:51,BTCUSD_PERP,bid,58600,636.21
2024-09-03 12:05:51,BTCUSD_PERP,bid,58600,694.24
2024-09-03 12:06:19,BTCUSD_PERP,bid,58600,636.21
2024-09-03 12:06:19,BTCUSD_PERP,bid,58600,578.28
2024-09-03 12:06:19,BTCUSD_PERP,bid,58600,520.25
2024-09-03 12:06:20,BTCUSD_PERP,bid,58500,578.23
2024-09-03 12:06:20,BTCUSD_PERP,bid,58500,635.64
2024-09-03 12:06:20,BTCUSD_PERP,bid,58500,693.64
2024-09-03 12:06:24,BTCUSD_PERP,bid,58500,635.64
2024-09-03 12:06:25,BTCUSD_PERP,bid,58500,577.64
2024-09-03 12:06:26,BTCUSD_PERP,bid,58500,519.74
2024-09-03 12:06:26,BTCUSD_PERP,bid,58600,520.99
2024-09-03 12:06:26,BTCUSD_PERP,bid,58600,636.46
2024-09-03 12:06:26,BTCUSD_PERP,bid,58600,751.93
2024-09-03 12:06:26,BTCUSD_PERP,bid,58600,925.43
2024-09-03 12:06:35,BTCUSD_PERP,bid,58600,925.47
2024-09-03 12:09:14,BTCUSD_PERP,bid,58600,867.44
2024-09-03 12:09:14,BTCUSD_PERP,bid,58600,810.0
2024-09-03 12:09:15,BTCUSD_PERP,bid,58600,693.94
2024-09-03 12:09:15,BTCUSD_PERP,bid,58600,578.47
2024-09-03 12:09:15,BTCUSD_PERP,bid,58600,636.53
2024-09-03 12:09:15,BTCUSD_PERP,bid,58600,694.61
2024-09-03 12:09:15,BTCUSD_PERP,bid,58600,810.18
2024-09-03 12:09:16,BTCUSD_PERP,bid,58600,868.26
2024-09-03 12:09:16,BTCUSD_PERP,bid,58600,925.76
2024-09-03 12:09:16,BTCUSD_PERP,bid,58600,983.84
2024-09-03 12:09:16,BTCUSD_PERP,bid,58600,1041.33
2024-09-03 12:09:16,BTCUSD_PERP,bid,58600,1099.31
2024-09-03 12:09:19,BTCUSD_PERP,bid,58600,1099.35
2024-09-03 12:09:22,BTCUSD_PERP,bid,58600,1099.39
2024-09-03 12:09:23,BTCUSD_PERP,bid,58600,1101.48
2024-09-03 12:10:29,BTCUSD_PERP,bid,58600,1043.98
2024-09-03 12:10:30,BTCUSD_PERP,bid,58600,986.49
2024-09-03 12:10:30,BTCUSD_PERP,bid,58700,868.03
2024-09-03 12:10:30,BTCUSD_PERP,bid,58700,1041.77
2024-09-03 12:10:30,BTCUSD_PERP,bid,58700,1099.88
2024-09-03 12:10:35,BTCUSD_PERP,bid,58700,1042.35
2024-09-03 12:10:38,BTCUSD_PERP,bid,58700,636.85
2024-09-03 12:10:38,BTCUSD_PERP,bid,58700,1099.86
2024-09-03 12:10:38,BTCUSD_PERP,bid,58600,521.71
2024-09-03 12:10:38,BTCUSD_PERP,bid,58700,1158.0
2024-09-03 12:20:11,BTCUSD_PERP,bid,58700,1099.96
2024-09-03 12:20:11,BTCUSD_PERP,bid,58700,983.68
2024-09-03 12:20:11,BTCUSD_PERP,bid,58700,926.13
2024-09-03 12:20:11,BTCUSD_PERP,bid,58700,868.58
2024-09-03 12:20:11,BTCUSD_PERP,bid,58700,810.44
2024-09-03 12:20:12,BTCUSD_PERP,bid,58700,637.79
2024-09-03 12:20:12,BTCUSD_PERP,bid,58700,635.58
2024-09-03 12:20:12,BTCUSD_PERP,bid,58700,693.69
2024-09-03 12:20:12,BTCUSD_PERP,bid,58700,809.91
2024-09-03 12:20:12,BTCUSD_PERP,bid,58700,868.02
2024-09-03 12:20:12,BTCUSD_PERP,bid,58700,926.13
2024-09-03 12:20:12,BTCUSD_PERP,bid,58700,984.24
2024-09-03 12:20:12,BTCUSD_PERP,bid,58600,513.44
2024-09-03 12:20:13,BTCUSD_PERP,bid,58700,1041.77
2024-09-03 12:20:13,BTCUSD_PERP,bid,58600,513.4
2024-09-03 12:20:13,BTCUSD_PERP,bid,58700,1099.29
2024-09-03 12:20:13,BTCUSD_PERP,bid,58600,521.46
2024-09-03 12:20:13,BTCUSD_PERP,bid,58700,1157.4
2024-09-03 12:21:07,BTCUSD_PERP,bid,58700,984.24
2024-09-03 12:21:07,BTCUSD_PERP,bid,58700,926.13
2024-09-03 12:21:08,BTCUSD_PERP,bid,58700,752.39
2024-09-03 12:21:08,BTCUSD_PERP,bid,58700,636.17
2024-09-03 12:21:08,BTCUSD_PERP,bid,58700,578.06
2024-09-03 12:21:09,BTCUSD_PERP,bid,58700,520.88
2024-09-03 12:21:09,BTCUSD_PERP,bid,58700,579.03
2024-09-03 12:21:09,BTCUSD_PERP,bid,58700,694.14
2024-09-03 12:21:09,BTCUSD_PERP,bid,58700,752.29
2024-09-03 12:21:09,BTCUSD_PERP,bid,58700,810.44
2024-09-03 12:27:27,BTCUSD_PERP,bid,58700,752.49
2024-09-03 12:30:14,BTCUSD_PERP,bid,58700,694.96
2024-09-03 12:32:06,BTCUSD_PERP,bid,58700,636.36
2024-09-03 12:38:00,BTCUSD_PERP,bid,58600,694.11
2024-09-03 12:38:00,BTCUSD_PERP,bid,58600,752.2
2024-09-03 12:40:15,BTCUSD_PERP,bid,58600,694.71
2024-09-03 12:40:15,BTCUSD_PERP,bid,58600,636.62
2024-09-03 12:40:15,BTCUSD_PERP,bid,58600,578.53
2024-09-03 12:40:15,BTCUSD_PERP,bid,58600,521.03
2024-09-03 12:40:16,BTCUSD_PERP,bid,58700,521.9
2024-09-03 12:40:16,BTCUSD_PERP,bid,58700,695.07
2024-09-03 12:40:16,BTCUSD_PERP,bid,58700,752.6
2024-09-03 12:40:16,BTCUSD_PERP,bid,58700,868.84
2024-09-03 12:40:17,BTCUSD_PERP,bid,58700,926.37
2024-09-03 12:42:00,BTCUSD_PERP,bid,58700,521.31
2024-09-03 12:42:00,BTCUSD_PERP,bid,58600,867.81
2024-09-03 12:42:00,BTCUSD_PERP,bid,58600,925.9
2024-09-03 12:45:38,BTCUSD_PERP,bid,58600,867.81
2024-09-03 12:45:39,BTCUSD_PERP,bid,58600,810.32
2024-09-03 12:45:39,BTCUSD_PERP,bid,58600,694.14
2024-09-03 12:45:39,BTCUSD_PERP,bid,58600,636.64
2024-09-03 12:45:39,BTCUSD_PERP,bid,58600,520.46
2024-09-03 12:45:39,BTCUSD_PERP,bid,58600,578.71
2024-09-03 12:45:39,BTCUSD_PERP,bid,58600,636.18
2024-09-03 12:45:39,BTCUSD_PERP,bid,58600,751.71
2024-09-03 12:45:40,BTCUSD_PERP,bid,58600,809.18
2024-09-03 12:45:40,BTCUSD_PERP,bid,58600,867.24
2024-09-03 12:45:40,BTCUSD_PERP,bid,58600,982.77
2024-09-03 12:45:40,BTCUSD_PERP,bid,58600,1040.83
2024-09-03 12:45:40,BTCUSD_PERP,bid,58600,1156.36
2024-09-03 12:48:48,BTCUSD_PERP,bid,58600,1098.89
2024-09-03 12:48:49,BTCUSD_PERP,bid,58600,519.85
2024-09-03 12:48:49,BTCUSD_PERP,bid,58600,1098.87
2024-09-03 12:48:49,BTCUSD_PERP,bid,58600,1156.96
2024-09-03 13:00:13,BTCUSD_PERP,bid,58600,635.5
2024-09-03 13:00:14,BTCUSD_PERP,bid,58600,809.65
2024-09-03 13:00:14,BTCUSD_PERP,bid,58600,867.7
2024-09-03 13:01:08,BTCUSD_PERP,bid,58600,634.58
2024-09-03 13:01:35,BTCUSD_PERP,bid,58500,634.25
2024-09-03 13:01:35,BTCUSD_PERP,bid,58500,692.23
2024-09-03 13:02:14,BTCUSD_PERP,bid,58400,576.06
2024-09-03 13:02:16,BTCUSD_PERP,ask,59600,554.6
2024-09-03 13:02:19,BTCUSD_PERP,ask,59600,560.54
2024-09-03 13:03:12,BTCUSD_PERP,ask,59600,506.64
2024-09-03 13:03:13,BTCUSD_PERP,ask,59600,503.14
2024-09-03 13:03:13,BTCUSD_PERP,ask,59600,512.67
2024-09-03 13:03:13,BTCUSD_PERP,ask,59600,522.2
2024-09-03 13:03:14,BTCUSD_PERP,ask,59600,531.73
2024-09-03 13:03:14,BTCUSD_PERP,ask,59600,540.96
2024-09-03 13:03:19,BTCUSD_PERP,ask,59600,550.49
2024-09-03 13:03:25,BTCUSD_PERP,ask,59600,560.02
2024-09-03 13:04:09,BTCUSD_PERP,ask,59600,550.49
2024-09-03 13:04:11,BTCUSD_PERP,ask,59600,544.55
2024-09-03 13:04:12,BTCUSD_PERP,ask,59600,535.03
2024-09-03 13:04:13,BTCUSD_PERP,ask,59600,529.09
2024-09-03 13:04:14,BTCUSD_PERP,ask,59600,510.03
2024-09-03 13:04:33,BTCUSD_PERP,bid,58500,519.02
2024-09-03 13:04:33,BTCUSD_PERP,bid,58500,576.95
2024-09-03 13:05:44,BTCUSD_PERP,bid,58500,519.02
2024-09-03 13:05:46,BTCUSD_PERP,bid,58400,518.74
2024-09-03 13:05:46,BTCUSD_PERP,bid,58400,576.54
2024-09-03 13:06:18,BTCUSD_PERP,bid,58400,519.07
2024-09-03 13:06:20,BTCUSD_PERP,bid,58400,633.78
2024-09-03 13:06:20,BTCUSD_PERP,bid,58400,691.62
2024-09-03 13:06:26,BTCUSD_PERP,bid,58400,633.78
2024-09-03 13:06:26,BTCUSD_PERP,bid,58400,576.53
2024-09-03 13:06:26,BTCUSD_PERP,bid,58400,518.69
2024-09-03 13:06:27,BTCUSD_PERP,bid,58400,518.96
2024-09-03 13:07:18,BTCUSD_PERP,bid,58400,518.67
2024-09-03 13:07:18,BTCUSD_PERP,bid,58400,576.57
2024-09-03 13:08:48,BTCUSD_PERP,bid,58400,518.67
2024-09-03 13:26:22,BTCUSD_PERP,bid,58400,518.42
2024-09-03 13:26:23,BTCUSD_PERP,bid,58400,576.23
2024-09-03 13:26:23,BTCUSD_PERP,bid,58400,634.04
2024-09-03 13:28:04,BTCUSD_PERP,bid,58400,576.82
2024-09-03 13:28:04,BTCUSD_PERP,bid,58400,519.01
2024-09-03 13:28:06,BTCUSD_PERP,bid,58400,518.78
2024-09-03 13:28:06,BTCUSD_PERP,bid,58400,576.63
2024-09-03 13:30:16,BTCUSD_PERP,bid,58500,518.83
2024-09-03 13:34:24,BTCUSD_PERP,bid,58400,576.93
2024-09-03 13:34:58,BTCUSD_PERP,bid,58400,519.05
2024-09-03 13:34:59,BTCUSD_PERP,bid,58400,520.04
2024-09-03 13:36:13,BTCUSD_PERP,bid,58400,518.88
2024-09-03 13:42:36,BTCUSD_PERP,bid,58400,519.15
2024-09-03 13:49:58,BTCUSD_PERP,bid,58400,576.04
2024-09-03 13:49:59,BTCUSD_PERP,bid,58400,691.15
2024-09-03 13:54:39,BTCUSD_PERP,bid,58400,575.55
2024-09-03 13:54:39,BTCUSD_PERP,bid,58400,694.5
2024-09-03 13:54:39,BTCUSD_PERP,bid,58400,752.31
2024-09-03 13:57:28,BTCUSD_PERP,ask,59500,506.39
2024-09-03 14:01:12,BTCUSD_PERP,bid,58400,637.87
2024-09-03 14:01:13,BTCUSD_PERP,bid,58400,518.1
2024-09-03 14:01:14,BTCUSD_PERP,bid,58400,575.94
2024-09-03 14:01:14,BTCUSD_PERP,bid,58400,633.78
2024-09-03 14:01:14,BTCUSD_PERP,bid,58400,691.62
2024-09-03 14:01:14,BTCUSD_PERP,bid,58400,806.71
2024-09-03 14:01:38,BTCUSD_PERP,ask,69500,440.75
2024-09-03 14:04:16,BTCUSD_PERP,bid,58400,748.87
2024-09-03 14:04:16,BTCUSD_PERP,bid,58400,691.62
2024-09-03 14:04:16,BTCUSD_PERP,bid,58400,634.37
2024-09-03 14:04:17,BTCUSD_PERP,bid,58400,519.28
2024-09-03 14:04:17,BTCUSD_PERP,bid,58400,576.34
2024-09-03 14:04:18,BTCUSD_PERP,bid,58400,691.39
2024-09-03 14:04:18,BTCUSD_PERP,bid,58400,749.26
2024-09-03 14:07:30,BTCUSD_PERP,bid,58400,691.98
2024-09-03 14:07:30,BTCUSD_PERP,bid,58400,518.96
2024-09-03 14:07:32,BTCUSD_PERP,bid,58400,519.26
2024-09-03 14:10:14,BTCUSD_PERP,bid,58400,576.13
2024-09-03 14:10:14,BTCUSD_PERP,bid,58400,633.99
2024-09-03 14:11:00,BTCUSD_PERP,bid,58400,575.15
2024-09-03 14:17:06,BTCUSD_PERP,bid,58400,540.73
2024-09-03 14:17:06,BTCUSD_PERP,bid,58400,598.58
2024-09-03 14:17:55,BTCUSD_PERP,ask,59600,510.2
2024-09-03 14:17:56,BTCUSD_PERP,ask,59600,519.72
2024-09-03 14:17:56,BTCUSD_PERP,ask,59600,529.24
2024-09-03 14:17:56,BTCUSD_PERP,ask,59600,538.47
2024-09-03 14:18:03,BTCUSD_PERP,ask,59600,547.99
2024-09-03 14:18:04,BTCUSD_PERP,ask,59600,553.94
2024-09-03 14:18:55,BTCUSD_PERP,ask,59600,544.42
2024-09-03 14:18:55,BTCUSD_PERP,ask,59600,534.9
2024-09-03 14:18:55,BTCUSD_PERP,ask,59600,525.38
2024-09-03 14:18:56,BTCUSD_PERP,ask,59600,515.86
2024-09-03 14:18:56,BTCUSD_PERP,ask,59600,506.34
2024-09-03 14:21:47,BTCUSD_PERP,bid,58400,541.31
2024-09-03 14:42:58,BTCUSD_PERP,bid,58600,520.42
2024-09-03 14:42:58,BTCUSD_PERP,bid,58600,578.44
2024-09-03 14:43:01,BTCUSD_PERP,bid,58600,592.48
2024-09-03 14:43:02,BTCUSD_PERP,bid,58600,595.79
2024-09-03 14:44:27,BTCUSD_PERP,bid,58600,594.57
2024-09-03 14:45:01,BTCUSD_PERP,bid,58600,580.53
2024-09-03 14:45:02,BTCUSD_PERP,bid,58600,578.44
2024-09-03 14:45:18,BTCUSD_PERP,bid,58500,520.75
2024-09-03 14:46:38,BTCUSD_PERP,bid,58600,579.01
2024-09-03 14:46:38,BTCUSD_PERP,bid,58600,637.04
2024-09-03 14:46:39,BTCUSD_PERP,bid,58600,694.47
2024-09-03 14:47:48,BTCUSD_PERP,bid,58600,637.03
2024-09-03 14:47:48,BTCUSD_PERP,bid,58500,578.63
2024-09-03 14:47:48,BTCUSD_PERP,bid,58500,636.62
2024-09-03 14:47:48,BTCUSD_PERP,bid,58500,636.66
2024-09-03 14:51:18,BTCUSD_PERP,bid,58500,636.62
2024-09-03 14:58:18,BTCUSD_PERP,bid,58500,578.63
2024-09-03 14:58:18,BTCUSD_PERP,bid,58500,521.23
2024-09-03 14:58:20,BTCUSD_PERP,bid,58600,520.96
2024-09-03 14:58:20,BTCUSD_PERP,bid,58600,578.99
2024-09-03 14:58:20,BTCUSD_PERP,bid,58600,637.02
2024-09-03 15:00:54,BTCUSD_PERP,bid,58600,520.96
2024-09-03 15:00:55,BTCUSD_PERP,bid,58500,694.11
2024-09-03 15:03:01,BTCUSD_PERP,bid,58500,636.11
2024-09-03 15:03:02,BTCUSD_PERP,bid,58500,578.7
2024-09-03 15:03:02,BTCUSD_PERP,bid,58500,520.7
2024-09-03 15:03:03,BTCUSD_PERP,bid,58600,520.36
2024-09-03 15:03:03,BTCUSD_PERP,bid,58600,578.39
2024-09-03 15:03:03,BTCUSD_PERP,bid,58600,694.45
2024-09-03 15:05:28,BTCUSD_PERP,ask,59700,506.46
2024-09-03 15:05:28,BTCUSD_PERP,ask,59700,512.42
2024-09-03 15:05:31,BTCUSD_PERP,ask,59700,521.96
2024-09-03 15:05:33,BTCUSD_PERP,ask,59700,531.51
2024-09-03 15:05:35,BTCUSD_PERP,ask,59700,537.47
2024-09-03 15:05:43,BTCUSD_PERP,ask,59700,557.16
2024-09-03 15:05:44,BTCUSD_PERP,ask,59700,563.12
2024-09-03 15:05:44,BTCUSD_PERP,ask,59700,569.08
2024-09-03 15:05:59,BTCUSD_PERP,ask,59700,575.04
2024-09-03 15:06:03,BTCUSD_PERP,ask,59700,584.58
2024-09-03 15:06:06,BTCUSD_PERP,ask,59700,594.12
2024-09-03 15:06:09,BTCUSD_PERP,ask,59700,603.66
2024-09-03 15:06:13,BTCUSD_PERP,ask,59700,609.62
2024-09-03 15:06:20,BTCUSD_PERP,ask,59700,600.08
2024-09-03 15:06:22,BTCUSD_PERP,ask,59700,590.83
2024-09-03 15:06:23,BTCUSD_PERP,ask,59700,581.28
2024-09-03 15:06:23,BTCUSD_PERP,ask,59700,571.74
2024-09-03 15:06:24,BTCUSD_PERP,ask,59700,562.2
2024-09-03 15:06:24,BTCUSD_PERP,ask,59700,552.66
2024-09-03 15:06:31,BTCUSD_PERP,ask,59700,543.12
2024-09-03 15:10:13,BTCUSD_PERP,bid,58600,636.42
2024-09-03 15:10:13,BTCUSD_PERP,bid,58600,578.39
2024-09-03 15:10:13,BTCUSD_PERP,bid,58500,520.71
2024-09-03 15:10:14,BTCUSD_PERP,bid,58500,636.71
2024-09-03 15:10:14,BTCUSD_PERP,bid,58500,694.11
2024-09-03 15:14:53,BTCUSD_PERP,bid,58500,521.29
2024-09-03 15:14:53,BTCUSD_PERP,bid,58500,693.75
2024-09-03 15:16:20,BTCUSD_PERP,bid,58500,693.79
2024-09-03 15:19:52,BTCUSD_PERP,bid,58500,693.75
2024-09-03 15:21:23,BTCUSD_PERP,bid,58500,519.95
2024-09-03 15:25:12,BTCUSD_PERP,bid,58500,519.95
2024-09-03 15:25:12,BTCUSD_PERP,bid,58500,751.72
2024-09-03 15:25:17,BTCUSD_PERP,ask,59700,507.93
2024-09-03 15:25:18,BTCUSD_PERP,ask,59700,517.47
2024-09-03 15:25:19,BTCUSD_PERP,ask,59700,527.01
2024-09-03 15:25:24,BTCUSD_PERP,ask,59700,532.97
2024-09-03 15:25:25,BTCUSD_PERP,ask,59700,538.93
2024-09-03 15:25:31,BTCUSD_PERP,ask,59700,548.47
2024-09-03 15:26:14,BTCUSD_PERP,ask,59700,538.93
2024-09-03 15:26:19,BTCUSD_PERP,ask,59700,529.39
2024-09-03 15:26:20,BTCUSD_PERP,ask,59700,519.85
2024-09-03 15:26:24,BTCUSD_PERP,ask,59700,513.89
2024-09-03 15:26:31,BTCUSD_PERP,ask,59700,504.35
2024-09-03 15:29:53,BTCUSD_PERP,bid,58500,693.75
2024-09-03 15:29:53,BTCUSD_PERP,bid,58500,577.92
2024-09-03 15:29:53,BTCUSD_PERP,bid,58500,518.93
2024-09-03 15:29:53,BTCUSD_PERP,bid,58500,866.51
2024-09-03 15:30:07,BTCUSD_PERP,ask,59600,504.11
2024-09-03 15:30:13,BTCUSD_PERP,ask,59600,510.06
2024-09-03 15:30:13,BTCUSD_PERP,ask,59600,516.02
2024-09-03 15:30:16,BTCUSD_PERP,ask,59600,525.55
2024-09-03 15:30:21,BTCUSD_PERP,ask,59600,535.08
2024-09-03 15:30:21,BTCUSD_PERP,ask,59600,544.61
2024-09-03 15:30:22,BTCUSD_PERP,ask,59600,554.14
2024-09-03 15:30:24,BTCUSD_PERP,ask,59600,563.67
2024-09-03 15:30:26,BTCUSD_PERP,ask,59600,569.63
2024-09-03 15:30:28,BTCUSD_PERP,ask,59600,575.59
2024-09-03 15:30:35,BTCUSD_PERP,ask,59600,585.12
2024-09-03 15:30:35,BTCUSD_PERP,ask,59600,591.07
2024-09-03 15:30:36,BTCUSD_PERP,ask,59600,600.6
2024-09-03 15:30:37,BTCUSD_PERP,ask,59600,609.84
2024-09-03 15:30:37,BTCUSD_PERP,ask,59600,619.37
2024-09-03 15:30:38,BTCUSD_PERP,ask,59600,628.9
2024-09-03 15:30:39,BTCUSD_PERP,ask,59600,638.43
2024-09-03 15:30:47,BTCUSD_PERP,ask,59600,648.26
2024-09-03 15:30:59,BTCUSD_PERP,ask,59600,642.3
2024-09-03 15:31:13,BTCUSD_PERP,ask,59600,636.34
2024-09-03 15:31:17,BTCUSD_PERP,ask,59600,626.81
2024-09-03 15:31:21,BTCUSD_PERP,ask,59600,617.28
2024-09-03 15:31:22,BTCUSD_PERP,ask,59600,607.75
2024-09-03 15:31:22,BTCUSD_PERP,ask,59600,598.22
2024-09-03 15:31:24,BTCUSD_PERP,ask,59600,588.69
2024-09-03 15:31:26,BTCUSD_PERP,ask,59600,582.73
2024-09-03 15:31:35,BTCUSD_PERP,ask,59600,573.2
2024-09-03 15:31:37,BTCUSD_PERP,ask,59600,563.67
2024-09-03 15:31:37,BTCUSD_PERP,ask,59600,554.43
2024-09-03 15:31:38,BTCUSD_PERP,ask,59600,544.9
2024-09-03 15:31:39,BTCUSD_PERP,ask,59600,535.37
2024-09-03 15:31:39,BTCUSD_PERP,ask,59600,525.84
2024-09-03 15:31:41,BTCUSD_PERP,ask,59600,519.88
2024-09-03 15:31:51,BTCUSD_PERP,bid,58400,577.8
2024-09-03 15:31:51,BTCUSD_PERP,bid,58400,866.17
2024-09-03 15:34:32,BTCUSD_PERP,bid,58400,634.64
2024-09-03 15:34:32,BTCUSD_PERP,bid,58400,634.79
2024-09-03 15:34:32,BTCUSD_PERP,bid,58400,749.96
2024-09-03 15:34:39,BTCUSD_PERP,ask,59500,519.78
2024-09-03 15:34:40,BTCUSD_PERP,ask,59500,529.3
2024-09-03 15:34:41,BTCUSD_PERP,ask,59500,538.82
2024-09-03 15:34:42,BTCUSD_PERP,ask,59500,548.34
2024-09-03 15:34:49,BTCUSD_PERP,bid,58400,749.57
2024-09-03 15:35:28,BTCUSD_PERP,bid,58400,691.95
2024-09-03 15:35:28,BTCUSD_PERP,bid,58400,749.18
2024-09-03 15:36:40,BTCUSD_PERP,ask,59500,509.35
2024-09-03 15:36:48,BTCUSD_PERP,bid,58300,747.47
2024-09-03 15:36:48,BTCUSD_PERP,bid,58300,920.63
2024-09-03 15:37:51,BTCUSD_PERP,bid,58300,517.71
2024-09-03 15:37:51,BTCUSD_PERP,bid,58300,574.84
2024-09-03 15:37:52,BTCUSD_PERP,bid,58300,690.28
2024-09-03 15:37:52,BTCUSD_PERP,bid,58300,805.72
2024-09-03 15:37:52,BTCUSD_PERP,bid,58300,862.85
2024-09-03 15:37:52,BTCUSD_PERP,bid,58300,919.98
2024-09-03 15:37:52,BTCUSD_PERP,bid,58300,977.59
2024-09-03 15:52:57,BTCUSD_PERP,bid,58300,516.77
2024-09-03 15:52:57,BTCUSD_PERP,bid,58300,573.94
2024-09-03 15:52:58,BTCUSD_PERP,bid,58300,631.7
2024-09-03 15:52:58,BTCUSD_PERP,bid,58300,689.46
2024-09-03 15:52:58,BTCUSD_PERP,bid,58300,747.22
2024-09-03 15:53:49,BTCUSD_PERP,bid,58300,689.46
2024-09-03 15:53:49,BTCUSD_PERP,bid,58300,574.19
2024-09-03 15:53:49,BTCUSD_PERP,bid,58300,689.05
2024-09-03 15:55:29,BTCUSD_PERP,bid,58300,574.19
2024-09-03 16:02:29,BTCUSD_PERP,bid,58300,517.69
2024-09-03 16:04:08,BTCUSD_PERP,bid,58300,517.51
2024-09-03 16:04:08,BTCUSD_PERP,bid,58300,574.68
2024-09-03 16:04:09,BTCUSD_PERP,bid,58300,689.49
2024-09-03 16:08:17,BTCUSD_PERP,bid,58300,574.34
2024-09-03 16:09:51,BTCUSD_PERP,bid,58300,517.2
2024-09-03 16:21:52,BTCUSD_PERP,bid,58300,517.63
2024-09-03 16:21:53,BTCUSD_PERP,bid,58300,575.42
2024-09-03 16:21:53,BTCUSD_PERP,bid,58300,633.21
2024-09-03 16:21:53,BTCUSD_PERP,bid,58300,748.79
2024-09-03 16:24:57,BTCUSD_PERP,bid,58300,691.0
2024-09-03 16:24:57,BTCUSD_PERP,bid,58300,633.81
2024-09-03 16:24:57,BTCUSD_PERP,bid,58300,576.02
2024-09-03 16:24:58,BTCUSD_PERP,bid,58300,518.82
2024-09-03 16:24:59,BTCUSD_PERP,bid,58400,518.5
2024-09-03 16:27:44,BTCUSD_PERP,bid,58300,806.49
2024-09-03 16:27:44,BTCUSD_PERP,bid,58300,864.27
2024-09-03 16:27:46,BTCUSD_PERP,bid,58300,921.47
2024-09-03 16:30:20,BTCUSD_PERP,bid,58300,690.57
2024-09-03 16:30:20,BTCUSD_PERP,bid,58300,748.32
2024-09-03 16:31:40,BTCUSD_PERP,bid,58300,632.82
2024-09-03 16:31:40,BTCUSD_PERP,bid,58300,575.65
2024-09-03 16:31:41,BTCUSD_PERP,bid,58300,517.9
2024-09-03 16:31:42,BTCUSD_PERP,bid,58300,517.63
2024-09-03 16:31:42,BTCUSD_PERP,bid,58300,575.42
2024-09-03 16:31:42,BTCUSD_PERP,bid,58300,691.0
2024-09-03 16:32:49,BTCUSD_PERP,bid,58400,749.1
2024-09-03 16:32:49,BTCUSD_PERP,bid,58400,806.91
2024-09-03 16:33:39,BTCUSD_PERP,bid,58400,749.1
2024-09-03 16:33:39,BTCUSD_PERP,bid,58400,634.16
2024-09-03 16:33:40,BTCUSD_PERP,bid,58400,576.35
2024-09-03 16:33:40,BTCUSD_PERP,bid,58400,518.54
2024-09-03 16:33:40,BTCUSD_PERP,bid,58400,519.47
2024-09-03 16:33:41,BTCUSD_PERP,bid,58400,577.32
2024-09-03 16:36:10,BTCUSD_PERP,bid,58400,519.47
2024-09-03 16:47:13,BTCUSD_PERP,bid,58400,576.45
2024-09-03 16:47:13,BTCUSD_PERP,bid,58400,634.27
2024-09-03 16:47:14,BTCUSD_PERP,bid,58400,634.31
2024-09-03 16:47:17,BTCUSD_PERP,bid,58400,576.49
2024-09-03 16:47:17,BTCUSD_PERP,bid,58400,518.67
2024-09-03 16:47:18,BTCUSD_PERP,bid,58400,574.96
2024-09-03 16:47:18,BTCUSD_PERP,bid,58400,632.81
2024-09-03 16:47:18,BTCUSD_PERP,bid,58400,748.51
2024-09-03 16:47:18,BTCUSD_PERP,bid,58400,806.36
2024-09-03 16:47:19,BTCUSD_PERP,bid,58400,922.06
2024-09-03 16:47:19,BTCUSD_PERP,bid,58400,979.32
2024-09-03 16:47:20,BTCUSD_PERP,bid,58400,981.42
2024-09-03 16:47:21,BTCUSD_PERP,bid,58400,995.42
2024-09-03 16:47:22,BTCUSD_PERP,bid,58400,996.64
2024-09-03 16:48:47,BTCUSD_PERP,bid,58400,995.42
2024-09-03 16:49:21,BTCUSD_PERP,bid,58400,993.32
2024-09-03 16:49:22,BTCUSD_PERP,bid,58400,979.32
2024-09-03 16:51:19,BTCUSD_PERP,bid,58400,805.93
2024-09-03 16:51:19,BTCUSD_PERP,bid,58400,920.98
2024-09-03 16:51:19,BTCUSD_PERP,bid,58400,978.8
2024-09-03 16:52:16,BTCUSD_PERP,bid,58400,920.98
2024-09-03 16:52:16,BTCUSD_PERP,bid,58400,863.16
2024-09-03 16:52:16,BTCUSD_PERP,bid,58400,805.93
2024-09-03 16:52:16,BTCUSD_PERP,bid,58400,748.7
2024-09-03 16:52:16,BTCUSD_PERP,bid,58400,575.83
2024-09-03 16:52:16,BTCUSD_PERP,bid,58400,518.01
2024-09-03 16:52:16,BTCUSD_PERP,bid,58400,518.88
2024-09-03 16:52:16,BTCUSD_PERP,bid,58400,633.39
2024-09-03 16:52:17,BTCUSD_PERP,bid,58400,691.24
2024-09-03 16:52:17,BTCUSD_PERP,bid,58400,748.5
2024-09-03 16:52:17,BTCUSD_PERP,bid,58400,806.35
2024-09-03 16:52:17,BTCUSD_PERP,bid,58400,864.2
2024-09-03 16:52:17,BTCUSD_PERP,bid,58400,922.05
2024-09-03 16:52:17,BTCUSD_PERP,bid,58400,979.31
2024-09-03 16:57:07,BTCUSD_PERP,bid,58400,863.61
2024-09-03 16:57:07,BTCUSD_PERP,bid,58400,576.35
2024-09-03 16:57:07,BTCUSD_PERP,bid,58400,805.84
2024-09-03 16:57:07,BTCUSD_PERP,bid,58400,863.65
2024-09-03 16:58:49,BTCUSD_PERP,bid,58300,862.62
2024-09-03 16:58:49,BTCUSD_PERP,bid,58300,920.4
2024-09-03 17:01:32,BTCUSD_PERP,bid,58300,862.62
2024-09-03 17:01:33,BTCUSD_PERP,bid,58300,805.42
2024-09-03 17:01:33,BTCUSD_PERP,bid,58300,747.64
2024-09-03 17:01:33,BTCUSD_PERP,bid,58300,574.88
2024-09-03 17:01:33,BTCUSD_PERP,bid,58300,517.1
2024-09-03 17:01:34,BTCUSD_PERP,bid,58300,517.43
2024-09-03 17:01:34,BTCUSD_PERP,bid,58300,632.34
2024-09-03 17:01:34,BTCUSD_PERP,bid,58300,690.09
2024-09-03 17:01:34,BTCUSD_PERP,bid,58300,747.26
2024-09-03 17:01:34,BTCUSD_PERP,bid,58300,804.42
2024-09-03 17:01:34,BTCUSD_PERP,bid,58300,862.17
2024-09-03 17:01:34,BTCUSD_PERP,bid,58300,919.92
2024-09-03 17:03:34,BTCUSD_PERP,bid,58300,632.66
2024-09-03 17:03:34,BTCUSD_PERP,bid,58300,690.44
2024-09-03 17:04:43,BTCUSD_PERP,bid,58400,633.33
2024-09-03 17:04:43,BTCUSD_PERP,bid,58400,691.17
2024-09-03 17:06:43,BTCUSD_PERP,bid,58400,632.96
2024-09-03 17:06:43,BTCUSD_PERP,bid,58400,690.77
2024-09-03 17:07:40,BTCUSD_PERP,bid,58400,691.35
2024-09-03 17:10:40,BTCUSD_PERP,bid,58400,690.77
2024-09-03 17:15:01,BTCUSD_PERP,bid,58400,575.74
2024-09-03 17:15:01,BTCUSD_PERP,bid,58400,518.52
2024-09-03 17:15:03,BTCUSD_PERP,bid,58400,517.66
2024-09-03 17:15:03,BTCUSD_PERP,bid,58400,633.34
2024-09-03 17:15:03,BTCUSD_PERP,bid,58400,691.18
2024-09-03 17:15:28,BTCUSD_PERP,bid,58400,633.34
2024-09-03 17:15:28,BTCUSD_PERP,bid,58400,576.09
2024-09-03 17:15:28,BTCUSD_PERP,bid,58400,518.25
2024-09-03 17:15:29,BTCUSD_PERP,bid,58400,517.93
2024-09-03 17:15:30,BTCUSD_PERP,bid,58400,575.15
2024-09-03 17:15:30,BTCUSD_PERP,bid,58400,632.96
2024-09-03 17:15:30,BTCUSD_PERP,bid,58400,690.77
2024-09-03 17:16:14,BTCUSD_PERP,bid,58400,517.61
2024-09-03 17:16:14,BTCUSD_PERP,bid,58400,633.29
2024-09-03 17:16:14,BTCUSD_PERP,bid,58400,691.13
2024-09-03 17:18:37,BTCUSD_PERP,bid,58500,519.43
2024-09-03 17:18:37,BTCUSD_PERP,bid,58500,576.75
2024-09-03 17:18:38,BTCUSD_PERP,bid,58500,634.66
2024-09-03 17:18:38,BTCUSD_PERP,bid,58500,691.98
2024-09-03 17:18:38,BTCUSD_PERP,bid,58500,749.89
2024-09-03 17:18:38,BTCUSD_PERP,bid,58500,807.21
2024-09-03 17:18:38,BTCUSD_PERP,bid,58500,864.53
2024-09-03 17:18:38,BTCUSD_PERP,bid,58500,922.44
2024-09-03 17:18:38,BTCUSD_PERP,bid,58500,1038.26
2024-09-03 17:18:39,BTCUSD_PERP,bid,58500,1038.3
2024-09-03 17:21:00,BTCUSD_PERP,bid,58500,692.02
2024-09-03 17:21:00,BTCUSD_PERP,bid,58500,519.69
2024-09-03 17:21:00,BTCUSD_PERP,bid,58500,577.63
2024-09-03 17:21:00,BTCUSD_PERP,bid,58500,692.92
2024-09-03 17:21:00,BTCUSD_PERP,bid,58500,750.86
2024-09-03 17:21:00,BTCUSD_PERP,bid,58500,808.8
2024-09-03 17:21:00,BTCUSD_PERP,bid,58500,924.1
2024-09-03 17:21:01,BTCUSD_PERP,bid,58500,981.45
2024-09-03 17:21:01,BTCUSD_PERP,bid,58500,1038.8
2024-09-03 17:26:09,BTCUSD_PERP,bid,58500,922.92
2024-09-03 17:26:09,BTCUSD_PERP,bid,58500,864.98
2024-09-03 17:26:10,BTCUSD_PERP,bid,58500,750.28
2024-09-03 17:26:10,BTCUSD_PERP,bid,58500,634.4
2024-09-03 17:26:10,BTCUSD_PERP,bid,58500,576.46
2024-09-03 17:26:10,BTCUSD_PERP,bid,58500,518.52
2024-09-03 17:26:11,BTCUSD_PERP,bid,58500,518.95
2024-09-03 17:26:11,BTCUSD_PERP,bid,58500,576.94
2024-09-03 17:26:28,BTCUSD_PERP,bid,58500,518.95
2024-09-03 17:26:30,BTCUSD_PERP,bid,58600,578.2
2024-09-03 17:26:30,BTCUSD_PERP,bid,58600,636.22
2024-09-03 17:26:30,BTCUSD_PERP,bid,58600,693.66
2024-09-03 17:26:30,BTCUSD_PERP,bid,58600,809.11
2024-09-03 17:26:45,BTCUSD_PERP,bid,58600,751.09
2024-09-03 17:26:45,BTCUSD_PERP,bid,58600,635.05
2024-09-03 17:26:45,BTCUSD_PERP,bid,58600,577.03
2024-09-03 17:26:45,BTCUSD_PERP,bid,58600,519.59
2024-09-03 17:26:46,BTCUSD_PERP,bid,58600,521.36
2024-09-03 17:26:46,BTCUSD_PERP,bid,58600,579.42
2024-09-03 17:26:46,BTCUSD_PERP,bid,58600,637.48
2024-09-03 17:26:53,BTCUSD_PERP,bid,58600,579.42
2024-09-03 17:26:54,BTCUSD_PERP,bid,58600,521.09
2024-09-03 17:27:27,BTCUSD_PERP,bid,58600,579.42
2024-09-03 17:27:27,BTCUSD_PERP,bid,58600,637.48
2024-09-03 17:28:01,BTCUSD_PERP,bid,58600,579.42
2024-09-03 17:28:01,BTCUSD_PERP,bid,58600,521.36
2024-09-03 17:28:03,BTCUSD_PERP,bid,58600,523.8
2024-09-03 17:28:03,BTCUSD_PERP,bid,58600,581.79
2024-09-03 17:28:04,BTCUSD_PERP,bid,58600,639.89
2024-09-03 17:38:24,BTCUSD_PERP,bid,58500,521.88
2024-09-03 17:38:24,BTCUSD_PERP,bid,58500,579.88
2024-09-03 17:38:24,BTCUSD_PERP,bid,58500,637.88
2024-09-03 17:39:18,BTCUSD_PERP,bid,58500,579.59
2024-09-03 17:39:19,BTCUSD_PERP,bid,58500,637.56
2024-09-03 17:45:27,BTCUSD_PERP,bid,58500,579.59
2024-09-03 17:45:27,BTCUSD_PERP,bid,58500,521.62
2024-09-03 17:45:27,BTCUSD_PERP,bid,58500,578.22
2024-09-03 17:47:23,BTCUSD_PERP,bid,58400,692.32
2024-09-03 17:53:15,BTCUSD_PERP,bid,58400,576.63
2024-09-03 17:53:15,BTCUSD_PERP,bid,58400,519.32
2024-09-03 17:53:16,BTCUSD_PERP,bid,58500,577.41
2024-09-03 17:53:17,BTCUSD_PERP,bid,58500,692.68
2024-09-03 17:53:17,BTCUSD_PERP,bid,58500,692.72
2024-09-03 18:01:31,BTCUSD_PERP,bid,58500,520.1
2024-09-03 18:01:31,BTCUSD_PERP,bid,58500,635.39
2024-09-03 18:01:31,BTCUSD_PERP,bid,58500,693.37
2024-09-03 18:02:30,BTCUSD_PERP,bid,58500,635.19
2024-09-03 18:05:34,BTCUSD_PERP,bid,58500,634.27
2024-09-03 18:05:34,BTCUSD_PERP,bid,58500,692.21
2024-09-03 18:06:56,BTCUSD_PERP,bid,58500,634.27
2024-09-03 18:06:57,BTCUSD_PERP,bid,58400,634.53
2024-09-03 18:07:10,BTCUSD_PERP,ask,59500,533.56
2024-09-03 18:07:10,BTCUSD_PERP,ask,59500,592.53
2024-09-03 18:07:13,BTCUSD_PERP,ask,59500,598.47
2024-09-03 18:07:18,BTCUSD_PERP,ask,59500,579.01
2024-09-03 18:07:35,BTCUSD_PERP,ask,59500,573.12
2024-09-03 18:13:32,BTCUSD_PERP,bid,58400,577.15
2024-09-03 18:13:45,BTCUSD_PERP,bid,58400,577.19
2024-09-03 18:15:09,BTCUSD_PERP,ask,59600,512.85
2024-09-03 18:15:10,BTCUSD_PERP,ask,59600,518.8
2024-09-03 18:15:38,BTCUSD_PERP,bid,58500,519.6
2024-09-03 18:30:26,BTCUSD_PERP,bid,58500,807.47
2024-09-03 18:30:26,BTCUSD_PERP,bid,58500,923.43
2024-09-03 18:30:50,BTCUSD_PERP,ask,59700,511.68
2024-09-03 18:31:09,BTCUSD_PERP,bid,58500,866.04
2024-09-03 18:32:12,BTCUSD_PERP,bid,58500,578.51
2024-09-03 18:32:12,BTCUSD_PERP,bid,58500,520.53
2024-09-03 18:32:12,BTCUSD_PERP,bid,58600,518.54
2024-09-03 18:32:12,BTCUSD_PERP,bid,58600,576.55
2024-09-03 18:32:13,BTCUSD_PERP,bid,58600,692.57
2024-09-03 18:33:14,BTCUSD_PERP,bid,58600,576.55
2024-09-03 18:35:45,BTCUSD_PERP,bid,58500,577.57
2024-09-03 18:35:45,BTCUSD_PERP,bid,58500,866.61
2024-09-03 18:35:45,BTCUSD_PERP,bid,58400,563.36
2024-09-03 18:35:45,BTCUSD_PERP,bid,58500,924.56
2024-09-03 18:41:38,BTCUSD_PERP,bid,58500,867.2
2024-09-03 18:41:38,BTCUSD_PERP,bid,58500,809.36
2024-09-03 18:41:38,BTCUSD_PERP,bid,58500,751.41
2024-09-03 18:41:38,BTCUSD_PERP,bid,58500,694.06
2024-09-03 18:41:38,BTCUSD_PERP,bid,58500,636.11
2024-09-03 18:41:39,BTCUSD_PERP,bid,58500,578.16
2024-09-03 18:41:40,BTCUSD_PERP,bid,58500,635.53
2024-09-03 18:41:40,BTCUSD_PERP,bid,58500,693.51
2024-09-03 18:41:40,BTCUSD_PERP,bid,58500,808.88
2024-09-03 18:41:47,BTCUSD_PERP,bid,58500,808.92
2024-09-03 18:42:52,BTCUSD_PERP,bid,58500,750.94
2024-09-03 18:42:52,BTCUSD_PERP,bid,58500,808.41
2024-09-03 18:43:09,BTCUSD_PERP,bid,58500,750.46
2024-09-03 18:43:09,BTCUSD_PERP,bid,58500,634.56
2024-09-03 18:43:09,BTCUSD_PERP,bid,58500,577.2
2024-09-03 18:43:09,BTCUSD_PERP,bid,58500,865.16
2024-09-03 18:43:09,BTCUSD_PERP,bid,58500,923.08
2024-09-03 18:43:09,BTCUSD_PERP,bid,58500,981.0
2024-09-03 18:45:23,BTCUSD_PERP,ask,59600,510.48
2024-09-03 18:45:24,BTCUSD_PERP,ask,59600,516.43
2024-09-03 18:45:27,BTCUSD_PERP,ask,59600,535.49
2024-09-03 18:45:27,BTCUSD_PERP,ask,59600,541.44
2024-09-03 18:45:29,BTCUSD_PERP,bid,58500,865.16
2024-09-03 18:45:29,BTCUSD_PERP,bid,58500,807.83
2024-09-03 18:45:29,BTCUSD_PERP,bid,58500,692.09
2024-09-03 18:45:29,BTCUSD_PERP,bid,58500,576.25
2024-09-03 18:45:29,BTCUSD_PERP,bid,58500,518.92
2024-09-03 18:45:30,BTCUSD_PERP,bid,58400,519.12
2024-09-03 18:45:30,BTCUSD_PERP,bid,58400,634.31
2024-09-03 18:45:30,BTCUSD_PERP,bid,58400,691.61
2024-09-03 18:45:30,BTCUSD_PERP,bid,58400,749.5
2024-09-03 18:45:30,BTCUSD_PERP,bid,58400,562.77
2024-09-03 18:45:30,BTCUSD_PERP,bid,58400,865.28
2024-09-03 18:45:31,BTCUSD_PERP,bid,58400,923.17
2024-09-03 18:46:13,BTCUSD_PERP,ask,59600,531.91
2024-09-03 18:46:15,BTCUSD_PERP,ask,59600,522.38
2024-09-03 18:46:20,BTCUSD_PERP,ask,59600,512.85
2024-09-03 18:46:23,BTCUSD_PERP,ask,59600,503.32
2024-09-03 18:47:15,BTCUSD_PERP,bid,58400,865.28
2024-09-03 18:47:15,BTCUSD_PERP,bid,58400,692.79
2024-09-03 18:47:15,BTCUSD_PERP,bid,58400,634.9
2024-09-03 18:47:15,BTCUSD_PERP,bid,58400,577.01
2024-09-03 18:47:16,BTCUSD_PERP,bid,58400,519.12
2024-09-03 18:47:16,BTCUSD_PERP,bid,58500,578.02
2024-09-03 18:47:16,BTCUSD_PERP,bid,58500,635.94
2024-09-03 18:47:16,BTCUSD_PERP,bid,58500,750.59
2024-09-03 18:47:16,BTCUSD_PERP,bid,58500,923.65
2024-09-03 18:47:17,BTCUSD_PERP,bid,58400,563.05
2024-09-03 18:50:36,BTCUSD_PERP,bid,58500,866.32
2024-09-03 18:50:36,BTCUSD_PERP,bid,58500,808.4
2024-09-03 18:50:37,BTCUSD_PERP,bid,58500,750.48
2024-09-03 18:50:37,BTCUSD_PERP,bid,58500,692.56
2024-09-03 18:50:37,BTCUSD_PERP,bid,58500,577.31
2024-09-03 18:50:37,BTCUSD_PERP,bid,58500,519.39
2024-09-03 18:50:38,BTCUSD_PERP,bid,58500,635.19
2024-09-03 18:50:38,BTCUSD_PERP,bid,58500,693.04
2024-09-03 18:50:47,BTCUSD_PERP,bid,58500,693.08
2024-09-03 18:53:19,BTCUSD_PERP,bid,58500,750.02
2024-09-03 18:53:19,BTCUSD_PERP,bid,58500,807.95
2024-09-03 18:54:13,BTCUSD_PERP,bid,58500,750.41
2024-09-03 18:54:13,BTCUSD_PERP,bid,58500,808.37
2024-09-03 18:54:16,BTCUSD_PERP,bid,58500,808.41
2024-09-03 18:55:07,BTCUSD_PERP,bid,58500,635.12
2024-09-03 18:55:07,BTCUSD_PERP,bid,58500,577.75
2024-09-03 18:55:07,BTCUSD_PERP,bid,58500,519.79
2024-09-03 18:55:07,BTCUSD_PERP,bid,58500,519.54
2024-09-03 18:55:07,BTCUSD_PERP,bid,58500,576.94
2024-09-03 18:55:08,BTCUSD_PERP,bid,58500,634.93
2024-09-03 18:55:08,BTCUSD_PERP,bid,58500,692.33
2024-09-03 18:55:08,BTCUSD_PERP,bid,58500,808.31
2024-09-03 18:55:08,BTCUSD_PERP,bid,58500,866.19
2024-09-03 18:55:09,BTCUSD_PERP,bid,58500,924.18
2024-09-03 18:58:14,BTCUSD_PERP,bid,58500,520.36
2024-09-03 19:02:14,BTCUSD_PERP,bid,58500,520.04
2024-09-03 19:02:15,BTCUSD_PERP,bid,58500,635.43
2024-09-03 19:02:15,BTCUSD_PERP,bid,58500,692.82
2024-09-03 19:02:15,BTCUSD_PERP,bid,58500,808.21
2024-09-03 19:02:15,BTCUSD_PERP,bid,58500,924.19
2024-09-03 19:02:15,BTCUSD_PERP,bid,58500,520.31
2024-09-03 19:02:28,BTCUSD_PERP,bid,58500,866.79
2024-09-03 19:02:29,BTCUSD_PERP,bid,58500,750.92
2024-09-03 19:02:29,BTCUSD_PERP,bid,58500,635.53
2024-09-03 19:02:29,BTCUSD_PERP,bid,58500,577.54
2024-09-03 19:02:29,BTCUSD_PERP,bid,58500,520.14
2024-09-03 19:02:30,BTCUSD_PERP,bid,58600,520.29
2024-09-03 19:02:30,BTCUSD_PERP,bid,58600,578.31
2024-09-03 19:02:30,BTCUSD_PERP,bid,58600,636.33
2024-09-03 19:02:30,BTCUSD_PERP,bid,58600,751.78
2024-09-03 19:02:30,BTCUSD_PERP,bid,58600,809.21
2024-09-03 19:02:30,BTCUSD_PERP,bid,58600,925.25
2024-09-03 19:03:10,BTCUSD_PERP,bid,58600,809.21
2024-09-03 19:03:10,BTCUSD_PERP,bid,58600,751.19
2024-09-03 19:03:10,BTCUSD_PERP,bid,58600,635.74
2024-09-03 19:03:11,BTCUSD_PERP,bid,58600,520.3
2024-09-03 19:03:11,BTCUSD_PERP,bid,58600,578.72
2024-09-03 19:03:11,BTCUSD_PERP,bid,58600,752.17
2024-09-03 19:03:11,BTCUSD_PERP,bid,58600,810.22
2024-09-03 19:03:11,BTCUSD_PERP,bid,58600,925.73
2024-09-03 19:03:11,BTCUSD_PERP,bid,58600,1041.24
2024-09-03 19:03:12,BTCUSD_PERP,bid,58500,520.78
2024-09-03 19:03:12,BTCUSD_PERP,bid,58600,1099.29
2024-09-03 19:04:12,BTCUSD_PERP,bid,58600,983.78
2024-09-03 19:04:12,BTCUSD_PERP,bid,58600,636.77
2024-09-03 19:04:13,BTCUSD_PERP,bid,58600,1040.55
2024-09-03 19:04:13,BTCUSD_PERP,bid,58500,564.02
2024-09-03 19:04:13,BTCUSD_PERP,bid,58600,1098.56
2024-09-03 19:04:14,BTCUSD_PERP,bid,58600,1155.99
2024-09-03 19:04:19,BTCUSD_PERP,bid,58500,634.73
2024-09-03 19:04:19,BTCUSD_PERP,bid,58500,982.03
2024-09-03 19:04:19,BTCUSD_PERP,bid,58500,563.71
2024-09-03 19:04:19,BTCUSD_PERP,bid,58500,1040.01
2024-09-03 19:04:32,BTCUSD_PERP,bid,58500,635.92
2024-09-03 19:04:32,BTCUSD_PERP,bid,58500,577.94
2024-09-03 19:04:33,BTCUSD_PERP,bid,58600,519.64
2024-09-03 19:04:33,BTCUSD_PERP,bid,58600,577.06
2024-09-03 19:04:33,BTCUSD_PERP,bid,58600,693.08
2024-09-03 19:04:33,BTCUSD_PERP,bid,58600,751.09
2024-09-03 19:06:11,BTCUSD_PERP,bid,58600,635.07
2024-09-03 19:06:11,BTCUSD_PERP,bid,58600,577.65
2024-09-03 19:06:12,BTCUSD_PERP,bid,58600,578.73
2024-09-03 19:06:12,BTCUSD_PERP,bid,58600,636.78
2024-09-03 19:06:12,BTCUSD_PERP,bid,58600,694.83
2024-09-03 19:06:12,BTCUSD_PERP,bid,58600,752.29
2024-09-03 19:06:12,BTCUSD_PERP,bid,58600,809.75
2024-09-03 19:06:12,BTCUSD_PERP,bid,58600,867.21
2024-09-03 19:06:13,BTCUSD_PERP,bid,58600,983.2
2024-09-03 19:06:13,BTCUSD_PERP,bid,58600,1040.65
2024-09-03 19:06:13,BTCUSD_PERP,bid,58600,1098.7
2024-09-03 19:06:13,BTCUSD_PERP,bid,58600,1156.75
2024-09-03 19:06:14,BTCUSD_PERP,bid,58600,1156.79
2024-09-03 19:09:12,BTCUSD_PERP,bid,58600,1099.33
2024-09-03 19:09:12,BTCUSD_PERP,bid,58600,1041.28
2024-09-03 19:09:12,BTCUSD_PERP,bid,58600,983.23
2024-09-03 19:09:12,BTCUSD_PERP,bid,58600,925.18
2024-09-03 19:09:12,BTCUSD_PERP,bid,58600,751.73
2024-09-03 19:09:12,BTCUSD_PERP,bid,58600,694.27
2024-09-03 19:09:12,BTCUSD_PERP,bid,58600,636.22
2024-09-03 19:09:12,BTCUSD_PERP,bid,58600,578.77
2024-09-03 19:09:13,BTCUSD_PERP,bid,58600,521.31
2024-09-03 19:09:13,BTCUSD_PERP,bid,58600,520.83
2024-09-03 19:09:13,BTCUSD_PERP,bid,58600,578.91
2024-09-03 19:09:13,BTCUSD_PERP,bid,58600,636.99
2024-09-03 19:09:13,BTCUSD_PERP,bid,58600,694.47
2024-09-03 19:09:13,BTCUSD_PERP,bid,58600,868.11
2024-09-03 19:09:14,BTCUSD_PERP,bid,58600,564.65
2024-09-03 19:09:14,BTCUSD_PERP,bid,58600,984.27
2024-09-03 19:10:21,BTCUSD_PERP,bid,58600,926.19
2024-09-03 19:10:21,BTCUSD_PERP,bid,58600,868.11
2024-09-03 19:10:21,BTCUSD_PERP,bid,58600,751.58
2024-09-03 19:10:21,BTCUSD_PERP,bid,58500,537.14
2024-09-03 19:10:21,BTCUSD_PERP,bid,58600,1041.24
2024-09-03 19:10:21,BTCUSD_PERP,bid,58500,595.09
2024-09-03 19:10:21,BTCUSD_PERP,bid,58600,1099.29
2024-09-03 19:12:04,BTCUSD_PERP,bid,58500,537.1
2024-09-03 19:12:04,BTCUSD_PERP,bid,58600,1041.83
2024-09-03 19:12:04,BTCUSD_PERP,bid,58600,983.78
2024-09-03 19:12:04,BTCUSD_PERP,bid,58600,867.79
2024-09-03 19:12:05,BTCUSD_PERP,bid,58600,809.74
2024-09-03 19:12:05,BTCUSD_PERP,bid,58600,693.64
2024-09-03 19:12:05,BTCUSD_PERP,bid,58600,636.19
2024-09-03 19:12:05,BTCUSD_PERP,bid,58600,578.73
2024-09-03 19:12:05,BTCUSD_PERP,bid,58600,520.68
2024-09-03 19:12:05,BTCUSD_PERP,bid,58600,521.42
2024-09-03 19:12:05,BTCUSD_PERP,bid,58600,636.4
2024-09-03 19:12:05,BTCUSD_PERP,bid,58600,752.56
2024-09-03 19:12:06,BTCUSD_PERP,bid,58600,810.64
2024-09-03 19:12:06,BTCUSD_PERP,bid,58600,868.72
2024-09-03 19:12:06,BTCUSD_PERP,bid,58600,926.21
2024-09-03 19:12:06,BTCUSD_PERP,bid,58600,984.29
2024-09-03 19:12:06,BTCUSD_PERP,bid,58600,1042.37
2024-09-03 19:12:57,BTCUSD_PERP,bid,58600,808.9
2024-09-03 19:13:11,BTCUSD_PERP,bid,58600,751.46
2024-09-03 19:13:11,BTCUSD_PERP,bid,58600,693.42
2024-09-03 19:13:12,BTCUSD_PERP,bid,58600,635.97
2024-09-03 19:13:12,BTCUSD_PERP,bid,58600,519.89
2024-09-03 19:13:12,BTCUSD_PERP,bid,58600,520.27
2024-09-03 19:13:13,BTCUSD_PERP,bid,58600,578.34
2024-09-03 19:13:13,BTCUSD_PERP,bid,58600,636.41
2024-09-03 19:13:13,BTCUSD_PERP,bid,58600,694.37
2024-09-03 19:13:13,BTCUSD_PERP,bid,58600,564.53
2024-09-03 19:13:13,BTCUSD_PERP,bid,58600,751.85
2024-09-03 19:13:13,BTCUSD_PERP,bid,58600,809.33
2024-09-03 19:13:13,BTCUSD_PERP,bid,58600,867.4
2024-09-03 19:17:07,BTCUSD_PERP,bid,58600,521.02
2024-09-03 19:17:07,BTCUSD_PERP,bid,58600,809.92
2024-09-03 19:17:08,BTCUSD_PERP,bid,58600,752.44
2024-09-03 19:17:08,BTCUSD_PERP,bid,58600,637.48
2024-09-03 19:17:08,BTCUSD_PERP,bid,58600,579.41
2024-09-03 19:17:08,BTCUSD_PERP,bid,58600,519.3
2024-09-03 19:17:08,BTCUSD_PERP,bid,58600,866.95
2024-09-03 19:17:08,BTCUSD_PERP,bid,58500,564.23
2024-09-03 19:17:10,BTCUSD_PERP,bid,58600,809.08
2024-09-03 19:17:10,BTCUSD_PERP,bid,58600,809.12
2024-09-03 19:17:10,BTCUSD_PERP,bid,58500,520.48
2024-09-03 19:17:27,BTCUSD_PERP,bid,58600,519.77
2024-09-03 19:17:27,BTCUSD_PERP,bid,58600,520.02
2024-09-03 19:17:27,BTCUSD_PERP,bid,58600,577.47
2024-09-03 19:17:27,BTCUSD_PERP,bid,58600,634.92
2024-09-03 19:17:32,BTCUSD_PERP,bid,58600,518.94
2024-09-03 19:17:34,BTCUSD_PERP,bid,58600,519.09
2024-09-03 19:19:07,BTCUSD_PERP,bid,58600,592.48
2024-09-03 19:19:08,BTCUSD_PERP,bid,58600,649.99
2024-09-03 19:19:08,BTCUSD_PERP,bid,58600,707.5
2024-09-03 19:20:10,BTCUSD_PERP,bid,58600,693.56
2024-09-03 19:20:14,BTCUSD_PERP,bid,58600,693.6
2024-09-03 19:20:36,BTCUSD_PERP,bid,58600,636.09
2024-09-03 19:20:36,BTCUSD_PERP,bid,58600,577.99
2024-09-03 19:20:37,BTCUSD_PERP,bid,58600,519.89
2024-09-03 19:34:37,BTCUSD_PERP,bid,58800,522.21
2024-09-03 19:34:37,BTCUSD_PERP,bid,58800,580.43
2024-09-03 19:34:37,BTCUSD_PERP,bid,58800,638.65
2024-09-03 19:34:37,BTCUSD_PERP,bid,58800,696.77
2024-09-03 19:35:11,BTCUSD_PERP,bid,58800,638.55
2024-09-03 19:35:11,BTCUSD_PERP,bid,58800,580.33
2024-09-03 19:35:11,BTCUSD_PERP,bid,58700,638.81
2024-09-03 19:35:26,BTCUSD_PERP,bid,58700,581.21
2024-09-03 19:35:26,BTCUSD_PERP,bid,58700,523.12
2024-09-03 19:35:27,BTCUSD_PERP,bid,58700,522.07
2024-09-03 19:35:27,BTCUSD_PERP,bid,58700,580.22
2024-09-03 19:35:27,BTCUSD_PERP,bid,58700,638.37
2024-09-03 19:35:55,BTCUSD_PERP,bid,58700,580.52
2024-09-03 19:35:55,BTCUSD_PERP,bid,58700,638.7
2024-09-03 19:36:07,BTCUSD_PERP,bid,58700,580.52
2024-09-03 19:36:08,BTCUSD_PERP,bid,58800,522.8
2024-09-03 19:36:33,BTCUSD_PERP,bid,58800,522.61
2024-09-03 19:36:33,BTCUSD_PERP,bid,58800,580.82
2024-09-03 19:36:33,BTCUSD_PERP,bid,58800,639.03
2024-09-03 19:37:33,BTCUSD_PERP,bid,58800,580.82
2024-09-03 19:37:33,BTCUSD_PERP,bid,58800,522.61
2024-09-03 19:37:34,BTCUSD_PERP,bid,58800,535.87
2024-09-03 19:37:34,BTCUSD_PERP,bid,58800,709.93
2024-09-03 19:37:35,BTCUSD_PERP,bid,58800,768.18
2024-09-03 19:37:35,BTCUSD_PERP,bid,58800,826.43
2024-09-03 19:37:35,BTCUSD_PERP,bid,58800,884.68
2024-09-03 19:37:35,BTCUSD_PERP,bid,58800,942.34
2024-09-03 19:37:35,BTCUSD_PERP,bid,58700,566.36
2024-09-03 19:37:35,BTCUSD_PERP,bid,58800,1000.0
2024-09-03 19:37:35,BTCUSD_PERP,bid,58800,1057.66
2024-09-03 19:37:44,BTCUSD_PERP,bid,58800,883.5
2024-09-03 19:37:44,BTCUSD_PERP,bid,58800,521.03
2024-09-03 19:39:02,BTCUSD_PERP,bid,58700,695.82
2024-09-03 19:39:02,BTCUSD_PERP,bid,58700,754.01
2024-09-03 19:41:04,BTCUSD_PERP,bid,58700,528.6
2024-09-03 19:41:05,BTCUSD_PERP,bid,58700,1049.65
2024-09-03 19:41:05,BTCUSD_PERP,bid,58700,1107.81
2024-09-03 19:42:37,BTCUSD_PERP,bid,58700,992.68
2024-09-03 19:42:37,BTCUSD_PERP,bid,58700,934.52
2024-09-03 19:42:37,BTCUSD_PERP,bid,58700,876.36
2024-09-03 19:42:38,BTCUSD_PERP,bid,58700,529.8
2024-09-03 19:43:31,BTCUSD_PERP,bid,58700,519.9
2024-09-03 19:43:32,BTCUSD_PERP,bid,58700,578.06
2024-09-03 19:43:32,BTCUSD_PERP,bid,58700,636.22
2024-09-03 19:46:07,BTCUSD_PERP,bid,58700,635.9
2024-09-03 19:46:09,BTCUSD_PERP,bid,58700,579.94
2024-09-03 19:47:09,BTCUSD_PERP,bid,58700,520.82
2024-09-03 19:47:09,BTCUSD_PERP,bid,58600,578.04
2024-09-03 19:47:39,BTCUSD_PERP,bid,58600,520.53
2024-09-03 19:47:40,BTCUSD_PERP,bid,58600,635.22
2024-09-03 19:49:04,BTCUSD_PERP,bid,58600,577.15
2024-09-03 19:52:36,BTCUSD_PERP,bid,58700,522.85
2024-09-03 19:52:36,BTCUSD_PERP,bid,58700,580.42
2024-09-03 19:52:36,BTCUSD_PERP,bid,58700,638.48
2024-09-03 19:52:38,BTCUSD_PERP,bid,58700,640.59
2024-09-03 19:54:39,BTCUSD_PERP,bid,58700,638.48
2024-09-03 19:55:45,BTCUSD_PERP,bid,58600,636.14
2024-09-03 19:55:45,BTCUSD_PERP,bid,58600,694.24
2024-09-03 19:56:03,BTCUSD_PERP,bid,58600,520.75
2024-09-03 19:56:03,BTCUSD_PERP,bid,58600,521.97
2024-09-03 19:58:04,BTCUSD_PERP,bid,58600,520.75
2024-09-03 20:02:07,BTCUSD_PERP,bid,58600,636.63
2024-09-03 20:02:07,BTCUSD_PERP,bid,58600,752.24
2024-09-03 20:02:07,BTCUSD_PERP,bid,58600,809.74
2024-09-03 20:02:08,BTCUSD_PERP,bid,58600,867.25
2024-09-03 20:02:11,BTCUSD_PERP,bid,58600,883.41
2024-09-03 20:02:12,BTCUSD_PERP,bid,58600,884.64
2024-09-03 20:03:37,BTCUSD_PERP,bid,58600,883.41
2024-09-03 20:04:11,BTCUSD_PERP,bid,58600,869.35
2024-09-03 20:04:12,BTCUSD_PERP,bid,58600,867.25
2024-09-03 20:05:01,BTCUSD_PERP,bid,58600,809.15
2024-09-03 20:05:01,BTCUSD_PERP,bid,58600,751.64
2024-09-03 20:05:01,BTCUSD_PERP,bid,58600,694.13
2024-09-03 20:05:01,BTCUSD_PERP,bid,58600,578.52
2024-09-03 20:05:02,BTCUSD_PERP,bid,58700,578.83
2024-09-03 20:05:02,BTCUSD_PERP,bid,58700,636.37
2024-09-03 20:05:02,BTCUSD_PERP,bid,58700,809.57
2024-09-03 20:05:02,BTCUSD_PERP,bid,58700,867.7
2024-09-03 20:06:17,BTCUSD_PERP,bid,58700,810.16
2024-09-03 20:06:17,BTCUSD_PERP,bid,58700,752.62
2024-09-03 20:06:17,BTCUSD_PERP,bid,58700,694.49
2024-09-03 20:06:17,BTCUSD_PERP,bid,58700,579.42
2024-09-03 20:06:17,BTCUSD_PERP,bid,58700,521.88
2024-09-03 20:06:18,BTCUSD_PERP,bid,58700,579.33
2024-09-03 20:06:18,BTCUSD_PERP,bid,58700,695.08
2024-09-03 20:06:18,BTCUSD_PERP,bid,58700,753.25
2024-09-03 20:06:18,BTCUSD_PERP,bid,58700,869.49
2024-09-03 20:06:19,BTCUSD_PERP,bid,58700,927.66
2024-09-03 20:06:40,BTCUSD_PERP,ask,59900,508.19
2024-09-03 20:06:53,BTCUSD_PERP,bid,58700,869.59
2024-09-03 20:06:53,BTCUSD_PERP,bid,58700,811.42
2024-09-03 20:06:53,BTCUSD_PERP,bid,58700,696.27
2024-09-03 20:06:54,BTCUSD_PERP,bid,58700,638.69
2024-09-03 20:06:54,BTCUSD_PERP,bid,58700,522.35
2024-09-03 20:06:54,BTCUSD_PERP,bid,58700,521.92
2024-09-03 20:06:54,BTCUSD_PERP,bid,58700,580.12
2024-09-03 20:06:55,BTCUSD_PERP,bid,58700,638.32
2024-09-03 20:06:55,BTCUSD_PERP,bid,58700,811.74
2024-09-03 20:06:55,BTCUSD_PERP,bid,58700,928.14
2024-09-03 20:07:02,BTCUSD_PERP,ask,59900,502.26
2024-09-03 20:08:26,BTCUSD_PERP,bid,58700,811.74
2024-09-03 20:08:27,BTCUSD_PERP,bid,58700,753.15
2024-09-03 20:08:35,BTCUSD_PERP,bid,58700,752.69
2024-09-03 20:09:09,BTCUSD_PERP,ask,59800,508.78
2024-09-03 20:09:11,BTCUSD_PERP,ask,59800,518.34
2024-09-03 20:09:13,BTCUSD_PERP,ask,59800,527.9
2024-09-03 20:09:16,BTCUSD_PERP,ask,59800,533.88
2024-09-03 20:09:25,BTCUSD_PERP,ask,59800,553.61
2024-09-03 20:09:32,BTCUSD_PERP,ask,59800,559.59
2024-09-03 20:09:33,BTCUSD_PERP,ask,59800,565.56
2024-09-03 20:09:48,BTCUSD_PERP,ask,59800,556.0
2024-09-03 20:10:09,BTCUSD_PERP,ask,59800,546.44
2024-09-03 20:10:10,BTCUSD_PERP,ask,59800,536.87
2024-09-03 20:10:11,BTCUSD_PERP,ask,59800,527.31
2024-09-03 20:10:13,BTCUSD_PERP,ask,59800,517.75
2024-09-03 20:10:15,BTCUSD_PERP,ask,59800,511.78
2024-09-03 20:10:16,BTCUSD_PERP,ask,59800,505.8
2024-09-03 20:12:49,BTCUSD_PERP,bid,58700,694.56
2024-09-03 20:12:50,BTCUSD_PERP,bid,58700,636.53
2024-09-03 20:12:50,BTCUSD_PERP,bid,58700,578.98
2024-09-03 20:12:50,BTCUSD_PERP,bid,58700,520.85
2024-09-03 20:14:30,BTCUSD_PERP,bid,58800,522.12
2024-09-03 20:14:30,BTCUSD_PERP,bid,58800,580.23
2024-09-03 20:14:30,BTCUSD_PERP,bid,58800,637.85
2024-09-03 20:15:08,BTCUSD_PERP,bid,58700,695.7
2024-09-03 20:16:33,BTCUSD_PERP,bid,58700,579.04
2024-09-03 20:16:37,BTCUSD_PERP,ask,59800,509.39
2024-09-03 20:16:38,BTCUSD_PERP,ask,59800,509.57
2024-09-03 20:17:49,BTCUSD_PERP,bid,58600,520.24
2024-09-03 20:17:54,BTCUSD_PERP,ask,59800,514.89
2024-09-03 20:17:56,BTCUSD_PERP,ask,59800,534.61
2024-09-03 20:18:21,BTCUSD_PERP,bid,58700,520.51
2024-09-03 20:18:21,BTCUSD_PERP,bid,58700,636.73
2024-09-03 20:20:50,BTCUSD_PERP,bid,58700,521.48
2024-09-03 20:20:50,BTCUSD_PERP,bid,58700,579.63
2024-09-03 20:20:51,BTCUSD_PERP,bid,58700,637.78
2024-09-03 20:23:31,BTCUSD_PERP,bid,58700,520.99
2024-09-03 20:23:31,BTCUSD_PERP,bid,58700,695.34
2024-09-03 20:25:18,BTCUSD_PERP,bid,58700,637.19
2024-09-03 20:25:18,BTCUSD_PERP,bid,58700,520.99
2024-09-03 20:25:18,BTCUSD_PERP,bid,58700,637.7
2024-09-03 20:25:35,BTCUSD_PERP,bid,58700,580.17
2024-09-03 20:25:35,BTCUSD_PERP,bid,58600,579.02
2024-09-03 20:25:35,BTCUSD_PERP,bid,58600,637.11
2024-09-03 20:27:02,BTCUSD_PERP,bid,58600,636.79
2024-09-03 20:27:17,BTCUSD_PERP,bid,58600,520.36
2024-09-03 20:27:17,BTCUSD_PERP,bid,58600,636.42
2024-09-03 20:27:19,BTCUSD_PERP,bid,58600,636.46
2024-09-03 20:27:22,BTCUSD_PERP,ask,59700,508.3
2024-09-03 20:27:22,BTCUSD_PERP,ask,59700,517.85
2024-09-03 20:27:23,BTCUSD_PERP,ask,59700,527.39
2024-09-03 20:27:24,BTCUSD_PERP,ask,59700,533.35
2024-09-03 20:27:25,BTCUSD_PERP,ask,59700,542.9
2024-09-03 20:27:38,BTCUSD_PERP,ask,59700,536.99
2024-09-03 20:27:46,BTCUSD_PERP,ask,59700,517.47
2024-09-03 20:28:22,BTCUSD_PERP,ask,59700,507.92
2024-09-03 20:30:30,BTCUSD_PERP,bid,58600,520.4
2024-09-03 20:30:39,BTCUSD_PERP,bid,58500,692.46
2024-09-03 20:30:47,BTCUSD_PERP,bid,58500,634.5
2024-09-03 20:30:47,BTCUSD_PERP,bid,58500,576.54
2024-09-03 20:30:47,BTCUSD_PERP,bid,58500,519.17
2024-09-03 20:30:48,BTCUSD_PERP,bid,58500,577.41
2024-09-03 20:30:48,BTCUSD_PERP,bid,58500,692.13
2024-09-03 20:31:01,BTCUSD_PERP,bid,58500,576.27
2024-09-03 20:31:01,BTCUSD_PERP,bid,58400,517.98
2024-09-03 20:31:46,BTCUSD_PERP,bid,58400,518.04
2024-09-03 20:32:00,BTCUSD_PERP,bid,58400,517.36
2024-09-03 20:32:09,BTCUSD_PERP,bid,58400,574.55
2024-09-03 20:32:32,BTCUSD_PERP,bid,58300,518.66
2024-09-03 20:32:32,BTCUSD_PERP,bid,58300,576.42
2024-09-03 20:33:18,BTCUSD_PERP,bid,58400,519.24
2024-09-03 20:33:18,BTCUSD_PERP,bid,58400,576.53
2024-09-03 20:33:18,BTCUSD_PERP,bid,58400,691.72
2024-09-03 20:33:19,BTCUSD_PERP,bid,58400,749.5
2024-09-03 20:33:19,BTCUSD_PERP,bid,58400,807.39
2024-09-03 20:33:24,BTCUSD_PERP,bid,58400,922.1
2024-09-03 20:33:29,BTCUSD_PERP,bid,58400,864.83
2024-09-03 20:33:30,BTCUSD_PERP,bid,58400,749.22
2024-09-03 20:33:30,BTCUSD_PERP,bid,58400,921.62
2024-09-03 20:33:58,BTCUSD_PERP,bid,58400,863.79
2024-09-03 20:34:08,BTCUSD_PERP,bid,58400,805.96
2024-09-03 20:34:08,BTCUSD_PERP,bid,58400,748.72
2024-09-03 20:34:08,BTCUSD_PERP,bid,58400,691.0
2024-09-03 20:34:08,BTCUSD_PERP,bid,58400,575.93
2024-09-03 20:34:08,BTCUSD_PERP,bid,58400,518.69
2024-09-03 20:34:09,BTCUSD_PERP,bid,58300,517.64
2024-09-03 20:34:26,BTCUSD_PERP,bid,58300,805.53
2024-09-03 20:34:26,BTCUSD_PERP,bid,58300,863.33
2024-09-03 20:34:42,BTCUSD_PERP,bid,58300,518.07
2024-09-03 20:34:46,BTCUSD_PERP,bid,58300,747.9
2024-09-03 20:34:46,BTCUSD_PERP,bid,58300,805.62
2024-09-03 20:34:51,BTCUSD_PERP,bid,58300,690.77
2024-09-03 20:34:51,BTCUSD_PERP,bid,58300,633.64
2024-09-03 20:34:51,BTCUSD_PERP,bid,58300,575.92
2024-09-03 20:34:52,BTCUSD_PERP,bid,58300,518.2
2024-09-03 20:34:52,BTCUSD_PERP,bid,58300,517.43
2024-09-03 20:34:52,BTCUSD_PERP,bid,58300,632.35
2024-09-03 20:34:52,BTCUSD_PERP,bid,58300,690.1
2024-09-03 20:34:52,BTCUSD_PERP,bid,58300,747.26
2024-09-03 20:35:04,BTCUSD_PERP,bid,58300,690.09
2024-09-03 20:35:04,BTCUSD_PERP,bid,58300,632.34
2024-09-03 20:35:04,BTCUSD_PERP,bid,58300,518.0
2024-09-03 20:35:10,BTCUSD_PERP,bid,58300,518.55
2024-09-03 20:35:17,BTCUSD_PERP,bid,58300,633.05
2024-09-03 20:35:17,BTCUSD_PERP,bid,58300,690.77
2024-09-03 20:35:22,BTCUSD_PERP,bid,58300,633.05
2024-09-03 20:35:22,BTCUSD_PERP,bid,58300,575.33
2024-09-03 20:35:24,BTCUSD_PERP,bid,58300,518.2
2024-09-03 20:42:00,BTCUSD_PERP,ask,59200,519.34
2024-09-03 20:42:06,BTCUSD_PERP,ask,59200,513.48
2024-09-03 20:43:18,BTCUSD_PERP,ask,59200,507.39
2024-09-03 21:08:08,BTCUSD_PERP,bid,57500,567.78
2024-09-03 21:08:08,BTCUSD_PERP,bid,57500,624.8
2024-09-03 21:08:09,BTCUSD_PERP,bid,57500,681.24
2024-09-03 21:08:52,BTCUSD_PERP,bid,57500,570.32
2024-09-03 21:08:53,BTCUSD_PERP,bid,57500,627.34
2024-09-03 21:09:02,BTCUSD_PERP,bid,57500,570.32
2024-09-03 21:14:17,BTCUSD_PERP,bid,57300,567.77
2024-09-03 21:15:32,BTCUSD_PERP,bid,57300,581.42
2024-09-03 21:15:32,BTCUSD_PERP,bid,57300,694.47
2024-09-03 21:15:32,BTCUSD_PERP,bid,57300,807.52
2024-09-03 21:15:32,BTCUSD_PERP,bid,57300,921.76
2024-09-03 21:15:32,BTCUSD_PERP,bid,57300,977.99
2024-09-03 21:15:32,BTCUSD_PERP,bid,57300,1034.81
2024-09-03 21:15:33,BTCUSD_PERP,bid,57300,1091.63
2024-09-03 21:15:35,BTCUSD_PERP,bid,57300,978.68
2024-09-03 21:15:35,BTCUSD_PERP,bid,57300,921.86
2024-09-03 21:15:35,BTCUSD_PERP,bid,57300,865.04
2024-09-03 21:15:36,BTCUSD_PERP,bid,57300,808.81
2024-09-03 21:15:36,BTCUSD_PERP,bid,57300,695.76
2024-09-03 21:15:36,BTCUSD_PERP,bid,57300,582.71
2024-09-03 21:17:07,BTCUSD_PERP,bid,57300,564.35
2024-09-03 21:18:19,BTCUSD_PERP,bid,57400,565.88
2024-09-03 21:19:00,BTCUSD_PERP,bid,57300,565.58
2024-09-03 21:27:06,BTCUSD_PERP,bid,57500,681.47
2024-09-03 21:27:18,BTCUSD_PERP,bid,57500,567.49
2024-09-03 21:27:31,BTCUSD_PERP,bid,57500,737.87
2024-09-03 21:27:31,BTCUSD_PERP,bid,57500,851.27
2024-09-03 21:27:31,BTCUSD_PERP,bid,57500,908.26
2024-09-03 21:30:05,BTCUSD_PERP,bid,57400,566.66
2024-09-03 21:33:30,BTCUSD_PERP,bid,57400,565.42
2024-09-03 21:33:30,BTCUSD_PERP,bid,57400,677.95
2024-09-03 21:33:30,BTCUSD_PERP,bid,57400,848.47
2024-09-03 21:33:30,BTCUSD_PERP,bid,57400,905.31
2024-09-03 21:33:43,BTCUSD_PERP,bid,57400,792.78
2024-09-03 21:33:43,BTCUSD_PERP,bid,57400,565.42
2024-09-03 21:33:43,BTCUSD_PERP,bid,57300,791.18
2024-09-03 21:34:08,BTCUSD_PERP,bid,57300,734.37
2024-09-03 21:34:08,BTCUSD_PERP,bid,57300,677.56
2024-09-03 21:34:08,BTCUSD_PERP,bid,57300,620.85
2024-09-03 21:34:08,BTCUSD_PERP,bid,57300,564.62
2024-09-03 21:40:31,BTCUSD_PERP,bid,57400,565.87
2024-09-03 21:40:31,BTCUSD_PERP,bid,57400,678.36
2024-09-03 21:40:32,BTCUSD_PERP,bid,57400,735.19
2024-09-03 21:40:50,BTCUSD_PERP,bid,57400,622.23
2024-09-03 21:40:51,BTCUSD_PERP,bid,57300,565.09
2024-09-03 21:41:02,BTCUSD_PERP,bid,57400,622.8
2024-09-03 21:41:02,BTCUSD_PERP,bid,57400,679.64
2024-09-03 21:41:03,BTCUSD_PERP,bid,57400,681.7
2024-09-03 21:41:10,BTCUSD_PERP,bid,57400,624.86
2024-09-03 21:41:10,BTCUSD_PERP,bid,57400,568.02
2024-09-03 21:41:10,BTCUSD_PERP,bid,57400,566.26
2024-09-03 21:41:10,BTCUSD_PERP,bid,57400,623.13
2024-09-03 21:41:10,BTCUSD_PERP,bid,57400,679.42
2024-09-03 21:41:10,BTCUSD_PERP,bid,57400,735.71
2024-09-03 21:41:48,BTCUSD_PERP,bid,57400,566.37
2024-09-03 21:41:49,BTCUSD_PERP,bid,57400,735.26
2024-09-03 21:41:57,BTCUSD_PERP,bid,57300,736.69
2024-09-03 21:41:57,BTCUSD_PERP,bid,57300,905.37
2024-09-03 21:41:57,BTCUSD_PERP,bid,57300,962.17
2024-09-03 21:43:10,BTCUSD_PERP,bid,57300,849.15
2024-09-03 21:43:10,BTCUSD_PERP,bid,57300,736.12
2024-09-03 21:43:10,BTCUSD_PERP,bid,57300,679.32
2024-09-03 21:43:10,BTCUSD_PERP,bid,57300,565.72
2024-09-03 21:46:23,BTCUSD_PERP,bid,57200,677.42
2024-09-03 21:46:27,BTCUSD_PERP,bid,57200,577.39
2024-09-03 21:46:54,BTCUSD_PERP,bid,57100,733.17
2024-09-03 21:46:54,BTCUSD_PERP,bid,57100,789.79
2024-09-03 21:47:05,BTCUSD_PERP,ask,58300,551.95
2024-09-03 21:47:05,BTCUSD_PERP,ask,58300,554.14
2024-09-03 21:47:10,BTCUSD_PERP,ask,58300,548.32
2024-09-03 21:48:35,BTCUSD_PERP,ask,575000,575.5
2024-09-03 21:48:41,BTCUSD_PERP,ask,66100,2353.59
2024-09-03 21:50:37,BTCUSD_PERP,bid,57200,564.76
2024-09-03 21:51:11,BTCUSD_PERP,bid,57200,563.43
2024-09-03 21:52:35,BTCUSD_PERP,bid,57000,562.78
2024-09-03 21:52:35,BTCUSD_PERP,bid,57000,731.73
2024-09-03 21:52:35,BTCUSD_PERP,bid,57000,788.24
2024-09-03 21:52:43,BTCUSD_PERP,bid,57000,732.31
2024-09-03 21:52:43,BTCUSD_PERP,bid,57000,676.38
2024-09-03 21:52:49,BTCUSD_PERP,bid,57000,619.87
2024-09-03 21:52:49,BTCUSD_PERP,bid,57000,563.94
2024-09-03 21:53:19,BTCUSD_PERP,bid,57100,564.28
2024-09-03 21:53:20,BTCUSD_PERP,bid,57100,620.31
2024-09-03 21:53:41,BTCUSD_PERP,bid,57100,732.56
2024-09-03 21:53:41,BTCUSD_PERP,bid,57100,789.13
2024-09-03 21:54:01,BTCUSD_PERP,bid,57100,732.56
2024-09-03 21:54:01,BTCUSD_PERP,bid,57100,675.99
2024-09-03 21:54:01,BTCUSD_PERP,bid,57100,619.42
2024-09-03 21:54:01,BTCUSD_PERP,bid,57100,563.42
2024-09-03 21:54:01,BTCUSD_PERP,bid,57100,563.08
2024-09-03 21:55:27,BTCUSD_PERP,bid,57000,732.21
2024-09-03 21:55:27,BTCUSD_PERP,bid,57000,844.64
2024-09-03 21:55:32,BTCUSD_PERP,bid,57000,788.71
2024-09-03 21:55:32,BTCUSD_PERP,bid,57000,676.85
2024-09-03 21:55:32,BTCUSD_PERP,bid,57000,620.35
2024-09-03 21:55:32,BTCUSD_PERP,bid,57000,563.85
2024-09-03 21:56:36,BTCUSD_PERP,bid,57200,620.65
2024-09-03 21:56:36,BTCUSD_PERP,bid,57200,676.72
2024-09-03 21:57:01,BTCUSD_PERP,bid,57200,620.08
2024-09-03 21:57:01,BTCUSD_PERP,bid,57200,563.54
2024-09-03 21:57:02,BTCUSD_PERP,bid,57100,564.26
2024-09-03 21:57:03,BTCUSD_PERP,bid,57100,620.29
2024-09-03 21:57:03,BTCUSD_PERP,bid,57100,788.96
2024-09-03 21:57:39,BTCUSD_PERP,bid,57100,620.29
2024-09-03 22:02:44,BTCUSD_PERP,bid,57100,563.78
2024-09-03 22:02:44,BTCUSD_PERP,bid,57100,620.39
2024-09-03 22:03:32,BTCUSD_PERP,bid,57100,563.78
2024-09-03 22:03:34,BTCUSD_PERP,bid,57200,564.22
2024-09-03 22:03:38,BTCUSD_PERP,bid,57200,635.27
2024-09-03 22:03:38,BTCUSD_PERP,bid,57200,691.38
2024-09-03 22:03:39,BTCUSD_PERP,bid,57200,860.27
2024-09-03 22:03:39,BTCUSD_PERP,bid,57200,973.06
2024-09-03 22:03:39,BTCUSD_PERP,bid,57200,1029.74
2024-09-03 22:03:48,BTCUSD_PERP,bid,57200,973.63
2024-09-03 22:03:48,BTCUSD_PERP,bid,57200,916.95
2024-09-03 22:03:48,BTCUSD_PERP,bid,57200,804.16
2024-09-03 22:03:49,BTCUSD_PERP,bid,57200,747.48
2024-09-03 22:03:49,BTCUSD_PERP,bid,57200,690.8
2024-09-03 22:03:49,BTCUSD_PERP,bid,57200,677.01
2024-09-03 22:03:49,BTCUSD_PERP,bid,57200,733.66
2024-09-03 22:03:56,BTCUSD_PERP,bid,57100,676.43
2024-09-03 22:03:56,BTCUSD_PERP,bid,57100,733.05
2024-09-03 22:04:15,BTCUSD_PERP,bid,57100,620.4
2024-09-03 22:04:16,BTCUSD_PERP,bid,57200,563.04
2024-09-03 22:04:16,BTCUSD_PERP,bid,57200,676.34
2024-09-03 22:04:20,BTCUSD_PERP,bid,57200,789.54
2024-09-03 22:04:28,BTCUSD_PERP,bid,57200,677.4
2024-09-03 22:04:28,BTCUSD_PERP,bid,57200,564.1
2024-09-03 22:04:59,BTCUSD_PERP,bid,57200,563.48
2024-09-03 22:06:15,BTCUSD_PERP,bid,57200,564.32
2024-09-03 22:06:15,BTCUSD_PERP,bid,57200,620.42
2024-09-03 22:06:15,BTCUSD_PERP,bid,57200,676.52
2024-09-03 22:06:16,BTCUSD_PERP,bid,57200,733.19
2024-09-03 22:06:16,BTCUSD_PERP,bid,57200,846.53
2024-09-03 22:06:52,BTCUSD_PERP,bid,57200,621.33
2024-09-03 22:06:52,BTCUSD_PERP,bid,57200,678.03
2024-09-03 22:07:01,BTCUSD_PERP,bid,57200,621.33
2024-09-03 22:07:01,BTCUSD_PERP,bid,57200,564.63
2024-09-03 22:07:02,BTCUSD_PERP,bid,57300,733.81
2024-09-03 22:07:06,BTCUSD_PERP,bid,57300,677.06
2024-09-03 22:07:06,BTCUSD_PERP,bid,57300,620.89
2024-09-03 22:07:06,BTCUSD_PERP,bid,57300,564.24
2024-09-03 22:07:26,BTCUSD_PERP,bid,57300,791.36
2024-09-03 22:07:26,BTCUSD_PERP,bid,57300,848.14
2024-09-03 22:07:39,BTCUSD_PERP,bid,57300,678.48
2024-09-03 22:08:30,BTCUSD_PERP,bid,57300,735.19
2024-09-03 22:08:30,BTCUSD_PERP,bid,57300,791.97
2024-09-03 22:08:30,BTCUSD_PERP,bid,57300,848.75
2024-09-03 22:08:47,BTCUSD_PERP,bid,57300,791.97
2024-09-03 22:08:47,BTCUSD_PERP,bid,57300,735.19
2024-09-03 22:08:47,BTCUSD_PERP,bid,57300,622.3
