1726617713603,ETHUSDT,bid,2210,10136.41
1726618266123,ETHUSDT,bid,2210,10136.21
1726618501350,ETHUSDT,bid,2240,4528.221
1726618620119,ETHUSDT,bid,2240,4518.491
1726618620633,ETHUSDT,bid,2240,4513.259
1726618683895,ETHUSDT,bid,2220,14640.665
1726618724602,ETHUSDT,bid,2230,4589.306
1726618752302,ETHUSDT,bid,2220,14639.946
1726618769289,ETHUSDT,bid,1700,6043.961
1726618959050,ETHUSDT,bid,2240,4513.248
1726619228007,ETHUSDT,bid,2230,4587.662
1726619318075,ETHUSDT,bid,2240,4513.025
1726619526808,ETHUSDT,bid,2230,4590.345
1726619622516,ETHUSDT,bid,2210,10127.158
1726619790544,ETHUSDT,bid,2210,10127.262
1726619790544,ETHUSDT,bid,2220,14640.05
1726619790544,ETHUSDT,bid,2230,4590.448
1726619831369,ETHUSDT,bid,2220,4504.311
1726619907840,ETHUSDT,bid,2230,4590.457
1726619912153,ETHUSDT,bid,2210,10127.51
1726619936603,ETHUSDT,bid,2220,14640.059
1726619971999,ETHUSDT,bid,2220,4519.297
1726620064439,ETHUSDT,bid,2210,10122.51
1726620069948,ETHUSDT,bid,2220,14635.059
1726620075368,ETHUSDT,bid,2230,4585.457
1726620075573,ETHUSDT,bid,2220,4519.307
1726620083615,ETHUSDT,bid,2220,14635.034
1726620115027,ETHUSDT,bid,2220,4519.297
1726620241213,ETHUSDT,bid,2310,10787.631
1726620243677,ETHUSDT,bid,2310,10788.238
1726620243977,ETHUSDT,bid,2310,10786.685
1726620244290,ETHUSDT,bid,2310,10791.366
1726620244594,ETHUSDT,bid,2310,10786.078
1726620245512,ETHUSDT,bid,2310,10786.396
1726620246538,ETHUSDT,bid,2310,10786.526
1726620254550,ETHUSDT,bid,2210,10122.387
1726620254550,ETHUSDT,bid,2220,14634.911
1726620254550,ETHUSDT,bid,2230,4585.334
1726620298438,ETHUSDT,bid,2230,4585.619
1726620655313,ETHUSDT,bid,2230,4585.61
1726620770209,ETHUSDT,bid,2230,4585.325
1726620805117,ETHUSDT,bid,1960,5242.439
1726620826015,ETHUSDT,bid,2210,10115.615
1726620905334,ETHUSDT,bid,2210,10115.511
1726620905334,ETHUSDT,bid,2220,14634.807
1726620905334,ETHUSDT,bid,2230,4585.222
1726621380982,ETHUSDT,bid,2210,10128.352
1726621495916,ETHUSDT,bid,2220,14630.313
1726621593166,ETHUSDT,bid,2240,4512.425
1726621614469,ETHUSDT,bid,2240,4514.125
1726621919285,ETHUSDT,bid,2210,10126.097
1726622122252,ETHUSDT,bid,2220,14629.739
1726622156109,ETHUSDT,bid,2220,14629.783
1726622168731,ETHUSDT,bid,2220,14629.657
1726622209172,ETHUSDT,bid,2220,14629.09
1726622212145,ETHUSDT,bid,2220,14629.104
1726622376286,ETHUSDT,bid,2240,4514.747
1726622418430,ETHUSDT,bid,2230,4584.589
1726622628486,ETHUSDT,bid,2220,14629.402
1726622677502,ETHUSDT,bid,2210,10123.84
1726622722402,ETHUSDT,bid,2210,10124.548
1726622832354,ETHUSDT,bid,1950,5262.421
1726623263083,ETHUSDT,bid,2230,4584.534
1726624102783,ETHUSDT,bid,2220,14629.388
1726624147796,ETHUSDT,bid,2220,14629.413
1726624242404,ETHUSDT,bid,2240,4524.747
1726624731549,ETHUSDT,bid,1700,6043.861
1726624867212,ETHUSDT,bid,2210,10124.601
1726624867212,ETHUSDT,bid,2220,14629.465
1726624867212,ETHUSDT,bid,2230,4584.586
1726625102545,ETHUSDT,bid,2230,4584.736
1726625152482,ETHUSDT,bid,2220,14629.456
1726625152482,ETHUSDT,bid,2230,4584.727
1726625501588,ETHUSDT,bid,2220,14630.456
1726625605055,ETHUSDT,bid,2210,10124.579
1726625612693,ETHUSDT,bid,1680,9017.345
1726625672622,ETHUSDT,bid,1700,6043.849
1726625752593,ETHUSDT,bid,2210,10123.079
1726625753613,ETHUSDT,bid,2220,14628.956
1726625786749,ETHUSDT,bid,2230,4592.62
1726625821813,ETHUSDT,bid,2230,4592.63
1726625822527,ETHUSDT,bid,2230,4592.64
1726625838603,ETHUSDT,bid,2230,4607.536
1726625865834,ETHUSDT,bid,2230,4607.526
1726625867251,ETHUSDT,bid,2230,4607.516
1726626087479,ETHUSDT,bid,2240,4524.776
1726626150904,ETHUSDT,bid,2240,4529.276
1726626156085,ETHUSDT,bid,2240,4524.776
1726626232834,ETHUSDT,bid,1700,6043.949
1726626431098,ETHUSDT,bid,2230,4606.816
1726626628189,ETHUSDT,bid,2230,4581.816
1726626885703,ETHUSDT,bid,1700,6043.849
1726626886108,ETHUSDT,bid,2210,10123.094
1726626886108,ETHUSDT,bid,2220,14628.971
1726626886108,ETHUSDT,bid,2230,4581.831
1726627057205,ETHUSDT,bid,2220,14628.594
1726627249656,ETHUSDT,bid,2230,4566.935
1726627257750,ETHUSDT,bid,2230,4566.828
1726627513166,ETHUSDT,bid,2220,14627.741
1726627628875,ETHUSDT,bid,2210,10123.049
1726627629687,ETHUSDT,bid,2220,14627.697
1726627630609,ETHUSDT,bid,2230,4566.784
1726627654781,ETHUSDT,bid,2210,10123.015
1726628128554,ETHUSDT,bid,2320,10043.661
1726628128662,ETHUSDT,bid,2320,10043.676
1726628128967,ETHUSDT,bid,2320,10048.776
1726628130298,ETHUSDT,bid,2320,10051.707
1726628346264,ETHUSDT,bid,2240,4524.81
1726628364781,ETHUSDT,bid,2240,4524.776
1726628371053,ETHUSDT,bid,2240,4524.845
1726628676587,ETHUSDT,bid,1960,5209.727
1726628699057,ETHUSDT,bid,2210,10119.568
1726628809550,ETHUSDT,bid,1700,6044.341
1726629078403,ETHUSDT,bid,2210,10119.553
1726629078403,ETHUSDT,bid,2220,14627.682
1726629078403,ETHUSDT,bid,2230,4566.769
1726629229490,ETHUSDT,bid,1960,5209.188
1726629328245,ETHUSDT,bid,2230,4566.699
1726629370466,ETHUSDT,bid,2230,4566.739
1726629431159,ETHUSDT,bid,2230,4566.699
1726629454535,ETHUSDT,bid,2230,4566.749
1726629630245,ETHUSDT,bid,1700,6043.988
1726629694418,ETHUSDT,bid,2230,4566.768
1726629718090,ETHUSDT,bid,1960,5208.888
1726630336731,ETHUSDT,bid,2210,10106.712
1726630634667,ETHUSDT,bid,2220,14620.881
1726630637222,ETHUSDT,bid,2240,4524.855
1726630692803,ETHUSDT,bid,2240,4524.845
1726631429649,ETHUSDT,bid,1780,5743.949
1726631644649,ETHUSDT,bid,2220,14620.657
1726631727127,ETHUSDT,bid,2220,14616.163
1726631816865,ETHUSDT,bid,2240,4524.855
1726631868916,ETHUSDT,bid,2240,4524.845
1726632094049,ETHUSDT,bid,2210,10106.527
1726632460054,ETHUSDT,bid,2230,4581.768
1726632481685,ETHUSDT,bid,2220,14619.163
1726632780689,ETHUSDT,bid,2230,4581.948
1726632920661,ETHUSDT,bid,1940,5285.137
1726633033863,ETHUSDT,ask,2320,4429.082
1726633033964,ETHUSDT,ask,2320,4429.292
1726633034163,ETHUSDT,ask,2320,4429.502
1726633034584,ETHUSDT,ask,2320,4429.672
1726633034687,ETHUSDT,ask,2320,4429.672
1726633034788,ETHUSDT,ask,2320,4430.579
1726633034890,ETHUSDT,ask,2320,4442.692
1726633561859,ETHUSDT,bid,2240,4529.317
1726633709047,ETHUSDT,bid,2220,14619.146
1726634044317,ETHUSDT,bid,2230,4581.959
1726634073859,ETHUSDT,bid,2210,10106.63
1726634077163,ETHUSDT,bid,2220,14619.034
1726634077163,ETHUSDT,bid,2230,4581.848
1726634296080,ETHUSDT,bid,2230,4580.425
1726634303156,ETHUSDT,bid,2220,14618.034
1726634613120,ETHUSDT,bid,2210,10108.24
1726634653685,ETHUSDT,bid,1700,6044.009
1726634816604,ETHUSDT,bid,2220,14617.347
1726635033409,ETHUSDT,bid,2230,4580.025
1726635070133,ETHUSDT,bid,2230,4584.525
1726635075383,ETHUSDT,bid,2230,4580.025
1726635326251,ETHUSDT,bid,2230,4584.525
1726635336622,ETHUSDT,bid,2230,4580.025
1726635584340,ETHUSDT,bid,2030,5069.828
1726635596924,ETHUSDT,bid,2030,5069.328
1726635605558,ETHUSDT,bid,2030,5069.828
1726635655124,ETHUSDT,bid,2240,4527.617
1726635753241,ETHUSDT,bid,2210,10108.194
1726635916745,ETHUSDT,bid,2230,4579.525
1726635934623,ETHUSDT,bid,2240,4523.145
1726635957856,ETHUSDT,bid,2230,4580.08
1726636065617,ETHUSDT,bid,2230,4584.575
1726636083318,ETHUSDT,bid,2220,4504.311
1726636103202,ETHUSDT,bid,2210,10112.717
1726636177792,ETHUSDT,bid,2230,4585.575
1726636347602,ETHUSDT,bid,2230,4592.615
1726636363862,ETHUSDT,bid,2230,4585.575
1726636428748,ETHUSDT,bid,1700,6031.726
1726636522270,ETHUSDT,bid,2240,4524.895
1726636590007,ETHUSDT,bid,1960,5209.388
1726636614499,ETHUSDT,bid,2030,5069.328
1726636693914,ETHUSDT,bid,1960,5227.3
1726637046884,ETHUSDT,bid,2240,4524.907
1726637319136,ETHUSDT,bid,2240,4514.907
1726637758853,ETHUSDT,bid,2220,14621.013
1726637779529,ETHUSDT,bid,2240,4514.892
1726637865840,ETHUSDT,bid,2240,4514.907
1726638518753,ETHUSDT,bid,1960,5209.388
1726638669143,ETHUSDT,bid,2220,14626.013
1726638901990,ETHUSDT,bid,2220,14626.022
1726638929533,ETHUSDT,bid,2210,10112.009
1726639061073,ETHUSDT,bid,2210,10134.336
1726639316675,ETHUSDT,bid,2240,4494.907
1726639328605,ETHUSDT,bid,2210,10134.404
1726639477152,ETHUSDT,bid,1960,5209.377
1726639513729,ETHUSDT,bid,2240,4494.878
1726639594716,ETHUSDT,bid,2320,10140.903
1726639595880,ETHUSDT,bid,2320,10140.945
1726639602533,ETHUSDT,bid,2320,10141.921
1726639603146,ETHUSDT,bid,2320,10140.844
1726639605845,ETHUSDT,bid,2320,18140.844
1726639607284,ETHUSDT,bid,2320,18142.313
1726639614610,ETHUSDT,bid,2320,18148.134
1726639617834,ETHUSDT,bid,2320,18142.313
1726639618240,ETHUSDT,bid,2320,18143.39
1726639619212,ETHUSDT,bid,2320,18142.313
1726639620557,ETHUSDT,bid,2320,18146.471
1726639620653,ETHUSDT,bid,2320,18146.55
1726639622503,ETHUSDT,bid,2320,18142.392
1726639622605,ETHUSDT,bid,2320,18142.392
1726639622706,ETHUSDT,bid,2320,18144.57
1726639623732,ETHUSDT,bid,2320,18144.599
1726639623934,ETHUSDT,bid,2320,18144.57
1726639624140,ETHUSDT,bid,2320,18144.6
1726639624240,ETHUSDT,bid,2320,18144.57
1726639624342,ETHUSDT,bid,2320,18142.392
1726639624444,ETHUSDT,bid,2320,18142.823
1726639624542,ETHUSDT,bid,2320,18142.392
1726639624746,ETHUSDT,bid,2320,18142.421
1726639624845,ETHUSDT,bid,2320,18142.392
1726639625696,ETHUSDT,bid,2320,18144.817
1726639626717,ETHUSDT,bid,2320,18142.392
1726639632919,ETHUSDT,bid,2320,18142.292
1726639636142,ETHUSDT,bid,2320,18142.292
1726639637165,ETHUSDT,bid,2320,18159.527
1726639639013,ETHUSDT,bid,2320,18142.992
1726639639316,ETHUSDT,bid,2320,18150.912
1726639641267,ETHUSDT,bid,2320,18142.807
1726640294960,ETHUSDT,bid,2230,4583.575
1726640532674,ETHUSDT,bid,2240,4495.176
1726640545403,ETHUSDT,bid,2240,4495.257
1726640593080,ETHUSDT,bid,2240,4495.625
1726640620602,ETHUSDT,bid,2240,4495.954
1726640627917,ETHUSDT,bid,2240,4496.623
1726640642694,ETHUSDT,bid,2240,4496.707
1726640684730,ETHUSDT,bid,2240,4497.711
1726640693558,ETHUSDT,bid,2240,4497.85
1726640703456,ETHUSDT,bid,2240,4498.324
1726640704689,ETHUSDT,bid,2240,4498.477
1726640726138,ETHUSDT,bid,2240,4498.498
1726640750849,ETHUSDT,bid,2240,4499.51
1726640794704,ETHUSDT,bid,2240,4499.529
1726640817280,ETHUSDT,bid,2240,4499.604
1726640819244,ETHUSDT,bid,2230,4583.846
1726640831835,ETHUSDT,bid,2240,4499.827
1726640869842,ETHUSDT,bid,2240,4499.962
1726640889020,ETHUSDT,bid,2240,4502.639
1726640941878,ETHUSDT,bid,2240,4502.719
1726640963115,ETHUSDT,bid,2240,4503.73
1726641024951,ETHUSDT,bid,2240,4504.622
1726641034248,ETHUSDT,bid,2240,4505.086
1726641072394,ETHUSDT,bid,2240,4505.006
1726641089005,ETHUSDT,bid,2230,4583.835
1726641213991,ETHUSDT,bid,2240,4505.05
1726641363533,ETHUSDT,bid,1700,6032.314
1726641402323,ETHUSDT,bid,2240,4505.601
1726641424136,ETHUSDT,bid,1680,9017.188
1726641424136,ETHUSDT,bid,1700,6032.159
1726641424136,ETHUSDT,bid,1740,5781.573
1726641424136,ETHUSDT,bid,1780,5743.801
1726641424136,ETHUSDT,bid,1960,5209.242
1726641426015,ETHUSDT,bid,2240,4505.05
1726641445562,ETHUSDT,bid,2240,4505.096
1726641468003,ETHUSDT,bid,2240,4505.334
1726641480589,ETHUSDT,bid,2240,4505.39
1726641518996,ETHUSDT,bid,2240,4506.173
1726641571254,ETHUSDT,ask,3090,3258.78
1726641629170,ETHUSDT,bid,2240,4506.222
1726641645030,ETHUSDT,bid,2240,4506.271
1726641662305,ETHUSDT,bid,2240,4506.349
1726641678734,ETHUSDT,bid,2240,4507.241
1726641804304,ETHUSDT,bid,2240,4507.419
1726641805682,ETHUSDT,bid,2240,4507.594
1726641815104,ETHUSDT,bid,2240,4507.416
1726641818636,ETHUSDT,bid,2240,4507.522
1726641873779,ETHUSDT,ask,3090,3228.653
1726641900632,ETHUSDT,bid,1700,6032.138
1726641956890,ETHUSDT,bid,2240,4507.793
1726641981029,ETHUSDT,bid,2240,4507.825
1726642348793,ETHUSDT,bid,2240,4507.849
1726642442687,ETHUSDT,bid,2240,4510.325
1726642631304,ETHUSDT,bid,2210,10136.264
1726642641555,ETHUSDT,bid,2240,4510.42
1726642642703,ETHUSDT,bid,2240,4512.651
1726642678240,ETHUSDT,bid,2240,4512.842
1726642801443,ETHUSDT,bid,1940,5284.366
1726642864510,ETHUSDT,bid,2240,4513.043
1726642908314,ETHUSDT,bid,2240,4513.736
1726642960304,ETHUSDT,bid,2240,4514.123
1726643030802,ETHUSDT,bid,2210,10131.769
1726643098534,ETHUSDT,bid,2230,4583.335
1726643173175,ETHUSDT,bid,2240,4514.017
1726643238465,ETHUSDT,bid,2240,4514.119
1726643333953,ETHUSDT,bid,2240,4514.549
1726643421249,ETHUSDT,bid,2240,4514.643
1726643474561,ETHUSDT,bid,2230,4636.953
1726643490459,ETHUSDT,bid,2240,4514.743
1726643686880,ETHUSDT,bid,2240,4514.93
1726643688425,ETHUSDT,bid,2240,4512.454
1726643703704,ETHUSDT,bid,2240,4513.654
1726643765304,ETHUSDT,bid,1940,5284.468
1726643774864,ETHUSDT,bid,2230,4583.335
1726643865465,ETHUSDT,bid,2220,14625.866
1726643875145,ETHUSDT,bid,2220,14626.397
1726643884959,ETHUSDT,bid,2220,14625.866
1726643927636,ETHUSDT,bid,2240,4514.036
1726643943431,ETHUSDT,bid,2240,4514.13
1726644035605,ETHUSDT,bid,2240,4514.576
1726644636751,ETHUSDT,bid,2240,4515.164
1726644648982,ETHUSDT,bid,2240,4515.684
1726644750524,ETHUSDT,bid,2220,14625.568
1726644830924,ETHUSDT,bid,2240,4515.741
1726644839904,ETHUSDT,bid,2240,4515.822
1726645073788,ETHUSDT,bid,2240,4516.184
1726645083718,ETHUSDT,bid,2240,4516.384
1726645103554,ETHUSDT,bid,2240,4516.409
1726645110961,ETHUSDT,bid,2240,4516.361
1726645117155,ETHUSDT,bid,2240,4517.142
1726645150707,ETHUSDT,bid,2240,4517.253
1726645209027,ETHUSDT,bid,2240,4517.476
1726645301244,ETHUSDT,bid,2240,4517.722
1726645329332,ETHUSDT,bid,2240,4517.806
1726645464530,ETHUSDT,bid,2240,4518.806
1726645566489,ETHUSDT,bid,2240,4519.252
1726645598505,ETHUSDT,bid,2210,10132.069
1726645717008,ETHUSDT,bid,2240,4519.698
1726645828377,ETHUSDT,bid,2240,4519.724
1726645835709,ETHUSDT,bid,2240,4519.947
1726645837601,ETHUSDT,bid,2210,10132.227
1726645911587,ETHUSDT,bid,1950,5262.404
1726645942702,ETHUSDT,bid,2240,4520.223
1726646078908,ETHUSDT,bid,2240,4520.323
1726646087143,ETHUSDT,bid,2240,4520.434
1726646105640,ETHUSDT,bid,2240,4520.464
1726646119276,ETHUSDT,bid,2240,4520.488
1726646184172,ETHUSDT,bid,2210,10133.227
1726646236486,ETHUSDT,bid,2240,4522.719
1726646360960,ETHUSDT,bid,1960,5210.016
1726646443291,ETHUSDT,bid,2240,4523.396
1726646480427,ETHUSDT,bid,2240,4523.596
1726646482293,ETHUSDT,bid,2240,4523.952
1726646571722,ETHUSDT,bid,2240,4528.452
1726646576887,ETHUSDT,bid,2240,4523.952
1726646609351,ETHUSDT,bid,2220,14625.904
1726646670305,ETHUSDT,bid,2240,4525.981
1726646685691,ETHUSDT,bid,2230,4583.346
1726646688878,ETHUSDT,bid,2230,4583.356
1726646730642,ETHUSDT,bid,2230,4583.346
1726646887025,ETHUSDT,bid,2240,4526.07
1726646917923,ETHUSDT,bid,2240,4525.289
1726647095999,ETHUSDT,bid,2240,4524.825
1726647230240,ETHUSDT,bid,2240,4525.07
1726647248687,ETHUSDT,bid,2240,4528.283
1726647314721,ETHUSDT,bid,2240,4528.292
1726647375717,ETHUSDT,bid,2230,4583.335
1726647502211,ETHUSDT,bid,2210,10128.704
1726647519290,ETHUSDT,bid,2240,4528.047
1726647554364,ETHUSDT,bid,2240,4528.332
1726647574723,ETHUSDT,bid,2240,4528.796
1726647726040,ETHUSDT,bid,2240,4528.885
1726647860436,ETHUSDT,bid,2220,14625.882
1726648077503,ETHUSDT,ask,2320,8293.505
1726648077604,ETHUSDT,ask,2320,8291.087
1726648077806,ETHUSDT,ask,2320,8291.069
1726648078717,ETHUSDT,ask,2320,8303.989
1726648079335,ETHUSDT,ask,2320,8304.293
1726648080993,ETHUSDT,ask,2320,8291.373
1726648085658,ETHUSDT,ask,2320,8291.419
1726648086362,ETHUSDT,ask,2320,8291.382
1726648086467,ETHUSDT,ask,2320,8291.395
1726648087081,ETHUSDT,ask,2320,8291.535
1726648087487,ETHUSDT,ask,2320,8291.675
1726648088304,ETHUSDT,ask,2320,8291.691
1726648089543,ETHUSDT,ask,2320,8291.901
1726648092109,ETHUSDT,ask,2320,8291.761
1726648094053,ETHUSDT,ask,2320,8289.261
1726648094559,ETHUSDT,ask,2320,8289.248
1726648117866,ETHUSDT,ask,2320,8287.372
1726648125565,ETHUSDT,ask,2320,8287.132
1726648128638,ETHUSDT,ask,2320,8287.372
1726648135061,ETHUSDT,ask,2320,8287.132
1726648147354,ETHUSDT,ask,2320,8286.917
1726648156862,ETHUSDT,bid,1950,5274.748
1726648162743,ETHUSDT,ask,2320,8286.927
1726648163146,ETHUSDT,bid,2230,4580.652
1726648163659,ETHUSDT,ask,2320,8287.335
1726648174716,ETHUSDT,ask,2320,8287.925
1726648175330,ETHUSDT,ask,2320,8287.915
1726648181806,ETHUSDT,ask,2320,8287.507
1726648186132,ETHUSDT,ask,2320,8319.923
1726648188618,ETHUSDT,ask,2320,8299.923
1726648193648,ETHUSDT,ask,2320,8300.461
1726648199584,ETHUSDT,ask,2320,8300.308
1726648224644,ETHUSDT,ask,2320,8295.485
1726648225161,ETHUSDT,bid,2220,14625.892
1726648225369,ETHUSDT,bid,2220,14625.912
1726648280127,ETHUSDT,bid,2220,14625.922
1726648281144,ETHUSDT,ask,2320,8343.649
1726648281858,ETHUSDT,ask,2320,8295.485
1726648291164,ETHUSDT,ask,2320,8295.545
1726648292930,ETHUSDT,ask,2320,8295.485
1726648300120,ETHUSDT,bid,2240,4528.912
1726648304579,ETHUSDT,bid,2220,14625.912
1726648306007,ETHUSDT,bid,2220,14625.902
1726648307173,ETHUSDT,bid,2220,14625.892
1726648336646,ETHUSDT,bid,2220,14625.882
1726648409133,ETHUSDT,ask,2320,8295.496
1726648447196,ETHUSDT,bid,2230,4580.152
1726648469834,ETHUSDT,ask,2320,8297.835
1726648471658,ETHUSDT,ask,2320,8297.824
1726648477040,ETHUSDT,ask,2320,8289.446
1726648514771,ETHUSDT,ask,2320,8288.147
1726648516741,ETHUSDT,ask,2320,8288.138
1726648520936,ETHUSDT,ask,2320,8288.488
1726648521974,ETHUSDT,ask,2320,8287.978
1726648532026,ETHUSDT,ask,2320,8287.987
1726648534004,ETHUSDT,ask,2320,8287.978
1726648592026,ETHUSDT,ask,2320,8291.522
1726648598685,ETHUSDT,ask,2320,8291.522
1726648598900,ETHUSDT,ask,2320,8291.522
1726648600496,ETHUSDT,ask,2320,8512.396
1726648600904,ETHUSDT,ask,2320,8291.522
1726648609403,ETHUSDT,ask,2320,8291.531
1726648610232,ETHUSDT,ask,2320,8291.531
1726648611357,ETHUSDT,ask,2320,8291.522
1726648623644,ETHUSDT,ask,2320,8287.998
1726648645250,ETHUSDT,ask,2320,8293.181
1726648648903,ETHUSDT,ask,2320,8287.998
1726648651054,ETHUSDT,ask,2320,8288.145
1726648662436,ETHUSDT,ask,2320,8287.998
1726648674109,ETHUSDT,ask,2320,8287.999
1726648676980,ETHUSDT,ask,2320,8287.756
1726648679135,ETHUSDT,ask,2320,8299.814
1726648679791,ETHUSDT,bid,2210,10128.659
1726648685582,ETHUSDT,ask,2320,8304.728
1726648694376,ETHUSDT,ask,2320,8289.142
1726648723705,ETHUSDT,bid,2240,4530.712
1726648748867,ETHUSDT,bid,2240,4530.697
1726648775673,ETHUSDT,bid,2240,4535.698
1726648777433,ETHUSDT,bid,2240,4537.698
1726648780915,ETHUSDT,bid,2240,4538.901
1726648903214,ETHUSDT,bid,2240,4539.347
1726649041261,ETHUSDT,bid,2220,4599.826
1726649041361,ETHUSDT,bid,2220,4624.611
1726649220233,ETHUSDT,bid,2220,4572.026
1726649220332,ETHUSDT,bid,2220,4566.745
1726649260502,ETHUSDT,bid,2220,14625.893
1726649333831,ETHUSDT,bid,2030,5069.128
1726649355966,ETHUSDT,bid,2240,4539.124
1726649425214,ETHUSDT,bid,2230,4575.657
1726649469733,ETHUSDT,bid,2220,14625.77
1726649676502,ETHUSDT,bid,2240,4534.123
1726649710127,ETHUSDT,bid,2220,14635.439
1726649719662,ETHUSDT,bid,2210,10133.179
1726649754839,ETHUSDT,bid,2210,10128.659
1726649954136,ETHUSDT,bid,2240,4534.194
1726649989501,ETHUSDT,bid,2230,4576.104
1726650000096,ETHUSDT,bid,2220,14635.888
1726650017016,ETHUSDT,bid,2210,10129.11
1726650065815,ETHUSDT,bid,2160,4673.969
1726650083916,ETHUSDT,bid,2120,4789.764
1726650182917,ETHUSDT,bid,2210,10129.177
1726650224735,ETHUSDT,bid,2230,4576.193
1726650245104,ETHUSDT,bid,2240,4533.194
1726650249444,ETHUSDT,bid,2210,10129.427
1726650374279,ETHUSDT,bid,2240,4533.332
1726650400170,ETHUSDT,bid,2120,4788.716
1726650419650,ETHUSDT,bid,2240,4531.303
1726650434296,ETHUSDT,bid,2240,4531.314
1726650436225,ETHUSDT,bid,2240,4530.946
1726650441700,ETHUSDT,bid,1940,5284.896
1726650445504,ETHUSDT,bid,2210,10129.444
1726650475903,ETHUSDT,bid,2210,10129.991
1726650513545,ETHUSDT,bid,2240,4531.392
1726650607369,ETHUSDT,bid,2220,14635.844
1726650608100,ETHUSDT,bid,2230,4576.043
1726650650119,ETHUSDT,bid,2240,4531.343
1726650686865,ETHUSDT,bid,2210,10129.741
1726650787374,ETHUSDT,bid,2240,4531.838
1726650860035,ETHUSDT,bid,2230,4576.06
1726650938015,ETHUSDT,bid,1960,5209.766
1726650988222,ETHUSDT,bid,2240,4532.616
1726650988728,ETHUSDT,bid,2240,4534.78
1726651106927,ETHUSDT,bid,1940,5284.468
1726651117407,ETHUSDT,bid,2220,14636.844
1726651280594,ETHUSDT,bid,2210,10129.841
1726651287487,ETHUSDT,bid,2240,4534.702
1726651303410,ETHUSDT,bid,2210,10129.741
1726651342885,ETHUSDT,bid,2230,4575.86
1726651344756,ETHUSDT,bid,1960,5209.822
1726651358477,ETHUSDT,bid,2230,4575.843
1726651763161,ETHUSDT,bid,2240,4534.479
1726651765518,ETHUSDT,bid,2220,14637.044
1726651858545,ETHUSDT,bid,2210,10131.389
1726652069273,ETHUSDT,bid,1960,5210.077
1726652194002,ETHUSDT,bid,2240,4534.368
1726652211310,ETHUSDT,bid,2210,10130.353
1726652339635,ETHUSDT,bid,2220,4504.311
1726652339723,ETHUSDT,bid,2220,4504.321
1726652339839,ETHUSDT,bid,2220,4504.331
1726652340042,ETHUSDT,bid,2220,4504.341
1726652340867,ETHUSDT,bid,2220,4504.351
1726652342619,ETHUSDT,bid,2220,4504.361
1726652343350,ETHUSDT,bid,2220,4504.371
1726652400519,ETHUSDT,bid,2220,4504.361
1726652401646,ETHUSDT,bid,2220,4504.351
1726652403305,ETHUSDT,bid,2220,4504.341
1726652403510,ETHUSDT,bid,2220,4504.331
1726652404016,ETHUSDT,bid,2220,4504.321
1726652404118,ETHUSDT,bid,2220,4504.311
1726652459358,ETHUSDT,bid,2210,10130.276
1726652485556,ETHUSDT,bid,2210,10129.644
1726652593992,ETHUSDT,bid,2210,10107.317
1726652617376,ETHUSDT,bid,2220,14637.094
1726652681502,ETHUSDT,bid,2230,4575.798
1726652750305,ETHUSDT,bid,2210,10129.699
1726652846593,ETHUSDT,bid,2230,4575.789
1726653056199,ETHUSDT,bid,2220,14637.307
1726653093359,ETHUSDT,bid,2220,14637.094
1726653099646,ETHUSDT,bid,2230,4576.213
1726653140343,ETHUSDT,bid,2240,4534.658
1726653245222,ETHUSDT,bid,2240,4534.769
1726653256312,ETHUSDT,bid,2210,10129.88
1726653261206,ETHUSDT,bid,2240,4534.884
1726653363152,ETHUSDT,bid,2220,14636.094
1726653374422,ETHUSDT,bid,2240,4534.697
1726653380546,ETHUSDT,bid,2240,4549.553
1726653393979,ETHUSDT,bid,1700,6032.164
1726653427062,ETHUSDT,bid,2220,14635.894
1726653466253,ETHUSDT,bid,2230,4576.413
1726653489382,ETHUSDT,bid,2210,10132.608
1726653512480,ETHUSDT,bid,2230,4575.51
1726653517445,ETHUSDT,bid,2230,4588.01
1726653565319,ETHUSDT,bid,2230,4587.98
1726653575049,ETHUSDT,bid,2230,4587.99
1726653584626,ETHUSDT,bid,2230,4593.956
1726653589922,ETHUSDT,bid,2220,14635.884
1726653600926,ETHUSDT,bid,2240,4551.738
1726653610971,ETHUSDT,bid,2240,4549.553
1726653616566,ETHUSDT,bid,2220,14735.884
1726653619518,ETHUSDT,bid,2220,14735.899
1726653642939,ETHUSDT,bid,2160,4673.959
1726653658345,ETHUSDT,bid,2240,4549.166
1726653691194,ETHUSDT,bid,2160,4673.729
1726653693528,ETHUSDT,bid,2240,4549.501
1726653703713,ETHUSDT,bid,2240,4549.712
1726653726094,ETHUSDT,bid,2160,4674.169
1726653834999,ETHUSDT,bid,2220,14735.998
1726653870604,ETHUSDT,bid,2220,14737.998
1726653880344,ETHUSDT,bid,2120,4788.534
1726653884434,ETHUSDT,bid,2240,4549.855
1726653894591,ETHUSDT,bid,2160,4674.399
1726653967051,ETHUSDT,bid,2230,4594.093
1726653989739,ETHUSDT,bid,2230,4594.665
1726654012974,ETHUSDT,bid,2220,14738.026
1726654018387,ETHUSDT,bid,2220,14738.316
1726654072987,ETHUSDT,bid,2240,4549.74
1726654082713,ETHUSDT,bid,2230,4595.665
1726654097448,ETHUSDT,bid,2240,4547.576
1726654122057,ETHUSDT,bid,2210,10170.858
1726654147032,ETHUSDT,bid,2240,4532.72
1726654147840,ETHUSDT,bid,2240,4532.742
1726654175170,ETHUSDT,bid,2230,4592.565
1726654197191,ETHUSDT,bid,2210,10171.286
1726654203517,ETHUSDT,bid,2230,4594.702
1726654281216,ETHUSDT,bid,2160,4674.431
1726654295736,ETHUSDT,bid,2220,14738.346
1726654335145,ETHUSDT,bid,2240,4533.121
1726654350628,ETHUSDT,bid,2160,4671.431
1726654361906,ETHUSDT,bid,2230,4594.502
1726654401593,ETHUSDT,bid,1950,5276.094
1726654422961,ETHUSDT,bid,2230,4594.949
1726654438310,ETHUSDT,bid,2220,14750.846
1726654439829,ETHUSDT,bid,2230,4609.713
1726654447821,ETHUSDT,bid,2220,14751.295
1726654456958,ETHUSDT,bid,2240,4533.455
1726654468248,ETHUSDT,bid,2240,4703.455
1726654486307,ETHUSDT,bid,2230,4610.284
1726654491616,ETHUSDT,bid,2160,4676.049
1726654500479,ETHUSDT,bid,2220,4505.651
1726654505439,ETHUSDT,bid,2240,4704.347
1726654516517,ETHUSDT,bid,2230,4612.284
1726654519365,ETHUSDT,bid,2230,4612.351
1726654530805,ETHUSDT,bid,2220,14751.364
1726654553986,ETHUSDT,bid,2240,4705.016
1726654554798,ETHUSDT,bid,2230,4612.373
1726654566411,ETHUSDT,bid,2220,14761.327
1726654572288,ETHUSDT,bid,2210,10183.786
1726654595214,ETHUSDT,bid,2230,4613.012
1726654630746,ETHUSDT,bid,2220,14762.327
1726654637083,ETHUSDT,bid,2220,14764.574
1726654650821,ETHUSDT,bid,2220,14764.708
1726654653263,ETHUSDT,bid,1680,9017.918
1726654656624,ETHUSDT,bid,1680,9017.618
1726654658153,ETHUSDT,bid,2240,4704.016
1726654659573,ETHUSDT,bid,2240,4703.681
1726654659775,ETHUSDT,bid,2230,4613.146
1726654673620,ETHUSDT,bid,1680,9016.888
1726654678506,ETHUSDT,bid,2220,14764.458
1726654689740,ETHUSDT,bid,2220,14764.168
1726654691776,ETHUSDT,bid,2230,4613.171
1726654712997,ETHUSDT,bid,2220,14764.418
1726654728817,ETHUSDT,bid,2240,4703.538
1726654741196,ETHUSDT,bid,2230,4613.149
1726654748765,ETHUSDT,bid,2220,14764.873
1726654749992,ETHUSDT,bid,2240,4718.116
1726654755203,ETHUSDT,bid,2240,4718.402
1726654756119,ETHUSDT,bid,1940,5284.486
1726654756119,ETHUSDT,bid,1950,5276.112
1726654756119,ETHUSDT,bid,1960,5210.095
1726654756119,ETHUSDT,bid,2160,4676.067
1726654756119,ETHUSDT,bid,2210,10183.804
1726654756119,ETHUSDT,bid,2220,14764.891
1726654756119,ETHUSDT,bid,2230,4613.167
1726654793426,ETHUSDT,bid,2230,4613.216
1726654804460,ETHUSDT,bid,2220,14766.014
1726654843418,ETHUSDT,bid,2230,4598.452
1726654843729,ETHUSDT,bid,2160,4676.517
1726654855392,ETHUSDT,bid,2240,4703.824
1726654858954,ETHUSDT,bid,2220,14766.073
1726654859469,ETHUSDT,bid,2230,4613.348
1726654883948,ETHUSDT,bid,2230,4612.789
1726654888745,ETHUSDT,bid,2210,10185.158
1726654902068,ETHUSDT,bid,2220,14766.231
1726654909936,ETHUSDT,bid,2230,4612.764
1726654928916,ETHUSDT,bid,2230,4657.506
1726654942590,ETHUSDT,bid,2030,5069.619
1726654962933,ETHUSDT,bid,2210,10184.933
1726654969245,ETHUSDT,bid,2240,4703.913
1726654972960,ETHUSDT,bid,2240,4704.031
1726654978576,ETHUSDT,bid,2210,10186.933
1726654992094,ETHUSDT,bid,2210,10186.505
1726655013373,ETHUSDT,bid,2210,10186.67
1726655021635,ETHUSDT,bid,2220,14766.291
1726655044387,ETHUSDT,bid,2210,10184.67
1726655047249,ETHUSDT,bid,2230,4657.906
1726655068256,ETHUSDT,bid,2220,4504.337
1726655099377,ETHUSDT,bid,2230,4657.836
1726655124329,ETHUSDT,bid,2230,4659.836
1726655134617,ETHUSDT,bid,2240,4704.57
1726655138232,ETHUSDT,bid,2230,4660.726
1726655154246,ETHUSDT,bid,2230,4659.836
1726655184380,ETHUSDT,bid,2240,4705.428
1726655201173,ETHUSDT,bid,2210,10184.76
1726655206906,ETHUSDT,bid,2240,4705.578
1726655218548,ETHUSDT,bid,2220,14766.281
1726655230078,ETHUSDT,bid,2030,5069.692
1726655233162,ETHUSDT,bid,2240,4707.078
1726655235412,ETHUSDT,bid,2030,5069.619
1726655244229,ETHUSDT,bid,2240,4706.928
1726655253512,ETHUSDT,bid,2030,5069.683
1726655255363,ETHUSDT,bid,2230,4660.059
1726655278743,ETHUSDT,bid,2230,4660.043
1726655283770,ETHUSDT,bid,2220,14766.505
1726655291423,ETHUSDT,bid,2230,4660.114
1726655309007,ETHUSDT,bid,1780,5743.49
1726655323804,ETHUSDT,bid,2240,4707.078
1726655338846,ETHUSDT,bid,2220,14767.005
1726655348627,ETHUSDT,bid,2240,4710.078
1726655353942,ETHUSDT,bid,2240,4707.078
1726655354145,ETHUSDT,bid,2220,14764.084
1726655360275,ETHUSDT,bid,2240,4706.96
1726655435954,ETHUSDT,bid,2220,14764.062
1726655438709,ETHUSDT,bid,2230,4659.475
1726655512331,ETHUSDT,bid,2230,4644.579
1726655582758,ETHUSDT,bid,2230,4644.155
1726655606551,ETHUSDT,bid,2240,4706.182
1726655670821,ETHUSDT,bid,2220,14764.189
1726655676867,ETHUSDT,bid,2230,4642.155
1726655737002,ETHUSDT,bid,2240,4705.643
1726655742969,ETHUSDT,bid,2230,4642.145
1726655785005,ETHUSDT,bid,2230,4641.705
1726655790285,ETHUSDT,bid,2230,4640.705
1726655810166,ETHUSDT,bid,2240,4708.547
1726655852836,ETHUSDT,bid,2220,14764.356
1726655883268,ETHUSDT,bid,2220,14764.671
1726655914114,ETHUSDT,bid,2210,10209.76
1726655965228,ETHUSDT,bid,2240,4705.643
1726655978302,ETHUSDT,bid,2220,14764.9
1726655984964,ETHUSDT,bid,2220,14764.585
1726655988128,ETHUSDT,bid,2230,4640.134
1726656007831,ETHUSDT,bid,2240,4705.709
1726656054693,ETHUSDT,bid,2240,4708.613
1726656058733,ETHUSDT,bid,2240,4708.507
1726656106234,ETHUSDT,bid,1950,5279.098
1726656137905,ETHUSDT,bid,2230,4639.687
1726656182385,ETHUSDT,bid,1780,5744.613
1726656188659,ETHUSDT,bid,2210,10209.901
1726656261778,ETHUSDT,bid,2240,4708.306
1726656304692,ETHUSDT,bid,2240,4708.527
1726656308392,ETHUSDT,bid,2210,10209.76
1726656328954,ETHUSDT,bid,2210,10209.896
1726656332341,ETHUSDT,bid,2240,4708.553
1726656340671,ETHUSDT,bid,2240,4708.174
1726656388917,ETHUSDT,bid,2220,14764.574
1726656394602,ETHUSDT,bid,2210,10214.396
1726656399829,ETHUSDT,bid,2210,10209.896
1726656400140,ETHUSDT,bid,2220,14765.472
1726656407335,ETHUSDT,bid,1700,6042.164
1726656421356,ETHUSDT,bid,1700,6032.164
1726656432217,ETHUSDT,bid,2160,4676.584
1726656456930,ETHUSDT,bid,2160,4674.584
1726656555734,ETHUSDT,bid,1950,5279.302
1726656584176,ETHUSDT,bid,2210,10209.907
1726656584176,ETHUSDT,bid,2220,14765.483
1726656584176,ETHUSDT,bid,2230,4639.698
1726656728803,ETHUSDT,bid,2220,4511.388
1726656750154,ETHUSDT,bid,1960,5210.064
1726656755762,ETHUSDT,bid,1960,5210.864
1726656772553,ETHUSDT,bid,1700,6032.138
1726656787203,ETHUSDT,bid,1960,5210.907
1726656792908,ETHUSDT,bid,2240,4708.218
1726656819388,ETHUSDT,bid,2220,14765.925
1726656859059,ETHUSDT,bid,2210,10229.907
1726656878510,ETHUSDT,bid,1960,5211.607
1726656925090,ETHUSDT,bid,2240,4708.232
1726656953208,ETHUSDT,bid,2240,4713.551
1726656974206,ETHUSDT,bid,2220,14765.483
1726656985370,ETHUSDT,bid,2240,4708.232
1726657043393,ETHUSDT,bid,2220,14765.583
1726657244287,ETHUSDT,bid,2220,14765.855
1726657383265,ETHUSDT,bid,2210,10233.527
1726657461428,ETHUSDT,bid,2220,14768.776
1726657467484,ETHUSDT,bid,2240,4709.577
1726657518024,ETHUSDT,bid,2230,4639.298
1726657536935,ETHUSDT,bid,2210,10233.516
1726657536935,ETHUSDT,bid,2220,14768.765
1726657536935,ETHUSDT,bid,2230,4639.287
1726657604801,ETHUSDT,bid,2220,14768.862
1726657605003,ETHUSDT,bid,2240,4708.685
1726657605414,ETHUSDT,bid,1960,5211.657
1726657633317,ETHUSDT,bid,2240,4712.685
1726657652965,ETHUSDT,bid,1740,5781.489
1726657663719,ETHUSDT,bid,2240,4708.685
1726657726091,ETHUSDT,bid,2210,10232.969
1726658011826,ETHUSDT,bid,2240,4709.8
1726658053312,ETHUSDT,bid,2220,14770.727
1726658089283,ETHUSDT,bid,1960,5211.708
1726658230808,ETHUSDT,bid,1940,5283.986
1726658261751,ETHUSDT,bid,2160,4774.584
1726658288357,ETHUSDT,bid,2210,10232.979
1726658324661,ETHUSDT,bid,2210,10232.969
1726658466683,ETHUSDT,bid,2160,4774.74
1726658485926,ETHUSDT,bid,2240,4716.186
1726658498404,ETHUSDT,bid,2240,4716.217
1726658646654,ETHUSDT,bid,2230,4639.313
1726658646654,ETHUSDT,bid,2240,4716.243
1726658733603,ETHUSDT,bid,2220,14770.748
1726658778746,ETHUSDT,bid,2160,4774.75
1726658778746,ETHUSDT,bid,2220,14770.758
1726658798304,ETHUSDT,bid,2240,4716.02
1726658829867,ETHUSDT,bid,2210,10232.979
1726658857277,ETHUSDT,bid,2240,4715.797
1726658876623,ETHUSDT,bid,2210,10232.969
1726658888509,ETHUSDT,bid,2240,4715.969
1726658904067,ETHUSDT,bid,2240,4716.972
1726658982491,ETHUSDT,bid,2230,4639.383
1726659001465,ETHUSDT,bid,2220,14770.783
1726659003605,ETHUSDT,bid,1780,5745.413
1726659015816,ETHUSDT,bid,2240,4714.068
1726659031589,ETHUSDT,bid,1700,6032.036
1726659040239,ETHUSDT,bid,2240,4714.102
1726659046457,ETHUSDT,bid,2210,10247.998
1726659051202,ETHUSDT,bid,2210,10248.008
1726659096392,ETHUSDT,bid,2210,10247.998
1726659112241,ETHUSDT,bid,1700,6032.171
1726659585231,ETHUSDT,bid,2230,4684.073
1726659795781,ETHUSDT,bid,2160,4774.35
1726659885423,ETHUSDT,bid,2230,4639.383
1726659960015,ETHUSDT,bid,2240,4714.17
1726660062393,ETHUSDT,bid,2220,14774.783
1726660071631,ETHUSDT,bid,2210,10248.008
1726660072652,ETHUSDT,bid,2210,10248.018
1726660072965,ETHUSDT,bid,2210,10248.029
1726660073162,ETHUSDT,bid,2210,10248.039
1726660073579,ETHUSDT,bid,2210,10248.049
1726660074196,ETHUSDT,bid,2210,10248.059
1726660075433,ETHUSDT,bid,2210,10248.069
1726660076461,ETHUSDT,bid,2210,10248.079
1726660078002,ETHUSDT,bid,2210,10248.089
1726660078504,ETHUSDT,bid,2210,10248.099
1726660078607,ETHUSDT,bid,2210,10248.109
1726660078705,ETHUSDT,bid,2210,10248.119
1726660079123,ETHUSDT,bid,2210,10248.149
1726660079226,ETHUSDT,bid,2210,10248.159
1726660079440,ETHUSDT,bid,2210,10248.169
1726660079881,ETHUSDT,bid,2210,10248.179
1726660079983,ETHUSDT,bid,2210,10248.199
1726660107724,ETHUSDT,bid,2210,10248.189
1726660107818,ETHUSDT,bid,2210,10248.179
1726660109159,ETHUSDT,bid,2210,10248.169
1726660111008,ETHUSDT,bid,2210,10248.159
1726660111213,ETHUSDT,bid,2210,10248.149
1726660115363,ETHUSDT,bid,2210,10248.139
1726660116931,ETHUSDT,bid,2210,10248.129
1726660117030,ETHUSDT,bid,2210,10248.119
1726660117439,ETHUSDT,bid,2210,10248.109
1726660118258,ETHUSDT,bid,2210,10248.099
1726660118368,ETHUSDT,bid,2210,10248.089
1726660118469,ETHUSDT,bid,2210,10248.079
1726660118886,ETHUSDT,bid,2210,10248.069
1726660119202,ETHUSDT,bid,2210,10248.059
1726660120456,ETHUSDT,bid,2210,10248.049
1726660121589,ETHUSDT,bid,2210,10248.039
1726660122416,ETHUSDT,bid,2210,10248.019
1726660123448,ETHUSDT,bid,2210,10248.009
1726660208310,ETHUSDT,bid,2210,10248.821
1726660215515,ETHUSDT,bid,2220,14775.187
1726660221322,ETHUSDT,bid,2230,4639.606
1726660276636,ETHUSDT,bid,1700,6032.113
1726660298908,ETHUSDT,bid,1960,5211.632
1726660325535,ETHUSDT,bid,2230,4642.695
1726660349080,ETHUSDT,bid,2230,4642.714
1726660350005,ETHUSDT,bid,2230,4642.733
1726660360009,ETHUSDT,bid,2230,4642.695
1726660389092,ETHUSDT,bid,2210,10248.81
1726660408791,ETHUSDT,bid,2240,4714.434
1726660426692,ETHUSDT,bid,2220,14776.807
1726660430898,ETHUSDT,bid,2240,4714.17
1726660458096,ETHUSDT,bid,2210,10233.781
1726660458804,ETHUSDT,bid,2240,4714.565
1726660539014,ETHUSDT,bid,2210,10233.791
1726660547710,ETHUSDT,bid,2230,4642.704
1726660569304,ETHUSDT,bid,2220,14778.154
1726660592449,ETHUSDT,bid,2230,4643.151
1726660614780,ETHUSDT,bid,2220,14779.052
1726660628044,ETHUSDT,bid,2220,14784.052
1726660647850,ETHUSDT,bid,2220,4504.312
1726660648256,ETHUSDT,bid,2240,4714.575
1726660671702,ETHUSDT,bid,2220,14782.705
1726660676905,ETHUSDT,bid,2160,4776.428
1726660692634,ETHUSDT,bid,2210,10234.919
1726660724404,ETHUSDT,bid,2240,4717.022
1726660726447,ETHUSDT,bid,2210,10235.219
1726660751206,ETHUSDT,bid,2210,10239.719
1726660756418,ETHUSDT,bid,2210,10235.219
1726660782895,ETHUSDT,bid,2240,4717.15
1726660964557,ETHUSDT,bid,2230,4646.151
1726661147586,ETHUSDT,bid,2160,4776.542
1726661147586,ETHUSDT,bid,2210,10235.33
1726661147586,ETHUSDT,bid,2220,14782.815
1726661147586,ETHUSDT,bid,2230,4646.261
1726661178628,ETHUSDT,bid,2230,4648.261
1726661382396,ETHUSDT,bid,2230,4649.606
1726661392061,ETHUSDT,bid,2220,14781.195
1726661407304,ETHUSDT,bid,2220,14793.231
1726661432604,ETHUSDT,bid,1780,5746.413
1726661515158,ETHUSDT,bid,1700,6032.408
1726661523886,ETHUSDT,bid,2240,4710.764
1726661559275,ETHUSDT,bid,2210,10239.83
1726661564522,ETHUSDT,bid,2210,10235.33
1726661610719,ETHUSDT,bid,2160,4774.233
1726661692378,ETHUSDT,bid,2220,14796.231
1726661748326,ETHUSDT,bid,2210,10235.32
1726661749963,ETHUSDT,bid,2230,4649.597
1726661790796,ETHUSDT,bid,2220,14786.562
1726661791915,ETHUSDT,bid,2220,14786.152
1726661805154,ETHUSDT,bid,2230,4651.371
1726661821268,ETHUSDT,bid,2230,4649.597
1726661837686,ETHUSDT,bid,2230,4650.597
1726661838307,ETHUSDT,bid,2220,14795.499
1726661986955,ETHUSDT,bid,2210,10250.01
1726662024617,ETHUSDT,bid,2160,4775.219
1726662028871,ETHUSDT,bid,2160,4793.694
1726662068939,ETHUSDT,bid,2220,14795.163
1726662158005,ETHUSDT,bid,2230,4656.609
1726662160099,ETHUSDT,bid,2220,14798.034
1726662230616,ETHUSDT,bid,2230,4654.609
1726662301444,ETHUSDT,bid,2240,4713.385
1726662303203,ETHUSDT,bid,2240,4746.372
1726662303305,ETHUSDT,bid,2240,4767.554
1726662303404,ETHUSDT,bid,2230,4654.054
1726662303404,ETHUSDT,bid,2240,4788.824
1726662303509,ETHUSDT,bid,2240,4814.296
1726662330907,ETHUSDT,bid,2240,4814.286
1726662400714,ETHUSDT,bid,2240,4644.286
1726662420263,ETHUSDT,bid,2240,4613.543
1726662420364,ETHUSDT,bid,2240,4566.226
1726662420466,ETHUSDT,bid,2240,4540.754
1726662475202,ETHUSDT,bid,2210,10249.993
1726662476224,ETHUSDT,bid,2160,4813.899
1726662500206,ETHUSDT,bid,2230,4652.709
1726662529910,ETHUSDT,bid,2120,4794.457
1726662617510,ETHUSDT,bid,2220,14799.034
1726662668917,ETHUSDT,bid,2220,14799.989
1726662709872,ETHUSDT,bid,1950,5299.302
1726662735806,ETHUSDT,bid,1950,5499.302
1726662946979,ETHUSDT,bid,2210,10250.004
1726662947075,ETHUSDT,bid,2210,10250.014
1726662947897,ETHUSDT,bid,2210,10250.024
1726662948206,ETHUSDT,bid,2230,4654.853
1726662948514,ETHUSDT,bid,2210,10250.035
1726662949233,ETHUSDT,bid,2210,10250.045
1726662949650,ETHUSDT,bid,2210,10250.056
1726662950379,ETHUSDT,bid,2210,10250.067
1726662950587,ETHUSDT,bid,2210,10250.077
1726662951305,ETHUSDT,bid,2210,10250.088
1726662951404,ETHUSDT,bid,2210,10250.099
1726662951516,ETHUSDT,bid,2210,10250.109
1726662952233,ETHUSDT,bid,2210,10250.119
1726662953492,ETHUSDT,bid,2210,10250.129
1726662953589,ETHUSDT,bid,2210,10250.139
1726662954003,ETHUSDT,bid,2210,10250.149
1726662954518,ETHUSDT,bid,2210,10250.16
1726662954619,ETHUSDT,bid,2210,10250.171
1726662954725,ETHUSDT,bid,2210,10250.181
1726662957316,ETHUSDT,bid,2210,10250.192
1726662957417,ETHUSDT,bid,2210,10250.202
1726662958137,ETHUSDT,bid,2210,10250.213
1726662958335,ETHUSDT,bid,2210,10250.224
1726662959987,ETHUSDT,bid,2210,10250.234
1726662988746,ETHUSDT,bid,2210,10250.224
1726662988949,ETHUSDT,bid,2210,10250.214
1726662989164,ETHUSDT,bid,2210,10250.204
1726662990289,ETHUSDT,bid,2210,10250.194
1726662990402,ETHUSDT,bid,2210,10250.184
1726662992060,ETHUSDT,bid,2210,10250.174
1726662992358,ETHUSDT,bid,2210,10250.164
1726662992461,ETHUSDT,bid,2210,10250.154
1726662992992,ETHUSDT,bid,2210,10250.144
1726662993403,ETHUSDT,bid,2210,10250.134
1726662993812,ETHUSDT,bid,2210,10250.124
1726662994020,ETHUSDT,bid,2210,10250.114
1726663150763,ETHUSDT,bid,2160,4813.743
1726663323505,ETHUSDT,bid,1700,6033.805
1726663349047,ETHUSDT,bid,2240,4540.861
1726663359539,ETHUSDT,bid,2240,4540.974
1726663376608,ETHUSDT,bid,2210,10225.114
1726663497935,ETHUSDT,bid,2230,4652.709
1726663613158,ETHUSDT,bid,2230,4646.743
1726663641756,ETHUSDT,bid,2220,14801.456
1726663664905,ETHUSDT,bid,2220,14801.357
1726663727705,ETHUSDT,bid,2240,4540.863
1726663742131,ETHUSDT,bid,2210,10224.99
1726663760596,ETHUSDT,bid,2240,4540.882
1726663778168,ETHUSDT,bid,2160,4812.757
1726663942468,ETHUSDT,bid,2220,14801.9
1726663950308,ETHUSDT,bid,2220,14801.357
1726663984935,ETHUSDT,bid,2230,4646.717
1726663984935,ETHUSDT,bid,2240,4540.856
1726664053328,ETHUSDT,bid,2240,4539.106
1726664065359,ETHUSDT,bid,2240,4541.256
1726664131103,ETHUSDT,bid,2220,14801.085
1726664136227,ETHUSDT,bid,1700,6034.393
1726664187141,ETHUSDT,bid,2220,14801.292
1726664189124,ETHUSDT,bid,2160,4813.257
1726664224375,ETHUSDT,bid,2160,4813.247
1726664241446,ETHUSDT,bid,2220,14801.353
1726664312342,ETHUSDT,bid,2310,8003.981
1726664312546,ETHUSDT,bid,2310,8005.585
1726664313471,ETHUSDT,bid,2310,8009.585
1726664316483,ETHUSDT,bid,2310,8010.585
1726664324296,ETHUSDT,bid,1960,5226.632
1726664335406,ETHUSDT,bid,2310,8010.651
1726664409127,ETHUSDT,bid,2220,14805.853
1726664414355,ETHUSDT,bid,2220,14801.353
1726664425820,ETHUSDT,bid,2120,4800.457
1726664456747,ETHUSDT,bid,2240,4540.756
1726664631099,ETHUSDT,bid,2210,10202.608
1726664635594,ETHUSDT,bid,1960,5226.369
1726664696822,ETHUSDT,bid,2310,10006.304
1726664697137,ETHUSDT,bid,2160,4812.747
1726664697661,ETHUSDT,bid,2310,10004.143
1726664818341,ETHUSDT,bid,2220,14802.853
1726664871401,ETHUSDT,bid,1780,5745.413
1726664900050,ETHUSDT,bid,2240,4538.309
1726664954385,ETHUSDT,bid,2160,4817.827
1726664999324,ETHUSDT,bid,2240,4538.374
1726665121240,ETHUSDT,bid,2230,4647.074
1726665353405,ETHUSDT,bid,2220,14804.353
1726665360740,ETHUSDT,bid,2210,10204.108
1726665362075,ETHUSDT,bid,1960,5227.899
1726665404578,ETHUSDT,bid,2210,10202.608
1726665454991,ETHUSDT,bid,2210,10204.108
1726665502978,ETHUSDT,bid,1950,5499.322
1726665516309,ETHUSDT,bid,2240,4539.204
1726665772735,ETHUSDT,bid,2310,10006.196
1726665773142,ETHUSDT,bid,2310,10006.196
1726665774266,ETHUSDT,bid,2310,10005.956
1726665774976,ETHUSDT,bid,2310,10005.985
1726665775285,ETHUSDT,bid,2310,10005.956
1726665779647,ETHUSDT,bid,2310,10005.987
1726665779748,ETHUSDT,bid,2310,10005.956
1726665779944,ETHUSDT,bid,2310,10006.496
1726665781273,ETHUSDT,bid,2310,10006.366
1726665785529,ETHUSDT,bid,2310,10006.366
1726665898456,ETHUSDT,bid,2230,4647.374
1726665903584,ETHUSDT,bid,2220,4515.497
1726665919456,ETHUSDT,bid,2230,4651.848
1726666015442,ETHUSDT,bid,2220,14808.853
1726666020717,ETHUSDT,bid,2220,14804.353
1726666035474,ETHUSDT,bid,2240,4539.209
1726666052113,ETHUSDT,bid,1780,5748.483
1726666080887,ETHUSDT,bid,2210,10165.858
1726666094490,ETHUSDT,bid,1780,5745.413
1726666097462,ETHUSDT,bid,2120,4800.467
1726666158805,ETHUSDT,bid,1780,5747.619
1726666170616,ETHUSDT,bid,2220,4504.312
1726666214209,ETHUSDT,bid,2210,10165.868
1726666215234,ETHUSDT,bid,2210,10165.878
1726666215435,ETHUSDT,bid,2210,10165.888
1726666253719,ETHUSDT,bid,2210,10165.878
1726666254964,ETHUSDT,bid,2210,10165.868
1726666255476,ETHUSDT,bid,2210,10165.858
1726666316207,ETHUSDT,bid,2160,4817.807
1726666316207,ETHUSDT,bid,2210,10165.838
1726666316207,ETHUSDT,bid,2220,14804.333
1726666316207,ETHUSDT,bid,2230,4651.828
1726666337176,ETHUSDT,bid,2220,14804.126
1726666384860,ETHUSDT,bid,2240,4536.978
1726666433058,ETHUSDT,bid,2120,4800.912
1726666454509,ETHUSDT,bid,2230,4651.878
1726666478198,ETHUSDT,bid,2220,4508.812
1726666483436,ETHUSDT,bid,2220,4504.312
1726666487037,ETHUSDT,bid,2240,4538.747
1726666503101,ETHUSDT,bid,2240,4536.978
1726666525958,ETHUSDT,bid,2120,4800.467
1726666526767,ETHUSDT,bid,2220,14804.3
1726666535726,ETHUSDT,bid,2230,4651.789
1726666570648,ETHUSDT,bid,2230,4651.74
1726666673186,ETHUSDT,bid,1700,6037.393
1726666677774,ETHUSDT,bid,2240,4536.988
1726666702580,ETHUSDT,bid,2240,4537.488
1726666736413,ETHUSDT,bid,1700,6034.393
1726666824158,ETHUSDT,bid,2240,4537.042
1726666859698,ETHUSDT,bid,2240,4537.934
1726666863891,ETHUSDT,bid,2240,4537.042
1726666867246,ETHUSDT,bid,2240,4536.942
1726666874888,ETHUSDT,bid,2240,4537.834
1726666876319,ETHUSDT,bid,2230,4636.74
1726666881445,ETHUSDT,bid,2210,10167.338
1726666914939,ETHUSDT,bid,2220,14815.669
1726666943578,ETHUSDT,bid,2160,4717.807
1726666979516,ETHUSDT,bid,2220,14814.669
1726667010550,ETHUSDT,bid,2210,10166.887
1726667016904,ETHUSDT,bid,2230,4636.9
1726667028708,ETHUSDT,bid,1740,5781.815
1726667040991,ETHUSDT,bid,2220,14814.61
1726667055572,ETHUSDT,bid,2210,10171.387
1726667060777,ETHUSDT,bid,2210,10166.887
1726667061403,ETHUSDT,bid,1780,5748.628
1726667064296,ETHUSDT,bid,2220,14814.79
1726667066033,ETHUSDT,bid,2210,10171.387
1726667071318,ETHUSDT,bid,2210,10166.887
1726667108004,ETHUSDT,bid,2210,10171.387
1726667109640,ETHUSDT,bid,2230,4636.969
1726667118445,ETHUSDT,bid,2210,10166.887
1726667207830,ETHUSDT,bid,2160,4717.899
1726667227549,ETHUSDT,bid,2240,4538.009
1726667289462,ETHUSDT,bid,2230,4636.979
1726667316332,ETHUSDT,bid,2240,4537.34
1726667358335,ETHUSDT,bid,2240,4707.34
1726667371584,ETHUSDT,bid,2240,4708.34
1726667388746,ETHUSDT,bid,2240,4708.522
