2024-08-26 07:00:29,BTCUSDT,bid,47000,875.76
2024-08-26 07:19:41,BTCUSDT,bid,47000,875.95
2024-08-26 07:27:51,BTCUSDT,bid,47000,875.916
2024-08-26 08:08:31,BTCUSDT,bid,47000,875.824
2024-08-26 08:42:05,BTCUSDT,bid,47000,874.132
2024-08-26 09:20:45,BTCUSDT,ask,63800,511.337
2024-08-26 09:20:45,BTCUSDT,ask,63800,511.234
2024-08-26 09:20:45,BTCUSDT,ask,63800,511.07
2024-08-26 09:20:46,BTCUSDT,ask,63800,511.076
2024-08-26 10:39:12,BTCUSDT,bid,47000,874.332
2024-08-26 10:45:30,BTCUSDT,bid,47000,874.353
2024-08-26 11:21:25,BTCUSDT,bid,47000,872.377
2024-08-26 11:23:05,BTCUSDT,bid,47000,874.105
2024-08-26 11:33:34,BTCUSDT,bid,47000,872.377
2024-08-26 11:33:46,BTCUSDT,bid,47000,873.446
2024-08-26 11:36:42,BTCUSDT,bid,47000,872.377
2024-08-26 11:37:20,BTCUSDT,bid,47000,873.464
2024-08-26 12:35:49,BTCUSDT,bid,47000,873.264
2024-08-26 13:06:49,BTCUSDT,bid,47000,872.177
2024-08-26 13:11:16,BTCUSDT,bid,47000,873.626
2024-08-26 13:58:01,BTCUSDT,bid,47000,873.436
2024-08-26 14:53:00,BTCUSDT,bid,47000,879.436
2024-08-26 15:18:49,BTCUSDT,bid,47000,879.405
2024-08-26 15:44:32,BTCUSDT,bid,47000,879.485
2024-08-26 16:53:56,BTCUSDT,bid,47000,879.464
2024-08-26 18:25:57,BTCUSDT,bid,47000,879.474
2024-08-26 19:27:22,BTCUSDT,bid,47000,879.369
2024-08-26 19:54:20,BTCUSDT,bid,47000,879.359
2024-08-26 21:44:12,BTCUSDT,bid,47000,879.354
2024-08-26 21:44:42,BTCUSDT,bid,47000,877.905
2024-08-26 21:44:50,BTCUSDT,bid,47000,879.719
2024-08-26 21:51:03,BTCUSDT,bid,47000,879.563
2024-08-26 22:41:06,BTCUSDT,bid,47000,873.563
2024-08-26 23:27:32,BTCUSDT,bid,47000,873.573
2024-08-26 07:03:54,BTCUSD_PERP,bid,63800,565.86
2024-08-26 07:03:54,BTCUSD_PERP,bid,63800,629.03
2024-08-26 07:04:10,BTCUSD_PERP,bid,63800,565.86
2024-08-26 07:04:10,BTCUSD_PERP,bid,63800,503.33
2024-08-26 07:04:11,BTCUSD_PERP,bid,63800,503.75
2024-08-26 07:04:11,BTCUSD_PERP,bid,63800,514.38
2024-08-26 07:04:11,BTCUSD_PERP,bid,63800,702.09
2024-08-26 07:04:17,BTCUSD_PERP,bid,63800,576.95
2024-08-26 07:04:17,BTCUSD_PERP,bid,63800,514.38
2024-08-26 07:05:28,BTCUSD_PERP,bid,63800,503.01
2024-08-26 07:05:28,BTCUSD_PERP,bid,63800,566.22
2024-08-26 07:05:28,BTCUSD_PERP,bid,63800,691.36
2024-08-26 07:05:28,BTCUSD_PERP,bid,63800,753.93
2024-08-26 07:05:28,BTCUSD_PERP,bid,63800,817.14
2024-08-26 07:06:44,BTCUSD_PERP,bid,63800,754.57
2024-08-26 07:06:44,BTCUSD_PERP,bid,63800,691.36
2024-08-26 07:06:44,BTCUSD_PERP,bid,63800,628.79
2024-08-26 07:06:44,BTCUSD_PERP,bid,63800,565.69
2024-08-26 07:06:45,BTCUSD_PERP,bid,63800,503.12
2024-08-26 07:08:10,BTCUSD_PERP,bid,63900,504.07
2024-08-26 07:08:10,BTCUSD_PERP,bid,63900,567.33
2024-08-26 07:08:16,BTCUSD_PERP,bid,63800,504.11
2024-08-26 07:08:16,BTCUSD_PERP,bid,63800,567.34
2024-08-26 07:10:40,BTCUSD_PERP,bid,63800,629.33
2024-08-26 07:10:40,BTCUSD_PERP,bid,63800,692.53
2024-08-26 07:10:40,BTCUSD_PERP,bid,63800,755.73
2024-08-26 07:11:40,BTCUSD_PERP,bid,63800,692.53
2024-08-26 07:11:40,BTCUSD_PERP,bid,63800,566.24
2024-08-26 07:11:41,BTCUSD_PERP,bid,63800,505.17
2024-08-26 07:12:08,BTCUSD_PERP,bid,63900,567.41
2024-08-26 07:14:35,BTCUSD_PERP,ask,64800,489.45
2024-08-26 07:15:31,BTCUSD_PERP,bid,63400,485.96
2024-08-26 07:15:31,BTCUSD_PERP,bid,63400,548.77
2024-08-26 07:15:44,BTCUSD_PERP,bid,63400,501.64
2024-08-26 07:22:00,BTCUSD_PERP,ask,64900,466.92
2024-08-26 07:22:01,BTCUSD_PERP,ask,64900,477.3
2024-08-26 07:22:02,BTCUSD_PERP,ask,64900,483.78
2024-08-26 07:22:04,BTCUSD_PERP,ask,64900,494.16
2024-08-26 07:22:59,BTCUSD_PERP,ask,64900,483.78
2024-08-26 07:23:01,BTCUSD_PERP,ask,64900,473.4
2024-08-26 07:23:03,BTCUSD_PERP,ask,64900,466.92
2024-08-26 07:36:51,BTCUSD_PERP,bid,63800,503.89
2024-08-26 07:43:24,BTCUSD_PERP,ask,64800,470.15
2024-08-26 07:43:26,BTCUSD_PERP,ask,64800,476.62
2024-08-26 07:43:27,BTCUSD_PERP,ask,64800,486.98
2024-08-26 07:44:14,BTCUSD_PERP,ask,64800,465.99
2024-08-26 07:44:59,BTCUSD_PERP,bid,47000,2440.6
2024-08-26 07:51:17,BTCUSD_PERP,bid,63400,690.64
2024-08-26 07:51:17,BTCUSD_PERP,bid,63400,705.71
2024-08-26 07:51:17,BTCUSD_PERP,bid,63300,512.05
2024-08-26 07:51:17,BTCUSD_PERP,bid,63400,768.53
2024-08-26 07:51:30,BTCUSD_PERP,bid,63400,580.71
2024-08-26 07:51:54,BTCUSD_PERP,bid,63300,499.37
2024-08-26 08:08:02,BTCUSD_PERP,bid,63400,501.33
2024-08-26 08:08:03,BTCUSD_PERP,bid,63400,564.17
2024-08-26 08:09:56,BTCUSD_PERP,bid,63400,501.33
2024-08-26 08:11:06,BTCUSD_PERP,ask,64800,498.0
2024-08-26 08:11:10,BTCUSD_PERP,ask,64800,476.82
2024-08-26 08:12:02,BTCUSD_PERP,ask,64800,470.41
2024-08-26 08:31:41,BTCUSD_PERP,ask,64800,466.27
2024-08-26 08:33:15,BTCUSD_PERP,ask,64700,486.08
2024-08-26 08:33:17,BTCUSD_PERP,ask,64700,496.43
2024-08-26 08:34:12,BTCUSD_PERP,ask,64700,486.08
2024-08-26 08:34:14,BTCUSD_PERP,ask,64700,475.73
2024-08-26 08:34:15,BTCUSD_PERP,ask,64700,465.7
2024-08-26 08:35:53,BTCUSD_PERP,ask,64700,469.35
2024-08-26 08:35:54,BTCUSD_PERP,ask,64700,480.02
2024-08-26 08:38:21,BTCUSD_PERP,bid,63400,637.91
2024-08-26 08:38:21,BTCUSD_PERP,bid,63400,700.76
2024-08-26 08:38:41,BTCUSD_PERP,bid,63400,688.08
2024-08-26 08:39:38,BTCUSD_PERP,ask,64700,502.17
2024-08-26 08:39:38,BTCUSD_PERP,ask,64700,630.39
2024-08-26 08:39:38,BTCUSD_PERP,ask,64700,694.49
2024-08-26 08:39:42,BTCUSD_PERP,ask,64700,700.95
2024-08-26 08:39:45,BTCUSD_PERP,ask,64700,707.41
2024-08-26 08:39:48,BTCUSD_PERP,bid,63400,625.23
2024-08-26 08:39:48,BTCUSD_PERP,bid,63400,563.02
2024-08-26 08:40:42,BTCUSD_PERP,ask,64700,708.06
2024-08-26 08:40:42,BTCUSD_PERP,ask,64700,701.6
2024-08-26 08:40:46,BTCUSD_PERP,ask,64700,695.14
2024-08-26 08:40:47,BTCUSD_PERP,ask,64700,684.79
2024-08-26 08:43:42,BTCUSD_PERP,ask,64700,620.69
2024-08-26 08:43:42,BTCUSD_PERP,ask,64700,556.57
2024-08-26 08:43:42,BTCUSD_PERP,ask,64700,492.45
2024-08-26 08:45:47,BTCUSD_PERP,ask,64700,469.6
2024-08-26 08:45:53,BTCUSD_PERP,ask,64700,469.41
2024-08-26 08:45:54,BTCUSD_PERP,ask,64700,479.75
2024-08-26 08:45:56,BTCUSD_PERP,ask,64700,501.09
2024-08-26 08:46:03,BTCUSD_PERP,ask,64700,507.55
2024-08-26 08:46:06,BTCUSD_PERP,ask,64700,514.01
2024-08-26 08:46:07,BTCUSD_PERP,ask,64700,524.36
2024-08-26 08:46:08,BTCUSD_PERP,ask,64700,530.82
2024-08-26 08:46:10,BTCUSD_PERP,ask,64700,541.16
2024-08-26 08:46:10,BTCUSD_PERP,ask,64700,551.5
2024-08-26 08:46:14,BTCUSD_PERP,ask,64700,557.96
2024-08-26 08:46:14,BTCUSD_PERP,ask,64700,568.31
2024-08-26 08:46:51,BTCUSD_PERP,ask,64700,557.97
2024-08-26 08:46:53,BTCUSD_PERP,ask,64700,547.63
2024-08-26 08:46:55,BTCUSD_PERP,ask,64700,537.29
2024-08-26 08:47:08,BTCUSD_PERP,ask,64700,526.94
2024-08-26 08:47:08,BTCUSD_PERP,ask,64700,520.48
2024-08-26 08:47:10,BTCUSD_PERP,ask,64700,510.14
2024-08-26 08:47:10,BTCUSD_PERP,ask,64700,499.8
2024-08-26 08:47:15,BTCUSD_PERP,ask,64700,489.45
2024-08-26 08:47:30,BTCUSD_PERP,ask,64700,468.11
2024-08-26 08:49:56,BTCUSD_PERP,ask,64700,469.13
2024-08-26 08:49:57,BTCUSD_PERP,ask,64700,479.47
2024-08-26 08:49:58,BTCUSD_PERP,bid,63400,625.68
2024-08-26 08:49:58,BTCUSD_PERP,bid,63400,688.51
2024-08-26 08:50:15,BTCUSD_PERP,bid,63400,625.79
2024-08-26 08:50:15,BTCUSD_PERP,bid,63400,563.17
2024-08-26 08:50:15,BTCUSD_PERP,bid,63400,625.97
2024-08-26 08:50:26,BTCUSD_PERP,bid,63400,625.67
2024-08-26 08:50:26,BTCUSD_PERP,bid,63400,688.44
2024-08-26 08:51:52,BTCUSD_PERP,bid,63400,500.39
2024-08-26 08:51:53,BTCUSD_PERP,bid,63400,563.19
2024-08-26 08:52:21,BTCUSD_PERP,bid,63400,501.03
2024-08-26 08:52:22,BTCUSD_PERP,bid,63400,500.77
2024-08-26 08:52:23,BTCUSD_PERP,bid,63400,562.9
2024-08-26 08:52:23,BTCUSD_PERP,bid,63400,625.67
2024-08-26 08:52:23,BTCUSD_PERP,bid,63400,688.44
2024-08-26 08:52:29,BTCUSD_PERP,bid,63400,563.54
2024-08-26 08:52:30,BTCUSD_PERP,bid,63400,501.41
2024-08-26 08:53:36,BTCUSD_PERP,bid,63300,500.16
2024-08-26 08:54:35,BTCUSD_PERP,bid,63400,500.42
2024-08-26 08:54:35,BTCUSD_PERP,bid,63400,563.21
2024-08-26 08:54:35,BTCUSD_PERP,bid,63400,625.37
2024-08-26 08:54:35,BTCUSD_PERP,bid,63400,750.32
2024-08-26 08:54:36,BTCUSD_PERP,bid,63400,812.47
2024-08-26 08:55:03,BTCUSD_PERP,bid,63400,749.68
2024-08-26 08:55:03,BTCUSD_PERP,bid,63400,625.36
2024-08-26 08:55:04,BTCUSD_PERP,bid,63400,563.21
2024-08-26 08:55:04,BTCUSD_PERP,bid,63300,687.16
2024-08-26 08:55:04,BTCUSD_PERP,bid,63300,749.92
2024-08-26 08:55:19,BTCUSD_PERP,bid,63300,687.8
2024-08-26 08:55:19,BTCUSD_PERP,bid,63300,625.04
2024-08-26 08:55:19,BTCUSD_PERP,bid,63300,500.16
2024-08-26 08:55:20,BTCUSD_PERP,bid,63400,501.05
2024-08-26 08:55:20,BTCUSD_PERP,bid,63300,485.11
2024-08-26 08:55:20,BTCUSD_PERP,bid,63400,626.0
2024-08-26 08:57:10,BTCUSD_PERP,bid,63300,484.76
2024-08-26 08:57:10,BTCUSD_PERP,bid,63300,564.04
2024-08-26 08:57:10,BTCUSD_PERP,bid,63300,547.41
2024-08-26 08:57:10,BTCUSD_PERP,bid,63300,626.79
2024-08-26 08:58:45,BTCUSD_PERP,bid,63300,564.04
2024-08-26 08:58:45,BTCUSD_PERP,bid,63300,485.05
2024-08-26 08:58:45,BTCUSD_PERP,bid,63400,625.34
2024-08-26 08:58:45,BTCUSD_PERP,bid,63300,547.74
2024-08-26 08:58:45,BTCUSD_PERP,bid,63400,688.13
2024-08-26 08:58:49,BTCUSD_PERP,bid,63400,688.18
2024-08-26 09:00:03,BTCUSD_PERP,bid,63300,485.48
2024-08-26 09:00:03,BTCUSD_PERP,bid,63400,625.39
2024-08-26 09:00:03,BTCUSD_PERP,bid,63300,484.76
2024-08-26 09:00:03,BTCUSD_PERP,bid,63300,562.86
2024-08-26 09:00:03,BTCUSD_PERP,bid,63300,547.41
2024-08-26 09:00:03,BTCUSD_PERP,bid,63300,625.61
2024-08-26 09:00:41,BTCUSD_PERP,bid,63300,500.39
2024-08-26 09:00:41,BTCUSD_PERP,bid,63300,562.86
2024-08-26 09:00:43,BTCUSD_PERP,bid,63400,636.77
2024-08-26 09:00:43,BTCUSD_PERP,bid,63400,699.59
2024-08-26 09:04:22,BTCUSD_PERP,bid,63400,625.87
2024-08-26 09:04:23,BTCUSD_PERP,bid,63400,688.66
2024-08-26 09:05:19,BTCUSD_PERP,bid,63300,573.37
2024-08-26 09:05:19,BTCUSD_PERP,bid,63300,698.89
2024-08-26 09:05:19,BTCUSD_PERP,bid,63300,761.65
2024-08-26 09:05:23,BTCUSD_PERP,bid,63300,499.75
2024-08-26 09:05:23,BTCUSD_PERP,bid,63300,562.47
2024-08-26 09:05:23,BTCUSD_PERP,bid,63300,625.19
2024-08-26 09:06:05,BTCUSD_PERP,bid,63400,533.09
2024-08-26 09:06:28,BTCUSD_PERP,bid,63400,501.12
2024-08-26 09:06:28,BTCUSD_PERP,bid,63400,563.92
2024-08-26 09:06:47,BTCUSD_PERP,bid,63300,485.29
2024-08-26 09:06:47,BTCUSD_PERP,bid,63400,749.34
2024-08-26 09:06:47,BTCUSD_PERP,bid,63400,812.1
2024-08-26 09:06:47,BTCUSD_PERP,bid,63300,547.95
2024-08-26 09:06:58,BTCUSD_PERP,bid,63300,547.85
2024-08-26 09:06:58,BTCUSD_PERP,bid,63400,937.52
2024-08-26 09:06:58,BTCUSD_PERP,bid,63300,610.55
2024-08-26 09:06:58,BTCUSD_PERP,bid,63400,1000.32
2024-08-26 09:07:08,BTCUSD_PERP,bid,63300,547.81
2024-08-26 09:07:09,BTCUSD_PERP,bid,63400,874.72
2024-08-26 09:07:09,BTCUSD_PERP,bid,63400,811.92
2024-08-26 09:07:09,BTCUSD_PERP,bid,63400,749.12
2024-08-26 09:07:09,BTCUSD_PERP,bid,63400,686.32
2024-08-26 09:07:09,BTCUSD_PERP,bid,63400,563.65
2024-08-26 09:07:10,BTCUSD_PERP,bid,63400,498.32
2024-08-26 09:07:17,BTCUSD_PERP,ask,64600,467.31
2024-08-26 09:07:19,BTCUSD_PERP,bid,63400,498.95
2024-08-26 09:08:25,BTCUSD_PERP,bid,63300,486.1
2024-08-26 09:08:25,BTCUSD_PERP,bid,63300,873.79
2024-08-26 09:08:26,BTCUSD_PERP,bid,63300,936.52
2024-08-26 09:08:26,BTCUSD_PERP,bid,63300,548.73
2024-08-26 09:08:34,BTCUSD_PERP,ask,64600,479.3
2024-08-26 09:08:35,BTCUSD_PERP,ask,64600,489.3
2024-08-26 09:08:35,BTCUSD_PERP,ask,64600,499.62
2024-08-26 09:08:36,BTCUSD_PERP,ask,64600,509.94
2024-08-26 09:09:07,BTCUSD_PERP,bid,63300,498.68
2024-08-26 09:09:07,BTCUSD_PERP,bid,63400,499.6
2024-08-26 09:09:07,BTCUSD_PERP,bid,63400,562.37
2024-08-26 09:09:27,BTCUSD_PERP,ask,64600,482.21
2024-08-26 09:09:28,BTCUSD_PERP,bid,63400,500.24
2024-08-26 09:09:31,BTCUSD_PERP,bid,63300,485.13
2024-08-26 09:09:31,BTCUSD_PERP,bid,63400,936.94
2024-08-26 09:09:31,BTCUSD_PERP,bid,63300,547.83
2024-08-26 09:09:31,BTCUSD_PERP,bid,63400,999.74
2024-08-26 09:11:03,BTCUSD_PERP,bid,63300,485.13
2024-08-26 09:11:03,BTCUSD_PERP,bid,63400,874.78
2024-08-26 09:11:03,BTCUSD_PERP,bid,63300,735.49
2024-08-26 09:11:03,BTCUSD_PERP,bid,63400,687.27
2024-08-26 09:11:03,BTCUSD_PERP,bid,63300,547.59
2024-08-26 09:11:03,BTCUSD_PERP,bid,63400,874.94
2024-08-26 09:11:03,BTCUSD_PERP,bid,63300,547.57
2024-08-26 09:11:57,BTCUSD_PERP,bid,63400,562.37
2024-08-26 09:11:57,BTCUSD_PERP,bid,63300,797.73
2024-08-26 09:11:57,BTCUSD_PERP,bid,63400,812.6
2024-08-26 09:11:57,BTCUSD_PERP,bid,63200,497.34
2024-08-26 09:11:57,BTCUSD_PERP,bid,63300,485.13
2024-08-26 09:11:57,BTCUSD_PERP,bid,63400,875.4
2024-08-26 09:11:57,BTCUSD_PERP,bid,63300,547.83
2024-08-26 09:12:33,BTCUSD_PERP,bid,63400,750.44
2024-08-26 09:12:33,BTCUSD_PERP,bid,63300,500.78
2024-08-26 09:12:33,BTCUSD_PERP,bid,63400,688.27
2024-08-26 09:12:33,BTCUSD_PERP,bid,63400,625.47
2024-08-26 09:12:33,BTCUSD_PERP,bid,63400,562.67
2024-08-26 09:12:34,BTCUSD_PERP,bid,63400,500.5
2024-08-26 09:12:34,BTCUSD_PERP,bid,63400,500.1
2024-08-26 09:12:34,BTCUSD_PERP,bid,63400,625.78
2024-08-26 09:12:34,BTCUSD_PERP,bid,63400,687.98
2024-08-26 09:12:34,BTCUSD_PERP,bid,63400,750.18
2024-08-26 09:12:35,BTCUSD_PERP,bid,63400,813.02
2024-08-26 09:12:35,BTCUSD_PERP,bid,63400,875.86
2024-08-26 09:12:35,BTCUSD_PERP,bid,63400,485.35
2024-08-26 09:12:35,BTCUSD_PERP,bid,63400,938.06
2024-08-26 09:12:35,BTCUSD_PERP,bid,63400,1000.9
2024-08-26 09:12:35,BTCUSD_PERP,bid,63400,548.12
2024-08-26 09:12:35,BTCUSD_PERP,bid,63400,610.89
2024-08-26 09:15:23,BTCUSD_PERP,bid,63400,1000.9
2024-08-26 09:16:02,BTCUSD_PERP,bid,63400,1000.85
2024-08-26 09:17:10,BTCUSD_PERP,bid,63400,938.65
2024-08-26 09:17:11,BTCUSD_PERP,bid,63400,548.58
2024-08-26 09:17:11,BTCUSD_PERP,bid,63400,876.45
2024-08-26 09:17:11,BTCUSD_PERP,bid,63400,563.0
2024-08-26 09:17:11,BTCUSD_PERP,bid,63300,485.58
2024-08-26 09:17:11,BTCUSD_PERP,bid,63400,813.2
2024-08-26 09:17:11,BTCUSD_PERP,bid,63300,548.28
2024-08-26 09:17:11,BTCUSD_PERP,bid,63400,876.0
2024-08-26 09:17:44,BTCUSD_PERP,bid,63400,813.84
2024-08-26 09:17:44,BTCUSD_PERP,bid,63300,485.58
2024-08-26 09:17:44,BTCUSD_PERP,bid,63400,751.04
2024-08-26 09:17:44,BTCUSD_PERP,bid,63400,688.24
2024-08-26 09:17:44,BTCUSD_PERP,bid,63400,625.44
2024-08-26 09:17:44,BTCUSD_PERP,bid,63400,563.28
2024-08-26 09:17:45,BTCUSD_PERP,bid,63400,564.2
2024-08-26 09:17:45,BTCUSD_PERP,bid,63400,627.03
2024-08-26 09:17:45,BTCUSD_PERP,bid,63400,689.23
2024-08-26 09:17:46,BTCUSD_PERP,bid,63400,485.83
2024-08-26 09:17:46,BTCUSD_PERP,bid,63400,751.43
2024-08-26 09:19:02,BTCUSD_PERP,bid,63400,500.48
2024-08-26 09:19:10,BTCUSD_PERP,ask,64600,464.89
2024-08-26 09:19:13,BTCUSD_PERP,ask,64600,475.22
2024-08-26 09:19:13,BTCUSD_PERP,ask,64600,485.55
2024-08-26 09:19:15,BTCUSD_PERP,ask,64600,495.88
2024-08-26 09:19:15,BTCUSD_PERP,ask,64600,517.19
2024-08-26 09:19:21,BTCUSD_PERP,ask,64600,523.64
2024-08-26 09:19:51,BTCUSD_PERP,bid,63300,485.29
2024-08-26 09:19:51,BTCUSD_PERP,bid,63400,750.04
2024-08-26 09:19:51,BTCUSD_PERP,bid,63300,547.95
2024-08-26 09:19:51,BTCUSD_PERP,bid,63400,812.81
2024-08-26 09:20:10,BTCUSD_PERP,ask,64600,513.31
2024-08-26 09:20:13,BTCUSD_PERP,ask,64600,502.98
2024-08-26 09:20:13,BTCUSD_PERP,ask,64600,492.65
2024-08-26 09:20:15,BTCUSD_PERP,ask,64600,482.32
2024-08-26 09:20:19,BTCUSD_PERP,bid,63400,500.24
2024-08-26 09:20:47,BTCUSD_PERP,bid,63300,502.32
2024-08-26 09:20:47,BTCUSD_PERP,bid,63300,579.92
2024-08-26 09:20:50,BTCUSD_PERP,bid,63100,493.59
2024-08-26 09:20:50,BTCUSD_PERP,bid,63100,504.76
2024-08-26 09:20:50,BTCUSD_PERP,bid,63100,567.26
2024-08-26 09:20:50,BTCUSD_PERP,bid,63200,510.28
2024-08-26 09:20:53,BTCUSD_PERP,bid,63100,520.35
2024-08-26 09:20:54,BTCUSD_PERP,bid,63200,552.61
2024-08-26 09:20:54,BTCUSD_PERP,bid,63200,615.26
2024-08-26 09:20:54,BTCUSD_PERP,bid,63200,677.28
2024-08-26 09:20:54,BTCUSD_PERP,bid,63200,546.51
2024-08-26 09:21:02,BTCUSD_PERP,bid,63200,624.61
2024-08-26 09:21:05,BTCUSD_PERP,bid,63200,483.92
2024-08-26 09:21:06,BTCUSD_PERP,bid,63200,561.96
2024-08-26 09:21:06,BTCUSD_PERP,bid,63200,499.94
2024-08-26 09:22:21,BTCUSD_PERP,bid,63300,499.28
2024-08-26 09:22:21,BTCUSD_PERP,bid,63300,562.01
2024-08-26 09:22:21,BTCUSD_PERP,bid,63300,624.1
2024-08-26 09:22:21,BTCUSD_PERP,bid,63300,686.83
2024-08-26 09:22:22,BTCUSD_PERP,bid,63300,748.92
2024-08-26 09:23:07,BTCUSD_PERP,bid,63300,686.19
2024-08-26 09:23:08,BTCUSD_PERP,bid,63300,623.46
2024-08-26 09:23:08,BTCUSD_PERP,bid,63300,498.64
2024-08-26 09:23:08,BTCUSD_PERP,bid,63300,811.18
2024-08-26 09:23:55,BTCUSD_PERP,bid,63300,484.53
2024-08-26 09:23:55,BTCUSD_PERP,bid,63300,998.45
2024-08-26 09:23:55,BTCUSD_PERP,bid,63300,1061.18
2024-08-26 09:23:55,BTCUSD_PERP,bid,63300,547.16
2024-08-26 09:24:42,BTCUSD_PERP,bid,63300,484.5
2024-08-26 09:24:43,BTCUSD_PERP,bid,63300,935.83
2024-08-26 09:24:43,BTCUSD_PERP,bid,63300,873.1
2024-08-26 09:24:43,BTCUSD_PERP,bid,63300,747.64
2024-08-26 09:24:43,BTCUSD_PERP,bid,63300,623.46
2024-08-26 09:24:43,BTCUSD_PERP,bid,63300,498.64
2024-08-26 09:24:43,BTCUSD_PERP,bid,63300,500.16
2024-08-26 09:24:44,BTCUSD_PERP,bid,63300,625.68
2024-08-26 09:24:44,BTCUSD_PERP,bid,63300,688.44
2024-08-26 09:24:44,BTCUSD_PERP,bid,63300,813.32
2024-08-26 09:24:44,BTCUSD_PERP,bid,63300,485.39
2024-08-26 09:24:44,BTCUSD_PERP,bid,63300,875.44
2024-08-26 09:24:44,BTCUSD_PERP,bid,63300,547.46
2024-08-26 09:24:44,BTCUSD_PERP,bid,63300,999.68
2024-08-26 09:24:44,BTCUSD_PERP,bid,63300,1062.44
2024-08-26 09:25:14,BTCUSD_PERP,bid,63300,875.44
2024-08-26 09:25:14,BTCUSD_PERP,bid,63300,813.32
2024-08-26 09:25:15,BTCUSD_PERP,bid,63300,750.56
2024-08-26 09:25:15,BTCUSD_PERP,bid,63300,687.8
2024-08-26 09:25:15,BTCUSD_PERP,bid,63400,500.31
2024-08-26 09:25:15,BTCUSD_PERP,bid,63300,563.56
2024-08-26 09:25:15,BTCUSD_PERP,bid,63400,562.47
2024-08-26 09:25:15,BTCUSD_PERP,bid,63300,485.47
2024-08-26 09:25:15,BTCUSD_PERP,bid,63400,749.58
2024-08-26 09:25:15,BTCUSD_PERP,bid,63400,812.37
2024-08-26 09:25:16,BTCUSD_PERP,bid,63300,548.2
2024-08-26 09:25:16,BTCUSD_PERP,bid,63400,937.95
2024-08-26 09:25:16,BTCUSD_PERP,bid,63400,1000.1
2024-08-26 09:25:16,BTCUSD_PERP,bid,63300,610.46
2024-08-26 09:25:16,BTCUSD_PERP,bid,63400,1062.89
2024-08-26 09:25:16,BTCUSD_PERP,bid,63400,1125.68
2024-08-26 09:25:16,BTCUSD_PERP,bid,63400,1188.47
2024-08-26 09:26:06,BTCUSD_PERP,bid,63300,547.73
2024-08-26 09:26:06,BTCUSD_PERP,bid,63400,1125.68
2024-08-26 09:26:06,BTCUSD_PERP,bid,63300,485.63
2024-08-26 09:26:06,BTCUSD_PERP,bid,63400,1063.52
2024-08-26 09:26:06,BTCUSD_PERP,bid,63400,1000.73
2024-08-26 09:26:06,BTCUSD_PERP,bid,63400,875.89
2024-08-26 09:26:06,BTCUSD_PERP,bid,63400,750.31
2024-08-26 09:26:07,BTCUSD_PERP,bid,63400,688.15
2024-08-26 09:26:07,BTCUSD_PERP,bid,63400,500.41
2024-08-26 09:26:21,BTCUSD_PERP,bid,63400,486.19
2024-08-26 09:26:21,BTCUSD_PERP,bid,63400,548.36
2024-08-26 09:26:21,BTCUSD_PERP,bid,63400,611.16
2024-08-26 09:28:56,BTCUSD_PERP,bid,63400,485.61
2024-08-26 09:28:56,BTCUSD_PERP,bid,63400,1063.68
2024-08-26 09:28:56,BTCUSD_PERP,bid,63400,1126.51
2024-08-26 09:28:56,BTCUSD_PERP,bid,63400,485.37
2024-08-26 09:31:37,BTCUSD_PERP,bid,63400,485.61
2024-08-26 09:31:55,BTCUSD_PERP,bid,63400,485.37
2024-08-26 09:32:44,BTCUSD_PERP,bid,63400,1064.31
2024-08-26 09:32:44,BTCUSD_PERP,bid,63400,1002.12
2024-08-26 09:32:44,BTCUSD_PERP,bid,63400,814.26
2024-08-26 09:32:44,BTCUSD_PERP,bid,63400,751.43
2024-08-26 09:32:44,BTCUSD_PERP,bid,63400,689.23
2024-08-26 09:32:44,BTCUSD_PERP,bid,63400,626.4
2024-08-26 09:32:45,BTCUSD_PERP,bid,63400,486.23
2024-08-26 09:32:45,BTCUSD_PERP,bid,63400,611.17
2024-08-26 09:35:10,BTCUSD_PERP,bid,63400,486.23
2024-08-26 09:35:10,BTCUSD_PERP,bid,63400,548.14
2024-08-26 09:35:10,BTCUSD_PERP,bid,63400,1126.43
2024-08-26 09:35:10,BTCUSD_PERP,bid,63400,610.87
2024-08-26 09:35:10,BTCUSD_PERP,bid,63400,1189.26
2024-08-26 09:35:44,BTCUSD_PERP,bid,63400,562.85
2024-08-26 09:35:45,BTCUSD_PERP,bid,63300,558.51
2024-08-26 09:35:45,BTCUSD_PERP,bid,63400,1063.06
2024-08-26 09:35:45,BTCUSD_PERP,bid,63400,1125.86
2024-08-26 09:36:12,BTCUSD_PERP,bid,63300,547.59
2024-08-26 09:36:12,BTCUSD_PERP,bid,63400,1062.55
2024-08-26 09:36:12,BTCUSD_PERP,bid,63400,1125.32
2024-08-26 09:36:48,BTCUSD_PERP,bid,63300,500.4
2024-08-26 09:37:22,BTCUSD_PERP,bid,63300,500.05
2024-08-26 09:37:22,BTCUSD_PERP,bid,63300,562.81
2024-08-26 09:37:22,BTCUSD_PERP,bid,63300,500.44
2024-08-26 09:37:31,BTCUSD_PERP,bid,63400,499.63
2024-08-26 09:37:31,BTCUSD_PERP,bid,63400,562.4
2024-08-26 09:38:57,BTCUSD_PERP,bid,63400,500.31
2024-08-26 09:38:57,BTCUSD_PERP,bid,63300,500.68
2024-08-26 09:38:58,BTCUSD_PERP,bid,63400,563.1
2024-08-26 09:43:48,BTCUSD_PERP,bid,63400,565.3
2024-08-26 09:45:54,BTCUSD_PERP,bid,63400,503.13
2024-08-26 09:45:55,BTCUSD_PERP,bid,63400,562.46
2024-08-26 09:49:03,BTCUSD_PERP,bid,63400,499.68
2024-08-26 09:49:05,BTCUSD_PERP,bid,63400,500.05
2024-08-26 09:49:05,BTCUSD_PERP,bid,63400,562.23
2024-08-26 09:49:05,BTCUSD_PERP,bid,63400,625.05
2024-08-26 09:50:08,BTCUSD_PERP,bid,63400,500.42
2024-08-26 09:50:33,BTCUSD_PERP,bid,63400,562.87
2024-08-26 09:50:36,BTCUSD_PERP,bid,63400,625.3
2024-08-26 09:56:12,BTCUSD_PERP,bid,63400,562.45
2024-08-26 10:04:11,BTCUSD_PERP,bid,42000,1062.14
2024-08-26 10:21:28,BTCUSD_PERP,ask,64700,465.48
2024-08-26 10:21:35,BTCUSD_PERP,ask,64700,471.94
2024-08-26 10:21:39,BTCUSD_PERP,ask,64700,478.4
2024-08-26 10:21:40,BTCUSD_PERP,ask,64700,488.74
2024-08-26 10:21:45,BTCUSD_PERP,ask,64700,495.2
2024-08-26 11:15:09,BTCUSD_PERP,bid,63400,486.04
2024-08-26 11:15:09,BTCUSD_PERP,bid,63400,548.86
2024-08-26 11:17:21,BTCUSD_PERP,bid,63400,501.72
2024-08-26 11:36:56,BTCUSD_PERP,bid,63400,485.92
2024-08-26 11:43:48,BTCUSD_PERP,bid,63400,485.66
2024-08-26 11:56:05,BTCUSD_PERP,bid,63400,500.72
2024-08-26 11:56:05,BTCUSD_PERP,bid,63400,563.56
2024-08-26 11:56:32,BTCUSD_PERP,bid,63400,563.28
2024-08-26 11:57:57,BTCUSD_PERP,bid,63400,563.56
2024-08-26 11:58:00,BTCUSD_PERP,bid,63400,563.61
2024-08-26 12:01:32,BTCUSD_PERP,bid,63400,563.56
2024-08-26 12:02:04,BTCUSD_PERP,bid,63400,500.72
2024-08-26 12:10:40,BTCUSD_PERP,bid,44000,1127.25
2024-08-26 12:12:52,BTCUSD_PERP,bid,63400,500.81
2024-08-26 12:31:26,BTCUSD_PERP,bid,63400,500.23
2024-08-26 12:43:54,BTCUSD_PERP,bid,63400,501.17
2024-08-26 12:43:54,BTCUSD_PERP,bid,63400,563.35
2024-08-26 12:49:30,BTCUSD_PERP,bid,63400,501.17
2024-08-26 12:49:30,BTCUSD_PERP,bid,63400,501.22
2024-08-26 12:49:30,BTCUSD_PERP,bid,63400,563.4
2024-08-26 12:49:32,BTCUSD_PERP,bid,63400,563.45
2024-08-26 12:50:37,BTCUSD_PERP,bid,47000,2440.59
2024-08-26 12:52:56,BTCUSD_PERP,bid,63400,563.4
2024-08-26 12:53:00,BTCUSD_PERP,bid,63400,563.35
2024-08-26 12:58:53,BTCUSD_PERP,bid,63400,500.29
2024-08-26 13:04:16,BTCUSD_PERP,bid,63300,500.05
2024-08-26 13:04:17,BTCUSD_PERP,bid,63300,562.17
2024-08-26 13:15:55,BTCUSD_PERP,bid,44000,1127.09
2024-08-26 13:20:40,BTCUSD_PERP,bid,63300,499.94
2024-08-26 13:20:40,BTCUSD_PERP,bid,63300,562.03
2024-08-26 13:20:40,BTCUSD_PERP,bid,63300,624.65
2024-08-26 13:26:55,BTCUSD_PERP,bid,63300,562.55
2024-08-26 13:26:55,BTCUSD_PERP,bid,63300,500.45
2024-08-26 13:26:56,BTCUSD_PERP,bid,63300,624.33
2024-08-26 13:29:27,BTCUSD_PERP,bid,63300,561.63
2024-08-26 13:29:27,BTCUSD_PERP,bid,63300,561.32
2024-08-26 13:34:58,BTCUSD_PERP,bid,63300,499.29
2024-08-26 13:34:59,BTCUSD_PERP,bid,63300,501.01
2024-08-26 13:34:59,BTCUSD_PERP,bid,63300,563.73
2024-08-26 13:35:00,BTCUSD_PERP,bid,63300,750.61
2024-08-26 13:38:12,BTCUSD_PERP,bid,63300,687.89
2024-08-26 13:38:31,BTCUSD_PERP,ask,64500,468.36
2024-08-26 13:38:36,BTCUSD_PERP,ask,64500,481.24
2024-08-26 13:38:38,BTCUSD_PERP,ask,64500,491.55
2024-08-26 13:38:38,BTCUSD_PERP,ask,64500,497.99
2024-08-26 13:38:39,BTCUSD_PERP,ask,64500,504.43
2024-08-26 13:38:41,BTCUSD_PERP,ask,64500,514.74
2024-08-26 13:38:41,BTCUSD_PERP,ask,64500,525.05
2024-08-26 13:38:41,BTCUSD_PERP,ask,64500,535.36
2024-08-26 13:38:45,BTCUSD_PERP,ask,64500,552.12
2024-08-26 13:38:48,BTCUSD_PERP,ask,64500,562.43
2024-08-26 13:38:49,BTCUSD_PERP,ask,64500,583.71
2024-08-26 13:38:49,BTCUSD_PERP,ask,64500,593.7
2024-08-26 13:38:54,BTCUSD_PERP,ask,64500,600.14
2024-08-26 13:39:31,BTCUSD_PERP,ask,64500,589.82
2024-08-26 13:39:36,BTCUSD_PERP,ask,64500,583.38
2024-08-26 13:39:36,BTCUSD_PERP,ask,64500,576.94
2024-08-26 13:39:38,BTCUSD_PERP,ask,64500,566.63
2024-08-26 13:40:55,BTCUSD_PERP,bid,63400,500.23
2024-08-26 13:40:55,BTCUSD_PERP,bid,63400,563.01
2024-08-26 13:40:55,BTCUSD_PERP,bid,63400,625.79
2024-08-26 13:40:55,BTCUSD_PERP,bid,63400,688.57
2024-08-26 13:41:00,BTCUSD_PERP,bid,63400,499.87
2024-08-26 13:41:05,BTCUSD_PERP,bid,63400,626.43
2024-08-26 13:41:05,BTCUSD_PERP,bid,63400,501.61
2024-08-26 13:41:06,BTCUSD_PERP,bid,63400,512.39
2024-08-26 13:41:06,BTCUSD_PERP,bid,63400,574.58
2024-08-26 13:41:07,BTCUSD_PERP,bid,63400,637.4
2024-08-26 13:41:13,BTCUSD_PERP,bid,63400,575.21
2024-08-26 13:41:14,BTCUSD_PERP,bid,63400,563.72
2024-08-26 13:41:14,BTCUSD_PERP,bid,63400,626.51
2024-08-26 13:41:51,BTCUSD_PERP,bid,63400,499.6
2024-08-26 13:42:00,BTCUSD_PERP,ask,64600,475.0
2024-08-26 13:42:05,BTCUSD_PERP,ask,64600,481.45
2024-08-26 13:42:05,BTCUSD_PERP,ask,64600,487.9
2024-08-26 13:42:05,BTCUSD_PERP,ask,64600,498.23
2024-08-26 13:42:06,BTCUSD_PERP,ask,64600,504.68
2024-08-26 13:42:56,BTCUSD_PERP,bid,63400,499.95
2024-08-26 13:42:56,BTCUSD_PERP,bid,63400,562.13
2024-08-26 13:42:56,BTCUSD_PERP,bid,63400,687.12
2024-08-26 13:42:56,BTCUSD_PERP,bid,63400,749.93
2024-08-26 13:42:56,BTCUSD_PERP,bid,63400,874.92
2024-08-26 13:43:33,BTCUSD_PERP,bid,63400,811.66
2024-08-26 13:43:33,BTCUSD_PERP,bid,63400,874.44
2024-08-26 13:43:50,BTCUSD_PERP,bid,63400,811.66
2024-08-26 13:43:50,BTCUSD_PERP,bid,63300,874.02
2024-08-26 13:44:48,BTCUSD_PERP,bid,63300,562.77
2024-08-26 13:45:27,BTCUSD_PERP,bid,63300,500.03
2024-08-26 13:45:28,BTCUSD_PERP,bid,63300,562.77
2024-08-26 13:45:28,BTCUSD_PERP,bid,63300,625.51
2024-08-26 13:47:01,BTCUSD_PERP,bid,63300,574.11
2024-08-26 13:47:04,BTCUSD_PERP,bid,47000,2440.48
2024-08-26 13:47:29,BTCUSD_PERP,bid,63300,574.16
2024-08-26 13:49:22,BTCUSD_PERP,bid,63300,499.11
2024-08-26 13:49:23,BTCUSD_PERP,bid,63300,561.83
2024-08-26 13:49:40,BTCUSD_PERP,bid,63300,499.52
2024-08-26 13:50:01,BTCUSD_PERP,bid,63200,561.87
2024-08-26 13:50:40,BTCUSD_PERP,bid,63100,580.22
2024-08-26 13:50:40,BTCUSD_PERP,bid,63100,642.78
2024-08-26 13:50:45,BTCUSD_PERP,bid,63200,499.33
2024-08-26 13:50:45,BTCUSD_PERP,bid,63200,561.28
2024-08-26 13:50:45,BTCUSD_PERP,bid,63200,623.87
2024-08-26 13:50:45,BTCUSD_PERP,bid,63200,686.46
2024-08-26 13:50:45,BTCUSD_PERP,bid,63200,749.05
2024-08-26 13:50:58,BTCUSD_PERP,bid,63100,571.48
2024-08-26 13:51:00,BTCUSD_PERP,bid,63100,694.95
2024-08-26 13:51:00,BTCUSD_PERP,bid,63100,757.41
2024-08-26 13:51:01,BTCUSD_PERP,bid,63100,694.95
2024-08-26 13:51:01,BTCUSD_PERP,bid,63100,508.2
2024-08-26 13:51:37,BTCUSD_PERP,bid,63100,560.59
2024-08-26 13:51:37,BTCUSD_PERP,bid,63100,684.98
2024-08-26 13:51:37,BTCUSD_PERP,bid,63100,747.49
2024-08-26 13:52:02,BTCUSD_PERP,bid,63100,685.61
2024-08-26 13:52:02,BTCUSD_PERP,bid,63100,623.73
2024-08-26 13:52:02,BTCUSD_PERP,bid,63100,499.34
2024-08-26 13:57:00,BTCUSD_PERP,bid,63100,683.77
2024-08-26 13:57:45,BTCUSD_PERP,bid,63100,497.15
2024-08-26 14:00:07,BTCUSD_PERP,bid,63200,497.47
2024-08-26 14:00:08,BTCUSD_PERP,bid,63200,560.05
2024-08-26 14:00:08,BTCUSD_PERP,bid,63200,622.63
2024-08-26 14:00:08,BTCUSD_PERP,bid,63200,684.58
2024-08-26 14:00:41,BTCUSD_PERP,bid,63100,622.3
2024-08-26 14:00:41,BTCUSD_PERP,bid,63100,684.21
2024-08-26 14:01:33,BTCUSD_PERP,bid,63100,559.75
2024-08-26 14:01:33,BTCUSD_PERP,bid,63100,745.71
2024-08-26 14:02:14,BTCUSD_PERP,bid,63100,683.83
2024-08-26 14:02:14,BTCUSD_PERP,bid,63100,621.74
2024-08-26 14:02:14,BTCUSD_PERP,bid,63100,683.59
2024-08-26 14:03:12,BTCUSD_PERP,bid,63100,621.74
2024-08-26 14:05:53,BTCUSD_PERP,bid,63100,745.35
2024-08-26 14:07:18,BTCUSD_PERP,bid,63000,683.06
2024-08-26 14:07:34,BTCUSD_PERP,bid,63000,495.74
2024-08-26 14:07:39,BTCUSD_PERP,bid,63000,570.5
2024-08-26 14:08:04,BTCUSD_PERP,bid,63000,508.72
2024-08-26 14:10:40,BTCUSD_PERP,bid,63100,497.17
2024-08-26 14:11:04,BTCUSD_PERP,bid,63100,497.48
2024-08-26 14:14:49,BTCUSD_PERP,bid,63200,622.99
2024-08-26 14:17:36,BTCUSD_PERP,bid,63200,561.0
2024-08-26 14:17:37,BTCUSD_PERP,bid,63200,498.37
2024-08-26 14:17:39,BTCUSD_PERP,bid,63300,509.89
2024-08-26 14:17:39,BTCUSD_PERP,bid,63300,571.93
2024-08-26 14:19:02,BTCUSD_PERP,bid,63200,560.46
2024-08-26 14:19:02,BTCUSD_PERP,bid,63200,623.1
2024-08-26 14:19:04,BTCUSD_PERP,ask,64500,468.34
2024-08-26 14:20:48,BTCUSD_PERP,bid,63200,560.46
2024-08-26 14:20:49,BTCUSD_PERP,bid,63200,498.46
2024-08-26 14:20:50,BTCUSD_PERP,bid,63300,510.12
2024-08-26 14:20:50,BTCUSD_PERP,bid,63300,572.16
2024-08-26 14:20:50,BTCUSD_PERP,bid,63300,634.19
2024-08-26 14:21:18,BTCUSD_PERP,bid,63300,572.16
2024-08-26 14:21:18,BTCUSD_PERP,ask,64500,483.33
2024-08-26 14:21:20,BTCUSD_PERP,bid,63300,510.12
2024-08-26 14:21:20,BTCUSD_PERP,bid,63300,676.52
2024-08-26 14:21:47,BTCUSD_PERP,ask,64500,476.94
2024-08-26 14:22:02,BTCUSD_PERP,bid,63300,561.41
2024-08-26 14:26:21,BTCUSD_PERP,bid,63300,498.99
2024-08-26 14:26:21,BTCUSD_PERP,bid,63300,623.1
2024-08-26 14:26:22,BTCUSD_PERP,bid,63300,747.85
2024-08-26 14:26:22,BTCUSD_PERP,bid,63300,873.23
2024-08-26 14:26:22,BTCUSD_PERP,bid,63300,935.81
2024-08-26 14:26:22,BTCUSD_PERP,bid,63200,484.23
2024-08-26 14:26:22,BTCUSD_PERP,bid,63300,1123.25
2024-08-26 14:26:22,BTCUSD_PERP,bid,63200,546.86
2024-08-26 14:26:23,BTCUSD_PERP,bid,63200,609.49
2024-08-26 14:26:23,BTCUSD_PERP,bid,63300,1185.94
2024-08-26 14:26:26,BTCUSD_PERP,bid,63300,1187.26
2024-08-26 14:26:52,BTCUSD_PERP,bid,63200,484.05
2024-08-26 14:26:52,BTCUSD_PERP,bid,63200,1061.27
2024-08-26 14:26:52,BTCUSD_PERP,bid,63200,546.61
2024-08-26 14:26:52,BTCUSD_PERP,bid,63200,1123.93
2024-08-26 14:30:25,BTCUSD_PERP,bid,63200,1061.27
2024-08-26 14:30:25,BTCUSD_PERP,bid,63200,686.37
2024-08-26 14:30:39,BTCUSD_PERP,bid,63200,690.81
2024-08-26 14:32:10,BTCUSD_PERP,bid,63200,498.83
2024-08-26 14:32:10,BTCUSD_PERP,bid,63200,810.52
2024-08-26 14:32:30,BTCUSD_PERP,bid,63200,747.93
2024-08-26 14:32:31,BTCUSD_PERP,bid,63200,685.34
2024-08-26 14:35:52,BTCUSD_PERP,bid,63200,622.75
2024-08-26 14:41:23,BTCUSD_PERP,bid,63100,622.44
2024-08-26 14:41:48,BTCUSD_PERP,bid,63100,559.88
2024-08-26 14:41:48,BTCUSD_PERP,bid,63100,497.95
2024-08-26 14:41:49,BTCUSD_PERP,bid,63200,499.6
2024-08-26 14:41:49,BTCUSD_PERP,bid,63200,623.54
2024-08-26 14:41:49,BTCUSD_PERP,bid,63200,686.15
2024-08-26 14:41:49,BTCUSD_PERP,bid,63200,748.76
2024-08-26 14:41:49,BTCUSD_PERP,bid,63200,811.37
2024-08-26 14:41:49,BTCUSD_PERP,bid,63100,483.57
2024-08-26 14:41:49,BTCUSD_PERP,bid,63200,997.81
2024-08-26 14:41:50,BTCUSD_PERP,bid,63100,546.11
2024-08-26 14:41:50,BTCUSD_PERP,bid,63200,1059.78
2024-08-26 14:41:50,BTCUSD_PERP,bid,63100,608.64
2024-08-26 14:41:50,BTCUSD_PERP,bid,63200,1122.39
2024-08-26 14:42:58,BTCUSD_PERP,bid,63200,498.85
2024-08-26 14:42:58,BTCUSD_PERP,bid,63200,561.23
2024-08-26 14:43:20,BTCUSD_PERP,ask,64400,473.44
2024-08-26 14:43:20,BTCUSD_PERP,ask,64400,479.87
2024-08-26 14:43:20,BTCUSD_PERP,ask,64400,486.3
2024-08-26 14:43:23,BTCUSD_PERP,ask,64400,492.73
2024-08-26 14:43:28,BTCUSD_PERP,ask,64400,499.16
2024-08-26 14:43:28,BTCUSD_PERP,ask,64400,509.45
2024-08-26 14:43:28,BTCUSD_PERP,ask,64400,519.42
2024-08-26 14:43:29,BTCUSD_PERP,ask,64400,529.71
2024-08-26 14:43:30,BTCUSD_PERP,ask,64400,540.0
2024-08-26 14:44:13,BTCUSD_PERP,bid,63100,545.52
2024-08-26 14:44:13,BTCUSD_PERP,bid,63100,996.69
2024-08-26 14:44:13,BTCUSD_PERP,bid,63100,1059.23
2024-08-26 14:44:13,BTCUSD_PERP,bid,63100,607.95
2024-08-26 14:44:16,BTCUSD_PERP,ask,64400,529.71
2024-08-26 14:44:20,BTCUSD_PERP,ask,64400,512.99
2024-08-26 14:44:23,BTCUSD_PERP,ask,64400,506.56
2024-08-26 14:44:28,BTCUSD_PERP,ask,64400,496.27
2024-08-26 14:44:28,BTCUSD_PERP,ask,64400,486.3
2024-08-26 14:44:29,BTCUSD_PERP,ask,64400,479.87
2024-08-26 14:44:29,BTCUSD_PERP,ask,64400,469.58
2024-08-26 14:48:36,BTCUSD_PERP,bid,63100,562.11
2024-08-26 14:48:36,BTCUSD_PERP,bid,63000,545.18
2024-08-26 14:48:36,BTCUSD_PERP,bid,63100,934.23
2024-08-26 14:48:36,BTCUSD_PERP,bid,63000,607.58
2024-08-26 14:48:36,BTCUSD_PERP,bid,63100,996.73
2024-08-26 14:50:46,BTCUSD_PERP,bid,63100,934.23
2024-08-26 14:51:20,BTCUSD_PERP,ask,64300,467.21
2024-08-26 14:51:23,BTCUSD_PERP,ask,64300,473.63
2024-08-26 14:51:24,BTCUSD_PERP,ask,64300,480.05
2024-08-26 14:51:24,BTCUSD_PERP,ask,64300,490.33
2024-08-26 14:56:43,BTCUSD_PERP,bid,63000,544.91
2024-08-26 14:56:43,BTCUSD_PERP,bid,63100,933.85
2024-08-26 14:56:43,BTCUSD_PERP,bid,63000,607.27
2024-08-26 15:02:05,BTCUSD_PERP,bid,63100,872.02
2024-08-26 15:02:05,BTCUSD_PERP,bid,63000,544.87
2024-08-26 15:02:05,BTCUSD_PERP,bid,63100,809.55
2024-08-26 15:02:05,BTCUSD_PERP,bid,63000,482.93
2024-08-26 15:02:05,BTCUSD_PERP,bid,63100,747.08
2024-08-26 15:02:06,BTCUSD_PERP,bid,63100,685.25
2024-08-26 15:02:06,BTCUSD_PERP,bid,63100,622.78
2024-08-26 15:02:06,BTCUSD_PERP,bid,63100,560.31
2024-08-26 15:02:07,BTCUSD_PERP,bid,63100,561.14
2024-08-26 15:02:07,BTCUSD_PERP,bid,63100,685.51
2024-08-26 15:02:07,BTCUSD_PERP,bid,63000,483.22
2024-08-26 15:02:07,BTCUSD_PERP,bid,63100,809.88
2024-08-26 15:02:34,BTCUSD_PERP,bid,63100,747.38
2024-08-26 15:02:34,BTCUSD_PERP,bid,63100,684.88
2024-08-26 15:02:34,BTCUSD_PERP,bid,63100,623.01
2024-08-26 15:02:34,BTCUSD_PERP,bid,63100,498.96
2024-08-26 15:02:34,BTCUSD_PERP,bid,63100,623.41
2024-08-26 15:02:35,BTCUSD_PERP,bid,63100,747.23
2024-08-26 15:02:35,BTCUSD_PERP,bid,63100,809.13
2024-08-26 15:02:58,BTCUSD_PERP,bid,63100,622.24
2024-08-26 15:02:58,BTCUSD_PERP,bid,63200,747.65
2024-08-26 15:06:23,BTCUSD_PERP,bid,63200,685.07
2024-08-26 15:06:23,BTCUSD_PERP,bid,63200,623.13
2024-08-26 15:06:23,BTCUSD_PERP,bid,63200,560.66
2024-08-26 15:06:24,BTCUSD_PERP,bid,63200,498.72
2024-08-26 15:06:24,BTCUSD_PERP,bid,63200,498.25
2024-08-26 15:06:24,BTCUSD_PERP,bid,63200,560.23
2024-08-26 15:06:24,BTCUSD_PERP,bid,63200,622.2
2024-08-26 15:06:24,BTCUSD_PERP,bid,63200,747.42
2024-08-26 15:06:25,BTCUSD_PERP,bid,63200,810.03
2024-08-26 15:06:25,BTCUSD_PERP,bid,63200,872.64
2024-08-26 15:17:26,BTCUSD_PERP,bid,63200,810.67
2024-08-26 15:17:26,BTCUSD_PERP,bid,63200,686.71
2024-08-26 15:17:26,BTCUSD_PERP,bid,63200,624.73
2024-08-26 15:17:26,BTCUSD_PERP,bid,63200,562.12
2024-08-26 15:17:27,BTCUSD_PERP,bid,63200,499.51
2024-08-26 15:17:28,BTCUSD_PERP,bid,63200,500.47
2024-08-26 15:17:54,BTCUSD_PERP,bid,63300,498.92
2024-08-26 15:17:55,BTCUSD_PERP,bid,63300,561.6
2024-08-26 15:17:55,BTCUSD_PERP,bid,63300,624.28
2024-08-26 15:17:55,BTCUSD_PERP,bid,63300,686.96
2024-08-26 15:17:55,BTCUSD_PERP,bid,63300,749.01
2024-08-26 15:17:55,BTCUSD_PERP,bid,63200,484.63
2024-08-26 15:17:55,BTCUSD_PERP,bid,63300,874.27
2024-08-26 15:17:55,BTCUSD_PERP,bid,63300,936.95
2024-08-26 15:17:55,BTCUSD_PERP,bid,63200,609.41
2024-08-26 15:17:56,BTCUSD_PERP,bid,63300,999.63
2024-08-26 15:17:57,BTCUSD_PERP,bid,63300,999.68
2024-08-26 15:17:57,BTCUSD_PERP,bid,63300,999.73
2024-08-26 15:18:08,BTCUSD_PERP,bid,63300,937.05
2024-08-26 15:18:08,BTCUSD_PERP,bid,63200,547.25
2024-08-26 15:18:08,BTCUSD_PERP,bid,63200,484.63
2024-08-26 15:18:08,BTCUSD_PERP,bid,63200,498.95
2024-08-26 15:18:08,BTCUSD_PERP,bid,63300,874.37
2024-08-26 15:18:08,BTCUSD_PERP,bid,63300,812.32
2024-08-26 15:18:09,BTCUSD_PERP,bid,63200,498.95
2024-08-26 15:18:09,BTCUSD_PERP,bid,63300,749.64
2024-08-26 15:18:09,BTCUSD_PERP,bid,63200,545.89
2024-08-26 15:18:09,BTCUSD_PERP,bid,63300,625.54
2024-08-26 15:18:09,BTCUSD_PERP,bid,63300,562.86
2024-08-26 15:18:09,BTCUSD_PERP,bid,63300,500.18
2024-08-26 15:18:09,BTCUSD_PERP,bid,63200,546.53
2024-08-26 15:18:09,BTCUSD_PERP,bid,63200,561.33
2024-08-26 15:18:09,BTCUSD_PERP,bid,63200,484.58
2024-08-26 15:18:09,BTCUSD_PERP,bid,63200,624.03
2024-08-26 15:18:09,BTCUSD_PERP,bid,63100,529.16
2024-08-26 15:18:09,BTCUSD_PERP,bid,63200,686.68
2024-08-26 15:18:10,BTCUSD_PERP,bid,63200,484.6
2024-08-26 15:18:10,BTCUSD_PERP,bid,63200,546.56
2024-08-26 15:18:10,BTCUSD_PERP,bid,63200,811.88
2024-08-26 15:18:10,BTCUSD_PERP,bid,63200,609.11
2024-08-26 15:18:10,BTCUSD_PERP,bid,63200,936.55
2024-08-26 15:18:10,BTCUSD_PERP,bid,63100,591.71
2024-08-26 15:18:10,BTCUSD_PERP,bid,63200,609.1
2024-08-26 15:18:10,BTCUSD_PERP,bid,63200,999.2
2024-08-26 15:18:10,BTCUSD_PERP,bid,63100,529.15
2024-08-26 15:18:36,BTCUSD_PERP,bid,63100,504.13
2024-08-26 15:18:55,BTCUSD_PERP,bid,63100,494.75
2024-08-26 15:21:34,BTCUSD_PERP,bid,63200,999.15
2024-08-26 15:23:31,BTCUSD_PERP,bid,63200,936.5
2024-08-26 15:23:31,BTCUSD_PERP,bid,63200,546.51
2024-08-26 15:23:31,BTCUSD_PERP,bid,63200,873.85
2024-08-26 15:23:31,BTCUSD_PERP,bid,63200,684.83
2024-08-26 15:23:31,BTCUSD_PERP,bid,63100,483.65
2024-08-26 15:23:31,BTCUSD_PERP,bid,63200,872.66
2024-08-26 15:23:31,BTCUSD_PERP,bid,63100,546.16
2024-08-26 15:23:31,BTCUSD_PERP,bid,63200,935.27
2024-08-26 15:25:56,BTCUSD_PERP,bid,63200,935.27
2024-08-26 15:31:17,BTCUSD_PERP,bid,63200,872.66
2024-08-26 15:31:17,BTCUSD_PERP,bid,63200,685.56
2024-08-26 15:31:17,BTCUSD_PERP,bid,63200,622.95
2024-08-26 15:31:18,BTCUSD_PERP,bid,63200,560.34
2024-08-26 15:31:18,BTCUSD_PERP,bid,63200,497.73
2024-08-26 15:31:18,BTCUSD_PERP,bid,63200,498.72
2024-08-26 15:31:37,BTCUSD_PERP,ask,64500,499.89
2024-08-26 15:31:43,BTCUSD_PERP,bid,63300,563.67
2024-08-26 15:31:43,BTCUSD_PERP,bid,63300,636.92
2024-08-26 15:31:43,BTCUSD_PERP,bid,63300,761.04
2024-08-26 15:31:44,BTCUSD_PERP,bid,63300,885.8
2024-08-26 15:31:44,BTCUSD_PERP,bid,63300,947.86
2024-08-26 15:31:44,BTCUSD_PERP,bid,63300,1010.56
2024-08-26 15:31:44,BTCUSD_PERP,bid,63300,1073.26
2024-08-26 15:31:50,BTCUSD_PERP,ask,64500,478.8
2024-08-26 15:33:00,BTCUSD_PERP,bid,63300,1010.56
2024-08-26 15:33:00,BTCUSD_PERP,bid,63300,885.16
2024-08-26 15:33:01,BTCUSD_PERP,bid,63300,760.4
2024-08-26 15:33:01,BTCUSD_PERP,bid,63300,573.58
2024-08-26 15:33:01,BTCUSD_PERP,bid,63300,562.11
2024-08-26 15:33:01,BTCUSD_PERP,bid,63300,624.78
2024-08-26 15:33:01,BTCUSD_PERP,bid,63300,686.81
2024-08-26 15:33:02,BTCUSD_PERP,bid,63300,748.84
2024-08-26 15:33:02,BTCUSD_PERP,bid,63300,811.51
2024-08-26 15:33:02,BTCUSD_PERP,bid,63300,873.54
2024-08-26 15:33:02,BTCUSD_PERP,bid,63300,936.21
2024-08-26 15:33:02,BTCUSD_PERP,bid,63300,998.24
2024-08-26 15:33:02,BTCUSD_PERP,bid,63300,1060.91
2024-08-26 15:33:42,BTCUSD_PERP,ask,64500,522.19
2024-08-26 15:33:43,BTCUSD_PERP,ask,64500,528.63
2024-08-26 15:33:50,BTCUSD_PERP,ask,64500,538.94
2024-08-26 15:33:54,BTCUSD_PERP,ask,64500,545.38
2024-08-26 15:33:58,BTCUSD_PERP,ask,64500,551.82
2024-08-26 15:33:58,BTCUSD_PERP,ask,64500,562.13
2024-08-26 15:34:11,BTCUSD_PERP,bid,63300,998.24
2024-08-26 15:34:11,BTCUSD_PERP,bid,63300,935.57
2024-08-26 15:34:11,BTCUSD_PERP,bid,63300,810.23
2024-08-26 15:34:11,BTCUSD_PERP,bid,63300,685.53
2024-08-26 15:34:11,BTCUSD_PERP,bid,63300,622.86
2024-08-26 15:34:11,BTCUSD_PERP,bid,63200,500.48
2024-08-26 15:34:11,BTCUSD_PERP,bid,63300,560.19
2024-08-26 15:34:12,BTCUSD_PERP,bid,63300,497.52
2024-08-26 15:34:12,BTCUSD_PERP,bid,63200,625.12
2024-08-26 15:34:12,BTCUSD_PERP,bid,63200,697.65
2024-08-26 15:34:12,BTCUSD_PERP,bid,63200,759.65
2024-08-26 15:34:12,BTCUSD_PERP,bid,63200,822.29
2024-08-26 15:34:12,BTCUSD_PERP,bid,63200,946.93
2024-08-26 15:34:13,BTCUSD_PERP,bid,63200,1008.93
2024-08-26 15:34:13,BTCUSD_PERP,bid,63200,1070.93
2024-08-26 15:34:36,BTCUSD_PERP,ask,64500,552.14
2024-08-26 15:34:38,BTCUSD_PERP,ask,64500,541.83
2024-08-26 15:34:38,BTCUSD_PERP,ask,64500,531.52
2024-08-26 15:34:41,BTCUSD_PERP,ask,64500,521.21
2024-08-26 15:34:41,BTCUSD_PERP,ask,64500,514.77
2024-08-26 15:34:42,BTCUSD_PERP,ask,64500,508.33
2024-08-26 15:34:43,BTCUSD_PERP,ask,64500,501.89
2024-08-26 15:34:51,BTCUSD_PERP,ask,64500,491.58
2024-08-26 15:34:58,BTCUSD_PERP,ask,64500,481.27
2024-08-26 15:35:39,BTCUSD_PERP,ask,64400,475.49
2024-08-26 15:35:39,BTCUSD_PERP,ask,64400,481.93
2024-08-26 15:35:40,BTCUSD_PERP,ask,64400,492.23
2024-08-26 15:35:42,BTCUSD_PERP,ask,64400,502.53
2024-08-26 15:35:42,BTCUSD_PERP,ask,64400,515.41
2024-08-26 15:35:42,BTCUSD_PERP,bid,63200,747.47
2024-08-26 15:35:43,BTCUSD_PERP,bid,63200,872.67
2024-08-26 15:35:43,BTCUSD_PERP,bid,63200,935.27
2024-08-26 15:35:48,BTCUSD_PERP,ask,64400,507.04
2024-08-26 15:36:37,BTCUSD_PERP,ask,64400,497.06
2024-08-26 15:36:39,BTCUSD_PERP,ask,64400,486.76
2024-08-26 15:36:40,BTCUSD_PERP,ask,64400,476.46
2024-08-26 15:36:40,BTCUSD_PERP,ask,64400,486.76
2024-08-26 15:36:42,BTCUSD_PERP,ask,64400,476.46
2024-08-26 15:36:42,BTCUSD_PERP,ask,64400,470.02
2024-08-26 15:40:37,BTCUSD_PERP,ask,64400,467.16
2024-08-26 15:40:40,BTCUSD_PERP,ask,64400,477.13
2024-08-26 15:40:41,BTCUSD_PERP,ask,64400,483.56
2024-08-26 15:40:41,BTCUSD_PERP,ask,64400,493.86
2024-08-26 15:40:42,BTCUSD_PERP,ask,64400,504.16
2024-08-26 15:40:44,BTCUSD_PERP,ask,64400,510.59
2024-08-26 15:40:45,BTCUSD_PERP,ask,64400,517.02
2024-08-26 15:40:45,BTCUSD_PERP,ask,64400,527.32
2024-08-26 15:40:47,BTCUSD_PERP,ask,64400,533.75
2024-08-26 15:40:54,BTCUSD_PERP,ask,64400,554.99
2024-08-26 15:40:55,BTCUSD_PERP,ask,64400,565.29
2024-08-26 15:41:12,BTCUSD_PERP,ask,64400,575.59
2024-08-26 15:41:13,BTCUSD_PERP,ask,64400,585.88
2024-08-26 15:41:16,BTCUSD_PERP,bid,63200,872.67
2024-08-26 15:41:16,BTCUSD_PERP,bid,63200,686.13
2024-08-26 15:41:16,BTCUSD_PERP,bid,63200,872.14
2024-08-26 15:41:16,BTCUSD_PERP,bid,63200,934.71
2024-08-26 15:41:35,BTCUSD_PERP,ask,64400,575.58
2024-08-26 15:41:36,BTCUSD_PERP,ask,64400,565.28
2024-08-26 15:41:40,BTCUSD_PERP,ask,64400,555.31
2024-08-26 15:41:41,BTCUSD_PERP,ask,64400,545.01
2024-08-26 15:41:42,BTCUSD_PERP,ask,64400,534.71
2024-08-26 15:41:44,BTCUSD_PERP,ask,64400,528.28
2024-08-26 15:41:45,BTCUSD_PERP,ask,64400,511.55
2024-08-26 15:41:48,BTCUSD_PERP,ask,64400,505.12
2024-08-26 15:41:55,BTCUSD_PERP,ask,64400,494.82
2024-08-26 15:42:13,BTCUSD_PERP,ask,64400,484.52
2024-08-26 15:42:14,BTCUSD_PERP,ask,64400,474.23
2024-08-26 15:42:16,BTCUSD_PERP,ask,64400,467.8
2024-08-26 15:42:41,BTCUSD_PERP,bid,63100,934.17
2024-08-26 15:42:41,BTCUSD_PERP,bid,63100,996.7
2024-08-26 15:42:46,BTCUSD_PERP,ask,64400,473.3
2024-08-26 15:42:47,BTCUSD_PERP,ask,64400,479.73
2024-08-26 15:42:48,BTCUSD_PERP,ask,64400,486.16
2024-08-26 15:42:56,BTCUSD_PERP,ask,64400,496.45
2024-08-26 15:43:06,BTCUSD_PERP,ask,64400,517.68
2024-08-26 15:43:43,BTCUSD_PERP,ask,64400,507.39
2024-08-26 15:43:45,BTCUSD_PERP,ask,64400,500.96
2024-08-26 15:43:46,BTCUSD_PERP,ask,64400,490.67
2024-08-26 15:43:47,BTCUSD_PERP,ask,64400,484.24
2024-08-26 15:43:49,BTCUSD_PERP,ask,64400,477.81
2024-08-26 15:43:57,BTCUSD_PERP,ask,64400,467.52
2024-08-26 15:44:53,BTCUSD_PERP,bid,63100,560.61
2024-08-26 15:44:53,BTCUSD_PERP,bid,63100,746.85
2024-08-26 15:44:53,BTCUSD_PERP,bid,63100,809.35
2024-08-26 15:45:41,BTCUSD_PERP,bid,63100,746.85
2024-08-26 15:45:42,BTCUSD_PERP,bid,63100,560.61
2024-08-26 15:45:42,BTCUSD_PERP,bid,63100,498.74
2024-08-26 15:45:43,BTCUSD_PERP,bid,63100,497.76
2024-08-26 15:45:43,BTCUSD_PERP,bid,63100,559.66
2024-08-26 15:45:43,BTCUSD_PERP,bid,63100,622.2
2024-08-26 15:45:43,BTCUSD_PERP,bid,63100,684.74
2024-08-26 15:45:43,BTCUSD_PERP,bid,63100,809.82
2024-08-26 15:45:43,BTCUSD_PERP,bid,63100,872.36
2024-08-26 15:48:44,BTCUSD_PERP,bid,63100,809.82
2024-08-26 15:48:45,BTCUSD_PERP,bid,63100,747.28
2024-08-26 15:48:45,BTCUSD_PERP,bid,63100,685.38
2024-08-26 15:48:45,BTCUSD_PERP,bid,63100,623.48
2024-08-26 15:48:46,BTCUSD_PERP,bid,63100,560.94
2024-08-26 15:48:46,BTCUSD_PERP,bid,63100,498.4
2024-08-26 15:48:46,BTCUSD_PERP,bid,63200,509.19
2024-08-26 15:49:12,BTCUSD_PERP,bid,63200,509.24
2024-08-26 15:49:21,BTCUSD_PERP,bid,63200,509.29
2024-08-26 15:49:29,BTCUSD_PERP,bid,63200,509.34
2024-08-26 15:49:34,BTCUSD_PERP,bid,63200,509.39
2024-08-26 15:52:38,BTCUSD_PERP,bid,63200,509.34
2024-08-26 15:52:48,BTCUSD_PERP,bid,63200,509.29
2024-08-26 15:52:54,BTCUSD_PERP,bid,63200,509.24
2024-08-26 15:52:57,BTCUSD_PERP,bid,63200,509.19
2024-08-26 15:57:02,BTCUSD_PERP,bid,63200,498.96
2024-08-26 15:57:02,BTCUSD_PERP,bid,63200,560.93
2024-08-26 15:57:02,BTCUSD_PERP,bid,63200,623.54
2024-08-26 15:57:03,BTCUSD_PERP,bid,63200,686.15
2024-08-26 15:57:03,BTCUSD_PERP,bid,63200,748.76
2024-08-26 15:58:44,BTCUSD_PERP,bid,63200,686.79
2024-08-26 15:58:45,BTCUSD_PERP,bid,63200,685.75
2024-08-26 15:58:45,BTCUSD_PERP,bid,63200,748.32
2024-08-26 16:03:58,BTCUSD_PERP,bid,63200,685.75
2024-08-26 16:03:59,BTCUSD_PERP,bid,63200,623.81
2024-08-26 16:03:59,BTCUSD_PERP,bid,63200,499.3
2024-08-26 16:03:59,BTCUSD_PERP,bid,63100,684.77
2024-08-26 16:03:59,BTCUSD_PERP,bid,63100,747.31
2024-08-26 16:04:00,BTCUSD_PERP,bid,63100,809.85
2024-08-26 16:16:07,BTCUSD_PERP,bid,63100,747.48
2024-08-26 16:16:07,BTCUSD_PERP,bid,63100,809.35
2024-08-26 16:16:07,BTCUSD_PERP,bid,63100,871.85
2024-08-26 16:16:23,BTCUSD_PERP,bid,63100,623.11
2024-08-26 16:16:23,BTCUSD_PERP,bid,63100,498.64
2024-08-26 16:16:45,BTCUSD_PERP,bid,63100,562.59
2024-08-26 16:16:45,BTCUSD_PERP,bid,63100,624.47
2024-08-26 16:16:45,BTCUSD_PERP,bid,63100,686.35
2024-08-26 16:16:46,BTCUSD_PERP,bid,63100,748.23
2024-08-26 16:16:46,BTCUSD_PERP,bid,63100,810.11
2024-08-26 16:16:46,BTCUSD_PERP,bid,63100,871.98
2024-08-26 16:16:46,BTCUSD_PERP,bid,63100,933.86
2024-08-26 16:16:46,BTCUSD_PERP,bid,63100,996.37
2024-08-26 16:18:19,BTCUSD_PERP,bid,63100,933.86
2024-08-26 16:18:19,BTCUSD_PERP,bid,63100,809.47
2024-08-26 16:18:20,BTCUSD_PERP,bid,63100,746.96
2024-08-26 16:18:20,BTCUSD_PERP,bid,63100,622.58
2024-08-26 16:18:20,BTCUSD_PERP,bid,63100,498.41
2024-08-26 16:18:20,BTCUSD_PERP,bid,63100,560.33
2024-08-26 16:18:21,BTCUSD_PERP,bid,63100,622.88
2024-08-26 16:18:21,BTCUSD_PERP,bid,63100,684.8
2024-08-26 16:18:21,BTCUSD_PERP,bid,63100,746.72
2024-08-26 16:18:21,BTCUSD_PERP,bid,63100,809.27
2024-08-26 16:18:21,BTCUSD_PERP,bid,63100,871.82
2024-08-26 16:18:29,BTCUSD_PERP,bid,63100,747.98
2024-08-26 16:18:30,BTCUSD_PERP,bid,63100,685.43
2024-08-26 16:18:30,BTCUSD_PERP,bid,63100,622.88
2024-08-26 16:18:30,BTCUSD_PERP,bid,63100,560.33
2024-08-26 16:18:30,BTCUSD_PERP,bid,63200,500.08
2024-08-26 16:18:31,BTCUSD_PERP,bid,63200,625.16
2024-08-26 16:18:31,BTCUSD_PERP,bid,63200,811.04
2024-08-26 16:18:31,BTCUSD_PERP,bid,63200,873.63
2024-08-26 16:18:33,BTCUSD_PERP,bid,63200,874.95
2024-08-26 16:20:33,BTCUSD_PERP,bid,63200,873.63
2024-08-26 16:21:29,BTCUSD_PERP,bid,63200,811.04
2024-08-26 16:21:29,BTCUSD_PERP,bid,63200,748.45
2024-08-26 16:21:30,BTCUSD_PERP,bid,63200,686.49
2024-08-26 16:21:30,BTCUSD_PERP,bid,63200,561.31
2024-08-26 16:21:30,BTCUSD_PERP,bid,63200,498.56
2024-08-26 16:21:30,BTCUSD_PERP,bid,63200,622.56
2024-08-26 16:22:31,BTCUSD_PERP,bid,63200,498.18
2024-08-26 16:22:45,BTCUSD_PERP,ask,64400,473.73
2024-08-26 16:22:47,BTCUSD_PERP,ask,64400,484.03
2024-08-26 16:23:36,BTCUSD_PERP,ask,64400,473.73
2024-08-26 16:24:00,BTCUSD_PERP,bid,63100,622.4
2024-08-26 16:25:01,BTCUSD_PERP,bid,63100,560.48
2024-08-26 16:25:01,BTCUSD_PERP,bid,63100,497.64
2024-08-26 16:25:01,BTCUSD_PERP,bid,63100,560.16
2024-08-26 16:25:07,BTCUSD_PERP,ask,64300,466.41
2024-08-26 16:25:11,BTCUSD_PERP,ask,64300,476.7
2024-08-26 16:25:11,BTCUSD_PERP,ask,64300,486.99
2024-08-26 16:25:22,BTCUSD_PERP,bid,63100,497.4
2024-08-26 16:25:22,BTCUSD_PERP,bid,63100,559.89
2024-08-26 16:25:45,BTCUSD_PERP,bid,63000,497.14
2024-08-26 16:25:45,BTCUSD_PERP,bid,63000,559.6
2024-08-26 16:27:11,BTCUSD_PERP,bid,63000,621.14
2024-08-26 16:27:11,BTCUSD_PERP,bid,63000,683.57
2024-08-26 16:27:11,BTCUSD_PERP,bid,63000,746.0
2024-08-26 16:27:55,BTCUSD_PERP,bid,63000,621.14
2024-08-26 16:27:55,BTCUSD_PERP,bid,63000,558.71
2024-08-26 16:27:56,BTCUSD_PERP,bid,63000,496.28
2024-08-26 16:27:57,BTCUSD_PERP,bid,63100,497.13
2024-08-26 16:27:57,BTCUSD_PERP,bid,63100,559.6
2024-08-26 16:27:58,BTCUSD_PERP,bid,63100,559.65
2024-08-26 16:29:23,BTCUSD_PERP,bid,63000,559.95
2024-08-26 16:29:23,BTCUSD_PERP,bid,63000,559.88
2024-08-26 16:29:23,BTCUSD_PERP,bid,63000,622.31
2024-08-26 16:29:25,BTCUSD_PERP,bid,63000,684.11
2024-08-26 16:29:36,BTCUSD_PERP,bid,63000,559.81
2024-08-26 16:29:36,BTCUSD_PERP,bid,62900,482.63
2024-08-26 16:29:37,BTCUSD_PERP,bid,62900,621.07
2024-08-26 16:29:37,BTCUSD_PERP,bid,62900,481.67
2024-08-26 16:29:37,BTCUSD_PERP,bid,62900,993.85
2024-08-26 16:29:37,BTCUSD_PERP,bid,62900,543.93
2024-08-26 16:29:38,BTCUSD_PERP,bid,62900,481.64
2024-08-26 16:29:38,BTCUSD_PERP,bid,62900,807.41
2024-08-26 16:29:50,BTCUSD_PERP,bid,63000,497.13
2024-08-26 16:29:50,BTCUSD_PERP,bid,63000,558.95
2024-08-26 16:30:30,BTCUSD_PERP,bid,63000,496.49
2024-08-26 16:30:37,BTCUSD_PERP,bid,63100,558.98
2024-08-26 16:30:37,BTCUSD_PERP,bid,63100,620.82
2024-08-26 16:31:01,BTCUSD_PERP,bid,63000,994.54
2024-08-26 16:31:01,BTCUSD_PERP,bid,63000,482.31
2024-08-26 16:31:02,BTCUSD_PERP,bid,63000,1056.98
2024-08-26 16:32:04,BTCUSD_PERP,bid,63000,1056.39
2024-08-26 16:32:04,BTCUSD_PERP,bid,63000,1118.76
2024-08-26 16:32:06,BTCUSD_PERP,bid,63000,807.55
2024-08-26 16:32:06,BTCUSD_PERP,bid,63000,745.18
2024-08-26 16:33:24,BTCUSD_PERP,bid,62900,495.09
2024-08-26 16:33:24,BTCUSD_PERP,bid,62900,557.37
2024-08-26 16:33:28,BTCUSD_PERP,bid,62900,499.63
2024-08-26 16:33:28,BTCUSD_PERP,bid,62900,561.92
2024-08-26 16:33:33,BTCUSD_PERP,bid,62900,495.09
2024-08-26 16:33:35,BTCUSD_PERP,bid,62900,496.08
2024-08-26 16:33:36,BTCUSD_PERP,bid,62900,558.42
2024-08-26 16:33:36,BTCUSD_PERP,bid,62900,620.76
2024-08-26 16:33:36,BTCUSD_PERP,bid,62900,744.8
2024-08-26 16:33:37,BTCUSD_PERP,bid,62900,683.09
2024-08-26 16:33:37,BTCUSD_PERP,bid,62900,559.68
2024-08-26 16:33:37,BTCUSD_PERP,bid,62900,497.34
2024-08-26 16:33:47,BTCUSD_PERP,bid,63000,498.02
2024-08-26 16:33:59,BTCUSD_PERP,bid,63000,685.05
2024-08-26 16:33:59,BTCUSD_PERP,bid,63000,747.51
2024-08-26 16:34:04,BTCUSD_PERP,bid,63000,683.53
2024-08-26 16:34:04,BTCUSD_PERP,bid,62900,493.31
2024-08-26 16:34:04,BTCUSD_PERP,bid,63000,1005.43
2024-08-26 16:34:04,BTCUSD_PERP,bid,62900,555.63
2024-08-26 16:34:05,BTCUSD_PERP,bid,63000,1067.86
2024-08-26 16:34:12,BTCUSD_PERP,bid,63000,1005.43
2024-08-26 16:34:12,BTCUSD_PERP,bid,63000,943.0
2024-08-26 16:34:13,BTCUSD_PERP,bid,63000,881.21
2024-08-26 16:34:13,BTCUSD_PERP,bid,63000,819.42
2024-08-26 16:34:13,BTCUSD_PERP,bid,63000,756.99
2024-08-26 16:34:13,BTCUSD_PERP,bid,63000,694.56
2024-08-26 16:34:13,BTCUSD_PERP,bid,63000,632.13
2024-08-26 16:34:13,BTCUSD_PERP,bid,63000,569.7
2024-08-26 16:34:13,BTCUSD_PERP,bid,63000,507.91
2024-08-26 16:34:14,BTCUSD_PERP,bid,63100,497.32
2024-08-26 16:34:14,BTCUSD_PERP,bid,63100,559.17
2024-08-26 16:34:14,BTCUSD_PERP,bid,63100,621.65
2024-08-26 16:34:14,BTCUSD_PERP,bid,63100,746.51
2024-08-26 16:34:20,BTCUSD_PERP,bid,63100,684.03
2024-08-26 16:34:25,BTCUSD_PERP,bid,63000,932.09
2024-08-26 16:34:29,BTCUSD_PERP,ask,64200,526.16
2024-08-26 16:34:33,BTCUSD_PERP,ask,64200,515.98
2024-08-26 16:34:38,BTCUSD_PERP,ask,64200,505.8
2024-08-26 16:35:07,BTCUSD_PERP,ask,64200,499.44
2024-08-26 16:35:15,BTCUSD_PERP,ask,64200,489.26
2024-08-26 16:35:27,BTCUSD_PERP,ask,64200,468.27
2024-08-26 16:35:28,BTCUSD_PERP,bid,63000,869.69
2024-08-26 16:35:28,BTCUSD_PERP,bid,63000,807.29
2024-08-26 16:35:28,BTCUSD_PERP,bid,63000,683.76
2024-08-26 16:35:29,BTCUSD_PERP,bid,63000,621.99
2024-08-26 16:35:29,BTCUSD_PERP,bid,63000,559.59
2024-08-26 16:35:29,BTCUSD_PERP,bid,63000,497.82
2024-08-26 16:35:29,BTCUSD_PERP,bid,63000,559.25
2024-08-26 16:35:29,BTCUSD_PERP,bid,63000,621.68
2024-08-26 16:35:29,BTCUSD_PERP,bid,63000,684.11
2024-08-26 16:35:30,BTCUSD_PERP,bid,63000,745.91
2024-08-26 16:35:30,BTCUSD_PERP,bid,63000,808.34
2024-08-26 16:35:30,BTCUSD_PERP,bid,63000,494.74
2024-08-26 16:36:01,BTCUSD_PERP,bid,62900,481.96
2024-08-26 16:36:01,BTCUSD_PERP,bid,63000,897.2
2024-08-26 16:36:16,BTCUSD_PERP,bid,63000,835.44
2024-08-26 16:36:16,BTCUSD_PERP,bid,63000,648.9
2024-08-26 16:36:16,BTCUSD_PERP,bid,63000,586.61
2024-08-26 16:36:17,BTCUSD_PERP,bid,63000,524.85
2024-08-26 16:36:17,BTCUSD_PERP,bid,63000,560.48
2024-08-26 16:36:17,BTCUSD_PERP,bid,63000,622.27
2024-08-26 16:36:17,BTCUSD_PERP,bid,63000,684.7
2024-08-26 16:36:17,BTCUSD_PERP,bid,63000,747.13
2024-08-26 16:36:18,BTCUSD_PERP,bid,63000,808.92
2024-08-26 16:36:18,BTCUSD_PERP,bid,63000,870.71
2024-08-26 16:36:18,BTCUSD_PERP,bid,63000,933.14
2024-08-26 16:36:59,BTCUSD_PERP,bid,63000,496.88
2024-08-26 16:37:01,BTCUSD_PERP,bid,63000,559.62
2024-08-26 16:37:12,BTCUSD_PERP,bid,63000,497.79
2024-08-26 16:37:12,BTCUSD_PERP,bid,63100,497.93
2024-08-26 16:37:13,BTCUSD_PERP,bid,63100,560.42
2024-08-26 16:37:13,BTCUSD_PERP,bid,63100,809.12
2024-08-26 16:37:13,BTCUSD_PERP,bid,63000,482.74
2024-08-26 16:37:13,BTCUSD_PERP,bid,63100,871.61
2024-08-26 16:37:13,BTCUSD_PERP,bid,63100,933.47
2024-08-26 16:37:14,BTCUSD_PERP,bid,63100,995.96
2024-08-26 16:37:14,BTCUSD_PERP,bid,63000,493.24
2024-08-26 16:37:14,BTCUSD_PERP,bid,63100,1058.45
2024-08-26 16:37:14,BTCUSD_PERP,bid,63100,1120.94
2024-08-26 16:38:32,BTCUSD_PERP,bid,63100,1058.45
2024-08-26 16:38:33,BTCUSD_PERP,bid,63100,933.57
2024-08-26 16:38:33,BTCUSD_PERP,bid,63100,871.71
2024-08-26 16:38:33,BTCUSD_PERP,bid,63100,747.36
2024-08-26 16:38:33,BTCUSD_PERP,bid,63100,685.5
2024-08-26 16:38:34,BTCUSD_PERP,bid,63100,623.01
2024-08-26 16:38:34,BTCUSD_PERP,bid,63100,498.66
2024-08-26 16:38:34,BTCUSD_PERP,bid,63100,622.1
2024-08-26 16:38:34,BTCUSD_PERP,bid,63100,747.16
2024-08-26 16:38:34,BTCUSD_PERP,bid,63100,809.05
2024-08-26 16:38:53,BTCUSD_PERP,bid,63100,622.74
2024-08-26 16:38:53,BTCUSD_PERP,bid,63100,497.68
2024-08-26 16:38:55,BTCUSD_PERP,bid,63200,570.98
2024-08-26 16:38:56,BTCUSD_PERP,bid,63200,633.55
2024-08-26 16:39:20,BTCUSD_PERP,bid,63100,498.25
2024-08-26 16:39:20,BTCUSD_PERP,bid,63100,560.15
2024-08-26 16:39:20,BTCUSD_PERP,bid,63100,622.68
2024-08-26 16:40:38,BTCUSD_PERP,bid,63100,560.15
2024-08-26 16:40:38,BTCUSD_PERP,bid,63100,497.62
2024-08-26 16:41:22,BTCUSD_PERP,bid,63100,561.15
2024-08-26 16:43:57,BTCUSD_PERP,bid,63100,498.66
2024-08-26 16:43:59,BTCUSD_PERP,bid,63000,499.05
2024-08-26 16:45:09,BTCUSD_PERP,bid,63100,498.66
2024-08-26 16:46:15,BTCUSD_PERP,bid,63100,500.92
2024-08-26 16:46:16,BTCUSD_PERP,bid,63100,516.04
2024-08-26 16:46:22,BTCUSD_PERP,bid,63100,513.78
2024-08-26 16:46:23,BTCUSD_PERP,bid,63100,498.66
2024-08-26 16:46:47,BTCUSD_PERP,bid,63100,498.72
2024-08-26 16:47:09,BTCUSD_PERP,bid,63100,497.92
2024-08-26 16:47:09,BTCUSD_PERP,bid,63100,560.48
2024-08-26 16:47:56,BTCUSD_PERP,bid,63100,498.56
2024-08-26 16:48:20,BTCUSD_PERP,bid,63100,498.51
2024-08-26 16:48:20,BTCUSD_PERP,bid,63100,560.96
2024-08-26 16:48:20,BTCUSD_PERP,bid,63100,623.51
2024-08-26 16:48:32,BTCUSD_PERP,bid,63100,499.04
2024-08-26 16:48:33,BTCUSD_PERP,bid,63100,622.56
2024-08-26 16:49:51,BTCUSD_PERP,bid,63100,622.56
2024-08-26 16:50:09,BTCUSD_PERP,bid,63100,509.39
2024-08-26 16:50:09,BTCUSD_PERP,bid,63100,997.05
2024-08-26 16:50:09,BTCUSD_PERP,bid,63100,556.26
2024-08-26 16:50:09,BTCUSD_PERP,bid,63100,1184.1
2024-08-26 16:50:09,BTCUSD_PERP,bid,63100,618.72
2024-08-26 16:50:09,BTCUSD_PERP,bid,63100,1246.66
2024-08-26 16:53:55,BTCUSD_PERP,bid,63100,556.22
2024-08-26 16:53:55,BTCUSD_PERP,bid,63100,1184.1
2024-08-26 16:53:55,BTCUSD_PERP,bid,63100,493.72
2024-08-26 16:53:55,BTCUSD_PERP,bid,63100,1122.18
2024-08-26 16:53:55,BTCUSD_PERP,bid,63100,997.06
2024-08-26 16:53:56,BTCUSD_PERP,bid,63100,934.5
2024-08-26 16:53:56,BTCUSD_PERP,bid,63100,871.94
2024-08-26 16:53:56,BTCUSD_PERP,bid,63100,809.38
2024-08-26 16:53:56,BTCUSD_PERP,bid,63100,746.82
2024-08-26 16:53:56,BTCUSD_PERP,bid,63100,622.96
2024-08-26 16:53:56,BTCUSD_PERP,bid,63200,561.48
2024-08-26 16:53:56,BTCUSD_PERP,bid,63200,686.04
2024-08-26 16:53:56,BTCUSD_PERP,bid,63200,811.24
2024-08-26 16:53:56,BTCUSD_PERP,bid,63200,873.2
2024-08-26 16:53:57,BTCUSD_PERP,bid,63200,997.65
2024-08-26 16:53:57,BTCUSD_PERP,bid,63200,1060.25
2024-08-26 16:53:57,BTCUSD_PERP,bid,63200,1122.21
2024-08-26 16:53:57,BTCUSD_PERP,bid,63200,1184.81
2024-08-26 16:54:02,BTCUSD_PERP,bid,63200,1184.86
2024-08-26 16:54:06,BTCUSD_PERP,bid,63200,1184.91
2024-08-26 16:55:24,BTCUSD_PERP,bid,63200,748.81
2024-08-26 16:55:24,BTCUSD_PERP,bid,63200,1121.67
2024-08-26 16:56:02,BTCUSD_PERP,bid,63200,1059.1
2024-08-26 16:56:02,BTCUSD_PERP,bid,63200,933.96
2024-08-26 16:56:02,BTCUSD_PERP,bid,63200,871.39
2024-08-26 16:56:02,BTCUSD_PERP,bid,63200,809.46
2024-08-26 16:56:02,BTCUSD_PERP,bid,63200,746.89
2024-08-26 16:56:03,BTCUSD_PERP,bid,63200,684.32
2024-08-26 16:56:03,BTCUSD_PERP,bid,63200,622.39
2024-08-26 16:56:03,BTCUSD_PERP,bid,63200,499.54
2024-08-26 16:56:03,BTCUSD_PERP,bid,63200,497.89
2024-08-26 16:56:03,BTCUSD_PERP,bid,63200,562.14
2024-08-26 16:56:03,BTCUSD_PERP,bid,63200,624.11
2024-08-26 16:56:03,BTCUSD_PERP,bid,63200,686.71
2024-08-26 16:56:03,BTCUSD_PERP,bid,63200,811.27
2024-08-26 16:56:03,BTCUSD_PERP,bid,63200,873.23
2024-08-26 16:56:03,BTCUSD_PERP,bid,63200,935.2
2024-08-26 16:56:03,BTCUSD_PERP,bid,63200,997.8
2024-08-26 16:56:04,BTCUSD_PERP,bid,63200,1122.27
2024-08-26 16:57:51,BTCUSD_PERP,bid,63200,1059.67
2024-08-26 16:57:51,BTCUSD_PERP,bid,63200,997.7
2024-08-26 16:57:52,BTCUSD_PERP,bid,63200,810.53
2024-08-26 16:57:52,BTCUSD_PERP,bid,63200,748.56
2024-08-26 16:57:52,BTCUSD_PERP,bid,63200,685.96
2024-08-26 16:57:52,BTCUSD_PERP,bid,63200,623.36
2024-08-26 16:57:52,BTCUSD_PERP,bid,63200,499.2
2024-08-26 16:57:52,BTCUSD_PERP,bid,63200,561.39
2024-08-26 16:57:52,BTCUSD_PERP,bid,63200,561.2
2024-08-26 16:57:52,BTCUSD_PERP,bid,63200,498.79
2024-08-26 16:57:52,BTCUSD_PERP,bid,63200,623.84
2024-08-26 16:57:52,BTCUSD_PERP,bid,63200,873.12
2024-08-26 16:57:52,BTCUSD_PERP,bid,63200,935.76
2024-08-26 16:57:53,BTCUSD_PERP,bid,63200,1071.47
2024-08-26 16:57:53,BTCUSD_PERP,bid,63200,1196.11
2024-08-26 16:58:12,BTCUSD_PERP,bid,63200,1133.47
2024-08-26 16:58:12,BTCUSD_PERP,bid,63200,1008.19
2024-08-26 16:58:13,BTCUSD_PERP,bid,63200,946.19
2024-08-26 16:58:13,BTCUSD_PERP,bid,63200,883.55
2024-08-26 16:58:13,BTCUSD_PERP,bid,63200,820.91
2024-08-26 16:58:13,BTCUSD_PERP,bid,63200,571.63
2024-08-26 16:58:13,BTCUSD_PERP,bid,63200,509.63
2024-08-26 16:58:13,BTCUSD_PERP,bid,63300,498.85
2024-08-26 16:58:14,BTCUSD_PERP,bid,63300,623.55
2024-08-26 16:58:14,BTCUSD_PERP,bid,63300,686.22
2024-08-26 16:58:14,BTCUSD_PERP,bid,63300,748.79
2024-08-26 16:58:14,BTCUSD_PERP,bid,63300,873.5
2024-08-26 16:58:14,BTCUSD_PERP,bid,63300,936.17
2024-08-26 16:58:29,BTCUSD_PERP,bid,63300,623.46
2024-08-26 16:58:29,BTCUSD_PERP,bid,63200,1060.29
2024-08-26 16:59:24,BTCUSD_PERP,bid,63200,935.65
2024-08-26 16:59:24,BTCUSD_PERP,bid,63200,873.65
2024-08-26 16:59:24,BTCUSD_PERP,bid,63200,748.37
2024-08-26 16:59:24,BTCUSD_PERP,bid,63200,686.37
2024-08-26 16:59:25,BTCUSD_PERP,bid,63200,562.37
2024-08-26 16:59:25,BTCUSD_PERP,bid,63300,498.84
2024-08-26 16:59:25,BTCUSD_PERP,bid,63300,560.88
2024-08-26 16:59:25,BTCUSD_PERP,bid,63300,686.12
2024-08-26 16:59:25,BTCUSD_PERP,bid,63300,748.79
2024-08-26 16:59:25,BTCUSD_PERP,bid,63300,874.13
2024-08-26 16:59:25,BTCUSD_PERP,bid,63300,936.17
2024-08-26 16:59:26,BTCUSD_PERP,bid,63300,998.84
2024-08-26 16:59:26,BTCUSD_PERP,bid,63300,1123.55
2024-08-26 16:59:26,BTCUSD_PERP,bid,63300,1186.22
2024-08-26 17:02:52,BTCUSD_PERP,bid,63300,1123.55
2024-08-26 17:02:52,BTCUSD_PERP,bid,63300,998.21
2024-08-26 17:02:52,BTCUSD_PERP,bid,63300,872.87
2024-08-26 17:02:52,BTCUSD_PERP,bid,63300,810.83
2024-08-26 17:02:53,BTCUSD_PERP,bid,63300,686.12
2024-08-26 17:02:53,BTCUSD_PERP,bid,63300,623.55
2024-08-26 17:02:53,BTCUSD_PERP,bid,63300,560.88
2024-08-26 17:02:54,BTCUSD_PERP,bid,63300,561.92
2024-08-26 17:02:54,BTCUSD_PERP,bid,63300,624.0
2024-08-26 17:04:01,BTCUSD_PERP,bid,63300,561.28
2024-08-26 17:04:02,BTCUSD_PERP,bid,63300,499.2
2024-08-26 17:04:02,BTCUSD_PERP,bid,63300,562.73
2024-08-26 17:06:21,BTCUSD_PERP,bid,63300,500.08
2024-08-26 17:07:10,BTCUSD_PERP,bid,63300,563.36
2024-08-26 17:07:11,BTCUSD_PERP,bid,63300,626.11
2024-08-26 17:07:11,BTCUSD_PERP,bid,63300,751.61
2024-08-26 17:07:12,BTCUSD_PERP,bid,63300,766.8
2024-08-26 17:08:26,BTCUSD_PERP,bid,63300,704.05
2024-08-26 17:08:27,BTCUSD_PERP,bid,63300,641.3
2024-08-26 17:08:27,BTCUSD_PERP,bid,63300,578.55
2024-08-26 17:08:27,BTCUSD_PERP,bid,63400,500.98
2024-08-26 17:08:27,BTCUSD_PERP,bid,63400,563.76
2024-08-26 17:08:28,BTCUSD_PERP,bid,63400,626.54
2024-08-26 17:08:28,BTCUSD_PERP,bid,63400,689.32
2024-08-26 17:08:28,BTCUSD_PERP,bid,63400,752.0
2024-08-26 17:08:57,BTCUSD_PERP,bid,63400,752.01
2024-08-26 17:08:57,BTCUSD_PERP,bid,63400,752.0
2024-08-26 17:09:22,BTCUSD_PERP,bid,63400,626.44
2024-08-26 17:09:22,BTCUSD_PERP,bid,63400,563.66
2024-08-26 17:09:22,BTCUSD_PERP,bid,63400,500.88
2024-08-26 17:09:23,BTCUSD_PERP,bid,63400,562.94
2024-08-26 17:09:23,BTCUSD_PERP,bid,63400,625.15
2024-08-26 17:09:23,BTCUSD_PERP,bid,63400,750.83
2024-08-26 17:09:24,BTCUSD_PERP,bid,63400,813.67
2024-08-26 17:09:34,BTCUSD_PERP,bid,63400,750.83
2024-08-26 17:09:34,BTCUSD_PERP,bid,63400,688.28
2024-08-26 17:09:34,BTCUSD_PERP,bid,63400,751.09
2024-08-26 17:09:48,BTCUSD_PERP,bid,63400,563.93
2024-08-26 17:09:48,BTCUSD_PERP,bid,63400,501.12
2024-08-26 17:09:49,BTCUSD_PERP,bid,63400,749.99
2024-08-26 17:11:05,BTCUSD_PERP,bid,63400,687.22
2024-08-26 17:11:05,BTCUSD_PERP,bid,63400,624.55
2024-08-26 17:11:05,BTCUSD_PERP,bid,63400,561.78
2024-08-26 17:11:06,BTCUSD_PERP,bid,63400,562.67
2024-08-26 17:11:06,BTCUSD_PERP,bid,63400,624.84
2024-08-26 17:11:06,BTCUSD_PERP,bid,63400,687.65
2024-08-26 17:11:06,BTCUSD_PERP,bid,63400,750.46
2024-08-26 17:11:15,BTCUSD_PERP,bid,63400,765.66
2024-08-26 17:12:28,BTCUSD_PERP,bid,63400,750.46
2024-08-26 17:13:51,BTCUSD_PERP,bid,63400,499.57
2024-08-26 17:13:51,BTCUSD_PERP,bid,63400,750.05
2024-08-26 17:13:51,BTCUSD_PERP,bid,63400,812.83
2024-08-26 17:19:11,BTCUSD_PERP,bid,63400,750.69
2024-08-26 17:19:11,BTCUSD_PERP,bid,63400,687.91
2024-08-26 17:19:11,BTCUSD_PERP,bid,63400,562.99
2024-08-26 17:34:04,BTCUSD_PERP,bid,63300,625.47
2024-08-26 17:34:09,BTCUSD_PERP,ask,64600,474.59
2024-08-26 17:34:20,BTCUSD_PERP,ask,64600,484.92
2024-08-26 17:34:23,BTCUSD_PERP,ask,64600,491.37
2024-08-26 17:34:56,BTCUSD_PERP,bid,63300,510.2
2024-08-26 17:34:56,BTCUSD_PERP,bid,63300,697.69
2024-08-26 17:34:56,BTCUSD_PERP,bid,63200,495.0
2024-08-26 17:35:00,BTCUSD_PERP,ask,64500,475.04
2024-08-26 17:35:00,BTCUSD_PERP,ask,64500,485.36
2024-08-26 17:35:06,BTCUSD_PERP,ask,64500,506.65
2024-08-26 17:35:07,BTCUSD_PERP,ask,64500,516.65
2024-08-26 17:35:24,BTCUSD_PERP,ask,64500,495.55
2024-08-26 17:35:29,BTCUSD_PERP,ask,64500,505.87
2024-08-26 17:35:30,BTCUSD_PERP,ask,64500,516.19
2024-08-26 17:35:30,BTCUSD_PERP,ask,64500,526.51
2024-08-26 17:35:31,BTCUSD_PERP,ask,64500,532.96
2024-08-26 17:35:32,BTCUSD_PERP,ask,64500,543.28
2024-08-26 17:35:37,BTCUSD_PERP,ask,64500,549.73
2024-08-26 17:35:42,BTCUSD_PERP,ask,64500,543.34
2024-08-26 17:36:00,BTCUSD_PERP,ask,64500,533.02
2024-08-26 17:36:07,BTCUSD_PERP,ask,64500,523.02
2024-08-26 17:36:29,BTCUSD_PERP,ask,64500,512.7
2024-08-26 17:36:30,BTCUSD_PERP,ask,64500,492.06
2024-08-26 17:36:31,BTCUSD_PERP,ask,64500,485.61
2024-08-26 17:36:32,BTCUSD_PERP,ask,64500,475.29
2024-08-26 17:37:40,BTCUSD_PERP,bid,63300,499.47
2024-08-26 17:37:40,BTCUSD_PERP,bid,63300,874.13
2024-08-26 17:37:40,BTCUSD_PERP,bid,63200,484.11
2024-08-26 17:37:40,BTCUSD_PERP,bid,63300,936.8
2024-08-26 17:38:35,BTCUSD_PERP,bid,63300,812.09
2024-08-26 17:38:36,BTCUSD_PERP,bid,63300,749.42
2024-08-26 17:38:36,BTCUSD_PERP,bid,63300,625.34
2024-08-26 17:38:36,BTCUSD_PERP,bid,63300,562.67
2024-08-26 17:38:37,BTCUSD_PERP,bid,63300,625.3
2024-08-26 17:38:37,BTCUSD_PERP,bid,63300,875.44
2024-08-26 17:38:44,BTCUSD_PERP,bid,63300,813.35
2024-08-26 17:38:45,BTCUSD_PERP,bid,63300,687.91
2024-08-26 17:38:45,BTCUSD_PERP,bid,63300,625.19
2024-08-26 17:38:45,BTCUSD_PERP,bid,63300,562.47
2024-08-26 17:38:45,BTCUSD_PERP,bid,63300,563.56
2024-08-26 17:38:46,BTCUSD_PERP,bid,63300,626.21
2024-08-26 17:38:46,BTCUSD_PERP,bid,63300,751.09
2024-08-26 17:39:48,BTCUSD_PERP,bid,63300,626.21
2024-08-26 17:39:49,BTCUSD_PERP,bid,63400,501.06
2024-08-26 17:39:49,BTCUSD_PERP,bid,63400,626.54
2024-08-26 17:40:14,BTCUSD_PERP,bid,63400,502.22
2024-08-26 17:40:16,BTCUSD_PERP,bid,63400,500.61
2024-08-26 17:40:16,BTCUSD_PERP,bid,63400,626.27
2024-08-26 17:40:16,BTCUSD_PERP,bid,63400,688.46
2024-08-26 17:40:16,BTCUSD_PERP,bid,63400,814.12
2024-08-26 17:40:22,BTCUSD_PERP,ask,64700,481.88
2024-08-26 17:40:23,BTCUSD_PERP,bid,63400,751.4
2024-08-26 17:40:23,BTCUSD_PERP,bid,63400,688.57
2024-08-26 17:40:24,BTCUSD_PERP,bid,63400,563.55
2024-08-26 17:40:24,BTCUSD_PERP,bid,63400,500.72
2024-08-26 17:40:25,BTCUSD_PERP,ask,64700,475.49
2024-08-26 17:41:17,BTCUSD_PERP,ask,64700,469.1
2024-08-26 17:44:44,BTCUSD_PERP,bid,63400,499.92
2024-08-26 17:44:44,BTCUSD_PERP,bid,63400,563.84
2024-08-26 17:44:44,BTCUSD_PERP,bid,63400,636.57
2024-08-26 17:44:44,BTCUSD_PERP,bid,63400,699.37
2024-08-26 17:46:26,BTCUSD_PERP,bid,63400,625.14
2024-08-26 17:46:26,BTCUSD_PERP,bid,63400,687.91
2024-08-26 17:48:05,BTCUSD_PERP,ask,64600,468.73
2024-08-26 17:48:08,BTCUSD_PERP,ask,64600,479.05
2024-08-26 17:48:43,BTCUSD_PERP,bid,63400,625.78
2024-08-26 17:48:43,BTCUSD_PERP,bid,63400,563.01
2024-08-26 17:48:44,BTCUSD_PERP,bid,63300,561.41
2024-08-26 17:48:44,BTCUSD_PERP,bid,63300,624.14
2024-08-26 17:48:44,BTCUSD_PERP,bid,63300,686.87
2024-08-26 17:48:44,BTCUSD_PERP,bid,63300,749.6
2024-08-26 17:49:06,BTCUSD_PERP,ask,64600,468.73
2024-08-26 17:49:49,BTCUSD_PERP,bid,63300,624.77
2024-08-26 17:49:49,BTCUSD_PERP,bid,63300,624.48
2024-08-26 17:49:49,BTCUSD_PERP,bid,63300,687.18
2024-08-26 17:51:25,BTCUSD_PERP,bid,63300,625.11
2024-08-26 17:51:26,BTCUSD_PERP,bid,63300,563.04
2024-08-26 17:51:26,BTCUSD_PERP,bid,63300,500.34
2024-08-26 17:51:27,BTCUSD_PERP,bid,63300,623.5
2024-08-26 17:51:27,BTCUSD_PERP,bid,63300,686.17
2024-08-26 17:51:27,BTCUSD_PERP,bid,63300,748.84
2024-08-26 17:53:42,BTCUSD_PERP,bid,63300,686.81
2024-08-26 17:53:42,BTCUSD_PERP,bid,63200,623.86
2024-08-26 17:53:43,BTCUSD_PERP,bid,63200,686.5
2024-08-26 17:56:37,BTCUSD_PERP,ask,64400,505.37
2024-08-26 17:56:39,BTCUSD_PERP,ask,64400,515.67
2024-08-26 17:57:32,BTCUSD_PERP,ask,64400,495.07
2024-08-26 17:57:34,BTCUSD_PERP,ask,64400,488.63
2024-08-26 17:57:35,BTCUSD_PERP,ask,64400,478.33
2024-08-26 17:57:40,BTCUSD_PERP,ask,64400,468.03
2024-08-26 18:00:10,BTCUSD_PERP,bid,63200,498.91
2024-08-26 18:00:15,BTCUSD_PERP,ask,64400,473.82
2024-08-26 18:00:18,BTCUSD_PERP,ask,64400,484.12
2024-08-26 18:01:12,BTCUSD_PERP,ask,64400,473.82
2024-08-26 18:03:43,BTCUSD_PERP,bid,63200,499.73
2024-08-26 18:03:43,BTCUSD_PERP,bid,63200,624.37
2024-08-26 18:03:43,BTCUSD_PERP,bid,63200,686.37
2024-08-26 18:03:43,BTCUSD_PERP,bid,63200,749.01
2024-08-26 18:04:09,BTCUSD_PERP,bid,63200,687.01
2024-08-26 18:04:09,BTCUSD_PERP,bid,63200,625.01
2024-08-26 18:04:09,BTCUSD_PERP,bid,63200,562.37
2024-08-26 18:04:09,BTCUSD_PERP,bid,63200,499.73
2024-08-26 18:04:10,BTCUSD_PERP,bid,63300,562.66
2024-08-26 18:05:07,BTCUSD_PERP,bid,63200,561.76
2024-08-26 18:05:07,BTCUSD_PERP,bid,63200,624.4
2024-08-26 18:05:21,BTCUSD_PERP,bid,63200,561.76
2024-08-26 18:05:21,BTCUSD_PERP,bid,63200,499.12
2024-08-26 18:05:21,BTCUSD_PERP,bid,63200,499.5
2024-08-26 18:05:21,BTCUSD_PERP,bid,63200,561.48
2024-08-26 18:05:22,BTCUSD_PERP,bid,63200,572.01
2024-08-26 18:05:28,BTCUSD_PERP,ask,64400,467.19
2024-08-26 18:05:32,BTCUSD_PERP,ask,64400,477.82
2024-08-26 18:05:33,BTCUSD_PERP,ask,64400,488.12
2024-08-26 18:06:17,BTCUSD_PERP,bid,63200,509.4
2024-08-26 18:06:57,BTCUSD_PERP,bid,63200,561.29
2024-08-26 18:06:57,BTCUSD_PERP,bid,63200,623.3
2024-08-26 18:06:57,BTCUSD_PERP,bid,63200,685.84
2024-08-26 18:08:51,BTCUSD_PERP,bid,63200,561.29
2024-08-26 18:08:51,BTCUSD_PERP,bid,63200,499.28
2024-08-26 18:08:52,BTCUSD_PERP,bid,63200,498.98
2024-08-26 18:08:52,BTCUSD_PERP,bid,63200,560.96
2024-08-26 18:08:52,BTCUSD_PERP,bid,63200,623.57
2024-08-26 18:08:58,BTCUSD_PERP,bid,63200,623.61
2024-08-26 18:09:10,BTCUSD_PERP,bid,63200,498.39
2024-08-26 18:09:11,BTCUSD_PERP,bid,63200,498.49
2024-08-26 18:09:11,BTCUSD_PERP,bid,63200,623.14
2024-08-26 18:09:12,BTCUSD_PERP,bid,63200,748.42
2024-08-26 18:10:05,BTCUSD_PERP,bid,63200,685.78
2024-08-26 18:10:05,BTCUSD_PERP,bid,63200,623.14
2024-08-26 18:10:05,BTCUSD_PERP,bid,63200,560.5
2024-08-26 18:10:05,BTCUSD_PERP,bid,63200,498.49
2024-08-26 18:10:06,BTCUSD_PERP,bid,63300,572.66
2024-08-26 18:10:06,BTCUSD_PERP,bid,63300,697.39
2024-08-26 18:10:06,BTCUSD_PERP,bid,63300,760.07
2024-08-26 18:10:34,BTCUSD_PERP,bid,63300,697.39
2024-08-26 18:10:34,BTCUSD_PERP,bid,63300,635.34
2024-08-26 18:10:34,BTCUSD_PERP,bid,63300,573.29
2024-08-26 18:10:34,BTCUSD_PERP,bid,63300,510.61
2024-08-26 18:10:35,BTCUSD_PERP,bid,63300,499.87
2024-08-26 18:10:35,BTCUSD_PERP,bid,63300,562.59
2024-08-26 18:10:35,BTCUSD_PERP,bid,63300,687.3
2024-08-26 18:10:35,BTCUSD_PERP,bid,63300,750.02
2024-08-26 18:10:36,BTCUSD_PERP,bid,63300,875.46
2024-08-26 18:10:37,BTCUSD_PERP,bid,63300,876.78
2024-08-26 18:10:39,BTCUSD_PERP,bid,63300,879.05
2024-08-26 18:10:39,BTCUSD_PERP,bid,63300,879.1
2024-08-26 18:10:42,BTCUSD_PERP,bid,63300,894.28
2024-08-26 18:12:08,BTCUSD_PERP,bid,63300,831.56
2024-08-26 18:12:09,BTCUSD_PERP,bid,63300,644.03
2024-08-26 18:12:09,BTCUSD_PERP,bid,63300,581.94
2024-08-26 18:12:09,BTCUSD_PERP,bid,63300,519.22
2024-08-26 18:12:09,BTCUSD_PERP,bid,63400,520.67
2024-08-26 18:12:09,BTCUSD_PERP,bid,63400,582.79
2024-08-26 18:12:09,BTCUSD_PERP,bid,63400,707.68
2024-08-26 18:12:10,BTCUSD_PERP,bid,63400,895.96
2024-08-26 18:12:54,BTCUSD_PERP,bid,63300,500.39
2024-08-26 18:17:48,BTCUSD_PERP,bid,63300,500.13
2024-08-26 18:21:16,BTCUSD_PERP,bid,63300,562.81
2024-08-26 18:27:25,BTCUSD_PERP,bid,63400,500.65
2024-08-26 18:27:25,BTCUSD_PERP,bid,63400,625.66
2024-08-26 18:31:18,BTCUSD_PERP,bid,63400,563.21
2024-08-26 18:31:54,BTCUSD_PERP,bid,63300,822.49
2024-08-26 18:31:54,BTCUSD_PERP,bid,63300,885.25
2024-08-26 18:32:06,BTCUSD_PERP,bid,63300,822.49
2024-08-26 18:32:06,BTCUSD_PERP,bid,63300,759.73
2024-08-26 18:32:06,BTCUSD_PERP,bid,63300,634.85
2024-08-26 18:32:06,BTCUSD_PERP,bid,63400,500.43
2024-08-26 18:32:07,BTCUSD_PERP,bid,63400,563.12
2024-08-26 18:32:39,BTCUSD_PERP,bid,63400,699.01
2024-08-26 18:32:54,BTCUSD_PERP,bid,63400,699.06
2024-08-26 18:37:42,BTCUSD_PERP,ask,64600,468.37
2024-08-26 18:42:49,BTCUSD_PERP,bid,63300,636.14
2024-08-26 18:43:38,BTCUSD_PERP,bid,42000,1062.06
2024-08-26 19:05:17,BTCUSD_PERP,ask,64600,480.27
2024-08-26 19:05:32,BTCUSD_PERP,ask,64600,486.72
2024-08-26 19:05:34,BTCUSD_PERP,ask,64600,493.17
2024-08-26 19:05:37,BTCUSD_PERP,ask,64600,499.62
2024-08-26 19:05:39,BTCUSD_PERP,ask,64600,509.95
2024-08-26 19:05:41,BTCUSD_PERP,ask,64600,520.28
2024-08-26 19:05:41,BTCUSD_PERP,ask,64600,526.73
2024-08-26 19:05:42,BTCUSD_PERP,ask,64600,537.06
2024-08-26 19:05:45,BTCUSD_PERP,ask,64600,543.51
2024-08-26 19:05:48,BTCUSD_PERP,ask,64600,553.84
2024-08-26 19:05:49,BTCUSD_PERP,ask,64600,564.17
2024-08-26 19:05:52,BTCUSD_PERP,ask,64600,574.5
2024-08-26 19:06:21,BTCUSD_PERP,ask,64600,564.18
2024-08-26 19:06:34,BTCUSD_PERP,ask,64600,557.73
2024-08-26 19:06:38,BTCUSD_PERP,ask,64600,551.28
2024-08-26 19:06:39,BTCUSD_PERP,ask,64600,540.95
2024-08-26 19:06:42,BTCUSD_PERP,ask,64600,530.62
2024-08-26 19:06:42,BTCUSD_PERP,ask,64600,520.29
2024-08-26 19:06:43,BTCUSD_PERP,ask,64600,513.84
2024-08-26 19:06:48,BTCUSD_PERP,ask,64600,503.51
2024-08-26 19:06:49,BTCUSD_PERP,ask,64600,493.18
2024-08-26 19:06:52,BTCUSD_PERP,ask,64600,482.85
2024-08-26 19:15:40,BTCUSD_PERP,bid,63300,517.58
2024-08-26 19:15:40,BTCUSD_PERP,bid,63300,517.63
2024-08-26 19:17:20,BTCUSD_PERP,ask,64500,468.11
2024-08-26 19:17:26,BTCUSD_PERP,ask,64500,474.56
2024-08-26 19:17:36,BTCUSD_PERP,bid,63300,499.53
2024-08-26 19:22:50,BTCUSD_PERP,ask,64500,468.52
2024-08-26 19:22:54,BTCUSD_PERP,ask,64500,478.51
2024-08-26 19:22:55,BTCUSD_PERP,ask,64500,488.82
2024-08-26 19:22:57,BTCUSD_PERP,ask,64500,499.13
2024-08-26 19:22:59,BTCUSD_PERP,ask,64500,505.57
2024-08-26 19:23:03,BTCUSD_PERP,ask,64500,516.2
2024-08-26 19:23:13,BTCUSD_PERP,ask,64500,537.47
2024-08-26 19:23:14,BTCUSD_PERP,ask,64500,543.91
2024-08-26 19:23:28,BTCUSD_PERP,bid,63200,499.28
2024-08-26 19:23:55,BTCUSD_PERP,ask,64500,533.92
2024-08-26 19:23:55,BTCUSD_PERP,ask,64500,523.61
2024-08-26 19:23:57,BTCUSD_PERP,ask,64500,513.3
2024-08-26 19:24:00,BTCUSD_PERP,ask,64500,506.86
2024-08-26 19:24:15,BTCUSD_PERP,ask,64500,500.42
2024-08-26 19:24:33,BTCUSD_PERP,ask,64500,479.15
2024-08-26 19:24:42,BTCUSD_PERP,ask,64500,468.52
2024-08-26 19:24:52,BTCUSD_PERP,ask,64500,478.57
2024-08-26 19:25:49,BTCUSD_PERP,ask,64500,468.26
2024-08-26 19:32:27,BTCUSD_PERP,ask,64400,469.94
2024-08-26 19:32:27,BTCUSD_PERP,ask,64400,480.56
2024-08-26 19:32:28,BTCUSD_PERP,ask,64400,490.86
2024-08-26 19:32:29,BTCUSD_PERP,ask,64400,501.16
2024-08-26 19:32:45,BTCUSD_PERP,bid,63100,561.01
2024-08-26 19:32:58,BTCUSD_PERP,bid,63100,498.45
2024-08-26 19:32:59,BTCUSD_PERP,bid,63200,498.82
2024-08-26 19:32:59,BTCUSD_PERP,bid,63200,561.31
2024-08-26 19:33:20,BTCUSD_PERP,ask,64400,494.72
2024-08-26 19:33:27,BTCUSD_PERP,ask,64400,484.42
2024-08-26 19:33:29,BTCUSD_PERP,ask,64400,474.12
2024-08-26 19:33:51,BTCUSD_PERP,bid,63200,498.72
2024-08-26 19:33:51,BTCUSD_PERP,bid,63100,561.03
2024-08-26 19:34:08,BTCUSD_PERP,bid,63000,482.96
2024-08-26 19:34:08,BTCUSD_PERP,bid,63100,810.14
2024-08-26 19:34:08,BTCUSD_PERP,bid,63000,545.38
2024-08-26 19:34:08,BTCUSD_PERP,bid,63100,872.66
2024-08-26 19:34:12,BTCUSD_PERP,bid,63100,747.72
2024-08-26 19:34:13,BTCUSD_PERP,bid,63000,482.94
2024-08-26 19:34:13,BTCUSD_PERP,bid,63100,685.83
2024-08-26 19:34:13,BTCUSD_PERP,bid,63100,623.31
2024-08-26 19:34:13,BTCUSD_PERP,bid,63100,560.79
2024-08-26 19:34:13,BTCUSD_PERP,bid,63100,498.9
2024-08-26 19:34:55,BTCUSD_PERP,bid,63100,498.4
2024-08-26 19:35:02,BTCUSD_PERP,ask,64400,466.53
2024-08-26 19:36:03,BTCUSD_PERP,ask,64300,476.52
2024-08-26 19:36:03,BTCUSD_PERP,ask,64300,486.8
2024-08-26 19:37:39,BTCUSD_PERP,bid,63100,746.37
2024-08-26 19:37:40,BTCUSD_PERP,bid,63100,808.83
2024-08-26 19:37:40,BTCUSD_PERP,bid,63000,482.47
2024-08-26 19:37:40,BTCUSD_PERP,bid,63100,871.29
2024-08-26 19:38:00,BTCUSD_PERP,bid,63100,808.83
2024-08-26 19:38:00,BTCUSD_PERP,bid,63100,746.37
2024-08-26 19:38:01,BTCUSD_PERP,bid,63100,683.91
2024-08-26 19:38:01,BTCUSD_PERP,bid,63100,621.45
2024-08-26 19:38:01,BTCUSD_PERP,bid,63100,558.99
2024-08-26 19:38:02,BTCUSD_PERP,bid,63100,559.39
2024-08-26 19:38:02,BTCUSD_PERP,bid,63000,482.78
2024-08-26 19:38:02,BTCUSD_PERP,bid,63100,621.9
2024-08-26 19:38:02,BTCUSD_PERP,bid,63100,808.79
2024-08-26 19:38:08,BTCUSD_PERP,ask,64300,477.5
2024-08-26 19:38:55,BTCUSD_PERP,ask,64300,467.22
2024-08-26 19:38:55,BTCUSD_PERP,bid,63100,746.92
2024-08-26 19:38:55,BTCUSD_PERP,bid,63100,684.41
2024-08-26 19:38:55,BTCUSD_PERP,bid,63100,560.67
2024-08-26 19:38:56,BTCUSD_PERP,bid,63100,498.16
2024-08-26 19:38:56,BTCUSD_PERP,bid,63100,559.08
2024-08-26 19:38:56,BTCUSD_PERP,bid,63100,621.55
2024-08-26 19:38:56,BTCUSD_PERP,bid,63100,933.9
2024-08-26 19:38:57,BTCUSD_PERP,bid,63000,482.59
2024-08-26 19:38:57,BTCUSD_PERP,bid,63100,995.74
2024-08-26 19:38:57,BTCUSD_PERP,bid,63100,1058.21
2024-08-26 19:38:57,BTCUSD_PERP,bid,63000,544.96
2024-08-26 19:38:57,BTCUSD_PERP,bid,63100,1058.26
2024-08-26 19:41:47,BTCUSD_PERP,bid,63100,559.76
2024-08-26 19:41:47,BTCUSD_PERP,bid,63000,482.28
2024-08-26 19:41:47,BTCUSD_PERP,bid,63000,943.94
2024-08-26 19:41:47,BTCUSD_PERP,bid,63000,544.62
2024-08-26 19:41:47,BTCUSD_PERP,bid,63000,1006.38
2024-08-26 19:42:22,BTCUSD_PERP,bid,63000,694.81
2024-08-26 19:42:22,BTCUSD_PERP,bid,62900,482.05
2024-08-26 19:42:22,BTCUSD_PERP,bid,63000,932.95
2024-08-26 19:42:22,BTCUSD_PERP,bid,62900,544.35
2024-08-26 19:42:22,BTCUSD_PERP,bid,63000,995.36
2024-08-26 19:43:13,BTCUSD_PERP,bid,63000,870.54
2024-08-26 19:43:13,BTCUSD_PERP,bid,62900,482.63
2024-08-26 19:43:13,BTCUSD_PERP,bid,63000,808.77
2024-08-26 19:43:13,BTCUSD_PERP,bid,63000,684.59
2024-08-26 19:43:13,BTCUSD_PERP,bid,63000,622.82
2024-08-26 19:43:13,BTCUSD_PERP,bid,63000,498.0
2024-08-26 19:43:14,BTCUSD_PERP,bid,63000,497.62
2024-08-26 19:43:14,BTCUSD_PERP,bid,63000,622.5
2024-08-26 19:43:14,BTCUSD_PERP,bid,63000,482.3
2024-08-26 19:43:14,BTCUSD_PERP,bid,63000,544.66
2024-08-26 19:43:14,BTCUSD_PERP,bid,63000,809.19
2024-08-26 19:43:15,BTCUSD_PERP,bid,63000,871.0
2024-08-26 19:43:32,BTCUSD_PERP,ask,64300,466.66
2024-08-26 19:43:34,BTCUSD_PERP,ask,64300,473.08
2024-08-26 19:43:35,BTCUSD_PERP,ask,64300,483.36
2024-08-26 19:43:35,BTCUSD_PERP,ask,64300,493.64
2024-08-26 19:43:36,BTCUSD_PERP,ask,64300,500.06
2024-08-26 19:44:14,BTCUSD_PERP,bid,63000,809.2
2024-08-26 19:44:14,BTCUSD_PERP,bid,63000,745.72
2024-08-26 19:44:14,BTCUSD_PERP,bid,63000,994.72
2024-08-26 19:44:14,BTCUSD_PERP,bid,62900,497.6
2024-08-26 19:44:14,BTCUSD_PERP,bid,63000,1057.13
2024-08-26 19:44:49,BTCUSD_PERP,bid,63000,1057.76
2024-08-26 19:44:49,BTCUSD_PERP,bid,63000,1110.22
2024-08-26 19:45:22,BTCUSD_PERP,bid,63000,1057.76
2024-08-26 19:45:37,BTCUSD_PERP,bid,63000,995.35
2024-08-26 19:45:37,BTCUSD_PERP,bid,63000,870.53
2024-08-26 19:45:38,BTCUSD_PERP,bid,63000,746.35
2024-08-26 19:45:38,BTCUSD_PERP,bid,63000,482.3
2024-08-26 19:45:38,BTCUSD_PERP,bid,63000,683.94
2024-08-26 19:45:38,BTCUSD_PERP,bid,63000,621.53
2024-08-26 19:45:38,BTCUSD_PERP,bid,63000,559.76
2024-08-26 19:45:38,BTCUSD_PERP,bid,63000,497.63
2024-08-26 19:45:38,BTCUSD_PERP,bid,63000,683.69
2024-08-26 19:45:38,BTCUSD_PERP,bid,63000,807.94
2024-08-26 19:45:38,BTCUSD_PERP,bid,63000,869.75
2024-08-26 19:45:38,BTCUSD_PERP,bid,63000,544.68
2024-08-26 19:45:39,BTCUSD_PERP,bid,63000,994.63
2024-08-26 19:45:39,BTCUSD_PERP,bid,63000,1057.07
2024-08-26 19:45:39,BTCUSD_PERP,bid,63000,1119.51
2024-08-26 19:46:31,BTCUSD_PERP,bid,63000,995.26
2024-08-26 19:46:31,BTCUSD_PERP,bid,63000,932.82
2024-08-26 19:46:32,BTCUSD_PERP,bid,63000,871.01
2024-08-26 19:46:32,BTCUSD_PERP,bid,63000,746.13
2024-08-26 19:46:32,BTCUSD_PERP,bid,63000,497.63
2024-08-26 19:46:32,BTCUSD_PERP,bid,63100,497.92
2024-08-26 19:46:32,BTCUSD_PERP,bid,63100,560.4
2024-08-26 19:46:32,BTCUSD_PERP,bid,63100,746.56
2024-08-26 19:46:32,BTCUSD_PERP,bid,63100,808.4
2024-08-26 19:46:33,BTCUSD_PERP,bid,63100,933.36
2024-08-26 19:46:33,BTCUSD_PERP,bid,63100,995.84
2024-08-26 19:47:10,BTCUSD_PERP,ask,64300,466.49
2024-08-26 19:47:10,BTCUSD_PERP,ask,64300,476.45
2024-08-26 19:47:11,BTCUSD_PERP,ask,64300,486.73
2024-08-26 19:47:12,BTCUSD_PERP,ask,64300,493.15
2024-08-26 19:47:12,BTCUSD_PERP,ask,64300,503.43
2024-08-26 19:48:10,BTCUSD_PERP,ask,64300,493.15
2024-08-26 19:48:10,BTCUSD_PERP,ask,64300,482.87
2024-08-26 19:48:11,BTCUSD_PERP,ask,64300,472.91
2024-08-26 19:48:14,BTCUSD_PERP,bid,63100,934.0
2024-08-26 19:48:14,BTCUSD_PERP,bid,63100,684.72
2024-08-26 19:48:15,BTCUSD_PERP,bid,63100,497.28
2024-08-26 19:48:16,BTCUSD_PERP,bid,63000,483.47
2024-08-26 19:48:16,BTCUSD_PERP,bid,63100,621.9
2024-08-26 19:48:16,BTCUSD_PERP,bid,63100,746.29
2024-08-26 19:48:25,BTCUSD_PERP,bid,63100,559.49
2024-08-26 19:48:25,BTCUSD_PERP,bid,63100,496.98
2024-08-26 19:48:25,BTCUSD_PERP,bid,63100,559.67
2024-08-26 19:48:25,BTCUSD_PERP,bid,63100,621.52
2024-08-26 19:48:25,BTCUSD_PERP,bid,63000,483.22
2024-08-26 19:48:25,BTCUSD_PERP,bid,63100,684.0
2024-08-26 19:50:03,BTCUSD_PERP,bid,63000,508.84
2024-08-26 19:50:03,BTCUSD_PERP,bid,63100,621.52
2024-08-26 19:50:03,BTCUSD_PERP,bid,63000,621.19
2024-08-26 19:50:03,BTCUSD_PERP,bid,63000,683.64
2024-08-26 19:50:50,BTCUSD_PERP,bid,63000,510.67
2024-08-26 19:50:50,BTCUSD_PERP,bid,63000,621.19
2024-08-26 19:50:50,BTCUSD_PERP,bid,63000,558.74
2024-08-26 19:50:51,BTCUSD_PERP,bid,63000,496.93
2024-08-26 19:50:51,BTCUSD_PERP,bid,63000,496.63
2024-08-26 19:51:18,BTCUSD_PERP,bid,63000,508.27
2024-08-26 19:54:27,BTCUSD_PERP,bid,62900,482.38
2024-08-26 19:57:04,BTCUSD_PERP,bid,63000,558.88
2024-08-26 19:57:04,BTCUSD_PERP,bid,63000,683.8
2024-08-26 19:57:04,BTCUSD_PERP,bid,63000,807.44
2024-08-26 19:57:04,BTCUSD_PERP,bid,63000,869.9
2024-08-26 20:01:33,BTCUSD_PERP,bid,63000,683.16
2024-08-26 20:01:33,BTCUSD_PERP,bid,62900,497.58
2024-08-26 20:01:33,BTCUSD_PERP,bid,63000,620.7
2024-08-26 20:01:34,BTCUSD_PERP,bid,62900,559.94
2024-08-26 20:01:34,BTCUSD_PERP,bid,63000,558.88
2024-08-26 20:01:34,BTCUSD_PERP,bid,62900,622.31
2024-08-26 20:01:34,BTCUSD_PERP,bid,63000,497.53
2024-08-26 20:01:34,BTCUSD_PERP,bid,62900,559.95
2024-08-26 20:01:34,BTCUSD_PERP,bid,63000,559.85
2024-08-26 20:01:34,BTCUSD_PERP,bid,62900,497.6
2024-08-26 20:01:34,BTCUSD_PERP,bid,62900,497.58
2024-08-26 20:01:35,BTCUSD_PERP,bid,63000,683.44
2024-08-26 20:01:35,BTCUSD_PERP,bid,63000,745.24
2024-08-26 20:01:35,BTCUSD_PERP,bid,63000,869.47
2024-08-26 20:04:50,BTCUSD_PERP,bid,63000,870.1
2024-08-26 20:05:16,BTCUSD_PERP,bid,63000,683.44
2024-08-26 20:05:17,BTCUSD_PERP,bid,63000,621.01
2024-08-26 20:05:17,BTCUSD_PERP,bid,63000,496.78
2024-08-26 20:05:17,BTCUSD_PERP,bid,63000,497.79
2024-08-26 20:06:06,BTCUSD_PERP,bid,63100,498.03
2024-08-26 20:06:06,BTCUSD_PERP,bid,63100,559.9
2024-08-26 20:06:06,BTCUSD_PERP,bid,63100,746.77
2024-08-26 20:07:27,BTCUSD_PERP,bid,63100,684.9
2024-08-26 20:07:28,BTCUSD_PERP,bid,63100,622.4
2024-08-26 20:07:28,BTCUSD_PERP,bid,63100,559.9
2024-08-26 20:07:28,BTCUSD_PERP,bid,63100,499.01
2024-08-26 20:07:28,BTCUSD_PERP,bid,63100,623.47
2024-08-26 20:07:28,BTCUSD_PERP,bid,63100,685.38
2024-08-26 20:07:29,BTCUSD_PERP,bid,63100,747.29
2024-08-26 20:07:29,BTCUSD_PERP,bid,63100,809.84
2024-08-26 20:07:29,BTCUSD_PERP,bid,63100,934.3
2024-08-26 20:09:26,BTCUSD_PERP,bid,63100,747.29
2024-08-26 20:09:27,BTCUSD_PERP,bid,63100,684.74
2024-08-26 20:09:27,BTCUSD_PERP,bid,63100,560.28
2024-08-26 20:09:27,BTCUSD_PERP,bid,63100,497.73
2024-08-26 20:09:28,BTCUSD_PERP,bid,63200,623.88
2024-08-26 20:09:28,BTCUSD_PERP,bid,63200,809.7
2024-08-26 20:09:28,BTCUSD_PERP,bid,63200,872.17
2024-08-26 20:09:28,BTCUSD_PERP,bid,63200,934.75
2024-08-26 20:09:28,BTCUSD_PERP,bid,63200,996.69
2024-08-26 20:09:32,BTCUSD_PERP,bid,63200,996.74
2024-08-26 20:09:32,BTCUSD_PERP,bid,63200,996.79
2024-08-26 20:11:23,BTCUSD_PERP,bid,63200,934.21
2024-08-26 20:11:23,BTCUSD_PERP,bid,63200,872.27
2024-08-26 20:11:23,BTCUSD_PERP,bid,63200,809.69
2024-08-26 20:11:23,BTCUSD_PERP,bid,63200,685.28
2024-08-26 20:11:24,BTCUSD_PERP,bid,63200,560.12
2024-08-26 20:11:24,BTCUSD_PERP,bid,63200,499.01
2024-08-26 20:11:24,BTCUSD_PERP,bid,63200,686.24
2024-08-26 20:11:24,BTCUSD_PERP,bid,63200,748.22
2024-08-26 20:11:24,BTCUSD_PERP,bid,63200,810.84
2024-08-26 20:11:25,BTCUSD_PERP,bid,63200,872.83
2024-08-26 20:11:25,BTCUSD_PERP,bid,63200,997.43
2024-08-26 20:11:27,BTCUSD_PERP,bid,63200,998.75
2024-08-26 20:11:56,BTCUSD_PERP,bid,63200,936.13
2024-08-26 20:11:56,BTCUSD_PERP,bid,63200,812.16
2024-08-26 20:11:56,BTCUSD_PERP,bid,63200,688.19
2024-08-26 20:11:57,BTCUSD_PERP,bid,63200,625.57
2024-08-26 20:11:57,BTCUSD_PERP,bid,63200,563.58
2024-08-26 20:11:57,BTCUSD_PERP,bid,63200,500.96
2024-08-26 20:11:57,BTCUSD_PERP,bid,63200,498.08
2024-08-26 20:11:58,BTCUSD_PERP,bid,63200,560.63
2024-08-26 20:11:58,BTCUSD_PERP,bid,63200,623.29
2024-08-26 20:11:58,BTCUSD_PERP,bid,63200,873.29
2024-08-26 20:12:13,BTCUSD_PERP,bid,63200,685.62
2024-08-26 20:12:13,BTCUSD_PERP,bid,63200,748.25
2024-08-26 20:12:13,BTCUSD_PERP,bid,63200,810.88
2024-08-26 20:12:17,BTCUSD_PERP,ask,64500,474.67
