2024-09-01 07:00:42,ETHUSDT,bid,2430,5404.092
2024-09-01 07:01:55,ETHUSDT,bid,2460,5311.45
2024-09-01 07:02:14,ETHUSDT,bid,2450,5371.038
2024-09-01 07:02:16,ETHUSDT,bid,2450,4135.783
2024-09-01 07:02:49,ETHUSDT,bid,2420,4393.411
2024-09-01 07:02:51,ETHUSDT,bid,2450,5370.835
2024-09-01 07:03:56,ETHUSDT,bid,2470,5347.055
2024-09-01 07:04:58,ETHUSDT,bid,2420,4393.211
2024-09-01 07:06:27,ETHUSDT,bid,2470,5345.046
2024-09-01 07:06:43,ETHUSDT,bid,2470,4100.348
2024-09-01 07:07:14,ETHUSDT,bid,2450,5340.329
2024-09-01 07:08:27,ETHUSDT,bid,2460,5311.35
2024-09-01 07:09:02,ETHUSDT,bid,2440,4114.855
2024-09-01 07:09:36,ETHUSDT,bid,2440,5228.28
2024-09-01 07:10:16,ETHUSDT,bid,2470,5343.416
2024-09-01 07:10:22,ETHUSDT,bid,2440,5228.076
2024-09-01 07:10:56,ETHUSDT,bid,2420,4397.711
2024-09-01 07:11:06,ETHUSDT,bid,2420,4393.211
2024-09-01 07:11:12,ETHUSDT,bid,2420,4397.711
2024-09-01 07:11:22,ETHUSDT,bid,2420,4393.211
2024-09-01 07:12:15,ETHUSDT,bid,2440,4115.855
2024-09-01 07:12:27,ETHUSDT,bid,2450,4131.611
2024-09-01 07:12:55,ETHUSDT,bid,2450,4131.587
2024-09-01 07:13:16,ETHUSDT,bid,2450,5337.325
2024-09-01 07:13:43,ETHUSDT,bid,2420,4397.711
2024-09-01 07:13:54,ETHUSDT,bid,2420,4393.211
2024-09-01 07:14:15,ETHUSDT,bid,2410,4202.996
2024-09-01 07:15:12,ETHUSDT,bid,2470,5347.853
2024-09-01 07:18:45,ETHUSDT,bid,2470,5348.66
2024-09-01 07:18:45,ETHUSDT,bid,2470,5347.853
2024-09-01 07:18:50,ETHUSDT,bid,2470,5348.458
2024-09-01 07:18:54,ETHUSDT,bid,2430,5430.857
2024-09-01 07:19:00,ETHUSDT,bid,2470,5347.853
2024-09-01 07:19:32,ETHUSDT,bid,2410,5126.897
2024-09-01 07:20:18,ETHUSDT,bid,2470,5346.661
2024-09-01 07:23:00,ETHUSDT,bid,2450,5338.917
2024-09-01 07:23:10,ETHUSDT,bid,2410,4203.011
2024-09-01 07:23:10,ETHUSDT,bid,2450,4131.602
2024-09-01 07:25:26,ETHUSDT,bid,2460,5297.844
2024-09-01 07:26:34,ETHUSDT,bid,2460,5297.594
2024-09-01 07:26:57,ETHUSDT,bid,2460,5297.894
2024-09-01 07:27:24,ETHUSDT,bid,2460,5297.594
2024-09-01 07:27:36,ETHUSDT,bid,2460,5297.894
2024-09-01 07:27:51,ETHUSDT,bid,2470,4100.388
2024-09-01 07:28:00,ETHUSDT,bid,2470,5359.977
2024-09-01 07:28:00,ETHUSDT,bid,2440,5220.714
2024-09-01 07:28:03,ETHUSDT,bid,2470,5373.293
2024-09-01 07:28:03,ETHUSDT,bid,2470,5386.609
2024-09-01 07:28:38,ETHUSDT,bid,2410,4183.011
2024-09-01 07:29:07,ETHUSDT,bid,2250,4500.489
2024-09-01 07:29:27,ETHUSDT,bid,2450,5352.477
2024-09-01 07:29:48,ETHUSDT,bid,2470,4098.42
2024-09-01 07:30:54,ETHUSDT,bid,2470,5373.293
2024-09-01 07:31:05,ETHUSDT,bid,2470,5359.977
2024-09-01 07:31:07,ETHUSDT,bid,2470,5346.661
2024-09-01 07:31:39,ETHUSDT,bid,1700,6066.852
2024-09-01 07:32:02,ETHUSDT,bid,2440,5220.724
2024-09-01 07:32:58,ETHUSDT,bid,2440,5207.108
2024-09-01 07:33:37,ETHUSDT,bid,2430,5431.203
2024-09-01 07:34:17,ETHUSDT,bid,2470,5342.224
2024-09-01 07:34:20,ETHUSDT,bid,2450,4138.783
2024-09-01 07:34:25,ETHUSDT,bid,2450,4135.783
2024-09-01 07:34:52,ETHUSDT,bid,2410,5126.566
2024-09-01 07:34:54,ETHUSDT,bid,2410,4181.522
2024-09-01 07:35:22,ETHUSDT,bid,2420,10126.941
2024-09-01 07:35:22,ETHUSDT,bid,2470,5341.562
2024-09-01 07:36:16,ETHUSDT,bid,2440,4148.514
2024-09-01 07:37:06,ETHUSDT,bid,2450,4135.196
2024-09-01 07:37:13,ETHUSDT,bid,2450,4153.965
2024-09-01 07:38:11,ETHUSDT,bid,2410,5126.345
2024-09-01 07:39:47,ETHUSDT,bid,2470,5330.668
2024-09-01 07:41:04,ETHUSDT,bid,2410,5126.298
2024-09-01 07:41:04,ETHUSDT,bid,2420,10126.895
2024-09-01 07:41:04,ETHUSDT,bid,2430,5431.157
2024-09-01 07:41:04,ETHUSDT,bid,2440,5207.062
2024-09-01 07:41:04,ETHUSDT,bid,2450,5352.431
2024-09-01 07:41:04,ETHUSDT,bid,2460,5297.848
2024-09-01 07:41:04,ETHUSDT,bid,2470,5330.622
2024-09-01 07:41:16,ETHUSDT,bid,2440,4115.855
2024-09-01 07:41:49,ETHUSDT,bid,2420,4393.222
2024-09-01 07:41:49,ETHUSDT,bid,2440,4115.866
2024-09-01 07:42:13,ETHUSDT,bid,2450,4131.602
2024-09-01 07:42:17,ETHUSDT,bid,2470,5330.985
2024-09-01 07:42:17,ETHUSDT,bid,2470,5330.622
2024-09-01 07:42:19,ETHUSDT,bid,2420,4393.211
2024-09-01 07:42:19,ETHUSDT,bid,2440,4115.855
2024-09-01 07:42:54,ETHUSDT,bid,2470,5338.691
2024-09-01 07:44:00,ETHUSDT,bid,2250,4506.816
2024-09-01 07:44:02,ETHUSDT,ask,2990,3453.076
2024-09-01 07:44:05,ETHUSDT,bid,2410,5126.308
2024-09-01 07:44:05,ETHUSDT,bid,2420,10126.905
2024-09-01 07:44:05,ETHUSDT,bid,2430,5431.167
2024-09-01 07:44:05,ETHUSDT,bid,2440,5207.072
2024-09-01 07:44:05,ETHUSDT,bid,2450,5352.441
2024-09-01 07:44:05,ETHUSDT,bid,2460,5297.858
2024-09-01 07:44:05,ETHUSDT,bid,2470,5338.701
2024-09-01 07:44:27,ETHUSDT,bid,2470,5330.632
2024-09-01 07:44:32,ETHUSDT,bid,2460,5296.64
2024-09-01 07:44:46,ETHUSDT,bid,2430,5433.22
2024-09-01 07:45:05,ETHUSDT,ask,3040,3301.742
2024-09-01 07:46:54,ETHUSDT,bid,2470,4116.604
2024-09-01 07:46:55,ETHUSDT,bid,2460,5316.894
2024-09-01 07:47:03,ETHUSDT,bid,2460,5306.894
2024-09-01 07:47:07,ETHUSDT,bid,2420,10127.704
2024-09-01 07:47:07,ETHUSDT,bid,2470,5331.414
2024-09-01 07:47:09,ETHUSDT,bid,2450,5351.893
2024-09-01 07:47:57,ETHUSDT,bid,2470,4116.615
2024-09-01 07:48:13,ETHUSDT,bid,2460,5173.525
2024-09-01 07:48:57,ETHUSDT,bid,2470,5333.05
2024-09-01 07:50:08,ETHUSDT,bid,2470,5332.236
2024-09-01 07:50:17,ETHUSDT,bid,2460,5173.725
2024-09-01 07:50:24,ETHUSDT,bid,2450,4131.715
2024-09-01 07:50:30,ETHUSDT,bid,2450,4135.399
2024-09-01 07:51:09,ETHUSDT,bid,2470,4098.431
2024-09-01 07:51:55,ETHUSDT,bid,2460,5153.471
2024-09-01 07:52:17,ETHUSDT,bid,2450,5351.884
2024-09-01 07:52:58,ETHUSDT,bid,2450,5338.324
2024-09-01 07:53:47,ETHUSDT,bid,2450,5338.098
2024-09-01 07:54:09,ETHUSDT,bid,2410,5126.293
2024-09-01 07:54:20,ETHUSDT,bid,2410,5126.283
2024-09-01 07:54:20,ETHUSDT,bid,2420,10127.694
2024-09-01 07:54:20,ETHUSDT,bid,2430,5433.21
2024-09-01 07:54:20,ETHUSDT,bid,2440,5207.062
2024-09-01 07:54:20,ETHUSDT,bid,2450,5338.088
2024-09-01 07:54:20,ETHUSDT,bid,2460,5153.461
2024-09-01 07:54:20,ETHUSDT,bid,2470,5332.226
2024-09-01 07:55:20,ETHUSDT,bid,2470,5336.503
2024-09-01 07:55:23,ETHUSDT,bid,2140,4786.552
2024-09-01 07:56:17,ETHUSDT,bid,2450,4131.615
2024-09-01 07:56:36,ETHUSDT,bid,2430,5433.234
2024-09-01 07:56:36,ETHUSDT,bid,2460,5153.485
2024-09-01 07:57:08,ETHUSDT,bid,2460,5157.501
2024-09-01 07:57:34,ETHUSDT,bid,2460,5157.526
2024-09-01 07:58:02,ETHUSDT,bid,2460,5199.233
2024-09-01 07:58:45,ETHUSDT,bid,2410,4181.481
2024-09-01 07:58:45,ETHUSDT,bid,2420,4393.17
2024-09-01 07:59:08,ETHUSDT,bid,2430,5448.537
2024-09-01 07:59:14,ETHUSDT,bid,2430,5433.234
2024-09-01 07:59:17,ETHUSDT,bid,2420,10126.895
2024-09-01 07:59:17,ETHUSDT,bid,2470,5335.721
2024-09-01 07:59:23,ETHUSDT,bid,2430,5466.912
2024-09-01 07:59:51,ETHUSDT,bid,2430,5433.234
2024-09-01 08:00:47,ETHUSDT,bid,2470,5335.609
2024-09-01 08:02:03,ETHUSDT,bid,2470,5335.627
2024-09-01 08:04:11,ETHUSDT,bid,2450,5338.001
2024-09-01 08:04:22,ETHUSDT,bid,2410,5130.783
2024-09-01 08:04:23,ETHUSDT,bid,2430,5428.234
2024-09-01 08:04:27,ETHUSDT,bid,2410,5126.283
2024-09-01 08:05:13,ETHUSDT,bid,2420,10127.596
2024-09-01 08:05:13,ETHUSDT,bid,2470,5336.314
2024-09-01 08:05:37,ETHUSDT,bid,2470,4118.463
2024-09-01 08:05:56,ETHUSDT,bid,2140,4786.319
2024-09-01 08:07:05,ETHUSDT,bid,2440,5206.862
2024-09-01 08:07:20,ETHUSDT,bid,2470,4098.431
2024-09-01 08:07:26,ETHUSDT,bid,2450,4131.632
2024-09-01 08:07:36,ETHUSDT,bid,2450,4132.12
2024-09-01 08:08:35,ETHUSDT,bid,2470,5339.166
2024-09-01 08:09:52,ETHUSDT,bid,2460,5198.548
2024-09-01 08:10:01,ETHUSDT,bid,2420,10132.596
2024-09-01 08:10:39,ETHUSDT,bid,2460,5194.532
2024-09-01 08:10:48,ETHUSDT,bid,2450,4124.574
2024-09-01 08:11:01,ETHUSDT,bid,2470,5339.148
2024-09-01 08:11:08,ETHUSDT,ask,2990,3453.066
2024-09-01 08:11:10,ETHUSDT,bid,2470,5339.157
2024-09-01 08:11:14,ETHUSDT,ask,2990,3453.076
2024-09-01 08:14:25,ETHUSDT,bid,2430,5428.246
2024-09-01 08:14:54,ETHUSDT,bid,2450,5339.861
2024-09-01 08:15:06,ETHUSDT,bid,2450,4127.831
2024-09-01 08:15:06,ETHUSDT,bid,2460,5193.379
2024-09-01 08:15:12,ETHUSDT,bid,2440,4113.19
2024-09-01 08:15:18,ETHUSDT,bid,2250,4506.826
2024-09-01 08:15:22,ETHUSDT,bid,2460,5193.716
2024-09-01 08:15:51,ETHUSDT,bid,2470,4098.431
2024-09-01 08:16:08,ETHUSDT,bid,2250,4506.816
2024-09-01 08:16:13,ETHUSDT,bid,2440,4165.807
2024-09-01 08:16:52,ETHUSDT,bid,2140,4786.437
2024-09-01 08:16:52,ETHUSDT,bid,2410,4181.599
2024-09-01 08:16:52,ETHUSDT,bid,2440,4165.925
2024-09-01 08:16:52,ETHUSDT,ask,2990,3453.194
2024-09-01 08:16:55,ETHUSDT,bid,2420,10122.596
2024-09-01 08:16:58,ETHUSDT,bid,2470,5340.157
2024-09-01 08:17:06,ETHUSDT,bid,2440,4166.2
2024-09-01 08:17:37,ETHUSDT,bid,2140,4786.319
2024-09-01 08:17:37,ETHUSDT,bid,2410,4181.481
2024-09-01 08:17:37,ETHUSDT,bid,2440,4166.082
2024-09-01 08:17:37,ETHUSDT,ask,2990,3453.076
2024-09-01 08:17:43,ETHUSDT,bid,2440,4165.807
2024-09-01 08:17:55,ETHUSDT,bid,2440,4167.833
2024-09-01 08:18:09,ETHUSDT,bid,2440,5282.787
2024-09-01 08:18:11,ETHUSDT,bid,2440,4165.807
2024-09-01 08:18:30,ETHUSDT,bid,2470,5340.158
2024-09-01 08:18:39,ETHUSDT,bid,2470,5335.158
2024-09-01 08:18:47,ETHUSDT,bid,2470,5335.157
2024-09-01 08:18:59,ETHUSDT,bid,2440,4113.19
2024-09-01 08:19:06,ETHUSDT,bid,2440,5283.809
2024-09-01 08:19:06,ETHUSDT,bid,2460,5150.162
2024-09-01 08:19:15,ETHUSDT,bid,2470,5334.986
2024-09-01 08:19:20,ETHUSDT,bid,2460,5151.784
2024-09-01 08:19:24,ETHUSDT,bid,2460,5150.162
2024-09-01 08:19:30,ETHUSDT,bid,2470,5334.995
2024-09-01 08:19:55,ETHUSDT,bid,2430,5426.155
2024-09-01 08:19:55,ETHUSDT,bid,2460,5152.253
2024-09-01 08:19:55,ETHUSDT,bid,2470,5334.29
2024-09-01 08:20:28,ETHUSDT,bid,2470,5335.905
2024-09-01 08:20:32,ETHUSDT,bid,2430,5425.521
2024-09-01 08:20:43,ETHUSDT,bid,2440,5207.884
2024-09-01 08:20:58,ETHUSDT,bid,2470,5335.904
2024-09-01 08:20:58,ETHUSDT,bid,2470,5334.289
2024-09-01 08:21:15,ETHUSDT,bid,2410,5126.301
2024-09-01 08:21:15,ETHUSDT,bid,2420,10122.614
2024-09-01 08:21:15,ETHUSDT,bid,2430,5425.539
2024-09-01 08:21:15,ETHUSDT,bid,2440,5207.901
2024-09-01 08:21:15,ETHUSDT,bid,2450,5339.878
2024-09-01 08:21:15,ETHUSDT,bid,2460,5152.27
2024-09-01 08:21:15,ETHUSDT,bid,2470,5334.306
2024-09-01 08:21:49,ETHUSDT,bid,2410,4181.48
2024-09-01 08:21:53,ETHUSDT,bid,2420,10122.613
2024-09-01 08:22:37,ETHUSDT,bid,2470,4118.463
2024-09-01 08:23:31,ETHUSDT,bid,2470,4098.431
2024-09-01 08:23:41,ETHUSDT,bid,2460,5152.996
2024-09-01 08:24:57,ETHUSDT,bid,2460,5152.971
2024-09-01 08:27:00,ETHUSDT,bid,2430,5425.58
2024-09-01 08:28:51,ETHUSDT,bid,2470,5334.326
2024-09-01 08:29:00,ETHUSDT,bid,2470,5334.356
2024-09-01 08:29:12,ETHUSDT,bid,2460,5153.021
2024-09-01 08:29:23,ETHUSDT,bid,2450,5335.878
2024-09-01 08:30:01,ETHUSDT,bid,2450,5354.183
2024-09-01 08:30:12,ETHUSDT,bid,2470,4196.598
2024-09-01 08:30:18,ETHUSDT,bid,2450,4130.831
2024-09-01 08:30:28,ETHUSDT,bid,2250,4506.826
2024-09-01 08:30:34,ETHUSDT,bid,2250,4506.835
2024-09-01 08:30:43,ETHUSDT,bid,2250,4506.826
2024-09-01 08:30:46,ETHUSDT,bid,2430,5425.233
2024-09-01 08:30:52,ETHUSDT,bid,2470,4098.431
2024-09-01 08:30:53,ETHUSDT,bid,2410,4181.811
2024-09-01 08:31:07,ETHUSDT,bid,2250,4506.836
2024-09-01 08:31:20,ETHUSDT,bid,2450,5363.609
2024-09-01 08:31:28,ETHUSDT,bid,2470,5331.504
2024-09-01 08:31:32,ETHUSDT,bid,2250,4506.826
2024-09-01 08:31:37,ETHUSDT,bid,2420,4392.966
2024-09-01 08:31:49,ETHUSDT,bid,2250,4506.835
2024-09-01 08:31:54,ETHUSDT,bid,2250,4506.844
2024-09-01 08:31:55,ETHUSDT,bid,2250,4506.853
2024-09-01 08:31:55,ETHUSDT,bid,2250,4506.862
2024-09-01 08:31:58,ETHUSDT,bid,2250,4506.862
2024-09-01 08:32:03,ETHUSDT,bid,2250,4506.853
2024-09-01 08:32:04,ETHUSDT,bid,2250,4506.844
2024-09-01 08:32:04,ETHUSDT,bid,2250,4506.835
2024-09-01 08:32:07,ETHUSDT,bid,2250,4506.826
2024-09-01 08:32:20,ETHUSDT,bid,2450,5354.183
2024-09-01 08:32:20,ETHUSDT,bid,2250,4506.816
2024-09-01 08:32:39,ETHUSDT,bid,2460,5152.684
2024-09-01 08:33:05,ETHUSDT,bid,2250,4506.826
2024-09-01 08:33:51,ETHUSDT,bid,2250,4506.816
2024-09-01 08:33:56,ETHUSDT,bid,2450,5354.483
2024-09-01 08:34:13,ETHUSDT,bid,2410,5126.207
2024-09-01 08:34:16,ETHUSDT,bid,2250,4506.816
2024-09-01 08:34:17,ETHUSDT,bid,2250,4506.816
2024-09-01 08:34:17,ETHUSDT,bid,2430,5532.052
2024-09-01 08:34:18,ETHUSDT,bid,2250,4506.816
2024-09-01 08:34:19,ETHUSDT,bid,2250,4506.816
2024-09-01 08:34:20,ETHUSDT,bid,2250,4506.816
2024-09-01 08:34:21,ETHUSDT,bid,2450,5336.178
2024-09-01 08:34:21,ETHUSDT,bid,2250,4506.816
2024-09-01 08:34:22,ETHUSDT,bid,2250,4506.816
2024-09-01 08:34:23,ETHUSDT,bid,2250,4506.816
2024-09-01 08:34:24,ETHUSDT,bid,2250,4506.816
2024-09-01 08:34:25,ETHUSDT,bid,2250,4506.816
2024-09-01 08:34:26,ETHUSDT,bid,2250,4506.834
2024-09-01 08:34:26,ETHUSDT,bid,2250,4506.852
2024-09-01 08:34:26,ETHUSDT,bid,2250,4506.852
2024-09-01 08:34:27,ETHUSDT,bid,2250,4506.852
2024-09-01 08:34:28,ETHUSDT,bid,2250,4506.852
2024-09-01 08:34:29,ETHUSDT,bid,2250,4506.852
2024-09-01 08:34:35,ETHUSDT,bid,2470,5331.554
2024-09-01 08:34:38,ETHUSDT,bid,2450,5335.941
2024-09-01 08:34:38,ETHUSDT,bid,2420,10122.647
2024-09-01 08:34:39,ETHUSDT,bid,2470,5333.148
2024-09-01 08:34:39,ETHUSDT,bid,2460,5153.048
2024-09-01 08:34:40,ETHUSDT,bid,2460,5152.684
2024-09-01 08:34:41,ETHUSDT,bid,2420,10122.679
2024-09-01 08:34:42,ETHUSDT,bid,2420,10122.647
2024-09-01 08:34:47,ETHUSDT,bid,2460,5152.734
2024-09-01 08:34:47,ETHUSDT,bid,2470,5332.159
2024-09-01 08:34:48,ETHUSDT,bid,2420,10122.63
2024-09-01 08:34:49,ETHUSDT,bid,2420,10122.613
2024-09-01 08:34:49,ETHUSDT,bid,2470,5331.554
2024-09-01 08:35:01,ETHUSDT,bid,2450,5335.991
2024-09-01 08:35:03,ETHUSDT,bid,2450,4130.961
2024-09-01 08:35:12,ETHUSDT,bid,2410,5136.159
2024-09-01 08:35:22,ETHUSDT,bid,2410,5136.168
2024-09-01 08:35:22,ETHUSDT,bid,2420,10122.622
2024-09-01 08:35:22,ETHUSDT,bid,2430,5532.061
2024-09-01 08:35:22,ETHUSDT,bid,2440,5207.91
2024-09-01 08:35:22,ETHUSDT,bid,2450,5336.0
2024-09-01 08:35:22,ETHUSDT,bid,2460,5152.743
2024-09-01 08:35:22,ETHUSDT,bid,2470,5331.563
2024-09-01 08:35:23,ETHUSDT,bid,2420,10122.656
2024-09-01 08:35:33,ETHUSDT,bid,2420,10122.622
2024-09-01 08:35:39,ETHUSDT,bid,2450,5337.791
2024-09-01 08:36:17,ETHUSDT,bid,2450,4127.961
2024-09-01 08:36:22,ETHUSDT,bid,2460,5152.864
2024-09-01 08:37:19,ETHUSDT,bid,2470,5331.554
2024-09-01 08:37:23,ETHUSDT,bid,2470,5335.634
2024-09-01 08:37:53,ETHUSDT,bid,2470,5335.666
2024-09-01 08:37:58,ETHUSDT,bid,2420,10121.921
2024-09-01 08:37:58,ETHUSDT,bid,2470,5334.979
2024-09-01 08:38:24,ETHUSDT,bid,2410,5134.926
2024-09-01 08:38:28,ETHUSDT,bid,2420,10121.938
2024-09-01 08:38:29,ETHUSDT,bid,2420,10121.955
2024-09-01 08:38:31,ETHUSDT,bid,2460,5153.228
2024-09-01 08:38:32,ETHUSDT,bid,2460,5152.864
2024-09-01 08:38:37,ETHUSDT,bid,2470,5335.383
2024-09-01 08:38:39,ETHUSDT,bid,2450,5341.818
2024-09-01 08:38:39,ETHUSDT,bid,2420,10121.921
2024-09-01 08:38:45,ETHUSDT,bid,2470,5327.303
2024-09-01 08:38:53,ETHUSDT,bid,2140,4786.474
2024-09-01 08:38:53,ETHUSDT,ask,2990,3453.231
2024-09-01 08:39:10,ETHUSDT,bid,2430,5532.143
2024-09-01 08:39:22,ETHUSDT,bid,2430,5532.113
2024-09-01 08:39:22,ETHUSDT,bid,2460,5152.834
2024-09-01 08:39:36,ETHUSDT,bid,2450,5351.181
2024-09-01 08:39:36,ETHUSDT,bid,2460,5172.915
2024-09-01 08:39:36,ETHUSDT,bid,2460,5176.963
2024-09-01 08:39:37,ETHUSDT,bid,2460,5177.976
2024-09-01 08:39:55,ETHUSDT,bid,2460,5157.895
2024-09-01 08:40:38,ETHUSDT,bid,2420,10122.683
2024-09-01 08:40:38,ETHUSDT,bid,2470,5328.049
2024-09-01 08:41:28,ETHUSDT,bid,2410,4181.801
2024-09-01 08:41:28,ETHUSDT,bid,2410,4181.791
2024-09-01 08:41:46,ETHUSDT,bid,2470,4094.431
2024-09-01 08:42:42,ETHUSDT,bid,2470,5331.089
2024-09-01 08:43:14,ETHUSDT,bid,2410,4181.781
2024-09-01 08:43:20,ETHUSDT,bid,2430,5531.703
2024-09-01 08:43:23,ETHUSDT,bid,2410,4181.165
2024-09-01 08:43:34,ETHUSDT,bid,2450,5340.998
2024-09-01 08:43:37,ETHUSDT,bid,2470,5330.685
2024-09-01 08:44:10,ETHUSDT,bid,2430,5531.745
2024-09-01 08:44:10,ETHUSDT,bid,2460,5157.937
2024-09-01 08:44:26,ETHUSDT,bid,2250,4506.834
2024-09-01 08:44:26,ETHUSDT,bid,2250,4506.816
2024-09-01 08:47:24,ETHUSDT,bid,2450,5341.038
2024-09-01 08:47:37,ETHUSDT,bid,2450,5340.998
2024-09-01 08:47:40,ETHUSDT,bid,2410,4180.834
2024-09-01 08:47:49,ETHUSDT,bid,2450,5341.008
2024-09-01 08:47:55,ETHUSDT,bid,2470,5328.685
2024-09-01 08:48:29,ETHUSDT,bid,2450,4126.74
2024-09-01 08:48:43,ETHUSDT,bid,2450,5336.981
2024-09-01 08:49:01,ETHUSDT,bid,2460,5159.937
2024-09-01 08:49:43,ETHUSDT,bid,2430,5531.703
2024-09-01 08:49:43,ETHUSDT,bid,2460,5159.895
2024-09-01 08:49:52,ETHUSDT,bid,2450,4135.527
2024-09-01 08:50:07,ETHUSDT,bid,2410,4180.824
2024-09-01 08:50:07,ETHUSDT,bid,2470,5327.685
2024-09-01 08:50:08,ETHUSDT,bid,2410,4180.814
2024-09-01 08:50:24,ETHUSDT,bid,2450,5341.461
2024-09-01 08:50:29,ETHUSDT,bid,2460,5161.895
2024-09-01 08:50:36,ETHUSDT,bid,2450,4123.483
2024-09-01 08:50:50,ETHUSDT,bid,2410,5134.914
2024-09-01 08:50:50,ETHUSDT,bid,2420,10122.671
2024-09-01 08:50:50,ETHUSDT,bid,2430,5531.691
2024-09-01 08:50:50,ETHUSDT,bid,2440,5207.9
2024-09-01 08:50:50,ETHUSDT,bid,2450,5341.451
2024-09-01 08:51:03,ETHUSDT,bid,2470,5327.485
2024-09-01 08:51:16,ETHUSDT,bid,2470,5326.273
2024-09-01 08:51:25,ETHUSDT,bid,2440,4114.722
2024-09-01 08:51:37,ETHUSDT,bid,2450,4144.527
2024-09-01 08:51:38,ETHUSDT,bid,2470,5325.679
2024-09-01 08:51:54,ETHUSDT,bid,2140,4786.59
2024-09-01 08:52:03,ETHUSDT,bid,2450,5336.971
2024-09-01 08:52:19,ETHUSDT,bid,2440,5210.9
2024-09-01 08:52:20,ETHUSDT,bid,2430,5531.741
2024-09-01 08:53:22,ETHUSDT,bid,2450,5338.891
2024-09-01 08:53:23,ETHUSDT,bid,2450,5338.881
2024-09-01 08:53:25,ETHUSDT,bid,2450,5336.632
2024-09-01 08:54:02,ETHUSDT,bid,2440,4114.702
2024-09-01 08:54:02,ETHUSDT,bid,2450,4123.463
2024-09-01 08:54:03,ETHUSDT,bid,2450,5344.769
2024-09-01 08:54:10,ETHUSDT,bid,2450,5346.177
2024-09-01 08:54:38,ETHUSDT,bid,2410,5134.905
2024-09-01 08:54:38,ETHUSDT,bid,2420,10122.662
2024-09-01 08:54:38,ETHUSDT,bid,2430,5531.732
2024-09-01 08:54:38,ETHUSDT,bid,2440,5210.891
2024-09-01 08:54:38,ETHUSDT,bid,2450,5346.168
2024-09-01 08:54:38,ETHUSDT,bid,2460,5161.886
2024-09-01 08:54:38,ETHUSDT,bid,2470,5325.67
2024-09-01 08:54:48,ETHUSDT,bid,2430,5424.913
2024-09-01 08:54:51,ETHUSDT,bid,2470,5328.708
2024-09-01 08:55:11,ETHUSDT,bid,2430,5424.863
2024-09-01 08:55:36,ETHUSDT,bid,2450,4124.073
2024-09-01 08:55:47,ETHUSDT,bid,2450,4123.463
2024-09-01 08:55:48,ETHUSDT,bid,2470,4094.525
2024-09-01 08:55:58,ETHUSDT,bid,2440,5210.953
2024-09-01 08:56:10,ETHUSDT,bid,2440,5210.891
2024-09-01 08:56:27,ETHUSDT,bid,2470,4093.311
2024-09-01 08:57:18,ETHUSDT,bid,2470,5328.808
2024-09-01 08:57:23,ETHUSDT,bid,2430,5426.117
2024-09-01 08:58:02,ETHUSDT,bid,2450,4175.082
2024-09-01 08:58:45,ETHUSDT,bid,2470,5328.888
2024-09-01 08:58:46,ETHUSDT,bid,2470,5328.808
2024-09-01 08:58:53,ETHUSDT,bid,2470,5329.186
2024-09-01 08:58:53,ETHUSDT,bid,2470,4093.391
2024-09-01 08:58:54,ETHUSDT,bid,2460,5161.967
2024-09-01 08:58:54,ETHUSDT,bid,2470,4093.311
2024-09-01 08:58:54,ETHUSDT,bid,2460,5161.886
2024-09-01 08:59:05,ETHUSDT,bid,2450,5338.031
2024-09-01 08:59:12,ETHUSDT,bid,2450,5340.031
2024-09-01 08:59:28,ETHUSDT,bid,2410,5134.933
2024-09-01 08:59:28,ETHUSDT,bid,2420,10122.69
2024-09-01 08:59:28,ETHUSDT,bid,2430,5426.145
2024-09-01 08:59:28,ETHUSDT,bid,2440,5210.918
2024-09-01 08:59:28,ETHUSDT,bid,2450,5340.058
2024-09-01 08:59:28,ETHUSDT,bid,2460,5161.913
2024-09-01 08:59:28,ETHUSDT,bid,2470,5329.213
2024-09-01 08:59:32,ETHUSDT,bid,2460,5161.792
2024-09-01 08:59:33,ETHUSDT,bid,2460,5162.792
2024-09-01 08:59:48,ETHUSDT,bid,2450,5346.107
2024-09-01 08:59:48,ETHUSDT,bid,2450,5372.162
2024-09-01 09:00:02,ETHUSDT,bid,2430,5438.468
2024-09-01 09:00:11,ETHUSDT,bid,2430,5426.145
2024-09-01 09:00:39,ETHUSDT,bid,2470,5329.181
2024-09-01 09:00:52,ETHUSDT,bid,2450,4123.557
2024-09-01 09:01:09,ETHUSDT,bid,2410,5134.924
2024-09-01 09:01:09,ETHUSDT,bid,2420,10122.681
2024-09-01 09:01:09,ETHUSDT,bid,2430,5426.136
2024-09-01 09:01:09,ETHUSDT,bid,2440,5210.909
2024-09-01 09:01:09,ETHUSDT,bid,2450,5372.153
2024-09-01 09:01:09,ETHUSDT,bid,2460,5162.783
2024-09-01 09:01:09,ETHUSDT,bid,2470,5329.172
2024-09-01 09:01:19,ETHUSDT,bid,2450,4124.134
2024-09-01 09:01:31,ETHUSDT,bid,2440,4115.093
2024-09-01 09:01:33,ETHUSDT,bid,2410,5091.837
2024-09-01 09:01:35,ETHUSDT,bid,2440,4114.702
2024-09-01 09:01:42,ETHUSDT,bid,2440,4115.093
2024-09-01 09:01:46,ETHUSDT,bid,2430,5426.147
2024-09-01 09:01:56,ETHUSDT,bid,2450,5374.189
2024-09-01 09:02:21,ETHUSDT,bid,2470,5329.204
2024-09-01 09:02:28,ETHUSDT,bid,2450,4126.794
2024-09-01 09:02:34,ETHUSDT,bid,2430,5424.893
2024-09-01 09:03:03,ETHUSDT,bid,2450,4144.527
2024-09-01 09:03:05,ETHUSDT,bid,2440,4114.702
2024-09-01 09:03:22,ETHUSDT,bid,2450,5375.676
2024-09-01 09:03:22,ETHUSDT,bid,2440,5220.72
2024-09-01 09:03:22,ETHUSDT,bid,2450,5366.313
2024-09-01 09:03:23,ETHUSDT,bid,2460,5159.746
2024-09-01 09:03:23,ETHUSDT,bid,2460,5157.722
2024-09-01 09:03:26,ETHUSDT,bid,2450,4148.601
2024-09-01 09:03:33,ETHUSDT,bid,2410,5091.43
2024-09-01 09:03:46,ETHUSDT,bid,2440,4116.746
2024-09-01 09:03:59,ETHUSDT,bid,2470,5325.532
2024-09-01 09:04:11,ETHUSDT,bid,2470,5326.07
2024-09-01 09:04:14,ETHUSDT,bid,2460,5157.929
2024-09-01 09:04:28,ETHUSDT,bid,2450,5385.252
2024-09-01 09:04:43,ETHUSDT,bid,2430,5425.731
2024-09-01 09:05:01,ETHUSDT,bid,2440,5220.842
2024-09-01 09:05:46,ETHUSDT,bid,2440,5222.885
2024-09-01 09:06:09,ETHUSDT,bid,2450,4126.804
2024-09-01 09:06:10,ETHUSDT,bid,2470,5327.07
2024-09-01 09:06:22,ETHUSDT,bid,2450,5379.203
2024-09-01 09:06:23,ETHUSDT,bid,2450,4154.66
2024-09-01 09:06:24,ETHUSDT,bid,2440,5211.031
2024-09-01 09:06:25,ETHUSDT,bid,2420,10122.666
2024-09-01 09:06:25,ETHUSDT,bid,2470,5327.056
2024-09-01 09:06:25,ETHUSDT,bid,2460,5157.987
2024-09-01 09:06:26,ETHUSDT,bid,2470,5326.678
2024-09-01 09:06:27,ETHUSDT,bid,2460,5157.929
2024-09-01 09:06:27,ETHUSDT,bid,2470,4109.498
2024-09-01 09:06:28,ETHUSDT,bid,2450,5356.811
2024-09-01 09:06:28,ETHUSDT,bid,2450,5376.974
2024-09-01 09:06:29,ETHUSDT,bid,2450,5471.497
2024-09-01 09:06:33,ETHUSDT,bid,2450,5376.974
2024-09-01 09:06:34,ETHUSDT,bid,2470,5329.475
2024-09-01 09:06:47,ETHUSDT,bid,2450,4195.824
2024-09-01 09:06:47,ETHUSDT,bid,2450,4216.02
2024-09-01 09:06:47,ETHUSDT,bid,2470,4093.311
2024-09-01 09:06:48,ETHUSDT,bid,2450,5356.811
2024-09-01 09:06:58,ETHUSDT,bid,2470,5354.475
2024-09-01 09:06:59,ETHUSDT,bid,2450,5358.032
2024-09-01 09:06:59,ETHUSDT,bid,2470,5329.475
2024-09-01 09:07:00,ETHUSDT,bid,2460,5160.542
2024-09-01 09:07:02,ETHUSDT,bid,2470,5330.073
2024-09-01 09:07:08,ETHUSDT,bid,2450,4144.527
2024-09-01 09:07:10,ETHUSDT,bid,2470,5329.073
2024-09-01 09:07:10,ETHUSDT,bid,2460,5157.929
2024-09-01 09:07:13,ETHUSDT,bid,2470,4093.432
2024-09-01 09:07:22,ETHUSDT,bid,2470,4099.681
2024-09-01 09:07:26,ETHUSDT,bid,2470,5327.437
2024-09-01 09:07:29,ETHUSDT,bid,2470,5326.713
2024-09-01 09:07:32,ETHUSDT,bid,2410,5091.402
2024-09-01 09:07:32,ETHUSDT,bid,2420,10122.638
2024-09-01 09:07:32,ETHUSDT,bid,2430,5425.703
2024-09-01 09:07:32,ETHUSDT,bid,2440,5211.004
2024-09-01 09:07:32,ETHUSDT,bid,2450,5358.005
2024-09-01 09:07:32,ETHUSDT,bid,2460,5157.902
2024-09-01 09:07:32,ETHUSDT,bid,2470,5326.686
2024-09-01 09:07:38,ETHUSDT,bid,2470,5326.855
2024-09-01 09:07:39,ETHUSDT,bid,2470,5327.465
2024-09-01 09:07:43,ETHUSDT,bid,2470,4099.794
2024-09-01 09:07:45,ETHUSDT,bid,2450,5355.156
2024-09-01 09:07:45,ETHUSDT,bid,2470,5357.289
2024-09-01 09:07:46,ETHUSDT,bid,2470,5327.465
2024-09-01 09:07:47,ETHUSDT,bid,2470,5341.259
2024-09-01 09:07:47,ETHUSDT,bid,2470,5328.306
2024-09-01 09:07:47,ETHUSDT,bid,2470,5328.137
2024-09-01 09:07:49,ETHUSDT,bid,2460,5168.945
2024-09-01 09:07:50,ETHUSDT,bid,2470,4141.158
2024-09-01 09:07:50,ETHUSDT,bid,2470,4101.24
2024-09-01 09:07:50,ETHUSDT,bid,2470,4103.118
2024-09-01 09:07:50,ETHUSDT,bid,2470,5349.406
2024-09-01 09:07:50,ETHUSDT,bid,2470,4103.925
2024-09-01 09:07:51,ETHUSDT,bid,2470,5349.406
2024-09-01 09:07:51,ETHUSDT,bid,2450,5354.492
2024-09-01 09:07:51,ETHUSDT,bid,2470,4101.24
2024-09-01 09:07:51,ETHUSDT,bid,2470,5349.386
2024-09-01 09:07:51,ETHUSDT,bid,2470,4099.794
2024-09-01 09:07:52,ETHUSDT,bid,2470,5351.253
2024-09-01 09:07:52,ETHUSDT,bid,2470,5351.253
2024-09-01 09:07:53,ETHUSDT,bid,2470,4109.794
2024-09-01 09:07:53,ETHUSDT,bid,2470,5353.1
2024-09-01 09:07:54,ETHUSDT,bid,2460,5157.902
2024-09-01 09:07:54,ETHUSDT,bid,2470,4099.794
2024-09-01 09:07:55,ETHUSDT,bid,2470,5353.2
2024-09-01 09:07:55,ETHUSDT,bid,2470,5353.1
2024-09-01 09:07:57,ETHUSDT,bid,2470,5336.939
2024-09-01 09:07:58,ETHUSDT,bid,2470,5337.342
2024-09-01 09:08:00,ETHUSDT,bid,2470,5337.342
2024-09-01 09:08:00,ETHUSDT,bid,2470,5334.545
2024-09-01 09:08:00,ETHUSDT,bid,2460,5158.152
2024-09-01 09:08:01,ETHUSDT,bid,2470,5334.142
2024-09-01 09:08:02,ETHUSDT,bid,2450,5361.549
2024-09-01 09:08:02,ETHUSDT,bid,2450,5368.606
2024-09-01 09:08:03,ETHUSDT,bid,2470,5371.063
2024-09-01 09:08:03,ETHUSDT,bid,2470,5332.275
2024-09-01 09:08:03,ETHUSDT,bid,2470,5331.875
2024-09-01 09:08:04,ETHUSDT,bid,2470,5330.028
2024-09-01 09:08:04,ETHUSDT,bid,2460,5162.152
2024-09-01 09:08:06,ETHUSDT,bid,2440,5251.494
2024-09-01 09:08:06,ETHUSDT,bid,2440,5271.739
2024-09-01 09:08:07,ETHUSDT,bid,2460,5162.194
2024-09-01 09:08:07,ETHUSDT,bid,2470,5331.657
2024-09-01 09:08:07,ETHUSDT,bid,2470,5331.648
2024-09-01 09:08:07,ETHUSDT,bid,2460,5162.152
2024-09-01 09:08:08,ETHUSDT,bid,2440,5231.249
2024-09-01 09:08:08,ETHUSDT,bid,2440,5211.004
2024-09-01 09:08:08,ETHUSDT,bid,2470,5330.204
2024-09-01 09:08:08,ETHUSDT,bid,2470,5328.575
2024-09-01 09:08:10,ETHUSDT,bid,2450,4126.825
2024-09-01 09:08:10,ETHUSDT,bid,2470,5335.791
2024-09-01 09:08:10,ETHUSDT,bid,2470,5335.691
2024-09-01 09:08:13,ETHUSDT,bid,2470,5334.9
2024-09-01 09:08:13,ETHUSDT,bid,2470,5336.342
2024-09-01 09:08:17,ETHUSDT,bid,2470,5347.995
2024-09-01 09:08:17,ETHUSDT,bid,2470,5336.342
2024-09-01 09:08:18,ETHUSDT,bid,2460,5162.434
2024-09-01 09:08:18,ETHUSDT,bid,2470,4099.7
2024-09-01 09:08:18,ETHUSDT,bid,2470,5336.745
2024-09-01 09:08:19,ETHUSDT,bid,2470,5336.342
2024-09-01 09:08:20,ETHUSDT,bid,2470,5336.351
2024-09-01 09:08:20,ETHUSDT,bid,2470,5557.392
2024-09-01 09:08:20,ETHUSDT,bid,2470,5580.691
2024-09-01 09:08:21,ETHUSDT,bid,2430,5423.703
2024-09-01 09:08:21,ETHUSDT,bid,2470,5557.392
2024-09-01 09:08:22,ETHUSDT,bid,2460,5167.434
2024-09-01 09:08:22,ETHUSDT,bid,2470,5558.44
2024-09-01 09:08:22,ETHUSDT,bid,2470,5557.637
2024-09-01 09:08:23,ETHUSDT,bid,2420,10122.647
2024-09-01 09:08:24,ETHUSDT,bid,2430,5424.703
2024-09-01 09:08:24,ETHUSDT,bid,2460,5216.434
2024-09-01 09:08:25,ETHUSDT,bid,2470,5559.407
2024-09-01 09:08:25,ETHUSDT,bid,2470,5559.407
2024-09-01 09:08:27,ETHUSDT,bid,2470,5559.501
2024-09-01 09:08:27,ETHUSDT,bid,2440,5211.54
2024-09-01 09:08:31,ETHUSDT,bid,2470,5558.059
2024-09-01 09:08:32,ETHUSDT,bid,2470,5558.559
2024-09-01 09:08:33,ETHUSDT,bid,2440,5212.357
2024-09-01 09:08:33,ETHUSDT,bid,2470,5556.789
2024-09-01 09:08:33,ETHUSDT,bid,2470,5555.043
2024-09-01 09:08:34,ETHUSDT,bid,2430,5423.703
2024-09-01 09:08:34,ETHUSDT,bid,2410,5086.402
2024-09-01 09:08:34,ETHUSDT,bid,2450,5361.549
2024-09-01 09:08:35,ETHUSDT,bid,2450,5354.492
2024-09-01 09:08:35,ETHUSDT,bid,2470,5553.297
2024-09-01 09:08:36,ETHUSDT,bid,2470,5552.249
2024-09-01 09:08:40,ETHUSDT,bid,2470,5552.815
2024-09-01 09:08:41,ETHUSDT,bid,2460,5224.547
2024-09-01 09:08:43,ETHUSDT,bid,2460,5219.547
2024-09-01 09:08:43,ETHUSDT,bid,2470,5331.826
2024-09-01 09:08:44,ETHUSDT,bid,2470,4093.451
2024-09-01 09:08:53,ETHUSDT,bid,2440,5211.54
2024-09-01 09:08:53,ETHUSDT,bid,2470,5331.228
2024-09-01 09:08:54,ETHUSDT,bid,2430,5426.326
2024-09-01 09:08:55,ETHUSDT,bid,2450,5338.199
2024-09-01 09:08:55,ETHUSDT,bid,2470,5332.977
2024-09-01 09:08:55,ETHUSDT,bid,2470,5334.419
2024-09-01 09:08:57,ETHUSDT,bid,2470,5334.819
2024-09-01 09:08:58,ETHUSDT,bid,2470,4096.575
2024-09-01 09:08:58,ETHUSDT,bid,2470,5336.403
2024-09-01 09:08:59,ETHUSDT,bid,2460,5170.547
2024-09-01 09:08:59,ETHUSDT,bid,2470,5337.987
2024-09-01 09:09:02,ETHUSDT,bid,2470,4096.963
2024-09-01 09:09:03,ETHUSDT,bid,2470,4097.571
2024-09-01 09:09:05,ETHUSDT,bid,2470,4094.447
2024-09-01 09:09:07,ETHUSDT,bid,2460,5171.147
2024-09-01 09:09:07,ETHUSDT,bid,2470,5393.319
2024-09-01 09:09:07,ETHUSDT,bid,2470,4093.839
2024-09-01 09:09:07,ETHUSDT,bid,2470,5413.521
2024-09-01 09:09:09,ETHUSDT,bid,2470,5410.353
2024-09-01 09:09:09,ETHUSDT,bid,2470,4093.849
2024-09-01 09:09:10,ETHUSDT,bid,2470,5410.253
2024-09-01 09:09:13,ETHUSDT,bid,2470,5412.118
2024-09-01 09:09:15,ETHUSDT,bid,2470,5412.218
2024-09-01 09:09:16,ETHUSDT,bid,2470,5412.636
2024-09-01 09:09:18,ETHUSDT,bid,2470,5412.542
2024-09-01 09:09:19,ETHUSDT,bid,2470,5411.1
2024-09-01 09:09:21,ETHUSDT,bid,2470,5355.847
2024-09-01 09:09:22,ETHUSDT,bid,2450,5336.907
2024-09-01 09:09:22,ETHUSDT,bid,2470,5353.532
2024-09-01 09:09:23,ETHUSDT,bid,2470,5351.667
2024-09-01 09:09:24,ETHUSDT,bid,2470,5351.677
2024-09-01 09:09:33,ETHUSDT,bid,2440,5289.485
2024-09-01 09:09:34,ETHUSDT,bid,2440,5290.329
2024-09-01 09:09:36,ETHUSDT,bid,2450,4144.964
2024-09-01 09:09:36,ETHUSDT,bid,2440,5212.384
2024-09-01 09:09:37,ETHUSDT,bid,2470,5351.844
2024-09-01 09:09:40,ETHUSDT,bid,2470,4093.839
2024-09-01 09:09:40,ETHUSDT,bid,2450,5337.921
2024-09-01 09:09:40,ETHUSDT,bid,2470,5354.857
2024-09-01 09:09:40,ETHUSDT,bid,2450,5338.221
2024-09-01 09:09:43,ETHUSDT,bid,2470,5366.423
2024-09-01 09:09:47,ETHUSDT,bid,2470,5356.423
2024-09-01 09:09:48,ETHUSDT,bid,2470,5356.302
2024-09-01 09:09:50,ETHUSDT,bid,2470,5363.241
2024-09-01 09:09:51,ETHUSDT,bid,2470,5363.041
2024-09-01 09:09:54,ETHUSDT,bid,2470,5363.641
2024-09-01 09:09:55,ETHUSDT,bid,2470,5362.199
2024-09-01 09:09:57,ETHUSDT,bid,2470,5361.199
2024-09-01 09:09:58,ETHUSDT,bid,2470,4095.149
2024-09-01 09:09:58,ETHUSDT,bid,2470,5358.016
2024-09-01 09:09:58,ETHUSDT,bid,2470,5359.885
2024-09-01 09:09:59,ETHUSDT,bid,2470,5350.8
2024-09-01 09:09:59,ETHUSDT,bid,2430,5428.326
2024-09-01 09:09:59,ETHUSDT,bid,2470,5352.669
2024-09-01 09:10:00,ETHUSDT,bid,2440,5224.476
2024-09-01 09:10:02,ETHUSDT,bid,2470,5345.73
2024-09-01 09:10:02,ETHUSDT,bid,2470,5357.73
2024-09-01 09:10:04,ETHUSDT,bid,2470,5355.861
2024-09-01 09:10:06,ETHUSDT,bid,2450,4126.825
2024-09-01 09:10:08,ETHUSDT,bid,2460,5171.647
2024-09-01 09:10:08,ETHUSDT,bid,2450,4144.71
2024-09-01 09:10:09,ETHUSDT,bid,2470,4095.036
2024-09-01 09:10:11,ETHUSDT,bid,2450,4158.039
2024-09-01 09:10:12,ETHUSDT,bid,2470,5355.941
2024-09-01 09:10:14,ETHUSDT,bid,2460,5171.769
2024-09-01 09:10:15,ETHUSDT,bid,2470,5355.341
2024-09-01 09:10:16,ETHUSDT,bid,2470,5352.303
2024-09-01 09:10:27,ETHUSDT,bid,2450,4126.248
2024-09-01 09:10:28,ETHUSDT,bid,2460,5175.199
2024-09-01 09:10:41,ETHUSDT,bid,2430,5428.426
2024-09-01 09:10:41,ETHUSDT,bid,2450,4127.111
2024-09-01 09:10:45,ETHUSDT,bid,2470,5352.345
2024-09-01 09:10:46,ETHUSDT,bid,2470,5352.303
2024-09-01 09:10:50,ETHUSDT,bid,2460,5178.798
2024-09-01 09:10:54,ETHUSDT,bid,2430,5428.462
2024-09-01 09:10:54,ETHUSDT,bid,2460,5178.834
2024-09-01 09:10:55,ETHUSDT,bid,2430,5426.462
2024-09-01 09:10:59,ETHUSDT,bid,2450,4158.623
2024-09-01 09:10:59,ETHUSDT,bid,2430,5426.626
2024-09-01 09:11:00,ETHUSDT,bid,2450,5337.968
2024-09-01 09:11:04,ETHUSDT,bid,2470,4095.077
2024-09-01 09:11:05,ETHUSDT,bid,2470,4095.036
2024-09-01 09:11:06,ETHUSDT,bid,2450,4145.294
2024-09-01 09:11:06,ETHUSDT,bid,2450,4147.266
2024-09-01 09:11:07,ETHUSDT,bid,2470,4133.887
2024-09-01 09:11:07,ETHUSDT,bid,2470,4095.036
2024-09-01 09:11:08,ETHUSDT,bid,2470,5363.745
2024-09-01 09:11:09,ETHUSDT,bid,2470,5353.745
2024-09-01 09:11:13,ETHUSDT,bid,2470,4249.732
2024-09-01 09:11:13,ETHUSDT,bid,2470,5375.88
2024-09-01 09:11:14,ETHUSDT,bid,2470,5374.438
2024-09-01 09:11:14,ETHUSDT,bid,2450,4127.111
2024-09-01 09:11:15,ETHUSDT,bid,2470,5352.303
2024-09-01 09:11:15,ETHUSDT,bid,2470,4095.036
2024-09-01 09:11:17,ETHUSDT,bid,2470,5329.671
2024-09-01 09:11:18,ETHUSDT,bid,2470,5328.671
2024-09-01 09:11:19,ETHUSDT,bid,2470,5328.711
2024-09-01 09:11:20,ETHUSDT,bid,2450,4154.733
2024-09-01 09:11:21,ETHUSDT,bid,2450,5338.968
2024-09-01 09:11:25,ETHUSDT,bid,2450,5340.968
2024-09-01 09:11:27,ETHUSDT,bid,2470,5330.45
2024-09-01 09:11:32,ETHUSDT,bid,2450,5348.25
2024-09-01 09:11:34,ETHUSDT,bid,2470,5330.423
2024-09-01 09:11:34,ETHUSDT,bid,2460,5178.884
2024-09-01 09:11:36,ETHUSDT,bid,2470,5328.684
2024-09-01 09:11:41,ETHUSDT,bid,2460,5183.436
2024-09-01 09:11:41,ETHUSDT,bid,2470,4101.401
2024-09-01 09:11:47,ETHUSDT,bid,2440,4126.543
2024-09-01 09:11:53,ETHUSDT,bid,2470,5328.146
2024-09-01 09:11:57,ETHUSDT,bid,2470,5328.194
2024-09-01 09:12:03,ETHUSDT,bid,2470,5328.699
2024-09-01 09:12:07,ETHUSDT,bid,2450,4127.611
2024-09-01 09:12:10,ETHUSDT,bid,2470,5329.699
2024-09-01 09:12:16,ETHUSDT,bid,2470,5325.422
2024-09-01 09:12:17,ETHUSDT,bid,2470,5325.522
2024-09-01 09:12:20,ETHUSDT,bid,2450,4145.294
2024-09-01 09:12:25,ETHUSDT,bid,2450,5349.576
2024-09-01 09:12:26,ETHUSDT,bid,2470,5331.528
2024-09-01 09:12:27,ETHUSDT,bid,2440,4126.445
2024-09-01 09:12:36,ETHUSDT,bid,2470,5337.534
2024-09-01 09:12:38,ETHUSDT,bid,2440,5224.676
2024-09-01 09:12:41,ETHUSDT,bid,2470,5339.958
2024-09-01 09:12:49,ETHUSDT,bid,2470,5341.458
2024-09-01 09:13:02,ETHUSDT,bid,2470,5341.862
2024-09-01 09:13:05,ETHUSDT,bid,2460,5183.427
2024-09-01 09:13:10,ETHUSDT,bid,2470,5335.856
2024-09-01 09:13:13,ETHUSDT,bid,2470,4101.381
2024-09-01 09:13:15,ETHUSDT,bid,2470,5335.878
2024-09-01 09:13:15,ETHUSDT,bid,2470,5336.878
2024-09-01 09:13:16,ETHUSDT,bid,2470,4101.583
2024-09-01 09:13:16,ETHUSDT,bid,2470,5336.846
2024-09-01 09:13:17,ETHUSDT,bid,2470,5336.446
2024-09-01 09:13:18,ETHUSDT,bid,2470,5330.44
2024-09-01 09:13:20,ETHUSDT,bid,2460,5185.027
2024-09-01 09:13:25,ETHUSDT,bid,2430,5426.826
2024-09-01 09:13:27,ETHUSDT,bid,2440,4116.648
2024-09-01 09:13:28,ETHUSDT,bid,2450,4145.497
2024-09-01 09:13:30,ETHUSDT,bid,2410,4180.794
2024-09-01 09:13:30,ETHUSDT,bid,2450,4127.591
2024-09-01 09:13:36,ETHUSDT,bid,2430,5432.693
2024-09-01 09:13:42,ETHUSDT,bid,2420,4392.916
2024-09-01 09:13:48,ETHUSDT,bid,2410,5080.45
2024-09-01 09:13:50,ETHUSDT,bid,2470,5330.49
2024-09-01 09:13:55,ETHUSDT,bid,2410,5076.701
2024-09-01 09:13:59,ETHUSDT,bid,2470,5337.599
2024-09-01 09:14:02,ETHUSDT,bid,2450,5347.785
2024-09-01 09:14:07,ETHUSDT,bid,2450,4132.069
2024-09-01 09:14:17,ETHUSDT,bid,2470,5325.599
2024-09-01 09:14:20,ETHUSDT,bid,2470,5367.914
2024-09-01 09:14:21,ETHUSDT,bid,2470,4141.583
2024-09-01 09:14:21,ETHUSDT,bid,2470,5325.599
2024-09-01 09:14:23,ETHUSDT,bid,2450,5349.821
2024-09-01 09:14:25,ETHUSDT,bid,2470,5325.699
2024-09-01 09:14:26,ETHUSDT,bid,2470,4101.583
2024-09-01 09:14:30,ETHUSDT,bid,2450,5350.412
2024-09-01 09:14:31,ETHUSDT,bid,2410,5085.275
2024-09-01 09:14:31,ETHUSDT,bid,2460,5197.027
2024-09-01 09:14:32,ETHUSDT,bid,2410,5095.275
2024-09-01 09:14:33,ETHUSDT,bid,2470,5348.982
2024-09-01 09:14:33,ETHUSDT,bid,2470,5325.699
2024-09-01 09:14:34,ETHUSDT,bid,2470,5327.141
2024-09-01 09:14:35,ETHUSDT,bid,2430,5495.102
2024-09-01 09:14:35,ETHUSDT,bid,2470,5325.641
2024-09-01 09:14:39,ETHUSDT,bid,2420,10132.647
2024-09-01 09:14:41,ETHUSDT,bid,2450,4135.069
2024-09-01 09:14:41,ETHUSDT,bid,2460,5194.027
2024-09-01 09:14:41,ETHUSDT,bid,2430,5495.402
2024-09-01 09:14:45,ETHUSDT,bid,2460,5196.992
2024-09-01 09:14:45,ETHUSDT,bid,2450,4135.059
2024-09-01 09:14:46,ETHUSDT,bid,2430,5505.402
2024-09-01 09:14:48,ETHUSDT,bid,2470,5326.251
2024-09-01 09:14:50,ETHUSDT,bid,2470,5325.641
2024-09-01 09:14:53,ETHUSDT,bid,2440,5234.676
2024-09-01 09:14:53,ETHUSDT,bid,2460,5197.292
2024-09-01 09:14:59,ETHUSDT,bid,2450,5350.737
2024-09-01 09:15:03,ETHUSDT,bid,2440,4117.448
2024-09-01 09:15:05,ETHUSDT,bid,2470,5328.863
2024-09-01 09:15:05,ETHUSDT,bid,2470,5328.863
2024-09-01 09:15:06,ETHUSDT,bid,2470,5325.641
2024-09-01 09:15:07,ETHUSDT,bid,2470,5335.641
2024-09-01 09:15:08,ETHUSDT,bid,2470,5325.641
2024-09-01 09:15:11,ETHUSDT,bid,2430,5442.993
2024-09-01 09:15:11,ETHUSDT,bid,2470,5327.641
2024-09-01 09:15:13,ETHUSDT,bid,2430,5440.37
2024-09-01 09:15:14,ETHUSDT,bid,2430,5444.317
2024-09-01 09:15:19,ETHUSDT,bid,2470,5327.666
2024-09-01 09:15:20,ETHUSDT,bid,2440,4137.685
2024-09-01 09:15:20,ETHUSDT,bid,2440,4157.922
2024-09-01 09:15:20,ETHUSDT,bid,2460,5199.91
2024-09-01 09:15:20,ETHUSDT,bid,2470,5326.224
2024-09-01 09:15:21,ETHUSDT,bid,2470,4103.12
2024-09-01 09:15:26,ETHUSDT,bid,2450,5345.737
2024-09-01 09:15:26,ETHUSDT,bid,2470,5326.124
2024-09-01 09:15:27,ETHUSDT,bid,2440,4137.685
2024-09-01 09:15:28,ETHUSDT,bid,2440,4117.448
2024-09-01 09:15:30,ETHUSDT,bid,2460,5197.292
2024-09-01 09:15:31,ETHUSDT,bid,2450,4145.823
2024-09-01 09:15:36,ETHUSDT,bid,2460,5197.302
2024-09-01 09:15:36,ETHUSDT,bid,2470,5326.114
2024-09-01 09:15:36,ETHUSDT,bid,2450,5344.723
2024-09-01 09:15:38,ETHUSDT,bid,2440,4117.856
2024-09-01 09:15:39,ETHUSDT,bid,2470,5326.345
2024-09-01 09:15:42,ETHUSDT,bid,2440,5293.793
2024-09-01 09:15:46,ETHUSDT,bid,2470,4143.378
2024-09-01 09:15:51,ETHUSDT,bid,2450,5344.223
2024-09-01 09:15:54,ETHUSDT,bid,2460,5197.292
2024-09-01 09:15:59,ETHUSDT,bid,2430,5445.138
2024-09-01 09:16:05,ETHUSDT,bid,2350,4485.613
2024-09-01 09:16:08,ETHUSDT,bid,2450,5344.723
2024-09-01 09:16:12,ETHUSDT,bid,2410,5085.275
2024-09-01 09:16:12,ETHUSDT,bid,2420,10132.633
2024-09-01 09:16:13,ETHUSDT,bid,2430,5435.138
2024-09-01 09:16:15,ETHUSDT,bid,2470,5326.505
2024-09-01 09:16:20,ETHUSDT,bid,2470,5329.213
2024-09-01 09:16:29,ETHUSDT,bid,2470,4103.12
2024-09-01 09:16:29,ETHUSDT,bid,2470,5329.053
2024-09-01 09:16:32,ETHUSDT,bid,2450,5344.414
2024-09-01 09:16:32,ETHUSDT,bid,2470,4101.583
2024-09-01 09:16:34,ETHUSDT,bid,2470,5329.113
2024-09-01 09:16:38,ETHUSDT,bid,2470,5329.273
2024-09-01 09:16:38,ETHUSDT,bid,2430,5438.423
2024-09-01 09:16:40,ETHUSDT,bid,2470,4141.841
2024-09-01 09:16:40,ETHUSDT,bid,2460,5247.292
2024-09-01 09:16:44,ETHUSDT,bid,2440,5234.676
2024-09-01 09:16:46,ETHUSDT,bid,2460,5248.292
2024-09-01 09:16:46,ETHUSDT,bid,2470,5329.113
2024-09-01 09:16:50,ETHUSDT,bid,2470,4101.583
2024-09-01 09:16:59,ETHUSDT,bid,2450,5360.707
2024-09-01 09:17:01,ETHUSDT,bid,2450,5358.671
2024-09-01 09:17:12,ETHUSDT,bid,2450,5359.171
2024-09-01 09:17:18,ETHUSDT,bid,2470,5330.973
2024-09-01 09:17:23,ETHUSDT,bid,2460,5246.292
2024-09-01 09:17:25,ETHUSDT,bid,2470,5332.473
2024-09-01 09:17:32,ETHUSDT,bid,2450,5358.771
2024-09-01 09:17:35,ETHUSDT,bid,2470,5332.796
2024-09-01 09:17:41,ETHUSDT,bid,2430,5438.993
2024-09-01 09:17:43,ETHUSDT,bid,2470,5329.296
2024-09-01 09:17:44,ETHUSDT,bid,2470,4101.597
2024-09-01 09:17:49,ETHUSDT,bid,2450,5359.071
2024-09-01 09:18:08,ETHUSDT,bid,2430,5439.193
2024-09-01 09:18:12,ETHUSDT,bid,2430,5444.193
2024-09-01 09:18:27,ETHUSDT,bid,2440,5236.676
2024-09-01 09:18:27,ETHUSDT,bid,2470,5329.239
2024-09-01 09:18:28,ETHUSDT,bid,2470,5329.539
2024-09-01 09:18:37,ETHUSDT,bid,2470,4111.597
2024-09-01 09:18:37,ETHUSDT,bid,2470,5329.943
2024-09-01 09:18:39,ETHUSDT,bid,2440,4117.448
2024-09-01 09:18:41,ETHUSDT,bid,2450,5359.227
2024-09-01 09:18:47,ETHUSDT,bid,2460,5247.292
2024-09-01 09:19:11,ETHUSDT,bid,2450,5358.227
2024-09-01 09:19:12,ETHUSDT,bid,2450,5358.328
2024-09-01 09:19:12,ETHUSDT,bid,2470,4112.608
2024-09-01 09:19:16,ETHUSDT,bid,2470,4111.597
2024-09-01 09:19:19,ETHUSDT,bid,2450,4132.399
2024-09-01 09:19:37,ETHUSDT,bid,2450,5358.692
2024-09-01 09:19:40,ETHUSDT,bid,2440,5237.187
2024-09-01 09:19:40,ETHUSDT,bid,2470,5329.438
2024-09-01 09:19:41,ETHUSDT,bid,2470,4111.525
2024-09-01 09:19:43,ETHUSDT,bid,2470,5330.438
2024-09-01 09:19:44,ETHUSDT,bid,2410,5085.284
2024-09-01 09:19:44,ETHUSDT,bid,2420,10132.642
2024-09-01 09:19:44,ETHUSDT,bid,2430,5444.202
2024-09-01 09:19:44,ETHUSDT,bid,2440,5237.196
2024-09-01 09:19:44,ETHUSDT,bid,2450,5358.701
2024-09-01 09:19:44,ETHUSDT,bid,2460,5247.301
2024-09-01 09:19:47,ETHUSDT,bid,2470,4111.323
2024-09-01 09:19:48,ETHUSDT,bid,2440,4125.615
2024-09-01 09:19:51,ETHUSDT,bid,2470,4113.623
2024-09-01 09:19:54,ETHUSDT,bid,2450,4146.523
2024-09-01 09:19:58,ETHUSDT,bid,2430,5444.715
2024-09-01 09:19:58,ETHUSDT,bid,2440,5236.685
2024-09-01 09:19:59,ETHUSDT,bid,2470,4111.323
2024-09-01 09:20:04,ETHUSDT,bid,2450,5358.801
2024-09-01 09:20:05,ETHUSDT,bid,2440,5236.725
2024-09-01 09:20:10,ETHUSDT,bid,2470,5330.51
2024-09-01 09:20:20,ETHUSDT,bid,2440,5236.317
2024-09-01 09:20:23,ETHUSDT,bid,2410,5085.309
2024-09-01 09:20:23,ETHUSDT,bid,2420,10132.667
2024-09-01 09:20:23,ETHUSDT,bid,2430,5444.74
2024-09-01 09:20:23,ETHUSDT,bid,2440,5236.341
2024-09-01 09:20:23,ETHUSDT,bid,2450,5358.825
2024-09-01 09:20:23,ETHUSDT,bid,2460,5247.325
2024-09-01 09:20:23,ETHUSDT,bid,2470,5330.534
2024-09-01 09:20:28,ETHUSDT,bid,2460,5247.747
2024-09-01 09:20:29,ETHUSDT,bid,2470,5330.938
2024-09-01 09:20:30,ETHUSDT,bid,2470,4113.94
2024-09-01 09:20:31,ETHUSDT,bid,2450,5392.913
2024-09-01 09:20:33,ETHUSDT,bid,2470,5329.438
2024-09-01 09:20:36,ETHUSDT,bid,2440,4117.448
2024-09-01 09:20:36,ETHUSDT,bid,2470,5331.075
2024-09-01 09:20:36,ETHUSDT,bid,2470,5332.712
2024-09-01 09:20:38,ETHUSDT,bid,2470,5329.438
2024-09-01 09:20:40,ETHUSDT,bid,2470,4111.323
2024-09-01 09:20:40,ETHUSDT,bid,2470,5352.721
2024-09-01 09:20:41,ETHUSDT,bid,2470,5329.438
2024-09-01 09:20:48,ETHUSDT,bid,2430,5459.74
2024-09-01 09:20:51,ETHUSDT,bid,2470,5352.72
2024-09-01 09:20:52,ETHUSDT,bid,2470,5329.438
2024-09-01 09:20:52,ETHUSDT,bid,2470,5331.326
2024-09-01 09:20:54,ETHUSDT,bid,2470,5329.438
2024-09-01 09:20:56,ETHUSDT,bid,2440,5237.22
2024-09-01 09:20:59,ETHUSDT,bid,2430,5459.24
2024-09-01 09:21:02,ETHUSDT,bid,2470,5329.438
2024-09-01 09:21:02,ETHUSDT,bid,2450,5358.825
2024-09-01 09:21:03,ETHUSDT,bid,2470,5332.511
2024-09-01 09:21:03,ETHUSDT,bid,2470,5330.88
2024-09-01 09:21:05,ETHUSDT,bid,2470,5330.88
2024-09-01 09:21:05,ETHUSDT,bid,2450,5358.461
2024-09-01 09:21:06,ETHUSDT,bid,2450,5358.664
2024-09-01 09:21:07,ETHUSDT,bid,2470,5330.88
2024-09-01 09:21:10,ETHUSDT,bid,2450,5360.496
2024-09-01 09:21:11,ETHUSDT,bid,2420,10135.667
2024-09-01 09:21:13,ETHUSDT,bid,2460,5254.247
2024-09-01 09:21:18,ETHUSDT,bid,2470,5602.885
2024-09-01 09:21:18,ETHUSDT,bid,2470,5330.88
2024-09-01 09:21:18,ETHUSDT,bid,2470,5331.671
2024-09-01 09:21:22,ETHUSDT,bid,2420,10132.667
2024-09-01 09:21:23,ETHUSDT,bid,2450,5361.31
2024-09-01 09:21:27,ETHUSDT,bid,2470,5332.171
2024-09-01 09:21:29,ETHUSDT,bid,2450,5395.393
2024-09-01 09:21:29,ETHUSDT,bid,2470,5330.729
2024-09-01 09:21:30,ETHUSDT,bid,2450,5393.561
2024-09-01 09:21:34,ETHUSDT,bid,2450,5393.736
2024-09-01 09:21:34,ETHUSDT,bid,2460,5252.551
2024-09-01 09:21:34,ETHUSDT,bid,2430,5459.29
2024-09-01 09:21:34,ETHUSDT,bid,2470,5332.614
2024-09-01 09:21:34,ETHUSDT,bid,2470,5330.729
2024-09-01 09:21:35,ETHUSDT,bid,2450,5359.653
2024-09-01 09:21:35,ETHUSDT,bid,2470,4147.602
2024-09-01 09:21:37,ETHUSDT,bid,2470,5332.171
2024-09-01 09:21:39,ETHUSDT,bid,2450,4142.399
2024-09-01 09:21:41,ETHUSDT,bid,2470,5332.292
2024-09-01 09:21:42,ETHUSDT,bid,2420,4393.416
2024-09-01 09:21:42,ETHUSDT,bid,2470,5333.292
2024-09-01 09:21:46,ETHUSDT,bid,2470,5330.062
2024-09-01 09:21:51,ETHUSDT,bid,2450,4142.805
2024-09-01 09:21:58,ETHUSDT,bid,2450,5360.144
2024-09-01 09:22:00,ETHUSDT,bid,2450,4142.399
2024-09-01 09:22:08,ETHUSDT,bid,2450,5361.705
2024-09-01 09:22:14,ETHUSDT,bid,2470,5332.062
2024-09-01 09:22:16,ETHUSDT,bid,2470,4111.323
2024-09-01 09:22:18,ETHUSDT,bid,2470,5332.102
2024-09-01 09:22:19,ETHUSDT,bid,2460,5252.501
2024-09-01 09:22:28,ETHUSDT,bid,2470,5333.72
2024-09-01 09:22:28,ETHUSDT,bid,2470,5335.701
2024-09-01 09:22:30,ETHUSDT,bid,2420,10135.667
2024-09-01 09:22:30,ETHUSDT,bid,2470,5334.277
2024-09-01 09:22:31,ETHUSDT,bid,2470,5333.874
2024-09-01 09:22:34,ETHUSDT,bid,2450,4142.399
2024-09-01 09:22:34,ETHUSDT,bid,2470,5377.844
2024-09-01 09:22:35,ETHUSDT,bid,2470,5386.226
2024-09-01 09:22:35,ETHUSDT,bid,2470,5333.874
2024-09-01 09:22:35,ETHUSDT,bid,2420,10132.667
2024-09-01 09:22:42,ETHUSDT,bid,2470,5343.874
2024-09-01 09:22:43,ETHUSDT,bid,2470,5333.874
2024-09-01 09:22:49,ETHUSDT,bid,2470,5333.974
2024-09-01 09:22:50,ETHUSDT,bid,2430,5458.88
2024-09-01 09:22:50,ETHUSDT,bid,2470,5332.532
2024-09-01 09:22:53,ETHUSDT,bid,2450,4144.523
2024-09-01 09:22:57,ETHUSDT,bid,2470,5330.76
2024-09-01 09:22:57,ETHUSDT,bid,2470,5330.639
2024-09-01 09:22:58,ETHUSDT,bid,2460,5251.501
2024-09-01 09:22:59,ETHUSDT,bid,2470,5330.514
2024-09-01 09:23:02,ETHUSDT,bid,2450,5360.705
2024-09-01 09:23:06,ETHUSDT,bid,2420,4394.29
2024-09-01 09:23:22,ETHUSDT,bid,2450,4149.399
2024-09-01 09:23:29,ETHUSDT,bid,2470,5331.681
2024-09-01 09:23:33,ETHUSDT,bid,2470,5331.69
2024-09-01 09:23:39,ETHUSDT,bid,2470,5331.806
2024-09-01 09:23:47,ETHUSDT,bid,2470,5331.69
2024-09-01 09:23:54,ETHUSDT,bid,2470,5331.732
2024-09-01 09:23:55,ETHUSDT,bid,2450,4149.199
2024-09-01 09:24:12,ETHUSDT,bid,2470,5332.232
2024-09-01 09:24:13,ETHUSDT,bid,2410,4163.979
2024-09-01 09:24:32,ETHUSDT,bid,2460,5253.529
2024-09-01 09:24:41,ETHUSDT,bid,2440,5238.787
2024-09-01 09:24:41,ETHUSDT,bid,2450,5359.144
2024-09-01 09:24:53,ETHUSDT,bid,2470,5333.674
2024-09-01 09:24:53,ETHUSDT,bid,2470,5372.98
2024-09-01 09:24:53,ETHUSDT,bid,2430,5461.38
2024-09-01 09:24:58,ETHUSDT,bid,2470,5751.356
2024-09-01 09:24:58,ETHUSDT,bid,2470,5372.98
2024-09-01 09:24:59,ETHUSDT,bid,2470,5333.674
2024-09-01 09:25:01,ETHUSDT,bid,2470,4137.794
2024-09-01 09:25:02,ETHUSDT,bid,2470,4137.778
2024-09-01 09:25:02,ETHUSDT,bid,2460,5252.969
2024-09-01 09:25:02,ETHUSDT,bid,2470,4136.332
2024-09-01 09:25:03,ETHUSDT,bid,2470,5334.064
2024-09-01 09:25:04,ETHUSDT,bid,2470,5334.024
2024-09-01 09:25:04,ETHUSDT,bid,2470,4111.332
2024-09-01 09:25:08,ETHUSDT,bid,2450,4144.199
2024-09-01 09:25:10,ETHUSDT,bid,2470,4383.072
2024-09-01 09:25:10,ETHUSDT,bid,2470,4111.332
2024-09-01 09:25:11,ETHUSDT,bid,2470,5337.374
2024-09-01 09:25:12,ETHUSDT,bid,2450,5355.344
2024-09-01 09:25:18,ETHUSDT,bid,2470,4114.332
2024-09-01 09:25:18,ETHUSDT,bid,2470,5337.414
2024-09-01 09:25:18,ETHUSDT,bid,2470,4114.332
2024-09-01 09:25:20,ETHUSDT,bid,2470,5337.374
2024-09-01 09:25:22,ETHUSDT,bid,2470,4114.323
2024-09-01 09:25:25,ETHUSDT,bid,2450,5355.761
2024-09-01 09:25:26,ETHUSDT,bid,2470,5337.374
2024-09-01 09:25:28,ETHUSDT,bid,2460,5252.912
2024-09-01 09:25:28,ETHUSDT,bid,2460,5252.921
2024-09-01 09:25:30,ETHUSDT,bid,2470,5333.674
2024-09-01 09:25:33,ETHUSDT,bid,2470,5333.692
2024-09-01 09:25:34,ETHUSDT,bid,2450,5355.774
2024-09-01 09:25:37,ETHUSDT,bid,2460,5272.921
2024-09-01 09:25:38,ETHUSDT,bid,2470,5338.692
2024-09-01 09:25:38,ETHUSDT,bid,2470,5338.934
2024-09-01 09:25:38,ETHUSDT,bid,2230,4487.632
2024-09-01 09:25:39,ETHUSDT,bid,2470,5341.758
2024-09-01 09:25:39,ETHUSDT,bid,2470,5380.546
2024-09-01 09:25:41,ETHUSDT,bid,2470,5341.758
2024-09-01 09:25:42,ETHUSDT,bid,2470,5350.254
2024-09-01 09:25:42,ETHUSDT,bid,2470,5340.849
2024-09-01 09:25:43,ETHUSDT,bid,2470,5340.809
2024-09-01 09:25:43,ETHUSDT,bid,2470,5340.849
2024-09-01 09:25:43,ETHUSDT,bid,2470,5340.809
2024-09-01 09:25:44,ETHUSDT,bid,2440,5257.208
2024-09-01 09:25:44,ETHUSDT,bid,2470,4114.931
2024-09-01 09:25:44,ETHUSDT,bid,2470,5340.818
2024-09-01 09:25:44,ETHUSDT,bid,2470,5340.858
2024-09-01 09:25:45,ETHUSDT,bid,2470,4138.25
2024-09-01 09:25:45,ETHUSDT,bid,2470,4114.931
2024-09-01 09:25:46,ETHUSDT,bid,2470,5340.818
2024-09-01 09:25:47,ETHUSDT,bid,2470,4779.819
2024-09-01 09:25:47,ETHUSDT,bid,2470,4114.931
2024-09-01 09:25:48,ETHUSDT,bid,2450,5375.774
2024-09-01 09:25:54,ETHUSDT,bid,2470,4114.931
2024-09-01 09:25:54,ETHUSDT,bid,2450,4146.115
2024-09-01 09:25:54,ETHUSDT,bid,2470,4116.763
2024-09-01 09:25:54,ETHUSDT,bid,2470,4118.209
2024-09-01 09:25:55,ETHUSDT,bid,2470,5338.898
2024-09-01 09:25:55,ETHUSDT,bid,2470,5339.704
2024-09-01 09:25:55,ETHUSDT,bid,2470,5341.316
2024-09-01 09:25:55,ETHUSDT,bid,2450,4146.115
2024-09-01 09:25:55,ETHUSDT,bid,2470,5351.013
2024-09-01 09:25:56,ETHUSDT,bid,2450,4146.115
2024-09-01 09:25:56,ETHUSDT,bid,2470,5341.316
2024-09-01 09:25:57,ETHUSDT,bid,2470,4117.601
2024-09-01 09:25:57,ETHUSDT,bid,2470,5347.373
2024-09-01 09:25:57,ETHUSDT,bid,2470,5341.316
2024-09-01 09:25:57,ETHUSDT,bid,2450,4157.429
2024-09-01 09:25:57,ETHUSDT,bid,2450,4146.115
2024-09-01 09:25:58,ETHUSDT,bid,2470,5341.331
2024-09-01 09:25:58,ETHUSDT,bid,2470,5342.141
2024-09-01 09:25:58,ETHUSDT,bid,2470,4117.831
2024-09-01 09:25:59,ETHUSDT,bid,2450,4150.962
2024-09-01 09:25:59,ETHUSDT,bid,2440,5277.208
2024-09-01 09:25:59,ETHUSDT,bid,2470,5350.997
2024-09-01 09:26:00,ETHUSDT,bid,2470,5350.483
2024-09-01 09:26:00,ETHUSDT,bid,2470,5343.929
2024-09-01 09:26:02,ETHUSDT,bid,2230,4487.622
2024-09-01 09:26:02,ETHUSDT,bid,2470,5343.119
2024-09-01 09:26:03,ETHUSDT,bid,2470,5343.159
2024-09-01 09:26:04,ETHUSDT,bid,2450,4146.115
2024-09-01 09:26:05,ETHUSDT,bid,2470,4117.601
2024-09-01 09:26:06,ETHUSDT,bid,2470,4116.155
2024-09-01 09:26:07,ETHUSDT,bid,2470,4114.323
2024-09-01 09:26:07,ETHUSDT,bid,2470,5340.798
2024-09-01 09:26:08,ETHUSDT,bid,2470,5340.789
2024-09-01 09:26:11,ETHUSDT,bid,2470,5342.576
2024-09-01 09:26:11,ETHUSDT,bid,2440,4137.685
2024-09-01 09:26:12,ETHUSDT,bid,2450,5374.448
2024-09-01 09:26:12,ETHUSDT,bid,2470,5342.201
2024-09-01 09:26:14,ETHUSDT,bid,2470,5340.413
2024-09-01 09:26:14,ETHUSDT,bid,2470,5338.626
2024-09-01 09:26:16,ETHUSDT,bid,2440,4117.448
2024-09-01 09:26:17,ETHUSDT,bid,2440,5258.987
2024-09-01 09:26:18,ETHUSDT,bid,2410,5085.404
2024-09-01 09:26:20,ETHUSDT,bid,2440,4117.457
2024-09-01 09:26:20,ETHUSDT,bid,2470,5338.526
2024-09-01 09:26:20,ETHUSDT,bid,2470,5338.526
2024-09-01 09:26:21,ETHUSDT,bid,2450,5373.448
2024-09-01 09:26:21,ETHUSDT,bid,2470,5348.526
2024-09-01 09:26:22,ETHUSDT,bid,2470,5338.526
2024-09-01 09:26:24,ETHUSDT,bid,2440,4116.682
2024-09-01 09:26:27,ETHUSDT,bid,2470,5339.466
2024-09-01 09:26:27,ETHUSDT,bid,2460,5272.969
2024-09-01 09:26:27,ETHUSDT,bid,2470,4398.525
2024-09-01 09:26:27,ETHUSDT,bid,2470,5341.306
2024-09-01 09:26:27,ETHUSDT,bid,2470,4114.323
2024-09-01 09:26:31,ETHUSDT,bid,2420,4395.734
2024-09-01 09:26:31,ETHUSDT,bid,2470,5343.177
2024-09-01 09:26:33,ETHUSDT,bid,2430,5458.095
2024-09-01 09:26:34,ETHUSDT,bid,2470,5343.177
2024-09-01 09:26:35,ETHUSDT,bid,2440,5258.997
2024-09-01 09:26:37,ETHUSDT,bid,2470,5345.197
2024-09-01 09:26:38,ETHUSDT,bid,2470,5343.326
2024-09-01 09:26:39,ETHUSDT,bid,2470,5343.308
2024-09-01 09:26:44,ETHUSDT,bid,2430,5458.276
2024-09-01 09:26:45,ETHUSDT,bid,2450,4146.054
2024-09-01 09:26:50,ETHUSDT,bid,2460,5273.374
2024-09-01 09:26:50,ETHUSDT,bid,2470,5385.665
2024-09-01 09:26:51,ETHUSDT,bid,2470,5343.308
2024-09-01 09:26:52,ETHUSDT,bid,2470,5343.319
2024-09-01 09:26:54,ETHUSDT,bid,2470,4111.323
2024-09-01 09:27:01,ETHUSDT,bid,2420,4394.29
2024-09-01 09:27:02,ETHUSDT,bid,2470,5341.479
2024-09-01 09:27:06,ETHUSDT,bid,2430,5459.368
2024-09-01 09:27:12,ETHUSDT,bid,2470,5346.024
2024-09-01 09:27:13,ETHUSDT,bid,2470,5356.024
2024-09-01 09:27:13,ETHUSDT,bid,2460,5273.474
2024-09-01 09:27:14,ETHUSDT,bid,2470,5357.024
2024-09-01 09:27:15,ETHUSDT,bid,2470,5347.024
2024-09-01 09:27:15,ETHUSDT,bid,2470,5348.212
2024-09-01 09:27:16,ETHUSDT,bid,2470,5348.412
2024-09-01 09:27:18,ETHUSDT,bid,2460,5269.474
2024-09-01 09:27:21,ETHUSDT,bid,2440,5253.997
2024-09-01 09:27:34,ETHUSDT,bid,2440,5253.987
2024-09-01 09:27:43,ETHUSDT,bid,2470,5359.575
2024-09-01 09:27:43,ETHUSDT,bid,2470,5348.424
2024-09-01 09:27:45,ETHUSDT,bid,2450,5375.448
2024-09-01 09:27:47,ETHUSDT,bid,2470,5363.292
2024-09-01 09:27:48,ETHUSDT,bid,2470,5348.424
2024-09-01 09:27:49,ETHUSDT,bid,2470,5348.412
2024-09-01 09:27:53,ETHUSDT,bid,2450,4150.07
2024-09-01 09:27:56,ETHUSDT,bid,2470,5350.039
2024-09-01 09:27:56,ETHUSDT,bid,2470,5348.412
2024-09-01 09:27:58,ETHUSDT,bid,2470,5350.006
2024-09-01 09:28:07,ETHUSDT,bid,2140,4786.702
2024-09-01 09:28:07,ETHUSDT,bid,2430,5460.368
2024-09-01 09:28:07,ETHUSDT,bid,2450,4153.681
2024-09-01 09:28:09,ETHUSDT,bid,2470,5348.412
2024-09-01 09:28:10,ETHUSDT,bid,2450,5375.5
2024-09-01 09:28:12,ETHUSDT,bid,2420,10136.667
2024-09-01 09:28:12,ETHUSDT,bid,2470,5368.412
2024-09-01 09:28:16,ETHUSDT,bid,2230,4487.722
2024-09-01 09:28:18,ETHUSDT,bid,2470,5348.412
2024-09-01 09:28:18,ETHUSDT,bid,2470,5348.032
2024-09-01 09:28:19,ETHUSDT,bid,2430,5460.768
2024-09-01 09:28:19,ETHUSDT,bid,2470,5349.628
2024-09-01 09:28:19,ETHUSDT,bid,2450,5395.663
2024-09-01 09:28:19,ETHUSDT,bid,2470,5348.032
2024-09-01 09:28:20,ETHUSDT,bid,2460,5269.374
2024-09-01 09:28:28,ETHUSDT,bid,2420,10139.667
2024-09-01 09:28:29,ETHUSDT,bid,2460,5273.467
2024-09-01 09:28:33,ETHUSDT,bid,2420,10136.667
2024-09-01 09:28:33,ETHUSDT,bid,2470,4111.383
2024-09-01 09:28:36,ETHUSDT,bid,2450,4150.274
2024-09-01 09:28:36,ETHUSDT,bid,2470,4105.018
2024-09-01 09:28:39,ETHUSDT,bid,2470,5348.052
2024-09-01 09:28:41,ETHUSDT,bid,2470,5348.032
2024-09-01 09:28:42,ETHUSDT,bid,2470,5346.032
2024-09-01 09:28:44,ETHUSDT,bid,2470,5359.549
2024-09-01 09:28:53,ETHUSDT,bid,2470,5359.617
2024-09-01 09:28:53,ETHUSDT,bid,2470,5359.549
2024-09-01 09:29:00,ETHUSDT,bid,2460,5393.704
2024-09-01 09:29:01,ETHUSDT,bid,2430,5461.597
2024-09-01 09:29:02,ETHUSDT,bid,2430,5463.597
2024-09-01 09:29:02,ETHUSDT,bid,2470,5369.549
2024-09-01 09:29:05,ETHUSDT,bid,2470,5371.481
2024-09-01 09:29:05,ETHUSDT,bid,2430,5468.114
2024-09-01 09:29:05,ETHUSDT,bid,2440,4143.396
2024-09-01 09:29:05,ETHUSDT,bid,2450,5375.5
2024-09-01 09:29:07,ETHUSDT,bid,2430,5465.614
2024-09-01 09:29:08,ETHUSDT,bid,2460,5393.404
2024-09-01 09:29:15,ETHUSDT,bid,2470,5359.892
2024-09-01 09:29:19,ETHUSDT,bid,2450,4150.07
2024-09-01 09:29:20,ETHUSDT,bid,2470,5357.928
2024-09-01 09:29:21,ETHUSDT,bid,2430,5465.414
2024-09-01 09:29:21,ETHUSDT,bid,2470,5358.228
2024-09-01 09:29:21,ETHUSDT,bid,2460,5403.404
2024-09-01 09:29:22,ETHUSDT,bid,2470,5358.523
2024-09-01 09:29:23,ETHUSDT,bid,2470,5358.623
2024-09-01 09:29:23,ETHUSDT,bid,2470,5358.523
2024-09-01 09:29:23,ETHUSDT,bid,2470,5358.483
2024-09-01 09:29:24,ETHUSDT,bid,2470,5358.483
2024-09-01 09:29:24,ETHUSDT,bid,2470,5358.483
2024-09-01 09:29:24,ETHUSDT,bid,2470,5358.523
2024-09-01 09:29:25,ETHUSDT,bid,2470,5370.181
2024-09-01 09:29:25,ETHUSDT,bid,2470,5358.523
2024-09-01 09:29:25,ETHUSDT,bid,2470,5358.483
2024-09-01 09:29:25,ETHUSDT,bid,2470,5358.223
2024-09-01 09:29:26,ETHUSDT,bid,2470,5358.183
2024-09-01 09:29:27,ETHUSDT,bid,2470,5358.56
2024-09-01 09:29:27,ETHUSDT,bid,2470,5359.094
2024-09-01 09:29:27,ETHUSDT,bid,2470,5359.133
2024-09-01 09:29:29,ETHUSDT,bid,2450,5380.5
2024-09-01 09:29:29,ETHUSDT,bid,2470,5359.173
2024-09-01 09:29:34,ETHUSDT,bid,2470,5358.942
2024-09-01 09:29:36,ETHUSDT,bid,2470,5358.902
2024-09-01 09:29:37,ETHUSDT,bid,2470,5359.002
2024-09-01 09:29:37,ETHUSDT,bid,2470,5358.902
2024-09-01 09:29:38,ETHUSDT,bid,2470,5358.902
2024-09-01 09:29:38,ETHUSDT,bid,2470,5358.902
2024-09-01 09:29:39,ETHUSDT,bid,2470,5359.902
2024-09-01 09:29:39,ETHUSDT,bid,2470,4614.809
2024-09-01 09:29:40,ETHUSDT,bid,2470,4105.018
2024-09-01 09:29:40,ETHUSDT,bid,2450,5392.777
2024-09-01 09:29:45,ETHUSDT,bid,2470,5359.942
2024-09-01 09:29:45,ETHUSDT,bid,2470,5360.111
2024-09-01 09:29:45,ETHUSDT,bid,2470,5359.902
2024-09-01 09:29:45,ETHUSDT,bid,2470,5359.942
2024-09-01 09:29:46,ETHUSDT,bid,2470,5359.525
2024-09-01 09:29:46,ETHUSDT,bid,2470,5360.701
2024-09-01 09:29:46,ETHUSDT,bid,2470,4106.464
2024-09-01 09:29:47,ETHUSDT,bid,2460,5689.173
2024-09-01 09:29:47,ETHUSDT,bid,2470,5356.584
2024-09-01 09:29:47,ETHUSDT,bid,2470,5357.852
2024-09-01 09:29:47,ETHUSDT,bid,2430,5465.214
2024-09-01 09:29:47,ETHUSDT,bid,2460,5403.404
2024-09-01 09:29:47,ETHUSDT,bid,2470,5359.464
2024-09-01 09:29:49,ETHUSDT,bid,2470,5359.754
2024-09-01 09:29:49,ETHUSDT,bid,2470,4106.473
2024-09-01 09:29:50,ETHUSDT,bid,2470,5358.386
2024-09-01 09:29:50,ETHUSDT,bid,2470,5358.346
2024-09-01 09:29:50,ETHUSDT,bid,2470,5358.39
2024-09-01 09:29:51,ETHUSDT,bid,2470,4106.464
2024-09-01 09:29:51,ETHUSDT,bid,2440,5252.987
2024-09-01 09:29:53,ETHUSDT,bid,2470,5358.379
2024-09-01 09:29:56,ETHUSDT,bid,2460,5396.904
2024-09-01 09:29:56,ETHUSDT,bid,2410,5085.61
2024-09-01 09:29:57,ETHUSDT,bid,2470,5358.139
2024-09-01 09:29:57,ETHUSDT,bid,2460,5396.695
2024-09-01 09:29:58,ETHUSDT,bid,2470,5373.97
2024-09-01 09:29:58,ETHUSDT,bid,2470,5358.139
2024-09-01 09:29:58,ETHUSDT,bid,2470,5357.849
2024-09-01 09:29:58,ETHUSDT,bid,2440,4143.096
2024-09-01 09:29:58,ETHUSDT,bid,2470,5357.989
2024-09-01 09:30:00,ETHUSDT,bid,2460,5276.458
2024-09-01 09:30:00,ETHUSDT,bid,2470,4108.068
2024-09-01 09:30:01,ETHUSDT,bid,2470,5358.624
2024-09-01 09:30:01,ETHUSDT,bid,2450,4153.581
2024-09-01 09:30:01,ETHUSDT,bid,2470,4109.881
2024-09-01 09:30:02,ETHUSDT,bid,2470,5374.455
2024-09-01 09:30:02,ETHUSDT,bid,2470,4119.881
2024-09-01 09:30:02,ETHUSDT,bid,2470,5358.624
2024-09-01 09:30:02,ETHUSDT,bid,2470,4118.277
2024-09-01 09:30:02,ETHUSDT,bid,2470,5358.484
2024-09-01 09:30:03,ETHUSDT,bid,2470,5357.849
2024-09-01 09:30:03,ETHUSDT,bid,2470,5373.68
2024-09-01 09:30:03,ETHUSDT,bid,2470,4108.277
2024-09-01 09:30:03,ETHUSDT,bid,2470,5358.849
2024-09-01 09:30:04,ETHUSDT,bid,2470,5359.17
2024-09-01 09:30:05,ETHUSDT,bid,2460,5268.345
2024-09-01 09:30:06,ETHUSDT,bid,2450,5392.958
2024-09-01 09:30:06,ETHUSDT,bid,2470,5370.467
2024-09-01 09:30:06,ETHUSDT,bid,2470,4106.464
2024-09-01 09:30:06,ETHUSDT,bid,2470,5360.616
2024-09-01 09:30:07,ETHUSDT,bid,2450,4153.57
2024-09-01 09:30:09,ETHUSDT,bid,2470,5360.576
2024-09-01 09:30:09,ETHUSDT,bid,2470,5360.576
2024-09-01 09:30:09,ETHUSDT,bid,2470,5362.001
2024-09-01 09:30:10,ETHUSDT,bid,2470,5362.807
2024-09-01 09:30:10,ETHUSDT,bid,2470,5363.613
2024-09-01 09:30:11,ETHUSDT,bid,2470,5364.419
2024-09-01 09:30:11,ETHUSDT,bid,2470,5365.029
2024-09-01 09:30:12,ETHUSDT,bid,2470,5365.079
2024-09-01 09:30:12,ETHUSDT,bid,2470,5363.604
2024-09-01 09:30:12,ETHUSDT,bid,2470,5362.798
2024-09-01 09:30:12,ETHUSDT,bid,2470,5361.186
2024-09-01 09:30:13,ETHUSDT,bid,2470,5372.233
2024-09-01 09:30:13,ETHUSDT,bid,2470,5373.215
2024-09-01 09:30:14,ETHUSDT,bid,2470,5361.543
2024-09-01 09:30:16,ETHUSDT,bid,2470,5377.736
2024-09-01 09:30:16,ETHUSDT,bid,2470,5377.906
2024-09-01 09:30:17,ETHUSDT,bid,2470,5377.92
2024-09-01 09:30:17,ETHUSDT,bid,2470,5379.906
2024-09-01 09:30:18,ETHUSDT,bid,2470,5379.866
2024-09-01 09:30:18,ETHUSDT,bid,2430,5465.378
2024-09-01 09:30:19,ETHUSDT,bid,2470,5380.086
2024-09-01 09:30:19,ETHUSDT,bid,2470,5363.933
2024-09-01 09:30:21,ETHUSDT,bid,2470,5363.973
2024-09-01 09:30:21,ETHUSDT,bid,2470,5363.933
2024-09-01 09:30:21,ETHUSDT,bid,2470,5363.973
2024-09-01 09:30:22,ETHUSDT,bid,2470,5364.468
2024-09-01 09:30:22,ETHUSDT,bid,2470,5364.248
2024-09-01 09:30:22,ETHUSDT,bid,2470,5364.296
2024-09-01 09:30:23,ETHUSDT,bid,2470,5364.256
2024-09-01 09:30:24,ETHUSDT,bid,2470,5364.296
2024-09-01 09:30:24,ETHUSDT,bid,2470,5380.65
2024-09-01 09:30:24,ETHUSDT,bid,2470,5380.61
2024-09-01 09:30:25,ETHUSDT,bid,2470,5380.65
2024-09-01 09:30:25,ETHUSDT,bid,2470,5380.602
2024-09-01 09:30:25,ETHUSDT,bid,2470,5380.562
2024-09-01 09:30:26,ETHUSDT,bid,2470,5380.602
2024-09-01 09:30:26,ETHUSDT,bid,2440,4129.739
2024-09-01 09:30:26,ETHUSDT,bid,2470,5380.602
2024-09-01 09:30:27,ETHUSDT,bid,2470,5380.562
2024-09-01 09:30:27,ETHUSDT,bid,2470,5380.602
2024-09-01 09:30:27,ETHUSDT,bid,2440,4129.752
2024-09-01 09:30:28,ETHUSDT,bid,2460,5272.401
2024-09-01 09:30:28,ETHUSDT,bid,2470,5380.602
2024-09-01 09:30:28,ETHUSDT,bid,2470,5364.248
2024-09-01 09:30:29,ETHUSDT,bid,2470,5363.248
2024-09-01 09:30:29,ETHUSDT,bid,2470,5363.374
2024-09-01 09:30:30,ETHUSDT,bid,2470,5363.334
2024-09-01 09:30:30,ETHUSDT,bid,2470,5380.501
2024-09-01 09:30:30,ETHUSDT,bid,2470,5365.752
2024-09-01 09:30:31,ETHUSDT,bid,2470,5365.752
2024-09-01 09:30:31,ETHUSDT,bid,2470,5365.431
2024-09-01 09:30:32,ETHUSDT,bid,2470,5365.431
2024-09-01 09:30:32,ETHUSDT,bid,2470,5364.897
2024-09-01 09:30:32,ETHUSDT,bid,2470,5365.058
2024-09-01 09:30:33,ETHUSDT,bid,2470,5380.889
2024-09-01 09:30:33,ETHUSDT,bid,2470,5365.058
2024-09-01 09:30:36,ETHUSDT,bid,2470,5367.042
2024-09-01 09:30:36,ETHUSDT,bid,2470,5365.058
2024-09-01 09:30:36,ETHUSDT,bid,2440,4116.395
2024-09-01 09:30:37,ETHUSDT,bid,2470,5365.158
2024-09-01 09:30:37,ETHUSDT,bid,2470,5368.961
2024-09-01 09:30:37,ETHUSDT,bid,2470,5367.349
2024-09-01 09:30:37,ETHUSDT,bid,2470,5367.309
2024-09-01 09:30:38,ETHUSDT,bid,2470,5370.1
2024-09-01 09:30:38,ETHUSDT,bid,2470,4108.1
2024-09-01 09:30:39,ETHUSDT,bid,2470,4150.197
2024-09-01 09:30:39,ETHUSDT,bid,2470,5383.14
2024-09-01 09:30:39,ETHUSDT,bid,2470,5365.397
2024-09-01 09:30:39,ETHUSDT,bid,2470,4152.006
2024-09-01 09:30:39,ETHUSDT,bid,2470,5367.818
2024-09-01 09:30:40,ETHUSDT,bid,2470,4152.127
2024-09-01 09:30:40,ETHUSDT,bid,2470,5367.818
2024-09-01 09:30:40,ETHUSDT,bid,2470,5365.906
2024-09-01 09:30:41,ETHUSDT,bid,2470,5365.906
2024-09-01 09:30:41,ETHUSDT,bid,2470,5365.906
2024-09-01 09:30:42,ETHUSDT,bid,2470,5382.141
2024-09-01 09:30:42,ETHUSDT,bid,2470,5366.31
2024-09-01 09:30:42,ETHUSDT,bid,2470,4108.394
2024-09-01 09:30:43,ETHUSDT,bid,2470,5381.752
2024-09-01 09:30:43,ETHUSDT,bid,2470,5365.921
2024-09-01 09:30:44,ETHUSDT,bid,2470,5365.921
2024-09-01 09:30:45,ETHUSDT,bid,2470,4110.03
2024-09-01 09:30:46,ETHUSDT,bid,2470,5365.921
2024-09-01 09:30:46,ETHUSDT,bid,2470,5371.978
2024-09-01 09:30:47,ETHUSDT,bid,2470,5365.921
2024-09-01 09:30:47,ETHUSDT,bid,2470,5381.752
2024-09-01 09:30:47,ETHUSDT,bid,2470,5365.921
2024-09-01 09:30:48,ETHUSDT,bid,2470,5365.921
2024-09-01 09:30:49,ETHUSDT,bid,2470,5367.135
2024-09-01 09:30:50,ETHUSDT,bid,2470,5382.966
2024-09-01 09:30:50,ETHUSDT,bid,2470,5367.135
2024-09-01 09:30:51,ETHUSDT,bid,2470,5382.966
2024-09-01 09:30:51,ETHUSDT,bid,2430,5464.286
2024-09-01 09:30:51,ETHUSDT,bid,2470,5365.921
2024-09-01 09:30:52,ETHUSDT,bid,2470,5365.921
2024-09-01 09:30:53,ETHUSDT,bid,2470,5365.921
2024-09-01 09:30:54,ETHUSDT,bid,2470,5381.752
2024-09-01 09:30:54,ETHUSDT,bid,2470,5365.921
2024-09-01 09:30:55,ETHUSDT,bid,2470,5365.921
2024-09-01 09:30:56,ETHUSDT,bid,2470,5365.921
2024-09-01 09:30:56,ETHUSDT,bid,2440,5253.191
2024-09-01 09:30:56,ETHUSDT,bid,2470,5366.325
2024-09-01 09:30:56,ETHUSDT,bid,2470,5365.921
2024-09-01 09:30:57,ETHUSDT,bid,2470,5365.921
2024-09-01 09:30:58,ETHUSDT,bid,2470,5381.752
2024-09-01 09:30:58,ETHUSDT,bid,2470,4120.03
2024-09-01 09:30:58,ETHUSDT,bid,2470,5365.921
2024-09-01 09:30:59,ETHUSDT,bid,2470,4110.03
2024-09-01 09:30:59,ETHUSDT,bid,2470,5365.921
2024-09-01 09:31:00,ETHUSDT,bid,2470,5365.721
2024-09-01 09:31:00,ETHUSDT,bid,2470,4108.394
2024-09-01 09:31:00,ETHUSDT,bid,2460,5297.401
2024-09-01 09:31:00,ETHUSDT,bid,2460,5272.401
2024-09-01 09:31:01,ETHUSDT,bid,2470,5396.566
2024-09-01 09:31:01,ETHUSDT,bid,2430,5459.769
2024-09-01 09:31:01,ETHUSDT,bid,2470,5392.926
2024-09-01 09:31:02,ETHUSDT,bid,2470,4106.585
2024-09-01 09:31:02,ETHUSDT,bid,2470,5370.721
2024-09-01 09:31:02,ETHUSDT,bid,2470,5370.73
2024-09-01 09:31:02,ETHUSDT,bid,2470,5370.73
2024-09-01 09:31:03,ETHUSDT,bid,2470,5371.316
2024-09-01 09:31:04,ETHUSDT,bid,2470,5371.316
2024-09-01 09:31:04,ETHUSDT,bid,2470,5370.73
2024-09-01 09:31:04,ETHUSDT,bid,2470,5395.489
2024-09-01 09:31:06,ETHUSDT,bid,2470,5400.192
2024-09-01 09:31:06,ETHUSDT,bid,2470,5400.192
2024-09-01 09:31:06,ETHUSDT,bid,2440,5243.191
2024-09-01 09:31:06,ETHUSDT,bid,2440,4113.395
2024-09-01 09:31:07,ETHUSDT,bid,2470,5395.489
2024-09-01 09:31:08,ETHUSDT,bid,2470,5395.489
2024-09-01 09:31:08,ETHUSDT,bid,2470,5411.32
2024-09-01 09:31:08,ETHUSDT,bid,2470,5395.489
2024-09-01 09:31:08,ETHUSDT,bid,2470,5401.547
2024-09-01 09:31:08,ETHUSDT,bid,2470,5395.489
2024-09-01 09:31:08,ETHUSDT,bid,2460,5270.5
2024-09-01 09:31:09,ETHUSDT,bid,2470,5395.085
2024-09-01 09:31:09,ETHUSDT,bid,2470,5395.085
2024-09-01 09:31:09,ETHUSDT,bid,2450,4167.016
2024-09-01 09:31:10,ETHUSDT,bid,2470,5395.085
2024-09-01 09:31:10,ETHUSDT,bid,2450,4167.346
2024-09-01 09:31:11,ETHUSDT,bid,2470,5410.916
2024-09-01 09:31:11,ETHUSDT,bid,2470,5395.085
2024-09-01 09:31:12,ETHUSDT,bid,2470,5395.085
2024-09-01 09:31:12,ETHUSDT,bid,2470,5405.888
2024-09-01 09:31:12,ETHUSDT,bid,2420,10126.667
2024-09-01 09:31:13,ETHUSDT,bid,2470,5405.888
2024-09-01 09:31:13,ETHUSDT,bid,2470,5406.495
2024-09-01 09:31:14,ETHUSDT,bid,2470,5422.326
2024-09-01 09:31:14,ETHUSDT,bid,2470,5395.692
2024-09-01 09:31:15,ETHUSDT,bid,2470,5395.822
2024-09-01 09:31:15,ETHUSDT,bid,2470,5411.653
2024-09-01 09:31:15,ETHUSDT,bid,2470,5395.822
2024-09-01 09:31:16,ETHUSDT,bid,2470,5395.822
2024-09-01 09:31:16,ETHUSDT,bid,2470,5396.822
2024-09-01 09:31:17,ETHUSDT,bid,2470,5412.653
2024-09-01 09:31:17,ETHUSDT,bid,2470,5396.822
2024-09-01 09:31:17,ETHUSDT,bid,2470,5396.832
2024-09-01 09:31:18,ETHUSDT,bid,2470,5412.663
2024-09-01 09:31:18,ETHUSDT,bid,2470,5396.832
2024-09-01 09:31:19,ETHUSDT,bid,2470,5397.376
2024-09-01 09:31:19,ETHUSDT,bid,2450,4150.966
2024-09-01 09:31:19,ETHUSDT,bid,2470,5396.972
2024-09-01 09:31:22,ETHUSDT,bid,2470,4116.585
2024-09-01 09:31:22,ETHUSDT,bid,2470,5399.785
2024-09-01 09:31:22,ETHUSDT,bid,2470,4106.585
2024-09-01 09:31:23,ETHUSDT,bid,2470,4128.827
2024-09-01 09:31:23,ETHUSDT,bid,2470,5399.655
2024-09-01 09:31:24,ETHUSDT,bid,2470,4106.585
2024-09-01 09:31:24,ETHUSDT,bid,2460,5270.514
2024-09-01 09:31:24,ETHUSDT,bid,2470,4105.139
2024-09-01 09:31:24,ETHUSDT,bid,2450,4153.9
2024-09-01 09:31:25,ETHUSDT,bid,2440,5263.436
2024-09-01 09:31:25,ETHUSDT,bid,2440,5283.681
2024-09-01 09:31:25,ETHUSDT,bid,2440,5303.926
2024-09-01 09:31:25,ETHUSDT,bid,2470,4105.018
2024-09-01 09:31:27,ETHUSDT,bid,2470,5397.631
2024-09-01 09:31:27,ETHUSDT,bid,2470,5399.412
2024-09-01 09:31:28,ETHUSDT,bid,2470,5408.835
2024-09-01 09:31:31,ETHUSDT,bid,2470,5415.443
2024-09-01 09:31:31,ETHUSDT,bid,2470,5415.775
2024-09-01 09:31:35,ETHUSDT,bid,2470,5415.169
2024-09-01 09:31:37,ETHUSDT,bid,2470,5408.561
2024-09-01 09:31:38,ETHUSDT,bid,2470,5408.541
2024-09-01 09:31:39,ETHUSDT,bid,2470,5399.118
2024-09-01 09:31:41,ETHUSDT,bid,2430,5459.778
2024-09-01 09:31:44,ETHUSDT,bid,2430,5460.624
2024-09-01 09:31:45,ETHUSDT,bid,2470,5399.118
2024-09-01 09:31:47,ETHUSDT,bid,2460,5370.514
2024-09-01 09:31:48,ETHUSDT,bid,2470,4105.421
2024-09-01 09:31:48,ETHUSDT,bid,2450,5392.367
2024-09-01 09:31:48,ETHUSDT,bid,2470,4105.018
2024-09-01 09:31:48,ETHUSDT,bid,2470,5399.046
2024-09-01 09:31:49,ETHUSDT,bid,2470,5399.449
2024-09-01 09:31:50,ETHUSDT,bid,2450,4150.295
2024-09-01 09:31:52,ETHUSDT,bid,2470,5399.046
2024-09-01 09:31:52,ETHUSDT,bid,2470,5398.906
2024-09-01 09:31:53,ETHUSDT,bid,2470,5399.129
2024-09-01 09:31:54,ETHUSDT,bid,2470,5399.144
2024-09-01 09:31:55,ETHUSDT,bid,2430,5455.491
2024-09-01 09:31:55,ETHUSDT,bid,2470,5399.244
2024-09-01 09:31:56,ETHUSDT,bid,2470,5399.171
2024-09-01 09:31:57,ETHUSDT,bid,2430,5454.67
2024-09-01 09:32:00,ETHUSDT,bid,2450,4150.795
2024-09-01 09:32:00,ETHUSDT,bid,2440,5243.191
2024-09-01 09:32:01,ETHUSDT,bid,2470,5399.82
2024-09-01 09:32:01,ETHUSDT,bid,2450,4172.232
2024-09-01 09:32:02,ETHUSDT,bid,2470,5399.578
2024-09-01 09:32:02,ETHUSDT,bid,2470,5399.618
2024-09-01 09:32:05,ETHUSDT,bid,2470,5399.578
2024-09-01 09:32:05,ETHUSDT,bid,2470,5399.618
2024-09-01 09:32:06,ETHUSDT,bid,2470,5399.578
2024-09-01 09:32:06,ETHUSDT,bid,2470,5399.618
2024-09-01 09:32:07,ETHUSDT,bid,2470,5399.635
2024-09-01 09:32:07,ETHUSDT,bid,2470,5399.618
2024-09-01 09:32:08,ETHUSDT,bid,2470,5399.578
2024-09-01 09:32:08,ETHUSDT,bid,2470,5397.157
2024-09-01 09:32:09,ETHUSDT,bid,2430,5454.809
2024-09-01 09:32:11,ETHUSDT,bid,2450,4150.774
2024-09-01 09:32:14,ETHUSDT,bid,2460,5373.388
2024-09-01 09:32:14,ETHUSDT,bid,2470,5396.957
2024-09-01 09:32:15,ETHUSDT,bid,2470,4105.018
2024-09-01 09:32:15,ETHUSDT,bid,2470,4106.901
2024-09-01 09:32:15,ETHUSDT,bid,2470,5396.997
2024-09-01 09:32:15,ETHUSDT,bid,2470,5396.957
2024-09-01 09:32:16,ETHUSDT,bid,2470,5399.378
2024-09-01 09:32:16,ETHUSDT,bid,2470,5399.62
2024-09-01 09:32:16,ETHUSDT,bid,2470,5399.66
2024-09-01 09:32:17,ETHUSDT,bid,2470,5399.62
2024-09-01 09:32:18,ETHUSDT,bid,2450,4151.442
2024-09-01 09:32:20,ETHUSDT,bid,2470,4108.348
2024-09-01 09:32:20,ETHUSDT,bid,2470,5395.77
2024-09-01 09:32:20,ETHUSDT,bid,2470,4108.489
2024-09-01 09:32:20,ETHUSDT,bid,2410,5085.81
2024-09-01 09:32:20,ETHUSDT,bid,2440,5242.991
2024-09-01 09:32:21,ETHUSDT,bid,2470,5411.601
2024-09-01 09:32:21,ETHUSDT,bid,2470,5395.77
2024-09-01 09:32:23,ETHUSDT,bid,2470,5411.396
2024-09-01 09:32:23,ETHUSDT,bid,2470,5395.565
2024-09-01 09:32:23,ETHUSDT,bid,2470,5395.877
2024-09-01 09:32:24,ETHUSDT,bid,2470,5411.708
2024-09-01 09:32:24,ETHUSDT,bid,2470,5395.877
2024-09-01 09:32:24,ETHUSDT,bid,2470,5396.261
2024-09-01 09:32:24,ETHUSDT,bid,2470,5396.591
2024-09-01 09:32:25,ETHUSDT,bid,2470,5396.921
2024-09-01 09:32:25,ETHUSDT,bid,2460,5375.623
2024-09-01 09:32:26,ETHUSDT,bid,2470,5396.921
2024-09-01 09:32:26,ETHUSDT,bid,2470,5426.921
2024-09-01 09:32:26,ETHUSDT,bid,2460,5383.736
2024-09-01 09:32:27,ETHUSDT,bid,2470,5426.921
2024-09-01 09:32:27,ETHUSDT,bid,2470,5443.069
2024-09-01 09:32:28,ETHUSDT,bid,2470,5458.9
2024-09-01 09:32:28,ETHUSDT,bid,2470,5443.069
2024-09-01 09:32:29,ETHUSDT,bid,2470,5443.069
2024-09-01 09:32:29,ETHUSDT,bid,2430,10454.809
2024-09-01 09:32:30,ETHUSDT,bid,2470,5443.069
2024-09-01 09:32:30,ETHUSDT,bid,2460,5383.727
2024-09-01 09:32:31,ETHUSDT,bid,2460,5426.961
2024-09-01 09:32:31,ETHUSDT,bid,2440,4113.537
2024-09-01 09:32:32,ETHUSDT,bid,2470,5399.413
2024-09-01 09:32:32,ETHUSDT,bid,2470,5400.858
2024-09-01 09:32:33,ETHUSDT,bid,2470,5400.858
2024-09-01 09:32:33,ETHUSDT,bid,2460,6248.247
2024-09-01 09:32:33,ETHUSDT,bid,2460,5426.961
2024-09-01 09:32:33,ETHUSDT,bid,2470,4108.639
2024-09-01 09:32:33,ETHUSDT,bid,2470,5406.917
2024-09-01 09:32:34,ETHUSDT,bid,2470,5406.917
2024-09-01 09:32:35,ETHUSDT,bid,2470,5406.917
2024-09-01 09:32:35,ETHUSDT,bid,2470,5408.317
2024-09-01 09:32:36,ETHUSDT,bid,2470,5402.258
2024-09-01 09:32:36,ETHUSDT,bid,2470,5418.089
2024-09-01 09:32:36,ETHUSDT,bid,2470,5402.258
2024-09-01 09:32:36,ETHUSDT,bid,2450,4152.442
2024-09-01 09:32:36,ETHUSDT,bid,2470,5414.571
2024-09-01 09:32:36,ETHUSDT,bid,2470,5413.171
2024-09-01 09:32:37,ETHUSDT,bid,2470,5429.002
2024-09-01 09:32:37,ETHUSDT,bid,2470,5413.361
2024-09-01 09:32:38,ETHUSDT,bid,2470,5429.192
2024-09-01 09:32:38,ETHUSDT,bid,2470,5413.361
2024-09-01 09:32:39,ETHUSDT,bid,2470,5413.361
2024-09-01 09:32:39,ETHUSDT,bid,2470,5412.996
2024-09-01 09:32:39,ETHUSDT,bid,2470,5413.608
2024-09-01 09:32:40,ETHUSDT,bid,2470,5414.608
2024-09-01 09:32:40,ETHUSDT,bid,2470,5413.608
2024-09-01 09:32:40,ETHUSDT,bid,2470,5411.608
2024-09-01 09:32:41,ETHUSDT,bid,2470,5427.439
2024-09-01 09:32:41,ETHUSDT,bid,2470,5411.608
2024-09-01 09:32:42,ETHUSDT,bid,2470,5411.608
2024-09-01 09:32:42,ETHUSDT,bid,2450,5392.354
2024-09-01 09:32:43,ETHUSDT,bid,2470,5427.439
2024-09-01 09:32:43,ETHUSDT,bid,2470,5411.608
2024-09-01 09:32:43,ETHUSDT,bid,2470,4109.147
2024-09-01 09:32:44,ETHUSDT,bid,2470,5427.439
2024-09-01 09:32:44,ETHUSDT,bid,2440,5243.157
2024-09-01 09:32:44,ETHUSDT,bid,2470,5411.608
2024-09-01 09:32:44,ETHUSDT,bid,2470,5412.225
2024-09-01 09:32:45,ETHUSDT,bid,2470,5428.056
2024-09-01 09:32:45,ETHUSDT,bid,2470,5412.225
2024-09-01 09:32:45,ETHUSDT,bid,2470,5405.969
2024-09-01 09:32:45,ETHUSDT,bid,2470,5399.295
2024-09-01 09:32:47,ETHUSDT,bid,2470,5399.295
2024-09-01 09:32:48,ETHUSDT,bid,2470,5399.485
2024-09-01 09:32:49,ETHUSDT,bid,2470,5415.316
2024-09-01 09:32:49,ETHUSDT,bid,2470,5399.485
2024-09-01 09:32:49,ETHUSDT,bid,2470,5399.506
2024-09-01 09:32:50,ETHUSDT,bid,2470,5399.506
2024-09-01 09:32:50,ETHUSDT,bid,2470,5401.526
2024-09-01 09:32:50,ETHUSDT,bid,2470,5399.497
2024-09-01 09:32:50,ETHUSDT,bid,2450,4155.066
2024-09-01 09:32:51,ETHUSDT,bid,2470,5409.194
2024-09-01 09:32:51,ETHUSDT,bid,2470,5409.194
2024-09-01 09:32:52,ETHUSDT,bid,2470,5401.517
2024-09-01 09:32:52,ETHUSDT,bid,2470,5405.555
2024-09-01 09:32:52,ETHUSDT,bid,2470,5405.555
2024-09-01 09:32:53,ETHUSDT,bid,2470,5421.386
2024-09-01 09:32:53,ETHUSDT,bid,2470,5405.555
2024-09-01 09:32:53,ETHUSDT,bid,2470,5399.485
2024-09-01 09:32:53,ETHUSDT,bid,2450,4183.545
2024-09-01 09:32:53,ETHUSDT,bid,2450,4172.232
2024-09-01 09:32:54,ETHUSDT,bid,2470,5399.485
2024-09-01 09:32:54,ETHUSDT,bid,2450,4172.639
2024-09-01 09:32:54,ETHUSDT,bid,2470,5403.523
2024-09-01 09:32:55,ETHUSDT,bid,2470,5419.354
2024-09-01 09:32:55,ETHUSDT,bid,2470,5403.523
2024-09-01 09:32:56,ETHUSDT,bid,2470,5419.354
2024-09-01 09:32:56,ETHUSDT,bid,2470,5403.523
2024-09-01 09:32:56,ETHUSDT,bid,2470,5399.485
2024-09-01 09:32:57,ETHUSDT,bid,2470,5402.611
2024-09-01 09:32:57,ETHUSDT,bid,2470,5400.702
2024-09-01 09:32:58,ETHUSDT,bid,2470,5400.702
2024-09-01 09:32:58,ETHUSDT,bid,2470,4108.997
2024-09-01 09:32:58,ETHUSDT,bid,2470,5400.879
2024-09-01 09:33:00,ETHUSDT,bid,2460,5422.961
2024-09-01 09:33:00,ETHUSDT,bid,2470,5405.689
2024-09-01 09:33:00,ETHUSDT,bid,2450,4152.442
2024-09-01 09:33:01,ETHUSDT,bid,2470,5404.282
2024-09-01 09:33:01,ETHUSDT,bid,2470,5404.322
2024-09-01 09:33:01,ETHUSDT,bid,2470,5406.171
2024-09-01 09:33:02,ETHUSDT,bid,2460,5379.727
2024-09-01 09:33:02,ETHUSDT,bid,2470,5407.08
2024-09-01 09:33:04,ETHUSDT,bid,2470,5407.065
2024-09-01 09:33:04,ETHUSDT,bid,2470,5408.945
2024-09-01 09:33:04,ETHUSDT,bid,2470,5410.758
2024-09-01 09:33:04,ETHUSDT,bid,2470,5434.068
2024-09-01 09:33:04,ETHUSDT,bid,2470,5410.758
2024-09-01 09:33:05,ETHUSDT,bid,2470,4107.55
2024-09-01 09:33:06,ETHUSDT,bid,2470,4105.667
2024-09-01 09:33:06,ETHUSDT,bid,2470,5410.805
2024-09-01 09:33:08,ETHUSDT,bid,2470,5410.433
2024-09-01 09:33:09,ETHUSDT,bid,2470,5380.433
2024-09-01 09:33:13,ETHUSDT,bid,2470,5380.506
2024-09-01 09:33:17,ETHUSDT,bid,2470,5380.45
2024-09-01 09:33:18,ETHUSDT,bid,2470,5379.468
2024-09-01 09:33:18,ETHUSDT,bid,2470,5379.98
2024-09-01 09:33:22,ETHUSDT,bid,2470,5378.011
2024-09-01 09:33:22,ETHUSDT,bid,2470,5376.131
2024-09-01 09:33:22,ETHUSDT,bid,2470,5372.363
2024-09-01 09:33:30,ETHUSDT,bid,2470,5374.175
2024-09-01 09:33:34,ETHUSDT,bid,2470,4105.767
2024-09-01 09:33:36,ETHUSDT,bid,2470,5375.946
2024-09-01 09:33:36,ETHUSDT,bid,2470,4106.465
2024-09-01 09:33:37,ETHUSDT,bid,2470,5375.646
2024-09-01 09:33:38,ETHUSDT,bid,2470,5371.646
2024-09-01 09:33:38,ETHUSDT,bid,2470,5369.626
2024-09-01 09:33:39,ETHUSDT,bid,2470,5371.76
2024-09-01 09:33:42,ETHUSDT,bid,2440,4133.774
2024-09-01 09:33:46,ETHUSDT,bid,2440,5243.176
2024-09-01 09:33:47,ETHUSDT,bid,2430,10454.67
2024-09-01 09:33:48,ETHUSDT,bid,2450,4155.699
2024-09-01 09:33:48,ETHUSDT,bid,2460,5367.727
2024-09-01 09:33:50,ETHUSDT,bid,2470,5371.57
2024-09-01 09:33:52,ETHUSDT,bid,2450,4154.307
2024-09-01 09:33:53,ETHUSDT,bid,2450,5393.375
2024-09-01 09:33:55,ETHUSDT,bid,2470,5371.552
2024-09-01 09:33:56,ETHUSDT,bid,2470,5369.781
2024-09-01 09:33:57,ETHUSDT,bid,2450,4152.391
2024-09-01 09:33:57,ETHUSDT,bid,2470,5367.968
2024-09-01 09:33:57,ETHUSDT,bid,2440,4113.537
2024-09-01 09:33:57,ETHUSDT,bid,2460,5357.727
2024-09-01 09:33:57,ETHUSDT,bid,2470,5366.156
2024-09-01 09:33:58,ETHUSDT,bid,2410,4163.262
2024-09-01 09:34:00,ETHUSDT,bid,2470,4106.497
2024-09-01 09:34:01,ETHUSDT,bid,2450,4156.842
2024-09-01 09:34:02,ETHUSDT,bid,2470,5378.156
2024-09-01 09:34:03,ETHUSDT,bid,2430,5454.67
2024-09-01 09:34:03,ETHUSDT,bid,2470,5377.156
2024-09-01 09:34:07,ETHUSDT,bid,2470,5376.979
2024-09-01 09:34:14,ETHUSDT,bid,2460,5372.727
2024-09-01 09:34:20,ETHUSDT,bid,2470,5375.534
2024-09-01 09:34:20,ETHUSDT,bid,2470,5376.534
2024-09-01 09:34:21,ETHUSDT,bid,2470,5378.034
2024-09-01 09:34:22,ETHUSDT,bid,2140,4786.59
2024-09-01 09:34:34,ETHUSDT,bid,2460,5372.127
2024-09-01 09:34:40,ETHUSDT,bid,2450,5428.017
2024-09-01 09:34:40,ETHUSDT,bid,2470,5379.045
2024-09-01 09:34:40,ETHUSDT,bid,2460,5371.127
2024-09-01 09:34:44,ETHUSDT,bid,2470,5379.448
2024-09-01 09:34:44,ETHUSDT,bid,2470,5379.045
2024-09-01 09:34:48,ETHUSDT,bid,2470,5395.045
2024-09-01 09:34:50,ETHUSDT,bid,2470,5379.045
2024-09-01 09:34:51,ETHUSDT,bid,2470,5379.667
2024-09-01 09:34:55,ETHUSDT,bid,2470,5395.667
2024-09-01 09:34:57,ETHUSDT,bid,2470,5379.667
2024-09-01 09:35:07,ETHUSDT,bid,2450,4156.924
2024-09-01 09:35:12,ETHUSDT,bid,2470,5377.533
2024-09-01 09:35:12,ETHUSDT,bid,2420,10128.728
2024-09-01 09:35:17,ETHUSDT,bid,2470,4106.508
2024-09-01 09:35:18,ETHUSDT,bid,2450,4156.842
2024-09-01 09:35:19,ETHUSDT,bid,2470,5422.096
2024-09-01 09:35:19,ETHUSDT,bid,2450,4156.286
2024-09-01 09:35:34,ETHUSDT,bid,2200,5070.555
2024-09-01 09:35:36,ETHUSDT,bid,2410,5083.82
2024-09-01 09:35:41,ETHUSDT,bid,2450,5393.375
2024-09-01 09:35:48,ETHUSDT,bid,2470,4106.497
2024-09-01 09:35:48,ETHUSDT,bid,2470,4106.465
2024-09-01 09:35:51,ETHUSDT,bid,2470,5421.085
2024-09-01 09:35:51,ETHUSDT,bid,2470,4106.543
2024-09-01 09:36:01,ETHUSDT,bid,2470,5421.487
2024-09-01 09:36:06,ETHUSDT,bid,2440,5271.805
2024-09-01 09:36:15,ETHUSDT,bid,2470,5421.085
2024-09-01 09:36:16,ETHUSDT,bid,2450,5389.936
2024-09-01 09:36:22,ETHUSDT,bid,2430,5456.228
2024-09-01 09:36:25,ETHUSDT,bid,2460,5372.627
2024-09-01 09:36:31,ETHUSDT,bid,2460,5371.127
2024-09-01 09:36:32,ETHUSDT,bid,2470,5437.085
2024-09-01 09:36:33,ETHUSDT,bid,2470,5421.085
2024-09-01 09:36:46,ETHUSDT,bid,2470,5416.085
2024-09-01 09:36:50,ETHUSDT,bid,2470,5416.485
2024-09-01 09:36:52,ETHUSDT,bid,2450,5389.927
2024-09-01 09:36:52,ETHUSDT,bid,2460,5371.118
2024-09-01 09:36:52,ETHUSDT,bid,2470,5416.476
2024-09-01 09:36:55,ETHUSDT,bid,2470,5416.726
2024-09-01 09:37:10,ETHUSDT,bid,2470,5418.342
2024-09-01 09:37:25,ETHUSDT,bid,2470,5428.342
2024-09-01 09:37:26,ETHUSDT,bid,2470,5418.342
2024-09-01 09:37:32,ETHUSDT,bid,2450,5397.273
2024-09-01 09:37:45,ETHUSDT,bid,2470,5406.342
2024-09-01 09:37:46,ETHUSDT,bid,2470,4106.035
2024-09-01 09:37:49,ETHUSDT,bid,2430,5450.361
2024-09-01 09:37:54,ETHUSDT,bid,2470,5407.342
2024-09-01 09:37:55,ETHUSDT,bid,2470,5409.012
2024-09-01 09:37:57,ETHUSDT,bid,2420,10129.14
2024-09-01 09:38:01,ETHUSDT,bid,2470,5409.342
2024-09-01 09:38:03,ETHUSDT,bid,2470,5409.383
2024-09-01 09:38:06,ETHUSDT,bid,2450,4156.408
2024-09-01 09:38:07,ETHUSDT,bid,2470,5409.342
2024-09-01 09:38:10,ETHUSDT,bid,2450,5396.856
2024-09-01 09:38:15,ETHUSDT,bid,2450,4155.408
2024-09-01 09:38:16,ETHUSDT,bid,2470,5409.06
2024-09-01 09:38:29,ETHUSDT,bid,2450,4155.799
2024-09-01 09:38:44,ETHUSDT,bid,2470,5408.06
2024-09-01 09:39:04,ETHUSDT,bid,2450,4155.677
2024-09-01 09:39:09,ETHUSDT,bid,2470,5407.438
2024-09-01 09:39:10,ETHUSDT,bid,2450,4157.712
2024-09-01 09:39:20,ETHUSDT,bid,2450,5405.769
2024-09-01 09:39:20,ETHUSDT,bid,2410,5083.829
2024-09-01 09:39:20,ETHUSDT,bid,2420,10129.149
2024-09-01 09:39:20,ETHUSDT,bid,2430,5450.37
2024-09-01 09:39:20,ETHUSDT,bid,2440,5271.814
2024-09-01 09:39:20,ETHUSDT,bid,2450,5405.778
2024-09-01 09:39:20,ETHUSDT,bid,2460,5371.127
2024-09-01 09:39:20,ETHUSDT,bid,2470,5407.447
2024-09-01 09:39:23,ETHUSDT,bid,2430,5448.37
2024-09-01 09:39:24,ETHUSDT,bid,2460,5371.074
2024-09-01 09:39:35,ETHUSDT,bid,2450,4154.455
2024-09-01 09:39:36,ETHUSDT,bid,2420,10129.19
2024-09-01 09:39:37,ETHUSDT,bid,2410,4163.271
2024-09-01 09:39:37,ETHUSDT,bid,2450,4154.464
2024-09-01 09:39:45,ETHUSDT,bid,2470,4105.957
2024-09-01 09:39:49,ETHUSDT,bid,2470,4106.055
2024-09-01 09:40:02,ETHUSDT,bid,2470,5407.947
2024-09-01 09:40:17,ETHUSDT,bid,2470,5397.947
2024-09-01 09:40:18,ETHUSDT,bid,2430,5448.35
2024-09-01 09:40:18,ETHUSDT,bid,2450,4152.341
2024-09-01 09:40:20,ETHUSDT,bid,2450,5396.865
2024-09-01 09:40:31,ETHUSDT,bid,2470,4112.055
2024-09-01 09:40:43,ETHUSDT,bid,2420,4393.29
2024-09-01 09:40:56,ETHUSDT,bid,2450,5393.445
2024-09-01 09:40:56,ETHUSDT,bid,2430,5447.673
2024-09-01 09:40:57,ETHUSDT,bid,2470,4114.055
2024-09-01 09:41:09,ETHUSDT,bid,2450,5396.015
2024-09-01 09:41:19,ETHUSDT,bid,2410,4163.365
2024-09-01 09:41:27,ETHUSDT,bid,2460,5367.475
2024-09-01 09:41:34,ETHUSDT,bid,2470,5396.331
2024-09-01 09:41:40,ETHUSDT,bid,2410,4163.641
2024-09-01 09:41:49,ETHUSDT,bid,2440,5275.168
2024-09-01 09:41:52,ETHUSDT,bid,2450,5397.903
2024-09-01 09:42:11,ETHUSDT,bid,2470,5396.481
2024-09-01 09:42:17,ETHUSDT,bid,2460,5363.382
2024-09-01 09:42:20,ETHUSDT,bid,2450,4154.663
2024-09-01 09:42:25,ETHUSDT,bid,2470,5396.521
2024-09-01 09:42:40,ETHUSDT,bid,2470,4114.199
2024-09-01 09:42:58,ETHUSDT,bid,2430,5447.867
2024-09-01 09:43:13,ETHUSDT,bid,2460,5363.518
2024-09-01 09:43:30,ETHUSDT,bid,2470,4129.347
2024-09-01 09:43:39,ETHUSDT,bid,2470,5396.925
2024-09-01 09:43:51,ETHUSDT,bid,2470,5396.521
2024-09-01 09:44:01,ETHUSDT,bid,2430,5491.724
2024-09-01 09:44:01,ETHUSDT,bid,2430,5497.648
2024-09-01 09:44:01,ETHUSDT,bid,2430,5512.495
2024-09-01 09:44:01,ETHUSDT,bid,2430,5512.618
2024-09-01 09:44:02,ETHUSDT,bid,2470,5396.661
2024-09-01 09:44:06,ETHUSDT,bid,2440,4113.528
2024-09-01 09:44:12,ETHUSDT,bid,2470,4254.704
2024-09-01 09:44:18,ETHUSDT,bid,2470,4169.347
2024-09-01 09:44:23,ETHUSDT,bid,2470,4129.347
2024-09-01 09:44:25,ETHUSDT,bid,2470,5398.57
2024-09-01 09:44:26,ETHUSDT,bid,2440,5275.568
2024-09-01 09:44:29,ETHUSDT,bid,2440,4114.345
2024-09-01 09:44:32,ETHUSDT,bid,2410,4177.444
2024-09-01 09:44:35,ETHUSDT,bid,2420,10129.149
2024-09-01 09:44:35,ETHUSDT,bid,2470,5400.023
2024-09-01 09:44:38,ETHUSDT,bid,2470,5400.04
2024-09-01 09:44:44,ETHUSDT,bid,2470,5420.212
2024-09-01 09:44:46,ETHUSDT,bid,2470,5430.212
2024-09-01 09:44:47,ETHUSDT,bid,2470,5430.333
2024-09-01 09:44:47,ETHUSDT,bid,2470,5430.342
2024-09-01 09:44:49,ETHUSDT,bid,2470,5430.333
2024-09-01 09:44:50,ETHUSDT,bid,2470,5430.233
2024-09-01 09:44:51,ETHUSDT,bid,2440,5246.939
2024-09-01 09:44:53,ETHUSDT,bid,2450,4157.917
2024-09-01 09:44:57,ETHUSDT,bid,2470,5408.152
2024-09-01 09:45:00,ETHUSDT,bid,2470,5408.141
2024-09-01 09:45:00,ETHUSDT,bid,2430,5499.246
2024-09-01 09:45:00,ETHUSDT,bid,2430,5466.422
2024-09-01 09:45:00,ETHUSDT,bid,2430,5451.535
2024-09-01 09:45:00,ETHUSDT,bid,2430,5450.548
2024-09-01 09:45:00,ETHUSDT,bid,2430,5447.99
2024-09-01 09:45:00,ETHUSDT,bid,2430,5447.867
2024-09-01 09:45:05,ETHUSDT,bid,2470,5408.661
2024-09-01 09:45:07,ETHUSDT,bid,2470,5408.924
2024-09-01 09:45:07,ETHUSDT,bid,2470,5407.736
2024-09-01 09:45:11,ETHUSDT,bid,2450,4153.341
2024-09-01 09:45:14,ETHUSDT,bid,2470,5407.473
2024-09-01 09:45:15,ETHUSDT,bid,2440,5267.388
2024-09-01 09:45:17,ETHUSDT,bid,2470,5405.973
2024-09-01 09:45:25,ETHUSDT,bid,2450,4156.413
2024-09-01 09:45:33,ETHUSDT,bid,2430,5450.515
2024-09-01 09:45:40,ETHUSDT,bid,2470,5415.973
2024-09-01 09:45:41,ETHUSDT,bid,2470,5405.973
2024-09-01 09:45:55,ETHUSDT,bid,2440,5285.765
2024-09-01 09:45:58,ETHUSDT,bid,2430,5456.725
2024-09-01 09:46:00,ETHUSDT,bid,2470,5422.089
2024-09-01 09:46:01,ETHUSDT,bid,2470,5405.973
2024-09-01 09:46:01,ETHUSDT,bid,2470,5404.531
2024-09-01 09:46:03,ETHUSDT,bid,2430,5506.725
2024-09-01 09:46:08,ETHUSDT,bid,2430,5506.425
2024-09-01 09:46:08,ETHUSDT,bid,2470,5404.691
2024-09-01 09:46:18,ETHUSDT,bid,2430,5501.425
2024-09-01 09:46:20,ETHUSDT,bid,2470,5400.146
2024-09-01 09:46:30,ETHUSDT,bid,2470,5400.306
2024-09-01 09:46:30,ETHUSDT,bid,2470,5400.289
2024-09-01 09:46:34,ETHUSDT,bid,2450,4157.666
2024-09-01 09:46:50,ETHUSDT,bid,2450,4157.178
2024-09-01 09:46:53,ETHUSDT,bid,2460,5368.588
2024-09-01 09:46:54,ETHUSDT,bid,2460,5268.588
2024-09-01 09:46:59,ETHUSDT,bid,2450,5367.903
2024-09-01 09:47:08,ETHUSDT,bid,2410,4177.521
2024-09-01 09:47:08,ETHUSDT,bid,2450,4157.254
2024-09-01 09:47:09,ETHUSDT,bid,2440,5283.721
2024-09-01 09:47:09,ETHUSDT,bid,2470,5398.269
2024-09-01 09:47:20,ETHUSDT,bid,2410,5114.426
2024-09-01 09:47:20,ETHUSDT,bid,2470,4119.347
2024-09-01 09:47:30,ETHUSDT,bid,2430,5502.36
2024-09-01 09:47:30,ETHUSDT,bid,2460,5267.664
2024-09-01 09:47:31,ETHUSDT,bid,2470,5423.685
2024-09-01 09:47:33,ETHUSDT,bid,2450,5368.611
2024-09-01 09:47:36,ETHUSDT,bid,2470,5413.685
2024-09-01 09:47:45,ETHUSDT,bid,2470,5422.299
2024-09-01 09:47:45,ETHUSDT,bid,2470,5421.987
2024-09-01 09:47:47,ETHUSDT,bid,2470,5396.571
2024-09-01 09:47:49,ETHUSDT,bid,2470,5398.013
2024-09-01 09:47:53,ETHUSDT,bid,2470,5391.348
2024-09-01 09:47:54,ETHUSDT,bid,2470,5411.604
2024-09-01 09:47:57,ETHUSDT,bid,2470,5409.655
2024-09-01 09:48:01,ETHUSDT,bid,2430,5503.539
2024-09-01 09:48:05,ETHUSDT,bid,2450,5378.611
2024-09-01 09:48:08,ETHUSDT,bid,2470,5409.495
2024-09-01 09:48:09,ETHUSDT,bid,2450,5380.855
2024-09-01 09:48:09,ETHUSDT,bid,2460,5265.429
2024-09-01 09:48:11,ETHUSDT,bid,2470,5389.079
2024-09-01 09:48:19,ETHUSDT,bid,2470,5387.637
2024-09-01 09:48:20,ETHUSDT,bid,2440,5283.702
2024-09-01 09:48:37,ETHUSDT,bid,2440,4114.529
2024-09-01 09:48:41,ETHUSDT,bid,2430,5502.987
2024-09-01 09:48:42,ETHUSDT,bid,2470,5388.648
2024-09-01 09:48:46,ETHUSDT,bid,2460,5260.359
2024-09-01 09:48:47,ETHUSDT,bid,2450,4156.863
2024-09-01 09:48:52,ETHUSDT,bid,2470,4119.333
2024-09-01 09:48:57,ETHUSDT,bid,2450,5370.855
2024-09-01 09:49:01,ETHUSDT,bid,2430,5500.934
2024-09-01 09:49:16,ETHUSDT,bid,2470,5388.153
2024-09-01 09:49:21,ETHUSDT,bid,2410,5114.326
2024-09-01 09:49:22,ETHUSDT,bid,2460,5270.359
2024-09-01 09:49:38,ETHUSDT,bid,2450,5368.819
2024-09-01 09:49:38,ETHUSDT,bid,2460,5268.331
2024-09-01 09:49:38,ETHUSDT,bid,2470,5386.133
2024-09-01 09:49:46,ETHUSDT,bid,2470,4113.273
2024-09-01 09:49:53,ETHUSDT,bid,2470,5389.133
2024-09-01 09:50:00,ETHUSDT,bid,2470,5405.206
2024-09-01 09:50:02,ETHUSDT,bid,2470,5389.133
2024-09-01 09:50:07,ETHUSDT,bid,2460,5278.331
2024-09-01 09:50:16,ETHUSDT,bid,2290,4372.581
2024-09-01 09:50:17,ETHUSDT,bid,2470,5391.033
2024-09-01 09:50:18,ETHUSDT,bid,2460,5277.926
2024-09-01 09:50:24,ETHUSDT,bid,2450,5382.729
2024-09-01 09:50:27,ETHUSDT,bid,2470,5389.133
2024-09-01 09:50:40,ETHUSDT,bid,2440,4114.538
2024-09-01 09:50:47,ETHUSDT,bid,2450,5382.021
2024-09-01 09:50:49,ETHUSDT,bid,2470,5389.145
2024-09-01 09:50:56,ETHUSDT,bid,2440,5265.325
2024-09-01 09:50:58,ETHUSDT,bid,2470,5389.133
2024-09-01 09:51:15,ETHUSDT,bid,2470,4113.283
2024-09-01 09:51:17,ETHUSDT,bid,2470,5405.133
2024-09-01 09:51:19,ETHUSDT,bid,2470,5389.133
2024-09-01 09:51:29,ETHUSDT,bid,2430,5498.286
2024-09-01 09:51:35,ETHUSDT,bid,2420,4393.281
2024-09-01 09:51:35,ETHUSDT,bid,2420,10129.14
2024-09-01 09:51:35,ETHUSDT,bid,2430,5498.277
2024-09-01 09:51:38,ETHUSDT,bid,2440,4119.538
2024-09-01 09:51:38,ETHUSDT,bid,2430,5499.277
2024-09-01 09:51:38,ETHUSDT,bid,2440,5265.938
2024-09-01 09:51:40,ETHUSDT,bid,2440,5266.551
2024-09-01 09:51:48,ETHUSDT,bid,2440,5265.938
2024-09-01 09:51:50,ETHUSDT,bid,2440,5266.939
2024-09-01 09:51:51,ETHUSDT,bid,2440,5266.326
2024-09-01 09:51:55,ETHUSDT,bid,2470,5389.34
2024-09-01 09:51:58,ETHUSDT,bid,2440,5265.325
2024-09-01 09:51:59,ETHUSDT,bid,2450,4157.664
2024-09-01 09:52:00,ETHUSDT,bid,2420,10132.952
2024-09-01 09:52:08,ETHUSDT,bid,2450,4158.465
2024-09-01 09:52:51,ETHUSDT,bid,2430,5497.719
2024-09-01 09:52:57,ETHUSDT,bid,2470,4113.273
2024-09-01 09:53:01,ETHUSDT,bid,2470,5389.598
2024-09-01 09:53:10,ETHUSDT,bid,2470,5392.214
2024-09-01 09:53:21,ETHUSDT,bid,2470,5389.598
2024-09-01 09:53:27,ETHUSDT,bid,2470,5391.098
2024-09-01 09:53:34,ETHUSDT,bid,2420,4134.123
2024-09-01 09:53:35,ETHUSDT,bid,2450,4155.211
2024-09-01 09:53:43,ETHUSDT,bid,2450,5368.111
2024-09-01 09:53:51,ETHUSDT,bid,2470,5391.068
2024-09-01 09:54:00,ETHUSDT,bid,2450,5363.111
2024-09-01 09:54:02,ETHUSDT,bid,2470,5407.068
2024-09-01 09:54:02,ETHUSDT,bid,2470,5391.068
2024-09-01 09:54:21,ETHUSDT,bid,2450,4153.341
2024-09-01 09:54:31,ETHUSDT,bid,2470,5390.456
2024-09-01 09:54:31,ETHUSDT,bid,2420,4132.079
2024-09-01 09:54:49,ETHUSDT,bid,2470,5395.456
2024-09-01 09:54:49,ETHUSDT,bid,2430,5498.082
2024-09-01 09:54:53,ETHUSDT,bid,2440,4118.721
2024-09-01 09:54:56,ETHUSDT,bid,2450,4165.211
2024-09-01 09:54:58,ETHUSDT,bid,2430,5497.719
2024-09-01 09:54:59,ETHUSDT,bid,2470,5397.041
2024-09-01 09:55:12,ETHUSDT,bid,2440,5270.325
2024-09-01 09:55:15,ETHUSDT,bid,2450,5365.126
2024-09-01 09:55:15,ETHUSDT,bid,2440,5270.316
2024-09-01 09:55:16,ETHUSDT,bid,2430,5498.173
2024-09-01 09:55:17,ETHUSDT,bid,2430,5498.164
2024-09-01 09:55:19,ETHUSDT,bid,2460,5773.809
2024-09-01 09:55:22,ETHUSDT,bid,2450,5370.126
2024-09-01 09:55:22,ETHUSDT,bid,2420,10132.943
2024-09-01 09:55:23,ETHUSDT,bid,2430,5497.71
2024-09-01 09:55:25,ETHUSDT,bid,2410,5114.317
2024-09-01 09:55:32,ETHUSDT,bid,2420,10141.673
2024-09-01 09:55:33,ETHUSDT,bid,2470,5396.25
2024-09-01 09:56:07,ETHUSDT,bid,2440,5270.479
2024-09-01 09:56:14,ETHUSDT,bid,2440,5269.64
2024-09-01 09:56:29,ETHUSDT,bid,2430,5498.073
2024-09-01 09:56:52,ETHUSDT,bid,2430,5497.71
2024-09-01 09:56:56,ETHUSDT,bid,2460,5775.486
2024-09-01 09:57:15,ETHUSDT,bid,2430,5497.982
2024-09-01 09:57:22,ETHUSDT,bid,2470,5396.043
2024-09-01 09:57:34,ETHUSDT,bid,2470,5396.123
2024-09-01 09:58:13,ETHUSDT,bid,2440,4118.712
2024-09-01 09:58:28,ETHUSDT,bid,2450,5369.903
2024-09-01 09:58:37,ETHUSDT,bid,2470,5395.91
2024-09-01 09:58:40,ETHUSDT,bid,2430,5498.482
2024-09-01 09:58:49,ETHUSDT,bid,2470,5396.112
2024-09-01 09:59:00,ETHUSDT,bid,2430,5498.174
2024-09-01 09:59:06,ETHUSDT,bid,2450,4152.937
2024-09-01 09:59:12,ETHUSDT,bid,2470,5396.152
2024-09-01 09:59:13,ETHUSDT,bid,2450,5369.96
2024-09-01 09:59:14,ETHUSDT,bid,2450,5367.945
2024-09-01 09:59:16,ETHUSDT,bid,2450,4152.947
2024-09-01 09:59:21,ETHUSDT,bid,2470,5395.894
2024-09-01 09:59:22,ETHUSDT,bid,2460,5775.526
2024-09-01 09:59:27,ETHUSDT,bid,2470,5395.644
2024-09-01 09:59:35,ETHUSDT,bid,2450,5367.985
2024-09-01 09:59:37,ETHUSDT,bid,2440,5249.64
2024-09-01 09:59:37,ETHUSDT,bid,2450,5347.985
2024-09-01 09:59:39,ETHUSDT,bid,2460,5755.526
2024-09-01 09:59:46,ETHUSDT,bid,2440,5249.68
2024-09-01 09:59:57,ETHUSDT,bid,2430,5498.194
2024-09-01 09:59:58,ETHUSDT,bid,2430,5498.235
2024-09-01 10:00:04,ETHUSDT,bid,2450,4155.211
2024-09-01 10:00:09,ETHUSDT,bid,2470,5395.685
2024-09-01 10:00:09,ETHUSDT,bid,2420,10141.714
2024-09-01 10:00:10,ETHUSDT,bid,2470,5395.644
2024-09-01 10:00:21,ETHUSDT,bid,2410,5114.358
2024-09-01 10:00:25,ETHUSDT,bid,2430,5496.206
2024-09-01 10:00:53,ETHUSDT,bid,2470,5396.144
2024-09-01 10:01:03,ETHUSDT,bid,2430,5496.822
2024-09-01 10:01:13,ETHUSDT,bid,2450,5348.392
2024-09-01 10:02:03,ETHUSDT,bid,2460,5752.561
2024-09-01 10:02:05,ETHUSDT,bid,2470,5467.347
2024-09-01 10:02:21,ETHUSDT,bid,2470,5466.713
2024-09-01 10:02:27,ETHUSDT,bid,2460,5742.561
2024-09-01 10:02:30,ETHUSDT,bid,2450,5349.42
2024-09-01 10:02:35,ETHUSDT,bid,2470,5395.51
2024-09-01 10:03:00,ETHUSDT,bid,2470,4098.125
2024-09-01 10:03:05,ETHUSDT,bid,2470,5405.51
2024-09-01 10:03:11,ETHUSDT,bid,2470,5405.437
2024-09-01 10:03:20,ETHUSDT,bid,2430,5496.845
2024-09-01 10:03:32,ETHUSDT,bid,2460,5742.607
2024-09-01 10:03:47,ETHUSDT,bid,2450,4153.197
2024-09-01 10:03:50,ETHUSDT,bid,2430,5496.745
2024-09-01 10:03:52,ETHUSDT,bid,2470,4098.327
2024-09-01 10:04:06,ETHUSDT,bid,2470,4098.336
2024-09-01 10:04:14,ETHUSDT,bid,1960,5204.597
2024-09-01 10:05:16,ETHUSDT,bid,2430,5496.581
2024-09-01 10:05:20,ETHUSDT,bid,2470,5409.477
2024-09-01 10:05:22,ETHUSDT,bid,2470,5410.477
2024-09-01 10:05:32,ETHUSDT,bid,2430,5497.102
2024-09-01 10:05:33,ETHUSDT,bid,2470,5409.965
2024-09-01 10:05:39,ETHUSDT,bid,2450,4171.373
2024-09-01 10:05:39,ETHUSDT,bid,2450,5367.722
2024-09-01 10:06:00,ETHUSDT,bid,2450,4153.197
2024-09-01 10:06:20,ETHUSDT,bid,2470,5409.975
2024-09-01 10:06:35,ETHUSDT,bid,2450,5362.722
2024-09-01 10:07:20,ETHUSDT,bid,2450,4154.41
2024-09-01 10:07:23,ETHUSDT,bid,2420,10141.074
2024-09-01 10:07:23,ETHUSDT,bid,2430,5497.739
2024-09-01 10:07:26,ETHUSDT,bid,2470,4098.366
2024-09-01 10:07:29,ETHUSDT,bid,2450,4153.609
2024-09-01 10:07:39,ETHUSDT,bid,2450,5361.922
2024-09-01 10:07:44,ETHUSDT,bid,2470,5365.412
2024-09-01 10:07:50,ETHUSDT,bid,2420,10140.917
2024-09-01 10:08:00,ETHUSDT,bid,2410,4163.718
2024-09-01 10:08:01,ETHUSDT,bid,2460,5739.232
2024-09-01 10:08:13,ETHUSDT,bid,2450,4153.809
2024-09-01 10:08:20,ETHUSDT,bid,2450,4224.69
2024-09-01 10:08:44,ETHUSDT,bid,2450,4153.197
2024-09-01 10:08:44,ETHUSDT,bid,2460,5745.263
2024-09-01 10:09:15,ETHUSDT,bid,2200,5070.6
2024-09-01 10:09:34,ETHUSDT,bid,2460,5739.232
2024-09-01 10:10:03,ETHUSDT,bid,2450,5343.62
2024-09-01 10:10:24,ETHUSDT,bid,2430,5498.739
2024-09-01 10:10:48,ETHUSDT,bid,2470,4099.866
2024-09-01 10:10:54,ETHUSDT,bid,2470,4098.366
2024-09-01 10:10:54,ETHUSDT,bid,2450,5331.343
2024-09-01 10:11:06,ETHUSDT,bid,2460,5737.632
2024-09-01 10:11:14,ETHUSDT,bid,2470,5365.39
2024-09-01 10:12:16,ETHUSDT,bid,2470,5365.404
2024-09-01 10:12:30,ETHUSDT,bid,2460,5736.618
2024-09-01 10:12:36,ETHUSDT,bid,2470,5365.422
2024-09-01 10:12:37,ETHUSDT,bid,2470,5363.922
2024-09-01 10:12:45,ETHUSDT,bid,2430,5498.643
2024-09-01 10:13:00,ETHUSDT,bid,2420,10145.063
2024-09-01 10:13:36,ETHUSDT,bid,2440,4118.699
2024-09-01 10:14:06,ETHUSDT,bid,2420,10146.485
2024-09-01 10:14:14,ETHUSDT,bid,2470,5364.697
2024-09-01 10:14:50,ETHUSDT,bid,2470,5361.657
2024-09-01 10:14:51,ETHUSDT,bid,2450,4154.015
2024-09-01 10:15:00,ETHUSDT,bid,2430,5499.463
2024-09-01 10:15:01,ETHUSDT,bid,2440,5250.427
2024-09-01 10:15:11,ETHUSDT,bid,2450,5329.099
2024-09-01 10:15:13,ETHUSDT,bid,2430,5498.284
2024-09-01 10:15:20,ETHUSDT,bid,2470,5366.657
2024-09-01 10:15:38,ETHUSDT,bid,2450,4153.815
2024-09-01 10:15:51,ETHUSDT,bid,2470,5361.657
2024-09-01 10:16:34,ETHUSDT,bid,2460,5733.188
2024-09-01 10:16:35,ETHUSDT,bid,2430,5497.464
2024-09-01 10:17:14,ETHUSDT,bid,2450,5329.878
2024-09-01 10:17:20,ETHUSDT,bid,2440,5249.814
2024-09-01 10:17:29,ETHUSDT,bid,2430,5497.361
2024-09-01 10:17:37,ETHUSDT,bid,2460,5750.57
2024-09-01 10:17:39,ETHUSDT,bid,2450,4153.847
2024-09-01 10:17:40,ETHUSDT,bid,2450,4155.863
2024-09-01 10:17:45,ETHUSDT,bid,2470,5361.983
2024-09-01 10:18:43,ETHUSDT,bid,2470,5362.068
2024-09-01 10:19:03,ETHUSDT,bid,2460,5746.018
2024-09-01 10:19:07,ETHUSDT,bid,2410,5109.358
2024-09-01 10:19:18,ETHUSDT,bid,2460,5745.736
2024-09-01 10:19:37,ETHUSDT,bid,2440,5245.814
2024-09-01 10:19:41,ETHUSDT,bid,2470,5362.098
2024-09-01 10:19:48,ETHUSDT,bid,2450,4145.863
2024-09-01 10:19:50,ETHUSDT,bid,2410,4163.511
2024-09-01 10:19:54,ETHUSDT,bid,2470,5362.398
2024-09-01 10:19:54,ETHUSDT,bid,2460,5755.736
2024-09-01 10:20:09,ETHUSDT,bid,2470,5362.368
2024-09-01 10:21:08,ETHUSDT,bid,2430,5505.574
2024-09-01 10:21:33,ETHUSDT,bid,2450,5328.759
2024-09-01 10:21:49,ETHUSDT,bid,2450,5333.759
2024-09-01 10:21:50,ETHUSDT,bid,2430,5507.627
2024-09-01 10:22:09,ETHUSDT,bid,2450,5334.706
2024-09-01 10:22:09,ETHUSDT,bid,2470,5361.428
2024-09-01 10:22:16,ETHUSDT,bid,2470,5358.428
2024-09-01 10:22:31,ETHUSDT,bid,2460,5755.736
2024-09-01 10:22:57,ETHUSDT,bid,2460,5756.474
2024-09-01 10:23:07,ETHUSDT,bid,2450,4165.315
2024-09-01 10:23:13,ETHUSDT,bid,2440,5246.25
2024-09-01 10:23:14,ETHUSDT,bid,2450,5333.759
2024-09-01 10:23:14,ETHUSDT,bid,2470,5359.367
2024-09-01 10:23:16,ETHUSDT,bid,2440,5246.308
2024-09-01 10:23:20,ETHUSDT,bid,2450,4144.967
2024-09-01 10:24:20,ETHUSDT,bid,2450,5334.282
2024-09-01 10:24:38,ETHUSDT,bid,2420,10145.485
2024-09-01 10:25:13,ETHUSDT,bid,2430,5507.685
2024-09-01 10:25:20,ETHUSDT,bid,2450,5333.759
2024-09-01 10:25:38,ETHUSDT,bid,2470,4097.878
2024-09-01 10:25:45,ETHUSDT,bid,2410,5110.151
2024-09-01 10:25:48,ETHUSDT,bid,2460,5761.053
2024-09-01 10:25:51,ETHUSDT,bid,2470,5357.697
2024-09-01 10:26:19,ETHUSDT,bid,2460,5762.053
2024-09-01 10:26:20,ETHUSDT,bid,2450,4145.49
2024-09-01 10:26:21,ETHUSDT,bid,2440,4121.267
2024-09-01 10:26:37,ETHUSDT,bid,2470,5360.906
2024-09-01 10:26:56,ETHUSDT,bid,2420,4394.281
2024-09-01 10:27:20,ETHUSDT,bid,2450,4144.967
2024-09-01 10:27:27,ETHUSDT,bid,2470,5361.006
2024-09-01 10:27:32,ETHUSDT,bid,2420,10145.473
2024-09-01 10:28:17,ETHUSDT,bid,2470,5361.051
2024-09-01 10:28:39,ETHUSDT,bid,2470,5361.091
2024-09-01 10:28:49,ETHUSDT,bid,2450,5333.352
2024-09-01 10:28:51,ETHUSDT,bid,2470,5361.391
2024-09-01 10:29:08,ETHUSDT,bid,2470,5361.439
2024-09-01 10:29:38,ETHUSDT,bid,2450,5333.402
2024-09-01 10:29:48,ETHUSDT,bid,2440,5247.53
2024-09-01 10:29:55,ETHUSDT,bid,2420,4393.281
2024-09-01 10:31:09,ETHUSDT,bid,2430,5505.685
2024-09-01 10:33:29,ETHUSDT,bid,2470,5360.025
2024-09-01 10:33:29,ETHUSDT,bid,2470,5360.663
2024-09-01 10:33:38,ETHUSDT,bid,2460,5760.025
2024-09-01 10:33:43,ETHUSDT,bid,2450,4145.167
2024-09-01 10:34:21,ETHUSDT,bid,2430,5508.685
2024-09-01 10:34:26,ETHUSDT,bid,2420,4394.081
2024-09-01 10:34:26,ETHUSDT,bid,2430,5505.685
2024-09-01 10:34:26,ETHUSDT,bid,2470,5357.454
2024-09-01 10:34:41,ETHUSDT,bid,2420,4393.281
2024-09-01 10:34:56,ETHUSDT,bid,2410,5110.168
2024-09-01 10:34:57,ETHUSDT,bid,2410,5110.185
2024-09-01 10:35:07,ETHUSDT,bid,2410,5110.151
2024-09-01 10:35:08,ETHUSDT,bid,2410,5110.185
2024-09-01 10:35:08,ETHUSDT,bid,2410,5110.309
2024-09-01 10:35:18,ETHUSDT,bid,2410,5110.275
2024-09-01 10:35:20,ETHUSDT,bid,2470,5357.554
2024-09-01 10:35:39,ETHUSDT,bid,2470,5358.054
2024-09-01 10:35:39,ETHUSDT,bid,2430,5508.685
2024-09-01 10:35:45,ETHUSDT,bid,2430,5505.685
2024-09-01 10:35:48,ETHUSDT,bid,2460,5755.446
2024-09-01 10:36:01,ETHUSDT,bid,2450,4171.803
2024-09-01 10:36:01,ETHUSDT,bid,2450,4178.919
2024-09-01 10:36:01,ETHUSDT,bid,2450,4181.792
2024-09-01 10:36:01,ETHUSDT,bid,2450,4184.266
2024-09-01 10:36:01,ETHUSDT,bid,2450,4184.325
2024-09-01 10:36:08,ETHUSDT,bid,2410,5110.151
2024-09-01 10:36:25,ETHUSDT,bid,2450,4145.148
2024-09-01 10:37:00,ETHUSDT,bid,2450,4177.088
2024-09-01 10:37:00,ETHUSDT,bid,2450,4176.61
2024-09-01 10:37:00,ETHUSDT,bid,2450,4171.862
2024-09-01 10:37:00,ETHUSDT,bid,2450,4165.374
2024-09-01 10:37:00,ETHUSDT,bid,2450,4165.315
2024-09-01 10:37:13,ETHUSDT,bid,2450,4165.943
2024-09-01 10:37:36,ETHUSDT,bid,2470,5358.104
2024-09-01 10:37:53,ETHUSDT,bid,2450,4174.094
2024-09-01 10:38:16,ETHUSDT,bid,2440,5261.146
2024-09-01 10:38:18,ETHUSDT,bid,2420,10144.051
2024-09-01 10:38:23,ETHUSDT,bid,2440,5261.279
2024-09-01 10:38:38,ETHUSDT,bid,2440,5262.337
2024-09-01 10:38:52,ETHUSDT,bid,2420,10139.905
2024-09-01 10:39:12,ETHUSDT,bid,2440,5266.449
2024-09-01 10:39:16,ETHUSDT,bid,2410,5110.275
2024-09-01 10:39:29,ETHUSDT,bid,2470,5361.616
2024-09-01 10:39:33,ETHUSDT,bid,2350,4487.102
2024-09-01 10:40:17,ETHUSDT,bid,2410,5110.151
2024-09-01 10:41:18,ETHUSDT,bid,2440,5266.286
2024-09-01 10:41:23,ETHUSDT,bid,2470,5361.725
2024-09-01 10:41:25,ETHUSDT,bid,2450,4161.976
2024-09-01 10:42:03,ETHUSDT,bid,2470,5361.785
2024-09-01 10:42:07,ETHUSDT,bid,2470,5361.676
2024-09-01 10:42:08,ETHUSDT,bid,2470,5361.091
2024-09-01 10:42:15,ETHUSDT,bid,2350,4487.821
2024-09-01 10:42:30,ETHUSDT,bid,2470,5401.221
2024-09-01 10:42:31,ETHUSDT,bid,2470,5402.721
2024-09-01 10:42:39,ETHUSDT,bid,2470,5402.761
2024-09-01 10:42:43,ETHUSDT,bid,2450,4166.976
2024-09-01 10:42:53,ETHUSDT,bid,2450,4158.825
2024-09-01 10:43:10,ETHUSDT,bid,2470,5402.861
2024-09-01 10:43:10,ETHUSDT,bid,2470,5402.971
2024-09-01 10:43:20,ETHUSDT,bid,2470,5362.841
2024-09-01 10:43:26,ETHUSDT,bid,2450,5328.402
2024-09-01 10:43:35,ETHUSDT,bid,2450,5328.803
2024-09-01 10:44:58,ETHUSDT,bid,2450,4150.148
2024-09-01 10:45:13,ETHUSDT,bid,2420,10140.18
2024-09-01 10:45:46,ETHUSDT,bid,2410,4163.434
2024-09-01 10:45:46,ETHUSDT,bid,2450,4150.072
2024-09-01 10:45:48,ETHUSDT,bid,2460,5757.02
2024-09-01 10:47:04,ETHUSDT,bid,2460,5759.03
2024-09-01 10:47:17,ETHUSDT,bid,2410,5110.06
2024-09-01 10:47:24,ETHUSDT,bid,2450,4143.072
2024-09-01 10:47:25,ETHUSDT,bid,2470,5362.832
2024-09-01 10:48:11,ETHUSDT,bid,2470,5361.832
2024-09-01 10:48:21,ETHUSDT,bid,2470,5361.207
2024-09-01 10:49:08,ETHUSDT,bid,2450,5330.894
2024-09-01 10:49:08,ETHUSDT,bid,2460,5756.939
2024-09-01 10:49:12,ETHUSDT,bid,2430,5508.685
2024-09-01 10:49:17,ETHUSDT,bid,2430,5505.685
2024-09-01 10:49:31,ETHUSDT,bid,2460,5757.04
2024-09-01 10:49:35,ETHUSDT,bid,2470,5360.875
2024-09-01 10:50:13,ETHUSDT,bid,2450,4164.884
2024-09-01 10:51:17,ETHUSDT,bid,2440,4116.267
2024-09-01 10:52:02,ETHUSDT,bid,2470,5360.1
2024-09-01 10:52:34,ETHUSDT,bid,2420,10140.262
2024-09-01 10:52:47,ETHUSDT,bid,2470,5370.1
2024-09-01 10:53:18,ETHUSDT,bid,2470,5370.018
2024-09-01 10:53:31,ETHUSDT,bid,2430,5519.357
2024-09-01 10:53:43,ETHUSDT,bid,2440,5284.663
2024-09-01 10:54:06,ETHUSDT,bid,2440,5303.04
2024-09-01 10:54:20,ETHUSDT,bid,2450,4245.264
2024-09-01 10:54:30,ETHUSDT,bid,2410,5120.06
2024-09-01 10:54:32,ETHUSDT,bid,2440,5321.417
2024-09-01 10:54:44,ETHUSDT,bid,2450,5331.894
2024-09-01 10:55:00,ETHUSDT,bid,2450,4143.072
2024-09-01 10:55:06,ETHUSDT,bid,2450,4141.056
2024-09-01 10:55:07,ETHUSDT,bid,2440,5323.417
2024-09-01 10:55:20,ETHUSDT,bid,2450,5327.825
2024-09-01 10:55:25,ETHUSDT,bid,2450,4165.384
2024-09-01 10:56:42,ETHUSDT,bid,2420,10139.987
2024-09-01 10:56:44,ETHUSDT,bid,2470,5372.037
2024-09-01 10:56:54,ETHUSDT,bid,2470,5372.117
2024-09-01 10:56:59,ETHUSDT,bid,2460,5755.377
2024-09-01 10:57:09,ETHUSDT,bid,2430,5537.812
2024-09-01 10:57:11,ETHUSDT,bid,2460,5762.479
2024-09-01 10:57:13,ETHUSDT,bid,2430,5556.267
2024-09-01 10:57:38,ETHUSDT,ask,2490,5517.747
2024-09-01 10:57:38,ETHUSDT,ask,2490,5516.586
2024-09-01 10:57:38,ETHUSDT,ask,2490,5516.546
2024-09-01 10:57:39,ETHUSDT,ask,2490,5516.546
2024-09-01 10:57:43,ETHUSDT,ask,2490,5515.584
2024-09-01 10:57:44,ETHUSDT,ask,2490,5515.444
2024-09-01 10:57:50,ETHUSDT,bid,2450,4139.913
2024-09-01 10:57:56,ETHUSDT,bid,2440,5305.04
2024-09-01 10:57:56,ETHUSDT,bid,2450,5325.734
2024-09-01 10:58:00,ETHUSDT,ask,2490,5555.203
2024-09-01 10:58:07,ETHUSDT,ask,2490,5567.093
2024-09-01 10:58:13,ETHUSDT,bid,2450,4165.058
2024-09-01 10:58:20,ETHUSDT,ask,2490,5567.234
