2024-09-12 18:41:07,BTCUSD_PERP,bid,47000,2437.3
2024-09-12 18:47:18,BTCUSD_PERP,bid,47000,2437.52
2024-09-12 19:00:32,BTCUSD_PERP,bid,47000,2437.38
2024-09-12 19:03:51,BTCUSD_PERP,ask,58700,513.0
2024-09-12 19:03:53,BTCUSD_PERP,ask,58700,532.35
2024-09-12 19:03:55,BTCUSD_PERP,ask,58700,541.73
2024-09-12 19:03:57,BTCUSD_PERP,ask,58700,551.11
2024-09-12 19:04:27,BTCUSD_PERP,ask,58700,541.73
2024-09-12 19:04:28,BTCUSD_PERP,ask,58700,532.35
2024-09-12 19:04:30,BTCUSD_PERP,ask,58700,523.26
2024-09-12 19:04:40,BTCUSD_PERP,ask,58700,513.88
2024-09-12 19:36:56,BTCUSD_PERP,bid,57300,621.91
2024-09-12 19:36:56,BTCUSD_PERP,bid,57300,678.72
2024-09-12 19:37:09,BTCUSD_PERP,bid,57300,792.21
2024-09-12 19:37:09,BTCUSD_PERP,bid,57300,848.99
2024-09-12 19:37:09,BTCUSD_PERP,bid,57300,792.79
2024-09-12 19:39:07,BTCUSD_PERP,bid,57200,564.97
2024-09-12 19:39:07,BTCUSD_PERP,bid,57200,621.64
2024-09-12 19:39:35,BTCUSD_PERP,bid,57200,621.52
2024-09-12 19:40:22,BTCUSD_PERP,bid,57200,564.85
2024-09-12 19:42:33,BTCUSD_PERP,bid,57200,621.67
2024-09-12 19:42:33,BTCUSD_PERP,bid,57200,678.35
2024-09-12 19:42:39,BTCUSD_PERP,bid,57200,621.67
2024-09-12 19:42:39,BTCUSD_PERP,bid,57200,564.99
2024-09-12 19:45:40,BTCUSD_PERP,bid,57300,564.6
2024-09-12 19:45:40,BTCUSD_PERP,bid,57300,620.77
2024-09-12 19:45:40,BTCUSD_PERP,bid,57300,734.27
2024-09-12 19:47:10,BTCUSD_PERP,bid,57200,733.82
2024-09-12 19:47:16,BTCUSD_PERP,bid,57200,677.69
2024-09-12 19:47:16,BTCUSD_PERP,bid,57200,564.25
2024-09-12 19:47:18,BTCUSD_PERP,bid,57200,564.58
2024-09-12 19:47:18,BTCUSD_PERP,bid,57200,790.18
2024-09-12 19:47:18,BTCUSD_PERP,bid,57200,846.29
2024-09-12 19:47:36,BTCUSD_PERP,bid,57200,790.18
2024-09-12 19:47:36,BTCUSD_PERP,bid,57200,733.49
2024-09-12 19:47:36,BTCUSD_PERP,bid,57200,620.69
2024-09-12 19:47:36,BTCUSD_PERP,bid,57200,564.28
2024-09-12 19:48:19,BTCUSD_PERP,bid,57200,620.04
2024-09-12 19:51:37,BTCUSD_PERP,bid,57200,565.26
2024-09-12 19:51:47,BTCUSD_PERP,bid,57200,621.63
2024-09-12 19:51:52,BTCUSD_PERP,bid,57200,564.96
2024-09-12 19:52:49,BTCUSD_PERP,bid,57200,621.43
2024-09-12 19:53:59,BTCUSD_PERP,bid,57200,564.86
2024-09-12 19:56:21,BTCUSD_PERP,bid,57100,550.01
2024-09-12 19:57:17,BTCUSD_PERP,bid,57100,563.88
2024-09-12 19:57:17,BTCUSD_PERP,bid,57100,620.5
2024-09-12 20:00:37,BTCUSD_PERP,bid,57100,563.88
2024-09-12 20:00:38,BTCUSD_PERP,bid,57100,563.58
2024-09-12 20:00:38,BTCUSD_PERP,bid,57100,619.59
2024-09-12 20:00:38,BTCUSD_PERP,bid,57100,676.18
2024-09-12 20:00:38,BTCUSD_PERP,bid,57100,901.38
2024-09-12 20:00:47,BTCUSD_PERP,bid,57100,900.8
2024-09-12 20:00:47,BTCUSD_PERP,bid,57100,957.36
2024-09-12 20:01:00,BTCUSD_PERP,bid,57100,788.1
2024-09-12 20:01:00,BTCUSD_PERP,bid,57100,844.69
2024-09-12 20:01:31,BTCUSD_PERP,bid,57100,957.29
2024-09-12 20:01:31,BTCUSD_PERP,bid,57100,1013.88
2024-09-12 20:02:34,BTCUSD_PERP,bid,57100,957.29
2024-09-12 20:02:34,BTCUSD_PERP,bid,57100,901.28
2024-09-12 20:02:34,BTCUSD_PERP,bid,57100,844.69
2024-09-12 20:02:34,BTCUSD_PERP,bid,57100,732.09
2024-09-12 20:02:34,BTCUSD_PERP,bid,57100,675.5
2024-09-12 20:02:34,BTCUSD_PERP,bid,57100,619.49
2024-09-12 20:02:35,BTCUSD_PERP,bid,57100,563.48
2024-09-12 20:18:49,BTCUSD_PERP,bid,57100,563.35
2024-09-12 20:18:59,BTCUSD_PERP,bid,57100,577.06
2024-09-12 20:19:00,BTCUSD_PERP,bid,57100,579.11
2024-09-12 20:19:59,BTCUSD_PERP,bid,57100,565.4
2024-09-12 20:20:02,BTCUSD_PERP,bid,57100,563.35
2024-09-12 20:31:19,BTCUSD_PERP,bid,57100,564.76
2024-09-12 20:31:19,BTCUSD_PERP,bid,57100,620.78
2024-09-12 20:31:19,BTCUSD_PERP,bid,57100,677.38
2024-09-12 20:31:48,BTCUSD_PERP,bid,57100,620.78
2024-09-12 20:31:49,BTCUSD_PERP,bid,57100,564.18
2024-09-12 20:32:22,BTCUSD_PERP,bid,57300,564.93
2024-09-12 20:32:22,BTCUSD_PERP,bid,57300,621.66
2024-09-12 20:32:33,BTCUSD_PERP,bid,57300,621.79
2024-09-12 20:32:35,BTCUSD_PERP,bid,57300,565.63
2024-09-12 20:32:35,BTCUSD_PERP,bid,57200,565.77
2024-09-12 20:32:55,BTCUSD_PERP,bid,57200,747.37
2024-09-12 20:32:55,BTCUSD_PERP,bid,57200,804.04
2024-09-12 20:33:05,BTCUSD_PERP,bid,57200,747.94
2024-09-12 20:33:06,BTCUSD_PERP,bid,57200,691.27
2024-09-12 20:33:06,BTCUSD_PERP,bid,57200,635.17
2024-09-12 20:33:14,BTCUSD_PERP,bid,57200,621.67
2024-09-12 20:33:19,BTCUSD_PERP,bid,57200,621.47
2024-09-12 20:33:28,BTCUSD_PERP,bid,57200,565.39
2024-09-12 20:33:37,BTCUSD_PERP,bid,57200,564.76
2024-09-12 20:34:30,BTCUSD_PERP,bid,57300,523.88
2024-09-12 20:34:30,BTCUSD_PERP,bid,57300,580.06
2024-09-12 20:34:50,BTCUSD_PERP,bid,57300,565.58
2024-09-12 20:36:10,BTCUSD_PERP,bid,57200,564.37
2024-09-12 20:36:10,BTCUSD_PERP,bid,57200,861.4
2024-09-12 20:36:10,BTCUSD_PERP,bid,57200,918.08
2024-09-12 20:36:16,BTCUSD_PERP,bid,57200,846.17
2024-09-12 20:36:17,BTCUSD_PERP,bid,57200,902.82
2024-09-12 20:36:33,BTCUSD_PERP,bid,57200,790.1
2024-09-12 20:36:33,BTCUSD_PERP,bid,57200,733.45
2024-09-12 20:36:33,BTCUSD_PERP,bid,57200,620.73
2024-09-12 20:36:34,BTCUSD_PERP,bid,57200,564.52
2024-09-12 20:36:34,BTCUSD_PERP,bid,57200,677.9
2024-09-12 20:36:34,BTCUSD_PERP,bid,57200,734.59
2024-09-12 20:36:43,BTCUSD_PERP,bid,57200,678.47
2024-09-12 20:36:43,BTCUSD_PERP,bid,57200,621.87
2024-09-12 20:39:11,BTCUSD_PERP,bid,57300,622.3
2024-09-12 20:39:11,BTCUSD_PERP,bid,57300,679.04
2024-09-12 20:39:17,BTCUSD_PERP,bid,57200,565.84
2024-09-12 20:42:12,BTCUSD_PERP,bid,57200,564.43
2024-09-12 20:42:12,BTCUSD_PERP,bid,57200,621.11
2024-09-12 20:42:12,BTCUSD_PERP,bid,57200,733.9
2024-09-12 20:42:12,BTCUSD_PERP,bid,57200,847.26
2024-09-12 20:42:12,BTCUSD_PERP,bid,57200,903.36
2024-09-12 20:42:14,BTCUSD_PERP,bid,57200,1016.15
2024-09-12 20:42:14,BTCUSD_PERP,bid,57200,1072.83
2024-09-12 20:43:08,BTCUSD_PERP,bid,57200,903.37
2024-09-12 20:43:08,BTCUSD_PERP,bid,57200,846.69
2024-09-12 20:43:08,BTCUSD_PERP,bid,57200,733.43
2024-09-12 20:43:08,BTCUSD_PERP,bid,57200,620.07
2024-09-12 20:43:09,BTCUSD_PERP,bid,57200,563.96
2024-09-12 20:43:09,BTCUSD_PERP,bid,57200,565.26
2024-09-12 20:43:09,BTCUSD_PERP,bid,57200,677.42
2024-09-12 20:43:10,BTCUSD_PERP,bid,57200,733.5
2024-09-12 20:43:10,BTCUSD_PERP,bid,57200,902.31
2024-09-12 20:43:10,BTCUSD_PERP,bid,57200,958.96
2024-09-12 20:43:10,BTCUSD_PERP,bid,57200,1015.61
2024-09-12 20:43:10,BTCUSD_PERP,bid,57200,1072.26
2024-09-12 20:45:34,BTCUSD_PERP,bid,57100,1015.07
2024-09-12 20:45:34,BTCUSD_PERP,bid,57100,1071.69
2024-09-12 20:46:05,BTCUSD_PERP,bid,57100,563.83
2024-09-12 20:46:13,BTCUSD_PERP,bid,57100,563.29
2024-09-12 20:46:17,BTCUSD_PERP,bid,57000,562.23
2024-09-12 20:46:18,BTCUSD_PERP,bid,57000,618.69
2024-09-12 20:46:20,BTCUSD_PERP,bid,57000,562.58
2024-09-12 20:46:20,BTCUSD_PERP,bid,57000,618.5
2024-09-12 20:46:20,BTCUSD_PERP,bid,57000,675.0
2024-09-12 20:46:21,BTCUSD_PERP,bid,57000,731.5
2024-09-12 20:46:21,BTCUSD_PERP,bid,57000,788.0
2024-09-12 20:46:21,BTCUSD_PERP,bid,57000,788.13
2024-09-12 20:46:21,BTCUSD_PERP,bid,57000,844.63
2024-09-12 20:46:35,BTCUSD_PERP,bid,57000,787.59
2024-09-12 20:46:35,BTCUSD_PERP,bid,57000,844.06
2024-09-12 20:46:54,BTCUSD_PERP,bid,57000,562.87
2024-09-12 20:46:54,BTCUSD_PERP,bid,57000,618.76
2024-09-12 20:48:38,BTCUSD_PERP,bid,56800,729.78
2024-09-12 20:48:38,BTCUSD_PERP,bid,56800,786.1
2024-09-12 20:48:38,BTCUSD_PERP,bid,56800,842.42
2024-09-12 20:49:14,BTCUSD_PERP,bid,56800,672.53
2024-09-12 20:49:14,BTCUSD_PERP,bid,56800,728.82
2024-09-12 20:49:24,BTCUSD_PERP,bid,56800,616.81
2024-09-12 20:49:24,BTCUSD_PERP,bid,56800,561.09
2024-09-12 20:50:11,BTCUSD_PERP,bid,56800,672.51
2024-09-12 20:50:12,BTCUSD_PERP,bid,56800,728.79
2024-09-12 20:50:20,BTCUSD_PERP,bid,56800,616.23
2024-09-12 20:50:20,BTCUSD_PERP,bid,56800,559.95
2024-09-12 20:51:27,BTCUSD_PERP,bid,56900,567.89
2024-09-12 20:53:02,BTCUSD_PERP,bid,57000,562.46
2024-09-12 20:53:03,BTCUSD_PERP,bid,57000,618.89
2024-09-12 20:53:12,BTCUSD_PERP,bid,57000,562.46
2024-09-12 21:00:15,BTCUSD_PERP,bid,57000,619.03
2024-09-12 21:00:15,BTCUSD_PERP,bid,57000,675.54
2024-09-12 21:00:47,BTCUSD_PERP,bid,57000,619.03
2024-09-12 21:01:00,BTCUSD_PERP,bid,57100,563.53
2024-09-12 21:03:15,BTCUSD_PERP,bid,57200,620.5
2024-09-12 21:03:16,BTCUSD_PERP,bid,57200,677.13
2024-09-12 21:03:27,BTCUSD_PERP,bid,57200,621.08
2024-09-12 21:03:27,BTCUSD_PERP,bid,57200,564.45
2024-09-12 21:05:58,BTCUSD_PERP,bid,57200,563.99
2024-09-12 21:11:14,BTCUSD_PERP,bid,57200,564.89
2024-09-12 21:11:14,BTCUSD_PERP,bid,57200,635.22
2024-09-12 21:11:34,BTCUSD_PERP,bid,57200,564.61
2024-09-12 21:14:07,BTCUSD_PERP,bid,57400,566.96
2024-09-12 21:15:19,BTCUSD_PERP,bid,57400,623.89
2024-09-12 21:15:19,BTCUSD_PERP,bid,57400,793.81
2024-09-12 21:15:19,BTCUSD_PERP,bid,57400,850.64
2024-09-12 21:15:37,BTCUSD_PERP,bid,57400,793.91
2024-09-12 21:15:37,BTCUSD_PERP,bid,57400,737.08
2024-09-12 21:15:38,BTCUSD_PERP,bid,57400,623.42
2024-09-12 21:15:38,BTCUSD_PERP,bid,57400,566.59
2024-09-12 21:15:39,BTCUSD_PERP,bid,57400,566.47
2024-09-12 21:15:51,BTCUSD_PERP,bid,57400,624.09
2024-09-12 21:15:51,BTCUSD_PERP,bid,57400,736.75
2024-09-12 21:15:51,BTCUSD_PERP,bid,57400,793.65
2024-09-12 21:16:15,BTCUSD_PERP,bid,57400,680.99
2024-09-12 21:16:15,BTCUSD_PERP,bid,57400,624.67
2024-09-12 21:16:15,BTCUSD_PERP,bid,57400,624.31
2024-09-12 21:16:38,BTCUSD_PERP,bid,57400,567.44
2024-09-12 21:16:53,BTCUSD_PERP,bid,57500,568.34
2024-09-12 21:17:03,BTCUSD_PERP,bid,57500,525.93
2024-09-12 21:17:03,BTCUSD_PERP,bid,57500,582.92
2024-09-12 21:17:13,BTCUSD_PERP,bid,57500,525.93
2024-09-12 21:18:06,BTCUSD_PERP,bid,57700,569.07
2024-09-12 21:18:06,BTCUSD_PERP,bid,57700,683.37
2024-09-12 21:18:06,BTCUSD_PERP,bid,57700,740.52
2024-09-12 21:18:06,BTCUSD_PERP,bid,57700,797.09
2024-09-12 21:18:08,BTCUSD_PERP,bid,57700,739.94
2024-09-12 21:18:08,BTCUSD_PERP,bid,57700,626.8
2024-09-12 21:18:08,BTCUSD_PERP,bid,57700,569.65
2024-09-12 21:18:10,BTCUSD_PERP,bid,57700,570.06
2024-09-12 21:18:10,BTCUSD_PERP,bid,57700,627.14
2024-09-12 21:18:34,BTCUSD_PERP,bid,57700,569.96
2024-09-12 21:18:57,BTCUSD_PERP,bid,57600,625.99
2024-09-12 21:19:03,BTCUSD_PERP,bid,57600,568.87
2024-09-12 21:19:10,BTCUSD_PERP,bid,57700,740.14
2024-09-12 21:19:11,BTCUSD_PERP,bid,57700,797.26
