2024-08-29 07:06:43,BTCUSDT,bid,47000,879.833
2024-08-29 07:07:00,BTCUSDT,bid,47000,879.724
2024-08-29 07:21:30,BTCUSDT,bid,47000,880.567
2024-08-29 07:31:11,BTCUSDT,bid,47000,880.583
2024-08-29 07:40:59,BTCUSDT,bid,47300,804.546
2024-08-29 07:41:00,BTCUSDT,bid,47300,804.55
2024-08-29 07:41:00,BTCUSDT,bid,47300,804.546
2024-08-29 08:21:27,BTCUSDT,bid,47000,880.383
2024-08-29 08:55:12,BTCUSDT,bid,47000,880.392
2024-08-29 09:37:10,BTCUSDT,bid,47300,802.424
2024-08-29 09:37:37,BTCUSDT,bid,47000,882.528
2024-08-29 09:45:11,BTCUSDT,bid,47300,802.428
2024-08-29 09:45:11,BTCUSDT,bid,47300,802.424
2024-08-29 09:45:12,BTCUSDT,bid,47300,802.428
2024-08-29 09:45:12,BTCUSDT,bid,47300,802.424
2024-08-29 09:47:07,BTCUSDT,bid,47000,883.576
2024-08-29 09:48:36,BTCUSDT,bid,47300,802.424
2024-08-29 09:48:37,BTCUSDT,bid,47300,802.424
2024-08-29 09:48:37,BTCUSDT,bid,47300,802.424
2024-08-29 09:48:38,BTCUSDT,bid,47300,802.428
2024-08-29 09:48:38,BTCUSDT,bid,47300,802.424
2024-08-29 09:48:40,BTCUSDT,bid,47300,802.428
2024-08-29 09:48:40,BTCUSDT,bid,47300,802.424
2024-08-29 09:48:40,BTCUSDT,bid,47300,802.428
2024-08-29 09:48:40,BTCUSDT,bid,47300,802.424
2024-08-29 09:48:41,BTCUSDT,bid,47300,802.428
2024-08-29 09:48:41,BTCUSDT,bid,47300,802.424
2024-08-29 09:48:41,BTCUSDT,bid,47300,802.428
2024-08-29 09:48:41,BTCUSDT,bid,47300,802.424
2024-08-29 09:48:42,BTCUSDT,bid,47300,802.428
2024-08-29 09:48:42,BTCUSDT,bid,47300,802.424
2024-08-29 09:48:42,BTCUSDT,bid,47300,802.428
2024-08-29 09:48:42,BTCUSDT,bid,47300,802.424
2024-08-29 09:48:43,BTCUSDT,bid,47300,802.428
2024-08-29 09:48:43,BTCUSDT,bid,47300,802.424
2024-08-29 09:48:43,BTCUSDT,bid,47300,802.428
2024-08-29 09:48:43,BTCUSDT,bid,47300,802.424
2024-08-29 09:48:44,BTCUSDT,bid,47300,802.424
2024-08-29 09:48:45,BTCUSDT,bid,47300,802.424
2024-08-29 09:48:46,BTCUSDT,bid,47300,802.428
2024-08-29 09:48:46,BTCUSDT,bid,47300,802.424
2024-08-29 09:48:46,BTCUSDT,bid,47300,802.428
2024-08-29 09:48:47,BTCUSDT,bid,47300,802.424
2024-08-29 09:48:47,BTCUSDT,bid,47300,802.428
2024-08-29 09:48:47,BTCUSDT,bid,47300,802.424
2024-08-29 09:48:47,BTCUSDT,bid,47300,802.428
2024-08-29 09:48:48,BTCUSDT,bid,47300,802.424
2024-08-29 09:48:48,BTCUSDT,bid,47300,802.424
2024-08-29 09:48:49,BTCUSDT,bid,47300,802.424
2024-08-29 09:48:50,BTCUSDT,bid,47300,802.428
2024-08-29 09:48:50,BTCUSDT,bid,47300,802.424
2024-08-29 09:48:51,BTCUSDT,bid,47300,802.428
2024-08-29 09:48:51,BTCUSDT,bid,47300,802.424
2024-08-29 09:48:51,BTCUSDT,bid,47300,802.428
2024-08-29 09:48:51,BTCUSDT,bid,47300,802.424
2024-08-29 09:48:52,BTCUSDT,bid,47300,802.428
2024-08-29 09:48:52,BTCUSDT,bid,47300,802.424
2024-08-29 09:48:58,BTCUSDT,bid,47300,802.424
2024-08-29 09:48:59,BTCUSDT,bid,47300,802.424
2024-08-29 09:48:59,BTCUSDT,bid,47300,802.424
2024-08-29 09:49:02,BTCUSDT,bid,47300,802.424
2024-08-29 09:53:24,BTCUSDT,bid,47300,802.424
2024-08-29 09:56:57,BTCUSDT,bid,47300,802.361
2024-08-29 10:52:17,BTCUSDT,bid,47300,802.361
2024-08-29 10:52:19,BTCUSDT,bid,47300,802.361
2024-08-29 10:52:20,BTCUSDT,bid,47300,802.361
2024-08-29 10:52:21,BTCUSDT,bid,47300,802.365
2024-08-29 10:52:21,BTCUSDT,bid,47300,802.361
2024-08-29 10:52:22,BTCUSDT,bid,47300,802.365
2024-08-29 10:52:22,BTCUSDT,bid,47300,802.361
2024-08-29 10:52:22,BTCUSDT,bid,47300,802.361
2024-08-29 10:52:23,BTCUSDT,bid,47300,802.365
2024-08-29 10:52:23,BTCUSDT,bid,47300,802.361
2024-08-29 10:52:24,BTCUSDT,bid,47300,802.361
2024-08-29 10:52:25,BTCUSDT,bid,47300,802.361
2024-08-29 10:52:26,BTCUSDT,bid,47300,802.361
2024-08-29 11:00:18,BTCUSDT,bid,47000,883.582
2024-08-29 11:03:35,BTCUSDT,bid,47300,802.365
2024-08-29 11:03:35,BTCUSDT,bid,47300,802.361
2024-08-29 11:03:36,BTCUSDT,bid,47300,802.365
2024-08-29 11:03:36,BTCUSDT,bid,47300,802.361
2024-08-29 11:03:37,BTCUSDT,bid,47300,802.365
2024-08-29 11:03:37,BTCUSDT,bid,47300,802.361
2024-08-29 11:03:39,BTCUSDT,bid,47300,802.361
2024-08-29 11:03:39,BTCUSDT,bid,47300,802.361
2024-08-29 11:03:40,BTCUSDT,bid,47300,802.365
2024-08-29 11:03:40,BTCUSDT,bid,47300,802.361
2024-08-29 11:03:41,BTCUSDT,bid,47300,802.365
2024-08-29 11:03:41,BTCUSDT,bid,47300,802.361
2024-08-29 11:03:42,BTCUSDT,bid,47300,802.365
2024-08-29 11:03:42,BTCUSDT,bid,47300,802.361
2024-08-29 11:03:43,BTCUSDT,bid,47300,802.365
2024-08-29 11:03:43,BTCUSDT,bid,47300,802.361
2024-08-29 11:03:43,BTCUSDT,bid,47300,802.365
2024-08-29 11:03:43,BTCUSDT,bid,47300,802.361
2024-08-29 11:03:46,BTCUSDT,bid,47300,802.361
2024-08-29 11:03:46,BTCUSDT,bid,47300,802.361
2024-08-29 11:03:47,BTCUSDT,bid,47300,802.361
2024-08-29 11:05:17,BTCUSDT,bid,47000,883.576
2024-08-29 11:11:45,BTCUSDT,bid,47000,883.582
2024-08-29 11:21:52,BTCUSDT,bid,47000,883.516
2024-08-29 12:43:36,BTCUSDT,bid,47000,881.516
2024-08-29 12:45:03,BTCUSDT,bid,47000,881.514
2024-08-29 12:59:10,BTCUSDT,bid,47000,880.655
2024-08-29 13:10:16,BTCUSDT,bid,59400,610.881
2024-08-29 13:10:16,BTCUSDT,bid,59400,606.863
2024-08-29 13:10:20,BTCUSDT,bid,59400,607.77
2024-08-29 13:10:33,BTCUSDT,bid,59400,605.589
2024-08-29 13:10:34,BTCUSDT,bid,59400,605.104
2024-08-29 13:10:38,BTCUSDT,bid,59400,605.2
2024-08-29 13:10:41,BTCUSDT,bid,59400,605.1
2024-08-29 13:10:48,BTCUSDT,bid,59400,605.1
2024-08-29 13:10:49,BTCUSDT,bid,59400,605.12
2024-08-29 13:19:49,BTCUSDT,bid,47000,880.755
2024-08-29 13:22:43,BTCUSDT,bid,47300,802.383
2024-08-29 13:23:31,BTCUSDT,bid,47300,802.361
2024-08-29 13:36:28,BTCUSDT,bid,47000,880.743
2024-08-29 13:56:30,BTCUSDT,bid,47300,802.508
2024-08-29 14:10:46,BTCUSDT,bid,47000,879.331
2024-08-29 14:14:39,BTCUSDT,bid,47000,879.34
2024-08-29 14:27:04,BTCUSDT,bid,47000,879.302
2024-08-29 14:32:35,BTCUSDT,bid,47000,879.292
2024-08-29 14:38:43,BTCUSDT,bid,47000,879.295
2024-08-29 15:25:23,BTCUSDT,bid,47000,879.291
2024-08-29 15:32:29,BTCUSDT,bid,47000,879.316
2024-08-29 15:39:38,BTCUSDT,bid,47000,879.847
2024-08-29 16:01:15,BTCUSDT,bid,47000,879.844
2024-08-29 16:52:52,BTCUSDT,bid,47000,879.85
2024-08-29 17:06:52,BTCUSDT,bid,47300,802.558
2024-08-29 17:08:30,BTCUSDT,bid,47000,879.845
2024-08-29 17:31:12,BTCUSDT,bid,47000,879.853
2024-08-29 18:08:50,BTCUSDT,bid,47000,880.312
2024-08-29 18:32:53,BTCUSDT,bid,47000,880.249
2024-08-29 18:34:42,BTCUSDT,bid,59900,800.641
2024-08-29 18:34:44,BTCUSDT,bid,59900,800.556
2024-08-29 18:34:44,BTCUSDT,bid,59900,800.656
2024-08-29 18:34:45,BTCUSDT,bid,59900,800.676
2024-08-29 18:34:46,BTCUSDT,bid,59900,801.016
2024-08-29 18:34:47,BTCUSDT,bid,59900,801.021
2024-08-29 18:34:47,BTCUSDT,bid,59900,800.961
2024-08-29 18:34:47,BTCUSDT,bid,59900,800.971
2024-08-29 18:34:47,BTCUSDT,bid,59900,800.975
2024-08-29 18:34:47,BTCUSDT,bid,59900,800.641
2024-08-29 18:34:49,BTCUSDT,bid,59900,800.716
2024-08-29 18:34:49,BTCUSDT,bid,59900,800.757
2024-08-29 18:34:50,BTCUSDT,bid,59900,800.682
2024-08-29 18:39:55,BTCUSDT,bid,47300,802.54
2024-08-29 18:43:20,BTCUSDT,bid,47000,880.246
2024-08-29 18:45:09,BTCUSDT,bid,47000,880.249
2024-08-29 18:46:04,BTCUSDT,bid,60100,900.691
2024-08-29 18:46:05,BTCUSDT,bid,60100,900.858
2024-08-29 18:46:06,BTCUSDT,bid,60100,900.774
2024-08-29 18:46:06,BTCUSDT,bid,60100,900.798
2024-08-29 18:47:19,BTCUSDT,bid,47000,880.246
2024-08-29 18:48:47,BTCUSDT,bid,47000,880.249
2024-08-29 18:51:59,BTCUSDT,bid,47000,880.254
2024-08-29 18:54:14,BTCUSDT,bid,47000,880.258
2024-08-29 18:59:33,BTCUSDT,bid,47000,880.253
2024-08-29 19:09:43,BTCUSDT,bid,47000,880.247
2024-08-29 19:12:24,BTCUSDT,bid,47000,880.244
2024-08-29 19:19:18,BTCUSDT,bid,47000,880.247
2024-08-29 19:46:30,BTCUSDT,bid,47000,880.262
2024-08-29 20:16:29,BTCUSDT,bid,47300,802.603
2024-08-29 20:22:50,BTCUSDT,bid,47000,880.419
2024-08-29 07:02:29,BTCUSD_PERP,bid,58500,750.13
2024-08-29 07:02:29,BTCUSD_PERP,bid,58500,692.8
2024-08-29 07:02:29,BTCUSD_PERP,bid,58500,578.12
2024-08-29 07:02:30,BTCUSD_PERP,bid,58500,520.19
2024-08-29 07:02:49,BTCUSD_PERP,bid,58500,520.23
2024-08-29 07:02:50,BTCUSD_PERP,bid,58500,534.27
2024-08-29 07:03:13,BTCUSD_PERP,bid,58500,519.37
2024-08-29 07:03:13,BTCUSD_PERP,bid,58500,923.98
2024-08-29 07:03:13,BTCUSD_PERP,bid,58500,981.95
2024-08-29 07:05:49,BTCUSD_PERP,bid,58500,924.57
2024-08-29 07:05:49,BTCUSD_PERP,bid,58500,808.63
2024-08-29 07:05:50,BTCUSD_PERP,bid,58500,751.25
2024-08-29 07:05:50,BTCUSD_PERP,bid,58500,693.28
2024-08-29 07:05:50,BTCUSD_PERP,bid,58500,577.93
2024-08-29 07:05:50,BTCUSD_PERP,bid,58500,519.96
2024-08-29 07:11:28,BTCUSD_PERP,bid,58600,521.19
2024-08-29 07:15:49,BTCUSD_PERP,bid,58600,520.63
2024-08-29 07:15:49,BTCUSD_PERP,bid,58600,578.74
2024-08-29 07:15:49,BTCUSD_PERP,bid,58600,636.85
2024-08-29 07:15:58,BTCUSD_PERP,bid,58600,636.89
2024-08-29 07:16:52,BTCUSD_PERP,bid,58600,636.93
2024-08-29 07:16:54,BTCUSD_PERP,bid,58600,650.99
2024-08-29 07:16:55,BTCUSD_PERP,bid,58600,651.03
2024-08-29 07:16:57,BTCUSD_PERP,bid,58600,653.13
2024-08-29 07:16:59,BTCUSD_PERP,bid,58600,654.36
2024-08-29 07:17:13,BTCUSD_PERP,bid,58600,596.25
2024-08-29 07:17:13,BTCUSD_PERP,bid,58600,520.95
2024-08-29 07:17:13,BTCUSD_PERP,bid,58600,579.03
2024-08-29 07:19:32,BTCUSD_PERP,bid,58600,520.72
2024-08-29 07:20:56,BTCUSD_PERP,bid,58600,520.04
2024-08-29 07:20:56,BTCUSD_PERP,bid,58600,577.56
2024-08-29 07:20:56,BTCUSD_PERP,bid,58600,591.62
2024-08-29 07:20:57,BTCUSD_PERP,bid,58600,592.85
2024-08-29 07:21:24,BTCUSD_PERP,bid,58700,520.4
2024-08-29 07:21:24,BTCUSD_PERP,bid,58700,636.11
2024-08-29 07:21:24,BTCUSD_PERP,bid,58700,693.67
2024-08-29 07:21:24,BTCUSD_PERP,bid,58700,751.82
2024-08-29 07:21:24,BTCUSD_PERP,bid,58700,868.12
2024-08-29 07:21:35,BTCUSD_PERP,bid,58700,868.71
2024-08-29 07:21:42,BTCUSD_PERP,bid,58700,753.0
2024-08-29 07:21:47,BTCUSD_PERP,bid,58600,519.72
2024-08-29 07:22:32,BTCUSD_PERP,bid,58700,636.36
2024-08-29 07:22:32,BTCUSD_PERP,bid,58700,810.13
2024-08-29 07:22:32,BTCUSD_PERP,bid,58700,868.25
2024-08-29 07:25:33,BTCUSD_PERP,bid,58700,810.72
2024-08-29 07:25:33,BTCUSD_PERP,bid,58700,752.6
2024-08-29 07:25:33,BTCUSD_PERP,bid,58700,636.95
2024-08-29 07:25:33,BTCUSD_PERP,bid,58700,579.43
2024-08-29 07:25:34,BTCUSD_PERP,bid,58600,520.95
2024-08-29 07:25:34,BTCUSD_PERP,bid,58600,579.03
2024-08-29 07:25:34,BTCUSD_PERP,bid,58600,694.61
2024-08-29 07:25:35,BTCUSD_PERP,bid,58600,752.1
2024-08-29 07:25:35,BTCUSD_PERP,bid,58600,810.18
2024-08-29 07:25:36,BTCUSD_PERP,bid,58600,810.22
2024-08-29 07:25:41,BTCUSD_PERP,bid,58600,752.73
2024-08-29 07:25:41,BTCUSD_PERP,bid,58600,694.65
2024-08-29 07:25:41,BTCUSD_PERP,bid,58600,578.14
2024-08-29 07:25:42,BTCUSD_PERP,bid,58600,636.19
2024-08-29 07:25:42,BTCUSD_PERP,bid,58600,578.14
2024-08-29 07:25:42,BTCUSD_PERP,bid,58600,520.09
2024-08-29 07:25:43,BTCUSD_PERP,bid,58600,635.86
2024-08-29 07:25:43,BTCUSD_PERP,bid,58600,693.88
2024-08-29 07:25:44,BTCUSD_PERP,bid,58600,751.31
2024-08-29 07:26:01,BTCUSD_PERP,bid,58600,693.29
2024-08-29 07:26:01,BTCUSD_PERP,bid,58500,693.52
2024-08-29 07:26:09,BTCUSD_PERP,bid,58500,578.13
2024-08-29 07:26:10,BTCUSD_PERP,bid,58500,520.14
2024-08-29 07:26:10,BTCUSD_PERP,bid,58500,693.16
2024-08-29 07:26:32,BTCUSD_PERP,bid,58500,577.24
2024-08-29 07:27:44,BTCUSD_PERP,bid,58600,519.23
2024-08-29 07:27:44,BTCUSD_PERP,bid,58600,635.27
2024-08-29 07:27:45,BTCUSD_PERP,bid,58600,695.39
2024-08-29 07:27:45,BTCUSD_PERP,bid,58600,753.41
2024-08-29 07:29:24,BTCUSD_PERP,bid,58600,695.39
2024-08-29 07:29:24,BTCUSD_PERP,bid,58600,637.96
2024-08-29 07:29:24,BTCUSD_PERP,bid,58600,579.94
2024-08-29 07:29:25,BTCUSD_PERP,bid,58500,635.55
2024-08-29 07:29:25,BTCUSD_PERP,bid,58500,750.95
2024-08-29 07:30:30,BTCUSD_PERP,bid,58500,635.55
2024-08-29 07:30:30,BTCUSD_PERP,bid,58500,577.56
2024-08-29 07:30:30,BTCUSD_PERP,bid,58500,519.57
2024-08-29 07:30:31,BTCUSD_PERP,bid,58500,576.66
2024-08-29 07:30:54,BTCUSD_PERP,bid,58500,634.28
2024-08-29 07:31:22,BTCUSD_PERP,bid,58400,592.38
2024-08-29 07:32:05,BTCUSD_PERP,bid,58400,805.96
2024-08-29 07:32:05,BTCUSD_PERP,bid,58400,921.68
2024-08-29 07:32:05,BTCUSD_PERP,bid,58400,979.54
2024-08-29 07:32:15,BTCUSD_PERP,bid,58400,922.27
2024-08-29 07:32:17,BTCUSD_PERP,bid,58400,865.0
2024-08-29 07:32:19,BTCUSD_PERP,bid,58400,692.01
2024-08-29 07:32:19,BTCUSD_PERP,bid,58400,576.29
2024-08-29 07:32:19,BTCUSD_PERP,bid,58400,519.02
2024-08-29 07:32:20,BTCUSD_PERP,bid,58400,518.03
2024-08-29 07:32:21,BTCUSD_PERP,bid,58400,575.93
2024-08-29 07:32:21,BTCUSD_PERP,bid,58400,633.83
2024-08-29 07:34:36,BTCUSD_PERP,bid,58400,575.93
2024-08-29 07:34:36,BTCUSD_PERP,bid,58400,518.03
2024-08-29 07:34:37,BTCUSD_PERP,bid,58400,518.96
2024-08-29 07:34:37,BTCUSD_PERP,bid,58400,576.24
2024-08-29 07:34:37,BTCUSD_PERP,bid,58400,633.52
2024-08-29 07:34:42,BTCUSD_PERP,bid,58400,518.96
2024-08-29 07:37:15,BTCUSD_PERP,bid,58400,575.65
2024-08-29 07:37:15,BTCUSD_PERP,bid,58400,518.37
2024-08-29 07:40:47,BTCUSD_PERP,bid,58600,520.41
2024-08-29 07:40:51,BTCUSD_PERP,bid,58600,520.9
2024-08-29 07:40:51,BTCUSD_PERP,bid,58600,578.38
2024-08-29 07:40:51,BTCUSD_PERP,bid,58600,693.93
2024-08-29 07:40:51,BTCUSD_PERP,bid,58600,752.0
2024-08-29 07:40:51,BTCUSD_PERP,bid,58600,810.07
2024-08-29 07:40:51,BTCUSD_PERP,bid,58600,868.04
2024-08-29 07:40:52,BTCUSD_PERP,bid,58600,926.11
2024-08-29 07:40:52,BTCUSD_PERP,bid,58600,516.43
2024-08-29 07:40:52,BTCUSD_PERP,bid,58600,984.18
2024-08-29 07:41:00,BTCUSD_PERP,bid,58600,984.14
2024-08-29 07:41:36,BTCUSD_PERP,bid,58600,868.59
2024-08-29 07:41:36,BTCUSD_PERP,bid,58600,810.52
2024-08-29 07:41:37,BTCUSD_PERP,bid,58600,753.04
2024-08-29 07:41:37,BTCUSD_PERP,bid,58600,520.86
2024-08-29 07:41:37,BTCUSD_PERP,bid,58600,868.17
2024-08-29 07:41:37,BTCUSD_PERP,bid,58600,925.62
2024-08-29 07:41:37,BTCUSD_PERP,bid,58600,983.66
2024-08-29 07:43:54,BTCUSD_PERP,bid,58600,925.62
2024-08-29 07:43:54,BTCUSD_PERP,bid,58600,867.58
2024-08-29 07:43:54,BTCUSD_PERP,bid,58600,809.54
2024-08-29 07:43:55,BTCUSD_PERP,bid,58600,752.09
2024-08-29 07:43:55,BTCUSD_PERP,bid,58600,694.05
2024-08-29 07:43:55,BTCUSD_PERP,bid,58600,636.6
2024-08-29 07:43:55,BTCUSD_PERP,bid,58600,578.56
2024-08-29 07:43:55,BTCUSD_PERP,bid,58600,520.91
2024-08-29 07:43:55,BTCUSD_PERP,bid,58600,751.67
2024-08-29 07:43:56,BTCUSD_PERP,bid,58600,809.68
2024-08-29 07:46:07,BTCUSD_PERP,bid,58600,693.76
2024-08-29 07:46:07,BTCUSD_PERP,bid,58500,577.34
2024-08-29 07:46:07,BTCUSD_PERP,bid,58500,693.3
2024-08-29 07:46:07,BTCUSD_PERP,bid,58500,751.28
2024-08-29 07:46:47,BTCUSD_PERP,bid,58500,693.89
2024-08-29 07:46:47,BTCUSD_PERP,bid,58500,578.52
2024-08-29 07:46:48,BTCUSD_PERP,bid,58600,577.19
2024-08-29 07:46:48,BTCUSD_PERP,bid,58600,635.2
2024-08-29 07:46:48,BTCUSD_PERP,bid,58600,693.21
2024-08-29 07:46:48,BTCUSD_PERP,bid,58600,809.23
2024-08-29 07:46:48,BTCUSD_PERP,bid,58600,867.24
2024-08-29 07:46:49,BTCUSD_PERP,bid,58600,925.25
2024-08-29 07:46:49,BTCUSD_PERP,bid,58600,983.16
2024-08-29 07:47:31,BTCUSD_PERP,bid,58600,925.74
2024-08-29 07:47:33,BTCUSD_PERP,bid,58600,868.32
2024-08-29 07:47:33,BTCUSD_PERP,bid,58600,983.15
2024-08-29 07:47:33,BTCUSD_PERP,bid,58600,1041.2
2024-08-29 07:48:24,BTCUSD_PERP,bid,58600,983.15
2024-08-29 07:48:24,BTCUSD_PERP,bid,58600,925.1
2024-08-29 07:48:24,BTCUSD_PERP,bid,58600,867.65
2024-08-29 07:48:24,BTCUSD_PERP,bid,58600,752.15
2024-08-29 07:48:25,BTCUSD_PERP,bid,58600,636.16
2024-08-29 07:48:25,BTCUSD_PERP,bid,58600,520.06
2024-08-29 07:48:25,BTCUSD_PERP,bid,58600,520.22
2024-08-29 07:48:25,BTCUSD_PERP,bid,58600,578.23
2024-08-29 07:48:25,BTCUSD_PERP,bid,58600,636.24
2024-08-29 07:48:25,BTCUSD_PERP,bid,58600,694.25
2024-08-29 07:48:26,BTCUSD_PERP,bid,58600,751.68
2024-08-29 07:48:26,BTCUSD_PERP,bid,58600,867.11
2024-08-29 07:48:26,BTCUSD_PERP,bid,58500,520.5
2024-08-29 07:48:26,BTCUSD_PERP,bid,58600,924.53
2024-08-29 07:48:26,BTCUSD_PERP,bid,58600,1039.96
2024-08-29 07:49:45,BTCUSD_PERP,bid,58600,866.51
2024-08-29 07:49:45,BTCUSD_PERP,bid,58600,808.5
2024-08-29 07:49:45,BTCUSD_PERP,bid,58600,751.08
2024-08-29 07:49:45,BTCUSD_PERP,bid,58500,529.97
2024-08-29 07:49:45,BTCUSD_PERP,bid,58500,982.03
2024-08-29 07:49:45,BTCUSD_PERP,bid,58500,1040.01
2024-08-29 07:50:35,BTCUSD_PERP,bid,58600,1039.95
2024-08-29 07:50:36,BTCUSD_PERP,bid,58500,520.54
2024-08-29 07:50:36,BTCUSD_PERP,bid,58600,1097.96
2024-08-29 07:50:40,BTCUSD_PERP,bid,58600,1098.0
2024-08-29 07:53:26,BTCUSD_PERP,bid,58600,867.14
2024-08-29 07:53:26,BTCUSD_PERP,bid,58600,809.13
2024-08-29 07:53:26,BTCUSD_PERP,bid,58600,751.71
2024-08-29 07:53:26,BTCUSD_PERP,bid,58600,635.69
2024-08-29 07:53:27,BTCUSD_PERP,bid,58600,577.68
2024-08-29 07:53:27,BTCUSD_PERP,bid,58600,520.59
2024-08-29 07:53:27,BTCUSD_PERP,bid,58600,636.08
2024-08-29 07:53:27,BTCUSD_PERP,bid,58600,693.53
2024-08-29 07:53:27,BTCUSD_PERP,bid,58600,809.51
2024-08-29 07:53:27,BTCUSD_PERP,bid,58600,925.59
2024-08-29 07:53:27,BTCUSD_PERP,bid,58500,530.94
2024-08-29 07:53:27,BTCUSD_PERP,bid,58600,983.05
2024-08-29 07:53:28,BTCUSD_PERP,bid,58600,1041.09
2024-08-29 07:53:28,BTCUSD_PERP,bid,58600,1098.54
2024-08-29 07:54:13,BTCUSD_PERP,bid,58600,982.46
2024-08-29 07:54:13,BTCUSD_PERP,bid,58600,924.42
2024-08-29 07:54:14,BTCUSD_PERP,bid,58600,866.38
2024-08-29 07:54:14,BTCUSD_PERP,bid,58600,808.93
2024-08-29 07:54:14,BTCUSD_PERP,bid,58600,751.48
2024-08-29 07:54:14,BTCUSD_PERP,bid,58600,577.46
2024-08-29 07:54:14,BTCUSD_PERP,bid,58600,578.24
2024-08-29 07:54:14,BTCUSD_PERP,bid,58600,693.67
2024-08-29 07:54:14,BTCUSD_PERP,bid,58600,751.68
2024-08-29 07:54:15,BTCUSD_PERP,bid,58600,809.69
2024-08-29 07:54:15,BTCUSD_PERP,bid,58600,867.11
2024-08-29 07:54:15,BTCUSD_PERP,bid,58500,520.5
2024-08-29 07:54:15,BTCUSD_PERP,bid,58600,982.54
2024-08-29 07:54:15,BTCUSD_PERP,bid,58600,1097.97
2024-08-29 07:55:04,BTCUSD_PERP,bid,58600,1098.01
2024-08-29 07:55:04,BTCUSD_PERP,bid,58600,1098.05
2024-08-29 07:55:37,BTCUSD_PERP,bid,58600,1040.63
2024-08-29 07:55:39,BTCUSD_PERP,bid,58600,809.18
2024-08-29 07:55:39,BTCUSD_PERP,bid,58600,924.42
2024-08-29 07:55:39,BTCUSD_PERP,bid,58500,530.94
2024-08-29 07:55:39,BTCUSD_PERP,bid,58600,1040.5
2024-08-29 07:55:39,BTCUSD_PERP,bid,58600,1098.54
2024-08-29 07:57:25,BTCUSD_PERP,bid,58600,1041.09
2024-08-29 07:57:25,BTCUSD_PERP,bid,58600,752.07
2024-08-29 07:57:25,BTCUSD_PERP,bid,58600,1041.03
2024-08-29 07:57:25,BTCUSD_PERP,bid,58600,530.91
2024-08-29 07:57:25,BTCUSD_PERP,bid,58600,1099.1
2024-08-29 07:57:26,BTCUSD_PERP,bid,58600,1100.33
2024-08-29 07:57:28,BTCUSD_PERP,bid,58600,1114.38
2024-08-29 07:57:28,BTCUSD_PERP,bid,58600,1116.48
2024-08-29 07:57:37,BTCUSD_PERP,bid,58600,1116.52
2024-08-29 07:59:02,BTCUSD_PERP,bid,58600,1059.04
2024-08-29 07:59:02,BTCUSD_PERP,bid,58600,944.08
2024-08-29 07:59:02,BTCUSD_PERP,bid,58600,886.6
2024-08-29 07:59:02,BTCUSD_PERP,bid,58600,771.05
2024-08-29 07:59:02,BTCUSD_PERP,bid,58600,655.5
2024-08-29 07:59:02,BTCUSD_PERP,bid,58600,597.53
2024-08-29 07:59:03,BTCUSD_PERP,bid,58700,520.03
2024-08-29 07:59:03,BTCUSD_PERP,bid,58700,636.27
2024-08-29 07:59:03,BTCUSD_PERP,bid,58700,693.8
2024-08-29 07:59:03,BTCUSD_PERP,bid,58600,521.49
2024-08-29 07:59:03,BTCUSD_PERP,bid,58700,868.16
2024-08-29 07:59:03,BTCUSD_PERP,bid,58700,926.28
2024-08-29 07:59:04,BTCUSD_PERP,bid,58700,984.4
2024-08-29 07:59:04,BTCUSD_PERP,bid,58700,1042.52
2024-08-29 08:00:27,BTCUSD_PERP,bid,58700,984.4
2024-08-29 08:00:28,BTCUSD_PERP,bid,58700,868.85
2024-08-29 08:00:28,BTCUSD_PERP,bid,58700,810.73
2024-08-29 08:00:28,BTCUSD_PERP,bid,58700,752.61
2024-08-29 08:00:28,BTCUSD_PERP,bid,58700,694.49
2024-08-29 08:00:28,BTCUSD_PERP,bid,58700,579.43
2024-08-29 08:00:28,BTCUSD_PERP,bid,58600,520.35
2024-08-29 08:00:28,BTCUSD_PERP,bid,58700,521.31
2024-08-29 08:00:28,BTCUSD_PERP,bid,58600,578.44
2024-08-29 08:00:29,BTCUSD_PERP,bid,58600,636.53
2024-08-29 08:00:29,BTCUSD_PERP,bid,58600,752.12
2024-08-29 08:00:29,BTCUSD_PERP,bid,58600,925.8
2024-08-29 08:00:29,BTCUSD_PERP,bid,58600,521.41
2024-08-29 08:00:29,BTCUSD_PERP,bid,58600,1040.8
2024-08-29 08:00:29,BTCUSD_PERP,bid,58600,1098.89
2024-08-29 08:00:29,BTCUSD_PERP,bid,58600,1156.98
2024-08-29 08:03:31,BTCUSD_PERP,bid,58600,1098.89
2024-08-29 08:03:31,BTCUSD_PERP,bid,58600,1040.8
2024-08-29 08:03:31,BTCUSD_PERP,bid,58600,924.62
2024-08-29 08:03:31,BTCUSD_PERP,bid,58600,866.53
2024-08-29 08:03:31,BTCUSD_PERP,bid,58600,751.53
2024-08-29 08:03:31,BTCUSD_PERP,bid,58600,636.04
2024-08-29 08:03:32,BTCUSD_PERP,bid,58600,520.45
2024-08-29 08:03:32,BTCUSD_PERP,bid,58700,531.06
2024-08-29 08:03:32,BTCUSD_PERP,bid,58700,588.6
2024-08-29 08:03:32,BTCUSD_PERP,bid,58700,646.73
2024-08-29 08:03:32,BTCUSD_PERP,bid,58700,704.27
2024-08-29 08:03:53,BTCUSD_PERP,bid,58700,646.73
2024-08-29 08:03:53,BTCUSD_PERP,bid,58700,588.6
2024-08-29 08:03:53,BTCUSD_PERP,bid,58600,520.58
2024-08-29 08:03:53,BTCUSD_PERP,bid,58600,578.68
2024-08-29 08:03:54,BTCUSD_PERP,bid,58600,636.78
2024-08-29 08:03:54,BTCUSD_PERP,bid,58600,694.88
2024-08-29 08:03:54,BTCUSD_PERP,bid,58600,984.19
2024-08-29 08:03:54,BTCUSD_PERP,bid,58600,1042.29
2024-08-29 08:03:54,BTCUSD_PERP,bid,58600,564.83
2024-08-29 08:03:54,BTCUSD_PERP,bid,58600,1099.79
2024-08-29 08:06:11,BTCUSD_PERP,bid,58600,520.85
2024-08-29 08:06:11,BTCUSD_PERP,bid,58600,529.91
2024-08-29 08:06:13,BTCUSD_PERP,bid,58600,520.58
2024-08-29 08:06:31,BTCUSD_PERP,bid,58600,520.87
2024-08-29 08:06:31,BTCUSD_PERP,bid,58600,578.94
2024-08-29 08:06:52,BTCUSD_PERP,bid,58600,521.46
2024-08-29 08:06:52,BTCUSD_PERP,bid,58700,521.86
2024-08-29 08:06:53,BTCUSD_PERP,bid,58700,636.89
2024-08-29 08:06:53,BTCUSD_PERP,bid,58700,694.9
2024-08-29 08:06:53,BTCUSD_PERP,bid,58700,811.12
2024-08-29 08:07:38,BTCUSD_PERP,bid,58700,636.79
2024-08-29 08:07:38,BTCUSD_PERP,bid,58700,579.52
2024-08-29 08:07:39,BTCUSD_PERP,bid,58700,637.66
2024-08-29 08:07:39,BTCUSD_PERP,bid,58700,811.49
2024-08-29 08:07:39,BTCUSD_PERP,bid,58700,869.04
2024-08-29 08:08:20,BTCUSD_PERP,bid,58700,752.76
2024-08-29 08:08:20,BTCUSD_PERP,bid,58700,578.93
2024-08-29 08:08:21,BTCUSD_PERP,bid,58700,522.25
2024-08-29 08:08:21,BTCUSD_PERP,bid,58700,638.0
2024-08-29 08:08:21,BTCUSD_PERP,bid,58700,695.58
2024-08-29 08:08:22,BTCUSD_PERP,bid,58700,753.16
2024-08-29 08:08:27,BTCUSD_PERP,bid,58700,694.99
2024-08-29 08:08:27,BTCUSD_PERP,bid,58700,637.41
2024-08-29 08:08:27,BTCUSD_PERP,bid,58700,579.83
2024-08-29 08:08:28,BTCUSD_PERP,bid,58700,522.25
2024-08-29 08:08:29,BTCUSD_PERP,bid,58800,664.29
2024-08-29 08:10:10,BTCUSD_PERP,bid,58700,812.03
2024-08-29 08:10:10,BTCUSD_PERP,bid,58700,870.21
2024-08-29 08:10:49,BTCUSD_PERP,bid,58700,812.03
2024-08-29 08:10:50,BTCUSD_PERP,bid,58700,704.52
2024-08-29 08:10:50,BTCUSD_PERP,bid,58700,762.07
2024-08-29 08:10:50,BTCUSD_PERP,bid,58700,820.21
2024-08-29 08:12:27,BTCUSD_PERP,bid,58700,646.37
2024-08-29 08:12:27,BTCUSD_PERP,bid,58700,577.57
2024-08-29 08:12:27,BTCUSD_PERP,bid,58700,751.9
2024-08-29 08:12:27,BTCUSD_PERP,bid,58700,810.01
2024-08-29 08:13:24,BTCUSD_PERP,bid,58600,578.36
2024-08-29 08:13:24,BTCUSD_PERP,bid,58600,636.44
2024-08-29 08:14:34,BTCUSD_PERP,bid,58600,578.13
2024-08-29 08:15:03,BTCUSD_PERP,bid,58500,519.63
2024-08-29 08:15:03,BTCUSD_PERP,bid,58500,635.53
2024-08-29 08:15:04,BTCUSD_PERP,bid,58500,692.93
2024-08-29 08:15:30,BTCUSD_PERP,bid,58500,635.52
2024-08-29 08:16:19,BTCUSD_PERP,bid,58500,519.25
2024-08-29 08:24:43,BTCUSD_PERP,bid,58400,519.42
2024-08-29 08:31:55,BTCUSD_PERP,bid,58400,519.08
2024-08-29 08:31:55,BTCUSD_PERP,bid,58400,692.72
2024-08-29 08:31:55,BTCUSD_PERP,bid,58400,750.6
2024-08-29 08:32:10,BTCUSD_PERP,bid,58400,692.72
2024-08-29 08:32:10,BTCUSD_PERP,bid,58400,577.06
2024-08-29 08:32:10,BTCUSD_PERP,bid,58400,576.73
2024-08-29 08:32:10,BTCUSD_PERP,bid,58400,634.59
2024-08-29 08:33:05,BTCUSD_PERP,bid,58400,577.54
2024-08-29 08:33:05,BTCUSD_PERP,bid,58400,634.84
2024-08-29 08:33:05,BTCUSD_PERP,bid,58400,634.88
2024-08-29 08:33:05,BTCUSD_PERP,bid,58400,692.18
2024-08-29 08:33:06,BTCUSD_PERP,bid,58400,750.06
2024-08-29 08:33:06,BTCUSD_PERP,bid,58400,807.94
2024-08-29 08:33:07,BTCUSD_PERP,bid,58400,807.98
2024-08-29 08:33:18,BTCUSD_PERP,bid,58400,692.8
2024-08-29 08:33:19,BTCUSD_PERP,bid,58400,634.92
2024-08-29 08:33:19,BTCUSD_PERP,bid,58400,577.04
2024-08-29 08:33:19,BTCUSD_PERP,bid,58400,519.16
2024-08-29 08:33:20,BTCUSD_PERP,bid,58400,519.55
2024-08-29 08:33:20,BTCUSD_PERP,bid,58400,577.41
2024-08-29 08:34:39,BTCUSD_PERP,bid,58400,576.83
2024-08-29 08:34:42,BTCUSD_PERP,bid,58400,518.97
2024-08-29 08:41:38,BTCUSD_PERP,bid,58500,807.42
2024-08-29 08:41:38,BTCUSD_PERP,bid,58500,865.35
2024-08-29 08:44:34,BTCUSD_PERP,ask,59600,503.5
2024-08-29 08:44:37,BTCUSD_PERP,bid,58500,518.93
2024-08-29 08:44:37,BTCUSD_PERP,bid,58500,576.26
2024-08-29 08:44:38,BTCUSD_PERP,bid,58500,633.6
2024-08-29 08:44:38,BTCUSD_PERP,bid,58500,748.85
2024-08-29 08:44:38,BTCUSD_PERP,bid,58500,806.77
2024-08-29 08:44:38,BTCUSD_PERP,bid,58500,864.69
2024-08-29 08:44:38,BTCUSD_PERP,bid,58500,922.02
2024-08-29 08:44:39,BTCUSD_PERP,bid,58500,1037.86
2024-08-29 08:45:11,BTCUSD_PERP,bid,58300,517.34
2024-08-29 08:45:11,BTCUSD_PERP,bid,58400,932.29
2024-08-29 08:45:11,BTCUSD_PERP,bid,58300,575.13
2024-08-29 08:45:11,BTCUSD_PERP,bid,58400,990.18
2024-08-29 08:45:12,BTCUSD_PERP,bid,58300,517.91
2024-08-29 08:45:21,BTCUSD_PERP,bid,58400,921.65
2024-08-29 08:46:05,BTCUSD_PERP,bid,58400,863.79
2024-08-29 08:46:06,BTCUSD_PERP,bid,58400,806.11
2024-08-29 08:46:06,BTCUSD_PERP,bid,58400,863.94
2024-08-29 08:46:18,BTCUSD_PERP,bid,58400,633.21
2024-08-29 08:46:18,BTCUSD_PERP,bid,58300,517.84
2024-08-29 08:46:37,BTCUSD_PERP,bid,58400,749.44
2024-08-29 08:46:37,BTCUSD_PERP,bid,58400,807.27
2024-08-29 08:49:52,BTCUSD_PERP,bid,58400,749.44
2024-08-29 08:49:52,BTCUSD_PERP,bid,58400,691.61
2024-08-29 08:49:52,BTCUSD_PERP,bid,58400,633.78
2024-08-29 08:49:53,BTCUSD_PERP,bid,58400,576.54
2024-08-29 08:49:53,BTCUSD_PERP,bid,58400,518.71
2024-08-29 08:49:53,BTCUSD_PERP,bid,58400,519.57
2024-08-29 08:49:53,BTCUSD_PERP,bid,58400,634.7
2024-08-29 08:49:53,BTCUSD_PERP,bid,58400,692.56
2024-08-29 08:49:54,BTCUSD_PERP,bid,58400,749.83
2024-08-29 08:49:54,BTCUSD_PERP,bid,58400,807.69
2024-08-29 08:52:52,BTCUSD_PERP,bid,58400,749.83
2024-08-29 08:52:52,BTCUSD_PERP,bid,58400,691.97
2024-08-29 08:52:52,BTCUSD_PERP,bid,58400,634.11
2024-08-29 08:52:52,BTCUSD_PERP,bid,58400,576.25
2024-08-29 08:52:52,BTCUSD_PERP,bid,58400,518.39
2024-08-29 08:55:43,BTCUSD_PERP,bid,47000,2440.23
2024-08-29 09:06:53,BTCUSD_PERP,bid,58500,520.72
2024-08-29 09:15:27,BTCUSD_PERP,bid,58600,577.53
2024-08-29 09:16:21,BTCUSD_PERP,bid,58600,519.47
2024-08-29 09:16:22,BTCUSD_PERP,bid,58600,519.77
2024-08-29 09:16:22,BTCUSD_PERP,bid,58600,577.2
2024-08-29 09:16:22,BTCUSD_PERP,bid,58600,693.26
2024-08-29 09:16:23,BTCUSD_PERP,bid,58600,751.29
2024-08-29 09:17:28,BTCUSD_PERP,bid,58600,693.86
2024-08-29 09:17:31,BTCUSD_PERP,bid,58600,635.83
2024-08-29 09:17:31,BTCUSD_PERP,bid,58600,693.04
2024-08-29 09:17:31,BTCUSD_PERP,bid,58600,751.1
2024-08-29 09:17:31,BTCUSD_PERP,bid,58600,809.16
2024-08-29 09:18:47,BTCUSD_PERP,bid,58600,693.04
2024-08-29 09:18:47,BTCUSD_PERP,bid,58600,635.08
2024-08-29 09:18:47,BTCUSD_PERP,bid,58600,520.15
2024-08-29 09:18:48,BTCUSD_PERP,bid,58600,520.38
2024-08-29 09:18:48,BTCUSD_PERP,bid,58600,751.31
2024-08-29 09:19:28,BTCUSD_PERP,bid,58600,693.87
2024-08-29 09:19:30,BTCUSD_PERP,bid,58600,520.18
2024-08-29 09:19:30,BTCUSD_PERP,bid,58600,578.24
2024-08-29 09:19:30,BTCUSD_PERP,bid,58600,636.3
2024-08-29 09:19:30,BTCUSD_PERP,bid,58600,694.36
2024-08-29 09:22:32,BTCUSD_PERP,bid,58600,520.5
2024-08-29 09:34:29,BTCUSD_PERP,bid,58500,635.04
2024-08-29 09:36:39,BTCUSD_PERP,bid,58500,519.11
2024-08-29 09:39:22,BTCUSD_PERP,bid,58500,518.83
2024-08-29 09:39:22,BTCUSD_PERP,bid,58500,576.74
2024-08-29 09:39:22,BTCUSD_PERP,bid,58500,691.88
2024-08-29 09:40:42,BTCUSD_PERP,bid,58500,692.46
2024-08-29 09:43:10,BTCUSD_PERP,bid,58500,635.14
2024-08-29 09:43:10,BTCUSD_PERP,bid,58500,577.33
2024-08-29 09:43:11,BTCUSD_PERP,bid,58500,519.02
2024-08-29 09:43:11,BTCUSD_PERP,bid,58500,576.96
2024-08-29 09:43:11,BTCUSD_PERP,bid,58500,749.6
2024-08-29 09:43:58,BTCUSD_PERP,bid,58500,808.07
2024-08-29 09:44:12,BTCUSD_PERP,bid,58500,750.09
2024-08-29 09:44:12,BTCUSD_PERP,bid,58500,692.11
2024-08-29 09:44:13,BTCUSD_PERP,bid,58500,634.72
2024-08-29 09:44:13,BTCUSD_PERP,bid,58500,519.35
2024-08-29 09:44:14,BTCUSD_PERP,bid,58600,519.64
2024-08-29 09:44:40,BTCUSD_PERP,bid,58600,519.99
2024-08-29 09:44:41,BTCUSD_PERP,bid,58600,579.25
2024-08-29 09:44:41,BTCUSD_PERP,bid,58600,638.8
2024-08-29 09:45:34,BTCUSD_PERP,bid,58600,581.34
2024-08-29 09:45:35,BTCUSD_PERP,bid,58600,523.88
2024-08-29 09:45:35,BTCUSD_PERP,bid,58600,520.27
2024-08-29 09:45:35,BTCUSD_PERP,bid,58600,578.35
2024-08-29 09:45:36,BTCUSD_PERP,bid,58600,636.43
2024-08-29 09:45:36,BTCUSD_PERP,bid,58600,516.55
2024-08-29 09:45:36,BTCUSD_PERP,bid,58600,694.51
2024-08-29 09:45:36,BTCUSD_PERP,bid,58600,868.16
2024-08-29 09:45:38,BTCUSD_PERP,bid,58600,868.2
2024-08-29 09:46:59,BTCUSD_PERP,bid,58600,810.12
2024-08-29 09:46:59,BTCUSD_PERP,bid,58600,693.62
2024-08-29 09:47:00,BTCUSD_PERP,bid,58600,751.68
2024-08-29 09:47:31,BTCUSD_PERP,bid,58600,752.85
2024-08-29 09:49:11,BTCUSD_PERP,bid,58600,751.68
2024-08-29 09:52:05,BTCUSD_PERP,bid,58600,635.67
2024-08-29 09:52:05,BTCUSD_PERP,bid,58600,519.55
2024-08-29 09:52:05,BTCUSD_PERP,bid,58600,635.77
2024-08-29 09:52:06,BTCUSD_PERP,bid,58600,693.2
2024-08-29 09:52:06,BTCUSD_PERP,bid,58600,751.22
2024-08-29 09:52:06,BTCUSD_PERP,bid,58600,924.1
2024-08-29 09:52:06,BTCUSD_PERP,bid,58600,982.12
2024-08-29 09:52:53,BTCUSD_PERP,bid,58600,924.69
2024-08-29 09:52:53,BTCUSD_PERP,bid,58600,809.06
2024-08-29 09:52:53,BTCUSD_PERP,bid,58600,867.11
2024-08-29 09:55:04,BTCUSD_PERP,bid,58600,751.21
2024-08-29 09:55:04,BTCUSD_PERP,bid,58600,809.23
2024-08-29 09:56:33,BTCUSD_PERP,bid,58600,635.86
2024-08-29 09:56:33,BTCUSD_PERP,bid,58600,577.84
2024-08-29 09:56:33,BTCUSD_PERP,bid,58600,520.57
2024-08-29 09:56:34,BTCUSD_PERP,bid,58600,692.95
2024-08-29 09:56:34,BTCUSD_PERP,bid,58600,750.41
2024-08-29 09:56:34,BTCUSD_PERP,bid,58600,808.46
2024-08-29 09:56:34,BTCUSD_PERP,bid,58600,866.51
2024-08-29 09:56:35,BTCUSD_PERP,bid,58600,924.56
2024-08-29 09:56:35,BTCUSD_PERP,bid,58600,982.61
2024-08-29 09:56:44,BTCUSD_PERP,bid,58600,982.65
2024-08-29 09:59:12,BTCUSD_PERP,bid,58600,925.19
2024-08-29 09:59:12,BTCUSD_PERP,bid,58600,751.63
2024-08-29 09:59:12,BTCUSD_PERP,bid,58600,694.17
2024-08-29 09:59:12,BTCUSD_PERP,bid,58600,636.12
2024-08-29 09:59:13,BTCUSD_PERP,bid,58600,578.07
2024-08-29 09:59:13,BTCUSD_PERP,bid,58600,520.95
2024-08-29 09:59:13,BTCUSD_PERP,bid,58600,579.03
2024-08-29 09:59:13,BTCUSD_PERP,bid,58600,752.09
2024-08-29 09:59:13,BTCUSD_PERP,bid,58600,809.58
2024-08-29 09:59:14,BTCUSD_PERP,bid,58600,867.56
2024-08-29 09:59:49,BTCUSD_PERP,bid,58600,578.63
2024-08-29 09:59:49,BTCUSD_PERP,bid,58600,751.6
2024-08-29 09:59:49,BTCUSD_PERP,bid,58600,809.65
2024-08-29 10:01:36,BTCUSD_PERP,bid,58600,520.26
2024-08-29 10:01:36,BTCUSD_PERP,bid,58600,925.05
2024-08-29 10:01:36,BTCUSD_PERP,bid,58600,983.13
2024-08-29 10:07:15,BTCUSD_PERP,bid,58600,925.05
2024-08-29 10:07:15,BTCUSD_PERP,bid,58600,867.56
2024-08-29 10:07:15,BTCUSD_PERP,bid,58600,751.4
2024-08-29 10:07:15,BTCUSD_PERP,bid,58600,693.91
2024-08-29 10:07:15,BTCUSD_PERP,bid,58600,635.83
2024-08-29 10:07:15,BTCUSD_PERP,bid,58600,933.28
2024-08-29 10:07:15,BTCUSD_PERP,bid,58600,991.33
2024-08-29 10:07:35,BTCUSD_PERP,bid,58600,933.28
2024-08-29 10:07:35,BTCUSD_PERP,bid,58600,875.23
2024-08-29 10:07:35,BTCUSD_PERP,bid,58600,759.72
2024-08-29 10:07:35,BTCUSD_PERP,bid,58600,702.26
2024-08-29 10:07:35,BTCUSD_PERP,bid,58600,808.53
2024-08-29 10:07:36,BTCUSD_PERP,bid,58600,866.54
2024-08-29 10:08:15,BTCUSD_PERP,bid,58600,809.12
2024-08-29 10:08:15,BTCUSD_PERP,bid,58600,693.69
2024-08-29 10:08:15,BTCUSD_PERP,bid,58500,808.02
2024-08-29 10:08:16,BTCUSD_PERP,bid,58500,866.0
2024-08-29 10:08:17,BTCUSD_PERP,bid,58500,923.38
2024-08-29 10:08:23,BTCUSD_PERP,bid,58500,923.42
2024-08-29 10:08:28,BTCUSD_PERP,bid,58500,923.46
2024-08-29 10:08:42,BTCUSD_PERP,bid,58500,866.08
2024-08-29 10:08:45,BTCUSD_PERP,bid,58500,808.1
2024-08-29 10:08:45,BTCUSD_PERP,bid,58600,865.92
2024-08-29 10:08:45,BTCUSD_PERP,bid,58600,923.93
2024-08-29 10:09:41,BTCUSD_PERP,bid,58600,926.03
2024-08-29 10:09:41,BTCUSD_PERP,bid,58600,927.25
2024-08-29 10:09:43,BTCUSD_PERP,bid,58600,941.29
2024-08-29 10:10:07,BTCUSD_PERP,bid,58600,940.07
2024-08-29 10:11:42,BTCUSD_PERP,bid,58600,937.97
2024-08-29 10:11:44,BTCUSD_PERP,bid,58600,923.93
2024-08-29 10:17:38,BTCUSD_PERP,bid,58600,865.92
2024-08-29 10:17:38,BTCUSD_PERP,bid,58600,808.5
2024-08-29 10:17:38,BTCUSD_PERP,bid,58600,751.08
2024-08-29 10:17:38,BTCUSD_PERP,bid,58600,693.07
2024-08-29 10:17:38,BTCUSD_PERP,bid,58600,635.65
2024-08-29 10:17:38,BTCUSD_PERP,bid,58600,577.74
2024-08-29 10:17:39,BTCUSD_PERP,bid,58600,520.32
2024-08-29 10:17:39,BTCUSD_PERP,bid,58500,520.05
2024-08-29 10:18:10,BTCUSD_PERP,bid,58500,519.0
2024-08-29 10:18:10,BTCUSD_PERP,bid,58500,519.7
2024-08-29 10:18:43,BTCUSD_PERP,bid,58500,520.03
2024-08-29 10:18:44,BTCUSD_PERP,bid,58500,578.01
2024-08-29 10:18:44,BTCUSD_PERP,bid,58500,635.39
2024-08-29 10:18:44,BTCUSD_PERP,bid,58500,692.77
2024-08-29 10:18:44,BTCUSD_PERP,bid,58500,750.15
2024-08-29 10:18:44,BTCUSD_PERP,bid,58500,807.54
2024-08-29 10:18:44,BTCUSD_PERP,bid,58500,981.38
2024-08-29 10:18:45,BTCUSD_PERP,bid,58500,1039.36
2024-08-29 10:18:45,BTCUSD_PERP,bid,58500,1096.75
2024-08-29 10:26:34,BTCUSD_PERP,bid,58500,981.39
2024-08-29 10:26:34,BTCUSD_PERP,bid,58500,866.02
2024-08-29 10:26:34,BTCUSD_PERP,bid,58500,750.06
2024-08-29 10:26:35,BTCUSD_PERP,bid,58500,634.7
2024-08-29 10:26:35,BTCUSD_PERP,bid,58500,576.82
2024-08-29 10:26:35,BTCUSD_PERP,bid,58500,519.44
2024-08-29 10:26:35,BTCUSD_PERP,bid,58500,520.2
2024-08-29 10:26:35,BTCUSD_PERP,bid,58500,577.61
2024-08-29 10:26:35,BTCUSD_PERP,bid,58500,693.03
2024-08-29 10:26:35,BTCUSD_PERP,bid,58500,750.45
2024-08-29 10:26:36,BTCUSD_PERP,bid,58500,866.47
2024-08-29 10:26:36,BTCUSD_PERP,bid,58500,924.48
2024-08-29 10:26:36,BTCUSD_PERP,bid,58500,981.9
2024-08-29 10:26:36,BTCUSD_PERP,bid,58500,1039.91
2024-08-29 10:26:53,BTCUSD_PERP,bid,58500,924.48
2024-08-29 10:26:53,BTCUSD_PERP,bid,58500,808.46
2024-08-29 10:26:53,BTCUSD_PERP,bid,58500,693.03
2024-08-29 10:26:54,BTCUSD_PERP,bid,58500,577.01
2024-08-29 10:26:54,BTCUSD_PERP,bid,58500,519.0
2024-08-29 10:26:54,BTCUSD_PERP,bid,58600,521.18
2024-08-29 10:26:55,BTCUSD_PERP,bid,58600,519.27
2024-08-29 10:27:55,BTCUSD_PERP,bid,58500,519.06
2024-08-29 10:27:55,BTCUSD_PERP,bid,58500,981.78
2024-08-29 10:27:55,BTCUSD_PERP,bid,58500,563.94
2024-08-29 10:30:49,BTCUSD_PERP,bid,58600,982.39
2024-08-29 10:30:49,BTCUSD_PERP,bid,58500,564.23
2024-08-29 10:30:49,BTCUSD_PERP,bid,58600,1040.43
2024-08-29 10:32:16,BTCUSD_PERP,bid,58600,520.57
2024-08-29 10:32:16,BTCUSD_PERP,bid,58600,520.72
2024-08-29 10:57:45,BTCUSD_PERP,bid,58600,520.87
2024-08-29 10:57:45,BTCUSD_PERP,bid,58600,636.91
2024-08-29 10:57:46,BTCUSD_PERP,bid,58600,694.98
2024-08-29 11:01:25,BTCUSD_PERP,bid,58600,521.08
2024-08-29 11:04:00,BTCUSD_PERP,bid,58600,521.34
2024-08-29 11:05:08,BTCUSD_PERP,bid,58600,521.08
2024-08-29 11:14:06,BTCUSD_PERP,bid,58600,520.62
2024-08-29 11:14:06,BTCUSD_PERP,bid,58600,578.66
2024-08-29 11:14:06,BTCUSD_PERP,bid,58600,588.42
2024-08-29 11:14:06,BTCUSD_PERP,bid,58600,704.5
2024-08-29 11:15:23,BTCUSD_PERP,bid,58600,588.42
2024-08-29 11:37:16,BTCUSD_PERP,bid,58600,519.65
2024-08-29 11:38:23,BTCUSD_PERP,bid,58600,520.0
2024-08-29 11:38:23,BTCUSD_PERP,bid,58600,578.1
2024-08-29 11:38:24,BTCUSD_PERP,bid,58600,635.61
2024-08-29 11:38:24,BTCUSD_PERP,bid,58600,751.81
2024-08-29 11:38:24,BTCUSD_PERP,bid,58600,809.91
2024-08-29 11:38:24,BTCUSD_PERP,bid,58600,868.01
2024-08-29 11:39:09,BTCUSD_PERP,bid,58600,809.91
2024-08-29 11:39:09,BTCUSD_PERP,bid,58600,694.3
2024-08-29 11:39:09,BTCUSD_PERP,bid,58600,636.2
2024-08-29 11:39:09,BTCUSD_PERP,bid,58600,578.1
2024-08-29 11:39:10,BTCUSD_PERP,bid,58600,520.6
2024-08-29 11:39:10,BTCUSD_PERP,bid,58600,577.73
2024-08-29 11:39:10,BTCUSD_PERP,bid,58600,635.8
2024-08-29 11:39:10,BTCUSD_PERP,bid,58600,693.27
2024-08-29 11:39:10,BTCUSD_PERP,bid,58600,808.81
2024-08-29 11:39:10,BTCUSD_PERP,bid,58600,866.88
2024-08-29 11:39:13,BTCUSD_PERP,bid,58600,866.92
2024-08-29 11:39:16,BTCUSD_PERP,bid,58600,866.96
2024-08-29 11:40:08,BTCUSD_PERP,bid,58600,924.44
2024-08-29 11:40:44,BTCUSD_PERP,bid,58600,752.02
2024-08-29 11:40:44,BTCUSD_PERP,bid,58600,636.47
2024-08-29 11:40:44,BTCUSD_PERP,bid,58600,579.0
2024-08-29 11:40:44,BTCUSD_PERP,bid,58600,521.53
2024-08-29 11:41:17,BTCUSD_PERP,bid,58600,521.72
2024-08-29 11:41:18,BTCUSD_PERP,bid,58600,579.82
2024-08-29 11:43:46,BTCUSD_PERP,bid,58600,579.84
2024-08-29 11:43:47,BTCUSD_PERP,bid,58600,579.82
2024-08-29 11:48:22,BTCUSD_PERP,ask,59800,516.36
2024-08-29 11:49:06,BTCUSD_PERP,ask,59800,506.81
2024-08-29 11:51:24,BTCUSD_PERP,bid,58600,636.4
2024-08-29 11:51:24,BTCUSD_PERP,bid,58600,694.47
2024-08-29 11:52:25,BTCUSD_PERP,bid,58600,636.4
2024-08-29 11:52:25,BTCUSD_PERP,bid,58600,520.26
2024-08-29 11:52:26,BTCUSD_PERP,bid,58600,520.53
2024-08-29 11:52:26,BTCUSD_PERP,bid,58600,578.63
2024-08-29 11:52:26,BTCUSD_PERP,bid,58600,636.73
2024-08-29 11:52:30,BTCUSD_PERP,bid,58600,636.77
2024-08-29 11:53:15,BTCUSD_PERP,bid,58600,521.17
2024-08-29 11:53:15,BTCUSD_PERP,bid,58700,577.76
2024-08-29 11:53:16,BTCUSD_PERP,bid,58700,635.3
2024-08-29 11:53:16,BTCUSD_PERP,bid,58700,693.43
2024-08-29 11:53:17,BTCUSD_PERP,bid,58700,693.47
2024-08-29 11:53:32,BTCUSD_PERP,bid,58700,635.93
2024-08-29 11:53:32,BTCUSD_PERP,bid,58700,578.39
2024-08-29 11:53:32,BTCUSD_PERP,bid,58600,519.37
2024-08-29 11:53:33,BTCUSD_PERP,bid,58600,577.47
2024-08-29 11:53:33,BTCUSD_PERP,bid,58600,634.98
2024-08-29 11:53:34,BTCUSD_PERP,bid,58600,693.08
2024-08-29 11:54:48,BTCUSD_PERP,bid,58600,693.67
2024-08-29 11:55:16,BTCUSD_PERP,bid,58600,693.9
2024-08-29 11:55:16,BTCUSD_PERP,bid,58600,751.97
2024-08-29 11:56:02,BTCUSD_PERP,bid,58600,693.9
2024-08-29 11:56:03,BTCUSD_PERP,bid,58600,636.41
2024-08-29 11:56:03,BTCUSD_PERP,bid,58600,578.93
2024-08-29 11:56:03,BTCUSD_PERP,bid,58600,520.86
2024-08-29 12:16:18,BTCUSD_PERP,bid,58700,521.05
2024-08-29 12:16:18,BTCUSD_PERP,bid,58700,579.21
2024-08-29 12:16:33,BTCUSD_PERP,bid,58700,521.05
2024-08-29 12:16:52,BTCUSD_PERP,bid,58700,521.41
2024-08-29 12:19:23,BTCUSD_PERP,ask,59900,500.16
2024-08-29 12:40:50,BTCUSD_PERP,bid,58800,696.03
2024-08-29 12:40:51,BTCUSD_PERP,bid,58800,754.29
2024-08-29 12:41:40,BTCUSD_PERP,bid,58800,638.97
2024-08-29 12:41:40,BTCUSD_PERP,bid,58800,580.71
2024-08-29 12:41:40,BTCUSD_PERP,bid,58800,522.45
2024-08-29 12:41:40,BTCUSD_PERP,bid,58800,522.11
2024-08-29 12:41:40,BTCUSD_PERP,bid,58800,580.4
2024-08-29 12:41:41,BTCUSD_PERP,bid,58800,638.1
2024-08-29 12:48:34,BTCUSD_PERP,bid,58800,579.81
2024-08-29 12:48:34,BTCUSD_PERP,bid,58900,521.84
2024-08-29 12:48:34,BTCUSD_PERP,bid,58900,638.48
2024-08-29 12:48:35,BTCUSD_PERP,bid,58900,755.12
2024-08-29 12:48:35,BTCUSD_PERP,bid,58900,813.44
2024-08-29 12:48:35,BTCUSD_PERP,bid,58900,871.17
2024-08-29 12:48:35,BTCUSD_PERP,bid,58900,929.49
2024-08-29 12:48:36,BTCUSD_PERP,bid,58900,987.22
2024-08-29 12:49:51,BTCUSD_PERP,bid,58900,929.49
2024-08-29 12:49:52,BTCUSD_PERP,bid,58900,813.43
2024-08-29 13:02:26,BTCUSD_PERP,bid,59000,524.25
2024-08-29 13:02:26,BTCUSD_PERP,bid,59000,582.7
2024-08-29 13:02:40,BTCUSD_PERP,bid,59000,523.98
2024-08-29 13:02:40,BTCUSD_PERP,bid,59000,582.4
2024-08-29 13:03:36,BTCUSD_PERP,bid,59000,523.98
2024-08-29 13:03:36,BTCUSD_PERP,bid,58900,523.04
2024-08-29 13:03:36,BTCUSD_PERP,bid,58900,698.18
2024-08-29 13:04:11,BTCUSD_PERP,bid,58900,639.8
2024-08-29 13:04:12,BTCUSD_PERP,bid,58900,582.02
2024-08-29 13:04:12,BTCUSD_PERP,bid,58900,523.64
2024-08-29 13:04:13,BTCUSD_PERP,bid,59000,583.0
2024-08-29 13:04:13,BTCUSD_PERP,bid,59000,698.67
2024-08-29 13:05:47,BTCUSD_PERP,bid,59000,640.34
2024-08-29 13:05:47,BTCUSD_PERP,bid,59000,582.5
2024-08-29 13:05:48,BTCUSD_PERP,bid,58900,639.9
2024-08-29 13:05:48,BTCUSD_PERP,bid,58900,698.3
2024-08-29 13:05:48,BTCUSD_PERP,bid,58900,698.34
2024-08-29 13:06:23,BTCUSD_PERP,bid,58900,523.43
2024-08-29 13:06:23,BTCUSD_PERP,bid,58900,581.8
2024-08-29 13:07:13,BTCUSD_PERP,bid,58900,523.71
2024-08-29 13:07:13,BTCUSD_PERP,bid,58900,582.11
2024-08-29 13:08:44,BTCUSD_PERP,bid,58900,523.71
2024-08-29 13:08:44,BTCUSD_PERP,bid,58900,639.58
2024-08-29 13:08:44,BTCUSD_PERP,bid,58900,755.72
2024-08-29 13:08:48,BTCUSD_PERP,bid,58900,755.76
2024-08-29 13:12:19,BTCUSD_PERP,bid,58900,755.72
2024-08-29 13:12:25,BTCUSD_PERP,bid,58900,580.9
2024-08-29 13:12:25,BTCUSD_PERP,bid,58900,639.24
2024-08-29 13:15:35,BTCUSD_PERP,bid,58800,638.85
2024-08-29 13:15:35,BTCUSD_PERP,bid,58800,697.15
2024-08-29 13:20:17,BTCUSD_PERP,bid,58800,639.43
2024-08-29 13:20:18,BTCUSD_PERP,bid,58800,581.13
2024-08-29 13:20:18,BTCUSD_PERP,bid,58800,523.42
2024-08-29 13:21:26,BTCUSD_PERP,bid,58900,582.72
2024-08-29 13:21:47,BTCUSD_PERP,bid,58900,524.32
2024-08-29 13:21:48,BTCUSD_PERP,bid,59000,582.34
2024-08-29 13:25:42,BTCUSD_PERP,bid,59000,757.09
2024-08-29 13:29:35,BTCUSD_PERP,bid,59000,640.83
2024-08-29 13:29:35,BTCUSD_PERP,bid,58900,533.52
2024-08-29 13:29:53,BTCUSD_PERP,ask,60100,543.75
2024-08-29 13:30:38,BTCUSD_PERP,bid,59500,1683.25
2024-08-29 13:30:38,BTCUSD_PERP,bid,59000,533.76
2024-08-29 13:30:39,BTCUSD_PERP,bid,59000,709.2
2024-08-29 13:30:39,BTCUSD_PERP,bid,59000,767.08
2024-08-29 13:30:39,BTCUSD_PERP,bid,59000,824.97
2024-08-29 13:30:39,BTCUSD_PERP,bid,59000,941.23
2024-08-29 13:30:40,BTCUSD_PERP,bid,59500,1683.97
2024-08-29 13:30:41,BTCUSD_PERP,bid,59500,1686.19
2024-08-29 13:30:41,BTCUSD_PERP,bid,59500,1686.96
2024-08-29 13:30:41,BTCUSD_PERP,bid,59500,1687.96
2024-08-29 13:30:42,BTCUSD_PERP,bid,59500,1685.62
2024-08-29 13:30:42,BTCUSD_PERP,bid,59500,1685.21
2024-08-29 13:30:42,BTCUSD_PERP,bid,59500,1685.05
2024-08-29 13:30:42,BTCUSD_PERP,bid,59500,1684.93
2024-08-29 13:30:43,BTCUSD_PERP,bid,59500,1684.21
2024-08-29 13:30:43,BTCUSD_PERP,bid,59500,1684.05
2024-08-29 13:30:45,BTCUSD_PERP,bid,59500,1547.14
2024-08-29 13:30:45,BTCUSD_PERP,bid,59500,1547.15
2024-08-29 13:30:45,BTCUSD_PERP,bid,59500,1547.16
2024-08-29 13:30:46,BTCUSD_PERP,bid,59500,1547.9
2024-08-29 13:30:46,BTCUSD_PERP,bid,59500,1547.92
2024-08-29 13:30:46,BTCUSD_PERP,bid,59500,1548.37
2024-08-29 13:30:46,BTCUSD_PERP,bid,59500,1547.92
2024-08-29 13:30:46,BTCUSD_PERP,bid,59500,1547.89
2024-08-29 13:30:46,BTCUSD_PERP,bid,59500,1536.0
2024-08-29 13:30:47,BTCUSD_PERP,bid,59500,1536.0
2024-08-29 13:30:47,BTCUSD_PERP,bid,59500,1535.66
2024-08-29 13:30:47,BTCUSD_PERP,bid,59500,1537.28
2024-08-29 13:30:48,BTCUSD_PERP,bid,59500,1537.77
2024-08-29 13:30:48,BTCUSD_PERP,bid,59500,1537.28
2024-08-29 13:30:48,BTCUSD_PERP,bid,59500,1537.27
2024-08-29 13:30:48,BTCUSD_PERP,bid,59500,1537.29
2024-08-29 13:30:48,BTCUSD_PERP,bid,59500,1538.08
2024-08-29 13:30:48,BTCUSD_PERP,bid,59500,1537.44
2024-08-29 13:30:49,BTCUSD_PERP,bid,59500,1537.45
2024-08-29 13:30:49,BTCUSD_PERP,bid,59500,1534.19
2024-08-29 13:30:49,BTCUSD_PERP,bid,59000,883.34
2024-08-29 13:30:49,BTCUSD_PERP,bid,59500,1534.18
2024-08-29 13:30:49,BTCUSD_PERP,bid,59500,1533.78
2024-08-29 13:30:50,BTCUSD_PERP,bid,59000,825.46
2024-08-29 13:30:50,BTCUSD_PERP,bid,59500,1533.06
2024-08-29 13:30:50,BTCUSD_PERP,bid,59000,767.08
2024-08-29 13:30:50,BTCUSD_PERP,bid,59000,709.2
2024-08-29 13:30:50,BTCUSD_PERP,bid,59000,651.32
2024-08-29 13:30:50,BTCUSD_PERP,bid,59500,1529.92
2024-08-29 13:30:50,BTCUSD_PERP,bid,59000,592.84
2024-08-29 13:30:50,BTCUSD_PERP,bid,59500,1528.9
2024-08-29 13:30:50,BTCUSD_PERP,bid,59000,534.36
2024-08-29 13:30:50,BTCUSD_PERP,bid,59100,524.11
2024-08-29 13:30:50,BTCUSD_PERP,bid,59500,1528.11
2024-08-29 13:30:51,BTCUSD_PERP,bid,59100,582.62
2024-08-29 13:30:51,BTCUSD_PERP,bid,59000,510.47
2024-08-29 13:30:51,BTCUSD_PERP,bid,59100,756.37
2024-08-29 13:30:51,BTCUSD_PERP,bid,59100,872.79
2024-08-29 13:30:51,BTCUSD_PERP,bid,59100,1048.32
2024-08-29 13:30:51,BTCUSD_PERP,bid,59100,1106.83
2024-08-29 13:30:51,BTCUSD_PERP,bid,59000,568.89
2024-08-29 13:30:52,BTCUSD_PERP,bid,59500,1527.31
2024-08-29 13:30:52,BTCUSD_PERP,bid,59500,1527.15
2024-08-29 13:30:54,BTCUSD_PERP,bid,59500,1480.75
2024-08-29 13:30:54,BTCUSD_PERP,bid,59500,1474.77
2024-08-29 13:30:54,BTCUSD_PERP,bid,59500,1474.76
2024-08-29 13:30:54,BTCUSD_PERP,bid,59500,1478.27
2024-08-29 13:30:55,BTCUSD_PERP,bid,59500,1471.42
2024-08-29 13:30:55,BTCUSD_PERP,bid,59500,1468.19
2024-08-29 13:30:58,BTCUSD_PERP,bid,59500,1467.23
2024-08-29 13:30:58,BTCUSD_PERP,bid,59100,1048.91
2024-08-29 13:30:58,BTCUSD_PERP,bid,59100,933.08
2024-08-29 13:30:58,BTCUSD_PERP,bid,59100,874.67
2024-08-29 13:30:58,BTCUSD_PERP,bid,59500,1467.23
2024-08-29 13:30:59,BTCUSD_PERP,bid,59100,816.16
2024-08-29 13:30:59,BTCUSD_PERP,bid,59100,699.14
2024-08-29 13:30:59,BTCUSD_PERP,bid,59100,641.23
2024-08-29 13:30:59,BTCUSD_PERP,bid,59100,582.72
2024-08-29 13:30:59,BTCUSD_PERP,bid,59100,524.21
2024-08-29 13:31:00,BTCUSD_PERP,bid,59100,592.45
2024-08-29 13:31:00,BTCUSD_PERP,bid,59100,651.01
2024-08-29 13:31:00,BTCUSD_PERP,bid,59100,709.57
2024-08-29 13:31:05,BTCUSD_PERP,bid,59500,1467.73
2024-08-29 13:31:05,BTCUSD_PERP,bid,59500,1467.48
2024-08-29 13:31:05,BTCUSD_PERP,bid,59500,1467.23
2024-08-29 13:31:07,BTCUSD_PERP,bid,59100,582.9
2024-08-29 13:31:07,BTCUSD_PERP,bid,59100,641.43
2024-08-29 13:31:19,BTCUSD_PERP,bid,59500,1468.18
2024-08-29 13:31:21,BTCUSD_PERP,bid,59500,1467.23
2024-08-29 13:31:32,BTCUSD_PERP,bid,59100,582.9
2024-08-29 13:31:32,BTCUSD_PERP,bid,59100,524.37
2024-08-29 13:31:33,BTCUSD_PERP,bid,59100,527.39
2024-08-29 13:31:34,BTCUSD_PERP,bid,59100,585.97
2024-08-29 13:31:34,BTCUSD_PERP,bid,59100,716.58
2024-08-29 13:31:34,BTCUSD_PERP,bid,59100,511.0
2024-08-29 13:31:34,BTCUSD_PERP,bid,59100,891.12
2024-08-29 13:31:34,BTCUSD_PERP,bid,59100,949.09
2024-08-29 13:31:34,BTCUSD_PERP,bid,59100,1007.67
2024-08-29 13:32:07,BTCUSD_PERP,bid,59100,949.69
2024-08-29 13:32:07,BTCUSD_PERP,bid,59100,815.96
2024-08-29 13:32:07,BTCUSD_PERP,bid,59000,510.68
2024-08-29 13:32:07,BTCUSD_PERP,bid,59100,874.51
2024-08-29 13:32:07,BTCUSD_PERP,bid,59100,933.06
2024-08-29 13:32:08,BTCUSD_PERP,bid,59100,991.01
2024-08-29 13:32:33,BTCUSD_PERP,bid,59100,874.51
2024-08-29 13:32:33,BTCUSD_PERP,bid,59100,757.52
2024-08-29 13:32:33,BTCUSD_PERP,bid,59100,698.97
2024-08-29 13:32:33,BTCUSD_PERP,bid,59100,640.42
2024-08-29 13:32:33,BTCUSD_PERP,bid,59100,581.87
2024-08-29 13:32:34,BTCUSD_PERP,bid,59100,526.56
2024-08-29 13:32:34,BTCUSD_PERP,bid,59100,642.55
2024-08-29 13:32:34,BTCUSD_PERP,bid,59100,700.53
2024-08-29 13:32:34,BTCUSD_PERP,bid,59100,758.51
2024-08-29 13:32:34,BTCUSD_PERP,bid,59100,511.0
2024-08-29 13:32:34,BTCUSD_PERP,bid,59100,875.67
2024-08-29 13:32:35,BTCUSD_PERP,bid,59100,991.61
2024-08-29 13:33:52,BTCUSD_PERP,bid,59100,875.05
2024-08-29 13:33:53,BTCUSD_PERP,bid,59100,816.47
2024-08-29 13:33:53,BTCUSD_PERP,bid,59000,510.86
2024-08-29 13:33:53,BTCUSD_PERP,bid,59100,874.42
2024-08-29 13:33:53,BTCUSD_PERP,bid,59100,932.96
2024-08-29 13:34:41,BTCUSD_PERP,bid,59100,511.01
2024-08-29 13:34:41,BTCUSD_PERP,bid,59100,932.99
2024-08-29 13:34:41,BTCUSD_PERP,bid,59100,991.57
2024-08-29 13:34:54,BTCUSD_PERP,bid,59100,933.59
2024-08-29 13:34:54,BTCUSD_PERP,bid,59100,700.57
2024-08-29 13:34:54,BTCUSD_PERP,bid,59100,524.83
2024-08-29 13:34:54,BTCUSD_PERP,bid,59200,536.23
2024-08-29 13:34:54,BTCUSD_PERP,bid,59200,594.26
2024-08-29 13:34:56,BTCUSD_PERP,bid,59200,525.27
2024-08-29 13:35:17,BTCUSD_PERP,bid,59200,525.57
2024-08-29 13:35:17,BTCUSD_PERP,bid,59200,584.18
2024-08-29 13:36:19,BTCUSD_PERP,bid,59100,535.15
2024-08-29 13:36:19,BTCUSD_PERP,bid,59100,593.73
2024-08-29 13:37:43,BTCUSD_PERP,bid,59100,535.15
2024-08-29 13:38:34,BTCUSD_PERP,bid,59200,527.67
2024-08-29 13:38:34,BTCUSD_PERP,bid,59200,644.41
2024-08-29 13:38:35,BTCUSD_PERP,bid,59200,702.49
2024-08-29 13:38:35,BTCUSD_PERP,bid,59200,511.83
2024-08-29 13:38:35,BTCUSD_PERP,bid,59200,761.16
2024-08-29 13:38:51,BTCUSD_PERP,bid,59200,643.82
2024-08-29 13:38:51,BTCUSD_PERP,bid,59200,827.89
2024-08-29 13:38:52,BTCUSD_PERP,bid,59200,886.53
2024-08-29 13:38:52,BTCUSD_PERP,bid,59100,511.5
2024-08-29 13:39:13,BTCUSD_PERP,bid,59200,875.31
2024-08-29 13:39:45,BTCUSD_PERP,bid,59200,817.27
2024-08-29 13:39:45,BTCUSD_PERP,bid,59100,526.8
2024-08-29 13:39:45,BTCUSD_PERP,bid,59100,643.9
2024-08-29 13:40:55,BTCUSD_PERP,bid,59100,585.3
2024-08-29 13:40:55,BTCUSD_PERP,bid,59100,526.7
2024-08-29 13:40:56,BTCUSD_PERP,bid,59200,527.07
2024-08-29 13:40:56,BTCUSD_PERP,bid,59200,585.6
2024-08-29 13:40:56,BTCUSD_PERP,bid,59200,702.27
2024-08-29 13:40:56,BTCUSD_PERP,bid,59200,760.9
2024-08-29 13:40:56,BTCUSD_PERP,bid,59200,819.53
2024-08-29 13:40:56,BTCUSD_PERP,bid,59200,877.56
2024-08-29 13:40:56,BTCUSD_PERP,bid,59200,935.59
2024-08-29 13:40:57,BTCUSD_PERP,bid,59200,993.62
2024-08-29 13:41:19,BTCUSD_PERP,bid,59100,642.59
2024-08-29 13:41:19,BTCUSD_PERP,bid,59100,701.18
2024-08-29 13:42:39,BTCUSD_PERP,bid,59100,642.86
2024-08-29 13:42:39,BTCUSD_PERP,bid,59100,701.42
2024-08-29 13:45:08,BTCUSD_PERP,bid,59100,525.74
2024-08-29 13:45:08,BTCUSD_PERP,bid,59100,584.09
2024-08-29 13:45:09,BTCUSD_PERP,bid,59100,700.68
2024-08-29 13:45:09,BTCUSD_PERP,bid,59100,759.28
2024-08-29 13:45:09,BTCUSD_PERP,bid,59100,817.88
2024-08-29 13:45:09,BTCUSD_PERP,bid,59100,876.48
2024-08-29 13:45:43,BTCUSD_PERP,bid,59100,759.49
2024-08-29 13:45:43,BTCUSD_PERP,bid,59100,818.06
2024-08-29 13:47:12,BTCUSD_PERP,bid,59100,759.49
2024-08-29 13:47:12,BTCUSD_PERP,bid,59100,700.92
2024-08-29 13:47:13,BTCUSD_PERP,bid,59100,642.35
2024-08-29 13:47:13,BTCUSD_PERP,bid,59100,525.21
2024-08-29 13:47:13,BTCUSD_PERP,bid,59100,582.91
2024-08-29 13:47:13,BTCUSD_PERP,bid,59100,640.84
2024-08-29 13:47:14,BTCUSD_PERP,bid,59100,699.37
2024-08-29 13:47:14,BTCUSD_PERP,bid,59100,816.33
2024-08-29 13:47:14,BTCUSD_PERP,bid,59100,874.86
2024-08-29 13:50:37,BTCUSD_PERP,bid,59100,816.93
2024-08-29 13:50:37,BTCUSD_PERP,bid,59100,700.47
2024-08-29 13:50:37,BTCUSD_PERP,bid,59100,584.01
2024-08-29 13:50:38,BTCUSD_PERP,bid,59100,526.07
2024-08-29 13:50:38,BTCUSD_PERP,bid,59100,525.4
2024-08-29 13:50:38,BTCUSD_PERP,bid,59100,583.98
2024-08-29 13:50:38,BTCUSD_PERP,bid,59100,652.41
2024-08-29 13:50:38,BTCUSD_PERP,bid,59100,769.57
2024-08-29 13:50:38,BTCUSD_PERP,bid,59100,828.04
2024-08-29 13:50:39,BTCUSD_PERP,bid,59100,886.02
2024-08-29 13:50:39,BTCUSD_PERP,bid,59100,944.0
2024-08-29 13:50:39,BTCUSD_PERP,bid,59100,1002.58
2024-08-29 13:50:49,BTCUSD_PERP,bid,59100,1060.56
2024-08-29 13:54:10,BTCUSD_PERP,bid,59100,875.12
2024-08-29 13:54:10,BTCUSD_PERP,bid,59100,933.67
2024-08-29 13:55:31,BTCUSD_PERP,bid,59100,758.62
2024-08-29 13:55:31,BTCUSD_PERP,bid,59100,700.67
2024-08-29 13:55:31,BTCUSD_PERP,bid,59100,642.12
2024-08-29 13:55:32,BTCUSD_PERP,bid,59100,583.57
2024-08-29 13:55:32,BTCUSD_PERP,bid,59100,534.66
2024-08-29 13:55:32,BTCUSD_PERP,bid,59100,768.1
2024-08-29 13:55:32,BTCUSD_PERP,bid,59100,826.02
2024-08-29 13:56:25,BTCUSD_PERP,bid,59100,535.25
2024-08-29 13:56:25,BTCUSD_PERP,bid,59000,757.29
2024-08-29 13:56:25,BTCUSD_PERP,bid,59000,815.77
2024-08-29 13:57:20,BTCUSD_PERP,bid,59000,591.94
2024-08-29 13:57:20,BTCUSD_PERP,bid,59000,883.49
2024-08-29 13:57:20,BTCUSD_PERP,bid,59000,941.94
2024-08-29 13:58:18,BTCUSD_PERP,bid,59000,825.04
2024-08-29 13:58:18,BTCUSD_PERP,bid,59000,767.19
2024-08-29 13:58:18,BTCUSD_PERP,bid,59000,709.33
2024-08-29 13:58:18,BTCUSD_PERP,bid,59000,651.48
2024-08-29 13:58:19,BTCUSD_PERP,bid,59000,535.18
2024-08-29 13:58:19,BTCUSD_PERP,bid,59000,640.29
2024-08-29 13:58:19,BTCUSD_PERP,bid,59000,698.77
2024-08-29 13:58:19,BTCUSD_PERP,bid,59000,757.25
2024-08-29 13:58:20,BTCUSD_PERP,bid,59000,815.63
2024-08-29 13:58:20,BTCUSD_PERP,bid,59000,874.11
2024-08-29 14:00:50,BTCUSD_PERP,bid,59000,757.15
2024-08-29 14:00:50,BTCUSD_PERP,bid,59000,699.27
2024-08-29 14:00:50,BTCUSD_PERP,bid,59000,640.79
2024-08-29 14:00:50,BTCUSD_PERP,bid,59000,582.91
2024-08-29 14:00:50,BTCUSD_PERP,bid,59000,525.02
2024-08-29 14:00:51,BTCUSD_PERP,bid,59100,582.76
2024-08-29 14:00:51,BTCUSD_PERP,bid,59100,641.27
2024-08-29 14:00:51,BTCUSD_PERP,bid,59100,826.04
2024-08-29 14:01:46,BTCUSD_PERP,bid,59100,700.11
2024-08-29 14:01:47,BTCUSD_PERP,bid,59100,758.05
2024-08-29 14:01:47,BTCUSD_PERP,bid,59100,816.59
2024-08-29 14:03:48,BTCUSD_PERP,bid,59100,818.71
2024-08-29 14:03:50,BTCUSD_PERP,bid,59100,832.88
2024-08-29 14:05:19,BTCUSD_PERP,bid,59100,830.76
2024-08-29 14:05:23,BTCUSD_PERP,bid,59100,816.59
2024-08-29 14:05:45,BTCUSD_PERP,bid,59100,700.1
2024-08-29 14:05:45,BTCUSD_PERP,bid,59100,641.56
2024-08-29 14:05:45,BTCUSD_PERP,bid,59100,583.62
2024-08-29 14:05:45,BTCUSD_PERP,bid,59100,525.67
2024-08-29 14:05:46,BTCUSD_PERP,bid,59100,534.0
2024-08-29 14:05:46,BTCUSD_PERP,bid,59100,591.97
2024-08-29 14:05:46,BTCUSD_PERP,bid,59100,650.54
2024-08-29 14:05:46,BTCUSD_PERP,bid,59100,709.11
2024-08-29 14:05:47,BTCUSD_PERP,bid,59100,767.68
2024-08-29 14:05:47,BTCUSD_PERP,bid,59100,884.82
2024-08-29 14:05:56,BTCUSD_PERP,bid,59100,884.86
2024-08-29 14:09:22,BTCUSD_PERP,bid,59100,884.82
2024-08-29 14:10:26,BTCUSD_PERP,bid,59100,524.47
2024-08-29 14:10:27,BTCUSD_PERP,bid,59100,583.01
2024-08-29 14:10:52,BTCUSD_PERP,bid,59100,780.65
2024-08-29 14:10:52,BTCUSD_PERP,bid,59100,839.16
2024-08-29 14:11:20,BTCUSD_PERP,bid,59100,815.55
2024-08-29 14:15:57,BTCUSD_PERP,bid,59100,699.13
2024-08-29 14:15:58,BTCUSD_PERP,bid,59100,640.62
2024-08-29 14:15:58,BTCUSD_PERP,bid,59100,582.11
2024-08-29 14:15:58,BTCUSD_PERP,bid,59100,524.2
2024-08-29 14:15:59,BTCUSD_PERP,bid,59100,525.06
2024-08-29 14:15:59,BTCUSD_PERP,bid,59100,640.95
2024-08-29 14:15:59,BTCUSD_PERP,bid,59100,758.03
2024-08-29 14:16:49,BTCUSD_PERP,bid,59100,699.49
2024-08-29 14:16:49,BTCUSD_PERP,bid,59100,640.95
2024-08-29 14:16:49,BTCUSD_PERP,bid,59100,583.31
2024-08-29 14:16:49,BTCUSD_PERP,bid,59100,757.04
2024-08-29 14:17:06,BTCUSD_PERP,bid,59100,757.45
2024-08-29 14:17:06,BTCUSD_PERP,bid,59100,815.99
2024-08-29 14:17:06,BTCUSD_PERP,bid,59100,874.53
2024-08-29 14:20:26,BTCUSD_PERP,bid,59100,816.58
2024-08-29 14:20:26,BTCUSD_PERP,bid,59100,642.15
2024-08-29 14:20:26,BTCUSD_PERP,bid,59100,815.57
2024-08-29 14:20:26,BTCUSD_PERP,bid,59100,874.08
2024-08-29 14:22:47,BTCUSD_PERP,bid,59000,815.12
2024-08-29 14:22:47,BTCUSD_PERP,bid,59000,873.6
2024-08-29 14:26:28,BTCUSD_PERP,bid,59000,640.95
2024-08-29 14:26:28,BTCUSD_PERP,bid,59000,699.39
2024-08-29 14:27:17,BTCUSD_PERP,bid,59000,640.95
2024-08-29 14:27:17,BTCUSD_PERP,bid,59000,582.61
2024-08-29 14:27:18,BTCUSD_PERP,bid,59000,757.45
2024-08-29 14:27:18,BTCUSD_PERP,bid,59000,931.48
2024-08-29 14:27:18,BTCUSD_PERP,bid,59000,989.89
2024-08-29 14:28:14,BTCUSD_PERP,bid,59000,582.22
2024-08-29 14:28:15,BTCUSD_PERP,bid,59000,932.11
2024-08-29 14:28:15,BTCUSD_PERP,bid,58900,510.43
2024-08-29 14:28:15,BTCUSD_PERP,bid,59000,990.56
2024-08-29 14:28:26,BTCUSD_PERP,bid,59000,990.6
2024-08-29 14:30:01,BTCUSD_PERP,bid,59000,815.85
2024-08-29 14:30:02,BTCUSD_PERP,bid,59000,758.0
2024-08-29 14:30:02,BTCUSD_PERP,bid,59000,700.15
2024-08-29 14:30:02,BTCUSD_PERP,bid,59000,641.7
2024-08-29 14:30:02,BTCUSD_PERP,bid,59000,583.25
2024-08-29 14:30:02,BTCUSD_PERP,bid,59000,525.4
2024-08-29 14:30:03,BTCUSD_PERP,bid,59000,641.39
2024-08-29 14:30:03,BTCUSD_PERP,bid,59000,699.87
2024-08-29 14:30:03,BTCUSD_PERP,bid,59000,758.35
2024-08-29 14:30:19,BTCUSD_PERP,bid,59000,758.39
2024-08-29 14:31:32,BTCUSD_PERP,bid,59000,641.43
2024-08-29 14:31:32,BTCUSD_PERP,bid,59000,582.95
2024-08-29 14:31:32,BTCUSD_PERP,bid,59000,525.07
2024-08-29 14:35:50,BTCUSD_PERP,bid,59100,524.21
2024-08-29 14:35:50,BTCUSD_PERP,bid,59100,582.8
2024-08-29 14:35:50,BTCUSD_PERP,bid,59100,641.39
2024-08-29 14:35:51,BTCUSD_PERP,bid,59100,655.57
2024-08-29 14:35:53,BTCUSD_PERP,bid,59100,656.81
2024-08-29 14:36:56,BTCUSD_PERP,bid,59100,598.82
2024-08-29 14:36:56,BTCUSD_PERP,bid,59100,524.07
2024-08-29 14:36:56,BTCUSD_PERP,bid,59100,641.19
2024-08-29 14:37:03,BTCUSD_PERP,bid,59100,641.15
2024-08-29 14:39:02,BTCUSD_PERP,bid,59100,582.59
2024-08-29 14:39:02,BTCUSD_PERP,bid,59100,524.03
2024-08-29 14:39:02,BTCUSD_PERP,bid,59100,524.96
2024-08-29 14:39:02,BTCUSD_PERP,bid,59100,698.74
2024-08-29 14:39:04,BTCUSD_PERP,bid,59100,698.78
2024-08-29 14:42:27,BTCUSD_PERP,bid,59100,698.74
2024-08-29 14:43:25,BTCUSD_PERP,bid,59100,524.62
2024-08-29 14:43:25,BTCUSD_PERP,bid,59100,641.14
2024-08-29 14:45:13,BTCUSD_PERP,bid,59100,524.02
2024-08-29 14:45:13,BTCUSD_PERP,bid,59100,816.19
2024-08-29 14:50:35,BTCUSD_PERP,bid,59100,757.67
2024-08-29 14:50:35,BTCUSD_PERP,bid,59100,699.75
2024-08-29 14:50:35,BTCUSD_PERP,bid,59000,583.61
2024-08-29 14:50:35,BTCUSD_PERP,bid,59000,757.88
2024-08-29 14:52:19,BTCUSD_PERP,bid,59000,699.39
2024-08-29 14:52:19,BTCUSD_PERP,bid,59000,641.5
2024-08-29 14:52:19,BTCUSD_PERP,bid,59000,525.12
2024-08-29 14:52:20,BTCUSD_PERP,bid,59100,524.89
2024-08-29 14:52:20,BTCUSD_PERP,bid,59100,583.41
2024-08-29 14:52:20,BTCUSD_PERP,bid,59100,641.34
2024-08-29 14:52:20,BTCUSD_PERP,bid,59000,510.48
2024-08-29 14:52:20,BTCUSD_PERP,bid,59100,699.76
2024-08-29 14:58:12,BTCUSD_PERP,bid,59100,641.24
2024-08-29 15:01:47,BTCUSD_PERP,bid,58900,509.98
2024-08-29 15:01:48,BTCUSD_PERP,bid,58900,568.34
2024-08-29 15:04:28,BTCUSD_PERP,bid,59000,568.64
2024-08-29 15:06:16,BTCUSD_PERP,bid,59000,523.42
2024-08-29 15:06:16,BTCUSD_PERP,bid,58900,509.65
2024-08-29 15:08:30,BTCUSD_PERP,bid,59000,524.67
2024-08-29 15:08:30,BTCUSD_PERP,bid,59000,582.5
2024-08-29 15:09:30,BTCUSD_PERP,bid,58900,700.21
2024-08-29 15:11:48,BTCUSD_PERP,bid,58900,640.87
2024-08-29 15:12:31,BTCUSD_PERP,bid,58900,930.8
2024-08-29 15:14:26,BTCUSD_PERP,bid,58900,756.41
2024-08-29 15:15:13,BTCUSD_PERP,bid,58900,524.04
2024-08-29 15:15:48,BTCUSD_PERP,bid,58900,523.71
2024-08-29 15:15:49,BTCUSD_PERP,bid,58900,582.11
2024-08-29 15:16:30,BTCUSD_PERP,bid,59000,522.9
2024-08-29 15:16:30,BTCUSD_PERP,bid,59000,639.17
2024-08-29 15:16:30,BTCUSD_PERP,bid,59000,697.6
2024-08-29 15:19:42,BTCUSD_PERP,bid,59000,639.76
2024-08-29 15:19:43,BTCUSD_PERP,bid,59000,581.93
2024-08-29 15:19:43,BTCUSD_PERP,bid,59000,524.09
2024-08-29 15:19:43,BTCUSD_PERP,bid,59000,523.24
2024-08-29 15:19:44,BTCUSD_PERP,bid,59000,581.71
2024-08-29 15:19:44,BTCUSD_PERP,bid,59000,639.58
2024-08-29 15:19:44,BTCUSD_PERP,bid,59000,698.05
2024-08-29 15:19:44,BTCUSD_PERP,bid,59000,756.52
2024-08-29 15:20:42,BTCUSD_PERP,bid,59000,698.05
2024-08-29 15:20:42,BTCUSD_PERP,bid,59000,639.85
2024-08-29 15:21:16,BTCUSD_PERP,bid,58900,590.85
2024-08-29 15:21:16,BTCUSD_PERP,bid,58900,649.25
2024-08-29 15:21:37,BTCUSD_PERP,bid,58900,590.85
2024-08-29 15:21:38,BTCUSD_PERP,bid,58900,522.93
2024-08-29 15:21:53,BTCUSD_PERP,bid,58900,580.41
2024-08-29 15:21:53,BTCUSD_PERP,bid,58900,638.75
2024-08-29 15:21:55,BTCUSD_PERP,bid,58900,522.66
2024-08-29 15:30:17,BTCUSD_PERP,bid,58900,581.01
2024-08-29 15:30:18,BTCUSD_PERP,bid,58900,638.81
2024-08-29 15:30:19,BTCUSD_PERP,bid,58900,638.85
2024-08-29 15:30:50,BTCUSD_PERP,ask,60100,508.66
2024-08-29 15:30:54,BTCUSD_PERP,ask,60100,518.27
2024-08-29 15:32:01,BTCUSD_PERP,bid,58900,696.73
2024-08-29 15:32:12,BTCUSD_PERP,bid,58900,638.63
2024-08-29 15:33:05,BTCUSD_PERP,bid,58900,580.9
2024-08-29 15:41:28,BTCUSD_PERP,bid,47000,2440.07
2024-08-29 15:59:26,BTCUSD_PERP,bid,59000,523.71
2024-08-29 16:01:11,BTCUSD_PERP,bid,59000,523.36
2024-08-29 16:01:12,BTCUSD_PERP,bid,59000,581.24
2024-08-29 16:01:12,BTCUSD_PERP,bid,59000,639.14
2024-08-29 16:01:51,BTCUSD_PERP,bid,59000,580.66
2024-08-29 16:01:51,BTCUSD_PERP,bid,59000,522.18
2024-08-29 16:04:34,BTCUSD_PERP,bid,59000,510.56
2024-08-29 16:06:27,BTCUSD_PERP,bid,59100,510.93
2024-08-29 16:06:27,BTCUSD_PERP,bid,59100,525.34
2024-08-29 16:12:33,BTCUSD_PERP,bid,59200,525.54
2024-08-29 16:12:34,BTCUSD_PERP,bid,59200,642.15
2024-08-29 16:12:34,BTCUSD_PERP,bid,59100,511.17
2024-08-29 16:12:34,BTCUSD_PERP,bid,59200,700.75
2024-08-29 16:13:41,BTCUSD_PERP,bid,59100,525.84
2024-08-29 16:13:41,BTCUSD_PERP,bid,59100,510.93
2024-08-29 16:13:41,BTCUSD_PERP,bid,59100,641.78
2024-08-29 16:13:41,BTCUSD_PERP,bid,59100,569.41
2024-08-29 16:16:29,BTCUSD_PERP,bid,47000,2440.3
2024-08-29 16:16:46,BTCUSD_PERP,bid,59100,511.48
2024-08-29 16:16:46,BTCUSD_PERP,bid,59100,525.24
2024-08-29 16:16:47,BTCUSD_PERP,bid,59100,524.37
2024-08-29 16:16:47,BTCUSD_PERP,bid,59000,510.69
2024-08-29 16:16:47,BTCUSD_PERP,bid,59100,641.45
2024-08-29 16:16:47,BTCUSD_PERP,bid,59000,569.13
2024-08-29 16:22:23,BTCUSD_PERP,bid,59100,640.85
2024-08-29 16:22:23,BTCUSD_PERP,bid,59100,757.93
2024-08-29 16:22:23,BTCUSD_PERP,bid,59100,815.87
2024-08-29 16:22:23,BTCUSD_PERP,bid,59000,510.64
2024-08-29 16:23:53,BTCUSD_PERP,bid,59100,757.93
2024-08-29 16:23:53,BTCUSD_PERP,bid,59100,641.45
2024-08-29 16:23:53,BTCUSD_PERP,bid,59100,582.91
2024-08-29 16:23:53,BTCUSD_PERP,bid,59100,524.47
2024-08-29 16:23:54,BTCUSD_PERP,bid,59100,525.29
2024-08-29 16:23:54,BTCUSD_PERP,bid,59100,583.26
2024-08-29 16:23:55,BTCUSD_PERP,bid,59100,510.95
2024-08-29 16:23:55,BTCUSD_PERP,bid,59100,699.81
2024-08-29 16:23:55,BTCUSD_PERP,bid,59100,874.95
2024-08-29 16:23:55,BTCUSD_PERP,bid,59100,569.47
2024-08-29 16:26:19,BTCUSD_PERP,bid,59100,758.4
2024-08-29 16:26:20,BTCUSD_PERP,bid,59100,641.85
2024-08-29 16:26:20,BTCUSD_PERP,bid,59100,524.69
2024-08-29 16:28:10,BTCUSD_PERP,bid,59200,594.68
2024-08-29 16:28:10,BTCUSD_PERP,bid,59200,712.0
2024-08-29 16:29:35,BTCUSD_PERP,bid,59200,716.16
2024-08-29 16:30:40,BTCUSD_PERP,bid,59200,657.5
2024-08-29 16:30:41,BTCUSD_PERP,bid,59200,598.84
2024-08-29 16:36:31,BTCUSD_PERP,bid,59200,594.08
2024-08-29 16:36:33,BTCUSD_PERP,bid,59200,596.21
2024-08-29 16:36:35,BTCUSD_PERP,bid,59200,610.41
2024-08-29 16:36:36,BTCUSD_PERP,bid,59200,611.65
2024-08-29 16:39:37,BTCUSD_PERP,bid,59200,525.86
2024-08-29 16:39:37,BTCUSD_PERP,bid,59200,583.9
2024-08-29 16:51:18,BTCUSD_PERP,bid,59100,523.82
2024-08-29 16:51:18,BTCUSD_PERP,bid,59100,582.37
2024-08-29 16:54:45,BTCUSD_PERP,bid,59000,533.07
2024-08-29 16:54:46,BTCUSD_PERP,bid,59000,591.55
2024-08-29 16:57:00,BTCUSD_PERP,bid,59000,533.67
2024-08-29 16:57:02,BTCUSD_PERP,bid,59100,524.21
2024-08-29 16:57:39,BTCUSD_PERP,bid,59000,523.92
2024-08-29 17:01:31,BTCUSD_PERP,bid,59100,815.41
2024-08-29 17:01:31,BTCUSD_PERP,bid,59100,873.96
2024-08-29 17:01:33,BTCUSD_PERP,bid,59100,888.13
2024-08-29 17:01:33,BTCUSD_PERP,bid,59100,890.25
2024-08-29 17:01:33,BTCUSD_PERP,bid,59100,891.49
2024-08-29 17:03:33,BTCUSD_PERP,bid,59100,877.32
2024-08-29 17:03:34,BTCUSD_PERP,bid,59100,876.08
2024-08-29 17:03:35,BTCUSD_PERP,bid,59100,873.96
2024-08-29 17:04:07,BTCUSD_PERP,bid,59100,816.01
2024-08-29 17:04:07,BTCUSD_PERP,bid,59100,757.46
2024-08-29 17:04:07,BTCUSD_PERP,bid,59100,699.51
2024-08-29 17:04:07,BTCUSD_PERP,bid,59100,583.0
2024-08-29 17:04:07,BTCUSD_PERP,bid,59100,524.55
2024-08-29 17:04:08,BTCUSD_PERP,bid,59100,756.95
2024-08-29 17:05:06,BTCUSD_PERP,bid,59100,698.44
2024-08-29 17:05:06,BTCUSD_PERP,bid,59100,640.52
2024-08-29 17:05:07,BTCUSD_PERP,bid,59100,523.88
2024-08-29 17:05:08,BTCUSD_PERP,bid,59100,582.32
2024-08-29 17:05:08,BTCUSD_PERP,bid,59100,640.26
2024-08-29 17:05:08,BTCUSD_PERP,bid,59100,698.8
2024-08-29 17:05:08,BTCUSD_PERP,bid,59100,757.34
2024-08-29 17:06:11,BTCUSD_PERP,bid,59100,699.39
2024-08-29 17:06:11,BTCUSD_PERP,bid,59100,582.91
2024-08-29 17:06:12,BTCUSD_PERP,bid,59100,524.72
2024-08-29 17:06:12,BTCUSD_PERP,bid,59100,583.3
2024-08-29 17:06:12,BTCUSD_PERP,bid,59100,699.26
2024-08-29 17:06:12,BTCUSD_PERP,bid,59100,757.84
2024-08-29 17:06:13,BTCUSD_PERP,bid,59100,816.42
2024-08-29 17:06:36,BTCUSD_PERP,bid,59100,757.84
2024-08-29 17:06:37,BTCUSD_PERP,bid,59100,699.86
2024-08-29 17:06:37,BTCUSD_PERP,bid,59100,641.28
2024-08-29 17:06:37,BTCUSD_PERP,bid,59100,583.3
2024-08-29 17:06:37,BTCUSD_PERP,bid,59100,525.32
2024-08-29 17:06:38,BTCUSD_PERP,bid,59200,524.44
2024-08-29 17:06:38,BTCUSD_PERP,bid,59200,583.06
2024-08-29 17:06:38,BTCUSD_PERP,bid,59200,641.68
2024-08-29 17:06:38,BTCUSD_PERP,bid,59200,700.3
2024-08-29 17:06:38,BTCUSD_PERP,bid,59200,758.31
2024-08-29 17:06:38,BTCUSD_PERP,bid,59200,874.94
2024-08-29 17:06:53,BTCUSD_PERP,bid,59200,757.7
2024-08-29 17:06:53,BTCUSD_PERP,bid,59200,523.83
2024-08-29 17:06:54,BTCUSD_PERP,bid,59200,525.45
2024-08-29 17:06:54,BTCUSD_PERP,bid,59200,583.5
2024-08-29 17:06:54,BTCUSD_PERP,bid,59200,642.05
2024-08-29 17:06:55,BTCUSD_PERP,bid,59200,700.11
2024-08-29 17:06:55,BTCUSD_PERP,bid,59200,758.16
2024-08-29 17:07:35,BTCUSD_PERP,bid,59200,699.51
2024-08-29 17:07:35,BTCUSD_PERP,bid,59200,641.46
2024-08-29 17:07:35,BTCUSD_PERP,bid,59200,583.41
2024-08-29 17:07:36,BTCUSD_PERP,bid,59200,523.89
2024-08-29 17:12:18,BTCUSD_PERP,bid,59200,646.12
2024-08-29 17:12:18,BTCUSD_PERP,bid,59200,704.21
2024-08-29 17:12:18,BTCUSD_PERP,bid,59200,762.31
2024-08-29 17:12:18,BTCUSD_PERP,bid,59200,820.4
2024-08-29 17:12:19,BTCUSD_PERP,bid,59200,879.09
2024-08-29 17:12:19,BTCUSD_PERP,bid,59200,937.18
2024-08-29 17:12:19,BTCUSD_PERP,bid,59200,995.27
2024-08-29 17:12:19,BTCUSD_PERP,bid,59200,1053.36
2024-08-29 17:12:19,BTCUSD_PERP,bid,59200,1067.44
2024-08-29 17:12:32,BTCUSD_PERP,bid,59200,951.26
2024-08-29 17:12:33,BTCUSD_PERP,bid,59200,541.13
2024-08-29 17:12:33,BTCUSD_PERP,bid,59300,527.34
2024-08-29 17:12:33,BTCUSD_PERP,bid,59300,586.06
2024-08-29 17:12:33,BTCUSD_PERP,bid,59300,644.78
2024-08-29 17:12:33,BTCUSD_PERP,bid,59300,762.22
2024-08-29 17:12:33,BTCUSD_PERP,bid,59300,820.34
2024-08-29 17:12:33,BTCUSD_PERP,bid,59300,878.47
2024-08-29 17:12:33,BTCUSD_PERP,bid,59300,936.59
2024-08-29 17:12:34,BTCUSD_PERP,bid,59300,995.31
2024-08-29 17:12:36,BTCUSD_PERP,bid,59300,1053.43
2024-08-29 17:12:47,BTCUSD_PERP,bid,59200,525.22
2024-08-29 17:12:48,BTCUSD_PERP,bid,59200,583.31
2024-08-29 17:12:48,BTCUSD_PERP,bid,59200,642.0
2024-08-29 17:13:30,BTCUSD_PERP,bid,59200,934.87
2024-08-29 17:13:30,BTCUSD_PERP,bid,59200,993.53
2024-08-29 17:14:21,BTCUSD_PERP,bid,59200,934.87
2024-08-29 17:14:21,BTCUSD_PERP,bid,59200,876.21
2024-08-29 17:14:21,BTCUSD_PERP,bid,59200,818.15
2024-08-29 17:14:22,BTCUSD_PERP,bid,59200,760.09
2024-08-29 17:14:22,BTCUSD_PERP,bid,59200,584.71
2024-08-29 17:14:22,BTCUSD_PERP,bid,59200,526.15
2024-08-29 17:14:22,BTCUSD_PERP,bid,59200,526.31
2024-08-29 17:14:22,BTCUSD_PERP,bid,59200,584.41
2024-08-29 17:14:23,BTCUSD_PERP,bid,59200,643.1
2024-08-29 17:14:23,BTCUSD_PERP,bid,59200,701.79
2024-08-29 17:16:16,BTCUSD_PERP,bid,59200,992.93
2024-08-29 17:16:16,BTCUSD_PERP,bid,59200,1051.59
2024-08-29 17:17:12,BTCUSD_PERP,bid,59200,993.52
2024-08-29 17:17:12,BTCUSD_PERP,bid,59200,934.86
2024-08-29 17:17:12,BTCUSD_PERP,bid,59200,876.2
2024-08-29 17:17:12,BTCUSD_PERP,bid,59200,817.54
2024-08-29 17:17:12,BTCUSD_PERP,bid,59200,758.88
2024-08-29 17:17:13,BTCUSD_PERP,bid,59200,642.16
2024-08-29 17:17:13,BTCUSD_PERP,bid,59200,584.1
2024-08-29 17:17:13,BTCUSD_PERP,bid,59200,641.5
2024-08-29 17:17:14,BTCUSD_PERP,bid,59200,700.2
2024-08-29 17:17:23,BTCUSD_PERP,bid,59200,583.1
2024-08-29 17:17:23,BTCUSD_PERP,bid,59200,641.77
2024-08-29 17:20:26,BTCUSD_PERP,bid,59200,525.1
2024-08-29 17:20:26,BTCUSD_PERP,bid,59200,583.78
2024-08-29 17:24:10,BTCUSD_PERP,bid,59200,525.71
2024-08-29 17:24:12,BTCUSD_PERP,bid,59300,525.39
2024-08-29 17:24:12,BTCUSD_PERP,bid,59300,584.1
2024-08-29 17:25:07,BTCUSD_PERP,bid,59300,525.99
2024-08-29 17:25:08,BTCUSD_PERP,bid,59300,527.03
2024-08-29 17:25:45,BTCUSD_PERP,bid,59200,526.32
2024-08-29 17:27:38,BTCUSD_PERP,bid,59200,525.88
2024-08-29 17:31:31,BTCUSD_PERP,bid,59200,526.82
2024-08-29 17:31:31,BTCUSD_PERP,bid,59200,643.55
2024-08-29 17:31:31,BTCUSD_PERP,bid,59200,702.22
2024-08-29 17:31:31,BTCUSD_PERP,bid,59200,818.85
2024-08-29 17:31:32,BTCUSD_PERP,bid,59200,876.91
2024-08-29 17:32:38,BTCUSD_PERP,bid,59200,818.24
2024-08-29 17:32:38,BTCUSD_PERP,bid,59200,643.44
2024-08-29 17:32:38,BTCUSD_PERP,bid,59200,584.88
2024-08-29 17:32:38,BTCUSD_PERP,bid,59200,701.14
2024-08-29 17:32:39,BTCUSD_PERP,bid,59200,817.81
2024-08-29 17:32:39,BTCUSD_PERP,bid,59200,876.45
2024-08-29 17:33:18,BTCUSD_PERP,bid,59200,880.6
2024-08-29 17:35:29,BTCUSD_PERP,bid,59200,876.45
2024-08-29 17:38:29,BTCUSD_PERP,bid,59200,875.91
2024-08-29 17:38:29,BTCUSD_PERP,bid,59200,934.51
2024-08-29 17:40:10,BTCUSD_PERP,bid,59100,641.04
2024-08-29 17:40:10,BTCUSD_PERP,bid,59100,699.6
2024-08-29 17:40:32,BTCUSD_PERP,bid,59100,582.81
2024-08-29 17:40:32,BTCUSD_PERP,bid,59100,641.33
2024-08-29 17:40:32,BTCUSD_PERP,bid,59100,699.25
2024-08-29 17:41:02,BTCUSD_PERP,bid,59100,641.33
2024-08-29 17:44:00,BTCUSD_PERP,bid,59200,524.5
2024-08-29 17:44:00,BTCUSD_PERP,bid,59200,641.74
2024-08-29 17:44:00,BTCUSD_PERP,bid,59200,700.36
2024-08-29 17:44:01,BTCUSD_PERP,bid,59200,758.98
2024-08-29 17:45:02,BTCUSD_PERP,bid,59200,525.69
2024-08-29 17:49:29,BTCUSD_PERP,bid,59100,583.18
2024-08-29 17:49:29,BTCUSD_PERP,bid,59100,641.74
2024-08-29 17:51:19,BTCUSD_PERP,bid,59100,583.78
2024-08-29 17:51:19,BTCUSD_PERP,bid,59100,525.22
2024-08-29 17:51:20,BTCUSD_PERP,bid,59100,523.72
2024-08-29 17:51:20,BTCUSD_PERP,bid,59100,582.31
2024-08-29 17:51:20,BTCUSD_PERP,bid,59100,640.9
2024-08-29 17:51:20,BTCUSD_PERP,bid,59100,699.49
2024-08-29 17:51:20,BTCUSD_PERP,bid,59100,757.98
2024-08-29 17:51:21,BTCUSD_PERP,bid,59100,874.56
2024-08-29 17:55:25,BTCUSD_PERP,bid,59100,757.55
2024-08-29 17:55:25,BTCUSD_PERP,bid,59100,816.11
2024-08-29 17:55:56,BTCUSD_PERP,bid,59100,758.15
2024-08-29 17:55:56,BTCUSD_PERP,bid,59100,641.03
2024-08-29 17:55:56,BTCUSD_PERP,bid,59100,524.51
2024-08-29 17:55:57,BTCUSD_PERP,bid,59100,524.9
2024-08-29 17:55:57,BTCUSD_PERP,bid,59100,583.49
2024-08-29 17:55:57,BTCUSD_PERP,bid,59100,642.08
2024-08-29 18:00:47,BTCUSD_PERP,bid,59100,583.49
2024-08-29 18:00:47,BTCUSD_PERP,bid,59100,699.51
2024-08-29 18:00:47,BTCUSD_PERP,bid,59100,757.46
2024-08-29 18:00:47,BTCUSD_PERP,bid,59100,816.01
2024-08-29 18:04:33,BTCUSD_PERP,bid,59100,757.46
2024-08-29 18:04:33,BTCUSD_PERP,bid,59100,641.55
2024-08-29 18:04:33,BTCUSD_PERP,bid,59100,583.6
2024-08-29 18:04:33,BTCUSD_PERP,bid,59100,525.05
2024-08-29 18:09:16,BTCUSD_PERP,bid,59200,524.57
2024-08-29 18:09:31,BTCUSD_PERP,bid,59200,524.61
2024-08-29 18:09:34,BTCUSD_PERP,bid,59200,524.65
2024-08-29 18:09:38,BTCUSD_PERP,bid,59200,538.83
2024-08-29 18:09:39,BTCUSD_PERP,bid,59200,540.95
2024-08-29 18:18:06,BTCUSD_PERP,bid,59300,526.45
2024-08-29 18:18:29,BTCUSD_PERP,bid,59300,526.17
2024-08-29 18:19:17,BTCUSD_PERP,bid,59300,526.44
2024-08-29 18:21:33,BTCUSD_PERP,bid,59400,526.15
2024-08-29 18:21:33,BTCUSD_PERP,bid,59400,584.96
2024-08-29 18:21:33,BTCUSD_PERP,bid,59400,701.97
2024-08-29 18:22:54,BTCUSD_PERP,bid,59400,643.76
2024-08-29 18:22:55,BTCUSD_PERP,bid,59400,585.56
2024-08-29 18:22:56,BTCUSD_PERP,bid,59400,526.86
2024-08-29 18:24:02,BTCUSD_PERP,bid,59400,585.71
2024-08-29 18:24:14,BTCUSD_PERP,bid,59400,526.83
2024-08-29 18:24:15,BTCUSD_PERP,bid,59500,612.06
2024-08-29 18:24:15,BTCUSD_PERP,bid,59500,614.18
2024-08-29 18:24:15,BTCUSD_PERP,bid,59500,733.15
2024-08-29 18:24:15,BTCUSD_PERP,bid,59500,791.46
2024-08-29 18:24:15,BTCUSD_PERP,bid,59500,966.41
2024-08-29 18:24:16,BTCUSD_PERP,bid,59400,513.97
2024-08-29 18:24:42,BTCUSD_PERP,bid,59500,790.25
2024-08-29 18:24:42,BTCUSD_PERP,bid,59500,731.33
2024-08-29 18:24:42,BTCUSD_PERP,bid,59500,613.49
2024-08-29 18:24:42,BTCUSD_PERP,bid,59400,761.85
2024-08-29 18:24:42,BTCUSD_PERP,bid,59400,820.74
2024-08-29 18:24:53,BTCUSD_PERP,bid,59400,528.09
2024-08-29 18:24:53,BTCUSD_PERP,bid,59400,713.1
2024-08-29 18:24:53,BTCUSD_PERP,bid,59400,771.96
2024-08-29 18:25:31,BTCUSD_PERP,bid,59400,655.45
2024-08-29 18:25:31,BTCUSD_PERP,bid,59400,596.59
2024-08-29 18:25:31,BTCUSD_PERP,bid,59400,537.73
2024-08-29 18:26:05,BTCUSD_PERP,bid,59300,527.22
2024-08-29 18:26:05,BTCUSD_PERP,bid,59300,712.29
2024-08-29 18:26:05,BTCUSD_PERP,bid,59300,771.08
2024-08-29 18:26:42,BTCUSD_PERP,bid,59300,712.29
2024-08-29 18:26:43,BTCUSD_PERP,bid,59300,653.5
2024-08-29 18:26:43,BTCUSD_PERP,bid,59300,595.31
2024-08-29 18:26:43,BTCUSD_PERP,bid,59300,537.11
2024-08-29 18:26:44,BTCUSD_PERP,bid,59400,526.98
2024-08-29 18:26:44,BTCUSD_PERP,bid,59400,585.81
2024-08-29 18:26:44,BTCUSD_PERP,bid,59400,644.64
2024-08-29 18:26:47,BTCUSD_PERP,bid,59400,644.68
2024-08-29 18:26:58,BTCUSD_PERP,bid,59400,585.85
2024-08-29 18:26:58,BTCUSD_PERP,bid,59400,527.62
2024-08-29 18:26:59,BTCUSD_PERP,bid,59400,527.91
2024-08-29 18:26:59,BTCUSD_PERP,bid,59400,586.17
2024-08-29 18:26:59,BTCUSD_PERP,bid,59400,645.04
2024-08-29 18:26:59,BTCUSD_PERP,bid,59400,703.91
2024-08-29 18:27:00,BTCUSD_PERP,bid,59400,523.48
2024-08-29 18:27:00,BTCUSD_PERP,bid,59400,879.91
2024-08-29 18:28:21,BTCUSD_PERP,bid,59400,585.88
2024-08-29 18:28:37,BTCUSD_PERP,bid,59400,527.66
2024-08-29 18:28:38,BTCUSD_PERP,bid,59400,528.45
2024-08-29 18:28:38,BTCUSD_PERP,bid,59400,704.43
2024-08-29 18:28:38,BTCUSD_PERP,bid,59400,763.29
2024-08-29 18:28:38,BTCUSD_PERP,bid,59400,879.81
2024-08-29 18:28:39,BTCUSD_PERP,bid,59400,513.43
2024-08-29 18:28:57,BTCUSD_PERP,bid,59400,820.95
2024-08-29 18:28:57,BTCUSD_PERP,bid,59400,645.07
2024-08-29 18:28:57,BTCUSD_PERP,bid,59400,527.35
2024-08-29 18:28:58,BTCUSD_PERP,bid,59400,527.57
2024-08-29 18:28:58,BTCUSD_PERP,bid,59400,586.4
2024-08-29 18:28:58,BTCUSD_PERP,bid,59400,644.63
2024-08-29 18:28:58,BTCUSD_PERP,bid,59400,703.46
2024-08-29 18:28:59,BTCUSD_PERP,bid,59400,762.29
2024-08-29 18:28:59,BTCUSD_PERP,bid,59400,821.12
2024-08-29 18:28:59,BTCUSD_PERP,bid,59400,879.36
2024-08-29 18:28:59,BTCUSD_PERP,bid,59300,513.26
2024-08-29 18:29:01,BTCUSD_PERP,bid,59400,879.4
2024-08-29 18:29:10,BTCUSD_PERP,bid,59400,821.16
2024-08-29 18:29:10,BTCUSD_PERP,bid,59400,703.5
2024-08-29 18:29:10,BTCUSD_PERP,bid,59400,527.71
2024-08-29 18:30:38,BTCUSD_PERP,bid,59400,528.48
2024-08-29 18:34:51,BTCUSD_PERP,bid,59600,538.07
2024-08-29 18:34:51,BTCUSD_PERP,bid,59600,655.5
2024-08-29 18:34:52,BTCUSD_PERP,bid,59600,714.52
2024-08-29 18:34:52,BTCUSD_PERP,bid,59600,950.6
2024-08-29 18:34:52,BTCUSD_PERP,bid,59600,1009.02
2024-08-29 18:34:52,BTCUSD_PERP,bid,59600,1068.04
2024-08-29 18:34:52,BTCUSD_PERP,bid,59600,1126.95
2024-08-29 18:34:52,BTCUSD_PERP,bid,59600,1185.37
2024-08-29 18:35:41,BTCUSD_PERP,bid,59600,1126.95
2024-08-29 18:35:41,BTCUSD_PERP,bid,59600,832.57
2024-08-29 18:35:41,BTCUSD_PERP,bid,59600,714.53
2024-08-29 18:35:42,BTCUSD_PERP,bid,59600,655.51
2024-08-29 18:35:42,BTCUSD_PERP,bid,59600,530.11
2024-08-29 18:35:42,BTCUSD_PERP,bid,59600,596.49
2024-08-29 18:35:42,BTCUSD_PERP,bid,59600,589.16
2024-08-29 18:35:42,BTCUSD_PERP,bid,59600,538.07
2024-08-29 18:35:42,BTCUSD_PERP,bid,59600,647.61
2024-08-29 18:35:42,BTCUSD_PERP,bid,59600,706.06
2024-08-29 18:35:42,BTCUSD_PERP,bid,59600,882.59
2024-08-29 18:35:42,BTCUSD_PERP,bid,59600,999.45
2024-08-29 18:35:43,BTCUSD_PERP,bid,59600,1175.98
2024-08-29 18:35:43,BTCUSD_PERP,bid,59500,515.07
2024-08-29 18:35:59,BTCUSD_PERP,bid,59600,1057.88
2024-08-29 18:35:59,BTCUSD_PERP,bid,59600,998.83
2024-08-29 18:35:59,BTCUSD_PERP,bid,59600,939.78
2024-08-29 18:35:59,BTCUSD_PERP,bid,59600,822.88
2024-08-29 18:36:00,BTCUSD_PERP,bid,59600,646.35
2024-08-29 18:36:00,BTCUSD_PERP,bid,59600,529.49
2024-08-29 18:36:00,BTCUSD_PERP,bid,59600,588.38
2024-08-29 18:36:00,BTCUSD_PERP,bid,59600,656.79
2024-08-29 18:36:14,BTCUSD_PERP,bid,59600,529.8
2024-08-29 18:36:45,BTCUSD_PERP,bid,59600,646.52
2024-08-29 18:36:52,BTCUSD_PERP,bid,59600,587.47
2024-08-29 18:37:56,BTCUSD_PERP,bid,59600,528.32
2024-08-29 18:37:57,BTCUSD_PERP,bid,59600,587.36
2024-08-29 18:38:56,BTCUSD_PERP,bid,59500,538.05
2024-08-29 18:38:58,BTCUSD_PERP,bid,59500,529.09
2024-08-29 18:39:52,BTCUSD_PERP,bid,59500,528.65
2024-08-29 18:46:03,BTCUSD_PERP,bid,59700,528.31
2024-08-29 18:46:05,BTCUSD_PERP,bid,59700,529.92
2024-08-29 18:46:29,BTCUSD_PERP,bid,59700,527.11
2024-08-29 18:46:45,BTCUSD_PERP,bid,59800,529.31
2024-08-29 18:46:53,BTCUSD_PERP,bid,59800,531.11
2024-08-29 18:46:53,BTCUSD_PERP,bid,59800,589.8
2024-08-29 18:46:53,BTCUSD_PERP,bid,59800,649.09
2024-08-29 18:46:54,BTCUSD_PERP,bid,59800,517.23
2024-08-29 18:46:54,BTCUSD_PERP,bid,59800,708.38
2024-08-29 18:46:54,BTCUSD_PERP,bid,59800,767.07
2024-08-29 18:46:54,BTCUSD_PERP,bid,59800,885.05
2024-08-29 18:46:54,BTCUSD_PERP,bid,59800,1003.03
2024-08-29 18:46:54,BTCUSD_PERP,bid,59800,1062.32
2024-08-29 18:47:24,BTCUSD_PERP,bid,59800,1003.03
2024-08-29 18:47:24,BTCUSD_PERP,bid,59800,884.45
2024-08-29 18:47:24,BTCUSD_PERP,bid,59800,767.07
2024-08-29 18:47:24,BTCUSD_PERP,bid,59800,708.38
2024-08-29 18:47:24,BTCUSD_PERP,bid,59800,649.69
2024-08-29 18:47:24,BTCUSD_PERP,bid,59800,531.21
2024-08-29 18:47:41,BTCUSD_PERP,bid,59900,591.28
2024-08-29 18:47:41,BTCUSD_PERP,bid,59900,768.69
2024-08-29 18:47:42,BTCUSD_PERP,bid,59900,828.06
2024-08-29 18:47:56,BTCUSD_PERP,bid,59900,650.81
2024-08-29 18:47:58,BTCUSD_PERP,bid,59900,591.47
2024-08-29 18:47:58,BTCUSD_PERP,bid,59900,532.13
2024-08-29 18:47:59,BTCUSD_PERP,bid,59900,592.47
2024-08-29 18:47:59,BTCUSD_PERP,bid,59900,651.25
2024-08-29 18:48:02,BTCUSD_PERP,bid,59900,591.98
2024-08-29 18:48:24,BTCUSD_PERP,bid,59900,531.36
2024-08-29 18:48:24,BTCUSD_PERP,bid,59900,709.29
2024-08-29 18:48:24,BTCUSD_PERP,bid,59900,827.3
2024-08-29 18:48:50,BTCUSD_PERP,bid,59900,709.28
2024-08-29 18:48:51,BTCUSD_PERP,bid,59900,649.97
2024-08-29 18:48:51,BTCUSD_PERP,bid,59900,590.66
2024-08-29 18:48:51,BTCUSD_PERP,bid,59900,531.96
2024-08-29 18:48:52,BTCUSD_PERP,bid,59900,532.14
2024-08-29 18:49:18,BTCUSD_PERP,bid,59900,543.1
2024-08-29 18:49:18,BTCUSD_PERP,bid,59900,661.26
2024-08-29 18:49:18,BTCUSD_PERP,bid,59900,720.64
2024-08-29 18:49:44,BTCUSD_PERP,bid,59900,533.44
2024-08-29 18:49:44,BTCUSD_PERP,bid,59900,592.79
2024-08-29 18:49:44,BTCUSD_PERP,bid,59900,651.53
2024-08-29 18:49:58,BTCUSD_PERP,bid,59900,592.18
2024-08-29 18:54:32,BTCUSD_PERP,bid,59700,529.79
2024-08-29 18:55:40,BTCUSD_PERP,bid,59600,763.16
2024-08-29 18:56:26,BTCUSD_PERP,bid,59600,704.74
2024-08-29 18:56:26,BTCUSD_PERP,bid,59600,645.71
2024-08-29 18:56:26,BTCUSD_PERP,bid,59600,586.68
2024-08-29 18:56:27,BTCUSD_PERP,bid,59600,528.26
2024-08-29 18:57:11,BTCUSD_PERP,bid,59600,940.03
2024-08-29 18:59:47,BTCUSD_PERP,bid,59600,881.61
2024-08-29 18:59:48,BTCUSD_PERP,bid,59600,823.19
2024-08-29 18:59:48,BTCUSD_PERP,bid,59600,764.17
2024-08-29 18:59:49,BTCUSD_PERP,bid,59500,705.39
2024-08-29 18:59:56,BTCUSD_PERP,bid,59500,880.11
2024-08-29 19:00:04,BTCUSD_PERP,bid,59500,821.75
2024-08-29 19:00:05,BTCUSD_PERP,bid,59500,762.79
2024-08-29 19:00:05,BTCUSD_PERP,bid,59500,703.83
2024-08-29 19:00:06,BTCUSD_PERP,bid,59500,586.51
2024-08-29 19:00:06,BTCUSD_PERP,bid,59500,528.52
2024-08-29 19:00:06,BTCUSD_PERP,bid,59500,586.9
2024-08-29 19:00:16,BTCUSD_PERP,bid,59500,527.69
2024-08-29 19:00:20,BTCUSD_PERP,bid,59500,880.1
2024-08-29 19:00:21,BTCUSD_PERP,bid,59500,939.02
2024-08-29 19:00:21,BTCUSD_PERP,bid,59500,997.94
2024-08-29 19:00:26,BTCUSD_PERP,bid,59500,821.78
2024-08-29 19:00:26,BTCUSD_PERP,bid,59500,762.86
2024-08-29 19:00:26,BTCUSD_PERP,bid,59500,704.54
2024-08-29 19:00:27,BTCUSD_PERP,bid,59500,645.62
2024-08-29 19:00:27,BTCUSD_PERP,bid,59500,527.78
2024-08-29 19:00:28,BTCUSD_PERP,bid,59500,528.14
2024-08-29 19:00:28,BTCUSD_PERP,bid,59500,587.1
2024-08-29 19:00:39,BTCUSD_PERP,bid,59400,834.3
2024-08-29 19:00:39,BTCUSD_PERP,bid,59400,893.19
2024-08-29 19:00:42,BTCUSD_PERP,bid,59400,528.48
2024-08-29 19:00:43,BTCUSD_PERP,bid,59400,587.34
2024-08-29 19:01:21,BTCUSD_PERP,bid,59500,645.93
2024-08-29 19:01:51,BTCUSD_PERP,bid,59500,587.58
2024-08-29 19:01:52,BTCUSD_PERP,bid,59500,543.16
2024-08-29 19:01:53,BTCUSD_PERP,bid,59500,602.15
2024-08-29 19:05:17,BTCUSD_PERP,bid,59500,514.6
2024-08-29 19:05:17,BTCUSD_PERP,bid,59500,881.76
2024-08-29 19:05:18,BTCUSD_PERP,bid,59500,573.5
2024-08-29 19:06:23,BTCUSD_PERP,bid,59500,528.41
2024-08-29 19:06:23,BTCUSD_PERP,bid,59400,514.32
2024-08-29 19:06:23,BTCUSD_PERP,bid,59500,950.16
2024-08-29 19:06:23,BTCUSD_PERP,bid,59400,573.18
2024-08-29 19:06:24,BTCUSD_PERP,bid,59500,1009.12
2024-08-29 19:06:31,BTCUSD_PERP,bid,59500,703.4
2024-08-29 19:06:31,BTCUSD_PERP,bid,59400,514.48
2024-08-29 19:06:31,BTCUSD_PERP,bid,59500,1056.38
2024-08-29 19:06:31,BTCUSD_PERP,bid,59400,573.31
2024-08-29 19:06:31,BTCUSD_PERP,bid,59500,1115.31
2024-08-29 19:07:13,BTCUSD_PERP,bid,59500,880.81
2024-08-29 19:07:13,BTCUSD_PERP,bid,59400,587.67
2024-08-29 19:07:13,BTCUSD_PERP,bid,59400,597.58
2024-08-29 19:07:14,BTCUSD_PERP,bid,59400,527.02
2024-08-29 19:07:19,BTCUSD_PERP,bid,59400,538.68
2024-08-29 19:22:30,BTCUSD_PERP,bid,59600,586.24
2024-08-29 19:22:31,BTCUSD_PERP,bid,59600,645.29
2024-08-29 19:22:31,BTCUSD_PERP,bid,59600,704.34
2024-08-29 19:22:32,BTCUSD_PERP,bid,59600,763.29
2024-08-29 19:22:42,BTCUSD_PERP,bid,59600,704.34
2024-08-29 19:22:43,BTCUSD_PERP,bid,59600,645.89
2024-08-29 19:23:15,BTCUSD_PERP,bid,59600,586.84
2024-08-29 19:23:15,BTCUSD_PERP,bid,59600,527.79
2024-08-29 19:23:22,BTCUSD_PERP,bid,60100,728.21
2024-08-29 19:23:24,BTCUSD_PERP,bid,60100,730.39
2024-08-29 19:23:26,BTCUSD_PERP,bid,60100,728.21
2024-08-29 19:23:28,BTCUSD_PERP,bid,60100,738.96
2024-08-29 19:23:28,BTCUSD_PERP,bid,60100,738.21
2024-08-29 19:23:39,BTCUSD_PERP,bid,60100,738.21
2024-08-29 19:23:54,BTCUSD_PERP,bid,59700,528.34
2024-08-29 19:23:54,BTCUSD_PERP,bid,59700,586.85
2024-08-29 19:23:54,BTCUSD_PERP,bid,59700,764.21
2024-08-29 19:24:35,BTCUSD_PERP,bid,59700,705.7
2024-08-29 19:24:35,BTCUSD_PERP,bid,59700,588.68
2024-08-29 19:24:35,BTCUSD_PERP,bid,59700,530.16
2024-08-29 19:30:18,BTCUSD_PERP,bid,59800,589.78
2024-08-29 19:30:49,BTCUSD_PERP,bid,59700,530.79
2024-08-29 19:30:52,BTCUSD_PERP,bid,59700,775.88
2024-08-29 19:30:53,BTCUSD_PERP,bid,59700,835.03
2024-08-29 19:30:55,BTCUSD_PERP,bid,59700,599.04
2024-08-29 19:30:55,BTCUSD_PERP,bid,59700,765.54
2024-08-29 19:30:55,BTCUSD_PERP,bid,59700,824.66
2024-08-29 19:30:57,BTCUSD_PERP,bid,59600,951.62
2024-08-29 19:30:57,BTCUSD_PERP,bid,59600,525.48
2024-08-29 19:30:57,BTCUSD_PERP,bid,59600,1010.71
2024-08-29 19:31:04,BTCUSD_PERP,bid,59600,852.76
2024-08-29 19:31:04,BTCUSD_PERP,bid,59600,548.86
2024-08-29 19:31:12,BTCUSD_PERP,bid,59600,528.96
2024-08-29 19:31:40,BTCUSD_PERP,bid,59700,531.03
2024-08-29 19:34:04,BTCUSD_PERP,bid,59700,706.75
2024-08-29 19:34:04,BTCUSD_PERP,bid,59700,765.95
2024-08-29 19:34:07,BTCUSD_PERP,bid,59700,706.75
2024-08-29 19:34:08,BTCUSD_PERP,bid,59700,647.83
2024-08-29 19:34:08,BTCUSD_PERP,bid,59700,649.96
2024-08-29 19:34:08,BTCUSD_PERP,bid,59700,709.13
2024-08-29 19:35:42,BTCUSD_PERP,bid,59900,2300.0
2024-08-29 19:35:50,BTCUSD_PERP,bid,59700,649.96
2024-08-29 19:35:50,BTCUSD_PERP,bid,59700,590.79
2024-08-29 19:35:50,BTCUSD_PERP,bid,59700,531.62
2024-08-29 19:35:51,BTCUSD_PERP,bid,59800,539.21
2024-08-29 19:35:59,BTCUSD_PERP,bid,59700,647.24
2024-08-29 19:35:59,BTCUSD_PERP,bid,59700,706.41
2024-08-29 19:36:14,BTCUSD_PERP,bid,59700,530.1
2024-08-29 19:36:15,BTCUSD_PERP,bid,59700,528.63
2024-08-29 19:36:15,BTCUSD_PERP,bid,59700,587.77
2024-08-29 19:36:26,BTCUSD_PERP,bid,59700,647.28
2024-08-29 19:36:26,BTCUSD_PERP,bid,59700,706.45
2024-08-29 19:36:27,BTCUSD_PERP,bid,59700,765.62
2024-08-29 19:36:27,BTCUSD_PERP,bid,59700,824.79
2024-08-29 19:36:35,BTCUSD_PERP,bid,59700,529.87
2024-08-29 19:36:35,BTCUSD_PERP,bid,59700,646.95
2024-08-29 19:36:35,BTCUSD_PERP,bid,59700,706.09
2024-08-29 19:36:37,BTCUSD_PERP,bid,59700,587.81
2024-08-29 19:36:38,BTCUSD_PERP,bid,59700,646.62
2024-08-29 19:36:38,BTCUSD_PERP,bid,59700,705.73
2024-08-29 19:36:40,BTCUSD_PERP,bid,59700,706.98
2024-08-29 19:36:43,BTCUSD_PERP,bid,60200,2389.38
2024-08-29 19:36:44,BTCUSD_PERP,bid,60200,2389.22
2024-08-29 19:36:51,BTCUSD_PERP,bid,60200,2389.22
2024-08-29 19:36:54,BTCUSD_PERP,bid,60200,2389.97
2024-08-29 19:36:54,BTCUSD_PERP,bid,60200,2389.22
2024-08-29 19:36:58,BTCUSD_PERP,bid,60200,2389.32
2024-08-29 19:36:59,BTCUSD_PERP,bid,60200,2389.22
2024-08-29 19:37:00,BTCUSD_PERP,bid,60200,2387.46
2024-08-29 19:37:00,BTCUSD_PERP,bid,59700,530.84
2024-08-29 19:37:00,BTCUSD_PERP,bid,60200,2401.24
2024-08-29 19:37:01,BTCUSD_PERP,bid,60200,2387.46
2024-08-29 19:37:01,BTCUSD_PERP,bid,60200,2391.24
2024-08-29 19:37:02,BTCUSD_PERP,bid,60200,2387.46
2024-08-29 19:37:03,BTCUSD_PERP,bid,60200,2391.24
2024-08-29 19:37:22,BTCUSD_PERP,bid,60200,2387.46
2024-08-29 19:37:23,BTCUSD_PERP,bid,60200,2391.24
2024-08-29 19:37:26,BTCUSD_PERP,bid,60200,2387.46
2024-08-29 19:37:26,BTCUSD_PERP,bid,60200,2391.24
2024-08-29 19:37:46,BTCUSD_PERP,bid,60200,2390.48
2024-08-29 19:37:55,BTCUSD_PERP,bid,60200,2390.48
2024-08-29 19:37:56,BTCUSD_PERP,bid,60200,2387.46
2024-08-29 19:37:58,BTCUSD_PERP,bid,60200,2391.24
2024-08-29 19:37:59,BTCUSD_PERP,bid,60100,2393.34
2024-08-29 19:38:27,BTCUSD_PERP,bid,59800,529.94
2024-08-29 19:38:28,BTCUSD_PERP,bid,59800,647.77
2024-08-29 19:38:28,BTCUSD_PERP,bid,59800,706.39
2024-08-29 19:38:40,BTCUSD_PERP,bid,59700,529.0
2024-08-29 19:38:41,BTCUSD_PERP,bid,59700,588.18
2024-08-29 19:38:41,BTCUSD_PERP,bid,59700,529.0
2024-08-29 19:38:42,BTCUSD_PERP,bid,59800,529.94
2024-08-29 19:38:43,BTCUSD_PERP,bid,59800,588.56
2024-08-29 19:38:43,BTCUSD_PERP,bid,59800,647.78
2024-08-29 19:38:43,BTCUSD_PERP,bid,59800,765.61
2024-08-29 19:38:52,BTCUSD_PERP,bid,59800,707.0
2024-08-29 19:38:53,BTCUSD_PERP,bid,59800,647.78
2024-08-29 19:38:53,BTCUSD_PERP,bid,59800,588.56
2024-08-29 19:38:53,BTCUSD_PERP,bid,59800,529.95
2024-08-29 19:38:53,BTCUSD_PERP,bid,59800,530.91
2024-08-29 19:38:53,BTCUSD_PERP,bid,59800,590.17
2024-08-29 19:38:53,BTCUSD_PERP,bid,59800,648.82
2024-08-29 19:38:54,BTCUSD_PERP,bid,59800,707.47
2024-08-29 19:39:05,BTCUSD_PERP,bid,59800,590.17
2024-08-29 19:41:39,BTCUSD_PERP,bid,60500,923.93
2024-08-29 19:41:39,BTCUSD_PERP,bid,60000,500.34
2024-08-29 19:41:40,BTCUSD_PERP,bid,60000,559.14
2024-08-29 19:41:40,BTCUSD_PERP,bid,60000,618.55
2024-08-29 19:41:40,BTCUSD_PERP,bid,60000,677.96
2024-08-29 19:41:40,BTCUSD_PERP,bid,60500,694.38
2024-08-29 19:41:40,BTCUSD_PERP,bid,60000,736.76
2024-08-29 19:41:40,BTCUSD_PERP,bid,60500,694.52
2024-08-29 19:41:40,BTCUSD_PERP,bid,60000,797.41
2024-08-29 19:41:40,BTCUSD_PERP,bid,60500,694.07
2024-08-29 19:41:40,BTCUSD_PERP,bid,60000,856.82
2024-08-29 19:41:40,BTCUSD_PERP,bid,60500,682.3
2024-08-29 19:41:40,BTCUSD_PERP,bid,60500,679.69
2024-08-29 19:41:40,BTCUSD_PERP,bid,60500,666.17
2024-08-29 19:41:40,BTCUSD_PERP,bid,59800,539.71
2024-08-29 19:41:40,BTCUSD_PERP,bid,59900,543.04
2024-08-29 19:41:40,BTCUSD_PERP,bid,60000,1044.54
2024-08-29 19:41:40,BTCUSD_PERP,bid,60500,659.67
2024-08-29 19:41:40,BTCUSD_PERP,bid,59800,563.42
2024-08-29 19:41:40,BTCUSD_PERP,bid,60000,1162.75
2024-08-29 19:41:40,BTCUSD_PERP,bid,60500,660.98
2024-08-29 19:41:41,BTCUSD_PERP,bid,60000,1221.56
2024-08-29 19:41:41,BTCUSD_PERP,bid,60500,647.31
2024-08-29 19:41:41,BTCUSD_PERP,bid,59900,587.55
2024-08-29 19:41:41,BTCUSD_PERP,bid,60500,638.02
2024-08-29 19:41:41,BTCUSD_PERP,bid,60500,637.52
2024-08-29 19:41:41,BTCUSD_PERP,bid,60500,627.9
2024-08-29 19:41:41,BTCUSD_PERP,bid,60500,596.62
2024-08-29 19:41:41,BTCUSD_PERP,bid,60500,554.08
2024-08-29 19:41:41,BTCUSD_PERP,bid,60500,521.0
2024-08-29 19:41:46,BTCUSD_PERP,bid,59800,563.43
2024-08-29 19:42:01,BTCUSD_PERP,bid,59900,528.2
2024-08-29 19:42:01,BTCUSD_PERP,bid,60000,511.17
2024-08-29 19:42:01,BTCUSD_PERP,bid,59900,518.0
2024-08-29 19:42:01,BTCUSD_PERP,bid,59900,1123.86
2024-08-29 19:42:01,BTCUSD_PERP,bid,59900,577.28
2024-08-29 19:42:01,BTCUSD_PERP,bid,59900,1183.24
2024-08-29 19:42:19,BTCUSD_PERP,bid,59900,1123.86
2024-08-29 19:42:19,BTCUSD_PERP,bid,59900,590.92
2024-08-29 19:42:19,BTCUSD_PERP,bid,59800,517.72
2024-08-29 19:42:19,BTCUSD_PERP,bid,59900,1123.21
2024-08-29 19:42:19,BTCUSD_PERP,bid,59800,576.97
2024-08-29 19:42:19,BTCUSD_PERP,bid,59900,1182.56
2024-08-29 19:42:33,BTCUSD_PERP,bid,59900,1123.83
2024-08-29 19:42:33,BTCUSD_PERP,bid,59900,1064.48
2024-08-29 19:42:33,BTCUSD_PERP,bid,59900,946.4
2024-08-29 19:42:34,BTCUSD_PERP,bid,59800,517.68
2024-08-29 19:42:34,BTCUSD_PERP,bid,59900,887.05
2024-08-29 19:42:34,BTCUSD_PERP,bid,59900,827.7
2024-08-29 19:42:34,BTCUSD_PERP,bid,59900,532.59
2024-08-29 19:42:34,BTCUSD_PERP,bid,59900,530.95
2024-08-29 19:42:34,BTCUSD_PERP,bid,59800,517.45
2024-08-29 19:42:34,BTCUSD_PERP,bid,59900,1004.58
2024-08-29 19:42:34,BTCUSD_PERP,bid,59800,576.67
2024-08-29 19:42:34,BTCUSD_PERP,bid,59900,1063.89
2024-08-29 19:43:19,BTCUSD_PERP,bid,59800,517.41
2024-08-29 19:43:20,BTCUSD_PERP,bid,59800,649.55
2024-08-29 19:43:20,BTCUSD_PERP,bid,59800,708.83
2024-08-29 19:43:20,BTCUSD_PERP,bid,59800,768.11
2024-08-29 19:43:59,BTCUSD_PERP,bid,59800,649.55
2024-08-29 19:43:59,BTCUSD_PERP,bid,59800,885.02
2024-08-29 19:43:59,BTCUSD_PERP,bid,59700,516.86
2024-08-29 19:43:59,BTCUSD_PERP,bid,59800,1003.52
2024-08-29 19:43:59,BTCUSD_PERP,bid,59700,576.02
2024-08-29 19:43:59,BTCUSD_PERP,bid,59800,1062.77
2024-08-29 19:44:04,BTCUSD_PERP,bid,59800,1004.13
2024-08-29 19:44:04,BTCUSD_PERP,bid,59700,516.85
2024-08-29 19:44:04,BTCUSD_PERP,bid,59800,944.88
2024-08-29 19:44:05,BTCUSD_PERP,bid,59800,886.24
2024-08-29 19:44:05,BTCUSD_PERP,bid,59800,826.99
2024-08-29 19:44:05,BTCUSD_PERP,bid,59800,767.74
2024-08-29 19:44:05,BTCUSD_PERP,bid,59800,708.49
2024-08-29 19:44:05,BTCUSD_PERP,bid,59800,532.04
2024-08-29 19:45:48,BTCUSD_PERP,bid,59800,531.51
2024-08-29 19:45:48,BTCUSD_PERP,bid,59800,590.77
2024-08-29 19:45:56,BTCUSD_PERP,bid,59800,669.64
2024-08-29 19:45:56,BTCUSD_PERP,bid,59800,728.86
2024-08-29 19:46:13,BTCUSD_PERP,bid,59800,551.8
2024-08-29 19:46:13,BTCUSD_PERP,bid,59800,885.75
2024-08-29 19:46:13,BTCUSD_PERP,bid,59800,945.0
2024-08-29 19:46:51,BTCUSD_PERP,bid,59800,885.75
2024-08-29 19:46:52,BTCUSD_PERP,bid,59800,826.08
2024-08-29 19:46:52,BTCUSD_PERP,bid,59800,885.3
2024-08-29 19:46:52,BTCUSD_PERP,bid,59800,944.52
2024-08-29 19:46:58,BTCUSD_PERP,bid,60100,531.64
2024-08-29 19:47:40,BTCUSD_PERP,bid,59800,885.3
2024-08-29 19:47:40,BTCUSD_PERP,bid,59800,532.38
2024-08-29 19:47:40,BTCUSD_PERP,bid,59700,649.27
2024-08-29 19:47:40,BTCUSD_PERP,bid,59700,708.46
2024-08-29 19:48:06,BTCUSD_PERP,bid,59800,531.16
2024-08-29 19:48:06,BTCUSD_PERP,bid,59800,590.38
2024-08-29 19:48:06,BTCUSD_PERP,bid,59800,767.44
2024-08-29 19:48:07,BTCUSD_PERP,bid,59800,826.66
2024-08-29 19:48:09,BTCUSD_PERP,bid,59800,708.83
2024-08-29 19:48:09,BTCUSD_PERP,bid,59700,648.67
2024-08-29 19:48:09,BTCUSD_PERP,bid,59700,707.86
2024-08-29 19:49:19,BTCUSD_PERP,bid,59700,649.28
2024-08-29 19:49:20,BTCUSD_PERP,bid,59700,590.69
2024-08-29 19:49:20,BTCUSD_PERP,bid,59800,531.18
2024-08-29 19:51:03,BTCUSD_PERP,bid,59800,531.45
2024-08-29 19:51:40,BTCUSD_PERP,bid,59800,551.17
2024-08-29 19:51:40,BTCUSD_PERP,bid,59800,610.39
2024-08-29 19:52:16,BTCUSD_PERP,bid,59800,551.17
2024-08-29 19:52:16,BTCUSD_PERP,bid,59800,531.45
2024-08-29 19:52:16,BTCUSD_PERP,bid,59800,590.7
2024-08-29 19:52:17,BTCUSD_PERP,bid,59800,649.36
2024-08-29 19:52:19,BTCUSD_PERP,bid,59800,531.18
2024-08-29 19:52:19,BTCUSD_PERP,bid,59800,590.4
2024-08-29 19:52:19,BTCUSD_PERP,bid,59800,649.03
2024-08-29 19:52:39,BTCUSD_PERP,bid,59800,590.4
2024-08-29 19:52:41,BTCUSD_PERP,bid,59800,531.18
2024-08-29 19:52:42,BTCUSD_PERP,bid,59800,590.55
2024-08-29 19:52:42,BTCUSD_PERP,bid,59800,649.81
2024-08-29 19:53:21,BTCUSD_PERP,bid,59800,591.16
2024-08-29 19:53:21,BTCUSD_PERP,bid,59800,531.43
2024-08-29 19:53:21,BTCUSD_PERP,bid,59800,590.66
2024-08-29 19:53:22,BTCUSD_PERP,bid,59800,649.29
2024-08-29 19:53:41,BTCUSD_PERP,bid,59800,590.06
2024-08-29 19:53:41,BTCUSD_PERP,bid,59800,531.44
2024-08-29 19:53:41,BTCUSD_PERP,bid,59700,530.97
2024-08-29 19:56:42,BTCUSD_PERP,ask,60900,504.3
2024-08-29 19:56:42,BTCUSD_PERP,ask,60900,522.4
2024-08-29 19:56:43,BTCUSD_PERP,ask,60900,571.09
2024-08-29 19:56:52,BTCUSD_PERP,ask,60900,577.17
2024-08-29 19:57:17,BTCUSD_PERP,ask,60900,586.91
2024-08-29 19:57:17,BTCUSD_PERP,ask,60900,596.65
2024-08-29 19:57:39,BTCUSD_PERP,ask,60900,587.6
2024-08-29 19:57:43,BTCUSD_PERP,ask,60900,577.95
2024-08-29 19:57:43,BTCUSD_PERP,ask,60900,553.61
2024-08-29 19:57:43,BTCUSD_PERP,ask,60900,529.26
2024-08-29 19:57:46,BTCUSD_PERP,ask,60900,520.21
2024-08-29 19:58:33,BTCUSD_PERP,bid,59800,532.44
2024-08-29 19:58:33,BTCUSD_PERP,bid,59800,591.68
2024-08-29 20:01:59,BTCUSD_PERP,bid,59800,670.68
2024-08-29 20:02:31,BTCUSD_PERP,bid,59800,611.41
2024-08-29 20:02:32,BTCUSD_PERP,bid,59900,532.99
2024-08-29 20:02:33,BTCUSD_PERP,bid,59900,591.68
2024-08-29 20:02:33,BTCUSD_PERP,bid,59900,650.98
2024-08-29 20:03:38,BTCUSD_PERP,bid,59900,591.79
2024-08-29 20:03:39,BTCUSD_PERP,bid,59900,542.73
2024-08-29 20:03:39,BTCUSD_PERP,bid,59900,602.06
2024-08-29 20:03:40,BTCUSD_PERP,bid,59900,661.39
2024-08-29 20:03:40,BTCUSD_PERP,bid,59900,671.37
2024-08-29 20:03:40,BTCUSD_PERP,bid,59900,730.7
2024-08-29 20:05:44,BTCUSD_PERP,bid,59900,671.98
2024-08-29 20:05:44,BTCUSD_PERP,bid,59900,612.65
2024-08-29 20:05:44,BTCUSD_PERP,bid,59800,591.6
2024-08-29 20:06:10,BTCUSD_PERP,ask,61000,493.4
2024-08-29 20:07:01,BTCUSD_PERP,bid,59800,532.31
2024-08-29 20:07:03,BTCUSD_PERP,bid,59800,532.02
2024-08-29 20:07:03,BTCUSD_PERP,bid,59800,591.28
2024-08-29 20:07:03,BTCUSD_PERP,bid,59800,649.93
2024-08-29 20:07:21,BTCUSD_PERP,bid,59800,590.67
2024-08-29 20:07:21,BTCUSD_PERP,bid,59800,767.37
2024-08-29 20:07:58,BTCUSD_PERP,bid,59800,708.74
2024-08-29 20:07:58,BTCUSD_PERP,bid,59700,766.86
2024-08-29 20:09:07,BTCUSD_PERP,bid,59700,707.68
2024-08-29 20:09:08,BTCUSD_PERP,bid,59700,648.5
2024-08-29 20:09:08,BTCUSD_PERP,bid,59700,589.32
2024-08-29 20:09:08,BTCUSD_PERP,bid,59700,530.14
2024-08-29 20:09:08,BTCUSD_PERP,bid,59800,531.24
2024-08-29 20:09:08,BTCUSD_PERP,bid,59800,532.49
2024-08-29 20:09:09,BTCUSD_PERP,bid,59800,590.31
2024-08-29 20:09:09,BTCUSD_PERP,bid,59800,648.93
2024-08-29 20:09:35,BTCUSD_PERP,bid,59800,531.09
2024-08-29 20:09:35,BTCUSD_PERP,bid,59800,1062.33
2024-08-29 20:09:35,BTCUSD_PERP,bid,59800,1121.59
2024-08-29 20:09:35,BTCUSD_PERP,bid,59800,1180.85
2024-08-29 20:09:57,BTCUSD_PERP,bid,59800,1121.59
2024-08-29 20:09:57,BTCUSD_PERP,bid,59800,1003.68
2024-08-29 20:09:57,BTCUSD_PERP,bid,59800,944.42
2024-08-29 20:09:57,BTCUSD_PERP,bid,59800,885.16
2024-08-29 20:09:57,BTCUSD_PERP,bid,59800,826.51
2024-08-29 20:09:57,BTCUSD_PERP,bid,59800,648.83
2024-08-29 20:09:58,BTCUSD_PERP,bid,59800,707.65
2024-08-29 20:10:18,BTCUSD_PERP,bid,59800,707.36
2024-08-29 20:10:18,BTCUSD_PERP,bid,59800,825.88
2024-08-29 20:10:18,BTCUSD_PERP,bid,59800,885.14
2024-08-29 20:10:19,BTCUSD_PERP,bid,59800,1003.66
2024-08-29 20:10:19,BTCUSD_PERP,bid,59700,516.93
2024-08-29 20:11:26,BTCUSD_PERP,ask,61000,495.94
2024-08-29 20:11:26,BTCUSD_PERP,ask,61000,505.7
2024-08-29 20:11:26,BTCUSD_PERP,ask,61000,515.45
2024-08-29 20:11:29,BTCUSD_PERP,bid,59800,590.96
2024-08-29 20:11:29,BTCUSD_PERP,bid,59800,708.93
2024-08-29 20:12:04,BTCUSD_PERP,bid,59800,517.21
2024-08-29 20:12:20,BTCUSD_PERP,ask,61000,499.91
2024-08-29 20:12:27,BTCUSD_PERP,bid,59800,649.64
2024-08-29 20:12:27,BTCUSD_PERP,bid,59800,531.17
2024-08-29 20:13:14,BTCUSD_PERP,bid,59800,517.2
2024-08-29 20:13:14,BTCUSD_PERP,bid,59800,708.93
2024-08-29 20:13:14,BTCUSD_PERP,bid,59800,576.39
2024-08-29 20:13:22,BTCUSD_PERP,ask,61000,498.97
2024-08-29 20:13:23,BTCUSD_PERP,ask,61000,508.72
2024-08-29 20:13:25,BTCUSD_PERP,ask,61000,518.47
2024-08-29 20:13:25,BTCUSD_PERP,ask,61000,528.22
2024-08-29 20:13:25,BTCUSD_PERP,ask,61000,537.97
2024-08-29 20:13:26,BTCUSD_PERP,ask,61000,544.06
2024-08-29 20:13:26,BTCUSD_PERP,ask,61000,550.15
2024-08-29 20:13:27,BTCUSD_PERP,ask,61000,559.9
2024-08-29 20:13:30,BTCUSD_PERP,ask,61000,569.65
2024-08-29 20:14:18,BTCUSD_PERP,ask,61000,560.2
2024-08-29 20:14:21,BTCUSD_PERP,ask,61000,554.11
2024-08-29 20:14:24,BTCUSD_PERP,ask,61000,544.36
2024-08-29 20:14:25,BTCUSD_PERP,ask,61000,534.61
2024-08-29 20:14:26,BTCUSD_PERP,ask,61000,524.86
2024-08-29 20:14:26,BTCUSD_PERP,ask,61000,515.11
2024-08-29 20:14:26,BTCUSD_PERP,ask,61000,509.02
2024-08-29 20:14:27,BTCUSD_PERP,ask,61000,502.93
2024-08-29 20:14:28,BTCUSD_PERP,ask,61000,493.18
2024-08-29 20:14:58,BTCUSD_PERP,bid,59800,517.46
2024-08-29 20:14:58,BTCUSD_PERP,bid,59900,768.61
2024-08-29 20:14:58,BTCUSD_PERP,bid,59800,576.68
2024-08-29 20:15:33,BTCUSD_PERP,ask,61000,493.15
2024-08-29 20:16:54,BTCUSD_PERP,ask,61000,504.6
2024-08-29 20:19:54,BTCUSD_PERP,ask,61000,492.24
2024-08-29 20:19:54,BTCUSD_PERP,ask,61000,516.4
2024-08-29 20:19:54,BTCUSD_PERP,ask,61000,540.56
2024-08-29 20:19:55,BTCUSD_PERP,ask,61000,550.22
2024-08-29 20:20:24,BTCUSD_PERP,ask,61000,541.16
2024-08-29 20:20:55,BTCUSD_PERP,ask,61000,517.0
2024-08-29 20:20:55,BTCUSD_PERP,ask,61000,492.84
2024-08-29 20:21:43,BTCUSD_PERP,bid,59800,589.88
2024-08-29 20:21:43,BTCUSD_PERP,bid,59800,649.11
2024-08-29 20:24:17,BTCUSD_PERP,bid,59800,529.82
2024-08-29 20:24:17,BTCUSD_PERP,bid,59800,589.04
2024-08-29 20:24:46,BTCUSD_PERP,bid,59800,529.93
2024-08-29 20:24:46,BTCUSD_PERP,bid,59700,777.03
2024-08-29 20:24:46,BTCUSD_PERP,bid,59700,1011.96
2024-08-29 20:24:46,BTCUSD_PERP,bid,59700,531.04
2024-08-29 20:24:46,BTCUSD_PERP,bid,59700,1071.15
2024-08-29 20:25:27,BTCUSD_PERP,bid,59700,883.64
2024-08-29 20:25:28,BTCUSD_PERP,bid,59700,942.8
2024-08-29 20:25:48,BTCUSD_PERP,bid,59700,884.25
2024-08-29 20:25:48,BTCUSD_PERP,bid,59700,589.17
2024-08-29 20:25:48,BTCUSD_PERP,bid,59700,834.64
2024-08-29 20:25:48,BTCUSD_PERP,bid,59700,893.76
2024-08-29 20:26:32,BTCUSD_PERP,bid,59700,942.12
2024-08-29 20:26:32,BTCUSD_PERP,bid,59700,1001.27
2024-08-29 20:26:59,BTCUSD_PERP,bid,59700,706.12
2024-08-29 20:26:59,BTCUSD_PERP,bid,59600,647.43
2024-08-29 20:26:59,BTCUSD_PERP,bid,59700,883.11
2024-08-29 20:26:59,BTCUSD_PERP,bid,59700,942.23
2024-08-29 20:29:12,BTCUSD_PERP,bid,59700,883.11
2024-08-29 20:29:12,BTCUSD_PERP,bid,59700,823.99
2024-08-29 20:29:12,BTCUSD_PERP,bid,59700,765.47
2024-08-29 20:29:12,BTCUSD_PERP,bid,59700,706.95
2024-08-29 20:29:12,BTCUSD_PERP,bid,59700,589.31
2024-08-29 20:29:13,BTCUSD_PERP,bid,59700,529.39
2024-08-29 20:29:13,BTCUSD_PERP,bid,59700,647.11
2024-08-29 20:29:13,BTCUSD_PERP,bid,59700,765.32
2024-08-29 20:29:13,BTCUSD_PERP,bid,59700,824.48
2024-08-29 20:30:20,BTCUSD_PERP,bid,59700,765.32
2024-08-29 20:30:20,BTCUSD_PERP,bid,59700,706.16
2024-08-29 20:30:20,BTCUSD_PERP,bid,59700,647.61
2024-08-29 20:30:21,BTCUSD_PERP,bid,59700,589.06
2024-08-29 20:30:21,BTCUSD_PERP,bid,59700,530.51
2024-08-29 20:30:21,BTCUSD_PERP,bid,59700,529.66
2024-08-29 20:30:21,BTCUSD_PERP,bid,59700,647.29
2024-08-29 20:30:21,BTCUSD_PERP,bid,59700,706.41
2024-08-29 20:30:21,BTCUSD_PERP,bid,59700,765.53
2024-08-29 20:30:22,BTCUSD_PERP,bid,59700,882.56
2024-08-29 20:30:22,BTCUSD_PERP,bid,59700,941.68
2024-08-29 20:30:22,BTCUSD_PERP,bid,59700,1059.82
2024-08-29 20:30:22,BTCUSD_PERP,bid,59700,1118.34
2024-08-29 20:30:34,BTCUSD_PERP,bid,59700,1059.82
2024-08-29 20:30:34,BTCUSD_PERP,bid,59700,765.43
2024-08-29 20:30:34,BTCUSD_PERP,bid,59700,706.31
2024-08-29 20:30:34,BTCUSD_PERP,bid,59700,647.8
2024-08-29 20:30:34,BTCUSD_PERP,bid,59700,588.68
2024-08-29 20:30:35,BTCUSD_PERP,bid,59700,530.52
2024-08-29 20:30:35,BTCUSD_PERP,bid,59700,648.23
2024-08-29 20:31:25,BTCUSD_PERP,bid,59700,540.08
2024-08-29 20:31:50,BTCUSD_PERP,bid,59800,531.28
2024-08-29 20:33:18,BTCUSD_PERP,bid,59900,531.73
2024-08-29 20:33:18,BTCUSD_PERP,bid,59900,590.48
2024-08-29 20:33:18,BTCUSD_PERP,bid,59900,709.18
2024-08-29 20:33:18,BTCUSD_PERP,bid,59900,768.53
2024-08-29 20:33:18,BTCUSD_PERP,bid,59900,887.23
2024-08-29 20:33:18,BTCUSD_PERP,bid,59900,946.48
2024-08-29 20:33:18,BTCUSD_PERP,bid,59900,1005.22
