2024-08-26 07:00:00,SOLUSDT,bid,158,7602.0
2024-08-26 07:00:03,SOLUSDT,bid,158,7517.0
2024-08-26 07:00:04,SOLUSDT,bid,158,7520.0
2024-08-26 07:00:06,SOLUSDT,bid,158,7523.0
2024-08-26 07:00:06,SOLUSDT,bid,158,7535.0
2024-08-26 07:00:06,SOLUSDT,bid,158,7522.0
2024-08-26 07:00:07,SOLUSDT,bid,158,7519.0
2024-08-26 07:00:07,SOLUSDT,bid,158,7520.0
2024-08-26 07:00:07,SOLUSDT,bid,158,7533.0
2024-08-26 07:00:08,SOLUSDT,bid,158,7534.0
2024-08-26 07:00:09,SOLUSDT,bid,158,7521.0
2024-08-26 07:00:09,SOLUSDT,bid,158,7517.0
2024-08-26 07:00:10,SOLUSDT,bid,158,7507.0
2024-08-26 07:00:10,SOLUSDT,bid,158,7510.0
2024-08-26 07:00:11,SOLUSDT,bid,158,7504.0
2024-08-26 07:00:11,SOLUSDT,bid,158,7507.0
2024-08-26 07:00:13,SOLUSDT,bid,158,7501.0
2024-08-26 07:00:14,SOLUSDT,bid,158,7504.0
2024-08-26 07:00:14,SOLUSDT,bid,158,7501.0
2024-08-26 07:00:14,SOLUSDT,bid,158,7502.0
2024-08-26 07:00:15,SOLUSDT,bid,158,7505.0
2024-08-26 07:00:15,SOLUSDT,bid,158,7502.0
2024-08-26 07:00:16,SOLUSDT,bid,158,7495.0
2024-08-26 07:00:16,SOLUSDT,bid,158,7495.0
2024-08-26 07:00:17,SOLUSDT,bid,158,7513.0
2024-08-26 07:00:18,SOLUSDT,bid,158,7620.0
2024-08-26 07:00:18,SOLUSDT,bid,158,7584.0
2024-08-26 07:00:19,SOLUSDT,bid,158,7581.0
2024-08-26 07:00:19,SOLUSDT,bid,158,7568.0
2024-08-26 07:00:19,SOLUSDT,bid,158,7581.0
2024-08-26 07:00:20,SOLUSDT,bid,158,7581.0
2024-08-26 07:00:20,SOLUSDT,bid,158,7562.0
2024-08-26 07:00:21,SOLUSDT,bid,158,7560.0
2024-08-26 07:00:22,SOLUSDT,bid,158,7557.0
2024-08-26 07:00:22,SOLUSDT,bid,158,7502.0
2024-08-26 07:00:22,SOLUSDT,bid,158,7501.0
2024-08-26 07:00:22,SOLUSDT,bid,158,7564.0
2024-08-26 07:00:23,SOLUSDT,bid,158,7488.0
2024-08-26 07:00:23,SOLUSDT,bid,158,7501.0
2024-08-26 07:00:24,SOLUSDT,bid,158,7556.0
2024-08-26 07:00:25,SOLUSDT,bid,158,7501.0
2024-08-26 07:00:25,SOLUSDT,bid,158,7488.0
2024-08-26 07:00:25,SOLUSDT,bid,158,7504.0
2024-08-26 07:00:25,SOLUSDT,bid,158,7491.0
2024-08-26 07:00:25,SOLUSDT,bid,158,7504.0
2024-08-26 07:00:26,SOLUSDT,bid,158,7559.0
2024-08-26 07:00:26,SOLUSDT,bid,158,7679.0
2024-08-26 07:00:26,SOLUSDT,bid,158,7559.0
2024-08-26 07:00:26,SOLUSDT,bid,158,7546.0
2024-08-26 07:00:26,SOLUSDT,bid,158,7656.0
2024-08-26 07:00:28,SOLUSDT,bid,158,7660.0
2024-08-26 07:00:28,SOLUSDT,bid,158,7605.0
2024-08-26 07:00:31,SOLUSDT,bid,158,7495.0
2024-08-26 07:00:33,SOLUSDT,bid,156,7026.0
2024-08-26 07:00:33,SOLUSDT,bid,158,7494.0
2024-08-26 07:00:33,SOLUSDT,bid,158,7379.0
2024-08-26 07:00:37,SOLUSDT,bid,158,7380.0
2024-08-26 07:00:37,SOLUSDT,bid,158,7376.0
2024-08-26 07:00:42,SOLUSDT,bid,158,7375.0
2024-08-26 07:00:44,SOLUSDT,bid,158,7376.0
2024-08-26 07:00:51,SOLUSDT,bid,158,7435.0
2024-08-26 07:01:00,SOLUSDT,bid,158,7389.0
2024-08-26 07:01:01,SOLUSDT,bid,158,7415.0
2024-08-26 07:01:02,SOLUSDT,bid,158,7356.0
2024-08-26 07:01:03,SOLUSDT,bid,158,7331.0
2024-08-26 07:01:03,SOLUSDT,bid,158,7330.0
2024-08-26 07:01:12,SOLUSDT,bid,158,7331.0
2024-08-26 07:01:13,SOLUSDT,bid,158,7330.0
2024-08-26 07:01:18,SOLUSDT,bid,158,7329.0
2024-08-26 07:01:21,SOLUSDT,bid,158,7328.0
2024-08-26 07:01:32,SOLUSDT,bid,158,7325.0
2024-08-26 07:01:45,SOLUSDT,bid,155,11339.0
2024-08-26 07:01:54,SOLUSDT,bid,158,7313.0
2024-08-26 07:01:59,SOLUSDT,bid,155,11338.0
2024-08-26 07:02:00,SOLUSDT,bid,158,7312.0
2024-08-26 07:02:12,SOLUSDT,bid,155,11337.0
2024-08-26 07:02:20,SOLUSDT,bid,150,9477.0
2024-08-26 07:02:25,SOLUSDT,bid,158,7313.0
2024-08-26 07:02:36,SOLUSDT,bid,158,7314.0
2024-08-26 07:03:05,SOLUSDT,bid,158,7313.0
2024-08-26 07:03:09,SOLUSDT,bid,158,7311.0
2024-08-26 07:03:14,SOLUSDT,bid,150,9470.0
2024-08-26 07:03:18,SOLUSDT,ask,175,33547.0
2024-08-26 07:03:18,SOLUSDT,ask,170,7445.0
2024-08-26 07:03:21,SOLUSDT,bid,158,7310.0
2024-08-26 07:04:00,SOLUSDT,bid,158,7311.0
2024-08-26 07:04:05,SOLUSDT,bid,158,7310.0
2024-08-26 07:04:08,SOLUSDT,bid,156,6899.0
2024-08-26 07:04:14,SOLUSDT,bid,158,7311.0
2024-08-26 07:04:16,SOLUSDT,bid,150,9054.0
2024-08-26 07:04:17,SOLUSDT,bid,158,7782.0
2024-08-26 07:04:23,SOLUSDT,bid,158,7311.0
2024-08-26 07:04:23,SOLUSDT,bid,158,7310.0
2024-08-26 07:04:27,SOLUSDT,bid,155,11367.0
2024-08-26 07:04:42,SOLUSDT,bid,155,11337.0
2024-08-26 07:04:43,SOLUSDT,bid,155,11335.0
2024-08-26 07:05:12,SOLUSDT,bid,148,19810.0
2024-08-26 07:05:18,SOLUSDT,bid,155,11206.0
2024-08-26 07:05:21,SOLUSDT,ask,162,8835.0
2024-08-26 07:05:35,SOLUSDT,bid,158,7333.0
2024-08-26 07:06:01,SOLUSDT,bid,155,11207.0
2024-08-26 07:06:04,SOLUSDT,bid,155,11206.0
2024-08-26 07:06:13,SOLUSDT,bid,158,7334.0
2024-08-26 07:06:31,SOLUSDT,bid,158,7336.0
2024-08-26 07:06:31,SOLUSDT,bid,158,7334.0
2024-08-26 07:06:31,SOLUSDT,bid,158,7336.0
2024-08-26 07:06:31,SOLUSDT,bid,158,7334.0
2024-08-26 07:06:31,SOLUSDT,bid,158,7336.0
2024-08-26 07:06:32,SOLUSDT,bid,155,11256.0
2024-08-26 07:06:35,SOLUSDT,bid,158,7313.0
2024-08-26 07:06:36,SOLUSDT,bid,140,9150.0
2024-08-26 07:06:39,SOLUSDT,bid,155,11273.0
2024-08-26 07:06:42,SOLUSDT,bid,158,7311.0
2024-08-26 07:06:55,SOLUSDT,bid,158,7310.0
2024-08-26 07:07:32,SOLUSDT,bid,155,11274.0
2024-08-26 07:07:50,SOLUSDT,ask,162,8837.0
2024-08-26 07:08:02,SOLUSDT,ask,162,8843.0
2024-08-26 07:08:27,SOLUSDT,bid,158,7410.0
2024-08-26 07:08:27,SOLUSDT,bid,158,7430.0
2024-08-26 07:08:45,SOLUSDT,bid,158,7310.0
2024-08-26 07:09:20,SOLUSDT,bid,158,7311.0
2024-08-26 07:09:25,SOLUSDT,bid,158,7310.0
2024-08-26 07:09:27,SOLUSDT,bid,155,88580.0
2024-08-26 07:09:32,SOLUSDT,bid,158,7311.0
2024-08-26 07:09:39,SOLUSDT,ask,162,8901.0
2024-08-26 07:09:57,SOLUSDT,bid,158,7310.0
2024-08-26 07:10:15,SOLUSDT,bid,150,9056.0
2024-08-26 07:10:24,SOLUSDT,bid,155,11276.0
2024-08-26 07:10:40,SOLUSDT,bid,158,7311.0
2024-08-26 07:10:55,SOLUSDT,bid,150,9054.0
2024-08-26 07:10:56,SOLUSDT,ask,167,11550.0
2024-08-26 07:11:14,SOLUSDT,bid,158,7276.0
2024-08-26 07:11:24,SOLUSDT,bid,140,9225.0
2024-08-26 07:11:36,SOLUSDT,bid,145,9364.0
2024-08-26 07:11:38,SOLUSDT,bid,158,7275.0
2024-08-26 07:11:58,SOLUSDT,bid,140,9150.0
2024-08-26 07:12:27,SOLUSDT,bid,155,11282.0
2024-08-26 07:12:29,SOLUSDT,ask,159,8681.0
2024-08-26 07:12:31,SOLUSDT,bid,158,7296.0
2024-08-26 07:12:31,SOLUSDT,bid,158,7297.0
2024-08-26 07:12:33,SOLUSDT,bid,155,11332.0
2024-08-26 07:12:38,SOLUSDT,bid,158,7296.0
2024-08-26 07:12:39,SOLUSDT,bid,158,7278.0
2024-08-26 07:12:41,SOLUSDT,bid,158,7279.0
2024-08-26 07:12:41,SOLUSDT,bid,158,7336.0
2024-08-26 07:12:41,SOLUSDT,bid,155,11396.0
2024-08-26 07:12:42,SOLUSDT,bid,158,7277.0
2024-08-26 07:12:42,SOLUSDT,bid,158,7336.0
2024-08-26 07:12:43,SOLUSDT,bid,158,7277.0
2024-08-26 07:12:45,SOLUSDT,bid,158,7519.0
2024-08-26 07:12:45,SOLUSDT,bid,158,7277.0
2024-08-26 07:12:47,SOLUSDT,bid,158,7276.0
2024-08-26 07:12:48,SOLUSDT,bid,158,7277.0
2024-08-26 07:12:52,SOLUSDT,bid,158,7279.0
2024-08-26 07:12:53,SOLUSDT,bid,158,7278.0
2024-08-26 07:13:13,SOLUSDT,bid,150,9057.0
2024-08-26 07:13:19,SOLUSDT,bid,140,9146.0
2024-08-26 07:13:20,SOLUSDT,bid,150,9056.0
2024-08-26 07:13:22,SOLUSDT,bid,145,9362.0
2024-08-26 07:13:33,SOLUSDT,ask,162,8912.0
2024-08-26 07:13:36,SOLUSDT,ask,162,8934.0
2024-08-26 07:13:36,SOLUSDT,ask,162,8935.0
2024-08-26 07:13:42,SOLUSDT,bid,158,9233.0
2024-08-26 07:13:42,SOLUSDT,bid,158,7278.0
2024-08-26 07:13:43,SOLUSDT,bid,158,7279.0
2024-08-26 07:13:49,SOLUSDT,bid,158,7344.0
2024-08-26 07:13:49,SOLUSDT,bid,158,7279.0
2024-08-26 07:13:50,SOLUSDT,bid,158,7297.0
2024-08-26 07:13:50,SOLUSDT,bid,158,7298.0
2024-08-26 07:13:56,SOLUSDT,bid,158,7313.0
2024-08-26 07:13:58,SOLUSDT,bid,158,7313.0
2024-08-26 07:14:04,SOLUSDT,bid,158,7280.0
2024-08-26 07:14:04,SOLUSDT,bid,155,11332.0
2024-08-26 07:14:14,SOLUSDT,bid,158,7281.0
2024-08-26 07:14:16,SOLUSDT,bid,158,7280.0
2024-08-26 07:14:16,SOLUSDT,bid,158,7280.0
2024-08-26 07:14:21,SOLUSDT,bid,158,7278.0
2024-08-26 07:14:21,SOLUSDT,bid,158,7351.0
2024-08-26 07:14:22,SOLUSDT,bid,158,7351.0
2024-08-26 07:14:22,SOLUSDT,bid,158,7296.0
2024-08-26 07:14:22,SOLUSDT,bid,158,7352.0
2024-08-26 07:14:23,SOLUSDT,bid,158,7360.0
2024-08-26 07:14:25,SOLUSDT,ask,162,8974.0
2024-08-26 07:14:29,SOLUSDT,ask,162,8924.0
2024-08-26 07:14:32,SOLUSDT,ask,162,8866.0
2024-08-26 07:14:35,SOLUSDT,ask,162,8843.0
2024-08-26 07:15:29,SOLUSDT,bid,155,11359.0
2024-08-26 07:15:31,SOLUSDT,bid,155,11301.0
2024-08-26 07:15:57,SOLUSDT,bid,145,9363.0
2024-08-26 07:16:15,SOLUSDT,ask,170,7340.0
2024-08-26 07:16:23,SOLUSDT,ask,167,11546.0
2024-08-26 07:16:34,SOLUSDT,bid,155,11288.0
2024-08-26 07:16:41,SOLUSDT,bid,150,14801.0
2024-08-26 07:16:48,SOLUSDT,ask,170,7331.0
2024-08-26 07:16:50,SOLUSDT,bid,155,11286.0
2024-08-26 07:16:54,SOLUSDT,bid,155,11288.0
2024-08-26 07:17:38,SOLUSDT,bid,150,14802.0
2024-08-26 07:18:00,SOLUSDT,bid,155,11238.0
2024-08-26 07:18:16,SOLUSDT,bid,155,11252.0
2024-08-26 07:19:19,SOLUSDT,bid,148,19808.0
2024-08-26 07:19:57,SOLUSDT,bid,155,11253.0
2024-08-26 07:20:33,SOLUSDT,bid,155,11236.0
2024-08-26 07:20:40,SOLUSDT,ask,160,10000.0
2024-08-26 07:20:44,SOLUSDT,ask,167,11418.0
2024-08-26 07:20:44,SOLUSDT,ask,161,14380.0
2024-08-26 07:20:59,SOLUSDT,ask,161,14567.0
2024-08-26 07:21:08,SOLUSDT,bid,148,20248.0
2024-08-26 07:21:11,SOLUSDT,bid,156,6908.0
2024-08-26 07:21:20,SOLUSDT,ask,178,30366.0
2024-08-26 07:21:30,SOLUSDT,bid,155,11237.0
2024-08-26 07:21:31,SOLUSDT,bid,156,6899.0
2024-08-26 07:21:39,SOLUSDT,bid,156,6905.0
2024-08-26 07:22:00,SOLUSDT,bid,145,10013.0
2024-08-26 07:22:25,SOLUSDT,ask,161,14568.0
2024-08-26 07:22:30,SOLUSDT,bid,150,14799.0
2024-08-26 07:22:56,SOLUSDT,ask,161,14569.0
2024-08-26 07:23:20,SOLUSDT,bid,156,6899.0
2024-08-26 07:23:29,SOLUSDT,bid,150,14800.0
2024-08-26 07:23:47,SOLUSDT,bid,150,14799.0
2024-08-26 07:23:48,SOLUSDT,ask,161,14631.0
2024-08-26 07:24:07,SOLUSDT,bid,158,6666.0
2024-08-26 07:24:30,SOLUSDT,ask,161,14693.0
2024-08-26 07:24:34,SOLUSDT,ask,161,14631.0
2024-08-26 07:24:37,SOLUSDT,bid,155,11238.0
2024-08-26 07:24:49,SOLUSDT,bid,155,88592.0
2024-08-26 07:24:55,SOLUSDT,bid,155,11223.0
2024-08-26 07:25:12,SOLUSDT,bid,155,11243.0
2024-08-26 07:25:28,SOLUSDT,bid,148,20298.0
2024-08-26 07:25:44,SOLUSDT,bid,138,12464.0
2024-08-26 07:25:58,SOLUSDT,bid,155,11247.0
2024-08-26 07:25:58,SOLUSDT,bid,155,11263.0
2024-08-26 07:26:05,SOLUSDT,ask,162,8865.0
2024-08-26 07:26:21,SOLUSDT,ask,162,8859.0
2024-08-26 07:26:23,SOLUSDT,ask,161,14651.0
2024-08-26 07:26:26,SOLUSDT,bid,155,11259.0
2024-08-26 07:26:37,SOLUSDT,bid,150,14845.0
2024-08-26 07:27:01,SOLUSDT,ask,162,8870.0
2024-08-26 07:27:09,SOLUSDT,ask,161,14861.0
2024-08-26 07:27:30,SOLUSDT,bid,148,20173.0
2024-08-26 07:27:36,SOLUSDT,bid,155,11260.0
2024-08-26 07:27:53,SOLUSDT,ask,162,8880.0
2024-08-26 07:28:20,SOLUSDT,bid,150,14970.0
2024-08-26 07:28:26,SOLUSDT,ask,161,14871.0
2024-08-26 07:29:05,SOLUSDT,ask,160,10035.0
2024-08-26 07:29:29,SOLUSDT,bid,156,6902.0
2024-08-26 07:29:52,SOLUSDT,ask,160,10000.0
2024-08-26 07:30:08,SOLUSDT,ask,162,8882.0
2024-08-26 07:30:42,SOLUSDT,bid,155,11255.0
2024-08-26 07:30:44,SOLUSDT,bid,150,14965.0
2024-08-26 07:30:55,SOLUSDT,ask,161,14872.0
2024-08-26 07:31:17,SOLUSDT,bid,155,11262.0
2024-08-26 07:32:10,SOLUSDT,ask,161,14662.0
2024-08-26 07:32:48,SOLUSDT,bid,150,14964.0
2024-08-26 07:32:51,SOLUSDT,bid,155,11184.0
2024-08-26 07:33:14,SOLUSDT,ask,162,8877.0
2024-08-26 07:33:34,SOLUSDT,ask,162,8569.0
2024-08-26 07:33:37,SOLUSDT,bid,155,11181.0
2024-08-26 07:33:43,SOLUSDT,ask,161,14661.0
2024-08-26 07:33:46,SOLUSDT,ask,161,14660.0
2024-08-26 07:33:52,SOLUSDT,ask,170,7336.0
2024-08-26 07:33:56,SOLUSDT,bid,155,11180.0
2024-08-26 07:34:32,SOLUSDT,ask,162,8570.0
2024-08-26 07:34:41,SOLUSDT,ask,161,14709.0
2024-08-26 07:34:50,SOLUSDT,ask,162,8600.0
2024-08-26 07:34:51,SOLUSDT,ask,161,14743.0
2024-08-26 07:34:54,SOLUSDT,ask,162,8877.0
2024-08-26 07:34:56,SOLUSDT,ask,161,14694.0
2024-08-26 07:35:14,SOLUSDT,ask,170,7363.0
2024-08-26 07:35:14,SOLUSDT,ask,161,14743.0
2024-08-26 07:35:16,SOLUSDT,ask,161,14744.0
2024-08-26 07:35:17,SOLUSDT,ask,161,14743.0
2024-08-26 07:35:35,SOLUSDT,ask,171,8746.0
2024-08-26 07:35:36,SOLUSDT,ask,160,10016.0
2024-08-26 07:35:45,SOLUSDT,ask,161,14694.0
2024-08-26 07:36:01,SOLUSDT,ask,171,8753.0
2024-08-26 07:37:25,SOLUSDT,bid,145,10026.0
2024-08-26 07:38:36,SOLUSDT,ask,161,14712.0
2024-08-26 07:38:59,SOLUSDT,ask,175,33547.0
2024-08-26 07:39:30,SOLUSDT,ask,161,14694.0
2024-08-26 07:39:49,SOLUSDT,ask,162,8876.0
2024-08-26 07:40:06,SOLUSDT,bid,155,11182.0
2024-08-26 07:40:08,SOLUSDT,bid,155,11180.0
2024-08-26 07:40:12,SOLUSDT,ask,161,14701.0
2024-08-26 07:40:20,SOLUSDT,ask,171,8382.0
2024-08-26 07:40:29,SOLUSDT,ask,162,8880.0
2024-08-26 07:41:07,SOLUSDT,bid,155,11178.0
2024-08-26 07:41:35,SOLUSDT,bid,156,7098.0
2024-08-26 07:41:39,SOLUSDT,bid,155,11177.0
2024-08-26 07:41:43,SOLUSDT,bid,156,7092.0
2024-08-26 07:41:46,SOLUSDT,ask,161,14901.0
2024-08-26 07:42:00,SOLUSDT,ask,161,14888.0
2024-08-26 07:42:02,SOLUSDT,bid,156,7123.0
2024-08-26 07:42:11,SOLUSDT,bid,156,7092.0
2024-08-26 07:42:17,SOLUSDT,bid,155,11179.0
2024-08-26 07:42:23,SOLUSDT,ask,161,14688.0
2024-08-26 07:42:23,SOLUSDT,bid,145,10028.0
2024-08-26 07:42:54,SOLUSDT,bid,150,14965.0
2024-08-26 07:43:31,SOLUSDT,bid,148,20179.0
2024-08-26 07:44:02,SOLUSDT,bid,148,20169.0
2024-08-26 07:44:03,SOLUSDT,ask,161,14668.0
2024-08-26 07:44:03,SOLUSDT,ask,180,5584.0
2024-08-26 07:44:12,SOLUSDT,ask,178,30303.0
2024-08-26 07:44:16,SOLUSDT,bid,156,7098.0
2024-08-26 07:44:32,SOLUSDT,bid,156,7092.0
2024-08-26 07:44:49,SOLUSDT,bid,155,11230.0
2024-08-26 07:45:03,SOLUSDT,bid,155,11179.0
2024-08-26 07:45:04,SOLUSDT,bid,155,11180.0
2024-08-26 07:45:11,SOLUSDT,ask,162,8890.0
2024-08-26 07:45:17,SOLUSDT,ask,172,11405.0
2024-08-26 07:45:21,SOLUSDT,bid,155,11179.0
2024-08-26 07:45:36,SOLUSDT,ask,162,8885.0
2024-08-26 07:45:57,SOLUSDT,bid,148,20469.0
2024-08-26 07:46:28,SOLUSDT,ask,162,8886.0
2024-08-26 07:46:30,SOLUSDT,bid,155,11180.0
2024-08-26 07:46:34,SOLUSDT,ask,161,14669.0
2024-08-26 07:46:47,SOLUSDT,ask,161,14668.0
2024-08-26 07:46:52,SOLUSDT,ask,174,11518.0
2024-08-26 07:47:02,SOLUSDT,ask,174,11517.0
2024-08-26 07:47:02,SOLUSDT,ask,161,14671.0
2024-08-26 07:47:15,SOLUSDT,ask,161,14672.0
2024-08-26 07:47:30,SOLUSDT,ask,161,14671.0
2024-08-26 07:47:35,SOLUSDT,bid,156,7094.0
2024-08-26 07:47:40,SOLUSDT,ask,162,8886.0
2024-08-26 07:47:42,SOLUSDT,ask,161,14672.0
2024-08-26 07:47:53,SOLUSDT,ask,167,11618.0
2024-08-26 07:48:13,SOLUSDT,ask,161,14682.0
2024-08-26 07:48:15,SOLUSDT,ask,162,8885.0
2024-08-26 07:48:24,SOLUSDT,ask,161,14683.0
2024-08-26 07:48:35,SOLUSDT,ask,162,8897.0
2024-08-26 07:48:47,SOLUSDT,ask,162,8885.0
2024-08-26 07:49:20,SOLUSDT,bid,155,11181.0
2024-08-26 07:49:24,SOLUSDT,ask,162,8886.0
2024-08-26 07:49:43,SOLUSDT,bid,155,11156.0
2024-08-26 07:50:16,SOLUSDT,ask,162,8808.0
2024-08-26 07:50:16,SOLUSDT,ask,162,8805.0
2024-08-26 07:51:40,SOLUSDT,ask,161,14684.0
2024-08-26 07:51:43,SOLUSDT,bid,156,7092.0
2024-08-26 07:51:43,SOLUSDT,bid,155,11181.0
2024-08-26 07:51:57,SOLUSDT,ask,162,8787.0
2024-08-26 07:51:58,SOLUSDT,ask,161,14683.0
2024-08-26 07:52:35,SOLUSDT,bid,150,14966.0
2024-08-26 07:52:46,SOLUSDT,bid,155,11179.0
2024-08-26 07:52:46,SOLUSDT,ask,160,10016.0
2024-08-26 07:53:01,SOLUSDT,bid,155,11180.0
2024-08-26 07:53:21,SOLUSDT,bid,156,7255.0
2024-08-26 07:53:24,SOLUSDT,bid,155,11179.0
2024-08-26 07:53:28,SOLUSDT,bid,156,7382.0
2024-08-26 07:53:42,SOLUSDT,ask,161,14733.0
2024-08-26 07:53:44,SOLUSDT,bid,156,7383.0
2024-08-26 07:53:53,SOLUSDT,bid,150,14723.0
2024-08-26 07:54:07,SOLUSDT,bid,156,7220.0
2024-08-26 07:54:14,SOLUSDT,bid,145,10023.0
2024-08-26 07:54:19,SOLUSDT,ask,161,14738.0
2024-08-26 07:54:20,SOLUSDT,ask,161,14760.0
2024-08-26 07:54:37,SOLUSDT,ask,167,11614.0
2024-08-26 07:54:41,SOLUSDT,bid,138,12465.0
2024-08-26 07:54:45,SOLUSDT,bid,150,14003.0
2024-08-26 07:54:47,SOLUSDT,bid,155,11216.0
2024-08-26 07:54:51,SOLUSDT,ask,161,14755.0
2024-08-26 07:54:56,SOLUSDT,bid,150,14002.0
2024-08-26 07:54:59,SOLUSDT,ask,161,14756.0
2024-08-26 07:55:03,SOLUSDT,bid,150,14717.0
2024-08-26 07:55:20,SOLUSDT,ask,161,14757.0
2024-08-26 07:55:23,SOLUSDT,ask,161,14905.0
2024-08-26 07:55:26,SOLUSDT,bid,156,7093.0
2024-08-26 07:55:51,SOLUSDT,ask,161,14902.0
2024-08-26 07:55:53,SOLUSDT,ask,162,8788.0
2024-08-26 07:56:02,SOLUSDT,ask,162,8773.0
2024-08-26 07:56:09,SOLUSDT,bid,156,7083.0
2024-08-26 07:56:18,SOLUSDT,bid,155,11316.0
2024-08-26 07:56:35,SOLUSDT,bid,150,14702.0
2024-08-26 07:56:45,SOLUSDT,ask,161,14905.0
2024-08-26 07:56:49,SOLUSDT,bid,150,14701.0
2024-08-26 07:57:01,SOLUSDT,bid,155,11336.0
2024-08-26 07:57:49,SOLUSDT,bid,155,11536.0
2024-08-26 07:59:56,SOLUSDT,ask,162,8758.0
2024-08-26 08:01:57,SOLUSDT,bid,150,14767.0
2024-08-26 08:02:03,SOLUSDT,bid,150,14768.0
2024-08-26 08:02:04,SOLUSDT,ask,162,8771.0
2024-08-26 08:02:12,SOLUSDT,ask,162,8701.0
2024-08-26 08:02:35,SOLUSDT,ask,167,11605.0
2024-08-26 08:02:41,SOLUSDT,bid,148,20463.0
2024-08-26 08:03:05,SOLUSDT,ask,159,8438.0
2024-08-26 08:03:05,SOLUSDT,ask,159,8426.0
2024-08-26 08:03:18,SOLUSDT,ask,159,8254.0
2024-08-26 08:03:23,SOLUSDT,ask,159,8451.0
2024-08-26 08:03:23,SOLUSDT,bid,155,11546.0
2024-08-26 08:03:32,SOLUSDT,bid,145,10025.0
2024-08-26 08:03:32,SOLUSDT,bid,150,14770.0
2024-08-26 08:03:32,SOLUSDT,bid,155,11548.0
2024-08-26 08:03:32,SOLUSDT,ask,170,7365.0
2024-08-26 08:03:34,SOLUSDT,bid,150,14780.0
2024-08-26 08:04:07,SOLUSDT,ask,162,8647.0
2024-08-26 08:04:39,SOLUSDT,bid,155,88653.0
2024-08-26 08:04:53,SOLUSDT,bid,155,11549.0
2024-08-26 08:05:40,SOLUSDT,ask,162,8648.0
2024-08-26 08:06:15,SOLUSDT,bid,155,11548.0
2024-08-26 08:06:38,SOLUSDT,bid,155,11516.0
2024-08-26 08:07:08,SOLUSDT,bid,155,11479.0
2024-08-26 08:07:32,SOLUSDT,bid,158,6443.0
2024-08-26 08:07:34,SOLUSDT,bid,148,20511.0
2024-08-26 08:08:03,SOLUSDT,bid,95,21030.0
2024-08-26 08:08:35,SOLUSDT,bid,148,20463.0
2024-08-26 08:08:57,SOLUSDT,ask,162,7448.0
2024-08-26 08:08:59,SOLUSDT,ask,162,7549.0
2024-08-26 08:09:04,SOLUSDT,bid,150,14787.0
2024-08-26 08:09:17,SOLUSDT,bid,155,11485.0
2024-08-26 08:09:20,SOLUSDT,ask,167,11603.0
2024-08-26 08:09:27,SOLUSDT,bid,155,11470.0
2024-08-26 08:09:40,SOLUSDT,bid,155,88592.0
2024-08-26 08:10:16,SOLUSDT,bid,148,20472.0
2024-08-26 08:10:19,SOLUSDT,ask,167,11607.0
2024-08-26 08:11:46,SOLUSDT,bid,155,11473.0
2024-08-26 08:12:10,SOLUSDT,bid,150,14786.0
2024-08-26 08:12:33,SOLUSDT,ask,174,11518.0
2024-08-26 08:12:42,SOLUSDT,ask,174,11517.0
2024-08-26 08:12:42,SOLUSDT,ask,162,7561.0
2024-08-26 08:13:17,SOLUSDT,bid,155,88623.0
2024-08-26 08:13:35,SOLUSDT,bid,150,14785.0
2024-08-26 08:13:35,SOLUSDT,ask,162,7560.0
2024-08-26 08:13:47,SOLUSDT,ask,159,8048.0
2024-08-26 08:13:48,SOLUSDT,ask,159,8039.0
2024-08-26 08:13:50,SOLUSDT,ask,159,8086.0
2024-08-26 08:14:34,SOLUSDT,ask,159,8497.0
2024-08-26 08:14:35,SOLUSDT,ask,162,7556.0
2024-08-26 08:15:01,SOLUSDT,ask,170,7364.0
2024-08-26 08:15:16,SOLUSDT,bid,155,88592.0
2024-08-26 08:15:32,SOLUSDT,ask,159,7454.0
2024-08-26 08:16:48,SOLUSDT,bid,155,11472.0
2024-08-26 08:16:50,SOLUSDT,bid,150,14885.0
2024-08-26 08:16:52,SOLUSDT,bid,158,6884.0
2024-08-26 08:17:01,SOLUSDT,bid,156,7084.0
2024-08-26 08:17:07,SOLUSDT,ask,162,7559.0
2024-08-26 08:17:18,SOLUSDT,bid,154,8359.0
2024-08-26 08:17:34,SOLUSDT,bid,154,8353.0
2024-08-26 08:17:36,SOLUSDT,bid,155,11478.0
2024-08-26 08:17:59,SOLUSDT,bid,156,7090.0
2024-08-26 08:18:19,SOLUSDT,bid,156,7084.0
2024-08-26 08:20:33,SOLUSDT,ask,170,7355.0
2024-08-26 08:20:47,SOLUSDT,bid,155,11488.0
2024-08-26 08:20:48,SOLUSDT,bid,155,11487.0
2024-08-26 08:21:55,SOLUSDT,bid,155,12087.0
2024-08-26 08:22:24,SOLUSDT,bid,145,9902.0
2024-08-26 08:23:05,SOLUSDT,bid,150,14883.0
2024-08-26 08:23:05,SOLUSDT,bid,155,12089.0
2024-08-26 08:23:22,SOLUSDT,bid,155,11489.0
2024-08-26 08:23:28,SOLUSDT,ask,159,6329.0
2024-08-26 08:24:57,SOLUSDT,ask,167,11609.0
2024-08-26 08:25:45,SOLUSDT,bid,150,14881.0
2024-08-26 08:26:41,SOLUSDT,ask,159,6678.0
2024-08-26 08:26:49,SOLUSDT,bid,155,88653.0
2024-08-26 08:26:51,SOLUSDT,bid,155,88714.0
2024-08-26 08:26:51,SOLUSDT,bid,155,88775.0
2024-08-26 08:26:53,SOLUSDT,bid,155,88836.0
2024-08-26 08:27:15,SOLUSDT,bid,150,14882.0
2024-08-26 08:27:16,SOLUSDT,bid,150,14877.0
2024-08-26 08:28:26,SOLUSDT,bid,158,6639.0
2024-08-26 08:28:45,SOLUSDT,bid,148,7402.0
2024-08-26 08:29:11,SOLUSDT,bid,148,7400.0
2024-08-26 08:29:54,SOLUSDT,bid,155,11493.0
2024-08-26 08:30:17,SOLUSDT,bid,155,11499.0
2024-08-26 08:30:33,SOLUSDT,bid,155,11493.0
2024-08-26 08:31:00,SOLUSDT,bid,140,9140.0
2024-08-26 08:31:18,SOLUSDT,ask,162,7683.0
2024-08-26 08:31:35,SOLUSDT,ask,162,7705.0
2024-08-26 08:31:48,SOLUSDT,bid,140,9096.0
2024-08-26 08:32:01,SOLUSDT,bid,155,88775.0
2024-08-26 08:32:02,SOLUSDT,bid,155,88714.0
2024-08-26 08:32:02,SOLUSDT,bid,155,88653.0
2024-08-26 08:32:03,SOLUSDT,bid,155,88592.0
2024-08-26 08:32:04,SOLUSDT,bid,158,6346.0
2024-08-26 08:32:05,SOLUSDT,bid,158,6379.0
2024-08-26 08:32:11,SOLUSDT,bid,155,11622.0
2024-08-26 08:32:29,SOLUSDT,bid,150,14887.0
2024-08-26 08:32:35,SOLUSDT,ask,162,7683.0
2024-08-26 08:32:42,SOLUSDT,ask,162,7684.0
2024-08-26 08:33:09,SOLUSDT,bid,155,88608.0
2024-08-26 08:33:09,SOLUSDT,bid,155,88627.0
2024-08-26 08:33:13,SOLUSDT,bid,158,6403.0
2024-08-26 08:33:15,SOLUSDT,bid,158,6478.0
2024-08-26 08:33:15,SOLUSDT,bid,158,6478.0
2024-08-26 08:33:15,SOLUSDT,bid,158,6478.0
2024-08-26 08:33:17,SOLUSDT,bid,158,6506.0
2024-08-26 08:33:18,SOLUSDT,bid,158,6543.0
2024-08-26 08:33:20,SOLUSDT,bid,158,6445.0
2024-08-26 08:33:21,SOLUSDT,bid,158,6483.0
2024-08-26 08:33:22,SOLUSDT,bid,158,6491.0
2024-08-26 08:33:22,SOLUSDT,bid,158,6491.0
2024-08-26 08:33:25,SOLUSDT,bid,155,88611.0
2024-08-26 08:33:26,SOLUSDT,bid,155,88592.0
2024-08-26 08:33:26,SOLUSDT,bid,158,7032.0
2024-08-26 08:33:27,SOLUSDT,bid,158,7062.0
2024-08-26 08:33:34,SOLUSDT,bid,155,11422.0
2024-08-26 08:33:40,SOLUSDT,bid,158,6324.0
2024-08-26 08:33:41,SOLUSDT,bid,156,8084.0
2024-08-26 08:33:42,SOLUSDT,bid,158,6375.0
2024-08-26 08:33:47,SOLUSDT,bid,158,7177.0
2024-08-26 08:33:47,SOLUSDT,bid,158,7177.0
2024-08-26 08:33:47,SOLUSDT,bid,158,7177.0
2024-08-26 08:33:58,SOLUSDT,bid,155,11412.0
2024-08-26 08:34:00,SOLUSDT,bid,156,8094.0
2024-08-26 08:34:06,SOLUSDT,bid,150,15153.0
2024-08-26 08:34:07,SOLUSDT,bid,150,15553.0
2024-08-26 08:34:22,SOLUSDT,bid,155,11410.0
2024-08-26 08:34:28,SOLUSDT,bid,158,6910.0
2024-08-26 08:34:29,SOLUSDT,bid,158,6910.0
2024-08-26 08:34:29,SOLUSDT,bid,158,6606.0
2024-08-26 08:34:30,SOLUSDT,bid,158,6606.0
2024-08-26 08:34:30,SOLUSDT,bid,158,6630.0
2024-08-26 08:34:33,SOLUSDT,bid,158,6700.0
2024-08-26 08:34:35,SOLUSDT,bid,158,6750.0
2024-08-26 08:34:38,SOLUSDT,bid,158,6747.0
2024-08-26 08:34:39,SOLUSDT,bid,158,6744.0
2024-08-26 08:34:39,SOLUSDT,bid,158,6774.0
2024-08-26 08:34:39,SOLUSDT,bid,158,6742.0
2024-08-26 08:34:40,SOLUSDT,bid,158,6742.0
2024-08-26 08:34:41,SOLUSDT,bid,158,6698.0
2024-08-26 08:34:41,SOLUSDT,bid,158,6701.0
2024-08-26 08:34:44,SOLUSDT,bid,158,6671.0
2024-08-26 08:34:44,SOLUSDT,bid,158,6667.0
2024-08-26 08:34:46,SOLUSDT,bid,158,6678.0
2024-08-26 08:34:55,SOLUSDT,bid,158,6544.0
2024-08-26 08:34:56,SOLUSDT,bid,158,6534.0
2024-08-26 08:35:10,SOLUSDT,bid,158,6761.0
2024-08-26 08:35:12,SOLUSDT,bid,158,6779.0
2024-08-26 08:35:19,SOLUSDT,bid,158,6594.0
2024-08-26 08:35:27,SOLUSDT,bid,148,20172.0
2024-08-26 08:35:36,SOLUSDT,bid,158,6354.0
2024-08-26 08:35:36,SOLUSDT,bid,158,6354.0
2024-08-26 08:36:05,SOLUSDT,bid,95,21030.0
2024-08-26 08:38:02,SOLUSDT,ask,167,11613.0
2024-08-26 08:38:20,SOLUSDT,bid,155,11404.0
2024-08-26 08:38:38,SOLUSDT,bid,155,11507.0
2024-08-26 08:39:07,SOLUSDT,bid,150,15287.0
2024-08-26 08:39:08,SOLUSDT,bid,150,14887.0
2024-08-26 08:39:14,SOLUSDT,bid,155,11512.0
2024-08-26 08:39:15,SOLUSDT,bid,148,20171.0
2024-08-26 08:39:15,SOLUSDT,bid,150,14886.0
2024-08-26 08:39:16,SOLUSDT,bid,95,21030.0
2024-08-26 08:39:44,SOLUSDT,ask,162,7674.0
2024-08-26 08:39:52,SOLUSDT,ask,162,7679.0
2024-08-26 08:41:02,SOLUSDT,bid,155,11529.0
2024-08-26 08:41:04,SOLUSDT,ask,162,7689.0
2024-08-26 08:42:38,SOLUSDT,bid,155,11530.0
2024-08-26 08:42:44,SOLUSDT,bid,150,14887.0
2024-08-26 08:42:55,SOLUSDT,bid,150,14886.0
2024-08-26 08:43:02,SOLUSDT,bid,95,21030.0
2024-08-26 08:43:06,SOLUSDT,bid,158,6485.0
2024-08-26 08:43:18,SOLUSDT,bid,155,11531.0
2024-08-26 08:43:35,SOLUSDT,bid,155,88593.0
2024-08-26 08:44:03,SOLUSDT,bid,150,14896.0
2024-08-26 08:44:10,SOLUSDT,bid,156,8009.0
2024-08-26 08:44:14,SOLUSDT,bid,154,8481.0
2024-08-26 08:44:35,SOLUSDT,bid,155,88592.0
2024-08-26 08:45:16,SOLUSDT,bid,155,11529.0
2024-08-26 08:45:46,SOLUSDT,bid,95,21030.0
2024-08-26 08:46:33,SOLUSDT,bid,155,11528.0
2024-08-26 08:47:04,SOLUSDT,bid,154,8353.0
2024-08-26 08:47:51,SOLUSDT,bid,155,11399.0
2024-08-26 08:47:53,SOLUSDT,ask,162,7666.0
2024-08-26 08:47:56,SOLUSDT,bid,155,11444.0
2024-08-26 08:48:02,SOLUSDT,ask,162,7856.0
2024-08-26 08:48:10,SOLUSDT,ask,172,11214.0
2024-08-26 08:48:38,SOLUSDT,ask,162,8057.0
2024-08-26 08:49:08,SOLUSDT,bid,156,8094.0
2024-08-26 08:49:20,SOLUSDT,bid,155,11476.0
2024-08-26 08:49:20,SOLUSDT,bid,155,11444.0
2024-08-26 08:49:35,SOLUSDT,bid,155,11399.0
2024-08-26 08:49:45,SOLUSDT,ask,162,8047.0
2024-08-26 08:49:51,SOLUSDT,ask,162,8054.0
2024-08-26 08:50:51,SOLUSDT,bid,150,14886.0
2024-08-26 08:50:54,SOLUSDT,bid,150,14052.0
2024-08-26 08:50:57,SOLUSDT,bid,150,15343.0
2024-08-26 08:51:22,SOLUSDT,bid,150,14053.0
2024-08-26 08:51:22,SOLUSDT,bid,156,8093.0
2024-08-26 08:51:29,SOLUSDT,bid,150,15342.0
2024-08-26 08:51:29,SOLUSDT,bid,150,14052.0
2024-08-26 08:51:47,SOLUSDT,bid,140,8896.0
2024-08-26 08:51:47,SOLUSDT,bid,155,11393.0
2024-08-26 08:51:50,SOLUSDT,bid,150,14053.0
2024-08-26 08:51:53,SOLUSDT,bid,155,11408.0
2024-08-26 08:51:57,SOLUSDT,bid,150,14052.0
2024-08-26 08:52:05,SOLUSDT,bid,150,14053.0
2024-08-26 08:52:11,SOLUSDT,bid,150,14052.0
2024-08-26 08:52:11,SOLUSDT,bid,155,11410.0
2024-08-26 08:52:30,SOLUSDT,bid,156,8101.0
2024-08-26 08:52:30,SOLUSDT,bid,155,11409.0
2024-08-26 08:52:33,SOLUSDT,bid,156,8501.0
2024-08-26 08:52:47,SOLUSDT,bid,150,15356.0
2024-08-26 08:53:09,SOLUSDT,bid,156,8416.0
2024-08-26 08:53:21,SOLUSDT,bid,150,15354.0
2024-08-26 08:53:43,SOLUSDT,bid,150,14053.0
2024-08-26 08:53:43,SOLUSDT,bid,150,14054.0
2024-08-26 08:53:50,SOLUSDT,bid,150,14052.0
2024-08-26 08:54:10,SOLUSDT,bid,155,11518.0
2024-08-26 08:54:26,SOLUSDT,bid,145,9897.0
2024-08-26 08:54:26,SOLUSDT,bid,150,15359.0
2024-08-26 08:54:41,SOLUSDT,bid,155,11669.0
2024-08-26 08:55:01,SOLUSDT,ask,162,8046.0
2024-08-26 08:55:04,SOLUSDT,ask,162,8040.0
2024-08-26 08:55:06,SOLUSDT,bid,156,8417.0
2024-08-26 08:55:36,SOLUSDT,ask,162,8035.0
2024-08-26 08:56:08,SOLUSDT,bid,155,11666.0
2024-08-26 08:57:05,SOLUSDT,bid,156,8418.0
2024-08-26 08:57:09,SOLUSDT,bid,156,8419.0
2024-08-26 08:57:14,SOLUSDT,bid,148,20170.0
2024-08-26 08:57:24,SOLUSDT,ask,172,11212.0
2024-08-26 08:57:43,SOLUSDT,bid,155,11661.0
2024-08-26 08:57:52,SOLUSDT,bid,150,15350.0
2024-08-26 08:57:55,SOLUSDT,bid,155,11711.0
2024-08-26 08:58:13,SOLUSDT,bid,155,11714.0
2024-08-26 08:58:16,SOLUSDT,ask,183,13116.0
2024-08-26 08:58:39,SOLUSDT,bid,155,11713.0
2024-08-26 08:58:58,SOLUSDT,bid,150,15351.0
2024-08-26 08:58:58,SOLUSDT,ask,170,7356.0
2024-08-26 08:58:59,SOLUSDT,bid,140,8897.0
2024-08-26 08:59:01,SOLUSDT,bid,155,11709.0
2024-08-26 08:59:05,SOLUSDT,bid,156,14703.0
2024-08-26 08:59:12,SOLUSDT,bid,155,11713.0
2024-08-26 08:59:35,SOLUSDT,bid,156,14680.0
2024-08-26 08:59:37,SOLUSDT,bid,150,14053.0
2024-08-26 08:59:44,SOLUSDT,bid,150,14052.0
2024-08-26 08:59:44,SOLUSDT,bid,150,14053.0
2024-08-26 08:59:51,SOLUSDT,bid,150,14052.0
2024-08-26 09:00:00,SOLUSDT,bid,156,8418.0
2024-08-26 09:00:03,SOLUSDT,ask,162,7844.0
2024-08-26 09:02:45,SOLUSDT,bid,155,11513.0
2024-08-26 09:02:46,SOLUSDT,bid,156,8443.0
2024-08-26 09:03:18,SOLUSDT,bid,156,8418.0
2024-08-26 09:03:30,SOLUSDT,bid,156,8018.0
2024-08-26 09:03:30,SOLUSDT,bid,156,15080.0
2024-08-26 09:04:01,SOLUSDT,bid,156,14680.0
2024-08-26 09:04:08,SOLUSDT,bid,156,8073.0
2024-08-26 09:04:15,SOLUSDT,bid,145,9896.0
2024-08-26 09:04:15,SOLUSDT,bid,155,11512.0
2024-08-26 09:04:34,SOLUSDT,bid,150,14053.0
2024-08-26 09:04:34,SOLUSDT,bid,150,14054.0
2024-08-26 09:04:35,SOLUSDT,bid,150,14055.0
2024-08-26 09:04:40,SOLUSDT,bid,150,14054.0
2024-08-26 09:04:40,SOLUSDT,bid,150,14053.0
2024-08-26 09:04:41,SOLUSDT,bid,150,14052.0
2024-08-26 09:05:21,SOLUSDT,bid,153,9674.0
2024-08-26 09:05:23,SOLUSDT,bid,155,11403.0
2024-08-26 09:05:33,SOLUSDT,bid,155,11453.0
2024-08-26 09:05:46,SOLUSDT,bid,150,15360.0
2024-08-26 09:05:59,SOLUSDT,bid,126,7927.0
2024-08-26 09:06:38,SOLUSDT,ask,162,7783.0
2024-08-26 09:06:51,SOLUSDT,bid,150,14053.0
2024-08-26 09:06:57,SOLUSDT,bid,150,14052.0
2024-08-26 09:07:00,SOLUSDT,bid,153,9739.0
2024-08-26 09:07:01,SOLUSDT,bid,155,11459.0
2024-08-26 09:07:11,SOLUSDT,bid,156,8074.0
2024-08-26 09:07:12,SOLUSDT,bid,155,11462.0
2024-08-26 09:07:14,SOLUSDT,ask,159,10031.0
2024-08-26 09:07:28,SOLUSDT,ask,183,13107.0
2024-08-26 09:07:49,SOLUSDT,bid,153,6669.0
2024-08-26 09:08:07,SOLUSDT,bid,153,6667.0
2024-08-26 09:08:07,SOLUSDT,ask,162,7781.0
2024-08-26 09:08:10,SOLUSDT,bid,156,14950.0
2024-08-26 09:08:14,SOLUSDT,bid,145,9897.0
2024-08-26 09:08:43,SOLUSDT,ask,175,33503.0
2024-08-26 09:09:21,SOLUSDT,bid,150,14053.0
2024-08-26 09:09:24,SOLUSDT,bid,145,9896.0
2024-08-26 09:09:28,SOLUSDT,bid,150,14052.0
2024-08-26 09:09:28,SOLUSDT,bid,155,11473.0
2024-08-26 09:10:05,SOLUSDT,bid,156,14951.0
2024-08-26 09:10:16,SOLUSDT,bid,156,15078.0
2024-08-26 09:10:25,SOLUSDT,bid,156,8092.0
2024-08-26 09:10:32,SOLUSDT,bid,150,15333.0
2024-08-26 09:10:33,SOLUSDT,bid,156,8219.0
2024-08-26 09:11:02,SOLUSDT,bid,156,15079.0
2024-08-26 09:11:03,SOLUSDT,bid,156,15078.0
2024-08-26 09:12:00,SOLUSDT,bid,153,9674.0
2024-08-26 09:12:57,SOLUSDT,bid,148,20160.0
2024-08-26 09:13:16,SOLUSDT,bid,150,15341.0
2024-08-26 09:13:20,SOLUSDT,bid,150,15351.0
2024-08-26 09:13:27,SOLUSDT,bid,156,8234.0
2024-08-26 09:13:36,SOLUSDT,bid,155,6473.0
2024-08-26 09:13:44,SOLUSDT,bid,155,6472.0
2024-08-26 09:14:08,SOLUSDT,ask,159,10034.0
2024-08-26 09:14:26,SOLUSDT,bid,153,9736.0
2024-08-26 09:15:05,SOLUSDT,ask,159,10031.0
2024-08-26 09:15:38,SOLUSDT,bid,156,8238.0
2024-08-26 09:15:43,SOLUSDT,bid,156,15062.0
2024-08-26 09:15:50,SOLUSDT,bid,156,15061.0
2024-08-26 09:16:07,SOLUSDT,ask,158,10046.0
2024-08-26 09:16:07,SOLUSDT,ask,158,10021.0
2024-08-26 09:16:07,SOLUSDT,ask,158,10016.0
2024-08-26 09:16:07,SOLUSDT,ask,158,10006.0
2024-08-26 09:16:08,SOLUSDT,ask,158,10006.0
2024-08-26 09:16:08,SOLUSDT,ask,158,10000.0
2024-08-26 09:16:08,SOLUSDT,ask,158,10019.0
2024-08-26 09:16:08,SOLUSDT,ask,158,10038.0
2024-08-26 09:16:09,SOLUSDT,ask,158,10039.0
2024-08-26 09:16:12,SOLUSDT,ask,158,10239.0
2024-08-26 09:16:12,SOLUSDT,ask,158,10239.0
2024-08-26 09:16:16,SOLUSDT,bid,156,14791.0
2024-08-26 09:16:18,SOLUSDT,ask,158,11947.0
2024-08-26 09:16:18,SOLUSDT,ask,158,10239.0
2024-08-26 09:16:20,SOLUSDT,ask,158,10239.0
2024-08-26 09:16:21,SOLUSDT,ask,158,10039.0
2024-08-26 09:16:23,SOLUSDT,ask,158,10040.0
2024-08-26 09:16:39,SOLUSDT,ask,158,10043.0
2024-08-26 09:16:42,SOLUSDT,ask,158,10106.0
2024-08-26 09:16:42,SOLUSDT,ask,158,10043.0
2024-08-26 09:16:42,SOLUSDT,ask,158,10040.0
2024-08-26 09:16:48,SOLUSDT,ask,158,10042.0
2024-08-26 09:16:49,SOLUSDT,ask,158,10049.0
2024-08-26 09:16:50,SOLUSDT,ask,158,10030.0
2024-08-26 09:16:50,SOLUSDT,ask,158,10032.0
2024-08-26 09:16:58,SOLUSDT,ask,158,10030.0
2024-08-26 09:17:00,SOLUSDT,ask,158,10020.0
2024-08-26 09:17:26,SOLUSDT,ask,158,10026.0
2024-08-26 09:17:27,SOLUSDT,ask,158,10020.0
2024-08-26 09:17:28,SOLUSDT,ask,167,11614.0
2024-08-26 09:17:36,SOLUSDT,ask,158,10021.0
2024-08-26 09:17:36,SOLUSDT,ask,158,10028.0
2024-08-26 09:17:36,SOLUSDT,ask,158,10021.0
2024-08-26 09:17:39,SOLUSDT,ask,158,10101.0
2024-08-26 09:17:40,SOLUSDT,ask,158,10021.0
2024-08-26 09:17:43,SOLUSDT,ask,158,10020.0
2024-08-26 09:17:44,SOLUSDT,ask,158,10026.0
2024-08-26 09:17:44,SOLUSDT,ask,158,10020.0
2024-08-26 09:17:44,SOLUSDT,ask,158,10001.0
2024-08-26 09:17:44,SOLUSDT,ask,158,10033.0
2024-08-26 09:17:44,SOLUSDT,ask,158,10075.0
2024-08-26 09:17:46,SOLUSDT,ask,158,10076.0
2024-08-26 09:17:46,SOLUSDT,ask,158,10011.0
2024-08-26 09:17:46,SOLUSDT,ask,167,11613.0
2024-08-26 09:17:47,SOLUSDT,bid,140,8896.0
2024-08-26 09:17:47,SOLUSDT,ask,170,7355.0
2024-08-26 09:17:54,SOLUSDT,ask,158,10102.0
2024-08-26 09:17:55,SOLUSDT,ask,158,10008.0
2024-08-26 09:17:55,SOLUSDT,ask,158,10013.0
2024-08-26 09:17:59,SOLUSDT,ask,158,10006.0
2024-08-26 09:18:00,SOLUSDT,ask,158,10019.0
2024-08-26 09:18:01,SOLUSDT,ask,158,10012.0
2024-08-26 09:18:02,SOLUSDT,ask,158,10007.0
2024-08-26 09:18:02,SOLUSDT,ask,158,10033.0
2024-08-26 09:18:02,SOLUSDT,ask,158,10006.0
2024-08-26 09:18:03,SOLUSDT,bid,156,8234.0
2024-08-26 09:18:03,SOLUSDT,ask,158,10001.0
2024-08-26 09:18:05,SOLUSDT,ask,158,11652.0
2024-08-26 09:18:05,SOLUSDT,ask,158,10001.0
2024-08-26 09:18:05,SOLUSDT,ask,158,11652.0
2024-08-26 09:18:05,SOLUSDT,ask,158,10001.0
2024-08-26 09:18:24,SOLUSDT,ask,158,10001.0
2024-08-26 09:18:26,SOLUSDT,ask,158,10195.0
2024-08-26 09:18:28,SOLUSDT,ask,158,10001.0
2024-08-26 09:18:38,SOLUSDT,ask,158,10001.0
2024-08-26 09:19:03,SOLUSDT,bid,150,14053.0
2024-08-26 09:19:09,SOLUSDT,bid,150,14052.0
2024-08-26 09:19:18,SOLUSDT,bid,156,8238.0
2024-08-26 09:19:27,SOLUSDT,bid,153,9674.0
2024-08-26 09:20:03,SOLUSDT,bid,155,88628.0
2024-08-26 09:20:04,SOLUSDT,bid,155,88661.0
2024-08-26 09:20:09,SOLUSDT,bid,150,15352.0
2024-08-26 09:20:13,SOLUSDT,bid,150,15353.0
2024-08-26 09:20:15,SOLUSDT,bid,150,15354.0
2024-08-26 09:20:15,SOLUSDT,bid,150,15353.0
2024-08-26 09:20:18,SOLUSDT,bid,150,15352.0
2024-08-26 09:20:20,SOLUSDT,bid,150,15351.0
2024-08-26 09:20:20,SOLUSDT,ask,158,10004.0
2024-08-26 09:20:40,SOLUSDT,bid,156,15061.0
2024-08-26 09:20:41,SOLUSDT,ask,158,10004.0
2024-08-26 09:20:46,SOLUSDT,bid,155,88609.0
2024-08-26 09:20:46,SOLUSDT,bid,155,88592.0
2024-08-26 09:20:48,SOLUSDT,bid,156,15062.0
2024-08-26 09:20:48,SOLUSDT,bid,156,15061.0
2024-08-26 09:20:49,SOLUSDT,bid,156,15062.0
2024-08-26 09:20:51,SOLUSDT,bid,156,8239.0
2024-08-26 09:20:53,SOLUSDT,bid,156,15061.0
2024-08-26 09:20:58,SOLUSDT,bid,156,15064.0
2024-08-26 09:20:59,SOLUSDT,bid,156,15538.0
2024-08-26 09:20:59,SOLUSDT,bid,156,15064.0
2024-08-26 09:21:01,SOLUSDT,bid,156,15024.0
2024-08-26 09:21:06,SOLUSDT,bid,156,15021.0
2024-08-26 09:21:29,SOLUSDT,bid,156,8249.0
2024-08-26 09:21:47,SOLUSDT,bid,155,6471.0
2024-08-26 09:21:54,SOLUSDT,bid,155,6474.0
2024-08-26 09:22:03,SOLUSDT,ask,183,11107.0
2024-08-26 09:22:16,SOLUSDT,bid,155,6578.0
2024-08-26 09:22:19,SOLUSDT,bid,156,8256.0
2024-08-26 09:22:21,SOLUSDT,bid,155,6571.0
2024-08-26 09:22:37,SOLUSDT,ask,167,11609.0
2024-08-26 09:22:56,SOLUSDT,ask,158,10010.0
2024-08-26 09:22:58,SOLUSDT,ask,158,10000.0
2024-08-26 09:23:04,SOLUSDT,bid,150,15226.0
2024-08-26 09:23:27,SOLUSDT,ask,158,10200.0
2024-08-26 09:23:43,SOLUSDT,bid,155,6573.0
2024-08-26 09:24:14,SOLUSDT,bid,155,6571.0
2024-08-26 09:24:28,SOLUSDT,ask,158,10180.0
2024-08-26 09:24:28,SOLUSDT,ask,158,10151.0
2024-08-26 09:24:31,SOLUSDT,ask,158,10043.0
2024-08-26 09:24:35,SOLUSDT,ask,158,10044.0
2024-08-26 09:24:35,SOLUSDT,ask,158,10043.0
2024-08-26 09:24:49,SOLUSDT,ask,158,10045.0
2024-08-26 09:24:53,SOLUSDT,bid,150,15254.0
2024-08-26 09:24:55,SOLUSDT,ask,158,10043.0
2024-08-26 09:24:59,SOLUSDT,ask,158,10183.0
2024-08-26 09:25:01,SOLUSDT,bid,138,12459.0
2024-08-26 09:25:01,SOLUSDT,bid,145,9901.0
2024-08-26 09:25:06,SOLUSDT,ask,158,10045.0
2024-08-26 09:25:16,SOLUSDT,ask,158,10007.0
2024-08-26 09:25:17,SOLUSDT,ask,158,10008.0
2024-08-26 09:25:19,SOLUSDT,ask,158,10151.0
2024-08-26 09:25:21,SOLUSDT,ask,158,10007.0
2024-08-26 09:25:45,SOLUSDT,bid,156,14751.0
2024-08-26 09:26:40,SOLUSDT,bid,155,6696.0
2024-08-26 09:26:48,SOLUSDT,bid,156,14863.0
2024-08-26 09:26:50,SOLUSDT,bid,138,12462.0
2024-08-26 09:27:12,SOLUSDT,bid,156,8129.0
2024-08-26 09:27:12,SOLUSDT,bid,156,14736.0
2024-08-26 09:27:14,SOLUSDT,bid,153,9675.0
2024-08-26 09:27:54,SOLUSDT,bid,150,15252.0
2024-08-26 09:30:09,SOLUSDT,bid,155,6694.0
2024-08-26 09:30:10,SOLUSDT,bid,156,8131.0
2024-08-26 09:30:12,SOLUSDT,ask,162,7800.0
2024-08-26 09:30:15,SOLUSDT,bid,156,8202.0
2024-08-26 09:30:55,SOLUSDT,ask,178,30301.0
2024-08-26 09:30:56,SOLUSDT,bid,150,15238.0
2024-08-26 09:31:26,SOLUSDT,bid,150,14781.0
2024-08-26 09:31:46,SOLUSDT,bid,155,6691.0
2024-08-26 09:33:13,SOLUSDT,bid,95,21030.0
2024-08-26 09:33:17,SOLUSDT,bid,153,9674.0
2024-08-26 09:33:26,SOLUSDT,bid,95,21030.0
2024-08-26 09:33:33,SOLUSDT,bid,156,8252.0
