2024-09-01 07:02:57,BTCUSDT,ask,59900,632.387
2024-09-01 07:04:02,BTCUSDT,bid,55800,735.752
2024-09-01 07:04:32,BTCUSDT,ask,59900,632.555
2024-09-01 07:05:37,BTCUSDT,bid,47100,800.035
2024-09-01 07:05:37,BTCUSDT,bid,47100,800.035
2024-09-01 07:05:37,BTCUSDT,bid,47100,800.035
2024-09-01 07:05:37,BTCUSDT,bid,47100,800.032
2024-09-01 07:05:37,BTCUSDT,bid,47100,800.032
2024-09-01 07:05:38,BTCUSDT,bid,47100,800.032
2024-09-01 07:05:38,BTCUSDT,bid,47100,800.032
2024-09-01 07:05:38,BTCUSDT,bid,47100,800.032
2024-09-01 07:05:38,BTCUSDT,bid,47100,800.032
2024-09-01 07:05:39,BTCUSDT,bid,47100,800.035
2024-09-01 07:05:39,BTCUSDT,bid,47100,800.035
2024-09-01 07:05:39,BTCUSDT,bid,47100,800.032
2024-09-01 07:05:39,BTCUSDT,bid,47100,800.032
2024-09-01 07:05:39,BTCUSDT,bid,47100,800.036
2024-09-01 07:05:40,BTCUSDT,bid,47100,800.032
2024-09-01 07:05:40,BTCUSDT,bid,47100,800.032
2024-09-01 07:05:40,BTCUSDT,bid,47100,800.032
2024-09-01 07:05:40,BTCUSDT,bid,47100,800.032
2024-09-01 07:05:40,BTCUSDT,bid,47100,800.035
2024-09-01 07:05:41,BTCUSDT,bid,47100,800.032
2024-09-01 07:05:41,BTCUSDT,bid,47100,800.032
2024-09-01 07:05:41,BTCUSDT,bid,47100,800.032
2024-09-01 07:05:41,BTCUSDT,bid,47100,800.032
2024-09-01 07:05:41,BTCUSDT,bid,47100,800.032
2024-09-01 07:05:41,BTCUSDT,bid,47100,800.032
2024-09-01 07:05:42,BTCUSDT,bid,47100,800.032
2024-09-01 07:05:42,BTCUSDT,bid,47100,800.032
2024-09-01 07:05:42,BTCUSDT,bid,47100,800.032
2024-09-01 07:05:42,BTCUSDT,bid,47100,800.035
2024-09-01 07:05:43,BTCUSDT,bid,47100,800.032
2024-09-01 07:05:43,BTCUSDT,bid,47100,800.032
2024-09-01 07:05:43,BTCUSDT,bid,47100,800.035
2024-09-01 07:05:43,BTCUSDT,bid,47100,800.032
2024-09-01 07:05:44,BTCUSDT,bid,47100,800.032
2024-09-01 07:05:44,BTCUSDT,bid,47100,800.032
2024-09-01 07:05:44,BTCUSDT,bid,47100,800.032
2024-09-01 07:05:45,BTCUSDT,bid,47100,800.032
2024-09-01 07:05:45,BTCUSDT,bid,47100,800.032
2024-09-01 07:05:45,BTCUSDT,bid,47100,800.035
2024-09-01 07:05:45,BTCUSDT,bid,47100,800.032
2024-09-01 07:05:45,BTCUSDT,bid,47100,800.035
2024-09-01 07:05:45,BTCUSDT,bid,47100,800.035
2024-09-01 07:05:45,BTCUSDT,bid,47100,800.032
2024-09-01 07:05:46,BTCUSDT,bid,47100,800.032
2024-09-01 07:05:46,BTCUSDT,bid,47100,800.032
2024-09-01 07:05:46,BTCUSDT,bid,47100,800.032
2024-09-01 07:05:46,BTCUSDT,bid,47100,800.032
2024-09-01 07:05:46,BTCUSDT,bid,47100,800.032
2024-09-01 07:05:47,BTCUSDT,bid,47100,800.032
2024-09-01 07:05:47,BTCUSDT,bid,47100,800.032
2024-09-01 07:05:47,BTCUSDT,bid,47100,800.032
2024-09-01 07:05:47,BTCUSDT,bid,47100,800.032
2024-09-01 07:05:47,BTCUSDT,bid,47100,800.032
2024-09-01 07:05:48,BTCUSDT,bid,47100,800.032
2024-09-01 07:05:48,BTCUSDT,bid,47100,800.035
2024-09-01 07:05:48,BTCUSDT,bid,47100,800.032
2024-09-01 07:05:48,BTCUSDT,bid,47100,800.035
2024-09-01 07:05:48,BTCUSDT,bid,47100,800.039
2024-09-01 07:05:48,BTCUSDT,bid,47100,800.032
2024-09-01 07:05:49,BTCUSDT,bid,47100,800.035
2024-09-01 07:05:49,BTCUSDT,bid,47100,800.032
2024-09-01 07:05:49,BTCUSDT,bid,47100,800.032
2024-09-01 07:05:50,BTCUSDT,bid,47100,800.035
2024-09-01 07:05:50,BTCUSDT,bid,47100,800.036
2024-09-01 07:05:50,BTCUSDT,bid,47100,800.032
2024-09-01 07:05:50,BTCUSDT,bid,47100,800.035
2024-09-01 07:05:50,BTCUSDT,bid,47100,800.032
2024-09-01 07:05:50,BTCUSDT,bid,47100,800.032
2024-09-01 07:05:50,BTCUSDT,bid,47100,800.035
2024-09-01 07:05:50,BTCUSDT,bid,47100,800.032
2024-09-01 07:08:10,BTCUSDT,ask,59900,632.355
2024-09-01 07:09:03,BTCUSDT,ask,59900,632.352
2024-09-01 07:11:22,BTCUSDT,ask,59900,632.35
2024-09-01 07:12:24,BTCUSDT,ask,59900,632.353
2024-09-01 07:13:58,BTCUSDT,ask,59900,633.17
2024-09-01 07:14:16,BTCUSDT,bid,47000,894.775
2024-09-01 07:14:28,BTCUSDT,ask,59900,632.353
2024-09-01 07:16:14,BTCUSDT,ask,59900,632.396
2024-09-01 07:16:35,BTCUSDT,ask,59900,632.394
2024-09-01 07:17:31,BTCUSDT,ask,59900,632.352
2024-09-01 07:22:17,BTCUSDT,bid,55800,735.599
2024-09-01 07:22:44,BTCUSDT,ask,59900,632.368
2024-09-01 07:23:23,BTCUSDT,ask,59900,632.364
2024-09-01 07:25:36,BTCUSDT,bid,47100,800.032
2024-09-01 07:27:41,BTCUSDT,ask,59900,632.454
2024-09-01 07:28:58,BTCUSDT,ask,59900,632.448
2024-09-01 07:29:22,BTCUSDT,bid,47000,894.525
2024-09-01 07:35:39,BTCUSDT,ask,59900,632.451
2024-09-01 07:43:22,BTCUSDT,bid,55800,735.593
2024-09-01 07:43:51,BTCUSDT,ask,59900,632.951
2024-09-01 07:43:52,BTCUSDT,bid,47000,894.521
2024-09-01 07:47:18,BTCUSDT,ask,59900,632.451
2024-09-01 07:51:28,BTCUSDT,bid,55800,735.567
2024-09-01 07:56:20,BTCUSDT,ask,59900,632.525
2024-09-01 07:57:38,BTCUSDT,ask,59900,632.509
2024-09-01 07:58:09,BTCUSDT,bid,55800,735.805
2024-09-01 07:58:29,BTCUSDT,bid,55800,735.567
2024-09-01 08:00:35,BTCUSDT,ask,59900,632.259
2024-09-01 08:07:39,BTCUSDT,bid,47000,894.512
2024-09-01 08:08:42,BTCUSDT,ask,59900,632.159
2024-09-01 08:08:55,BTCUSDT,ask,59900,632.162
2024-09-01 08:12:57,BTCUSDT,ask,59900,632.167
2024-09-01 08:14:51,BTCUSDT,ask,59900,632.028
2024-09-01 08:16:26,BTCUSDT,ask,59900,632.025
2024-09-01 08:19:17,BTCUSDT,ask,59900,633.726
2024-09-01 08:20:22,BTCUSDT,bid,55800,735.575
2024-09-01 08:20:44,BTCUSDT,ask,59900,633.728
2024-09-01 08:27:04,BTCUSDT,ask,59900,633.635
2024-09-01 08:27:46,BTCUSDT,ask,59900,633.605
2024-09-01 08:28:31,BTCUSDT,bid,47000,894.412
2024-09-01 08:34:27,BTCUSDT,ask,59900,633.61
2024-09-01 08:37:27,BTCUSDT,ask,59900,633.613
2024-09-01 08:39:47,BTCUSDT,ask,59900,633.61
2024-09-01 08:40:51,BTCUSDT,ask,59900,633.66
2024-09-01 08:44:39,BTCUSDT,bid,55800,735.587
2024-09-01 08:45:28,BTCUSDT,bid,47000,894.438
2024-09-01 08:49:27,BTCUSDT,ask,59900,633.577
2024-09-01 08:50:30,BTCUSDT,ask,59900,633.574
2024-09-01 09:00:14,BTCUSDT,ask,59900,633.774
2024-09-01 09:00:16,BTCUSDT,ask,59900,633.574
2024-09-01 09:00:17,BTCUSDT,ask,59900,633.774
2024-09-01 09:00:19,BTCUSDT,ask,59900,633.574
2024-09-01 09:00:21,BTCUSDT,ask,59900,633.774
2024-09-01 09:00:23,BTCUSDT,ask,59900,633.574
2024-09-01 09:00:24,BTCUSDT,ask,59900,633.774
2024-09-01 09:00:26,BTCUSDT,ask,59900,633.574
2024-09-01 09:00:28,BTCUSDT,ask,59900,633.774
2024-09-01 09:00:30,BTCUSDT,ask,59900,633.574
2024-09-01 09:00:31,BTCUSDT,ask,59900,633.774
2024-09-01 09:00:33,BTCUSDT,ask,59900,633.574
2024-09-01 09:00:35,BTCUSDT,ask,59900,633.774
2024-09-01 09:00:37,BTCUSDT,ask,59900,633.574
2024-09-01 09:02:27,BTCUSDT,ask,59900,633.774
2024-09-01 09:02:29,BTCUSDT,ask,59900,633.574
2024-09-01 09:02:31,BTCUSDT,ask,59900,633.774
2024-09-01 09:02:33,BTCUSDT,ask,59900,633.574
2024-09-01 09:02:36,BTCUSDT,ask,59900,633.574
2024-09-01 09:02:38,BTCUSDT,ask,59900,633.706
2024-09-01 09:04:10,BTCUSDT,bid,55800,735.585
2024-09-01 09:04:51,BTCUSDT,ask,59900,633.906
2024-09-01 09:04:54,BTCUSDT,ask,59900,633.706
2024-09-01 09:04:55,BTCUSDT,ask,59900,633.906
2024-09-01 09:04:57,BTCUSDT,ask,59900,633.706
2024-09-01 09:04:59,BTCUSDT,ask,59900,633.906
2024-09-01 09:05:01,BTCUSDT,ask,59900,633.706
2024-09-01 09:05:23,BTCUSDT,ask,59900,633.906
2024-09-01 09:05:25,BTCUSDT,ask,59900,633.706
2024-09-01 09:05:27,BTCUSDT,ask,59900,633.906
2024-09-01 09:05:29,BTCUSDT,ask,59900,633.706
2024-09-01 09:05:32,BTCUSDT,ask,59900,633.706
2024-09-01 09:06:14,BTCUSDT,ask,59900,633.552
2024-09-01 09:06:19,BTCUSDT,ask,59900,633.752
2024-09-01 09:07:17,BTCUSDT,ask,59900,633.458
2024-09-01 09:07:17,BTCUSDT,bid,47000,894.443
2024-09-01 09:07:25,BTCUSDT,bid,47000,894.446
2024-09-01 09:08:54,BTCUSDT,ask,59900,631.8
2024-09-01 09:08:57,BTCUSDT,bid,55800,735.591
2024-09-01 09:09:18,BTCUSDT,bid,47000,894.584
2024-09-01 09:11:59,BTCUSDT,ask,59900,631.75
2024-09-01 09:12:12,BTCUSDT,bid,55800,735.587
2024-09-01 09:12:12,BTCUSDT,ask,59900,631.747
2024-09-01 09:12:25,BTCUSDT,bid,55800,735.845
2024-09-01 09:12:30,BTCUSDT,bid,55800,740.423
2024-09-01 09:13:21,BTCUSDT,bid,55800,740.429
2024-09-01 09:13:22,BTCUSDT,ask,59900,633.513
2024-09-01 09:14:48,BTCUSDT,ask,59900,633.51
2024-09-01 09:16:50,BTCUSDT,bid,55800,740.425
2024-09-01 09:17:41,BTCUSDT,ask,59900,633.526
2024-09-01 09:20:17,BTCUSDT,bid,55800,740.427
2024-09-01 09:21:13,BTCUSDT,ask,59900,633.381
2024-09-01 09:21:21,BTCUSDT,ask,59900,633.365
2024-09-01 09:21:27,BTCUSDT,bid,55800,740.429
2024-09-01 09:22:08,BTCUSDT,ask,59900,633.315
2024-09-01 09:22:58,BTCUSDT,bid,55800,740.492
2024-09-01 09:23:18,BTCUSDT,bid,55800,740.501
2024-09-01 09:23:19,BTCUSDT,ask,59900,631.212
2024-09-01 09:23:55,BTCUSDT,ask,59900,630.907
2024-09-01 09:24:08,BTCUSDT,ask,59900,630.901
2024-09-01 09:25:08,BTCUSDT,bid,55800,740.243
2024-09-01 09:25:38,BTCUSDT,bid,55800,740.207
2024-09-01 09:25:42,BTCUSDT,bid,47000,894.589
2024-09-01 09:25:51,BTCUSDT,ask,59900,630.789
2024-09-01 09:25:58,BTCUSDT,bid,55800,735.629
2024-09-01 09:26:23,BTCUSDT,ask,59900,630.762
2024-09-01 09:27:01,BTCUSDT,ask,59900,630.756
2024-09-01 09:27:33,BTCUSDT,bid,47000,894.643
2024-09-01 09:28:11,BTCUSDT,ask,59900,630.715
2024-09-01 09:29:06,BTCUSDT,bid,55800,735.632
2024-09-01 09:29:27,BTCUSDT,ask,59900,630.711
2024-09-01 09:29:57,BTCUSDT,bid,47000,894.649
2024-09-01 09:30:09,BTCUSDT,bid,55800,735.652
2024-09-01 09:33:06,BTCUSDT,bid,55800,735.883
2024-09-01 09:33:51,BTCUSDT,bid,55800,735.519
2024-09-01 09:34:34,BTCUSDT,bid,55800,735.514
2024-09-01 09:35:58,BTCUSDT,bid,47000,894.595
2024-09-01 09:36:24,BTCUSDT,bid,55800,735.508
2024-09-01 09:36:25,BTCUSDT,ask,59900,630.1
2024-09-01 09:36:30,BTCUSDT,bid,55800,742.712
2024-09-01 09:37:54,BTCUSDT,bid,55800,742.481
2024-09-01 09:39:26,BTCUSDT,ask,59900,630.06
2024-09-01 09:41:41,BTCUSDT,ask,59900,630.042
2024-09-01 09:43:24,BTCUSDT,bid,47000,894.589
2024-09-01 09:43:35,BTCUSDT,bid,55800,742.418
2024-09-01 09:43:45,BTCUSDT,bid,55800,742.427
2024-09-01 09:44:12,BTCUSDT,ask,59900,630.125
2024-09-01 09:45:48,BTCUSDT,bid,47300,805.912
2024-09-01 09:48:22,BTCUSDT,ask,59900,630.116
2024-09-01 09:49:56,BTCUSDT,bid,55800,742.429
2024-09-01 09:49:56,BTCUSDT,ask,59900,630.118
2024-09-01 09:50:00,BTCUSDT,bid,55800,742.529
2024-09-01 09:50:47,BTCUSDT,ask,59900,630.144
2024-09-01 09:51:36,BTCUSDT,ask,59900,630.15
2024-09-01 09:52:04,BTCUSDT,bid,55800,742.566
2024-09-01 09:52:20,BTCUSDT,bid,55800,742.529
2024-09-01 09:52:36,BTCUSDT,bid,55800,742.547
2024-09-01 09:53:28,BTCUSDT,bid,47000,894.592
2024-09-01 09:54:02,BTCUSDT,ask,59900,630.132
2024-09-01 09:54:24,BTCUSDT,ask,59900,630.049
2024-09-01 09:55:16,BTCUSDT,ask,59900,629.999
2024-09-01 09:56:32,BTCUSDT,ask,59900,629.983
2024-09-01 09:56:59,BTCUSDT,ask,59900,629.908
2024-09-01 09:58:25,BTCUSDT,ask,59900,629.8
2024-09-01 10:00:06,BTCUSDT,bid,55800,742.536
2024-09-01 10:00:37,BTCUSDT,ask,59900,629.742
2024-09-01 10:03:30,BTCUSDT,ask,59900,628.038
2024-09-01 10:06:05,BTCUSDT,bid,55800,743.013
2024-09-01 10:09:38,BTCUSDT,bid,55800,742.481
2024-09-01 10:13:06,BTCUSDT,bid,55800,742.57
2024-09-01 10:14:00,BTCUSDT,bid,47300,805.881
2024-09-01 10:14:29,BTCUSDT,ask,59900,627.962
2024-09-01 10:14:48,BTCUSDT,ask,59900,627.978
2024-09-01 10:14:55,BTCUSDT,ask,59900,627.994
2024-09-01 10:16:23,BTCUSDT,ask,59900,627.92
2024-09-01 10:16:48,BTCUSDT,ask,59900,627.917
2024-09-01 10:17:09,BTCUSDT,bid,55800,742.559
2024-09-01 10:17:26,BTCUSDT,bid,47000,895.431
2024-09-01 10:17:37,BTCUSDT,bid,47000,895.436
2024-09-01 10:18:12,BTCUSDT,bid,47000,896.463
2024-09-01 10:18:48,BTCUSDT,ask,59900,627.929
2024-09-01 10:21:44,BTCUSDT,ask,59900,627.967
2024-09-01 07:12:59,BTCUSD_PERP,ask,59600,510.64
2024-09-01 07:13:04,BTCUSD_PERP,ask,59600,516.59
2024-09-01 07:13:07,BTCUSD_PERP,ask,59600,522.55
2024-09-01 07:13:27,BTCUSD_PERP,ask,59600,513.02
2024-09-01 07:13:34,BTCUSD_PERP,ask,59600,503.49
2024-09-01 07:16:28,BTCUSD_PERP,bid,58500,576.3
2024-09-01 07:16:29,BTCUSD_PERP,bid,58500,634.29
2024-09-01 07:16:29,BTCUSD_PERP,bid,58500,692.28
2024-09-01 07:17:01,BTCUSD_PERP,bid,58500,634.89
2024-09-01 07:17:02,BTCUSD_PERP,bid,58500,520.11
2024-09-01 07:17:03,BTCUSD_PERP,bid,58500,519.2
2024-09-01 07:21:30,BTCUSD_PERP,bid,58500,520.1
2024-09-01 07:21:30,BTCUSD_PERP,bid,58500,577.43
2024-09-01 07:21:30,BTCUSD_PERP,bid,58500,634.76
2024-09-01 07:21:30,BTCUSD_PERP,bid,58500,692.09
2024-09-01 07:21:56,BTCUSD_PERP,bid,58500,692.13
2024-09-01 07:25:01,BTCUSD_PERP,ask,59600,507.12
2024-09-01 07:25:07,BTCUSD_PERP,ask,59600,516.65
2024-09-01 07:25:07,BTCUSD_PERP,ask,59600,536.3
2024-09-01 07:25:14,BTCUSD_PERP,ask,59600,542.25
2024-09-01 07:25:23,BTCUSD_PERP,bid,58500,692.09
2024-09-01 07:25:24,BTCUSD_PERP,ask,59600,551.78
2024-09-01 07:25:25,BTCUSD_PERP,ask,59600,561.01
2024-09-01 07:25:25,BTCUSD_PERP,ask,59600,566.96
2024-09-01 07:25:25,BTCUSD_PERP,ask,59600,586.62
2024-09-01 07:25:26,BTCUSD_PERP,ask,59600,592.57
2024-09-01 07:25:28,BTCUSD_PERP,ask,59600,611.63
2024-09-01 07:25:33,BTCUSD_PERP,bid,58500,576.84
2024-09-01 07:25:33,BTCUSD_PERP,bid,58500,518.92
2024-09-01 07:25:42,BTCUSD_PERP,ask,59600,552.59
2024-09-01 07:26:31,BTCUSD_PERP,bid,58400,518.61
2024-09-01 07:26:31,BTCUSD_PERP,bid,58400,576.43
2024-09-01 07:26:42,BTCUSD_PERP,ask,59500,529.43
2024-09-01 07:27:21,BTCUSD_PERP,ask,59500,509.98
2024-09-01 07:27:28,BTCUSD_PERP,bid,58400,576.14
2024-09-01 07:27:28,BTCUSD_PERP,bid,58400,633.99
2024-09-01 07:27:29,BTCUSD_PERP,ask,59500,506.39
2024-09-01 07:28:27,BTCUSD_PERP,ask,59600,510.52
2024-09-01 07:28:28,BTCUSD_PERP,ask,59600,520.04
2024-09-01 07:28:29,BTCUSD_PERP,ask,59600,525.99
2024-09-01 07:28:30,BTCUSD_PERP,ask,59600,535.51
2024-09-01 07:28:30,BTCUSD_PERP,ask,59600,541.46
2024-09-01 07:28:31,BTCUSD_PERP,ask,59600,561.11
2024-09-01 07:28:32,BTCUSD_PERP,ask,59600,570.63
2024-09-01 07:28:34,BTCUSD_PERP,ask,59600,580.15
2024-09-01 07:28:36,BTCUSD_PERP,ask,59600,589.67
2024-09-01 07:29:26,BTCUSD_PERP,ask,59600,580.15
2024-09-01 07:29:27,BTCUSD_PERP,ask,59600,570.92
2024-09-01 07:29:29,BTCUSD_PERP,ask,59600,564.97
2024-09-01 07:29:29,BTCUSD_PERP,ask,59600,555.45
2024-09-01 07:29:30,BTCUSD_PERP,ask,59600,545.93
2024-09-01 07:29:30,BTCUSD_PERP,ask,59600,539.98
2024-09-01 07:29:32,BTCUSD_PERP,ask,59600,530.46
2024-09-01 07:29:34,BTCUSD_PERP,ask,59600,520.94
2024-09-01 07:29:36,BTCUSD_PERP,ask,59600,511.42
2024-09-01 07:31:31,BTCUSD_PERP,ask,59500,511.97
2024-09-01 07:31:32,BTCUSD_PERP,ask,59500,527.44
2024-09-01 07:31:33,BTCUSD_PERP,ask,59500,537.26
2024-09-01 07:32:28,BTCUSD_PERP,ask,59500,527.74
2024-09-01 07:32:29,BTCUSD_PERP,ask,59500,518.52
2024-09-01 07:32:31,BTCUSD_PERP,ask,59500,512.57
2024-09-01 07:35:22,BTCUSD_PERP,bid,58400,576.73
2024-09-01 07:35:22,BTCUSD_PERP,bid,58400,519.47
2024-09-01 07:35:23,BTCUSD_PERP,bid,58400,518.63
2024-09-01 07:35:23,BTCUSD_PERP,bid,58400,576.52
2024-09-01 07:35:53,BTCUSD_PERP,bid,58400,594.03
2024-09-01 07:40:53,BTCUSD_PERP,bid,58400,576.52
2024-09-01 07:43:02,BTCUSD_PERP,bid,58400,518.63
2024-09-01 07:43:03,BTCUSD_PERP,bid,58500,519.49
2024-09-01 07:43:03,BTCUSD_PERP,bid,58500,577.41
2024-09-01 07:43:04,BTCUSD_PERP,bid,58500,635.33
2024-09-01 07:44:22,BTCUSD_PERP,bid,58500,520.08
2024-09-01 07:44:23,BTCUSD_PERP,bid,58400,518.55
2024-09-01 07:44:23,BTCUSD_PERP,bid,58400,691.63
2024-09-01 07:44:24,BTCUSD_PERP,bid,58400,807.41
2024-09-01 07:44:24,BTCUSD_PERP,bid,58400,864.71
2024-09-01 07:44:24,BTCUSD_PERP,bid,58400,922.6
2024-09-01 07:44:25,BTCUSD_PERP,bid,58400,1037.2
2024-09-01 07:44:26,BTCUSD_PERP,bid,58400,1037.24
2024-09-01 07:44:27,BTCUSD_PERP,bid,58400,1037.28
2024-09-01 07:44:28,BTCUSD_PERP,bid,58400,979.98
2024-09-01 07:44:29,BTCUSD_PERP,bid,58400,922.09
2024-09-01 07:44:29,BTCUSD_PERP,bid,58400,864.79
2024-09-01 07:44:29,BTCUSD_PERP,bid,58400,692.3
2024-09-01 07:44:29,BTCUSD_PERP,bid,58400,634.41
2024-09-01 07:44:29,BTCUSD_PERP,bid,58400,519.22
2024-09-01 07:44:30,BTCUSD_PERP,bid,58400,518.3
2024-09-01 07:44:30,BTCUSD_PERP,bid,58400,634.02
2024-09-01 07:44:30,BTCUSD_PERP,bid,58400,749.74
2024-09-01 07:44:51,BTCUSD_PERP,bid,58400,692.47
2024-09-01 07:44:51,BTCUSD_PERP,bid,58400,577.0
2024-09-01 07:44:51,BTCUSD_PERP,bid,58400,634.83
2024-09-01 07:46:51,BTCUSD_PERP,bid,58400,577.37
2024-09-01 07:46:51,BTCUSD_PERP,bid,58400,635.23
2024-09-01 07:46:52,BTCUSD_PERP,bid,58400,692.5
2024-09-01 07:55:28,BTCUSD_PERP,bid,58400,692.09
2024-09-01 07:55:28,BTCUSD_PERP,bid,58400,749.97
2024-09-01 07:59:46,BTCUSD_PERP,bid,58400,576.63
2024-09-01 07:59:46,BTCUSD_PERP,bid,58400,634.48
2024-09-01 08:08:33,BTCUSD_PERP,ask,59500,513.14
2024-09-01 08:08:35,BTCUSD_PERP,ask,59500,522.66
2024-09-01 08:08:38,BTCUSD_PERP,ask,59500,532.17
2024-09-01 08:08:39,BTCUSD_PERP,ask,59500,541.68
2024-09-01 08:08:40,BTCUSD_PERP,ask,59500,551.19
2024-09-01 08:08:46,BTCUSD_PERP,ask,59500,570.82
2024-09-01 08:08:47,BTCUSD_PERP,ask,59500,576.76
2024-09-01 08:08:47,BTCUSD_PERP,ask,59500,586.57
2024-09-01 08:08:50,BTCUSD_PERP,ask,59500,595.79
2024-09-01 08:09:08,BTCUSD_PERP,ask,59500,586.28
2024-09-01 08:09:10,BTCUSD_PERP,ask,59500,595.79
2024-09-01 08:09:21,BTCUSD_PERP,ask,59500,586.27
2024-09-01 08:09:22,BTCUSD_PERP,ask,59500,592.21
2024-09-01 08:09:22,BTCUSD_PERP,ask,59500,611.84
2024-09-01 08:09:23,BTCUSD_PERP,ask,59500,621.36
2024-09-01 08:09:25,BTCUSD_PERP,ask,59500,611.85
2024-09-01 08:09:26,BTCUSD_PERP,ask,59500,621.36
2024-09-01 08:09:26,BTCUSD_PERP,ask,59500,611.85
2024-09-01 08:09:27,BTCUSD_PERP,ask,59500,621.36
2024-09-01 08:09:27,BTCUSD_PERP,ask,59500,627.31
2024-09-01 08:09:28,BTCUSD_PERP,ask,59500,617.8
2024-09-01 08:09:28,BTCUSD_PERP,ask,59500,611.86
2024-09-01 08:09:32,BTCUSD_PERP,ask,59500,605.92
2024-09-01 08:09:33,BTCUSD_PERP,ask,59500,596.41
2024-09-01 08:09:35,BTCUSD_PERP,ask,59500,586.89
2024-09-01 08:09:39,BTCUSD_PERP,ask,59500,577.38
2024-09-01 08:09:39,BTCUSD_PERP,ask,59500,567.87
2024-09-01 08:09:40,BTCUSD_PERP,ask,59500,558.36
2024-09-01 08:09:47,BTCUSD_PERP,ask,59500,552.42
2024-09-01 08:09:47,BTCUSD_PERP,ask,59500,546.48
2024-09-01 08:09:51,BTCUSD_PERP,ask,59500,537.26
2024-09-01 08:09:56,BTCUSD_PERP,ask,59500,517.63
2024-09-01 08:10:03,BTCUSD_PERP,ask,59500,511.69
2024-09-01 08:16:38,BTCUSD_PERP,ask,59500,505.95
2024-09-01 08:16:38,BTCUSD_PERP,ask,59500,515.46
2024-09-01 08:17:32,BTCUSD_PERP,ask,59500,509.52
2024-09-01 08:18:47,BTCUSD_PERP,bid,58400,519.61
2024-09-01 08:18:47,BTCUSD_PERP,bid,58400,576.83
2024-09-01 08:18:49,BTCUSD_PERP,bid,58400,576.87
2024-09-01 08:20:12,BTCUSD_PERP,bid,58400,519.23
2024-09-01 08:20:12,BTCUSD_PERP,bid,58400,577.06
2024-09-01 08:22:34,BTCUSD_PERP,bid,58400,517.88
2024-09-01 08:22:35,BTCUSD_PERP,bid,58400,575.75
2024-09-01 08:25:08,BTCUSD_PERP,bid,58400,632.7
2024-09-01 08:28:50,BTCUSD_PERP,ask,59500,511.24
2024-09-01 08:28:51,BTCUSD_PERP,ask,59500,520.75
2024-09-01 08:28:51,BTCUSD_PERP,ask,59500,530.27
2024-09-01 08:29:00,BTCUSD_PERP,ask,59500,549.9
2024-09-01 08:29:01,BTCUSD_PERP,ask,59500,559.12
2024-09-01 08:29:04,BTCUSD_PERP,ask,59500,568.64
2024-09-01 08:29:35,BTCUSD_PERP,ask,59500,559.12
2024-09-01 08:29:37,BTCUSD_PERP,ask,59500,549.6
2024-09-01 08:29:39,BTCUSD_PERP,ask,59500,543.65
2024-09-01 08:29:39,BTCUSD_PERP,ask,59500,534.13
2024-09-01 08:29:44,BTCUSD_PERP,ask,59500,524.61
2024-09-01 08:29:45,BTCUSD_PERP,ask,59500,515.09
2024-09-01 08:29:50,BTCUSD_PERP,ask,59500,505.57
2024-09-01 08:32:22,BTCUSD_PERP,bid,58400,519.23
2024-09-01 08:32:24,BTCUSD_PERP,bid,58400,577.82
2024-09-01 08:32:37,BTCUSD_PERP,bid,58400,577.86
2024-09-01 08:33:07,BTCUSD_PERP,bid,58400,520.05
2024-09-01 08:35:06,BTCUSD_PERP,bid,58400,519.01
2024-09-01 08:35:06,BTCUSD_PERP,bid,58400,576.82
2024-09-01 08:39:04,BTCUSD_PERP,bid,58400,517.61
2024-09-01 08:39:04,BTCUSD_PERP,bid,58300,575.15
2024-09-01 08:39:34,BTCUSD_PERP,bid,58300,518.74
2024-09-01 08:39:34,BTCUSD_PERP,bid,58300,576.52
2024-09-01 08:39:34,BTCUSD_PERP,bid,58300,517.66
2024-09-01 08:40:03,BTCUSD_PERP,bid,58300,518.82
2024-09-01 08:41:38,BTCUSD_PERP,bid,58300,517.66
2024-09-01 08:48:32,BTCUSD_PERP,bid,58300,518.74
2024-09-01 08:48:34,BTCUSD_PERP,bid,58400,519.01
2024-09-01 08:51:52,BTCUSD_PERP,ask,59500,506.97
2024-09-01 08:51:53,BTCUSD_PERP,ask,59500,512.91
2024-09-01 08:51:59,BTCUSD_PERP,ask,59500,522.42
2024-09-01 08:52:05,BTCUSD_PERP,bid,58300,518.25
2024-09-01 08:52:33,BTCUSD_PERP,ask,59500,512.91
2024-09-01 08:52:35,BTCUSD_PERP,ask,59500,506.97
2024-09-01 08:52:50,BTCUSD_PERP,ask,59500,520.95
2024-09-01 08:52:51,BTCUSD_PERP,ask,59500,511.44
2024-09-01 08:52:53,BTCUSD_PERP,ask,59500,511.44
2024-09-01 08:52:53,BTCUSD_PERP,ask,59500,511.44
2024-09-01 08:52:53,BTCUSD_PERP,ask,59500,520.95
2024-09-01 08:52:54,BTCUSD_PERP,ask,59500,515.01
2024-09-01 08:52:54,BTCUSD_PERP,ask,59500,520.95
2024-09-01 08:53:00,BTCUSD_PERP,ask,59500,511.44
2024-09-01 08:53:00,BTCUSD_PERP,ask,59500,520.95
2024-09-01 08:53:00,BTCUSD_PERP,ask,59500,530.46
2024-09-01 08:53:21,BTCUSD_PERP,ask,59500,510.84
2024-09-01 08:53:26,BTCUSD_PERP,ask,59500,504.9
2024-09-01 08:58:35,BTCUSD_PERP,bid,58300,517.39
2024-09-01 08:58:36,BTCUSD_PERP,bid,58300,632.89
2024-09-01 09:02:37,BTCUSD_PERP,bid,58300,575.14
2024-09-01 09:02:38,BTCUSD_PERP,bid,58300,517.39
2024-09-01 09:03:13,BTCUSD_PERP,bid,58200,516.93
2024-09-01 09:04:06,BTCUSD_PERP,bid,58300,517.2
2024-09-01 09:04:59,BTCUSD_PERP,ask,59400,509.52
2024-09-01 09:04:59,BTCUSD_PERP,ask,59400,519.02
2024-09-01 09:05:02,BTCUSD_PERP,ask,59400,528.52
2024-09-01 09:05:02,BTCUSD_PERP,ask,59400,534.46
2024-09-01 09:05:08,BTCUSD_PERP,ask,59400,543.96
2024-09-01 09:05:08,BTCUSD_PERP,ask,59400,553.46
2024-09-01 09:05:23,BTCUSD_PERP,ask,59400,562.66
2024-09-01 09:05:26,BTCUSD_PERP,ask,59400,568.6
2024-09-01 09:05:56,BTCUSD_PERP,ask,59400,559.1
2024-09-01 09:05:59,BTCUSD_PERP,ask,59400,549.6
2024-09-01 09:05:59,BTCUSD_PERP,ask,59400,540.1
2024-09-01 09:06:02,BTCUSD_PERP,ask,59400,530.6
2024-09-01 09:06:03,BTCUSD_PERP,ask,59400,524.66
2024-09-01 09:06:08,BTCUSD_PERP,ask,59400,515.16
2024-09-01 09:06:08,BTCUSD_PERP,ask,59400,505.66
2024-09-01 09:06:22,BTCUSD_PERP,bid,58200,516.93
2024-09-01 09:06:23,BTCUSD_PERP,bid,58200,517.26
2024-09-01 09:06:23,BTCUSD_PERP,bid,58200,574.93
2024-09-01 09:06:23,BTCUSD_PERP,bid,58200,632.6
2024-09-01 09:08:35,BTCUSD_PERP,bid,58100,571.88
2024-09-01 09:08:35,BTCUSD_PERP,bid,58100,629.43
2024-09-01 09:08:35,BTCUSD_PERP,bid,58100,686.98
2024-09-01 09:08:35,BTCUSD_PERP,bid,58100,744.53
2024-09-01 09:08:35,BTCUSD_PERP,bid,58100,859.04
2024-09-01 09:08:36,BTCUSD_PERP,bid,58100,916.59
2024-09-01 09:08:55,BTCUSD_PERP,bid,58100,743.53
2024-09-01 09:08:55,BTCUSD_PERP,bid,58100,801.05
2024-09-01 09:08:59,BTCUSD_PERP,bid,58100,743.53
2024-09-01 09:08:59,BTCUSD_PERP,bid,58100,686.6
2024-09-01 09:08:59,BTCUSD_PERP,bid,58000,628.71
2024-09-01 09:09:00,BTCUSD_PERP,bid,58000,686.19
2024-09-01 09:09:03,BTCUSD_PERP,ask,59200,521.12
2024-09-01 09:09:19,BTCUSD_PERP,bid,58000,629.29
2024-09-01 09:09:20,BTCUSD_PERP,bid,58100,572.76
2024-09-01 09:09:33,BTCUSD_PERP,bid,58100,516.7
2024-09-01 09:09:34,BTCUSD_PERP,bid,58100,574.25
2024-09-01 09:09:34,BTCUSD_PERP,bid,58100,631.8
2024-09-01 09:09:34,BTCUSD_PERP,bid,58100,688.77
2024-09-01 09:09:34,BTCUSD_PERP,bid,58100,745.74
2024-09-01 09:09:40,BTCUSD_PERP,bid,58100,688.77
2024-09-01 09:09:40,BTCUSD_PERP,bid,58100,631.22
2024-09-01 09:09:41,BTCUSD_PERP,bid,58100,687.79
2024-09-01 09:09:41,BTCUSD_PERP,bid,58100,745.31
2024-09-01 09:09:48,BTCUSD_PERP,ask,59200,517.22
2024-09-01 09:09:48,BTCUSD_PERP,ask,59200,526.68
2024-09-01 09:09:48,BTCUSD_PERP,ask,59200,535.85
2024-09-01 09:10:14,BTCUSD_PERP,bid,58100,516.41
2024-09-01 09:10:15,BTCUSD_PERP,bid,58100,573.09
2024-09-01 09:10:49,BTCUSD_PERP,bid,58100,744.84
2024-09-01 09:10:49,BTCUSD_PERP,bid,58100,802.37
2024-09-01 09:11:02,BTCUSD_PERP,ask,59200,509.89
2024-09-01 09:11:08,BTCUSD_PERP,bid,58100,745.43
2024-09-01 09:11:08,BTCUSD_PERP,bid,58100,630.96
2024-09-01 09:11:08,BTCUSD_PERP,bid,58100,573.43
2024-09-01 09:11:17,BTCUSD_PERP,bid,58100,572.4
2024-09-01 09:11:17,BTCUSD_PERP,bid,58100,744.89
2024-09-01 09:11:18,BTCUSD_PERP,bid,58100,802.42
2024-09-01 09:12:33,BTCUSD_PERP,bid,58100,744.89
2024-09-01 09:12:33,BTCUSD_PERP,bid,58100,687.95
2024-09-01 09:12:33,BTCUSD_PERP,bid,58100,631.01
2024-09-01 09:12:34,BTCUSD_PERP,bid,58100,573.48
2024-09-01 09:12:34,BTCUSD_PERP,bid,58100,516.53
2024-09-01 09:12:34,BTCUSD_PERP,bid,58100,572.66
2024-09-01 09:12:34,BTCUSD_PERP,bid,58100,630.23
2024-09-01 09:12:34,BTCUSD_PERP,bid,58100,687.8
2024-09-01 09:12:53,BTCUSD_PERP,bid,58100,630.23
2024-09-01 09:12:53,BTCUSD_PERP,bid,58100,572.66
2024-09-01 09:15:13,BTCUSD_PERP,ask,59200,524.65
2024-09-01 09:15:13,BTCUSD_PERP,ask,59200,534.12
2024-09-01 09:15:20,BTCUSD_PERP,bid,58100,516.28
2024-09-01 09:15:20,BTCUSD_PERP,bid,58100,573.85
2024-09-01 09:19:19,BTCUSD_PERP,bid,58100,516.28
2024-09-01 09:19:19,BTCUSD_PERP,bid,58100,516.99
2024-09-01 09:19:19,BTCUSD_PERP,bid,58100,688.44
2024-09-01 09:19:19,BTCUSD_PERP,bid,58100,745.98
2024-09-01 09:19:36,BTCUSD_PERP,bid,58100,688.39
2024-09-01 09:19:36,BTCUSD_PERP,bid,58100,745.96
2024-09-01 09:20:02,BTCUSD_PERP,bid,58100,688.98
2024-09-01 09:20:03,BTCUSD_PERP,bid,58100,631.41
2024-09-01 09:20:03,BTCUSD_PERP,bid,58100,574.43
2024-09-01 09:20:03,BTCUSD_PERP,bid,58100,517.44
2024-09-01 09:20:03,BTCUSD_PERP,bid,58100,572.95
2024-09-01 09:20:04,BTCUSD_PERP,bid,58100,630.49
2024-09-01 09:20:04,BTCUSD_PERP,bid,58100,688.03
2024-09-01 09:20:04,BTCUSD_PERP,bid,58100,745.57
2024-09-01 09:23:12,BTCUSD_PERP,bid,58000,522.74
2024-09-01 09:24:03,BTCUSD_PERP,bid,58000,573.42
2024-09-01 09:24:04,BTCUSD_PERP,bid,58000,630.3
2024-09-01 09:31:45,BTCUSD_PERP,bid,47000,2442.77
2024-09-01 09:32:00,BTCUSD_PERP,bid,57800,627.56
2024-09-01 09:32:00,BTCUSD_PERP,bid,57800,742.0
2024-09-01 09:32:01,BTCUSD_PERP,bid,57800,799.22
2024-09-01 09:33:01,BTCUSD_PERP,bid,57800,742.0
2024-09-01 09:33:04,BTCUSD_PERP,bid,57800,570.91
2024-09-01 09:33:04,BTCUSD_PERP,bid,57800,627.59
2024-09-01 09:34:22,BTCUSD_PERP,bid,57900,571.53
2024-09-01 09:35:38,BTCUSD_PERP,bid,57900,571.92
2024-09-01 09:35:39,BTCUSD_PERP,bid,57900,629.3
2024-09-01 09:38:45,BTCUSD_PERP,bid,57900,572.5
2024-09-01 09:38:46,BTCUSD_PERP,bid,57900,569.98
2024-09-01 09:38:46,BTCUSD_PERP,bid,57900,627.39
2024-09-01 09:38:47,BTCUSD_PERP,bid,57900,742.21
2024-09-01 09:38:47,BTCUSD_PERP,bid,57900,799.62
2024-09-01 09:41:49,BTCUSD_PERP,bid,57900,571.15
2024-09-01 09:41:50,BTCUSD_PERP,bid,58000,628.89
2024-09-01 09:41:50,BTCUSD_PERP,bid,58000,686.23
2024-09-01 09:41:50,BTCUSD_PERP,bid,58000,743.67
2024-09-01 09:41:51,BTCUSD_PERP,bid,58000,801.11
2024-09-01 09:44:26,BTCUSD_PERP,bid,58000,629.38
2024-09-01 09:44:26,BTCUSD_PERP,bid,57900,800.21
2024-09-01 09:44:26,BTCUSD_PERP,bid,57900,857.62
2024-09-01 09:44:27,BTCUSD_PERP,bid,57900,915.03
2024-09-01 09:44:40,BTCUSD_PERP,bid,57900,927.55
2024-09-01 09:44:40,BTCUSD_PERP,bid,57900,984.93
2024-09-01 09:46:41,BTCUSD_PERP,bid,57900,971.16
2024-09-01 09:47:54,BTCUSD_PERP,bid,57900,913.88
2024-09-01 09:47:54,BTCUSD_PERP,bid,57900,571.4
2024-09-01 09:47:54,BTCUSD_PERP,bid,57900,913.98
2024-09-01 09:47:54,BTCUSD_PERP,bid,57900,1028.09
2024-09-01 09:50:28,BTCUSD_PERP,bid,57900,913.39
2024-09-01 09:50:28,BTCUSD_PERP,bid,57900,856.04
2024-09-01 09:50:28,BTCUSD_PERP,bid,57900,742.03
2024-09-01 09:50:28,BTCUSD_PERP,bid,57900,684.68
2024-09-01 09:50:28,BTCUSD_PERP,bid,57900,627.92
2024-09-01 09:50:28,BTCUSD_PERP,bid,57900,570.57
2024-09-01 09:54:56,BTCUSD_PERP,bid,58000,628.91
2024-09-01 09:55:12,BTCUSD_PERP,ask,59100,512.02
2024-09-01 09:55:15,BTCUSD_PERP,ask,59100,521.47
2024-09-01 09:56:06,BTCUSD_PERP,ask,59100,512.31
2024-09-01 10:01:25,BTCUSD_PERP,bid,57900,571.17
2024-09-01 10:01:25,BTCUSD_PERP,bid,57900,628.58
2024-09-01 10:02:36,BTCUSD_PERP,bid,57900,571.75
2024-09-01 10:02:38,BTCUSD_PERP,bid,58000,572.63
2024-09-01 10:04:48,BTCUSD_PERP,bid,58000,518.75
2024-09-01 10:06:35,BTCUSD_PERP,bid,58000,572.64
2024-09-01 10:06:40,BTCUSD_PERP,bid,58000,572.68
2024-09-01 10:08:21,BTCUSD_PERP,ask,59100,511.98
2024-09-01 10:08:22,BTCUSD_PERP,bid,57900,572.03
2024-09-01 10:08:22,BTCUSD_PERP,bid,57900,628.84
2024-09-01 10:10:21,BTCUSD_PERP,ask,59000,511.62
2024-09-01 10:10:22,BTCUSD_PERP,ask,59000,521.06
2024-09-01 10:10:23,BTCUSD_PERP,ask,59000,530.5
2024-09-01 10:10:24,BTCUSD_PERP,ask,59000,539.94
2024-09-01 10:10:25,BTCUSD_PERP,ask,59000,530.5
2024-09-01 10:10:25,BTCUSD_PERP,ask,59000,539.94
2024-09-01 10:10:27,BTCUSD_PERP,ask,59000,545.84
2024-09-01 10:10:36,BTCUSD_PERP,ask,59000,536.4
2024-09-01 10:10:36,BTCUSD_PERP,ask,59000,545.84
2024-09-01 10:10:38,BTCUSD_PERP,ask,59000,565.31
2024-09-01 10:10:41,BTCUSD_PERP,ask,59000,555.87
2024-09-01 10:10:43,BTCUSD_PERP,ask,59000,565.31
2024-09-01 10:10:45,BTCUSD_PERP,ask,59000,555.87
2024-09-01 10:10:45,BTCUSD_PERP,ask,59000,565.31
2024-09-01 10:10:45,BTCUSD_PERP,ask,59000,584.78
2024-09-01 10:10:45,BTCUSD_PERP,ask,59000,578.88
2024-09-01 10:10:46,BTCUSD_PERP,ask,59000,584.78
2024-09-01 10:11:22,BTCUSD_PERP,ask,59000,575.34
2024-09-01 10:11:23,BTCUSD_PERP,ask,59000,565.9
2024-09-01 10:11:24,BTCUSD_PERP,ask,59000,556.46
2024-09-01 10:11:25,BTCUSD_PERP,ask,59000,547.02
2024-09-01 10:11:27,BTCUSD_PERP,ask,59000,541.12
2024-09-01 10:11:36,BTCUSD_PERP,ask,59000,531.68
2024-09-01 10:11:44,BTCUSD_PERP,ask,59000,522.24
2024-09-01 10:11:45,BTCUSD_PERP,ask,59000,512.8
2024-09-01 10:14:40,BTCUSD_PERP,bid,58100,516.09
2024-09-01 10:14:40,BTCUSD_PERP,bid,58100,573.64
2024-09-01 10:14:41,BTCUSD_PERP,bid,58100,630.6
2024-09-01 10:14:41,BTCUSD_PERP,bid,58100,688.15
2024-09-01 10:16:05,BTCUSD_PERP,bid,58100,630.6
2024-09-01 10:16:06,BTCUSD_PERP,bid,58100,573.64
2024-09-01 10:16:06,BTCUSD_PERP,bid,58100,516.09
2024-09-01 10:16:07,BTCUSD_PERP,bid,58100,516.36
2024-09-01 10:16:07,BTCUSD_PERP,bid,58100,573.94
2024-09-01 10:16:55,BTCUSD_PERP,bid,58100,516.95
2024-09-01 10:18:53,BTCUSD_PERP,bid,58100,573.34
2024-09-01 10:19:17,BTCUSD_PERP,ask,59300,527.71
