2024-08-27 08:23:23,BTCUSDT,bid,47000,873.424
2024-08-27 09:02:53,BTCUSDT,bid,47000,873.427
2024-08-27 10:17:09,BTCUSDT,bid,62000,490.747
2024-08-27 10:17:23,BTCUSDT,bid,62000,490.799
2024-08-27 10:17:31,BTCUSDT,bid,62000,490.969
2024-08-27 10:17:58,BTCUSDT,bid,62000,491.086
2024-08-27 10:18:01,BTCUSDT,bid,62000,491.144
2024-08-27 10:18:07,BTCUSDT,bid,62000,491.34
2024-08-27 10:18:18,BTCUSDT,bid,62000,491.343
2024-08-27 10:18:29,BTCUSDT,bid,62000,491.244
2024-08-27 10:18:32,BTCUSDT,bid,62000,491.284
2024-08-27 10:18:34,BTCUSDT,bid,62000,491.288
2024-08-27 10:18:59,BTCUSDT,bid,62000,491.272
2024-08-27 10:18:59,BTCUSDT,bid,62000,491.29
2024-08-27 10:19:58,BTCUSDT,bid,62000,491.26
2024-08-27 10:20:04,BTCUSDT,bid,62000,491.272
2024-08-27 10:20:09,BTCUSDT,bid,62000,491.267
2024-08-27 10:20:17,BTCUSDT,bid,62000,491.27
2024-08-27 10:20:20,BTCUSDT,bid,62000,491.268
2024-08-27 10:20:29,BTCUSDT,bid,62000,491.276
2024-08-27 10:20:29,BTCUSDT,bid,62000,491.302
2024-08-27 10:20:30,BTCUSDT,bid,62000,491.366
2024-08-27 10:20:45,BTCUSDT,bid,62000,491.368
2024-08-27 10:21:01,BTCUSDT,bid,62000,491.402
2024-08-27 10:21:31,BTCUSDT,bid,62000,511.402
2024-08-27 10:22:03,BTCUSDT,bid,62000,611.402
2024-08-27 10:23:40,BTCUSDT,bid,62000,510.792
2024-08-27 10:23:44,BTCUSDT,bid,62000,511.29
2024-08-27 10:23:48,BTCUSDT,bid,62000,511.288
2024-08-27 10:24:06,BTCUSDT,bid,62000,511.364
2024-08-27 10:24:14,BTCUSDT,bid,62000,506.526
2024-08-27 10:24:38,BTCUSDT,bid,62000,506.63
2024-08-27 10:24:58,BTCUSDT,bid,62000,508.242
2024-08-27 10:25:08,BTCUSDT,bid,62000,508.25
2024-08-27 10:25:14,BTCUSDT,bid,62000,508.282
2024-08-27 10:25:14,BTCUSDT,bid,62000,508.285
2024-08-27 10:25:43,BTCUSDT,bid,62000,508.302
2024-08-27 10:25:44,BTCUSDT,bid,62000,508.29
2024-08-27 10:25:45,BTCUSDT,bid,62000,508.284
2024-08-27 10:25:56,BTCUSDT,bid,62000,508.923
2024-08-27 10:25:57,BTCUSDT,bid,62000,509.322
2024-08-27 10:25:57,BTCUSDT,bid,62000,509.721
2024-08-27 10:25:58,BTCUSDT,bid,62000,510.12
2024-08-27 10:26:21,BTCUSDT,bid,62000,510.102
2024-08-27 10:26:22,BTCUSDT,bid,62000,510.075
2024-08-27 10:26:43,BTCUSDT,bid,62000,510.065
2024-08-27 10:26:45,BTCUSDT,bid,62000,510.068
2024-08-27 10:27:01,BTCUSDT,bid,62000,510.072
2024-08-27 10:27:02,BTCUSDT,bid,62000,509.996
2024-08-27 10:27:06,BTCUSDT,bid,62000,510.002
2024-08-27 10:27:12,BTCUSDT,bid,62000,510.05
2024-08-27 10:27:14,BTCUSDT,bid,62000,510.016
2024-08-27 10:27:17,BTCUSDT,bid,62000,510.116
2024-08-27 10:27:53,BTCUSDT,bid,62000,510.113
2024-08-27 10:27:53,BTCUSDT,bid,62000,510.116
2024-08-27 10:28:12,BTCUSDT,bid,62000,510.12
2024-08-27 10:28:16,BTCUSDT,bid,62000,510.118
2024-08-27 10:28:30,BTCUSDT,bid,62000,510.116
2024-08-27 10:28:37,BTCUSDT,bid,62000,510.066
2024-08-27 10:32:02,BTCUSDT,bid,47000,873.627
2024-08-27 10:58:34,BTCUSDT,bid,47000,873.427
2024-08-27 10:58:44,BTCUSDT,bid,47000,873.527
2024-08-27 11:00:42,BTCUSDT,bid,47000,873.53
2024-08-27 11:02:32,BTCUSDT,bid,47000,873.527
2024-08-27 11:02:49,BTCUSDT,bid,47000,873.53
2024-08-27 11:09:24,BTCUSDT,bid,47000,873.527
2024-08-27 11:37:50,BTCUSDT,bid,47000,873.523
2024-08-27 13:46:42,BTCUSDT,bid,47000,873.519
2024-08-27 14:00:27,BTCUSDT,bid,47000,873.488
2024-08-27 14:50:35,BTCUSDT,bid,47000,873.572
2024-08-27 14:51:33,BTCUSDT,bid,47000,873.488
2024-08-27 14:52:15,BTCUSDT,bid,47000,873.491
2024-08-27 16:01:45,BTCUSDT,bid,47000,873.496
2024-08-27 16:11:58,BTCUSDT,bid,47000,873.506
2024-08-27 16:21:11,BTCUSDT,bid,47000,873.544
2024-08-27 16:34:00,BTCUSDT,bid,47000,873.541
2024-08-27 11:23:40,BTCUSD_PERP,bid,62400,491.98
2024-08-27 11:23:40,BTCUSD_PERP,bid,62400,553.79
2024-08-27 11:24:33,BTCUSD_PERP,bid,62400,492.61
2024-08-27 11:24:34,BTCUSD_PERP,bid,62400,492.35
2024-08-27 11:24:35,BTCUSD_PERP,bid,62400,553.5
2024-08-27 11:24:35,BTCUSD_PERP,bid,62400,553.55
2024-08-27 11:28:10,BTCUSD_PERP,bid,62400,553.5
2024-08-27 11:28:35,BTCUSD_PERP,bid,62400,497.68
2024-08-27 11:28:35,BTCUSD_PERP,bid,62400,558.87
2024-08-27 11:28:35,BTCUSD_PERP,bid,62400,620.06
2024-08-27 11:29:06,BTCUSD_PERP,bid,62400,615.68
2024-08-27 11:29:18,BTCUSD_PERP,bid,62400,492.04
2024-08-27 11:29:18,BTCUSD_PERP,bid,62400,491.78
2024-08-27 11:29:18,BTCUSD_PERP,bid,62400,615.36
2024-08-27 11:29:19,BTCUSD_PERP,bid,62400,676.52
2024-08-27 11:29:40,BTCUSD_PERP,bid,62400,676.57
2024-08-27 11:32:41,BTCUSD_PERP,bid,62400,614.78
2024-08-27 11:32:41,BTCUSD_PERP,bid,62400,553.62
2024-08-27 11:32:42,BTCUSD_PERP,bid,62400,492.04
2024-08-27 11:32:43,BTCUSD_PERP,bid,62400,553.86
2024-08-27 11:32:43,BTCUSD_PERP,bid,62400,615.05
2024-08-27 11:32:49,BTCUSD_PERP,bid,62400,615.1
2024-08-27 11:33:03,BTCUSD_PERP,bid,62400,493.29
2024-08-27 11:36:16,BTCUSD_PERP,bid,62400,615.05
2024-08-27 11:36:40,BTCUSD_PERP,bid,62400,492.04
2024-08-27 11:37:04,BTCUSD_PERP,bid,62500,493.86
2024-08-27 11:37:04,BTCUSD_PERP,bid,62500,555.12
2024-08-27 11:37:13,BTCUSD_PERP,bid,62500,555.17
2024-08-27 11:38:22,BTCUSD_PERP,bid,62500,554.44
2024-08-27 11:38:23,BTCUSD_PERP,bid,62500,615.7
2024-08-27 11:39:13,BTCUSD_PERP,bid,62500,493.28
2024-08-27 11:39:13,BTCUSD_PERP,bid,62500,554.44
2024-08-27 11:39:13,BTCUSD_PERP,bid,62500,492.65
2024-08-27 11:39:14,BTCUSD_PERP,bid,62400,492.87
2024-08-27 11:39:14,BTCUSD_PERP,bid,62400,616.59
2024-08-27 11:39:15,BTCUSD_PERP,bid,62400,491.7
2024-08-27 11:39:15,BTCUSD_PERP,bid,62400,553.56
2024-08-27 11:40:20,BTCUSD_PERP,bid,62400,492.33
2024-08-27 11:40:21,BTCUSD_PERP,bid,62400,555.37
2024-08-27 11:40:21,BTCUSD_PERP,bid,62400,493.51
2024-08-27 11:40:22,BTCUSD_PERP,bid,62500,553.86
2024-08-27 11:40:22,BTCUSD_PERP,bid,62500,615.75
2024-08-27 11:40:22,BTCUSD_PERP,bid,62500,677.64
2024-08-27 11:40:22,BTCUSD_PERP,bid,62500,800.69
2024-08-27 11:40:22,BTCUSD_PERP,bid,62500,862.58
2024-08-27 11:40:22,BTCUSD_PERP,bid,62500,924.47
2024-08-27 11:40:23,BTCUSD_PERP,bid,62500,1047.62
2024-08-27 11:45:36,BTCUSD_PERP,bid,62500,986.36
2024-08-27 11:45:36,BTCUSD_PERP,bid,62500,925.1
2024-08-27 11:45:36,BTCUSD_PERP,bid,62500,863.84
2024-08-27 11:45:36,BTCUSD_PERP,bid,62500,801.95
2024-08-27 11:45:37,BTCUSD_PERP,bid,62500,740.06
2024-08-27 11:45:37,BTCUSD_PERP,bid,62500,616.91
2024-08-27 11:45:37,BTCUSD_PERP,bid,62500,555.65
2024-08-27 11:45:37,BTCUSD_PERP,bid,62500,494.39
2024-08-27 11:45:37,BTCUSD_PERP,bid,62500,492.93
2024-08-27 11:45:38,BTCUSD_PERP,bid,62500,554.86
2024-08-27 11:45:38,BTCUSD_PERP,bid,62500,678.72
2024-08-27 11:45:38,BTCUSD_PERP,bid,62500,802.58
2024-08-27 11:45:38,BTCUSD_PERP,bid,62500,987.64
2024-08-27 11:45:38,BTCUSD_PERP,bid,62500,1049.57
2024-08-27 11:45:43,BTCUSD_PERP,bid,62500,1049.62
2024-08-27 11:46:49,BTCUSD_PERP,bid,62500,987.69
2024-08-27 11:46:49,BTCUSD_PERP,bid,62500,926.39
2024-08-27 11:46:49,BTCUSD_PERP,bid,62500,864.46
2024-08-27 11:46:49,BTCUSD_PERP,bid,62500,803.16
2024-08-27 11:46:50,BTCUSD_PERP,bid,62500,741.23
2024-08-27 11:46:50,BTCUSD_PERP,bid,62500,618.0
2024-08-27 11:46:50,BTCUSD_PERP,bid,62500,556.07
2024-08-27 11:46:51,BTCUSD_PERP,bid,62500,555.2
2024-08-27 11:46:51,BTCUSD_PERP,bid,62500,679.0
2024-08-27 11:46:51,BTCUSD_PERP,bid,62500,740.8
2024-08-27 11:46:51,BTCUSD_PERP,bid,62500,802.06
2024-08-27 11:47:11,BTCUSD_PERP,bid,62500,802.11
2024-08-27 11:47:40,BTCUSD_PERP,bid,62500,740.21
2024-08-27 11:47:40,BTCUSD_PERP,bid,62500,678.95
2024-08-27 11:47:40,BTCUSD_PERP,bid,62500,617.05
2024-08-27 11:47:41,BTCUSD_PERP,bid,62500,555.78
2024-08-27 11:47:41,BTCUSD_PERP,bid,62500,493.55
2024-08-27 11:47:41,BTCUSD_PERP,bid,62500,493.88
2024-08-27 11:47:41,BTCUSD_PERP,bid,62500,555.48
2024-08-27 11:47:41,BTCUSD_PERP,bid,62500,616.78
2024-08-27 11:52:25,BTCUSD_PERP,bid,62500,492.92
2024-08-27 11:52:25,BTCUSD_PERP,bid,62500,554.54
2024-08-27 11:52:26,BTCUSD_PERP,bid,62500,616.44
2024-08-27 11:53:29,BTCUSD_PERP,bid,62500,555.18
2024-08-27 11:53:31,BTCUSD_PERP,bid,62500,492.99
2024-08-27 11:53:31,BTCUSD_PERP,bid,62500,616.21
2024-08-27 11:53:31,BTCUSD_PERP,bid,62500,677.51
2024-08-27 11:53:31,BTCUSD_PERP,bid,62500,800.73
2024-08-27 11:53:45,BTCUSD_PERP,bid,62500,800.68
2024-08-27 11:54:07,BTCUSD_PERP,bid,62500,800.63
2024-08-27 11:54:26,BTCUSD_PERP,bid,62500,615.48
2024-08-27 11:54:26,BTCUSD_PERP,bid,62500,615.17
2024-08-27 11:54:26,BTCUSD_PERP,bid,62500,738.97
2024-08-27 11:54:27,BTCUSD_PERP,bid,62500,800.24
2024-08-27 11:57:54,BTCUSD_PERP,ask,68000,559.55
2024-08-27 11:57:55,BTCUSD_PERP,ask,68000,558.8
2024-08-27 12:07:05,BTCUSD_PERP,bid,62500,738.98
2024-08-27 12:07:05,BTCUSD_PERP,bid,62500,677.72
2024-08-27 12:07:05,BTCUSD_PERP,bid,62500,492.66
2024-08-27 12:07:06,BTCUSD_PERP,bid,62500,494.08
2024-08-27 12:07:06,BTCUSD_PERP,bid,62500,616.15
2024-08-27 12:07:07,BTCUSD_PERP,bid,62500,678.08
2024-08-27 12:10:47,BTCUSD_PERP,bid,62500,494.38
2024-08-27 12:10:48,BTCUSD_PERP,bid,62500,555.71
2024-08-27 12:10:57,BTCUSD_PERP,bid,62500,554.22
2024-08-27 12:10:57,BTCUSD_PERP,bid,62500,492.29
2024-08-27 12:13:01,BTCUSD_PERP,bid,62500,554.92
2024-08-27 12:13:01,BTCUSD_PERP,bid,62500,616.85
2024-08-27 12:13:01,BTCUSD_PERP,bid,62500,678.15
2024-08-27 12:13:04,BTCUSD_PERP,bid,62500,555.38
2024-08-27 12:13:12,BTCUSD_PERP,bid,62500,678.1
2024-08-27 12:16:00,BTCUSD_PERP,bid,62500,493.45
2024-08-27 12:16:00,BTCUSD_PERP,bid,62500,616.17
2024-08-27 12:16:01,BTCUSD_PERP,bid,62500,554.24
2024-08-27 12:16:01,BTCUSD_PERP,bid,62500,492.31
2024-08-27 12:28:52,BTCUSD_PERP,bid,62500,1110.23
2024-08-27 12:28:52,BTCUSD_PERP,bid,62500,1172.16
2024-08-27 12:30:02,BTCUSD_PERP,bid,62500,1048.3
2024-08-27 12:30:02,BTCUSD_PERP,bid,62500,987.0
2024-08-27 12:30:02,BTCUSD_PERP,bid,62500,801.84
2024-08-27 12:30:02,BTCUSD_PERP,bid,62500,740.54
2024-08-27 12:30:03,BTCUSD_PERP,bid,62500,679.24
2024-08-27 12:30:03,BTCUSD_PERP,bid,62500,555.38
2024-08-27 12:30:18,BTCUSD_PERP,ask,68000,558.81
2024-08-27 12:38:31,BTCUSD_PERP,bid,62500,540.93
2024-08-27 12:45:30,BTCUSD_PERP,ask,63800,479.36
2024-08-27 12:45:34,BTCUSD_PERP,bid,62500,493.98
2024-08-27 12:45:34,BTCUSD_PERP,bid,62500,616.98
2024-08-27 12:45:34,BTCUSD_PERP,bid,62500,540.4
2024-08-27 12:45:34,BTCUSD_PERP,bid,62500,1110.59
2024-08-27 12:45:34,BTCUSD_PERP,bid,62500,1172.54
2024-08-27 12:48:13,BTCUSD_PERP,bid,62500,863.42
2024-08-27 12:48:13,BTCUSD_PERP,bid,62500,740.15
2024-08-27 12:48:13,BTCUSD_PERP,bid,62500,678.83
2024-08-27 12:48:13,BTCUSD_PERP,bid,62500,555.56
2024-08-27 12:48:14,BTCUSD_PERP,bid,62500,540.67
2024-08-27 12:51:50,BTCUSD_PERP,bid,62500,540.67
2024-08-27 12:56:31,BTCUSD_PERP,ask,63800,479.76
2024-08-27 13:00:41,BTCUSD_PERP,bid,62500,493.65
2024-08-27 13:00:41,BTCUSD_PERP,bid,62500,616.9
2024-08-27 13:01:23,BTCUSD_PERP,ask,63700,475.33
2024-08-27 13:01:26,BTCUSD_PERP,bid,62500,493.39
2024-08-27 13:07:26,BTCUSD_PERP,bid,62500,503.42
2024-08-27 13:07:27,BTCUSD_PERP,bid,62500,565.36
2024-08-27 13:07:27,BTCUSD_PERP,bid,62500,627.3
2024-08-27 13:16:09,BTCUSD_PERP,ask,68000,558.89
2024-08-27 13:17:01,BTCUSD_PERP,bid,62500,565.36
2024-08-27 13:17:02,BTCUSD_PERP,bid,62500,616.58
2024-08-27 13:23:30,BTCUSD_PERP,ask,63700,521.6
2024-08-27 13:23:31,BTCUSD_PERP,ask,63700,542.61
2024-08-27 13:23:34,BTCUSD_PERP,ask,63700,563.62
2024-08-27 13:23:42,BTCUSD_PERP,ask,63700,573.8
2024-08-27 13:23:46,BTCUSD_PERP,ask,63700,583.98
2024-08-27 13:23:47,BTCUSD_PERP,ask,63700,594.16
2024-08-27 13:23:49,BTCUSD_PERP,ask,63700,600.52
2024-08-27 13:23:50,BTCUSD_PERP,ask,63700,606.88
2024-08-27 13:23:52,BTCUSD_PERP,ask,63700,617.06
2024-08-27 13:23:56,BTCUSD_PERP,ask,63700,623.42
2024-08-27 13:24:00,BTCUSD_PERP,ask,63700,633.6
2024-08-27 13:24:02,BTCUSD_PERP,ask,63700,639.96
2024-08-27 13:24:03,BTCUSD_PERP,ask,63700,629.78
2024-08-27 13:24:03,BTCUSD_PERP,ask,63700,639.96
2024-08-27 13:24:06,BTCUSD_PERP,ask,63700,633.6
2024-08-27 13:24:06,BTCUSD_PERP,ask,63700,639.96
2024-08-27 13:24:08,BTCUSD_PERP,ask,63700,660.97
2024-08-27 13:24:12,BTCUSD_PERP,ask,63700,650.79
2024-08-27 13:24:14,BTCUSD_PERP,ask,63700,640.61
2024-08-27 13:24:16,BTCUSD_PERP,ask,63700,630.74
2024-08-27 13:24:16,BTCUSD_PERP,ask,63700,620.56
2024-08-27 13:24:30,BTCUSD_PERP,ask,63700,610.38
2024-08-27 13:24:42,BTCUSD_PERP,ask,63700,600.2
2024-08-27 13:24:46,BTCUSD_PERP,ask,63700,590.02
2024-08-27 13:24:48,BTCUSD_PERP,ask,63700,579.84
2024-08-27 13:24:50,BTCUSD_PERP,ask,63700,573.48
2024-08-27 13:24:52,BTCUSD_PERP,ask,63700,563.3
2024-08-27 13:24:53,BTCUSD_PERP,ask,63700,556.94
2024-08-27 13:24:56,BTCUSD_PERP,ask,63700,550.58
2024-08-27 13:25:00,BTCUSD_PERP,ask,63700,540.4
2024-08-27 13:25:02,BTCUSD_PERP,ask,63700,534.04
2024-08-27 13:25:04,BTCUSD_PERP,ask,63700,523.86
2024-08-27 13:25:07,BTCUSD_PERP,ask,63700,517.5
2024-08-27 13:25:13,BTCUSD_PERP,ask,63700,496.49
2024-08-27 13:25:14,BTCUSD_PERP,ask,63700,475.48
2024-08-27 13:25:27,BTCUSD_PERP,ask,63700,475.48
2024-08-27 13:25:34,BTCUSD_PERP,ask,63700,475.48
2024-08-27 13:25:34,BTCUSD_PERP,ask,63700,485.66
2024-08-27 13:25:35,BTCUSD_PERP,bid,62500,555.3
2024-08-27 13:25:36,BTCUSD_PERP,bid,62500,616.26
2024-08-27 13:25:46,BTCUSD_PERP,bid,62500,616.3
2024-08-27 13:26:18,BTCUSD_PERP,ask,63700,471.61
2024-08-27 13:26:26,BTCUSD_PERP,ask,63700,477.97
2024-08-27 13:26:36,BTCUSD_PERP,ask,63700,488.15
2024-08-27 13:26:38,BTCUSD_PERP,ask,63700,494.51
2024-08-27 13:27:16,BTCUSD_PERP,ask,63700,484.33
2024-08-27 13:27:17,BTCUSD_PERP,ask,63700,474.47
2024-08-27 13:28:40,BTCUSD_PERP,ask,63600,472.33
2024-08-27 13:28:54,BTCUSD_PERP,bid,62400,493.22
2024-08-27 13:28:54,BTCUSD_PERP,bid,62400,555.03
2024-08-27 13:31:04,BTCUSD_PERP,bid,62400,492.98
2024-08-27 13:31:04,BTCUSD_PERP,bid,62400,554.76
2024-08-27 13:31:07,BTCUSD_PERP,ask,63600,491.18
2024-08-27 13:33:00,BTCUSD_PERP,bid,62400,559.14
2024-08-27 13:34:23,BTCUSD_PERP,bid,62300,800.66
2024-08-27 13:34:23,BTCUSD_PERP,bid,62300,861.77
2024-08-27 13:34:23,BTCUSD_PERP,bid,62300,923.51
2024-08-27 13:34:41,BTCUSD_PERP,bid,62300,861.77
2024-08-27 13:34:42,BTCUSD_PERP,bid,62300,553.39
2024-08-27 13:34:42,BTCUSD_PERP,bid,62300,615.09
2024-08-27 13:34:45,BTCUSD_PERP,ask,63500,491.7
2024-08-27 13:34:45,BTCUSD_PERP,ask,63500,554.6
2024-08-27 13:34:50,BTCUSD_PERP,ask,63500,554.51
2024-08-27 13:35:00,BTCUSD_PERP,bid,62200,553.07
2024-08-27 13:35:01,BTCUSD_PERP,bid,62200,860.11
2024-08-27 13:35:01,BTCUSD_PERP,bid,62200,921.77
2024-08-27 13:35:06,BTCUSD_PERP,ask,63500,533.75
2024-08-27 13:35:08,BTCUSD_PERP,ask,63500,527.46
2024-08-27 13:35:33,BTCUSD_PERP,bid,62200,799.07
2024-08-27 13:35:43,BTCUSD_PERP,bid,62200,490.29
2024-08-27 13:35:43,BTCUSD_PERP,bid,62200,551.87
2024-08-27 13:35:43,BTCUSD_PERP,bid,62200,613.45
2024-08-27 13:35:53,BTCUSD_PERP,bid,62200,552.5
2024-08-27 13:35:54,BTCUSD_PERP,bid,62200,491.55
2024-08-27 13:36:11,BTCUSD_PERP,bid,62200,490.83
2024-08-27 13:36:11,BTCUSD_PERP,bid,62200,552.42
2024-08-27 13:36:22,BTCUSD_PERP,bid,62200,491.76
2024-08-27 13:36:23,BTCUSD_PERP,bid,62200,552.75
2024-08-27 13:36:47,BTCUSD_PERP,bid,62200,491.76
2024-08-27 13:36:48,BTCUSD_PERP,bid,62300,491.48
2024-08-27 13:36:48,BTCUSD_PERP,bid,62300,614.82
2024-08-27 13:36:49,BTCUSD_PERP,bid,62200,502.13
2024-08-27 13:36:49,BTCUSD_PERP,bid,62300,675.87
2024-08-27 13:36:49,BTCUSD_PERP,bid,62300,737.54
2024-08-27 13:36:49,BTCUSD_PERP,bid,62200,563.74
2024-08-27 13:36:50,BTCUSD_PERP,bid,62300,798.58
2024-08-27 13:37:46,BTCUSD_PERP,bid,62300,675.24
2024-08-27 13:37:46,BTCUSD_PERP,bid,62200,491.54
2024-08-27 13:37:46,BTCUSD_PERP,bid,62200,736.55
2024-08-27 13:37:46,BTCUSD_PERP,bid,62200,553.08
2024-08-27 13:37:46,BTCUSD_PERP,bid,62200,798.19
2024-08-27 13:38:56,BTCUSD_PERP,bid,62200,491.96
2024-08-27 13:38:56,BTCUSD_PERP,bid,62200,736.55
2024-08-27 13:38:56,BTCUSD_PERP,bid,62200,614.51
2024-08-27 13:38:56,BTCUSD_PERP,bid,62200,491.86
2024-08-27 13:38:56,BTCUSD_PERP,bid,62300,490.27
2024-08-27 13:38:57,BTCUSD_PERP,bid,62300,675.34
2024-08-27 13:38:57,BTCUSD_PERP,bid,62300,798.72
2024-08-27 13:42:53,BTCUSD_PERP,bid,62200,491.08
2024-08-27 13:42:53,BTCUSD_PERP,bid,62200,674.69
2024-08-27 13:46:38,BTCUSD_PERP,bid,62200,490.6
2024-08-27 13:46:49,BTCUSD_PERP,bid,62200,490.36
2024-08-27 13:47:57,BTCUSD_PERP,bid,62200,613.98
2024-08-27 13:47:57,BTCUSD_PERP,bid,62200,675.0
2024-08-27 13:47:57,BTCUSD_PERP,bid,62200,736.65
2024-08-27 13:47:57,BTCUSD_PERP,bid,62200,798.3
2024-08-27 13:47:58,BTCUSD_PERP,bid,62200,1043.54
2024-08-27 13:51:26,BTCUSD_PERP,bid,62200,920.24
2024-08-27 13:51:27,BTCUSD_PERP,bid,62200,859.22
2024-08-27 13:51:27,BTCUSD_PERP,bid,62200,797.57
2024-08-27 13:51:27,BTCUSD_PERP,bid,62200,675.53
2024-08-27 13:51:27,BTCUSD_PERP,bid,62200,553.49
2024-08-27 13:51:27,BTCUSD_PERP,bid,62300,490.93
2024-08-27 13:51:27,BTCUSD_PERP,bid,62300,736.4
2024-08-27 13:51:27,BTCUSD_PERP,bid,62300,798.08
2024-08-27 13:51:28,BTCUSD_PERP,bid,62300,921.34
2024-08-27 13:51:28,BTCUSD_PERP,bid,62300,1044.7
2024-08-27 13:51:28,BTCUSD_PERP,bid,62300,1106.38
2024-08-27 13:51:28,BTCUSD_PERP,bid,62300,1167.43
2024-08-27 13:51:29,BTCUSD_PERP,bid,62200,491.86
2024-08-27 13:52:47,BTCUSD_PERP,bid,62300,1105.75
2024-08-27 13:52:48,BTCUSD_PERP,bid,62300,1044.7
2024-08-27 13:52:48,BTCUSD_PERP,bid,62300,983.64
2024-08-27 13:52:48,BTCUSD_PERP,bid,62300,921.96
2024-08-27 13:52:48,BTCUSD_PERP,bid,62300,860.28
2024-08-27 13:52:48,BTCUSD_PERP,bid,62300,490.93
2024-08-27 13:52:48,BTCUSD_PERP,bid,62200,491.6
2024-08-27 13:52:48,BTCUSD_PERP,bid,62200,1044.18
2024-08-27 13:52:48,BTCUSD_PERP,bid,62200,1105.83
2024-08-27 13:52:49,BTCUSD_PERP,bid,62200,1166.85
2024-08-27 13:53:25,BTCUSD_PERP,bid,62200,1044.18
2024-08-27 13:53:25,BTCUSD_PERP,bid,62200,921.51
2024-08-27 13:53:25,BTCUSD_PERP,bid,62200,737.82
2024-08-27 13:53:25,BTCUSD_PERP,bid,62200,676.17
2024-08-27 13:53:26,BTCUSD_PERP,bid,62200,551.97
2024-08-27 13:53:26,BTCUSD_PERP,bid,62200,614.62
2024-08-27 13:53:26,BTCUSD_PERP,bid,62200,552.97
2024-08-27 13:53:26,BTCUSD_PERP,bid,62200,736.83
2024-08-27 13:53:26,BTCUSD_PERP,bid,62200,1104.66
2024-08-27 13:53:26,BTCUSD_PERP,bid,62100,492.25
2024-08-27 13:53:26,BTCUSD_PERP,bid,62200,1166.28
2024-08-27 14:01:31,BTCUSD_PERP,bid,62200,1043.67
2024-08-27 14:01:31,BTCUSD_PERP,bid,62200,982.05
2024-08-27 14:01:32,BTCUSD_PERP,bid,62200,920.43
2024-08-27 14:01:32,BTCUSD_PERP,bid,62200,858.81
2024-08-27 14:01:32,BTCUSD_PERP,bid,62200,797.82
2024-08-27 14:01:32,BTCUSD_PERP,bid,62200,674.68
2024-08-27 14:01:32,BTCUSD_PERP,bid,62200,613.06
2024-08-27 14:01:32,BTCUSD_PERP,bid,62200,552.07
2024-08-27 14:01:33,BTCUSD_PERP,bid,62200,491.08
2024-08-27 14:01:33,BTCUSD_PERP,bid,62200,490.03
2024-08-27 14:01:33,BTCUSD_PERP,bid,62200,551.69
2024-08-27 14:01:33,BTCUSD_PERP,bid,62200,675.01
2024-08-27 14:01:33,BTCUSD_PERP,bid,62200,798.33
2024-08-27 14:01:33,BTCUSD_PERP,bid,62200,859.36
2024-08-27 14:01:34,BTCUSD_PERP,bid,62200,920.39
2024-08-27 14:01:39,BTCUSD_PERP,bid,62200,920.44
2024-08-27 14:05:02,BTCUSD_PERP,bid,62200,920.39
2024-08-27 14:08:14,BTCUSD_PERP,bid,62200,858.73
2024-08-27 14:08:14,BTCUSD_PERP,bid,62200,797.07
2024-08-27 14:08:14,BTCUSD_PERP,bid,62200,735.41
2024-08-27 14:08:14,BTCUSD_PERP,bid,62200,673.75
2024-08-27 14:08:14,BTCUSD_PERP,bid,62200,612.72
2024-08-27 14:08:15,BTCUSD_PERP,bid,62200,551.06
2024-08-27 14:08:15,BTCUSD_PERP,bid,62200,490.03
2024-08-27 14:08:16,BTCUSD_PERP,bid,62300,490.98
2024-08-27 14:08:16,BTCUSD_PERP,bid,62300,552.05
2024-08-27 14:08:16,BTCUSD_PERP,bid,62300,613.75
2024-08-27 14:08:58,BTCUSD_PERP,bid,62200,859.49
2024-08-27 14:08:58,BTCUSD_PERP,bid,62200,921.16
2024-08-27 14:11:44,BTCUSD_PERP,bid,62200,859.49
2024-08-27 14:11:44,BTCUSD_PERP,bid,62200,614.7
2024-08-27 14:11:45,BTCUSD_PERP,bid,62200,553.03
2024-08-27 14:11:45,BTCUSD_PERP,bid,62300,491.08
2024-08-27 14:11:46,BTCUSD_PERP,bid,62300,492.41
2024-08-27 14:14:47,BTCUSD_PERP,bid,62300,551.81
2024-08-27 14:14:57,BTCUSD_PERP,bid,62300,503.63
2024-08-27 14:14:57,BTCUSD_PERP,bid,62300,564.74
2024-08-27 14:15:19,BTCUSD_PERP,bid,62300,492.32
2024-08-27 14:16:40,BTCUSD_PERP,bid,62300,491.14
2024-08-27 14:17:41,BTCUSD_PERP,bid,62200,490.84
2024-08-27 14:22:25,BTCUSD_PERP,bid,62300,491.77
2024-08-27 14:22:26,BTCUSD_PERP,bid,62300,614.56
2024-08-27 14:22:26,BTCUSD_PERP,bid,62300,737.34
2024-08-27 14:22:26,BTCUSD_PERP,bid,62300,921.72
2024-08-27 14:22:26,BTCUSD_PERP,bid,62300,982.79
2024-08-27 14:22:26,BTCUSD_PERP,bid,62300,1044.5
2024-08-27 14:22:29,BTCUSD_PERP,bid,62300,1044.55
2024-08-27 14:25:53,BTCUSD_PERP,bid,62300,1044.5
2024-08-27 14:27:16,BTCUSD_PERP,bid,62300,922.22
2024-08-27 14:27:16,BTCUSD_PERP,bid,62300,983.33
2024-08-27 14:27:17,BTCUSD_PERP,bid,62300,1045.07
2024-08-27 14:28:10,BTCUSD_PERP,bid,62300,983.43
2024-08-27 14:28:10,BTCUSD_PERP,bid,62300,922.32
2024-08-27 14:28:11,BTCUSD_PERP,bid,62300,860.58
2024-08-27 14:28:11,BTCUSD_PERP,bid,62300,737.73
2024-08-27 14:28:11,BTCUSD_PERP,bid,62300,676.62
2024-08-27 14:28:11,BTCUSD_PERP,bid,62300,614.88
2024-08-27 14:28:11,BTCUSD_PERP,bid,62300,492.66
2024-08-27 14:28:11,BTCUSD_PERP,bid,62400,491.14
2024-08-27 14:28:11,BTCUSD_PERP,bid,62400,614.72
2024-08-27 14:28:12,BTCUSD_PERP,bid,62400,737.66
2024-08-27 14:28:12,BTCUSD_PERP,bid,62400,799.45
2024-08-27 14:28:12,BTCUSD_PERP,bid,62400,861.24
2024-08-27 14:28:12,BTCUSD_PERP,bid,62400,923.03
2024-08-27 14:28:12,BTCUSD_PERP,bid,62400,1045.97
2024-08-27 14:28:14,BTCUSD_PERP,bid,62400,1047.27
2024-08-27 14:28:15,BTCUSD_PERP,bid,62400,1049.51
2024-08-27 14:28:16,BTCUSD_PERP,bid,62400,1064.46
2024-08-27 14:28:41,BTCUSD_PERP,bid,62400,1064.64
2024-08-27 14:29:41,BTCUSD_PERP,bid,62400,1063.34
2024-08-27 14:29:57,BTCUSD_PERP,bid,62300,860.72
2024-08-27 14:29:58,BTCUSD_PERP,bid,62300,922.47
2024-08-27 14:34:21,BTCUSD_PERP,bid,62300,799.6
2024-08-27 14:34:21,BTCUSD_PERP,bid,62300,737.85
2024-08-27 14:34:21,BTCUSD_PERP,bid,62300,676.1
2024-08-27 14:34:21,BTCUSD_PERP,bid,62300,614.35
2024-08-27 14:34:22,BTCUSD_PERP,bid,62300,552.6
2024-08-27 14:34:22,BTCUSD_PERP,bid,62400,493.04
2024-08-27 14:34:22,BTCUSD_PERP,bid,62400,615.38
2024-08-27 14:34:22,BTCUSD_PERP,bid,62400,800.15
2024-08-27 14:34:22,BTCUSD_PERP,bid,62400,861.95
2024-08-27 14:34:22,BTCUSD_PERP,bid,62400,923.75
2024-08-27 14:39:34,BTCUSD_PERP,bid,62400,738.45
2024-08-27 14:39:35,BTCUSD_PERP,bid,62300,676.93
2024-08-27 14:41:17,BTCUSD_PERP,bid,62300,491.85
2024-08-27 14:43:49,BTCUSD_PERP,ask,63500,476.93
2024-08-27 14:44:13,BTCUSD_PERP,ask,63500,483.27
2024-08-27 14:44:15,BTCUSD_PERP,ask,63500,504.21
2024-08-27 14:44:17,BTCUSD_PERP,ask,63500,514.36
2024-08-27 14:44:19,BTCUSD_PERP,ask,63500,524.51
2024-08-27 14:44:19,BTCUSD_PERP,ask,63500,530.85
2024-08-27 14:44:21,BTCUSD_PERP,ask,63500,541.0
2024-08-27 14:44:24,BTCUSD_PERP,ask,63500,547.34
2024-08-27 14:44:41,BTCUSD_PERP,ask,63500,537.51
2024-08-27 14:44:43,BTCUSD_PERP,ask,63500,527.36
2024-08-27 14:44:49,BTCUSD_PERP,bid,62200,797.04
2024-08-27 14:44:49,BTCUSD_PERP,bid,62200,858.69
2024-08-27 14:45:14,BTCUSD_PERP,ask,63500,521.02
2024-08-27 14:45:17,BTCUSD_PERP,ask,63500,510.87
2024-08-27 14:45:19,BTCUSD_PERP,ask,63500,500.4
2024-08-27 14:45:19,BTCUSD_PERP,ask,63500,490.25
2024-08-27 14:45:19,BTCUSD_PERP,ask,63500,483.91
2024-08-27 14:45:21,BTCUSD_PERP,ask,63500,477.57
2024-08-27 14:46:38,BTCUSD_PERP,bid,62300,490.29
2024-08-27 14:46:38,BTCUSD_PERP,bid,62300,797.43
2024-08-27 14:46:38,BTCUSD_PERP,bid,62300,859.11
2024-08-27 14:49:13,BTCUSD_PERP,bid,62300,674.42
2024-08-27 14:49:13,BTCUSD_PERP,bid,62300,797.84
2024-08-27 14:49:13,BTCUSD_PERP,bid,62300,859.55
2024-08-27 14:49:16,BTCUSD_PERP,bid,62300,859.6
2024-08-27 14:52:38,BTCUSD_PERP,ask,63500,477.79
2024-08-27 14:52:38,BTCUSD_PERP,ask,63500,487.94
2024-08-27 14:52:41,BTCUSD_PERP,ask,63500,498.09
2024-08-27 14:52:42,BTCUSD_PERP,ask,63500,519.04
2024-08-27 14:52:47,BTCUSD_PERP,ask,63500,528.88
2024-08-27 14:52:47,BTCUSD_PERP,bid,62300,859.55
2024-08-27 14:52:49,BTCUSD_PERP,ask,63500,539.03
2024-08-27 14:53:37,BTCUSD_PERP,ask,63500,528.88
2024-08-27 14:53:38,BTCUSD_PERP,ask,63500,518.73
2024-08-27 14:53:41,BTCUSD_PERP,ask,63500,508.58
2024-08-27 14:53:47,BTCUSD_PERP,ask,63500,498.74
2024-08-27 14:53:49,BTCUSD_PERP,ask,63500,488.59
2024-08-27 14:54:14,BTCUSD_PERP,ask,63500,482.25
2024-08-27 14:56:00,BTCUSD_PERP,bid,62300,798.46
2024-08-27 14:56:00,BTCUSD_PERP,bid,62300,675.67
2024-08-27 14:56:00,BTCUSD_PERP,bid,62300,552.88
2024-08-27 14:56:01,BTCUSD_PERP,bid,62300,553.14
2024-08-27 14:56:01,BTCUSD_PERP,bid,62300,676.62
2024-08-27 14:56:01,BTCUSD_PERP,bid,62300,738.26
2024-08-27 14:56:02,BTCUSD_PERP,bid,62300,861.74
2024-08-27 14:56:02,BTCUSD_PERP,bid,62300,1045.09
2024-08-27 14:56:02,BTCUSD_PERP,bid,62300,1106.83
2024-08-27 14:56:02,BTCUSD_PERP,bid,62300,492.33
2024-08-27 14:56:15,BTCUSD_PERP,bid,62300,1106.87
2024-08-27 14:59:41,BTCUSD_PERP,bid,62300,1106.83
2024-08-27 15:01:10,BTCUSD_PERP,bid,62300,1045.09
2024-08-27 15:01:10,BTCUSD_PERP,bid,62300,922.24
2024-08-27 15:01:10,BTCUSD_PERP,bid,62300,861.13
2024-08-27 15:01:10,BTCUSD_PERP,bid,62300,800.01
2024-08-27 15:01:10,BTCUSD_PERP,bid,62300,738.27
2024-08-27 15:01:10,BTCUSD_PERP,bid,62300,676.53
2024-08-27 15:01:11,BTCUSD_PERP,bid,62300,615.42
2024-08-27 15:01:11,BTCUSD_PERP,bid,62300,554.31
2024-08-27 15:01:11,BTCUSD_PERP,bid,62400,491.09
2024-08-27 15:01:11,BTCUSD_PERP,bid,62400,675.17
2024-08-27 15:01:11,BTCUSD_PERP,bid,62400,736.95
2024-08-27 15:01:11,BTCUSD_PERP,bid,62400,859.78
2024-08-27 15:01:11,BTCUSD_PERP,bid,62400,921.56
2024-08-27 15:01:12,BTCUSD_PERP,bid,62400,983.34
2024-08-27 15:01:12,BTCUSD_PERP,bid,62400,1045.12
2024-08-27 15:01:12,BTCUSD_PERP,bid,62300,538.94
2024-08-27 15:01:12,BTCUSD_PERP,bid,62400,1106.9
2024-08-27 15:04:10,BTCUSD_PERP,bid,62400,983.97
2024-08-27 15:04:11,BTCUSD_PERP,bid,62400,860.41
2024-08-27 15:04:11,BTCUSD_PERP,bid,62400,738.11
2024-08-27 15:04:11,BTCUSD_PERP,bid,62400,676.33
2024-08-27 15:04:11,BTCUSD_PERP,bid,62400,503.13
2024-08-27 15:04:11,BTCUSD_PERP,bid,62400,614.65
2024-08-27 15:04:11,BTCUSD_PERP,bid,62400,687.2
2024-08-27 15:04:11,BTCUSD_PERP,bid,62400,810.84
2024-08-27 15:04:12,BTCUSD_PERP,bid,62400,933.84
2024-08-27 15:04:12,BTCUSD_PERP,bid,62400,995.66
2024-08-27 15:04:12,BTCUSD_PERP,bid,62300,487.97
2024-08-27 15:04:12,BTCUSD_PERP,bid,62400,1056.84
2024-08-27 15:04:13,BTCUSD_PERP,bid,62400,1179.84
2024-08-27 15:04:49,BTCUSD_PERP,bid,62400,1118.02
2024-08-27 15:04:49,BTCUSD_PERP,bid,62400,995.02
2024-08-27 15:04:49,BTCUSD_PERP,bid,62400,933.84
2024-08-27 15:04:49,BTCUSD_PERP,bid,62400,810.2
2024-08-27 15:04:49,BTCUSD_PERP,bid,62400,748.38
2024-08-27 15:04:49,BTCUSD_PERP,bid,62400,687.2
2024-08-27 15:04:50,BTCUSD_PERP,bid,62400,625.38
2024-08-27 15:04:50,BTCUSD_PERP,bid,62400,563.67
2024-08-27 15:04:50,BTCUSD_PERP,bid,62400,493.44
2024-08-27 15:04:50,BTCUSD_PERP,bid,62400,555.29
2024-08-27 15:05:28,BTCUSD_PERP,bid,62400,493.44
2024-08-27 15:05:29,BTCUSD_PERP,bid,62400,553.2
2024-08-27 15:05:29,BTCUSD_PERP,bid,62400,615.02
2024-08-27 15:07:18,BTCUSD_PERP,bid,62400,553.2
2024-08-27 15:07:18,BTCUSD_PERP,bid,62400,492.02
2024-08-27 15:07:19,BTCUSD_PERP,bid,62400,491.72
2024-08-27 15:09:48,BTCUSD_PERP,bid,62300,614.98
2024-08-27 15:09:49,BTCUSD_PERP,bid,62300,676.1
2024-08-27 15:11:17,BTCUSD_PERP,bid,62300,614.02
2024-08-27 15:11:17,BTCUSD_PERP,bid,62300,675.74
2024-08-27 15:18:54,BTCUSD_PERP,bid,62200,490.42
2024-08-27 15:18:54,BTCUSD_PERP,bid,62200,552.04
2024-08-27 15:20:06,BTCUSD_PERP,bid,62200,490.42
2024-08-27 15:20:07,BTCUSD_PERP,bid,62200,491.46
2024-08-27 15:20:07,BTCUSD_PERP,bid,62200,491.51
2024-08-27 15:20:07,BTCUSD_PERP,bid,62200,553.17
2024-08-27 15:20:07,BTCUSD_PERP,bid,62200,537.86
2024-08-27 15:20:07,BTCUSD_PERP,bid,62200,614.83
2024-08-27 15:20:07,BTCUSD_PERP,bid,62200,738.15
2024-08-27 15:20:07,BTCUSD_PERP,bid,62200,860.84
2024-08-27 15:20:08,BTCUSD_PERP,bid,62200,922.5
2024-08-27 15:20:08,BTCUSD_PERP,bid,62200,1106.22
2024-08-27 15:20:14,BTCUSD_PERP,bid,62200,1106.27
2024-08-27 15:21:29,BTCUSD_PERP,bid,62200,1044.61
2024-08-27 15:21:29,BTCUSD_PERP,bid,62200,982.95
2024-08-27 15:21:29,BTCUSD_PERP,bid,62200,737.67
2024-08-27 15:21:29,BTCUSD_PERP,bid,62200,490.42
2024-08-27 15:21:29,BTCUSD_PERP,bid,62200,615.61
2024-08-27 15:21:30,BTCUSD_PERP,bid,62200,551.42
2024-08-27 15:21:30,BTCUSD_PERP,bid,62200,554.58
2024-08-27 15:21:30,BTCUSD_PERP,bid,62200,674.05
2024-08-27 15:21:30,BTCUSD_PERP,bid,62200,735.68
2024-08-27 15:21:30,BTCUSD_PERP,bid,62200,796.68
2024-08-27 15:21:30,BTCUSD_PERP,bid,62200,919.99
2024-08-27 15:21:31,BTCUSD_PERP,bid,62100,537.58
2024-08-27 15:21:31,BTCUSD_PERP,bid,62200,981.62
2024-08-27 15:21:31,BTCUSD_PERP,bid,62200,1104.88
2024-08-27 15:23:31,BTCUSD_PERP,ask,68000,557.51
2024-08-27 15:25:05,BTCUSD_PERP,bid,62200,1104.83
2024-08-27 15:25:09,BTCUSD_PERP,bid,62200,1043.83
2024-08-27 15:25:10,BTCUSD_PERP,bid,62200,921.83
2024-08-27 15:25:10,BTCUSD_PERP,bid,62200,860.83
2024-08-27 15:25:10,BTCUSD_PERP,bid,62200,799.2
2024-08-27 15:25:10,BTCUSD_PERP,bid,62200,737.57
2024-08-27 15:25:10,BTCUSD_PERP,bid,62200,675.94
2024-08-27 15:25:10,BTCUSD_PERP,bid,62200,490.14
2024-08-27 15:25:10,BTCUSD_PERP,bid,62200,614.41
2024-08-27 15:25:10,BTCUSD_PERP,bid,62200,551.73
2024-08-27 15:25:10,BTCUSD_PERP,bid,62200,981.6
2024-08-27 15:25:10,BTCUSD_PERP,bid,62100,537.28
2024-08-27 15:25:10,BTCUSD_PERP,bid,62200,1043.19
2024-08-27 15:25:11,BTCUSD_PERP,bid,62200,1104.16
2024-08-27 15:25:23,BTCUSD_PERP,bid,59000,538.72
2024-08-27 15:29:10,BTCUSD_PERP,bid,62200,981.61
2024-08-27 15:29:10,BTCUSD_PERP,bid,62200,858.43
2024-08-27 15:29:10,BTCUSD_PERP,bid,62200,674.29
2024-08-27 15:29:11,BTCUSD_PERP,bid,62100,485.97
2024-08-27 15:29:11,BTCUSD_PERP,bid,62100,745.82
2024-08-27 15:29:11,BTCUSD_PERP,bid,62100,547.43
2024-08-27 15:29:11,BTCUSD_PERP,bid,62100,868.94
2024-08-27 15:29:12,BTCUSD_PERP,bid,62100,547.44
2024-08-27 15:29:56,BTCUSD_PERP,bid,62100,868.99
2024-08-27 15:32:14,BTCUSD_PERP,bid,62100,486.4
2024-08-27 15:32:14,BTCUSD_PERP,bid,62100,746.5
2024-08-27 15:32:15,BTCUSD_PERP,bid,62100,685.57
2024-08-27 15:32:15,BTCUSD_PERP,bid,62100,624.01
2024-08-27 15:32:15,BTCUSD_PERP,bid,62100,562.45
2024-08-27 15:32:15,BTCUSD_PERP,bid,62100,500.99
2024-08-27 15:32:16,BTCUSD_PERP,bid,62200,490.19
2024-08-27 15:32:16,BTCUSD_PERP,bid,62200,613.41
2024-08-27 15:32:16,BTCUSD_PERP,bid,62200,675.02
2024-08-27 15:32:17,BTCUSD_PERP,bid,62200,736.63
2024-08-27 15:32:46,BTCUSD_PERP,bid,62100,613.14
2024-08-27 15:32:46,BTCUSD_PERP,bid,62100,797.75
2024-08-27 15:32:46,BTCUSD_PERP,bid,62100,859.32
2024-08-27 15:36:04,BTCUSD_PERP,bid,62100,613.41
2024-08-27 15:36:04,BTCUSD_PERP,bid,62100,797.4
2024-08-27 15:36:04,BTCUSD_PERP,bid,62100,858.94
2024-08-27 15:37:00,BTCUSD_PERP,bid,62100,798.03
2024-08-27 15:37:00,BTCUSD_PERP,bid,62100,736.49
2024-08-27 15:37:00,BTCUSD_PERP,bid,62100,674.95
2024-08-27 15:37:00,BTCUSD_PERP,bid,62100,553.13
2024-08-27 15:37:01,BTCUSD_PERP,bid,62100,491.59
2024-08-27 15:37:01,BTCUSD_PERP,bid,62100,613.68
2024-08-27 15:37:01,BTCUSD_PERP,bid,62100,736.82
2024-08-27 15:37:02,BTCUSD_PERP,bid,62100,798.39
2024-08-27 15:37:02,BTCUSD_PERP,bid,62100,859.32
2024-08-27 15:39:31,BTCUSD_PERP,bid,62100,798.39
2024-08-27 15:39:31,BTCUSD_PERP,bid,62100,736.92
2024-08-27 15:39:32,BTCUSD_PERP,bid,62100,675.35
2024-08-27 15:39:32,BTCUSD_PERP,bid,62100,613.78
2024-08-27 15:39:32,BTCUSD_PERP,bid,62100,552.21
2024-08-27 15:39:32,BTCUSD_PERP,bid,62100,490.64
2024-08-27 15:39:32,BTCUSD_PERP,bid,62200,614.74
2024-08-27 15:39:32,BTCUSD_PERP,bid,62200,676.35
2024-08-27 15:39:32,BTCUSD_PERP,bid,62200,798.94
2024-08-27 15:39:33,BTCUSD_PERP,bid,62200,859.92
2024-08-27 15:39:33,BTCUSD_PERP,bid,62100,486.69
2024-08-27 15:39:33,BTCUSD_PERP,bid,62200,921.53
2024-08-27 15:40:32,BTCUSD_PERP,bid,62200,859.92
2024-08-27 15:40:32,BTCUSD_PERP,bid,62200,614.74
2024-08-27 15:40:32,BTCUSD_PERP,bid,62200,859.52
2024-08-27 15:40:32,BTCUSD_PERP,bid,62200,921.1
2024-08-27 15:42:38,BTCUSD_PERP,bid,62100,920.13
2024-08-27 15:42:38,BTCUSD_PERP,bid,62100,486.15
2024-08-27 15:42:38,BTCUSD_PERP,bid,62100,981.68
2024-08-27 15:44:16,BTCUSD_PERP,bid,62100,920.76
2024-08-27 15:44:16,BTCUSD_PERP,bid,62100,859.21
2024-08-27 15:44:16,BTCUSD_PERP,bid,62100,798.29
2024-08-27 15:44:16,BTCUSD_PERP,bid,62100,736.74
2024-08-27 15:44:17,BTCUSD_PERP,bid,62100,614.27
2024-08-27 15:44:17,BTCUSD_PERP,bid,62100,491.17
2024-08-27 15:44:17,BTCUSD_PERP,bid,62200,490.84
2024-08-27 15:44:17,BTCUSD_PERP,bid,62200,552.42
2024-08-27 15:44:17,BTCUSD_PERP,bid,62200,797.38
2024-08-27 15:44:18,BTCUSD_PERP,bid,62200,858.96
2024-08-27 15:44:18,BTCUSD_PERP,bid,62200,982.12
2024-08-27 15:44:53,BTCUSD_PERP,bid,62200,982.16
2024-08-27 15:46:37,BTCUSD_PERP,bid,62200,921.21
2024-08-27 15:46:37,BTCUSD_PERP,bid,62200,859.63
2024-08-27 15:46:37,BTCUSD_PERP,bid,62200,737.1
2024-08-27 15:46:37,BTCUSD_PERP,bid,62200,615.2
2024-08-27 15:46:37,BTCUSD_PERP,bid,62200,553.62
2024-08-27 15:46:37,BTCUSD_PERP,bid,62200,492.04
2024-08-27 15:46:37,BTCUSD_PERP,bid,62200,490.46
2024-08-27 15:46:38,BTCUSD_PERP,bid,62200,552.08
2024-08-27 15:46:38,BTCUSD_PERP,bid,62200,674.7
2024-08-27 15:46:38,BTCUSD_PERP,bid,62200,736.32
2024-08-27 15:46:38,BTCUSD_PERP,bid,62200,797.94
2024-08-27 15:46:38,BTCUSD_PERP,bid,62200,859.46
2024-08-27 15:46:38,BTCUSD_PERP,bid,62200,869.82
2024-08-27 15:46:38,BTCUSD_PERP,bid,62100,496.84
2024-08-27 15:46:38,BTCUSD_PERP,bid,62200,930.81
2024-08-27 15:46:38,BTCUSD_PERP,bid,62200,1054.05
2024-08-27 15:48:25,BTCUSD_PERP,bid,62200,869.19
2024-08-27 15:48:25,BTCUSD_PERP,bid,62200,798.69
2024-08-27 15:49:23,BTCUSD_PERP,bid,62200,737.1
2024-08-27 15:49:24,BTCUSD_PERP,bid,62200,675.51
2024-08-27 15:49:24,BTCUSD_PERP,bid,62200,553.06
2024-08-27 15:49:24,BTCUSD_PERP,bid,62200,492.1
2024-08-27 15:49:24,BTCUSD_PERP,bid,62200,489.72
2024-08-27 15:49:25,BTCUSD_PERP,bid,62200,674.58
2024-08-27 15:49:25,BTCUSD_PERP,bid,62200,735.58
2024-08-27 15:57:58,BTCUSD_PERP,bid,62200,674.59
2024-08-27 15:57:58,BTCUSD_PERP,bid,62200,612.97
2024-08-27 15:57:58,BTCUSD_PERP,bid,62200,551.98
2024-08-27 15:57:59,BTCUSD_PERP,bid,62200,490.99
2024-08-27 15:57:59,BTCUSD_PERP,bid,62200,552.38
2024-08-27 15:57:59,BTCUSD_PERP,bid,62200,614.04
2024-08-27 15:57:59,BTCUSD_PERP,bid,62200,737.36
2024-08-27 15:58:00,BTCUSD_PERP,bid,62200,799.02
2024-08-27 15:58:00,BTCUSD_PERP,bid,62200,921.72
2024-08-27 15:58:00,BTCUSD_PERP,bid,62200,982.76
2024-08-27 16:01:30,BTCUSD_PERP,bid,62200,982.71
2024-08-27 16:01:33,BTCUSD_PERP,bid,62200,921.2
2024-08-27 16:04:31,BTCUSD_PERP,bid,62200,798.57
2024-08-27 16:04:31,BTCUSD_PERP,bid,62200,737.57
2024-08-27 16:04:31,BTCUSD_PERP,bid,62200,675.94
2024-08-27 16:04:32,BTCUSD_PERP,bid,62200,614.31
2024-08-27 16:04:32,BTCUSD_PERP,bid,62200,552.78
2024-08-27 16:04:32,BTCUSD_PERP,bid,62200,491.78
2024-08-27 16:04:32,BTCUSD_PERP,bid,62200,491.37
2024-08-27 16:04:32,BTCUSD_PERP,bid,62200,552.41
2024-08-27 16:04:32,BTCUSD_PERP,bid,62200,736.79
2024-08-27 16:04:32,BTCUSD_PERP,bid,62200,798.46
2024-08-27 16:04:32,BTCUSD_PERP,bid,62200,860.13
2024-08-27 16:04:32,BTCUSD_PERP,bid,62200,921.8
2024-08-27 16:04:33,BTCUSD_PERP,bid,62200,982.84
2024-08-27 16:04:33,BTCUSD_PERP,bid,62200,1044.51
2024-08-27 16:04:55,BTCUSD_PERP,bid,62200,1044.56
2024-08-27 16:07:21,BTCUSD_PERP,bid,62200,983.52
2024-08-27 16:07:21,BTCUSD_PERP,bid,62200,921.85
2024-08-27 16:07:21,BTCUSD_PERP,bid,62200,798.51
2024-08-27 16:07:22,BTCUSD_PERP,bid,62200,737.47
2024-08-27 16:07:22,BTCUSD_PERP,bid,62200,675.8
2024-08-27 16:07:22,BTCUSD_PERP,bid,62200,614.13
2024-08-27 16:07:22,BTCUSD_PERP,bid,62200,553.09
2024-08-27 16:07:22,BTCUSD_PERP,bid,62200,491.42
2024-08-27 16:07:22,BTCUSD_PERP,bid,62300,492.41
2024-08-27 16:07:22,BTCUSD_PERP,bid,62300,554.12
2024-08-27 16:07:22,BTCUSD_PERP,bid,62300,615.83
2024-08-27 16:07:23,BTCUSD_PERP,bid,62300,737.97
2024-08-27 16:07:23,BTCUSD_PERP,bid,62300,799.68
2024-08-27 16:07:23,BTCUSD_PERP,bid,62300,861.39
2024-08-27 16:07:23,BTCUSD_PERP,bid,62300,984.07
2024-08-27 16:07:56,BTCUSD_PERP,ask,68000,550.71
2024-08-27 16:08:38,BTCUSD_PERP,bid,62300,922.36
2024-08-27 16:08:38,BTCUSD_PERP,bid,62300,861.28
2024-08-27 16:08:38,BTCUSD_PERP,bid,62300,799.68
2024-08-27 16:08:38,BTCUSD_PERP,bid,62300,615.18
2024-08-27 16:08:38,BTCUSD_PERP,bid,62300,491.44
2024-08-27 16:08:38,BTCUSD_PERP,bid,62300,553.47
2024-08-27 16:08:39,BTCUSD_PERP,bid,62300,491.76
2024-08-27 16:08:39,BTCUSD_PERP,bid,62300,614.15
2024-08-27 16:08:39,BTCUSD_PERP,bid,62300,675.83
2024-08-27 16:08:39,BTCUSD_PERP,bid,62300,737.51
2024-08-27 16:08:40,BTCUSD_PERP,bid,62300,860.87
2024-08-27 16:08:40,BTCUSD_PERP,bid,62300,1044.61
2024-08-27 16:09:15,BTCUSD_PERP,bid,62300,1048.98
2024-08-27 16:10:12,BTCUSD_PERP,bid,62300,497.18
2024-08-27 16:10:13,BTCUSD_PERP,bid,62200,983.01
2024-08-27 16:10:13,BTCUSD_PERP,bid,62200,1044.03
2024-08-27 16:10:14,BTCUSD_PERP,bid,62200,1045.33
2024-08-27 16:10:15,BTCUSD_PERP,bid,62200,1045.38
2024-08-27 16:10:16,BTCUSD_PERP,bid,62200,1060.3
2024-08-27 16:10:18,BTCUSD_PERP,bid,62200,1062.53
2024-08-27 16:10:25,BTCUSD_PERP,bid,62200,1062.58
2024-08-27 16:11:43,BTCUSD_PERP,bid,62200,1061.28
2024-08-27 16:12:17,BTCUSD_PERP,bid,62200,1046.36
2024-08-27 16:12:20,BTCUSD_PERP,bid,62200,1044.13
2024-08-27 16:13:48,BTCUSD_PERP,bid,62200,1044.08
2024-08-27 16:13:54,BTCUSD_PERP,bid,62200,1044.03
2024-08-27 16:14:05,BTCUSD_PERP,bid,62200,920.75
2024-08-27 16:14:05,BTCUSD_PERP,bid,62200,798.72
2024-08-27 16:14:06,BTCUSD_PERP,bid,62200,614.53
2024-08-27 16:14:06,BTCUSD_PERP,bid,62200,552.89
2024-08-27 16:14:06,BTCUSD_PERP,bid,62200,491.25
2024-08-27 16:14:06,BTCUSD_PERP,bid,62300,552.97
2024-08-27 16:14:06,BTCUSD_PERP,bid,62300,614.05
2024-08-27 16:14:06,BTCUSD_PERP,bid,62300,675.77
2024-08-27 16:14:07,BTCUSD_PERP,bid,62300,797.94
2024-08-27 16:14:07,BTCUSD_PERP,bid,62300,859.66
2024-08-27 16:14:07,BTCUSD_PERP,bid,62300,921.38
2024-08-27 16:14:07,BTCUSD_PERP,bid,62300,982.46
2024-08-27 16:14:07,BTCUSD_PERP,bid,62300,1044.18
2024-08-27 16:14:07,BTCUSD_PERP,bid,62300,1105.9
2024-08-27 16:16:37,BTCUSD_PERP,bid,62300,1044.29
2024-08-27 16:16:37,BTCUSD_PERP,bid,62300,983.21
2024-08-27 16:16:38,BTCUSD_PERP,bid,62300,859.77
2024-08-27 16:16:38,BTCUSD_PERP,bid,62300,737.6
2024-08-27 16:16:38,BTCUSD_PERP,bid,62300,614.8
2024-08-27 16:16:39,BTCUSD_PERP,bid,62300,491.99
2024-08-27 16:16:39,BTCUSD_PERP,bid,62300,491.49
2024-08-27 16:16:39,BTCUSD_PERP,bid,62300,614.36
2024-08-27 16:16:39,BTCUSD_PERP,bid,62300,675.48
2024-08-27 16:16:39,BTCUSD_PERP,bid,62300,798.35
2024-08-27 16:16:39,BTCUSD_PERP,bid,62300,921.85
2024-08-27 16:16:39,BTCUSD_PERP,bid,62300,983.6
2024-08-27 16:33:00,BTCUSD_PERP,bid,62300,922.48
2024-08-27 16:33:00,BTCUSD_PERP,bid,62300,799.61
2024-08-27 16:33:00,BTCUSD_PERP,bid,62300,737.86
2024-08-27 16:33:00,BTCUSD_PERP,bid,62300,676.74
2024-08-27 16:33:00,BTCUSD_PERP,bid,62300,614.99
2024-08-27 16:33:01,BTCUSD_PERP,bid,62300,553.24
2024-08-27 16:33:01,BTCUSD_PERP,bid,62400,492.36
2024-08-27 16:33:02,BTCUSD_PERP,bid,62400,553.51
2024-08-27 16:33:02,BTCUSD_PERP,bid,62400,615.29
2024-08-27 16:33:02,BTCUSD_PERP,bid,62400,676.45
2024-08-27 16:34:58,BTCUSD_PERP,bid,62400,614.67
2024-08-27 16:34:58,BTCUSD_PERP,bid,62300,678.43
2024-08-27 16:34:58,BTCUSD_PERP,bid,62300,985.92
2024-08-27 16:34:58,BTCUSD_PERP,bid,62300,1047.67
2024-08-27 16:36:19,BTCUSD_PERP,bid,62300,863.04
2024-08-27 16:36:19,BTCUSD_PERP,bid,62300,552.14
2024-08-27 16:36:20,BTCUSD_PERP,bid,62300,674.93
2024-08-27 16:36:20,BTCUSD_PERP,bid,62300,736.64
2024-08-27 16:36:34,BTCUSD_PERP,bid,62300,674.93
2024-08-27 16:36:34,BTCUSD_PERP,bid,62300,490.79
2024-08-27 16:36:34,BTCUSD_PERP,bid,62300,1043.99
2024-08-27 16:36:49,BTCUSD_PERP,bid,42000,1061.88
2024-08-27 16:37:51,BTCUSD_PERP,bid,62300,982.95
2024-08-27 16:37:51,BTCUSD_PERP,bid,62300,798.55
2024-08-27 16:37:51,BTCUSD_PERP,bid,62300,675.82
2024-08-27 16:37:51,BTCUSD_PERP,bid,62300,614.14
2024-08-27 16:37:52,BTCUSD_PERP,bid,62300,552.57
2024-08-27 16:37:52,BTCUSD_PERP,bid,62200,736.44
2024-08-27 16:37:52,BTCUSD_PERP,bid,62200,1043.39
2024-08-27 16:38:38,BTCUSD_PERP,ask,63400,482.28
2024-08-27 16:38:38,BTCUSD_PERP,ask,63400,475.94
2024-08-27 16:38:39,BTCUSD_PERP,ask,63400,482.28
2024-08-27 16:38:40,BTCUSD_PERP,ask,63400,488.62
2024-08-27 16:38:52,BTCUSD_PERP,ask,63400,494.96
2024-08-27 16:38:58,BTCUSD_PERP,ask,63400,515.89
2024-08-27 16:39:14,BTCUSD_PERP,ask,63400,505.75
2024-08-27 16:39:18,BTCUSD_PERP,ask,63400,495.61
2024-08-27 16:39:20,BTCUSD_PERP,ask,63400,485.47
2024-08-27 16:39:20,BTCUSD_PERP,ask,63400,475.33
2024-08-27 16:40:08,BTCUSD_PERP,bid,62200,858.47
2024-08-27 16:40:08,BTCUSD_PERP,bid,62200,920.27
2024-08-27 16:40:08,BTCUSD_PERP,bid,62200,981.88
2024-08-27 16:40:37,BTCUSD_PERP,bid,62200,920.9
2024-08-27 16:40:37,BTCUSD_PERP,bid,62200,797.29
2024-08-27 16:40:37,BTCUSD_PERP,bid,62200,858.87
2024-08-27 16:41:21,BTCUSD_PERP,bid,62200,797.29
2024-08-27 16:41:21,BTCUSD_PERP,bid,62200,735.71
2024-08-27 16:41:21,BTCUSD_PERP,bid,62200,674.76
2024-08-27 16:41:21,BTCUSD_PERP,bid,62100,796.85
2024-08-27 16:41:21,BTCUSD_PERP,bid,62100,858.4
2024-08-27 16:43:07,BTCUSD_PERP,bid,62100,735.3
2024-08-27 16:43:07,BTCUSD_PERP,bid,62100,488.83
2024-08-27 16:43:07,BTCUSD_PERP,bid,62100,918.14
2024-08-27 16:43:07,BTCUSD_PERP,bid,62100,979.65
2024-08-27 16:43:08,BTCUSD_PERP,bid,62100,918.77
2024-08-27 16:44:31,BTCUSD_PERP,bid,62000,489.63
2024-08-27 16:44:40,BTCUSD_PERP,bid,62000,489.88
2024-08-27 16:45:24,BTCUSD_PERP,bid,62100,490.83
2024-08-27 16:45:25,BTCUSD_PERP,bid,62100,552.34
2024-08-27 16:45:25,BTCUSD_PERP,bid,62100,613.85
2024-08-27 16:45:25,BTCUSD_PERP,bid,62100,674.73
2024-08-27 16:45:25,BTCUSD_PERP,bid,62100,735.61
2024-08-27 16:45:25,BTCUSD_PERP,bid,62100,796.5
2024-08-27 16:45:30,BTCUSD_PERP,bid,62100,734.99
2024-08-27 16:45:30,BTCUSD_PERP,bid,62100,611.97
2024-08-27 16:45:30,BTCUSD_PERP,bid,62100,490.2
2024-08-27 16:45:32,BTCUSD_PERP,bid,62100,490.51
2024-08-27 16:45:41,BTCUSD_PERP,bid,62200,551.88
2024-08-27 16:45:41,BTCUSD_PERP,bid,62200,613.48
2024-08-27 16:45:41,BTCUSD_PERP,bid,62200,675.08
2024-08-27 16:45:42,BTCUSD_PERP,bid,62200,798.28
2024-08-27 16:45:42,BTCUSD_PERP,bid,62200,859.88
2024-08-27 16:45:42,BTCUSD_PERP,bid,62100,537.79
2024-08-27 16:45:42,BTCUSD_PERP,bid,62200,921.48
2024-08-27 16:45:58,BTCUSD_PERP,bid,62200,798.91
2024-08-27 16:45:59,BTCUSD_PERP,bid,62100,490.64
2024-08-27 16:45:59,BTCUSD_PERP,bid,62100,858.78
2024-08-27 16:46:24,BTCUSD_PERP,bid,62100,735.64
