2024-08-26 07:00:29,BTCUSDT,bid,47000,875.76
2024-08-26 07:19:41,BTCUSDT,bid,47000,875.95
2024-08-26 07:00:08,BTCUSD_PERP,bid,63700,565.71
2024-08-26 07:00:20,BTCUSD_PERP,bid,63700,502.28
2024-08-26 07:01:11,BTCUSD_PERP,bid,63700,576.32
2024-08-26 07:01:11,BTCUSD_PERP,bid,63700,638.82
2024-08-26 07:01:11,BTCUSD_PERP,bid,63700,701.96
2024-08-26 07:03:08,BTCUSD_PERP,bid,63700,576.32
2024-08-26 07:03:08,BTCUSD_PERP,bid,63700,513.18
2024-08-26 07:03:54,BTCUSD_PERP,bid,63800,565.86
2024-08-26 07:03:54,BTCUSD_PERP,bid,63800,629.03
2024-08-26 07:03:54,BTCUSD_PERP,bid,63700,488.41
2024-08-26 07:04:10,BTCUSD_PERP,bid,63800,565.86
2024-08-26 07:04:10,BTCUSD_PERP,bid,63800,503.33
2024-08-26 07:04:11,BTCUSD_PERP,bid,63800,503.75
2024-08-26 07:04:11,BTCUSD_PERP,bid,63800,514.38
2024-08-26 07:04:11,BTCUSD_PERP,bid,63800,702.09
2024-08-26 07:04:17,BTCUSD_PERP,bid,63800,576.95
2024-08-26 07:04:17,BTCUSD_PERP,bid,63800,514.38
2024-08-26 07:05:28,BTCUSD_PERP,bid,63800,503.01
2024-08-26 07:05:28,BTCUSD_PERP,bid,63800,566.22
2024-08-26 07:05:28,BTCUSD_PERP,bid,63800,691.36
2024-08-26 07:05:28,BTCUSD_PERP,bid,63800,753.93
2024-08-26 07:05:28,BTCUSD_PERP,bid,63800,817.14
2024-08-26 07:06:44,BTCUSD_PERP,bid,63800,754.57
2024-08-26 07:06:44,BTCUSD_PERP,bid,63800,691.36
2024-08-26 07:06:44,BTCUSD_PERP,bid,63800,628.79
2024-08-26 07:06:44,BTCUSD_PERP,bid,63800,565.69
2024-08-26 07:06:45,BTCUSD_PERP,bid,63800,503.12
2024-08-26 07:08:10,BTCUSD_PERP,bid,63900,504.07
2024-08-26 07:08:10,BTCUSD_PERP,bid,63900,567.33
2024-08-26 07:08:16,BTCUSD_PERP,bid,63800,504.11
2024-08-26 07:08:16,BTCUSD_PERP,bid,63800,567.34
2024-08-26 07:10:40,BTCUSD_PERP,bid,63800,629.33
2024-08-26 07:10:40,BTCUSD_PERP,bid,63800,692.53
2024-08-26 07:10:40,BTCUSD_PERP,bid,63800,755.73
2024-08-26 07:11:40,BTCUSD_PERP,bid,63800,692.53
2024-08-26 07:11:40,BTCUSD_PERP,bid,63800,566.24
2024-08-26 07:11:41,BTCUSD_PERP,bid,63800,505.17
2024-08-26 07:12:08,BTCUSD_PERP,bid,63900,567.41
2024-08-26 07:14:32,BTCUSD_PERP,bid,63500,486.61
2024-08-26 07:14:32,BTCUSD_PERP,bid,63600,689.67
2024-08-26 07:14:33,BTCUSD_PERP,bid,63500,549.5
2024-08-26 07:14:33,BTCUSD_PERP,bid,63600,752.67
2024-08-26 07:14:35,BTCUSD_PERP,ask,64800,489.45
2024-08-26 07:14:54,BTCUSD_PERP,bid,63600,501.89
2024-08-26 07:14:54,BTCUSD_PERP,bid,63600,626.59
2024-08-26 07:15:23,BTCUSD_PERP,bid,63600,564.24
2024-08-26 07:15:23,BTCUSD_PERP,bid,63500,626.22
2024-08-26 07:15:31,BTCUSD_PERP,bid,63500,563.27
2024-08-26 07:15:31,BTCUSD_PERP,bid,63400,485.96
2024-08-26 07:15:31,BTCUSD_PERP,bid,63500,879.05
2024-08-26 07:15:31,BTCUSD_PERP,bid,63500,957.05
2024-08-26 07:15:31,BTCUSD_PERP,bid,63400,548.77
2024-08-26 07:15:44,BTCUSD_PERP,bid,63400,501.64
2024-08-26 07:15:44,BTCUSD_PERP,bid,63500,894.78
2024-08-26 07:15:44,BTCUSD_PERP,bid,63500,831.87
2024-08-26 07:15:44,BTCUSD_PERP,bid,63500,768.96
2024-08-26 07:15:44,BTCUSD_PERP,bid,63500,706.16
2024-08-26 07:15:44,BTCUSD_PERP,bid,63500,643.25
2024-08-26 07:15:50,BTCUSD_PERP,bid,63500,580.34
2024-08-26 07:15:51,BTCUSD_PERP,bid,63500,518.07
2024-08-26 07:15:52,BTCUSD_PERP,bid,63500,500.96
2024-08-26 07:15:52,BTCUSD_PERP,bid,63500,563.26
2024-08-26 07:16:36,BTCUSD_PERP,bid,63500,500.96
2024-08-26 07:16:37,BTCUSD_PERP,bid,63600,564.9
2024-08-26 07:16:37,BTCUSD_PERP,bid,63600,627.24
2024-08-26 07:16:38,BTCUSD_PERP,bid,63600,690.22
2024-08-26 07:16:38,BTCUSD_PERP,bid,63600,752.56
2024-08-26 07:16:38,BTCUSD_PERP,bid,63500,549.69
2024-08-26 07:16:38,BTCUSD_PERP,bid,63600,877.88
2024-08-26 07:16:38,BTCUSD_PERP,bid,63500,612.59
2024-08-26 07:16:38,BTCUSD_PERP,bid,63600,940.86
2024-08-26 07:16:49,BTCUSD_PERP,bid,63600,940.86
2024-08-26 07:16:53,BTCUSD_PERP,bid,63500,487.38
2024-08-26 07:16:53,BTCUSD_PERP,bid,63600,815.54
2024-08-26 07:16:53,BTCUSD_PERP,bid,63600,752.56
2024-08-26 07:16:53,BTCUSD_PERP,bid,63600,689.58
2024-08-26 07:16:53,BTCUSD_PERP,bid,63600,627.24
2024-08-26 07:16:54,BTCUSD_PERP,bid,63600,501.92
2024-08-26 07:16:54,BTCUSD_PERP,bid,63600,504.57
2024-08-26 07:16:54,BTCUSD_PERP,bid,63600,566.95
2024-08-26 07:16:54,BTCUSD_PERP,bid,63600,629.96
2024-08-26 07:16:54,BTCUSD_PERP,bid,63500,513.14
2024-08-26 07:16:54,BTCUSD_PERP,bid,63600,817.73
2024-08-26 07:16:55,BTCUSD_PERP,bid,63600,943.75
2024-08-26 07:16:55,BTCUSD_PERP,bid,63500,576.09
2024-08-26 07:16:55,BTCUSD_PERP,bid,63600,1006.13
2024-08-26 07:16:55,BTCUSD_PERP,bid,63500,623.3
2024-08-26 07:16:55,BTCUSD_PERP,bid,63600,1069.14
2024-08-26 07:17:01,BTCUSD_PERP,bid,63600,1006.13
2024-08-26 07:17:02,BTCUSD_PERP,bid,63500,513.61
2024-08-26 07:17:02,BTCUSD_PERP,bid,63600,943.12
2024-08-26 07:17:02,BTCUSD_PERP,bid,63600,880.74
2024-08-26 07:17:02,BTCUSD_PERP,bid,63600,756.0
2024-08-26 07:17:02,BTCUSD_PERP,bid,63600,692.99
2024-08-26 07:17:02,BTCUSD_PERP,bid,63600,629.98
2024-08-26 07:17:02,BTCUSD_PERP,bid,63600,504.59
2024-08-26 07:17:02,BTCUSD_PERP,bid,63600,503.16
2024-08-26 07:17:02,BTCUSD_PERP,bid,63600,566.21
2024-08-26 07:17:03,BTCUSD_PERP,bid,63600,628.62
2024-08-26 07:17:03,BTCUSD_PERP,bid,63600,691.03
2024-08-26 07:17:03,BTCUSD_PERP,bid,63600,754.08
2024-08-26 07:17:03,BTCUSD_PERP,bid,63600,487.64
2024-08-26 07:17:03,BTCUSD_PERP,bid,63600,817.13
2024-08-26 07:17:03,BTCUSD_PERP,bid,63600,880.18
2024-08-26 07:17:03,BTCUSD_PERP,bid,63600,550.63
2024-08-26 07:17:11,BTCUSD_PERP,bid,63600,880.18
2024-08-26 07:17:42,BTCUSD_PERP,bid,63600,754.08
2024-08-26 07:17:42,BTCUSD_PERP,bid,63600,629.26
2024-08-26 07:17:43,BTCUSD_PERP,bid,63600,566.85
2024-08-26 07:19:29,BTCUSD_PERP,bid,63600,565.62
2024-08-26 07:20:31,BTCUSD_PERP,bid,63600,501.92
