2024-09-16 08:12:37,ETHUSDT,bid,2220,4617.792
2024-09-16 08:12:43,ETHUSDT,bid,2220,10357.522
2024-09-16 08:13:02,ETHUSDT,bid,2220,4616.792
2024-09-16 08:13:02,ETHUSDT,bid,2230,4543.702
2024-09-16 08:13:14,ETHUSDT,bid,2240,10021.24
2024-09-16 08:13:20,ETHUSDT,bid,2250,4691.748
2024-09-16 08:13:21,ETHUSDT,bid,2230,4533.702
2024-09-16 08:13:25,ETHUSDT,bid,2240,10023.24
2024-09-16 08:14:02,ETHUSDT,bid,2220,4641.792
2024-09-16 08:14:03,ETHUSDT,bid,2250,4838.336
2024-09-16 08:14:08,ETHUSDT,bid,2220,10358.022
2024-09-16 08:14:08,ETHUSDT,bid,2230,5174.141
2024-09-16 08:14:22,ETHUSDT,bid,2250,4693.961
2024-09-16 08:14:27,ETHUSDT,bid,2250,4739.372
2024-09-16 08:14:34,ETHUSDT,bid,2240,10021.889
2024-09-16 08:14:36,ETHUSDT,bid,2240,10079.735
2024-09-16 08:14:36,ETHUSDT,bid,2240,10086.359
2024-09-16 08:14:36,ETHUSDT,bid,2240,10028.513
2024-09-16 08:14:36,ETHUSDT,bid,2220,4641.702
2024-09-16 08:14:36,ETHUSDT,bid,2230,4533.612
2024-09-16 08:14:37,ETHUSDT,bid,2220,10357.722
2024-09-16 08:14:40,ETHUSDT,bid,2220,4641.802
2024-09-16 08:14:40,ETHUSDT,bid,2250,4738.93
2024-09-16 08:14:40,ETHUSDT,bid,2240,10021.889
2024-09-16 08:14:41,ETHUSDT,bid,2250,4838.78
2024-09-16 08:14:41,ETHUSDT,bid,2230,4531.386
2024-09-16 08:14:45,ETHUSDT,bid,2220,10358.397
2024-09-16 08:14:52,ETHUSDT,bid,2220,10358.554
2024-09-16 08:14:52,ETHUSDT,bid,2230,4528.255
2024-09-16 08:14:53,ETHUSDT,bid,2230,5173.909
2024-09-16 08:14:56,ETHUSDT,bid,2210,5039.456
2024-09-16 08:14:56,ETHUSDT,bid,2230,5173.889
2024-09-16 08:14:57,ETHUSDT,bid,2220,4641.778
2024-09-16 08:14:57,ETHUSDT,bid,2240,10030.805
2024-09-16 08:14:57,ETHUSDT,bid,2250,4860.77
2024-09-16 08:15:03,ETHUSDT,bid,2250,4882.76
2024-09-16 08:15:03,ETHUSDT,bid,2250,4904.75
2024-09-16 08:15:03,ETHUSDT,bid,2250,4737.43
2024-09-16 08:15:09,ETHUSDT,bid,2250,4924.541
2024-09-16 08:15:13,ETHUSDT,bid,2250,4858.571
2024-09-16 08:15:13,ETHUSDT,bid,2250,4838.78
2024-09-16 08:15:18,ETHUSDT,bid,2240,10098.586
2024-09-16 08:15:18,ETHUSDT,bid,2250,4838.993
2024-09-16 08:15:18,ETHUSDT,bid,2240,10030.805
2024-09-16 08:15:22,ETHUSDT,bid,2250,4559.118
2024-09-16 08:15:22,ETHUSDT,bid,2230,4527.455
2024-09-16 08:15:22,ETHUSDT,bid,2230,5174.105
2024-09-16 08:15:25,ETHUSDT,bid,2220,10350.181
2024-09-16 08:15:25,ETHUSDT,bid,2240,10029.255
2024-09-16 08:15:26,ETHUSDT,bid,2230,4527.465
2024-09-16 08:15:29,ETHUSDT,bid,2250,4559.169
2024-09-16 08:15:32,ETHUSDT,bid,2250,4738.344
2024-09-16 08:15:39,ETHUSDT,bid,2230,4527.515
2024-09-16 08:15:41,ETHUSDT,bid,2220,10357.181
2024-09-16 08:15:49,ETHUSDT,bid,2250,4737.43
2024-09-16 08:15:56,ETHUSDT,bid,2230,4527.582
2024-09-16 08:15:59,ETHUSDT,bid,2220,10357.191
2024-09-16 08:16:10,ETHUSDT,bid,2240,10020.339
2024-09-16 08:16:11,ETHUSDT,bid,2250,4559.16
2024-09-16 08:16:14,ETHUSDT,bid,2240,10028.367
2024-09-16 08:16:14,ETHUSDT,bid,2240,10020.339
2024-09-16 08:16:22,ETHUSDT,bid,2220,4646.778
2024-09-16 08:16:22,ETHUSDT,bid,2250,4602.702
2024-09-16 08:16:22,ETHUSDT,bid,2220,4650.458
2024-09-16 08:16:26,ETHUSDT,bid,2250,4617.216
2024-09-16 08:16:26,ETHUSDT,bid,2250,4631.73
2024-09-16 08:16:26,ETHUSDT,bid,2250,4617.216
2024-09-16 08:16:29,ETHUSDT,bid,2240,10028.367
2024-09-16 08:16:29,ETHUSDT,bid,2240,10020.339
2024-09-16 08:16:35,ETHUSDT,bid,2220,10354.191
2024-09-16 08:16:42,ETHUSDT,bid,2250,4606.11
2024-09-16 08:16:44,ETHUSDT,bid,2230,5174.094
2024-09-16 08:16:47,ETHUSDT,bid,2230,5174.104
2024-09-16 08:16:47,ETHUSDT,bid,2250,4591.596
2024-09-16 08:16:47,ETHUSDT,bid,2250,4548.054
2024-09-16 08:16:48,ETHUSDT,bid,2250,4737.789
2024-09-16 08:16:53,ETHUSDT,bid,2250,4548.498
2024-09-16 08:16:53,ETHUSDT,bid,2220,10354.034
2024-09-16 08:17:00,ETHUSDT,bid,2220,4660.57
2024-09-16 08:17:15,ETHUSDT,bid,2220,10362.224
2024-09-16 08:17:20,ETHUSDT,bid,2250,4548.054
2024-09-16 08:17:29,ETHUSDT,bid,2220,4660.527
2024-09-16 08:17:34,ETHUSDT,bid,2220,10362.674
2024-09-16 08:17:35,ETHUSDT,bid,2250,4548.151
2024-09-16 08:17:37,ETHUSDT,bid,2220,4662.863
2024-09-16 08:17:42,ETHUSDT,bid,2230,5174.354
2024-09-16 08:17:45,ETHUSDT,bid,2250,4548.054
2024-09-16 08:17:46,ETHUSDT,bid,2250,4738.263
2024-09-16 08:17:47,ETHUSDT,bid,2220,10361.674
2024-09-16 08:17:48,ETHUSDT,bid,2250,4737.789
2024-09-16 08:17:49,ETHUSDT,bid,2220,4662.909
2024-09-16 08:17:49,ETHUSDT,bid,2250,4570.044
2024-09-16 08:17:49,ETHUSDT,bid,2250,4587.805
2024-09-16 08:17:50,ETHUSDT,bid,2250,4587.914
2024-09-16 08:17:56,ETHUSDT,bid,2250,4738.789
2024-09-16 08:17:57,ETHUSDT,bid,1700,6046.464
2024-09-16 08:18:06,ETHUSDT,bid,2230,5038.376
2024-09-16 08:18:13,ETHUSDT,bid,2240,10020.76
2024-09-16 08:18:15,ETHUSDT,bid,2220,10361.696
2024-09-16 08:18:15,ETHUSDT,bid,2220,10362.896
2024-09-16 08:18:17,ETHUSDT,bid,2250,4565.924
2024-09-16 08:18:44,ETHUSDT,bid,2220,10361.628
2024-09-16 08:18:54,ETHUSDT,bid,2250,4548.163
2024-09-16 08:19:52,ETHUSDT,bid,2250,4548.936
2024-09-16 08:19:57,ETHUSDT,bid,2220,4663.134
2024-09-16 08:20:08,ETHUSDT,bid,2220,10362.628
2024-09-16 08:20:33,ETHUSDT,bid,2230,4527.006
2024-09-16 08:20:45,ETHUSDT,bid,2220,10372.628
2024-09-16 08:20:57,ETHUSDT,bid,2220,10372.853
2024-09-16 08:20:58,ETHUSDT,bid,1680,8962.275
2024-09-16 08:21:14,ETHUSDT,bid,2230,5038.365
2024-09-16 08:21:14,ETHUSDT,bid,2220,10362.853
2024-09-16 08:21:17,ETHUSDT,bid,2240,10020.769
2024-09-16 08:21:20,ETHUSDT,bid,2220,10363.353
2024-09-16 08:21:24,ETHUSDT,bid,2230,4538.327
2024-09-16 08:21:29,ETHUSDT,bid,2220,4663.203
2024-09-16 08:21:45,ETHUSDT,bid,2240,10020.862
2024-09-16 08:21:57,ETHUSDT,bid,2220,10363.446
2024-09-16 08:21:59,ETHUSDT,bid,2230,4538.302
2024-09-16 08:22:00,ETHUSDT,bid,2230,5038.354
2024-09-16 08:22:44,ETHUSDT,bid,2230,5038.343
2024-09-16 08:22:48,ETHUSDT,bid,1960,5311.559
2024-09-16 08:23:03,ETHUSDT,bid,2250,4739.772
2024-09-16 08:23:09,ETHUSDT,bid,2220,10366.259
2024-09-16 08:23:11,ETHUSDT,bid,2220,4638.203
2024-09-16 08:23:20,ETHUSDT,bid,2220,10355.869
2024-09-16 08:23:26,ETHUSDT,bid,2220,10366.259
2024-09-16 08:23:27,ETHUSDT,bid,2230,4542.512
2024-09-16 08:23:48,ETHUSDT,bid,2250,4566.901
2024-09-16 08:23:52,ETHUSDT,bid,2230,4542.735
2024-09-16 08:23:57,ETHUSDT,bid,1940,5285.575
2024-09-16 08:25:10,ETHUSDT,bid,2220,10368.297
2024-09-16 08:25:13,ETHUSDT,bid,2220,10368.387
2024-09-16 08:25:14,ETHUSDT,bid,1940,5285.251
2024-09-16 08:25:30,ETHUSDT,bid,2230,5038.372
2024-09-16 08:26:00,ETHUSDT,bid,2230,4542.929
2024-09-16 08:26:26,ETHUSDT,bid,2220,10368.991
2024-09-16 08:26:29,ETHUSDT,bid,2220,4638.303
2024-09-16 08:26:30,ETHUSDT,bid,2230,5036.971
2024-09-16 08:27:24,ETHUSDT,bid,2230,5036.96
2024-09-16 08:27:36,ETHUSDT,bid,2250,4739.507
2024-09-16 08:28:10,ETHUSDT,bid,2250,4761.429
2024-09-16 08:28:11,ETHUSDT,bid,2220,10371.031
2024-09-16 08:28:13,ETHUSDT,bid,2220,10369.587
2024-09-16 08:28:26,ETHUSDT,bid,2230,5036.949
2024-09-16 08:28:27,ETHUSDT,bid,2250,4739.507
2024-09-16 08:28:28,ETHUSDT,bid,2250,4567.1
2024-09-16 08:29:25,ETHUSDT,bid,2240,10035.708
2024-09-16 08:29:31,ETHUSDT,bid,2230,5036.938
2024-09-16 08:29:46,ETHUSDT,bid,2220,4638.353
2024-09-16 08:29:54,ETHUSDT,bid,2220,4504.356
2024-09-16 08:30:20,ETHUSDT,bid,2230,4543.823
2024-09-16 08:31:03,ETHUSDT,bid,2220,4504.345
2024-09-16 08:31:10,ETHUSDT,bid,2230,5036.909
2024-09-16 08:31:20,ETHUSDT,bid,2250,4571.097
2024-09-16 08:31:21,ETHUSDT,bid,2250,4694.096
2024-09-16 08:31:46,ETHUSDT,bid,2250,4578.149
2024-09-16 08:31:53,ETHUSDT,bid,2230,4545.165
2024-09-16 08:32:08,ETHUSDT,bid,2240,10035.287
2024-09-16 08:32:12,ETHUSDT,bid,2250,4578.001
2024-09-16 08:32:13,ETHUSDT,bid,2250,4574.004
2024-09-16 08:32:38,ETHUSDT,bid,2220,4646.366
2024-09-16 08:33:00,ETHUSDT,bid,2250,4574.054
2024-09-16 08:33:01,ETHUSDT,bid,2220,4646.791
2024-09-16 08:33:04,ETHUSDT,bid,2250,4658.716
2024-09-16 08:33:09,ETHUSDT,bid,2220,4646.09
2024-09-16 08:33:37,ETHUSDT,bid,2220,4504.334
2024-09-16 08:33:37,ETHUSDT,bid,2220,10370.691
2024-09-16 08:33:38,ETHUSDT,bid,2220,10368.653
2024-09-16 08:33:42,ETHUSDT,bid,2250,4708.565
2024-09-16 08:33:49,ETHUSDT,bid,2220,10370.653
2024-09-16 08:33:57,ETHUSDT,bid,2250,4694.096
2024-09-16 08:33:58,ETHUSDT,bid,2250,4574.054
2024-09-16 08:34:15,ETHUSDT,bid,2220,4504.323
2024-09-16 08:34:24,ETHUSDT,bid,2220,10367.522
2024-09-16 08:34:37,ETHUSDT,bid,2220,4646.429
2024-09-16 08:35:22,ETHUSDT,bid,2220,4646.418
2024-09-16 08:35:41,ETHUSDT,bid,2230,4544.765
2024-09-16 08:35:53,ETHUSDT,bid,2250,4579.054
2024-09-16 08:36:00,ETHUSDT,bid,2240,10020.441
2024-09-16 08:36:17,ETHUSDT,bid,2220,4646.407
2024-09-16 08:36:22,ETHUSDT,bid,2220,4646.764
2024-09-16 08:36:42,ETHUSDT,bid,2220,4647.764
2024-09-16 08:36:49,ETHUSDT,bid,2220,4647.407
2024-09-16 08:36:53,ETHUSDT,bid,2250,4574.054
2024-09-16 08:36:59,ETHUSDT,bid,2220,4647.396
2024-09-16 08:36:59,ETHUSDT,bid,2250,4695.096
2024-09-16 08:37:09,ETHUSDT,bid,2250,4632.11
2024-09-16 08:37:19,ETHUSDT,bid,2250,4588.568
2024-09-16 08:37:19,ETHUSDT,bid,2250,4574.054
2024-09-16 08:37:33,ETHUSDT,bid,2250,4584.054
2024-09-16 08:37:56,ETHUSDT,bid,2220,10369.322
2024-09-16 08:37:56,ETHUSDT,bid,2240,10042.52
2024-09-16 08:37:56,ETHUSDT,bid,2240,10020.441
2024-09-16 08:37:58,ETHUSDT,bid,2230,4548.342
2024-09-16 08:37:58,ETHUSDT,bid,2220,10389.372
2024-09-16 08:37:59,ETHUSDT,bid,2220,10404.222
2024-09-16 08:37:59,ETHUSDT,bid,2220,10409.619
2024-09-16 08:37:59,ETHUSDT,bid,2220,10410.013
2024-09-16 08:38:00,ETHUSDT,bid,2240,10021.876
2024-09-16 08:38:00,ETHUSDT,bid,2250,4696.096
2024-09-16 08:38:00,ETHUSDT,bid,2250,4695.096
2024-09-16 08:38:01,ETHUSDT,bid,2230,4544.765
2024-09-16 08:38:05,ETHUSDT,bid,2250,4696.096
2024-09-16 08:38:07,ETHUSDT,bid,2220,10404.616
2024-09-16 08:38:08,ETHUSDT,bid,2220,4649.621
2024-09-16 08:38:08,ETHUSDT,bid,2220,10444.616
2024-09-16 08:38:09,ETHUSDT,bid,2250,4696.451
2024-09-16 08:38:10,ETHUSDT,bid,2240,10020.441
2024-09-16 08:38:11,ETHUSDT,bid,2220,4649.61
2024-09-16 08:38:15,ETHUSDT,bid,2240,10020.887
2024-09-16 08:38:17,ETHUSDT,bid,2250,4696.096
2024-09-16 08:38:22,ETHUSDT,bid,2250,4695.096
2024-09-16 08:38:24,ETHUSDT,bid,2220,10424.566
2024-09-16 08:38:28,ETHUSDT,bid,2220,10384.566
2024-09-16 08:38:31,ETHUSDT,bid,2240,10019.549
2024-09-16 08:38:34,ETHUSDT,bid,2220,10369.716
2024-09-16 08:38:34,ETHUSDT,bid,2240,10041.628
2024-09-16 08:38:34,ETHUSDT,bid,2240,10063.707
2024-09-16 08:38:35,ETHUSDT,bid,2250,4593.131
2024-09-16 08:38:36,ETHUSDT,bid,2250,4695.649
2024-09-16 08:38:37,ETHUSDT,bid,2250,4694.666
2024-09-16 08:38:38,ETHUSDT,bid,2240,10085.786
2024-09-16 08:38:40,ETHUSDT,bid,2240,10107.865
2024-09-16 08:38:43,ETHUSDT,bid,2240,10041.628
2024-09-16 08:38:43,ETHUSDT,bid,2240,10019.549
2024-09-16 08:38:49,ETHUSDT,bid,2230,4544.784
2024-09-16 08:39:00,ETHUSDT,bid,2250,4694.719
2024-09-16 08:39:05,ETHUSDT,bid,2250,4695.231
2024-09-16 08:39:05,ETHUSDT,bid,2250,4694.719
2024-09-16 08:39:07,ETHUSDT,bid,2220,4647.385
2024-09-16 08:39:12,ETHUSDT,bid,2220,4647.585
2024-09-16 08:39:17,ETHUSDT,bid,2230,4544.774
2024-09-16 08:39:18,ETHUSDT,bid,2230,4544.784
2024-09-16 08:39:19,ETHUSDT,bid,2220,4647.595
2024-09-16 08:39:19,ETHUSDT,bid,2230,4560.288
2024-09-16 08:39:21,ETHUSDT,bid,2250,4729.481
2024-09-16 08:39:27,ETHUSDT,bid,2220,10370.707
2024-09-16 08:39:27,ETHUSDT,bid,2230,4560.071
2024-09-16 08:39:29,ETHUSDT,bid,2220,4648.165
2024-09-16 08:39:29,ETHUSDT,bid,2250,4592.687
2024-09-16 08:39:30,ETHUSDT,bid,2220,4649.292
2024-09-16 08:39:42,ETHUSDT,bid,2240,10019.449
2024-09-16 08:39:48,ETHUSDT,bid,2220,4649.649
2024-09-16 08:39:49,ETHUSDT,bid,2250,4729.493
2024-09-16 08:39:50,ETHUSDT,bid,2240,10019.459
2024-09-16 08:39:53,ETHUSDT,bid,2250,4593.575
2024-09-16 08:39:54,ETHUSDT,bid,2250,4729.481
2024-09-16 08:39:56,ETHUSDT,bid,2220,10370.96
2024-09-16 08:39:56,ETHUSDT,bid,2220,4649.669
2024-09-16 08:39:56,ETHUSDT,bid,2220,4649.469
2024-09-16 08:39:56,ETHUSDT,bid,2230,4560.271
2024-09-16 08:39:58,ETHUSDT,bid,2250,4728.481
2024-09-16 08:40:00,ETHUSDT,bid,2250,4728.428
2024-09-16 08:40:01,ETHUSDT,bid,2250,4728.516
