1726792566590,BTCUSDT,bid,47000,840.499
1726795704122,BTCUSDT,bid,60200,600.022
1726797639105,BTCUSDT,bid,60200,600.025
1726797921349,BTCUSDT,bid,60200,600.029
1726797947222,BTCUSDT,bid,60200,600.025
1726797972782,BTCUSDT,bid,60200,600.029
1726797998793,BTCUSDT,bid,60200,600.025
1726798063062,BTCUSDT,bid,60200,600.029
1726798075779,BTCUSDT,bid,60200,600.025
1726798131754,BTCUSDT,bid,60200,600.022
1726799980806,BTCUSDT,bid,60200,600.026
1726799993536,BTCUSDT,bid,60200,600.022
1726800682433,BTCUSDT,bid,47000,840.496
1726805285766,BTCUSDT,bid,47300,803.239
1726805567967,BTCUSDT,bid,47000,840.475
1726806330054,BTCUSDT,bid,47000,840.837
1726806537426,BTCUSDT,bid,47000,840.834
1726806570599,BTCUSDT,bid,47000,840.846
1726807450487,BTCUSDT,bid,47000,840.843
1726807797371,BTCUSDT,bid,47000,840.875
1726814179436,BTCUSDT,bid,47000,840.513
1726817548626,BTCUSDT,bid,47000,840.503
1726824372435,BTCUSDT,bid,47000,840.478
1726828542708,BTCUSDT,bid,47300,802.924
1726828581424,BTCUSDT,bid,63000,596.918
1726828583486,BTCUSDT,bid,63000,596.91
1726828586771,BTCUSDT,bid,63000,596.916
1726828601385,BTCUSDT,bid,62900,512.863
1726828607133,BTCUSDT,bid,63000,596.926
1726828623953,BTCUSDT,bid,62900,512.454
1726828629834,BTCUSDT,bid,63000,596.92
1726828635063,BTCUSDT,bid,62900,537.74
1726828639992,BTCUSDT,bid,63000,596.938
1726828646743,BTCUSDT,bid,62900,513.337
1726828647570,BTCUSDT,bid,62800,539.812
1726828650844,BTCUSDT,bid,62900,512.454
1726828674305,BTCUSDT,bid,62900,537.89
1726828677063,BTCUSDT,bid,63000,596.94
1726828689037,BTCUSDT,bid,63000,596.87
1726828703099,BTCUSDT,bid,62800,539.312
1726828704521,BTCUSDT,bid,62800,539.245
1726828705439,BTCUSDT,bid,62900,537.74
1726828708402,BTCUSDT,bid,62800,539.243
1726828714412,BTCUSDT,bid,63000,596.848
1726828717377,BTCUSDT,bid,62800,539.245
1726828729462,BTCUSDT,bid,62900,512.452
1726828735080,BTCUSDT,bid,62900,512.451
1726828739767,BTCUSDT,bid,63000,596.844
1726828743959,BTCUSDT,bid,62900,537.733
1726828745076,BTCUSDT,bid,62800,539.005
1726828753080,BTCUSDT,bid,63000,596.829
1726828760039,BTCUSDT,bid,62800,539.002
1726828760550,BTCUSDT,bid,63000,596.905
1726828762893,BTCUSDT,bid,62800,539.512
1726828768640,BTCUSDT,bid,62900,537.686
1726828771298,BTCUSDT,bid,62800,539.509
1726828780019,BTCUSDT,bid,63000,596.907
1726828783605,BTCUSDT,bid,62800,539.507
1726828784743,BTCUSDT,bid,63000,596.867
1726828787926,BTCUSDT,bid,62800,539.505
1726828791302,BTCUSDT,bid,63000,596.865
1726828797661,BTCUSDT,bid,63000,596.889
1726828807755,BTCUSDT,bid,62900,537.684
1726828809595,BTCUSDT,bid,62900,536.61
1726828820072,BTCUSDT,bid,62900,536.587
1726828820781,BTCUSDT,bid,63000,596.81
1726828823841,BTCUSDT,bid,63000,596.828
1726828829057,BTCUSDT,bid,62900,512.122
1726828830280,BTCUSDT,bid,62800,539.406
1726828832842,BTCUSDT,bid,63000,596.825
1726828850406,BTCUSDT,bid,63000,596.835
1726828864743,BTCUSDT,bid,62800,538.896
1726828871192,BTCUSDT,bid,63000,596.837
1726828875308,BTCUSDT,bid,63000,596.825
1726828899102,BTCUSDT,bid,63000,596.815
1726828907484,BTCUSDT,bid,63000,596.817
1726828907578,BTCUSDT,bid,62800,538.876
1726828907578,BTCUSDT,bid,63000,596.797
1726828917357,BTCUSDT,bid,63000,596.79
1726828917664,BTCUSDT,bid,63000,596.669
1726828922777,BTCUSDT,bid,63000,596.672
1726828923817,BTCUSDT,bid,62800,539.035
1726828952720,BTCUSDT,bid,63000,596.67
1726828952816,BTCUSDT,bid,62800,539.02
1726828952816,BTCUSDT,bid,63000,596.655
1726828962385,BTCUSDT,bid,63000,596.6
1726828966067,BTCUSDT,bid,62800,539.002
1726828968413,BTCUSDT,bid,63000,596.616
1726828976153,BTCUSDT,bid,63000,596.379
1726828976758,BTCUSDT,bid,63000,596.381
1726828977278,BTCUSDT,bid,62900,536.591
1726828981893,BTCUSDT,bid,63000,595.381
1726828987319,BTCUSDT,bid,62900,536.587
1726828992125,BTCUSDT,bid,62800,539.005
1726828992125,BTCUSDT,bid,63000,595.378
1726828992331,BTCUSDT,bid,62900,511.328
1726829023911,BTCUSDT,bid,63000,595.376
1726829025842,BTCUSDT,bid,62900,511.253
1726829026248,BTCUSDT,bid,63000,595.37
1726829038013,BTCUSDT,bid,63000,595.846
1726829041094,BTCUSDT,bid,63000,595.97
1726829041196,BTCUSDT,bid,63000,596.108
1726829041299,BTCUSDT,bid,63000,596.262
1726829041396,BTCUSDT,bid,63000,596.416
1726829060743,BTCUSDT,bid,63000,596.4
1726829067252,BTCUSDT,bid,63000,596.4
1726829100058,BTCUSDT,bid,62900,510.753
1726829105350,BTCUSDT,bid,62900,510.755
1726829113827,BTCUSDT,bid,63000,596.434
1726829116705,BTCUSDT,bid,63000,596.4
1726829128990,BTCUSDT,bid,62900,510.754
1726829128990,BTCUSDT,bid,62900,536.586
1726829128990,BTCUSDT,bid,63000,596.399
1726829141204,BTCUSDT,bid,63000,596.397
1726829149305,BTCUSDT,bid,62800,538.995
1726829169526,BTCUSDT,bid,63000,596.415
1726829169639,BTCUSDT,bid,63000,596.339
1726829172802,BTCUSDT,bid,63000,596.577
1726829180912,BTCUSDT,bid,63000,597.066
1726829182143,BTCUSDT,bid,62900,536.354
1726829203941,BTCUSDT,bid,63000,597.069
1726829229505,BTCUSDT,bid,63000,597.072
1726829229912,BTCUSDT,bid,63000,597.032
1726829234740,BTCUSDT,bid,62900,536.318
1726829236370,BTCUSDT,bid,63000,597.532
1726829244152,BTCUSDT,bid,62900,536.318
1726829244454,BTCUSDT,bid,62900,536.571
1726829252354,BTCUSDT,bid,63000,597.537
1726829266031,BTCUSDT,bid,63000,597.543
1726829266444,BTCUSDT,bid,63000,597.545
1726829277021,BTCUSDT,bid,63000,597.585
1726829280204,BTCUSDT,bid,63000,597.579
1726829280918,BTCUSDT,bid,62900,510.802
1726829284192,BTCUSDT,bid,63000,597.576
1726829293280,BTCUSDT,bid,62900,510.948
1726829316887,BTCUSDT,bid,63000,598.369
1726829321213,BTCUSDT,bid,63000,598.367
1726829353465,BTCUSDT,bid,63000,598.266
1726829380647,BTCUSDT,bid,62900,510.946
1726829399743,BTCUSDT,bid,63000,598.264
1726829405707,BTCUSDT,bid,63000,598.266
1726829447565,BTCUSDT,bid,63000,598.276
1726829477654,BTCUSDT,bid,63000,598.325
1726829477859,BTCUSDT,bid,63000,597.838
1726829483497,BTCUSDT,bid,63000,597.808
1726829488122,BTCUSDT,bid,63000,597.835
1726829488220,BTCUSDT,bid,62900,536.671
1726829504422,BTCUSDT,bid,62900,511.138
1726829509654,BTCUSDT,bid,63000,598.809
1726829513474,BTCUSDT,bid,63000,598.504
1726829526622,BTCUSDT,bid,62800,538.993
1726829548048,BTCUSDT,bid,62900,511.146
1726829553153,BTCUSDT,bid,63000,598.507
1726829591806,BTCUSDT,bid,62800,538.977
1726829623354,BTCUSDT,bid,63000,598.516
1726829625405,BTCUSDT,bid,63000,598.507
1726829643184,BTCUSDT,bid,63000,598.505
1726829647916,BTCUSDT,bid,62800,538.924
1726829677249,BTCUSDT,bid,62900,511.103
1726829681340,BTCUSDT,bid,63000,598.605
1726829683704,BTCUSDT,bid,63000,598.617
1726829724135,BTCUSDT,bid,63500,510.749
1726829727204,BTCUSDT,bid,63500,510.249
1726829727821,BTCUSDT,bid,63500,509.755
1726829729158,BTCUSDT,bid,63000,598.623
1726829730288,BTCUSDT,bid,63000,598.629
1726829740216,BTCUSDT,bid,63500,509.75
1726829742680,BTCUSDT,bid,63400,505.101
1726829746085,BTCUSDT,bid,63500,509.753
1726829750913,BTCUSDT,bid,63500,509.659
1726829754207,BTCUSDT,bid,63000,598.89
1726829757815,BTCUSDT,bid,63000,598.874
1726829761721,BTCUSDT,bid,63500,509.609
1726829762049,BTCUSDT,bid,63000,598.755
1726829780005,BTCUSDT,bid,63500,509.611
1726829790626,BTCUSDT,bid,63500,509.657
1726829795562,BTCUSDT,bid,63500,509.757
1726829799571,BTCUSDT,bid,63500,509.764
1726829800282,BTCUSDT,bid,63400,505.109
1726829800501,BTCUSDT,bid,62900,537.274
1726829806469,BTCUSDT,bid,63000,598.756
1726829808560,BTCUSDT,bid,63500,509.858
1726829816826,BTCUSDT,bid,63500,509.358
1726829817132,BTCUSDT,bid,63000,598.495
1726829819416,BTCUSDT,bid,63400,505.111
1726829820869,BTCUSDT,bid,63500,509.374
1726829822101,BTCUSDT,bid,63000,598.513
1726829824254,BTCUSDT,bid,63000,598.473
1726829825480,BTCUSDT,bid,63000,598.522
1726829829520,BTCUSDT,bid,63500,509.381
1726829833744,BTCUSDT,bid,63000,598.571
1726829836117,BTCUSDT,bid,63500,509.396
1726829838283,BTCUSDT,bid,63400,505.18
1726829839508,BTCUSDT,bid,63400,505.78
1726829842505,BTCUSDT,bid,63400,505.195
1726829851240,BTCUSDT,bid,63500,509.394
1726829852775,BTCUSDT,bid,62900,536.671
1726829857883,BTCUSDT,bid,63500,509.391
1726829867454,BTCUSDT,bid,63500,509.404
1726829876224,BTCUSDT,bid,63000,598.568
1726829879253,BTCUSDT,bid,63000,598.964
1726829885414,BTCUSDT,bid,63500,508.913
1726829893788,BTCUSDT,bid,63400,506.749
1726829893997,BTCUSDT,bid,63500,508.916
1726829894804,BTCUSDT,bid,63500,506.48
1726829896877,BTCUSDT,bid,63500,506.434
1726829896978,BTCUSDT,bid,63500,506.436
1726829899523,BTCUSDT,bid,63500,506.423
1726829900135,BTCUSDT,bid,63400,506.751
1726829900337,BTCUSDT,bid,63400,506.749
1726829906575,BTCUSDT,bid,63400,505.195
1726829908418,BTCUSDT,bid,47000,840.481
1726829910773,BTCUSDT,bid,63400,505.197
1726829914589,BTCUSDT,bid,63400,505.202
1726829915733,BTCUSDT,bid,63000,611.964
1726829919648,BTCUSDT,bid,63500,506.42
1726829920567,BTCUSDT,bid,63400,505.197
1726829920661,BTCUSDT,bid,62800,538.926
1726829938916,BTCUSDT,bid,63500,506.422
1726829942105,BTCUSDT,bid,63500,506.428
1726829945186,BTCUSDT,bid,63500,506.425
1726829945702,BTCUSDT,bid,63500,506.375
1726829947237,BTCUSDT,bid,63000,612.175
1726829950235,BTCUSDT,bid,63400,505.119
1726829950235,BTCUSDT,bid,63500,506.452
1726829958284,BTCUSDT,bid,63500,506.457
1726829960443,BTCUSDT,bid,62800,538.924
1726829961362,BTCUSDT,bid,63400,505.091
1726829964744,BTCUSDT,bid,63000,612.075
1726829969057,BTCUSDT,bid,63000,611.575
1726829969679,BTCUSDT,bid,63500,506.452
1726829978729,BTCUSDT,bid,63000,611.526
1726829986853,BTCUSDT,bid,62800,538.921
1726829986853,BTCUSDT,bid,63000,611.523
1726829986853,BTCUSDT,bid,63400,505.088
1726829987682,BTCUSDT,bid,63000,611.508
1726829988196,BTCUSDT,bid,63000,611.188
1726829996079,BTCUSDT,bid,63500,506.457
1726830001546,BTCUSDT,bid,63000,611.196
1726830007192,BTCUSDT,bid,63000,611.199
1726830011693,BTCUSDT,bid,62800,538.871
1726830013117,BTCUSDT,bid,63400,505.124
1726830013117,BTCUSDT,bid,63500,506.466
1726830014543,BTCUSDT,bid,63500,506.47
1726830014749,BTCUSDT,bid,62800,538.876
1726830016593,BTCUSDT,bid,63000,611.185
1726830019455,BTCUSDT,bid,63000,612.185
1726830024811,BTCUSDT,bid,62800,536.876
1726830028214,BTCUSDT,bid,62900,511.055
1726830030071,BTCUSDT,bid,63000,612.187
1726830037828,BTCUSDT,bid,63000,612.181
1726830040586,BTCUSDT,bid,63400,505.152
1726830040996,BTCUSDT,bid,63500,506.467
1726830041811,BTCUSDT,bid,63000,611.181
1726830042221,BTCUSDT,bid,62900,536.571
1726830044208,BTCUSDT,bid,63400,505.154
1726830049141,BTCUSDT,bid,63000,611.208
1726830059618,BTCUSDT,bid,63400,506.12
1726830064003,BTCUSDT,bid,63500,506.474
1726830064205,BTCUSDT,bid,63400,506.118
1726830068811,BTCUSDT,bid,63000,611.202
1726830079263,BTCUSDT,bid,63000,611.205
1726830084197,BTCUSDT,bid,62800,536.865
1726830084197,BTCUSDT,bid,62900,511.044
1726830084197,BTCUSDT,bid,63000,611.194
1726830084197,BTCUSDT,bid,63400,506.107
1726830084197,BTCUSDT,bid,63500,506.463
1726830088801,BTCUSDT,bid,63500,506.386
1726830094723,BTCUSDT,bid,63500,506.388
1726830098016,BTCUSDT,bid,62800,536.848
1726830098016,BTCUSDT,bid,63000,611.192
1726830100162,BTCUSDT,bid,63000,611.198
1726830103555,BTCUSDT,bid,63500,506.386
1726830107587,BTCUSDT,bid,63500,506.381
1726830111689,BTCUSDT,bid,63400,506.079
1726830113429,BTCUSDT,bid,63400,506.071
1726830117556,BTCUSDT,bid,63000,611.195
1726830121754,BTCUSDT,bid,63500,506.392
1726830123205,BTCUSDT,bid,63000,611.197
1726830127205,BTCUSDT,bid,62800,536.864
1726830128229,BTCUSDT,bid,63400,506.073
1726830155700,BTCUSDT,bid,63000,611.148
1726830165841,BTCUSDT,bid,63000,611.13
1726830166564,BTCUSDT,bid,63000,610.168
1726830169242,BTCUSDT,bid,62900,536.566
1726830177109,BTCUSDT,bid,63000,611.2
1726830188602,BTCUSDT,bid,63400,506.084
1726830190143,BTCUSDT,bid,63500,506.396
1726830207416,BTCUSDT,bid,63500,506.38
1726830207831,BTCUSDT,bid,63000,611.279
1726830212434,BTCUSDT,bid,63500,506.435
1726830215128,BTCUSDT,bid,63500,506.477
1726830216260,BTCUSDT,bid,63500,506.496
1726830224168,BTCUSDT,bid,62900,509.599
1726830239062,BTCUSDT,bid,63500,506.709
1726830239175,BTCUSDT,bid,63000,611.23
1726830239794,BTCUSDT,bid,63500,506.702
1726830242770,BTCUSDT,bid,63000,611.422
1726830246995,BTCUSDT,bid,63500,506.712
1726830257061,BTCUSDT,bid,63000,611.425
1726830262184,BTCUSDT,bid,62900,536.567
1726830266306,BTCUSDT,bid,63400,506.124
1726830266712,BTCUSDT,bid,63500,506.612
1726830270967,BTCUSDT,bid,63500,507.612
1726830271069,BTCUSDT,bid,63500,507.59
1726830279003,BTCUSDT,bid,63400,506.126
1726830280253,BTCUSDT,bid,62900,509.329
1726830294104,BTCUSDT,bid,63500,508.062
1726830299954,BTCUSDT,bid,63500,508.07
1726830302504,BTCUSDT,bid,63400,505.16
1726830305904,BTCUSDT,bid,63500,507.598
1726830308173,BTCUSDT,bid,63400,502.174
1726830308670,BTCUSDT,bid,63400,502.189
1726830313833,BTCUSDT,bid,62800,536.745
1726830313833,BTCUSDT,bid,62900,509.448
1726830328676,BTCUSDT,bid,63500,507.698
1726830334506,BTCUSDT,bid,63400,502.197
1726830335438,BTCUSDT,bid,63400,502.189
1726830339446,BTCUSDT,bid,63400,502.149
1726830340480,BTCUSDT,bid,63400,502.157
1726830341403,BTCUSDT,bid,63400,502.149
1726830343359,BTCUSDT,bid,63500,507.691
1726830343462,BTCUSDT,bid,63400,502.157
1726830344385,BTCUSDT,bid,63400,502.149
1726830347479,BTCUSDT,bid,63400,502.157
1726830348089,BTCUSDT,bid,63400,502.149
1726830352388,BTCUSDT,bid,63500,507.591
1726830365099,BTCUSDT,bid,63400,502.47
1726830367672,BTCUSDT,bid,63000,611.429
1726830367672,BTCUSDT,bid,63400,502.474
1726830375062,BTCUSDT,bid,63500,506.591
1726830375902,BTCUSDT,bid,62900,536.455
1726830378258,BTCUSDT,bid,62800,536.743
1726830378360,BTCUSDT,bid,63500,506.593
1726830384312,BTCUSDT,bid,63400,502.469
1726830385134,BTCUSDT,bid,63500,506.693
1726830385854,BTCUSDT,bid,62900,509.348
1726830385854,BTCUSDT,bid,63000,611.329
1726830393363,BTCUSDT,bid,63400,502.476
1726830397307,BTCUSDT,bid,63500,506.691
1726830401354,BTCUSDT,bid,63400,502.576
1726830402378,BTCUSDT,bid,63000,611.485
1726830409587,BTCUSDT,bid,63000,611.327
1726830415909,BTCUSDT,bid,63500,507.655
1726830418297,BTCUSDT,bid,63500,507.442
1726830421882,BTCUSDT,bid,63000,611.33
1726830427502,BTCUSDT,bid,63400,502.578
1726830428013,BTCUSDT,bid,63400,502.576
1726830430668,BTCUSDT,bid,63500,507.444
1726830433738,BTCUSDT,bid,63400,502.579
1726830434354,BTCUSDT,bid,63400,502.564
1726830434354,BTCUSDT,bid,63500,507.429
1726830437424,BTCUSDT,bid,63000,611.422
1726830446185,BTCUSDT,bid,63500,507.442
1726830448134,BTCUSDT,bid,63400,502.622
1726830449681,BTCUSDT,bid,62900,536.576
1726830450613,BTCUSDT,bid,63000,611.426
1726830453707,BTCUSDT,bid,63500,507.429
1726830456482,BTCUSDT,bid,63500,508.048
1726830456582,BTCUSDT,bid,63500,507.429
1726830458514,BTCUSDT,bid,63400,502.588
1726830459444,BTCUSDT,bid,63000,611.395
1726830459648,BTCUSDT,bid,63500,507.698
1726830470422,BTCUSDT,bid,63500,507.713
1726830471887,BTCUSDT,bid,63500,507.728
1726830478759,BTCUSDT,bid,63500,507.739
1726830482852,BTCUSDT,bid,63500,507.744
1726830483770,BTCUSDT,bid,63000,611.423
1726830484175,BTCUSDT,bid,63500,507.748
1726830490930,BTCUSDT,bid,63400,519.407
1726830496280,BTCUSDT,bid,63500,507.763
1726830500391,BTCUSDT,bid,63500,507.766
1726830502654,BTCUSDT,bid,63500,507.666
1726830505443,BTCUSDT,bid,63500,507.647
1726830508011,BTCUSDT,bid,63500,507.653
1726830508726,BTCUSDT,bid,63500,507.642
1726830509338,BTCUSDT,bid,63500,507.627
1726830510663,BTCUSDT,bid,63500,507.642
1726830513036,BTCUSDT,bid,63500,507.666
1726830515704,BTCUSDT,bid,63400,519.507
1726830523738,BTCUSDT,bid,63500,507.66
1726830523842,BTCUSDT,bid,62800,536.771
1726830524967,BTCUSDT,bid,63500,507.658
1726830527019,BTCUSDT,bid,63500,507.758
1726830528366,BTCUSDT,bid,63500,507.752
1726830532276,BTCUSDT,bid,63500,507.754
1726830532479,BTCUSDT,bid,63500,507.752
1726830539803,BTCUSDT,bid,63000,611.42
1726830545729,BTCUSDT,bid,63500,507.754
1726830553004,BTCUSDT,bid,63500,507.758
1726830555367,BTCUSDT,bid,63500,507.858
1726830564582,BTCUSDT,bid,63500,507.903
1726830564684,BTCUSDT,bid,63000,611.422
1726830573247,BTCUSDT,bid,63500,507.905
1726830581264,BTCUSDT,bid,63500,507.907
1726830582605,BTCUSDT,bid,62800,536.773
1726830583736,BTCUSDT,bid,63500,507.943
1726830583938,BTCUSDT,bid,63500,507.941
1726830586596,BTCUSDT,bid,63500,507.951
1726830589879,BTCUSDT,bid,63500,507.953
1726830590180,BTCUSDT,bid,63500,507.951
1726830590289,BTCUSDT,bid,63500,512.951
1726830591754,BTCUSDT,bid,63500,556.585
1726830591854,BTCUSDT,bid,63500,697.263
1726830596583,BTCUSDT,bid,63400,519.503
1726830599557,BTCUSDT,bid,63400,519.434
1726830601223,BTCUSDT,bid,63500,697.221
1726830602343,BTCUSDT,bid,63000,611.506
1726830611478,BTCUSDT,bid,62800,536.873
1726830614771,BTCUSDT,bid,63500,697.121
1726830615489,BTCUSDT,bid,63400,519.534
1726830621240,BTCUSDT,bid,63500,697.09
1726830632660,BTCUSDT,bid,63400,519.541
1726830634207,BTCUSDT,bid,62800,536.871
1726830634207,BTCUSDT,bid,62900,509.346
1726830634207,BTCUSDT,bid,63000,611.504
1726830635222,BTCUSDT,bid,63400,519.543
1726830636161,BTCUSDT,bid,62800,536.672
1726830636161,BTCUSDT,bid,63000,611.464
1726830636161,BTCUSDT,bid,63500,697.13
1726830636975,BTCUSDT,bid,63400,519.547
1726830650257,BTCUSDT,bid,63500,697.133
1726830655964,BTCUSDT,bid,63400,519.55
1726830657405,BTCUSDT,bid,62900,509.29
1726830660701,BTCUSDT,bid,62800,535.876
1726830661619,BTCUSDT,bid,63500,697.213
1726830661824,BTCUSDT,bid,63500,697.249
1726830662639,BTCUSDT,bid,63500,697.169
1726830662841,BTCUSDT,bid,63500,697.133
1726830664581,BTCUSDT,bid,63500,697.148
1726830664688,BTCUSDT,bid,63500,697.228
1726830664791,BTCUSDT,bid,63500,697.264
1726830665515,BTCUSDT,bid,63000,611.414
1726830666658,BTCUSDT,bid,63500,697.184
1726830667691,BTCUSDT,bid,63500,697.224
1726830668310,BTCUSDT,bid,62900,536.893
1726830671632,BTCUSDT,bid,63500,697.184
1726830671831,BTCUSDT,bid,63500,697.148
1726830672050,BTCUSDT,bid,63500,697.142
1726830672656,BTCUSDT,bid,63500,697.182
1726830673608,BTCUSDT,bid,63500,697.142
1726830682879,BTCUSDT,bid,63000,628.339
1726830682879,BTCUSDT,bid,63400,502.731
1726830686310,BTCUSDT,bid,62800,535.89
1726830686923,BTCUSDT,bid,63500,697.138
1726830687227,BTCUSDT,bid,63500,697.152
1726830687328,BTCUSDT,bid,63400,502.724
1726830688336,BTCUSDT,bid,62800,535.876
1726830688440,BTCUSDT,bid,63500,697.112
1726830689362,BTCUSDT,bid,63500,697.731
1726830689874,BTCUSDT,bid,63500,697.112
1726830691604,BTCUSDT,bid,63500,697.19
1726830711076,BTCUSDT,bid,63400,502.905
1726830714767,BTCUSDT,bid,63400,502.983
1726830718286,BTCUSDT,bid,63500,697.176
1726830721263,BTCUSDT,bid,63400,503.093
1726830722103,BTCUSDT,bid,63500,697.171
1726830725175,BTCUSDT,bid,63500,697.249
1726830743260,BTCUSDT,bid,63500,697.213
1726830744588,BTCUSDT,bid,62800,535.843
1726830744693,BTCUSDT,bid,63500,697.168
1726830745097,BTCUSDT,bid,63500,697.683
1726830749601,BTCUSDT,bid,63500,697.668
1726830749804,BTCUSDT,bid,63000,628.403
1726830750113,BTCUSDT,bid,62900,536.772
1726830751133,BTCUSDT,bid,63400,503.097
1726830751959,BTCUSDT,bid,63500,697.574
1726830758011,BTCUSDT,bid,63500,697.967
1726830758114,BTCUSDT,bid,63000,628.412
1726830761506,BTCUSDT,bid,63500,697.951
1726830761810,BTCUSDT,bid,63000,628.476
1726830761810,BTCUSDT,bid,63500,697.965
1726830765197,BTCUSDT,bid,62800,536.093
1726830766623,BTCUSDT,bid,63400,503.093
1726830766623,BTCUSDT,bid,63500,697.967
1726830770729,BTCUSDT,bid,63500,698.021
1726830773604,BTCUSDT,bid,63500,698.019
1726830775134,BTCUSDT,bid,63400,502.993
1726830796709,BTCUSDT,bid,63000,628.47
1726830797840,BTCUSDT,bid,63400,503.114
1726830805316,BTCUSDT,bid,63400,502.933
1726830806450,BTCUSDT,bid,63400,502.723
1726830806554,BTCUSDT,bid,62800,536.1
1726830810359,BTCUSDT,bid,63000,628.442
1726830811297,BTCUSDT,bid,63500,698.199
1726830815402,BTCUSDT,bid,63400,502.665
1726830819605,BTCUSDT,bid,63500,706.199
1726830821360,BTCUSDT,bid,63500,706.206
1726830827953,BTCUSDT,bid,63500,706.221
1726830829184,BTCUSDT,bid,63500,706.268
1726830829492,BTCUSDT,bid,63500,708.979
1726830830405,BTCUSDT,bid,63500,708.971
1726830830705,BTCUSDT,bid,62800,536.114
1726830832702,BTCUSDT,bid,62800,536.1
1726830833834,BTCUSDT,bid,63500,708.456
1726830836805,BTCUSDT,bid,63500,708.459
1726830840822,BTCUSDT,bid,63000,628.444
1726830845148,BTCUSDT,bid,63000,628.442
1726830847303,BTCUSDT,bid,62800,536.096
1726830849245,BTCUSDT,bid,63500,705.709
1726830849755,BTCUSDT,bid,63500,705.787
1726830851925,BTCUSDT,bid,63000,628.449
1726830852736,BTCUSDT,bid,63000,628.453
1726830853055,BTCUSDT,bid,63500,705.837
1726830855730,BTCUSDT,bid,63500,706.412
1726830855954,BTCUSDT,bid,63000,628.458
1726830860273,BTCUSDT,bid,63000,628.428
1726830867554,BTCUSDT,bid,62900,509.3
1726830868683,BTCUSDT,bid,63500,706.415
1726830873710,BTCUSDT,bid,63400,502.759
1726830874118,BTCUSDT,bid,63500,706.422
1726830879604,BTCUSDT,bid,63500,706.522
1726830880426,BTCUSDT,bid,63500,706.498
1726830884827,BTCUSDT,bid,63000,628.438
1726830886405,BTCUSDT,bid,63000,628.396
1726830891253,BTCUSDT,bid,63500,706.501
1726830895286,BTCUSDT,bid,63500,706.506
1726830896718,BTCUSDT,bid,63500,702.506
1726830899679,BTCUSDT,bid,63500,702.533
1726830902134,BTCUSDT,bid,63000,628.391
1726830902852,BTCUSDT,bid,62900,509.29
1726830902953,BTCUSDT,bid,62800,536.11
1726830904997,BTCUSDT,bid,62800,536.096
1726830905810,BTCUSDT,bid,63400,506.759
1726830913010,BTCUSDT,bid,63400,506.799
1726830916005,BTCUSDT,bid,63000,628.387
1726830917146,BTCUSDT,bid,63500,701.958
1726830918507,BTCUSDT,bid,63500,701.998
1726830919014,BTCUSDT,bid,63500,701.958
1726830919840,BTCUSDT,bid,63500,701.88
1726830922179,BTCUSDT,bid,62800,535.937
1726830923198,BTCUSDT,bid,63500,701.883
1726830923711,BTCUSDT,bid,63500,701.88
1726830947857,BTCUSDT,bid,63500,701.88
1726830949393,BTCUSDT,bid,63000,628.391
1726830950631,BTCUSDT,bid,63400,506.802
1726830951143,BTCUSDT,bid,63000,628.395
1726830956403,BTCUSDT,bid,63500,701.881
1726830959145,BTCUSDT,bid,63400,507.302
1726830960071,BTCUSDT,bid,62900,509.295
1726830963037,BTCUSDT,bid,63500,701.883
1726830963752,BTCUSDT,bid,63400,507.299
1726830968267,BTCUSDT,bid,63500,701.908
1726830968366,BTCUSDT,bid,63500,701.898
1726830969589,BTCUSDT,bid,62800,535.947
1726830970102,BTCUSDT,bid,62800,535.91
1726830974492,BTCUSDT,bid,63000,628.347
1726830974584,BTCUSDT,bid,63500,701.934
1726830976026,BTCUSDT,bid,63500,701.958
1726830976336,BTCUSDT,bid,63500,701.974
1726830976948,BTCUSDT,bid,63500,702.131
1726830978381,BTCUSDT,bid,63400,507.359
1726830979092,BTCUSDT,bid,63500,701.752
1726830980116,BTCUSDT,bid,63500,701.761
1726830981037,BTCUSDT,bid,63500,701.46
1726830981137,BTCUSDT,bid,63500,701.764
1726830982062,BTCUSDT,bid,63500,701.46
1726830983938,BTCUSDT,bid,63500,701.458
1726830984040,BTCUSDT,bid,63500,701.758
1726830985088,BTCUSDT,bid,63500,701.758
1726830986109,BTCUSDT,bid,63500,701.458
1726830986722,BTCUSDT,bid,63400,507.357
1726830987235,BTCUSDT,bid,63500,701.743
1726830988063,BTCUSDT,bid,63500,701.454
1726830988366,BTCUSDT,bid,63500,701.457
1726830989406,BTCUSDT,bid,63500,701.457
1726830989615,BTCUSDT,bid,63500,701.457
1726830989717,BTCUSDT,bid,63500,701.454
1726830990123,BTCUSDT,bid,63500,525.651
1726830990221,BTCUSDT,bid,63500,525.723
1726830990327,BTCUSDT,bid,63500,525.047
1726830990426,BTCUSDT,bid,63500,525.05
1726830990530,BTCUSDT,bid,63500,525.044
1726830990633,BTCUSDT,bid,63500,525.018
1726830990735,BTCUSDT,bid,63500,525.012
1726830990835,BTCUSDT,bid,63500,524.939
1726830990936,BTCUSDT,bid,63500,524.949
1726830991039,BTCUSDT,bid,63500,524.843
1726830991140,BTCUSDT,bid,63500,523.333
1726830991245,BTCUSDT,bid,63500,523.097
1726830991347,BTCUSDT,bid,63500,523.095
1726830991450,BTCUSDT,bid,63500,522.99
1726830991550,BTCUSDT,bid,63500,522.993
1726830991653,BTCUSDT,bid,63500,522.994
1726830991753,BTCUSDT,bid,63500,522.987
1726830991857,BTCUSDT,bid,63500,522.968
1726830991958,BTCUSDT,bid,63500,522.751
1726830992059,BTCUSDT,bid,63000,628.547
1726830992160,BTCUSDT,bid,63500,499.697
1726830992467,BTCUSDT,bid,63400,507.363
1726830992467,BTCUSDT,bid,63500,499.685
1726830992874,BTCUSDT,bid,63500,499.689
1726830992981,BTCUSDT,bid,63500,499.69
1726830993695,BTCUSDT,bid,63500,499.748
1726830994629,BTCUSDT,bid,63500,499.779
1726830996072,BTCUSDT,bid,63500,496.035
1726830996171,BTCUSDT,bid,63500,496.359
1726830996277,BTCUSDT,bid,63500,496.272
1726830996482,BTCUSDT,bid,63500,496.272
1726830996591,BTCUSDT,bid,63500,496.275
1726830996796,BTCUSDT,bid,63500,496.516
1726830996897,BTCUSDT,bid,63500,496.516
1726830997199,BTCUSDT,bid,63500,496.229
1726830997508,BTCUSDT,bid,63500,496.215
1726831001115,BTCUSDT,bid,63500,496.943
1726831002457,BTCUSDT,bid,62800,535.912
1726831003179,BTCUSDT,bid,63500,496.643
1726831004003,BTCUSDT,bid,63500,496.727
1726831004835,BTCUSDT,bid,63500,496.827
1726831005139,BTCUSDT,bid,63500,496.727
1726831008037,BTCUSDT,bid,63000,628.549
1726831009402,BTCUSDT,bid,63500,496.643
1726831011772,BTCUSDT,bid,63500,495.679
1726831011979,BTCUSDT,bid,63500,501.38
1726831012402,BTCUSDT,bid,63400,507.357
1726831013746,BTCUSDT,bid,63500,498.525
1726831014455,BTCUSDT,bid,63500,498.256
1726831015188,BTCUSDT,bid,63500,498.254
1726831015503,BTCUSDT,bid,63500,498.25
1726831016419,BTCUSDT,bid,63500,498.351
1726831018787,BTCUSDT,bid,63500,501.473
1726831018886,BTCUSDT,bid,63500,498.351
1726831020726,BTCUSDT,bid,63500,498.344
1726831021767,BTCUSDT,bid,63500,501.348
1726831021975,BTCUSDT,bid,63500,498.344
1726831022385,BTCUSDT,bid,63500,498.351
1726831024237,BTCUSDT,bid,63500,498.336
1726831025170,BTCUSDT,bid,63500,500.728
1726831025681,BTCUSDT,bid,63500,497.603
1726831026402,BTCUSDT,bid,62800,535.914
1726831026815,BTCUSDT,bid,63500,497.683
1726831027970,BTCUSDT,bid,63500,497.623
1726831028372,BTCUSDT,bid,63500,498.172
1726831030825,BTCUSDT,bid,63500,498.172
1726831031228,BTCUSDT,bid,63500,498.492
1726831031331,BTCUSDT,bid,63500,498.172
1726831037352,BTCUSDT,bid,63500,498.178
1726831039389,BTCUSDT,bid,63500,498.218
1726831039902,BTCUSDT,bid,63500,498.178
1726831046803,BTCUSDT,bid,63500,498.181
1726831047616,BTCUSDT,bid,62900,537.558
1726831048121,BTCUSDT,bid,62900,538.344
1726831049854,BTCUSDT,bid,63000,628.707
1726831052001,BTCUSDT,bid,63000,628.718
1726831066288,BTCUSDT,bid,63000,628.688
1726831069162,BTCUSDT,bid,62900,539.136
1726831071940,BTCUSDT,bid,63500,498.15
1726831072760,BTCUSDT,bid,63500,498.165
1726831074091,BTCUSDT,bid,63500,498.065
1726831075835,BTCUSDT,bid,63500,493.065
1726831077073,BTCUSDT,bid,63500,493.067
1726831079538,BTCUSDT,bid,63500,493.139
1726831080562,BTCUSDT,bid,63500,493.202
1726831081480,BTCUSDT,bid,63400,507.4
1726831093338,BTCUSDT,bid,63500,493.152
1726831096749,BTCUSDT,bid,63000,628.685
1726831098787,BTCUSDT,bid,63000,628.653
1726831098895,BTCUSDT,bid,63500,493.161
1726831109276,BTCUSDT,bid,63000,628.675
1726831109790,BTCUSDT,bid,63500,493.178
1726831114017,BTCUSDT,bid,63400,507.36
1726831114017,BTCUSDT,bid,63500,493.183
1726831114423,BTCUSDT,bid,62900,510.082
1726831114730,BTCUSDT,bid,63500,493.215
1726831118202,BTCUSDT,bid,63400,507.26
1726831120780,BTCUSDT,bid,63500,493.217
1726831121494,BTCUSDT,bid,63500,493.22
1726831125734,BTCUSDT,bid,63500,493.311
1726831127467,BTCUSDT,bid,62800,535.919
1726831127768,BTCUSDT,bid,63500,490.465
1726831128385,BTCUSDT,bid,63500,490.469
1726831128795,BTCUSDT,bid,63000,628.684
1726831129508,BTCUSDT,bid,63400,507.15
1726831129508,BTCUSDT,bid,63500,490.578
1726831135261,BTCUSDT,bid,63500,490.735
1726831136079,BTCUSDT,bid,63000,628.682
1726831137508,BTCUSDT,bid,63500,490.829
1726831139036,BTCUSDT,bid,63500,491.343
1726831152258,BTCUSDT,bid,63000,628.713
1726831153597,BTCUSDT,bid,63000,629.713
1726831155965,BTCUSDT,bid,63000,628.713
1726831156479,BTCUSDT,bid,63400,507.16
1726831158415,BTCUSDT,bid,62800,535.917
1726831159430,BTCUSDT,bid,62900,538.344
1726831159430,BTCUSDT,bid,63500,491.583
1726831159632,BTCUSDT,bid,62900,509.295
1726831159734,BTCUSDT,bid,62900,537.558
1726831160648,BTCUSDT,bid,62900,536.772
1726831161057,BTCUSDT,bid,63400,507.066
1726831163806,BTCUSDT,bid,63000,628.715
1726831165254,BTCUSDT,bid,63500,491.705
1726831165357,BTCUSDT,bid,63500,491.604
1726831167003,BTCUSDT,bid,62900,509.939
1726831167110,BTCUSDT,bid,63500,491.606
1726831167515,BTCUSDT,bid,63500,491.534
1726831167616,BTCUSDT,bid,63500,491.537
1726831170479,BTCUSDT,bid,63000,628.584
1726831171713,BTCUSDT,bid,63500,491.535
1726831191212,BTCUSDT,bid,63500,491.378
1726831198969,BTCUSDT,bid,63500,491.375
1726831199177,BTCUSDT,bid,63000,628.584
1726831201414,BTCUSDT,bid,63500,491.384
1726831201515,BTCUSDT,bid,63500,491.386
1726831202032,BTCUSDT,bid,63500,491.388
1726831203672,BTCUSDT,bid,63500,491.356
1726831219946,BTCUSDT,bid,63500,491.36
1726831222207,BTCUSDT,bid,63500,491.266
1726831222619,BTCUSDT,bid,63500,491.251
1726831226653,BTCUSDT,bid,63500,491.29
1726831229925,BTCUSDT,bid,63000,628.332
1726831230026,BTCUSDT,bid,63500,491.288
1726831237519,BTCUSDT,bid,63500,491.329
1726831238550,BTCUSDT,bid,63400,507.666
1726831239580,BTCUSDT,bid,63400,507.066
1726831252370,BTCUSDT,bid,63000,628.335
1726831253611,BTCUSDT,bid,63500,486.585
1726831262581,BTCUSDT,bid,63400,506.966
1726831290509,BTCUSDT,bid,63400,506.919
1726831292245,BTCUSDT,bid,63000,628.327
1726831301179,BTCUSDT,bid,63400,506.921
1726831301384,BTCUSDT,bid,63400,506.919
1726831301690,BTCUSDT,bid,63400,506.921
1726831301904,BTCUSDT,bid,63400,506.919
1726831302418,BTCUSDT,bid,63400,506.921
1726831302625,BTCUSDT,bid,63400,506.919
1726831303448,BTCUSDT,bid,63400,506.921
1726831303653,BTCUSDT,bid,63400,506.919
1726831323728,BTCUSDT,bid,63000,628.296
1726831323823,BTCUSDT,bid,63000,628.346
1726831346106,BTCUSDT,bid,63000,628.286
1726831356934,BTCUSDT,bid,63400,506.766
1726831372185,BTCUSDT,bid,63000,628.271
1726831378577,BTCUSDT,bid,63000,628.253
1726831403379,BTCUSDT,bid,63000,628.256
1726831403379,BTCUSDT,bid,63400,506.769
1726831422388,BTCUSDT,bid,63000,628.192
1726831431905,BTCUSDT,bid,63000,628.184
1726831468553,BTCUSDT,bid,63000,628.182
1726831491204,BTCUSDT,bid,63000,628.175
1726831492125,BTCUSDT,bid,63000,628.177
1726831505771,BTCUSDT,bid,63400,507.241
1726831521989,BTCUSDT,bid,63400,506.769
1726831529395,BTCUSDT,bid,63000,628.208
1726831529809,BTCUSDT,bid,62800,535.919
1726831537092,BTCUSDT,bid,62900,509.941
1726831569076,BTCUSDT,bid,63000,628.21
1726831578674,BTCUSDT,bid,62800,595.919
1726831603044,BTCUSDT,bid,62800,595.953
1726831618156,BTCUSDT,bid,63400,506.809
1726831618668,BTCUSDT,bid,63400,506.769
1726831626555,BTCUSDT,bid,63000,628.218
1726831628294,BTCUSDT,bid,63000,628.224
1726831636119,BTCUSDT,bid,63000,628.131
1726831648105,BTCUSDT,bid,63400,506.776
1726831653928,BTCUSDT,bid,62800,595.853
1726831657141,BTCUSDT,bid,62800,595.956
1726831669103,BTCUSDT,bid,63000,628.138
1726831669408,BTCUSDT,bid,63400,506.774
1726831671760,BTCUSDT,bid,63400,506.789
1726831671861,BTCUSDT,bid,63400,506.791
1726831672167,BTCUSDT,bid,63400,506.796
1726831673090,BTCUSDT,bid,63400,506.781
1726831677890,BTCUSDT,bid,63000,628.144
1726831678199,BTCUSDT,bid,62900,509.947
1726831685261,BTCUSDT,bid,63000,628.146
1726831697322,BTCUSDT,bid,63400,506.801
1726831697939,BTCUSDT,bid,62900,509.954
1726831702141,BTCUSDT,bid,62800,595.963
1726831702249,BTCUSDT,bid,62800,596.053
1726831704111,BTCUSDT,bid,63400,510.015
1726831705445,BTCUSDT,bid,62800,596.055
1726831705445,BTCUSDT,bid,63400,510.356
1726831705546,BTCUSDT,bid,63400,510.015
1726831705648,BTCUSDT,bid,63000,611.271
1726831706865,BTCUSDT,bid,63400,510.007
1726831706967,BTCUSDT,bid,63400,510.043
1726831709325,BTCUSDT,bid,63000,611.226
1726831711067,BTCUSDT,bid,63400,510.045
1726831712922,BTCUSDT,bid,63400,510.068
1726831715897,BTCUSDT,bid,63400,510.313
1726831720291,BTCUSDT,bid,63000,611.126
1726831720696,BTCUSDT,bid,63000,612.219
1726831721932,BTCUSDT,bid,63400,510.31
1726831723468,BTCUSDT,bid,63400,510.51
1726831726554,BTCUSDT,bid,63000,612.063
1726831730431,BTCUSDT,bid,63400,510.31
1726831731054,BTCUSDT,bid,63400,510.313
1726831735068,BTCUSDT,bid,63400,510.336
1726831735374,BTCUSDT,bid,63400,510.438
1726831743177,BTCUSDT,bid,63000,611.963
1726831748925,BTCUSDT,bid,63400,510.402
1726831751994,BTCUSDT,bid,63000,611.966
1726831760565,BTCUSDT,bid,63400,510.404
1726831764778,BTCUSDT,bid,63400,510.451
1726831767247,BTCUSDT,bid,63000,613.217
1726831767452,BTCUSDT,bid,63400,510.404
1726831769502,BTCUSDT,bid,63400,510.406
1726831769805,BTCUSDT,bid,63400,510.404
1726831770616,BTCUSDT,bid,63000,613.26
1726831771023,BTCUSDT,bid,63400,510.41
1726831774427,BTCUSDT,bid,63400,510.433
1726831779253,BTCUSDT,bid,63000,613.266
1726831779358,BTCUSDT,bid,63000,612.987
1726831791804,BTCUSDT,bid,63400,510.774
1726831792923,BTCUSDT,bid,63400,510.433
1726831794262,BTCUSDT,bid,63400,510.482
1726831799378,BTCUSDT,bid,63400,510.49
1726831800813,BTCUSDT,bid,63400,510.528
1726831807905,BTCUSDT,bid,63400,510.723
1726831815513,BTCUSDT,bid,63000,612.996
1726831817443,BTCUSDT,bid,63000,612.986
1726831825344,BTCUSDT,bid,63400,510.717
1726831834188,BTCUSDT,bid,63000,612.996
1726831835560,BTCUSDT,bid,63000,612.994
1726831837309,BTCUSDT,bid,63400,511.489
1726831840172,BTCUSDT,bid,63000,613.031
1726831841002,BTCUSDT,bid,63400,511.689
1726831841304,BTCUSDT,bid,63400,511.692
1726831848538,BTCUSDT,bid,63000,613.189
1726831864575,BTCUSDT,bid,63400,511.892
1726831865003,BTCUSDT,bid,63400,511.896
1726831883323,BTCUSDT,bid,63400,511.923
1726831883630,BTCUSDT,bid,63000,612.978
1726831885663,BTCUSDT,bid,62900,536.73
1726831887000,BTCUSDT,bid,63400,511.921
1726831887715,BTCUSDT,bid,63000,612.985
1726831887915,BTCUSDT,bid,63400,512.121
1726831888327,BTCUSDT,bid,63000,612.987
1726831888327,BTCUSDT,bid,63400,512.113
1726831892832,BTCUSDT,bid,63400,512.16
1726831892942,BTCUSDT,bid,63400,512.912
1726831893145,BTCUSDT,bid,63000,613.002
1726831893353,BTCUSDT,bid,63400,512.865
1726831893654,BTCUSDT,bid,63000,611.751
1726831893768,BTCUSDT,bid,63400,512.912
1726831893977,BTCUSDT,bid,63400,512.948
1726831894394,BTCUSDT,bid,63400,512.901
1726831894807,BTCUSDT,bid,63400,512.948
1726831895008,BTCUSDT,bid,63400,512.912
1726831895824,BTCUSDT,bid,63400,512.865
1726831896042,BTCUSDT,bid,63400,512.912
1726831896761,BTCUSDT,bid,63400,512.919
1726831897776,BTCUSDT,bid,63400,512.872
1726831898504,BTCUSDT,bid,63400,512.834
1726831908312,BTCUSDT,bid,63400,512.082
1726831908413,BTCUSDT,bid,63400,511.582
1726831909854,BTCUSDT,bid,63400,511.59
1726831915363,BTCUSDT,bid,63400,511.79
1726831915887,BTCUSDT,bid,63400,511.819
1726831917015,BTCUSDT,bid,63000,611.594
1726831917221,BTCUSDT,bid,63000,610.501
1726831917323,BTCUSDT,bid,63400,511.989
1726831917424,BTCUSDT,bid,63400,511.819
1726831919681,BTCUSDT,bid,63400,511.821
1726831922956,BTCUSDT,bid,63400,511.861
1726831925029,BTCUSDT,bid,63400,511.821
1726831928291,BTCUSDT,bid,63000,610.525
1726831928902,BTCUSDT,bid,63400,512.573
1726831930030,BTCUSDT,bid,63400,512.573
1726831933009,BTCUSDT,bid,63400,512.643
1726831938306,BTCUSDT,bid,63400,512.573
1726831938514,BTCUSDT,bid,63000,610.613
1726831939436,BTCUSDT,bid,63400,512.373
1726831947114,BTCUSDT,bid,63000,610.675
1726831948026,BTCUSDT,bid,63400,512.846
1726831950494,BTCUSDT,bid,63400,512.373
1726831951505,BTCUSDT,bid,63400,512.376
1726831951606,BTCUSDT,bid,63400,512.373
1726831955406,BTCUSDT,bid,63000,610.679
1726831957184,BTCUSDT,bid,63400,512.186
1726831967845,BTCUSDT,bid,63400,512.178
1726831969188,BTCUSDT,bid,63000,610.692
1726831969696,BTCUSDT,bid,63400,512.176
1726831972264,BTCUSDT,bid,63400,513.116
1726831972467,BTCUSDT,bid,63400,512.176
1726831972676,BTCUSDT,bid,63400,512.176
1726831973005,BTCUSDT,bid,63400,513.765
1726831973105,BTCUSDT,bid,63400,514.085
1726831973212,BTCUSDT,bid,63400,513.765
1726831973420,BTCUSDT,bid,63000,610.63
1726831974668,BTCUSDT,bid,63400,513.787
1726831978040,BTCUSDT,bid,63000,610.608
1726831978040,BTCUSDT,bid,63400,514.008
1726831979588,BTCUSDT,bid,63400,514.061
1726831980514,BTCUSDT,bid,63000,610.611
1726831981126,BTCUSDT,bid,63400,514.01
1726831982144,BTCUSDT,bid,63400,513.987
1726831982242,BTCUSDT,bid,63400,512.398
1726831983162,BTCUSDT,bid,63000,610.711
1726831984079,BTCUSDT,bid,63400,512.429
1726831985015,BTCUSDT,bid,63000,610.748
1726831986959,BTCUSDT,bid,63000,610.792
1726831987165,BTCUSDT,bid,63400,512.437
1726831987370,BTCUSDT,bid,63400,511.685
1726831987661,BTCUSDT,bid,63000,610.802
1726831989310,BTCUSDT,bid,63400,511.683
1726831990022,BTCUSDT,bid,63400,512.623
1726831990121,BTCUSDT,bid,63400,511.675
1726831990328,BTCUSDT,bid,63400,512.055
1726831993681,BTCUSDT,bid,63400,511.792
1726831994304,BTCUSDT,bid,63400,511.789
1726831999555,BTCUSDT,bid,63400,511.794
1726832002135,BTCUSDT,bid,63000,610.723
1726832003172,BTCUSDT,bid,63400,511.578
1726832005626,BTCUSDT,bid,63400,511.841
1726832010688,BTCUSDT,bid,63400,511.686
1726832019532,BTCUSDT,bid,63400,511.717
1726832020254,BTCUSDT,bid,63000,610.844
1726832021073,BTCUSDT,bid,63400,512.568
1726832021275,BTCUSDT,bid,62900,537.73
1726832021799,BTCUSDT,bid,63400,512.563
1726832022723,BTCUSDT,bid,63400,515.567
1726832022823,BTCUSDT,bid,63400,512.563
1726832027211,BTCUSDT,bid,63400,510.191
1726832027313,BTCUSDT,bid,63400,510.196
1726832027416,BTCUSDT,bid,63400,510.398
1726832027517,BTCUSDT,bid,63400,510.398
1726832027617,BTCUSDT,bid,63400,510.527
1726832027720,BTCUSDT,bid,63400,510.597
1726832027818,BTCUSDT,bid,63400,510.595
1726832027923,BTCUSDT,bid,63400,510.545
1726832028024,BTCUSDT,bid,63400,510.545
1726832028128,BTCUSDT,bid,63400,510.084
1726832028328,BTCUSDT,bid,63400,509.875
1726832028428,BTCUSDT,bid,63400,509.865
1726832028532,BTCUSDT,bid,63400,509.873
1726832028636,BTCUSDT,bid,63400,509.79
1726832028736,BTCUSDT,bid,63400,510.578
1726832028843,BTCUSDT,bid,63400,510.546
1726832028942,BTCUSDT,bid,63400,510.496
1726832029045,BTCUSDT,bid,63400,509.56
1726832029144,BTCUSDT,bid,63400,509.562
1726832029244,BTCUSDT,bid,63400,509.639
1726832029347,BTCUSDT,bid,63400,509.631
1726832029450,BTCUSDT,bid,63400,509.701
1726832029554,BTCUSDT,bid,63400,509.821
1726832029657,BTCUSDT,bid,63400,509.821
1726832029760,BTCUSDT,bid,63400,504.991
1726832029864,BTCUSDT,bid,63400,505.606
1726832029965,BTCUSDT,bid,63400,504.946
1726832030079,BTCUSDT,bid,63400,504.582
1726832030282,BTCUSDT,bid,63400,504.741
1726832030379,BTCUSDT,bid,63400,503.297
1726832030481,BTCUSDT,bid,63400,503.274
1726832030587,BTCUSDT,bid,63400,503.266
1726832030692,BTCUSDT,bid,63400,504.456
1726832030795,BTCUSDT,bid,63400,507.949
1726832030897,BTCUSDT,bid,63400,508.003
1726832030999,BTCUSDT,bid,63400,507.998
1726832031200,BTCUSDT,bid,63400,502.437
1726832031404,BTCUSDT,bid,63400,502.42
1726832031504,BTCUSDT,bid,63400,502.404
1726832031809,BTCUSDT,bid,63400,502.409
1726832031910,BTCUSDT,bid,62900,536.73
1726832031910,BTCUSDT,bid,63400,502.404
1726832032530,BTCUSDT,bid,63400,502.402
1726832032629,BTCUSDT,bid,63400,502.413
1726832033040,BTCUSDT,bid,63400,501.627
1726832033141,BTCUSDT,bid,63400,504.515
1726832033344,BTCUSDT,bid,63400,504.528
1726832033446,BTCUSDT,bid,63400,501.64
1726832033749,BTCUSDT,bid,63400,501.638
1726832034256,BTCUSDT,bid,63400,501.532
1726832035403,BTCUSDT,bid,63400,501.652
1726832036427,BTCUSDT,bid,63400,501.123
1726832036530,BTCUSDT,bid,63400,501.163
1726832036732,BTCUSDT,bid,63400,501.245
1726832037042,BTCUSDT,bid,63400,501.54
1726832037245,BTCUSDT,bid,63400,501.772
1726832038067,BTCUSDT,bid,63400,501.479
1726832038164,BTCUSDT,bid,63400,501.477
1726832038272,BTCUSDT,bid,63400,501.479
1726832038558,BTCUSDT,bid,63400,501.481
1726832039193,BTCUSDT,bid,63400,501.481
1726832039398,BTCUSDT,bid,63400,501.479
1726832039499,BTCUSDT,bid,63400,501.247
1726832040110,BTCUSDT,bid,63400,501.247
1726832040214,BTCUSDT,bid,63400,501.249
1726832040316,BTCUSDT,bid,63400,501.247
1726832040418,BTCUSDT,bid,63400,501.249
1726832040520,BTCUSDT,bid,63400,501.247
1726832040624,BTCUSDT,bid,63400,501.251
1726832040824,BTCUSDT,bid,63400,501.22
1726832040927,BTCUSDT,bid,63400,501.222
1726832041137,BTCUSDT,bid,63400,501.22
1726832041445,BTCUSDT,bid,63400,501.212
1726832041954,BTCUSDT,bid,63400,501.277
1726832042056,BTCUSDT,bid,63400,504.193
1726832042156,BTCUSDT,bid,63400,501.48
1726832045323,BTCUSDT,bid,63400,501.48
1726832045936,BTCUSDT,bid,63400,501.28
1726832046039,BTCUSDT,bid,63400,501.595
1726832046142,BTCUSDT,bid,63000,610.841
1726832046142,BTCUSDT,bid,63400,501.28
1726832047069,BTCUSDT,bid,63400,501.28
1726832047684,BTCUSDT,bid,63000,610.81
1726832047894,BTCUSDT,bid,63400,501.148
1726832048098,BTCUSDT,bid,63400,501.148
1726832049027,BTCUSDT,bid,63400,504.404
1726832049126,BTCUSDT,bid,63400,501.148
1726832050064,BTCUSDT,bid,63400,501.148
1726832050166,BTCUSDT,bid,63400,501.165
1726832051098,BTCUSDT,bid,63400,501.165
1726832052026,BTCUSDT,bid,63400,501.48
1726832052123,BTCUSDT,bid,63400,501.165
1726832053054,BTCUSDT,bid,63400,501.165
1726832054082,BTCUSDT,bid,63400,501.165
1726832055011,BTCUSDT,bid,63400,501.48
1726832055112,BTCUSDT,bid,63400,501.165
1726832055833,BTCUSDT,bid,63400,501.11
1726832056039,BTCUSDT,bid,63400,501.425
1726832056141,BTCUSDT,bid,63400,501.178
1726832056958,BTCUSDT,bid,63400,501.18
1726832057064,BTCUSDT,bid,63400,501.18
1726832057683,BTCUSDT,bid,63400,501.178
1726832058400,BTCUSDT,bid,63400,500.978
1726832065259,BTCUSDT,bid,63400,501.028
1726832065576,BTCUSDT,bid,63400,501.035
1726832066081,BTCUSDT,bid,63400,501.18
1726832066791,BTCUSDT,bid,63400,501.18
1726832067099,BTCUSDT,bid,63400,501.028
1726832068340,BTCUSDT,bid,63400,501.048
1726832071844,BTCUSDT,bid,63400,501.028
1726832079035,BTCUSDT,bid,63000,610.847
1726832080075,BTCUSDT,bid,63400,501.15
1726832086223,BTCUSDT,bid,63400,501.158
1726832087476,BTCUSDT,bid,63400,501.156
1726832089023,BTCUSDT,bid,63400,501.16
1726832089435,BTCUSDT,bid,62900,536.83
1726832092614,BTCUSDT,bid,63400,501.072
1726832093630,BTCUSDT,bid,63400,497.858
1726832096312,BTCUSDT,bid,63400,497.978
1726832097537,BTCUSDT,bid,63400,497.86
1726832098765,BTCUSDT,bid,63000,610.81
1726832099272,BTCUSDT,bid,63400,497.873
1726832100712,BTCUSDT,bid,63400,486.113
1726832100914,BTCUSDT,bid,63400,486.053
1726832101016,BTCUSDT,bid,63400,486.084
1726832101116,BTCUSDT,bid,63400,485.753
1726832101218,BTCUSDT,bid,63400,485.747
1726832101320,BTCUSDT,bid,63400,485.717
1726832101421,BTCUSDT,bid,63400,485.76
1726832101523,BTCUSDT,bid,63400,485.832
1726832101731,BTCUSDT,bid,63400,485.813
1726832101814,BTCUSDT,bid,63400,485.808
1726832101945,BTCUSDT,bid,63400,485.808
1726832102046,BTCUSDT,bid,63400,485.642
1726832102146,BTCUSDT,bid,63400,485.903
1726832102255,BTCUSDT,bid,63400,485.917
1726832102459,BTCUSDT,bid,63400,485.88
1726832102579,BTCUSDT,bid,63400,485.929
1726832102676,BTCUSDT,bid,63400,485.928
1726832102781,BTCUSDT,bid,63400,485.926
1726832102969,BTCUSDT,bid,63400,485.931
1726832103094,BTCUSDT,bid,63400,487.167
1726832103196,BTCUSDT,bid,63400,487.098
1726832103298,BTCUSDT,bid,63400,487.366
1726832103402,BTCUSDT,bid,63400,486.823
1726832103505,BTCUSDT,bid,63400,486.15
1726832103605,BTCUSDT,bid,63400,486.15
1726832103708,BTCUSDT,bid,63400,486.69
1726832103812,BTCUSDT,bid,63400,486.106
1726832103911,BTCUSDT,bid,63400,486.094
1726832104015,BTCUSDT,bid,63400,486.093
1726832104117,BTCUSDT,bid,63000,610.816
1726832104117,BTCUSDT,bid,63400,486.726
1726832104220,BTCUSDT,bid,63400,486.096
1726832104322,BTCUSDT,bid,63400,486.098
1726832104424,BTCUSDT,bid,63400,486.093
1726832104520,BTCUSDT,bid,63400,486.115
1726832104623,BTCUSDT,bid,63400,486.115
1726832104938,BTCUSDT,bid,63400,486.035
1726832105045,BTCUSDT,bid,63400,486.031
1726832105152,BTCUSDT,bid,63400,485.827
1726832105254,BTCUSDT,bid,63400,485.825
1726832105357,BTCUSDT,bid,63400,485.798
1726832105454,BTCUSDT,bid,63400,485.718
1726832105558,BTCUSDT,bid,63400,485.5
1726832105765,BTCUSDT,bid,63400,486.063
1726832105867,BTCUSDT,bid,63400,486.063
1726832105971,BTCUSDT,bid,63400,486.074
1726832106078,BTCUSDT,bid,63400,486.037
1726832106180,BTCUSDT,bid,63400,485.952
1726832106284,BTCUSDT,bid,63400,485.958
1726832106385,BTCUSDT,bid,63400,485.977
1726832106487,BTCUSDT,bid,63400,485.979
1726832106587,BTCUSDT,bid,63400,485.977
1726832106693,BTCUSDT,bid,63400,485.957
1726832106793,BTCUSDT,bid,63400,485.982
1726832106903,BTCUSDT,bid,63400,485.417
1726832107104,BTCUSDT,bid,63400,485.982
1726832107205,BTCUSDT,bid,63400,485.984
1726832107305,BTCUSDT,bid,63400,486.0
1726832107410,BTCUSDT,bid,63400,486.264
1726832107510,BTCUSDT,bid,63400,486.341
1726832107615,BTCUSDT,bid,63400,486.341
1726832107719,BTCUSDT,bid,63400,486.339
1726832107935,BTCUSDT,bid,63400,486.335
1726832108036,BTCUSDT,bid,63400,486.335
1726832108136,BTCUSDT,bid,63400,485.475
1726832108240,BTCUSDT,bid,63400,485.27
1726832108336,BTCUSDT,bid,63400,485.172
1726832108443,BTCUSDT,bid,63400,484.052
1726832108539,BTCUSDT,bid,63400,483.831
1726832108650,BTCUSDT,bid,63400,484.946
1726832108754,BTCUSDT,bid,63400,484.374
1726832108859,BTCUSDT,bid,63400,484.376
1726832108962,BTCUSDT,bid,63400,483.297
1726832109064,BTCUSDT,bid,63400,483.86
1726832109167,BTCUSDT,bid,63400,483.855
1726832109269,BTCUSDT,bid,63400,483.293
1726832109372,BTCUSDT,bid,63400,482.429
1726832109472,BTCUSDT,bid,63400,482.427
1726832109575,BTCUSDT,bid,63400,482.202
1726832109675,BTCUSDT,bid,63400,482.285
1726832109775,BTCUSDT,bid,63400,482.289
1726832109882,BTCUSDT,bid,63400,482.287
1726832109988,BTCUSDT,bid,63400,481.926
1726832110089,BTCUSDT,bid,63400,481.757
1726832110182,BTCUSDT,bid,63400,481.761
1726832110291,BTCUSDT,bid,63400,481.758
1726832110394,BTCUSDT,bid,63400,481.76
1726832110502,BTCUSDT,bid,63400,481.763
1726832110605,BTCUSDT,bid,63400,481.83
1726832110704,BTCUSDT,bid,63400,481.814
1726832110810,BTCUSDT,bid,63400,483.016
1726832110911,BTCUSDT,bid,63400,482.303
1726832111014,BTCUSDT,bid,63400,482.288
1726832111114,BTCUSDT,bid,63400,482.146
1726832111218,BTCUSDT,bid,63400,482.235
1726832111316,BTCUSDT,bid,63400,483.366
1726832111416,BTCUSDT,bid,63400,483.351
1726832111528,BTCUSDT,bid,63400,481.118
1726832111629,BTCUSDT,bid,63400,481.117
1726832111830,BTCUSDT,bid,63400,480.74
1726832111935,BTCUSDT,bid,63400,480.472
1726832112041,BTCUSDT,bid,63400,480.419
1726832112143,BTCUSDT,bid,63400,480.417
1726832112229,BTCUSDT,bid,63400,480.412
1726832112355,BTCUSDT,bid,63400,480.405
1726832112456,BTCUSDT,bid,63400,480.396
1726832112558,BTCUSDT,bid,63400,480.398
1726832112659,BTCUSDT,bid,63400,480.401
1726832112760,BTCUSDT,bid,63400,480.32
1726832112959,BTCUSDT,bid,63400,480.311
1726832113071,BTCUSDT,bid,63400,480.31
1726832113172,BTCUSDT,bid,63400,480.312
1726832113381,BTCUSDT,bid,63400,480.31
1726832113483,BTCUSDT,bid,63400,480.312
1726832113580,BTCUSDT,bid,63400,480.312
1726832113681,BTCUSDT,bid,63400,480.389
1726832113892,BTCUSDT,bid,63400,480.322
1726832114708,BTCUSDT,bid,63400,474.75
1726832114812,BTCUSDT,bid,63400,475.265
1726832114915,BTCUSDT,bid,63400,475.111
1726832115008,BTCUSDT,bid,63400,475.112
1726832115116,BTCUSDT,bid,63400,474.958
1726832115220,BTCUSDT,bid,63400,475.083
1726832115322,BTCUSDT,bid,63400,475.079
1726832115425,BTCUSDT,bid,63400,475.066
1726832115528,BTCUSDT,bid,63400,475.139
1726832115630,BTCUSDT,bid,63400,475.1
1726832115834,BTCUSDT,bid,63400,474.231
1726832115933,BTCUSDT,bid,63400,474.151
1726832123168,BTCUSDT,bid,63000,610.831
1726832143828,BTCUSDT,bid,62900,536.485
1726832145771,BTCUSDT,bid,63000,610.828
1726832151411,BTCUSDT,bid,63000,610.928
1726832153248,BTCUSDT,bid,63000,610.967
1726832155714,BTCUSDT,bid,62900,536.168
1726832164405,BTCUSDT,bid,63000,610.957
1726832164714,BTCUSDT,bid,63000,610.913
1726832167069,BTCUSDT,bid,63000,610.92
1726832170355,BTCUSDT,bid,63000,610.82
1726832178621,BTCUSDT,bid,63000,610.63
1726832184445,BTCUSDT,bid,63000,610.559
1726832191493,BTCUSDT,bid,63000,610.567
1726832193336,BTCUSDT,bid,62900,506.168
1726832201443,BTCUSDT,bid,63000,610.612
1726832216116,BTCUSDT,bid,63000,610.597
1726832216827,BTCUSDT,bid,63000,611.578
1726832228303,BTCUSDT,bid,63300,517.83
1726832231185,BTCUSDT,bid,63300,517.835
1726832234310,BTCUSDT,bid,63300,517.76
1726832235854,BTCUSDT,bid,63000,611.58
1726832236870,BTCUSDT,bid,63300,518.727
1726832238526,BTCUSDT,bid,63300,518.725
1726832248454,BTCUSDT,bid,63300,518.694
1726832250854,BTCUSDT,bid,63300,518.667
1726832254253,BTCUSDT,bid,63300,518.632
1726832259719,BTCUSDT,bid,63300,518.626
1726832265921,BTCUSDT,bid,63300,517.659
1726832293669,BTCUSDT,bid,63300,517.538
1726832298191,BTCUSDT,bid,63300,517.638
1726832299443,BTCUSDT,bid,63300,520.688
1726832302405,BTCUSDT,bid,63300,520.811
1726832302508,BTCUSDT,bid,63300,520.69
1726832315791,BTCUSDT,bid,63300,520.631
1726832317220,BTCUSDT,bid,63300,520.581
1726832327058,BTCUSDT,bid,63300,520.587
1726832329809,BTCUSDT,bid,63200,646.044
1726832331031,BTCUSDT,bid,63300,520.634
1726832333702,BTCUSDT,bid,63300,520.628
1726832339042,BTCUSDT,bid,63300,520.64
1726832340798,BTCUSDT,bid,63300,520.765
1726832343661,BTCUSDT,bid,63300,520.77
1726832343859,BTCUSDT,bid,63300,520.779
1726832347344,BTCUSDT,bid,63200,646.047
1726832349397,BTCUSDT,bid,63300,520.864
1726832356983,BTCUSDT,bid,63300,520.858
1726832357492,BTCUSDT,bid,63300,520.78
1726832358815,BTCUSDT,bid,63300,520.768
1726832360858,BTCUSDT,bid,63200,646.127
1726832373208,BTCUSDT,bid,63300,520.763
1726832390994,BTCUSDT,bid,63300,521.033
1726832391402,BTCUSDT,bid,63300,521.114
1726832393850,BTCUSDT,bid,63300,521.134
1726832397654,BTCUSDT,bid,63300,521.212
1726832398601,BTCUSDT,bid,63300,521.192
1726832403703,BTCUSDT,bid,63200,646.238
1726832405863,BTCUSDT,bid,63300,521.232
1726832406362,BTCUSDT,bid,63300,521.192
1726832407402,BTCUSDT,bid,63200,646.24
1726832408929,BTCUSDT,bid,63300,521.208
1726832420440,BTCUSDT,bid,63300,521.21
1726832427217,BTCUSDT,bid,63300,521.652
1726832427528,BTCUSDT,bid,63300,521.658
1726832430812,BTCUSDT,bid,63300,521.236
1726832431118,BTCUSDT,bid,63200,646.297
1726832432232,BTCUSDT,bid,63300,521.238
1726832435492,BTCUSDT,bid,63300,522.238
1726832437850,BTCUSDT,bid,63300,522.198
1726832441126,BTCUSDT,bid,63300,522.402
1726832442751,BTCUSDT,bid,63200,646.299
1726832443056,BTCUSDT,bid,63200,646.399
1726832443257,BTCUSDT,bid,63200,646.397
1726832443257,BTCUSDT,bid,63300,522.702
1726832443565,BTCUSDT,bid,63200,646.399
1726832443565,BTCUSDT,bid,63300,522.382
1726832444072,BTCUSDT,bid,63300,522.432
1726832448056,BTCUSDT,bid,63300,522.407
1726832448461,BTCUSDT,bid,63300,522.548
1726832448569,BTCUSDT,bid,63200,646.319
1726832449903,BTCUSDT,bid,63200,646.317
1726832451844,BTCUSDT,bid,63200,646.319
1726832453072,BTCUSDT,bid,63300,526.548
1726832453476,BTCUSDT,bid,63300,526.541
1726832453799,BTCUSDT,bid,63300,522.541
1726832454510,BTCUSDT,bid,63200,646.326
1726832454510,BTCUSDT,bid,63300,522.546
1726832456768,BTCUSDT,bid,63200,646.276
1726832457479,BTCUSDT,bid,63300,522.549
1726832458404,BTCUSDT,bid,63200,646.274
1726832458707,BTCUSDT,bid,63300,522.552
1726832458808,BTCUSDT,bid,63300,522.59
1726832459011,BTCUSDT,bid,63300,522.552
1726832459417,BTCUSDT,bid,63300,522.549
1726832465338,BTCUSDT,bid,63300,522.574
1726832466253,BTCUSDT,bid,63200,646.289
1726832470040,BTCUSDT,bid,63300,522.524
1726832472590,BTCUSDT,bid,63300,522.514
1726832474118,BTCUSDT,bid,63300,522.357
1726832483328,BTCUSDT,bid,63300,522.337
1726832483428,BTCUSDT,bid,63200,646.502
1726832487000,BTCUSDT,bid,63200,646.505
1726832488741,BTCUSDT,bid,63300,522.346
1726832492929,BTCUSDT,bid,63300,522.321
1726832494761,BTCUSDT,bid,63300,522.555
1726832495485,BTCUSDT,bid,63300,522.566
1726832496915,BTCUSDT,bid,63300,522.644
1726832499976,BTCUSDT,bid,63300,522.692
1726832502716,BTCUSDT,bid,63200,646.448
1726832506631,BTCUSDT,bid,63300,522.694
1726832507257,BTCUSDT,bid,63300,522.744
1726832508177,BTCUSDT,bid,63300,522.844
1726832509194,BTCUSDT,bid,63300,522.687
1726832515957,BTCUSDT,bid,63300,522.637
1726832516375,BTCUSDT,bid,63300,522.64
1726832518422,BTCUSDT,bid,63300,522.65
1726832518935,BTCUSDT,bid,63300,522.195
1726832521724,BTCUSDT,bid,63200,646.449
1726832522033,BTCUSDT,bid,63200,646.607
1726832523058,BTCUSDT,bid,63300,522.245
1726832525063,BTCUSDT,bid,63300,522.195
1726832526099,BTCUSDT,bid,63300,522.245
1726832528149,BTCUSDT,bid,63300,522.242
1726832528454,BTCUSDT,bid,63200,646.021
1726832529796,BTCUSDT,bid,63300,522.192
1726832531116,BTCUSDT,bid,63300,522.251
1726832533404,BTCUSDT,bid,63300,522.299
1726832533605,BTCUSDT,bid,63200,646.015
1726832533605,BTCUSDT,bid,63300,522.293
1726832534731,BTCUSDT,bid,63200,646.001
1726832535260,BTCUSDT,bid,63200,645.901
1726832550012,BTCUSDT,bid,63300,522.152
1726832550936,BTCUSDT,bid,63300,522.102
1726832553486,BTCUSDT,bid,63300,522.092
1726832555129,BTCUSDT,bid,63300,522.092
1726832556455,BTCUSDT,bid,63300,521.908
1726832562083,BTCUSDT,bid,63300,522.065
1726832562489,BTCUSDT,bid,63300,522.096
1726832564631,BTCUSDT,bid,63300,522.096
1726832564731,BTCUSDT,bid,63200,645.905
1726832565346,BTCUSDT,bid,63200,645.901
1726832570784,BTCUSDT,bid,63300,522.091
1726832574274,BTCUSDT,bid,63200,645.704
1726832575181,BTCUSDT,bid,63200,646.02
1726832576119,BTCUSDT,bid,63300,522.089
1726832578774,BTCUSDT,bid,63300,522.042
1726832586049,BTCUSDT,bid,63200,646.022
1726832586150,BTCUSDT,bid,63200,646.02
1726832589909,BTCUSDT,bid,63200,646.022
1726832590525,BTCUSDT,bid,63200,646.037
1726832591656,BTCUSDT,bid,63200,646.035
1726832592167,BTCUSDT,bid,63300,522.064
1726832597907,BTCUSDT,bid,63300,522.91
1726832598820,BTCUSDT,bid,63300,522.851
1726832600052,BTCUSDT,bid,63300,523.141
1726832600360,BTCUSDT,bid,63200,646.323
1726832602708,BTCUSDT,bid,63200,646.336
1726832604454,BTCUSDT,bid,63200,646.252
1726832606103,BTCUSDT,bid,63300,523.091
1726832622147,BTCUSDT,bid,63300,523.091
1726832623057,BTCUSDT,bid,63300,522.966
1726832623670,BTCUSDT,bid,63300,522.968
1726832636455,BTCUSDT,bid,63300,523.018
1726832638895,BTCUSDT,bid,63300,523.02
1726832640837,BTCUSDT,bid,63300,523.018
1726832641141,BTCUSDT,bid,63300,522.076
1726832641341,BTCUSDT,bid,63300,522.076
1726832641444,BTCUSDT,bid,63300,522.089
1726832642254,BTCUSDT,bid,63200,645.753
1726832648002,BTCUSDT,bid,63300,522.089
1726832650245,BTCUSDT,bid,63200,645.502
1726832650347,BTCUSDT,bid,63300,522.087
1726832651264,BTCUSDT,bid,63200,645.499
1726832657723,BTCUSDT,bid,63300,522.152
1726832658225,BTCUSDT,bid,63200,645.484
1726832665282,BTCUSDT,bid,63200,645.541
1726832665993,BTCUSDT,bid,63300,522.134
1726832668545,BTCUSDT,bid,63300,522.188
1726832668955,BTCUSDT,bid,63200,645.606
1726832672445,BTCUSDT,bid,63200,645.203
1726832674805,BTCUSDT,bid,63200,645.22
1726832674805,BTCUSDT,bid,63300,522.202
1726832675222,BTCUSDT,bid,63300,522.205
1726832677403,BTCUSDT,bid,63300,522.202
1726832677920,BTCUSDT,bid,63300,522.308
1726832679567,BTCUSDT,bid,63300,522.3
1726832680180,BTCUSDT,bid,63300,522.418
1726832681930,BTCUSDT,bid,63300,522.42
1726832682031,BTCUSDT,bid,63200,645.222
1726832683894,BTCUSDT,bid,63200,645.22
1726832683993,BTCUSDT,bid,63300,523.006
1726832684707,BTCUSDT,bid,63300,522.366
1726832686257,BTCUSDT,bid,63300,522.839
1726832686895,BTCUSDT,bid,63200,645.22
1726832687509,BTCUSDT,bid,63200,645.222
1726832689675,BTCUSDT,bid,63200,645.229
1726832690078,BTCUSDT,bid,63300,522.839
1726832690282,BTCUSDT,bid,63300,523.435
1726832690385,BTCUSDT,bid,63300,522.839
1726832690793,BTCUSDT,bid,63200,645.238
1726832690996,BTCUSDT,bid,63300,522.814
1726832691097,BTCUSDT,bid,63300,523.443
1726832693151,BTCUSDT,bid,63300,522.814
1726832693253,BTCUSDT,bid,63200,645.227
1726832698256,BTCUSDT,bid,63300,523.05
1726832698354,BTCUSDT,bid,63300,522.814
1726832698460,BTCUSDT,bid,63300,522.814
1726832701305,BTCUSDT,bid,63200,645.229
1726832701716,BTCUSDT,bid,63200,645.227
1726832701716,BTCUSDT,bid,63300,522.854
1726832702127,BTCUSDT,bid,63300,522.814
1726832705305,BTCUSDT,bid,63200,645.229
1726832715003,BTCUSDT,bid,63200,645.227
1726832715408,BTCUSDT,bid,63200,645.229
1726832716522,BTCUSDT,bid,63300,525.111
1726832719305,BTCUSDT,bid,63300,525.095
1726832721255,BTCUSDT,bid,63300,525.815
1726832721665,BTCUSDT,bid,63300,525.975
1726832721870,BTCUSDT,bid,63300,525.255
1726832722179,BTCUSDT,bid,63300,526.007
1726832722277,BTCUSDT,bid,63300,525.255
1726832722895,BTCUSDT,bid,63300,526.035
1726832723607,BTCUSDT,bid,63300,524.674
1726832723708,BTCUSDT,bid,63300,524.514
1726832723809,BTCUSDT,bid,63200,645.227
1726832725437,BTCUSDT,bid,63300,526.485
1726832726353,BTCUSDT,bid,63300,527.514
1726832728303,BTCUSDT,bid,63300,527.539
1726832732007,BTCUSDT,bid,63300,527.58
1726832734662,BTCUSDT,bid,63300,527.588
1726832739578,BTCUSDT,bid,63300,527.593
1726832739674,BTCUSDT,bid,63300,527.323
1726832744703,BTCUSDT,bid,63300,527.321
1726832751667,BTCUSDT,bid,63300,527.328
1726832752176,BTCUSDT,bid,63200,645.224
1726832757617,BTCUSDT,bid,63300,527.428
1726832761822,BTCUSDT,bid,63300,527.428
1726832763459,BTCUSDT,bid,63300,527.423
1726832764475,BTCUSDT,bid,63300,527.431
1726832768554,BTCUSDT,bid,63300,527.406
1726832768655,BTCUSDT,bid,63300,527.411
1726832770180,BTCUSDT,bid,63300,524.411
1726832771913,BTCUSDT,bid,63300,524.411
1726832775507,BTCUSDT,bid,63300,524.096
1726832775705,BTCUSDT,bid,63300,524.098
1726832776530,BTCUSDT,bid,63300,524.148
1726832776839,BTCUSDT,bid,63200,645.167
1726832783603,BTCUSDT,bid,63300,524.143
1726832787702,BTCUSDT,bid,63200,580.272
1726832789339,BTCUSDT,bid,63200,580.27
1726832790255,BTCUSDT,bid,63300,524.134
1726832790664,BTCUSDT,bid,63300,524.184
1726832793948,BTCUSDT,bid,63200,645.325
1726832794962,BTCUSDT,bid,63300,524.162
1726832800564,BTCUSDT,bid,63300,524.16
1726832805263,BTCUSDT,bid,63200,645.525
1726832807211,BTCUSDT,bid,63300,524.158
1726832813054,BTCUSDT,bid,63300,522.442
1726832820549,BTCUSDT,bid,63300,522.411
1726832821672,BTCUSDT,bid,63300,573.43
1726832822081,BTCUSDT,bid,63300,522.413
1726832823407,BTCUSDT,bid,63200,645.537
1726832833183,BTCUSDT,bid,63300,521.384
1726832834210,BTCUSDT,bid,63300,526.44
1726832834312,BTCUSDT,bid,63300,521.384
1726832837589,BTCUSDT,bid,63200,574.079
1726832841705,BTCUSDT,bid,63200,645.533
1726832854672,BTCUSDT,bid,63300,521.284
1726832858348,BTCUSDT,bid,63300,521.282
1726832869034,BTCUSDT,bid,63200,645.936
1726832869847,BTCUSDT,bid,63300,521.275
1726832870354,BTCUSDT,bid,63300,521.277
1726832878176,BTCUSDT,bid,63300,521.281
1726832881795,BTCUSDT,bid,63300,521.203
1726832885690,BTCUSDT,bid,63200,645.94
1726832890604,BTCUSDT,bid,63300,521.212
1726832891432,BTCUSDT,bid,63300,521.214
1726832892878,BTCUSDT,bid,63300,521.212
1726832893802,BTCUSDT,bid,63300,521.214
1726832894006,BTCUSDT,bid,63200,645.934
1726832894619,BTCUSDT,bid,63300,521.212
1726832897372,BTCUSDT,bid,63200,645.941
1726832897372,BTCUSDT,bid,63300,521.212
1726832900425,BTCUSDT,bid,63300,521.216
1726832900626,BTCUSDT,bid,63300,521.212
1726832904536,BTCUSDT,bid,63300,521.223
1726832906802,BTCUSDT,bid,63300,521.259
1726832907006,BTCUSDT,bid,63300,521.265
1726832907315,BTCUSDT,bid,63300,521.259
1726832908694,BTCUSDT,bid,63300,521.339
1726832909606,BTCUSDT,bid,63300,521.259
1726832909810,BTCUSDT,bid,63300,521.223
1726832911257,BTCUSDT,bid,63200,645.934
1726832911873,BTCUSDT,bid,63300,521.221
1726832922789,BTCUSDT,bid,63300,521.223
1726832928240,BTCUSDT,bid,63300,521.212
1726832928549,BTCUSDT,bid,63300,521.208
1726832928650,BTCUSDT,bid,63300,521.258
1726832928751,BTCUSDT,bid,63300,521.208
1726832929966,BTCUSDT,bid,63200,645.936
1726832930068,BTCUSDT,bid,63300,521.243
1726832975643,BTCUSDT,bid,63200,645.921
1726832981994,BTCUSDT,bid,63300,521.193
1726832987411,BTCUSDT,bid,63200,645.564
1726832992576,BTCUSDT,bid,63300,521.209
1726832992678,BTCUSDT,bid,63300,521.193
1726833005424,BTCUSDT,bid,63300,521.329
1726833008798,BTCUSDT,bid,63300,521.331
1726833009717,BTCUSDT,bid,63300,521.329
1726833012280,BTCUSDT,bid,63300,521.331
1726833013721,BTCUSDT,bid,63300,521.333
1726833016618,BTCUSDT,bid,63200,645.566
1726833022233,BTCUSDT,bid,63300,521.298
1726833055473,BTCUSDT,bid,63300,521.302
1726833056298,BTCUSDT,bid,63300,521.306
1726833065004,BTCUSDT,bid,63200,645.572
1726833082905,BTCUSDT,bid,63200,645.622
1726833107060,BTCUSDT,bid,63200,645.652
1726833124021,BTCUSDT,bid,63300,521.556
1726833124837,BTCUSDT,bid,63300,521.756
1726833125553,BTCUSDT,bid,63300,521.808
1726833125856,BTCUSDT,bid,63300,521.758
1726833126564,BTCUSDT,bid,63300,521.767
1726833127582,BTCUSDT,bid,63200,645.659
1726833130951,BTCUSDT,bid,63300,521.758
1726833131054,BTCUSDT,bid,63300,521.803
1726833132994,BTCUSDT,bid,63300,521.806
1726833146244,BTCUSDT,bid,63200,645.644
1726833146858,BTCUSDT,bid,63300,521.836
1726833166401,BTCUSDT,bid,63300,521.965
1726833168044,BTCUSDT,bid,63300,521.963
1726833175249,BTCUSDT,bid,63300,521.827
1726833176787,BTCUSDT,bid,63300,521.829
1726833212106,BTCUSDT,bid,63300,521.835
1726833232627,BTCUSDT,bid,63200,645.569
1726833235275,BTCUSDT,bid,63300,521.842
1726833238806,BTCUSDT,bid,63300,521.844
1726833240135,BTCUSDT,bid,63300,521.842
1726833240337,BTCUSDT,bid,63300,521.892
1726833251968,BTCUSDT,bid,63300,524.195
1726833255340,BTCUSDT,bid,63300,524.197
1726833258303,BTCUSDT,bid,63300,524.195
1726833273136,BTCUSDT,bid,63200,645.562
1726833273136,BTCUSDT,bid,63300,521.892
1726833279642,BTCUSDT,bid,63300,521.894
1726833287554,BTCUSDT,bid,63200,645.552
1726833290317,BTCUSDT,bid,63300,521.884
1726833290842,BTCUSDT,bid,63300,521.886
1726833293707,BTCUSDT,bid,63300,521.884
1726833308093,BTCUSDT,bid,63200,645.549
1726833310248,BTCUSDT,bid,63200,645.557
1726833310248,BTCUSDT,bid,63300,521.892
1726833311786,BTCUSDT,bid,63300,521.847
1726833315803,BTCUSDT,bid,63300,522.005
1726833317454,BTCUSDT,bid,63300,522.007
1726833320010,BTCUSDT,bid,63300,522.009
1726833329142,BTCUSDT,bid,63300,522.007
1726833329947,BTCUSDT,bid,63300,521.881
1726833331494,BTCUSDT,bid,63300,521.879
1726833346404,BTCUSDT,bid,63300,522.041
1726833356094,BTCUSDT,bid,63200,645.563
1726833357421,BTCUSDT,bid,63200,645.557
1726833362482,BTCUSDT,bid,63200,645.563
1726833364390,BTCUSDT,bid,63200,645.557
1726833366450,BTCUSDT,bid,63200,645.563
1726833367375,BTCUSDT,bid,63200,645.557
1726833368007,BTCUSDT,bid,63300,521.991
1726833368421,BTCUSDT,bid,63200,645.563
1726833368741,BTCUSDT,bid,63300,521.986
1726833369359,BTCUSDT,bid,63200,645.557
1726833370410,BTCUSDT,bid,63200,645.563
1726833372865,BTCUSDT,bid,63200,645.557
1726833379843,BTCUSDT,bid,63300,522.036
1726833385931,BTCUSDT,bid,63200,645.59
1726833407944,BTCUSDT,bid,63200,645.598
1726833409280,BTCUSDT,bid,63300,522.034
1726833412040,BTCUSDT,bid,63300,522.036
1726833422397,BTCUSDT,bid,63300,522.032
1726833436285,BTCUSDT,bid,63200,645.519
1726833442337,BTCUSDT,bid,63300,522.034
1726833448926,BTCUSDT,bid,63300,522.037
1726833453118,BTCUSDT,bid,63300,522.035
1726833462205,BTCUSDT,bid,63300,522.004
1726833463028,BTCUSDT,bid,63300,522.006
1726833463335,BTCUSDT,bid,63300,522.004
1726833465875,BTCUSDT,bid,63300,527.06
1726833466086,BTCUSDT,bid,63300,522.004
1726833467515,BTCUSDT,bid,63300,522.006
1726833477533,BTCUSDT,bid,63300,522.006
1726833483987,BTCUSDT,bid,63300,522.145
1726833496100,BTCUSDT,bid,63300,522.152
1726833517998,BTCUSDT,bid,63300,522.202
1726833518402,BTCUSDT,bid,63300,522.2
1726833522900,BTCUSDT,bid,63300,522.197
1726833535501,BTCUSDT,bid,63300,522.201
1726833553011,BTCUSDT,bid,63300,522.189
1726833568422,BTCUSDT,bid,63300,522.06
1726833571691,BTCUSDT,bid,63300,522.087
1726833576429,BTCUSDT,bid,63200,645.621
1726833583504,BTCUSDT,bid,63300,522.085
1726833601708,BTCUSDT,bid,63200,645.626
1726833603030,BTCUSDT,bid,63200,645.623
1726833609556,BTCUSDT,bid,63300,522.079
1726833626744,BTCUSDT,bid,47000,840.478
1726833637354,BTCUSDT,bid,63400,500.345
1726833640777,BTCUSDT,bid,63400,500.349
1726833641083,BTCUSDT,bid,63400,501.51
1726833641693,BTCUSDT,bid,63400,500.349
1726833641900,BTCUSDT,bid,63400,501.51
1726833643142,BTCUSDT,bid,63400,501.524
1726833643243,BTCUSDT,bid,63400,502.265
1726833643856,BTCUSDT,bid,63400,501.527
1726833644264,BTCUSDT,bid,63400,502.706
1726833644571,BTCUSDT,bid,63400,501.545
1726833644774,BTCUSDT,bid,63400,500.363
1726833647135,BTCUSDT,bid,63300,522.084
1726833647642,BTCUSDT,bid,63400,499.877
1726833647743,BTCUSDT,bid,63400,496.297
1726833647844,BTCUSDT,bid,63400,496.295
1726833647944,BTCUSDT,bid,63400,496.297
1726833648048,BTCUSDT,bid,63400,496.295
1726833648149,BTCUSDT,bid,63400,496.296
1726833648250,BTCUSDT,bid,63400,496.3
1726833648351,BTCUSDT,bid,63400,496.316
1726833648657,BTCUSDT,bid,63400,496.446
1726833648754,BTCUSDT,bid,63400,496.431
1726833648861,BTCUSDT,bid,63400,496.11
1726833648963,BTCUSDT,bid,63400,496.021
1726833649268,BTCUSDT,bid,63400,493.661
1726833649371,BTCUSDT,bid,63400,493.664
1726833649574,BTCUSDT,bid,63400,493.618
1726833649981,BTCUSDT,bid,63400,492.633
1726833650182,BTCUSDT,bid,63400,492.639
1726833650283,BTCUSDT,bid,63400,492.656
1726833650388,BTCUSDT,bid,63400,492.676
1726833650493,BTCUSDT,bid,63400,492.678
1726833650693,BTCUSDT,bid,63400,492.667
1726833650796,BTCUSDT,bid,63400,492.652
1726833650896,BTCUSDT,bid,63400,492.659
1726833651103,BTCUSDT,bid,63400,492.667
1726833651205,BTCUSDT,bid,63400,492.639
1726833651305,BTCUSDT,bid,63400,492.334
1726833651408,BTCUSDT,bid,63400,492.348
1726833651510,BTCUSDT,bid,63400,492.35
1726833651615,BTCUSDT,bid,63400,492.25
1726833651719,BTCUSDT,bid,63400,492.248
1726833652154,BTCUSDT,bid,63400,492.095
1726833652254,BTCUSDT,bid,63400,492.093
1726833652354,BTCUSDT,bid,63400,491.996
1726833652467,BTCUSDT,bid,63400,491.904
1726833652693,BTCUSDT,bid,63400,491.707
1726833652791,BTCUSDT,bid,63400,491.701
1726833653003,BTCUSDT,bid,63400,491.698
1726833653103,BTCUSDT,bid,63400,491.672
1726833653205,BTCUSDT,bid,63400,491.781
1726833653310,BTCUSDT,bid,63400,491.776
1726833653408,BTCUSDT,bid,63400,491.824
1726833653517,BTCUSDT,bid,63400,491.851
1726833653618,BTCUSDT,bid,63400,496.661
1726833653719,BTCUSDT,bid,63400,495.918
1726833653922,BTCUSDT,bid,63400,491.792
1726833654021,BTCUSDT,bid,63400,491.754
1726833654122,BTCUSDT,bid,63400,491.744
1726833654224,BTCUSDT,bid,63400,491.669
1726833654426,BTCUSDT,bid,63400,491.664
1726833655140,BTCUSDT,bid,63400,491.644
1726833655242,BTCUSDT,bid,63400,491.648
1726833655860,BTCUSDT,bid,63400,491.578
1726833656271,BTCUSDT,bid,63300,522.079
1726833656484,BTCUSDT,bid,63400,491.78
1726833660490,BTCUSDT,bid,63400,494.283
1726833660998,BTCUSDT,bid,63400,494.28
1726833662120,BTCUSDT,bid,63300,522.072
1726833662322,BTCUSDT,bid,63400,487.17
1726833662529,BTCUSDT,bid,63400,487.19
1726833662733,BTCUSDT,bid,63400,487.858
1726833662835,BTCUSDT,bid,63400,487.819
1726833662938,BTCUSDT,bid,63400,487.854
1726833663038,BTCUSDT,bid,63400,487.793
1726833663140,BTCUSDT,bid,63400,487.164
1726833663240,BTCUSDT,bid,63400,487.15
1726833663353,BTCUSDT,bid,63400,487.156
1726833663454,BTCUSDT,bid,63400,487.159
1726833663555,BTCUSDT,bid,63400,487.146
1726833663662,BTCUSDT,bid,63400,487.874
1726833664167,BTCUSDT,bid,63400,486.858
1726833664270,BTCUSDT,bid,63400,486.847
1726833664575,BTCUSDT,bid,63400,486.849
1726833664880,BTCUSDT,bid,63400,486.858
1726833665087,BTCUSDT,bid,63400,486.856
1726833666005,BTCUSDT,bid,63400,487.443
1726833666309,BTCUSDT,bid,63400,487.523
1726833666518,BTCUSDT,bid,63400,487.443
1726833666618,BTCUSDT,bid,63300,522.222
1726833668583,BTCUSDT,bid,63400,487.419
1726833668890,BTCUSDT,bid,63400,487.497
1726833669201,BTCUSDT,bid,63400,487.493
1726833669504,BTCUSDT,bid,63400,487.491
1726833670532,BTCUSDT,bid,63400,487.504
1726833671455,BTCUSDT,bid,63400,487.506
1726833672381,BTCUSDT,bid,63400,487.493
1726833672473,BTCUSDT,bid,63300,522.072
1726833674764,BTCUSDT,bid,63400,487.496
1726833674871,BTCUSDT,bid,63400,487.509
1726833675481,BTCUSDT,bid,63400,487.513
1726833675682,BTCUSDT,bid,63400,487.51
1726833676803,BTCUSDT,bid,63400,487.487
1726833677207,BTCUSDT,bid,63400,487.492
1726833680181,BTCUSDT,bid,63400,487.532
1726833680692,BTCUSDT,bid,63400,487.492
1726833683264,BTCUSDT,bid,63300,522.105
1726833684706,BTCUSDT,bid,63400,487.532
1726833685213,BTCUSDT,bid,63300,522.055
1726833685213,BTCUSDT,bid,63400,487.492
1726833685720,BTCUSDT,bid,63400,487.494
1726833686956,BTCUSDT,bid,63300,522.005
1726833687057,BTCUSDT,bid,63400,487.492
1726833689098,BTCUSDT,bid,63400,487.485
1726833691030,BTCUSDT,bid,63400,487.508
1726833695334,BTCUSDT,bid,63400,487.499
1726833697384,BTCUSDT,bid,63400,487.591
1726833697686,BTCUSDT,bid,63400,487.568
1726833698099,BTCUSDT,bid,63400,487.572
1726833698403,BTCUSDT,bid,63400,487.568
1726833700272,BTCUSDT,bid,63400,488.34
1726833702756,BTCUSDT,bid,63400,488.362
1726833703989,BTCUSDT,bid,63400,488.562
1726833707205,BTCUSDT,bid,63400,488.567
1726833709676,BTCUSDT,bid,63400,488.576
1726833710182,BTCUSDT,bid,63400,488.583
1726833711195,BTCUSDT,bid,63300,522.029
1726833713775,BTCUSDT,bid,63400,488.577
1726833716754,BTCUSDT,bid,63300,522.194
1726833717670,BTCUSDT,bid,63400,488.617
1726833718104,BTCUSDT,bid,63400,488.617
1726833718613,BTCUSDT,bid,63400,488.577
1726833721805,BTCUSDT,bid,63400,488.583
1726833724278,BTCUSDT,bid,63400,488.643
1726833727682,BTCUSDT,bid,63400,489.1
1726833729540,BTCUSDT,bid,63400,489.163
1726833731785,BTCUSDT,bid,63400,489.165
1726833741472,BTCUSDT,bid,63400,489.158
1726833745772,BTCUSDT,bid,63400,489.198
1726833746905,BTCUSDT,bid,63400,489.158
1726833751528,BTCUSDT,bid,63400,489.098
1726833753476,BTCUSDT,bid,63400,489.198
1726833759167,BTCUSDT,bid,63400,488.611
1726833759476,BTCUSDT,bid,63400,488.617
1726833766501,BTCUSDT,bid,63400,488.613
1726833766704,BTCUSDT,bid,63400,489.252
1726833807771,BTCUSDT,bid,63400,489.298
1726833812594,BTCUSDT,bid,63400,489.302
1726833824371,BTCUSDT,bid,63400,489.866
1726833834607,BTCUSDT,bid,63300,522.129
1726833835354,BTCUSDT,bid,63400,489.868
1726833840606,BTCUSDT,bid,63400,490.254
1726833843405,BTCUSDT,bid,63400,490.256
1726833844525,BTCUSDT,bid,63400,490.26
1726833845457,BTCUSDT,bid,63300,522.153
1726833846884,BTCUSDT,bid,63400,490.267
1726833852964,BTCUSDT,bid,63400,490.263
1726833853473,BTCUSDT,bid,63300,522.203
1726833855605,BTCUSDT,bid,63400,489.624
1726833856327,BTCUSDT,bid,63300,522.203
1726833857250,BTCUSDT,bid,63400,489.668
1726833857353,BTCUSDT,bid,63400,489.629
1726833861039,BTCUSDT,bid,63400,489.624
1726833861853,BTCUSDT,bid,63400,489.646
1726833862075,BTCUSDT,bid,63400,489.26
1726833864265,BTCUSDT,bid,63400,489.24
1726833866457,BTCUSDT,bid,63400,489.24
1726833866557,BTCUSDT,bid,63400,489.291
1726833868094,BTCUSDT,bid,63400,489.293
1726833868599,BTCUSDT,bid,63400,489.456
1726833869003,BTCUSDT,bid,63400,489.468
1726833869107,BTCUSDT,bid,63400,489.454
1726833871279,BTCUSDT,bid,63400,489.561
1726833871383,BTCUSDT,bid,63400,489.403
1726833880195,BTCUSDT,bid,63300,522.205
1726833882033,BTCUSDT,bid,63300,522.203
1726833885909,BTCUSDT,bid,63300,522.221
1726833916610,BTCUSDT,bid,63300,522.203
1726833966050,BTCUSDT,bid,63300,522.205
1726833971740,BTCUSDT,bid,63300,523.39
1726833974998,BTCUSDT,bid,63300,523.338
1726833975706,BTCUSDT,bid,63300,522.178
1726833981515,BTCUSDT,bid,63300,522.178
1726833984167,BTCUSDT,bid,63300,522.153
1726833988259,BTCUSDT,bid,63300,522.162
1726833989085,BTCUSDT,bid,63300,522.169
1726834002340,BTCUSDT,bid,63300,522.219
1726834007375,BTCUSDT,bid,63300,522.217
1726834014322,BTCUSDT,bid,63300,523.006
1726834019054,BTCUSDT,bid,63300,523.01
1726834022426,BTCUSDT,bid,63300,523.012
1726834024361,BTCUSDT,bid,63300,523.01
1726834026293,BTCUSDT,bid,63300,523.001
1726834035524,BTCUSDT,bid,63300,523.008
1726834043225,BTCUSDT,bid,63300,523.074
1726834050130,BTCUSDT,bid,63300,523.076
1726834051467,BTCUSDT,bid,63300,523.074
1726834069278,BTCUSDT,bid,63300,523.124
1726834071009,BTCUSDT,bid,63300,523.126
1726834088120,BTCUSDT,bid,63300,523.026
1726834093835,BTCUSDT,bid,63300,522.936
1726834097831,BTCUSDT,bid,63300,522.931
1726834139072,BTCUSDT,bid,63300,522.939
1726834139681,BTCUSDT,bid,63300,522.948
1726835256054,BTCUSDT,bid,47000,840.457
1726838886446,BTCUSDT,bid,62600,549.244
1726838886648,BTCUSDT,bid,62600,549.234
1726838895615,BTCUSDT,bid,62600,549.244
1726838897662,BTCUSDT,bid,62600,549.484
1726838903069,BTCUSDT,bid,62600,549.486
1726838906127,BTCUSDT,bid,62600,549.476
1726838914203,BTCUSDT,bid,62600,549.587
1726838920641,BTCUSDT,bid,62600,549.602
1726838935696,BTCUSDT,bid,62600,549.587
1726838939556,BTCUSDT,bid,62600,549.567
1726838940683,BTCUSDT,bid,62600,549.544
1726838947048,BTCUSDT,bid,62600,549.691
1726838950527,BTCUSDT,bid,62600,546.691
1726838957146,BTCUSDT,bid,62600,545.497
1726838958069,BTCUSDT,bid,47000,840.453
1726838962857,BTCUSDT,bid,62600,545.507
1726838967850,BTCUSDT,bid,62600,544.873
1726838970611,BTCUSDT,bid,62600,544.875
1726838979615,BTCUSDT,bid,62600,544.975
1726838985837,BTCUSDT,bid,62600,543.985
1726838987375,BTCUSDT,bid,62600,543.988
1726838992176,BTCUSDT,bid,62600,544.307
1726839002567,BTCUSDT,bid,62600,544.207
1726839009071,BTCUSDT,bid,62600,544.298
1726839022216,BTCUSDT,bid,62600,544.309
1726839030459,BTCUSDT,bid,62600,544.311
1726839051694,BTCUSDT,bid,62600,544.374
1726839053419,BTCUSDT,bid,62600,544.392
1726839054944,BTCUSDT,bid,62600,544.391
1726839055971,BTCUSDT,bid,62600,546.395
1726839059958,BTCUSDT,bid,62600,546.384
1726839060464,BTCUSDT,bid,62600,546.225
1726839066053,BTCUSDT,bid,62600,546.225
1726839067075,BTCUSDT,bid,62600,546.225
1726839068097,BTCUSDT,bid,62600,546.225
1726839069020,BTCUSDT,bid,62600,546.225
1726839079588,BTCUSDT,bid,62600,546.986
1726839080502,BTCUSDT,bid,62600,546.958
1726839082934,BTCUSDT,bid,62600,546.197
1726839099003,BTCUSDT,bid,62600,546.199
1726839099105,BTCUSDT,bid,62600,546.197
1726839099815,BTCUSDT,bid,62600,546.202
1726839104199,BTCUSDT,bid,62600,546.164
1726839107266,BTCUSDT,bid,62600,546.161
1726839111736,BTCUSDT,bid,62600,546.223
1726839113256,BTCUSDT,bid,62600,546.302
1726839139939,BTCUSDT,bid,62600,546.341
1726839142883,BTCUSDT,bid,62600,546.339
1726839143086,BTCUSDT,bid,62600,546.354
1726839148972,BTCUSDT,bid,62600,546.304
1726839149074,BTCUSDT,bid,62600,546.304
1726839151003,BTCUSDT,bid,62600,547.262
1726839160233,BTCUSDT,bid,62600,547.271
1726839163290,BTCUSDT,bid,62600,547.221
1726839170719,BTCUSDT,bid,62600,547.149
1726839172243,BTCUSDT,bid,62600,547.153
1726839174902,BTCUSDT,bid,62600,547.006
1726839180503,BTCUSDT,bid,62600,547.003
1726839181415,BTCUSDT,bid,62600,546.823
1726839187511,BTCUSDT,bid,62600,547.021
1726839194811,BTCUSDT,bid,62600,547.031
1726839199877,BTCUSDT,bid,62600,547.131
1726839201000,BTCUSDT,bid,62600,547.128
1726839210443,BTCUSDT,bid,62600,547.166
1726839215136,BTCUSDT,bid,62600,547.168
1726839218491,BTCUSDT,bid,62600,547.21
1726839220113,BTCUSDT,bid,62600,547.208
1726839221025,BTCUSDT,bid,62600,547.21
1726839223165,BTCUSDT,bid,62600,547.22
1726839226027,BTCUSDT,bid,62600,547.27
1726839226229,BTCUSDT,bid,62600,547.283
1726839226837,BTCUSDT,bid,62600,547.221
1726839227554,BTCUSDT,bid,62600,547.179
1726839228265,BTCUSDT,bid,62600,547.181
1726839231838,BTCUSDT,bid,62600,547.179
1726839233258,BTCUSDT,bid,62600,547.177
1726839233561,BTCUSDT,bid,62600,547.198
1726839235383,BTCUSDT,bid,62600,547.098
1726839235788,BTCUSDT,bid,62600,547.121
1726839243726,BTCUSDT,bid,62600,547.2
1726839244237,BTCUSDT,bid,62600,547.18
1726839244338,BTCUSDT,bid,62600,547.157
1726839246374,BTCUSDT,bid,62600,547.161
1726839249617,BTCUSDT,bid,62600,547.061
1726839253397,BTCUSDT,bid,62600,547.06
1726839253604,BTCUSDT,bid,62600,549.822
1726839254417,BTCUSDT,bid,62600,548.222
1726839256956,BTCUSDT,bid,62600,548.209
1726839257159,BTCUSDT,bid,62600,545.447
1726839258079,BTCUSDT,bid,62600,545.498
1726839258996,BTCUSDT,bid,62600,545.998
1726839260729,BTCUSDT,bid,62600,546.004
1726839267119,BTCUSDT,bid,62600,545.904
1726839268033,BTCUSDT,bid,62600,545.866
1726839268132,BTCUSDT,bid,62600,545.876
1726839273315,BTCUSDT,bid,62600,545.976
1726839273924,BTCUSDT,bid,62600,546.059
1726839278702,BTCUSDT,bid,62600,546.078
1726839283165,BTCUSDT,bid,62600,546.088
1726839284995,BTCUSDT,bid,62600,545.805
1726839285603,BTCUSDT,bid,62600,545.803
1726839285703,BTCUSDT,bid,62600,545.797
1726839287746,BTCUSDT,bid,62600,545.799
1726839288865,BTCUSDT,bid,62600,545.803
1726839289273,BTCUSDT,bid,62600,545.81
1726839297203,BTCUSDT,bid,62600,545.812
1726839298929,BTCUSDT,bid,62600,545.828
1726839302899,BTCUSDT,bid,62600,545.445
1726839307053,BTCUSDT,bid,62600,545.479
1726839309091,BTCUSDT,bid,62600,545.529
1726839311521,BTCUSDT,bid,62600,545.519
1726839312028,BTCUSDT,bid,62600,545.522
1726839312230,BTCUSDT,bid,62600,545.158
1726839313053,BTCUSDT,bid,62600,545.137
1726839318126,BTCUSDT,bid,62600,545.134
1726839323920,BTCUSDT,bid,62600,545.464
1726839325251,BTCUSDT,bid,62600,545.457
1726839328008,BTCUSDT,bid,62600,545.48
1726839338265,BTCUSDT,bid,62600,545.483
1726839338673,BTCUSDT,bid,62600,545.453
1726839339593,BTCUSDT,bid,62600,545.434
1726839355171,BTCUSDT,bid,62600,544.934
1726839360078,BTCUSDT,bid,62600,544.931
1726839366682,BTCUSDT,bid,62600,544.948
1726839369047,BTCUSDT,bid,62600,544.828
1726839370167,BTCUSDT,bid,62600,544.824
1726839383722,BTCUSDT,bid,62600,548.724
1726839385753,BTCUSDT,bid,62600,544.824
1726839389615,BTCUSDT,bid,62600,544.874
1726839390025,BTCUSDT,bid,62600,544.814
1726839395534,BTCUSDT,bid,62600,544.812
1726839405905,BTCUSDT,bid,62600,544.912
1726839420481,BTCUSDT,bid,62600,544.67
1726839425461,BTCUSDT,bid,62600,544.93
1726839427689,BTCUSDT,bid,62600,545.03
1726839429010,BTCUSDT,bid,62600,545.151
1726839432960,BTCUSDT,bid,62600,545.153
1726839433162,BTCUSDT,bid,62600,545.151
1726839434580,BTCUSDT,bid,62600,545.289
1726839436517,BTCUSDT,bid,62600,545.291
1726839436725,BTCUSDT,bid,62600,545.289
1726839438253,BTCUSDT,bid,62600,545.291
1726839444855,BTCUSDT,bid,62600,545.408
1726839447713,BTCUSDT,bid,62600,545.508
1726839449028,BTCUSDT,bid,62600,545.502
1726839453103,BTCUSDT,bid,62600,545.5
1726839461948,BTCUSDT,bid,62600,545.379
1726839462973,BTCUSDT,bid,62600,545.381
1726839469711,BTCUSDT,bid,62600,545.394
1726839472454,BTCUSDT,bid,62600,545.396
1726839476516,BTCUSDT,bid,62600,545.386
1726839479164,BTCUSDT,bid,62600,545.886
1726839485585,BTCUSDT,bid,62600,546.486
1726839486096,BTCUSDT,bid,62600,556.348
1726839488243,BTCUSDT,bid,62600,556.522
1726839490473,BTCUSDT,bid,62600,556.524
1726839496308,BTCUSDT,bid,62600,556.675
1726839496613,BTCUSDT,bid,62600,556.671
1726839499581,BTCUSDT,bid,62600,556.681
1726839501824,BTCUSDT,bid,62600,556.688
1726839508140,BTCUSDT,bid,62600,556.695
1726839512428,BTCUSDT,bid,62600,556.742
1726839524566,BTCUSDT,bid,62600,556.735
1726839529119,BTCUSDT,bid,62600,556.785
1726839539622,BTCUSDT,bid,62600,556.822
1726839540946,BTCUSDT,bid,62600,557.105
1726839541047,BTCUSDT,bid,62600,557.405
1726839542269,BTCUSDT,bid,62600,557.083
1726839544528,BTCUSDT,bid,62600,557.087
1726839544629,BTCUSDT,bid,62600,557.117
1726839546974,BTCUSDT,bid,62600,557.142
1726839553169,BTCUSDT,bid,62600,557.241
1726839559816,BTCUSDT,bid,62600,557.269
1726839563268,BTCUSDT,bid,62600,557.27
1726839565616,BTCUSDT,bid,62600,557.272
1726839566327,BTCUSDT,bid,62600,557.192
1726839568370,BTCUSDT,bid,62600,557.293
1726839569382,BTCUSDT,bid,62600,557.283
1726839569690,BTCUSDT,bid,62600,557.383
1726839570710,BTCUSDT,bid,62600,557.386
1726839582170,BTCUSDT,bid,62600,557.397
1726839586129,BTCUSDT,bid,62600,557.374
1726839587446,BTCUSDT,bid,62600,557.414
1726839587956,BTCUSDT,bid,62600,557.596
1726839588158,BTCUSDT,bid,62600,557.546
1726839594984,BTCUSDT,bid,62600,557.478
1726839596408,BTCUSDT,bid,62600,557.476
1726839596716,BTCUSDT,bid,62600,557.325
1726839621703,BTCUSDT,bid,62600,557.744
1726839622006,BTCUSDT,bid,62600,557.774
1726839624447,BTCUSDT,bid,62600,557.474
1726839625769,BTCUSDT,bid,62600,557.427
1726839628012,BTCUSDT,bid,62600,557.474
1726839632595,BTCUSDT,bid,62600,557.575
1726839639315,BTCUSDT,bid,62600,556.975
1726839641150,BTCUSDT,bid,62600,556.875
1726839642474,BTCUSDT,bid,62600,556.915
1726839642984,BTCUSDT,bid,62600,556.875
1726839647377,BTCUSDT,bid,62600,556.922
1726839647684,BTCUSDT,bid,62600,556.933
1726839651351,BTCUSDT,bid,62600,556.822
1726839652371,BTCUSDT,bid,62600,556.583
1726839653183,BTCUSDT,bid,62600,556.597
1726839654605,BTCUSDT,bid,62600,556.498
1726839658077,BTCUSDT,bid,62600,556.501
1726839658787,BTCUSDT,bid,62600,560.716
1726839659496,BTCUSDT,bid,62600,556.53
1726839660408,BTCUSDT,bid,62600,556.516
1726839661933,BTCUSDT,bid,62600,557.382
1726839664878,BTCUSDT,bid,62600,557.584
1726839667116,BTCUSDT,bid,62600,557.555
1726839667829,BTCUSDT,bid,62600,557.553
1726839668943,BTCUSDT,bid,62600,555.551
1726839669046,BTCUSDT,bid,62600,555.558
1726839669148,BTCUSDT,bid,62600,555.556
1726839669755,BTCUSDT,bid,62600,555.589
1726839670466,BTCUSDT,bid,62600,555.587
1726839670668,BTCUSDT,bid,62600,555.591
1726839670769,BTCUSDT,bid,62600,555.562
1726839670973,BTCUSDT,bid,62600,555.613
1726839672599,BTCUSDT,bid,62600,555.615
1726839673921,BTCUSDT,bid,62600,555.565
1726839675342,BTCUSDT,bid,62600,555.563
1726839677880,BTCUSDT,bid,62600,555.582
1726839679503,BTCUSDT,bid,62600,555.584
1726839679906,BTCUSDT,bid,62600,555.593
1726839682955,BTCUSDT,bid,62600,555.746
1726839685398,BTCUSDT,bid,62600,555.774
1726839686307,BTCUSDT,bid,62600,555.853
1726839686711,BTCUSDT,bid,62600,555.855
1726839688137,BTCUSDT,bid,62600,555.816
1726839691198,BTCUSDT,bid,62600,555.814
1726839692936,BTCUSDT,bid,62600,555.812
1726839693542,BTCUSDT,bid,62600,560.924
1726839694356,BTCUSDT,bid,62600,555.812
1726839694561,BTCUSDT,bid,62600,555.765
1726839695276,BTCUSDT,bid,62600,555.915
1726839697203,BTCUSDT,bid,62600,555.917
1726839697304,BTCUSDT,bid,62600,555.915
1726839697507,BTCUSDT,bid,62600,555.913
1726839697606,BTCUSDT,bid,62600,555.885
1726839697912,BTCUSDT,bid,62600,556.923
1726839698114,BTCUSDT,bid,62600,556.593
1726839699033,BTCUSDT,bid,62600,556.609
1726839699235,BTCUSDT,bid,62600,556.888
1726839699854,BTCUSDT,bid,62600,556.894
1726839700368,BTCUSDT,bid,62600,556.896
1726839702295,BTCUSDT,bid,62600,556.924
1726839702802,BTCUSDT,bid,62600,556.926
1726839703309,BTCUSDT,bid,62600,556.898
1726839704425,BTCUSDT,bid,62600,556.893
1726839705647,BTCUSDT,bid,62600,556.891
1726839708187,BTCUSDT,bid,62600,556.753
1726839708391,BTCUSDT,bid,62600,556.253
1726839709405,BTCUSDT,bid,62600,556.065
1726839710524,BTCUSDT,bid,62600,556.565
1726842672271,BTCUSDT,bid,62500,655.426
1726842691882,BTCUSDT,bid,62500,655.705
1726842843129,BTCUSDT,bid,62500,655.621
1726842850438,BTCUSDT,bid,62500,655.858
1726842870301,BTCUSDT,bid,62500,655.621
1726842887028,BTCUSDT,bid,62500,655.462
1726842920411,BTCUSDT,bid,62500,655.537
1726843035659,BTCUSDT,bid,62500,655.549
1726843119314,BTCUSDT,bid,47000,839.853
1726843175083,BTCUSDT,bid,62500,656.028
1726843176407,BTCUSDT,bid,62500,657.145
1726843179152,BTCUSDT,bid,62500,656.866
1726843256246,BTCUSDT,bid,62500,656.873
1726843301551,BTCUSDT,bid,62500,658.139
1726843301654,BTCUSDT,bid,62500,657.501
1726843301754,BTCUSDT,bid,62500,656.543
1726843307121,BTCUSDT,bid,62500,655.277
1726843400131,BTCUSDT,bid,62500,655.285
1726843582556,BTCUSDT,bid,62500,661.471
1726843582966,BTCUSDT,bid,62500,662.428
1726843588654,BTCUSDT,bid,62500,661.637
1726843603819,BTCUSDT,bid,62500,660.846
1726843617254,BTCUSDT,bid,62500,660.055
1726843627310,BTCUSDT,bid,62500,659.786
1726843628016,BTCUSDT,bid,62500,658.204
1726843628319,BTCUSDT,bid,62500,657.255
1726843629032,BTCUSDT,bid,62500,656.875
1726843629336,BTCUSDT,bid,62500,655.918
1726843629437,BTCUSDT,bid,62500,655.285
1726843691705,BTCUSDT,bid,47000,839.856
1726843711531,BTCUSDT,bid,62500,657.136
1726843713759,BTCUSDT,bid,62500,656.867
1726843713965,BTCUSDT,bid,62500,656.076
1726843714783,BTCUSDT,bid,62500,655.285
1726843909381,BTCUSDT,bid,62500,655.287
1726843919383,BTCUSDT,bid,62500,655.285
1726844162666,BTCUSDT,bid,62500,655.273
1726844172457,BTCUSDT,bid,62500,655.497
1726844236459,BTCUSDT,bid,62500,655.507
1726844264897,BTCUSDT,bid,62500,655.907
1726844313959,BTCUSDT,bid,62500,656.554
1726844379603,BTCUSDT,bid,62500,656.556
1726844462641,BTCUSDT,bid,62500,656.562
1726844566029,BTCUSDT,bid,62500,656.562
1726844577611,BTCUSDT,bid,62500,656.564
1726844578114,BTCUSDT,bid,62500,656.558
1726844605251,BTCUSDT,bid,62500,657.048
1726844606267,BTCUSDT,bid,62500,656.558
1726844621448,BTCUSDT,bid,62500,655.911
1726844635643,BTCUSDT,bid,62500,655.913
1726844638949,BTCUSDT,bid,62500,655.911
1726844647092,BTCUSDT,bid,62500,655.911
1726844647399,BTCUSDT,bid,62500,655.961
1726844647500,BTCUSDT,bid,62500,655.911
1726844648914,BTCUSDT,bid,62500,655.911
1726844649117,BTCUSDT,bid,62500,655.961
1726844653173,BTCUSDT,bid,62500,655.961
1726844655711,BTCUSDT,bid,62500,656.039
1726844660482,BTCUSDT,bid,62500,655.961
1726844663637,BTCUSDT,bid,62500,655.911
1726844664656,BTCUSDT,bid,62500,655.961
1726844678799,BTCUSDT,bid,62500,655.961
1726844678900,BTCUSDT,bid,62500,656.065
1726844680109,BTCUSDT,bid,62500,655.915
1726844680212,BTCUSDT,bid,62500,655.965
1726844680313,BTCUSDT,bid,62500,655.913
1726844680415,BTCUSDT,bid,62500,655.963
1726844680717,BTCUSDT,bid,62500,655.965
1726844682748,BTCUSDT,bid,62500,655.965
1726844684172,BTCUSDT,bid,62500,655.963
1726844688438,BTCUSDT,bid,62500,655.983
1726844690268,BTCUSDT,bid,62500,655.963
1726844690572,BTCUSDT,bid,62500,656.117
1726844690673,BTCUSDT,bid,62500,656.113
1726844692402,BTCUSDT,bid,62500,656.114
1726844694430,BTCUSDT,bid,62500,656.116
1726844697795,BTCUSDT,bid,62500,656.066
1726844699416,BTCUSDT,bid,62500,656.116
1726844699825,BTCUSDT,bid,62500,656.106
1726844701552,BTCUSDT,bid,62500,656.136
1726844702368,BTCUSDT,bid,62500,656.086
1726844705608,BTCUSDT,bid,62500,655.932
1726844705811,BTCUSDT,bid,62500,656.013
1726844714254,BTCUSDT,bid,62500,656.053
1726844714763,BTCUSDT,bid,62500,656.013
1726844720267,BTCUSDT,bid,62500,656.995
1726844740327,BTCUSDT,bid,62500,657.195
1726844748070,BTCUSDT,bid,62500,657.622
1726844759598,BTCUSDT,bid,62500,669.447
1726844764787,BTCUSDT,bid,62500,657.622
1726844783097,BTCUSDT,bid,62500,657.632
1726844783402,BTCUSDT,bid,62500,657.632
1726844783705,BTCUSDT,bid,62500,657.622
1726844792563,BTCUSDT,bid,62500,657.621
1726844795725,BTCUSDT,bid,62500,657.421
1726844825129,BTCUSDT,bid,62500,657.325
1726844843790,BTCUSDT,bid,62500,662.325
1726844889192,BTCUSDT,bid,62500,662.25
1726844951936,BTCUSDT,bid,62500,662.297
1726844964161,BTCUSDT,bid,62500,662.328
1726844981286,BTCUSDT,bid,47000,839.809
1726845038000,BTCUSDT,bid,62500,662.281
1726845144284,BTCUSDT,bid,62500,658.281
1726845209820,BTCUSDT,bid,62500,658.849
1726845305666,BTCUSDT,bid,62500,658.856
1726845306075,BTCUSDT,bid,62500,658.882
1726845322863,BTCUSDT,bid,62500,662.532
1726845327752,BTCUSDT,bid,62500,661.532
1726845341084,BTCUSDT,bid,62500,661.739
1726845368068,BTCUSDT,bid,62500,661.739
1726845381526,BTCUSDT,bid,62500,661.739
1726845388365,BTCUSDT,bid,62500,661.741
1726845388575,BTCUSDT,bid,62500,661.739
1726845399945,BTCUSDT,bid,62500,661.789
1726845400147,BTCUSDT,bid,62500,661.739
1726845402186,BTCUSDT,bid,62500,661.789
1726845402489,BTCUSDT,bid,62500,661.739
1726845408718,BTCUSDT,bid,62500,661.742
1726845416467,BTCUSDT,bid,62500,658.092
1726845420748,BTCUSDT,bid,62500,658.182
1726845434923,BTCUSDT,bid,62500,658.183
1726845449456,BTCUSDT,bid,62500,658.152
1726845482120,BTCUSDT,bid,62500,658.126
1726845483033,BTCUSDT,bid,62500,658.119
1726845505675,BTCUSDT,bid,62500,658.118
1726845569922,BTCUSDT,bid,62500,658.268
1726845621116,BTCUSDT,bid,62500,658.118
1726845639161,BTCUSDT,bid,47000,839.759
1726845700798,BTCUSDT,bid,62500,658.118
1726845768105,BTCUSDT,bid,62500,658.124
1726845867624,BTCUSDT,bid,62500,658.164
1726845879227,BTCUSDT,bid,62500,658.214
1726845981289,BTCUSDT,bid,62500,658.174
1726846037364,BTCUSDT,bid,62500,658.203
1726846083893,BTCUSDT,bid,62500,658.2
1726846088415,BTCUSDT,bid,47000,839.867
1726846091084,BTCUSDT,bid,62500,658.2
1726846098165,BTCUSDT,bid,62500,658.203
1726846122382,BTCUSDT,bid,62500,658.207
1726846186990,BTCUSDT,bid,62500,660.207
1726846206093,BTCUSDT,bid,62500,660.286
1726846211376,BTCUSDT,bid,62500,660.196
1726846363335,BTCUSDT,bid,62500,660.299
1726846372453,BTCUSDT,bid,62500,660.304
1726846415760,BTCUSDT,bid,62500,660.299
1726846572193,BTCUSDT,bid,62500,659.317
1726846572905,BTCUSDT,bid,62500,659.093
1726846673914,BTCUSDT,bid,62500,659.097
1726846702316,BTCUSDT,bid,62500,659.149
1726846778119,BTCUSDT,bid,62500,659.068
1726846801310,BTCUSDT,bid,62500,659.064
1726846874638,BTCUSDT,bid,62500,659.164
1726846970800,BTCUSDT,bid,62500,659.171
1726846971002,BTCUSDT,bid,62500,659.164
1726847002790,BTCUSDT,bid,62500,660.697
1726847004007,BTCUSDT,bid,62500,659.164
1726847018903,BTCUSDT,bid,62500,659.195
1726847019105,BTCUSDT,bid,62500,659.164
1726847025234,BTCUSDT,bid,62500,659.162
1726847076247,BTCUSDT,bid,62500,660.599
1726847076556,BTCUSDT,bid,62500,659.162
1726847077687,BTCUSDT,bid,62500,659.162
1726847077787,BTCUSDT,bid,62500,660.695
1726847077992,BTCUSDT,bid,62500,659.162
1726847082070,BTCUSDT,bid,62500,658.735
1726847082380,BTCUSDT,bid,62500,658.766
1726847082687,BTCUSDT,bid,62500,658.735
1726847083304,BTCUSDT,bid,62500,658.742
1726847083704,BTCUSDT,bid,62500,658.735
1726847169027,BTCUSDT,bid,62500,658.742
1726847169635,BTCUSDT,bid,62500,658.735
1726847181268,BTCUSDT,bid,62500,658.742
1726847181367,BTCUSDT,bid,62500,658.735
1726847195021,BTCUSDT,bid,62500,659.693
1726847195935,BTCUSDT,bid,62500,658.735
1726847262346,BTCUSDT,bid,62500,660.744
1726847370425,BTCUSDT,bid,47000,839.804
1726847408203,BTCUSDT,bid,62500,658.735
1726847502150,BTCUSDT,bid,62500,658.742
1726847502967,BTCUSDT,bid,62500,658.735
1726847562148,BTCUSDT,bid,62500,665.854
1726847571719,BTCUSDT,bid,62500,665.063
1726847623336,BTCUSDT,bid,62500,658.735
1726847782025,BTCUSDT,bid,62500,658.756
1726847782950,BTCUSDT,bid,62500,658.735
1726847964154,BTCUSDT,bid,62500,658.781
1726848024947,BTCUSDT,bid,62500,658.889
1726848496474,BTCUSDT,bid,42500,800.0
1726848509605,BTCUSDT,bid,62500,658.892
1726848743624,BTCUSDT,bid,62500,658.922
1726848863430,BTCUSDT,bid,62500,658.947
1726848935382,BTCUSDT,bid,62500,658.98
1726848936905,BTCUSDT,bid,62500,658.872
1726849074945,BTCUSDT,bid,62500,659.372
1726849094506,BTCUSDT,ask,63000,803.677
1726849094711,BTCUSDT,ask,63000,803.69
1726849096951,BTCUSDT,ask,63000,803.573
1726849120940,BTCUSDT,bid,62500,658.872
1726849311197,BTCUSDT,bid,62500,658.966
1726849447093,BTCUSDT,bid,62500,658.975
1726849447905,BTCUSDT,bid,62500,659.013
1726849621090,BTCUSDT,bid,62500,658.966
1726849878132,BTCUSDT,bid,62500,659.764
1726849879667,BTCUSDT,bid,62500,659.774
1726849879977,BTCUSDT,bid,62500,659.764
1726849880280,BTCUSDT,bid,62500,659.774
1726849880586,BTCUSDT,bid,62500,659.764
1726849933089,BTCUSDT,bid,62500,659.764
1726849934114,BTCUSDT,bid,62500,659.764
1726849935132,BTCUSDT,bid,62500,659.764
1726849949844,BTCUSDT,bid,62500,659.766
1726850131650,BTCUSDT,bid,62500,660.072
1726850199133,BTCUSDT,bid,62500,660.072
1726850200565,BTCUSDT,bid,62500,659.969
1726850284366,BTCUSDT,bid,62500,660.048
1726850287929,BTCUSDT,bid,62500,660.738
1726850308718,BTCUSDT,bid,62500,660.531
1726850317357,BTCUSDT,bid,62500,659.841
1726850332574,BTCUSDT,bid,62500,660.341
1726850348271,BTCUSDT,bid,62500,660.352
1726790452244,BTCUSD_PERP,bid,62400,554.14
1726790452346,BTCUSD_PERP,bid,62400,677.21
1726790452454,BTCUSD_PERP,bid,62400,739.06
1726790452732,BTCUSD_PERP,bid,62400,862.14
1726790452851,BTCUSD_PERP,bid,62400,923.99
1726790585290,BTCUSD_PERP,bid,62400,677.53
1726790585386,BTCUSD_PERP,bid,62400,861.71
1726790606788,BTCUSD_PERP,bid,62400,737.7
1726790606889,BTCUSD_PERP,bid,62400,922.44
1726790627455,BTCUSD_PERP,bid,62400,860.65
1726790627558,BTCUSD_PERP,bid,62400,492.43
1726790627661,BTCUSD_PERP,bid,62300,921.98
1726790656505,BTCUSD_PERP,bid,62300,860.22
1726790656607,BTCUSD_PERP,bid,62300,737.96
1726790656713,BTCUSD_PERP,bid,62300,676.83
1726790656811,BTCUSD_PERP,bid,62300,553.31
1726790657108,BTCUSD_PERP,bid,62300,491.55
1726790657413,BTCUSD_PERP,bid,62400,492.44
1726790657517,BTCUSD_PERP,bid,62400,616.02
1726790657720,BTCUSD_PERP,bid,62400,799.5
1726790657825,BTCUSD_PERP,bid,62400,861.29
1726790715470,BTCUSD_PERP,bid,62400,491.81
1726790715687,BTCUSD_PERP,bid,62400,492.08
1726790725484,BTCUSD_PERP,bid,62400,614.73
1726790792005,BTCUSD_PERP,bid,62400,491.79
1726790822100,BTCUSD_PERP,bid,62300,506.07
1726790942851,BTCUSD_PERP,bid,62300,491.26
1726790968836,BTCUSD_PERP,bid,62300,491.56
1726791009647,BTCUSD_PERP,bid,62300,490.58
1726791009744,BTCUSD_PERP,bid,62300,552.3
1726791009949,BTCUSD_PERP,bid,62300,614.02
1726791114237,BTCUSD_PERP,bid,62300,552.94
1726791114953,BTCUSD_PERP,bid,62300,614.36
1726791420690,BTCUSD_PERP,ask,63500,502.15
1726791443773,BTCUSD_PERP,ask,63500,492.09
1726791525449,BTCUSD_PERP,bid,62300,490.61
1726791526941,BTCUSD_PERP,bid,62300,490.76
1726791728212,BTCUSD_PERP,bid,62300,490.61
1726791926060,BTCUSD_PERP,bid,62300,490.35
1726791930850,BTCUSD_PERP,bid,62300,502.48
1726791936579,BTCUSD_PERP,bid,62300,502.63
1726791941151,BTCUSD_PERP,bid,62300,502.78
1726792355904,BTCUSD_PERP,ask,63400,481.39
1726792356866,BTCUSD_PERP,ask,63400,502.31
1726792358392,BTCUSD_PERP,ask,63400,512.45
1726792424148,BTCUSD_PERP,bid,62100,796.39
1726792430777,BTCUSD_PERP,bid,62100,735.47
1726792430879,BTCUSD_PERP,bid,62100,551.45
1726792526773,BTCUSD_PERP,bid,62200,493.29
1726792541764,BTCUSD_PERP,bid,62100,869.96
1726792567240,BTCUSD_PERP,bid,62100,808.41
1726792567341,BTCUSD_PERP,bid,62100,746.86
1726792567645,BTCUSD_PERP,bid,62100,625.02
1726792567752,BTCUSD_PERP,bid,62100,564.1
1726792639699,BTCUSD_PERP,bid,62100,552.68
1726792639798,BTCUSD_PERP,bid,62100,614.24
1726792689354,BTCUSD_PERP,bid,62100,491.12
1726792797048,BTCUSD_PERP,bid,62300,491.46
1726792797252,BTCUSD_PERP,bid,62300,614.82
1726792821932,BTCUSD_PERP,bid,62300,553.77
1726792822136,BTCUSD_PERP,bid,62300,492.19
1726792823558,BTCUSD_PERP,bid,62300,493.87
1726792844358,BTCUSD_PERP,bid,62300,492.91
1726792844462,BTCUSD_PERP,bid,62300,554.6
1726793061004,BTCUSD_PERP,bid,62300,554.96
1726793061150,BTCUSD_PERP,bid,62300,616.69
1726793115659,BTCUSD_PERP,bid,62300,555.59
1726793115968,BTCUSD_PERP,bid,62300,492.97
1726793116073,BTCUSD_PERP,bid,62300,554.67
1726793116170,BTCUSD_PERP,bid,62300,616.37
1726793190014,BTCUSD_PERP,bid,62300,554.67
1726793190121,BTCUSD_PERP,bid,62300,492.97
1726793192157,BTCUSD_PERP,bid,62300,493.21
1726793234063,BTCUSD_PERP,bid,62300,494.08
1726793234165,BTCUSD_PERP,bid,62300,678.73
1726793234270,BTCUSD_PERP,bid,62300,740.49
1726793234797,BTCUSD_PERP,bid,62300,801.63
1726793234904,BTCUSD_PERP,bid,62300,862.76
1726793234985,BTCUSD_PERP,bid,62300,924.52
1726793274288,BTCUSD_PERP,bid,62300,739.24
1726793274805,BTCUSD_PERP,bid,62300,615.72
1726793275115,BTCUSD_PERP,bid,62300,553.96
1726793275220,BTCUSD_PERP,bid,62300,492.83
1726793275624,BTCUSD_PERP,bid,62400,507.32
1726793275727,BTCUSD_PERP,bid,62400,630.29
1726793275819,BTCUSD_PERP,bid,62400,692.09
1726793276037,BTCUSD_PERP,bid,62400,876.23
1726793276240,BTCUSD_PERP,bid,62400,938.03
1726793315686,BTCUSD_PERP,bid,62400,629.66
1726793315778,BTCUSD_PERP,bid,62300,985.03
1726793315989,BTCUSD_PERP,bid,62300,1046.79
1726793471994,BTCUSD_PERP,bid,62300,615.42
1726793472093,BTCUSD_PERP,bid,62300,677.15
1726793540918,BTCUSD_PERP,bid,62300,615.42
1726793541226,BTCUSD_PERP,bid,62300,676.81
1726793682320,BTCUSD_PERP,bid,62300,492.34
1726793682421,BTCUSD_PERP,bid,62300,861.7
1726793790165,BTCUSD_PERP,bid,62300,738.87
1726793790265,BTCUSD_PERP,bid,62300,615.11
1726793790362,BTCUSD_PERP,bid,62300,861.28
1726793827042,BTCUSD_PERP,bid,62300,799.58
1726793827145,BTCUSD_PERP,bid,62200,615.44
1726793827242,BTCUSD_PERP,bid,62200,860.86
1726793976612,BTCUSD_PERP,bid,62200,675.43
1726794166042,BTCUSD_PERP,bid,62200,736.46
1726794166245,BTCUSD_PERP,bid,62200,798.05
1726794196228,BTCUSD_PERP,bid,62100,736.1
1726794196428,BTCUSD_PERP,bid,62100,797.66
1726794217176,BTCUSD_PERP,bid,62100,490.3
1726794217276,BTCUSD_PERP,bid,62000,536.76
1726794217276,BTCUSD_PERP,bid,62100,1042.18
1726794217480,BTCUSD_PERP,bid,62100,1103.71
1726794220522,BTCUSD_PERP,bid,62100,1042.28
1726794220630,BTCUSD_PERP,bid,62100,858.95
1726794220844,BTCUSD_PERP,bid,62100,736.52
1726794220929,BTCUSD_PERP,bid,62100,674.99
1726794221151,BTCUSD_PERP,bid,62100,552.56
1726794221250,BTCUSD_PERP,bid,62100,674.54
1726794267759,BTCUSD_PERP,bid,62100,613.08
1726794267959,BTCUSD_PERP,bid,62100,489.96
1726794268566,BTCUSD_PERP,bid,62200,490.88
1726794268670,BTCUSD_PERP,bid,62200,552.47
1726794268872,BTCUSD_PERP,bid,62200,613.44
1726794302638,BTCUSD_PERP,bid,62100,489.24
1726794302737,BTCUSD_PERP,bid,62100,735.48
1726794375360,BTCUSD_PERP,bid,62100,613.28
1726794423058,BTCUSD_PERP,bid,62100,551.75
1726794423263,BTCUSD_PERP,bid,62100,490.55
1726794597935,BTCUSD_PERP,bid,62100,490.35
1726794598038,BTCUSD_PERP,bid,62100,551.88
1726794608129,BTCUSD_PERP,bid,62100,490.11
1726794669915,BTCUSD_PERP,bid,62100,490.88
1726794670014,BTCUSD_PERP,bid,62100,552.41
1726794721655,BTCUSD_PERP,bid,62100,491.17
1726794721772,BTCUSD_PERP,bid,62100,552.74
1726794721875,BTCUSD_PERP,bid,62100,614.31
1726794726295,BTCUSD_PERP,bid,62100,552.74
1726794727415,BTCUSD_PERP,bid,62200,490.99
1726794727513,BTCUSD_PERP,bid,62200,613.48
1726794727617,BTCUSD_PERP,bid,62200,675.09
1726794727717,BTCUSD_PERP,bid,62200,736.7
1726794727820,BTCUSD_PERP,bid,62200,798.31
1726794728125,BTCUSD_PERP,bid,62200,859.29
1726794728227,BTCUSD_PERP,bid,62200,920.9
1726794728427,BTCUSD_PERP,bid,62100,537.39
1726794750666,BTCUSD_PERP,bid,62200,859.29
1726794750868,BTCUSD_PERP,bid,62200,798.31
1726794750970,BTCUSD_PERP,bid,62200,613.58
1726794751073,BTCUSD_PERP,bid,62200,551.97
1726794751176,BTCUSD_PERP,bid,62200,490.99
1726794751376,BTCUSD_PERP,bid,62200,491.78
1726794751476,BTCUSD_PERP,bid,62200,553.42
1726794751580,BTCUSD_PERP,bid,62200,676.07
1726794751684,BTCUSD_PERP,bid,62200,737.71
1726794751884,BTCUSD_PERP,bid,62200,798.72
1726794751987,BTCUSD_PERP,bid,62200,859.73
1726794752294,BTCUSD_PERP,bid,62200,920.74
1726794752397,BTCUSD_PERP,bid,62200,982.38
1726794797337,BTCUSD_PERP,bid,62200,921.37
1726794797443,BTCUSD_PERP,bid,62200,735.54
1726794797544,BTCUSD_PERP,bid,62100,491.29
1726794797544,BTCUSD_PERP,bid,62200,1105.1
1726794829572,BTCUSD_PERP,bid,62200,675.41
1726794848270,BTCUSD_PERP,bid,62100,551.88
1726794848270,BTCUSD_PERP,bid,62100,551.98
1726794854406,BTCUSD_PERP,ask,63300,480.95
1726794941888,BTCUSD_PERP,ask,63400,490.91
1726794958359,BTCUSD_PERP,bid,62200,490.4
1726794958458,BTCUSD_PERP,bid,62200,552.01
1726794958661,BTCUSD_PERP,bid,62200,613.52
1726794958753,BTCUSD_PERP,bid,62200,674.51
1726794958862,BTCUSD_PERP,bid,62200,735.49
1726794959073,BTCUSD_PERP,bid,62200,796.48
1726794959273,BTCUSD_PERP,bid,62200,858.09
1726794959568,BTCUSD_PERP,bid,62200,919.7
1726795062443,BTCUSD_PERP,bid,62200,537.74
1726795062443,BTCUSD_PERP,bid,62200,1166.81
1726795062656,BTCUSD_PERP,bid,62200,599.28
1726795254229,BTCUSD_PERP,bid,62200,920.95
1726795254328,BTCUSD_PERP,bid,62200,491.0
1726795254328,BTCUSD_PERP,bid,62200,552.51
1726795254429,BTCUSD_PERP,bid,62200,613.59
1726795263200,BTCUSD_PERP,bid,62200,491.0
1726795263804,BTCUSD_PERP,bid,62200,551.98
1726795263909,BTCUSD_PERP,bid,62200,490.37
1726795263993,BTCUSD_PERP,bid,62200,491.77
1726795264110,BTCUSD_PERP,bid,62200,553.41
1726795264210,BTCUSD_PERP,bid,62200,798.72
1726795264311,BTCUSD_PERP,bid,62200,859.73
1726795264520,BTCUSD_PERP,bid,62200,921.37
1726795264615,BTCUSD_PERP,bid,62200,538.15
1726795264824,BTCUSD_PERP,bid,62200,982.38
1726795264954,BTCUSD_PERP,bid,62200,1105.03
1726795265054,BTCUSD_PERP,bid,62200,599.27
1726795265138,BTCUSD_PERP,bid,62200,1166.67
1726795382981,BTCUSD_PERP,bid,62200,1044.02
1726795383087,BTCUSD_PERP,bid,62100,537.46
1726795383087,BTCUSD_PERP,bid,62200,797.07
1726795383184,BTCUSD_PERP,bid,62200,1166.1
1726795383287,BTCUSD_PERP,bid,62100,598.97
1726795440059,BTCUSD_PERP,bid,62100,537.42
1726795440160,BTCUSD_PERP,bid,62200,1104.59
1726795440256,BTCUSD_PERP,bid,62100,491.26
1726795440356,BTCUSD_PERP,bid,62200,1042.98
1726795440459,BTCUSD_PERP,bid,62200,860.03
1726795440563,BTCUSD_PERP,bid,62200,737.44
1726795440666,BTCUSD_PERP,bid,62200,735.08
1726795440762,BTCUSD_PERP,bid,62200,1165.51
1726795440868,BTCUSD_PERP,bid,62100,537.14
1726795440965,BTCUSD_PERP,bid,62200,1167.74
1726795501512,BTCUSD_PERP,bid,62100,551.33
1726795501616,BTCUSD_PERP,bid,62100,796.27
1726795550126,BTCUSD_PERP,bid,62100,735.35
1726795550216,BTCUSD_PERP,bid,62100,613.51
1726795550340,BTCUSD_PERP,bid,62100,552.59
1726795550436,BTCUSD_PERP,bid,62100,491.67
1726795550952,BTCUSD_PERP,bid,62200,490.76
1726795551053,BTCUSD_PERP,bid,62200,552.34
1726795551256,BTCUSD_PERP,bid,62200,613.82
1726795551357,BTCUSD_PERP,bid,62200,675.4
1726795551457,BTCUSD_PERP,bid,62200,736.98
1726795551550,BTCUSD_PERP,bid,62200,797.93
1726795551661,BTCUSD_PERP,bid,62200,920.46
1726795551870,BTCUSD_PERP,bid,62100,537.62
1726795552078,BTCUSD_PERP,bid,62200,982.04
1726795552181,BTCUSD_PERP,bid,62200,1043.62
1726795576018,BTCUSD_PERP,bid,62100,491.48
1726795576018,BTCUSD_PERP,bid,62200,736.35
1726795576111,BTCUSD_PERP,bid,62200,613.82
1726795576220,BTCUSD_PERP,bid,62200,491.29
1726795811988,BTCUSD_PERP,bid,62300,553.59
1726795812210,BTCUSD_PERP,bid,62300,615.31
1726795812319,BTCUSD_PERP,bid,62300,677.03
1726795815605,BTCUSD_PERP,bid,62300,691.97
1726795848913,BTCUSD_PERP,bid,62300,568.53
1726795849218,BTCUSD_PERP,bid,62300,507.44
1726795850234,BTCUSD_PERP,bid,62300,492.16
1726795850437,BTCUSD_PERP,bid,62300,615.68
1726795850639,BTCUSD_PERP,bid,62300,677.44
