2024-08-23 12:30:33,BTCUSDT,bid,47000,887.286
2024-08-23 13:12:23,BTCUSDT,bid,47000,886.686
2024-08-23 13:23:07,BTCUSDT,bid,47000,886.68
2024-08-23 13:26:08,BTCUSDT,bid,47000,887.539
2024-08-23 13:26:14,BTCUSDT,bid,47000,887.543
2024-08-23 13:56:51,BTCUSDT,bid,47000,886.916
2024-08-23 14:24:11,BTCUSDT,bid,47000,885.928
2024-08-23 14:26:12,BTCUSDT,bid,47000,886.449
2024-08-23 14:40:58,BTCUSDT,bid,47000,886.452
2024-08-23 14:48:29,BTCUSDT,bid,47300,803.801
2024-08-23 15:55:19,BTCUSDT,bid,47000,886.664
2024-08-23 16:22:22,BTCUSDT,bid,47000,886.684
2024-08-23 16:22:28,BTCUSDT,bid,47000,886.664
2024-08-23 16:27:49,BTCUSDT,bid,47000,886.661
2024-08-23 17:04:16,BTCUSDT,bid,47000,886.658
2024-08-23 17:06:54,BTCUSDT,bid,47000,886.661
2024-08-23 18:09:06,BTCUSDT,bid,47000,886.14
2024-08-23 18:11:12,BTCUSDT,bid,47000,888.146
2024-08-23 18:19:35,BTCUSDT,bid,47000,888.239
2024-08-23 18:33:46,BTCUSDT,bid,47000,888.236
2024-08-23 18:52:33,BTCUSDT,bid,47000,888.225
2024-08-23 20:48:12,BTCUSDT,bid,47000,887.725
2024-08-23 21:08:12,BTCUSDT,bid,60300,762.084
2024-08-23 21:10:19,BTCUSDT,bid,47000,887.745
2024-08-23 21:13:43,BTCUSDT,bid,47000,887.742
2024-08-23 21:15:43,BTCUSDT,ask,63500,1575.381
2024-08-23 21:16:40,BTCUSDT,bid,56500,548.73
2024-08-23 21:16:47,BTCUSDT,bid,57000,547.373
2024-08-23 21:16:52,BTCUSDT,bid,57000,546.373
2024-08-23 21:18:57,BTCUSDT,bid,57000,546.375
2024-08-23 21:19:09,BTCUSDT,bid,57000,546.791
2024-08-23 21:19:35,BTCUSDT,bid,57000,546.741
2024-08-23 21:20:47,BTCUSDT,bid,57000,545.741
2024-08-23 21:20:50,BTCUSDT,bid,57000,545.737
2024-08-23 21:21:15,BTCUSDT,bid,57000,545.741
2024-08-23 21:21:21,BTCUSDT,bid,56500,548.727
2024-08-23 21:21:31,BTCUSDT,bid,56500,548.722
2024-08-23 21:21:48,BTCUSDT,bid,56500,548.739
2024-08-23 21:21:52,BTCUSDT,bid,57000,546.904
2024-08-23 21:21:56,BTCUSDT,bid,56500,548.722
2024-08-23 21:22:29,BTCUSDT,bid,57000,546.901
2024-08-23 21:23:52,BTCUSDT,bid,56500,548.674
2024-08-23 21:25:55,BTCUSDT,bid,57000,546.898
2024-08-23 21:26:11,BTCUSDT,bid,57000,546.893
2024-08-23 21:27:14,BTCUSDT,bid,56500,548.586
2024-08-23 21:28:34,BTCUSDT,bid,56500,548.576
2024-08-23 21:28:36,BTCUSDT,bid,57000,546.645
2024-08-23 21:30:30,BTCUSDT,bid,57000,546.653
2024-08-23 21:30:39,BTCUSDT,bid,57000,546.668
2024-08-23 21:31:57,BTCUSDT,bid,57000,546.581
2024-08-23 21:32:27,BTCUSDT,bid,57000,546.481
2024-08-23 21:33:10,BTCUSDT,bid,57000,546.895
2024-08-23 21:35:14,BTCUSDT,bid,57000,546.912
2024-08-23 21:35:20,BTCUSDT,bid,57000,546.929
2024-08-23 21:35:25,BTCUSDT,bid,57000,546.963
2024-08-23 21:35:40,BTCUSDT,bid,57000,546.964
2024-08-23 21:36:29,BTCUSDT,bid,57000,546.961
2024-08-23 21:37:26,BTCUSDT,bid,57000,546.959
2024-08-23 21:37:56,BTCUSDT,bid,57000,546.961
2024-08-23 21:38:30,BTCUSDT,bid,60300,762.665
2024-08-23 21:38:53,BTCUSDT,bid,56500,548.595
2024-08-23 21:38:53,BTCUSDT,bid,57000,546.98
2024-08-23 21:39:00,BTCUSDT,bid,57000,546.88
2024-08-23 21:39:52,BTCUSDT,bid,56500,548.578
2024-08-23 21:40:58,BTCUSDT,bid,57000,546.883
2024-08-23 21:40:59,BTCUSDT,bid,47300,803.805
2024-08-23 21:41:58,BTCUSDT,bid,57000,546.857
2024-08-23 21:43:02,BTCUSDT,bid,56500,548.576
2024-08-23 21:43:43,BTCUSDT,bid,57000,546.894
2024-08-23 21:43:44,BTCUSDT,bid,57000,546.594
2024-08-23 21:43:48,BTCUSDT,bid,57000,546.606
2024-08-23 21:44:00,BTCUSDT,bid,57000,546.594
2024-08-23 21:44:09,BTCUSDT,bid,57000,546.608
2024-08-23 21:44:31,BTCUSDT,bid,57000,546.503
2024-08-23 21:46:15,BTCUSDT,bid,57000,546.583
2024-08-23 21:46:17,BTCUSDT,bid,56500,548.581
2024-08-23 21:47:38,BTCUSDT,bid,57000,546.58
2024-08-23 21:47:39,BTCUSDT,bid,47300,803.801
2024-08-23 21:47:53,BTCUSDT,bid,57000,546.578
2024-08-23 21:47:54,BTCUSDT,bid,57000,546.59
2024-08-23 21:47:59,BTCUSDT,bid,56500,548.812
2024-08-23 21:48:27,BTCUSDT,bid,57000,546.593
2024-08-23 21:48:44,BTCUSDT,bid,57000,546.591
2024-08-23 21:48:51,BTCUSDT,bid,57000,546.88
2024-08-23 21:48:56,BTCUSDT,bid,56500,548.809
2024-08-23 21:48:56,BTCUSDT,bid,57000,546.877
2024-08-23 21:49:00,BTCUSDT,bid,57000,546.927
2024-08-23 21:49:01,BTCUSDT,bid,57000,546.877
2024-08-23 21:49:31,BTCUSDT,bid,57000,546.874
2024-08-23 21:49:37,BTCUSDT,bid,57000,546.755
2024-08-23 21:49:38,BTCUSDT,bid,57000,546.705
2024-08-23 21:49:53,BTCUSDT,bid,57000,546.708
2024-08-23 21:50:00,BTCUSDT,bid,57000,546.706
2024-08-23 21:50:28,BTCUSDT,bid,57000,546.703
2024-08-23 21:50:32,BTCUSDT,bid,57000,546.7
2024-08-23 21:50:36,BTCUSDT,bid,47300,803.804
2024-08-23 21:50:37,BTCUSDT,bid,47300,803.801
2024-08-23 21:50:38,BTCUSDT,bid,47300,803.804
2024-08-23 21:50:40,BTCUSDT,bid,57000,546.705
2024-08-23 21:50:52,BTCUSDT,bid,56500,548.814
2024-08-23 21:51:05,BTCUSDT,bid,57000,546.722
2024-08-23 21:51:14,BTCUSDT,bid,57000,546.772
2024-08-23 21:51:30,BTCUSDT,bid,56500,548.914
2024-08-23 21:51:35,BTCUSDT,bid,57000,546.761
2024-08-23 21:51:39,BTCUSDT,bid,57000,546.674
2024-08-23 21:51:59,BTCUSDT,bid,56500,548.911
2024-08-23 21:52:10,BTCUSDT,bid,57000,546.675
2024-08-23 21:52:15,BTCUSDT,bid,56500,548.469
2024-08-23 21:52:29,BTCUSDT,bid,57000,546.725
2024-08-23 21:52:37,BTCUSDT,bid,57000,546.689
2024-08-23 21:53:11,BTCUSDT,bid,56500,548.369
2024-08-23 21:53:11,BTCUSDT,bid,57000,546.639
2024-08-23 21:53:26,BTCUSDT,bid,47000,887.797
2024-08-23 21:53:36,BTCUSDT,bid,57000,546.641
2024-08-23 21:53:39,BTCUSDT,bid,57000,546.636
2024-08-23 21:53:56,BTCUSDT,bid,57000,546.647
2024-08-23 21:54:24,BTCUSDT,bid,47000,887.712
2024-08-23 21:54:25,BTCUSDT,bid,56500,549.569
2024-08-23 21:54:25,BTCUSDT,bid,57000,547.153
2024-08-23 21:54:26,BTCUSDT,bid,57000,547.15
2024-08-23 21:54:35,BTCUSDT,bid,56500,549.64
2024-08-23 21:54:36,BTCUSDT,bid,57000,547.421
2024-08-23 21:54:59,BTCUSDT,bid,47000,887.797
2024-08-23 21:55:07,BTCUSDT,bid,57000,547.409
2024-08-23 21:55:30,BTCUSDT,bid,57000,547.411
2024-08-23 21:55:31,BTCUSDT,bid,57000,547.422
2024-08-23 21:55:38,BTCUSDT,bid,57000,547.431
2024-08-23 21:56:48,BTCUSDT,bid,57000,547.16
2024-08-23 21:57:09,BTCUSDT,bid,56500,549.873
2024-08-23 21:57:25,BTCUSDT,bid,57000,545.997
2024-08-23 21:57:36,BTCUSDT,bid,47300,803.801
2024-08-23 21:57:39,BTCUSDT,bid,57000,546.057
2024-08-23 21:57:41,BTCUSDT,bid,57000,547.22
2024-08-23 21:57:45,BTCUSDT,bid,56500,549.642
2024-08-23 21:57:55,BTCUSDT,bid,57000,547.222
2024-08-23 21:58:01,BTCUSDT,bid,57000,547.194
2024-08-23 21:59:00,BTCUSDT,bid,57000,547.198
2024-08-23 21:59:19,BTCUSDT,bid,57000,549.336
2024-08-23 21:59:28,BTCUSDT,bid,56500,549.409
2024-08-23 21:59:49,BTCUSDT,bid,57000,549.334
2024-08-23 21:59:57,BTCUSDT,bid,47000,886.882
2024-08-23 22:00:08,BTCUSDT,bid,47300,803.804
2024-08-23 22:00:10,BTCUSDT,bid,57000,549.341
2024-08-23 22:00:15,BTCUSDT,bid,57000,549.441
2024-08-23 22:00:26,BTCUSDT,bid,47000,886.885
2024-08-23 22:00:29,BTCUSDT,bid,57000,549.44
2024-08-23 22:00:30,BTCUSDT,bid,57000,549.427
2024-08-23 22:01:14,BTCUSDT,bid,57000,549.327
2024-08-23 22:01:36,BTCUSDT,bid,57000,549.329
2024-08-23 22:01:50,BTCUSDT,bid,57000,549.331
2024-08-23 22:02:07,BTCUSDT,bid,57000,549.32
2024-08-23 22:02:20,BTCUSDT,bid,56500,549.338
2024-08-23 22:08:29,BTCUSDT,bid,47000,889.271
2024-08-23 22:12:00,BTCUSDT,bid,47000,886.885
2024-08-23 22:22:02,BTCUSDT,bid,47000,887.143
2024-08-23 23:10:51,BTCUSDT,bid,47000,887.88
2024-08-23 23:22:13,BTCUSDT,bid,47000,887.455
2024-08-23 23:23:45,BTCUSDT,bid,47000,887.362
2024-08-23 23:25:33,BTCUSDT,bid,61300,489.39
2024-08-23 07:01:52,BTCUSD_PERP,bid,59800,650.39
2024-08-23 07:01:52,BTCUSD_PERP,bid,59800,709.64
2024-08-23 07:02:00,BTCUSD_PERP,bid,59800,650.39
2024-08-23 07:02:01,BTCUSD_PERP,bid,59800,591.26
2024-08-23 07:02:01,BTCUSD_PERP,bid,59800,532.01
2024-08-23 07:02:02,BTCUSD_PERP,bid,59800,532.19
2024-08-23 07:02:02,BTCUSD_PERP,bid,59800,650.75
2024-08-23 07:02:02,BTCUSD_PERP,bid,59800,517.69
2024-08-23 07:02:02,BTCUSD_PERP,bid,59800,576.32
2024-08-23 07:02:02,BTCUSD_PERP,bid,59800,710.03
2024-08-23 07:02:02,BTCUSD_PERP,bid,59800,769.31
2024-08-23 07:06:07,BTCUSD_PERP,bid,59800,651.36
2024-08-23 07:06:08,BTCUSD_PERP,bid,59800,517.14
2024-08-23 07:06:08,BTCUSD_PERP,bid,59800,532.8
2024-08-23 07:08:21,BTCUSD_PERP,bid,59900,531.98
2024-08-23 07:08:21,BTCUSD_PERP,bid,59900,591.36
2024-08-23 07:08:21,BTCUSD_PERP,bid,59900,650.13
2024-08-23 07:09:06,BTCUSD_PERP,bid,60000,532.32
2024-08-23 07:09:07,BTCUSD_PERP,bid,60000,591.75
2024-08-23 07:09:07,BTCUSD_PERP,bid,60000,593.9
2024-08-23 07:09:13,BTCUSD_PERP,bid,60000,595.15
2024-08-23 07:09:17,BTCUSD_PERP,bid,60000,595.19
2024-08-23 12:02:35,BTCUSD_PERP,bid,60300,714.37
2024-08-23 12:02:35,BTCUSD_PERP,bid,60300,595.49
2024-08-23 12:02:36,BTCUSD_PERP,bid,60300,536.35
2024-08-23 12:02:46,BTCUSD_PERP,bid,60400,596.25
2024-08-23 12:02:46,BTCUSD_PERP,bid,60400,598.4
2024-08-23 12:02:46,BTCUSD_PERP,bid,60400,658.22
2024-08-23 12:03:02,BTCUSD_PERP,bid,60400,599.01
2024-08-23 12:03:02,BTCUSD_PERP,bid,60400,539.19
2024-08-23 12:03:03,BTCUSD_PERP,bid,60400,546.79
2024-08-23 12:03:03,BTCUSD_PERP,bid,60400,606.64
2024-08-23 12:03:03,BTCUSD_PERP,bid,60400,666.49
2024-08-23 12:03:08,BTCUSD_PERP,bid,60400,715.91
2024-08-23 12:03:17,BTCUSD_PERP,bid,60300,546.33
2024-08-23 12:03:31,BTCUSD_PERP,bid,60300,893.23
2024-08-23 12:03:31,BTCUSD_PERP,bid,60300,952.99
2024-08-23 12:05:47,BTCUSD_PERP,bid,60300,893.23
2024-08-23 12:05:47,BTCUSD_PERP,bid,60300,774.32
2024-08-23 12:05:47,BTCUSD_PERP,bid,60300,715.17
2024-08-23 12:05:47,BTCUSD_PERP,bid,60300,594.89
2024-08-23 12:05:47,BTCUSD_PERP,bid,60300,714.36
2024-08-23 12:05:47,BTCUSD_PERP,bid,60300,773.54
2024-08-23 12:05:48,BTCUSD_PERP,bid,60300,833.33
2024-08-23 12:05:48,BTCUSD_PERP,bid,60300,893.12
2024-08-23 12:05:48,BTCUSD_PERP,bid,60300,1012.7
2024-08-23 12:06:27,BTCUSD_PERP,bid,60300,953.52
2024-08-23 12:06:28,BTCUSD_PERP,bid,60300,894.35
2024-08-23 12:06:28,BTCUSD_PERP,bid,60300,774.77
2024-08-23 12:06:28,BTCUSD_PERP,bid,60300,714.98
2024-08-23 12:06:28,BTCUSD_PERP,bid,60300,655.19
2024-08-23 12:06:28,BTCUSD_PERP,bid,60300,594.43
2024-08-23 12:06:28,BTCUSD_PERP,bid,60300,654.19
2024-08-23 12:06:29,BTCUSD_PERP,bid,60300,952.38
2024-08-23 12:06:29,BTCUSD_PERP,bid,60300,1012.14
2024-08-23 12:06:34,BTCUSD_PERP,bid,60300,952.38
2024-08-23 12:06:34,BTCUSD_PERP,bid,60300,833.48
2024-08-23 12:06:34,BTCUSD_PERP,bid,60300,774.33
2024-08-23 12:06:35,BTCUSD_PERP,bid,60300,595.66
2024-08-23 12:06:35,BTCUSD_PERP,bid,60300,536.01
2024-08-23 12:06:35,BTCUSD_PERP,bid,60400,535.57
2024-08-23 12:06:35,BTCUSD_PERP,bid,60400,595.36
2024-08-23 12:06:35,BTCUSD_PERP,bid,60400,774.12
2024-08-23 12:06:35,BTCUSD_PERP,bid,60400,833.91
2024-08-23 12:06:35,BTCUSD_PERP,bid,60400,893.7
2024-08-23 12:06:36,BTCUSD_PERP,bid,60400,953.49
2024-08-23 12:06:36,BTCUSD_PERP,bid,60400,1013.28
2024-08-23 12:06:36,BTCUSD_PERP,bid,60400,1072.46
2024-08-23 12:07:16,BTCUSD_PERP,bid,60400,952.88
2024-08-23 12:07:16,BTCUSD_PERP,bid,60300,953.01
2024-08-23 12:07:16,BTCUSD_PERP,bid,60300,1012.77
2024-08-23 12:07:17,BTCUSD_PERP,bid,60300,1071.92
2024-08-23 12:08:26,BTCUSD_PERP,bid,60300,953.01
2024-08-23 12:08:26,BTCUSD_PERP,bid,60300,893.86
2024-08-23 12:08:26,BTCUSD_PERP,bid,60300,834.1
2024-08-23 12:08:26,BTCUSD_PERP,bid,60300,595.77
2024-08-23 12:08:26,BTCUSD_PERP,bid,60300,535.64
2024-08-23 12:08:26,BTCUSD_PERP,bid,60300,595.37
2024-08-23 12:08:27,BTCUSD_PERP,bid,60300,655.1
2024-08-23 12:08:27,BTCUSD_PERP,bid,60300,773.95
2024-08-23 12:08:28,BTCUSD_PERP,bid,60300,714.83
2024-08-23 12:08:28,BTCUSD_PERP,bid,60300,595.47
2024-08-23 12:08:29,BTCUSD_PERP,bid,60300,537.21
2024-08-23 12:08:29,BTCUSD_PERP,bid,60300,596.37
2024-08-23 12:08:30,BTCUSD_PERP,bid,60300,655.53
2024-08-23 12:08:30,BTCUSD_PERP,bid,60300,714.69
2024-08-23 12:08:30,BTCUSD_PERP,bid,60300,774.46
2024-08-23 12:09:41,BTCUSD_PERP,bid,60300,595.46
2024-08-23 12:09:41,BTCUSD_PERP,bid,60300,655.2
2024-08-23 12:11:08,BTCUSD_PERP,bid,60300,595.57
2024-08-23 12:11:08,BTCUSD_PERP,bid,60300,535.83
2024-08-23 12:11:09,BTCUSD_PERP,bid,60300,534.93
2024-08-23 12:11:09,BTCUSD_PERP,bid,60300,594.7
2024-08-23 12:11:09,BTCUSD_PERP,bid,60300,654.47
2024-08-23 12:11:09,BTCUSD_PERP,bid,60300,773.41
2024-08-23 12:11:25,BTCUSD_PERP,bid,60300,714.24
2024-08-23 12:11:25,BTCUSD_PERP,bid,60300,654.47
2024-08-23 12:11:26,BTCUSD_PERP,bid,60300,536.13
2024-08-23 12:11:27,BTCUSD_PERP,bid,60400,535.94
2024-08-23 12:12:21,BTCUSD_PERP,bid,60300,535.72
2024-08-23 12:12:21,BTCUSD_PERP,bid,60300,595.51
2024-08-23 12:13:37,BTCUSD_PERP,bid,60300,535.72
2024-08-23 12:13:37,BTCUSD_PERP,bid,60300,535.4
2024-08-23 12:13:37,BTCUSD_PERP,bid,60300,595.16
2024-08-23 12:13:44,BTCUSD_PERP,bid,60300,595.2
2024-08-23 12:15:42,BTCUSD_PERP,bid,60300,536.05
2024-08-23 12:15:43,BTCUSD_PERP,bid,60400,535.42
2024-08-23 12:15:44,BTCUSD_PERP,bid,60400,594.64
2024-08-23 12:15:44,BTCUSD_PERP,bid,60400,774.03
2024-08-23 12:16:19,BTCUSD_PERP,bid,60400,654.37
2024-08-23 12:16:19,BTCUSD_PERP,bid,60400,535.04
2024-08-23 12:16:19,BTCUSD_PERP,bid,60400,654.03
2024-08-23 12:17:29,BTCUSD_PERP,bid,60400,594.84
2024-08-23 12:17:32,BTCUSD_PERP,bid,60400,537.34
2024-08-23 12:19:44,BTCUSD_PERP,bid,60400,537.46
2024-08-23 12:19:44,BTCUSD_PERP,bid,60400,597.31
2024-08-23 12:19:48,BTCUSD_PERP,bid,60400,611.79
2024-08-23 12:19:49,BTCUSD_PERP,bid,60400,613.96
2024-08-23 12:20:32,BTCUSD_PERP,bid,60400,611.79
2024-08-23 12:20:32,BTCUSD_PERP,bid,60400,597.31
2024-08-23 12:20:40,BTCUSD_PERP,bid,60400,537.46
2024-08-23 12:20:42,BTCUSD_PERP,bid,60500,538.03
2024-08-23 12:20:56,BTCUSD_PERP,bid,60400,596.45
2024-08-23 12:20:56,BTCUSD_PERP,bid,60400,656.33
2024-08-23 12:25:25,BTCUSD_PERP,bid,60400,597.06
2024-08-23 12:25:25,BTCUSD_PERP,bid,60400,537.18
2024-08-23 12:25:26,BTCUSD_PERP,bid,60500,537.87
2024-08-23 12:25:27,BTCUSD_PERP,bid,60500,657.08
2024-08-23 12:26:03,BTCUSD_PERP,bid,60500,597.17
2024-08-23 12:26:03,BTCUSD_PERP,bid,60500,537.87
2024-08-23 12:31:39,BTCUSD_PERP,bid,60500,536.66
2024-08-23 12:32:05,BTCUSD_PERP,bid,60400,596.15
2024-08-23 12:32:49,BTCUSD_PERP,bid,60400,536.64
2024-08-23 12:32:49,BTCUSD_PERP,bid,60400,714.81
2024-08-23 12:35:33,BTCUSD_PERP,bid,60300,521.62
2024-08-23 12:36:06,BTCUSD_PERP,bid,60300,783.86
2024-08-23 12:36:07,BTCUSD_PERP,bid,60300,843.58
2024-08-23 12:38:29,BTCUSD_PERP,bid,60300,783.86
2024-08-23 12:38:29,BTCUSD_PERP,bid,60300,724.14
2024-08-23 12:38:30,BTCUSD_PERP,bid,60300,664.42
2024-08-23 12:38:30,BTCUSD_PERP,bid,60300,545.69
2024-08-23 12:38:31,BTCUSD_PERP,bid,60300,535.82
2024-08-23 12:38:31,BTCUSD_PERP,bid,60300,595.57
2024-08-23 12:40:21,BTCUSD_PERP,bid,60300,535.92
2024-08-23 12:40:22,BTCUSD_PERP,bid,60300,713.48
2024-08-23 12:40:22,BTCUSD_PERP,bid,60300,773.2
2024-08-23 12:40:22,BTCUSD_PERP,bid,60300,892.64
2024-08-23 12:40:22,BTCUSD_PERP,bid,60300,952.36
2024-08-23 12:40:23,BTCUSD_PERP,bid,60200,520.92
2024-08-23 12:45:37,BTCUSD_PERP,bid,60300,892.64
2024-08-23 12:45:37,BTCUSD_PERP,bid,60300,832.92
2024-08-23 12:45:37,BTCUSD_PERP,bid,60300,714.09
2024-08-23 12:45:37,BTCUSD_PERP,bid,60300,654.37
2024-08-23 12:45:38,BTCUSD_PERP,bid,60300,595.26
2024-08-23 12:45:38,BTCUSD_PERP,bid,60300,536.15
2024-08-23 12:45:38,BTCUSD_PERP,bid,60300,535.82
2024-08-23 12:45:38,BTCUSD_PERP,bid,60300,595.57
2024-08-23 12:45:38,BTCUSD_PERP,bid,60300,654.71
2024-08-23 12:45:39,BTCUSD_PERP,bid,60300,774.21
2024-08-23 12:45:39,BTCUSD_PERP,bid,60300,833.35
2024-08-23 12:45:39,BTCUSD_PERP,bid,60300,893.1
2024-08-23 12:45:42,BTCUSD_PERP,bid,60300,893.14
2024-08-23 12:49:05,BTCUSD_PERP,bid,60300,893.1
2024-08-23 12:50:51,BTCUSD_PERP,bid,60300,833.35
2024-08-23 12:50:51,BTCUSD_PERP,bid,60300,654.71
2024-08-23 12:50:51,BTCUSD_PERP,bid,60300,595.06
2024-08-23 12:50:52,BTCUSD_PERP,bid,60300,535.92
2024-08-23 13:00:18,BTCUSD_PERP,bid,60300,546.24
2024-08-23 13:03:50,BTCUSD_PERP,bid,60300,535.48
2024-08-23 13:03:50,BTCUSD_PERP,bid,60300,594.65
2024-08-23 13:03:50,BTCUSD_PERP,bid,60300,654.43
2024-08-23 13:03:50,BTCUSD_PERP,bid,60300,714.21
2024-08-23 13:04:41,BTCUSD_PERP,bid,60300,654.43
2024-08-23 13:04:41,BTCUSD_PERP,bid,60300,595.26
2024-08-23 13:04:41,BTCUSD_PERP,bid,60300,535.48
2024-08-23 13:08:01,BTCUSD_PERP,bid,60400,536.71
2024-08-23 13:08:01,BTCUSD_PERP,bid,60400,596.56
2024-08-23 13:09:15,BTCUSD_PERP,bid,60400,536.4
2024-08-23 13:16:10,BTCUSD_PERP,bid,60400,535.72
2024-08-23 13:20:18,BTCUSD_PERP,bid,60300,536.09
2024-08-23 13:20:18,BTCUSD_PERP,bid,60300,595.87
2024-08-23 13:20:47,BTCUSD_PERP,bid,60300,535.48
2024-08-23 13:21:31,BTCUSD_PERP,bid,60300,536.68
2024-08-23 13:22:37,BTCUSD_PERP,bid,60300,535.82
2024-08-23 13:22:37,BTCUSD_PERP,bid,60300,595.57
2024-08-23 13:23:14,BTCUSD_PERP,bid,60300,535.48
2024-08-23 13:25:59,BTCUSD_PERP,bid,60300,536.43
2024-08-23 13:39:19,BTCUSD_PERP,bid,60400,535.76
2024-08-23 13:39:19,BTCUSD_PERP,bid,60400,594.95
2024-08-23 13:45:31,BTCUSD_PERP,bid,60400,536.11
2024-08-23 13:45:57,BTCUSD_PERP,bid,60400,537.31
2024-08-23 13:47:29,BTCUSD_PERP,bid,60400,536.11
2024-08-23 13:47:52,BTCUSD_PERP,bid,60400,546.55
2024-08-23 13:47:52,BTCUSD_PERP,bid,60400,605.82
2024-08-23 13:47:52,BTCUSD_PERP,bid,60400,784.85
2024-08-23 13:47:59,BTCUSD_PERP,bid,60400,784.89
2024-08-23 13:48:00,BTCUSD_PERP,bid,60400,784.93
2024-08-23 13:48:40,BTCUSD_PERP,bid,60400,725.66
2024-08-23 13:48:41,BTCUSD_PERP,bid,60400,665.78
2024-08-23 13:48:41,BTCUSD_PERP,bid,60400,606.51
2024-08-23 13:48:41,BTCUSD_PERP,bid,60400,546.63
2024-08-23 13:49:05,BTCUSD_PERP,bid,60500,537.11
2024-08-23 13:49:05,BTCUSD_PERP,bid,60500,656.29
2024-08-23 13:49:05,BTCUSD_PERP,bid,60400,498.26
2024-08-23 13:49:05,BTCUSD_PERP,bid,60500,715.63
2024-08-23 13:49:05,BTCUSD_PERP,bid,60500,954.81
2024-08-23 13:49:05,BTCUSD_PERP,bid,60500,1014.76
2024-08-23 13:49:05,BTCUSD_PERP,bid,60500,1084.79
2024-08-23 13:49:05,BTCUSD_PERP,bid,60400,558.15
2024-08-23 13:49:06,BTCUSD_PERP,bid,60400,603.07
2024-08-23 13:49:10,BTCUSD_PERP,bid,60500,966.11
2024-08-23 13:49:11,BTCUSD_PERP,bid,60400,543.18
2024-08-23 13:49:11,BTCUSD_PERP,bid,60500,906.16
2024-08-23 13:49:11,BTCUSD_PERP,bid,60500,786.26
2024-08-23 13:49:11,BTCUSD_PERP,bid,60500,726.92
2024-08-23 13:49:11,BTCUSD_PERP,bid,60500,666.97
2024-08-23 13:49:11,BTCUSD_PERP,bid,60500,607.13
2024-08-23 13:49:11,BTCUSD_PERP,bid,60600,538.59
2024-08-23 13:49:12,BTCUSD_PERP,bid,60600,657.96
2024-08-23 13:49:12,BTCUSD_PERP,bid,60600,777.33
2024-08-23 13:49:12,BTCUSD_PERP,bid,60600,837.32
2024-08-23 13:49:12,BTCUSD_PERP,bid,60600,911.7
2024-08-23 13:49:12,BTCUSD_PERP,bid,60600,971.08
2024-08-23 13:49:12,BTCUSD_PERP,bid,60600,1031.07
2024-08-23 13:49:12,BTCUSD_PERP,bid,60600,1090.45
2024-08-23 13:49:12,BTCUSD_PERP,bid,60500,523.28
2024-08-23 13:49:12,BTCUSD_PERP,bid,60600,1092.6
2024-08-23 13:49:38,BTCUSD_PERP,bid,60600,1032.61
2024-08-23 13:49:38,BTCUSD_PERP,bid,60600,972.62
2024-08-23 13:49:38,BTCUSD_PERP,bid,60600,912.63
2024-08-23 13:49:38,BTCUSD_PERP,bid,60600,793.26
2024-08-23 13:49:38,BTCUSD_PERP,bid,60600,733.88
2024-08-23 13:49:39,BTCUSD_PERP,bid,60600,673.89
2024-08-23 13:49:39,BTCUSD_PERP,bid,60600,614.0
2024-08-23 13:49:39,BTCUSD_PERP,bid,60600,554.01
2024-08-23 13:49:40,BTCUSD_PERP,bid,60600,548.66
2024-08-23 13:49:40,BTCUSD_PERP,bid,60600,608.09
2024-08-23 13:49:49,BTCUSD_PERP,bid,60600,548.66
2024-08-23 13:49:49,BTCUSD_PERP,bid,60600,548.62
2024-08-23 13:49:50,BTCUSD_PERP,bid,60600,537.62
2024-08-23 13:52:34,BTCUSD_PERP,bid,60600,534.61
2024-08-23 14:04:00,BTCUSD_PERP,bid,60600,837.2
2024-08-23 14:05:02,BTCUSD_PERP,bid,60600,777.13
2024-08-23 14:05:02,BTCUSD_PERP,bid,60600,717.68
2024-08-23 14:05:02,BTCUSD_PERP,bid,60600,657.61
2024-08-23 14:05:03,BTCUSD_PERP,bid,60600,537.47
2024-08-23 14:08:59,BTCUSD_PERP,bid,60600,524.18
2024-08-23 14:10:14,BTCUSD_PERP,bid,60600,658.22
2024-08-23 14:10:14,BTCUSD_PERP,bid,60600,523.97
2024-08-23 14:10:23,BTCUSD_PERP,ask,62000,490.35
2024-08-23 14:10:23,BTCUSD_PERP,ask,62000,551.71
2024-08-23 14:10:23,BTCUSD_PERP,ask,62000,613.07
2024-08-23 14:10:29,BTCUSD_PERP,bid,60600,656.59
2024-08-23 14:12:17,BTCUSD_PERP,bid,60600,537.75
2024-08-23 14:12:17,BTCUSD_PERP,bid,60600,716.84
2024-08-23 14:12:18,BTCUSD_PERP,bid,60600,716.88
2024-08-23 14:15:16,BTCUSD_PERP,bid,60600,538.1
2024-08-23 14:15:17,BTCUSD_PERP,bid,60600,537.11
2024-08-23 14:18:49,BTCUSD_PERP,bid,60600,725.7
2024-08-23 14:20:33,BTCUSD_PERP,bid,60500,655.89
2024-08-23 14:20:33,BTCUSD_PERP,bid,60500,715.25
2024-08-23 14:26:52,BTCUSD_PERP,bid,60500,536.81
2024-08-23 14:28:30,BTCUSD_PERP,bid,60500,595.85
2024-08-23 14:28:30,BTCUSD_PERP,bid,60500,655.81
2024-08-23 14:30:47,BTCUSD_PERP,bid,60500,595.85
2024-08-23 14:30:47,BTCUSD_PERP,bid,60500,536.5
2024-08-23 14:30:49,BTCUSD_PERP,bid,60500,546.3
2024-08-23 14:30:49,BTCUSD_PERP,bid,60500,606.23
2024-08-23 14:30:49,BTCUSD_PERP,bid,60500,665.55
2024-08-23 14:32:51,BTCUSD_PERP,bid,60500,546.3
2024-08-23 14:32:52,BTCUSD_PERP,bid,60500,536.49
2024-08-23 14:34:32,BTCUSD_PERP,bid,60500,536.22
2024-08-23 14:37:52,BTCUSD_PERP,bid,60500,536.56
2024-08-23 14:53:31,BTCUSD_PERP,bid,60500,536.23
2024-08-23 14:54:07,BTCUSD_PERP,bid,60500,535.98
2024-08-23 14:54:07,BTCUSD_PERP,bid,60500,655.9
2024-08-23 14:54:07,BTCUSD_PERP,bid,60500,774.6
2024-08-23 14:54:11,BTCUSD_PERP,bid,60500,774.64
2024-08-23 14:55:36,BTCUSD_PERP,bid,60500,715.29
2024-08-23 14:55:36,BTCUSD_PERP,bid,60500,655.94
2024-08-23 14:55:36,BTCUSD_PERP,bid,60500,595.98
2024-08-23 14:55:38,BTCUSD_PERP,bid,60600,538.02
2024-08-23 14:55:38,BTCUSD_PERP,bid,60600,656.78
2024-08-23 14:55:38,BTCUSD_PERP,bid,60600,775.54
2024-08-23 14:57:32,BTCUSD_PERP,bid,60500,655.29
2024-08-23 14:57:54,BTCUSD_PERP,bid,60500,595.33
2024-08-23 14:57:54,BTCUSD_PERP,bid,60500,535.37
2024-08-23 14:57:55,BTCUSD_PERP,bid,60500,536.93
2024-08-23 14:58:29,BTCUSD_PERP,bid,60500,715.26
2024-08-23 14:58:29,BTCUSD_PERP,bid,60500,775.22
2024-08-23 14:58:40,BTCUSD_PERP,bid,60500,789.73
2024-08-23 14:58:41,BTCUSD_PERP,bid,60500,791.9
2024-08-23 14:58:51,BTCUSD_PERP,bid,60500,777.39
2024-08-23 14:58:52,BTCUSD_PERP,bid,60500,775.22
2024-08-23 15:00:45,BTCUSD_PERP,bid,60500,536.31
2024-08-23 15:00:45,BTCUSD_PERP,bid,60500,596.24
2024-08-23 15:01:55,BTCUSD_PERP,bid,60500,536.92
2024-08-23 15:02:31,BTCUSD_PERP,bid,60600,538.06
2024-08-23 15:02:31,BTCUSD_PERP,bid,60600,658.06
2024-08-23 15:02:32,BTCUSD_PERP,bid,60500,538.34
2024-08-23 15:02:32,BTCUSD_PERP,bid,60600,836.83
2024-08-23 15:02:32,BTCUSD_PERP,bid,60600,1016.22
2024-08-23 15:02:32,BTCUSD_PERP,bid,60600,1135.0
2024-08-23 15:02:32,BTCUSD_PERP,bid,60500,583.29
2024-08-23 15:02:32,BTCUSD_PERP,bid,60600,1195.0
2024-08-23 15:09:59,BTCUSD_PERP,bid,60500,523.35
2024-08-23 15:09:59,BTCUSD_PERP,bid,60600,1135.61
2024-08-23 15:09:59,BTCUSD_PERP,bid,60600,956.84
2024-08-23 15:10:00,BTCUSD_PERP,bid,60600,897.45
2024-08-23 15:10:00,BTCUSD_PERP,bid,60600,838.06
2024-08-23 15:10:00,BTCUSD_PERP,bid,60600,718.06
2024-08-23 15:10:00,BTCUSD_PERP,bid,60500,595.92
2024-08-23 15:10:00,BTCUSD_PERP,bid,60600,598.78
2024-08-23 15:10:00,BTCUSD_PERP,bid,60500,655.89
2024-08-23 15:10:00,BTCUSD_PERP,bid,60600,538.78
2024-08-23 15:10:00,BTCUSD_PERP,bid,60500,775.83
2024-08-23 15:10:01,BTCUSD_PERP,bid,60500,895.16
2024-08-23 15:10:01,BTCUSD_PERP,bid,60500,955.13
2024-08-23 15:10:01,BTCUSD_PERP,bid,60500,1015.1
2024-08-23 15:10:02,BTCUSD_PERP,bid,60500,1074.46
2024-08-23 15:10:57,BTCUSD_PERP,bid,60600,597.55
2024-08-23 15:10:57,BTCUSD_PERP,bid,60500,523.4
2024-08-23 15:10:57,BTCUSD_PERP,bid,60600,716.94
2024-08-23 15:10:57,BTCUSD_PERP,bid,60500,583.29
2024-08-23 15:10:57,BTCUSD_PERP,bid,60600,836.33
2024-08-23 15:10:57,BTCUSD_PERP,bid,60600,895.72
2024-08-23 15:11:49,BTCUSD_PERP,bid,60500,523.35
2024-08-23 15:11:49,BTCUSD_PERP,bid,60600,836.33
2024-08-23 15:11:49,BTCUSD_PERP,bid,60600,716.94
2024-08-23 15:11:49,BTCUSD_PERP,bid,60600,537.55
2024-08-23 15:11:49,BTCUSD_PERP,bid,60600,537.73
2024-08-23 15:11:49,BTCUSD_PERP,bid,60600,717.21
2024-08-23 15:11:50,BTCUSD_PERP,bid,60600,777.24
2024-08-23 15:11:50,BTCUSD_PERP,bid,60600,836.66
2024-08-23 15:11:50,BTCUSD_PERP,bid,60500,523.65
2024-08-23 15:11:50,BTCUSD_PERP,bid,60600,896.69
2024-08-23 15:11:50,BTCUSD_PERP,bid,60600,1076.17
2024-08-23 15:11:50,BTCUSD_PERP,bid,60600,1135.59
2024-08-23 15:11:50,BTCUSD_PERP,bid,60600,1195.62
2024-08-23 15:11:51,BTCUSD_PERP,bid,60600,1195.66
2024-08-23 15:11:58,BTCUSD_PERP,bid,60600,1195.7
2024-08-23 15:13:03,BTCUSD_PERP,bid,60600,1196.31
2024-08-23 15:15:20,BTCUSD_PERP,bid,60600,1196.27
2024-08-23 15:15:23,BTCUSD_PERP,bid,60600,1196.23
2024-08-23 15:16:03,BTCUSD_PERP,bid,60600,1195.62
2024-08-23 15:17:21,BTCUSD_PERP,bid,60500,583.61
2024-08-23 15:17:22,BTCUSD_PERP,bid,60600,1076.17
2024-08-23 15:17:22,BTCUSD_PERP,bid,60500,523.65
2024-08-23 15:17:22,BTCUSD_PERP,bid,60600,1016.14
2024-08-23 15:17:22,BTCUSD_PERP,bid,60600,956.11
2024-08-23 15:17:22,BTCUSD_PERP,bid,60600,776.63
2024-08-23 15:17:22,BTCUSD_PERP,bid,60600,657.18
2024-08-23 15:17:22,BTCUSD_PERP,bid,60600,538.77
2024-08-23 15:17:22,BTCUSD_PERP,bid,60600,597.15
2024-08-23 15:17:22,BTCUSD_PERP,bid,60600,537.73
2024-08-23 15:17:22,BTCUSD_PERP,bid,60600,598.84
2024-08-23 15:17:22,BTCUSD_PERP,bid,60600,658.29
2024-08-23 15:17:23,BTCUSD_PERP,bid,60600,718.25
2024-08-23 15:17:23,BTCUSD_PERP,bid,60600,838.39
2024-08-23 15:17:23,BTCUSD_PERP,bid,60600,534.05
2024-08-23 15:17:23,BTCUSD_PERP,bid,60600,898.46
2024-08-23 15:17:23,BTCUSD_PERP,bid,60600,957.92
2024-08-23 15:17:23,BTCUSD_PERP,bid,60600,1017.38
2024-08-23 15:17:23,BTCUSD_PERP,bid,60600,1136.29
2024-08-23 15:17:24,BTCUSD_PERP,bid,60600,1196.36
2024-08-23 15:17:52,BTCUSD_PERP,bid,60600,1077.46
2024-08-23 15:17:52,BTCUSD_PERP,bid,60600,897.25
2024-08-23 15:17:52,BTCUSD_PERP,bid,60600,837.8
2024-08-23 15:17:52,BTCUSD_PERP,bid,60600,777.73
2024-08-23 15:17:53,BTCUSD_PERP,bid,60600,717.66
2024-08-23 15:17:53,BTCUSD_PERP,bid,60600,657.7
2024-08-23 15:17:53,BTCUSD_PERP,bid,60600,538.17
2024-08-23 15:17:54,BTCUSD_PERP,bid,60600,584.27
2024-08-23 15:22:48,BTCUSD_PERP,bid,60600,524.68
2024-08-23 15:22:49,BTCUSD_PERP,bid,60600,537.42
2024-08-23 15:22:49,BTCUSD_PERP,bid,60600,597.49
2024-08-23 15:22:49,BTCUSD_PERP,bid,60600,657.56
2024-08-23 15:22:49,BTCUSD_PERP,bid,60600,777.7
2024-08-23 15:22:49,BTCUSD_PERP,bid,60600,897.84
2024-08-23 15:22:49,BTCUSD_PERP,bid,60600,957.29
2024-08-23 15:22:49,BTCUSD_PERP,bid,60600,523.9
2024-08-23 15:22:49,BTCUSD_PERP,bid,60600,1016.74
2024-08-23 15:22:50,BTCUSD_PERP,bid,60600,583.9
2024-08-23 15:22:50,BTCUSD_PERP,bid,60600,1196.33
2024-08-23 15:23:31,BTCUSD_PERP,bid,60600,1136.88
2024-08-23 15:23:31,BTCUSD_PERP,bid,60600,523.9
2024-08-23 15:23:31,BTCUSD_PERP,bid,60600,1016.85
2024-08-23 15:23:31,BTCUSD_PERP,bid,60600,897.33
2024-08-23 15:23:31,BTCUSD_PERP,bid,60600,837.88
2024-08-23 15:23:31,BTCUSD_PERP,bid,60600,718.36
2024-08-23 15:23:32,BTCUSD_PERP,bid,60600,598.22
2024-08-23 15:31:19,BTCUSD_PERP,bid,60600,658.83
2024-08-23 15:34:44,BTCUSD_PERP,bid,60600,598.77
2024-08-23 15:34:44,BTCUSD_PERP,bid,60600,539.32
2024-08-23 15:37:16,BTCUSD_PERP,bid,60600,538.68
2024-08-23 15:37:16,BTCUSD_PERP,bid,60600,718.24
2024-08-23 15:37:36,BTCUSD_PERP,bid,60600,599.36
2024-08-23 15:37:36,BTCUSD_PERP,bid,60600,537.74
2024-08-23 15:37:36,BTCUSD_PERP,bid,60600,896.64
2024-08-23 15:37:36,BTCUSD_PERP,bid,60500,524.16
2024-08-23 15:37:36,BTCUSD_PERP,bid,60600,956.66
2024-08-23 15:38:29,BTCUSD_PERP,bid,60600,717.19
2024-08-23 15:38:29,BTCUSD_PERP,bid,60600,1016.68
2024-08-23 15:38:29,BTCUSD_PERP,bid,60600,1076.74
2024-08-23 15:38:29,BTCUSD_PERP,bid,60600,524.44
2024-08-23 15:45:21,BTCUSD_PERP,bid,60600,548.65
2024-08-23 15:45:40,BTCUSD_PERP,bid,60600,956.62
2024-08-23 15:45:40,BTCUSD_PERP,bid,60600,896.56
2024-08-23 15:45:40,BTCUSD_PERP,bid,60600,836.5
2024-08-23 15:45:40,BTCUSD_PERP,bid,60600,717.0
2024-08-23 15:45:40,BTCUSD_PERP,bid,60600,657.56
2024-08-23 15:45:41,BTCUSD_PERP,bid,60600,524.25
2024-08-23 15:47:25,BTCUSD_PERP,bid,60600,524.52
2024-08-23 15:50:11,BTCUSD_PERP,bid,60600,524.63
2024-08-23 15:50:11,BTCUSD_PERP,bid,60600,584.66
2024-08-23 15:54:47,BTCUSD_PERP,bid,60600,524.6
2024-08-23 15:54:48,BTCUSD_PERP,bid,60600,524.35
2024-08-23 15:54:48,BTCUSD_PERP,bid,60600,584.35
2024-08-23 15:57:37,BTCUSD_PERP,bid,60600,524.32
2024-08-23 16:41:10,BTCUSD_PERP,bid,60600,537.99
2024-08-23 16:41:27,BTCUSD_PERP,bid,60500,523.59
2024-08-23 16:41:28,BTCUSD_PERP,bid,60500,583.51
2024-08-23 16:43:11,BTCUSD_PERP,bid,60500,523.55
2024-08-23 16:45:21,BTCUSD_PERP,bid,60600,495.01
2024-08-23 16:47:47,BTCUSD_PERP,bid,60500,500.91
2024-08-23 16:47:47,BTCUSD_PERP,bid,60500,560.21
2024-08-23 17:02:59,BTCUSD_PERP,bid,47000,2444.36
2024-08-23 17:03:15,BTCUSD_PERP,bid,60500,535.95
2024-08-23 17:03:16,BTCUSD_PERP,bid,60500,595.85
2024-08-23 17:05:14,BTCUSD_PERP,bid,60500,536.83
2024-08-23 17:05:14,BTCUSD_PERP,bid,60500,596.15
2024-08-23 17:05:50,BTCUSD_PERP,bid,60500,536.83
2024-08-23 17:05:52,BTCUSD_PERP,bid,60500,537.19
2024-08-23 17:05:52,BTCUSD_PERP,bid,60500,597.16
2024-08-23 17:05:52,BTCUSD_PERP,bid,60500,717.1
2024-08-23 17:06:32,BTCUSD_PERP,bid,60500,538.41
2024-08-23 17:06:33,BTCUSD_PERP,bid,60600,538.29
2024-08-23 17:06:59,BTCUSD_PERP,bid,60500,537.19
2024-08-23 17:06:59,BTCUSD_PERP,bid,60500,835.82
2024-08-23 17:06:59,BTCUSD_PERP,bid,60500,895.79
2024-08-23 17:08:01,BTCUSD_PERP,bid,60500,776.46
2024-08-23 17:08:01,BTCUSD_PERP,bid,60500,717.1
2024-08-23 17:08:02,BTCUSD_PERP,bid,60500,657.13
2024-08-23 17:08:02,BTCUSD_PERP,bid,60600,596.85
2024-08-23 17:08:02,BTCUSD_PERP,bid,60600,716.85
2024-08-23 17:08:02,BTCUSD_PERP,bid,60600,776.24
2024-08-23 17:08:03,BTCUSD_PERP,bid,60600,836.24
2024-08-23 17:08:03,BTCUSD_PERP,bid,60600,955.63
2024-08-23 17:08:03,BTCUSD_PERP,bid,60600,1015.63
2024-08-23 17:11:55,BTCUSD_PERP,bid,60600,955.63
2024-08-23 17:11:55,BTCUSD_PERP,bid,60600,895.63
2024-08-23 17:11:55,BTCUSD_PERP,bid,60500,836.43
2024-08-23 17:12:42,BTCUSD_PERP,bid,60500,895.34
2024-08-23 17:12:43,BTCUSD_PERP,bid,60500,955.28
2024-08-23 17:26:49,BTCUSD_PERP,bid,60500,895.34
2024-08-23 17:29:23,BTCUSD_PERP,bid,60500,836.01
2024-08-23 17:29:23,BTCUSD_PERP,bid,60500,717.35
2024-08-23 17:29:23,BTCUSD_PERP,bid,60500,658.02
2024-08-23 17:29:24,BTCUSD_PERP,bid,60500,539.36
2024-08-23 18:05:19,BTCUSD_PERP,bid,60400,714.2
2024-08-23 18:05:19,BTCUSD_PERP,bid,60400,774.03
2024-08-23 18:05:19,BTCUSD_PERP,bid,60400,833.86
2024-08-23 18:05:42,BTCUSD_PERP,bid,60400,774.64
2024-08-23 18:05:42,BTCUSD_PERP,bid,60400,595.76
2024-08-23 18:05:42,BTCUSD_PERP,bid,60400,535.93
2024-08-23 18:05:43,BTCUSD_PERP,bid,60400,535.63
2024-08-23 18:05:43,BTCUSD_PERP,bid,60400,715.21
2024-08-23 18:05:43,BTCUSD_PERP,bid,60400,775.07
2024-08-23 18:05:43,BTCUSD_PERP,bid,60400,893.57
2024-08-23 18:05:59,BTCUSD_PERP,bid,60400,833.71
2024-08-23 18:05:59,BTCUSD_PERP,bid,60400,773.85
2024-08-23 18:05:59,BTCUSD_PERP,bid,60400,713.99
2024-08-23 18:05:59,BTCUSD_PERP,bid,60400,654.74
2024-08-23 18:06:00,BTCUSD_PERP,bid,60400,595.49
2024-08-23 18:06:05,BTCUSD_PERP,ask,64500,1616.58
2024-08-23 18:06:37,BTCUSD_PERP,bid,60400,535.38
2024-08-23 18:08:33,BTCUSD_PERP,bid,60300,550.5
2024-08-23 18:08:33,BTCUSD_PERP,bid,60300,610.21
2024-08-23 18:08:34,BTCUSD_PERP,bid,60300,669.92
2024-08-23 18:08:48,BTCUSD_PERP,bid,60300,610.21
2024-08-23 18:08:48,BTCUSD_PERP,bid,60300,550.5
2024-08-23 18:20:29,BTCUSD_PERP,bid,60300,655.02
2024-08-23 18:20:39,BTCUSD_PERP,bid,60200,535.8
2024-08-23 18:20:49,BTCUSD_PERP,bid,60200,535.53
2024-08-23 18:21:58,BTCUSD_PERP,bid,60200,593.66
2024-08-23 18:22:14,BTCUSD_PERP,bid,60200,534.04
2024-08-23 18:22:16,BTCUSD_PERP,bid,60200,534.44
2024-08-23 18:22:31,BTCUSD_PERP,bid,60200,770.82
2024-08-23 18:22:31,BTCUSD_PERP,bid,60200,890.08
2024-08-23 18:22:56,BTCUSD_PERP,bid,60200,831.06
2024-08-23 18:22:56,BTCUSD_PERP,bid,60200,711.9
2024-08-23 18:22:56,BTCUSD_PERP,bid,60200,652.27
2024-08-23 18:22:57,BTCUSD_PERP,bid,60200,534.4
2024-08-23 18:22:57,BTCUSD_PERP,bid,60200,594.06
2024-08-23 18:22:58,BTCUSD_PERP,bid,60200,713.38
2024-08-23 18:22:58,BTCUSD_PERP,bid,60200,831.48
2024-08-23 18:22:58,BTCUSD_PERP,bid,60200,890.53
2024-08-23 18:23:49,BTCUSD_PERP,bid,60200,772.43
2024-08-23 18:23:49,BTCUSD_PERP,bid,60200,712.77
2024-08-23 18:23:49,BTCUSD_PERP,bid,60200,594.06
2024-08-23 18:23:49,BTCUSD_PERP,bid,60200,534.4
2024-08-23 18:23:50,BTCUSD_PERP,bid,60200,535.31
2024-08-23 18:23:50,BTCUSD_PERP,bid,60200,654.09
2024-08-23 18:23:50,BTCUSD_PERP,bid,60200,713.17
2024-08-23 18:26:01,BTCUSD_PERP,bid,60200,653.48
2024-08-23 18:26:01,BTCUSD_PERP,bid,60200,594.39
2024-08-23 18:26:02,BTCUSD_PERP,bid,60300,535.03
2024-08-23 18:26:03,BTCUSD_PERP,bid,60300,653.88
2024-08-23 18:34:18,BTCUSD_PERP,bid,60200,534.45
2024-08-23 18:34:18,BTCUSD_PERP,bid,60200,594.11
2024-08-23 18:37:40,BTCUSD_PERP,ask,2960000,90.63
2024-08-23 18:47:13,BTCUSD_PERP,bid,60200,535.05
2024-08-23 18:51:06,BTCUSD_PERP,bid,60200,594.06
2024-08-23 18:51:07,BTCUSD_PERP,bid,60200,653.71
2024-08-23 18:51:26,BTCUSD_PERP,bid,60200,594.06
2024-08-23 18:51:27,BTCUSD_PERP,bid,60200,534.69
2024-08-23 18:51:28,BTCUSD_PERP,bid,60200,593.7
2024-08-23 18:51:28,BTCUSD_PERP,bid,60200,653.31
2024-08-23 18:57:27,BTCUSD_PERP,bid,60100,594.0
2024-08-23 18:57:27,BTCUSD_PERP,bid,60100,653.58
2024-08-23 18:57:43,BTCUSD_PERP,bid,60100,594.0
2024-08-23 18:57:43,BTCUSD_PERP,bid,60100,534.42
2024-08-23 18:57:44,BTCUSD_PERP,bid,60200,594.29
2024-08-23 18:57:44,BTCUSD_PERP,bid,60200,653.9
2024-08-23 18:57:44,BTCUSD_PERP,bid,60200,712.91
2024-08-23 18:57:44,BTCUSD_PERP,bid,60200,772.52
2024-08-23 18:57:45,BTCUSD_PERP,bid,60200,772.56
2024-08-23 19:00:33,BTCUSD_PERP,bid,60200,712.95
2024-08-23 19:00:33,BTCUSD_PERP,bid,60200,534.73
2024-08-23 19:00:33,BTCUSD_PERP,bid,60200,533.85
2024-08-23 19:00:34,BTCUSD_PERP,bid,60200,652.55
2024-08-23 19:00:34,BTCUSD_PERP,bid,60200,712.2
2024-08-23 19:00:34,BTCUSD_PERP,bid,60200,771.85
2024-08-23 19:00:34,BTCUSD_PERP,bid,60200,831.5
2024-08-23 19:02:46,BTCUSD_PERP,bid,60200,771.85
2024-08-23 19:02:46,BTCUSD_PERP,bid,60200,653.15
2024-08-23 19:02:46,BTCUSD_PERP,bid,60200,593.5
2024-08-23 19:02:47,BTCUSD_PERP,bid,60200,535.38
2024-08-23 19:02:47,BTCUSD_PERP,bid,60200,594.46
2024-08-23 19:02:47,BTCUSD_PERP,bid,60200,653.54
2024-08-23 19:02:48,BTCUSD_PERP,bid,60200,713.23
2024-08-23 19:02:48,BTCUSD_PERP,bid,60200,772.31
2024-08-23 19:02:51,BTCUSD_PERP,bid,60200,772.35
2024-08-23 19:04:20,BTCUSD_PERP,bid,47000,2442.01
2024-08-23 19:05:23,BTCUSD_PERP,bid,60200,594.5
2024-08-23 19:05:24,BTCUSD_PERP,bid,60300,535.65
2024-08-23 19:05:24,BTCUSD_PERP,bid,60300,595.37
2024-08-23 19:05:24,BTCUSD_PERP,bid,60300,655.09
2024-08-23 19:05:25,BTCUSD_PERP,bid,60300,714.2
2024-08-23 19:07:03,BTCUSD_PERP,bid,60300,654.48
2024-08-23 19:07:03,BTCUSD_PERP,bid,60300,535.65
2024-08-23 19:07:04,BTCUSD_PERP,bid,60300,535.95
2024-08-23 19:07:04,BTCUSD_PERP,bid,60300,654.85
2024-08-23 19:07:05,BTCUSD_PERP,bid,60300,714.0
2024-08-23 19:10:26,BTCUSD_PERP,bid,60300,535.65
2024-08-23 19:13:02,BTCUSD_PERP,bid,60200,713.23
2024-08-23 19:13:02,BTCUSD_PERP,bid,60200,772.92
2024-08-23 19:19:06,BTCUSD_PERP,bid,60200,713.23
2024-08-23 19:19:07,BTCUSD_PERP,bid,60200,594.46
2024-08-23 19:19:07,BTCUSD_PERP,bid,60300,535.59
2024-08-23 19:19:07,BTCUSD_PERP,bid,60300,654.43
2024-08-23 19:19:07,BTCUSD_PERP,bid,60300,713.55
2024-08-23 19:19:08,BTCUSD_PERP,bid,60300,773.27
2024-08-23 19:19:14,BTCUSD_PERP,bid,60300,773.31
2024-08-23 19:19:26,BTCUSD_PERP,bid,60300,773.35
2024-08-23 19:21:47,BTCUSD_PERP,bid,60300,654.51
2024-08-23 19:21:47,BTCUSD_PERP,bid,60300,594.79
2024-08-23 19:33:32,BTCUSD_PERP,bid,60300,535.35
2024-08-23 19:33:32,BTCUSD_PERP,bid,60300,595.11
2024-08-23 19:33:32,BTCUSD_PERP,bid,60300,654.87
2024-08-23 19:33:37,BTCUSD_PERP,bid,60300,654.91
2024-08-23 19:37:03,BTCUSD_PERP,bid,60300,654.87
2024-08-23 19:37:27,BTCUSD_PERP,bid,60300,535.95
2024-08-23 19:42:40,BTCUSD_PERP,bid,60400,536.74
2024-08-23 19:42:40,BTCUSD_PERP,bid,60400,522.06
2024-08-23 19:42:40,BTCUSD_PERP,bid,60400,656.44
2024-08-23 19:42:41,BTCUSD_PERP,bid,60400,785.61
2024-08-23 19:42:41,BTCUSD_PERP,bid,60400,581.85
2024-08-23 19:42:41,BTCUSD_PERP,bid,60400,904.11
2024-08-23 19:42:41,BTCUSD_PERP,bid,60400,963.96
2024-08-23 19:42:55,BTCUSD_PERP,bid,60400,964.0
2024-08-23 19:43:03,BTCUSD_PERP,bid,60400,964.04
2024-08-23 19:44:15,BTCUSD_PERP,bid,60400,964.08
2024-08-23 19:45:39,BTCUSD_PERP,bid,60400,666.63
2024-08-23 19:45:39,BTCUSD_PERP,bid,60400,834.33
2024-08-23 19:45:39,BTCUSD_PERP,bid,60300,521.98
2024-08-23 19:45:39,BTCUSD_PERP,bid,60300,581.69
2024-08-23 19:45:39,BTCUSD_PERP,bid,60400,894.15
2024-08-23 19:46:43,BTCUSD_PERP,bid,60300,536.87
2024-08-23 19:46:43,BTCUSD_PERP,bid,60400,774.51
2024-08-23 19:46:43,BTCUSD_PERP,bid,60400,655.48
2024-08-23 19:46:43,BTCUSD_PERP,bid,60400,595.66
2024-08-23 19:46:43,BTCUSD_PERP,bid,60400,536.45
2024-08-23 19:46:44,BTCUSD_PERP,bid,60400,536.69
2024-08-23 19:46:44,BTCUSD_PERP,bid,60400,595.92
2024-08-23 19:46:44,BTCUSD_PERP,bid,60400,655.77
2024-08-23 19:46:44,BTCUSD_PERP,bid,60400,715.62
2024-08-23 19:46:45,BTCUSD_PERP,bid,60300,522.05
2024-08-23 19:46:45,BTCUSD_PERP,bid,60400,774.85
2024-08-23 19:46:45,BTCUSD_PERP,bid,60400,894.55
2024-08-23 19:46:45,BTCUSD_PERP,bid,60300,581.84
2024-08-23 19:46:45,BTCUSD_PERP,bid,60400,1072.86
2024-08-23 19:47:10,BTCUSD_PERP,bid,60400,1013.63
2024-08-23 19:47:10,BTCUSD_PERP,bid,60300,522.05
2024-08-23 19:47:10,BTCUSD_PERP,bid,60400,953.78
2024-08-23 19:47:10,BTCUSD_PERP,bid,60400,893.93
2024-08-23 19:47:10,BTCUSD_PERP,bid,60400,714.38
2024-08-23 19:47:10,BTCUSD_PERP,bid,60400,595.3
2024-08-23 19:47:11,BTCUSD_PERP,bid,60400,535.45
2024-08-23 19:48:59,BTCUSD_PERP,bid,60500,536.71
2024-08-23 19:49:00,BTCUSD_PERP,bid,60500,656.07
2024-08-23 19:49:00,BTCUSD_PERP,bid,60500,716.05
2024-08-23 19:49:00,BTCUSD_PERP,bid,60500,776.03
2024-08-23 19:49:10,BTCUSD_PERP,bid,60500,596.4
2024-08-23 19:49:10,BTCUSD_PERP,bid,60500,656.35
2024-08-23 19:49:31,BTCUSD_PERP,bid,60500,597.0
2024-08-23 19:49:31,BTCUSD_PERP,bid,60500,537.05
2024-08-23 19:52:44,BTCUSD_PERP,bid,60600,538.45
2024-08-23 19:53:38,BTCUSD_PERP,bid,60600,538.61
2024-08-23 19:54:47,BTCUSD_PERP,bid,60700,538.88
2024-08-23 19:55:24,BTCUSD_PERP,bid,60600,538.62
2024-08-23 19:55:43,BTCUSD_PERP,bid,60600,538.34
2024-08-23 20:06:53,BTCUSD_PERP,bid,60600,656.24
2024-08-23 20:06:53,BTCUSD_PERP,bid,60600,716.24
2024-08-23 20:07:55,BTCUSD_PERP,bid,60600,656.85
2024-08-23 20:07:56,BTCUSD_PERP,bid,60600,597.46
2024-08-23 20:07:57,BTCUSD_PERP,bid,60600,537.12
2024-08-23 20:07:57,BTCUSD_PERP,bid,60600,597.15
2024-08-23 20:07:57,BTCUSD_PERP,bid,60600,657.18
2024-08-23 20:08:41,BTCUSD_PERP,bid,60600,537.53
2024-08-23 20:08:41,BTCUSD_PERP,bid,60600,597.53
2024-08-23 20:11:32,BTCUSD_PERP,bid,60600,538.14
2024-08-23 20:11:35,BTCUSD_PERP,bid,60500,537.19
2024-08-23 20:13:10,BTCUSD_PERP,bid,60500,610.75
2024-08-23 20:13:11,BTCUSD_PERP,bid,60500,670.69
2024-08-23 20:13:11,BTCUSD_PERP,bid,60500,730.02
2024-08-23 20:13:53,BTCUSD_PERP,bid,60500,595.95
2024-08-23 20:13:53,BTCUSD_PERP,bid,60500,655.86
2024-08-23 20:13:54,BTCUSD_PERP,bid,60500,715.16
2024-08-23 20:13:58,BTCUSD_PERP,bid,60400,535.73
2024-08-23 20:13:58,BTCUSD_PERP,bid,60400,595.6
2024-08-23 20:14:31,BTCUSD_PERP,bid,60400,536.33
2024-08-23 20:14:33,BTCUSD_PERP,bid,60500,608.03
2024-08-23 20:14:48,BTCUSD_PERP,bid,60400,595.65
2024-08-23 20:14:48,BTCUSD_PERP,bid,60400,655.53
2024-08-23 20:14:49,BTCUSD_PERP,bid,60400,714.8
2024-08-23 20:14:51,BTCUSD_PERP,bid,60400,714.84
2024-08-23 20:15:24,BTCUSD_PERP,bid,60400,655.57
2024-08-23 20:15:27,BTCUSD_PERP,bid,60500,595.95
2024-08-23 20:15:27,BTCUSD_PERP,bid,60500,655.25
2024-08-23 20:15:27,BTCUSD_PERP,bid,60500,715.16
2024-08-23 20:20:44,BTCUSD_PERP,bid,60500,655.35
2024-08-23 20:20:44,BTCUSD_PERP,bid,60500,536.75
2024-08-23 20:20:45,BTCUSD_PERP,bid,60500,537.34
2024-08-23 20:20:45,BTCUSD_PERP,bid,60500,596.67
2024-08-23 20:20:45,BTCUSD_PERP,bid,60500,656.0
2024-08-23 20:20:46,BTCUSD_PERP,bid,60500,715.94
2024-08-23 20:21:42,BTCUSD_PERP,bid,60500,536.61
2024-08-23 20:21:42,BTCUSD_PERP,bid,60500,596.51
2024-08-23 20:22:09,BTCUSD_PERP,bid,60400,596.16
2024-08-23 20:22:09,BTCUSD_PERP,bid,60400,656.03
2024-08-23 20:23:28,BTCUSD_PERP,bid,60400,596.16
2024-08-23 20:23:29,BTCUSD_PERP,bid,60500,537.35
2024-08-23 20:23:30,BTCUSD_PERP,bid,60500,597.25
2024-08-23 20:23:30,BTCUSD_PERP,bid,60500,656.55
2024-08-23 20:31:38,BTCUSD_PERP,bid,60500,536.97
2024-08-23 20:31:38,BTCUSD_PERP,bid,60500,596.9
2024-08-23 20:32:17,BTCUSD_PERP,bid,60500,656.65
2024-08-23 20:32:30,BTCUSD_PERP,bid,60400,596.2
2024-08-23 20:32:30,BTCUSD_PERP,bid,60400,656.06
2024-08-23 20:32:34,BTCUSD_PERP,bid,60400,535.38
2024-08-23 20:32:34,BTCUSD_PERP,bid,60400,595.2
2024-08-23 20:32:34,BTCUSD_PERP,bid,60400,655.02
2024-08-23 20:32:43,BTCUSD_PERP,bid,60300,535.67
2024-08-23 20:33:06,BTCUSD_PERP,bid,60400,595.2
2024-08-23 20:33:06,BTCUSD_PERP,bid,60400,655.02
2024-08-23 20:33:06,BTCUSD_PERP,bid,60400,714.24
2024-08-23 20:33:11,BTCUSD_PERP,bid,60400,595.51
2024-08-23 20:33:11,BTCUSD_PERP,bid,60400,655.3
2024-08-23 20:33:40,BTCUSD_PERP,bid,60400,595.51
2024-08-23 20:33:40,BTCUSD_PERP,bid,60400,535.72
2024-08-23 20:34:37,BTCUSD_PERP,bid,60400,536.34
2024-08-23 20:34:37,BTCUSD_PERP,bid,60400,596.2
2024-08-23 20:34:38,BTCUSD_PERP,bid,60400,655.46
2024-08-23 20:34:38,BTCUSD_PERP,bid,60400,774.58
2024-08-23 20:34:38,BTCUSD_PERP,bid,60300,522.1
2024-08-23 20:35:12,BTCUSD_PERP,bid,60400,655.46
2024-08-23 20:35:13,BTCUSD_PERP,bid,60400,536.34
2024-08-23 20:36:26,BTCUSD_PERP,bid,60500,536.25
2024-08-23 20:36:54,BTCUSD_PERP,bid,60500,537.47
2024-08-23 20:36:54,BTCUSD_PERP,bid,60500,656.73
2024-08-23 20:36:54,BTCUSD_PERP,bid,60500,716.66
2024-08-23 20:36:54,BTCUSD_PERP,bid,60500,776.59
2024-08-23 20:36:54,BTCUSD_PERP,bid,60500,836.52
2024-08-23 20:36:54,BTCUSD_PERP,bid,60500,955.78
2024-08-23 20:36:54,BTCUSD_PERP,bid,60500,1015.11
2024-08-23 20:36:54,BTCUSD_PERP,bid,60500,1075.04
2024-08-23 20:36:55,BTCUSD_PERP,bid,60400,523.36
2024-08-23 20:36:55,BTCUSD_PERP,bid,60500,1134.36
2024-08-23 20:37:18,BTCUSD_PERP,bid,60500,1074.43
2024-08-23 20:37:18,BTCUSD_PERP,bid,60500,955.78
2024-08-23 20:37:18,BTCUSD_PERP,bid,60500,836.52
2024-08-23 20:37:19,BTCUSD_PERP,bid,60500,716.66
2024-08-23 20:37:19,BTCUSD_PERP,bid,60500,656.73
2024-08-23 20:37:19,BTCUSD_PERP,bid,60500,537.75
2024-08-23 20:37:19,BTCUSD_PERP,bid,60500,597.71
2024-08-23 20:37:19,BTCUSD_PERP,bid,60500,657.67
2024-08-23 20:37:20,BTCUSD_PERP,bid,60500,837.55
2024-08-23 20:37:20,BTCUSD_PERP,bid,60500,956.27
2024-08-23 20:37:20,BTCUSD_PERP,bid,60500,523.09
2024-08-23 20:37:20,BTCUSD_PERP,bid,60500,582.95
2024-08-23 20:37:21,BTCUSD_PERP,bid,60500,896.4
2024-08-23 20:37:21,BTCUSD_PERP,bid,60500,836.44
2024-08-23 20:37:21,BTCUSD_PERP,bid,60500,523.49
2024-08-23 20:37:21,BTCUSD_PERP,bid,60500,776.48
2024-08-23 20:37:22,BTCUSD_PERP,bid,60500,656.56
2024-08-23 20:37:22,BTCUSD_PERP,bid,60500,596.6
2024-08-23 20:40:28,BTCUSD_PERP,bid,60500,537.9
2024-08-23 20:40:28,BTCUSD_PERP,bid,60500,597.77
2024-08-23 20:40:28,BTCUSD_PERP,bid,60500,657.74
2024-08-23 20:40:29,BTCUSD_PERP,bid,60500,717.1
2024-08-23 20:41:21,BTCUSD_PERP,bid,60500,775.91
2024-08-23 20:41:21,BTCUSD_PERP,bid,60500,785.99
2024-08-23 20:42:26,BTCUSD_PERP,bid,60500,726.07
2024-08-23 20:42:26,BTCUSD_PERP,bid,60500,666.15
2024-08-23 20:42:26,BTCUSD_PERP,bid,60500,546.92
2024-08-23 20:42:27,BTCUSD_PERP,bid,60500,715.86
2024-08-23 20:42:27,BTCUSD_PERP,bid,60500,775.82
2024-08-23 20:42:27,BTCUSD_PERP,bid,60500,835.78
2024-08-23 20:42:27,BTCUSD_PERP,bid,60500,895.13
2024-08-23 20:42:43,BTCUSD_PERP,bid,60500,596.25
2024-08-23 20:42:43,BTCUSD_PERP,bid,60500,834.75
2024-08-23 20:42:43,BTCUSD_PERP,bid,60500,894.68
2024-08-23 20:43:14,BTCUSD_PERP,bid,60500,595.36
2024-08-23 20:43:14,BTCUSD_PERP,bid,60500,715.16
2024-08-23 20:43:14,BTCUSD_PERP,bid,60500,775.06
2024-08-23 20:43:21,BTCUSD_PERP,bid,60400,714.78
2024-08-23 20:43:30,BTCUSD_PERP,bid,60400,893.34
2024-08-23 20:43:30,BTCUSD_PERP,bid,60400,953.18
2024-08-23 20:44:11,BTCUSD_PERP,bid,60400,774.88
2024-08-23 20:44:11,BTCUSD_PERP,bid,60400,595.97
2024-08-23 20:44:11,BTCUSD_PERP,bid,60400,536.74
2024-08-23 20:45:32,BTCUSD_PERP,bid,60400,535.83
2024-08-23 20:45:32,BTCUSD_PERP,bid,60400,655.57
2024-08-23 20:45:33,BTCUSD_PERP,bid,60400,774.71
2024-08-23 20:45:33,BTCUSD_PERP,bid,60400,893.85
2024-08-23 20:45:33,BTCUSD_PERP,bid,60400,953.72
2024-08-23 20:46:23,BTCUSD_PERP,bid,60400,894.45
2024-08-23 20:46:23,BTCUSD_PERP,bid,60400,834.58
2024-08-23 20:46:51,BTCUSD_PERP,bid,60400,774.71
2024-08-23 20:46:51,BTCUSD_PERP,bid,60400,656.17
2024-08-23 20:46:51,BTCUSD_PERP,bid,60400,537.03
2024-08-23 20:46:52,BTCUSD_PERP,bid,60500,536.75
2024-08-23 20:46:52,BTCUSD_PERP,bid,60500,596.66
2024-08-23 20:46:52,BTCUSD_PERP,bid,60500,656.57
2024-08-23 20:47:00,BTCUSD_PERP,bid,60500,596.66
2024-08-23 20:47:01,BTCUSD_PERP,bid,60500,537.36
2024-08-23 20:52:05,BTCUSD_PERP,bid,60400,656.52
2024-08-23 20:52:05,BTCUSD_PERP,bid,60400,716.37
2024-08-23 20:52:13,BTCUSD_PERP,bid,60400,656.52
2024-08-23 20:52:13,BTCUSD_PERP,bid,60400,835.83
2024-08-23 20:52:13,BTCUSD_PERP,bid,60400,895.64
2024-08-23 20:52:13,BTCUSD_PERP,bid,60400,955.45
2024-08-23 20:52:46,BTCUSD_PERP,bid,60400,896.25
2024-08-23 20:52:46,BTCUSD_PERP,bid,60400,837.05
2024-08-23 20:52:46,BTCUSD_PERP,bid,60400,777.24
2024-08-23 20:52:46,BTCUSD_PERP,bid,60400,657.62
2024-08-23 20:52:46,BTCUSD_PERP,bid,60400,597.81
2024-08-23 20:52:48,BTCUSD_PERP,bid,60400,536.3
2024-08-23 20:52:50,BTCUSD_PERP,bid,60400,537.56
2024-08-23 20:53:14,BTCUSD_PERP,bid,60400,536.58
2024-08-23 20:53:15,BTCUSD_PERP,bid,60400,596.4
2024-08-23 20:53:38,BTCUSD_PERP,bid,60400,536.58
2024-08-23 20:56:55,BTCUSD_PERP,bid,60500,538.94
2024-08-23 20:57:17,BTCUSD_PERP,bid,60500,538.67
2024-08-23 21:00:13,BTCUSD_PERP,bid,60700,549.91
2024-08-23 21:00:25,BTCUSD_PERP,bid,60700,539.52
2024-08-23 21:00:34,BTCUSD_PERP,bid,60700,729.03
2024-08-23 21:00:34,BTCUSD_PERP,bid,60700,789.14
2024-08-23 21:00:37,BTCUSD_PERP,bid,60700,729.63
2024-08-23 21:00:37,BTCUSD_PERP,bid,60700,670.12
2024-08-23 21:00:38,BTCUSD_PERP,bid,60700,610.01
2024-08-23 21:04:40,BTCUSD_PERP,ask,64500,1677.58
2024-08-23 21:08:06,BTCUSD_PERP,ask,64500,1677.58
2024-08-23 21:08:11,BTCUSD_PERP,bid,60300,1408.35
2024-08-23 21:16:13,BTCUSD_PERP,ask,62900,482.93
2024-08-23 21:18:39,BTCUSD_PERP,ask,62200,490.05
2024-08-23 21:38:30,BTCUSD_PERP,bid,60300,1408.35
2024-08-23 21:47:45,BTCUSD_PERP,bid,60700,838.62
2024-08-23 21:47:45,BTCUSD_PERP,bid,60700,898.79
2024-08-23 21:47:45,BTCUSD_PERP,bid,60700,958.96
2024-08-23 21:47:45,BTCUSD_PERP,bid,60700,839.23
2024-08-23 21:47:45,BTCUSD_PERP,bid,60700,599.77
2024-08-23 21:47:46,BTCUSD_PERP,bid,60700,539.6
2024-08-23 21:47:50,BTCUSD_PERP,bid,60700,539.6
2024-08-23 21:48:24,BTCUSD_PERP,bid,60500,776.42
2024-08-23 21:48:24,BTCUSD_PERP,bid,60500,835.73
2024-08-23 21:48:25,BTCUSD_PERP,bid,60500,715.99
2024-08-23 21:48:25,BTCUSD_PERP,bid,60500,597.37
2024-08-23 21:48:27,BTCUSD_PERP,bid,60500,538.06
2024-08-23 21:48:51,BTCUSD_PERP,bid,60400,833.63
2024-08-23 21:48:51,BTCUSD_PERP,bid,60400,893.45
2024-08-23 21:49:02,BTCUSD_PERP,bid,60400,833.73
2024-08-23 21:49:02,BTCUSD_PERP,bid,60400,596.28
2024-08-23 21:49:02,BTCUSD_PERP,bid,60400,537.07
2024-08-23 21:49:25,BTCUSD_PERP,bid,60500,537.02
2024-08-23 21:49:25,BTCUSD_PERP,bid,60500,656.9
2024-08-23 21:49:29,BTCUSD_PERP,bid,60500,597.57
2024-08-23 21:50:21,BTCUSD_PERP,bid,60300,536.94
2024-08-23 21:51:02,BTCUSD_PERP,bid,60300,714.99
2024-08-23 21:51:02,BTCUSD_PERP,bid,60300,774.78
2024-08-23 21:51:04,BTCUSD_PERP,bid,60300,714.99
2024-08-23 21:51:04,BTCUSD_PERP,bid,60300,655.2
2024-08-23 21:51:04,BTCUSD_PERP,bid,60300,714.52
2024-08-23 21:51:04,BTCUSD_PERP,bid,60300,773.67
2024-08-23 21:51:04,BTCUSD_PERP,bid,60300,833.42
2024-08-23 21:51:21,BTCUSD_PERP,bid,60300,535.49
2024-08-23 21:51:22,BTCUSD_PERP,bid,60300,595.2
2024-08-23 21:52:01,BTCUSD_PERP,bid,60300,594.8
2024-08-23 21:52:02,BTCUSD_PERP,bid,60300,654.2
2024-08-23 21:52:02,BTCUSD_PERP,bid,60300,713.95
2024-08-23 21:52:17,BTCUSD_PERP,bid,60300,654.2
2024-08-23 21:52:17,BTCUSD_PERP,bid,60300,595.06
2024-08-23 21:52:18,BTCUSD_PERP,bid,60400,535.75
2024-08-23 21:52:18,BTCUSD_PERP,bid,60400,597.71
2024-08-23 21:52:18,BTCUSD_PERP,bid,60400,657.52
2024-08-23 21:52:18,BTCUSD_PERP,bid,60400,717.33
2024-08-23 21:52:18,BTCUSD_PERP,bid,60400,776.53
2024-08-23 21:52:18,BTCUSD_PERP,bid,60400,895.54
2024-08-23 21:52:31,BTCUSD_PERP,bid,60300,655.47
2024-08-23 21:52:31,BTCUSD_PERP,bid,60300,715.23
2024-08-23 21:52:38,BTCUSD_PERP,bid,60300,535.07
2024-08-23 21:52:38,BTCUSD_PERP,bid,60300,654.53
2024-08-23 21:52:39,BTCUSD_PERP,bid,60300,714.26
2024-08-23 21:52:56,BTCUSD_PERP,bid,60300,664.85
2024-08-23 21:52:56,BTCUSD_PERP,bid,60300,724.55
2024-08-23 21:53:03,BTCUSD_PERP,bid,60200,595.4
2024-08-23 21:53:03,BTCUSD_PERP,bid,60200,655.07
2024-08-23 21:53:06,BTCUSD_PERP,bid,60200,535.83
2024-08-23 21:53:25,BTCUSD_PERP,bid,60300,536.09
2024-08-23 21:53:43,BTCUSD_PERP,bid,60300,535.86
2024-08-23 21:53:43,BTCUSD_PERP,bid,60300,713.91
2024-08-23 21:53:43,BTCUSD_PERP,bid,60300,832.81
2024-08-23 21:53:44,BTCUSD_PERP,bid,60300,951.71
2024-08-23 21:53:53,BTCUSD_PERP,bid,60300,892.05
2024-08-23 21:53:53,BTCUSD_PERP,bid,60300,772.76
2024-08-23 21:53:53,BTCUSD_PERP,bid,60300,832.48
2024-08-23 21:54:12,BTCUSD_PERP,bid,60200,772.87
2024-08-23 21:54:12,BTCUSD_PERP,bid,60200,832.56
2024-08-23 21:54:15,BTCUSD_PERP,bid,60200,772.87
2024-08-23 21:54:15,BTCUSD_PERP,bid,60200,595.0
2024-08-23 21:54:22,BTCUSD_PERP,bid,60300,595.26
2024-08-23 21:54:22,BTCUSD_PERP,bid,60300,655.03
2024-08-23 21:54:22,BTCUSD_PERP,bid,60300,774.57
2024-08-23 21:54:31,BTCUSD_PERP,bid,60300,714.8
2024-08-23 21:54:31,BTCUSD_PERP,bid,60300,535.77
2024-08-23 21:55:25,BTCUSD_PERP,bid,60400,535.87
2024-08-23 21:55:25,BTCUSD_PERP,bid,60400,595.69
2024-08-23 21:55:25,BTCUSD_PERP,bid,60400,655.51
2024-08-23 21:55:25,BTCUSD_PERP,bid,60400,774.55
2024-08-23 21:55:25,BTCUSD_PERP,bid,60400,833.77
2024-08-23 21:55:25,BTCUSD_PERP,bid,60400,893.59
2024-08-23 21:55:52,BTCUSD_PERP,bid,60400,774.55
2024-08-23 21:55:52,BTCUSD_PERP,bid,60400,714.73
2024-08-23 21:55:52,BTCUSD_PERP,bid,60400,654.91
2024-08-23 21:55:53,BTCUSD_PERP,bid,60400,595.69
2024-08-23 21:55:53,BTCUSD_PERP,bid,60400,535.87
2024-08-23 21:55:54,BTCUSD_PERP,bid,60400,536.81
2024-08-23 21:55:54,BTCUSD_PERP,bid,60400,596.06
2024-08-23 21:55:54,BTCUSD_PERP,bid,60400,655.92
2024-08-23 21:55:54,BTCUSD_PERP,bid,60400,715.17
2024-08-23 21:56:01,BTCUSD_PERP,bid,60400,536.58
2024-08-23 21:56:04,BTCUSD_PERP,bid,60400,536.31
2024-08-23 21:56:04,BTCUSD_PERP,bid,60400,596.1
2024-08-23 21:56:13,BTCUSD_PERP,bid,60300,537.89
2024-08-23 21:57:22,BTCUSD_PERP,bid,60400,535.79
2024-08-23 21:57:22,BTCUSD_PERP,bid,60400,595.66
2024-08-23 21:57:45,BTCUSD_PERP,bid,60400,535.79
2024-08-23 21:58:23,BTCUSD_PERP,bid,60400,834.11
2024-08-23 21:58:23,BTCUSD_PERP,bid,60400,893.91
2024-08-23 21:58:30,BTCUSD_PERP,bid,60400,774.31
2024-08-23 21:58:30,BTCUSD_PERP,bid,60400,715.11
2024-08-23 21:58:31,BTCUSD_PERP,bid,60400,595.51
2024-08-23 22:00:38,BTCUSD_PERP,bid,60400,596.16
2024-08-23 22:00:39,BTCUSD_PERP,bid,60500,597.17
2024-08-23 22:00:39,BTCUSD_PERP,bid,60500,657.08
2024-08-23 22:00:40,BTCUSD_PERP,bid,60500,716.99
2024-08-23 22:00:55,BTCUSD_PERP,bid,60400,716.02
2024-08-23 22:01:53,BTCUSD_PERP,bid,60400,536.85
2024-08-23 22:01:53,BTCUSD_PERP,bid,60400,655.97
2024-08-23 22:01:53,BTCUSD_PERP,bid,60400,715.83
2024-08-23 22:01:53,BTCUSD_PERP,bid,60400,775.69
2024-08-23 22:02:00,BTCUSD_PERP,bid,60400,594.54
2024-08-23 22:02:00,BTCUSD_PERP,bid,60400,654.37
2024-08-23 22:02:32,BTCUSD_PERP,bid,60500,530.33
2024-08-23 22:03:00,BTCUSD_PERP,bid,60500,536.1
2024-08-23 22:03:00,BTCUSD_PERP,bid,60500,596.0
2024-08-23 22:03:39,BTCUSD_PERP,bid,60500,656.8
2024-08-23 22:03:49,BTCUSD_PERP,bid,60500,597.47
2024-08-23 22:03:49,BTCUSD_PERP,bid,60500,538.14
2024-08-23 22:03:51,BTCUSD_PERP,bid,60600,669.84
2024-08-23 22:03:51,BTCUSD_PERP,bid,60600,729.74
2024-08-23 22:03:51,BTCUSD_PERP,bid,60600,789.74
2024-08-23 22:04:08,BTCUSD_PERP,bid,60600,729.74
2024-08-23 22:04:09,BTCUSD_PERP,bid,60600,670.34
2024-08-23 22:04:23,BTCUSD_PERP,bid,60600,550.34
2024-08-23 22:04:24,BTCUSD_PERP,bid,60600,538.37
2024-08-23 22:04:32,BTCUSD_PERP,bid,60600,600.6
2024-08-23 22:04:33,BTCUSD_PERP,bid,60600,600.64
2024-08-23 22:05:04,BTCUSD_PERP,bid,60600,540.57
2024-08-23 22:05:17,BTCUSD_PERP,bid,60700,777.42
2024-08-23 22:05:19,BTCUSD_PERP,bid,60700,727.65
2024-08-23 22:05:19,BTCUSD_PERP,bid,60700,787.14
2024-08-23 22:05:23,BTCUSD_PERP,bid,60600,896.68
2024-08-23 22:05:54,BTCUSD_PERP,bid,60600,899.68
2024-08-23 22:05:59,BTCUSD_PERP,bid,60600,839.71
2024-08-23 22:05:59,BTCUSD_PERP,bid,60600,966.29
2024-08-23 22:06:16,BTCUSD_PERP,bid,60600,847.43
2024-08-23 22:06:16,BTCUSD_PERP,bid,60600,787.4
2024-08-23 22:06:16,BTCUSD_PERP,bid,60600,727.47
2024-08-23 22:06:16,BTCUSD_PERP,bid,60600,607.41
2024-08-23 22:06:17,BTCUSD_PERP,bid,60600,547.38
2024-08-23 22:10:17,BTCUSD_PERP,bid,60700,598.15
2024-08-23 22:10:17,BTCUSD_PERP,bid,60700,658.27
2024-08-23 22:10:21,BTCUSD_PERP,bid,60700,598.76
2024-08-23 22:10:37,BTCUSD_PERP,bid,60600,537.97
2024-08-23 22:10:41,BTCUSD_PERP,bid,60600,537.74
2024-08-23 22:10:41,BTCUSD_PERP,bid,60600,597.76
2024-08-23 22:10:45,BTCUSD_PERP,bid,60600,657.17
2024-08-23 22:11:12,BTCUSD_PERP,bid,60600,597.15
2024-08-23 22:11:12,BTCUSD_PERP,bid,60500,537.42
2024-08-23 22:11:12,BTCUSD_PERP,bid,60500,597.4
2024-08-23 22:11:21,BTCUSD_PERP,bid,60500,537.42
2024-08-23 22:12:51,BTCUSD_PERP,bid,60600,597.7
2024-08-23 22:12:58,BTCUSD_PERP,bid,60600,537.69
2024-08-23 22:12:59,BTCUSD_PERP,bid,60500,537.38
2024-08-23 22:12:59,BTCUSD_PERP,bid,60500,657.34
2024-08-23 22:12:59,BTCUSD_PERP,bid,60500,717.32
2024-08-23 22:13:00,BTCUSD_PERP,bid,60500,776.69
2024-08-23 22:13:13,BTCUSD_PERP,bid,60500,657.95
2024-08-23 22:13:14,BTCUSD_PERP,bid,60500,597.97
2024-08-23 22:13:14,BTCUSD_PERP,bid,60500,537.99
2024-08-23 22:15:23,BTCUSD_PERP,bid,60800,539.78
2024-08-23 22:15:38,BTCUSD_PERP,bid,60800,494.36
2024-08-23 22:15:39,BTCUSD_PERP,bid,60800,553.98
2024-08-23 22:15:39,BTCUSD_PERP,bid,60800,613.6
2024-08-23 22:15:39,BTCUSD_PERP,bid,60800,673.22
2024-08-23 22:15:47,BTCUSD_PERP,bid,60800,538.65
2024-08-23 22:16:04,BTCUSD_PERP,bid,60900,610.6
2024-08-23 22:16:04,BTCUSD_PERP,bid,60900,670.9
2024-08-23 22:16:04,BTCUSD_PERP,bid,60900,731.2
2024-08-23 22:16:24,BTCUSD_PERP,bid,60800,909.36
2024-08-23 22:16:24,BTCUSD_PERP,bid,60800,969.6
2024-08-23 22:17:03,BTCUSD_PERP,bid,60800,909.97
2024-08-23 22:17:03,BTCUSD_PERP,bid,60800,850.34
2024-08-23 22:17:03,BTCUSD_PERP,bid,60800,730.47
2024-08-23 22:17:03,BTCUSD_PERP,bid,60800,549.85
2024-08-23 22:17:04,BTCUSD_PERP,bid,60800,541.11
2024-08-23 22:17:04,BTCUSD_PERP,bid,60800,601.38
2024-08-23 22:17:07,BTCUSD_PERP,bid,60800,540.84
2024-08-23 22:17:07,BTCUSD_PERP,bid,60800,601.08
2024-08-23 22:17:18,BTCUSD_PERP,bid,60800,540.84
2024-08-23 22:17:19,BTCUSD_PERP,bid,60800,1020.84
2024-08-23 22:17:19,BTCUSD_PERP,bid,60800,1081.04
2024-08-23 22:17:33,BTCUSD_PERP,bid,60800,1021.46
2024-08-23 22:17:53,BTCUSD_PERP,bid,60800,840.86
2024-08-23 22:18:18,BTCUSD_PERP,bid,60800,839.6
2024-08-23 22:18:48,BTCUSD_PERP,bid,60800,660.24
2024-08-23 22:18:48,BTCUSD_PERP,bid,60800,600.66
2024-08-23 22:18:48,BTCUSD_PERP,bid,60800,540.46
2024-08-23 22:18:50,BTCUSD_PERP,bid,60800,549.93
2024-08-23 22:19:23,BTCUSD_PERP,bid,60800,540.93
2024-08-23 22:22:03,BTCUSD_PERP,bid,60800,538.92
2024-08-23 22:22:03,BTCUSD_PERP,bid,60800,599.15
2024-08-23 22:22:03,BTCUSD_PERP,bid,60800,659.38
2024-08-23 22:22:03,BTCUSD_PERP,bid,60800,719.61
2024-08-23 22:22:03,BTCUSD_PERP,bid,60800,779.84
2024-08-23 22:22:04,BTCUSD_PERP,bid,60800,839.46
2024-08-23 22:22:04,BTCUSD_PERP,bid,60800,899.08
2024-08-23 22:22:43,BTCUSD_PERP,bid,60800,658.87
2024-08-23 22:22:44,BTCUSD_PERP,bid,60800,602.22
2024-08-23 22:24:43,BTCUSD_PERP,bid,60900,539.53
2024-08-23 22:24:51,BTCUSD_PERP,bid,60800,539.29
2024-08-23 22:28:34,BTCUSD_PERP,bid,60900,539.42
2024-08-23 22:30:16,BTCUSD_PERP,bid,60800,900.24
2024-08-23 22:30:16,BTCUSD_PERP,bid,60800,959.89
2024-08-23 22:30:20,BTCUSD_PERP,bid,60800,720.07
2024-08-23 22:30:20,BTCUSD_PERP,bid,60800,959.92
2024-08-23 22:30:20,BTCUSD_PERP,bid,60800,1019.54
2024-08-23 22:30:31,BTCUSD_PERP,bid,60800,959.31
2024-08-23 22:30:31,BTCUSD_PERP,bid,60800,779.94
2024-08-23 22:30:32,BTCUSD_PERP,bid,60800,660.09
2024-08-23 22:30:32,BTCUSD_PERP,bid,60800,540.24
2024-08-23 22:30:32,BTCUSD_PERP,bid,60800,599.55
2024-08-23 22:30:32,BTCUSD_PERP,bid,60800,659.82
2024-08-23 22:30:32,BTCUSD_PERP,bid,60800,720.09
2024-08-23 22:30:32,BTCUSD_PERP,bid,60800,959.95
2024-08-23 22:30:32,BTCUSD_PERP,bid,60800,1020.22
2024-08-23 22:30:43,BTCUSD_PERP,bid,60800,959.95
2024-08-23 22:30:43,BTCUSD_PERP,bid,60800,899.68
2024-08-23 22:30:43,BTCUSD_PERP,bid,60800,780.36
2024-08-23 22:30:43,BTCUSD_PERP,bid,60800,720.09
2024-08-23 22:30:43,BTCUSD_PERP,bid,60800,659.82
2024-08-23 22:30:44,BTCUSD_PERP,bid,60800,600.16
2024-08-23 22:30:45,BTCUSD_PERP,bid,60900,539.55
2024-08-23 22:30:45,BTCUSD_PERP,bid,60900,660.15
2024-08-23 22:31:08,BTCUSD_PERP,bid,60900,540.77
2024-08-23 22:31:08,BTCUSD_PERP,bid,60900,601.47
2024-08-23 22:31:09,BTCUSD_PERP,bid,60900,721.54
2024-08-23 22:31:09,BTCUSD_PERP,bid,60900,781.27
2024-08-23 22:31:14,BTCUSD_PERP,bid,60900,721.54
2024-08-23 22:31:15,BTCUSD_PERP,bid,60900,540.86
2024-08-23 22:31:15,BTCUSD_PERP,bid,60900,721.18
2024-08-23 22:32:07,BTCUSD_PERP,bid,60900,661.48
2024-08-23 22:32:08,BTCUSD_PERP,bid,60900,540.96
2024-08-23 22:34:21,BTCUSD_PERP,bid,60900,540.88
2024-08-23 22:34:21,BTCUSD_PERP,bid,60900,601.26
2024-08-23 22:34:22,BTCUSD_PERP,bid,60900,661.03
2024-08-23 22:34:22,BTCUSD_PERP,bid,60900,781.79
2024-08-23 22:34:36,BTCUSD_PERP,bid,60900,661.03
2024-08-23 22:34:36,BTCUSD_PERP,bid,60900,540.98
2024-08-23 22:34:36,BTCUSD_PERP,bid,60900,540.61
2024-08-23 22:34:37,BTCUSD_PERP,bid,60900,600.35
2024-08-23 22:34:37,BTCUSD_PERP,bid,60900,660.7
2024-08-23 22:34:37,BTCUSD_PERP,bid,60900,721.05
2024-08-23 22:34:37,BTCUSD_PERP,bid,60900,781.4
2024-08-23 22:35:01,BTCUSD_PERP,bid,60900,541.05
2024-08-23 22:35:01,BTCUSD_PERP,bid,60900,781.62
2024-08-23 22:35:12,BTCUSD_PERP,bid,60900,661.69
2024-08-23 22:36:41,BTCUSD_PERP,bid,61000,543.16
2024-08-23 22:36:41,BTCUSD_PERP,bid,61000,602.98
2024-08-23 22:36:44,BTCUSD_PERP,bid,61000,542.55
2024-08-23 22:36:56,BTCUSD_PERP,bid,61000,662.63
2024-08-23 22:36:56,BTCUSD_PERP,bid,61000,782.96
2024-08-23 22:36:56,BTCUSD_PERP,bid,61000,843.43
2024-08-23 22:37:28,BTCUSD_PERP,bid,61000,783.57
2024-08-23 22:37:28,BTCUSD_PERP,bid,61000,723.71
2024-08-23 22:37:29,BTCUSD_PERP,bid,61000,663.24
2024-08-23 22:37:29,BTCUSD_PERP,bid,61000,602.77
2024-08-23 22:37:30,BTCUSD_PERP,bid,61100,492.94
2024-08-23 22:38:31,BTCUSD_PERP,bid,61000,602.26
2024-08-23 22:38:45,BTCUSD_PERP,bid,61000,542.4
2024-08-23 22:41:51,BTCUSD_PERP,bid,61100,602.91
2024-08-23 22:41:51,BTCUSD_PERP,bid,61100,723.97
2024-08-23 22:41:59,BTCUSD_PERP,bid,61100,663.44
2024-08-23 22:42:07,BTCUSD_PERP,bid,61100,542.37
2024-08-23 22:42:07,BTCUSD_PERP,bid,61100,662.83
2024-08-23 22:42:07,BTCUSD_PERP,bid,61100,783.28
2024-08-23 22:42:33,BTCUSD_PERP,bid,61100,662.82
2024-08-23 22:42:35,BTCUSD_PERP,bid,61100,543.3
2024-08-23 22:42:35,BTCUSD_PERP,bid,61100,603.87
2024-08-23 22:43:23,BTCUSD_PERP,bid,61100,543.3
2024-08-23 22:46:33,BTCUSD_PERP,bid,61000,492.59
2024-08-23 22:46:42,BTCUSD_PERP,bid,61000,494.11
2024-08-23 22:46:42,BTCUSD_PERP,bid,61000,553.98
2024-08-23 22:46:42,BTCUSD_PERP,bid,61000,614.46
2024-08-23 22:46:42,BTCUSD_PERP,bid,61000,674.94
2024-08-23 22:46:45,BTCUSD_PERP,bid,61000,542.12
2024-08-23 22:47:35,BTCUSD_PERP,bid,60900,601.87
2024-08-23 22:47:35,BTCUSD_PERP,bid,60900,781.79
2024-08-23 22:47:35,BTCUSD_PERP,bid,60900,842.17
2024-08-23 22:47:44,BTCUSD_PERP,bid,60900,782.4
2024-08-23 22:47:44,BTCUSD_PERP,bid,60900,722.12
2024-08-23 22:47:45,BTCUSD_PERP,bid,60900,601.36
2024-08-23 22:47:51,BTCUSD_PERP,bid,60900,540.98
2024-08-23 22:47:53,BTCUSD_PERP,bid,61000,542.04
2024-08-23 22:48:02,BTCUSD_PERP,bid,61000,601.55
2024-08-23 22:48:03,BTCUSD_PERP,bid,61000,662.01
2024-08-23 22:48:10,BTCUSD_PERP,bid,61000,663.21
2024-08-23 22:48:19,BTCUSD_PERP,bid,61000,542.9
2024-08-23 22:48:20,BTCUSD_PERP,bid,61100,544.81
2024-08-23 22:48:20,BTCUSD_PERP,bid,61100,604.69
2024-08-23 22:48:21,BTCUSD_PERP,bid,61100,665.19
2024-08-23 22:49:23,BTCUSD_PERP,bid,61000,542.31
2024-08-23 22:49:23,BTCUSD_PERP,bid,61000,602.77
2024-08-23 22:50:05,BTCUSD_PERP,bid,61000,542.04
2024-08-23 22:50:06,BTCUSD_PERP,bid,61000,602.47
2024-08-23 22:51:26,BTCUSD_PERP,bid,61000,540.14
2024-08-23 22:51:26,BTCUSD_PERP,bid,61000,600.58
2024-08-23 22:52:28,BTCUSD_PERP,bid,61000,901.64
2024-08-23 22:52:28,BTCUSD_PERP,bid,61000,962.04
2024-08-23 22:54:04,BTCUSD_PERP,bid,61000,902.25
2024-08-23 22:54:04,BTCUSD_PERP,bid,60900,661.53
2024-08-23 22:54:04,BTCUSD_PERP,bid,60900,721.9
2024-08-23 22:54:35,BTCUSD_PERP,bid,60900,661.53
2024-08-23 22:54:35,BTCUSD_PERP,bid,60900,601.16
2024-08-23 22:54:36,BTCUSD_PERP,bid,61000,541.71
2024-08-23 22:54:36,BTCUSD_PERP,bid,61000,601.5
2024-08-23 22:58:53,BTCUSD_PERP,bid,61000,540.68
2024-08-23 23:06:19,BTCUSD_PERP,bid,60800,539.44
2024-08-23 23:06:37,BTCUSD_PERP,bid,60800,540.93
2024-08-23 23:06:52,BTCUSD_PERP,bid,60900,600.99
2024-08-23 23:06:52,BTCUSD_PERP,bid,60900,720.85
2024-08-23 23:07:08,BTCUSD_PERP,bid,60800,540.92
2024-08-23 23:11:20,BTCUSD_PERP,bid,61000,541.61
2024-08-23 23:11:21,BTCUSD_PERP,bid,61000,602.06
2024-08-23 23:12:18,BTCUSD_PERP,bid,61000,542.22
2024-08-23 23:14:04,BTCUSD_PERP,bid,61000,601.3
2024-08-23 23:14:04,BTCUSD_PERP,bid,61000,782.65
2024-08-23 23:14:05,BTCUSD_PERP,bid,61000,843.1
2024-08-23 23:14:07,BTCUSD_PERP,bid,61000,783.27
2024-08-23 23:14:07,BTCUSD_PERP,bid,61000,723.44
2024-08-23 23:14:07,BTCUSD_PERP,bid,61000,542.19
2024-08-23 23:14:07,BTCUSD_PERP,bid,61000,672.13
2024-08-23 23:14:08,BTCUSD_PERP,bid,61000,732.54
2024-08-23 23:14:40,BTCUSD_PERP,bid,61000,672.74
2024-08-23 23:14:41,BTCUSD_PERP,bid,61000,552.53
2024-08-23 23:14:41,BTCUSD_PERP,bid,61000,492.12
2024-08-23 23:14:42,BTCUSD_PERP,bid,60900,662.25
2024-08-23 23:14:43,BTCUSD_PERP,bid,60900,676.86
2024-08-23 23:14:43,BTCUSD_PERP,bid,60900,679.05
2024-08-23 23:15:39,BTCUSD_PERP,bid,60900,619.28
2024-08-23 23:15:40,BTCUSD_PERP,bid,60900,558.9
2024-08-23 23:15:40,BTCUSD_PERP,bid,60900,498.52
2024-08-23 23:15:41,BTCUSD_PERP,bid,61000,540.63
2024-08-23 23:15:41,BTCUSD_PERP,bid,61000,601.05
2024-08-23 23:15:41,BTCUSD_PERP,bid,61000,660.86
2024-08-23 23:15:41,BTCUSD_PERP,bid,61000,781.7
2024-08-23 23:15:41,BTCUSD_PERP,bid,61000,842.12
2024-08-23 23:15:54,BTCUSD_PERP,bid,61000,781.7
2024-08-23 23:15:54,BTCUSD_PERP,bid,60900,526.78
2024-08-23 23:15:54,BTCUSD_PERP,bid,61000,721.53
2024-08-23 23:15:54,BTCUSD_PERP,bid,61000,781.92
2024-08-23 23:15:54,BTCUSD_PERP,bid,60900,587.06
2024-08-23 23:15:55,BTCUSD_PERP,bid,60900,526.75
2024-08-23 23:16:03,BTCUSD_PERP,bid,61000,721.53
2024-08-23 23:16:03,BTCUSD_PERP,bid,61000,661.75
2024-08-23 23:16:10,BTCUSD_PERP,bid,61000,601.97
2024-08-23 23:16:10,BTCUSD_PERP,bid,61000,541.58
2024-08-23 23:17:20,BTCUSD_PERP,bid,60900,541.28
2024-08-23 23:18:02,BTCUSD_PERP,bid,60800,540.32
2024-08-23 23:25:58,BTCUSD_PERP,bid,60900,601.22
2024-08-23 23:25:58,BTCUSD_PERP,bid,60900,660.98
2024-08-23 23:28:13,BTCUSD_PERP,bid,60900,541.77
2024-08-23 23:29:56,BTCUSD_PERP,bid,60900,782.24
2024-08-23 23:29:56,BTCUSD_PERP,bid,60900,842.6
2024-08-23 23:30:23,BTCUSD_PERP,bid,60900,723.1
2024-08-23 23:30:23,BTCUSD_PERP,bid,60900,663.35
2024-08-23 23:30:23,BTCUSD_PERP,bid,60900,602.99
2024-08-23 23:30:23,BTCUSD_PERP,bid,60900,542.63
2024-08-23 23:30:48,BTCUSD_PERP,bid,60900,539.48
2024-08-23 23:30:48,BTCUSD_PERP,bid,60900,599.23
2024-08-23 23:30:49,BTCUSD_PERP,bid,60900,658.98
2024-08-23 23:34:24,BTCUSD_PERP,bid,60900,599.23
2024-08-23 23:34:24,BTCUSD_PERP,bid,60900,539.48
2024-08-23 23:34:53,BTCUSD_PERP,ask,64500,1618.98
2024-08-23 23:36:39,BTCUSD_PERP,bid,61100,543.09
