1726531865262,BTCUSDT,bid,47000,848.782
1726532811203,BTCUSDT,bid,47000,848.779
1726532811923,BTCUSDT,bid,47000,848.769
1726533134448,BTCUSDT,bid,47500,633.698
1726534755458,BTCUSDT,ask,57700,1023.5
1726534756903,BTCUSDT,ask,57700,1025.932
1726534760000,BTCUSDT,ask,57700,1032.198
1726534796209,BTCUSDT,ask,57600,1001.036
1726534799081,BTCUSDT,ask,57600,1001.13
1726534801424,BTCUSDT,ask,57600,1001.147
1726534802139,BTCUSDT,ask,57600,1001.137
1726534838203,BTCUSDT,bid,47500,633.649
1726536158745,BTCUSDT,bid,47000,848.782
1726537411415,BTCUSDT,bid,57800,600.091
1726537412435,BTCUSDT,bid,57800,600.105
1726537413764,BTCUSDT,bid,57800,600.107
1726537414495,BTCUSDT,bid,57800,600.107
1726537414598,BTCUSDT,bid,57800,600.107
1726537414689,BTCUSDT,bid,57800,600.107
1726537417568,BTCUSDT,bid,57800,600.105
1726537419225,BTCUSDT,bid,57800,600.036
1726537435518,BTCUSDT,bid,57800,600.276
1726537436329,BTCUSDT,bid,57800,600.278
1726537439000,BTCUSDT,bid,57800,600.264
1726537439304,BTCUSDT,bid,57800,600.333
1726538074384,BTCUSDT,bid,47000,848.779
1726538528029,BTCUSDT,bid,57800,600.214
1726538558503,BTCUSDT,bid,57900,601.248
1726538559532,BTCUSDT,bid,57900,601.369
1726538563657,BTCUSDT,bid,57900,601.409
1726538564582,BTCUSDT,bid,57900,601.369
1726538566240,BTCUSDT,bid,57900,601.283
1726538570587,BTCUSDT,bid,57900,601.323
1726538571610,BTCUSDT,bid,57900,601.283
1726538590662,BTCUSDT,bid,57900,652.116
1726538590763,BTCUSDT,bid,57900,653.661
1726538590867,BTCUSDT,bid,57900,652.093
1726538591378,BTCUSDT,bid,57900,652.09
1726538592403,BTCUSDT,bid,57900,651.152
1726538595380,BTCUSDT,bid,57900,651.195
1726538598292,BTCUSDT,bid,57900,651.209
1726538598809,BTCUSDT,bid,57900,651.219
1726538602354,BTCUSDT,bid,57900,651.259
1726538602987,BTCUSDT,bid,57900,651.249
1726538603702,BTCUSDT,bid,57900,651.245
1726538603906,BTCUSDT,bid,57900,651.213
1726538604405,BTCUSDT,bid,57900,651.205
1726538605672,BTCUSDT,bid,57900,651.162
1726538608062,BTCUSDT,bid,57900,651.148
1726538612360,BTCUSDT,bid,57900,651.15
1726538613821,BTCUSDT,bid,57900,651.19
1726538614335,BTCUSDT,bid,57900,651.15
1726538616722,BTCUSDT,bid,57900,651.148
1726539152129,BTCUSDT,bid,44800,703.051
1726539181312,BTCUSDT,bid,44800,703.151
1726539336869,BTCUSDT,bid,57800,609.145
1726531362855,BTCUSD_PERP,bid,57700,568.28
1726531913991,BTCUSD_PERP,bid,57800,568.41
1726531914103,BTCUSD_PERP,bid,57800,625.67
1726531914205,BTCUSD_PERP,bid,57800,682.93
1726531914303,BTCUSD_PERP,bid,57800,740.19
1726531914406,BTCUSD_PERP,bid,57800,797.45
1726532245420,BTCUSD_PERP,bid,57800,740.78
1726532245615,BTCUSD_PERP,bid,57800,626.51
1726532259885,BTCUSD_PERP,bid,57700,569.57
1726532342213,BTCUSD_PERP,bid,57800,569.3
1726532342327,BTCUSD_PERP,bid,57800,625.95
1726532342436,BTCUSD_PERP,bid,57800,683.18
1726532444087,BTCUSD_PERP,bid,57700,626.21
1726532680963,BTCUSD_PERP,bid,57700,568.68
1726532681065,BTCUSD_PERP,bid,57700,796.19
1726532888419,BTCUSD_PERP,bid,57700,625.36
1726532905617,BTCUSD_PERP,bid,57600,681.81
1726532908355,BTCUSD_PERP,bid,57600,681.45
1726532938636,BTCUSD_PERP,bid,57600,624.37
1726532938846,BTCUSD_PERP,bid,57600,567.29
1726532939764,BTCUSD_PERP,bid,57600,568.2
1726532939860,BTCUSD_PERP,bid,57600,625.31
1726532940062,BTCUSD_PERP,bid,57600,681.84
1726532940269,BTCUSD_PERP,bid,57600,738.37
1726533089841,BTCUSD_PERP,bid,57600,681.84
1726533089941,BTCUSD_PERP,bid,57600,625.31
1726533090150,BTCUSD_PERP,bid,57600,568.2
1726533155336,BTCUSD_PERP,bid,57600,795.56
1726533206887,BTCUSD_PERP,bid,57600,681.98
1726533206990,BTCUSD_PERP,bid,57600,625.48
1726533207405,BTCUSD_PERP,bid,57600,568.4
1726533367882,BTCUSD_PERP,bid,57600,568.49
1726533396032,BTCUSD_PERP,bid,57600,738.21
1726533510253,BTCUSD_PERP,bid,57600,623.78
1726533664480,BTCUSD_PERP,bid,57500,794.45
1726533664577,BTCUSD_PERP,bid,57500,851.45
1726533970990,BTCUSD_PERP,bid,57500,624.6
1726533971310,BTCUSD_PERP,bid,57500,567.76
1726534092968,BTCUSD_PERP,bid,57500,567.07
1726534155982,BTCUSD_PERP,bid,57400,566.77
1726534207450,BTCUSD_PERP,bid,57400,622.23
1726534235300,BTCUSD_PERP,bid,57400,565.96
1726534361874,BTCUSD_PERP,bid,57400,848.94
1726534361971,BTCUSD_PERP,bid,57400,905.77
1726534407060,BTCUSD_PERP,bid,57400,565.37
1726534407161,BTCUSD_PERP,bid,57300,792.27
1726534407262,BTCUSD_PERP,bid,57300,849.07
1726534407361,BTCUSD_PERP,bid,57300,905.87
1726534474753,BTCUSD_PERP,bid,57300,961.47
1726534474960,BTCUSD_PERP,bid,57300,1018.23
1726534487705,BTCUSD_PERP,bid,57300,791.77
1726534499004,BTCUSD_PERP,bid,57200,564.58
1726534508199,BTCUSD_PERP,bid,57200,564.84
1726534571073,BTCUSD_PERP,bid,57200,792.84
1726534571280,BTCUSD_PERP,bid,57200,849.47
1726534575597,BTCUSD_PERP,bid,57200,793.42
1726534575704,BTCUSD_PERP,bid,57200,737.37
1726534575804,BTCUSD_PERP,bid,57200,681.32
1726534575904,BTCUSD_PERP,bid,57200,624.79
1726534576000,BTCUSD_PERP,bid,57200,568.16
1726534706323,BTCUSD_PERP,bid,57100,564.65
1726534714177,BTCUSD_PERP,bid,57100,732.15
1726534714378,BTCUSD_PERP,bid,57100,788.7
1726534732339,BTCUSD_PERP,bid,57100,732.15
1726534732448,BTCUSD_PERP,bid,57100,619.05
1726534870651,BTCUSD_PERP,bid,57200,619.23
1726534870738,BTCUSD_PERP,bid,57200,675.89
1726534871057,BTCUSD_PERP,bid,57200,789.21
1726534871158,BTCUSD_PERP,bid,57200,845.3
1726534945827,BTCUSD_PERP,bid,57200,789.22
1726534949031,BTCUSD_PERP,bid,57200,675.9
1726534949129,BTCUSD_PERP,bid,57200,790.07
1726534949230,BTCUSD_PERP,bid,57200,1015.67
1726534949328,BTCUSD_PERP,bid,57200,1072.35
1726534961831,BTCUSD_PERP,bid,57200,902.96
1726534961931,BTCUSD_PERP,bid,57200,846.28
1726534962237,BTCUSD_PERP,bid,57200,733.49
1726534962449,BTCUSD_PERP,bid,57200,1015.77
1726534962657,BTCUSD_PERP,bid,57200,1072.43
1726534985811,BTCUSD_PERP,bid,57200,1015.77
1726534986013,BTCUSD_PERP,bid,57200,959.69
1726534986225,BTCUSD_PERP,bid,57200,903.03
1726534986326,BTCUSD_PERP,bid,57200,790.85
1726534986524,BTCUSD_PERP,bid,57200,678.68
1726534986836,BTCUSD_PERP,bid,57200,565.93
1726534987237,BTCUSD_PERP,bid,57200,564.6
1726534987434,BTCUSD_PERP,bid,57200,621.29
1726534987536,BTCUSD_PERP,bid,57200,734.67
1726534987642,BTCUSD_PERP,bid,57200,791.26
1726534987741,BTCUSD_PERP,bid,57200,847.37
1726534990577,BTCUSD_PERP,bid,57200,848.79
1726534991291,BTCUSD_PERP,bid,57200,850.84
1726535077506,BTCUSD_PERP,bid,57200,849.42
1726535112467,BTCUSD_PERP,bid,57200,847.37
1726535174524,BTCUSD_PERP,bid,57200,735.14
1726535174922,BTCUSD_PERP,bid,57200,678.45
1726535176078,BTCUSD_PERP,bid,57300,622.11
1726535176176,BTCUSD_PERP,bid,57300,791.7
1726535176280,BTCUSD_PERP,bid,57300,904.56
1726535176405,BTCUSD_PERP,bid,57300,961.28
1726535203047,BTCUSD_PERP,bid,57300,791.78
1726535203139,BTCUSD_PERP,bid,57300,621.62
1726535204189,BTCUSD_PERP,bid,57300,565.34
1726535204290,BTCUSD_PERP,bid,57300,622.1
1726535204398,BTCUSD_PERP,bid,57300,678.86
1726535216381,BTCUSD_PERP,bid,57300,678.46
1726535267788,BTCUSD_PERP,bid,57300,565.3
1726535267890,BTCUSD_PERP,bid,57300,622.06
1726535268098,BTCUSD_PERP,bid,57300,678.82
1726535360904,BTCUSD_PERP,bid,57300,791.25
1726535361005,BTCUSD_PERP,bid,57300,847.98
1726535403473,BTCUSD_PERP,bid,57200,677.53
1726535403685,BTCUSD_PERP,bid,57200,734.23
1726535410314,BTCUSD_PERP,bid,57200,790.35
1726535433053,BTCUSD_PERP,bid,57200,734.23
1726535433259,BTCUSD_PERP,bid,57200,564.71
1726535536805,BTCUSD_PERP,bid,57200,621.52
1726535629372,BTCUSD_PERP,bid,57100,1015.25
1726535629679,BTCUSD_PERP,bid,57100,1071.85
1726535694726,BTCUSD_PERP,bid,57100,903.2
1726535694825,BTCUSD_PERP,bid,57200,620.53
1726535694924,BTCUSD_PERP,bid,57200,789.28
1726535695035,BTCUSD_PERP,bid,57200,902.54
1726535695245,BTCUSD_PERP,bid,57200,959.17
1726535695351,BTCUSD_PERP,bid,57200,1072.43
1726535695473,BTCUSD_PERP,bid,57200,1128.48
1726535718476,BTCUSD_PERP,bid,57200,1015.79
1726535718778,BTCUSD_PERP,bid,57200,903.67
1726535718878,BTCUSD_PERP,bid,57200,790.41
1726535718981,BTCUSD_PERP,bid,57200,733.78
1726535719094,BTCUSD_PERP,bid,57200,621.1
1726535719301,BTCUSD_PERP,bid,57200,564.47
1726535719707,BTCUSD_PERP,bid,57200,565.54
1726535719804,BTCUSD_PERP,bid,57200,622.21
1726535720004,BTCUSD_PERP,bid,57200,735.45
1726535720112,BTCUSD_PERP,bid,57200,792.94
1726535720218,BTCUSD_PERP,bid,57200,905.69
1726535744561,BTCUSD_PERP,bid,57200,904.28
1726535772132,BTCUSD_PERP,bid,57200,678.88
1726535772236,BTCUSD_PERP,bid,57200,565.16
1726535772337,BTCUSD_PERP,bid,57200,621.86
1726535772441,BTCUSD_PERP,bid,57200,678.56
1726535772551,BTCUSD_PERP,bid,57200,734.68
1726535772759,BTCUSD_PERP,bid,57200,847.5
1726535772862,BTCUSD_PERP,bid,57200,904.2
1726535772965,BTCUSD_PERP,bid,57200,960.9
1726535775449,BTCUSD_PERP,bid,57200,962.32
1726535819510,BTCUSD_PERP,bid,57200,905.62
1726535819816,BTCUSD_PERP,bid,57200,848.92
1726535819914,BTCUSD_PERP,bid,57200,551.01
1726535819914,BTCUSD_PERP,bid,57200,736.1
1726535820016,BTCUSD_PERP,bid,57200,679.98
1726535820116,BTCUSD_PERP,bid,57200,566.58
1726535830931,BTCUSD_PERP,bid,57300,524.86
1726535831138,BTCUSD_PERP,bid,57300,638.3
1726535831660,BTCUSD_PERP,bid,57300,694.49
1726535831868,BTCUSD_PERP,bid,57300,750.68
1726535838193,BTCUSD_PERP,bid,57300,736.12
1726535862119,BTCUSD_PERP,bid,57200,566.47
1726535862220,BTCUSD_PERP,bid,57200,790.99
1726535885345,BTCUSD_PERP,bid,57200,734.28
1726535885449,BTCUSD_PERP,bid,57200,691.83
1726535885546,BTCUSD_PERP,bid,57200,804.02
1726536006310,BTCUSD_PERP,bid,57200,790.42
1726536010935,BTCUSD_PERP,bid,57200,733.75
1726536011246,BTCUSD_PERP,bid,57200,621.56
1726536011343,BTCUSD_PERP,bid,57200,564.89
1726536023146,BTCUSD_PERP,bid,57300,565.07
1726536023457,BTCUSD_PERP,bid,57300,677.98
1726536023561,BTCUSD_PERP,bid,57300,734.73
1726536023764,BTCUSD_PERP,bid,57300,790.9
1726536103584,BTCUSD_PERP,bid,57300,734.74
1726536103690,BTCUSD_PERP,bid,57300,678.57
1726536103996,BTCUSD_PERP,bid,57300,622.4
1726536104096,BTCUSD_PERP,bid,57300,565.65
1726536105034,BTCUSD_PERP,bid,57200,564.3
1726536105232,BTCUSD_PERP,bid,57200,621.02
1726536105335,BTCUSD_PERP,bid,57200,677.74
1726536105538,BTCUSD_PERP,bid,57200,790.5
1726536131955,BTCUSD_PERP,bid,57200,620.92
1726536132055,BTCUSD_PERP,bid,57200,564.78
1726536727304,BTCUSD_PERP,bid,57300,565.83
1726536727406,BTCUSD_PERP,bid,57300,678.19
1726536732339,BTCUSD_PERP,bid,57300,691.93
1726536733461,BTCUSD_PERP,bid,57300,692.06
1726536743133,BTCUSD_PERP,bid,57300,692.2
1726536749342,BTCUSD_PERP,bid,57300,578.66
1726537441088,BTCUSD_PERP,bid,57400,622.81
1726537441194,BTCUSD_PERP,bid,57400,679.06
1726537498261,BTCUSD_PERP,bid,57400,622.81
1726537498671,BTCUSD_PERP,bid,57400,565.98
1726537499387,BTCUSD_PERP,bid,57400,566.38
1726537499477,BTCUSD_PERP,bid,57400,623.25
1726537499588,BTCUSD_PERP,bid,57400,680.02
1726537499703,BTCUSD_PERP,bid,57400,736.89
1726537499797,BTCUSD_PERP,bid,57400,906.92
1726537499905,BTCUSD_PERP,bid,57400,963.79
1726537500232,BTCUSD_PERP,bid,57400,1020.08
1726537674743,BTCUSD_PERP,bid,57400,736.89
1726537674848,BTCUSD_PERP,bid,57400,906.44
1726537675054,BTCUSD_PERP,bid,57400,963.28
1726537751261,BTCUSD_PERP,bid,57400,850.18
1726537751360,BTCUSD_PERP,bid,57300,566.84
1726537751461,BTCUSD_PERP,bid,57300,793.5
1726537751560,BTCUSD_PERP,bid,57300,850.31
1726537873923,BTCUSD_PERP,bid,57300,794.08
1726537874027,BTCUSD_PERP,bid,57300,680.46
1726537874129,BTCUSD_PERP,bid,57300,566.84
1726537874744,BTCUSD_PERP,bid,57400,567.14
1726537874954,BTCUSD_PERP,bid,57400,623.39
1726537875051,BTCUSD_PERP,bid,57400,679.64
1726537875263,BTCUSD_PERP,bid,57400,736.48
1726537875365,BTCUSD_PERP,bid,57400,793.32
1726537875704,BTCUSD_PERP,bid,57400,850.16
1726537875805,BTCUSD_PERP,bid,57400,906.42
1726537875905,BTCUSD_PERP,bid,57400,963.26
1726537876438,BTCUSD_PERP,bid,57400,965.32
1726537918089,BTCUSD_PERP,bid,57300,1019.0
1726537918193,BTCUSD_PERP,bid,57300,1075.81
1726538112368,BTCUSD_PERP,bid,57300,1019.0
1726538112561,BTCUSD_PERP,bid,57300,962.77
1726538112667,BTCUSD_PERP,bid,57300,905.96
1726538112884,BTCUSD_PERP,bid,57300,849.73
1726538112984,BTCUSD_PERP,bid,57300,792.92
1726538113084,BTCUSD_PERP,bid,57300,679.88
1726538113199,BTCUSD_PERP,bid,57300,623.17
1726538113406,BTCUSD_PERP,bid,57300,566.94
1726538113505,BTCUSD_PERP,bid,57300,565.41
1726538113610,BTCUSD_PERP,bid,57300,678.38
1726538113716,BTCUSD_PERP,bid,57300,735.16
1726538113817,BTCUSD_PERP,bid,57300,1018.47
1726538114132,BTCUSD_PERP,bid,57300,1075.25
1726538385105,BTCUSD_PERP,bid,57300,1019.06
1726538385515,BTCUSD_PERP,bid,57300,679.65
1726538386423,BTCUSD_PERP,bid,57300,566.38
1726538386528,BTCUSD_PERP,bid,57300,623.19
1726538386630,BTCUSD_PERP,bid,57300,680.0
1726538404580,BTCUSD_PERP,bid,57300,623.76
1726538404679,BTCUSD_PERP,bid,57300,566.95
1726539134179,BTCUSD_PERP,ask,58400,516.43
1726539134488,BTCUSD_PERP,ask,58400,526.06
1726539134694,BTCUSD_PERP,ask,58400,535.4
1726539134909,BTCUSD_PERP,ask,58400,544.74
1726539171005,BTCUSD_PERP,ask,58400,535.4
1726539179991,BTCUSD_PERP,ask,58400,526.35
1726539181214,BTCUSD_PERP,ask,58400,517.01
