1726910302404,BTCUSDT,bid,47000,850.232
1726923556533,BTCUSDT,bid,47000,850.229
1726927714965,BTCUSDT,bid,47000,850.223
1726930623202,BTCUSDT,bid,47000,850.123
1726933354836,BTCUSDT,bid,47000,852.145
1726941014081,BTCUSDT,bid,47000,852.148
1726941019106,BTCUSDT,bid,47000,852.145
1726941416579,BTCUSDT,bid,47000,851.783
1726942212870,BTCUSDT,bid,47000,851.786
1726944512612,BTCUSDT,bid,47000,851.776
1726946666626,BTCUSDT,bid,47000,851.772
1726948618035,BTCUSDT,ask,631000,50.0
1726948628191,BTCUSDT,ask,631000,90.0
1726948825673,BTCUSDT,bid,47000,851.72
1726950272727,BTCUSDT,bid,47000,851.715
1726950395674,BTCUSDT,bid,47000,851.72
1726950730054,BTCUSDT,bid,47000,851.703
1726902402836,BTCUSD_PERP,ask,63600,506.86
1726902403105,BTCUSD_PERP,ask,63600,513.22
1726902403544,BTCUSD_PERP,ask,63600,506.86
1726902403958,BTCUSD_PERP,ask,63600,513.22
1726902412457,BTCUSD_PERP,ask,63600,534.21
1726902415804,BTCUSD_PERP,ask,63600,524.04
1726902416115,BTCUSD_PERP,ask,63600,534.21
1726902416944,BTCUSD_PERP,ask,63600,524.35
1726902417305,BTCUSD_PERP,ask,63600,534.21
1726902418906,BTCUSD_PERP,ask,63600,524.04
1726902419105,BTCUSD_PERP,ask,63600,534.21
1726902421651,BTCUSD_PERP,ask,63600,524.04
1726902421879,BTCUSD_PERP,ask,63600,534.21
1726902429328,BTCUSD_PERP,ask,63600,524.04
1726902429673,BTCUSD_PERP,ask,63600,534.21
1726902440706,BTCUSD_PERP,ask,63600,524.04
1726902442404,BTCUSD_PERP,ask,63600,513.87
1726902442510,BTCUSD_PERP,ask,63600,524.04
1726902442712,BTCUSD_PERP,ask,63600,534.21
1726902443655,BTCUSD_PERP,ask,63600,524.04
1726902445425,BTCUSD_PERP,ask,63600,534.21
1726902450428,BTCUSD_PERP,ask,63600,527.86
1726902450732,BTCUSD_PERP,ask,63600,534.21
1726902452238,BTCUSD_PERP,ask,63600,524.04
1726902452544,BTCUSD_PERP,ask,63600,534.21
1726902453993,BTCUSD_PERP,ask,63600,524.04
1726902454301,BTCUSD_PERP,ask,63600,534.21
1726902454910,BTCUSD_PERP,ask,63600,527.85
1726902455115,BTCUSD_PERP,ask,63600,534.21
1726902460109,BTCUSD_PERP,ask,63600,524.04
1726902460414,BTCUSD_PERP,ask,63600,534.21
1726902460513,BTCUSD_PERP,ask,63600,513.22
1726902460717,BTCUSD_PERP,ask,63600,534.21
1726902463660,BTCUSD_PERP,ask,63600,527.85
1726902464065,BTCUSD_PERP,ask,63600,521.49
1726902468333,BTCUSD_PERP,ask,63600,515.14
1726902473204,BTCUSD_PERP,ask,63600,508.78
1726902475289,BTCUSD_PERP,ask,63600,487.79
1726902476214,BTCUSD_PERP,ask,63600,477.62
1726902477173,BTCUSD_PERP,ask,63600,471.26
1726902519624,BTCUSD_PERP,bid,62400,555.73
1726903173593,BTCUSD_PERP,bid,62400,555.84
1726903173694,BTCUSD_PERP,bid,62400,617.67
1726903173794,BTCUSD_PERP,bid,62400,679.39
1726903412211,BTCUSD_PERP,bid,62400,617.56
1726903414372,BTCUSD_PERP,bid,62400,555.73
1726903461105,BTCUSD_PERP,bid,62400,567.89
1726903581305,BTCUSD_PERP,bid,62400,555.73
1726904174337,BTCUSD_PERP,bid,62400,494.53
1726904176883,BTCUSD_PERP,bid,62400,489.76
1726904560834,BTCUSD_PERP,bid,62400,556.64
1726904560941,BTCUSD_PERP,bid,62400,618.5
1726904561043,BTCUSD_PERP,bid,62400,493.3
1726904561144,BTCUSD_PERP,bid,62400,680.36
1726904562663,BTCUSD_PERP,bid,62400,680.51
1726904577026,BTCUSD_PERP,bid,62400,680.66
1726904583714,BTCUSD_PERP,bid,62400,680.81
1726904586803,BTCUSD_PERP,bid,62400,680.96
1726904634441,BTCUSD_PERP,bid,62400,695.94
1726904717430,BTCUSD_PERP,bid,62500,490.63
1726904717905,BTCUSD_PERP,bid,62500,551.88
1726904733881,BTCUSD_PERP,bid,62400,572.32
1726904734082,BTCUSD_PERP,bid,62400,510.46
1726904735098,BTCUSD_PERP,bid,62500,495.09
1726904735401,BTCUSD_PERP,bid,62500,556.99
1726904735601,BTCUSD_PERP,bid,62500,618.89
1726904735803,BTCUSD_PERP,bid,62400,540.37
1726904735803,BTCUSD_PERP,bid,62500,680.79
1726904736714,BTCUSD_PERP,bid,62500,490.63
1726904738962,BTCUSD_PERP,bid,62500,618.89
1726904739072,BTCUSD_PERP,bid,62500,556.99
1726904739381,BTCUSD_PERP,bid,62500,495.09
1726904740813,BTCUSD_PERP,bid,62500,495.41
1726904740909,BTCUSD_PERP,bid,62500,557.35
1726904741233,BTCUSD_PERP,bid,62500,619.29
1726904743248,BTCUSD_PERP,bid,62500,620.85
1726904827666,BTCUSD_PERP,bid,62500,558.91
1726904946587,BTCUSD_PERP,bid,62500,495.34
1726904946793,BTCUSD_PERP,bid,62500,557.27
1726905020651,BTCUSD_PERP,bid,62500,495.66
1726905020851,BTCUSD_PERP,bid,62500,557.63
1726905102410,BTCUSD_PERP,bid,62500,556.54
1726905102619,BTCUSD_PERP,bid,62500,618.46
1726905447896,BTCUSD_PERP,bid,62500,491.12
1726905683791,BTCUSD_PERP,bid,62500,494.62
1726905684604,BTCUSD_PERP,bid,62500,556.29
1726905684729,BTCUSD_PERP,bid,62500,618.25
1726905684991,BTCUSD_PERP,bid,62500,680.21
1726905685418,BTCUSD_PERP,bid,62500,681.77
1726905686093,BTCUSD_PERP,bid,62500,743.1
1726905725036,BTCUSD_PERP,bid,62500,758.1
1726905727505,BTCUSD_PERP,bid,62500,770.29
1726905807122,BTCUSD_PERP,bid,62500,768.73
1726905828932,BTCUSD_PERP,bid,62500,617.92
1726905829138,BTCUSD_PERP,bid,62500,679.85
1726906362360,BTCUSD_PERP,bid,62500,617.54
1726906362457,BTCUSD_PERP,bid,62500,679.43
1726907363031,BTCUSD_PERP,bid,62500,556.91
1726907697648,BTCUSD_PERP,ask,63700,472.24
1726907698080,BTCUSD_PERP,ask,63700,482.42
1726909404342,BTCUSD_PERP,ask,63700,474.79
1726909409312,BTCUSD_PERP,ask,63700,484.96
1726909445011,BTCUSD_PERP,ask,63700,474.78
1726910303019,BTCUSD_PERP,ask,63700,478.78
1726910414202,BTCUSD_PERP,bid,62500,493.54
1726910712467,BTCUSD_PERP,bid,62500,493.78
1726910713805,BTCUSD_PERP,bid,62500,493.93
1726910714762,BTCUSD_PERP,bid,62500,494.08
1726910720689,BTCUSD_PERP,bid,62500,494.23
1726910730077,BTCUSD_PERP,bid,62500,494.38
1726910735983,BTCUSD_PERP,bid,62500,494.53
1726910736282,BTCUSD_PERP,bid,62500,506.72
1726910740350,BTCUSD_PERP,bid,62500,506.87
1726910856562,BTCUSD_PERP,bid,62500,494.68
1726910915767,BTCUSD_PERP,bid,62500,494.53
1726910919470,BTCUSD_PERP,bid,62500,494.38
1726910923790,BTCUSD_PERP,bid,62500,494.23
1726910932993,BTCUSD_PERP,bid,62500,494.08
1726910945679,BTCUSD_PERP,bid,62500,493.93
1726910948783,BTCUSD_PERP,bid,62500,493.78
1726911647962,BTCUSD_PERP,bid,62500,493.54
1726911707537,BTCUSD_PERP,bid,62500,494.32
1726911707739,BTCUSD_PERP,bid,62500,555.65
1726911712948,BTCUSD_PERP,bid,62500,567.84
1726911833446,BTCUSD_PERP,bid,62500,555.65
1726912227706,BTCUSD_PERP,bid,62500,615.97
1726912227805,BTCUSD_PERP,bid,62500,677.89
1726912470430,BTCUSD_PERP,bid,62500,616.07
1726912476444,BTCUSD_PERP,bid,62500,554.15
1726912635130,BTCUSD_PERP,bid,62500,553.79
1726912635225,BTCUSD_PERP,bid,62500,615.74
1726913392155,BTCUSD_PERP,ask,63700,480.3
1726913396319,BTCUSD_PERP,ask,63700,486.67
1726913399777,BTCUSD_PERP,ask,63700,507.69
1726913402745,BTCUSD_PERP,ask,63700,501.32
1726913402942,BTCUSD_PERP,ask,63700,494.95
1726913404467,BTCUSD_PERP,ask,63700,484.76
1726913422851,BTCUSD_PERP,ask,63700,474.57
1726913905963,BTCUSD_PERP,bid,62500,861.95
1726913906064,BTCUSD_PERP,bid,62500,923.83
1726913906159,BTCUSD_PERP,bid,62500,985.71
1726913907895,BTCUSD_PERP,bid,62500,1046.96
1726913910429,BTCUSD_PERP,bid,62500,1059.13
1726914030555,BTCUSD_PERP,bid,62500,1046.96
1726914118664,BTCUSD_PERP,bid,62400,493.54
1726914118761,BTCUSD_PERP,bid,62400,861.51
1726914118866,BTCUSD_PERP,bid,62400,923.36
1726915119010,BTCUSD_PERP,bid,62400,862.13
1726915119121,BTCUSD_PERP,bid,62400,739.69
1726915119332,BTCUSD_PERP,bid,62400,678.47
1726915119433,BTCUSD_PERP,bid,62400,556.02
1726915119931,BTCUSD_PERP,bid,62400,494.8
1726915121204,BTCUSD_PERP,bid,62500,502.86
1726915121858,BTCUSD_PERP,bid,62500,564.12
1726915124705,BTCUSD_PERP,bid,62500,565.68
1726915231104,BTCUSD_PERP,bid,62500,553.51
1726915245479,BTCUSD_PERP,bid,62500,551.95
1726915523404,BTCUSD_PERP,bid,62500,495.04
1726915541312,BTCUSD_PERP,bid,62500,497.28
1726915554906,BTCUSD_PERP,bid,62500,497.43
1726915662119,BTCUSD_PERP,bid,62500,495.19
1726915741923,BTCUSD_PERP,bid,62400,494.8
1726915741923,BTCUSD_PERP,bid,62500,490.69
1726915743387,BTCUSD_PERP,bid,62400,551.61
1726915757605,BTCUSD_PERP,bid,62400,566.58
1726915791564,BTCUSD_PERP,bid,62400,494.56
1726915792405,BTCUSD_PERP,bid,62400,490.16
1726915792724,BTCUSD_PERP,bid,62400,551.35
1726915799615,BTCUSD_PERP,bid,62400,551.5
1726915823823,BTCUSD_PERP,bid,62400,551.65
1726915844160,BTCUSD_PERP,bid,62400,563.81
1726915845343,BTCUSD_PERP,ask,63600,476.62
1726915848662,BTCUSD_PERP,ask,63600,486.79
1726915850408,BTCUSD_PERP,bid,62400,565.36
1726915850805,BTCUSD_PERP,ask,63600,493.15
1726915850945,BTCUSD_PERP,ask,63600,503.32
1726915853596,BTCUSD_PERP,ask,63600,513.49
1726915856474,BTCUSD_PERP,ask,63600,503.32
1726915858342,BTCUSD_PERP,ask,63600,513.49
1726915866643,BTCUSD_PERP,ask,63600,503.64
1726915866966,BTCUSD_PERP,ask,63600,513.49
1726915867808,BTCUSD_PERP,ask,63600,503.32
1726915868084,BTCUSD_PERP,ask,63600,513.49
1726915869421,BTCUSD_PERP,ask,63600,503.32
1726915869805,BTCUSD_PERP,ask,63600,513.49
1726915873105,BTCUSD_PERP,ask,63600,507.13
1726915873326,BTCUSD_PERP,ask,63600,496.96
1726915874521,BTCUSD_PERP,ask,63600,486.79
1726915884813,BTCUSD_PERP,ask,63600,480.43
1726915887187,BTCUSD_PERP,ask,63600,474.07
1726915964394,BTCUSD_PERP,bid,62400,553.2
1726915970765,BTCUSD_PERP,bid,62400,551.65
1726916013067,BTCUSD_PERP,bid,62400,551.5
1726916037736,BTCUSD_PERP,bid,62400,551.35
1726916642691,BTCUSD_PERP,bid,62400,493.56
1726916642991,BTCUSD_PERP,bid,62400,554.79
1726916643398,BTCUSD_PERP,bid,62400,616.64
1726916643506,BTCUSD_PERP,bid,62400,677.87
1726916643614,BTCUSD_PERP,bid,62400,739.1
1726916643717,BTCUSD_PERP,bid,62400,800.32
1726916643819,BTCUSD_PERP,bid,62400,923.4
1726916643921,BTCUSD_PERP,bid,62400,984.63
1726916644019,BTCUSD_PERP,bid,62400,1108.33
1726916644126,BTCUSD_PERP,bid,62400,1170.18
1726917213377,BTCUSD_PERP,bid,62400,1108.96
1726917214336,BTCUSD_PERP,bid,62400,678.49
1726917214434,BTCUSD_PERP,bid,62500,800.16
1726917214538,BTCUSD_PERP,bid,62500,923.31
1726917352427,BTCUSD_PERP,bid,62500,862.05
1726917352526,BTCUSD_PERP,bid,62500,738.9
1726917352724,BTCUSD_PERP,bid,62500,677.01
1726917352829,BTCUSD_PERP,bid,62500,553.86
1726917352933,BTCUSD_PERP,bid,62500,491.97
1726917353133,BTCUSD_PERP,bid,62500,493.56
1726917353849,BTCUSD_PERP,bid,62500,554.12
1726917353948,BTCUSD_PERP,bid,62500,616.05
1726917915142,BTCUSD_PERP,bid,62500,493.2
1726917915346,BTCUSD_PERP,bid,62500,493.94
1726918918347,BTCUSD_PERP,bid,62500,519.12
1726918928574,BTCUSD_PERP,bid,62500,521.36
1726918959335,BTCUSD_PERP,bid,62500,521.51
1726918973705,BTCUSD_PERP,bid,62500,521.66
1726918977277,BTCUSD_PERP,bid,62500,521.81
1726918990895,BTCUSD_PERP,bid,62500,520.25
1726919020450,BTCUSD_PERP,bid,62500,508.07
1726919021036,BTCUSD_PERP,bid,62500,493.08
1726919048917,BTCUSD_PERP,bid,62500,490.84
1726919085720,BTCUSD_PERP,ask,63700,472.02
1726919086091,BTCUSD_PERP,ask,63700,472.02
1726919089190,BTCUSD_PERP,bid,62500,490.69
1726919091348,BTCUSD_PERP,ask,63700,472.02
1726919094907,BTCUSD_PERP,ask,63700,472.02
1726919099120,BTCUSD_PERP,ask,63700,472.02
1726919099778,BTCUSD_PERP,ask,63700,472.02
1726919102823,BTCUSD_PERP,ask,63700,472.02
1726919106462,BTCUSD_PERP,bid,62500,495.41
1726919106563,BTCUSD_PERP,bid,62500,557.35
1726919106660,BTCUSD_PERP,bid,62500,619.29
1726919106770,BTCUSD_PERP,bid,62500,540.69
1726919165797,BTCUSD_PERP,bid,62500,490.54
1726919181283,BTCUSD_PERP,bid,62500,490.39
1726919185160,BTCUSD_PERP,bid,62500,490.24
1726919920750,BTCUSD_PERP,bid,62500,522.12
1726919926400,BTCUSD_PERP,bid,62500,522.27
1726919940037,BTCUSD_PERP,bid,62500,521.97
1726919940130,BTCUSD_PERP,bid,62500,521.37
1726919957734,BTCUSD_PERP,bid,62500,519.81
1726919958005,BTCUSD_PERP,bid,62500,521.37
1726919987882,BTCUSD_PERP,bid,62500,506.38
1726919988095,BTCUSD_PERP,bid,62500,521.37
1726919997405,BTCUSD_PERP,bid,62500,509.19
1726919999180,BTCUSD_PERP,bid,62500,521.37
1726920015701,BTCUSD_PERP,bid,62500,519.13
1726920078559,BTCUSD_PERP,bid,62500,517.57
1726920109121,BTCUSD_PERP,bid,62500,502.58
1726920119720,BTCUSD_PERP,bid,62500,490.4
1726920524254,BTCUSD_PERP,bid,62500,557.35
1726920541717,BTCUSD_PERP,bid,62500,495.41
1726920548052,BTCUSD_PERP,bid,62500,494.29
1726921787200,BTCUSD_PERP,bid,62500,490.16
1726922103183,BTCUSD_PERP,bid,62500,492.26
1726922103279,BTCUSD_PERP,bid,62500,554.18
1726922103387,BTCUSD_PERP,bid,62500,615.48
1726922103483,BTCUSD_PERP,bid,62500,676.78
1726922773757,BTCUSD_PERP,bid,62500,615.48
1726922773863,BTCUSD_PERP,bid,62500,553.29
1726922976660,BTCUSD_PERP,bid,62500,492.02
1726923275730,BTCUSD_PERP,bid,62500,552.68
1726923275930,BTCUSD_PERP,bid,62500,614.64
1726923276238,BTCUSD_PERP,bid,62500,676.6
1726923276440,BTCUSD_PERP,bid,62500,738.56
1726923276745,BTCUSD_PERP,bid,62500,800.52
1726923280410,BTCUSD_PERP,bid,62500,802.76
1726923401005,BTCUSD_PERP,bid,62500,800.52
1726923512377,BTCUSD_PERP,bid,62500,676.6
1726923512580,BTCUSD_PERP,bid,62500,614.64
1726923512776,BTCUSD_PERP,bid,62500,491.34
1726923513809,BTCUSD_PERP,bid,62600,492.3
1726923513902,BTCUSD_PERP,bid,62600,554.2
1726923661258,BTCUSD_PERP,bid,62600,492.3
1726923662167,BTCUSD_PERP,bid,62600,493.28
1726923688592,BTCUSD_PERP,bid,62500,862.64
1726923749710,BTCUSD_PERP,bid,62500,800.7
1726923749813,BTCUSD_PERP,bid,62500,739.39
1726923750012,BTCUSD_PERP,bid,62500,678.08
1726923750122,BTCUSD_PERP,bid,62500,616.14
1726923750432,BTCUSD_PERP,bid,62500,554.83
1726923750532,BTCUSD_PERP,bid,62500,492.89
1726923750736,BTCUSD_PERP,bid,62600,493.74
1726923752773,BTCUSD_PERP,bid,62600,493.48
1726923968952,BTCUSD_PERP,bid,62500,493.04
1726923976535,BTCUSD_PERP,bid,62500,508.04
1726924082084,BTCUSD_PERP,bid,62500,678.32
1726924639679,BTCUSD_PERP,bid,62500,554.52
1726924921319,BTCUSD_PERP,bid,62600,492.58
1726925127676,BTCUSD_PERP,bid,62500,493.78
1726925129787,BTCUSD_PERP,bid,62500,505.96
1726925144405,BTCUSD_PERP,bid,62500,506.11
1726925145158,BTCUSD_PERP,bid,62500,506.26
1726925154714,BTCUSD_PERP,bid,62500,507.82
1726925250280,BTCUSD_PERP,bid,62500,495.64
1726925275419,BTCUSD_PERP,bid,62500,494.08
1726925324027,BTCUSD_PERP,bid,62600,493.87
1726925327609,BTCUSD_PERP,bid,62600,494.02
1726925336017,BTCUSD_PERP,bid,62600,496.27
1726925343162,BTCUSD_PERP,bid,62600,496.42
1726925350297,BTCUSD_PERP,bid,62600,496.57
1726925350685,BTCUSD_PERP,bid,62600,496.72
1726925368005,BTCUSD_PERP,bid,62600,514.23
1726925374165,BTCUSD_PERP,bid,62600,526.42
1726925456621,BTCUSD_PERP,bid,62600,524.17
1726925488829,BTCUSD_PERP,bid,62600,506.66
1726925494539,BTCUSD_PERP,bid,62600,494.47
1726925541230,BTCUSD_PERP,bid,62600,494.32
1726925551001,BTCUSD_PERP,bid,62600,494.17
1726925552526,BTCUSD_PERP,bid,62600,494.02
1726925562107,BTCUSD_PERP,bid,62600,493.87
1726926694758,BTCUSD_PERP,bid,62600,494.43
1726926694859,BTCUSD_PERP,bid,62600,555.84
1726926744983,BTCUSD_PERP,bid,62600,493.8
1726926746101,BTCUSD_PERP,bid,62700,557.47
1726926753578,BTCUSD_PERP,bid,62600,495.14
1726927209469,BTCUSD_PERP,bid,62600,494.51
1726927209570,BTCUSD_PERP,bid,62600,618.61
1726927210005,BTCUSD_PERP,bid,62600,680.66
1726927210211,BTCUSD_PERP,bid,62600,742.61
1726927210420,BTCUSD_PERP,bid,62600,866.08
1726927210728,BTCUSD_PERP,bid,62600,928.13
1726927210831,BTCUSD_PERP,bid,62600,989.55
1726927655341,BTCUSD_PERP,bid,62600,741.98
1726927655442,BTCUSD_PERP,bid,62600,926.99
1726927655648,BTCUSD_PERP,bid,62600,989.01
1726928550154,BTCUSD_PERP,bid,62600,1001.21
1726928655817,BTCUSD_PERP,bid,62600,939.83
1726928655921,BTCUSD_PERP,bid,62600,878.45
1726928656019,BTCUSD_PERP,bid,62600,755.69
1726928656327,BTCUSD_PERP,bid,62600,694.31
1726928670480,BTCUSD_PERP,bid,62600,682.11
1726929111105,BTCUSD_PERP,bid,62600,744.5
1726929111206,BTCUSD_PERP,bid,62600,806.55
1726929120205,BTCUSD_PERP,bid,62600,824.08
1726929241063,BTCUSD_PERP,bid,62600,806.55
1726929306213,BTCUSD_PERP,bid,62600,682.45
1726929306319,BTCUSD_PERP,bid,62600,496.4
1726929436472,BTCUSD_PERP,bid,62600,495.22
1726929436577,BTCUSD_PERP,bid,62600,557.28
1726929591313,BTCUSD_PERP,bid,62600,495.22
1726929592248,BTCUSD_PERP,bid,62700,495.46
1726929592871,BTCUSD_PERP,bid,62700,557.55
1726929592970,BTCUSD_PERP,bid,62700,619.01
1726929593790,BTCUSD_PERP,bid,62700,619.16
1726929805410,BTCUSD_PERP,bid,62700,619.01
1726929930062,BTCUSD_PERP,bid,62700,495.46
1726930779204,BTCUSD_PERP,bid,62700,619.6
1726930779308,BTCUSD_PERP,bid,62700,743.29
1726930779729,BTCUSD_PERP,bid,62700,805.45
1726930779942,BTCUSD_PERP,bid,62700,867.61
1726930780258,BTCUSD_PERP,bid,62700,991.3
1726930780362,BTCUSD_PERP,bid,62700,481.2
1726930780453,BTCUSD_PERP,bid,62700,542.68
1726930820968,BTCUSD_PERP,bid,62700,804.94
1726930821062,BTCUSD_PERP,bid,62600,480.33
1726930821062,BTCUSD_PERP,bid,62700,867.06
1726930821169,BTCUSD_PERP,bid,62600,542.35
1726930821169,BTCUSD_PERP,bid,62700,929.18
1726930961565,BTCUSD_PERP,bid,62700,866.0
1726930961667,BTCUSD_PERP,bid,62600,480.04
1726930961667,BTCUSD_PERP,bid,62700,928.09
1726930997659,BTCUSD_PERP,bid,62600,479.86
1726930997659,BTCUSD_PERP,bid,62600,927.64
1726930997870,BTCUSD_PERP,bid,62600,541.81
1726930997870,BTCUSD_PERP,bid,62600,989.7
1726930997972,BTCUSD_PERP,bid,62600,991.26
1726931120542,BTCUSD_PERP,bid,62600,989.7
1726931178363,BTCUSD_PERP,bid,62600,479.81
1726931178363,BTCUSD_PERP,bid,62600,928.27
1726931178463,BTCUSD_PERP,bid,62600,866.21
1726931178769,BTCUSD_PERP,bid,62600,802.45
1726931178876,BTCUSD_PERP,bid,62600,988.54
1726931178975,BTCUSD_PERP,bid,62500,479.52
1726931178975,BTCUSD_PERP,bid,62600,1050.57
1726931425679,BTCUSD_PERP,bid,62600,741.17
1726931425768,BTCUSD_PERP,bid,62600,864.61
1726931425977,BTCUSD_PERP,bid,62600,926.6
1726931427604,BTCUSD_PERP,bid,62500,494.35
1726931489311,BTCUSD_PERP,bid,62500,617.94
1726931509857,BTCUSD_PERP,bid,62500,494.4
1726931509960,BTCUSD_PERP,bid,62500,555.72
1726931529533,BTCUSD_PERP,bid,62600,496.59
1726931529636,BTCUSD_PERP,bid,62600,558.48
1726931529737,BTCUSD_PERP,bid,62600,619.85
1726931530045,BTCUSD_PERP,bid,62600,681.84
1726931530238,BTCUSD_PERP,bid,62600,743.83
1726931530346,BTCUSD_PERP,bid,62600,805.19
1726931530546,BTCUSD_PERP,bid,62600,929.17
1726931609859,BTCUSD_PERP,bid,62600,682.47
1726931609956,BTCUSD_PERP,bid,62500,801.7
1726931610059,BTCUSD_PERP,bid,62500,925.51
1726931618074,BTCUSD_PERP,bid,62500,863.55
1726931618284,BTCUSD_PERP,bid,62500,802.22
1726931618912,BTCUSD_PERP,bid,62500,740.26
1726931619018,BTCUSD_PERP,bid,62500,616.97
1726931619118,BTCUSD_PERP,bid,62500,493.44
1726931619118,BTCUSD_PERP,bid,62500,555.64
1726931619218,BTCUSD_PERP,bid,62500,739.86
1726931619420,BTCUSD_PERP,bid,62500,801.78
1726931773724,BTCUSD_PERP,bid,62500,739.86
1726931774132,BTCUSD_PERP,bid,62500,678.56
1726931774237,BTCUSD_PERP,bid,62500,616.64
1726931774338,BTCUSD_PERP,bid,62500,555.36
1726931774844,BTCUSD_PERP,bid,62500,492.49
1726931774943,BTCUSD_PERP,bid,62500,554.45
1726931775452,BTCUSD_PERP,bid,62500,616.41
1726931775552,BTCUSD_PERP,bid,62500,678.37
1726931775649,BTCUSD_PERP,bid,62500,740.33
1726931990654,BTCUSD_PERP,bid,62500,617.05
1726931990757,BTCUSD_PERP,bid,62500,493.76
1726931991773,BTCUSD_PERP,bid,62600,494.03
1726931991875,BTCUSD_PERP,bid,62600,555.39
1726931992079,BTCUSD_PERP,bid,62600,617.38
1726931992285,BTCUSD_PERP,bid,62600,740.73
1726931992382,BTCUSD_PERP,bid,62600,802.72
1726932122443,BTCUSD_PERP,bid,62600,740.73
1726932122645,BTCUSD_PERP,bid,62600,678.74
1726932122740,BTCUSD_PERP,bid,62600,616.75
1726932122842,BTCUSD_PERP,bid,62600,555.39
1726932122944,BTCUSD_PERP,bid,62600,494.03
1726932124176,BTCUSD_PERP,bid,62600,494.98
1726932124291,BTCUSD_PERP,bid,62600,557.01
1726932124401,BTCUSD_PERP,bid,62600,618.41
1726932471877,BTCUSD_PERP,bid,62600,556.38
1726932472395,BTCUSD_PERP,bid,62600,495.74
1726932472702,BTCUSD_PERP,bid,62600,557.8
1726932472809,BTCUSD_PERP,bid,62600,681.29
1726932472907,BTCUSD_PERP,bid,62600,742.72
1726932473019,BTCUSD_PERP,bid,62600,804.78
1726932473124,BTCUSD_PERP,bid,62600,866.21
1726932473238,BTCUSD_PERP,bid,62600,928.27
1726932759732,BTCUSD_PERP,bid,62500,494.42
1726932759834,BTCUSD_PERP,bid,62600,741.73
1726932760037,BTCUSD_PERP,bid,62600,803.76
1726932884977,BTCUSD_PERP,bid,62600,741.73
1726932885291,BTCUSD_PERP,bid,62600,680.33
1726932885391,BTCUSD_PERP,bid,62600,556.9
1726932885480,BTCUSD_PERP,bid,62600,494.87
1726932886410,BTCUSD_PERP,bid,62600,494.59
1726932886646,BTCUSD_PERP,bid,62600,556.54
1726932886730,BTCUSD_PERP,bid,62600,680.66
1726932886868,BTCUSD_PERP,bid,62600,742.72
1726933339147,BTCUSD_PERP,bid,62600,803.77
1726933339248,BTCUSD_PERP,bid,62600,865.8
1726933669087,BTCUSD_PERP,bid,62600,557.56
1726933669183,BTCUSD_PERP,bid,62600,987.32
1726933669288,BTCUSD_PERP,bid,62600,1111.3
1726933669380,BTCUSD_PERP,bid,62500,494.91
1726933669380,BTCUSD_PERP,bid,62600,1173.29
1726933772472,BTCUSD_PERP,bid,62600,926.59
1726933772568,BTCUSD_PERP,bid,62600,988.37
1726933772657,BTCUSD_PERP,bid,62600,1049.75
1726933772723,BTCUSD_PERP,bid,62500,495.15
1726933772723,BTCUSD_PERP,bid,62600,1111.77
1726933773205,BTCUSD_PERP,bid,62600,1173.79
1726933782345,BTCUSD_PERP,bid,62600,1173.94
1726933785175,BTCUSD_PERP,bid,62600,1174.09
1726933786805,BTCUSD_PERP,bid,62600,1175.65
1726933788873,BTCUSD_PERP,bid,62600,1175.8
1726933789104,BTCUSD_PERP,bid,62600,1178.05
1726933790775,BTCUSD_PERP,bid,62600,1178.2
1726933795805,BTCUSD_PERP,bid,62600,1178.35
1726933801670,BTCUSD_PERP,bid,62600,1190.55
1726933803400,BTCUSD_PERP,bid,62600,1208.07
1726933907420,BTCUSD_PERP,bid,62600,1206.51
1726933910244,BTCUSD_PERP,bid,62600,1204.26
1726933922048,BTCUSD_PERP,bid,62600,1192.06
1726933924105,BTCUSD_PERP,bid,62600,1174.54
1726933955342,BTCUSD_PERP,bid,62600,1113.16
1726933955447,BTCUSD_PERP,bid,62600,989.76
1726933955554,BTCUSD_PERP,bid,62600,927.74
1726933955667,BTCUSD_PERP,bid,62600,865.72
1726933955757,BTCUSD_PERP,bid,62600,804.34
1726933955878,BTCUSD_PERP,bid,62600,742.43
1726933955878,BTCUSD_PERP,bid,62600,493.78
1726933955974,BTCUSD_PERP,bid,62600,680.41
1726933956081,BTCUSD_PERP,bid,62600,557.65
1726933956081,BTCUSD_PERP,bid,62600,617.25
1726933956178,BTCUSD_PERP,bid,62600,678.67
1726933956261,BTCUSD_PERP,bid,62600,496.27
1726933956261,BTCUSD_PERP,bid,62600,740.09
1726933956400,BTCUSD_PERP,bid,62600,802.14
1726933956609,BTCUSD_PERP,bid,62600,926.24
1726933956724,BTCUSD_PERP,bid,62600,1050.34
1726933956854,BTCUSD_PERP,bid,62600,1174.44
1726933957304,BTCUSD_PERP,bid,62600,1235.86
1726933957400,BTCUSD_PERP,bid,62600,495.41
1726933991193,BTCUSD_PERP,bid,62600,1236.01
1726933991305,BTCUSD_PERP,bid,62600,1236.16
1726933995528,BTCUSD_PERP,bid,62600,1236.31
1726934001105,BTCUSD_PERP,bid,62600,1236.46
1726934006239,BTCUSD_PERP,bid,62600,1236.61
1726934024405,BTCUSD_PERP,bid,62600,1236.76
1726934028472,BTCUSD_PERP,bid,62600,1238.32
1726934031141,BTCUSD_PERP,bid,62600,1240.57
1726934149704,BTCUSD_PERP,bid,62600,1239.01
1726934151596,BTCUSD_PERP,bid,62600,1236.76
1726934196493,BTCUSD_PERP,bid,62600,1236.61
1726934197010,BTCUSD_PERP,bid,62600,1236.46
1726934198229,BTCUSD_PERP,bid,62600,1236.31
1726934212570,BTCUSD_PERP,bid,62600,1236.16
1726934220447,BTCUSD_PERP,bid,62600,1236.01
1726934234894,BTCUSD_PERP,bid,62600,1235.86
1726934256803,BTCUSD_PERP,bid,62600,1112.39
1726934257011,BTCUSD_PERP,bid,62600,1050.97
1726934257115,BTCUSD_PERP,bid,62600,989.55
1726934257215,BTCUSD_PERP,bid,62600,927.5
1726934257625,BTCUSD_PERP,bid,62600,803.4
1726934257827,BTCUSD_PERP,bid,62600,493.64
1726934257827,BTCUSD_PERP,bid,62600,679.93
1726934257925,BTCUSD_PERP,bid,62600,618.51
1726934258033,BTCUSD_PERP,bid,62600,617.05
1726934258033,BTCUSD_PERP,bid,62600,556.46
1726934258137,BTCUSD_PERP,bid,62600,741.09
1726934258137,BTCUSD_PERP,bid,62600,494.41
1726934258237,BTCUSD_PERP,bid,62600,864.5
1726934258543,BTCUSD_PERP,bid,62500,495.14
1726934258543,BTCUSD_PERP,bid,62600,926.52
1726934258644,BTCUSD_PERP,bid,62600,1049.93
1726934258743,BTCUSD_PERP,bid,62600,1111.84
1726934258946,BTCUSD_PERP,bid,62600,1235.25
1726934635750,BTCUSD_PERP,bid,62600,1111.21
1726934637397,BTCUSD_PERP,bid,62600,1049.82
1726934639810,BTCUSD_PERP,bid,62600,740.09
1726934639916,BTCUSD_PERP,bid,62600,1049.71
1726934640017,BTCUSD_PERP,bid,62600,495.41
1726934640017,BTCUSD_PERP,bid,62600,1111.76
1726934712222,BTCUSD_PERP,ask,64000,468.73
1726934713302,BTCUSD_PERP,ask,64000,477.04
1726934715449,BTCUSD_PERP,ask,64000,497.5
1726934753752,BTCUSD_PERP,ask,64000,487.27
1726934759977,BTCUSD_PERP,ask,64000,477.36
1726934780714,BTCUSD_PERP,bid,62600,1049.71
1726934780925,BTCUSD_PERP,bid,62600,987.66
1726934781024,BTCUSD_PERP,bid,62600,926.24
1726934781337,BTCUSD_PERP,bid,62600,864.82
1726934781541,BTCUSD_PERP,bid,62600,803.4
1726934781640,BTCUSD_PERP,bid,62600,680.03
1726934781741,BTCUSD_PERP,bid,62700,494.65
1726934781842,BTCUSD_PERP,bid,62600,556.56
1726934781842,BTCUSD_PERP,bid,62700,618.19
1726934781947,BTCUSD_PERP,bid,62700,742.35
1726934782247,BTCUSD_PERP,bid,62700,927.96
1726934782350,BTCUSD_PERP,bid,62700,990.04
1726934782452,BTCUSD_PERP,bid,62700,1051.49
1726934782660,BTCUSD_PERP,bid,62600,495.65
1726934782660,BTCUSD_PERP,bid,62700,1112.95
1726935220819,BTCUSD_PERP,bid,62700,1050.87
1726935220949,BTCUSD_PERP,bid,62700,989.41
1726935221166,BTCUSD_PERP,bid,62700,865.88
1726935221494,BTCUSD_PERP,bid,62700,803.8
1726935221597,BTCUSD_PERP,bid,62600,555.98
1726935221597,BTCUSD_PERP,bid,62700,680.27
1726935221697,BTCUSD_PERP,bid,62600,618.03
1726935221697,BTCUSD_PERP,bid,62700,618.19
1726935221902,BTCUSD_PERP,bid,62600,742.13
1726935221902,BTCUSD_PERP,bid,62700,494.03
1726935222107,BTCUSD_PERP,bid,62600,865.6
1726935222208,BTCUSD_PERP,bid,62600,927.65
1726935222312,BTCUSD_PERP,bid,62600,495.38
1726935222312,BTCUSD_PERP,bid,62600,989.07
1726935222410,BTCUSD_PERP,bid,62600,1050.49
1726935222512,BTCUSD_PERP,bid,62600,1112.43
1726935222613,BTCUSD_PERP,bid,62600,1235.9
1726935236750,BTCUSD_PERP,bid,62600,1237.46
1726935239618,BTCUSD_PERP,bid,62600,1239.71
1726935248749,BTCUSD_PERP,ask,63900,470.85
1726935252154,BTCUSD_PERP,ask,63900,477.23
1726935357463,BTCUSD_PERP,bid,62600,1238.15
1726935361781,BTCUSD_PERP,bid,62600,1235.9
1726935472554,BTCUSD_PERP,bid,62600,1173.18
1726935472761,BTCUSD_PERP,bid,62500,495.09
1726935472761,BTCUSD_PERP,bid,62600,1235.2
1726935621560,BTCUSD_PERP,bid,62600,1173.18
1726935621660,BTCUSD_PERP,bid,62600,987.87
1726935621865,BTCUSD_PERP,bid,62600,802.51
1726935621970,BTCUSD_PERP,bid,62600,1173.13
1726935622073,BTCUSD_PERP,bid,62500,494.85
1726935650770,BTCUSD_PERP,bid,62600,1111.78
1726935650973,BTCUSD_PERP,bid,62500,678.83
1726935651071,BTCUSD_PERP,bid,62500,1110.61
1726935651172,BTCUSD_PERP,bid,62500,494.61
1726935651172,BTCUSD_PERP,bid,62500,1172.56
1726935827963,BTCUSD_PERP,bid,62500,1049.29
1726935828063,BTCUSD_PERP,bid,62500,987.34
1726935828163,BTCUSD_PERP,bid,62500,864.07
1726935828465,BTCUSD_PERP,bid,62500,802.75
1726935828564,BTCUSD_PERP,bid,62500,740.8
1726935828889,BTCUSD_PERP,bid,62500,617.52
1726935828983,BTCUSD_PERP,bid,62600,617.9
1726935829100,BTCUSD_PERP,bid,62600,679.26
1726935905143,BTCUSD_PERP,bid,62600,617.27
1726935905352,BTCUSD_PERP,bid,62600,555.91
1726935905653,BTCUSD_PERP,bid,62600,493.92
1726935906052,BTCUSD_PERP,bid,62600,555.09
1726935906158,BTCUSD_PERP,bid,62600,617.11
1726935906262,BTCUSD_PERP,bid,62600,741.04
1726935906467,BTCUSD_PERP,bid,62600,803.06
1726935936720,BTCUSD_PERP,bid,62600,741.67
1726935936950,BTCUSD_PERP,bid,62600,679.65
1726935937164,BTCUSD_PERP,bid,62600,618.26
1726935937480,BTCUSD_PERP,bid,62600,556.24
1726935937607,BTCUSD_PERP,bid,62600,494.85
1726935938004,BTCUSD_PERP,bid,62600,555.94
1726935938118,BTCUSD_PERP,bid,62600,617.89
1726935938432,BTCUSD_PERP,bid,62600,679.94
1726935938555,BTCUSD_PERP,bid,62600,741.37
1726935938644,BTCUSD_PERP,bid,62600,803.42
1726935938766,BTCUSD_PERP,bid,62600,864.85
1726935938978,BTCUSD_PERP,bid,62600,865.0
1726936125133,BTCUSD_PERP,bid,62600,802.95
1726936125332,BTCUSD_PERP,bid,62600,740.9
1726936125433,BTCUSD_PERP,bid,62600,679.47
1726936125636,BTCUSD_PERP,bid,62600,618.05
1726936125739,BTCUSD_PERP,bid,62600,556.0
1726936126043,BTCUSD_PERP,bid,62600,740.98
1726936126235,BTCUSD_PERP,bid,62600,803.0
1726936149201,BTCUSD_PERP,bid,62600,741.61
1726936149405,BTCUSD_PERP,bid,62500,494.28
1726936149405,BTCUSD_PERP,bid,62600,802.58
1726936149506,BTCUSD_PERP,bid,62600,864.57
1726936149605,BTCUSD_PERP,bid,62500,556.16
1726936219971,BTCUSD_PERP,bid,62600,865.2
1726936238683,BTCUSD_PERP,bid,62600,557.17
1726936238779,BTCUSD_PERP,bid,62500,540.36
1726936238779,BTCUSD_PERP,bid,62500,802.06
1726936238878,BTCUSD_PERP,bid,62500,864.01
1726936238979,BTCUSD_PERP,bid,62500,602.2
1726936261820,BTCUSD_PERP,bid,62500,540.32
1726936262107,BTCUSD_PERP,bid,62500,802.7
1726936262338,BTCUSD_PERP,bid,62500,679.43
1726936262438,BTCUSD_PERP,bid,62500,617.48
1726936262539,BTCUSD_PERP,bid,62500,556.17
1726936262732,BTCUSD_PERP,bid,62500,494.22
1726936263151,BTCUSD_PERP,bid,62600,493.32
1726936263248,BTCUSD_PERP,bid,62600,678.63
1726936263485,BTCUSD_PERP,bid,62600,802.49
1726936264015,BTCUSD_PERP,bid,62600,864.47
1726936315909,BTCUSD_PERP,bid,62600,617.91
1726936364628,BTCUSD_PERP,bid,62600,597.95
1726936436930,BTCUSD_PERP,bid,62600,585.85
1726936484405,BTCUSD_PERP,bid,62600,584.3
1726936591159,BTCUSD_PERP,bid,62600,522.25
1726936591570,BTCUSD_PERP,bid,62600,493.53
1726936591678,BTCUSD_PERP,bid,62600,555.55
1726936608471,BTCUSD_PERP,bid,62600,493.36
1726936608576,BTCUSD_PERP,bid,62600,555.35
1726936793228,BTCUSD_PERP,bid,62600,493.31
1726936805090,BTCUSD_PERP,bid,62600,505.5
1726936841954,BTCUSD_PERP,bid,62600,523.01
1726936925366,BTCUSD_PERP,bid,62600,510.82
1726936962627,BTCUSD_PERP,bid,62600,493.31
1726937463554,BTCUSD_PERP,bid,62600,493.8
1726937810450,BTCUSD_PERP,bid,62600,496.05
1726937940807,BTCUSD_PERP,ask,63900,478.99
1726937941315,BTCUSD_PERP,ask,63900,489.2
1726937943911,BTCUSD_PERP,ask,63900,499.41
1726937945728,BTCUSD_PERP,ask,63900,505.79
1726937947606,BTCUSD_PERP,ask,63900,512.17
1726937949405,BTCUSD_PERP,ask,63900,518.55
1726937954442,BTCUSD_PERP,ask,63900,524.93
1726937955981,BTCUSD_PERP,ask,63900,535.14
1726937959761,BTCUSD_PERP,ask,63900,545.35
1726937962721,BTCUSD_PERP,ask,63900,566.42
1726937963900,BTCUSD_PERP,ask,63900,576.63
1726937968304,BTCUSD_PERP,ask,63900,586.84
1726937976024,BTCUSD_PERP,ask,63900,593.22
1726937977741,BTCUSD_PERP,ask,63900,599.6
1726937978944,BTCUSD_PERP,ask,63900,589.39
1726937979201,BTCUSD_PERP,ask,63900,599.6
1726937981204,BTCUSD_PERP,ask,63900,589.39
1726937981426,BTCUSD_PERP,ask,63900,599.6
1726937984305,BTCUSD_PERP,ask,63900,589.7
1726937984622,BTCUSD_PERP,ask,63900,599.6
1726937997330,BTCUSD_PERP,ask,63900,589.39
1726937998792,BTCUSD_PERP,ask,63900,583.01
1726938000915,BTCUSD_PERP,ask,63900,572.8
1726938001561,BTCUSD_PERP,ask,63900,562.59
1726938004391,BTCUSD_PERP,ask,63900,552.38
1726938005772,BTCUSD_PERP,ask,63900,546.0
1726938014522,BTCUSD_PERP,ask,63900,539.62
1726938015976,BTCUSD_PERP,ask,63900,529.41
1726938020501,BTCUSD_PERP,ask,63900,519.2
1726938023998,BTCUSD_PERP,ask,63900,508.99
1726938028420,BTCUSD_PERP,ask,63900,498.78
1726938030550,BTCUSD_PERP,ask,63900,477.71
1726938325083,BTCUSD_PERP,bid,62600,494.36
1726938328673,BTCUSD_PERP,ask,63800,474.01
1726938367340,BTCUSD_PERP,bid,62600,494.65
1726938372504,BTCUSD_PERP,bid,62700,494.57
1726938392644,BTCUSD_PERP,bid,62700,495.54
1726938392754,BTCUSD_PERP,bid,62700,619.11
1726938392869,BTCUSD_PERP,bid,62700,681.21
1726938393605,BTCUSD_PERP,bid,62700,693.42
1726938513768,BTCUSD_PERP,bid,62700,681.21
1726938739891,BTCUSD_PERP,bid,62700,494.87
1726938795968,BTCUSD_PERP,bid,62700,681.54
1726938796068,BTCUSD_PERP,bid,62700,743.04
1726938805610,BTCUSD_PERP,bid,62700,495.12
1726938810609,BTCUSD_PERP,bid,62700,681.54
1726938810707,BTCUSD_PERP,bid,62700,619.41
1726938810921,BTCUSD_PERP,bid,62700,557.28
1726938811330,BTCUSD_PERP,bid,62700,495.78
1726938812255,BTCUSD_PERP,bid,62700,496.08
1726938812550,BTCUSD_PERP,bid,62700,557.61
1726938817388,BTCUSD_PERP,bid,62800,494.8
1726938822278,BTCUSD_PERP,bid,62700,495.44
1726938845787,BTCUSD_PERP,bid,62700,618.78
1726938845891,BTCUSD_PERP,bid,62700,680.92
1726938873941,BTCUSD_PERP,bid,62700,618.78
1726938874045,BTCUSD_PERP,bid,62700,495.76
1726938874671,BTCUSD_PERP,bid,62800,494.92
1726939731775,BTCUSD_PERP,bid,62700,493.73
1726939731883,BTCUSD_PERP,bid,62700,555.84
1726939759787,BTCUSD_PERP,bid,62700,494.36
1726939761724,BTCUSD_PERP,bid,62700,494.67
1726940007399,BTCUSD_PERP,bid,62800,559.35
1726940007499,BTCUSD_PERP,bid,62800,682.53
1726940007805,BTCUSD_PERP,bid,62800,744.75
1726940008015,BTCUSD_PERP,bid,62800,868.46
1726940008129,BTCUSD_PERP,bid,62700,496.15
1726940008268,BTCUSD_PERP,bid,62800,930.68
1726940008368,BTCUSD_PERP,bid,62800,992.9
1726940008580,BTCUSD_PERP,bid,62700,542.77
1726940008580,BTCUSD_PERP,bid,62800,1054.5
1726940127416,BTCUSD_PERP,bid,62700,480.42
1726940127416,BTCUSD_PERP,bid,62800,496.26
1726940127518,BTCUSD_PERP,bid,62800,619.72
1726940127616,BTCUSD_PERP,bid,62800,558.45
1726940130093,BTCUSD_PERP,bid,62800,619.57
1726940149877,BTCUSD_PERP,bid,62800,619.42
1726940156405,BTCUSD_PERP,bid,62800,619.27
1726940191406,BTCUSD_PERP,bid,62800,496.26
1726940191505,BTCUSD_PERP,bid,62800,557.08
1726940191811,BTCUSD_PERP,bid,62800,495.52
1726940192123,BTCUSD_PERP,bid,62800,497.2
1726940413261,BTCUSD_PERP,bid,62800,556.65
1726940418230,BTCUSD_PERP,bid,62800,496.89
1726940448476,BTCUSD_PERP,bid,62800,556.35
1726940540326,BTCUSD_PERP,bid,62700,558.07
1726940540737,BTCUSD_PERP,bid,62700,620.23
1726940541460,BTCUSD_PERP,bid,62700,682.39
1726940862304,BTCUSD_PERP,bid,62800,494.18
1726940862504,BTCUSD_PERP,bid,62700,493.98
1726941024481,BTCUSD_PERP,bid,62700,620.23
1726941024588,BTCUSD_PERP,bid,62700,558.7
1726941025098,BTCUSD_PERP,bid,62700,496.54
1726941025304,BTCUSD_PERP,bid,62700,558.43
1726941025398,BTCUSD_PERP,bid,62700,620.56
1726941025504,BTCUSD_PERP,bid,62700,682.06
1726941076718,BTCUSD_PERP,bid,62700,684.31
1726941079313,BTCUSD_PERP,bid,62700,685.87
1726941080464,BTCUSD_PERP,bid,62700,698.09
1726941197031,BTCUSD_PERP,bid,62700,695.84
1726941199785,BTCUSD_PERP,bid,62700,694.28
1726941200508,BTCUSD_PERP,bid,62700,682.06
1726941505665,BTCUSD_PERP,bid,62700,680.45
1726941505861,BTCUSD_PERP,bid,62700,742.55
1726941587448,BTCUSD_PERP,bid,62700,680.45
1726941587753,BTCUSD_PERP,bid,62700,618.35
1726941587853,BTCUSD_PERP,bid,62700,556.25
1726941588061,BTCUSD_PERP,bid,62700,494.15
1726941588462,BTCUSD_PERP,bid,62700,522.85
1726941588671,BTCUSD_PERP,bid,62700,584.36
1726941588774,BTCUSD_PERP,bid,62700,646.5
1726941588888,BTCUSD_PERP,bid,62700,708.01
1726941588984,BTCUSD_PERP,bid,62700,770.15
1726941589074,BTCUSD_PERP,bid,62700,832.29
1726941838220,BTCUSD_PERP,bid,62700,742.39
1726941922424,BTCUSD_PERP,bid,62700,680.36
1726941922529,BTCUSD_PERP,bid,62700,618.22
1726941922630,BTCUSD_PERP,bid,62700,494.58
1726941923135,BTCUSD_PERP,bid,62700,495.45
1726941982705,BTCUSD_PERP,ask,63900,479.71
1726941982805,BTCUSD_PERP,ask,63900,486.09
1726942012962,BTCUSD_PERP,ask,63900,475.87
1726943731205,BTCUSD_PERP,bid,63200,615.72
1726943756530,BTCUSD_PERP,bid,63200,614.22
1726943762403,BTCUSD_PERP,bid,63200,614.25
1726943762909,BTCUSD_PERP,bid,63200,614.22
1726943868785,BTCUSD_PERP,bid,63200,614.25
1726943869293,BTCUSD_PERP,bid,63200,614.22
1726943876100,BTCUSD_PERP,bid,63200,614.34
1726943876308,BTCUSD_PERP,bid,63200,614.34
1726943876515,BTCUSD_PERP,bid,63200,614.22
1726943877222,BTCUSD_PERP,bid,63200,614.34
1726943877329,BTCUSD_PERP,bid,63200,614.22
1726943878207,BTCUSD_PERP,bid,63200,614.34
1726943878307,BTCUSD_PERP,bid,63200,614.22
1726943886368,BTCUSD_PERP,bid,63200,614.34
1726943887692,BTCUSD_PERP,bid,63200,614.22
1726943888402,BTCUSD_PERP,bid,63200,614.22
1726943888707,BTCUSD_PERP,bid,63200,614.34
1726943888805,BTCUSD_PERP,bid,63200,614.22
1726943908684,BTCUSD_PERP,bid,63200,614.34
1726943908783,BTCUSD_PERP,bid,63200,614.22
1726943929307,BTCUSD_PERP,bid,63200,614.24
1726943932371,BTCUSD_PERP,bid,63200,614.22
1726943959155,BTCUSD_PERP,bid,63200,614.26
1726943959261,BTCUSD_PERP,bid,63200,614.22
1726943959375,BTCUSD_PERP,bid,63200,614.26
1726943959598,BTCUSD_PERP,bid,63200,614.22
1726943959798,BTCUSD_PERP,bid,63200,614.24
1726943959909,BTCUSD_PERP,bid,63200,614.26
1726943960024,BTCUSD_PERP,bid,63200,614.22
1726943961104,BTCUSD_PERP,bid,63200,614.26
1726943961249,BTCUSD_PERP,bid,63200,614.22
1726943967629,BTCUSD_PERP,bid,63200,614.34
1726943967726,BTCUSD_PERP,bid,63200,614.22
1726944015998,BTCUSD_PERP,bid,63200,614.63
1726944016104,BTCUSD_PERP,bid,63200,614.22
1726944042608,BTCUSD_PERP,bid,63200,614.47
1726944042705,BTCUSD_PERP,bid,63200,614.22
1726944074902,BTCUSD_PERP,bid,63200,614.22
1726944075515,BTCUSD_PERP,bid,63200,614.59
1726944078492,BTCUSD_PERP,bid,63200,614.22
1726944116111,BTCUSD_PERP,bid,63200,614.34
1726944118907,BTCUSD_PERP,bid,63200,614.22
1726944123927,BTCUSD_PERP,bid,63200,614.22
1726944128005,BTCUSD_PERP,bid,63200,614.47
1726944128609,BTCUSD_PERP,bid,63200,614.22
1726944128715,BTCUSD_PERP,bid,63200,614.47
1726944131054,BTCUSD_PERP,bid,63200,614.47
1726944131258,BTCUSD_PERP,bid,63200,614.47
1726944131358,BTCUSD_PERP,bid,63200,616.33
1726944131455,BTCUSD_PERP,bid,63200,616.33
1726944131667,BTCUSD_PERP,bid,63200,616.34
1726944132108,BTCUSD_PERP,bid,63200,617.09
1726944132414,BTCUSD_PERP,bid,63200,617.86
1726944132534,BTCUSD_PERP,bid,63200,610.75
1726944132636,BTCUSD_PERP,bid,63200,535.75
1726944135226,BTCUSD_PERP,bid,63200,535.74
1726944136387,BTCUSD_PERP,bid,63200,534.99
1726944137741,BTCUSD_PERP,bid,63200,534.51
1726944140438,BTCUSD_PERP,bid,63200,534.5
1726944141929,BTCUSD_PERP,bid,63200,534.53
1726944143105,BTCUSD_PERP,bid,63200,534.47
1726944145165,BTCUSD_PERP,bid,63200,534.42
1726944147106,BTCUSD_PERP,bid,63200,534.74
1726944147212,BTCUSD_PERP,bid,63200,534.68
1726944149106,BTCUSD_PERP,bid,63200,534.62
1726944150471,BTCUSD_PERP,bid,63200,534.61
1726944151105,BTCUSD_PERP,bid,63200,534.56
1726944152245,BTCUSD_PERP,bid,63200,534.6
1726944153103,BTCUSD_PERP,bid,63200,534.59
1726944153205,BTCUSD_PERP,bid,63200,534.54
1726944154205,BTCUSD_PERP,bid,63200,534.79
1726944154705,BTCUSD_PERP,bid,63200,534.54
1726944155148,BTCUSD_PERP,bid,63200,534.48
1726944156217,BTCUSD_PERP,bid,63200,534.48
1726944157204,BTCUSD_PERP,bid,63200,534.43
1726944159133,BTCUSD_PERP,bid,63200,534.37
1726944160405,BTCUSD_PERP,bid,63200,534.36
1726944161112,BTCUSD_PERP,bid,63200,534.3
1726944162404,BTCUSD_PERP,bid,63200,534.35
1726944163105,BTCUSD_PERP,bid,63200,534.29
1726944163452,BTCUSD_PERP,bid,63200,534.54
1726944163877,BTCUSD_PERP,bid,63200,534.29
1726944165174,BTCUSD_PERP,bid,63200,534.24
1726944166338,BTCUSD_PERP,bid,63200,534.23
1726944167109,BTCUSD_PERP,bid,63200,534.17
1726944169105,BTCUSD_PERP,bid,63200,534.42
1726944169204,BTCUSD_PERP,bid,63200,534.37
1726944169305,BTCUSD_PERP,bid,63200,534.12
1726944171205,BTCUSD_PERP,bid,63200,534.06
1726944171307,BTCUSD_PERP,bid,63200,534.31
1726944171367,BTCUSD_PERP,bid,63200,534.81
1726944172475,BTCUSD_PERP,bid,63200,534.86
1726944173288,BTCUSD_PERP,bid,63200,534.8
1726944173507,BTCUSD_PERP,bid,63200,534.74
1726944173635,BTCUSD_PERP,bid,63200,534.69
1726944173705,BTCUSD_PERP,bid,63200,534.67
1726944173843,BTCUSD_PERP,bid,63200,534.62
1726944174046,BTCUSD_PERP,bid,63200,534.57
1726944175204,BTCUSD_PERP,bid,63200,534.07
1726944175305,BTCUSD_PERP,bid,63200,534.57
1726944175669,BTCUSD_PERP,bid,63200,533.82
1726944177216,BTCUSD_PERP,bid,63200,534.07
1726944179206,BTCUSD_PERP,bid,63200,533.82
1726944182517,BTCUSD_PERP,bid,63200,533.87
1726944187676,BTCUSD_PERP,bid,63200,533.86
1726944190293,BTCUSD_PERP,bid,63200,534.51
1726944190386,BTCUSD_PERP,bid,63200,535.01
1726944190581,BTCUSD_PERP,bid,63200,535.21
1726944190808,BTCUSD_PERP,bid,63200,535.01
1726944191370,BTCUSD_PERP,bid,63200,535.11
1726944197870,BTCUSD_PERP,bid,63200,535.17
1726944198306,BTCUSD_PERP,bid,63200,535.12
1726944199629,BTCUSD_PERP,bid,63200,535.11
1726944200234,BTCUSD_PERP,bid,63200,535.1
1726944200341,BTCUSD_PERP,bid,63200,535.07
1726944202308,BTCUSD_PERP,bid,63200,535.03
1726944203306,BTCUSD_PERP,bid,63200,534.69
1726944203405,BTCUSD_PERP,bid,63200,534.67
1726944203761,BTCUSD_PERP,bid,63200,534.03
1726944204312,BTCUSD_PERP,bid,63200,533.98
1726944205631,BTCUSD_PERP,bid,63200,535.98
1726944205845,BTCUSD_PERP,bid,63200,533.98
1726944206296,BTCUSD_PERP,bid,63200,533.94
1726944207605,BTCUSD_PERP,bid,63200,534.0
1726944208209,BTCUSD_PERP,bid,63200,533.95
1726944210202,BTCUSD_PERP,bid,63200,534.21
1726944210304,BTCUSD_PERP,bid,63200,534.18
1726944211006,BTCUSD_PERP,bid,63200,536.42
1726944211105,BTCUSD_PERP,bid,63200,536.18
1726944211284,BTCUSD_PERP,bid,63200,535.92
1726944211497,BTCUSD_PERP,bid,63200,533.92
1726944211590,BTCUSD_PERP,bid,63200,533.95
1726944211705,BTCUSD_PERP,bid,63200,533.94
1726944212260,BTCUSD_PERP,bid,63200,535.91
1726944212399,BTCUSD_PERP,bid,63200,535.9
1726944213162,BTCUSD_PERP,bid,63200,533.9
1726944213409,BTCUSD_PERP,bid,63200,535.9
1726944213505,BTCUSD_PERP,bid,63200,533.9
1726944214305,BTCUSD_PERP,bid,63200,533.85
1726944215204,BTCUSD_PERP,bid,63200,535.84
1726944215457,BTCUSD_PERP,bid,63200,533.84
1726944215704,BTCUSD_PERP,bid,63200,535.85
1726944216304,BTCUSD_PERP,bid,63200,533.8
1726944216677,BTCUSD_PERP,bid,63200,535.77
1726944216782,BTCUSD_PERP,bid,63200,536.06
1726944217105,BTCUSD_PERP,bid,63200,536.06
1726944217630,BTCUSD_PERP,bid,63200,536.12
1726944218304,BTCUSD_PERP,bid,63200,536.08
1726944218998,BTCUSD_PERP,bid,63200,534.08
1726944219093,BTCUSD_PERP,bid,63200,534.08
1726944219204,BTCUSD_PERP,bid,63200,536.08
1726944219705,BTCUSD_PERP,bid,63200,534.08
1726944220305,BTCUSD_PERP,bid,63200,534.03
1726944221416,BTCUSD_PERP,bid,63200,536.03
1726944222224,BTCUSD_PERP,bid,63200,536.02
1726944222343,BTCUSD_PERP,bid,63200,535.99
1726944222898,BTCUSD_PERP,bid,63200,536.12
1726944223105,BTCUSD_PERP,bid,63200,535.99
1726944224235,BTCUSD_PERP,bid,63200,535.94
1726944225297,BTCUSD_PERP,bid,63200,533.94
1726944226106,BTCUSD_PERP,bid,63200,533.97
1726944226325,BTCUSD_PERP,bid,63200,533.93
1726944227722,BTCUSD_PERP,bid,63200,533.99
1726944228335,BTCUSD_PERP,bid,63200,533.98
1726944228406,BTCUSD_PERP,bid,63200,533.95
1726944228604,BTCUSD_PERP,bid,63200,533.91
1726944228805,BTCUSD_PERP,bid,63200,533.87
1726944229016,BTCUSD_PERP,bid,63200,533.82
1726944229208,BTCUSD_PERP,bid,63200,533.78
1726944230403,BTCUSD_PERP,bid,63200,533.75
1726944231809,BTCUSD_PERP,bid,63200,533.25
1726944232013,BTCUSD_PERP,bid,63200,533.63
1726944232131,BTCUSD_PERP,bid,63200,534.13
1726944232906,BTCUSD_PERP,bid,63200,534.12
1726944233224,BTCUSD_PERP,bid,63200,533.24
1726944234405,BTCUSD_PERP,bid,63200,533.74
1726944240014,BTCUSD_PERP,bid,63200,533.45
1726944243807,BTCUSD_PERP,bid,63200,538.14
1726944244005,BTCUSD_PERP,bid,63200,538.84
1726944244104,BTCUSD_PERP,bid,63200,537.15
1726944244415,BTCUSD_PERP,bid,63200,537.02
1726944244531,BTCUSD_PERP,bid,63200,535.95
1726944244618,BTCUSD_PERP,bid,63200,536.08
1726944244705,BTCUSD_PERP,bid,63200,535.95
1726944244833,BTCUSD_PERP,bid,63200,535.63
1726944245004,BTCUSD_PERP,bid,63200,535.76
1726944245496,BTCUSD_PERP,bid,63200,535.11
1726944246823,BTCUSD_PERP,bid,63200,535.26
1726944247031,BTCUSD_PERP,bid,63200,535.4
1726944247705,BTCUSD_PERP,bid,63200,535.27
1726944248259,BTCUSD_PERP,bid,63200,538.17
1726944248940,BTCUSD_PERP,bid,63200,538.19
1726944249604,BTCUSD_PERP,bid,63200,538.06
1726944249927,BTCUSD_PERP,bid,63200,537.52
1726944250177,BTCUSD_PERP,bid,63200,536.07
1726944250506,BTCUSD_PERP,bid,63200,534.71
1726944251104,BTCUSD_PERP,bid,63200,534.67
1726944252305,BTCUSD_PERP,bid,63200,535.08
1726944252406,BTCUSD_PERP,bid,63200,535.33
1726944253105,BTCUSD_PERP,bid,63200,535.31
1726944253324,BTCUSD_PERP,bid,63200,536.74
1726944253425,BTCUSD_PERP,bid,63200,538.74
1726944253536,BTCUSD_PERP,bid,63200,538.72
1726944253750,BTCUSD_PERP,bid,63200,540.62
1726944253956,BTCUSD_PERP,bid,63200,541.74
1726944254182,BTCUSD_PERP,bid,63200,542.03
1726944254505,BTCUSD_PERP,bid,63200,537.8
1726944254599,BTCUSD_PERP,bid,63200,541.11
1726944254708,BTCUSD_PERP,bid,63200,541.13
1726944255108,BTCUSD_PERP,bid,63200,540.96
1726944255309,BTCUSD_PERP,bid,63200,541.46
1726944255414,BTCUSD_PERP,bid,63200,543.67
1726944255507,BTCUSD_PERP,bid,63200,543.66
1726944255815,BTCUSD_PERP,bid,63200,543.55
1726944255911,BTCUSD_PERP,bid,63200,543.69
1726944256319,BTCUSD_PERP,bid,63200,543.71
1726944256425,BTCUSD_PERP,bid,63200,541.5
1726944256525,BTCUSD_PERP,bid,63200,543.05
1726944256830,BTCUSD_PERP,bid,63200,543.04
1726944257034,BTCUSD_PERP,bid,63200,541.08
1726944257132,BTCUSD_PERP,bid,63200,539.77
1726944257234,BTCUSD_PERP,bid,63200,536.35
1726944257820,BTCUSD_PERP,bid,63200,536.22
1726944258054,BTCUSD_PERP,bid,63200,535.15
1726944258259,BTCUSD_PERP,bid,63200,534.68
1726944258359,BTCUSD_PERP,bid,63200,534.4
1726944259017,BTCUSD_PERP,bid,63200,534.38
1726944260147,BTCUSD_PERP,bid,63200,533.68
1726944260864,BTCUSD_PERP,bid,63200,533.65
1726944261112,BTCUSD_PERP,bid,63200,533.61
1726944263097,BTCUSD_PERP,bid,63200,533.57
1726944264423,BTCUSD_PERP,bid,63200,533.59
1726944264907,BTCUSD_PERP,bid,63200,533.62
1726944265016,BTCUSD_PERP,bid,63200,533.58
1726944265329,BTCUSD_PERP,bid,63200,533.48
1726944265604,BTCUSD_PERP,bid,63200,533.45
1726944267033,BTCUSD_PERP,bid,63200,533.43
1726944268340,BTCUSD_PERP,bid,63200,533.48
1726944269005,BTCUSD_PERP,bid,63200,533.44
1726944269605,BTCUSD_PERP,bid,63200,533.42
1726944270004,BTCUSD_PERP,bid,63200,533.13
1726944271005,BTCUSD_PERP,bid,63200,533.09
1726944273104,BTCUSD_PERP,bid,63200,533.06
1726944273443,BTCUSD_PERP,bid,63200,533.59
1726944273544,BTCUSD_PERP,bid,63200,534.1
1726944273853,BTCUSD_PERP,bid,63200,533.06
1726944274505,BTCUSD_PERP,bid,63200,541.52
1726944274605,BTCUSD_PERP,bid,63200,542.48
1726944274815,BTCUSD_PERP,bid,63200,539.01
1726944275022,BTCUSD_PERP,bid,63200,539.11
1726944275334,BTCUSD_PERP,bid,63200,538.04
1726944275440,BTCUSD_PERP,bid,63200,537.91
1726944275540,BTCUSD_PERP,bid,63200,538.04
1726944277009,BTCUSD_PERP,bid,63200,538.03
1726944277115,BTCUSD_PERP,bid,63200,537.71
1726944277425,BTCUSD_PERP,bid,63200,537.58
1726944277523,BTCUSD_PERP,bid,63200,539.58
1726944277731,BTCUSD_PERP,bid,63200,539.71
1726944278440,BTCUSD_PERP,bid,63200,542.63
1726944278540,BTCUSD_PERP,bid,63200,542.92
1726944279051,BTCUSD_PERP,bid,63200,542.89
1726944280378,BTCUSD_PERP,bid,63200,539.2
1726944280480,BTCUSD_PERP,bid,63200,541.2
1726944281092,BTCUSD_PERP,bid,63200,543.54
1726944281191,BTCUSD_PERP,bid,63200,544.22
1726944281299,BTCUSD_PERP,bid,63200,544.09
1726944281402,BTCUSD_PERP,bid,63200,544.18
1726944281501,BTCUSD_PERP,bid,63200,544.2
1726944281604,BTCUSD_PERP,bid,63200,544.16
1726944281805,BTCUSD_PERP,bid,63200,544.12
1726944282007,BTCUSD_PERP,bid,63200,544.09
1726944282105,BTCUSD_PERP,bid,63200,544.14
1726944282630,BTCUSD_PERP,bid,63200,544.01
1726944282826,BTCUSD_PERP,bid,63200,544.14
1726944283228,BTCUSD_PERP,bid,63200,541.9
1726944283337,BTCUSD_PERP,bid,63200,537.77
1726944283538,BTCUSD_PERP,bid,63200,538.57
1726944283773,BTCUSD_PERP,bid,63200,537.82
1726944284504,BTCUSD_PERP,bid,63200,537.8
1726944284968,BTCUSD_PERP,bid,63200,537.67
1726944285212,BTCUSD_PERP,bid,63200,537.59
1726944285451,BTCUSD_PERP,bid,63200,536.54
1726944285791,BTCUSD_PERP,bid,63200,539.76
1726944285862,BTCUSD_PERP,bid,63200,539.77
1726944285989,BTCUSD_PERP,bid,63200,539.9
1726944286098,BTCUSD_PERP,bid,63200,536.66
1726944286805,BTCUSD_PERP,bid,63200,539.77
1726944287713,BTCUSD_PERP,bid,63200,539.75
1726944288205,BTCUSD_PERP,bid,63200,539.62
1726944288370,BTCUSD_PERP,bid,63200,539.75
1726944288877,BTCUSD_PERP,bid,63200,539.71
1726944288986,BTCUSD_PERP,bid,63200,539.68
1726944289087,BTCUSD_PERP,bid,63200,543.28
1726944291058,BTCUSD_PERP,bid,63200,541.28
1726944291259,BTCUSD_PERP,bid,63200,543.28
1726944292178,BTCUSD_PERP,bid,63200,543.15
1726944292282,BTCUSD_PERP,bid,63200,543.28
1726944292496,BTCUSD_PERP,bid,63200,543.31
1726944292805,BTCUSD_PERP,bid,63200,543.33
1726944293415,BTCUSD_PERP,bid,63200,543.2
1726944293521,BTCUSD_PERP,bid,63200,543.33
1726944294659,BTCUSD_PERP,bid,63200,543.2
1726944294759,BTCUSD_PERP,bid,63200,543.24
1726944294818,BTCUSD_PERP,bid,63200,543.37
1726944295205,BTCUSD_PERP,bid,63200,543.24
1726944295404,BTCUSD_PERP,bid,63200,543.37
1726944295699,BTCUSD_PERP,bid,63200,543.24
1726944295893,BTCUSD_PERP,bid,63200,543.37
1726944296104,BTCUSD_PERP,bid,63200,543.36
1726944296205,BTCUSD_PERP,bid,63200,543.37
1726944296662,BTCUSD_PERP,bid,63200,543.36
1726944298205,BTCUSD_PERP,bid,63200,543.23
1726944298371,BTCUSD_PERP,bid,63200,543.36
1726944298608,BTCUSD_PERP,bid,63200,543.41
1726944298705,BTCUSD_PERP,bid,63200,543.4
1726944300058,BTCUSD_PERP,bid,63200,543.11
1726944300459,BTCUSD_PERP,bid,63200,541.77
1726944300671,BTCUSD_PERP,bid,63200,541.76
1726944301180,BTCUSD_PERP,bid,63200,541.63
1726944301382,BTCUSD_PERP,bid,63200,541.76
1726944302395,BTCUSD_PERP,bid,63200,542.01
1726944302706,BTCUSD_PERP,bid,63200,541.98
1726944303117,BTCUSD_PERP,bid,63200,541.85
1726944303317,BTCUSD_PERP,bid,63200,541.94
1726944303421,BTCUSD_PERP,bid,63200,541.83
1726944303523,BTCUSD_PERP,bid,63200,541.98
1726944303730,BTCUSD_PERP,bid,63200,542.02
1726944304039,BTCUSD_PERP,bid,63200,541.89
1726944304243,BTCUSD_PERP,bid,63200,542.02
1726944304651,BTCUSD_PERP,bid,63200,541.88
1726944304953,BTCUSD_PERP,bid,63200,542.01
1726944305159,BTCUSD_PERP,bid,63200,541.84
1726944305368,BTCUSD_PERP,bid,63200,541.97
1726944306383,BTCUSD_PERP,bid,63200,542.28
1726944306690,BTCUSD_PERP,bid,63200,542.27
1726944307113,BTCUSD_PERP,bid,63200,541.98
1726944307252,BTCUSD_PERP,bid,63200,541.95
1726944307352,BTCUSD_PERP,bid,63200,541.64
1726944308053,BTCUSD_PERP,bid,63200,543.14
1726944308158,BTCUSD_PERP,bid,63200,543.13
1726944308625,BTCUSD_PERP,bid,63200,543.12
1726944308890,BTCUSD_PERP,bid,63200,541.62
1726944308993,BTCUSD_PERP,bid,63200,541.49
1726944309104,BTCUSD_PERP,bid,63200,541.62
1726944309223,BTCUSD_PERP,bid,63200,541.58
1726944310711,BTCUSD_PERP,bid,63200,541.57
1726944311276,BTCUSD_PERP,bid,63200,541.53
1726944311487,BTCUSD_PERP,bid,63200,542.06
1726944311799,BTCUSD_PERP,bid,63200,542.37
1726944312105,BTCUSD_PERP,bid,63200,531.14
1726944312206,BTCUSD_PERP,bid,63200,531.16
1726944312307,BTCUSD_PERP,bid,63200,529.62
1726944312410,BTCUSD_PERP,bid,63200,529.8
1726944312911,BTCUSD_PERP,bid,63200,529.62
1726944315300,BTCUSD_PERP,bid,63200,527.43
1726944330983,BTCUSD_PERP,bid,63200,527.93
1726944333125,BTCUSD_PERP,bid,63200,527.43
1726944349113,BTCUSD_PERP,bid,63200,527.46
1726944349424,BTCUSD_PERP,bid,63200,527.47
1726944349992,BTCUSD_PERP,bid,63200,527.46
1726944350083,BTCUSD_PERP,bid,63200,527.44
1726944350407,BTCUSD_PERP,bid,63200,527.41
1726944350519,BTCUSD_PERP,bid,63200,527.37
1726944350835,BTCUSD_PERP,bid,63200,527.29
1726944351134,BTCUSD_PERP,bid,63200,527.19
1726944351399,BTCUSD_PERP,bid,63200,527.14
1726944351925,BTCUSD_PERP,bid,63200,527.13
1726944352056,BTCUSD_PERP,bid,63200,527.11
1726944352168,BTCUSD_PERP,bid,63200,527.09
1726944352504,BTCUSD_PERP,bid,63200,527.07
1726944353432,BTCUSD_PERP,bid,63200,527.04
1726944353638,BTCUSD_PERP,bid,63200,526.41
1726944354600,BTCUSD_PERP,bid,63200,526.37
1726944355906,BTCUSD_PERP,bid,63200,526.36
1726944356641,BTCUSD_PERP,bid,63200,526.33
1726944357945,BTCUSD_PERP,bid,63200,526.32
1726944358517,BTCUSD_PERP,bid,63200,525.32
1726944358649,BTCUSD_PERP,bid,63200,525.28
1726944359205,BTCUSD_PERP,bid,63200,525.3
1726944359947,BTCUSD_PERP,bid,63200,525.28
1726944360432,BTCUSD_PERP,bid,63200,525.24
1726944360504,BTCUSD_PERP,bid,63200,525.18
1726944360636,BTCUSD_PERP,bid,63200,525.15
1726944361913,BTCUSD_PERP,bid,63200,525.14
1726944362134,BTCUSD_PERP,bid,63200,525.08
1726944362232,BTCUSD_PERP,bid,63200,525.05
1726944362558,BTCUSD_PERP,bid,63200,525.01
1726944362804,BTCUSD_PERP,bid,63200,524.98
1726944364004,BTCUSD_PERP,bid,63200,524.97
1726944364596,BTCUSD_PERP,bid,63200,524.94
1726944365907,BTCUSD_PERP,bid,63200,524.93
1726944366604,BTCUSD_PERP,bid,63200,524.89
1726944367792,BTCUSD_PERP,bid,63200,524.86
1726944368005,BTCUSD_PERP,bid,63200,524.85
1726944368705,BTCUSD_PERP,bid,63200,524.82
1726944370004,BTCUSD_PERP,bid,63200,524.81
1726944370305,BTCUSD_PERP,bid,63200,524.78
1726944370516,BTCUSD_PERP,bid,63200,524.74
1726944370788,BTCUSD_PERP,bid,63200,524.71
1726944371018,BTCUSD_PERP,bid,63200,524.68
1726944371344,BTCUSD_PERP,bid,63200,524.78
1726944371441,BTCUSD_PERP,bid,63200,524.75
1726944371796,BTCUSD_PERP,bid,63200,524.72
1726944371904,BTCUSD_PERP,bid,63200,524.68
1726944372605,BTCUSD_PERP,bid,63200,524.97
1726944372718,BTCUSD_PERP,bid,63200,527.05
1726944372804,BTCUSD_PERP,bid,63200,527.02
1726944373433,BTCUSD_PERP,bid,63200,526.99
1726944373674,BTCUSD_PERP,bid,63200,526.96
1726944374004,BTCUSD_PERP,bid,63200,526.95
1726944374303,BTCUSD_PERP,bid,63200,526.98
1726944374516,BTCUSD_PERP,bid,63200,526.91
1726944376051,BTCUSD_PERP,bid,63200,526.9
1726944376304,BTCUSD_PERP,bid,63200,526.89
1726944376529,BTCUSD_PERP,bid,63200,526.88
1726944376651,BTCUSD_PERP,bid,63200,526.84
1726944376891,BTCUSD_PERP,bid,63200,526.83
1726944377877,BTCUSD_PERP,bid,63200,526.82
1726944378605,BTCUSD_PERP,bid,63200,526.78
1726944380616,BTCUSD_PERP,bid,63200,526.74
1726944382031,BTCUSD_PERP,bid,63200,526.99
1726944382148,BTCUSD_PERP,bid,63200,527.11
1726944382605,BTCUSD_PERP,bid,63200,527.08
1726944383146,BTCUSD_PERP,bid,63200,526.83
1726944384514,BTCUSD_PERP,bid,63200,526.87
1726944384706,BTCUSD_PERP,bid,63200,526.84
1726944384957,BTCUSD_PERP,bid,63200,526.82
1726944385049,BTCUSD_PERP,bid,63200,526.85
1726944385178,BTCUSD_PERP,bid,63200,526.82
1726944385289,BTCUSD_PERP,bid,63200,526.84
1726944385385,BTCUSD_PERP,bid,63200,526.81
1726944385496,BTCUSD_PERP,bid,63200,526.77
1726944386305,BTCUSD_PERP,bid,63200,526.64
1726944386420,BTCUSD_PERP,bid,63200,526.62
1726944390104,BTCUSD_PERP,bid,63200,526.6
1726944391882,BTCUSD_PERP,bid,63200,527.35
1726944391982,BTCUSD_PERP,bid,63200,528.0
1726944392104,BTCUSD_PERP,bid,63200,527.65
1726944392205,BTCUSD_PERP,bid,63200,528.4
1726944392313,BTCUSD_PERP,bid,63200,528.5
1726944392412,BTCUSD_PERP,bid,63200,528.5
1726944392506,BTCUSD_PERP,bid,63200,528.0
1726944392623,BTCUSD_PERP,bid,63200,528.5
1726944392879,BTCUSD_PERP,bid,63200,528.5
1726944393005,BTCUSD_PERP,bid,63200,528.0
1726944393126,BTCUSD_PERP,bid,63200,528.5
1726944393357,BTCUSD_PERP,bid,63200,528.5
1726944393477,BTCUSD_PERP,bid,63200,528.0
1726944393605,BTCUSD_PERP,bid,63200,527.75
1726944393912,BTCUSD_PERP,bid,63200,528.0
1726944394010,BTCUSD_PERP,bid,63200,528.5
1726944394126,BTCUSD_PERP,bid,63200,528.0
1726944394247,BTCUSD_PERP,bid,63200,528.5
1726944394405,BTCUSD_PERP,bid,63200,528.0
1726944394605,BTCUSD_PERP,bid,63200,528.04
1726944394705,BTCUSD_PERP,bid,63200,528.04
1726944394887,BTCUSD_PERP,bid,63200,528.54
1726944394959,BTCUSD_PERP,bid,63200,528.04
1726944395105,BTCUSD_PERP,bid,63200,527.79
1726944398917,BTCUSD_PERP,bid,63200,528.04
1726944399023,BTCUSD_PERP,bid,63200,527.79
1726944399975,BTCUSD_PERP,bid,63200,528.04
1726944400097,BTCUSD_PERP,bid,63200,527.79
1726944400205,BTCUSD_PERP,bid,63200,527.79
1726944400838,BTCUSD_PERP,bid,63200,528.04
1726944401405,BTCUSD_PERP,bid,63200,527.79
1726944401723,BTCUSD_PERP,bid,63200,527.79
1726944402020,BTCUSD_PERP,bid,63200,528.04
1726944402119,BTCUSD_PERP,bid,63200,528.54
1726944403604,BTCUSD_PERP,bid,63200,530.17
1726944403805,BTCUSD_PERP,bid,63200,531.68
1726944404428,BTCUSD_PERP,bid,63200,532.37
1726944405337,BTCUSD_PERP,bid,63200,531.67
1726944405587,BTCUSD_PERP,bid,63200,530.88
1726944406004,BTCUSD_PERP,bid,63200,530.89
1726944406219,BTCUSD_PERP,bid,63200,530.92
1726944406424,BTCUSD_PERP,bid,63200,530.79
1726944407705,BTCUSD_PERP,bid,63200,530.81
1726944407803,BTCUSD_PERP,bid,63200,530.83
1726944408121,BTCUSD_PERP,bid,63200,532.57
1726944408764,BTCUSD_PERP,bid,63200,533.64
1726944408973,BTCUSD_PERP,bid,63200,533.51
1726944409075,BTCUSD_PERP,bid,63200,531.53
1726944409705,BTCUSD_PERP,bid,63200,531.57
1726944410082,BTCUSD_PERP,bid,63200,532.18
1726944412094,BTCUSD_PERP,bid,63200,536.21
1726944412197,BTCUSD_PERP,bid,63200,537.96
1726944412397,BTCUSD_PERP,bid,63200,538.09
1726944412596,BTCUSD_PERP,bid,63200,537.96
1726944412702,BTCUSD_PERP,bid,63200,539.95
1726944412800,BTCUSD_PERP,bid,63200,540.09
1726944413107,BTCUSD_PERP,bid,63200,539.96
1726944413209,BTCUSD_PERP,bid,63200,540.09
1726944413813,BTCUSD_PERP,bid,63200,540.11
1726944414530,BTCUSD_PERP,bid,63200,540.13
1726944415242,BTCUSD_PERP,bid,63200,540.15
1726944416467,BTCUSD_PERP,bid,63200,540.02
1726944416669,BTCUSD_PERP,bid,63200,540.15
1726944417000,BTCUSD_PERP,bid,63200,538.02
1726944417329,BTCUSD_PERP,bid,63200,538.15
1726944417905,BTCUSD_PERP,bid,63200,540.02
1726944418117,BTCUSD_PERP,bid,63200,540.15
1726944418526,BTCUSD_PERP,bid,63200,540.02
1726944418715,BTCUSD_PERP,bid,63200,538.65
1726944419086,BTCUSD_PERP,bid,63200,540.02
1726944419305,BTCUSD_PERP,bid,63200,540.15
1726944419418,BTCUSD_PERP,bid,63200,540.13
1726944419619,BTCUSD_PERP,bid,63200,540.0
1726944419728,BTCUSD_PERP,bid,63200,540.04
1726944419846,BTCUSD_PERP,bid,63200,540.17
1726944420054,BTCUSD_PERP,bid,63200,540.17
1726944420936,BTCUSD_PERP,bid,63200,540.19
1726944421242,BTCUSD_PERP,bid,63200,540.06
1726944421347,BTCUSD_PERP,bid,63200,540.19
1726944421847,BTCUSD_PERP,bid,63200,527.07
1726944421944,BTCUSD_PERP,bid,63200,526.97
1726944422453,BTCUSD_PERP,bid,63200,525.61
1726944424806,BTCUSD_PERP,bid,63200,526.44
1726944476940,BTCUSD_PERP,bid,63200,523.95
1726944499205,BTCUSD_PERP,bid,63200,524.34
1726944515671,BTCUSD_PERP,bid,63200,523.95
1726944535504,BTCUSD_PERP,bid,63200,526.75
1726944535611,BTCUSD_PERP,bid,63200,523.95
1726944571558,BTCUSD_PERP,bid,62700,678.93
1726944761100,BTCUSD_PERP,bid,63200,524.47
1726944767808,BTCUSD_PERP,bid,63200,523.95
1726944988567,BTCUSD_PERP,bid,63200,529.59
1726945022787,BTCUSD_PERP,bid,63200,523.95
1726945064798,BTCUSD_PERP,bid,63200,529.53
1726945093095,BTCUSD_PERP,bid,63200,523.95
1726945105309,BTCUSD_PERP,bid,63200,525.95
1726945119489,BTCUSD_PERP,bid,63200,523.95
1726945235699,BTCUSD_PERP,bid,63200,524.95
1726945235898,BTCUSD_PERP,bid,63200,523.95
1726945568504,BTCUSD_PERP,bid,62700,617.43
1726945571906,BTCUSD_PERP,bid,62700,494.45
1726946106324,BTCUSD_PERP,bid,47000,2388.49
1726946115679,BTCUSD_PERP,bid,62700,494.49
1726946124629,BTCUSD_PERP,bid,63200,523.95
1726946221414,BTCUSD_PERP,bid,63200,529.37
1726946231724,BTCUSD_PERP,bid,63200,523.95
1726946233755,BTCUSD_PERP,bid,62700,494.21
1726946234769,BTCUSD_PERP,bid,63200,523.95
1726946234858,BTCUSD_PERP,bid,63200,523.95
1726946234971,BTCUSD_PERP,bid,63200,523.95
1726946242344,BTCUSD_PERP,bid,63200,524.08
1726946242448,BTCUSD_PERP,bid,63200,524.33
1726946242550,BTCUSD_PERP,bid,63200,524.08
1726946255728,BTCUSD_PERP,bid,63200,523.95
1726946259074,BTCUSD_PERP,bid,63200,524.2
1726946259159,BTCUSD_PERP,bid,63200,523.95
1726946260807,BTCUSD_PERP,bid,63200,523.95
1726946279242,BTCUSD_PERP,bid,63200,529.75
1726946405405,BTCUSD_PERP,ask,64000,476.34
1726946409208,BTCUSD_PERP,ask,64000,497.44
1726946410224,BTCUSD_PERP,ask,64000,503.83
1726946440800,BTCUSD_PERP,ask,64000,493.6
1726946441207,BTCUSD_PERP,ask,64000,483.69
1726946445380,BTCUSD_PERP,ask,64000,473.46
1726946499074,BTCUSD_PERP,bid,62700,494.25
1726946575529,BTCUSD_PERP,bid,62700,494.75
1726946575634,BTCUSD_PERP,bid,62700,556.83
1726946641309,BTCUSD_PERP,bid,62600,494.35
1726946847806,BTCUSD_PERP,bid,62600,494.49
1726946848022,BTCUSD_PERP,bid,62600,555.92
1726946848227,BTCUSD_PERP,bid,62600,680.04
1726946848317,BTCUSD_PERP,bid,62600,804.16
1726946929558,BTCUSD_PERP,bid,62600,680.04
1726946929665,BTCUSD_PERP,bid,62600,483.34
1726946929665,BTCUSD_PERP,bid,62700,804.63
1726946929752,BTCUSD_PERP,bid,62600,541.59
1726946932805,BTCUSD_PERP,bid,62600,566.6
1726946933429,BTCUSD_PERP,bid,62700,804.78
1726946939061,BTCUSD_PERP,bid,62700,804.93
1726946939604,BTCUSD_PERP,bid,62600,575.97
1726946940304,BTCUSD_PERP,bid,62700,805.08
1726946941705,BTCUSD_PERP,bid,62700,817.29
1726946943245,BTCUSD_PERP,bid,62700,817.44
1726946943594,BTCUSD_PERP,bid,62700,817.59
1726946948315,BTCUSD_PERP,bid,62700,835.13
1726946999786,BTCUSD_PERP,bid,62600,566.6
1726947025689,BTCUSD_PERP,bid,62600,541.59
1726947062070,BTCUSD_PERP,bid,62700,822.92
1726947068719,BTCUSD_PERP,bid,62700,805.38
1726947109758,BTCUSD_PERP,bid,62600,680.67
1726947439635,BTCUSD_PERP,bid,62600,556.55
1726947439741,BTCUSD_PERP,bid,62600,494.59
1726949420271,BTCUSD_PERP,ask,63800,471.4
1726949420399,BTCUSD_PERP,ask,63800,477.78
1726949422361,BTCUSD_PERP,ask,63800,487.98
1726949426234,BTCUSD_PERP,ask,63800,498.18
1726949453337,BTCUSD_PERP,ask,63800,477.13
1726949558193,BTCUSD_PERP,bid,62600,494.49
1726949558304,BTCUSD_PERP,bid,62600,618.61
1726949633417,BTCUSD_PERP,bid,62600,556.65
1726949633516,BTCUSD_PERP,bid,62600,494.59
1726950729628,BTCUSD_PERP,ask,63900,472.91
1726950735123,BTCUSD_PERP,ask,63900,472.91
1726950740405,BTCUSD_PERP,ask,63900,472.91
1726950743521,BTCUSD_PERP,ask,63900,472.91
1726950744827,BTCUSD_PERP,ask,63900,472.91
1726950747370,BTCUSD_PERP,ask,63900,472.91
1726950749152,BTCUSD_PERP,ask,63900,472.91
1726950749453,BTCUSD_PERP,ask,63900,472.91
1726951031809,BTCUSD_PERP,ask,63800,472.72
1726951037316,BTCUSD_PERP,ask,63800,472.72
1726951041064,BTCUSD_PERP,ask,63800,472.72
1726951042505,BTCUSD_PERP,ask,63800,472.72
1726952888300,BTCUSD_PERP,ask,63800,472.39
1726952932259,BTCUSD_PERP,bid,62500,559.95
1726953052729,BTCUSD_PERP,bid,62500,557.71
1726953453305,BTCUSD_PERP,ask,63800,472.39
1726953462318,BTCUSD_PERP,ask,63800,472.39
1726953464242,BTCUSD_PERP,ask,63800,472.39
1726953467198,BTCUSD_PERP,ask,63800,472.39
1726953470772,BTCUSD_PERP,ask,63800,472.39
1726953472902,BTCUSD_PERP,ask,63800,472.39
1726953474226,BTCUSD_PERP,ask,63800,472.39
1726953475147,BTCUSD_PERP,ask,63800,472.39
1726953477477,BTCUSD_PERP,ask,63800,472.39
1726953478428,BTCUSD_PERP,ask,63800,472.39
1726953480653,BTCUSD_PERP,ask,63800,472.39
1726953554403,BTCUSD_PERP,bid,62600,557.8
1726953595705,BTCUSD_PERP,bid,62600,575.31
1726953716405,BTCUSD_PERP,bid,62600,557.8
1726953860678,BTCUSD_PERP,bid,62600,495.81
1726953861998,BTCUSD_PERP,bid,62500,557.53
1726953897456,BTCUSD_PERP,bid,62500,618.86
1726953897560,BTCUSD_PERP,bid,62500,680.19
1726953897660,BTCUSD_PERP,bid,62500,741.52
1726953897763,BTCUSD_PERP,bid,62500,802.85
1726953898377,BTCUSD_PERP,bid,62500,864.18
1726953898579,BTCUSD_PERP,bid,62500,866.42
1726954019225,BTCUSD_PERP,bid,62500,864.18
1726954270866,BTCUSD_PERP,bid,62500,876.37
1726954390986,BTCUSD_PERP,bid,62500,864.18
1726954897972,BTCUSD_PERP,bid,62500,741.52
1726954898170,BTCUSD_PERP,bid,62500,680.19
1726954898586,BTCUSD_PERP,bid,62500,618.86
1726954898995,BTCUSD_PERP,bid,62500,557.53
1726954900426,BTCUSD_PERP,bid,62500,507.22
1726954900835,BTCUSD_PERP,bid,62500,568.55
1726954924539,BTCUSD_PERP,bid,62500,586.05
1726954986069,BTCUSD_PERP,bid,62500,583.81
1726955989128,BTCUSD_PERP,bid,62500,502.74
1726956011747,BTCUSD_PERP,bid,62500,520.24
1726956097700,BTCUSD_PERP,bid,62500,557.91
1726956100434,BTCUSD_PERP,bid,62500,508.06
1726956102275,BTCUSD_PERP,bid,62500,570.1
1726956132184,BTCUSD_PERP,bid,62500,490.56
1726956222638,BTCUSD_PERP,bid,62500,557.91
1726956288330,BTCUSD_PERP,bid,62600,490.8
1726956340912,BTCUSD_PERP,bid,62500,490.56
1726956500204,BTCUSD_PERP,bid,62600,490.8
1726956557668,BTCUSD_PERP,bid,62600,493.05
1726956557934,BTCUSD_PERP,bid,62600,494.61
1726956590805,BTCUSD_PERP,bid,62600,506.8
1726956615210,BTCUSD_PERP,bid,62600,524.31
1726956678293,BTCUSD_PERP,bid,62600,522.06
1726956678904,BTCUSD_PERP,bid,62600,520.5
1726956711323,BTCUSD_PERP,bid,62600,508.31
1726956736126,BTCUSD_PERP,bid,62600,490.8
1726957052700,BTCUSD_PERP,bid,62500,490.56
1726957085746,BTCUSD_PERP,bid,62500,495.33
1726957403175,BTCUSD_PERP,bid,62500,619.5
1726957403282,BTCUSD_PERP,bid,62500,540.52
1726957403282,BTCUSD_PERP,bid,62500,681.46
1726957403890,BTCUSD_PERP,bid,62500,683.71
1726957446061,BTCUSD_PERP,bid,62500,695.9
1726957463096,BTCUSD_PERP,bid,62500,713.4
1726957524605,BTCUSD_PERP,bid,62500,711.15
1726957566395,BTCUSD_PERP,bid,62500,698.96
1726957583436,BTCUSD_PERP,bid,62500,681.46
1726957646180,BTCUSD_PERP,bid,62500,683.71
1726957646615,BTCUSD_PERP,bid,62500,685.27
1726957690096,BTCUSD_PERP,bid,62500,697.46
1726957766904,BTCUSD_PERP,bid,62500,695.21
1726957767003,BTCUSD_PERP,bid,62500,693.65
