2024-08-29 07:00:43,ETHUSDT,bid,2440,9535.404
2024-08-29 07:01:08,ETHUSDT,bid,2400,11423.77
2024-08-29 07:01:32,ETHUSDT,bid,2400,11423.67
2024-08-29 07:02:25,ETHUSDT,bid,2450,5402.349
2024-08-29 07:02:30,ETHUSDT,bid,2200,5128.589
2024-08-29 07:03:32,ETHUSDT,bid,2440,9535.282
2024-08-29 07:05:28,ETHUSDT,bid,2400,11424.905
2024-08-29 07:05:54,ETHUSDT,bid,1950,5363.502
2024-08-29 07:06:03,ETHUSDT,bid,2030,4924.643
2024-08-29 07:06:48,ETHUSDT,bid,2450,5402.365
2024-08-29 07:07:11,ETHUSDT,bid,2430,8083.119
2024-08-29 07:07:58,ETHUSDT,bid,2400,11425.071
2024-08-29 07:08:16,ETHUSDT,bid,2430,8083.104
2024-08-29 07:08:29,ETHUSDT,bid,2400,11426.112
2024-08-29 07:08:54,ETHUSDT,bid,2400,11426.06
2024-08-29 07:10:00,ETHUSDT,bid,2400,11425.849
2024-08-29 07:10:01,ETHUSDT,bid,2430,8083.119
2024-08-29 07:10:01,ETHUSDT,bid,2440,9535.297
2024-08-29 07:10:01,ETHUSDT,bid,2450,5402.38
2024-08-29 07:11:21,ETHUSDT,bid,2450,5186.38
2024-08-29 07:12:48,ETHUSDT,bid,2440,9535.327
2024-08-29 07:12:53,ETHUSDT,bid,2400,11425.822
2024-08-29 07:13:03,ETHUSDT,bid,2400,11425.718
2024-08-29 07:13:31,ETHUSDT,bid,2420,5446.166
2024-08-29 07:16:13,ETHUSDT,bid,2400,11425.818
2024-08-29 07:17:40,ETHUSDT,bid,2400,11425.943
2024-08-29 07:18:11,ETHUSDT,bid,2450,5186.583
2024-08-29 07:18:23,ETHUSDT,bid,2440,9534.51
2024-08-29 07:20:42,ETHUSDT,bid,2440,9533.887
2024-08-29 07:22:20,ETHUSDT,bid,2400,11426.088
2024-08-29 07:23:36,ETHUSDT,bid,2400,11426.167
2024-08-29 07:23:43,ETHUSDT,bid,2400,11425.123
2024-08-29 07:24:03,ETHUSDT,bid,2440,9533.838
2024-08-29 07:25:21,ETHUSDT,bid,2400,11424.873
2024-08-29 07:25:34,ETHUSDT,bid,2400,11424.86
2024-08-29 07:25:53,ETHUSDT,bid,2400,11424.87
2024-08-29 07:26:49,ETHUSDT,bid,2400,11425.503
2024-08-29 07:26:55,ETHUSDT,bid,2200,5119.698
2024-08-29 07:27:34,ETHUSDT,bid,2400,11425.751
2024-08-29 07:27:35,ETHUSDT,bid,2400,11429.751
2024-08-29 07:28:48,ETHUSDT,bid,2400,11429.594
2024-08-29 07:31:32,ETHUSDT,bid,2450,5186.502
2024-08-29 07:31:48,ETHUSDT,bid,2440,9550.179
2024-08-29 07:32:09,ETHUSDT,bid,2400,11429.469
2024-08-29 07:32:12,ETHUSDT,bid,2430,8082.996
2024-08-29 07:32:13,ETHUSDT,bid,2440,9550.057
2024-08-29 07:32:24,ETHUSDT,bid,2400,11429.324
2024-08-29 07:32:48,ETHUSDT,bid,2450,5186.624
2024-08-29 07:32:57,ETHUSDT,bid,2440,9550.179
2024-08-29 07:33:02,ETHUSDT,bid,2400,11428.869
2024-08-29 07:33:07,ETHUSDT,bid,2430,8083.119
2024-08-29 07:33:16,ETHUSDT,bid,2400,11428.733
2024-08-29 07:33:27,ETHUSDT,bid,2400,11579.957
2024-08-29 07:33:40,ETHUSDT,bid,2400,11580.082
2024-08-29 07:34:02,ETHUSDT,bid,2400,11582.12
2024-08-29 07:34:05,ETHUSDT,bid,2430,8083.272
2024-08-29 07:34:30,ETHUSDT,bid,2400,11582.26
2024-08-29 07:34:47,ETHUSDT,bid,2400,11582.766
2024-08-29 07:35:48,ETHUSDT,bid,2400,11582.804
2024-08-29 07:36:19,ETHUSDT,bid,2440,9550.232
2024-08-29 07:36:42,ETHUSDT,bid,2430,8083.372
2024-08-29 07:36:43,ETHUSDT,bid,2400,11582.67
2024-08-29 07:36:49,ETHUSDT,bid,2440,9533.891
2024-08-29 07:37:02,ETHUSDT,bid,2450,5187.336
2024-08-29 07:38:03,ETHUSDT,bid,2400,11431.446
2024-08-29 07:38:04,ETHUSDT,bid,2430,8083.422
2024-08-29 07:38:04,ETHUSDT,bid,2400,11582.897
2024-08-29 07:38:20,ETHUSDT,bid,2420,5446.176
2024-08-29 07:38:21,ETHUSDT,bid,2420,5446.186
2024-08-29 07:38:24,ETHUSDT,bid,2420,5459.926
2024-08-29 07:38:57,ETHUSDT,bid,2400,11582.819
2024-08-29 07:39:15,ETHUSDT,bid,2400,11582.789
2024-08-29 07:39:16,ETHUSDT,bid,2400,11580.789
2024-08-29 07:40:05,ETHUSDT,bid,2400,11580.809
2024-08-29 07:40:08,ETHUSDT,bid,2400,11580.836
2024-08-29 07:40:15,ETHUSDT,bid,2430,8083.012
2024-08-29 07:40:40,ETHUSDT,bid,2400,11580.588
2024-08-29 07:40:50,ETHUSDT,bid,2440,9503.891
2024-08-29 07:40:51,ETHUSDT,bid,2400,11580.597
2024-08-29 07:40:53,ETHUSDT,bid,2400,11575.597
2024-08-29 07:41:10,ETHUSDT,bid,2400,11575.091
2024-08-29 07:41:41,ETHUSDT,bid,2450,5187.327
2024-08-29 07:42:43,ETHUSDT,bid,2400,11574.737
2024-08-29 07:42:50,ETHUSDT,bid,2400,11423.286
2024-08-29 07:42:51,ETHUSDT,bid,2400,11574.984
2024-08-29 07:44:46,ETHUSDT,bid,2400,11570.984
2024-08-29 07:44:55,ETHUSDT,bid,2400,11571.527
2024-08-29 07:45:04,ETHUSDT,bid,2440,9504.391
2024-08-29 07:46:12,ETHUSDT,bid,2400,11567.507
2024-08-29 07:47:26,ETHUSDT,bid,2400,11415.809
2024-08-29 07:47:27,ETHUSDT,bid,2400,11567.749
2024-08-29 07:47:29,ETHUSDT,bid,2400,11568.024
2024-08-29 07:48:39,ETHUSDT,bid,2430,8086.012
2024-08-29 07:48:44,ETHUSDT,bid,2400,11572.127
2024-08-29 07:49:06,ETHUSDT,bid,2400,11572.118
2024-08-29 07:49:47,ETHUSDT,bid,2400,11566.013
2024-08-29 07:49:49,ETHUSDT,bid,2440,9507.458
2024-08-29 07:50:24,ETHUSDT,bid,2400,11574.013
2024-08-29 07:50:25,ETHUSDT,bid,2450,5187.527
2024-08-29 07:51:16,ETHUSDT,bid,2400,11589.013
2024-08-29 07:52:18,ETHUSDT,bid,2400,11437.073
2024-08-29 07:52:19,ETHUSDT,bid,2400,11589.253
2024-08-29 07:52:34,ETHUSDT,bid,1700,6163.456
2024-08-29 07:52:43,ETHUSDT,bid,2400,11588.942
2024-08-29 07:53:44,ETHUSDT,bid,2400,11589.517
2024-08-29 07:54:19,ETHUSDT,bid,2440,9504.391
2024-08-29 07:55:13,ETHUSDT,bid,2400,11587.384
2024-08-29 07:55:13,ETHUSDT,bid,2430,8084.436
2024-08-29 07:55:16,ETHUSDT,bid,2400,11588.384
2024-08-29 07:56:22,ETHUSDT,bid,2400,11573.384
2024-08-29 07:56:28,ETHUSDT,bid,2400,11598.384
2024-08-29 07:56:42,ETHUSDT,bid,2400,11573.384
2024-08-29 07:57:05,ETHUSDT,bid,2400,11421.204
2024-08-29 07:57:06,ETHUSDT,bid,2400,11573.629
2024-08-29 07:57:18,ETHUSDT,bid,2400,11598.629
2024-08-29 07:57:42,ETHUSDT,bid,2400,11598.209
2024-08-29 07:58:02,ETHUSDT,bid,2400,11597.168
2024-08-29 07:58:58,ETHUSDT,bid,2450,5187.547
2024-08-29 07:59:19,ETHUSDT,bid,2450,5186.547
2024-08-29 07:59:40,ETHUSDT,bid,2030,4924.658
2024-08-29 07:59:40,ETHUSDT,bid,2230,4491.401
2024-08-29 08:01:49,ETHUSDT,bid,2420,5446.186
2024-08-29 08:01:51,ETHUSDT,bid,2400,11444.743
2024-08-29 08:01:52,ETHUSDT,bid,2400,11597.417
2024-08-29 08:02:28,ETHUSDT,bid,2400,11597.429
2024-08-29 08:02:28,ETHUSDT,bid,2430,8084.448
2024-08-29 08:04:46,ETHUSDT,bid,2400,11602.429
2024-08-29 08:04:58,ETHUSDT,bid,2450,5186.526
2024-08-29 08:06:17,ETHUSDT,bid,2400,11602.529
2024-08-29 08:06:17,ETHUSDT,bid,2450,5186.517
2024-08-29 08:06:41,ETHUSDT,bid,2400,11449.855
2024-08-29 08:06:42,ETHUSDT,bid,2400,11602.774
2024-08-29 08:06:46,ETHUSDT,bid,2440,9504.098
2024-08-29 08:07:15,ETHUSDT,bid,2450,5183.259
2024-08-29 08:08:11,ETHUSDT,bid,2400,11602.82
2024-08-29 08:08:28,ETHUSDT,bid,2400,11602.52
2024-08-29 08:08:35,ETHUSDT,bid,2400,11602.563
2024-08-29 08:09:23,ETHUSDT,bid,2400,11602.716
2024-08-29 08:09:34,ETHUSDT,bid,2400,11602.441
2024-08-29 08:10:44,ETHUSDT,bid,2400,11602.262
2024-08-29 08:11:13,ETHUSDT,bid,2400,11603.346
2024-08-29 08:11:27,ETHUSDT,bid,2400,11450.427
2024-08-29 08:11:50,ETHUSDT,bid,2450,5183.355
2024-08-29 08:12:30,ETHUSDT,bid,2400,11450.298
2024-08-29 08:12:32,ETHUSDT,bid,2450,5183.434
2024-08-29 08:12:45,ETHUSDT,bid,2420,5446.262
2024-08-29 08:12:46,ETHUSDT,bid,2400,11452.258
2024-08-29 08:13:07,ETHUSDT,bid,2400,11451.966
2024-08-29 08:13:13,ETHUSDT,bid,2400,11451.55
2024-08-29 08:14:34,ETHUSDT,bid,2440,9504.068
2024-08-29 08:14:44,ETHUSDT,bid,2430,8084.295
2024-08-29 08:15:03,ETHUSDT,bid,2400,11451.842
2024-08-29 08:16:20,ETHUSDT,bid,2440,9534.068
2024-08-29 08:16:21,ETHUSDT,bid,2400,11445.592
2024-08-29 08:16:51,ETHUSDT,bid,2430,8084.349
2024-08-29 08:18:50,ETHUSDT,bid,2400,11445.176
2024-08-29 08:19:07,ETHUSDT,bid,2400,11445.275
2024-08-29 08:19:54,ETHUSDT,bid,2450,5184.039
2024-08-29 08:20:27,ETHUSDT,bid,2440,9538.566
2024-08-29 08:20:53,ETHUSDT,bid,2400,11445.266
2024-08-29 08:20:55,ETHUSDT,bid,2400,11453.283
2024-08-29 08:20:56,ETHUSDT,bid,2440,9537.566
2024-08-29 08:22:26,ETHUSDT,bid,2400,11451.323
2024-08-29 08:22:40,ETHUSDT,bid,2400,11451.339
2024-08-29 08:23:22,ETHUSDT,bid,2400,11450.036
2024-08-29 08:24:24,ETHUSDT,bid,2400,11460.036
2024-08-29 08:24:55,ETHUSDT,bid,2400,11460.057
2024-08-29 08:27:37,ETHUSDT,bid,2400,11460.036
2024-08-29 08:27:48,ETHUSDT,bid,2450,5184.535
2024-08-29 08:28:43,ETHUSDT,bid,2400,11460.054
2024-08-29 08:29:22,ETHUSDT,bid,2400,11460.036
2024-08-29 08:29:31,ETHUSDT,bid,2400,11460.306
2024-08-29 08:30:18,ETHUSDT,bid,2400,11460.324
2024-08-29 08:30:43,ETHUSDT,bid,2400,11460.306
2024-08-29 08:31:17,ETHUSDT,bid,2400,11461.306
2024-08-29 08:31:53,ETHUSDT,bid,2420,5445.862
2024-08-29 08:32:40,ETHUSDT,bid,2400,11472.898
2024-08-29 08:33:12,ETHUSDT,bid,2400,11476.109
2024-08-29 08:33:12,ETHUSDT,bid,2430,8084.295
2024-08-29 08:33:52,ETHUSDT,bid,2400,11476.117
2024-08-29 08:34:25,ETHUSDT,bid,2140,4722.026
2024-08-29 08:34:25,ETHUSDT,bid,2400,11476.136
2024-08-29 08:35:25,ETHUSDT,bid,2450,5185.563
2024-08-29 08:35:35,ETHUSDT,bid,2400,11476.336
2024-08-29 08:35:46,ETHUSDT,bid,2400,11241.962
2024-08-29 08:36:37,ETHUSDT,bid,2140,4722.004
2024-08-29 08:36:37,ETHUSDT,bid,2400,11241.943
2024-08-29 08:37:21,ETHUSDT,bid,2400,11242.067
2024-08-29 08:38:39,ETHUSDT,bid,2450,5184.958
2024-08-29 08:39:21,ETHUSDT,bid,2400,11242.086
2024-08-29 08:39:37,ETHUSDT,bid,2400,11242.095
2024-08-29 08:40:11,ETHUSDT,bid,2400,11241.914
2024-08-29 08:40:50,ETHUSDT,bid,2400,11241.895
2024-08-29 08:41:00,ETHUSDT,bid,2420,5441.862
2024-08-29 08:41:13,ETHUSDT,bid,2400,11237.435
2024-08-29 08:41:15,ETHUSDT,bid,2400,11237.422
2024-08-29 08:42:30,ETHUSDT,bid,2430,8084.963
2024-08-29 08:45:33,ETHUSDT,bid,2450,5185.079
2024-08-29 08:46:35,ETHUSDT,bid,2450,5185.398
2024-08-29 08:46:37,ETHUSDT,bid,2400,11235.422
2024-08-29 08:47:06,ETHUSDT,bid,2440,9536.904
2024-08-29 08:48:04,ETHUSDT,bid,2400,11235.413
2024-08-29 08:48:11,ETHUSDT,bid,2440,9506.904
2024-08-29 08:48:53,ETHUSDT,bid,2400,11235.422
2024-08-29 08:49:08,ETHUSDT,bid,2430,8085.213
2024-08-29 08:49:53,ETHUSDT,bid,2400,11230.422
2024-08-29 08:50:04,ETHUSDT,bid,2400,11229.172
2024-08-29 08:50:06,ETHUSDT,bid,2440,9506.938
2024-08-29 08:50:16,ETHUSDT,bid,2440,9506.921
2024-08-29 08:50:17,ETHUSDT,bid,2440,9506.904
2024-08-29 08:51:37,ETHUSDT,bid,2400,11227.535
2024-08-29 08:51:48,ETHUSDT,bid,2440,9507.537
2024-08-29 08:51:56,ETHUSDT,bid,2420,5442.068
2024-08-29 08:52:59,ETHUSDT,bid,2400,11228.129
2024-08-29 08:53:45,ETHUSDT,bid,2440,9506.904
2024-08-29 08:54:20,ETHUSDT,bid,2450,5183.442
2024-08-29 08:54:54,ETHUSDT,bid,2400,11228.12
2024-08-29 08:56:57,ETHUSDT,bid,2400,11228.536
2024-08-29 08:57:02,ETHUSDT,bid,2400,11228.457
2024-08-29 08:57:06,ETHUSDT,bid,2450,5186.097
2024-08-29 08:57:23,ETHUSDT,bid,2430,8085.562
2024-08-29 08:57:28,ETHUSDT,bid,2400,11228.443
2024-08-29 08:58:15,ETHUSDT,bid,2450,5187.99
2024-08-29 08:58:29,ETHUSDT,bid,2400,11228.453
2024-08-29 08:58:34,ETHUSDT,bid,2430,8085.213
2024-08-29 08:58:54,ETHUSDT,bid,2450,5188.24
2024-08-29 08:59:13,ETHUSDT,bid,2400,11229.213
2024-08-29 08:59:17,ETHUSDT,bid,1700,6164.956
2024-08-29 09:00:36,ETHUSDT,bid,2400,11229.254
2024-08-29 09:01:44,ETHUSDT,bid,2400,11229.218
2024-08-29 09:01:44,ETHUSDT,bid,2450,5187.99
2024-08-29 09:02:28,ETHUSDT,bid,2400,11229.344
2024-08-29 09:03:03,ETHUSDT,bid,2400,11229.363
2024-08-29 09:03:59,ETHUSDT,bid,2400,11229.295
2024-08-29 09:04:19,ETHUSDT,bid,2400,11228.789
2024-08-29 09:05:27,ETHUSDT,bid,1700,6167.956
2024-08-29 09:05:30,ETHUSDT,bid,2400,11230.904
2024-08-29 09:05:49,ETHUSDT,bid,2400,11229.005
2024-08-29 09:06:47,ETHUSDT,bid,2440,9502.406
2024-08-29 09:07:28,ETHUSDT,bid,2400,11228.993
2024-08-29 09:10:18,ETHUSDT,bid,2400,11229.011
2024-08-29 09:11:29,ETHUSDT,bid,2400,11229.219
2024-08-29 09:14:43,ETHUSDT,bid,2400,11228.219
2024-08-29 09:15:37,ETHUSDT,bid,2400,11226.104
2024-08-29 09:15:47,ETHUSDT,bid,2400,11226.047
2024-08-29 09:16:09,ETHUSDT,bid,2400,11225.988
2024-08-29 09:16:25,ETHUSDT,bid,2430,8085.079
2024-08-29 09:16:26,ETHUSDT,bid,2400,11225.852
2024-08-29 09:16:43,ETHUSDT,bid,2400,11226.701
2024-08-29 09:16:58,ETHUSDT,bid,2400,11225.852
2024-08-29 09:19:05,ETHUSDT,bid,2400,11225.352
2024-08-29 09:19:08,ETHUSDT,bid,2400,11225.249
2024-08-29 09:19:42,ETHUSDT,bid,2430,8125.079
2024-08-29 09:22:43,ETHUSDT,bid,2400,11225.239
2024-08-29 09:24:46,ETHUSDT,bid,2400,11225.216
2024-08-29 09:25:00,ETHUSDT,bid,2400,11226.466
2024-08-29 09:25:34,ETHUSDT,bid,2400,11226.258
2024-08-29 09:26:16,ETHUSDT,bid,2400,11226.468
2024-08-29 09:26:24,ETHUSDT,bid,2420,5455.808
2024-08-29 09:26:39,ETHUSDT,bid,2440,9501.589
2024-08-29 09:27:39,ETHUSDT,bid,2430,8125.132
2024-08-29 09:28:34,ETHUSDT,bid,2400,11226.498
2024-08-29 09:28:58,ETHUSDT,bid,2450,5191.99
2024-08-29 09:29:14,ETHUSDT,bid,2430,8126.364
2024-08-29 09:29:21,ETHUSDT,bid,2450,5193.99
2024-08-29 09:29:22,ETHUSDT,bid,2440,9502.815
2024-08-29 09:29:45,ETHUSDT,bid,2450,5195.211
2024-08-29 09:31:29,ETHUSDT,bid,2400,11228.135
2024-08-29 09:34:20,ETHUSDT,bid,2400,11228.235
2024-08-29 09:34:22,ETHUSDT,bid,2450,5196.838
2024-08-29 09:34:23,ETHUSDT,bid,2420,5455.798
2024-08-29 09:35:03,ETHUSDT,bid,2420,5455.788
2024-08-29 09:35:07,ETHUSDT,bid,2400,11228.272
2024-08-29 09:36:06,ETHUSDT,bid,2400,11228.222
2024-08-29 09:36:56,ETHUSDT,bid,2450,5194.572
2024-08-29 09:37:15,ETHUSDT,bid,2400,11216.63
2024-08-29 09:37:47,ETHUSDT,bid,2420,5442.048
2024-08-29 09:39:00,ETHUSDT,bid,2450,5194.657
2024-08-29 09:39:04,ETHUSDT,bid,2400,11207.783
2024-08-29 09:42:20,ETHUSDT,bid,2400,11232.932
2024-08-29 09:42:22,ETHUSDT,bid,2400,11260.003
2024-08-29 09:42:46,ETHUSDT,bid,2400,11260.028
2024-08-29 09:43:05,ETHUSDT,bid,2430,8126.405
2024-08-29 09:43:05,ETHUSDT,bid,2400,11234.879
2024-08-29 09:43:08,ETHUSDT,bid,2380,10494.509
2024-08-29 09:43:31,ETHUSDT,bid,2360,10915.534
2024-08-29 09:43:40,ETHUSDT,bid,2430,8126.325
2024-08-29 09:43:46,ETHUSDT,bid,2430,8126.284
2024-08-29 09:43:50,ETHUSDT,bid,2350,12111.027
2024-08-29 09:45:09,ETHUSDT,bid,2450,5190.191
2024-08-29 09:45:12,ETHUSDT,bid,2400,11235.094
2024-08-29 09:45:18,ETHUSDT,bid,2140,4722.026
2024-08-29 09:45:18,ETHUSDT,bid,2400,11235.113
2024-08-29 09:45:21,ETHUSDT,bid,2430,8126.252
2024-08-29 09:45:26,ETHUSDT,bid,2430,8127.252
2024-08-29 09:45:45,ETHUSDT,bid,2400,11235.014
2024-08-29 09:45:50,ETHUSDT,bid,2400,11233.3
2024-08-29 09:45:50,ETHUSDT,bid,2450,5186.939
2024-08-29 09:46:05,ETHUSDT,bid,2450,5187.439
2024-08-29 09:48:05,ETHUSDT,bid,2400,11232.297
2024-08-29 09:48:21,ETHUSDT,bid,2400,11232.315
2024-08-29 09:48:21,ETHUSDT,bid,2430,8127.27
2024-08-29 09:48:21,ETHUSDT,bid,2440,9502.833
2024-08-29 09:48:21,ETHUSDT,bid,2450,5187.457
2024-08-29 09:48:22,ETHUSDT,bid,2400,11231.899
2024-08-29 09:48:30,ETHUSDT,bid,2400,11231.999
2024-08-29 09:48:32,ETHUSDT,bid,2440,9503.833
2024-08-29 09:48:34,ETHUSDT,bid,2450,5187.417
2024-08-29 09:48:43,ETHUSDT,bid,2400,11231.899
2024-08-29 09:49:52,ETHUSDT,bid,2400,11230.591
2024-08-29 09:50:24,ETHUSDT,bid,2400,11230.582
2024-08-29 09:50:32,ETHUSDT,bid,2400,11230.552
2024-08-29 09:50:41,ETHUSDT,bid,2450,5191.213
2024-08-29 09:50:56,ETHUSDT,bid,2400,11230.65
2024-08-29 09:51:20,ETHUSDT,bid,2400,11232.65
2024-08-29 09:52:56,ETHUSDT,bid,2400,11232.573
2024-08-29 09:54:15,ETHUSDT,bid,2400,11232.49
2024-08-29 09:54:46,ETHUSDT,bid,2430,8122.27
2024-08-29 09:55:15,ETHUSDT,bid,2400,11232.39
2024-08-29 09:55:18,ETHUSDT,bid,2400,11232.89
2024-08-29 09:56:53,ETHUSDT,bid,2430,8122.252
2024-08-29 09:57:56,ETHUSDT,bid,2400,11233.89
2024-08-29 09:58:18,ETHUSDT,bid,2450,5191.173
2024-08-29 09:59:15,ETHUSDT,bid,2520,4034.945
2024-08-29 09:59:15,ETHUSDT,bid,2520,4039.145
2024-08-29 09:59:16,ETHUSDT,bid,2520,4039.145
2024-08-29 09:59:17,ETHUSDT,bid,2520,4058.849
2024-08-29 09:59:17,ETHUSDT,bid,2520,4039.145
2024-08-29 09:59:17,ETHUSDT,bid,2520,4039.545
2024-08-29 09:59:17,ETHUSDT,bid,2520,4039.145
2024-08-29 09:59:17,ETHUSDT,bid,2520,4041.152
2024-08-29 09:59:18,ETHUSDT,bid,2520,4041.152
2024-08-29 09:59:18,ETHUSDT,bid,2520,4039.145
2024-08-29 09:59:19,ETHUSDT,bid,2520,4039.145
2024-08-29 09:59:20,ETHUSDT,bid,2520,4058.521
2024-08-29 09:59:20,ETHUSDT,bid,2520,4039.145
2024-08-29 10:00:29,ETHUSDT,bid,2400,11233.914
2024-08-29 10:00:50,ETHUSDT,bid,2400,11233.794
2024-08-29 10:00:50,ETHUSDT,bid,2450,5191.053
2024-08-29 10:00:52,ETHUSDT,bid,2520,6016.749
2024-08-29 10:00:52,ETHUSDT,bid,2520,6016.354
2024-08-29 10:00:53,ETHUSDT,bid,2520,6035.738
2024-08-29 10:00:53,ETHUSDT,bid,2520,6016.362
2024-08-29 10:00:54,ETHUSDT,bid,2520,6016.362
2024-08-29 10:00:55,ETHUSDT,bid,2520,6016.362
2024-08-29 10:00:56,ETHUSDT,bid,2520,6016.362
2024-08-29 10:00:57,ETHUSDT,bid,2520,6035.738
2024-08-29 10:00:57,ETHUSDT,bid,2520,6016.362
2024-08-29 10:00:58,ETHUSDT,bid,2520,6043.228
2024-08-29 10:00:58,ETHUSDT,bid,2520,6043.228
2024-08-29 10:00:58,ETHUSDT,bid,2520,6018.489
2024-08-29 10:00:58,ETHUSDT,bid,2520,6043.151
2024-08-29 10:00:58,ETHUSDT,bid,2520,6018.489
2024-08-29 10:00:59,ETHUSDT,bid,2520,6043.449
2024-08-29 10:00:59,ETHUSDT,bid,2520,6043.469
2024-08-29 10:01:00,ETHUSDT,bid,2520,6063.174
2024-08-29 10:01:00,ETHUSDT,bid,2520,6043.469
2024-08-29 10:01:01,ETHUSDT,bid,2520,6043.469
2024-08-29 10:01:02,ETHUSDT,bid,2520,6043.469
2024-08-29 10:01:02,ETHUSDT,bid,2520,6018.509
2024-08-29 10:01:49,ETHUSDT,bid,2450,5191.113
2024-08-29 10:01:49,ETHUSDT,bid,2450,5189.22
2024-08-29 10:02:02,ETHUSDT,bid,2400,11233.824
2024-08-29 10:02:02,ETHUSDT,bid,2440,9503.863
2024-08-29 10:02:59,ETHUSDT,bid,2450,5187.999
2024-08-29 10:03:04,ETHUSDT,bid,2440,9502.637
2024-08-29 10:03:06,ETHUSDT,bid,2430,8121.02
2024-08-29 10:03:19,ETHUSDT,bid,2430,8120.967
2024-08-29 10:03:37,ETHUSDT,bid,2400,11235.49
2024-08-29 10:03:51,ETHUSDT,bid,2430,8141.209
2024-08-29 10:03:55,ETHUSDT,bid,2380,10496.605
2024-08-29 10:04:26,ETHUSDT,bid,2380,10494.509
2024-08-29 10:04:39,ETHUSDT,bid,2520,7019.844
2024-08-29 10:04:40,ETHUSDT,bid,2520,7019.449
2024-08-29 10:04:41,ETHUSDT,bid,2520,7016.279
2024-08-29 10:04:42,ETHUSDT,bid,2520,7035.655
2024-08-29 10:04:42,ETHUSDT,bid,2520,7016.279
2024-08-29 10:04:43,ETHUSDT,bid,2520,7016.279
2024-08-29 10:04:44,ETHUSDT,bid,2520,7035.986
2024-08-29 10:04:44,ETHUSDT,bid,2520,7016.279
2024-08-29 10:04:45,ETHUSDT,bid,2520,7016.279
2024-08-29 10:04:46,ETHUSDT,bid,2520,7035.986
2024-08-29 10:04:46,ETHUSDT,bid,2520,7016.279
2024-08-29 10:04:47,ETHUSDT,bid,2520,7016.279
2024-08-29 10:04:48,ETHUSDT,bid,2520,7035.655
2024-08-29 10:04:48,ETHUSDT,bid,2520,7016.279
2024-08-29 10:04:50,ETHUSDT,bid,2520,7016.279
2024-08-29 10:04:52,ETHUSDT,bid,2520,7035.655
2024-08-29 10:04:52,ETHUSDT,bid,2520,7016.279
2024-08-29 10:04:52,ETHUSDT,bid,2520,7016.295
2024-08-29 10:04:53,ETHUSDT,bid,2520,7016.295
2024-08-29 10:04:54,ETHUSDT,bid,2520,7016.295
2024-08-29 10:04:55,ETHUSDT,bid,2520,7035.671
2024-08-29 10:04:55,ETHUSDT,bid,2520,7016.295
2024-08-29 10:04:56,ETHUSDT,bid,2520,7035.671
2024-08-29 10:04:56,ETHUSDT,bid,2520,7016.295
2024-08-29 10:04:57,ETHUSDT,bid,2520,7016.295
2024-08-29 10:04:58,ETHUSDT,bid,2380,10496.605
2024-08-29 10:04:58,ETHUSDT,bid,2520,7035.671
2024-08-29 10:04:58,ETHUSDT,bid,2520,7016.295
2024-08-29 10:04:59,ETHUSDT,bid,2520,7016.295
2024-08-29 10:05:00,ETHUSDT,bid,2520,7035.671
2024-08-29 10:05:00,ETHUSDT,bid,2520,7016.295
2024-08-29 10:05:01,ETHUSDT,bid,2520,7036.002
2024-08-29 10:05:01,ETHUSDT,bid,2520,7016.295
2024-08-29 10:05:02,ETHUSDT,bid,2520,7035.671
2024-08-29 10:05:02,ETHUSDT,bid,2520,7016.295
2024-08-29 10:05:03,ETHUSDT,bid,2520,7016.453
2024-08-29 10:05:03,ETHUSDT,bid,2520,7016.453
2024-08-29 10:05:03,ETHUSDT,bid,2520,7016.453
2024-08-29 10:05:03,ETHUSDT,bid,2520,7016.295
2024-08-29 10:05:03,ETHUSDT,bid,2520,7016.358
2024-08-29 10:05:04,ETHUSDT,bid,2520,7016.358
2024-08-29 10:05:05,ETHUSDT,bid,2520,7036.065
2024-08-29 10:05:05,ETHUSDT,bid,2520,7016.358
2024-08-29 10:05:05,ETHUSDT,bid,2520,7022.467
2024-08-29 10:05:06,ETHUSDT,bid,2520,7041.843
2024-08-29 10:05:06,ETHUSDT,bid,2520,7022.467
2024-08-29 10:05:07,ETHUSDT,bid,2520,7022.467
2024-08-29 10:05:08,ETHUSDT,bid,2520,7042.174
2024-08-29 10:05:08,ETHUSDT,bid,2520,7022.467
2024-08-29 10:05:09,ETHUSDT,bid,2520,7022.467
2024-08-29 10:05:10,ETHUSDT,bid,2520,7022.451
2024-08-29 10:05:11,ETHUSDT,bid,2520,7022.451
2024-08-29 10:05:13,ETHUSDT,bid,2380,10494.509
2024-08-29 10:06:14,ETHUSDT,bid,2400,11235.48
2024-08-29 10:08:22,ETHUSDT,bid,2400,11244.178
2024-08-29 10:10:51,ETHUSDT,bid,2400,11244.187
2024-08-29 10:11:13,ETHUSDT,bid,2400,11244.305
2024-08-29 10:14:08,ETHUSDT,bid,2400,11244.425
2024-08-29 10:14:08,ETHUSDT,bid,2450,5188.119
2024-08-29 10:14:15,ETHUSDT,bid,2400,11235.727
2024-08-29 10:14:44,ETHUSDT,bid,2400,11235.827
2024-08-29 10:18:44,ETHUSDT,bid,2400,11236.059
2024-08-29 10:19:14,ETHUSDT,bid,2400,11236.559
2024-08-29 10:20:40,ETHUSDT,bid,2440,9504.637
2024-08-29 10:21:01,ETHUSDT,bid,2430,8143.209
2024-08-29 10:25:07,ETHUSDT,bid,2200,5120.898
2024-08-29 10:25:39,ETHUSDT,bid,2420,5441.537
2024-08-29 10:27:05,ETHUSDT,bid,2450,5187.997
2024-08-29 10:27:33,ETHUSDT,bid,2400,11236.892
2024-08-29 10:27:55,ETHUSDT,bid,2400,11236.933
2024-08-29 10:28:10,ETHUSDT,bid,2400,11236.813
2024-08-29 10:28:10,ETHUSDT,bid,2450,5187.877
2024-08-29 10:28:26,ETHUSDT,bid,2400,11236.863
2024-08-29 10:28:29,ETHUSDT,bid,2400,11236.606
2024-08-29 10:28:54,ETHUSDT,bid,2400,11236.398
2024-08-29 10:29:58,ETHUSDT,bid,2400,11238.898
2024-08-29 10:31:35,ETHUSDT,bid,2400,11238.909
2024-08-29 10:33:18,ETHUSDT,bid,2450,5186.25
2024-08-29 10:34:21,ETHUSDT,bid,2400,11238.929
2024-08-29 10:34:55,ETHUSDT,bid,2450,5186.207
2024-08-29 10:35:42,ETHUSDT,bid,2450,5186.122
2024-08-29 10:35:52,ETHUSDT,bid,2400,11238.918
2024-08-29 10:35:56,ETHUSDT,bid,2400,11241.418
2024-08-29 10:36:15,ETHUSDT,bid,2450,5196.122
2024-08-29 10:39:23,ETHUSDT,bid,2400,11240.418
2024-08-29 10:41:38,ETHUSDT,bid,2140,4722.048
2024-08-29 10:42:34,ETHUSDT,bid,2400,11239.418
2024-08-29 10:45:17,ETHUSDT,bid,2400,11238.418
2024-08-29 10:46:04,ETHUSDT,bid,2430,8143.109
2024-08-29 10:46:53,ETHUSDT,bid,2400,11238.439
2024-08-29 10:46:56,ETHUSDT,bid,2450,5192.049
2024-08-29 10:47:10,ETHUSDT,bid,2400,11238.421
2024-08-29 10:47:10,ETHUSDT,bid,2430,8143.091
2024-08-29 10:47:10,ETHUSDT,bid,2440,9504.619
2024-08-29 10:47:10,ETHUSDT,bid,2450,5192.031
2024-08-29 10:48:11,ETHUSDT,bid,2440,9504.885
2024-08-29 10:48:17,ETHUSDT,bid,2400,11238.549
2024-08-29 10:49:54,ETHUSDT,bid,2400,11239.383
2024-08-29 10:50:29,ETHUSDT,bid,2400,11236.383
2024-08-29 10:52:21,ETHUSDT,bid,2450,5192.044
2024-08-29 10:53:13,ETHUSDT,bid,2400,11224.176
2024-08-29 10:53:54,ETHUSDT,bid,2400,11224.893
2024-08-29 10:55:12,ETHUSDT,bid,2400,11224.94
2024-08-29 10:56:38,ETHUSDT,bid,2430,8143.055
2024-08-29 10:56:50,ETHUSDT,bid,2400,11224.919
2024-08-29 10:57:31,ETHUSDT,bid,2400,11229.085
2024-08-29 10:57:31,ETHUSDT,bid,2400,11228.085
2024-08-29 10:57:37,ETHUSDT,bid,2400,11228.646
2024-08-29 10:58:41,ETHUSDT,bid,2400,11228.679
2024-08-29 10:58:56,ETHUSDT,bid,2450,5200.918
2024-08-29 10:59:02,ETHUSDT,bid,2380,10494.892
2024-08-29 11:00:20,ETHUSDT,bid,2400,11224.042
2024-08-29 11:01:33,ETHUSDT,bid,2360,10915.516
2024-08-29 11:01:33,ETHUSDT,bid,2380,10494.874
2024-08-29 11:01:33,ETHUSDT,bid,2440,9504.867
2024-08-29 11:02:12,ETHUSDT,bid,2400,11224.572
2024-08-29 11:02:14,ETHUSDT,bid,2430,8143.26
2024-08-29 11:02:17,ETHUSDT,bid,2450,5202.918
2024-08-29 11:02:36,ETHUSDT,bid,2400,11222.87
2024-08-29 11:02:45,ETHUSDT,bid,2450,5203.282
2024-08-29 11:03:06,ETHUSDT,bid,2450,5202.918
2024-08-29 11:04:55,ETHUSDT,bid,2400,11222.34
2024-08-29 11:05:28,ETHUSDT,bid,2400,11226.246
2024-08-29 11:05:29,ETHUSDT,bid,2400,11227.015
2024-08-29 11:06:08,ETHUSDT,bid,2400,11227.056
2024-08-29 11:07:31,ETHUSDT,bid,2400,11227.066
2024-08-29 11:07:34,ETHUSDT,bid,2400,11227.993
2024-08-29 11:07:57,ETHUSDT,bid,2400,11227.066
2024-08-29 11:08:11,ETHUSDT,bid,2430,8143.055
2024-08-29 11:09:22,ETHUSDT,bid,2430,8143.044
2024-08-29 11:09:22,ETHUSDT,ask,2990,3456.077
2024-08-29 11:10:53,ETHUSDT,bid,2400,11227.649
2024-08-29 11:11:56,ETHUSDT,bid,2400,11227.659
2024-08-29 11:13:37,ETHUSDT,bid,2400,11227.834
2024-08-29 11:14:17,ETHUSDT,bid,2450,5203.334
2024-08-29 11:14:20,ETHUSDT,bid,2450,5203.367
2024-08-29 11:14:44,ETHUSDT,bid,2360,10913.402
2024-08-29 11:14:53,ETHUSDT,bid,2400,11227.843
2024-08-29 11:17:51,ETHUSDT,bid,1700,6167.366
2024-08-29 11:20:43,ETHUSDT,bid,2450,5203.334
2024-08-29 11:21:25,ETHUSDT,bid,2450,5203.862
2024-08-29 11:21:57,ETHUSDT,bid,2450,5208.1
2024-08-29 11:22:10,ETHUSDT,bid,2400,11227.801
2024-08-29 11:22:16,ETHUSDT,bid,2400,11227.768
2024-08-29 11:22:26,ETHUSDT,bid,2400,11227.778
2024-08-29 11:23:06,ETHUSDT,bid,2430,8143.544
2024-08-29 11:23:41,ETHUSDT,bid,2400,11227.796
2024-08-29 11:24:07,ETHUSDT,bid,2400,11232.709
2024-08-29 11:24:43,ETHUSDT,bid,2450,5203.862
2024-08-29 11:24:56,ETHUSDT,bid,2400,11232.729
2024-08-29 11:27:08,ETHUSDT,bid,2430,8123.302
2024-08-29 11:29:01,ETHUSDT,bid,2400,11232.708
2024-08-29 11:29:04,ETHUSDT,bid,2450,5203.147
2024-08-29 11:29:33,ETHUSDT,bid,2400,11232.667
2024-08-29 11:29:45,ETHUSDT,bid,2400,11232.867
2024-08-29 11:33:42,ETHUSDT,bid,2400,11232.892
2024-08-29 11:34:06,ETHUSDT,bid,2400,11232.909
2024-08-29 11:35:32,ETHUSDT,bid,2450,5207.318
2024-08-29 11:36:05,ETHUSDT,bid,2450,5208.181
2024-08-29 11:36:22,ETHUSDT,bid,2450,5204.01
2024-08-29 11:37:06,ETHUSDT,bid,2400,11232.868
2024-08-29 11:37:15,ETHUSDT,bid,1700,6167.346
2024-08-29 11:37:47,ETHUSDT,bid,2400,11232.24
2024-08-29 11:38:35,ETHUSDT,bid,2400,11232.254
2024-08-29 11:39:19,ETHUSDT,bid,2400,11232.354
2024-08-29 11:40:31,ETHUSDT,bid,2430,8123.284
2024-08-29 11:40:39,ETHUSDT,bid,2400,11232.363
2024-08-29 11:40:39,ETHUSDT,bid,2430,8123.293
2024-08-29 11:43:24,ETHUSDT,bid,2400,11230.654
2024-08-29 11:44:22,ETHUSDT,bid,2400,11230.862
2024-08-29 11:45:14,ETHUSDT,bid,2400,11230.853
2024-08-29 11:46:39,ETHUSDT,bid,2400,11229.546
2024-08-29 11:47:26,ETHUSDT,bid,2450,5210.01
2024-08-29 11:48:06,ETHUSDT,bid,2440,9504.516
2024-08-29 11:50:14,ETHUSDT,bid,2450,5201.136
2024-08-29 11:51:09,ETHUSDT,bid,2400,11229.358
2024-08-29 11:51:52,ETHUSDT,bid,2400,11229.338
2024-08-29 11:53:02,ETHUSDT,bid,2450,5201.624
2024-08-29 11:53:24,ETHUSDT,bid,2400,11229.379
2024-08-29 11:55:42,ETHUSDT,bid,2400,11229.391
2024-08-29 11:55:46,ETHUSDT,bid,2400,11229.119
2024-08-29 11:58:38,ETHUSDT,bid,2400,11229.091
2024-08-29 11:58:58,ETHUSDT,bid,2400,11228.791
2024-08-29 12:00:26,ETHUSDT,bid,2400,11228.559
2024-08-29 12:00:30,ETHUSDT,bid,2400,11230.054
2024-08-29 12:00:59,ETHUSDT,bid,2400,11229.991
2024-08-29 12:01:01,ETHUSDT,bid,2400,11229.688
2024-08-29 12:01:10,ETHUSDT,bid,2400,11228.193
2024-08-29 12:01:16,ETHUSDT,bid,2400,11228.253
2024-08-29 12:01:45,ETHUSDT,bid,2400,11228.202
2024-08-29 12:03:05,ETHUSDT,bid,2140,4722.026
2024-08-29 12:03:05,ETHUSDT,bid,2400,11228.183
2024-08-29 12:03:20,ETHUSDT,bid,2420,5439.552
2024-08-29 12:03:47,ETHUSDT,bid,2450,5201.587
2024-08-29 12:09:43,ETHUSDT,bid,2360,10911.114
2024-08-29 12:09:48,ETHUSDT,bid,2400,11224.017
2024-08-29 12:11:10,ETHUSDT,bid,2400,11224.048
2024-08-29 12:11:41,ETHUSDT,bid,2400,11222.048
2024-08-29 12:12:03,ETHUSDT,bid,2400,11222.057
2024-08-29 12:13:44,ETHUSDT,bid,1700,6173.287
2024-08-29 12:13:45,ETHUSDT,bid,2400,11222.157
2024-08-29 12:14:05,ETHUSDT,bid,2400,11222.169
2024-08-29 12:14:32,ETHUSDT,bid,2380,10493.563
2024-08-29 12:15:01,ETHUSDT,bid,2440,9506.128
2024-08-29 12:16:51,ETHUSDT,bid,2420,5439.476
2024-08-29 12:17:12,ETHUSDT,bid,2450,5201.646
2024-08-29 12:17:58,ETHUSDT,bid,2440,9508.195
2024-08-29 12:18:16,ETHUSDT,bid,2400,11221.626
2024-08-29 12:18:25,ETHUSDT,bid,2420,5439.542
2024-08-29 12:18:38,ETHUSDT,bid,2400,11220.168
2024-08-29 12:18:38,ETHUSDT,bid,2400,11219.084
2024-08-29 12:20:01,ETHUSDT,bid,2400,11219.663
2024-08-29 12:22:36,ETHUSDT,bid,2400,11219.497
2024-08-29 12:24:04,ETHUSDT,bid,2430,8120.475
2024-08-29 12:24:50,ETHUSDT,bid,2400,11219.488
2024-08-29 12:25:22,ETHUSDT,bid,2400,11217.488
2024-08-29 12:28:59,ETHUSDT,bid,2400,11217.94
2024-08-29 12:29:45,ETHUSDT,bid,2400,11222.106
2024-08-29 12:29:51,ETHUSDT,bid,2400,11221.69
2024-08-29 12:30:50,ETHUSDT,bid,2430,8120.83
2024-08-29 12:30:51,ETHUSDT,bid,2400,11221.647
2024-08-29 12:31:58,ETHUSDT,bid,2420,5439.476
2024-08-29 12:31:58,ETHUSDT,bid,2400,11221.231
2024-08-29 12:32:18,ETHUSDT,bid,2290,4442.904
2024-08-29 12:33:17,ETHUSDT,bid,2420,5443.476
2024-08-29 12:33:23,ETHUSDT,bid,2400,11221.222
2024-08-29 12:34:13,ETHUSDT,bid,2400,11221.336
2024-08-29 12:34:34,ETHUSDT,bid,2380,10493.661
2024-08-29 12:38:03,ETHUSDT,bid,2360,10911.072
2024-08-29 12:38:32,ETHUSDT,bid,2400,11221.175
2024-08-29 12:38:32,ETHUSDT,bid,2400,11218.175
2024-08-29 12:39:32,ETHUSDT,bid,2440,9508.205
2024-08-29 12:39:36,ETHUSDT,bid,2440,9508.195
2024-08-29 12:40:06,ETHUSDT,bid,2400,11218.077
2024-08-29 12:40:07,ETHUSDT,bid,2400,11217.959
2024-08-29 12:40:11,ETHUSDT,bid,2400,11217.365
2024-08-29 12:40:18,ETHUSDT,bid,2440,9508.205
2024-08-29 12:40:20,ETHUSDT,bid,2440,9508.195
2024-08-29 12:42:01,ETHUSDT,bid,2400,11217.781
2024-08-29 12:42:42,ETHUSDT,bid,2400,11218.074
2024-08-29 12:43:43,ETHUSDT,bid,2400,11217.658
2024-08-29 12:45:03,ETHUSDT,bid,2400,11217.383
2024-08-29 12:46:39,ETHUSDT,bid,2400,11217.596
2024-08-29 12:49:13,ETHUSDT,bid,2400,11217.549
2024-08-29 12:49:35,ETHUSDT,bid,2400,11217.097
2024-08-29 12:50:15,ETHUSDT,bid,1700,6173.267
2024-08-29 12:50:15,ETHUSDT,bid,1960,5206.502
2024-08-29 12:50:49,ETHUSDT,bid,2400,11218.998
2024-08-29 12:52:22,ETHUSDT,bid,2400,11217.097
2024-08-29 12:53:55,ETHUSDT,bid,2400,11217.085
2024-08-29 12:57:04,ETHUSDT,bid,1700,6172.593
2024-08-29 12:57:17,ETHUSDT,bid,2420,5443.54
2024-08-29 12:57:51,ETHUSDT,bid,2430,8120.813
2024-08-29 12:58:03,ETHUSDT,bid,2400,11217.042
2024-08-29 12:58:25,ETHUSDT,bid,2450,5201.732
2024-08-29 12:58:37,ETHUSDT,bid,2400,11217.017
2024-08-29 12:59:03,ETHUSDT,bid,2450,5203.759
2024-08-29 12:59:39,ETHUSDT,bid,2450,5203.638
2024-08-29 12:59:51,ETHUSDT,bid,2400,11217.517
2024-08-29 13:00:34,ETHUSDT,bid,2450,5201.611
2024-08-29 13:01:46,ETHUSDT,bid,2400,11217.45
2024-08-29 13:03:24,ETHUSDT,bid,2400,11217.322
2024-08-29 13:03:58,ETHUSDT,bid,2450,5201.814
2024-08-29 13:04:39,ETHUSDT,bid,2400,11215.322
2024-08-29 13:05:16,ETHUSDT,bid,2400,11214.462
2024-08-29 13:07:14,ETHUSDT,bid,2380,10493.563
2024-08-29 13:07:14,ETHUSDT,bid,2400,11214.348
2024-08-29 13:08:47,ETHUSDT,bid,2400,11213.101
2024-08-29 13:09:06,ETHUSDT,bid,2450,5201.77
2024-08-29 13:09:10,ETHUSDT,bid,2420,5443.476
2024-08-29 13:10:03,ETHUSDT,bid,2400,11213.079
2024-08-29 13:12:03,ETHUSDT,bid,2400,11213.1
2024-08-29 13:12:51,ETHUSDT,bid,2450,5191.77
2024-08-29 13:14:07,ETHUSDT,bid,2360,10909.045
2024-08-29 13:15:00,ETHUSDT,bid,2450,5193.747
2024-08-29 13:15:30,ETHUSDT,bid,2400,11213.6
2024-08-29 13:15:46,ETHUSDT,bid,2420,5443.582
2024-08-29 13:16:44,ETHUSDT,bid,2400,11213.625
2024-08-29 13:18:51,ETHUSDT,bid,2400,11214.625
2024-08-29 13:19:00,ETHUSDT,bid,2400,11214.525
2024-08-29 13:19:30,ETHUSDT,bid,2400,11172.859
2024-08-29 13:19:56,ETHUSDT,bid,2400,11171.859
2024-08-29 13:22:21,ETHUSDT,bid,2400,11167.693
2024-08-29 13:22:26,ETHUSDT,bid,2420,5443.476
2024-08-29 13:22:32,ETHUSDT,bid,2400,11167.652
2024-08-29 13:24:14,ETHUSDT,bid,2450,5187.747
2024-08-29 13:24:59,ETHUSDT,bid,2400,11167.852
2024-08-29 13:25:24,ETHUSDT,bid,2400,11167.799
2024-08-29 13:27:18,ETHUSDT,bid,2450,5186.12
2024-08-29 13:27:24,ETHUSDT,bid,2430,8121.813
2024-08-29 13:27:35,ETHUSDT,bid,2400,11166.299
2024-08-29 13:28:48,ETHUSDT,bid,2400,11366.554
2024-08-29 13:28:57,ETHUSDT,bid,2290,4442.914
2024-08-29 13:28:57,ETHUSDT,bid,2440,9508.205
2024-08-29 13:28:59,ETHUSDT,bid,2440,9508.215
2024-08-29 13:29:19,ETHUSDT,bid,2400,11364.054
2024-08-29 13:29:43,ETHUSDT,bid,2290,4442.904
2024-08-29 13:30:32,ETHUSDT,bid,2400,11363.428
2024-08-29 13:30:48,ETHUSDT,bid,2400,11363.415
2024-08-29 13:30:48,ETHUSDT,bid,2440,9508.202
2024-08-29 13:30:58,ETHUSDT,bid,2450,5186.034
2024-08-29 13:31:55,ETHUSDT,bid,2420,5443.588
2024-08-29 13:32:17,ETHUSDT,bid,2400,11363.405
2024-08-29 13:33:10,ETHUSDT,bid,2450,5184.612
2024-08-29 13:33:50,ETHUSDT,bid,2400,11363.395
2024-08-29 13:34:02,ETHUSDT,bid,2140,4722.036
2024-08-29 13:34:02,ETHUSDT,bid,2400,11363.405
2024-08-29 13:34:46,ETHUSDT,bid,2140,4722.026
2024-08-29 13:34:46,ETHUSDT,bid,2400,11363.395
2024-08-29 13:35:26,ETHUSDT,bid,2430,8119.813
2024-08-29 13:35:27,ETHUSDT,bid,2440,9506.202
2024-08-29 13:36:09,ETHUSDT,bid,2400,11363.404
2024-08-29 13:36:18,ETHUSDT,bid,2400,11363.393
2024-08-29 13:36:42,ETHUSDT,bid,2350,12107.555
2024-08-29 13:36:51,ETHUSDT,bid,2440,9511.313
2024-08-29 13:37:02,ETHUSDT,bid,2290,4442.889
2024-08-29 13:37:02,ETHUSDT,bid,2350,12107.54
2024-08-29 13:37:02,ETHUSDT,bid,2360,10909.03
2024-08-29 13:37:28,ETHUSDT,bid,2380,10493.563
2024-08-29 13:37:58,ETHUSDT,bid,2360,10909.045
2024-08-29 13:38:12,ETHUSDT,bid,2350,12107.555
2024-08-29 13:38:54,ETHUSDT,bid,2440,9509.701
2024-08-29 13:39:19,ETHUSDT,bid,1700,6172.607
2024-08-29 13:39:19,ETHUSDT,bid,2400,11363.301
2024-08-29 13:39:36,ETHUSDT,bid,2430,8119.764
2024-08-29 13:40:26,ETHUSDT,bid,2290,4442.904
2024-08-29 13:40:30,ETHUSDT,bid,2400,11364.694
2024-08-29 13:41:11,ETHUSDT,bid,2400,11364.301
2024-08-29 13:41:24,ETHUSDT,bid,2250,4474.697
2024-08-29 13:41:48,ETHUSDT,bid,2350,12107.074
2024-08-29 13:42:02,ETHUSDT,bid,2230,4491.416
2024-08-29 13:42:43,ETHUSDT,bid,2400,11365.101
2024-08-29 13:42:48,ETHUSDT,bid,2200,5120.913
2024-08-29 13:43:24,ETHUSDT,bid,2450,5184.702
2024-08-29 13:44:45,ETHUSDT,bid,2400,11365.057
