2024-08-24 07:00:00,BTCUSDT,bid,62800,643.549
2024-08-24 07:00:17,BTCUSDT,bid,62800,643.552
2024-08-24 07:00:21,BTCUSDT,bid,62800,643.562
2024-08-24 07:00:37,BTCUSDT,bid,62800,643.498
2024-08-24 07:00:38,BTCUSDT,bid,62800,643.488
2024-08-24 07:00:57,BTCUSDT,bid,63300,514.966
2024-08-24 07:01:28,BTCUSDT,bid,63300,514.184
2024-08-24 07:01:48,BTCUSDT,bid,63300,514.484
2024-08-24 07:02:47,BTCUSDT,bid,63300,514.531
2024-08-24 07:03:25,BTCUSDT,bid,63300,514.731
2024-08-24 07:03:31,BTCUSDT,bid,63300,514.777
2024-08-24 07:03:32,BTCUSDT,bid,63300,515.559
2024-08-24 07:03:33,BTCUSDT,bid,63300,516.341
2024-08-24 07:04:03,BTCUSDT,bid,63300,515.559
2024-08-24 07:04:03,BTCUSDT,bid,63300,514.777
2024-08-24 07:04:37,BTCUSDT,bid,62800,643.51
2024-08-24 07:04:46,BTCUSDT,bid,63300,515.25
2024-08-24 07:05:30,BTCUSDT,bid,63300,515.211
2024-08-24 07:05:31,BTCUSDT,bid,62800,643.351
2024-08-24 07:05:53,BTCUSDT,bid,62800,643.347
2024-08-24 07:05:53,BTCUSDT,bid,63300,515.209
2024-08-24 07:07:14,BTCUSDT,bid,62800,643.349
2024-08-24 07:07:23,BTCUSDT,bid,62800,643.425
2024-08-24 07:07:33,BTCUSDT,bid,63300,515.212
2024-08-24 07:07:35,BTCUSDT,bid,63300,515.217
2024-08-24 07:08:22,BTCUSDT,bid,63300,515.214
2024-08-24 07:08:27,BTCUSDT,bid,63300,515.297
2024-08-24 07:08:42,BTCUSDT,bid,62800,643.628
2024-08-24 07:09:35,BTCUSDT,bid,63300,515.308
2024-08-24 07:09:54,BTCUSDT,bid,62800,643.639
2024-08-24 07:10:12,BTCUSDT,bid,62800,643.643
2024-08-24 07:10:38,BTCUSDT,bid,62800,644.424
2024-08-24 07:10:49,BTCUSDT,bid,63300,515.306
2024-08-24 07:11:19,BTCUSDT,bid,63300,515.286
2024-08-24 07:11:46,BTCUSDT,bid,63300,515.402
2024-08-24 07:11:50,BTCUSDT,bid,62800,644.426
2024-08-24 07:12:04,BTCUSDT,bid,63300,515.444
2024-08-24 07:12:27,BTCUSDT,bid,63300,515.464
2024-08-24 07:12:42,BTCUSDT,bid,62800,644.424
2024-08-24 07:13:27,BTCUSDT,bid,63300,515.467
2024-08-24 07:13:33,BTCUSDT,bid,63300,515.469
2024-08-24 07:13:45,BTCUSDT,bid,63300,516.415
2024-08-24 07:13:53,BTCUSDT,bid,63300,516.413
2024-08-24 07:14:02,BTCUSDT,bid,62800,644.436
2024-08-24 07:14:06,BTCUSDT,bid,62800,644.683
2024-08-24 07:14:10,BTCUSDT,bid,62800,645.109
2024-08-24 07:14:16,BTCUSDT,bid,62800,645.309
2024-08-24 07:14:27,BTCUSDT,bid,62800,645.297
2024-08-24 07:15:05,BTCUSDT,bid,62800,645.197
2024-08-24 07:15:08,BTCUSDT,bid,63300,516.462
2024-08-24 07:15:15,BTCUSDT,bid,63300,515.516
2024-08-24 07:15:28,BTCUSDT,bid,62800,645.194
2024-08-24 07:15:42,BTCUSDT,bid,63300,515.548
2024-08-24 07:15:42,BTCUSDT,bid,63300,515.516
2024-08-24 07:15:45,BTCUSDT,bid,63300,515.476
2024-08-24 07:16:07,BTCUSDT,bid,47000,886.81
2024-08-24 07:16:30,BTCUSDT,bid,62800,645.216
2024-08-24 07:16:34,BTCUSDT,bid,63300,515.501
2024-08-24 07:16:56,BTCUSDT,bid,63300,515.489
2024-08-24 07:17:07,BTCUSDT,bid,62800,646.216
2024-08-24 07:18:04,BTCUSDT,bid,63300,515.44
2024-08-24 07:18:04,BTCUSDT,bid,63300,515.47
2024-08-24 07:19:27,BTCUSDT,bid,62800,646.206
2024-08-24 07:19:59,BTCUSDT,bid,63300,515.48
2024-08-24 07:20:06,BTCUSDT,bid,62800,646.241
2024-08-24 07:20:24,BTCUSDT,bid,47000,884.804
2024-08-24 07:20:32,BTCUSDT,bid,63300,515.479
2024-08-24 07:20:37,BTCUSDT,bid,62800,646.231
2024-08-24 07:20:37,BTCUSDT,bid,47000,885.828
2024-08-24 07:21:37,BTCUSDT,bid,63300,516.267
2024-08-24 07:21:42,BTCUSDT,bid,63300,516.242
2024-08-24 07:21:45,BTCUSDT,bid,63300,516.605
2024-08-24 07:21:46,BTCUSDT,bid,63300,517.235
2024-08-24 07:21:49,BTCUSDT,bid,62800,646.24
2024-08-24 07:21:57,BTCUSDT,bid,62800,646.25
2024-08-24 07:22:05,BTCUSDT,bid,62800,646.45
2024-08-24 07:22:07,BTCUSDT,bid,62800,646.25
2024-08-24 07:22:09,BTCUSDT,bid,63300,517.241
2024-08-24 07:23:22,BTCUSDT,bid,62800,646.235
2024-08-24 07:23:32,BTCUSDT,bid,62800,646.242
2024-08-24 07:23:50,BTCUSDT,bid,63300,516.453
2024-08-24 07:23:51,BTCUSDT,bid,63300,515.46
2024-08-24 07:23:57,BTCUSDT,bid,62800,646.254
2024-08-24 07:23:57,BTCUSDT,bid,63300,515.69
2024-08-24 07:24:02,BTCUSDT,bid,63300,515.574
2024-08-24 07:24:14,BTCUSDT,bid,63300,515.582
2024-08-24 07:24:28,BTCUSDT,bid,62800,646.26
2024-08-24 07:24:30,BTCUSDT,bid,62800,646.254
2024-08-24 07:24:45,BTCUSDT,bid,47000,885.773
2024-08-24 07:24:49,BTCUSDT,bid,63300,515.586
2024-08-24 07:24:58,BTCUSDT,bid,63300,515.356
2024-08-24 07:25:01,BTCUSDT,bid,62800,646.256
2024-08-24 07:25:33,BTCUSDT,bid,62800,646.415
2024-08-24 07:25:41,BTCUSDT,bid,63300,515.336
2024-08-24 07:25:55,BTCUSDT,bid,63300,515.414
2024-08-24 07:26:26,BTCUSDT,bid,63300,515.406
2024-08-24 07:26:33,BTCUSDT,bid,62800,646.359
2024-08-24 07:27:18,BTCUSDT,bid,62800,646.559
2024-08-24 07:27:20,BTCUSDT,bid,62800,646.359
2024-08-24 07:27:21,BTCUSDT,bid,62800,646.559
2024-08-24 07:27:23,BTCUSDT,bid,62800,646.359
2024-08-24 07:27:45,BTCUSDT,bid,63300,515.413
2024-08-24 07:28:16,BTCUSDT,bid,63300,515.386
2024-08-24 07:28:18,BTCUSDT,bid,63300,515.382
2024-08-24 07:28:24,BTCUSDT,bid,63300,515.34
2024-08-24 07:28:35,BTCUSDT,bid,63300,515.342
2024-08-24 07:28:42,BTCUSDT,bid,62800,646.374
2024-08-24 07:28:46,BTCUSDT,bid,63300,518.48
2024-08-24 07:28:48,BTCUSDT,bid,62800,646.376
2024-08-24 07:28:52,BTCUSDT,bid,63300,518.483
2024-08-24 07:29:21,BTCUSDT,bid,62800,646.975
2024-08-24 07:29:21,BTCUSDT,bid,63300,518.485
2024-08-24 07:29:23,BTCUSDT,bid,62800,647.13
2024-08-24 07:29:32,BTCUSDT,bid,62800,646.975
2024-08-24 07:29:41,BTCUSDT,bid,62800,646.376
2024-08-24 07:29:59,BTCUSDT,bid,62800,644.604
2024-08-24 07:30:27,BTCUSDT,bid,63300,518.455
2024-08-24 07:30:47,BTCUSDT,bid,62800,644.624
2024-08-24 07:31:13,BTCUSDT,bid,63300,519.455
2024-08-24 07:31:56,BTCUSDT,bid,62800,644.666
2024-08-24 07:32:17,BTCUSDT,bid,62800,644.686
2024-08-24 07:32:54,BTCUSDT,bid,63300,519.448
2024-08-24 07:33:10,BTCUSDT,bid,62800,644.645
2024-08-24 07:33:12,BTCUSDT,bid,63300,519.7
2024-08-24 07:33:19,BTCUSDT,bid,63300,519.747
2024-08-24 07:34:02,BTCUSDT,bid,62800,644.845
2024-08-24 07:34:17,BTCUSDT,bid,63300,520.247
2024-08-24 07:34:27,BTCUSDT,bid,62800,644.823
2024-08-24 07:34:29,BTCUSDT,bid,62800,644.623
2024-08-24 07:34:47,BTCUSDT,bid,62800,644.638
2024-08-24 07:34:50,BTCUSDT,bid,63300,520.249
2024-08-24 07:34:52,BTCUSDT,bid,63300,517.111
2024-08-24 07:34:59,BTCUSDT,bid,63300,517.311
2024-08-24 07:35:01,BTCUSDT,bid,62800,644.662
2024-08-24 07:35:08,BTCUSDT,bid,62800,643.881
2024-08-24 07:35:12,BTCUSDT,bid,62800,643.891
2024-08-24 07:35:25,BTCUSDT,bid,62800,643.893
2024-08-24 07:36:04,BTCUSDT,bid,62800,643.889
2024-08-24 07:36:18,BTCUSDT,bid,62800,643.813
2024-08-24 07:36:27,BTCUSDT,bid,63300,517.166
2024-08-24 07:37:12,BTCUSDT,bid,62800,643.823
2024-08-24 07:37:34,BTCUSDT,bid,63300,517.132
2024-08-24 07:37:43,BTCUSDT,bid,62800,643.873
2024-08-24 07:37:46,BTCUSDT,bid,63300,517.477
2024-08-24 07:37:50,BTCUSDT,bid,63300,517.5
2024-08-24 07:37:51,BTCUSDT,bid,62800,643.864
2024-08-24 07:38:12,BTCUSDT,bid,62800,644.064
2024-08-24 07:38:15,BTCUSDT,bid,62800,643.864
2024-08-24 07:38:17,BTCUSDT,bid,63300,517.65
2024-08-24 07:38:20,BTCUSDT,bid,62800,643.862
2024-08-24 07:38:37,BTCUSDT,bid,62800,644.062
2024-08-24 07:38:39,BTCUSDT,bid,62800,643.862
2024-08-24 07:38:55,BTCUSDT,bid,63300,517.655
2024-08-24 07:38:56,BTCUSDT,bid,62800,643.912
2024-08-24 07:40:03,BTCUSDT,bid,63300,517.678
2024-08-24 07:41:09,BTCUSDT,bid,62800,643.665
2024-08-24 07:41:55,BTCUSDT,bid,62800,643.673
2024-08-24 07:41:57,BTCUSDT,bid,63300,517.686
2024-08-24 07:42:36,BTCUSDT,bid,63300,517.764
2024-08-24 07:43:02,BTCUSDT,bid,62800,643.676
2024-08-24 07:43:02,BTCUSDT,bid,63300,517.767
2024-08-24 07:43:07,BTCUSDT,bid,62800,643.726
2024-08-24 07:43:26,BTCUSDT,bid,63300,517.774
2024-08-24 07:43:33,BTCUSDT,bid,63300,516.774
2024-08-24 07:43:55,BTCUSDT,bid,63300,517.274
2024-08-24 07:44:19,BTCUSDT,bid,63300,517.774
2024-08-24 07:44:26,BTCUSDT,bid,63300,518.979
2024-08-24 07:44:32,BTCUSDT,bid,63300,518.999
2024-08-24 07:44:40,BTCUSDT,bid,62800,643.826
2024-08-24 07:44:55,BTCUSDT,bid,63300,517.491
2024-08-24 07:45:13,BTCUSDT,bid,62800,644.026
2024-08-24 07:45:15,BTCUSDT,bid,62800,643.826
2024-08-24 07:45:24,BTCUSDT,bid,63300,518.491
2024-08-24 07:46:16,BTCUSDT,bid,62800,644.026
2024-08-24 07:46:19,BTCUSDT,bid,62800,643.826
2024-08-24 07:46:24,BTCUSDT,bid,62800,644.026
2024-08-24 07:46:26,BTCUSDT,bid,62800,643.826
2024-08-24 07:46:36,BTCUSDT,bid,62800,643.985
2024-08-24 07:46:43,BTCUSDT,bid,62800,643.987
2024-08-24 07:47:39,BTCUSDT,bid,63300,518.413
2024-08-24 07:48:14,BTCUSDT,bid,62800,643.977
2024-08-24 07:48:47,BTCUSDT,bid,62800,643.984
2024-08-24 07:49:05,BTCUSDT,bid,63300,518.411
2024-08-24 07:50:39,BTCUSDT,bid,63300,518.501
2024-08-24 07:50:51,BTCUSDT,bid,62800,644.774
2024-08-24 07:51:33,BTCUSDT,bid,62800,644.824
2024-08-24 07:51:37,BTCUSDT,bid,62800,644.839
2024-08-24 07:52:04,BTCUSDT,bid,62800,645.021
2024-08-24 07:52:15,BTCUSDT,bid,62800,644.231
2024-08-24 07:52:31,BTCUSDT,bid,63300,518.344
2024-08-24 07:52:46,BTCUSDT,bid,63300,518.346
2024-08-24 07:53:51,BTCUSDT,bid,63300,518.396
2024-08-24 07:54:19,BTCUSDT,bid,62800,644.278
2024-08-24 07:54:22,BTCUSDT,bid,63300,518.404
2024-08-24 07:54:53,BTCUSDT,bid,62800,644.373
2024-08-24 07:55:10,BTCUSDT,bid,62800,644.623
2024-08-24 07:55:59,BTCUSDT,bid,63300,518.467
2024-08-24 07:56:49,BTCUSDT,bid,63300,517.967
2024-08-24 07:56:54,BTCUSDT,bid,63300,517.959
2024-08-24 07:56:56,BTCUSDT,bid,63300,517.969
2024-08-24 07:57:13,BTCUSDT,bid,47000,885.769
2024-08-24 07:57:13,BTCUSDT,bid,63300,517.977
2024-08-24 07:57:15,BTCUSDT,bid,63300,517.979
2024-08-24 07:57:25,BTCUSDT,bid,63300,517.977
2024-08-24 07:57:59,BTCUSDT,bid,63300,517.777
2024-08-24 07:58:02,BTCUSDT,bid,62800,644.673
2024-08-24 07:58:18,BTCUSDT,bid,62800,644.514
2024-08-24 07:58:53,BTCUSDT,bid,63300,517.769
2024-08-24 07:58:55,BTCUSDT,bid,63300,517.784
2024-08-24 07:58:58,BTCUSDT,bid,62800,644.516
2024-08-24 07:59:01,BTCUSDT,bid,63300,517.809
2024-08-24 07:59:24,BTCUSDT,bid,62800,644.463
2024-08-24 07:59:45,BTCUSDT,bid,62800,644.478
2024-08-24 07:59:50,BTCUSDT,bid,62800,644.476
2024-08-24 07:59:51,BTCUSDT,bid,62800,644.493
2024-08-24 07:59:55,BTCUSDT,bid,63300,517.859
2024-08-24 08:00:30,BTCUSDT,bid,63300,517.869
2024-08-24 08:00:53,BTCUSDT,bid,63300,517.87
2024-08-24 08:01:11,BTCUSDT,bid,62800,646.417
2024-08-24 08:02:00,BTCUSDT,bid,63300,517.873
2024-08-24 08:02:07,BTCUSDT,bid,63300,517.87
2024-08-24 08:02:35,BTCUSDT,bid,63300,517.872
2024-08-24 08:02:58,BTCUSDT,bid,62800,646.419
2024-08-24 08:03:09,BTCUSDT,bid,63300,517.926
2024-08-24 08:03:20,BTCUSDT,bid,63300,518.185
2024-08-24 08:03:23,BTCUSDT,bid,63300,518.178
2024-08-24 08:04:47,BTCUSDT,bid,62800,646.434
2024-08-24 08:05:15,BTCUSDT,bid,63300,518.079
2024-08-24 08:05:35,BTCUSDT,bid,62800,646.426
2024-08-24 08:06:01,BTCUSDT,bid,63300,518.179
2024-08-24 08:06:04,BTCUSDT,bid,63300,518.079
2024-08-24 08:07:11,BTCUSDT,bid,62800,647.54
2024-08-24 08:07:40,BTCUSDT,bid,63300,518.072
2024-08-24 08:07:48,BTCUSDT,bid,62800,648.97
2024-08-24 08:08:12,BTCUSDT,bid,62800,648.98
2024-08-24 08:08:28,BTCUSDT,bid,63300,518.172
2024-08-24 08:08:30,BTCUSDT,bid,63300,518.072
2024-08-24 08:08:31,BTCUSDT,bid,63300,518.172
2024-08-24 08:08:34,BTCUSDT,bid,63300,518.072
2024-08-24 08:09:02,BTCUSDT,bid,63300,517.922
2024-08-24 08:09:20,BTCUSDT,bid,62800,649.436
2024-08-24 08:10:11,BTCUSDT,bid,62800,649.481
2024-08-24 08:10:17,BTCUSDT,bid,63300,518.02
2024-08-24 08:10:57,BTCUSDT,bid,62800,649.504
2024-08-24 08:11:01,BTCUSDT,bid,63300,518.018
2024-08-24 08:11:22,BTCUSDT,bid,62800,649.481
2024-08-24 08:11:22,BTCUSDT,bid,62800,649.551
2024-08-24 08:11:34,BTCUSDT,bid,62800,649.574
2024-08-24 08:13:20,BTCUSDT,bid,62800,652.574
2024-08-24 08:14:47,BTCUSDT,bid,62800,652.475
2024-08-24 08:14:55,BTCUSDT,bid,62800,652.498
2024-08-24 08:15:17,BTCUSDT,bid,62800,652.545
2024-08-24 08:15:29,BTCUSDT,bid,62800,652.624
2024-08-24 08:15:50,BTCUSDT,bid,63300,518.038
2024-08-24 08:16:05,BTCUSDT,bid,62800,652.609
2024-08-24 08:16:05,BTCUSDT,bid,63300,518.023
2024-08-24 08:16:45,BTCUSDT,bid,63300,518.123
2024-08-24 08:16:48,BTCUSDT,bid,63300,518.023
2024-08-24 08:16:49,BTCUSDT,bid,62800,652.619
2024-08-24 08:16:52,BTCUSDT,bid,63300,518.123
2024-08-24 08:16:55,BTCUSDT,bid,63300,518.023
2024-08-24 08:17:00,BTCUSDT,bid,62800,652.624
2024-08-24 08:17:25,BTCUSDT,bid,63300,518.123
2024-08-24 08:17:28,BTCUSDT,bid,63300,518.023
2024-08-24 08:17:28,BTCUSDT,bid,63300,518.123
2024-08-24 08:17:31,BTCUSDT,bid,63300,518.023
2024-08-24 08:17:31,BTCUSDT,bid,63300,518.123
2024-08-24 08:17:35,BTCUSDT,bid,63300,518.023
2024-08-24 08:17:42,BTCUSDT,bid,63300,518.123
2024-08-24 08:17:45,BTCUSDT,bid,63300,518.023
2024-08-24 08:17:46,BTCUSDT,bid,63300,518.123
2024-08-24 08:17:48,BTCUSDT,bid,62800,652.628
2024-08-24 08:17:49,BTCUSDT,bid,63300,518.023
2024-08-24 08:17:49,BTCUSDT,bid,63300,518.025
2024-08-24 08:17:50,BTCUSDT,bid,63300,518.125
2024-08-24 08:17:52,BTCUSDT,bid,63300,518.025
2024-08-24 08:17:53,BTCUSDT,bid,63300,518.125
2024-08-24 08:17:56,BTCUSDT,bid,63300,518.025
2024-08-24 08:17:56,BTCUSDT,bid,63300,518.125
2024-08-24 08:17:59,BTCUSDT,bid,63300,518.025
2024-08-24 08:18:00,BTCUSDT,bid,63300,518.125
2024-08-24 08:18:03,BTCUSDT,bid,63300,518.025
2024-08-24 08:18:04,BTCUSDT,bid,63300,518.125
2024-08-24 08:18:06,BTCUSDT,bid,63300,518.025
2024-08-24 08:18:07,BTCUSDT,bid,63300,518.125
2024-08-24 08:18:10,BTCUSDT,bid,63300,518.025
2024-08-24 08:18:37,BTCUSDT,bid,63300,516.933
2024-08-24 08:19:11,BTCUSDT,bid,62800,652.631
2024-08-24 08:19:11,BTCUSDT,bid,63300,516.936
2024-08-24 08:19:23,BTCUSDT,bid,63300,516.943
2024-08-24 08:19:27,BTCUSDT,bid,63300,516.923
2024-08-24 08:19:33,BTCUSDT,bid,63300,516.943
2024-08-24 08:19:38,BTCUSDT,bid,63300,516.923
2024-08-24 08:19:45,BTCUSDT,bid,63300,516.946
2024-08-24 08:19:46,BTCUSDT,bid,63300,516.993
2024-08-24 08:19:57,BTCUSDT,bid,62800,652.694
2024-08-24 08:19:59,BTCUSDT,bid,63300,516.895
2024-08-24 08:20:19,BTCUSDT,bid,62800,652.624
2024-08-24 08:20:30,BTCUSDT,bid,63300,516.902
2024-08-24 08:20:35,BTCUSDT,bid,63300,516.899
2024-08-24 08:20:50,BTCUSDT,bid,62800,652.658
2024-08-24 08:21:14,BTCUSDT,bid,62800,652.695
2024-08-24 08:21:40,BTCUSDT,bid,62800,652.705
2024-08-24 08:21:40,BTCUSDT,bid,63300,516.909
2024-08-24 08:21:43,BTCUSDT,bid,63300,516.986
2024-08-24 08:21:49,BTCUSDT,bid,62800,652.707
2024-08-24 08:21:55,BTCUSDT,bid,62800,652.697
2024-08-24 08:22:11,BTCUSDT,bid,62800,652.703
2024-08-24 08:22:18,BTCUSDT,bid,62800,653.482
2024-08-24 08:22:19,BTCUSDT,bid,62800,654.261
2024-08-24 08:22:22,BTCUSDT,bid,62800,655.04
2024-08-24 08:22:27,BTCUSDT,bid,62800,655.426
2024-08-24 08:22:27,BTCUSDT,bid,62800,655.506
2024-08-24 08:22:47,BTCUSDT,bid,62800,655.51
2024-08-24 08:22:49,BTCUSDT,bid,62800,655.124
2024-08-24 08:22:51,BTCUSDT,bid,63300,515.781
2024-08-24 08:22:51,BTCUSDT,bid,63300,515.786
2024-08-24 08:23:01,BTCUSDT,bid,62800,655.186
2024-08-24 08:23:19,BTCUSDT,bid,62800,654.407
2024-08-24 08:23:19,BTCUSDT,bid,62800,653.628
2024-08-24 08:23:22,BTCUSDT,bid,62800,652.849
2024-08-24 08:23:35,BTCUSDT,bid,63300,515.886
2024-08-24 08:23:49,BTCUSDT,bid,62800,650.925
2024-08-24 08:23:57,BTCUSDT,bid,63300,515.901
2024-08-24 08:24:04,BTCUSDT,bid,62800,650.845
2024-08-24 08:24:23,BTCUSDT,bid,63300,517.48
2024-08-24 08:24:26,BTCUSDT,bid,63300,517.608
2024-08-24 08:24:36,BTCUSDT,bid,63300,517.558
2024-08-24 08:25:00,BTCUSDT,bid,63300,517.306
2024-08-24 08:25:01,BTCUSDT,bid,63300,517.316
2024-08-24 08:25:03,BTCUSDT,bid,63300,517.318
2024-08-24 08:25:27,BTCUSDT,bid,62800,649.845
2024-08-24 08:25:33,BTCUSDT,bid,63300,517.338
2024-08-24 08:25:44,BTCUSDT,bid,63300,517.345
2024-08-24 08:26:12,BTCUSDT,bid,62800,649.849
2024-08-24 08:26:17,BTCUSDT,bid,62800,650.628
2024-08-24 08:26:25,BTCUSDT,bid,62800,650.672
2024-08-24 08:26:43,BTCUSDT,bid,63300,517.395
2024-08-24 08:26:47,BTCUSDT,bid,62800,649.893
2024-08-24 08:26:49,BTCUSDT,bid,62800,650.893
2024-08-24 08:27:34,BTCUSDT,bid,62800,650.96
2024-08-24 08:27:38,BTCUSDT,bid,63300,517.398
2024-08-24 08:27:48,BTCUSDT,bid,62800,651.161
2024-08-24 08:27:52,BTCUSDT,bid,63300,517.853
2024-08-24 08:27:54,BTCUSDT,bid,62800,651.111
2024-08-24 08:27:58,BTCUSDT,bid,62800,651.119
2024-08-24 08:28:19,BTCUSDT,bid,63300,518.353
2024-08-24 08:28:28,BTCUSDT,bid,62800,651.898
2024-08-24 08:28:30,BTCUSDT,bid,62800,652.677
2024-08-24 08:28:31,BTCUSDT,bid,62800,653.456
2024-08-24 08:28:34,BTCUSDT,bid,63300,517.853
2024-08-24 08:28:37,BTCUSDT,bid,63300,517.612
2024-08-24 08:28:45,BTCUSDT,bid,62800,654.235
2024-08-24 08:28:46,BTCUSDT,bid,62800,655.014
2024-08-24 08:28:47,BTCUSDT,bid,62800,655.793
2024-08-24 08:28:47,BTCUSDT,bid,62800,656.572
2024-08-24 08:28:50,BTCUSDT,bid,62800,657.351
2024-08-24 08:28:51,BTCUSDT,bid,62800,658.13
2024-08-24 08:28:52,BTCUSDT,bid,62800,658.909
2024-08-24 08:28:54,BTCUSDT,bid,62800,659.291
2024-08-24 08:28:59,BTCUSDT,bid,62800,658.512
2024-08-24 08:28:59,BTCUSDT,bid,62800,658.311
2024-08-24 08:29:00,BTCUSDT,bid,62800,657.532
2024-08-24 08:29:02,BTCUSDT,bid,62800,656.753
2024-08-24 08:29:16,BTCUSDT,bid,62800,655.974
2024-08-24 08:29:16,BTCUSDT,bid,62800,655.195
2024-08-24 08:29:17,BTCUSDT,bid,62800,654.416
2024-08-24 08:29:17,BTCUSDT,bid,62800,653.637
2024-08-24 08:29:20,BTCUSDT,bid,62800,652.858
2024-08-24 08:29:21,BTCUSDT,bid,62800,652.079
2024-08-24 08:29:23,BTCUSDT,bid,62800,651.3
2024-08-24 08:29:40,BTCUSDT,bid,62800,651.305
2024-08-24 08:29:53,BTCUSDT,bid,63300,518.112
2024-08-24 08:29:53,BTCUSDT,bid,62800,651.309
2024-08-24 08:30:00,BTCUSDT,bid,63300,517.639
2024-08-24 08:30:02,BTCUSDT,bid,63300,517.459
2024-08-24 08:30:03,BTCUSDT,bid,63300,517.659
2024-08-24 08:30:08,BTCUSDT,bid,63300,517.662
2024-08-24 08:30:09,BTCUSDT,bid,62800,651.34
2024-08-24 08:30:13,BTCUSDT,bid,63300,517.681
2024-08-24 08:30:24,BTCUSDT,bid,62800,651.344
2024-08-24 08:30:29,BTCUSDT,bid,62800,651.34
2024-08-24 08:30:34,BTCUSDT,bid,62800,651.172
2024-08-24 08:30:36,BTCUSDT,bid,62800,650.79
2024-08-24 08:30:40,BTCUSDT,bid,62800,651.34
2024-08-24 08:30:41,BTCUSDT,bid,63300,518.154
2024-08-24 08:31:52,BTCUSDT,bid,63300,518.415
2024-08-24 08:31:52,BTCUSDT,bid,62800,651.387
2024-08-24 08:31:54,BTCUSDT,bid,63300,518.258
2024-08-24 08:32:19,BTCUSDT,bid,62800,651.392
2024-08-24 08:32:29,BTCUSDT,bid,62800,651.388
2024-08-24 08:32:37,BTCUSDT,bid,63300,518.586
2024-08-24 08:32:52,BTCUSDT,bid,63300,518.686
2024-08-24 08:33:00,BTCUSDT,bid,63300,518.358
2024-08-24 08:33:25,BTCUSDT,bid,62800,651.551
2024-08-24 08:33:34,BTCUSDT,bid,62800,652.051
2024-08-24 08:34:09,BTCUSDT,bid,63300,518.338
2024-08-24 08:34:10,BTCUSDT,bid,63300,518.138
2024-08-24 08:34:30,BTCUSDT,bid,63300,518.213
2024-08-24 08:35:01,BTCUSDT,bid,63300,518.215
2024-08-24 08:35:14,BTCUSDT,bid,63300,518.315
2024-08-24 08:35:37,BTCUSDT,bid,63300,518.33
2024-08-24 08:35:41,BTCUSDT,bid,63300,518.185
2024-08-24 08:36:02,BTCUSDT,bid,62800,651.927
2024-08-24 08:36:15,BTCUSDT,bid,62800,651.482
2024-08-24 08:36:52,BTCUSDT,bid,62800,651.478
2024-08-24 08:37:22,BTCUSDT,bid,62800,651.459
2024-08-24 08:37:23,BTCUSDT,bid,63300,518.217
2024-08-24 08:37:32,BTCUSDT,bid,63300,518.232
2024-08-24 08:37:44,BTCUSDT,bid,62800,651.471
2024-08-24 08:37:53,BTCUSDT,bid,62800,651.519
2024-08-24 08:37:56,BTCUSDT,bid,63300,517.732
2024-08-24 08:38:09,BTCUSDT,bid,62800,651.512
2024-08-24 08:38:10,BTCUSDT,bid,63300,517.747
2024-08-24 08:38:17,BTCUSDT,bid,63300,518.247
2024-08-24 08:38:20,BTCUSDT,bid,62800,651.561
2024-08-24 08:38:21,BTCUSDT,bid,63300,518.232
2024-08-24 08:38:27,BTCUSDT,bid,63300,518.182
2024-08-24 08:38:41,BTCUSDT,bid,63300,518.26
2024-08-24 08:38:59,BTCUSDT,bid,63300,518.25
2024-08-24 08:39:29,BTCUSDT,bid,63300,518.287
2024-08-24 08:39:30,BTCUSDT,bid,62800,651.641
2024-08-24 08:39:55,BTCUSDT,bid,63300,518.29
2024-08-24 08:40:10,BTCUSDT,bid,62800,651.722
2024-08-24 08:40:14,BTCUSDT,bid,63300,518.377
2024-08-24 08:40:16,BTCUSDT,bid,62800,651.726
2024-08-24 08:40:22,BTCUSDT,bid,62800,656.726
2024-08-24 08:40:24,BTCUSDT,bid,63300,518.577
2024-08-24 08:40:28,BTCUSDT,bid,62800,656.885
2024-08-24 08:40:30,BTCUSDT,bid,63300,518.567
2024-08-24 08:40:41,BTCUSDT,bid,62800,656.895
2024-08-24 08:40:42,BTCUSDT,bid,62800,651.895
2024-08-24 08:40:58,BTCUSDT,bid,62800,654.895
2024-08-24 08:41:00,BTCUSDT,bid,62800,654.831
2024-08-24 08:41:04,BTCUSDT,bid,63300,518.222
2024-08-24 08:41:19,BTCUSDT,bid,62800,654.835
2024-08-24 08:41:20,BTCUSDT,bid,62800,654.754
2024-08-24 08:41:26,BTCUSDT,bid,63300,518.226
2024-08-24 08:41:27,BTCUSDT,bid,47000,885.755
2024-08-24 08:42:14,BTCUSDT,bid,62800,654.748
2024-08-24 08:42:16,BTCUSDT,bid,63300,518.62
2024-08-24 08:42:56,BTCUSDT,bid,62800,654.681
2024-08-24 08:42:57,BTCUSDT,bid,62800,654.666
2024-08-24 08:43:38,BTCUSDT,bid,62800,654.24
2024-08-24 08:43:44,BTCUSDT,bid,62800,654.44
2024-08-24 08:43:48,BTCUSDT,bid,62800,654.442
2024-08-24 08:43:51,BTCUSDT,bid,62800,654.444
2024-08-24 08:43:53,BTCUSDT,bid,62800,654.744
2024-08-24 08:43:54,BTCUSDT,bid,62800,654.775
2024-08-24 08:43:56,BTCUSDT,bid,62800,654.777
2024-08-24 08:44:00,BTCUSDT,bid,62800,654.779
2024-08-24 08:44:01,BTCUSDT,bid,63300,518.627
2024-08-24 08:44:03,BTCUSDT,bid,62800,654.781
2024-08-24 08:44:03,BTCUSDT,bid,62800,654.823
2024-08-24 08:44:05,BTCUSDT,bid,62800,654.825
2024-08-24 08:44:05,BTCUSDT,bid,62800,654.827
2024-08-24 08:44:08,BTCUSDT,bid,62800,654.829
2024-08-24 08:44:10,BTCUSDT,bid,62800,654.831
2024-08-24 08:44:10,BTCUSDT,bid,62800,654.631
2024-08-24 08:44:11,BTCUSDT,bid,62800,654.633
2024-08-24 08:44:16,BTCUSDT,bid,62800,654.635
2024-08-24 08:44:17,BTCUSDT,bid,62800,654.657
2024-08-24 08:44:18,BTCUSDT,bid,62800,654.659
2024-08-24 08:44:19,BTCUSDT,bid,62800,654.661
2024-08-24 08:44:22,BTCUSDT,bid,62800,654.663
2024-08-24 08:44:23,BTCUSDT,bid,62800,654.665
2024-08-24 08:44:27,BTCUSDT,bid,62800,654.667
2024-08-24 08:44:44,BTCUSDT,bid,62800,654.669
2024-08-24 08:44:47,BTCUSDT,bid,62800,654.671
2024-08-24 08:44:51,BTCUSDT,bid,62800,654.673
2024-08-24 08:44:55,BTCUSDT,bid,62800,654.671
2024-08-24 08:44:57,BTCUSDT,bid,63300,518.666
2024-08-24 08:44:58,BTCUSDT,bid,63300,518.669
2024-08-24 08:45:02,BTCUSDT,bid,62800,654.669
2024-08-24 08:45:05,BTCUSDT,bid,62800,651.669
2024-08-24 08:45:19,BTCUSDT,bid,62800,651.667
2024-08-24 08:45:21,BTCUSDT,bid,63300,518.747
2024-08-24 08:45:22,BTCUSDT,bid,62800,651.671
2024-08-24 08:45:32,BTCUSDT,bid,63300,518.685
2024-08-24 08:45:32,BTCUSDT,bid,62800,651.692
2024-08-24 08:45:32,BTCUSDT,bid,63300,518.985
2024-08-24 08:46:03,BTCUSDT,bid,62800,651.764
2024-08-24 08:46:14,BTCUSDT,bid,62800,651.722
2024-08-24 08:46:21,BTCUSDT,bid,63300,519.005
2024-08-24 08:46:26,BTCUSDT,bid,63300,518.985
2024-08-24 08:46:33,BTCUSDT,bid,63300,518.988
2024-08-24 08:46:54,BTCUSDT,bid,62800,651.747
2024-08-24 08:47:06,BTCUSDT,bid,63300,519.013
2024-08-24 08:47:14,BTCUSDT,bid,62800,651.897
2024-08-24 08:47:26,BTCUSDT,bid,62800,651.9
2024-08-24 08:47:39,BTCUSDT,bid,63300,520.013
2024-08-24 08:47:49,BTCUSDT,bid,62800,651.906
2024-08-24 08:48:19,BTCUSDT,bid,62800,652.406
2024-08-24 08:48:59,BTCUSDT,bid,62800,652.422
2024-08-24 08:49:12,BTCUSDT,bid,63300,520.033
2024-08-24 08:49:32,BTCUSDT,bid,63300,520.018
2024-08-24 08:49:46,BTCUSDT,bid,62800,652.411
2024-08-24 08:49:49,BTCUSDT,bid,63300,520.028
2024-08-24 08:50:14,BTCUSDT,bid,63300,519.989
2024-08-24 08:50:17,BTCUSDT,bid,63300,519.911
2024-08-24 08:50:21,BTCUSDT,bid,63300,519.926
2024-08-24 08:50:34,BTCUSDT,bid,63300,519.923
2024-08-24 08:50:36,BTCUSDT,bid,62800,652.404
2024-08-24 08:50:46,BTCUSDT,bid,63300,519.916
2024-08-24 08:50:46,BTCUSDT,bid,62800,652.414
2024-08-24 08:50:48,BTCUSDT,bid,63300,519.914
2024-08-24 08:50:51,BTCUSDT,bid,62800,652.424
2024-08-24 08:50:53,BTCUSDT,bid,63300,519.98
2024-08-24 08:51:00,BTCUSDT,bid,62800,652.443
2024-08-24 08:51:03,BTCUSDT,bid,62800,652.293
2024-08-24 08:51:07,BTCUSDT,bid,63300,519.987
2024-08-24 08:51:20,BTCUSDT,bid,63300,519.941
2024-08-24 08:51:22,BTCUSDT,bid,63300,519.921
2024-08-24 08:51:22,BTCUSDT,bid,63300,519.855
2024-08-24 08:51:24,BTCUSDT,bid,62800,652.043
2024-08-24 08:51:30,BTCUSDT,bid,63300,519.921
2024-08-24 08:51:42,BTCUSDT,bid,47100,800.012
2024-08-24 08:51:51,BTCUSDT,bid,62800,651.743
2024-08-24 08:52:05,BTCUSDT,bid,62800,651.693
2024-08-24 08:52:47,BTCUSDT,bid,63300,520.421
2024-08-24 08:53:40,BTCUSDT,bid,63300,520.443
2024-08-24 08:54:21,BTCUSDT,bid,62800,651.49
2024-08-24 08:54:23,BTCUSDT,bid,62800,651.511
2024-08-24 08:54:29,BTCUSDT,bid,63300,520.758
2024-08-24 08:54:38,BTCUSDT,bid,63300,520.727
2024-08-24 08:55:03,BTCUSDT,bid,62800,651.416
2024-08-24 08:55:15,BTCUSDT,bid,63300,520.661
2024-08-24 08:55:24,BTCUSDT,bid,62800,651.414
2024-08-24 08:55:29,BTCUSDT,bid,63300,520.629
2024-08-24 08:55:55,BTCUSDT,bid,62800,651.419
2024-08-24 08:56:36,BTCUSDT,bid,63300,520.827
2024-08-24 08:56:59,BTCUSDT,bid,62800,651.356
2024-08-24 08:57:00,BTCUSDT,bid,63300,520.78
2024-08-24 08:57:01,BTCUSDT,bid,62800,656.356
2024-08-24 08:57:24,BTCUSDT,bid,62800,656.556
2024-08-24 08:57:24,BTCUSDT,bid,62800,656.356
2024-08-24 08:57:43,BTCUSDT,bid,62800,656.656
2024-08-24 08:57:57,BTCUSDT,bid,62800,656.584
2024-08-24 08:58:17,BTCUSDT,bid,62800,656.658
2024-08-24 08:58:44,BTCUSDT,bid,62800,657.158
2024-08-24 08:58:57,BTCUSDT,bid,63300,520.793
2024-08-24 08:59:10,BTCUSDT,bid,62800,656.858
2024-08-24 08:59:30,BTCUSDT,bid,63300,520.715
2024-08-24 08:59:57,BTCUSDT,bid,62800,666.159
2024-08-24 09:00:32,BTCUSDT,bid,62800,666.149
2024-08-24 09:00:52,BTCUSDT,bid,63300,520.71
2024-08-24 09:01:01,BTCUSDT,bid,62800,666.171
2024-08-24 09:01:52,BTCUSDT,bid,62800,666.173
2024-08-24 09:01:52,BTCUSDT,bid,63300,520.712
2024-08-24 09:02:01,BTCUSDT,bid,62800,666.178
2024-08-24 09:03:04,BTCUSDT,bid,63300,520.715
2024-08-24 09:03:23,BTCUSDT,bid,62800,666.104
2024-08-24 09:03:35,BTCUSDT,bid,63300,520.745
2024-08-24 09:03:40,BTCUSDT,bid,63300,520.778
2024-08-24 09:04:07,BTCUSDT,bid,63300,520.878
2024-08-24 09:04:09,BTCUSDT,bid,63300,520.778
2024-08-24 09:04:13,BTCUSDT,bid,63300,520.878
2024-08-24 09:04:16,BTCUSDT,bid,63300,520.778
2024-08-24 09:04:23,BTCUSDT,bid,62800,666.141
2024-08-24 09:04:27,BTCUSDT,bid,62800,666.22
2024-08-24 09:05:42,BTCUSDT,bid,63300,520.771
2024-08-24 09:05:43,BTCUSDT,bid,63300,520.871
2024-08-24 09:05:45,BTCUSDT,bid,62800,666.222
2024-08-24 09:05:46,BTCUSDT,bid,63300,520.771
2024-08-24 09:05:49,BTCUSDT,bid,62800,665.972
2024-08-24 09:06:21,BTCUSDT,bid,62800,660.972
2024-08-24 09:06:40,BTCUSDT,bid,63300,520.871
2024-08-24 09:06:43,BTCUSDT,bid,63300,520.771
2024-08-24 09:06:43,BTCUSDT,bid,63300,520.871
2024-08-24 09:06:46,BTCUSDT,bid,63300,520.771
2024-08-24 09:06:59,BTCUSDT,bid,62800,660.983
2024-08-24 09:07:09,BTCUSDT,bid,62800,660.801
2024-08-24 09:07:32,BTCUSDT,bid,63300,520.773
2024-08-24 09:07:37,BTCUSDT,bid,62800,660.809
2024-08-24 09:08:16,BTCUSDT,bid,62800,660.772
2024-08-24 09:08:44,BTCUSDT,bid,63300,520.766
2024-08-24 09:09:08,BTCUSDT,bid,62800,661.304
2024-08-24 09:09:10,BTCUSDT,bid,62800,661.335
2024-08-24 09:09:25,BTCUSDT,bid,62800,661.342
2024-08-24 09:09:47,BTCUSDT,bid,63300,520.844
2024-08-24 09:10:50,BTCUSDT,bid,63300,520.944
2024-08-24 09:10:53,BTCUSDT,bid,63300,520.844
2024-08-24 09:11:46,BTCUSDT,bid,62800,662.138
2024-08-24 09:12:02,BTCUSDT,bid,63300,520.702
2024-08-24 09:12:05,BTCUSDT,bid,62800,662.153
2024-08-24 09:12:21,BTCUSDT,bid,63300,520.652
2024-08-24 09:12:23,BTCUSDT,bid,62800,662.143
2024-08-24 09:12:41,BTCUSDT,bid,62800,662.15
2024-08-24 09:13:08,BTCUSDT,bid,63300,520.352
2024-08-24 09:14:00,BTCUSDT,bid,62800,662.153
2024-08-24 09:14:45,BTCUSDT,bid,62800,663.971
2024-08-24 09:14:54,BTCUSDT,bid,63300,520.359
2024-08-24 09:15:04,BTCUSDT,bid,62800,663.978
2024-08-24 09:15:28,BTCUSDT,bid,63300,520.419
2024-08-24 09:15:30,BTCUSDT,bid,63300,520.359
2024-08-24 09:16:42,BTCUSDT,bid,62800,663.899
2024-08-24 09:16:44,BTCUSDT,bid,63300,520.437
2024-08-24 09:18:00,BTCUSDT,bid,62800,662.469
2024-08-24 09:19:28,BTCUSDT,bid,63300,520.604
2024-08-24 09:20:11,BTCUSDT,bid,62800,673.395
2024-08-24 09:20:15,BTCUSDT,bid,62800,673.402
2024-08-24 09:20:25,BTCUSDT,bid,62800,673.363
2024-08-24 09:20:34,BTCUSDT,bid,63300,520.601
2024-08-24 09:21:32,BTCUSDT,bid,63300,520.61
2024-08-24 09:21:40,BTCUSDT,bid,62800,673.563
2024-08-24 09:22:25,BTCUSDT,bid,62800,673.544
2024-08-24 09:22:37,BTCUSDT,bid,62800,673.496
2024-08-24 09:22:39,BTCUSDT,bid,62800,673.475
2024-08-24 09:23:41,BTCUSDT,bid,62800,674.693
2024-08-24 09:24:25,BTCUSDT,bid,62800,674.676
2024-08-24 09:24:33,BTCUSDT,bid,63300,520.51
2024-08-24 09:25:06,BTCUSDT,bid,62800,674.672
2024-08-24 09:26:10,BTCUSDT,bid,63300,520.432
2024-08-24 09:26:52,BTCUSDT,bid,63300,520.532
2024-08-24 09:26:55,BTCUSDT,bid,63300,520.432
2024-08-24 09:26:56,BTCUSDT,bid,63300,520.532
2024-08-24 09:26:58,BTCUSDT,bid,63300,520.608
2024-08-24 09:26:59,BTCUSDT,bid,63300,520.508
2024-08-24 09:27:00,BTCUSDT,bid,63300,520.608
2024-08-24 09:27:03,BTCUSDT,bid,63300,520.508
2024-08-24 09:27:04,BTCUSDT,bid,63300,520.608
2024-08-24 09:27:06,BTCUSDT,bid,63300,520.508
2024-08-24 09:27:14,BTCUSDT,bid,62800,674.657
2024-08-24 09:27:26,BTCUSDT,bid,63300,520.542
2024-08-24 09:27:35,BTCUSDT,bid,63300,520.544
2024-08-24 09:27:51,BTCUSDT,bid,62800,674.723
2024-08-24 09:28:06,BTCUSDT,bid,63300,520.535
2024-08-24 09:28:40,BTCUSDT,bid,62800,674.643
2024-08-24 09:28:44,BTCUSDT,bid,62800,674.655
2024-08-24 09:29:10,BTCUSDT,bid,62800,674.643
2024-08-24 09:29:10,BTCUSDT,bid,63300,520.635
2024-08-24 09:29:11,BTCUSDT,bid,62800,674.651
2024-08-24 09:29:22,BTCUSDT,bid,62800,674.643
2024-08-24 09:29:33,BTCUSDT,bid,62800,674.657
2024-08-24 09:29:33,BTCUSDT,bid,62800,674.643
2024-08-24 09:29:33,BTCUSDT,bid,62800,674.643
2024-08-24 09:29:42,BTCUSDT,bid,62800,674.861
2024-08-24 09:29:45,BTCUSDT,bid,63300,520.735
2024-08-24 09:30:13,BTCUSDT,bid,62800,674.643
2024-08-24 09:30:19,BTCUSDT,bid,63300,520.659
2024-08-24 09:30:38,BTCUSDT,bid,62800,674.596
2024-08-24 09:30:54,BTCUSDT,bid,62800,663.67
2024-08-24 09:31:08,BTCUSDT,bid,62800,663.77
2024-08-24 09:31:50,BTCUSDT,bid,63300,520.974
2024-08-24 09:33:02,BTCUSDT,bid,62800,663.711
2024-08-24 09:33:04,BTCUSDT,bid,63300,521.074
2024-08-24 09:33:07,BTCUSDT,bid,63300,520.974
2024-08-24 09:33:18,BTCUSDT,bid,63300,520.951
2024-08-24 09:33:18,BTCUSDT,bid,63300,521.051
2024-08-24 09:33:21,BTCUSDT,bid,63300,520.951
2024-08-24 09:33:30,BTCUSDT,bid,62800,663.721
2024-08-24 09:33:36,BTCUSDT,bid,62800,663.682
2024-08-24 09:33:57,BTCUSDT,bid,63300,521.051
2024-08-24 09:34:00,BTCUSDT,bid,63300,520.951
2024-08-24 09:34:15,BTCUSDT,bid,63300,521.051
2024-08-24 09:34:18,BTCUSDT,bid,63300,520.951
2024-08-24 09:34:47,BTCUSDT,bid,62800,663.68
2024-08-24 09:34:47,BTCUSDT,bid,63300,520.949
2024-08-24 09:35:04,BTCUSDT,bid,62800,663.701
2024-08-24 09:35:09,BTCUSDT,bid,63300,521.025
2024-08-24 09:35:25,BTCUSDT,bid,62800,663.709
2024-08-24 09:36:50,BTCUSDT,bid,62800,663.717
2024-08-24 09:36:51,BTCUSDT,bid,63300,521.071
2024-08-24 09:37:01,BTCUSDT,bid,62800,663.709
2024-08-24 09:37:30,BTCUSDT,bid,62800,663.712
2024-08-24 09:37:30,BTCUSDT,bid,63300,521.074
2024-08-24 09:37:37,BTCUSDT,bid,62800,663.952
2024-08-24 09:38:00,BTCUSDT,bid,62800,663.999
2024-08-24 09:38:28,BTCUSDT,bid,62800,663.759
2024-08-24 09:38:29,BTCUSDT,bid,62800,663.829
2024-08-24 09:38:47,BTCUSDT,bid,62800,663.759
2024-08-24 09:38:48,BTCUSDT,bid,63300,521.051
2024-08-24 09:39:14,BTCUSDT,bid,62800,663.798
2024-08-24 09:39:20,BTCUSDT,bid,63300,521.067
2024-08-24 09:39:21,BTCUSDT,bid,62800,663.759
2024-08-24 09:41:34,BTCUSDT,bid,47000,885.083
2024-08-24 07:00:13,BTCUSD_PERP,bid,63500,565.72
2024-08-24 07:00:13,BTCUSD_PERP,bid,63500,502.81
2024-08-24 07:00:24,BTCUSD_PERP,bid,63500,501.48
2024-08-24 07:02:29,BTCUSD_PERP,bid,63500,627.16
2024-08-24 07:02:29,BTCUSD_PERP,bid,63500,690.07
2024-08-24 07:03:40,BTCUSD_PERP,bid,63500,627.79
2024-08-24 07:03:40,BTCUSD_PERP,bid,63500,564.88
2024-08-24 07:03:40,BTCUSD_PERP,bid,63500,501.97
2024-08-24 07:03:41,BTCUSD_PERP,bid,63500,501.04
2024-08-24 07:03:41,BTCUSD_PERP,bid,63500,626.94
2024-08-24 07:03:41,BTCUSD_PERP,bid,63500,815.15
2024-08-24 07:03:41,BTCUSD_PERP,bid,63500,878.1
2024-08-24 07:03:41,BTCUSD_PERP,bid,63500,940.95
2024-08-24 07:03:42,BTCUSD_PERP,bid,63500,1003.26
2024-08-24 07:03:42,BTCUSD_PERP,bid,63500,1065.57
2024-08-24 07:05:13,BTCUSD_PERP,bid,63500,1065.57
2024-08-24 07:05:22,BTCUSD_PERP,bid,63500,813.87
2024-08-24 07:05:23,BTCUSD_PERP,bid,63500,751.56
2024-08-24 07:05:23,BTCUSD_PERP,bid,63500,626.3
2024-08-24 07:05:23,BTCUSD_PERP,bid,63500,501.04
2024-08-24 07:05:23,BTCUSD_PERP,bid,63600,564.8
2024-08-24 07:05:24,BTCUSD_PERP,bid,63600,627.14
2024-08-24 07:05:24,BTCUSD_PERP,bid,63600,690.12
2024-08-24 07:05:41,BTCUSD_PERP,bid,63600,627.14
2024-08-24 07:05:42,BTCUSD_PERP,bid,63600,501.92
2024-08-24 07:05:42,BTCUSD_PERP,bid,63600,502.78
2024-08-24 07:05:42,BTCUSD_PERP,bid,63600,628.18
2024-08-24 07:05:43,BTCUSD_PERP,bid,63600,691.2
2024-08-24 07:05:43,BTCUSD_PERP,bid,63600,753.58
2024-08-24 07:06:39,BTCUSD_PERP,bid,63600,627.34
2024-08-24 07:06:39,BTCUSD_PERP,bid,63600,690.33
2024-08-24 07:07:33,BTCUSD_PERP,ask,64800,508.03
2024-08-24 07:07:33,BTCUSD_PERP,ask,64800,518.39
2024-08-24 07:08:11,BTCUSD_PERP,bid,63400,486.51
2024-08-24 07:08:11,BTCUSD_PERP,bid,63500,1065.06
2024-08-24 07:08:11,BTCUSD_PERP,bid,63400,549.32
2024-08-24 07:08:11,BTCUSD_PERP,bid,63500,1127.98
2024-08-24 07:08:20,BTCUSD_PERP,ask,64700,476.45
2024-08-24 07:09:07,BTCUSD_PERP,ask,64700,470.04
2024-08-24 07:10:20,BTCUSD_PERP,bid,63500,814.14
2024-08-24 07:10:20,BTCUSD_PERP,bid,63500,1127.26
2024-08-24 07:10:20,BTCUSD_PERP,bid,63400,501.86
2024-08-24 07:10:20,BTCUSD_PERP,bid,63500,1190.14
2024-08-24 07:10:39,BTCUSD_PERP,bid,63500,1065.66
2024-08-24 07:10:39,BTCUSD_PERP,bid,63400,750.83
2024-08-24 07:10:39,BTCUSD_PERP,bid,63400,939.35
2024-08-24 07:10:39,BTCUSD_PERP,bid,63400,501.09
2024-08-24 07:10:39,BTCUSD_PERP,bid,63400,1002.19
2024-08-24 07:10:53,BTCUSD_PERP,ask,64700,467.69
2024-08-24 07:12:47,BTCUSD_PERP,bid,63400,1002.82
2024-08-24 07:12:54,BTCUSD_PERP,bid,63400,939.98
2024-08-24 07:12:54,BTCUSD_PERP,bid,63400,500.59
2024-08-24 07:12:55,BTCUSD_PERP,bid,63300,506.8
2024-08-24 07:12:55,BTCUSD_PERP,bid,63400,1001.08
2024-08-24 07:12:55,BTCUSD_PERP,bid,63300,569.5
2024-08-24 07:13:20,BTCUSD_PERP,bid,63300,563.58
2024-08-24 07:15:03,BTCUSD_PERP,bid,63400,938.27
2024-08-24 07:15:03,BTCUSD_PERP,bid,63400,875.46
2024-08-24 07:15:03,BTCUSD_PERP,bid,63300,501.46
2024-08-24 07:15:03,BTCUSD_PERP,bid,63400,750.47
2024-08-24 07:15:03,BTCUSD_PERP,bid,63400,562.67
2024-08-24 07:15:04,BTCUSD_PERP,bid,63400,500.49
2024-08-24 07:15:04,BTCUSD_PERP,bid,63400,500.24
2024-08-24 07:15:04,BTCUSD_PERP,bid,63400,562.45
2024-08-24 07:15:56,BTCUSD_PERP,bid,63400,500.24
2024-08-24 07:15:57,BTCUSD_PERP,bid,63400,500.49
2024-08-24 07:15:57,BTCUSD_PERP,bid,63400,563.3
2024-08-24 07:15:57,BTCUSD_PERP,bid,63400,750.47
2024-08-24 07:16:10,BTCUSD_PERP,bid,63400,574.23
2024-08-24 07:17:00,BTCUSD_PERP,bid,63400,511.46
2024-08-24 07:17:30,BTCUSD_PERP,bid,63400,500.96
2024-08-24 07:17:30,BTCUSD_PERP,bid,63400,563.72
2024-08-24 07:17:31,BTCUSD_PERP,bid,63400,626.58
2024-08-24 07:18:54,BTCUSD_PERP,bid,63400,814.76
2024-08-24 07:19:53,BTCUSD_PERP,bid,63400,563.43
2024-08-24 07:19:53,BTCUSD_PERP,bid,63400,626.25
2024-08-24 07:19:53,BTCUSD_PERP,bid,63400,751.26
2024-08-24 07:19:55,BTCUSD_PERP,bid,63400,751.31
2024-08-24 07:20:03,BTCUSD_PERP,ask,64900,539.59
2024-08-24 07:20:13,BTCUSD_PERP,bid,63400,689.13
2024-08-24 07:20:14,BTCUSD_PERP,bid,63400,626.31
2024-08-24 07:20:14,BTCUSD_PERP,bid,47000,2444.54
2024-08-24 07:20:14,BTCUSD_PERP,bid,63400,501.59
2024-08-24 07:23:48,BTCUSD_PERP,ask,64600,495.41
2024-08-24 07:23:50,BTCUSD_PERP,ask,64600,501.86
2024-08-24 07:23:51,BTCUSD_PERP,bid,63300,498.88
2024-08-24 07:24:43,BTCUSD_PERP,ask,64600,491.85
2024-08-24 07:24:44,BTCUSD_PERP,ask,64600,481.52
2024-08-24 07:24:46,BTCUSD_PERP,ask,64600,471.19
2024-08-24 07:25:42,BTCUSD_PERP,bid,63300,498.61
2024-08-24 07:31:48,BTCUSD_PERP,ask,64600,474.45
2024-08-24 07:31:50,BTCUSD_PERP,ask,64600,484.77
2024-08-24 07:32:32,BTCUSD_PERP,ask,64500,468.36
2024-08-24 07:32:34,BTCUSD_PERP,ask,64500,478.67
2024-08-24 07:33:33,BTCUSD_PERP,ask,64500,468.35
2024-08-24 07:34:49,BTCUSD_PERP,ask,64600,468.34
2024-08-24 07:34:50,BTCUSD_PERP,ask,64600,478.34
2024-08-24 07:34:51,BTCUSD_PERP,ask,64600,488.66
2024-08-24 07:34:52,BTCUSD_PERP,ask,64600,495.11
2024-08-24 07:34:54,BTCUSD_PERP,ask,64600,501.56
2024-08-24 07:35:06,BTCUSD_PERP,bid,63300,500.03
2024-08-24 07:35:06,BTCUSD_PERP,bid,63300,562.77
2024-08-24 07:35:06,BTCUSD_PERP,bid,63300,500.9
2024-08-24 07:37:09,BTCUSD_PERP,bid,63300,500.03
2024-08-24 07:37:41,BTCUSD_PERP,ask,64600,475.0
2024-08-24 07:37:43,BTCUSD_PERP,ask,64600,481.45
2024-08-24 07:38:20,BTCUSD_PERP,ask,64600,468.83
2024-08-24 07:38:21,BTCUSD_PERP,ask,64600,475.29
2024-08-24 07:38:30,BTCUSD_PERP,bid,63400,501.67
2024-08-24 07:39:20,BTCUSD_PERP,ask,64600,464.96
2024-08-24 07:41:00,BTCUSD_PERP,bid,63500,501.68
2024-08-24 07:41:31,BTCUSD_PERP,bid,63500,511.33
2024-08-24 07:42:24,BTCUSD_PERP,bid,63400,500.78
2024-08-24 07:42:24,BTCUSD_PERP,bid,63400,563.63
2024-08-24 07:43:20,BTCUSD_PERP,ask,64700,476.11
2024-08-24 07:43:22,BTCUSD_PERP,ask,64700,486.45
2024-08-24 07:43:23,BTCUSD_PERP,ask,64700,503.24
2024-08-24 07:43:26,BTCUSD_PERP,ask,64700,513.58
2024-08-24 07:44:13,BTCUSD_PERP,bid,63400,500.78
2024-08-24 07:44:22,BTCUSD_PERP,ask,64700,503.24
2024-08-24 07:44:24,BTCUSD_PERP,ask,64700,492.91
2024-08-24 07:44:24,BTCUSD_PERP,ask,64700,486.45
2024-08-24 07:44:27,BTCUSD_PERP,ask,64700,476.11
2024-08-24 07:47:25,BTCUSD_PERP,bid,63400,500.83
2024-08-24 07:47:25,BTCUSD_PERP,bid,63400,563.04
2024-08-24 07:47:25,BTCUSD_PERP,bid,63400,625.88
2024-08-24 07:47:27,BTCUSD_PERP,bid,63400,500.79
2024-08-24 07:47:28,BTCUSD_PERP,bid,63400,563.64
2024-08-24 07:48:29,BTCUSD_PERP,bid,63400,563.67
2024-08-24 07:48:29,BTCUSD_PERP,bid,63400,501.46
2024-08-24 07:48:31,BTCUSD_PERP,bid,63500,500.48
2024-08-24 07:48:31,BTCUSD_PERP,bid,63500,563.36
2024-08-24 07:48:31,BTCUSD_PERP,bid,63500,626.24
2024-08-24 07:48:32,BTCUSD_PERP,bid,63400,500.79
2024-08-24 07:48:46,BTCUSD_PERP,bid,63500,501.12
2024-08-24 07:49:04,BTCUSD_PERP,bid,63500,564.34
2024-08-24 07:50:46,BTCUSD_PERP,bid,63500,564.08
2024-08-24 07:51:17,BTCUSD_PERP,bid,63500,501.41
2024-08-24 07:53:24,BTCUSD_PERP,bid,63500,500.56
2024-08-24 07:54:26,BTCUSD_PERP,bid,63400,510.81
2024-08-24 07:54:36,BTCUSD_PERP,ask,64700,469.2
2024-08-24 07:54:37,BTCUSD_PERP,ask,64700,479.54
2024-08-24 07:54:37,BTCUSD_PERP,ask,64700,500.87
2024-08-24 07:54:42,BTCUSD_PERP,ask,64700,507.33
2024-08-24 07:54:45,BTCUSD_PERP,ask,64700,513.79
2024-08-24 07:54:45,BTCUSD_PERP,ask,64700,520.25
2024-08-24 07:54:46,BTCUSD_PERP,ask,64700,526.71
2024-08-24 07:54:47,BTCUSD_PERP,ask,64700,537.05
2024-08-24 07:54:52,BTCUSD_PERP,ask,64700,543.51
2024-08-24 07:54:55,BTCUSD_PERP,ask,64700,553.85
2024-08-24 07:55:32,BTCUSD_PERP,ask,64700,543.51
2024-08-24 07:55:36,BTCUSD_PERP,ask,64700,533.17
2024-08-24 07:55:37,BTCUSD_PERP,ask,64700,522.83
2024-08-24 07:55:45,BTCUSD_PERP,ask,64700,516.37
2024-08-24 07:55:46,BTCUSD_PERP,ask,64700,509.91
2024-08-24 07:55:47,BTCUSD_PERP,ask,64700,499.57
2024-08-24 07:55:53,BTCUSD_PERP,ask,64700,493.11
2024-08-24 07:55:55,BTCUSD_PERP,ask,64700,482.77
2024-08-24 07:58:27,BTCUSD_PERP,bid,63400,510.86
2024-08-24 08:01:48,BTCUSD_PERP,bid,63400,510.81
2024-08-24 08:02:46,BTCUSD_PERP,bid,63400,500.0
2024-08-24 08:03:13,BTCUSD_PERP,ask,64700,485.78
2024-08-24 08:03:13,BTCUSD_PERP,ask,64900,603.84
2024-08-24 08:04:06,BTCUSD_PERP,ask,64700,475.77
2024-08-24 08:04:09,BTCUSD_PERP,ask,64700,465.43
2024-08-24 08:04:37,BTCUSD_PERP,bid,63400,573.06
2024-08-24 08:04:42,BTCUSD_PERP,bid,63400,573.11
2024-08-24 08:04:57,BTCUSD_PERP,ask,64900,539.59
2024-08-24 08:05:01,BTCUSD_PERP,bid,63400,510.33
2024-08-24 08:05:01,BTCUSD_PERP,bid,63300,499.66
2024-08-24 08:06:25,BTCUSD_PERP,bid,63300,499.67
2024-08-24 08:06:25,BTCUSD_PERP,bid,63300,499.66
2024-08-24 08:08:49,BTCUSD_PERP,bid,63300,499.47
2024-08-24 08:08:49,BTCUSD_PERP,bid,63300,562.22
2024-08-24 08:08:50,BTCUSD_PERP,bid,63300,624.34
2024-08-24 08:08:51,BTCUSD_PERP,bid,63300,624.39
2024-08-24 08:09:09,BTCUSD_PERP,bid,63300,562.27
2024-08-24 08:09:09,BTCUSD_PERP,bid,63300,499.52
2024-08-24 08:11:47,BTCUSD_PERP,bid,63400,501.17
2024-08-24 08:11:47,BTCUSD_PERP,bid,63400,563.35
2024-08-24 08:11:48,BTCUSD_PERP,bid,63400,501.3
2024-08-24 08:11:48,BTCUSD_PERP,bid,63400,625.67
2024-08-24 08:11:49,BTCUSD_PERP,bid,63400,687.86
2024-08-24 08:12:22,BTCUSD_PERP,bid,63400,625.34
2024-08-24 08:12:26,BTCUSD_PERP,bid,63400,500.22
2024-08-24 08:12:26,BTCUSD_PERP,bid,63400,563.0
2024-08-24 08:12:43,BTCUSD_PERP,bid,63400,565.28
2024-08-24 08:12:54,BTCUSD_PERP,bid,63400,565.33
2024-08-24 08:13:14,BTCUSD_PERP,bid,63300,547.34
2024-08-24 08:13:14,BTCUSD_PERP,bid,63300,1000.11
2024-08-24 08:13:14,BTCUSD_PERP,bid,63300,1062.86
2024-08-24 08:13:14,BTCUSD_PERP,bid,63300,609.98
2024-08-24 08:18:29,BTCUSD_PERP,bid,63300,874.61
2024-08-24 08:18:29,BTCUSD_PERP,bid,63200,557.52
2024-08-24 08:18:29,BTCUSD_PERP,bid,63300,998.77
2024-08-24 08:18:29,BTCUSD_PERP,bid,63200,620.12
2024-08-24 08:18:29,BTCUSD_PERP,bid,63300,1061.48
2024-08-24 08:18:51,BTCUSD_PERP,bid,63200,484.11
2024-08-24 08:18:51,BTCUSD_PERP,bid,63300,811.73
2024-08-24 08:18:51,BTCUSD_PERP,bid,63300,874.4
2024-08-24 08:18:55,BTCUSD_PERP,bid,63300,874.13
2024-08-24 08:19:52,BTCUSD_PERP,bid,63300,623.55
2024-08-24 08:19:52,BTCUSD_PERP,bid,63200,498.32
2024-08-24 08:19:52,BTCUSD_PERP,bid,63200,560.93
2024-08-24 08:20:08,BTCUSD_PERP,bid,63200,498.32
2024-08-24 08:20:10,BTCUSD_PERP,bid,63200,498.0
2024-08-24 08:20:10,BTCUSD_PERP,bid,63200,623.3
2024-08-24 08:20:10,BTCUSD_PERP,bid,63200,748.6
2024-08-24 08:20:37,BTCUSD_PERP,bid,63200,686.59
2024-08-24 08:20:37,BTCUSD_PERP,bid,63200,561.29
2024-08-24 08:20:38,BTCUSD_PERP,bid,63300,498.96
2024-08-24 08:20:38,BTCUSD_PERP,bid,63300,624.34
2024-08-24 08:20:38,BTCUSD_PERP,bid,63300,749.08
2024-08-24 08:20:38,BTCUSD_PERP,bid,63300,811.77
2024-08-24 08:20:39,BTCUSD_PERP,bid,63300,873.82
2024-08-24 08:20:39,BTCUSD_PERP,bid,63300,935.87
2024-08-24 08:20:39,BTCUSD_PERP,bid,63200,484.8
2024-08-24 08:21:24,BTCUSD_PERP,bid,63200,877.2
2024-08-24 08:21:24,BTCUSD_PERP,bid,63200,484.54
2024-08-24 08:21:33,BTCUSD_PERP,ask,64500,467.67
2024-08-24 08:21:35,BTCUSD_PERP,bid,63200,872.76
2024-08-24 08:21:43,BTCUSD_PERP,ask,64500,477.98
2024-08-24 08:21:44,BTCUSD_PERP,ask,64500,488.28
2024-08-24 08:21:45,BTCUSD_PERP,ask,64500,498.59
2024-08-24 08:21:51,BTCUSD_PERP,bid,63200,872.27
2024-08-24 08:21:51,BTCUSD_PERP,bid,63100,484.3
2024-08-24 08:22:28,BTCUSD_PERP,ask,64500,488.28
2024-08-24 08:22:33,BTCUSD_PERP,ask,64500,477.97
2024-08-24 08:22:36,BTCUSD_PERP,bid,63200,747.66
2024-08-24 08:22:36,BTCUSD_PERP,bid,63200,685.67
2024-08-24 08:22:36,BTCUSD_PERP,bid,63200,623.05
2024-08-24 08:22:36,BTCUSD_PERP,bid,63200,498.44
2024-08-24 08:22:38,BTCUSD_PERP,bid,63200,561.28
2024-08-24 08:22:38,BTCUSD_PERP,bid,63200,685.96
2024-08-24 08:22:38,BTCUSD_PERP,bid,63200,748.62
2024-08-24 08:22:39,BTCUSD_PERP,bid,63200,748.67
2024-08-24 08:22:41,BTCUSD_PERP,bid,63200,748.72
2024-08-24 08:22:41,BTCUSD_PERP,bid,63200,748.77
2024-08-24 08:22:43,BTCUSD_PERP,ask,64500,467.66
2024-08-24 08:23:32,BTCUSD_PERP,bid,63200,686.11
2024-08-24 08:23:32,BTCUSD_PERP,bid,63200,811.52
2024-08-24 08:23:33,BTCUSD_PERP,bid,63200,997.49
2024-08-24 08:23:33,BTCUSD_PERP,bid,63200,484.33
2024-08-24 08:24:28,BTCUSD_PERP,ask,64400,484.82
2024-08-24 08:24:29,BTCUSD_PERP,ask,64400,495.12
2024-08-24 08:24:30,BTCUSD_PERP,ask,64400,501.56
2024-08-24 08:24:33,BTCUSD_PERP,bid,63200,622.02
2024-08-24 08:24:33,BTCUSD_PERP,bid,63200,820.29
2024-08-24 08:24:33,BTCUSD_PERP,bid,63100,494.61
2024-08-24 08:24:33,BTCUSD_PERP,bid,63200,882.87
2024-08-24 08:25:00,BTCUSD_PERP,ask,64400,505.74
2024-08-24 08:25:06,BTCUSD_PERP,ask,64400,469.79
2024-08-24 08:25:38,BTCUSD_PERP,bid,63200,622.37
2024-08-24 08:25:39,BTCUSD_PERP,bid,63200,684.99
2024-08-24 08:25:39,BTCUSD_PERP,bid,63200,810.23
2024-08-24 08:25:39,BTCUSD_PERP,bid,63200,872.85
2024-08-24 08:25:39,BTCUSD_PERP,bid,63100,484.24
2024-08-24 08:25:39,BTCUSD_PERP,bid,63200,934.83
2024-08-24 08:26:15,BTCUSD_PERP,bid,63200,872.21
2024-08-24 08:26:15,BTCUSD_PERP,bid,63200,809.59
2024-08-24 08:26:15,BTCUSD_PERP,bid,63200,747.61
2024-08-24 08:26:15,BTCUSD_PERP,bid,63200,559.75
2024-08-24 08:26:16,BTCUSD_PERP,bid,63200,497.77
2024-08-24 08:26:16,BTCUSD_PERP,bid,63200,561.34
2024-08-24 08:26:16,BTCUSD_PERP,bid,63200,623.36
2024-08-24 08:26:16,BTCUSD_PERP,bid,63200,685.38
2024-08-24 08:26:17,BTCUSD_PERP,bid,63200,748.03
2024-08-24 08:26:17,BTCUSD_PERP,bid,63200,820.59
2024-08-24 08:27:59,BTCUSD_PERP,bid,63200,746.96
2024-08-24 08:28:54,BTCUSD_PERP,bid,63200,622.36
2024-08-24 08:28:54,BTCUSD_PERP,bid,63200,559.74
2024-08-24 08:28:55,BTCUSD_PERP,bid,63200,571.88
2024-08-24 08:28:55,BTCUSD_PERP,bid,63200,633.9
2024-08-24 08:28:55,BTCUSD_PERP,bid,63200,757.94
2024-08-24 08:28:56,BTCUSD_PERP,bid,63200,757.99
2024-08-24 08:32:29,BTCUSD_PERP,bid,63200,757.94
2024-08-24 08:33:06,BTCUSD_PERP,bid,63200,695.92
2024-08-24 08:33:06,BTCUSD_PERP,bid,63200,633.9
2024-08-24 08:33:07,BTCUSD_PERP,bid,63200,571.88
2024-08-24 08:33:07,BTCUSD_PERP,bid,63200,509.23
2024-08-24 08:33:07,BTCUSD_PERP,bid,63200,560.34
2024-08-24 08:33:07,BTCUSD_PERP,bid,63200,622.95
2024-08-24 08:33:07,BTCUSD_PERP,bid,63200,684.93
2024-08-24 08:33:07,BTCUSD_PERP,bid,63100,483.65
2024-08-24 08:33:07,BTCUSD_PERP,bid,63200,934.74
2024-08-24 08:33:07,BTCUSD_PERP,bid,63100,546.16
2024-08-24 08:33:57,BTCUSD_PERP,ask,64500,474.43
2024-08-24 08:33:58,BTCUSD_PERP,ask,64500,484.74
2024-08-24 08:34:06,BTCUSD_PERP,ask,64500,491.18
2024-08-24 08:34:07,BTCUSD_PERP,ask,64500,497.62
2024-08-24 08:34:10,BTCUSD_PERP,ask,64500,504.06
2024-08-24 08:34:13,BTCUSD_PERP,ask,64500,514.37
2024-08-24 08:34:13,BTCUSD_PERP,ask,64500,535.63
2024-08-24 08:34:30,BTCUSD_PERP,bid,63100,546.16
2024-08-24 08:34:41,BTCUSD_PERP,ask,64400,480.31
2024-08-24 08:35:13,BTCUSD_PERP,bid,63200,622.95
2024-08-24 08:35:13,BTCUSD_PERP,bid,63100,483.41
2024-08-24 08:35:13,BTCUSD_PERP,bid,63200,871.71
2024-08-24 08:35:13,BTCUSD_PERP,bid,63100,545.88
2024-08-24 08:35:13,BTCUSD_PERP,bid,63200,934.29
2024-08-24 08:35:33,BTCUSD_PERP,ask,64400,471.3
2024-08-24 08:35:38,BTCUSD_PERP,ask,64400,490.6
2024-08-24 08:35:41,BTCUSD_PERP,bid,63200,934.3
2024-08-24 08:35:41,BTCUSD_PERP,ask,64400,484.23
2024-08-24 08:35:41,BTCUSD_PERP,bid,63200,934.29
2024-08-24 08:35:41,BTCUSD_PERP,ask,64400,477.86
2024-08-24 08:39:43,BTCUSD_PERP,bid,63200,685.86
2024-08-24 08:39:43,BTCUSD_PERP,bid,63100,483.13
2024-08-24 08:39:43,BTCUSD_PERP,bid,63100,747.4
2024-08-24 08:39:44,BTCUSD_PERP,bid,63100,545.57
2024-08-24 08:39:44,BTCUSD_PERP,bid,63100,809.95
2024-08-24 08:43:25,BTCUSD_PERP,bid,63100,748.04
2024-08-24 08:43:25,BTCUSD_PERP,bid,63100,499.12
2024-08-24 08:43:25,BTCUSD_PERP,bid,63000,482.89
2024-08-24 08:43:25,BTCUSD_PERP,bid,63100,747.04
2024-08-24 08:43:25,BTCUSD_PERP,bid,63000,545.3
2024-08-24 08:43:25,BTCUSD_PERP,bid,63100,809.56
2024-08-24 08:43:26,BTCUSD_PERP,bid,63100,871.44
2024-08-24 08:43:33,BTCUSD_PERP,bid,63100,871.48
2024-08-24 08:44:15,BTCUSD_PERP,bid,63100,560.16
2024-08-24 08:44:21,BTCUSD_PERP,bid,63100,497.48
2024-08-24 08:46:17,BTCUSD_PERP,bid,63100,497.77
2024-08-24 08:46:17,BTCUSD_PERP,bid,63100,560.31
2024-08-24 08:48:37,BTCUSD_PERP,bid,63100,498.35
2024-08-24 08:48:37,BTCUSD_PERP,bid,63100,560.25
2024-08-24 08:48:45,BTCUSD_PERP,ask,64400,467.7
2024-08-24 08:48:49,BTCUSD_PERP,bid,63100,498.35
2024-08-24 08:48:50,BTCUSD_PERP,bid,63100,499.23
2024-08-24 08:48:50,BTCUSD_PERP,bid,63100,561.16
2024-08-24 08:49:18,BTCUSD_PERP,bid,63200,498.89
2024-08-24 08:49:18,BTCUSD_PERP,bid,63200,561.48
2024-08-24 08:49:19,BTCUSD_PERP,bid,63200,562.8
2024-08-24 08:51:03,BTCUSD_PERP,bid,63200,498.97
2024-08-24 08:51:06,BTCUSD_PERP,bid,63200,500.84
2024-08-24 08:51:08,BTCUSD_PERP,bid,63200,499.15
2024-08-24 08:51:08,BTCUSD_PERP,bid,63200,561.78
2024-08-24 08:53:23,BTCUSD_PERP,bid,63200,499.26
2024-08-24 08:53:23,BTCUSD_PERP,bid,63200,561.28
2024-08-24 08:53:24,BTCUSD_PERP,bid,63200,562.6
2024-08-24 08:53:25,BTCUSD_PERP,bid,63200,562.65
2024-08-24 08:53:43,BTCUSD_PERP,bid,63200,562.7
2024-08-24 08:54:05,BTCUSD_PERP,bid,63200,499.15
2024-08-24 08:54:09,BTCUSD_PERP,bid,63200,561.38
2024-08-24 08:54:37,BTCUSD_PERP,bid,63200,499.36
2024-08-24 09:00:59,BTCUSD_PERP,bid,63300,509.3
2024-08-24 09:00:59,BTCUSD_PERP,bid,63300,571.96
2024-08-24 09:04:02,BTCUSD_PERP,bid,63300,509.93
2024-08-24 09:04:03,BTCUSD_PERP,bid,63300,499.68
2024-08-24 09:04:03,BTCUSD_PERP,bid,63300,561.74
2024-08-24 09:05:37,BTCUSD_PERP,bid,63300,561.75
2024-08-24 09:05:37,BTCUSD_PERP,bid,63300,561.74
2024-08-24 09:07:25,BTCUSD_PERP,bid,63300,499.68
2024-08-24 09:07:27,BTCUSD_PERP,bid,63300,499.95
2024-08-24 09:07:31,BTCUSD_PERP,bid,63300,500.0
2024-08-24 09:10:56,BTCUSD_PERP,ask,64600,479.22
2024-08-24 09:10:56,BTCUSD_PERP,ask,64600,485.67
2024-08-24 09:10:58,BTCUSD_PERP,bid,63300,499.95
2024-08-24 09:11:01,BTCUSD_PERP,ask,64600,495.99
2024-08-24 09:11:57,BTCUSD_PERP,ask,64600,485.67
2024-08-24 09:12:01,BTCUSD_PERP,ask,64600,475.35
2024-08-24 09:16:51,BTCUSD_PERP,bid,63400,510.94
2024-08-24 09:20:24,BTCUSD_PERP,ask,64700,463.82
2024-08-24 09:20:33,BTCUSD_PERP,ask,64700,474.16
2024-08-24 09:21:18,BTCUSD_PERP,ask,64700,463.83
2024-08-24 09:21:44,BTCUSD_PERP,bid,63400,510.94
2024-08-24 09:21:44,BTCUSD_PERP,bid,63400,573.74
2024-08-24 09:24:16,BTCUSD_PERP,bid,63400,500.13
2024-08-24 09:24:16,BTCUSD_PERP,bid,63400,562.9
2024-08-24 09:26:00,BTCUSD_PERP,bid,63300,562.58
2024-08-24 09:26:00,BTCUSD_PERP,bid,63300,573.13
2024-08-24 09:26:00,BTCUSD_PERP,bid,63300,635.86
2024-08-24 09:26:00,BTCUSD_PERP,bid,63300,697.95
2024-08-24 09:26:47,BTCUSD_PERP,bid,63300,698.0
2024-08-24 09:27:41,BTCUSD_PERP,ask,64500,474.63
2024-08-24 09:28:03,BTCUSD_PERP,bid,63300,511.07
2024-08-24 09:28:03,BTCUSD_PERP,bid,63300,562.31
2024-08-24 09:28:03,BTCUSD_PERP,bid,63300,625.01
2024-08-24 09:28:22,BTCUSD_PERP,ask,64500,484.95
2024-08-24 09:28:26,BTCUSD_PERP,bid,63300,562.31
2024-08-24 09:44:36,BTCUSD_PERP,bid,63400,499.57
2024-08-24 09:44:36,BTCUSD_PERP,bid,63400,687.91
2024-08-24 09:44:36,BTCUSD_PERP,bid,63400,750.69
2024-08-24 09:44:37,BTCUSD_PERP,bid,63400,813.47
2024-08-24 09:46:11,BTCUSD_PERP,bid,63400,750.69
2024-08-24 09:46:11,BTCUSD_PERP,bid,63400,688.55
2024-08-24 09:46:12,BTCUSD_PERP,bid,63400,625.77
2024-08-24 09:46:12,BTCUSD_PERP,bid,63400,500.96
2024-08-24 09:46:13,BTCUSD_PERP,bid,63400,500.49
2024-08-24 09:46:13,BTCUSD_PERP,bid,63400,563.3
2024-08-24 09:46:13,BTCUSD_PERP,bid,63400,688.29
2024-08-24 09:46:13,BTCUSD_PERP,bid,63400,751.1
2024-08-24 09:48:48,BTCUSD_PERP,ask,64600,468.82
2024-08-24 09:48:52,BTCUSD_PERP,ask,64600,479.14
2024-08-24 09:48:54,BTCUSD_PERP,ask,64600,485.59
2024-08-24 09:49:41,BTCUSD_PERP,ask,64600,464.49
2024-08-24 09:50:11,BTCUSD_PERP,bid,63400,561.82
2024-08-24 09:50:11,BTCUSD_PERP,bid,63400,624.6
2024-08-24 09:50:11,BTCUSD_PERP,bid,63400,687.38
