2024-08-30 07:00:02,BTCUSD_PERP,bid,58800,522.38
2024-08-30 07:01:01,BTCUSD_PERP,bid,58800,522.06
2024-08-30 07:01:01,BTCUSD_PERP,bid,58800,696.87
2024-08-30 07:01:15,BTCUSD_PERP,bid,58800,638.6
2024-08-30 07:01:15,BTCUSD_PERP,bid,58800,522.06
2024-08-30 07:01:15,BTCUSD_PERP,bid,58800,522.36
2024-08-30 07:01:16,BTCUSD_PERP,bid,58800,580.01
2024-08-30 07:01:21,BTCUSD_PERP,bid,58800,637.66
2024-08-30 07:01:29,BTCUSD_PERP,bid,58800,580.02
2024-08-30 07:01:29,BTCUSD_PERP,bid,58800,521.78
2024-08-30 07:01:31,BTCUSD_PERP,bid,58700,531.88
2024-08-30 07:01:31,BTCUSD_PERP,bid,58700,647.71
2024-08-30 07:02:00,BTCUSD_PERP,bid,58700,589.5
2024-08-30 07:10:50,BTCUSD_PERP,bid,58700,522.33
2024-08-30 07:10:50,BTCUSD_PERP,bid,58700,638.08
2024-08-30 07:10:50,BTCUSD_PERP,bid,58700,695.65
2024-08-30 07:14:03,BTCUSD_PERP,bid,58600,521.02
2024-08-30 07:14:10,BTCUSD_PERP,bid,58600,936.5
2024-08-30 07:14:10,BTCUSD_PERP,bid,58600,994.57
2024-08-30 07:14:11,BTCUSD_PERP,bid,58600,820.46
2024-08-30 07:14:11,BTCUSD_PERP,bid,58600,579.71
2024-08-30 07:14:11,BTCUSD_PERP,bid,58600,637.81
2024-08-30 07:14:11,BTCUSD_PERP,bid,58600,695.91
2024-08-30 07:14:12,BTCUSD_PERP,bid,58600,754.01
2024-08-30 07:15:11,BTCUSD_PERP,bid,58600,695.91
2024-08-30 07:15:29,BTCUSD_PERP,bid,58600,637.81
2024-08-30 07:15:32,BTCUSD_PERP,bid,58700,1062.3
2024-08-30 07:15:32,BTCUSD_PERP,bid,58700,1178.56
2024-08-30 07:16:22,BTCUSD_PERP,bid,58700,1120.43
2024-08-30 07:16:22,BTCUSD_PERP,bid,58700,1004.87
2024-08-30 07:16:22,BTCUSD_PERP,bid,58700,946.74
2024-08-30 07:16:22,BTCUSD_PERP,bid,58700,772.95
2024-08-30 07:16:22,BTCUSD_PERP,bid,58700,714.82
2024-08-30 07:16:23,BTCUSD_PERP,bid,58700,656.69
2024-08-30 07:16:23,BTCUSD_PERP,bid,58700,599.16
2024-08-30 07:16:23,BTCUSD_PERP,bid,58600,521.7
2024-08-30 07:16:23,BTCUSD_PERP,bid,58600,637.3
2024-08-30 07:16:23,BTCUSD_PERP,bid,58600,752.9
2024-08-30 07:16:23,BTCUSD_PERP,bid,58600,811.0
2024-08-30 07:16:24,BTCUSD_PERP,bid,58600,868.51
2024-08-30 07:16:24,BTCUSD_PERP,bid,58600,926.01
2024-08-30 07:16:24,BTCUSD_PERP,bid,58600,984.11
2024-08-30 07:16:24,BTCUSD_PERP,bid,58600,1042.21
