2024-08-16 07:07:37,ETHUSDT,bid,2250,4443.886
2024-08-16 07:11:48,ETHUSDT,bid,2250,4443.865
2024-08-16 07:16:24,ETHUSDT,bid,1700,6055.918
2024-08-16 07:21:08,ETHUSDT,bid,2250,4443.851
2024-08-16 07:21:12,ETHUSDT,bid,2250,4443.837
2024-08-16 07:24:22,ETHUSDT,bid,2290,4364.862
2024-08-16 07:47:12,ETHUSDT,bid,2340,4274.698
2024-08-16 07:52:47,ETHUSDT,bid,2270,4491.506
2024-08-16 08:11:05,ETHUSDT,bid,1940,5212.378
2024-08-16 08:13:19,ETHUSDT,bid,1940,5161.608
2024-08-16 08:14:51,ETHUSDT,bid,2280,4384.866
2024-08-16 08:21:03,ETHUSDT,bid,2250,4443.948
2024-08-16 08:37:49,ETHUSDT,bid,2270,4480.689
2024-08-16 08:48:47,ETHUSDT,bid,1700,6075.414
2024-08-16 09:04:34,ETHUSDT,ask,2900,3438.475
2024-08-16 09:29:38,ETHUSDT,bid,1700,6055.918
2024-08-16 09:31:04,ETHUSDT,bid,2340,4274.712
2024-08-16 09:31:42,ETHUSDT,bid,1700,6065.918
2024-08-16 09:32:12,ETHUSDT,bid,2340,4274.722
2024-08-16 09:32:16,ETHUSDT,bid,2340,4274.712
2024-08-16 09:33:19,ETHUSDT,bid,1700,6065.887
2024-08-16 09:34:28,ETHUSDT,bid,2270,4480.671
2024-08-16 09:35:00,ETHUSDT,bid,2340,4274.738
2024-08-16 09:35:03,ETHUSDT,bid,2340,4274.728
2024-08-16 09:41:42,ETHUSDT,bid,2250,4443.932
2024-08-16 09:44:38,ETHUSDT,bid,2290,4364.884
2024-08-16 09:45:00,ETHUSDT,bid,2340,4274.712
2024-08-16 09:47:56,ETHUSDT,bid,1700,6055.887
2024-08-16 09:48:22,ETHUSDT,bid,1700,6065.887
2024-08-16 10:01:10,ETHUSDT,bid,2270,4481.179
2024-08-16 10:05:43,ETHUSDT,bid,1700,6065.873
2024-08-16 10:27:02,ETHUSDT,bid,1680,5968.498
2024-08-16 10:56:11,ETHUSDT,bid,1700,6063.186
2024-08-16 11:11:28,ETHUSDT,bid,1700,6063.217
2024-08-16 11:39:27,ETHUSDT,bid,1940,5161.55
2024-08-16 11:40:34,ETHUSDT,ask,2900,3439.053
2024-08-16 11:42:51,ETHUSDT,bid,1940,5161.653
2024-08-16 11:45:13,ETHUSDT,bid,1940,5161.55
2024-08-16 11:56:54,ETHUSDT,bid,1700,6063.186
2024-08-16 11:57:01,ETHUSDT,bid,2270,4480.671
2024-08-16 12:04:24,ETHUSDT,bid,2270,4480.809
2024-08-16 12:04:44,ETHUSDT,bid,1710,5861.636
2024-08-16 12:27:31,ETHUSDT,bid,2340,4274.721
2024-08-16 12:27:40,ETHUSDT,bid,2340,4274.712
2024-08-16 12:30:32,ETHUSDT,bid,1950,5127.414
2024-08-16 12:32:36,ETHUSDT,bid,2270,4480.822
2024-08-16 13:19:10,ETHUSDT,bid,1950,5120.439
2024-08-16 13:21:36,ETHUSDT,bid,2270,4480.932
2024-08-16 13:28:03,ETHUSDT,bid,1950,5127.446
2024-08-16 13:30:10,ETHUSDT,bid,2270,4480.822
2024-08-16 13:34:20,ETHUSDT,bid,2270,4481.152
2024-08-16 14:01:12,ETHUSDT,bid,1960,5142.723
2024-08-16 14:01:54,ETHUSDT,ask,2890,3458.728
2024-08-16 14:02:53,ETHUSDT,ask,2900,3439.568
2024-08-16 14:04:17,ETHUSDT,ask,3040,4054.506
2024-08-16 14:09:51,ETHUSDT,bid,1700,6052.37
2024-08-16 14:10:31,ETHUSDT,bid,2340,4274.698
2024-08-16 14:12:31,ETHUSDT,bid,1700,6053.059
2024-08-16 14:16:47,ETHUSDT,bid,2290,4364.862
2024-08-16 14:23:46,ETHUSDT,bid,1700,6052.989
2024-08-16 14:23:46,ETHUSDT,bid,1710,5861.566
2024-08-16 14:23:46,ETHUSDT,bid,1960,5142.653
2024-08-16 14:41:54,ETHUSDT,bid,1960,5142.681
2024-08-16 15:09:40,ETHUSDT,bid,1950,5127.414
2024-08-16 15:56:46,ETHUSDT,bid,2340,4274.477
2024-08-16 16:09:21,ETHUSDT,bid,2270,4480.789
2024-08-16 16:13:06,ETHUSDT,bid,1700,6053.001
2024-08-16 16:13:59,ETHUSDT,bid,1700,6053.029
2024-08-16 16:25:58,ETHUSDT,bid,1960,5142.575
2024-08-16 16:31:41,ETHUSDT,bid,2270,4480.776
2024-08-16 16:44:20,ETHUSDT,bid,1710,5861.642
2024-08-16 16:48:29,ETHUSDT,bid,2290,4364.843
2024-08-16 17:00:24,ETHUSDT,bid,2270,4481.325
2024-08-16 17:12:21,ETHUSDT,bid,1700,6040.382
2024-08-16 17:14:18,ETHUSDT,bid,2270,4480.995
2024-08-16 17:19:34,ETHUSDT,bid,2270,4481.326
2024-08-16 17:21:12,ETHUSDT,bid,2270,4480.995
2024-08-16 17:31:45,ETHUSDT,bid,2270,4481.326
2024-08-16 17:33:52,ETHUSDT,bid,2610,7842.901
2024-08-16 17:33:52,ETHUSDT,bid,2610,7842.981
2024-08-16 17:33:52,ETHUSDT,bid,2610,7835.351
2024-08-16 17:33:52,ETHUSDT,bid,2610,7835.271
2024-08-16 17:33:53,ETHUSDT,bid,2610,7833.33
2024-08-16 17:33:53,ETHUSDT,bid,2610,7833.773
2024-08-16 17:33:54,ETHUSDT,bid,2610,7831.42
2024-08-16 17:33:54,ETHUSDT,bid,2610,7830.655
2024-08-16 17:33:56,ETHUSDT,bid,2610,7831.42
2024-08-16 17:33:57,ETHUSDT,bid,2610,7835.691
2024-08-16 17:33:57,ETHUSDT,bid,2610,7830.647
2024-08-16 17:33:57,ETHUSDT,bid,2610,7829.882
2024-08-16 17:33:57,ETHUSDT,bid,2610,7830.647
2024-08-16 17:33:59,ETHUSDT,bid,2610,7832.177
2024-08-16 17:34:00,ETHUSDT,bid,2610,7832.196
2024-08-16 17:34:01,ETHUSDT,bid,2610,7834.148
2024-08-16 17:34:01,ETHUSDT,bid,2610,7832.207
2024-08-16 17:34:01,ETHUSDT,bid,2610,7832.771
2024-08-16 17:34:04,ETHUSDT,bid,2610,7832.006
2024-08-16 17:34:04,ETHUSDT,bid,2610,7832.771
2024-08-16 17:34:05,ETHUSDT,bid,2610,7840.422
2024-08-16 17:34:06,ETHUSDT,bid,2610,7832.771
2024-08-16 17:34:07,ETHUSDT,bid,2610,6811.818
2024-08-16 17:34:07,ETHUSDT,bid,2610,6812.204
2024-08-16 17:34:07,ETHUSDT,bid,2610,6812.204
2024-08-16 17:34:07,ETHUSDT,bid,2610,6812.239
2024-08-16 17:34:07,ETHUSDT,bid,2610,6812.657
2024-08-16 17:34:07,ETHUSDT,bid,2610,6817.243
2024-08-16 17:34:07,ETHUSDT,bid,2610,6817.817
2024-08-16 17:34:08,ETHUSDT,bid,2610,6817.864
2024-08-16 17:34:08,ETHUSDT,bid,2610,6817.9
2024-08-16 17:34:08,ETHUSDT,bid,2610,6820.071
2024-08-16 17:34:08,ETHUSDT,bid,2610,6820.09
2024-08-16 17:34:08,ETHUSDT,bid,2610,6820.073
2024-08-16 17:34:08,ETHUSDT,bid,2610,6820.073
2024-08-16 17:34:09,ETHUSDT,bid,2610,6820.411
2024-08-16 17:34:09,ETHUSDT,bid,2610,6820.685
2024-08-16 17:34:09,ETHUSDT,bid,2610,6834.212
2024-08-16 17:34:09,ETHUSDT,bid,2610,6822.361
2024-08-16 17:34:09,ETHUSDT,bid,2610,6822.281
2024-08-16 17:34:09,ETHUSDT,bid,2610,6822.271
2024-08-16 17:34:10,ETHUSDT,bid,2610,6822.404
2024-08-16 17:34:10,ETHUSDT,bid,2610,6822.414
2024-08-16 17:34:10,ETHUSDT,bid,2610,6820.439
2024-08-16 17:34:10,ETHUSDT,bid,2610,6820.439
2024-08-16 17:34:10,ETHUSDT,bid,2610,6821.603
2024-08-16 17:34:10,ETHUSDT,bid,2610,6821.593
2024-08-16 17:34:11,ETHUSDT,bid,2610,6821.593
2024-08-16 17:34:11,ETHUSDT,bid,2610,6821.593
2024-08-16 17:34:11,ETHUSDT,bid,2610,6821.603
2024-08-16 17:34:11,ETHUSDT,bid,2610,6821.599
2024-08-16 17:34:11,ETHUSDT,bid,2610,6821.944
2024-08-16 17:34:11,ETHUSDT,bid,2610,6821.944
2024-08-16 17:34:11,ETHUSDT,bid,2610,6822.125
2024-08-16 17:34:11,ETHUSDT,bid,2610,6822.135
2024-08-16 17:34:11,ETHUSDT,bid,2610,6822.208
2024-08-16 17:34:11,ETHUSDT,bid,2610,6822.241
2024-08-16 17:34:12,ETHUSDT,bid,2610,6822.187
2024-08-16 17:34:12,ETHUSDT,bid,2610,6822.196
2024-08-16 17:34:12,ETHUSDT,bid,2610,6822.243
2024-08-16 17:34:12,ETHUSDT,bid,2610,6835.14
2024-08-16 17:34:12,ETHUSDT,bid,2610,6835.214
2024-08-16 17:34:12,ETHUSDT,bid,2610,6835.214
2024-08-16 17:34:12,ETHUSDT,bid,2610,6817.535
2024-08-16 17:34:13,ETHUSDT,bid,2610,6817.281
2024-08-16 17:34:13,ETHUSDT,bid,2610,6816.089
2024-08-16 17:34:13,ETHUSDT,bid,2610,6811.811
2024-08-16 17:34:14,ETHUSDT,bid,2610,6808.813
2024-08-16 17:34:14,ETHUSDT,bid,2610,6814.127
2024-08-16 17:34:18,ETHUSDT,bid,2610,6816.923
2024-08-16 17:34:18,ETHUSDT,bid,2610,6816.877
2024-08-16 17:34:18,ETHUSDT,bid,2610,6816.845
2024-08-16 17:34:20,ETHUSDT,bid,2610,6816.83
2024-08-16 17:34:21,ETHUSDT,bid,2610,6812.13
2024-08-16 17:34:22,ETHUSDT,bid,2610,6803.622
2024-08-16 17:34:22,ETHUSDT,bid,2610,6802.092
2024-08-16 17:34:22,ETHUSDT,bid,2610,6809.022
2024-08-16 17:34:22,ETHUSDT,bid,2610,6804.387
2024-08-16 17:34:23,ETHUSDT,bid,2610,6809.787
2024-08-16 17:34:23,ETHUSDT,bid,2610,6804.387
2024-08-16 17:34:23,ETHUSDT,bid,2610,6803.987
2024-08-16 17:34:29,ETHUSDT,bid,2610,6804.387
2024-08-16 17:34:29,ETHUSDT,bid,2610,6804.387
2024-08-16 17:34:29,ETHUSDT,bid,2610,6806.3
2024-08-16 17:34:30,ETHUSDT,bid,2610,6806.292
2024-08-16 17:34:30,ETHUSDT,bid,2610,6804.379
2024-08-16 17:34:30,ETHUSDT,bid,2610,6806.292
2024-08-16 17:34:30,ETHUSDT,bid,2610,6805.527
2024-08-16 17:34:30,ETHUSDT,bid,2610,6802.084
2024-08-16 17:34:31,ETHUSDT,bid,2610,6807.563
2024-08-16 17:34:31,ETHUSDT,bid,2610,6802.084
2024-08-16 17:34:31,ETHUSDT,bid,2610,6804.379
2024-08-16 17:34:32,ETHUSDT,bid,2610,6802.857
2024-08-16 17:34:32,ETHUSDT,bid,2610,6803.622
2024-08-16 17:34:32,ETHUSDT,bid,2610,6804.387
2024-08-16 17:34:34,ETHUSDT,bid,2610,6802.092
2024-08-16 17:34:34,ETHUSDT,bid,2610,6802.084
2024-08-16 17:34:39,ETHUSDT,bid,2610,6803.614
2024-08-16 17:34:39,ETHUSDT,bid,2610,6802.849
2024-08-16 17:34:39,ETHUSDT,bid,2610,6802.084
2024-08-16 17:34:40,ETHUSDT,bid,2610,6801.684
2024-08-16 17:34:43,ETHUSDT,bid,2610,6803.214
2024-08-16 17:34:43,ETHUSDT,bid,2610,6801.684
2024-08-16 17:34:44,ETHUSDT,bid,2610,6801.684
2024-08-16 17:34:44,ETHUSDT,bid,2610,6801.615
2024-08-16 17:34:45,ETHUSDT,bid,2610,6802.38
2024-08-16 17:34:45,ETHUSDT,bid,2610,6803.145
2024-08-16 17:34:47,ETHUSDT,bid,2610,6803.918
2024-08-16 17:34:47,ETHUSDT,bid,2610,6804.24
2024-08-16 17:34:48,ETHUSDT,bid,2610,6803.475
2024-08-16 17:34:49,ETHUSDT,bid,2610,6804.24
2024-08-16 17:34:51,ETHUSDT,bid,2610,6811.891
2024-08-16 17:34:59,ETHUSDT,bid,2610,6815.616
2024-08-16 17:35:06,ETHUSDT,bid,2610,6811.891
2024-08-16 17:35:08,ETHUSDT,bid,2610,6815.566
2024-08-16 17:35:10,ETHUSDT,bid,2610,6811.891
2024-08-16 17:35:16,ETHUSDT,bid,2610,6811.793
2024-08-16 17:35:16,ETHUSDT,bid,2610,6811.327
2024-08-16 17:35:16,ETHUSDT,bid,2610,6811.859
2024-08-16 17:35:17,ETHUSDT,bid,2610,6811.327
2024-08-16 17:35:17,ETHUSDT,bid,2610,6811.85
2024-08-16 17:35:17,ETHUSDT,bid,2610,6811.327
2024-08-16 17:35:18,ETHUSDT,bid,2610,6811.836
2024-08-16 17:35:18,ETHUSDT,bid,2610,6811.327
2024-08-16 17:35:18,ETHUSDT,bid,2610,6811.83
2024-08-16 17:35:18,ETHUSDT,bid,2610,6811.327
2024-08-16 17:35:19,ETHUSDT,bid,2610,6811.823
2024-08-16 17:35:19,ETHUSDT,bid,2610,6811.327
2024-08-16 17:35:19,ETHUSDT,bid,2610,6814.876
2024-08-16 17:35:19,ETHUSDT,bid,2610,6815.36
2024-08-16 17:35:20,ETHUSDT,bid,2610,6815.355
2024-08-16 17:35:20,ETHUSDT,bid,2610,6814.876
2024-08-16 17:35:20,ETHUSDT,bid,2610,6815.346
2024-08-16 17:35:20,ETHUSDT,bid,2610,6815.413
2024-08-16 17:35:21,ETHUSDT,bid,2610,6814.876
2024-08-16 17:35:21,ETHUSDT,bid,2610,6815.404
2024-08-16 17:35:21,ETHUSDT,bid,2610,6814.876
2024-08-16 17:35:22,ETHUSDT,bid,2610,6814.868
2024-08-16 17:35:22,ETHUSDT,bid,2610,6815.378
2024-08-16 17:35:23,ETHUSDT,bid,2610,6814.868
2024-08-16 17:35:23,ETHUSDT,bid,2610,6815.366
2024-08-16 17:35:23,ETHUSDT,bid,2610,6814.868
2024-08-16 17:35:23,ETHUSDT,bid,2610,6815.355
2024-08-16 17:35:24,ETHUSDT,bid,2610,6814.868
2024-08-16 17:35:24,ETHUSDT,bid,2610,6815.348
2024-08-16 17:35:24,ETHUSDT,bid,2610,6811.799
2024-08-16 17:35:25,ETHUSDT,bid,2610,6811.664
2024-08-16 17:35:25,ETHUSDT,bid,2610,6803.521
2024-08-16 17:35:25,ETHUSDT,bid,2610,6802.69
2024-08-16 17:35:26,ETHUSDT,bid,2610,6810.833
2024-08-16 17:35:26,ETHUSDT,bid,2610,6802.69
2024-08-16 17:35:27,ETHUSDT,bid,2610,6810.833
2024-08-16 17:35:27,ETHUSDT,bid,2610,6802.69
2024-08-16 17:35:28,ETHUSDT,bid,2610,6802.69
2024-08-16 17:35:30,ETHUSDT,bid,2610,6802.368
2024-08-16 17:35:30,ETHUSDT,bid,2610,6810.511
2024-08-16 17:35:30,ETHUSDT,bid,2610,6802.368
2024-08-16 17:35:32,ETHUSDT,bid,2610,6802.368
2024-08-16 17:35:33,ETHUSDT,bid,2610,6802.368
2024-08-16 17:35:34,ETHUSDT,bid,2610,6810.511
2024-08-16 17:35:35,ETHUSDT,bid,2610,6802.368
2024-08-16 17:35:36,ETHUSDT,bid,2610,6810.511
2024-08-16 17:35:36,ETHUSDT,bid,2610,6802.368
2024-08-16 17:35:37,ETHUSDT,bid,2610,6802.368
2024-08-16 17:35:38,ETHUSDT,bid,2610,6810.511
2024-08-16 17:35:38,ETHUSDT,bid,2610,6802.368
2024-08-16 17:35:39,ETHUSDT,bid,2610,6802.368
2024-08-16 17:35:40,ETHUSDT,bid,2610,6802.368
2024-08-16 17:35:43,ETHUSDT,bid,2610,6807.918
2024-08-16 17:35:43,ETHUSDT,bid,2610,6816.061
2024-08-16 17:35:43,ETHUSDT,bid,2610,6807.918
2024-08-16 17:35:44,ETHUSDT,bid,2610,6802.368
2024-08-16 17:35:45,ETHUSDT,bid,2610,6802.948
2024-08-16 17:35:46,ETHUSDT,bid,2610,6811.091
2024-08-16 17:35:46,ETHUSDT,bid,2610,6802.948
2024-08-16 17:35:48,ETHUSDT,bid,2610,6809.648
2024-08-16 17:35:48,ETHUSDT,bid,2610,6809.648
2024-08-16 17:35:48,ETHUSDT,bid,2610,6802.948
2024-08-16 17:35:49,ETHUSDT,bid,2610,6802.948
2024-08-16 17:35:50,ETHUSDT,bid,2610,6802.948
2024-08-16 17:35:52,ETHUSDT,bid,2610,6811.091
2024-08-16 17:35:52,ETHUSDT,bid,2610,6802.948
2024-08-16 17:35:53,ETHUSDT,bid,2610,6811.091
2024-08-16 17:35:53,ETHUSDT,bid,2610,6802.948
2024-08-16 17:35:54,ETHUSDT,bid,2610,6811.091
2024-08-16 17:35:54,ETHUSDT,bid,2610,6802.948
2024-08-16 17:35:55,ETHUSDT,bid,2610,6802.948
2024-08-16 17:35:59,ETHUSDT,bid,2610,6802.948
2024-08-16 17:36:00,ETHUSDT,bid,2610,6802.948
2024-08-16 17:36:01,ETHUSDT,bid,2610,6802.948
2024-08-16 17:36:03,ETHUSDT,bid,2610,6802.948
2024-08-16 17:36:04,ETHUSDT,bid,2610,6802.871
2024-08-16 17:36:04,ETHUSDT,bid,2610,6826.019
2024-08-16 17:36:04,ETHUSDT,bid,2610,6874.245
2024-08-16 17:36:05,ETHUSDT,bid,2610,6887.879
2024-08-16 17:36:06,ETHUSDT,bid,2610,6896.022
2024-08-16 17:36:06,ETHUSDT,bid,2610,6887.879
2024-08-16 17:36:07,ETHUSDT,bid,2610,6861.474
2024-08-16 17:36:07,ETHUSDT,bid,2610,6839.653
2024-08-16 17:36:07,ETHUSDT,bid,2610,6826.019
2024-08-16 17:36:07,ETHUSDT,bid,2610,6802.871
2024-08-16 17:36:08,ETHUSDT,bid,2610,6810.521
2024-08-16 17:36:08,ETHUSDT,bid,2610,6824.155
2024-08-16 17:36:09,ETHUSDT,bid,2610,6832.298
2024-08-16 17:36:09,ETHUSDT,bid,2610,6824.155
2024-08-16 17:36:10,ETHUSDT,bid,2610,6832.298
2024-08-16 17:36:10,ETHUSDT,bid,2610,6816.505
2024-08-16 17:36:11,ETHUSDT,bid,2610,6802.871
2024-08-16 17:36:12,ETHUSDT,bid,2610,6811.375
2024-08-16 17:36:12,ETHUSDT,bid,2610,6802.871
2024-08-16 17:36:12,ETHUSDT,bid,2610,6802.948
2024-08-16 17:36:13,ETHUSDT,bid,2610,6811.091
2024-08-16 17:36:13,ETHUSDT,bid,2610,6802.948
2024-08-16 17:36:14,ETHUSDT,bid,2610,6802.948
2024-08-16 17:36:15,ETHUSDT,bid,2610,6802.948
2024-08-16 17:36:16,ETHUSDT,bid,2610,6811.091
2024-08-16 17:36:16,ETHUSDT,bid,2610,6802.948
2024-08-16 17:36:17,ETHUSDT,bid,2610,6802.948
2024-08-16 17:36:17,ETHUSDT,bid,2610,6803.348
2024-08-16 17:36:18,ETHUSDT,bid,2610,6803.348
2024-08-16 17:36:19,ETHUSDT,bid,2610,6803.348
2024-08-16 17:36:21,ETHUSDT,bid,2610,6803.348
2024-08-16 17:36:22,ETHUSDT,bid,2610,6803.348
2024-08-16 17:36:22,ETHUSDT,bid,2610,6803.271
2024-08-16 17:36:22,ETHUSDT,bid,2610,6811.414
2024-08-16 17:36:22,ETHUSDT,bid,2610,6803.271
2024-08-16 17:36:23,ETHUSDT,bid,2610,6811.414
2024-08-16 17:36:23,ETHUSDT,bid,2610,6803.271
2024-08-16 17:36:24,ETHUSDT,bid,2610,6803.271
2024-08-16 17:36:25,ETHUSDT,bid,2610,6803.271
2024-08-16 17:36:25,ETHUSDT,bid,2610,6802.871
2024-08-16 17:36:26,ETHUSDT,bid,2610,6811.014
2024-08-16 17:36:26,ETHUSDT,bid,2610,6802.871
2024-08-16 17:36:27,ETHUSDT,bid,2610,6802.871
2024-08-16 17:36:27,ETHUSDT,bid,2610,6810.511
2024-08-16 17:36:28,ETHUSDT,bid,2610,6810.511
2024-08-16 17:36:29,ETHUSDT,bid,2610,6811.014
2024-08-16 17:36:29,ETHUSDT,bid,2610,6802.871
2024-08-16 17:36:30,ETHUSDT,bid,2610,6811.014
2024-08-16 17:36:30,ETHUSDT,bid,2610,6802.871
2024-08-16 17:36:31,ETHUSDT,bid,2610,6802.871
2024-08-16 17:36:32,ETHUSDT,bid,2610,6802.871
2024-08-16 17:36:33,ETHUSDT,bid,2610,6802.291
2024-08-16 17:36:33,ETHUSDT,bid,2610,6802.291
2024-08-16 17:36:33,ETHUSDT,bid,2610,6801.711
2024-08-16 17:36:34,ETHUSDT,bid,2610,6809.854
2024-08-16 17:36:34,ETHUSDT,bid,2610,6801.711
2024-08-16 17:36:35,ETHUSDT,bid,2610,6801.711
2024-08-16 17:36:35,ETHUSDT,bid,2610,6801.711
2024-08-16 17:36:35,ETHUSDT,bid,2610,6832.692
2024-08-16 17:36:36,ETHUSDT,bid,2610,6832.692
2024-08-16 17:36:37,ETHUSDT,bid,2610,6801.711
2024-08-16 17:36:45,ETHUSDT,bid,2610,6801.711
2024-08-16 17:36:45,ETHUSDT,bid,2610,6802.093
2024-08-16 17:36:46,ETHUSDT,bid,2610,6801.711
2024-08-16 17:36:49,ETHUSDT,bid,2610,6802.093
2024-08-16 17:36:50,ETHUSDT,bid,2610,6810.236
2024-08-16 17:36:50,ETHUSDT,bid,2610,6802.093
2024-08-16 17:36:50,ETHUSDT,bid,2610,6801.711
2024-08-16 17:36:50,ETHUSDT,bid,2610,6801.731
2024-08-16 17:36:51,ETHUSDT,bid,2610,6801.711
2024-08-16 17:36:52,ETHUSDT,bid,2610,6809.359
2024-08-16 17:36:54,ETHUSDT,bid,2610,6809.359
2024-08-16 17:36:56,ETHUSDT,bid,2610,6809.379
2024-08-16 17:36:56,ETHUSDT,bid,2610,6809.359
2024-08-16 17:36:57,ETHUSDT,bid,2610,6817.502
2024-08-16 17:36:57,ETHUSDT,bid,2610,6809.359
2024-08-16 17:36:57,ETHUSDT,bid,2610,6809.397
2024-08-16 17:36:58,ETHUSDT,bid,2610,6802.111
2024-08-16 17:36:58,ETHUSDT,bid,2610,6802.111
2024-08-16 17:36:58,ETHUSDT,bid,2610,6802.911
2024-08-16 17:36:59,ETHUSDT,bid,2610,6802.911
2024-08-16 17:37:00,ETHUSDT,bid,2610,6811.415
2024-08-16 17:37:00,ETHUSDT,bid,2610,6802.911
2024-08-16 17:37:00,ETHUSDT,bid,2610,6801.711
2024-08-16 17:37:01,ETHUSDT,bid,2610,6809.854
2024-08-16 17:37:01,ETHUSDT,bid,2610,6801.711
2024-08-16 17:37:02,ETHUSDT,bid,2610,6801.711
2024-08-16 17:37:02,ETHUSDT,bid,2610,6801.711
2024-08-16 17:37:03,ETHUSDT,bid,2610,6810.215
2024-08-16 17:37:03,ETHUSDT,bid,2610,6801.711
2024-08-16 17:37:04,ETHUSDT,bid,2610,6801.711
2024-08-16 17:37:04,ETHUSDT,bid,2610,6801.711
2024-08-16 17:37:05,ETHUSDT,bid,2610,6801.711
2024-08-16 17:37:05,ETHUSDT,bid,2610,6812.035
2024-08-16 17:37:07,ETHUSDT,bid,2610,6812.417
2024-08-16 17:37:07,ETHUSDT,bid,2610,6812.035
2024-08-16 17:37:07,ETHUSDT,bid,2610,6817.359
2024-08-16 17:37:07,ETHUSDT,bid,2610,6812.035
2024-08-16 17:37:08,ETHUSDT,bid,2610,6812.045
2024-08-16 17:37:09,ETHUSDT,bid,2610,6817.307
2024-08-16 17:37:09,ETHUSDT,bid,2610,6812.045
2024-08-16 17:37:09,ETHUSDT,bid,2610,6812.435
2024-08-16 17:37:09,ETHUSDT,bid,2610,6812.035
2024-08-16 17:37:10,ETHUSDT,bid,2610,6801.711
2024-08-16 17:37:12,ETHUSDT,bid,2610,6801.885
2024-08-16 17:37:13,ETHUSDT,bid,2610,6800.12
2024-08-16 17:37:13,ETHUSDT,bid,2610,6799.355
2024-08-16 17:37:18,ETHUSDT,bid,2610,6802.803
2024-08-16 17:37:19,ETHUSDT,bid,2610,6800.893
2024-08-16 17:37:19,ETHUSDT,bid,2610,6801.278
2024-08-16 17:37:19,ETHUSDT,bid,2610,6800.893
2024-08-16 17:37:19,ETHUSDT,bid,2610,6801.658
2024-08-16 17:37:24,ETHUSDT,bid,2610,6801.65
2024-08-16 17:37:24,ETHUSDT,bid,2610,6799.355
2024-08-16 17:37:25,ETHUSDT,bid,2610,6801.268
2024-08-16 17:37:26,ETHUSDT,bid,2610,6803.563
2024-08-16 17:37:26,ETHUSDT,bid,2610,6803.571
2024-08-16 17:37:28,ETHUSDT,bid,2610,6803.571
2024-08-16 17:37:28,ETHUSDT,bid,2610,6803.581
2024-08-16 17:37:28,ETHUSDT,bid,2610,6803.581
2024-08-16 17:37:30,ETHUSDT,bid,2610,6801.658
2024-08-16 17:37:31,ETHUSDT,bid,2610,6801.65
2024-08-16 17:37:31,ETHUSDT,bid,2610,6807.118
2024-08-16 17:37:31,ETHUSDT,bid,2610,6809.031
2024-08-16 17:37:31,ETHUSDT,bid,2610,6803.563
2024-08-16 17:37:31,ETHUSDT,bid,2610,6801.65
2024-08-16 17:37:32,ETHUSDT,bid,2610,6801.648
2024-08-16 17:37:32,ETHUSDT,bid,2610,6803.178
2024-08-16 17:37:32,ETHUSDT,bid,2610,6803.943
2024-08-16 17:37:32,ETHUSDT,bid,2610,6801.65
2024-08-16 17:37:34,ETHUSDT,bid,2610,6801.658
2024-08-16 17:37:36,ETHUSDT,bid,2610,6802.256
2024-08-16 17:37:37,ETHUSDT,bid,2610,6810.399
2024-08-16 17:37:37,ETHUSDT,bid,2610,6810.017
2024-08-16 17:37:41,ETHUSDT,bid,2610,6801.874
2024-08-16 17:37:41,ETHUSDT,bid,2610,6810.017
2024-08-16 17:37:44,ETHUSDT,bid,2610,6817.665
2024-08-16 17:37:44,ETHUSDT,bid,2610,6810.017
2024-08-16 17:37:52,ETHUSDT,bid,2610,6811.957
2024-08-16 17:37:53,ETHUSDT,bid,2610,6801.101
2024-08-16 17:37:53,ETHUSDT,bid,2610,6801.866
2024-08-16 17:37:53,ETHUSDT,bid,2610,6802.266
2024-08-16 17:37:53,ETHUSDT,bid,2610,6801.866
2024-08-16 17:37:54,ETHUSDT,bid,2610,6801.874
2024-08-16 17:37:55,ETHUSDT,bid,2610,6805.552
2024-08-16 17:37:55,ETHUSDT,bid,2610,6801.874
2024-08-16 17:37:55,ETHUSDT,bid,2610,6806.579
2024-08-16 17:37:56,ETHUSDT,bid,2610,6814.227
2024-08-16 17:37:58,ETHUSDT,bid,2610,6814.28
2024-08-16 17:37:58,ETHUSDT,bid,2610,6801.711
2024-08-16 17:37:59,ETHUSDT,bid,2610,6801.711
2024-08-16 17:38:00,ETHUSDT,bid,2610,6801.711
2024-08-16 17:38:00,ETHUSDT,bid,2610,6813.18
2024-08-16 17:38:01,ETHUSDT,bid,2610,6813.18
2024-08-16 17:38:01,ETHUSDT,bid,2610,6817.0
2024-08-16 17:38:05,ETHUSDT,bid,2610,6805.531
2024-08-16 17:38:06,ETHUSDT,bid,2610,6801.711
2024-08-16 17:38:06,ETHUSDT,bid,2610,6801.843
2024-08-16 17:38:08,ETHUSDT,bid,2610,6801.843
2024-08-16 17:38:09,ETHUSDT,bid,2610,6801.843
2024-08-16 17:38:11,ETHUSDT,bid,2610,6801.843
2024-08-16 17:38:13,ETHUSDT,bid,2610,6801.843
2024-08-16 17:38:15,ETHUSDT,bid,2610,6809.986
2024-08-16 17:38:15,ETHUSDT,bid,2610,6801.843
2024-08-16 17:38:20,ETHUSDT,bid,2610,6863.041
2024-08-16 17:38:21,ETHUSDT,bid,2610,6863.041
2024-08-16 17:38:22,ETHUSDT,bid,2610,6801.843
2024-08-16 17:38:22,ETHUSDT,bid,2610,6809.986
2024-08-16 17:38:22,ETHUSDT,bid,2610,6802.093
2024-08-16 17:38:23,ETHUSDT,bid,2610,6801.711
2024-08-16 17:38:23,ETHUSDT,bid,2610,6801.711
2024-08-16 17:38:24,ETHUSDT,bid,2610,6809.854
2024-08-16 17:38:24,ETHUSDT,bid,2610,6801.711
2024-08-16 17:38:25,ETHUSDT,bid,2610,6801.711
2024-08-16 17:38:25,ETHUSDT,bid,2610,6813.18
2024-08-16 17:38:28,ETHUSDT,bid,2610,6821.323
2024-08-16 17:38:28,ETHUSDT,bid,2610,6813.18
2024-08-16 17:38:29,ETHUSDT,bid,2610,6813.18
2024-08-16 17:38:30,ETHUSDT,bid,2610,6801.711
2024-08-16 17:38:33,ETHUSDT,bid,2610,6809.854
2024-08-16 17:38:33,ETHUSDT,bid,2610,6801.711
2024-08-16 17:38:34,ETHUSDT,bid,2610,6809.854
2024-08-16 17:38:34,ETHUSDT,bid,2610,6801.711
2024-08-16 17:38:35,ETHUSDT,bid,2610,6801.711
2024-08-16 17:38:36,ETHUSDT,bid,2610,6809.854
2024-08-16 17:38:36,ETHUSDT,bid,2610,6801.711
2024-08-16 17:38:37,ETHUSDT,bid,2610,6801.806
2024-08-16 17:38:37,ETHUSDT,bid,2610,6801.806
2024-08-16 17:38:37,ETHUSDT,bid,2610,6801.711
2024-08-16 17:38:38,ETHUSDT,bid,2610,6801.711
2024-08-16 17:38:39,ETHUSDT,bid,2610,6820.05
2024-08-16 17:38:39,ETHUSDT,bid,2610,6820.05
2024-08-16 17:38:40,ETHUSDT,bid,2610,6801.711
2024-08-16 17:38:40,ETHUSDT,bid,2610,6801.711
2024-08-16 17:38:41,ETHUSDT,bid,2610,6809.854
2024-08-16 17:38:41,ETHUSDT,bid,2610,6820.05
2024-08-16 17:38:41,ETHUSDT,bid,2610,6801.711
2024-08-16 17:38:42,ETHUSDT,bid,2610,6809.854
2024-08-16 17:38:42,ETHUSDT,bid,2610,6801.711
2024-08-16 17:38:43,ETHUSDT,bid,2610,6801.711
2024-08-16 17:38:44,ETHUSDT,bid,2610,6809.854
2024-08-16 17:38:44,ETHUSDT,bid,2610,6801.711
2024-08-16 17:38:44,ETHUSDT,bid,2610,6818.919
2024-08-16 17:38:45,ETHUSDT,bid,2610,6818.919
2024-08-16 17:38:46,ETHUSDT,bid,2610,6818.919
2024-08-16 17:38:46,ETHUSDT,bid,2610,6825.619
2024-08-16 17:38:47,ETHUSDT,bid,2610,6818.919
2024-08-16 17:38:48,ETHUSDT,bid,2610,6818.919
2024-08-16 17:38:58,ETHUSDT,bid,2610,6818.939
2024-08-16 17:38:59,ETHUSDT,bid,2610,6801.731
2024-08-16 17:39:01,ETHUSDT,bid,2610,6820.07
2024-08-16 17:39:01,ETHUSDT,bid,2610,6828.213
2024-08-16 17:39:01,ETHUSDT,bid,2610,6820.07
2024-08-16 17:39:01,ETHUSDT,bid,2610,6801.731
2024-08-16 17:39:02,ETHUSDT,bid,2610,6809.874
2024-08-16 17:39:02,ETHUSDT,bid,2610,6801.731
2024-08-16 17:39:03,ETHUSDT,bid,2610,6801.711
2024-08-16 17:39:03,ETHUSDT,bid,2610,6801.846
2024-08-16 17:39:04,ETHUSDT,bid,2610,6802.207
2024-08-16 17:39:04,ETHUSDT,bid,2610,6801.846
2024-08-16 17:39:05,ETHUSDT,bid,2610,6809.989
2024-08-16 17:39:05,ETHUSDT,bid,2610,6801.846
2024-08-16 17:39:06,ETHUSDT,bid,2610,6801.846
2024-08-16 17:39:07,ETHUSDT,bid,2610,6808.263
2024-08-16 17:39:07,ETHUSDT,bid,2610,6807.526
2024-08-16 17:39:08,ETHUSDT,bid,2610,6807.526
2024-08-16 17:39:09,ETHUSDT,bid,2610,6806.761
2024-08-16 17:39:11,ETHUSDT,bid,2610,6808.926
2024-08-16 17:39:12,ETHUSDT,bid,2610,6807.926
2024-08-16 17:39:13,ETHUSDT,bid,2610,6807.526
2024-08-16 17:39:13,ETHUSDT,bid,2610,6812.668
2024-08-16 17:39:14,ETHUSDT,bid,2610,6807.526
2024-08-16 17:39:14,ETHUSDT,bid,2610,6801.838
2024-08-16 17:39:14,ETHUSDT,bid,2610,6806.98
2024-08-16 17:39:14,ETHUSDT,bid,2610,6801.838
2024-08-16 17:39:15,ETHUSDT,bid,2610,6802.258
2024-08-16 17:39:17,ETHUSDT,bid,2610,6810.401
2024-08-16 17:39:17,ETHUSDT,bid,2610,6813.883
2024-08-16 17:39:19,ETHUSDT,bid,2610,6801.838
2024-08-16 17:39:20,ETHUSDT,bid,2610,6810.342
2024-08-16 17:39:20,ETHUSDT,bid,2610,6801.838
2024-08-16 17:39:21,ETHUSDT,bid,2610,6809.981
2024-08-16 17:39:21,ETHUSDT,bid,2610,6801.838
2024-08-16 17:39:22,ETHUSDT,bid,2610,6801.838
2024-08-16 17:39:22,ETHUSDT,bid,2610,6802.418
2024-08-16 17:39:23,ETHUSDT,bid,2610,6802.418
2024-08-16 17:39:24,ETHUSDT,bid,2610,6802.754
2024-08-16 17:39:24,ETHUSDT,bid,2610,6810.897
2024-08-16 17:39:24,ETHUSDT,bid,2610,6802.754
2024-08-16 17:39:24,ETHUSDT,bid,2610,6802.754
2024-08-16 17:39:24,ETHUSDT,bid,2610,6805.154
2024-08-16 17:39:25,ETHUSDT,bid,2610,6805.154
2024-08-16 17:39:26,ETHUSDT,bid,2610,6813.297
2024-08-16 17:39:26,ETHUSDT,bid,2610,6805.154
2024-08-16 17:39:27,ETHUSDT,bid,2610,6810.404
2024-08-16 17:39:28,ETHUSDT,bid,2610,6810.404
2024-08-16 17:39:28,ETHUSDT,bid,2610,6810.068
2024-08-16 17:39:29,ETHUSDT,bid,2610,6810.058
2024-08-16 17:39:31,ETHUSDT,bid,2610,6818.201
2024-08-16 17:39:31,ETHUSDT,bid,2610,6810.058
2024-08-16 17:39:32,ETHUSDT,bid,2610,6812.331
2024-08-16 17:39:32,ETHUSDT,bid,2610,6812.331
2024-08-16 17:39:34,ETHUSDT,bid,2610,6812.331
2024-08-16 17:39:36,ETHUSDT,bid,2610,6820.474
2024-08-16 17:39:36,ETHUSDT,bid,2610,6812.331
2024-08-16 17:39:37,ETHUSDT,bid,2610,6812.331
2024-08-16 17:39:38,ETHUSDT,bid,2610,6820.474
2024-08-16 17:39:38,ETHUSDT,bid,2610,6812.331
2024-08-16 17:39:40,ETHUSDT,bid,2610,6812.331
2024-08-16 17:39:41,ETHUSDT,bid,2610,6812.331
2024-08-16 17:39:42,ETHUSDT,bid,2610,6812.331
2024-08-16 17:39:44,ETHUSDT,bid,2610,6804.691
2024-08-16 17:39:44,ETHUSDT,bid,2610,6810.425
2024-08-16 17:39:44,ETHUSDT,bid,2610,6815.444
2024-08-16 17:39:44,ETHUSDT,bid,2610,6815.452
2024-08-16 17:39:45,ETHUSDT,bid,2610,6815.452
2024-08-16 17:39:46,ETHUSDT,bid,2610,6823.587
2024-08-16 17:39:46,ETHUSDT,bid,2610,6815.444
2024-08-16 17:39:46,ETHUSDT,bid,2610,6816.644
2024-08-16 17:39:47,ETHUSDT,bid,2610,6823.335
2024-08-16 17:39:47,ETHUSDT,bid,2610,6823.335
2024-08-16 17:39:48,ETHUSDT,bid,2610,6822.935
2024-08-16 17:39:48,ETHUSDT,bid,2610,6822.935
2024-08-16 17:39:49,ETHUSDT,bid,2610,6831.078
2024-08-16 17:39:49,ETHUSDT,bid,2610,6822.935
2024-08-16 17:39:49,ETHUSDT,bid,2610,6811.202
2024-08-16 17:39:49,ETHUSDT,bid,2610,6805.467
2024-08-16 17:39:50,ETHUSDT,bid,2610,6813.61
2024-08-16 17:39:50,ETHUSDT,bid,2610,6805.467
2024-08-16 17:39:51,ETHUSDT,bid,2610,6805.467
2024-08-16 17:39:52,ETHUSDT,bid,2610,6806.232
2024-08-16 17:39:52,ETHUSDT,bid,2610,6814.375
2024-08-16 17:39:52,ETHUSDT,bid,2610,6806.232
2024-08-16 17:39:53,ETHUSDT,bid,2610,6806.232
2024-08-16 17:39:53,ETHUSDT,bid,2610,6807.379
2024-08-16 17:39:54,ETHUSDT,bid,2610,6807.379
2024-08-16 17:39:55,ETHUSDT,bid,2610,6815.522
2024-08-16 17:39:55,ETHUSDT,bid,2610,6807.379
2024-08-16 17:39:56,ETHUSDT,bid,2610,6815.522
2024-08-16 17:39:56,ETHUSDT,bid,2610,6807.379
2024-08-16 17:39:57,ETHUSDT,bid,2610,6815.522
2024-08-16 17:39:57,ETHUSDT,bid,2610,6807.379
2024-08-16 17:39:58,ETHUSDT,bid,2610,6807.379
2024-08-16 17:39:58,ETHUSDT,bid,2610,6810.802
2024-08-16 17:39:59,ETHUSDT,bid,2610,6810.802
2024-08-16 17:40:00,ETHUSDT,bid,2610,6810.802
2024-08-16 17:40:01,ETHUSDT,bid,2610,6802.369
2024-08-16 17:40:01,ETHUSDT,bid,2610,6802.969
2024-08-16 17:40:01,ETHUSDT,bid,2610,6802.369
2024-08-16 17:40:01,ETHUSDT,bid,2610,6802.669
2024-08-16 17:40:01,ETHUSDT,bid,2610,6802.464
2024-08-16 17:40:01,ETHUSDT,bid,2610,6802.369
2024-08-16 17:40:01,ETHUSDT,bid,2610,6802.407
2024-08-16 17:40:02,ETHUSDT,bid,2610,6802.807
2024-08-16 17:40:02,ETHUSDT,bid,2610,6802.407
2024-08-16 17:40:02,ETHUSDT,bid,2610,6802.607
2024-08-16 17:40:02,ETHUSDT,bid,2610,6803.007
2024-08-16 17:40:03,ETHUSDT,bid,2610,6811.211
2024-08-16 17:40:03,ETHUSDT,bid,2610,6802.707
2024-08-16 17:40:03,ETHUSDT,bid,2610,6802.407
2024-08-16 17:40:03,ETHUSDT,bid,2610,6802.595
2024-08-16 17:40:04,ETHUSDT,bid,2610,6811.099
2024-08-16 17:40:04,ETHUSDT,bid,2610,6802.595
2024-08-16 17:40:10,ETHUSDT,bid,2610,6802.426
2024-08-16 17:40:10,ETHUSDT,bid,2610,6802.026
2024-08-16 17:40:12,ETHUSDT,bid,2610,6802.026
2024-08-16 17:40:13,ETHUSDT,bid,2610,6802.026
2024-08-16 17:40:14,ETHUSDT,bid,2610,6802.026
2024-08-16 17:40:14,ETHUSDT,bid,2610,6802.064
2024-08-16 17:40:15,ETHUSDT,bid,2610,6802.084
2024-08-16 17:40:15,ETHUSDT,bid,2610,6802.122
2024-08-16 17:40:16,ETHUSDT,bid,2610,6802.16
2024-08-16 17:40:16,ETHUSDT,bid,2610,6802.16
2024-08-16 17:40:17,ETHUSDT,bid,2610,6802.16
2024-08-16 17:40:17,ETHUSDT,bid,2610,6802.057
2024-08-16 17:40:18,ETHUSDT,bid,2610,6810.2
2024-08-16 17:40:18,ETHUSDT,bid,2610,6802.057
2024-08-16 17:40:18,ETHUSDT,bid,2610,6802.046
2024-08-16 17:40:19,ETHUSDT,bid,2610,6810.189
2024-08-16 17:40:19,ETHUSDT,bid,2610,6802.046
2024-08-16 17:40:20,ETHUSDT,bid,2610,6810.189
2024-08-16 17:40:20,ETHUSDT,bid,2610,6802.046
2024-08-16 17:40:21,ETHUSDT,bid,2610,6809.692
2024-08-16 17:40:21,ETHUSDT,bid,2610,6802.046
2024-08-16 17:40:22,ETHUSDT,bid,2610,6820.576
2024-08-16 17:40:22,ETHUSDT,bid,2610,6812.072
2024-08-16 17:40:22,ETHUSDT,bid,2610,6805.62
2024-08-16 17:40:22,ETHUSDT,bid,2610,6813.66
2024-08-16 17:40:23,ETHUSDT,bid,2610,6814.124
2024-08-16 17:40:23,ETHUSDT,bid,2610,6805.62
2024-08-16 17:40:24,ETHUSDT,bid,2610,6805.62
2024-08-16 17:40:25,ETHUSDT,bid,2610,6814.124
2024-08-16 17:40:25,ETHUSDT,bid,2610,6805.62
2024-08-16 17:40:25,ETHUSDT,bid,2610,6804.426
2024-08-16 17:40:26,ETHUSDT,bid,2610,6812.569
2024-08-16 17:40:26,ETHUSDT,bid,2610,6804.426
2024-08-16 17:40:27,ETHUSDT,bid,2610,6804.426
2024-08-16 17:40:28,ETHUSDT,bid,2610,6812.569
2024-08-16 17:40:28,ETHUSDT,bid,2610,6804.426
2024-08-16 17:40:28,ETHUSDT,bid,2610,6802.026
2024-08-16 17:40:29,ETHUSDT,bid,2610,6802.026
2024-08-16 17:40:30,ETHUSDT,bid,2610,6802.026
2024-08-16 17:40:31,ETHUSDT,bid,2610,6810.169
2024-08-16 17:40:31,ETHUSDT,bid,2610,6802.026
2024-08-16 17:40:32,ETHUSDT,bid,2610,6810.169
2024-08-16 17:40:32,ETHUSDT,bid,2610,6802.026
2024-08-16 17:40:32,ETHUSDT,bid,2610,6820.237
2024-08-16 17:40:33,ETHUSDT,bid,2610,6820.237
2024-08-16 17:40:34,ETHUSDT,bid,2610,6828.083
2024-08-16 17:40:34,ETHUSDT,bid,2610,6828.083
2024-08-16 17:40:35,ETHUSDT,bid,2610,6836.226
2024-08-16 17:40:35,ETHUSDT,bid,2610,6828.083
2024-08-16 17:40:35,ETHUSDT,bid,2610,6821.383
2024-08-16 17:40:36,ETHUSDT,bid,2610,6829.526
2024-08-16 17:40:36,ETHUSDT,bid,2610,6821.383
2024-08-16 17:40:37,ETHUSDT,bid,2610,6821.383
2024-08-16 17:40:38,ETHUSDT,bid,2610,6821.383
2024-08-16 17:40:39,ETHUSDT,bid,2610,6821.383
2024-08-16 17:40:40,ETHUSDT,bid,2610,6821.383
2024-08-16 17:40:41,ETHUSDT,bid,2610,6821.383
2024-08-16 17:40:42,ETHUSDT,bid,2610,6821.383
2024-08-16 17:40:43,ETHUSDT,bid,2610,6821.383
2024-08-16 17:40:44,ETHUSDT,bid,2610,6821.383
2024-08-16 17:40:45,ETHUSDT,bid,2610,6829.526
2024-08-16 17:40:45,ETHUSDT,bid,2610,6821.383
2024-08-16 17:40:46,ETHUSDT,bid,2610,6821.383
2024-08-16 17:40:47,ETHUSDT,bid,2610,6821.383
2024-08-16 17:40:47,ETHUSDT,bid,2610,6821.512
2024-08-16 17:40:47,ETHUSDT,bid,2610,6821.383
2024-08-16 17:40:48,ETHUSDT,bid,2610,6829.526
2024-08-16 17:40:48,ETHUSDT,bid,2610,6821.383
2024-08-16 17:40:48,ETHUSDT,bid,2610,6803.172
2024-08-16 17:40:50,ETHUSDT,bid,2610,6803.172
2024-08-16 17:40:52,ETHUSDT,bid,2610,6808.722
2024-08-16 17:40:52,ETHUSDT,bid,2610,6803.172
2024-08-16 17:40:52,ETHUSDT,bid,2610,6803.217
2024-08-16 17:40:53,ETHUSDT,bid,2610,6815.467
2024-08-16 17:40:53,ETHUSDT,bid,2610,6803.217
2024-08-16 17:40:54,ETHUSDT,bid,2610,6800.877
2024-08-16 17:41:00,ETHUSDT,bid,2610,6801.213
2024-08-16 17:41:04,ETHUSDT,bid,2610,6800.898
2024-08-16 17:41:05,ETHUSDT,bid,2610,6800.562
2024-08-16 17:41:07,ETHUSDT,bid,2610,6803.599
2024-08-16 17:41:08,ETHUSDT,bid,2610,6800.562
2024-08-16 17:41:08,ETHUSDT,bid,2610,6801.708
2024-08-16 17:41:11,ETHUSDT,bid,2610,6801.765
2024-08-16 17:42:11,ETHUSDT,bid,2610,6801.778
2024-08-16 17:42:37,ETHUSDT,bid,2610,6799.486
2024-08-16 17:42:44,ETHUSDT,bid,2270,4480.995
2024-08-16 17:44:17,ETHUSDT,bid,2610,6800.635
2024-08-16 17:44:21,ETHUSDT,bid,2610,6804.145
2024-08-16 17:44:26,ETHUSDT,bid,2610,6804.336
2024-08-16 17:44:32,ETHUSDT,bid,2610,6804.32
2024-08-16 17:44:38,ETHUSDT,bid,2610,6804.129
2024-08-16 17:44:50,ETHUSDT,bid,2610,6805.165
2024-08-16 17:44:50,ETHUSDT,bid,2610,6801.655
2024-08-16 17:44:56,ETHUSDT,bid,2610,6807.391
2024-08-16 17:45:16,ETHUSDT,bid,2610,6807.406
2024-08-16 17:45:20,ETHUSDT,bid,2610,6806.37
2024-08-16 17:45:30,ETHUSDT,bid,2610,6800.631
2024-08-16 17:45:34,ETHUSDT,bid,2610,6802.923
2024-08-16 17:45:38,ETHUSDT,bid,2610,6801.762
2024-08-16 17:45:48,ETHUSDT,bid,2610,6801.762
2024-08-16 17:45:52,ETHUSDT,bid,2610,6801.961
2024-08-16 17:45:56,ETHUSDT,bid,2610,6801.762
2024-08-16 17:45:57,ETHUSDT,bid,2610,6809.905
2024-08-16 17:45:57,ETHUSDT,bid,2610,6801.762
2024-08-16 17:45:57,ETHUSDT,bid,2610,6801.891
2024-08-16 17:45:58,ETHUSDT,bid,2610,6801.834
2024-08-16 17:45:58,ETHUSDT,bid,2610,6801.963
2024-08-16 17:45:58,ETHUSDT,bid,2610,6801.977
2024-08-16 17:46:00,ETHUSDT,bid,2610,6803.637
2024-08-16 17:46:01,ETHUSDT,bid,2610,6812.142
2024-08-16 17:46:01,ETHUSDT,bid,2610,6803.637
2024-08-16 17:46:02,ETHUSDT,bid,2610,6811.78
2024-08-16 17:46:03,ETHUSDT,bid,2610,6811.76
2024-08-16 17:46:04,ETHUSDT,bid,2610,6809.848
2024-08-16 17:46:04,ETHUSDT,bid,2610,6811.248
2024-08-16 17:46:04,ETHUSDT,bid,2610,6812.013
2024-08-16 17:46:05,ETHUSDT,bid,2610,6811.413
2024-08-16 17:46:05,ETHUSDT,bid,2610,6802.832
2024-08-16 17:46:05,ETHUSDT,bid,2610,6810.12
2024-08-16 17:46:05,ETHUSDT,bid,2610,6809.355
2024-08-16 17:46:06,ETHUSDT,bid,2610,6817.498
2024-08-16 17:46:06,ETHUSDT,bid,2610,6809.355
2024-08-16 17:46:07,ETHUSDT,bid,2610,6817.883
2024-08-16 17:46:07,ETHUSDT,bid,2610,6809.74
2024-08-16 17:46:08,ETHUSDT,bid,2610,6809.74
2024-08-16 17:46:08,ETHUSDT,bid,2610,6802.1
2024-08-16 17:46:08,ETHUSDT,bid,2610,6802.216
2024-08-16 17:46:09,ETHUSDT,bid,2610,6810.359
2024-08-16 17:46:09,ETHUSDT,bid,2610,6802.216
2024-08-16 17:46:10,ETHUSDT,bid,2610,6802.216
2024-08-16 17:46:11,ETHUSDT,bid,2610,6802.216
2024-08-16 17:46:12,ETHUSDT,bid,2610,6810.359
2024-08-16 17:46:12,ETHUSDT,bid,2610,6802.216
2024-08-16 17:46:13,ETHUSDT,bid,2610,6804.128
2024-08-16 17:46:13,ETHUSDT,bid,2610,6802.216
2024-08-16 17:46:13,ETHUSDT,bid,2610,6802.598
2024-08-16 17:46:14,ETHUSDT,bid,2610,6802.598
2024-08-16 17:46:15,ETHUSDT,bid,2610,6811.103
2024-08-16 17:46:15,ETHUSDT,bid,2610,6802.598
2024-08-16 17:46:16,ETHUSDT,bid,2610,6802.216
2024-08-16 17:46:16,ETHUSDT,bid,2610,6802.1
2024-08-16 17:46:16,ETHUSDT,bid,2610,6810.243
2024-08-16 17:46:16,ETHUSDT,bid,2610,6802.1
2024-08-16 17:46:17,ETHUSDT,bid,2610,6802.1
2024-08-16 17:46:18,ETHUSDT,bid,2610,6803.63
2024-08-16 17:46:18,ETHUSDT,bid,2610,6802.865
2024-08-16 17:46:19,ETHUSDT,bid,2610,6811.008
2024-08-16 17:46:19,ETHUSDT,bid,2610,6802.865
2024-08-16 17:46:20,ETHUSDT,bid,2610,6802.865
2024-08-16 17:46:21,ETHUSDT,bid,2610,6805.07
2024-08-16 17:46:21,ETHUSDT,bid,2610,6806.408
2024-08-16 17:46:21,ETHUSDT,bid,2610,6804.496
2024-08-16 17:46:22,ETHUSDT,bid,2610,6805.696
2024-08-16 17:46:22,ETHUSDT,bid,2610,6807.608
2024-08-16 17:46:22,ETHUSDT,bid,2610,6815.751
2024-08-16 17:46:22,ETHUSDT,bid,2610,6807.608
2024-08-16 17:46:23,ETHUSDT,bid,2610,6806.408
2024-08-16 17:46:23,ETHUSDT,bid,2610,6815.187
2024-08-16 17:46:24,ETHUSDT,bid,2610,6814.401
2024-08-16 17:46:24,ETHUSDT,bid,2610,6805.896
2024-08-16 17:46:25,ETHUSDT,bid,2610,6814.401
2024-08-16 17:46:25,ETHUSDT,bid,2610,6805.896
2024-08-16 17:46:25,ETHUSDT,bid,2610,6805.643
2024-08-16 17:46:26,ETHUSDT,bid,2610,6813.786
2024-08-16 17:46:26,ETHUSDT,bid,2610,6805.643
2024-08-16 17:46:27,ETHUSDT,bid,2610,6802.291
2024-08-16 17:46:28,ETHUSDT,bid,2610,6810.434
2024-08-16 17:46:28,ETHUSDT,bid,2610,6802.291
2024-08-16 17:46:29,ETHUSDT,bid,2610,6810.434
2024-08-16 17:46:29,ETHUSDT,bid,2610,6802.291
2024-08-16 17:46:30,ETHUSDT,bid,2610,6802.291
2024-08-16 17:46:31,ETHUSDT,bid,2610,6802.291
2024-08-16 17:46:33,ETHUSDT,bid,2610,6810.434
2024-08-16 17:46:33,ETHUSDT,bid,2610,6802.291
2024-08-16 17:46:34,ETHUSDT,bid,2610,6803.82
2024-08-16 17:46:34,ETHUSDT,bid,2610,6803.234
2024-08-16 17:46:34,ETHUSDT,bid,2610,6803.814
2024-08-16 17:46:35,ETHUSDT,bid,2610,6803.814
2024-08-16 17:46:35,ETHUSDT,bid,2610,6803.814
2024-08-16 17:46:36,ETHUSDT,bid,2610,6811.957
2024-08-16 17:46:36,ETHUSDT,bid,2610,6803.814
2024-08-16 17:46:37,ETHUSDT,bid,2610,6803.814
2024-08-16 17:46:38,ETHUSDT,bid,2610,6811.957
2024-08-16 17:46:39,ETHUSDT,bid,2610,6811.957
2024-08-16 17:46:39,ETHUSDT,bid,2610,6803.814
2024-08-16 17:46:40,ETHUSDT,bid,2610,6803.814
2024-08-16 17:46:41,ETHUSDT,bid,2610,6803.814
2024-08-16 17:46:42,ETHUSDT,bid,2610,6812.339
2024-08-16 17:46:42,ETHUSDT,bid,2610,6804.196
2024-08-16 17:46:43,ETHUSDT,bid,2610,6811.957
2024-08-16 17:46:43,ETHUSDT,bid,2610,6803.814
2024-08-16 17:46:44,ETHUSDT,bid,2610,6802.285
2024-08-16 17:46:44,ETHUSDT,bid,2610,6802.285
2024-08-16 17:46:46,ETHUSDT,bid,2610,6810.428
2024-08-16 17:46:46,ETHUSDT,bid,2610,6802.285
2024-08-16 17:46:47,ETHUSDT,bid,2610,6802.285
2024-08-16 17:46:47,ETHUSDT,bid,2610,6803.924
2024-08-16 17:46:53,ETHUSDT,bid,2610,6803.924
2024-08-16 17:46:54,ETHUSDT,bid,2610,6803.924
2024-08-16 17:46:55,ETHUSDT,bid,2610,6810.044
2024-08-16 17:46:57,ETHUSDT,bid,2610,6803.924
2024-08-16 17:47:03,ETHUSDT,bid,2610,6804.123
2024-08-16 17:47:21,ETHUSDT,bid,2610,6801.632
2024-08-16 17:47:23,ETHUSDT,bid,2610,6810.642
2024-08-16 17:47:39,ETHUSDT,bid,2610,6810.778
2024-08-16 17:47:42,ETHUSDT,bid,2610,6803.453
2024-08-16 17:47:42,ETHUSDT,bid,2610,6803.317
2024-08-16 17:47:43,ETHUSDT,bid,2610,6805.609
2024-08-16 17:47:45,ETHUSDT,bid,2610,6806.069
2024-08-16 17:47:54,ETHUSDT,bid,2610,6806.195
2024-08-16 17:47:56,ETHUSDT,bid,2610,6806.069
2024-08-16 17:47:57,ETHUSDT,bid,2610,6805.489
2024-08-16 17:47:58,ETHUSDT,bid,2610,6805.615
2024-08-16 17:48:00,ETHUSDT,bid,2610,6805.489
2024-08-16 17:48:11,ETHUSDT,bid,2610,6805.489
2024-08-16 17:48:12,ETHUSDT,bid,2610,6813.632
2024-08-16 17:48:12,ETHUSDT,bid,2610,6805.489
2024-08-16 17:48:13,ETHUSDT,bid,2610,6805.489
2024-08-16 17:48:14,ETHUSDT,bid,2610,6805.489
2024-08-16 17:48:15,ETHUSDT,bid,2610,6813.632
2024-08-16 17:48:15,ETHUSDT,bid,2610,6805.489
2024-08-16 17:48:17,ETHUSDT,bid,2610,6805.615
2024-08-16 17:48:18,ETHUSDT,bid,2610,6813.758
2024-08-16 17:48:18,ETHUSDT,bid,2610,6805.615
2024-08-16 17:48:19,ETHUSDT,bid,2610,6805.615
2024-08-16 17:48:19,ETHUSDT,bid,2610,6805.489
2024-08-16 17:48:34,ETHUSDT,bid,2610,6805.029
2024-08-16 17:48:34,ETHUSDT,bid,2610,6805.049
2024-08-16 17:48:34,ETHUSDT,bid,2610,6805.248
2024-08-16 17:48:34,ETHUSDT,bid,2610,6803.7
2024-08-16 17:48:34,ETHUSDT,bid,2610,6802.936
2024-08-16 17:48:34,ETHUSDT,bid,2610,6802.737
2024-08-16 17:48:46,ETHUSDT,bid,2610,6802.794
2024-08-16 17:49:00,ETHUSDT,bid,2610,6801.109
2024-08-16 17:49:12,ETHUSDT,ask,2910,3466.916
2024-08-16 17:49:38,ETHUSDT,bid,2610,6801.261
2024-08-16 17:49:38,ETHUSDT,bid,2610,6801.306
2024-08-16 17:49:39,ETHUSDT,bid,2610,6801.154
2024-08-16 17:49:48,ETHUSDT,bid,2610,6802.394
2024-08-16 17:49:53,ETHUSDT,bid,2610,6799.547
2024-08-16 17:50:14,ETHUSDT,bid,2610,6801.064
2024-08-16 17:50:15,ETHUSDT,bid,2610,6800.93
2024-08-16 17:50:17,ETHUSDT,bid,2610,6801.082
2024-08-16 17:50:18,ETHUSDT,bid,2610,6799.565
2024-08-16 17:50:24,ETHUSDT,bid,2610,6799.413
2024-08-16 17:50:36,ETHUSDT,bid,2610,6799.47
2024-08-16 17:50:51,ETHUSDT,bid,2610,6799.47
2024-08-16 17:51:01,ETHUSDT,bid,2610,6799.953
2024-08-16 17:51:03,ETHUSDT,bid,2610,6800.533
2024-08-16 17:51:15,ETHUSDT,bid,2610,6802.133
2024-08-16 17:51:17,ETHUSDT,bid,2610,6924.528
2024-08-16 17:51:19,ETHUSDT,bid,2610,6802.133
2024-08-16 17:51:20,ETHUSDT,bid,2610,6801.553
2024-08-16 17:51:31,ETHUSDT,bid,2610,6801.07
2024-08-16 17:51:45,ETHUSDT,bid,2610,6799.47
2024-08-16 17:51:46,ETHUSDT,bid,2610,6800.998
2024-08-16 17:51:47,ETHUSDT,bid,2610,6801.762
2024-08-16 17:51:47,ETHUSDT,bid,2610,6809.905
2024-08-16 17:51:47,ETHUSDT,bid,2610,6862.96
2024-08-16 17:52:06,ETHUSDT,bid,2610,6801.762
2024-08-16 17:52:13,ETHUSDT,bid,2610,6803.279
2024-08-16 17:52:14,ETHUSDT,bid,2610,6815.529
2024-08-16 17:52:15,ETHUSDT,bid,2610,6803.279
2024-08-16 17:52:15,ETHUSDT,bid,2610,6800.987
2024-08-16 17:52:17,ETHUSDT,bid,2610,6799.47
2024-08-16 17:52:19,ETHUSDT,bid,2610,6799.546
2024-08-16 17:53:10,ETHUSDT,bid,2610,6804.144
2024-08-16 17:53:35,ETHUSDT,bid,2610,6805.271
2024-08-16 17:53:37,ETHUSDT,bid,2610,6805.271
2024-08-16 17:53:40,ETHUSDT,bid,2610,6800.673
2024-08-16 17:53:44,ETHUSDT,bid,2610,7194.563
2024-08-16 17:53:44,ETHUSDT,bid,2610,6800.673
2024-08-16 17:53:44,ETHUSDT,bid,2610,6801.437
2024-08-16 17:53:45,ETHUSDT,bid,2610,6802.965
2024-08-16 17:53:45,ETHUSDT,bid,2610,6803.515
2024-08-16 17:53:46,ETHUSDT,bid,2610,6802.388
2024-08-16 17:53:52,ETHUSDT,bid,2610,6809.088
2024-08-16 17:53:53,ETHUSDT,bid,2610,6802.388
2024-08-16 17:53:53,ETHUSDT,bid,2610,6801.838
2024-08-16 17:53:55,ETHUSDT,bid,2610,6801.873
2024-08-16 17:53:56,ETHUSDT,bid,2610,6799.581
2024-08-16 17:54:05,ETHUSDT,bid,2610,6799.546
2024-08-16 17:54:19,ETHUSDT,bid,2610,6799.827
2024-08-16 17:54:31,ETHUSDT,bid,2610,6799.827
2024-08-16 17:54:32,ETHUSDT,bid,2610,6799.827
2024-08-16 17:54:32,ETHUSDT,bid,2610,6799.827
2024-08-16 17:54:32,ETHUSDT,bid,2610,6799.827
2024-08-16 17:54:44,ETHUSDT,bid,2610,6802.062
2024-08-16 17:54:49,ETHUSDT,bid,2610,6801.781
2024-08-16 17:55:05,ETHUSDT,bid,2610,6809.924
2024-08-16 17:55:05,ETHUSDT,bid,2610,6801.781
2024-08-16 17:55:06,ETHUSDT,bid,2610,6809.924
2024-08-16 17:55:06,ETHUSDT,bid,2610,6801.781
2024-08-16 17:55:08,ETHUSDT,bid,2610,6799.794
2024-08-16 17:55:12,ETHUSDT,bid,2610,6799.489
2024-08-16 17:55:27,ETHUSDT,bid,2610,6799.619
2024-08-16 17:55:27,ETHUSDT,bid,2610,6801.147
2024-08-16 17:55:27,ETHUSDT,bid,2610,6801.911
2024-08-16 17:55:35,ETHUSDT,bid,2610,6799.619
2024-08-16 17:55:36,ETHUSDT,bid,2610,6799.489
2024-08-16 17:55:43,ETHUSDT,bid,2610,6799.546
2024-08-16 17:56:02,ETHUSDT,bid,2610,6799.698
2024-08-16 17:56:06,ETHUSDT,bid,2610,6799.622
2024-08-16 17:56:15,ETHUSDT,bid,2610,6799.47
2024-08-16 17:56:21,ETHUSDT,bid,2610,6799.587
2024-08-16 17:56:29,ETHUSDT,bid,2610,6799.47
2024-08-16 17:56:37,ETHUSDT,bid,2610,6801.47
2024-08-16 17:56:40,ETHUSDT,bid,2610,6799.47
2024-08-16 17:56:44,ETHUSDT,bid,2610,6801.149
2024-08-16 17:56:45,ETHUSDT,bid,2610,6802.298
2024-08-16 17:57:27,ETHUSDT,bid,2610,6802.287
2024-08-16 17:57:31,ETHUSDT,bid,2610,6802.951
2024-08-16 17:57:37,ETHUSDT,bid,2610,6800.123
2024-08-16 17:57:40,ETHUSDT,bid,2610,6800.123
2024-08-16 17:58:01,ETHUSDT,bid,2610,6799.459
2024-08-16 17:58:51,ETHUSDT,bid,2610,6801.751
2024-08-16 17:58:54,ETHUSDT,bid,2610,6801.751
2024-08-16 17:58:58,ETHUSDT,bid,2610,6803.268
2024-08-16 17:58:58,ETHUSDT,bid,2610,6809.388
2024-08-16 17:58:59,ETHUSDT,bid,2610,6803.268
2024-08-16 17:59:03,ETHUSDT,bid,2610,6803.268
2024-08-16 17:59:07,ETHUSDT,bid,2610,6801.751
2024-08-16 17:59:13,ETHUSDT,bid,2610,6809.894
2024-08-16 17:59:13,ETHUSDT,bid,2610,6801.751
2024-08-16 17:59:16,ETHUSDT,bid,2610,6801.751
2024-08-16 17:59:17,ETHUSDT,bid,2610,6801.751
2024-08-16 17:59:18,ETHUSDT,bid,2610,6801.751
2024-08-16 17:59:19,ETHUSDT,bid,2610,6801.98
2024-08-16 17:59:21,ETHUSDT,bid,2610,6808.68
2024-08-16 17:59:23,ETHUSDT,bid,2610,6801.98
2024-08-16 17:59:30,ETHUSDT,bid,2610,6805.961
2024-08-16 17:59:30,ETHUSDT,bid,2610,6804.433
2024-08-16 17:59:31,ETHUSDT,bid,2610,6803.669
2024-08-16 17:59:54,ETHUSDT,bid,2610,6803.44
2024-08-16 17:59:55,ETHUSDT,bid,2610,6803.46
2024-08-16 18:00:02,ETHUSDT,bid,2610,6803.44
2024-08-16 18:00:02,ETHUSDT,bid,2610,6800.976
2024-08-16 18:00:03,ETHUSDT,bid,2610,6803.268
2024-08-16 18:00:03,ETHUSDT,bid,2610,6803.268
2024-08-16 18:00:03,ETHUSDT,bid,2610,6803.785
2024-08-16 18:00:05,ETHUSDT,bid,2610,6811.928
2024-08-16 18:00:05,ETHUSDT,bid,2610,6803.785
2024-08-16 18:00:05,ETHUSDT,bid,2610,6810.485
2024-08-16 18:00:06,ETHUSDT,bid,2610,6818.628
2024-08-16 18:00:06,ETHUSDT,bid,2610,6810.485
2024-08-16 18:00:06,ETHUSDT,bid,2610,6803.785
2024-08-16 18:00:07,ETHUSDT,bid,2610,6803.785
2024-08-16 18:00:07,ETHUSDT,bid,2610,6803.785
2024-08-16 18:00:10,ETHUSDT,bid,2610,6803.905
2024-08-16 18:00:12,ETHUSDT,bid,2610,6812.048
2024-08-16 18:00:12,ETHUSDT,bid,2610,6802.388
2024-08-16 18:00:13,ETHUSDT,bid,2610,6810.531
2024-08-16 18:00:13,ETHUSDT,bid,2610,6802.388
2024-08-16 18:00:14,ETHUSDT,bid,2610,6802.388
2024-08-16 18:00:15,ETHUSDT,bid,2610,6802.388
2024-08-16 18:00:16,ETHUSDT,bid,2610,6810.202
2024-08-16 18:00:16,ETHUSDT,bid,2610,6801.694
2024-08-16 18:00:17,ETHUSDT,bid,2610,6807.378
2024-08-16 18:00:18,ETHUSDT,bid,2610,6807.378
2024-08-16 18:00:19,ETHUSDT,bid,2610,6807.378
2024-08-16 18:00:20,ETHUSDT,bid,2610,6807.378
2024-08-16 18:00:22,ETHUSDT,bid,2610,6815.886
2024-08-16 18:00:22,ETHUSDT,bid,2610,6807.378
2024-08-16 18:00:22,ETHUSDT,bid,2610,6808.178
2024-08-16 18:00:24,ETHUSDT,bid,2610,6802.33
2024-08-16 18:00:24,ETHUSDT,bid,2610,6802.561
2024-08-16 18:00:25,ETHUSDT,bid,2610,6802.179
2024-08-16 18:00:26,ETHUSDT,bid,2610,6802.544
2024-08-16 18:00:26,ETHUSDT,bid,2610,6802.179
2024-08-16 18:00:27,ETHUSDT,bid,2610,6828.219
2024-08-16 18:00:28,ETHUSDT,bid,2610,6801.814
2024-08-16 18:00:28,ETHUSDT,bid,2610,6809.957
2024-08-16 18:00:28,ETHUSDT,bid,2610,6801.814
2024-08-16 18:00:29,ETHUSDT,bid,2610,6801.814
2024-08-16 18:00:30,ETHUSDT,bid,2610,6809.957
2024-08-16 18:00:30,ETHUSDT,bid,2610,6806.591
2024-08-16 18:00:30,ETHUSDT,bid,2610,6833.035
2024-08-16 18:00:31,ETHUSDT,bid,2610,6828.258
2024-08-16 18:00:31,ETHUSDT,bid,2610,6836.401
2024-08-16 18:00:31,ETHUSDT,bid,2610,6812.626
2024-08-16 18:00:31,ETHUSDT,bid,2610,6801.814
2024-08-16 18:00:31,ETHUSDT,bid,2610,6805.634
2024-08-16 18:00:31,ETHUSDT,bid,2610,6806.398
2024-08-16 18:00:32,ETHUSDT,bid,2610,6801.814
2024-08-16 18:00:33,ETHUSDT,bid,2610,6803.331
2024-08-16 18:00:33,ETHUSDT,bid,2610,6803.331
2024-08-16 18:00:33,ETHUSDT,bid,2610,6803.911
2024-08-16 18:00:34,ETHUSDT,bid,2610,6812.054
2024-08-16 18:00:34,ETHUSDT,bid,2610,6803.911
2024-08-16 18:00:35,ETHUSDT,bid,2610,6812.054
2024-08-16 18:00:35,ETHUSDT,bid,2610,6803.911
2024-08-16 18:00:36,ETHUSDT,bid,2610,6803.911
2024-08-16 18:00:37,ETHUSDT,bid,2610,6803.911
2024-08-16 18:00:37,ETHUSDT,bid,2610,6802.394
