2024-08-14 07:01:42,BTCUSDT,ask,61800,539.866
2024-08-14 07:06:54,BTCUSDT,ask,61800,539.701
2024-08-14 07:07:20,BTCUSDT,ask,61800,539.687
2024-08-14 07:11:35,BTCUSDT,ask,61800,539.678
2024-08-14 07:11:48,BTCUSDT,bid,47000,874.33
2024-08-14 07:12:31,BTCUSDT,ask,61800,539.576
2024-08-14 07:13:53,BTCUSDT,ask,61800,539.574
2024-08-14 07:15:50,BTCUSDT,ask,61800,539.654
2024-08-14 07:22:59,BTCUSDT,ask,61800,539.493
2024-08-14 07:23:06,BTCUSDT,ask,61800,539.393
2024-08-14 07:24:02,BTCUSDT,ask,61800,539.411
2024-08-14 07:24:51,BTCUSDT,ask,61800,536.782
2024-08-14 07:27:17,BTCUSDT,ask,61800,536.702
2024-08-14 07:30:04,BTCUSDT,ask,61800,536.704
2024-08-14 07:01:41,BTCUSD_PERP,bid,60100,531.82
2024-08-14 07:01:41,BTCUSD_PERP,bid,60000,532.13
2024-08-14 07:01:41,BTCUSD_PERP,bid,60000,591.59
2024-08-14 07:02:37,BTCUSD_PERP,bid,60000,531.84
2024-08-14 07:02:37,BTCUSD_PERP,bid,60000,591.27
2024-08-14 07:03:02,BTCUSD_PERP,ask,61100,498.03
2024-08-14 07:04:39,BTCUSD_PERP,bid,59900,532.64
2024-08-14 07:04:43,BTCUSD_PERP,bid,59900,547.01
2024-08-14 07:04:43,BTCUSD_PERP,bid,59900,549.16
2024-08-14 07:04:47,BTCUSD_PERP,bid,59900,531.24
2024-08-14 07:04:47,BTCUSD_PERP,bid,59900,590.6
2024-08-14 07:06:30,BTCUSD_PERP,bid,59900,531.47
2024-08-14 07:06:30,BTCUSD_PERP,bid,59900,590.2
2024-08-14 07:06:30,BTCUSD_PERP,bid,59900,649.53
2024-08-14 07:07:28,BTCUSD_PERP,bid,59900,531.47
2024-08-14 07:07:37,BTCUSD_PERP,bid,59900,533.21
2024-08-14 07:09:59,BTCUSD_PERP,bid,60100,547.38
2024-08-14 07:09:59,BTCUSD_PERP,bid,60100,548.62
2024-08-14 07:10:00,BTCUSD_PERP,bid,60100,607.52
2024-08-14 07:10:34,BTCUSD_PERP,bid,60100,533.1
2024-08-14 07:13:09,BTCUSD_PERP,bid,60100,592.6
2024-08-14 07:13:22,BTCUSD_PERP,bid,60000,721.1
2024-08-14 07:13:51,BTCUSD_PERP,bid,60000,661.63
2024-08-14 07:13:51,BTCUSD_PERP,bid,60000,602.77
2024-08-14 07:13:51,BTCUSD_PERP,bid,60000,543.3
2024-08-14 07:13:52,BTCUSD_PERP,bid,60100,593.7
2024-08-14 07:13:52,BTCUSD_PERP,bid,60100,652.6
2024-08-14 07:13:52,BTCUSD_PERP,bid,60100,712.1
2024-08-14 07:13:53,BTCUSD_PERP,bid,60100,771.0
2024-08-14 07:15:52,BTCUSD_PERP,bid,60000,711.73
2024-08-14 07:16:42,BTCUSD_PERP,bid,60000,592.47
2024-08-14 07:17:46,BTCUSD_PERP,bid,60000,533.03
2024-08-14 07:20:56,BTCUSD_PERP,bid,60000,592.9
2024-08-14 07:20:56,BTCUSD_PERP,bid,60000,652.38
2024-08-14 07:20:57,BTCUSD_PERP,bid,60000,711.86
2024-08-14 07:20:57,BTCUSD_PERP,bid,60000,771.34
2024-08-14 07:21:21,BTCUSD_PERP,bid,60000,711.96
2024-08-14 07:21:21,BTCUSD_PERP,bid,60000,593.6
2024-08-14 07:21:21,BTCUSD_PERP,bid,60000,534.12
2024-08-14 07:21:22,BTCUSD_PERP,bid,60100,534.38
2024-08-14 07:21:22,BTCUSD_PERP,bid,60100,593.3
2024-08-14 07:21:22,BTCUSD_PERP,bid,60100,652.82
2024-08-14 07:21:22,BTCUSD_PERP,bid,60100,712.34
2024-08-14 07:21:23,BTCUSD_PERP,bid,60100,771.86
2024-08-14 07:21:28,BTCUSD_PERP,bid,60100,712.94
2024-08-14 07:21:28,BTCUSD_PERP,bid,60100,653.42
2024-08-14 07:21:28,BTCUSD_PERP,bid,60100,594.5
2024-08-14 07:21:29,BTCUSD_PERP,bid,60100,501.1
2024-08-14 07:21:29,BTCUSD_PERP,bid,60100,560.66
2024-08-14 07:21:29,BTCUSD_PERP,bid,60100,529.52
2024-08-14 07:21:29,BTCUSD_PERP,bid,60100,619.61
2024-08-14 07:21:29,BTCUSD_PERP,bid,60100,678.56
2024-08-14 07:21:29,BTCUSD_PERP,bid,60100,738.02
2024-08-14 07:21:29,BTCUSD_PERP,bid,60100,797.58
2024-08-14 07:21:30,BTCUSD_PERP,bid,60100,856.53
2024-08-14 07:21:30,BTCUSD_PERP,bid,60100,975.65
2024-08-14 07:21:30,BTCUSD_PERP,bid,60100,1094.77
2024-08-14 07:21:33,BTCUSD_PERP,bid,60100,1096.03
2024-08-14 07:21:50,BTCUSD_PERP,bid,60100,918.57
2024-08-14 07:21:51,BTCUSD_PERP,bid,60100,771.32
2024-08-14 07:21:51,BTCUSD_PERP,bid,60100,830.84
2024-08-14 07:21:51,BTCUSD_PERP,bid,60100,890.36
2024-08-14 07:22:05,BTCUSD_PERP,bid,60100,712.5
2024-08-14 07:22:06,BTCUSD_PERP,bid,60100,652.98
2024-08-14 07:22:06,BTCUSD_PERP,bid,60100,593.46
2024-08-14 07:22:06,BTCUSD_PERP,bid,60100,533.94
2024-08-14 07:22:07,BTCUSD_PERP,bid,60100,533.62
2024-08-14 07:22:07,BTCUSD_PERP,bid,60100,593.18
2024-08-14 07:22:07,BTCUSD_PERP,bid,60100,711.69
2024-08-14 07:22:07,BTCUSD_PERP,bid,60100,770.64
2024-08-14 07:23:26,BTCUSD_PERP,bid,60000,668.77
2024-08-14 07:23:29,BTCUSD_PERP,bid,60000,720.16
2024-08-14 07:23:40,BTCUSD_PERP,bid,60000,709.8
2024-08-14 07:24:32,BTCUSD_PERP,bid,60000,651.0
2024-08-14 07:24:32,BTCUSD_PERP,bid,60000,532.8
2024-08-14 07:24:34,BTCUSD_PERP,bid,60000,592.0
2024-08-14 07:24:34,BTCUSD_PERP,bid,60000,710.28
2024-08-14 07:24:34,BTCUSD_PERP,bid,60000,769.72
2024-08-14 07:25:02,BTCUSD_PERP,bid,60000,710.28
2024-08-14 07:25:03,BTCUSD_PERP,bid,60000,651.44
2024-08-14 07:25:03,BTCUSD_PERP,bid,60000,533.16
2024-08-14 07:25:56,BTCUSD_PERP,bid,60100,534.79
2024-08-14 07:26:03,BTCUSD_PERP,bid,60100,536.05
2024-08-14 07:28:04,BTCUSD_PERP,bid,60100,534.79
2024-08-14 07:29:42,BTCUSD_PERP,bid,60100,533.59
2024-08-14 07:29:42,BTCUSD_PERP,bid,60100,592.49
2024-08-14 07:29:52,BTCUSD_PERP,bid,60100,592.53
2024-08-14 07:29:57,BTCUSD_PERP,bid,60100,533.85
2024-08-14 07:30:06,BTCUSD_PERP,bid,60100,533.89
