2024-08-10 00:00:07,BTCUSDT,ask,61600,511.859
2024-08-10 00:00:08,BTCUSDT,ask,61300,510.3
2024-08-10 00:00:09,BTCUSDT,ask,61900,514.538
2024-08-10 00:00:20,BTCUSDT,ask,61400,506.048
2024-08-10 00:00:31,BTCUSDT,ask,61500,557.74
2024-08-10 00:00:33,BTCUSDT,ask,61300,511.876
2024-08-10 00:00:37,BTCUSDT,ask,62000,649.078
2024-08-10 00:00:44,BTCUSDT,ask,61500,557.738
2024-08-10 00:00:44,BTCUSDT,ask,62000,649.076
2024-08-10 00:00:44,BTCUSDT,ask,62500,684.011
2024-08-10 00:00:54,BTCUSDT,ask,62000,649.104
2024-08-10 00:00:55,BTCUSDT,ask,62000,649.069
2024-08-10 00:00:55,BTCUSDT,ask,62100,506.232
2024-08-10 00:00:57,BTCUSDT,ask,61300,510.28
2024-08-10 00:00:58,BTCUSDT,ask,61500,557.739
2024-08-10 00:01:03,BTCUSDT,ask,61500,558.739
2024-08-10 00:01:11,BTCUSDT,ask,61500,558.708
2024-08-10 00:01:16,BTCUSDT,ask,62400,516.827
2024-08-10 00:01:22,BTCUSDT,ask,62500,684.013
2024-08-10 00:01:24,BTCUSDT,ask,62200,513.792
2024-08-10 00:01:24,BTCUSDT,ask,62300,521.568
2024-08-10 00:01:33,BTCUSDT,ask,62400,516.925
2024-08-10 00:01:34,BTCUSDT,ask,61500,558.709
2024-08-10 00:01:38,BTCUSDT,ask,62500,684.251
2024-08-10 00:01:47,BTCUSDT,ask,62300,521.361
2024-08-10 00:01:48,BTCUSDT,ask,61200,504.104
2024-08-10 00:01:48,BTCUSDT,ask,62000,649.094
2024-08-10 00:01:56,BTCUSDT,bid,47500,636.043
2024-08-10 00:02:01,BTCUSDT,ask,61500,558.887
2024-08-10 00:02:08,BTCUSDT,ask,61500,558.89
2024-08-10 00:02:12,BTCUSDT,ask,62400,516.967
2024-08-10 00:02:36,BTCUSDT,ask,61400,506.13
2024-08-10 00:02:41,BTCUSDT,ask,61100,545.36
2024-08-10 00:02:53,BTCUSDT,ask,61200,504.104
2024-08-10 00:02:55,BTCUSDT,ask,61100,545.273
2024-08-10 00:02:55,BTCUSDT,ask,62300,521.655
2024-08-10 00:02:56,BTCUSDT,ask,61100,545.264
2024-08-10 00:02:57,BTCUSDT,ask,61200,526.977
2024-08-10 00:03:14,BTCUSDT,ask,62500,684.665
2024-08-10 00:03:17,BTCUSDT,ask,61400,506.358
2024-08-10 00:03:21,BTCUSDT,ask,61800,510.673
2024-08-10 00:03:31,BTCUSDT,ask,61400,506.408
2024-08-10 00:03:33,BTCUSDT,ask,61600,509.859
2024-08-10 00:03:36,BTCUSDT,ask,61500,557.887
2024-08-10 00:03:44,BTCUSDT,ask,61100,545.414
2024-08-10 00:03:54,BTCUSDT,ask,62500,684.251
2024-08-10 00:03:56,BTCUSDT,ask,61400,506.18
2024-08-10 00:03:56,BTCUSDT,ask,62500,684.233
2024-08-10 00:04:16,BTCUSDT,ask,61900,514.559
2024-08-10 00:04:28,BTCUSDT,ask,62400,516.965
2024-08-10 00:04:33,BTCUSDT,ask,61200,526.937
2024-08-10 00:04:33,BTCUSDT,ask,61300,510.32
2024-08-10 00:04:33,BTCUSDT,ask,62400,516.981
2024-08-10 00:04:34,BTCUSDT,ask,61500,557.862
2024-08-10 00:04:37,BTCUSDT,ask,61100,545.384
2024-08-10 00:04:41,BTCUSDT,ask,62000,649.072
2024-08-10 00:04:42,BTCUSDT,ask,61900,514.57
2024-08-10 00:04:51,BTCUSDT,ask,61100,545.382
2024-08-10 00:04:59,BTCUSDT,ask,62500,684.229
2024-08-10 00:05:01,BTCUSDT,ask,61100,545.402
2024-08-10 00:05:01,BTCUSDT,ask,62500,684.254
2024-08-10 00:05:02,BTCUSDT,ask,61500,557.772
2024-08-10 00:05:09,BTCUSDT,ask,61200,526.962
2024-08-10 00:05:13,BTCUSDT,ask,61600,509.895
2024-08-10 00:05:13,BTCUSDT,ask,62000,649.164
2024-08-10 00:05:17,BTCUSDT,ask,61400,506.215
2024-08-10 00:05:32,BTCUSDT,ask,61200,526.952
2024-08-10 00:05:38,BTCUSDT,ask,61700,509.795
2024-08-10 00:05:51,BTCUSDT,ask,61200,526.973
2024-08-10 00:06:06,BTCUSDT,ask,61500,557.78
2024-08-10 00:06:08,BTCUSDT,ask,61200,526.915
2024-08-10 00:06:13,BTCUSDT,ask,62500,684.243
2024-08-10 00:06:36,BTCUSDT,ask,62400,516.932
2024-08-10 00:06:40,BTCUSDT,ask,62000,649.182
2024-08-10 00:06:59,BTCUSDT,ask,61100,545.404
2024-08-10 00:07:01,BTCUSDT,ask,62000,649.164
2024-08-10 00:07:15,BTCUSDT,ask,61100,545.406
2024-08-10 00:07:16,BTCUSDT,ask,62200,513.752
2024-08-10 00:07:19,BTCUSDT,ask,62500,684.236
2024-08-10 00:07:25,BTCUSDT,ask,62000,649.183
2024-08-10 00:07:29,BTCUSDT,ask,61500,557.53
2024-08-10 00:07:32,BTCUSDT,ask,62300,521.704
2024-08-10 00:07:32,BTCUSDT,ask,62400,516.883
2024-08-10 00:07:39,BTCUSDT,ask,61500,557.527
2024-08-10 00:07:48,BTCUSDT,ask,62000,649.149
2024-08-10 00:07:52,BTCUSDT,ask,61400,506.235
2024-08-10 00:07:54,BTCUSDT,ask,62400,516.886
2024-08-10 00:07:55,BTCUSDT,ask,61200,526.923
2024-08-10 00:07:56,BTCUSDT,ask,61500,557.615
2024-08-10 00:08:03,BTCUSDT,ask,61200,527.659
2024-08-10 00:08:05,BTCUSDT,ask,61400,506.244
2024-08-10 00:08:12,BTCUSDT,ask,61800,510.675
2024-08-10 00:08:12,BTCUSDT,ask,62000,649.147
2024-08-10 00:08:13,BTCUSDT,ask,61700,509.805
2024-08-10 00:08:17,BTCUSDT,ask,62000,649.128
2024-08-10 00:08:17,BTCUSDT,ask,61600,509.995
2024-08-10 00:08:23,BTCUSDT,ask,62000,649.139
2024-08-10 00:08:25,BTCUSDT,ask,61400,506.444
2024-08-10 00:08:28,BTCUSDT,ask,61400,506.244
2024-08-10 00:08:29,BTCUSDT,ask,61400,506.444
2024-08-10 00:08:31,BTCUSDT,ask,61400,506.244
2024-08-10 00:08:32,BTCUSDT,ask,62000,649.173
2024-08-10 00:08:34,BTCUSDT,ask,61500,557.618
2024-08-10 00:08:38,BTCUSDT,ask,62500,684.248
2024-08-10 00:08:47,BTCUSDT,ask,61800,510.707
2024-08-10 00:08:52,BTCUSDT,ask,61300,510.442
2024-08-10 00:08:55,BTCUSDT,ask,61200,527.578
2024-08-10 00:08:56,BTCUSDT,ask,61600,509.986
2024-08-10 00:08:59,BTCUSDT,ask,61800,510.705
2024-08-10 00:09:00,BTCUSDT,ask,62000,649.193
2024-08-10 00:09:15,BTCUSDT,ask,62500,684.253
2024-08-10 00:09:32,BTCUSDT,ask,61200,527.59
2024-08-10 00:09:50,BTCUSDT,ask,61200,529.158
2024-08-10 00:09:53,BTCUSDT,bid,47000,859.587
2024-08-10 00:09:53,BTCUSDT,ask,61400,506.247
2024-08-10 00:09:53,BTCUSDT,ask,61800,510.708
2024-08-10 00:09:53,BTCUSDT,ask,62200,513.755
2024-08-10 00:10:14,BTCUSDT,ask,61100,545.584
2024-08-10 00:10:19,BTCUSDT,ask,61100,545.441
2024-08-10 00:10:22,BTCUSDT,ask,61400,506.331
2024-08-10 00:10:24,BTCUSDT,ask,62000,649.205
2024-08-10 00:10:40,BTCUSDT,ask,61500,557.628
2024-08-10 00:10:46,BTCUSDT,bid,47000,859.584
2024-08-10 00:10:46,BTCUSDT,ask,61400,506.328
2024-08-10 00:10:46,BTCUSDT,ask,61800,510.705
2024-08-10 00:10:46,BTCUSDT,ask,62200,513.752
2024-08-10 00:10:51,BTCUSDT,ask,61200,529.675
2024-08-10 00:10:54,BTCUSDT,ask,61300,510.481
2024-08-10 00:10:56,BTCUSDT,ask,61300,510.484
2024-08-10 00:10:59,BTCUSDT,ask,62000,649.129
2024-08-10 00:11:01,BTCUSDT,ask,62500,684.149
2024-08-10 00:11:04,BTCUSDT,ask,61800,510.708
2024-08-10 00:11:12,BTCUSDT,ask,61800,511.716
2024-08-10 00:11:13,BTCUSDT,ask,62300,521.71
2024-08-10 00:11:14,BTCUSDT,ask,61100,545.471
2024-08-10 00:11:20,BTCUSDT,ask,61300,510.487
2024-08-10 00:11:26,BTCUSDT,ask,62500,683.425
2024-08-10 00:11:56,BTCUSDT,ask,62400,516.877
2024-08-10 00:12:17,BTCUSDT,ask,61500,557.728
2024-08-10 00:12:23,BTCUSDT,ask,62000,649.139
2024-08-10 00:12:24,BTCUSDT,ask,61400,506.331
2024-08-10 00:12:25,BTCUSDT,ask,62000,649.144
2024-08-10 00:12:26,BTCUSDT,ask,61200,529.659
2024-08-10 00:12:27,BTCUSDT,ask,62000,649.142
2024-08-10 00:12:27,BTCUSDT,ask,62100,506.222
2024-08-10 00:12:31,BTCUSDT,ask,61100,545.471
2024-08-10 00:12:49,BTCUSDT,ask,61200,530.159
2024-08-10 00:12:51,BTCUSDT,ask,61200,530.164
2024-08-10 00:12:54,BTCUSDT,ask,61500,557.612
2024-08-10 00:13:00,BTCUSDT,bid,47500,636.047
2024-08-10 00:13:00,BTCUSDT,ask,62500,683.429
2024-08-10 00:13:10,BTCUSDT,ask,62000,649.152
2024-08-10 00:13:14,BTCUSDT,ask,61400,506.374
2024-08-10 00:13:17,BTCUSDT,ask,61200,530.817
2024-08-10 00:13:18,BTCUSDT,ask,62500,683.129
2024-08-10 00:13:26,BTCUSDT,ask,61200,531.47
2024-08-10 00:13:32,BTCUSDT,ask,62000,649.217
2024-08-10 00:13:36,BTCUSDT,ask,61200,531.547
2024-08-10 00:13:36,BTCUSDT,ask,61200,531.555
2024-08-10 00:13:38,BTCUSDT,ask,62500,683.154
2024-08-10 00:13:42,BTCUSDT,ask,62200,513.782
2024-08-10 00:13:43,BTCUSDT,ask,61800,511.704
2024-08-10 00:13:58,BTCUSDT,ask,61100,543.265
2024-08-10 00:13:58,BTCUSDT,ask,62000,649.299
2024-08-10 00:14:06,BTCUSDT,ask,62000,649.362
2024-08-10 00:14:14,BTCUSDT,ask,62200,513.791
2024-08-10 00:14:29,BTCUSDT,ask,62000,649.429
2024-08-10 00:14:35,BTCUSDT,ask,61200,531.745
2024-08-10 00:14:42,BTCUSDT,ask,62500,683.461
2024-08-10 00:14:49,BTCUSDT,ask,61400,506.545
2024-08-10 00:14:54,BTCUSDT,ask,62000,649.632
2024-08-10 00:14:55,BTCUSDT,ask,62300,521.736
2024-08-10 00:15:00,BTCUSDT,ask,61500,557.774
2024-08-10 00:15:03,BTCUSDT,ask,62400,516.888
2024-08-10 00:15:09,BTCUSDT,ask,61500,500.567
2024-08-10 00:15:16,BTCUSDT,ask,62300,521.71
2024-08-10 00:15:16,BTCUSDT,ask,61500,501.377
2024-08-10 00:15:16,BTCUSDT,ask,61500,502.594
2024-08-10 00:15:17,BTCUSDT,ask,62000,649.647
2024-08-10 00:15:17,BTCUSDT,ask,61500,503.243
2024-08-10 00:15:18,BTCUSDT,ask,61500,504.085
2024-08-10 00:15:18,BTCUSDT,ask,61500,504.473
2024-08-10 00:15:25,BTCUSDT,ask,61600,510.384
2024-08-10 00:15:30,BTCUSDT,ask,62000,649.637
2024-08-10 00:15:34,BTCUSDT,ask,62000,649.663
2024-08-10 00:15:40,BTCUSDT,ask,61500,557.43
2024-08-10 00:15:41,BTCUSDT,ask,62000,649.653
2024-08-10 00:15:48,BTCUSDT,ask,61600,510.391
2024-08-10 00:15:48,BTCUSDT,ask,62400,516.872
2024-08-10 00:16:10,BTCUSDT,ask,61200,535.439
2024-08-10 00:16:14,BTCUSDT,ask,61100,543.216
2024-08-10 00:16:18,BTCUSDT,ask,61100,543.316
2024-08-10 00:16:19,BTCUSDT,ask,61500,557.334
2024-08-10 00:16:19,BTCUSDT,ask,61100,543.216
2024-08-10 00:16:21,BTCUSDT,ask,61600,510.407
2024-08-10 00:16:24,BTCUSDT,ask,61400,507.39
2024-08-10 00:16:25,BTCUSDT,ask,61800,511.662
2024-08-10 00:16:30,BTCUSDT,ask,62500,683.663
2024-08-10 00:16:31,BTCUSDT,ask,61600,510.607
2024-08-10 00:16:33,BTCUSDT,ask,61100,544.448
2024-08-10 00:16:35,BTCUSDT,ask,61300,510.445
2024-08-10 00:16:36,BTCUSDT,ask,61200,535.42
2024-08-10 00:16:37,BTCUSDT,ask,61200,535.427
2024-08-10 00:16:37,BTCUSDT,ask,61500,557.341
2024-08-10 00:16:38,BTCUSDT,ask,61200,535.431
2024-08-10 00:16:40,BTCUSDT,ask,61500,560.593
2024-08-10 00:16:43,BTCUSDT,ask,61200,535.424
2024-08-10 00:16:43,BTCUSDT,ask,61300,510.449
2024-08-10 00:16:44,BTCUSDT,ask,62500,683.874
2024-08-10 00:16:49,BTCUSDT,ask,61500,560.507
2024-08-10 00:16:49,BTCUSDT,ask,61400,507.394
2024-08-10 00:16:49,BTCUSDT,ask,61600,510.245
2024-08-10 00:16:52,BTCUSDT,ask,62000,650.909
2024-08-10 00:16:52,BTCUSDT,ask,61100,544.606
2024-08-10 00:16:55,BTCUSDT,ask,61400,511.092
2024-08-10 00:16:57,BTCUSDT,ask,61500,561.477
2024-08-10 00:17:05,BTCUSDT,ask,61800,511.664
2024-08-10 00:17:12,BTCUSDT,ask,61700,509.005
2024-08-10 00:17:13,BTCUSDT,ask,61200,535.292
2024-08-10 00:17:13,BTCUSDT,ask,61900,514.515
2024-08-10 00:17:14,BTCUSDT,ask,62500,683.894
2024-08-10 00:17:23,BTCUSDT,ask,61200,535.285
2024-08-10 00:17:25,BTCUSDT,ask,61100,544.599
2024-08-10 00:17:26,BTCUSDT,ask,61100,544.61
2024-08-10 00:17:28,BTCUSDT,ask,61100,544.58
2024-08-10 00:17:29,BTCUSDT,ask,61200,535.283
2024-08-10 00:17:30,BTCUSDT,ask,62100,506.246
2024-08-10 00:17:31,BTCUSDT,ask,62000,650.733
2024-08-10 00:17:35,BTCUSDT,ask,61200,535.608
2024-08-10 00:17:37,BTCUSDT,ask,61800,511.666
2024-08-10 00:17:38,BTCUSDT,ask,62200,513.806
2024-08-10 00:17:38,BTCUSDT,ask,62300,522.71
2024-08-10 00:17:40,BTCUSDT,ask,61500,561.603
2024-08-10 00:17:42,BTCUSDT,ask,61800,511.893
2024-08-10 00:17:44,BTCUSDT,ask,62300,522.734
2024-08-10 00:17:47,BTCUSDT,ask,61800,512.009
2024-08-10 00:17:48,BTCUSDT,ask,61700,509.015
2024-08-10 00:17:49,BTCUSDT,ask,61100,544.584
2024-08-10 00:17:49,BTCUSDT,ask,61500,561.619
2024-08-10 00:17:49,BTCUSDT,ask,62400,516.911
2024-08-10 00:17:53,BTCUSDT,ask,61200,535.552
2024-08-10 00:17:54,BTCUSDT,ask,62500,683.899
2024-08-10 00:17:54,BTCUSDT,ask,61100,544.586
2024-08-10 00:17:58,BTCUSDT,ask,61200,535.258
2024-08-10 00:17:59,BTCUSDT,ask,61200,535.25
2024-08-10 00:17:59,BTCUSDT,ask,61500,560.653
2024-08-10 00:18:03,BTCUSDT,ask,61600,510.25
2024-08-10 00:18:07,BTCUSDT,ask,61200,535.254
2024-08-10 00:18:10,BTCUSDT,ask,62000,650.969
2024-08-10 00:18:11,BTCUSDT,ask,62400,517.024
2024-08-10 00:18:18,BTCUSDT,ask,61500,560.783
2024-08-10 00:18:18,BTCUSDT,ask,61200,535.316
2024-08-10 00:18:18,BTCUSDT,ask,61300,510.826
2024-08-10 00:18:18,BTCUSDT,ask,61500,560.657
2024-08-10 00:18:18,BTCUSDT,ask,61600,510.266
2024-08-10 00:18:18,BTCUSDT,ask,62200,513.93
2024-08-10 00:18:26,BTCUSDT,bid,47500,636.043
2024-08-10 00:18:26,BTCUSDT,ask,62500,683.889
2024-08-10 00:18:27,BTCUSDT,ask,61200,535.389
2024-08-10 00:18:27,BTCUSDT,ask,61200,535.454
2024-08-10 00:18:40,BTCUSDT,ask,62500,683.897
2024-08-10 00:18:47,BTCUSDT,ask,61200,535.654
2024-08-10 00:18:49,BTCUSDT,ask,62000,651.051
2024-08-10 00:18:54,BTCUSDT,ask,62000,651.091
2024-08-10 00:18:55,BTCUSDT,ask,61600,510.249
2024-08-10 00:19:00,BTCUSDT,ask,61100,544.592
2024-08-10 00:19:02,BTCUSDT,ask,61500,560.857
2024-08-10 00:19:03,BTCUSDT,ask,61500,560.88
2024-08-10 00:19:04,BTCUSDT,ask,61500,560.68
2024-08-10 00:19:06,BTCUSDT,ask,61500,560.88
2024-08-10 00:19:08,BTCUSDT,ask,61500,560.68
2024-08-10 00:19:10,BTCUSDT,ask,61200,535.66
2024-08-10 00:19:13,BTCUSDT,ask,62000,651.157
2024-08-10 00:19:20,BTCUSDT,ask,62000,651.253
2024-08-10 00:19:20,BTCUSDT,ask,61200,535.663
2024-08-10 00:19:20,BTCUSDT,ask,61500,560.583
2024-08-10 00:19:20,BTCUSDT,ask,61800,512.039
2024-08-10 00:19:20,BTCUSDT,ask,62100,506.249
2024-08-10 00:19:20,BTCUSDT,ask,62400,517.027
2024-08-10 00:19:23,BTCUSDT,ask,62000,651.753
2024-08-10 00:19:24,BTCUSDT,ask,62000,651.751
2024-08-10 00:19:24,BTCUSDT,ask,62000,651.779
2024-08-10 00:19:30,BTCUSDT,ask,62000,651.755
2024-08-10 00:19:30,BTCUSDT,ask,62400,517.051
2024-08-10 00:19:32,BTCUSDT,ask,61500,560.58
2024-08-10 00:19:32,BTCUSDT,ask,62500,683.715
2024-08-10 00:19:46,BTCUSDT,ask,62000,651.76
2024-08-10 00:20:04,BTCUSDT,ask,61400,510.047
2024-08-10 00:20:10,BTCUSDT,ask,62400,517.047
2024-08-10 00:20:12,BTCUSDT,ask,61400,510.093
2024-08-10 00:20:12,BTCUSDT,ask,62300,522.874
2024-08-10 00:20:22,BTCUSDT,ask,62200,514.01
2024-08-10 00:20:37,BTCUSDT,ask,61200,535.623
2024-08-10 00:20:41,BTCUSDT,ask,62500,683.743
2024-08-10 00:20:48,BTCUSDT,ask,61900,514.519
2024-08-10 00:20:50,BTCUSDT,ask,61100,544.567
2024-08-10 00:20:53,BTCUSDT,ask,61300,510.927
2024-08-10 00:20:59,BTCUSDT,ask,61100,544.56
2024-08-10 00:21:01,BTCUSDT,ask,62500,683.741
2024-08-10 00:21:02,BTCUSDT,ask,61300,510.956
2024-08-10 00:21:03,BTCUSDT,ask,62000,651.756
2024-08-10 00:21:09,BTCUSDT,ask,61600,509.974
2024-08-10 00:21:13,BTCUSDT,bid,47500,636.048
2024-08-10 00:21:13,BTCUSDT,ask,62500,683.746
2024-08-10 00:21:14,BTCUSDT,ask,61100,544.567
2024-08-10 00:21:16,BTCUSDT,ask,61500,560.564
2024-08-10 00:21:18,BTCUSDT,ask,62000,651.74
2024-08-10 00:21:18,BTCUSDT,ask,61500,560.574
2024-08-10 00:21:20,BTCUSDT,ask,62500,683.818
2024-08-10 00:21:24,BTCUSDT,ask,62500,683.983
2024-08-10 00:21:30,BTCUSDT,ask,62200,514.058
2024-08-10 00:21:35,BTCUSDT,ask,61100,543.34
2024-08-10 00:21:37,BTCUSDT,ask,61500,560.504
2024-08-10 00:21:49,BTCUSDT,ask,62000,651.751
2024-08-10 00:21:56,BTCUSDT,ask,61200,535.616
2024-08-10 00:21:56,BTCUSDT,ask,61500,560.497
2024-08-10 00:21:59,BTCUSDT,ask,61500,560.509
2024-08-10 00:22:02,BTCUSDT,ask,61500,560.539
2024-08-10 00:22:05,BTCUSDT,ask,61200,535.861
2024-08-10 00:22:07,BTCUSDT,ask,62000,651.721
2024-08-10 00:22:07,BTCUSDT,ask,62500,683.975
2024-08-10 00:22:40,BTCUSDT,ask,61400,510.247
2024-08-10 00:22:42,BTCUSDT,ask,61400,510.047
2024-08-10 00:22:45,BTCUSDT,ask,61300,510.956
2024-08-10 00:22:50,BTCUSDT,ask,61200,535.788
2024-08-10 00:23:08,BTCUSDT,ask,61100,543.346
2024-08-10 00:23:11,BTCUSDT,ask,62300,522.825
2024-08-10 00:23:15,BTCUSDT,ask,61300,512.552
2024-08-10 00:23:16,BTCUSDT,ask,61300,513.35
2024-08-10 00:23:16,BTCUSDT,ask,61300,514.148
2024-08-10 00:23:16,BTCUSDT,ask,61800,562.054
2024-08-10 00:23:27,BTCUSDT,ask,62200,514.258
2024-08-10 00:23:27,BTCUSDT,ask,62400,516.847
2024-08-10 00:23:29,BTCUSDT,ask,61400,510.247
2024-08-10 00:23:30,BTCUSDT,ask,61400,510.204
2024-08-10 00:23:32,BTCUSDT,ask,61400,510.004
2024-08-10 00:23:33,BTCUSDT,ask,61400,510.204
2024-08-10 00:23:35,BTCUSDT,ask,61400,510.004
2024-08-10 00:23:39,BTCUSDT,ask,61100,543.399
2024-08-10 00:23:45,BTCUSDT,ask,61300,512.552
2024-08-10 00:23:46,BTCUSDT,ask,61300,510.956
2024-08-10 00:23:51,BTCUSDT,ask,62500,684.059
2024-08-10 00:23:57,BTCUSDT,ask,62000,651.744
2024-08-10 00:24:07,BTCUSDT,ask,61700,509.033
2024-08-10 00:24:12,BTCUSDT,ask,61400,509.954
2024-08-10 00:24:33,BTCUSDT,ask,61500,560.555
2024-08-10 00:24:47,BTCUSDT,ask,61100,543.346
2024-08-10 00:24:47,BTCUSDT,ask,61500,560.607
2024-08-10 00:24:48,BTCUSDT,ask,61500,563.859
2024-08-10 00:24:53,BTCUSDT,ask,62500,684.052
2024-08-10 00:24:58,BTCUSDT,ask,61600,509.977
2024-08-10 00:25:03,BTCUSDT,ask,61500,563.697
2024-08-10 00:25:12,BTCUSDT,ask,61100,543.296
2024-08-10 00:25:16,BTCUSDT,bid,47500,636.253
2024-08-10 00:25:21,BTCUSDT,ask,61300,511.725
2024-08-10 00:25:22,BTCUSDT,ask,62500,684.077
2024-08-10 00:25:24,BTCUSDT,ask,61300,512.523
2024-08-10 00:25:41,BTCUSDT,ask,61200,536.888
2024-08-10 00:25:48,BTCUSDT,ask,62300,522.845
2024-08-10 00:25:50,BTCUSDT,ask,61300,511.725
2024-08-10 00:25:52,BTCUSDT,ask,61500,562.697
2024-08-10 00:25:54,BTCUSDT,ask,61300,510.927
2024-08-10 00:25:54,BTCUSDT,ask,62000,652.066
2024-08-10 00:26:00,BTCUSDT,ask,61700,509.044
2024-08-10 00:26:18,BTCUSDT,ask,61500,562.685
2024-08-10 00:26:24,BTCUSDT,ask,61900,514.527
2024-08-10 00:26:25,BTCUSDT,ask,62000,652.141
2024-08-10 00:26:29,BTCUSDT,ask,61500,562.735
2024-08-10 00:26:31,BTCUSDT,ask,61100,542.964
2024-08-10 00:26:39,BTCUSDT,ask,62100,506.258
2024-08-10 00:26:44,BTCUSDT,ask,61500,562.772
2024-08-10 00:26:47,BTCUSDT,ask,62200,514.264
2024-08-10 00:26:48,BTCUSDT,ask,62000,652.099
2024-08-10 00:26:51,BTCUSDT,ask,62200,514.262
2024-08-10 00:26:53,BTCUSDT,ask,62300,522.853
2024-08-10 00:26:55,BTCUSDT,ask,61500,562.735
2024-08-10 00:26:58,BTCUSDT,ask,62000,652.151
2024-08-10 00:26:59,BTCUSDT,ask,62400,516.856
2024-08-10 00:27:04,BTCUSDT,ask,62400,514.959
2024-08-10 00:27:06,BTCUSDT,ask,62000,652.099
2024-08-10 00:27:15,BTCUSDT,ask,61200,536.643
2024-08-10 00:27:17,BTCUSDT,ask,62000,652.202
2024-08-10 00:27:25,BTCUSDT,ask,61500,562.685
2024-08-10 00:27:31,BTCUSDT,ask,61500,562.738
2024-08-10 00:27:31,BTCUSDT,ask,62500,685.293
2024-08-10 00:27:32,BTCUSDT,ask,61200,536.943
2024-08-10 00:27:44,BTCUSDT,ask,61100,542.957
2024-08-10 00:27:47,BTCUSDT,ask,61500,564.738
2024-08-10 00:27:50,BTCUSDT,ask,61200,537.743
2024-08-10 00:27:53,BTCUSDT,bid,47000,859.58
2024-08-10 00:27:53,BTCUSDT,bid,47500,636.249
2024-08-10 00:27:58,BTCUSDT,ask,62500,687.293
2024-08-10 00:28:01,BTCUSDT,ask,61200,537.243
2024-08-10 00:28:19,BTCUSDT,ask,61200,536.443
2024-08-10 00:28:20,BTCUSDT,ask,62500,687.299
2024-08-10 00:28:28,BTCUSDT,ask,62000,652.086
2024-08-10 00:28:33,BTCUSDT,ask,62500,687.291
2024-08-10 00:28:38,BTCUSDT,ask,61100,542.976
2024-08-10 00:28:40,BTCUSDT,ask,61900,514.727
2024-08-10 00:28:42,BTCUSDT,ask,61500,564.74
2024-08-10 00:28:43,BTCUSDT,ask,62400,516.953
2024-08-10 00:28:51,BTCUSDT,ask,61400,506.256
2024-08-10 00:28:53,BTCUSDT,ask,62000,652.118
2024-08-10 00:28:54,BTCUSDT,ask,62000,652.121
2024-08-10 00:29:04,BTCUSDT,ask,61500,564.69
2024-08-10 00:29:22,BTCUSDT,ask,61300,510.765
2024-08-10 00:29:29,BTCUSDT,ask,61800,562.052
2024-08-10 00:29:40,BTCUSDT,ask,61500,564.684
2024-08-10 00:29:40,BTCUSDT,ask,61600,509.982
2024-08-10 00:29:47,BTCUSDT,ask,62000,652.221
2024-08-10 00:29:48,BTCUSDT,ask,61500,564.686
2024-08-10 00:29:56,BTCUSDT,ask,61200,536.627
2024-08-10 00:29:57,BTCUSDT,ask,61700,508.234
2024-08-10 00:29:57,BTCUSDT,ask,62500,687.293
2024-08-10 00:30:15,BTCUSDT,ask,61100,542.97
2024-08-10 00:30:16,BTCUSDT,ask,62500,687.298
2024-08-10 00:30:22,BTCUSDT,bid,47000,859.765
2024-08-10 00:30:23,BTCUSDT,ask,61100,542.978
2024-08-10 00:30:25,BTCUSDT,ask,62000,652.223
2024-08-10 00:30:34,BTCUSDT,ask,61800,562.032
2024-08-10 00:30:43,BTCUSDT,ask,62500,687.3
2024-08-10 00:30:49,BTCUSDT,ask,61300,510.847
2024-08-10 00:30:58,BTCUSDT,ask,62000,652.225
2024-08-10 00:31:00,BTCUSDT,ask,62500,687.29
2024-08-10 00:31:03,BTCUSDT,ask,61800,562.17
2024-08-10 00:31:17,BTCUSDT,ask,61500,564.931
2024-08-10 00:31:29,BTCUSDT,ask,62500,687.348
2024-08-10 00:31:31,BTCUSDT,ask,61200,536.988
2024-08-10 00:31:34,BTCUSDT,ask,62200,515.262
2024-08-10 00:31:36,BTCUSDT,ask,61500,564.747
2024-08-10 00:31:37,BTCUSDT,ask,61500,564.777
2024-08-10 00:31:51,BTCUSDT,ask,61500,564.779
2024-08-10 00:31:55,BTCUSDT,ask,61700,508.237
2024-08-10 00:32:03,BTCUSDT,ask,61300,510.772
2024-08-10 00:32:05,BTCUSDT,ask,61500,564.744
2024-08-10 00:32:07,BTCUSDT,ask,62000,652.227
2024-08-10 00:32:10,BTCUSDT,ask,61300,510.605
2024-08-10 00:32:10,BTCUSDT,ask,61900,514.719
2024-08-10 00:32:14,BTCUSDT,ask,61400,506.354
2024-08-10 00:32:15,BTCUSDT,ask,61100,542.987
2024-08-10 00:32:21,BTCUSDT,ask,61200,537.004
2024-08-10 00:32:26,BTCUSDT,ask,61400,506.327
2024-08-10 00:32:26,BTCUSDT,ask,62000,652.162
2024-08-10 00:32:28,BTCUSDT,ask,61300,510.523
2024-08-10 00:32:29,BTCUSDT,ask,62200,515.232
2024-08-10 00:32:31,BTCUSDT,ask,62000,652.165
2024-08-10 00:32:33,BTCUSDT,ask,61300,510.526
2024-08-10 00:32:33,BTCUSDT,ask,61800,562.173
2024-08-10 00:32:34,BTCUSDT,ask,61500,564.769
2024-08-10 00:32:37,BTCUSDT,ask,61500,564.761
2024-08-10 00:32:37,BTCUSDT,ask,61600,510.08
2024-08-10 00:32:39,BTCUSDT,ask,62500,687.35
2024-08-10 00:32:42,BTCUSDT,ask,62000,652.263
2024-08-10 00:32:45,BTCUSDT,ask,62300,521.853
2024-08-10 00:32:55,BTCUSDT,ask,61500,564.761
2024-08-10 00:32:59,BTCUSDT,ask,62500,688.37
2024-08-10 00:33:02,BTCUSDT,ask,62500,688.47
2024-08-10 00:33:03,BTCUSDT,ask,61700,508.239
2024-08-10 00:33:12,BTCUSDT,ask,62000,652.265
2024-08-10 00:33:14,BTCUSDT,ask,62300,521.88
2024-08-10 00:33:19,BTCUSDT,ask,61700,508.168
2024-08-10 00:33:19,BTCUSDT,ask,61500,564.745
2024-08-10 00:33:23,BTCUSDT,ask,61700,508.171
2024-08-10 00:33:27,BTCUSDT,ask,61300,510.534
2024-08-10 00:33:36,BTCUSDT,ask,61800,562.176
2024-08-10 00:33:42,BTCUSDT,ask,62300,524.68
2024-08-10 00:33:45,BTCUSDT,ask,62000,652.257
2024-08-10 00:33:52,BTCUSDT,ask,61700,508.186
2024-08-10 00:33:55,BTCUSDT,ask,61900,514.722
2024-08-10 00:33:58,BTCUSDT,ask,62100,506.242
2024-08-10 00:34:11,BTCUSDT,ask,62100,506.195
2024-08-10 00:34:12,BTCUSDT,ask,61200,537.363
2024-08-10 00:34:27,BTCUSDT,ask,62400,516.969
2024-08-10 00:34:32,BTCUSDT,ask,61200,537.004
2024-08-10 00:34:37,BTCUSDT,ask,61500,564.764
2024-08-10 00:34:38,BTCUSDT,ask,61600,510.087
2024-08-10 00:34:42,BTCUSDT,ask,61100,542.857
2024-08-10 00:34:45,BTCUSDT,ask,62000,652.26
2024-08-10 00:34:50,BTCUSDT,ask,61100,542.757
2024-08-10 00:34:56,BTCUSDT,ask,61500,562.23
2024-08-10 00:35:09,BTCUSDT,ask,62000,652.332
2024-08-10 00:35:16,BTCUSDT,ask,61200,538.272
2024-08-10 00:35:24,BTCUSDT,ask,62500,688.472
2024-08-10 00:35:27,BTCUSDT,ask,61500,562.334
2024-08-10 00:35:28,BTCUSDT,ask,61900,514.69
2024-08-10 00:35:28,BTCUSDT,ask,62000,652.301
2024-08-10 00:35:28,BTCUSDT,ask,62100,506.162
2024-08-10 00:35:28,BTCUSDT,ask,62200,515.201
2024-08-10 00:35:28,BTCUSDT,ask,62300,524.656
2024-08-10 00:35:28,BTCUSDT,ask,62400,516.937
2024-08-10 00:35:28,BTCUSDT,ask,62500,688.44
2024-08-10 00:35:28,BTCUSDT,ask,61200,537.004
2024-08-10 00:35:30,BTCUSDT,ask,61500,561.951
2024-08-10 00:35:31,BTCUSDT,ask,61100,542.766
2024-08-10 00:35:37,BTCUSDT,ask,62300,524.648
2024-08-10 00:35:40,BTCUSDT,ask,61400,506.431
2024-08-10 00:35:40,BTCUSDT,ask,62000,652.266
2024-08-10 00:35:41,BTCUSDT,ask,62000,652.282
2024-08-10 00:35:42,BTCUSDT,ask,61100,544.034
2024-08-10 00:35:49,BTCUSDT,ask,61100,544.025
2024-08-10 00:35:50,BTCUSDT,ask,62000,652.382
2024-08-10 00:35:53,BTCUSDT,ask,62000,652.378
2024-08-10 00:35:56,BTCUSDT,ask,62200,515.241
2024-08-10 00:35:56,BTCUSDT,ask,61200,536.91
2024-08-10 00:35:57,BTCUSDT,ask,61500,561.935
2024-08-10 00:35:57,BTCUSDT,ask,61300,510.539
2024-08-10 00:35:58,BTCUSDT,ask,61200,533.675
2024-08-10 00:36:02,BTCUSDT,ask,61900,514.777
2024-08-10 00:36:02,BTCUSDT,ask,62300,524.638
2024-08-10 00:36:03,BTCUSDT,ask,61300,510.289
2024-08-10 00:36:04,BTCUSDT,ask,62000,652.378
2024-08-10 00:36:05,BTCUSDT,ask,61400,506.231
2024-08-10 00:36:08,BTCUSDT,ask,62000,652.39
2024-08-10 00:36:10,BTCUSDT,ask,61800,562.276
2024-08-10 00:36:10,BTCUSDT,ask,61500,561.94
2024-08-10 00:36:11,BTCUSDT,ask,62500,688.453
2024-08-10 00:36:13,BTCUSDT,ask,62500,688.351
2024-08-10 00:36:14,BTCUSDT,ask,62000,652.477
2024-08-10 00:36:18,BTCUSDT,ask,62300,524.643
2024-08-10 00:36:22,BTCUSDT,ask,62100,506.278
2024-08-10 00:36:24,BTCUSDT,ask,61100,544.142
2024-08-10 00:36:30,BTCUSDT,ask,62200,515.325
2024-08-10 00:36:30,BTCUSDT,ask,62500,688.451
2024-08-10 00:36:32,BTCUSDT,ask,62300,524.651
2024-08-10 00:36:32,BTCUSDT,ask,62300,524.648
2024-08-10 00:36:33,BTCUSDT,ask,62300,524.664
2024-08-10 00:36:37,BTCUSDT,ask,62300,524.75
2024-08-10 00:36:38,BTCUSDT,ask,61100,544.304
2024-08-10 00:36:46,BTCUSDT,ask,62400,517.022
2024-08-10 00:36:47,BTCUSDT,ask,62200,515.333
2024-08-10 00:36:51,BTCUSDT,ask,62500,688.531
2024-08-10 00:37:06,BTCUSDT,ask,61800,561.775
2024-08-10 00:37:07,BTCUSDT,ask,62000,652.377
2024-08-10 00:37:09,BTCUSDT,ask,62000,652.401
2024-08-10 00:37:11,BTCUSDT,ask,61500,561.961
2024-08-10 00:37:13,BTCUSDT,ask,61400,506.211
2024-08-10 00:37:16,BTCUSDT,ask,62200,515.807
2024-08-10 00:37:17,BTCUSDT,ask,61800,561.733
2024-08-10 00:37:20,BTCUSDT,ask,61500,561.941
2024-08-10 00:37:21,BTCUSDT,ask,62000,652.601
2024-08-10 00:37:22,BTCUSDT,ask,61200,534.432
2024-08-10 00:37:25,BTCUSDT,ask,61500,561.92
2024-08-10 00:37:28,BTCUSDT,ask,62500,688.473
2024-08-10 00:37:28,BTCUSDT,ask,61200,534.416
2024-08-10 00:37:30,BTCUSDT,ask,61200,534.496
2024-08-10 00:37:33,BTCUSDT,ask,61600,510.169
2024-08-10 00:37:38,BTCUSDT,ask,61400,506.369
2024-08-10 00:37:39,BTCUSDT,ask,61600,510.182
2024-08-10 00:37:39,BTCUSDT,ask,61500,561.904
2024-08-10 00:37:41,BTCUSDT,ask,61300,510.297
2024-08-10 00:37:42,BTCUSDT,ask,61800,561.813
2024-08-10 00:37:43,BTCUSDT,ask,61300,510.379
2024-08-10 00:37:44,BTCUSDT,ask,62500,688.489
2024-08-10 00:37:44,BTCUSDT,ask,62500,688.521
2024-08-10 00:37:45,BTCUSDT,ask,61300,510.618
2024-08-10 00:37:47,BTCUSDT,ask,62200,515.809
2024-08-10 00:37:51,BTCUSDT,ask,61200,534.507
2024-08-10 00:37:53,BTCUSDT,ask,61700,508.195
2024-08-10 00:37:59,BTCUSDT,ask,61200,534.427
2024-08-10 00:38:01,BTCUSDT,ask,61500,562.008
2024-08-10 00:38:02,BTCUSDT,ask,62000,652.609
2024-08-10 00:38:03,BTCUSDT,ask,61800,561.877
2024-08-10 00:38:03,BTCUSDT,ask,62200,515.817
2024-08-10 00:38:04,BTCUSDT,ask,61500,562.363
2024-08-10 00:38:07,BTCUSDT,ask,61500,566.605
2024-08-10 00:38:10,BTCUSDT,ask,61500,566.613
2024-08-10 00:38:11,BTCUSDT,ask,61300,510.623
2024-08-10 00:38:14,BTCUSDT,ask,62300,524.758
2024-08-10 00:38:15,BTCUSDT,ask,61100,544.404
2024-08-10 00:38:16,BTCUSDT,ask,61300,510.625
2024-08-10 00:38:17,BTCUSDT,ask,61600,510.595
2024-08-10 00:38:17,BTCUSDT,ask,62300,524.74
2024-08-10 00:38:18,BTCUSDT,ask,61100,544.304
2024-08-10 00:38:18,BTCUSDT,ask,61900,514.758
2024-08-10 00:38:20,BTCUSDT,ask,61600,510.136
2024-08-10 00:38:22,BTCUSDT,ask,61200,534.416
2024-08-10 00:38:24,BTCUSDT,ask,61300,510.623
2024-08-10 00:38:25,BTCUSDT,ask,61100,544.306
2024-08-10 00:38:26,BTCUSDT,ask,62200,515.335
2024-08-10 00:38:26,BTCUSDT,ask,61100,544.314
2024-08-10 00:38:26,BTCUSDT,ask,61500,566.597
2024-08-10 00:38:26,BTCUSDT,ask,62500,688.537
2024-08-10 00:38:26,BTCUSDT,ask,61800,561.797
2024-08-10 00:38:26,BTCUSDT,ask,62100,506.357
2024-08-10 00:38:28,BTCUSDT,ask,62500,688.449
2024-08-10 00:38:32,BTCUSDT,ask,62500,688.279
2024-08-10 00:38:33,BTCUSDT,ask,61100,544.414
2024-08-10 00:38:35,BTCUSDT,ask,61100,544.416
2024-08-10 00:38:36,BTCUSDT,ask,61100,544.316
2024-08-10 00:38:37,BTCUSDT,ask,61100,544.416
2024-08-10 00:38:38,BTCUSDT,ask,61500,566.608
2024-08-10 00:38:39,BTCUSDT,ask,61100,544.316
2024-08-10 00:38:39,BTCUSDT,ask,61200,534.418
2024-08-10 00:38:39,BTCUSDT,ask,61400,506.447
2024-08-10 00:38:40,BTCUSDT,ask,62500,688.391
2024-08-10 00:38:40,BTCUSDT,ask,62500,688.375
2024-08-10 00:38:41,BTCUSDT,ask,61800,561.997
2024-08-10 00:38:45,BTCUSDT,ask,61100,544.359
2024-08-10 00:38:48,BTCUSDT,ask,61300,510.652
2024-08-10 00:38:51,BTCUSDT,ask,61500,566.819
2024-08-10 00:38:52,BTCUSDT,ask,62100,506.383
2024-08-10 00:38:56,BTCUSDT,ask,61700,508.218
2024-08-10 00:38:59,BTCUSDT,ask,61500,566.821
2024-08-10 00:38:59,BTCUSDT,ask,61700,508.216
2024-08-10 00:38:59,BTCUSDT,ask,61500,500.482
2024-08-10 00:39:00,BTCUSDT,ask,61500,500.0
2024-08-10 00:39:01,BTCUSDT,ask,61300,510.649
2024-08-10 00:39:02,BTCUSDT,ask,62500,689.342
2024-08-10 00:39:04,BTCUSDT,ask,61800,561.999
2024-08-10 00:39:05,BTCUSDT,ask,61500,500.487
2024-08-10 00:39:05,BTCUSDT,ask,61100,544.462
2024-08-10 00:39:11,BTCUSDT,ask,61900,514.76
2024-08-10 00:39:16,BTCUSDT,ask,61300,510.62
2024-08-10 00:39:19,BTCUSDT,ask,61200,535.712
2024-08-10 00:39:30,BTCUSDT,ask,61200,535.745
2024-08-10 00:39:34,BTCUSDT,ask,61600,510.595
2024-08-10 00:39:37,BTCUSDT,ask,62000,555.897
2024-08-10 00:39:46,BTCUSDT,ask,62000,555.979
2024-08-10 00:39:55,BTCUSDT,ask,62100,506.385
2024-08-10 00:40:03,BTCUSDT,ask,61400,506.463
2024-08-10 00:40:09,BTCUSDT,ask,61500,566.817
2024-08-10 00:40:09,BTCUSDT,ask,61500,566.82
2024-08-10 00:40:11,BTCUSDT,ask,62500,689.292
2024-08-10 00:40:14,BTCUSDT,ask,61200,535.028
2024-08-10 00:40:17,BTCUSDT,ask,62000,555.985
2024-08-10 00:40:20,BTCUSDT,ask,62200,515.351
2024-08-10 00:40:30,BTCUSDT,ask,62200,515.355
2024-08-10 00:40:33,BTCUSDT,ask,61500,566.268
2024-08-10 00:40:39,BTCUSDT,ask,62100,506.387
2024-08-10 00:40:48,BTCUSDT,ask,62100,506.385
2024-08-10 00:40:49,BTCUSDT,ask,62000,556.017
2024-08-10 00:41:12,BTCUSDT,ask,62000,555.977
2024-08-10 00:41:15,BTCUSDT,ask,62000,555.981
2024-08-10 00:41:19,BTCUSDT,ask,61200,535.048
2024-08-10 00:41:19,BTCUSDT,ask,62400,517.014
2024-08-10 00:41:20,BTCUSDT,ask,62200,515.372
2024-08-10 00:41:26,BTCUSDT,ask,61200,534.254
2024-08-10 00:41:29,BTCUSDT,ask,61200,534.274
2024-08-10 00:41:33,BTCUSDT,ask,62500,689.308
2024-08-10 00:41:34,BTCUSDT,ask,62500,689.316
2024-08-10 00:41:46,BTCUSDT,ask,61100,544.466
2024-08-10 00:41:50,BTCUSDT,ask,62500,689.29
2024-08-10 00:41:51,BTCUSDT,ask,61600,510.69
2024-08-10 00:41:53,BTCUSDT,ask,61500,500.0
2024-08-10 00:41:58,BTCUSDT,ask,61500,566.468
2024-08-10 00:42:00,BTCUSDT,ask,61500,566.268
2024-08-10 00:42:02,BTCUSDT,ask,61200,534.28
2024-08-10 00:42:05,BTCUSDT,ask,61100,544.363
2024-08-10 00:42:17,BTCUSDT,ask,62000,555.944
2024-08-10 00:42:19,BTCUSDT,ask,61500,566.468
2024-08-10 00:42:21,BTCUSDT,ask,61500,566.268
2024-08-10 00:42:32,BTCUSDT,ask,61200,534.283
2024-08-10 00:42:32,BTCUSDT,ask,62500,689.323
2024-08-10 00:42:47,BTCUSDT,ask,61600,510.713
2024-08-10 00:42:56,BTCUSDT,ask,62000,555.936
2024-08-10 00:42:57,BTCUSDT,ask,62000,555.939
2024-08-10 00:43:19,BTCUSDT,ask,61100,544.38
2024-08-10 00:43:27,BTCUSDT,ask,61500,566.465
2024-08-10 00:43:40,BTCUSDT,ask,61500,566.514
2024-08-10 00:43:41,BTCUSDT,ask,62500,689.423
2024-08-10 00:43:57,BTCUSDT,ask,61500,566.453
2024-08-10 00:44:10,BTCUSDT,ask,62200,515.508
2024-08-10 00:44:31,BTCUSDT,ask,61600,510.71
2024-08-10 00:44:31,BTCUSDT,ask,62000,556.039
2024-08-10 00:44:32,BTCUSDT,ask,61300,510.617
2024-08-10 00:44:33,BTCUSDT,ask,61500,566.451
2024-08-10 00:44:36,BTCUSDT,ask,62000,556.052
2024-08-10 00:44:36,BTCUSDT,ask,61500,500.957
2024-08-10 00:44:50,BTCUSDT,ask,62100,506.335
2024-08-10 00:44:59,BTCUSDT,ask,61100,544.382
2024-08-10 00:45:00,BTCUSDT,ask,61500,566.437
2024-08-10 00:45:03,BTCUSDT,ask,62100,506.375
2024-08-10 00:45:06,BTCUSDT,ask,61500,500.0
2024-08-10 00:45:12,BTCUSDT,bid,47500,636.244
2024-08-10 00:45:12,BTCUSDT,ask,62500,689.418
2024-08-10 00:45:27,BTCUSDT,ask,61200,534.252
2024-08-10 00:45:41,BTCUSDT,ask,62000,556.036
2024-08-10 00:45:45,BTCUSDT,ask,62500,689.465
2024-08-10 00:45:53,BTCUSDT,ask,62500,689.418
2024-08-10 00:45:59,BTCUSDT,ask,62500,689.416
2024-08-10 00:46:00,BTCUSDT,ask,62500,689.463
2024-08-10 00:46:03,BTCUSDT,ask,61300,510.609
2024-08-10 00:46:10,BTCUSDT,ask,61400,506.458
2024-08-10 00:46:10,BTCUSDT,ask,62200,515.492
2024-08-10 00:46:41,BTCUSDT,ask,62300,521.94
2024-08-10 00:46:47,BTCUSDT,ask,62000,556.044
2024-08-10 00:47:19,BTCUSDT,ask,62000,556.027
2024-08-10 00:47:37,BTCUSDT,ask,62200,515.475
2024-08-10 00:47:38,BTCUSDT,ask,61100,544.379
2024-08-10 00:47:52,BTCUSDT,ask,62200,515.494
2024-08-10 00:47:54,BTCUSDT,ask,61400,506.658
2024-08-10 00:47:56,BTCUSDT,ask,61400,506.458
2024-08-10 00:47:57,BTCUSDT,bid,47500,636.249
2024-08-10 00:48:04,BTCUSDT,ask,61400,506.447
2024-08-10 00:48:09,BTCUSDT,ask,61400,506.289
2024-08-10 00:48:09,BTCUSDT,ask,61200,534.249
2024-08-10 00:48:09,BTCUSDT,ask,61400,506.219
2024-08-10 00:48:11,BTCUSDT,ask,62500,689.474
2024-08-10 00:48:13,BTCUSDT,ask,62000,556.396
2024-08-10 00:48:17,BTCUSDT,ask,61300,510.62
2024-08-10 00:48:25,BTCUSDT,ask,61400,506.224
2024-08-10 00:48:37,BTCUSDT,ask,61200,534.251
2024-08-10 00:48:56,BTCUSDT,ask,62000,556.387
2024-08-10 00:49:01,BTCUSDT,ask,61500,566.468
2024-08-10 00:49:06,BTCUSDT,bid,47500,636.244
2024-08-10 00:49:06,BTCUSDT,ask,61300,510.615
2024-08-10 00:49:06,BTCUSDT,ask,61600,510.71
2024-08-10 00:49:06,BTCUSDT,ask,61900,514.76
2024-08-10 00:49:06,BTCUSDT,ask,62200,515.494
2024-08-10 00:49:06,BTCUSDT,ask,62500,689.469
2024-08-10 00:49:15,BTCUSDT,ask,62500,689.46
2024-08-10 00:49:18,BTCUSDT,ask,61100,544.339
2024-08-10 00:49:18,BTCUSDT,ask,61300,510.535
2024-08-10 00:49:18,BTCUSDT,ask,61500,566.308
2024-08-10 00:49:27,BTCUSDT,ask,61500,566.167
2024-08-10 00:49:48,BTCUSDT,ask,62000,556.389
2024-08-10 00:50:00,BTCUSDT,ask,62000,556.533
2024-08-10 00:50:20,BTCUSDT,ask,62000,556.524
2024-08-10 00:50:27,BTCUSDT,ask,62000,556.527
2024-08-10 00:50:36,BTCUSDT,ask,62300,521.962
2024-08-10 00:50:46,BTCUSDT,ask,62500,689.55
2024-08-10 00:50:53,BTCUSDT,ask,62500,689.6
2024-08-10 00:51:04,BTCUSDT,ask,61100,544.258
2024-08-10 00:51:14,BTCUSDT,ask,61900,514.763
2024-08-10 00:51:21,BTCUSDT,ask,61700,508.212
2024-08-10 00:51:23,BTCUSDT,ask,62500,689.457
2024-08-10 00:51:30,BTCUSDT,ask,61500,566.439
2024-08-10 00:51:45,BTCUSDT,ask,61300,510.543
2024-08-10 00:51:49,BTCUSDT,ask,62500,689.054
2024-08-10 00:51:53,BTCUSDT,ask,62500,689.354
2024-08-10 00:52:07,BTCUSDT,ask,62200,515.477
2024-08-10 00:52:19,BTCUSDT,ask,62200,515.277
2024-08-10 00:52:19,BTCUSDT,ask,62400,517.214
2024-08-10 00:52:34,BTCUSDT,ask,62000,556.607
2024-08-10 00:52:40,BTCUSDT,ask,62300,521.954
2024-08-10 00:52:58,BTCUSDT,ask,62200,515.294
2024-08-10 00:53:14,BTCUSDT,ask,62000,556.6
2024-08-10 00:53:34,BTCUSDT,ask,62000,556.602
2024-08-10 00:53:34,BTCUSDT,ask,62000,556.616
2024-08-10 00:53:37,BTCUSDT,ask,61100,545.068
2024-08-10 00:53:43,BTCUSDT,ask,62500,689.393
2024-08-10 00:54:27,BTCUSDT,ask,62500,689.768
2024-08-10 00:54:37,BTCUSDT,ask,61200,534.211
2024-08-10 00:54:37,BTCUSDT,ask,61300,510.535
2024-08-10 00:54:45,BTCUSDT,ask,61200,534.09
2024-08-10 00:54:47,BTCUSDT,ask,61200,533.89
2024-08-10 00:55:08,BTCUSDT,ask,61200,533.89
2024-08-10 00:55:31,BTCUSDT,ask,62300,522.48
2024-08-10 00:55:32,BTCUSDT,ask,61500,566.421
2024-08-10 00:55:40,BTCUSDT,ask,61200,533.84
2024-08-10 00:56:07,BTCUSDT,ask,62000,555.505
2024-08-10 00:56:07,BTCUSDT,ask,62200,515.292
2024-08-10 00:56:07,BTCUSDT,ask,62400,517.212
2024-08-10 00:56:31,BTCUSDT,ask,61800,562.114
2024-08-10 00:56:34,BTCUSDT,ask,61100,544.288
2024-08-10 00:56:46,BTCUSDT,ask,62500,689.752
2024-08-10 00:56:48,BTCUSDT,ask,61100,544.328
2024-08-10 00:57:10,BTCUSDT,ask,61200,533.104
2024-08-10 00:57:22,BTCUSDT,ask,61500,565.431
2024-08-10 00:57:36,BTCUSDT,ask,61200,533.134
2024-08-10 00:57:45,BTCUSDT,ask,61300,510.532
2024-08-10 00:57:45,BTCUSDT,ask,61800,562.111
2024-08-10 00:57:53,BTCUSDT,ask,61600,510.456
2024-08-10 00:58:06,BTCUSDT,ask,61400,506.009
2024-08-10 00:58:14,BTCUSDT,ask,61100,544.478
2024-08-10 00:58:48,BTCUSDT,ask,62000,555.498
2024-08-10 00:58:50,BTCUSDT,ask,62500,689.756
2024-08-10 00:58:51,BTCUSDT,ask,61500,565.159
2024-08-10 00:58:51,BTCUSDT,ask,61200,533.334
2024-08-10 00:58:53,BTCUSDT,ask,61300,511.493
2024-08-10 00:58:53,BTCUSDT,ask,61200,533.134
2024-08-10 00:58:56,BTCUSDT,ask,61300,512.493
2024-08-10 00:59:09,BTCUSDT,ask,61300,512.737
2024-08-10 00:59:13,BTCUSDT,ask,62200,516.247
2024-08-10 00:59:17,BTCUSDT,ask,62500,689.789
2024-08-10 00:59:23,BTCUSDT,ask,61300,511.776
2024-08-10 00:59:29,BTCUSDT,ask,62000,555.408
2024-08-10 00:59:30,BTCUSDT,ask,61100,544.278
2024-08-10 01:00:20,BTCUSDT,ask,62500,689.791
2024-08-10 01:00:22,BTCUSDT,ask,61100,544.098
2024-08-10 01:00:23,BTCUSDT,ask,62000,555.41
2024-08-10 01:01:11,BTCUSDT,bid,47500,636.241
2024-08-10 01:01:11,BTCUSDT,ask,62500,689.788
2024-08-10 01:01:28,BTCUSDT,ask,62300,522.527
2024-08-10 01:01:41,BTCUSDT,ask,62400,517.43
2024-08-10 01:02:01,BTCUSDT,ask,61200,533.144
2024-08-10 01:02:01,BTCUSDT,ask,61100,544.09
2024-08-10 01:02:08,BTCUSDT,ask,61700,508.209
2024-08-10 01:02:15,BTCUSDT,ask,61600,510.356
2024-08-10 01:02:52,BTCUSDT,ask,62500,689.814
2024-08-10 01:03:19,BTCUSDT,ask,61100,544.034
2024-08-10 01:03:33,BTCUSDT,ask,62000,555.539
2024-08-10 01:03:33,BTCUSDT,ask,62200,516.292
2024-08-10 01:03:33,BTCUSDT,ask,62300,522.533
2024-08-10 01:03:37,BTCUSDT,ask,61400,506.549
2024-08-10 01:03:51,BTCUSDT,ask,61500,566.154
2024-08-10 01:03:57,BTCUSDT,ask,61800,562.096
2024-08-10 01:04:04,BTCUSDT,ask,61200,532.954
2024-08-10 01:04:15,BTCUSDT,ask,61500,567.654
2024-08-10 01:04:24,BTCUSDT,ask,61500,567.624
2024-08-10 01:04:27,BTCUSDT,bid,47000,859.822
2024-08-10 01:04:35,BTCUSDT,ask,61500,567.644
2024-08-10 01:04:38,BTCUSDT,ask,62300,522.573
2024-08-10 01:04:40,BTCUSDT,ask,61800,562.112
2024-08-10 01:04:40,BTCUSDT,ask,62500,689.798
2024-08-10 01:04:44,BTCUSDT,ask,62100,506.568
2024-08-10 01:04:49,BTCUSDT,ask,62500,689.789
2024-08-10 01:04:51,BTCUSDT,ask,61100,544.099
2024-08-10 01:04:51,BTCUSDT,ask,61300,512.776
2024-08-10 01:05:01,BTCUSDT,ask,61300,511.776
2024-08-10 01:05:10,BTCUSDT,ask,61400,506.541
2024-08-10 01:05:13,BTCUSDT,bid,47000,859.765
2024-08-10 01:05:19,BTCUSDT,ask,61300,511.785
2024-08-10 01:05:19,BTCUSDT,ask,61800,562.121
2024-08-10 01:05:34,BTCUSDT,ask,61300,511.776
2024-08-10 01:05:34,BTCUSDT,ask,61800,562.112
2024-08-10 01:05:34,BTCUSDT,ask,61300,512.776
2024-08-10 01:05:35,BTCUSDT,ask,61100,544.097
2024-08-10 01:05:35,BTCUSDT,ask,61200,532.952
2024-08-10 01:05:35,BTCUSDT,ask,61300,512.774
2024-08-10 01:05:35,BTCUSDT,ask,61400,506.539
2024-08-10 01:05:35,BTCUSDT,ask,61500,567.642
2024-08-10 01:05:35,BTCUSDT,ask,61600,510.354
2024-08-10 01:05:35,BTCUSDT,ask,61700,508.186
2024-08-10 01:05:35,BTCUSDT,ask,61800,562.11
2024-08-10 01:05:35,BTCUSDT,ask,61900,514.761
2024-08-10 01:05:35,BTCUSDT,ask,62000,556.279
2024-08-10 01:05:35,BTCUSDT,ask,62100,506.566
2024-08-10 01:05:35,BTCUSDT,ask,62200,516.29
2024-08-10 01:05:52,BTCUSDT,ask,61400,506.519
2024-08-10 01:06:14,BTCUSDT,bid,47000,859.768
2024-08-10 01:06:14,BTCUSDT,ask,62000,556.282
2024-08-10 01:06:29,BTCUSDT,ask,62500,689.756
2024-08-10 01:06:35,BTCUSDT,ask,61900,514.711
2024-08-10 01:06:45,BTCUSDT,ask,62000,556.479
2024-08-10 01:06:53,BTCUSDT,ask,61800,562.258
2024-08-10 01:07:14,BTCUSDT,ask,61100,544.178
2024-08-10 01:07:35,BTCUSDT,ask,62500,688.765
2024-08-10 01:07:35,BTCUSDT,ask,61500,567.686
2024-08-10 01:07:39,BTCUSDT,ask,61100,544.243
2024-08-10 01:07:40,BTCUSDT,ask,61100,544.178
2024-08-10 01:08:09,BTCUSDT,ask,61500,566.186
2024-08-10 01:08:27,BTCUSDT,ask,61500,565.212
2024-08-10 01:08:29,BTCUSDT,ask,62500,689.765
2024-08-10 01:09:10,BTCUSDT,ask,62500,688.768
2024-08-10 01:09:17,BTCUSDT,ask,61300,512.945
2024-08-10 01:09:21,BTCUSDT,ask,61900,514.716
2024-08-10 01:09:22,BTCUSDT,ask,62400,517.124
2024-08-10 01:09:24,BTCUSDT,ask,62400,515.128
2024-08-10 01:09:53,BTCUSDT,ask,61300,512.953
2024-08-10 01:09:57,BTCUSDT,ask,61100,544.18
2024-08-10 01:09:57,BTCUSDT,ask,61200,532.954
2024-08-10 01:10:23,BTCUSDT,ask,61100,544.182
2024-08-10 01:10:23,BTCUSDT,ask,62000,556.48
2024-08-10 01:10:44,BTCUSDT,ask,62400,517.63
2024-08-10 01:10:52,BTCUSDT,ask,61400,506.514
2024-08-10 01:10:52,BTCUSDT,ask,62500,689.084
2024-08-10 01:10:52,BTCUSDT,ask,62000,556.478
2024-08-10 01:10:53,BTCUSDT,ask,62200,516.45
2024-08-10 01:11:05,BTCUSDT,ask,62000,556.491
2024-08-10 01:11:08,BTCUSDT,ask,62500,689.096
2024-08-10 01:11:09,BTCUSDT,ask,62500,689.117
2024-08-10 01:11:11,BTCUSDT,ask,61800,562.262
2024-08-10 01:11:24,BTCUSDT,ask,61800,562.342
2024-08-10 01:11:29,BTCUSDT,ask,61300,512.956
2024-08-10 01:11:29,BTCUSDT,ask,61800,562.345
2024-08-10 01:11:32,BTCUSDT,ask,61400,506.173
2024-08-10 01:11:32,BTCUSDT,ask,61400,505.994
2024-08-10 01:11:32,BTCUSDT,ask,62500,688.682
2024-08-10 01:11:33,BTCUSDT,ask,62000,556.411
2024-08-10 01:11:47,BTCUSDT,ask,61100,544.38
2024-08-10 01:11:48,BTCUSDT,ask,62400,517.634
2024-08-10 01:11:48,BTCUSDT,ask,61100,544.18
2024-08-10 01:11:50,BTCUSDT,ask,62300,522.232
2024-08-10 01:12:06,BTCUSDT,ask,62000,556.391
2024-08-10 01:12:27,BTCUSDT,ask,61600,510.349
2024-08-10 01:12:31,BTCUSDT,ask,62000,556.476
2024-08-10 01:12:35,BTCUSDT,ask,61900,515.222
2024-08-10 01:12:35,BTCUSDT,ask,61600,510.352
2024-08-10 01:12:38,BTCUSDT,ask,61100,544.176
2024-08-10 01:12:38,BTCUSDT,ask,61200,532.952
2024-08-10 01:12:38,BTCUSDT,ask,61300,513.456
2024-08-10 01:13:19,BTCUSDT,ask,61500,565.504
2024-08-10 01:13:21,BTCUSDT,ask,61300,513.463
2024-08-10 01:13:21,BTCUSDT,ask,61800,562.352
2024-08-10 01:13:40,BTCUSDT,ask,62200,516.423
2024-08-10 01:13:41,BTCUSDT,ask,61300,513.456
2024-08-10 01:13:41,BTCUSDT,ask,61800,562.345
2024-08-10 01:13:43,BTCUSDT,ask,62500,687.687
2024-08-10 01:13:46,BTCUSDT,ask,61400,505.907
2024-08-10 01:13:46,BTCUSDT,ask,61600,510.336
2024-08-10 01:13:49,BTCUSDT,ask,62500,687.708
2024-08-10 01:14:00,BTCUSDT,ask,61500,565.534
2024-08-10 01:14:03,BTCUSDT,ask,62500,687.758
2024-08-10 01:14:06,BTCUSDT,ask,61500,565.532
2024-08-10 01:14:06,BTCUSDT,ask,62000,556.087
2024-08-10 01:14:13,BTCUSDT,ask,61300,513.453
2024-08-10 01:14:13,BTCUSDT,ask,61800,562.342
2024-08-10 01:14:17,BTCUSDT,ask,61800,562.326
2024-08-10 01:14:19,BTCUSDT,ask,62000,556.068
2024-08-10 01:14:22,BTCUSDT,ask,61200,532.94
2024-08-10 01:14:26,BTCUSDT,ask,61300,513.463
2024-08-10 01:14:26,BTCUSDT,ask,62500,687.742
2024-08-10 01:14:30,BTCUSDT,ask,61200,541.24
2024-08-10 01:14:37,BTCUSDT,ask,61500,565.52
2024-08-10 01:14:37,BTCUSDT,ask,62000,556.057
2024-08-10 01:14:56,BTCUSDT,ask,61200,541.339
2024-08-10 01:15:25,BTCUSDT,ask,61200,541.24
2024-08-10 01:15:34,BTCUSDT,ask,61400,505.907
2024-08-10 01:15:39,BTCUSDT,ask,61500,561.278
2024-08-10 01:15:51,BTCUSDT,ask,61100,544.218
2024-08-10 01:15:53,BTCUSDT,ask,61100,544.018
2024-08-10 01:16:31,BTCUSDT,ask,61200,541.242
2024-08-10 01:16:31,BTCUSDT,ask,61400,505.909
2024-08-10 01:16:31,BTCUSDT,ask,61600,510.338
2024-08-10 01:16:31,BTCUSDT,ask,61800,562.328
2024-08-10 01:16:31,BTCUSDT,ask,62000,556.056
2024-08-10 01:16:31,BTCUSDT,ask,62200,516.425
2024-08-10 01:16:31,BTCUSDT,ask,62400,517.636
2024-08-10 01:16:54,BTCUSDT,ask,61400,505.906
2024-08-10 01:17:01,BTCUSDT,bid,47500,636.231
2024-08-10 01:17:14,BTCUSDT,ask,61500,561.283
2024-08-10 01:17:14,BTCUSDT,ask,62000,556.058
2024-08-10 01:17:22,BTCUSDT,ask,61500,561.28
2024-08-10 01:18:06,BTCUSDT,ask,61500,561.269
2024-08-10 01:18:27,BTCUSDT,ask,62500,687.295
2024-08-10 01:18:29,BTCUSDT,ask,61500,562.093
2024-08-10 01:18:37,BTCUSDT,ask,61400,506.07
2024-08-10 01:18:59,BTCUSDT,ask,62400,515.134
2024-08-10 01:19:01,BTCUSDT,ask,61500,562.065
2024-08-10 01:19:08,BTCUSDT,ask,61200,541.24
2024-08-10 01:19:14,BTCUSDT,ask,61600,510.325
2024-08-10 01:19:35,BTCUSDT,ask,61100,543.937
2024-08-10 01:19:39,BTCUSDT,bid,47500,636.241
2024-08-10 01:19:45,BTCUSDT,ask,61300,513.465
2024-08-10 01:19:57,BTCUSDT,ask,62300,522.29
2024-08-10 01:20:20,BTCUSDT,ask,61200,541.238
2024-08-10 01:20:20,BTCUSDT,ask,61400,506.065
2024-08-10 01:20:20,BTCUSDT,ask,61600,510.323
2024-08-10 01:20:20,BTCUSDT,ask,61800,562.326
2024-08-10 01:20:20,BTCUSDT,ask,62000,556.056
2024-08-10 01:20:20,BTCUSDT,ask,62200,516.423
2024-08-10 01:20:20,BTCUSDT,ask,62400,515.132
2024-08-10 01:20:21,BTCUSDT,ask,61300,513.226
2024-08-10 01:20:30,BTCUSDT,ask,62300,522.227
2024-08-10 01:20:30,BTCUSDT,ask,61100,543.943
2024-08-10 01:20:41,BTCUSDT,ask,61100,543.935
2024-08-10 01:20:44,BTCUSDT,ask,62500,687.28
2024-08-10 01:20:53,BTCUSDT,ask,62000,557.71
2024-08-10 01:21:27,BTCUSDT,ask,61100,543.948
2024-08-10 01:21:27,BTCUSDT,ask,61200,541.251
2024-08-10 01:21:27,BTCUSDT,ask,61300,513.239
2024-08-10 01:21:27,BTCUSDT,ask,61400,506.078
2024-08-10 01:21:27,BTCUSDT,ask,61500,562.078
2024-08-10 01:21:27,BTCUSDT,ask,61600,510.336
2024-08-10 01:21:27,BTCUSDT,ask,61700,508.196
2024-08-10 01:21:27,BTCUSDT,ask,61800,562.339
2024-08-10 01:21:27,BTCUSDT,ask,61900,515.235
2024-08-10 01:21:27,BTCUSDT,ask,62000,557.723
2024-08-10 01:21:32,BTCUSDT,ask,62000,557.695
2024-08-10 01:21:33,BTCUSDT,bid,47500,636.236
2024-08-10 01:21:33,BTCUSDT,ask,61500,562.074
2024-08-10 01:21:49,BTCUSDT,ask,61600,509.877
2024-08-10 01:21:51,BTCUSDT,ask,61300,513.213
2024-08-10 01:21:57,BTCUSDT,ask,62200,516.375
2024-08-10 01:21:58,BTCUSDT,ask,61600,510.336
2024-08-10 01:22:00,BTCUSDT,ask,62300,522.43
2024-08-10 01:22:06,BTCUSDT,bid,47000,860.027
2024-08-10 01:22:09,BTCUSDT,ask,62300,522.404
2024-08-10 01:22:15,BTCUSDT,ask,61600,510.332
2024-08-10 01:22:15,BTCUSDT,ask,61500,562.07
2024-08-10 01:22:21,BTCUSDT,ask,61400,506.074
2024-08-10 01:22:22,BTCUSDT,ask,61300,513.209
2024-08-10 01:22:24,BTCUSDT,ask,61100,543.943
2024-08-10 01:22:25,BTCUSDT,ask,61900,513.085
2024-08-10 01:22:26,BTCUSDT,ask,62000,557.71
2024-08-10 01:22:27,BTCUSDT,ask,61200,541.411
2024-08-10 01:22:37,BTCUSDT,ask,61700,510.342
2024-08-10 01:22:52,BTCUSDT,ask,62000,557.787
2024-08-10 01:22:53,BTCUSDT,ask,62000,557.782
2024-08-10 01:23:04,BTCUSDT,ask,61200,541.511
2024-08-10 01:23:10,BTCUSDT,ask,62500,687.278
2024-08-10 01:23:11,BTCUSDT,ask,61200,541.347
2024-08-10 01:23:26,BTCUSDT,ask,61500,562.076
2024-08-10 01:23:39,BTCUSDT,ask,62500,687.292
2024-08-10 01:23:43,BTCUSDT,ask,62000,557.783
2024-08-10 01:23:57,BTCUSDT,ask,61700,510.326
2024-08-10 01:24:09,BTCUSDT,ask,61100,542.533
2024-08-10 01:24:11,BTCUSDT,ask,61300,513.1
2024-08-10 01:24:33,BTCUSDT,ask,62000,557.785
2024-08-10 01:24:37,BTCUSDT,ask,62000,557.759
2024-08-10 01:24:43,BTCUSDT,ask,62000,557.757
2024-08-10 01:26:12,BTCUSDT,ask,61400,506.217
2024-08-10 01:26:40,BTCUSDT,ask,61200,539.773
2024-08-10 01:26:46,BTCUSDT,ask,61400,506.117
2024-08-10 01:27:07,BTCUSDT,ask,62000,557.836
2024-08-10 01:27:08,BTCUSDT,ask,62200,516.239
2024-08-10 01:27:42,BTCUSDT,ask,61500,562.279
2024-08-10 01:27:58,BTCUSDT,ask,61800,562.275
2024-08-10 01:28:14,BTCUSDT,ask,61900,513.165
2024-08-10 01:28:14,BTCUSDT,ask,61500,562.276
2024-08-10 01:28:22,BTCUSDT,ask,61800,562.159
2024-08-10 01:28:31,BTCUSDT,ask,62000,500.061
2024-08-10 01:28:59,BTCUSDT,ask,62200,516.36
2024-08-10 01:29:12,BTCUSDT,ask,61700,510.351
2024-08-10 01:29:13,BTCUSDT,ask,61200,540.27
2024-08-10 01:29:13,BTCUSDT,ask,61500,562.773
2024-08-10 01:29:29,BTCUSDT,ask,62500,687.442
2024-08-10 01:29:36,BTCUSDT,ask,61600,510.415
2024-08-10 01:29:50,BTCUSDT,ask,61300,513.098
2024-08-10 01:29:54,BTCUSDT,ask,62500,687.453
2024-08-10 01:30:15,BTCUSDT,ask,62000,557.6
2024-08-10 01:30:16,BTCUSDT,ask,61200,540.273
2024-08-10 01:30:16,BTCUSDT,ask,62500,687.45
2024-08-10 01:30:24,BTCUSDT,ask,61200,540.281
2024-08-10 01:30:46,BTCUSDT,ask,61300,513.105
2024-08-10 01:30:46,BTCUSDT,ask,61800,562.163
2024-08-10 01:30:58,BTCUSDT,ask,62000,557.622
2024-08-10 01:31:04,BTCUSDT,ask,61800,562.002
2024-08-10 01:31:11,BTCUSDT,ask,61100,542.733
2024-08-10 01:31:13,BTCUSDT,ask,61100,542.533
2024-08-10 01:31:14,BTCUSDT,bid,47000,860.059
2024-08-10 01:31:38,BTCUSDT,ask,61200,541.097
2024-08-10 01:31:47,BTCUSDT,ask,61500,562.794
2024-08-10 01:31:50,BTCUSDT,ask,61700,510.354
2024-08-10 01:32:01,BTCUSDT,ask,61400,505.686
2024-08-10 01:32:01,BTCUSDT,ask,61800,562.282
2024-08-10 01:32:08,BTCUSDT,ask,61200,541.098
2024-08-10 01:32:30,BTCUSDT,ask,61100,542.733
2024-08-10 01:32:31,BTCUSDT,ask,62300,522.591
2024-08-10 01:32:32,BTCUSDT,ask,61100,542.533
2024-08-10 01:32:35,BTCUSDT,ask,62500,687.784
2024-08-10 01:32:43,BTCUSDT,ask,61300,513.109
2024-08-10 01:32:53,BTCUSDT,ask,62500,687.773
2024-08-10 01:33:01,BTCUSDT,ask,61700,510.386
2024-08-10 01:33:08,BTCUSDT,ask,61800,562.302
2024-08-10 01:33:16,BTCUSDT,ask,62500,687.775
2024-08-10 01:33:22,BTCUSDT,ask,62500,687.775
2024-08-10 01:33:31,BTCUSDT,ask,62500,687.777
2024-08-10 01:33:34,BTCUSDT,ask,62500,687.843
2024-08-10 01:33:35,BTCUSDT,ask,61500,562.594
2024-08-10 01:33:39,BTCUSDT,ask,62000,557.722
2024-08-10 01:33:41,BTCUSDT,ask,62500,687.875
2024-08-10 01:33:46,BTCUSDT,ask,62000,557.852
2024-08-10 01:34:02,BTCUSDT,ask,62000,557.86
2024-08-10 01:34:50,BTCUSDT,ask,61200,541.101
2024-08-10 01:35:16,BTCUSDT,ask,61500,562.696
2024-08-10 01:35:17,BTCUSDT,ask,62000,557.749
2024-08-10 01:35:22,BTCUSDT,ask,61200,543.027
2024-08-10 01:35:22,BTCUSDT,ask,61200,543.99
2024-08-10 01:35:23,BTCUSDT,ask,61500,562.534
2024-08-10 01:35:25,BTCUSDT,ask,61100,542.52
2024-08-10 01:35:25,BTCUSDT,ask,61200,543.977
2024-08-10 01:35:25,BTCUSDT,ask,61300,513.096
2024-08-10 01:35:25,BTCUSDT,ask,61400,505.673
2024-08-10 01:35:25,BTCUSDT,ask,61500,562.521
2024-08-10 01:35:25,BTCUSDT,ask,61600,510.402
2024-08-10 01:35:25,BTCUSDT,ask,61700,510.37
2024-08-10 01:35:25,BTCUSDT,ask,61800,562.289
2024-08-10 01:35:25,BTCUSDT,ask,61900,513.152
2024-08-10 01:35:25,BTCUSDT,ask,62000,557.736
2024-08-10 01:35:25,BTCUSDT,ask,62500,686.875
2024-08-10 01:35:26,BTCUSDT,ask,61400,505.683
2024-08-10 01:35:31,BTCUSDT,ask,62000,557.747
2024-08-10 01:35:50,BTCUSDT,ask,61100,542.522
2024-08-10 01:35:50,BTCUSDT,ask,61200,543.979
2024-08-10 01:35:50,BTCUSDT,ask,61300,513.098
2024-08-10 01:35:50,BTCUSDT,ask,61400,505.685
2024-08-10 01:35:50,BTCUSDT,ask,61500,562.523
2024-08-10 01:35:50,BTCUSDT,ask,61600,510.404
2024-08-10 01:35:50,BTCUSDT,ask,61700,510.372
2024-08-10 01:35:50,BTCUSDT,ask,61800,562.291
2024-08-10 01:35:50,BTCUSDT,ask,61900,513.154
2024-08-10 01:35:50,BTCUSDT,ask,62000,557.749
2024-08-10 01:35:53,BTCUSDT,ask,61200,542.053
2024-08-10 01:35:53,BTCUSDT,ask,61200,541.09
2024-08-10 01:36:01,BTCUSDT,ask,62300,522.625
2024-08-10 01:36:24,BTCUSDT,ask,61100,542.535
2024-08-10 01:36:38,BTCUSDT,ask,61200,541.103
2024-08-10 01:36:40,BTCUSDT,ask,61500,562.485
2024-08-10 01:36:47,BTCUSDT,ask,61500,562.493
2024-08-10 01:37:46,BTCUSDT,ask,62200,516.41
2024-08-10 01:37:46,BTCUSDT,ask,62500,686.828
2024-08-10 01:37:58,BTCUSDT,ask,61200,541.303
2024-08-10 01:38:00,BTCUSDT,ask,61200,541.103
2024-08-10 01:38:05,BTCUSDT,ask,62200,516.286
2024-08-10 01:38:12,BTCUSDT,ask,61100,543.336
2024-08-10 01:38:26,BTCUSDT,ask,61100,543.389
2024-08-10 01:38:41,BTCUSDT,ask,62300,522.422
2024-08-10 01:38:42,BTCUSDT,ask,61100,542.588
2024-08-10 01:38:53,BTCUSDT,ask,61500,562.531
2024-08-10 01:39:15,BTCUSDT,ask,62000,557.878
2024-08-10 01:39:22,BTCUSDT,ask,62500,686.988
2024-08-10 01:39:23,BTCUSDT,ask,62500,687.769
2024-08-10 01:39:24,BTCUSDT,ask,62000,557.89
2024-08-10 01:39:31,BTCUSDT,ask,62000,557.842
2024-08-10 01:39:39,BTCUSDT,ask,61300,515.098
2024-08-10 01:39:46,BTCUSDT,ask,61800,562.21
2024-08-10 01:39:50,BTCUSDT,ask,61400,505.698
2024-08-10 01:40:16,BTCUSDT,ask,61200,541.271
2024-08-10 01:40:25,BTCUSDT,ask,61100,542.669
2024-08-10 01:40:33,BTCUSDT,ask,61200,541.103
2024-08-10 01:40:36,BTCUSDT,ask,61200,541.303
2024-08-10 01:40:39,BTCUSDT,ask,61200,541.103
2024-08-10 01:40:46,BTCUSDT,ask,61400,504.516
2024-08-10 01:41:02,BTCUSDT,ask,62500,687.769
2024-08-10 01:41:03,BTCUSDT,ask,61300,515.111
2024-08-10 01:41:11,BTCUSDT,ask,61400,504.529
2024-08-10 01:41:19,BTCUSDT,ask,61900,512.954
2024-08-10 01:41:23,BTCUSDT,ask,61500,562.544
2024-08-10 01:41:23,BTCUSDT,ask,62500,687.763
2024-08-10 01:41:28,BTCUSDT,ask,61700,510.534
2024-08-10 01:41:29,BTCUSDT,ask,61500,562.549
2024-08-10 01:41:30,BTCUSDT,ask,61200,542.066
2024-08-10 01:41:31,BTCUSDT,ask,61600,510.416
2024-08-10 01:41:38,BTCUSDT,ask,62500,687.773
2024-08-10 01:41:40,BTCUSDT,ask,61700,510.546
2024-08-10 01:41:40,BTCUSDT,ask,61500,561.737
2024-08-10 01:41:40,BTCUSDT,ask,62500,687.789
2024-08-10 01:41:48,BTCUSDT,ask,61100,542.667
2024-08-10 01:41:48,BTCUSDT,ask,61200,542.064
2024-08-10 01:41:49,BTCUSDT,ask,61200,542.06
2024-08-10 01:41:49,BTCUSDT,ask,61400,504.525
2024-08-10 01:41:50,BTCUSDT,ask,61800,562.222
2024-08-10 01:41:51,BTCUSDT,ask,62200,516.486
2024-08-10 01:42:00,BTCUSDT,ask,61200,541.097
2024-08-10 01:42:10,BTCUSDT,ask,62300,522.232
2024-08-10 01:42:13,BTCUSDT,ask,62000,557.847
2024-08-10 01:42:13,BTCUSDT,ask,62400,515.113
2024-08-10 01:42:26,BTCUSDT,ask,62500,687.469
2024-08-10 01:42:44,BTCUSDT,ask,62300,522.198
2024-08-10 01:42:45,BTCUSDT,ask,62500,687.437
2024-08-10 01:42:45,BTCUSDT,ask,61600,510.421
2024-08-10 01:42:55,BTCUSDT,ask,61500,561.726
2024-08-10 01:43:08,BTCUSDT,ask,61300,515.029
2024-08-10 01:43:32,BTCUSDT,ask,61200,541.068
2024-08-10 01:43:42,BTCUSDT,ask,61300,515.129
2024-08-10 01:44:21,BTCUSDT,ask,62000,555.847
2024-08-10 01:44:38,BTCUSDT,ask,62000,555.848
2024-08-10 01:44:51,BTCUSDT,ask,62000,557.848
2024-08-10 01:44:58,BTCUSDT,ask,62000,557.85
2024-08-10 01:45:02,BTCUSDT,ask,61600,510.433
2024-08-10 01:45:11,BTCUSDT,ask,61100,542.667
2024-08-10 01:45:11,BTCUSDT,ask,61400,504.525
2024-08-10 01:45:11,BTCUSDT,ask,61700,510.546
2024-08-10 01:45:11,BTCUSDT,ask,62000,557.847
2024-08-10 01:45:11,BTCUSDT,ask,62100,508.171
2024-08-10 01:45:15,BTCUSDT,ask,61600,510.428
2024-08-10 01:45:39,BTCUSDT,ask,61200,541.08
2024-08-10 01:45:39,BTCUSDT,ask,62100,508.183
2024-08-10 01:45:44,BTCUSDT,ask,62000,558.031
2024-08-10 01:45:44,BTCUSDT,ask,62300,522.201
2024-08-10 01:46:08,BTCUSDT,ask,61500,561.727
2024-08-10 01:46:14,BTCUSDT,ask,62000,558.71
2024-08-10 01:46:19,BTCUSDT,ask,61200,541.305
2024-08-10 01:46:20,BTCUSDT,ask,61200,541.302
2024-08-10 01:46:36,BTCUSDT,ask,61600,510.42
2024-08-10 01:46:39,BTCUSDT,ask,62000,558.697
2024-08-10 01:46:44,BTCUSDT,ask,61400,506.219
2024-08-10 01:46:49,BTCUSDT,ask,61500,561.729
2024-08-10 01:47:06,BTCUSDT,ask,61400,506.212
2024-08-10 01:47:06,BTCUSDT,ask,61800,562.228
2024-08-10 01:47:15,BTCUSDT,ask,61400,505.567
2024-08-10 01:47:16,BTCUSDT,ask,61400,504.922
2024-08-10 01:47:17,BTCUSDT,ask,61100,542.672
2024-08-10 01:47:17,BTCUSDT,ask,61200,541.306
2024-08-10 01:47:17,BTCUSDT,ask,61300,515.131
2024-08-10 01:47:17,BTCUSDT,ask,61400,504.924
2024-08-10 01:47:17,BTCUSDT,ask,61500,561.731
2024-08-10 01:47:17,BTCUSDT,ask,61600,510.422
2024-08-10 01:47:17,BTCUSDT,ask,61700,510.551
2024-08-10 01:47:17,BTCUSDT,ask,61800,562.23
2024-08-10 01:47:17,BTCUSDT,ask,61900,512.968
2024-08-10 01:47:17,BTCUSDT,ask,62000,558.701
2024-08-10 01:47:17,BTCUSDT,ask,62100,508.185
2024-08-10 01:47:17,BTCUSDT,ask,62200,516.488
2024-08-10 01:47:17,BTCUSDT,ask,62300,522.203
2024-08-10 01:47:17,BTCUSDT,ask,62400,515.585
2024-08-10 01:47:17,BTCUSDT,ask,62500,687.439
2024-08-10 01:47:19,BTCUSDT,ask,61400,504.279
2024-08-10 01:47:24,BTCUSDT,ask,61200,541.081
2024-08-10 01:47:27,BTCUSDT,ask,62000,558.601
2024-08-10 01:47:27,BTCUSDT,ask,62500,687.539
2024-08-10 01:47:30,BTCUSDT,bid,47500,636.179
2024-08-10 01:47:33,BTCUSDT,ask,61300,515.356
2024-08-10 01:47:40,BTCUSDT,ask,62000,558.651
2024-08-10 01:47:47,BTCUSDT,ask,62500,687.589
2024-08-10 01:47:51,BTCUSDT,ask,61100,542.67
2024-08-10 01:47:51,BTCUSDT,ask,61200,541.07
2024-08-10 01:47:51,BTCUSDT,ask,61300,515.354
2024-08-10 01:47:51,BTCUSDT,ask,61400,504.277
2024-08-10 01:47:51,BTCUSDT,ask,61500,561.729
2024-08-10 01:47:51,BTCUSDT,ask,61600,510.42
2024-08-10 01:47:51,BTCUSDT,ask,61700,510.549
2024-08-10 01:47:51,BTCUSDT,ask,61800,562.228
2024-08-10 01:47:51,BTCUSDT,ask,61900,512.966
2024-08-10 01:47:51,BTCUSDT,ask,62000,558.649
2024-08-10 01:47:51,BTCUSDT,ask,62100,508.183
2024-08-10 01:47:51,BTCUSDT,ask,62200,516.486
2024-08-10 01:47:51,BTCUSDT,ask,62300,522.201
2024-08-10 01:47:51,BTCUSDT,ask,62400,515.583
2024-08-10 01:47:51,BTCUSDT,ask,62500,687.587
2024-08-10 01:47:52,BTCUSDT,ask,62200,516.514
2024-08-10 01:47:53,BTCUSDT,ask,61100,542.617
2024-08-10 01:48:11,BTCUSDT,ask,61700,510.539
2024-08-10 01:48:41,BTCUSDT,ask,61500,561.564
2024-08-10 01:48:44,BTCUSDT,ask,62500,687.471
2024-08-10 01:48:53,BTCUSDT,ask,62100,508.186
2024-08-10 01:48:54,BTCUSDT,ask,62400,515.579
2024-08-10 01:48:57,BTCUSDT,ask,61500,561.566
2024-08-10 01:49:00,BTCUSDT,ask,62100,508.202
2024-08-10 01:49:00,BTCUSDT,ask,62500,687.482
2024-08-10 01:49:12,BTCUSDT,ask,61500,561.363
2024-08-10 01:49:21,BTCUSDT,ask,62000,558.652
2024-08-10 01:49:32,BTCUSDT,ask,62200,516.314
2024-08-10 01:49:57,BTCUSDT,ask,61500,561.463
2024-08-10 01:50:00,BTCUSDT,ask,61500,561.465
2024-08-10 01:50:02,BTCUSDT,ask,62000,558.852
2024-08-10 01:50:12,BTCUSDT,ask,62100,506.594
2024-08-10 01:50:14,BTCUSDT,ask,61500,561.506
2024-08-10 01:50:16,BTCUSDT,ask,61200,541.105
2024-08-10 01:50:22,BTCUSDT,ask,61800,562.203
2024-08-10 01:50:35,BTCUSDT,ask,62000,558.849
2024-08-10 01:50:42,BTCUSDT,ask,61500,561.524
2024-08-10 01:50:44,BTCUSDT,ask,61500,561.522
2024-08-10 01:50:44,BTCUSDT,ask,62000,558.847
2024-08-10 01:50:44,BTCUSDT,ask,62500,687.48
2024-08-10 01:50:50,BTCUSDT,ask,61700,510.549
2024-08-10 01:51:47,BTCUSDT,ask,62200,516.264
2024-08-10 01:51:53,BTCUSDT,ask,61500,561.463
2024-08-10 01:52:00,BTCUSDT,ask,61500,561.485
2024-08-10 01:52:07,BTCUSDT,ask,62000,558.857
2024-08-10 01:52:16,BTCUSDT,ask,62500,687.522
2024-08-10 01:52:21,BTCUSDT,ask,62000,558.963
2024-08-10 01:52:42,BTCUSDT,ask,62000,558.965
2024-08-10 01:52:51,BTCUSDT,ask,62200,516.269
2024-08-10 01:52:54,BTCUSDT,ask,61100,542.617
2024-08-10 01:53:11,BTCUSDT,ask,62500,687.423
2024-08-10 01:53:24,BTCUSDT,ask,61700,510.499
2024-08-10 01:53:49,BTCUSDT,ask,62500,687.413
2024-08-10 01:54:02,BTCUSDT,ask,62200,516.26
2024-08-10 01:54:19,BTCUSDT,ask,62000,558.859
2024-08-10 01:54:31,BTCUSDT,ask,61200,541.108
2024-08-10 01:54:35,BTCUSDT,ask,62300,522.205
2024-08-10 01:54:36,BTCUSDT,ask,62000,558.863
2024-08-10 01:55:03,BTCUSDT,ask,62000,558.868
2024-08-10 01:55:11,BTCUSDT,ask,62000,558.864
2024-08-10 01:55:20,BTCUSDT,ask,62300,522.189
2024-08-10 01:55:52,BTCUSDT,ask,61300,515.129
2024-08-10 01:55:55,BTCUSDT,ask,61700,510.497
2024-08-10 01:55:56,BTCUSDT,ask,61200,541.105
2024-08-10 01:55:57,BTCUSDT,ask,61300,515.127
2024-08-10 01:56:01,BTCUSDT,ask,61900,512.969
2024-08-10 01:56:13,BTCUSDT,ask,62400,515.109
2024-08-10 01:56:21,BTCUSDT,ask,62000,558.872
2024-08-10 01:56:21,BTCUSDT,ask,62300,522.132
2024-08-10 01:56:21,BTCUSDT,ask,62400,515.101
2024-08-10 01:56:21,BTCUSDT,ask,62500,687.396
2024-08-10 01:56:29,BTCUSDT,ask,62200,516.268
2024-08-10 01:56:48,BTCUSDT,ask,62500,687.394
2024-08-10 01:56:58,BTCUSDT,ask,62500,687.397
2024-08-10 01:57:01,BTCUSDT,ask,62100,506.494
2024-08-10 01:57:10,BTCUSDT,ask,61900,512.973
2024-08-10 01:57:16,BTCUSDT,ask,61200,542.068
2024-08-10 01:57:33,BTCUSDT,ask,61100,542.619
2024-08-10 01:57:33,BTCUSDT,ask,61200,542.07
2024-08-10 01:57:33,BTCUSDT,ask,61300,515.129
2024-08-10 01:57:33,BTCUSDT,ask,61400,504.279
2024-08-10 01:57:33,BTCUSDT,ask,61500,561.529
2024-08-10 01:57:33,BTCUSDT,ask,61600,510.422
2024-08-10 01:57:33,BTCUSDT,ask,61700,510.499
2024-08-10 01:57:33,BTCUSDT,ask,61800,562.205
2024-08-10 01:57:33,BTCUSDT,ask,61900,512.975
2024-08-10 01:57:33,BTCUSDT,ask,62000,558.874
2024-08-10 01:57:33,BTCUSDT,ask,62100,506.496
2024-08-10 01:57:33,BTCUSDT,ask,62200,516.27
2024-08-10 01:57:33,BTCUSDT,ask,62300,522.134
2024-08-10 01:57:33,BTCUSDT,ask,62400,515.103
2024-08-10 01:57:33,BTCUSDT,ask,62500,687.399
2024-08-10 01:57:46,BTCUSDT,ask,61200,541.107
2024-08-10 01:57:52,BTCUSDT,bid,47000,860.069
2024-08-10 01:57:52,BTCUSDT,ask,61800,562.553
2024-08-10 01:58:03,BTCUSDT,ask,61600,510.445
2024-08-10 01:58:10,BTCUSDT,bid,47000,860.074
2024-08-10 01:58:10,BTCUSDT,ask,62000,558.879
2024-08-10 01:58:39,BTCUSDT,ask,61900,512.971
2024-08-10 01:58:41,BTCUSDT,ask,61900,512.974
2024-08-10 01:59:11,BTCUSDT,ask,61100,542.62
2024-08-10 01:59:27,BTCUSDT,ask,61500,561.532
2024-08-10 01:59:27,BTCUSDT,ask,62000,558.882
2024-08-10 01:59:27,BTCUSDT,ask,62500,687.402
2024-08-10 01:59:59,BTCUSDT,ask,62000,558.735
2024-08-10 02:00:41,BTCUSDT,ask,61600,510.448
2024-08-10 02:01:28,BTCUSDT,ask,62000,558.925
2024-08-10 02:01:31,BTCUSDT,ask,62000,558.983
2024-08-10 02:01:34,BTCUSDT,ask,61500,561.528
2024-08-10 02:01:34,BTCUSDT,ask,62500,687.405
2024-08-10 02:01:42,BTCUSDT,ask,62500,687.905
2024-08-10 02:01:46,BTCUSDT,ask,62400,515.079
2024-08-10 02:01:53,BTCUSDT,ask,61200,541.115
2024-08-10 02:01:58,BTCUSDT,ask,62500,687.912
2024-08-10 02:02:10,BTCUSDT,ask,61500,561.317
2024-08-10 02:02:13,BTCUSDT,ask,62500,687.931
2024-08-10 02:02:15,BTCUSDT,ask,61800,562.549
2024-08-10 02:02:39,BTCUSDT,ask,61500,576.317
2024-08-10 02:02:40,BTCUSDT,ask,61300,530.129
2024-08-10 02:02:41,BTCUSDT,ask,61200,556.115
2024-08-10 02:02:42,BTCUSDT,ask,61100,557.62
2024-08-10 02:02:46,BTCUSDT,ask,61100,557.62
2024-08-10 02:02:47,BTCUSDT,ask,61800,562.534
2024-08-10 02:02:47,BTCUSDT,ask,61100,542.62
2024-08-10 02:02:50,BTCUSDT,ask,61700,525.489
2024-08-10 02:02:50,BTCUSDT,ask,61800,577.534
2024-08-10 02:02:52,BTCUSDT,ask,61700,510.489
2024-08-10 02:02:52,BTCUSDT,ask,61800,562.534
2024-08-10 02:02:53,BTCUSDT,ask,62500,688.357
2024-08-10 02:02:53,BTCUSDT,ask,61900,527.974
2024-08-10 02:02:54,BTCUSDT,ask,61900,512.974
2024-08-10 02:02:55,BTCUSDT,ask,61600,525.448
2024-08-10 02:02:56,BTCUSDT,ask,61600,510.448
2024-08-10 02:02:58,BTCUSDT,ask,62000,573.983
2024-08-10 02:02:58,BTCUSDT,ask,62000,558.983
2024-08-10 02:03:01,BTCUSDT,ask,62100,521.497
2024-08-10 02:03:01,BTCUSDT,ask,62100,536.497
2024-08-10 02:03:02,BTCUSDT,ask,62000,573.983
2024-08-10 02:03:02,BTCUSDT,ask,62100,506.497
2024-08-10 02:03:03,BTCUSDT,ask,62500,703.357
2024-08-10 02:03:04,BTCUSDT,ask,62400,530.079
2024-08-10 02:03:04,BTCUSDT,ask,62300,537.134
2024-08-10 02:03:06,BTCUSDT,ask,62200,531.27
2024-08-10 02:03:07,BTCUSDT,ask,62000,558.983
2024-08-10 02:03:07,BTCUSDT,ask,62200,516.27
2024-08-10 02:03:07,BTCUSDT,ask,62300,522.134
2024-08-10 02:03:07,BTCUSDT,ask,62400,515.079
2024-08-10 02:03:07,BTCUSDT,ask,62500,688.357
2024-08-10 02:03:30,BTCUSDT,ask,62000,559.349
2024-08-10 02:03:32,BTCUSDT,ask,62100,506.767
2024-08-10 02:03:36,BTCUSDT,ask,61100,542.508
2024-08-10 02:03:39,BTCUSDT,ask,61800,562.574
2024-08-10 02:03:45,BTCUSDT,ask,61900,512.978
2024-08-10 02:03:52,BTCUSDT,ask,61100,542.573
2024-08-10 02:04:05,BTCUSDT,ask,61400,504.269
2024-08-10 02:04:23,BTCUSDT,ask,61900,512.986
2024-08-10 02:05:01,BTCUSDT,ask,62500,688.396
2024-08-10 02:05:09,BTCUSDT,ask,62500,688.416
2024-08-10 02:05:22,BTCUSDT,ask,62500,688.396
2024-08-10 02:05:33,BTCUSDT,ask,61200,541.136
2024-08-10 02:06:00,BTCUSDT,ask,61200,541.139
2024-08-10 02:06:00,BTCUSDT,ask,61400,504.272
2024-08-10 02:06:00,BTCUSDT,ask,61600,510.451
2024-08-10 02:06:08,BTCUSDT,ask,61500,563.495
2024-08-10 02:06:16,BTCUSDT,ask,62300,522.122
2024-08-10 02:06:28,BTCUSDT,ask,61300,515.267
2024-08-10 02:06:37,BTCUSDT,ask,61200,541.141
2024-08-10 02:06:45,BTCUSDT,ask,61800,562.71
2024-08-10 02:06:58,BTCUSDT,ask,61900,512.986
2024-08-10 02:07:06,BTCUSDT,ask,61900,512.978
2024-08-10 02:07:08,BTCUSDT,ask,61300,515.348
2024-08-10 02:07:18,BTCUSDT,ask,61500,563.453
2024-08-10 02:07:32,BTCUSDT,ask,62500,687.615
2024-08-10 02:07:36,BTCUSDT,ask,61100,542.554
2024-08-10 02:07:47,BTCUSDT,ask,61300,515.267
2024-08-10 02:07:51,BTCUSDT,ask,62000,559.335
2024-08-10 02:08:24,BTCUSDT,ask,62000,559.375
2024-08-10 02:08:27,BTCUSDT,bid,47000,859.936
2024-08-10 02:08:40,BTCUSDT,ask,61500,563.448
2024-08-10 02:08:41,BTCUSDT,bid,47000,859.931
2024-08-10 02:08:41,BTCUSDT,ask,62000,559.37
2024-08-10 02:09:27,BTCUSDT,ask,62000,559.372
2024-08-10 02:09:40,BTCUSDT,ask,61500,563.5
2024-08-10 02:09:58,BTCUSDT,ask,62500,687.626
2024-08-10 02:10:02,BTCUSDT,ask,61200,541.147
2024-08-10 02:10:12,BTCUSDT,ask,61500,563.484
2024-08-10 02:10:20,BTCUSDT,ask,62100,506.497
2024-08-10 02:10:27,BTCUSDT,ask,62500,687.715
2024-08-10 02:10:37,BTCUSDT,ask,61500,563.488
2024-08-10 02:10:46,BTCUSDT,ask,62500,687.729
2024-08-10 02:10:55,BTCUSDT,ask,61500,563.49
2024-08-10 02:11:10,BTCUSDT,ask,61200,541.024
2024-08-10 02:11:42,BTCUSDT,ask,61700,510.758
2024-08-10 02:11:55,BTCUSDT,ask,61200,541.019
2024-08-10 02:12:20,BTCUSDT,ask,62500,687.825
2024-08-10 02:12:47,BTCUSDT,ask,61800,563.408
2024-08-10 02:12:56,BTCUSDT,ask,62500,687.817
2024-08-10 02:13:08,BTCUSDT,ask,61300,515.286
2024-08-10 02:13:08,BTCUSDT,ask,61500,563.44
2024-08-10 02:13:18,BTCUSDT,ask,61400,504.272
2024-08-10 02:13:23,BTCUSDT,ask,61500,563.444
2024-08-10 02:13:28,BTCUSDT,ask,61500,563.446
2024-08-10 02:13:40,BTCUSDT,ask,61100,542.564
2024-08-10 02:14:21,BTCUSDT,ask,61600,510.462
2024-08-10 02:14:26,BTCUSDT,ask,62200,516.352
2024-08-10 02:14:32,BTCUSDT,ask,62500,687.822
2024-08-10 02:14:45,BTCUSDT,ask,62300,522.264
2024-08-10 02:14:46,BTCUSDT,ask,62000,559.447
2024-08-10 02:14:57,BTCUSDT,ask,61500,563.447
2024-08-10 02:15:17,BTCUSDT,ask,61500,563.49
2024-08-10 02:15:25,BTCUSDT,ask,61900,512.984
2024-08-10 02:15:44,BTCUSDT,ask,62500,687.757
2024-08-10 02:15:45,BTCUSDT,ask,61900,512.986
2024-08-10 02:15:54,BTCUSDT,ask,62500,687.795
2024-08-10 02:15:58,BTCUSDT,ask,61500,563.447
2024-08-10 02:16:01,BTCUSDT,ask,61600,510.454
2024-08-10 02:16:14,BTCUSDT,ask,62000,559.507
2024-08-10 02:16:16,BTCUSDT,ask,62000,559.457
2024-08-10 02:16:37,BTCUSDT,ask,62500,687.861
2024-08-10 02:16:51,BTCUSDT,ask,61300,515.276
2024-08-10 02:16:58,BTCUSDT,ask,61100,542.564
2024-08-10 02:17:00,BTCUSDT,ask,62000,559.463
2024-08-10 02:17:12,BTCUSDT,ask,62200,516.452
2024-08-10 02:17:17,BTCUSDT,ask,61800,563.41
2024-08-10 02:17:18,BTCUSDT,ask,62000,559.457
2024-08-10 02:17:20,BTCUSDT,ask,62500,687.921
2024-08-10 02:17:33,BTCUSDT,ask,62500,687.879
2024-08-10 02:17:40,BTCUSDT,ask,61300,515.255
2024-08-10 02:17:51,BTCUSDT,ask,61600,509.995
2024-08-10 02:17:57,BTCUSDT,ask,61300,515.28
2024-08-10 02:18:01,BTCUSDT,ask,62000,559.505
2024-08-10 02:18:06,BTCUSDT,ask,62000,559.5
2024-08-10 02:18:11,BTCUSDT,ask,61100,542.57
2024-08-10 02:18:19,BTCUSDT,ask,62500,687.797
2024-08-10 02:18:21,BTCUSDT,ask,61100,542.589
2024-08-10 02:18:30,BTCUSDT,ask,61300,516.575
2024-08-10 02:18:38,BTCUSDT,ask,61300,516.584
2024-08-10 02:18:38,BTCUSDT,ask,61500,563.952
2024-08-10 02:18:40,BTCUSDT,ask,61500,563.752
2024-08-10 02:18:43,BTCUSDT,ask,61300,515.776
2024-08-10 02:18:45,BTCUSDT,ask,62000,559.925
2024-08-10 02:18:50,BTCUSDT,ask,61500,563.758
2024-08-10 02:18:55,BTCUSDT,ask,62000,559.974
2024-08-10 02:18:55,BTCUSDT,ask,61700,510.75
2024-08-10 02:18:55,BTCUSDT,ask,62500,688.343
2024-08-10 02:19:07,BTCUSDT,ask,61900,514.986
2024-08-10 02:19:08,BTCUSDT,ask,62000,560.006
2024-08-10 02:19:17,BTCUSDT,ask,62000,560.01
2024-08-10 02:19:36,BTCUSDT,ask,62000,558.356
2024-08-10 02:19:39,BTCUSDT,ask,62000,558.362
2024-08-10 02:19:40,BTCUSDT,ask,62500,688.348
2024-08-10 02:19:41,BTCUSDT,ask,61500,563.749
2024-08-10 02:19:45,BTCUSDT,ask,62000,558.356
2024-08-10 02:19:52,BTCUSDT,ask,61500,563.949
2024-08-10 02:19:53,BTCUSDT,ask,61200,541.036
2024-08-10 02:19:53,BTCUSDT,ask,61500,565.949
2024-08-10 02:19:53,BTCUSDT,ask,61900,512.986
2024-08-10 02:19:54,BTCUSDT,ask,61500,565.749
2024-08-10 02:19:56,BTCUSDT,ask,61500,565.949
2024-08-10 02:19:58,BTCUSDT,ask,61500,565.749
2024-08-10 02:19:59,BTCUSDT,ask,61500,565.949
2024-08-10 02:20:00,BTCUSDT,ask,61400,504.304
2024-08-10 02:20:02,BTCUSDT,ask,61500,565.749
2024-08-10 02:20:07,BTCUSDT,ask,62500,688.188
2024-08-10 02:20:12,BTCUSDT,ask,61600,510.027
2024-08-10 02:20:18,BTCUSDT,ask,62500,688.19
2024-08-10 02:20:20,BTCUSDT,ask,61800,563.437
2024-08-10 02:20:37,BTCUSDT,ask,62500,688.207
2024-08-10 02:20:51,BTCUSDT,ask,62100,506.502
2024-08-10 02:20:52,BTCUSDT,ask,61500,565.948
2024-08-10 02:20:52,BTCUSDT,ask,61500,565.952
2024-08-10 02:21:03,BTCUSDT,ask,61600,510.004
2024-08-10 02:21:04,BTCUSDT,ask,61300,515.291
2024-08-10 02:21:11,BTCUSDT,ask,61300,516.082
2024-08-10 02:21:11,BTCUSDT,ask,61300,516.873
2024-08-10 02:21:35,BTCUSDT,ask,61400,504.504
2024-08-10 02:21:37,BTCUSDT,ask,61400,504.304
2024-08-10 02:21:57,BTCUSDT,ask,61100,542.591
2024-08-10 02:21:57,BTCUSDT,ask,61200,541.038
2024-08-10 02:21:57,BTCUSDT,ask,61300,516.875
2024-08-10 02:21:57,BTCUSDT,ask,61400,504.306
2024-08-10 02:21:57,BTCUSDT,ask,61500,565.973
2024-08-10 02:21:57,BTCUSDT,ask,61600,510.006
2024-08-10 02:21:57,BTCUSDT,ask,61700,510.752
2024-08-10 02:21:57,BTCUSDT,ask,61800,563.439
2024-08-10 02:21:57,BTCUSDT,ask,61900,512.988
2024-08-10 02:21:57,BTCUSDT,ask,62000,558.356
2024-08-10 02:21:57,BTCUSDT,ask,62500,688.196
2024-08-10 02:21:59,BTCUSDT,ask,61300,517.119
2024-08-10 02:22:11,BTCUSDT,ask,61300,516.328
2024-08-10 02:22:11,BTCUSDT,ask,61300,515.537
2024-08-10 02:22:25,BTCUSDT,ask,62000,558.363
2024-08-10 02:22:36,BTCUSDT,ask,61300,528.037
2024-08-10 02:22:49,BTCUSDT,ask,61200,541.021
2024-08-10 02:22:49,BTCUSDT,ask,61400,504.274
2024-08-10 02:22:49,BTCUSDT,ask,61600,509.974
2024-08-10 02:22:49,BTCUSDT,ask,61800,563.412
2024-08-10 02:22:54,BTCUSDT,ask,62000,558.356
2024-08-10 02:23:00,BTCUSDT,ask,62200,516.455
2024-08-10 02:23:21,BTCUSDT,ask,62500,688.198
2024-08-10 02:23:57,BTCUSDT,ask,61400,504.099
2024-08-10 02:23:59,BTCUSDT,ask,61200,542.189
2024-08-10 02:24:03,BTCUSDT,ask,61200,541.83
2024-08-10 02:24:10,BTCUSDT,ask,62000,558.362
2024-08-10 02:24:45,BTCUSDT,ask,62000,558.476
2024-08-10 02:25:10,BTCUSDT,ask,61300,529.01
2024-08-10 02:25:10,BTCUSDT,ask,61800,563.416
2024-08-10 02:25:11,BTCUSDT,ask,62000,558.478
2024-08-10 02:25:19,BTCUSDT,ask,61500,566.173
2024-08-10 02:25:22,BTCUSDT,ask,61500,565.973
2024-08-10 02:25:24,BTCUSDT,ask,62000,558.428
2024-08-10 02:25:30,BTCUSDT,ask,61100,542.703
2024-08-10 02:25:35,BTCUSDT,ask,62200,516.452
2024-08-10 02:25:44,BTCUSDT,ask,62400,515.008
2024-08-10 02:26:09,BTCUSDT,ask,62500,688.181
2024-08-10 02:26:17,BTCUSDT,ask,62300,522.244
2024-08-10 02:26:26,BTCUSDT,ask,61200,541.548
2024-08-10 02:26:45,BTCUSDT,ask,62400,515.801
2024-08-10 02:26:45,BTCUSDT,ask,61800,563.535
2024-08-10 02:26:53,BTCUSDT,ask,61500,566.051
2024-08-10 02:27:07,BTCUSDT,ask,61300,527.797
2024-08-10 02:27:07,BTCUSDT,ask,61200,541.56
2024-08-10 02:27:08,BTCUSDT,ask,61200,541.696
2024-08-10 02:27:20,BTCUSDT,ask,62500,688.299
2024-08-10 02:27:22,BTCUSDT,ask,61500,566.061
2024-08-10 02:27:24,BTCUSDT,ask,62500,688.301
2024-08-10 02:27:25,BTCUSDT,ask,61200,541.677
2024-08-10 02:27:26,BTCUSDT,bid,47500,636.176
2024-08-10 02:27:28,BTCUSDT,ask,61500,566.067
2024-08-10 02:27:31,BTCUSDT,ask,61500,566.267
2024-08-10 02:27:34,BTCUSDT,ask,61500,566.067
2024-08-10 02:27:43,BTCUSDT,ask,61500,566.082
2024-08-10 02:27:44,BTCUSDT,ask,61500,566.182
2024-08-10 02:27:50,BTCUSDT,ask,61200,542.177
2024-08-10 02:27:50,BTCUSDT,ask,61500,566.682
2024-08-10 02:27:56,BTCUSDT,ask,61200,541.677
2024-08-10 02:27:56,BTCUSDT,ask,61500,566.182
2024-08-10 02:27:56,BTCUSDT,ask,61800,562.835
2024-08-10 02:28:07,BTCUSDT,ask,62300,522.23
2024-08-10 02:28:18,BTCUSDT,ask,61100,542.903
2024-08-10 02:28:18,BTCUSDT,ask,61500,566.382
2024-08-10 02:28:20,BTCUSDT,ask,61500,566.182
2024-08-10 02:28:21,BTCUSDT,ask,61500,566.382
2024-08-10 02:28:24,BTCUSDT,ask,61500,566.182
2024-08-10 02:28:34,BTCUSDT,ask,61300,527.81
2024-08-10 02:28:34,BTCUSDT,ask,61800,562.838
2024-08-10 02:28:39,BTCUSDT,ask,62500,688.318
2024-08-10 02:28:47,BTCUSDT,ask,61700,510.762
2024-08-10 02:29:05,BTCUSDT,ask,61400,504.146
2024-08-10 02:29:08,BTCUSDT,ask,62300,522.212
2024-08-10 02:29:09,BTCUSDT,ask,62500,688.346
2024-08-10 02:29:10,BTCUSDT,ask,61100,542.703
2024-08-10 02:29:29,BTCUSDT,ask,62500,688.543
2024-08-10 02:29:33,BTCUSDT,ask,61700,510.761
2024-08-10 02:29:52,BTCUSDT,ask,61200,542.09
2024-08-10 02:29:59,BTCUSDT,ask,62000,558.43
2024-08-10 02:30:05,BTCUSDT,ask,61200,542.078
2024-08-10 02:30:07,BTCUSDT,ask,61200,541.942
2024-08-10 02:30:37,BTCUSDT,ask,62400,514.81
2024-08-10 02:30:41,BTCUSDT,ask,61200,540.981
2024-08-10 02:30:48,BTCUSDT,ask,61500,566.382
2024-08-10 02:30:49,BTCUSDT,ask,62000,558.385
2024-08-10 02:30:50,BTCUSDT,ask,61500,566.182
2024-08-10 02:30:51,BTCUSDT,ask,61500,566.382
2024-08-10 02:30:53,BTCUSDT,ask,61500,566.182
2024-08-10 02:30:54,BTCUSDT,ask,61200,540.892
2024-08-10 02:30:54,BTCUSDT,ask,61500,566.27
2024-08-10 02:30:59,BTCUSDT,ask,62500,688.541
2024-08-10 02:31:06,BTCUSDT,ask,62000,558.328
2024-08-10 02:31:09,BTCUSDT,ask,61300,527.812
2024-08-10 02:31:12,BTCUSDT,ask,61300,527.81
2024-08-10 02:31:14,BTCUSDT,ask,61900,512.982
2024-08-10 02:31:15,BTCUSDT,ask,61900,512.986
2024-08-10 02:31:24,BTCUSDT,ask,61100,542.783
2024-08-10 02:31:31,BTCUSDT,ask,62000,558.853
2024-08-10 02:31:32,BTCUSDT,ask,62500,688.571
2024-08-10 02:31:33,BTCUSDT,ask,61900,512.982
2024-08-10 02:31:34,BTCUSDT,ask,61900,512.985
2024-08-10 02:31:45,BTCUSDT,ask,61300,526.812
2024-08-10 02:31:45,BTCUSDT,ask,62000,558.851
2024-08-10 02:31:50,BTCUSDT,ask,61500,566.322
2024-08-10 02:32:00,BTCUSDT,ask,61300,526.81
2024-08-10 02:32:22,BTCUSDT,ask,62500,688.756
2024-08-10 02:32:23,BTCUSDT,ask,61600,509.974
2024-08-10 02:32:33,BTCUSDT,ask,61100,542.781
2024-08-10 02:32:33,BTCUSDT,ask,61200,540.89
2024-08-10 02:32:33,BTCUSDT,ask,61300,526.808
2024-08-10 02:32:33,BTCUSDT,ask,61400,504.144
2024-08-10 02:32:33,BTCUSDT,ask,61500,566.32
2024-08-10 02:32:33,BTCUSDT,ask,61600,509.972
2024-08-10 02:32:33,BTCUSDT,ask,61700,510.749
2024-08-10 02:32:33,BTCUSDT,ask,61800,562.836
2024-08-10 02:32:33,BTCUSDT,ask,61900,512.983
2024-08-10 02:32:33,BTCUSDT,ask,62000,558.849
2024-08-10 02:32:36,BTCUSDT,ask,62500,688.358
2024-08-10 02:32:39,BTCUSDT,ask,62100,506.452
2024-08-10 02:32:47,BTCUSDT,ask,61100,542.779
2024-08-10 02:32:49,BTCUSDT,ask,61800,562.838
2024-08-10 02:32:59,BTCUSDT,ask,62200,516.352
2024-08-10 02:33:03,BTCUSDT,ask,61500,564.142
2024-08-10 02:33:15,BTCUSDT,ask,61100,542.782
2024-08-10 02:33:19,BTCUSDT,ask,61200,540.893
2024-08-10 02:33:23,BTCUSDT,ask,61300,526.811
2024-08-10 02:33:24,BTCUSDT,ask,61500,564.061
2024-08-10 02:33:28,BTCUSDT,ask,61400,504.147
2024-08-10 02:33:32,BTCUSDT,ask,61500,564.064
2024-08-10 02:33:35,BTCUSDT,ask,61600,509.975
2024-08-10 02:33:53,BTCUSDT,ask,61400,504.181
2024-08-10 02:33:55,BTCUSDT,ask,61500,564.075
2024-08-10 02:33:57,BTCUSDT,ask,61200,541.413
2024-08-10 02:34:02,BTCUSDT,ask,61500,564.075
2024-08-10 02:34:03,BTCUSDT,ask,61100,542.776
2024-08-10 02:34:03,BTCUSDT,ask,61300,526.801
2024-08-10 02:34:03,BTCUSDT,ask,61400,504.171
2024-08-10 02:34:03,BTCUSDT,ask,61500,564.065
2024-08-10 02:34:06,BTCUSDT,ask,62300,522.414
2024-08-10 02:34:06,BTCUSDT,ask,62400,514.61
2024-08-10 02:34:10,BTCUSDT,ask,62500,688.354
2024-08-10 02:34:11,BTCUSDT,ask,61700,510.752
2024-08-10 02:34:14,BTCUSDT,ask,62500,688.366
2024-08-10 02:34:18,BTCUSDT,ask,61800,562.841
2024-08-10 02:34:30,BTCUSDT,ask,61500,564.054
2024-08-10 02:34:31,BTCUSDT,ask,61300,526.791
2024-08-10 02:34:41,BTCUSDT,ask,62000,558.852
2024-08-10 02:34:46,BTCUSDT,ask,61600,509.1
2024-08-10 02:34:51,BTCUSDT,ask,61100,542.792
2024-08-10 02:34:51,BTCUSDT,ask,61200,541.397
2024-08-10 02:35:08,BTCUSDT,ask,62500,688.364
2024-08-10 02:35:16,BTCUSDT,ask,62100,506.456
2024-08-10 02:35:18,BTCUSDT,ask,62500,688.347
2024-08-10 02:35:21,BTCUSDT,ask,62000,558.868
2024-08-10 02:35:23,BTCUSDT,ask,61200,541.389
2024-08-10 02:35:28,BTCUSDT,ask,61200,541.503
2024-08-10 02:35:29,BTCUSDT,ask,61400,504.223
2024-08-10 02:35:32,BTCUSDT,ask,61500,501.777
2024-08-10 02:35:32,BTCUSDT,ask,61100,542.892
2024-08-10 02:35:35,BTCUSDT,ask,61100,542.792
2024-08-10 02:35:39,BTCUSDT,ask,61400,504.197
2024-08-10 02:35:39,BTCUSDT,ask,61400,504.171
2024-08-10 02:35:47,BTCUSDT,ask,62500,689.514
2024-08-10 02:35:51,BTCUSDT,ask,61200,541.59
2024-08-10 02:35:52,BTCUSDT,ask,61100,542.795
2024-08-10 02:35:53,BTCUSDT,bid,59400,774.049
2024-08-10 02:35:53,BTCUSDT,ask,61200,542.243
2024-08-10 02:35:55,BTCUSDT,ask,61200,542.635
2024-08-10 02:35:57,BTCUSDT,ask,61100,522.9
2024-08-10 02:36:13,BTCUSDT,ask,61200,542.521
2024-08-10 02:36:18,BTCUSDT,ask,61500,564.51
2024-08-10 02:36:21,BTCUSDT,ask,61400,504.21
2024-08-10 02:36:28,BTCUSDT,ask,61100,522.719
2024-08-10 02:36:30,BTCUSDT,ask,62500,689.531
2024-08-10 02:36:33,BTCUSDT,ask,62000,558.871
2024-08-10 02:36:36,BTCUSDT,ask,61200,542.532
2024-08-10 02:36:40,BTCUSDT,ask,62000,558.916
2024-08-10 02:36:46,BTCUSDT,ask,61500,564.504
2024-08-10 02:36:53,BTCUSDT,ask,61500,564.513
2024-08-10 02:36:57,BTCUSDT,ask,61200,542.032
2024-08-10 02:36:57,BTCUSDT,ask,61500,564.013
2024-08-10 02:36:59,BTCUSDT,ask,61500,564.018
2024-08-10 02:37:22,BTCUSDT,ask,62500,689.525
2024-08-10 02:37:30,BTCUSDT,ask,62000,558.925
2024-08-10 02:37:38,BTCUSDT,bid,59400,774.278
2024-08-10 02:37:43,BTCUSDT,ask,61200,541.864
2024-08-10 02:37:47,BTCUSDT,ask,61400,504.222
2024-08-10 02:37:52,BTCUSDT,bid,59300,967.835
2024-08-10 02:37:55,BTCUSDT,ask,61500,564.063
2024-08-10 02:37:58,BTCUSDT,ask,61500,564.048
2024-08-10 02:38:01,BTCUSDT,ask,61500,564.05
2024-08-10 02:38:04,BTCUSDT,ask,61200,541.472
2024-08-10 02:38:12,BTCUSDT,ask,62000,558.927
2024-08-10 02:38:18,BTCUSDT,ask,61500,564.398
2024-08-10 02:38:19,BTCUSDT,ask,61600,509.09
2024-08-10 02:38:20,BTCUSDT,ask,61100,522.8
2024-08-10 02:38:28,BTCUSDT,ask,61200,540.819
2024-08-10 02:38:33,BTCUSDT,ask,62500,689.527
2024-08-10 02:38:35,BTCUSDT,ask,62500,689.958
2024-08-10 02:38:37,BTCUSDT,ask,62000,558.93
2024-08-10 02:38:56,BTCUSDT,ask,62000,558.927
2024-08-10 02:38:59,BTCUSDT,ask,61200,540.823
2024-08-10 02:39:00,BTCUSDT,ask,62200,516.386
2024-08-10 02:39:01,BTCUSDT,ask,62500,689.956
2024-08-10 02:39:05,BTCUSDT,ask,61400,504.21
2024-08-10 02:39:21,BTCUSDT,ask,61500,567.328
2024-08-10 02:39:38,BTCUSDT,ask,62000,559.407
2024-08-10 02:39:46,BTCUSDT,ask,62500,689.961
2024-08-10 02:40:01,BTCUSDT,ask,62500,689.963
2024-08-10 02:40:04,BTCUSDT,ask,61200,541.275
2024-08-10 02:40:08,BTCUSDT,ask,62500,689.969
2024-08-10 02:40:12,BTCUSDT,bid,59400,1209.668
2024-08-10 02:40:16,BTCUSDT,ask,61100,522.802
2024-08-10 02:40:16,BTCUSDT,ask,61400,504.212
2024-08-10 02:40:16,BTCUSDT,ask,61700,510.754
2024-08-10 02:40:16,BTCUSDT,ask,62000,559.409
2024-08-10 02:40:18,BTCUSDT,ask,62100,506.456
2024-08-10 02:40:45,BTCUSDT,ask,62500,689.953
2024-08-10 02:40:51,BTCUSDT,ask,62000,559.407
2024-08-10 02:40:57,BTCUSDT,ask,61500,567.331
2024-08-10 02:41:04,BTCUSDT,ask,61200,541.277
2024-08-10 02:41:05,BTCUSDT,ask,62000,559.511
2024-08-10 02:41:06,BTCUSDT,ask,61100,522.736
2024-08-10 02:41:12,BTCUSDT,bid,59400,1208.695
2024-08-10 02:41:17,BTCUSDT,ask,61300,526.746
2024-08-10 02:41:19,BTCUSDT,ask,61200,541.282
2024-08-10 02:41:19,BTCUSDT,ask,61200,541.256
2024-08-10 02:41:21,BTCUSDT,ask,62000,559.503
2024-08-10 02:41:23,BTCUSDT,ask,61300,526.751
2024-08-10 02:41:28,BTCUSDT,ask,61400,504.217
2024-08-10 02:41:29,BTCUSDT,ask,61500,567.818
2024-08-10 02:41:29,BTCUSDT,ask,61500,568.305
2024-08-10 02:41:31,BTCUSDT,ask,61500,568.375
2024-08-10 02:41:33,BTCUSDT,ask,61500,568.38
2024-08-10 02:41:34,BTCUSDT,ask,61100,522.752
2024-08-10 02:41:35,BTCUSDT,ask,61400,504.053
2024-08-10 02:41:40,BTCUSDT,ask,61200,541.254
2024-08-10 02:41:40,BTCUSDT,ask,61600,509.095
2024-08-10 02:41:42,BTCUSDT,ask,61400,504.051
2024-08-10 02:41:44,BTCUSDT,ask,61400,503.88
2024-08-10 02:41:47,BTCUSDT,bid,47000,859.916
2024-08-10 02:41:53,BTCUSDT,ask,62200,515.984
2024-08-10 02:41:56,BTCUSDT,ask,61200,541.545
2024-08-10 02:42:00,BTCUSDT,ask,61400,504.364
2024-08-10 02:42:01,BTCUSDT,ask,62500,689.947
2024-08-10 02:42:04,BTCUSDT,ask,61500,568.4
2024-08-10 02:42:28,BTCUSDT,ask,61500,568.715
2024-08-10 02:42:30,BTCUSDT,ask,61500,568.228
2024-08-10 02:42:30,BTCUSDT,ask,61500,567.741
2024-08-10 02:42:39,BTCUSDT,ask,61500,567.738
2024-08-10 02:42:41,BTCUSDT,ask,62000,559.502
2024-08-10 02:42:41,BTCUSDT,ask,61500,567.668
2024-08-10 02:42:49,BTCUSDT,ask,62500,689.942
2024-08-10 02:42:53,BTCUSDT,ask,62000,559.498
2024-08-10 02:42:54,BTCUSDT,ask,62400,514.645
2024-08-10 02:42:57,BTCUSDT,ask,61500,567.662
2024-08-10 02:43:04,BTCUSDT,ask,62000,559.91
2024-08-10 02:43:05,BTCUSDT,ask,62000,559.908
2024-08-10 02:43:13,BTCUSDT,ask,61400,503.898
2024-08-10 02:43:14,BTCUSDT,ask,61500,567.671
2024-08-10 02:43:18,BTCUSDT,ask,61400,503.88
2024-08-10 02:43:21,BTCUSDT,ask,61400,503.954
2024-08-10 02:43:24,BTCUSDT,ask,61100,522.754
2024-08-10 02:43:36,BTCUSDT,ask,61200,541.354
2024-08-10 02:43:38,BTCUSDT,ask,61500,564.419
2024-08-10 02:43:55,BTCUSDT,ask,62000,559.932
2024-08-10 02:43:59,BTCUSDT,ask,61500,564.417
2024-08-10 02:44:00,BTCUSDT,ask,61500,564.426
2024-08-10 02:44:07,BTCUSDT,ask,62100,506.596
2024-08-10 02:44:27,BTCUSDT,ask,61200,541.324
2024-08-10 02:44:32,BTCUSDT,ask,62000,559.52
2024-08-10 02:44:40,BTCUSDT,ask,61500,564.459
2024-08-10 02:44:42,BTCUSDT,ask,62000,559.472
2024-08-10 02:44:42,BTCUSDT,ask,61500,563.332
2024-08-10 02:44:50,BTCUSDT,ask,62500,690.352
2024-08-10 02:44:52,BTCUSDT,ask,61200,541.224
2024-08-10 02:44:52,BTCUSDT,ask,62000,559.456
2024-08-10 02:45:01,BTCUSDT,ask,61300,526.755
2024-08-10 02:45:01,BTCUSDT,ask,61800,562.845
2024-08-10 02:45:06,BTCUSDT,ask,61200,541.324
2024-08-10 02:45:13,BTCUSDT,ask,61100,522.615
2024-08-10 02:45:14,BTCUSDT,ask,61100,521.347
2024-08-10 02:45:18,BTCUSDT,ask,61500,563.632
2024-08-10 02:45:54,BTCUSDT,ask,62000,558.972
2024-08-10 02:46:15,BTCUSDT,ask,61600,510.051
2024-08-10 02:46:16,BTCUSDT,ask,61600,511.008
2024-08-10 02:46:17,BTCUSDT,ask,61600,512.922
2024-08-10 02:46:18,BTCUSDT,ask,61600,513.879
2024-08-10 02:46:18,BTCUSDT,ask,61600,514.835
2024-08-10 02:46:18,BTCUSDT,ask,61600,516.748
2024-08-10 02:46:18,BTCUSDT,ask,61600,517.704
2024-08-10 02:46:18,BTCUSDT,ask,61600,518.661
2024-08-10 02:46:34,BTCUSDT,ask,61800,562.875
2024-08-10 02:46:47,BTCUSDT,ask,61600,516.748
2024-08-10 02:46:47,BTCUSDT,ask,61600,515.791
2024-08-10 02:46:48,BTCUSDT,ask,61600,514.835
2024-08-10 02:46:48,BTCUSDT,ask,61600,512.921
2024-08-10 02:46:48,BTCUSDT,ask,61600,511.965
2024-08-10 02:46:48,BTCUSDT,ask,61600,511.008
2024-08-10 02:46:48,BTCUSDT,ask,61600,510.052
2024-08-10 02:46:48,BTCUSDT,ask,61200,541.326
2024-08-10 02:46:49,BTCUSDT,ask,61200,542.32
2024-08-10 02:46:54,BTCUSDT,ask,61200,542.288
2024-08-10 02:46:55,BTCUSDT,ask,61600,510.02
2024-08-10 02:46:56,BTCUSDT,ask,61600,509.063
2024-08-10 02:47:12,BTCUSDT,ask,61100,521.332
2024-08-10 02:47:12,BTCUSDT,ask,62000,558.908
2024-08-10 02:47:15,BTCUSDT,ask,61700,509.154
2024-08-10 02:47:15,BTCUSDT,ask,61200,542.299
2024-08-10 02:47:18,BTCUSDT,bid,59400,1209.216
2024-08-10 02:47:23,BTCUSDT,ask,61500,563.239
2024-08-10 02:47:30,BTCUSDT,ask,62000,558.91
2024-08-10 02:47:37,BTCUSDT,ask,61100,521.412
2024-08-10 02:47:45,BTCUSDT,ask,61500,563.247
2024-08-10 02:47:48,BTCUSDT,ask,61300,527.085
2024-08-10 02:48:05,BTCUSDT,ask,62000,558.926
2024-08-10 02:48:09,BTCUSDT,ask,61200,542.331
2024-08-10 02:48:38,BTCUSDT,ask,61200,534.031
2024-08-10 02:48:40,BTCUSDT,ask,62000,558.935
2024-08-10 02:49:00,BTCUSDT,ask,61500,563.257
2024-08-10 02:49:04,BTCUSDT,ask,61500,563.255
2024-08-10 02:49:17,BTCUSDT,ask,61600,509.355
2024-08-10 02:49:21,BTCUSDT,ask,61500,563.251
2024-08-10 02:49:24,BTCUSDT,ask,62500,690.36
2024-08-10 02:49:27,BTCUSDT,ask,62000,558.951
2024-08-10 02:49:28,BTCUSDT,ask,61400,505.889
2024-08-10 02:49:33,BTCUSDT,ask,62000,558.971
2024-08-10 02:49:34,BTCUSDT,ask,62000,558.975
2024-08-10 02:49:37,BTCUSDT,ask,61500,563.254
2024-08-10 02:49:43,BTCUSDT,ask,61400,509.747
2024-08-10 02:50:11,BTCUSDT,ask,62000,559.04
2024-08-10 02:50:17,BTCUSDT,ask,61200,534.074
2024-08-10 02:50:32,BTCUSDT,ask,61500,563.246
2024-08-10 02:50:33,BTCUSDT,ask,61100,521.468
2024-08-10 02:50:34,BTCUSDT,ask,61300,527.082
2024-08-10 02:50:34,BTCUSDT,ask,61800,562.872
2024-08-10 02:50:37,BTCUSDT,ask,61500,563.296
2024-08-10 02:50:44,BTCUSDT,ask,62000,559.031
2024-08-10 02:50:49,BTCUSDT,ask,61300,526.885
2024-08-10 02:50:54,BTCUSDT,ask,61500,563.298
2024-08-10 02:51:00,BTCUSDT,ask,62500,690.38
2024-08-10 02:51:00,BTCUSDT,ask,61600,509.257
2024-08-10 02:51:02,BTCUSDT,ask,61200,534.087
2024-08-10 02:51:05,BTCUSDT,ask,62300,522.43
2024-08-10 02:51:08,BTCUSDT,ask,61400,508.056
2024-08-10 02:51:09,BTCUSDT,ask,61400,508.139
2024-08-10 02:51:16,BTCUSDT,ask,62000,559.039
2024-08-10 02:51:43,BTCUSDT,ask,61500,564.618
2024-08-10 02:51:53,BTCUSDT,ask,61200,534.044
2024-08-10 02:52:02,BTCUSDT,ask,62000,558.941
2024-08-10 02:52:10,BTCUSDT,ask,61700,509.819
2024-08-10 02:52:15,BTCUSDT,bid,59400,1209.686
2024-08-10 02:52:16,BTCUSDT,ask,61100,521.466
2024-08-10 02:52:16,BTCUSDT,ask,61400,508.421
2024-08-10 02:52:16,BTCUSDT,ask,61700,509.817
2024-08-10 02:52:16,BTCUSDT,ask,62000,558.939
2024-08-10 02:52:27,BTCUSDT,ask,61400,508.502
2024-08-10 02:52:27,BTCUSDT,ask,61600,509.596
2024-08-10 02:52:30,BTCUSDT,ask,61500,564.943
2024-08-10 02:52:32,BTCUSDT,ask,61800,562.973
2024-08-10 02:52:44,BTCUSDT,ask,62200,515.929
2024-08-10 02:52:59,BTCUSDT,ask,61400,508.6
2024-08-10 02:53:03,BTCUSDT,ask,62400,514.705
2024-08-10 02:53:10,BTCUSDT,ask,61700,509.152
2024-08-10 02:53:26,BTCUSDT,ask,61200,534.059
2024-08-10 02:53:29,BTCUSDT,ask,61500,565.027
2024-08-10 02:53:33,BTCUSDT,ask,62500,690.383
2024-08-10 02:53:39,BTCUSDT,ask,61100,521.457
2024-08-10 02:53:47,BTCUSDT,ask,61500,565.077
2024-08-10 02:53:51,BTCUSDT,ask,62100,506.615
2024-08-10 02:53:54,BTCUSDT,bid,59400,1209.543
2024-08-10 02:53:59,BTCUSDT,ask,61200,534.051
2024-08-10 02:53:59,BTCUSDT,ask,62500,690.39
2024-08-10 02:54:05,BTCUSDT,ask,61400,508.419
2024-08-10 02:54:07,BTCUSDT,ask,62000,558.874
2024-08-10 02:54:13,BTCUSDT,ask,61800,1162.699
2024-08-10 02:54:21,BTCUSDT,ask,61100,521.401
2024-08-10 02:54:26,BTCUSDT,ask,62100,506.576
2024-08-10 02:54:35,BTCUSDT,ask,61100,521.289
2024-08-10 02:54:41,BTCUSDT,ask,61500,565.027
2024-08-10 02:55:00,BTCUSDT,ask,61700,509.171
2024-08-10 02:55:02,BTCUSDT,ask,61200,534.866
2024-08-10 02:55:09,BTCUSDT,ask,61500,564.702
2024-08-10 02:55:12,BTCUSDT,ask,61500,563.382
2024-08-10 02:55:32,BTCUSDT,ask,61500,563.384
2024-08-10 02:55:38,BTCUSDT,ask,61600,509.584
2024-08-10 02:55:41,BTCUSDT,ask,61200,533.99
2024-08-10 02:55:52,BTCUSDT,ask,61200,533.979
2024-08-10 02:56:11,BTCUSDT,ask,61400,508.519
2024-08-10 02:56:16,BTCUSDT,ask,62000,558.682
2024-08-10 02:56:17,BTCUSDT,ask,61500,563.394
2024-08-10 02:56:19,BTCUSDT,ask,61400,508.275
2024-08-10 02:56:19,BTCUSDT,ask,61100,521.292
2024-08-10 02:56:19,BTCUSDT,ask,61200,533.982
2024-08-10 02:56:19,BTCUSDT,ask,61300,526.888
2024-08-10 02:56:19,BTCUSDT,ask,61400,508.278
2024-08-10 02:56:19,BTCUSDT,ask,61500,563.397
2024-08-10 02:56:19,BTCUSDT,ask,61600,509.587
2024-08-10 02:56:19,BTCUSDT,ask,61700,509.174
2024-08-10 02:56:19,BTCUSDT,ask,61800,562.976
2024-08-10 02:56:19,BTCUSDT,ask,61900,512.984
2024-08-10 02:56:19,BTCUSDT,ask,62000,558.685
2024-08-10 02:56:19,BTCUSDT,ask,62100,506.579
2024-08-10 02:56:19,BTCUSDT,ask,62200,515.932
2024-08-10 02:56:19,BTCUSDT,ask,62300,522.433
2024-08-10 02:56:19,BTCUSDT,ask,62400,514.708
2024-08-10 02:56:19,BTCUSDT,ask,62500,690.393
2024-08-10 02:56:39,BTCUSDT,ask,61500,564.757
2024-08-10 02:56:45,BTCUSDT,ask,61200,533.652
2024-08-10 02:56:48,BTCUSDT,ask,62300,522.457
2024-08-10 02:57:18,BTCUSDT,ask,61100,521.212
2024-08-10 02:57:32,BTCUSDT,ask,61600,509.988
2024-08-10 02:57:32,BTCUSDT,ask,61200,533.655
2024-08-10 02:57:32,BTCUSDT,ask,62400,514.648
2024-08-10 02:57:42,BTCUSDT,ask,61300,526.893
2024-08-10 02:57:46,BTCUSDT,ask,62000,558.745
2024-08-10 02:57:47,BTCUSDT,ask,61500,500.795
2024-08-10 02:57:49,BTCUSDT,ask,61500,501.59
2024-08-10 02:57:54,BTCUSDT,ask,61100,521.31
2024-08-10 02:57:54,BTCUSDT,ask,62500,689.902
2024-08-10 02:57:55,BTCUSDT,ask,61500,564.384
2024-08-10 02:57:56,BTCUSDT,bid,47000,859.927
2024-08-10 02:58:09,BTCUSDT,ask,62100,506.779
2024-08-10 02:58:09,BTCUSDT,ask,62300,522.257
2024-08-10 02:58:09,BTCUSDT,ask,61500,564.403
2024-08-10 02:58:11,BTCUSDT,ask,61500,564.415
2024-08-10 02:58:11,BTCUSDT,ask,61300,527.065
2024-08-10 02:58:21,BTCUSDT,ask,61300,526.893
2024-08-10 02:58:23,BTCUSDT,ask,62000,558.822
2024-08-10 02:58:29,BTCUSDT,ask,61100,521.212
2024-08-10 02:58:47,BTCUSDT,ask,61500,500.795
2024-08-10 02:58:50,BTCUSDT,ask,61500,500.0
2024-08-10 02:58:55,BTCUSDT,ask,61100,521.267
2024-08-10 02:58:55,BTCUSDT,ask,61200,532.845
2024-08-10 02:58:56,BTCUSDT,ask,61100,536.267
2024-08-10 02:59:02,BTCUSDT,ask,61100,521.267
2024-08-10 02:59:02,BTCUSDT,ask,61200,532.835
2024-08-10 02:59:03,BTCUSDT,ask,62400,514.629
2024-08-10 02:59:03,BTCUSDT,ask,61900,512.972
2024-08-10 02:59:05,BTCUSDT,ask,61800,562.964
2024-08-10 02:59:08,BTCUSDT,ask,61500,564.402
2024-08-10 02:59:08,BTCUSDT,ask,61400,508.265
2024-08-10 02:59:10,BTCUSDT,ask,61300,526.88
2024-08-10 02:59:12,BTCUSDT,ask,61200,532.822
2024-08-10 02:59:47,BTCUSDT,ask,61100,521.262
2024-08-10 02:59:54,BTCUSDT,ask,61200,532.83
2024-08-10 03:00:18,BTCUSDT,ask,61500,564.406
2024-08-10 03:00:31,BTCUSDT,ask,61700,509.17
2024-08-10 03:00:33,BTCUSDT,ask,62000,558.745
2024-08-10 03:00:38,BTCUSDT,ask,61900,512.98
2024-08-10 03:00:40,BTCUSDT,ask,61500,564.413
2024-08-10 03:00:45,BTCUSDT,ask,62100,506.787
2024-08-10 03:00:48,BTCUSDT,ask,61500,564.1
2024-08-10 03:00:51,BTCUSDT,ask,62300,522.265
2024-08-10 03:00:58,BTCUSDT,ask,61500,562.74
2024-08-10 03:00:58,BTCUSDT,ask,62400,514.637
2024-08-10 03:01:10,BTCUSDT,ask,62500,689.909
2024-08-10 03:01:18,BTCUSDT,ask,62500,690.005
2024-08-10 03:01:20,BTCUSDT,ask,61200,532.714
2024-08-10 03:01:20,BTCUSDT,ask,62500,688.798
2024-08-10 03:01:24,BTCUSDT,ask,62000,558.641
2024-08-10 03:01:29,BTCUSDT,ask,61600,509.9
2024-08-10 03:01:31,BTCUSDT,ask,62000,558.644
2024-08-10 03:01:38,BTCUSDT,ask,61500,563.74
2024-08-10 03:01:52,BTCUSDT,ask,61500,563.719
2024-08-10 03:01:53,BTCUSDT,ask,62000,558.652
2024-08-10 03:01:57,BTCUSDT,ask,61200,532.355
2024-08-10 03:02:07,BTCUSDT,ask,61500,564.033
2024-08-10 03:02:08,BTCUSDT,ask,61100,521.26
2024-08-10 03:02:11,BTCUSDT,ask,62100,506.796
2024-08-10 03:02:11,BTCUSDT,ask,61100,521.309
2024-08-10 03:02:15,BTCUSDT,ask,61500,500.0
2024-08-10 03:02:23,BTCUSDT,ask,61200,531.539
2024-08-10 03:02:27,BTCUSDT,ask,61200,531.537
2024-08-10 03:02:31,BTCUSDT,ask,61400,508.188
2024-08-10 03:02:35,BTCUSDT,ask,61500,564.029
2024-08-10 03:02:38,BTCUSDT,ask,61300,526.883
2024-08-10 03:02:40,BTCUSDT,ask,61100,521.254
2024-08-10 03:02:46,BTCUSDT,ask,61400,508.187
2024-08-10 03:02:48,BTCUSDT,ask,62500,688.707
2024-08-10 03:02:48,BTCUSDT,ask,61100,521.807
2024-08-10 03:02:48,BTCUSDT,ask,61300,526.874
2024-08-10 03:02:49,BTCUSDT,ask,61200,531.734
2024-08-10 03:02:56,BTCUSDT,ask,61600,509.914
2024-08-10 03:02:57,BTCUSDT,ask,61300,526.843
2024-08-10 03:03:06,BTCUSDT,ask,61500,564.033
2024-08-10 03:03:08,BTCUSDT,ask,61700,509.179
2024-08-10 03:03:10,BTCUSDT,ask,61200,531.731
2024-08-10 03:03:10,BTCUSDT,ask,61400,508.184
2024-08-10 03:03:10,BTCUSDT,ask,61600,509.911
2024-08-10 03:03:13,BTCUSDT,ask,62400,514.687
2024-08-10 03:03:20,BTCUSDT,ask,61300,526.326
2024-08-10 03:03:26,BTCUSDT,ask,61100,521.832
2024-08-10 03:03:28,BTCUSDT,ask,62500,688.711
2024-08-10 03:03:29,BTCUSDT,ask,61200,531.644
2024-08-10 03:03:29,BTCUSDT,ask,62500,688.707
2024-08-10 03:04:04,BTCUSDT,ask,62000,558.802
2024-08-10 03:04:05,BTCUSDT,ask,61600,509.915
2024-08-10 03:04:11,BTCUSDT,ask,62200,515.85
2024-08-10 03:04:31,BTCUSDT,ask,61200,532.465
2024-08-10 03:04:34,BTCUSDT,ask,61500,564.014
2024-08-10 03:04:40,BTCUSDT,ask,61100,522.251
2024-08-10 03:04:43,BTCUSDT,ask,61200,532.292
2024-08-10 03:04:51,BTCUSDT,ask,62000,558.788
2024-08-10 03:04:54,BTCUSDT,ask,61500,564.017
2024-08-10 03:05:04,BTCUSDT,ask,61800,563.835
2024-08-10 03:05:05,BTCUSDT,ask,61200,532.294
2024-08-10 03:05:32,BTCUSDT,ask,61500,564.015
2024-08-10 03:06:08,BTCUSDT,ask,61400,508.214
2024-08-10 03:06:09,BTCUSDT,ask,61400,508.304
2024-08-10 03:06:22,BTCUSDT,ask,62500,688.726
2024-08-10 03:06:25,BTCUSDT,ask,62200,516.035
2024-08-10 03:06:30,BTCUSDT,ask,61100,522.255
2024-08-10 03:06:50,BTCUSDT,ask,62500,688.742
2024-08-10 03:06:58,BTCUSDT,ask,61500,564.115
2024-08-10 03:07:04,BTCUSDT,ask,62500,688.736
2024-08-10 03:07:06,BTCUSDT,ask,62100,506.656
2024-08-10 03:07:15,BTCUSDT,ask,62000,558.888
2024-08-10 03:07:20,BTCUSDT,ask,62100,506.796
2024-08-10 03:07:21,BTCUSDT,ask,61900,512.984
2024-08-10 03:07:24,BTCUSDT,ask,61900,512.982
2024-08-10 03:07:25,BTCUSDT,ask,61400,508.797
2024-08-10 03:07:26,BTCUSDT,ask,62000,558.936
2024-08-10 03:07:29,BTCUSDT,ask,61600,509.627
2024-08-10 03:07:32,BTCUSDT,ask,62500,688.738
2024-08-10 03:07:39,BTCUSDT,ask,62500,688.831
2024-08-10 03:07:47,BTCUSDT,ask,62500,688.879
2024-08-10 03:07:50,BTCUSDT,ask,61400,508.513
2024-08-10 03:07:50,BTCUSDT,ask,62500,688.824
2024-08-10 03:07:51,BTCUSDT,ask,62000,558.972
2024-08-10 03:07:58,BTCUSDT,ask,61600,509.633
2024-08-10 03:07:59,BTCUSDT,ask,61200,532.297
2024-08-10 03:08:11,BTCUSDT,ask,61400,508.528
2024-08-10 03:08:16,BTCUSDT,ask,61100,522.355
2024-08-10 03:08:24,BTCUSDT,ask,61200,532.397
2024-08-10 03:08:27,BTCUSDT,ask,61300,526.329
2024-08-10 03:08:29,BTCUSDT,ask,62500,688.833
2024-08-10 03:08:31,BTCUSDT,ask,61300,526.429
2024-08-10 03:08:33,BTCUSDT,ask,61300,526.333
2024-08-10 03:08:39,BTCUSDT,ask,61400,508.628
2024-08-10 03:08:43,BTCUSDT,ask,61300,526.335
2024-08-10 03:08:47,BTCUSDT,ask,61100,522.38
2024-08-10 03:08:51,BTCUSDT,ask,61200,531.877
2024-08-10 03:08:51,BTCUSDT,ask,61600,509.635
2024-08-10 03:08:53,BTCUSDT,ask,61500,564.212
2024-08-10 03:08:54,BTCUSDT,ask,62500,688.831
2024-08-10 03:09:04,BTCUSDT,ask,62000,559.205
2024-08-10 03:09:04,BTCUSDT,ask,61400,508.508
2024-08-10 03:09:07,BTCUSDT,ask,61500,564.217
2024-08-10 03:09:07,BTCUSDT,ask,61500,564.704
2024-08-10 03:09:15,BTCUSDT,ask,61600,509.735
2024-08-10 03:09:20,BTCUSDT,ask,61300,526.337
2024-08-10 03:09:22,BTCUSDT,ask,61700,509.279
2024-08-10 03:09:36,BTCUSDT,ask,61500,564.217
2024-08-10 03:09:56,BTCUSDT,ask,61800,563.935
2024-08-10 03:09:59,BTCUSDT,ask,61300,526.334
2024-08-10 03:10:04,BTCUSDT,ask,61500,564.212
2024-08-10 03:10:16,BTCUSDT,ask,61500,564.187
2024-08-10 03:10:16,BTCUSDT,ask,61500,564.184
2024-08-10 03:10:16,BTCUSDT,ask,61100,522.355
2024-08-10 03:10:20,BTCUSDT,ask,62500,688.856
2024-08-10 03:10:26,BTCUSDT,ask,61800,563.878
2024-08-10 03:10:27,BTCUSDT,ask,61500,564.274
2024-08-10 03:10:34,BTCUSDT,ask,61100,522.364
2024-08-10 03:10:41,BTCUSDT,ask,61300,526.332
2024-08-10 03:10:50,BTCUSDT,ask,61100,522.367
2024-08-10 03:10:57,BTCUSDT,ask,61100,522.364
2024-08-10 03:10:57,BTCUSDT,ask,61200,531.226
2024-08-10 03:10:57,BTCUSDT,ask,61300,526.328
2024-08-10 03:10:57,BTCUSDT,ask,61400,508.504
2024-08-10 03:10:57,BTCUSDT,ask,61500,564.269
2024-08-10 03:10:57,BTCUSDT,ask,61600,509.73
2024-08-10 03:10:57,BTCUSDT,ask,62500,689.001
2024-08-10 03:10:58,BTCUSDT,ask,61600,510.02
2024-08-10 03:11:05,BTCUSDT,ask,61600,509.73
2024-08-10 03:11:17,BTCUSDT,ask,61300,526.337
2024-08-10 03:11:20,BTCUSDT,ask,61500,564.265
2024-08-10 03:11:45,BTCUSDT,ask,62100,506.887
2024-08-10 03:11:52,BTCUSDT,ask,61600,509.723
2024-08-10 03:11:52,BTCUSDT,ask,61800,563.884
2024-08-10 03:11:59,BTCUSDT,ask,61500,564.193
2024-08-10 03:12:02,BTCUSDT,ask,61500,564.196
2024-08-10 03:12:02,BTCUSDT,ask,62000,559.216
2024-08-10 03:12:03,BTCUSDT,ask,61100,522.367
2024-08-10 03:12:03,BTCUSDT,ask,61400,508.507
2024-08-10 03:12:03,BTCUSDT,ask,61700,509.282
2024-08-10 03:12:03,BTCUSDT,ask,62000,559.219
2024-08-10 03:12:08,BTCUSDT,ask,62500,688.997
2024-08-10 03:12:14,BTCUSDT,ask,61600,509.885
2024-08-10 03:12:20,BTCUSDT,ask,62500,689.035
2024-08-10 03:12:34,BTCUSDT,ask,61600,509.723
2024-08-10 03:12:39,BTCUSDT,ask,61100,522.369
2024-08-10 03:12:45,BTCUSDT,ask,62000,559.38
2024-08-10 03:12:47,BTCUSDT,ask,61200,531.426
2024-08-10 03:12:49,BTCUSDT,ask,62500,689.117
2024-08-10 03:12:55,BTCUSDT,ask,62200,516.118
2024-08-10 03:12:57,BTCUSDT,ask,61200,531.43
2024-08-10 03:13:07,BTCUSDT,ask,62200,516.122
2024-08-10 03:13:10,BTCUSDT,ask,61100,522.366
2024-08-10 03:13:23,BTCUSDT,ask,61100,522.266
2024-08-10 03:13:31,BTCUSDT,ask,62000,559.37
2024-08-10 03:13:31,BTCUSDT,ask,61200,531.745
2024-08-10 03:13:34,BTCUSDT,ask,62000,559.38
2024-08-10 03:13:35,BTCUSDT,ask,61400,511.731
2024-08-10 03:13:40,BTCUSDT,ask,61600,509.878
2024-08-10 03:13:43,BTCUSDT,ask,62000,559.392
2024-08-10 03:13:56,BTCUSDT,ask,61300,526.342
2024-08-10 03:14:03,BTCUSDT,ask,61100,522.364
2024-08-10 03:14:12,BTCUSDT,ask,61100,522.377
2024-08-10 03:14:16,BTCUSDT,ask,61500,564.202
2024-08-10 03:14:17,BTCUSDT,ask,61400,510.119
2024-08-10 03:14:17,BTCUSDT,ask,61400,509.313
2024-08-10 03:14:18,BTCUSDT,ask,61400,508.507
2024-08-10 03:14:18,BTCUSDT,ask,61100,522.275
2024-08-10 03:14:18,BTCUSDT,ask,62400,514.585
2024-08-10 03:14:18,BTCUSDT,ask,61500,564.211
2024-08-10 03:14:27,BTCUSDT,ask,61100,522.316
2024-08-10 03:14:30,BTCUSDT,ask,62400,514.569
2024-08-10 03:14:36,BTCUSDT,ask,62000,564.23
2024-08-10 03:14:40,BTCUSDT,ask,62500,689.123
2024-08-10 03:14:41,BTCUSDT,ask,61200,531.765
2024-08-10 03:14:41,BTCUSDT,ask,61500,564.213
2024-08-10 03:14:52,BTCUSDT,ask,62000,564.233
2024-08-10 03:14:53,BTCUSDT,ask,61500,564.197
2024-08-10 03:15:01,BTCUSDT,ask,62300,522.267
2024-08-10 03:15:12,BTCUSDT,ask,61800,563.884
2024-08-10 03:15:52,BTCUSDT,ask,62300,522.265
2024-08-10 03:15:56,BTCUSDT,ask,61500,563.887
2024-08-10 03:15:59,BTCUSDT,ask,62500,689.123
2024-08-10 03:16:00,BTCUSDT,ask,62000,559.743
2024-08-10 03:16:03,BTCUSDT,ask,61500,563.918
2024-08-10 03:16:05,BTCUSDT,ask,61500,563.928
2024-08-10 03:16:05,BTCUSDT,ask,62000,559.753
2024-08-10 03:16:10,BTCUSDT,ask,62500,689.098
2024-08-10 03:16:10,BTCUSDT,ask,62300,522.276
2024-08-10 03:16:10,BTCUSDT,ask,62400,514.578
2024-08-10 03:16:11,BTCUSDT,ask,61300,526.345
2024-08-10 03:16:15,BTCUSDT,ask,62500,689.113
2024-08-10 03:16:19,BTCUSDT,ask,61200,531.819
2024-08-10 03:16:30,BTCUSDT,ask,61100,522.626
2024-08-10 03:16:37,BTCUSDT,ask,62000,559.471
2024-08-10 03:16:40,BTCUSDT,ask,61500,564.027
2024-08-10 03:16:41,BTCUSDT,ask,61300,529.444
2024-08-10 03:16:43,BTCUSDT,ask,61100,522.636
2024-08-10 03:16:47,BTCUSDT,ask,62000,559.541
2024-08-10 03:16:54,BTCUSDT,ask,62500,689.2
2024-08-10 03:16:55,BTCUSDT,ask,61500,564.02
2024-08-10 03:16:56,BTCUSDT,ask,61300,529.447
2024-08-10 03:16:58,BTCUSDT,ask,62300,523.881
2024-08-10 03:16:59,BTCUSDT,ask,61600,509.795
2024-08-10 03:16:59,BTCUSDT,ask,61100,522.629
2024-08-10 03:17:00,BTCUSDT,ask,61200,531.822
2024-08-10 03:17:01,BTCUSDT,ask,61100,522.632
2024-08-10 03:17:03,BTCUSDT,ask,61200,531.825
2024-08-10 03:17:03,BTCUSDT,ask,61200,531.828
2024-08-10 03:17:05,BTCUSDT,ask,61500,564.015
2024-08-10 03:17:10,BTCUSDT,ask,61100,522.641
2024-08-10 03:17:14,BTCUSDT,ask,61200,531.821
2024-08-10 03:17:15,BTCUSDT,ask,61500,564.006
2024-08-10 03:17:15,BTCUSDT,ask,61600,509.865
2024-08-10 03:17:15,BTCUSDT,ask,62000,559.558
2024-08-10 03:17:18,BTCUSDT,ask,61200,531.856
2024-08-10 03:17:19,BTCUSDT,ask,61200,531.77
2024-08-10 03:17:20,BTCUSDT,ask,61100,522.83
2024-08-10 03:17:20,BTCUSDT,ask,61500,563.984
2024-08-10 03:17:25,BTCUSDT,ask,61100,522.787
2024-08-10 03:17:29,BTCUSDT,ask,61500,564.045
2024-08-10 03:17:29,BTCUSDT,ask,61300,516.922
2024-08-10 03:17:35,BTCUSDT,ask,61100,522.763
2024-08-10 03:17:35,BTCUSDT,ask,61100,522.76
2024-08-10 03:17:35,BTCUSDT,ask,61400,508.504
2024-08-10 03:17:35,BTCUSDT,ask,61700,511.838
2024-08-10 03:17:35,BTCUSDT,ask,62000,559.629
2024-08-10 03:17:37,BTCUSDT,ask,61500,564.052
2024-08-10 03:17:38,BTCUSDT,ask,61400,508.508
2024-08-10 03:17:39,BTCUSDT,ask,61100,522.841
2024-08-10 03:17:40,BTCUSDT,ask,61100,522.864
2024-08-10 03:17:40,BTCUSDT,ask,61200,531.79
2024-08-10 03:17:41,BTCUSDT,ask,62000,559.632
2024-08-10 03:17:42,BTCUSDT,ask,61100,522.866
2024-08-10 03:17:45,BTCUSDT,ask,61800,563.896
2024-08-10 03:17:47,BTCUSDT,ask,61100,522.677
2024-08-10 03:17:48,BTCUSDT,ask,61100,522.675
2024-08-10 03:17:50,BTCUSDT,ask,61200,531.799
2024-08-10 03:17:51,BTCUSDT,ask,62000,559.634
2024-08-10 03:17:51,BTCUSDT,ask,61200,531.829
2024-08-10 03:17:54,BTCUSDT,ask,61200,532.441
2024-08-10 03:17:55,BTCUSDT,ask,62300,526.079
2024-08-10 03:18:00,BTCUSDT,ask,61500,564.062
2024-08-10 03:18:00,BTCUSDT,ask,62000,559.644
2024-08-10 03:18:06,BTCUSDT,ask,61500,564.19
2024-08-10 03:18:08,BTCUSDT,ask,62500,689.275
2024-08-10 03:18:09,BTCUSDT,ask,61600,522.402
2024-08-10 03:18:10,BTCUSDT,ask,61300,516.929
2024-08-10 03:18:10,BTCUSDT,ask,61900,513.144
2024-08-10 03:18:17,BTCUSDT,ask,61700,512.159
2024-08-10 03:18:17,BTCUSDT,ask,61700,513.122
2024-08-10 03:18:18,BTCUSDT,ask,62000,559.612
2024-08-10 03:18:23,BTCUSDT,ask,62000,559.607
2024-08-10 03:18:24,BTCUSDT,ask,61500,564.186
2024-08-10 03:18:31,BTCUSDT,ask,61200,532.425
2024-08-10 03:18:38,BTCUSDT,ask,62300,526.139
2024-08-10 03:18:43,BTCUSDT,ask,62300,524.534
2024-08-10 03:18:44,BTCUSDT,ask,61600,522.418
2024-08-10 03:18:44,BTCUSDT,ask,62500,689.102
2024-08-10 03:18:45,BTCUSDT,ask,61200,530.992
2024-08-10 03:18:48,BTCUSDT,ask,62000,559.603
2024-08-10 03:19:06,BTCUSDT,ask,61200,530.995
2024-08-10 03:19:12,BTCUSDT,ask,62500,688.925
2024-08-10 03:19:13,BTCUSDT,ask,61700,510.233
2024-08-10 03:19:18,BTCUSDT,ask,61700,509.27
2024-08-10 03:19:27,BTCUSDT,ask,62200,516.485
2024-08-10 03:19:33,BTCUSDT,ask,62000,559.586
2024-08-10 03:19:36,BTCUSDT,ask,62000,559.642
2024-08-10 03:19:42,BTCUSDT,ask,61500,565.104
