2024-08-31 07:03:41,BTCUSDT,bid,55800,770.228
2024-08-31 07:21:33,BTCUSDT,bid,55800,770.291
2024-08-31 07:23:58,BTCUSDT,bid,55800,770.228
2024-08-31 07:32:21,BTCUSDT,bid,47000,879.106
2024-08-31 07:33:23,BTCUSDT,bid,55800,770.25
2024-08-31 07:50:02,BTCUSDT,bid,55800,770.243
2024-08-31 07:58:10,BTCUSDT,bid,55800,770.21
2024-08-31 07:59:35,BTCUSDT,bid,55800,769.71
2024-08-31 08:06:58,BTCUSDT,bid,47000,880.106
2024-08-31 08:07:40,BTCUSDT,bid,47000,880.109
2024-08-31 08:18:31,BTCUSDT,bid,55800,769.727
2024-08-31 08:23:43,BTCUSDT,bid,47000,880.035
2024-08-31 08:36:09,BTCUSDT,bid,55800,769.682
2024-08-31 08:36:12,BTCUSDT,bid,55800,769.687
2024-08-31 08:47:01,BTCUSDT,bid,47000,880.1
2024-08-31 08:47:45,BTCUSDT,bid,47000,880.035
2024-08-31 08:53:50,BTCUSDT,bid,55800,769.733
2024-08-31 09:09:23,BTCUSDT,bid,55800,769.671
2024-08-31 09:12:47,BTCUSDT,bid,55800,769.684
2024-08-31 09:15:07,BTCUSDT,bid,55800,769.638
2024-08-31 09:19:00,BTCUSDT,bid,47300,808.044
2024-08-31 09:19:00,BTCUSDT,bid,47300,808.04
2024-08-31 09:41:26,BTCUSDT,bid,47300,808.044
2024-08-31 09:41:26,BTCUSDT,bid,47300,808.04
2024-08-31 09:41:28,BTCUSDT,bid,47300,808.04
2024-08-31 09:41:28,BTCUSDT,bid,47300,808.04
2024-08-31 09:41:29,BTCUSDT,bid,47300,808.04
2024-08-31 09:41:29,BTCUSDT,bid,47300,808.04
2024-08-31 09:41:30,BTCUSDT,bid,47300,808.044
2024-08-31 09:41:31,BTCUSDT,bid,47300,808.04
2024-08-31 09:41:31,BTCUSDT,bid,47300,808.044
2024-08-31 09:41:31,BTCUSDT,bid,47300,808.04
2024-08-31 09:41:31,BTCUSDT,bid,47300,808.044
2024-08-31 09:41:32,BTCUSDT,bid,47300,808.04
2024-08-31 09:42:06,BTCUSDT,bid,55800,769.538
2024-08-31 10:06:38,BTCUSDT,bid,55800,769.53
2024-08-31 10:10:27,BTCUSDT,bid,47000,880.038
2024-08-31 10:28:41,BTCUSDT,bid,47000,880.138
2024-08-31 10:31:26,BTCUSDT,bid,55800,769.423
2024-08-31 10:34:15,BTCUSDT,bid,55800,769.41
2024-08-31 10:35:02,BTCUSDT,bid,55800,769.415
2024-08-31 10:49:12,BTCUSDT,bid,55800,769.29
2024-08-31 12:15:39,BTCUSDT,bid,55800,769.369
2024-08-31 12:24:44,BTCUSDT,bid,55800,769.365
2024-08-31 12:32:35,BTCUSDT,bid,55800,769.348
2024-08-31 12:32:56,BTCUSDT,bid,55800,769.326
2024-08-31 13:03:24,BTCUSDT,bid,55800,769.342
2024-08-31 13:10:40,BTCUSDT,bid,55800,771.342
2024-08-31 13:12:58,BTCUSDT,bid,47300,809.54
2024-08-31 13:13:46,BTCUSDT,bid,47300,808.04
2024-08-31 13:17:31,BTCUSDT,bid,47000,882.138
2024-08-31 13:24:31,BTCUSDT,bid,55800,771.335
2024-08-31 13:29:45,BTCUSDT,bid,47000,882.308
2024-08-31 13:30:03,BTCUSDT,bid,47000,882.627
2024-08-31 13:33:10,BTCUSDT,bid,55800,771.345
2024-08-31 13:49:04,BTCUSDT,bid,55800,771.845
2024-08-31 13:53:50,BTCUSDT,bid,47000,882.611
2024-08-31 13:54:46,BTCUSDT,bid,55800,771.835
2024-08-31 13:58:47,BTCUSDT,bid,47300,808.043
2024-08-31 13:58:47,BTCUSDT,bid,47300,808.04
2024-08-31 13:58:48,BTCUSDT,bid,47300,808.04
2024-08-31 13:58:48,BTCUSDT,bid,47300,808.04
2024-08-31 13:58:48,BTCUSDT,bid,47300,808.04
2024-08-31 13:58:48,BTCUSDT,bid,47300,808.04
2024-08-31 13:58:48,BTCUSDT,bid,47300,808.04
2024-08-31 13:58:48,BTCUSDT,bid,47300,808.04
2024-08-31 13:58:49,BTCUSDT,bid,47300,808.04
2024-08-31 13:58:49,BTCUSDT,bid,47300,808.04
2024-08-31 13:58:49,BTCUSDT,bid,47300,808.04
2024-08-31 13:58:49,BTCUSDT,bid,47300,808.04
2024-08-31 13:58:49,BTCUSDT,bid,47300,808.04
2024-08-31 13:58:49,BTCUSDT,bid,47300,808.04
2024-08-31 13:58:49,BTCUSDT,bid,47300,808.04
2024-08-31 13:58:50,BTCUSDT,bid,47300,808.043
2024-08-31 13:58:50,BTCUSDT,bid,47300,808.04
2024-08-31 13:58:50,BTCUSDT,bid,47300,808.043
2024-08-31 13:58:50,BTCUSDT,bid,47300,808.04
2024-08-31 13:58:51,BTCUSDT,bid,47300,808.04
2024-08-31 13:58:51,BTCUSDT,bid,47300,808.043
2024-08-31 13:58:51,BTCUSDT,bid,47300,808.04
2024-08-31 13:58:51,BTCUSDT,bid,47300,808.04
2024-08-31 13:58:51,BTCUSDT,bid,47300,808.04
2024-08-31 13:58:51,BTCUSDT,bid,47300,808.04
2024-08-31 13:58:51,BTCUSDT,bid,47300,808.04
2024-08-31 13:58:52,BTCUSDT,bid,47300,808.04
2024-08-31 13:58:52,BTCUSDT,bid,47300,808.04
2024-08-31 13:58:52,BTCUSDT,bid,47300,808.043
2024-08-31 13:58:52,BTCUSDT,bid,47300,808.043
2024-08-31 13:58:52,BTCUSDT,bid,47300,808.04
2024-08-31 13:58:53,BTCUSDT,bid,47300,808.043
2024-08-31 13:58:53,BTCUSDT,bid,47300,808.04
2024-08-31 13:58:53,BTCUSDT,bid,47300,808.04
2024-08-31 13:58:53,BTCUSDT,bid,47300,808.04
2024-08-31 13:58:53,BTCUSDT,bid,47300,808.04
2024-08-31 13:58:53,BTCUSDT,bid,47300,808.043
2024-08-31 13:58:54,BTCUSDT,bid,47300,808.04
2024-08-31 13:58:54,BTCUSDT,bid,47300,808.04
2024-08-31 13:58:54,BTCUSDT,bid,47300,808.04
2024-08-31 13:58:54,BTCUSDT,bid,47300,808.04
2024-08-31 13:58:54,BTCUSDT,bid,47300,808.04
2024-08-31 13:58:54,BTCUSDT,bid,47300,808.043
2024-08-31 13:58:54,BTCUSDT,bid,47300,808.04
2024-08-31 13:58:54,BTCUSDT,bid,47300,808.043
2024-08-31 13:58:54,BTCUSDT,bid,47300,808.04
2024-08-31 13:58:55,BTCUSDT,bid,47300,808.04
2024-08-31 13:58:55,BTCUSDT,bid,47300,808.04
2024-08-31 13:58:55,BTCUSDT,bid,47300,808.04
2024-08-31 13:58:55,BTCUSDT,bid,47300,808.043
2024-08-31 13:58:55,BTCUSDT,bid,47300,808.04
2024-08-31 13:58:55,BTCUSDT,bid,47300,808.04
2024-08-31 13:58:56,BTCUSDT,bid,47300,808.04
2024-08-31 13:58:56,BTCUSDT,bid,47300,808.043
2024-08-31 13:58:56,BTCUSDT,bid,47300,808.04
2024-08-31 13:58:56,BTCUSDT,bid,47300,808.043
2024-08-31 13:58:56,BTCUSDT,bid,47300,808.04
2024-08-31 13:58:56,BTCUSDT,bid,47300,808.04
2024-08-31 13:58:56,BTCUSDT,bid,47300,808.04
2024-08-31 13:58:57,BTCUSDT,bid,47300,808.04
2024-08-31 13:58:57,BTCUSDT,bid,47300,808.04
2024-08-31 13:58:57,BTCUSDT,bid,47300,808.04
2024-08-31 13:58:58,BTCUSDT,bid,47300,808.04
2024-08-31 13:58:58,BTCUSDT,bid,47300,808.043
2024-08-31 13:58:58,BTCUSDT,bid,47300,808.04
2024-08-31 13:58:58,BTCUSDT,bid,47300,808.04
2024-08-31 13:58:58,BTCUSDT,bid,47300,808.04
2024-08-31 13:58:58,BTCUSDT,bid,47300,808.04
2024-08-31 13:58:59,BTCUSDT,bid,47300,808.04
2024-08-31 13:58:59,BTCUSDT,bid,47300,808.04
2024-08-31 13:58:59,BTCUSDT,bid,47300,808.04
2024-08-31 13:58:59,BTCUSDT,bid,47300,808.04
2024-08-31 14:00:59,BTCUSDT,bid,55800,771.846
2024-08-31 14:07:34,BTCUSDT,bid,55800,771.844
2024-08-31 14:12:16,BTCUSDT,bid,55800,771.344
2024-08-31 14:12:52,BTCUSDT,bid,47000,882.608
2024-08-31 14:12:53,BTCUSDT,bid,47000,882.611
2024-08-31 14:23:05,BTCUSDT,bid,55800,771.347
2024-08-31 14:23:31,BTCUSDT,bid,55800,771.345
2024-08-31 14:48:55,BTCUSDT,bid,55800,771.339
2024-08-31 14:50:12,BTCUSDT,bid,47300,808.04
2024-08-31 14:50:12,BTCUSDT,bid,47300,808.04
2024-08-31 14:58:52,BTCUSDT,bid,55800,771.301
2024-08-31 15:11:18,BTCUSDT,bid,55800,771.285
2024-08-31 15:28:52,BTCUSDT,bid,55800,772.547
2024-08-31 15:29:04,BTCUSDT,bid,55800,771.285
2024-08-31 15:33:03,BTCUSDT,bid,55800,771.278
2024-08-31 07:03:44,BTCUSD_PERP,bid,58500,645.61
2024-08-31 07:03:44,BTCUSD_PERP,bid,58500,519.96
2024-08-31 07:03:44,BTCUSD_PERP,bid,58500,635.31
2024-08-31 07:03:44,BTCUSD_PERP,bid,58500,693.28
2024-08-31 07:04:15,BTCUSD_PERP,bid,58500,577.93
2024-08-31 07:04:15,BTCUSD_PERP,bid,58500,519.96
2024-08-31 07:04:17,BTCUSD_PERP,bid,58600,577.15
2024-08-31 07:06:02,BTCUSD_PERP,bid,58600,519.73
2024-08-31 07:06:04,BTCUSD_PERP,bid,58600,520.0
2024-08-31 07:06:04,BTCUSD_PERP,bid,58600,578.04
2024-08-31 07:12:19,BTCUSD_PERP,bid,58600,529.59
2024-08-31 07:15:38,BTCUSD_PERP,bid,58600,520.49
2024-08-31 07:15:39,BTCUSD_PERP,bid,58600,635.98
2024-08-31 07:15:39,BTCUSD_PERP,bid,58600,694.02
2024-08-31 07:15:39,BTCUSD_PERP,bid,58600,809.51
2024-08-31 07:15:39,BTCUSD_PERP,bid,58600,867.55
2024-08-31 07:15:39,BTCUSD_PERP,bid,58600,925.0
2024-08-31 07:15:39,BTCUSD_PERP,bid,58600,983.04
2024-08-31 07:15:40,BTCUSD_PERP,bid,58500,564.23
2024-08-31 07:15:40,BTCUSD_PERP,bid,58600,1040.49
2024-08-31 07:17:56,BTCUSD_PERP,bid,58600,982.45
2024-08-31 07:17:56,BTCUSD_PERP,bid,58500,520.75
2024-08-31 07:17:56,BTCUSD_PERP,bid,58600,924.41
2024-08-31 07:17:56,BTCUSD_PERP,bid,58600,751.47
2024-08-31 07:17:56,BTCUSD_PERP,bid,58600,577.94
2024-08-31 07:17:56,BTCUSD_PERP,bid,58600,520.92
2024-08-31 07:17:56,BTCUSD_PERP,bid,58600,695.16
2024-08-31 07:17:57,BTCUSD_PERP,bid,58600,819.88
2024-08-31 07:17:57,BTCUSD_PERP,bid,58600,516.41
2024-08-31 07:17:57,BTCUSD_PERP,bid,58600,877.96
2024-08-31 07:17:57,BTCUSD_PERP,bid,58600,1003.39
2024-08-31 07:17:57,BTCUSD_PERP,bid,58600,1118.85
2024-08-31 07:17:57,BTCUSD_PERP,bid,58600,1234.41
2024-08-31 07:17:57,BTCUSD_PERP,bid,58600,574.39
2024-08-31 07:18:45,BTCUSD_PERP,bid,58600,1234.45
2024-08-31 07:19:26,BTCUSD_PERP,bid,58600,530.88
2024-08-31 07:19:26,BTCUSD_PERP,bid,58600,1176.47
2024-08-31 07:19:26,BTCUSD_PERP,bid,58600,1118.99
2024-08-31 07:19:26,BTCUSD_PERP,bid,58600,1003.43
2024-08-31 07:19:27,BTCUSD_PERP,bid,58600,887.87
2024-08-31 07:19:27,BTCUSD_PERP,bid,58600,829.79
2024-08-31 07:19:27,BTCUSD_PERP,bid,58600,714.83
2024-08-31 07:19:27,BTCUSD_PERP,bid,58600,656.75
2024-08-31 07:19:27,BTCUSD_PERP,bid,58700,520.17
2024-08-31 07:19:27,BTCUSD_PERP,bid,58600,541.19
2024-08-31 07:19:27,BTCUSD_PERP,bid,58700,578.3
2024-08-31 07:19:28,BTCUSD_PERP,bid,58700,635.83
2024-08-31 07:19:28,BTCUSD_PERP,bid,58700,751.49
2024-08-31 07:19:28,BTCUSD_PERP,bid,58700,867.75
2024-08-31 07:19:28,BTCUSD_PERP,bid,58600,521.56
2024-08-31 07:19:28,BTCUSD_PERP,bid,58700,983.41
2024-08-31 07:19:28,BTCUSD_PERP,bid,58700,1041.54
2024-08-31 07:19:28,BTCUSD_PERP,bid,58700,1157.8
2024-08-31 07:20:14,BTCUSD_PERP,bid,58600,810.42
2024-08-31 07:20:14,BTCUSD_PERP,bid,58600,984.12
2024-08-31 07:20:14,BTCUSD_PERP,bid,58600,521.29
2024-08-31 07:20:14,BTCUSD_PERP,bid,58600,1042.22
2024-08-31 07:22:03,BTCUSD_PERP,bid,58600,926.62
2024-08-31 07:22:03,BTCUSD_PERP,bid,58600,811.01
2024-08-31 07:22:03,BTCUSD_PERP,bid,58600,752.91
2024-08-31 07:22:03,BTCUSD_PERP,bid,58600,694.81
2024-08-31 07:22:04,BTCUSD_PERP,bid,58600,636.71
2024-08-31 07:22:04,BTCUSD_PERP,bid,58600,579.2
2024-08-31 07:22:04,BTCUSD_PERP,bid,58700,520.72
2024-08-31 07:22:04,BTCUSD_PERP,bid,58600,521.7
2024-08-31 07:22:04,BTCUSD_PERP,bid,58700,578.26
2024-08-31 07:22:04,BTCUSD_PERP,bid,58700,694.52
2024-08-31 07:22:04,BTCUSD_PERP,bid,58700,752.65
2024-08-31 07:22:04,BTCUSD_PERP,bid,58600,521.56
2024-08-31 07:23:23,BTCUSD_PERP,bid,58700,694.52
2024-08-31 07:23:23,BTCUSD_PERP,bid,58700,636.39
2024-08-31 07:23:23,BTCUSD_PERP,bid,58700,578.85
2024-08-31 07:24:15,BTCUSD_PERP,bid,58700,521.26
2024-08-31 07:24:15,BTCUSD_PERP,bid,58700,578.86
2024-08-31 07:24:15,BTCUSD_PERP,bid,58700,695.24
2024-08-31 07:25:06,BTCUSD_PERP,bid,58700,637.05
2024-08-31 07:25:06,BTCUSD_PERP,bid,58700,578.86
2024-08-31 07:25:06,BTCUSD_PERP,bid,58700,521.26
2024-08-31 07:25:06,BTCUSD_PERP,bid,58800,581.72
2024-08-31 07:25:07,BTCUSD_PERP,bid,58800,697.6
2024-08-31 07:26:04,BTCUSD_PERP,bid,58800,639.37
2024-08-31 07:26:04,BTCUSD_PERP,bid,58800,754.83
2024-08-31 07:26:04,BTCUSD_PERP,bid,58800,813.04
2024-08-31 07:28:08,BTCUSD_PERP,bid,58700,927.18
2024-08-31 07:28:08,BTCUSD_PERP,bid,58700,985.36
2024-08-31 07:29:52,BTCUSD_PERP,bid,58700,869.1
2024-08-31 07:29:52,BTCUSD_PERP,bid,58700,753.34
2024-08-31 07:29:52,BTCUSD_PERP,bid,58700,636.98
2024-08-31 07:29:52,BTCUSD_PERP,bid,58700,579.4
2024-08-31 07:29:53,BTCUSD_PERP,bid,58700,521.82
2024-08-31 07:29:53,BTCUSD_PERP,bid,58800,695.52
2024-08-31 07:29:53,BTCUSD_PERP,bid,58800,811.34
2024-08-31 07:29:53,BTCUSD_PERP,bid,58800,927.16
2024-08-31 07:29:53,BTCUSD_PERP,bid,58800,985.37
2024-08-31 07:29:53,BTCUSD_PERP,bid,58800,1043.58
2024-08-31 07:29:56,BTCUSD_PERP,bid,58800,985.37
2024-08-31 07:29:56,BTCUSD_PERP,bid,58800,927.16
2024-08-31 07:29:56,BTCUSD_PERP,bid,58800,811.34
2024-08-31 07:29:57,BTCUSD_PERP,bid,58800,694.92
2024-08-31 07:29:57,BTCUSD_PERP,bid,58800,637.31
2024-08-31 07:29:57,BTCUSD_PERP,bid,58800,579.7
2024-08-31 07:29:57,BTCUSD_PERP,bid,58800,521.25
2024-08-31 07:29:57,BTCUSD_PERP,bid,58800,811.9
2024-08-31 07:29:57,BTCUSD_PERP,bid,58800,927.2
2024-08-31 07:29:58,BTCUSD_PERP,bid,58800,985.45
2024-08-31 07:30:01,BTCUSD_PERP,bid,58800,986.68
2024-08-31 07:32:02,BTCUSD_PERP,bid,58800,985.45
2024-08-31 07:32:11,BTCUSD_PERP,bid,58800,927.2
2024-08-31 07:32:11,BTCUSD_PERP,bid,58800,753.65
2024-08-31 07:32:12,BTCUSD_PERP,bid,58800,637.75
2024-08-31 07:32:12,BTCUSD_PERP,bid,58800,579.5
2024-08-31 07:32:12,BTCUSD_PERP,bid,58800,521.85
2024-08-31 07:32:13,BTCUSD_PERP,bid,58800,521.52
2024-08-31 07:32:13,BTCUSD_PERP,bid,58800,637.48
2024-08-31 07:32:13,BTCUSD_PERP,bid,58800,753.44
2024-08-31 07:32:13,BTCUSD_PERP,bid,58800,811.12
2024-08-31 07:32:13,BTCUSD_PERP,bid,58800,869.4
2024-08-31 07:32:13,BTCUSD_PERP,bid,58800,985.96
2024-08-31 07:32:22,BTCUSD_PERP,bid,58800,870.6
2024-08-31 07:32:22,BTCUSD_PERP,bid,58800,754.64
2024-08-31 07:32:22,BTCUSD_PERP,bid,58800,696.36
2024-08-31 07:32:22,BTCUSD_PERP,bid,58800,580.4
2024-08-31 07:32:22,BTCUSD_PERP,bid,58800,522.12
2024-08-31 07:32:22,BTCUSD_PERP,bid,58900,812.66
2024-08-31 07:35:26,BTCUSD_PERP,bid,58900,754.35
2024-08-31 07:35:26,BTCUSD_PERP,bid,58900,638.32
2024-08-31 07:35:26,BTCUSD_PERP,bid,58900,522.29
2024-08-31 07:35:28,BTCUSD_PERP,bid,58900,580.5
2024-08-31 07:35:28,BTCUSD_PERP,bid,58900,696.5
2024-08-31 07:35:40,BTCUSD_PERP,bid,58900,638.15
2024-08-31 07:35:40,BTCUSD_PERP,bid,58900,638.42
2024-08-31 07:35:40,BTCUSD_PERP,bid,58900,696.74
2024-08-31 07:35:40,BTCUSD_PERP,bid,58900,755.06
2024-08-31 07:35:49,BTCUSD_PERP,bid,58900,696.74
2024-08-31 07:35:49,BTCUSD_PERP,bid,58900,522.98
2024-08-31 07:35:50,BTCUSD_PERP,bid,58800,522.11
2024-08-31 07:35:50,BTCUSD_PERP,bid,58800,580.4
2024-08-31 07:35:51,BTCUSD_PERP,bid,58800,638.69
2024-08-31 07:35:51,BTCUSD_PERP,bid,58800,696.38
2024-08-31 07:35:56,BTCUSD_PERP,bid,58800,580.2
2024-08-31 07:35:56,BTCUSD_PERP,bid,58800,811.94
2024-08-31 07:36:07,BTCUSD_PERP,bid,58800,696.12
2024-08-31 07:36:07,BTCUSD_PERP,bid,58800,580.2
2024-08-31 07:36:07,BTCUSD_PERP,bid,58800,521.94
2024-08-31 07:36:07,BTCUSD_PERP,bid,58800,522.17
2024-08-31 07:36:07,BTCUSD_PERP,bid,58800,580.4
2024-08-31 07:36:08,BTCUSD_PERP,bid,58800,638.63
2024-08-31 07:36:08,BTCUSD_PERP,bid,58800,696.86
2024-08-31 07:36:08,BTCUSD_PERP,bid,58800,754.49
2024-08-31 07:36:08,BTCUSD_PERP,bid,58800,928.58
2024-08-31 07:36:09,BTCUSD_PERP,bid,58800,986.21
2024-08-31 07:36:09,BTCUSD_PERP,bid,58800,1043.84
2024-08-31 07:36:12,BTCUSD_PERP,bid,58800,985.61
2024-08-31 07:36:12,BTCUSD_PERP,bid,58800,927.38
2024-08-31 07:36:12,BTCUSD_PERP,bid,58800,869.75
2024-08-31 07:36:13,BTCUSD_PERP,bid,58800,753.89
2024-08-31 07:36:13,BTCUSD_PERP,bid,58800,696.26
2024-08-31 07:36:13,BTCUSD_PERP,bid,58800,638.03
2024-08-31 07:36:13,BTCUSD_PERP,bid,58800,522.27
2024-08-31 07:36:13,BTCUSD_PERP,bid,58700,556.39
2024-08-31 07:36:13,BTCUSD_PERP,bid,58700,614.58
2024-08-31 07:36:13,BTCUSD_PERP,bid,58700,672.18
2024-08-31 07:38:13,BTCUSD_PERP,bid,58700,658.22
2024-08-31 07:38:14,BTCUSD_PERP,bid,58700,656.13
2024-08-31 07:42:33,BTCUSD_PERP,bid,58700,656.17
2024-08-31 07:44:12,BTCUSD_PERP,bid,58700,540.38
2024-08-31 07:44:13,BTCUSD_PERP,bid,58800,696.39
2024-08-31 07:44:14,BTCUSD_PERP,bid,58800,754.63
2024-08-31 07:44:14,BTCUSD_PERP,bid,58800,812.87
2024-08-31 07:44:14,BTCUSD_PERP,bid,58800,871.11
2024-08-31 07:44:14,BTCUSD_PERP,bid,58800,928.75
2024-08-31 07:44:14,BTCUSD_PERP,bid,58800,986.99
2024-08-31 07:44:14,BTCUSD_PERP,bid,58800,1044.63
2024-08-31 07:46:26,BTCUSD_PERP,bid,58800,986.49
2024-08-31 07:46:26,BTCUSD_PERP,bid,58800,870.01
2024-08-31 07:46:26,BTCUSD_PERP,bid,58800,638.85
2024-08-31 07:46:26,BTCUSD_PERP,bid,58800,522.37
2024-08-31 07:46:26,BTCUSD_PERP,bid,58800,522.53
2024-08-31 07:46:27,BTCUSD_PERP,bid,58800,580.2
2024-08-31 07:46:27,BTCUSD_PERP,bid,58800,638.47
2024-08-31 07:46:27,BTCUSD_PERP,bid,58800,813.28
2024-08-31 07:46:27,BTCUSD_PERP,bid,58800,871.55
2024-08-31 07:46:28,BTCUSD_PERP,bid,58800,987.49
2024-08-31 07:47:59,BTCUSD_PERP,bid,58800,929.22
2024-08-31 07:47:59,BTCUSD_PERP,bid,58800,871.55
2024-08-31 07:47:59,BTCUSD_PERP,bid,58800,696.39
2024-08-31 07:47:59,BTCUSD_PERP,bid,58800,928.75
2024-08-31 07:47:59,BTCUSD_PERP,bid,58800,986.99
2024-08-31 07:49:59,BTCUSD_PERP,bid,58800,928.75
2024-08-31 07:49:59,BTCUSD_PERP,bid,58700,696.02
2024-08-31 07:49:59,BTCUSD_PERP,bid,58700,928.26
2024-08-31 07:49:59,BTCUSD_PERP,bid,58700,986.47
2024-08-31 07:50:43,BTCUSD_PERP,bid,58700,580.2
2024-08-31 07:50:43,BTCUSD_PERP,bid,58700,694.99
2024-08-31 07:50:43,BTCUSD_PERP,bid,58700,811.33
2024-08-31 07:55:34,BTCUSD_PERP,bid,58700,753.16
2024-08-31 07:55:34,BTCUSD_PERP,bid,58700,694.99
2024-08-31 07:55:35,BTCUSD_PERP,bid,58700,521.66
2024-08-31 07:55:35,BTCUSD_PERP,bid,58700,522.08
2024-08-31 07:55:35,BTCUSD_PERP,bid,58700,637.77
2024-08-31 07:55:35,BTCUSD_PERP,bid,58700,753.36
2024-08-31 07:55:35,BTCUSD_PERP,bid,58700,811.5
2024-08-31 07:55:36,BTCUSD_PERP,bid,58700,869.05
2024-08-31 08:01:17,BTCUSD_PERP,bid,58700,810.91
2024-08-31 08:01:17,BTCUSD_PERP,bid,58700,752.87
2024-08-31 08:01:17,BTCUSD_PERP,bid,58700,694.73
2024-08-31 08:01:17,BTCUSD_PERP,bid,58700,578.45
2024-08-31 08:01:18,BTCUSD_PERP,bid,58700,522.26
2024-08-31 08:01:18,BTCUSD_PERP,bid,58700,638.01
2024-08-31 08:01:18,BTCUSD_PERP,bid,58700,695.59
2024-08-31 08:01:18,BTCUSD_PERP,bid,58700,753.17
2024-08-31 08:01:18,BTCUSD_PERP,bid,58700,926.5
2024-08-31 08:01:18,BTCUSD_PERP,bid,58700,1042.84
2024-08-31 08:02:53,BTCUSD_PERP,bid,58700,926.56
2024-08-31 08:02:53,BTCUSD_PERP,bid,58700,984.7
2024-08-31 08:03:12,BTCUSD_PERP,ask,59800,502.92
2024-08-31 08:03:12,BTCUSD_PERP,ask,59800,508.9
2024-08-31 08:03:13,BTCUSD_PERP,ask,59800,518.47
2024-08-31 08:03:14,BTCUSD_PERP,ask,59800,528.04
2024-08-31 08:03:14,BTCUSD_PERP,ask,59800,534.02
2024-08-31 08:03:14,BTCUSD_PERP,ask,59800,540.0
2024-08-31 08:03:14,BTCUSD_PERP,ask,59800,549.87
2024-08-31 08:03:15,BTCUSD_PERP,ask,59800,559.14
2024-08-31 08:03:15,BTCUSD_PERP,ask,59800,565.12
2024-08-31 08:04:01,BTCUSD_PERP,ask,59800,555.55
2024-08-31 08:04:05,BTCUSD_PERP,ask,59800,545.98
2024-08-31 08:04:12,BTCUSD_PERP,ask,59800,536.41
2024-08-31 08:04:14,BTCUSD_PERP,ask,59800,526.84
2024-08-31 08:04:14,BTCUSD_PERP,ask,59800,517.27
2024-08-31 08:04:14,BTCUSD_PERP,ask,59800,511.29
2024-08-31 08:04:14,BTCUSD_PERP,ask,59800,505.31
2024-08-31 08:05:13,BTCUSD_PERP,bid,58700,926.56
2024-08-31 08:05:13,BTCUSD_PERP,bid,58700,869.19
2024-08-31 08:05:13,BTCUSD_PERP,bid,58700,1042.93
2024-08-31 08:05:17,BTCUSD_PERP,ask,59800,520.26
2024-08-31 08:06:15,BTCUSD_PERP,ask,59800,510.7
2024-08-31 08:06:15,BTCUSD_PERP,ask,59800,504.73
2024-08-31 08:08:14,BTCUSD_PERP,bid,58700,753.66
2024-08-31 08:08:14,BTCUSD_PERP,bid,58700,696.14
2024-08-31 08:08:14,BTCUSD_PERP,bid,58700,638.03
2024-08-31 08:08:14,BTCUSD_PERP,bid,58700,579.92
2024-08-31 08:08:14,BTCUSD_PERP,bid,58700,521.97
2024-08-31 08:08:14,BTCUSD_PERP,bid,58700,580.11
2024-08-31 08:08:14,BTCUSD_PERP,bid,58700,638.25
2024-08-31 08:08:50,BTCUSD_PERP,bid,58700,521.97
2024-08-31 08:08:52,BTCUSD_PERP,bid,58700,521.08
2024-08-31 08:08:53,BTCUSD_PERP,bid,58700,578.66
2024-08-31 08:10:13,BTCUSD_PERP,bid,58700,520.49
2024-08-31 08:10:13,BTCUSD_PERP,bid,58800,522.69
2024-08-31 08:10:13,BTCUSD_PERP,bid,58800,696.02
2024-08-31 08:10:13,BTCUSD_PERP,bid,58800,811.24
2024-08-31 08:10:13,BTCUSD_PERP,bid,58800,927.66
2024-08-31 08:10:14,BTCUSD_PERP,bid,58800,1043.48
2024-08-31 08:10:39,BTCUSD_PERP,bid,58800,985.87
2024-08-31 08:10:39,BTCUSD_PERP,bid,58800,637.91
2024-08-31 08:10:40,BTCUSD_PERP,bid,58800,580.3
2024-08-31 08:10:40,BTCUSD_PERP,bid,58800,521.06
2024-08-31 08:10:40,BTCUSD_PERP,bid,58800,522.09
2024-08-31 08:10:40,BTCUSD_PERP,bid,58800,579.3
2024-08-31 08:10:40,BTCUSD_PERP,bid,58800,637.54
2024-08-31 08:10:40,BTCUSD_PERP,bid,58800,753.42
2024-08-31 08:10:40,BTCUSD_PERP,bid,58800,811.66
2024-08-31 08:10:40,BTCUSD_PERP,bid,58700,566.18
2024-08-31 08:10:41,BTCUSD_PERP,bid,58800,927.54
2024-08-31 08:10:41,BTCUSD_PERP,bid,58800,1044.02
2024-08-31 08:10:41,BTCUSD_PERP,bid,58800,1218.14
2024-08-31 08:10:42,BTCUSD_PERP,bid,58800,1218.18
2024-08-31 08:11:07,BTCUSD_PERP,bid,58800,1218.22
2024-08-31 08:13:52,BTCUSD_PERP,bid,58800,1218.81
2024-08-31 08:14:17,BTCUSD_PERP,bid,58800,1218.77
2024-08-31 08:14:35,BTCUSD_PERP,bid,58800,1218.73
2024-08-31 08:14:58,BTCUSD_PERP,bid,58800,1045.21
2024-08-31 08:14:58,BTCUSD_PERP,bid,58800,1044.08
2024-08-31 08:14:58,BTCUSD_PERP,bid,58800,1159.9
2024-08-31 08:14:58,BTCUSD_PERP,bid,58700,567.86
2024-08-31 08:15:06,BTCUSD_PERP,bid,58800,928.26
2024-08-31 08:15:06,BTCUSD_PERP,bid,58700,868.91
2024-08-31 08:15:07,BTCUSD_PERP,bid,58700,1042.83
2024-08-31 08:15:07,BTCUSD_PERP,bid,58700,565.89
2024-08-31 08:15:07,BTCUSD_PERP,bid,58700,1101.0
2024-08-31 08:16:23,BTCUSD_PERP,bid,58700,754.23
2024-08-31 08:16:23,BTCUSD_PERP,bid,58700,1101.69
2024-08-31 08:16:23,BTCUSD_PERP,bid,58700,1159.9
2024-08-31 08:16:23,BTCUSD_PERP,bid,58700,565.89
2024-08-31 08:17:45,BTCUSD_PERP,bid,58700,696.12
2024-08-31 08:17:45,BTCUSD_PERP,bid,58700,695.68
2024-08-31 08:22:59,BTCUSD_PERP,bid,58700,638.1
2024-08-31 08:22:59,BTCUSD_PERP,bid,58700,580.52
2024-08-31 08:22:59,BTCUSD_PERP,bid,58700,984.25
2024-08-31 08:22:59,BTCUSD_PERP,bid,58700,1042.39
2024-08-31 08:23:01,BTCUSD_PERP,bid,58700,1042.43
2024-08-31 08:26:35,BTCUSD_PERP,bid,58700,1042.39
2024-08-31 08:28:21,BTCUSD_PERP,bid,58700,637.18
2024-08-31 08:28:21,BTCUSD_PERP,bid,58700,811.52
2024-08-31 08:28:21,BTCUSD_PERP,bid,58700,869.7
2024-08-31 08:28:22,BTCUSD_PERP,bid,58700,985.46
2024-08-31 08:28:22,BTCUSD_PERP,bid,58700,1043.54
2024-08-31 08:31:38,BTCUSD_PERP,bid,58700,985.36
2024-08-31 08:31:38,BTCUSD_PERP,bid,58700,927.78
2024-08-31 08:31:38,BTCUSD_PERP,bid,58700,811.42
2024-08-31 08:31:38,BTCUSD_PERP,bid,58700,695.66
2024-08-31 08:31:38,BTCUSD_PERP,bid,58700,637.48
2024-08-31 08:31:39,BTCUSD_PERP,bid,58700,579.3
2024-08-31 08:31:39,BTCUSD_PERP,bid,58700,521.12
2024-08-31 08:45:55,BTCUSD_PERP,bid,58700,869.01
2024-08-31 08:45:55,BTCUSD_PERP,bid,58700,927.19
2024-08-31 08:51:03,BTCUSD_PERP,bid,58700,927.23
2024-08-31 08:54:31,BTCUSD_PERP,bid,58700,927.19
2024-08-31 09:02:36,BTCUSD_PERP,bid,58700,869.61
2024-08-31 09:02:36,BTCUSD_PERP,bid,58700,812.03
2024-08-31 09:02:36,BTCUSD_PERP,bid,58700,754.45
2024-08-31 09:02:37,BTCUSD_PERP,bid,58700,696.87
2024-08-31 09:02:37,BTCUSD_PERP,bid,58700,581.7
2024-08-31 09:08:20,BTCUSD_PERP,bid,58700,581.4
2024-08-31 09:08:20,BTCUSD_PERP,bid,58700,639.55
2024-08-31 09:10:04,BTCUSD_PERP,bid,58700,696.16
2024-08-31 09:10:04,BTCUSD_PERP,bid,58700,754.28
2024-08-31 09:12:22,BTCUSD_PERP,bid,58600,579.07
2024-08-31 09:12:40,BTCUSD_PERP,ask,59800,509.06
2024-08-31 09:12:42,BTCUSD_PERP,ask,59800,518.62
2024-08-31 09:13:21,BTCUSD_PERP,bid,58600,520.99
2024-08-31 09:13:43,BTCUSD_PERP,bid,58700,520.62
2024-08-31 09:13:44,BTCUSD_PERP,bid,58700,578.74
2024-08-31 09:16:20,BTCUSD_PERP,bid,58700,520.62
2024-08-31 09:16:20,BTCUSD_PERP,bid,58600,520.38
2024-08-31 09:18:21,BTCUSD_PERP,bid,58600,520.7
2024-08-31 09:18:21,BTCUSD_PERP,bid,58600,578.75
2024-08-31 09:19:55,BTCUSD_PERP,bid,58600,520.7
2024-08-31 09:19:55,BTCUSD_PERP,bid,58600,521.04
2024-08-31 09:19:56,BTCUSD_PERP,bid,58600,579.13
2024-08-31 09:19:56,BTCUSD_PERP,bid,58600,637.22
2024-08-31 09:19:56,BTCUSD_PERP,bid,58600,695.31
2024-08-31 09:19:57,BTCUSD_PERP,bid,58600,752.81
2024-08-31 09:22:31,BTCUSD_PERP,bid,58600,694.72
2024-08-31 09:22:31,BTCUSD_PERP,bid,58600,578.54
2024-08-31 09:22:31,BTCUSD_PERP,bid,58600,521.04
2024-08-31 09:22:32,BTCUSD_PERP,bid,58700,520.72
2024-08-31 09:22:32,BTCUSD_PERP,bid,58700,578.84
2024-08-31 09:22:33,BTCUSD_PERP,bid,58700,636.96
2024-08-31 09:22:33,BTCUSD_PERP,bid,58700,695.08
2024-08-31 09:22:43,BTCUSD_PERP,bid,58700,695.12
2024-08-31 09:24:44,BTCUSD_PERP,bid,58700,695.16
2024-08-31 09:26:04,BTCUSD_PERP,bid,58700,695.12
2024-08-31 09:27:10,BTCUSD_PERP,bid,58600,521.56
2024-08-31 09:27:10,BTCUSD_PERP,bid,58600,694.64
2024-08-31 09:27:10,BTCUSD_PERP,bid,58600,752.72
2024-08-31 09:27:16,BTCUSD_PERP,bid,58600,752.76
2024-08-31 09:28:00,BTCUSD_PERP,bid,58600,752.8
2024-08-31 09:30:35,BTCUSD_PERP,bid,58600,636.64
2024-08-31 09:30:35,BTCUSD_PERP,bid,58600,694.26
2024-08-31 09:30:35,BTCUSD_PERP,bid,58600,810.38
2024-08-31 09:47:15,BTCUSD_PERP,bid,58600,752.91
2024-08-31 09:47:16,BTCUSD_PERP,bid,58600,695.44
2024-08-31 09:47:16,BTCUSD_PERP,bid,58600,637.97
2024-08-31 09:47:16,BTCUSD_PERP,bid,58600,580.5
2024-08-31 09:52:16,BTCUSD_PERP,bid,58600,522.44
2024-08-31 10:00:42,BTCUSD_PERP,bid,58700,581.11
2024-08-31 10:00:43,BTCUSD_PERP,bid,58700,639.23
2024-08-31 10:00:43,BTCUSD_PERP,bid,58700,697.35
2024-08-31 10:00:43,BTCUSD_PERP,bid,58700,755.47
2024-08-31 10:02:23,BTCUSD_PERP,bid,58600,638.78
2024-08-31 10:02:23,BTCUSD_PERP,bid,58600,696.86
2024-08-31 10:05:57,BTCUSD_PERP,bid,58600,580.7
2024-08-31 10:05:57,BTCUSD_PERP,bid,58600,522.62
2024-08-31 10:05:57,BTCUSD_PERP,bid,58600,696.63
2024-08-31 10:13:43,BTCUSD_PERP,bid,58600,638.57
2024-08-31 10:28:58,BTCUSD_PERP,bid,58600,580.51
2024-08-31 10:28:59,BTCUSD_PERP,bid,58600,522.45
2024-08-31 10:29:00,BTCUSD_PERP,bid,58600,522.73
2024-08-31 10:29:00,BTCUSD_PERP,bid,58600,580.82
2024-08-31 10:29:00,BTCUSD_PERP,bid,58600,638.91
2024-08-31 10:30:22,BTCUSD_PERP,bid,58600,580.82
2024-08-31 10:49:27,BTCUSD_PERP,bid,58700,523.25
2024-08-31 10:49:27,BTCUSD_PERP,bid,58700,581.4
2024-08-31 10:49:27,BTCUSD_PERP,bid,58700,639.55
2024-08-31 10:49:28,BTCUSD_PERP,bid,58700,697.7
2024-08-31 10:58:12,BTCUSD_PERP,bid,58700,697.7
2024-08-31 11:11:38,BTCUSD_PERP,bid,58700,581.4
2024-08-31 11:11:40,BTCUSD_PERP,bid,58700,523.08
2024-08-31 11:11:40,BTCUSD_PERP,bid,58700,639.22
2024-08-31 11:11:40,BTCUSD_PERP,bid,58700,697.34
2024-08-31 11:12:28,BTCUSD_PERP,bid,58700,639.22
2024-08-31 11:12:28,BTCUSD_PERP,bid,58700,522.98
2024-08-31 11:12:29,BTCUSD_PERP,bid,58700,581.4
2024-08-31 11:12:29,BTCUSD_PERP,bid,58700,697.7
2024-08-31 11:30:43,BTCUSD_PERP,bid,58700,581.4
2024-08-31 11:30:43,BTCUSD_PERP,bid,58700,523.25
2024-08-31 11:30:43,BTCUSD_PERP,bid,58600,521.53
2024-08-31 11:30:44,BTCUSD_PERP,bid,58700,580.62
2024-08-31 11:30:44,BTCUSD_PERP,bid,58700,696.39
2024-08-31 11:30:44,BTCUSD_PERP,bid,58700,753.98
2024-08-31 11:30:44,BTCUSD_PERP,bid,58700,812.16
2024-08-31 11:30:44,BTCUSD_PERP,bid,58700,870.34
2024-08-31 11:30:44,BTCUSD_PERP,bid,58700,927.93
2024-08-31 11:30:44,BTCUSD_PERP,bid,58700,986.01
2024-08-31 11:30:44,BTCUSD_PERP,bid,58700,1043.6
2024-08-31 11:31:05,BTCUSD_PERP,bid,58700,1043.64
2024-08-31 11:33:24,BTCUSD_PERP,bid,58700,927.87
2024-08-31 11:33:24,BTCUSD_PERP,bid,58700,869.69
2024-08-31 11:33:24,BTCUSD_PERP,bid,58700,811.51
2024-08-31 11:33:24,BTCUSD_PERP,bid,58700,695.15
2024-08-31 11:33:24,BTCUSD_PERP,bid,58700,578.79
2024-08-31 11:33:25,BTCUSD_PERP,bid,58800,522.71
2024-08-31 11:33:25,BTCUSD_PERP,bid,58700,521.2
2024-08-31 11:33:25,BTCUSD_PERP,bid,58800,754.86
2024-08-31 11:33:25,BTCUSD_PERP,bid,58800,870.1
2024-08-31 11:33:25,BTCUSD_PERP,bid,58800,985.93
2024-08-31 11:33:25,BTCUSD_PERP,bid,58800,1043.55
2024-08-31 11:33:26,BTCUSD_PERP,bid,58800,1101.76
2024-08-31 11:39:29,BTCUSD_PERP,bid,58700,927.83
2024-08-31 11:39:30,BTCUSD_PERP,bid,58700,986.01
2024-08-31 11:42:23,BTCUSD_PERP,bid,58700,927.83
2024-08-31 11:42:23,BTCUSD_PERP,bid,58700,695.7
2024-08-31 11:42:23,BTCUSD_PERP,bid,58700,985.46
2024-08-31 11:43:47,BTCUSD_PERP,bid,58700,811.61
2024-08-31 11:43:48,BTCUSD_PERP,bid,58700,927.83
2024-08-31 11:43:48,BTCUSD_PERP,bid,58700,985.42
2024-08-31 11:43:48,BTCUSD_PERP,bid,58700,1043.6
2024-08-31 11:43:58,BTCUSD_PERP,bid,58700,1043.64
2024-08-31 11:44:05,BTCUSD_PERP,bid,58700,1043.68
2024-08-31 11:44:18,BTCUSD_PERP,bid,58700,1043.72
2024-08-31 11:46:07,BTCUSD_PERP,bid,58700,986.13
2024-08-31 11:46:07,BTCUSD_PERP,bid,58700,928.05
2024-08-31 11:46:07,BTCUSD_PERP,bid,58700,811.69
2024-08-31 11:46:07,BTCUSD_PERP,bid,58700,638.92
2024-08-31 11:46:07,BTCUSD_PERP,bid,58700,580.74
2024-08-31 11:46:07,BTCUSD_PERP,bid,58800,521.43
2024-08-31 11:46:07,BTCUSD_PERP,bid,58800,637.26
2024-08-31 11:46:08,BTCUSD_PERP,bid,58800,695.47
2024-08-31 11:46:08,BTCUSD_PERP,bid,58800,753.68
2024-08-31 11:46:08,BTCUSD_PERP,bid,58800,811.3
2024-08-31 11:46:08,BTCUSD_PERP,bid,58800,927.72
2024-08-31 11:46:08,BTCUSD_PERP,bid,58800,985.93
2024-08-31 11:46:08,BTCUSD_PERP,bid,58800,1044.14
2024-08-31 11:46:08,BTCUSD_PERP,bid,58800,1102.35
2024-08-31 12:02:47,BTCUSD_PERP,bid,58800,1044.73
2024-08-31 12:02:48,BTCUSD_PERP,bid,58800,929.49
2024-08-31 12:02:48,BTCUSD_PERP,bid,58800,871.87
2024-08-31 12:02:48,BTCUSD_PERP,bid,58800,814.25
2024-08-31 12:02:49,BTCUSD_PERP,bid,58800,756.63
2024-08-31 12:15:03,BTCUSD_PERP,bid,58800,757.22
2024-08-31 12:15:39,BTCUSD_PERP,bid,58700,755.65
2024-08-31 12:15:39,BTCUSD_PERP,bid,58700,813.83
2024-08-31 12:15:39,BTCUSD_PERP,bid,58700,813.87
2024-08-31 12:19:03,BTCUSD_PERP,bid,58700,813.83
2024-08-31 12:21:09,BTCUSD_PERP,bid,58700,697.47
2024-08-31 12:21:09,BTCUSD_PERP,bid,58700,639.29
2024-08-31 12:21:09,BTCUSD_PERP,bid,58700,522.93
2024-08-31 12:21:10,BTCUSD_PERP,bid,58700,755.26
2024-08-31 12:21:10,BTCUSD_PERP,bid,58700,813.41
2024-08-31 12:31:25,BTCUSD_PERP,bid,58700,755.26
2024-08-31 12:31:26,BTCUSD_PERP,bid,58700,638.96
2024-08-31 12:31:26,BTCUSD_PERP,bid,58700,580.81
2024-08-31 12:31:26,BTCUSD_PERP,bid,58700,522.66
2024-08-31 12:31:27,BTCUSD_PERP,bid,58700,523.61
2024-08-31 12:31:27,BTCUSD_PERP,bid,58700,581.69
2024-08-31 12:31:27,BTCUSD_PERP,bid,58700,639.87
2024-08-31 12:31:27,BTCUSD_PERP,bid,58700,698.05
2024-08-31 12:31:27,BTCUSD_PERP,bid,58700,756.23
2024-08-31 12:32:37,BTCUSD_PERP,bid,58700,639.97
2024-08-31 12:32:37,BTCUSD_PERP,bid,58700,582.38
2024-08-31 12:32:37,BTCUSD_PERP,bid,58700,524.2
2024-08-31 12:32:38,BTCUSD_PERP,bid,58800,522.69
2024-08-31 12:32:38,BTCUSD_PERP,bid,58800,580.91
2024-08-31 12:32:38,BTCUSD_PERP,bid,58800,639.13
2024-08-31 12:32:38,BTCUSD_PERP,bid,58800,697.35
2024-08-31 12:32:39,BTCUSD_PERP,bid,58800,813.79
2024-08-31 12:32:39,BTCUSD_PERP,bid,58800,872.01
2024-08-31 12:32:40,BTCUSD_PERP,bid,58800,874.12
2024-08-31 12:33:36,BTCUSD_PERP,bid,58700,813.22
2024-08-31 12:33:36,BTCUSD_PERP,bid,58700,871.4
2024-08-31 12:50:16,BTCUSD_PERP,bid,58700,813.82
2024-08-31 12:50:16,BTCUSD_PERP,bid,58700,756.24
2024-08-31 12:50:17,BTCUSD_PERP,bid,58700,581.7
2024-08-31 12:50:17,BTCUSD_PERP,bid,58700,697.82
2024-08-31 12:50:17,BTCUSD_PERP,bid,58700,755.98
2024-08-31 12:50:18,BTCUSD_PERP,bid,58700,813.55
2024-08-31 12:50:18,BTCUSD_PERP,bid,58700,871.12
2024-08-31 12:50:18,BTCUSD_PERP,bid,58700,871.16
2024-08-31 12:50:26,BTCUSD_PERP,bid,58700,871.2
2024-08-31 12:50:27,BTCUSD_PERP,bid,58700,871.24
2024-08-31 12:53:48,BTCUSD_PERP,bid,58700,871.2
2024-08-31 12:53:54,BTCUSD_PERP,bid,58700,871.16
2024-08-31 12:53:58,BTCUSD_PERP,bid,58700,871.12
2024-08-31 12:59:49,BTCUSD_PERP,bid,58700,812.96
2024-08-31 12:59:49,BTCUSD_PERP,bid,58700,812.55
2024-08-31 12:59:49,BTCUSD_PERP,bid,58700,870.68
2024-08-31 13:16:29,BTCUSD_PERP,bid,58700,813.14
2024-08-31 13:16:30,BTCUSD_PERP,bid,58700,755.6
2024-08-31 13:19:55,BTCUSD_PERP,bid,47000,2442.46
2024-08-31 13:29:05,BTCUSD_PERP,bid,58700,523.08
2024-08-31 13:32:36,BTCUSD_PERP,bid,47000,2441.99
2024-08-31 13:43:14,BTCUSD_PERP,bid,58700,754.49
2024-08-31 13:43:14,BTCUSD_PERP,bid,58700,812.62
2024-08-31 13:47:48,BTCUSD_PERP,bid,58700,754.49
2024-08-31 13:47:48,BTCUSD_PERP,bid,58600,638.4
2024-08-31 13:47:48,BTCUSD_PERP,bid,58600,754.0
2024-08-31 13:47:48,BTCUSD_PERP,bid,58600,812.14
2024-08-31 13:51:16,BTCUSD_PERP,bid,58600,812.1
2024-08-31 13:58:59,BTCUSD_PERP,bid,58600,754.0
2024-08-31 13:59:00,BTCUSD_PERP,bid,58600,696.0
2024-08-31 13:59:00,BTCUSD_PERP,bid,58600,579.8
2024-08-31 13:59:00,BTCUSD_PERP,bid,58600,521.7
2024-08-31 13:59:00,BTCUSD_PERP,bid,58600,522.53
2024-08-31 13:59:00,BTCUSD_PERP,bid,58600,580.6
2024-08-31 13:59:01,BTCUSD_PERP,bid,58600,696.74
2024-08-31 13:59:01,BTCUSD_PERP,bid,58600,754.21
2024-08-31 13:59:01,BTCUSD_PERP,bid,58600,811.68
2024-08-31 13:59:02,BTCUSD_PERP,bid,58600,869.75
2024-08-31 13:59:43,BTCUSD_PERP,bid,58600,869.79
2024-08-31 14:00:00,BTCUSD_PERP,bid,58600,869.83
2024-08-31 14:00:13,BTCUSD_PERP,bid,58600,869.87
2024-08-31 14:03:06,BTCUSD_PERP,bid,58600,869.83
2024-08-31 14:03:20,BTCUSD_PERP,bid,58600,869.79
2024-08-31 14:03:47,BTCUSD_PERP,bid,58600,869.75
2024-08-31 14:07:18,BTCUSD_PERP,bid,58600,637.47
2024-08-31 14:07:18,BTCUSD_PERP,bid,58600,754.0
2024-08-31 14:07:18,BTCUSD_PERP,bid,58600,812.1
2024-08-31 14:07:18,BTCUSD_PERP,bid,58600,870.2
2024-08-31 14:07:21,BTCUSD_PERP,bid,58600,870.24
2024-08-31 14:10:43,BTCUSD_PERP,bid,58600,870.2
2024-08-31 14:14:11,BTCUSD_PERP,bid,58600,754.0
2024-08-31 14:14:11,BTCUSD_PERP,bid,58600,811.68
2024-08-31 14:14:11,BTCUSD_PERP,bid,58600,869.75
2024-08-31 14:14:12,BTCUSD_PERP,bid,58600,984.71
2024-08-31 14:14:12,BTCUSD_PERP,bid,58600,1042.19
2024-08-31 14:14:12,BTCUSD_PERP,bid,58600,1099.67
2024-08-31 14:14:13,BTCUSD_PERP,bid,58600,1157.15
2024-08-31 14:18:46,BTCUSD_PERP,bid,58600,693.26
2024-08-31 14:18:46,BTCUSD_PERP,bid,58600,751.29
2024-08-31 14:24:38,BTCUSD_PERP,bid,58500,578.82
2024-08-31 14:26:05,BTCUSD_PERP,bid,58500,520.82
2024-08-31 14:26:07,BTCUSD_PERP,bid,58600,521.09
2024-08-31 14:26:10,BTCUSD_PERP,bid,58600,521.09
2024-08-31 14:26:21,BTCUSD_PERP,bid,58600,519.81
2024-08-31 14:29:05,BTCUSD_PERP,bid,58500,519.54
2024-08-31 14:29:17,BTCUSD_PERP,bid,58500,519.58
2024-08-31 14:29:26,BTCUSD_PERP,bid,58500,520.82
2024-08-31 14:29:26,BTCUSD_PERP,bid,58500,578.23
2024-08-31 14:29:47,BTCUSD_PERP,bid,58500,519.44
2024-08-31 14:35:45,BTCUSD_PERP,bid,58500,519.68
2024-08-31 14:35:46,BTCUSD_PERP,bid,58500,577.09
2024-08-31 14:38:48,BTCUSD_PERP,bid,58500,520.23
2024-08-31 14:38:49,BTCUSD_PERP,bid,58500,519.68
2024-08-31 14:41:27,BTCUSD_PERP,bid,58600,520.86
2024-08-31 14:41:27,BTCUSD_PERP,bid,58600,578.93
2024-08-31 14:41:28,BTCUSD_PERP,bid,58600,637.0
2024-08-31 14:41:28,BTCUSD_PERP,bid,58600,695.07
2024-08-31 14:41:28,BTCUSD_PERP,bid,58600,810.62
2024-08-31 14:41:28,BTCUSD_PERP,bid,58600,926.07
2024-08-31 14:41:28,BTCUSD_PERP,bid,58500,564.53
2024-08-31 14:41:28,BTCUSD_PERP,bid,58600,984.14
2024-08-31 14:41:49,BTCUSD_PERP,bid,58600,984.18
2024-08-31 14:42:01,BTCUSD_PERP,bid,58600,984.22
2024-08-31 14:45:15,BTCUSD_PERP,bid,58600,984.18
2024-08-31 14:45:29,BTCUSD_PERP,bid,58600,984.14
2024-08-31 14:46:49,BTCUSD_PERP,bid,58600,984.18
2024-08-31 14:50:23,BTCUSD_PERP,bid,58600,984.14
2024-08-31 14:50:56,BTCUSD_PERP,bid,58600,926.07
2024-08-31 14:50:56,BTCUSD_PERP,bid,58600,868.0
2024-08-31 14:50:56,BTCUSD_PERP,bid,58600,809.93
2024-08-31 14:50:57,BTCUSD_PERP,bid,58600,751.86
2024-08-31 14:50:57,BTCUSD_PERP,bid,58600,693.79
2024-08-31 14:50:57,BTCUSD_PERP,bid,58600,578.83
2024-08-31 14:50:57,BTCUSD_PERP,bid,58500,564.23
2024-08-31 14:50:57,BTCUSD_PERP,bid,58600,1040.49
2024-08-31 14:50:57,BTCUSD_PERP,bid,58600,1098.53
2024-08-31 14:50:57,BTCUSD_PERP,bid,58600,1156.57
2024-08-31 14:57:18,BTCUSD_PERP,bid,58600,1098.53
2024-08-31 14:57:18,BTCUSD_PERP,bid,58500,809.1
2024-08-31 14:57:18,BTCUSD_PERP,bid,58500,1097.97
2024-08-31 14:57:19,BTCUSD_PERP,bid,58500,563.94
2024-08-31 14:57:19,BTCUSD_PERP,bid,58500,1155.98
2024-08-31 15:13:59,BTCUSD_PERP,bid,58500,1098.56
2024-08-31 15:13:59,BTCUSD_PERP,bid,58500,1041.14
2024-08-31 15:13:59,BTCUSD_PERP,bid,58500,926.3
2024-08-31 15:14:00,BTCUSD_PERP,bid,58500,811.46
2024-08-31 15:14:00,BTCUSD_PERP,bid,58500,754.04
2024-08-31 15:20:26,BTCUSD_PERP,bid,58500,637.57
2024-08-31 15:20:26,BTCUSD_PERP,bid,58500,695.54
2024-08-31 15:32:52,BTCUSD_PERP,bid,58500,637.57
2024-08-31 15:32:53,BTCUSD_PERP,bid,58500,521.63
