2024-08-22 07:19:09,BTCUSDT,bid,47000,888.691
2024-08-22 08:07:28,BTCUSDT,bid,47000,888.683
2024-08-22 08:22:13,BTCUSDT,bid,47000,884.683
2024-08-22 08:33:28,BTCUSDT,bid,47000,874.683
2024-08-22 08:42:09,BTCUSDT,bid,47000,874.939
2024-08-22 08:42:33,BTCUSDT,bid,47000,874.683
2024-08-22 09:31:04,BTCUSDT,bid,47000,874.303
2024-08-22 09:37:09,BTCUSDT,bid,47000,884.303
2024-08-22 09:56:10,BTCUSDT,bid,47000,884.3
2024-08-22 10:56:42,BTCUSDT,bid,47000,884.296
2024-08-22 11:15:54,BTCUSDT,bid,47000,884.293
2024-08-22 11:58:20,BTCUSDT,ask,61500,491.21
2024-08-22 11:59:06,BTCUSDT,ask,61500,491.218
2024-08-22 11:59:11,BTCUSDT,ask,61500,491.215
2024-08-22 11:59:21,BTCUSDT,ask,61500,491.615
2024-08-22 11:59:24,BTCUSDT,ask,61500,491.607
2024-08-22 12:00:20,BTCUSDT,ask,61500,491.666
2024-08-22 12:00:24,BTCUSDT,ask,61500,491.686
2024-08-22 12:00:46,BTCUSDT,ask,61500,491.604
2024-08-22 12:00:54,BTCUSDT,ask,61500,491.746
2024-08-22 12:01:05,BTCUSDT,ask,61500,491.726
2024-08-22 12:01:10,BTCUSDT,ask,61500,492.095
2024-08-22 12:01:12,BTCUSDT,ask,61500,492.111
2024-08-22 12:01:16,BTCUSDT,ask,61500,492.115
2024-08-22 12:01:16,BTCUSDT,ask,61500,492.15
2024-08-22 12:01:37,BTCUSDT,ask,61500,492.232
2024-08-22 12:01:37,BTCUSDT,ask,61500,493.232
2024-08-22 12:01:51,BTCUSDT,ask,61500,493.538
2024-08-22 12:02:12,BTCUSDT,ask,61500,493.582
2024-08-22 12:02:12,BTCUSDT,ask,61500,493.63
2024-08-22 12:02:20,BTCUSDT,ask,61500,493.642
2024-08-22 12:02:40,BTCUSDT,ask,61500,492.642
2024-08-22 12:02:42,BTCUSDT,ask,61500,492.592
2024-08-22 12:02:47,BTCUSDT,ask,61500,492.838
2024-08-22 12:03:04,BTCUSDT,ask,61500,492.841
2024-08-22 12:03:21,BTCUSDT,ask,61500,492.818
2024-08-22 12:03:42,BTCUSDT,ask,61500,492.743
2024-08-22 12:03:44,BTCUSDT,ask,61500,492.793
2024-08-22 12:03:57,BTCUSDT,ask,61500,492.773
2024-08-22 12:03:58,BTCUSDT,ask,61500,492.775
2024-08-22 12:04:28,BTCUSDT,ask,61500,493.275
2024-08-22 12:04:46,BTCUSDT,ask,61500,493.194
2024-08-22 12:04:56,BTCUSDT,ask,61500,492.888
2024-08-22 12:06:42,BTCUSDT,ask,61500,492.912
2024-08-22 12:06:43,BTCUSDT,ask,61500,493.045
2024-08-22 12:07:00,BTCUSDT,ask,61500,493.322
2024-08-22 12:07:30,BTCUSDT,ask,61500,493.238
2024-08-22 12:09:42,BTCUSDT,ask,61500,493.972
2024-08-22 12:09:45,BTCUSDT,ask,61500,494.002
2024-08-22 12:10:13,BTCUSDT,ask,61500,494.004
2024-08-22 12:11:29,BTCUSDT,ask,61500,494.0
2024-08-22 12:11:29,BTCUSDT,ask,61500,493.984
2024-08-22 12:11:53,BTCUSDT,ask,61500,493.986
2024-08-22 12:12:01,BTCUSDT,ask,61500,493.936
2024-08-22 12:12:14,BTCUSDT,ask,61500,494.036
2024-08-22 12:12:18,BTCUSDT,ask,61500,495.068
2024-08-22 12:12:38,BTCUSDT,ask,61500,495.082
2024-08-22 12:13:03,BTCUSDT,ask,61500,495.098
2024-08-22 12:13:10,BTCUSDT,ask,61500,494.871
2024-08-22 12:13:17,BTCUSDT,ask,61500,494.887
2024-08-22 12:13:21,BTCUSDT,ask,61500,494.902
2024-08-22 12:13:30,BTCUSDT,ask,61500,494.856
2024-08-22 12:13:45,BTCUSDT,ask,61500,494.82
2024-08-22 12:13:49,BTCUSDT,ask,61500,494.835
2024-08-22 12:14:07,BTCUSDT,ask,61500,494.847
2024-08-22 12:15:09,BTCUSDT,ask,61500,494.862
2024-08-22 12:15:34,BTCUSDT,ask,61500,494.847
2024-08-22 12:15:41,BTCUSDT,ask,61500,494.864
2024-08-22 12:17:05,BTCUSDT,ask,61500,495.073
2024-08-22 12:17:07,BTCUSDT,ask,61500,494.748
2024-08-22 12:17:20,BTCUSDT,ask,61500,494.732
2024-08-22 12:17:23,BTCUSDT,ask,61500,494.754
2024-08-22 12:17:28,BTCUSDT,ask,61500,494.554
2024-08-22 12:17:45,BTCUSDT,ask,61500,494.557
2024-08-22 12:18:55,BTCUSDT,ask,61500,494.581
2024-08-22 12:19:10,BTCUSDT,ask,61500,494.585
2024-08-22 12:19:30,BTCUSDT,ask,61500,494.579
2024-08-22 12:19:35,BTCUSDT,ask,61500,494.618
2024-08-22 12:19:44,BTCUSDT,ask,61500,494.721
2024-08-22 12:20:13,BTCUSDT,ask,61500,494.719
2024-08-22 12:20:37,BTCUSDT,ask,61500,494.86
2024-08-22 12:20:38,BTCUSDT,ask,61500,494.868
2024-08-22 12:20:42,BTCUSDT,ask,61500,496.494
2024-08-22 12:20:59,BTCUSDT,ask,61500,498.49
2024-08-22 12:21:00,BTCUSDT,ask,61500,498.652
2024-08-22 12:21:17,BTCUSDT,ask,61500,498.626
2024-08-22 12:22:02,BTCUSDT,ask,61500,497.0
2024-08-22 12:22:20,BTCUSDT,ask,61500,496.997
2024-08-22 12:22:50,BTCUSDT,ask,61500,496.192
2024-08-22 12:23:12,BTCUSDT,ask,61500,496.05
2024-08-22 12:23:19,BTCUSDT,ask,61500,496.577
2024-08-22 12:23:22,BTCUSDT,ask,61500,496.579
2024-08-22 12:23:27,BTCUSDT,ask,61500,496.644
2024-08-22 12:23:59,BTCUSDT,ask,61500,496.663
2024-08-22 12:24:02,BTCUSDT,ask,61500,496.814
2024-08-22 12:24:19,BTCUSDT,ask,61500,496.841
2024-08-22 12:24:39,BTCUSDT,ask,61500,496.868
2024-08-22 12:25:21,BTCUSDT,ask,61500,496.881
2024-08-22 12:25:39,BTCUSDT,ask,61500,496.931
2024-08-22 12:27:18,BTCUSDT,ask,61500,496.971
2024-08-22 12:28:20,BTCUSDT,ask,61500,496.961
2024-08-22 12:28:23,BTCUSDT,ask,61500,497.209
2024-08-22 12:28:41,BTCUSDT,ask,61500,498.027
2024-08-22 12:30:19,BTCUSDT,ask,61500,498.036
2024-08-22 12:30:41,BTCUSDT,ask,61500,499.236
2024-08-22 12:31:20,BTCUSDT,ask,61500,495.217
2024-08-22 12:32:08,BTCUSDT,ask,61500,495.209
2024-08-22 12:32:10,BTCUSDT,ask,61500,494.682
2024-08-22 12:33:06,BTCUSDT,ask,61500,494.457
2024-08-22 12:33:26,BTCUSDT,ask,61500,494.313
2024-08-22 12:33:38,BTCUSDT,ask,61500,494.264
2024-08-22 12:33:58,BTCUSDT,ask,61500,494.324
2024-08-22 12:34:34,BTCUSDT,ask,61500,494.353
2024-08-22 12:34:36,BTCUSDT,ask,61500,494.593
2024-08-22 12:34:50,BTCUSDT,ask,61500,494.618
2024-08-22 12:35:06,BTCUSDT,ask,61500,494.646
2024-08-22 12:35:37,BTCUSDT,ask,61500,494.639
2024-08-22 12:35:38,BTCUSDT,ask,61500,494.637
2024-08-22 12:36:00,BTCUSDT,ask,61500,493.437
2024-08-22 12:38:50,BTCUSDT,ask,61500,494.437
2024-08-22 12:39:55,BTCUSDT,ask,61500,494.521
2024-08-22 12:40:51,BTCUSDT,ask,61500,494.524
2024-08-22 12:40:58,BTCUSDT,ask,61500,494.529
2024-08-22 12:41:15,BTCUSDT,ask,61500,495.558
2024-08-22 12:41:21,BTCUSDT,ask,61500,495.609
2024-08-22 12:42:00,BTCUSDT,ask,61500,495.615
2024-08-22 12:42:07,BTCUSDT,bid,47000,884.303
2024-08-22 12:42:13,BTCUSDT,ask,61500,495.663
2024-08-22 12:42:47,BTCUSDT,ask,61500,495.78
2024-08-22 12:43:33,BTCUSDT,ask,61500,495.772
2024-08-22 12:43:48,BTCUSDT,ask,61500,495.762
2024-08-22 12:43:55,BTCUSDT,ask,61500,495.607
2024-08-22 12:43:56,BTCUSDT,ask,61500,495.634
2024-08-22 12:44:25,BTCUSDT,ask,61500,495.742
2024-08-22 12:44:50,BTCUSDT,ask,61500,495.746
2024-08-22 12:45:00,BTCUSDT,ask,61500,495.763
2024-08-22 12:46:54,BTCUSDT,ask,61500,495.762
2024-08-22 12:48:39,BTCUSDT,ask,61500,496.411
2024-08-22 12:48:51,BTCUSDT,ask,61500,496.303
2024-08-22 12:49:25,BTCUSDT,ask,61500,496.154
2024-08-22 12:50:18,BTCUSDT,ask,61500,496.16
2024-08-22 12:52:27,BTCUSDT,ask,61500,496.208
2024-08-22 12:52:27,BTCUSDT,ask,61500,496.206
2024-08-22 12:52:49,BTCUSDT,ask,61500,495.961
2024-08-22 12:53:03,BTCUSDT,ask,61500,495.312
2024-08-22 12:53:07,BTCUSDT,ask,61500,495.307
2024-08-22 12:53:10,BTCUSDT,ask,61500,495.375
2024-08-22 12:53:41,BTCUSDT,ask,61500,495.373
2024-08-22 12:54:34,BTCUSDT,ask,61500,495.224
2024-08-22 12:54:41,BTCUSDT,ask,61500,495.23
2024-08-22 12:55:03,BTCUSDT,ask,61500,495.392
2024-08-22 12:56:35,BTCUSDT,ask,61500,496.635
2024-08-22 12:58:15,BTCUSDT,ask,61500,496.637
2024-08-22 12:58:41,BTCUSDT,ask,61500,496.647
2024-08-22 12:58:45,BTCUSDT,ask,61500,496.63
2024-08-22 12:59:54,BTCUSDT,ask,61500,496.628
2024-08-22 13:00:22,BTCUSDT,ask,61500,496.632
2024-08-22 13:00:45,BTCUSDT,ask,61500,496.637
2024-08-22 13:00:52,BTCUSDT,ask,61500,496.301
2024-08-22 13:01:30,BTCUSDT,ask,61500,496.198
2024-08-22 13:02:23,BTCUSDT,ask,61500,496.2
2024-08-22 13:02:52,BTCUSDT,ask,61500,495.2
2024-08-22 13:02:58,BTCUSDT,ask,61500,495.24
2024-08-22 13:03:30,BTCUSDT,ask,61500,495.242
2024-08-22 13:03:50,BTCUSDT,ask,61500,495.259
2024-08-22 13:03:58,BTCUSDT,ask,61500,495.293
2024-08-22 13:04:16,BTCUSDT,ask,61500,494.293
2024-08-22 13:04:20,BTCUSDT,ask,61500,494.188
2024-08-22 13:04:31,BTCUSDT,ask,61500,494.19
2024-08-22 13:04:33,BTCUSDT,ask,61500,494.04
2024-08-22 13:05:07,BTCUSDT,ask,61500,493.761
2024-08-22 13:05:16,BTCUSDT,ask,61500,493.731
2024-08-22 13:05:34,BTCUSDT,ask,61500,493.733
2024-08-22 13:05:51,BTCUSDT,ask,61500,492.759
2024-08-22 13:05:59,BTCUSDT,ask,61500,492.778
2024-08-22 13:06:06,BTCUSDT,ask,61500,493.778
2024-08-22 13:06:07,BTCUSDT,ask,61500,493.793
2024-08-22 13:06:29,BTCUSDT,ask,61500,492.793
2024-08-22 13:06:32,BTCUSDT,ask,61500,492.795
2024-08-22 13:06:38,BTCUSDT,ask,61500,492.821
2024-08-22 13:06:45,BTCUSDT,ask,61500,492.811
2024-08-22 13:06:48,BTCUSDT,ask,61500,492.869
2024-08-22 13:06:52,BTCUSDT,ask,61500,492.898
2024-08-22 13:06:52,BTCUSDT,ask,61500,493.05
2024-08-22 13:07:07,BTCUSDT,ask,61500,493.005
2024-08-22 13:07:10,BTCUSDT,ask,61500,493.037
2024-08-22 13:07:14,BTCUSDT,ask,61500,493.03
2024-08-22 13:07:23,BTCUSDT,ask,61500,493.028
2024-08-22 13:07:31,BTCUSDT,ask,61500,493.126
2024-08-22 13:07:31,BTCUSDT,ask,61500,493.188
2024-08-22 13:07:34,BTCUSDT,ask,61500,493.107
2024-08-22 13:07:38,BTCUSDT,ask,61500,493.139
2024-08-22 13:07:41,BTCUSDT,ask,61500,518.887
2024-08-22 13:07:43,BTCUSDT,ask,61500,518.889
2024-08-22 13:07:43,BTCUSDT,ask,61500,518.857
2024-08-22 13:07:49,BTCUSDT,ask,61500,518.849
2024-08-22 13:07:55,BTCUSDT,ask,61500,519.013
2024-08-22 13:07:58,BTCUSDT,ask,61500,519.043
2024-08-22 13:08:01,BTCUSDT,ask,61500,519.024
2024-08-22 13:08:04,BTCUSDT,ask,61500,519.017
2024-08-22 13:08:10,BTCUSDT,ask,61500,519.064
2024-08-22 13:08:13,BTCUSDT,ask,61500,519.113
2024-08-22 13:08:15,BTCUSDT,ask,61500,519.083
2024-08-22 13:08:17,BTCUSDT,ask,61500,519.292
2024-08-22 13:08:29,BTCUSDT,ask,61500,519.324
2024-08-22 13:08:37,BTCUSDT,ask,61500,519.829
2024-08-22 13:08:43,BTCUSDT,ask,61500,519.979
2024-08-22 13:08:46,BTCUSDT,ask,61500,520.141
2024-08-22 13:08:51,BTCUSDT,ask,61500,520.466
2024-08-22 13:09:07,BTCUSDT,ask,61500,520.35
2024-08-22 13:09:16,BTCUSDT,ask,61500,520.316
2024-08-22 13:09:33,BTCUSDT,ask,61500,520.349
2024-08-22 13:10:02,BTCUSDT,ask,61500,520.43
2024-08-22 13:10:04,BTCUSDT,ask,61500,520.412
2024-08-22 13:10:11,BTCUSDT,ask,61500,520.416
2024-08-22 13:10:11,BTCUSDT,ask,61500,520.419
2024-08-22 13:10:22,BTCUSDT,ask,61500,519.619
2024-08-22 13:10:25,BTCUSDT,ask,61500,519.819
2024-08-22 13:10:27,BTCUSDT,ask,61500,519.877
2024-08-22 13:10:27,BTCUSDT,ask,61500,519.879
2024-08-22 13:10:45,BTCUSDT,ask,61500,520.286
2024-08-22 13:10:54,BTCUSDT,ask,61500,520.293
2024-08-22 13:11:01,BTCUSDT,ask,61500,520.367
2024-08-22 13:11:09,BTCUSDT,ask,61500,520.529
2024-08-22 13:11:25,BTCUSDT,ask,61500,521.529
2024-08-22 13:11:26,BTCUSDT,ask,61500,521.579
2024-08-22 13:11:35,BTCUSDT,ask,61500,521.621
2024-08-22 13:39:45,BTCUSDT,bid,60000,653.234
2024-08-22 13:39:46,BTCUSDT,bid,60000,653.223
2024-08-22 13:39:49,BTCUSDT,bid,60000,653.219
2024-08-22 13:39:50,BTCUSDT,bid,60000,652.219
2024-08-22 13:39:56,BTCUSDT,bid,60000,652.196
2024-08-22 13:39:56,BTCUSDT,bid,60000,652.201
2024-08-22 13:40:25,BTCUSDT,bid,60000,652.199
2024-08-22 13:40:29,BTCUSDT,bid,60000,652.215
2024-08-22 13:40:29,BTCUSDT,bid,60000,652.22
2024-08-22 13:40:39,BTCUSDT,bid,60000,652.215
2024-08-22 13:41:06,BTCUSDT,bid,60000,652.289
2024-08-22 13:41:19,BTCUSDT,bid,60000,652.284
2024-08-22 13:41:29,BTCUSDT,bid,60000,652.3
2024-08-22 13:41:31,BTCUSDT,bid,60000,652.302
2024-08-22 13:41:33,BTCUSDT,bid,60000,652.304
2024-08-22 13:41:36,BTCUSDT,bid,60000,652.306
2024-08-22 13:41:37,BTCUSDT,bid,60000,652.289
2024-08-22 13:42:00,BTCUSDT,bid,60000,652.367
2024-08-22 13:42:05,BTCUSDT,bid,60000,652.372
2024-08-22 13:42:29,BTCUSDT,bid,60000,652.322
2024-08-22 14:32:17,BTCUSDT,bid,47000,884.218
2024-08-22 16:37:47,BTCUSDT,bid,47000,884.204
2024-08-22 16:51:29,BTCUSDT,bid,47000,884.2
2024-08-22 17:30:13,BTCUSDT,bid,47300,804.172
2024-08-22 17:35:39,BTCUSDT,bid,47300,804.066
2024-08-22 17:49:59,BTCUSDT,bid,47000,884.162
2024-08-22 19:05:40,BTCUSDT,bid,47300,803.961
2024-08-22 19:33:50,BTCUSDT,bid,47000,884.183
2024-08-22 20:08:42,BTCUSDT,bid,47000,884.194
2024-08-22 20:19:58,BTCUSDT,bid,47000,884.187
2024-08-22 20:28:57,BTCUSDT,bid,47000,884.166
2024-08-22 20:28:58,BTCUSDT,bid,47000,884.185
2024-08-22 20:29:04,BTCUSDT,bid,47000,884.166
2024-08-22 20:36:16,BTCUSDT,bid,60500,497.427
2024-08-22 20:44:41,BTCUSDT,bid,60400,496.713
2024-08-22 20:44:54,BTCUSDT,bid,60500,496.417
2024-08-22 20:52:13,BTCUSDT,bid,60000,615.127
2024-08-22 20:52:18,BTCUSDT,bid,60000,615.111
2024-08-22 20:52:19,BTCUSDT,bid,60000,614.911
2024-08-22 20:52:20,BTCUSDT,bid,60000,614.944
2024-08-22 20:52:32,BTCUSDT,bid,60000,614.938
2024-08-22 20:52:33,BTCUSDT,bid,60000,614.936
2024-08-22 20:52:36,BTCUSDT,bid,60000,614.831
2024-08-22 20:52:42,BTCUSDT,bid,60000,614.665
2024-08-22 20:52:44,BTCUSDT,bid,60000,614.667
2024-08-22 20:52:46,BTCUSDT,bid,60000,614.67
2024-08-22 20:53:01,BTCUSDT,bid,60000,614.629
2024-08-22 20:53:06,BTCUSDT,bid,60000,614.641
2024-08-22 20:53:20,BTCUSDT,bid,60000,614.625
2024-08-22 20:53:20,BTCUSDT,bid,60000,614.63
2024-08-22 20:53:21,BTCUSDT,bid,60000,615.226
2024-08-22 20:53:30,BTCUSDT,bid,60000,615.206
2024-08-22 20:53:44,BTCUSDT,ask,61000,604.548
2024-08-22 20:53:45,BTCUSDT,ask,61000,604.564
2024-08-22 20:53:52,BTCUSDT,ask,61000,604.554
2024-08-22 20:59:25,BTCUSDT,bid,47000,884.173
2024-08-22 21:00:13,BTCUSDT,bid,47000,884.166
2024-08-22 21:30:59,BTCUSDT,bid,59300,890.621
2024-08-22 21:36:53,BTCUSDT,ask,61700,809.57
2024-08-22 21:37:08,BTCUSDT,bid,59300,842.569
2024-08-22 21:37:19,BTCUSDT,bid,47000,884.838
2024-08-22 21:47:41,BTCUSDT,bid,47000,884.827
2024-08-22 21:55:22,BTCUSDT,bid,60000,636.373
2024-08-22 21:55:26,BTCUSDT,bid,60000,636.873
2024-08-22 21:55:27,BTCUSDT,bid,60000,636.871
2024-08-22 21:55:30,BTCUSDT,bid,60000,636.895
2024-08-22 21:55:31,BTCUSDT,bid,60000,636.718
2024-08-22 21:55:32,BTCUSDT,bid,60000,636.635
2024-08-22 21:55:34,BTCUSDT,bid,60000,636.627
2024-08-22 21:55:37,BTCUSDT,bid,60000,636.616
2024-08-22 21:55:37,BTCUSDT,bid,60000,636.714
2024-08-22 21:55:44,BTCUSDT,bid,60000,636.601
2024-08-22 21:55:50,BTCUSDT,bid,60000,636.631
2024-08-22 21:55:54,BTCUSDT,bid,60000,636.131
2024-08-22 21:55:54,BTCUSDT,bid,60000,636.133
2024-08-22 21:56:02,BTCUSDT,bid,60000,636.137
2024-08-22 21:56:13,BTCUSDT,bid,60000,636.182
2024-08-22 21:56:14,BTCUSDT,bid,60000,636.19
2024-08-22 21:56:31,BTCUSDT,bid,60000,636.081
2024-08-22 21:56:50,BTCUSDT,bid,60000,636.181
2024-08-22 21:56:52,BTCUSDT,bid,60000,636.081
2024-08-22 21:56:57,BTCUSDT,bid,60000,636.181
2024-08-22 21:57:00,BTCUSDT,bid,60000,636.081
2024-08-22 21:57:01,BTCUSDT,bid,60000,636.181
2024-08-22 21:57:01,BTCUSDT,bid,60000,639.181
2024-08-22 21:57:03,BTCUSDT,bid,60000,639.015
2024-08-22 21:57:04,BTCUSDT,bid,60000,638.915
2024-08-22 21:57:25,BTCUSDT,bid,60000,639.245
2024-08-22 21:57:26,BTCUSDT,bid,60000,639.248
2024-08-22 21:57:26,BTCUSDT,bid,60000,639.271
2024-08-22 21:57:28,BTCUSDT,bid,60000,639.273
2024-08-22 21:57:31,BTCUSDT,bid,60000,639.303
2024-08-22 21:57:34,BTCUSDT,bid,60000,639.514
2024-08-22 21:57:35,BTCUSDT,bid,60000,639.534
2024-08-22 21:57:35,BTCUSDT,bid,60000,639.539
2024-08-22 21:57:44,BTCUSDT,bid,60000,639.523
2024-08-22 21:57:51,BTCUSDT,bid,60000,639.521
2024-08-22 21:57:57,BTCUSDT,bid,60000,639.537
2024-08-22 21:57:58,BTCUSDT,bid,60000,639.545
2024-08-22 21:58:00,BTCUSDT,bid,60000,639.504
2024-08-22 21:58:14,BTCUSDT,bid,60000,639.506
2024-08-22 21:58:17,BTCUSDT,bid,60000,639.502
2024-08-22 21:58:20,BTCUSDT,bid,60000,637.783
2024-08-22 21:58:21,BTCUSDT,bid,60000,637.781
2024-08-22 21:58:21,BTCUSDT,bid,60000,637.705
2024-08-22 21:58:22,BTCUSDT,bid,60000,637.984
2024-08-22 21:58:26,BTCUSDT,bid,60000,637.979
2024-08-22 21:58:35,BTCUSDT,bid,60000,637.995
2024-08-22 21:58:36,BTCUSDT,bid,60000,637.997
2024-08-22 21:58:42,BTCUSDT,bid,60000,638.026
2024-08-22 21:58:49,BTCUSDT,bid,60000,638.022
2024-08-22 21:58:51,BTCUSDT,bid,60000,638.032
2024-08-22 21:58:55,BTCUSDT,bid,60000,638.065
2024-08-22 21:58:58,BTCUSDT,bid,60000,638.083
2024-08-22 21:59:00,BTCUSDT,bid,60000,638.088
2024-08-22 21:59:06,BTCUSDT,bid,60000,638.083
2024-08-22 21:59:10,BTCUSDT,bid,60000,638.093
2024-08-22 21:59:14,BTCUSDT,bid,60000,638.145
2024-08-22 21:59:22,BTCUSDT,bid,60000,638.135
2024-08-22 21:59:25,BTCUSDT,bid,60000,638.137
2024-08-22 21:59:30,BTCUSDT,bid,60000,637.637
2024-08-22 21:59:35,BTCUSDT,bid,60000,637.537
2024-08-22 21:59:43,BTCUSDT,bid,60000,637.57
2024-08-22 21:59:47,BTCUSDT,bid,60000,637.58
2024-08-22 22:00:04,BTCUSDT,bid,60000,637.589
2024-08-22 22:00:06,BTCUSDT,bid,60000,637.639
2024-08-22 22:00:17,BTCUSDT,bid,60000,637.616
2024-08-22 22:00:31,BTCUSDT,bid,60000,637.614
2024-08-22 22:00:33,BTCUSDT,bid,60000,637.581
2024-08-22 22:00:34,BTCUSDT,bid,60000,637.599
2024-08-22 22:00:34,BTCUSDT,bid,60000,637.594
2024-08-22 22:00:38,BTCUSDT,bid,60000,637.631
2024-08-22 22:00:46,BTCUSDT,bid,60000,637.628
2024-08-22 22:00:50,BTCUSDT,bid,60000,636.656
2024-08-22 22:01:03,BTCUSDT,bid,60000,636.669
2024-08-22 22:01:06,BTCUSDT,bid,60000,637.95
2024-08-22 22:01:09,BTCUSDT,bid,60000,638.05
2024-08-22 22:01:13,BTCUSDT,bid,60000,637.95
2024-08-22 22:01:13,BTCUSDT,bid,60000,637.937
2024-08-22 22:01:15,BTCUSDT,bid,60000,637.935
2024-08-22 22:01:23,BTCUSDT,bid,60000,637.938
2024-08-22 22:01:33,BTCUSDT,bid,60000,637.936
2024-08-22 22:01:35,BTCUSDT,bid,60000,637.926
2024-08-22 22:01:41,BTCUSDT,bid,60000,637.864
2024-08-22 22:01:43,BTCUSDT,bid,60000,636.583
2024-08-22 22:01:46,BTCUSDT,bid,60000,638.255
2024-08-22 22:01:49,BTCUSDT,bid,60000,638.306
2024-08-22 22:02:01,BTCUSDT,bid,60000,638.301
2024-08-22 22:02:03,BTCUSDT,bid,60000,638.311
2024-08-22 22:02:14,BTCUSDT,bid,60000,638.308
2024-08-22 22:02:21,BTCUSDT,bid,60000,638.313
2024-08-22 22:02:24,BTCUSDT,bid,60000,638.297
2024-08-22 22:02:26,BTCUSDT,bid,60000,637.265
2024-08-22 22:02:27,BTCUSDT,bid,60000,637.316
2024-08-22 22:02:33,BTCUSDT,bid,60000,637.567
2024-08-22 22:02:56,BTCUSDT,bid,60000,637.559
2024-08-22 22:02:58,BTCUSDT,bid,60000,637.546
2024-08-22 22:03:04,BTCUSDT,bid,60000,637.556
2024-08-22 22:03:16,BTCUSDT,bid,60000,637.172
2024-08-22 22:03:16,BTCUSDT,bid,60000,637.196
2024-08-22 22:03:27,BTCUSDT,bid,60000,637.198
2024-08-22 22:03:31,BTCUSDT,bid,60000,637.22
2024-08-22 22:03:34,BTCUSDT,bid,60000,637.03
2024-08-22 22:03:43,BTCUSDT,bid,60000,637.033
2024-08-22 22:03:46,BTCUSDT,bid,60000,637.025
2024-08-22 22:03:49,BTCUSDT,bid,60000,637.029
2024-08-22 22:03:56,BTCUSDT,bid,60000,637.011
2024-08-22 22:04:19,BTCUSDT,bid,60000,637.044
2024-08-22 22:04:22,BTCUSDT,bid,60000,636.982
2024-08-22 22:04:25,BTCUSDT,bid,60000,636.828
2024-08-22 22:04:25,BTCUSDT,bid,60000,636.436
2024-08-22 22:04:44,BTCUSDT,bid,60000,636.45
2024-08-22 22:05:19,BTCUSDT,bid,60000,636.438
2024-08-22 22:05:34,BTCUSDT,bid,60000,636.388
2024-08-22 22:05:37,BTCUSDT,bid,60000,636.383
2024-08-22 22:05:41,BTCUSDT,bid,60000,633.812
2024-08-22 22:05:43,BTCUSDT,bid,60000,633.761
2024-08-22 22:05:45,BTCUSDT,bid,60000,633.71
2024-08-22 22:05:46,BTCUSDT,bid,60000,633.685
2024-08-22 22:05:48,BTCUSDT,bid,60000,633.585
2024-08-22 22:05:57,BTCUSDT,bid,60000,633.565
2024-08-22 22:06:05,BTCUSDT,bid,60000,633.082
2024-08-22 22:06:12,BTCUSDT,bid,60000,632.828
2024-08-22 22:06:14,BTCUSDT,bid,60000,632.806
2024-08-22 22:06:24,BTCUSDT,bid,60000,633.136
2024-08-22 22:06:26,BTCUSDT,bid,60000,633.131
2024-08-22 22:06:31,BTCUSDT,bid,60000,633.129
2024-08-22 22:06:31,BTCUSDT,bid,60000,633.16
2024-08-22 22:06:57,BTCUSDT,bid,60000,633.144
2024-08-22 22:06:58,BTCUSDT,bid,60000,633.142
2024-08-22 22:06:59,BTCUSDT,bid,60000,633.312
2024-08-22 22:07:02,BTCUSDT,bid,60000,632.812
2024-08-22 22:07:12,BTCUSDT,bid,60000,632.862
2024-08-22 22:07:27,BTCUSDT,bid,60000,632.532
2024-08-22 22:07:33,BTCUSDT,bid,60000,632.606
2024-08-22 22:07:33,BTCUSDT,bid,59500,840.253
2024-08-22 22:07:42,BTCUSDT,bid,60000,632.273
2024-08-22 22:08:01,BTCUSDT,bid,60000,632.266
2024-08-22 22:08:01,BTCUSDT,bid,59400,840.587
2024-08-22 22:08:10,BTCUSDT,bid,60000,632.278
2024-08-22 22:08:16,BTCUSDT,bid,60000,632.578
2024-08-22 22:08:18,BTCUSDT,bid,60000,632.516
2024-08-22 22:08:22,BTCUSDT,bid,60000,632.467
2024-08-22 22:08:25,BTCUSDT,bid,60000,632.464
2024-08-22 22:08:28,BTCUSDT,bid,60000,632.344
2024-08-22 22:08:29,BTCUSDT,bid,60000,632.374
2024-08-22 22:08:38,BTCUSDT,bid,60000,632.498
2024-08-22 22:09:02,BTCUSDT,bid,60000,632.493
2024-08-22 22:09:20,BTCUSDT,bid,60000,632.699
2024-08-22 22:09:23,BTCUSDT,bid,60000,632.843
2024-08-22 22:09:25,BTCUSDT,bid,60000,632.919
2024-08-22 22:09:34,BTCUSDT,bid,60000,632.903
2024-08-22 22:09:37,BTCUSDT,bid,60000,632.898
2024-08-22 22:09:38,BTCUSDT,bid,60000,632.822
2024-08-22 22:09:54,BTCUSDT,bid,60000,632.789
2024-08-22 22:10:08,BTCUSDT,bid,60000,632.793
2024-08-22 22:10:23,BTCUSDT,bid,60000,632.776
2024-08-22 22:10:38,BTCUSDT,bid,60000,631.96
2024-08-22 22:10:41,BTCUSDT,bid,60000,632.01
2024-08-22 22:10:45,BTCUSDT,bid,60000,632.012
2024-08-22 22:10:46,BTCUSDT,bid,60000,631.708
2024-08-22 22:10:49,BTCUSDT,bid,60000,631.675
2024-08-22 22:10:52,BTCUSDT,bid,60000,631.707
2024-08-22 22:11:10,BTCUSDT,bid,60000,631.44
2024-08-22 22:11:19,BTCUSDT,bid,60000,631.445
2024-08-22 22:11:20,BTCUSDT,bid,60000,631.786
2024-08-22 22:11:51,BTCUSDT,bid,60000,631.75
2024-08-22 22:12:05,BTCUSDT,bid,60000,631.539
2024-08-22 22:12:21,BTCUSDT,bid,60000,631.639
2024-08-22 22:29:23,BTCUSDT,bid,47000,884.953
2024-08-22 07:00:16,BTCUSD_PERP,bid,60600,1076.96
2024-08-22 07:00:16,BTCUSD_PERP,bid,60600,1017.53
2024-08-22 07:00:16,BTCUSD_PERP,bid,60600,958.1
2024-08-22 07:00:16,BTCUSD_PERP,bid,60600,838.02
2024-08-22 07:00:16,BTCUSD_PERP,bid,60600,777.98
2024-08-22 07:00:17,BTCUSD_PERP,bid,60600,658.51
2024-08-22 07:00:17,BTCUSD_PERP,bid,60600,539.65
2024-08-22 07:00:17,BTCUSD_PERP,bid,60600,597.04
2024-08-22 07:00:17,BTCUSD_PERP,bid,60600,657.11
2024-08-22 07:00:17,BTCUSD_PERP,bid,60600,777.25
2024-08-22 07:00:17,BTCUSD_PERP,bid,60600,837.32
2024-08-22 07:00:18,BTCUSD_PERP,bid,60600,957.46
2024-08-22 07:00:18,BTCUSD_PERP,bid,60600,523.97
2024-08-22 07:00:18,BTCUSD_PERP,bid,60600,1016.92
2024-08-22 07:00:18,BTCUSD_PERP,bid,60600,1076.89
2024-08-22 07:00:26,BTCUSD_PERP,bid,60600,1076.93
2024-08-22 07:00:40,BTCUSD_PERP,bid,60600,1081.19
2024-08-22 07:01:41,BTCUSD_PERP,bid,60600,1021.73
2024-08-22 07:01:42,BTCUSD_PERP,bid,60600,842.13
2024-08-22 07:01:43,BTCUSD_PERP,bid,60700,494.2
2024-08-22 07:01:43,BTCUSD_PERP,bid,60700,554.31
2024-08-22 07:01:45,BTCUSD_PERP,bid,60700,556.49
2024-08-22 07:01:54,BTCUSD_PERP,bid,60700,496.38
2024-08-22 07:01:54,BTCUSD_PERP,bid,60600,539.59
2024-08-22 07:03:41,BTCUSD_PERP,bid,60700,496.38
2024-08-22 07:03:44,BTCUSD_PERP,bid,60700,496.38
2024-08-22 07:03:45,BTCUSD_PERP,bid,60700,494.2
2024-08-22 07:03:45,BTCUSD_PERP,bid,60700,496.38
2024-08-22 07:04:07,BTCUSD_PERP,bid,60600,957.37
2024-08-22 07:04:07,BTCUSD_PERP,bid,60600,524.0
2024-08-22 07:04:07,BTCUSD_PERP,bid,60600,1017.44
2024-08-22 07:08:08,BTCUSD_PERP,bid,60600,837.23
2024-08-22 07:08:08,BTCUSD_PERP,bid,60600,776.69
2024-08-22 07:08:08,BTCUSD_PERP,bid,60600,836.72
2024-08-22 07:08:08,BTCUSD_PERP,bid,60500,523.75
2024-08-22 07:08:08,BTCUSD_PERP,bid,60600,896.75
2024-08-22 07:08:11,BTCUSD_PERP,bid,60600,597.9
2024-08-22 07:08:11,BTCUSD_PERP,bid,60600,776.37
2024-08-22 07:08:11,BTCUSD_PERP,bid,60600,836.38
2024-08-22 07:08:11,BTCUSD_PERP,bid,60600,896.39
2024-08-22 07:08:12,BTCUSD_PERP,bid,60500,523.45
2024-08-22 07:08:26,BTCUSD_PERP,bid,60600,657.57
2024-08-22 07:08:26,BTCUSD_PERP,bid,60600,836.74
2024-08-22 07:08:26,BTCUSD_PERP,bid,60600,896.77
2024-08-22 07:08:26,BTCUSD_PERP,bid,60500,523.74
2024-08-22 07:08:52,BTCUSD_PERP,bid,60600,896.39
2024-08-22 07:08:52,BTCUSD_PERP,bid,60500,523.45
2024-08-22 07:08:52,BTCUSD_PERP,bid,60600,956.4
2024-08-22 07:11:27,BTCUSD_PERP,bid,60600,956.44
2024-08-22 07:11:27,BTCUSD_PERP,bid,60600,956.48
2024-08-22 07:12:26,BTCUSD_PERP,bid,60600,896.47
2024-08-22 07:14:16,BTCUSD_PERP,bid,60600,717.15
2024-08-22 07:14:16,BTCUSD_PERP,bid,60500,538.5
2024-08-22 07:14:16,BTCUSD_PERP,bid,60500,835.96
2024-08-22 07:14:53,BTCUSD_PERP,bid,60500,837.17
2024-08-22 07:15:19,BTCUSD_PERP,bid,60600,598.17
2024-08-22 07:15:19,BTCUSD_PERP,bid,60600,658.18
2024-08-22 07:15:49,BTCUSD_PERP,bid,47000,2452.11
2024-08-22 07:15:49,BTCUSD_PERP,ask,64500,1618.8
2024-08-22 07:16:23,BTCUSD_PERP,bid,60600,598.78
2024-08-22 07:16:23,BTCUSD_PERP,bid,60600,538.77
2024-08-22 07:16:24,BTCUSD_PERP,bid,60500,537.29
2024-08-22 07:16:24,BTCUSD_PERP,bid,60500,657.14
2024-08-22 07:16:24,BTCUSD_PERP,bid,60500,717.11
2024-08-22 07:16:25,BTCUSD_PERP,bid,60500,837.05
2024-08-22 07:16:25,BTCUSD_PERP,bid,60500,896.41
2024-08-22 07:16:25,BTCUSD_PERP,bid,60500,955.77
2024-08-22 07:16:25,BTCUSD_PERP,bid,60500,523.12
2024-08-22 07:16:25,BTCUSD_PERP,bid,60500,1075.1
2024-08-22 07:17:01,BTCUSD_PERP,bid,60500,895.35
2024-08-22 07:17:01,BTCUSD_PERP,bid,60500,955.29
2024-08-22 07:17:55,BTCUSD_PERP,bid,60500,656.29
2024-08-22 07:17:55,BTCUSD_PERP,bid,60500,1015.13
2024-08-22 07:17:55,BTCUSD_PERP,bid,60500,523.12
2024-08-22 07:17:55,BTCUSD_PERP,bid,60500,1075.1
2024-08-22 07:18:36,BTCUSD_PERP,bid,60500,1015.74
2024-08-22 07:18:37,BTCUSD_PERP,bid,60600,1015.8
2024-08-22 07:18:37,BTCUSD_PERP,bid,60600,1075.81
2024-08-22 07:18:37,BTCUSD_PERP,bid,60500,523.45
2024-08-22 07:18:43,BTCUSD_PERP,bid,60600,1016.41
2024-08-22 07:18:43,BTCUSD_PERP,bid,60600,956.4
2024-08-22 07:18:43,BTCUSD_PERP,bid,60600,836.38
2024-08-22 07:18:43,BTCUSD_PERP,bid,60600,776.37
2024-08-22 07:18:43,BTCUSD_PERP,bid,60600,537.65
2024-08-22 07:18:43,BTCUSD_PERP,bid,60600,548.59
2024-08-22 07:18:44,BTCUSD_PERP,bid,60600,608.64
2024-08-22 07:18:44,BTCUSD_PERP,bid,60500,523.74
2024-08-22 07:18:44,BTCUSD_PERP,bid,60600,668.69
2024-08-22 07:18:44,BTCUSD_PERP,bid,60500,583.72
2024-08-22 07:18:44,BTCUSD_PERP,bid,60600,788.17
2024-08-22 07:18:44,BTCUSD_PERP,bid,60600,848.22
2024-08-22 07:18:44,BTCUSD_PERP,bid,60600,907.65
2024-08-22 07:18:44,BTCUSD_PERP,bid,60600,967.7
2024-08-22 07:18:44,BTCUSD_PERP,bid,60600,1027.13
2024-08-22 07:18:45,BTCUSD_PERP,bid,60600,1029.31
2024-08-22 07:19:09,BTCUSD_PERP,ask,2960000,222.17
2024-08-22 07:19:19,BTCUSD_PERP,bid,60600,657.1
2024-08-22 07:19:19,BTCUSD_PERP,bid,60600,717.11
2024-08-22 07:20:09,BTCUSD_PERP,bid,60500,596.61
2024-08-22 07:20:10,BTCUSD_PERP,bid,60500,656.59
2024-08-22 07:26:11,BTCUSD_PERP,bid,60500,655.78
2024-08-22 07:27:18,BTCUSD_PERP,bid,60500,715.68
2024-08-22 07:27:25,BTCUSD_PERP,bid,60500,596.49
2024-08-22 07:27:26,BTCUSD_PERP,bid,60500,537.02
2024-08-22 07:27:26,BTCUSD_PERP,bid,60500,656.19
2024-08-22 07:31:28,BTCUSD_PERP,bid,60500,655.86
2024-08-22 07:31:45,BTCUSD_PERP,bid,60400,716.02
2024-08-22 07:31:45,BTCUSD_PERP,bid,60400,775.29
2024-08-22 07:31:57,BTCUSD_PERP,bid,60400,715.41
2024-08-22 07:31:57,BTCUSD_PERP,bid,60400,596.26
2024-08-22 07:31:57,BTCUSD_PERP,bid,60400,536.48
2024-08-22 07:31:58,BTCUSD_PERP,bid,60500,537.87
2024-08-22 07:31:58,BTCUSD_PERP,bid,60500,597.78
2024-08-22 07:31:58,BTCUSD_PERP,bid,60500,657.08
2024-08-22 07:32:21,BTCUSD_PERP,bid,60500,597.47
2024-08-22 07:32:22,BTCUSD_PERP,bid,60500,657.41
2024-08-22 07:32:32,BTCUSD_PERP,bid,60500,598.08
2024-08-22 07:32:32,BTCUSD_PERP,bid,60500,538.14
2024-08-22 07:32:34,BTCUSD_PERP,bid,60500,537.86
2024-08-22 07:33:47,BTCUSD_PERP,bid,60500,538.48
2024-08-22 07:34:08,BTCUSD_PERP,bid,60600,547.41
2024-08-22 07:34:08,BTCUSD_PERP,bid,60600,666.17
2024-08-22 07:34:08,BTCUSD_PERP,bid,60600,786.13
2024-08-22 07:34:08,BTCUSD_PERP,bid,60600,846.11
2024-08-22 07:34:13,BTCUSD_PERP,bid,60500,775.72
2024-08-22 07:34:13,BTCUSD_PERP,bid,60500,835.68
2024-08-22 07:41:08,BTCUSD_PERP,bid,60500,726.61
2024-08-22 07:41:08,BTCUSD_PERP,bid,60500,786.53
2024-08-22 07:41:30,BTCUSD_PERP,bid,60500,726.61
2024-08-22 07:41:30,BTCUSD_PERP,bid,60500,667.3
2024-08-22 07:43:37,BTCUSD_PERP,bid,60500,607.38
2024-08-22 07:43:37,BTCUSD_PERP,bid,60500,548.07
2024-08-22 07:43:37,BTCUSD_PERP,bid,60500,537.18
2024-08-22 07:43:38,BTCUSD_PERP,bid,60500,597.07
2024-08-22 07:43:38,BTCUSD_PERP,bid,60500,656.86
2024-08-22 07:43:38,BTCUSD_PERP,bid,60500,716.14
2024-08-22 07:43:38,BTCUSD_PERP,bid,60500,776.03
2024-08-22 07:46:17,BTCUSD_PERP,bid,60400,536.64
2024-08-22 07:48:19,BTCUSD_PERP,bid,60400,536.3
2024-08-22 07:48:20,BTCUSD_PERP,bid,60400,655.92
2024-08-22 07:48:20,BTCUSD_PERP,bid,60400,715.17
2024-08-22 07:48:20,BTCUSD_PERP,bid,60400,775.03
2024-08-22 07:48:20,BTCUSD_PERP,bid,60400,834.28
2024-08-22 07:48:20,BTCUSD_PERP,bid,60400,894.14
2024-08-22 07:49:09,BTCUSD_PERP,bid,60400,655.92
2024-08-22 07:49:10,BTCUSD_PERP,bid,60500,536.44
2024-08-22 07:49:10,BTCUSD_PERP,bid,60500,596.32
2024-08-22 07:49:10,BTCUSD_PERP,bid,60500,655.6
2024-08-22 07:49:10,BTCUSD_PERP,bid,60500,834.64
2024-08-22 07:51:23,BTCUSD_PERP,bid,60400,715.78
2024-08-22 07:51:23,BTCUSD_PERP,bid,60400,775.64
2024-08-22 07:52:20,BTCUSD_PERP,bid,60400,715.78
2024-08-22 07:52:20,BTCUSD_PERP,bid,60400,656.53
2024-08-22 07:52:20,BTCUSD_PERP,bid,60400,536.91
2024-08-22 07:52:22,BTCUSD_PERP,bid,60500,537.17
2024-08-22 07:52:22,BTCUSD_PERP,bid,60500,597.07
2024-08-22 07:52:22,BTCUSD_PERP,bid,60500,656.36
2024-08-22 07:52:26,BTCUSD_PERP,bid,60500,656.4
2024-08-22 07:52:35,BTCUSD_PERP,bid,60500,656.44
2024-08-22 07:54:16,BTCUSD_PERP,bid,60500,596.54
2024-08-22 07:54:17,BTCUSD_PERP,bid,60400,536.26
2024-08-22 07:54:17,BTCUSD_PERP,bid,60400,596.13
2024-08-22 07:56:36,BTCUSD_PERP,bid,60400,605.82
2024-08-22 07:56:37,BTCUSD_PERP,bid,60400,665.65
2024-08-22 07:57:33,BTCUSD_PERP,bid,60300,654.54
2024-08-22 07:58:20,BTCUSD_PERP,bid,60300,595.36
2024-08-22 07:58:23,BTCUSD_PERP,bid,60300,595.04
2024-08-22 07:58:23,BTCUSD_PERP,bid,60300,654.78
2024-08-22 07:59:51,BTCUSD_PERP,bid,60300,545.5
2024-08-22 07:59:51,BTCUSD_PERP,bid,60300,605.21
2024-08-22 08:00:30,BTCUSD_PERP,bid,60300,546.11
2024-08-22 08:00:31,BTCUSD_PERP,bid,60300,594.88
2024-08-22 08:00:36,BTCUSD_PERP,bid,60300,594.57
2024-08-22 08:00:46,BTCUSD_PERP,bid,60200,535.19
2024-08-22 08:00:46,BTCUSD_PERP,bid,60200,534.68
2024-08-22 08:01:12,BTCUSD_PERP,bid,60300,595.27
2024-08-22 08:01:12,BTCUSD_PERP,bid,60300,654.98
2024-08-22 08:01:12,BTCUSD_PERP,bid,60300,714.59
2024-08-22 08:01:42,BTCUSD_PERP,bid,60200,714.23
2024-08-22 08:01:42,BTCUSD_PERP,bid,60200,715.49
2024-08-22 08:01:52,BTCUSD_PERP,bid,60200,655.81
2024-08-22 08:01:53,BTCUSD_PERP,bid,60200,596.23
2024-08-22 08:01:53,BTCUSD_PERP,bid,60200,723.9
2024-08-22 08:01:54,BTCUSD_PERP,bid,60200,782.94
2024-08-22 08:02:19,BTCUSD_PERP,bid,60200,664.25
2024-08-22 08:02:49,BTCUSD_PERP,bid,60200,595.38
2024-08-22 08:04:10,BTCUSD_PERP,bid,60200,535.72
2024-08-22 08:04:10,BTCUSD_PERP,bid,60200,595.38
2024-08-22 08:04:52,BTCUSD_PERP,bid,60200,535.72
2024-08-22 08:06:30,BTCUSD_PERP,bid,60300,541.15
2024-08-22 08:06:30,BTCUSD_PERP,bid,60300,600.88
2024-08-22 08:06:46,BTCUSD_PERP,bid,60300,600.92
2024-08-22 08:09:03,BTCUSD_PERP,bid,60300,541.19
2024-08-22 08:09:04,BTCUSD_PERP,bid,60300,535.5
2024-08-22 08:09:04,BTCUSD_PERP,bid,60300,655.04
2024-08-22 08:09:04,BTCUSD_PERP,bid,60300,714.2
2024-08-22 08:09:05,BTCUSD_PERP,bid,60300,892.29
2024-08-22 08:09:26,BTCUSD_PERP,bid,60300,832.52
2024-08-22 08:09:26,BTCUSD_PERP,bid,60300,713.59
2024-08-22 08:09:26,BTCUSD_PERP,bid,60300,595.27
2024-08-22 08:12:50,BTCUSD_PERP,bid,60300,536.1
2024-08-22 08:13:22,BTCUSD_PERP,bid,60300,536.14
2024-08-22 08:13:57,BTCUSD_PERP,bid,60400,714.67
2024-08-22 08:13:57,BTCUSD_PERP,bid,60400,834.29
2024-08-22 08:13:57,BTCUSD_PERP,bid,60400,894.1
2024-08-22 08:13:58,BTCUSD_PERP,bid,60400,953.91
2024-08-22 08:14:47,BTCUSD_PERP,bid,60300,521.98
2024-08-22 08:14:58,BTCUSD_PERP,bid,60400,834.29
2024-08-22 08:14:58,BTCUSD_PERP,bid,60400,775.09
2024-08-22 08:14:58,BTCUSD_PERP,bid,60400,715.28
2024-08-22 08:14:59,BTCUSD_PERP,bid,60400,655.47
2024-08-22 08:14:59,BTCUSD_PERP,bid,60400,596.27
2024-08-22 08:14:59,BTCUSD_PERP,bid,60400,536.46
2024-08-22 08:15:00,BTCUSD_PERP,bid,60400,536.8
2024-08-22 08:15:00,BTCUSD_PERP,bid,60400,596.65
2024-08-22 08:15:35,BTCUSD_PERP,bid,60400,536.8
2024-08-22 08:15:37,BTCUSD_PERP,bid,60400,596.27
2024-08-22 08:15:46,BTCUSD_PERP,bid,60300,521.72
2024-08-22 08:16:10,BTCUSD_PERP,bid,60300,536.19
2024-08-22 08:16:10,BTCUSD_PERP,bid,60300,595.36
2024-08-22 08:16:12,BTCUSD_PERP,bid,60300,531.54
2024-08-22 08:16:45,BTCUSD_PERP,bid,60300,536.19
2024-08-22 08:16:46,BTCUSD_PERP,bid,60300,521.84
2024-08-22 08:16:58,BTCUSD_PERP,bid,60400,535.86
2024-08-22 08:16:58,BTCUSD_PERP,bid,60400,595.67
2024-08-22 08:17:02,BTCUSD_PERP,bid,60400,595.71
2024-08-22 08:17:05,BTCUSD_PERP,bid,60400,595.75
2024-08-22 08:17:20,BTCUSD_PERP,bid,60400,595.79
2024-08-22 08:17:20,BTCUSD_PERP,bid,60400,595.83
2024-08-22 08:17:52,BTCUSD_PERP,bid,60400,536.02
2024-08-22 08:17:54,BTCUSD_PERP,bid,60400,536.21
2024-08-22 08:20:15,BTCUSD_PERP,bid,60400,535.85
2024-08-22 08:20:15,BTCUSD_PERP,bid,60400,714.67
2024-08-22 08:20:38,BTCUSD_PERP,bid,60400,714.71
2024-08-22 08:21:20,BTCUSD_PERP,ask,61500,495.09
2024-08-22 08:21:30,BTCUSD_PERP,ask,61500,504.93
2024-08-22 08:21:30,BTCUSD_PERP,ask,61500,514.77
2024-08-22 08:21:42,BTCUSD_PERP,ask,61500,535.07
2024-08-22 08:22:11,BTCUSD_PERP,ask,61500,528.92
2024-08-22 08:22:13,BTCUSD_PERP,ask,61500,519.09
2024-08-22 08:22:19,BTCUSD_PERP,ask,61500,509.25
2024-08-22 08:22:21,BTCUSD_PERP,ask,61500,499.41
2024-08-22 08:22:41,BTCUSD_PERP,bid,60400,536.07
2024-08-22 08:22:41,BTCUSD_PERP,bid,60400,655.13
2024-08-22 08:22:41,BTCUSD_PERP,bid,60400,714.96
2024-08-22 08:23:12,BTCUSD_PERP,bid,60400,655.73
2024-08-22 08:23:13,BTCUSD_PERP,bid,60400,596.5
2024-08-22 08:23:14,BTCUSD_PERP,bid,60400,595.05
2024-08-22 08:23:14,BTCUSD_PERP,bid,60400,654.86
2024-08-22 08:23:14,BTCUSD_PERP,bid,60400,714.67
2024-08-22 08:26:41,BTCUSD_PERP,bid,60400,654.86
2024-08-22 08:26:41,BTCUSD_PERP,bid,60400,535.85
2024-08-22 08:29:59,BTCUSD_PERP,bid,60400,596.37
2024-08-22 08:29:59,BTCUSD_PERP,bid,60300,535.1
2024-08-22 08:30:15,BTCUSD_PERP,ask,61600,496.11
2024-08-22 08:30:16,BTCUSD_PERP,ask,61600,502.25
2024-08-22 08:30:17,BTCUSD_PERP,ask,61600,512.09
2024-08-22 08:30:19,BTCUSD_PERP,ask,61600,521.93
2024-08-22 08:30:23,BTCUSD_PERP,ask,61600,531.77
2024-08-22 08:30:25,BTCUSD_PERP,ask,61600,537.91
2024-08-22 08:30:26,BTCUSD_PERP,ask,61600,547.75
2024-08-22 08:31:09,BTCUSD_PERP,ask,61600,537.91
2024-08-22 08:31:11,BTCUSD_PERP,ask,61600,528.07
2024-08-22 08:31:13,BTCUSD_PERP,ask,61600,518.23
2024-08-22 08:31:15,BTCUSD_PERP,ask,61600,508.39
2024-08-22 08:31:15,BTCUSD_PERP,ask,61600,498.85
2024-08-22 08:31:16,BTCUSD_PERP,ask,61600,492.71
2024-08-22 08:33:30,BTCUSD_PERP,bid,60400,535.59
2024-08-22 08:35:07,BTCUSD_PERP,bid,60400,535.32
2024-08-22 08:38:08,BTCUSD_PERP,bid,60300,595.71
2024-08-22 08:38:08,BTCUSD_PERP,bid,60300,654.85
2024-08-22 08:38:09,BTCUSD_PERP,bid,60300,654.89
2024-08-22 08:39:40,BTCUSD_PERP,bid,60300,536.09
2024-08-22 08:39:40,BTCUSD_PERP,bid,60300,655.05
2024-08-22 08:39:40,BTCUSD_PERP,bid,60300,714.83
2024-08-22 08:39:40,BTCUSD_PERP,bid,60300,774.61
2024-08-22 08:43:10,BTCUSD_PERP,bid,60300,714.83
2024-08-22 08:43:11,BTCUSD_PERP,bid,60300,714.48
2024-08-22 08:43:11,BTCUSD_PERP,bid,60300,774.23
2024-08-22 08:44:18,BTCUSD_PERP,ask,60800,664.03
2024-08-22 08:44:18,BTCUSD_PERP,ask,60800,662.03
2024-08-22 08:44:53,BTCUSD_PERP,ask,61400,495.92
2024-08-22 08:45:00,BTCUSD_PERP,ask,61400,505.74
2024-08-22 08:45:01,BTCUSD_PERP,ask,61400,515.56
2024-08-22 08:45:16,BTCUSD_PERP,ask,61400,505.52
2024-08-22 08:45:16,BTCUSD_PERP,ask,61400,515.65
2024-08-22 08:45:16,BTCUSD_PERP,ask,61400,525.47
2024-08-22 08:45:17,BTCUSD_PERP,ask,61400,515.73
2024-08-22 08:45:18,BTCUSD_PERP,ask,61400,525.55
2024-08-22 08:45:18,BTCUSD_PERP,ask,61400,535.37
2024-08-22 08:45:20,BTCUSD_PERP,ask,61400,529.29
2024-08-22 08:45:21,BTCUSD_PERP,ask,61400,535.43
2024-08-22 08:45:21,BTCUSD_PERP,ask,61400,529.35
2024-08-22 08:45:21,BTCUSD_PERP,ask,61400,535.49
2024-08-22 08:45:23,BTCUSD_PERP,ask,61400,529.41
2024-08-22 08:45:23,BTCUSD_PERP,ask,61400,535.55
2024-08-22 08:45:25,BTCUSD_PERP,ask,61400,525.81
2024-08-22 08:45:25,BTCUSD_PERP,ask,61400,535.63
2024-08-22 08:45:27,BTCUSD_PERP,ask,61400,529.55
2024-08-22 08:45:28,BTCUSD_PERP,ask,61400,535.69
2024-08-22 08:45:29,BTCUSD_PERP,ask,61400,541.83
2024-08-22 08:45:32,BTCUSD_PERP,ask,61400,535.69
2024-08-22 08:45:32,BTCUSD_PERP,ask,61400,541.83
2024-08-22 08:45:54,BTCUSD_PERP,ask,61400,532.01
2024-08-22 08:45:59,BTCUSD_PERP,bid,47000,2452.17
2024-08-22 08:45:59,BTCUSD_PERP,ask,64500,1618.86
2024-08-22 08:46:01,BTCUSD_PERP,ask,61400,522.19
2024-08-22 08:46:02,BTCUSD_PERP,ask,61400,512.37
2024-08-22 08:46:16,BTCUSD_PERP,ask,61400,502.55
2024-08-22 08:46:17,BTCUSD_PERP,ask,61400,492.73
2024-08-22 08:46:39,BTCUSD_PERP,bid,60300,714.34
2024-08-22 08:46:39,BTCUSD_PERP,bid,60300,833.21
2024-08-22 08:46:39,BTCUSD_PERP,bid,60300,892.95
2024-08-22 08:46:40,BTCUSD_PERP,bid,60200,521.54
2024-08-22 08:46:40,BTCUSD_PERP,bid,60300,952.08
2024-08-22 08:48:42,BTCUSD_PERP,bid,60300,892.95
2024-08-22 08:48:42,BTCUSD_PERP,bid,60300,774.69
2024-08-22 08:48:43,BTCUSD_PERP,bid,60300,655.82
2024-08-22 08:48:43,BTCUSD_PERP,bid,60300,596.08
2024-08-22 08:48:43,BTCUSD_PERP,bid,60300,536.34
2024-08-22 08:48:44,BTCUSD_PERP,bid,60300,536.61
2024-08-22 08:48:45,BTCUSD_PERP,bid,60300,536.65
2024-08-22 08:48:51,BTCUSD_PERP,bid,60300,536.69
2024-08-22 08:48:56,BTCUSD_PERP,bid,60300,536.73
2024-08-22 08:51:32,BTCUSD_PERP,bid,60400,536.26
2024-08-22 08:51:32,BTCUSD_PERP,bid,60300,522.22
2024-08-22 08:51:32,BTCUSD_PERP,bid,60400,596.06
2024-08-22 08:52:57,BTCUSD_PERP,bid,60400,536.26
2024-08-22 08:52:57,BTCUSD_PERP,bid,60300,833.04
2024-08-22 08:52:57,BTCUSD_PERP,bid,60300,892.81
2024-08-22 08:52:57,BTCUSD_PERP,bid,60300,952.58
2024-08-22 08:56:32,BTCUSD_PERP,bid,44000,1137.23
2024-08-22 08:56:50,BTCUSD_PERP,bid,60300,833.65
2024-08-22 08:56:51,BTCUSD_PERP,bid,60300,774.49
2024-08-22 08:56:51,BTCUSD_PERP,bid,60300,714.72
2024-08-22 08:56:51,BTCUSD_PERP,bid,60300,595.18
2024-08-22 08:56:51,BTCUSD_PERP,bid,60300,536.02
2024-08-22 08:56:51,BTCUSD_PERP,bid,60400,535.68
2024-08-22 08:56:52,BTCUSD_PERP,bid,60400,594.87
2024-08-22 08:56:52,BTCUSD_PERP,bid,60400,654.67
2024-08-22 08:56:52,BTCUSD_PERP,bid,60400,773.67
2024-08-22 08:56:52,BTCUSD_PERP,bid,60400,833.47
2024-08-22 08:56:52,BTCUSD_PERP,bid,60400,953.07
2024-08-22 08:56:52,BTCUSD_PERP,bid,60400,1012.87
2024-08-22 08:57:34,BTCUSD_PERP,bid,60400,774.97
2024-08-22 08:57:34,BTCUSD_PERP,bid,60400,715.17
2024-08-22 08:57:34,BTCUSD_PERP,bid,60400,595.57
2024-08-22 08:57:34,BTCUSD_PERP,bid,60400,535.77
2024-08-22 08:57:34,BTCUSD_PERP,bid,60400,537.25
2024-08-22 08:57:34,BTCUSD_PERP,bid,60400,596.48
2024-08-22 08:57:35,BTCUSD_PERP,bid,60400,715.55
2024-08-22 08:57:35,BTCUSD_PERP,bid,60400,775.39
2024-08-22 08:57:35,BTCUSD_PERP,bid,60400,834.62
2024-08-22 08:57:35,BTCUSD_PERP,bid,60400,894.46
2024-08-22 08:57:35,BTCUSD_PERP,bid,60400,954.3
2024-08-22 08:57:50,BTCUSD_PERP,bid,60400,894.46
2024-08-22 08:57:50,BTCUSD_PERP,bid,60400,834.62
2024-08-22 08:57:51,BTCUSD_PERP,bid,60400,775.39
2024-08-22 08:57:51,BTCUSD_PERP,bid,60400,596.58
2024-08-22 08:57:51,BTCUSD_PERP,bid,60400,536.74
2024-08-22 08:57:52,BTCUSD_PERP,bid,60400,596.79
2024-08-22 08:57:52,BTCUSD_PERP,bid,60400,716.53
2024-08-22 08:57:52,BTCUSD_PERP,bid,60400,776.4
2024-08-22 08:57:52,BTCUSD_PERP,bid,60400,835.66
2024-08-22 08:57:53,BTCUSD_PERP,bid,60400,894.92
2024-08-22 08:57:53,BTCUSD_PERP,bid,60400,954.79
2024-08-22 09:00:59,BTCUSD_PERP,bid,60300,522.0
2024-08-22 09:00:59,BTCUSD_PERP,bid,60400,894.45
2024-08-22 09:00:59,BTCUSD_PERP,bid,60300,581.74
2024-08-22 09:00:59,BTCUSD_PERP,bid,60400,954.29
2024-08-22 09:01:33,BTCUSD_PERP,bid,60400,894.45
2024-08-22 09:01:33,BTCUSD_PERP,bid,60400,835.22
2024-08-22 09:01:34,BTCUSD_PERP,bid,60400,656.59
2024-08-22 09:01:34,BTCUSD_PERP,bid,60300,521.71
2024-08-22 09:01:34,BTCUSD_PERP,bid,60400,716.4
2024-08-22 09:01:45,BTCUSD_PERP,bid,60400,656.59
2024-08-22 09:01:46,BTCUSD_PERP,bid,60300,596.4
2024-08-22 09:01:46,BTCUSD_PERP,bid,60300,656.17
2024-08-22 09:01:46,BTCUSD_PERP,bid,60300,715.94
2024-08-22 09:03:11,BTCUSD_PERP,ask,61500,487.92
2024-08-22 09:03:13,BTCUSD_PERP,ask,61500,497.75
2024-08-22 09:03:14,BTCUSD_PERP,ask,61500,503.89
2024-08-22 09:03:14,BTCUSD_PERP,ask,61500,510.03
2024-08-22 09:04:08,BTCUSD_PERP,ask,61500,500.2
2024-08-22 09:04:09,BTCUSD_PERP,ask,61500,490.37
2024-08-22 09:04:35,BTCUSD_PERP,bid,44000,1139.87
2024-08-22 09:07:00,BTCUSD_PERP,bid,44000,1140.24
2024-08-22 09:09:27,BTCUSD_PERP,bid,60300,656.26
2024-08-22 09:09:27,BTCUSD_PERP,bid,60300,654.7
2024-08-22 09:09:27,BTCUSD_PERP,bid,60300,714.44
2024-08-22 09:10:04,BTCUSD_PERP,bid,60300,521.39
2024-08-22 09:10:04,BTCUSD_PERP,bid,60300,714.2
2024-08-22 09:10:05,BTCUSD_PERP,bid,60300,773.97
2024-08-22 09:10:05,BTCUSD_PERP,bid,60300,774.01
2024-08-22 09:11:09,BTCUSD_PERP,bid,60300,714.85
2024-08-22 09:11:09,BTCUSD_PERP,bid,60300,654.7
2024-08-22 09:11:10,BTCUSD_PERP,bid,60300,714.44
2024-08-22 09:11:53,BTCUSD_PERP,bid,60300,594.96
2024-08-22 09:11:53,BTCUSD_PERP,bid,60300,535.22
2024-08-22 09:11:54,BTCUSD_PERP,bid,60300,536.7
2024-08-22 09:11:54,BTCUSD_PERP,bid,60300,596.48
2024-08-22 09:11:54,BTCUSD_PERP,bid,60300,656.26
2024-08-22 09:11:54,BTCUSD_PERP,bid,60300,521.44
2024-08-22 09:11:54,BTCUSD_PERP,bid,60300,834.38
2024-08-22 09:11:55,BTCUSD_PERP,bid,60300,952.72
2024-08-22 09:14:45,BTCUSD_PERP,bid,60300,892.94
2024-08-22 09:14:45,BTCUSD_PERP,bid,60300,714.21
2024-08-22 09:14:45,BTCUSD_PERP,bid,60300,714.46
2024-08-22 09:14:45,BTCUSD_PERP,bid,60300,892.49
2024-08-22 09:14:45,BTCUSD_PERP,bid,60300,952.24
2024-08-22 09:16:13,BTCUSD_PERP,bid,60300,653.77
2024-08-22 09:16:13,BTCUSD_PERP,bid,60300,892.04
2024-08-22 09:16:13,BTCUSD_PERP,bid,60300,951.76
2024-08-22 09:16:46,BTCUSD_PERP,bid,60200,594.87
2024-08-22 09:16:46,BTCUSD_PERP,bid,60200,654.55
2024-08-22 09:17:47,BTCUSD_PERP,bid,60200,594.87
2024-08-22 09:17:48,BTCUSD_PERP,bid,60200,535.19
2024-08-22 09:19:57,BTCUSD_PERP,bid,60200,950.58
2024-08-22 09:19:57,BTCUSD_PERP,bid,60200,1010.23
2024-08-22 09:19:57,BTCUSD_PERP,bid,60100,520.32
2024-08-22 09:19:57,BTCUSD_PERP,bid,60200,1069.88
2024-08-22 09:21:40,BTCUSD_PERP,bid,60200,713.32
2024-08-22 09:21:40,BTCUSD_PERP,bid,60200,891.44
2024-08-22 09:21:40,BTCUSD_PERP,bid,60200,1070.48
2024-08-22 09:21:40,BTCUSD_PERP,bid,60200,520.58
2024-08-22 09:23:31,BTCUSD_PERP,bid,60200,594.06
2024-08-22 09:23:31,BTCUSD_PERP,bid,60200,890.99
2024-08-22 09:23:31,BTCUSD_PERP,bid,60200,950.64
2024-08-22 09:25:43,BTCUSD_PERP,bid,60200,891.6
2024-08-22 09:25:43,BTCUSD_PERP,bid,60200,712.9
2024-08-22 09:25:44,BTCUSD_PERP,bid,60200,772.52
2024-08-22 09:29:48,BTCUSD_PERP,bid,60100,651.56
2024-08-22 09:29:49,BTCUSD_PERP,bid,60100,532.54
2024-08-22 09:34:30,BTCUSD_PERP,bid,60100,533.26
2024-08-22 09:34:30,BTCUSD_PERP,bid,60100,592.85
2024-08-22 09:34:30,BTCUSD_PERP,bid,60100,711.42
2024-08-22 09:34:30,BTCUSD_PERP,bid,60100,889.58
2024-08-22 09:35:27,BTCUSD_PERP,bid,60100,829.99
2024-08-22 09:37:14,BTCUSD_PERP,bid,60100,770.4
2024-08-22 09:37:14,BTCUSD_PERP,bid,60100,769.95
2024-08-22 09:38:11,BTCUSD_PERP,bid,60100,532.29
2024-08-22 09:38:12,BTCUSD_PERP,bid,60100,591.84
2024-08-22 09:38:56,BTCUSD_PERP,bid,60100,769.49
2024-08-22 09:39:04,BTCUSD_PERP,bid,60100,710.58
2024-08-22 09:39:05,BTCUSD_PERP,bid,60100,651.67
2024-08-22 09:39:05,BTCUSD_PERP,bid,60100,592.15
2024-08-22 09:39:05,BTCUSD_PERP,bid,60100,532.63
2024-08-22 09:39:06,BTCUSD_PERP,bid,60100,532.29
2024-08-22 09:39:06,BTCUSD_PERP,bid,60100,591.84
2024-08-22 09:39:06,BTCUSD_PERP,bid,60100,651.39
2024-08-22 09:39:06,BTCUSD_PERP,bid,60100,710.94
2024-08-22 09:39:15,BTCUSD_PERP,bid,60100,651.39
2024-08-22 09:39:15,BTCUSD_PERP,bid,60100,591.84
2024-08-22 09:39:15,BTCUSD_PERP,bid,60100,532.29
2024-08-22 09:39:16,BTCUSD_PERP,bid,60100,534.29
2024-08-22 09:39:16,BTCUSD_PERP,bid,60100,593.87
2024-08-22 09:39:16,BTCUSD_PERP,bid,60100,653.45
2024-08-22 09:39:16,BTCUSD_PERP,bid,60100,712.42
2024-08-22 09:39:16,BTCUSD_PERP,bid,60100,771.39
2024-08-22 09:39:17,BTCUSD_PERP,bid,60100,830.36
2024-08-22 09:39:17,BTCUSD_PERP,bid,60100,948.3
2024-08-22 09:39:17,BTCUSD_PERP,bid,60100,530.15
2024-08-22 09:39:17,BTCUSD_PERP,bid,60100,1007.88
2024-08-22 09:39:23,BTCUSD_PERP,bid,60100,1022.3
2024-08-22 09:40:22,BTCUSD_PERP,bid,60100,726.23
2024-08-22 09:40:22,BTCUSD_PERP,bid,60100,888.88
2024-08-22 09:40:22,BTCUSD_PERP,bid,60000,519.81
2024-08-22 09:41:17,BTCUSD_PERP,bid,60100,829.33
2024-08-22 09:41:17,BTCUSD_PERP,bid,60100,769.88
2024-08-22 09:41:17,BTCUSD_PERP,bid,60100,710.94
2024-08-22 09:41:17,BTCUSD_PERP,bid,60100,651.39
2024-08-22 09:41:18,BTCUSD_PERP,bid,60100,592.45
2024-08-22 09:41:18,BTCUSD_PERP,bid,60100,532.9
2024-08-22 09:41:18,BTCUSD_PERP,bid,60100,592.61
2024-08-22 09:41:19,BTCUSD_PERP,bid,60100,711.03
2024-08-22 09:41:19,BTCUSD_PERP,bid,60100,769.94
2024-08-22 09:41:19,BTCUSD_PERP,bid,60000,519.59
2024-08-22 09:41:19,BTCUSD_PERP,bid,60100,888.36
2024-08-22 09:41:24,BTCUSD_PERP,bid,60100,902.76
2024-08-22 09:41:24,BTCUSD_PERP,bid,60100,904.92
2024-08-22 09:41:57,BTCUSD_PERP,bid,60100,902.76
2024-08-22 09:42:21,BTCUSD_PERP,bid,60100,843.85
2024-08-22 09:42:21,BTCUSD_PERP,bid,60000,769.55
2024-08-22 09:42:21,BTCUSD_PERP,bid,60000,887.91
2024-08-22 09:42:21,BTCUSD_PERP,bid,60000,519.29
2024-08-22 09:42:54,BTCUSD_PERP,bid,60000,768.49
2024-08-22 09:43:27,BTCUSD_PERP,bid,60000,886.85
2024-08-22 09:43:29,BTCUSD_PERP,bid,60000,768.03
2024-08-22 09:43:29,BTCUSD_PERP,bid,59900,650.04
2024-08-22 09:43:29,BTCUSD_PERP,bid,59900,826.97
2024-08-22 09:43:31,BTCUSD_PERP,bid,59900,709.43
2024-08-22 09:43:31,BTCUSD_PERP,bid,59900,650.65
2024-08-22 09:43:31,BTCUSD_PERP,bid,59900,591.27
2024-08-22 09:43:31,BTCUSD_PERP,bid,59900,531.89
2024-08-22 09:43:32,BTCUSD_PERP,bid,60000,590.46
2024-08-22 09:43:32,BTCUSD_PERP,bid,60000,649.87
2024-08-22 09:43:33,BTCUSD_PERP,bid,60000,709.28
2024-08-22 09:43:33,BTCUSD_PERP,bid,60000,768.59
2024-08-22 09:43:33,BTCUSD_PERP,bid,60000,827.4
2024-08-22 09:43:54,BTCUSD_PERP,bid,60000,709.18
2024-08-22 09:43:55,BTCUSD_PERP,bid,60000,650.38
2024-08-22 09:43:55,BTCUSD_PERP,bid,60000,591.57
2024-08-22 09:43:56,BTCUSD_PERP,bid,60000,532.16
2024-08-22 09:43:56,BTCUSD_PERP,bid,60000,531.96
2024-08-22 09:43:56,BTCUSD_PERP,bid,60000,709.68
2024-08-22 09:43:56,BTCUSD_PERP,bid,60000,827.87
2024-08-22 09:43:56,BTCUSD_PERP,bid,60000,887.31
2024-08-22 09:45:10,BTCUSD_PERP,bid,44000,1137.6
2024-08-22 09:45:43,BTCUSD_PERP,bid,60000,591.7
2024-08-22 09:45:43,BTCUSD_PERP,bid,60000,828.05
2024-08-22 09:49:07,BTCUSD_PERP,bid,59600,597.44
2024-08-22 09:49:10,BTCUSD_PERP,bid,59600,538.38
2024-08-22 09:50:36,BTCUSD_PERP,bid,59700,530.76
2024-08-22 09:50:37,BTCUSD_PERP,bid,59700,589.27
2024-08-22 09:50:42,BTCUSD_PERP,bid,59700,530.15
2024-08-22 09:51:28,BTCUSD_PERP,bid,59600,527.63
2024-08-22 09:52:07,BTCUSD_PERP,bid,59400,528.63
2024-08-22 09:52:10,BTCUSD_PERP,bid,59400,528.38
2024-08-22 09:53:39,BTCUSD_PERP,bid,59400,526.8
2024-08-22 09:53:51,BTCUSD_PERP,bid,59400,527.74
2024-08-22 09:54:03,BTCUSD_PERP,bid,59300,936.78
2024-08-22 09:54:03,BTCUSD_PERP,bid,59300,995.56
2024-08-22 09:54:03,BTCUSD_PERP,bid,59300,513.3
2024-08-22 09:54:16,BTCUSD_PERP,bid,59300,937.38
2024-08-22 09:54:21,BTCUSD_PERP,bid,59300,528.6
2024-08-22 09:54:28,BTCUSD_PERP,bid,59300,527.22
2024-08-22 09:54:28,BTCUSD_PERP,bid,59300,585.4
2024-08-22 09:54:33,BTCUSD_PERP,bid,59300,527.22
2024-08-22 09:54:34,BTCUSD_PERP,bid,59400,527.49
2024-08-22 09:54:39,BTCUSD_PERP,bid,59400,644.25
2024-08-22 09:54:39,BTCUSD_PERP,bid,59400,703.1
2024-08-22 09:55:12,BTCUSD_PERP,bid,59400,644.85
2024-08-22 09:55:12,BTCUSD_PERP,bid,59400,528.35
2024-08-22 09:55:53,BTCUSD_PERP,bid,59400,527.86
2024-08-22 09:55:53,BTCUSD_PERP,bid,59400,586.72
2024-08-22 09:56:08,BTCUSD_PERP,bid,59400,527.86
2024-08-22 09:56:25,BTCUSD_PERP,bid,59600,530.13
2024-08-22 10:03:44,BTCUSD_PERP,bid,59600,528.69
2024-08-22 10:05:59,BTCUSD_PERP,bid,59700,538.08
2024-08-22 10:06:00,BTCUSD_PERP,bid,59700,597.22
2024-08-22 10:06:07,BTCUSD_PERP,bid,59700,528.86
2024-08-22 10:08:11,BTCUSD_PERP,bid,59800,590.95
2024-08-22 10:08:11,BTCUSD_PERP,bid,59800,650.17
2024-08-22 10:08:12,BTCUSD_PERP,bid,59800,708.79
2024-08-22 10:08:12,BTCUSD_PERP,bid,59800,768.01
2024-08-22 10:08:12,BTCUSD_PERP,bid,59800,944.47
2024-08-22 10:08:12,BTCUSD_PERP,bid,59700,585.69
2024-08-22 10:08:12,BTCUSD_PERP,bid,59800,1003.09
2024-08-22 10:08:12,BTCUSD_PERP,bid,59800,1062.31
2024-08-22 10:08:18,BTCUSD_PERP,bid,59800,1062.27
2024-08-22 10:09:13,BTCUSD_PERP,bid,59800,1003.05
2024-08-22 10:09:13,BTCUSD_PERP,bid,59700,526.53
2024-08-22 10:09:13,BTCUSD_PERP,bid,59800,885.3
2024-08-22 10:09:13,BTCUSD_PERP,bid,59800,826.08
2024-08-22 10:09:14,BTCUSD_PERP,bid,59800,767.46
2024-08-22 10:09:14,BTCUSD_PERP,bid,59800,591.0
2024-08-22 10:09:14,BTCUSD_PERP,bid,59800,531.78
2024-08-22 10:09:14,BTCUSD_PERP,bid,59700,530.14
2024-08-22 10:09:14,BTCUSD_PERP,bid,59700,589.32
2024-08-22 10:09:14,BTCUSD_PERP,bid,59700,647.9
2024-08-22 10:09:14,BTCUSD_PERP,bid,59700,706.48
2024-08-22 10:09:14,BTCUSD_PERP,bid,59700,765.66
2024-08-22 10:09:15,BTCUSD_PERP,bid,59700,575.44
2024-08-22 10:09:15,BTCUSD_PERP,bid,59700,884.02
2024-08-22 10:09:15,BTCUSD_PERP,bid,59700,943.2
2024-08-22 10:09:15,BTCUSD_PERP,bid,59700,1002.38
2024-08-22 10:09:15,BTCUSD_PERP,bid,59700,1061.56
2024-08-22 10:10:04,BTCUSD_PERP,bid,59700,1002.46
2024-08-22 10:10:04,BTCUSD_PERP,bid,59700,516.35
2024-08-22 10:10:04,BTCUSD_PERP,bid,59700,943.88
2024-08-22 10:10:04,BTCUSD_PERP,bid,59700,885.3
2024-08-22 10:10:05,BTCUSD_PERP,bid,59700,826.12
2024-08-22 10:10:05,BTCUSD_PERP,bid,59700,707.76
2024-08-22 10:10:05,BTCUSD_PERP,bid,59700,648.58
2024-08-22 10:10:05,BTCUSD_PERP,bid,59700,590.0
2024-08-22 10:10:06,BTCUSD_PERP,bid,59700,530.82
2024-08-22 10:10:06,BTCUSD_PERP,bid,59800,531.09
2024-08-22 10:10:06,BTCUSD_PERP,bid,59800,589.71
2024-08-22 10:10:06,BTCUSD_PERP,bid,59800,648.93
2024-08-22 10:10:06,BTCUSD_PERP,bid,59800,767.37
2024-08-22 10:10:07,BTCUSD_PERP,bid,59800,768.62
2024-08-22 10:10:39,BTCUSD_PERP,bid,59800,709.4
2024-08-22 10:10:40,BTCUSD_PERP,bid,59800,532.94
2024-08-22 10:10:41,BTCUSD_PERP,bid,59800,532.73
2024-08-22 10:10:41,BTCUSD_PERP,bid,59800,650.67
2024-08-22 10:10:41,BTCUSD_PERP,bid,59800,709.33
2024-08-22 10:10:41,BTCUSD_PERP,bid,59800,768.6
2024-08-22 10:10:50,BTCUSD_PERP,bid,59800,590.47
2024-08-22 10:12:15,BTCUSD_PERP,bid,59800,531.84
2024-08-22 10:12:57,BTCUSD_PERP,bid,59800,530.67
2024-08-22 10:12:57,BTCUSD_PERP,bid,59800,589.3
2024-08-22 10:12:57,BTCUSD_PERP,bid,59800,648.53
2024-08-22 10:13:08,BTCUSD_PERP,bid,59800,589.9
2024-08-22 10:15:24,BTCUSD_PERP,bid,59900,541.88
2024-08-22 10:15:24,BTCUSD_PERP,bid,59900,600.59
2024-08-22 10:15:24,BTCUSD_PERP,bid,59900,659.9
2024-08-22 10:15:24,BTCUSD_PERP,bid,59900,719.21
2024-08-22 10:15:24,BTCUSD_PERP,bid,59900,777.92
2024-08-22 10:15:27,BTCUSD_PERP,bid,59900,718.7
2024-08-22 10:15:27,BTCUSD_PERP,bid,59800,708.87
2024-08-22 10:16:31,BTCUSD_PERP,bid,59900,777.92
2024-08-22 10:17:14,BTCUSD_PERP,bid,59900,719.21
2024-08-22 10:17:15,BTCUSD_PERP,bid,59800,590.52
2024-08-22 10:17:15,BTCUSD_PERP,bid,59800,709.08
2024-08-22 10:17:15,BTCUSD_PERP,bid,59800,767.76
2024-08-22 10:17:21,BTCUSD_PERP,bid,59800,590.01
2024-08-22 10:18:55,BTCUSD_PERP,bid,59800,649.95
2024-08-22 10:19:03,BTCUSD_PERP,bid,59800,708.61
2024-08-22 10:19:13,BTCUSD_PERP,bid,59800,530.83
2024-08-22 10:19:13,BTCUSD_PERP,bid,59800,590.39
2024-08-22 10:20:22,BTCUSD_PERP,bid,59700,530.87
2024-08-22 10:20:31,BTCUSD_PERP,bid,59800,708.23
2024-08-22 10:20:31,BTCUSD_PERP,bid,59700,516.65
2024-08-22 10:20:41,BTCUSD_PERP,bid,59800,590.38
2024-08-22 10:22:36,BTCUSD_PERP,bid,59800,530.67
2024-08-22 10:30:34,BTCUSD_PERP,bid,59900,531.35
2024-08-22 10:33:01,BTCUSD_PERP,bid,59800,531.08
2024-08-22 10:33:41,BTCUSD_PERP,bid,59800,530.77
2024-08-22 10:36:09,BTCUSD_PERP,bid,59800,530.25
2024-08-22 10:41:34,BTCUSD_PERP,ask,2860000,214.65
2024-08-22 10:42:16,BTCUSD_PERP,bid,59800,531.62
2024-08-22 10:43:01,BTCUSD_PERP,bid,59900,541.35
2024-08-22 10:43:01,BTCUSD_PERP,bid,59900,600.67
2024-08-22 10:43:18,BTCUSD_PERP,bid,59900,541.95
2024-08-22 10:43:20,BTCUSD_PERP,bid,59900,531.66
2024-08-22 10:43:21,BTCUSD_PERP,bid,59900,591.01
2024-08-22 10:44:14,BTCUSD_PERP,bid,44000,1127.6
2024-08-22 10:55:10,BTCUSD_PERP,bid,60000,532.47
2024-08-22 10:55:11,BTCUSD_PERP,bid,60000,591.9
2024-08-22 10:55:11,BTCUSD_PERP,bid,60000,650.73
2024-08-22 10:55:11,BTCUSD_PERP,bid,60000,709.56
2024-08-22 10:55:12,BTCUSD_PERP,bid,60000,723.94
2024-08-22 10:55:14,BTCUSD_PERP,bid,60000,725.19
2024-08-22 10:55:15,BTCUSD_PERP,bid,60000,727.34
2024-08-22 10:55:29,BTCUSD_PERP,bid,60000,608.48
2024-08-22 10:55:29,BTCUSD_PERP,bid,60000,549.05
2024-08-22 10:55:30,BTCUSD_PERP,bid,60000,543.91
2024-08-22 10:55:30,BTCUSD_PERP,bid,60000,662.24
2024-08-22 10:55:31,BTCUSD_PERP,bid,60000,721.1
2024-08-22 10:55:31,BTCUSD_PERP,bid,60000,779.96
2024-08-22 10:55:31,BTCUSD_PERP,bid,60000,839.43
2024-08-22 10:55:31,BTCUSD_PERP,bid,60000,898.29
2024-08-22 10:55:46,BTCUSD_PERP,bid,60000,838.82
2024-08-22 10:55:46,BTCUSD_PERP,bid,60000,779.35
2024-08-22 10:55:47,BTCUSD_PERP,bid,60000,661.02
2024-08-22 10:55:47,BTCUSD_PERP,bid,60000,601.55
2024-08-22 10:55:47,BTCUSD_PERP,bid,60000,542.08
2024-08-22 10:55:51,BTCUSD_PERP,bid,60100,545.22
2024-08-22 10:55:51,BTCUSD_PERP,bid,60100,737.38
2024-08-22 10:55:51,BTCUSD_PERP,bid,60100,796.31
2024-08-22 10:55:51,BTCUSD_PERP,bid,60100,855.23
2024-08-22 10:56:07,BTCUSD_PERP,bid,60100,499.26
2024-08-22 10:56:07,BTCUSD_PERP,bid,60100,710.84
2024-08-22 10:56:07,BTCUSD_PERP,bid,60100,770.34
2024-08-22 11:06:05,BTCUSD_PERP,bid,60000,592.88
2024-08-22 11:06:05,BTCUSD_PERP,bid,60000,651.69
2024-08-22 11:06:05,BTCUSD_PERP,bid,60000,710.51
2024-08-22 11:06:05,BTCUSD_PERP,bid,60000,769.93
2024-08-22 11:07:21,BTCUSD_PERP,bid,60000,710.51
2024-08-22 11:07:21,BTCUSD_PERP,bid,60000,532.86
2024-08-22 11:07:21,BTCUSD_PERP,bid,59900,591.98
2024-08-22 11:07:21,BTCUSD_PERP,bid,59900,710.15
2024-08-22 11:10:01,BTCUSD_PERP,bid,60000,591.67
2024-08-22 11:10:01,BTCUSD_PERP,bid,60000,651.09
2024-08-22 11:10:01,BTCUSD_PERP,bid,60000,710.51
2024-08-22 11:10:29,BTCUSD_PERP,bid,60000,651.09
2024-08-22 11:10:29,BTCUSD_PERP,bid,60000,592.27
2024-08-22 11:10:30,BTCUSD_PERP,bid,60000,542.69
2024-08-22 11:10:30,BTCUSD_PERP,bid,60000,661.59
2024-08-22 11:10:30,BTCUSD_PERP,bid,60000,720.95
2024-08-22 11:10:30,BTCUSD_PERP,bid,60000,780.4
2024-08-22 11:10:30,BTCUSD_PERP,bid,60000,898.7
2024-08-22 11:10:30,BTCUSD_PERP,bid,60000,957.55
2024-08-22 11:10:30,BTCUSD_PERP,bid,60000,1017.0
2024-08-22 11:11:48,BTCUSD_PERP,bid,60000,721.04
2024-08-22 11:11:48,BTCUSD_PERP,bid,60000,888.15
2024-08-22 11:13:40,BTCUSD_PERP,bid,60000,651.08
2024-08-22 11:13:40,BTCUSD_PERP,bid,60000,710.9
2024-08-22 11:13:41,BTCUSD_PERP,bid,60000,770.35
2024-08-22 11:14:27,BTCUSD_PERP,bid,60000,711.5
2024-08-22 11:14:27,BTCUSD_PERP,bid,60000,652.05
2024-08-22 11:14:27,BTCUSD_PERP,bid,60000,651.71
2024-08-22 11:14:27,BTCUSD_PERP,bid,60000,711.13
2024-08-22 11:15:56,BTCUSD_PERP,bid,60000,651.71
2024-08-22 11:15:56,BTCUSD_PERP,bid,60000,592.29
2024-08-22 11:15:56,BTCUSD_PERP,bid,60000,532.97
2024-08-22 11:15:57,BTCUSD_PERP,bid,59900,651.41
2024-08-22 11:15:57,BTCUSD_PERP,bid,59900,710.8
2024-08-22 11:16:14,BTCUSD_PERP,bid,59900,651.41
2024-08-22 11:16:15,BTCUSD_PERP,bid,59900,533.23
2024-08-22 11:26:37,BTCUSD_PERP,bid,60100,531.7
2024-08-22 11:27:05,BTCUSD_PERP,bid,60100,531.41
2024-08-22 11:29:47,BTCUSD_PERP,bid,60100,533.34
2024-08-22 11:29:47,BTCUSD_PERP,bid,60100,592.86
2024-08-22 11:29:47,BTCUSD_PERP,bid,60100,770.82
2024-08-22 11:29:47,BTCUSD_PERP,bid,60100,830.34
2024-08-22 11:30:59,BTCUSD_PERP,bid,60100,771.42
2024-08-22 11:31:00,BTCUSD_PERP,bid,60100,593.46
2024-08-22 11:31:00,BTCUSD_PERP,bid,60100,1067.61
2024-08-22 11:31:00,BTCUSD_PERP,bid,60100,1127.16
2024-08-22 11:31:02,BTCUSD_PERP,bid,60100,1127.2
2024-08-22 11:33:21,BTCUSD_PERP,bid,60100,948.55
2024-08-22 11:33:21,BTCUSD_PERP,bid,60100,889.0
2024-08-22 11:33:21,BTCUSD_PERP,bid,60100,770.5
2024-08-22 11:33:21,BTCUSD_PERP,bid,60100,711.55
2024-08-22 11:33:21,BTCUSD_PERP,bid,60100,652.0
2024-08-22 11:33:21,BTCUSD_PERP,bid,60100,592.45
2024-08-22 11:34:26,BTCUSD_PERP,ask,64500,1615.38
2024-08-22 11:35:07,BTCUSD_PERP,bid,60100,533.93
2024-08-22 11:36:20,BTCUSD_PERP,bid,60100,533.66
2024-08-22 11:38:16,BTCUSD_PERP,bid,60100,533.7
2024-08-22 11:38:22,BTCUSD_PERP,bid,60100,533.94
2024-08-22 11:38:22,BTCUSD_PERP,bid,60100,592.87
2024-08-22 11:38:28,BTCUSD_PERP,bid,60100,534.21
2024-08-22 11:38:28,BTCUSD_PERP,bid,60100,593.78
2024-08-22 11:38:28,BTCUSD_PERP,bid,60100,712.31
2024-08-22 11:38:28,BTCUSD_PERP,bid,60100,771.27
2024-08-22 11:38:50,BTCUSD_PERP,bid,60100,652.41
2024-08-22 11:38:50,BTCUSD_PERP,bid,60100,711.95
2024-08-22 11:39:46,BTCUSD_PERP,bid,60100,653.02
2024-08-22 11:39:47,BTCUSD_PERP,bid,60100,593.48
2024-08-22 11:39:47,BTCUSD_PERP,bid,60100,534.04
2024-08-22 11:39:47,BTCUSD_PERP,bid,60100,592.56
2024-08-22 11:39:47,BTCUSD_PERP,bid,60100,519.69
2024-08-22 11:39:47,BTCUSD_PERP,bid,60100,711.7
2024-08-22 11:39:47,BTCUSD_PERP,bid,60100,579.16
2024-08-22 11:39:47,BTCUSD_PERP,bid,60100,771.27
2024-08-22 11:42:26,BTCUSD_PERP,bid,60100,520.24
2024-08-22 11:42:26,BTCUSD_PERP,bid,60100,711.7
2024-08-22 11:42:26,BTCUSD_PERP,bid,60100,652.74
2024-08-22 11:42:27,BTCUSD_PERP,bid,60200,535.09
2024-08-22 11:42:27,BTCUSD_PERP,bid,60200,653.69
2024-08-22 11:42:27,BTCUSD_PERP,bid,60200,712.68
2024-08-22 11:42:27,BTCUSD_PERP,bid,60200,712.72
2024-08-22 11:42:27,BTCUSD_PERP,bid,60100,519.91
2024-08-22 11:42:27,BTCUSD_PERP,bid,60100,579.44
2024-08-22 11:46:02,BTCUSD_PERP,bid,60200,712.68
2024-08-22 11:49:19,BTCUSD_PERP,bid,60200,653.08
2024-08-22 11:49:20,BTCUSD_PERP,bid,60100,519.9
2024-08-22 11:49:21,BTCUSD_PERP,bid,60100,520.22
2024-08-22 11:49:21,BTCUSD_PERP,bid,60200,533.71
2024-08-22 11:49:27,BTCUSD_PERP,bid,60200,533.75
2024-08-22 11:49:44,BTCUSD_PERP,bid,60200,534.6
2024-08-22 11:49:44,BTCUSD_PERP,bid,60200,594.27
2024-08-22 11:52:44,BTCUSD_PERP,bid,60200,534.6
2024-08-22 12:21:30,BTCUSD_PERP,bid,60200,771.05
2024-08-22 12:21:30,BTCUSD_PERP,bid,60200,830.59
2024-08-22 12:23:06,BTCUSD_PERP,bid,60200,711.92
2024-08-22 12:23:06,BTCUSD_PERP,bid,60200,593.86
2024-08-22 12:23:06,BTCUSD_PERP,bid,60200,534.22
2024-08-22 12:23:06,BTCUSD_PERP,bid,60200,592.95
2024-08-22 12:23:07,BTCUSD_PERP,bid,60200,711.56
2024-08-22 12:23:07,BTCUSD_PERP,bid,60100,519.97
2024-08-22 12:23:07,BTCUSD_PERP,bid,60200,830.17
2024-08-22 12:23:10,BTCUSD_PERP,bid,60200,832.33
2024-08-22 12:23:11,BTCUSD_PERP,bid,60200,846.75
2024-08-22 12:24:21,BTCUSD_PERP,bid,60200,787.14
2024-08-22 12:24:22,BTCUSD_PERP,bid,60200,728.14
2024-08-22 12:24:22,BTCUSD_PERP,bid,60200,669.14
2024-08-22 12:24:22,BTCUSD_PERP,bid,60200,609.63
2024-08-22 12:24:22,BTCUSD_PERP,bid,60200,550.63
2024-08-22 12:24:23,BTCUSD_PERP,bid,60200,534.31
2024-08-22 12:24:23,BTCUSD_PERP,bid,60200,593.35
2024-08-22 12:24:23,BTCUSD_PERP,bid,60200,652.39
2024-08-22 12:24:24,BTCUSD_PERP,bid,60200,712.04
2024-08-22 12:24:30,BTCUSD_PERP,ask,61400,497.16
2024-08-22 12:24:30,BTCUSD_PERP,bid,60200,712.08
2024-08-22 12:24:32,BTCUSD_PERP,ask,61400,506.97
2024-08-22 12:24:33,BTCUSD_PERP,ask,61400,516.79
2024-08-22 12:25:24,BTCUSD_PERP,ask,61400,510.66
2024-08-22 12:25:25,BTCUSD_PERP,ask,61400,504.53
2024-08-22 12:25:26,BTCUSD_PERP,ask,61400,494.72
2024-08-22 12:28:02,BTCUSD_PERP,bid,60200,712.04
2024-08-22 12:28:33,BTCUSD_PERP,bid,44000,1127.23
2024-08-22 12:29:32,BTCUSD_PERP,bid,60200,712.29
2024-08-22 12:29:36,BTCUSD_PERP,bid,44000,1127.98
2024-08-22 12:30:46,BTCUSD_PERP,bid,60200,653.28
2024-08-22 12:30:46,BTCUSD_PERP,bid,60100,534.63
2024-08-22 12:30:46,BTCUSD_PERP,bid,60100,653.2
2024-08-22 12:32:47,BTCUSD_PERP,bid,60100,653.8
2024-08-22 12:32:58,BTCUSD_PERP,bid,60100,652.62
2024-08-22 12:33:34,BTCUSD_PERP,bid,60100,652.96
2024-08-22 12:33:41,BTCUSD_PERP,bid,60100,653.0
2024-08-22 12:34:06,BTCUSD_PERP,bid,60100,653.04
2024-08-22 12:34:14,BTCUSD_PERP,bid,60100,653.08
2024-08-22 12:34:52,BTCUSD_PERP,bid,60100,653.12
2024-08-22 12:35:04,BTCUSD_PERP,bid,60100,653.16
2024-08-22 12:37:02,BTCUSD_PERP,bid,60100,653.12
2024-08-22 12:37:30,BTCUSD_PERP,bid,60100,771.0
2024-08-22 12:37:30,BTCUSD_PERP,bid,60000,519.46
2024-08-22 12:37:30,BTCUSD_PERP,bid,60100,830.55
2024-08-22 12:38:22,BTCUSD_PERP,bid,60100,653.22
2024-08-22 12:38:22,BTCUSD_PERP,bid,60100,593.67
2024-08-22 12:38:23,BTCUSD_PERP,bid,60100,534.12
2024-08-22 12:38:23,BTCUSD_PERP,bid,60100,664.86
2024-08-22 12:38:23,BTCUSD_PERP,bid,60100,724.44
2024-08-22 12:38:24,BTCUSD_PERP,bid,60100,784.02
2024-08-22 12:38:24,BTCUSD_PERP,bid,60100,902.57
2024-08-22 12:38:36,BTCUSD_PERP,bid,60100,890.55
2024-08-22 12:40:27,BTCUSD_PERP,bid,60100,831.58
2024-08-22 12:40:27,BTCUSD_PERP,bid,60100,712.52
2024-08-22 12:40:27,BTCUSD_PERP,bid,60100,652.94
2024-08-22 12:40:28,BTCUSD_PERP,bid,60100,533.78
2024-08-22 12:40:28,BTCUSD_PERP,bid,60200,593.76
2024-08-22 12:40:28,BTCUSD_PERP,bid,60200,652.77
2024-08-22 12:40:29,BTCUSD_PERP,bid,60200,831.02
2024-08-22 12:40:50,BTCUSD_PERP,bid,60200,653.38
2024-08-22 12:40:50,BTCUSD_PERP,bid,60100,592.85
2024-08-22 12:40:50,BTCUSD_PERP,bid,60100,711.42
2024-08-22 12:40:50,BTCUSD_PERP,bid,60100,771.01
2024-08-22 12:41:58,BTCUSD_PERP,bid,60100,711.42
2024-08-22 12:43:55,BTCUSD_PERP,bid,60100,592.85
2024-08-22 12:43:55,BTCUSD_PERP,bid,60100,770.39
2024-08-22 12:43:55,BTCUSD_PERP,bid,60100,829.33
2024-08-22 12:43:55,BTCUSD_PERP,bid,60100,888.88
2024-08-22 12:45:10,BTCUSD_PERP,bid,60100,829.94
2024-08-22 12:45:10,BTCUSD_PERP,bid,60100,712.06
2024-08-22 12:45:11,BTCUSD_PERP,bid,60100,593.57
2024-08-22 12:45:11,BTCUSD_PERP,bid,60100,534.02
2024-08-22 12:45:11,BTCUSD_PERP,bid,60100,533.68
2024-08-22 12:45:11,BTCUSD_PERP,bid,60100,593.26
2024-08-22 12:47:40,BTCUSD_PERP,bid,60100,534.02
2024-08-22 12:47:40,BTCUSD_PERP,bid,60100,771.0
2024-08-22 12:53:16,BTCUSD_PERP,bid,60100,652.51
2024-08-22 12:53:16,BTCUSD_PERP,bid,60100,534.29
2024-08-22 12:53:17,BTCUSD_PERP,bid,60100,593.26
2024-08-22 12:53:17,BTCUSD_PERP,bid,60100,652.84
2024-08-22 12:53:17,BTCUSD_PERP,bid,60100,711.81
2024-08-22 12:53:17,BTCUSD_PERP,bid,60100,771.39
2024-08-22 12:55:22,BTCUSD_PERP,ask,2960000,222.16
2024-08-22 12:58:57,BTCUSD_PERP,ask,61400,499.58
2024-08-22 12:58:57,BTCUSD_PERP,bid,60100,711.81
2024-08-22 12:58:57,BTCUSD_PERP,bid,60100,652.23
2024-08-22 12:58:57,BTCUSD_PERP,bid,60100,533.68
2024-08-22 12:58:58,BTCUSD_PERP,bid,60200,532.89
2024-08-22 12:58:58,BTCUSD_PERP,bid,60200,652.02
2024-08-22 12:59:17,BTCUSD_PERP,ask,61400,490.39
2024-08-22 12:59:23,BTCUSD_PERP,bid,60200,652.06
2024-08-22 12:59:41,BTCUSD_PERP,bid,60200,652.1
2024-08-22 13:00:18,BTCUSD_PERP,bid,60200,592.58
2024-08-22 13:00:18,BTCUSD_PERP,bid,60100,533.17
2024-08-22 13:01:35,BTCUSD_PERP,bid,60200,651.95
2024-08-22 13:04:01,BTCUSD_PERP,bid,60300,535.56
2024-08-22 13:06:03,BTCUSD_PERP,bid,60300,535.41
2024-08-22 13:06:03,BTCUSD_PERP,bid,60300,595.18
2024-08-22 13:06:36,BTCUSD_PERP,bid,60300,536.02
2024-08-22 13:07:26,BTCUSD_PERP,bid,60400,655.95
2024-08-22 13:07:26,BTCUSD_PERP,bid,60400,715.75
2024-08-22 13:07:41,BTCUSD_PERP,bid,60400,714.55
2024-08-22 13:07:45,BTCUSD_PERP,bid,60400,655.36
2024-08-22 13:07:46,BTCUSD_PERP,bid,60300,654.4
2024-08-22 13:07:46,BTCUSD_PERP,bid,60300,714.17
2024-08-22 13:08:21,BTCUSD_PERP,bid,60300,594.63
2024-08-22 13:08:22,BTCUSD_PERP,bid,60400,594.93
2024-08-22 13:08:23,BTCUSD_PERP,bid,60400,654.73
2024-08-22 13:08:23,BTCUSD_PERP,bid,60400,714.53
2024-08-22 13:08:25,BTCUSD_PERP,bid,60300,521.62
2024-08-22 13:09:54,BTCUSD_PERP,bid,60400,655.34
2024-08-22 13:09:54,BTCUSD_PERP,bid,60400,596.16
2024-08-22 13:09:55,BTCUSD_PERP,bid,60400,536.98
2024-08-22 13:09:56,BTCUSD_PERP,bid,60400,536.03
2024-08-22 13:09:56,BTCUSD_PERP,bid,60400,595.86
2024-08-22 13:09:56,BTCUSD_PERP,bid,60400,714.91
2024-08-22 13:11:08,BTCUSD_PERP,bid,60300,521.89
2024-08-22 13:12:39,BTCUSD_PERP,bid,60400,596.47
2024-08-22 13:12:39,BTCUSD_PERP,bid,60400,537.25
2024-08-22 13:12:39,BTCUSD_PERP,bid,60400,654.75
2024-08-22 13:12:40,BTCUSD_PERP,bid,60300,521.62
2024-08-22 13:12:40,BTCUSD_PERP,bid,60400,714.55
2024-08-22 13:19:52,BTCUSD_PERP,ask,61400,532.3
2024-08-22 13:20:07,BTCUSD_PERP,ask,61400,523.71
2024-08-22 13:20:10,BTCUSD_PERP,ask,61400,503.44
2024-08-22 13:21:27,BTCUSD_PERP,bid,60200,534.59
2024-08-22 13:21:27,BTCUSD_PERP,bid,60200,594.26
2024-08-22 13:23:43,BTCUSD_PERP,bid,60200,831.81
2024-08-22 13:23:45,BTCUSD_PERP,bid,60200,890.84
2024-08-22 13:23:51,BTCUSD_PERP,bid,60200,890.88
2024-08-22 13:27:16,BTCUSD_PERP,bid,60200,890.84
2024-08-22 13:27:48,BTCUSD_PERP,bid,60200,772.17
2024-08-22 13:30:29,BTCUSD_PERP,bid,60300,595.7
2024-08-22 13:30:29,BTCUSD_PERP,bid,60300,654.79
2024-08-22 13:30:29,BTCUSD_PERP,bid,60300,713.88
2024-08-22 13:30:29,BTCUSD_PERP,bid,60300,772.97
2024-08-22 13:30:30,BTCUSD_PERP,bid,60300,832.06
2024-08-22 13:30:30,BTCUSD_PERP,bid,60300,891.76
2024-08-22 13:31:46,BTCUSD_PERP,bid,60300,772.97
2024-08-22 13:31:46,BTCUSD_PERP,bid,60300,713.88
2024-08-22 13:31:47,BTCUSD_PERP,bid,60300,654.79
2024-08-22 13:31:47,BTCUSD_PERP,bid,60300,595.09
2024-08-22 13:31:47,BTCUSD_PERP,bid,60300,535.39
2024-08-22 13:31:48,BTCUSD_PERP,bid,60200,594.77
2024-08-22 13:31:48,BTCUSD_PERP,bid,60200,654.44
2024-08-22 13:31:48,BTCUSD_PERP,bid,60200,772.56
2024-08-22 13:33:05,BTCUSD_PERP,bid,60200,712.89
2024-08-22 13:33:05,BTCUSD_PERP,bid,60200,653.83
2024-08-22 13:33:06,BTCUSD_PERP,bid,60200,594.77
2024-08-22 13:33:06,BTCUSD_PERP,bid,60200,535.71
2024-08-22 13:33:06,BTCUSD_PERP,bid,60200,593.96
2024-08-22 13:33:07,BTCUSD_PERP,bid,60200,653.6
2024-08-22 13:33:07,BTCUSD_PERP,bid,60200,772.17
2024-08-22 13:33:07,BTCUSD_PERP,bid,60200,890.84
2024-08-22 13:39:42,BTCUSD_PERP,bid,60200,831.2
2024-08-22 13:39:48,BTCUSD_PERP,bid,60200,771.66
2024-08-22 13:39:59,BTCUSD_PERP,bid,60200,712.02
2024-08-22 13:46:14,BTCUSD_PERP,bid,60200,652.99
2024-08-22 13:46:14,BTCUSD_PERP,bid,60200,593.96
2024-08-22 13:46:14,BTCUSD_PERP,bid,60200,534.93
2024-08-22 13:46:15,BTCUSD_PERP,bid,60200,535.9
2024-08-22 13:46:16,BTCUSD_PERP,bid,60200,594.97
2024-08-22 13:46:16,BTCUSD_PERP,bid,60200,654.65
2024-08-22 13:47:50,BTCUSD_PERP,bid,60200,594.97
2024-08-22 13:47:50,BTCUSD_PERP,bid,60200,535.29
2024-08-22 14:06:50,BTCUSD_PERP,bid,60200,520.65
2024-08-22 14:08:20,BTCUSD_PERP,bid,60200,540.54
2024-08-22 14:09:22,BTCUSD_PERP,bid,60100,520.12
2024-08-22 14:10:56,BTCUSD_PERP,bid,47000,2452.16
2024-08-22 14:38:31,BTCUSD_PERP,bid,60300,536.68
2024-08-22 14:43:30,BTCUSD_PERP,bid,60300,536.97
2024-08-22 14:46:28,BTCUSD_PERP,bid,60300,537.01
2024-08-22 14:48:45,BTCUSD_PERP,bid,60300,537.32
2024-08-22 14:49:40,BTCUSD_PERP,bid,60400,536.96
2024-08-22 14:49:55,BTCUSD_PERP,bid,60400,537.0
2024-08-22 14:51:51,BTCUSD_PERP,bid,60300,893.45
2024-08-22 14:51:52,BTCUSD_PERP,bid,60300,953.22
2024-08-22 14:53:40,BTCUSD_PERP,bid,60300,893.45
2024-08-22 14:53:41,BTCUSD_PERP,bid,60300,714.74
2024-08-22 14:53:41,BTCUSD_PERP,bid,60300,595.8
2024-08-22 14:53:41,BTCUSD_PERP,bid,60400,535.85
2024-08-22 14:53:41,BTCUSD_PERP,bid,60400,595.66
2024-08-22 14:53:41,BTCUSD_PERP,bid,60400,715.28
2024-08-22 14:53:41,BTCUSD_PERP,bid,60400,774.98
2024-08-22 14:53:41,BTCUSD_PERP,bid,60400,894.6
2024-08-22 14:53:42,BTCUSD_PERP,bid,60400,1013.0
2024-08-22 14:53:42,BTCUSD_PERP,bid,60300,536.64
2024-08-22 14:53:42,BTCUSD_PERP,bid,60400,1132.01
2024-08-22 14:53:42,BTCUSD_PERP,bid,60300,581.45
2024-08-22 14:55:13,BTCUSD_PERP,bid,60400,1072.2
2024-08-22 14:55:13,BTCUSD_PERP,bid,60400,1013.0
2024-08-22 14:55:13,BTCUSD_PERP,bid,60400,834.79
2024-08-22 14:55:13,BTCUSD_PERP,bid,60400,774.98
2024-08-22 14:55:13,BTCUSD_PERP,bid,60400,715.17
2024-08-22 14:55:14,BTCUSD_PERP,bid,60400,655.93
2024-08-22 14:55:14,BTCUSD_PERP,bid,60400,715.78
2024-08-22 14:55:14,BTCUSD_PERP,bid,60400,775.53
2024-08-22 14:55:15,BTCUSD_PERP,bid,60400,894.02
2024-08-22 14:55:15,BTCUSD_PERP,bid,60400,522.08
2024-08-22 14:55:15,BTCUSD_PERP,bid,60400,953.87
2024-08-22 14:55:15,BTCUSD_PERP,bid,60400,1132.2
2024-08-22 14:55:15,BTCUSD_PERP,bid,60400,581.86
2024-08-22 14:55:15,BTCUSD_PERP,bid,60400,1192.05
2024-08-22 14:55:16,BTCUSD_PERP,bid,60400,1194.22
2024-08-22 14:55:16,BTCUSD_PERP,bid,60400,1195.48
2024-08-22 14:55:17,BTCUSD_PERP,bid,60400,1209.96
2024-08-22 14:56:02,BTCUSD_PERP,bid,60900,605.88
2024-08-22 14:56:02,BTCUSD_PERP,bid,60900,604.36
2024-08-22 14:56:02,BTCUSD_PERP,bid,60900,603.56
2024-08-22 14:56:08,BTCUSD_PERP,bid,60900,603.94
2024-08-22 14:56:08,BTCUSD_PERP,bid,60900,603.56
2024-08-22 14:56:12,BTCUSD_PERP,bid,60900,603.31
2024-08-22 14:56:19,BTCUSD_PERP,bid,60900,603.69
2024-08-22 14:56:20,BTCUSD_PERP,bid,60400,972.48
2024-08-22 14:56:20,BTCUSD_PERP,bid,60400,522.67
2024-08-22 14:56:21,BTCUSD_PERP,bid,60400,851.52
2024-08-22 14:56:21,BTCUSD_PERP,bid,60400,792.27
2024-08-22 14:56:21,BTCUSD_PERP,bid,60400,732.42
2024-08-22 14:56:21,BTCUSD_PERP,bid,60400,672.57
2024-08-22 14:56:21,BTCUSD_PERP,bid,60400,550.7
2024-08-22 14:56:41,BTCUSD_PERP,bid,60500,536.35
2024-08-22 14:56:41,BTCUSD_PERP,bid,60500,596.3
2024-08-22 14:56:54,BTCUSD_PERP,bid,60600,538.62
2024-08-22 14:57:07,BTCUSD_PERP,bid,60500,537.81
2024-08-22 14:57:07,BTCUSD_PERP,bid,60500,597.77
2024-08-22 14:57:15,BTCUSD_PERP,bid,60900,603.92
2024-08-22 14:57:15,BTCUSD_PERP,bid,60900,604.53
2024-08-22 14:57:16,BTCUSD_PERP,bid,60900,603.92
2024-08-22 14:57:24,BTCUSD_PERP,bid,60900,604.53
2024-08-22 14:57:30,BTCUSD_PERP,bid,60900,603.81
2024-08-22 14:57:30,BTCUSD_PERP,bid,60900,604.06
2024-08-22 14:57:30,BTCUSD_PERP,bid,60900,603.31
2024-08-22 14:58:38,BTCUSD_PERP,bid,60400,606.42
2024-08-22 14:58:38,BTCUSD_PERP,bid,60400,666.31
2024-08-22 14:58:42,BTCUSD_PERP,bid,60900,604.06
2024-08-22 14:58:43,BTCUSD_PERP,bid,60900,603.31
2024-08-22 14:58:45,BTCUSD_PERP,bid,60900,609.4
2024-08-22 14:58:49,BTCUSD_PERP,bid,60900,610.15
2024-08-22 14:58:50,BTCUSD_PERP,bid,60900,609.4
2024-08-22 14:58:53,BTCUSD_PERP,bid,60900,609.7
2024-08-22 15:00:07,BTCUSD_PERP,bid,60900,612.5
2024-08-22 15:00:12,BTCUSD_PERP,bid,60900,609.7
2024-08-22 15:00:56,BTCUSD_PERP,bid,60400,666.35
2024-08-22 15:00:57,BTCUSD_PERP,bid,60400,666.39
2024-08-22 15:01:46,BTCUSD_PERP,bid,60400,607.11
2024-08-22 15:02:11,BTCUSD_PERP,bid,60900,629.65
2024-08-22 15:02:11,BTCUSD_PERP,bid,60900,609.7
2024-08-22 15:02:18,BTCUSD_PERP,bid,60500,596.51
2024-08-22 15:02:18,BTCUSD_PERP,bid,60500,656.4
2024-08-22 15:03:26,BTCUSD_PERP,bid,60900,609.7
2024-08-22 15:03:27,BTCUSD_PERP,bid,60900,609.7
2024-08-22 15:03:33,BTCUSD_PERP,bid,60900,609.7
2024-08-22 15:03:35,BTCUSD_PERP,bid,60900,609.95
2024-08-22 15:03:35,BTCUSD_PERP,bid,60900,610.45
2024-08-22 15:03:35,BTCUSD_PERP,bid,60900,609.7
2024-08-22 15:03:35,BTCUSD_PERP,bid,60900,609.95
2024-08-22 15:03:35,BTCUSD_PERP,bid,60900,609.7
2024-08-22 15:03:35,BTCUSD_PERP,bid,60900,609.7
2024-08-22 15:03:35,BTCUSD_PERP,bid,60900,609.7
2024-08-22 15:03:36,BTCUSD_PERP,bid,60900,609.7
2024-08-22 15:03:37,BTCUSD_PERP,bid,60900,610.2
2024-08-22 15:03:37,BTCUSD_PERP,bid,60900,609.7
2024-08-22 15:03:38,BTCUSD_PERP,bid,60900,610.4
2024-08-22 15:03:43,BTCUSD_PERP,bid,60900,609.7
2024-08-22 15:03:45,BTCUSD_PERP,bid,60900,609.68
2024-08-22 15:03:45,BTCUSD_PERP,bid,60900,608.4
2024-08-22 15:03:45,BTCUSD_PERP,bid,60900,608.38
2024-08-22 15:03:45,BTCUSD_PERP,bid,60900,607.7
2024-08-22 15:03:45,BTCUSD_PERP,bid,60900,607.64
2024-08-22 15:03:46,BTCUSD_PERP,bid,60900,607.06
2024-08-22 15:03:46,BTCUSD_PERP,bid,60900,606.0
2024-08-22 15:03:46,BTCUSD_PERP,bid,60900,605.43
2024-08-22 15:03:47,BTCUSD_PERP,bid,60900,605.41
2024-08-22 15:03:47,BTCUSD_PERP,bid,60900,602.29
2024-08-22 15:03:47,BTCUSD_PERP,bid,60900,603.68
2024-08-22 15:03:47,BTCUSD_PERP,bid,60900,603.64
2024-08-22 15:03:48,BTCUSD_PERP,bid,60900,603.61
2024-08-22 15:03:48,BTCUSD_PERP,bid,60900,603.6
2024-08-22 15:03:48,BTCUSD_PERP,bid,60900,603.45
2024-08-22 15:03:48,BTCUSD_PERP,bid,60900,603.43
2024-08-22 15:03:49,BTCUSD_PERP,bid,60900,603.42
2024-08-22 15:03:49,BTCUSD_PERP,bid,60900,603.41
2024-08-22 15:03:49,BTCUSD_PERP,bid,60900,603.37
2024-08-22 15:03:50,BTCUSD_PERP,bid,60900,603.34
2024-08-22 15:03:50,BTCUSD_PERP,bid,60900,602.84
2024-08-22 15:03:50,BTCUSD_PERP,bid,60900,602.82
2024-08-22 15:03:51,BTCUSD_PERP,bid,60900,600.64
2024-08-22 15:03:51,BTCUSD_PERP,bid,60900,600.01
2024-08-22 15:03:51,BTCUSD_PERP,bid,60900,597.24
2024-08-22 15:03:52,BTCUSD_PERP,bid,60900,597.14
2024-08-22 15:03:52,BTCUSD_PERP,bid,60900,564.6
2024-08-22 15:03:52,BTCUSD_PERP,bid,60900,564.59
2024-08-22 15:03:52,BTCUSD_PERP,bid,60900,564.58
2024-08-22 15:03:52,BTCUSD_PERP,bid,60900,560.41
2024-08-22 15:03:52,BTCUSD_PERP,bid,60900,555.95
2024-08-22 15:03:53,BTCUSD_PERP,bid,60900,555.36
2024-08-22 15:03:53,BTCUSD_PERP,bid,60900,553.47
2024-08-22 15:03:53,BTCUSD_PERP,bid,60900,553.46
2024-08-22 15:03:53,BTCUSD_PERP,bid,60900,537.76
2024-08-22 15:03:54,BTCUSD_PERP,bid,60900,513.05
2024-08-22 15:03:54,BTCUSD_PERP,bid,60900,513.01
2024-08-22 15:03:54,BTCUSD_PERP,bid,60900,512.95
2024-08-22 15:03:54,BTCUSD_PERP,bid,60900,512.93
2024-08-22 15:03:54,BTCUSD_PERP,bid,60900,512.92
2024-08-22 15:03:54,BTCUSD_PERP,bid,60900,512.91
2024-08-22 15:03:54,BTCUSD_PERP,bid,60900,512.89
2024-08-22 15:03:54,BTCUSD_PERP,bid,60900,508.06
2024-08-22 15:03:55,BTCUSD_PERP,bid,60900,508.05
2024-08-22 15:03:55,BTCUSD_PERP,bid,60900,508.04
2024-08-22 15:03:55,BTCUSD_PERP,bid,60900,493.29
2024-08-22 15:03:55,BTCUSD_PERP,bid,60900,492.68
2024-08-22 15:03:56,BTCUSD_PERP,bid,60900,492.49
2024-08-22 15:03:56,BTCUSD_PERP,bid,60900,492.34
2024-08-22 15:03:56,BTCUSD_PERP,bid,60900,492.33
2024-08-22 15:04:31,BTCUSD_PERP,bid,60400,655.58
2024-08-22 15:10:11,BTCUSD_PERP,bid,60400,595.45
2024-08-22 15:12:03,BTCUSD_PERP,bid,60300,595.15
2024-08-22 15:13:19,BTCUSD_PERP,bid,60300,535.49
2024-08-22 15:13:20,BTCUSD_PERP,bid,60400,536.26
2024-08-22 15:13:21,BTCUSD_PERP,bid,60400,655.25
2024-08-22 15:13:56,BTCUSD_PERP,bid,60300,833.62
2024-08-22 15:13:56,BTCUSD_PERP,bid,60300,521.35
2024-08-22 15:14:43,BTCUSD_PERP,bid,60300,714.69
2024-08-22 15:14:43,BTCUSD_PERP,bid,60300,654.92
2024-08-22 15:14:43,BTCUSD_PERP,bid,60300,595.15
2024-08-22 15:14:43,BTCUSD_PERP,bid,60300,535.38
2024-08-22 15:14:44,BTCUSD_PERP,bid,60400,536.37
2024-08-22 15:14:44,BTCUSD_PERP,bid,60400,655.97
2024-08-22 15:14:44,BTCUSD_PERP,bid,60400,715.16
2024-08-22 15:14:44,BTCUSD_PERP,bid,60400,774.35
2024-08-22 15:14:44,BTCUSD_PERP,bid,60400,834.15
2024-08-22 15:14:44,BTCUSD_PERP,bid,60300,521.65
2024-08-22 15:14:45,BTCUSD_PERP,bid,60400,893.84
2024-08-22 15:14:45,BTCUSD_PERP,bid,60300,581.35
2024-08-22 15:15:25,BTCUSD_PERP,bid,60300,522.21
2024-08-22 15:15:25,BTCUSD_PERP,bid,60400,834.65
2024-08-22 15:15:25,BTCUSD_PERP,bid,60300,595.78
2024-08-22 15:15:25,BTCUSD_PERP,bid,60300,521.39
2024-08-22 15:15:25,BTCUSD_PERP,bid,60300,833.64
2024-08-22 15:15:25,BTCUSD_PERP,bid,60300,581.06
2024-08-22 15:15:25,BTCUSD_PERP,bid,60300,893.41
2024-08-22 15:17:01,BTCUSD_PERP,bid,60300,521.39
2024-08-22 15:17:01,BTCUSD_PERP,bid,60300,834.25
2024-08-22 15:17:02,BTCUSD_PERP,bid,60300,715.32
2024-08-22 15:17:02,BTCUSD_PERP,bid,60300,596.39
2024-08-22 15:19:02,BTCUSD_PERP,bid,60400,656.01
2024-08-22 15:19:02,BTCUSD_PERP,bid,60400,835.01
2024-08-22 15:19:02,BTCUSD_PERP,bid,60400,894.88
2024-08-22 15:22:27,BTCUSD_PERP,bid,60400,835.01
2024-08-22 15:22:27,BTCUSD_PERP,bid,60400,775.25
2024-08-22 15:22:27,BTCUSD_PERP,bid,60400,715.38
2024-08-22 15:22:27,BTCUSD_PERP,bid,60400,655.51
2024-08-22 15:22:27,BTCUSD_PERP,bid,60400,536.38
2024-08-22 15:25:50,BTCUSD_PERP,bid,60500,537.89
2024-08-22 15:25:51,BTCUSD_PERP,bid,60500,597.25
2024-08-22 15:25:51,BTCUSD_PERP,bid,60500,657.22
2024-08-22 15:25:51,BTCUSD_PERP,bid,60500,777.05
2024-08-22 15:25:51,BTCUSD_PERP,bid,60500,837.02
2024-08-22 15:27:09,BTCUSD_PERP,bid,60500,777.05
2024-08-22 15:27:09,BTCUSD_PERP,bid,60500,717.08
2024-08-22 15:27:09,BTCUSD_PERP,bid,60500,657.72
2024-08-22 15:27:10,BTCUSD_PERP,bid,60500,538.39
2024-08-22 15:27:10,BTCUSD_PERP,bid,60500,896.43
2024-08-22 15:27:46,BTCUSD_PERP,bid,60500,536.95
2024-08-22 15:27:46,BTCUSD_PERP,bid,60500,836.08
2024-08-22 15:27:46,BTCUSD_PERP,bid,60500,895.98
2024-08-22 15:30:09,BTCUSD_PERP,bid,60500,776.79
2024-08-22 15:30:10,BTCUSD_PERP,bid,60500,537.51
2024-08-22 15:30:10,BTCUSD_PERP,bid,60500,597.45
2024-08-22 15:30:10,BTCUSD_PERP,bid,60500,657.39
2024-08-22 15:30:10,BTCUSD_PERP,bid,60500,777.27
2024-08-22 15:30:10,BTCUSD_PERP,bid,60500,836.6
2024-08-22 15:30:11,BTCUSD_PERP,bid,60500,896.54
2024-08-22 15:30:30,BTCUSD_PERP,bid,60500,539.35
2024-08-22 15:30:30,BTCUSD_PERP,bid,60500,776.18
2024-08-22 15:30:31,BTCUSD_PERP,bid,60500,836.08
2024-08-22 15:30:31,BTCUSD_PERP,bid,60500,895.98
2024-08-22 15:33:11,BTCUSD_PERP,bid,60500,836.08
2024-08-22 15:33:11,BTCUSD_PERP,bid,60400,835.64
2024-08-22 15:33:11,BTCUSD_PERP,bid,60400,895.51
2024-08-22 15:33:52,BTCUSD_PERP,bid,60400,836.25
2024-08-22 15:33:52,BTCUSD_PERP,bid,60400,776.38
2024-08-22 15:33:52,BTCUSD_PERP,bid,60400,716.61
2024-08-22 15:33:52,BTCUSD_PERP,bid,60400,656.74
2024-08-22 15:33:52,BTCUSD_PERP,bid,60400,596.87
2024-08-22 15:33:53,BTCUSD_PERP,bid,60400,537.0
2024-08-22 15:33:54,BTCUSD_PERP,bid,60500,597.27
2024-08-22 15:33:54,BTCUSD_PERP,bid,60500,657.18
2024-08-22 15:33:54,BTCUSD_PERP,bid,60500,717.09
2024-08-22 15:34:27,BTCUSD_PERP,bid,60400,596.97
2024-08-22 15:34:27,BTCUSD_PERP,bid,60400,656.85
2024-08-22 15:36:48,BTCUSD_PERP,bid,60500,656.68
2024-08-22 15:36:49,BTCUSD_PERP,bid,60500,716.6
2024-08-22 15:36:53,BTCUSD_PERP,bid,60500,716.64
2024-08-22 15:38:48,BTCUSD_PERP,bid,60500,656.72
2024-08-22 15:38:48,BTCUSD_PERP,bid,60500,596.8
2024-08-22 15:38:49,BTCUSD_PERP,bid,60500,537.49
2024-08-22 15:38:50,BTCUSD_PERP,bid,60500,537.01
2024-08-22 15:38:50,BTCUSD_PERP,bid,60500,656.91
2024-08-22 15:40:40,BTCUSD_PERP,bid,60500,596.96
2024-08-22 15:40:42,BTCUSD_PERP,bid,60500,548.0
2024-08-22 15:40:42,BTCUSD_PERP,bid,60500,607.98
2024-08-22 15:40:42,BTCUSD_PERP,bid,60500,667.96
2024-08-22 15:40:47,BTCUSD_PERP,bid,60500,608.59
2024-08-22 15:40:47,BTCUSD_PERP,bid,60500,548.61
2024-08-22 15:41:07,BTCUSD_PERP,bid,60500,894.86
2024-08-22 15:41:07,BTCUSD_PERP,bid,60500,954.81
2024-08-22 15:41:08,BTCUSD_PERP,bid,60500,1014.76
2024-08-22 15:42:29,BTCUSD_PERP,bid,60500,955.42
2024-08-22 15:42:30,BTCUSD_PERP,bid,60500,894.9
2024-08-22 15:42:30,BTCUSD_PERP,bid,60500,1014.11
2024-08-22 15:42:30,BTCUSD_PERP,bid,60500,1074.02
2024-08-22 15:42:30,BTCUSD_PERP,bid,60500,1074.06
2024-08-22 15:42:31,BTCUSD_PERP,bid,60500,1074.1
2024-08-22 15:43:51,BTCUSD_PERP,bid,60500,954.89
2024-08-22 15:43:51,BTCUSD_PERP,bid,60400,954.33
2024-08-22 15:43:51,BTCUSD_PERP,bid,60400,1013.6
2024-08-22 15:43:51,BTCUSD_PERP,bid,60400,1073.48
2024-08-22 15:44:28,BTCUSD_PERP,bid,60400,835.18
2024-08-22 15:44:28,BTCUSD_PERP,bid,60400,893.41
2024-08-22 15:44:28,BTCUSD_PERP,bid,60400,953.26
2024-08-22 15:44:28,BTCUSD_PERP,bid,60400,1013.11
2024-08-22 15:46:42,BTCUSD_PERP,bid,60400,894.65
2024-08-22 15:46:42,BTCUSD_PERP,bid,60400,833.82
2024-08-22 15:46:42,BTCUSD_PERP,bid,60400,893.64
2024-08-22 15:46:42,BTCUSD_PERP,bid,60400,953.46
2024-08-22 15:47:09,BTCUSD_PERP,bid,60400,893.64
2024-08-22 15:47:09,BTCUSD_PERP,bid,60300,536.7
2024-08-22 15:47:09,BTCUSD_PERP,bid,60300,774.6
2024-08-22 15:47:10,BTCUSD_PERP,bid,60300,834.38
2024-08-22 15:54:05,BTCUSD_PERP,bid,47000,2452.1
2024-08-22 15:54:05,BTCUSD_PERP,ask,64500,1615.32
2024-08-22 15:55:49,BTCUSD_PERP,ask,61600,492.51
2024-08-22 16:02:00,BTCUSD_PERP,bid,42000,1062.33
2024-08-22 16:02:00,BTCUSD_PERP,bid,44000,1128.0
2024-08-22 16:02:00,BTCUSD_PERP,bid,47000,2452.12
2024-08-22 16:02:00,BTCUSD_PERP,ask,64500,1615.34
2024-08-22 16:04:09,BTCUSD_PERP,bid,44000,1128.02
2024-08-22 16:04:29,BTCUSD_PERP,bid,42000,1062.39
2024-08-22 16:08:46,BTCUSD_PERP,bid,60300,655.25
2024-08-22 16:08:46,BTCUSD_PERP,bid,60300,521.52
2024-08-22 16:08:46,BTCUSD_PERP,bid,60300,715.04
2024-08-22 16:09:45,BTCUSD_PERP,ask,61500,496.59
2024-08-22 16:09:55,BTCUSD_PERP,ask,61500,506.42
2024-08-22 16:09:56,BTCUSD_PERP,ask,61500,516.26
2024-08-22 16:09:58,BTCUSD_PERP,ask,61500,525.79
2024-08-22 16:10:18,BTCUSD_PERP,bid,60300,655.25
2024-08-22 16:10:18,BTCUSD_PERP,bid,60300,595.46
2024-08-22 16:10:19,BTCUSD_PERP,bid,60300,536.28
2024-08-22 16:43:19,BTCUSD_PERP,bid,60300,536.01
2024-08-22 16:43:19,BTCUSD_PERP,bid,60300,595.77
2024-08-22 16:44:06,BTCUSD_PERP,bid,60300,536.01
2024-08-22 16:44:07,BTCUSD_PERP,bid,60400,536.81
2024-08-22 16:44:07,BTCUSD_PERP,bid,60400,596.6
2024-08-22 16:44:07,BTCUSD_PERP,bid,60400,714.96
2024-08-22 16:44:07,BTCUSD_PERP,bid,60400,774.75
2024-08-22 16:46:41,BTCUSD_PERP,bid,60300,654.81
2024-08-22 16:46:41,BTCUSD_PERP,bid,60300,714.57
2024-08-22 16:48:19,BTCUSD_PERP,bid,60300,714.61
2024-08-22 16:50:33,BTCUSD_PERP,bid,60300,595.7
2024-08-22 16:50:33,BTCUSD_PERP,bid,60300,535.94
2024-08-22 16:50:34,BTCUSD_PERP,bid,60300,536.35
2024-08-22 16:50:34,BTCUSD_PERP,bid,60300,595.47
2024-08-22 16:50:35,BTCUSD_PERP,bid,60300,714.82
2024-08-22 16:50:39,BTCUSD_PERP,bid,60300,714.86
2024-08-22 16:52:32,BTCUSD_PERP,bid,60300,655.13
2024-08-22 16:52:32,BTCUSD_PERP,bid,60300,595.4
2024-08-22 16:52:32,BTCUSD_PERP,bid,60300,535.67
2024-08-22 16:54:19,BTCUSD_PERP,bid,60300,535.4
2024-08-22 16:54:20,BTCUSD_PERP,bid,60300,595.16
2024-08-22 16:59:06,BTCUSD_PERP,bid,60300,535.47
2024-08-22 17:01:13,BTCUSD_PERP,bid,60400,536.36
2024-08-22 17:01:13,BTCUSD_PERP,bid,60400,595.56
2024-08-22 17:01:13,BTCUSD_PERP,bid,60400,773.77
2024-08-22 17:01:13,BTCUSD_PERP,bid,60400,832.97
2024-08-22 17:01:14,BTCUSD_PERP,bid,60400,892.78
2024-08-22 17:01:19,BTCUSD_PERP,bid,60400,892.82
2024-08-22 17:01:31,BTCUSD_PERP,bid,60400,714.61
2024-08-22 17:01:31,BTCUSD_PERP,bid,60300,653.92
2024-08-22 17:01:31,BTCUSD_PERP,bid,60300,773.48
2024-08-22 17:01:31,BTCUSD_PERP,bid,60300,833.26
2024-08-22 17:05:09,BTCUSD_PERP,ask,61500,494.74
2024-08-22 17:05:52,BTCUSD_PERP,ask,61500,488.6
2024-08-22 17:05:54,BTCUSD_PERP,bid,60300,534.97
2024-08-22 17:10:26,BTCUSD_PERP,bid,60400,535.39
2024-08-22 17:14:33,BTCUSD_PERP,bid,60400,535.24
2024-08-22 17:15:55,BTCUSD_PERP,bid,60400,535.54
2024-08-22 17:15:56,BTCUSD_PERP,bid,60400,595.38
2024-08-22 17:15:56,BTCUSD_PERP,bid,60400,655.12
2024-08-22 17:15:56,BTCUSD_PERP,bid,60400,714.36
2024-08-22 17:15:56,BTCUSD_PERP,bid,60400,774.2
2024-08-22 17:19:25,BTCUSD_PERP,bid,60400,655.73
2024-08-22 17:19:25,BTCUSD_PERP,bid,60400,596.49
2024-08-22 17:19:25,BTCUSD_PERP,bid,60400,537.26
2024-08-22 17:20:15,BTCUSD_PERP,bid,60500,537.26
2024-08-22 17:28:59,BTCUSD_PERP,bid,60500,537.53
2024-08-22 17:29:00,BTCUSD_PERP,bid,60500,597.47
2024-08-22 17:29:00,BTCUSD_PERP,bid,60500,656.8
2024-08-22 17:29:42,BTCUSD_PERP,bid,60500,596.86
2024-08-22 17:29:42,BTCUSD_PERP,bid,60500,537.02
2024-08-22 17:30:42,BTCUSD_PERP,bid,60500,537.02
2024-08-22 17:31:26,BTCUSD_PERP,bid,60500,537.23
2024-08-22 17:31:26,BTCUSD_PERP,bid,60500,656.56
2024-08-22 17:31:26,BTCUSD_PERP,bid,60500,716.53
2024-08-22 17:31:27,BTCUSD_PERP,bid,60500,836.47
2024-08-22 17:31:27,BTCUSD_PERP,bid,60500,955.8
2024-08-22 17:31:38,BTCUSD_PERP,bid,60500,957.07
2024-08-22 17:31:46,BTCUSD_PERP,bid,60500,957.11
2024-08-22 17:32:01,BTCUSD_PERP,bid,60500,955.84
2024-08-22 17:33:20,BTCUSD_PERP,bid,60500,895.87
2024-08-22 17:33:20,BTCUSD_PERP,bid,60500,835.9
2024-08-22 17:33:20,BTCUSD_PERP,bid,60500,776.54
2024-08-22 17:33:20,BTCUSD_PERP,bid,60500,716.67
2024-08-22 17:33:21,BTCUSD_PERP,bid,60500,657.31
2024-08-22 17:33:21,BTCUSD_PERP,bid,60500,597.34
2024-08-22 17:40:22,BTCUSD_PERP,bid,60600,538.79
2024-08-22 17:40:22,BTCUSD_PERP,bid,60600,598.24
2024-08-22 17:40:22,BTCUSD_PERP,bid,60600,658.31
2024-08-22 17:40:22,BTCUSD_PERP,bid,60600,717.77
2024-08-22 17:40:22,BTCUSD_PERP,bid,60600,777.84
2024-08-22 17:40:49,BTCUSD_PERP,bid,60600,717.77
2024-08-22 17:40:49,BTCUSD_PERP,bid,60600,658.31
2024-08-22 17:40:49,BTCUSD_PERP,bid,60600,538.17
2024-08-22 17:43:17,BTCUSD_PERP,bid,60700,538.55
2024-08-22 17:44:58,BTCUSD_PERP,bid,60700,496.01
2024-08-22 17:45:56,BTCUSD_PERP,bid,60700,538.55
2024-08-22 17:46:07,BTCUSD_PERP,bid,42000,1066.59
2024-08-22 17:48:13,BTCUSD_PERP,bid,60700,539.06
2024-08-22 17:48:13,BTCUSD_PERP,bid,60700,599.12
2024-08-22 17:51:03,BTCUSD_PERP,bid,60700,538.96
2024-08-22 17:52:05,BTCUSD_PERP,bid,60700,540.02
2024-08-22 17:52:53,BTCUSD_PERP,bid,60700,600.5
2024-08-22 17:52:53,BTCUSD_PERP,bid,60700,660.07
2024-08-22 17:52:53,BTCUSD_PERP,bid,60700,719.64
2024-08-22 17:55:27,BTCUSD_PERP,bid,60700,539.71
2024-08-22 17:57:15,BTCUSD_PERP,bid,60800,549.33
2024-08-22 17:58:19,BTCUSD_PERP,bid,60800,541.28
2024-08-22 17:59:11,BTCUSD_PERP,bid,60800,541.55
2024-08-22 17:59:38,BTCUSD_PERP,ask,64500,1616.67
2024-08-22 18:00:59,BTCUSD_PERP,bid,60800,540.23
2024-08-22 18:00:59,BTCUSD_PERP,bid,60800,600.46
2024-08-22 18:00:59,BTCUSD_PERP,bid,60800,660.08
2024-08-22 18:01:17,BTCUSD_PERP,bid,60800,599.85
2024-08-22 18:01:17,BTCUSD_PERP,bid,60800,539.62
2024-08-22 18:01:18,BTCUSD_PERP,bid,60800,539.35
2024-08-22 18:01:18,BTCUSD_PERP,bid,60800,599.55
2024-08-22 18:01:18,BTCUSD_PERP,bid,60800,718.73
2024-08-22 18:01:18,BTCUSD_PERP,bid,60800,778.93
2024-08-22 18:01:22,BTCUSD_PERP,bid,60700,899.36
2024-08-22 18:01:22,BTCUSD_PERP,bid,60700,959.53
2024-08-22 18:02:01,BTCUSD_PERP,bid,60700,718.85
2024-08-22 18:02:01,BTCUSD_PERP,bid,60700,608.97
2024-08-22 18:02:01,BTCUSD_PERP,bid,60700,728.62
2024-08-22 18:02:02,BTCUSD_PERP,ask,64500,1615.34
2024-08-22 18:02:07,BTCUSD_PERP,bid,60700,608.97
2024-08-22 18:02:07,BTCUSD_PERP,bid,60700,549.45
2024-08-22 18:02:36,BTCUSD_PERP,bid,60700,659.49
2024-08-22 18:04:18,BTCUSD_PERP,bid,60700,599.36
2024-08-22 18:13:21,BTCUSD_PERP,bid,60700,539.8
2024-08-22 18:16:30,BTCUSD_PERP,bid,60700,539.49
2024-08-22 18:19:16,BTCUSD_PERP,bid,60700,539.49
2024-08-22 18:20:27,BTCUSD_PERP,bid,60600,539.22
2024-08-22 18:20:34,BTCUSD_PERP,bid,60600,539.26
2024-08-22 18:20:38,BTCUSD_PERP,bid,60600,539.3
2024-08-22 18:23:46,BTCUSD_PERP,bid,60700,598.52
2024-08-22 18:23:46,BTCUSD_PERP,bid,60700,658.63
2024-08-22 18:23:47,BTCUSD_PERP,bid,60700,778.24
2024-08-22 18:23:47,BTCUSD_PERP,bid,60700,897.85
2024-08-22 18:23:47,BTCUSD_PERP,bid,60700,1018.07
2024-08-22 18:23:47,BTCUSD_PERP,bid,60700,1077.57
2024-08-22 18:28:43,BTCUSD_PERP,bid,60700,1018.08
2024-08-22 18:28:43,BTCUSD_PERP,bid,60700,958.58
2024-08-22 18:28:43,BTCUSD_PERP,bid,60700,838.36
2024-08-22 18:28:43,BTCUSD_PERP,bid,60700,718.25
2024-08-22 18:28:44,BTCUSD_PERP,bid,60700,598.03
2024-08-22 18:28:44,BTCUSD_PERP,bid,60700,538.53
2024-08-22 18:28:45,BTCUSD_PERP,bid,60700,538.89
2024-08-22 18:31:38,BTCUSD_PERP,bid,60700,598.13
2024-08-22 18:31:38,BTCUSD_PERP,bid,60700,658.25
2024-08-22 18:35:21,BTCUSD_PERP,bid,60700,659.62
2024-08-22 18:35:22,BTCUSD_PERP,bid,60700,719.81
2024-08-22 18:35:22,BTCUSD_PERP,bid,60700,779.39
2024-08-22 18:35:22,BTCUSD_PERP,bid,60700,838.97
2024-08-22 18:35:22,BTCUSD_PERP,bid,60700,899.05
2024-08-22 18:35:22,BTCUSD_PERP,bid,60700,1019.43
2024-08-22 18:37:26,BTCUSD_PERP,bid,60700,779.41
2024-08-22 18:37:26,BTCUSD_PERP,bid,60700,839.56
2024-08-22 18:37:26,BTCUSD_PERP,bid,60700,899.71
2024-08-22 18:40:33,BTCUSD_PERP,bid,60700,839.14
2024-08-22 18:40:33,BTCUSD_PERP,bid,60700,899.26
2024-08-22 18:41:24,BTCUSD_PERP,bid,60700,779.02
2024-08-22 18:41:24,BTCUSD_PERP,bid,60700,719.76
2024-08-22 18:41:24,BTCUSD_PERP,bid,60700,898.81
2024-08-22 18:42:20,BTCUSD_PERP,bid,60700,779.85
2024-08-22 18:42:20,BTCUSD_PERP,bid,60600,837.68
2024-08-22 18:42:20,BTCUSD_PERP,bid,60600,897.74
2024-08-22 18:42:20,BTCUSD_PERP,bid,60600,957.8
2024-08-22 18:42:34,BTCUSD_PERP,bid,60600,838.29
2024-08-22 18:42:34,BTCUSD_PERP,bid,60600,778.23
2024-08-22 18:42:34,BTCUSD_PERP,bid,60600,658.72
2024-08-22 18:42:35,BTCUSD_PERP,bid,60600,598.66
2024-08-22 18:42:35,BTCUSD_PERP,bid,60600,538.6
2024-08-22 18:42:36,BTCUSD_PERP,bid,60700,538.92
2024-08-22 18:42:36,BTCUSD_PERP,bid,60700,598.4
2024-08-22 18:42:36,BTCUSD_PERP,bid,60700,718.46
2024-08-22 18:42:36,BTCUSD_PERP,bid,60700,778.54
2024-08-22 18:42:36,BTCUSD_PERP,bid,60700,838.62
2024-08-22 18:43:43,BTCUSD_PERP,bid,60700,718.56
2024-08-22 18:43:43,BTCUSD_PERP,bid,60700,658.48
2024-08-22 18:43:43,BTCUSD_PERP,bid,60700,598.4
2024-08-22 18:43:43,BTCUSD_PERP,bid,60700,538.92
2024-08-22 18:43:44,BTCUSD_PERP,bid,60700,539.76
2024-08-22 18:45:53,BTCUSD_PERP,ask,2560000,223.1
2024-08-22 18:49:01,BTCUSD_PERP,bid,60700,540.22
2024-08-22 18:49:01,BTCUSD_PERP,bid,60700,599.76
2024-08-22 18:49:02,BTCUSD_PERP,bid,60700,659.92
2024-08-22 18:49:19,BTCUSD_PERP,bid,60700,540.21
2024-08-22 18:49:19,BTCUSD_PERP,bid,60700,599.45
2024-08-22 18:49:19,BTCUSD_PERP,bid,60700,659.58
2024-08-22 18:50:42,BTCUSD_PERP,bid,60700,599.45
2024-08-22 18:50:42,BTCUSD_PERP,bid,60700,539.32
2024-08-22 18:50:43,BTCUSD_PERP,bid,60700,539.6
2024-08-22 18:50:43,BTCUSD_PERP,bid,60700,599.77
2024-08-22 18:50:44,BTCUSD_PERP,bid,60700,659.33
2024-08-22 18:50:44,BTCUSD_PERP,bid,60700,719.5
2024-08-22 18:50:54,BTCUSD_PERP,bid,60700,659.94
2024-08-22 18:50:54,BTCUSD_PERP,bid,60700,540.21
2024-08-22 18:50:55,BTCUSD_PERP,bid,60800,599.57
2024-08-22 18:50:55,BTCUSD_PERP,bid,60800,719.26
2024-08-22 18:50:55,BTCUSD_PERP,bid,60800,779.46
2024-08-22 18:52:40,BTCUSD_PERP,bid,60800,719.26
2024-08-22 18:52:40,BTCUSD_PERP,bid,60800,659.06
2024-08-22 18:52:40,BTCUSD_PERP,bid,60800,599.47
2024-08-22 18:52:40,BTCUSD_PERP,bid,60800,539.27
2024-08-22 18:54:28,BTCUSD_PERP,bid,60800,540.46
2024-08-22 18:54:29,BTCUSD_PERP,bid,60800,661.0
2024-08-22 18:54:29,BTCUSD_PERP,bid,60800,720.65
2024-08-22 18:55:38,BTCUSD_PERP,bid,60800,600.73
2024-08-22 18:55:38,BTCUSD_PERP,bid,60800,541.08
2024-08-22 18:56:27,BTCUSD_PERP,bid,60800,541.76
2024-08-22 18:56:27,BTCUSD_PERP,bid,60800,661.67
2024-08-22 18:56:35,BTCUSD_PERP,bid,60800,600.36
2024-08-22 18:56:35,BTCUSD_PERP,bid,60800,660.59
2024-08-22 19:04:57,BTCUSD_PERP,bid,60700,539.06
2024-08-22 19:04:57,BTCUSD_PERP,bid,60700,599.24
2024-08-22 19:08:07,BTCUSD_PERP,bid,60700,539.06
2024-08-22 19:08:16,BTCUSD_PERP,bid,60800,539.44
2024-08-22 19:08:17,BTCUSD_PERP,bid,60800,659.14
2024-08-22 19:08:20,BTCUSD_PERP,bid,60800,659.18
2024-08-22 19:10:23,BTCUSD_PERP,bid,60700,539.05
2024-08-22 19:10:23,BTCUSD_PERP,bid,60700,599.23
2024-08-22 19:10:25,BTCUSD_PERP,bid,60700,538.25
2024-08-22 19:10:26,BTCUSD_PERP,bid,60700,598.4
2024-08-22 19:12:43,BTCUSD_PERP,bid,60700,537.99
2024-08-22 19:12:43,BTCUSD_PERP,bid,60700,1017.62
2024-08-22 19:12:43,BTCUSD_PERP,bid,60600,524.85
2024-08-22 19:12:43,BTCUSD_PERP,bid,60700,1077.74
2024-08-22 19:13:38,BTCUSD_PERP,bid,60700,957.61
2024-08-22 19:13:38,BTCUSD_PERP,bid,60700,897.49
2024-08-22 19:13:38,BTCUSD_PERP,bid,60700,777.25
2024-08-22 19:13:38,BTCUSD_PERP,bid,60700,717.75
2024-08-22 19:13:39,BTCUSD_PERP,bid,60700,597.51
2024-08-22 19:13:39,BTCUSD_PERP,bid,60600,540.08
2024-08-22 19:13:39,BTCUSD_PERP,bid,60600,659.64
2024-08-22 19:13:39,BTCUSD_PERP,bid,60600,779.21
2024-08-22 19:13:39,BTCUSD_PERP,bid,60600,898.77
2024-08-22 19:13:39,BTCUSD_PERP,bid,60600,958.25
2024-08-22 19:13:40,BTCUSD_PERP,bid,60600,1017.72
2024-08-22 19:13:40,BTCUSD_PERP,bid,60600,1077.2
2024-08-22 19:15:14,BTCUSD_PERP,bid,60600,537.63
2024-08-22 19:15:14,BTCUSD_PERP,bid,60500,534.03
2024-08-22 19:15:14,BTCUSD_PERP,bid,60500,593.98
2024-08-22 19:15:14,BTCUSD_PERP,bid,60600,539.23
2024-08-22 19:16:14,BTCUSD_PERP,bid,60600,538.96
2024-08-22 19:17:08,BTCUSD_PERP,bid,60500,523.51
2024-08-22 19:17:08,BTCUSD_PERP,bid,60500,583.42
2024-08-22 19:17:47,BTCUSD_PERP,bid,60500,523.47
2024-08-22 19:17:47,BTCUSD_PERP,bid,60500,533.46
2024-08-22 19:17:47,BTCUSD_PERP,bid,60500,593.34
2024-08-22 19:20:09,BTCUSD_PERP,bid,60600,539.11
2024-08-22 19:20:09,BTCUSD_PERP,bid,60600,599.13
2024-08-22 19:20:46,BTCUSD_PERP,bid,60600,539.11
2024-08-22 19:20:47,BTCUSD_PERP,bid,60600,539.31
2024-08-22 19:20:48,BTCUSD_PERP,bid,60600,599.37
2024-08-22 19:21:43,BTCUSD_PERP,bid,60600,539.92
2024-08-22 19:21:50,BTCUSD_PERP,bid,60600,539.57
2024-08-22 19:21:53,BTCUSD_PERP,bid,60600,539.61
2024-08-22 19:22:08,BTCUSD_PERP,bid,60600,539.92
2024-08-22 19:24:07,BTCUSD_PERP,bid,60700,539.86
2024-08-22 19:27:21,BTCUSD_PERP,bid,60600,598.58
2024-08-22 19:27:21,BTCUSD_PERP,bid,60600,658.63
2024-08-22 19:28:10,BTCUSD_PERP,bid,60600,598.58
2024-08-22 19:28:11,BTCUSD_PERP,bid,60600,539.14
2024-08-22 19:28:55,BTCUSD_PERP,bid,60700,539.13
2024-08-22 19:29:02,BTCUSD_PERP,bid,60700,539.25
2024-08-22 19:29:42,BTCUSD_PERP,bid,60700,493.75
2024-08-22 19:29:43,BTCUSD_PERP,bid,60700,545.58
2024-08-22 19:30:03,BTCUSD_PERP,bid,60700,539.25
2024-08-22 19:30:13,BTCUSD_PERP,bid,60700,538.2
2024-08-22 19:30:13,BTCUSD_PERP,bid,60700,598.35
2024-08-22 19:30:14,BTCUSD_PERP,bid,60700,658.5
2024-08-22 19:30:14,BTCUSD_PERP,bid,60700,718.65
2024-08-22 19:30:14,BTCUSD_PERP,bid,60700,778.8
2024-08-22 19:30:48,BTCUSD_PERP,bid,60700,539.12
2024-08-22 19:30:48,BTCUSD_PERP,bid,60700,599.31
2024-08-22 19:30:48,BTCUSD_PERP,bid,60700,659.5
2024-08-22 19:31:14,BTCUSD_PERP,bid,60700,599.93
2024-08-22 19:31:14,BTCUSD_PERP,bid,60700,673.49
2024-08-22 19:31:14,BTCUSD_PERP,bid,60700,733.64
2024-08-22 19:31:14,BTCUSD_PERP,bid,60700,793.18
2024-08-22 19:31:18,BTCUSD_PERP,bid,60700,733.03
2024-08-22 19:31:18,BTCUSD_PERP,bid,60700,673.49
2024-08-22 19:31:18,BTCUSD_PERP,bid,60700,613.95
2024-08-22 19:31:18,BTCUSD_PERP,bid,60700,494.36
2024-08-22 19:32:00,BTCUSD_PERP,bid,60600,539.47
2024-08-22 19:32:00,BTCUSD_PERP,bid,60600,598.94
2024-08-22 19:33:01,BTCUSD_PERP,ask,61700,503.47
2024-08-22 19:33:07,BTCUSD_PERP,bid,60500,537.86
2024-08-22 19:33:11,BTCUSD_PERP,ask,61700,497.36
2024-08-22 19:33:22,BTCUSD_PERP,bid,60400,546.87
2024-08-22 19:33:22,BTCUSD_PERP,bid,60400,606.73
2024-08-22 19:33:27,BTCUSD_PERP,bid,60400,546.87
2024-08-22 19:33:41,BTCUSD_PERP,bid,60400,536.81
2024-08-22 19:35:11,BTCUSD_PERP,bid,60300,536.59
2024-08-22 19:36:59,BTCUSD_PERP,bid,60400,536.3
2024-08-22 19:36:59,BTCUSD_PERP,bid,60400,596.16
2024-08-22 19:37:14,BTCUSD_PERP,bid,60400,536.3
2024-08-22 19:37:16,BTCUSD_PERP,bid,60400,536.57
2024-08-22 19:37:16,BTCUSD_PERP,bid,60400,595.85
2024-08-22 19:37:16,BTCUSD_PERP,bid,60400,655.74
2024-08-22 19:37:25,BTCUSD_PERP,bid,60400,596.33
2024-08-22 19:37:25,BTCUSD_PERP,bid,60400,656.19
2024-08-22 19:37:31,BTCUSD_PERP,bid,60400,537.08
2024-08-22 19:37:31,BTCUSD_PERP,bid,60400,536.03
2024-08-22 19:37:31,BTCUSD_PERP,bid,60400,595.86
2024-08-22 19:37:32,BTCUSD_PERP,bid,60400,655.69
2024-08-22 19:37:50,BTCUSD_PERP,bid,60400,605.62
2024-08-22 19:37:50,BTCUSD_PERP,bid,60400,665.42
2024-08-22 19:39:03,BTCUSD_PERP,bid,60400,605.62
2024-08-22 19:40:32,BTCUSD_PERP,bid,60400,536.02
2024-08-22 19:40:32,BTCUSD_PERP,bid,60400,595.9
2024-08-22 19:41:11,BTCUSD_PERP,bid,60400,536.02
2024-08-22 19:42:25,BTCUSD_PERP,bid,60300,535.54
2024-08-22 19:45:12,BTCUSD_PERP,bid,60300,654.1
2024-08-22 19:45:13,BTCUSD_PERP,bid,60300,713.84
2024-08-22 19:46:01,BTCUSD_PERP,bid,60300,654.37
2024-08-22 19:46:01,BTCUSD_PERP,bid,60300,713.47
2024-08-22 19:46:01,BTCUSD_PERP,bid,60300,773.18
2024-08-22 19:46:20,BTCUSD_PERP,bid,60300,653.76
2024-08-22 19:46:20,BTCUSD_PERP,bid,60200,534.76
2024-08-22 19:46:20,BTCUSD_PERP,bid,60200,772.84
2024-08-22 19:46:27,BTCUSD_PERP,bid,60200,713.17
2024-08-22 19:46:27,BTCUSD_PERP,bid,60200,654.11
2024-08-22 19:46:27,BTCUSD_PERP,bid,60200,594.44
2024-08-22 19:46:28,BTCUSD_PERP,bid,60200,534.77
2024-08-22 19:48:04,BTCUSD_PERP,bid,60200,534.57
2024-08-22 19:49:38,BTCUSD_PERP,ask,2960000,258.46
2024-08-22 19:49:42,BTCUSD_PERP,bid,60300,534.88
2024-08-22 19:50:03,BTCUSD_PERP,bid,60300,535.9
2024-08-22 19:50:03,BTCUSD_PERP,bid,60300,654.2
2024-08-22 19:50:06,BTCUSD_PERP,bid,60300,535.04
2024-08-22 19:50:06,BTCUSD_PERP,bid,60300,594.76
2024-08-22 19:51:25,BTCUSD_PERP,bid,60300,535.64
2024-08-22 19:51:26,BTCUSD_PERP,bid,60300,535.9
2024-08-22 19:51:33,BTCUSD_PERP,bid,60300,546.18
2024-08-22 19:51:36,BTCUSD_PERP,ask,61600,491.13
2024-08-22 19:57:03,BTCUSD_PERP,bid,60300,593.69
2024-08-22 19:57:03,BTCUSD_PERP,bid,60300,653.42
2024-08-22 19:57:03,BTCUSD_PERP,bid,60300,713.15
2024-08-22 19:58:03,BTCUSD_PERP,bid,60300,594.9
2024-08-22 19:58:04,BTCUSD_PERP,bid,60300,535.48
2024-08-22 20:01:18,BTCUSD_PERP,bid,60400,595.56
2024-08-22 20:01:18,BTCUSD_PERP,bid,60400,655.36
2024-08-22 20:01:18,BTCUSD_PERP,bid,60400,774.35
2024-08-22 20:01:40,BTCUSD_PERP,bid,60400,714.55
2024-08-22 20:01:40,BTCUSD_PERP,bid,60300,655.28
2024-08-22 20:01:40,BTCUSD_PERP,bid,60300,774.21
2024-08-22 20:01:45,BTCUSD_PERP,bid,60300,773.96
2024-08-22 20:02:06,BTCUSD_PERP,bid,60300,654.42
2024-08-22 20:02:35,BTCUSD_PERP,bid,60300,594.04
2024-08-22 20:02:35,BTCUSD_PERP,bid,60300,773.35
2024-08-22 20:02:35,BTCUSD_PERP,bid,60300,833.12
2024-08-22 20:04:59,BTCUSD_PERP,bid,60300,773.35
2024-08-22 20:04:59,BTCUSD_PERP,bid,60300,714.19
2024-08-22 20:04:59,BTCUSD_PERP,bid,60300,654.42
2024-08-22 20:04:59,BTCUSD_PERP,bid,60300,594.65
2024-08-22 20:05:00,BTCUSD_PERP,bid,60300,535.22
2024-08-22 20:05:00,BTCUSD_PERP,bid,60300,594.96
2024-08-22 20:05:00,BTCUSD_PERP,bid,60300,714.44
2024-08-22 20:05:01,BTCUSD_PERP,bid,60300,773.57
2024-08-22 20:05:01,BTCUSD_PERP,bid,60300,832.7
2024-08-22 20:06:27,BTCUSD_PERP,bid,60300,772.96
2024-08-22 20:06:27,BTCUSD_PERP,bid,60300,713.83
2024-08-22 20:06:27,BTCUSD_PERP,bid,60300,654.09
2024-08-22 20:06:27,BTCUSD_PERP,bid,60300,594.35
2024-08-22 20:06:27,BTCUSD_PERP,bid,60300,534.61
2024-08-22 20:06:28,BTCUSD_PERP,bid,60300,535.56
2024-08-22 20:06:28,BTCUSD_PERP,bid,60300,595.27
2024-08-22 20:06:28,BTCUSD_PERP,bid,60300,714.08
2024-08-22 20:06:29,BTCUSD_PERP,bid,60300,832.28
2024-08-22 20:06:45,BTCUSD_PERP,bid,60200,534.07
2024-08-22 20:06:46,BTCUSD_PERP,bid,60200,593.75
2024-08-22 20:06:46,BTCUSD_PERP,bid,60200,653.43
2024-08-22 20:07:32,BTCUSD_PERP,bid,60200,771.71
2024-08-22 20:07:32,BTCUSD_PERP,bid,60200,831.35
2024-08-22 20:07:33,BTCUSD_PERP,bid,60200,772.31
2024-08-22 20:07:33,BTCUSD_PERP,bid,60200,620.64
2024-08-22 20:07:33,BTCUSD_PERP,bid,60200,680.24
2024-08-22 20:08:32,BTCUSD_PERP,bid,60200,536.31
2024-08-22 20:09:11,BTCUSD_PERP,bid,60300,535.98
2024-08-22 20:11:24,BTCUSD_PERP,bid,60200,654.43
2024-08-22 20:11:24,BTCUSD_PERP,bid,60200,714.1
2024-08-22 20:11:25,BTCUSD_PERP,bid,60200,773.16
2024-08-22 20:12:23,BTCUSD_PERP,bid,60200,714.1
2024-08-22 20:12:24,BTCUSD_PERP,bid,60300,654.17
2024-08-22 20:13:25,BTCUSD_PERP,bid,60200,594.95
2024-08-22 20:13:25,BTCUSD_PERP,bid,60200,654.62
2024-08-22 20:15:58,BTCUSD_PERP,bid,60200,594.46
2024-08-22 20:15:58,BTCUSD_PERP,bid,60200,654.1
2024-08-22 20:16:41,BTCUSD_PERP,bid,60200,594.46
2024-08-22 20:16:41,BTCUSD_PERP,bid,60200,534.82
2024-08-22 20:21:21,BTCUSD_PERP,bid,60300,534.84
2024-08-22 20:21:32,BTCUSD_PERP,bid,60300,534.88
2024-08-22 20:29:37,BTCUSD_PERP,bid,60300,654.37
2024-08-22 20:30:33,BTCUSD_PERP,bid,60300,594.66
2024-08-22 20:30:33,BTCUSD_PERP,bid,60300,534.95
2024-08-22 20:30:34,BTCUSD_PERP,bid,60300,535.83
2024-08-22 20:30:34,BTCUSD_PERP,bid,60300,595.57
2024-08-22 20:30:38,BTCUSD_PERP,bid,60300,535.47
2024-08-22 20:30:38,BTCUSD_PERP,bid,60300,595.25
2024-08-22 20:30:38,BTCUSD_PERP,bid,60300,655.03
2024-08-22 20:30:38,BTCUSD_PERP,bid,60300,833.76
2024-08-22 20:30:44,BTCUSD_PERP,bid,60300,714.2
2024-08-22 20:30:44,BTCUSD_PERP,bid,60300,535.31
2024-08-22 20:30:44,BTCUSD_PERP,bid,60300,654.7
2024-08-22 20:30:45,BTCUSD_PERP,bid,60300,714.45
2024-08-22 20:30:57,BTCUSD_PERP,bid,60300,654.7
2024-08-22 20:30:57,BTCUSD_PERP,bid,60300,535.58
2024-08-22 20:30:57,BTCUSD_PERP,bid,60300,595.36
2024-08-22 20:30:57,BTCUSD_PERP,bid,60300,655.14
2024-08-22 20:31:12,BTCUSD_PERP,bid,60300,536.8
2024-08-22 20:31:12,BTCUSD_PERP,bid,60300,594.89
2024-08-22 20:31:16,BTCUSD_PERP,bid,60300,611.03
2024-08-22 20:31:16,BTCUSD_PERP,bid,60300,730.43
2024-08-22 20:31:17,BTCUSD_PERP,bid,60300,790.13
2024-08-22 20:31:18,BTCUSD_PERP,ask,61400,521.15
2024-08-22 20:31:18,BTCUSD_PERP,ask,61400,582.01
2024-08-22 20:31:22,BTCUSD_PERP,ask,61400,561.92
2024-08-22 20:31:25,BTCUSD_PERP,ask,61400,551.88
2024-08-22 20:31:31,BTCUSD_PERP,bid,60300,551.94
2024-08-22 20:31:31,BTCUSD_PERP,bid,60200,713.78
2024-08-22 20:31:31,BTCUSD_PERP,bid,60200,773.45
2024-08-22 20:31:34,BTCUSD_PERP,bid,60200,534.93
2024-08-22 20:31:34,BTCUSD_PERP,ask,61400,531.79
2024-08-22 20:31:34,BTCUSD_PERP,bid,60200,653.6
2024-08-22 20:31:34,BTCUSD_PERP,bid,60200,713.24
2024-08-22 20:31:35,BTCUSD_PERP,bid,60200,550.43
2024-08-22 20:32:09,BTCUSD_PERP,bid,60200,544.48
2024-08-22 20:32:09,BTCUSD_PERP,bid,60200,603.47
2024-08-22 20:33:32,BTCUSD_PERP,bid,60300,534.7
2024-08-22 20:33:39,BTCUSD_PERP,bid,60300,534.65
2024-08-22 20:36:11,BTCUSD_PERP,bid,60200,534.07
2024-08-22 20:36:11,BTCUSD_PERP,bid,60200,593.75
2024-08-22 20:36:21,BTCUSD_PERP,bid,60300,499.58
2024-08-22 20:36:21,BTCUSD_PERP,bid,60300,559.36
2024-08-22 20:36:22,BTCUSD_PERP,bid,60300,619.14
2024-08-22 20:36:22,BTCUSD_PERP,bid,60300,738.7
