2024-08-21 07:00:12,BTCUSDT,bid,58000,519.001
2024-08-21 07:00:44,BTCUSDT,bid,58000,518.991
2024-08-21 07:00:52,BTCUSDT,bid,58000,518.969
2024-08-21 07:00:58,BTCUSDT,bid,58000,518.968
2024-08-21 07:01:07,BTCUSDT,bid,58000,518.983
2024-08-21 07:01:09,BTCUSDT,ask,60500,1141.975
2024-08-21 07:01:17,BTCUSDT,ask,60500,1141.973
2024-08-21 07:01:20,BTCUSDT,bid,58000,518.997
2024-08-21 07:01:40,BTCUSDT,bid,58000,519.214
2024-08-21 07:01:51,BTCUSDT,bid,58000,519.386
2024-08-21 07:01:55,BTCUSDT,bid,58000,519.388
2024-08-21 07:01:55,BTCUSDT,bid,58000,519.439
2024-08-21 07:02:04,BTCUSDT,bid,58000,519.418
2024-08-21 07:02:21,BTCUSDT,bid,58000,518.873
2024-08-21 07:02:21,BTCUSDT,bid,58000,518.701
2024-08-21 07:02:41,BTCUSDT,bid,58000,518.744
2024-08-21 07:03:19,BTCUSDT,ask,60500,1141.877
2024-08-21 07:03:29,BTCUSDT,bid,58000,518.757
2024-08-21 07:03:32,BTCUSDT,bid,47000,876.997
2024-08-21 07:03:36,BTCUSDT,bid,58000,518.744
2024-08-21 07:03:43,BTCUSDT,bid,58000,518.742
2024-08-21 07:03:45,BTCUSDT,bid,58000,518.744
2024-08-21 07:03:46,BTCUSDT,bid,58000,518.755
2024-08-21 07:03:56,BTCUSDT,bid,58000,519.272
2024-08-21 07:04:05,BTCUSDT,bid,58000,519.345
2024-08-21 07:04:30,BTCUSDT,ask,60500,1141.901
2024-08-21 07:04:42,BTCUSDT,bid,58000,519.334
2024-08-21 07:04:51,BTCUSDT,ask,60500,1141.91
2024-08-21 07:04:53,BTCUSDT,bid,58000,519.345
2024-08-21 07:05:00,BTCUSDT,bid,58000,519.343
2024-08-21 07:05:09,BTCUSDT,ask,60500,1141.836
2024-08-21 07:05:24,BTCUSDT,bid,58000,519.339
2024-08-21 07:05:27,BTCUSDT,bid,58000,519.478
2024-08-21 07:05:41,BTCUSDT,bid,58000,519.509
2024-08-21 07:06:08,BTCUSDT,bid,58000,519.507
2024-08-21 07:06:09,BTCUSDT,bid,58000,519.468
2024-08-21 07:06:40,BTCUSDT,bid,58000,519.668
2024-08-21 07:06:43,BTCUSDT,bid,58000,519.468
2024-08-21 07:06:44,BTCUSDT,ask,60500,1141.819
2024-08-21 07:06:45,BTCUSDT,bid,58000,519.456
2024-08-21 07:07:14,BTCUSDT,bid,58000,519.458
2024-08-21 07:07:19,BTCUSDT,bid,58000,519.461
2024-08-21 07:07:36,BTCUSDT,bid,58000,519.464
2024-08-21 07:09:55,BTCUSDT,ask,60500,1141.81
2024-08-21 07:10:08,BTCUSDT,bid,58000,519.441
2024-08-21 07:10:10,BTCUSDT,bid,58000,519.443
2024-08-21 07:10:31,BTCUSDT,bid,58000,519.446
2024-08-21 07:10:34,BTCUSDT,ask,60500,1142.118
2024-08-21 07:10:40,BTCUSDT,bid,58000,519.441
2024-08-21 07:10:40,BTCUSDT,bid,58000,519.393
2024-08-21 07:11:28,BTCUSDT,ask,60500,1142.121
2024-08-21 07:11:36,BTCUSDT,bid,58000,519.472
2024-08-21 07:11:38,BTCUSDT,ask,60500,1142.118
2024-08-21 07:11:39,BTCUSDT,bid,58000,519.464
2024-08-21 07:11:46,BTCUSDT,bid,58000,519.498
2024-08-21 07:12:03,BTCUSDT,bid,58000,519.495
2024-08-21 07:12:03,BTCUSDT,bid,58000,519.52
2024-08-21 07:12:09,BTCUSDT,bid,58000,519.32
2024-08-21 07:12:14,BTCUSDT,ask,60500,1142.276
2024-08-21 07:12:20,BTCUSDT,bid,58000,519.318
2024-08-21 07:12:23,BTCUSDT,bid,58000,520.006
2024-08-21 07:12:24,BTCUSDT,bid,58000,520.021
2024-08-21 07:12:34,BTCUSDT,bid,58000,520.866
2024-08-21 07:12:46,BTCUSDT,bid,58000,520.868
2024-08-21 07:00:50,BTCUSD_PERP,bid,58500,577.54
2024-08-21 07:00:53,BTCUSD_PERP,bid,58500,634.63
2024-08-21 07:00:53,BTCUSD_PERP,bid,58500,692.59
2024-08-21 07:01:52,BTCUSD_PERP,bid,58500,519.3
2024-08-21 07:03:36,BTCUSD_PERP,bid,58600,642.06
2024-08-21 07:03:36,BTCUSD_PERP,bid,58600,700.12
2024-08-21 07:03:36,BTCUSD_PERP,bid,58600,816.24
2024-08-21 07:03:36,BTCUSD_PERP,bid,58600,931.77
2024-08-21 07:04:40,BTCUSD_PERP,bid,58600,873.71
2024-08-21 07:04:40,BTCUSD_PERP,bid,58600,808.79
2024-08-21 07:04:40,BTCUSD_PERP,bid,58600,924.85
2024-08-21 07:04:40,BTCUSD_PERP,bid,58600,982.88
2024-08-21 07:04:56,BTCUSD_PERP,bid,58600,519.82
2024-08-21 07:04:56,BTCUSD_PERP,bid,58500,982.36
2024-08-21 07:04:56,BTCUSD_PERP,bid,58500,1040.36
2024-08-21 07:05:01,BTCUSD_PERP,bid,58500,1097.77
2024-08-21 07:05:22,BTCUSD_PERP,bid,58500,693.54
2024-08-21 07:05:23,BTCUSD_PERP,bid,58500,520.72
2024-08-21 07:05:24,BTCUSD_PERP,bid,58600,578.48
2024-08-21 07:07:14,BTCUSD_PERP,bid,58600,520.17
2024-08-21 07:07:15,BTCUSD_PERP,bid,58600,578.24
2024-08-21 07:07:15,BTCUSD_PERP,bid,58600,636.31
2024-08-21 07:07:15,BTCUSD_PERP,bid,58600,694.38
2024-08-21 07:07:16,BTCUSD_PERP,bid,58600,752.45
2024-08-21 07:07:16,BTCUSD_PERP,bid,58600,867.99
2024-08-21 07:07:16,BTCUSD_PERP,bid,58600,926.06
2024-08-21 07:07:16,BTCUSD_PERP,bid,58600,983.54
2024-08-21 07:07:41,BTCUSD_PERP,bid,44000,1127.3
2024-08-21 07:10:33,BTCUSD_PERP,bid,58600,810.52
2024-08-21 07:10:33,BTCUSD_PERP,bid,58600,694.38
2024-08-21 07:10:34,BTCUSD_PERP,bid,58600,520.86
2024-08-21 07:10:34,BTCUSD_PERP,bid,58600,521.02
2024-08-21 07:10:34,BTCUSD_PERP,bid,58600,636.63
2024-08-21 07:10:34,BTCUSD_PERP,bid,58600,694.73
2024-08-21 07:10:34,BTCUSD_PERP,bid,58600,752.83
2024-08-21 07:10:34,BTCUSD_PERP,bid,58600,810.34
2024-08-21 07:10:34,BTCUSD_PERP,bid,58600,867.85
2024-08-21 07:10:35,BTCUSD_PERP,bid,58600,925.95
2024-08-21 07:10:35,BTCUSD_PERP,bid,58600,984.05
2024-08-21 07:11:02,BTCUSD_PERP,bid,58600,925.95
2024-08-21 07:11:02,BTCUSD_PERP,bid,58600,810.34
2024-08-21 07:11:51,BTCUSD_PERP,bid,58600,519.78
2024-08-21 07:11:51,BTCUSD_PERP,bid,58600,577.27
2024-08-21 07:12:01,BTCUSD_PERP,bid,58600,519.19
2024-08-21 07:12:02,BTCUSD_PERP,bid,58600,519.52
2024-08-21 07:12:02,BTCUSD_PERP,bid,58600,576.98
2024-08-21 07:12:57,BTCUSD_PERP,bid,58600,576.96
