2024-08-24 07:00:00,BTCUSDT,bid,62800,643.549
2024-08-24 07:00:17,BTCUSDT,bid,62800,643.552
2024-08-24 07:00:21,BTCUSDT,bid,62800,643.562
2024-08-24 07:00:37,BTCUSDT,bid,62800,643.498
2024-08-24 07:00:38,BTCUSDT,bid,62800,643.488
2024-08-24 07:00:57,BTCUSDT,bid,63300,514.966
2024-08-24 07:01:28,BTCUSDT,bid,63300,514.184
2024-08-24 07:01:48,BTCUSDT,bid,63300,514.484
2024-08-24 07:02:47,BTCUSDT,bid,63300,514.531
2024-08-24 07:03:25,BTCUSDT,bid,63300,514.731
2024-08-24 07:03:31,BTCUSDT,bid,63300,514.777
2024-08-24 07:03:32,BTCUSDT,bid,63300,515.559
2024-08-24 07:03:33,BTCUSDT,bid,63300,516.341
2024-08-24 07:04:03,BTCUSDT,bid,63300,515.559
2024-08-24 07:04:03,BTCUSDT,bid,63300,514.777
2024-08-24 07:04:37,BTCUSDT,bid,62800,643.51
2024-08-24 07:04:46,BTCUSDT,bid,63300,515.25
2024-08-24 07:05:30,BTCUSDT,bid,63300,515.211
2024-08-24 07:05:31,BTCUSDT,bid,62800,643.351
2024-08-24 07:05:53,BTCUSDT,bid,62800,643.347
2024-08-24 07:05:53,BTCUSDT,bid,63300,515.209
2024-08-24 07:07:14,BTCUSDT,bid,62800,643.349
2024-08-24 07:07:23,BTCUSDT,bid,62800,643.425
2024-08-24 07:07:33,BTCUSDT,bid,63300,515.212
2024-08-24 07:07:35,BTCUSDT,bid,63300,515.217
2024-08-24 07:08:22,BTCUSDT,bid,63300,515.214
2024-08-24 07:08:27,BTCUSDT,bid,63300,515.297
2024-08-24 07:08:42,BTCUSDT,bid,62800,643.628
2024-08-24 07:09:35,BTCUSDT,bid,63300,515.308
2024-08-24 07:09:54,BTCUSDT,bid,62800,643.639
2024-08-24 07:10:12,BTCUSDT,bid,62800,643.643
2024-08-24 07:10:38,BTCUSDT,bid,62800,644.424
2024-08-24 07:10:49,BTCUSDT,bid,63300,515.306
2024-08-24 07:11:19,BTCUSDT,bid,63300,515.286
2024-08-24 07:11:46,BTCUSDT,bid,63300,515.402
2024-08-24 07:11:50,BTCUSDT,bid,62800,644.426
2024-08-24 07:12:04,BTCUSDT,bid,63300,515.444
2024-08-24 07:12:27,BTCUSDT,bid,63300,515.464
2024-08-24 07:12:42,BTCUSDT,bid,62800,644.424
2024-08-24 07:13:27,BTCUSDT,bid,63300,515.467
2024-08-24 07:13:33,BTCUSDT,bid,63300,515.469
2024-08-24 07:13:45,BTCUSDT,bid,63300,516.415
2024-08-24 07:13:53,BTCUSDT,bid,63300,516.413
2024-08-24 07:14:02,BTCUSDT,bid,62800,644.436
2024-08-24 07:14:06,BTCUSDT,bid,62800,644.683
2024-08-24 07:14:10,BTCUSDT,bid,62800,645.109
2024-08-24 07:14:16,BTCUSDT,bid,62800,645.309
2024-08-24 07:14:27,BTCUSDT,bid,62800,645.297
2024-08-24 07:15:05,BTCUSDT,bid,62800,645.197
2024-08-24 07:15:08,BTCUSDT,bid,63300,516.462
2024-08-24 07:15:15,BTCUSDT,bid,63300,515.516
2024-08-24 07:15:28,BTCUSDT,bid,62800,645.194
2024-08-24 07:15:42,BTCUSDT,bid,63300,515.548
2024-08-24 07:15:42,BTCUSDT,bid,63300,515.516
2024-08-24 07:15:45,BTCUSDT,bid,63300,515.476
2024-08-24 07:16:07,BTCUSDT,bid,47000,886.81
2024-08-24 07:16:30,BTCUSDT,bid,62800,645.216
2024-08-24 07:16:34,BTCUSDT,bid,63300,515.501
2024-08-24 07:16:56,BTCUSDT,bid,63300,515.489
2024-08-24 07:17:07,BTCUSDT,bid,62800,646.216
2024-08-24 07:18:04,BTCUSDT,bid,63300,515.44
2024-08-24 07:18:04,BTCUSDT,bid,63300,515.47
2024-08-24 07:19:27,BTCUSDT,bid,62800,646.206
2024-08-24 07:19:59,BTCUSDT,bid,63300,515.48
2024-08-24 07:20:06,BTCUSDT,bid,62800,646.241
2024-08-24 07:20:24,BTCUSDT,bid,47000,884.804
2024-08-24 07:20:32,BTCUSDT,bid,63300,515.479
2024-08-24 07:20:37,BTCUSDT,bid,62800,646.231
2024-08-24 07:20:37,BTCUSDT,bid,47000,885.828
2024-08-24 07:21:37,BTCUSDT,bid,63300,516.267
2024-08-24 07:21:42,BTCUSDT,bid,63300,516.242
2024-08-24 07:21:45,BTCUSDT,bid,63300,516.605
2024-08-24 07:21:46,BTCUSDT,bid,63300,517.235
2024-08-24 07:21:49,BTCUSDT,bid,62800,646.24
2024-08-24 07:21:57,BTCUSDT,bid,62800,646.25
2024-08-24 07:22:05,BTCUSDT,bid,62800,646.45
2024-08-24 07:22:07,BTCUSDT,bid,62800,646.25
2024-08-24 07:22:09,BTCUSDT,bid,63300,517.241
2024-08-24 07:23:22,BTCUSDT,bid,62800,646.235
2024-08-24 07:23:32,BTCUSDT,bid,62800,646.242
2024-08-24 07:23:50,BTCUSDT,bid,63300,516.453
2024-08-24 07:23:51,BTCUSDT,bid,63300,515.46
2024-08-24 07:23:57,BTCUSDT,bid,62800,646.254
2024-08-24 07:23:57,BTCUSDT,bid,63300,515.69
2024-08-24 07:24:02,BTCUSDT,bid,63300,515.574
2024-08-24 07:24:14,BTCUSDT,bid,63300,515.582
2024-08-24 07:24:28,BTCUSDT,bid,62800,646.26
2024-08-24 07:24:30,BTCUSDT,bid,62800,646.254
2024-08-24 07:24:45,BTCUSDT,bid,47000,885.773
2024-08-24 07:24:49,BTCUSDT,bid,63300,515.586
2024-08-24 07:24:58,BTCUSDT,bid,63300,515.356
2024-08-24 07:25:01,BTCUSDT,bid,62800,646.256
2024-08-24 07:25:33,BTCUSDT,bid,62800,646.415
2024-08-24 07:25:41,BTCUSDT,bid,63300,515.336
2024-08-24 07:25:55,BTCUSDT,bid,63300,515.414
2024-08-24 07:26:26,BTCUSDT,bid,63300,515.406
2024-08-24 07:26:33,BTCUSDT,bid,62800,646.359
2024-08-24 07:27:18,BTCUSDT,bid,62800,646.559
2024-08-24 07:27:20,BTCUSDT,bid,62800,646.359
2024-08-24 07:27:21,BTCUSDT,bid,62800,646.559
2024-08-24 07:27:23,BTCUSDT,bid,62800,646.359
2024-08-24 07:27:45,BTCUSDT,bid,63300,515.413
2024-08-24 07:28:16,BTCUSDT,bid,63300,515.386
2024-08-24 07:28:18,BTCUSDT,bid,63300,515.382
2024-08-24 07:28:24,BTCUSDT,bid,63300,515.34
2024-08-24 07:28:35,BTCUSDT,bid,63300,515.342
2024-08-24 07:28:42,BTCUSDT,bid,62800,646.374
2024-08-24 07:28:46,BTCUSDT,bid,63300,518.48
2024-08-24 07:28:48,BTCUSDT,bid,62800,646.376
2024-08-24 07:28:52,BTCUSDT,bid,63300,518.483
2024-08-24 07:29:21,BTCUSDT,bid,62800,646.975
2024-08-24 07:29:21,BTCUSDT,bid,63300,518.485
2024-08-24 07:29:23,BTCUSDT,bid,62800,647.13
2024-08-24 07:29:32,BTCUSDT,bid,62800,646.975
2024-08-24 07:29:41,BTCUSDT,bid,62800,646.376
2024-08-24 07:29:59,BTCUSDT,bid,62800,644.604
2024-08-24 07:30:27,BTCUSDT,bid,63300,518.455
2024-08-24 07:30:47,BTCUSDT,bid,62800,644.624
2024-08-24 07:31:13,BTCUSDT,bid,63300,519.455
2024-08-24 07:31:56,BTCUSDT,bid,62800,644.666
2024-08-24 07:32:17,BTCUSDT,bid,62800,644.686
2024-08-24 07:32:54,BTCUSDT,bid,63300,519.448
2024-08-24 07:33:10,BTCUSDT,bid,62800,644.645
2024-08-24 07:33:12,BTCUSDT,bid,63300,519.7
2024-08-24 07:33:19,BTCUSDT,bid,63300,519.747
2024-08-24 07:34:02,BTCUSDT,bid,62800,644.845
2024-08-24 07:34:17,BTCUSDT,bid,63300,520.247
2024-08-24 07:34:27,BTCUSDT,bid,62800,644.823
2024-08-24 07:34:29,BTCUSDT,bid,62800,644.623
2024-08-24 07:34:47,BTCUSDT,bid,62800,644.638
2024-08-24 07:34:50,BTCUSDT,bid,63300,520.249
2024-08-24 07:34:52,BTCUSDT,bid,63300,517.111
2024-08-24 07:34:59,BTCUSDT,bid,63300,517.311
2024-08-24 07:35:01,BTCUSDT,bid,62800,644.662
2024-08-24 07:35:08,BTCUSDT,bid,62800,643.881
2024-08-24 07:35:12,BTCUSDT,bid,62800,643.891
2024-08-24 07:35:25,BTCUSDT,bid,62800,643.893
2024-08-24 07:36:04,BTCUSDT,bid,62800,643.889
2024-08-24 07:36:18,BTCUSDT,bid,62800,643.813
2024-08-24 07:36:27,BTCUSDT,bid,63300,517.166
2024-08-24 07:37:12,BTCUSDT,bid,62800,643.823
2024-08-24 07:37:34,BTCUSDT,bid,63300,517.132
2024-08-24 07:37:43,BTCUSDT,bid,62800,643.873
2024-08-24 07:37:46,BTCUSDT,bid,63300,517.477
2024-08-24 07:37:50,BTCUSDT,bid,63300,517.5
2024-08-24 07:37:51,BTCUSDT,bid,62800,643.864
2024-08-24 07:38:12,BTCUSDT,bid,62800,644.064
2024-08-24 07:38:15,BTCUSDT,bid,62800,643.864
2024-08-24 07:38:17,BTCUSDT,bid,63300,517.65
2024-08-24 07:38:20,BTCUSDT,bid,62800,643.862
2024-08-24 07:38:37,BTCUSDT,bid,62800,644.062
2024-08-24 07:38:39,BTCUSDT,bid,62800,643.862
2024-08-24 07:38:55,BTCUSDT,bid,63300,517.655
2024-08-24 07:38:56,BTCUSDT,bid,62800,643.912
2024-08-24 07:40:03,BTCUSDT,bid,63300,517.678
2024-08-24 07:00:13,BTCUSD_PERP,bid,63500,565.72
2024-08-24 07:00:13,BTCUSD_PERP,bid,63500,502.81
2024-08-24 07:00:24,BTCUSD_PERP,bid,63500,501.48
2024-08-24 07:02:29,BTCUSD_PERP,bid,63500,627.16
2024-08-24 07:02:29,BTCUSD_PERP,bid,63500,690.07
2024-08-24 07:03:40,BTCUSD_PERP,bid,63500,627.79
2024-08-24 07:03:40,BTCUSD_PERP,bid,63500,564.88
2024-08-24 07:03:40,BTCUSD_PERP,bid,63500,501.97
2024-08-24 07:03:41,BTCUSD_PERP,bid,63500,501.04
2024-08-24 07:03:41,BTCUSD_PERP,bid,63500,626.94
2024-08-24 07:03:41,BTCUSD_PERP,bid,63500,815.15
2024-08-24 07:03:41,BTCUSD_PERP,bid,63500,878.1
2024-08-24 07:03:41,BTCUSD_PERP,bid,63500,940.95
2024-08-24 07:03:42,BTCUSD_PERP,bid,63500,1003.26
2024-08-24 07:03:42,BTCUSD_PERP,bid,63500,1065.57
2024-08-24 07:05:13,BTCUSD_PERP,bid,63500,1065.57
2024-08-24 07:05:22,BTCUSD_PERP,bid,63500,813.87
2024-08-24 07:05:23,BTCUSD_PERP,bid,63500,751.56
2024-08-24 07:05:23,BTCUSD_PERP,bid,63500,626.3
2024-08-24 07:05:23,BTCUSD_PERP,bid,63500,501.04
2024-08-24 07:05:23,BTCUSD_PERP,bid,63600,564.8
2024-08-24 07:05:24,BTCUSD_PERP,bid,63600,627.14
2024-08-24 07:05:24,BTCUSD_PERP,bid,63600,690.12
2024-08-24 07:05:41,BTCUSD_PERP,bid,63600,627.14
2024-08-24 07:05:42,BTCUSD_PERP,bid,63600,501.92
2024-08-24 07:05:42,BTCUSD_PERP,bid,63600,502.78
2024-08-24 07:05:42,BTCUSD_PERP,bid,63600,628.18
2024-08-24 07:05:43,BTCUSD_PERP,bid,63600,691.2
2024-08-24 07:05:43,BTCUSD_PERP,bid,63600,753.58
2024-08-24 07:06:39,BTCUSD_PERP,bid,63600,627.34
2024-08-24 07:06:39,BTCUSD_PERP,bid,63600,690.33
2024-08-24 07:07:33,BTCUSD_PERP,ask,64800,508.03
2024-08-24 07:07:33,BTCUSD_PERP,ask,64800,518.39
2024-08-24 07:08:11,BTCUSD_PERP,bid,63400,486.51
2024-08-24 07:08:11,BTCUSD_PERP,bid,63500,1065.06
2024-08-24 07:08:11,BTCUSD_PERP,bid,63400,549.32
2024-08-24 07:08:11,BTCUSD_PERP,bid,63500,1127.98
2024-08-24 07:08:20,BTCUSD_PERP,ask,64700,476.45
2024-08-24 07:09:07,BTCUSD_PERP,ask,64700,470.04
2024-08-24 07:10:20,BTCUSD_PERP,bid,63500,814.14
2024-08-24 07:10:20,BTCUSD_PERP,bid,63500,1127.26
2024-08-24 07:10:20,BTCUSD_PERP,bid,63400,501.86
2024-08-24 07:10:20,BTCUSD_PERP,bid,63500,1190.14
2024-08-24 07:10:39,BTCUSD_PERP,bid,63500,1065.66
2024-08-24 07:10:39,BTCUSD_PERP,bid,63400,750.83
2024-08-24 07:10:39,BTCUSD_PERP,bid,63400,939.35
2024-08-24 07:10:39,BTCUSD_PERP,bid,63400,501.09
2024-08-24 07:10:39,BTCUSD_PERP,bid,63400,1002.19
2024-08-24 07:10:53,BTCUSD_PERP,ask,64700,467.69
2024-08-24 07:12:47,BTCUSD_PERP,bid,63400,1002.82
2024-08-24 07:12:54,BTCUSD_PERP,bid,63400,939.98
2024-08-24 07:12:54,BTCUSD_PERP,bid,63400,500.59
2024-08-24 07:12:55,BTCUSD_PERP,bid,63300,506.8
2024-08-24 07:12:55,BTCUSD_PERP,bid,63400,1001.08
2024-08-24 07:12:55,BTCUSD_PERP,bid,63300,569.5
2024-08-24 07:13:20,BTCUSD_PERP,bid,63300,563.58
2024-08-24 07:15:03,BTCUSD_PERP,bid,63400,938.27
2024-08-24 07:15:03,BTCUSD_PERP,bid,63400,875.46
2024-08-24 07:15:03,BTCUSD_PERP,bid,63300,501.46
2024-08-24 07:15:03,BTCUSD_PERP,bid,63400,750.47
2024-08-24 07:15:03,BTCUSD_PERP,bid,63400,562.67
2024-08-24 07:15:04,BTCUSD_PERP,bid,63400,500.49
2024-08-24 07:15:04,BTCUSD_PERP,bid,63400,500.24
2024-08-24 07:15:04,BTCUSD_PERP,bid,63400,562.45
2024-08-24 07:15:56,BTCUSD_PERP,bid,63400,500.24
2024-08-24 07:15:57,BTCUSD_PERP,bid,63400,500.49
2024-08-24 07:15:57,BTCUSD_PERP,bid,63400,563.3
2024-08-24 07:15:57,BTCUSD_PERP,bid,63400,750.47
2024-08-24 07:16:10,BTCUSD_PERP,bid,63400,574.23
2024-08-24 07:17:00,BTCUSD_PERP,bid,63400,511.46
2024-08-24 07:17:30,BTCUSD_PERP,bid,63400,500.96
2024-08-24 07:17:30,BTCUSD_PERP,bid,63400,563.72
2024-08-24 07:17:31,BTCUSD_PERP,bid,63400,626.58
2024-08-24 07:18:54,BTCUSD_PERP,bid,63400,814.76
2024-08-24 07:19:53,BTCUSD_PERP,bid,63400,563.43
2024-08-24 07:19:53,BTCUSD_PERP,bid,63400,626.25
2024-08-24 07:19:53,BTCUSD_PERP,bid,63400,751.26
2024-08-24 07:19:55,BTCUSD_PERP,bid,63400,751.31
2024-08-24 07:20:03,BTCUSD_PERP,ask,64900,539.59
2024-08-24 07:20:13,BTCUSD_PERP,bid,63400,689.13
2024-08-24 07:20:14,BTCUSD_PERP,bid,63400,626.31
2024-08-24 07:20:14,BTCUSD_PERP,bid,47000,2444.54
2024-08-24 07:20:14,BTCUSD_PERP,bid,63400,501.59
2024-08-24 07:23:48,BTCUSD_PERP,ask,64600,495.41
2024-08-24 07:23:50,BTCUSD_PERP,ask,64600,501.86
2024-08-24 07:23:51,BTCUSD_PERP,bid,63300,498.88
2024-08-24 07:24:43,BTCUSD_PERP,ask,64600,491.85
2024-08-24 07:24:44,BTCUSD_PERP,ask,64600,481.52
2024-08-24 07:24:46,BTCUSD_PERP,ask,64600,471.19
2024-08-24 07:25:42,BTCUSD_PERP,bid,63300,498.61
2024-08-24 07:31:48,BTCUSD_PERP,ask,64600,474.45
2024-08-24 07:31:50,BTCUSD_PERP,ask,64600,484.77
2024-08-24 07:32:32,BTCUSD_PERP,ask,64500,468.36
2024-08-24 07:32:34,BTCUSD_PERP,ask,64500,478.67
2024-08-24 07:33:33,BTCUSD_PERP,ask,64500,468.35
2024-08-24 07:34:49,BTCUSD_PERP,ask,64600,468.34
2024-08-24 07:34:50,BTCUSD_PERP,ask,64600,478.34
2024-08-24 07:34:51,BTCUSD_PERP,ask,64600,488.66
2024-08-24 07:34:52,BTCUSD_PERP,ask,64600,495.11
2024-08-24 07:34:54,BTCUSD_PERP,ask,64600,501.56
2024-08-24 07:35:06,BTCUSD_PERP,bid,63300,500.03
2024-08-24 07:35:06,BTCUSD_PERP,bid,63300,562.77
2024-08-24 07:35:06,BTCUSD_PERP,bid,63300,500.9
2024-08-24 07:37:09,BTCUSD_PERP,bid,63300,500.03
2024-08-24 07:37:41,BTCUSD_PERP,ask,64600,475.0
2024-08-24 07:37:43,BTCUSD_PERP,ask,64600,481.45
2024-08-24 07:38:20,BTCUSD_PERP,ask,64600,468.83
2024-08-24 07:38:21,BTCUSD_PERP,ask,64600,475.29
2024-08-24 07:38:30,BTCUSD_PERP,bid,63400,501.67
2024-08-24 07:39:20,BTCUSD_PERP,ask,64600,464.96
2024-08-24 07:41:00,BTCUSD_PERP,bid,63500,501.68
