2024-09-02 07:12:00,BTCUSDT,bid,47000,886.071
2024-09-02 07:22:11,BTCUSDT,bid,47000,886.065
2024-09-02 07:24:32,BTCUSDT,bid,57400,1001.704
2024-09-02 07:24:39,BTCUSDT,bid,57400,1001.735
2024-09-02 07:24:45,BTCUSDT,bid,57400,1001.735
2024-09-02 07:24:46,BTCUSDT,bid,57400,1001.74
2024-09-02 07:24:47,BTCUSDT,bid,57400,1001.742
2024-09-02 07:24:48,BTCUSDT,bid,57400,1001.538
2024-09-02 07:24:53,BTCUSDT,bid,57400,1001.712
2024-09-02 07:24:54,BTCUSDT,bid,57400,1001.916
2024-09-02 07:24:54,BTCUSDT,bid,57400,1001.969
2024-09-02 07:24:55,BTCUSDT,bid,57400,1002.471
2024-09-02 07:24:56,BTCUSDT,bid,57400,1001.969
2024-09-02 07:24:58,BTCUSDT,bid,57400,1001.967
2024-09-02 07:25:29,BTCUSDT,bid,57300,1000.872
2024-09-02 07:25:32,BTCUSDT,bid,57300,1000.959
2024-09-02 07:25:34,BTCUSDT,bid,57300,1001.074
2024-09-02 07:25:35,BTCUSDT,bid,57300,1000.959
2024-09-02 07:27:35,BTCUSDT,bid,57400,1003.656
2024-09-02 07:27:41,BTCUSDT,bid,57400,1003.603
2024-09-02 07:27:45,BTCUSDT,bid,57400,1004.58
2024-09-02 07:27:48,BTCUSDT,bid,57400,1504.58
2024-09-02 07:27:53,BTCUSDT,bid,57400,1504.618
2024-09-02 07:28:02,BTCUSDT,bid,57400,1004.618
2024-09-02 07:28:21,BTCUSDT,bid,57400,1005.564
2024-09-02 07:28:21,BTCUSDT,bid,57400,1006.569
2024-09-02 07:28:21,BTCUSDT,bid,57400,1006.588
2024-09-02 07:28:27,BTCUSDT,bid,57400,1005.489
2024-09-02 07:28:29,BTCUSDT,bid,47000,885.992
2024-09-02 07:28:30,BTCUSDT,bid,57400,1006.123
2024-09-02 07:28:36,BTCUSDT,bid,57400,1006.125
2024-09-02 07:28:42,BTCUSDT,bid,57400,1006.562
2024-09-02 07:28:44,BTCUSDT,bid,57400,1006.342
2024-09-02 07:28:44,BTCUSDT,bid,57400,1006.263
2024-09-02 07:28:44,BTCUSDT,bid,57400,1006.418
2024-09-02 07:28:47,BTCUSDT,bid,57400,1006.464
2024-09-02 07:28:49,BTCUSDT,bid,57400,1006.681
2024-09-02 07:28:49,BTCUSDT,bid,57400,1006.901
2024-09-02 07:28:49,BTCUSDT,bid,57400,1006.681
2024-09-02 07:28:51,BTCUSDT,bid,57400,1006.901
2024-09-02 07:28:53,BTCUSDT,bid,57400,1006.681
2024-09-02 07:28:53,BTCUSDT,bid,57400,1006.901
2024-09-02 07:29:36,BTCUSDT,bid,57400,1000.441
2024-09-02 07:29:37,BTCUSDT,bid,57400,1000.255
2024-09-02 07:29:38,BTCUSDT,bid,57400,1000.321
2024-09-02 07:29:40,BTCUSDT,bid,57400,1000.321
2024-09-02 07:29:41,BTCUSDT,bid,57400,1000.145
2024-09-02 07:29:43,BTCUSDT,bid,57400,1000.176
2024-09-02 07:29:44,BTCUSDT,bid,57400,1000.226
2024-09-02 07:29:44,BTCUSDT,bid,57400,1000.231
2024-09-02 07:29:47,BTCUSDT,bid,57400,1000.249
2024-09-02 07:29:52,BTCUSDT,bid,57400,1800.249
2024-09-02 07:29:54,BTCUSDT,bid,57400,1800.256
2024-09-02 07:29:56,BTCUSDT,bid,57400,1800.256
2024-09-02 07:30:01,BTCUSDT,bid,57400,1800.206
2024-09-02 07:30:02,BTCUSDT,bid,57400,1800.208
2024-09-02 07:30:02,BTCUSDT,bid,57400,1800.203
2024-09-02 07:30:03,BTCUSDT,bid,57400,1000.203
2024-09-02 07:30:18,BTCUSDT,bid,57400,1000.201
2024-09-02 07:30:24,BTCUSDT,bid,57400,1000.201
2024-09-02 07:00:00,BTCUSD_PERP,bid,56800,561.18
2024-09-02 07:03:22,BTCUSD_PERP,bid,56900,622.1
2024-09-02 07:03:27,BTCUSD_PERP,bid,56800,953.29
2024-09-02 07:03:27,BTCUSD_PERP,bid,56800,1009.61
2024-09-02 07:03:32,BTCUSD_PERP,bid,56800,896.97
2024-09-02 07:03:32,BTCUSD_PERP,bid,56800,618.26
2024-09-02 07:03:38,BTCUSD_PERP,bid,56900,563.41
2024-09-02 07:03:51,BTCUSD_PERP,bid,56800,560.78
2024-09-02 07:03:51,BTCUSD_PERP,bid,56800,729.16
2024-09-02 07:03:52,BTCUSD_PERP,bid,56800,784.9
2024-09-02 07:03:52,BTCUSD_PERP,bid,56800,841.22
2024-09-02 07:03:52,BTCUSD_PERP,bid,56800,952.71
2024-09-02 07:03:52,BTCUSD_PERP,bid,56800,1009.03
2024-09-02 07:03:52,BTCUSD_PERP,bid,56800,547.47
2024-09-02 07:03:52,BTCUSD_PERP,bid,56800,1065.35
2024-09-02 07:03:52,BTCUSD_PERP,bid,56800,1121.67
2024-09-02 07:04:09,BTCUSD_PERP,bid,56800,744.06
2024-09-02 07:04:09,BTCUSD_PERP,bid,56800,800.35
2024-09-02 07:05:27,BTCUSD_PERP,bid,56800,688.35
2024-09-02 07:05:27,BTCUSD_PERP,bid,56800,576.93
2024-09-02 07:05:28,BTCUSD_PERP,bid,56800,547.52
2024-09-02 07:05:28,BTCUSD_PERP,bid,56800,673.43
2024-09-02 07:05:28,BTCUSD_PERP,bid,56800,729.17
2024-09-02 07:05:28,BTCUSD_PERP,bid,56800,784.92
2024-09-02 07:05:29,BTCUSD_PERP,bid,56800,953.88
2024-09-02 07:05:29,BTCUSD_PERP,bid,56800,1009.62
2024-09-02 07:05:29,BTCUSD_PERP,bid,56800,1065.94
2024-09-02 07:05:29,BTCUSD_PERP,bid,56800,1121.68
2024-09-02 07:06:12,BTCUSD_PERP,bid,56800,1065.94
2024-09-02 07:06:12,BTCUSD_PERP,bid,56800,954.46
2024-09-02 07:06:12,BTCUSD_PERP,bid,56800,898.72
2024-09-02 07:06:12,BTCUSD_PERP,bid,56800,842.4
2024-09-02 07:06:13,BTCUSD_PERP,bid,56800,786.08
2024-09-02 07:06:13,BTCUSD_PERP,bid,56800,674.02
2024-09-02 07:06:13,BTCUSD_PERP,bid,56800,562.54
2024-09-02 07:06:13,BTCUSD_PERP,bid,56900,672.72
2024-09-02 07:06:13,BTCUSD_PERP,bid,56900,729.07
2024-09-02 07:06:13,BTCUSD_PERP,bid,56900,784.85
2024-09-02 07:06:13,BTCUSD_PERP,bid,56900,841.11
2024-09-02 07:06:14,BTCUSD_PERP,bid,56900,897.46
2024-09-02 07:06:14,BTCUSD_PERP,bid,56900,953.81
2024-09-02 07:06:14,BTCUSD_PERP,bid,56900,1010.16
2024-09-02 07:06:14,BTCUSD_PERP,bid,56900,1122.86
2024-09-02 07:06:14,BTCUSD_PERP,bid,56800,547.81
2024-09-02 07:07:09,BTCUSD_PERP,bid,56900,954.39
2024-09-02 07:07:09,BTCUSD_PERP,bid,56800,786.21
2024-09-02 07:07:09,BTCUSD_PERP,bid,56800,842.53
2024-09-02 07:07:14,BTCUSD_PERP,bid,56800,786.78
2024-09-02 07:07:14,BTCUSD_PERP,bid,56800,562.16
2024-09-02 07:07:14,BTCUSD_PERP,bid,56800,840.26
2024-09-02 07:07:14,BTCUSD_PERP,bid,56800,952.84
2024-09-02 07:07:14,BTCUSD_PERP,bid,56800,547.45
2024-09-02 07:07:14,BTCUSD_PERP,bid,56800,1009.13
2024-09-02 07:07:48,BTCUSD_PERP,bid,56800,896.55
2024-09-02 07:07:48,BTCUSD_PERP,bid,56800,840.83
2024-09-02 07:07:49,BTCUSD_PERP,bid,56800,784.54
2024-09-02 07:07:49,BTCUSD_PERP,bid,56800,728.25
2024-09-02 07:07:49,BTCUSD_PERP,bid,56800,672.53
2024-09-02 07:07:49,BTCUSD_PERP,bid,56800,952.33
2024-09-02 07:07:49,BTCUSD_PERP,bid,56700,546.95
2024-09-02 07:07:49,BTCUSD_PERP,bid,56800,1008.59
2024-09-02 07:12:45,BTCUSD_PERP,bid,56900,618.11
2024-09-02 07:12:45,BTCUSD_PERP,bid,56900,674.46
2024-09-02 07:16:10,BTCUSD_PERP,bid,56900,618.11
2024-09-02 07:16:10,BTCUSD_PERP,bid,56900,561.76
2024-09-02 07:16:37,BTCUSD_PERP,bid,57000,564.8
2024-09-02 07:16:37,BTCUSD_PERP,bid,57000,620.67
2024-09-02 07:16:37,BTCUSD_PERP,bid,57000,634.21
2024-09-02 07:16:37,BTCUSD_PERP,bid,57000,690.66
2024-09-02 07:16:37,BTCUSD_PERP,bid,57000,803.56
2024-09-02 07:17:12,BTCUSD_PERP,bid,57000,747.11
2024-09-02 07:17:13,BTCUSD_PERP,bid,57000,690.66
2024-09-02 07:17:13,BTCUSD_PERP,bid,56900,563.04
2024-09-02 07:17:13,BTCUSD_PERP,bid,56900,787.57
2024-09-02 07:17:13,BTCUSD_PERP,bid,56900,843.41
2024-09-02 07:17:21,BTCUSD_PERP,bid,56900,786.99
2024-09-02 07:17:21,BTCUSD_PERP,bid,56900,674.73
2024-09-02 07:17:21,BTCUSD_PERP,bid,56900,561.89
2024-09-02 07:17:22,BTCUSD_PERP,bid,56900,562.09
2024-09-02 07:17:22,BTCUSD_PERP,bid,56900,617.9
2024-09-02 07:17:22,BTCUSD_PERP,bid,56900,730.09
2024-09-02 07:17:23,BTCUSD_PERP,bid,56900,786.47
2024-09-02 07:18:07,BTCUSD_PERP,bid,56900,673.71
2024-09-02 07:18:08,BTCUSD_PERP,bid,56900,617.57
2024-09-02 07:18:13,BTCUSD_PERP,bid,56900,561.22
2024-09-02 07:20:02,BTCUSD_PERP,bid,56900,562.09
2024-09-02 07:20:02,BTCUSD_PERP,bid,56900,618.47
2024-09-02 07:20:03,BTCUSD_PERP,bid,56900,730.66
2024-09-02 07:23:34,BTCUSD_PERP,bid,56900,561.24
2024-09-02 07:25:17,BTCUSD_PERP,bid,56900,618.21
2024-09-02 07:25:44,BTCUSD_PERP,bid,56900,561.84
2024-09-02 07:25:46,BTCUSD_PERP,bid,56900,562.44
2024-09-02 07:26:24,BTCUSD_PERP,bid,56900,562.45
2024-09-02 07:28:30,BTCUSD_PERP,bid,57000,564.16
2024-09-02 07:28:30,BTCUSD_PERP,bid,57000,620.62
2024-09-02 07:28:56,BTCUSD_PERP,bid,57000,564.16
2024-09-02 07:28:57,BTCUSD_PERP,bid,57000,674.16
2024-09-02 07:29:35,BTCUSD_PERP,bid,57000,617.73
2024-09-02 07:29:35,BTCUSD_PERP,bid,57000,561.4
