2024-09-11 12:11:37,BTCUSDT,bid,47500,639.972
2024-09-11 12:26:06,BTCUSDT,bid,47000,897.287
2024-09-11 12:26:44,BTCUSDT,bid,47500,639.969
2024-09-11 12:30:28,BTCUSDT,bid,47500,639.919
2024-09-11 12:36:42,BTCUSDT,bid,47300,807.711
2024-09-11 12:42:55,BTCUSDT,bid,47000,897.29
2024-09-11 12:46:14,BTCUSDT,bid,47000,897.287
2024-09-11 12:47:11,BTCUSDT,bid,47300,807.701
2024-09-11 12:58:14,BTCUSDT,bid,47000,897.29
2024-09-11 13:03:50,BTCUSDT,bid,47000,897.21
2024-09-11 13:03:54,BTCUSDT,bid,47000,897.216
2024-09-11 13:04:27,BTCUSDT,bid,47000,897.259
2024-09-11 13:04:49,BTCUSDT,bid,47000,897.33
2024-09-11 13:06:11,BTCUSDT,bid,47000,897.38
2024-09-11 13:08:11,BTCUSDT,bid,47500,638.867
2024-09-11 13:17:38,BTCUSDT,bid,47000,897.337
2024-09-11 13:30:17,BTCUSDT,bid,47000,897.32
2024-09-11 13:44:30,BTCUSDT,bid,47000,897.425
2024-09-11 13:55:06,BTCUSDT,bid,47500,638.87
2024-09-11 13:55:06,BTCUSDT,bid,47500,638.873
2024-09-11 13:55:06,BTCUSDT,bid,47500,638.876
2024-09-11 13:55:20,BTCUSDT,bid,47500,638.867
2024-09-11 14:55:09,BTCUSDT,bid,47000,897.28
2024-09-11 15:02:12,BTCUSDT,bid,47000,898.186
2024-09-11 15:21:12,BTCUSDT,bid,47000,897.878
2024-09-11 15:42:43,BTCUSDT,bid,47000,903.586
2024-09-11 15:43:07,BTCUSDT,bid,47000,902.133
2024-09-11 15:55:48,BTCUSDT,bid,47500,638.894
2024-09-11 15:56:04,BTCUSDT,bid,47500,638.885
2024-09-11 16:33:26,BTCUSDT,bid,47000,902.18
2024-09-11 16:40:45,BTCUSDT,bid,47000,902.133
2024-09-11 16:45:26,BTCUSDT,bid,47000,902.123
2024-09-11 16:55:18,BTCUSDT,bid,47000,902.845
2024-09-11 17:12:03,BTCUSDT,bid,47000,902.848
2024-09-11 17:26:39,BTCUSDT,bid,47500,639.306
2024-09-11 17:45:24,BTCUSDT,bid,47000,902.852
2024-09-11 18:42:45,BTCUSDT,bid,47500,640.693
2024-09-11 18:45:38,BTCUSDT,bid,47500,639.306
2024-09-11 19:06:40,BTCUSDT,bid,47000,902.979
2024-09-11 19:27:41,BTCUSDT,bid,47000,902.969
2024-09-11 19:31:42,BTCUSDT,bid,47000,902.957
2024-09-11 19:32:59,BTCUSDT,bid,47000,902.83
2024-09-11 19:44:05,BTCUSDT,bid,47000,902.867
2024-09-11 19:44:10,BTCUSDT,bid,47500,639.362
2024-09-11 19:47:57,BTCUSDT,bid,47000,902.888
2024-09-11 20:02:14,BTCUSDT,bid,47500,639.359
2024-09-11 20:05:01,BTCUSDT,bid,47000,902.882
2024-09-11 20:09:11,BTCUSDT,bid,47000,902.808
2024-09-11 20:11:24,BTCUSDT,bid,47500,639.365
2024-09-11 20:27:57,BTCUSDT,bid,47500,639.359
2024-09-11 20:31:18,BTCUSDT,bid,47000,902.703
2024-09-11 20:31:44,BTCUSDT,bid,47500,639.434
2024-09-11 20:34:08,BTCUSDT,bid,47000,901.797
2024-09-11 20:37:30,BTCUSDT,bid,47500,639.523
2024-09-11 20:39:28,BTCUSDT,bid,47000,886.797
2024-09-11 20:39:42,BTCUSDT,bid,47000,887.035
2024-09-11 20:39:53,BTCUSDT,bid,47000,886.797
2024-09-11 20:45:40,BTCUSDT,bid,47000,886.812
2024-09-11 20:46:08,BTCUSDT,bid,47300,809.248
2024-09-11 12:23:21,BTCUSD_PERP,bid,47000,2439.79
2024-09-11 13:04:44,BTCUSD_PERP,bid,47000,2439.8
2024-09-11 18:11:56,BTCUSD_PERP,bid,47000,2439.88
2024-09-11 19:21:13,BTCUSD_PERP,bid,47000,2439.84
2024-09-11 20:51:32,BTCUSD_PERP,bid,55400,711.24
2024-09-11 20:51:32,BTCUSD_PERP,bid,55400,766.17
2024-09-11 20:51:43,BTCUSD_PERP,bid,55400,711.24
2024-09-11 20:51:43,BTCUSD_PERP,bid,55400,601.93
2024-09-11 20:51:43,BTCUSD_PERP,bid,55400,547.0
2024-09-11 20:51:44,BTCUSD_PERP,bid,55400,601.53
2024-09-11 20:51:44,BTCUSD_PERP,bid,55400,656.47
2024-09-11 20:51:58,BTCUSD_PERP,bid,55400,547.15
2024-09-11 20:53:08,BTCUSD_PERP,bid,55400,602.0
2024-09-11 20:53:08,BTCUSD_PERP,bid,55400,656.94
2024-09-11 20:53:51,BTCUSD_PERP,bid,55300,755.64
2024-09-11 20:53:51,BTCUSD_PERP,bid,55300,810.48
2024-09-11 20:53:53,BTCUSD_PERP,bid,55300,701.36
2024-09-11 20:53:53,BTCUSD_PERP,bid,55300,646.62
2024-09-11 20:53:54,BTCUSD_PERP,bid,55300,591.78
2024-09-11 20:54:02,BTCUSD_PERP,bid,55400,601.55
2024-09-11 20:54:03,BTCUSD_PERP,bid,55400,656.44
2024-09-11 20:54:24,BTCUSD_PERP,bid,55400,601.22
2024-09-11 20:54:24,BTCUSD_PERP,bid,55400,656.08
2024-09-11 20:54:33,BTCUSD_PERP,bid,55300,546.72
2024-09-11 20:54:33,BTCUSD_PERP,bid,55300,601.55
2024-09-11 20:54:42,BTCUSD_PERP,bid,55300,547.28
2024-09-11 20:55:03,BTCUSD_PERP,bid,55400,547.02
2024-09-11 20:55:53,BTCUSD_PERP,bid,55400,546.89
2024-09-11 20:55:53,BTCUSD_PERP,bid,55400,656.16
2024-09-11 20:56:11,BTCUSD_PERP,bid,55400,601.8
2024-09-11 20:56:11,BTCUSD_PERP,bid,55400,655.85
2024-09-11 20:56:25,BTCUSD_PERP,bid,55400,546.35
2024-09-11 21:01:10,BTCUSD_PERP,bid,55300,600.18
2024-09-11 21:01:23,BTCUSD_PERP,bid,55300,545.41
2024-09-11 21:03:32,BTCUSD_PERP,bid,55300,581.33
2024-09-11 21:05:46,BTCUSD_PERP,bid,55400,549.19
2024-09-11 21:06:11,BTCUSD_PERP,bid,55400,710.41
2024-09-11 21:06:14,BTCUSD_PERP,bid,55400,710.06
2024-09-11 21:06:40,BTCUSD_PERP,bid,55300,927.88
2024-09-11 21:07:27,BTCUSD_PERP,bid,55300,818.81
2024-09-11 21:07:27,BTCUSD_PERP,bid,55300,600.37
2024-09-11 21:07:28,BTCUSD_PERP,bid,55300,818.85
2024-09-11 21:07:55,BTCUSD_PERP,bid,55300,764.62
2024-09-11 21:07:55,BTCUSD_PERP,bid,55300,600.83
2024-09-11 21:08:30,BTCUSD_PERP,bid,55400,546.76
2024-09-11 21:08:30,BTCUSD_PERP,bid,55400,601.66
2024-09-11 21:08:42,BTCUSD_PERP,bid,55400,547.32
2024-09-11 21:08:57,BTCUSD_PERP,bid,55400,546.78
2024-09-11 21:10:17,BTCUSD_PERP,bid,55400,778.34
2024-09-11 21:10:18,BTCUSD_PERP,bid,55400,833.2
2024-09-11 21:11:46,BTCUSD_PERP,bid,55300,600.73
2024-09-11 21:11:49,BTCUSD_PERP,bid,55300,546.46
2024-09-11 21:12:28,BTCUSD_PERP,bid,55400,601.23
2024-09-11 21:12:28,BTCUSD_PERP,bid,55400,656.1
2024-09-11 21:13:02,BTCUSD_PERP,bid,55400,546.36
2024-09-11 21:13:04,BTCUSD_PERP,bid,55400,548.01
2024-09-11 21:13:04,BTCUSD_PERP,bid,55400,602.92
2024-09-11 21:13:04,BTCUSD_PERP,bid,55400,657.83
2024-09-11 21:13:04,BTCUSD_PERP,bid,55400,712.18
2024-09-11 21:13:04,BTCUSD_PERP,bid,55400,822.0
2024-09-11 21:13:30,BTCUSD_PERP,bid,55400,656.73
2024-09-11 21:13:30,BTCUSD_PERP,bid,55400,874.55
2024-09-11 21:13:30,BTCUSD_PERP,bid,55400,929.42
2024-09-11 21:13:33,BTCUSD_PERP,bid,55400,766.01
2024-09-11 21:13:33,BTCUSD_PERP,bid,55400,711.14
2024-09-11 21:13:33,BTCUSD_PERP,bid,55400,656.27
2024-09-11 21:13:33,BTCUSD_PERP,bid,55400,547.08
2024-09-11 21:13:41,BTCUSD_PERP,bid,55400,656.33
2024-09-11 21:13:41,BTCUSD_PERP,bid,55400,711.2
2024-09-11 21:13:52,BTCUSD_PERP,bid,55400,548.19
2024-09-11 21:14:34,BTCUSD_PERP,bid,55400,656.13
2024-09-11 21:14:34,BTCUSD_PERP,bid,55400,711.0
2024-09-11 21:14:46,BTCUSD_PERP,bid,55300,547.66
2024-09-11 21:14:46,BTCUSD_PERP,bid,55300,929.26
2024-09-11 21:14:47,BTCUSD_PERP,bid,55300,984.09
2024-09-11 21:14:53,BTCUSD_PERP,bid,55300,764.35
2024-09-11 21:14:58,BTCUSD_PERP,bid,55300,545.24
2024-09-11 21:14:58,BTCUSD_PERP,bid,55300,545.5
2024-09-11 21:14:58,BTCUSD_PERP,bid,55300,708.7
2024-09-11 21:14:58,BTCUSD_PERP,bid,55300,763.47
2024-09-11 21:15:15,BTCUSD_PERP,bid,55300,708.7
2024-09-11 21:15:15,BTCUSD_PERP,bid,55300,653.93
2024-09-11 21:15:15,BTCUSD_PERP,bid,55300,599.16
2024-09-11 21:15:16,BTCUSD_PERP,bid,55300,546.11
2024-09-11 21:15:16,BTCUSD_PERP,bid,55300,600.36
2024-09-11 21:15:17,BTCUSD_PERP,bid,55300,709.42
2024-09-11 21:15:21,BTCUSD_PERP,bid,55300,927.63
2024-09-11 21:15:21,BTCUSD_PERP,bid,55300,982.4
2024-09-11 21:15:25,BTCUSD_PERP,bid,55300,873.52
2024-09-11 21:15:25,BTCUSD_PERP,bid,55200,818.2
2024-09-11 21:15:28,BTCUSD_PERP,bid,55200,763.16
2024-09-11 21:15:28,BTCUSD_PERP,bid,55200,817.86
2024-09-11 21:15:35,BTCUSD_PERP,bid,55200,763.16
2024-09-11 21:15:35,BTCUSD_PERP,bid,55200,653.76
2024-09-11 21:15:35,BTCUSD_PERP,bid,55200,599.06
2024-09-11 21:15:35,BTCUSD_PERP,bid,55200,544.36
2024-09-11 21:18:28,BTCUSD_PERP,bid,55200,544.99
2024-09-11 21:20:26,BTCUSD_PERP,bid,55200,545.7
2024-09-11 21:21:18,BTCUSD_PERP,bid,55200,544.04
2024-09-11 21:21:34,BTCUSD_PERP,bid,55200,543.75
2024-09-11 21:22:16,BTCUSD_PERP,bid,55200,600.47
2024-09-11 21:22:16,BTCUSD_PERP,bid,55200,655.16
2024-09-11 21:22:42,BTCUSD_PERP,bid,55200,600.47
2024-09-11 21:22:42,BTCUSD_PERP,bid,55200,545.78
2024-09-11 21:22:43,BTCUSD_PERP,bid,55200,546.1
2024-09-11 21:22:43,BTCUSD_PERP,bid,55200,600.27
2024-09-11 21:22:44,BTCUSD_PERP,bid,55200,654.44
2024-09-11 21:22:44,BTCUSD_PERP,bid,55200,709.16
2024-09-11 21:23:05,BTCUSD_PERP,bid,55200,654.44
2024-09-11 21:23:05,BTCUSD_PERP,bid,55200,600.27
2024-09-11 21:23:05,BTCUSD_PERP,bid,55200,545.55
2024-09-11 21:24:46,BTCUSD_PERP,bid,55300,546.9
2024-09-11 21:24:46,BTCUSD_PERP,bid,55300,601.16
2024-09-11 21:25:14,BTCUSD_PERP,bid,55300,765.4
2024-09-11 21:25:15,BTCUSD_PERP,bid,55300,820.24
2024-09-11 21:25:28,BTCUSD_PERP,bid,55300,765.4
2024-09-11 21:25:28,BTCUSD_PERP,bid,55300,710.56
2024-09-11 21:25:28,BTCUSD_PERP,bid,55300,600.88
2024-09-11 21:25:28,BTCUSD_PERP,bid,55300,546.6
2024-09-11 21:26:37,BTCUSD_PERP,bid,55300,545.24
2024-09-11 21:26:37,BTCUSD_PERP,bid,55300,600.05
2024-09-11 21:26:42,BTCUSD_PERP,bid,55300,545.24
2024-09-11 21:29:14,BTCUSD_PERP,bid,55400,546.79
2024-09-11 21:29:14,BTCUSD_PERP,bid,55400,601.69
2024-09-11 21:29:48,BTCUSD_PERP,bid,55400,546.79
2024-09-11 21:35:27,BTCUSD_PERP,bid,55300,545.2
2024-09-11 21:35:28,BTCUSD_PERP,bid,55300,599.44
2024-09-11 21:35:28,BTCUSD_PERP,bid,55300,708.48
2024-09-11 21:35:28,BTCUSD_PERP,bid,55300,763.28
2024-09-11 21:36:05,BTCUSD_PERP,bid,55300,600.0
2024-09-11 21:36:06,BTCUSD_PERP,bid,55300,545.76
2024-09-11 21:36:07,BTCUSD_PERP,bid,55300,601.5
2024-09-11 21:36:07,BTCUSD_PERP,bid,55300,710.62
2024-09-11 21:36:33,BTCUSD_PERP,bid,55300,600.01
2024-09-11 21:36:33,BTCUSD_PERP,bid,55300,654.82
2024-09-11 21:36:47,BTCUSD_PERP,bid,55300,654.51
2024-09-11 21:36:47,BTCUSD_PERP,bid,55300,709.29
2024-09-11 21:37:20,BTCUSD_PERP,bid,55300,599.73
2024-09-11 21:37:20,BTCUSD_PERP,bid,55300,545.5
2024-09-11 21:37:22,BTCUSD_PERP,bid,55300,600.27
2024-09-11 21:37:22,BTCUSD_PERP,bid,55300,654.55
2024-09-11 21:37:22,BTCUSD_PERP,bid,55300,709.38
2024-09-11 21:37:29,BTCUSD_PERP,bid,55300,654.55
2024-09-11 21:37:31,BTCUSD_PERP,bid,55300,818.15
2024-09-11 21:37:39,BTCUSD_PERP,bid,55300,763.38
2024-09-11 21:37:40,BTCUSD_PERP,bid,55300,709.16
2024-09-11 21:37:40,BTCUSD_PERP,bid,55300,654.39
2024-09-11 21:37:40,BTCUSD_PERP,bid,55300,544.85
2024-09-11 21:37:47,BTCUSD_PERP,bid,55300,545.15
2024-09-11 21:38:16,BTCUSD_PERP,bid,55300,547.45
2024-09-11 21:38:16,BTCUSD_PERP,bid,55300,656.43
2024-09-11 21:38:25,BTCUSD_PERP,bid,55300,708.77
2024-09-11 21:39:45,BTCUSD_PERP,bid,55200,709.57
2024-09-11 21:40:07,BTCUSD_PERP,bid,55200,655.42
2024-09-11 21:40:07,BTCUSD_PERP,bid,55200,600.8
2024-09-11 21:40:07,BTCUSD_PERP,bid,55200,709.34
2024-09-11 21:40:15,BTCUSD_PERP,bid,55200,654.65
2024-09-11 21:40:52,BTCUSD_PERP,bid,55200,599.96
2024-09-11 21:40:52,BTCUSD_PERP,bid,55200,545.37
2024-09-11 21:44:22,BTCUSD_PERP,bid,55200,599.29
2024-09-11 21:44:22,BTCUSD_PERP,bid,55200,653.98
2024-09-11 21:44:39,BTCUSD_PERP,bid,55200,653.05
2024-09-11 21:44:45,BTCUSD_PERP,bid,55200,598.95
2024-09-11 21:44:45,BTCUSD_PERP,bid,55200,544.84
2024-09-11 21:44:59,BTCUSD_PERP,bid,55100,598.84
2024-09-11 21:45:02,BTCUSD_PERP,bid,55100,544.2
2024-09-11 21:49:21,BTCUSD_PERP,bid,55100,543.86
2024-09-11 21:49:54,BTCUSD_PERP,bid,55000,869.33
2024-09-11 21:49:54,BTCUSD_PERP,bid,55000,923.87
2024-09-11 21:50:13,BTCUSD_PERP,bid,55000,707.36
2024-09-11 21:50:14,BTCUSD_PERP,bid,55000,652.82
2024-09-11 21:50:14,BTCUSD_PERP,bid,55000,598.28
2024-09-11 21:50:14,BTCUSD_PERP,bid,55100,598.07
2024-09-11 21:51:11,BTCUSD_PERP,bid,55100,597.52
2024-09-11 21:52:31,BTCUSD_PERP,bid,55000,597.19
2024-09-11 21:55:03,BTCUSD_PERP,bid,55200,598.51
2024-09-11 21:55:03,BTCUSD_PERP,bid,55200,652.63
2024-09-11 21:55:03,BTCUSD_PERP,bid,55200,706.75
2024-09-11 21:55:10,BTCUSD_PERP,bid,55200,598.06
2024-09-11 21:55:10,BTCUSD_PERP,bid,55200,543.95
2024-09-11 21:55:33,BTCUSD_PERP,bid,55100,544.19
2024-09-11 21:56:08,BTCUSD_PERP,bid,55100,598.74
2024-09-11 21:56:21,BTCUSD_PERP,bid,55200,544.72
2024-09-11 21:56:21,BTCUSD_PERP,bid,55200,599.42
2024-09-11 21:56:36,BTCUSD_PERP,bid,55200,544.72
2024-09-11 21:56:36,BTCUSD_PERP,bid,55300,545.2
2024-09-11 21:56:36,BTCUSD_PERP,bid,55300,654.04
2024-09-11 21:56:36,BTCUSD_PERP,bid,55300,763.52
2024-09-11 21:56:36,BTCUSD_PERP,bid,55300,765.49
2024-09-11 21:56:37,BTCUSD_PERP,bid,55300,820.23
2024-09-11 21:57:41,BTCUSD_PERP,bid,55300,546.21
2024-09-11 21:57:41,BTCUSD_PERP,bid,55300,709.33
2024-09-11 21:57:42,BTCUSD_PERP,bid,55300,764.07
2024-09-11 21:57:42,BTCUSD_PERP,bid,55300,818.81
2024-09-11 21:57:53,BTCUSD_PERP,bid,55300,709.33
2024-09-11 21:57:53,BTCUSD_PERP,bid,55300,599.94
2024-09-11 21:57:53,BTCUSD_PERP,bid,55300,545.2
2024-09-11 22:01:30,BTCUSD_PERP,bid,55400,547.01
2024-09-11 22:05:43,BTCUSD_PERP,bid,55500,547.1
2024-09-11 22:05:43,BTCUSD_PERP,bid,55500,602.1
2024-09-11 22:05:43,BTCUSD_PERP,bid,55500,712.1
2024-09-11 22:05:45,BTCUSD_PERP,bid,55500,602.66
2024-09-11 22:05:45,BTCUSD_PERP,bid,55500,547.66
2024-09-11 22:06:08,BTCUSD_PERP,bid,55600,712.79
2024-09-11 22:06:09,BTCUSD_PERP,bid,55600,767.93
2024-09-11 22:06:12,BTCUSD_PERP,bid,55600,712.79
2024-09-11 22:06:12,BTCUSD_PERP,bid,55600,657.65
2024-09-11 22:06:12,BTCUSD_PERP,bid,55600,603.87
2024-09-11 22:06:12,BTCUSD_PERP,bid,55600,712.96
2024-09-11 22:06:12,BTCUSD_PERP,bid,55600,768.07
2024-09-11 22:06:21,BTCUSD_PERP,bid,55600,549.42
2024-09-11 22:07:09,BTCUSD_PERP,bid,55600,547.34
2024-09-11 22:07:09,BTCUSD_PERP,bid,55600,602.42
2024-09-11 22:07:20,BTCUSD_PERP,bid,55600,547.34
2024-09-11 22:07:33,BTCUSD_PERP,bid,55600,603.87
2024-09-11 22:07:33,BTCUSD_PERP,bid,55600,821.83
2024-09-11 22:07:34,BTCUSD_PERP,bid,55600,876.88
2024-09-11 22:07:51,BTCUSD_PERP,bid,55600,821.83
2024-09-11 22:12:10,BTCUSD_PERP,bid,55600,549.28
2024-09-11 22:12:11,BTCUSD_PERP,bid,55600,604.33
2024-09-11 22:12:27,BTCUSD_PERP,bid,55600,548.0
2024-09-11 22:13:17,BTCUSD_PERP,bid,55600,548.25
2024-09-11 22:14:54,BTCUSD_PERP,bid,55600,547.95
2024-09-11 22:17:25,BTCUSD_PERP,bid,55700,548.79
2024-09-11 22:17:35,BTCUSD_PERP,bid,55700,606.27
2024-09-11 22:17:35,BTCUSD_PERP,bid,55700,661.47
2024-09-11 22:17:35,BTCUSD_PERP,bid,55700,771.87
2024-09-11 22:18:05,BTCUSD_PERP,bid,55700,716.77
2024-09-11 22:18:05,BTCUSD_PERP,bid,55700,606.37
2024-09-11 22:18:05,BTCUSD_PERP,bid,55700,604.53
2024-09-11 22:18:05,BTCUSD_PERP,bid,55700,659.7
2024-09-11 22:18:20,BTCUSD_PERP,bid,55700,604.53
2024-09-11 22:18:26,BTCUSD_PERP,bid,55700,715.0
2024-09-11 22:18:27,BTCUSD_PERP,bid,55700,824.23
2024-09-11 22:18:27,BTCUSD_PERP,bid,55700,879.41
2024-09-11 22:18:27,BTCUSD_PERP,bid,55700,934.03
2024-09-11 22:18:27,BTCUSD_PERP,bid,55700,989.21
2024-09-11 22:18:37,BTCUSD_PERP,bid,55700,934.03
2024-09-11 22:18:37,BTCUSD_PERP,bid,55700,879.41
2024-09-11 22:18:38,BTCUSD_PERP,bid,55700,715.0
2024-09-11 22:18:38,BTCUSD_PERP,bid,55700,660.38
2024-09-11 22:18:38,BTCUSD_PERP,bid,55700,605.2
2024-09-11 22:18:38,BTCUSD_PERP,bid,55700,550.02
2024-09-11 22:19:01,BTCUSD_PERP,bid,55800,549.59
2024-09-11 22:19:01,BTCUSD_PERP,bid,55800,604.27
2024-09-11 22:19:01,BTCUSD_PERP,bid,55800,659.51
2024-09-11 22:19:02,BTCUSD_PERP,bid,55800,714.75
2024-09-11 22:19:02,BTCUSD_PERP,bid,55800,770.59
2024-09-11 22:19:02,BTCUSD_PERP,bid,55800,825.83
2024-09-11 22:19:02,BTCUSD_PERP,bid,55800,880.97
2024-09-11 22:19:02,BTCUSD_PERP,bid,55800,936.21
2024-09-11 22:19:05,BTCUSD_PERP,bid,55700,605.54
2024-09-11 22:19:54,BTCUSD_PERP,bid,55700,550.89
2024-09-11 22:23:16,BTCUSD_PERP,bid,55700,550.32
2024-09-11 22:23:31,BTCUSD_PERP,bid,55700,770.18
2024-09-11 22:23:31,BTCUSD_PERP,bid,55700,825.36
2024-09-11 22:23:32,BTCUSD_PERP,bid,55700,879.98
2024-09-11 22:23:58,BTCUSD_PERP,bid,55700,825.36
2024-09-11 22:23:59,BTCUSD_PERP,bid,55700,715.19
2024-09-11 22:23:59,BTCUSD_PERP,bid,55700,770.34
2024-09-11 22:24:13,BTCUSD_PERP,bid,55700,660.61
2024-09-11 22:24:13,BTCUSD_PERP,bid,55700,605.46
2024-09-11 22:24:13,BTCUSD_PERP,bid,55700,550.31
2024-09-11 22:24:55,BTCUSD_PERP,bid,55700,549.56
2024-09-11 22:25:20,BTCUSD_PERP,bid,55700,550.72
2024-09-11 22:25:21,BTCUSD_PERP,bid,55700,605.96
2024-09-11 22:25:34,BTCUSD_PERP,bid,55700,606.09
2024-09-11 22:26:19,BTCUSD_PERP,bid,55700,550.85
2024-09-11 22:26:45,BTCUSD_PERP,bid,47000,2439.88
2024-09-11 22:27:15,BTCUSD_PERP,bid,55800,715.85
2024-09-11 22:27:16,BTCUSD_PERP,bid,55800,771.11
2024-09-11 22:27:16,BTCUSD_PERP,bid,55800,826.37
2024-09-11 22:27:53,BTCUSD_PERP,bid,55700,880.22
2024-09-11 22:27:53,BTCUSD_PERP,bid,55700,935.45
2024-09-11 22:28:33,BTCUSD_PERP,bid,55700,880.78
2024-09-11 22:28:33,BTCUSD_PERP,bid,55700,826.11
2024-09-11 22:28:33,BTCUSD_PERP,bid,55700,770.98
2024-09-11 22:28:34,BTCUSD_PERP,bid,55700,715.75
2024-09-11 22:28:34,BTCUSD_PERP,bid,55700,660.52
2024-09-11 22:28:34,BTCUSD_PERP,bid,55700,605.29
2024-09-11 22:28:34,BTCUSD_PERP,bid,55700,550.06
2024-09-11 22:28:34,BTCUSD_PERP,bid,55800,551.47
2024-09-11 22:28:35,BTCUSD_PERP,bid,55800,660.89
2024-09-11 22:28:35,BTCUSD_PERP,bid,55800,770.87
2024-09-11 22:28:35,BTCUSD_PERP,bid,55800,825.58
2024-09-11 22:28:35,BTCUSD_PERP,bid,55800,936.12
2024-09-11 22:28:35,BTCUSD_PERP,bid,55800,991.39
2024-09-11 22:28:45,BTCUSD_PERP,bid,55800,936.12
2024-09-11 22:28:45,BTCUSD_PERP,bid,55800,880.85
2024-09-11 22:28:45,BTCUSD_PERP,bid,55800,661.45
2024-09-11 22:28:46,BTCUSD_PERP,bid,55800,606.18
2024-09-11 22:28:46,BTCUSD_PERP,bid,55800,552.76
2024-09-11 22:28:46,BTCUSD_PERP,bid,55800,662.79
2024-09-11 22:28:46,BTCUSD_PERP,bid,55800,717.99
2024-09-11 22:28:47,BTCUSD_PERP,bid,55800,773.29
2024-09-11 22:28:47,BTCUSD_PERP,bid,55800,828.03
2024-09-11 22:28:47,BTCUSD_PERP,bid,55800,938.63
2024-09-11 22:28:47,BTCUSD_PERP,bid,55800,993.93
2024-09-11 22:29:57,BTCUSD_PERP,bid,55800,938.63
2024-09-11 22:29:57,BTCUSD_PERP,bid,55800,828.03
2024-09-11 22:29:57,BTCUSD_PERP,bid,55800,662.79
2024-09-11 22:29:57,BTCUSD_PERP,bid,55800,826.16
2024-09-11 22:29:57,BTCUSD_PERP,bid,55800,881.43
2024-09-11 22:29:58,BTCUSD_PERP,bid,55800,936.14
2024-09-11 22:30:14,BTCUSD_PERP,bid,55800,880.87
2024-09-11 22:30:14,BTCUSD_PERP,bid,55800,826.16
2024-09-11 22:30:14,BTCUSD_PERP,bid,55800,770.89
2024-09-11 22:30:14,BTCUSD_PERP,bid,55800,715.62
2024-09-11 22:30:14,BTCUSD_PERP,bid,55800,660.45
2024-09-11 22:30:14,BTCUSD_PERP,bid,55800,549.91
2024-09-11 22:30:15,BTCUSD_PERP,bid,55800,551.77
2024-09-11 22:30:15,BTCUSD_PERP,bid,55800,607.07
2024-09-11 22:30:15,BTCUSD_PERP,bid,55800,661.81
2024-09-11 22:30:15,BTCUSD_PERP,bid,55800,716.55
2024-09-11 22:30:15,BTCUSD_PERP,bid,55800,827.15
2024-09-11 22:30:15,BTCUSD_PERP,bid,55800,882.45
2024-09-11 22:30:16,BTCUSD_PERP,bid,55800,937.19
2024-09-11 22:30:21,BTCUSD_PERP,bid,55800,826.69
2024-09-11 22:30:21,BTCUSD_PERP,bid,55800,771.39
2024-09-11 22:30:22,BTCUSD_PERP,bid,55800,606.06
2024-09-11 22:30:22,BTCUSD_PERP,bid,55800,661.0
2024-09-11 22:30:40,BTCUSD_PERP,bid,55800,827.08
2024-09-11 22:30:41,BTCUSD_PERP,bid,55800,881.76
2024-09-11 22:31:01,BTCUSD_PERP,bid,55800,771.28
2024-09-11 22:31:01,BTCUSD_PERP,bid,55800,716.04
2024-09-11 22:31:01,BTCUSD_PERP,bid,55800,660.8
2024-09-11 22:31:01,BTCUSD_PERP,bid,55800,606.12
2024-09-11 22:31:02,BTCUSD_PERP,bid,55800,551.02
2024-09-11 22:31:02,BTCUSD_PERP,bid,55800,661.01
2024-09-11 22:31:30,BTCUSD_PERP,bid,55900,551.72
2024-09-11 22:31:30,BTCUSD_PERP,bid,55900,607.07
2024-09-11 22:31:30,BTCUSD_PERP,bid,55900,662.42
2024-09-11 22:31:30,BTCUSD_PERP,bid,55900,827.34
2024-09-11 22:31:30,BTCUSD_PERP,bid,55900,882.69
2024-09-11 22:32:19,BTCUSD_PERP,bid,55900,772.56
2024-09-11 22:32:19,BTCUSD_PERP,bid,55900,662.42
2024-09-11 22:32:19,BTCUSD_PERP,bid,55900,551.72
2024-09-11 22:32:20,BTCUSD_PERP,bid,55900,551.46
2024-09-11 22:32:21,BTCUSD_PERP,bid,55900,662.2
2024-09-11 22:32:21,BTCUSD_PERP,bid,55900,772.38
2024-09-11 22:32:21,BTCUSD_PERP,bid,55900,883.12
2024-09-11 22:32:21,BTCUSD_PERP,bid,55900,1048.58
2024-09-11 22:32:29,BTCUSD_PERP,bid,55900,993.21
2024-09-11 22:32:29,BTCUSD_PERP,bid,55900,938.4
2024-09-11 22:32:29,BTCUSD_PERP,bid,55900,883.03
2024-09-11 22:32:29,BTCUSD_PERP,bid,55900,772.85
2024-09-11 22:32:29,BTCUSD_PERP,bid,55900,717.48
2024-09-11 22:32:29,BTCUSD_PERP,bid,55900,551.69
2024-09-11 22:32:29,BTCUSD_PERP,bid,55900,937.43
2024-09-11 22:32:29,BTCUSD_PERP,bid,55900,992.78
2024-09-11 22:32:36,BTCUSD_PERP,bid,55800,992.17
2024-09-11 22:33:01,BTCUSD_PERP,bid,55800,772.03
2024-09-11 22:33:01,BTCUSD_PERP,bid,55800,606.1
2024-09-11 22:33:02,BTCUSD_PERP,bid,55800,550.88
2024-09-11 22:33:02,BTCUSD_PERP,bid,55900,551.25
2024-09-11 22:33:02,BTCUSD_PERP,bid,55900,661.41
2024-09-11 22:33:03,BTCUSD_PERP,bid,55900,716.77
2024-09-11 22:33:03,BTCUSD_PERP,bid,55900,771.57
2024-09-11 22:33:19,BTCUSD_PERP,bid,55900,716.21
2024-09-11 22:33:19,BTCUSD_PERP,bid,55900,550.23
2024-09-11 22:33:19,BTCUSD_PERP,bid,55800,661.05
2024-09-11 22:33:19,BTCUSD_PERP,bid,55800,716.38
2024-09-11 22:33:20,BTCUSD_PERP,bid,55800,771.15
2024-09-11 22:33:40,BTCUSD_PERP,bid,55800,715.92
2024-09-11 22:33:40,BTCUSD_PERP,bid,55800,605.26
2024-09-11 22:34:28,BTCUSD_PERP,bid,55800,605.72
2024-09-11 22:34:28,BTCUSD_PERP,bid,55800,715.82
2024-09-11 22:34:28,BTCUSD_PERP,bid,55800,771.15
2024-09-11 22:34:46,BTCUSD_PERP,bid,55800,716.38
2024-09-11 22:34:46,BTCUSD_PERP,bid,55800,605.82
2024-09-11 22:34:47,BTCUSD_PERP,bid,55800,550.49
2024-09-11 22:34:48,BTCUSD_PERP,bid,55900,606.61
2024-09-11 22:34:48,BTCUSD_PERP,bid,55900,661.41
2024-09-11 22:34:48,BTCUSD_PERP,bid,55900,716.77
2024-09-11 22:35:23,BTCUSD_PERP,bid,55900,661.51
2024-09-11 22:35:23,BTCUSD_PERP,bid,55900,606.15
2024-09-11 22:35:23,BTCUSD_PERP,bid,55800,661.05
2024-09-11 22:35:23,BTCUSD_PERP,bid,55800,716.38
2024-09-11 22:36:21,BTCUSD_PERP,bid,55800,606.28
2024-09-11 22:36:21,BTCUSD_PERP,bid,55800,550.22
2024-09-11 22:36:21,BTCUSD_PERP,bid,55800,660.82
2024-09-11 22:36:22,BTCUSD_PERP,bid,55800,716.12
2024-09-11 22:36:28,BTCUSD_PERP,bid,55800,606.08
2024-09-11 22:36:30,BTCUSD_PERP,bid,55800,551.51
2024-09-11 22:36:30,BTCUSD_PERP,bid,55800,606.28
2024-09-11 22:36:30,BTCUSD_PERP,bid,55800,661.61
2024-09-11 22:36:30,BTCUSD_PERP,bid,55800,716.38
2024-09-11 22:36:53,BTCUSD_PERP,bid,55800,661.15
2024-09-11 22:36:53,BTCUSD_PERP,bid,55800,605.82
2024-09-11 22:36:53,BTCUSD_PERP,bid,55800,550.49
2024-09-11 22:36:55,BTCUSD_PERP,bid,55900,552.22
2024-09-11 22:36:55,BTCUSD_PERP,bid,55900,607.62
2024-09-11 22:37:01,BTCUSD_PERP,bid,55900,607.85
2024-09-11 22:37:01,BTCUSD_PERP,bid,55900,662.66
2024-09-11 22:37:08,BTCUSD_PERP,bid,55900,552.48
2024-09-11 22:37:09,BTCUSD_PERP,bid,55900,609.92
2024-09-11 22:37:09,BTCUSD_PERP,bid,55900,665.34
2024-09-11 22:37:22,BTCUSD_PERP,bid,55900,552.59
2024-09-11 22:38:07,BTCUSD_PERP,bid,55900,552.42
2024-09-11 22:38:07,BTCUSD_PERP,bid,55900,663.15
2024-09-11 22:38:49,BTCUSD_PERP,bid,55900,607.74
2024-09-11 22:38:49,BTCUSD_PERP,bid,55900,552.89
2024-09-11 22:39:18,BTCUSD_PERP,bid,56100,553.92
2024-09-11 22:39:18,BTCUSD_PERP,bid,56100,608.91
2024-09-11 22:39:18,BTCUSD_PERP,bid,56100,830.01
2024-09-11 22:39:18,BTCUSD_PERP,bid,56100,885.0
2024-09-11 22:39:18,BTCUSD_PERP,bid,56100,939.99
2024-09-11 22:40:09,BTCUSD_PERP,bid,56100,608.34
2024-09-11 22:40:31,BTCUSD_PERP,bid,56100,608.82
2024-09-11 22:40:31,BTCUSD_PERP,bid,56100,719.38
2024-09-11 22:40:31,BTCUSD_PERP,bid,56100,830.5
2024-09-11 22:40:51,BTCUSD_PERP,bid,56100,774.94
2024-09-11 22:40:51,BTCUSD_PERP,bid,56100,719.38
2024-09-11 22:40:51,BTCUSD_PERP,bid,56000,664.57
2024-09-11 22:40:51,BTCUSD_PERP,bid,56000,775.07
2024-09-11 22:41:44,BTCUSD_PERP,bid,56000,664.01
2024-09-11 22:41:45,BTCUSD_PERP,bid,56000,609.04
2024-09-11 22:41:45,BTCUSD_PERP,bid,56100,608.27
2024-09-11 22:41:45,BTCUSD_PERP,bid,56100,718.82
2024-09-11 22:41:46,BTCUSD_PERP,bid,56100,774.38
2024-09-11 22:41:46,BTCUSD_PERP,bid,56100,829.94
2024-09-11 22:41:46,BTCUSD_PERP,bid,56100,885.5
2024-09-11 22:42:14,BTCUSD_PERP,bid,56100,829.94
2024-09-11 22:42:14,BTCUSD_PERP,bid,56100,774.38
2024-09-11 22:42:14,BTCUSD_PERP,bid,56100,719.38
2024-09-11 22:42:14,BTCUSD_PERP,bid,56100,663.91
2024-09-11 22:42:15,BTCUSD_PERP,bid,56100,608.91
2024-09-11 22:42:15,BTCUSD_PERP,bid,56100,553.91
2024-09-11 22:42:37,BTCUSD_PERP,bid,56200,555.97
2024-09-11 22:43:54,BTCUSD_PERP,bid,56300,556.99
2024-09-11 22:44:31,BTCUSD_PERP,bid,47000,2438.79
2024-09-11 22:45:34,BTCUSD_PERP,bid,56400,611.76
2024-09-11 22:45:34,BTCUSD_PERP,bid,56400,667.53
2024-09-11 22:45:51,BTCUSD_PERP,bid,56400,612.22
2024-09-11 22:45:51,BTCUSD_PERP,bid,56400,556.61
2024-09-11 22:45:54,BTCUSD_PERP,bid,56400,611.66
2024-09-11 22:45:54,BTCUSD_PERP,bid,56400,667.53
2024-09-11 22:45:54,BTCUSD_PERP,bid,56400,723.4
2024-09-11 22:45:57,BTCUSD_PERP,bid,56400,724.58
2024-09-11 22:46:02,BTCUSD_PERP,bid,56400,668.81
2024-09-11 22:46:24,BTCUSD_PERP,bid,56400,612.94
2024-09-11 22:46:24,BTCUSD_PERP,bid,56400,557.63
2024-09-11 22:46:48,BTCUSD_PERP,bid,56400,557.14
2024-09-11 22:48:54,BTCUSD_PERP,bid,56400,723.2
2024-09-11 22:49:23,BTCUSD_PERP,bid,56400,667.92
2024-09-11 22:49:23,BTCUSD_PERP,bid,56400,612.07
2024-09-11 22:49:24,BTCUSD_PERP,bid,56400,556.52
2024-09-11 22:49:37,BTCUSD_PERP,bid,56400,556.26
2024-09-11 22:49:58,BTCUSD_PERP,bid,56300,555.96
2024-09-11 22:50:11,BTCUSD_PERP,bid,56300,611.31
2024-09-11 22:50:17,BTCUSD_PERP,bid,56300,611.01
2024-09-11 22:50:48,BTCUSD_PERP,ask,567000,56.76
2024-09-11 22:55:09,BTCUSD_PERP,bid,56200,555.17
2024-09-11 22:56:21,BTCUSD_PERP,bid,56100,665.06
2024-09-11 22:56:21,BTCUSD_PERP,bid,56100,720.68
2024-09-11 22:58:29,BTCUSD_PERP,bid,56200,553.54
2024-09-11 22:58:30,BTCUSD_PERP,bid,56200,609.17
2024-09-11 22:58:30,BTCUSD_PERP,bid,56200,664.8
2024-09-11 22:58:37,BTCUSD_PERP,bid,56200,665.97
2024-09-11 22:58:55,BTCUSD_PERP,bid,56200,610.34
2024-09-11 22:58:56,BTCUSD_PERP,bid,56200,555.27
2024-09-11 23:02:07,BTCUSD_PERP,bid,56200,554.15
2024-09-11 23:02:07,BTCUSD_PERP,bid,56200,609.75
2024-09-11 23:02:07,BTCUSD_PERP,bid,56200,664.88
2024-09-11 23:02:26,BTCUSD_PERP,bid,56200,609.18
2024-09-11 23:02:26,BTCUSD_PERP,bid,56200,553.48
2024-09-11 23:05:02,BTCUSD_PERP,bid,56400,556.86
2024-09-11 23:07:05,BTCUSD_PERP,bid,56500,557.22
2024-09-11 23:07:05,BTCUSD_PERP,bid,56500,668.55
2024-09-11 23:07:17,BTCUSD_PERP,bid,56500,556.65
2024-09-11 23:11:28,BTCUSD_PERP,bid,56300,556.32
2024-09-11 23:13:07,BTCUSD_PERP,bid,56300,556.29
2024-09-11 23:15:53,BTCUSD_PERP,bid,56300,555.19
2024-09-11 23:16:25,BTCUSD_PERP,bid,56300,678.88
2024-09-11 23:16:25,BTCUSD_PERP,bid,56300,734.62
2024-09-11 23:17:02,BTCUSD_PERP,bid,56300,567.96
2024-09-11 23:17:03,BTCUSD_PERP,bid,56300,556.56
2024-09-11 23:17:03,BTCUSD_PERP,bid,56300,666.98
2024-09-11 23:17:03,BTCUSD_PERP,bid,56300,722.19
2024-09-11 23:17:41,BTCUSD_PERP,bid,56300,666.41
2024-09-11 23:19:52,BTCUSD_PERP,bid,56400,556.91
2024-09-11 23:20:02,BTCUSD_PERP,bid,56400,557.66
2024-09-11 23:20:02,BTCUSD_PERP,bid,56400,612.98
2024-09-11 23:20:03,BTCUSD_PERP,bid,56400,668.29
2024-09-11 23:20:12,BTCUSD_PERP,bid,56400,612.97
2024-09-11 23:20:28,BTCUSD_PERP,bid,56500,557.89
2024-09-11 23:21:38,BTCUSD_PERP,bid,56600,557.69
2024-09-11 23:21:39,BTCUSD_PERP,bid,56600,557.82
2024-09-11 23:22:42,BTCUSD_PERP,bid,56500,558.85
2024-09-11 23:22:51,BTCUSD_PERP,bid,56400,558.63
2024-09-11 23:22:59,BTCUSD_PERP,bid,56400,561.45
2024-09-11 23:23:00,BTCUSD_PERP,bid,56400,558.39
2024-09-11 23:23:12,BTCUSD_PERP,bid,56400,835.1
2024-09-11 23:23:12,BTCUSD_PERP,bid,56400,1001.55
2024-09-11 23:23:12,BTCUSD_PERP,bid,56400,1057.42
2024-09-11 23:23:26,BTCUSD_PERP,bid,56400,667.22
2024-09-11 23:23:26,BTCUSD_PERP,bid,56400,945.28
2024-09-11 23:23:26,BTCUSD_PERP,bid,56400,1001.12
2024-09-11 23:23:38,BTCUSD_PERP,bid,56300,667.34
2024-09-11 23:23:38,BTCUSD_PERP,bid,56300,778.96
2024-09-11 23:23:38,BTCUSD_PERP,bid,56300,834.77
2024-09-11 23:24:16,BTCUSD_PERP,bid,56300,779.53
2024-09-11 23:24:16,BTCUSD_PERP,bid,56300,723.72
2024-09-11 23:24:17,BTCUSD_PERP,bid,56300,668.48
2024-09-11 23:25:23,BTCUSD_PERP,bid,56300,556.32
2024-09-11 23:25:23,BTCUSD_PERP,bid,56300,612.13
2024-09-11 23:25:48,BTCUSD_PERP,bid,56300,556.32
2024-09-11 23:25:50,BTCUSD_PERP,bid,56400,556.62
2024-09-11 23:25:50,BTCUSD_PERP,bid,56400,612.46
2024-09-11 23:26:21,BTCUSD_PERP,bid,56400,556.62
2024-09-11 23:26:21,BTCUSD_PERP,bid,56300,555.3
2024-09-11 23:26:22,BTCUSD_PERP,bid,56300,611.11
2024-09-11 23:26:22,BTCUSD_PERP,bid,56300,722.63
2024-09-11 23:26:49,BTCUSD_PERP,bid,56300,610.96
2024-09-11 23:26:49,BTCUSD_PERP,bid,56300,666.74
2024-09-11 23:26:49,BTCUSD_PERP,bid,56300,555.18
2024-09-11 23:28:59,BTCUSD_PERP,bid,56300,665.84
2024-09-11 23:29:00,BTCUSD_PERP,bid,56300,721.62
2024-09-11 23:29:07,BTCUSD_PERP,bid,56300,610.63
2024-09-11 23:29:08,BTCUSD_PERP,bid,56300,554.85
2024-09-11 23:30:36,BTCUSD_PERP,bid,56300,555.1
2024-09-11 23:31:12,BTCUSD_PERP,bid,56400,555.73
2024-09-11 23:31:47,BTCUSD_PERP,bid,56400,556.79
2024-09-11 23:31:53,BTCUSD_PERP,bid,56300,556.49
2024-09-11 23:32:47,BTCUSD_PERP,bid,56400,555.75
2024-09-11 23:35:18,BTCUSD_PERP,bid,56300,611.62
2024-09-11 23:35:19,BTCUSD_PERP,bid,56300,666.87
2024-09-11 23:35:19,BTCUSD_PERP,bid,56300,722.69
2024-09-11 23:35:33,BTCUSD_PERP,bid,56300,666.87
2024-09-11 23:35:33,BTCUSD_PERP,bid,56300,611.62
2024-09-11 23:37:14,BTCUSD_PERP,bid,56400,555.75
2024-09-11 23:37:14,BTCUSD_PERP,bid,56400,666.8
2024-09-11 23:37:14,BTCUSD_PERP,bid,56400,722.08
2024-09-11 23:37:14,BTCUSD_PERP,bid,56400,777.94
2024-09-11 23:37:34,BTCUSD_PERP,bid,56400,722.65
2024-09-11 23:37:35,BTCUSD_PERP,bid,56400,666.68
2024-09-11 23:37:35,BTCUSD_PERP,bid,56400,722.57
2024-09-11 23:38:28,BTCUSD_PERP,bid,56400,610.79
2024-09-11 23:38:31,BTCUSD_PERP,bid,56400,555.19
2024-09-11 23:38:31,BTCUSD_PERP,bid,56400,611.11
2024-09-11 23:39:17,BTCUSD_PERP,bid,56400,555.76
2024-09-11 23:39:18,BTCUSD_PERP,bid,56500,556.12
2024-09-11 23:39:18,BTCUSD_PERP,bid,56500,612.07
2024-09-11 23:39:19,BTCUSD_PERP,bid,56500,668.02
2024-09-11 23:39:19,BTCUSD_PERP,bid,56500,668.15
2024-09-11 23:40:02,BTCUSD_PERP,bid,56500,612.2
2024-09-11 23:40:23,BTCUSD_PERP,bid,56500,557.86
2024-09-11 23:41:11,BTCUSD_PERP,bid,56400,557.51
2024-09-11 23:42:04,BTCUSD_PERP,bid,56500,556.27
2024-09-11 23:42:04,BTCUSD_PERP,bid,56500,612.24
2024-09-11 23:42:21,BTCUSD_PERP,bid,56500,556.27
2024-09-11 23:42:51,BTCUSD_PERP,bid,56500,556.85
2024-09-11 23:42:51,BTCUSD_PERP,bid,56500,612.82
2024-09-11 23:42:51,BTCUSD_PERP,bid,56500,668.35
2024-09-11 23:43:06,BTCUSD_PERP,bid,56500,556.98
2024-09-11 23:43:07,BTCUSD_PERP,bid,56500,557.14
2024-09-11 23:44:13,BTCUSD_PERP,bid,56500,556.85
2024-09-11 23:44:16,BTCUSD_PERP,bid,56500,556.58
2024-09-11 23:46:53,BTCUSD_PERP,bid,56500,669.25
2024-09-11 23:46:54,BTCUSD_PERP,bid,56500,1003.36
2024-09-11 23:46:54,BTCUSD_PERP,bid,56500,1059.33
2024-09-11 23:47:16,BTCUSD_PERP,bid,56500,1003.36
2024-09-11 23:47:16,BTCUSD_PERP,bid,56500,947.39
2024-09-11 23:47:16,BTCUSD_PERP,bid,56500,891.99
2024-09-11 23:47:16,BTCUSD_PERP,bid,56500,1002.82
2024-09-11 23:47:16,BTCUSD_PERP,bid,56500,1058.76
2024-09-11 23:47:24,BTCUSD_PERP,bid,56500,892.08
2024-09-11 23:47:24,BTCUSD_PERP,bid,56500,780.2
2024-09-11 23:47:24,BTCUSD_PERP,bid,56500,668.89
2024-09-11 23:47:24,BTCUSD_PERP,bid,56500,612.95
2024-09-11 23:47:25,BTCUSD_PERP,bid,56400,557.32
2024-09-11 23:47:25,BTCUSD_PERP,bid,56400,613.22
2024-09-11 23:47:25,BTCUSD_PERP,bid,56400,1002.18
2024-09-11 23:47:25,BTCUSD_PERP,bid,56400,1058.08
2024-09-11 23:49:07,BTCUSD_PERP,bid,56400,836.17
2024-09-11 23:49:07,BTCUSD_PERP,bid,56400,780.83
2024-09-11 23:49:07,BTCUSD_PERP,bid,56400,613.13
2024-09-11 23:49:07,BTCUSD_PERP,bid,56400,557.23
2024-09-11 23:49:30,BTCUSD_PERP,bid,56400,612.57
2024-09-11 23:49:30,BTCUSD_PERP,bid,56400,667.9
2024-09-11 23:50:08,BTCUSD_PERP,bid,56400,612.0
2024-09-11 23:50:08,BTCUSD_PERP,bid,56400,556.1
2024-09-11 23:50:10,BTCUSD_PERP,bid,56500,557.01
2024-09-11 23:50:35,BTCUSD_PERP,bid,56400,556.68
2024-09-11 23:51:37,BTCUSD_PERP,bid,56500,613.1
2024-09-11 23:51:37,BTCUSD_PERP,bid,56500,669.04
2024-09-11 23:51:38,BTCUSD_PERP,bid,56500,780.82
2024-09-11 23:51:38,BTCUSD_PERP,bid,56500,836.76
2024-09-11 23:51:38,BTCUSD_PERP,bid,56500,892.14
2024-09-11 23:51:40,BTCUSD_PERP,bid,56500,894.17
2024-09-11 23:51:55,BTCUSD_PERP,bid,56500,838.23
2024-09-11 23:51:55,BTCUSD_PERP,bid,56500,782.39
2024-09-11 23:51:56,BTCUSD_PERP,bid,56500,671.07
2024-09-11 23:51:56,BTCUSD_PERP,bid,56500,615.69
2024-09-11 23:51:56,BTCUSD_PERP,bid,56500,559.75
2024-09-11 23:52:07,BTCUSD_PERP,bid,56500,557.82
2024-09-11 23:53:12,BTCUSD_PERP,bid,56500,613.5
2024-09-11 23:53:12,BTCUSD_PERP,bid,56500,669.48
2024-09-11 23:54:05,BTCUSD_PERP,bid,56600,572.55
2024-09-11 23:54:05,BTCUSD_PERP,bid,56600,628.63
2024-09-11 23:54:06,BTCUSD_PERP,bid,56600,684.14
2024-09-11 23:54:06,BTCUSD_PERP,bid,56600,795.73
2024-09-11 23:54:06,BTCUSD_PERP,bid,56600,851.81
2024-09-11 23:54:12,BTCUSD_PERP,bid,56600,1062.09
2024-09-11 23:54:12,BTCUSD_PERP,bid,56600,1006.58
2024-09-11 23:54:12,BTCUSD_PERP,bid,56600,1062.62
2024-09-11 23:54:13,BTCUSD_PERP,bid,56600,894.95
2024-09-11 23:54:13,BTCUSD_PERP,bid,56600,782.79
2024-09-11 23:54:13,BTCUSD_PERP,bid,56600,726.71
2024-09-11 23:54:13,BTCUSD_PERP,bid,56600,671.2
2024-09-11 23:54:13,BTCUSD_PERP,bid,56600,615.12
2024-09-11 23:54:14,BTCUSD_PERP,bid,56600,559.04
2024-09-11 23:54:21,BTCUSD_PERP,bid,56700,532.08
2024-09-11 23:54:45,BTCUSD_PERP,bid,56800,561.55
2024-09-11 23:54:51,BTCUSD_PERP,bid,56800,559.47
2024-09-11 23:54:51,BTCUSD_PERP,bid,56800,671.5
2024-09-11 23:54:51,BTCUSD_PERP,bid,56800,784.1
2024-09-11 23:54:52,BTCUSD_PERP,bid,56800,896.7
2024-09-11 23:54:52,BTCUSD_PERP,bid,56800,953.0
2024-09-11 23:55:05,BTCUSD_PERP,bid,56800,896.7
2024-09-11 23:55:05,BTCUSD_PERP,bid,56800,840.4
2024-09-11 23:55:05,BTCUSD_PERP,bid,56800,784.1
2024-09-11 23:55:05,BTCUSD_PERP,bid,56800,672.07
2024-09-11 23:55:06,BTCUSD_PERP,bid,56800,615.77
2024-09-11 23:55:24,BTCUSD_PERP,bid,57000,561.53
2024-09-11 23:55:43,BTCUSD_PERP,bid,57000,560.5
2024-09-11 23:55:43,BTCUSD_PERP,bid,57000,673.42
2024-09-11 23:55:43,BTCUSD_PERP,bid,57000,729.88
2024-09-11 23:55:44,BTCUSD_PERP,bid,57000,842.8
2024-09-11 23:55:44,BTCUSD_PERP,bid,56900,548.93
2024-09-11 23:55:44,BTCUSD_PERP,bid,57000,899.26
2024-09-11 23:55:44,BTCUSD_PERP,bid,57000,955.72
2024-09-11 23:55:49,BTCUSD_PERP,bid,57000,730.45
2024-09-11 23:55:49,BTCUSD_PERP,bid,57000,786.49
2024-09-11 23:55:49,BTCUSD_PERP,bid,57000,842.92
2024-09-11 23:55:59,BTCUSD_PERP,bid,57000,787.06
2024-09-11 23:56:00,BTCUSD_PERP,bid,57000,674.78
2024-09-11 23:56:00,BTCUSD_PERP,bid,57000,618.35
2024-09-11 23:56:00,BTCUSD_PERP,bid,57000,561.92
2024-09-11 23:56:02,BTCUSD_PERP,bid,57000,563.6
2024-09-11 23:56:05,BTCUSD_PERP,bid,57000,562.66
2024-09-11 23:56:06,BTCUSD_PERP,bid,57000,619.1
2024-09-11 23:56:20,BTCUSD_PERP,bid,56900,562.39
2024-09-11 23:56:20,BTCUSD_PERP,bid,56900,618.8
2024-09-11 23:56:53,BTCUSD_PERP,bid,56900,562.96
2024-09-11 23:56:53,BTCUSD_PERP,bid,56900,842.27
2024-09-11 23:56:53,BTCUSD_PERP,bid,56900,898.65
2024-09-11 23:56:57,BTCUSD_PERP,bid,56900,842.84
2024-09-11 23:56:57,BTCUSD_PERP,bid,56900,786.46
2024-09-11 23:56:58,BTCUSD_PERP,bid,56900,674.28
2024-09-11 23:56:58,BTCUSD_PERP,bid,56900,618.47
2024-09-11 23:56:58,BTCUSD_PERP,bid,56900,786.04
2024-09-11 23:56:58,BTCUSD_PERP,bid,56900,898.17
2024-09-11 23:57:45,BTCUSD_PERP,bid,56800,560.79
2024-09-11 23:57:45,BTCUSD_PERP,bid,56800,616.48
2024-09-11 23:57:45,BTCUSD_PERP,bid,56800,672.74
2024-09-11 23:57:46,BTCUSD_PERP,bid,56800,785.26
2024-09-11 23:58:29,BTCUSD_PERP,bid,56700,559.29
2024-09-11 23:58:29,BTCUSD_PERP,bid,56700,615.51
2024-09-12 00:01:56,BTCUSD_PERP,bid,56800,632.44
2024-09-12 00:01:57,BTCUSD_PERP,bid,56800,688.16
2024-09-12 00:01:57,BTCUSD_PERP,bid,56800,744.46
2024-09-12 00:01:57,BTCUSD_PERP,bid,56800,800.76
2024-09-12 00:01:57,BTCUSD_PERP,bid,56800,857.06
2024-09-12 00:01:57,BTCUSD_PERP,bid,56800,913.36
2024-09-12 00:02:01,BTCUSD_PERP,bid,56800,801.91
2024-09-12 00:02:01,BTCUSD_PERP,bid,56800,745.61
2024-09-12 00:02:01,BTCUSD_PERP,bid,56800,689.31
2024-09-12 00:02:01,BTCUSD_PERP,bid,56800,576.71
2024-09-12 00:02:40,BTCUSD_PERP,bid,56900,618.48
2024-09-12 00:02:41,BTCUSD_PERP,bid,56900,674.87
2024-09-12 00:02:45,BTCUSD_PERP,bid,56900,843.21
2024-09-12 00:02:45,BTCUSD_PERP,bid,56900,899.57
2024-09-12 00:02:49,BTCUSD_PERP,bid,56900,786.33
2024-09-12 00:02:49,BTCUSD_PERP,bid,56900,842.66
2024-09-12 00:03:00,BTCUSD_PERP,bid,56900,730.86
2024-09-12 00:03:19,BTCUSD_PERP,bid,56900,675.07
2024-09-12 00:03:20,BTCUSD_PERP,bid,56900,618.71
2024-09-12 00:03:20,BTCUSD_PERP,bid,56900,562.35
2024-09-12 00:05:03,BTCUSD_PERP,bid,56800,561.09
2024-09-12 00:05:49,BTCUSD_PERP,bid,56800,560.14
2024-09-12 00:07:30,BTCUSD_PERP,bid,57000,561.08
2024-09-12 00:07:31,BTCUSD_PERP,bid,57000,617.53
2024-09-12 00:08:13,BTCUSD_PERP,bid,57000,617.39
2024-09-12 00:08:13,BTCUSD_PERP,bid,57000,730.37
2024-09-12 00:08:14,BTCUSD_PERP,bid,57000,786.86
2024-09-12 00:08:14,BTCUSD_PERP,bid,57000,843.25
2024-09-12 00:08:39,BTCUSD_PERP,bid,57000,730.84
2024-09-12 00:08:39,BTCUSD_PERP,bid,57000,617.86
2024-09-12 00:08:39,BTCUSD_PERP,bid,57000,843.37
2024-09-12 00:08:59,BTCUSD_PERP,bid,56900,1011.47
2024-09-12 00:09:00,BTCUSD_PERP,bid,56900,548.58
2024-09-12 00:09:04,BTCUSD_PERP,bid,56900,899.2
2024-09-12 00:09:04,BTCUSD_PERP,bid,56900,828.79
2024-09-12 00:09:04,BTCUSD_PERP,bid,56900,842.46
2024-09-12 00:09:04,BTCUSD_PERP,bid,56900,548.31
2024-09-12 00:09:04,BTCUSD_PERP,bid,56900,898.86
2024-09-12 00:09:04,BTCUSD_PERP,bid,56900,548.27
2024-09-12 00:09:35,BTCUSD_PERP,bid,56900,618.01
2024-09-12 00:09:35,BTCUSD_PERP,bid,57000,1011.58
2024-09-12 00:09:35,BTCUSD_PERP,bid,56900,548.56
2024-09-12 00:10:02,BTCUSD_PERP,bid,57000,786.44
2024-09-12 00:10:02,BTCUSD_PERP,bid,57000,730.59
2024-09-12 00:10:02,BTCUSD_PERP,bid,57000,618.31
2024-09-12 00:10:02,BTCUSD_PERP,bid,57000,561.98
2024-09-12 00:10:03,BTCUSD_PERP,bid,57000,561.57
2024-09-12 00:13:28,BTCUSD_PERP,bid,57100,676.02
2024-09-12 00:13:28,BTCUSD_PERP,bid,57100,732.55
2024-09-12 00:13:40,BTCUSD_PERP,bid,57100,563.62
2024-09-12 00:13:41,BTCUSD_PERP,bid,57100,563.42
2024-09-12 00:13:46,BTCUSD_PERP,bid,57100,562.96
2024-09-12 00:13:46,BTCUSD_PERP,bid,57100,619.49
2024-09-12 00:13:47,BTCUSD_PERP,bid,57100,675.46
2024-09-12 00:13:47,BTCUSD_PERP,bid,57100,731.99
2024-09-12 00:13:47,BTCUSD_PERP,bid,57100,788.52
2024-09-12 00:13:47,BTCUSD_PERP,bid,57100,845.05
2024-09-12 00:14:13,BTCUSD_PERP,bid,57100,788.52
2024-09-12 00:14:13,BTCUSD_PERP,bid,57100,731.99
2024-09-12 00:14:13,BTCUSD_PERP,bid,57100,676.02
2024-09-12 00:14:13,BTCUSD_PERP,bid,57100,620.05
2024-09-12 00:15:38,BTCUSD_PERP,bid,57200,564.11
2024-09-12 00:15:38,BTCUSD_PERP,bid,57200,620.19
2024-09-12 00:16:35,BTCUSD_PERP,bid,57100,563.24
2024-09-12 00:17:25,BTCUSD_PERP,bid,57200,565.93
2024-09-12 00:18:50,BTCUSD_PERP,bid,57100,565.55
2024-09-12 00:18:50,BTCUSD_PERP,bid,57100,622.14
2024-09-12 00:18:57,BTCUSD_PERP,bid,57100,566.12
2024-09-12 00:19:07,BTCUSD_PERP,bid,57100,622.14
2024-09-12 00:19:07,BTCUSD_PERP,bid,57100,678.73
2024-09-12 00:19:31,BTCUSD_PERP,bid,57100,622.14
2024-09-12 00:19:31,BTCUSD_PERP,bid,57100,565.55
2024-09-12 00:19:32,BTCUSD_PERP,bid,57100,620.43
2024-09-12 00:19:32,BTCUSD_PERP,bid,57100,733.67
2024-09-12 00:19:32,BTCUSD_PERP,bid,57100,845.77
2024-09-12 00:19:33,BTCUSD_PERP,bid,57100,902.39
2024-09-12 00:19:35,BTCUSD_PERP,bid,57100,846.34
2024-09-12 00:19:35,BTCUSD_PERP,bid,57100,790.3
2024-09-12 00:19:36,BTCUSD_PERP,bid,57100,733.68
2024-09-12 00:19:36,BTCUSD_PERP,bid,57100,677.63
2024-09-12 00:19:36,BTCUSD_PERP,bid,57100,621.01
2024-09-12 00:19:37,BTCUSD_PERP,bid,57200,634.37
2024-09-12 00:19:37,BTCUSD_PERP,bid,57200,691.02
2024-09-12 00:19:37,BTCUSD_PERP,bid,57200,747.67
2024-09-12 00:21:26,BTCUSD_PERP,bid,57200,564.14
2024-09-12 00:21:26,BTCUSD_PERP,bid,57200,620.85
2024-09-12 00:21:26,BTCUSD_PERP,bid,57200,677.56
2024-09-12 00:21:26,BTCUSD_PERP,bid,57200,790.41
2024-09-12 00:21:27,BTCUSD_PERP,bid,57200,903.83
2024-09-12 00:21:29,BTCUSD_PERP,bid,57200,846.67
2024-09-12 00:21:29,BTCUSD_PERP,bid,57200,903.35
2024-09-12 00:21:58,BTCUSD_PERP,bid,57200,677.21
2024-09-12 00:21:58,BTCUSD_PERP,bid,57200,845.65
2024-09-12 00:21:58,BTCUSD_PERP,bid,57200,902.3
2024-09-12 00:22:02,BTCUSD_PERP,bid,57200,845.75
2024-09-12 00:22:02,BTCUSD_PERP,bid,57100,845.19
2024-09-12 00:22:03,BTCUSD_PERP,bid,57100,901.81
2024-09-12 00:22:45,BTCUSD_PERP,bid,57100,788.09
2024-09-12 00:22:45,BTCUSD_PERP,bid,57100,844.67
2024-09-12 00:22:52,BTCUSD_PERP,bid,57100,788.65
2024-09-12 00:22:52,BTCUSD_PERP,bid,57100,732.86
2024-09-12 00:22:52,BTCUSD_PERP,bid,57100,901.38
2024-09-12 00:22:53,BTCUSD_PERP,bid,57100,957.94
2024-09-12 00:25:12,BTCUSD_PERP,bid,57100,901.38
2024-09-12 00:25:12,BTCUSD_PERP,bid,57100,845.4
2024-09-12 00:25:12,BTCUSD_PERP,bid,57100,789.42
2024-09-12 00:25:12,BTCUSD_PERP,bid,57100,732.86
2024-09-12 00:25:13,BTCUSD_PERP,bid,57100,676.4
2024-09-12 00:25:13,BTCUSD_PERP,bid,57100,620.42
2024-09-12 00:25:13,BTCUSD_PERP,bid,57100,563.86
2024-09-12 00:25:14,BTCUSD_PERP,bid,57100,563.71
2024-09-12 00:25:28,BTCUSD_PERP,bid,47000,2438.78
2024-09-12 00:26:12,BTCUSD_PERP,bid,57100,620.97
2024-09-12 00:26:13,BTCUSD_PERP,bid,57100,733.03
2024-09-12 00:26:13,BTCUSD_PERP,bid,57100,789.06
2024-09-12 00:27:09,BTCUSD_PERP,bid,57100,676.42
2024-09-12 00:27:09,BTCUSD_PERP,bid,57100,620.39
2024-09-12 00:27:09,BTCUSD_PERP,bid,57100,563.78
2024-09-12 00:27:15,BTCUSD_PERP,bid,47000,2438.79
2024-09-12 00:28:56,BTCUSD_PERP,bid,57200,565.26
2024-09-12 00:32:02,BTCUSD_PERP,bid,57100,564.66
2024-09-12 00:32:02,BTCUSD_PERP,bid,57100,621.24
2024-09-12 00:32:09,BTCUSD_PERP,bid,57100,565.23
2024-09-12 00:34:29,BTCUSD_PERP,bid,57000,618.58
2024-09-12 00:34:44,BTCUSD_PERP,bid,56900,562.38
2024-09-12 00:35:20,BTCUSD_PERP,bid,57000,563.21
2024-09-12 00:35:20,BTCUSD_PERP,bid,57000,619.13
2024-09-12 00:35:21,BTCUSD_PERP,bid,57000,675.51
2024-09-12 00:35:39,BTCUSD_PERP,bid,57000,562.55
2024-09-12 00:37:23,BTCUSD_PERP,bid,57200,563.92
2024-09-12 00:38:24,BTCUSD_PERP,bid,57200,564.29
2024-09-12 00:38:24,BTCUSD_PERP,bid,57200,620.95
2024-09-12 00:41:25,BTCUSD_PERP,bid,57200,564.62
2024-09-12 00:42:23,BTCUSD_PERP,bid,57200,564.92
2024-09-12 00:43:02,BTCUSD_PERP,bid,57200,621.54
2024-09-12 00:43:02,BTCUSD_PERP,bid,57200,678.26
2024-09-12 00:43:25,BTCUSD_PERP,bid,57200,565.39
2024-09-12 00:43:25,BTCUSD_PERP,bid,57200,677.33
2024-09-12 00:43:25,BTCUSD_PERP,bid,57200,734.02
2024-09-12 00:43:32,BTCUSD_PERP,bid,57200,621.21
2024-09-12 00:43:32,BTCUSD_PERP,bid,57200,564.21
2024-09-12 00:43:32,BTCUSD_PERP,bid,57200,620.87
2024-09-12 00:43:42,BTCUSD_PERP,bid,57200,733.44
2024-09-12 00:43:43,BTCUSD_PERP,bid,57200,790.13
2024-09-12 00:44:54,BTCUSD_PERP,bid,57200,733.1
2024-09-12 00:44:54,BTCUSD_PERP,bid,57200,789.76
2024-09-12 00:45:15,BTCUSD_PERP,bid,57200,564.84
2024-09-12 00:45:23,BTCUSD_PERP,bid,57200,564.86
2024-09-12 00:45:24,BTCUSD_PERP,bid,57200,621.53
2024-09-12 00:46:00,BTCUSD_PERP,bid,57200,564.86
2024-09-12 00:47:31,BTCUSD_PERP,bid,57300,525.61
2024-09-12 00:47:32,BTCUSD_PERP,bid,57300,581.83
2024-09-12 00:47:32,BTCUSD_PERP,bid,57300,638.63
2024-09-12 00:47:32,BTCUSD_PERP,bid,57300,694.85
2024-09-12 00:47:32,BTCUSD_PERP,bid,57300,807.87
2024-09-12 00:47:37,BTCUSD_PERP,bid,57300,694.85
2024-09-12 00:47:38,BTCUSD_PERP,bid,57300,565.18
2024-09-12 00:47:38,BTCUSD_PERP,bid,57300,735.46
2024-09-12 00:47:42,BTCUSD_PERP,bid,57300,622.04
2024-09-12 00:47:44,BTCUSD_PERP,bid,57300,560.65
2024-09-12 00:48:50,BTCUSD_PERP,bid,57200,564.61
2024-09-12 00:48:56,BTCUSD_PERP,bid,57300,565.2
2024-09-12 00:48:56,BTCUSD_PERP,bid,57300,621.95
2024-09-12 00:53:19,BTCUSD_PERP,bid,57300,564.98
2024-09-12 00:53:22,BTCUSD_PERP,bid,57300,565.11
2024-09-12 00:57:52,BTCUSD_PERP,bid,57100,562.65
2024-09-12 01:00:36,BTCUSD_PERP,bid,57200,564.49
2024-09-12 01:00:36,BTCUSD_PERP,bid,57200,621.12
2024-09-12 01:00:58,BTCUSD_PERP,bid,57200,564.49
2024-09-12 01:02:27,BTCUSD_PERP,bid,57200,564.58
2024-09-12 01:02:27,BTCUSD_PERP,bid,57200,620.7
2024-09-12 01:02:27,BTCUSD_PERP,bid,57200,677.4
2024-09-12 01:02:39,BTCUSD_PERP,bid,47000,2438.75
2024-09-12 01:02:48,BTCUSD_PERP,bid,57200,620.7
2024-09-12 01:05:48,BTCUSD_PERP,bid,57200,564.74
2024-09-12 01:05:48,BTCUSD_PERP,bid,57200,621.46
2024-09-12 01:05:48,BTCUSD_PERP,bid,57200,678.18
2024-09-12 01:05:48,BTCUSD_PERP,bid,57200,734.9
2024-09-12 01:07:06,BTCUSD_PERP,bid,57200,564.74
2024-09-12 01:07:06,BTCUSD_PERP,bid,57200,621.17
2024-09-12 01:07:06,BTCUSD_PERP,bid,57200,677.86
2024-09-12 01:07:24,BTCUSD_PERP,bid,57200,621.17
2024-09-12 01:07:24,BTCUSD_PERP,bid,57200,565.06
2024-09-12 01:07:25,BTCUSD_PERP,bid,57200,621.54
2024-09-12 01:07:25,BTCUSD_PERP,bid,57200,678.26
2024-09-12 01:07:51,BTCUSD_PERP,bid,57200,565.49
2024-09-12 01:07:51,BTCUSD_PERP,bid,57200,734.02
2024-09-12 01:07:51,BTCUSD_PERP,bid,57200,790.71
2024-09-12 01:07:52,BTCUSD_PERP,bid,57200,790.84
2024-09-12 01:08:48,BTCUSD_PERP,bid,57200,734.72
2024-09-12 01:08:49,BTCUSD_PERP,bid,57200,678.6
2024-09-12 01:08:49,BTCUSD_PERP,bid,57200,621.91
2024-09-12 01:08:49,BTCUSD_PERP,bid,57200,565.79
2024-09-12 01:14:53,BTCUSD_PERP,bid,57200,565.39
2024-09-12 01:14:53,BTCUSD_PERP,bid,57200,621.53
2024-09-12 01:14:53,BTCUSD_PERP,bid,57200,678.14
2024-09-12 01:14:53,BTCUSD_PERP,bid,57200,791.56
2024-09-12 01:15:03,BTCUSD_PERP,bid,57200,734.85
2024-09-12 01:15:03,BTCUSD_PERP,bid,57200,678.71
2024-09-12 01:15:04,BTCUSD_PERP,bid,57300,622.33
2024-09-12 01:15:04,BTCUSD_PERP,bid,57300,679.07
2024-09-12 01:15:05,BTCUSD_PERP,bid,57300,735.81
2024-09-12 01:15:05,BTCUSD_PERP,bid,57300,792.55
2024-09-12 01:15:11,BTCUSD_PERP,bid,57300,735.81
2024-09-12 01:15:12,BTCUSD_PERP,bid,57300,622.9
2024-09-12 01:15:12,BTCUSD_PERP,bid,57300,566.16
