2024-09-02 07:12:00,BTCUSDT,bid,47000,886.071
2024-09-02 07:22:11,BTCUSDT,bid,47000,886.065
2024-09-02 07:24:32,BTCUSDT,bid,57400,1001.704
2024-09-02 07:24:39,BTCUSDT,bid,57400,1001.735
2024-09-02 07:24:45,BTCUSDT,bid,57400,1001.735
2024-09-02 07:24:46,BTCUSDT,bid,57400,1001.74
2024-09-02 07:24:47,BTCUSDT,bid,57400,1001.742
2024-09-02 07:24:48,BTCUSDT,bid,57400,1001.538
2024-09-02 07:24:53,BTCUSDT,bid,57400,1001.712
2024-09-02 07:24:54,BTCUSDT,bid,57400,1001.916
2024-09-02 07:24:54,BTCUSDT,bid,57400,1001.969
2024-09-02 07:24:55,BTCUSDT,bid,57400,1002.471
2024-09-02 07:24:56,BTCUSDT,bid,57400,1001.969
2024-09-02 07:24:58,BTCUSDT,bid,57400,1001.967
2024-09-02 07:25:29,BTCUSDT,bid,57300,1000.872
2024-09-02 07:25:32,BTCUSDT,bid,57300,1000.959
2024-09-02 07:25:34,BTCUSDT,bid,57300,1001.074
2024-09-02 07:25:35,BTCUSDT,bid,57300,1000.959
2024-09-02 07:27:35,BTCUSDT,bid,57400,1003.656
2024-09-02 07:27:41,BTCUSDT,bid,57400,1003.603
2024-09-02 07:27:45,BTCUSDT,bid,57400,1004.58
2024-09-02 07:27:48,BTCUSDT,bid,57400,1504.58
2024-09-02 07:27:53,BTCUSDT,bid,57400,1504.618
2024-09-02 07:28:02,BTCUSDT,bid,57400,1004.618
2024-09-02 07:28:21,BTCUSDT,bid,57400,1005.564
2024-09-02 07:28:21,BTCUSDT,bid,57400,1006.569
2024-09-02 07:28:21,BTCUSDT,bid,57400,1006.588
2024-09-02 07:28:27,BTCUSDT,bid,57400,1005.489
2024-09-02 07:28:29,BTCUSDT,bid,47000,885.992
2024-09-02 07:28:30,BTCUSDT,bid,57400,1006.123
2024-09-02 07:28:36,BTCUSDT,bid,57400,1006.125
2024-09-02 07:28:42,BTCUSDT,bid,57400,1006.562
2024-09-02 07:28:44,BTCUSDT,bid,57400,1006.342
2024-09-02 07:28:44,BTCUSDT,bid,57400,1006.263
2024-09-02 07:28:44,BTCUSDT,bid,57400,1006.418
2024-09-02 07:28:47,BTCUSDT,bid,57400,1006.464
2024-09-02 07:28:49,BTCUSDT,bid,57400,1006.681
2024-09-02 07:28:49,BTCUSDT,bid,57400,1006.901
2024-09-02 07:28:49,BTCUSDT,bid,57400,1006.681
2024-09-02 07:28:51,BTCUSDT,bid,57400,1006.901
2024-09-02 07:28:53,BTCUSDT,bid,57400,1006.681
2024-09-02 07:28:53,BTCUSDT,bid,57400,1006.901
2024-09-02 07:29:36,BTCUSDT,bid,57400,1000.441
2024-09-02 07:29:37,BTCUSDT,bid,57400,1000.255
2024-09-02 07:29:38,BTCUSDT,bid,57400,1000.321
2024-09-02 07:29:40,BTCUSDT,bid,57400,1000.321
2024-09-02 07:29:41,BTCUSDT,bid,57400,1000.145
2024-09-02 07:29:43,BTCUSDT,bid,57400,1000.176
2024-09-02 07:29:44,BTCUSDT,bid,57400,1000.226
2024-09-02 07:29:44,BTCUSDT,bid,57400,1000.231
2024-09-02 07:29:47,BTCUSDT,bid,57400,1000.249
2024-09-02 07:29:52,BTCUSDT,bid,57400,1800.249
2024-09-02 07:29:54,BTCUSDT,bid,57400,1800.256
2024-09-02 07:29:56,BTCUSDT,bid,57400,1800.256
2024-09-02 07:30:01,BTCUSDT,bid,57400,1800.206
2024-09-02 07:30:02,BTCUSDT,bid,57400,1800.208
2024-09-02 07:30:02,BTCUSDT,bid,57400,1800.203
2024-09-02 07:30:03,BTCUSDT,bid,57400,1000.203
2024-09-02 07:30:18,BTCUSDT,bid,57400,1000.201
2024-09-02 07:30:24,BTCUSDT,bid,57400,1000.201
2024-09-02 07:30:27,BTCUSDT,bid,57400,1000.241
2024-09-02 07:30:27,BTCUSDT,bid,57400,1000.201
2024-09-02 07:30:30,BTCUSDT,bid,57400,1000.291
2024-09-02 07:31:36,BTCUSDT,bid,57400,1000.007
2024-09-02 07:31:40,BTCUSDT,bid,57400,1000.002
2024-09-02 07:31:45,BTCUSDT,bid,57400,1000.093
2024-09-02 07:31:48,BTCUSDT,bid,57400,1000.093
2024-09-02 07:32:06,BTCUSDT,bid,57400,1003.326
2024-09-02 07:32:08,BTCUSDT,bid,57400,1003.324
2024-09-02 07:32:11,BTCUSDT,bid,57400,1003.424
2024-09-02 07:32:11,BTCUSDT,bid,57400,1003.426
2024-09-02 07:32:11,BTCUSDT,bid,57400,1003.424
2024-09-02 07:32:11,BTCUSDT,bid,47000,886.044
2024-09-02 07:32:12,BTCUSDT,bid,57400,1003.426
2024-09-02 07:32:13,BTCUSDT,bid,57400,1003.428
2024-09-02 07:32:18,BTCUSDT,bid,57400,1003.426
2024-09-02 07:32:18,BTCUSDT,bid,57400,1003.643
2024-09-02 07:32:21,BTCUSDT,bid,57400,1001.169
2024-09-02 07:32:21,BTCUSDT,bid,57400,1001.268
2024-09-02 07:32:26,BTCUSDT,bid,57400,1003.426
2024-09-02 07:32:27,BTCUSDT,bid,57400,1001.278
2024-09-02 07:32:28,BTCUSDT,bid,57400,1003.436
2024-09-02 07:32:28,BTCUSDT,bid,57400,1003.438
2024-09-02 07:32:29,BTCUSDT,bid,57400,1001.268
2024-09-02 07:32:30,BTCUSDT,bid,57400,1003.436
2024-09-02 07:32:35,BTCUSDT,ask,57800,519.22
2024-09-02 07:33:04,BTCUSDT,ask,57800,519.199
2024-09-02 07:33:35,BTCUSDT,ask,57800,519.386
2024-09-02 07:33:45,BTCUSDT,ask,57800,519.384
2024-09-02 07:33:50,BTCUSDT,ask,57800,519.564
2024-09-02 07:33:52,BTCUSDT,ask,57800,519.494
2024-09-02 07:33:54,BTCUSDT,ask,57800,519.515
2024-09-02 07:33:55,BTCUSDT,ask,57800,519.636
2024-09-02 07:33:58,BTCUSDT,ask,57800,519.873
2024-09-02 07:34:03,BTCUSDT,ask,57800,519.816
2024-09-02 07:34:10,BTCUSDT,ask,57800,519.825
2024-09-02 07:34:18,BTCUSDT,ask,57800,519.827
2024-09-02 07:34:19,BTCUSDT,ask,57800,519.853
2024-09-02 07:34:26,BTCUSDT,ask,57800,519.861
2024-09-02 07:34:37,BTCUSDT,ask,57800,519.869
2024-09-02 07:34:44,BTCUSDT,ask,57800,519.875
2024-09-02 07:34:45,BTCUSDT,ask,57800,519.877
2024-09-02 07:35:08,BTCUSDT,ask,57800,519.855
2024-09-02 07:35:19,BTCUSDT,ask,57800,520.865
2024-09-02 07:35:23,BTCUSDT,ask,57800,521.558
2024-09-02 07:35:34,BTCUSDT,ask,57800,521.56
2024-09-02 07:35:34,BTCUSDT,ask,57800,521.558
2024-09-02 07:35:37,BTCUSDT,ask,57800,521.575
2024-09-02 07:35:51,BTCUSDT,ask,57800,521.605
2024-09-02 07:35:58,BTCUSDT,bid,57400,1001.074
2024-09-02 07:35:58,BTCUSDT,ask,57800,521.484
2024-09-02 07:36:04,BTCUSDT,ask,57800,521.496
2024-09-02 07:36:08,BTCUSDT,ask,57800,521.501
2024-09-02 07:36:08,BTCUSDT,bid,57400,1001.15
2024-09-02 07:36:11,BTCUSDT,ask,57800,520.808
2024-09-02 07:36:18,BTCUSDT,ask,57800,520.771
2024-09-02 07:36:21,BTCUSDT,bid,57400,1000.978
2024-09-02 07:36:21,BTCUSDT,bid,57400,1001.063
2024-09-02 07:36:22,BTCUSDT,bid,57500,1005.609
2024-09-02 07:36:22,BTCUSDT,bid,57400,1000.978
2024-09-02 07:36:23,BTCUSDT,bid,57400,1001.106
2024-09-02 07:36:32,BTCUSDT,ask,57800,520.79
2024-09-02 07:36:34,BTCUSDT,ask,57800,520.802
2024-09-02 07:36:35,BTCUSDT,ask,57800,520.804
2024-09-02 07:36:36,BTCUSDT,ask,57800,520.824
2024-09-02 07:36:37,BTCUSDT,ask,57800,520.812
2024-09-02 07:36:48,BTCUSDT,ask,57800,520.632
2024-09-02 07:36:50,BTCUSDT,ask,57800,520.716
2024-09-02 07:36:55,BTCUSDT,bid,57500,1000.002
2024-09-02 07:36:56,BTCUSDT,bid,57500,1000.057
2024-09-02 07:37:00,BTCUSDT,bid,57500,1000.06
2024-09-02 07:37:01,BTCUSDT,bid,57500,1000.08
2024-09-02 07:37:02,BTCUSDT,bid,57500,1000.077
2024-09-02 07:37:05,BTCUSDT,bid,57500,1000.067
2024-09-02 07:37:07,BTCUSDT,bid,57500,1000.057
2024-09-02 07:37:08,BTCUSDT,bid,57500,1000.074
2024-09-02 07:37:09,BTCUSDT,bid,57500,1000.01
2024-09-02 07:37:11,BTCUSDT,bid,57500,1000.015
2024-09-02 07:37:12,BTCUSDT,bid,57500,1000.018
2024-09-02 07:37:24,BTCUSDT,ask,57800,520.887
2024-09-02 07:37:27,BTCUSDT,ask,57800,520.889
2024-09-02 07:37:45,BTCUSDT,ask,57800,520.889
2024-09-02 07:37:50,BTCUSDT,bid,57500,1011.684
2024-09-02 07:37:51,BTCUSDT,ask,57800,520.893
2024-09-02 07:37:53,BTCUSDT,bid,57500,1011.823
2024-09-02 07:37:53,BTCUSDT,bid,57500,1011.821
2024-09-02 07:37:54,BTCUSDT,bid,57500,1011.768
2024-09-02 07:37:54,BTCUSDT,bid,57500,1011.803
2024-09-02 07:38:02,BTCUSDT,bid,57500,1011.72
2024-09-02 07:38:03,BTCUSDT,bid,57500,1012.634
2024-09-02 07:38:05,BTCUSDT,bid,57500,1012.693
2024-09-02 07:38:05,BTCUSDT,bid,57500,1000.042
2024-09-02 07:38:06,BTCUSDT,bid,57500,1000.002
2024-09-02 07:38:07,BTCUSDT,bid,57500,1011.808
2024-09-02 07:38:10,BTCUSDT,ask,57800,521.21
2024-09-02 07:38:11,BTCUSDT,bid,57500,1011.806
2024-09-02 07:38:17,BTCUSDT,ask,57800,521.193
2024-09-02 07:38:23,BTCUSDT,ask,57800,521.598
2024-09-02 07:38:24,BTCUSDT,ask,57800,521.707
2024-09-02 07:38:40,BTCUSDT,ask,57800,521.351
2024-09-02 07:38:40,BTCUSDT,ask,57800,521.349
2024-09-02 07:38:44,BTCUSDT,ask,57800,521.115
2024-09-02 07:38:51,BTCUSDT,ask,57800,521.115
2024-09-02 07:39:18,BTCUSDT,ask,57800,522.343
2024-09-02 07:39:43,BTCUSDT,ask,57800,522.347
2024-09-02 07:40:18,BTCUSDT,ask,57800,522.349
2024-09-02 07:40:19,BTCUSDT,ask,57800,522.354
2024-09-02 07:40:29,BTCUSDT,ask,57800,522.357
2024-09-02 07:41:14,BTCUSDT,ask,57800,522.362
2024-09-02 07:41:36,BTCUSDT,ask,57800,522.351
2024-09-02 07:41:45,BTCUSDT,ask,57800,522.237
2024-09-02 07:41:59,BTCUSDT,ask,57800,522.233
2024-09-02 07:42:00,BTCUSDT,ask,57800,522.214
2024-09-02 07:42:13,BTCUSDT,ask,57800,523.214
2024-09-02 07:48:58,BTCUSDT,bid,47300,806.896
2024-09-02 07:49:03,BTCUSDT,bid,47000,886.047
2024-09-02 07:49:19,BTCUSDT,bid,47000,885.208
2024-09-02 07:49:27,BTCUSDT,bid,47000,885.508
2024-09-02 07:00:00,BTCUSD_PERP,bid,56800,561.18
2024-09-02 07:03:22,BTCUSD_PERP,bid,56900,622.1
2024-09-02 07:03:27,BTCUSD_PERP,bid,56800,953.29
2024-09-02 07:03:27,BTCUSD_PERP,bid,56800,1009.61
2024-09-02 07:03:32,BTCUSD_PERP,bid,56800,896.97
2024-09-02 07:03:32,BTCUSD_PERP,bid,56800,618.26
2024-09-02 07:03:38,BTCUSD_PERP,bid,56900,563.41
2024-09-02 07:03:51,BTCUSD_PERP,bid,56800,560.78
2024-09-02 07:03:51,BTCUSD_PERP,bid,56800,729.16
2024-09-02 07:03:52,BTCUSD_PERP,bid,56800,784.9
2024-09-02 07:03:52,BTCUSD_PERP,bid,56800,841.22
2024-09-02 07:03:52,BTCUSD_PERP,bid,56800,952.71
2024-09-02 07:03:52,BTCUSD_PERP,bid,56800,1009.03
2024-09-02 07:03:52,BTCUSD_PERP,bid,56800,547.47
2024-09-02 07:03:52,BTCUSD_PERP,bid,56800,1065.35
2024-09-02 07:03:52,BTCUSD_PERP,bid,56800,1121.67
2024-09-02 07:04:09,BTCUSD_PERP,bid,56800,744.06
2024-09-02 07:04:09,BTCUSD_PERP,bid,56800,800.35
2024-09-02 07:05:27,BTCUSD_PERP,bid,56800,688.35
2024-09-02 07:05:27,BTCUSD_PERP,bid,56800,576.93
2024-09-02 07:05:28,BTCUSD_PERP,bid,56800,547.52
2024-09-02 07:05:28,BTCUSD_PERP,bid,56800,673.43
2024-09-02 07:05:28,BTCUSD_PERP,bid,56800,729.17
2024-09-02 07:05:28,BTCUSD_PERP,bid,56800,784.92
2024-09-02 07:05:29,BTCUSD_PERP,bid,56800,953.88
2024-09-02 07:05:29,BTCUSD_PERP,bid,56800,1009.62
2024-09-02 07:05:29,BTCUSD_PERP,bid,56800,1065.94
2024-09-02 07:05:29,BTCUSD_PERP,bid,56800,1121.68
2024-09-02 07:06:12,BTCUSD_PERP,bid,56800,1065.94
2024-09-02 07:06:12,BTCUSD_PERP,bid,56800,954.46
2024-09-02 07:06:12,BTCUSD_PERP,bid,56800,898.72
2024-09-02 07:06:12,BTCUSD_PERP,bid,56800,842.4
2024-09-02 07:06:13,BTCUSD_PERP,bid,56800,786.08
2024-09-02 07:06:13,BTCUSD_PERP,bid,56800,674.02
2024-09-02 07:06:13,BTCUSD_PERP,bid,56800,562.54
2024-09-02 07:06:13,BTCUSD_PERP,bid,56900,672.72
2024-09-02 07:06:13,BTCUSD_PERP,bid,56900,729.07
2024-09-02 07:06:13,BTCUSD_PERP,bid,56900,784.85
2024-09-02 07:06:13,BTCUSD_PERP,bid,56900,841.11
2024-09-02 07:06:14,BTCUSD_PERP,bid,56900,897.46
2024-09-02 07:06:14,BTCUSD_PERP,bid,56900,953.81
2024-09-02 07:06:14,BTCUSD_PERP,bid,56900,1010.16
2024-09-02 07:06:14,BTCUSD_PERP,bid,56900,1122.86
2024-09-02 07:06:14,BTCUSD_PERP,bid,56800,547.81
2024-09-02 07:07:09,BTCUSD_PERP,bid,56900,954.39
2024-09-02 07:07:09,BTCUSD_PERP,bid,56800,786.21
2024-09-02 07:07:09,BTCUSD_PERP,bid,56800,842.53
2024-09-02 07:07:14,BTCUSD_PERP,bid,56800,786.78
2024-09-02 07:07:14,BTCUSD_PERP,bid,56800,562.16
2024-09-02 07:07:14,BTCUSD_PERP,bid,56800,840.26
2024-09-02 07:07:14,BTCUSD_PERP,bid,56800,952.84
2024-09-02 07:07:14,BTCUSD_PERP,bid,56800,547.45
2024-09-02 07:07:14,BTCUSD_PERP,bid,56800,1009.13
2024-09-02 07:07:48,BTCUSD_PERP,bid,56800,896.55
2024-09-02 07:07:48,BTCUSD_PERP,bid,56800,840.83
2024-09-02 07:07:49,BTCUSD_PERP,bid,56800,784.54
2024-09-02 07:07:49,BTCUSD_PERP,bid,56800,728.25
2024-09-02 07:07:49,BTCUSD_PERP,bid,56800,672.53
2024-09-02 07:07:49,BTCUSD_PERP,bid,56800,952.33
2024-09-02 07:07:49,BTCUSD_PERP,bid,56700,546.95
2024-09-02 07:07:49,BTCUSD_PERP,bid,56800,1008.59
2024-09-02 07:12:45,BTCUSD_PERP,bid,56900,618.11
2024-09-02 07:12:45,BTCUSD_PERP,bid,56900,674.46
2024-09-02 07:16:10,BTCUSD_PERP,bid,56900,618.11
2024-09-02 07:16:10,BTCUSD_PERP,bid,56900,561.76
2024-09-02 07:16:37,BTCUSD_PERP,bid,57000,564.8
2024-09-02 07:16:37,BTCUSD_PERP,bid,57000,620.67
2024-09-02 07:16:37,BTCUSD_PERP,bid,57000,634.21
2024-09-02 07:16:37,BTCUSD_PERP,bid,57000,690.66
2024-09-02 07:16:37,BTCUSD_PERP,bid,57000,803.56
2024-09-02 07:17:12,BTCUSD_PERP,bid,57000,747.11
2024-09-02 07:17:13,BTCUSD_PERP,bid,57000,690.66
2024-09-02 07:17:13,BTCUSD_PERP,bid,56900,563.04
2024-09-02 07:17:13,BTCUSD_PERP,bid,56900,787.57
2024-09-02 07:17:13,BTCUSD_PERP,bid,56900,843.41
2024-09-02 07:17:21,BTCUSD_PERP,bid,56900,786.99
2024-09-02 07:17:21,BTCUSD_PERP,bid,56900,674.73
2024-09-02 07:17:21,BTCUSD_PERP,bid,56900,561.89
2024-09-02 07:17:22,BTCUSD_PERP,bid,56900,562.09
2024-09-02 07:17:22,BTCUSD_PERP,bid,56900,617.9
2024-09-02 07:17:22,BTCUSD_PERP,bid,56900,730.09
2024-09-02 07:17:23,BTCUSD_PERP,bid,56900,786.47
2024-09-02 07:18:07,BTCUSD_PERP,bid,56900,673.71
2024-09-02 07:18:08,BTCUSD_PERP,bid,56900,617.57
2024-09-02 07:18:13,BTCUSD_PERP,bid,56900,561.22
2024-09-02 07:20:02,BTCUSD_PERP,bid,56900,562.09
2024-09-02 07:20:02,BTCUSD_PERP,bid,56900,618.47
2024-09-02 07:20:03,BTCUSD_PERP,bid,56900,730.66
2024-09-02 07:23:34,BTCUSD_PERP,bid,56900,561.24
2024-09-02 07:25:17,BTCUSD_PERP,bid,56900,618.21
2024-09-02 07:25:44,BTCUSD_PERP,bid,56900,561.84
2024-09-02 07:25:46,BTCUSD_PERP,bid,56900,562.44
2024-09-02 07:26:24,BTCUSD_PERP,bid,56900,562.45
2024-09-02 07:28:30,BTCUSD_PERP,bid,57000,564.16
2024-09-02 07:28:30,BTCUSD_PERP,bid,57000,620.62
2024-09-02 07:28:56,BTCUSD_PERP,bid,57000,564.16
2024-09-02 07:28:57,BTCUSD_PERP,bid,57000,674.16
2024-09-02 07:29:35,BTCUSD_PERP,bid,57000,617.73
2024-09-02 07:29:35,BTCUSD_PERP,bid,57000,561.4
2024-09-02 07:30:45,BTCUSD_PERP,bid,57000,674.64
2024-09-02 07:30:45,BTCUSD_PERP,bid,57000,730.56
2024-09-02 07:30:45,BTCUSD_PERP,bid,57000,842.99
2024-09-02 07:31:16,BTCUSD_PERP,bid,57000,674.65
2024-09-02 07:31:17,BTCUSD_PERP,bid,57000,618.15
2024-09-02 07:31:17,BTCUSD_PERP,bid,57000,674.17
2024-09-02 07:31:17,BTCUSD_PERP,bid,57000,730.64
2024-09-02 07:31:17,BTCUSD_PERP,bid,57000,786.53
2024-09-02 07:31:23,BTCUSD_PERP,bid,57000,561.81
2024-09-02 07:31:28,BTCUSD_PERP,bid,56900,562.38
2024-09-02 07:31:28,BTCUSD_PERP,bid,56900,674.65
2024-09-02 07:31:36,BTCUSD_PERP,bid,56900,562.4
2024-09-02 07:33:00,BTCUSD_PERP,bid,57100,564.06
2024-09-02 07:33:01,BTCUSD_PERP,bid,57100,675.96
2024-09-02 07:33:01,BTCUSD_PERP,bid,57100,731.91
2024-09-02 07:33:29,BTCUSD_PERP,bid,57100,675.96
2024-09-02 07:33:29,BTCUSD_PERP,bid,57100,619.43
2024-09-02 07:33:30,BTCUSD_PERP,bid,57100,562.9
2024-09-02 07:33:48,BTCUSD_PERP,bid,57100,562.44
2024-09-02 07:35:32,BTCUSD_PERP,bid,57100,562.72
2024-09-02 07:35:36,BTCUSD_PERP,bid,57100,562.44
2024-09-02 07:35:38,BTCUSD_PERP,bid,57000,675.05
2024-09-02 07:35:42,BTCUSD_PERP,bid,57000,747.59
2024-09-02 07:36:09,BTCUSD_PERP,bid,57000,691.12
2024-09-02 07:36:09,BTCUSD_PERP,bid,57000,635.22
2024-09-02 07:36:09,BTCUSD_PERP,bid,57000,579.33
2024-09-02 07:37:13,BTCUSD_PERP,bid,57000,618.71
2024-09-02 07:39:05,BTCUSD_PERP,bid,57100,564.03
2024-09-02 07:40:14,BTCUSD_PERP,bid,57000,842.93
2024-09-02 07:40:14,BTCUSD_PERP,bid,57000,899.36
2024-09-02 07:40:54,BTCUSD_PERP,bid,57000,842.93
2024-09-02 07:40:54,BTCUSD_PERP,bid,57000,786.5
2024-09-02 07:40:54,BTCUSD_PERP,bid,57000,618.44
2024-09-02 07:40:55,BTCUSD_PERP,bid,57000,562.58
2024-09-02 07:40:55,BTCUSD_PERP,bid,56900,562.2
2024-09-02 07:40:55,BTCUSD_PERP,bid,56900,842.48
2024-09-02 07:40:55,BTCUSD_PERP,bid,56900,898.88
2024-09-02 07:41:09,BTCUSD_PERP,bid,56900,618.68
2024-09-02 07:41:09,BTCUSD_PERP,bid,56900,785.74
2024-09-02 07:41:09,BTCUSD_PERP,bid,56900,842.12
2024-09-02 07:41:09,BTCUSD_PERP,bid,56900,898.5
2024-09-02 07:41:26,BTCUSD_PERP,bid,56900,729.94
2024-09-02 07:41:26,BTCUSD_PERP,bid,56900,729.44
2024-09-02 07:41:26,BTCUSD_PERP,bid,56900,785.78
2024-09-02 07:41:26,BTCUSD_PERP,bid,56900,842.12
2024-09-02 07:41:54,BTCUSD_PERP,bid,56900,674.26
2024-09-02 07:41:54,BTCUSD_PERP,bid,56800,729.05
2024-09-02 07:41:54,BTCUSD_PERP,bid,56800,785.36
2024-09-02 07:42:19,BTCUSD_PERP,bid,56800,673.32
2024-09-02 07:42:19,BTCUSD_PERP,bid,56800,784.45
2024-09-02 07:42:19,BTCUSD_PERP,bid,56800,896.91
2024-09-02 07:42:19,BTCUSD_PERP,bid,56800,953.19
2024-09-02 07:42:39,BTCUSD_PERP,bid,56800,840.63
2024-09-02 07:42:39,BTCUSD_PERP,bid,56800,784.93
2024-09-02 07:42:40,BTCUSD_PERP,bid,56800,728.65
2024-09-02 07:42:40,BTCUSD_PERP,bid,56800,672.47
2024-09-02 07:42:40,BTCUSD_PERP,bid,56800,616.77
2024-09-02 07:43:24,BTCUSD_PERP,bid,56800,616.67
2024-09-02 07:43:24,BTCUSD_PERP,bid,56800,672.95
2024-09-02 07:45:21,BTCUSD_PERP,bid,56800,672.6
2024-09-02 07:45:21,BTCUSD_PERP,bid,56800,728.85
2024-09-02 07:45:29,BTCUSD_PERP,bid,56800,672.69
2024-09-02 07:45:29,BTCUSD_PERP,bid,56800,560.19
2024-09-02 07:45:30,BTCUSD_PERP,bid,56700,672.23
2024-09-02 07:47:40,BTCUSD_PERP,bid,56700,616.59
2024-09-02 07:47:41,BTCUSD_PERP,bid,56800,729.55
2024-09-02 07:47:41,BTCUSD_PERP,bid,56800,785.23
2024-09-02 07:47:41,BTCUSD_PERP,bid,56800,952.86
2024-09-02 07:49:50,BTCUSD_PERP,bid,56800,784.08
2024-09-02 07:49:51,BTCUSD_PERP,bid,56800,727.42
2024-09-02 07:49:51,BTCUSD_PERP,bid,56800,783.65
2024-09-02 07:49:51,BTCUSD_PERP,bid,56800,839.88
2024-09-02 07:50:43,BTCUSD_PERP,bid,56800,727.42
2024-09-02 07:50:43,BTCUSD_PERP,bid,56800,671.77
2024-09-02 07:50:44,BTCUSD_PERP,bid,56700,671.41
2024-09-02 07:50:44,BTCUSD_PERP,bid,56700,783.23
2024-09-02 07:50:44,BTCUSD_PERP,bid,56700,839.43
