2024-09-05 07:00:36,ETHUSDT,bid,1960,5283.406
2024-09-05 07:00:36,ETHUSDT,bid,1960,5283.304
2024-09-05 07:00:37,ETHUSDT,bid,1960,5283.304
2024-09-05 07:00:37,ETHUSDT,bid,1960,5283.406
2024-09-05 07:00:37,ETHUSDT,bid,1960,5283.304
2024-09-05 07:00:38,ETHUSDT,bid,1960,5283.406
2024-09-05 07:00:38,ETHUSDT,bid,1960,5283.304
2024-09-05 07:00:39,ETHUSDT,bid,1960,5283.406
2024-09-05 07:00:39,ETHUSDT,bid,1960,5283.304
2024-09-05 07:00:40,ETHUSDT,bid,1960,5283.406
2024-09-05 07:00:40,ETHUSDT,bid,1960,5283.304
2024-09-05 07:00:41,ETHUSDT,bid,1960,5283.406
2024-09-05 07:00:41,ETHUSDT,bid,1960,5283.304
2024-09-05 07:00:42,ETHUSDT,bid,1960,5283.406
2024-09-05 07:00:42,ETHUSDT,bid,1960,5283.304
2024-09-05 07:00:42,ETHUSDT,bid,1960,5283.304
2024-09-05 07:00:43,ETHUSDT,bid,2350,5467.16
2024-09-05 07:00:43,ETHUSDT,bid,1960,5283.304
2024-09-05 07:00:44,ETHUSDT,bid,1960,5283.304
2024-09-05 07:00:45,ETHUSDT,bid,1960,5283.304
2024-09-05 07:00:45,ETHUSDT,bid,1960,5283.304
2024-09-05 07:00:46,ETHUSDT,bid,1960,5283.304
2024-09-05 07:01:03,ETHUSDT,bid,2330,4579.96
2024-09-05 07:01:12,ETHUSDT,bid,2350,5466.16
2024-09-05 07:01:15,ETHUSDT,ask,2480,4233.755
2024-09-05 07:01:25,ETHUSDT,ask,2480,4231.404
2024-09-05 07:01:50,ETHUSDT,bid,2350,5465.948
2024-09-05 07:02:01,ETHUSDT,ask,2480,4233.428
2024-09-05 07:02:26,ETHUSDT,bid,2330,4579.981
2024-09-05 07:02:53,ETHUSDT,ask,2480,4233.628
2024-09-05 07:04:40,ETHUSDT,ask,2480,4234.432
2024-09-05 07:05:11,ETHUSDT,bid,2350,5466.948
2024-09-05 07:07:11,ETHUSDT,ask,2480,4233.632
2024-09-05 07:08:03,ETHUSDT,bid,2350,5468.948
2024-09-05 07:08:44,ETHUSDT,bid,2140,4943.475
2024-09-05 07:08:55,ETHUSDT,bid,2350,5470.948
2024-09-05 07:09:02,ETHUSDT,bid,2350,5471.156
2024-09-05 07:09:08,ETHUSDT,bid,2370,4364.689
2024-09-05 07:09:17,ETHUSDT,ask,2480,4234.617
2024-09-05 07:09:37,ETHUSDT,bid,2370,4364.781
2024-09-05 07:09:52,ETHUSDT,ask,2480,4234.034
2024-09-05 07:10:03,ETHUSDT,bid,2350,5471.029
2024-09-05 07:10:10,ETHUSDT,bid,2330,4580.978
2024-09-05 07:11:26,ETHUSDT,ask,2480,4213.523
2024-09-05 07:11:47,ETHUSDT,ask,2480,4213.714
2024-09-05 07:14:20,ETHUSDT,bid,2350,5470.383
2024-09-05 07:14:53,ETHUSDT,bid,2350,5470.415
2024-09-05 07:15:38,ETHUSDT,bid,2350,5420.415
2024-09-05 07:17:02,ETHUSDT,bid,2350,5422.542
2024-09-05 07:18:01,ETHUSDT,bid,2350,5425.542
2024-09-05 07:18:05,ETHUSDT,bid,2330,4580.896
2024-09-05 07:18:07,ETHUSDT,bid,2370,4364.571
2024-09-05 07:18:44,ETHUSDT,bid,2350,5466.529
2024-09-05 07:18:57,ETHUSDT,bid,2350,5466.829
2024-09-05 07:21:06,ETHUSDT,ask,2590,5817.627
2024-09-05 07:22:20,ETHUSDT,bid,2350,5466.999
2024-09-05 07:22:35,ETHUSDT,bid,2350,5467.008
2024-09-05 07:22:35,ETHUSDT,bid,2370,4364.58
2024-09-05 07:22:54,ETHUSDT,bid,2370,4366.9
2024-09-05 07:23:54,ETHUSDT,bid,2330,4580.911
2024-09-05 07:23:54,ETHUSDT,bid,2350,5467.023
2024-09-05 07:23:54,ETHUSDT,bid,2370,4366.915
2024-09-05 07:23:59,ETHUSDT,bid,2330,4580.89
2024-09-05 07:25:23,ETHUSDT,ask,2570,3901.877
2024-09-05 07:26:50,ETHUSDT,ask,2570,3902.361
2024-09-05 07:26:53,ETHUSDT,bid,2350,5467.014
2024-09-05 07:26:53,ETHUSDT,bid,2370,4366.906
2024-09-05 07:26:57,ETHUSDT,bid,2350,5464.887
2024-09-05 07:27:29,ETHUSDT,bid,2350,5464.845
2024-09-05 07:28:25,ETHUSDT,ask,2570,3901.877
2024-09-05 07:29:05,ETHUSDT,bid,2350,5458.785
2024-09-05 07:30:41,ETHUSDT,bid,2140,4945.408
2024-09-05 07:32:13,ETHUSDT,bid,2330,4580.845
2024-09-05 07:32:39,ETHUSDT,bid,1700,6032.787
2024-09-05 07:33:14,ETHUSDT,bid,2200,6497.863
2024-09-05 07:35:12,ETHUSDT,bid,1700,6033.057
2024-09-05 07:36:01,ETHUSDT,bid,2350,5468.417
2024-09-05 07:36:01,ETHUSDT,bid,2350,5529.897
2024-09-05 07:36:01,ETHUSDT,bid,2350,5589.399
2024-09-05 07:36:02,ETHUSDT,bid,2350,5610.537
2024-09-05 07:37:00,ETHUSDT,bid,2350,5600.905
2024-09-05 07:37:00,ETHUSDT,bid,2350,5535.347
2024-09-05 07:37:00,ETHUSDT,bid,2350,5458.785
2024-09-05 07:39:49,ETHUSDT,bid,1700,6032.787
2024-09-05 07:40:11,ETHUSDT,bid,2370,4365.634
2024-09-05 07:40:23,ETHUSDT,ask,2570,3893.659
2024-09-05 07:41:09,ETHUSDT,bid,2330,4580.935
2024-09-05 07:41:09,ETHUSDT,bid,2350,5458.874
2024-09-05 07:41:09,ETHUSDT,bid,2370,4365.722
2024-09-05 07:41:19,ETHUSDT,bid,2350,5459.086
2024-09-05 07:41:48,ETHUSDT,bid,2350,5456.202
2024-09-05 07:42:33,ETHUSDT,bid,2350,5457.883
2024-09-05 07:42:54,ETHUSDT,bid,2370,4368.83
2024-09-05 07:46:05,ETHUSDT,bid,2370,4368.871
2024-09-05 07:47:09,ETHUSDT,bid,2350,5467.939
2024-09-05 07:48:15,ETHUSDT,ask,2590,5827.627
2024-09-05 07:50:08,ETHUSDT,bid,2350,5467.239
2024-09-05 07:50:29,ETHUSDT,bid,2330,4580.435
2024-09-05 07:50:30,ETHUSDT,bid,2350,5466.739
2024-09-05 07:51:27,ETHUSDT,bid,2350,5466.515
2024-09-05 07:54:34,ETHUSDT,bid,2350,5466.525
2024-09-05 07:56:07,ETHUSDT,bid,2370,4366.652
2024-09-05 07:56:39,ETHUSDT,bid,2330,4580.485
2024-09-05 07:57:24,ETHUSDT,bid,2330,4580.914
2024-09-05 07:59:39,ETHUSDT,bid,2350,5466.526
2024-09-05 07:59:58,ETHUSDT,bid,2350,5461.526
2024-09-05 08:00:06,ETHUSDT,bid,2370,4367.916
2024-09-05 08:01:10,ETHUSDT,bid,2350,5464.526
2024-09-05 08:01:21,ETHUSDT,bid,2370,4367.917
2024-09-05 08:01:23,ETHUSDT,bid,2370,4365.597
2024-09-05 08:01:38,ETHUSDT,bid,2350,5464.776
2024-09-05 08:01:43,ETHUSDT,bid,2350,5454.776
2024-09-05 08:01:48,ETHUSDT,bid,2370,4364.333
2024-09-05 08:02:04,ETHUSDT,bid,2370,4364.543
2024-09-05 08:05:11,ETHUSDT,bid,2370,4364.542
2024-09-05 08:05:23,ETHUSDT,bid,2350,5454.806
2024-09-05 08:06:04,ETHUSDT,bid,2350,5454.856
2024-09-05 08:06:16,ETHUSDT,bid,2350,5454.806
2024-09-05 08:07:11,ETHUSDT,bid,2370,4364.563
2024-09-05 08:09:40,ETHUSDT,bid,2350,5454.797
2024-09-05 08:09:48,ETHUSDT,bid,2330,4585.193
2024-09-05 08:11:09,ETHUSDT,bid,2350,5455.222
2024-09-05 08:11:15,ETHUSDT,bid,2350,5455.25
2024-09-05 08:11:44,ETHUSDT,bid,2350,5458.25
2024-09-05 08:11:47,ETHUSDT,bid,2350,5458.424
2024-09-05 08:13:00,ETHUSDT,bid,2330,4585.231
2024-09-05 08:13:41,ETHUSDT,bid,2330,4585.258
2024-09-05 08:15:02,ETHUSDT,bid,2330,4584.615
2024-09-05 08:15:09,ETHUSDT,bid,2350,5458.174
2024-09-05 08:15:56,ETHUSDT,bid,2330,4584.938
2024-09-05 08:17:33,ETHUSDT,bid,2350,5458.599
2024-09-05 08:17:34,ETHUSDT,bid,2350,5459.599
2024-09-05 08:19:21,ETHUSDT,bid,2350,5459.952
2024-09-05 08:19:36,ETHUSDT,bid,2370,4364.914
2024-09-05 08:20:07,ETHUSDT,bid,2200,4541.198
2024-09-05 08:20:07,ETHUSDT,bid,2200,4541.188
2024-09-05 08:20:08,ETHUSDT,bid,2200,4541.198
2024-09-05 08:20:08,ETHUSDT,bid,2200,4541.198
2024-09-05 08:20:09,ETHUSDT,bid,2200,4541.208
2024-09-05 08:20:10,ETHUSDT,bid,2200,4541.208
2024-09-05 08:20:10,ETHUSDT,bid,2200,4541.208
2024-09-05 08:20:11,ETHUSDT,bid,2200,4541.208
2024-09-05 08:20:12,ETHUSDT,bid,2200,4541.218
2024-09-05 08:20:12,ETHUSDT,bid,2200,4541.228
2024-09-05 08:20:12,ETHUSDT,bid,2200,4541.218
2024-09-05 08:20:12,ETHUSDT,bid,2200,4541.228
2024-09-05 08:20:51,ETHUSDT,bid,2200,4541.228
2024-09-05 08:20:51,ETHUSDT,bid,2200,4541.238
2024-09-05 08:20:52,ETHUSDT,bid,2200,4541.238
2024-09-05 08:20:53,ETHUSDT,bid,2200,4541.248
2024-09-05 08:20:53,ETHUSDT,bid,2200,4541.248
2024-09-05 08:20:54,ETHUSDT,bid,2200,4541.258
2024-09-05 08:20:54,ETHUSDT,bid,2200,4541.258
2024-09-05 08:20:55,ETHUSDT,bid,2200,4541.268
2024-09-05 08:20:55,ETHUSDT,bid,2200,4541.268
2024-09-05 08:20:56,ETHUSDT,bid,2200,4541.268
2024-09-05 08:20:56,ETHUSDT,bid,2200,4541.278
2024-09-05 08:20:57,ETHUSDT,bid,2200,4541.288
2024-09-05 08:20:57,ETHUSDT,bid,2200,4541.298
2024-09-05 08:20:58,ETHUSDT,bid,2200,4541.298
2024-09-05 08:20:59,ETHUSDT,bid,2200,4541.298
2024-09-05 08:20:59,ETHUSDT,bid,2200,4541.308
2024-09-05 08:20:59,ETHUSDT,bid,2200,4541.318
2024-09-05 08:20:59,ETHUSDT,bid,2200,4541.328
2024-09-05 08:20:59,ETHUSDT,bid,2200,4541.338
2024-09-05 08:21:01,ETHUSDT,bid,2200,4541.338
2024-09-05 08:21:18,ETHUSDT,bid,2200,4541.328
2024-09-05 08:21:19,ETHUSDT,bid,2200,4541.318
2024-09-05 08:21:21,ETHUSDT,bid,2200,4541.308
2024-09-05 08:21:22,ETHUSDT,bid,2200,4541.298
2024-09-05 08:21:41,ETHUSDT,bid,2200,4541.288
2024-09-05 08:21:42,ETHUSDT,bid,2200,4541.278
2024-09-05 08:21:43,ETHUSDT,bid,2200,4541.268
2024-09-05 08:21:43,ETHUSDT,bid,2200,4541.258
2024-09-05 08:21:43,ETHUSDT,bid,2200,4541.248
2024-09-05 08:21:44,ETHUSDT,bid,2200,4541.238
2024-09-05 08:21:44,ETHUSDT,bid,2200,4541.228
2024-09-05 08:21:45,ETHUSDT,bid,2200,4541.218
2024-09-05 08:21:45,ETHUSDT,bid,2200,4541.208
2024-09-05 08:21:45,ETHUSDT,bid,2200,4541.198
2024-09-05 08:21:46,ETHUSDT,bid,2200,4541.188
2024-09-05 08:23:59,ETHUSDT,bid,2350,5464.952
2024-09-05 08:25:43,ETHUSDT,bid,2350,5465.164
2024-09-05 08:26:05,ETHUSDT,bid,2370,4364.953
2024-09-05 08:26:47,ETHUSDT,bid,2350,5465.064
2024-09-05 08:28:47,ETHUSDT,bid,2370,4365.015
2024-09-05 08:30:39,ETHUSDT,bid,2350,5464.674
2024-09-05 08:30:41,ETHUSDT,bid,2330,4584.848
2024-09-05 08:30:41,ETHUSDT,bid,2350,5464.585
2024-09-05 08:30:41,ETHUSDT,bid,2370,4364.927
2024-09-05 08:32:03,ETHUSDT,bid,2350,5469.585
2024-09-05 08:32:39,ETHUSDT,bid,2350,5470.01
2024-09-05 08:33:15,ETHUSDT,bid,2330,4589.848
2024-09-05 08:33:36,ETHUSDT,bid,2330,4589.72
2024-09-05 08:34:25,ETHUSDT,bid,2330,4589.693
2024-09-05 08:38:24,ETHUSDT,bid,2330,4582.476
2024-09-05 08:39:39,ETHUSDT,ask,2590,5827.296
2024-09-05 08:40:54,ETHUSDT,bid,2350,5468.787
2024-09-05 08:41:47,ETHUSDT,ask,2670,3797.303
2024-09-05 08:44:48,ETHUSDT,bid,2350,5468.91
2024-09-05 08:45:42,ETHUSDT,bid,2350,5468.71
2024-09-05 08:46:57,ETHUSDT,bid,2210,4525.253
2024-09-05 08:47:01,ETHUSDT,bid,2210,4525.263
2024-09-05 08:47:06,ETHUSDT,bid,2210,4525.253
2024-09-05 08:47:10,ETHUSDT,bid,2210,4525.243
2024-09-05 08:48:55,ETHUSDT,bid,2350,5468.285
2024-09-05 08:51:32,ETHUSDT,bid,2370,4364.721
2024-09-05 08:52:21,ETHUSDT,bid,2350,5465.285
2024-09-05 08:59:48,ETHUSDT,bid,2350,5465.271
2024-09-05 09:00:40,ETHUSDT,bid,2350,5465.247
2024-09-05 09:01:03,ETHUSDT,bid,2350,5465.235
2024-09-05 09:02:17,ETHUSDT,bid,2370,4364.691
2024-09-05 09:02:18,ETHUSDT,ask,2590,5829.211
2024-09-05 09:03:50,ETHUSDT,bid,2350,5461.176
2024-09-05 09:04:16,ETHUSDT,bid,2330,4582.434
2024-09-05 09:04:27,ETHUSDT,bid,2350,5461.192
2024-09-05 09:05:08,ETHUSDT,bid,2200,4546.55
2024-09-05 09:05:33,ETHUSDT,bid,2200,4626.55
2024-09-05 09:06:07,ETHUSDT,bid,2350,5462.16
2024-09-05 09:06:42,ETHUSDT,bid,2350,5461.192
2024-09-05 09:07:01,ETHUSDT,bid,2030,5037.228
2024-09-05 09:07:07,ETHUSDT,bid,2350,5461.201
2024-09-05 09:07:30,ETHUSDT,bid,2370,4365.197
2024-09-05 09:09:54,ETHUSDT,bid,2350,5461.223
2024-09-05 09:10:37,ETHUSDT,bid,2370,4365.412
2024-09-05 09:10:43,ETHUSDT,bid,2350,5461.206
2024-09-05 09:11:41,ETHUSDT,bid,2200,6497.863
2024-09-05 09:11:48,ETHUSDT,bid,2200,6497.873
2024-09-05 09:11:48,ETHUSDT,bid,2200,6497.883
2024-09-05 09:11:48,ETHUSDT,bid,2200,6497.883
2024-09-05 09:11:49,ETHUSDT,bid,2200,6497.893
2024-09-05 09:11:50,ETHUSDT,bid,2370,4368.412
2024-09-05 09:12:06,ETHUSDT,bid,2200,6497.903
2024-09-05 09:12:06,ETHUSDT,bid,2200,6497.913
2024-09-05 09:12:06,ETHUSDT,bid,2200,6497.923
2024-09-05 09:12:07,ETHUSDT,bid,2200,6497.923
2024-09-05 09:12:07,ETHUSDT,bid,2200,6497.943
2024-09-05 09:12:08,ETHUSDT,bid,2200,6497.963
2024-09-05 09:12:08,ETHUSDT,bid,2200,6497.963
2024-09-05 09:12:08,ETHUSDT,bid,2200,6497.973
2024-09-05 09:12:09,ETHUSDT,bid,2200,6497.973
2024-09-05 09:12:09,ETHUSDT,bid,2200,6497.983
2024-09-05 09:12:09,ETHUSDT,bid,2200,6498.003
2024-09-05 09:12:10,ETHUSDT,bid,2200,6498.013
2024-09-05 09:12:10,ETHUSDT,bid,2200,6498.013
2024-09-05 09:12:17,ETHUSDT,bid,2200,6498.003
2024-09-05 09:12:18,ETHUSDT,bid,2200,6497.993
2024-09-05 09:12:19,ETHUSDT,bid,2200,6497.983
2024-09-05 09:12:40,ETHUSDT,bid,2200,6497.973
2024-09-05 09:12:41,ETHUSDT,bid,2200,6497.963
2024-09-05 09:12:41,ETHUSDT,bid,2200,6497.953
2024-09-05 09:12:41,ETHUSDT,bid,2200,6497.943
2024-09-05 09:12:42,ETHUSDT,bid,2200,6497.933
2024-09-05 09:12:43,ETHUSDT,bid,2200,6497.923
2024-09-05 09:12:43,ETHUSDT,bid,2200,6497.913
2024-09-05 09:12:43,ETHUSDT,bid,2200,6497.903
2024-09-05 09:12:44,ETHUSDT,bid,2200,6497.893
2024-09-05 09:12:44,ETHUSDT,bid,2200,6497.883
2024-09-05 09:12:45,ETHUSDT,bid,2200,6497.863
2024-09-05 09:12:46,ETHUSDT,bid,2370,4368.371
2024-09-05 09:13:01,ETHUSDT,bid,2370,4368.949
2024-09-05 09:13:12,ETHUSDT,bid,2140,9425.622
2024-09-05 09:13:25,ETHUSDT,bid,2200,4541.198
2024-09-05 09:13:56,ETHUSDT,bid,1960,5283.284
2024-09-05 09:14:02,ETHUSDT,bid,2350,5461.226
2024-09-05 09:14:15,ETHUSDT,bid,1700,6032.767
2024-09-05 09:17:55,ETHUSDT,bid,2350,5459.974
2024-09-05 09:17:55,ETHUSDT,bid,2370,4370.542
2024-09-05 09:20:41,ETHUSDT,bid,2350,5456.587
2024-09-05 09:20:54,ETHUSDT,bid,1960,5283.386
2024-09-05 09:20:54,ETHUSDT,bid,1960,5283.284
2024-09-05 09:20:56,ETHUSDT,bid,1960,5283.284
2024-09-05 09:20:56,ETHUSDT,bid,1960,5283.284
2024-09-05 09:20:57,ETHUSDT,bid,1960,5283.386
2024-09-05 09:20:57,ETHUSDT,bid,1960,5283.284
2024-09-05 09:20:58,ETHUSDT,bid,1960,5283.386
2024-09-05 09:20:58,ETHUSDT,bid,1960,5283.284
2024-09-05 09:21:06,ETHUSDT,bid,1960,5284.304
2024-09-05 09:23:53,ETHUSDT,bid,1940,5214.205
2024-09-05 09:24:52,ETHUSDT,bid,2350,5456.087
2024-09-05 09:25:39,ETHUSDT,bid,1960,5284.406
2024-09-05 09:25:39,ETHUSDT,bid,1960,5284.304
2024-09-05 09:25:40,ETHUSDT,bid,1960,5284.406
2024-09-05 09:25:40,ETHUSDT,bid,1960,5284.304
2024-09-05 09:25:58,ETHUSDT,bid,2350,5456.272
2024-09-05 09:26:05,ETHUSDT,bid,2350,5456.569
2024-09-05 09:26:28,ETHUSDT,bid,2350,5456.384
2024-09-05 09:27:14,ETHUSDT,bid,2350,5456.884
2024-09-05 09:29:40,ETHUSDT,bid,2370,4370.642
2024-09-05 09:29:47,ETHUSDT,bid,2350,5456.984
2024-09-05 09:30:04,ETHUSDT,bid,2350,5456.899
2024-09-05 09:30:04,ETHUSDT,bid,2370,4370.558
2024-09-05 09:30:06,ETHUSDT,bid,2350,5456.602
2024-09-05 09:30:36,ETHUSDT,bid,2330,4582.452
2024-09-05 09:30:36,ETHUSDT,bid,2350,5456.62
2024-09-05 09:30:36,ETHUSDT,bid,2370,4370.576
2024-09-05 09:31:25,ETHUSDT,bid,2330,4582.409
2024-09-05 09:31:25,ETHUSDT,bid,2350,5456.577
2024-09-05 09:31:25,ETHUSDT,bid,2370,4370.533
2024-09-05 09:31:30,ETHUSDT,bid,1960,5284.304
2024-09-05 09:31:30,ETHUSDT,bid,1960,5284.406
2024-09-05 09:31:30,ETHUSDT,bid,1960,5284.304
2024-09-05 09:31:37,ETHUSDT,bid,2350,5457.577
2024-09-05 09:31:41,ETHUSDT,bid,1960,5284.304
2024-09-05 09:31:42,ETHUSDT,bid,1960,5284.406
2024-09-05 09:31:42,ETHUSDT,bid,1960,5284.304
2024-09-05 09:32:36,ETHUSDT,bid,2200,4541.208
2024-09-05 09:32:37,ETHUSDT,bid,2200,4541.218
2024-09-05 09:32:40,ETHUSDT,bid,2200,4541.228
2024-09-05 09:32:45,ETHUSDT,bid,2200,4541.218
2024-09-05 09:32:46,ETHUSDT,bid,2200,4541.208
2024-09-05 09:32:47,ETHUSDT,bid,2350,5457.562
2024-09-05 09:32:49,ETHUSDT,bid,2200,4541.198
2024-09-05 09:32:59,ETHUSDT,bid,1960,5284.352
2024-09-05 09:32:59,ETHUSDT,bid,1960,5284.304
2024-09-05 09:33:09,ETHUSDT,bid,2400,4169.301
2024-09-05 09:33:21,ETHUSDT,bid,2140,4945.378
2024-09-05 09:34:50,ETHUSDT,bid,2350,5456.062
2024-09-05 09:35:16,ETHUSDT,bid,2390,12524.913
2024-09-05 09:35:44,ETHUSDT,bid,2390,10000.01
2024-09-05 09:35:44,ETHUSDT,bid,2390,14841.628
2024-09-05 09:36:37,ETHUSDT,bid,2330,4581.367
2024-09-05 09:36:47,ETHUSDT,bid,2330,4579.367
2024-09-05 09:39:23,ETHUSDT,bid,2330,4579.382
2024-09-05 09:39:23,ETHUSDT,bid,2350,5456.077
2024-09-05 09:39:23,ETHUSDT,bid,2370,4370.548
2024-09-05 09:43:57,ETHUSDT,bid,1960,5284.406
2024-09-05 09:43:57,ETHUSDT,bid,1960,5284.304
2024-09-05 09:43:58,ETHUSDT,bid,1960,5284.406
2024-09-05 09:43:58,ETHUSDT,bid,1960,5284.304
2024-09-05 09:43:59,ETHUSDT,bid,1960,5284.406
2024-09-05 09:43:59,ETHUSDT,bid,1960,5284.304
2024-09-05 09:44:00,ETHUSDT,bid,1960,5284.304
2024-09-05 09:44:01,ETHUSDT,bid,1960,5284.304
2024-09-05 09:44:02,ETHUSDT,bid,1960,5284.406
2024-09-05 09:44:02,ETHUSDT,bid,1960,5284.304
2024-09-05 09:44:03,ETHUSDT,bid,1960,5284.304
2024-09-05 09:44:04,ETHUSDT,bid,1960,5284.406
2024-09-05 09:44:04,ETHUSDT,bid,1960,5284.304
2024-09-05 09:44:06,ETHUSDT,bid,1960,5284.304
2024-09-05 09:44:29,ETHUSDT,bid,2400,14839.48
2024-09-05 09:44:34,ETHUSDT,bid,2400,14858.48
2024-09-05 09:44:37,ETHUSDT,bid,2400,14897.48
2024-09-05 09:44:39,ETHUSDT,bid,2400,14839.48
2024-09-05 09:45:30,ETHUSDT,bid,2330,4579.448
2024-09-05 09:46:26,ETHUSDT,bid,2330,4579.382
2024-09-05 09:47:50,ETHUSDT,bid,2200,4626.57
2024-09-05 09:47:59,ETHUSDT,bid,2200,4626.56
2024-09-05 09:48:14,ETHUSDT,bid,2200,4626.57
2024-09-05 09:48:14,ETHUSDT,bid,2200,4626.58
2024-09-05 09:48:14,ETHUSDT,bid,2200,4626.58
2024-09-05 09:48:14,ETHUSDT,bid,2200,4626.59
2024-09-05 09:48:16,ETHUSDT,bid,2350,5456.065
2024-09-05 09:48:16,ETHUSDT,bid,2370,4370.536
2024-09-05 09:48:19,ETHUSDT,bid,2330,4579.448
2024-09-05 09:48:22,ETHUSDT,bid,2200,4626.58
2024-09-05 09:48:27,ETHUSDT,bid,2350,5455.922
2024-09-05 09:48:36,ETHUSDT,bid,2200,4626.57
2024-09-05 09:49:02,ETHUSDT,bid,2200,4626.56
2024-09-05 09:49:04,ETHUSDT,bid,2200,4626.55
2024-09-05 09:49:12,ETHUSDT,bid,2350,5455.931
2024-09-05 09:50:39,ETHUSDT,bid,2350,5455.94
2024-09-05 09:51:07,ETHUSDT,bid,2350,5455.96
2024-09-05 09:51:16,ETHUSDT,bid,2350,5455.951
2024-09-05 09:53:53,ETHUSDT,bid,2350,5456.376
2024-09-05 09:53:54,ETHUSDT,bid,2200,6497.873
2024-09-05 09:53:54,ETHUSDT,bid,2200,6497.883
2024-09-05 09:53:55,ETHUSDT,bid,2200,6497.883
2024-09-05 09:53:55,ETHUSDT,bid,2200,6497.893
2024-09-05 09:53:56,ETHUSDT,bid,2200,6497.903
2024-09-05 09:53:56,ETHUSDT,bid,2200,6497.903
2024-09-05 09:53:56,ETHUSDT,bid,2200,6497.913
2024-09-05 09:53:56,ETHUSDT,bid,2200,6497.941
2024-09-05 09:53:57,ETHUSDT,bid,2200,6497.959
2024-09-05 09:53:57,ETHUSDT,bid,2200,6497.959
2024-09-05 09:53:57,ETHUSDT,bid,2200,6497.969
2024-09-05 09:53:58,ETHUSDT,bid,2200,6497.979
2024-09-05 09:53:58,ETHUSDT,bid,2200,6497.979
2024-09-05 09:53:59,ETHUSDT,bid,2200,6497.997
2024-09-05 09:53:59,ETHUSDT,bid,2200,6498.007
2024-09-05 09:54:03,ETHUSDT,bid,2200,6497.997
2024-09-05 09:54:05,ETHUSDT,bid,2200,6497.987
2024-09-05 09:54:05,ETHUSDT,bid,2200,6497.977
2024-09-05 09:54:08,ETHUSDT,bid,2200,6497.967
2024-09-05 09:54:36,ETHUSDT,bid,2200,6497.957
2024-09-05 09:54:36,ETHUSDT,bid,2200,6497.947
2024-09-05 09:54:36,ETHUSDT,bid,2200,6497.937
2024-09-05 09:54:37,ETHUSDT,bid,2200,6497.927
2024-09-05 09:54:37,ETHUSDT,bid,2200,6497.917
2024-09-05 09:57:59,ETHUSDT,bid,2350,5456.588
2024-09-05 09:58:25,ETHUSDT,bid,2350,5456.651
2024-09-05 09:59:01,ETHUSDT,bid,2330,4579.234
2024-09-05 10:00:27,ETHUSDT,bid,2220,4518.111
2024-09-05 10:01:02,ETHUSDT,bid,2350,5456.633
2024-09-05 10:01:03,ETHUSDT,bid,2350,5456.844
2024-09-05 10:01:08,ETHUSDT,bid,2370,4370.569
2024-09-05 10:01:08,ETHUSDT,bid,2370,4370.536
2024-09-05 10:01:08,ETHUSDT,bid,2370,4370.569
2024-09-05 10:01:08,ETHUSDT,bid,2370,4370.536
2024-09-05 10:02:05,ETHUSDT,bid,2350,5457.695
2024-09-05 10:02:32,ETHUSDT,bid,2350,5458.695
2024-09-05 10:02:33,ETHUSDT,bid,2370,4372.681
2024-09-05 10:03:11,ETHUSDT,bid,2370,4372.714
2024-09-05 10:03:11,ETHUSDT,bid,2370,4372.681
2024-09-05 10:03:57,ETHUSDT,bid,2200,6497.899
2024-09-05 10:03:57,ETHUSDT,bid,2200,6497.881
2024-09-05 10:03:59,ETHUSDT,bid,2200,6497.863
2024-09-05 10:04:18,ETHUSDT,bid,2350,5458.648
2024-09-05 10:05:02,ETHUSDT,bid,2370,4371.681
2024-09-05 10:05:31,ETHUSDT,bid,2350,5458.663
2024-09-05 10:06:21,ETHUSDT,bid,2350,5458.794
2024-09-05 10:07:01,ETHUSDT,bid,1960,5323.157
2024-09-05 10:07:03,ETHUSDT,bid,1700,6032.755
2024-09-05 10:07:29,ETHUSDT,bid,2350,5460.708
2024-09-05 10:07:30,ETHUSDT,bid,2350,5458.794
2024-09-05 10:07:43,ETHUSDT,bid,2370,4371.691
2024-09-05 10:08:08,ETHUSDT,ask,2670,3797.314
2024-09-05 10:08:10,ETHUSDT,bid,2330,4578.803
2024-09-05 10:08:12,ETHUSDT,bid,2350,5462.337
2024-09-05 10:08:21,ETHUSDT,bid,2350,5468.261
2024-09-05 10:08:23,ETHUSDT,bid,2330,4606.031
2024-09-05 10:08:50,ETHUSDT,bid,2330,4605.915
2024-09-05 10:09:03,ETHUSDT,bid,2370,4372.691
2024-09-05 10:09:05,ETHUSDT,bid,2370,4377.102
2024-09-05 10:09:39,ETHUSDT,bid,2350,5471.646
2024-09-05 10:09:41,ETHUSDT,bid,2350,5472.512
2024-09-05 10:09:46,ETHUSDT,bid,2370,4377.945
2024-09-05 10:09:57,ETHUSDT,bid,2330,4605.9
2024-09-05 10:09:57,ETHUSDT,bid,2350,5472.497
2024-09-05 10:09:57,ETHUSDT,bid,2370,4377.93
2024-09-05 10:09:59,ETHUSDT,bid,2350,5472.397
2024-09-05 10:09:59,ETHUSDT,bid,2370,4377.83
2024-09-05 10:09:59,ETHUSDT,bid,2350,5473.248
2024-09-05 10:10:04,ETHUSDT,bid,2350,5475.245
2024-09-05 10:10:13,ETHUSDT,bid,2330,4606.758
2024-09-05 10:10:15,ETHUSDT,bid,2350,5475.29
2024-09-05 10:10:19,ETHUSDT,bid,2350,5476.587
2024-09-05 10:10:41,ETHUSDT,bid,2350,5476.935
2024-09-05 10:10:41,ETHUSDT,bid,2350,5476.723
2024-09-05 10:10:44,ETHUSDT,bid,2350,5481.723
2024-09-05 10:10:45,ETHUSDT,bid,2370,4427.83
2024-09-05 10:10:56,ETHUSDT,bid,2370,4428.83
2024-09-05 10:10:59,ETHUSDT,bid,2350,5481.909
2024-09-05 10:11:00,ETHUSDT,bid,2330,4607.008
2024-09-05 10:11:00,ETHUSDT,bid,2330,4607.019
2024-09-05 10:11:01,ETHUSDT,bid,2350,5494.409
2024-09-05 10:11:07,ETHUSDT,bid,2330,4607.004
2024-09-05 10:11:07,ETHUSDT,bid,2350,5494.394
2024-09-05 10:11:07,ETHUSDT,bid,2370,4428.815
2024-09-05 10:11:17,ETHUSDT,bid,2330,4607.067
2024-09-05 10:11:17,ETHUSDT,bid,2370,4428.753
2024-09-05 10:11:23,ETHUSDT,bid,2350,5534.394
2024-09-05 10:11:27,ETHUSDT,bid,2350,5536.521
2024-09-05 10:11:29,ETHUSDT,bid,2330,4606.638
2024-09-05 10:11:34,ETHUSDT,bid,2330,4606.585
2024-09-05 10:11:34,ETHUSDT,bid,2350,5536.468
2024-09-05 10:11:34,ETHUSDT,bid,2370,4428.7
2024-09-05 10:11:47,ETHUSDT,bid,2370,4429.058
2024-09-05 10:11:48,ETHUSDT,bid,2330,4606.795
2024-09-05 10:11:59,ETHUSDT,bid,2370,4434.533
2024-09-05 10:12:01,ETHUSDT,bid,2330,4607.295
2024-09-05 10:12:06,ETHUSDT,bid,2350,5536.043
2024-09-05 10:12:21,ETHUSDT,bid,2350,5538.043
2024-09-05 10:12:21,ETHUSDT,bid,2370,4434.803
2024-09-05 10:12:28,ETHUSDT,bid,2330,4607.429
2024-09-05 10:12:35,ETHUSDT,bid,2350,5542.309
2024-09-05 10:12:36,ETHUSDT,bid,2350,5544.146
2024-09-05 10:13:00,ETHUSDT,bid,2370,4434.445
2024-09-05 10:13:15,ETHUSDT,bid,2350,5539.146
2024-09-05 10:13:15,ETHUSDT,bid,2350,5551.911
2024-09-05 10:13:16,ETHUSDT,bid,2370,4434.508
2024-09-05 10:13:20,ETHUSDT,bid,2350,5539.146
2024-09-05 10:13:41,ETHUSDT,bid,2350,5546.146
2024-09-05 10:13:48,ETHUSDT,bid,2350,5541.146
2024-09-05 10:14:03,ETHUSDT,bid,2350,5541.071
2024-09-05 10:14:06,ETHUSDT,bid,2330,4610.429
2024-09-05 10:14:09,ETHUSDT,bid,2350,5541.116
2024-09-05 10:14:12,ETHUSDT,bid,2350,5543.116
2024-09-05 10:14:13,ETHUSDT,bid,2330,4610.295
2024-09-05 10:14:26,ETHUSDT,bid,2350,5543.071
2024-09-05 10:14:31,ETHUSDT,bid,2370,4436.617
2024-09-05 10:14:52,ETHUSDT,bid,2350,5538.071
2024-09-05 10:14:54,ETHUSDT,bid,2350,5542.028
2024-09-05 10:15:03,ETHUSDT,bid,2370,4437.239
2024-09-05 10:15:03,ETHUSDT,bid,2370,4387.239
2024-09-05 10:15:08,ETHUSDT,bid,2350,5538.071
2024-09-05 10:15:10,ETHUSDT,bid,2350,5541.386
2024-09-05 10:15:17,ETHUSDT,bid,2350,5541.598
2024-09-05 10:15:26,ETHUSDT,bid,2350,5543.598
2024-09-05 10:15:36,ETHUSDT,bid,2330,4613.295
2024-09-05 10:16:04,ETHUSDT,bid,2330,4613.546
2024-09-05 10:16:16,ETHUSDT,bid,2350,5540.055
2024-09-05 10:16:23,ETHUSDT,bid,2330,4615.546
2024-09-05 10:16:28,ETHUSDT,bid,2330,4615.346
2024-09-05 10:16:33,ETHUSDT,bid,2350,5539.855
2024-09-05 10:16:37,ETHUSDT,bid,2350,5544.819
2024-09-05 10:16:38,ETHUSDT,bid,2370,4387.039
2024-09-05 10:16:42,ETHUSDT,bid,2330,4616.633
2024-09-05 10:16:43,ETHUSDT,bid,2330,4614.633
2024-09-05 10:16:46,ETHUSDT,bid,2350,5543.35
2024-09-05 10:16:50,ETHUSDT,bid,2210,4525.461
2024-09-05 10:16:55,ETHUSDT,bid,2350,5543.4
2024-09-05 10:17:24,ETHUSDT,bid,2350,5543.418
2024-09-05 10:17:25,ETHUSDT,bid,2330,4623.333
2024-09-05 10:17:57,ETHUSDT,bid,2350,5543.452
2024-09-05 10:18:25,ETHUSDT,bid,2350,5536.452
2024-09-05 10:18:50,ETHUSDT,bid,2350,5537.728
2024-09-05 10:18:53,ETHUSDT,bid,2350,5537.737
2024-09-05 10:18:55,ETHUSDT,bid,2370,4381.564
2024-09-05 10:19:11,ETHUSDT,bid,2350,5537.949
2024-09-05 10:19:12,ETHUSDT,bid,2370,4381.69
2024-09-05 10:19:18,ETHUSDT,bid,2350,5695.395
2024-09-05 10:19:18,ETHUSDT,bid,2350,5694.395
2024-09-05 10:19:18,ETHUSDT,bid,2350,5694.404
2024-09-05 10:20:54,ETHUSDT,bid,2350,5696.031
2024-09-05 10:21:30,ETHUSDT,bid,2350,5696.613
2024-09-05 10:21:44,ETHUSDT,bid,2350,5697.013
2024-09-05 10:21:59,ETHUSDT,bid,2370,4381.9
2024-09-05 10:22:01,ETHUSDT,bid,2350,5694.886
2024-09-05 10:22:01,ETHUSDT,bid,2350,5692.889
2024-09-05 10:22:04,ETHUSDT,bid,2350,5691.828
2024-09-05 10:22:15,ETHUSDT,bid,2350,5692.04
2024-09-05 10:22:18,ETHUSDT,bid,2350,5692.657
2024-09-05 10:22:26,ETHUSDT,bid,2330,4625.325
2024-09-05 10:22:31,ETHUSDT,bid,2330,4624.682
2024-09-05 10:22:37,ETHUSDT,bid,2350,5714.178
2024-09-05 10:22:38,ETHUSDT,bid,2330,4625.356
2024-09-05 10:22:45,ETHUSDT,bid,2370,4383.9
2024-09-05 10:22:48,ETHUSDT,bid,2330,4625.498
2024-09-05 10:22:48,ETHUSDT,bid,2350,5714.319
2024-09-05 10:22:48,ETHUSDT,bid,2370,4384.039
2024-09-05 10:22:48,ETHUSDT,ask,2670,3797.438
2024-09-05 10:22:58,ETHUSDT,bid,2330,4625.712
2024-09-05 10:23:08,ETHUSDT,bid,2350,5712.319
2024-09-05 10:23:19,ETHUSDT,bid,2350,5712.255
2024-09-05 10:23:30,ETHUSDT,bid,2370,4383.417
2024-09-05 10:23:33,ETHUSDT,bid,2350,5710.255
2024-09-05 10:23:37,ETHUSDT,bid,2370,4383.472
2024-09-05 10:23:51,ETHUSDT,bid,2140,4945.424
2024-09-05 10:23:58,ETHUSDT,bid,2350,5710.155
2024-09-05 10:24:09,ETHUSDT,bid,2330,4626.062
2024-09-05 10:24:10,ETHUSDT,bid,2370,4383.572
2024-09-05 10:24:26,ETHUSDT,bid,2350,5708.318
2024-09-05 10:24:43,ETHUSDT,bid,2350,5709.218
2024-09-05 10:24:52,ETHUSDT,bid,2350,5709.718
2024-09-05 10:24:55,ETHUSDT,ask,2650,3802.405
2024-09-05 10:24:56,ETHUSDT,ask,2650,3802.415
2024-09-05 10:24:56,ETHUSDT,ask,2650,3802.425
2024-09-05 10:24:57,ETHUSDT,ask,2650,3802.435
2024-09-05 10:24:57,ETHUSDT,ask,2650,3802.443
2024-09-05 10:24:57,ETHUSDT,ask,2650,3802.453
2024-09-05 10:25:01,ETHUSDT,bid,2210,4526.461
2024-09-05 10:25:05,ETHUSDT,bid,2350,5709.738
2024-09-05 10:25:05,ETHUSDT,bid,2330,4625.962
2024-09-05 10:25:05,ETHUSDT,ask,2650,3802.445
2024-09-05 10:25:06,ETHUSDT,bid,2350,5709.886
2024-09-05 10:25:12,ETHUSDT,bid,2350,5710.91
2024-09-05 10:25:13,ETHUSDT,bid,2370,4383.854
2024-09-05 10:25:31,ETHUSDT,ask,2650,3802.435
2024-09-05 10:25:31,ETHUSDT,ask,2650,3802.425
2024-09-05 10:25:31,ETHUSDT,bid,2350,5711.529
2024-09-05 10:25:32,ETHUSDT,ask,2650,3802.415
2024-09-05 10:25:33,ETHUSDT,ask,2650,3802.405
2024-09-05 10:25:35,ETHUSDT,bid,2350,5711.423
2024-09-05 10:25:35,ETHUSDT,bid,2350,5711.719
2024-09-05 10:26:01,ETHUSDT,bid,2330,4626.687
2024-09-05 10:26:07,ETHUSDT,bid,2350,5712.14
2024-09-05 10:26:08,ETHUSDT,bid,2350,5713.636
2024-09-05 10:26:23,ETHUSDT,bid,2350,5715.763
2024-09-05 10:26:36,ETHUSDT,bid,2370,4383.919
2024-09-05 10:27:12,ETHUSDT,bid,2350,5715.82
2024-09-05 10:27:27,ETHUSDT,bid,2140,4945.666
2024-09-05 10:27:31,ETHUSDT,bid,2350,5716.518
2024-09-05 10:27:48,ETHUSDT,bid,2330,4624.756
2024-09-05 10:28:02,ETHUSDT,bid,2330,4624.97
2024-09-05 10:28:08,ETHUSDT,bid,2350,5718.22
2024-09-05 10:28:12,ETHUSDT,bid,2350,5719.22
2024-09-05 10:28:27,ETHUSDT,bid,2350,5723.51
2024-09-05 10:28:33,ETHUSDT,bid,2350,5719.244
2024-09-05 10:28:40,ETHUSDT,bid,2200,4628.05
2024-09-05 10:29:07,ETHUSDT,bid,2350,5561.798
2024-09-05 10:29:24,ETHUSDT,bid,2330,4625.36
2024-09-05 10:29:27,ETHUSDT,bid,2330,4625.74
2024-09-05 10:29:29,ETHUSDT,bid,2370,4384.762
2024-09-05 10:29:30,ETHUSDT,bid,2350,5562.798
2024-09-05 10:29:34,ETHUSDT,bid,2350,5563.649
2024-09-05 10:29:46,ETHUSDT,bid,2140,4945.424
2024-09-05 10:29:51,ETHUSDT,bid,2250,4500.221
2024-09-05 10:30:39,ETHUSDT,bid,2350,5563.861
2024-09-05 10:30:46,ETHUSDT,bid,2350,5567.516
2024-09-05 10:30:49,ETHUSDT,bid,2350,5568.216
2024-09-05 10:31:03,ETHUSDT,bid,2200,4541.262
2024-09-05 10:31:03,ETHUSDT,bid,2350,5568.28
2024-09-05 10:31:11,ETHUSDT,bid,2350,5568.322
2024-09-05 10:31:20,ETHUSDT,bid,2350,5567.013
2024-09-05 10:31:25,ETHUSDT,bid,2350,5566.313
2024-09-05 10:31:38,ETHUSDT,bid,2350,5566.525
2024-09-05 10:32:00,ETHUSDT,bid,2350,5567.525
2024-09-05 10:32:24,ETHUSDT,bid,2370,4384.789
2024-09-05 10:32:30,ETHUSDT,bid,2350,5567.313
2024-09-05 10:32:31,ETHUSDT,bid,2350,5567.813
2024-09-05 10:32:32,ETHUSDT,bid,1960,5284.304
2024-09-05 10:32:53,ETHUSDT,bid,2350,5569.978
2024-09-05 10:32:56,ETHUSDT,bid,2330,4625.526
2024-09-05 10:32:57,ETHUSDT,bid,2350,5569.939
2024-09-05 10:33:08,ETHUSDT,bid,2330,4625.316
2024-09-05 10:33:13,ETHUSDT,bid,2330,4625.336
2024-09-05 10:33:13,ETHUSDT,bid,2350,5569.959
2024-09-05 10:33:13,ETHUSDT,bid,2370,4384.809
2024-09-05 10:33:19,ETHUSDT,bid,2370,4384.77
2024-09-05 10:33:20,ETHUSDT,bid,2370,4385.82
2024-09-05 10:33:47,ETHUSDT,bid,2370,4411.106
2024-09-05 10:34:09,ETHUSDT,bid,2370,4416.456
2024-09-05 10:34:15,ETHUSDT,bid,2350,5570.991
2024-09-05 10:34:52,ETHUSDT,bid,2350,5571.288
2024-09-05 10:34:57,ETHUSDT,bid,2330,4625.327
2024-09-05 10:35:00,ETHUSDT,bid,2350,5571.211
2024-09-05 10:35:01,ETHUSDT,bid,2350,5571.247
2024-09-05 10:35:02,ETHUSDT,bid,2370,4416.381
2024-09-05 10:35:26,ETHUSDT,bid,2370,4416.316
2024-09-05 10:35:52,ETHUSDT,bid,2350,5574.247
2024-09-05 10:36:17,ETHUSDT,bid,2370,4416.338
2024-09-05 10:36:26,ETHUSDT,bid,2350,5574.593
2024-09-05 10:36:40,ETHUSDT,bid,2350,5569.034
2024-09-05 10:36:54,ETHUSDT,bid,2350,5569.043
2024-09-05 10:36:55,ETHUSDT,bid,2350,5539.043
2024-09-05 10:36:58,ETHUSDT,bid,2370,4416.533
2024-09-05 10:37:03,ETHUSDT,bid,2370,4416.338
2024-09-05 10:37:07,ETHUSDT,bid,2350,5536.89
2024-09-05 10:37:16,ETHUSDT,bid,2350,5537.953
2024-09-05 10:37:34,ETHUSDT,bid,2370,4445.356
2024-09-05 10:37:34,ETHUSDT,bid,2350,5539.281
2024-09-05 10:37:39,ETHUSDT,bid,2370,4444.606
2024-09-05 10:38:00,ETHUSDT,bid,2350,5540.181
2024-09-05 10:38:00,ETHUSDT,bid,2370,4390.302
2024-09-05 10:38:16,ETHUSDT,bid,2330,4625.534
2024-09-05 10:38:40,ETHUSDT,bid,2350,5540.931
2024-09-05 10:38:51,ETHUSDT,bid,2210,4527.061
2024-09-05 10:38:54,ETHUSDT,bid,2350,5539.868
2024-09-05 10:39:11,ETHUSDT,bid,2070,9669.481
2024-09-05 10:39:14,ETHUSDT,bid,2370,4390.502
2024-09-05 10:39:19,ETHUSDT,bid,2350,5549.868
2024-09-05 10:39:31,ETHUSDT,bid,2350,5549.657
2024-09-05 10:40:06,ETHUSDT,bid,2350,5548.875
2024-09-05 10:40:14,ETHUSDT,bid,2330,4623.534
2024-09-05 10:40:14,ETHUSDT,bid,2350,5550.875
2024-09-05 10:40:32,ETHUSDT,bid,2330,4625.534
2024-09-05 10:40:32,ETHUSDT,bid,2350,5548.875
2024-09-05 10:40:38,ETHUSDT,bid,2370,4389.502
2024-09-05 10:40:39,ETHUSDT,bid,2330,4625.663
2024-09-05 10:40:39,ETHUSDT,bid,2370,4389.646
2024-09-05 10:40:52,ETHUSDT,bid,2350,5548.939
2024-09-05 10:41:04,ETHUSDT,bid,2350,5548.875
2024-09-05 10:41:11,ETHUSDT,bid,2350,5548.939
2024-09-05 10:41:25,ETHUSDT,bid,2350,5547.918
2024-09-05 10:42:08,ETHUSDT,bid,2200,4626.05
2024-09-05 10:42:32,ETHUSDT,bid,2350,5543.628
2024-09-05 10:42:53,ETHUSDT,bid,2350,5550.52
2024-09-05 10:43:11,ETHUSDT,bid,2330,4627.663
2024-09-05 10:43:24,ETHUSDT,bid,2350,5551.084
2024-09-05 10:43:26,ETHUSDT,bid,2350,5552.36
2024-09-05 10:43:40,ETHUSDT,bid,2370,4394.646
2024-09-05 10:43:54,ETHUSDT,bid,2350,5554.36
2024-09-05 10:44:12,ETHUSDT,bid,2350,5554.53
2024-09-05 10:44:15,ETHUSDT,bid,2370,4394.828
2024-09-05 10:44:22,ETHUSDT,bid,2370,4391.447
2024-09-05 10:44:27,ETHUSDT,bid,2370,4391.306
2024-09-05 10:44:30,ETHUSDT,bid,2370,4391.512
2024-09-05 10:44:40,ETHUSDT,bid,2350,5555.53
2024-09-05 10:44:42,ETHUSDT,bid,2370,4391.431
2024-09-05 10:44:46,ETHUSDT,bid,2350,5556.102
2024-09-05 10:44:51,ETHUSDT,bid,2330,4627.653
2024-09-05 10:44:51,ETHUSDT,bid,2350,5556.092
2024-09-05 10:44:51,ETHUSDT,bid,2370,4391.421
2024-09-05 10:44:55,ETHUSDT,bid,2370,4391.521
2024-09-05 10:45:17,ETHUSDT,bid,2370,4391.741
2024-09-05 10:45:20,ETHUSDT,bid,2230,4494.273
2024-09-05 10:45:21,ETHUSDT,bid,2370,4391.521
2024-09-05 10:45:34,ETHUSDT,bid,2350,5554.948
2024-09-05 10:45:43,ETHUSDT,bid,2350,5555.16
2024-09-05 10:46:18,ETHUSDT,bid,2330,4627.709
2024-09-05 10:46:18,ETHUSDT,bid,2350,5555.216
2024-09-05 10:46:18,ETHUSDT,bid,2370,4391.577
2024-09-05 10:46:20,ETHUSDT,bid,2350,5565.216
2024-09-05 10:46:21,ETHUSDT,bid,2370,4392.42
2024-09-05 10:46:27,ETHUSDT,bid,2370,4392.929
2024-09-05 10:46:33,ETHUSDT,bid,2350,5566.216
2024-09-05 10:46:53,ETHUSDT,bid,2370,4399.258
2024-09-05 10:46:54,ETHUSDT,bid,2330,4629.639
2024-09-05 10:46:55,ETHUSDT,bid,2370,4399.327
2024-09-05 10:47:02,ETHUSDT,bid,2350,5565.216
2024-09-05 10:47:17,ETHUSDT,bid,2350,5565.541
2024-09-05 10:47:22,ETHUSDT,bid,2370,4398.818
2024-09-05 10:47:31,ETHUSDT,bid,2330,4627.709
2024-09-05 10:47:49,ETHUSDT,bid,2350,5566.19
2024-09-05 10:47:50,ETHUSDT,bid,2350,5565.19
2024-09-05 10:47:55,ETHUSDT,bid,2350,5565.17
2024-09-05 10:47:59,ETHUSDT,bid,2370,4395.71
2024-09-05 10:48:13,ETHUSDT,bid,2350,5565.047
2024-09-05 10:48:19,ETHUSDT,bid,2370,4402.039
2024-09-05 10:48:28,ETHUSDT,bid,2370,4395.71
2024-09-05 10:48:33,ETHUSDT,bid,2370,4396.136
2024-09-05 10:48:39,ETHUSDT,bid,2350,5565.619
2024-09-05 10:48:43,ETHUSDT,bid,2200,4624.55
2024-09-05 10:49:05,ETHUSDT,bid,2350,5565.564
2024-09-05 10:49:28,ETHUSDT,bid,2370,4396.146
2024-09-05 10:49:35,ETHUSDT,bid,2370,4395.94
2024-09-05 10:49:37,ETHUSDT,bid,2350,5565.574
2024-09-05 10:49:45,ETHUSDT,bid,2330,4627.719
2024-09-05 10:49:49,ETHUSDT,bid,2350,5566.086
2024-09-05 10:49:49,ETHUSDT,bid,2370,4397.725
2024-09-05 10:49:52,ETHUSDT,bid,2350,5566.937
2024-09-05 10:49:54,ETHUSDT,bid,2370,4397.777
2024-09-05 10:49:55,ETHUSDT,bid,2350,5567.063
2024-09-05 10:49:55,ETHUSDT,bid,2330,4627.907
2024-09-05 10:49:57,ETHUSDT,bid,2040,9806.411
2024-09-05 10:49:58,ETHUSDT,bid,2330,4630.257
2024-09-05 10:50:01,ETHUSDT,bid,2350,5607.063
2024-09-05 10:50:12,ETHUSDT,bid,2350,5607.263
2024-09-05 10:50:32,ETHUSDT,bid,2330,4630.157
2024-09-05 10:50:45,ETHUSDT,bid,2370,4398.777
2024-09-05 10:50:53,ETHUSDT,bid,2350,5607.331
2024-09-05 10:50:54,ETHUSDT,bid,2350,5607.012
2024-09-05 10:51:04,ETHUSDT,bid,2370,4399.198
2024-09-05 10:51:04,ETHUSDT,bid,2350,5607.478
2024-09-05 10:51:04,ETHUSDT,bid,2370,4399.619
2024-09-05 10:51:16,ETHUSDT,bid,2350,5606.966
2024-09-05 10:51:31,ETHUSDT,bid,2350,5607.566
2024-09-05 10:51:34,ETHUSDT,bid,2330,4630.277
2024-09-05 10:51:47,ETHUSDT,bid,2330,4634.624
2024-09-05 10:51:49,ETHUSDT,bid,2350,5607.586
2024-09-05 10:51:51,ETHUSDT,bid,2350,5607.486
2024-09-05 10:52:12,ETHUSDT,bid,2350,5567.486
2024-09-05 10:52:13,ETHUSDT,bid,2370,4395.208
2024-09-05 10:52:25,ETHUSDT,bid,2330,4635.064
2024-09-05 10:52:34,ETHUSDT,bid,2370,4394.787
2024-09-05 10:53:40,ETHUSDT,bid,2370,4395.787
2024-09-05 10:53:44,ETHUSDT,bid,2350,5564.645
2024-09-05 10:53:50,ETHUSDT,bid,2370,4395.987
2024-09-05 10:53:57,ETHUSDT,bid,2350,5569.512
2024-09-05 10:54:01,ETHUSDT,bid,2350,5570.512
2024-09-05 10:54:04,ETHUSDT,bid,2370,4395.566
2024-09-05 10:54:29,ETHUSDT,bid,2370,4395.613
2024-09-05 10:54:36,ETHUSDT,bid,2370,4395.566
2024-09-05 10:54:36,ETHUSDT,bid,2350,5570.497
2024-09-05 10:54:38,ETHUSDT,bid,2370,4396.566
2024-09-05 10:54:45,ETHUSDT,bid,2330,4635.073
2024-09-05 10:55:01,ETHUSDT,bid,2350,5571.575
2024-09-05 10:55:10,ETHUSDT,bid,2350,5565.193
2024-09-05 10:55:23,ETHUSDT,bid,2350,5564.818
2024-09-05 10:55:24,ETHUSDT,bid,2350,5523.831
2024-09-05 10:55:28,ETHUSDT,bid,2330,4634.671
2024-09-05 10:55:29,ETHUSDT,bid,2220,4518.061
2024-09-05 10:55:31,ETHUSDT,bid,2370,4399.477
2024-09-05 10:56:03,ETHUSDT,bid,2350,5523.894
2024-09-05 10:56:21,ETHUSDT,bid,2350,5524.106
2024-09-05 10:56:43,ETHUSDT,bid,2370,4399.506
2024-09-05 10:56:45,ETHUSDT,bid,2370,4399.634
2024-09-05 10:56:56,ETHUSDT,bid,2370,4399.364
2024-09-05 10:57:03,ETHUSDT,bid,2350,5524.144
2024-09-05 10:57:05,ETHUSDT,bid,2370,4399.464
2024-09-05 10:57:16,ETHUSDT,bid,2330,4634.464
2024-09-05 10:57:20,ETHUSDT,bid,2370,4401.931
2024-09-05 10:57:24,ETHUSDT,bid,1960,5263.896
2024-09-05 10:57:27,ETHUSDT,bid,2350,5523.644
2024-09-05 10:57:40,ETHUSDT,bid,2330,4630.117
2024-09-05 10:58:03,ETHUSDT,bid,2370,4404.533
2024-09-05 10:58:07,ETHUSDT,bid,2330,4630.126
2024-09-05 10:58:14,ETHUSDT,bid,2330,4630.044
2024-09-05 10:58:23,ETHUSDT,bid,2350,5524.144
2024-09-05 10:58:41,ETHUSDT,bid,2350,5526.586
2024-09-05 10:58:42,ETHUSDT,bid,2350,5526.686
2024-09-05 10:58:42,ETHUSDT,bid,2350,5568.157
2024-09-05 10:58:52,ETHUSDT,bid,2350,5568.261
2024-09-05 10:59:06,ETHUSDT,bid,2350,5568.371
2024-09-05 10:59:15,ETHUSDT,bid,2330,4630.322
2024-09-05 10:59:16,ETHUSDT,bid,2370,4404.597
2024-09-05 10:59:18,ETHUSDT,bid,2370,4406.597
2024-09-05 10:59:30,ETHUSDT,bid,2350,5568.308
2024-09-05 10:59:38,ETHUSDT,bid,2350,5567.668
2024-09-05 10:59:44,ETHUSDT,bid,2370,4406.623
2024-09-05 10:59:52,ETHUSDT,bid,2350,5568.242
2024-09-05 10:59:55,ETHUSDT,bid,2350,5563.327
2024-09-05 11:00:21,ETHUSDT,bid,2350,5563.345
2024-09-05 11:00:28,ETHUSDT,bid,2370,4408.278
2024-09-05 11:00:30,ETHUSDT,bid,2330,4630.331
2024-09-05 11:00:30,ETHUSDT,bid,2350,5563.354
2024-09-05 11:00:30,ETHUSDT,bid,2370,4408.287
2024-09-05 11:00:43,ETHUSDT,bid,2350,5562.026
2024-09-05 11:00:47,ETHUSDT,bid,2350,5576.067
2024-09-05 11:00:47,ETHUSDT,bid,2350,5572.412
2024-09-05 11:00:52,ETHUSDT,bid,2370,4408.814
2024-09-05 11:01:05,ETHUSDT,bid,2370,4408.929
2024-09-05 11:01:15,ETHUSDT,bid,2350,5570.412
2024-09-05 11:01:22,ETHUSDT,bid,2330,4630.438
2024-09-05 11:01:27,ETHUSDT,bid,2350,5570.794
2024-09-05 11:01:37,ETHUSDT,bid,2370,4408.814
2024-09-05 11:01:42,ETHUSDT,bid,2350,5570.776
2024-09-05 11:01:57,ETHUSDT,bid,2330,4630.688
2024-09-05 11:02:02,ETHUSDT,bid,2350,5570.882
2024-09-05 11:02:05,ETHUSDT,bid,2350,5571.182
2024-09-05 11:02:05,ETHUSDT,bid,2350,5571.659
2024-09-05 11:02:07,ETHUSDT,bid,2350,5605.683
2024-09-05 11:02:07,ETHUSDT,bid,2350,5622.695
2024-09-05 11:02:20,ETHUSDT,bid,2330,4628.688
2024-09-05 11:02:24,ETHUSDT,bid,2330,4630.688
2024-09-05 11:02:24,ETHUSDT,bid,2370,4408.934
2024-09-05 11:02:28,ETHUSDT,bid,2330,4630.568
2024-09-05 11:02:41,ETHUSDT,bid,2370,4404.715
2024-09-05 11:02:50,ETHUSDT,bid,2350,5623.141
2024-09-05 11:02:58,ETHUSDT,bid,2370,4406.489
2024-09-05 11:03:09,ETHUSDT,bid,2330,4630.726
2024-09-05 11:03:11,ETHUSDT,bid,2350,5581.67
2024-09-05 11:03:13,ETHUSDT,bid,2350,5581.961
2024-09-05 11:03:15,ETHUSDT,bid,2370,4401.489
2024-09-05 11:03:33,ETHUSDT,bid,2350,5581.982
2024-09-05 11:03:33,ETHUSDT,bid,2350,5582.222
2024-09-05 11:03:42,ETHUSDT,bid,2370,4401.462
2024-09-05 11:03:55,ETHUSDT,bid,2370,4401.471
2024-09-05 11:03:57,ETHUSDT,bid,2350,5531.186
2024-09-05 11:03:59,ETHUSDT,bid,2350,5530.72
2024-09-05 11:04:11,ETHUSDT,ask,3040,3301.773
2024-09-05 11:04:24,ETHUSDT,bid,2370,4404.471
2024-09-05 11:04:51,ETHUSDT,bid,2350,5529.854
2024-09-05 11:04:52,ETHUSDT,bid,2350,5529.96
2024-09-05 11:05:04,ETHUSDT,bid,2370,4402.471
2024-09-05 11:05:06,ETHUSDT,bid,2370,4402.271
2024-09-05 11:05:15,ETHUSDT,bid,2370,4402.571
2024-09-05 11:05:17,ETHUSDT,bid,2350,5515.919
2024-09-05 11:05:17,ETHUSDT,bid,2370,4402.516
2024-09-05 11:05:24,ETHUSDT,bid,2350,5516.019
2024-09-05 11:05:25,ETHUSDT,bid,2370,4403.016
2024-09-05 11:05:42,ETHUSDT,bid,2350,5516.448
2024-09-05 11:06:00,ETHUSDT,bid,2350,5516.556
2024-09-05 11:06:02,ETHUSDT,bid,2370,4409.134
2024-09-05 11:06:35,ETHUSDT,bid,2350,5516.762
2024-09-05 11:06:38,ETHUSDT,bid,2370,4410.188
2024-09-05 11:06:48,ETHUSDT,bid,2370,4404.07
2024-09-05 11:06:49,ETHUSDT,bid,2350,5516.592
2024-09-05 11:07:00,ETHUSDT,bid,2350,5516.507
2024-09-05 11:07:07,ETHUSDT,bid,2370,4403.97
2024-09-05 11:07:21,ETHUSDT,bid,2350,5516.471
2024-09-05 11:07:22,ETHUSDT,bid,2350,5516.491
2024-09-05 11:07:23,ETHUSDT,bid,2330,4630.746
2024-09-05 11:07:23,ETHUSDT,bid,2350,5516.51
2024-09-05 11:07:23,ETHUSDT,bid,2370,4403.989
2024-09-05 11:07:23,ETHUSDT,bid,2350,5516.637
2024-09-05 11:07:32,ETHUSDT,bid,2370,4403.948
2024-09-05 11:07:32,ETHUSDT,ask,2670,3797.402
2024-09-05 11:07:35,ETHUSDT,bid,2370,4402.293
2024-09-05 11:07:46,ETHUSDT,bid,2350,5520.892
2024-09-05 11:07:49,ETHUSDT,bid,2350,5521.025
2024-09-05 11:07:49,ETHUSDT,bid,2370,4402.377
2024-09-05 11:07:52,ETHUSDT,bid,2370,4400.377
2024-09-05 11:07:52,ETHUSDT,bid,2330,4632.765
2024-09-05 11:08:09,ETHUSDT,bid,2370,4404.596
2024-09-05 11:08:20,ETHUSDT,bid,2350,5520.515
2024-09-05 11:08:41,ETHUSDT,bid,2370,4404.496
2024-09-05 11:09:09,ETHUSDT,bid,2350,5520.565
2024-09-05 11:10:17,ETHUSDT,bid,2350,5519.948
2024-09-05 11:10:22,ETHUSDT,bid,2200,6498.146
2024-09-05 11:11:27,ETHUSDT,bid,2330,4632.891
2024-09-05 11:11:38,ETHUSDT,bid,2350,5520.436
2024-09-05 11:11:38,ETHUSDT,bid,2330,4715.487
2024-09-05 11:11:49,ETHUSDT,bid,2370,4408.381
2024-09-05 11:12:10,ETHUSDT,bid,2350,5519.358
2024-09-05 11:12:10,ETHUSDT,bid,2350,5520.966
2024-09-05 11:12:20,ETHUSDT,bid,2350,5520.949
2024-09-05 11:12:35,ETHUSDT,bid,2350,5520.461
2024-09-05 11:12:36,ETHUSDT,bid,2350,5520.538
2024-09-05 11:12:44,ETHUSDT,bid,2210,4527.145
2024-09-05 11:12:46,ETHUSDT,bid,2330,4715.299
2024-09-05 11:12:46,ETHUSDT,bid,2370,4408.803
2024-09-05 11:13:19,ETHUSDT,bid,2370,4363.803
2024-09-05 11:13:21,ETHUSDT,bid,2350,5520.517
2024-09-05 11:13:30,ETHUSDT,bid,2350,5530.517
2024-09-05 11:13:46,ETHUSDT,bid,2370,4364.803
2024-09-05 11:13:52,ETHUSDT,bid,2350,5530.775
2024-09-05 11:13:58,ETHUSDT,bid,2350,5531.142
2024-09-05 11:14:02,ETHUSDT,bid,2350,5529.142
2024-09-05 11:14:30,ETHUSDT,bid,2350,5529.259
2024-09-05 11:15:46,ETHUSDT,bid,2330,4715.308
2024-09-05 11:15:54,ETHUSDT,bid,2350,5529.149
2024-09-05 11:16:00,ETHUSDT,bid,2370,4359.453
2024-09-05 11:16:52,ETHUSDT,bid,2350,5527.541
2024-09-05 11:17:00,ETHUSDT,bid,2370,4359.489
2024-09-05 11:17:40,ETHUSDT,bid,2350,5527.562
2024-09-05 11:18:39,ETHUSDT,bid,2370,4425.489
2024-09-05 11:19:04,ETHUSDT,bid,2370,4359.489
2024-09-05 11:19:07,ETHUSDT,bid,2370,4380.574
2024-09-05 11:19:22,ETHUSDT,bid,2350,5527.608
2024-09-05 11:20:01,ETHUSDT,bid,2370,4377.972
2024-09-05 11:20:02,ETHUSDT,bid,2370,4356.887
2024-09-05 11:20:43,ETHUSDT,bid,2330,4715.436
2024-09-05 11:20:45,ETHUSDT,bid,2330,4715.416
2024-09-05 11:20:45,ETHUSDT,bid,2350,5527.589
2024-09-05 11:20:45,ETHUSDT,bid,2370,4356.868
2024-09-05 11:20:57,ETHUSDT,bid,2350,5527.738
2024-09-05 11:21:20,ETHUSDT,bid,2330,4713.166
2024-09-05 11:21:33,ETHUSDT,bid,2370,4365.306
2024-09-05 11:21:46,ETHUSDT,bid,2330,4713.931
2024-09-05 11:21:59,ETHUSDT,bid,2370,4377.306
2024-09-05 11:22:05,ETHUSDT,bid,2370,4377.326
2024-09-05 11:22:14,ETHUSDT,bid,2330,4714.875
2024-09-05 11:22:52,ETHUSDT,bid,2370,4377.348
2024-09-05 11:22:59,ETHUSDT,bid,1700,6039.191
2024-09-05 11:23:14,ETHUSDT,bid,2350,5527.95
2024-09-05 11:23:32,ETHUSDT,bid,2350,5529.95
2024-09-05 11:23:36,ETHUSDT,bid,2370,4377.448
2024-09-05 11:23:54,ETHUSDT,bid,2350,5532.715
2024-09-05 11:24:35,ETHUSDT,bid,2330,4715.461
2024-09-05 11:25:35,ETHUSDT,bid,2350,5532.852
2024-09-05 11:26:09,ETHUSDT,bid,2330,4728.336
2024-09-05 11:26:25,ETHUSDT,bid,2370,4377.248
2024-09-05 11:28:04,ETHUSDT,bid,2350,5532.64
2024-09-05 11:28:43,ETHUSDT,bid,2330,4728.362
2024-09-05 11:28:43,ETHUSDT,bid,2350,5532.666
2024-09-05 11:28:43,ETHUSDT,bid,2370,4377.274
2024-09-05 11:29:24,ETHUSDT,bid,2350,5532.084
2024-09-05 11:29:30,ETHUSDT,bid,2350,5512.084
2024-09-05 11:29:54,ETHUSDT,bid,2330,4728.404
2024-09-05 11:30:32,ETHUSDT,bid,2350,5512.284
2024-09-05 11:31:12,ETHUSDT,bid,2370,4377.283
2024-09-05 11:31:41,ETHUSDT,bid,2350,5512.304
2024-09-05 11:32:14,ETHUSDT,bid,2350,5511.453
2024-09-05 11:32:19,ETHUSDT,bid,2370,4377.325
2024-09-05 11:32:21,ETHUSDT,bid,2350,5506.489
2024-09-05 11:33:30,ETHUSDT,bid,2350,5506.589
2024-09-05 11:33:45,ETHUSDT,bid,2370,4427.325
2024-09-05 11:34:03,ETHUSDT,bid,2350,5510.606
2024-09-05 11:34:12,ETHUSDT,bid,2070,9669.315
2024-09-05 11:35:36,ETHUSDT,bid,2370,4427.504
2024-09-05 11:35:53,ETHUSDT,bid,2330,4728.831
2024-09-05 11:36:21,ETHUSDT,bid,2350,5505.606
2024-09-05 11:36:42,ETHUSDT,bid,2370,4425.504
2024-09-05 11:36:43,ETHUSDT,bid,2350,5505.596
2024-09-05 11:36:47,ETHUSDT,bid,2330,4731.552
2024-09-05 11:37:00,ETHUSDT,bid,2350,5505.646
2024-09-05 11:37:25,ETHUSDT,bid,2350,5505.619
2024-09-05 11:37:41,ETHUSDT,bid,2330,4731.617
2024-09-05 11:37:55,ETHUSDT,bid,2330,4731.644
2024-09-05 11:37:55,ETHUSDT,bid,2350,5505.646
2024-09-05 11:37:55,ETHUSDT,bid,2370,4425.531
2024-09-05 11:37:58,ETHUSDT,bid,2350,5505.625
2024-09-05 11:38:08,ETHUSDT,bid,2350,5505.907
2024-09-05 11:38:24,ETHUSDT,bid,1700,6039.203
2024-09-05 11:38:25,ETHUSDT,bid,2350,5505.945
2024-09-05 11:38:25,ETHUSDT,bid,2370,4425.568
2024-09-05 11:38:28,ETHUSDT,bid,2350,5505.275
2024-09-05 11:38:32,ETHUSDT,bid,2330,4718.769
2024-09-05 11:38:33,ETHUSDT,bid,2350,5505.775
2024-09-05 11:38:51,ETHUSDT,bid,2350,5513.85
2024-09-05 11:38:56,ETHUSDT,bid,2350,5513.841
2024-09-05 11:38:58,ETHUSDT,bid,2350,5513.559
2024-09-05 11:39:13,ETHUSDT,bid,2370,4425.577
2024-09-05 11:39:14,ETHUSDT,bid,1700,6038.877
2024-09-05 11:39:14,ETHUSDT,ask,2590,5827.288
2024-09-05 11:39:22,ETHUSDT,bid,2330,4691.541
2024-09-05 11:39:45,ETHUSDT,bid,2350,5513.192
2024-09-05 11:39:59,ETHUSDT,bid,2330,4691.753
2024-09-05 11:40:10,ETHUSDT,bid,2350,5513.214
2024-09-05 11:40:15,ETHUSDT,bid,2370,4426.184
2024-09-05 11:40:17,ETHUSDT,bid,2370,4426.284
2024-09-05 11:40:24,ETHUSDT,bid,2350,5513.514
2024-09-05 11:40:34,ETHUSDT,bid,2350,5513.089
2024-09-05 11:40:54,ETHUSDT,bid,2350,5513.183
2024-09-05 11:41:44,ETHUSDT,bid,2350,5524.28
2024-09-05 11:42:07,ETHUSDT,bid,2350,5524.322
2024-09-05 11:42:09,ETHUSDT,bid,2330,4694.322
2024-09-05 11:42:26,ETHUSDT,bid,2370,4429.614
2024-09-05 11:42:31,ETHUSDT,bid,2330,4697.376
2024-09-05 11:43:02,ETHUSDT,bid,2350,5516.247
2024-09-05 11:44:08,ETHUSDT,bid,2350,5515.539
2024-09-05 11:44:34,ETHUSDT,bid,2370,4439.614
2024-09-05 11:45:16,ETHUSDT,bid,2370,4439.605
2024-09-05 11:45:29,ETHUSDT,bid,2350,5514.478
2024-09-05 11:45:55,ETHUSDT,bid,2350,5516.478
2024-09-05 11:45:59,ETHUSDT,bid,2370,4439.583
2024-09-05 11:46:25,ETHUSDT,bid,2370,4439.625
2024-09-05 11:46:29,ETHUSDT,bid,2330,4697.026
2024-09-05 11:46:38,ETHUSDT,bid,2370,4439.634
2024-09-05 11:46:39,ETHUSDT,bid,2350,5516.52
2024-09-05 11:46:49,ETHUSDT,bid,2350,5520.774
2024-09-05 11:46:59,ETHUSDT,bid,2350,5519.714
2024-09-05 11:47:09,ETHUSDT,bid,2370,4453.419
2024-09-05 11:47:09,ETHUSDT,bid,2370,4467.204
2024-09-05 11:47:19,ETHUSDT,bid,2370,4481.251
2024-09-05 11:47:49,ETHUSDT,bid,2350,5519.577
2024-09-05 11:48:50,ETHUSDT,bid,2330,4697.071
2024-09-05 11:48:50,ETHUSDT,bid,2350,5519.622
2024-09-05 11:48:50,ETHUSDT,bid,2370,4481.295
2024-09-05 11:48:59,ETHUSDT,bid,2370,4481.116
2024-09-05 11:49:30,ETHUSDT,bid,2330,4700.074
2024-09-05 11:49:32,ETHUSDT,bid,2350,5519.722
2024-09-05 11:50:02,ETHUSDT,bid,2350,5517.722
2024-09-05 11:50:27,ETHUSDT,bid,2350,5521.142
2024-09-05 11:50:34,ETHUSDT,bid,2370,4481.389
2024-09-05 11:50:36,ETHUSDT,bid,1960,5263.566
2024-09-05 11:50:46,ETHUSDT,bid,2350,5521.227
2024-09-05 11:51:41,ETHUSDT,bid,2350,5521.439
2024-09-05 11:51:49,ETHUSDT,bid,2330,4700.084
2024-09-05 11:51:53,ETHUSDT,bid,2350,5521.448
2024-09-05 11:51:56,ETHUSDT,bid,2350,5518.683
2024-09-05 11:52:27,ETHUSDT,bid,2350,5520.806
2024-09-05 11:52:49,ETHUSDT,bid,2350,5520.506
2024-09-05 11:52:56,ETHUSDT,bid,2350,5519.23
2024-09-05 11:53:19,ETHUSDT,bid,2350,5508.133
2024-09-05 11:54:02,ETHUSDT,bid,2350,5508.142
2024-09-05 11:54:16,ETHUSDT,bid,2350,5423.036
2024-09-05 11:55:17,ETHUSDT,bid,2350,5423.536
2024-09-05 11:55:18,ETHUSDT,bid,2350,5423.672
2024-09-05 11:55:40,ETHUSDT,bid,2330,4700.112
2024-09-05 11:56:09,ETHUSDT,bid,2350,5423.172
2024-09-05 11:57:21,ETHUSDT,bid,2140,4945.797
2024-09-05 11:57:38,ETHUSDT,bid,2370,4481.32
2024-09-05 11:57:50,ETHUSDT,bid,2350,5423.372
2024-09-05 11:57:57,ETHUSDT,bid,2040,9807.411
2024-09-05 11:58:03,ETHUSDT,bid,2350,5423.478
2024-09-05 11:58:30,ETHUSDT,bid,2350,5423.427
2024-09-05 11:58:41,ETHUSDT,bid,2350,5421.427
2024-09-05 11:59:00,ETHUSDT,bid,2370,4453.75
2024-09-05 11:59:14,ETHUSDT,bid,2370,4453.785
2024-09-05 11:59:38,ETHUSDT,bid,2350,5421.405
2024-09-05 11:59:43,ETHUSDT,bid,2350,5421.205
2024-09-05 12:00:18,ETHUSDT,bid,2350,5421.145
2024-09-05 12:00:20,ETHUSDT,bid,2350,5421.134
2024-09-05 12:00:32,ETHUSDT,bid,2350,5421.169
2024-09-05 12:01:13,ETHUSDT,bid,2330,4700.197
2024-09-05 12:01:38,ETHUSDT,bid,2350,5421.269
2024-09-05 12:01:52,ETHUSDT,bid,2350,5421.694
2024-09-05 12:02:26,ETHUSDT,bid,2140,4945.807
2024-09-05 12:02:26,ETHUSDT,bid,2040,9807.597
2024-09-05 12:02:48,ETHUSDT,bid,2350,5422.194
2024-09-05 12:02:50,ETHUSDT,bid,2350,5421.694
2024-09-05 12:03:05,ETHUSDT,bid,2350,5422.194
2024-09-05 12:03:08,ETHUSDT,bid,2370,4454.628
2024-09-05 12:03:26,ETHUSDT,bid,2350,5422.067
2024-09-05 12:03:33,ETHUSDT,bid,2350,5422.002
2024-09-05 12:03:53,ETHUSDT,bid,2350,5421.706
2024-09-05 12:03:59,ETHUSDT,bid,2350,5422.331
2024-09-05 12:04:06,ETHUSDT,bid,2330,4700.697
2024-09-05 12:04:20,ETHUSDT,bid,2330,4695.043
2024-09-05 12:04:35,ETHUSDT,bid,2350,5422.265
2024-09-05 12:04:40,ETHUSDT,bid,2350,5422.281
2024-09-05 12:04:44,ETHUSDT,bid,2350,5422.073
2024-09-05 12:04:44,ETHUSDT,bid,2370,4454.555
2024-09-05 12:04:47,ETHUSDT,bid,2330,4694.936
2024-09-05 12:04:57,ETHUSDT,bid,2370,4454.665
2024-09-05 12:05:09,ETHUSDT,bid,2330,4694.95
2024-09-05 12:05:34,ETHUSDT,bid,2350,5422.031
2024-09-05 12:05:43,ETHUSDT,bid,2350,5436.825
2024-09-05 12:05:44,ETHUSDT,bid,2350,5436.86
2024-09-05 12:06:45,ETHUSDT,bid,2370,4441.618
2024-09-05 12:07:39,ETHUSDT,bid,2330,4695.95
2024-09-05 12:07:45,ETHUSDT,bid,2370,4441.345
2024-09-05 12:07:47,ETHUSDT,bid,2330,4694.95
2024-09-05 12:07:56,ETHUSDT,bid,2350,5436.753
2024-09-05 12:08:17,ETHUSDT,bid,2350,5436.762
2024-09-05 12:08:24,ETHUSDT,bid,2370,4441.235
2024-09-05 12:08:31,ETHUSDT,bid,2370,4441.279
2024-09-05 12:08:35,ETHUSDT,bid,2350,5437.013
2024-09-05 12:08:59,ETHUSDT,bid,2350,5439.14
2024-09-05 12:09:21,ETHUSDT,bid,2370,4441.291
2024-09-05 12:09:24,ETHUSDT,bid,2350,5442.544
2024-09-05 12:09:24,ETHUSDT,bid,2330,4694.847
2024-09-05 12:09:31,ETHUSDT,bid,2350,5432.544
2024-09-05 12:09:35,ETHUSDT,bid,2350,5432.556
2024-09-05 12:09:40,ETHUSDT,bid,2350,5433.009
2024-09-05 12:09:45,ETHUSDT,bid,2370,4441.163
2024-09-05 12:09:54,ETHUSDT,bid,2370,4441.463
2024-09-05 12:09:56,ETHUSDT,bid,2350,5440.009
2024-09-05 12:10:00,ETHUSDT,bid,2370,4441.763
2024-09-05 12:10:05,ETHUSDT,bid,2330,4694.859
2024-09-05 12:10:05,ETHUSDT,bid,2370,4441.463
2024-09-05 12:10:06,ETHUSDT,bid,2370,4441.716
2024-09-05 12:10:42,ETHUSDT,bid,2370,4429.716
2024-09-05 12:10:53,ETHUSDT,bid,2370,4430.949
2024-09-05 12:10:53,ETHUSDT,bid,2350,5482.562
2024-09-05 12:11:03,ETHUSDT,bid,2040,9801.733
2024-09-05 12:11:10,ETHUSDT,bid,2370,4428.804
2024-09-05 12:11:14,ETHUSDT,ask,2670,4133.681
2024-09-05 12:11:19,ETHUSDT,bid,2330,4694.85
2024-09-05 12:11:31,ETHUSDT,bid,2370,4428.964
2024-09-05 12:11:34,ETHUSDT,bid,2370,4429.27
2024-09-05 12:11:38,ETHUSDT,bid,2370,4429.258
2024-09-05 12:11:38,ETHUSDT,bid,2370,4429.408
2024-09-05 12:11:41,ETHUSDT,bid,2370,4428.175
2024-09-05 12:11:42,ETHUSDT,bid,2350,5482.55
2024-09-05 12:11:44,ETHUSDT,bid,2370,4430.398
2024-09-05 12:11:45,ETHUSDT,bid,2330,4694.838
2024-09-05 12:11:56,ETHUSDT,ask,2670,4133.653
2024-09-05 12:12:18,ETHUSDT,bid,2350,5482.6
2024-09-05 12:12:23,ETHUSDT,bid,2370,4429.133
2024-09-05 12:12:25,ETHUSDT,bid,2350,5483.025
2024-09-05 12:12:57,ETHUSDT,bid,2370,4429.089
2024-09-05 12:12:59,ETHUSDT,bid,2350,5482.99
2024-09-05 12:13:09,ETHUSDT,bid,1700,6037.877
2024-09-05 12:13:17,ETHUSDT,bid,2200,4629.55
2024-09-05 12:13:41,ETHUSDT,bid,2370,4429.11
2024-09-05 12:13:46,ETHUSDT,bid,2350,5479.49
2024-09-05 12:14:18,ETHUSDT,bid,2370,4428.8
2024-09-05 12:14:49,ETHUSDT,bid,1700,6031.441
2024-09-05 12:14:56,ETHUSDT,bid,2350,5479.714
2024-09-05 12:17:25,ETHUSDT,bid,2350,5480.714
2024-09-05 12:17:30,ETHUSDT,bid,2330,4695.838
2024-09-05 12:17:54,ETHUSDT,bid,2350,5481.11
2024-09-05 12:18:03,ETHUSDT,bid,2330,4695.98
2024-09-05 12:18:14,ETHUSDT,bid,2350,5481.01
2024-09-05 12:18:41,ETHUSDT,bid,2350,5480.702
2024-09-05 12:18:47,ETHUSDT,bid,2330,4696.881
2024-09-05 12:18:53,ETHUSDT,bid,2370,4429.3
2024-09-05 12:19:05,ETHUSDT,bid,2400,4967.841
2024-09-05 12:19:17,ETHUSDT,bid,2400,4967.851
2024-09-05 12:19:23,ETHUSDT,bid,2400,4968.008
2024-09-05 12:19:27,ETHUSDT,bid,2400,4967.069
2024-09-05 12:19:28,ETHUSDT,bid,2400,4967.049
2024-09-05 12:19:30,ETHUSDT,bid,2370,4479.3
2024-09-05 12:19:35,ETHUSDT,bid,2400,4967.149
2024-09-05 12:19:42,ETHUSDT,bid,2400,4981.313
2024-09-05 12:19:42,ETHUSDT,bid,2400,5031.149
2024-09-05 12:19:43,ETHUSDT,bid,2400,4981.313
2024-09-05 12:19:43,ETHUSDT,bid,2400,4990.092
2024-09-05 12:19:48,ETHUSDT,bid,2350,5481.864
2024-09-05 12:19:55,ETHUSDT,bid,2400,4988.559
2024-09-05 12:19:58,ETHUSDT,bid,2400,4979.78
2024-09-05 12:20:00,ETHUSDT,bid,2400,4954.78
2024-09-05 12:20:00,ETHUSDT,bid,2400,4954.46
2024-09-05 12:20:01,ETHUSDT,bid,2400,4954.415
2024-09-05 12:20:01,ETHUSDT,bid,2400,4940.251
2024-09-05 12:20:02,ETHUSDT,bid,2400,4950.251
2024-09-05 12:20:03,ETHUSDT,bid,2400,4940.251
2024-09-05 12:20:13,ETHUSDT,bid,2400,4940.194
2024-09-05 12:20:33,ETHUSDT,bid,2350,5481.884
2024-09-05 12:20:37,ETHUSDT,bid,2400,4941.794
2024-09-05 12:20:39,ETHUSDT,bid,2400,4941.784
2024-09-05 12:20:41,ETHUSDT,bid,2400,4944.784
2024-09-05 12:20:42,ETHUSDT,bid,2400,4944.745
2024-09-05 12:20:47,ETHUSDT,bid,2400,4941.745
2024-09-05 12:20:47,ETHUSDT,bid,2400,4941.645
2024-09-05 12:20:59,ETHUSDT,bid,2350,5481.971
2024-09-05 12:21:05,ETHUSDT,bid,2400,4942.145
2024-09-05 12:21:38,ETHUSDT,bid,2350,5481.982
2024-09-05 12:22:24,ETHUSDT,bid,2350,5482.482
2024-09-05 12:22:26,ETHUSDT,bid,2350,5483.92
2024-09-05 12:23:08,ETHUSDT,bid,2370,4479.472
2024-09-05 12:23:15,ETHUSDT,bid,2140,4945.702
2024-09-05 12:24:03,ETHUSDT,bid,2330,4696.491
2024-09-05 12:24:08,ETHUSDT,bid,2370,4479.482
2024-09-05 12:24:13,ETHUSDT,bid,2350,5483.629
2024-09-05 12:24:32,ETHUSDT,bid,2350,5483.711
2024-09-05 12:25:11,ETHUSDT,bid,2350,5484.014
2024-09-05 12:26:10,ETHUSDT,bid,2350,5484.035
2024-09-05 12:26:22,ETHUSDT,bid,2350,5483.535
2024-09-05 12:27:12,ETHUSDT,bid,2350,5483.545
2024-09-05 12:27:12,ETHUSDT,bid,2200,4630.944
2024-09-05 12:27:50,ETHUSDT,bid,2350,5483.321
2024-09-05 12:28:04,ETHUSDT,bid,2330,4696.501
2024-09-05 12:28:18,ETHUSDT,bid,2370,4479.503
2024-09-05 12:28:20,ETHUSDT,bid,2370,4479.403
2024-09-05 12:28:28,ETHUSDT,bid,2370,4479.259
2024-09-05 12:28:36,ETHUSDT,bid,2350,5483.331
2024-09-05 12:28:50,ETHUSDT,bid,2350,5483.381
2024-09-05 12:28:58,ETHUSDT,bid,2350,5483.581
2024-09-05 12:29:34,ETHUSDT,bid,2350,5482.419
2024-09-05 12:29:41,ETHUSDT,bid,2210,4528.018
2024-09-05 12:29:45,ETHUSDT,bid,2350,5481.919
2024-09-05 12:30:13,ETHUSDT,bid,2350,5479.792
2024-09-05 12:31:19,ETHUSDT,bid,2370,4479.095
2024-09-05 12:31:22,ETHUSDT,bid,2350,5479.919
2024-09-05 12:31:59,ETHUSDT,bid,2370,4510.695
2024-09-05 12:31:59,ETHUSDT,bid,2370,4531.761
2024-09-05 12:32:01,ETHUSDT,bid,2370,4542.296
2024-09-05 12:33:05,ETHUSDT,bid,2330,4696.343
2024-09-05 12:33:05,ETHUSDT,bid,2030,5037.247
2024-09-05 12:33:06,ETHUSDT,bid,1960,5260.868
2024-09-05 12:33:21,ETHUSDT,bid,2350,5481.285
2024-09-05 12:33:35,ETHUSDT,bid,2370,4541.296
2024-09-05 12:33:37,ETHUSDT,bid,2200,4541.248
2024-09-05 12:33:37,ETHUSDT,bid,2350,5480.66
2024-09-05 12:33:38,ETHUSDT,bid,2210,4528.004
2024-09-05 12:33:39,ETHUSDT,bid,2220,4504.77
2024-09-05 12:34:09,ETHUSDT,bid,2350,5482.362
2024-09-05 12:34:19,ETHUSDT,bid,2350,5485.362
2024-09-05 12:34:41,ETHUSDT,bid,2350,5482.362
2024-09-05 12:34:41,ETHUSDT,bid,2370,4544.296
2024-09-05 12:35:07,ETHUSDT,bid,2350,5482.534
2024-09-05 12:35:59,ETHUSDT,bid,1940,5161.525
2024-09-05 12:36:36,ETHUSDT,bid,2350,5464.74
2024-09-05 12:36:59,ETHUSDT,bid,2370,4512.696
2024-09-05 12:37:00,ETHUSDT,bid,2370,4491.63
2024-09-05 12:37:01,ETHUSDT,bid,2370,4481.095
2024-09-05 12:37:11,ETHUSDT,bid,2370,4481.071
2024-09-05 12:37:16,ETHUSDT,bid,2330,4696.327
2024-09-05 12:37:16,ETHUSDT,bid,2350,5464.724
2024-09-05 12:37:16,ETHUSDT,bid,2370,4481.055
2024-09-05 12:37:45,ETHUSDT,bid,2350,5464.715
2024-09-05 12:38:50,ETHUSDT,bid,2350,5464.412
2024-09-05 12:39:05,ETHUSDT,bid,2330,4695.698
2024-09-05 12:39:05,ETHUSDT,bid,2370,4480.426
2024-09-05 12:40:44,ETHUSDT,bid,2200,4550.944
2024-09-05 12:41:21,ETHUSDT,bid,2370,4481.426
2024-09-05 12:41:39,ETHUSDT,bid,2350,5460.637
2024-09-05 12:42:07,ETHUSDT,bid,2350,5460.386
2024-09-05 12:42:10,ETHUSDT,ask,241000,80.0
2024-09-05 12:44:31,ETHUSDT,bid,2330,4694.653
2024-09-05 12:45:05,ETHUSDT,bid,2350,5460.436
2024-09-05 12:45:20,ETHUSDT,bid,2070,9669.341
2024-09-05 12:45:20,ETHUSDT,bid,2350,5460.462
2024-09-05 12:45:23,ETHUSDT,bid,2370,4481.568
2024-09-05 12:45:52,ETHUSDT,bid,2370,4483.131
2024-09-05 12:46:16,ETHUSDT,bid,2350,5460.482
2024-09-05 12:46:39,ETHUSDT,bid,2350,5458.78
2024-09-05 12:47:04,ETHUSDT,bid,2330,4694.753
2024-09-05 12:47:09,ETHUSDT,bid,2330,4695.753
2024-09-05 12:47:27,ETHUSDT,bid,2370,4483.726
2024-09-05 12:47:45,ETHUSDT,bid,2370,4483.131
2024-09-05 12:48:22,ETHUSDT,bid,2370,4527.005
2024-09-05 12:48:39,ETHUSDT,bid,2350,5458.904
2024-09-05 12:48:49,ETHUSDT,bid,2350,5458.629
2024-09-05 12:49:29,ETHUSDT,bid,2350,5458.678
2024-09-05 12:49:35,ETHUSDT,bid,2350,5458.878
2024-09-05 12:49:36,ETHUSDT,bid,2350,5461.099
2024-09-05 12:49:39,ETHUSDT,bid,2350,5454.099
2024-09-05 12:50:38,ETHUSDT,bid,2350,5454.089
2024-09-05 12:50:47,ETHUSDT,bid,2370,4528.038
2024-09-05 12:50:49,ETHUSDT,bid,2370,4529.071
2024-09-05 12:50:58,ETHUSDT,bid,2350,5452.593
2024-09-05 12:51:08,ETHUSDT,bid,2370,4528.038
2024-09-05 12:51:08,ETHUSDT,bid,2370,4527.005
2024-09-05 12:51:22,ETHUSDT,bid,2350,5452.404
2024-09-05 12:52:16,ETHUSDT,bid,2370,4527.026
2024-09-05 12:53:06,ETHUSDT,bid,2370,4527.574
2024-09-05 12:53:08,ETHUSDT,bid,2370,4528.122
2024-09-05 12:53:26,ETHUSDT,bid,2370,4528.172
2024-09-05 12:54:30,ETHUSDT,bid,2070,4819.328
2024-09-05 12:54:53,ETHUSDT,bid,2350,5454.995
2024-09-05 12:55:31,ETHUSDT,bid,2370,4527.78
2024-09-05 12:55:53,ETHUSDT,bid,2350,5454.985
2024-09-05 12:56:12,ETHUSDT,bid,2350,5454.975
2024-09-05 12:56:28,ETHUSDT,bid,2370,4528.834
2024-09-05 12:57:41,ETHUSDT,bid,2370,4529.361
2024-09-05 12:57:43,ETHUSDT,bid,2350,5455.068
2024-09-05 12:57:43,ETHUSDT,bid,2370,4529.453
2024-09-05 12:57:54,ETHUSDT,bid,2350,5455.113
2024-09-05 12:58:06,ETHUSDT,bid,2370,4528.905
2024-09-05 12:58:09,ETHUSDT,bid,2370,4528.357
