2024-09-08 12:04:26,SOLUSDT,bid,128,8175.0
2024-09-08 12:04:31,SOLUSDT,bid,128,7817.0
2024-09-08 12:04:45,SOLUSDT,bid,120,23378.0
2024-09-08 12:05:13,SOLUSDT,ask,135,11050.0
2024-09-08 12:05:15,SOLUSDT,bid,128,7818.0
2024-09-08 12:05:15,SOLUSDT,bid,128,8176.0
2024-09-08 12:05:15,SOLUSDT,bid,128,8216.0
2024-09-08 12:05:15,SOLUSDT,bid,128,7820.0
2024-09-08 12:05:26,SOLUSDT,bid,128,8217.0
2024-09-08 12:05:26,SOLUSDT,bid,115,16022.0
2024-09-08 12:05:27,SOLUSDT,bid,128,8216.0
2024-09-08 12:05:37,SOLUSDT,bid,128,8177.0
2024-09-08 12:05:37,SOLUSDT,bid,128,7846.0
2024-09-08 12:05:37,SOLUSDT,bid,128,7844.0
2024-09-08 12:05:51,SOLUSDT,bid,128,7841.0
2024-09-08 12:05:55,SOLUSDT,bid,120,23377.0
2024-09-08 12:05:55,SOLUSDT,ask,134,9413.0
2024-09-08 12:05:55,SOLUSDT,ask,136,8175.0
2024-09-08 12:05:55,SOLUSDT,bid,128,7864.0
2024-09-08 12:05:55,SOLUSDT,bid,128,7864.0
2024-09-08 12:05:58,SOLUSDT,bid,128,7882.0
2024-09-08 12:05:59,SOLUSDT,bid,128,7897.0
2024-09-08 12:05:59,SOLUSDT,bid,128,7882.0
2024-09-08 12:06:02,SOLUSDT,bid,121,17198.0
2024-09-08 12:06:09,SOLUSDT,bid,128,7864.0
2024-09-08 12:06:09,SOLUSDT,bid,128,7865.0
2024-09-08 12:06:13,SOLUSDT,bid,128,7864.0
2024-09-08 12:06:13,SOLUSDT,bid,128,7865.0
2024-09-08 12:06:17,SOLUSDT,bid,128,7864.0
2024-09-08 12:06:17,SOLUSDT,bid,128,7865.0
2024-09-08 12:06:24,SOLUSDT,bid,128,7864.0
2024-09-08 12:06:24,SOLUSDT,bid,128,7865.0
2024-09-08 12:06:27,SOLUSDT,bid,128,7864.0
2024-09-08 12:06:27,SOLUSDT,bid,128,7880.0
2024-09-08 12:06:27,SOLUSDT,bid,128,8176.0
2024-09-08 12:06:31,SOLUSDT,bid,128,8494.0
2024-09-08 12:06:31,SOLUSDT,bid,128,8177.0
2024-09-08 12:06:34,SOLUSDT,bid,128,8177.0
2024-09-08 12:06:38,SOLUSDT,bid,128,8176.0
2024-09-08 12:06:38,SOLUSDT,bid,128,8192.0
2024-09-08 12:06:38,SOLUSDT,bid,128,8059.0
2024-09-08 12:06:38,SOLUSDT,bid,128,8059.0
2024-09-08 12:06:41,SOLUSDT,bid,128,8066.0
2024-09-08 12:06:41,SOLUSDT,bid,128,8066.0
2024-09-08 12:06:41,SOLUSDT,bid,128,8059.0
2024-09-08 12:06:41,SOLUSDT,bid,128,8059.0
2024-09-08 12:06:41,SOLUSDT,bid,128,8059.0
2024-09-08 12:06:42,SOLUSDT,bid,128,8176.0
2024-09-08 12:06:42,SOLUSDT,bid,128,7818.0
2024-09-08 12:06:42,SOLUSDT,bid,128,8192.0
2024-09-08 12:06:42,SOLUSDT,bid,128,7834.0
2024-09-08 12:06:42,SOLUSDT,bid,128,7834.0
2024-09-08 12:06:42,SOLUSDT,bid,128,7841.0
2024-09-08 12:06:44,SOLUSDT,bid,120,23378.0
2024-09-08 12:06:44,SOLUSDT,ask,134,9414.0
2024-09-08 12:06:44,SOLUSDT,ask,136,8176.0
2024-09-08 12:06:44,SOLUSDT,bid,128,7834.0
2024-09-08 12:06:44,SOLUSDT,bid,128,7870.0
2024-09-08 12:06:44,SOLUSDT,bid,128,7834.0
2024-09-08 12:06:45,SOLUSDT,bid,128,7834.0
2024-09-08 12:06:45,SOLUSDT,bid,128,7837.0
2024-09-08 12:06:48,SOLUSDT,bid,128,8431.0
2024-09-08 12:06:48,SOLUSDT,bid,128,8431.0
2024-09-08 12:06:48,SOLUSDT,bid,128,7821.0
2024-09-08 12:06:48,SOLUSDT,bid,128,7822.0
2024-09-08 12:06:48,SOLUSDT,bid,128,8176.0
2024-09-08 12:06:48,SOLUSDT,bid,128,7819.0
2024-09-08 12:06:48,SOLUSDT,bid,128,8175.0
2024-09-08 12:06:49,SOLUSDT,bid,128,8179.0
2024-09-08 12:06:53,SOLUSDT,bid,128,8177.0
2024-09-08 12:07:00,SOLUSDT,bid,128,8203.0
2024-09-08 12:07:00,SOLUSDT,bid,128,7840.0
2024-09-08 12:07:00,SOLUSDT,bid,128,8224.0
2024-09-08 12:07:12,SOLUSDT,bid,128,7816.0
2024-09-08 12:07:30,SOLUSDT,ask,133,9396.0
2024-09-08 12:07:34,SOLUSDT,bid,121,17154.0
2024-09-08 12:07:34,SOLUSDT,bid,128,7825.0
2024-09-08 12:07:34,SOLUSDT,bid,128,8249.0
2024-09-08 12:07:40,SOLUSDT,bid,128,8256.0
2024-09-08 12:07:40,SOLUSDT,bid,128,8247.0
2024-09-08 12:07:40,SOLUSDT,bid,128,7816.0
2024-09-08 12:07:40,SOLUSDT,bid,128,7825.0
2024-09-08 12:07:40,SOLUSDT,bid,128,9032.0
2024-09-08 12:07:40,SOLUSDT,bid,128,7825.0
2024-09-08 12:07:51,SOLUSDT,bid,108,55350.0
2024-09-08 12:08:01,SOLUSDT,bid,128,7854.0
2024-09-08 12:08:05,SOLUSDT,bid,128,7852.0
2024-09-08 12:08:12,SOLUSDT,bid,128,7870.0
2024-09-08 12:08:15,SOLUSDT,bid,128,7871.0
2024-09-08 12:08:15,SOLUSDT,bid,128,8485.0
2024-09-08 12:08:16,SOLUSDT,bid,128,7871.0
2024-09-08 12:08:23,SOLUSDT,bid,105,106065.0
2024-09-08 12:08:23,SOLUSDT,bid,128,7872.0
2024-09-08 12:08:26,SOLUSDT,bid,128,7871.0
2024-09-08 12:08:30,SOLUSDT,bid,128,7905.0
2024-09-08 12:08:34,SOLUSDT,bid,128,8251.0
2024-09-08 12:08:41,SOLUSDT,bid,128,7871.0
2024-09-08 12:08:48,SOLUSDT,bid,128,7878.0
2024-09-08 12:08:48,SOLUSDT,bid,128,7871.0
2024-09-08 12:08:52,SOLUSDT,bid,86,59024.0
2024-09-08 12:08:55,SOLUSDT,bid,128,8253.0
2024-09-08 12:08:55,SOLUSDT,bid,128,7873.0
2024-09-08 12:08:58,SOLUSDT,bid,128,7888.0
2024-09-08 12:08:58,SOLUSDT,bid,128,7873.0
2024-09-08 12:09:02,SOLUSDT,bid,128,8251.0
2024-09-08 12:09:20,SOLUSDT,bid,105,107772.0
2024-09-08 12:09:25,SOLUSDT,bid,128,7875.0
2024-09-08 12:09:25,SOLUSDT,bid,128,8230.0
2024-09-08 12:09:25,SOLUSDT,bid,128,7873.0
2024-09-08 12:09:25,SOLUSDT,bid,128,7874.0
2024-09-08 12:09:25,SOLUSDT,bid,128,8207.0
2024-09-08 12:09:25,SOLUSDT,bid,128,7875.0
2024-09-08 12:09:26,SOLUSDT,bid,128,7873.0
2024-09-08 12:09:26,SOLUSDT,bid,128,7872.0
2024-09-08 12:09:26,SOLUSDT,bid,128,7873.0
2024-09-08 12:09:27,SOLUSDT,bid,128,7873.0
2024-09-08 12:09:27,SOLUSDT,bid,128,7897.0
2024-09-08 12:09:28,SOLUSDT,bid,128,7897.0
2024-09-08 12:09:28,SOLUSDT,bid,128,7918.0
2024-09-08 12:09:28,SOLUSDT,bid,128,7920.0
2024-09-08 12:09:29,SOLUSDT,bid,128,7919.0
2024-09-08 12:09:29,SOLUSDT,bid,128,8619.0
2024-09-08 12:09:30,SOLUSDT,bid,128,8626.0
2024-09-08 12:09:30,SOLUSDT,bid,128,7917.0
2024-09-08 12:09:32,SOLUSDT,bid,128,7899.0
2024-09-08 12:09:35,SOLUSDT,bid,128,8619.0
2024-09-08 12:09:35,SOLUSDT,bid,128,7900.0
2024-09-08 12:09:36,SOLUSDT,bid,128,8619.0
2024-09-08 12:09:37,SOLUSDT,bid,128,7899.0
2024-09-08 12:09:41,SOLUSDT,bid,128,8207.0
2024-09-08 12:09:42,SOLUSDT,bid,128,8208.0
2024-09-08 12:09:45,SOLUSDT,bid,128,7900.0
2024-09-08 12:09:47,SOLUSDT,bid,128,7899.0
2024-09-08 12:09:48,SOLUSDT,bid,128,8182.0
2024-09-08 12:09:56,SOLUSDT,bid,128,7900.0
2024-09-08 12:09:57,SOLUSDT,bid,128,7899.0
2024-09-08 12:10:09,SOLUSDT,bid,128,7906.0
2024-09-08 12:10:09,SOLUSDT,bid,128,7899.0
2024-09-08 12:10:09,SOLUSDT,bid,128,7878.0
2024-09-08 12:10:10,SOLUSDT,bid,128,7879.0
2024-09-08 12:10:10,SOLUSDT,bid,128,7855.0
2024-09-08 12:10:12,SOLUSDT,bid,128,7854.0
2024-09-08 12:10:15,SOLUSDT,bid,110,120297.0
2024-09-08 12:10:17,SOLUSDT,bid,128,7869.0
2024-09-08 12:10:17,SOLUSDT,bid,128,7854.0
2024-09-08 12:10:17,SOLUSDT,bid,128,7879.0
2024-09-08 12:10:17,SOLUSDT,bid,128,7904.0
2024-09-08 12:10:20,SOLUSDT,bid,128,8203.0
2024-09-08 12:10:20,SOLUSDT,bid,128,8182.0
2024-09-08 12:10:24,SOLUSDT,bid,128,7905.0
2024-09-08 12:10:35,SOLUSDT,bid,128,7904.0
2024-09-08 12:10:41,SOLUSDT,bid,128,7905.0
2024-09-08 12:10:43,SOLUSDT,bid,128,7878.0
2024-09-08 12:10:44,SOLUSDT,bid,128,7893.0
2024-09-08 12:10:47,SOLUSDT,bid,128,7878.0
2024-09-08 12:10:50,SOLUSDT,ask,131,10978.0
2024-09-08 12:10:50,SOLUSDT,bid,120,23654.0
2024-09-08 12:10:56,SOLUSDT,bid,128,7878.0
2024-09-08 12:11:09,SOLUSDT,bid,120,23652.0
2024-09-08 12:11:25,SOLUSDT,bid,128,8181.0
2024-09-08 12:11:28,SOLUSDT,ask,134,9413.0
2024-09-08 12:11:32,SOLUSDT,bid,128,7876.0
2024-09-08 12:11:33,SOLUSDT,bid,128,8180.0
2024-09-08 12:11:36,SOLUSDT,bid,128,7941.0
2024-09-08 12:11:41,SOLUSDT,bid,128,7877.0
2024-09-08 12:11:47,SOLUSDT,bid,120,23651.0
2024-09-08 12:11:53,SOLUSDT,bid,128,7869.0
2024-09-08 12:11:53,SOLUSDT,bid,128,7962.0
2024-09-08 12:11:53,SOLUSDT,bid,128,7869.0
2024-09-08 12:11:53,SOLUSDT,bid,128,7941.0
2024-09-08 12:11:53,SOLUSDT,bid,128,7868.0
2024-09-08 12:12:14,SOLUSDT,bid,128,7867.0
2024-09-08 12:12:20,SOLUSDT,bid,128,7868.0
2024-09-08 12:12:23,SOLUSDT,bid,110,120293.0
2024-09-08 12:12:30,SOLUSDT,bid,128,7867.0
2024-09-08 12:12:30,SOLUSDT,bid,128,7868.0
2024-09-08 12:12:31,SOLUSDT,bid,128,7867.0
2024-09-08 12:12:35,SOLUSDT,bid,128,7936.0
2024-09-08 12:12:54,SOLUSDT,bid,128,7935.0
2024-09-08 12:12:54,SOLUSDT,bid,128,7866.0
2024-09-08 12:13:02,SOLUSDT,bid,128,7936.0
2024-09-08 12:13:03,SOLUSDT,bid,128,7936.0
2024-09-08 12:13:03,SOLUSDT,bid,128,7949.0
2024-09-08 12:13:03,SOLUSDT,bid,128,7960.0
2024-09-08 12:13:08,SOLUSDT,bid,128,7967.0
2024-09-08 12:13:11,SOLUSDT,bid,128,7954.0
2024-09-08 12:13:11,SOLUSDT,bid,128,7866.0
2024-09-08 12:13:11,SOLUSDT,bid,128,8192.0
2024-09-08 12:13:12,SOLUSDT,bid,128,8185.0
2024-09-08 12:13:12,SOLUSDT,bid,128,7871.0
2024-09-08 12:13:12,SOLUSDT,bid,128,7873.0
2024-09-08 12:13:13,SOLUSDT,bid,128,7874.0
2024-09-08 12:13:13,SOLUSDT,bid,128,7877.0
2024-09-08 12:13:14,SOLUSDT,bid,128,7876.0
2024-09-08 12:13:15,SOLUSDT,bid,128,7877.0
2024-09-08 12:13:16,SOLUSDT,bid,128,7876.0
2024-09-08 12:13:18,SOLUSDT,bid,128,8174.0
2024-09-08 12:13:18,SOLUSDT,bid,128,7936.0
2024-09-08 12:13:18,SOLUSDT,bid,128,7821.0
2024-09-08 12:13:19,SOLUSDT,bid,128,7819.0
2024-09-08 12:13:24,SOLUSDT,bid,128,7819.0
2024-09-08 12:13:25,SOLUSDT,bid,128,7820.0
2024-09-08 12:13:25,SOLUSDT,bid,128,7821.0
2024-09-08 12:13:28,SOLUSDT,bid,128,7820.0
2024-09-08 12:13:28,SOLUSDT,bid,128,8187.0
2024-09-08 12:13:28,SOLUSDT,bid,128,7840.0
2024-09-08 12:13:30,SOLUSDT,bid,128,7841.0
2024-09-08 12:13:30,SOLUSDT,bid,128,7936.0
2024-09-08 12:13:31,SOLUSDT,bid,128,7840.0
2024-09-08 12:13:32,SOLUSDT,bid,128,7819.0
2024-09-08 12:13:44,SOLUSDT,bid,128,8015.0
2024-09-08 12:13:45,SOLUSDT,bid,128,8014.0
2024-09-08 12:13:45,SOLUSDT,bid,128,8025.0
2024-09-08 12:13:54,SOLUSDT,bid,121,17155.0
2024-09-08 12:13:57,SOLUSDT,bid,128,8026.0
2024-09-08 12:14:21,SOLUSDT,bid,128,8071.0
2024-09-08 12:14:31,SOLUSDT,bid,128,8070.0
2024-09-08 12:14:31,SOLUSDT,bid,128,8025.0
2024-09-08 12:14:32,SOLUSDT,bid,128,8027.0
2024-09-08 12:14:32,SOLUSDT,bid,128,7818.0
2024-09-08 12:14:36,SOLUSDT,bid,128,7949.0
2024-09-08 12:15:20,SOLUSDT,bid,120,23641.0
2024-09-08 12:15:21,SOLUSDT,bid,128,7819.0
2024-09-08 12:15:30,SOLUSDT,bid,128,7820.0
2024-09-08 12:15:30,SOLUSDT,bid,128,7950.0
2024-09-08 12:15:30,SOLUSDT,bid,128,7821.0
2024-09-08 12:15:35,SOLUSDT,bid,128,7951.0
2024-09-08 12:15:36,SOLUSDT,bid,128,7940.0
2024-09-08 12:15:36,SOLUSDT,bid,128,7938.0
2024-09-08 12:15:36,SOLUSDT,bid,128,7819.0
2024-09-08 12:15:37,SOLUSDT,ask,131,10977.0
2024-09-08 12:15:37,SOLUSDT,bid,128,7852.0
2024-09-08 12:15:38,SOLUSDT,bid,128,7867.0
2024-09-08 12:15:38,SOLUSDT,bid,128,7852.0
2024-09-08 12:16:11,SOLUSDT,bid,120,23637.0
2024-09-08 12:16:13,SOLUSDT,bid,128,7819.0
2024-09-08 12:16:13,SOLUSDT,bid,128,7951.0
2024-09-08 12:16:16,SOLUSDT,bid,128,8363.0
2024-09-08 12:16:17,SOLUSDT,bid,121,17153.0
2024-09-08 12:16:23,SOLUSDT,bid,110,120230.0
2024-09-08 12:16:25,SOLUSDT,bid,128,7951.0
2024-09-08 12:16:28,SOLUSDT,bid,128,7938.0
2024-09-08 12:16:28,SOLUSDT,bid,128,7832.0
2024-09-08 12:16:44,SOLUSDT,bid,128,7819.0
2024-09-08 12:16:44,SOLUSDT,bid,128,7937.0
2024-09-08 12:16:45,SOLUSDT,bid,128,7961.0
2024-09-08 12:16:45,SOLUSDT,bid,128,7819.0
2024-09-08 12:16:47,SOLUSDT,bid,128,7820.0
2024-09-08 12:16:48,SOLUSDT,bid,128,7819.0
2024-09-08 12:16:49,SOLUSDT,bid,120,23635.0
2024-09-08 12:16:49,SOLUSDT,bid,128,7820.0
2024-09-08 12:16:49,SOLUSDT,ask,150,16724.0
2024-09-08 12:16:53,SOLUSDT,bid,128,7819.0
2024-09-08 12:16:53,SOLUSDT,bid,128,7820.0
2024-09-08 12:17:07,SOLUSDT,bid,128,7819.0
2024-09-08 12:17:11,SOLUSDT,bid,128,7816.0
2024-09-08 12:17:11,SOLUSDT,bid,128,8209.0
2024-09-08 12:17:11,SOLUSDT,bid,128,7837.0
2024-09-08 12:17:12,SOLUSDT,bid,128,8210.0
2024-09-08 12:17:12,SOLUSDT,bid,128,8209.0
2024-09-08 12:17:14,SOLUSDT,bid,128,8546.0
2024-09-08 12:17:14,SOLUSDT,bid,128,8209.0
2024-09-08 12:17:16,SOLUSDT,bid,128,7838.0
2024-09-08 12:17:16,SOLUSDT,bid,128,7837.0
2024-09-08 12:17:18,SOLUSDT,bid,121,17152.0
2024-09-08 12:17:21,SOLUSDT,bid,128,8174.0
2024-09-08 12:17:22,SOLUSDT,bid,128,8225.0
2024-09-08 12:17:22,SOLUSDT,bid,128,7837.0
2024-09-08 12:17:22,SOLUSDT,bid,128,7852.0
2024-09-08 12:17:22,SOLUSDT,bid,128,7847.0
2024-09-08 12:17:23,SOLUSDT,bid,128,8225.0
2024-09-08 12:17:23,SOLUSDT,bid,128,7864.0
2024-09-08 12:17:23,SOLUSDT,bid,128,8209.0
2024-09-08 12:17:23,SOLUSDT,bid,120,23359.0
2024-09-08 12:17:26,SOLUSDT,bid,128,7860.0
2024-09-08 12:17:27,SOLUSDT,bid,128,7844.0
2024-09-08 12:17:30,SOLUSDT,bid,128,7839.0
2024-09-08 12:17:30,SOLUSDT,bid,128,7825.0
2024-09-08 12:17:30,SOLUSDT,bid,128,7823.0
2024-09-08 12:17:31,SOLUSDT,bid,128,7826.0
2024-09-08 12:17:33,SOLUSDT,bid,128,7823.0
2024-09-08 12:17:34,SOLUSDT,bid,128,7824.0
2024-09-08 12:17:45,SOLUSDT,bid,110,120193.0
2024-09-08 12:17:47,SOLUSDT,bid,120,23364.0
2024-09-08 12:17:56,SOLUSDT,bid,128,8204.0
2024-09-08 12:18:10,SOLUSDT,ask,134,9412.0
2024-09-08 12:18:11,SOLUSDT,ask,136,8175.0
2024-09-08 12:18:12,SOLUSDT,ask,139,37418.0
2024-09-08 12:18:13,SOLUSDT,ask,142,8407.0
2024-09-08 12:18:13,SOLUSDT,ask,144,49954.0
2024-09-08 12:18:13,SOLUSDT,ask,146,15946.0
2024-09-08 12:18:15,SOLUSDT,bid,120,23363.0
2024-09-08 12:18:15,SOLUSDT,bid,128,7824.0
2024-09-08 12:18:17,SOLUSDT,bid,116,10168.0
2024-09-08 12:18:17,SOLUSDT,bid,115,16021.0
2024-09-08 12:18:18,SOLUSDT,bid,113,25694.0
2024-09-08 12:18:19,SOLUSDT,bid,128,7847.0
2024-09-08 12:18:19,SOLUSDT,bid,111,37179.0
2024-09-08 12:18:19,SOLUSDT,bid,128,8206.0
2024-09-08 12:18:19,SOLUSDT,bid,128,8204.0
2024-09-08 12:18:19,SOLUSDT,bid,128,8204.0
2024-09-08 12:18:19,SOLUSDT,bid,128,7864.0
2024-09-08 12:18:19,SOLUSDT,bid,128,7840.0
2024-09-08 12:18:19,SOLUSDT,bid,128,8282.0
2024-09-08 12:18:19,SOLUSDT,bid,128,7852.0
2024-09-08 12:18:19,SOLUSDT,bid,128,8303.0
2024-09-08 12:18:19,SOLUSDT,bid,128,7863.0
2024-09-08 12:18:20,SOLUSDT,bid,128,7913.0
2024-09-08 12:18:20,SOLUSDT,bid,128,7901.0
2024-09-08 12:18:20,SOLUSDT,bid,107,48473.0
2024-09-08 12:18:20,SOLUSDT,bid,128,8287.0
2024-09-08 12:18:21,SOLUSDT,bid,128,7904.0
2024-09-08 12:18:22,SOLUSDT,bid,105,107769.0
2024-09-08 12:18:30,SOLUSDT,bid,128,7893.0
2024-09-08 12:18:30,SOLUSDT,bid,128,8209.0
2024-09-08 12:18:30,SOLUSDT,bid,128,7881.0
2024-09-08 12:18:30,SOLUSDT,bid,128,7880.0
2024-09-08 12:18:34,SOLUSDT,bid,128,7882.0
2024-09-08 12:18:35,SOLUSDT,bid,128,7880.0
2024-09-08 12:18:36,SOLUSDT,bid,128,7887.0
2024-09-08 12:18:37,SOLUSDT,bid,128,7880.0
2024-09-08 12:18:38,SOLUSDT,bid,128,7901.0
2024-09-08 12:18:38,SOLUSDT,bid,128,7905.0
2024-09-08 12:18:40,SOLUSDT,bid,128,7908.0
2024-09-08 12:18:40,SOLUSDT,bid,128,7904.0
2024-09-08 12:18:40,SOLUSDT,bid,128,7902.0
2024-09-08 12:18:41,SOLUSDT,bid,128,7904.0
2024-09-08 12:18:41,SOLUSDT,bid,128,7883.0
2024-09-08 12:18:44,SOLUSDT,bid,128,7881.0
2024-09-08 12:18:51,SOLUSDT,bid,128,7888.0
2024-09-08 12:18:51,SOLUSDT,bid,128,7881.0
2024-09-08 12:18:51,SOLUSDT,bid,128,7883.0
2024-09-08 12:19:03,SOLUSDT,bid,128,7946.0
2024-09-08 12:19:05,SOLUSDT,bid,128,7944.0
2024-09-08 12:19:09,SOLUSDT,bid,128,7945.0
2024-09-08 12:19:09,SOLUSDT,bid,110,120187.0
2024-09-08 12:19:11,SOLUSDT,bid,128,7944.0
2024-09-08 12:19:17,SOLUSDT,bid,120,23361.0
2024-09-08 12:19:17,SOLUSDT,bid,121,17153.0
2024-09-08 12:19:23,SOLUSDT,bid,121,17152.0
2024-09-08 12:19:30,SOLUSDT,bid,121,17154.0
