2024-09-02 07:12:00,BTCUSDT,bid,47000,886.071
2024-09-02 07:22:11,BTCUSDT,bid,47000,886.065
2024-09-02 07:24:32,BTCUSDT,bid,57400,1001.704
2024-09-02 07:24:39,BTCUSDT,bid,57400,1001.735
2024-09-02 07:24:45,BTCUSDT,bid,57400,1001.735
2024-09-02 07:24:46,BTCUSDT,bid,57400,1001.74
2024-09-02 07:24:47,BTCUSDT,bid,57400,1001.742
2024-09-02 07:24:48,BTCUSDT,bid,57400,1001.538
2024-09-02 07:24:53,BTCUSDT,bid,57400,1001.712
2024-09-02 07:24:54,BTCUSDT,bid,57400,1001.916
2024-09-02 07:24:54,BTCUSDT,bid,57400,1001.969
2024-09-02 07:24:55,BTCUSDT,bid,57400,1002.471
2024-09-02 07:24:56,BTCUSDT,bid,57400,1001.969
2024-09-02 07:24:58,BTCUSDT,bid,57400,1001.967
2024-09-02 07:25:29,BTCUSDT,bid,57300,1000.872
2024-09-02 07:25:32,BTCUSDT,bid,57300,1000.959
2024-09-02 07:25:34,BTCUSDT,bid,57300,1001.074
2024-09-02 07:25:35,BTCUSDT,bid,57300,1000.959
2024-09-02 07:27:35,BTCUSDT,bid,57400,1003.656
2024-09-02 07:27:41,BTCUSDT,bid,57400,1003.603
2024-09-02 07:27:45,BTCUSDT,bid,57400,1004.58
2024-09-02 07:27:48,BTCUSDT,bid,57400,1504.58
2024-09-02 07:27:53,BTCUSDT,bid,57400,1504.618
2024-09-02 07:28:02,BTCUSDT,bid,57400,1004.618
2024-09-02 07:28:21,BTCUSDT,bid,57400,1005.564
2024-09-02 07:28:21,BTCUSDT,bid,57400,1006.569
2024-09-02 07:28:21,BTCUSDT,bid,57400,1006.588
2024-09-02 07:28:27,BTCUSDT,bid,57400,1005.489
2024-09-02 07:28:29,BTCUSDT,bid,47000,885.992
2024-09-02 07:28:30,BTCUSDT,bid,57400,1006.123
2024-09-02 07:28:36,BTCUSDT,bid,57400,1006.125
2024-09-02 07:28:42,BTCUSDT,bid,57400,1006.562
2024-09-02 07:28:44,BTCUSDT,bid,57400,1006.342
2024-09-02 07:28:44,BTCUSDT,bid,57400,1006.263
2024-09-02 07:28:44,BTCUSDT,bid,57400,1006.418
2024-09-02 07:28:47,BTCUSDT,bid,57400,1006.464
2024-09-02 07:28:49,BTCUSDT,bid,57400,1006.681
2024-09-02 07:28:49,BTCUSDT,bid,57400,1006.901
2024-09-02 07:28:49,BTCUSDT,bid,57400,1006.681
2024-09-02 07:28:51,BTCUSDT,bid,57400,1006.901
2024-09-02 07:28:53,BTCUSDT,bid,57400,1006.681
2024-09-02 07:28:53,BTCUSDT,bid,57400,1006.901
2024-09-02 07:29:36,BTCUSDT,bid,57400,1000.441
2024-09-02 07:29:37,BTCUSDT,bid,57400,1000.255
2024-09-02 07:29:38,BTCUSDT,bid,57400,1000.321
2024-09-02 07:29:40,BTCUSDT,bid,57400,1000.321
2024-09-02 07:29:41,BTCUSDT,bid,57400,1000.145
2024-09-02 07:29:43,BTCUSDT,bid,57400,1000.176
2024-09-02 07:29:44,BTCUSDT,bid,57400,1000.226
2024-09-02 07:29:44,BTCUSDT,bid,57400,1000.231
2024-09-02 07:29:47,BTCUSDT,bid,57400,1000.249
2024-09-02 07:29:52,BTCUSDT,bid,57400,1800.249
2024-09-02 07:29:54,BTCUSDT,bid,57400,1800.256
2024-09-02 07:29:56,BTCUSDT,bid,57400,1800.256
2024-09-02 07:30:01,BTCUSDT,bid,57400,1800.206
2024-09-02 07:30:02,BTCUSDT,bid,57400,1800.208
2024-09-02 07:30:02,BTCUSDT,bid,57400,1800.203
2024-09-02 07:30:03,BTCUSDT,bid,57400,1000.203
2024-09-02 07:30:18,BTCUSDT,bid,57400,1000.201
2024-09-02 07:30:24,BTCUSDT,bid,57400,1000.201
2024-09-02 07:30:27,BTCUSDT,bid,57400,1000.241
2024-09-02 07:30:27,BTCUSDT,bid,57400,1000.201
2024-09-02 07:30:30,BTCUSDT,bid,57400,1000.291
2024-09-02 07:31:36,BTCUSDT,bid,57400,1000.007
2024-09-02 07:31:40,BTCUSDT,bid,57400,1000.002
2024-09-02 07:31:45,BTCUSDT,bid,57400,1000.093
2024-09-02 07:31:48,BTCUSDT,bid,57400,1000.093
2024-09-02 07:32:06,BTCUSDT,bid,57400,1003.326
2024-09-02 07:32:08,BTCUSDT,bid,57400,1003.324
2024-09-02 07:32:11,BTCUSDT,bid,57400,1003.424
2024-09-02 07:32:11,BTCUSDT,bid,57400,1003.426
2024-09-02 07:32:11,BTCUSDT,bid,57400,1003.424
2024-09-02 07:32:11,BTCUSDT,bid,47000,886.044
2024-09-02 07:32:12,BTCUSDT,bid,57400,1003.426
2024-09-02 07:32:13,BTCUSDT,bid,57400,1003.428
2024-09-02 07:32:18,BTCUSDT,bid,57400,1003.426
2024-09-02 07:32:18,BTCUSDT,bid,57400,1003.643
2024-09-02 07:32:21,BTCUSDT,bid,57400,1001.169
2024-09-02 07:32:21,BTCUSDT,bid,57400,1001.268
2024-09-02 07:32:26,BTCUSDT,bid,57400,1003.426
2024-09-02 07:32:27,BTCUSDT,bid,57400,1001.278
2024-09-02 07:32:28,BTCUSDT,bid,57400,1003.436
2024-09-02 07:32:28,BTCUSDT,bid,57400,1003.438
2024-09-02 07:32:29,BTCUSDT,bid,57400,1001.268
2024-09-02 07:32:30,BTCUSDT,bid,57400,1003.436
2024-09-02 07:32:35,BTCUSDT,ask,57800,519.22
2024-09-02 07:33:04,BTCUSDT,ask,57800,519.199
2024-09-02 07:33:35,BTCUSDT,ask,57800,519.386
2024-09-02 07:33:45,BTCUSDT,ask,57800,519.384
2024-09-02 07:33:50,BTCUSDT,ask,57800,519.564
2024-09-02 07:33:52,BTCUSDT,ask,57800,519.494
2024-09-02 07:33:54,BTCUSDT,ask,57800,519.515
2024-09-02 07:33:55,BTCUSDT,ask,57800,519.636
2024-09-02 07:33:58,BTCUSDT,ask,57800,519.873
2024-09-02 07:34:03,BTCUSDT,ask,57800,519.816
2024-09-02 07:34:10,BTCUSDT,ask,57800,519.825
2024-09-02 07:34:18,BTCUSDT,ask,57800,519.827
2024-09-02 07:34:19,BTCUSDT,ask,57800,519.853
2024-09-02 07:34:26,BTCUSDT,ask,57800,519.861
2024-09-02 07:34:37,BTCUSDT,ask,57800,519.869
2024-09-02 07:34:44,BTCUSDT,ask,57800,519.875
2024-09-02 07:34:45,BTCUSDT,ask,57800,519.877
2024-09-02 07:35:08,BTCUSDT,ask,57800,519.855
2024-09-02 07:35:19,BTCUSDT,ask,57800,520.865
2024-09-02 07:35:23,BTCUSDT,ask,57800,521.558
2024-09-02 07:35:34,BTCUSDT,ask,57800,521.56
2024-09-02 07:35:34,BTCUSDT,ask,57800,521.558
2024-09-02 07:35:37,BTCUSDT,ask,57800,521.575
2024-09-02 07:35:51,BTCUSDT,ask,57800,521.605
2024-09-02 07:35:58,BTCUSDT,bid,57400,1001.074
2024-09-02 07:35:58,BTCUSDT,ask,57800,521.484
2024-09-02 07:36:04,BTCUSDT,ask,57800,521.496
2024-09-02 07:36:08,BTCUSDT,ask,57800,521.501
2024-09-02 07:36:08,BTCUSDT,bid,57400,1001.15
2024-09-02 07:36:11,BTCUSDT,ask,57800,520.808
2024-09-02 07:36:18,BTCUSDT,ask,57800,520.771
2024-09-02 07:36:21,BTCUSDT,bid,57400,1000.978
2024-09-02 07:36:21,BTCUSDT,bid,57400,1001.063
2024-09-02 07:36:22,BTCUSDT,bid,57500,1005.609
2024-09-02 07:36:22,BTCUSDT,bid,57400,1000.978
2024-09-02 07:36:23,BTCUSDT,bid,57400,1001.106
2024-09-02 07:36:32,BTCUSDT,ask,57800,520.79
2024-09-02 07:36:34,BTCUSDT,ask,57800,520.802
2024-09-02 07:36:35,BTCUSDT,ask,57800,520.804
2024-09-02 07:36:36,BTCUSDT,ask,57800,520.824
2024-09-02 07:36:37,BTCUSDT,ask,57800,520.812
2024-09-02 07:36:48,BTCUSDT,ask,57800,520.632
2024-09-02 07:36:50,BTCUSDT,ask,57800,520.716
2024-09-02 07:36:55,BTCUSDT,bid,57500,1000.002
2024-09-02 07:36:56,BTCUSDT,bid,57500,1000.057
2024-09-02 07:37:00,BTCUSDT,bid,57500,1000.06
2024-09-02 07:37:01,BTCUSDT,bid,57500,1000.08
2024-09-02 07:37:02,BTCUSDT,bid,57500,1000.077
2024-09-02 07:37:05,BTCUSDT,bid,57500,1000.067
2024-09-02 07:37:07,BTCUSDT,bid,57500,1000.057
2024-09-02 07:37:08,BTCUSDT,bid,57500,1000.074
2024-09-02 07:37:09,BTCUSDT,bid,57500,1000.01
2024-09-02 07:37:11,BTCUSDT,bid,57500,1000.015
2024-09-02 07:37:12,BTCUSDT,bid,57500,1000.018
2024-09-02 07:37:24,BTCUSDT,ask,57800,520.887
2024-09-02 07:37:27,BTCUSDT,ask,57800,520.889
2024-09-02 07:37:45,BTCUSDT,ask,57800,520.889
2024-09-02 07:37:50,BTCUSDT,bid,57500,1011.684
2024-09-02 07:37:51,BTCUSDT,ask,57800,520.893
2024-09-02 07:37:53,BTCUSDT,bid,57500,1011.823
2024-09-02 07:37:53,BTCUSDT,bid,57500,1011.821
2024-09-02 07:37:54,BTCUSDT,bid,57500,1011.768
2024-09-02 07:37:54,BTCUSDT,bid,57500,1011.803
2024-09-02 07:38:02,BTCUSDT,bid,57500,1011.72
2024-09-02 07:38:03,BTCUSDT,bid,57500,1012.634
2024-09-02 07:38:05,BTCUSDT,bid,57500,1012.693
2024-09-02 07:38:05,BTCUSDT,bid,57500,1000.042
2024-09-02 07:38:06,BTCUSDT,bid,57500,1000.002
2024-09-02 07:38:07,BTCUSDT,bid,57500,1011.808
2024-09-02 07:38:10,BTCUSDT,ask,57800,521.21
2024-09-02 07:38:11,BTCUSDT,bid,57500,1011.806
2024-09-02 07:38:17,BTCUSDT,ask,57800,521.193
2024-09-02 07:38:23,BTCUSDT,ask,57800,521.598
2024-09-02 07:38:24,BTCUSDT,ask,57800,521.707
2024-09-02 07:38:40,BTCUSDT,ask,57800,521.351
2024-09-02 07:38:40,BTCUSDT,ask,57800,521.349
2024-09-02 07:38:44,BTCUSDT,ask,57800,521.115
2024-09-02 07:38:51,BTCUSDT,ask,57800,521.115
2024-09-02 07:39:18,BTCUSDT,ask,57800,522.343
2024-09-02 07:39:43,BTCUSDT,ask,57800,522.347
2024-09-02 07:40:18,BTCUSDT,ask,57800,522.349
2024-09-02 07:40:19,BTCUSDT,ask,57800,522.354
2024-09-02 07:40:29,BTCUSDT,ask,57800,522.357
2024-09-02 07:41:14,BTCUSDT,ask,57800,522.362
2024-09-02 07:41:36,BTCUSDT,ask,57800,522.351
2024-09-02 07:41:45,BTCUSDT,ask,57800,522.237
2024-09-02 07:41:59,BTCUSDT,ask,57800,522.233
2024-09-02 07:42:00,BTCUSDT,ask,57800,522.214
2024-09-02 07:42:13,BTCUSDT,ask,57800,523.214
2024-09-02 07:48:58,BTCUSDT,bid,47300,806.896
2024-09-02 07:49:03,BTCUSDT,bid,47000,886.047
2024-09-02 07:49:19,BTCUSDT,bid,47000,885.208
2024-09-02 07:49:27,BTCUSDT,bid,47000,885.508
2024-09-02 07:53:30,BTCUSDT,bid,57100,1000.718
2024-09-02 07:53:30,BTCUSDT,bid,57100,1000.709
2024-09-02 07:53:30,BTCUSDT,bid,57100,1000.7
2024-09-02 07:53:31,BTCUSDT,bid,57100,1000.706
2024-09-02 07:53:32,BTCUSDT,bid,57100,1000.698
2024-09-02 07:53:35,BTCUSDT,bid,57100,1000.701
2024-09-02 07:53:35,BTCUSDT,bid,57100,1000.706
2024-09-02 07:53:37,BTCUSDT,bid,47000,885.505
2024-09-02 07:53:39,BTCUSDT,bid,57100,1000.71
2024-09-02 07:53:39,BTCUSDT,bid,57100,1000.712
2024-09-02 07:53:42,BTCUSDT,bid,57100,1000.714
2024-09-02 07:53:45,BTCUSDT,bid,57100,1000.521
2024-09-02 07:53:46,BTCUSDT,bid,57100,1001.004
2024-09-02 07:53:46,BTCUSDT,bid,57100,1001.254
2024-09-02 07:53:47,BTCUSDT,bid,57100,1001.25
2024-09-02 07:53:48,BTCUSDT,bid,57100,1001.334
2024-09-02 07:53:48,BTCUSDT,bid,57100,1001.336
2024-09-02 07:53:50,BTCUSDT,bid,57100,1001.407
2024-09-02 07:53:51,BTCUSDT,bid,57100,1001.405
2024-09-02 07:53:52,BTCUSDT,bid,57100,1001.407
2024-09-02 07:53:56,BTCUSDT,bid,57100,1001.907
2024-09-02 07:53:57,BTCUSDT,bid,57100,1001.905
2024-09-02 07:54:16,BTCUSDT,bid,57200,1002.358
2024-09-02 07:54:19,BTCUSDT,bid,57200,1002.36
2024-09-02 07:54:23,BTCUSDT,bid,57200,1002.36
2024-09-02 07:54:23,BTCUSDT,bid,57200,1012.849
2024-09-02 07:54:23,BTCUSDT,bid,57200,1012.857
2024-09-02 07:54:25,BTCUSDT,bid,57200,1012.862
2024-09-02 07:54:25,BTCUSDT,bid,57200,1013.961
2024-09-02 07:54:48,BTCUSDT,bid,57200,1000.834
2024-09-02 07:54:48,BTCUSDT,bid,57200,1001.074
2024-09-02 07:54:49,BTCUSDT,bid,57200,1000.834
2024-09-02 07:54:51,BTCUSDT,bid,57200,1000.93
2024-09-02 07:54:55,BTCUSDT,bid,57200,1000.849
2024-09-02 07:54:56,BTCUSDT,bid,57200,1000.708
2024-09-02 07:54:59,BTCUSDT,bid,57200,1000.659
2024-09-02 07:55:04,BTCUSDT,bid,57200,1000.659
2024-09-02 07:58:41,BTCUSDT,bid,47000,882.466
2024-09-02 08:06:07,BTCUSDT,bid,47300,806.796
2024-09-02 08:08:21,BTCUSDT,bid,47000,882.473
2024-09-02 08:08:29,BTCUSDT,bid,47300,806.696
2024-09-02 08:12:25,BTCUSDT,bid,47000,882.579
2024-09-02 08:13:14,BTCUSDT,bid,47300,806.749
2024-09-02 08:19:00,BTCUSDT,bid,57400,1000.888
2024-09-02 08:19:03,BTCUSDT,bid,57400,1000.89
2024-09-02 08:19:06,BTCUSDT,bid,57400,1000.901
2024-09-02 08:19:07,BTCUSDT,bid,57400,1000.942
2024-09-02 08:19:12,BTCUSDT,bid,57400,970.047
2024-09-02 08:19:12,BTCUSDT,bid,57400,970.17
2024-09-02 08:19:12,BTCUSDT,bid,57400,1001.058
2024-09-02 08:19:12,BTCUSDT,bid,57400,970.134
2024-09-02 08:19:13,BTCUSDT,bid,57400,970.136
2024-09-02 08:19:13,BTCUSDT,bid,57400,1001.258
2024-09-02 08:19:13,BTCUSDT,bid,57400,970.138
2024-09-02 08:20:47,BTCUSDT,bid,55100,591.857
2024-09-02 08:22:04,BTCUSDT,bid,57500,1000.412
2024-09-02 08:22:04,BTCUSDT,bid,57500,1000.412
2024-09-02 08:22:06,BTCUSDT,bid,57500,1000.455
2024-09-02 08:22:07,BTCUSDT,bid,57500,1000.453
2024-09-02 08:22:13,BTCUSDT,bid,57500,1000.653
2024-09-02 08:22:13,BTCUSDT,bid,57500,1000.693
2024-09-02 08:22:14,BTCUSDT,bid,57500,1000.653
2024-09-02 08:22:17,BTCUSDT,bid,57500,2000.306
2024-09-02 08:22:23,BTCUSDT,bid,57500,2000.363
2024-09-02 08:22:23,BTCUSDT,bid,57500,2000.346
2024-09-02 08:22:23,BTCUSDT,bid,57500,2000.806
2024-09-02 08:22:24,BTCUSDT,bid,57500,2000.306
2024-09-02 08:22:24,BTCUSDT,bid,57500,2001.379
2024-09-02 08:22:25,BTCUSDT,bid,57500,2000.306
2024-09-02 08:22:46,BTCUSDT,bid,57400,1000.133
2024-09-02 08:22:58,BTCUSDT,bid,57400,1000.157
2024-09-02 08:23:01,BTCUSDT,bid,57400,1000.144
2024-09-02 08:23:05,BTCUSDT,bid,57400,1000.197
2024-09-02 08:23:14,BTCUSDT,bid,57400,1000.237
2024-09-02 08:23:14,BTCUSDT,bid,57400,1000.197
2024-09-02 08:23:46,BTCUSDT,bid,55100,591.957
2024-09-02 08:26:23,BTCUSDT,bid,55100,592.002
2024-09-02 08:27:35,BTCUSDT,bid,57300,1000.841
2024-09-02 08:27:35,BTCUSDT,bid,57300,1002.066
2024-09-02 08:27:38,BTCUSDT,bid,57300,1002.073
2024-09-02 08:27:41,BTCUSDT,bid,57300,1002.076
2024-09-02 08:27:42,BTCUSDT,bid,57300,1000.851
2024-09-02 08:27:43,BTCUSDT,bid,57300,1000.853
2024-09-02 08:27:45,BTCUSDT,bid,57300,1000.82
2024-09-02 08:27:45,BTCUSDT,bid,57300,1001.31
2024-09-02 08:27:46,BTCUSDT,bid,57300,1001.232
2024-09-02 08:27:47,BTCUSDT,bid,57300,1001.482
2024-09-02 08:27:47,BTCUSDT,bid,57300,1001.403
2024-09-02 08:27:50,BTCUSDT,bid,57300,1000.624
2024-09-02 08:27:51,BTCUSDT,bid,57300,1000.607
2024-09-02 08:27:55,BTCUSDT,bid,57300,1001.405
2024-09-02 08:28:02,BTCUSDT,bid,57300,1001.407
2024-09-02 08:28:02,BTCUSDT,bid,57300,1001.414
2024-09-02 08:28:07,BTCUSDT,bid,57300,1000.613
2024-09-02 08:28:08,BTCUSDT,bid,57300,1000.96
2024-09-02 08:28:10,BTCUSDT,bid,57300,1001.412
2024-09-02 08:28:10,BTCUSDT,bid,57300,1000.613
2024-09-02 08:28:11,BTCUSDT,bid,57300,1000.607
2024-09-02 08:28:12,BTCUSDT,bid,57300,1001.414
2024-09-02 08:28:18,BTCUSDT,bid,57300,1000.613
2024-09-02 08:28:32,BTCUSDT,bid,57300,1001.423
2024-09-02 08:28:32,BTCUSDT,bid,57300,1000.607
2024-09-02 08:28:34,BTCUSDT,bid,57300,1001.414
2024-09-02 08:28:41,BTCUSDT,bid,55100,592.011
2024-09-02 08:30:32,BTCUSDT,bid,55100,592.091
2024-09-02 08:30:56,BTCUSDT,bid,57400,1000.006
2024-09-02 08:31:03,BTCUSDT,bid,57400,1000.006
2024-09-02 08:31:04,BTCUSDT,bid,57400,1000.872
2024-09-02 08:31:09,BTCUSDT,bid,57400,1000.008
2024-09-02 08:31:09,BTCUSDT,bid,57400,1000.016
2024-09-02 08:31:10,BTCUSDT,bid,57400,1000.008
2024-09-02 08:31:11,BTCUSDT,bid,57400,1000.158
2024-09-02 08:31:11,BTCUSDT,bid,57400,1000.008
2024-09-02 08:31:12,BTCUSDT,bid,57400,1000.012
2024-09-02 08:31:15,BTCUSDT,bid,57400,1000.022
2024-09-02 08:31:17,BTCUSDT,bid,57400,1000.077
2024-09-02 08:31:17,BTCUSDT,bid,57400,1000.074
2024-09-02 08:31:17,BTCUSDT,bid,57400,1000.004
2024-09-02 08:31:19,BTCUSDT,bid,57400,1000.016
2024-09-02 08:31:20,BTCUSDT,bid,57400,1000.017
2024-09-02 08:31:42,BTCUSDT,bid,47000,882.599
2024-09-02 08:35:19,BTCUSDT,bid,47300,806.752
2024-09-02 08:35:22,BTCUSDT,bid,55100,592.13
2024-09-02 08:35:55,BTCUSDT,bid,47300,806.749
2024-09-02 08:37:12,BTCUSDT,ask,57400,1000.441
2024-09-02 08:37:26,BTCUSDT,bid,47000,882.552
2024-09-02 08:37:32,BTCUSDT,ask,57400,1000.954
2024-09-02 08:37:40,BTCUSDT,ask,57400,1000.517
2024-09-02 08:37:42,BTCUSDT,ask,57300,1000.019
2024-09-02 08:37:42,BTCUSDT,ask,57300,1000.074
2024-09-02 08:39:17,BTCUSDT,ask,57300,1000.259
2024-09-02 08:39:17,BTCUSDT,ask,57300,1000.055
2024-09-02 08:39:40,BTCUSDT,ask,57400,1000.677
2024-09-02 08:39:41,BTCUSDT,ask,57400,1000.881
2024-09-02 08:39:42,BTCUSDT,ask,57400,1000.921
2024-09-02 08:39:47,BTCUSDT,bid,47000,882.567
2024-09-02 08:40:11,BTCUSDT,bid,57300,1004.803
2024-09-02 08:40:15,BTCUSDT,bid,55100,592.127
2024-09-02 08:40:18,BTCUSDT,bid,57300,1005.854
2024-09-02 08:40:21,BTCUSDT,bid,57300,1005.829
2024-09-02 08:40:21,BTCUSDT,bid,57300,1000.046
2024-09-02 08:40:22,BTCUSDT,bid,57300,1005.832
2024-09-02 08:40:22,BTCUSDT,bid,57300,1000.046
2024-09-02 08:40:22,BTCUSDT,bid,57300,1000.058
2024-09-02 08:40:23,BTCUSDT,bid,57300,1000.018
2024-09-02 08:40:24,BTCUSDT,bid,57300,1004.775
2024-09-02 08:40:27,BTCUSDT,bid,57300,1000.02
2024-09-02 08:40:39,BTCUSDT,bid,57300,1004.985
2024-09-02 08:40:41,BTCUSDT,bid,57300,1004.988
2024-09-02 08:40:42,BTCUSDT,bid,57300,1000.02
2024-09-02 08:41:13,BTCUSDT,bid,57300,1005.688
2024-09-02 08:41:14,BTCUSDT,bid,57300,1006.504
2024-09-02 08:41:16,BTCUSDT,bid,57300,1006.341
2024-09-02 08:41:17,BTCUSDT,bid,57300,1006.401
2024-09-02 08:41:18,BTCUSDT,bid,57300,1006.341
2024-09-02 08:41:18,BTCUSDT,bid,57300,1006.381
2024-09-02 08:41:18,BTCUSDT,bid,57300,1006.341
2024-09-02 08:41:20,BTCUSDT,bid,57300,1006.349
2024-09-02 08:41:21,BTCUSDT,bid,57300,1006.341
2024-09-02 08:41:22,BTCUSDT,bid,57300,1006.461
2024-09-02 08:41:23,BTCUSDT,bid,57300,1005.688
2024-09-02 08:41:24,BTCUSDT,bid,57300,1005.035
2024-09-02 08:41:55,BTCUSDT,bid,57300,1005.05
2024-09-02 08:41:58,BTCUSDT,bid,57300,1005.045
2024-09-02 08:43:07,BTCUSDT,bid,55100,592.062
2024-09-02 08:43:09,BTCUSDT,bid,57200,1012.874
2024-09-02 08:43:47,BTCUSDT,bid,57200,1015.955
2024-09-02 08:43:50,BTCUSDT,bid,57200,1015.94
2024-09-02 08:43:58,BTCUSDT,bid,57200,1015.942
2024-09-02 08:46:00,BTCUSDT,bid,55100,592.072
2024-09-02 08:46:08,BTCUSDT,bid,55100,592.062
2024-09-02 08:46:30,BTCUSDT,bid,55100,592.072
2024-09-02 08:47:45,BTCUSDT,bid,57300,1000.076
2024-09-02 08:47:48,BTCUSDT,bid,57300,1003.444
2024-09-02 08:47:52,BTCUSDT,bid,57300,1003.448
2024-09-02 08:48:01,BTCUSDT,bid,57300,1003.444
2024-09-02 08:48:08,BTCUSDT,bid,57300,1003.432
2024-09-02 08:48:19,BTCUSDT,bid,47000,882.609
2024-09-02 08:50:08,BTCUSDT,bid,55100,592.063
2024-09-02 08:52:42,BTCUSDT,bid,55100,591.927
2024-09-02 08:53:23,BTCUSDT,bid,55100,591.933
2024-09-02 08:56:19,BTCUSDT,bid,47000,882.63
2024-09-02 09:03:06,BTCUSDT,bid,47000,882.625
2024-09-02 09:08:29,BTCUSDT,bid,55100,591.917
2024-09-02 09:09:46,BTCUSDT,ask,57500,650.247
2024-09-02 09:09:46,BTCUSDT,ask,57500,637.087
2024-09-02 09:09:46,BTCUSDT,ask,57500,635.014
2024-09-02 09:09:46,BTCUSDT,ask,57500,633.781
2024-09-02 09:09:47,BTCUSDT,ask,57500,633.483
2024-09-02 09:09:47,BTCUSDT,ask,57500,633.211
2024-09-02 09:09:47,BTCUSDT,ask,57500,633.126
2024-09-02 09:09:47,BTCUSDT,ask,57500,633.136
2024-09-02 09:09:48,BTCUSDT,ask,57500,633.138
2024-09-02 09:09:59,BTCUSDT,ask,57500,699.622
2024-09-02 09:10:00,BTCUSDT,ask,57500,699.562
2024-09-02 09:10:12,BTCUSDT,ask,57500,602.761
2024-09-02 09:10:12,BTCUSDT,ask,57500,585.675
2024-09-02 09:10:12,BTCUSDT,ask,57500,584.852
2024-09-02 09:10:12,BTCUSDT,ask,57500,583.98
2024-09-02 09:10:12,BTCUSDT,ask,57500,583.265
2024-09-02 09:10:12,BTCUSDT,ask,57500,583.18
2024-09-02 09:15:41,BTCUSDT,bid,57400,1002.51
2024-09-02 09:15:43,BTCUSDT,bid,57400,1002.524
2024-09-02 09:15:43,BTCUSDT,bid,57400,1002.527
2024-09-02 09:15:45,BTCUSDT,bid,57400,1002.524
2024-09-02 09:15:45,BTCUSDT,bid,57400,1002.491
2024-09-02 09:15:46,BTCUSDT,bid,57500,1006.038
2024-09-02 09:15:47,BTCUSDT,bid,57500,1005.891
2024-09-02 09:15:47,BTCUSDT,bid,57500,1005.839
2024-09-02 09:15:47,BTCUSDT,bid,57500,1005.889
2024-09-02 09:15:50,BTCUSDT,bid,57500,1005.895
2024-09-02 09:15:52,BTCUSDT,bid,57400,1002.489
2024-09-02 09:15:55,BTCUSDT,bid,57400,1002.332
2024-09-02 09:15:57,BTCUSDT,bid,57400,1002.334
2024-09-02 09:16:00,BTCUSDT,bid,57400,1002.438
2024-09-02 09:16:49,BTCUSDT,bid,47000,882.632
2024-09-02 09:17:21,BTCUSDT,bid,57500,1000.565
2024-09-02 09:17:21,BTCUSDT,bid,57500,1000.687
2024-09-02 09:17:29,BTCUSDT,bid,57500,1000.691
2024-09-02 09:17:29,BTCUSDT,bid,57500,1035.556
2024-09-02 09:17:29,BTCUSDT,bid,57500,1035.556
2024-09-02 09:17:29,BTCUSDT,bid,57500,1000.691
2024-09-02 09:17:30,BTCUSDT,bid,57500,1035.556
2024-09-02 09:17:30,BTCUSDT,bid,57500,1000.691
2024-09-02 09:17:30,BTCUSDT,bid,57500,1035.556
2024-09-02 09:17:30,BTCUSDT,bid,57500,1000.691
2024-09-02 09:17:32,BTCUSDT,bid,57600,1003.875
2024-09-02 09:17:33,BTCUSDT,bid,57600,1001.262
2024-09-02 09:17:34,BTCUSDT,bid,57600,1001.272
2024-09-02 09:17:35,BTCUSDT,bid,57600,1001.525
2024-09-02 09:17:35,BTCUSDT,bid,57600,1000.474
2024-09-02 09:17:37,BTCUSDT,bid,57500,1002.664
2024-09-02 09:17:37,BTCUSDT,bid,57500,1000.7
2024-09-02 09:18:11,BTCUSDT,bid,55100,591.907
2024-09-02 09:18:50,BTCUSDT,bid,47000,882.625
2024-09-02 09:19:36,BTCUSDT,bid,47000,880.625
2024-09-02 09:20:00,BTCUSDT,bid,57600,1002.145
2024-09-02 09:20:01,BTCUSDT,bid,57600,1002.162
2024-09-02 09:20:02,BTCUSDT,bid,57600,1002.145
2024-09-02 09:20:03,BTCUSDT,bid,57600,1001.942
2024-09-02 09:20:03,BTCUSDT,bid,57600,1000.442
2024-09-02 09:20:06,BTCUSDT,bid,57600,1000.511
2024-09-02 09:20:11,BTCUSDT,bid,57600,1000.328
2024-09-02 09:20:11,BTCUSDT,bid,57600,1000.01
2024-09-02 09:20:17,BTCUSDT,bid,57600,1000.33
2024-09-02 09:20:19,BTCUSDT,bid,57600,1000.33
2024-09-02 09:20:19,BTCUSDT,bid,57600,1000.005
2024-09-02 09:20:21,BTCUSDT,bid,57600,1000.53
2024-09-02 09:20:22,BTCUSDT,bid,57600,1000.733
2024-09-02 09:20:23,BTCUSDT,bid,57600,1000.004
2024-09-02 09:20:35,BTCUSDT,bid,57600,1000.266
2024-09-02 09:20:36,BTCUSDT,bid,57600,1000.787
2024-09-02 09:20:38,BTCUSDT,bid,57600,1000.805
2024-09-02 09:20:39,BTCUSDT,bid,57600,1000.805
2024-09-02 09:20:40,BTCUSDT,bid,57600,1000.605
2024-09-02 09:20:40,BTCUSDT,bid,57600,1000.805
2024-09-02 09:20:40,BTCUSDT,bid,57600,1000.805
2024-09-02 09:20:42,BTCUSDT,bid,57600,1000.602
2024-09-02 09:20:42,BTCUSDT,bid,57600,1000.642
2024-09-02 09:20:43,BTCUSDT,bid,57600,1000.602
2024-09-02 09:20:44,BTCUSDT,bid,57600,1000.61
2024-09-02 09:20:44,BTCUSDT,bid,57600,1000.615
2024-09-02 09:20:45,BTCUSDT,bid,57600,1000.415
2024-09-02 09:20:46,BTCUSDT,bid,57600,1000.618
2024-09-02 09:20:46,BTCUSDT,bid,57600,1000.415
2024-09-02 09:20:47,BTCUSDT,bid,57600,1000.485
2024-09-02 09:20:49,BTCUSDT,bid,57600,1000.888
2024-09-02 09:20:49,BTCUSDT,bid,57600,1000.919
2024-09-02 09:20:49,BTCUSDT,bid,57600,1000.951
2024-09-02 09:20:50,BTCUSDT,bid,57600,1000.951
2024-09-02 09:21:00,BTCUSDT,bid,57600,1000.734
2024-09-02 09:21:00,BTCUSDT,bid,57600,1001.789
2024-09-02 09:21:01,BTCUSDT,bid,57600,1001.573
2024-09-02 09:21:01,BTCUSDT,bid,57600,780.783
2024-09-02 09:21:02,BTCUSDT,bid,57600,778.89
2024-09-02 09:21:12,BTCUSDT,bid,57500,1001.137
2024-09-02 09:21:12,BTCUSDT,bid,57500,1000.606
2024-09-02 09:21:17,BTCUSDT,bid,57500,1000.623
2024-09-02 09:21:34,BTCUSDT,bid,57500,2000.634
2024-09-02 09:21:35,BTCUSDT,bid,57500,2000.544
2024-09-02 09:21:36,BTCUSDT,bid,57500,2000.597
2024-09-02 09:21:37,BTCUSDT,bid,57500,2000.606
2024-09-02 09:21:43,BTCUSDT,bid,57500,2000.608
2024-09-02 09:21:49,BTCUSDT,bid,57500,2000.648
2024-09-02 09:21:53,BTCUSDT,bid,57500,2000.608
2024-09-02 09:21:54,BTCUSDT,bid,57500,1000.608
2024-09-02 09:22:14,BTCUSDT,bid,57500,1000.54
2024-09-02 09:22:16,BTCUSDT,bid,57500,1000.593
2024-09-02 09:22:29,BTCUSDT,bid,57500,1000.565
2024-09-02 09:22:32,BTCUSDT,bid,57500,1000.562
2024-09-02 09:22:36,BTCUSDT,bid,57500,1000.565
2024-09-02 07:00:00,BTCUSD_PERP,bid,56800,561.18
2024-09-02 07:03:22,BTCUSD_PERP,bid,56900,622.1
2024-09-02 07:03:27,BTCUSD_PERP,bid,56800,953.29
2024-09-02 07:03:27,BTCUSD_PERP,bid,56800,1009.61
2024-09-02 07:03:32,BTCUSD_PERP,bid,56800,896.97
2024-09-02 07:03:32,BTCUSD_PERP,bid,56800,618.26
2024-09-02 07:03:38,BTCUSD_PERP,bid,56900,563.41
2024-09-02 07:03:51,BTCUSD_PERP,bid,56800,560.78
2024-09-02 07:03:51,BTCUSD_PERP,bid,56800,729.16
2024-09-02 07:03:52,BTCUSD_PERP,bid,56800,784.9
2024-09-02 07:03:52,BTCUSD_PERP,bid,56800,841.22
2024-09-02 07:03:52,BTCUSD_PERP,bid,56800,952.71
2024-09-02 07:03:52,BTCUSD_PERP,bid,56800,1009.03
2024-09-02 07:03:52,BTCUSD_PERP,bid,56800,547.47
2024-09-02 07:03:52,BTCUSD_PERP,bid,56800,1065.35
2024-09-02 07:03:52,BTCUSD_PERP,bid,56800,1121.67
2024-09-02 07:04:09,BTCUSD_PERP,bid,56800,744.06
2024-09-02 07:04:09,BTCUSD_PERP,bid,56800,800.35
2024-09-02 07:05:27,BTCUSD_PERP,bid,56800,688.35
2024-09-02 07:05:27,BTCUSD_PERP,bid,56800,576.93
2024-09-02 07:05:28,BTCUSD_PERP,bid,56800,547.52
2024-09-02 07:05:28,BTCUSD_PERP,bid,56800,673.43
2024-09-02 07:05:28,BTCUSD_PERP,bid,56800,729.17
2024-09-02 07:05:28,BTCUSD_PERP,bid,56800,784.92
2024-09-02 07:05:29,BTCUSD_PERP,bid,56800,953.88
2024-09-02 07:05:29,BTCUSD_PERP,bid,56800,1009.62
2024-09-02 07:05:29,BTCUSD_PERP,bid,56800,1065.94
2024-09-02 07:05:29,BTCUSD_PERP,bid,56800,1121.68
2024-09-02 07:06:12,BTCUSD_PERP,bid,56800,1065.94
2024-09-02 07:06:12,BTCUSD_PERP,bid,56800,954.46
2024-09-02 07:06:12,BTCUSD_PERP,bid,56800,898.72
2024-09-02 07:06:12,BTCUSD_PERP,bid,56800,842.4
2024-09-02 07:06:13,BTCUSD_PERP,bid,56800,786.08
2024-09-02 07:06:13,BTCUSD_PERP,bid,56800,674.02
2024-09-02 07:06:13,BTCUSD_PERP,bid,56800,562.54
2024-09-02 07:06:13,BTCUSD_PERP,bid,56900,672.72
2024-09-02 07:06:13,BTCUSD_PERP,bid,56900,729.07
2024-09-02 07:06:13,BTCUSD_PERP,bid,56900,784.85
2024-09-02 07:06:13,BTCUSD_PERP,bid,56900,841.11
2024-09-02 07:06:14,BTCUSD_PERP,bid,56900,897.46
2024-09-02 07:06:14,BTCUSD_PERP,bid,56900,953.81
2024-09-02 07:06:14,BTCUSD_PERP,bid,56900,1010.16
2024-09-02 07:06:14,BTCUSD_PERP,bid,56900,1122.86
2024-09-02 07:06:14,BTCUSD_PERP,bid,56800,547.81
2024-09-02 07:07:09,BTCUSD_PERP,bid,56900,954.39
2024-09-02 07:07:09,BTCUSD_PERP,bid,56800,786.21
2024-09-02 07:07:09,BTCUSD_PERP,bid,56800,842.53
2024-09-02 07:07:14,BTCUSD_PERP,bid,56800,786.78
2024-09-02 07:07:14,BTCUSD_PERP,bid,56800,562.16
2024-09-02 07:07:14,BTCUSD_PERP,bid,56800,840.26
2024-09-02 07:07:14,BTCUSD_PERP,bid,56800,952.84
2024-09-02 07:07:14,BTCUSD_PERP,bid,56800,547.45
2024-09-02 07:07:14,BTCUSD_PERP,bid,56800,1009.13
2024-09-02 07:07:48,BTCUSD_PERP,bid,56800,896.55
2024-09-02 07:07:48,BTCUSD_PERP,bid,56800,840.83
2024-09-02 07:07:49,BTCUSD_PERP,bid,56800,784.54
2024-09-02 07:07:49,BTCUSD_PERP,bid,56800,728.25
2024-09-02 07:07:49,BTCUSD_PERP,bid,56800,672.53
2024-09-02 07:07:49,BTCUSD_PERP,bid,56800,952.33
2024-09-02 07:07:49,BTCUSD_PERP,bid,56700,546.95
2024-09-02 07:07:49,BTCUSD_PERP,bid,56800,1008.59
2024-09-02 07:12:45,BTCUSD_PERP,bid,56900,618.11
2024-09-02 07:12:45,BTCUSD_PERP,bid,56900,674.46
2024-09-02 07:16:10,BTCUSD_PERP,bid,56900,618.11
2024-09-02 07:16:10,BTCUSD_PERP,bid,56900,561.76
2024-09-02 07:16:37,BTCUSD_PERP,bid,57000,564.8
2024-09-02 07:16:37,BTCUSD_PERP,bid,57000,620.67
2024-09-02 07:16:37,BTCUSD_PERP,bid,57000,634.21
2024-09-02 07:16:37,BTCUSD_PERP,bid,57000,690.66
2024-09-02 07:16:37,BTCUSD_PERP,bid,57000,803.56
2024-09-02 07:17:12,BTCUSD_PERP,bid,57000,747.11
2024-09-02 07:17:13,BTCUSD_PERP,bid,57000,690.66
2024-09-02 07:17:13,BTCUSD_PERP,bid,56900,563.04
2024-09-02 07:17:13,BTCUSD_PERP,bid,56900,787.57
2024-09-02 07:17:13,BTCUSD_PERP,bid,56900,843.41
2024-09-02 07:17:21,BTCUSD_PERP,bid,56900,786.99
2024-09-02 07:17:21,BTCUSD_PERP,bid,56900,674.73
2024-09-02 07:17:21,BTCUSD_PERP,bid,56900,561.89
2024-09-02 07:17:22,BTCUSD_PERP,bid,56900,562.09
2024-09-02 07:17:22,BTCUSD_PERP,bid,56900,617.9
2024-09-02 07:17:22,BTCUSD_PERP,bid,56900,730.09
2024-09-02 07:17:23,BTCUSD_PERP,bid,56900,786.47
2024-09-02 07:18:07,BTCUSD_PERP,bid,56900,673.71
2024-09-02 07:18:08,BTCUSD_PERP,bid,56900,617.57
2024-09-02 07:18:13,BTCUSD_PERP,bid,56900,561.22
2024-09-02 07:20:02,BTCUSD_PERP,bid,56900,562.09
2024-09-02 07:20:02,BTCUSD_PERP,bid,56900,618.47
2024-09-02 07:20:03,BTCUSD_PERP,bid,56900,730.66
2024-09-02 07:23:34,BTCUSD_PERP,bid,56900,561.24
2024-09-02 07:25:17,BTCUSD_PERP,bid,56900,618.21
2024-09-02 07:25:44,BTCUSD_PERP,bid,56900,561.84
2024-09-02 07:25:46,BTCUSD_PERP,bid,56900,562.44
2024-09-02 07:26:24,BTCUSD_PERP,bid,56900,562.45
2024-09-02 07:28:30,BTCUSD_PERP,bid,57000,564.16
2024-09-02 07:28:30,BTCUSD_PERP,bid,57000,620.62
2024-09-02 07:28:56,BTCUSD_PERP,bid,57000,564.16
2024-09-02 07:28:57,BTCUSD_PERP,bid,57000,674.16
2024-09-02 07:29:35,BTCUSD_PERP,bid,57000,617.73
2024-09-02 07:29:35,BTCUSD_PERP,bid,57000,561.4
2024-09-02 07:30:45,BTCUSD_PERP,bid,57000,674.64
2024-09-02 07:30:45,BTCUSD_PERP,bid,57000,730.56
2024-09-02 07:30:45,BTCUSD_PERP,bid,57000,842.99
2024-09-02 07:31:16,BTCUSD_PERP,bid,57000,674.65
2024-09-02 07:31:17,BTCUSD_PERP,bid,57000,618.15
2024-09-02 07:31:17,BTCUSD_PERP,bid,57000,674.17
2024-09-02 07:31:17,BTCUSD_PERP,bid,57000,730.64
2024-09-02 07:31:17,BTCUSD_PERP,bid,57000,786.53
2024-09-02 07:31:23,BTCUSD_PERP,bid,57000,561.81
2024-09-02 07:31:28,BTCUSD_PERP,bid,56900,562.38
2024-09-02 07:31:28,BTCUSD_PERP,bid,56900,674.65
2024-09-02 07:31:36,BTCUSD_PERP,bid,56900,562.4
2024-09-02 07:33:00,BTCUSD_PERP,bid,57100,564.06
2024-09-02 07:33:01,BTCUSD_PERP,bid,57100,675.96
2024-09-02 07:33:01,BTCUSD_PERP,bid,57100,731.91
2024-09-02 07:33:29,BTCUSD_PERP,bid,57100,675.96
2024-09-02 07:33:29,BTCUSD_PERP,bid,57100,619.43
2024-09-02 07:33:30,BTCUSD_PERP,bid,57100,562.9
2024-09-02 07:33:48,BTCUSD_PERP,bid,57100,562.44
2024-09-02 07:35:32,BTCUSD_PERP,bid,57100,562.72
2024-09-02 07:35:36,BTCUSD_PERP,bid,57100,562.44
2024-09-02 07:35:38,BTCUSD_PERP,bid,57000,675.05
2024-09-02 07:35:42,BTCUSD_PERP,bid,57000,747.59
2024-09-02 07:36:09,BTCUSD_PERP,bid,57000,691.12
2024-09-02 07:36:09,BTCUSD_PERP,bid,57000,635.22
2024-09-02 07:36:09,BTCUSD_PERP,bid,57000,579.33
2024-09-02 07:37:13,BTCUSD_PERP,bid,57000,618.71
2024-09-02 07:39:05,BTCUSD_PERP,bid,57100,564.03
2024-09-02 07:40:14,BTCUSD_PERP,bid,57000,842.93
2024-09-02 07:40:14,BTCUSD_PERP,bid,57000,899.36
2024-09-02 07:40:54,BTCUSD_PERP,bid,57000,842.93
2024-09-02 07:40:54,BTCUSD_PERP,bid,57000,786.5
2024-09-02 07:40:54,BTCUSD_PERP,bid,57000,618.44
2024-09-02 07:40:55,BTCUSD_PERP,bid,57000,562.58
2024-09-02 07:40:55,BTCUSD_PERP,bid,56900,562.2
2024-09-02 07:40:55,BTCUSD_PERP,bid,56900,842.48
2024-09-02 07:40:55,BTCUSD_PERP,bid,56900,898.88
2024-09-02 07:41:09,BTCUSD_PERP,bid,56900,618.68
2024-09-02 07:41:09,BTCUSD_PERP,bid,56900,785.74
2024-09-02 07:41:09,BTCUSD_PERP,bid,56900,842.12
2024-09-02 07:41:09,BTCUSD_PERP,bid,56900,898.5
2024-09-02 07:41:26,BTCUSD_PERP,bid,56900,729.94
2024-09-02 07:41:26,BTCUSD_PERP,bid,56900,729.44
2024-09-02 07:41:26,BTCUSD_PERP,bid,56900,785.78
2024-09-02 07:41:26,BTCUSD_PERP,bid,56900,842.12
2024-09-02 07:41:54,BTCUSD_PERP,bid,56900,674.26
2024-09-02 07:41:54,BTCUSD_PERP,bid,56800,729.05
2024-09-02 07:41:54,BTCUSD_PERP,bid,56800,785.36
2024-09-02 07:42:19,BTCUSD_PERP,bid,56800,673.32
2024-09-02 07:42:19,BTCUSD_PERP,bid,56800,784.45
2024-09-02 07:42:19,BTCUSD_PERP,bid,56800,896.91
2024-09-02 07:42:19,BTCUSD_PERP,bid,56800,953.19
2024-09-02 07:42:39,BTCUSD_PERP,bid,56800,840.63
2024-09-02 07:42:39,BTCUSD_PERP,bid,56800,784.93
2024-09-02 07:42:40,BTCUSD_PERP,bid,56800,728.65
2024-09-02 07:42:40,BTCUSD_PERP,bid,56800,672.47
2024-09-02 07:42:40,BTCUSD_PERP,bid,56800,616.77
2024-09-02 07:43:24,BTCUSD_PERP,bid,56800,616.67
2024-09-02 07:43:24,BTCUSD_PERP,bid,56800,672.95
2024-09-02 07:45:21,BTCUSD_PERP,bid,56800,672.6
2024-09-02 07:45:21,BTCUSD_PERP,bid,56800,728.85
2024-09-02 07:45:29,BTCUSD_PERP,bid,56800,672.69
2024-09-02 07:45:29,BTCUSD_PERP,bid,56800,560.19
2024-09-02 07:45:30,BTCUSD_PERP,bid,56700,672.23
2024-09-02 07:47:40,BTCUSD_PERP,bid,56700,616.59
2024-09-02 07:47:41,BTCUSD_PERP,bid,56800,729.55
2024-09-02 07:47:41,BTCUSD_PERP,bid,56800,785.23
2024-09-02 07:47:41,BTCUSD_PERP,bid,56800,952.86
2024-09-02 07:49:50,BTCUSD_PERP,bid,56800,784.08
2024-09-02 07:49:51,BTCUSD_PERP,bid,56800,727.42
2024-09-02 07:49:51,BTCUSD_PERP,bid,56800,783.65
2024-09-02 07:49:51,BTCUSD_PERP,bid,56800,839.88
2024-09-02 07:50:43,BTCUSD_PERP,bid,56800,727.42
2024-09-02 07:50:43,BTCUSD_PERP,bid,56800,671.77
2024-09-02 07:50:44,BTCUSD_PERP,bid,56700,671.41
2024-09-02 07:50:44,BTCUSD_PERP,bid,56700,783.23
2024-09-02 07:50:44,BTCUSD_PERP,bid,56700,839.43
2024-09-02 07:50:58,BTCUSD_PERP,ask,57800,520.8
2024-09-02 07:51:00,BTCUSD_PERP,ask,57800,526.58
2024-09-02 07:52:17,BTCUSD_PERP,ask,57700,522.1
2024-09-02 07:52:33,BTCUSD_PERP,bid,56600,614.24
2024-09-02 07:52:33,BTCUSD_PERP,bid,56600,670.34
2024-09-02 07:52:34,BTCUSD_PERP,bid,56600,670.38
2024-09-02 07:52:51,BTCUSD_PERP,bid,56600,558.18
2024-09-02 07:53:39,BTCUSD_PERP,bid,56700,559.12
2024-09-02 07:53:47,BTCUSD_PERP,bid,56700,563.16
2024-09-02 07:53:47,BTCUSD_PERP,bid,56700,619.34
2024-09-02 07:53:47,BTCUSD_PERP,bid,56700,675.52
2024-09-02 07:53:47,BTCUSD_PERP,bid,56700,731.12
2024-09-02 07:54:20,BTCUSD_PERP,bid,56700,675.52
2024-09-02 07:54:20,BTCUSD_PERP,bid,56700,619.34
2024-09-02 07:54:21,BTCUSD_PERP,bid,56700,560.87
2024-09-02 07:54:22,BTCUSD_PERP,bid,56700,617.08
2024-09-02 07:54:22,BTCUSD_PERP,bid,56700,673.29
2024-09-02 07:54:22,BTCUSD_PERP,bid,56700,728.93
2024-09-02 07:54:22,BTCUSD_PERP,bid,56700,785.14
2024-09-02 07:54:22,BTCUSD_PERP,bid,56700,841.35
2024-09-02 07:54:36,BTCUSD_PERP,bid,56700,785.14
2024-09-02 07:54:36,BTCUSD_PERP,bid,56700,728.93
2024-09-02 07:54:37,BTCUSD_PERP,bid,56700,617.08
2024-09-02 07:54:37,BTCUSD_PERP,bid,56700,560.87
2024-09-02 07:56:01,BTCUSD_PERP,bid,56700,560.3
2024-09-02 07:56:01,BTCUSD_PERP,bid,56700,672.15
2024-09-02 07:56:01,BTCUSD_PERP,bid,56700,727.79
2024-09-02 07:56:02,BTCUSD_PERP,bid,56700,840.21
2024-09-02 07:56:02,BTCUSD_PERP,bid,56700,896.42
2024-09-02 07:56:02,BTCUSD_PERP,bid,56700,952.06
2024-09-02 07:56:03,BTCUSD_PERP,bid,56700,952.1
2024-09-02 07:56:48,BTCUSD_PERP,bid,56700,896.46
2024-09-02 07:56:49,BTCUSD_PERP,bid,56700,785.18
2024-09-02 07:56:49,BTCUSD_PERP,bid,56700,672.85
2024-09-02 07:56:49,BTCUSD_PERP,bid,56700,616.64
2024-09-02 07:56:49,BTCUSD_PERP,bid,56700,561.0
2024-09-02 07:57:09,BTCUSD_PERP,bid,56900,616.91
2024-09-02 07:57:09,BTCUSD_PERP,bid,56900,672.69
2024-09-02 07:57:09,BTCUSD_PERP,bid,56900,729.04
2024-09-02 07:57:09,BTCUSD_PERP,bid,56900,785.39
2024-09-02 07:57:10,BTCUSD_PERP,bid,56900,841.74
2024-09-02 07:57:10,BTCUSD_PERP,bid,56900,953.87
2024-09-02 07:59:21,BTCUSD_PERP,bid,56900,897.52
2024-09-02 07:59:21,BTCUSD_PERP,bid,56900,841.74
2024-09-02 07:59:21,BTCUSD_PERP,bid,56900,730.18
2024-09-02 07:59:21,BTCUSD_PERP,bid,56900,561.7
2024-09-02 07:59:21,BTCUSD_PERP,bid,56900,561.74
2024-09-02 07:59:21,BTCUSD_PERP,bid,56900,618.15
2024-09-02 07:59:22,BTCUSD_PERP,bid,56900,673.98
2024-09-02 07:59:22,BTCUSD_PERP,bid,56900,730.39
2024-09-02 07:59:22,BTCUSD_PERP,bid,56900,786.8
2024-09-02 07:59:22,BTCUSD_PERP,bid,56900,899.04
2024-09-02 07:59:22,BTCUSD_PERP,bid,56900,955.45
2024-09-02 07:59:23,BTCUSD_PERP,bid,56900,1067.11
2024-09-02 07:59:30,BTCUSD_PERP,bid,56900,1067.15
2024-09-02 07:59:31,BTCUSD_PERP,bid,56900,1067.11
2024-09-02 07:59:33,BTCUSD_PERP,bid,56900,1067.15
2024-09-02 08:01:42,BTCUSD_PERP,bid,56900,1010.83
2024-09-02 08:01:42,BTCUSD_PERP,bid,56900,954.42
2024-09-02 08:01:42,BTCUSD_PERP,bid,56900,898.01
2024-09-02 08:01:42,BTCUSD_PERP,bid,56900,842.18
2024-09-02 08:01:42,BTCUSD_PERP,bid,56900,786.35
2024-09-02 08:01:42,BTCUSD_PERP,bid,56900,674.1
2024-09-02 08:01:42,BTCUSD_PERP,bid,56900,618.27
2024-09-02 08:01:43,BTCUSD_PERP,bid,56900,561.4
2024-09-02 08:01:43,BTCUSD_PERP,bid,56900,561.86
2024-09-02 08:01:43,BTCUSD_PERP,bid,56900,617.2
2024-09-02 08:01:43,BTCUSD_PERP,bid,56900,673.58
2024-09-02 08:02:13,BTCUSD_PERP,bid,56900,561.4
2024-09-02 08:02:14,BTCUSD_PERP,bid,56900,617.53
2024-09-02 08:02:14,BTCUSD_PERP,bid,56900,730.23
2024-09-02 08:02:14,BTCUSD_PERP,bid,56900,841.78
2024-09-02 08:02:15,BTCUSD_PERP,bid,56900,898.13
2024-09-02 08:02:15,BTCUSD_PERP,bid,56900,953.9
2024-09-02 08:02:15,BTCUSD_PERP,bid,56900,1010.25
2024-09-02 08:02:21,BTCUSD_PERP,bid,56900,1011.44
2024-09-02 08:02:29,BTCUSD_PERP,bid,56900,1011.4
2024-09-02 08:02:30,BTCUSD_PERP,bid,56900,1011.44
2024-09-02 08:02:33,BTCUSD_PERP,bid,56900,1011.4
2024-09-02 08:03:00,BTCUSD_PERP,bid,56900,898.7
2024-09-02 08:03:00,BTCUSD_PERP,bid,56900,842.35
2024-09-02 08:03:00,BTCUSD_PERP,bid,56900,674.46
2024-09-02 08:03:00,BTCUSD_PERP,bid,56900,618.11
2024-09-02 08:03:01,BTCUSD_PERP,bid,56900,562.34
2024-09-02 08:03:01,BTCUSD_PERP,bid,56800,785.0
2024-09-02 08:03:02,BTCUSD_PERP,bid,56800,841.22
2024-09-02 08:03:02,BTCUSD_PERP,bid,56800,896.96
2024-09-02 08:03:24,BTCUSD_PERP,bid,56800,840.64
2024-09-02 08:03:24,BTCUSD_PERP,bid,56800,728.58
2024-09-02 08:03:24,BTCUSD_PERP,bid,56800,672.84
2024-09-02 08:03:24,BTCUSD_PERP,bid,56800,616.52
2024-09-02 08:03:24,BTCUSD_PERP,bid,56800,560.78
2024-09-02 08:03:25,BTCUSD_PERP,bid,56800,672.41
2024-09-02 08:03:25,BTCUSD_PERP,bid,56800,728.69
2024-09-02 08:03:25,BTCUSD_PERP,bid,56800,784.4
2024-09-02 08:03:25,BTCUSD_PERP,bid,56800,895.82
2024-09-02 08:03:25,BTCUSD_PERP,bid,56800,1008.38
2024-09-02 08:03:26,BTCUSD_PERP,bid,56800,1064.66
2024-09-02 08:03:28,BTCUSD_PERP,bid,56800,729.49
2024-09-02 08:03:28,BTCUSD_PERP,bid,56800,1009.6
2024-09-02 08:03:28,BTCUSD_PERP,bid,56800,1065.85
2024-09-02 08:04:23,BTCUSD_PERP,bid,56800,897.67
2024-09-02 08:04:23,BTCUSD_PERP,bid,56800,559.95
2024-09-02 08:05:13,BTCUSD_PERP,bid,56800,896.97
2024-09-02 08:06:07,BTCUSD_PERP,bid,56800,841.26
2024-09-02 08:06:08,BTCUSD_PERP,bid,56800,673.08
2024-09-02 08:06:08,BTCUSD_PERP,bid,56800,617.37
2024-09-02 08:06:08,BTCUSD_PERP,bid,56800,561.09
2024-09-02 08:06:08,BTCUSD_PERP,bid,56800,616.93
2024-09-02 08:06:08,BTCUSD_PERP,bid,56800,1008.95
2024-09-02 08:06:24,BTCUSD_PERP,bid,56800,840.77
2024-09-02 08:07:03,BTCUSD_PERP,bid,56700,558.95
2024-09-02 08:07:15,BTCUSD_PERP,bid,56700,559.3
2024-09-02 08:08:30,BTCUSD_PERP,bid,56800,560.19
2024-09-02 08:08:30,BTCUSD_PERP,bid,56800,616.47
2024-09-02 08:09:04,BTCUSD_PERP,bid,56800,560.19
2024-09-02 08:09:06,BTCUSD_PERP,bid,56800,561.27
2024-09-02 08:09:06,BTCUSD_PERP,bid,56800,617.58
2024-09-02 08:09:06,BTCUSD_PERP,bid,56800,729.62
2024-09-02 08:10:20,BTCUSD_PERP,bid,56800,673.31
2024-09-02 08:10:20,BTCUSD_PERP,bid,56800,617.58
2024-09-02 08:21:59,BTCUSD_PERP,bid,57000,564.34
2024-09-02 08:21:59,BTCUSD_PERP,bid,57000,620.27
2024-09-02 08:22:00,BTCUSD_PERP,bid,57000,676.77
2024-09-02 08:22:00,BTCUSD_PERP,bid,57000,789.2
2024-09-02 08:22:00,BTCUSD_PERP,bid,57000,845.7
2024-09-02 08:22:02,BTCUSD_PERP,bid,57000,847.75
2024-09-02 08:22:02,BTCUSD_PERP,bid,57000,848.94
2024-09-02 08:22:02,BTCUSD_PERP,bid,57000,862.61
2024-09-02 08:22:41,BTCUSD_PERP,bid,57000,693.77
2024-09-02 08:22:41,BTCUSD_PERP,bid,57000,956.42
2024-09-02 08:22:41,BTCUSD_PERP,bid,57000,1068.79
2024-09-02 08:22:41,BTCUSD_PERP,bid,56900,549.02
2024-09-02 08:22:41,BTCUSD_PERP,bid,57000,1125.26
2024-09-02 08:23:33,BTCUSD_PERP,bid,57000,844.16
2024-09-02 08:23:33,BTCUSD_PERP,bid,57000,956.53
2024-09-02 08:23:33,BTCUSD_PERP,bid,57000,1012.4
2024-09-02 08:23:33,BTCUSD_PERP,bid,56900,548.73
2024-09-02 08:23:33,BTCUSD_PERP,bid,57000,1068.84
2024-09-02 08:23:42,BTCUSD_PERP,bid,57000,1012.4
2024-09-02 08:23:42,BTCUSD_PERP,bid,57000,900.09
2024-09-02 08:23:43,BTCUSD_PERP,bid,57000,787.21
2024-09-02 08:23:43,BTCUSD_PERP,bid,56900,786.18
2024-09-02 08:23:43,BTCUSD_PERP,bid,56900,842.59
2024-09-02 08:23:48,BTCUSD_PERP,bid,56900,561.42
2024-09-02 08:23:48,BTCUSD_PERP,bid,56900,785.8
2024-09-02 08:23:48,BTCUSD_PERP,bid,56900,842.18
2024-09-02 08:24:03,BTCUSD_PERP,bid,56900,729.99
2024-09-02 08:24:04,BTCUSD_PERP,bid,56900,673.25
2024-09-02 08:24:04,BTCUSD_PERP,bid,56900,729.6
2024-09-02 08:24:08,BTCUSD_PERP,bid,56900,673.82
2024-09-02 08:24:08,BTCUSD_PERP,bid,56800,897.6
2024-09-02 08:24:08,BTCUSD_PERP,bid,56800,953.92
2024-09-02 08:24:13,BTCUSD_PERP,bid,56800,730.46
2024-09-02 08:24:32,BTCUSD_PERP,bid,56800,784.07
2024-09-02 08:24:33,BTCUSD_PERP,bid,56800,1008.56
2024-09-02 08:24:33,BTCUSD_PERP,bid,56800,1064.82
2024-09-02 08:24:58,BTCUSD_PERP,bid,56800,1009.13
2024-09-02 08:24:59,BTCUSD_PERP,bid,56800,952.87
2024-09-02 08:24:59,BTCUSD_PERP,bid,56800,896.71
2024-09-02 08:24:59,BTCUSD_PERP,bid,56800,840.45
2024-09-02 08:24:59,BTCUSD_PERP,bid,56800,728.51
2024-09-02 08:24:59,BTCUSD_PERP,bid,56800,672.25
2024-09-02 08:24:59,BTCUSD_PERP,bid,56800,615.99
2024-09-02 08:24:59,BTCUSD_PERP,bid,56800,559.73
2024-09-02 08:25:00,BTCUSD_PERP,bid,56800,617.17
2024-09-02 08:25:10,BTCUSD_PERP,bid,56800,618.3
2024-09-02 08:26:50,BTCUSD_PERP,bid,56800,617.17
2024-09-02 08:27:07,BTCUSD_PERP,bid,56800,617.21
2024-09-02 08:27:40,BTCUSD_PERP,bid,56900,560.99
2024-09-02 08:30:50,BTCUSD_PERP,bid,57000,561.99
2024-09-02 08:30:50,BTCUSD_PERP,bid,57000,618.43
2024-09-02 08:32:09,BTCUSD_PERP,bid,57000,561.99
2024-09-02 08:32:09,BTCUSD_PERP,bid,56900,562.3
2024-09-02 08:36:09,BTCUSD_PERP,ask,57900,522.57
2024-09-02 08:40:54,BTCUSD_PERP,bid,56800,560.59
2024-09-02 08:40:55,BTCUSD_PERP,bid,56800,560.63
2024-09-02 08:40:58,BTCUSD_PERP,bid,56800,560.67
2024-09-02 08:45:33,BTCUSD_PERP,bid,56700,616.08
2024-09-02 08:45:34,BTCUSD_PERP,bid,56700,672.3
2024-09-02 08:45:34,BTCUSD_PERP,bid,56700,674.34
2024-09-02 08:45:35,BTCUSD_PERP,bid,56700,687.94
2024-09-02 08:45:38,BTCUSD_PERP,bid,56700,632.31
2024-09-02 08:45:38,BTCUSD_PERP,bid,56700,576.09
2024-09-02 08:45:39,BTCUSD_PERP,bid,56800,560.2
2024-09-02 08:45:40,BTCUSD_PERP,bid,56800,672.7
2024-09-02 08:45:54,BTCUSD_PERP,bid,56700,616.11
2024-09-02 08:45:54,BTCUSD_PERP,bid,56700,672.33
2024-09-02 08:46:49,BTCUSD_PERP,bid,56800,560.18
2024-09-02 08:46:49,BTCUSD_PERP,bid,56800,616.43
2024-09-02 08:46:50,BTCUSD_PERP,bid,56800,672.68
2024-09-02 08:47:09,BTCUSD_PERP,bid,56800,616.43
2024-09-02 08:47:09,BTCUSD_PERP,bid,56800,560.76
2024-09-02 08:47:47,BTCUSD_PERP,bid,56900,617.07
2024-09-02 08:47:47,BTCUSD_PERP,bid,56900,673.44
2024-09-02 08:47:47,BTCUSD_PERP,bid,56900,729.81
2024-09-02 08:47:48,BTCUSD_PERP,bid,56900,786.18
2024-09-02 08:47:48,BTCUSD_PERP,bid,56900,842.55
2024-09-02 08:47:48,BTCUSD_PERP,bid,56900,898.38
2024-09-02 08:47:48,BTCUSD_PERP,bid,56900,1010.54
2024-09-02 08:47:49,BTCUSD_PERP,bid,56900,1066.91
2024-09-02 08:48:11,BTCUSD_PERP,bid,56900,1011.12
2024-09-02 08:48:11,BTCUSD_PERP,bid,56900,560.98
2024-09-02 08:48:11,BTCUSD_PERP,bid,56900,954.2
2024-09-02 08:48:11,BTCUSD_PERP,bid,56900,1010.54
2024-09-02 08:48:44,BTCUSD_PERP,bid,56900,954.2
2024-09-02 08:48:44,BTCUSD_PERP,bid,56900,898.44
2024-09-02 08:48:45,BTCUSD_PERP,bid,56900,786.34
2024-09-02 08:48:45,BTCUSD_PERP,bid,56900,730.1
2024-09-02 08:48:45,BTCUSD_PERP,bid,56900,618.0
2024-09-02 08:48:45,BTCUSD_PERP,bid,56800,560.68
2024-09-02 08:48:45,BTCUSD_PERP,bid,56800,673.3
2024-09-02 08:48:45,BTCUSD_PERP,bid,56800,729.61
2024-09-02 08:48:45,BTCUSD_PERP,bid,56800,785.34
2024-09-02 08:48:46,BTCUSD_PERP,bid,56800,841.65
2024-09-02 08:48:46,BTCUSD_PERP,bid,56800,897.38
2024-09-02 08:48:46,BTCUSD_PERP,bid,56800,953.69
2024-09-02 08:48:46,BTCUSD_PERP,bid,56800,1010.0
2024-09-02 08:51:33,BTCUSD_PERP,bid,56800,1012.04
2024-09-02 08:51:36,BTCUSD_PERP,bid,56800,1012.08
2024-09-02 08:51:59,BTCUSD_PERP,bid,56800,1010.04
2024-09-02 08:53:34,BTCUSD_PERP,bid,56800,673.92
2024-09-02 08:53:34,BTCUSD_PERP,bid,56900,673.6
2024-09-02 08:53:34,BTCUSD_PERP,bid,56900,841.45
2024-09-02 08:53:34,BTCUSD_PERP,bid,56900,1010.44
2024-09-02 08:55:48,BTCUSD_PERP,bid,56900,954.11
2024-09-02 08:55:48,BTCUSD_PERP,bid,56900,897.78
2024-09-02 08:55:48,BTCUSD_PERP,bid,56900,729.36
2024-09-02 08:55:48,BTCUSD_PERP,bid,56900,673.03
2024-09-02 08:55:49,BTCUSD_PERP,bid,56900,617.27
2024-09-02 08:55:49,BTCUSD_PERP,bid,56900,561.29
2024-09-02 08:55:49,BTCUSD_PERP,bid,56900,617.08
2024-09-02 08:56:19,BTCUSD_PERP,bid,56900,560.9
2024-09-02 08:56:19,BTCUSD_PERP,bid,56900,617.23
2024-09-02 08:58:33,BTCUSD_PERP,bid,56900,730.02
2024-09-02 08:58:33,BTCUSD_PERP,bid,56800,547.94
2024-09-02 08:58:33,BTCUSD_PERP,bid,56900,786.38
2024-09-02 09:00:01,BTCUSD_PERP,bid,56900,562.65
2024-09-02 09:00:01,BTCUSD_PERP,bid,56800,730.45
2024-09-02 09:02:19,BTCUSD_PERP,bid,56800,674.7
2024-09-02 09:02:19,BTCUSD_PERP,bid,56800,618.37
2024-09-02 09:02:19,BTCUSD_PERP,bid,56800,562.04
2024-09-02 09:06:50,BTCUSD_PERP,bid,57100,619.4
2024-09-02 09:07:32,BTCUSD_PERP,bid,57100,620.54
2024-09-02 09:08:19,BTCUSD_PERP,bid,57100,564.01
2024-09-02 09:08:20,BTCUSD_PERP,bid,57100,563.77
2024-09-02 09:08:20,BTCUSD_PERP,bid,57100,676.31
2024-09-02 09:08:20,BTCUSD_PERP,bid,57100,732.29
2024-09-02 09:08:44,BTCUSD_PERP,bid,57100,675.73
2024-09-02 09:08:45,BTCUSD_PERP,bid,57100,619.17
2024-09-02 09:08:45,BTCUSD_PERP,bid,57100,562.61
2024-09-02 09:08:46,BTCUSD_PERP,bid,57200,563.29
2024-09-02 09:08:46,BTCUSD_PERP,bid,57200,619.92
2024-09-02 09:10:12,BTCUSD_PERP,bid,57000,618.61
2024-09-02 09:10:12,BTCUSD_PERP,bid,57000,675.11
2024-09-02 09:10:47,BTCUSD_PERP,bid,57100,563.59
2024-09-02 09:10:48,BTCUSD_PERP,bid,57100,620.12
2024-09-02 09:10:48,BTCUSD_PERP,bid,57100,676.08
2024-09-02 09:10:48,BTCUSD_PERP,bid,57100,732.61
2024-09-02 09:10:48,BTCUSD_PERP,bid,57100,845.67
2024-09-02 09:10:48,BTCUSD_PERP,bid,57100,957.59
2024-09-02 09:11:01,BTCUSD_PERP,bid,57100,618.98
2024-09-02 09:15:49,BTCUSD_PERP,bid,57000,562.72
2024-09-02 09:16:22,BTCUSD_PERP,bid,57100,562.99
2024-09-02 09:16:22,BTCUSD_PERP,bid,57100,618.94
2024-09-02 09:16:22,BTCUSD_PERP,bid,57100,675.51
2024-09-02 09:16:22,BTCUSD_PERP,bid,57100,732.04
2024-09-02 09:17:22,BTCUSD_PERP,bid,57100,675.51
2024-09-02 09:17:23,BTCUSD_PERP,bid,57100,618.98
2024-09-02 09:17:23,BTCUSD_PERP,bid,57100,562.45
2024-09-02 09:17:24,BTCUSD_PERP,bid,57100,563.96
2024-09-02 09:17:24,BTCUSD_PERP,bid,57100,676.52
2024-09-02 09:17:24,BTCUSD_PERP,bid,57100,732.5
2024-09-02 09:17:24,BTCUSD_PERP,bid,57100,788.49
2024-09-02 09:17:24,BTCUSD_PERP,bid,57100,845.06
2024-09-02 09:18:12,BTCUSD_PERP,bid,57100,788.49
2024-09-02 09:18:13,BTCUSD_PERP,bid,57100,732.5
2024-09-02 09:18:13,BTCUSD_PERP,bid,57100,675.93
2024-09-02 09:18:13,BTCUSD_PERP,bid,57100,563.37
2024-09-02 09:18:13,BTCUSD_PERP,bid,57100,563.04
2024-09-02 09:18:14,BTCUSD_PERP,bid,57100,619.06
2024-09-02 09:18:35,BTCUSD_PERP,bid,47000,2443.38
2024-09-02 09:19:23,BTCUSD_PERP,bid,57100,562.47
2024-09-02 09:19:24,BTCUSD_PERP,bid,57200,620.03
2024-09-02 09:19:24,BTCUSD_PERP,bid,57200,789.34
2024-09-02 09:19:24,BTCUSD_PERP,bid,57200,845.38
2024-09-02 09:19:25,BTCUSD_PERP,bid,57200,901.43
2024-09-02 09:20:24,BTCUSD_PERP,bid,57200,619.44
2024-09-02 09:21:03,BTCUSD_PERP,bid,57100,618.6
