1727050354148,BTCUSDT,bid,62300,1000.157
1727050463355,BTCUSDT,ask,63000,595.532
1727050463456,BTCUSDT,ask,63000,577.016
1727050463557,BTCUSDT,ask,63000,513.089
1727050464264,BTCUSDT,bid,62300,1000.177
1727050465780,BTCUSDT,bid,62300,1000.157
1727050507169,BTCUSDT,bid,62300,1000.798
1727050522502,BTCUSDT,bid,62300,1000.157
1727050584020,BTCUSDT,bid,62300,1000.385
1727050585233,BTCUSDT,bid,62300,1000.157
1727050610280,BTCUSDT,bid,62300,1000.167
1727050616979,BTCUSDT,bid,62300,1000.157
1727050723520,BTCUSDT,bid,61500,775.078
1727050899902,BTCUSDT,bid,62300,1000.429
1727052544719,BTCUSDT,bid,47000,843.304
1727052791635,BTCUSDT,bid,47000,843.237
1727054193797,BTCUSDT,bid,63700,1008.083
1727054194917,BTCUSDT,bid,63700,1008.123
1727054506152,BTCUSDT,ask,63700,696.966
1727054506256,BTCUSDT,ask,63700,681.047
1727054506357,BTCUSDT,ask,63700,631.01
1727054506458,BTCUSDT,ask,63700,606.409
1727054506559,BTCUSDT,ask,63700,600.713
1727054506660,BTCUSDT,ask,63700,543.732
1727054506761,BTCUSDT,ask,63700,508.078
1727054506862,BTCUSDT,ask,63700,484.594
1727054531347,BTCUSDT,ask,63700,860.992
1727054531450,BTCUSDT,ask,63700,848.758
1727054531551,BTCUSDT,ask,63700,848.425
1727054531652,BTCUSDT,ask,63700,848.345
1727054531753,BTCUSDT,ask,63700,848.347
1727054531854,BTCUSDT,ask,63700,848.974
1727054531956,BTCUSDT,ask,63700,849.474
1727054532360,BTCUSDT,ask,63700,849.472
1727054532663,BTCUSDT,ask,63700,848.845
1727054533472,BTCUSDT,ask,63700,849.473
1727054533775,BTCUSDT,ask,63700,850.033
1727054534079,BTCUSDT,ask,63700,849.473
1727054534283,BTCUSDT,ask,63700,849.464
1727054536323,BTCUSDT,ask,63700,848.836
1727054536726,BTCUSDT,ask,63700,848.836
1727054545812,BTCUSDT,ask,63700,849.442
1727054546635,BTCUSDT,ask,63700,848.838
1727054546935,BTCUSDT,ask,63700,849.434
1727054547146,BTCUSDT,ask,63700,849.444
1727054547247,BTCUSDT,ask,63700,849.434
1727054563248,BTCUSDT,ask,63600,755.956
1727054563353,BTCUSDT,ask,63600,730.666
1727054563454,BTCUSDT,ask,63600,685.003
1727054563555,BTCUSDT,ask,63600,633.935
1727054563656,BTCUSDT,ask,63600,624.629
1727054563757,BTCUSDT,ask,63600,594.071
1727054563858,BTCUSDT,ask,63600,591.45
1727054563959,BTCUSDT,ask,63600,588.143
1727054564060,BTCUSDT,ask,63600,589.063
1727054564161,BTCUSDT,ask,63600,588.97
1727054564262,BTCUSDT,ask,63600,589.172
1727054564364,BTCUSDT,ask,63600,586.317
1727054564465,BTCUSDT,ask,63600,586.321
1727054564668,BTCUSDT,ask,63600,585.693
1727054564873,BTCUSDT,ask,63600,585.686
1727054565177,BTCUSDT,ask,63600,585.671
1727054565279,BTCUSDT,ask,63600,585.671
1727054566194,BTCUSDT,ask,63600,585.673
1727054566395,BTCUSDT,ask,63600,585.736
1727054567108,BTCUSDT,ask,63600,585.673
1727054568746,BTCUSDT,ask,63600,585.678
1727054568852,BTCUSDT,ask,63600,585.673
1727055679105,BTCUSDT,bid,47000,842.903
1727056135718,BTCUSDT,ask,64200,508.128
1727056218263,BTCUSDT,ask,64200,508.145
1727056312179,BTCUSDT,ask,64200,508.155
1727056333254,BTCUSDT,ask,64200,508.158
1727056482673,BTCUSDT,ask,64200,508.148
1727060495620,BTCUSDT,bid,47000,842.781
1727060973009,BTCUSDT,ask,64300,543.597
1727060988158,BTCUSDT,ask,64300,543.627
1727060991523,BTCUSDT,ask,64300,543.604
1727060991623,BTCUSDT,ask,64300,543.689
1727060993973,BTCUSDT,ask,64300,543.266
1727060995703,BTCUSDT,ask,64300,543.866
1727060997126,BTCUSDT,ask,64300,543.268
1727060997539,BTCUSDT,ask,64300,543.377
1727060997636,BTCUSDT,ask,64300,542.846
1727060998658,BTCUSDT,ask,64300,542.535
1727061012680,BTCUSDT,ask,64300,542.553
1727061014195,BTCUSDT,ask,64300,542.494
1727061018961,BTCUSDT,ask,64300,542.934
1727061019258,BTCUSDT,ask,64300,543.417
1727061019468,BTCUSDT,ask,64300,542.934
1727061021703,BTCUSDT,ask,64300,542.947
1727061022312,BTCUSDT,ask,64300,542.975
1727061023022,BTCUSDT,ask,64300,543.015
1727061023122,BTCUSDT,ask,64300,543.025
1727061024945,BTCUSDT,ask,64300,543.036
1727061026977,BTCUSDT,ask,64300,543.036
1727061031437,BTCUSDT,ask,64300,543.205
1727061032951,BTCUSDT,ask,64300,543.164
1727061033459,BTCUSDT,ask,64300,544.935
1727061033559,BTCUSDT,ask,64300,544.933
1727061034469,BTCUSDT,ask,64300,544.114
1727061035683,BTCUSDT,ask,64300,544.34
1727061038116,BTCUSDT,ask,64300,544.796
1727061038319,BTCUSDT,ask,64300,544.54
1727061038420,BTCUSDT,ask,64300,544.578
1727061038622,BTCUSDT,ask,64300,544.548
1727061038825,BTCUSDT,ask,64300,544.548
1727061038926,BTCUSDT,ask,64300,545.472
1727061039027,BTCUSDT,ask,64300,544.548
1727061039128,BTCUSDT,ask,64300,544.571
1727061039735,BTCUSDT,ask,64300,544.591
1727061040342,BTCUSDT,ask,64300,544.932
1727061040544,BTCUSDT,ask,64300,544.932
1727061040951,BTCUSDT,ask,64300,521.763
1727061041052,BTCUSDT,ask,64300,511.644
1727061041153,BTCUSDT,ask,64300,511.344
1727061042172,BTCUSDT,ask,64300,511.348
1727061042475,BTCUSDT,ask,64300,510.848
1727061042880,BTCUSDT,ask,64300,511.001
1727061042982,BTCUSDT,ask,64300,510.99
1727061043082,BTCUSDT,ask,64300,510.98
1727061043691,BTCUSDT,ask,64300,510.983
1727061045211,BTCUSDT,ask,64300,510.987
1727061046126,BTCUSDT,ask,64300,510.987
1727061047041,BTCUSDT,ask,64300,511.004
1727061047248,BTCUSDT,ask,64300,510.987
1727061047753,BTCUSDT,ask,64300,511.007
1727061048056,BTCUSDT,ask,64300,511.009
1727061048460,BTCUSDT,ask,64300,496.045
1727061048561,BTCUSDT,ask,64300,496.767
1727061048662,BTCUSDT,ask,64300,493.877
1727061048762,BTCUSDT,ask,64300,492.13
1727061048865,BTCUSDT,ask,64300,489.759
1727061415485,BTCUSDT,bid,47000,842.753
1727061534059,BTCUSDT,bid,47000,842.647
1727061681628,BTCUSDT,bid,47000,842.641
1727061728548,BTCUSDT,bid,47000,841.989
1727061958170,BTCUSDT,bid,47000,841.971
1727062787605,BTCUSDT,bid,47000,841.958
1727063104605,BTCUSDT,bid,47000,841.916
1727064145369,BTCUSDT,bid,47000,841.913
1727068200882,BTCUSDT,ask,63700,486.565
1727069635633,BTCUSDT,bid,47000,841.917
1727070623912,BTCUSDT,bid,47000,841.896
1727071105403,BTCUSDT,bid,63600,753.326
1727071105505,BTCUSDT,bid,63600,753.287
1727071105814,BTCUSDT,bid,63600,752.987
1727071107765,BTCUSDT,bid,63600,753.026
1727071108302,BTCUSDT,bid,63600,753.065
1727071113765,BTCUSDT,bid,63600,752.873
1727071115915,BTCUSDT,bid,63600,752.876
1727071120145,BTCUSDT,bid,63600,752.874
1727071128275,BTCUSDT,bid,63600,752.223
1727071137939,BTCUSDT,bid,63600,752.22
1727071160336,BTCUSDT,bid,63600,752.225
1727071163932,BTCUSDT,bid,63600,752.228
1727071184838,BTCUSDT,bid,63600,752.278
1727071195775,BTCUSDT,bid,63600,752.294
1727071197216,BTCUSDT,bid,63600,751.885
1727071205834,BTCUSDT,bid,63600,751.869
1727071206035,BTCUSDT,bid,63600,751.871
1727071206241,BTCUSDT,bid,63600,751.869
1727071209509,BTCUSDT,bid,63600,751.871
1727071214932,BTCUSDT,bid,63600,751.985
1727071215232,BTCUSDT,bid,63600,753.262
1727071215341,BTCUSDT,bid,63600,753.312
1727071216762,BTCUSDT,bid,63600,753.5
1727071218513,BTCUSDT,bid,63600,753.45
1727071218818,BTCUSDT,bid,63600,753.4
1727071218917,BTCUSDT,bid,63600,753.45
1727071220662,BTCUSDT,bid,63600,753.4
1727071222804,BTCUSDT,bid,63600,753.402
1727071225575,BTCUSDT,bid,63600,753.452
1727071227312,BTCUSDT,bid,63600,753.264
1727071228545,BTCUSDT,bid,63600,753.214
1727071228646,BTCUSDT,bid,63600,753.214
1727071229673,BTCUSDT,bid,63600,753.212
1727071231213,BTCUSDT,bid,63600,753.143
1727071231315,BTCUSDT,bid,63600,753.188
1727071232137,BTCUSDT,bid,63600,751.861
1727071232853,BTCUSDT,bid,63600,752.613
1727071232954,BTCUSDT,bid,63600,752.653
1727071233473,BTCUSDT,bid,63600,752.613
1727071244490,BTCUSDT,bid,63600,752.615
1727071245102,BTCUSDT,bid,63600,752.286
1727071246327,BTCUSDT,bid,63600,752.284
1727071247551,BTCUSDT,bid,63600,752.384
1727071248873,BTCUSDT,bid,63600,752.364
1727071250705,BTCUSDT,bid,63600,752.397
1727071250905,BTCUSDT,bid,63600,752.697
1727071254710,BTCUSDT,bid,63600,752.717
1727071254811,BTCUSDT,bid,63600,752.697
1727071257599,BTCUSDT,bid,63600,752.148
1727071260912,BTCUSDT,bid,63600,752.109
1727071261320,BTCUSDT,bid,63600,752.159
1727071262754,BTCUSDT,bid,63600,752.109
1727071267657,BTCUSDT,bid,63600,752.476
1727071273521,BTCUSDT,bid,63600,752.532
1727071276064,BTCUSDT,bid,63600,752.533
1727071276588,BTCUSDT,bid,63600,752.542
1727071280818,BTCUSDT,bid,63600,752.551
1727071282142,BTCUSDT,bid,63600,752.184
1727071286547,BTCUSDT,bid,63600,752.234
1727071290523,BTCUSDT,bid,63600,752.323
1727071293278,BTCUSDT,bid,63600,752.373
1727071293379,BTCUSDT,bid,63600,753.353
1727071296974,BTCUSDT,bid,63600,753.359
1727071300649,BTCUSDT,bid,63600,753.361
1727071318971,BTCUSDT,bid,63600,753.358
1727071326140,BTCUSDT,bid,63600,753.343
1727071329405,BTCUSDT,bid,63600,753.704
1727071329921,BTCUSDT,bid,63600,753.703
1727071340083,BTCUSDT,bid,63600,753.71
1727071345335,BTCUSDT,bid,63600,753.66
1727071345536,BTCUSDT,bid,63600,753.71
1727071349130,BTCUSDT,bid,63600,753.61
1727071351292,BTCUSDT,bid,63600,753.61
1727071357111,BTCUSDT,bid,63600,753.65
1727071357726,BTCUSDT,bid,63600,753.61
1727071372527,BTCUSDT,bid,63600,753.613
1727071372954,BTCUSDT,bid,63600,753.563
1727071391020,BTCUSDT,bid,63600,753.507
1727071399224,BTCUSDT,bid,63600,753.505
1727071400951,BTCUSDT,bid,63600,752.525
1727071421933,BTCUSDT,bid,63600,752.562
1727071423476,BTCUSDT,bid,63600,752.578
1727071428122,BTCUSDT,bid,63600,752.576
1727071431531,BTCUSDT,bid,63600,752.56
1727071434099,BTCUSDT,bid,63600,752.067
1727071435851,BTCUSDT,bid,63600,752.069
1727071437701,BTCUSDT,bid,63600,752.078
1727071441874,BTCUSDT,bid,63600,752.069
1727071446607,BTCUSDT,bid,63600,752.058
1727071448749,BTCUSDT,bid,63600,752.06
1727071462479,BTCUSDT,bid,63600,752.067
1727071486233,BTCUSDT,bid,63600,752.065
1727071495306,BTCUSDT,bid,63600,751.715
1727071496435,BTCUSDT,bid,63600,751.717
1727071502943,BTCUSDT,bid,63600,751.719
1727071506863,BTCUSDT,bid,63600,751.717
1727071512107,BTCUSDT,bid,63600,751.719
1727071514362,BTCUSDT,bid,63600,751.717
1727071526062,BTCUSDT,bid,63600,751.667
1727071528740,BTCUSDT,bid,63600,751.63
1727071533156,BTCUSDT,bid,63600,751.632
1727071544904,BTCUSDT,bid,63600,751.532
1727071555202,BTCUSDT,bid,63600,751.582
1727071575062,BTCUSDT,bid,63600,751.532
1727071575368,BTCUSDT,bid,63600,751.582
1727071584857,BTCUSDT,bid,63600,751.584
1727071585464,BTCUSDT,bid,63600,751.608
1727071586799,BTCUSDT,bid,63600,751.617
1727071594404,BTCUSDT,bid,63600,751.627
1727071609421,BTCUSDT,bid,63600,751.625
1727072057755,BTCUSDT,bid,47000,841.684
1727049602604,BTCUSD_PERP,bid,63000,497.82
1727049659050,BTCUSD_PERP,ask,64200,472.97
1727049760440,BTCUSD_PERP,bid,62900,620.1
1727049760629,BTCUSD_PERP,bid,62900,682.43
1727049809231,BTCUSD_PERP,bid,60000,632.67
1727049837435,BTCUSD_PERP,bid,60000,632.66
1727049850342,BTCUSD_PERP,bid,60000,632.65
1727049932240,BTCUSD_PERP,bid,62800,557.82
1727049932343,BTCUSD_PERP,bid,62800,620.08
1727049966158,BTCUSD_PERP,bid,62800,619.1
1727049966257,BTCUSD_PERP,bid,62800,681.33
1727050018107,BTCUSD_PERP,bid,62800,494.96
1727050018209,BTCUSD_PERP,bid,62800,557.15
1727050077244,BTCUSD_PERP,bid,62700,618.47
1727050077451,BTCUSD_PERP,bid,62700,680.62
1727050078266,BTCUSD_PERP,bid,62700,499.91
1727050095727,BTCUSD_PERP,bid,62000,1134.29
1727050128734,BTCUSD_PERP,bid,62700,515.59
1727050142719,BTCUSD_PERP,bid,62600,619.68
1727050143036,BTCUSD_PERP,bid,62600,493.8
1727050146200,BTCUSD_PERP,bid,62600,558.27
1727050146302,BTCUSD_PERP,bid,62600,496.23
1727050146805,BTCUSD_PERP,ask,64400,1134.29
1727050147529,BTCUSD_PERP,bid,62700,495.38
1727050147641,BTCUSD_PERP,bid,62700,557.36
1727050148047,BTCUSD_PERP,bid,62700,619.44
1727050148156,BTCUSD_PERP,bid,62700,680.89
1727050166539,BTCUSD_PERP,bid,62700,494.65
1727050166539,BTCUSD_PERP,bid,62700,495.04
1727050166643,BTCUSD_PERP,bid,62700,557.16
1727050166743,BTCUSD_PERP,bid,62700,804.36
1727050166845,BTCUSD_PERP,bid,62600,495.3
1727050166845,BTCUSD_PERP,bid,62700,866.37
1727050166943,BTCUSD_PERP,bid,62600,557.34
1727050166943,BTCUSD_PERP,bid,62700,927.85
1727050167045,BTCUSD_PERP,bid,62700,989.97
1727050200647,BTCUSD_PERP,bid,62600,495.74
1727050200746,BTCUSD_PERP,bid,62700,742.13
1727050200849,BTCUSD_PERP,bid,62700,680.12
1727050200946,BTCUSD_PERP,bid,62700,927.32
1727050201052,BTCUSD_PERP,bid,62600,541.58
1727050201052,BTCUSD_PERP,bid,62700,1112.93
1727050201153,BTCUSD_PERP,bid,62600,603.56
1727050223436,BTCUSD_PERP,bid,62600,495.69
1727050223536,BTCUSD_PERP,bid,62600,541.23
1727050223536,BTCUSD_PERP,bid,62600,1112.21
1727050223638,BTCUSD_PERP,bid,62600,1174.25
1727050223736,BTCUSD_PERP,bid,62600,603.17
1727050227392,BTCUSD_PERP,bid,61900,1151.45
1727050228407,BTCUSD_PERP,bid,62600,541.19
1727050228407,BTCUSD_PERP,bid,62600,927.35
1727050228618,BTCUSD_PERP,bid,62600,741.86
1727050228720,BTCUSD_PERP,bid,62600,679.92
1727050228824,BTCUSD_PERP,bid,62600,556.47
1727050229025,BTCUSD_PERP,bid,62700,556.05
1727050229129,BTCUSD_PERP,bid,62700,618.13
1727050229231,BTCUSD_PERP,bid,62700,680.21
1727050229329,BTCUSD_PERP,bid,62700,741.65
1727050229536,BTCUSD_PERP,bid,62700,865.81
1727050229734,BTCUSD_PERP,bid,62600,541.47
1727050229977,BTCUSD_PERP,bid,62700,927.25
1727050230199,BTCUSD_PERP,bid,62700,989.33
1727050269823,BTCUSD_PERP,ask,64400,1134.29
1727050296804,BTCUSD_PERP,bid,62600,479.91
1727050296804,BTCUSD_PERP,bid,62700,927.89
1727050296907,BTCUSD_PERP,bid,62700,865.81
1727050297009,BTCUSD_PERP,bid,62700,803.73
1727050297112,BTCUSD_PERP,bid,62700,742.29
1727050297313,BTCUSD_PERP,bid,62700,618.77
1727050297419,BTCUSD_PERP,bid,62700,556.8
1727050297624,BTCUSD_PERP,bid,62700,495.36
1727050297719,BTCUSD_PERP,bid,62700,556.43
1727050297822,BTCUSD_PERP,bid,62700,618.54
1727050297915,BTCUSD_PERP,bid,62700,680.65
1727050298014,BTCUSD_PERP,bid,62700,742.76
1727050298112,BTCUSD_PERP,bid,62700,804.87
1727050298232,BTCUSD_PERP,bid,62700,928.46
1727050444515,BTCUSD_PERP,bid,62700,681.28
1727050444616,BTCUSD_PERP,bid,62700,803.78
1727050444718,BTCUSD_PERP,bid,62700,927.94
1727050454325,BTCUSD_PERP,bid,62700,741.7
1727050474376,BTCUSD_PERP,bid,62500,494.08
1727050514353,BTCUSD_PERP,bid,62500,493.84
1727050522509,BTCUSD_PERP,bid,62400,633.3
1727050522815,BTCUSD_PERP,bid,62400,695.1
1727050526924,BTCUSD_PERP,bid,62300,552.67
1727050527280,BTCUSD_PERP,bid,62300,614.42
1727050529700,BTCUSD_PERP,bid,62300,800.69
1727050530003,BTCUSD_PERP,bid,62300,862.41
1727050530732,BTCUSD_PERP,ask,63600,526.29
1727050534404,BTCUSD_PERP,bid,62300,678.62
1727050534505,BTCUSD_PERP,bid,62300,555.81
1727050536322,BTCUSD_PERP,ask,63600,520.0
1727050537748,BTCUSD_PERP,bid,62300,555.7
1727050538051,BTCUSD_PERP,bid,62300,617.42
1727050542639,BTCUSD_PERP,bid,62300,553.21
1727050543045,BTCUSD_PERP,bid,62300,614.9
1727050543655,BTCUSD_PERP,ask,63500,503.39
1727050547835,BTCUSD_PERP,bid,62200,553.5
1727050547935,BTCUSD_PERP,bid,62200,614.51
1727050554312,BTCUSD_PERP,ask,63500,502.84
1727050564061,BTCUSD_PERP,bid,62200,492.78
1727050580080,BTCUSD_PERP,bid,62200,736.29
1727050580377,BTCUSD_PERP,bid,62200,797.91
1727050582022,BTCUSD_PERP,bid,62200,613.28
1727050582122,BTCUSD_PERP,bid,62200,1043.15
1727050582324,BTCUSD_PERP,bid,62200,1104.74
1727050585000,BTCUSD_PERP,bid,62100,536.96
1727050585000,BTCUSD_PERP,bid,62100,737.51
1727050585101,BTCUSD_PERP,bid,62100,1105.55
1727050585404,BTCUSD_PERP,bid,62100,598.41
1727050585404,BTCUSD_PERP,bid,62100,1167.1
1727050585696,BTCUSD_PERP,bid,62100,675.96
1727050585805,BTCUSD_PERP,bid,62100,490.9
1727050604916,BTCUSD_PERP,bid,62100,563.31
1727050623713,BTCUSD_PERP,bid,60000,632.76
1727050632735,BTCUSD_PERP,bid,62100,552.87
1727050636083,BTCUSD_PERP,bid,62100,489.09
1727050636386,BTCUSD_PERP,bid,62100,550.62
1727050651934,BTCUSD_PERP,bid,62200,491.11
1727050652032,BTCUSD_PERP,bid,62200,614.29
1727050652240,BTCUSD_PERP,bid,62200,798.34
1727050653247,BTCUSD_PERP,bid,62200,859.93
1727050656486,BTCUSD_PERP,bid,62200,798.44
1727050656591,BTCUSD_PERP,bid,62200,675.88
1727050657502,BTCUSD_PERP,bid,62200,614.29
1727050657805,BTCUSD_PERP,bid,62200,553.32
1727050673614,BTCUSD_PERP,bid,60000,632.65
1727050701463,BTCUSD_PERP,bid,62200,491.49
1727050701559,BTCUSD_PERP,bid,62200,552.52
1727050701665,BTCUSD_PERP,bid,62200,614.09
1727050701776,BTCUSD_PERP,bid,62200,675.76
1727050704647,BTCUSD_PERP,bid,62200,553.7
1727050706769,BTCUSD_PERP,bid,62200,492.03
1727050706871,BTCUSD_PERP,bid,62200,614.09
1727050707071,BTCUSD_PERP,bid,62200,736.79
1727050707279,BTCUSD_PERP,bid,62200,798.46
1727050719900,BTCUSD_PERP,bid,62200,492.03
1727050723440,BTCUSD_PERP,bid,61600,1949.51
1727050734234,BTCUSD_PERP,bid,62400,496.41
1727050735037,BTCUSD_PERP,bid,62400,491.09
1727050735248,BTCUSD_PERP,bid,62400,552.24
1727050748727,BTCUSD_PERP,bid,62300,538.63
1727050748727,BTCUSD_PERP,bid,62300,983.36
1727050748936,BTCUSD_PERP,bid,62300,600.27
1727050748936,BTCUSD_PERP,bid,62300,1045.1
1727050756437,BTCUSD_PERP,bid,62300,983.36
1727050756538,BTCUSD_PERP,bid,62300,538.6
1727050756538,BTCUSD_PERP,bid,62300,861.14
1727050756639,BTCUSD_PERP,bid,62300,800.03
1727050756737,BTCUSD_PERP,bid,62300,738.29
1727050756837,BTCUSD_PERP,bid,62300,614.81
1727050757043,BTCUSD_PERP,bid,62300,491.16
1727050757043,BTCUSD_PERP,bid,62300,553.7
1727050757145,BTCUSD_PERP,bid,62300,491.96
1727050757246,BTCUSD_PERP,bid,62300,552.87
1727050757448,BTCUSD_PERP,bid,62300,614.58
1727050757554,BTCUSD_PERP,bid,62300,921.87
1727050761420,BTCUSD_PERP,bid,62300,860.79
1727050761526,BTCUSD_PERP,bid,62300,799.08
1727050761733,BTCUSD_PERP,bid,62300,675.66
1727050761831,BTCUSD_PERP,bid,62300,676.87
1727050762143,BTCUSD_PERP,bid,62200,538.09
1727050762341,BTCUSD_PERP,bid,62300,738.55
1727050771367,BTCUSD_PERP,bid,62300,677.5
1727050771470,BTCUSD_PERP,bid,62300,616.45
1727050771673,BTCUSD_PERP,bid,62300,554.77
1727050829765,BTCUSD_PERP,bid,62300,492.32
1727050829885,BTCUSD_PERP,bid,62300,615.74
1727050830205,BTCUSD_PERP,bid,62300,737.9
1727050833960,BTCUSD_PERP,bid,62300,676.82
1727050834170,BTCUSD_PERP,bid,62300,491.69
1727050841184,BTCUSD_PERP,bid,62400,492.43
1727050854734,BTCUSD_PERP,bid,62300,538.71
1727050854734,BTCUSD_PERP,bid,62300,738.48
1727050854834,BTCUSD_PERP,bid,62300,600.36
1727050863168,BTCUSD_PERP,bid,62300,538.68
1727050863475,BTCUSD_PERP,bid,62300,676.73
1727050863580,BTCUSD_PERP,bid,62300,614.98
1727050863986,BTCUSD_PERP,bid,62300,553.23
1727050864794,BTCUSD_PERP,bid,62400,553.59
1727050865003,BTCUSD_PERP,bid,62400,615.38
1727050870398,BTCUSD_PERP,bid,62400,554.22
1727050870704,BTCUSD_PERP,bid,62400,492.65
1727050870806,BTCUSD_PERP,bid,62400,554.47
1727050870906,BTCUSD_PERP,bid,62400,616.29
1727050881815,BTCUSD_PERP,bid,60000,632.63
1727050882231,BTCUSD_PERP,bid,60000,632.62
1727050885281,BTCUSD_PERP,bid,62400,493.29
1727050907854,BTCUSD_PERP,bid,62400,492.83
1727050910437,BTCUSD_PERP,ask,63700,510.8
1727050910537,BTCUSD_PERP,ask,63700,520.98
1727050913304,BTCUSD_PERP,bid,60000,632.63
1727050920635,BTCUSD_PERP,bid,62300,491.4
1727050983713,BTCUSD_PERP,bid,62500,495.48
1727050984121,BTCUSD_PERP,bid,62500,557.38
1727051009175,BTCUSD_PERP,bid,62500,495.48
1727051040984,BTCUSD_PERP,bid,62500,493.63
1727051041087,BTCUSD_PERP,bid,62500,555.57
1727051082788,BTCUSD_PERP,bid,60000,632.62
1727051119923,BTCUSD_PERP,bid,60000,623.81
1727051133727,BTCUSD_PERP,bid,62500,555.55
1727051133829,BTCUSD_PERP,bid,62500,679.45
1727051145574,BTCUSD_PERP,bid,62500,617.5
1727051145670,BTCUSD_PERP,bid,62500,555.66
1727051145780,BTCUSD_PERP,bid,62500,493.71
1727051434877,BTCUSD_PERP,bid,62600,555.88
1727051451704,BTCUSD_PERP,bid,62500,494.24
1727051451805,BTCUSD_PERP,bid,62500,678.2
1727051489854,BTCUSD_PERP,bid,62500,616.88
1727051492854,BTCUSD_PERP,bid,62600,678.63
1727051537466,BTCUSD_PERP,bid,62600,555.91
1727051542140,BTCUSD_PERP,bid,62600,493.92
1727051542246,BTCUSD_PERP,bid,62600,555.34
1727051542650,BTCUSD_PERP,bid,62600,617.4
1727051542755,BTCUSD_PERP,bid,62600,679.46
1727051542958,BTCUSD_PERP,bid,62600,741.52
1727051543164,BTCUSD_PERP,bid,62600,803.58
1727051545943,BTCUSD_PERP,ask,63900,481.13
1727051546242,BTCUSD_PERP,ask,63900,544.42
1727051547052,BTCUSD_PERP,bid,62600,679.46
1727051547152,BTCUSD_PERP,bid,62600,617.4
1727051547353,BTCUSD_PERP,bid,62600,555.34
1727051547752,BTCUSD_PERP,bid,62600,493.92
1727051548671,BTCUSD_PERP,bid,62700,494.21
1727051548876,BTCUSD_PERP,bid,62700,555.67
1727051559172,BTCUSD_PERP,bid,62700,493.58
1727051666270,BTCUSD_PERP,bid,62700,556.98
1727051721593,BTCUSD_PERP,bid,62700,557.25
1727051724054,BTCUSD_PERP,bid,62700,495.81
1727051823403,BTCUSD_PERP,bid,62800,495.63
1727051823504,BTCUSD_PERP,bid,62800,620.01
1727051823609,BTCUSD_PERP,bid,62800,682.2
1727051835582,BTCUSD_PERP,bid,62800,558.45
1727051835684,BTCUSD_PERP,bid,62800,496.26
1727051858896,BTCUSD_PERP,bid,62800,743.76
1727051859005,BTCUSD_PERP,bid,62800,805.95
1727051859107,BTCUSD_PERP,bid,62800,868.14
1727051859107,BTCUSD_PERP,ask,64000,477.14
1727051875394,BTCUSD_PERP,bid,62800,805.95
1727051875495,BTCUSD_PERP,ask,64000,475.2
1727051875597,BTCUSD_PERP,bid,62800,744.39
1727051875697,BTCUSD_PERP,bid,62800,682.2
1727051876091,BTCUSD_PERP,bid,62800,620.01
1727051876298,BTCUSD_PERP,bid,62800,557.82
1727051876501,BTCUSD_PERP,bid,62800,496.26
1727051877417,BTCUSD_PERP,bid,62800,496.58
1727051888805,BTCUSD_PERP,bid,62800,496.34
1727051899094,BTCUSD_PERP,bid,62800,558.18
1727051989320,BTCUSD_PERP,ask,64000,470.62
1727052003822,BTCUSD_PERP,bid,62700,495.24
1727052011604,BTCUSD_PERP,bid,62700,496.46
1727052012020,BTCUSD_PERP,ask,63900,477.01
1727052049296,BTCUSD_PERP,ask,63900,470.68
1727052066196,BTCUSD_PERP,bid,62700,495.15
1727052066295,BTCUSD_PERP,bid,62700,618.78
1727052300686,BTCUSD_PERP,bid,62700,557.28
1727052301104,BTCUSD_PERP,bid,62700,480.26
1727052344289,BTCUSD_PERP,ask,64000,547.43
1727052345904,BTCUSD_PERP,bid,62700,481.3
1727052353304,BTCUSD_PERP,ask,64000,541.09
1727052361092,BTCUSD_PERP,ask,64000,534.75
1727052382920,BTCUSD_PERP,ask,64000,528.34
1727052384005,BTCUSD_PERP,ask,64000,538.57
1727052385230,BTCUSD_PERP,ask,64000,544.96
1727052396961,BTCUSD_PERP,ask,64000,481.55
1727052398806,BTCUSD_PERP,ask,64000,507.48
1727052399867,BTCUSD_PERP,ask,64000,528.6
1727052404064,BTCUSD_PERP,bid,62800,496.48
1727052404162,BTCUSD_PERP,bid,62800,558.7
1727052404365,BTCUSD_PERP,bid,62800,620.92
1727052426312,BTCUSD_PERP,bid,62800,558.7
1727052426413,BTCUSD_PERP,bid,62800,497.12
1727052426413,BTCUSD_PERP,ask,64100,507.72
1727052429061,BTCUSD_PERP,bid,62800,496.88
1727052478066,BTCUSD_PERP,bid,62900,558.26
1727052478171,BTCUSD_PERP,bid,62900,622.13
1727052527682,BTCUSD_PERP,bid,62900,559.81
1727052527791,BTCUSD_PERP,bid,62900,497.49
1727052527990,BTCUSD_PERP,bid,62900,495.65
1727052528094,BTCUSD_PERP,bid,62900,807.1
1727052569962,BTCUSD_PERP,bid,62900,558.58
1727052570178,BTCUSD_PERP,bid,62900,495.97
1727052570264,BTCUSD_PERP,bid,62900,557.66
1727052570483,BTCUSD_PERP,bid,62900,619.99
1727052570582,BTCUSD_PERP,bid,62900,744.01
1727052570691,BTCUSD_PERP,bid,62900,868.67
1727052571103,BTCUSD_PERP,bid,62900,931.0
1727052571313,BTCUSD_PERP,bid,62900,931.15
1727052702202,BTCUSD_PERP,bid,62900,869.46
1727052702305,BTCUSD_PERP,bid,62900,807.13
1727052702601,BTCUSD_PERP,bid,62900,682.58
1727052702805,BTCUSD_PERP,bid,62900,620.25
1727052702905,BTCUSD_PERP,bid,62900,496.23
1727052703007,BTCUSD_PERP,bid,62900,496.33
1727052703112,BTCUSD_PERP,bid,62900,558.62
1727052717106,BTCUSD_PERP,bid,62900,496.77
1727052719682,BTCUSD_PERP,bid,62900,514.38
1727052726484,BTCUSD_PERP,bid,62900,558.98
1727052729007,BTCUSD_PERP,bid,63000,500.64
1727052729115,BTCUSD_PERP,bid,63000,563.07
1727052730059,BTCUSD_PERP,bid,63000,566.7
1727052744607,BTCUSD_PERP,bid,63000,504.91
1727052745922,BTCUSD_PERP,bid,63100,498.61
1727052746233,BTCUSD_PERP,bid,63100,561.11
1727052774138,BTCUSD_PERP,ask,64400,494.16
1727052922695,BTCUSD_PERP,bid,63100,560.49
1727052939772,BTCUSD_PERP,bid,63100,498.88
1727052940293,BTCUSD_PERP,bid,63000,484.49
1727052940394,BTCUSD_PERP,bid,63100,560.76
1727052940499,BTCUSD_PERP,bid,63100,623.28
1727052962381,BTCUSD_PERP,bid,63100,560.76
1727053014471,BTCUSD_PERP,bid,60000,623.82
1727053239608,BTCUSD_PERP,ask,64200,473.37
1727053243443,BTCUSD_PERP,ask,64200,467.01
1727053298991,BTCUSD_PERP,bid,63000,497.44
1727053299706,BTCUSD_PERP,ask,64300,547.36
1727053322292,BTCUSD_PERP,ask,64300,526.35
1727053325308,BTCUSD_PERP,ask,64300,509.61
1727053325819,BTCUSD_PERP,bid,63100,497.73
1727053325936,BTCUSD_PERP,bid,63100,559.56
1727053343584,BTCUSD_PERP,bid,63000,497.49
1727053347268,BTCUSD_PERP,ask,64200,509.16
1727053361704,BTCUSD_PERP,bid,62900,482.5
1727053361704,BTCUSD_PERP,bid,63000,683.74
1727053361804,BTCUSD_PERP,bid,62900,544.8
1727053361804,BTCUSD_PERP,bid,63000,746.14
1727053369819,BTCUSD_PERP,ask,64200,529.91
1727053382453,BTCUSD_PERP,bid,62900,482.46
1727053382560,BTCUSD_PERP,bid,62900,482.25
1727053382560,BTCUSD_PERP,bid,63000,513.8
1727053382644,BTCUSD_PERP,bid,63000,700.91
1727053382763,BTCUSD_PERP,bid,62900,544.52
1727053382763,BTCUSD_PERP,bid,63000,763.28
1727053384410,BTCUSD_PERP,ask,64200,508.92
1727053403618,BTCUSD_PERP,bid,63000,700.91
1727053403715,BTCUSD_PERP,bid,63000,576.81
1727053404225,BTCUSD_PERP,bid,63000,514.43
1727053404326,BTCUSD_PERP,bid,63000,561.21
1727053404423,BTCUSD_PERP,bid,63000,498.95
1727053404734,BTCUSD_PERP,bid,63000,498.49
1727053404734,BTCUSD_PERP,bid,63000,561.77
1727053404839,BTCUSD_PERP,bid,63000,499.13
1727053404839,BTCUSD_PERP,bid,63000,623.56
1727053405045,BTCUSD_PERP,bid,63000,623.25
1727053405143,BTCUSD_PERP,bid,63000,561.52
1727053405143,BTCUSD_PERP,bid,63000,747.14
1727053405247,BTCUSD_PERP,bid,63000,933.15
1727053405335,BTCUSD_PERP,bid,63000,994.94
1727053405427,BTCUSD_PERP,bid,63000,499.75
1727053405530,BTCUSD_PERP,bid,63000,1057.37
1727053425025,BTCUSD_PERP,bid,63000,933.15
1727053425329,BTCUSD_PERP,bid,63000,870.82
1727053425527,BTCUSD_PERP,bid,63000,745.96
1727053425625,BTCUSD_PERP,bid,63000,683.53
1727053425729,BTCUSD_PERP,bid,63000,621.1
1727053425936,BTCUSD_PERP,bid,63000,558.67
1727053426043,BTCUSD_PERP,bid,63100,561.68
1727053426251,BTCUSD_PERP,bid,63000,483.21
1727053426251,BTCUSD_PERP,bid,63100,641.01
1727053426354,BTCUSD_PERP,bid,63100,715.03
1727053426461,BTCUSD_PERP,bid,63000,545.0
1727053426565,BTCUSD_PERP,bid,63000,607.38
1727053426565,BTCUSD_PERP,bid,63100,777.51
1727053456912,BTCUSD_PERP,bid,63100,653.19
1727053457004,BTCUSD_PERP,bid,63000,482.33
1727053457004,BTCUSD_PERP,bid,63000,870.85
1727053457215,BTCUSD_PERP,bid,63000,544.67
1727053467690,BTCUSD_PERP,bid,63000,482.33
1727053467690,BTCUSD_PERP,bid,63000,684.17
1727053467785,BTCUSD_PERP,bid,63000,622.37
1727053467995,BTCUSD_PERP,bid,63000,560.04
1727053468196,BTCUSD_PERP,bid,63000,497.6
1727053468304,BTCUSD_PERP,bid,63100,499.03
1727053469007,BTCUSD_PERP,bid,63100,497.92
1727053478827,BTCUSD_PERP,bid,63100,498.07
1727053527109,BTCUSD_PERP,bid,63000,809.69
1727053527213,BTCUSD_PERP,bid,63000,501.29
1727053527213,BTCUSD_PERP,bid,63000,1119.97
1727053527310,BTCUSD_PERP,bid,63000,563.62
1727053527310,BTCUSD_PERP,bid,63000,1182.41
1727053541120,BTCUSD_PERP,bid,63000,870.96
1727053541219,BTCUSD_PERP,bid,63100,870.13
1727053541319,BTCUSD_PERP,bid,63000,498.21
1727053541319,BTCUSD_PERP,bid,63100,931.97
1727053541416,BTCUSD_PERP,bid,63100,994.45
1727053542259,BTCUSD_PERP,bid,63100,996.02
1727053569043,BTCUSD_PERP,bid,63100,746.85
1727053569242,BTCUSD_PERP,bid,63100,684.37
1727053569347,BTCUSD_PERP,bid,63100,622.53
1727053569452,BTCUSD_PERP,bid,63100,560.05
1727053569651,BTCUSD_PERP,bid,63100,497.57
1727053569651,BTCUSD_PERP,bid,63100,498.69
1727053569751,BTCUSD_PERP,bid,63000,560.61
1727053569956,BTCUSD_PERP,bid,63000,498.19
1727053581818,BTCUSD_PERP,bid,63100,560.28
1727053581922,BTCUSD_PERP,bid,63100,622.83
1727053582020,BTCUSD_PERP,bid,63100,685.38
1727053582124,BTCUSD_PERP,bid,63100,747.93
1727053582222,BTCUSD_PERP,bid,63100,934.94
1727053582559,BTCUSD_PERP,bid,63100,997.49
1727053582666,BTCUSD_PERP,bid,63100,1060.04
1727053600499,BTCUSD_PERP,bid,63100,998.13
1727053600605,BTCUSD_PERP,bid,63100,936.22
1727053600806,BTCUSD_PERP,bid,63100,873.67
1727053600919,BTCUSD_PERP,bid,63100,749.21
1727053601019,BTCUSD_PERP,bid,63100,624.22
1727053601121,BTCUSD_PERP,bid,63200,498.05
1727053601221,BTCUSD_PERP,bid,63200,747.77
1727053601423,BTCUSD_PERP,bid,63200,810.36
1727053601627,BTCUSD_PERP,bid,63200,885.15
1727053601726,BTCUSD_PERP,bid,63200,947.74
1727053601825,BTCUSD_PERP,bid,63200,1010.33
1727053601927,BTCUSD_PERP,bid,63200,1072.28
1727053605013,BTCUSD_PERP,ask,64400,484.43
1727053629548,BTCUSD_PERP,bid,63200,1009.69
1727053629747,BTCUSD_PERP,bid,63200,947.1
1727053630054,BTCUSD_PERP,bid,63200,885.15
1727053630358,BTCUSD_PERP,bid,63200,823.2
1727053630558,BTCUSD_PERP,bid,63200,761.25
1727053630659,BTCUSD_PERP,bid,63200,698.66
1727053630760,BTCUSD_PERP,bid,63200,636.71
1727053630760,BTCUSD_PERP,bid,63200,497.84
1727053630860,BTCUSD_PERP,bid,63200,684.45
1727053630962,BTCUSD_PERP,bid,63200,746.44
1727053636772,BTCUSD_PERP,bid,63200,622.46
1727053636872,BTCUSD_PERP,ask,64500,488.78
1727053636975,BTCUSD_PERP,bid,63200,560.47
1727053637172,BTCUSD_PERP,bid,63200,497.84
1727053637371,BTCUSD_PERP,bid,63300,497.59
1727053637472,BTCUSD_PERP,bid,63300,622.27
1727053637581,BTCUSD_PERP,bid,63300,684.93
1727053642054,BTCUSD_PERP,ask,64500,478.56
1727053645839,BTCUSD_PERP,ask,64500,468.34
1727053648504,BTCUSD_PERP,bid,63300,624.03
1727053648709,BTCUSD_PERP,bid,63300,627.66
1727053649114,BTCUSD_PERP,bid,63300,690.33
1727053651253,BTCUSD_PERP,bid,63300,627.66
1727053651760,BTCUSD_PERP,bid,63300,502.96
1727053652467,BTCUSD_PERP,bid,63300,498.41
1727053666421,BTCUSD_PERP,ask,64600,475.25
1727053668056,BTCUSD_PERP,bid,63300,501.17
1727053692213,BTCUSD_PERP,bid,63300,499.04
1727053692317,BTCUSD_PERP,bid,63200,500.02
1727053692317,BTCUSD_PERP,bid,63300,811.8
1727053692411,BTCUSD_PERP,bid,63300,874.5
1727053696712,BTCUSD_PERP,ask,64500,468.76
1727053696941,BTCUSD_PERP,ask,64500,479.08
1727053697748,BTCUSD_PERP,ask,64500,489.4
1727053705467,BTCUSD_PERP,bid,63300,749.74
1727053705675,BTCUSD_PERP,bid,63300,624.67
1727053705779,BTCUSD_PERP,bid,63300,687.34
1727053706598,BTCUSD_PERP,ask,64500,498.99
1727053719064,BTCUSD_PERP,bid,63300,562.64
1727053719166,BTCUSD_PERP,bid,63200,686.27
1727053719268,BTCUSD_PERP,bid,63200,810.89
1727053719368,BTCUSD_PERP,bid,63200,873.52
1727053769491,BTCUSD_PERP,bid,63300,499.33
1727053769593,BTCUSD_PERP,bid,63300,562.0
1727053770313,BTCUSD_PERP,bid,63300,563.58
1727053807812,BTCUSD_PERP,bid,63200,501.17
1727053825109,BTCUSD_PERP,bid,63100,563.85
1727053825209,BTCUSD_PERP,bid,63100,813.23
1727053837459,BTCUSD_PERP,bid,63100,688.81
1727053837569,BTCUSD_PERP,bid,63100,626.92
1727053837669,BTCUSD_PERP,bid,63100,564.39
1727053837982,BTCUSD_PERP,bid,63100,501.86
1727053872039,BTCUSD_PERP,bid,63100,560.86
1727053882340,BTCUSD_PERP,bid,63100,498.33
1727053884366,BTCUSD_PERP,bid,63200,498.0
1727053884674,BTCUSD_PERP,bid,63200,559.93
1727053884773,BTCUSD_PERP,bid,63200,622.5
1727053884977,BTCUSD_PERP,bid,63200,747.0
1727053885190,BTCUSD_PERP,bid,63200,872.14
1727053901411,BTCUSD_PERP,bid,63200,747.64
1727053901722,BTCUSD_PERP,bid,63100,498.94
1727053915876,BTCUSD_PERP,bid,63100,499.09
1727053916206,BTCUSD_PERP,bid,63100,561.65
1727053916415,BTCUSD_PERP,bid,63100,686.77
1727053916528,BTCUSD_PERP,bid,63100,810.61
1727053916633,BTCUSD_PERP,bid,63100,873.17
1727053916844,BTCUSD_PERP,bid,63100,935.73
1727053936053,BTCUSD_PERP,bid,63200,1010.76
1727053936163,BTCUSD_PERP,bid,63200,1072.71
1727053936266,BTCUSD_PERP,bid,63200,1135.3
1727053942693,BTCUSD_PERP,bid,63200,511.96
1727053942781,BTCUSD_PERP,bid,63200,623.64
1727053942905,BTCUSD_PERP,bid,63200,686.26
1727053943006,BTCUSD_PERP,bid,63200,810.86
1727053943218,BTCUSD_PERP,bid,63200,935.46
1727053943315,BTCUSD_PERP,bid,63200,998.08
1727053998181,BTCUSD_PERP,ask,64500,510.99
1727053999596,BTCUSD_PERP,bid,63200,935.46
1727053999794,BTCUSD_PERP,bid,63200,872.84
1727053999896,BTCUSD_PERP,bid,63200,748.24
1727054000003,BTCUSD_PERP,bid,63200,560.38
1727054000111,BTCUSD_PERP,bid,63200,498.4
1727054000414,BTCUSD_PERP,bid,63300,499.36
1727054000515,BTCUSD_PERP,bid,63300,624.68
1727054000614,BTCUSD_PERP,bid,63300,749.36
1727054000718,BTCUSD_PERP,bid,63300,750.92
1727054001031,BTCUSD_PERP,bid,63300,875.6
1727054001136,BTCUSD_PERP,bid,63300,937.62
1727054005907,BTCUSD_PERP,ask,64500,511.24
1727054019660,BTCUSD_PERP,bid,63300,812.94
1727054019757,BTCUSD_PERP,bid,63200,935.5
1727054019865,BTCUSD_PERP,bid,63200,1060.76
1727054019966,BTCUSD_PERP,bid,63200,1123.39
1727054022316,BTCUSD_PERP,ask,64500,510.84
1727054032472,BTCUSD_PERP,bid,63200,1060.76
1727054032673,BTCUSD_PERP,bid,63200,998.13
1727054032882,BTCUSD_PERP,bid,63200,936.14
1727054032988,BTCUSD_PERP,bid,63200,873.51
1727054033092,BTCUSD_PERP,bid,63200,748.89
1727054033390,BTCUSD_PERP,bid,63200,748.53
1727054045524,BTCUSD_PERP,ask,64400,510.51
1727054108561,BTCUSD_PERP,bid,63200,623.97
1727054108782,BTCUSD_PERP,bid,63200,499.52
1727054109088,BTCUSD_PERP,bid,63200,623.69
1727054109186,BTCUSD_PERP,bid,63200,623.63
1727054130983,BTCUSD_PERP,bid,63200,561.0
1727054147077,BTCUSD_PERP,bid,63200,500.93
1727054206210,BTCUSD_PERP,bid,63100,499.73
1727054206314,BTCUSD_PERP,ask,64400,510.36
1727054212950,BTCUSD_PERP,bid,63100,535.9
1727054212950,BTCUSD_PERP,ask,64400,520.24
1727054234826,BTCUSD_PERP,ask,64400,511.99
1727054258204,BTCUSD_PERP,ask,64400,520.89
1727054259498,BTCUSD_PERP,bid,63200,497.68
1727054283629,BTCUSD_PERP,bid,63200,497.44
1727054380515,BTCUSD_PERP,bid,63100,497.2
1727054471356,BTCUSD_PERP,bid,63300,499.98
1727054471457,BTCUSD_PERP,bid,63300,562.01
1727054471562,BTCUSD_PERP,bid,63300,686.71
1727054471662,BTCUSD_PERP,bid,63200,484.1
1727054471968,BTCUSD_PERP,bid,63300,749.38
1727054472071,BTCUSD_PERP,bid,63200,546.71
1727054472173,BTCUSD_PERP,bid,63200,609.31
1727054472276,BTCUSD_PERP,bid,63300,812.05
1727054488540,BTCUSD_PERP,bid,63300,687.99
1727054488633,BTCUSD_PERP,bid,63300,625.96
1727054488745,BTCUSD_PERP,bid,63300,563.29
1727054488847,BTCUSD_PERP,bid,63300,500.72
1727054489766,BTCUSD_PERP,bid,63300,566.37
1727054490075,BTCUSD_PERP,bid,63300,694.82
1727054493616,BTCUSD_PERP,bid,63300,632.1
1727054493712,BTCUSD_PERP,bid,63300,569.38
1727054494240,BTCUSD_PERP,bid,63300,499.6
1727054494337,BTCUSD_PERP,bid,63300,624.34
1727054495558,BTCUSD_PERP,bid,63300,624.49
1727054495655,BTCUSD_PERP,bid,63300,687.18
1727054506230,BTCUSD_PERP,bid,63300,561.8
1727054529913,BTCUSD_PERP,ask,64500,511.16
1727054568739,BTCUSD_PERP,ask,64300,467.26
1727054568940,BTCUSD_PERP,ask,64300,530.99
1727054581028,BTCUSD_PERP,ask,64400,520.49
1727054595492,BTCUSD_PERP,bid,63200,499.28
1727054595596,BTCUSD_PERP,bid,63200,561.85
1727054603570,BTCUSD_PERP,ask,64300,516.16
1727054612722,BTCUSD_PERP,bid,63100,560.03
1727054613255,BTCUSD_PERP,bid,63100,622.43
1727054620914,BTCUSD_PERP,ask,64400,467.38
1727054622771,BTCUSD_PERP,bid,63100,559.92
1727054622978,BTCUSD_PERP,bid,63100,497.41
1727054624118,BTCUSD_PERP,bid,63100,560.28
1727054629493,BTCUSD_PERP,bid,63100,747.45
1727054629794,BTCUSD_PERP,bid,63100,809.96
1727054664315,BTCUSD_PERP,bid,63100,747.56
1727054664625,BTCUSD_PERP,bid,63100,623.18
1727054665023,BTCUSD_PERP,bid,63100,498.8
1727054665442,BTCUSD_PERP,bid,63100,560.85
1727054709433,BTCUSD_PERP,bid,63000,559.93
1727054709536,BTCUSD_PERP,bid,63000,746.61
1727054709632,BTCUSD_PERP,bid,63000,809.05
1727054721848,BTCUSD_PERP,bid,63000,560.57
1727054722758,BTCUSD_PERP,ask,64300,509.64
1727054766804,BTCUSD_PERP,ask,64300,522.16
1727054767114,BTCUSD_PERP,ask,64300,520.25
1727054824357,BTCUSD_PERP,ask,64400,516.57
1727054824664,BTCUSD_PERP,bid,63100,511.84
1727054824767,BTCUSD_PERP,bid,63100,699.49
1727054824877,BTCUSD_PERP,bid,63100,761.4
1727054825081,BTCUSD_PERP,bid,63100,823.31
1727054825184,BTCUSD_PERP,bid,63100,885.22
1727054825289,BTCUSD_PERP,bid,63100,947.77
1727054828802,BTCUSD_PERP,ask,64400,526.86
1727054832155,BTCUSD_PERP,ask,64400,520.49
1727054878616,BTCUSD_PERP,bid,63100,885.86
1727054878724,BTCUSD_PERP,bid,63100,823.31
1727054878825,BTCUSD_PERP,bid,63100,761.4
1727054879125,BTCUSD_PERP,bid,63100,698.85
1727054879532,BTCUSD_PERP,bid,63100,574.39
1727054879631,BTCUSD_PERP,bid,63100,511.84
1727054879839,BTCUSD_PERP,bid,63100,560.76
1727054882700,BTCUSD_PERP,ask,64300,509.96
1727054887170,BTCUSD_PERP,bid,63100,498.88
1727054887474,BTCUSD_PERP,bid,63100,560.93
1727054890360,BTCUSD_PERP,ask,64300,509.71
1727054957038,BTCUSD_PERP,ask,64300,509.64
1727054958020,BTCUSD_PERP,ask,64300,519.92
1727055004984,BTCUSD_PERP,bid,63100,498.94
1727055005101,BTCUSD_PERP,bid,63100,560.84
1727055005305,BTCUSD_PERP,bid,63100,623.38
1727055057994,BTCUSD_PERP,bid,63100,498.3
1727055063359,BTCUSD_PERP,bid,60000,623.81
1727055068778,BTCUSD_PERP,ask,64400,510.76
1727055069599,BTCUSD_PERP,bid,63200,561.55
1727055069697,BTCUSD_PERP,bid,63200,624.17
1727055069904,BTCUSD_PERP,bid,63200,686.79
1727055070212,BTCUSD_PERP,bid,63200,810.75
1727055070618,BTCUSD_PERP,bid,63200,935.35
1727055197901,BTCUSD_PERP,ask,64400,517.2
1727055217296,BTCUSD_PERP,bid,63200,810.75
1727055217503,BTCUSD_PERP,bid,63200,748.13
1727055217907,BTCUSD_PERP,bid,63200,623.53
1727055218007,BTCUSD_PERP,bid,63200,560.91
1727055218210,BTCUSD_PERP,bid,63200,498.72
1727055218311,BTCUSD_PERP,bid,63200,560.66
1727055226504,BTCUSD_PERP,bid,63200,624.17
1727055226604,BTCUSD_PERP,bid,63200,872.73
1727055287180,BTCUSD_PERP,ask,64400,517.2
1727055288405,BTCUSD_PERP,ask,64400,523.64
1727055300514,BTCUSD_PERP,ask,64400,517.2
1727055348728,BTCUSD_PERP,ask,64400,510.76
1727055360176,BTCUSD_PERP,bid,63200,747.49
1727055360279,BTCUSD_PERP,bid,63200,684.87
1727055360384,BTCUSD_PERP,bid,63200,622.89
1727055360483,BTCUSD_PERP,bid,63200,560.27
1727055361246,BTCUSD_PERP,bid,63200,499.28
1727055361443,BTCUSD_PERP,bid,63200,561.29
1727055361658,BTCUSD_PERP,bid,63200,685.95
1727055361763,BTCUSD_PERP,bid,63200,748.6
1727055361866,BTCUSD_PERP,ask,64500,511.0
1727055362297,BTCUSD_PERP,bid,63200,499.17
1727055363169,BTCUSD_PERP,ask,64500,517.44
1727055363900,BTCUSD_PERP,ask,64500,527.75
1727055364735,BTCUSD_PERP,ask,64500,534.19
1727055375325,BTCUSD_PERP,bid,63200,685.95
1727055375426,BTCUSD_PERP,bid,63200,623.3
1727055375527,BTCUSD_PERP,bid,63200,561.29
1727055375630,BTCUSD_PERP,bid,63200,499.28
1727055376961,BTCUSD_PERP,bid,63300,511.9
1727055377164,BTCUSD_PERP,bid,63300,637.3
1727055377263,BTCUSD_PERP,bid,63300,762.59
1727055377440,BTCUSD_PERP,bid,63300,887.99
1727055395297,BTCUSD_PERP,ask,64600,511.56
1727055403230,BTCUSD_PERP,bid,63300,574.49
1727055403333,BTCUSD_PERP,bid,63300,937.64
1727055403435,BTCUSD_PERP,bid,63300,484.53
1727055403435,BTCUSD_PERP,bid,63300,999.73
1727055403531,BTCUSD_PERP,bid,63300,1062.46
1727055417693,BTCUSD_PERP,bid,63300,937.0
1727055417796,BTCUSD_PERP,bid,63300,874.27
1727055417897,BTCUSD_PERP,bid,63300,748.81
1727055418000,BTCUSD_PERP,bid,63300,560.73
1727055418197,BTCUSD_PERP,bid,63300,873.96
1727055418396,BTCUSD_PERP,bid,63300,936.66
1727055425633,BTCUSD_PERP,bid,63300,874.6
1727055425731,BTCUSD_PERP,bid,63300,812.54
1727055426035,BTCUSD_PERP,bid,63300,749.84
1727055426244,BTCUSD_PERP,bid,63300,687.14
1727055426347,BTCUSD_PERP,bid,63300,499.04
1727055426449,BTCUSD_PERP,bid,63300,500.53
1727055426547,BTCUSD_PERP,bid,63300,563.27
1727055426655,BTCUSD_PERP,bid,63300,751.49
1727055426855,BTCUSD_PERP,bid,63300,876.33
1727055427161,BTCUSD_PERP,bid,63300,484.61
1727055427267,BTCUSD_PERP,bid,63300,938.43
1727055427363,BTCUSD_PERP,bid,63300,1000.53
1727055427567,BTCUSD_PERP,bid,63300,1062.63
1727055439584,BTCUSD_PERP,bid,63300,937.15
1727055439679,BTCUSD_PERP,bid,63300,874.41
1727055439783,BTCUSD_PERP,bid,63300,750.21
1727055440083,BTCUSD_PERP,bid,63300,688.11
1727055440389,BTCUSD_PERP,bid,63300,626.01
1727055440492,BTCUSD_PERP,bid,63300,563.91
1727055440596,BTCUSD_PERP,bid,63300,501.81
1727055441004,BTCUSD_PERP,bid,63300,624.43
1727055441104,BTCUSD_PERP,bid,63300,687.14
1727055441210,BTCUSD_PERP,bid,63300,749.85
1727055452513,BTCUSD_PERP,bid,63300,499.44
1727055452612,BTCUSD_PERP,bid,63300,562.11
1727055453526,BTCUSD_PERP,ask,64500,511.24
1727055476867,BTCUSD_PERP,bid,63300,500.08
1727055477175,BTCUSD_PERP,bid,63300,498.48
1727055477256,BTCUSD_PERP,bid,63300,560.55
1727055477487,BTCUSD_PERP,bid,63300,623.26
1727055477705,BTCUSD_PERP,bid,63300,748.68
1727055477814,BTCUSD_PERP,bid,63300,874.1
1727055478018,BTCUSD_PERP,bid,63300,999.41
1727055486593,BTCUSD_PERP,ask,64600,511.56
1727055496911,BTCUSD_PERP,bid,63300,811.28
1727055497013,BTCUSD_PERP,bid,63300,685.86
1727055497115,BTCUSD_PERP,bid,63300,623.15
1727055497314,BTCUSD_PERP,bid,63300,560.55
1727055497718,BTCUSD_PERP,bid,63300,497.84
1727055497718,BTCUSD_PERP,bid,63300,564.56
1727055497824,BTCUSD_PERP,bid,63300,626.66
1727055497923,BTCUSD_PERP,bid,63300,688.76
1727055498026,BTCUSD_PERP,bid,63300,750.86
1727055498127,BTCUSD_PERP,bid,63300,812.96
1727055498323,BTCUSD_PERP,bid,63300,875.7
1727055498536,BTCUSD_PERP,bid,63300,937.8
1727055498633,BTCUSD_PERP,bid,63300,1062.64
1727055498739,BTCUSD_PERP,bid,63300,484.62
1727055533478,BTCUSD_PERP,ask,64600,490.11
1727055539333,BTCUSD_PERP,ask,64600,469.0
1727055544515,BTCUSD_PERP,bid,60000,623.82
1727055607498,BTCUSD_PERP,bid,63300,749.58
1727055607734,BTCUSD_PERP,bid,63300,687.48
1727055607836,BTCUSD_PERP,bid,63300,624.74
1727055607938,BTCUSD_PERP,bid,63300,562.64
1727055608036,BTCUSD_PERP,bid,63300,500.0
1727055608750,BTCUSD_PERP,bid,63400,562.99
1727055609253,BTCUSD_PERP,bid,63400,687.27
1727055609453,BTCUSD_PERP,bid,63400,750.05
1727055614484,BTCUSD_PERP,bid,63400,753.73
1727055734596,BTCUSD_PERP,bid,63400,750.05
1727055747843,BTCUSD_PERP,ask,64600,468.99
1727055748048,BTCUSD_PERP,ask,64600,532.92
1727055756335,BTCUSD_PERP,bid,63200,487.87
1727055756335,BTCUSD_PERP,bid,63300,688.09
1727055756452,BTCUSD_PERP,bid,63300,750.8
1727055756560,BTCUSD_PERP,bid,63200,550.48
1727055757262,BTCUSD_PERP,bid,63300,753.07
1727055777563,BTCUSD_PERP,ask,64500,511.32
1727055779513,BTCUSD_PERP,bid,63200,487.83
1727055779513,BTCUSD_PERP,bid,63300,691.0
1727055779819,BTCUSD_PERP,bid,63300,565.68
1727055779920,BTCUSD_PERP,bid,63300,502.97
1727055780854,BTCUSD_PERP,bid,63300,500.05
1727055781276,BTCUSD_PERP,bid,63300,562.73
1727055781377,BTCUSD_PERP,bid,63200,484.14
1727055781377,BTCUSD_PERP,bid,63300,624.77
1727055781475,BTCUSD_PERP,bid,63300,748.85
1727055817000,BTCUSD_PERP,bid,63300,686.81
1727055817309,BTCUSD_PERP,bid,63200,487.34
1727055817309,BTCUSD_PERP,bid,63200,561.18
1727055817408,BTCUSD_PERP,bid,63200,623.83
1727055817506,BTCUSD_PERP,bid,63200,549.88
1727055819130,BTCUSD_PERP,ask,64500,511.07
1727055857373,BTCUSD_PERP,bid,63300,499.41
1727055857576,BTCUSD_PERP,bid,63300,562.09
1727055857681,BTCUSD_PERP,bid,63300,624.13
1727055858093,BTCUSD_PERP,bid,63300,686.81
1727056061619,BTCUSD_PERP,bid,63200,499.17
1727056061722,BTCUSD_PERP,bid,63200,623.83
1727056061922,BTCUSD_PERP,bid,63200,686.48
1727056071184,BTCUSD_PERP,bid,63200,497.73
1727056153514,BTCUSD_PERP,bid,63300,500.96
1727056153750,BTCUSD_PERP,bid,63300,563.02
1727056155279,BTCUSD_PERP,ask,64600,468.97
1727056156524,BTCUSD_PERP,bid,63300,501.42
1727056244431,BTCUSD_PERP,bid,63400,504.42
1727056244539,BTCUSD_PERP,bid,63400,567.19
1727056244639,BTCUSD_PERP,bid,63400,692.09
1727056244944,BTCUSD_PERP,bid,63400,754.22
1727056255905,BTCUSD_PERP,ask,64600,469.2
1727056281370,BTCUSD_PERP,bid,63300,875.05
1727056281474,BTCUSD_PERP,bid,63300,937.79
1727056288606,BTCUSD_PERP,ask,64600,518.01
1727056327820,BTCUSD_PERP,bid,63300,937.29
1727056388552,BTCUSD_PERP,bid,63300,749.16
1727056388654,BTCUSD_PERP,bid,63300,812.05
1727056388750,BTCUSD_PERP,bid,63300,936.75
1727056428235,BTCUSD_PERP,ask,64500,517.36
1727056495205,BTCUSD_PERP,bid,63300,686.71
1727056495305,BTCUSD_PERP,bid,63200,811.65
1727056495399,BTCUSD_PERP,bid,63200,936.29
1727056524546,BTCUSD_PERP,ask,64500,510.92
1727056558136,BTCUSD_PERP,bid,63200,873.65
1727056558227,BTCUSD_PERP,bid,63200,623.33
1727056558332,BTCUSD_PERP,bid,63200,935.69
1727056558850,BTCUSD_PERP,ask,64400,510.67
1727056674210,BTCUSD_PERP,bid,63200,624.61
1727056674522,BTCUSD_PERP,bid,63200,562.12
1727056674627,BTCUSD_PERP,bid,63200,499.52
1727056674728,BTCUSD_PERP,bid,63200,499.02
1727056675134,BTCUSD_PERP,bid,63200,561.65
1727056675234,BTCUSD_PERP,bid,63200,623.64
1727056675332,BTCUSD_PERP,bid,63200,686.27
1727056675438,BTCUSD_PERP,bid,63200,748.9
1727056675739,BTCUSD_PERP,bid,63200,811.53
1727056675945,BTCUSD_PERP,bid,63200,936.15
1727056688106,BTCUSD_PERP,bid,63200,748.9
1727056688408,BTCUSD_PERP,bid,63200,686.27
1727056688512,BTCUSD_PERP,bid,63200,623.64
1727056688605,BTCUSD_PERP,bid,63200,561.65
1727056688710,BTCUSD_PERP,bid,63200,499.02
1727056689828,BTCUSD_PERP,bid,63300,499.34
1727056690355,BTCUSD_PERP,bid,63300,511.67
1727056716610,BTCUSD_PERP,bid,63200,624.37
1727056716709,BTCUSD_PERP,bid,63200,749.01
1727056859038,BTCUSD_PERP,bid,63200,686.57
1727056874929,BTCUSD_PERP,bid,63200,623.97
1727056875966,BTCUSD_PERP,bid,63200,499.1
1727056915869,BTCUSD_PERP,bid,63200,498.85
1727057043299,BTCUSD_PERP,bid,63100,809.71
1727057060202,BTCUSD_PERP,bid,63200,560.57
1727057060304,BTCUSD_PERP,bid,63200,810.11
1727057068085,BTCUSD_PERP,bid,63200,810.26
1727057070734,BTCUSD_PERP,bid,63200,810.41
1727057073593,BTCUSD_PERP,bid,63200,810.56
1727057074511,BTCUSD_PERP,bid,63200,810.71
1727057077278,BTCUSD_PERP,bid,63200,810.86
1727057154843,BTCUSD_PERP,bid,63200,560.58
1727057154947,BTCUSD_PERP,bid,63100,809.71
1727057219702,BTCUSD_PERP,bid,63100,747.17
1727057219805,BTCUSD_PERP,bid,63100,684.63
1727057219903,BTCUSD_PERP,bid,63100,622.73
1727057220215,BTCUSD_PERP,bid,63100,560.3
1727057220315,BTCUSD_PERP,bid,63100,497.76
1727057220718,BTCUSD_PERP,bid,63200,498.57
1727057221025,BTCUSD_PERP,bid,63200,560.51
1727057221537,BTCUSD_PERP,bid,63200,623.08
1727057221740,BTCUSD_PERP,bid,63200,685.02
1727057221844,BTCUSD_PERP,bid,63200,747.59
1727057223671,BTCUSD_PERP,bid,63200,685.02
1727057223778,BTCUSD_PERP,bid,63200,622.45
1727057223882,BTCUSD_PERP,bid,63200,559.88
1727057223988,BTCUSD_PERP,bid,63200,497.94
1727057223988,BTCUSD_PERP,ask,64400,488.68
1727057224089,BTCUSD_PERP,bid,63200,500.24
1727057224198,BTCUSD_PERP,bid,63200,624.82
1727057224401,BTCUSD_PERP,bid,63200,687.32
1727057224504,BTCUSD_PERP,bid,63200,749.93
1727057225624,BTCUSD_PERP,ask,64400,498.98
1727057273782,BTCUSD_PERP,ask,64500,470.03
1727057273882,BTCUSD_PERP,bid,63200,624.71
1727057274801,BTCUSD_PERP,bid,63200,562.1
1727057274903,BTCUSD_PERP,bid,63200,499.49
1727057274903,BTCUSD_PERP,bid,63200,499.84
1727057275005,BTCUSD_PERP,bid,63200,562.48
1727057275312,BTCUSD_PERP,bid,63200,749.12
1727057275410,BTCUSD_PERP,bid,63200,936.4
1727057275518,BTCUSD_PERP,bid,63200,999.04
1727057275625,BTCUSD_PERP,bid,63200,1124.21
1727057276039,BTCUSD_PERP,bid,63200,483.86
1727057524154,BTCUSD_PERP,bid,63200,1061.57
1727057524253,BTCUSD_PERP,bid,63200,999.04
1727057524561,BTCUSD_PERP,bid,63200,937.04
1727057524662,BTCUSD_PERP,bid,63200,874.4
1727057524862,BTCUSD_PERP,bid,63200,686.48
1727057524963,BTCUSD_PERP,bid,63200,561.2
1727057525273,BTCUSD_PERP,bid,63300,500.16
1727057525576,BTCUSD_PERP,bid,63300,562.84
1727057525680,BTCUSD_PERP,bid,63300,624.88
1727057525982,BTCUSD_PERP,bid,63300,750.24
1727057526086,BTCUSD_PERP,bid,63300,812.92
1727057526190,BTCUSD_PERP,bid,63300,874.96
1727057538615,BTCUSD_PERP,bid,63200,873.12
1727057538716,BTCUSD_PERP,bid,63200,546.46
1727057538716,BTCUSD_PERP,bid,63200,998.4
1727057538820,BTCUSD_PERP,bid,63200,1061.04
1727057567971,BTCUSD_PERP,bid,63200,483.88
1727057568073,BTCUSD_PERP,bid,63200,936.4
1727057568172,BTCUSD_PERP,bid,63200,811.12
1727057568683,BTCUSD_PERP,bid,63200,686.48
1727057568784,BTCUSD_PERP,bid,63200,623.84
1727057568885,BTCUSD_PERP,bid,63200,561.2
1727057569089,BTCUSD_PERP,bid,63200,498.56
1727057669347,BTCUSD_PERP,ask,64500,518.59
1727057677006,BTCUSD_PERP,bid,63200,623.83
1727057677106,BTCUSD_PERP,bid,63200,686.48
1727057677205,BTCUSD_PERP,bid,63200,749.13
1727057715705,BTCUSD_PERP,ask,64500,510.92
1727057785814,BTCUSD_PERP,bid,63200,687.12
1727057785908,BTCUSD_PERP,bid,63200,748.13
1727057786010,BTCUSD_PERP,bid,63200,810.75
1727057786112,BTCUSD_PERP,bid,63200,873.37
1727057818055,BTCUSD_PERP,bid,63200,810.86
1727057818157,BTCUSD_PERP,bid,63200,748.24
1727057818262,BTCUSD_PERP,bid,63200,685.62
1727057818556,BTCUSD_PERP,bid,63200,623.0
1727057818968,BTCUSD_PERP,bid,63200,561.02
1727057819171,BTCUSD_PERP,bid,63200,498.4
1727057819377,BTCUSD_PERP,bid,63200,499.26
1727057819473,BTCUSD_PERP,bid,63200,561.84
1727057819573,BTCUSD_PERP,bid,63200,623.78
1727057819678,BTCUSD_PERP,bid,63200,685.72
1727057933605,BTCUSD_PERP,bid,63200,499.26
1727057933704,BTCUSD_PERP,bid,63100,560.28
1727057933802,BTCUSD_PERP,bid,63100,685.38
1727057933907,BTCUSD_PERP,bid,63100,747.93
1727057936538,BTCUSD_PERP,ask,64400,510.27
1727057959455,BTCUSD_PERP,bid,63100,685.38
1727057959655,BTCUSD_PERP,ask,64400,510.51
1727057959863,BTCUSD_PERP,bid,63100,622.94
1727057959957,BTCUSD_PERP,bid,63100,560.39
1727057960184,BTCUSD_PERP,bid,63100,497.84
1727057960696,BTCUSD_PERP,bid,63200,499.97
1727057960901,BTCUSD_PERP,bid,63200,624.51
1727057961105,BTCUSD_PERP,bid,63200,686.46
1727057961205,BTCUSD_PERP,bid,63200,748.41
1727057961312,BTCUSD_PERP,bid,63200,811.0
1727058057267,BTCUSD_PERP,bid,63100,561.01
1727058057367,BTCUSD_PERP,bid,63100,686.11
1727058057463,BTCUSD_PERP,bid,63100,748.66
1727058090833,BTCUSD_PERP,bid,63100,686.11
1727058091140,BTCUSD_PERP,bid,63100,623.56
1727058207693,BTCUSD_PERP,bid,63200,561.21
1727058207793,BTCUSD_PERP,bid,63200,623.14
1727058207892,BTCUSD_PERP,bid,63200,685.71
1727058208104,BTCUSD_PERP,bid,63200,748.28
1727058208199,BTCUSD_PERP,bid,63200,810.74
1727058208301,BTCUSD_PERP,bid,63200,873.31
1727058208408,BTCUSD_PERP,bid,63200,935.24
1727058208512,BTCUSD_PERP,bid,63100,483.88
1727058236746,BTCUSD_PERP,bid,63200,873.31
1727058236844,BTCUSD_PERP,bid,63200,498.64
1727058236943,BTCUSD_PERP,bid,63100,872.91
1727058237144,BTCUSD_PERP,bid,63100,483.63
1727058254141,BTCUSD_PERP,ask,64300,509.88
1727058287006,BTCUSD_PERP,ask,64300,520.17
1727058336273,BTCUSD_PERP,bid,63100,810.38
1727058336375,BTCUSD_PERP,bid,63200,623.03
1727058374692,BTCUSD_PERP,ask,64400,510.44
1727058550005,BTCUSD_PERP,ask,64400,517.12
1727058647078,BTCUSD_PERP,bid,63200,498.53
1727058647182,BTCUSD_PERP,bid,63200,935.72
1727058805441,BTCUSD_PERP,bid,63200,936.3
1727059002492,BTCUSD_PERP,bid,63200,811.66
1727059002589,BTCUSD_PERP,bid,63200,749.02
1727059002793,BTCUSD_PERP,bid,63200,624.38
1727059003302,BTCUSD_PERP,bid,63300,500.08
1727059003397,BTCUSD_PERP,bid,63300,562.11
1727059003912,BTCUSD_PERP,bid,63300,624.78
1727059038803,BTCUSD_PERP,bid,63300,499.44
1727059038906,BTCUSD_PERP,bid,63200,873.65
1727059061126,BTCUSD_PERP,ask,64400,517.06
1727059061741,BTCUSD_PERP,ask,64400,523.5
1727059077266,BTCUSD_PERP,bid,63200,811.01
1727059077357,BTCUSD_PERP,bid,63200,749.01
1727059077676,BTCUSD_PERP,bid,63200,687.01
1727059077776,BTCUSD_PERP,bid,63200,625.01
1727059077992,BTCUSD_PERP,bid,63200,562.37
1727059101687,BTCUSD_PERP,bid,63300,498.8
1727059101792,BTCUSD_PERP,bid,63300,624.3
1727059101996,BTCUSD_PERP,bid,63300,686.41
1727059102195,BTCUSD_PERP,bid,63300,484.72
1727059102297,BTCUSD_PERP,bid,63300,811.91
1727059102405,BTCUSD_PERP,bid,63300,547.41
1727059102405,BTCUSD_PERP,bid,63300,937.41
1727059102500,BTCUSD_PERP,bid,63300,999.52
1727059102606,BTCUSD_PERP,bid,63300,1062.27
1727059102704,BTCUSD_PERP,bid,63300,1125.02
1727059208329,BTCUSD_PERP,bid,63300,485.35
1727059208329,BTCUSD_PERP,bid,63300,1000.16
1727059208425,BTCUSD_PERP,bid,63300,938.05
1727059208737,BTCUSD_PERP,bid,63300,812.55
1727059208838,BTCUSD_PERP,bid,63300,750.44
1727059208940,BTCUSD_PERP,bid,63300,687.69
1727059209045,BTCUSD_PERP,bid,63300,625.58
1727059209146,BTCUSD_PERP,bid,63300,562.83
1727059209246,BTCUSD_PERP,bid,63300,499.2
1727059209246,BTCUSD_PERP,bid,63300,500.08
1727059209342,BTCUSD_PERP,bid,63300,686.08
1727059209443,BTCUSD_PERP,bid,63300,811.52
1727059209542,BTCUSD_PERP,bid,63300,874.13
1727059217411,BTCUSD_PERP,bid,63300,891.85
1727059217513,BTCUSD_PERP,bid,63300,893.43
1727059279293,BTCUSD_PERP,bid,63300,831.35
1727059279390,BTCUSD_PERP,bid,63300,706.55
1727059279796,BTCUSD_PERP,bid,63300,643.83
1727059279900,BTCUSD_PERP,bid,63300,581.75
1727059280001,BTCUSD_PERP,bid,63300,519.03
1727059280206,BTCUSD_PERP,bid,63300,561.56
1727059280308,BTCUSD_PERP,bid,63300,624.14
1727059280410,BTCUSD_PERP,bid,63300,874.22
1727059280508,BTCUSD_PERP,bid,63300,998.94
1727059290776,BTCUSD_PERP,bid,63300,562.1
1727059290874,BTCUSD_PERP,bid,63200,483.96
1727059290874,BTCUSD_PERP,bid,63200,872.51
1727059291080,BTCUSD_PERP,bid,63200,935.16
1727059617603,BTCUSD_PERP,bid,63200,872.51
1727059617705,BTCUSD_PERP,bid,63200,810.5
1727059755679,BTCUSD_PERP,bid,63200,686.48
1727059756394,BTCUSD_PERP,bid,63200,623.83
1727059756495,BTCUSD_PERP,bid,63200,499.17
1727059756600,BTCUSD_PERP,bid,63200,498.4
1727059756903,BTCUSD_PERP,bid,63200,561.02
1727059757113,BTCUSD_PERP,bid,63200,686.26
1727059757205,BTCUSD_PERP,bid,63200,748.24
1727059757322,BTCUSD_PERP,bid,63100,483.67
1727059757322,BTCUSD_PERP,bid,63200,810.22
1727059757424,BTCUSD_PERP,bid,63100,546.22
1727059757424,BTCUSD_PERP,bid,63200,997.97
1727059757746,BTCUSD_PERP,bid,63100,608.73
1727059757746,BTCUSD_PERP,bid,63200,1059.95
1727059800492,BTCUSD_PERP,bid,63200,935.99
1727059800597,BTCUSD_PERP,bid,63200,686.15
1727059800693,BTCUSD_PERP,bid,63200,561.02
1727059800693,BTCUSD_PERP,bid,63200,499.17
1727059800793,BTCUSD_PERP,bid,63200,499.04
1727059800793,BTCUSD_PERP,bid,63200,561.18
1727059801004,BTCUSD_PERP,bid,63200,623.83
1727059801406,BTCUSD_PERP,bid,63200,685.84
1727059801511,BTCUSD_PERP,bid,63200,748.49
1727059801715,BTCUSD_PERP,bid,63200,810.5
1727059801922,BTCUSD_PERP,bid,63200,483.91
1727059801922,BTCUSD_PERP,bid,63200,873.15
1727059802024,BTCUSD_PERP,bid,63200,997.81
1727059802129,BTCUSD_PERP,bid,63200,546.5
1727059802129,BTCUSD_PERP,bid,63200,1060.46
1727059802231,BTCUSD_PERP,bid,63200,609.09
1727059932636,BTCUSD_PERP,bid,63200,483.97
1727059932636,BTCUSD_PERP,bid,63200,998.45
1727059933448,BTCUSD_PERP,bid,63200,936.44
1727059934877,BTCUSD_PERP,bid,63200,546.83
1727059934877,BTCUSD_PERP,bid,63300,998.3
1727059934978,BTCUSD_PERP,bid,63300,1060.98
1727060077407,BTCUSD_PERP,bid,63300,998.94
1727060081079,BTCUSD_PERP,bid,63300,561.92
1727060081174,BTCUSD_PERP,bid,63200,547.17
1727060081174,BTCUSD_PERP,bid,63300,1061.02
1727060081276,BTCUSD_PERP,bid,63300,1123.74
1727060095691,BTCUSD_PERP,bid,63300,1127.42
1727060142253,BTCUSD_PERP,bid,63300,1065.34
1727060143371,BTCUSD_PERP,bid,63300,628.96
1727060143469,BTCUSD_PERP,bid,63300,484.75
1727060143469,BTCUSD_PERP,bid,63300,873.33
1727060143575,BTCUSD_PERP,bid,63300,1061.61
1727060143677,BTCUSD_PERP,bid,63300,547.44
1727060143677,BTCUSD_PERP,bid,63300,1124.37
1727060282770,BTCUSD_PERP,bid,63300,999.5
1727060282874,BTCUSD_PERP,bid,63300,936.74
1727060282972,BTCUSD_PERP,bid,63300,873.98
1727060283075,BTCUSD_PERP,bid,63300,749.76
1727060283285,BTCUSD_PERP,bid,63300,687.65
1727060283695,BTCUSD_PERP,bid,63300,562.24
1727060283695,BTCUSD_PERP,bid,63400,562.45
1727060283793,BTCUSD_PERP,bid,63300,547.81
1727060283991,BTCUSD_PERP,bid,63400,749.54
1727060284095,BTCUSD_PERP,bid,63400,874.48
1727060284805,BTCUSD_PERP,bid,63400,1000.06
1727060284905,BTCUSD_PERP,bid,63400,1125.0
1727060328632,BTCUSD_PERP,bid,63300,485.08
1727060328736,BTCUSD_PERP,bid,63400,1062.21
1727060328941,BTCUSD_PERP,bid,63400,999.42
1727060329041,BTCUSD_PERP,bid,63400,936.63
1727060329240,BTCUSD_PERP,bid,63400,874.48
1727060329339,BTCUSD_PERP,bid,63400,749.54
1727060329548,BTCUSD_PERP,bid,63300,562.92
1727060329548,BTCUSD_PERP,bid,63400,561.81
1727060329645,BTCUSD_PERP,bid,63300,625.68
1727060329977,BTCUSD_PERP,bid,63300,687.8
1727060330078,BTCUSD_PERP,bid,63300,813.32
1727060330180,BTCUSD_PERP,bid,63300,875.44
1727060330283,BTCUSD_PERP,bid,63300,999.68
1727060330387,BTCUSD_PERP,bid,63300,484.8
1727060330594,BTCUSD_PERP,bid,63300,547.5
1727060330594,BTCUSD_PERP,bid,63300,1124.56
1727060330694,BTCUSD_PERP,bid,63300,1187.21
1727060337924,BTCUSD_PERP,bid,63300,686.52
1727060338025,BTCUSD_PERP,bid,63300,499.52
1727060338638,BTCUSD_PERP,bid,63400,499.92
1727060404299,BTCUSD_PERP,bid,63400,500.93
1727060418805,BTCUSD_PERP,bid,63300,500.62
1727060890955,BTCUSD_PERP,bid,60000,625.09
1727060957996,BTCUSD_PERP,bid,63600,501.06
1727060958201,BTCUSD_PERP,bid,63600,501.21
1727061015774,BTCUSD_PERP,bid,63700,501.96
1727061015871,BTCUSD_PERP,bid,63700,565.95
1727061016169,BTCUSD_PERP,bid,63700,691.44
1727061016776,BTCUSD_PERP,bid,63700,754.51
1727061021374,BTCUSD_PERP,bid,63700,817.58
1727061021574,BTCUSD_PERP,bid,63700,880.65
1727061032350,BTCUSD_PERP,bid,63700,754.51
1727061032556,BTCUSD_PERP,bid,63700,692.09
1727061032658,BTCUSD_PERP,bid,63700,567.25
1727061034275,BTCUSD_PERP,bid,63700,503.57
1727061078260,BTCUSD_PERP,bid,63800,504.94
1727061078457,BTCUSD_PERP,bid,63800,568.18
1727061078554,BTCUSD_PERP,bid,63800,706.34
1727061078658,BTCUSD_PERP,bid,63800,957.89
1727061078760,BTCUSD_PERP,bid,63800,975.59
1727061090665,BTCUSD_PERP,bid,63800,943.49
1727061092187,BTCUSD_PERP,bid,63800,818.37
1727061094548,BTCUSD_PERP,bid,63800,755.16
1727061120715,BTCUSD_PERP,bid,63800,568.84
1727061120812,BTCUSD_PERP,bid,63800,946.56
1727061122628,BTCUSD_PERP,bid,63800,883.39
1727061122923,BTCUSD_PERP,bid,63800,820.87
1727061123037,BTCUSD_PERP,bid,63800,695.18
1727061123148,BTCUSD_PERP,bid,63800,570.14
1727061123452,BTCUSD_PERP,bid,63800,503.24
1727061123550,BTCUSD_PERP,bid,63800,566.47
1727061147897,BTCUSD_PERP,ask,64900,514.52
1727061156151,BTCUSD_PERP,ask,64900,514.28
1727061163195,BTCUSD_PERP,bid,63600,627.54
1727061163292,BTCUSD_PERP,bid,63600,690.55
1727061180110,BTCUSD_PERP,bid,62500,538.74
1727061186464,BTCUSD_PERP,bid,63700,503.68
1727061217514,BTCUSD_PERP,bid,63700,472.92
1727061217727,BTCUSD_PERP,bid,63700,598.58
1727061254336,BTCUSD_PERP,bid,63700,536.07
1727061255047,BTCUSD_PERP,bid,63700,502.9
1727061255149,BTCUSD_PERP,bid,63700,566.02
1727061341414,BTCUSD_PERP,bid,63700,502.9
1727061371423,BTCUSD_PERP,bid,63800,629.84
1727061398051,BTCUSD_PERP,bid,63700,767.12
1727061405040,BTCUSD_PERP,bid,63700,703.97
1727061405445,BTCUSD_PERP,bid,63700,641.46
1727061405552,BTCUSD_PERP,bid,63700,578.95
1727061405756,BTCUSD_PERP,bid,63800,502.97
1727061405958,BTCUSD_PERP,bid,63800,566.05
1727061406064,BTCUSD_PERP,bid,63800,629.24
1727061406165,BTCUSD_PERP,bid,63800,692.43
1727061406368,BTCUSD_PERP,bid,63800,755.62
1727061406471,BTCUSD_PERP,bid,63800,818.17
1727061406666,BTCUSD_PERP,bid,63800,881.36
1727061406784,BTCUSD_PERP,bid,63800,944.55
1727061424376,BTCUSD_PERP,bid,63800,504.89
1727061424481,BTCUSD_PERP,bid,63800,1006.55
1727061426212,BTCUSD_PERP,bid,63800,880.88
1727061426310,BTCUSD_PERP,bid,63800,817.72
1727061426408,BTCUSD_PERP,bid,63800,754.56
1727061426614,BTCUSD_PERP,bid,63800,692.05
1727061426810,BTCUSD_PERP,bid,63800,628.89
1727061426810,BTCUSD_PERP,bid,63800,504.64
1727061426914,BTCUSD_PERP,bid,63800,567.88
1727061427119,BTCUSD_PERP,bid,63800,565.73
1727061427119,BTCUSD_PERP,bid,63800,631.12
1727061427316,BTCUSD_PERP,bid,63800,502.57
1727061427316,BTCUSD_PERP,bid,63800,634.8
1727061427418,BTCUSD_PERP,bid,63800,762.91
1727061427520,BTCUSD_PERP,bid,63800,888.75
1727061427625,BTCUSD_PERP,bid,63800,1013.95
1727061427722,BTCUSD_PERP,bid,63800,1139.69
1727061427827,BTCUSD_PERP,bid,63800,1202.93
1727061427929,BTCUSD_PERP,bid,63800,1266.17
1727061432726,BTCUSD_PERP,bid,63800,1202.93
1727061432837,BTCUSD_PERP,bid,63800,1139.69
1727061432939,BTCUSD_PERP,bid,63800,1013.21
1727061434074,BTCUSD_PERP,bid,63800,824.23
1727061434171,BTCUSD_PERP,bid,63800,698.39
1727061434578,BTCUSD_PERP,bid,63800,572.55
1727061434778,BTCUSD_PERP,bid,63800,509.31
1727061462317,BTCUSD_PERP,bid,62500,533.74
1727061493054,BTCUSD_PERP,bid,63900,516.82
1727061493274,BTCUSD_PERP,bid,63900,580.11
1727061555797,BTCUSD_PERP,ask,65100,509.23
1727061563655,BTCUSD_PERP,ask,65100,522.3
1727061570470,BTCUSD_PERP,bid,63800,504.7
1727061570775,BTCUSD_PERP,bid,63800,631.2
1727061580836,BTCUSD_PERP,bid,63800,567.95
1727061581039,BTCUSD_PERP,bid,63800,504.7
1727061582058,BTCUSD_PERP,ask,65100,543.86
1727061582256,BTCUSD_PERP,bid,63900,503.85
1727061582359,BTCUSD_PERP,bid,63900,566.49
1727061582463,BTCUSD_PERP,bid,63900,629.78
1727061582675,BTCUSD_PERP,bid,63900,692.42
1727061582772,BTCUSD_PERP,bid,63900,755.06
1727061584504,BTCUSD_PERP,ask,65100,522.57
1727061586881,BTCUSD_PERP,bid,63900,767.51
1727061637383,BTCUSD_PERP,bid,63900,504.3
1727061637686,BTCUSD_PERP,bid,63900,567.59
1727061675182,BTCUSD_PERP,bid,63900,504.94
1727061675788,BTCUSD_PERP,bid,63900,503.93
1727061675887,BTCUSD_PERP,bid,63900,630.59
1727061698457,BTCUSD_PERP,bid,63900,567.91
1727061698662,BTCUSD_PERP,bid,63900,505.23
1727061716862,BTCUSD_PERP,bid,63900,504.62
1727061717166,BTCUSD_PERP,bid,63900,567.95
1727061728032,BTCUSD_PERP,bid,63900,504.62
1727061729660,BTCUSD_PERP,bid,64000,503.79
1727061729865,BTCUSD_PERP,bid,64000,567.17
1727061746680,BTCUSD_PERP,bid,63900,505.07
1727061786107,BTCUSD_PERP,bid,64000,508.76
1727061786210,BTCUSD_PERP,bid,64000,634.84
1727061786309,BTCUSD_PERP,bid,64000,697.56
1727061786414,BTCUSD_PERP,bid,64000,760.28
1727061786615,BTCUSD_PERP,bid,64000,823.64
1727061786824,BTCUSD_PERP,bid,64000,949.72
1727061787026,BTCUSD_PERP,bid,64000,1076.34
1727061787238,BTCUSD_PERP,bid,64000,1265.14
1727061787637,BTCUSD_PERP,bid,63900,490.05
1727061807034,BTCUSD_PERP,bid,64000,1139.06
1727061807135,BTCUSD_PERP,bid,64000,1075.7
1727061807239,BTCUSD_PERP,bid,64000,1012.34
1727061807340,BTCUSD_PERP,bid,64000,886.9
1727061807441,BTCUSD_PERP,bid,64000,760.18
1727061807541,BTCUSD_PERP,bid,64000,508.94
1727061807644,BTCUSD_PERP,bid,64000,696.82
1727061807753,BTCUSD_PERP,bid,64000,570.1
1727061807753,BTCUSD_PERP,bid,64000,635.74
1727061807852,BTCUSD_PERP,bid,64000,507.38
1727061807852,BTCUSD_PERP,bid,64000,761.89
1727061808063,BTCUSD_PERP,bid,64000,888.69
1727061808164,BTCUSD_PERP,bid,64000,1014.19
1727061808265,BTCUSD_PERP,bid,63900,490.31
1727061808265,BTCUSD_PERP,bid,64000,1077.48
1727061829272,BTCUSD_PERP,bid,64000,1014.08
1727061829375,BTCUSD_PERP,bid,64000,824.53
1727061829574,BTCUSD_PERP,bid,64000,820.37
1727061829673,BTCUSD_PERP,bid,63900,489.88
1727061829769,BTCUSD_PERP,bid,64000,883.73
1727061830078,BTCUSD_PERP,bid,64000,946.45
1727061898003,BTCUSD_PERP,bid,64000,883.73
1727061898105,BTCUSD_PERP,bid,64000,820.37
1727061898309,BTCUSD_PERP,bid,64000,757.65
1727061898407,BTCUSD_PERP,bid,64000,694.4
1727061898513,BTCUSD_PERP,bid,64000,568.32
1727061898613,BTCUSD_PERP,bid,64000,505.6
1727061918675,BTCUSD_PERP,bid,64000,693.17
1727061922584,BTCUSD_PERP,ask,65200,516.98
1727061934708,BTCUSD_PERP,bid,64000,567.17
1727061934808,BTCUSD_PERP,bid,64000,504.44
1727061934913,BTCUSD_PERP,ask,65300,498.25
1727061952084,BTCUSD_PERP,bid,64500,646.18
1727061956878,BTCUSD_PERP,bid,64500,645.7
1727061962447,BTCUSD_PERP,bid,64500,646.12
1727061962541,BTCUSD_PERP,bid,64500,645.7
1727061966003,BTCUSD_PERP,bid,64600,646.84
1727061968342,BTCUSD_PERP,bid,64600,646.01
1727061968445,BTCUSD_PERP,bid,64600,646.85
1727061968744,BTCUSD_PERP,bid,64600,656.85
1727061968951,BTCUSD_PERP,bid,64600,646.85
1727061969153,BTCUSD_PERP,bid,64600,646.86
1727061969865,BTCUSD_PERP,bid,64600,653.66
1727061970376,BTCUSD_PERP,bid,64600,650.37
1727061970479,BTCUSD_PERP,bid,64600,646.92
1727061972609,BTCUSD_PERP,bid,64600,646.92
1727061972812,BTCUSD_PERP,bid,64000,510.92
1727061973125,BTCUSD_PERP,bid,64600,648.48
1727061974866,BTCUSD_PERP,bid,64600,646.92
1727061975283,BTCUSD_PERP,bid,64600,646.66
1727061976089,BTCUSD_PERP,bid,64600,647.5
1727061976195,BTCUSD_PERP,bid,64600,646.66
1727061976804,BTCUSD_PERP,bid,64600,645.75
1727061976904,BTCUSD_PERP,bid,64000,506.13
1727061977111,BTCUSD_PERP,bid,64600,646.59
1727061977213,BTCUSD_PERP,bid,64600,646.52
1727061977720,BTCUSD_PERP,bid,64600,645.68
1727061978534,BTCUSD_PERP,bid,64600,646.52
1727061978855,BTCUSD_PERP,bid,64600,645.68
1727061978959,BTCUSD_PERP,bid,64600,646.52
1727061980169,BTCUSD_PERP,bid,64600,645.68
1727061980279,BTCUSD_PERP,bid,64600,646.52
1727061980884,BTCUSD_PERP,bid,64600,645.68
1727061981086,BTCUSD_PERP,bid,64600,645.52
1727061983951,BTCUSD_PERP,bid,64600,646.52
1727061985167,BTCUSD_PERP,bid,64600,647.98
1727061985274,BTCUSD_PERP,bid,64600,646.52
1727061985479,BTCUSD_PERP,bid,64600,647.96
1727061986604,BTCUSD_PERP,bid,64600,646.52
1727061987738,BTCUSD_PERP,bid,64600,648.04
1727061990009,BTCUSD_PERP,bid,64600,646.52
1727061993067,BTCUSD_PERP,bid,64600,648.01
1727061994717,BTCUSD_PERP,bid,64600,646.52
1727061998605,BTCUSD_PERP,bid,64600,648.0
1727061998705,BTCUSD_PERP,bid,64600,646.52
1727062003560,BTCUSD_PERP,bid,64600,646.53
1727062004261,BTCUSD_PERP,bid,64600,647.97
1727062004374,BTCUSD_PERP,bid,64600,646.53
1727062004682,BTCUSD_PERP,bid,64600,646.52
1727062007122,BTCUSD_PERP,ask,650000,240.69
1727062008855,BTCUSD_PERP,bid,64600,647.36
1727062009978,BTCUSD_PERP,bid,64600,645.56
1727062012221,BTCUSD_PERP,bid,64100,506.86
1727062014054,BTCUSD_PERP,bid,64600,645.56
1727062025990,BTCUSD_PERP,bid,64600,655.56
1727062027698,BTCUSD_PERP,bid,64600,645.56
1727062028121,BTCUSD_PERP,bid,64600,645.86
1727062028940,BTCUSD_PERP,bid,64200,509.14
1727062029045,BTCUSD_PERP,bid,64200,635.61
1727062029560,BTCUSD_PERP,bid,64600,646.15
1727062030376,BTCUSD_PERP,bid,64600,645.85
1727062040934,BTCUSD_PERP,bid,64100,570.43
1727062040934,BTCUSD_PERP,bid,64100,634.46
1727062072059,BTCUSD_PERP,bid,64200,508.37
1727062072161,BTCUSD_PERP,bid,64200,571.93
1727062072263,BTCUSD_PERP,bid,64200,697.75
1727062072583,BTCUSD_PERP,bid,64200,760.66
1727062072688,BTCUSD_PERP,bid,64100,471.73
1727062072688,BTCUSD_PERP,bid,64200,824.22
1727062075224,BTCUSD_PERP,bid,64100,885.92
1727062075534,BTCUSD_PERP,bid,64100,507.15
1727062075534,BTCUSD_PERP,bid,64100,949.44
1727062085114,BTCUSD_PERP,bid,64200,570.54
1727062085210,BTCUSD_PERP,bid,64200,634.09
1727062085314,BTCUSD_PERP,bid,64200,760.54
1727062085416,BTCUSD_PERP,bid,64200,824.09
1727062090820,BTCUSD_PERP,bid,64200,633.44
1727062090921,BTCUSD_PERP,bid,64100,697.31
1727062091028,BTCUSD_PERP,bid,64100,760.18
1727062091227,BTCUSD_PERP,bid,64100,823.7
1727062120020,BTCUSD_PERP,bid,64100,697.31
1727062120121,BTCUSD_PERP,bid,64100,695.14
1727062120223,BTCUSD_PERP,bid,64100,822.01
1727062120324,BTCUSD_PERP,bid,64100,885.5
1727062127786,BTCUSD_PERP,bid,64100,569.35
1727062127890,BTCUSD_PERP,bid,64000,821.49
1727062128195,BTCUSD_PERP,bid,64000,884.94
1727062156466,BTCUSD_PERP,bid,64000,821.49
1727062156870,BTCUSD_PERP,bid,64000,758.69
1727062157173,BTCUSD_PERP,bid,64000,632.44
1727062157275,BTCUSD_PERP,bid,64000,569.1
1727062171305,BTCUSD_PERP,bid,62500,533.68
1727062189240,BTCUSD_PERP,bid,64000,505.65
1727062189960,BTCUSD_PERP,bid,64100,506.68
1727062190059,BTCUSD_PERP,bid,64100,569.52
1727062190339,BTCUSD_PERP,bid,64100,632.36
1727062219141,BTCUSD_PERP,bid,62500,533.73
1727062245939,BTCUSD_PERP,ask,65300,459.49
1727062255123,BTCUSD_PERP,ask,65300,459.47
1727062264797,BTCUSD_PERP,bid,64000,508.73
1727062266531,BTCUSD_PERP,ask,65300,517.64
1727062311176,BTCUSD_PERP,bid,64000,568.78
1727062353004,BTCUSD_PERP,bid,64000,505.33
1727062388137,BTCUSD_PERP,bid,63900,505.26
1727062411634,BTCUSD_PERP,bid,63900,504.88
1727062411762,BTCUSD_PERP,bid,63900,568.23
1727062411967,BTCUSD_PERP,bid,63900,631.58
1727062434513,BTCUSD_PERP,ask,65200,462.16
1727062435683,BTCUSD_PERP,ask,65200,479.09
1727062441411,BTCUSD_PERP,bid,63900,511.59
1727062447405,BTCUSD_PERP,bid,63900,505.6
1727062447505,BTCUSD_PERP,bid,63900,568.24
1727062447710,BTCUSD_PERP,bid,63900,631.52
1727062470170,BTCUSD_PERP,bid,63900,568.88
1727062470368,BTCUSD_PERP,bid,63900,506.24
1727062471172,BTCUSD_PERP,bid,63900,505.34
1727062471286,BTCUSD_PERP,bid,63900,568.67
1727062471592,BTCUSD_PERP,bid,63900,632.0
1727062471689,BTCUSD_PERP,bid,63900,758.01
1727062471905,BTCUSD_PERP,bid,63900,820.69
1727062481521,BTCUSD_PERP,ask,65100,516.25
1727062494983,BTCUSD_PERP,bid,63900,506.0
1727062495287,BTCUSD_PERP,bid,63900,632.66
1727062495390,BTCUSD_PERP,bid,63900,758.68
1727062495598,BTCUSD_PERP,bid,63900,884.06
1727062495697,BTCUSD_PERP,bid,63900,946.75
1727062495799,BTCUSD_PERP,bid,63900,1009.44
1727062518108,BTCUSD_PERP,bid,63900,946.11
1727062518210,BTCUSD_PERP,bid,63900,819.45
1727062518317,BTCUSD_PERP,bid,63900,756.76
1727062518415,BTCUSD_PERP,bid,63900,693.43
1727062518513,BTCUSD_PERP,bid,63900,503.44
1727062519623,BTCUSD_PERP,bid,64000,503.68
1727062519728,BTCUSD_PERP,bid,64000,566.41
1727062519825,BTCUSD_PERP,bid,64000,629.79
1727062536718,BTCUSD_PERP,bid,64000,566.41
1727062543829,BTCUSD_PERP,ask,65100,474.38
1727062543924,BTCUSD_PERP,ask,65100,538.9
1727062544033,BTCUSD_PERP,ask,65100,603.39
1727062552203,BTCUSD_PERP,ask,65100,582.1
1727062556405,BTCUSD_PERP,ask,65100,575.65
1727062557964,BTCUSD_PERP,ask,65100,565.33
1727062558184,BTCUSD_PERP,ask,65100,500.81
1727062642669,BTCUSD_PERP,bid,63900,505.51
1727062658062,BTCUSD_PERP,bid,63900,523.0
1727062658163,BTCUSD_PERP,bid,63900,586.3
1727062658468,BTCUSD_PERP,bid,63900,649.6
1727062671474,BTCUSD_PERP,bid,63900,819.26
1727062671581,BTCUSD_PERP,bid,63900,944.5
1727062671688,BTCUSD_PERP,bid,63900,1007.77
1727062734372,BTCUSD_PERP,bid,63900,945.15
1727062734471,BTCUSD_PERP,bid,63900,819.91
1727062734577,BTCUSD_PERP,bid,63900,694.02
1727062734777,BTCUSD_PERP,bid,63900,631.4
1727062735084,BTCUSD_PERP,bid,63900,568.13
1727062736095,BTCUSD_PERP,bid,63900,569.12
1727062736200,BTCUSD_PERP,bid,63900,632.44
1727062736303,BTCUSD_PERP,bid,63900,758.43
1727062736400,BTCUSD_PERP,bid,63900,821.1
1727062738091,BTCUSD_PERP,bid,63900,568.47
1727062754619,BTCUSD_PERP,bid,63900,566.08
1727062754730,BTCUSD_PERP,bid,63900,629.3
1727062754820,BTCUSD_PERP,bid,63900,755.96
1727062762140,BTCUSD_PERP,bid,63900,692.63
1727062766223,BTCUSD_PERP,ask,65100,516.2
1727062770650,BTCUSD_PERP,ask,65100,526.61
1727062771876,BTCUSD_PERP,ask,65100,537.02
1727062794649,BTCUSD_PERP,bid,62500,530.73
1727062831003,BTCUSD_PERP,ask,65100,526.61
1727062832341,BTCUSD_PERP,ask,65100,516.2
1727062835816,BTCUSD_PERP,bid,62500,530.79
1727062858704,BTCUSD_PERP,ask,65200,516.44
1727062859435,BTCUSD_PERP,ask,65200,526.86
1727062941289,BTCUSD_PERP,bid,63900,510.44
1727062941493,BTCUSD_PERP,bid,63900,573.11
1727063022339,BTCUSD_PERP,bid,63900,566.73
1727063122210,BTCUSD_PERP,bid,63900,502.42
1727063122309,BTCUSD_PERP,bid,63900,565.71
1727063136076,BTCUSD_PERP,bid,63800,565.41
1727063286077,BTCUSD_PERP,ask,65100,515.56
1727063286808,BTCUSD_PERP,bid,63800,504.92
1727063290784,BTCUSD_PERP,bid,63800,502.56
1727063293319,BTCUSD_PERP,ask,65100,515.8
1727063296404,BTCUSD_PERP,bid,63000,571.22
1727063459780,BTCUSD_PERP,bid,63900,502.83
1727063513113,BTCUSD_PERP,bid,63000,571.47
1727063599843,BTCUSD_PERP,ask,65100,515.96
1727063642126,BTCUSD_PERP,ask,65100,515.64
1727063694459,BTCUSD_PERP,ask,65000,515.16
1727063695681,BTCUSD_PERP,ask,65000,521.65
1727063698062,BTCUSD_PERP,bid,63700,507.65
1727063779067,BTCUSD_PERP,bid,63800,502.92
1727063784105,BTCUSD_PERP,bid,63800,503.0
1727063791675,BTCUSD_PERP,bid,63800,503.15
1727063825415,BTCUSD_PERP,bid,63800,502.77
1727063860458,BTCUSD_PERP,bid,63700,502.64
1727064109624,BTCUSD_PERP,bid,63800,507.4
1727064109830,BTCUSD_PERP,bid,63800,570.64
1727064118105,BTCUSD_PERP,bid,63900,504.83
1727064118211,BTCUSD_PERP,bid,63900,630.74
1727064118413,BTCUSD_PERP,bid,63900,756.65
1727064126616,BTCUSD_PERP,bid,63900,630.85
1727064126817,BTCUSD_PERP,bid,63800,504.05
1727064126916,BTCUSD_PERP,bid,63800,567.3
1727064197955,BTCUSD_PERP,bid,63800,504.05
1727064199374,BTCUSD_PERP,bid,63900,567.5
1727064199474,BTCUSD_PERP,bid,63900,630.78
1727064199571,BTCUSD_PERP,bid,63900,694.06
1727064199672,BTCUSD_PERP,bid,63900,756.7
1727064199780,BTCUSD_PERP,bid,63900,882.62
1727064254538,BTCUSD_PERP,bid,63900,756.06
1727064254640,BTCUSD_PERP,bid,63800,566.65
1727064326489,BTCUSD_PERP,bid,63000,571.51
1727064371008,BTCUSD_PERP,bid,63800,756.05
1727064428466,BTCUSD_PERP,bid,63000,571.54
1727064522268,BTCUSD_PERP,bid,63000,571.55
1727064537848,BTCUSD_PERP,bid,63800,630.26
1727064602212,BTCUSD_PERP,bid,63800,504.46
1727064735326,BTCUSD_PERP,bid,63800,567.84
1727064735538,BTCUSD_PERP,bid,63800,756.94
1727064735758,BTCUSD_PERP,bid,63800,882.79
1727064735832,BTCUSD_PERP,bid,63800,946.04
1727064747753,BTCUSD_PERP,bid,63800,945.59
1727064764069,BTCUSD_PERP,bid,63800,691.74
1727064764173,BTCUSD_PERP,bid,63800,1006.88
1727064764276,BTCUSD_PERP,bid,63700,488.48
1727064764276,BTCUSD_PERP,bid,63800,1070.06
1727064764578,BTCUSD_PERP,bid,63700,490.07
1727064842062,BTCUSD_PERP,bid,63700,488.48
1727064842876,BTCUSD_PERP,bid,63800,881.17
1727064842977,BTCUSD_PERP,bid,63800,756.11
1727064843079,BTCUSD_PERP,bid,63800,631.05
1727064843180,BTCUSD_PERP,bid,63800,567.87
1727064843288,BTCUSD_PERP,bid,63800,504.69
1727064843288,BTCUSD_PERP,bid,63800,565.69
1727064843489,BTCUSD_PERP,bid,63800,628.9
1727064843679,BTCUSD_PERP,bid,63700,488.88
1727064843679,BTCUSD_PERP,bid,63800,692.11
1727064843899,BTCUSD_PERP,bid,63800,755.32
1727064843993,BTCUSD_PERP,bid,63800,881.1
1727064844206,BTCUSD_PERP,bid,63800,944.31
1727064850724,BTCUSD_PERP,bid,63800,566.67
1727064851030,BTCUSD_PERP,bid,63800,629.85
1727064970157,BTCUSD_PERP,bid,63800,566.67
1727064970260,BTCUSD_PERP,bid,63700,503.2
1727064970361,BTCUSD_PERP,bid,63700,566.34
1727064970461,BTCUSD_PERP,bid,63700,629.48
1727065004747,BTCUSD_PERP,bid,63700,691.5
1727065004847,BTCUSD_PERP,bid,63600,487.46
1727065004847,BTCUSD_PERP,bid,63700,1005.75
1727065004950,BTCUSD_PERP,bid,63600,550.46
1727065004950,BTCUSD_PERP,bid,63700,1068.86
1727065028845,BTCUSD_PERP,bid,63000,571.57
1727065105433,BTCUSD_PERP,bid,63000,569.67
1727065116068,BTCUSD_PERP,bid,63600,487.22
1727065116068,BTCUSD_PERP,bid,63700,879.62
1727065116170,BTCUSD_PERP,bid,63000,575.34
1727065116170,BTCUSD_PERP,bid,63600,550.21
1727065116170,BTCUSD_PERP,bid,63700,1005.76
1727065116269,BTCUSD_PERP,bid,63700,1068.83
1727065166396,BTCUSD_PERP,bid,63700,818.5
1727065166497,BTCUSD_PERP,bid,63600,549.89
1727065166497,BTCUSD_PERP,bid,63600,1067.67
1727065166706,BTCUSD_PERP,bid,63600,612.82
1727065166706,BTCUSD_PERP,bid,63600,1130.71
1727065185703,BTCUSD_PERP,bid,63600,565.41
1727065185798,BTCUSD_PERP,bid,63600,710.98
1727065186514,BTCUSD_PERP,bid,63600,773.34
1727065189576,BTCUSD_PERP,ask,64800,462.48
1727065189678,BTCUSD_PERP,ask,64800,526.72
1727065237904,BTCUSD_PERP,ask,64800,520.3
1727065238924,BTCUSD_PERP,bid,63600,710.34
1727065239020,BTCUSD_PERP,bid,63600,584.34
1727065239423,BTCUSD_PERP,bid,63600,565.95
1727065239726,BTCUSD_PERP,bid,63600,628.34
1727065239828,BTCUSD_PERP,bid,63600,690.73
1727065239929,BTCUSD_PERP,bid,63600,753.77
1727065240252,BTCUSD_PERP,bid,63600,816.81
1727065240365,BTCUSD_PERP,bid,63600,486.89
1727065240365,BTCUSD_PERP,bid,63600,941.59
1727065240460,BTCUSD_PERP,bid,63600,549.86
1727065240574,BTCUSD_PERP,bid,63600,612.82
1727065240574,BTCUSD_PERP,bid,63600,1004.63
1727065240674,BTCUSD_PERP,bid,63600,1130.06
1727065343463,BTCUSD_PERP,bid,63600,502.37
1727065343568,BTCUSD_PERP,bid,63500,549.6
1727065343568,BTCUSD_PERP,bid,63600,1004.05
1727065343668,BTCUSD_PERP,bid,63600,1067.05
1727065343767,BTCUSD_PERP,bid,63500,612.5
1727065343767,BTCUSD_PERP,bid,63600,1130.05
1727065345594,BTCUSD_PERP,ask,64800,471.03
1727065397135,BTCUSD_PERP,bid,63500,630.61
1727065397238,BTCUSD_PERP,bid,63500,881.8
1727065432399,BTCUSD_PERP,bid,63500,563.66
1727065432497,BTCUSD_PERP,bid,63500,548.93
1727065432497,BTCUSD_PERP,bid,63500,1191.01
1727065432600,BTCUSD_PERP,bid,63400,497.51
1727065432600,BTCUSD_PERP,bid,63500,611.75
1727065432704,BTCUSD_PERP,bid,63500,1253.94
1727065433106,BTCUSD_PERP,bid,63500,486.03
1727065433106,BTCUSD_PERP,bid,63500,753.21
1727065433210,BTCUSD_PERP,bid,63400,507.7
1727065433210,BTCUSD_PERP,bid,63400,489.67
1727065433210,BTCUSD_PERP,bid,63500,1076.8
1727065494255,BTCUSD_PERP,bid,63400,498.29
1727065499258,BTCUSD_PERP,bid,63400,832.95
1727065499362,BTCUSD_PERP,bid,63400,895.8
1727065513356,BTCUSD_PERP,bid,63400,832.95
1727065513680,BTCUSD_PERP,bid,63400,770.74
1727065514201,BTCUSD_PERP,bid,63400,707.89
1727065514305,BTCUSD_PERP,bid,63400,521.26
1727065514305,BTCUSD_PERP,bid,63500,500.86
1727065514406,BTCUSD_PERP,bid,63500,563.1
1727065514508,BTCUSD_PERP,bid,63500,625.98
1727065514606,BTCUSD_PERP,bid,63500,750.99
1727065514809,BTCUSD_PERP,bid,63500,813.87
1727065515013,BTCUSD_PERP,bid,63500,876.75
1727065515108,BTCUSD_PERP,bid,63500,1126.99
1727065515516,BTCUSD_PERP,bid,63400,501.87
1727065539334,BTCUSD_PERP,bid,63500,688.22
1727065539431,BTCUSD_PERP,bid,63400,562.4
1727065539639,BTCUSD_PERP,bid,63400,625.25
1727065543945,BTCUSD_PERP,ask,64700,468.83
1727065544044,BTCUSD_PERP,ask,64700,532.88
1727065569446,BTCUSD_PERP,bid,63000,575.35
1727065604973,BTCUSD_PERP,bid,63000,575.44
1727065605076,BTCUSD_PERP,bid,63500,501.01
1727065605173,BTCUSD_PERP,bid,63500,813.49
1727065605286,BTCUSD_PERP,bid,63500,875.73
1727065605387,BTCUSD_PERP,bid,63500,938.61
1727065605590,BTCUSD_PERP,bid,63500,1064.37
1727065649219,BTCUSD_PERP,bid,63500,564.0
1727065649321,BTCUSD_PERP,bid,63400,813.69
1727065649526,BTCUSD_PERP,bid,63400,876.54
1727065654238,BTCUSD_PERP,ask,64700,512.51
1727065654341,BTCUSD_PERP,ask,64700,522.85
1727065655207,BTCUSD_PERP,ask,64700,533.19
1727065656310,BTCUSD_PERP,ask,64700,539.65
1727065660246,BTCUSD_PERP,ask,64700,549.99
1727065714567,BTCUSD_PERP,ask,64700,539.65
1727065715305,BTCUSD_PERP,ask,64700,529.31
1727065720305,BTCUSD_PERP,ask,64700,518.97
1727065759523,BTCUSD_PERP,ask,64700,512.51
1727065766297,BTCUSD_PERP,bid,63400,813.8
1727065766394,BTCUSD_PERP,bid,63400,750.42
1727065766497,BTCUSD_PERP,bid,63400,813.23
1727065766608,BTCUSD_PERP,bid,63400,876.04
1727065776538,BTCUSD_PERP,bid,63400,813.43
1727065776743,BTCUSD_PERP,bid,63400,876.21
1727065780636,BTCUSD_PERP,bid,63300,599.15
1727065780946,BTCUSD_PERP,bid,63300,661.88
1727065791894,BTCUSD_PERP,bid,63300,599.79
1727065791993,BTCUSD_PERP,bid,63300,537.06
1727065792202,BTCUSD_PERP,bid,63300,474.33
1727065793920,BTCUSD_PERP,bid,63400,500.77
1727065897536,BTCUSD_PERP,bid,63400,499.84
1727065914264,BTCUSD_PERP,bid,63000,575.5
1727065961591,BTCUSD_PERP,bid,63400,625.78
1727065961892,BTCUSD_PERP,bid,63400,813.34
1727065961993,BTCUSD_PERP,bid,63400,875.47
1727065962099,BTCUSD_PERP,bid,63400,938.24
1727065971135,BTCUSD_PERP,ask,64600,511.87
1727065973453,BTCUSD_PERP,bid,63000,584.93
1727065987705,BTCUSD_PERP,bid,63300,874.92
1727065987809,BTCUSD_PERP,bid,63300,937.65
1727065991099,BTCUSD_PERP,bid,63000,585.49
1727066024525,BTCUSD_PERP,bid,63000,585.51
1727066047853,BTCUSD_PERP,bid,63300,624.33
1727066047946,BTCUSD_PERP,bid,63300,749.73
1727066048053,BTCUSD_PERP,bid,63300,812.43
1727066051012,BTCUSD_PERP,bid,63000,576.08
1727066055102,BTCUSD_PERP,bid,63300,562.27
1727066055200,BTCUSD_PERP,bid,63300,811.94
1727066055305,BTCUSD_PERP,bid,63300,873.96
1727066095473,BTCUSD_PERP,bid,63000,576.57
1727066130584,BTCUSD_PERP,ask,64500,521.31
1727066164267,BTCUSD_PERP,bid,63300,811.94
1727066164466,BTCUSD_PERP,bid,63300,749.28
1727066164566,BTCUSD_PERP,bid,63300,686.72
1727066164875,BTCUSD_PERP,bid,63300,624.7
1727066165179,BTCUSD_PERP,bid,63300,499.38
1727066175108,BTCUSD_PERP,ask,64600,518.01
1727066189715,BTCUSD_PERP,ask,64600,528.33
1727066198113,BTCUSD_PERP,bid,63000,576.58
1727066217224,BTCUSD_PERP,ask,64600,524.64
1727066245218,BTCUSD_PERP,ask,64600,518.25
1727066259953,BTCUSD_PERP,bid,63300,562.38
1727066264181,BTCUSD_PERP,ask,64500,511.4
1727066270904,BTCUSD_PERP,ask,64500,532.68
1727066271511,BTCUSD_PERP,ask,64500,553.97
1727066279154,BTCUSD_PERP,bid,63300,499.68
1727066279154,BTCUSD_PERP,ask,64600,511.71
1727066315844,BTCUSD_PERP,bid,63000,576.09
1727066414511,BTCUSD_PERP,bid,63300,500.64
1727066424767,BTCUSD_PERP,ask,64600,511.64
1727066427514,BTCUSD_PERP,bid,63300,500.4
1727066452125,BTCUSD_PERP,bid,63000,575.53
1727066466385,BTCUSD_PERP,bid,63300,500.0
1727066466484,BTCUSD_PERP,bid,63300,562.74
1727066575445,BTCUSD_PERP,bid,63300,499.96
1727066577770,BTCUSD_PERP,ask,64600,511.62
1727066600033,BTCUSD_PERP,bid,63000,575.83
1727066613760,BTCUSD_PERP,bid,63000,575.85
1727066826706,BTCUSD_PERP,ask,64500,511.32
1727066827410,BTCUSD_PERP,bid,63300,499.52
1727066888706,BTCUSD_PERP,ask,64500,511.0
1727066897094,BTCUSD_PERP,bid,63200,500.86
1727066897202,BTCUSD_PERP,bid,63200,563.51
1727066898567,BTCUSD_PERP,bid,63200,581.21
1727066943643,BTCUSD_PERP,bid,63200,518.56
1727066945597,BTCUSD_PERP,ask,64500,511.3
1727066999895,BTCUSD_PERP,ask,64500,511.55
1727067087037,BTCUSD_PERP,bid,63300,499.84
1727067087460,BTCUSD_PERP,bid,63300,561.92
1727067319952,BTCUSD_PERP,bid,63000,575.55
1727067350956,BTCUSD_PERP,bid,63300,500.08
1727067351559,BTCUSD_PERP,bid,63300,562.83
1727067371363,BTCUSD_PERP,bid,63000,575.7
1727067797533,BTCUSD_PERP,bid,63300,499.84
1727067797640,BTCUSD_PERP,bid,63300,562.56
1727068205105,BTCUSD_PERP,ask,64500,517.38
1727068210643,BTCUSD_PERP,ask,64500,511.0
1727068212984,BTCUSD_PERP,ask,64500,510.76
1727068221213,BTCUSD_PERP,bid,63100,514.01
1727068221313,BTCUSD_PERP,bid,63100,638.4
1727068225434,BTCUSD_PERP,ask,64400,510.03
1727068229395,BTCUSD_PERP,bid,63100,498.01
1727068229495,BTCUSD_PERP,bid,63100,560.51
1727068249426,BTCUSD_PERP,ask,64300,516.13
1727068266008,BTCUSD_PERP,ask,64300,509.96
1727068278301,BTCUSD_PERP,ask,64400,510.2
1727068298289,BTCUSD_PERP,bid,63200,498.54
1727068298389,BTCUSD_PERP,bid,63200,623.68
1727068303301,BTCUSD_PERP,bid,63200,623.83
1727068307942,BTCUSD_PERP,ask,64400,510.44
1727068407506,BTCUSD_PERP,bid,63100,498.21
1727068407709,BTCUSD_PERP,bid,63100,560.74
1727068408624,BTCUSD_PERP,bid,63100,622.59
1727068416508,BTCUSD_PERP,ask,64300,509.88
1727068447126,BTCUSD_PERP,bid,63100,498.85
1727068448297,BTCUSD_PERP,bid,63100,585.41
1727068460479,BTCUSD_PERP,bid,63100,523.02
1727068499991,BTCUSD_PERP,bid,63100,497.9
1727068500096,BTCUSD_PERP,bid,63100,560.39
1727068500190,BTCUSD_PERP,bid,63100,622.88
1727068523831,BTCUSD_PERP,bid,63100,561.03
1727068524038,BTCUSD_PERP,bid,63100,499.18
1727068524954,BTCUSD_PERP,bid,63100,560.74
1727068525243,BTCUSD_PERP,bid,63100,623.27
1727068534995,BTCUSD_PERP,ask,64400,510.2
1727068535308,BTCUSD_PERP,bid,63100,560.72
1727068535504,BTCUSD_PERP,bid,63100,498.21
1727068536532,BTCUSD_PERP,bid,63100,497.84
1727068536639,BTCUSD_PERP,bid,63100,560.39
1727068536750,BTCUSD_PERP,bid,63100,622.94
1727068536950,BTCUSD_PERP,bid,63100,684.85
1727068669415,BTCUSD_PERP,bid,63100,561.38
1727068673622,BTCUSD_PERP,bid,63000,575.77
1727068707467,BTCUSD_PERP,bid,63100,498.96
1727068718604,BTCUSD_PERP,bid,63100,622.94
1727068721030,BTCUSD_PERP,bid,63100,561.03
1727068721030,BTCUSD_PERP,ask,64400,510.44
1727068721148,BTCUSD_PERP,bid,63100,498.48
1727068722201,BTCUSD_PERP,bid,63200,498.72
1727068722730,BTCUSD_PERP,bid,63200,560.66
1727068722991,BTCUSD_PERP,bid,63100,484.02
1727068722991,BTCUSD_PERP,bid,63200,623.24
1727068755387,BTCUSD_PERP,bid,63200,561.3
1727068763260,BTCUSD_PERP,bid,63100,483.77
1727068767504,BTCUSD_PERP,ask,64400,510.12
1727068769604,BTCUSD_PERP,ask,64400,520.41
1727068772033,BTCUSD_PERP,ask,64400,526.84
1727069002605,BTCUSD_PERP,bid,63000,582.3
1727069166138,BTCUSD_PERP,bid,63200,519.88
1727069171808,BTCUSD_PERP,bid,63200,518.31
1727069172229,BTCUSD_PERP,bid,63000,575.77
1727069172229,BTCUSD_PERP,bid,63200,500.62
1727069174262,BTCUSD_PERP,bid,63200,498.35
1727069247412,BTCUSD_PERP,bid,63000,579.44
1727069493604,BTCUSD_PERP,bid,63000,579.49
1727069673792,BTCUSD_PERP,bid,63200,686.9
1727069682292,BTCUSD_PERP,bid,63200,560.61
1727069721568,BTCUSD_PERP,bid,63200,624.27
1727069721976,BTCUSD_PERP,bid,63200,499.65
1727069723122,BTCUSD_PERP,bid,63300,500.02
1727069723238,BTCUSD_PERP,bid,63300,562.58
1727069723342,BTCUSD_PERP,bid,63300,624.6
1727069723450,BTCUSD_PERP,bid,63300,687.26
1727069727519,BTCUSD_PERP,bid,63200,497.97
1727069744906,BTCUSD_PERP,bid,63300,628.64
1727069745006,BTCUSD_PERP,bid,63300,691.34
1727069748001,BTCUSD_PERP,bid,63300,691.49
1727069751619,BTCUSD_PERP,bid,63300,691.64
1727069763661,BTCUSD_PERP,bid,63300,628.94
1727069763766,BTCUSD_PERP,bid,63300,503.65
1727069764790,BTCUSD_PERP,bid,63300,499.91
1727069764995,BTCUSD_PERP,bid,63300,562.57
1727069765195,BTCUSD_PERP,bid,63300,625.23
1727070152658,BTCUSD_PERP,bid,63000,579.5
1727070239522,BTCUSD_PERP,bid,63300,562.57
1727070239622,BTCUSD_PERP,bid,63300,500.55
1727070240861,BTCUSD_PERP,bid,63300,624.97
1727070241405,BTCUSD_PERP,bid,63300,687.67
1727070250313,BTCUSD_PERP,bid,63300,687.82
1727070259681,BTCUSD_PERP,bid,63300,689.4
1727070260223,BTCUSD_PERP,bid,63300,707.11
1727070261980,BTCUSD_PERP,bid,63300,709.38
1727070296491,BTCUSD_PERP,bid,63000,579.35
1727070379964,BTCUSD_PERP,bid,63300,707.8
1727070380780,BTCUSD_PERP,bid,63300,690.09
1727070382363,BTCUSD_PERP,bid,63300,687.82
1727070402569,BTCUSD_PERP,bid,63300,625.12
1727070402670,BTCUSD_PERP,bid,63300,563.06
1727070402874,BTCUSD_PERP,bid,63300,501.0
1727070403081,BTCUSD_PERP,bid,63200,500.65
1727070420852,BTCUSD_PERP,ask,64500,474.7
1727070440917,BTCUSD_PERP,ask,64500,468.32
1727070840724,BTCUSD_PERP,bid,63000,579.98
1727070955629,BTCUSD_PERP,ask,64400,486.2
1727071001719,BTCUSD_PERP,bid,63000,580.08
1727071003400,BTCUSD_PERP,bid,63100,622.58
1727071003599,BTCUSD_PERP,bid,63100,685.09
1727071058525,BTCUSD_PERP,bid,63100,622.58
1727071058834,BTCUSD_PERP,bid,63100,560.07
1727071059439,BTCUSD_PERP,bid,63100,498.19
1727071060251,BTCUSD_PERP,bid,63100,561.01
1727071060353,BTCUSD_PERP,bid,63100,622.93
1727071060453,BTCUSD_PERP,bid,63100,685.49
1727071060548,BTCUSD_PERP,bid,63100,747.41
1727071061171,BTCUSD_PERP,bid,63100,809.97
1727071118341,BTCUSD_PERP,ask,64400,466.81
1727071118443,BTCUSD_PERP,ask,64400,477.1
1727071119369,BTCUSD_PERP,ask,64400,487.39
1727071119577,BTCUSD_PERP,ask,64400,497.69
1727071177505,BTCUSD_PERP,ask,64400,487.72
1727071178824,BTCUSD_PERP,ask,64400,467.14
1727071215087,BTCUSD_PERP,bid,63000,548.74
1727071215087,BTCUSD_PERP,bid,63100,934.38
1727071215398,BTCUSD_PERP,bid,63100,996.89
1727071215497,BTCUSD_PERP,bid,63000,611.15
1727071293282,BTCUSD_PERP,bid,63000,548.7
1727071293282,BTCUSD_PERP,bid,63100,935.02
1727071293500,BTCUSD_PERP,bid,63000,486.25
1727071293599,BTCUSD_PERP,bid,63100,872.51
1727071293697,BTCUSD_PERP,bid,63100,810.0
1727071293804,BTCUSD_PERP,bid,63100,561.22
1727071293907,BTCUSD_PERP,bid,63100,498.71
1727071294001,BTCUSD_PERP,bid,63100,499.01
1727071294205,BTCUSD_PERP,bid,63100,624.11
1727071294405,BTCUSD_PERP,bid,63100,810.48
1727071294508,BTCUSD_PERP,bid,63100,873.03
1727071294612,BTCUSD_PERP,bid,63100,935.58
1727071294920,BTCUSD_PERP,bid,63100,997.49
1727071295131,BTCUSD_PERP,bid,63100,483.71
1727071295227,BTCUSD_PERP,bid,63100,545.57
1727071400418,BTCUSD_PERP,bid,63000,575.08
1727071413838,BTCUSD_PERP,bid,63100,934.94
1727071414051,BTCUSD_PERP,bid,63100,810.48
1727071414255,BTCUSD_PERP,bid,63100,622.83
1727071414458,BTCUSD_PERP,bid,63100,560.28
1727071414672,BTCUSD_PERP,bid,63200,561.94
1727071414764,BTCUSD_PERP,bid,63200,623.88
1727071414885,BTCUSD_PERP,bid,63200,685.82
1727071414983,BTCUSD_PERP,bid,63200,747.76
1727071415197,BTCUSD_PERP,bid,63100,483.84
1727071415197,BTCUSD_PERP,bid,63200,872.28
1727071415406,BTCUSD_PERP,bid,63100,608.42
1727071415505,BTCUSD_PERP,bid,63200,934.86
1727071415607,BTCUSD_PERP,bid,63200,997.44
1727071415721,BTCUSD_PERP,bid,63200,1059.91
1727071417606,BTCUSD_PERP,bid,63100,611.85
1727071432589,BTCUSD_PERP,bid,63000,581.31
1727071433652,BTCUSD_PERP,bid,63000,591.37
1727071434065,BTCUSD_PERP,bid,63000,601.12
1727071440380,BTCUSD_PERP,bid,63000,594.89
1727071494051,BTCUSD_PERP,bid,63000,584.83
1727071494349,BTCUSD_PERP,bid,63000,575.08
1727071584908,BTCUSD_PERP,bid,63200,872.92
1727071585008,BTCUSD_PERP,bid,63100,545.61
1727071585008,BTCUSD_PERP,bid,63100,934.3
1727071585111,BTCUSD_PERP,bid,63100,1059.4
1727071585214,BTCUSD_PERP,bid,63100,608.05
1727071585214,BTCUSD_PERP,bid,63100,1121.95
1727071613679,BTCUSD_PERP,ask,64300,576.44
1727071613679,BTCUSD_PERP,ask,64400,495.85
1727071615988,BTCUSD_PERP,ask,64400,474.8
1727071618575,BTCUSD_PERP,ask,64300,555.42
1727071624488,BTCUSD_PERP,bid,63000,499.41
1727071628614,BTCUSD_PERP,ask,64300,509.31
1727071660666,BTCUSD_PERP,ask,64300,509.56
1727071677013,BTCUSD_PERP,bid,63000,633.08
1727071726939,BTCUSD_PERP,ask,64300,509.8
1727071731351,BTCUSD_PERP,ask,64300,526.51
1727071733734,BTCUSD_PERP,ask,64300,532.94
1727071734297,BTCUSD_PERP,ask,64300,543.22
1727071734405,BTCUSD_PERP,ask,64300,549.65
1727071739134,BTCUSD_PERP,bid,63000,637.71
1727071791730,BTCUSD_PERP,ask,64300,543.22
1727071791941,BTCUSD_PERP,ask,64300,532.94
1727071793885,BTCUSD_PERP,ask,64300,526.51
1727071794314,BTCUSD_PERP,ask,64300,516.23
1727071794411,BTCUSD_PERP,ask,64300,509.8
1727071845602,BTCUSD_PERP,ask,64300,509.48
1727071939653,BTCUSD_PERP,bid,63000,622.49
1727071939753,BTCUSD_PERP,bid,63000,684.94
1727071975730,BTCUSD_PERP,bid,63000,637.72
1727071991219,BTCUSD_PERP,bid,63000,623.13
1727071991321,BTCUSD_PERP,bid,63000,498.23
1727071992594,BTCUSD_PERP,bid,63100,498.48
1727071993205,BTCUSD_PERP,bid,63100,510.77
1727072098105,BTCUSD_PERP,bid,63000,637.89
1727072113519,BTCUSD_PERP,bid,63100,498.48
1727072277270,BTCUSD_PERP,bid,63000,579.89
1727072330205,BTCUSD_PERP,bid,63100,561.29
1727072330719,BTCUSD_PERP,bid,63100,685.69
1727072331256,BTCUSD_PERP,bid,63100,689.36
1727072439351,BTCUSD_PERP,bid,63100,622.81
1727072439456,BTCUSD_PERP,bid,63100,685.29
1727072467353,BTCUSD_PERP,bid,63100,622.81
1727072467661,BTCUSD_PERP,bid,63100,560.43
1727072467761,BTCUSD_PERP,bid,63100,497.95
1727072483123,BTCUSD_PERP,ask,64400,510.11
1727072510592,BTCUSD_PERP,ask,64400,535.83
1727072511091,BTCUSD_PERP,ask,64400,510.36
1727072551806,BTCUSD_PERP,ask,64400,510.04
1727072553705,BTCUSD_PERP,ask,64400,516.47
1727072554112,BTCUSD_PERP,ask,64400,533.19
1727072554321,BTCUSD_PERP,ask,64400,539.62
1727072560545,BTCUSD_PERP,bid,63100,561.29
1727072560648,BTCUSD_PERP,bid,63100,623.81
1727072570107,BTCUSD_PERP,bid,63000,579.72
1727072587344,BTCUSD_PERP,bid,63100,685.29
1727072588165,BTCUSD_PERP,ask,64400,475.86
1727072588573,BTCUSD_PERP,ask,64300,509.8
1727072601933,BTCUSD_PERP,bid,63000,580.08
1727072628434,BTCUSD_PERP,bid,63000,623.04
1727072628536,BTCUSD_PERP,bid,63000,685.48
1727072703742,BTCUSD_PERP,bid,63000,560.6
1727072704225,BTCUSD_PERP,bid,63000,496.5
1727072707194,BTCUSD_PERP,bid,62900,638.78
1727072717490,BTCUSD_PERP,bid,62900,514.19
1727072749155,BTCUSD_PERP,bid,63000,580.14
1727072773201,BTCUSD_PERP,bid,63000,497.97
1727072773299,BTCUSD_PERP,bid,63000,560.39
1727072773605,BTCUSD_PERP,bid,63000,560.54
1727072776104,BTCUSD_PERP,ask,64200,509.16
1727072837177,BTCUSD_PERP,bid,63000,580.2
1727072941758,BTCUSD_PERP,bid,63000,498.86
1727072942175,BTCUSD_PERP,bid,63000,560.67
1727072942382,BTCUSD_PERP,bid,63000,623.12
1727072942486,BTCUSD_PERP,ask,64300,519.36
1727072943406,BTCUSD_PERP,ask,64300,529.64
1727072946311,BTCUSD_PERP,ask,64300,539.92
1727073002309,BTCUSD_PERP,ask,64300,529.96
1727073003777,BTCUSD_PERP,ask,64300,519.68
1727073006589,BTCUSD_PERP,ask,64300,509.4
1727073063645,BTCUSD_PERP,bid,63000,498.97
1727073064457,BTCUSD_PERP,bid,63100,497.83
1727073064559,BTCUSD_PERP,bid,63100,622.16
1727073064666,BTCUSD_PERP,bid,63100,746.49
1727073065073,BTCUSD_PERP,bid,63100,808.97
1727073065379,BTCUSD_PERP,bid,63100,871.45
1727073067766,BTCUSD_PERP,ask,64300,509.64
1727073090158,BTCUSD_PERP,bid,63100,808.97
1727073090260,BTCUSD_PERP,bid,63100,746.49
1727073090364,BTCUSD_PERP,bid,63100,559.68
1727073090464,BTCUSD_PERP,bid,63100,497.83
1727073091497,BTCUSD_PERP,bid,63100,498.72
1727073091705,BTCUSD_PERP,bid,63100,560.6
1727073091905,BTCUSD_PERP,bid,63100,685.62
1727073092121,BTCUSD_PERP,bid,63100,810.0
1727073331573,BTCUSD_PERP,bid,63100,747.49
1727073331573,BTCUSD_PERP,ask,64400,510.19
1727073331680,BTCUSD_PERP,bid,63100,685.61
1727073331784,BTCUSD_PERP,bid,63100,623.1
1727073331784,BTCUSD_PERP,ask,64400,516.62
1727073331988,BTCUSD_PERP,bid,63100,498.08
1727073332195,BTCUSD_PERP,bid,63100,561.56
1727073332294,BTCUSD_PERP,bid,63100,623.47
1727073332497,BTCUSD_PERP,bid,63100,686.02
1727073332598,BTCUSD_PERP,bid,63100,747.93
1727073424904,BTCUSD_PERP,ask,64400,510.19
