1726531865262,BTCUSDT,bid,47000,848.782
1726532811203,BTCUSDT,bid,47000,848.779
1726532811923,BTCUSDT,bid,47000,848.769
1726533134448,BTCUSDT,bid,47500,633.698
1726534755458,BTCUSDT,ask,57700,1023.5
1726534756903,BTCUSDT,ask,57700,1025.932
1726534760000,BTCUSDT,ask,57700,1032.198
1726534796209,BTCUSDT,ask,57600,1001.036
1726534799081,BTCUSDT,ask,57600,1001.13
1726534801424,BTCUSDT,ask,57600,1001.147
1726534802139,BTCUSDT,ask,57600,1001.137
1726534838203,BTCUSDT,bid,47500,633.649
1726536158745,BTCUSDT,bid,47000,848.782
1726537411415,BTCUSDT,bid,57800,600.091
1726537412435,BTCUSDT,bid,57800,600.105
1726537413764,BTCUSDT,bid,57800,600.107
1726537414495,BTCUSDT,bid,57800,600.107
1726537414598,BTCUSDT,bid,57800,600.107
1726537414689,BTCUSDT,bid,57800,600.107
1726537417568,BTCUSDT,bid,57800,600.105
1726537419225,BTCUSDT,bid,57800,600.036
1726537435518,BTCUSDT,bid,57800,600.276
1726537436329,BTCUSDT,bid,57800,600.278
1726537439000,BTCUSDT,bid,57800,600.264
1726537439304,BTCUSDT,bid,57800,600.333
1726538074384,BTCUSDT,bid,47000,848.779
1726538528029,BTCUSDT,bid,57800,600.214
1726538558503,BTCUSDT,bid,57900,601.248
1726538559532,BTCUSDT,bid,57900,601.369
1726538563657,BTCUSDT,bid,57900,601.409
1726538564582,BTCUSDT,bid,57900,601.369
1726538566240,BTCUSDT,bid,57900,601.283
1726538570587,BTCUSDT,bid,57900,601.323
1726538571610,BTCUSDT,bid,57900,601.283
1726538590662,BTCUSDT,bid,57900,652.116
1726538590763,BTCUSDT,bid,57900,653.661
1726538590867,BTCUSDT,bid,57900,652.093
1726538591378,BTCUSDT,bid,57900,652.09
1726538592403,BTCUSDT,bid,57900,651.152
1726538595380,BTCUSDT,bid,57900,651.195
1726538598292,BTCUSDT,bid,57900,651.209
1726538598809,BTCUSDT,bid,57900,651.219
1726538602354,BTCUSDT,bid,57900,651.259
1726538602987,BTCUSDT,bid,57900,651.249
1726538603702,BTCUSDT,bid,57900,651.245
1726538603906,BTCUSDT,bid,57900,651.213
1726538604405,BTCUSDT,bid,57900,651.205
1726538605672,BTCUSDT,bid,57900,651.162
1726538608062,BTCUSDT,bid,57900,651.148
1726538612360,BTCUSDT,bid,57900,651.15
1726538613821,BTCUSDT,bid,57900,651.19
1726538614335,BTCUSDT,bid,57900,651.15
1726538616722,BTCUSDT,bid,57900,651.148
1726539152129,BTCUSDT,bid,44800,703.051
1726539181312,BTCUSDT,bid,44800,703.151
1726539336869,BTCUSDT,bid,57800,609.145
1726540642316,BTCUSDT,bid,57900,701.984
1726540665244,BTCUSDT,bid,57900,700.039
1726540665547,BTCUSDT,bid,57900,700.102
1726540667606,BTCUSDT,bid,57900,700.102
1726540679407,BTCUSDT,bid,57900,700.085
1726540688190,BTCUSDT,bid,57900,700.37
1726540688396,BTCUSDT,bid,57900,700.442
1726540691269,BTCUSDT,bid,57900,700.094
1726540691375,BTCUSDT,bid,57900,700.104
1726540691473,BTCUSDT,bid,57900,700.101
1726540691582,BTCUSDT,bid,57900,700.091
1726540699418,BTCUSDT,bid,57900,700.022
1726540721642,BTCUSDT,bid,57900,700.026
1726540725576,BTCUSDT,bid,57900,700.029
1726540725999,BTCUSDT,bid,57900,700.039
1726540726203,BTCUSDT,bid,57900,700.029
1726540733486,BTCUSDT,bid,57900,700.024
1726540827054,BTCUSDT,bid,47500,633.349
1726541131783,BTCUSDT,bid,58100,700.293
1726541132187,BTCUSDT,bid,58100,700.086
1726541132391,BTCUSDT,bid,58100,701.727
1726541588326,BTCUSDT,bid,47500,633.344
1726544023385,BTCUSDT,bid,47000,848.845
1726544140307,BTCUSDT,bid,47500,633.349
1726546412618,BTCUSDT,bid,47000,848.801
1726546870589,BTCUSDT,bid,47000,848.805
1726547792433,BTCUSDT,bid,47000,848.847
1726547925320,BTCUSDT,bid,47000,848.805
1726548094885,BTCUSDT,bid,47000,848.83
1726549291363,BTCUSDT,bid,47300,804.624
1726552032654,BTCUSDT,bid,47000,848.248
1726552049889,BTCUSDT,bid,47500,632.81
1726552350118,BTCUSDT,bid,47000,848.222
1726552494642,BTCUSDT,bid,58700,603.677
1726552495051,BTCUSDT,bid,58700,603.608
1726552500965,BTCUSDT,bid,58700,603.648
1726552501482,BTCUSDT,bid,58700,603.606
1726552501583,BTCUSDT,bid,58700,627.606
1726552504246,BTCUSDT,bid,58700,628.106
1726552506290,BTCUSDT,bid,58700,628.113
1726552507208,BTCUSDT,bid,58700,628.153
1726552507308,BTCUSDT,bid,58700,628.557
1726552507816,BTCUSDT,bid,58700,628.563
1726552509240,BTCUSDT,bid,58700,628.119
1726552522156,BTCUSDT,bid,58600,600.765
1726552522566,BTCUSDT,bid,58600,600.965
1726552560592,BTCUSDT,bid,47000,848.203
1726553110182,BTCUSDT,bid,47000,848.027
1726553706293,BTCUSDT,bid,47000,848.022
1726553872833,BTCUSDT,bid,47500,632.82
1726554414547,BTCUSDT,bid,47000,847.916
1726555553231,BTCUSDT,bid,47100,800.032
1726557712526,BTCUSDT,bid,47500,632.823
1726559820605,BTCUSDT,bid,58600,600.262
1726560271774,BTCUSDT,bid,47000,847.928
1726560271881,BTCUSDT,bid,47000,847.916
1726560272606,BTCUSDT,bid,47000,847.92
1726560272705,BTCUSDT,bid,47000,847.916
1726560272804,BTCUSDT,bid,47000,847.92
1726560272910,BTCUSDT,bid,47000,847.916
1726560320422,BTCUSDT,bid,58700,686.795
1726560320930,BTCUSDT,bid,58700,686.797
1726560323496,BTCUSDT,bid,58700,686.997
1726560325136,BTCUSDT,bid,58700,686.659
1726560325645,BTCUSDT,bid,58700,686.579
1726560325846,BTCUSDT,bid,58700,687.819
1726560326054,BTCUSDT,bid,58700,686.599
1726560327484,BTCUSDT,bid,58700,686.463
1726560327990,BTCUSDT,bid,58700,686.463
1726560328496,BTCUSDT,bid,58700,686.471
1726560328905,BTCUSDT,bid,58700,689.38
1726560329107,BTCUSDT,bid,58700,689.385
1726560452339,BTCUSDT,bid,47000,847.904
1726560509600,BTCUSDT,bid,47000,847.907
1726562080416,BTCUSDT,bid,47500,632.774
1726562429303,BTCUSDT,bid,47000,847.907
1726563641067,BTCUSDT,bid,47000,847.911
1726563641169,BTCUSDT,bid,47000,847.907
1726563793759,BTCUSDT,bid,47000,847.891
1726564533751,BTCUSDT,bid,47000,847.895
1726564533848,BTCUSDT,bid,47000,847.899
1726564533954,BTCUSDT,bid,47000,847.891
1726564545619,BTCUSDT,bid,47000,847.899
1726564545714,BTCUSDT,bid,47000,847.895
1726564545824,BTCUSDT,bid,47000,847.891
1726564546131,BTCUSDT,bid,47000,847.895
1726564546235,BTCUSDT,bid,47000,847.891
1726564546542,BTCUSDT,bid,47000,847.891
1726564546644,BTCUSDT,bid,47000,847.895
1726564546746,BTCUSDT,bid,47000,847.891
1726564547055,BTCUSDT,bid,47000,847.891
1726564547160,BTCUSDT,bid,47000,847.891
1726564547253,BTCUSDT,bid,47000,847.891
1726564547570,BTCUSDT,bid,47000,847.891
1726564547672,BTCUSDT,bid,47000,847.891
1726565534564,BTCUSDT,bid,47000,847.899
1726565534668,BTCUSDT,bid,47000,847.891
1726566620566,BTCUSDT,bid,47000,848.581
1726566884337,BTCUSDT,bid,58900,700.891
1726566886196,BTCUSDT,bid,58900,702.181
1726566886606,BTCUSDT,bid,58900,703.361
1726566886708,BTCUSDT,bid,58900,703.281
1726566886811,BTCUSDT,bid,58900,702.101
1726566888335,BTCUSDT,bid,58900,701.307
1726568434021,BTCUSDT,bid,47000,848.561
1726568818907,BTCUSDT,bid,47000,848.557
1726570597734,BTCUSDT,bid,47000,848.532
1726571602245,BTCUSDT,bid,47300,804.624
1726571602454,BTCUSDT,bid,47300,804.624
1726571602759,BTCUSDT,bid,47300,804.624
1726571602964,BTCUSDT,bid,47300,804.624
1726571603282,BTCUSDT,bid,47300,804.624
1726571603488,BTCUSDT,bid,47300,804.624
1726571603697,BTCUSDT,bid,47300,804.628
1726571603798,BTCUSDT,bid,47300,804.624
1726571604205,BTCUSDT,bid,47300,804.628
1726571604310,BTCUSDT,bid,47300,804.628
1726571604415,BTCUSDT,bid,47300,804.624
1726571604723,BTCUSDT,bid,47300,804.628
1726571604826,BTCUSDT,bid,47300,804.624
1726571606267,BTCUSDT,bid,47300,804.628
1726571606367,BTCUSDT,bid,47300,804.624
1726571768098,BTCUSDT,bid,47000,848.523
1726571975354,BTCUSDT,bid,47000,848.519
1726572344197,BTCUSDT,bid,47300,804.628
1726572344297,BTCUSDT,bid,47300,804.624
1726572344706,BTCUSDT,bid,47300,804.628
1726572344810,BTCUSDT,bid,47300,804.624
1726572345215,BTCUSDT,bid,47300,804.628
1726572345328,BTCUSDT,bid,47300,804.624
1726572346040,BTCUSDT,bid,47300,804.628
1726572346145,BTCUSDT,bid,47300,804.624
1726572347173,BTCUSDT,bid,47300,804.628
1726572347273,BTCUSDT,bid,47300,804.632
1726572347382,BTCUSDT,bid,47300,804.624
1726572347902,BTCUSDT,bid,47300,804.628
1726572348005,BTCUSDT,bid,47300,804.624
1726573581123,BTCUSDT,bid,47000,847.829
1726574456975,BTCUSDT,bid,47000,847.836
1726575078186,BTCUSDT,bid,47000,847.995
1726575635042,BTCUSDT,bid,47300,804.632
1726575635136,BTCUSDT,bid,47300,804.624
1726575635563,BTCUSDT,bid,47300,804.632
1726575635665,BTCUSDT,bid,47300,804.624
1726575636078,BTCUSDT,bid,47300,804.628
1726575636183,BTCUSDT,bid,47300,804.624
1726575636596,BTCUSDT,bid,47300,804.628
1726575636697,BTCUSDT,bid,47300,804.624
1726575644076,BTCUSDT,bid,47300,804.624
1726575644588,BTCUSDT,bid,47300,804.624
1726575645625,BTCUSDT,bid,47300,804.624
1726575646159,BTCUSDT,bid,47300,804.624
1726575714754,BTCUSDT,bid,47000,847.988
1726576217300,BTCUSDT,bid,47000,847.984
1726576350333,BTCUSDT,bid,47300,804.628
1726576350433,BTCUSDT,bid,47300,804.624
1726576350634,BTCUSDT,bid,47300,804.624
1726576350842,BTCUSDT,bid,47300,804.624
1726576533957,BTCUSDT,bid,47000,847.981
1726577238533,BTCUSDT,bid,59200,802.932
1726577238736,BTCUSDT,bid,59200,802.942
1726577239043,BTCUSDT,bid,59200,803.482
1726577239453,BTCUSDT,bid,59200,802.942
1726577239659,BTCUSDT,bid,59200,802.932
1726577240390,BTCUSDT,bid,59200,802.942
1726577240705,BTCUSDT,bid,59200,802.932
1726577243189,BTCUSDT,bid,59200,802.942
1726577244851,BTCUSDT,bid,59200,802.932
1726577245765,BTCUSDT,bid,59200,800.105
1726577246604,BTCUSDT,bid,59200,800.785
1726577247943,BTCUSDT,bid,59200,800.795
1726577248358,BTCUSDT,bid,59200,800.785
1726577248570,BTCUSDT,bid,59200,800.105
1726577256105,BTCUSDT,bid,59200,800.115
1726577258168,BTCUSDT,bid,59200,801.295
1726577258269,BTCUSDT,bid,59200,801.285
1726577258789,BTCUSDT,bid,59200,800.105
1726577260029,BTCUSDT,bid,59200,800.115
1726577278117,BTCUSDT,bid,59200,800.534
1726577279850,BTCUSDT,bid,59200,800.534
1726577559021,BTCUSDT,bid,59300,800.266
1726578200907,BTCUSDT,bid,47000,847.956
1726578853607,BTCUSDT,bid,47000,848.651
1726579521076,BTCUSDT,bid,47000,847.956
1726579873213,BTCUSDT,bid,47300,803.948
1726579906533,BTCUSDT,bid,47000,846.893
1726581704810,BTCUSDT,bid,47000,846.982
1726582328469,BTCUSDT,bid,47000,846.988
1726582505164,BTCUSDT,bid,47000,846.909
1726582572606,BTCUSDT,bid,47000,847.056
1726583021268,BTCUSDT,bid,47000,846.909
1726583563218,BTCUSDT,bid,47000,847.465
1726583714753,BTCUSDT,bid,47000,847.415
1726583783106,BTCUSDT,bid,47000,847.459
1726584067332,BTCUSDT,bid,47000,847.462
1726585376204,BTCUSDT,bid,60400,1000.74
1726585380609,BTCUSDT,bid,60400,1000.742
1726585381017,BTCUSDT,bid,60400,1000.696
1726585381324,BTCUSDT,bid,60400,1000.694
1726585381735,BTCUSDT,bid,60400,1000.708
1726585501582,BTCUSDT,bid,47000,847.303
1726585719046,BTCUSDT,bid,47000,847.304
1726585746312,BTCUSDT,bid,47000,846.985
1726586112488,BTCUSDT,bid,47000,846.925
1726586453874,BTCUSDT,bid,47000,846.919
1726586730162,BTCUSDT,bid,47000,846.794
1726586888668,BTCUSDT,bid,60600,528.49
1726586927959,BTCUSDT,bid,60600,528.498
1726586932355,BTCUSDT,bid,60600,528.495
1726586952575,BTCUSDT,bid,60600,528.503
1726586957363,BTCUSDT,bid,60600,528.505
1726586979805,BTCUSDT,bid,60600,532.762
1726586984833,BTCUSDT,bid,60600,532.76
1726587003204,BTCUSDT,bid,60600,533.058
1726587006456,BTCUSDT,bid,60600,534.071
1726587025718,BTCUSDT,bid,60600,534.083
1726587050139,BTCUSDT,bid,60600,534.05
1726587053401,BTCUSDT,bid,60600,534.052
1726587053709,BTCUSDT,bid,60600,534.019
1726587067441,BTCUSDT,bid,60600,534.01
1726587075313,BTCUSDT,bid,60600,534.063
1726587111682,BTCUSDT,bid,60600,534.066
1726587122475,BTCUSDT,bid,60600,534.071
1726587133587,BTCUSDT,bid,60600,534.165
1726587135348,BTCUSDT,bid,60600,555.297
1726587141164,BTCUSDT,bid,60600,556.297
1726587142277,BTCUSDT,bid,60600,537.959
1726587142378,BTCUSDT,bid,60600,535.165
1726587145013,BTCUSDT,bid,60600,535.265
1726587160743,BTCUSDT,bid,60600,535.195
1726587173335,BTCUSDT,bid,60600,535.215
1726587177820,BTCUSDT,bid,60600,534.934
1726587180992,BTCUSDT,bid,60600,534.636
1726587183230,BTCUSDT,bid,60600,534.658
1726587192065,BTCUSDT,bid,60600,534.661
1726587194292,BTCUSDT,bid,60600,534.671
1726587205054,BTCUSDT,bid,60600,533.553
1726587207497,BTCUSDT,bid,60600,533.543
1726587208914,BTCUSDT,bid,60600,533.546
1726587212965,BTCUSDT,bid,60600,533.612
1726587223847,BTCUSDT,bid,60600,533.899
1726587225981,BTCUSDT,bid,60600,533.909
1726587227498,BTCUSDT,bid,60600,533.941
1726587227700,BTCUSDT,bid,60600,533.942
1726587237690,BTCUSDT,bid,60600,533.952
1726587245217,BTCUSDT,bid,60600,533.964
1726587246231,BTCUSDT,bid,60600,534.045
1726587251014,BTCUSDT,bid,60600,534.257
1726587252339,BTCUSDT,bid,60600,534.207
1726587253359,BTCUSDT,bid,60600,534.257
1726587254483,BTCUSDT,bid,60600,534.277
1726587259046,BTCUSDT,bid,60600,530.02
1726587260786,BTCUSDT,bid,60600,530.028
1726587266999,BTCUSDT,bid,60600,529.928
1726587268216,BTCUSDT,bid,60600,529.942
1726587273929,BTCUSDT,bid,60600,529.956
1726587280057,BTCUSDT,bid,60600,529.972
1726587287489,BTCUSDT,bid,60600,529.993
1726587293391,BTCUSDT,bid,60600,529.996
1726587295029,BTCUSDT,bid,60600,532.089
1726587302611,BTCUSDT,bid,60600,532.099
1726587307611,BTCUSDT,bid,60600,532.066
1726587310668,BTCUSDT,bid,60600,532.266
1726587313732,BTCUSDT,bid,60600,532.166
1726587321659,BTCUSDT,bid,60600,531.866
1726587323822,BTCUSDT,bid,60600,531.876
1726587336059,BTCUSDT,bid,60600,531.856
1726587339322,BTCUSDT,bid,60600,531.863
1726587347092,BTCUSDT,bid,60600,531.905
1726587362853,BTCUSDT,bid,60600,531.908
1726587363761,BTCUSDT,bid,60600,531.932
1726587369658,BTCUSDT,bid,60600,530.932
1726587370061,BTCUSDT,bid,60600,530.734
1726587372202,BTCUSDT,bid,60600,530.754
1726587374844,BTCUSDT,bid,60600,530.756
1726587377294,BTCUSDT,bid,60600,530.755
1726587381063,BTCUSDT,bid,60600,530.925
1726587395542,BTCUSDT,bid,60600,530.978
1726587398802,BTCUSDT,bid,60600,530.995
1726587401471,BTCUSDT,bid,60600,531.076
1726587409849,BTCUSDT,bid,60600,531.078
1726587410568,BTCUSDT,bid,60600,531.095
1726587422312,BTCUSDT,bid,60600,531.078
1726587429218,BTCUSDT,bid,60600,530.997
1726587430544,BTCUSDT,bid,60600,531.025
1726587446807,BTCUSDT,bid,60600,531.015
1726587449454,BTCUSDT,bid,60600,531.055
1726587451707,BTCUSDT,bid,60600,531.204
1726587455299,BTCUSDT,bid,60600,531.311
1726587463181,BTCUSDT,bid,60600,529.218
1726587469819,BTCUSDT,bid,60600,529.215
1726587497126,BTCUSDT,bid,60600,530.518
1726587504764,BTCUSDT,bid,60600,531.018
1726587507455,BTCUSDT,bid,60600,531.066
1726587534592,BTCUSDT,bid,60600,532.155
1726587539286,BTCUSDT,bid,60600,532.355
1726587542046,BTCUSDT,bid,60600,532.384
1726587563750,BTCUSDT,bid,60600,532.392
1726587568639,BTCUSDT,bid,60600,532.433
1726587571094,BTCUSDT,bid,60600,532.404
1726587586640,BTCUSDT,bid,60600,531.101
1726587612159,BTCUSDT,bid,60600,531.061
1726587616340,BTCUSDT,bid,60600,531.126
1726587631816,BTCUSDT,bid,60600,531.121
1726587684933,BTCUSDT,bid,60600,531.106
1726587689114,BTCUSDT,bid,60600,531.104
1726587693121,BTCUSDT,bid,60600,531.136
1726587767616,BTCUSDT,bid,60600,531.238
1726587772463,BTCUSDT,bid,60600,531.21
1726587778622,BTCUSDT,bid,60600,531.103
1726587786943,BTCUSDT,bid,60600,530.954
1726587791321,BTCUSDT,bid,60600,530.959
1726587796948,BTCUSDT,bid,60600,531.208
1726587805734,BTCUSDT,bid,60600,531.234
1726587840205,BTCUSDT,bid,60600,531.218
1726587855293,BTCUSDT,bid,60600,531.215
1726587858162,BTCUSDT,bid,60600,531.217
1726587874910,BTCUSDT,bid,47000,847.006
1726587885922,BTCUSDT,bid,60600,531.205
1726587889829,BTCUSDT,bid,60600,531.163
1726587900630,BTCUSDT,bid,60600,531.165
1726587912117,BTCUSDT,bid,60600,531.163
1726587915173,BTCUSDT,bid,60600,531.166
1726587916401,BTCUSDT,bid,60600,531.194
1726587919558,BTCUSDT,bid,60600,531.191
1726587924981,BTCUSDT,bid,60600,531.125
1726587925901,BTCUSDT,bid,60600,531.178
1726587934167,BTCUSDT,bid,60600,531.197
1726587934373,BTCUSDT,bid,60600,531.566
1726587936939,BTCUSDT,bid,60600,531.573
1726587950535,BTCUSDT,bid,60600,531.566
1726587954946,BTCUSDT,bid,60600,531.569
1726587960467,BTCUSDT,bid,60600,531.602
1726587963724,BTCUSDT,bid,60600,531.622
1726587971369,BTCUSDT,bid,60600,531.619
1726587979632,BTCUSDT,bid,60600,531.669
1726587993167,BTCUSDT,bid,60600,531.671
1726587998283,BTCUSDT,bid,60600,531.674
1726588004001,BTCUSDT,bid,60600,531.762
1726588012150,BTCUSDT,bid,60600,531.765
1726588023546,BTCUSDT,bid,60600,531.815
1726588030066,BTCUSDT,bid,60600,531.825
1726588032203,BTCUSDT,bid,60600,531.907
1726588035354,BTCUSDT,bid,60600,531.919
1726588042100,BTCUSDT,bid,60600,531.917
1726588043828,BTCUSDT,bid,60600,531.914
1726588056393,BTCUSDT,bid,60600,531.832
1726588068064,BTCUSDT,bid,60600,532.432
1726588068982,BTCUSDT,bid,60600,531.832
1726588074225,BTCUSDT,bid,60600,531.874
1726588078822,BTCUSDT,bid,60600,531.91
1726588079231,BTCUSDT,bid,60600,531.822
1726588086255,BTCUSDT,bid,60600,532.131
1726588090547,BTCUSDT,bid,60600,532.268
1726588095474,BTCUSDT,bid,60600,532.27
1726588098431,BTCUSDT,bid,60600,532.884
1726588108781,BTCUSDT,bid,60600,532.919
1726588109091,BTCUSDT,bid,60600,532.9
1726588111747,BTCUSDT,bid,60600,532.887
1726588125852,BTCUSDT,bid,60600,532.987
1726588134712,BTCUSDT,bid,60600,532.618
1726588138284,BTCUSDT,bid,60600,532.682
1726588140219,BTCUSDT,bid,60600,532.684
1726588142467,BTCUSDT,bid,60600,532.678
1726588142972,BTCUSDT,bid,60600,532.675
1726588146351,BTCUSDT,bid,60600,532.685
1726588147879,BTCUSDT,bid,60600,532.751
1726588149514,BTCUSDT,bid,60600,533.478
1726588152587,BTCUSDT,bid,60600,533.48
1726588156455,BTCUSDT,bid,60600,513.48
1726588158918,BTCUSDT,bid,60600,513.482
1726588163810,BTCUSDT,bid,60600,513.484
1726588164022,BTCUSDT,bid,60600,513.482
1726588164336,BTCUSDT,bid,60600,513.484
1726588164747,BTCUSDT,bid,60600,513.482
1726588166887,BTCUSDT,bid,60600,513.982
1726588171268,BTCUSDT,bid,60600,513.955
1726588176879,BTCUSDT,bid,60600,513.962
1726588184924,BTCUSDT,bid,60600,513.957
1726588185635,BTCUSDT,bid,60600,514.039
1726588185734,BTCUSDT,bid,60600,514.041
1726588187887,BTCUSDT,bid,60600,513.975
1726588188298,BTCUSDT,bid,60600,513.977
1726588191754,BTCUSDT,bid,60600,514.044
1726588200421,BTCUSDT,bid,60600,514.064
1726588201838,BTCUSDT,bid,60600,512.71
1726588204984,BTCUSDT,bid,60600,512.712
1726588209858,BTCUSDT,bid,60600,512.762
1726588211279,BTCUSDT,bid,60600,512.766
1726588211890,BTCUSDT,bid,60600,512.759
1726588212190,BTCUSDT,bid,60600,512.762
1726588212703,BTCUSDT,bid,60600,512.817
1726588222694,BTCUSDT,bid,60600,512.782
1726588230240,BTCUSDT,bid,60600,513.092
1726588231489,BTCUSDT,bid,60600,513.097
1726588232715,BTCUSDT,bid,60600,513.097
1726588233028,BTCUSDT,bid,60600,513.107
1726588233330,BTCUSDT,bid,60600,513.107
1726588233636,BTCUSDT,bid,60600,513.107
1726588233940,BTCUSDT,bid,60600,513.107
1726588234248,BTCUSDT,bid,60600,513.097
1726588234541,BTCUSDT,bid,60600,513.107
1726588234865,BTCUSDT,bid,60600,513.107
1726588235172,BTCUSDT,bid,60600,513.107
1726588235374,BTCUSDT,bid,60600,513.107
1726588235475,BTCUSDT,bid,60600,513.149
1726588235679,BTCUSDT,bid,60600,513.149
1726588235994,BTCUSDT,bid,60600,513.149
1726588236302,BTCUSDT,bid,60600,513.139
1726588236609,BTCUSDT,bid,60600,513.149
1726588236710,BTCUSDT,bid,60600,513.215
1726588236912,BTCUSDT,bid,60600,513.205
1726588237621,BTCUSDT,bid,60600,513.219
1726588243674,BTCUSDT,bid,60600,513.082
1726588258032,BTCUSDT,bid,60600,513.018
1726588265989,BTCUSDT,bid,60600,512.951
1726588267415,BTCUSDT,bid,60600,512.337
1726588272299,BTCUSDT,bid,60600,512.833
1726588273719,BTCUSDT,bid,60600,512.837
1726588274133,BTCUSDT,bid,60600,512.823
1726588286143,BTCUSDT,bid,60600,512.82
1726588291015,BTCUSDT,bid,60600,512.792
1726588297423,BTCUSDT,bid,60600,512.782
1726588308363,BTCUSDT,bid,60600,512.682
1726588326951,BTCUSDT,bid,60600,512.719
1726588331656,BTCUSDT,bid,60600,512.6
1726588342398,BTCUSDT,bid,60600,512.559
1726588348521,BTCUSDT,bid,60600,512.563
1726588350359,BTCUSDT,bid,60600,512.671
1726588350460,BTCUSDT,bid,60600,512.686
1726588352497,BTCUSDT,bid,47000,846.996
1726588362611,BTCUSDT,bid,60600,512.578
1726588373033,BTCUSDT,bid,60600,512.552
1726588389405,BTCUSDT,bid,60600,513.167
1726588410443,BTCUSDT,bid,60600,513.48
1726588417606,BTCUSDT,bid,60600,513.482
1726588443874,BTCUSDT,bid,60600,513.507
1726588455251,BTCUSDT,bid,60600,513.502
1726588463938,BTCUSDT,bid,60600,513.647
1726588481884,BTCUSDT,bid,60600,513.637
1726588520348,BTCUSDT,bid,60600,514.137
1726588528609,BTCUSDT,bid,60600,514.141
1726588544849,BTCUSDT,bid,60600,513.971
1726588571106,BTCUSDT,bid,60600,513.918
1726588579042,BTCUSDT,bid,60600,513.91
1726588585891,BTCUSDT,bid,60600,513.959
1726588597431,BTCUSDT,bid,60600,514.018
1726588620382,BTCUSDT,bid,60600,513.959
1726588633236,BTCUSDT,bid,60600,513.939
1726588640759,BTCUSDT,bid,60600,513.937
1726588663481,BTCUSDT,bid,60600,513.935
1726588697202,BTCUSDT,bid,60600,514.023
1726588700291,BTCUSDT,bid,60600,514.025
1726588703883,BTCUSDT,bid,60600,514.028
1726588704698,BTCUSDT,bid,60600,513.928
1726588742052,BTCUSDT,bid,60600,513.799
1726588747471,BTCUSDT,bid,60600,513.587
1726588749112,BTCUSDT,bid,60600,513.598
1726588770160,BTCUSDT,bid,60600,513.682
1726588770369,BTCUSDT,bid,60600,513.658
1726588776874,BTCUSDT,bid,60600,513.643
1726588791811,BTCUSDT,bid,60600,513.016
1726588827684,BTCUSDT,bid,60600,512.516
1726588839316,BTCUSDT,bid,60600,512.466
1726588858111,BTCUSDT,bid,60600,512.462
1726588883973,BTCUSDT,bid,60600,512.464
1726588904956,BTCUSDT,bid,60600,512.819
1726588913637,BTCUSDT,bid,60600,512.821
1726588915894,BTCUSDT,bid,47000,846.976
1726588934147,BTCUSDT,bid,60600,512.785
1726588997490,BTCUSDT,bid,60600,512.787
1726589009458,BTCUSDT,bid,60600,512.721
1726589035714,BTCUSDT,bid,60600,512.727
1726589069159,BTCUSDT,bid,60600,511.638
1726589086872,BTCUSDT,bid,60600,511.658
1726589098821,BTCUSDT,bid,60600,511.608
1726589118779,BTCUSDT,bid,60600,511.624
1726589119899,BTCUSDT,bid,60600,511.614
1726589126125,BTCUSDT,bid,60600,511.616
1726589126733,BTCUSDT,bid,60600,511.6
1726589155010,BTCUSDT,bid,60600,511.1
1726589158781,BTCUSDT,bid,60600,511.108
1726589180304,BTCUSDT,bid,60600,511.892
1726589187856,BTCUSDT,bid,60600,511.896
1726589188061,BTCUSDT,bid,60600,511.945
1726589189889,BTCUSDT,bid,60600,511.941
1726589193366,BTCUSDT,bid,60600,512.139
1726589211654,BTCUSDT,bid,60600,511.941
1726589214225,BTCUSDT,bid,60600,511.946
1726589222103,BTCUSDT,bid,60600,512.433
1726589234744,BTCUSDT,bid,60600,512.478
1726589252629,BTCUSDT,bid,60600,511.478
1726589269244,BTCUSDT,bid,60600,511.476
1726589290556,BTCUSDT,bid,60600,511.506
1726589295554,BTCUSDT,bid,60600,511.308
1726589307854,BTCUSDT,bid,60600,511.283
1726589319635,BTCUSDT,bid,60600,511.337
1726589394890,BTCUSDT,bid,60600,511.317
1726589398006,BTCUSDT,bid,60600,511.3
1726589426941,BTCUSDT,bid,60600,511.381
1726589442986,BTCUSDT,bid,60600,511.373
1726589479165,BTCUSDT,bid,60600,511.361
1726589483343,BTCUSDT,bid,60600,511.371
1726589533107,BTCUSDT,bid,60600,511.369
1726589605202,BTCUSDT,bid,60600,511.365
1726589619427,BTCUSDT,bid,60600,511.284
1726589646096,BTCUSDT,bid,60600,511.274
1726589659606,BTCUSDT,bid,60600,511.276
1726589664107,BTCUSDT,bid,60600,511.288
1726589670705,BTCUSDT,bid,60600,510.975
1726589676558,BTCUSDT,bid,60600,511.383
1726589681807,BTCUSDT,bid,60600,511.238
1726589697404,BTCUSDT,bid,60600,511.23
1726589699457,BTCUSDT,bid,60600,510.875
1726589705157,BTCUSDT,bid,60600,510.85
1726589762167,BTCUSDT,bid,60600,510.894
1726589767691,BTCUSDT,bid,60600,510.905
1726589786288,BTCUSDT,bid,60600,510.899
1726589797191,BTCUSDT,bid,60600,510.909
1726589841667,BTCUSDT,bid,60600,510.929
1726589856448,BTCUSDT,bid,60600,510.917
1726589859206,BTCUSDT,bid,60600,510.967
1726589874912,BTCUSDT,bid,60600,520.967
1726589877077,BTCUSDT,bid,60600,520.977
1726589879734,BTCUSDT,bid,60600,521.009
1726589890364,BTCUSDT,bid,60600,521.019
1726589890672,BTCUSDT,bid,60600,521.009
1726589890975,BTCUSDT,bid,60600,521.003
1726589891379,BTCUSDT,bid,60600,521.043
1726589891889,BTCUSDT,bid,60600,521.003
1726589893109,BTCUSDT,bid,60600,520.999
1726589895651,BTCUSDT,bid,60600,520.384
1726589900846,BTCUSDT,bid,60600,520.351
1726589902166,BTCUSDT,bid,60600,520.353
1726589906145,BTCUSDT,bid,60600,583.948
1726589918858,BTCUSDT,bid,60600,583.965
1726589923042,BTCUSDT,bid,60600,583.871
1726589929784,BTCUSDT,bid,60600,583.873
1726589941783,BTCUSDT,bid,60600,583.893
1726589943004,BTCUSDT,bid,60600,583.881
1726589952449,BTCUSDT,bid,60600,582.868
1726589954069,BTCUSDT,bid,60600,582.871
1726589959247,BTCUSDT,bid,60600,582.384
1726589961590,BTCUSDT,bid,60600,582.382
1726589970052,BTCUSDT,bid,60600,582.382
1726589970356,BTCUSDT,bid,60600,582.384
1726589976685,BTCUSDT,bid,60600,582.335
1726589981994,BTCUSDT,bid,60600,583.335
1726589985870,BTCUSDT,bid,60600,583.36
1726589987401,BTCUSDT,bid,60600,583.374
1726589994961,BTCUSDT,bid,60600,583.424
1726590000263,BTCUSDT,bid,60600,583.403
1726590002711,BTCUSDT,bid,60600,583.405
1726590003928,BTCUSDT,bid,60600,583.303
1726590009831,BTCUSDT,bid,60600,583.313
1726590012063,BTCUSDT,bid,60600,583.363
1726590012773,BTCUSDT,bid,60600,583.313
1726590018853,BTCUSDT,bid,60600,589.363
1726590019462,BTCUSDT,bid,60600,589.313
1726590020374,BTCUSDT,bid,60600,589.301
1726590022405,BTCUSDT,bid,60600,589.296
1726590022709,BTCUSDT,bid,60600,589.307
1726590023419,BTCUSDT,bid,60600,589.484
1726590023722,BTCUSDT,bid,60600,589.434
1726590031359,BTCUSDT,bid,60600,589.353
1726590032375,BTCUSDT,bid,60600,589.413
1726590036246,BTCUSDT,bid,60600,589.409
1726590041552,BTCUSDT,bid,60600,589.557
1726590041855,BTCUSDT,bid,60600,589.559
1726590047354,BTCUSDT,bid,60600,589.588
1726590048774,BTCUSDT,bid,60600,589.595
1726590050097,BTCUSDT,bid,60600,589.645
1726590050505,BTCUSDT,bid,60600,589.696
1726590054973,BTCUSDT,bid,60600,589.753
1726590055793,BTCUSDT,bid,60600,589.754
1726590056705,BTCUSDT,bid,60600,589.775
1726590059854,BTCUSDT,bid,60600,589.875
1726590061884,BTCUSDT,bid,60600,589.975
1726590064313,BTCUSDT,bid,60600,526.38
1726590065636,BTCUSDT,bid,60600,526.39
1726590066044,BTCUSDT,bid,60600,526.405
1726590070921,BTCUSDT,bid,60600,526.355
1726590071327,BTCUSDT,bid,60600,526.155
1726590075585,BTCUSDT,bid,60600,526.171
1726590083238,BTCUSDT,bid,60600,526.221
1726590087003,BTCUSDT,bid,60600,526.167
1726590093110,BTCUSDT,bid,60600,526.367
1726590102555,BTCUSDT,bid,60600,526.316
1726590107336,BTCUSDT,bid,60600,526.313
1726590108247,BTCUSDT,bid,60600,526.415
1726590109361,BTCUSDT,bid,60600,526.371
1726590113343,BTCUSDT,bid,60600,526.342
1726590114475,BTCUSDT,bid,60600,526.351
1726590118657,BTCUSDT,bid,60600,526.401
1726590121599,BTCUSDT,bid,60600,526.459
1726590122107,BTCUSDT,bid,60600,526.571
1726590130461,BTCUSDT,bid,60600,526.569
1726590132504,BTCUSDT,bid,60600,526.617
1726590134846,BTCUSDT,bid,60600,526.601
1726590136291,BTCUSDT,bid,60600,526.603
1726590137714,BTCUSDT,bid,60600,526.612
1726590145352,BTCUSDT,bid,60600,526.777
1726590161697,BTCUSDT,bid,60600,526.752
1726590162508,BTCUSDT,bid,60600,526.76
1726590165165,BTCUSDT,bid,60600,526.762
1726590165986,BTCUSDT,bid,60600,526.764
1726590172430,BTCUSDT,bid,60600,526.599
1726590179826,BTCUSDT,bid,60600,526.499
1726590183377,BTCUSDT,bid,60600,526.501
1726590183681,BTCUSDT,bid,60600,526.499
1726590185404,BTCUSDT,bid,60600,526.501
1726590185707,BTCUSDT,bid,60600,526.499
1726590189062,BTCUSDT,bid,60600,526.664
1726590195392,BTCUSDT,bid,60600,526.607
1726590204039,BTCUSDT,bid,60600,526.857
1726590204144,BTCUSDT,bid,60600,526.859
1726590205260,BTCUSDT,bid,60600,526.995
1726590205569,BTCUSDT,bid,60600,526.993
1726590205670,BTCUSDT,bid,60600,526.995
1726590207392,BTCUSDT,bid,60600,527.075
1726590209219,BTCUSDT,bid,60600,527.083
1726590211765,BTCUSDT,bid,60600,528.434
1726590214007,BTCUSDT,bid,60600,528.402
1726590215528,BTCUSDT,bid,60600,528.585
1726590216952,BTCUSDT,bid,60600,528.612
1726590217569,BTCUSDT,bid,60600,528.615
1726590220922,BTCUSDT,bid,60600,528.601
1726590222652,BTCUSDT,bid,60600,528.603
1726590223767,BTCUSDT,bid,60600,528.601
1726590226206,BTCUSDT,bid,60600,522.601
1726590228039,BTCUSDT,bid,60600,522.351
1726590239266,BTCUSDT,bid,60600,522.301
1726590241602,BTCUSDT,bid,60600,522.251
1726590242616,BTCUSDT,bid,60600,522.241
1726590244641,BTCUSDT,bid,60600,522.064
1726590247693,BTCUSDT,bid,60600,521.962
1726590259974,BTCUSDT,bid,60600,523.598
1726590260076,BTCUSDT,bid,60600,523.587
1726590275480,BTCUSDT,bid,60600,523.602
1726590278058,BTCUSDT,bid,60600,523.604
1726590278970,BTCUSDT,bid,60600,523.602
1726590282236,BTCUSDT,bid,60600,523.604
1726590282439,BTCUSDT,bid,60600,523.602
1726590283763,BTCUSDT,bid,60600,523.56
1726590298715,BTCUSDT,bid,60600,523.572
1726590312213,BTCUSDT,bid,60600,523.622
1726590312820,BTCUSDT,bid,60600,523.624
1726590328062,BTCUSDT,bid,60600,523.608
1726590332968,BTCUSDT,bid,60600,523.618
1726590334087,BTCUSDT,bid,60600,523.618
1726590336019,BTCUSDT,bid,60600,523.618
1726590345911,BTCUSDT,bid,60600,523.626
1726590359586,BTCUSDT,bid,60600,523.628
1726590360502,BTCUSDT,bid,60600,523.634
1726590360604,BTCUSDT,bid,60600,523.716
1726590368977,BTCUSDT,bid,60600,522.08
1726590370408,BTCUSDT,bid,60600,522.03
1726590376251,BTCUSDT,bid,60600,523.03
1726590383186,BTCUSDT,bid,60600,523.019
1726590385855,BTCUSDT,bid,60600,523.021
1726590394876,BTCUSDT,bid,60600,523.051
1726590395285,BTCUSDT,bid,60600,523.047
1726590403726,BTCUSDT,bid,60600,522.935
1726590407299,BTCUSDT,bid,60600,523.535
1726590408214,BTCUSDT,bid,60600,522.935
1726590409856,BTCUSDT,bid,60600,522.94
1726590417610,BTCUSDT,bid,60600,523.007
1726590417812,BTCUSDT,bid,60600,523.014
1726590418528,BTCUSDT,bid,60600,523.016
1726590421080,BTCUSDT,bid,60600,523.066
1726590423623,BTCUSDT,bid,60600,529.749
1726590426680,BTCUSDT,bid,60600,529.742
1726590430035,BTCUSDT,bid,60600,529.785
1726590430644,BTCUSDT,bid,60600,529.805
1726590434404,BTCUSDT,bid,60600,523.122
1726590445605,BTCUSDT,bid,60600,523.118
1726590457125,BTCUSDT,bid,60600,523.086
1726590467342,BTCUSDT,bid,60600,523.093
1726590486636,BTCUSDT,bid,60600,523.011
1726590499711,BTCUSDT,bid,60600,523.013
1726590572764,BTCUSDT,bid,60600,523.012
1726590589986,BTCUSDT,bid,60600,523.014
1726590593717,BTCUSDT,bid,60600,523.024
1726590598635,BTCUSDT,bid,60600,522.924
1726590619801,BTCUSDT,bid,60600,522.954
1726590632367,BTCUSDT,bid,60600,522.98
1726590645775,BTCUSDT,bid,60600,522.953
1726590662239,BTCUSDT,bid,60600,523.695
1726590682399,BTCUSDT,bid,60600,522.953
1726590683410,BTCUSDT,bid,60600,522.941
1726590693913,BTCUSDT,bid,60600,522.943
1726590694114,BTCUSDT,bid,60600,522.941
1726590696871,BTCUSDT,bid,60600,522.957
1726590699015,BTCUSDT,bid,60600,523.207
1726590699827,BTCUSDT,bid,60600,523.191
1726590701554,BTCUSDT,bid,60600,523.222
1726590715451,BTCUSDT,bid,60600,523.582
1726590718612,BTCUSDT,bid,60600,523.58
1726590722479,BTCUSDT,bid,60600,523.534
1726590731637,BTCUSDT,bid,60600,523.536
1726590731940,BTCUSDT,bid,60600,523.534
1726590732866,BTCUSDT,bid,60600,523.537
1726590734810,BTCUSDT,bid,60600,523.57
1726590736332,BTCUSDT,bid,60600,523.593
1726590740609,BTCUSDT,bid,60600,523.639
1726590751400,BTCUSDT,bid,60600,523.593
1726590751703,BTCUSDT,bid,60600,523.445
1726590783850,BTCUSDT,bid,60600,523.442
1726590788750,BTCUSDT,bid,60600,523.542
1726590790588,BTCUSDT,bid,60600,523.624
1726590792417,BTCUSDT,bid,60600,523.524
1726590804184,BTCUSDT,bid,60600,523.474
1726590823457,BTCUSDT,bid,60600,528.62
1726590824468,BTCUSDT,bid,60600,528.02
1726590834377,BTCUSDT,bid,60600,528.018
1726590834679,BTCUSDT,bid,60600,532.277
1726590847569,BTCUSDT,bid,60600,532.285
1726590868150,BTCUSDT,bid,60600,532.262
1726590869164,BTCUSDT,bid,60600,534.662
1726590870994,BTCUSDT,bid,60600,534.664
1726590872722,BTCUSDT,bid,60600,534.662
1726590872824,BTCUSDT,bid,60600,532.262
1726590877496,BTCUSDT,bid,60600,532.266
1726590883112,BTCUSDT,bid,60600,532.268
1726590889550,BTCUSDT,bid,60600,532.281
1726590890368,BTCUSDT,bid,60600,532.098
1726590891693,BTCUSDT,bid,60600,532.096
1726590909417,BTCUSDT,bid,60600,532.048
1726590921992,BTCUSDT,bid,60600,532.133
1726590922399,BTCUSDT,bid,60600,522.133
1726590948367,BTCUSDT,bid,60600,522.173
1726590948782,BTCUSDT,bid,60600,522.133
1726590949099,BTCUSDT,bid,60600,522.083
1726590950011,BTCUSDT,bid,60600,522.05
1726590953581,BTCUSDT,bid,60600,521.8
1726590957639,BTCUSDT,bid,60600,521.815
1726590961603,BTCUSDT,bid,60600,521.813
1726590965155,BTCUSDT,bid,60600,521.813
1726590965255,BTCUSDT,bid,60600,521.813
1726590973327,BTCUSDT,bid,60600,521.883
1726590974950,BTCUSDT,bid,60600,522.284
1726590983223,BTCUSDT,bid,60600,522.286
1726590983526,BTCUSDT,bid,60600,522.284
1726590990059,BTCUSDT,bid,60600,522.284
1726591000447,BTCUSDT,bid,60600,522.287
1726591005850,BTCUSDT,bid,60600,522.318
1726591009102,BTCUSDT,bid,60600,522.294
1726591012367,BTCUSDT,bid,60600,522.894
1726591013387,BTCUSDT,bid,60600,522.294
1726591015413,BTCUSDT,bid,60600,521.984
1726591018367,BTCUSDT,bid,60600,521.969
1726591021762,BTCUSDT,bid,60600,521.967
1726591023716,BTCUSDT,bid,60600,522.044
1726591027288,BTCUSDT,bid,60600,522.049
1726591027794,BTCUSDT,bid,60600,522.051
1726591027993,BTCUSDT,bid,60600,522.049
1726591028504,BTCUSDT,bid,60600,522.051
1726591028810,BTCUSDT,bid,60600,522.049
1726591032290,BTCUSDT,bid,60600,522.038
1726591035762,BTCUSDT,bid,60600,522.035
1726591051234,BTCUSDT,bid,60600,522.03
1726591067982,BTCUSDT,bid,60600,522.028
1726591078105,BTCUSDT,bid,60600,522.028
1726591082446,BTCUSDT,bid,60600,521.627
1726591089705,BTCUSDT,bid,60600,521.629
1726591089904,BTCUSDT,bid,60600,521.718
1726591090521,BTCUSDT,bid,60600,521.716
1726591095806,BTCUSDT,bid,60600,521.627
1726591102588,BTCUSDT,bid,60600,521.665
1726591113053,BTCUSDT,bid,60600,521.257
1726591113798,BTCUSDT,bid,60600,521.253
1726591122614,BTCUSDT,bid,60600,521.3
1726591134990,BTCUSDT,bid,60600,521.253
1726591163056,BTCUSDT,bid,60600,569.818
1726591163157,BTCUSDT,bid,60600,521.253
1726591183015,BTCUSDT,bid,60600,521.255
1726591183116,BTCUSDT,bid,60600,521.253
1726591198067,BTCUSDT,bid,60600,520.757
1726591224925,BTCUSDT,bid,60600,520.805
1726591238815,BTCUSDT,bid,60600,520.807
1726591239825,BTCUSDT,bid,60600,520.809
1726591246323,BTCUSDT,bid,60600,520.811
1726591261075,BTCUSDT,bid,60600,516.552
1726591270048,BTCUSDT,bid,60600,516.494
1726591293177,BTCUSDT,bid,60600,516.502
1726591312293,BTCUSDT,bid,60600,516.526
1726591314127,BTCUSDT,bid,60600,516.54
1726591314234,BTCUSDT,bid,60600,516.562
1726591326049,BTCUSDT,bid,60600,516.559
1726591334205,BTCUSDT,bid,60600,519.004
1726591335520,BTCUSDT,bid,60600,519.044
1726591366471,BTCUSDT,bid,60600,519.014
1726591402369,BTCUSDT,bid,60600,519.054
1726591423079,BTCUSDT,bid,60600,519.052
1726591457530,BTCUSDT,bid,60600,519.028
1726591477486,BTCUSDT,bid,60600,518.951
1726591511160,BTCUSDT,bid,60600,519.32
1726591547718,BTCUSDT,bid,60600,519.325
1726591560267,BTCUSDT,bid,60600,519.488
1726591565152,BTCUSDT,bid,60600,519.325
1726591570954,BTCUSDT,bid,60600,519.294
1726591600574,BTCUSDT,bid,60600,519.227
1726591664782,BTCUSDT,bid,60600,519.157
1726591759136,BTCUSDT,bid,60600,519.157
1726591759439,BTCUSDT,bid,60600,519.167
1726591759744,BTCUSDT,bid,60600,519.157
1726591776623,BTCUSDT,bid,60600,519.164
1726591778259,BTCUSDT,bid,60600,519.171
1726591816010,BTCUSDT,bid,60600,519.164
1726591822634,BTCUSDT,bid,60600,519.213
1726591822936,BTCUSDT,bid,60600,519.196
1726591849212,BTCUSDT,bid,60600,519.189
1726591850032,BTCUSDT,bid,60600,519.191
1726591850949,BTCUSDT,bid,60600,519.189
1726591861354,BTCUSDT,bid,47000,847.082
1726591863908,BTCUSDT,bid,60600,519.192
1726591868913,BTCUSDT,bid,60600,519.182
1726591927341,BTCUSDT,bid,60600,519.152
1726591967526,BTCUSDT,bid,60600,519.146
1726591968754,BTCUSDT,bid,60600,519.148
1726591968957,BTCUSDT,bid,60600,519.146
1726591971090,BTCUSDT,bid,60600,519.176
1726591986234,BTCUSDT,bid,60600,519.182
1726591994627,BTCUSDT,bid,60600,519.189
1726592010355,BTCUSDT,bid,60600,519.197
1726592028323,BTCUSDT,bid,60600,518.785
1726592046631,BTCUSDT,bid,60600,518.882
1726592052773,BTCUSDT,bid,60600,518.829
1726592057746,BTCUSDT,bid,60600,518.744
1726592071761,BTCUSDT,bid,60600,518.714
1726592072780,BTCUSDT,bid,60600,518.666
1726592083596,BTCUSDT,bid,60600,518.635
1726592097397,BTCUSDT,bid,60600,518.904
1726592108318,BTCUSDT,bid,60600,518.896
1726592127530,BTCUSDT,bid,60600,519.105
1726592131514,BTCUSDT,bid,60600,519.107
1726592150424,BTCUSDT,bid,60600,519.125
1726592163904,BTCUSDT,bid,60600,519.122
1726592200329,BTCUSDT,bid,60600,519.169
1726592245160,BTCUSDT,bid,60600,522.169
1726592345175,BTCUSDT,bid,60600,522.171
1726592351004,BTCUSDT,bid,60600,522.169
1726592369497,BTCUSDT,bid,60600,522.199
1726592372948,BTCUSDT,bid,60600,522.169
1726592381114,BTCUSDT,bid,60600,522.131
1726592400259,BTCUSDT,bid,60600,522.126
1726592404933,BTCUSDT,bid,60600,522.176
1726592417591,BTCUSDT,bid,60600,522.215
1726592449205,BTCUSDT,bid,60600,522.264
1726592508086,BTCUSDT,bid,60600,522.264
1726592518931,BTCUSDT,bid,60600,522.267
1726592521060,BTCUSDT,bid,60600,523.917
1726592521872,BTCUSDT,bid,60600,523.914
1726592531240,BTCUSDT,bid,60600,523.947
1726592539163,BTCUSDT,bid,60600,522.297
1726592545691,BTCUSDT,bid,60600,522.254
1726592546198,BTCUSDT,bid,60600,522.204
1726592573403,BTCUSDT,bid,60600,532.154
1726592591070,BTCUSDT,bid,60600,522.204
1726592626945,BTCUSDT,bid,60600,522.206
1726592627047,BTCUSDT,bid,60600,522.204
1726592637517,BTCUSDT,bid,60600,522.206
1726592637723,BTCUSDT,bid,60600,522.204
1726592650917,BTCUSDT,bid,60600,522.704
1726592652955,BTCUSDT,bid,60600,522.706
1726592653056,BTCUSDT,bid,60600,522.704
1726592657750,BTCUSDT,bid,60600,522.702
1726592661741,BTCUSDT,bid,60600,522.704
1726592662045,BTCUSDT,bid,60600,522.702
1726592668355,BTCUSDT,bid,60600,522.652
1726592682742,BTCUSDT,bid,60600,522.644
1726592684677,BTCUSDT,bid,60600,522.744
1726592685282,BTCUSDT,bid,60600,522.786
1726592689749,BTCUSDT,bid,60600,522.816
1726592690254,BTCUSDT,bid,60600,522.915
1726592692997,BTCUSDT,bid,60600,522.865
1726592695652,BTCUSDT,bid,60600,522.863
1726592699759,BTCUSDT,bid,60600,522.813
1726592703629,BTCUSDT,bid,60600,522.808
1726592706786,BTCUSDT,bid,60600,522.812
1726592715828,BTCUSDT,bid,60600,522.857
1726592719284,BTCUSDT,bid,60600,522.859
1726592720108,BTCUSDT,bid,60600,522.857
1726592733696,BTCUSDT,bid,60600,522.898
1726592744600,BTCUSDT,bid,60600,522.896
1726592745916,BTCUSDT,bid,60600,522.892
1726592756930,BTCUSDT,bid,60600,522.953
1726592763554,BTCUSDT,bid,60600,523.111
1726592765795,BTCUSDT,bid,60600,523.113
1726592766712,BTCUSDT,bid,60600,523.111
1726592768037,BTCUSDT,bid,60600,522.911
1726592778729,BTCUSDT,bid,60600,522.866
1726592787738,BTCUSDT,bid,60600,522.819
1726592796496,BTCUSDT,bid,60600,522.843
1726592796596,BTCUSDT,bid,60600,522.878
1726592807820,BTCUSDT,bid,60600,522.854
1726592811583,BTCUSDT,bid,60600,522.862
1726592837599,BTCUSDT,bid,60600,522.866
1726592841774,BTCUSDT,bid,60600,522.708
1726592845140,BTCUSDT,bid,60600,523.12
1726592853461,BTCUSDT,bid,60600,523.122
1726592857958,BTCUSDT,bid,60600,523.12
1726592858368,BTCUSDT,bid,60600,523.079
1726592862863,BTCUSDT,bid,60600,523.081
1726592868374,BTCUSDT,bid,60600,523.079
1726592898641,BTCUSDT,bid,60600,523.081
1726592943670,BTCUSDT,bid,60600,523.105
1726592947845,BTCUSDT,bid,60600,523.081
1726592955504,BTCUSDT,bid,60600,523.681
1726592955808,BTCUSDT,bid,60600,523.695
1726592956518,BTCUSDT,bid,60600,523.095
1726592960416,BTCUSDT,bid,60600,523.097
1726592960621,BTCUSDT,bid,60600,523.095
1726592961633,BTCUSDT,bid,60600,523.097
1726592961945,BTCUSDT,bid,60600,523.095
1726592982588,BTCUSDT,bid,60600,524.223
1726592991710,BTCUSDT,bid,60600,524.191
1726592996855,BTCUSDT,bid,60600,524.791
1726592997873,BTCUSDT,bid,60600,524.191
1726593005082,BTCUSDT,bid,60600,524.177
1726593016884,BTCUSDT,bid,60600,523.677
1726593025262,BTCUSDT,bid,60600,523.616
1726593026179,BTCUSDT,bid,60600,523.574
1726593028221,BTCUSDT,bid,60600,523.544
1726593034325,BTCUSDT,bid,60600,523.692
1726593038123,BTCUSDT,bid,60600,523.544
1726593039033,BTCUSDT,bid,60600,523.644
1726593046056,BTCUSDT,bid,60600,525.594
1726593046563,BTCUSDT,bid,60600,523.594
1726593054264,BTCUSDT,bid,60600,523.61
1726593060980,BTCUSDT,bid,60600,523.617
1726593067804,BTCUSDT,bid,60600,528.619
1726593068717,BTCUSDT,bid,60600,528.584
1726593069426,BTCUSDT,bid,60600,528.597
1726593070236,BTCUSDT,bid,60600,528.597
1726593071047,BTCUSDT,bid,60600,528.59
1726593071756,BTCUSDT,bid,60600,529.101
1726593074398,BTCUSDT,bid,60600,528.598
1726593074906,BTCUSDT,bid,60600,528.609
1726593077761,BTCUSDT,bid,60600,529.007
1726593079403,BTCUSDT,bid,60600,529.363
1726593080735,BTCUSDT,bid,60600,529.007
1726593082271,BTCUSDT,bid,60600,529.016
1726593082881,BTCUSDT,bid,60600,529.007
1726593083796,BTCUSDT,bid,60600,528.985
1726593088380,BTCUSDT,bid,60600,529.034
1726593092366,BTCUSDT,bid,60600,529.134
1726593093181,BTCUSDT,bid,60600,529.182
1726593094195,BTCUSDT,bid,60600,529.182
1726593094397,BTCUSDT,bid,60600,529.18
1726593095511,BTCUSDT,bid,60600,529.19
1726593100112,BTCUSDT,bid,60600,530.19
1726593101744,BTCUSDT,bid,60600,530.192
1726593101946,BTCUSDT,bid,60600,530.19
1726593102357,BTCUSDT,bid,60600,530.192
1726593102560,BTCUSDT,bid,60600,530.19
1726593108098,BTCUSDT,bid,60600,530.093
1726593108403,BTCUSDT,bid,60600,534.243
1726593112296,BTCUSDT,bid,60600,534.25
1726593119064,BTCUSDT,bid,60600,534.252
1726593119370,BTCUSDT,bid,60600,534.262
1726593120281,BTCUSDT,bid,60600,534.292
1726593120383,BTCUSDT,bid,60600,534.282
1726593121397,BTCUSDT,bid,60600,534.289
1726593122512,BTCUSDT,bid,47000,846.976
1726593122512,BTCUSDT,bid,60600,534.282
1726593126003,BTCUSDT,bid,60600,534.287
1726593127218,BTCUSDT,bid,60600,534.635
1726593127424,BTCUSDT,bid,60600,534.634
1726593127525,BTCUSDT,bid,60600,535.459
1726593128550,BTCUSDT,bid,60600,535.508
1726593134148,BTCUSDT,bid,60600,535.505
1726593139567,BTCUSDT,bid,60600,535.475
1726593142118,BTCUSDT,bid,60600,535.473
1726593142931,BTCUSDT,bid,60600,535.47
1726593163669,BTCUSDT,bid,60600,535.254
1726593175066,BTCUSDT,bid,60600,535.258
1726593182807,BTCUSDT,bid,60600,535.21
1726593185664,BTCUSDT,bid,60600,535.212
1726593186576,BTCUSDT,bid,60600,535.53
1726593186779,BTCUSDT,bid,60600,535.532
1726593186881,BTCUSDT,bid,60600,535.212
1726593189849,BTCUSDT,bid,60600,531.051
1726593190866,BTCUSDT,bid,60600,531.049
1726593193715,BTCUSDT,bid,60600,531.051
1726593194835,BTCUSDT,bid,60600,531.049
1726593201619,BTCUSDT,bid,60600,531.049
1726593202024,BTCUSDT,bid,60600,531.069
1726593202125,BTCUSDT,bid,60600,531.049
1726593205412,BTCUSDT,bid,60600,531.095
1726593206119,BTCUSDT,bid,60600,531.088
1726593211219,BTCUSDT,bid,60600,531.09
1726593215828,BTCUSDT,bid,60600,531.092
1726593216745,BTCUSDT,bid,60600,532.24
1726593217153,BTCUSDT,bid,60600,532.19
1726593217355,BTCUSDT,bid,60600,532.144
1726593218773,BTCUSDT,bid,60600,530.996
1726593219684,BTCUSDT,bid,60600,530.998
1726593225597,BTCUSDT,bid,60600,530.949
1726593225798,BTCUSDT,bid,60600,530.951
1726593226005,BTCUSDT,bid,60600,530.949
1726593227024,BTCUSDT,bid,60600,530.951
1726593227227,BTCUSDT,bid,60600,530.949
1726593231826,BTCUSDT,bid,60600,530.983
1726593232034,BTCUSDT,bid,60600,530.949
1726593244495,BTCUSDT,bid,60600,531.281
1726593248260,BTCUSDT,bid,60600,531.881
1726593248461,BTCUSDT,bid,60600,531.281
1726593258233,BTCUSDT,bid,60600,531.266
1726593281925,BTCUSDT,bid,60600,531.269
1726593292757,BTCUSDT,bid,60600,532.099
1726593293672,BTCUSDT,bid,60600,532.107
1726593295427,BTCUSDT,bid,60600,532.007
1726593302776,BTCUSDT,bid,60600,531.738
1726593304201,BTCUSDT,bid,60600,531.745
1726593310028,BTCUSDT,bid,60600,531.735
1726593311758,BTCUSDT,bid,60600,531.737
1726593312057,BTCUSDT,bid,60600,531.735
1726593317664,BTCUSDT,bid,60600,531.742
1726593332307,BTCUSDT,bid,60600,531.786
1726593337105,BTCUSDT,bid,60600,532.486
1726593338124,BTCUSDT,bid,60600,532.493
1726593350600,BTCUSDT,bid,60600,539.276
1726593351106,BTCUSDT,bid,60600,539.287
1726593370328,BTCUSDT,bid,60600,532.604
1726593371237,BTCUSDT,bid,60600,532.604
1726593374193,BTCUSDT,bid,60600,532.593
1726593374814,BTCUSDT,bid,60600,532.588
1726593376860,BTCUSDT,bid,60600,532.629
1726593382860,BTCUSDT,bid,60600,532.536
1726593383161,BTCUSDT,bid,60600,532.674
1726593384398,BTCUSDT,bid,60600,532.724
1726593392254,BTCUSDT,bid,60600,531.894
1726593395432,BTCUSDT,bid,60600,531.844
1726593400849,BTCUSDT,bid,60600,531.878
1726593402376,BTCUSDT,bid,60600,531.87
1726593407576,BTCUSDT,bid,60600,531.868
1726593409627,BTCUSDT,bid,60600,531.852
1726593430997,BTCUSDT,bid,60600,531.876
1726593433972,BTCUSDT,bid,60600,531.869
1726593434585,BTCUSDT,bid,60600,531.885
1726593438470,BTCUSDT,bid,60600,531.883
1726593456217,BTCUSDT,bid,60600,531.596
1726593457236,BTCUSDT,bid,60600,531.596
1726593461206,BTCUSDT,bid,60600,532.832
1726593461511,BTCUSDT,bid,60600,532.812
1726593461813,BTCUSDT,bid,60600,531.576
1726593493657,BTCUSDT,bid,60600,533.273
1726593495202,BTCUSDT,bid,60600,533.223
1726593495303,BTCUSDT,bid,60600,531.576
1726593500402,BTCUSDT,bid,60600,531.574
1726593510831,BTCUSDT,bid,60600,531.624
1726593515227,BTCUSDT,bid,60600,531.599
1726593524506,BTCUSDT,bid,60600,531.613
1726593524817,BTCUSDT,bid,60600,531.605
1726593527980,BTCUSDT,bid,60600,531.588
1726593530745,BTCUSDT,bid,60600,530.763
1726593532892,BTCUSDT,bid,60600,531.999
1726593533299,BTCUSDT,bid,60600,530.713
1726593541804,BTCUSDT,bid,60600,530.699
1726593546491,BTCUSDT,bid,60600,530.697
1726593557829,BTCUSDT,bid,60600,530.597
1726593591621,BTCUSDT,bid,60600,530.607
1726593624039,BTCUSDT,bid,60600,527.607
1726593635903,BTCUSDT,bid,60600,527.612
1726593660207,BTCUSDT,bid,60600,527.828
1726593668378,BTCUSDT,bid,60600,527.793
1726593675613,BTCUSDT,bid,60600,527.788
1726593683370,BTCUSDT,bid,60600,530.788
1726593703954,BTCUSDT,bid,60600,530.823
1726593707454,BTCUSDT,bid,60600,530.614
1726593709001,BTCUSDT,bid,60600,529.614
1726593717459,BTCUSDT,bid,60600,529.616
1726593723170,BTCUSDT,bid,60600,529.614
1726593726438,BTCUSDT,bid,47000,847.005
1726593726844,BTCUSDT,bid,60600,529.612
1726593743416,BTCUSDT,bid,60600,529.57
1726593745368,BTCUSDT,bid,47000,847.016
1726593773642,BTCUSDT,bid,60600,529.59
1726593775691,BTCUSDT,bid,60600,529.6
1726593780103,BTCUSDT,bid,60600,529.596
1726593791690,BTCUSDT,bid,60600,530.196
1726593792091,BTCUSDT,bid,60600,529.596
1726593818478,BTCUSDT,bid,60600,529.676
1726593896774,BTCUSDT,bid,60600,529.176
1726593898829,BTCUSDT,bid,60600,529.189
1726593904147,BTCUSDT,bid,60600,529.15
1726593915848,BTCUSDT,bid,60600,529.152
1726593922476,BTCUSDT,bid,60600,529.168
1726593928113,BTCUSDT,bid,60600,529.164
1726593951259,BTCUSDT,bid,60600,529.174
1726593984354,BTCUSDT,bid,47000,846.987
1726594018244,BTCUSDT,bid,60600,529.256
1726594020231,BTCUSDT,bid,60600,529.254
1726594042406,BTCUSDT,bid,60600,529.261
1726594048358,BTCUSDT,bid,60600,529.254
1726594081752,BTCUSDT,bid,47000,847.003
1726594083820,BTCUSDT,bid,60600,529.274
1726594091465,BTCUSDT,bid,60600,529.284
1726594133358,BTCUSDT,bid,60600,528.936
1726594164505,BTCUSDT,bid,60600,528.961
1726594164606,BTCUSDT,bid,60600,528.92
1726594179375,BTCUSDT,bid,47000,847.011
1726594182038,BTCUSDT,bid,60600,528.922
1726594183970,BTCUSDT,bid,60600,528.942
1726594225746,BTCUSDT,bid,60600,529.404
1726594230445,BTCUSDT,bid,60600,529.414
1726594234236,BTCUSDT,bid,60600,529.054
1726594277007,BTCUSDT,bid,60600,528.592
1726594300886,BTCUSDT,bid,60600,528.549
1726594307764,BTCUSDT,bid,60600,528.509
1726594397684,BTCUSDT,bid,60600,528.52
1726594411905,BTCUSDT,bid,60600,527.82
1726594417746,BTCUSDT,bid,60600,528.645
1726594421604,BTCUSDT,bid,60600,528.654
1726594430232,BTCUSDT,bid,60600,529.254
1726594432215,BTCUSDT,bid,60600,528.654
1726594433254,BTCUSDT,bid,60600,529.254
1726594433859,BTCUSDT,bid,60600,529.259
1726594436625,BTCUSDT,bid,60600,528.659
1726594483326,BTCUSDT,bid,60600,529.109
1726594499058,BTCUSDT,bid,60600,529.118
1726594500276,BTCUSDT,bid,60600,529.495
1726594528889,BTCUSDT,bid,60600,529.413
1726594534729,BTCUSDT,bid,60600,529.462
1726594538706,BTCUSDT,bid,60600,529.495
1726594538905,BTCUSDT,bid,60600,529.475
1726594643184,BTCUSDT,bid,60600,529.451
1726594678225,BTCUSDT,bid,60600,529.402
1726594756079,BTCUSDT,bid,60600,529.402
1726594803306,BTCUSDT,bid,60600,529.4
1726594810246,BTCUSDT,bid,60600,529.375
1726594820386,BTCUSDT,bid,60600,529.371
1726594837877,BTCUSDT,bid,60600,529.351
1726594889581,BTCUSDT,bid,60600,529.355
1726594890299,BTCUSDT,bid,60600,529.476
1726594910715,BTCUSDT,bid,60600,529.516
1726594929564,BTCUSDT,bid,60600,533.219
1726594940712,BTCUSDT,bid,60600,533.221
1726594952764,BTCUSDT,bid,60600,533.219
1726594966887,BTCUSDT,bid,60600,533.186
1726594998254,BTCUSDT,bid,60600,533.188
1726594998569,BTCUSDT,bid,60600,533.186
1726595017107,BTCUSDT,bid,47000,847.021
1726595044566,BTCUSDT,bid,47000,847.041
1726595046706,BTCUSDT,bid,60600,533.273
1726595061273,BTCUSDT,bid,60600,533.473
1726595125812,BTCUSDT,bid,60600,533.479
1726595142121,BTCUSDT,bid,60600,533.529
1726595155076,BTCUSDT,bid,60600,533.829
1726595165397,BTCUSDT,bid,60600,533.994
1726595166824,BTCUSDT,bid,60600,534.027
1726595171827,BTCUSDT,bid,60600,533.977
1726595174491,BTCUSDT,bid,60600,533.979
1726595186954,BTCUSDT,bid,60600,534.026
1726595187058,BTCUSDT,bid,60600,533.979
1726595187569,BTCUSDT,bid,60600,534.029
1726595190836,BTCUSDT,bid,60600,534.033
1726595190940,BTCUSDT,bid,60600,534.0
1726595198112,BTCUSDT,bid,60600,533.996
1726595200267,BTCUSDT,bid,60600,534.004
1726595201586,BTCUSDT,bid,60600,534.002
1726595206614,BTCUSDT,bid,60600,535.967
1726595214778,BTCUSDT,bid,60600,535.917
1726595221535,BTCUSDT,bid,60600,535.989
1726595241575,BTCUSDT,bid,60600,535.992
1726595245668,BTCUSDT,bid,60600,535.984
1726595254423,BTCUSDT,bid,60600,535.986
1726595259263,BTCUSDT,bid,60600,535.536
1726595262638,BTCUSDT,bid,60600,535.551
1726595276803,BTCUSDT,bid,60600,535.65
1726595283142,BTCUSDT,bid,60600,535.652
1726595285386,BTCUSDT,bid,60600,535.65
1726595286102,BTCUSDT,bid,60600,535.676
1726595316023,BTCUSDT,bid,60600,534.851
1726595319990,BTCUSDT,bid,60600,532.851
1726595347219,BTCUSDT,bid,60600,532.875
1726595401996,BTCUSDT,bid,60600,532.827
1726595408106,BTCUSDT,bid,60600,532.927
1726595408407,BTCUSDT,bid,60600,532.515
1726595411975,BTCUSDT,bid,60600,533.115
1726595412279,BTCUSDT,bid,60600,532.515
1726595449902,BTCUSDT,bid,60600,532.517
1726595490183,BTCUSDT,bid,60600,532.541
1726595535654,BTCUSDT,bid,60600,532.341
1726595541876,BTCUSDT,bid,60600,532.352
1726595553310,BTCUSDT,bid,60600,527.806
1726595554835,BTCUSDT,bid,60600,527.719
1726595588609,BTCUSDT,bid,60600,529.294
1726595589319,BTCUSDT,bid,60600,562.511
1726595609605,BTCUSDT,bid,60600,562.517
1726595643060,BTCUSDT,bid,60600,562.317
1726595653116,BTCUSDT,bid,60600,562.327
1726595671175,BTCUSDT,bid,60600,559.327
1726595685730,BTCUSDT,bid,60600,559.637
1726595705765,BTCUSDT,bid,60600,558.062
1726595708120,BTCUSDT,bid,60600,558.062
1726595728980,BTCUSDT,bid,60600,558.064
1726595744436,BTCUSDT,bid,60600,558.104
1726595758259,BTCUSDT,bid,60600,557.904
1726595759696,BTCUSDT,bid,60600,560.904
1726595773740,BTCUSDT,bid,60600,580.904
1726595788921,BTCUSDT,bid,60600,581.054
1726595814496,BTCUSDT,bid,60600,581.22
1726595868082,BTCUSDT,bid,60600,581.263
1726595891210,BTCUSDT,bid,60600,581.243
1726595940185,BTCUSDT,bid,60600,578.243
1726596018043,BTCUSDT,bid,60600,581.243
1726596073718,BTCUSDT,bid,60600,581.24
1726596117514,BTCUSDT,bid,60600,581.224
1726596157122,BTCUSDT,bid,60600,581.225
1726596174414,BTCUSDT,bid,60600,581.725
1726596180979,BTCUSDT,bid,60600,581.225
1726596226334,BTCUSDT,bid,60600,581.227
1726596241204,BTCUSDT,bid,60600,581.224
1726596251534,BTCUSDT,bid,60600,581.224
1726596251843,BTCUSDT,bid,60600,581.234
1726596252150,BTCUSDT,bid,60600,581.234
1726596252454,BTCUSDT,bid,60600,581.234
1726596252660,BTCUSDT,bid,60600,581.234
1726596252965,BTCUSDT,bid,60600,581.234
1726596253280,BTCUSDT,bid,60600,581.234
1726596253586,BTCUSDT,bid,60600,581.224
1726596253897,BTCUSDT,bid,60600,581.224
1726596254199,BTCUSDT,bid,60600,581.224
1726596254504,BTCUSDT,bid,60600,581.224
1726596304003,BTCUSDT,bid,60600,581.058
1726596355195,BTCUSDT,bid,60600,581.107
1726596361630,BTCUSDT,bid,60600,581.164
1726596363281,BTCUSDT,bid,60600,581.156
1726596393262,BTCUSDT,bid,60600,581.15
1726596420906,BTCUSDT,bid,60600,577.447
1726596450555,BTCUSDT,bid,60600,577.439
1726596497354,BTCUSDT,bid,60600,577.437
1726596511724,BTCUSDT,ask,61300,500.528
1726596511825,BTCUSDT,ask,61300,508.684
1726596512031,BTCUSDT,ask,61300,516.84
1726596512235,BTCUSDT,ask,61300,524.996
1726596512336,BTCUSDT,ask,61300,533.152
1726596512641,BTCUSDT,ask,61300,541.308
1726596555050,BTCUSDT,bid,60600,577.387
1726596555354,BTCUSDT,bid,60600,577.33
1726596602690,BTCUSDT,bid,60600,591.267
1726596700482,BTCUSDT,bid,60600,591.217
1726596729933,BTCUSDT,bid,60600,590.217
1726596797409,BTCUSDT,bid,60600,590.207
1726596812354,BTCUSDT,bid,60600,587.207
1726596828405,BTCUSDT,bid,60600,590.207
1726596873628,BTCUSDT,bid,60600,590.217
1726596873932,BTCUSDT,bid,60600,590.217
1726596874235,BTCUSDT,bid,60600,590.217
1726596874547,BTCUSDT,bid,60600,590.207
1726596874648,BTCUSDT,bid,60600,590.157
1726596874850,BTCUSDT,bid,60600,590.167
1726596875155,BTCUSDT,bid,60600,590.157
1726596931909,BTCUSDT,bid,60600,590.412
1726597001808,BTCUSDT,bid,60600,590.396
1726597013639,BTCUSDT,bid,60600,590.496
1726597030123,BTCUSDT,bid,60600,590.499
1726597055642,BTCUSDT,bid,60600,590.503
1726597063942,BTCUSDT,bid,60600,590.506
1726597111040,BTCUSDT,bid,60600,590.456
1726597136274,BTCUSDT,bid,60600,590.462
1726597137086,BTCUSDT,bid,60600,590.456
1726597237770,BTCUSDT,bid,60600,590.458
1726597249022,BTCUSDT,bid,60600,590.456
1726597249540,BTCUSDT,bid,60600,590.472
1726597265026,BTCUSDT,bid,60600,590.462
1726597269022,BTCUSDT,bid,60600,590.46
1726597279228,BTCUSDT,bid,60600,590.458
1726597304140,BTCUSDT,bid,60600,590.458
1726597319880,BTCUSDT,bid,60600,590.451
1726597345131,BTCUSDT,bid,60600,590.651
1726597371413,BTCUSDT,bid,60600,590.7
1726597385255,BTCUSDT,bid,60600,590.651
1726597396644,BTCUSDT,bid,60600,590.684
1726597440120,BTCUSDT,bid,52900,750.0
1726597508990,BTCUSDT,bid,60600,591.012
1726597534925,BTCUSDT,bid,60600,591.01
1726597557759,BTCUSDT,bid,60600,590.682
1726597561628,BTCUSDT,bid,60600,590.817
1726597569891,BTCUSDT,bid,60600,590.768
1726597600812,BTCUSDT,bid,60600,590.77
1726597628183,BTCUSDT,bid,60600,590.759
1726597642505,BTCUSDT,bid,60600,587.759
1726597666329,BTCUSDT,bid,60600,587.762
1726597686179,BTCUSDT,bid,60600,587.755
1726597687298,BTCUSDT,bid,60600,590.755
1726597712704,BTCUSDT,bid,60600,590.745
1726597744102,BTCUSDT,bid,60600,590.739
1726597760854,BTCUSDT,bid,60600,590.788
1726597791354,BTCUSDT,bid,60600,590.891
1726597869309,BTCUSDT,bid,60600,576.954
1726597870250,BTCUSDT,bid,60600,543.737
1726597886111,BTCUSDT,bid,60600,543.737
1726597901673,BTCUSDT,bid,60600,543.773
1726597907129,BTCUSDT,bid,60600,543.773
1726597922584,BTCUSDT,bid,60600,543.785
1726597925544,BTCUSDT,bid,60600,543.749
1726597931779,BTCUSDT,bid,60600,543.747
1726597959019,BTCUSDT,bid,60600,543.745
1726598206832,BTCUSDT,bid,60600,543.712
1726598249905,BTCUSDT,bid,60600,543.709
1726598287206,BTCUSDT,bid,60600,543.399
1726598289982,BTCUSDT,bid,60600,543.387
1726598300355,BTCUSDT,bid,60600,540.387
1726598348715,BTCUSDT,bid,60600,540.604
1726598402312,BTCUSDT,bid,60600,540.607
1726598410810,BTCUSDT,bid,60600,540.617
1726598441387,BTCUSDT,bid,60600,540.614
1726598446802,BTCUSDT,bid,60600,543.614
1726598462552,BTCUSDT,bid,60600,545.014
1726598597210,BTCUSDT,bid,60600,545.009
1726598608702,BTCUSDT,bid,60600,545.109
1726598633782,BTCUSDT,bid,60600,545.159
1726598693119,BTCUSDT,bid,60600,545.167
1726598739090,BTCUSDT,bid,60600,545.943
1726598775922,BTCUSDT,bid,60600,545.941
1726598786555,BTCUSDT,bid,60600,545.907
1726598786656,BTCUSDT,bid,60600,545.881
1726598792370,BTCUSDT,bid,60600,546.084
1726598801510,BTCUSDT,bid,60600,546.041
1726598820235,BTCUSDT,bid,60600,546.043
1726598834265,BTCUSDT,bid,60600,546.045
1726598859928,BTCUSDT,bid,60600,546.043
1726598872343,BTCUSDT,bid,60600,546.045
1726598886440,BTCUSDT,bid,60600,546.721
1726598905736,BTCUSDT,bid,60600,546.102
1726598908191,BTCUSDT,bid,60600,546.1
1726598909206,BTCUSDT,bid,60600,546.095
1726598910424,BTCUSDT,bid,60600,546.118
1726598912143,BTCUSDT,bid,60600,546.283
1726598912855,BTCUSDT,bid,60600,546.08
1726598913056,BTCUSDT,bid,60600,545.98
1726598913258,BTCUSDT,bid,60600,545.96
1726598913561,BTCUSDT,bid,60600,545.94
1726598914575,BTCUSDT,bid,60600,545.96
1726598914982,BTCUSDT,bid,60600,545.968
1726598915085,BTCUSDT,bid,60600,545.988
1726598915288,BTCUSDT,bid,60600,543.543
1726598916201,BTCUSDT,bid,60600,543.584
1726598918453,BTCUSDT,bid,60600,543.564
1726598918553,BTCUSDT,bid,60600,543.544
1726598919580,BTCUSDT,bid,60600,543.549
1726598921401,BTCUSDT,bid,60600,544.977
1726598922513,BTCUSDT,bid,60600,549.419
1726598923225,BTCUSDT,bid,60600,550.008
1726598923326,BTCUSDT,bid,60600,549.419
1726598923529,BTCUSDT,bid,60600,549.419
1726598923733,BTCUSDT,bid,60600,549.419
1726598924443,BTCUSDT,bid,60600,550.004
1726598925361,BTCUSDT,bid,60600,550.006
1726598925967,BTCUSDT,bid,60600,553.323
1726598926170,BTCUSDT,bid,60600,553.617
1726598926375,BTCUSDT,bid,60600,552.715
1726598926986,BTCUSDT,bid,60600,552.715
1726598927697,BTCUSDT,bid,60600,553.299
1726598928714,BTCUSDT,bid,60600,553.301
1726598928916,BTCUSDT,bid,60600,553.342
1726598930747,BTCUSDT,bid,60600,548.918
1726598931052,BTCUSDT,bid,60600,548.918
1726598931762,BTCUSDT,bid,60600,548.957
1726598931863,BTCUSDT,bid,60600,548.973
1726598932171,BTCUSDT,bid,60600,553.602
1726598932374,BTCUSDT,bid,60600,552.973
1726598932474,BTCUSDT,bid,60600,553.564
1726598933488,BTCUSDT,bid,60600,553.578
1726598934308,BTCUSDT,bid,60600,549.595
1726598934612,BTCUSDT,bid,60600,549.581
1726598934715,BTCUSDT,bid,60600,549.606
1726598935119,BTCUSDT,bid,60600,549.506
1726598935524,BTCUSDT,bid,60600,549.524
1726598935828,BTCUSDT,bid,60600,549.549
1726598936336,BTCUSDT,bid,60600,549.565
1726598936542,BTCUSDT,bid,60600,549.54
1726598938492,BTCUSDT,bid,60600,549.532
1726598940535,BTCUSDT,bid,60600,549.632
1726598940636,BTCUSDT,bid,60600,549.912
1726598940741,BTCUSDT,bid,60600,549.812
1726598941150,BTCUSDT,bid,60600,550.202
1726598941764,BTCUSDT,bid,60600,550.102
1726598944005,BTCUSDT,bid,60600,550.065
1726598944409,BTCUSDT,bid,60600,550.045
1726598944611,BTCUSDT,bid,60600,550.082
1726598946240,BTCUSDT,bid,60600,550.045
1726598946444,BTCUSDT,bid,60600,550.02
1726598947159,BTCUSDT,bid,60600,550.0
1726598947358,BTCUSDT,bid,60600,549.977
1726598947882,BTCUSDT,bid,60600,549.969
1726598949925,BTCUSDT,bid,60600,550.019
1726598950227,BTCUSDT,bid,60600,550.056
1726598950941,BTCUSDT,bid,60600,550.038
1726598952579,BTCUSDT,bid,60600,550.058
1726598952681,BTCUSDT,bid,60600,553.552
1726598953593,BTCUSDT,bid,60600,550.637
1726598953692,BTCUSDT,bid,60600,550.647
1726598953797,BTCUSDT,bid,60600,550.657
1726598953895,BTCUSDT,bid,60600,550.647
1726598954806,BTCUSDT,bid,60600,550.649
1726598955619,BTCUSDT,bid,60600,550.653
1726598955732,BTCUSDT,bid,60600,550.657
1726598956765,BTCUSDT,bid,60600,550.653
1726598956971,BTCUSDT,bid,60600,550.643
1726598957386,BTCUSDT,bid,60600,547.149
1726598958735,BTCUSDT,bid,60600,547.151
1726598960066,BTCUSDT,bid,60600,547.126
1726598960675,BTCUSDT,bid,60600,547.152
1726598961187,BTCUSDT,bid,60600,547.177
1726598964158,BTCUSDT,bid,60600,547.052
1726598964665,BTCUSDT,bid,60600,546.995
1726598964766,BTCUSDT,bid,60600,546.991
1726598965172,BTCUSDT,bid,60600,546.956
1726598965273,BTCUSDT,bid,60600,546.946
1726598965780,BTCUSDT,bid,60600,546.998
1726598967605,BTCUSDT,bid,60600,547.007
1726598968836,BTCUSDT,bid,60600,547.007
1726598968935,BTCUSDT,bid,60600,547.363
1726598969241,BTCUSDT,bid,60600,547.007
1726598969752,BTCUSDT,bid,60600,547.016
1726598970565,BTCUSDT,bid,60600,546.618
1726598972828,BTCUSDT,bid,60600,546.338
1726598973030,BTCUSDT,bid,60600,546.329
1726598973750,BTCUSDT,bid,60600,546.313
1726598977308,BTCUSDT,bid,60600,546.318
1726598979860,BTCUSDT,bid,60600,553.082
1726598983029,BTCUSDT,bid,60600,553.196
1726598987643,BTCUSDT,bid,60600,552.887
1726598987945,BTCUSDT,bid,60600,552.928
1726598988147,BTCUSDT,bid,60600,552.948
1726598989260,BTCUSDT,bid,60600,552.958
1726598989568,BTCUSDT,bid,60600,552.823
1726598989668,BTCUSDT,bid,60600,552.773
1726598990082,BTCUSDT,bid,60600,550.773
1726598991920,BTCUSDT,bid,60600,550.808
1726598993044,BTCUSDT,bid,60600,550.942
1726598993557,BTCUSDT,bid,60600,550.952
1726598993657,BTCUSDT,bid,60600,550.942
1726598993759,BTCUSDT,bid,60600,550.942
1726598996032,BTCUSDT,bid,60600,550.952
1726598996134,BTCUSDT,bid,60600,550.942
1726598996334,BTCUSDT,bid,60600,550.952
1726598996435,BTCUSDT,bid,60600,550.942
1726598997879,BTCUSDT,bid,60600,550.907
1726598998182,BTCUSDT,bid,60600,550.846
1726598998589,BTCUSDT,bid,60600,550.826
1726598998791,BTCUSDT,bid,60600,550.867
1726598999605,BTCUSDT,bid,60600,550.826
1726599000212,BTCUSDT,bid,60600,550.692
1726599000928,BTCUSDT,bid,60600,550.712
1726599001937,BTCUSDT,bid,60600,550.753
1726599002973,BTCUSDT,bid,60600,553.696
1726599003176,BTCUSDT,bid,60600,553.733
1726599004300,BTCUSDT,bid,60600,553.783
1726599005623,BTCUSDT,bid,60600,553.742
1726599007043,BTCUSDT,bid,60600,553.755
1726599007144,BTCUSDT,bid,60600,553.805
1726599007247,BTCUSDT,bid,60600,553.815
1726599007348,BTCUSDT,bid,60600,553.835
1726599007551,BTCUSDT,bid,60600,553.815
1726599007650,BTCUSDT,bid,60600,553.856
1726599008362,BTCUSDT,bid,60600,553.745
1726599009285,BTCUSDT,bid,60600,553.734
1726599010199,BTCUSDT,bid,60600,553.784
1726599010807,BTCUSDT,bid,60600,553.743
1726599011010,BTCUSDT,bid,60600,553.784
1726599011313,BTCUSDT,bid,60600,553.743
1726599011518,BTCUSDT,bid,60600,548.743
1726599011731,BTCUSDT,bid,60600,548.747
1726599011832,BTCUSDT,bid,60600,548.881
1726599012036,BTCUSDT,bid,60600,548.918
1726599013774,BTCUSDT,bid,60600,548.893
1726599014183,BTCUSDT,bid,60600,548.891
1726599014287,BTCUSDT,bid,60600,548.941
1726599014388,BTCUSDT,bid,60600,548.891
1726599014795,BTCUSDT,bid,60600,548.891
1726599016526,BTCUSDT,bid,60600,548.829
1726599016631,BTCUSDT,bid,60600,548.866
1726599016935,BTCUSDT,bid,60600,548.866
1726599017447,BTCUSDT,bid,60600,548.852
1726599017549,BTCUSDT,bid,60600,548.854
1726599017857,BTCUSDT,bid,60600,542.09
1726599018270,BTCUSDT,bid,60600,542.171
1726599018675,BTCUSDT,bid,60600,542.187
1726599019088,BTCUSDT,bid,60600,542.27
1726599019289,BTCUSDT,bid,60600,542.225
1726599019583,BTCUSDT,bid,60600,542.164
1726599020824,BTCUSDT,bid,60600,542.536
1726599021536,BTCUSDT,bid,60600,542.538
1726599021835,BTCUSDT,bid,60600,542.579
1726599022043,BTCUSDT,bid,60600,542.48
1726599022655,BTCUSDT,bid,60600,542.439
1726599023371,BTCUSDT,bid,60600,542.48
1726599023884,BTCUSDT,bid,60600,542.439
1726599024196,BTCUSDT,bid,60600,542.437
1726599024297,BTCUSDT,bid,60600,542.354
1726599026142,BTCUSDT,bid,60600,542.374
1726599029324,BTCUSDT,bid,60600,542.424
1726599029628,BTCUSDT,bid,60600,542.444
1726599030236,BTCUSDT,bid,60600,542.072
1726599030948,BTCUSDT,bid,60600,542.093
1726599031561,BTCUSDT,bid,60600,542.084
1726599032074,BTCUSDT,bid,60600,542.127
1726599032378,BTCUSDT,bid,60600,542.102
1726599032882,BTCUSDT,bid,60600,542.059
1726599035434,BTCUSDT,bid,60600,542.109
1726599036654,BTCUSDT,bid,60600,542.104
1726599041933,BTCUSDT,bid,60600,542.104
1726599044587,BTCUSDT,bid,60600,542.09
1726599044690,BTCUSDT,bid,60600,542.088
1726599046112,BTCUSDT,bid,60600,542.081
1726599046211,BTCUSDT,bid,60600,542.061
1726599046417,BTCUSDT,bid,60600,542.086
1726599048891,BTCUSDT,bid,60600,542.096
1726599049603,BTCUSDT,bid,60600,542.252
1726599054823,BTCUSDT,bid,60600,542.301
1726599055017,BTCUSDT,bid,60600,543.011
1726599055347,BTCUSDT,bid,60600,542.962
1726599055858,BTCUSDT,bid,60600,542.986
1726599057103,BTCUSDT,bid,60600,542.266
1726599057407,BTCUSDT,bid,60600,542.295
1726599058218,BTCUSDT,bid,60600,542.295
1726599058526,BTCUSDT,bid,60600,542.293
1726599060472,BTCUSDT,bid,60600,542.326
1726599062523,BTCUSDT,bid,60600,542.245
1726599064768,BTCUSDT,bid,60600,542.281
1726599065683,BTCUSDT,bid,60600,542.167
1726599074273,BTCUSDT,bid,60600,541.508
1726599074371,BTCUSDT,bid,60600,541.52
1726599075302,BTCUSDT,bid,60600,541.513
1726599075505,BTCUSDT,bid,60600,541.463
1726599075922,BTCUSDT,bid,60600,541.488
1726599076336,BTCUSDT,bid,60600,541.49
1726599076442,BTCUSDT,bid,60600,541.488
1726599078069,BTCUSDT,bid,60600,541.838
1726599079804,BTCUSDT,bid,60600,541.836
1726599080006,BTCUSDT,bid,60600,542.152
1726599080208,BTCUSDT,bid,60600,541.836
1726599080922,BTCUSDT,bid,60600,541.856
1726599081028,BTCUSDT,bid,60600,541.836
1726599081333,BTCUSDT,bid,60600,541.838
1726599082654,BTCUSDT,bid,60600,541.964
1726599623423,BTCUSDT,bid,47000,847.039
1726602378125,BTCUSDT,bid,47300,803.953
1726602584682,BTCUSDT,bid,47000,847.048
1726602897375,BTCUSDT,bid,47000,847.066
1726602921635,BTCUSDT,bid,47000,847.057
1726604323567,BTCUSDT,bid,47000,847.053
1726604662113,BTCUSDT,bid,47000,847.06
1726605265672,BTCUSDT,bid,47000,847.045
1726605300963,BTCUSDT,bid,47000,847.047
1726608287883,BTCUSDT,bid,59000,870.925
1726609242197,BTCUSDT,bid,47000,847.008
1726531362855,BTCUSD_PERP,bid,57700,568.28
1726531913991,BTCUSD_PERP,bid,57800,568.41
1726531914103,BTCUSD_PERP,bid,57800,625.67
1726531914205,BTCUSD_PERP,bid,57800,682.93
1726531914303,BTCUSD_PERP,bid,57800,740.19
1726531914406,BTCUSD_PERP,bid,57800,797.45
1726532245420,BTCUSD_PERP,bid,57800,740.78
1726532245615,BTCUSD_PERP,bid,57800,626.51
1726532259885,BTCUSD_PERP,bid,57700,569.57
1726532342213,BTCUSD_PERP,bid,57800,569.3
1726532342327,BTCUSD_PERP,bid,57800,625.95
1726532342436,BTCUSD_PERP,bid,57800,683.18
1726532444087,BTCUSD_PERP,bid,57700,626.21
1726532680963,BTCUSD_PERP,bid,57700,568.68
1726532681065,BTCUSD_PERP,bid,57700,796.19
1726532888419,BTCUSD_PERP,bid,57700,625.36
1726532905617,BTCUSD_PERP,bid,57600,681.81
1726532908355,BTCUSD_PERP,bid,57600,681.45
1726532938636,BTCUSD_PERP,bid,57600,624.37
1726532938846,BTCUSD_PERP,bid,57600,567.29
1726532939764,BTCUSD_PERP,bid,57600,568.2
1726532939860,BTCUSD_PERP,bid,57600,625.31
1726532940062,BTCUSD_PERP,bid,57600,681.84
1726532940269,BTCUSD_PERP,bid,57600,738.37
1726533089841,BTCUSD_PERP,bid,57600,681.84
1726533089941,BTCUSD_PERP,bid,57600,625.31
1726533090150,BTCUSD_PERP,bid,57600,568.2
1726533155336,BTCUSD_PERP,bid,57600,795.56
1726533206887,BTCUSD_PERP,bid,57600,681.98
1726533206990,BTCUSD_PERP,bid,57600,625.48
1726533207405,BTCUSD_PERP,bid,57600,568.4
1726533367882,BTCUSD_PERP,bid,57600,568.49
1726533396032,BTCUSD_PERP,bid,57600,738.21
1726533510253,BTCUSD_PERP,bid,57600,623.78
1726533664480,BTCUSD_PERP,bid,57500,794.45
1726533664577,BTCUSD_PERP,bid,57500,851.45
1726533970990,BTCUSD_PERP,bid,57500,624.6
1726533971310,BTCUSD_PERP,bid,57500,567.76
1726534092968,BTCUSD_PERP,bid,57500,567.07
1726534155982,BTCUSD_PERP,bid,57400,566.77
1726534207450,BTCUSD_PERP,bid,57400,622.23
1726534235300,BTCUSD_PERP,bid,57400,565.96
1726534361874,BTCUSD_PERP,bid,57400,848.94
1726534361971,BTCUSD_PERP,bid,57400,905.77
1726534407060,BTCUSD_PERP,bid,57400,565.37
1726534407161,BTCUSD_PERP,bid,57300,792.27
1726534407262,BTCUSD_PERP,bid,57300,849.07
1726534407361,BTCUSD_PERP,bid,57300,905.87
1726534474753,BTCUSD_PERP,bid,57300,961.47
1726534474960,BTCUSD_PERP,bid,57300,1018.23
1726534487705,BTCUSD_PERP,bid,57300,791.77
1726534499004,BTCUSD_PERP,bid,57200,564.58
1726534508199,BTCUSD_PERP,bid,57200,564.84
1726534571073,BTCUSD_PERP,bid,57200,792.84
1726534571280,BTCUSD_PERP,bid,57200,849.47
1726534575597,BTCUSD_PERP,bid,57200,793.42
1726534575704,BTCUSD_PERP,bid,57200,737.37
1726534575804,BTCUSD_PERP,bid,57200,681.32
1726534575904,BTCUSD_PERP,bid,57200,624.79
1726534576000,BTCUSD_PERP,bid,57200,568.16
1726534706323,BTCUSD_PERP,bid,57100,564.65
1726534714177,BTCUSD_PERP,bid,57100,732.15
1726534714378,BTCUSD_PERP,bid,57100,788.7
1726534732339,BTCUSD_PERP,bid,57100,732.15
1726534732448,BTCUSD_PERP,bid,57100,619.05
1726534870651,BTCUSD_PERP,bid,57200,619.23
1726534870738,BTCUSD_PERP,bid,57200,675.89
1726534871057,BTCUSD_PERP,bid,57200,789.21
1726534871158,BTCUSD_PERP,bid,57200,845.3
1726534945827,BTCUSD_PERP,bid,57200,789.22
1726534949031,BTCUSD_PERP,bid,57200,675.9
1726534949129,BTCUSD_PERP,bid,57200,790.07
1726534949230,BTCUSD_PERP,bid,57200,1015.67
1726534949328,BTCUSD_PERP,bid,57200,1072.35
1726534961831,BTCUSD_PERP,bid,57200,902.96
1726534961931,BTCUSD_PERP,bid,57200,846.28
1726534962237,BTCUSD_PERP,bid,57200,733.49
1726534962449,BTCUSD_PERP,bid,57200,1015.77
1726534962657,BTCUSD_PERP,bid,57200,1072.43
1726534985811,BTCUSD_PERP,bid,57200,1015.77
1726534986013,BTCUSD_PERP,bid,57200,959.69
1726534986225,BTCUSD_PERP,bid,57200,903.03
1726534986326,BTCUSD_PERP,bid,57200,790.85
1726534986524,BTCUSD_PERP,bid,57200,678.68
1726534986836,BTCUSD_PERP,bid,57200,565.93
1726534987237,BTCUSD_PERP,bid,57200,564.6
1726534987434,BTCUSD_PERP,bid,57200,621.29
1726534987536,BTCUSD_PERP,bid,57200,734.67
1726534987642,BTCUSD_PERP,bid,57200,791.26
1726534987741,BTCUSD_PERP,bid,57200,847.37
1726534990577,BTCUSD_PERP,bid,57200,848.79
1726534991291,BTCUSD_PERP,bid,57200,850.84
1726535077506,BTCUSD_PERP,bid,57200,849.42
1726535112467,BTCUSD_PERP,bid,57200,847.37
1726535174524,BTCUSD_PERP,bid,57200,735.14
1726535174922,BTCUSD_PERP,bid,57200,678.45
1726535176078,BTCUSD_PERP,bid,57300,622.11
1726535176176,BTCUSD_PERP,bid,57300,791.7
1726535176280,BTCUSD_PERP,bid,57300,904.56
1726535176405,BTCUSD_PERP,bid,57300,961.28
1726535203047,BTCUSD_PERP,bid,57300,791.78
1726535203139,BTCUSD_PERP,bid,57300,621.62
1726535204189,BTCUSD_PERP,bid,57300,565.34
1726535204290,BTCUSD_PERP,bid,57300,622.1
1726535204398,BTCUSD_PERP,bid,57300,678.86
1726535216381,BTCUSD_PERP,bid,57300,678.46
1726535267788,BTCUSD_PERP,bid,57300,565.3
1726535267890,BTCUSD_PERP,bid,57300,622.06
1726535268098,BTCUSD_PERP,bid,57300,678.82
1726535360904,BTCUSD_PERP,bid,57300,791.25
1726535361005,BTCUSD_PERP,bid,57300,847.98
1726535403473,BTCUSD_PERP,bid,57200,677.53
1726535403685,BTCUSD_PERP,bid,57200,734.23
1726535410314,BTCUSD_PERP,bid,57200,790.35
1726535433053,BTCUSD_PERP,bid,57200,734.23
1726535433259,BTCUSD_PERP,bid,57200,564.71
1726535536805,BTCUSD_PERP,bid,57200,621.52
1726535629372,BTCUSD_PERP,bid,57100,1015.25
1726535629679,BTCUSD_PERP,bid,57100,1071.85
1726535694726,BTCUSD_PERP,bid,57100,903.2
1726535694825,BTCUSD_PERP,bid,57200,620.53
1726535694924,BTCUSD_PERP,bid,57200,789.28
1726535695035,BTCUSD_PERP,bid,57200,902.54
1726535695245,BTCUSD_PERP,bid,57200,959.17
1726535695351,BTCUSD_PERP,bid,57200,1072.43
1726535695473,BTCUSD_PERP,bid,57200,1128.48
1726535718476,BTCUSD_PERP,bid,57200,1015.79
1726535718778,BTCUSD_PERP,bid,57200,903.67
1726535718878,BTCUSD_PERP,bid,57200,790.41
1726535718981,BTCUSD_PERP,bid,57200,733.78
1726535719094,BTCUSD_PERP,bid,57200,621.1
1726535719301,BTCUSD_PERP,bid,57200,564.47
1726535719707,BTCUSD_PERP,bid,57200,565.54
1726535719804,BTCUSD_PERP,bid,57200,622.21
1726535720004,BTCUSD_PERP,bid,57200,735.45
1726535720112,BTCUSD_PERP,bid,57200,792.94
1726535720218,BTCUSD_PERP,bid,57200,905.69
1726535744561,BTCUSD_PERP,bid,57200,904.28
1726535772132,BTCUSD_PERP,bid,57200,678.88
1726535772236,BTCUSD_PERP,bid,57200,565.16
1726535772337,BTCUSD_PERP,bid,57200,621.86
1726535772441,BTCUSD_PERP,bid,57200,678.56
1726535772551,BTCUSD_PERP,bid,57200,734.68
1726535772759,BTCUSD_PERP,bid,57200,847.5
1726535772862,BTCUSD_PERP,bid,57200,904.2
1726535772965,BTCUSD_PERP,bid,57200,960.9
1726535775449,BTCUSD_PERP,bid,57200,962.32
1726535819510,BTCUSD_PERP,bid,57200,905.62
1726535819816,BTCUSD_PERP,bid,57200,848.92
1726535819914,BTCUSD_PERP,bid,57200,551.01
1726535819914,BTCUSD_PERP,bid,57200,736.1
1726535820016,BTCUSD_PERP,bid,57200,679.98
1726535820116,BTCUSD_PERP,bid,57200,566.58
1726535830931,BTCUSD_PERP,bid,57300,524.86
1726535831138,BTCUSD_PERP,bid,57300,638.3
1726535831660,BTCUSD_PERP,bid,57300,694.49
1726535831868,BTCUSD_PERP,bid,57300,750.68
1726535838193,BTCUSD_PERP,bid,57300,736.12
1726535862119,BTCUSD_PERP,bid,57200,566.47
1726535862220,BTCUSD_PERP,bid,57200,790.99
1726535885345,BTCUSD_PERP,bid,57200,734.28
1726535885449,BTCUSD_PERP,bid,57200,691.83
1726535885546,BTCUSD_PERP,bid,57200,804.02
1726536006310,BTCUSD_PERP,bid,57200,790.42
1726536010935,BTCUSD_PERP,bid,57200,733.75
1726536011246,BTCUSD_PERP,bid,57200,621.56
1726536011343,BTCUSD_PERP,bid,57200,564.89
1726536023146,BTCUSD_PERP,bid,57300,565.07
1726536023457,BTCUSD_PERP,bid,57300,677.98
1726536023561,BTCUSD_PERP,bid,57300,734.73
1726536023764,BTCUSD_PERP,bid,57300,790.9
1726536103584,BTCUSD_PERP,bid,57300,734.74
1726536103690,BTCUSD_PERP,bid,57300,678.57
1726536103996,BTCUSD_PERP,bid,57300,622.4
1726536104096,BTCUSD_PERP,bid,57300,565.65
1726536105034,BTCUSD_PERP,bid,57200,564.3
1726536105232,BTCUSD_PERP,bid,57200,621.02
1726536105335,BTCUSD_PERP,bid,57200,677.74
1726536105538,BTCUSD_PERP,bid,57200,790.5
1726536131955,BTCUSD_PERP,bid,57200,620.92
1726536132055,BTCUSD_PERP,bid,57200,564.78
1726536727304,BTCUSD_PERP,bid,57300,565.83
1726536727406,BTCUSD_PERP,bid,57300,678.19
1726536732339,BTCUSD_PERP,bid,57300,691.93
1726536733461,BTCUSD_PERP,bid,57300,692.06
1726536743133,BTCUSD_PERP,bid,57300,692.2
1726536749342,BTCUSD_PERP,bid,57300,578.66
1726537441088,BTCUSD_PERP,bid,57400,622.81
1726537441194,BTCUSD_PERP,bid,57400,679.06
1726537498261,BTCUSD_PERP,bid,57400,622.81
1726537498671,BTCUSD_PERP,bid,57400,565.98
1726537499387,BTCUSD_PERP,bid,57400,566.38
1726537499477,BTCUSD_PERP,bid,57400,623.25
1726537499588,BTCUSD_PERP,bid,57400,680.02
1726537499703,BTCUSD_PERP,bid,57400,736.89
1726537499797,BTCUSD_PERP,bid,57400,906.92
1726537499905,BTCUSD_PERP,bid,57400,963.79
1726537500232,BTCUSD_PERP,bid,57400,1020.08
1726537674743,BTCUSD_PERP,bid,57400,736.89
1726537674848,BTCUSD_PERP,bid,57400,906.44
1726537675054,BTCUSD_PERP,bid,57400,963.28
1726537751261,BTCUSD_PERP,bid,57400,850.18
1726537751360,BTCUSD_PERP,bid,57300,566.84
1726537751461,BTCUSD_PERP,bid,57300,793.5
1726537751560,BTCUSD_PERP,bid,57300,850.31
1726537873923,BTCUSD_PERP,bid,57300,794.08
1726537874027,BTCUSD_PERP,bid,57300,680.46
1726537874129,BTCUSD_PERP,bid,57300,566.84
1726537874744,BTCUSD_PERP,bid,57400,567.14
1726537874954,BTCUSD_PERP,bid,57400,623.39
1726537875051,BTCUSD_PERP,bid,57400,679.64
1726537875263,BTCUSD_PERP,bid,57400,736.48
1726537875365,BTCUSD_PERP,bid,57400,793.32
1726537875704,BTCUSD_PERP,bid,57400,850.16
1726537875805,BTCUSD_PERP,bid,57400,906.42
1726537875905,BTCUSD_PERP,bid,57400,963.26
1726537876438,BTCUSD_PERP,bid,57400,965.32
1726537918089,BTCUSD_PERP,bid,57300,1019.0
1726537918193,BTCUSD_PERP,bid,57300,1075.81
1726538112368,BTCUSD_PERP,bid,57300,1019.0
1726538112561,BTCUSD_PERP,bid,57300,962.77
1726538112667,BTCUSD_PERP,bid,57300,905.96
1726538112884,BTCUSD_PERP,bid,57300,849.73
1726538112984,BTCUSD_PERP,bid,57300,792.92
1726538113084,BTCUSD_PERP,bid,57300,679.88
1726538113199,BTCUSD_PERP,bid,57300,623.17
1726538113406,BTCUSD_PERP,bid,57300,566.94
1726538113505,BTCUSD_PERP,bid,57300,565.41
1726538113610,BTCUSD_PERP,bid,57300,678.38
1726538113716,BTCUSD_PERP,bid,57300,735.16
1726538113817,BTCUSD_PERP,bid,57300,1018.47
1726538114132,BTCUSD_PERP,bid,57300,1075.25
1726538385105,BTCUSD_PERP,bid,57300,1019.06
1726538385515,BTCUSD_PERP,bid,57300,679.65
1726538386423,BTCUSD_PERP,bid,57300,566.38
1726538386528,BTCUSD_PERP,bid,57300,623.19
1726538386630,BTCUSD_PERP,bid,57300,680.0
1726538404580,BTCUSD_PERP,bid,57300,623.76
1726538404679,BTCUSD_PERP,bid,57300,566.95
1726539134179,BTCUSD_PERP,ask,58400,516.43
1726539134488,BTCUSD_PERP,ask,58400,526.06
1726539134694,BTCUSD_PERP,ask,58400,535.4
1726539134909,BTCUSD_PERP,ask,58400,544.74
1726539171005,BTCUSD_PERP,ask,58400,535.4
1726539179991,BTCUSD_PERP,ask,58400,526.35
1726539181214,BTCUSD_PERP,ask,58400,517.01
1726539917454,BTCUSD_PERP,bid,57400,566.86
1726539917558,BTCUSD_PERP,bid,57400,623.72
1726539917660,BTCUSD_PERP,bid,57400,680.58
1726539919390,BTCUSD_PERP,bid,57400,680.72
1726539920299,BTCUSD_PERP,bid,57400,680.86
1726539923133,BTCUSD_PERP,bid,57400,681.0
1726539928490,BTCUSD_PERP,bid,57400,681.14
1726539930246,BTCUSD_PERP,bid,57400,681.28
1726539932170,BTCUSD_PERP,bid,57400,681.42
1726540068443,BTCUSD_PERP,bid,57400,624.56
1726540577332,BTCUSD_PERP,bid,57400,565.92
1726540577527,BTCUSD_PERP,bid,57400,735.98
1726540577633,BTCUSD_PERP,bid,57400,849.17
1726540577730,BTCUSD_PERP,bid,57400,962.93
1726540607448,BTCUSD_PERP,bid,57400,850.31
1726540607551,BTCUSD_PERP,bid,57400,793.43
1726540607655,BTCUSD_PERP,bid,57400,680.25
1726540607759,BTCUSD_PERP,bid,57400,566.49
1726541040605,BTCUSD_PERP,bid,57600,568.17
1726541240553,BTCUSD_PERP,bid,57600,567.14
1726541320325,BTCUSD_PERP,bid,57600,625.86
1726541320424,BTCUSD_PERP,bid,57600,796.63
1726541320634,BTCUSD_PERP,bid,57600,853.75
1726541320756,BTCUSD_PERP,bid,57600,910.28
1726541320955,BTCUSD_PERP,bid,57600,967.4
1726541321173,BTCUSD_PERP,bid,57600,1024.52
1726541321271,BTCUSD_PERP,bid,57600,555.28
1726541321271,BTCUSD_PERP,bid,57600,1194.7
1726541436684,BTCUSD_PERP,bid,57600,1137.58
1726541436788,BTCUSD_PERP,bid,57600,910.28
1726541436880,BTCUSD_PERP,bid,57600,1023.43
1726541436985,BTCUSD_PERP,bid,57600,554.98
1726541436985,BTCUSD_PERP,bid,57600,1080.52
1726541437184,BTCUSD_PERP,bid,57600,1137.61
1726541472063,BTCUSD_PERP,bid,57600,967.02
1726541472363,BTCUSD_PERP,bid,57600,909.93
1726541472462,BTCUSD_PERP,bid,57600,852.84
1726541472773,BTCUSD_PERP,bid,57600,739.83
1726541472880,BTCUSD_PERP,bid,57600,682.74
1726541473086,BTCUSD_PERP,bid,57600,626.23
1726541473086,BTCUSD_PERP,bid,57600,568.15
1726541473200,BTCUSD_PERP,bid,57600,569.73
1726541473305,BTCUSD_PERP,bid,57600,624.68
1726541473405,BTCUSD_PERP,bid,57600,681.8
1726541473494,BTCUSD_PERP,bid,57600,795.45
1726541473607,BTCUSD_PERP,bid,57600,909.69
1726541473712,BTCUSD_PERP,bid,57600,555.28
1726541473712,BTCUSD_PERP,bid,57600,1023.93
1726541473831,BTCUSD_PERP,bid,57600,1137.58
1726541473917,BTCUSD_PERP,bid,57600,1194.7
1726541515373,BTCUSD_PERP,bid,57600,1081.64
1726541515474,BTCUSD_PERP,bid,57600,738.56
1726541515559,BTCUSD_PERP,bid,57600,1022.84
1726541515777,BTCUSD_PERP,bid,57600,1137.02
1726541518897,BTCUSD_PERP,bid,57600,1080.03
1726541519000,BTCUSD_PERP,bid,57600,965.85
1726541519096,BTCUSD_PERP,bid,57600,908.76
1726541519506,BTCUSD_PERP,bid,57600,908.78
1726541519605,BTCUSD_PERP,bid,57600,1022.3
1726541550599,BTCUSD_PERP,bid,57600,852.3
1726541598839,BTCUSD_PERP,bid,57600,567.87
1726541643476,BTCUSD_PERP,bid,57500,567.57
1726541697109,BTCUSD_PERP,bid,57600,567.87
1726542270348,BTCUSD_PERP,bid,57600,625.8
1726542678233,BTCUSD_PERP,ask,58700,517.5
1726542683727,BTCUSD_PERP,ask,58700,526.89
1726542684613,BTCUSD_PERP,ask,58700,536.28
1726542687852,BTCUSD_PERP,ask,58700,545.67
1726542689405,BTCUSD_PERP,ask,58700,551.53
1726542690562,BTCUSD_PERP,ask,58700,560.92
1726542693205,BTCUSD_PERP,ask,58700,566.79
1726542697331,BTCUSD_PERP,ask,58700,560.92
1726542698560,BTCUSD_PERP,ask,58700,551.54
1726542711706,BTCUSD_PERP,ask,58700,542.15
1726542714535,BTCUSD_PERP,ask,58700,532.76
1726542731674,BTCUSD_PERP,ask,58700,523.37
1726542733038,BTCUSD_PERP,ask,58700,514.28
1726542782038,BTCUSD_PERP,bid,57600,569.34
1726542848460,BTCUSD_PERP,bid,57600,569.04
1726543142794,BTCUSD_PERP,bid,57500,568.87
1726543142899,BTCUSD_PERP,bid,57500,625.87
1726543197163,BTCUSD_PERP,bid,57500,738.08
1726543197265,BTCUSD_PERP,bid,57500,795.04
1726543371791,BTCUSD_PERP,bid,57500,681.69
1726543371891,BTCUSD_PERP,bid,57500,624.73
1726544212639,BTCUSD_PERP,bid,57600,529.16
1726544300019,BTCUSD_PERP,bid,57600,527.73
1726544331281,BTCUSD_PERP,bid,57600,525.66
1726544371072,BTCUSD_PERP,bid,57600,796.0
1726544371170,BTCUSD_PERP,bid,57600,852.44
1726544371276,BTCUSD_PERP,bid,57600,909.47
1726544703566,BTCUSD_PERP,bid,57600,739.54
1726544703669,BTCUSD_PERP,bid,57600,739.44
1726544703773,BTCUSD_PERP,bid,57600,796.4
1726544703874,BTCUSD_PERP,bid,57500,554.7
1726544703874,BTCUSD_PERP,bid,57600,853.46
1726544703977,BTCUSD_PERP,bid,57600,909.93
1726544785847,BTCUSD_PERP,bid,57600,738.83
1726544785947,BTCUSD_PERP,bid,57600,795.85
1726544786052,BTCUSD_PERP,bid,57600,852.87
1726544817865,BTCUSD_PERP,ask,58700,511.09
1726544819822,BTCUSD_PERP,ask,58700,520.47
1726544853269,BTCUSD_PERP,ask,58700,511.09
1726545111274,BTCUSD_PERP,bid,57600,795.85
1726545111374,BTCUSD_PERP,bid,57500,738.57
1726545111474,BTCUSD_PERP,bid,57500,794.98
1726545111582,BTCUSD_PERP,bid,57500,851.97
1726545839638,BTCUSD_PERP,bid,57500,851.37
1726545839740,BTCUSD_PERP,bid,57500,908.33
1726545872327,BTCUSD_PERP,bid,57500,794.41
1726545872429,BTCUSD_PERP,bid,57500,624.21
1726545872935,BTCUSD_PERP,bid,57500,568.04
1726545873138,BTCUSD_PERP,bid,57500,681.44
1726545873446,BTCUSD_PERP,bid,57500,737.84
1726545873545,BTCUSD_PERP,bid,57500,794.83
1726545873749,BTCUSD_PERP,bid,57500,851.82
1726545874268,BTCUSD_PERP,bid,57500,908.81
1726545876714,BTCUSD_PERP,bid,57500,908.95
1726545935040,BTCUSD_PERP,bid,57500,851.96
1726545935245,BTCUSD_PERP,bid,57500,795.56
1726545935445,BTCUSD_PERP,bid,57500,681.58
1726545935654,BTCUSD_PERP,bid,57500,624.59
1726545935753,BTCUSD_PERP,bid,57500,568.19
1726545936566,BTCUSD_PERP,bid,57600,626.08
1726545936964,BTCUSD_PERP,bid,57600,796.01
1726545937170,BTCUSD_PERP,bid,57600,852.46
1726545937682,BTCUSD_PERP,bid,57600,854.53
1726545991021,BTCUSD_PERP,bid,57600,741.05
1726545991318,BTCUSD_PERP,bid,57600,684.02
1726545991529,BTCUSD_PERP,bid,57600,626.99
1726545991629,BTCUSD_PERP,bid,57600,569.96
1726545992643,BTCUSD_PERP,bid,57600,569.35
1726545992735,BTCUSD_PERP,bid,57600,626.41
1726545992943,BTCUSD_PERP,bid,57600,852.91
1726546624705,BTCUSD_PERP,bid,57600,796.43
1726546624808,BTCUSD_PERP,bid,57600,739.95
1726546625012,BTCUSD_PERP,bid,57600,682.89
1726546625318,BTCUSD_PERP,bid,57600,568.77
1726546625727,BTCUSD_PERP,bid,57600,569.07
1726546626028,BTCUSD_PERP,bid,57600,626.16
1726546626232,BTCUSD_PERP,bid,57600,739.77
1726546626737,BTCUSD_PERP,bid,57600,853.38
1726547124880,BTCUSD_PERP,bid,57600,739.77
1726547124983,BTCUSD_PERP,bid,57600,683.25
1726547125085,BTCUSD_PERP,bid,57600,626.16
1726547125186,BTCUSD_PERP,bid,57600,569.07
1726547980187,BTCUSD_PERP,bid,57700,626.58
1726547980287,BTCUSD_PERP,bid,57700,683.76
1726547980511,BTCUSD_PERP,bid,57700,740.36
1726547983708,BTCUSD_PERP,bid,57700,740.5
1726547986406,BTCUSD_PERP,bid,57700,740.64
1726547991859,BTCUSD_PERP,bid,57700,740.78
1726548192705,BTCUSD_PERP,bid,57700,740.64
1726548193363,BTCUSD_PERP,bid,57700,740.5
1726548200610,BTCUSD_PERP,bid,57700,740.36
1726548414859,BTCUSD_PERP,bid,57700,626.58
1726548415165,BTCUSD_PERP,bid,57700,569.98
1726548415778,BTCUSD_PERP,bid,57700,626.9
1726548415869,BTCUSD_PERP,bid,57700,684.11
1726548415987,BTCUSD_PERP,bid,57700,741.32
1726548416186,BTCUSD_PERP,bid,57700,797.95
1726548416293,BTCUSD_PERP,bid,57700,855.16
1726548416393,BTCUSD_PERP,bid,57700,911.79
1726548416499,BTCUSD_PERP,bid,57700,969.0
1726548564303,BTCUSD_PERP,bid,57700,982.85
1726548578305,BTCUSD_PERP,bid,57700,982.99
1726548684685,BTCUSD_PERP,bid,57700,969.14
1726548692138,BTCUSD_PERP,bid,57700,854.72
1726548693258,BTCUSD_PERP,bid,57700,797.6
1726548693463,BTCUSD_PERP,bid,57700,683.18
1726548694070,BTCUSD_PERP,bid,57700,569.34
1726548695200,BTCUSD_PERP,bid,57800,568.99
1726548695303,BTCUSD_PERP,bid,57800,683.49
1726548834632,BTCUSD_PERP,bid,57700,854.92
1726548834734,BTCUSD_PERP,bid,57700,911.53
1726549009420,BTCUSD_PERP,bid,57700,796.73
1726549009520,BTCUSD_PERP,bid,57700,853.89
1726549202964,BTCUSD_PERP,bid,57700,796.73
1726549203164,BTCUSD_PERP,bid,57700,740.16
1726549203313,BTCUSD_PERP,bid,57700,683.59
1726549203587,BTCUSD_PERP,bid,57700,626.43
1726549203792,BTCUSD_PERP,bid,57700,569.85
1726549204312,BTCUSD_PERP,bid,57700,569.0
1726549204416,BTCUSD_PERP,bid,57700,625.61
1726549204511,BTCUSD_PERP,bid,57700,682.8
1726549249217,BTCUSD_PERP,bid,57700,626.19
1726549249317,BTCUSD_PERP,bid,57700,569.0
1726549250541,BTCUSD_PERP,bid,57700,569.28
1726549250645,BTCUSD_PERP,bid,57700,682.44
1726549260156,BTCUSD_PERP,bid,57700,682.58
1726549261132,BTCUSD_PERP,bid,57700,682.72
1726549261227,BTCUSD_PERP,bid,57700,682.86
1726549261477,BTCUSD_PERP,bid,57700,683.0
1726549262547,BTCUSD_PERP,bid,57700,683.14
1726549263906,BTCUSD_PERP,bid,57700,683.28
1726549302267,BTCUSD_PERP,bid,57700,569.54
1726549302983,BTCUSD_PERP,bid,57700,570.16
1726549303084,BTCUSD_PERP,bid,57700,627.35
1726549303293,BTCUSD_PERP,bid,57700,684.54
1726549303599,BTCUSD_PERP,bid,57700,741.15
1726549303706,BTCUSD_PERP,bid,57700,797.76
1726549303806,BTCUSD_PERP,bid,57700,854.37
1726549829063,BTCUSD_PERP,bid,57700,797.18
1726549829168,BTCUSD_PERP,bid,57700,739.99
1726549829472,BTCUSD_PERP,bid,57700,682.8
1726549829572,BTCUSD_PERP,bid,57700,569.58
1726549829980,BTCUSD_PERP,bid,57800,569.94
1726549830183,BTCUSD_PERP,bid,57800,626.57
1726549830384,BTCUSD_PERP,bid,57800,797.58
1726549830484,BTCUSD_PERP,bid,57800,854.81
1726549830882,BTCUSD_PERP,bid,57700,556.36
1726549830882,BTCUSD_PERP,bid,57800,911.44
1726549830985,BTCUSD_PERP,bid,57800,968.67
1726549889205,BTCUSD_PERP,bid,47000,2436.7
1726550174801,BTCUSD_PERP,bid,57800,912.04
1726550177648,BTCUSD_PERP,bid,57800,1026.48
1726550177790,BTCUSD_PERP,bid,57700,556.65
1726550177790,BTCUSD_PERP,bid,57800,1083.74
1726550353875,BTCUSD_PERP,bid,57800,1083.16
1726550448536,BTCUSD_PERP,bid,57800,1026.48
1726550448636,BTCUSD_PERP,bid,57800,627.67
1726550448740,BTCUSD_PERP,bid,57800,798.19
1726550728646,BTCUSD_PERP,bid,57800,626.6
1726550728741,BTCUSD_PERP,bid,57800,1025.9
1726550728930,BTCUSD_PERP,bid,57700,556.65
1726550728930,BTCUSD_PERP,bid,57800,1083.16
1726550737237,BTCUSD_PERP,bid,57800,1083.3
1726550739504,BTCUSD_PERP,bid,57800,1097.16
1726550747762,BTCUSD_PERP,bid,57800,1097.3
1726550859990,BTCUSD_PERP,bid,57800,1083.44
1726550923951,BTCUSD_PERP,bid,57800,1026.77
1726550924063,BTCUSD_PERP,bid,57800,970.09
1726550924164,BTCUSD_PERP,bid,57800,856.74
1726550924487,BTCUSD_PERP,bid,57800,799.48
1726550924599,BTCUSD_PERP,bid,57800,742.22
1726550924705,BTCUSD_PERP,bid,57800,685.54
1726550924812,BTCUSD_PERP,bid,57800,571.61
1726550924911,BTCUSD_PERP,bid,57800,569.4
1726550925013,BTCUSD_PERP,bid,57800,741.27
1726550925118,BTCUSD_PERP,bid,57800,798.56
1726550925223,BTCUSD_PERP,bid,57800,855.85
1726550925325,BTCUSD_PERP,bid,57800,913.14
1726550925635,BTCUSD_PERP,bid,57800,969.84
1726551095524,BTCUSD_PERP,bid,57800,912.55
1726551095625,BTCUSD_PERP,bid,57800,741.27
1726551095929,BTCUSD_PERP,bid,57800,683.98
1726551096036,BTCUSD_PERP,bid,57800,627.28
1726551096136,BTCUSD_PERP,bid,57800,570.57
1726551097375,BTCUSD_PERP,bid,57900,627.5
1726551097473,BTCUSD_PERP,bid,57900,684.24
1726551097578,BTCUSD_PERP,bid,57900,741.56
1726551102215,BTCUSD_PERP,bid,57900,755.43
1726551222833,BTCUSD_PERP,bid,57900,741.56
1726551248260,BTCUSD_PERP,bid,57900,684.24
1726551248464,BTCUSD_PERP,bid,57900,626.92
1726551248563,BTCUSD_PERP,bid,57900,570.18
1726551255679,BTCUSD_PERP,bid,57900,571.51
1726551360727,BTCUSD_PERP,bid,57900,570.98
1726551434554,BTCUSD_PERP,bid,57900,571.34
1726551574823,BTCUSD_PERP,bid,57900,570.98
1726551981462,BTCUSD_PERP,bid,57900,571.36
1726551981577,BTCUSD_PERP,bid,57900,628.73
1726551982093,BTCUSD_PERP,bid,57900,686.1
1726551982194,BTCUSD_PERP,bid,57900,742.88
1726551982711,BTCUSD_PERP,bid,57900,800.25
1726551995945,BTCUSD_PERP,bid,57900,800.39
1726552007116,BTCUSD_PERP,bid,57900,800.53
1726552057608,BTCUSD_PERP,bid,57900,686.38
1726552057708,BTCUSD_PERP,bid,57900,629.01
1726552057806,BTCUSD_PERP,bid,57900,572.23
1726552349925,BTCUSD_PERP,bid,58100,573.16
1726552364265,BTCUSD_PERP,bid,58100,516.5
1726552365613,BTCUSD_PERP,bid,58100,516.64
1726552378789,BTCUSD_PERP,bid,58100,516.5
1726552420720,BTCUSD_PERP,bid,58100,515.97
1726552436345,BTCUSD_PERP,bid,58200,516.65
1726552442004,BTCUSD_PERP,bid,58200,516.83
1726552442412,BTCUSD_PERP,bid,58200,573.86
1726552454989,BTCUSD_PERP,bid,58200,530.7
1726552455206,BTCUSD_PERP,bid,58200,588.33
1726552455763,BTCUSD_PERP,bid,58200,516.82
1726552467131,BTCUSD_PERP,bid,58200,530.7
1726552472124,BTCUSD_PERP,bid,47000,2436.7
1726552492094,BTCUSD_PERP,bid,47000,2436.7
1726552512158,BTCUSD_PERP,bid,47000,2436.7
1726552521103,BTCUSD_PERP,bid,58200,575.03
1726552521309,BTCUSD_PERP,bid,58200,632.65
1726552543446,BTCUSD_PERP,bid,58100,689.71
1726552544462,BTCUSD_PERP,bid,58100,574.55
1726552544563,BTCUSD_PERP,bid,58100,516.97
1726552546205,BTCUSD_PERP,bid,58200,516.89
1726552546323,BTCUSD_PERP,bid,58200,631.58
1726552546758,BTCUSD_PERP,bid,58200,688.63
1726552563276,BTCUSD_PERP,bid,58200,630.99
1726552563378,BTCUSD_PERP,bid,58100,516.62
1726552563479,BTCUSD_PERP,bid,58100,802.9
1726552572931,BTCUSD_PERP,bid,58100,803.01
1726552577000,BTCUSD_PERP,bid,58100,746.02
1726552577105,BTCUSD_PERP,bid,58100,688.44
1726552577533,BTCUSD_PERP,bid,58100,516.39
1726552578149,BTCUSD_PERP,bid,58100,574.24
1726552578256,BTCUSD_PERP,bid,58100,690.32
1726552578650,BTCUSD_PERP,bid,58100,747.35
1726552578859,BTCUSD_PERP,bid,58100,804.37
1726552609122,BTCUSD_PERP,bid,58100,802.93
1726552735921,BTCUSD_PERP,bid,58100,686.71
1726552736019,BTCUSD_PERP,bid,58100,859.32
1726552833188,BTCUSD_PERP,bid,58100,916.26
1726552833396,BTCUSD_PERP,bid,58100,973.79
1726552899720,BTCUSD_PERP,bid,58000,629.49
1726552899818,BTCUSD_PERP,bid,58000,973.31
1726552900021,BTCUSD_PERP,bid,58000,1030.81
1726552950592,BTCUSD_PERP,bid,58000,800.81
1726552950696,BTCUSD_PERP,bid,58000,915.33
1726552950894,BTCUSD_PERP,bid,58000,972.8
1726553110412,BTCUSD_PERP,bid,58000,685.09
1726553110515,BTCUSD_PERP,bid,58000,857.41
1726553110615,BTCUSD_PERP,bid,58000,914.85
1726553270301,BTCUSD_PERP,bid,58000,742.53
1726553270505,BTCUSD_PERP,bid,58000,685.09
1726553270705,BTCUSD_PERP,bid,58000,570.89
1726553426735,BTCUSD_PERP,bid,58000,571.39
1726553426936,BTCUSD_PERP,bid,58000,628.83
1726553449313,BTCUSD_PERP,bid,58000,571.98
1726553450076,BTCUSD_PERP,bid,58000,528.77
1726553450406,BTCUSD_PERP,bid,58000,643.12
1726553450609,BTCUSD_PERP,bid,58000,700.0
1726553450705,BTCUSD_PERP,bid,58000,757.47
1726553450837,BTCUSD_PERP,bid,58000,814.35
1726553450944,BTCUSD_PERP,bid,58000,871.72
1726553451048,BTCUSD_PERP,bid,57900,558.69
1726553451048,BTCUSD_PERP,bid,58000,929.19
1726553451366,BTCUSD_PERP,bid,58000,986.66
1726553520500,BTCUSD_PERP,bid,58000,972.76
1726553583591,BTCUSD_PERP,bid,58000,915.29
1726553583695,BTCUSD_PERP,bid,58000,800.35
1726553583798,BTCUSD_PERP,bid,58000,743.47
1726553583898,BTCUSD_PERP,bid,58000,629.12
1726553584105,BTCUSD_PERP,bid,58000,857.99
1726553584210,BTCUSD_PERP,bid,58000,972.29
1726553584309,BTCUSD_PERP,bid,57900,558.42
1726553861346,BTCUSD_PERP,bid,58000,857.41
1726553861542,BTCUSD_PERP,bid,57900,743.9
1726553861643,BTCUSD_PERP,bid,57900,971.78
1726553861744,BTCUSD_PERP,bid,57900,558.13
1726553883740,BTCUSD_PERP,bid,57900,985.67
1726553891804,BTCUSD_PERP,bid,57900,985.81
1726553900408,BTCUSD_PERP,bid,57900,985.95
1726553970352,BTCUSD_PERP,bid,57900,700.18
1726553970659,BTCUSD_PERP,bid,57900,529.69
1726553970761,BTCUSD_PERP,bid,58000,571.39
1726553970954,BTCUSD_PERP,bid,58000,743.12
1726553971373,BTCUSD_PERP,bid,58000,858.0
1726553971662,BTCUSD_PERP,bid,58000,915.44
1726553971877,BTCUSD_PERP,bid,58000,972.88
1726553972206,BTCUSD_PERP,bid,57900,558.43
1726553972306,BTCUSD_PERP,bid,58000,1029.74
1726554004344,BTCUSD_PERP,bid,58000,1043.64
1726554124914,BTCUSD_PERP,bid,58000,1029.74
1726554212501,BTCUSD_PERP,bid,58000,972.3
1726554212807,BTCUSD_PERP,bid,58000,858.59
1726554212915,BTCUSD_PERP,bid,57900,800.14
1726554213013,BTCUSD_PERP,bid,57900,971.79
1726554213113,BTCUSD_PERP,bid,57900,558.12
1726554213113,BTCUSD_PERP,bid,57900,1029.2
1726554261272,BTCUSD_PERP,bid,57900,1051.49
1726554465217,BTCUSD_PERP,bid,57900,994.67
1726554465316,BTCUSD_PERP,bid,57900,765.12
1726554465620,BTCUSD_PERP,bid,57900,1028.66
1726554465821,BTCUSD_PERP,bid,57900,557.89
1726554763418,BTCUSD_PERP,bid,57900,971.28
1726554763527,BTCUSD_PERP,bid,57900,914.49
1726554763631,BTCUSD_PERP,bid,57900,857.11
1726554763832,BTCUSD_PERP,bid,57900,684.97
1726554764073,BTCUSD_PERP,bid,57900,570.3
1726554764169,BTCUSD_PERP,bid,57900,572.24
1726554764367,BTCUSD_PERP,bid,57900,629.65
1726554764598,BTCUSD_PERP,bid,57900,686.47
1726554764801,BTCUSD_PERP,bid,57900,743.3
1726554765005,BTCUSD_PERP,bid,57900,558.13
1726554765112,BTCUSD_PERP,bid,57900,800.13
1726554765212,BTCUSD_PERP,bid,57900,914.95
1726554765305,BTCUSD_PERP,bid,57900,971.78
1726554765415,BTCUSD_PERP,bid,57900,1029.19
1726554957133,BTCUSD_PERP,bid,57900,972.37
1726554957439,BTCUSD_PERP,bid,57900,915.55
1726554957532,BTCUSD_PERP,bid,57900,858.73
1726554957639,BTCUSD_PERP,bid,57900,801.32
1726554957742,BTCUSD_PERP,bid,57900,743.91
1726554957825,BTCUSD_PERP,bid,57900,629.67
1726554958058,BTCUSD_PERP,bid,57900,572.84
1726554958623,BTCUSD_PERP,bid,58000,572.14
1726554958834,BTCUSD_PERP,bid,58000,629.59
1726554958928,BTCUSD_PERP,bid,58000,801.84
1726554959153,BTCUSD_PERP,bid,58000,858.7
1726554959365,BTCUSD_PERP,bid,58000,916.15
1726555298952,BTCUSD_PERP,bid,58000,859.29
1726555299277,BTCUSD_PERP,bid,58000,686.94
1726555299377,BTCUSD_PERP,bid,58000,572.63
1726555299475,BTCUSD_PERP,bid,58000,572.39
1726555299688,BTCUSD_PERP,bid,58000,629.28
1726555300106,BTCUSD_PERP,bid,58000,686.17
1726555300202,BTCUSD_PERP,bid,58000,800.54
1726555522461,BTCUSD_PERP,bid,58000,629.87
1726555522561,BTCUSD_PERP,bid,58000,572.98
1726555523786,BTCUSD_PERP,bid,58000,628.41
1726555523885,BTCUSD_PERP,bid,58000,685.27
1726555524391,BTCUSD_PERP,bid,58000,742.72
1726555524490,BTCUSD_PERP,bid,58000,800.07
1726555598379,BTCUSD_PERP,bid,58000,685.76
1726555598488,BTCUSD_PERP,bid,58000,628.31
1726555598792,BTCUSD_PERP,bid,58000,742.85
1726555599328,BTCUSD_PERP,bid,58000,799.68
1726555602415,BTCUSD_PERP,bid,58000,801.12
1726555617851,BTCUSD_PERP,bid,58000,629.45
1726555618361,BTCUSD_PERP,bid,58000,572.61
1726556088728,BTCUSD_PERP,bid,58000,628.01
1726556088825,BTCUSD_PERP,bid,58000,685.43
1726556453568,BTCUSD_PERP,bid,58000,571.77
1726556454177,BTCUSD_PERP,bid,58000,571.45
1726556454277,BTCUSD_PERP,bid,58000,628.31
1726556454381,BTCUSD_PERP,bid,58000,685.76
1726556454482,BTCUSD_PERP,bid,58000,742.62
1726556522677,BTCUSD_PERP,bid,58000,521.32
1726556883248,BTCUSD_PERP,bid,58000,572.06
1726557001625,BTCUSD_PERP,bid,58000,572.47
1726557360797,BTCUSD_PERP,bid,58100,572.45
1726557361205,BTCUSD_PERP,bid,58100,687.53
1726557532764,BTCUSD_PERP,bid,58100,629.99
1726557532970,BTCUSD_PERP,bid,58000,577.76
1726557533067,BTCUSD_PERP,bid,58000,635.27
1726557533276,BTCUSD_PERP,bid,58000,692.19
1726557614294,BTCUSD_PERP,bid,58000,572.52
1726557614395,BTCUSD_PERP,bid,58000,630.0
1726557689423,BTCUSD_PERP,bid,58000,629.95
1726557854973,BTCUSD_PERP,bid,58000,526.87
1726557855074,BTCUSD_PERP,bid,58000,584.32
1726557875033,BTCUSD_PERP,bid,58000,572.74
1726558113035,BTCUSD_PERP,bid,58000,528.89
1726558588231,BTCUSD_PERP,bid,58100,573.06
1726558787005,BTCUSD_PERP,bid,58100,516.1
1726558788662,BTCUSD_PERP,bid,58100,515.79
1726558788989,BTCUSD_PERP,bid,58100,573.37
1726558823761,BTCUSD_PERP,bid,58100,515.79
1726558930312,BTCUSD_PERP,ask,59200,510.37
1726558930914,BTCUSD_PERP,ask,59200,516.29
1726558933783,BTCUSD_PERP,ask,59200,525.75
1726558974702,BTCUSD_PERP,ask,59200,519.84
1726558979098,BTCUSD_PERP,ask,59200,510.37
1726559045239,BTCUSD_PERP,bid,58100,516.63
1726559193586,BTCUSD_PERP,bid,58200,516.9
1726559193806,BTCUSD_PERP,bid,58200,574.53
1726559230043,BTCUSD_PERP,bid,58100,631.24
1726559230147,BTCUSD_PERP,bid,58100,688.84
1726560024910,BTCUSD_PERP,bid,58100,631.24
1726560025008,BTCUSD_PERP,bid,58100,574.23
1726560025107,BTCUSD_PERP,bid,58100,516.63
1726560026665,BTCUSD_PERP,bid,58200,516.91
1726560065053,BTCUSD_PERP,bid,58200,517.26
1726560415422,BTCUSD_PERP,bid,58100,517.89
1726560415526,BTCUSD_PERP,bid,58100,575.49
1726560528504,BTCUSD_PERP,ask,59300,511.51
1726560535356,BTCUSD_PERP,ask,59300,517.43
1726560537606,BTCUSD_PERP,ask,59300,527.21
1726560544101,BTCUSD_PERP,ask,59300,536.69
1726560615862,BTCUSD_PERP,bid,58200,516.76
1726560748337,BTCUSD_PERP,bid,58200,516.93
1726560748425,BTCUSD_PERP,bid,58200,689.47
1726560748877,BTCUSD_PERP,bid,58200,747.18
1726560811539,BTCUSD_PERP,bid,47000,2389.34
1726560886043,BTCUSD_PERP,bid,58200,631.98
1726560969857,BTCUSD_PERP,bid,58200,516.36
1726560969983,BTCUSD_PERP,bid,58200,631.78
1726560970303,BTCUSD_PERP,bid,58200,746.03
1726560970394,BTCUSD_PERP,bid,58200,803.74
1726561034758,BTCUSD_PERP,bid,58200,688.32
1726561034859,BTCUSD_PERP,bid,58200,631.19
1726561035066,BTCUSD_PERP,bid,58200,515.87
1726561035980,BTCUSD_PERP,bid,58200,574.36
1726561036077,BTCUSD_PERP,bid,58200,803.31
1726561082159,BTCUSD_PERP,bid,58200,745.63
1726561082260,BTCUSD_PERP,bid,58200,630.86
1726561344972,BTCUSD_PERP,bid,58200,630.71
1726561345070,BTCUSD_PERP,bid,58200,687.73
1726561506093,BTCUSD_PERP,bid,58200,630.71
1726561506402,BTCUSD_PERP,bid,58200,573.19
1726561506811,BTCUSD_PERP,bid,58200,516.16
1726561507612,BTCUSD_PERP,bid,58100,572.2
1726561508025,BTCUSD_PERP,bid,58100,629.78
1726561508255,BTCUSD_PERP,bid,58100,687.36
1726561942535,BTCUSD_PERP,bid,58100,572.78
1726561943959,BTCUSD_PERP,bid,58200,515.48
1726562158550,BTCUSD_PERP,bid,58200,517.26
1726562158955,BTCUSD_PERP,bid,58200,574.93
1726562159873,BTCUSD_PERP,bid,58200,575.07
1726562372729,BTCUSD_PERP,bid,58200,574.93
1726562429477,BTCUSD_PERP,bid,58200,517.26
1726562791428,BTCUSD_PERP,bid,58200,516.39
1726563679263,BTCUSD_PERP,bid,58200,517.43
1726563812464,BTCUSD_PERP,bid,58200,517.1
1726563929018,BTCUSD_PERP,bid,58200,517.37
1726564003832,BTCUSD_PERP,bid,58300,631.89
1726564003941,BTCUSD_PERP,bid,58300,748.81
1726564004446,BTCUSD_PERP,bid,58300,805.94
1726564004982,BTCUSD_PERP,bid,58300,863.65
1726564007864,BTCUSD_PERP,bid,58300,865.1
1726564017546,BTCUSD_PERP,bid,58300,807.39
1726564017949,BTCUSD_PERP,bid,58300,749.68
1726564018167,BTCUSD_PERP,bid,58300,692.55
1726564018275,BTCUSD_PERP,bid,58300,577.13
1726564018475,BTCUSD_PERP,bid,58300,520.01
1726564018680,BTCUSD_PERP,bid,58300,532.33
1726564018779,BTCUSD_PERP,bid,58300,762.15
1726564018878,BTCUSD_PERP,bid,58300,819.9
1726564018982,BTCUSD_PERP,bid,58300,877.06
1726564019064,BTCUSD_PERP,bid,58300,934.22
1726564019607,BTCUSD_PERP,bid,58300,991.38
1726564138911,BTCUSD_PERP,bid,58300,977.52
1726564144868,BTCUSD_PERP,bid,58300,747.11
1726564144965,BTCUSD_PERP,bid,58300,689.95
1726564145169,BTCUSD_PERP,bid,58300,632.79
1726564145273,BTCUSD_PERP,bid,58300,575.63
1726564145372,BTCUSD_PERP,bid,58300,518.47
1726564179507,BTCUSD_PERP,bid,58400,576.02
1726564179711,BTCUSD_PERP,bid,58400,633.86
1726564180023,BTCUSD_PERP,bid,58400,691.1
1726564180245,BTCUSD_PERP,bid,58400,748.94
1726564180467,BTCUSD_PERP,bid,58400,806.78
1726564180575,BTCUSD_PERP,bid,58400,864.62
1726564180783,BTCUSD_PERP,bid,58400,980.2
1726564180886,BTCUSD_PERP,bid,58400,1038.04
1726564216290,BTCUSD_PERP,bid,58400,980.8
1726564216394,BTCUSD_PERP,bid,58400,865.12
1726564216594,BTCUSD_PERP,bid,58400,807.28
1726564216694,BTCUSD_PERP,bid,58400,749.44
1726564216997,BTCUSD_PERP,bid,58400,691.6
1726564217191,BTCUSD_PERP,bid,58400,576.51
1726564340353,BTCUSD_PERP,bid,58400,519.4
1726564473306,BTCUSD_PERP,bid,47000,2389.34
1726564493296,BTCUSD_PERP,bid,47000,2389.35
1726564493405,BTCUSD_PERP,bid,47000,2389.34
1726564513392,BTCUSD_PERP,bid,47000,2389.34
1726564589669,BTCUSD_PERP,bid,58200,746.67
1726564589764,BTCUSD_PERP,bid,58200,804.34
1726564644541,BTCUSD_PERP,bid,58200,516.58
1726564645354,BTCUSD_PERP,bid,58200,574.66
1726564645555,BTCUSD_PERP,bid,58200,689.47
1726564645662,BTCUSD_PERP,bid,58200,747.08
1726564645748,BTCUSD_PERP,bid,58200,804.78
1726564718594,BTCUSD_PERP,bid,58200,747.08
1726564718697,BTCUSD_PERP,bid,58200,632.36
1726564719095,BTCUSD_PERP,bid,58200,574.66
1726564719500,BTCUSD_PERP,bid,58200,517.54
1726564719909,BTCUSD_PERP,bid,58200,516.59
1726564720018,BTCUSD_PERP,bid,58200,803.76
1726564720122,BTCUSD_PERP,bid,58200,861.43
1726564720226,BTCUSD_PERP,bid,58200,919.1
1726564795261,BTCUSD_PERP,bid,58200,862.02
1726564795364,BTCUSD_PERP,bid,58200,804.94
1726564795569,BTCUSD_PERP,bid,58200,690.29
1726564795669,BTCUSD_PERP,bid,58200,633.2
1726564795768,BTCUSD_PERP,bid,58200,575.53
1726564796077,BTCUSD_PERP,bid,58200,518.17
1726564988260,BTCUSD_PERP,ask,58700,529.19
1726565006720,BTCUSD_PERP,ask,58700,558.59
1726565197825,BTCUSD_PERP,bid,58200,516.67
1726565197944,BTCUSD_PERP,bid,58200,632.01
1726565198051,BTCUSD_PERP,bid,58200,689.09
1726565198375,BTCUSD_PERP,bid,58200,746.76
1726565198438,BTCUSD_PERP,bid,58200,862.0
1726565535171,BTCUSD_PERP,bid,58200,804.33
1726565535276,BTCUSD_PERP,bid,58200,747.25
1726565535580,BTCUSD_PERP,bid,58200,689.58
1726565535785,BTCUSD_PERP,bid,58200,632.5
1726565535885,BTCUSD_PERP,bid,58200,517.85
1726565536397,BTCUSD_PERP,bid,58200,517.43
1726565536703,BTCUSD_PERP,bid,58200,574.54
1726565536804,BTCUSD_PERP,bid,58200,632.24
1726565536908,BTCUSD_PERP,bid,58200,689.94
1726565537215,BTCUSD_PERP,bid,58200,804.75
1726565626707,BTCUSD_PERP,bid,58200,747.05
1726565627209,BTCUSD_PERP,bid,58200,689.35
1726565627312,BTCUSD_PERP,bid,58200,632.24
1726565627412,BTCUSD_PERP,bid,58200,574.54
1726565655507,BTCUSD_PERP,bid,58200,517.84
1726565721280,BTCUSD_PERP,bid,58200,518.13
1726565787423,BTCUSD_PERP,bid,58300,517.2
