2024-09-13 07:01:11,ETHUSDT,ask,2390,5127.788
2024-09-13 07:01:17,ETHUSDT,ask,2390,5128.624
2024-09-13 07:01:35,ETHUSDT,ask,2390,5129.179
2024-09-13 07:03:06,ETHUSDT,bid,2310,6454.704
2024-09-13 07:03:29,ETHUSDT,bid,2330,8126.788
2024-09-13 07:03:53,ETHUSDT,bid,2250,4680.577
2024-09-13 07:05:19,ETHUSDT,bid,2310,6449.232
2024-09-13 07:05:46,ETHUSDT,ask,2390,5129.19
2024-09-13 07:06:08,ETHUSDT,bid,2330,8128.5
2024-09-13 07:06:24,ETHUSDT,bid,2330,8129.878
2024-09-13 07:06:25,ETHUSDT,ask,2390,5138.028
2024-09-13 07:06:43,ETHUSDT,bid,2330,8128.5
2024-09-13 07:06:49,ETHUSDT,bid,2330,8126.788
2024-09-13 07:07:00,ETHUSDT,ask,2390,5136.536
2024-09-13 07:07:08,ETHUSDT,bid,2330,8128.072
2024-09-13 07:07:11,ETHUSDT,bid,2330,8131.282
2024-09-13 07:07:19,ETHUSDT,bid,2310,6450.871
2024-09-13 07:07:43,ETHUSDT,ask,2390,5127.698
2024-09-13 07:08:05,ETHUSDT,ask,2390,5127.687
2024-09-13 07:08:30,ETHUSDT,ask,2390,5127.673
2024-09-13 07:09:51,ETHUSDT,bid,2330,8134.064
2024-09-13 07:10:00,ETHUSDT,ask,2390,5127.74
2024-09-13 07:10:05,ETHUSDT,ask,2390,5139.428
2024-09-13 07:10:47,ETHUSDT,ask,2390,5142.366
2024-09-13 07:11:39,ETHUSDT,ask,2390,5142.299
2024-09-13 07:11:45,ETHUSDT,ask,2390,5142.621
2024-09-13 07:12:01,ETHUSDT,ask,2390,5142.612
2024-09-13 07:12:04,ETHUSDT,bid,2330,8155.254
2024-09-13 07:13:11,ETHUSDT,bid,2330,8134.064
2024-09-13 07:13:26,ETHUSDT,ask,2390,5146.612
2024-09-13 07:13:33,ETHUSDT,ask,2390,5141.362
2024-09-13 07:13:38,ETHUSDT,ask,2390,5141.336
2024-09-13 07:14:54,ETHUSDT,bid,2310,6450.85
2024-09-13 07:14:56,ETHUSDT,ask,2390,5191.346
2024-09-13 07:16:04,ETHUSDT,ask,2390,5188.408
2024-09-13 07:16:20,ETHUSDT,ask,2390,5190.5
2024-09-13 07:16:48,ETHUSDT,ask,2390,5190.3
2024-09-13 07:16:57,ETHUSDT,ask,2390,5190.31
2024-09-13 07:18:03,ETHUSDT,bid,2330,8137.201
2024-09-13 07:18:44,ETHUSDT,ask,2390,5190.29
2024-09-13 07:19:12,ETHUSDT,bid,2310,6455.121
2024-09-13 07:19:12,ETHUSDT,bid,2310,6510.643
2024-09-13 07:19:50,ETHUSDT,bid,2290,10039.591
2024-09-13 07:19:55,ETHUSDT,bid,2330,8138.997
2024-09-13 07:19:56,ETHUSDT,bid,2330,8137.201
2024-09-13 07:20:00,ETHUSDT,bid,2330,8134.064
2024-09-13 07:20:23,ETHUSDT,bid,2250,4680.587
2024-09-13 07:20:23,ETHUSDT,bid,2290,10039.601
2024-09-13 07:20:23,ETHUSDT,bid,2300,10412.613
2024-09-13 07:20:23,ETHUSDT,bid,2310,6510.653
2024-09-13 07:20:23,ETHUSDT,bid,2320,10043.101
2024-09-13 07:20:23,ETHUSDT,bid,2330,8134.074
2024-09-13 07:21:44,ETHUSDT,bid,2310,6511.653
2024-09-13 07:21:55,ETHUSDT,bid,2290,10039.924
2024-09-13 07:21:56,ETHUSDT,bid,2330,8134.148
2024-09-13 07:22:05,ETHUSDT,bid,2310,6512.153
2024-09-13 07:22:51,ETHUSDT,bid,2310,6507.153
2024-09-13 07:22:57,ETHUSDT,bid,2300,10411.613
2024-09-13 07:23:07,ETHUSDT,bid,2310,6492.791
2024-09-13 07:23:07,ETHUSDT,bid,2310,6478.432
2024-09-13 07:23:07,ETHUSDT,bid,2310,6464.07
2024-09-13 07:23:12,ETHUSDT,bid,2310,6449.708
2024-09-13 07:24:57,ETHUSDT,bid,2300,10441.901
2024-09-13 07:24:57,ETHUSDT,bid,2300,10457.045
2024-09-13 07:25:31,ETHUSDT,bid,2300,10441.901
2024-09-13 07:26:05,ETHUSDT,ask,2390,5139.705
2024-09-13 07:26:08,ETHUSDT,ask,2390,5143.705
2024-09-13 07:26:09,ETHUSDT,bid,2330,8134.571
2024-09-13 07:26:26,ETHUSDT,bid,2310,6517.189
2024-09-13 07:26:31,ETHUSDT,bid,2310,6502.827
2024-09-13 07:26:45,ETHUSDT,bid,2300,10440.16
2024-09-13 07:26:46,ETHUSDT,ask,2390,5132.017
2024-09-13 07:27:19,ETHUSDT,bid,2330,8134.148
2024-09-13 07:27:29,ETHUSDT,bid,2320,10057.258
2024-09-13 07:27:32,ETHUSDT,bid,2320,10071.415
2024-09-13 07:27:34,ETHUSDT,bid,2320,10085.574
2024-09-13 07:27:35,ETHUSDT,bid,2320,10113.888
2024-09-13 07:27:39,ETHUSDT,bid,2320,10128.045
2024-09-13 07:27:40,ETHUSDT,bid,2320,10142.202
2024-09-13 07:27:41,ETHUSDT,bid,2320,10156.361
2024-09-13 07:27:42,ETHUSDT,bid,2320,10170.518
2024-09-13 07:27:43,ETHUSDT,bid,2320,10184.675
2024-09-13 07:27:43,ETHUSDT,bid,2320,10198.832
2024-09-13 07:27:49,ETHUSDT,bid,2320,10212.989
2024-09-13 07:27:49,ETHUSDT,bid,2320,10227.148
2024-09-13 07:27:50,ETHUSDT,bid,2310,6435.346
2024-09-13 07:28:41,ETHUSDT,ask,2390,5130.017
2024-09-13 07:28:55,ETHUSDT,bid,2320,10226.711
2024-09-13 07:29:12,ETHUSDT,bid,2310,6379.824
2024-09-13 07:29:17,ETHUSDT,ask,2390,5130.853
2024-09-13 07:29:43,ETHUSDT,ask,2390,5131.094
2024-09-13 07:29:57,ETHUSDT,bid,2300,10409.872
2024-09-13 07:30:18,ETHUSDT,bid,2310,6375.51
2024-09-13 07:30:23,ETHUSDT,bid,2320,10212.554
2024-09-13 07:30:27,ETHUSDT,bid,2320,10198.397
2024-09-13 07:30:31,ETHUSDT,bid,2320,10184.24
2024-09-13 07:30:34,ETHUSDT,bid,2320,10170.083
2024-09-13 07:30:35,ETHUSDT,bid,2320,10155.926
2024-09-13 07:30:36,ETHUSDT,bid,2320,10141.769
2024-09-13 07:30:38,ETHUSDT,bid,2320,10127.61
2024-09-13 07:30:40,ETHUSDT,bid,2320,10113.451
2024-09-13 07:30:44,ETHUSDT,bid,2320,10099.294
2024-09-13 07:30:45,ETHUSDT,bid,2320,10085.137
2024-09-13 07:30:45,ETHUSDT,bid,2320,10070.98
2024-09-13 07:30:50,ETHUSDT,bid,2320,10056.823
2024-09-13 07:30:51,ETHUSDT,bid,2320,10042.664
2024-09-13 07:31:12,ETHUSDT,ask,2390,5134.094
2024-09-13 07:31:34,ETHUSDT,bid,2330,8133.221
2024-09-13 07:31:34,ETHUSDT,bid,2330,8132.922
2024-09-13 07:31:40,ETHUSDT,ask,2390,5134.407
2024-09-13 07:32:38,ETHUSDT,bid,2310,6371.239
2024-09-13 07:32:45,ETHUSDT,bid,2330,8133.744
2024-09-13 07:32:50,ETHUSDT,ask,2390,5132.699
2024-09-13 07:33:23,ETHUSDT,ask,2390,5133.535
2024-09-13 07:33:30,ETHUSDT,ask,2390,5183.535
2024-09-13 07:33:30,ETHUSDT,bid,2310,6371.202
2024-09-13 07:33:30,ETHUSDT,bid,2320,10042.635
2024-09-13 07:33:49,ETHUSDT,bid,2300,10410.872
2024-09-13 07:34:01,ETHUSDT,bid,2330,8134.237
2024-09-13 07:34:20,ETHUSDT,ask,2390,5181.412
2024-09-13 07:34:27,ETHUSDT,bid,2320,10041.218
2024-09-13 07:35:00,ETHUSDT,ask,2390,5180.412
2024-09-13 07:36:01,ETHUSDT,bid,1700,6039.087
2024-09-13 07:36:53,ETHUSDT,ask,2390,5180.212
2024-09-13 07:37:16,ETHUSDT,bid,2300,10410.862
2024-09-13 07:37:16,ETHUSDT,bid,2320,10041.208
2024-09-13 07:37:16,ETHUSDT,bid,2330,8134.227
2024-09-13 07:37:16,ETHUSDT,ask,2390,5180.012
2024-09-13 07:37:27,ETHUSDT,ask,2390,5178.812
2024-09-13 07:40:03,ETHUSDT,ask,2390,5178.787
2024-09-13 07:41:04,ETHUSDT,bid,2330,8155.417
2024-09-13 07:41:06,ETHUSDT,ask,2390,5178.758
2024-09-13 07:41:40,ETHUSDT,bid,2310,6372.479
2024-09-13 07:42:06,ETHUSDT,ask,2390,5180.757
2024-09-13 07:42:30,ETHUSDT,bid,2330,8154.949
2024-09-13 07:42:59,ETHUSDT,bid,2330,8133.759
2024-09-13 07:44:28,ETHUSDT,ask,2390,5181.257
2024-09-13 07:44:31,ETHUSDT,ask,2390,5184.046
2024-09-13 07:44:31,ETHUSDT,bid,2300,10410.6
2024-09-13 07:44:40,ETHUSDT,ask,2390,5186.046
2024-09-13 07:45:37,ETHUSDT,ask,2390,5190.23
2024-09-13 07:45:50,ETHUSDT,bid,2330,8147.867
2024-09-13 07:46:17,ETHUSDT,bid,2330,8145.433
2024-09-13 07:46:51,ETHUSDT,bid,2220,4602.264
2024-09-13 07:46:54,ETHUSDT,bid,2310,6376.788
2024-09-13 07:47:42,ETHUSDT,ask,2390,5193.23
2024-09-13 07:47:43,ETHUSDT,bid,2310,6381.097
2024-09-13 07:47:49,ETHUSDT,ask,2390,5193.021
2024-09-13 07:48:23,ETHUSDT,bid,2330,8131.325
2024-09-13 07:48:33,ETHUSDT,ask,2390,5194.276
2024-09-13 07:49:21,ETHUSDT,ask,2390,5193.066
2024-09-13 07:49:37,ETHUSDT,ask,2390,5189.066
2024-09-13 07:49:39,ETHUSDT,ask,2390,5139.066
2024-09-13 07:50:00,ETHUSDT,ask,2390,5140.066
2024-09-13 07:51:10,ETHUSDT,ask,2390,5140.482
2024-09-13 07:51:13,ETHUSDT,ask,2390,5140.227
2024-09-13 07:51:16,ETHUSDT,bid,2310,6376.788
2024-09-13 07:51:29,ETHUSDT,ask,2390,5140.672
2024-09-13 07:52:07,ETHUSDT,bid,2310,6372.479
2024-09-13 07:53:08,ETHUSDT,ask,2390,5132.304
2024-09-13 07:53:23,ETHUSDT,bid,2330,8152.515
2024-09-13 07:53:24,ETHUSDT,bid,2330,8154.216
2024-09-13 07:53:24,ETHUSDT,bid,2330,8152.515
2024-09-13 07:53:54,ETHUSDT,ask,2390,5132.655
2024-09-13 07:55:08,ETHUSDT,bid,2330,8131.325
2024-09-13 07:56:18,ETHUSDT,bid,2330,8134.606
2024-09-13 07:56:20,ETHUSDT,bid,2290,10039.907
2024-09-13 07:56:22,ETHUSDT,bid,2320,10062.471
2024-09-13 07:56:24,ETHUSDT,bid,2320,10083.734
2024-09-13 07:57:09,ETHUSDT,ask,2390,5131.655
2024-09-13 07:57:28,ETHUSDT,bid,2320,10084.584
2024-09-13 07:57:49,ETHUSDT,ask,2390,5132.073
2024-09-13 07:57:53,ETHUSDT,bid,2330,8131.325
2024-09-13 07:58:35,ETHUSDT,bid,2300,10410.614
2024-09-13 07:58:35,ETHUSDT,bid,2320,10084.598
2024-09-13 07:58:35,ETHUSDT,bid,2330,8131.339
2024-09-13 07:59:06,ETHUSDT,bid,2320,10083.748
2024-09-13 07:59:12,ETHUSDT,bid,2320,10041.222
2024-09-13 08:01:43,ETHUSDT,bid,1700,6038.735
2024-09-13 08:01:50,ETHUSDT,ask,2390,5102.073
2024-09-13 08:02:21,ETHUSDT,bid,2330,8131.939
2024-09-13 08:02:26,ETHUSDT,bid,2300,10411.098
2024-09-13 08:02:26,ETHUSDT,bid,2320,10041.706
2024-09-13 08:02:26,ETHUSDT,bid,2330,8132.423
2024-09-13 08:02:32,ETHUSDT,bid,2310,6374.595
2024-09-13 08:02:45,ETHUSDT,ask,2390,5170.654
2024-09-13 08:03:00,ETHUSDT,ask,2390,5170.303
2024-09-13 08:03:14,ETHUSDT,ask,2390,5170.654
2024-09-13 08:03:23,ETHUSDT,bid,2320,10041.78
2024-09-13 08:04:10,ETHUSDT,bid,2300,10389.876
2024-09-13 08:04:18,ETHUSDT,ask,2390,5178.921
2024-09-13 08:04:24,ETHUSDT,ask,2390,5173.067
2024-09-13 08:04:24,ETHUSDT,ask,2390,5164.782
2024-09-13 08:04:28,ETHUSDT,ask,2390,5164.741
2024-09-13 08:04:44,ETHUSDT,bid,2300,10394.876
2024-09-13 08:05:40,ETHUSDT,ask,2390,5158.6
2024-09-13 08:05:45,ETHUSDT,bid,2300,10392.876
2024-09-13 08:06:09,ETHUSDT,ask,2390,5158.676
2024-09-13 08:06:21,ETHUSDT,ask,2390,5108.676
2024-09-13 08:06:39,ETHUSDT,ask,2390,5112.86
2024-09-13 08:06:40,ETHUSDT,ask,2390,5112.851
2024-09-13 08:06:54,ETHUSDT,bid,2320,10039.28
2024-09-13 08:07:21,ETHUSDT,bid,2310,6375.06
2024-09-13 08:07:53,ETHUSDT,ask,2390,5115.054
2024-09-13 08:08:13,ETHUSDT,ask,2390,5115.783
2024-09-13 08:08:24,ETHUSDT,bid,2320,10039.182
2024-09-13 08:08:29,ETHUSDT,ask,2390,5115.664
2024-09-13 08:08:47,ETHUSDT,bid,2300,10405.868
2024-09-13 08:09:04,ETHUSDT,ask,2390,5115.802
2024-09-13 08:09:16,ETHUSDT,ask,2390,5115.451
2024-09-13 08:09:24,ETHUSDT,ask,2390,5095.451
2024-09-13 08:09:27,ETHUSDT,bid,2300,10407.167
2024-09-13 08:09:49,ETHUSDT,bid,2320,10039.307
2024-09-13 08:09:54,ETHUSDT,ask,2390,5095.802
2024-09-13 08:10:00,ETHUSDT,ask,2390,5095.664
2024-09-13 08:10:26,ETHUSDT,bid,2300,10407.816
2024-09-13 08:10:42,ETHUSDT,bid,2220,4607.657
2024-09-13 08:12:02,ETHUSDT,ask,2390,5116.344
2024-09-13 08:12:28,ETHUSDT,bid,2330,8131.727
2024-09-13 08:12:49,ETHUSDT,bid,2310,6374.46
2024-09-13 08:13:21,ETHUSDT,bid,2320,10039.732
2024-09-13 08:13:58,ETHUSDT,bid,2330,8131.859
2024-09-13 08:15:26,ETHUSDT,bid,2300,10407.167
2024-09-13 08:15:34,ETHUSDT,ask,2390,5116.358
2024-09-13 08:15:44,ETHUSDT,bid,2320,10039.307
2024-09-13 08:15:56,ETHUSDT,bid,2330,8132.021
2024-09-13 08:15:56,ETHUSDT,bid,2250,4680.597
2024-09-13 08:15:58,ETHUSDT,bid,2250,4680.607
2024-09-13 08:16:33,ETHUSDT,bid,2300,10408.001
2024-09-13 08:16:43,ETHUSDT,bid,2250,4680.597
2024-09-13 08:16:44,ETHUSDT,bid,2250,4680.587
2024-09-13 08:16:57,ETHUSDT,bid,2310,6374.598
2024-09-13 08:17:25,ETHUSDT,bid,2320,10041.399
2024-09-13 08:17:40,ETHUSDT,ask,2390,5113.358
2024-09-13 08:17:47,ETHUSDT,bid,2310,6395.953
2024-09-13 08:18:16,ETHUSDT,bid,2310,6374.598
2024-09-13 08:18:37,ETHUSDT,ask,2390,5030.055
2024-09-13 08:19:08,ETHUSDT,bid,2310,6395.953
2024-09-13 08:19:26,ETHUSDT,bid,2330,8169.188
2024-09-13 08:19:33,ETHUSDT,bid,2310,6374.598
2024-09-13 08:19:34,ETHUSDT,bid,2310,6375.269
2024-09-13 08:19:39,ETHUSDT,bid,2250,4680.436
2024-09-13 08:20:01,ETHUSDT,ask,2390,5030.046
2024-09-13 08:20:13,ETHUSDT,bid,2330,8132.021
2024-09-13 08:20:18,ETHUSDT,bid,2330,8132.011
2024-09-13 08:20:39,ETHUSDT,bid,2250,4680.446
2024-09-13 08:20:39,ETHUSDT,bid,2250,4680.456
2024-09-13 08:20:41,ETHUSDT,bid,2250,4680.466
2024-09-13 08:20:41,ETHUSDT,bid,2250,4680.486
2024-09-13 08:20:41,ETHUSDT,bid,2250,4680.496
2024-09-13 08:20:41,ETHUSDT,bid,2250,4680.546
2024-09-13 08:20:41,ETHUSDT,bid,2250,4680.556
2024-09-13 08:20:42,ETHUSDT,bid,2250,4680.566
2024-09-13 08:20:43,ETHUSDT,ask,2390,5030.107
2024-09-13 08:20:43,ETHUSDT,bid,2250,4680.576
2024-09-13 08:20:44,ETHUSDT,bid,2250,4680.586
2024-09-13 08:20:44,ETHUSDT,bid,2250,4680.596
2024-09-13 08:20:46,ETHUSDT,bid,2250,4680.606
2024-09-13 08:20:46,ETHUSDT,bid,2250,4680.637
2024-09-13 08:20:46,ETHUSDT,bid,2250,4680.648
2024-09-13 08:20:47,ETHUSDT,bid,2250,4680.658
2024-09-13 08:20:47,ETHUSDT,bid,2250,4680.668
2024-09-13 08:20:47,ETHUSDT,bid,2250,4680.678
2024-09-13 08:20:58,ETHUSDT,ask,2390,5010.107
2024-09-13 08:21:17,ETHUSDT,bid,2250,4680.668
2024-09-13 08:21:17,ETHUSDT,bid,2250,4680.658
2024-09-13 08:21:17,ETHUSDT,bid,2250,4680.648
2024-09-13 08:21:18,ETHUSDT,bid,2250,4680.638
2024-09-13 08:21:18,ETHUSDT,bid,2250,4680.628
2024-09-13 08:21:19,ETHUSDT,bid,2250,4680.618
2024-09-13 08:21:20,ETHUSDT,bid,2250,4680.608
2024-09-13 08:21:21,ETHUSDT,bid,2250,4680.598
2024-09-13 08:21:22,ETHUSDT,bid,2250,4680.588
2024-09-13 08:21:22,ETHUSDT,bid,2250,4680.578
2024-09-13 08:21:23,ETHUSDT,bid,2250,4680.568
2024-09-13 08:21:25,ETHUSDT,bid,2250,4680.558
2024-09-13 08:21:26,ETHUSDT,bid,2250,4680.548
2024-09-13 08:21:28,ETHUSDT,bid,2250,4680.538
2024-09-13 08:21:29,ETHUSDT,bid,2250,4680.528
2024-09-13 08:21:30,ETHUSDT,bid,2250,4680.518
2024-09-13 08:21:30,ETHUSDT,bid,2250,4680.508
2024-09-13 08:21:32,ETHUSDT,bid,2250,4680.498
2024-09-13 08:21:32,ETHUSDT,bid,2250,4680.488
2024-09-13 08:21:33,ETHUSDT,bid,2250,4680.478
2024-09-13 08:21:33,ETHUSDT,bid,2250,4680.468
2024-09-13 08:21:36,ETHUSDT,bid,2250,4680.458
2024-09-13 08:21:41,ETHUSDT,bid,2300,10408.039
2024-09-13 08:21:44,ETHUSDT,bid,2330,8132.781
2024-09-13 08:22:30,ETHUSDT,ask,2390,5010.031
2024-09-13 08:24:16,ETHUSDT,bid,2320,10041.613
2024-09-13 08:27:22,ETHUSDT,bid,2300,10399.375
2024-09-13 08:27:22,ETHUSDT,bid,2310,6383.895
2024-09-13 08:28:37,ETHUSDT,bid,2300,10386.383
2024-09-13 08:29:02,ETHUSDT,bid,2320,10040.183
2024-09-13 08:29:16,ETHUSDT,ask,2390,5009.195
2024-09-13 08:29:45,ETHUSDT,ask,2390,5049.195
2024-09-13 08:30:28,ETHUSDT,ask,2390,5049.258
2024-09-13 08:30:28,ETHUSDT,ask,2390,5048.529
2024-09-13 08:30:48,ETHUSDT,bid,1680,8961.465
2024-09-13 08:30:48,ETHUSDT,bid,1700,6038.719
2024-09-13 08:30:48,ETHUSDT,bid,1740,5879.337
2024-09-13 08:30:48,ETHUSDT,bid,1780,5761.758
2024-09-13 08:30:48,ETHUSDT,bid,1960,5196.345
2024-09-13 08:31:01,ETHUSDT,ask,2390,5048.519
2024-09-13 08:31:01,ETHUSDT,ask,2390,5048.728
2024-09-13 08:31:30,ETHUSDT,ask,2390,5047.892
2024-09-13 08:31:51,ETHUSDT,bid,2220,4607.656
2024-09-13 08:31:51,ETHUSDT,ask,2390,5047.883
2024-09-13 08:34:47,ETHUSDT,bid,2320,10041.042
2024-09-13 08:35:10,ETHUSDT,bid,2310,6506.044
2024-09-13 08:35:10,ETHUSDT,bid,2310,6527.399
2024-09-13 08:35:20,ETHUSDT,bid,2220,4609.99
2024-09-13 08:36:19,ETHUSDT,bid,2310,6383.895
2024-09-13 08:36:19,ETHUSDT,ask,2390,5047.873
2024-09-13 08:37:03,ETHUSDT,bid,2220,4607.656
2024-09-13 08:37:17,ETHUSDT,bid,2310,6385.395
2024-09-13 08:37:45,ETHUSDT,ask,2390,5047.455
2024-09-13 08:38:18,ETHUSDT,bid,2330,8134.781
2024-09-13 08:38:37,ETHUSDT,ask,2390,5047.425
2024-09-13 08:39:26,ETHUSDT,bid,2310,6385.172
2024-09-13 08:39:45,ETHUSDT,bid,2320,10041.342
2024-09-13 08:40:04,ETHUSDT,bid,2310,6388.172
2024-09-13 08:40:13,ETHUSDT,bid,2300,10388.383
2024-09-13 08:40:20,ETHUSDT,bid,2300,10387.549
2024-09-13 08:40:38,ETHUSDT,bid,2310,6385.172
2024-09-13 08:41:23,ETHUSDT,bid,2290,10039.96
2024-09-13 08:41:23,ETHUSDT,bid,2300,10387.982
2024-09-13 08:41:38,ETHUSDT,bid,2300,10388.415
2024-09-13 08:41:40,ETHUSDT,bid,2300,10387.982
2024-09-13 08:41:53,ETHUSDT,bid,2300,10387.549
2024-09-13 08:43:58,ETHUSDT,ask,2390,5047.508
2024-09-13 08:45:42,ETHUSDT,ask,2390,5048.255
2024-09-13 08:46:15,ETHUSDT,ask,2390,5049.255
2024-09-13 08:46:24,ETHUSDT,ask,2390,5049.298
2024-09-13 08:47:15,ETHUSDT,bid,2290,10039.83
2024-09-13 08:47:15,ETHUSDT,bid,2330,8134.653
2024-09-13 08:47:25,ETHUSDT,ask,2390,5049.25
2024-09-13 08:47:43,ETHUSDT,ask,2390,5040.882
2024-09-13 08:47:56,ETHUSDT,ask,2390,5044.642
2024-09-13 08:48:06,ETHUSDT,ask,2390,5044.652
2024-09-13 08:48:11,ETHUSDT,bid,2300,10387.724
2024-09-13 08:50:27,ETHUSDT,ask,2390,5044.652
2024-09-13 08:52:21,ETHUSDT,ask,2390,5040.892
2024-09-13 08:53:06,ETHUSDT,ask,2390,5040.901
2024-09-13 08:54:00,ETHUSDT,ask,2390,5041.11
2024-09-13 08:55:24,ETHUSDT,bid,2300,10387.734
2024-09-13 08:55:24,ETHUSDT,bid,2320,10041.352
2024-09-13 08:55:24,ETHUSDT,bid,2330,8134.663
2024-09-13 08:55:51,ETHUSDT,ask,2390,5033.728
2024-09-13 08:55:51,ETHUSDT,bid,2320,10060.489
2024-09-13 08:55:53,ETHUSDT,bid,2320,10062.206
2024-09-13 08:55:53,ETHUSDT,bid,2320,10081.343
2024-09-13 08:55:57,ETHUSDT,bid,2320,10081.272
2024-09-13 08:56:02,ETHUSDT,bid,2320,10079.555
2024-09-13 08:56:19,ETHUSDT,bid,2320,10083.845
2024-09-13 08:56:22,ETHUSDT,bid,2330,8148.648
2024-09-13 08:56:36,ETHUSDT,ask,2390,5033.894
2024-09-13 08:56:43,ETHUSDT,ask,2390,5029.71
2024-09-13 08:56:44,ETHUSDT,ask,2390,5029.651
2024-09-13 08:56:52,ETHUSDT,bid,2330,8134.663
2024-09-13 08:56:53,ETHUSDT,bid,2320,10064.708
2024-09-13 08:56:53,ETHUSDT,bid,2320,10045.571
2024-09-13 08:56:54,ETHUSDT,bid,2320,10066.609
2024-09-13 08:56:54,ETHUSDT,bid,2320,10086.359
2024-09-13 08:56:54,ETHUSDT,bid,2320,10103.533
2024-09-13 08:56:58,ETHUSDT,bid,2300,10384.734
2024-09-13 08:57:09,ETHUSDT,bid,2320,10099.243
2024-09-13 08:57:12,ETHUSDT,ask,2390,4988.81
2024-09-13 08:57:33,ETHUSDT,ask,2390,4988.459
2024-09-13 08:57:35,ETHUSDT,ask,2390,4988.55
2024-09-13 08:57:49,ETHUSDT,ask,2390,4988.132
2024-09-13 08:57:51,ETHUSDT,bid,2320,10120.506
2024-09-13 08:57:56,ETHUSDT,bid,2330,8135.711
2024-09-13 08:58:05,ETHUSDT,bid,2320,10099.243
2024-09-13 08:58:06,ETHUSDT,bid,2330,8134.663
2024-09-13 08:58:16,ETHUSDT,bid,2320,10058.455
2024-09-13 08:58:17,ETHUSDT,ask,2390,4988.936
2024-09-13 08:58:58,ETHUSDT,ask,2390,4988.945
2024-09-13 08:59:27,ETHUSDT,bid,2300,10384.724
2024-09-13 08:59:37,ETHUSDT,ask,2390,4988.936
2024-09-13 09:00:04,ETHUSDT,bid,2330,8135.363
2024-09-13 09:00:15,ETHUSDT,bid,2300,10404.195
2024-09-13 09:00:27,ETHUSDT,ask,2390,4993.936
2024-09-13 09:01:14,ETHUSDT,bid,2290,10170.378
2024-09-13 09:01:14,ETHUSDT,bid,2290,10039.83
2024-09-13 09:01:25,ETHUSDT,ask,2390,4995.936
2024-09-13 09:01:30,ETHUSDT,ask,2390,4999.941
2024-09-13 09:01:30,ETHUSDT,bid,2320,10083.807
2024-09-13 09:01:59,ETHUSDT,bid,2300,10404.205
2024-09-13 09:01:59,ETHUSDT,bid,2320,10083.817
2024-09-13 09:01:59,ETHUSDT,bid,2330,8135.373
2024-09-13 09:02:08,ETHUSDT,bid,2320,10041.291
2024-09-13 09:02:13,ETHUSDT,ask,2390,4999.751
2024-09-13 09:02:32,ETHUSDT,bid,2300,10404.164
2024-09-13 09:02:37,ETHUSDT,bid,2220,4608.554
2024-09-13 09:03:11,ETHUSDT,ask,2390,4999.668
2024-09-13 09:03:32,ETHUSDT,bid,2330,8135.465
2024-09-13 09:03:50,ETHUSDT,bid,2290,10040.265
2024-09-13 09:04:32,ETHUSDT,bid,2300,10384.693
2024-09-13 09:04:53,ETHUSDT,ask,2390,4992.456
2024-09-13 09:05:03,ETHUSDT,bid,2220,4607.656
2024-09-13 09:06:35,ETHUSDT,ask,2390,5015.479
2024-09-13 09:06:45,ETHUSDT,ask,2390,5017.979
2024-09-13 09:07:53,ETHUSDT,ask,2390,5017.702
2024-09-13 09:08:34,ETHUSDT,bid,2330,8136.675
2024-09-13 09:09:05,ETHUSDT,ask,2390,5016.519
2024-09-13 09:09:12,ETHUSDT,ask,2390,5016.465
2024-09-13 09:09:29,ETHUSDT,ask,2390,5016.455
2024-09-13 09:09:34,ETHUSDT,bid,2330,8135.804
2024-09-13 09:09:52,ETHUSDT,bid,1700,6038.857
2024-09-13 09:10:28,ETHUSDT,ask,2390,5021.455
2024-09-13 09:11:00,ETHUSDT,ask,2390,5021.048
2024-09-13 09:11:34,ETHUSDT,ask,2390,5021.158
2024-09-13 09:11:39,ETHUSDT,bid,1960,5268.452
2024-09-13 09:12:05,ETHUSDT,ask,2390,5021.095
2024-09-13 09:12:12,ETHUSDT,bid,2320,10041.277
2024-09-13 09:12:47,ETHUSDT,ask,2390,5021.116
2024-09-13 09:13:39,ETHUSDT,ask,2390,5021.146
2024-09-13 09:13:40,ETHUSDT,bid,2220,4607.678
2024-09-13 09:14:05,ETHUSDT,ask,2390,5021.271
2024-09-13 09:15:19,ETHUSDT,bid,2300,10384.703
2024-09-13 09:15:19,ETHUSDT,bid,2320,10041.287
2024-09-13 09:15:19,ETHUSDT,bid,2330,8135.814
2024-09-13 09:16:03,ETHUSDT,bid,2030,5088.374
2024-09-13 09:17:24,ETHUSDT,bid,2310,6386.228
2024-09-13 09:17:28,ETHUSDT,bid,2310,6387.284
2024-09-13 09:17:30,ETHUSDT,bid,2310,6388.34
2024-09-13 09:17:30,ETHUSDT,bid,2310,6389.396
2024-09-13 09:17:35,ETHUSDT,bid,2320,10043.787
2024-09-13 09:17:37,ETHUSDT,bid,2310,6388.34
2024-09-13 09:17:37,ETHUSDT,ask,2390,5021.228
2024-09-13 09:17:39,ETHUSDT,bid,2310,6387.284
2024-09-13 09:17:39,ETHUSDT,bid,2300,10384.588
2024-09-13 09:17:40,ETHUSDT,bid,2310,6386.228
2024-09-13 09:17:45,ETHUSDT,bid,2310,6385.172
2024-09-13 09:18:05,ETHUSDT,ask,2390,5019.136
2024-09-13 09:18:48,ETHUSDT,ask,2390,5019.933
2024-09-13 09:19:29,ETHUSDT,bid,2030,5088.326
2024-09-13 09:19:34,ETHUSDT,ask,2390,5019.995
2024-09-13 09:19:34,ETHUSDT,bid,2320,10044.706
2024-09-13 09:19:37,ETHUSDT,bid,2300,10384.217
2024-09-13 09:20:06,ETHUSDT,ask,2390,5020.187
2024-09-13 09:20:38,ETHUSDT,bid,2300,10384.467
2024-09-13 09:20:47,ETHUSDT,bid,2320,10044.806
2024-09-13 09:21:09,ETHUSDT,ask,2390,5019.994
2024-09-13 09:21:12,ETHUSDT,bid,2330,8135.835
2024-09-13 09:21:32,ETHUSDT,bid,2300,10384.217
2024-09-13 09:22:52,ETHUSDT,ask,2390,5019.977
2024-09-13 09:23:04,ETHUSDT,bid,2300,10384.467
2024-09-13 09:23:08,ETHUSDT,bid,2320,10044.706
2024-09-13 09:24:34,ETHUSDT,bid,2320,10045.006
2024-09-13 09:25:44,ETHUSDT,bid,2320,10045.435
2024-09-13 09:25:56,ETHUSDT,bid,2320,10043.435
2024-09-13 09:26:01,ETHUSDT,bid,2330,8136.049
2024-09-13 09:26:10,ETHUSDT,bid,2300,10384.48
2024-09-13 09:26:10,ETHUSDT,bid,2320,10043.448
2024-09-13 09:26:10,ETHUSDT,bid,2330,8136.062
2024-09-13 09:26:15,ETHUSDT,ask,2390,5019.477
2024-09-13 09:26:42,ETHUSDT,bid,2320,10044.714
2024-09-13 09:27:16,ETHUSDT,bid,2320,10046.388
2024-09-13 09:27:19,ETHUSDT,bid,2320,10044.714
2024-09-13 09:27:20,ETHUSDT,bid,2330,8137.562
2024-09-13 09:27:21,ETHUSDT,bid,2330,8137.47
2024-09-13 09:27:29,ETHUSDT,bid,2320,10044.285
2024-09-13 09:27:56,ETHUSDT,bid,2330,8137.97
2024-09-13 09:28:03,ETHUSDT,ask,2390,5019.059
2024-09-13 09:28:09,ETHUSDT,bid,2310,6385.603
2024-09-13 09:28:27,ETHUSDT,bid,2320,10043.019
2024-09-13 09:28:29,ETHUSDT,bid,2310,6382.368
2024-09-13 09:28:40,ETHUSDT,bid,2330,8137.756
2024-09-13 09:29:11,ETHUSDT,ask,2390,5019.001
2024-09-13 09:29:48,ETHUSDT,bid,2250,4692.701
2024-09-13 09:29:51,ETHUSDT,bid,2310,6381.937
2024-09-13 09:30:32,ETHUSDT,bid,2330,8137.256
2024-09-13 09:30:43,ETHUSDT,bid,2300,10384.98
2024-09-13 09:31:50,ETHUSDT,bid,2030,5088.353
2024-09-13 09:33:05,ETHUSDT,bid,2290,10040.202
2024-09-13 09:33:10,ETHUSDT,bid,2300,10384.938
2024-09-13 09:33:16,ETHUSDT,bid,2310,6381.916
2024-09-13 09:33:50,ETHUSDT,ask,2390,5019.101
2024-09-13 09:34:20,ETHUSDT,ask,2390,5029.649
2024-09-13 09:35:05,ETHUSDT,bid,2320,10043.965
2024-09-13 09:35:20,ETHUSDT,ask,2390,5019.101
2024-09-13 09:35:37,ETHUSDT,ask,2390,5017.846
2024-09-13 09:36:00,ETHUSDT,ask,2390,5017.832
2024-09-13 09:36:02,ETHUSDT,ask,2390,5019.217
2024-09-13 09:36:05,ETHUSDT,bid,2300,10385.489
2024-09-13 09:36:21,ETHUSDT,ask,2390,5018.772
2024-09-13 09:36:22,ETHUSDT,bid,2300,10383.323
2024-09-13 09:36:28,ETHUSDT,bid,2330,8137.28
2024-09-13 09:36:47,ETHUSDT,bid,1700,6036.857
2024-09-13 09:37:24,ETHUSDT,ask,2390,5019.36
2024-09-13 09:37:45,ETHUSDT,bid,2310,6381.907
2024-09-13 09:37:48,ETHUSDT,ask,2390,4996.337
2024-09-13 09:38:47,ETHUSDT,bid,2220,4610.188
2024-09-13 09:39:03,ETHUSDT,bid,2300,10387.651
2024-09-13 09:39:58,ETHUSDT,ask,2390,4996.296
2024-09-13 09:40:03,ETHUSDT,bid,2300,10383.323
2024-09-13 09:40:19,ETHUSDT,ask,2390,4996.307
2024-09-13 09:42:00,ETHUSDT,bid,2320,10043.891
2024-09-13 09:42:42,ETHUSDT,bid,2290,10040.332
2024-09-13 09:43:57,ETHUSDT,ask,2390,5015.557
2024-09-13 09:44:22,ETHUSDT,ask,2390,5015.598
2024-09-13 09:44:30,ETHUSDT,bid,2320,10043.474
2024-09-13 09:44:50,ETHUSDT,bid,2330,8137.48
2024-09-13 09:45:37,ETHUSDT,bid,2300,10383.523
2024-09-13 09:46:05,ETHUSDT,bid,2330,8137.484
2024-09-13 09:46:28,ETHUSDT,ask,2390,5015.348
2024-09-13 09:46:37,ETHUSDT,ask,2390,5014.348
2024-09-13 09:46:47,ETHUSDT,bid,2320,10043.478
2024-09-13 09:47:12,ETHUSDT,ask,2390,5015.348
2024-09-13 09:47:54,ETHUSDT,ask,2390,5016.848
2024-09-13 09:48:20,ETHUSDT,bid,2320,10044.387
2024-09-13 09:49:33,ETHUSDT,bid,2330,8137.352
2024-09-13 09:49:38,ETHUSDT,bid,2330,8138.208
2024-09-13 09:49:45,ETHUSDT,ask,2390,5015.848
2024-09-13 09:49:45,ETHUSDT,bid,2220,4607.678
2024-09-13 09:52:19,ETHUSDT,ask,2390,5015.838
2024-09-13 09:54:54,ETHUSDT,bid,2290,10041.418
2024-09-13 09:55:04,ETHUSDT,ask,2390,5015.872
2024-09-13 09:55:13,ETHUSDT,bid,2220,4607.539
2024-09-13 09:55:25,ETHUSDT,ask,2390,5003.977
2024-09-13 09:56:27,ETHUSDT,bid,2300,10381.523
2024-09-13 09:56:36,ETHUSDT,bid,2290,10040.332
2024-09-13 09:58:10,ETHUSDT,bid,2250,4692.721
2024-09-13 09:58:10,ETHUSDT,bid,2290,10040.351
2024-09-13 09:58:10,ETHUSDT,bid,2310,6381.926
2024-09-13 09:58:10,ETHUSDT,ask,2390,5003.995
2024-09-13 09:58:46,ETHUSDT,ask,2390,5002.815
2024-09-13 10:00:23,ETHUSDT,bid,2300,10403.161
2024-09-13 10:01:56,ETHUSDT,bid,2300,10381.523
2024-09-13 10:05:03,ETHUSDT,bid,2310,6384.06
2024-09-13 10:05:04,ETHUSDT,bid,2310,6381.926
2024-09-13 10:05:09,ETHUSDT,ask,2390,5002.785
2024-09-13 10:06:22,ETHUSDT,ask,2390,5002.994
2024-09-13 10:06:41,ETHUSDT,ask,2390,5003.014
2024-09-13 10:07:15,ETHUSDT,ask,2390,5005.745
2024-09-13 10:07:57,ETHUSDT,ask,2390,5004.745
2024-09-13 10:08:01,ETHUSDT,ask,2390,5003.573
2024-09-13 10:08:30,ETHUSDT,bid,2320,10043.468
2024-09-13 10:10:37,ETHUSDT,bid,2310,6382.926
2024-09-13 10:10:55,ETHUSDT,bid,2300,10381.508
2024-09-13 10:11:35,ETHUSDT,ask,2390,5003.533
2024-09-13 10:11:57,ETHUSDT,ask,2390,5003.507
2024-09-13 10:12:15,ETHUSDT,ask,2390,5003.497
2024-09-13 10:13:47,ETHUSDT,ask,2390,5003.326
2024-09-13 10:15:15,ETHUSDT,bid,2310,6382.935
2024-09-13 10:15:26,ETHUSDT,ask,2390,5003.217
2024-09-13 10:15:51,ETHUSDT,bid,2330,8138.374
2024-09-13 10:17:05,ETHUSDT,bid,2310,6386.435
2024-09-13 10:17:20,ETHUSDT,ask,2390,5003.155
2024-09-13 10:17:37,ETHUSDT,ask,2390,5003.782
2024-09-13 10:17:39,ETHUSDT,bid,2250,4692.699
2024-09-13 10:23:25,ETHUSDT,bid,2300,10385.753
2024-09-13 10:23:45,ETHUSDT,bid,2300,10387.474
2024-09-13 10:24:05,ETHUSDT,ask,2390,5003.798
2024-09-13 10:25:22,ETHUSDT,ask,2390,5004.798
2024-09-13 10:25:23,ETHUSDT,ask,2390,5004.898
2024-09-13 10:26:19,ETHUSDT,ask,2390,5005.398
2024-09-13 10:29:01,ETHUSDT,ask,2390,5005.429
2024-09-13 10:29:08,ETHUSDT,ask,2390,5005.512
2024-09-13 10:30:00,ETHUSDT,ask,2390,5007.576
2024-09-13 10:30:00,ETHUSDT,ask,2390,5007.56
2024-09-13 10:30:03,ETHUSDT,bid,2330,8138.212
2024-09-13 10:32:01,ETHUSDT,bid,2220,4607.514
2024-09-13 10:32:25,ETHUSDT,ask,2390,5007.592
2024-09-13 10:32:38,ETHUSDT,bid,2300,10387.485
2024-09-13 10:32:38,ETHUSDT,bid,2320,10043.479
2024-09-13 10:32:38,ETHUSDT,bid,2330,8138.223
2024-09-13 10:32:56,ETHUSDT,ask,2390,5005.911
2024-09-13 10:34:59,ETHUSDT,bid,2320,10045.196
2024-09-13 10:35:24,ETHUSDT,bid,2320,10043.479
2024-09-13 10:35:41,ETHUSDT,ask,2390,5005.911
2024-09-13 10:36:39,ETHUSDT,bid,2310,6387.625
2024-09-13 10:37:04,ETHUSDT,bid,2320,10043.589
2024-09-13 10:37:14,ETHUSDT,bid,2310,6392.625
2024-09-13 10:37:40,ETHUSDT,bid,2310,6391.435
2024-09-13 10:38:20,ETHUSDT,bid,2310,6391.817
2024-09-13 10:38:53,ETHUSDT,ask,2390,5006.162
2024-09-13 10:38:58,ETHUSDT,bid,2220,4607.494
2024-09-13 10:39:44,ETHUSDT,ask,2390,5003.162
2024-09-13 10:41:42,ETHUSDT,bid,2310,6391.837
2024-09-13 10:42:36,ETHUSDT,bid,2320,10046.589
2024-09-13 10:43:26,ETHUSDT,ask,2390,5003.112
2024-09-13 10:43:27,ETHUSDT,ask,2390,5003.406
2024-09-13 10:46:15,ETHUSDT,ask,2390,5002.151
2024-09-13 10:47:09,ETHUSDT,ask,2390,5002.238
2024-09-13 10:48:36,ETHUSDT,ask,2390,5535.737
2024-09-13 10:48:54,ETHUSDT,ask,2390,5536.572
2024-09-13 10:49:41,ETHUSDT,ask,2390,5536.541
2024-09-13 10:50:56,ETHUSDT,ask,2390,5534.541
2024-09-13 10:51:42,ETHUSDT,bid,2330,8136.723
2024-09-13 10:51:47,ETHUSDT,bid,2330,8138.863
2024-09-13 10:52:05,ETHUSDT,ask,2390,5534.614
2024-09-13 10:52:36,ETHUSDT,bid,2330,8158.098
2024-09-13 10:52:54,ETHUSDT,ask,2390,5534.657
2024-09-13 10:53:11,ETHUSDT,bid,2320,10047.018
2024-09-13 10:54:43,ETHUSDT,bid,2320,10045.518
2024-09-13 10:55:07,ETHUSDT,bid,2310,6391.828
2024-09-13 10:57:03,ETHUSDT,bid,2330,8158.107
2024-09-13 10:57:28,ETHUSDT,bid,2330,8161.078
2024-09-13 10:57:37,ETHUSDT,bid,2330,8141.843
2024-09-13 10:57:45,ETHUSDT,ask,2390,5520.988
2024-09-13 10:57:45,ETHUSDT,ask,2390,5493.65
2024-09-13 10:57:45,ETHUSDT,ask,2390,5466.312
2024-09-13 10:57:45,ETHUSDT,ask,2390,5411.636
2024-09-13 10:57:45,ETHUSDT,ask,2390,5370.629
2024-09-13 10:57:45,ETHUSDT,ask,2390,5356.96
2024-09-13 10:57:46,ETHUSDT,ask,2390,5302.284
2024-09-13 10:57:46,ETHUSDT,ask,2390,5274.946
2024-09-13 10:57:46,ETHUSDT,ask,2390,5179.263
2024-09-13 10:57:46,ETHUSDT,ask,2390,5138.256
2024-09-13 10:57:46,ETHUSDT,ask,2390,5110.918
2024-09-13 10:57:46,ETHUSDT,ask,2390,5083.58
2024-09-13 10:57:47,ETHUSDT,ask,2390,5042.573
2024-09-13 10:57:47,ETHUSDT,ask,2390,5028.904
2024-09-13 10:57:47,ETHUSDT,ask,2390,5001.566
2024-09-13 10:57:47,ETHUSDT,ask,2390,5000.832
2024-09-13 10:58:12,ETHUSDT,bid,2320,10045.089
2024-09-13 10:58:17,ETHUSDT,bid,2320,10045.489
2024-09-13 10:59:32,ETHUSDT,bid,1740,5879.358
2024-09-13 11:00:55,ETHUSDT,ask,2390,5000.725
2024-09-13 11:02:16,ETHUSDT,bid,1960,5269.217
2024-09-13 11:04:10,ETHUSDT,bid,2250,4692.768
2024-09-13 11:04:24,ETHUSDT,ask,2390,5000.8
2024-09-13 11:04:34,ETHUSDT,bid,1960,5268.452
2024-09-13 11:04:44,ETHUSDT,ask,2390,5001.19
2024-09-13 11:04:52,ETHUSDT,ask,2390,5001.243
2024-09-13 11:05:01,ETHUSDT,bid,2320,10047.76
2024-09-13 11:05:17,ETHUSDT,ask,2390,4997.243
2024-09-13 11:05:31,ETHUSDT,bid,1700,6037.357
2024-09-13 11:05:42,ETHUSDT,ask,2390,4998.914
2024-09-13 11:05:42,ETHUSDT,ask,2390,4997.243
2024-09-13 11:07:00,ETHUSDT,bid,2320,10045.489
2024-09-13 11:07:50,ETHUSDT,bid,1700,6036.857
2024-09-13 11:07:54,ETHUSDT,bid,2320,10055.489
2024-09-13 11:08:32,ETHUSDT,bid,2300,10387.052
2024-09-13 11:08:47,ETHUSDT,ask,2390,4982.599
2024-09-13 11:09:05,ETHUSDT,ask,2390,4983.599
2024-09-13 11:09:38,ETHUSDT,ask,2390,4983.044
2024-09-13 11:09:57,ETHUSDT,bid,1700,6037.361
2024-09-13 11:10:01,ETHUSDT,bid,2310,6394.726
2024-09-13 11:10:17,ETHUSDT,bid,1700,6036.857
2024-09-13 11:12:44,ETHUSDT,bid,2300,10385.147
2024-09-13 11:13:38,ETHUSDT,bid,2320,10045.489
2024-09-13 11:14:21,ETHUSDT,ask,2390,4983.023
2024-09-13 11:15:50,ETHUSDT,bid,2310,6394.332
2024-09-13 11:17:03,ETHUSDT,ask,2990,3431.504
2024-09-13 11:17:42,ETHUSDT,bid,2310,6413.716
2024-09-13 11:18:00,ETHUSDT,bid,2310,6411.436
2024-09-13 11:18:01,ETHUSDT,bid,2310,6410.818
2024-09-13 11:19:48,ETHUSDT,ask,2390,4982.226
2024-09-13 11:21:35,ETHUSDT,bid,2330,8142.699
2024-09-13 11:22:00,ETHUSDT,bid,2310,6391.434
2024-09-13 11:22:09,ETHUSDT,bid,2310,6395.434
2024-09-13 11:23:45,ETHUSDT,bid,2300,10386.013
2024-09-13 11:26:16,ETHUSDT,ask,2390,5037.404
2024-09-13 11:26:37,ETHUSDT,bid,2330,8145.199
2024-09-13 11:26:57,ETHUSDT,bid,2300,10368.3
2024-09-13 11:27:05,ETHUSDT,ask,2390,5056.404
2024-09-13 11:27:12,ETHUSDT,ask,2390,5005.04
2024-09-13 11:29:03,ETHUSDT,bid,2300,10398.587
2024-09-13 11:30:18,ETHUSDT,bid,2310,6401.84
2024-09-13 11:31:14,ETHUSDT,bid,2330,8141.989
2024-09-13 11:31:45,ETHUSDT,bid,2300,10398.597
2024-09-13 11:31:45,ETHUSDT,bid,2310,6401.85
2024-09-13 11:31:45,ETHUSDT,bid,2320,10045.499
2024-09-13 11:31:45,ETHUSDT,bid,2330,8141.999
2024-09-13 11:32:29,ETHUSDT,ask,2390,5056.404
2024-09-13 11:32:30,ETHUSDT,bid,2310,6395.444
2024-09-13 11:33:20,ETHUSDT,ask,2390,5005.04
2024-09-13 11:33:40,ETHUSDT,ask,2390,5004.905
2024-09-13 11:34:00,ETHUSDT,bid,2320,10046.788
2024-09-13 11:34:01,ETHUSDT,bid,2320,10046.8
2024-09-13 11:34:04,ETHUSDT,bid,2300,10368.31
2024-09-13 11:34:06,ETHUSDT,bid,2330,8142.299
2024-09-13 11:34:14,ETHUSDT,bid,2320,10047.8
2024-09-13 11:35:00,ETHUSDT,bid,2320,10046.511
2024-09-13 11:35:00,ETHUSDT,bid,2320,10046.499
2024-09-13 11:35:52,ETHUSDT,bid,2320,10043.999
2024-09-13 11:35:58,ETHUSDT,ask,2390,5004.696
2024-09-13 11:36:25,ETHUSDT,ask,2390,5003.696
2024-09-13 11:36:43,ETHUSDT,bid,2320,10044.643
2024-09-13 11:38:33,ETHUSDT,bid,2320,10045.502
2024-09-13 11:39:29,ETHUSDT,ask,2390,5003.758
2024-09-13 11:41:51,ETHUSDT,bid,2300,10387.781
2024-09-13 11:41:53,ETHUSDT,bid,2300,10407.252
2024-09-13 11:41:54,ETHUSDT,bid,2300,10426.723
2024-09-13 11:42:09,ETHUSDT,bid,2330,8142.29
2024-09-13 11:42:10,ETHUSDT,bid,2320,10087.604
2024-09-13 11:42:13,ETHUSDT,bid,2320,10073.57
2024-09-13 11:42:18,ETHUSDT,bid,2320,10059.536
2024-09-13 11:42:21,ETHUSDT,bid,2320,10045.502
2024-09-13 11:42:25,ETHUSDT,bid,2330,8144.428
2024-09-13 11:43:06,ETHUSDT,bid,2330,8154.428
2024-09-13 11:43:25,ETHUSDT,bid,2220,4607.485
2024-09-13 11:44:05,ETHUSDT,bid,2330,8152.29
2024-09-13 11:45:06,ETHUSDT,ask,2390,5004.929
2024-09-13 11:46:02,ETHUSDT,bid,2300,10407.252
2024-09-13 11:46:04,ETHUSDT,bid,2300,10387.781
2024-09-13 11:46:12,ETHUSDT,bid,2300,10368.31
2024-09-13 11:46:17,ETHUSDT,ask,2390,5004.523
2024-09-13 11:48:00,ETHUSDT,ask,2390,5004.201
2024-09-13 11:48:05,ETHUSDT,bid,2300,10368.3
2024-09-13 11:48:05,ETHUSDT,bid,2310,6395.434
2024-09-13 11:48:05,ETHUSDT,bid,2320,10045.492
2024-09-13 11:49:39,ETHUSDT,bid,2310,6401.534
2024-09-13 11:50:11,ETHUSDT,bid,2330,8152.114
2024-09-13 11:50:21,ETHUSDT,bid,2330,8152.144
2024-09-13 11:51:29,ETHUSDT,ask,2390,5004.901
2024-09-13 11:52:01,ETHUSDT,bid,2330,8152.194
2024-09-13 11:52:01,ETHUSDT,ask,2390,5004.201
2024-09-13 11:52:52,ETHUSDT,bid,2310,6401.734
2024-09-13 11:55:25,ETHUSDT,ask,2390,5002.529
2024-09-13 11:56:05,ETHUSDT,ask,2390,5001.766
2024-09-13 11:57:54,ETHUSDT,bid,2250,4680.525
2024-09-13 11:58:02,ETHUSDT,ask,2390,5002.166
2024-09-13 11:58:41,ETHUSDT,ask,2390,5002.566
2024-09-13 11:59:06,ETHUSDT,ask,2390,5016.496
2024-09-13 11:59:37,ETHUSDT,ask,2390,5030.426
2024-09-13 12:01:48,ETHUSDT,ask,2390,5028.164
2024-09-13 12:02:13,ETHUSDT,ask,2390,5022.164
2024-09-13 12:02:33,ETHUSDT,ask,2390,5021.756
2024-09-13 12:02:58,ETHUSDT,bid,2220,4607.509
2024-09-13 12:04:17,ETHUSDT,ask,2390,5022.214
2024-09-13 12:04:28,ETHUSDT,ask,2390,5021.41
2024-09-13 12:05:14,ETHUSDT,ask,2390,5021.087
2024-09-13 12:06:33,ETHUSDT,ask,2390,5020.087
