2024-09-14 14:36:56,SOLUSDT,ask,144,37884.0
2024-09-14 14:37:10,SOLUSDT,bid,135,9776.0
2024-09-14 14:37:12,SOLUSDT,ask,140,33386.0
2024-09-14 14:37:16,SOLUSDT,bid,135,9780.0
2024-09-14 14:39:55,SOLUSDT,ask,141,9387.0
2024-09-14 14:40:08,SOLUSDT,ask,145,24249.0
2024-09-14 14:40:24,SOLUSDT,bid,135,9782.0
2024-09-14 14:40:49,SOLUSDT,bid,128,8662.0
2024-09-14 14:41:14,SOLUSDT,bid,135,9787.0
2024-09-14 14:42:05,SOLUSDT,ask,147,21387.0
2024-09-14 14:42:09,SOLUSDT,ask,145,24247.0
2024-09-14 14:42:16,SOLUSDT,ask,146,15702.0
2024-09-14 14:42:16,SOLUSDT,ask,144,37875.0
2024-09-14 14:42:17,SOLUSDT,ask,144,37914.0
2024-09-14 14:42:17,SOLUSDT,ask,140,33370.0
2024-09-14 14:42:34,SOLUSDT,bid,133,10272.0
2024-09-14 14:42:34,SOLUSDT,bid,110,20481.0
2024-09-14 14:42:34,SOLUSDT,bid,136,8216.0
2024-09-14 14:42:37,SOLUSDT,ask,141,10264.0
2024-09-14 14:42:37,SOLUSDT,ask,138,8213.0
2024-09-14 14:43:32,SOLUSDT,ask,144,37875.0
2024-09-14 14:43:59,SOLUSDT,ask,143,14035.0
2024-09-14 14:44:10,SOLUSDT,bid,135,9781.0
2024-09-14 14:44:51,SOLUSDT,ask,140,33371.0
2024-09-14 14:44:57,SOLUSDT,ask,141,9388.0
2024-09-14 14:45:30,SOLUSDT,ask,146,15698.0
2024-09-14 14:46:15,SOLUSDT,bid,135,9606.0
2024-09-14 14:46:34,SOLUSDT,bid,128,8660.0
2024-09-14 14:46:37,SOLUSDT,bid,110,20472.0
2024-09-14 14:46:53,SOLUSDT,bid,110,20463.0
2024-09-14 14:47:12,SOLUSDT,ask,140,33377.0
2024-09-14 14:47:34,SOLUSDT,bid,135,9616.0
2024-09-14 14:48:24,SOLUSDT,ask,146,15630.0
2024-09-14 14:48:52,SOLUSDT,ask,144,39233.0
2024-09-14 14:48:52,SOLUSDT,bid,135,9538.0
2024-09-14 14:49:07,SOLUSDT,ask,138,8309.0
2024-09-14 14:49:09,SOLUSDT,ask,138,8213.0
2024-09-14 14:49:09,SOLUSDT,ask,138,8309.0
2024-09-14 14:49:09,SOLUSDT,ask,138,8213.0
2024-09-14 14:49:24,SOLUSDT,ask,143,23658.0
2024-09-14 14:49:27,SOLUSDT,bid,110,20464.0
2024-09-14 14:49:27,SOLUSDT,bid,110,20463.0
2024-09-14 14:49:28,SOLUSDT,bid,110,20464.0
2024-09-14 14:49:28,SOLUSDT,bid,110,20463.0
2024-09-14 14:49:28,SOLUSDT,bid,110,20463.0
2024-09-14 14:49:30,SOLUSDT,bid,110,20463.0
2024-09-14 14:49:30,SOLUSDT,bid,110,20463.0
2024-09-14 14:49:30,SOLUSDT,bid,110,20464.0
2024-09-14 14:49:30,SOLUSDT,bid,110,20463.0
2024-09-14 14:49:31,SOLUSDT,bid,110,20463.0
2024-09-14 14:49:31,SOLUSDT,bid,110,20463.0
2024-09-14 14:49:32,SOLUSDT,bid,110,20463.0
2024-09-14 14:49:32,SOLUSDT,bid,110,20463.0
2024-09-14 14:49:32,SOLUSDT,bid,110,20463.0
2024-09-14 14:49:32,SOLUSDT,bid,110,20464.0
2024-09-14 14:49:32,SOLUSDT,bid,110,20463.0
2024-09-14 14:49:36,SOLUSDT,bid,110,20463.0
2024-09-14 14:49:36,SOLUSDT,bid,110,20463.0
2024-09-14 14:49:37,SOLUSDT,bid,110,20463.0
2024-09-14 14:49:37,SOLUSDT,bid,110,20464.0
2024-09-14 14:49:37,SOLUSDT,bid,110,20463.0
2024-09-14 14:49:37,SOLUSDT,bid,110,20464.0
2024-09-14 14:49:37,SOLUSDT,bid,110,20463.0
2024-09-14 14:49:37,SOLUSDT,bid,110,20464.0
2024-09-14 14:49:37,SOLUSDT,bid,110,20463.0
2024-09-14 14:49:38,SOLUSDT,bid,110,20464.0
2024-09-14 14:49:38,SOLUSDT,bid,110,20463.0
2024-09-14 14:49:38,SOLUSDT,bid,110,20463.0
2024-09-14 14:49:38,SOLUSDT,bid,110,20463.0
2024-09-14 14:49:38,SOLUSDT,bid,110,20463.0
2024-09-14 14:49:38,SOLUSDT,bid,110,20463.0
2024-09-14 14:49:38,SOLUSDT,bid,110,20463.0
2024-09-14 14:49:40,SOLUSDT,bid,110,20463.0
2024-09-14 14:49:40,SOLUSDT,bid,110,20463.0
2024-09-14 14:49:40,SOLUSDT,bid,110,20464.0
2024-09-14 14:49:40,SOLUSDT,bid,110,20463.0
2024-09-14 14:49:40,SOLUSDT,bid,110,20464.0
2024-09-14 14:49:40,SOLUSDT,bid,110,20463.0
2024-09-14 14:49:41,SOLUSDT,bid,110,20464.0
2024-09-14 14:49:41,SOLUSDT,bid,110,20463.0
2024-09-14 14:49:43,SOLUSDT,bid,110,20464.0
2024-09-14 14:49:43,SOLUSDT,bid,110,20463.0
2024-09-14 14:49:43,SOLUSDT,bid,110,20463.0
2024-09-14 14:49:43,SOLUSDT,bid,110,20463.0
2024-09-14 14:49:43,SOLUSDT,bid,110,20463.0
2024-09-14 14:49:44,SOLUSDT,bid,110,20463.0
2024-09-14 14:49:46,SOLUSDT,bid,110,20463.0
2024-09-14 14:49:46,SOLUSDT,bid,110,20463.0
2024-09-14 14:49:46,SOLUSDT,bid,110,20464.0
2024-09-14 14:49:46,SOLUSDT,bid,110,20463.0
2024-09-14 14:49:46,SOLUSDT,bid,120,15367.0
2024-09-14 14:49:46,SOLUSDT,bid,125,12284.0
2024-09-14 14:49:46,SOLUSDT,bid,110,20464.0
2024-09-14 14:49:47,SOLUSDT,bid,110,20463.0
2024-09-14 14:49:47,SOLUSDT,bid,110,20464.0
2024-09-14 14:49:47,SOLUSDT,bid,110,20463.0
2024-09-14 14:49:47,SOLUSDT,bid,110,20464.0
2024-09-14 14:49:47,SOLUSDT,bid,110,20463.0
2024-09-14 14:49:50,SOLUSDT,bid,110,20463.0
2024-09-14 14:49:50,SOLUSDT,bid,110,20463.0
2024-09-14 14:49:50,SOLUSDT,bid,110,20463.0
2024-09-14 14:49:50,SOLUSDT,bid,110,20463.0
2024-09-14 14:49:50,SOLUSDT,bid,110,20463.0
2024-09-14 14:49:50,SOLUSDT,bid,110,20464.0
2024-09-14 14:49:50,SOLUSDT,bid,110,20463.0
2024-09-14 14:49:53,SOLUSDT,bid,110,20464.0
2024-09-14 14:49:53,SOLUSDT,bid,110,20463.0
2024-09-14 14:49:54,SOLUSDT,bid,110,20464.0
2024-09-14 14:49:54,SOLUSDT,bid,110,20463.0
2024-09-14 14:49:54,SOLUSDT,bid,110,20463.0
2024-09-14 14:49:54,SOLUSDT,bid,110,20464.0
2024-09-14 14:49:54,SOLUSDT,bid,110,20463.0
2024-09-14 14:49:54,SOLUSDT,bid,110,20464.0
2024-09-14 14:49:54,SOLUSDT,bid,110,20463.0
2024-09-14 14:49:54,SOLUSDT,bid,110,20464.0
2024-09-14 14:49:54,SOLUSDT,bid,110,20463.0
2024-09-14 14:49:58,SOLUSDT,bid,110,20463.0
2024-09-14 14:49:58,SOLUSDT,bid,110,20463.0
2024-09-14 14:49:58,SOLUSDT,ask,138,8224.0
2024-09-14 14:49:58,SOLUSDT,bid,110,20463.0
2024-09-14 14:49:58,SOLUSDT,bid,110,20463.0
2024-09-14 14:49:58,SOLUSDT,bid,110,20464.0
2024-09-14 14:49:58,SOLUSDT,bid,110,20463.0
2024-09-14 14:49:58,SOLUSDT,bid,110,20464.0
2024-09-14 14:49:58,SOLUSDT,bid,110,20463.0
2024-09-14 14:50:00,SOLUSDT,bid,110,20464.0
2024-09-14 14:50:00,SOLUSDT,bid,110,20463.0
2024-09-14 14:50:00,SOLUSDT,bid,110,20464.0
2024-09-14 14:50:00,SOLUSDT,bid,110,20463.0
2024-09-14 14:50:00,SOLUSDT,bid,110,20464.0
2024-09-14 14:50:00,SOLUSDT,bid,110,20463.0
2024-09-14 14:50:00,SOLUSDT,bid,110,20464.0
2024-09-14 14:50:00,SOLUSDT,bid,110,20463.0
2024-09-14 14:50:01,SOLUSDT,bid,125,12283.0
2024-09-14 14:50:01,SOLUSDT,bid,128,8659.0
2024-09-14 14:50:01,SOLUSDT,bid,110,20463.0
2024-09-14 14:50:01,SOLUSDT,bid,110,20463.0
2024-09-14 14:50:02,SOLUSDT,bid,110,20463.0
2024-09-14 14:50:02,SOLUSDT,bid,110,20463.0
2024-09-14 14:50:03,SOLUSDT,bid,136,8214.0
2024-09-14 14:50:12,SOLUSDT,bid,135,9558.0
2024-09-14 14:51:37,SOLUSDT,bid,133,10265.0
2024-09-14 14:51:37,SOLUSDT,bid,136,8227.0
2024-09-14 14:51:37,SOLUSDT,ask,141,10264.0
2024-09-14 14:51:37,SOLUSDT,ask,138,8214.0
2024-09-14 14:51:38,SOLUSDT,bid,110,20464.0
2024-09-14 14:51:38,SOLUSDT,bid,110,20463.0
2024-09-14 14:51:40,SOLUSDT,bid,110,20464.0
2024-09-14 14:51:40,SOLUSDT,bid,110,20463.0
2024-09-14 14:51:40,SOLUSDT,bid,110,20464.0
2024-09-14 14:51:40,SOLUSDT,bid,110,20463.0
2024-09-14 14:51:40,SOLUSDT,bid,110,20464.0
2024-09-14 14:51:40,SOLUSDT,bid,110,20463.0
2024-09-14 14:51:43,SOLUSDT,bid,110,20464.0
2024-09-14 14:51:43,SOLUSDT,bid,110,20463.0
2024-09-14 14:51:43,SOLUSDT,bid,110,20464.0
2024-09-14 14:51:43,SOLUSDT,bid,110,20463.0
2024-09-14 14:51:43,SOLUSDT,bid,110,20464.0
2024-09-14 14:51:43,SOLUSDT,bid,110,20463.0
2024-09-14 14:51:43,SOLUSDT,bid,110,20464.0
2024-09-14 14:51:43,SOLUSDT,bid,110,20463.0
2024-09-14 14:51:44,SOLUSDT,bid,110,20464.0
2024-09-14 14:51:44,SOLUSDT,bid,110,20463.0
2024-09-14 14:51:44,SOLUSDT,bid,110,20464.0
2024-09-14 14:51:44,SOLUSDT,bid,110,20463.0
2024-09-14 14:51:44,SOLUSDT,bid,110,20464.0
2024-09-14 14:51:44,SOLUSDT,bid,110,20463.0
2024-09-14 14:51:47,SOLUSDT,bid,110,20464.0
2024-09-14 14:51:47,SOLUSDT,bid,110,20463.0
2024-09-14 14:51:47,SOLUSDT,bid,110,20464.0
2024-09-14 14:51:47,SOLUSDT,bid,110,20463.0
2024-09-14 14:51:47,SOLUSDT,bid,110,20464.0
2024-09-14 14:51:47,SOLUSDT,bid,110,20463.0
2024-09-14 14:51:47,SOLUSDT,bid,110,20463.0
2024-09-14 14:51:48,SOLUSDT,bid,110,20463.0
2024-09-14 14:51:48,SOLUSDT,bid,110,20463.0
2024-09-14 14:51:48,SOLUSDT,bid,110,20463.0
2024-09-14 14:51:50,SOLUSDT,bid,110,20464.0
2024-09-14 14:51:50,SOLUSDT,bid,110,20463.0
2024-09-14 14:51:50,SOLUSDT,bid,110,20464.0
2024-09-14 14:51:50,SOLUSDT,bid,110,20463.0
2024-09-14 14:51:50,SOLUSDT,bid,110,20463.0
2024-09-14 14:51:50,SOLUSDT,bid,110,20463.0
2024-09-14 14:51:53,SOLUSDT,bid,110,20463.0
2024-09-14 14:51:53,SOLUSDT,bid,110,20463.0
2024-09-14 14:51:53,SOLUSDT,bid,110,20463.0
2024-09-14 14:51:53,SOLUSDT,bid,110,20463.0
2024-09-14 14:51:53,SOLUSDT,bid,110,20463.0
2024-09-14 14:51:54,SOLUSDT,bid,110,20463.0
2024-09-14 14:51:55,SOLUSDT,bid,110,20464.0
2024-09-14 14:51:55,SOLUSDT,bid,110,20463.0
2024-09-14 14:51:55,SOLUSDT,bid,110,20463.0
2024-09-14 14:51:55,SOLUSDT,bid,110,20464.0
2024-09-14 14:51:55,SOLUSDT,bid,110,20463.0
2024-09-14 14:51:55,SOLUSDT,bid,110,20463.0
2024-09-14 14:51:58,SOLUSDT,bid,110,20463.0
2024-09-14 14:51:58,SOLUSDT,bid,110,20463.0
2024-09-14 14:51:58,SOLUSDT,bid,110,20464.0
2024-09-14 14:51:58,SOLUSDT,bid,110,20463.0
2024-09-14 14:52:00,SOLUSDT,bid,110,20463.0
2024-09-14 14:52:29,SOLUSDT,ask,140,33372.0
2024-09-14 14:52:46,SOLUSDT,ask,145,24248.0
2024-09-14 14:53:04,SOLUSDT,ask,171,8078.0
2024-09-14 14:53:34,SOLUSDT,bid,115,11302.0
2024-09-14 14:53:39,SOLUSDT,bid,135,9543.0
2024-09-14 14:54:04,SOLUSDT,ask,141,9369.0
2024-09-14 14:54:09,SOLUSDT,bid,128,8665.0
2024-09-14 14:54:17,SOLUSDT,bid,82,24247.0
2024-09-14 14:54:25,SOLUSDT,ask,143,23656.0
2024-09-14 14:54:42,SOLUSDT,ask,141,9366.0
2024-09-14 14:54:46,SOLUSDT,bid,135,9643.0
2024-09-14 14:55:09,SOLUSDT,ask,145,24243.0
2024-09-14 14:55:11,SOLUSDT,bid,135,9638.0
2024-09-14 14:55:14,SOLUSDT,bid,135,9643.0
2024-09-14 14:55:24,SOLUSDT,bid,135,9635.0
2024-09-14 14:56:24,SOLUSDT,ask,138,8216.0
2024-09-14 14:56:25,SOLUSDT,ask,138,8214.0
2024-09-14 14:56:30,SOLUSDT,bid,112,15291.0
2024-09-14 14:57:09,SOLUSDT,ask,141,14318.0
2024-09-14 14:57:38,SOLUSDT,ask,140,33362.0
2024-09-14 14:58:05,SOLUSDT,bid,82,24247.0
2024-09-14 14:58:36,SOLUSDT,ask,145,24242.0
2024-09-14 14:58:38,SOLUSDT,bid,135,9633.0
2024-09-14 14:58:52,SOLUSDT,ask,140,33363.0
2024-09-14 14:59:44,SOLUSDT,ask,144,37874.0
2024-09-14 15:00:03,SOLUSDT,bid,136,8235.0
2024-09-14 15:00:05,SOLUSDT,bid,136,8257.0
2024-09-14 15:00:06,SOLUSDT,bid,125,12294.0
2024-09-14 15:00:46,SOLUSDT,ask,140,33349.0
2024-09-14 15:00:47,SOLUSDT,ask,140,33342.0
2024-09-14 15:01:00,SOLUSDT,bid,136,8235.0
2024-09-14 15:01:01,SOLUSDT,bid,136,8227.0
2024-09-14 15:01:14,SOLUSDT,bid,135,9630.0
2024-09-14 15:01:58,SOLUSDT,ask,140,33285.0
2024-09-14 15:01:59,SOLUSDT,bid,135,9607.0
2024-09-14 15:02:10,SOLUSDT,ask,141,14212.0
2024-09-14 15:02:14,SOLUSDT,ask,140,14963.0
2024-09-14 15:02:20,SOLUSDT,bid,135,9624.0
2024-09-14 15:02:25,SOLUSDT,bid,133,10264.0
2024-09-14 15:02:25,SOLUSDT,bid,136,8252.0
2024-09-14 15:02:25,SOLUSDT,ask,141,10265.0
2024-09-14 15:02:25,SOLUSDT,ask,138,8211.0
2024-09-14 15:03:05,SOLUSDT,bid,135,9625.0
2024-09-14 15:03:22,SOLUSDT,bid,135,9624.0
2024-09-14 15:03:24,SOLUSDT,bid,135,9620.0
2024-09-14 15:03:55,SOLUSDT,bid,135,9621.0
2024-09-14 15:04:46,SOLUSDT,bid,135,9619.0
2024-09-14 15:04:54,SOLUSDT,ask,145,24236.0
2024-09-14 15:05:03,SOLUSDT,bid,135,9733.0
2024-09-14 15:05:03,SOLUSDT,bid,125,12283.0
2024-09-14 15:05:54,SOLUSDT,bid,135,9734.0
2024-09-14 15:06:03,SOLUSDT,ask,140,33286.0
2024-09-14 15:06:07,SOLUSDT,ask,141,9367.0
2024-09-14 15:07:04,SOLUSDT,bid,135,9741.0
2024-09-14 15:07:08,SOLUSDT,ask,140,33291.0
2024-09-14 15:07:09,SOLUSDT,bid,135,9734.0
2024-09-14 15:07:14,SOLUSDT,ask,140,14468.0
2024-09-14 15:08:02,SOLUSDT,bid,136,8274.0
2024-09-14 15:08:03,SOLUSDT,bid,135,9740.0
2024-09-14 15:08:04,SOLUSDT,bid,135,9746.0
2024-09-14 15:08:04,SOLUSDT,bid,136,8282.0
2024-09-14 15:08:15,SOLUSDT,bid,128,8666.0
2024-09-14 15:08:15,SOLUSDT,bid,128,8654.0
2024-09-14 15:08:25,SOLUSDT,bid,128,8653.0
2024-09-14 15:08:32,SOLUSDT,ask,140,33290.0
2024-09-14 15:09:00,SOLUSDT,bid,135,9740.0
2024-09-14 15:09:00,SOLUSDT,bid,135,9734.0
2024-09-14 15:10:01,SOLUSDT,bid,136,8274.0
2024-09-14 15:10:03,SOLUSDT,ask,144,37875.0
2024-09-14 15:10:05,SOLUSDT,bid,136,8252.0
2024-09-14 15:10:20,SOLUSDT,bid,135,9735.0
2024-09-14 15:10:29,SOLUSDT,ask,145,24764.0
2024-09-14 15:10:36,SOLUSDT,bid,135,9736.0
2024-09-14 15:11:18,SOLUSDT,bid,135,9747.0
2024-09-14 15:11:35,SOLUSDT,bid,135,9746.0
2024-09-14 15:12:26,SOLUSDT,bid,135,9775.0
2024-09-14 15:12:27,SOLUSDT,bid,133,10264.0
2024-09-14 15:12:28,SOLUSDT,bid,136,8241.0
2024-09-14 15:12:29,SOLUSDT,ask,141,10264.0
2024-09-14 15:12:29,SOLUSDT,ask,138,8211.0
2024-09-14 15:13:07,SOLUSDT,bid,136,8214.0
2024-09-14 15:13:19,SOLUSDT,bid,135,9762.0
2024-09-14 15:13:21,SOLUSDT,bid,135,9705.0
2024-09-14 15:13:52,SOLUSDT,ask,140,33304.0
2024-09-14 15:14:11,SOLUSDT,bid,128,8647.0
2024-09-14 15:14:34,SOLUSDT,bid,135,9676.0
2024-09-14 15:14:38,SOLUSDT,ask,140,33276.0
2024-09-14 15:14:38,SOLUSDT,ask,145,14668.0
2024-09-14 15:14:47,SOLUSDT,bid,135,9716.0
2024-09-14 15:15:09,SOLUSDT,ask,140,33273.0
2024-09-14 15:15:18,SOLUSDT,ask,145,24770.0
2024-09-14 15:15:23,SOLUSDT,bid,135,9750.0
2024-09-14 15:15:42,SOLUSDT,bid,135,9747.0
2024-09-14 15:16:15,SOLUSDT,bid,128,8649.0
2024-09-14 15:16:53,SOLUSDT,bid,135,9748.0
2024-09-14 15:17:04,SOLUSDT,bid,135,9750.0
2024-09-14 15:17:28,SOLUSDT,bid,128,8651.0
2024-09-14 15:17:34,SOLUSDT,ask,140,33275.0
2024-09-14 15:17:39,SOLUSDT,ask,145,24768.0
2024-09-14 15:17:43,SOLUSDT,bid,120,15284.0
2024-09-14 15:17:43,SOLUSDT,bid,125,12086.0
2024-09-14 15:17:43,SOLUSDT,bid,128,8559.0
2024-09-14 15:17:59,SOLUSDT,bid,136,8227.0
2024-09-14 15:17:59,SOLUSDT,bid,136,8214.0
2024-09-14 15:19:23,SOLUSDT,bid,135,9751.0
2024-09-14 15:19:23,SOLUSDT,ask,140,34582.0
2024-09-14 15:19:23,SOLUSDT,bid,135,11022.0
2024-09-14 15:19:29,SOLUSDT,ask,140,34579.0
2024-09-14 15:19:34,SOLUSDT,bid,135,10983.0
2024-09-14 15:19:53,SOLUSDT,ask,140,34578.0
2024-09-14 15:20:04,SOLUSDT,ask,140,33271.0
2024-09-14 15:20:04,SOLUSDT,bid,135,9712.0
2024-09-14 15:20:15,SOLUSDT,bid,120,15288.0
2024-09-14 15:20:43,SOLUSDT,ask,140,33270.0
2024-09-14 15:21:11,SOLUSDT,ask,146,15623.0
2024-09-14 15:21:37,SOLUSDT,bid,133,11003.0
2024-09-14 15:21:37,SOLUSDT,bid,133,11009.0
2024-09-14 15:21:37,SOLUSDT,bid,136,8211.0
2024-09-14 15:21:37,SOLUSDT,ask,141,10264.0
2024-09-14 15:21:38,SOLUSDT,ask,138,8213.0
2024-09-14 15:21:42,SOLUSDT,ask,138,8309.0
2024-09-14 15:21:42,SOLUSDT,ask,138,8213.0
2024-09-14 15:21:46,SOLUSDT,ask,138,8309.0
2024-09-14 15:21:47,SOLUSDT,ask,138,8213.0
2024-09-14 15:22:18,SOLUSDT,bid,135,9714.0
2024-09-14 15:22:36,SOLUSDT,bid,135,9680.0
2024-09-14 15:23:03,SOLUSDT,ask,143,14034.0
2024-09-14 15:23:03,SOLUSDT,ask,143,14033.0
2024-09-14 15:23:08,SOLUSDT,bid,128,8558.0
2024-09-14 15:23:12,SOLUSDT,bid,135,9681.0
2024-09-14 15:23:39,SOLUSDT,ask,151,14762.0
2024-09-14 15:23:48,SOLUSDT,ask,151,14761.0
2024-09-14 15:24:00,SOLUSDT,bid,135,9679.0
2024-09-14 15:24:03,SOLUSDT,ask,140,33269.0
2024-09-14 15:24:13,SOLUSDT,ask,140,33268.0
2024-09-14 15:24:20,SOLUSDT,bid,135,9662.0
2024-09-14 15:24:25,SOLUSDT,bid,112,15308.0
2024-09-14 15:24:34,SOLUSDT,bid,135,9691.0
2024-09-14 15:24:48,SOLUSDT,ask,140,33129.0
2024-09-14 15:25:22,SOLUSDT,bid,115,10713.0
2024-09-14 15:26:06,SOLUSDT,ask,145,20667.0
2024-09-14 15:26:13,SOLUSDT,ask,145,24763.0
2024-09-14 15:26:23,SOLUSDT,bid,120,15262.0
2024-09-14 15:26:31,SOLUSDT,bid,135,9696.0
2024-09-14 15:26:32,SOLUSDT,ask,147,21392.0
2024-09-14 15:26:36,SOLUSDT,ask,147,21437.0
2024-09-14 15:27:38,SOLUSDT,ask,146,15627.0
2024-09-14 15:27:57,SOLUSDT,bid,135,9691.0
2024-09-14 15:27:57,SOLUSDT,ask,147,21392.0
2024-09-14 15:27:57,SOLUSDT,bid,135,9681.0
2024-09-14 15:28:15,SOLUSDT,bid,120,15261.0
2024-09-14 15:28:15,SOLUSDT,ask,141,9463.0
2024-09-14 15:28:25,SOLUSDT,bid,135,9713.0
2024-09-14 15:28:31,SOLUSDT,bid,135,9714.0
2024-09-14 15:28:31,SOLUSDT,bid,133,11010.0
2024-09-14 15:28:37,SOLUSDT,bid,135,9814.0
2024-09-14 15:28:50,SOLUSDT,bid,135,9830.0
2024-09-14 15:29:00,SOLUSDT,bid,120,15262.0
2024-09-14 15:29:08,SOLUSDT,bid,135,9838.0
2024-09-14 15:29:09,SOLUSDT,bid,112,15291.0
2024-09-14 15:29:24,SOLUSDT,ask,140,33126.0
2024-09-14 15:29:25,SOLUSDT,bid,120,15261.0
2024-09-14 15:29:29,SOLUSDT,ask,140,33125.0
2024-09-14 15:29:33,SOLUSDT,ask,140,33095.0
2024-09-14 15:30:18,SOLUSDT,ask,140,33096.0
2024-09-14 15:31:01,SOLUSDT,ask,141,9437.0
2024-09-14 15:31:06,SOLUSDT,bid,136,9681.0
2024-09-14 15:31:13,SOLUSDT,bid,135,9837.0
2024-09-14 15:31:37,SOLUSDT,bid,125,12121.0
2024-09-14 15:31:40,SOLUSDT,bid,135,9844.0
2024-09-14 15:31:47,SOLUSDT,ask,141,9436.0
2024-09-14 15:32:08,SOLUSDT,bid,136,8211.0
2024-09-14 15:32:12,SOLUSDT,bid,135,9842.0
2024-09-14 15:32:41,SOLUSDT,bid,115,10714.0
2024-09-14 15:32:45,SOLUSDT,bid,133,10266.0
2024-09-14 15:32:47,SOLUSDT,bid,135,8213.0
2024-09-14 15:32:47,SOLUSDT,ask,141,10268.0
2024-09-14 15:32:47,SOLUSDT,ask,138,8212.0
2024-09-14 15:33:05,SOLUSDT,bid,135,8211.0
2024-09-14 15:33:30,SOLUSDT,bid,135,9834.0
2024-09-14 15:34:33,SOLUSDT,bid,135,9844.0
2024-09-14 15:35:39,SOLUSDT,bid,135,9845.0
2024-09-14 15:35:44,SOLUSDT,ask,138,8216.0
2024-09-14 15:36:17,SOLUSDT,bid,133,10274.0
2024-09-14 15:36:51,SOLUSDT,bid,135,9861.0
2024-09-14 15:37:19,SOLUSDT,bid,133,10266.0
2024-09-14 15:37:20,SOLUSDT,ask,141,9431.0
2024-09-14 15:37:35,SOLUSDT,bid,135,9862.0
2024-09-14 15:38:25,SOLUSDT,ask,140,33095.0
2024-09-14 15:38:44,SOLUSDT,ask,138,8212.0
2024-09-14 15:38:51,SOLUSDT,bid,128,8562.0
2024-09-14 15:39:01,SOLUSDT,bid,135,9861.0
2024-09-14 15:39:05,SOLUSDT,bid,135,9910.0
2024-09-14 15:39:06,SOLUSDT,bid,135,9922.0
2024-09-14 15:39:15,SOLUSDT,bid,135,9940.0
2024-09-14 15:39:30,SOLUSDT,ask,145,24235.0
2024-09-14 15:39:31,SOLUSDT,bid,135,8212.0
2024-09-14 15:39:32,SOLUSDT,bid,135,8211.0
2024-09-14 15:39:38,SOLUSDT,bid,120,15230.0
2024-09-14 15:39:46,SOLUSDT,bid,135,9946.0
2024-09-14 15:39:47,SOLUSDT,bid,120,15303.0
2024-09-14 15:39:52,SOLUSDT,ask,140,33052.0
2024-09-14 15:40:03,SOLUSDT,bid,120,15323.0
2024-09-14 15:40:05,SOLUSDT,bid,125,12094.0
2024-09-14 15:40:14,SOLUSDT,bid,120,15303.0
2024-09-14 15:40:18,SOLUSDT,bid,125,12059.0
2024-09-14 15:40:19,SOLUSDT,ask,145,24236.0
2024-09-14 15:40:23,SOLUSDT,bid,120,15230.0
2024-09-14 15:40:23,SOLUSDT,bid,128,8605.0
2024-09-14 15:40:24,SOLUSDT,bid,120,15263.0
2024-09-14 15:40:40,SOLUSDT,bid,135,9948.0
2024-09-14 15:40:40,SOLUSDT,bid,135,9928.0
2024-09-14 15:41:15,SOLUSDT,ask,144,37886.0
2024-09-14 15:41:35,SOLUSDT,bid,128,8601.0
2024-09-14 15:42:04,SOLUSDT,bid,120,15262.0
2024-09-14 15:42:17,SOLUSDT,bid,133,10301.0
2024-09-14 15:42:18,SOLUSDT,bid,135,8211.0
2024-09-14 15:42:18,SOLUSDT,ask,140,10272.0
2024-09-14 15:42:18,SOLUSDT,ask,138,8233.0
2024-09-14 15:42:24,SOLUSDT,bid,125,12058.0
2024-09-14 15:42:27,SOLUSDT,bid,135,9927.0
2024-09-14 15:42:29,SOLUSDT,ask,144,37892.0
2024-09-14 15:42:34,SOLUSDT,bid,120,15260.0
2024-09-14 15:43:05,SOLUSDT,ask,140,33091.0
2024-09-14 15:43:06,SOLUSDT,bid,135,9936.0
2024-09-14 15:43:17,SOLUSDT,bid,135,9886.0
2024-09-14 15:43:36,SOLUSDT,bid,125,12098.0
2024-09-14 15:43:47,SOLUSDT,ask,140,10271.0
2024-09-14 15:44:21,SOLUSDT,bid,135,9880.0
2024-09-14 15:44:32,SOLUSDT,bid,135,9887.0
2024-09-14 15:44:52,SOLUSDT,ask,140,14531.0
2024-09-14 15:44:53,SOLUSDT,bid,133,10264.0
2024-09-14 15:45:41,SOLUSDT,bid,133,10272.0
2024-09-14 15:45:42,SOLUSDT,bid,128,8636.0
2024-09-14 15:46:08,SOLUSDT,ask,140,33090.0
2024-09-14 15:46:34,SOLUSDT,bid,132,10267.0
2024-09-14 15:46:35,SOLUSDT,bid,135,8216.0
2024-09-14 15:46:35,SOLUSDT,ask,140,10264.0
2024-09-14 15:46:36,SOLUSDT,ask,138,8211.0
2024-09-14 15:46:55,SOLUSDT,ask,141,14297.0
2024-09-14 15:46:57,SOLUSDT,ask,146,15622.0
2024-09-14 15:47:00,SOLUSDT,bid,135,9884.0
2024-09-14 15:47:09,SOLUSDT,bid,110,20459.0
2024-09-14 15:47:40,SOLUSDT,ask,140,33031.0
2024-09-14 15:48:02,SOLUSDT,bid,120,15261.0
2024-09-14 15:48:12,SOLUSDT,bid,135,9893.0
2024-09-14 15:48:16,SOLUSDT,ask,147,21370.0
2024-09-14 15:48:16,SOLUSDT,ask,144,37886.0
2024-09-14 15:48:21,SOLUSDT,bid,135,9929.0
2024-09-14 15:48:29,SOLUSDT,bid,135,9930.0
2024-09-14 15:48:30,SOLUSDT,bid,135,9932.0
2024-09-14 15:48:35,SOLUSDT,ask,141,14212.0
2024-09-14 15:49:17,SOLUSDT,bid,135,10262.0
2024-09-14 15:49:19,SOLUSDT,bid,128,8716.0
2024-09-14 15:49:32,SOLUSDT,bid,135,10269.0
2024-09-14 15:49:34,SOLUSDT,bid,128,8713.0
2024-09-14 15:49:39,SOLUSDT,ask,140,14533.0
2024-09-14 15:49:46,SOLUSDT,bid,120,15260.0
2024-09-14 15:49:46,SOLUSDT,ask,144,37885.0
2024-09-14 15:49:47,SOLUSDT,bid,135,10268.0
2024-09-14 15:49:53,SOLUSDT,ask,140,14531.0
2024-09-14 15:50:05,SOLUSDT,bid,96,53057.0
2024-09-14 15:50:15,SOLUSDT,ask,145,24227.0
2024-09-14 15:50:33,SOLUSDT,bid,135,10261.0
2024-09-14 15:50:42,SOLUSDT,bid,120,15237.0
2024-09-14 15:50:53,SOLUSDT,ask,145,24217.0
2024-09-14 15:50:57,SOLUSDT,bid,128,8704.0
2024-09-14 15:51:00,SOLUSDT,ask,144,37878.0
2024-09-14 15:51:15,SOLUSDT,bid,135,10251.0
2024-09-14 15:51:16,SOLUSDT,ask,140,14533.0
2024-09-14 15:51:28,SOLUSDT,ask,140,14531.0
2024-09-14 15:51:36,SOLUSDT,ask,140,33029.0
2024-09-14 15:51:51,SOLUSDT,ask,140,33097.0
2024-09-14 15:52:07,SOLUSDT,bid,135,10249.0
2024-09-14 15:52:07,SOLUSDT,ask,141,9426.0
2024-09-14 15:52:15,SOLUSDT,bid,135,10549.0
2024-09-14 15:52:16,SOLUSDT,bid,128,8703.0
2024-09-14 15:52:19,SOLUSDT,ask,136,7451.0
2024-09-14 15:52:20,SOLUSDT,ask,136,7453.0
2024-09-14 15:52:21,SOLUSDT,ask,136,7451.0
2024-09-14 15:52:23,SOLUSDT,ask,136,7480.0
2024-09-14 15:52:23,SOLUSDT,ask,136,7451.0
2024-09-14 15:52:23,SOLUSDT,ask,136,7527.0
2024-09-14 15:52:23,SOLUSDT,ask,136,7727.0
2024-09-14 15:52:23,SOLUSDT,ask,136,7827.0
2024-09-14 15:52:23,SOLUSDT,ask,136,7727.0
2024-09-14 15:52:24,SOLUSDT,ask,136,7727.0
2024-09-14 15:52:24,SOLUSDT,ask,136,7827.0
2024-09-14 15:52:24,SOLUSDT,ask,136,7727.0
2024-09-14 15:52:24,SOLUSDT,ask,136,7756.0
2024-09-14 15:52:25,SOLUSDT,ask,136,7456.0
2024-09-14 15:52:25,SOLUSDT,ask,136,7454.0
2024-09-14 15:52:26,SOLUSDT,bid,132,10264.0
2024-09-14 15:52:27,SOLUSDT,bid,135,8216.0
2024-09-14 15:52:27,SOLUSDT,ask,140,10264.0
2024-09-14 15:52:27,SOLUSDT,ask,136,7451.0
2024-09-14 15:52:27,SOLUSDT,ask,138,8211.0
2024-09-14 15:52:28,SOLUSDT,ask,136,7464.0
2024-09-14 15:52:31,SOLUSDT,ask,136,7478.0
2024-09-14 15:52:31,SOLUSDT,ask,136,7480.0
2024-09-14 15:52:31,SOLUSDT,ask,136,7473.0
2024-09-14 15:52:33,SOLUSDT,ask,136,7479.0
2024-09-14 15:52:35,SOLUSDT,ask,136,7483.0
2024-09-14 15:52:35,SOLUSDT,ask,136,7477.0
2024-09-14 15:52:35,SOLUSDT,ask,136,7464.0
2024-09-14 15:52:35,SOLUSDT,ask,136,7467.0
2024-09-14 15:52:38,SOLUSDT,bid,120,15233.0
2024-09-14 15:52:40,SOLUSDT,ask,136,7453.0
2024-09-14 15:52:40,SOLUSDT,ask,136,7460.0
2024-09-14 15:52:40,SOLUSDT,ask,136,7473.0
2024-09-14 15:52:40,SOLUSDT,ask,136,7466.0
2024-09-14 15:52:43,SOLUSDT,ask,136,7451.0
2024-09-14 15:52:43,SOLUSDT,ask,136,7465.0
2024-09-14 15:52:43,SOLUSDT,ask,136,7472.0
2024-09-14 15:52:44,SOLUSDT,ask,136,7479.0
2024-09-14 15:52:44,SOLUSDT,ask,136,7487.0
2024-09-14 15:52:44,SOLUSDT,ask,136,7487.0
2024-09-14 15:52:45,SOLUSDT,ask,136,7523.0
2024-09-14 15:52:46,SOLUSDT,ask,136,7640.0
2024-09-14 15:52:47,SOLUSDT,ask,136,7494.0
2024-09-14 15:52:47,SOLUSDT,ask,136,7458.0
2024-09-14 15:52:47,SOLUSDT,ask,136,7312.0
2024-09-14 15:52:56,SOLUSDT,ask,136,7314.0
2024-09-14 15:53:24,SOLUSDT,ask,140,33116.0
2024-09-14 15:53:41,SOLUSDT,ask,141,9330.0
2024-09-14 15:54:23,SOLUSDT,bid,135,10552.0
2024-09-14 15:54:30,SOLUSDT,bid,135,10557.0
2024-09-14 15:54:39,SOLUSDT,bid,135,10559.0
2024-09-14 15:54:57,SOLUSDT,bid,128,8697.0
2024-09-14 15:55:02,SOLUSDT,bid,135,8312.0
2024-09-14 15:55:02,SOLUSDT,bid,135,8366.0
2024-09-14 15:55:02,SOLUSDT,bid,135,8216.0
2024-09-14 15:55:36,SOLUSDT,bid,135,10414.0
2024-09-14 15:55:49,SOLUSDT,bid,135,10415.0
2024-09-14 15:56:02,SOLUSDT,bid,135,10450.0
2024-09-14 15:56:36,SOLUSDT,bid,135,10470.0
2024-09-14 15:56:39,SOLUSDT,bid,135,10438.0
2024-09-14 15:56:40,SOLUSDT,bid,125,12111.0
2024-09-14 15:56:50,SOLUSDT,ask,136,10000.0
2024-09-14 15:56:50,SOLUSDT,ask,136,10005.0
2024-09-14 15:56:50,SOLUSDT,ask,136,10000.0
2024-09-14 15:56:50,SOLUSDT,ask,136,10047.0
2024-09-14 15:56:51,SOLUSDT,ask,136,10050.0
2024-09-14 15:56:51,SOLUSDT,ask,136,10047.0
2024-09-14 15:56:52,SOLUSDT,ask,140,33048.0
2024-09-14 15:56:53,SOLUSDT,ask,136,10044.0
2024-09-14 15:56:53,SOLUSDT,ask,136,10047.0
2024-09-14 15:57:00,SOLUSDT,ask,136,10004.0
2024-09-14 15:57:00,SOLUSDT,ask,136,10004.0
2024-09-14 15:57:01,SOLUSDT,ask,136,10110.0
2024-09-14 15:57:01,SOLUSDT,ask,136,10008.0
2024-09-14 15:57:01,SOLUSDT,ask,136,10147.0
2024-09-14 15:57:01,SOLUSDT,ask,136,10001.0
2024-09-14 15:57:03,SOLUSDT,ask,136,10147.0
2024-09-14 15:57:03,SOLUSDT,ask,136,10148.0
2024-09-14 15:57:04,SOLUSDT,ask,136,10002.0
2024-09-14 15:57:08,SOLUSDT,ask,136,10002.0
2024-09-14 15:57:08,SOLUSDT,ask,136,10003.0
2024-09-14 15:57:08,SOLUSDT,ask,136,10006.0
2024-09-14 15:57:08,SOLUSDT,ask,136,10005.0
2024-09-14 15:57:21,SOLUSDT,ask,136,10023.0
2024-09-14 15:57:21,SOLUSDT,ask,136,10006.0
2024-09-14 15:57:22,SOLUSDT,ask,140,14529.0
2024-09-14 15:57:27,SOLUSDT,ask,136,10023.0
2024-09-14 15:57:29,SOLUSDT,bid,135,10457.0
2024-09-14 15:57:29,SOLUSDT,ask,136,10037.0
2024-09-14 15:57:33,SOLUSDT,ask,136,10037.0
2024-09-14 15:57:37,SOLUSDT,bid,128,8714.0
2024-09-14 15:57:38,SOLUSDT,ask,136,10038.0
2024-09-14 15:57:39,SOLUSDT,ask,136,10045.0
2024-09-14 15:57:39,SOLUSDT,ask,136,10044.0
2024-09-14 15:57:40,SOLUSDT,ask,136,10043.0
2024-09-14 15:57:40,SOLUSDT,ask,136,10044.0
2024-09-14 15:57:41,SOLUSDT,ask,136,10027.0
2024-09-14 15:57:42,SOLUSDT,ask,136,10026.0
2024-09-14 15:57:48,SOLUSDT,ask,136,10043.0
2024-09-14 15:57:49,SOLUSDT,ask,136,10044.0
2024-09-14 15:57:50,SOLUSDT,ask,136,10037.0
2024-09-14 15:57:50,SOLUSDT,ask,136,10035.0
2024-09-14 15:57:51,SOLUSDT,ask,136,10180.0
2024-09-14 15:57:51,SOLUSDT,ask,136,10086.0
2024-09-14 15:57:52,SOLUSDT,ask,136,10232.0
2024-09-14 15:57:52,SOLUSDT,ask,136,10086.0
2024-09-14 15:57:53,SOLUSDT,ask,136,10086.0
2024-09-14 15:57:54,SOLUSDT,ask,136,10086.0
2024-09-14 15:57:55,SOLUSDT,ask,136,10086.0
2024-09-14 15:57:56,SOLUSDT,ask,136,10035.0
2024-09-14 15:57:56,SOLUSDT,ask,136,10132.0
2024-09-14 15:57:56,SOLUSDT,ask,136,10120.0
2024-09-14 15:57:56,SOLUSDT,ask,136,10132.0
2024-09-14 15:57:56,SOLUSDT,ask,136,10121.0
2024-09-14 15:57:59,SOLUSDT,ask,136,10135.0
2024-09-14 15:57:59,SOLUSDT,ask,136,10033.0
2024-09-14 15:58:00,SOLUSDT,ask,136,10106.0
2024-09-14 15:58:00,SOLUSDT,ask,136,10032.0
2024-09-14 15:58:01,SOLUSDT,ask,136,10033.0
2024-09-14 15:58:03,SOLUSDT,ask,136,10264.0
2024-09-14 15:58:03,SOLUSDT,ask,136,10230.0
2024-09-14 15:58:04,SOLUSDT,ask,136,10213.0
2024-09-14 15:58:04,SOLUSDT,ask,136,10214.0
2024-09-14 15:58:04,SOLUSDT,ask,136,10003.0
2024-09-14 15:58:06,SOLUSDT,ask,136,10002.0
2024-09-14 15:58:11,SOLUSDT,ask,136,10016.0
2024-09-14 15:58:16,SOLUSDT,ask,136,10030.0
2024-09-14 15:58:16,SOLUSDT,ask,136,10346.0
2024-09-14 15:58:18,SOLUSDT,ask,136,10030.0
2024-09-14 15:58:20,SOLUSDT,ask,136,10253.0
2024-09-14 15:58:20,SOLUSDT,bid,132,10264.0
2024-09-14 15:58:20,SOLUSDT,bid,135,8241.0
2024-09-14 15:58:20,SOLUSDT,ask,140,10264.0
2024-09-14 15:58:21,SOLUSDT,ask,138,8463.0
2024-09-14 15:58:21,SOLUSDT,ask,136,10279.0
2024-09-14 15:58:24,SOLUSDT,ask,136,10243.0
2024-09-14 15:58:24,SOLUSDT,ask,136,10280.0
2024-09-14 15:58:24,SOLUSDT,ask,136,10207.0
2024-09-14 15:58:24,SOLUSDT,ask,136,10272.0
2024-09-14 15:58:24,SOLUSDT,ask,136,10308.0
2024-09-14 15:58:25,SOLUSDT,ask,136,10345.0
2024-09-14 15:58:25,SOLUSDT,ask,136,10319.0
2024-09-14 15:58:25,SOLUSDT,ask,136,10345.0
2024-09-14 15:58:25,SOLUSDT,ask,136,10235.0
2024-09-14 15:58:26,SOLUSDT,ask,136,10235.0
2024-09-14 15:58:26,SOLUSDT,ask,136,10235.0
2024-09-14 15:58:26,SOLUSDT,ask,136,10272.0
2024-09-14 15:58:27,SOLUSDT,ask,136,10235.0
2024-09-14 15:58:27,SOLUSDT,ask,136,10170.0
2024-09-14 15:58:28,SOLUSDT,ask,136,10175.0
2024-09-14 15:58:28,SOLUSDT,ask,136,10041.0
2024-09-14 15:58:28,SOLUSDT,ask,136,10043.0
2024-09-14 15:58:28,SOLUSDT,ask,136,10046.0
2024-09-14 15:58:29,SOLUSDT,ask,136,10100.0
2024-09-14 15:58:30,SOLUSDT,ask,136,10074.0
2024-09-14 15:58:30,SOLUSDT,bid,135,10557.0
2024-09-14 15:58:31,SOLUSDT,ask,136,10016.0
2024-09-14 15:58:32,SOLUSDT,ask,136,10016.0
2024-09-14 15:58:32,SOLUSDT,ask,136,10019.0
2024-09-14 15:58:32,SOLUSDT,ask,136,10016.0
2024-09-14 15:58:32,SOLUSDT,ask,136,10022.0
2024-09-14 15:58:32,SOLUSDT,ask,136,10016.0
2024-09-14 15:58:34,SOLUSDT,ask,136,10019.0
2024-09-14 15:58:34,SOLUSDT,ask,136,10021.0
2024-09-14 15:58:34,SOLUSDT,bid,135,10607.0
2024-09-14 15:58:35,SOLUSDT,ask,136,10018.0
2024-09-14 15:58:35,SOLUSDT,ask,136,10021.0
2024-09-14 15:58:35,SOLUSDT,ask,136,10119.0
2024-09-14 15:58:36,SOLUSDT,ask,136,10021.0
2024-09-14 15:58:38,SOLUSDT,ask,136,10024.0
2024-09-14 15:58:39,SOLUSDT,ask,136,10021.0
2024-09-14 15:58:40,SOLUSDT,ask,140,14564.0
2024-09-14 15:58:41,SOLUSDT,ask,136,10018.0
2024-09-14 15:58:41,SOLUSDT,ask,136,10025.0
2024-09-14 15:58:41,SOLUSDT,ask,136,10022.0
2024-09-14 15:58:43,SOLUSDT,ask,136,10024.0
2024-09-14 15:58:44,SOLUSDT,ask,136,10022.0
2024-09-14 15:58:44,SOLUSDT,ask,136,10019.0
2024-09-14 15:58:45,SOLUSDT,ask,136,10022.0
2024-09-14 15:58:46,SOLUSDT,ask,136,10120.0
2024-09-14 15:58:46,SOLUSDT,ask,136,10022.0
2024-09-14 15:58:48,SOLUSDT,ask,136,10014.0
2024-09-14 15:58:48,SOLUSDT,ask,136,10017.0
2024-09-14 15:58:49,SOLUSDT,ask,136,10014.0
2024-09-14 15:58:49,SOLUSDT,bid,135,10557.0
2024-09-14 15:58:49,SOLUSDT,ask,136,10017.0
2024-09-14 15:58:50,SOLUSDT,ask,136,10020.0
2024-09-14 15:58:50,SOLUSDT,ask,136,10017.0
2024-09-14 15:58:55,SOLUSDT,ask,136,10072.0
2024-09-14 15:58:55,SOLUSDT,ask,136,10073.0
2024-09-14 15:58:55,SOLUSDT,ask,136,10075.0
2024-09-14 15:58:55,SOLUSDT,ask,136,9976.0
2024-09-14 15:58:56,SOLUSDT,ask,136,9977.0
2024-09-14 15:58:56,SOLUSDT,ask,136,9982.0
2024-09-14 15:58:56,SOLUSDT,ask,136,10016.0
2024-09-14 15:58:57,SOLUSDT,ask,136,9992.0
2024-09-14 15:58:57,SOLUSDT,ask,136,9991.0
2024-09-14 15:58:57,SOLUSDT,ask,136,10014.0
2024-09-14 15:58:57,SOLUSDT,ask,136,10038.0
2024-09-14 15:58:57,SOLUSDT,ask,136,9990.0
2024-09-14 15:58:58,SOLUSDT,ask,136,8841.0
2024-09-14 15:58:58,SOLUSDT,ask,136,8553.0
2024-09-14 15:58:58,SOLUSDT,ask,136,8556.0
2024-09-14 15:58:58,SOLUSDT,ask,136,8560.0
2024-09-14 15:58:58,SOLUSDT,ask,136,8561.0
2024-09-14 15:58:58,SOLUSDT,ask,136,8565.0
2024-09-14 15:58:59,SOLUSDT,ask,136,8547.0
2024-09-14 15:58:59,SOLUSDT,ask,136,8393.0
2024-09-14 15:59:00,SOLUSDT,ask,136,8417.0
2024-09-14 15:59:00,SOLUSDT,ask,136,8392.0
2024-09-14 15:59:01,SOLUSDT,ask,136,8416.0
2024-09-14 15:59:01,SOLUSDT,ask,136,8396.0
2024-09-14 15:59:01,SOLUSDT,ask,136,8489.0
2024-09-14 15:59:01,SOLUSDT,ask,136,8488.0
2024-09-14 15:59:01,SOLUSDT,ask,136,8495.0
2024-09-14 15:59:02,SOLUSDT,ask,136,8496.0
2024-09-14 15:59:02,SOLUSDT,ask,136,8502.0
2024-09-14 15:59:02,SOLUSDT,ask,136,8427.0
2024-09-14 15:59:02,SOLUSDT,ask,136,8451.0
2024-09-14 15:59:02,SOLUSDT,ask,136,8454.0
2024-09-14 15:59:02,SOLUSDT,ask,136,8502.0
2024-09-14 15:59:02,SOLUSDT,ask,136,8478.0
2024-09-14 15:59:02,SOLUSDT,ask,136,8420.0
2024-09-14 15:59:02,SOLUSDT,ask,136,8390.0
2024-09-14 15:59:02,SOLUSDT,ask,136,8418.0
2024-09-14 15:59:03,SOLUSDT,ask,136,8366.0
2024-09-14 15:59:03,SOLUSDT,ask,136,8390.0
2024-09-14 15:59:03,SOLUSDT,ask,136,8365.0
2024-09-14 15:59:03,SOLUSDT,ask,136,8389.0
2024-09-14 15:59:03,SOLUSDT,ask,136,8393.0
2024-09-14 15:59:03,SOLUSDT,ask,136,8385.0
2024-09-14 15:59:04,SOLUSDT,ask,136,8361.0
2024-09-14 15:59:04,SOLUSDT,ask,136,8333.0
2024-09-14 15:59:04,SOLUSDT,ask,136,7906.0
2024-09-14 15:59:04,SOLUSDT,ask,136,7898.0
2024-09-14 15:59:04,SOLUSDT,ask,136,7897.0
2024-09-14 15:59:04,SOLUSDT,ask,136,7900.0
2024-09-14 15:59:04,SOLUSDT,ask,136,7902.0
2024-09-14 15:59:04,SOLUSDT,ask,136,7905.0
2024-09-14 15:59:05,SOLUSDT,ask,136,7912.0
2024-09-14 15:59:05,SOLUSDT,ask,136,7911.0
2024-09-14 15:59:05,SOLUSDT,ask,136,7983.0
2024-09-14 15:59:05,SOLUSDT,ask,136,8007.0
2024-09-14 15:59:05,SOLUSDT,ask,136,8000.0
2024-09-14 15:59:05,SOLUSDT,ask,136,8007.0
2024-09-14 15:59:06,SOLUSDT,ask,136,7983.0
2024-09-14 15:59:06,SOLUSDT,ask,136,7959.0
2024-09-14 15:59:07,SOLUSDT,ask,136,7935.0
2024-09-14 15:59:07,SOLUSDT,ask,136,8001.0
2024-09-14 15:59:07,SOLUSDT,ask,136,7953.0
2024-09-14 15:59:07,SOLUSDT,bid,135,10576.0
2024-09-14 15:59:07,SOLUSDT,ask,136,7952.0
2024-09-14 15:59:07,SOLUSDT,ask,136,7976.0
2024-09-14 15:59:07,SOLUSDT,ask,136,7927.0
2024-09-14 15:59:07,SOLUSDT,ask,136,7909.0
2024-09-14 15:59:08,SOLUSDT,ask,136,7910.0
2024-09-14 15:59:08,SOLUSDT,ask,136,7916.0
2024-09-14 15:59:08,SOLUSDT,ask,136,7916.0
2024-09-14 15:59:08,SOLUSDT,ask,136,7940.0
2024-09-14 15:59:08,SOLUSDT,ask,136,7987.0
2024-09-14 15:59:08,SOLUSDT,ask,136,7915.0
2024-09-14 15:59:08,SOLUSDT,ask,136,7916.0
2024-09-14 15:59:08,SOLUSDT,ask,136,7964.0
2024-09-14 15:59:09,SOLUSDT,ask,136,7916.0
2024-09-14 15:59:09,SOLUSDT,ask,136,7916.0
2024-09-14 15:59:09,SOLUSDT,ask,136,7940.0
2024-09-14 15:59:09,SOLUSDT,ask,136,7941.0
2024-09-14 15:59:09,SOLUSDT,ask,136,7945.0
2024-09-14 15:59:09,SOLUSDT,ask,136,7945.0
2024-09-14 15:59:09,SOLUSDT,ask,136,8018.0
2024-09-14 15:59:10,SOLUSDT,ask,136,8101.0
2024-09-14 15:59:10,SOLUSDT,ask,136,8112.0
2024-09-14 15:59:10,SOLUSDT,ask,136,8128.0
2024-09-14 15:59:10,SOLUSDT,ask,136,8116.0
2024-09-14 15:59:10,SOLUSDT,ask,136,8122.0
2024-09-14 15:59:11,SOLUSDT,ask,136,8121.0
2024-09-14 15:59:11,SOLUSDT,ask,136,8088.0
2024-09-14 15:59:11,SOLUSDT,ask,136,8064.0
2024-09-14 15:59:11,SOLUSDT,ask,136,8088.0
2024-09-14 15:59:11,SOLUSDT,ask,136,7994.0
2024-09-14 15:59:11,SOLUSDT,ask,136,7994.0
2024-09-14 15:59:12,SOLUSDT,ask,136,8018.0
2024-09-14 15:59:12,SOLUSDT,ask,136,7994.0
2024-09-14 15:59:12,SOLUSDT,ask,136,8018.0
2024-09-14 15:59:12,SOLUSDT,ask,136,8037.0
2024-09-14 15:59:12,SOLUSDT,ask,136,8013.0
2024-09-14 15:59:13,SOLUSDT,ask,136,8014.0
2024-09-14 15:59:13,SOLUSDT,ask,136,7989.0
2024-09-14 15:59:13,SOLUSDT,ask,136,8013.0
2024-09-14 15:59:13,SOLUSDT,ask,136,8061.0
2024-09-14 15:59:13,SOLUSDT,ask,136,8085.0
2024-09-14 15:59:14,SOLUSDT,ask,136,8087.0
2024-09-14 15:59:14,SOLUSDT,ask,136,8092.0
2024-09-14 15:59:14,SOLUSDT,ask,136,8092.0
2024-09-14 15:59:15,SOLUSDT,ask,136,8095.0
2024-09-14 15:59:15,SOLUSDT,ask,136,8094.0
2024-09-14 15:59:15,SOLUSDT,ask,136,8093.0
2024-09-14 15:59:15,SOLUSDT,ask,136,7997.0
2024-09-14 15:59:15,SOLUSDT,ask,136,8002.0
2024-09-14 15:59:16,SOLUSDT,ask,136,8026.0
2024-09-14 15:59:16,SOLUSDT,ask,136,8073.0
2024-09-14 15:59:17,SOLUSDT,ask,136,8069.0
2024-09-14 15:59:17,SOLUSDT,ask,136,7997.0
2024-09-14 15:59:17,SOLUSDT,ask,136,8051.0
2024-09-14 15:59:17,SOLUSDT,ask,136,7980.0
2024-09-14 15:59:17,SOLUSDT,ask,136,8027.0
2024-09-14 15:59:17,SOLUSDT,ask,136,8051.0
2024-09-14 15:59:17,SOLUSDT,ask,136,8045.0
2024-09-14 15:59:17,SOLUSDT,ask,136,7975.0
2024-09-14 15:59:17,SOLUSDT,ask,136,7999.0
2024-09-14 15:59:18,SOLUSDT,ask,136,7974.0
2024-09-14 15:59:18,SOLUSDT,ask,136,7869.0
2024-09-14 15:59:18,SOLUSDT,ask,136,7868.0
2024-09-14 15:59:18,SOLUSDT,ask,136,7863.0
2024-09-14 15:59:18,SOLUSDT,ask,136,7862.0
2024-09-14 15:59:18,SOLUSDT,ask,136,7950.0
2024-09-14 15:59:18,SOLUSDT,ask,136,7953.0
2024-09-14 15:59:18,SOLUSDT,ask,136,7950.0
2024-09-14 15:59:19,SOLUSDT,ask,136,7951.0
2024-09-14 15:59:19,SOLUSDT,ask,136,7927.0
2024-09-14 15:59:19,SOLUSDT,ask,136,7855.0
2024-09-14 16:00:35,SOLUSDT,bid,128,8715.0
2024-09-14 16:00:57,SOLUSDT,ask,146,15722.0
2024-09-14 16:01:01,SOLUSDT,bid,135,8433.0
2024-09-14 16:01:01,SOLUSDT,bid,135,8337.0
2024-09-14 16:01:01,SOLUSDT,bid,135,8241.0
2024-09-14 16:01:02,SOLUSDT,bid,128,8723.0
2024-09-14 16:01:13,SOLUSDT,ask,141,9332.0
2024-09-14 16:01:24,SOLUSDT,ask,141,9330.0
2024-09-14 16:01:26,SOLUSDT,bid,135,10587.0
2024-09-14 16:02:18,SOLUSDT,bid,135,10578.0
2024-09-14 16:02:29,SOLUSDT,bid,133,10265.0
2024-09-14 16:02:29,SOLUSDT,bid,135,8212.0
2024-09-14 16:02:29,SOLUSDT,ask,140,10266.0
2024-09-14 16:02:30,SOLUSDT,ask,138,8341.0
2024-09-14 16:02:41,SOLUSDT,bid,125,12113.0
2024-09-14 16:02:54,SOLUSDT,bid,115,10709.0
2024-09-14 16:02:54,SOLUSDT,bid,120,15228.0
2024-09-14 16:02:54,SOLUSDT,bid,125,12108.0
2024-09-14 16:02:54,SOLUSDT,bid,128,8718.0
2024-09-14 16:03:08,SOLUSDT,ask,140,33047.0
2024-09-14 16:03:08,SOLUSDT,ask,141,9328.0
2024-09-14 16:03:11,SOLUSDT,bid,135,10466.0
2024-09-14 16:03:35,SOLUSDT,ask,140,14592.0
2024-09-14 16:03:49,SOLUSDT,ask,140,14557.0
2024-09-14 16:03:57,SOLUSDT,bid,135,10482.0
2024-09-14 16:05:02,SOLUSDT,ask,141,9326.0
2024-09-14 16:05:08,SOLUSDT,ask,141,9904.0
2024-09-14 16:05:11,SOLUSDT,ask,147,21371.0
2024-09-14 16:05:36,SOLUSDT,ask,151,14758.0
2024-09-14 16:05:46,SOLUSDT,bid,135,10483.0
2024-09-14 16:05:59,SOLUSDT,ask,140,14529.0
2024-09-14 16:06:30,SOLUSDT,bid,135,10447.0
2024-09-14 16:06:38,SOLUSDT,bid,135,10431.0
2024-09-14 16:07:01,SOLUSDT,ask,141,9896.0
2024-09-14 16:07:16,SOLUSDT,bid,135,10430.0
2024-09-14 16:07:22,SOLUSDT,bid,128,8719.0
2024-09-14 16:07:50,SOLUSDT,ask,138,8211.0
2024-09-14 16:07:55,SOLUSDT,bid,135,10330.0
2024-09-14 16:07:56,SOLUSDT,bid,125,12109.0
2024-09-14 16:07:59,SOLUSDT,bid,125,12110.0
2024-09-14 16:07:59,SOLUSDT,bid,128,8720.0
2024-09-14 16:07:59,SOLUSDT,ask,140,33047.0
2024-09-14 16:08:37,SOLUSDT,ask,146,35119.0
2024-09-14 16:08:51,SOLUSDT,bid,135,10295.0
2024-09-14 16:09:01,SOLUSDT,bid,135,10298.0
2024-09-14 16:09:11,SOLUSDT,ask,140,33048.0
2024-09-14 16:09:41,SOLUSDT,ask,147,21367.0
2024-09-14 16:10:10,SOLUSDT,bid,135,10302.0
2024-09-14 16:10:45,SOLUSDT,bid,125,12106.0
2024-09-14 16:12:42,SOLUSDT,bid,128,8719.0
2024-09-14 16:12:44,SOLUSDT,bid,133,10264.0
2024-09-14 16:12:44,SOLUSDT,bid,135,8421.0
2024-09-14 16:12:44,SOLUSDT,ask,141,10268.0
2024-09-14 16:12:45,SOLUSDT,ask,138,8232.0
2024-09-14 16:12:56,SOLUSDT,bid,120,15229.0
2024-09-14 16:12:56,SOLUSDT,bid,125,12107.0
2024-09-14 16:12:56,SOLUSDT,bid,128,8720.0
2024-09-14 16:12:56,SOLUSDT,bid,135,10303.0
2024-09-14 16:12:56,SOLUSDT,ask,140,33049.0
2024-09-14 16:13:07,SOLUSDT,bid,135,10310.0
2024-09-14 16:13:36,SOLUSDT,bid,135,10312.0
2024-09-14 16:14:53,SOLUSDT,bid,135,10303.0
2024-09-14 16:14:56,SOLUSDT,bid,135,10003.0
2024-09-14 16:15:36,SOLUSDT,bid,125,12106.0
2024-09-14 16:15:36,SOLUSDT,bid,128,8719.0
2024-09-14 16:15:36,SOLUSDT,ask,140,33048.0
2024-09-14 16:16:20,SOLUSDT,ask,144,37961.0
2024-09-14 16:16:22,SOLUSDT,bid,135,10002.0
2024-09-14 16:16:22,SOLUSDT,ask,145,24216.0
2024-09-14 16:17:02,SOLUSDT,bid,135,10001.0
2024-09-14 16:17:06,SOLUSDT,bid,135,10024.0
2024-09-14 16:17:34,SOLUSDT,bid,133,10335.0
2024-09-14 16:18:43,SOLUSDT,bid,135,10008.0
2024-09-14 16:18:44,SOLUSDT,bid,135,8434.0
2024-09-14 16:19:07,SOLUSDT,bid,135,10024.0
2024-09-14 16:19:15,SOLUSDT,bid,135,10030.0
2024-09-14 16:19:19,SOLUSDT,bid,110,20458.0
2024-09-14 16:19:19,SOLUSDT,bid,115,10708.0
2024-09-14 16:19:19,SOLUSDT,bid,120,15228.0
2024-09-14 16:19:19,SOLUSDT,bid,125,12105.0
2024-09-14 16:19:19,SOLUSDT,bid,135,10029.0
2024-09-14 16:19:19,SOLUSDT,ask,140,33047.0
2024-09-14 16:19:19,SOLUSDT,ask,145,24215.0
2024-09-14 16:19:44,SOLUSDT,bid,135,8421.0
2024-09-14 16:19:46,SOLUSDT,ask,140,33049.0
2024-09-14 16:19:50,SOLUSDT,bid,135,10030.0
2024-09-14 16:20:06,SOLUSDT,bid,125,12107.0
2024-09-14 16:20:37,SOLUSDT,ask,140,33050.0
2024-09-14 16:21:07,SOLUSDT,ask,144,37956.0
2024-09-14 16:21:21,SOLUSDT,ask,144,37873.0
2024-09-14 16:21:33,SOLUSDT,ask,145,24201.0
2024-09-14 16:21:36,SOLUSDT,bid,135,10092.0
2024-09-14 16:24:09,SOLUSDT,bid,128,8718.0
2024-09-14 16:24:09,SOLUSDT,bid,135,10091.0
2024-09-14 16:24:26,SOLUSDT,bid,136,7317.0
2024-09-14 16:24:30,SOLUSDT,ask,140,33044.0
2024-09-14 16:24:33,SOLUSDT,bid,136,7615.0
2024-09-14 16:24:37,SOLUSDT,bid,136,7585.0
2024-09-14 16:24:45,SOLUSDT,bid,136,7586.0
2024-09-14 16:24:46,SOLUSDT,bid,136,7585.0
2024-09-14 16:24:46,SOLUSDT,bid,136,7584.0
2024-09-14 16:24:53,SOLUSDT,bid,136,7317.0
2024-09-14 16:24:58,SOLUSDT,bid,136,7639.0
2024-09-14 16:24:58,SOLUSDT,ask,146,35099.0
2024-09-14 16:25:03,SOLUSDT,bid,136,7325.0
2024-09-14 16:25:13,SOLUSDT,ask,144,37880.0
2024-09-14 16:25:19,SOLUSDT,bid,135,10103.0
2024-09-14 16:25:19,SOLUSDT,bid,135,10091.0
2024-09-14 16:25:20,SOLUSDT,bid,135,10091.0
2024-09-14 16:25:24,SOLUSDT,bid,135,10092.0
2024-09-14 16:25:26,SOLUSDT,bid,135,10095.0
2024-09-14 16:25:34,SOLUSDT,bid,135,10096.0
2024-09-14 16:25:36,SOLUSDT,ask,140,33043.0
2024-09-14 16:25:39,SOLUSDT,bid,135,10093.0
2024-09-14 16:25:55,SOLUSDT,bid,135,10097.0
2024-09-14 16:25:58,SOLUSDT,bid,135,10096.0
2024-09-14 16:26:22,SOLUSDT,bid,136,14038.0
2024-09-14 16:28:20,SOLUSDT,bid,125,12108.0
2024-09-14 16:28:58,SOLUSDT,bid,135,10127.0
2024-09-14 16:28:59,SOLUSDT,bid,125,12093.0
2024-09-14 16:29:22,SOLUSDT,ask,141,9898.0
2024-09-14 16:29:27,SOLUSDT,bid,135,10134.0
2024-09-14 16:29:42,SOLUSDT,bid,135,10384.0
2024-09-14 16:30:13,SOLUSDT,bid,135,10843.0
2024-09-14 16:30:21,SOLUSDT,bid,135,10384.0
2024-09-14 16:30:27,SOLUSDT,bid,125,12097.0
2024-09-14 16:30:28,SOLUSDT,bid,125,12096.0
2024-09-14 16:30:49,SOLUSDT,ask,145,24263.0
2024-09-14 16:30:55,SOLUSDT,ask,145,24270.0
2024-09-14 16:31:01,SOLUSDT,bid,135,10353.0
2024-09-14 16:31:07,SOLUSDT,ask,140,33044.0
2024-09-14 16:31:15,SOLUSDT,bid,120,15218.0
2024-09-14 16:31:43,SOLUSDT,ask,140,33042.0
2024-09-14 16:31:46,SOLUSDT,bid,135,10349.0
2024-09-14 16:32:19,SOLUSDT,bid,135,10353.0
2024-09-14 16:32:19,SOLUSDT,ask,145,24267.0
2024-09-14 16:32:29,SOLUSDT,bid,135,10352.0
2024-09-14 16:33:41,SOLUSDT,bid,128,8716.0
2024-09-14 16:33:47,SOLUSDT,bid,82,24332.0
2024-09-14 16:34:04,SOLUSDT,bid,135,10452.0
2024-09-14 16:34:21,SOLUSDT,bid,135,10458.0
2024-09-14 16:34:46,SOLUSDT,ask,141,14257.0
2024-09-14 16:35:14,SOLUSDT,bid,125,12083.0
2024-09-14 16:35:14,SOLUSDT,bid,125,12081.0
2024-09-14 16:35:25,SOLUSDT,bid,125,12097.0
2024-09-14 16:36:29,SOLUSDT,bid,135,10451.0
2024-09-14 16:36:42,SOLUSDT,bid,128,8722.0
2024-09-14 16:36:59,SOLUSDT,bid,82,24332.0
2024-09-14 16:37:11,SOLUSDT,ask,144,37879.0
2024-09-14 16:37:50,SOLUSDT,ask,141,14212.0
2024-09-14 16:38:03,SOLUSDT,bid,135,10527.0
2024-09-14 16:38:10,SOLUSDT,bid,120,15212.0
2024-09-14 16:38:26,SOLUSDT,bid,110,20464.0
2024-09-14 16:38:54,SOLUSDT,bid,135,10532.0
2024-09-14 16:38:54,SOLUSDT,ask,147,21467.0
2024-09-14 16:39:11,SOLUSDT,bid,135,10529.0
2024-09-14 16:39:17,SOLUSDT,bid,82,24332.0
2024-09-14 16:39:55,SOLUSDT,ask,140,33003.0
2024-09-14 16:40:10,SOLUSDT,bid,135,10537.0
2024-09-14 16:40:18,SOLUSDT,ask,140,33001.0
2024-09-14 16:40:22,SOLUSDT,bid,82,24332.0
2024-09-14 16:40:30,SOLUSDT,ask,140,7711.0
2024-09-14 16:40:55,SOLUSDT,bid,110,20438.0
2024-09-14 16:40:55,SOLUSDT,bid,112,15268.0
2024-09-14 16:41:18,SOLUSDT,bid,128,8724.0
2024-09-14 16:41:21,SOLUSDT,ask,147,25416.0
2024-09-14 16:41:31,SOLUSDT,ask,141,9900.0
2024-09-14 16:41:38,SOLUSDT,bid,133,10266.0
2024-09-14 16:41:39,SOLUSDT,bid,135,8213.0
2024-09-14 16:41:39,SOLUSDT,ask,140,10264.0
2024-09-14 16:41:39,SOLUSDT,ask,141,9898.0
2024-09-14 16:41:39,SOLUSDT,ask,138,8211.0
2024-09-14 16:41:45,SOLUSDT,bid,135,10585.0
2024-09-14 16:42:02,SOLUSDT,bid,90,59319.0
2024-09-14 16:42:02,SOLUSDT,bid,91,56339.0
2024-09-14 16:42:02,SOLUSDT,bid,96,53061.0
2024-09-14 16:42:02,SOLUSDT,bid,101,26115.0
2024-09-14 16:42:02,SOLUSDT,bid,110,20441.0
2024-09-14 16:42:02,SOLUSDT,bid,112,15271.0
2024-09-14 16:42:02,SOLUSDT,bid,115,10711.0
2024-09-14 16:42:02,SOLUSDT,bid,120,15215.0
2024-09-14 16:42:02,SOLUSDT,bid,125,12100.0
2024-09-14 16:42:02,SOLUSDT,bid,128,8727.0
2024-09-14 16:42:02,SOLUSDT,bid,135,10588.0
2024-09-14 16:42:02,SOLUSDT,ask,140,7713.0
2024-09-14 16:42:02,SOLUSDT,ask,141,9900.0
2024-09-14 16:42:02,SOLUSDT,ask,144,37881.0
2024-09-14 16:42:02,SOLUSDT,ask,145,24269.0
2024-09-14 16:42:02,SOLUSDT,ask,146,35101.0
2024-09-14 16:42:02,SOLUSDT,ask,147,21469.0
2024-09-14 16:42:05,SOLUSDT,ask,144,37874.0
2024-09-14 16:42:06,SOLUSDT,ask,140,7707.0
2024-09-14 16:42:15,SOLUSDT,ask,146,35115.0
2024-09-14 16:42:16,SOLUSDT,bid,128,8730.0
2024-09-14 16:42:32,SOLUSDT,bid,135,10589.0
2024-09-14 16:42:53,SOLUSDT,bid,128,8727.0
2024-09-14 16:43:05,SOLUSDT,bid,135,10590.0
2024-09-14 16:43:17,SOLUSDT,ask,144,37876.0
2024-09-14 16:43:53,SOLUSDT,bid,125,12099.0
2024-09-14 16:44:05,SOLUSDT,bid,135,10501.0
2024-09-14 16:44:09,SOLUSDT,bid,135,8212.0
2024-09-14 16:44:17,SOLUSDT,bid,128,8729.0
2024-09-14 16:44:29,SOLUSDT,ask,144,37927.0
2024-09-14 16:45:05,SOLUSDT,bid,135,10505.0
2024-09-14 16:45:05,SOLUSDT,bid,125,12098.0
2024-09-14 16:45:46,SOLUSDT,bid,135,10512.0
2024-09-14 16:45:49,SOLUSDT,bid,125,12075.0
2024-09-14 16:46:02,SOLUSDT,ask,140,7778.0
2024-09-14 16:46:05,SOLUSDT,bid,125,12080.0
2024-09-14 16:46:08,SOLUSDT,bid,120,15220.0
2024-09-14 16:46:14,SOLUSDT,ask,138,8220.0
2024-09-14 16:46:14,SOLUSDT,ask,138,8232.0
2024-09-14 16:46:20,SOLUSDT,ask,141,9910.0
2024-09-14 16:46:36,SOLUSDT,bid,135,10522.0
2024-09-14 16:46:47,SOLUSDT,ask,141,9911.0
2024-09-14 16:46:55,SOLUSDT,bid,135,10473.0
2024-09-14 16:47:16,SOLUSDT,ask,144,37978.0
2024-09-14 16:47:21,SOLUSDT,bid,82,24360.0
2024-09-14 16:47:42,SOLUSDT,ask,140,14591.0
2024-09-14 16:47:47,SOLUSDT,ask,140,10299.0
2024-09-14 16:47:55,SOLUSDT,ask,140,7775.0
2024-09-14 16:48:22,SOLUSDT,bid,128,8721.0
2024-09-14 16:48:41,SOLUSDT,bid,135,10462.0
2024-09-14 16:48:53,SOLUSDT,bid,82,24360.0
2024-09-14 16:49:01,SOLUSDT,ask,145,24267.0
2024-09-14 16:49:01,SOLUSDT,bid,135,10830.0
2024-09-14 16:49:06,SOLUSDT,ask,140,7704.0
2024-09-14 16:49:07,SOLUSDT,ask,140,14574.0
2024-09-14 16:49:40,SOLUSDT,bid,110,20439.0
2024-09-14 16:49:43,SOLUSDT,ask,140,14529.0
2024-09-14 16:50:00,SOLUSDT,ask,140,14505.0
2024-09-14 16:50:13,SOLUSDT,bid,135,10831.0
2024-09-14 16:50:27,SOLUSDT,bid,125,12096.0
2024-09-14 16:50:52,SOLUSDT,bid,135,10827.0
2024-09-14 16:51:11,SOLUSDT,ask,138,8223.0
2024-09-14 16:51:12,SOLUSDT,ask,138,8211.0
2024-09-14 16:51:13,SOLUSDT,ask,140,10264.0
2024-09-14 16:51:26,SOLUSDT,ask,144,38061.0
2024-09-14 16:51:52,SOLUSDT,bid,110,20459.0
2024-09-14 16:52:17,SOLUSDT,bid,133,10264.0
2024-09-14 16:52:17,SOLUSDT,bid,135,8222.0
2024-09-14 16:52:30,SOLUSDT,ask,140,7703.0
2024-09-14 16:52:54,SOLUSDT,bid,135,10777.0
2024-09-14 16:53:29,SOLUSDT,ask,141,9868.0
2024-09-14 16:53:42,SOLUSDT,ask,138,9194.0
2024-09-14 16:54:16,SOLUSDT,ask,140,7670.0
2024-09-14 16:54:19,SOLUSDT,ask,140,7687.0
2024-09-14 16:54:19,SOLUSDT,ask,140,7704.0
2024-09-14 16:54:20,SOLUSDT,ask,140,7721.0
2024-09-14 16:54:28,SOLUSDT,ask,141,10269.0
2024-09-14 16:54:51,SOLUSDT,bid,128,8711.0
2024-09-14 16:54:53,SOLUSDT,bid,133,10276.0
2024-09-14 16:54:53,SOLUSDT,bid,136,8224.0
2024-09-14 16:54:54,SOLUSDT,ask,141,10264.0
2024-09-14 16:54:56,SOLUSDT,bid,125,12094.0
2024-09-14 16:55:15,SOLUSDT,bid,135,10788.0
2024-09-14 16:55:27,SOLUSDT,ask,140,7846.0
2024-09-14 16:55:27,SOLUSDT,ask,140,7829.0
2024-09-14 16:55:28,SOLUSDT,ask,140,7812.0
2024-09-14 16:55:29,SOLUSDT,bid,125,12092.0
2024-09-14 16:55:55,SOLUSDT,ask,140,7795.0
2024-09-14 16:56:01,SOLUSDT,ask,146,15718.0
2024-09-14 16:56:05,SOLUSDT,bid,135,10795.0
2024-09-14 16:56:06,SOLUSDT,ask,140,19627.0
2024-09-14 16:56:06,SOLUSDT,bid,120,15218.0
2024-09-14 16:56:21,SOLUSDT,bid,135,10788.0
2024-09-14 16:56:27,SOLUSDT,ask,144,37928.0
2024-09-14 16:56:49,SOLUSDT,bid,125,12076.0
2024-09-14 16:56:50,SOLUSDT,bid,135,10783.0
2024-09-14 16:56:56,SOLUSDT,bid,125,12104.0
2024-09-14 16:57:00,SOLUSDT,bid,136,8222.0
2024-09-14 16:57:06,SOLUSDT,bid,135,11267.0
2024-09-14 16:57:17,SOLUSDT,ask,140,7770.0
2024-09-14 16:57:29,SOLUSDT,ask,140,14495.0
2024-09-14 16:57:31,SOLUSDT,ask,141,9858.0
2024-09-14 16:57:35,SOLUSDT,ask,140,9536.0
2024-09-14 16:57:42,SOLUSDT,bid,135,11266.0
2024-09-14 16:58:01,SOLUSDT,bid,120,15217.0
2024-09-14 16:58:01,SOLUSDT,bid,125,12103.0
2024-09-14 16:58:01,SOLUSDT,bid,128,8710.0
2024-09-14 16:58:01,SOLUSDT,bid,135,11265.0
2024-09-14 16:58:01,SOLUSDT,ask,140,9535.0
2024-09-14 16:58:19,SOLUSDT,ask,140,19580.0
2024-09-14 16:58:46,SOLUSDT,ask,140,9492.0
2024-09-14 16:58:55,SOLUSDT,ask,140,9421.0
2024-09-14 16:59:10,SOLUSDT,bid,135,11267.0
2024-09-14 16:59:24,SOLUSDT,ask,141,9880.0
2024-09-14 16:59:38,SOLUSDT,bid,101,26086.0
2024-09-14 17:01:29,SOLUSDT,bid,135,11251.0
2024-09-14 17:01:59,SOLUSDT,bid,135,11282.0
2024-09-14 17:02:05,SOLUSDT,ask,140,9420.0
2024-09-14 17:02:30,SOLUSDT,bid,133,10264.0
2024-09-14 17:02:31,SOLUSDT,bid,135,8216.0
2024-09-14 17:02:31,SOLUSDT,ask,141,10304.0
2024-09-14 17:02:31,SOLUSDT,ask,138,8216.0
2024-09-14 17:03:45,SOLUSDT,ask,138,8212.0
2024-09-14 17:04:37,SOLUSDT,ask,141,10306.0
2024-09-14 17:04:48,SOLUSDT,ask,141,10304.0
2024-09-14 17:05:36,SOLUSDT,bid,82,24332.0
2024-09-14 17:06:05,SOLUSDT,bid,125,12102.0
2024-09-14 17:06:29,SOLUSDT,bid,135,11239.0
2024-09-14 17:06:40,SOLUSDT,bid,135,11636.0
2024-09-14 17:07:00,SOLUSDT,bid,128,8711.0
2024-09-14 17:07:02,SOLUSDT,bid,135,8217.0
2024-09-14 17:07:03,SOLUSDT,bid,135,8223.0
2024-09-14 17:07:28,SOLUSDT,bid,135,11638.0
2024-09-14 17:07:31,SOLUSDT,bid,135,11636.0
2024-09-14 17:07:42,SOLUSDT,bid,135,11638.0
2024-09-14 17:08:01,SOLUSDT,bid,135,8222.0
2024-09-14 17:08:02,SOLUSDT,bid,135,8216.0
2024-09-14 17:08:40,SOLUSDT,ask,145,24222.0
2024-09-14 17:08:46,SOLUSDT,bid,135,11615.0
2024-09-14 17:09:12,SOLUSDT,bid,135,11584.0
2024-09-14 17:10:28,SOLUSDT,bid,82,24332.0
2024-09-14 17:10:33,SOLUSDT,bid,110,20475.0
2024-09-14 17:10:44,SOLUSDT,ask,140,9278.0
2024-09-14 17:10:48,SOLUSDT,ask,140,9280.0
2024-09-14 17:10:59,SOLUSDT,bid,82,24332.0
2024-09-14 17:12:18,SOLUSDT,ask,140,9278.0
2024-09-14 17:12:18,SOLUSDT,ask,145,24220.0
2024-09-14 17:12:19,SOLUSDT,bid,133,10265.0
2024-09-14 17:12:20,SOLUSDT,bid,135,8431.0
2024-09-14 17:12:20,SOLUSDT,ask,140,10264.0
2024-09-14 17:12:20,SOLUSDT,ask,138,8211.0
2024-09-14 17:12:46,SOLUSDT,bid,135,11586.0
2024-09-14 17:13:22,SOLUSDT,bid,135,11542.0
2024-09-14 17:13:26,SOLUSDT,bid,120,15238.0
2024-09-14 17:13:27,SOLUSDT,bid,120,15234.0
2024-09-14 17:13:34,SOLUSDT,bid,110,20468.0
2024-09-14 17:13:36,SOLUSDT,bid,115,10710.0
2024-09-14 17:14:11,SOLUSDT,bid,128,8707.0
2024-09-14 17:14:32,SOLUSDT,bid,135,11543.0
2024-09-14 17:15:38,SOLUSDT,bid,101,26089.0
2024-09-14 17:15:38,SOLUSDT,bid,110,20471.0
2024-09-14 17:15:38,SOLUSDT,bid,112,15274.0
2024-09-14 17:15:38,SOLUSDT,bid,115,10712.0
2024-09-14 17:15:38,SOLUSDT,bid,120,15236.0
2024-09-14 17:15:38,SOLUSDT,bid,125,12104.0
2024-09-14 17:15:38,SOLUSDT,bid,128,8709.0
2024-09-14 17:15:38,SOLUSDT,bid,135,11545.0
2024-09-14 17:15:38,SOLUSDT,ask,140,9280.0
2024-09-14 17:15:38,SOLUSDT,ask,141,9882.0
2024-09-14 17:15:38,SOLUSDT,ask,144,37930.0
2024-09-14 17:15:38,SOLUSDT,ask,145,24222.0
2024-09-14 17:15:38,SOLUSDT,ask,146,15720.0
2024-09-14 17:15:38,SOLUSDT,ask,147,21471.0
2024-09-14 17:15:38,SOLUSDT,ask,151,14760.0
2024-09-14 17:15:38,SOLUSDT,ask,167,10097.0
2024-09-14 17:15:38,SOLUSDT,ask,171,8079.0
2024-09-14 17:15:38,SOLUSDT,ask,172,10275.0
2024-09-14 17:15:38,SOLUSDT,ask,190,42475.0
2024-09-14 17:15:40,SOLUSDT,ask,141,9879.0
2024-09-14 17:16:08,SOLUSDT,bid,101,26086.0
2024-09-14 17:16:08,SOLUSDT,bid,110,20468.0
2024-09-14 17:16:08,SOLUSDT,bid,112,15271.0
2024-09-14 17:16:08,SOLUSDT,bid,115,10710.0
2024-09-14 17:16:08,SOLUSDT,bid,120,15234.0
2024-09-14 17:16:08,SOLUSDT,bid,125,12102.0
2024-09-14 17:16:08,SOLUSDT,bid,128,8707.0
2024-09-14 17:16:08,SOLUSDT,bid,135,11543.0
2024-09-14 17:16:08,SOLUSDT,ask,140,9278.0
2024-09-14 17:16:08,SOLUSDT,ask,141,9877.0
2024-09-14 17:16:08,SOLUSDT,ask,144,37928.0
2024-09-14 17:16:08,SOLUSDT,ask,145,24220.0
2024-09-14 17:16:08,SOLUSDT,ask,146,15718.0
2024-09-14 17:16:08,SOLUSDT,ask,147,21469.0
2024-09-14 17:16:08,SOLUSDT,ask,151,14758.0
2024-09-14 17:16:08,SOLUSDT,ask,167,10095.0
2024-09-14 17:16:08,SOLUSDT,ask,171,8078.0
2024-09-14 17:16:08,SOLUSDT,ask,172,10274.0
2024-09-14 17:16:08,SOLUSDT,ask,190,42474.0
2024-09-14 17:16:09,SOLUSDT,bid,135,11541.0
2024-09-14 17:16:18,SOLUSDT,ask,144,37926.0
2024-09-14 17:16:18,SOLUSDT,ask,145,24222.0
2024-09-14 17:16:49,SOLUSDT,ask,145,24220.0
2024-09-14 17:16:49,SOLUSDT,ask,146,15720.0
2024-09-14 17:17:00,SOLUSDT,ask,141,9944.0
2024-09-14 17:17:05,SOLUSDT,bid,133,10302.0
2024-09-14 17:17:18,SOLUSDT,ask,140,9277.0
2024-09-14 17:17:23,SOLUSDT,bid,125,12101.0
2024-09-14 17:18:27,SOLUSDT,bid,110,20466.0
2024-09-14 17:18:27,SOLUSDT,bid,112,15269.0
2024-09-14 17:18:27,SOLUSDT,bid,115,10708.0
2024-09-14 17:18:27,SOLUSDT,bid,120,15232.0
2024-09-14 17:18:27,SOLUSDT,bid,125,12099.0
2024-09-14 17:19:13,SOLUSDT,bid,128,8704.0
2024-09-14 17:19:41,SOLUSDT,bid,135,8460.0
2024-09-14 17:19:42,SOLUSDT,bid,135,8431.0
2024-09-14 17:20:23,SOLUSDT,ask,140,9254.0
2024-09-14 17:20:42,SOLUSDT,ask,140,9253.0
2024-09-14 17:21:35,SOLUSDT,ask,140,9286.0
2024-09-14 17:22:00,SOLUSDT,ask,141,9877.0
2024-09-14 17:22:08,SOLUSDT,bid,135,11540.0
2024-09-14 17:22:27,SOLUSDT,bid,133,10264.0
2024-09-14 17:22:27,SOLUSDT,bid,135,8215.0
2024-09-14 17:22:28,SOLUSDT,ask,138,8211.0
2024-09-14 17:22:28,SOLUSDT,ask,140,14433.0
2024-09-14 17:22:30,SOLUSDT,bid,120,15233.0
2024-09-14 17:22:33,SOLUSDT,bid,128,8734.0
2024-09-14 17:22:39,SOLUSDT,ask,140,14433.0
2024-09-14 17:23:11,SOLUSDT,bid,135,11541.0
2024-09-14 17:23:11,SOLUSDT,bid,135,11536.0
2024-09-14 17:24:34,SOLUSDT,ask,141,9299.0
2024-09-14 17:25:24,SOLUSDT,bid,135,11543.0
2024-09-14 17:25:29,SOLUSDT,ask,154,19909.0
2024-09-14 17:25:30,SOLUSDT,bid,135,11544.0
2024-09-14 17:25:40,SOLUSDT,bid,135,11545.0
2024-09-14 17:25:55,SOLUSDT,bid,110,20447.0
2024-09-14 17:25:55,SOLUSDT,bid,128,8717.0
2024-09-14 17:26:16,SOLUSDT,ask,140,9285.0
2024-09-14 17:26:39,SOLUSDT,bid,90,59316.0
2024-09-14 17:26:39,SOLUSDT,bid,110,20445.0
2024-09-14 17:26:39,SOLUSDT,bid,120,15231.0
2024-09-14 17:26:39,SOLUSDT,ask,140,9283.0
2024-09-14 17:26:39,SOLUSDT,ask,190,42473.0
2024-09-14 17:27:01,SOLUSDT,bid,120,8742.0
2024-09-14 17:27:10,SOLUSDT,bid,135,11544.0
2024-09-14 17:27:18,SOLUSDT,bid,120,15232.0
2024-09-14 17:27:18,SOLUSDT,bid,125,12098.0
2024-09-14 17:27:27,SOLUSDT,bid,115,10707.0
2024-09-14 17:27:28,SOLUSDT,ask,143,13964.0
2024-09-14 17:27:34,SOLUSDT,ask,140,14426.0
2024-09-14 17:27:44,SOLUSDT,ask,141,14213.0
2024-09-14 17:27:44,SOLUSDT,ask,141,14214.0
2024-09-14 17:27:54,SOLUSDT,ask,141,14212.0
2024-09-14 17:28:04,SOLUSDT,ask,140,9282.0
2024-09-14 17:28:28,SOLUSDT,ask,147,21475.0
2024-09-14 17:30:04,SOLUSDT,bid,110,20443.0
2024-09-14 17:30:14,SOLUSDT,bid,110,20452.0
2024-09-14 17:31:45,SOLUSDT,bid,110,20453.0
2024-09-14 17:31:46,SOLUSDT,ask,141,9301.0
2024-09-14 17:31:51,SOLUSDT,bid,135,11543.0
2024-09-14 17:31:56,SOLUSDT,ask,141,9299.0
2024-09-14 17:32:03,SOLUSDT,bid,135,11545.0
2024-09-14 17:32:03,SOLUSDT,bid,135,11625.0
2024-09-14 17:32:10,SOLUSDT,ask,140,9284.0
2024-09-14 17:32:23,SOLUSDT,bid,135,11752.0
2024-09-14 17:32:27,SOLUSDT,bid,133,10265.0
2024-09-14 17:32:27,SOLUSDT,bid,135,8211.0
2024-09-14 17:32:27,SOLUSDT,ask,140,10264.0
2024-09-14 17:32:27,SOLUSDT,ask,138,8212.0
2024-09-14 17:32:50,SOLUSDT,bid,110,20452.0
2024-09-14 17:34:06,SOLUSDT,ask,140,9282.0
2024-09-14 17:34:12,SOLUSDT,bid,135,11766.0
2024-09-14 17:34:38,SOLUSDT,ask,140,9278.0
2024-09-14 17:34:38,SOLUSDT,bid,135,11726.0
2024-09-14 17:34:47,SOLUSDT,ask,144,37924.0
2024-09-14 17:34:50,SOLUSDT,bid,135,11771.0
2024-09-14 17:35:04,SOLUSDT,ask,145,24230.0
2024-09-14 17:35:11,SOLUSDT,bid,135,11764.0
2024-09-14 17:35:19,SOLUSDT,ask,141,9298.0
2024-09-14 17:35:20,SOLUSDT,ask,171,8077.0
2024-09-14 17:35:49,SOLUSDT,ask,140,9276.0
2024-09-14 17:36:03,SOLUSDT,bid,135,8354.0
2024-09-14 17:36:03,SOLUSDT,bid,135,8546.0
2024-09-14 17:36:03,SOLUSDT,bid,135,8450.0
2024-09-14 17:36:03,SOLUSDT,bid,135,8546.0
2024-09-14 17:36:03,SOLUSDT,bid,135,8450.0
2024-09-14 17:36:05,SOLUSDT,bid,135,8450.0
2024-09-14 17:36:05,SOLUSDT,bid,135,8211.0
2024-09-14 17:36:37,SOLUSDT,bid,133,10264.0
2024-09-14 17:36:38,SOLUSDT,bid,135,8217.0
2024-09-14 17:36:39,SOLUSDT,ask,141,10264.0
2024-09-14 17:36:39,SOLUSDT,ask,138,8211.0
2024-09-14 17:37:02,SOLUSDT,ask,141,14279.0
2024-09-14 17:37:14,SOLUSDT,bid,135,8233.0
2024-09-14 17:37:32,SOLUSDT,bid,135,8217.0
2024-09-14 17:37:55,SOLUSDT,bid,135,11765.0
2024-09-14 17:38:04,SOLUSDT,bid,135,11766.0
2024-09-14 17:38:06,SOLUSDT,ask,140,9275.0
2024-09-14 17:38:18,SOLUSDT,bid,135,11773.0
2024-09-14 17:38:27,SOLUSDT,ask,140,9274.0
2024-09-14 17:38:31,SOLUSDT,bid,135,11772.0
2024-09-14 17:38:55,SOLUSDT,ask,144,37925.0
2024-09-14 17:39:00,SOLUSDT,ask,145,24231.0
2024-09-14 17:39:04,SOLUSDT,bid,135,11779.0
2024-09-14 17:40:01,SOLUSDT,bid,135,11772.0
2024-09-14 17:40:54,SOLUSDT,ask,140,9273.0
2024-09-14 17:42:03,SOLUSDT,ask,141,14212.0
2024-09-14 17:42:03,SOLUSDT,ask,141,9365.0
2024-09-14 17:42:23,SOLUSDT,ask,140,9275.0
2024-09-14 17:42:27,SOLUSDT,bid,133,10264.0
2024-09-14 17:42:27,SOLUSDT,bid,135,8211.0
2024-09-14 17:42:27,SOLUSDT,ask,140,10264.0
2024-09-14 17:42:27,SOLUSDT,ask,138,8252.0
2024-09-14 17:42:47,SOLUSDT,bid,82,24332.0
2024-09-14 17:43:21,SOLUSDT,ask,140,9276.0
2024-09-14 17:43:43,SOLUSDT,bid,135,11773.0
2024-09-14 17:43:48,SOLUSDT,bid,135,12073.0
2024-09-14 17:44:27,SOLUSDT,ask,138,8234.0
2024-09-14 17:44:37,SOLUSDT,ask,154,19879.0
2024-09-14 17:44:44,SOLUSDT,ask,154,19899.0
2024-09-14 17:45:04,SOLUSDT,bid,135,12066.0
2024-09-14 17:45:40,SOLUSDT,ask,147,21499.0
2024-09-14 17:46:18,SOLUSDT,bid,128,8719.0
2024-09-14 17:46:31,SOLUSDT,bid,125,12101.0
2024-09-14 17:46:32,SOLUSDT,ask,140,10299.0
2024-09-14 17:46:54,SOLUSDT,bid,110,20445.0
2024-09-14 17:47:06,SOLUSDT,ask,141,9298.0
2024-09-14 17:47:28,SOLUSDT,bid,135,11939.0
2024-09-14 17:47:36,SOLUSDT,ask,140,9279.0
2024-09-14 17:48:01,SOLUSDT,ask,146,15735.0
2024-09-14 17:48:06,SOLUSDT,ask,154,19879.0
2024-09-14 17:48:40,SOLUSDT,bid,120,15231.0
2024-09-14 17:49:11,SOLUSDT,bid,135,11942.0
2024-09-14 17:49:43,SOLUSDT,bid,135,11939.0
2024-09-14 17:50:57,SOLUSDT,bid,120,15228.0
2024-09-14 17:51:25,SOLUSDT,bid,135,11932.0
2024-09-14 17:51:46,SOLUSDT,bid,135,12232.0
2024-09-14 17:51:57,SOLUSDT,bid,135,12276.0
2024-09-14 17:52:26,SOLUSDT,bid,133,10264.0
2024-09-14 17:52:27,SOLUSDT,bid,135,8211.0
2024-09-14 17:52:27,SOLUSDT,ask,140,10265.0
2024-09-14 17:52:27,SOLUSDT,ask,138,8221.0
2024-09-14 17:53:01,SOLUSDT,bid,128,8684.0
2024-09-14 17:53:16,SOLUSDT,bid,135,12281.0
2024-09-14 17:53:22,SOLUSDT,bid,135,12286.0
2024-09-14 17:53:34,SOLUSDT,bid,128,8683.0
2024-09-14 17:54:00,SOLUSDT,ask,145,24229.0
2024-09-14 17:54:12,SOLUSDT,ask,145,24218.0
2024-09-14 17:54:21,SOLUSDT,ask,138,8221.0
2024-09-14 17:54:26,SOLUSDT,ask,138,8605.0
2024-09-14 17:54:27,SOLUSDT,ask,138,8653.0
2024-09-14 17:54:27,SOLUSDT,ask,138,8557.0
2024-09-14 17:54:28,SOLUSDT,ask,138,8509.0
2024-09-14 17:54:28,SOLUSDT,ask,138,8221.0
2024-09-14 17:54:34,SOLUSDT,ask,144,37924.0
2024-09-14 17:54:43,SOLUSDT,bid,135,12287.0
2024-09-14 17:54:48,SOLUSDT,bid,135,12276.0
2024-09-14 17:54:58,SOLUSDT,ask,141,9296.0
2024-09-14 17:54:58,SOLUSDT,ask,140,9277.0
2024-09-14 17:55:20,SOLUSDT,bid,135,11742.0
2024-09-14 17:55:50,SOLUSDT,bid,135,11743.0
2024-09-14 17:56:05,SOLUSDT,bid,135,11744.0
2024-09-14 17:56:25,SOLUSDT,ask,140,9244.0
2024-09-14 17:56:32,SOLUSDT,bid,135,11742.0
2024-09-14 17:56:32,SOLUSDT,ask,140,9242.0
2024-09-14 17:57:15,SOLUSDT,ask,147,21493.0
2024-09-14 17:57:30,SOLUSDT,bid,135,11744.0
2024-09-14 17:58:06,SOLUSDT,bid,135,11742.0
2024-09-14 17:58:17,SOLUSDT,bid,135,8232.0
2024-09-14 17:58:36,SOLUSDT,bid,135,11744.0
2024-09-14 17:58:45,SOLUSDT,bid,135,8261.0
2024-09-14 17:58:52,SOLUSDT,ask,144,37916.0
2024-09-14 17:58:57,SOLUSDT,ask,145,24202.0
2024-09-14 17:59:10,SOLUSDT,bid,135,8232.0
2024-09-14 17:59:23,SOLUSDT,bid,135,11742.0
2024-09-14 17:59:28,SOLUSDT,bid,135,8292.0
2024-09-14 17:59:32,SOLUSDT,bid,135,8232.0
2024-09-14 18:00:08,SOLUSDT,ask,144,37824.0
2024-09-14 18:00:34,SOLUSDT,bid,135,8211.0
2024-09-14 18:00:43,SOLUSDT,bid,135,11744.0
2024-09-14 18:00:52,SOLUSDT,ask,144,37825.0
2024-09-14 18:01:19,SOLUSDT,ask,140,9272.0
2024-09-14 18:01:39,SOLUSDT,ask,140,9242.0
2024-09-14 18:01:54,SOLUSDT,bid,115,10765.0
2024-09-14 18:01:55,SOLUSDT,ask,141,9294.0
2024-09-14 18:01:56,SOLUSDT,bid,135,11739.0
2024-09-14 18:02:02,SOLUSDT,bid,112,15328.0
2024-09-14 18:02:44,SOLUSDT,bid,133,10264.0
2024-09-14 18:02:44,SOLUSDT,bid,135,8211.0
2024-09-14 18:02:45,SOLUSDT,ask,140,10264.0
2024-09-14 18:02:45,SOLUSDT,ask,138,8211.0
2024-09-14 18:03:47,SOLUSDT,bid,135,11856.0
2024-09-14 18:03:48,SOLUSDT,bid,120,15230.0
2024-09-14 18:03:54,SOLUSDT,bid,135,11836.0
2024-09-14 18:04:00,SOLUSDT,bid,135,11835.0
2024-09-14 18:04:17,SOLUSDT,bid,115,10767.0
2024-09-14 18:04:38,SOLUSDT,bid,135,11845.0
2024-09-14 18:04:47,SOLUSDT,ask,140,14428.0
2024-09-14 18:04:49,SOLUSDT,bid,135,11835.0
2024-09-14 18:04:58,SOLUSDT,ask,140,14426.0
2024-09-14 18:06:19,SOLUSDT,bid,135,11535.0
2024-09-14 18:06:33,SOLUSDT,ask,140,9243.0
2024-09-14 18:06:39,SOLUSDT,ask,146,15705.0
2024-09-14 18:06:54,SOLUSDT,bid,128,8669.0
2024-09-14 18:07:18,SOLUSDT,ask,140,9241.0
2024-09-14 18:07:41,SOLUSDT,bid,128,8678.0
2024-09-14 18:08:36,SOLUSDT,bid,135,8212.0
2024-09-14 18:09:12,SOLUSDT,bid,135,11835.0
2024-09-14 18:09:32,SOLUSDT,bid,135,11864.0
2024-09-14 18:09:35,SOLUSDT,bid,135,11876.0
2024-09-14 18:09:36,SOLUSDT,bid,128,8674.0
2024-09-14 18:09:38,SOLUSDT,bid,135,8211.0
2024-09-14 18:09:50,SOLUSDT,bid,135,11888.0
2024-09-14 18:09:55,SOLUSDT,bid,135,11859.0
2024-09-14 18:10:08,SOLUSDT,bid,135,11862.0
2024-09-14 18:10:20,SOLUSDT,bid,135,11869.0
2024-09-14 18:10:27,SOLUSDT,bid,135,11868.0
2024-09-14 18:10:33,SOLUSDT,ask,140,9242.0
2024-09-14 18:10:42,SOLUSDT,bid,128,8686.0
2024-09-14 18:10:47,SOLUSDT,bid,128,8674.0
2024-09-14 18:11:03,SOLUSDT,bid,135,11872.0
2024-09-14 18:11:13,SOLUSDT,bid,125,12100.0
2024-09-14 18:11:13,SOLUSDT,bid,128,8673.0
2024-09-14 18:11:13,SOLUSDT,bid,135,11871.0
2024-09-14 18:11:13,SOLUSDT,ask,140,9241.0
2024-09-14 18:11:13,SOLUSDT,ask,141,9293.0
2024-09-14 18:11:14,SOLUSDT,bid,135,11883.0
2024-09-14 18:11:21,SOLUSDT,bid,135,11876.0
2024-09-14 18:11:27,SOLUSDT,bid,135,11831.0
2024-09-14 18:12:01,SOLUSDT,bid,135,11833.0
2024-09-14 18:12:02,SOLUSDT,ask,141,14254.0
2024-09-14 18:12:05,SOLUSDT,ask,147,21505.0
2024-09-14 18:12:14,SOLUSDT,ask,147,21437.0
2024-09-14 18:12:19,SOLUSDT,ask,140,9244.0
2024-09-14 18:12:21,SOLUSDT,bid,132,10335.0
2024-09-14 18:12:21,SOLUSDT,bid,135,8211.0
2024-09-14 18:12:21,SOLUSDT,ask,140,10276.0
2024-09-14 18:12:21,SOLUSDT,ask,147,21425.0
2024-09-14 18:12:31,SOLUSDT,bid,128,8678.0
2024-09-14 18:12:35,SOLUSDT,bid,135,8229.0
2024-09-14 18:12:35,SOLUSDT,bid,82,25184.0
2024-09-14 18:12:35,SOLUSDT,bid,82,25183.0
2024-09-14 18:12:47,SOLUSDT,ask,136,10083.0
2024-09-14 18:12:47,SOLUSDT,ask,136,10099.0
2024-09-14 18:12:48,SOLUSDT,ask,136,10099.0
2024-09-14 18:12:49,SOLUSDT,bid,135,11830.0
2024-09-14 18:12:56,SOLUSDT,ask,136,10129.0
2024-09-14 18:12:57,SOLUSDT,ask,136,10101.0
2024-09-14 18:12:59,SOLUSDT,ask,136,10131.0
2024-09-14 18:13:01,SOLUSDT,ask,136,10131.0
2024-09-14 18:13:04,SOLUSDT,ask,136,10101.0
2024-09-14 18:13:12,SOLUSDT,ask,136,10102.0
2024-09-14 18:13:13,SOLUSDT,bid,135,8211.0
2024-09-14 18:13:14,SOLUSDT,ask,136,10101.0
2024-09-14 18:13:17,SOLUSDT,ask,136,10210.0
2024-09-14 18:13:17,SOLUSDT,ask,136,10375.0
2024-09-14 18:13:18,SOLUSDT,ask,136,10373.0
2024-09-14 18:13:18,SOLUSDT,ask,136,10292.0
2024-09-14 18:13:19,SOLUSDT,ask,136,10289.0
2024-09-14 18:13:19,SOLUSDT,ask,136,10328.0
2024-09-14 18:13:20,SOLUSDT,ask,136,10291.0
2024-09-14 18:13:21,SOLUSDT,ask,136,10288.0
2024-09-14 18:13:23,SOLUSDT,ask,136,10281.0
2024-09-14 18:13:24,SOLUSDT,ask,136,10281.0
2024-09-14 18:13:25,SOLUSDT,ask,136,10135.0
2024-09-14 18:13:26,SOLUSDT,ask,136,10152.0
2024-09-14 18:13:27,SOLUSDT,ask,136,10123.0
2024-09-14 18:13:27,SOLUSDT,ask,136,10117.0
2024-09-14 18:13:27,SOLUSDT,ask,136,10113.0
2024-09-14 18:13:27,SOLUSDT,ask,136,10115.0
2024-09-14 18:13:27,SOLUSDT,ask,136,10116.0
2024-09-14 18:13:28,SOLUSDT,ask,136,10167.0
2024-09-14 18:13:30,SOLUSDT,ask,136,10162.0
2024-09-14 18:13:30,SOLUSDT,ask,136,10111.0
2024-09-14 18:13:31,SOLUSDT,ask,136,10106.0
2024-09-14 18:13:31,SOLUSDT,ask,136,10106.0
2024-09-14 18:13:32,SOLUSDT,ask,136,10103.0
2024-09-14 18:13:32,SOLUSDT,ask,136,10106.0
2024-09-14 18:13:32,SOLUSDT,ask,136,10001.0
2024-09-14 18:13:32,SOLUSDT,ask,136,9970.0
2024-09-14 18:13:32,SOLUSDT,ask,136,9971.0
2024-09-14 18:13:32,SOLUSDT,ask,136,9971.0
2024-09-14 18:13:33,SOLUSDT,ask,136,9970.0
2024-09-14 18:13:33,SOLUSDT,ask,136,9971.0
2024-09-14 18:13:33,SOLUSDT,ask,136,9973.0
2024-09-14 18:13:33,SOLUSDT,ask,136,9976.0
2024-09-14 18:13:33,SOLUSDT,ask,136,9781.0
2024-09-14 18:13:33,SOLUSDT,ask,136,9781.0
2024-09-14 18:13:33,SOLUSDT,ask,136,9782.0
2024-09-14 18:13:33,SOLUSDT,ask,136,9783.0
2024-09-14 18:13:34,SOLUSDT,bid,128,8681.0
2024-09-14 18:13:34,SOLUSDT,bid,135,11833.0
2024-09-14 18:13:34,SOLUSDT,ask,140,9247.0
2024-09-14 18:13:34,SOLUSDT,ask,141,9296.0
2024-09-14 18:13:34,SOLUSDT,ask,144,37828.0
2024-09-14 18:13:34,SOLUSDT,ask,145,24205.0
2024-09-14 18:13:34,SOLUSDT,ask,146,15708.0
2024-09-14 18:13:34,SOLUSDT,ask,136,9786.0
2024-09-14 18:13:34,SOLUSDT,ask,136,9761.0
2024-09-14 18:13:34,SOLUSDT,ask,136,9760.0
2024-09-14 18:13:34,SOLUSDT,ask,136,9760.0
2024-09-14 18:13:35,SOLUSDT,ask,136,9759.0
2024-09-14 18:13:35,SOLUSDT,ask,136,9759.0
2024-09-14 18:13:35,SOLUSDT,ask,136,9771.0
2024-09-14 18:13:35,SOLUSDT,ask,136,9760.0
2024-09-14 18:13:35,SOLUSDT,ask,136,9740.0
2024-09-14 18:13:36,SOLUSDT,ask,136,9776.0
2024-09-14 18:13:36,SOLUSDT,ask,136,9740.0
2024-09-14 18:13:36,SOLUSDT,ask,136,9740.0
2024-09-14 18:13:36,SOLUSDT,bid,82,25183.0
2024-09-14 18:13:38,SOLUSDT,ask,141,14212.0
2024-09-14 18:13:45,SOLUSDT,bid,132,10264.0
2024-09-14 18:13:57,SOLUSDT,ask,147,21434.0
2024-09-14 18:14:08,SOLUSDT,bid,125,12099.0
2024-09-14 18:14:11,SOLUSDT,bid,128,8679.0
2024-09-14 18:14:11,SOLUSDT,bid,135,11831.0
2024-09-14 18:14:42,SOLUSDT,bid,135,11807.0
2024-09-14 18:14:50,SOLUSDT,bid,128,8669.0
2024-09-14 18:14:56,SOLUSDT,ask,136,9290.0
2024-09-14 18:14:56,SOLUSDT,ask,136,9363.0
2024-09-14 18:14:56,SOLUSDT,ask,136,9254.0
2024-09-14 18:14:56,SOLUSDT,ask,136,9350.0
2024-09-14 18:14:57,SOLUSDT,ask,136,9446.0
2024-09-14 18:14:57,SOLUSDT,ask,136,9591.0
2024-09-14 18:14:57,SOLUSDT,ask,136,9687.0
2024-09-14 18:14:57,SOLUSDT,ask,136,9255.0
2024-09-14 18:14:57,SOLUSDT,ask,136,9351.0
2024-09-14 18:14:57,SOLUSDT,ask,136,9447.0
2024-09-14 18:14:57,SOLUSDT,ask,136,9687.0
2024-09-14 18:14:57,SOLUSDT,ask,136,9255.0
2024-09-14 18:14:57,SOLUSDT,ask,136,9447.0
2024-09-14 18:14:58,SOLUSDT,ask,136,9543.0
2024-09-14 18:14:58,SOLUSDT,ask,136,9303.0
2024-09-14 18:14:58,SOLUSDT,ask,136,9255.0
2024-09-14 18:14:58,SOLUSDT,ask,136,9591.0
2024-09-14 18:14:58,SOLUSDT,ask,136,9543.0
2024-09-14 18:14:59,SOLUSDT,ask,136,9687.0
2024-09-14 18:14:59,SOLUSDT,ask,136,9255.0
2024-09-14 18:14:59,SOLUSDT,ask,136,9687.0
2024-09-14 18:14:59,SOLUSDT,ask,136,9255.0
2024-09-14 18:14:59,SOLUSDT,ask,136,9351.0
2024-09-14 18:14:59,SOLUSDT,ask,136,9687.0
2024-09-14 18:15:00,SOLUSDT,ask,136,9255.0
2024-09-14 18:15:00,SOLUSDT,ask,136,9591.0
2024-09-14 18:15:00,SOLUSDT,ask,136,9495.0
2024-09-14 18:15:00,SOLUSDT,ask,136,9591.0
2024-09-14 18:15:00,SOLUSDT,ask,136,9687.0
2024-09-14 18:15:02,SOLUSDT,ask,136,9591.0
2024-09-14 18:15:02,SOLUSDT,ask,136,9255.0
2024-09-14 18:15:02,SOLUSDT,ask,136,9257.0
2024-09-14 18:15:02,SOLUSDT,ask,136,9255.0
2024-09-14 18:15:03,SOLUSDT,ask,136,9280.0
2024-09-14 18:15:03,SOLUSDT,ask,136,9265.0
2024-09-14 18:15:03,SOLUSDT,ask,136,9286.0
2024-09-14 18:15:03,SOLUSDT,ask,136,9493.0
2024-09-14 18:15:04,SOLUSDT,ask,136,9497.0
2024-09-14 18:15:04,SOLUSDT,ask,136,9286.0
2024-09-14 18:15:17,SOLUSDT,ask,136,9480.0
2024-09-14 18:15:17,SOLUSDT,ask,136,9286.0
2024-09-14 18:15:18,SOLUSDT,ask,136,9303.0
2024-09-14 18:15:18,SOLUSDT,ask,136,9286.0
2024-09-14 18:15:22,SOLUSDT,ask,136,9340.0
2024-09-14 18:15:22,SOLUSDT,ask,136,9342.0
2024-09-14 18:15:23,SOLUSDT,ask,136,9343.0
2024-09-14 18:15:23,SOLUSDT,ask,136,9289.0
2024-09-14 18:15:24,SOLUSDT,ask,136,9288.0
2024-09-14 18:15:39,SOLUSDT,ask,136,9267.0
2024-09-14 18:15:39,SOLUSDT,bid,135,12695.0
2024-09-14 18:15:41,SOLUSDT,ask,136,9265.0
2024-09-14 18:15:41,SOLUSDT,ask,136,9282.0
2024-09-14 18:15:42,SOLUSDT,ask,147,21358.0
2024-09-14 18:15:42,SOLUSDT,ask,136,9297.0
2024-09-14 18:15:42,SOLUSDT,ask,136,9312.0
2024-09-14 18:15:44,SOLUSDT,ask,136,9277.0
2024-09-14 18:15:44,SOLUSDT,ask,136,9271.0
2024-09-14 18:15:45,SOLUSDT,ask,136,9266.0
2024-09-14 18:15:47,SOLUSDT,ask,136,9259.0
2024-09-14 18:15:47,SOLUSDT,ask,136,9266.0
2024-09-14 18:15:49,SOLUSDT,ask,136,9412.0
2024-09-14 18:15:49,SOLUSDT,ask,136,9558.0
2024-09-14 18:15:49,SOLUSDT,ask,136,9264.0
2024-09-14 18:15:49,SOLUSDT,ask,136,9254.0
2024-09-14 18:15:49,SOLUSDT,ask,136,9249.0
2024-09-14 18:15:49,SOLUSDT,ask,136,9205.0
2024-09-14 18:15:50,SOLUSDT,ask,136,9208.0
2024-09-14 18:15:50,SOLUSDT,ask,136,9209.0
2024-09-14 18:15:50,SOLUSDT,ask,136,9205.0
2024-09-14 18:15:50,SOLUSDT,ask,136,9202.0
2024-09-14 18:15:50,SOLUSDT,ask,136,9198.0
2024-09-14 18:15:50,SOLUSDT,ask,136,9197.0
2024-09-14 18:15:50,SOLUSDT,ask,136,9198.0
2024-09-14 18:15:50,SOLUSDT,ask,136,9199.0
2024-09-14 18:15:51,SOLUSDT,ask,136,9203.0
2024-09-14 18:15:52,SOLUSDT,ask,136,9253.0
2024-09-14 18:15:52,SOLUSDT,bid,135,12395.0
2024-09-14 18:15:52,SOLUSDT,ask,136,9252.0
2024-09-14 18:15:52,SOLUSDT,ask,136,9238.0
2024-09-14 18:15:52,SOLUSDT,ask,136,9100.0
2024-09-14 18:15:52,SOLUSDT,ask,136,8591.0
2024-09-14 18:15:52,SOLUSDT,ask,136,8506.0
2024-09-14 18:15:52,SOLUSDT,ask,136,8506.0
2024-09-14 18:15:52,SOLUSDT,ask,136,8524.0
2024-09-14 18:15:52,SOLUSDT,ask,136,8548.0
2024-09-14 18:15:52,SOLUSDT,ask,136,8524.0
2024-09-14 18:15:53,SOLUSDT,ask,136,8450.0
2024-09-14 18:15:54,SOLUSDT,ask,136,7409.0
2024-09-14 18:15:54,SOLUSDT,ask,136,7388.0
2024-09-14 18:15:54,SOLUSDT,ask,136,7387.0
2024-09-14 18:15:54,SOLUSDT,ask,136,7394.0
2024-09-14 18:15:56,SOLUSDT,ask,136,7385.0
2024-09-14 18:15:56,SOLUSDT,ask,136,7385.0
2024-09-14 18:15:56,SOLUSDT,ask,136,7384.0
2024-09-14 18:15:56,SOLUSDT,ask,136,7382.0
2024-09-14 18:15:56,SOLUSDT,ask,136,7381.0
2024-09-14 18:15:56,SOLUSDT,ask,136,7382.0
2024-09-14 18:15:56,SOLUSDT,ask,136,7357.0
2024-09-14 18:15:56,SOLUSDT,ask,136,7357.0
2024-09-14 18:15:56,SOLUSDT,ask,136,7353.0
2024-09-14 18:16:11,SOLUSDT,bid,120,15218.0
2024-09-14 18:16:30,SOLUSDT,ask,151,14759.0
2024-09-14 18:16:40,SOLUSDT,bid,85,25279.0
2024-09-14 18:17:19,SOLUSDT,ask,140,9297.0
2024-09-14 18:17:25,SOLUSDT,bid,128,8670.0
2024-09-14 18:17:25,SOLUSDT,ask,140,9298.0
2024-09-14 18:17:48,SOLUSDT,bid,135,12415.0
2024-09-14 18:17:50,SOLUSDT,bid,135,12419.0
2024-09-14 18:17:52,SOLUSDT,bid,128,8693.0
2024-09-14 18:18:19,SOLUSDT,bid,135,8239.0
2024-09-14 18:18:21,SOLUSDT,bid,135,8211.0
2024-09-14 18:18:39,SOLUSDT,bid,135,12448.0
2024-09-14 18:18:46,SOLUSDT,bid,128,8704.0
2024-09-14 18:19:06,SOLUSDT,bid,115,10766.0
2024-09-14 18:19:12,SOLUSDT,bid,135,12446.0
2024-09-14 18:19:55,SOLUSDT,bid,135,12447.0
2024-09-14 18:20:11,SOLUSDT,ask,151,14758.0
2024-09-14 18:20:16,SOLUSDT,bid,135,12449.0
2024-09-14 18:20:18,SOLUSDT,ask,141,9306.0
2024-09-14 18:20:18,SOLUSDT,bid,135,12456.0
2024-09-14 18:20:19,SOLUSDT,bid,125,12097.0
2024-09-14 18:20:24,SOLUSDT,bid,135,11568.0
2024-09-14 18:20:30,SOLUSDT,ask,141,9296.0
2024-09-14 18:21:05,SOLUSDT,bid,135,11548.0
2024-09-14 18:21:25,SOLUSDT,bid,125,12096.0
2024-09-14 18:21:25,SOLUSDT,bid,128,8703.0
2024-09-14 18:21:49,SOLUSDT,bid,120,15221.0
2024-09-14 18:22:00,SOLUSDT,ask,154,19877.0
2024-09-14 18:22:05,SOLUSDT,ask,136,8748.0
2024-09-14 18:22:06,SOLUSDT,ask,136,7327.0
2024-09-14 18:22:08,SOLUSDT,ask,136,7367.0
2024-09-14 18:22:12,SOLUSDT,bid,135,11588.0
2024-09-14 18:22:16,SOLUSDT,bid,82,25184.0
2024-09-14 18:22:16,SOLUSDT,ask,136,8777.0
2024-09-14 18:22:16,SOLUSDT,bid,82,25183.0
2024-09-14 18:22:16,SOLUSDT,ask,136,8767.0
2024-09-14 18:22:16,SOLUSDT,ask,136,8760.0
2024-09-14 18:22:16,SOLUSDT,ask,136,8760.0
2024-09-14 18:22:17,SOLUSDT,ask,136,8738.0
2024-09-14 18:22:17,SOLUSDT,bid,110,20444.0
2024-09-14 18:22:17,SOLUSDT,bid,120,15220.0
2024-09-14 18:22:20,SOLUSDT,ask,136,8737.0
2024-09-14 18:22:25,SOLUSDT,bid,132,10282.0
2024-09-14 18:22:26,SOLUSDT,bid,135,8213.0
2024-09-14 18:22:26,SOLUSDT,ask,140,10265.0
2024-09-14 18:22:26,SOLUSDT,ask,138,8223.0
2024-09-14 18:22:28,SOLUSDT,ask,136,8764.0
2024-09-14 18:22:28,SOLUSDT,ask,136,8910.0
2024-09-14 18:22:33,SOLUSDT,ask,136,8764.0
2024-09-14 18:22:36,SOLUSDT,ask,136,8736.0
2024-09-14 18:22:36,SOLUSDT,ask,136,8737.0
2024-09-14 18:22:37,SOLUSDT,ask,136,8738.0
2024-09-14 18:22:37,SOLUSDT,ask,136,8737.0
2024-09-14 18:22:39,SOLUSDT,ask,136,8780.0
2024-09-14 18:22:39,SOLUSDT,ask,136,8823.0
2024-09-14 18:22:40,SOLUSDT,ask,136,8829.0
2024-09-14 18:22:42,SOLUSDT,ask,136,8786.0
2024-09-14 18:22:42,SOLUSDT,ask,136,8743.0
2024-09-14 18:22:43,SOLUSDT,ask,136,8744.0
2024-09-14 18:22:43,SOLUSDT,ask,136,8738.0
2024-09-14 18:22:45,SOLUSDT,ask,136,8789.0
2024-09-14 18:22:47,SOLUSDT,ask,136,8738.0
2024-09-14 18:22:50,SOLUSDT,ask,136,8068.0
2024-09-14 18:22:50,SOLUSDT,bid,82,25184.0
2024-09-14 18:22:50,SOLUSDT,bid,82,25183.0
2024-09-14 18:22:55,SOLUSDT,bid,128,8708.0
2024-09-14 18:23:25,SOLUSDT,bid,135,11595.0
2024-09-14 18:23:28,SOLUSDT,ask,145,24210.0
2024-09-14 18:23:33,SOLUSDT,ask,140,9297.0
2024-09-14 18:23:36,SOLUSDT,ask,140,9296.0
2024-09-14 18:23:54,SOLUSDT,ask,140,9286.0
2024-09-14 18:24:00,SOLUSDT,ask,140,9272.0
2024-09-14 18:24:00,SOLUSDT,ask,144,37815.0
2024-09-14 18:24:09,SOLUSDT,bid,135,11510.0
2024-09-14 18:24:25,SOLUSDT,bid,135,11503.0
2024-09-14 18:24:37,SOLUSDT,ask,154,19879.0
2024-09-14 18:25:45,SOLUSDT,ask,145,24209.0
2024-09-14 18:25:52,SOLUSDT,bid,128,8709.0
2024-09-14 18:26:01,SOLUSDT,bid,120,15223.0
2024-09-14 18:26:29,SOLUSDT,ask,136,7309.0
2024-09-14 18:26:43,SOLUSDT,ask,136,7314.0
2024-09-14 18:26:43,SOLUSDT,ask,136,7309.0
2024-09-14 18:26:53,SOLUSDT,ask,136,9189.0
2024-09-14 18:26:53,SOLUSDT,ask,136,7309.0
2024-09-14 18:26:59,SOLUSDT,bid,135,8309.0
2024-09-14 18:26:59,SOLUSDT,bid,135,8357.0
2024-09-14 18:26:59,SOLUSDT,bid,135,8549.0
2024-09-14 18:26:59,SOLUSDT,bid,135,8453.0
2024-09-14 18:27:00,SOLUSDT,bid,135,8405.0
2024-09-14 18:27:00,SOLUSDT,bid,135,8213.0
2024-09-14 18:27:02,SOLUSDT,ask,136,7517.0
2024-09-14 18:27:02,SOLUSDT,bid,135,8309.0
2024-09-14 18:27:02,SOLUSDT,bid,135,8213.0
2024-09-14 18:27:03,SOLUSDT,ask,136,7306.0
2024-09-14 18:27:04,SOLUSDT,ask,136,8801.0
2024-09-14 18:27:04,SOLUSDT,ask,136,7306.0
2024-09-14 18:27:04,SOLUSDT,ask,136,7313.0
2024-09-14 18:27:07,SOLUSDT,ask,136,7306.0
2024-09-14 18:27:07,SOLUSDT,ask,136,7313.0
2024-09-14 18:27:07,SOLUSDT,ask,136,7306.0
2024-09-14 18:27:09,SOLUSDT,ask,136,7306.0
2024-09-14 18:27:09,SOLUSDT,ask,136,7306.0
2024-09-14 18:27:11,SOLUSDT,ask,136,7517.0
2024-09-14 18:27:11,SOLUSDT,ask,136,7306.0
2024-09-14 18:27:11,SOLUSDT,bid,120,15220.0
2024-09-14 18:27:15,SOLUSDT,ask,140,9279.0
2024-09-14 18:27:33,SOLUSDT,bid,82,24360.0
2024-09-14 18:27:36,SOLUSDT,ask,140,9280.0
2024-09-14 18:27:45,SOLUSDT,bid,82,24360.0
2024-09-14 18:28:02,SOLUSDT,ask,146,15774.0
2024-09-14 18:28:02,SOLUSDT,bid,82,24360.0
2024-09-14 18:28:10,SOLUSDT,ask,140,9279.0
2024-09-14 18:28:23,SOLUSDT,bid,135,8235.0
2024-09-14 18:28:25,SOLUSDT,bid,135,8213.0
2024-09-14 18:29:09,SOLUSDT,bid,128,8787.0
2024-09-14 18:29:26,SOLUSDT,ask,139,8259.0
2024-09-14 18:29:29,SOLUSDT,ask,154,19926.0
2024-09-14 18:29:32,SOLUSDT,bid,128,8709.0
2024-09-14 18:29:39,SOLUSDT,ask,145,24208.0
2024-09-14 18:29:52,SOLUSDT,bid,135,8357.0
2024-09-14 18:29:52,SOLUSDT,bid,135,8213.0
2024-09-14 18:29:55,SOLUSDT,ask,140,9304.0
2024-09-14 18:30:17,SOLUSDT,ask,145,20677.0
2024-09-14 18:30:38,SOLUSDT,bid,135,8309.0
2024-09-14 18:30:38,SOLUSDT,bid,135,8357.0
2024-09-14 18:30:38,SOLUSDT,bid,135,8309.0
2024-09-14 18:30:38,SOLUSDT,bid,135,8261.0
2024-09-14 18:30:38,SOLUSDT,bid,135,8213.0
2024-09-14 18:30:48,SOLUSDT,ask,141,9293.0
2024-09-14 18:30:48,SOLUSDT,ask,147,21352.0
2024-09-14 18:30:52,SOLUSDT,bid,135,11497.0
2024-09-14 18:31:02,SOLUSDT,ask,151,14759.0
2024-09-14 18:31:10,SOLUSDT,ask,151,14760.0
2024-09-14 18:31:17,SOLUSDT,ask,140,9311.0
2024-09-14 18:31:24,SOLUSDT,bid,135,11495.0
2024-09-14 18:31:31,SOLUSDT,bid,135,11488.0
2024-09-14 18:31:41,SOLUSDT,ask,141,9292.0
2024-09-14 18:31:45,SOLUSDT,ask,141,9278.0
2024-09-14 18:31:49,SOLUSDT,bid,135,11484.0
2024-09-14 18:32:26,SOLUSDT,bid,135,11455.0
2024-09-14 18:32:40,SOLUSDT,bid,82,24360.0
2024-09-14 18:32:40,SOLUSDT,bid,132,10264.0
2024-09-14 18:32:40,SOLUSDT,bid,135,8215.0
2024-09-14 18:32:40,SOLUSDT,ask,140,10308.0
2024-09-14 18:32:40,SOLUSDT,ask,138,8211.0
2024-09-14 18:33:00,SOLUSDT,ask,140,9310.0
2024-09-14 18:33:06,SOLUSDT,ask,139,8260.0
2024-09-14 18:33:09,SOLUSDT,bid,120,15212.0
2024-09-14 18:33:17,SOLUSDT,bid,82,24360.0
2024-09-14 18:33:25,SOLUSDT,bid,135,11447.0
2024-09-14 18:33:32,SOLUSDT,bid,135,11448.0
2024-09-14 18:33:49,SOLUSDT,ask,144,38000.0
2024-09-14 18:33:58,SOLUSDT,bid,135,11474.0
2024-09-14 18:34:06,SOLUSDT,ask,140,9312.0
2024-09-14 18:34:07,SOLUSDT,bid,128,8708.0
2024-09-14 18:34:08,SOLUSDT,ask,140,9310.0
2024-09-14 18:34:17,SOLUSDT,ask,151,14759.0
2024-09-14 18:34:20,SOLUSDT,ask,151,14758.0
2024-09-14 18:34:53,SOLUSDT,bid,125,12066.0
2024-09-14 18:35:20,SOLUSDT,bid,82,25183.0
2024-09-14 18:35:24,SOLUSDT,ask,139,8277.0
2024-09-14 18:35:24,SOLUSDT,ask,140,9759.0
2024-09-14 18:35:30,SOLUSDT,ask,140,9776.0
2024-09-14 18:35:37,SOLUSDT,ask,141,9293.0
2024-09-14 18:35:58,SOLUSDT,bid,82,25183.0
2024-09-14 18:36:02,SOLUSDT,bid,135,11473.0
2024-09-14 18:36:05,SOLUSDT,ask,140,9777.0
2024-09-14 18:36:50,SOLUSDT,ask,141,9193.0
2024-09-14 18:36:52,SOLUSDT,ask,136,10007.0
2024-09-14 18:36:52,SOLUSDT,bid,135,11373.0
2024-09-14 18:37:05,SOLUSDT,ask,136,10023.0
2024-09-14 18:37:07,SOLUSDT,ask,136,10027.0
2024-09-14 18:37:08,SOLUSDT,ask,136,10027.0
2024-09-14 18:37:09,SOLUSDT,ask,136,10078.0
2024-09-14 18:37:09,SOLUSDT,ask,136,10062.0
2024-09-14 18:37:10,SOLUSDT,ask,136,10011.0
2024-09-14 18:37:11,SOLUSDT,ask,136,10007.0
2024-09-14 18:37:15,SOLUSDT,ask,136,10011.0
2024-09-14 18:37:16,SOLUSDT,ask,136,10007.0
2024-09-14 18:37:19,SOLUSDT,ask,136,10008.0
2024-09-14 18:37:20,SOLUSDT,ask,136,10021.0
2024-09-14 18:37:20,SOLUSDT,ask,136,10007.0
2024-09-14 18:37:22,SOLUSDT,ask,136,10019.0
2024-09-14 18:37:23,SOLUSDT,ask,136,10019.0
2024-09-14 18:37:24,SOLUSDT,ask,136,10024.0
2024-09-14 18:37:28,SOLUSDT,ask,136,10012.0
2024-09-14 18:37:29,SOLUSDT,ask,136,10012.0
2024-09-14 18:37:42,SOLUSDT,ask,136,10007.0
2024-09-14 18:37:57,SOLUSDT,ask,136,10043.0
2024-09-14 18:38:07,SOLUSDT,ask,136,10145.0
2024-09-14 18:38:07,SOLUSDT,ask,136,10043.0
2024-09-14 18:38:14,SOLUSDT,ask,136,10046.0
2024-09-14 18:38:17,SOLUSDT,bid,115,10749.0
2024-09-14 18:38:17,SOLUSDT,bid,120,15196.0
2024-09-14 18:38:17,SOLUSDT,ask,136,10046.0
2024-09-14 18:38:27,SOLUSDT,ask,136,10039.0
2024-09-14 18:38:27,SOLUSDT,ask,172,10268.0
2024-09-14 18:38:28,SOLUSDT,ask,136,10046.0
2024-09-14 18:38:30,SOLUSDT,bid,135,11380.0
2024-09-14 18:38:30,SOLUSDT,ask,136,10043.0
2024-09-14 18:38:30,SOLUSDT,ask,136,10036.0
2024-09-14 18:38:38,SOLUSDT,ask,136,10038.0
2024-09-14 18:38:47,SOLUSDT,ask,136,10060.0
2024-09-14 18:39:01,SOLUSDT,bid,128,8709.0
2024-09-14 18:39:08,SOLUSDT,ask,136,10065.0
2024-09-14 18:39:30,SOLUSDT,bid,135,11373.0
2024-09-14 18:39:33,SOLUSDT,ask,136,10043.0
2024-09-14 18:39:37,SOLUSDT,ask,136,10044.0
2024-09-14 18:39:39,SOLUSDT,ask,136,10044.0
2024-09-14 18:39:41,SOLUSDT,ask,136,10037.0
2024-09-14 18:39:46,SOLUSDT,ask,136,10040.0
2024-09-14 18:39:46,SOLUSDT,ask,136,10037.0
2024-09-14 18:39:54,SOLUSDT,ask,139,8258.0
2024-09-14 18:40:11,SOLUSDT,ask,136,10040.0
2024-09-14 18:40:14,SOLUSDT,ask,136,10037.0
2024-09-14 18:40:16,SOLUSDT,ask,136,10045.0
2024-09-14 18:40:17,SOLUSDT,ask,136,10051.0
2024-09-14 18:40:21,SOLUSDT,ask,136,10063.0
2024-09-14 18:40:21,SOLUSDT,ask,136,10049.0
2024-09-14 18:40:22,SOLUSDT,ask,136,10041.0
2024-09-14 18:40:22,SOLUSDT,ask,136,10037.0
2024-09-14 18:40:36,SOLUSDT,bid,120,15180.0
2024-09-14 18:40:39,SOLUSDT,bid,125,11986.0
2024-09-14 18:40:47,SOLUSDT,ask,136,10038.0
2024-09-14 18:40:56,SOLUSDT,ask,136,10045.0
2024-09-14 18:40:57,SOLUSDT,ask,136,10118.0
2024-09-14 18:41:00,SOLUSDT,ask,136,10045.0
2024-09-14 18:41:05,SOLUSDT,ask,136,10038.0
2024-09-14 18:41:11,SOLUSDT,bid,110,20436.0
2024-09-14 18:41:19,SOLUSDT,ask,136,10037.0
2024-09-14 18:41:36,SOLUSDT,ask,136,10073.0
2024-09-14 18:41:37,SOLUSDT,ask,136,10037.0
2024-09-14 18:41:41,SOLUSDT,ask,136,10137.0
2024-09-14 18:41:46,SOLUSDT,ask,136,10037.0
2024-09-14 18:41:47,SOLUSDT,ask,136,10137.0
2024-09-14 18:41:48,SOLUSDT,ask,136,10037.0
2024-09-14 18:41:48,SOLUSDT,ask,136,10137.0
2024-09-14 18:41:49,SOLUSDT,ask,136,10037.0
2024-09-14 18:41:49,SOLUSDT,ask,136,10137.0
2024-09-14 18:41:49,SOLUSDT,ask,136,10037.0
2024-09-14 18:41:50,SOLUSDT,ask,136,10137.0
2024-09-14 18:41:51,SOLUSDT,ask,136,10037.0
2024-09-14 18:41:52,SOLUSDT,ask,136,10137.0
2024-09-14 18:41:53,SOLUSDT,ask,136,10037.0
2024-09-14 18:42:05,SOLUSDT,ask,146,15804.0
2024-09-14 18:42:27,SOLUSDT,bid,132,10334.0
2024-09-14 18:42:27,SOLUSDT,bid,135,8212.0
2024-09-14 18:42:27,SOLUSDT,ask,140,10264.0
2024-09-14 18:42:29,SOLUSDT,ask,136,10048.0
2024-09-14 18:42:34,SOLUSDT,ask,136,10070.0
2024-09-14 18:42:40,SOLUSDT,bid,135,11378.0
2024-09-14 18:42:51,SOLUSDT,ask,136,10071.0
2024-09-14 18:42:51,SOLUSDT,ask,136,10070.0
2024-09-14 18:42:54,SOLUSDT,ask,136,10100.0
2024-09-14 18:42:55,SOLUSDT,ask,136,10100.0
2024-09-14 18:42:55,SOLUSDT,ask,136,10100.0
2024-09-14 18:42:58,SOLUSDT,ask,136,10070.0
2024-09-14 18:43:19,SOLUSDT,ask,136,10071.0
2024-09-14 18:43:22,SOLUSDT,bid,135,11392.0
2024-09-14 18:43:22,SOLUSDT,ask,136,10271.0
2024-09-14 18:43:23,SOLUSDT,ask,136,10299.0
2024-09-14 18:43:27,SOLUSDT,ask,136,10099.0
2024-09-14 18:43:32,SOLUSDT,ask,140,9764.0
2024-09-14 18:43:35,SOLUSDT,ask,136,10021.0
2024-09-14 18:43:35,SOLUSDT,ask,136,10003.0
2024-09-14 18:43:37,SOLUSDT,bid,120,15159.0
2024-09-14 18:43:38,SOLUSDT,ask,136,10004.0
2024-09-14 18:43:38,SOLUSDT,ask,136,10001.0
2024-09-14 18:43:40,SOLUSDT,ask,136,10055.0
2024-09-14 18:43:40,SOLUSDT,ask,136,10038.0
2024-09-14 18:43:40,SOLUSDT,ask,136,10001.0
2024-09-14 18:43:41,SOLUSDT,ask,136,10005.0
2024-09-14 18:43:41,SOLUSDT,bid,135,11393.0
2024-09-14 18:43:41,SOLUSDT,ask,136,10001.0
2024-09-14 18:43:41,SOLUSDT,ask,140,10272.0
2024-09-14 18:43:41,SOLUSDT,ask,136,10004.0
2024-09-14 18:43:41,SOLUSDT,ask,136,10004.0
2024-09-14 18:43:42,SOLUSDT,ask,136,10034.0
2024-09-14 18:43:42,SOLUSDT,ask,136,10002.0
2024-09-14 18:43:42,SOLUSDT,ask,136,10107.0
2024-09-14 18:43:42,SOLUSDT,ask,136,10104.0
2024-09-14 18:43:43,SOLUSDT,ask,136,10013.0
2024-09-14 18:43:44,SOLUSDT,bid,135,11408.0
2024-09-14 18:43:46,SOLUSDT,ask,136,10112.0
2024-09-14 18:43:46,SOLUSDT,ask,136,10026.0
2024-09-14 18:43:46,SOLUSDT,ask,136,10024.0
2024-09-14 18:43:46,SOLUSDT,ask,136,10061.0
2024-09-14 18:43:46,SOLUSDT,ask,136,10023.0
2024-09-14 18:43:47,SOLUSDT,ask,136,10026.0
2024-09-14 18:43:47,SOLUSDT,ask,136,10016.0
2024-09-14 18:43:49,SOLUSDT,ask,136,10015.0
2024-09-14 18:43:50,SOLUSDT,ask,136,10012.0
2024-09-14 18:43:50,SOLUSDT,ask,136,10011.0
2024-09-14 18:43:51,SOLUSDT,ask,136,10009.0
2024-09-14 18:43:51,SOLUSDT,ask,136,10013.0
2024-09-14 18:43:51,SOLUSDT,ask,136,10009.0
2024-09-14 18:43:52,SOLUSDT,ask,136,10014.0
2024-09-14 18:43:52,SOLUSDT,ask,136,10006.0
2024-09-14 18:43:52,SOLUSDT,ask,136,10003.0
2024-09-14 18:43:53,SOLUSDT,ask,136,10009.0
2024-09-14 18:43:53,SOLUSDT,ask,136,10003.0
2024-09-14 18:43:53,SOLUSDT,ask,136,10009.0
2024-09-14 18:43:54,SOLUSDT,ask,136,10044.0
2024-09-14 18:43:54,SOLUSDT,ask,136,10038.0
2024-09-14 18:43:54,SOLUSDT,ask,136,10037.0
2024-09-14 18:43:55,SOLUSDT,ask,136,10265.0
2024-09-14 18:43:55,SOLUSDT,ask,136,10242.0
2024-09-14 18:43:56,SOLUSDT,ask,136,10238.0
2024-09-14 18:43:56,SOLUSDT,ask,136,10318.0
2024-09-14 18:43:57,SOLUSDT,ask,136,10320.0
2024-09-14 18:43:57,SOLUSDT,ask,136,10257.0
2024-09-14 18:43:57,SOLUSDT,ask,136,10151.0
2024-09-14 18:44:17,SOLUSDT,bid,115,10691.0
2024-09-14 18:44:17,SOLUSDT,ask,141,9299.0
2024-09-14 18:44:23,SOLUSDT,ask,140,9757.0
2024-09-14 18:44:43,SOLUSDT,ask,140,10264.0
2024-09-14 18:44:44,SOLUSDT,ask,141,9384.0
2024-09-14 18:44:49,SOLUSDT,bid,120,15160.0
2024-09-14 18:44:53,SOLUSDT,ask,139,8270.0
2024-09-14 18:45:13,SOLUSDT,bid,135,11409.0
2024-09-14 18:45:15,SOLUSDT,bid,135,11404.0
2024-09-14 18:45:29,SOLUSDT,bid,135,11406.0
2024-09-14 18:45:30,SOLUSDT,ask,139,8258.0
2024-09-14 18:45:47,SOLUSDT,ask,140,10272.0
2024-09-14 18:46:01,SOLUSDT,ask,141,9278.0
2024-09-14 18:46:20,SOLUSDT,ask,141,9193.0
2024-09-14 18:46:37,SOLUSDT,bid,120,15146.0
2024-09-14 18:46:46,SOLUSDT,bid,135,11411.0
2024-09-14 18:46:49,SOLUSDT,ask,140,10264.0
2024-09-14 18:46:51,SOLUSDT,bid,135,11414.0
2024-09-14 18:46:57,SOLUSDT,bid,135,11417.0
2024-09-14 18:47:04,SOLUSDT,bid,120,15155.0
2024-09-14 18:47:14,SOLUSDT,ask,145,24209.0
2024-09-14 18:47:32,SOLUSDT,bid,135,11424.0
2024-09-14 18:48:07,SOLUSDT,bid,135,11423.0
2024-09-14 18:48:09,SOLUSDT,bid,125,11985.0
2024-09-14 18:48:22,SOLUSDT,bid,135,11416.0
2024-09-14 18:48:24,SOLUSDT,bid,135,11446.0
2024-09-14 18:48:34,SOLUSDT,bid,135,11456.0
2024-09-14 18:49:23,SOLUSDT,ask,139,8257.0
2024-09-14 18:49:46,SOLUSDT,ask,140,9724.0
2024-09-14 18:49:48,SOLUSDT,ask,147,21354.0
2024-09-14 18:50:24,SOLUSDT,bid,135,11454.0
2024-09-14 18:51:03,SOLUSDT,bid,135,11452.0
2024-09-14 18:51:09,SOLUSDT,ask,141,9209.0
2024-09-14 18:52:12,SOLUSDT,ask,139,8261.0
2024-09-14 18:52:16,SOLUSDT,bid,135,11450.0
2024-09-14 18:52:27,SOLUSDT,bid,135,11449.0
2024-09-14 18:52:29,SOLUSDT,bid,132,10264.0
2024-09-14 18:52:30,SOLUSDT,bid,135,8319.0
2024-09-14 18:52:30,SOLUSDT,ask,140,10264.0
2024-09-14 18:52:33,SOLUSDT,bid,120,15157.0
2024-09-14 18:52:35,SOLUSDT,bid,135,11450.0
2024-09-14 18:52:37,SOLUSDT,ask,144,38026.0
2024-09-14 18:52:57,SOLUSDT,bid,135,11500.0
2024-09-14 18:53:04,SOLUSDT,ask,139,8190.0
2024-09-14 18:53:34,SOLUSDT,bid,135,11511.0
2024-09-14 18:53:45,SOLUSDT,bid,135,11143.0
2024-09-14 18:54:13,SOLUSDT,bid,135,11137.0
2024-09-14 18:54:21,SOLUSDT,bid,135,11138.0
2024-09-14 18:54:38,SOLUSDT,bid,132,10268.0
2024-09-14 18:54:39,SOLUSDT,bid,135,8211.0
2024-09-14 18:54:39,SOLUSDT,ask,140,10265.0
2024-09-14 18:54:39,SOLUSDT,ask,138,8211.0
2024-09-14 18:54:56,SOLUSDT,ask,139,8189.0
2024-09-14 18:55:12,SOLUSDT,bid,135,11148.0
2024-09-14 18:55:35,SOLUSDT,bid,125,11945.0
2024-09-14 18:55:39,SOLUSDT,ask,139,8191.0
2024-09-14 18:56:22,SOLUSDT,ask,141,9244.0
2024-09-14 18:56:55,SOLUSDT,bid,135,11147.0
2024-09-14 18:57:04,SOLUSDT,ask,145,24199.0
2024-09-14 18:57:13,SOLUSDT,ask,141,9259.0
2024-09-14 18:57:23,SOLUSDT,bid,135,11150.0
2024-09-14 18:58:11,SOLUSDT,bid,128,8714.0
2024-09-14 18:58:13,SOLUSDT,bid,135,11151.0
2024-09-14 18:58:50,SOLUSDT,bid,135,11148.0
2024-09-14 18:59:46,SOLUSDT,ask,138,8219.0
2024-09-14 18:59:55,SOLUSDT,ask,139,8198.0
2024-09-14 19:00:18,SOLUSDT,ask,144,38019.0
2024-09-14 19:00:33,SOLUSDT,ask,140,9730.0
2024-09-14 19:00:44,SOLUSDT,ask,140,9724.0
2024-09-14 19:00:49,SOLUSDT,bid,135,11156.0
2024-09-14 19:00:58,SOLUSDT,bid,135,11206.0
2024-09-14 19:01:03,SOLUSDT,bid,135,11208.0
2024-09-14 19:01:35,SOLUSDT,bid,135,11215.0
2024-09-14 19:01:43,SOLUSDT,ask,140,9624.0
2024-09-14 19:01:58,SOLUSDT,bid,125,11951.0
2024-09-14 19:02:09,SOLUSDT,bid,135,11207.0
2024-09-14 19:02:10,SOLUSDT,ask,140,9623.0
2024-09-14 19:02:27,SOLUSDT,bid,132,10264.0
2024-09-14 19:02:28,SOLUSDT,bid,135,8240.0
2024-09-14 19:02:28,SOLUSDT,ask,140,10264.0
2024-09-14 19:02:34,SOLUSDT,bid,135,11200.0
2024-09-14 19:02:36,SOLUSDT,bid,135,11199.0
2024-09-14 19:02:39,SOLUSDT,ask,145,24200.0
2024-09-14 19:03:00,SOLUSDT,bid,125,11942.0
2024-09-14 19:03:02,SOLUSDT,ask,140,9622.0
2024-09-14 19:03:38,SOLUSDT,ask,141,9254.0
2024-09-14 19:03:52,SOLUSDT,bid,135,8218.0
2024-09-14 19:03:58,SOLUSDT,bid,135,11221.0
2024-09-14 19:04:40,SOLUSDT,bid,135,8262.0
2024-09-14 19:04:45,SOLUSDT,bid,135,11199.0
2024-09-14 19:04:50,SOLUSDT,bid,135,8246.0
2024-09-14 19:05:09,SOLUSDT,bid,135,11183.0
2024-09-14 19:05:12,SOLUSDT,bid,128,8707.0
2024-09-14 19:05:12,SOLUSDT,ask,140,9612.0
2024-09-14 19:05:16,SOLUSDT,bid,135,11184.0
2024-09-14 19:05:16,SOLUSDT,ask,139,8199.0
2024-09-14 19:05:16,SOLUSDT,ask,141,9255.0
2024-09-14 19:05:24,SOLUSDT,ask,140,9163.0
2024-09-14 19:05:25,SOLUSDT,ask,140,9188.0
2024-09-14 19:05:30,SOLUSDT,ask,145,24201.0
2024-09-14 19:05:39,SOLUSDT,bid,128,8714.0
2024-09-14 19:05:45,SOLUSDT,ask,145,24200.0
2024-09-14 19:05:50,SOLUSDT,bid,135,8218.0
2024-09-14 19:06:09,SOLUSDT,bid,135,11186.0
2024-09-14 19:06:52,SOLUSDT,bid,135,11184.0
2024-09-14 19:07:08,SOLUSDT,bid,135,11174.0
2024-09-14 19:07:22,SOLUSDT,bid,125,11959.0
2024-09-14 19:07:22,SOLUSDT,ask,145,24217.0
2024-09-14 19:08:13,SOLUSDT,bid,135,11173.0
2024-09-14 19:08:31,SOLUSDT,bid,135,11265.0
2024-09-14 19:08:45,SOLUSDT,ask,141,9279.0
2024-09-14 19:09:03,SOLUSDT,ask,140,9088.0
2024-09-14 19:09:13,SOLUSDT,ask,140,9090.0
2024-09-14 19:09:14,SOLUSDT,bid,132,10264.0
2024-09-14 19:09:14,SOLUSDT,bid,135,8220.0
2024-09-14 19:09:15,SOLUSDT,ask,140,10267.0
2024-09-14 19:09:15,SOLUSDT,ask,138,8214.0
2024-09-14 19:09:22,SOLUSDT,bid,135,8256.0
2024-09-14 19:09:23,SOLUSDT,bid,135,8272.0
2024-09-14 19:09:31,SOLUSDT,ask,140,14493.0
2024-09-14 19:09:45,SOLUSDT,ask,140,9065.0
2024-09-14 19:09:54,SOLUSDT,ask,140,9090.0
2024-09-14 19:09:56,SOLUSDT,bid,82,24332.0
2024-09-14 19:09:56,SOLUSDT,bid,135,11269.0
2024-09-14 19:10:00,SOLUSDT,ask,140,10264.0
2024-09-14 19:10:07,SOLUSDT,bid,135,11177.0
2024-09-14 19:10:34,SOLUSDT,bid,135,11172.0
2024-09-14 19:10:39,SOLUSDT,bid,135,8320.0
2024-09-14 19:10:40,SOLUSDT,bid,135,8272.0
2024-09-14 19:10:46,SOLUSDT,bid,135,11171.0
2024-09-14 19:10:47,SOLUSDT,bid,128,8713.0
2024-09-14 19:10:53,SOLUSDT,ask,140,9089.0
2024-09-14 19:11:27,SOLUSDT,ask,139,9024.0
2024-09-14 19:11:28,SOLUSDT,bid,82,24332.0
2024-09-14 19:11:51,SOLUSDT,ask,140,9515.0
2024-09-14 19:12:27,SOLUSDT,bid,133,10266.0
2024-09-14 19:12:27,SOLUSDT,bid,135,8231.0
2024-09-14 19:12:28,SOLUSDT,ask,140,10265.0
2024-09-14 19:12:28,SOLUSDT,ask,138,8211.0
2024-09-14 19:12:30,SOLUSDT,bid,135,11183.0
2024-09-14 19:12:35,SOLUSDT,bid,135,11192.0
2024-09-14 19:12:58,SOLUSDT,bid,135,11183.0
2024-09-14 19:13:08,SOLUSDT,bid,135,11271.0
2024-09-14 19:13:22,SOLUSDT,bid,135,11269.0
2024-09-14 19:13:22,SOLUSDT,bid,120,15158.0
2024-09-14 19:13:27,SOLUSDT,bid,135,11181.0
2024-09-14 19:14:03,SOLUSDT,bid,135,8327.0
2024-09-14 19:14:03,SOLUSDT,bid,135,8375.0
2024-09-14 19:14:03,SOLUSDT,bid,135,8567.0
2024-09-14 19:14:03,SOLUSDT,bid,135,8471.0
2024-09-14 19:14:03,SOLUSDT,bid,135,8231.0
2024-09-14 19:14:06,SOLUSDT,ask,140,9569.0
2024-09-14 19:14:26,SOLUSDT,bid,135,11119.0
2024-09-14 19:14:31,SOLUSDT,ask,140,14426.0
2024-09-14 19:14:32,SOLUSDT,ask,139,9011.0
2024-09-14 19:14:33,SOLUSDT,ask,139,9002.0
2024-09-14 19:14:34,SOLUSDT,bid,120,15157.0
2024-09-14 19:15:00,SOLUSDT,bid,125,11958.0
2024-09-14 19:15:05,SOLUSDT,bid,135,10319.0
2024-09-14 19:15:16,SOLUSDT,bid,135,10320.0
2024-09-14 19:15:23,SOLUSDT,ask,141,9438.0
2024-09-14 19:15:34,SOLUSDT,bid,135,10319.0
2024-09-14 19:16:01,SOLUSDT,bid,82,24332.0
2024-09-14 19:16:45,SOLUSDT,bid,135,10320.0
2024-09-14 19:16:47,SOLUSDT,ask,139,10213.0
2024-09-14 19:16:57,SOLUSDT,bid,135,10318.0
2024-09-14 19:17:13,SOLUSDT,bid,82,24332.0
2024-09-14 19:17:45,SOLUSDT,ask,140,10293.0
2024-09-14 19:18:53,SOLUSDT,ask,140,9561.0
2024-09-14 19:19:06,SOLUSDT,ask,140,9507.0
2024-09-14 19:19:07,SOLUSDT,bid,136,8167.0
2024-09-14 19:19:09,SOLUSDT,bid,136,7340.0
2024-09-14 19:19:10,SOLUSDT,bid,136,7329.0
2024-09-14 19:19:11,SOLUSDT,bid,136,7323.0
2024-09-14 19:19:12,SOLUSDT,bid,136,7322.0
2024-09-14 19:19:12,SOLUSDT,bid,136,7305.0
2024-09-14 19:19:18,SOLUSDT,ask,140,9564.0
2024-09-14 19:19:24,SOLUSDT,ask,141,9472.0
2024-09-14 19:19:31,SOLUSDT,bid,135,10318.0
2024-09-14 19:19:31,SOLUSDT,bid,136,7314.0
2024-09-14 19:20:26,SOLUSDT,ask,139,10212.0
2024-09-14 19:20:37,SOLUSDT,bid,133,10264.0
2024-09-14 19:20:37,SOLUSDT,bid,135,8224.0
2024-09-14 19:20:37,SOLUSDT,ask,140,10331.0
2024-09-14 19:20:38,SOLUSDT,ask,138,8211.0
2024-09-14 19:20:39,SOLUSDT,ask,140,9575.0
2024-09-14 19:20:56,SOLUSDT,ask,140,9518.0
2024-09-14 19:20:57,SOLUSDT,bid,135,10319.0
2024-09-14 19:21:12,SOLUSDT,ask,139,10210.0
2024-09-14 19:21:54,SOLUSDT,bid,82,24332.0
2024-09-14 19:22:18,SOLUSDT,ask,140,10264.0
2024-09-14 19:23:01,SOLUSDT,bid,135,10317.0
2024-09-14 19:23:45,SOLUSDT,bid,135,10323.0
2024-09-14 19:24:05,SOLUSDT,ask,139,10211.0
2024-09-14 19:24:08,SOLUSDT,bid,128,8722.0
2024-09-14 19:24:10,SOLUSDT,bid,135,10324.0
2024-09-14 19:24:23,SOLUSDT,bid,135,8320.0
2024-09-14 19:24:23,SOLUSDT,bid,135,8224.0
2024-09-14 19:24:24,SOLUSDT,bid,135,8320.0
2024-09-14 19:24:24,SOLUSDT,bid,135,8416.0
2024-09-14 19:24:24,SOLUSDT,bid,135,8224.0
2024-09-14 19:24:24,SOLUSDT,bid,135,8320.0
2024-09-14 19:24:25,SOLUSDT,bid,135,8416.0
2024-09-14 19:24:25,SOLUSDT,bid,135,8224.0
2024-09-14 19:24:25,SOLUSDT,bid,135,8320.0
2024-09-14 19:24:26,SOLUSDT,bid,135,8416.0
2024-09-14 19:24:26,SOLUSDT,bid,135,8320.0
2024-09-14 19:24:26,SOLUSDT,bid,135,8224.0
2024-09-14 19:25:09,SOLUSDT,bid,135,10312.0
2024-09-14 19:25:42,SOLUSDT,bid,135,10322.0
2024-09-14 19:26:27,SOLUSDT,bid,135,10324.0
2024-09-14 19:26:46,SOLUSDT,bid,120,15152.0
2024-09-14 19:27:15,SOLUSDT,bid,135,10303.0
2024-09-14 19:27:19,SOLUSDT,bid,135,10305.0
2024-09-14 19:27:21,SOLUSDT,ask,141,9471.0
2024-09-14 19:27:26,SOLUSDT,bid,135,10302.0
2024-09-14 19:27:36,SOLUSDT,bid,135,10296.0
2024-09-14 19:27:39,SOLUSDT,bid,135,10286.0
2024-09-14 19:28:55,SOLUSDT,ask,139,9396.0
2024-09-14 19:29:27,SOLUSDT,ask,140,9521.0
2024-09-14 19:29:44,SOLUSDT,ask,139,9406.0
2024-09-14 19:30:35,SOLUSDT,bid,133,10264.0
2024-09-14 19:30:35,SOLUSDT,bid,135,8213.0
2024-09-14 19:30:36,SOLUSDT,ask,141,10274.0
2024-09-14 19:30:36,SOLUSDT,ask,138,8218.0
2024-09-14 19:31:00,SOLUSDT,bid,115,10689.0
2024-09-14 19:31:53,SOLUSDT,bid,135,10450.0
2024-09-14 19:31:59,SOLUSDT,bid,135,10456.0
2024-09-14 19:32:01,SOLUSDT,bid,56,89300.0
2024-09-14 19:32:01,SOLUSDT,bid,61,32789.0
2024-09-14 19:32:01,SOLUSDT,bid,62,32274.0
2024-09-14 19:32:01,SOLUSDT,bid,74,67650.0
2024-09-14 19:32:01,SOLUSDT,bid,77,26374.0
2024-09-14 19:32:01,SOLUSDT,bid,81,24735.0
2024-09-14 19:32:01,SOLUSDT,bid,82,25179.0
2024-09-14 19:32:01,SOLUSDT,bid,82,24243.0
2024-09-14 19:32:01,SOLUSDT,bid,85,25275.0
2024-09-14 19:32:01,SOLUSDT,bid,86,59074.0
2024-09-14 19:32:01,SOLUSDT,bid,87,23451.0
2024-09-14 19:32:01,SOLUSDT,bid,90,59313.0
2024-09-14 19:32:01,SOLUSDT,bid,91,56336.0
2024-09-14 19:32:01,SOLUSDT,bid,94,21306.0
2024-09-14 19:32:01,SOLUSDT,bid,96,53058.0
2024-09-14 19:32:01,SOLUSDT,bid,101,26083.0
2024-09-14 19:32:01,SOLUSDT,ask,139,9404.0
2024-09-14 19:32:27,SOLUSDT,ask,140,9541.0
2024-09-14 19:32:29,SOLUSDT,ask,147,21355.0
2024-09-14 19:32:30,SOLUSDT,bid,110,20431.0
2024-09-14 19:32:31,SOLUSDT,bid,115,10684.0
2024-09-14 19:32:32,SOLUSDT,bid,120,15149.0
2024-09-14 19:32:34,SOLUSDT,bid,125,11955.0
2024-09-14 19:32:42,SOLUSDT,bid,135,10472.0
2024-09-14 19:32:44,SOLUSDT,bid,135,10490.0
2024-09-14 19:32:45,SOLUSDT,bid,135,10497.0
2024-09-14 19:32:59,SOLUSDT,bid,135,10504.0
2024-09-14 19:33:00,SOLUSDT,bid,120,15147.0
2024-09-14 19:33:02,SOLUSDT,bid,135,10486.0
2024-09-14 19:33:03,SOLUSDT,bid,135,10468.0
2024-09-14 19:33:35,SOLUSDT,bid,120,15149.0
2024-09-14 19:33:47,SOLUSDT,ask,147,25417.0
2024-09-14 19:33:49,SOLUSDT,bid,115,10686.0
2024-09-14 19:33:59,SOLUSDT,bid,135,10469.0
2024-09-14 19:34:04,SOLUSDT,ask,147,25416.0
2024-09-14 19:34:17,SOLUSDT,bid,135,10305.0
2024-09-14 19:34:32,SOLUSDT,bid,110,20435.0
2024-09-14 19:34:38,SOLUSDT,bid,135,10298.0
2024-09-14 19:35:43,SOLUSDT,ask,139,9409.0
2024-09-14 19:35:46,SOLUSDT,bid,135,10291.0
2024-09-14 19:36:17,SOLUSDT,ask,140,9540.0
2024-09-14 19:36:31,SOLUSDT,bid,135,10292.0
2024-09-14 19:37:10,SOLUSDT,ask,140,14493.0
2024-09-14 19:37:23,SOLUSDT,ask,140,9541.0
2024-09-14 19:37:42,SOLUSDT,ask,140,9540.0
2024-09-14 19:38:00,SOLUSDT,bid,135,10435.0
2024-09-14 19:38:06,SOLUSDT,bid,135,9238.0
2024-09-14 19:38:21,SOLUSDT,bid,135,10485.0
2024-09-14 19:38:26,SOLUSDT,bid,135,10541.0
2024-09-14 19:38:26,SOLUSDT,bid,135,8213.0
2024-09-14 19:39:19,SOLUSDT,bid,135,10540.0
2024-09-14 19:39:21,SOLUSDT,bid,135,10520.0
2024-09-14 19:39:27,SOLUSDT,ask,141,9473.0
2024-09-14 19:39:33,SOLUSDT,bid,135,8231.0
2024-09-14 19:39:35,SOLUSDT,bid,135,10521.0
2024-09-14 19:39:36,SOLUSDT,bid,135,8213.0
2024-09-14 19:39:38,SOLUSDT,bid,135,10441.0
2024-09-14 19:39:48,SOLUSDT,bid,135,8231.0
2024-09-14 19:39:49,SOLUSDT,bid,135,10471.0
2024-09-14 19:39:49,SOLUSDT,bid,135,10473.0
2024-09-14 19:39:51,SOLUSDT,bid,135,8213.0
2024-09-14 19:39:57,SOLUSDT,ask,140,9541.0
2024-09-14 19:40:04,SOLUSDT,bid,135,9249.0
2024-09-14 19:40:07,SOLUSDT,ask,145,24218.0
2024-09-14 19:40:16,SOLUSDT,bid,135,8213.0
2024-09-14 19:40:25,SOLUSDT,ask,139,9410.0
2024-09-14 19:40:32,SOLUSDT,ask,139,9409.0
2024-09-14 19:40:43,SOLUSDT,bid,128,8717.0
2024-09-14 19:41:02,SOLUSDT,bid,135,10458.0
2024-09-14 19:41:09,SOLUSDT,bid,110,20434.0
2024-09-14 19:41:22,SOLUSDT,bid,135,10460.0
2024-09-14 19:41:25,SOLUSDT,ask,139,9410.0
2024-09-14 19:41:42,SOLUSDT,bid,135,10468.0
2024-09-14 19:42:04,SOLUSDT,ask,145,24224.0
2024-09-14 19:42:11,SOLUSDT,ask,140,14426.0
2024-09-14 19:42:27,SOLUSDT,ask,139,9411.0
2024-09-14 19:42:27,SOLUSDT,bid,133,10265.0
2024-09-14 19:42:28,SOLUSDT,bid,135,8211.0
2024-09-14 19:42:28,SOLUSDT,ask,140,10265.0
2024-09-14 19:42:28,SOLUSDT,ask,138,8221.0
2024-09-14 19:42:30,SOLUSDT,ask,140,9539.0
2024-09-14 19:42:45,SOLUSDT,ask,141,9475.0
2024-09-14 19:42:48,SOLUSDT,ask,140,9540.0
2024-09-14 19:42:53,SOLUSDT,ask,141,9492.0
2024-09-14 19:42:56,SOLUSDT,ask,141,9490.0
2024-09-14 19:43:00,SOLUSDT,ask,141,9491.0
2024-09-14 19:43:04,SOLUSDT,ask,138,8341.0
2024-09-14 19:43:07,SOLUSDT,ask,138,8221.0
2024-09-14 19:43:45,SOLUSDT,ask,145,24226.0
2024-09-14 19:43:45,SOLUSDT,ask,141,9547.0
2024-09-14 19:44:53,SOLUSDT,ask,141,9557.0
2024-09-14 19:45:04,SOLUSDT,ask,141,9547.0
2024-09-14 19:45:29,SOLUSDT,ask,141,9491.0
2024-09-14 19:45:32,SOLUSDT,ask,140,9539.0
2024-09-14 19:45:32,SOLUSDT,ask,141,9490.0
2024-09-14 19:45:32,SOLUSDT,ask,144,38018.0
2024-09-14 19:45:32,SOLUSDT,ask,145,24225.0
2024-09-14 19:45:32,SOLUSDT,ask,146,15803.0
2024-09-14 19:45:55,SOLUSDT,ask,141,9561.0
2024-09-14 19:45:57,SOLUSDT,bid,120,15150.0
2024-09-14 19:46:19,SOLUSDT,ask,141,9490.0
2024-09-14 19:46:25,SOLUSDT,bid,135,10471.0
2024-09-14 19:46:55,SOLUSDT,bid,135,10445.0
2024-09-14 19:46:59,SOLUSDT,ask,138,8213.0
2024-09-14 19:47:03,SOLUSDT,ask,147,21356.0
2024-09-14 19:47:13,SOLUSDT,bid,115,10680.0
2024-09-14 19:47:26,SOLUSDT,ask,147,21355.0
2024-09-14 19:47:28,SOLUSDT,ask,147,21356.0
2024-09-14 19:47:53,SOLUSDT,ask,141,9473.0
2024-09-14 19:47:57,SOLUSDT,ask,139,9405.0
2024-09-14 19:47:59,SOLUSDT,bid,135,10467.0
2024-09-14 19:48:03,SOLUSDT,bid,115,10682.0
2024-09-14 19:48:16,SOLUSDT,bid,135,10505.0
2024-09-14 19:48:35,SOLUSDT,bid,135,10511.0
2024-09-14 19:48:50,SOLUSDT,bid,135,10512.0
2024-09-14 19:48:53,SOLUSDT,bid,135,10462.0
2024-09-14 19:50:20,SOLUSDT,ask,139,9359.0
2024-09-14 19:50:51,SOLUSDT,bid,135,10464.0
2024-09-14 19:50:59,SOLUSDT,bid,135,10442.0
2024-09-14 19:51:04,SOLUSDT,bid,135,10431.0
2024-09-14 19:51:36,SOLUSDT,bid,133,10265.0
2024-09-14 19:51:36,SOLUSDT,bid,135,8211.0
2024-09-14 19:51:36,SOLUSDT,ask,140,10264.0
2024-09-14 19:51:36,SOLUSDT,ask,138,8211.0
2024-09-14 19:51:53,SOLUSDT,ask,139,9449.0
2024-09-14 19:51:58,SOLUSDT,bid,136,7472.0
2024-09-14 19:52:06,SOLUSDT,ask,144,37992.0
2024-09-14 19:52:24,SOLUSDT,bid,128,8677.0
2024-09-14 19:52:31,SOLUSDT,bid,136,7479.0
2024-09-14 19:52:41,SOLUSDT,ask,139,9639.0
2024-09-14 19:52:44,SOLUSDT,bid,135,10438.0
2024-09-14 19:52:45,SOLUSDT,bid,136,7480.0
2024-09-14 19:52:55,SOLUSDT,bid,136,7410.0
2024-09-14 19:53:23,SOLUSDT,bid,136,7372.0
2024-09-14 19:53:31,SOLUSDT,bid,135,10445.0
2024-09-14 19:54:07,SOLUSDT,ask,140,9538.0
2024-09-14 19:54:24,SOLUSDT,bid,135,10452.0
2024-09-14 19:54:36,SOLUSDT,ask,139,9622.0
2024-09-14 19:54:36,SOLUSDT,ask,140,9521.0
2024-09-14 19:54:36,SOLUSDT,ask,141,9458.0
2024-09-14 19:54:43,SOLUSDT,ask,141,9472.0
2024-09-14 19:54:51,SOLUSDT,ask,139,9629.0
2024-09-14 19:54:52,SOLUSDT,ask,139,9638.0
2024-09-14 19:54:53,SOLUSDT,ask,139,9645.0
2024-09-14 19:54:59,SOLUSDT,bid,135,10462.0
2024-09-14 19:55:20,SOLUSDT,ask,139,9653.0
2024-09-14 19:55:46,SOLUSDT,bid,135,10424.0
2024-09-14 19:55:54,SOLUSDT,ask,139,9493.0
2024-09-14 19:56:04,SOLUSDT,bid,128,8748.0
2024-09-14 19:56:20,SOLUSDT,bid,135,10425.0
2024-09-14 19:56:34,SOLUSDT,ask,139,9486.0
2024-09-14 19:56:36,SOLUSDT,ask,139,9484.0
2024-09-14 19:57:56,SOLUSDT,bid,135,10571.0
2024-09-14 19:58:29,SOLUSDT,ask,140,10299.0
2024-09-14 19:58:47,SOLUSDT,bid,125,11925.0
2024-09-14 19:59:08,SOLUSDT,ask,147,21352.0
2024-09-14 19:59:11,SOLUSDT,ask,140,9518.0
2024-09-14 19:59:19,SOLUSDT,bid,135,10570.0
2024-09-14 19:59:28,SOLUSDT,ask,144,37991.0
2024-09-14 19:59:37,SOLUSDT,bid,82,24332.0
2024-09-14 19:59:52,SOLUSDT,ask,139,9475.0
2024-09-14 19:59:54,SOLUSDT,ask,139,9468.0
2024-09-14 20:00:01,SOLUSDT,bid,128,8747.0
2024-09-14 20:00:15,SOLUSDT,bid,135,10571.0
2024-09-14 20:01:04,SOLUSDT,ask,141,14233.0
2024-09-14 20:01:19,SOLUSDT,bid,133,10264.0
2024-09-14 20:01:19,SOLUSDT,bid,135,8211.0
