2024-08-24 07:16:32,SOLUSDT,ask,175,29140.0
2024-08-24 07:16:48,SOLUSDT,ask,175,29127.0
2024-08-24 07:36:52,SOLUSDT,ask,190,43109.0
2024-08-24 07:42:16,SOLUSDT,ask,190,43108.0
2024-08-24 07:44:00,SOLUSDT,ask,190,43107.0
2024-08-24 07:51:13,SOLUSDT,ask,190,43108.0
2024-08-24 08:00:26,SOLUSDT,ask,175,29140.0
2024-08-24 08:05:16,SOLUSDT,ask,190,43050.0
2024-08-24 08:05:36,SOLUSDT,ask,175,29222.0
2024-08-24 08:07:46,SOLUSDT,ask,175,29140.0
2024-08-24 08:12:29,SOLUSDT,ask,190,43049.0
2024-08-24 08:20:50,SOLUSDT,ask,175,29139.0
2024-08-24 08:26:08,SOLUSDT,ask,190,43033.0
2024-08-24 08:31:15,SOLUSDT,ask,176,28961.0
2024-08-24 08:36:54,SOLUSDT,ask,190,42802.0
2024-08-24 08:48:28,SOLUSDT,ask,190,42806.0
2024-08-24 08:49:30,SOLUSDT,ask,190,42811.0
2024-08-24 08:50:41,SOLUSDT,ask,190,42814.0
2024-08-24 08:56:39,SOLUSDT,ask,176,28962.0
2024-08-24 08:57:33,SOLUSDT,ask,190,42813.0
2024-08-24 09:12:34,SOLUSDT,ask,175,29140.0
2024-08-24 09:23:27,SOLUSDT,ask,190,42810.0
2024-08-24 09:32:58,SOLUSDT,ask,175,29135.0
2024-08-24 09:51:08,SOLUSDT,ask,175,29136.0
2024-08-24 10:32:49,SOLUSDT,ask,175,29138.0
2024-08-24 11:14:46,SOLUSDT,ask,190,42812.0
2024-08-24 11:36:55,SOLUSDT,ask,190,42821.0
2024-08-24 11:46:29,SOLUSDT,ask,190,42812.0
2024-08-24 11:55:05,SOLUSDT,ask,175,29136.0
2024-08-24 12:06:21,SOLUSDT,ask,178,35791.0
2024-08-24 12:12:17,SOLUSDT,ask,178,35796.0
2024-08-24 12:12:17,SOLUSDT,ask,190,42807.0
2024-08-24 12:17:45,SOLUSDT,ask,154,36042.0
2024-08-24 12:17:45,SOLUSDT,ask,154,36048.0
2024-08-24 12:17:45,SOLUSDT,ask,154,36048.0
2024-08-24 12:17:53,SOLUSDT,ask,154,36050.0
2024-08-24 12:17:53,SOLUSDT,ask,154,36052.0
2024-08-24 12:17:53,SOLUSDT,ask,154,36050.0
2024-08-24 12:17:54,SOLUSDT,ask,154,36052.0
2024-08-24 12:17:55,SOLUSDT,ask,154,36050.0
2024-08-24 12:17:55,SOLUSDT,ask,154,36150.0
2024-08-24 12:17:56,SOLUSDT,ask,154,36050.0
2024-08-24 12:17:57,SOLUSDT,ask,154,36074.0
2024-08-24 12:17:57,SOLUSDT,ask,154,36086.0
2024-08-24 12:17:58,SOLUSDT,ask,154,36074.0
2024-08-24 12:17:58,SOLUSDT,ask,154,36086.0
2024-08-24 12:17:59,SOLUSDT,ask,154,36074.0
2024-08-24 12:18:01,SOLUSDT,ask,154,36086.0
2024-08-24 12:18:01,SOLUSDT,ask,154,36050.0
2024-08-24 12:18:01,SOLUSDT,ask,154,36050.0
2024-08-24 12:18:01,SOLUSDT,ask,154,36078.0
2024-08-24 12:18:02,SOLUSDT,ask,154,36050.0
2024-08-24 12:18:02,SOLUSDT,ask,154,36062.0
2024-08-24 12:18:02,SOLUSDT,ask,154,36050.0
2024-08-24 12:18:05,SOLUSDT,ask,154,36080.0
2024-08-24 12:18:05,SOLUSDT,ask,154,36210.0
2024-08-24 12:18:07,SOLUSDT,ask,154,36222.0
2024-08-24 12:18:07,SOLUSDT,ask,154,36210.0
2024-08-24 12:18:07,SOLUSDT,ask,154,36219.0
2024-08-24 12:18:08,SOLUSDT,ask,154,36247.0
2024-08-24 12:18:08,SOLUSDT,ask,154,36219.0
2024-08-24 12:18:09,SOLUSDT,ask,154,36247.0
2024-08-24 12:18:10,SOLUSDT,ask,154,36238.0
2024-08-24 12:18:11,SOLUSDT,ask,154,36247.0
2024-08-24 12:18:11,SOLUSDT,ask,154,36238.0
2024-08-24 12:18:11,SOLUSDT,ask,154,36210.0
2024-08-24 12:18:13,SOLUSDT,ask,154,36372.0
2024-08-24 12:18:14,SOLUSDT,ask,154,36210.0
2024-08-24 12:18:16,SOLUSDT,ask,154,36048.0
2024-08-24 12:18:31,SOLUSDT,ask,190,42811.0
2024-08-24 12:18:37,SOLUSDT,ask,154,36080.0
2024-08-24 12:18:37,SOLUSDT,ask,154,36048.0
2024-08-24 12:18:37,SOLUSDT,ask,154,36054.0
2024-08-24 12:18:42,SOLUSDT,ask,154,36054.0
2024-08-24 12:18:42,SOLUSDT,ask,154,36053.0
2024-08-24 12:18:43,SOLUSDT,ask,154,36056.0
2024-08-24 12:18:44,SOLUSDT,ask,154,36053.0
2024-08-24 12:18:48,SOLUSDT,ask,154,36047.0
2024-08-24 12:18:48,SOLUSDT,ask,154,35910.0
2024-08-24 12:18:48,SOLUSDT,ask,154,35860.0
2024-08-24 12:18:48,SOLUSDT,ask,154,35868.0
2024-08-24 12:18:49,SOLUSDT,ask,154,35838.0
2024-08-24 12:18:49,SOLUSDT,ask,154,35834.0
2024-08-24 12:18:49,SOLUSDT,ask,154,35830.0
2024-08-24 12:18:49,SOLUSDT,ask,154,35301.0
2024-08-24 12:18:49,SOLUSDT,ask,154,35306.0
2024-08-24 12:18:49,SOLUSDT,ask,154,35294.0
2024-08-24 12:18:49,SOLUSDT,ask,154,35300.0
2024-08-24 12:18:50,SOLUSDT,ask,154,35301.0
2024-08-24 12:18:50,SOLUSDT,ask,154,35308.0
2024-08-24 12:18:50,SOLUSDT,ask,154,35309.0
2024-08-24 12:18:50,SOLUSDT,ask,154,35308.0
2024-08-24 12:18:51,SOLUSDT,ask,154,35307.0
2024-08-24 12:18:51,SOLUSDT,ask,154,34953.0
2024-08-24 12:18:51,SOLUSDT,ask,154,34953.0
2024-08-24 12:18:51,SOLUSDT,ask,154,34953.0
2024-08-24 12:18:51,SOLUSDT,ask,154,34956.0
2024-08-24 12:18:51,SOLUSDT,ask,154,34955.0
2024-08-24 12:18:52,SOLUSDT,ask,154,34941.0
2024-08-24 12:18:52,SOLUSDT,ask,154,34942.0
2024-08-24 12:18:52,SOLUSDT,ask,154,34966.0
2024-08-24 12:18:52,SOLUSDT,ask,154,34964.0
2024-08-24 12:18:52,SOLUSDT,ask,154,34958.0
2024-08-24 12:18:53,SOLUSDT,ask,154,34479.0
2024-08-24 12:18:53,SOLUSDT,ask,154,34475.0
2024-08-24 12:18:53,SOLUSDT,ask,154,34473.0
2024-08-24 12:18:54,SOLUSDT,ask,154,34475.0
2024-08-24 12:18:54,SOLUSDT,ask,154,34478.0
2024-08-24 12:18:54,SOLUSDT,ask,154,34503.0
2024-08-24 12:18:54,SOLUSDT,ask,154,34509.0
2024-08-24 12:18:54,SOLUSDT,ask,154,34471.0
2024-08-24 12:18:55,SOLUSDT,ask,154,34491.0
2024-08-24 12:18:55,SOLUSDT,ask,154,33563.0
2024-08-24 12:18:55,SOLUSDT,ask,154,33494.0
2024-08-24 12:18:55,SOLUSDT,ask,154,33450.0
2024-08-24 12:18:56,SOLUSDT,ask,154,33383.0
2024-08-24 12:18:56,SOLUSDT,ask,154,33339.0
2024-08-24 12:18:56,SOLUSDT,ask,154,33340.0
2024-08-24 12:18:56,SOLUSDT,ask,154,33164.0
2024-08-24 12:18:56,SOLUSDT,ask,154,33164.0
2024-08-24 12:18:56,SOLUSDT,ask,154,33154.0
2024-08-24 12:18:56,SOLUSDT,ask,154,33154.0
2024-08-24 12:18:56,SOLUSDT,ask,154,33157.0
2024-08-24 12:18:56,SOLUSDT,ask,154,33154.0
2024-08-24 12:18:56,SOLUSDT,ask,154,33155.0
2024-08-24 12:18:57,SOLUSDT,ask,154,32642.0
2024-08-24 12:18:57,SOLUSDT,ask,154,32643.0
2024-08-24 12:18:57,SOLUSDT,ask,154,32641.0
2024-08-24 12:25:10,SOLUSDT,ask,178,35795.0
2024-08-24 12:26:11,SOLUSDT,bid,74,67727.0
2024-08-24 12:44:18,SOLUSDT,ask,175,29137.0
2024-08-24 13:01:09,SOLUSDT,ask,176,28961.0
2024-08-24 13:01:09,SOLUSDT,ask,178,35794.0
2024-08-24 13:15:42,SOLUSDT,ask,190,42817.0
2024-08-24 13:16:23,SOLUSDT,ask,175,29139.0
2024-08-24 13:26:45,SOLUSDT,ask,175,29372.0
2024-08-24 13:27:34,SOLUSDT,ask,176,28958.0
2024-08-24 13:29:00,SOLUSDT,ask,176,28963.0
2024-08-24 13:29:00,SOLUSDT,ask,178,35789.0
2024-08-24 13:29:23,SOLUSDT,ask,176,28958.0
2024-08-24 13:29:23,SOLUSDT,ask,178,35794.0
2024-08-24 13:36:21,SOLUSDT,ask,190,42836.0
2024-08-24 13:55:26,SOLUSDT,ask,178,35789.0
2024-08-24 13:55:26,SOLUSDT,ask,190,42841.0
2024-08-24 13:57:43,SOLUSDT,ask,780,6802.0
2024-08-24 14:12:09,SOLUSDT,ask,176,28963.0
2024-08-24 14:12:29,SOLUSDT,ask,175,29373.0
2024-08-24 14:29:37,SOLUSDT,ask,175,29374.0
2024-08-24 14:34:17,SOLUSDT,ask,190,42851.0
2024-08-24 14:39:02,SOLUSDT,ask,175,29376.0
2024-08-24 14:50:12,SOLUSDT,ask,175,29372.0
