2024-08-12 00:18:53,SOLUSDT,ask,175,30667.0
2024-08-12 00:30:58,SOLUSDT,ask,175,30646.0
2024-08-12 00:31:22,SOLUSDT,bid,74,67597.0
2024-08-12 00:31:23,SOLUSDT,bid,74,67596.0
2024-08-12 00:31:27,SOLUSDT,bid,74,67597.0
2024-08-12 00:31:29,SOLUSDT,bid,74,67596.0
2024-08-12 00:31:34,SOLUSDT,bid,74,67597.0
2024-08-12 00:31:35,SOLUSDT,bid,74,67596.0
2024-08-12 00:31:52,SOLUSDT,bid,74,67597.0
2024-08-12 00:31:53,SOLUSDT,bid,74,67596.0
2024-08-12 00:35:27,SOLUSDT,ask,175,30645.0
2024-08-12 01:26:54,SOLUSDT,bid,74,67597.0
2024-08-12 01:26:55,SOLUSDT,bid,74,67596.0
2024-08-12 01:52:11,SOLUSDT,bid,74,67596.0
2024-08-12 01:52:11,SOLUSDT,bid,74,67597.0
2024-08-12 01:52:12,SOLUSDT,bid,74,67596.0
2024-08-12 01:52:13,SOLUSDT,bid,74,67597.0
2024-08-12 01:52:14,SOLUSDT,bid,74,67596.0
2024-08-12 01:52:35,SOLUSDT,ask,147,35367.0
2024-08-12 01:52:35,SOLUSDT,ask,147,35362.0
2024-08-12 01:52:38,SOLUSDT,ask,147,35375.0
2024-08-12 01:52:38,SOLUSDT,ask,147,35385.0
2024-08-12 01:52:38,SOLUSDT,ask,147,35375.0
2024-08-12 01:52:39,SOLUSDT,ask,147,35387.0
2024-08-12 01:52:40,SOLUSDT,ask,147,35375.0
2024-08-12 01:52:41,SOLUSDT,ask,147,35362.0
2024-08-12 01:52:42,SOLUSDT,ask,147,35361.0
2024-08-12 01:52:42,SOLUSDT,ask,147,35361.0
2024-08-12 01:52:44,SOLUSDT,ask,147,35361.0
2024-08-12 01:52:47,SOLUSDT,ask,147,35374.0
2024-08-12 01:52:47,SOLUSDT,ask,147,35379.0
2024-08-12 01:52:47,SOLUSDT,ask,147,35374.0
2024-08-12 01:52:48,SOLUSDT,ask,147,35361.0
2024-08-12 01:52:48,SOLUSDT,ask,147,35411.0
2024-08-12 01:52:48,SOLUSDT,ask,147,35361.0
2024-08-12 01:52:53,SOLUSDT,ask,147,35363.0
2024-08-12 01:52:53,SOLUSDT,ask,147,35364.0
2024-08-12 01:52:53,SOLUSDT,ask,147,35367.0
2024-08-12 01:52:54,SOLUSDT,ask,147,35401.0
2024-08-12 01:52:55,SOLUSDT,ask,147,35366.0
2024-08-12 01:52:56,SOLUSDT,ask,147,35365.0
2024-08-12 01:52:56,SOLUSDT,ask,147,35368.0
2024-08-12 01:52:56,SOLUSDT,ask,147,35364.0
2024-08-12 01:52:56,SOLUSDT,ask,147,35364.0
2024-08-12 01:53:00,SOLUSDT,ask,147,35365.0
2024-08-12 01:53:01,SOLUSDT,ask,147,35365.0
2024-08-12 01:53:02,SOLUSDT,ask,147,35365.0
2024-08-12 01:53:03,SOLUSDT,ask,147,35367.0
2024-08-12 01:53:03,SOLUSDT,ask,147,35365.0
2024-08-12 01:53:03,SOLUSDT,ask,147,35465.0
2024-08-12 01:53:03,SOLUSDT,ask,147,35365.0
2024-08-12 01:53:04,SOLUSDT,ask,147,35367.0
2024-08-12 01:53:04,SOLUSDT,ask,147,35365.0
2024-08-12 01:53:05,SOLUSDT,ask,147,35365.0
2024-08-12 01:53:06,SOLUSDT,ask,147,35367.0
2024-08-12 01:53:06,SOLUSDT,ask,147,35365.0
2024-08-12 01:53:07,SOLUSDT,ask,147,35367.0
2024-08-12 01:53:07,SOLUSDT,ask,147,35365.0
2024-08-12 01:53:10,SOLUSDT,ask,147,35367.0
2024-08-12 01:53:10,SOLUSDT,ask,147,35365.0
2024-08-12 01:53:11,SOLUSDT,ask,147,35367.0
2024-08-12 01:53:11,SOLUSDT,ask,147,35365.0
2024-08-12 01:53:11,SOLUSDT,ask,147,35382.0
2024-08-12 01:53:11,SOLUSDT,ask,147,35367.0
2024-08-12 01:53:11,SOLUSDT,ask,147,35373.0
2024-08-12 01:53:11,SOLUSDT,ask,147,35372.0
2024-08-12 01:53:11,SOLUSDT,ask,147,35367.0
2024-08-12 01:53:11,SOLUSDT,ask,147,35402.0
2024-08-12 01:53:12,SOLUSDT,ask,147,35368.0
2024-08-12 01:53:12,SOLUSDT,ask,147,35367.0
2024-08-12 01:53:12,SOLUSDT,ask,147,35370.0
2024-08-12 01:53:13,SOLUSDT,ask,147,35367.0
2024-08-12 01:53:13,SOLUSDT,ask,147,35366.0
2024-08-12 01:53:14,SOLUSDT,ask,147,35368.0
2024-08-12 01:53:14,SOLUSDT,ask,147,35366.0
2024-08-12 01:53:14,SOLUSDT,ask,147,35369.0
2024-08-12 01:53:14,SOLUSDT,ask,147,35400.0
2024-08-12 01:53:15,SOLUSDT,ask,147,35402.0
2024-08-12 01:53:15,SOLUSDT,ask,147,35400.0
2024-08-12 01:53:15,SOLUSDT,ask,147,35366.0
2024-08-12 01:53:15,SOLUSDT,ask,147,35366.0
2024-08-12 01:53:17,SOLUSDT,ask,147,35379.0
2024-08-12 01:53:17,SOLUSDT,ask,147,35366.0
2024-08-12 01:53:17,SOLUSDT,ask,147,35366.0
2024-08-12 01:53:18,SOLUSDT,ask,147,35382.0
2024-08-12 01:53:20,SOLUSDT,ask,147,35382.0
2024-08-12 01:53:20,SOLUSDT,ask,147,35366.0
2024-08-12 01:53:21,SOLUSDT,ask,147,35382.0
2024-08-12 01:53:22,SOLUSDT,ask,147,35384.0
2024-08-12 01:53:23,SOLUSDT,ask,147,35386.0
2024-08-12 01:53:23,SOLUSDT,ask,147,35384.0
2024-08-12 01:53:23,SOLUSDT,ask,147,35412.0
2024-08-12 01:53:23,SOLUSDT,ask,147,35384.0
2024-08-12 01:53:24,SOLUSDT,ask,147,35384.0
2024-08-12 01:53:24,SOLUSDT,ask,147,35368.0
2024-08-12 01:53:25,SOLUSDT,ask,147,35375.0
2024-08-12 01:53:25,SOLUSDT,ask,147,35368.0
2024-08-12 01:53:26,SOLUSDT,ask,147,35369.0
2024-08-12 01:53:26,SOLUSDT,ask,147,35366.0
2024-08-12 01:53:29,SOLUSDT,ask,147,35366.0
2024-08-12 01:53:30,SOLUSDT,ask,147,35366.0
2024-08-12 01:53:31,SOLUSDT,ask,147,35366.0
2024-08-12 01:53:38,SOLUSDT,ask,147,35381.0
2024-08-12 01:53:38,SOLUSDT,ask,147,35388.0
2024-08-12 01:53:38,SOLUSDT,ask,147,35373.0
2024-08-12 01:53:39,SOLUSDT,ask,147,35366.0
2024-08-12 01:53:39,SOLUSDT,ask,147,35369.0
2024-08-12 01:53:41,SOLUSDT,ask,147,35413.0
2024-08-12 01:53:42,SOLUSDT,ask,147,35410.0
2024-08-12 01:53:42,SOLUSDT,ask,147,35448.0
2024-08-12 01:53:43,SOLUSDT,ask,147,35404.0
2024-08-12 01:53:43,SOLUSDT,ask,147,35417.0
2024-08-12 01:53:43,SOLUSDT,ask,147,35418.0
2024-08-12 01:53:44,SOLUSDT,ask,147,35412.0
2024-08-12 01:53:44,SOLUSDT,ask,147,35413.0
2024-08-12 01:53:45,SOLUSDT,ask,147,35447.0
2024-08-12 01:53:45,SOLUSDT,ask,147,35399.0
2024-08-12 01:53:45,SOLUSDT,ask,147,35402.0
2024-08-12 01:53:45,SOLUSDT,ask,147,35436.0
2024-08-12 01:53:46,SOLUSDT,ask,147,35433.0
2024-08-12 01:53:46,SOLUSDT,ask,147,35413.0
2024-08-12 01:53:48,SOLUSDT,ask,147,35415.0
2024-08-12 01:53:51,SOLUSDT,ask,147,35449.0
2024-08-12 01:53:51,SOLUSDT,ask,147,35452.0
2024-08-12 01:53:51,SOLUSDT,ask,147,35449.0
2024-08-12 01:53:52,SOLUSDT,ask,147,35415.0
2024-08-12 01:53:52,SOLUSDT,ask,147,35407.0
2024-08-12 01:53:52,SOLUSDT,ask,147,35406.0
2024-08-12 01:53:52,SOLUSDT,ask,147,35404.0
2024-08-12 01:53:55,SOLUSDT,ask,147,35404.0
2024-08-12 01:53:57,SOLUSDT,ask,147,35404.0
2024-08-12 01:53:59,SOLUSDT,ask,147,35433.0
2024-08-12 01:53:59,SOLUSDT,ask,147,35436.0
2024-08-12 01:53:59,SOLUSDT,ask,147,35439.0
2024-08-12 01:54:00,SOLUSDT,ask,147,35436.0
2024-08-12 01:54:00,SOLUSDT,ask,147,35399.0
2024-08-12 01:54:00,SOLUSDT,ask,147,35433.0
2024-08-12 01:54:01,SOLUSDT,ask,147,35399.0
2024-08-12 01:54:03,SOLUSDT,ask,147,35400.0
2024-08-12 01:54:04,SOLUSDT,ask,147,35405.0
2024-08-12 01:54:04,SOLUSDT,ask,147,35473.0
2024-08-12 01:54:04,SOLUSDT,ask,147,35405.0
2024-08-12 01:54:05,SOLUSDT,ask,147,35404.0
2024-08-12 01:54:08,SOLUSDT,ask,147,35401.0
2024-08-12 01:54:08,SOLUSDT,ask,147,35404.0
2024-08-12 01:54:09,SOLUSDT,ask,147,35401.0
2024-08-12 01:54:10,SOLUSDT,ask,147,35404.0
2024-08-12 01:54:10,SOLUSDT,ask,147,35421.0
2024-08-12 01:54:12,SOLUSDT,ask,147,35404.0
2024-08-12 01:54:13,SOLUSDT,ask,147,35411.0
2024-08-12 01:54:14,SOLUSDT,ask,147,35420.0
2024-08-12 01:54:15,SOLUSDT,ask,147,35407.0
2024-08-12 01:55:09,SOLUSDT,ask,175,30644.0
2024-08-12 01:55:09,SOLUSDT,ask,176,29466.0
2024-08-12 01:55:09,SOLUSDT,ask,178,35282.0
2024-08-12 01:56:15,SOLUSDT,ask,147,34792.0
2024-08-12 01:56:15,SOLUSDT,ask,147,34792.0
2024-08-12 01:56:15,SOLUSDT,ask,147,34794.0
2024-08-12 01:56:16,SOLUSDT,ask,147,34894.0
2024-08-12 01:56:18,SOLUSDT,ask,147,34794.0
2024-08-12 01:56:19,SOLUSDT,ask,147,34894.0
2024-08-12 01:56:20,SOLUSDT,ask,147,34794.0
2024-08-12 01:56:22,SOLUSDT,ask,147,34894.0
2024-08-12 01:56:22,SOLUSDT,ask,147,34794.0
2024-08-12 01:56:23,SOLUSDT,ask,147,34805.0
2024-08-12 01:56:24,SOLUSDT,ask,147,34873.0
2024-08-12 01:56:24,SOLUSDT,ask,147,34857.0
2024-08-12 01:56:24,SOLUSDT,ask,147,34789.0
2024-08-12 01:56:25,SOLUSDT,ask,147,34823.0
2024-08-12 01:56:25,SOLUSDT,ask,147,34789.0
2024-08-12 01:56:27,SOLUSDT,ask,147,34796.0
2024-08-12 01:56:28,SOLUSDT,ask,147,34789.0
2024-08-12 01:56:35,SOLUSDT,ask,147,34799.0
2024-08-12 01:56:37,SOLUSDT,ask,147,34803.0
2024-08-12 01:56:37,SOLUSDT,ask,147,34799.0
2024-08-12 01:56:38,SOLUSDT,ask,147,34811.0
2024-08-12 01:56:38,SOLUSDT,ask,147,34798.0
2024-08-12 01:56:38,SOLUSDT,ask,147,34806.0
2024-08-12 01:56:38,SOLUSDT,ask,147,34799.0
2024-08-12 01:56:39,SOLUSDT,ask,147,34799.0
2024-08-12 01:56:43,SOLUSDT,ask,147,34817.0
2024-08-12 01:56:45,SOLUSDT,ask,147,34832.0
2024-08-12 01:56:48,SOLUSDT,ask,147,34817.0
2024-08-12 01:56:48,SOLUSDT,ask,147,34799.0
2024-08-12 01:56:49,SOLUSDT,ask,147,34789.0
2024-08-12 01:56:51,SOLUSDT,ask,147,34804.0
2024-08-12 01:56:51,SOLUSDT,ask,147,34793.0
2024-08-12 01:56:51,SOLUSDT,ask,147,34789.0
2024-08-12 01:56:51,SOLUSDT,ask,147,34794.0
2024-08-12 01:56:52,SOLUSDT,ask,147,34789.0
2024-08-12 01:56:54,SOLUSDT,ask,147,34789.0
2024-08-12 01:56:55,SOLUSDT,ask,147,34794.0
2024-08-12 01:56:55,SOLUSDT,ask,147,34789.0
2024-08-12 01:57:05,SOLUSDT,ask,147,34789.0
2024-08-12 01:57:10,SOLUSDT,ask,147,34789.0
2024-08-12 01:57:10,SOLUSDT,ask,147,34794.0
2024-08-12 01:57:22,SOLUSDT,ask,147,34794.0
2024-08-12 01:57:22,SOLUSDT,ask,147,34791.0
2024-08-12 01:57:23,SOLUSDT,ask,147,34789.0
2024-08-12 01:57:25,SOLUSDT,ask,147,34790.0
2024-08-12 01:57:27,SOLUSDT,ask,147,34793.0
2024-08-12 01:57:28,SOLUSDT,ask,147,34790.0
2024-08-12 01:57:29,SOLUSDT,ask,147,34840.0
2024-08-12 01:57:29,SOLUSDT,ask,147,34790.0
2024-08-12 01:57:29,SOLUSDT,ask,147,34877.0
2024-08-12 01:57:29,SOLUSDT,ask,147,35107.0
2024-08-12 01:57:29,SOLUSDT,ask,147,34929.0
2024-08-12 01:57:29,SOLUSDT,ask,147,34927.0
2024-08-12 01:57:30,SOLUSDT,ask,147,34877.0
2024-08-12 01:57:30,SOLUSDT,ask,147,34876.0
2024-08-12 01:57:30,SOLUSDT,ask,147,34880.0
2024-08-12 01:57:30,SOLUSDT,ask,147,34883.0
2024-08-12 01:57:30,SOLUSDT,ask,147,34880.0
2024-08-12 01:57:30,SOLUSDT,ask,147,34883.0
2024-08-12 01:57:32,SOLUSDT,ask,147,34880.0
2024-08-12 01:57:34,SOLUSDT,ask,147,34930.0
2024-08-12 01:57:34,SOLUSDT,ask,147,34880.0
2024-08-12 01:57:36,SOLUSDT,ask,147,34930.0
2024-08-12 01:57:36,SOLUSDT,ask,147,34880.0
2024-08-12 01:57:37,SOLUSDT,ask,147,34930.0
2024-08-12 01:57:37,SOLUSDT,ask,147,35031.0
2024-08-12 01:57:37,SOLUSDT,ask,147,34981.0
2024-08-12 01:57:38,SOLUSDT,ask,147,35031.0
2024-08-12 01:57:39,SOLUSDT,ask,147,34981.0
2024-08-12 01:57:39,SOLUSDT,ask,147,34930.0
2024-08-12 01:57:40,SOLUSDT,ask,147,34880.0
2024-08-12 01:57:40,SOLUSDT,ask,147,34930.0
2024-08-12 01:57:40,SOLUSDT,ask,147,34880.0
2024-08-12 01:57:41,SOLUSDT,ask,147,34930.0
2024-08-12 01:57:41,SOLUSDT,ask,147,34789.0
2024-08-12 01:57:42,SOLUSDT,ask,147,34839.0
2024-08-12 01:57:42,SOLUSDT,ask,147,34861.0
2024-08-12 01:57:43,SOLUSDT,ask,147,34861.0
2024-08-12 01:57:43,SOLUSDT,ask,147,34811.0
2024-08-12 01:57:43,SOLUSDT,ask,147,34861.0
2024-08-12 01:57:43,SOLUSDT,ask,147,34811.0
2024-08-12 01:57:44,SOLUSDT,ask,147,34861.0
2024-08-12 01:57:44,SOLUSDT,ask,147,34811.0
2024-08-12 01:57:44,SOLUSDT,ask,147,34861.0
2024-08-12 01:57:45,SOLUSDT,ask,147,34861.0
2024-08-12 01:57:45,SOLUSDT,ask,147,34811.0
2024-08-12 01:57:45,SOLUSDT,ask,147,34861.0
2024-08-12 01:57:46,SOLUSDT,ask,147,34865.0
2024-08-12 01:57:46,SOLUSDT,ask,147,34861.0
2024-08-12 01:57:46,SOLUSDT,ask,147,34861.0
2024-08-12 01:57:47,SOLUSDT,ask,147,34861.0
2024-08-12 01:57:47,SOLUSDT,ask,147,34811.0
2024-08-12 01:57:48,SOLUSDT,ask,147,34861.0
2024-08-12 01:57:48,SOLUSDT,ask,147,34811.0
2024-08-12 01:57:48,SOLUSDT,ask,147,34861.0
2024-08-12 01:57:49,SOLUSDT,ask,147,34811.0
2024-08-12 01:57:49,SOLUSDT,ask,147,34861.0
2024-08-12 01:57:49,SOLUSDT,ask,147,34811.0
2024-08-12 01:57:49,SOLUSDT,ask,147,34861.0
2024-08-12 01:57:49,SOLUSDT,ask,147,34861.0
2024-08-12 01:57:50,SOLUSDT,ask,147,34854.0
2024-08-12 01:57:50,SOLUSDT,ask,147,34833.0
2024-08-12 01:57:50,SOLUSDT,ask,147,34867.0
2024-08-12 01:57:50,SOLUSDT,ask,147,34833.0
2024-08-12 01:57:51,SOLUSDT,ask,147,34815.0
2024-08-12 01:57:52,SOLUSDT,ask,147,34793.0
2024-08-12 01:57:53,SOLUSDT,ask,147,34793.0
2024-08-12 01:57:55,SOLUSDT,ask,147,34789.0
2024-08-12 01:58:01,SOLUSDT,ask,147,34828.0
2024-08-12 01:58:01,SOLUSDT,ask,147,34841.0
2024-08-12 01:58:01,SOLUSDT,ask,147,34807.0
2024-08-12 01:58:01,SOLUSDT,ask,147,34875.0
2024-08-12 01:58:01,SOLUSDT,ask,147,34943.0
2024-08-12 01:58:02,SOLUSDT,ask,147,34794.0
2024-08-12 01:58:02,SOLUSDT,ask,147,34794.0
2024-08-12 01:58:02,SOLUSDT,ask,147,34789.0
2024-08-12 01:58:02,SOLUSDT,ask,147,34801.0
2024-08-12 01:58:03,SOLUSDT,ask,147,34789.0
2024-08-12 01:58:08,SOLUSDT,ask,147,34789.0
2024-08-12 01:58:09,SOLUSDT,ask,147,34801.0
2024-08-12 01:58:11,SOLUSDT,ask,147,34789.0
2024-08-12 01:58:11,SOLUSDT,ask,147,34790.0
2024-08-12 01:58:11,SOLUSDT,ask,147,34789.0
2024-08-12 01:58:11,SOLUSDT,ask,147,34895.0
2024-08-12 01:58:11,SOLUSDT,ask,147,34895.0
2024-08-12 01:58:12,SOLUSDT,ask,147,34900.0
2024-08-12 01:58:12,SOLUSDT,ask,147,35001.0
2024-08-12 01:58:12,SOLUSDT,ask,147,34843.0
2024-08-12 01:58:12,SOLUSDT,ask,147,34844.0
2024-08-12 01:58:12,SOLUSDT,ask,147,34839.0
2024-08-12 01:58:13,SOLUSDT,ask,147,34789.0
2024-08-12 01:58:13,SOLUSDT,ask,147,34802.0
2024-08-12 01:58:13,SOLUSDT,ask,147,34815.0
2024-08-12 01:58:16,SOLUSDT,ask,147,34824.0
2024-08-12 01:58:18,SOLUSDT,ask,147,34846.0
2024-08-12 01:58:18,SOLUSDT,ask,147,34824.0
2024-08-12 01:58:18,SOLUSDT,ask,147,34811.0
2024-08-12 01:58:19,SOLUSDT,ask,147,34848.0
2024-08-12 01:58:19,SOLUSDT,ask,147,34870.0
2024-08-12 01:58:19,SOLUSDT,ask,147,34872.0
2024-08-12 01:58:20,SOLUSDT,ask,147,34850.0
2024-08-12 01:58:20,SOLUSDT,ask,147,34848.0
2024-08-12 01:58:20,SOLUSDT,ask,147,34848.0
2024-08-12 01:58:21,SOLUSDT,ask,147,34803.0
2024-08-12 01:58:21,SOLUSDT,ask,147,34817.0
2024-08-12 01:58:21,SOLUSDT,ask,147,34830.0
2024-08-12 01:58:21,SOLUSDT,ask,147,34835.0
2024-08-12 01:58:21,SOLUSDT,ask,147,34822.0
2024-08-12 01:58:22,SOLUSDT,ask,147,34808.0
2024-08-12 01:58:24,SOLUSDT,ask,147,34808.0
2024-08-12 01:58:24,SOLUSDT,ask,147,34804.0
2024-08-12 01:58:24,SOLUSDT,ask,147,34856.0
2024-08-12 01:58:25,SOLUSDT,ask,147,35021.0
2024-08-12 01:58:25,SOLUSDT,ask,147,34847.0
2024-08-12 01:58:26,SOLUSDT,ask,147,34842.0
2024-08-12 01:58:27,SOLUSDT,ask,147,34804.0
2024-08-12 01:58:27,SOLUSDT,ask,147,34854.0
2024-08-12 01:58:27,SOLUSDT,ask,147,34859.0
2024-08-12 01:58:27,SOLUSDT,ask,147,34809.0
2024-08-12 01:58:27,SOLUSDT,ask,147,34859.0
2024-08-12 01:58:28,SOLUSDT,ask,147,34813.0
2024-08-12 01:58:29,SOLUSDT,ask,147,34795.0
2024-08-12 01:58:30,SOLUSDT,ask,147,34845.0
2024-08-12 01:58:30,SOLUSDT,ask,147,34844.0
2024-08-12 01:58:30,SOLUSDT,ask,147,34791.0
2024-08-12 01:58:30,SOLUSDT,ask,147,34791.0
2024-08-12 01:58:31,SOLUSDT,ask,147,34791.0
2024-08-12 01:58:31,SOLUSDT,ask,147,34789.0
2024-08-12 01:58:33,SOLUSDT,ask,147,34805.0
2024-08-12 01:58:33,SOLUSDT,ask,147,34839.0
2024-08-12 01:58:33,SOLUSDT,ask,147,34823.0
2024-08-12 01:58:39,SOLUSDT,ask,147,34822.0
2024-08-12 01:58:39,SOLUSDT,ask,147,34791.0
2024-08-12 01:58:39,SOLUSDT,ask,147,34791.0
2024-08-12 01:58:39,SOLUSDT,ask,147,34798.0
2024-08-12 01:58:39,SOLUSDT,ask,147,34789.0
2024-08-12 01:58:41,SOLUSDT,ask,147,34789.0
2024-08-12 01:58:42,SOLUSDT,ask,147,34792.0
2024-08-12 01:58:42,SOLUSDT,ask,147,34794.0
2024-08-12 01:58:43,SOLUSDT,ask,147,34791.0
2024-08-12 01:58:43,SOLUSDT,ask,147,34889.0
2024-08-12 01:58:43,SOLUSDT,ask,147,34939.0
2024-08-12 01:58:43,SOLUSDT,ask,147,34940.0
2024-08-12 01:58:44,SOLUSDT,ask,147,34940.0
2024-08-12 01:58:44,SOLUSDT,ask,147,34890.0
2024-08-12 01:58:46,SOLUSDT,ask,147,34793.0
2024-08-12 01:58:47,SOLUSDT,ask,147,34789.0
2024-08-12 01:58:48,SOLUSDT,ask,147,34791.0
2024-08-12 01:58:48,SOLUSDT,ask,147,34790.0
2024-08-12 01:58:49,SOLUSDT,ask,147,34802.0
2024-08-12 01:58:50,SOLUSDT,ask,147,34790.0
2024-08-12 01:58:50,SOLUSDT,ask,147,34789.0
2024-08-12 01:58:50,SOLUSDT,ask,147,34798.0
2024-08-12 01:58:51,SOLUSDT,ask,175,30645.0
2024-08-12 01:58:51,SOLUSDT,ask,176,29467.0
2024-08-12 01:58:51,SOLUSDT,ask,178,35283.0
2024-08-12 01:58:51,SOLUSDT,ask,147,34803.0
2024-08-12 01:58:52,SOLUSDT,ask,147,34797.0
2024-08-12 01:58:55,SOLUSDT,ask,147,34792.0
2024-08-12 01:58:55,SOLUSDT,ask,147,34798.0
2024-08-12 01:58:56,SOLUSDT,ask,147,34810.0
2024-08-12 01:58:57,SOLUSDT,ask,147,34798.0
2024-08-12 01:58:58,SOLUSDT,ask,147,34848.0
2024-08-12 01:58:59,SOLUSDT,ask,147,34848.0
2024-08-12 01:58:59,SOLUSDT,ask,147,34848.0
2024-08-12 01:58:59,SOLUSDT,ask,147,34798.0
2024-08-12 01:59:00,SOLUSDT,ask,147,34799.0
2024-08-12 01:59:00,SOLUSDT,ask,147,34798.0
2024-08-12 01:59:01,SOLUSDT,ask,147,34810.0
2024-08-12 01:59:01,SOLUSDT,ask,147,34798.0
2024-08-12 01:59:02,SOLUSDT,ask,147,34789.0
2024-08-12 01:59:03,SOLUSDT,ask,147,34788.0
2024-08-12 01:59:03,SOLUSDT,ask,147,34822.0
2024-08-12 01:59:03,SOLUSDT,ask,147,34789.0
2024-08-12 01:59:04,SOLUSDT,ask,147,34789.0
2024-08-12 01:59:06,SOLUSDT,ask,147,34789.0
2024-08-12 01:59:06,SOLUSDT,ask,147,34791.0
2024-08-12 01:59:06,SOLUSDT,ask,147,34791.0
2024-08-12 01:59:07,SOLUSDT,ask,147,34789.0
2024-08-12 01:59:09,SOLUSDT,ask,147,34828.0
2024-08-12 01:59:09,SOLUSDT,ask,147,34794.0
2024-08-12 01:59:09,SOLUSDT,ask,147,34793.0
2024-08-12 01:59:09,SOLUSDT,ask,147,34789.0
2024-08-12 01:59:10,SOLUSDT,ask,147,34841.0
2024-08-12 01:59:10,SOLUSDT,ask,147,34791.0
2024-08-12 01:59:11,SOLUSDT,ask,147,34841.0
2024-08-12 01:59:11,SOLUSDT,ask,147,34791.0
2024-08-12 01:59:12,SOLUSDT,ask,147,34794.0
2024-08-12 01:59:12,SOLUSDT,ask,147,34791.0
2024-08-12 01:59:12,SOLUSDT,ask,147,34796.0
2024-08-12 01:59:13,SOLUSDT,ask,147,34791.0
2024-08-12 01:59:13,SOLUSDT,ask,147,34796.0
2024-08-12 01:59:15,SOLUSDT,ask,147,34893.0
2024-08-12 01:59:16,SOLUSDT,ask,147,34886.0
2024-08-12 01:59:16,SOLUSDT,ask,147,34952.0
2024-08-12 01:59:17,SOLUSDT,ask,147,34956.0
2024-08-12 01:59:18,SOLUSDT,ask,147,34906.0
2024-08-12 01:59:18,SOLUSDT,ask,147,34890.0
2024-08-12 01:59:19,SOLUSDT,ask,147,34940.0
2024-08-12 01:59:19,SOLUSDT,ask,147,34890.0
2024-08-12 01:59:21,SOLUSDT,ask,147,34915.0
2024-08-12 01:59:21,SOLUSDT,ask,147,34920.0
2024-08-12 01:59:21,SOLUSDT,ask,147,34915.0
2024-08-12 01:59:22,SOLUSDT,ask,147,34965.0
2024-08-12 01:59:23,SOLUSDT,ask,147,34965.0
2024-08-12 01:59:23,SOLUSDT,ask,147,34915.0
2024-08-12 01:59:24,SOLUSDT,ask,147,34965.0
2024-08-12 01:59:24,SOLUSDT,ask,147,34868.0
2024-08-12 01:59:24,SOLUSDT,ask,147,34868.0
2024-08-12 01:59:25,SOLUSDT,ask,147,34869.0
2024-08-12 01:59:25,SOLUSDT,ask,147,35015.0
2024-08-12 01:59:25,SOLUSDT,ask,147,34965.0
2024-08-12 01:59:26,SOLUSDT,ask,147,34844.0
2024-08-12 01:59:26,SOLUSDT,ask,147,34852.0
2024-08-12 01:59:26,SOLUSDT,ask,147,34853.0
2024-08-12 01:59:27,SOLUSDT,ask,147,34819.0
2024-08-12 01:59:27,SOLUSDT,ask,147,34814.0
2024-08-12 01:59:29,SOLUSDT,ask,147,34848.0
2024-08-12 01:59:32,SOLUSDT,ask,147,34928.0
2024-08-12 01:59:32,SOLUSDT,ask,147,34962.0
2024-08-12 01:59:35,SOLUSDT,ask,147,34915.0
2024-08-12 01:59:35,SOLUSDT,ask,147,34916.0
2024-08-12 01:59:37,SOLUSDT,ask,147,34916.0
2024-08-12 01:59:38,SOLUSDT,ask,147,34915.0
2024-08-12 02:07:55,SOLUSDT,ask,147,34827.0
2024-08-12 02:07:55,SOLUSDT,ask,147,34827.0
2024-08-12 02:07:56,SOLUSDT,ask,147,34895.0
2024-08-12 02:07:58,SOLUSDT,ask,147,34828.0
2024-08-12 02:07:59,SOLUSDT,ask,147,34896.0
2024-08-12 02:08:00,SOLUSDT,ask,147,34828.0
2024-08-12 02:08:01,SOLUSDT,ask,147,34852.0
2024-08-12 02:08:08,SOLUSDT,ask,147,34830.0
2024-08-12 02:08:08,SOLUSDT,ask,147,34827.0
2024-08-12 02:08:08,SOLUSDT,ask,147,34834.0
2024-08-12 02:08:08,SOLUSDT,ask,147,34827.0
2024-08-12 02:08:09,SOLUSDT,ask,147,34841.0
2024-08-12 02:08:09,SOLUSDT,ask,147,34827.0
2024-08-12 02:08:12,SOLUSDT,ask,147,34827.0
2024-08-12 02:08:12,SOLUSDT,ask,147,34833.0
2024-08-12 02:08:12,SOLUSDT,ask,147,34833.0
2024-08-12 02:08:12,SOLUSDT,ask,147,34834.0
2024-08-12 02:08:13,SOLUSDT,ask,147,34840.0
2024-08-12 02:08:13,SOLUSDT,ask,147,34841.0
2024-08-12 02:08:15,SOLUSDT,ask,147,34958.0
2024-08-12 02:08:15,SOLUSDT,ask,147,34890.0
2024-08-12 02:08:15,SOLUSDT,ask,147,34890.0
2024-08-12 02:08:16,SOLUSDT,ask,147,34890.0
2024-08-12 02:08:17,SOLUSDT,ask,147,34827.0
2024-08-12 02:08:18,SOLUSDT,ask,147,34828.0
2024-08-12 02:08:19,SOLUSDT,ask,147,34827.0
2024-08-12 02:08:23,SOLUSDT,ask,147,34867.0
2024-08-12 02:08:23,SOLUSDT,ask,147,34874.0
2024-08-12 02:08:25,SOLUSDT,ask,147,34874.0
2024-08-12 02:08:28,SOLUSDT,ask,147,34834.0
2024-08-12 02:08:30,SOLUSDT,ask,147,34914.0
2024-08-12 02:08:30,SOLUSDT,ask,147,34834.0
2024-08-12 02:08:35,SOLUSDT,ask,147,34849.0
2024-08-12 02:08:35,SOLUSDT,ask,147,34830.0
2024-08-12 02:08:35,SOLUSDT,ask,147,34828.0
2024-08-12 02:08:35,SOLUSDT,ask,147,34830.0
2024-08-12 02:08:36,SOLUSDT,ask,147,34830.0
2024-08-12 02:08:37,SOLUSDT,ask,147,34828.0
2024-08-12 02:08:37,SOLUSDT,ask,147,34827.0
2024-08-12 02:08:39,SOLUSDT,ask,147,34830.0
2024-08-12 02:08:40,SOLUSDT,ask,147,34811.0
2024-08-12 02:08:43,SOLUSDT,ask,147,34812.0
2024-08-12 02:08:44,SOLUSDT,ask,147,34812.0
2024-08-12 02:08:47,SOLUSDT,ask,147,34862.0
2024-08-12 02:08:47,SOLUSDT,ask,147,34811.0
2024-08-12 02:09:01,SOLUSDT,ask,147,35012.0
2024-08-12 02:09:02,SOLUSDT,ask,147,34808.0
2024-08-12 02:09:08,SOLUSDT,ask,147,34854.0
2024-08-12 02:09:08,SOLUSDT,ask,147,34853.0
2024-08-12 02:09:31,SOLUSDT,ask,146,38226.0
2024-08-12 02:09:32,SOLUSDT,ask,146,38226.0
2024-08-12 02:09:32,SOLUSDT,ask,146,38274.0
2024-08-12 02:09:32,SOLUSDT,ask,146,38271.0
2024-08-12 02:09:42,SOLUSDT,ask,146,38260.0
2024-08-12 02:09:43,SOLUSDT,ask,146,38263.0
2024-08-12 02:09:43,SOLUSDT,ask,146,38295.0
2024-08-12 02:09:44,SOLUSDT,ask,146,38263.0
2024-08-12 02:09:44,SOLUSDT,ask,146,38262.0
2024-08-12 02:09:44,SOLUSDT,ask,146,38259.0
2024-08-12 02:09:46,SOLUSDT,ask,146,38322.0
2024-08-12 02:09:46,SOLUSDT,ask,146,38291.0
2024-08-12 02:09:46,SOLUSDT,ask,146,38259.0
2024-08-12 02:09:47,SOLUSDT,ask,146,38259.0
2024-08-12 02:09:47,SOLUSDT,ask,146,38261.0
2024-08-12 02:09:47,SOLUSDT,ask,146,38444.0
2024-08-12 02:09:48,SOLUSDT,ask,146,38394.0
2024-08-12 02:09:48,SOLUSDT,ask,146,38344.0
2024-08-12 02:09:48,SOLUSDT,ask,146,38444.0
2024-08-12 02:09:48,SOLUSDT,ask,146,38344.0
2024-08-12 02:09:48,SOLUSDT,ask,146,38344.0
2024-08-12 02:09:49,SOLUSDT,ask,146,38342.0
2024-08-12 02:09:49,SOLUSDT,ask,146,38339.0
2024-08-12 02:09:50,SOLUSDT,ask,146,38389.0
2024-08-12 02:09:50,SOLUSDT,ask,146,38396.0
2024-08-12 02:09:50,SOLUSDT,ask,146,38415.0
2024-08-12 02:09:51,SOLUSDT,ask,146,38347.0
2024-08-12 02:09:51,SOLUSDT,ask,146,38346.0
2024-08-12 02:09:51,SOLUSDT,ask,146,38351.0
2024-08-12 02:09:51,SOLUSDT,ask,146,38350.0
2024-08-12 02:09:51,SOLUSDT,ask,146,38345.0
2024-08-12 02:09:51,SOLUSDT,ask,146,38395.0
2024-08-12 02:09:52,SOLUSDT,ask,146,38409.0
2024-08-12 02:09:52,SOLUSDT,ask,146,38409.0
2024-08-12 02:09:53,SOLUSDT,ask,146,38359.0
2024-08-12 02:09:53,SOLUSDT,ask,146,38342.0
2024-08-12 02:09:53,SOLUSDT,ask,146,38300.0
2024-08-12 02:09:53,SOLUSDT,ask,146,38297.0
2024-08-12 02:09:53,SOLUSDT,ask,146,38210.0
2024-08-12 02:09:54,SOLUSDT,ask,146,38260.0
2024-08-12 02:09:54,SOLUSDT,ask,146,38260.0
2024-08-12 02:09:55,SOLUSDT,ask,146,38210.0
2024-08-12 02:09:55,SOLUSDT,ask,146,38260.0
2024-08-12 02:09:55,SOLUSDT,ask,146,38210.0
2024-08-12 02:09:55,SOLUSDT,ask,146,38260.0
2024-08-12 02:09:56,SOLUSDT,ask,146,38210.0
2024-08-12 02:09:57,SOLUSDT,ask,146,38260.0
2024-08-12 02:09:57,SOLUSDT,ask,146,38263.0
2024-08-12 02:09:57,SOLUSDT,ask,146,38263.0
2024-08-12 02:09:58,SOLUSDT,ask,146,38213.0
2024-08-12 02:09:58,SOLUSDT,ask,146,38263.0
2024-08-12 02:09:58,SOLUSDT,ask,146,38213.0
2024-08-12 02:09:58,SOLUSDT,ask,146,38263.0
2024-08-12 02:09:59,SOLUSDT,ask,146,38263.0
2024-08-12 02:09:59,SOLUSDT,ask,146,38263.0
2024-08-12 02:09:59,SOLUSDT,ask,146,38364.0
2024-08-12 02:10:00,SOLUSDT,ask,146,38311.0
2024-08-12 02:10:00,SOLUSDT,ask,146,38210.0
2024-08-12 02:10:00,SOLUSDT,ask,146,38244.0
2024-08-12 02:10:00,SOLUSDT,ask,146,38244.0
2024-08-12 02:10:00,SOLUSDT,ask,146,38248.0
2024-08-12 02:10:00,SOLUSDT,ask,146,38244.0
2024-08-12 02:10:01,SOLUSDT,ask,146,38244.0
2024-08-12 02:10:01,SOLUSDT,ask,146,38244.0
2024-08-12 02:10:02,SOLUSDT,ask,146,38210.0
2024-08-12 02:10:02,SOLUSDT,ask,146,38210.0
2024-08-12 02:10:02,SOLUSDT,ask,146,38210.0
2024-08-12 02:10:02,SOLUSDT,ask,146,38210.0
2024-08-12 02:10:04,SOLUSDT,ask,146,38210.0
2024-08-12 02:10:05,SOLUSDT,ask,146,38232.0
2024-08-12 02:10:06,SOLUSDT,ask,146,38178.0
2024-08-12 02:10:06,SOLUSDT,ask,146,38072.0
2024-08-12 02:10:07,SOLUSDT,ask,146,38073.0
2024-08-12 02:10:07,SOLUSDT,ask,146,38071.0
2024-08-12 02:10:07,SOLUSDT,ask,146,38069.0
2024-08-12 02:10:08,SOLUSDT,ask,146,38068.0
2024-08-12 02:10:08,SOLUSDT,ask,146,38067.0
2024-08-12 02:10:08,SOLUSDT,ask,146,38000.0
2024-08-12 02:10:08,SOLUSDT,ask,146,38006.0
2024-08-12 02:10:08,SOLUSDT,ask,146,37516.0
2024-08-12 02:10:08,SOLUSDT,ask,146,37512.0
2024-08-12 02:10:08,SOLUSDT,ask,146,37511.0
2024-08-12 02:10:08,SOLUSDT,ask,146,37095.0
2024-08-12 02:10:09,SOLUSDT,ask,146,37091.0
2024-08-12 02:10:09,SOLUSDT,ask,146,37023.0
2024-08-12 02:10:09,SOLUSDT,ask,146,37006.0
2024-08-12 02:10:09,SOLUSDT,ask,146,37007.0
2024-08-12 02:10:09,SOLUSDT,ask,146,37009.0
2024-08-12 02:10:10,SOLUSDT,ask,146,37005.0
2024-08-12 02:10:10,SOLUSDT,ask,146,36985.0
2024-08-12 02:10:10,SOLUSDT,ask,146,37032.0
2024-08-12 02:10:10,SOLUSDT,ask,146,37033.0
2024-08-12 02:10:10,SOLUSDT,ask,146,37034.0
2024-08-12 02:10:10,SOLUSDT,ask,146,37032.0
2024-08-12 02:10:10,SOLUSDT,ask,146,37023.0
2024-08-12 02:10:11,SOLUSDT,ask,146,37026.0
2024-08-12 02:10:11,SOLUSDT,ask,146,37025.0
2024-08-12 02:10:11,SOLUSDT,ask,146,37022.0
2024-08-12 02:10:11,SOLUSDT,ask,146,37044.0
2024-08-12 02:10:12,SOLUSDT,ask,146,37041.0
2024-08-12 02:10:12,SOLUSDT,ask,146,37039.0
2024-08-12 02:10:12,SOLUSDT,ask,146,37029.0
2024-08-12 02:10:13,SOLUSDT,ask,146,37019.0
2024-08-12 02:10:13,SOLUSDT,ask,146,37016.0
2024-08-12 02:10:15,SOLUSDT,ask,146,37016.0
2024-08-12 02:10:16,SOLUSDT,ask,146,37018.0
2024-08-12 02:10:16,SOLUSDT,ask,146,37019.0
2024-08-12 02:10:16,SOLUSDT,ask,146,37069.0
2024-08-12 02:10:17,SOLUSDT,ask,146,37019.0
2024-08-12 02:10:17,SOLUSDT,ask,146,37069.0
2024-08-12 02:10:17,SOLUSDT,ask,146,37069.0
2024-08-12 02:10:17,SOLUSDT,ask,146,37018.0
2024-08-12 02:10:17,SOLUSDT,ask,146,37068.0
2024-08-12 02:10:17,SOLUSDT,ask,146,37148.0
2024-08-12 02:10:17,SOLUSDT,ask,146,37098.0
2024-08-12 02:10:17,SOLUSDT,ask,146,37101.0
2024-08-12 02:10:17,SOLUSDT,ask,146,37148.0
2024-08-12 02:10:18,SOLUSDT,ask,146,37148.0
2024-08-12 02:10:18,SOLUSDT,ask,146,37098.0
2024-08-12 02:10:18,SOLUSDT,ask,146,37148.0
2024-08-12 02:10:18,SOLUSDT,ask,146,37098.0
2024-08-12 02:10:18,SOLUSDT,ask,146,37101.0
2024-08-12 02:10:19,SOLUSDT,ask,146,37151.0
2024-08-12 02:10:19,SOLUSDT,ask,146,37101.0
2024-08-12 02:10:19,SOLUSDT,ask,146,37101.0
2024-08-12 02:10:21,SOLUSDT,ask,146,37101.0
2024-08-12 02:10:21,SOLUSDT,ask,146,37101.0
2024-08-12 02:10:21,SOLUSDT,ask,146,37100.0
2024-08-12 02:10:21,SOLUSDT,ask,146,37100.0
2024-08-12 02:10:22,SOLUSDT,ask,146,37100.0
2024-08-12 02:10:23,SOLUSDT,ask,146,37020.0
2024-08-12 02:10:23,SOLUSDT,ask,146,37019.0
2024-08-12 02:10:23,SOLUSDT,ask,146,37028.0
2024-08-12 02:10:23,SOLUSDT,ask,146,37028.0
2024-08-12 02:10:23,SOLUSDT,ask,146,37033.0
2024-08-12 02:10:25,SOLUSDT,ask,146,37028.0
2024-08-12 02:10:25,SOLUSDT,ask,146,37128.0
2024-08-12 02:10:25,SOLUSDT,ask,146,37028.0
2024-08-12 02:10:25,SOLUSDT,ask,146,37069.0
2024-08-12 02:10:25,SOLUSDT,ask,146,37069.0
2024-08-12 02:10:25,SOLUSDT,ask,146,37028.0
2024-08-12 02:10:26,SOLUSDT,ask,146,37033.0
2024-08-12 02:10:26,SOLUSDT,ask,146,37135.0
2024-08-12 02:10:26,SOLUSDT,ask,146,37130.0
2024-08-12 02:10:26,SOLUSDT,ask,146,37028.0
2024-08-12 02:10:26,SOLUSDT,ask,146,37030.0
2024-08-12 02:10:27,SOLUSDT,ask,146,36980.0
2024-08-12 02:10:28,SOLUSDT,ask,146,36982.0
2024-08-12 02:10:29,SOLUSDT,ask,146,36980.0
2024-08-12 02:10:29,SOLUSDT,ask,146,36985.0
2024-08-12 02:10:29,SOLUSDT,ask,146,37028.0
2024-08-12 02:10:29,SOLUSDT,ask,146,36978.0
2024-08-12 02:10:31,SOLUSDT,ask,146,36988.0
2024-08-12 02:10:31,SOLUSDT,ask,146,36988.0
2024-08-12 02:10:31,SOLUSDT,ask,146,37160.0
2024-08-12 02:10:31,SOLUSDT,ask,146,37147.0
2024-08-12 02:10:32,SOLUSDT,ask,146,36966.0
2024-08-12 02:10:32,SOLUSDT,ask,146,37067.0
2024-08-12 02:10:33,SOLUSDT,ask,146,37067.0
2024-08-12 02:10:33,SOLUSDT,ask,146,37071.0
2024-08-12 02:10:34,SOLUSDT,ask,146,36970.0
2024-08-12 02:10:34,SOLUSDT,ask,146,36966.0
2024-08-12 02:10:34,SOLUSDT,ask,146,37070.0
2024-08-12 02:10:35,SOLUSDT,ask,146,36966.0
2024-08-12 02:10:36,SOLUSDT,ask,146,36966.0
2024-08-12 02:10:37,SOLUSDT,ask,146,36966.0
2024-08-12 02:10:37,SOLUSDT,ask,146,36976.0
2024-08-12 02:10:38,SOLUSDT,ask,146,36966.0
2024-08-12 02:10:38,SOLUSDT,ask,146,36966.0
2024-08-12 02:10:40,SOLUSDT,ask,146,36954.0
2024-08-12 02:10:40,SOLUSDT,ask,146,36976.0
2024-08-12 02:10:41,SOLUSDT,ask,146,36971.0
2024-08-12 02:10:41,SOLUSDT,ask,146,36954.0
2024-08-12 02:10:44,SOLUSDT,ask,146,36955.0
2024-08-12 02:10:44,SOLUSDT,ask,146,36954.0
2024-08-12 02:10:47,SOLUSDT,ask,146,36976.0
2024-08-12 02:10:47,SOLUSDT,ask,146,36954.0
2024-08-12 02:10:48,SOLUSDT,ask,146,36937.0
2024-08-12 02:10:48,SOLUSDT,ask,146,36961.0
2024-08-12 02:10:48,SOLUSDT,ask,146,36936.0
2024-08-12 02:10:48,SOLUSDT,ask,146,36936.0
2024-08-12 02:10:49,SOLUSDT,ask,146,36936.0
2024-08-12 02:10:49,SOLUSDT,ask,146,36939.0
2024-08-12 02:10:50,SOLUSDT,ask,146,36936.0
2024-08-12 02:10:50,SOLUSDT,ask,146,36986.0
2024-08-12 02:10:50,SOLUSDT,ask,146,36992.0
2024-08-12 02:10:50,SOLUSDT,ask,146,36987.0
2024-08-12 02:10:50,SOLUSDT,ask,146,36937.0
2024-08-12 02:10:51,SOLUSDT,ask,146,36936.0
2024-08-12 02:10:53,SOLUSDT,ask,146,36936.0
2024-08-12 02:10:55,SOLUSDT,ask,146,36936.0
2024-08-12 02:10:55,SOLUSDT,ask,146,36936.0
2024-08-12 02:10:55,SOLUSDT,ask,146,36936.0
2024-08-12 02:10:55,SOLUSDT,ask,146,36936.0
2024-08-12 02:10:55,SOLUSDT,ask,146,36936.0
2024-08-12 02:10:56,SOLUSDT,ask,146,36936.0
2024-08-12 02:10:56,SOLUSDT,ask,146,36936.0
2024-08-12 02:10:56,SOLUSDT,ask,146,36945.0
2024-08-12 02:10:56,SOLUSDT,ask,146,36936.0
2024-08-12 02:10:56,SOLUSDT,ask,146,37004.0
2024-08-12 02:10:57,SOLUSDT,ask,146,37007.0
2024-08-12 02:10:57,SOLUSDT,ask,146,37006.0
2024-08-12 02:10:57,SOLUSDT,ask,146,37004.0
2024-08-12 02:10:57,SOLUSDT,ask,146,37004.0
2024-08-12 02:10:57,SOLUSDT,ask,146,37007.0
2024-08-12 02:10:57,SOLUSDT,ask,146,37007.0
2024-08-12 02:10:58,SOLUSDT,ask,146,37004.0
2024-08-12 02:10:58,SOLUSDT,ask,146,37011.0
2024-08-12 02:10:58,SOLUSDT,ask,146,37008.0
2024-08-12 02:10:58,SOLUSDT,ask,146,37004.0
2024-08-12 02:10:58,SOLUSDT,ask,146,37004.0
2024-08-12 02:10:59,SOLUSDT,ask,146,36938.0
2024-08-12 02:10:59,SOLUSDT,ask,146,36936.0
2024-08-12 02:11:00,SOLUSDT,ask,146,36938.0
2024-08-12 02:11:01,SOLUSDT,ask,146,36936.0
2024-08-12 02:11:01,SOLUSDT,ask,146,36936.0
2024-08-12 02:11:01,SOLUSDT,ask,146,36958.0
2024-08-12 02:11:02,SOLUSDT,ask,146,36936.0
2024-08-12 02:11:02,SOLUSDT,ask,146,36953.0
2024-08-12 02:11:02,SOLUSDT,ask,146,36936.0
2024-08-12 02:11:03,SOLUSDT,ask,146,36924.0
2024-08-12 02:11:03,SOLUSDT,ask,146,36935.0
2024-08-12 02:11:03,SOLUSDT,ask,146,36934.0
2024-08-12 02:11:03,SOLUSDT,ask,146,36920.0
2024-08-12 02:11:03,SOLUSDT,ask,146,36915.0
2024-08-12 02:11:04,SOLUSDT,ask,146,36913.0
2024-08-12 02:11:04,SOLUSDT,ask,146,36905.0
2024-08-12 02:11:04,SOLUSDT,ask,146,36892.0
2024-08-12 02:11:04,SOLUSDT,ask,146,36882.0
2024-08-12 02:11:04,SOLUSDT,ask,146,36872.0
2024-08-12 02:11:05,SOLUSDT,ask,146,36869.0
2024-08-12 02:11:06,SOLUSDT,ask,146,36890.0
2024-08-12 02:11:06,SOLUSDT,ask,146,36874.0
2024-08-12 02:11:06,SOLUSDT,ask,146,36875.0
2024-08-12 02:11:07,SOLUSDT,ask,146,36869.0
2024-08-12 02:11:07,SOLUSDT,ask,146,36879.0
2024-08-12 02:11:07,SOLUSDT,ask,146,36863.0
2024-08-12 02:11:07,SOLUSDT,ask,146,36823.0
2024-08-12 02:11:07,SOLUSDT,ask,146,36824.0
2024-08-12 02:11:07,SOLUSDT,ask,146,36822.0
2024-08-12 02:11:07,SOLUSDT,ask,146,36820.0
2024-08-12 02:11:08,SOLUSDT,ask,146,35894.0
2024-08-12 02:11:08,SOLUSDT,ask,146,35893.0
2024-08-12 02:11:08,SOLUSDT,ask,146,35877.0
2024-08-12 02:11:08,SOLUSDT,ask,146,35874.0
2024-08-12 02:11:09,SOLUSDT,ask,146,35873.0
2024-08-12 02:11:09,SOLUSDT,ask,146,35865.0
2024-08-12 02:11:09,SOLUSDT,ask,146,35388.0
2024-08-12 02:11:09,SOLUSDT,ask,146,35388.0
2024-08-12 02:11:09,SOLUSDT,ask,146,35402.0
2024-08-12 02:11:10,SOLUSDT,ask,146,35324.0
2024-08-12 02:11:10,SOLUSDT,ask,146,35335.0
2024-08-12 02:11:10,SOLUSDT,ask,146,35334.0
2024-08-12 02:11:10,SOLUSDT,ask,146,35332.0
2024-08-12 02:11:10,SOLUSDT,ask,146,35331.0
2024-08-12 02:11:10,SOLUSDT,ask,146,35330.0
2024-08-12 02:11:11,SOLUSDT,ask,146,35322.0
2024-08-12 02:11:11,SOLUSDT,ask,146,35286.0
2024-08-12 02:11:11,SOLUSDT,ask,146,35298.0
2024-08-12 02:11:12,SOLUSDT,ask,146,35299.0
2024-08-12 02:11:12,SOLUSDT,ask,146,35298.0
2024-08-12 02:11:12,SOLUSDT,ask,146,35299.0
2024-08-12 02:11:12,SOLUSDT,ask,146,35297.0
2024-08-12 02:11:12,SOLUSDT,ask,146,35247.0
2024-08-12 02:11:12,SOLUSDT,ask,146,35230.0
2024-08-12 02:11:13,SOLUSDT,ask,146,35229.0
2024-08-12 02:11:13,SOLUSDT,ask,146,35224.0
2024-08-12 02:11:13,SOLUSDT,ask,146,35246.0
2024-08-12 02:11:13,SOLUSDT,ask,146,35260.0
2024-08-12 02:11:14,SOLUSDT,ask,146,35223.0
2024-08-12 02:11:14,SOLUSDT,ask,146,35257.0
2024-08-12 02:11:14,SOLUSDT,ask,146,35257.0
2024-08-12 02:11:14,SOLUSDT,ask,146,35291.0
2024-08-12 02:11:14,SOLUSDT,ask,146,35282.0
2024-08-12 02:11:14,SOLUSDT,ask,146,35248.0
2024-08-12 02:11:14,SOLUSDT,ask,146,35248.0
2024-08-12 02:11:14,SOLUSDT,ask,146,35249.0
2024-08-12 02:11:15,SOLUSDT,ask,146,35248.0
2024-08-12 02:11:16,SOLUSDT,ask,146,35251.0
2024-08-12 02:11:17,SOLUSDT,ask,146,35250.0
2024-08-12 02:11:17,SOLUSDT,ask,146,35218.0
2024-08-12 02:11:18,SOLUSDT,ask,146,35217.0
2024-08-12 02:11:19,SOLUSDT,ask,146,35216.0
2024-08-12 02:11:20,SOLUSDT,ask,175,30644.0
2024-08-12 02:11:20,SOLUSDT,ask,146,35206.0
2024-08-12 02:11:21,SOLUSDT,ask,146,35203.0
2024-08-12 02:11:22,SOLUSDT,ask,146,35195.0
2024-08-12 02:11:25,SOLUSDT,ask,146,35196.0
2024-08-12 02:11:50,SOLUSDT,ask,146,35197.0
2024-08-12 02:11:55,SOLUSDT,ask,146,35199.0
2024-08-12 02:11:57,SOLUSDT,ask,146,35199.0
2024-08-12 02:12:03,SOLUSDT,ask,146,35204.0
2024-08-12 02:12:03,SOLUSDT,ask,146,35208.0
2024-08-12 02:12:03,SOLUSDT,ask,146,35204.0
2024-08-12 02:12:05,SOLUSDT,ask,146,35213.0
2024-08-12 02:12:05,SOLUSDT,ask,146,35199.0
2024-08-12 02:12:05,SOLUSDT,ask,146,35196.0
2024-08-12 02:12:07,SOLUSDT,ask,146,35197.0
2024-08-12 02:12:08,SOLUSDT,ask,146,35202.0
2024-08-12 02:12:08,SOLUSDT,ask,146,35197.0
2024-08-12 02:12:10,SOLUSDT,ask,146,35197.0
2024-08-12 02:12:10,SOLUSDT,ask,146,35299.0
2024-08-12 02:12:11,SOLUSDT,ask,146,35297.0
2024-08-12 02:12:11,SOLUSDT,ask,146,35302.0
2024-08-12 02:12:13,SOLUSDT,ask,146,35372.0
2024-08-12 02:12:16,SOLUSDT,ask,146,35195.0
2024-08-12 02:12:17,SOLUSDT,ask,146,35202.0
2024-08-12 02:12:21,SOLUSDT,ask,146,35195.0
2024-08-12 02:12:24,SOLUSDT,ask,146,35196.0
2024-08-12 02:12:24,SOLUSDT,ask,146,35203.0
2024-08-12 02:12:24,SOLUSDT,ask,146,35196.0
2024-08-12 02:12:25,SOLUSDT,ask,146,35196.0
2024-08-12 02:12:26,SOLUSDT,ask,146,35197.0
2024-08-12 02:12:28,SOLUSDT,ask,146,35198.0
2024-08-12 02:12:36,SOLUSDT,ask,146,35299.0
2024-08-12 02:12:36,SOLUSDT,ask,146,35197.0
2024-08-12 02:17:30,SOLUSDT,ask,175,30642.0
2024-08-12 02:44:54,SOLUSDT,ask,175,30640.0
2024-08-12 02:59:42,SOLUSDT,bid,46,108760.0
2024-08-12 03:03:11,SOLUSDT,bid,46,108751.0
2024-08-12 03:20:47,SOLUSDT,ask,175,30603.0
