2024-08-22 07:19:09,BTCUSDT,bid,47000,888.691
2024-08-22 07:00:16,BTCUSD_PERP,bid,60600,1076.96
2024-08-22 07:00:16,BTCUSD_PERP,bid,60600,1017.53
2024-08-22 07:00:16,BTCUSD_PERP,bid,60600,958.1
2024-08-22 07:00:16,BTCUSD_PERP,bid,60600,838.02
2024-08-22 07:00:16,BTCUSD_PERP,bid,60600,777.98
2024-08-22 07:00:17,BTCUSD_PERP,bid,60600,658.51
2024-08-22 07:00:17,BTCUSD_PERP,bid,60600,539.65
2024-08-22 07:00:17,BTCUSD_PERP,bid,60600,597.04
2024-08-22 07:00:17,BTCUSD_PERP,bid,60600,657.11
2024-08-22 07:00:17,BTCUSD_PERP,bid,60600,777.25
2024-08-22 07:00:17,BTCUSD_PERP,bid,60600,837.32
2024-08-22 07:00:18,BTCUSD_PERP,bid,60600,957.46
2024-08-22 07:00:18,BTCUSD_PERP,bid,60600,523.97
2024-08-22 07:00:18,BTCUSD_PERP,bid,60600,1016.92
2024-08-22 07:00:18,BTCUSD_PERP,bid,60600,1076.89
2024-08-22 07:00:26,BTCUSD_PERP,bid,60600,1076.93
2024-08-22 07:00:40,BTCUSD_PERP,bid,60600,1081.19
2024-08-22 07:01:41,BTCUSD_PERP,bid,60600,1021.73
2024-08-22 07:01:42,BTCUSD_PERP,bid,60600,842.13
2024-08-22 07:01:43,BTCUSD_PERP,bid,60700,494.2
2024-08-22 07:01:43,BTCUSD_PERP,bid,60700,554.31
2024-08-22 07:01:45,BTCUSD_PERP,bid,60700,556.49
2024-08-22 07:01:54,BTCUSD_PERP,bid,60700,496.38
2024-08-22 07:01:54,BTCUSD_PERP,bid,60600,539.59
2024-08-22 07:03:41,BTCUSD_PERP,bid,60700,496.38
2024-08-22 07:03:44,BTCUSD_PERP,bid,60700,496.38
2024-08-22 07:03:45,BTCUSD_PERP,bid,60700,494.2
2024-08-22 07:03:45,BTCUSD_PERP,bid,60700,496.38
2024-08-22 07:04:07,BTCUSD_PERP,bid,60600,957.37
2024-08-22 07:04:07,BTCUSD_PERP,bid,60600,524.0
2024-08-22 07:04:07,BTCUSD_PERP,bid,60600,1017.44
2024-08-22 07:08:08,BTCUSD_PERP,bid,60600,837.23
2024-08-22 07:08:08,BTCUSD_PERP,bid,60600,776.69
2024-08-22 07:08:08,BTCUSD_PERP,bid,60600,836.72
2024-08-22 07:08:08,BTCUSD_PERP,bid,60500,523.75
2024-08-22 07:08:08,BTCUSD_PERP,bid,60600,896.75
2024-08-22 07:08:11,BTCUSD_PERP,bid,60600,597.9
2024-08-22 07:08:11,BTCUSD_PERP,bid,60600,776.37
2024-08-22 07:08:11,BTCUSD_PERP,bid,60600,836.38
2024-08-22 07:08:11,BTCUSD_PERP,bid,60600,896.39
2024-08-22 07:08:12,BTCUSD_PERP,bid,60500,523.45
2024-08-22 07:08:26,BTCUSD_PERP,bid,60600,657.57
2024-08-22 07:08:26,BTCUSD_PERP,bid,60600,836.74
2024-08-22 07:08:26,BTCUSD_PERP,bid,60600,896.77
2024-08-22 07:08:26,BTCUSD_PERP,bid,60500,523.74
2024-08-22 07:08:52,BTCUSD_PERP,bid,60600,896.39
2024-08-22 07:08:52,BTCUSD_PERP,bid,60500,523.45
2024-08-22 07:08:52,BTCUSD_PERP,bid,60600,956.4
2024-08-22 07:11:27,BTCUSD_PERP,bid,60600,956.44
2024-08-22 07:11:27,BTCUSD_PERP,bid,60600,956.48
2024-08-22 07:12:26,BTCUSD_PERP,bid,60600,896.47
2024-08-22 07:14:16,BTCUSD_PERP,bid,60600,717.15
2024-08-22 07:14:16,BTCUSD_PERP,bid,60500,538.5
2024-08-22 07:14:16,BTCUSD_PERP,bid,60500,835.96
2024-08-22 07:14:53,BTCUSD_PERP,bid,60500,837.17
2024-08-22 07:15:19,BTCUSD_PERP,bid,60600,598.17
2024-08-22 07:15:19,BTCUSD_PERP,bid,60600,658.18
2024-08-22 07:15:49,BTCUSD_PERP,bid,47000,2452.11
2024-08-22 07:15:49,BTCUSD_PERP,ask,64500,1618.8
2024-08-22 07:16:23,BTCUSD_PERP,bid,60600,598.78
2024-08-22 07:16:23,BTCUSD_PERP,bid,60600,538.77
2024-08-22 07:16:24,BTCUSD_PERP,bid,60500,537.29
2024-08-22 07:16:24,BTCUSD_PERP,bid,60500,657.14
2024-08-22 07:16:24,BTCUSD_PERP,bid,60500,717.11
2024-08-22 07:16:25,BTCUSD_PERP,bid,60500,837.05
2024-08-22 07:16:25,BTCUSD_PERP,bid,60500,896.41
2024-08-22 07:16:25,BTCUSD_PERP,bid,60500,955.77
2024-08-22 07:16:25,BTCUSD_PERP,bid,60500,523.12
2024-08-22 07:16:25,BTCUSD_PERP,bid,60500,1075.1
2024-08-22 07:17:01,BTCUSD_PERP,bid,60500,895.35
2024-08-22 07:17:01,BTCUSD_PERP,bid,60500,955.29
2024-08-22 07:17:55,BTCUSD_PERP,bid,60500,656.29
2024-08-22 07:17:55,BTCUSD_PERP,bid,60500,1015.13
2024-08-22 07:17:55,BTCUSD_PERP,bid,60500,523.12
2024-08-22 07:17:55,BTCUSD_PERP,bid,60500,1075.1
2024-08-22 07:18:36,BTCUSD_PERP,bid,60500,1015.74
2024-08-22 07:18:37,BTCUSD_PERP,bid,60600,1015.8
2024-08-22 07:18:37,BTCUSD_PERP,bid,60600,1075.81
2024-08-22 07:18:37,BTCUSD_PERP,bid,60500,523.45
2024-08-22 07:18:43,BTCUSD_PERP,bid,60600,1016.41
2024-08-22 07:18:43,BTCUSD_PERP,bid,60600,956.4
2024-08-22 07:18:43,BTCUSD_PERP,bid,60600,836.38
2024-08-22 07:18:43,BTCUSD_PERP,bid,60600,776.37
2024-08-22 07:18:43,BTCUSD_PERP,bid,60600,537.65
2024-08-22 07:18:43,BTCUSD_PERP,bid,60600,548.59
2024-08-22 07:18:44,BTCUSD_PERP,bid,60600,608.64
2024-08-22 07:18:44,BTCUSD_PERP,bid,60500,523.74
2024-08-22 07:18:44,BTCUSD_PERP,bid,60600,668.69
2024-08-22 07:18:44,BTCUSD_PERP,bid,60500,583.72
2024-08-22 07:18:44,BTCUSD_PERP,bid,60600,788.17
2024-08-22 07:18:44,BTCUSD_PERP,bid,60600,848.22
2024-08-22 07:18:44,BTCUSD_PERP,bid,60600,907.65
2024-08-22 07:18:44,BTCUSD_PERP,bid,60600,967.7
2024-08-22 07:18:44,BTCUSD_PERP,bid,60600,1027.13
2024-08-22 07:18:45,BTCUSD_PERP,bid,60600,1029.31
2024-08-22 07:19:09,BTCUSD_PERP,ask,2960000,222.17
2024-08-22 07:19:19,BTCUSD_PERP,bid,60600,657.1
2024-08-22 07:19:19,BTCUSD_PERP,bid,60600,717.11
2024-08-22 07:20:09,BTCUSD_PERP,bid,60500,596.61
2024-08-22 07:20:10,BTCUSD_PERP,bid,60500,656.59
2024-08-22 07:26:11,BTCUSD_PERP,bid,60500,655.78
2024-08-22 07:27:18,BTCUSD_PERP,bid,60500,715.68
2024-08-22 07:27:25,BTCUSD_PERP,bid,60500,596.49
2024-08-22 07:27:26,BTCUSD_PERP,bid,60500,537.02
2024-08-22 07:27:26,BTCUSD_PERP,bid,60500,656.19
2024-08-22 07:31:28,BTCUSD_PERP,bid,60500,655.86
2024-08-22 07:31:45,BTCUSD_PERP,bid,60400,716.02
2024-08-22 07:31:45,BTCUSD_PERP,bid,60400,775.29
2024-08-22 07:31:57,BTCUSD_PERP,bid,60400,715.41
2024-08-22 07:31:57,BTCUSD_PERP,bid,60400,596.26
2024-08-22 07:31:57,BTCUSD_PERP,bid,60400,536.48
2024-08-22 07:31:58,BTCUSD_PERP,bid,60500,537.87
2024-08-22 07:31:58,BTCUSD_PERP,bid,60500,597.78
2024-08-22 07:31:58,BTCUSD_PERP,bid,60500,657.08
2024-08-22 07:32:21,BTCUSD_PERP,bid,60500,597.47
2024-08-22 07:32:22,BTCUSD_PERP,bid,60500,657.41
2024-08-22 07:32:32,BTCUSD_PERP,bid,60500,598.08
2024-08-22 07:32:32,BTCUSD_PERP,bid,60500,538.14
2024-08-22 07:32:34,BTCUSD_PERP,bid,60500,537.86
2024-08-22 07:33:47,BTCUSD_PERP,bid,60500,538.48
2024-08-22 07:34:08,BTCUSD_PERP,bid,60600,547.41
2024-08-22 07:34:08,BTCUSD_PERP,bid,60600,666.17
2024-08-22 07:34:08,BTCUSD_PERP,bid,60600,786.13
2024-08-22 07:34:08,BTCUSD_PERP,bid,60600,846.11
2024-08-22 07:34:13,BTCUSD_PERP,bid,60500,775.72
2024-08-22 07:34:13,BTCUSD_PERP,bid,60500,835.68
2024-08-22 07:41:08,BTCUSD_PERP,bid,60500,726.61
2024-08-22 07:41:08,BTCUSD_PERP,bid,60500,786.53
2024-08-22 07:41:30,BTCUSD_PERP,bid,60500,726.61
2024-08-22 07:41:30,BTCUSD_PERP,bid,60500,667.3
2024-08-22 07:43:37,BTCUSD_PERP,bid,60500,607.38
2024-08-22 07:43:37,BTCUSD_PERP,bid,60500,548.07
2024-08-22 07:43:37,BTCUSD_PERP,bid,60500,537.18
2024-08-22 07:43:38,BTCUSD_PERP,bid,60500,597.07
2024-08-22 07:43:38,BTCUSD_PERP,bid,60500,656.86
2024-08-22 07:43:38,BTCUSD_PERP,bid,60500,716.14
2024-08-22 07:43:38,BTCUSD_PERP,bid,60500,776.03
2024-08-22 07:46:17,BTCUSD_PERP,bid,60400,536.64
2024-08-22 07:48:19,BTCUSD_PERP,bid,60400,536.3
2024-08-22 07:48:20,BTCUSD_PERP,bid,60400,655.92
2024-08-22 07:48:20,BTCUSD_PERP,bid,60400,715.17
2024-08-22 07:48:20,BTCUSD_PERP,bid,60400,775.03
2024-08-22 07:48:20,BTCUSD_PERP,bid,60400,834.28
2024-08-22 07:48:20,BTCUSD_PERP,bid,60400,894.14
2024-08-22 07:49:09,BTCUSD_PERP,bid,60400,655.92
2024-08-22 07:49:10,BTCUSD_PERP,bid,60500,536.44
2024-08-22 07:49:10,BTCUSD_PERP,bid,60500,596.32
2024-08-22 07:49:10,BTCUSD_PERP,bid,60500,655.6
2024-08-22 07:49:10,BTCUSD_PERP,bid,60500,834.64
