2024-08-27 08:23:23,BTCUSDT,bid,47000,873.424
2024-08-27 09:02:53,BTCUSDT,bid,47000,873.427
2024-08-27 10:32:02,BTCUSDT,bid,47000,873.627
2024-08-27 10:58:34,BTCUSDT,bid,47000,873.427
2024-08-27 10:58:44,BTCUSDT,bid,47000,873.527
2024-08-27 11:00:42,BTCUSDT,bid,47000,873.53
2024-08-27 11:02:32,BTCUSDT,bid,47000,873.527
2024-08-27 11:02:49,BTCUSDT,bid,47000,873.53
2024-08-27 11:09:24,BTCUSDT,bid,47000,873.527
2024-08-27 11:37:50,BTCUSDT,bid,47000,873.523
2024-08-27 13:46:42,BTCUSDT,bid,47000,873.519
2024-08-27 14:00:27,BTCUSDT,bid,47000,873.488
2024-08-27 14:50:35,BTCUSDT,bid,47000,873.572
2024-08-27 14:51:33,BTCUSDT,bid,47000,873.488
2024-08-27 14:52:15,BTCUSDT,bid,47000,873.491
2024-08-27 16:01:45,BTCUSDT,bid,47000,873.496
2024-08-27 16:11:58,BTCUSDT,bid,47000,873.506
2024-08-27 16:21:11,BTCUSDT,bid,47000,873.544
2024-08-27 16:34:00,BTCUSDT,bid,47000,873.541
2024-08-27 17:16:44,BTCUSDT,bid,47000,873.658
2024-08-27 18:02:44,BTCUSDT,bid,47000,873.705
2024-08-27 18:05:44,BTCUSDT,bid,47000,873.605
2024-08-27 18:19:33,BTCUSDT,bid,47000,873.621
2024-08-27 18:19:41,BTCUSDT,bid,47000,873.626
2024-08-27 18:29:04,BTCUSDT,bid,47000,874.126
2024-08-27 18:31:05,BTCUSDT,bid,47000,874.121
2024-08-27 19:38:49,BTCUSDT,bid,47000,875.921
2024-08-27 19:40:16,BTCUSDT,bid,47000,874.121
2024-08-27 19:44:05,BTCUSDT,bid,47000,874.218
2024-08-27 20:06:06,BTCUSDT,bid,47000,874.215
2024-08-27 20:26:52,BTCUSDT,bid,47300,801.69
2024-08-27 20:27:00,BTCUSDT,bid,47000,874.221
2024-08-27 20:49:00,BTCUSDT,bid,47000,872.407
2024-08-27 20:51:14,BTCUSDT,bid,47000,873.341
2024-08-27 20:51:53,BTCUSDT,bid,47000,872.407
2024-08-27 20:54:35,BTCUSDT,bid,47000,874.48
2024-08-27 21:26:08,BTCUSDT,bid,47000,874.518
2024-08-27 21:28:27,BTCUSDT,bid,47000,874.497
2024-08-27 21:35:55,BTCUSDT,bid,47000,874.297
2024-08-27 21:53:55,BTCUSDT,bid,47000,874.303
2024-08-27 22:24:46,BTCUSDT,bid,47000,874.734
2024-08-27 22:30:46,BTCUSDT,bid,47000,874.704
2024-08-27 22:57:02,BTCUSDT,bid,47000,874.929
2024-08-27 22:59:26,BTCUSDT,bid,47000,874.927
2024-08-27 23:03:38,BTCUSDT,bid,47000,874.702
2024-08-27 23:12:54,BTCUSDT,bid,47000,874.692
2024-08-27 23:16:31,BTCUSDT,bid,47000,874.757
2024-08-27 23:29:55,BTCUSDT,bid,47000,874.66
2024-08-27 23:37:29,BTCUSDT,bid,47000,874.663
2024-08-27 23:49:45,BTCUSDT,bid,47300,802.09
2024-08-27 23:58:30,BTCUSDT,bid,47300,801.69
2024-08-28 00:48:55,BTCUSDT,bid,47000,874.677
2024-08-28 02:15:30,BTCUSDT,bid,47000,874.56
2024-08-28 03:44:49,BTCUSDT,bid,47000,874.557
2024-08-28 04:13:39,BTCUSDT,bid,47000,874.494
2024-08-28 04:14:04,BTCUSDT,bid,47000,874.536
2024-08-28 04:14:08,BTCUSDT,bid,47000,874.036
2024-08-28 04:37:08,BTCUSDT,bid,47000,874.048
2024-08-28 04:39:15,BTCUSDT,bid,47000,873.963
2024-08-28 04:47:02,BTCUSDT,bid,47000,874.095
2024-08-27 11:57:54,BTCUSD_PERP,ask,68000,559.55
2024-08-27 11:57:55,BTCUSD_PERP,ask,68000,558.8
2024-08-27 12:30:18,BTCUSD_PERP,ask,68000,558.81
2024-08-27 12:45:30,BTCUSD_PERP,ask,63800,479.36
2024-08-27 12:56:31,BTCUSD_PERP,ask,63800,479.76
2024-08-27 13:01:23,BTCUSD_PERP,ask,63700,475.33
2024-08-27 13:16:09,BTCUSD_PERP,ask,68000,558.89
2024-08-27 13:23:30,BTCUSD_PERP,ask,63700,521.6
2024-08-27 13:23:31,BTCUSD_PERP,ask,63700,542.61
2024-08-27 13:23:34,BTCUSD_PERP,ask,63700,563.62
2024-08-27 13:23:42,BTCUSD_PERP,ask,63700,573.8
2024-08-27 13:23:46,BTCUSD_PERP,ask,63700,583.98
2024-08-27 13:23:47,BTCUSD_PERP,ask,63700,594.16
2024-08-27 13:23:49,BTCUSD_PERP,ask,63700,600.52
2024-08-27 13:23:50,BTCUSD_PERP,ask,63700,606.88
2024-08-27 13:23:52,BTCUSD_PERP,ask,63700,617.06
2024-08-27 13:23:56,BTCUSD_PERP,ask,63700,623.42
2024-08-27 13:24:00,BTCUSD_PERP,ask,63700,633.6
2024-08-27 13:24:02,BTCUSD_PERP,ask,63700,639.96
2024-08-27 13:24:03,BTCUSD_PERP,ask,63700,629.78
2024-08-27 13:24:03,BTCUSD_PERP,ask,63700,639.96
2024-08-27 13:24:06,BTCUSD_PERP,ask,63700,633.6
2024-08-27 13:24:06,BTCUSD_PERP,ask,63700,639.96
2024-08-27 13:24:08,BTCUSD_PERP,ask,63700,660.97
2024-08-27 13:24:12,BTCUSD_PERP,ask,63700,650.79
2024-08-27 13:24:14,BTCUSD_PERP,ask,63700,640.61
2024-08-27 13:24:16,BTCUSD_PERP,ask,63700,630.74
2024-08-27 13:24:16,BTCUSD_PERP,ask,63700,620.56
2024-08-27 13:24:30,BTCUSD_PERP,ask,63700,610.38
2024-08-27 13:24:42,BTCUSD_PERP,ask,63700,600.2
2024-08-27 13:24:46,BTCUSD_PERP,ask,63700,590.02
2024-08-27 13:24:48,BTCUSD_PERP,ask,63700,579.84
2024-08-27 13:24:50,BTCUSD_PERP,ask,63700,573.48
2024-08-27 13:24:52,BTCUSD_PERP,ask,63700,563.3
2024-08-27 13:24:53,BTCUSD_PERP,ask,63700,556.94
2024-08-27 13:24:56,BTCUSD_PERP,ask,63700,550.58
2024-08-27 13:25:00,BTCUSD_PERP,ask,63700,540.4
2024-08-27 13:25:02,BTCUSD_PERP,ask,63700,534.04
2024-08-27 13:25:04,BTCUSD_PERP,ask,63700,523.86
2024-08-27 13:25:07,BTCUSD_PERP,ask,63700,517.5
2024-08-27 13:25:13,BTCUSD_PERP,ask,63700,496.49
2024-08-27 13:25:14,BTCUSD_PERP,ask,63700,475.48
2024-08-27 13:25:27,BTCUSD_PERP,ask,63700,475.48
2024-08-27 13:25:34,BTCUSD_PERP,ask,63700,475.48
2024-08-27 13:25:34,BTCUSD_PERP,ask,63700,485.66
2024-08-27 13:26:18,BTCUSD_PERP,ask,63700,471.61
2024-08-27 13:26:26,BTCUSD_PERP,ask,63700,477.97
2024-08-27 13:26:36,BTCUSD_PERP,ask,63700,488.15
2024-08-27 13:26:38,BTCUSD_PERP,ask,63700,494.51
2024-08-27 13:27:16,BTCUSD_PERP,ask,63700,484.33
2024-08-27 13:27:17,BTCUSD_PERP,ask,63700,474.47
2024-08-27 13:28:40,BTCUSD_PERP,ask,63600,472.33
2024-08-27 13:31:07,BTCUSD_PERP,ask,63600,491.18
2024-08-27 13:34:45,BTCUSD_PERP,ask,63500,491.7
2024-08-27 13:34:45,BTCUSD_PERP,ask,63500,554.6
2024-08-27 13:34:50,BTCUSD_PERP,ask,63500,554.51
2024-08-27 13:35:06,BTCUSD_PERP,ask,63500,533.75
2024-08-27 13:35:08,BTCUSD_PERP,ask,63500,527.46
2024-08-27 14:43:49,BTCUSD_PERP,ask,63500,476.93
2024-08-27 14:44:13,BTCUSD_PERP,ask,63500,483.27
2024-08-27 14:44:15,BTCUSD_PERP,ask,63500,504.21
2024-08-27 14:44:17,BTCUSD_PERP,ask,63500,514.36
2024-08-27 14:44:19,BTCUSD_PERP,ask,63500,524.51
2024-08-27 14:44:19,BTCUSD_PERP,ask,63500,530.85
2024-08-27 14:44:21,BTCUSD_PERP,ask,63500,541.0
2024-08-27 14:44:24,BTCUSD_PERP,ask,63500,547.34
2024-08-27 14:44:41,BTCUSD_PERP,ask,63500,537.51
2024-08-27 14:44:43,BTCUSD_PERP,ask,63500,527.36
2024-08-27 14:45:14,BTCUSD_PERP,ask,63500,521.02
2024-08-27 14:45:17,BTCUSD_PERP,ask,63500,510.87
2024-08-27 14:45:19,BTCUSD_PERP,ask,63500,500.4
2024-08-27 14:45:19,BTCUSD_PERP,ask,63500,490.25
2024-08-27 14:45:19,BTCUSD_PERP,ask,63500,483.91
2024-08-27 14:45:21,BTCUSD_PERP,ask,63500,477.57
2024-08-27 14:52:38,BTCUSD_PERP,ask,63500,477.79
2024-08-27 14:52:38,BTCUSD_PERP,ask,63500,487.94
2024-08-27 14:52:41,BTCUSD_PERP,ask,63500,498.09
2024-08-27 14:52:42,BTCUSD_PERP,ask,63500,519.04
2024-08-27 14:52:47,BTCUSD_PERP,ask,63500,528.88
2024-08-27 14:52:49,BTCUSD_PERP,ask,63500,539.03
2024-08-27 14:53:37,BTCUSD_PERP,ask,63500,528.88
2024-08-27 14:53:38,BTCUSD_PERP,ask,63500,518.73
2024-08-27 14:53:41,BTCUSD_PERP,ask,63500,508.58
2024-08-27 14:53:47,BTCUSD_PERP,ask,63500,498.74
2024-08-27 14:53:49,BTCUSD_PERP,ask,63500,488.59
2024-08-27 14:54:14,BTCUSD_PERP,ask,63500,482.25
2024-08-27 15:23:31,BTCUSD_PERP,ask,68000,557.51
2024-08-27 15:25:23,BTCUSD_PERP,bid,59000,538.72
2024-08-27 16:07:56,BTCUSD_PERP,ask,68000,550.71
2024-08-27 16:36:49,BTCUSD_PERP,bid,42000,1061.88
2024-08-27 16:38:38,BTCUSD_PERP,ask,63400,482.28
2024-08-27 16:38:38,BTCUSD_PERP,ask,63400,475.94
2024-08-27 16:38:39,BTCUSD_PERP,ask,63400,482.28
2024-08-27 16:38:40,BTCUSD_PERP,ask,63400,488.62
2024-08-27 16:38:52,BTCUSD_PERP,ask,63400,494.96
2024-08-27 16:38:58,BTCUSD_PERP,ask,63400,515.89
2024-08-27 16:39:14,BTCUSD_PERP,ask,63400,505.75
2024-08-27 16:39:18,BTCUSD_PERP,ask,63400,495.61
2024-08-27 16:39:20,BTCUSD_PERP,ask,63400,485.47
2024-08-27 16:39:20,BTCUSD_PERP,ask,63400,475.33
2024-08-27 17:25:21,BTCUSD_PERP,ask,68000,549.14
2024-08-27 17:33:44,BTCUSD_PERP,ask,63000,477.43
2024-08-27 17:33:44,BTCUSD_PERP,ask,63000,487.5
2024-08-27 17:33:45,BTCUSD_PERP,ask,63000,497.57
2024-08-27 17:33:45,BTCUSD_PERP,ask,63000,507.64
2024-08-27 17:33:46,BTCUSD_PERP,ask,63000,517.39
2024-08-27 17:34:40,BTCUSD_PERP,ask,63000,527.46
2024-08-27 17:34:41,BTCUSD_PERP,ask,63000,537.52
2024-08-27 17:34:41,BTCUSD_PERP,ask,63000,527.45
2024-08-27 17:34:42,BTCUSD_PERP,ask,63000,537.52
2024-08-27 17:34:42,BTCUSD_PERP,ask,63000,547.59
2024-08-27 17:34:43,BTCUSD_PERP,ask,63000,537.52
2024-08-27 17:34:43,BTCUSD_PERP,ask,63000,547.59
2024-08-27 17:34:44,BTCUSD_PERP,ask,63000,537.52
2024-08-27 17:34:45,BTCUSD_PERP,ask,63000,547.59
2024-08-27 17:34:45,BTCUSD_PERP,ask,63000,537.52
2024-08-27 17:34:46,BTCUSD_PERP,ask,63000,527.45
2024-08-27 17:34:47,BTCUSD_PERP,ask,63000,517.7
2024-08-27 17:34:55,BTCUSD_PERP,ask,63000,497.11
2024-08-27 17:39:35,BTCUSD_PERP,bid,59000,540.19
2024-08-27 17:39:53,BTCUSD_PERP,bid,44000,1127.1
2024-08-27 17:44:47,BTCUSD_PERP,bid,59000,2040.39
2024-08-27 17:47:46,BTCUSD_PERP,bid,44000,1127.09
2024-08-27 17:51:21,BTCUSD_PERP,bid,59000,2040.59
2024-08-27 17:52:16,BTCUSD_PERP,bid,59000,2040.39
2024-08-27 17:55:52,BTCUSD_PERP,bid,47000,2441.54
2024-08-27 17:57:02,BTCUSD_PERP,bid,59600,2026.69
2024-08-27 18:23:37,BTCUSD_PERP,bid,59600,2020.73
2024-08-27 18:34:52,BTCUSD_PERP,bid,42000,1061.87
2024-08-27 18:34:52,BTCUSD_PERP,bid,44000,1127.08
2024-08-27 18:34:52,BTCUSD_PERP,ask,68000,549.13
2024-08-27 18:36:56,BTCUSD_PERP,bid,42000,1061.88
2024-08-27 18:36:56,BTCUSD_PERP,bid,44000,1127.09
2024-08-27 18:36:56,BTCUSD_PERP,ask,68000,549.14
2024-08-27 19:04:58,BTCUSD_PERP,ask,63100,529.88
2024-08-27 19:05:15,BTCUSD_PERP,ask,63100,509.07
2024-08-27 19:05:18,BTCUSD_PERP,ask,63100,488.27
2024-08-27 19:14:19,BTCUSD_PERP,ask,63000,483.65
2024-08-27 19:14:20,BTCUSD_PERP,ask,63000,493.41
2024-08-27 19:14:20,BTCUSD_PERP,ask,63000,503.49
2024-08-27 19:14:21,BTCUSD_PERP,ask,63000,509.78
2024-08-27 19:15:17,BTCUSD_PERP,ask,63000,499.7
2024-08-27 19:15:18,BTCUSD_PERP,ask,63000,489.62
2024-08-27 19:15:18,BTCUSD_PERP,ask,63000,479.54
2024-08-27 19:41:24,BTCUSD_PERP,ask,63000,479.92
2024-08-27 20:13:34,BTCUSD_PERP,ask,63000,479.83
2024-08-27 20:19:19,BTCUSD_PERP,bid,47000,2441.52
2024-08-27 20:26:45,BTCUSD_PERP,ask,68000,549.08
2024-08-27 21:07:31,BTCUSD_PERP,bid,61400,495.95
2024-08-27 21:07:31,BTCUSD_PERP,bid,61400,556.19
2024-08-27 21:07:31,BTCUSD_PERP,bid,61400,616.43
2024-08-27 21:07:31,BTCUSD_PERP,bid,61400,676.68
2024-08-27 21:07:42,BTCUSD_PERP,bid,61400,554.95
2024-08-27 21:07:42,BTCUSD_PERP,bid,61400,675.93
2024-08-27 21:07:42,BTCUSD_PERP,bid,61400,736.73
2024-08-27 21:07:44,BTCUSD_PERP,bid,61400,675.93
2024-08-27 21:07:45,BTCUSD_PERP,bid,61400,554.33
2024-08-27 21:07:45,BTCUSD_PERP,bid,61400,494.15
2024-08-27 21:07:46,BTCUSD_PERP,bid,61400,544.93
2024-08-27 21:07:47,BTCUSD_PERP,bid,61400,605.76
2024-08-27 21:07:47,BTCUSD_PERP,ask,68000,549.02
2024-08-27 21:07:52,BTCUSD_PERP,bid,61400,531.23
2024-08-27 21:08:30,BTCUSD_PERP,ask,68000,549.82
2024-08-27 21:08:38,BTCUSD_PERP,bid,61400,727.14
2024-08-27 21:08:38,BTCUSD_PERP,bid,61400,788.0
2024-08-27 21:08:38,BTCUSD_PERP,bid,61400,848.86
2024-08-27 21:08:41,BTCUSD_PERP,bid,61400,787.59
2024-08-27 21:08:41,BTCUSD_PERP,bid,61400,848.42
2024-08-27 21:09:37,BTCUSD_PERP,bid,61300,495.39
2024-08-27 21:09:45,BTCUSD_PERP,bid,61400,545.51
2024-08-27 21:09:45,BTCUSD_PERP,bid,61400,606.34
2024-08-27 21:10:08,BTCUSD_PERP,bid,61300,545.14
2024-08-27 21:10:08,BTCUSD_PERP,bid,61300,666.07
2024-08-27 21:10:08,BTCUSD_PERP,bid,61300,726.85
2024-08-27 21:10:09,BTCUSD_PERP,bid,61300,666.7
2024-08-27 21:10:09,BTCUSD_PERP,bid,61400,544.89
2024-08-27 21:10:37,BTCUSD_PERP,bid,61400,545.97
2024-08-27 21:10:42,BTCUSD_PERP,bid,61400,545.67
2024-08-27 21:10:43,BTCUSD_PERP,bid,61400,547.87
2024-08-27 21:12:28,BTCUSD_PERP,bid,61300,544.44
2024-08-27 21:13:29,BTCUSD_PERP,bid,61300,543.73
2024-08-27 21:13:51,BTCUSD_PERP,bid,61200,543.42
2024-08-27 21:13:51,BTCUSD_PERP,bid,61200,604.09
2024-08-27 21:14:34,BTCUSD_PERP,bid,61200,543.42
2024-08-27 21:14:52,BTCUSD_PERP,bid,61300,605.08
2024-08-27 21:15:17,BTCUSD_PERP,bid,61300,544.32
2024-08-27 21:15:18,BTCUSD_PERP,bid,61300,541.11
2024-08-27 21:15:18,BTCUSD_PERP,bid,61400,545.86
2024-08-27 21:15:18,BTCUSD_PERP,bid,61400,666.84
2024-08-27 21:15:22,BTCUSD_PERP,bid,61400,606.04
2024-08-27 21:15:22,BTCUSD_PERP,bid,61400,545.24
2024-08-27 21:15:55,BTCUSD_PERP,bid,61300,725.66
2024-08-27 21:15:55,BTCUSD_PERP,bid,61300,786.39
2024-08-27 21:15:56,BTCUSD_PERP,bid,61300,847.12
2024-08-27 21:16:02,BTCUSD_PERP,bid,61300,725.66
2024-08-27 21:16:03,BTCUSD_PERP,bid,61300,664.93
2024-08-27 21:16:03,BTCUSD_PERP,bid,61300,603.87
2024-08-27 21:16:03,BTCUSD_PERP,bid,61300,664.57
2024-08-27 21:16:07,BTCUSD_PERP,bid,61200,785.48
2024-08-27 21:16:07,BTCUSD_PERP,bid,61200,846.14
2024-08-27 21:16:10,BTCUSD_PERP,bid,61200,725.44
2024-08-27 21:16:11,BTCUSD_PERP,bid,61200,604.74
2024-08-27 21:16:11,BTCUSD_PERP,bid,61200,544.08
2024-08-27 21:17:03,BTCUSD_PERP,ask,62500,516.37
2024-08-27 21:17:03,BTCUSD_PERP,ask,62500,541.13
2024-08-27 21:17:03,BTCUSD_PERP,ask,62500,550.41
2024-08-27 21:17:04,BTCUSD_PERP,ask,62500,559.78
2024-08-27 21:17:14,BTCUSD_PERP,ask,62500,525.74
2024-08-27 21:18:26,BTCUSD_PERP,bid,61400,493.69
2024-08-27 21:18:26,BTCUSD_PERP,bid,61400,554.51
2024-08-27 21:18:37,BTCUSD_PERP,bid,61400,494.31
2024-08-27 21:18:39,BTCUSD_PERP,bid,61400,501.24
2024-08-27 21:20:23,BTCUSD_PERP,bid,61200,666.77
2024-08-27 21:20:23,BTCUSD_PERP,bid,61200,909.37
2024-08-27 21:20:23,BTCUSD_PERP,bid,61200,970.02
2024-08-27 21:20:24,BTCUSD_PERP,bid,61200,909.37
2024-08-27 21:20:30,BTCUSD_PERP,bid,61300,664.94
2024-08-27 21:20:30,BTCUSD_PERP,bid,61300,786.42
2024-08-27 21:20:31,BTCUSD_PERP,bid,61300,907.9
2024-08-27 21:20:31,BTCUSD_PERP,bid,61200,545.0
2024-08-27 21:20:31,BTCUSD_PERP,bid,61300,968.02
2024-08-27 21:20:31,BTCUSD_PERP,bid,61200,590.51
2024-08-27 21:20:42,BTCUSD_PERP,bid,61200,530.44
2024-08-27 21:20:42,BTCUSD_PERP,bid,61300,544.08
2024-08-27 21:20:42,BTCUSD_PERP,bid,61200,529.6
2024-08-27 21:20:42,BTCUSD_PERP,bid,61300,846.7
2024-08-27 21:20:42,BTCUSD_PERP,bid,61200,590.2
2024-08-27 21:20:42,BTCUSD_PERP,bid,61300,907.41
2024-08-27 21:20:44,BTCUSD_PERP,bid,61300,846.7
2024-08-27 21:20:44,BTCUSD_PERP,bid,61300,785.99
2024-08-27 21:20:44,BTCUSD_PERP,bid,61200,530.16
2024-08-27 21:20:44,BTCUSD_PERP,bid,61300,725.28
2024-08-27 21:20:44,BTCUSD_PERP,bid,61300,665.2
2024-08-27 21:20:44,BTCUSD_PERP,bid,61300,604.49
2024-08-27 21:20:45,BTCUSD_PERP,bid,61300,544.83
2024-08-27 21:20:45,BTCUSD_PERP,bid,61300,604.95
2024-08-27 21:20:45,BTCUSD_PERP,bid,61200,529.87
2024-08-27 21:20:45,BTCUSD_PERP,bid,61300,725.8
2024-08-27 21:20:45,BTCUSD_PERP,bid,61200,590.51
2024-08-27 21:20:45,BTCUSD_PERP,bid,61300,786.53
2024-08-27 21:20:45,BTCUSD_PERP,bid,61300,846.65
2024-08-27 21:20:46,BTCUSD_PERP,bid,61300,907.38
2024-08-27 21:20:59,BTCUSD_PERP,bid,61300,847.26
2024-08-27 21:20:59,BTCUSD_PERP,bid,61300,787.14
2024-08-27 21:20:59,BTCUSD_PERP,bid,61200,545.0
2024-08-27 21:20:59,BTCUSD_PERP,bid,61300,726.41
2024-08-27 21:20:59,BTCUSD_PERP,bid,61300,665.68
2024-08-27 21:21:00,BTCUSD_PERP,bid,61300,544.83
2024-08-27 21:21:04,BTCUSD_PERP,bid,61300,544.4
2024-08-27 21:21:18,BTCUSD_PERP,bid,61300,545.51
2024-08-27 21:21:19,BTCUSD_PERP,bid,61300,606.26
2024-08-27 21:21:26,BTCUSD_PERP,bid,61300,667.01
2024-08-27 21:22:20,BTCUSD_PERP,bid,61300,606.26
2024-08-27 21:22:51,BTCUSD_PERP,bid,61300,543.65
2024-08-27 21:22:51,BTCUSD_PERP,bid,61300,604.33
2024-08-27 21:22:51,BTCUSD_PERP,bid,61300,665.01
2024-08-27 21:22:51,BTCUSD_PERP,bid,61300,725.07
2024-08-27 21:22:52,BTCUSD_PERP,bid,61300,727.27
2024-08-27 21:23:14,BTCUSD_PERP,bid,61300,667.21
2024-08-27 21:23:14,BTCUSD_PERP,bid,61300,607.15
2024-08-27 21:23:14,BTCUSD_PERP,bid,61300,546.47
2024-08-27 21:23:16,BTCUSD_PERP,bid,61300,544.07
2024-08-27 21:23:16,BTCUSD_PERP,bid,61300,604.8
2024-08-27 21:23:16,BTCUSD_PERP,bid,61300,665.53
2024-08-27 21:23:46,BTCUSD_PERP,bid,61300,605.42
2024-08-27 21:23:47,BTCUSD_PERP,bid,61300,544.69
2024-08-27 21:23:48,BTCUSD_PERP,bid,61300,676.73
2024-08-27 21:24:00,BTCUSD_PERP,bid,61300,615.97
2024-08-27 21:24:03,BTCUSD_PERP,bid,61300,495.07
2024-08-27 21:24:10,BTCUSD_PERP,bid,61400,606.62
2024-08-27 21:24:10,BTCUSD_PERP,bid,61400,666.85
2024-08-27 21:24:19,BTCUSD_PERP,bid,42000,1061.87
2024-08-27 21:24:19,BTCUSD_PERP,bid,44000,1127.08
2024-08-27 21:24:19,BTCUSD_PERP,bid,47000,2441.51
2024-08-27 21:24:57,BTCUSD_PERP,bid,61400,606.0
2024-08-27 21:24:58,BTCUSD_PERP,bid,61400,545.51
2024-08-27 21:26:59,BTCUSD_PERP,ask,68000,551.82
2024-08-27 21:27:13,BTCUSD_PERP,bid,44000,1127.22
2024-08-27 21:29:10,BTCUSD_PERP,bid,47000,2441.5
2024-08-27 21:34:58,BTCUSD_PERP,bid,61400,545.97
2024-08-27 21:36:16,BTCUSD_PERP,bid,61400,544.72
2024-08-27 21:36:52,BTCUSD_PERP,bid,61400,545.69
2024-08-27 21:36:52,BTCUSD_PERP,bid,61400,605.9
2024-08-27 21:37:41,BTCUSD_PERP,bid,61400,545.06
2024-08-27 21:37:42,BTCUSD_PERP,bid,61400,544.12
2024-08-27 21:37:42,BTCUSD_PERP,bid,61400,604.92
2024-08-27 21:37:42,BTCUSD_PERP,bid,61400,665.72
2024-08-27 21:38:21,BTCUSD_PERP,bid,61400,667.28
2024-08-27 21:38:38,BTCUSD_PERP,bid,61400,607.1
2024-08-27 21:38:39,BTCUSD_PERP,bid,61400,787.42
2024-08-27 21:38:39,BTCUSD_PERP,bid,61400,848.26
2024-08-27 21:38:43,BTCUSD_PERP,bid,61400,848.31
2024-08-27 21:38:44,BTCUSD_PERP,bid,61400,787.47
2024-08-27 21:38:44,BTCUSD_PERP,bid,61400,726.63
2024-08-27 21:38:44,BTCUSD_PERP,bid,61400,665.79
2024-08-27 21:38:44,BTCUSD_PERP,bid,61400,604.95
2024-08-27 21:38:45,BTCUSD_PERP,bid,61400,544.11
2024-08-27 21:38:46,BTCUSD_PERP,bid,61400,544.9
2024-08-27 21:38:46,BTCUSD_PERP,bid,61400,605.15
2024-08-27 21:44:14,BTCUSD_PERP,bid,47000,2441.27
2024-08-27 21:48:25,BTCUSD_PERP,bid,61400,667.49
2024-08-27 21:48:26,BTCUSD_PERP,bid,61400,728.35
2024-08-27 21:50:13,BTCUSD_PERP,bid,61400,727.26
2024-08-27 21:50:13,BTCUSD_PERP,bid,61400,969.3
2024-08-27 21:50:14,BTCUSD_PERP,bid,61400,1030.12
2024-08-27 21:50:20,BTCUSD_PERP,bid,61400,918.12
2024-08-27 21:50:20,BTCUSD_PERP,bid,61400,978.9
2024-08-27 21:51:04,BTCUSD_PERP,bid,61400,918.12
2024-08-27 21:51:04,BTCUSD_PERP,bid,61400,857.34
2024-08-27 21:51:04,BTCUSD_PERP,bid,61400,736.4
2024-08-27 21:51:04,BTCUSD_PERP,bid,61400,676.24
2024-08-27 21:51:05,BTCUSD_PERP,bid,61400,615.46
2024-08-27 21:51:05,BTCUSD_PERP,bid,61400,554.68
2024-08-27 21:51:05,BTCUSD_PERP,bid,61400,494.51
2024-08-27 21:51:54,BTCUSD_PERP,bid,61300,544.34
2024-08-27 21:53:50,BTCUSD_PERP,bid,61300,604.98
2024-08-27 21:55:22,BTCUSD_PERP,bid,61400,545.18
2024-08-27 21:55:22,BTCUSD_PERP,bid,61400,605.34
2024-08-27 21:57:41,BTCUSD_PERP,bid,61300,544.28
2024-08-27 22:01:24,BTCUSD_PERP,bid,61200,663.51
2024-08-27 22:01:24,BTCUSD_PERP,bid,61200,724.12
2024-08-27 22:01:30,BTCUSD_PERP,bid,61200,663.51
2024-08-27 22:01:30,BTCUSD_PERP,bid,61200,603.52
2024-08-27 22:01:31,BTCUSD_PERP,bid,61200,542.91
2024-08-27 22:01:46,BTCUSD_PERP,bid,61200,542.22
2024-08-27 22:01:46,BTCUSD_PERP,bid,61200,784.0
2024-08-27 22:02:23,BTCUSD_PERP,bid,61200,724.01
2024-08-27 22:02:24,BTCUSD_PERP,bid,61200,664.02
2024-08-27 22:02:24,BTCUSD_PERP,bid,61200,603.42
2024-08-27 22:03:04,BTCUSD_PERP,ask,71000,1535.09
2024-08-27 22:03:17,BTCUSD_PERP,bid,61100,602.57
2024-08-27 22:03:17,BTCUSD_PERP,bid,61100,722.98
2024-08-27 22:03:17,BTCUSD_PERP,bid,61100,783.55
2024-08-27 22:05:23,BTCUSD_PERP,bid,61100,724.35
2024-08-27 22:05:23,BTCUSD_PERP,bid,61100,784.3
2024-08-27 22:05:23,BTCUSD_PERP,bid,61100,844.88
2024-08-27 22:05:27,BTCUSD_PERP,bid,61100,724.34
2024-08-27 22:05:27,BTCUSD_PERP,bid,61100,663.76
2024-08-27 22:05:27,BTCUSD_PERP,bid,61100,542.6
2024-08-27 22:05:27,BTCUSD_PERP,bid,61200,493.95
2024-08-27 22:05:27,BTCUSD_PERP,bid,61200,613.95
2024-08-27 22:05:27,BTCUSD_PERP,bid,61200,855.71
2024-08-27 22:05:29,BTCUSD_PERP,bid,61200,674.57
2024-08-27 22:05:31,BTCUSD_PERP,bid,61200,613.95
2024-08-27 22:05:31,BTCUSD_PERP,bid,61200,604.12
2024-08-27 22:05:32,BTCUSD_PERP,bid,61200,664.78
2024-08-27 22:05:52,BTCUSD_PERP,bid,61200,603.73
2024-08-27 22:05:52,BTCUSD_PERP,bid,61200,664.35
2024-08-27 22:06:00,BTCUSD_PERP,bid,61200,543.11
2024-08-27 22:06:11,BTCUSD_PERP,bid,61300,545.19
2024-08-27 22:06:33,BTCUSD_PERP,bid,61300,543.59
2024-08-27 22:06:33,BTCUSD_PERP,bid,61300,604.27
2024-08-27 22:06:41,BTCUSD_PERP,bid,61300,544.2
2024-08-27 22:06:44,BTCUSD_PERP,bid,61300,544.69
2024-08-27 22:07:44,BTCUSD_PERP,bid,61300,606.06
2024-08-27 22:07:44,BTCUSD_PERP,bid,61300,726.92
2024-08-27 22:07:44,BTCUSD_PERP,bid,61300,787.66
2024-08-27 22:08:15,BTCUSD_PERP,bid,61300,544.54
2024-08-27 22:08:15,BTCUSD_PERP,bid,61300,605.25
2024-08-27 22:08:40,BTCUSD_PERP,bid,61300,544.54
2024-08-27 22:10:22,BTCUSD_PERP,bid,61400,544.14
2024-08-27 22:10:22,BTCUSD_PERP,bid,61400,604.95
2024-08-27 22:10:23,BTCUSD_PERP,bid,61400,725.94
2024-08-27 22:10:23,BTCUSD_PERP,bid,61400,786.12
2024-08-27 22:10:23,BTCUSD_PERP,bid,61400,846.83
2024-08-27 22:10:26,BTCUSD_PERP,bid,61400,848.11
2024-08-27 22:14:06,BTCUSD_PERP,bid,61300,544.36
2024-08-27 22:16:25,BTCUSD_PERP,bid,61300,544.09
2024-08-27 22:16:26,BTCUSD_PERP,bid,61300,604.82
2024-08-27 22:21:30,BTCUSD_PERP,bid,61200,541.96
2024-08-27 22:21:30,BTCUSD_PERP,bid,61200,602.59
2024-08-27 22:23:42,BTCUSD_PERP,bid,61200,602.9
2024-08-27 22:23:43,BTCUSD_PERP,bid,61200,663.5
2024-08-27 22:23:43,BTCUSD_PERP,bid,61200,724.1
2024-08-27 22:24:24,BTCUSD_PERP,bid,61200,663.5
2024-08-27 22:24:24,BTCUSD_PERP,bid,61200,603.82
2024-08-27 22:24:25,BTCUSD_PERP,bid,61200,724.47
2024-08-27 22:24:25,BTCUSD_PERP,bid,61200,784.48
2024-08-27 22:24:25,BTCUSD_PERP,bid,61200,845.11
2024-08-27 22:24:25,BTCUSD_PERP,bid,61200,905.74
2024-08-27 22:24:43,BTCUSD_PERP,bid,61200,845.11
2024-08-27 22:24:43,BTCUSD_PERP,bid,61200,844.08
2024-08-27 22:24:43,BTCUSD_PERP,bid,61200,965.28
2024-08-27 22:25:46,BTCUSD_PERP,bid,61100,603.84
2024-08-27 22:25:46,BTCUSD_PERP,bid,61100,723.75
2024-08-27 22:25:46,BTCUSD_PERP,bid,61100,784.32
2024-08-27 22:26:15,BTCUSD_PERP,bid,61100,724.37
2024-08-27 22:26:15,BTCUSD_PERP,bid,61100,664.42
2024-08-27 22:26:15,BTCUSD_PERP,bid,61100,603.85
2024-08-27 22:26:16,BTCUSD_PERP,bid,61200,543.01
2024-08-27 22:26:16,BTCUSD_PERP,bid,61200,664.23
2024-08-27 22:26:16,BTCUSD_PERP,bid,61200,724.22
2024-08-27 22:26:16,BTCUSD_PERP,bid,61200,784.21
2024-08-27 22:26:16,BTCUSD_PERP,bid,61200,844.82
2024-08-27 22:27:56,BTCUSD_PERP,bid,61200,784.21
2024-08-27 22:27:57,BTCUSD_PERP,bid,61200,723.6
2024-08-27 22:27:57,BTCUSD_PERP,bid,61100,662.57
2024-08-27 22:27:57,BTCUSD_PERP,bid,61100,783.71
2024-08-27 22:28:23,BTCUSD_PERP,bid,61100,663.19
2024-08-27 22:28:24,BTCUSD_PERP,bid,61100,603.23
2024-08-27 22:28:24,BTCUSD_PERP,bid,61200,543.02
2024-08-27 22:28:25,BTCUSD_PERP,bid,61200,603.63
2024-08-27 22:28:50,BTCUSD_PERP,bid,61200,543.34
2024-08-27 22:28:50,BTCUSD_PERP,bid,61200,603.99
2024-08-27 22:34:12,BTCUSD_PERP,bid,61000,540.87
2024-08-27 22:36:16,BTCUSD_PERP,bid,60900,539.78
2024-08-27 22:36:49,BTCUSD_PERP,bid,60900,542.09
2024-08-27 22:36:49,BTCUSD_PERP,bid,60900,601.86
2024-08-27 22:37:01,BTCUSD_PERP,bid,60900,541.48
2024-08-27 22:37:48,BTCUSD_PERP,bid,61100,672.98
2024-08-27 22:37:49,BTCUSD_PERP,bid,61100,733.47
2024-08-27 22:37:49,BTCUSD_PERP,bid,61100,793.34
2024-08-27 22:37:49,BTCUSD_PERP,bid,61100,914.32
2024-08-27 22:37:49,BTCUSD_PERP,bid,61000,502.79
2024-08-27 22:37:49,BTCUSD_PERP,bid,61100,974.19
2024-08-27 22:38:28,BTCUSD_PERP,bid,61100,914.32
2024-08-27 22:38:28,BTCUSD_PERP,bid,61100,853.83
2024-08-27 22:38:28,BTCUSD_PERP,bid,61100,793.44
2024-08-27 22:38:29,BTCUSD_PERP,bid,61100,673.08
2024-08-27 22:38:29,BTCUSD_PERP,bid,61100,553.34
2024-08-27 22:38:29,BTCUSD_PERP,bid,61100,492.85
2024-08-27 22:40:11,BTCUSD_PERP,bid,61000,663.71
2024-08-27 22:40:11,BTCUSD_PERP,bid,61000,542.88
2024-08-27 22:40:11,BTCUSD_PERP,bid,61000,724.16
2024-08-27 22:40:16,BTCUSD_PERP,bid,61000,663.71
2024-08-27 22:40:16,BTCUSD_PERP,bid,61000,603.26
2024-08-27 22:40:16,BTCUSD_PERP,bid,61000,542.81
2024-08-27 22:40:21,BTCUSD_PERP,bid,61000,542.81
2024-08-27 22:40:21,BTCUSD_PERP,bid,61000,603.26
2024-08-27 22:41:36,BTCUSD_PERP,bid,61000,663.94
2024-08-27 22:41:36,BTCUSD_PERP,bid,61000,724.42
2024-08-27 22:41:36,BTCUSD_PERP,bid,61000,542.66
2024-08-27 22:41:36,BTCUSD_PERP,bid,61000,784.9
2024-08-27 22:42:20,BTCUSD_PERP,bid,61000,724.42
2024-08-27 22:42:20,BTCUSD_PERP,bid,61000,663.94
2024-08-27 22:42:20,BTCUSD_PERP,bid,61000,543.6
2024-08-27 22:42:26,BTCUSD_PERP,bid,61000,541.45
2024-08-27 22:43:28,BTCUSD_PERP,bid,61100,542.01
2024-08-27 22:43:28,BTCUSD_PERP,bid,61100,602.52
2024-08-27 22:43:28,BTCUSD_PERP,bid,61100,722.93
2024-08-27 22:43:28,BTCUSD_PERP,bid,61100,903.85
2024-08-27 22:43:29,BTCUSD_PERP,bid,61100,964.36
2024-08-27 22:43:29,BTCUSD_PERP,bid,61100,1024.87
2024-08-27 22:43:29,BTCUSD_PERP,bid,61000,538.7
2024-08-27 22:43:29,BTCUSD_PERP,bid,61100,1144.66
2024-08-27 22:46:19,BTCUSD_PERP,bid,61100,1084.76
2024-08-27 22:46:22,BTCUSD_PERP,bid,61100,723.4
2024-08-27 22:46:22,BTCUSD_PERP,bid,61100,1084.69
2024-08-27 22:46:22,BTCUSD_PERP,bid,61000,528.7
2024-08-27 22:46:22,BTCUSD_PERP,bid,61100,1145.23
2024-08-27 22:46:25,BTCUSD_PERP,bid,61100,1147.42
2024-08-27 22:46:55,BTCUSD_PERP,bid,61100,967.04
2024-08-27 22:46:56,BTCUSD_PERP,bid,61100,906.5
2024-08-27 22:46:56,BTCUSD_PERP,bid,61100,785.42
2024-08-27 22:46:56,BTCUSD_PERP,bid,61100,725.49
2024-08-27 22:46:56,BTCUSD_PERP,bid,61100,665.57
2024-08-27 22:46:56,BTCUSD_PERP,bid,61100,605.03
2024-08-27 22:46:56,BTCUSD_PERP,bid,61100,601.38
2024-08-27 22:46:57,BTCUSD_PERP,bid,61100,661.27
2024-08-27 22:47:55,BTCUSD_PERP,bid,61000,1023.55
2024-08-27 22:47:55,BTCUSD_PERP,bid,61000,528.07
2024-08-27 22:47:55,BTCUSD_PERP,bid,61000,1084.02
2024-08-27 22:51:06,BTCUSD_PERP,bid,61000,722.6
2024-08-27 22:51:36,BTCUSD_PERP,bid,61000,734.43
2024-08-27 22:51:48,BTCUSD_PERP,bid,61000,540.15
2024-08-27 22:51:49,BTCUSD_PERP,bid,61000,600.59
2024-08-27 22:51:49,BTCUSD_PERP,bid,61000,721.47
2024-08-27 22:51:49,BTCUSD_PERP,bid,61000,781.91
2024-08-27 22:51:50,BTCUSD_PERP,bid,61000,841.74
2024-08-27 22:52:19,BTCUSD_PERP,bid,61000,781.3
2024-08-27 22:52:20,BTCUSD_PERP,bid,61000,721.47
2024-08-27 22:52:20,BTCUSD_PERP,bid,61000,661.03
2024-08-27 22:52:20,BTCUSD_PERP,bid,61000,601.21
2024-08-27 22:52:31,BTCUSD_PERP,bid,61100,600.97
2024-08-27 22:52:32,BTCUSD_PERP,bid,61100,661.49
2024-08-27 22:52:32,BTCUSD_PERP,bid,61100,721.4
2024-08-27 22:52:32,BTCUSD_PERP,bid,61100,842.44
2024-08-27 22:52:32,BTCUSD_PERP,bid,61100,902.96
2024-08-27 22:52:32,BTCUSD_PERP,bid,61100,963.48
2024-08-27 22:52:32,BTCUSD_PERP,bid,61100,963.52
2024-08-27 22:52:32,BTCUSD_PERP,bid,61100,1024.04
2024-08-27 22:52:32,BTCUSD_PERP,bid,61100,1145.08
2024-08-27 22:53:12,BTCUSD_PERP,bid,61100,1084.56
2024-08-27 22:53:44,BTCUSD_PERP,bid,61100,723.29
2024-08-27 22:55:25,BTCUSD_PERP,bid,61100,603.87
2024-08-27 22:55:25,BTCUSD_PERP,bid,61100,663.77
2024-08-27 22:55:25,BTCUSD_PERP,bid,61100,783.58
2024-08-27 22:57:02,BTCUSD_PERP,bid,61100,723.06
2024-08-27 22:57:02,BTCUSD_PERP,bid,61100,663.15
2024-08-27 22:57:02,BTCUSD_PERP,bid,61100,662.3
2024-08-27 23:06:36,BTCUSD_PERP,bid,61100,542.67
2024-08-27 23:06:37,BTCUSD_PERP,bid,61100,603.18
2024-08-27 23:07:14,BTCUSD_PERP,bid,61100,542.67
2024-08-27 23:07:15,BTCUSD_PERP,bid,61100,541.74
2024-08-27 23:07:16,BTCUSD_PERP,bid,61100,662.8
2024-08-27 23:07:16,BTCUSD_PERP,bid,61100,725.5
2024-08-27 23:07:16,BTCUSD_PERP,bid,61100,786.03
2024-08-27 23:07:16,BTCUSD_PERP,bid,61100,906.99
2024-08-27 23:07:16,BTCUSD_PERP,bid,61100,982.05
2024-08-27 23:07:16,BTCUSD_PERP,bid,61100,1041.97
2024-08-27 23:07:17,BTCUSD_PERP,bid,61100,1101.9
2024-08-27 23:08:07,BTCUSD_PERP,bid,61100,981.45
2024-08-27 23:08:07,BTCUSD_PERP,bid,61100,920.92
2024-08-27 23:08:07,BTCUSD_PERP,bid,61100,860.39
2024-08-27 23:08:07,BTCUSD_PERP,bid,61100,739.94
2024-08-27 23:08:08,BTCUSD_PERP,bid,61100,679.51
2024-08-27 23:08:08,BTCUSD_PERP,bid,61100,619.59
2024-08-27 23:08:08,BTCUSD_PERP,bid,61100,559.06
2024-08-27 23:08:08,BTCUSD_PERP,bid,61100,499.13
2024-08-27 23:08:08,BTCUSD_PERP,bid,61200,544.56
2024-08-27 23:08:08,BTCUSD_PERP,bid,61200,605.15
2024-08-27 23:08:08,BTCUSD_PERP,bid,61200,665.12
2024-08-27 23:08:08,BTCUSD_PERP,bid,61200,846.27
2024-08-27 23:08:08,BTCUSD_PERP,bid,61100,539.21
2024-08-27 23:08:08,BTCUSD_PERP,bid,61200,906.86
2024-08-27 23:08:09,BTCUSD_PERP,bid,61200,1027.42
2024-08-27 23:13:01,BTCUSD_PERP,bid,61200,604.12
2024-08-27 23:13:19,BTCUSD_PERP,bid,61200,606.32
2024-08-27 23:13:19,BTCUSD_PERP,bid,61200,621.0
2024-08-27 23:13:20,BTCUSD_PERP,bid,61200,621.04
2024-08-27 23:13:21,BTCUSD_PERP,bid,61200,621.08
2024-08-27 23:13:27,BTCUSD_PERP,bid,61200,621.12
2024-08-27 23:13:29,BTCUSD_PERP,bid,61200,621.16
2024-08-27 23:13:32,BTCUSD_PERP,bid,61200,621.2
2024-08-27 23:14:09,BTCUSD_PERP,bid,61200,561.16
2024-08-27 23:16:51,BTCUSD_PERP,bid,61300,605.36
2024-08-27 23:16:51,BTCUSD_PERP,bid,61300,666.09
2024-08-27 23:17:03,BTCUSD_PERP,bid,61300,605.36
2024-08-27 23:17:03,BTCUSD_PERP,bid,61300,544.73
2024-08-27 23:17:03,BTCUSD_PERP,bid,61300,605.97
2024-08-27 23:17:04,BTCUSD_PERP,bid,61300,666.13
2024-08-27 23:17:04,BTCUSD_PERP,bid,61300,726.91
2024-08-27 23:17:04,BTCUSD_PERP,bid,61300,908.62
2024-08-27 23:17:04,BTCUSD_PERP,bid,61300,968.78
2024-08-27 23:17:04,BTCUSD_PERP,bid,61300,1028.93
2024-08-27 23:17:27,BTCUSD_PERP,bid,61300,908.0
2024-08-27 23:17:27,BTCUSD_PERP,bid,61300,847.22
2024-08-27 23:17:27,BTCUSD_PERP,bid,61300,604.83
2024-08-27 23:17:28,BTCUSD_PERP,bid,61300,847.18
2024-08-27 23:17:28,BTCUSD_PERP,bid,61300,968.04
2024-08-27 23:18:23,BTCUSD_PERP,bid,61300,907.92
2024-08-27 23:18:26,BTCUSD_PERP,bid,61300,847.28
2024-08-27 23:18:26,BTCUSD_PERP,bid,61400,1149.9
2024-08-27 23:18:26,BTCUSD_PERP,bid,61300,530.2
2024-08-27 23:18:26,BTCUSD_PERP,bid,61400,1210.69
2024-08-27 23:21:19,BTCUSD_PERP,bid,61400,1090.37
2024-08-27 23:21:19,BTCUSD_PERP,bid,61400,1029.58
2024-08-27 23:21:19,BTCUSD_PERP,bid,61400,969.41
2024-08-27 23:21:20,BTCUSD_PERP,bid,61400,726.35
2024-08-27 23:21:20,BTCUSD_PERP,bid,61300,665.67
2024-08-27 23:21:20,BTCUSD_PERP,bid,61300,726.42
2024-08-27 23:25:32,BTCUSD_PERP,bid,61400,605.24
2024-08-27 23:26:29,BTCUSD_PERP,bid,61300,604.99
2024-08-27 23:26:30,BTCUSD_PERP,bid,61300,494.34
2024-08-27 23:31:39,BTCUSD_PERP,bid,61300,726.42
2024-08-27 23:31:39,BTCUSD_PERP,bid,61300,787.17
2024-08-27 23:32:16,BTCUSD_PERP,bid,61300,665.77
2024-08-27 23:32:17,BTCUSD_PERP,bid,61300,544.27
2024-08-27 23:35:10,BTCUSD_PERP,bid,61200,543.46
2024-08-27 23:35:10,BTCUSD_PERP,bid,61200,604.12
2024-08-27 23:35:16,BTCUSD_PERP,bid,61200,543.46
2024-08-27 23:37:18,BTCUSD_PERP,ask,62600,556.67
2024-08-27 23:37:30,BTCUSD_PERP,ask,62600,494.68
2024-08-27 23:42:03,BTCUSD_PERP,bid,61100,542.1
2024-08-27 23:48:27,BTCUSD_PERP,bid,61100,602.77
2024-08-27 23:50:05,BTCUSD_PERP,bid,61100,542.86
2024-08-27 23:50:16,BTCUSD_PERP,bid,61100,602.83
2024-08-27 23:50:16,BTCUSD_PERP,bid,61100,663.26
2024-08-27 23:50:16,BTCUSD_PERP,bid,61100,723.79
2024-08-27 23:50:16,BTCUSD_PERP,bid,61100,783.7
2024-08-27 23:50:16,BTCUSD_PERP,bid,61100,844.23
2024-08-27 23:51:18,BTCUSD_PERP,bid,61100,783.7
2024-08-27 23:51:18,BTCUSD_PERP,bid,61100,723.79
2024-08-27 23:51:18,BTCUSD_PERP,bid,61100,602.73
2024-08-27 23:51:18,BTCUSD_PERP,bid,61100,542.2
2024-08-27 23:51:19,BTCUSD_PERP,bid,61100,543.79
2024-08-27 23:51:19,BTCUSD_PERP,bid,61100,663.69
2024-08-27 23:51:19,BTCUSD_PERP,bid,61100,723.64
2024-08-27 23:51:19,BTCUSD_PERP,bid,61100,784.21
2024-08-27 23:51:52,BTCUSD_PERP,bid,61100,602.5
2024-08-27 23:51:52,BTCUSD_PERP,bid,61100,543.52
2024-08-27 23:51:52,BTCUSD_PERP,bid,61100,663.36
2024-08-27 23:51:53,BTCUSD_PERP,bid,61100,723.9
2024-08-27 23:51:53,BTCUSD_PERP,bid,61100,783.82
2024-08-27 23:51:54,BTCUSD_PERP,bid,61100,783.86
2024-08-27 23:52:40,BTCUSD_PERP,bid,61100,723.94
2024-08-27 23:52:41,BTCUSD_PERP,bid,61100,663.4
2024-08-27 23:52:41,BTCUSD_PERP,bid,61100,662.92
2024-08-27 23:52:41,BTCUSD_PERP,bid,61100,723.42
2024-08-27 23:52:42,BTCUSD_PERP,bid,61100,783.3
2024-08-27 23:53:21,BTCUSD_PERP,bid,61100,722.8
2024-08-27 23:53:21,BTCUSD_PERP,bid,61100,602.42
2024-08-27 23:53:21,BTCUSD_PERP,bid,61100,541.92
2024-08-27 23:53:21,BTCUSD_PERP,bid,61000,541.13
2024-08-27 23:53:21,BTCUSD_PERP,bid,61000,492.36
2024-08-27 23:53:21,BTCUSD_PERP,bid,61000,601.6
2024-08-27 23:54:01,BTCUSD_PERP,bid,61000,541.95
2024-08-27 23:56:00,BTCUSD_PERP,bid,61000,542.9
2024-08-27 23:56:14,BTCUSD_PERP,bid,61000,782.64
2024-08-27 23:56:14,BTCUSD_PERP,bid,61000,963.86
2024-08-28 00:01:09,BTCUSD_PERP,bid,61000,903.52
2024-08-28 00:01:10,BTCUSD_PERP,bid,61000,843.08
2024-08-28 00:01:10,BTCUSD_PERP,bid,61000,782.64
2024-08-28 00:01:10,BTCUSD_PERP,bid,61000,722.2
2024-08-28 00:01:10,BTCUSD_PERP,bid,61000,661.43
2024-08-28 00:01:10,BTCUSD_PERP,bid,61000,721.84
2024-08-28 00:02:02,BTCUSD_PERP,bid,61000,662.04
2024-08-28 00:02:02,BTCUSD_PERP,bid,61000,602.25
2024-08-28 00:02:03,BTCUSD_PERP,bid,61000,541.44
2024-08-28 00:02:22,BTCUSD_PERP,bid,61000,601.56
2024-08-28 00:02:22,BTCUSD_PERP,bid,61000,661.97
2024-08-28 00:14:20,BTCUSD_PERP,bid,61000,542.27
2024-08-28 00:14:20,BTCUSD_PERP,bid,61000,602.74
2024-08-28 00:14:20,BTCUSD_PERP,bid,61000,662.59
2024-08-28 00:17:52,BTCUSD_PERP,bid,61000,541.75
2024-08-28 00:17:53,BTCUSD_PERP,bid,61100,603.04
2024-08-28 00:17:53,BTCUSD_PERP,bid,61100,663.54
2024-08-28 00:17:54,BTCUSD_PERP,bid,61100,723.42
2024-08-28 00:18:14,BTCUSD_PERP,bid,61100,603.04
2024-08-28 00:18:15,BTCUSD_PERP,bid,61100,542.54
2024-08-28 00:18:15,BTCUSD_PERP,bid,61100,603.45
2024-08-28 00:18:16,BTCUSD_PERP,bid,61100,723.92
2024-08-28 00:18:16,BTCUSD_PERP,bid,61100,783.84
2024-08-28 00:18:16,BTCUSD_PERP,bid,61100,844.38
2024-08-28 00:18:16,BTCUSD_PERP,bid,61100,904.31
2024-08-28 00:18:17,BTCUSD_PERP,bid,61100,905.59
2024-08-28 00:18:20,BTCUSD_PERP,bid,61100,907.77
2024-08-28 00:18:20,BTCUSD_PERP,bid,61100,922.42
2024-08-28 00:19:02,BTCUSD_PERP,bid,61100,681.6
2024-08-28 00:19:02,BTCUSD_PERP,bid,61100,783.45
2024-08-28 00:19:02,BTCUSD_PERP,bid,61100,843.96
2024-08-28 00:20:35,BTCUSD_PERP,bid,61100,603.15
2024-08-28 00:20:35,BTCUSD_PERP,bid,61100,783.92
2024-08-28 00:20:35,BTCUSD_PERP,bid,61100,844.47
2024-08-28 00:21:41,BTCUSD_PERP,bid,61100,723.37
2024-08-28 00:21:41,BTCUSD_PERP,bid,61100,662.82
2024-08-28 00:21:41,BTCUSD_PERP,bid,61100,602.27
2024-08-28 00:21:41,BTCUSD_PERP,bid,61100,541.82
2024-08-28 00:25:09,BTCUSD_PERP,bid,61200,604.04
2024-08-28 00:25:33,BTCUSD_PERP,bid,61200,544.34
2024-08-28 00:25:33,BTCUSD_PERP,bid,61200,604.34
2024-08-28 00:27:30,BTCUSD_PERP,bid,61200,544.34
2024-08-28 00:27:32,BTCUSD_PERP,bid,61200,604.71
2024-08-28 00:29:37,BTCUSD_PERP,bid,61200,543.11
2024-08-28 00:31:07,BTCUSD_PERP,bid,61200,544.06
2024-08-28 00:31:08,BTCUSD_PERP,bid,61200,665.4
2024-08-28 00:31:08,BTCUSD_PERP,bid,61200,726.07
2024-08-28 00:31:08,BTCUSD_PERP,bid,61200,846.16
2024-08-28 00:35:01,BTCUSD_PERP,bid,61200,725.44
2024-08-28 00:35:01,BTCUSD_PERP,bid,61200,544.68
2024-08-28 00:35:02,BTCUSD_PERP,bid,61300,544.44
2024-08-28 00:35:02,BTCUSD_PERP,bid,61300,605.04
2024-08-28 00:35:03,BTCUSD_PERP,bid,61300,665.74
2024-08-28 00:35:03,BTCUSD_PERP,bid,61300,726.44
2024-08-28 00:35:03,BTCUSD_PERP,bid,61300,787.14
2024-08-28 00:35:03,BTCUSD_PERP,bid,61300,847.22
2024-08-28 00:35:03,BTCUSD_PERP,bid,61300,907.3
2024-08-28 00:36:00,BTCUSD_PERP,bid,61200,666.01
2024-08-28 00:36:00,BTCUSD_PERP,bid,61200,846.15
2024-08-28 00:36:00,BTCUSD_PERP,bid,61200,906.82
2024-08-28 00:37:23,BTCUSD_PERP,bid,61200,846.15
2024-08-28 00:37:23,BTCUSD_PERP,bid,61200,543.21
2024-08-28 00:37:23,BTCUSD_PERP,bid,61200,603.84
2024-08-28 00:38:38,BTCUSD_PERP,bid,61200,542.92
2024-08-28 00:38:38,BTCUSD_PERP,bid,61200,603.52
2024-08-28 00:40:31,BTCUSD_PERP,bid,61100,542.58
2024-08-28 00:42:06,BTCUSD_PERP,bid,61200,542.85
2024-08-28 00:44:55,BTCUSD_PERP,bid,61100,542.57
2024-08-28 00:45:37,BTCUSD_PERP,bid,61200,543.57
2024-08-28 00:45:37,BTCUSD_PERP,bid,61200,604.17
2024-08-28 00:45:37,BTCUSD_PERP,bid,61200,664.67
2024-08-28 00:45:37,BTCUSD_PERP,bid,61200,785.25
2024-08-28 00:45:37,BTCUSD_PERP,bid,61200,845.23
2024-08-28 00:45:37,BTCUSD_PERP,bid,61200,905.83
2024-08-28 00:48:28,BTCUSD_PERP,bid,61200,784.63
2024-08-28 00:48:28,BTCUSD_PERP,bid,61200,724.03
2024-08-28 00:48:28,BTCUSD_PERP,bid,61200,663.43
2024-08-28 00:48:28,BTCUSD_PERP,bid,61200,603.45
2024-08-28 00:48:29,BTCUSD_PERP,bid,61200,664.36
2024-08-28 00:48:29,BTCUSD_PERP,bid,61200,785.0
2024-08-28 00:48:29,BTCUSD_PERP,bid,61100,543.07
2024-08-28 00:48:29,BTCUSD_PERP,bid,61200,845.63
2024-08-28 00:48:29,BTCUSD_PERP,bid,61200,906.26
2024-08-28 00:48:30,BTCUSD_PERP,bid,61200,1026.91
2024-08-28 00:49:28,BTCUSD_PERP,bid,61200,966.28
2024-08-28 00:49:28,BTCUSD_PERP,bid,61200,845.64
2024-08-28 00:49:28,BTCUSD_PERP,bid,61200,785.62
2024-08-28 00:49:28,BTCUSD_PERP,bid,61200,725.09
2024-08-28 00:49:29,BTCUSD_PERP,bid,61200,664.46
2024-08-28 00:49:29,BTCUSD_PERP,bid,61200,604.45
2024-08-28 00:49:29,BTCUSD_PERP,bid,61200,544.44
2024-08-28 00:49:29,BTCUSD_PERP,bid,61200,542.83
2024-08-28 00:49:30,BTCUSD_PERP,bid,61200,602.88
2024-08-28 00:49:30,BTCUSD_PERP,bid,61200,663.55
2024-08-28 00:49:30,BTCUSD_PERP,bid,61200,845.56
2024-08-28 00:49:30,BTCUSD_PERP,bid,61200,906.23
2024-08-28 00:49:32,BTCUSD_PERP,bid,61200,908.43
2024-08-28 00:49:33,BTCUSD_PERP,bid,61200,909.71
2024-08-28 00:49:33,BTCUSD_PERP,bid,61200,924.39
2024-08-28 00:50:33,BTCUSD_PERP,bid,61200,863.72
2024-08-28 00:50:33,BTCUSD_PERP,bid,61200,743.62
2024-08-28 00:50:34,BTCUSD_PERP,bid,61200,683.57
2024-08-28 00:50:34,BTCUSD_PERP,bid,61200,501.56
2024-08-28 01:12:07,BTCUSD_PERP,bid,61300,545.08
2024-08-28 01:14:24,BTCUSD_PERP,bid,61400,545.46
2024-08-28 01:14:24,BTCUSD_PERP,bid,61400,606.27
2024-08-28 01:14:25,BTCUSD_PERP,bid,61400,666.45
2024-08-28 01:15:28,BTCUSD_PERP,bid,61400,544.83
2024-08-28 01:16:09,BTCUSD_PERP,bid,61500,545.69
2024-08-28 01:16:10,BTCUSD_PERP,bid,61500,606.6
2024-08-28 01:16:10,BTCUSD_PERP,bid,61500,666.88
2024-08-28 01:16:11,BTCUSD_PERP,bid,61500,727.79
2024-08-28 01:16:11,BTCUSD_PERP,bid,61500,788.6
2024-08-28 01:17:29,BTCUSD_PERP,bid,61500,727.69
2024-08-28 01:17:29,BTCUSD_PERP,bid,61500,667.41
2024-08-28 01:17:29,BTCUSD_PERP,bid,61500,606.5
2024-08-28 01:17:30,BTCUSD_PERP,bid,61500,545.69
2024-08-28 01:17:30,BTCUSD_PERP,bid,61500,487.88
2024-08-28 01:17:30,BTCUSD_PERP,bid,61500,502.51
2024-08-28 01:17:30,BTCUSD_PERP,bid,61500,563.47
2024-08-28 01:17:30,BTCUSD_PERP,bid,61500,686.67
2024-08-28 01:17:31,BTCUSD_PERP,bid,61500,747.63
2024-08-28 01:19:05,BTCUSD_PERP,bid,61500,789.39
2024-08-28 01:19:05,BTCUSD_PERP,bid,61500,850.31
2024-08-28 01:19:29,BTCUSD_PERP,bid,61500,789.87
2024-08-28 01:19:29,BTCUSD_PERP,bid,61500,850.83
2024-08-28 01:19:30,BTCUSD_PERP,bid,61500,853.04
2024-08-28 01:19:31,BTCUSD_PERP,bid,61500,867.79
2024-08-28 01:19:33,BTCUSD_PERP,bid,61500,869.08
2024-08-28 01:20:02,BTCUSD_PERP,bid,61500,867.79
2024-08-28 01:21:04,BTCUSD_PERP,bid,61500,853.04
2024-08-28 01:21:04,BTCUSD_PERP,bid,61500,850.83
2024-08-28 01:21:36,BTCUSD_PERP,bid,61500,606.99
2024-08-28 01:21:36,BTCUSD_PERP,bid,61500,546.03
2024-08-28 01:21:37,BTCUSD_PERP,bid,61600,546.3
2024-08-28 01:23:00,BTCUSD_PERP,ask,62800,481.69
2024-08-28 01:23:04,BTCUSD_PERP,ask,62800,491.73
2024-08-28 01:23:09,BTCUSD_PERP,ask,62800,501.76
2024-08-28 01:23:09,BTCUSD_PERP,ask,62800,508.03
2024-08-28 01:23:49,BTCUSD_PERP,bid,61500,545.97
2024-08-28 01:27:31,BTCUSD_PERP,ask,62500,479.54
2024-08-28 01:27:31,BTCUSD_PERP,ask,62500,500.17
2024-08-28 01:27:32,BTCUSD_PERP,ask,62500,510.17
2024-08-28 01:27:33,BTCUSD_PERP,bid,61300,726.11
2024-08-28 01:27:33,BTCUSD_PERP,ask,62500,520.17
2024-08-28 01:27:42,BTCUSD_PERP,bid,61300,665.97
2024-08-28 01:27:42,BTCUSD_PERP,bid,61300,544.43
2024-08-28 01:27:44,BTCUSD_PERP,bid,61400,605.54
2024-08-28 01:29:00,BTCUSD_PERP,bid,61300,726.04
2024-08-28 01:29:09,BTCUSD_PERP,ask,62500,481.21
2024-08-28 01:31:06,BTCUSD_PERP,bid,61300,665.37
2024-08-28 01:31:06,BTCUSD_PERP,bid,61300,605.22
2024-08-28 01:31:07,BTCUSD_PERP,bid,61300,545.07
2024-08-28 01:31:08,BTCUSD_PERP,bid,61400,544.81
2024-08-28 01:31:08,BTCUSD_PERP,bid,61400,605.62
2024-08-28 01:31:09,BTCUSD_PERP,bid,61300,505.87
2024-08-28 01:32:20,BTCUSD_PERP,bid,61300,544.45
2024-08-28 01:32:23,BTCUSD_PERP,bid,61300,544.49
2024-08-28 01:32:24,BTCUSD_PERP,bid,61300,544.53
2024-08-28 01:34:53,BTCUSD_PERP,bid,61400,544.14
2024-08-28 01:34:53,BTCUSD_PERP,bid,61400,604.95
2024-08-28 01:49:38,BTCUSD_PERP,bid,61500,489.84
2024-08-28 02:08:50,BTCUSD_PERP,bid,61500,557.71
2024-08-28 02:08:51,BTCUSD_PERP,bid,61500,678.91
2024-08-28 02:08:51,BTCUSD_PERP,bid,61500,739.2
2024-08-28 02:08:51,BTCUSD_PERP,bid,61500,756.15
2024-08-28 02:08:53,BTCUSD_PERP,bid,61500,757.44
2024-08-28 02:09:04,BTCUSD_PERP,bid,61500,515.04
2024-08-28 02:10:32,BTCUSD_PERP,bid,61600,546.36
2024-08-28 02:10:33,BTCUSD_PERP,bid,61600,607.34
2024-08-28 02:10:35,BTCUSD_PERP,bid,61600,607.39
2024-08-28 02:10:41,BTCUSD_PERP,bid,61600,607.44
2024-08-28 02:11:22,BTCUSD_PERP,bid,61600,546.46
2024-08-28 02:11:24,BTCUSD_PERP,bid,61600,546.66
2024-08-28 02:11:24,BTCUSD_PERP,bid,61600,607.68
2024-08-28 02:11:24,BTCUSD_PERP,bid,61600,668.7
2024-08-28 02:11:29,BTCUSD_PERP,bid,61600,668.64
2024-08-28 02:13:13,BTCUSD_PERP,bid,62100,534.91
2024-08-28 02:13:13,BTCUSD_PERP,bid,62100,530.35
2024-08-28 02:13:13,BTCUSD_PERP,bid,62100,530.27
2024-08-28 02:14:41,BTCUSD_PERP,bid,61600,486.52
2024-08-28 02:15:27,BTCUSD_PERP,bid,61600,546.61
2024-08-28 02:16:50,BTCUSD_PERP,bid,61600,607.96
2024-08-28 02:17:02,BTCUSD_PERP,bid,61600,546.34
2024-08-28 02:17:52,BTCUSD_PERP,bid,61500,546.07
2024-08-28 02:17:53,BTCUSD_PERP,bid,61500,606.4
2024-08-28 02:18:09,BTCUSD_PERP,bid,61500,545.45
2024-08-28 02:18:09,BTCUSD_PERP,bid,61500,798.19
2024-08-28 02:18:09,BTCUSD_PERP,bid,61500,920.01
2024-08-28 02:18:09,BTCUSD_PERP,bid,61500,980.92
2024-08-28 02:19:30,BTCUSD_PERP,bid,61500,920.01
2024-08-28 02:19:30,BTCUSD_PERP,bid,61500,737.91
2024-08-28 02:19:30,BTCUSD_PERP,bid,61500,677.63
2024-08-28 02:19:31,BTCUSD_PERP,bid,61500,616.72
2024-08-28 02:19:31,BTCUSD_PERP,bid,61500,545.98
2024-08-28 02:19:31,BTCUSD_PERP,bid,61500,606.92
2024-08-28 02:21:05,BTCUSD_PERP,bid,61500,546.3
2024-08-28 02:21:05,BTCUSD_PERP,bid,61500,788.68
2024-08-28 02:21:05,BTCUSD_PERP,bid,61500,849.59
2024-08-28 02:22:29,BTCUSD_PERP,bid,61500,729.03
2024-08-28 02:22:29,BTCUSD_PERP,bid,61500,607.21
2024-08-28 02:22:29,BTCUSD_PERP,bid,61500,546.93
2024-08-28 02:27:53,BTCUSD_PERP,bid,61600,546.41
2024-08-28 02:27:53,BTCUSD_PERP,bid,61600,607.3
2024-08-28 02:28:45,BTCUSD_PERP,bid,61600,546.94
2024-08-28 02:28:47,BTCUSD_PERP,bid,61600,547.22
2024-08-28 02:28:47,BTCUSD_PERP,bid,61600,608.24
2024-08-28 02:28:47,BTCUSD_PERP,bid,61600,609.53
2024-08-28 02:28:49,BTCUSD_PERP,bid,61600,624.3
2024-08-28 02:30:03,BTCUSD_PERP,bid,61600,563.28
2024-08-28 02:30:03,BTCUSD_PERP,bid,61600,502.26
2024-08-28 02:30:04,BTCUSD_PERP,bid,61600,546.95
2024-08-28 02:30:04,BTCUSD_PERP,bid,61600,668.31
2024-08-28 02:30:36,BTCUSD_PERP,bid,44000,1127.08
2024-08-28 02:30:40,BTCUSD_PERP,bid,61500,546.65
2024-08-28 02:32:03,BTCUSD_PERP,bid,61500,597.89
2024-08-28 02:37:24,BTCUSD_PERP,bid,61500,545.77
2024-08-28 02:37:24,BTCUSD_PERP,bid,61500,606.7
2024-08-28 02:42:05,BTCUSD_PERP,bid,61500,545.39
2024-08-28 02:44:01,BTCUSD_PERP,bid,61500,545.89
2024-08-28 02:50:51,BTCUSD_PERP,bid,61400,545.32
2024-08-28 02:56:51,BTCUSD_PERP,ask,62500,482.43
2024-08-28 02:57:42,BTCUSD_PERP,bid,61300,544.16
2024-08-28 02:59:18,BTCUSD_PERP,bid,61300,530.43
2024-08-28 02:59:26,BTCUSD_PERP,bid,61400,500.41
2024-08-28 02:59:28,BTCUSD_PERP,bid,61400,501.69
2024-08-28 02:59:32,BTCUSD_PERP,bid,61400,546.67
2024-08-28 02:59:45,BTCUSD_PERP,bid,61500,501.15
2024-08-28 02:59:48,BTCUSD_PERP,bid,61500,545.18
2024-08-28 03:00:56,BTCUSD_PERP,bid,61500,667.75
2024-08-28 03:00:56,BTCUSD_PERP,bid,61500,910.05
2024-08-28 03:00:56,BTCUSD_PERP,bid,61500,970.93
2024-08-28 03:00:56,BTCUSD_PERP,bid,61500,1031.2
2024-08-28 03:01:10,BTCUSD_PERP,bid,61500,910.05
2024-08-28 03:01:10,BTCUSD_PERP,bid,61500,788.9
2024-08-28 03:01:11,BTCUSD_PERP,bid,61500,728.63
2024-08-28 03:01:11,BTCUSD_PERP,bid,61500,607.48
2024-08-28 03:01:11,BTCUSD_PERP,bid,61500,728.65
2024-08-28 03:01:11,BTCUSD_PERP,bid,61500,789.48
2024-08-28 03:01:11,BTCUSD_PERP,bid,61500,850.41
2024-08-28 03:01:11,BTCUSD_PERP,bid,61500,911.34
2024-08-28 03:01:27,BTCUSD_PERP,bid,61500,607.32
2024-08-28 03:01:27,BTCUSD_PERP,bid,61500,668.45
2024-08-28 03:01:27,BTCUSD_PERP,bid,61500,729.34
2024-08-28 03:01:29,BTCUSD_PERP,bid,61500,789.61
2024-08-28 03:01:29,BTCUSD_PERP,bid,61500,789.65
2024-08-28 03:01:33,BTCUSD_PERP,bid,61400,805.09
2024-08-28 03:01:34,BTCUSD_PERP,bid,61400,865.95
2024-08-28 03:01:35,BTCUSD_PERP,bid,61400,926.19
2024-08-28 03:01:39,BTCUSD_PERP,ask,62600,482.63
2024-08-28 03:02:31,BTCUSD_PERP,bid,61400,743.61
2024-08-28 03:02:31,BTCUSD_PERP,bid,61400,667.27
2024-08-28 03:02:31,BTCUSD_PERP,bid,61400,728.1
2024-08-28 03:03:33,BTCUSD_PERP,bid,61400,545.61
2024-08-28 03:03:33,BTCUSD_PERP,bid,61400,545.88
2024-08-28 03:03:34,BTCUSD_PERP,bid,61400,548.09
2024-08-28 03:03:34,BTCUSD_PERP,bid,61400,669.81
2024-08-28 03:03:34,BTCUSD_PERP,bid,61400,730.67
2024-08-28 03:03:34,BTCUSD_PERP,bid,61400,806.16
2024-08-28 03:03:34,BTCUSD_PERP,bid,61400,867.02
2024-08-28 03:03:34,BTCUSD_PERP,bid,61400,927.26
2024-08-28 03:03:35,BTCUSD_PERP,bid,61400,927.3
2024-08-28 03:03:36,BTCUSD_PERP,bid,61400,928.58
2024-08-28 03:05:00,BTCUSD_PERP,bid,61400,927.3
2024-08-28 03:05:06,BTCUSD_PERP,bid,61400,788.83
2024-08-28 03:05:06,BTCUSD_PERP,bid,61400,849.66
2024-08-28 03:06:06,BTCUSD_PERP,bid,61400,788.83
2024-08-28 03:06:06,BTCUSD_PERP,bid,61400,606.66
2024-08-28 03:06:06,BTCUSD_PERP,bid,61400,788.31
2024-08-28 03:06:07,BTCUSD_PERP,bid,61400,849.1
2024-08-28 03:06:13,BTCUSD_PERP,ask,62600,484.73
2024-08-28 03:06:57,BTCUSD_PERP,bid,61400,788.31
2024-08-28 03:06:57,BTCUSD_PERP,bid,61400,666.73
2024-08-28 03:06:58,BTCUSD_PERP,bid,61400,605.94
2024-08-28 03:06:58,BTCUSD_PERP,bid,61300,667.64
2024-08-28 03:06:58,BTCUSD_PERP,bid,61300,728.4
2024-08-28 03:07:19,BTCUSD_PERP,bid,61300,546.12
2024-08-28 03:07:21,BTCUSD_PERP,bid,61400,546.48
2024-08-28 03:07:21,BTCUSD_PERP,bid,61400,606.66
2024-08-28 03:07:23,BTCUSD_PERP,bid,61400,606.7
2024-08-28 03:09:21,BTCUSD_PERP,bid,61400,546.52
2024-08-28 03:09:22,BTCUSD_PERP,bid,61400,545.08
2024-08-28 03:09:22,BTCUSD_PERP,bid,61400,605.92
2024-08-28 03:09:22,BTCUSD_PERP,bid,61400,666.66
2024-08-28 03:09:22,BTCUSD_PERP,bid,61400,788.34
2024-08-28 03:09:22,BTCUSD_PERP,bid,61400,849.18
2024-08-28 03:10:29,BTCUSD_PERP,bid,61400,665.66
2024-08-28 03:10:29,BTCUSD_PERP,bid,61400,726.47
2024-08-28 03:13:43,BTCUSD_PERP,bid,61400,665.66
2024-08-28 03:13:43,BTCUSD_PERP,bid,61300,665.27
2024-08-28 03:13:44,BTCUSD_PERP,bid,61300,726.04
2024-08-28 03:15:32,BTCUSD_PERP,bid,61300,725.68
2024-08-28 03:15:33,BTCUSD_PERP,bid,61300,786.42
2024-08-28 03:16:17,BTCUSD_PERP,bid,61300,725.68
2024-08-28 03:16:18,BTCUSD_PERP,bid,61300,664.94
2024-08-28 03:16:18,BTCUSD_PERP,bid,61300,604.2
2024-08-28 03:16:18,BTCUSD_PERP,bid,61300,544.08
2024-08-28 03:16:19,BTCUSD_PERP,bid,61300,530.18
2024-08-28 03:16:19,BTCUSD_PERP,bid,61300,665.38
2024-08-28 03:16:19,BTCUSD_PERP,bid,61300,726.16
2024-08-28 03:16:19,BTCUSD_PERP,bid,61300,590.9
2024-08-28 03:16:19,BTCUSD_PERP,bid,61300,786.32
2024-08-28 03:16:19,BTCUSD_PERP,bid,61300,847.1
2024-08-28 03:16:19,BTCUSD_PERP,bid,61300,907.88
2024-08-28 03:17:14,BTCUSD_PERP,bid,61300,666.0
2024-08-28 03:17:14,BTCUSD_PERP,bid,61300,605.22
2024-08-28 03:17:14,BTCUSD_PERP,bid,61400,544.81
2024-08-28 03:21:05,BTCUSD_PERP,bid,61400,553.34
2024-08-28 03:21:14,BTCUSD_PERP,bid,61300,847.68
2024-08-28 03:21:14,BTCUSD_PERP,bid,61300,908.46
2024-08-28 03:21:14,BTCUSD_PERP,bid,61300,530.18
2024-08-28 03:21:31,BTCUSD_PERP,bid,61300,847.17
2024-08-28 03:21:32,BTCUSD_PERP,bid,61300,907.91
2024-08-28 03:53:07,BTCUSD_PERP,bid,61300,667.25
2024-08-28 03:53:09,BTCUSD_PERP,bid,61300,727.41
2024-08-28 03:56:17,BTCUSD_PERP,bid,61300,667.25
2024-08-28 03:56:17,BTCUSD_PERP,bid,61300,675.78
2024-08-28 03:56:18,BTCUSD_PERP,bid,61300,918.12
2024-08-28 03:56:19,BTCUSD_PERP,bid,61300,978.24
2024-08-28 03:57:57,BTCUSD_PERP,bid,61300,917.5
2024-08-28 03:58:05,BTCUSD_PERP,bid,61300,736.52
2024-08-28 03:58:05,BTCUSD_PERP,bid,61300,906.68
2024-08-28 03:58:06,BTCUSD_PERP,bid,61300,966.76
2024-08-28 04:02:43,BTCUSD_PERP,bid,61300,846.08
2024-08-28 04:02:43,BTCUSD_PERP,bid,61300,785.38
2024-08-28 04:02:43,BTCUSD_PERP,bid,61300,724.68
2024-08-28 04:02:43,BTCUSD_PERP,bid,61300,664.6
2024-08-28 04:02:43,BTCUSD_PERP,bid,61300,603.9
2024-08-28 04:02:44,BTCUSD_PERP,bid,61300,544.17
2024-08-28 04:02:44,BTCUSD_PERP,bid,61300,604.3
2024-08-28 04:02:44,BTCUSD_PERP,bid,61300,725.76
2024-08-28 04:04:12,BTCUSD_PERP,bid,61300,604.3
2024-08-28 04:04:13,BTCUSD_PERP,bid,61300,543.57
2024-08-28 04:04:14,BTCUSD_PERP,bid,61300,605.95
2024-08-28 04:04:14,BTCUSD_PERP,bid,61300,666.11
2024-08-28 04:04:15,BTCUSD_PERP,bid,61300,726.27
2024-08-28 04:04:17,BTCUSD_PERP,bid,61300,726.31
2024-08-28 04:04:22,BTCUSD_PERP,bid,61300,726.35
2024-08-28 04:04:35,BTCUSD_PERP,bid,61300,726.39
2024-08-28 04:06:14,BTCUSD_PERP,bid,61300,666.23
2024-08-28 04:06:14,BTCUSD_PERP,bid,61300,545.28
2024-08-28 04:06:16,BTCUSD_PERP,bid,61300,544.89
2024-08-28 04:07:51,BTCUSD_PERP,ask,62400,480.43
2024-08-28 04:07:51,BTCUSD_PERP,ask,62400,490.41
2024-08-28 04:07:52,BTCUSD_PERP,ask,62400,500.39
2024-08-28 04:07:53,BTCUSD_PERP,ask,62400,510.37
2024-08-28 04:07:54,BTCUSD_PERP,ask,62400,520.35
2024-08-28 04:07:55,BTCUSD_PERP,ask,62400,530.02
2024-08-28 04:07:56,BTCUSD_PERP,ask,62400,536.26
2024-08-28 04:08:02,BTCUSD_PERP,ask,62400,530.08
2024-08-28 04:08:03,BTCUSD_PERP,ask,62400,536.32
2024-08-28 04:08:36,BTCUSD_PERP,bid,61300,544.0
2024-08-28 04:08:36,BTCUSD_PERP,bid,61300,604.72
2024-08-28 04:08:36,BTCUSD_PERP,bid,61300,664.82
2024-08-28 04:08:47,BTCUSD_PERP,bid,61300,667.02
2024-08-28 04:10:48,BTCUSD_PERP,bid,61300,664.82
2024-08-28 04:11:46,BTCUSD_PERP,bid,61300,604.42
2024-08-28 04:11:47,BTCUSD_PERP,bid,61300,664.49
2024-08-28 04:11:59,BTCUSD_PERP,bid,61300,664.53
2024-08-28 04:13:57,BTCUSD_PERP,ask,62400,482.68
2024-08-28 04:13:58,BTCUSD_PERP,ask,62400,492.35
2024-08-28 04:13:59,BTCUSD_PERP,ask,62400,498.58
2024-08-28 04:14:06,BTCUSD_PERP,ask,62400,488.6
2024-08-28 04:14:14,BTCUSD_PERP,bid,61000,541.27
2024-08-28 04:14:14,BTCUSD_PERP,bid,61000,601.75
2024-08-28 04:14:28,BTCUSD_PERP,bid,61000,542.21
2024-08-28 04:14:36,BTCUSD_PERP,bid,61000,541.94
2024-08-28 04:15:21,BTCUSD_PERP,ask,62300,489.24
2024-08-28 04:15:25,BTCUSD_PERP,ask,62300,483.08
2024-08-28 04:15:34,BTCUSD_PERP,bid,61100,733.39
2024-08-28 04:15:34,BTCUSD_PERP,bid,61100,793.92
2024-08-28 04:15:34,BTCUSD_PERP,bid,61100,854.45
2024-08-28 04:15:49,BTCUSD_PERP,bid,61100,674.08
2024-08-28 04:16:11,BTCUSD_PERP,bid,61100,603.44
2024-08-28 04:17:04,BTCUSD_PERP,bid,61100,603.07
2024-08-28 04:18:23,BTCUSD_PERP,bid,60700,540.12
2024-08-28 04:18:23,BTCUSD_PERP,bid,60700,600.28
2024-08-28 04:18:24,BTCUSD_PERP,bid,60700,659.83
2024-08-28 04:18:26,BTCUSD_PERP,bid,60700,539.34
2024-08-28 04:18:39,BTCUSD_PERP,bid,60800,540.02
2024-08-28 04:18:39,BTCUSD_PERP,bid,60800,600.23
2024-08-28 04:18:39,BTCUSD_PERP,bid,60800,660.44
2024-08-28 04:18:44,BTCUSD_PERP,bid,60800,600.23
2024-08-28 04:18:44,BTCUSD_PERP,bid,60800,540.02
2024-08-28 04:18:44,BTCUSD_PERP,bid,60800,540.32
2024-08-28 04:18:45,BTCUSD_PERP,bid,60800,599.95
2024-08-28 04:18:45,BTCUSD_PERP,bid,60800,659.58
2024-08-28 04:18:45,BTCUSD_PERP,bid,60800,719.82
2024-08-28 04:18:45,BTCUSD_PERP,bid,60800,899.93
2024-08-28 04:18:45,BTCUSD_PERP,bid,60800,960.17
2024-08-28 04:18:45,BTCUSD_PERP,bid,60800,1020.41
2024-08-28 04:18:46,BTCUSD_PERP,bid,60700,525.46
2024-08-28 04:18:46,BTCUSD_PERP,bid,60800,1080.04
2024-08-28 04:18:46,BTCUSD_PERP,bid,60800,1139.67
2024-08-28 04:19:06,BTCUSD_PERP,bid,60800,1019.8
2024-08-28 04:19:07,BTCUSD_PERP,bid,60800,959.56
2024-08-28 04:19:07,BTCUSD_PERP,bid,60800,899.32
2024-08-28 04:19:07,BTCUSD_PERP,bid,60800,780.06
2024-08-28 04:19:08,BTCUSD_PERP,bid,60800,719.82
2024-08-28 04:19:08,BTCUSD_PERP,bid,60800,599.95
2024-08-28 04:19:08,BTCUSD_PERP,bid,60800,539.71
2024-08-28 04:19:53,BTCUSD_PERP,bid,60800,539.63
2024-08-28 04:19:53,BTCUSD_PERP,bid,60800,779.33
2024-08-28 04:19:53,BTCUSD_PERP,bid,60800,899.18
2024-08-28 04:19:53,BTCUSD_PERP,bid,60800,959.41
2024-08-28 04:20:11,BTCUSD_PERP,bid,60800,899.18
2024-08-28 04:20:11,BTCUSD_PERP,bid,60800,839.56
2024-08-28 04:20:12,BTCUSD_PERP,bid,60800,779.33
2024-08-28 04:20:12,BTCUSD_PERP,bid,60800,599.25
2024-08-28 04:20:13,BTCUSD_PERP,bid,60800,539.99
2024-08-28 04:20:16,BTCUSD_PERP,bid,60800,899.84
2024-08-28 04:20:16,BTCUSD_PERP,bid,60800,959.47
2024-08-28 04:20:20,BTCUSD_PERP,bid,60800,899.23
2024-08-28 04:20:20,BTCUSD_PERP,bid,60800,600.15
2024-08-28 04:20:21,BTCUSD_PERP,bid,60800,899.34
2024-08-28 04:20:21,BTCUSD_PERP,bid,60800,959.55
2024-08-28 04:20:47,BTCUSD_PERP,bid,60800,839.13
2024-08-28 04:20:47,BTCUSD_PERP,bid,60800,779.54
2024-08-28 04:20:47,BTCUSD_PERP,bid,60800,719.33
2024-08-28 04:20:48,BTCUSD_PERP,bid,60800,659.22
2024-08-28 04:20:48,BTCUSD_PERP,bid,60800,599.62
2024-08-28 04:21:08,BTCUSD_PERP,bid,60900,540.87
2024-08-28 04:21:08,BTCUSD_PERP,bid,60900,660.25
2024-08-28 04:21:08,BTCUSD_PERP,bid,60900,720.55
2024-08-28 04:21:36,BTCUSD_PERP,bid,60900,599.95
2024-08-28 04:21:36,BTCUSD_PERP,bid,60900,540.26
2024-08-28 04:21:39,BTCUSD_PERP,bid,60900,540.84
2024-08-28 04:23:33,BTCUSD_PERP,bid,61000,541.83
2024-08-28 04:27:56,BTCUSD_PERP,bid,60800,540.33
2024-08-28 04:28:59,BTCUSD_PERP,bid,60800,540.39
2024-08-28 04:28:59,BTCUSD_PERP,bid,60800,600.64
2024-08-28 04:30:09,BTCUSD_PERP,bid,60800,540.06
2024-08-28 04:30:23,BTCUSD_PERP,bid,60700,538.99
2024-08-28 04:30:23,BTCUSD_PERP,bid,60700,598.55
2024-08-28 04:30:23,BTCUSD_PERP,bid,60700,658.11
2024-08-28 04:30:35,BTCUSD_PERP,bid,60700,598.55
2024-08-28 04:30:36,BTCUSD_PERP,bid,60700,598.2
2024-08-28 04:30:39,BTCUSD_PERP,bid,60700,538.67
2024-08-28 04:30:39,BTCUSD_PERP,bid,60700,538.45
2024-08-28 04:30:58,BTCUSD_PERP,bid,60600,787.99
2024-08-28 04:31:21,BTCUSD_PERP,bid,60600,538.43
2024-08-28 04:32:13,BTCUSD_PERP,ask,61900,501.27
2024-08-28 04:32:46,BTCUSD_PERP,bid,51900,1480.77
2024-08-28 04:33:33,BTCUSD_PERP,ask,61800,499.51
2024-08-28 04:34:31,BTCUSD_PERP,bid,60700,538.6
2024-08-28 04:34:33,BTCUSD_PERP,bid,60600,598.36
2024-08-28 04:35:16,BTCUSD_PERP,bid,60700,549.61
2024-08-28 04:35:17,BTCUSD_PERP,bid,60700,609.76
2024-08-28 04:36:59,BTCUSD_PERP,ask,61800,490.69
2024-08-28 04:37:02,BTCUSD_PERP,ask,61800,500.56
2024-08-28 04:37:05,BTCUSD_PERP,ask,61800,510.43
2024-08-28 04:37:07,BTCUSD_PERP,ask,61800,520.3
2024-08-28 04:37:11,BTCUSD_PERP,ask,61800,530.17
2024-08-28 04:37:17,BTCUSD_PERP,ask,61800,524.06
2024-08-28 04:37:50,BTCUSD_PERP,bid,60400,595.77
2024-08-28 04:37:50,BTCUSD_PERP,bid,60400,655.57
2024-08-28 04:38:03,BTCUSD_PERP,bid,60400,537.62
2024-08-28 04:38:04,BTCUSD_PERP,bid,60400,716.06
2024-08-28 04:38:09,BTCUSD_PERP,bid,60400,596.3
2024-08-28 04:38:09,BTCUSD_PERP,bid,60400,537.33
2024-08-28 04:38:09,BTCUSD_PERP,bid,60400,894.6
2024-08-28 04:38:18,BTCUSD_PERP,bid,60400,774.9
2024-08-28 04:38:19,BTCUSD_PERP,bid,60400,656.36
2024-08-28 04:38:20,BTCUSD_PERP,bid,60300,596.48
2024-08-28 04:38:28,BTCUSD_PERP,bid,60300,784.66
2024-08-28 04:38:36,BTCUSD_PERP,bid,60300,724.93
2024-08-28 04:38:36,BTCUSD_PERP,bid,60300,665.2
2024-08-28 04:38:36,BTCUSD_PERP,bid,60300,605.47
2024-08-28 04:38:36,BTCUSD_PERP,bid,60300,545.74
2024-08-28 04:38:45,BTCUSD_PERP,bid,60300,535.94
2024-08-28 04:38:57,BTCUSD_PERP,bid,60300,594.28
2024-08-28 04:38:57,BTCUSD_PERP,bid,60300,654.01
2024-08-28 04:39:16,BTCUSD_PERP,bid,60200,594.4
2024-08-28 04:39:16,BTCUSD_PERP,bid,60200,653.98
2024-08-28 04:39:20,BTCUSD_PERP,bid,60200,534.62
2024-08-28 04:39:21,BTCUSD_PERP,bid,60300,551.55
2024-08-28 04:39:27,BTCUSD_PERP,bid,60300,595.77
2024-08-28 04:39:27,BTCUSD_PERP,bid,60300,654.93
2024-08-28 04:39:31,BTCUSD_PERP,bid,60300,595.16
2024-08-28 04:40:10,BTCUSD_PERP,bid,60400,714.82
2024-08-28 04:40:10,BTCUSD_PERP,bid,60400,774.65
2024-08-28 04:40:18,BTCUSD_PERP,bid,60400,714.82
2024-08-28 04:40:18,BTCUSD_PERP,bid,60400,654.99
2024-08-28 04:40:18,BTCUSD_PERP,bid,60400,595.77
2024-08-28 04:40:20,BTCUSD_PERP,bid,60400,657.73
2024-08-28 04:40:20,BTCUSD_PERP,bid,60400,717.01
2024-08-28 04:40:29,BTCUSD_PERP,bid,60400,597.25
2024-08-28 04:40:30,BTCUSD_PERP,bid,60400,537.97
2024-08-28 04:40:31,BTCUSD_PERP,bid,60500,536.93
2024-08-28 04:40:31,BTCUSD_PERP,bid,60500,596.25
2024-08-28 04:40:33,BTCUSD_PERP,bid,60500,536.93
2024-08-28 04:40:37,BTCUSD_PERP,ask,61900,492.56
2024-08-28 04:41:21,BTCUSD_PERP,bid,60500,523.56
2024-08-28 04:41:21,BTCUSD_PERP,bid,60600,552.04
2024-08-28 04:41:21,BTCUSD_PERP,bid,60600,612.06
2024-08-28 04:41:21,BTCUSD_PERP,bid,60600,672.08
2024-08-28 04:41:22,BTCUSD_PERP,bid,60600,731.49
2024-08-28 04:41:51,BTCUSD_PERP,bid,60600,612.06
2024-08-28 04:43:24,BTCUSD_PERP,bid,60600,537.67
2024-08-28 04:43:24,BTCUSD_PERP,bid,60600,597.75
2024-08-28 04:43:25,BTCUSD_PERP,bid,60600,657.73
2024-08-28 04:43:25,BTCUSD_PERP,bid,60600,717.81
2024-08-28 04:43:56,BTCUSD_PERP,bid,60600,657.23
2024-08-28 04:43:56,BTCUSD_PERP,bid,60600,717.26
2024-08-28 04:44:04,BTCUSD_PERP,bid,60600,597.8
2024-08-28 04:44:05,BTCUSD_PERP,bid,60600,656.96
2024-08-28 04:44:05,BTCUSD_PERP,bid,60600,716.97
2024-08-28 04:44:15,BTCUSD_PERP,bid,60500,597.26
2024-08-28 04:44:16,BTCUSD_PERP,bid,60500,657.24
2024-08-28 04:45:22,BTCUSD_PERP,bid,60400,655.54
2024-08-28 04:45:22,BTCUSD_PERP,bid,60400,715.42
2024-08-28 04:45:49,BTCUSD_PERP,bid,60400,655.2
2024-08-28 04:45:49,BTCUSD_PERP,bid,60400,715.05
2024-08-28 04:46:53,BTCUSD_PERP,bid,60200,653.88
2024-08-28 04:46:53,BTCUSD_PERP,bid,60200,713.55
2024-08-28 04:47:00,BTCUSD_PERP,bid,60200,535.83
2024-08-28 04:47:25,BTCUSD_PERP,bid,60200,730.69
2024-08-28 04:47:25,BTCUSD_PERP,bid,60200,790.37
2024-08-28 04:47:30,BTCUSD_PERP,bid,60100,520.35
2024-08-28 04:47:30,BTCUSD_PERP,bid,60200,831.95
2024-08-28 04:47:31,BTCUSD_PERP,bid,60200,891.6
2024-08-28 04:47:45,BTCUSD_PERP,bid,60200,713.97
2024-08-28 04:47:45,BTCUSD_PERP,bid,60200,771.91
2024-08-28 04:47:45,BTCUSD_PERP,bid,60100,534.05
2024-08-28 04:47:46,BTCUSD_PERP,bid,60100,593.6
2024-08-28 04:47:46,BTCUSD_PERP,bid,60100,652.55
2024-08-28 04:47:48,BTCUSD_PERP,bid,60100,593.6
2024-08-28 04:47:48,BTCUSD_PERP,bid,60100,651.57
2024-08-28 04:47:48,BTCUSD_PERP,bid,60100,770.61
2024-08-28 04:47:49,BTCUSD_PERP,bid,60100,830.13
2024-08-28 04:47:51,BTCUSD_PERP,bid,60100,711.09
2024-08-28 04:48:32,BTCUSD_PERP,bid,59900,531.84
2024-08-28 04:48:32,BTCUSD_PERP,bid,59900,768.19
2024-08-28 04:48:34,BTCUSD_PERP,bid,59900,649.8
2024-08-28 04:48:34,BTCUSD_PERP,bid,59900,718.47
2024-08-28 04:48:34,BTCUSD_PERP,bid,59900,777.77
2024-08-28 04:48:35,BTCUSD_PERP,bid,59900,659.27
2024-08-28 04:48:35,BTCUSD_PERP,bid,59800,708.02
2024-08-28 04:48:37,BTCUSD_PERP,bid,59800,649.84
2024-08-28 04:48:37,BTCUSD_PERP,bid,59800,709.05
2024-08-28 04:48:55,BTCUSD_PERP,bid,59500,527.9
2024-08-28 04:48:55,BTCUSD_PERP,bid,59500,586.9
2024-08-28 04:48:55,BTCUSD_PERP,bid,59500,528.5
2024-08-28 04:48:56,BTCUSD_PERP,bid,59500,905.82
2024-08-28 04:48:58,BTCUSD_PERP,bid,59500,788.7
2024-08-28 04:48:58,BTCUSD_PERP,bid,59500,670.88
2024-08-28 04:48:59,BTCUSD_PERP,bid,59500,612.57
2024-08-28 04:49:11,BTCUSD_PERP,bid,59600,611.6
2024-08-28 04:49:11,BTCUSD_PERP,bid,59600,670.6
2024-08-28 04:49:11,BTCUSD_PERP,bid,59600,729.6
2024-08-28 04:49:11,BTCUSD_PERP,bid,59600,730.83
2024-08-28 04:49:12,BTCUSD_PERP,bid,59600,789.83
2024-08-28 04:49:12,BTCUSD_PERP,bid,59600,848.83
2024-08-28 04:49:19,BTCUSD_PERP,bid,59600,790.43
2024-08-28 04:49:19,BTCUSD_PERP,bid,59600,732.03
2024-08-28 04:49:19,BTCUSD_PERP,bid,59600,614.03
2024-08-28 04:49:20,BTCUSD_PERP,bid,59600,529.46
2024-08-28 04:49:21,BTCUSD_PERP,bid,59600,588.5
2024-08-28 04:49:32,BTCUSD_PERP,bid,59600,530.06
2024-08-28 04:49:33,BTCUSD_PERP,bid,59600,598.73
2024-08-28 04:49:33,BTCUSD_PERP,bid,59600,657.8
2024-08-28 04:49:33,BTCUSD_PERP,bid,59600,716.87
2024-08-28 04:49:34,BTCUSD_PERP,bid,59600,775.94
2024-08-28 04:49:34,BTCUSD_PERP,bid,59600,834.41
2024-08-28 04:50:05,BTCUSD_PERP,bid,59600,716.27
2024-08-28 04:50:06,BTCUSD_PERP,bid,59600,598.73
2024-08-28 04:50:06,BTCUSD_PERP,bid,59600,539.66
2024-08-28 04:50:07,BTCUSD_PERP,bid,59700,528.97
2024-08-28 04:50:07,BTCUSD_PERP,bid,59700,588.09
2024-08-28 04:50:09,BTCUSD_PERP,bid,59700,529.58
2024-08-28 04:50:32,BTCUSD_PERP,bid,59700,530.57
2024-08-28 04:50:32,BTCUSD_PERP,bid,59700,648.29
2024-08-28 04:50:42,BTCUSD_PERP,bid,59700,530.56
2024-08-28 04:50:44,BTCUSD_PERP,bid,59800,531.0
2024-08-28 04:50:44,BTCUSD_PERP,bid,59800,765.41
2024-08-28 04:50:44,BTCUSD_PERP,bid,59800,825.85
2024-08-28 04:50:44,BTCUSD_PERP,bid,59800,885.05
2024-08-28 04:51:02,BTCUSD_PERP,bid,59800,885.06
2024-08-28 04:51:06,BTCUSD_PERP,bid,59700,525.94
2024-08-28 04:51:06,BTCUSD_PERP,bid,59800,826.46
2024-08-28 04:51:07,BTCUSD_PERP,bid,59800,708.06
2024-08-28 04:51:07,BTCUSD_PERP,bid,59800,649.46
2024-08-28 04:51:07,BTCUSD_PERP,bid,59800,590.86
2024-08-28 04:51:07,BTCUSD_PERP,bid,59800,531.66
2024-08-28 04:51:08,BTCUSD_PERP,bid,59800,532.89
2024-08-28 04:51:08,BTCUSD_PERP,bid,59800,650.17
2024-08-28 04:51:08,BTCUSD_PERP,bid,59800,709.41
2024-08-28 04:51:08,BTCUSD_PERP,bid,59800,768.65
2024-08-28 04:51:09,BTCUSD_PERP,bid,59800,827.89
2024-08-28 04:51:21,BTCUSD_PERP,bid,59800,768.65
2024-08-28 04:51:21,BTCUSD_PERP,bid,59800,709.41
2024-08-28 04:51:22,BTCUSD_PERP,bid,59800,650.17
2024-08-28 04:51:23,BTCUSD_PERP,bid,59800,531.71
2024-08-28 04:51:32,BTCUSD_PERP,bid,59900,590.7
2024-08-28 04:51:32,BTCUSD_PERP,bid,59900,650.02
2024-08-28 04:51:42,BTCUSD_PERP,bid,59900,531.98
2024-08-28 04:51:43,BTCUSD_PERP,bid,59900,591.7
2024-08-28 04:51:43,BTCUSD_PERP,bid,59900,651.06
2024-08-28 04:51:43,BTCUSD_PERP,bid,59900,709.82
2024-08-28 04:51:43,BTCUSD_PERP,bid,59900,719.8
2024-08-28 04:51:43,BTCUSD_PERP,bid,59900,779.16
2024-08-28 04:51:48,BTCUSD_PERP,bid,59900,661.04
2024-08-28 04:51:49,BTCUSD_PERP,bid,59900,602.28
2024-08-28 04:51:49,BTCUSD_PERP,bid,59900,542.92
2024-08-28 04:52:16,BTCUSD_PERP,bid,59800,943.87
2024-08-28 04:52:16,BTCUSD_PERP,bid,59800,516.93
2024-08-28 04:52:16,BTCUSD_PERP,bid,59800,1003.13
2024-08-28 04:52:17,BTCUSD_PERP,bid,59800,826.64
2024-08-28 04:52:17,BTCUSD_PERP,bid,59800,540.53
2024-08-28 04:52:20,BTCUSD_PERP,bid,59700,529.99
2024-08-28 04:52:20,BTCUSD_PERP,bid,59800,649.3
2024-08-28 04:52:22,BTCUSD_PERP,bid,59800,531.5
2024-08-28 04:52:43,BTCUSD_PERP,bid,59900,545.57
2024-08-28 04:52:43,BTCUSD_PERP,bid,59900,604.89
2024-08-28 04:53:08,BTCUSD_PERP,bid,59800,531.02
2024-08-28 04:53:08,BTCUSD_PERP,bid,59800,590.3
