2024-08-21 07:00:31,SOLUSDT,bid,141,68159.0
2024-08-21 07:00:31,SOLUSDT,bid,141,68159.0
2024-08-21 07:00:32,SOLUSDT,bid,141,68146.0
2024-08-21 07:00:47,SOLUSDT,bid,141,68147.0
2024-08-21 07:01:52,SOLUSDT,bid,141,68146.0
2024-08-21 07:02:29,SOLUSDT,bid,141,68260.0
2024-08-21 07:03:04,SOLUSDT,bid,141,68146.0
2024-08-21 07:16:45,SOLUSDT,bid,141,68148.0
2024-08-21 07:18:28,SOLUSDT,bid,141,68146.0
2024-08-21 07:24:55,SOLUSDT,bid,142,65675.0
2024-08-21 07:25:01,SOLUSDT,bid,142,65498.0
2024-08-21 07:25:02,SOLUSDT,bid,142,65428.0
2024-08-21 07:25:20,SOLUSDT,bid,142,43632.0
2024-08-21 07:25:31,SOLUSDT,bid,142,43630.0
2024-08-21 07:33:10,SOLUSDT,bid,141,67843.0
2024-08-21 07:33:11,SOLUSDT,bid,141,67843.0
2024-08-21 07:33:12,SOLUSDT,bid,141,68089.0
2024-08-21 07:33:12,SOLUSDT,bid,141,67843.0
2024-08-21 07:33:15,SOLUSDT,bid,141,68182.0
2024-08-21 07:33:17,SOLUSDT,bid,141,68189.0
2024-08-21 07:33:17,SOLUSDT,bid,141,68182.0
2024-08-21 07:33:25,SOLUSDT,bid,141,68305.0
2024-08-21 07:33:26,SOLUSDT,bid,141,68182.0
2024-08-21 07:33:26,SOLUSDT,bid,141,68305.0
2024-08-21 07:33:26,SOLUSDT,bid,141,68182.0
2024-08-21 07:33:26,SOLUSDT,bid,141,68202.0
2024-08-21 07:33:27,SOLUSDT,bid,141,68199.0
2024-08-21 07:33:27,SOLUSDT,bid,141,68192.0
2024-08-21 07:33:36,SOLUSDT,bid,141,67853.0
2024-08-21 07:33:36,SOLUSDT,bid,141,67846.0
2024-08-21 07:33:43,SOLUSDT,bid,141,62147.0
2024-08-21 07:33:43,SOLUSDT,bid,141,62107.0
2024-08-21 07:33:44,SOLUSDT,bid,141,62106.0
2024-08-21 07:33:45,SOLUSDT,bid,141,62105.0
2024-08-21 07:33:46,SOLUSDT,bid,141,62036.0
2024-08-21 07:33:49,SOLUSDT,bid,141,62007.0
2024-08-21 07:33:49,SOLUSDT,bid,141,61989.0
2024-08-21 07:33:50,SOLUSDT,bid,141,61990.0
2024-08-21 07:33:50,SOLUSDT,bid,141,61989.0
2024-08-21 07:33:52,SOLUSDT,bid,141,62004.0
2024-08-21 07:33:54,SOLUSDT,bid,141,61989.0
2024-08-21 07:33:54,SOLUSDT,bid,141,61961.0
2024-08-21 07:34:00,SOLUSDT,bid,141,62101.0
2024-08-21 07:34:00,SOLUSDT,bid,141,61961.0
2024-08-21 07:34:00,SOLUSDT,bid,141,62066.0
2024-08-21 07:34:00,SOLUSDT,bid,141,61961.0
2024-08-21 07:34:01,SOLUSDT,bid,141,61971.0
2024-08-21 07:34:05,SOLUSDT,bid,141,61961.0
2024-08-21 07:34:18,SOLUSDT,bid,141,61966.0
2024-08-21 07:34:19,SOLUSDT,bid,141,61976.0
2024-08-21 07:34:19,SOLUSDT,bid,141,61977.0
2024-08-21 07:34:20,SOLUSDT,bid,141,61971.0
2024-08-21 07:34:22,SOLUSDT,bid,141,62006.0
2024-08-21 07:34:24,SOLUSDT,bid,141,61971.0
2024-08-21 07:34:24,SOLUSDT,bid,141,61971.0
2024-08-21 07:34:26,SOLUSDT,bid,141,62076.0
2024-08-21 07:34:27,SOLUSDT,bid,141,61971.0
2024-08-21 07:34:27,SOLUSDT,bid,141,62074.0
2024-08-21 07:34:28,SOLUSDT,bid,141,62074.0
2024-08-21 07:34:28,SOLUSDT,bid,141,61971.0
2024-08-21 07:34:29,SOLUSDT,bid,141,61973.0
2024-08-21 07:34:29,SOLUSDT,bid,141,61973.0
2024-08-21 07:34:29,SOLUSDT,bid,141,62076.0
2024-08-21 07:34:30,SOLUSDT,bid,141,61971.0
2024-08-21 07:34:51,SOLUSDT,bid,141,59632.0
2024-08-21 07:34:54,SOLUSDT,bid,141,59632.0
2024-08-21 07:34:58,SOLUSDT,bid,141,59635.0
2024-08-21 07:35:01,SOLUSDT,bid,141,59881.0
2024-08-21 07:35:01,SOLUSDT,bid,141,59635.0
2024-08-21 07:35:02,SOLUSDT,bid,141,59637.0
2024-08-21 07:35:02,SOLUSDT,bid,141,59634.0
2024-08-21 07:35:02,SOLUSDT,bid,141,59707.0
2024-08-21 07:35:03,SOLUSDT,bid,141,59633.0
2024-08-21 07:35:03,SOLUSDT,bid,141,59640.0
2024-08-21 07:35:03,SOLUSDT,bid,141,59633.0
2024-08-21 07:35:05,SOLUSDT,bid,141,59632.0
2024-08-21 07:35:10,SOLUSDT,bid,141,59632.0
2024-08-21 07:35:15,SOLUSDT,bid,141,59636.0
2024-08-21 07:35:17,SOLUSDT,bid,141,60128.0
2024-08-21 07:35:18,SOLUSDT,bid,141,59636.0
2024-08-21 07:35:26,SOLUSDT,bid,141,60379.0
2024-08-21 07:35:26,SOLUSDT,bid,141,60379.0
2024-08-21 07:35:26,SOLUSDT,bid,141,59636.0
2024-08-21 07:35:30,SOLUSDT,bid,141,59636.0
2024-08-21 07:35:32,SOLUSDT,bid,141,60486.0
2024-08-21 07:35:32,SOLUSDT,bid,141,59636.0
2024-08-21 07:35:45,SOLUSDT,bid,141,59636.0
2024-08-21 07:35:45,SOLUSDT,bid,141,59882.0
2024-08-21 07:35:47,SOLUSDT,bid,141,59636.0
2024-08-21 07:35:58,SOLUSDT,bid,141,59639.0
2024-08-21 07:35:59,SOLUSDT,bid,141,59636.0
2024-08-21 07:36:00,SOLUSDT,bid,141,59636.0
2024-08-21 07:36:01,SOLUSDT,bid,141,59759.0
2024-08-21 07:36:01,SOLUSDT,bid,141,59636.0
2024-08-21 07:36:05,SOLUSDT,bid,141,59643.0
2024-08-21 07:36:06,SOLUSDT,bid,141,59636.0
2024-08-21 07:36:17,SOLUSDT,bid,141,59636.0
2024-08-21 07:36:25,SOLUSDT,bid,141,59651.0
2024-08-21 07:36:28,SOLUSDT,bid,141,59636.0
2024-08-21 07:36:28,SOLUSDT,bid,141,59663.0
2024-08-21 07:36:38,SOLUSDT,bid,141,59863.0
2024-08-21 07:36:42,SOLUSDT,bid,141,59663.0
2024-08-21 07:36:52,SOLUSDT,bid,141,59668.0
2024-08-21 07:37:19,SOLUSDT,bid,141,59668.0
2024-08-21 07:37:36,SOLUSDT,bid,141,59668.0
2024-08-21 07:37:36,SOLUSDT,bid,141,59668.0
2024-08-21 07:37:41,SOLUSDT,bid,141,59674.0
2024-08-21 07:37:50,SOLUSDT,bid,141,59668.0
2024-08-21 07:37:56,SOLUSDT,bid,141,59683.0
2024-08-21 07:37:59,SOLUSDT,bid,141,59679.0
2024-08-21 07:38:01,SOLUSDT,bid,141,59664.0
2024-08-21 07:38:29,SOLUSDT,bid,141,59977.0
2024-08-21 07:38:32,SOLUSDT,bid,141,59977.0
2024-08-21 07:38:34,SOLUSDT,bid,141,59664.0
2024-08-21 07:38:37,SOLUSDT,bid,141,59678.0
2024-08-21 07:38:40,SOLUSDT,bid,141,59664.0
2024-08-21 07:39:00,SOLUSDT,bid,141,59728.0
2024-08-21 07:39:01,SOLUSDT,bid,141,59768.0
2024-08-21 07:39:01,SOLUSDT,bid,141,59768.0
2024-08-21 07:39:01,SOLUSDT,bid,141,59775.0
2024-08-21 07:39:01,SOLUSDT,bid,141,59891.0
2024-08-21 07:39:02,SOLUSDT,bid,141,60014.0
2024-08-21 07:39:02,SOLUSDT,bid,141,59768.0
2024-08-21 07:39:06,SOLUSDT,bid,141,59726.0
2024-08-21 07:39:08,SOLUSDT,bid,141,59931.0
2024-08-21 07:39:09,SOLUSDT,bid,141,59926.0
2024-08-21 07:39:09,SOLUSDT,bid,141,59680.0
2024-08-21 07:39:11,SOLUSDT,bid,141,59681.0
2024-08-21 07:39:30,SOLUSDT,bid,141,59680.0
2024-08-21 07:40:00,SOLUSDT,bid,141,59647.0
2024-08-21 07:40:13,SOLUSDT,bid,141,62884.0
2024-08-21 07:40:37,SOLUSDT,bid,141,62885.0
2024-08-21 07:41:04,SOLUSDT,bid,141,62887.0
2024-08-21 07:41:11,SOLUSDT,bid,141,62887.0
2024-08-21 07:41:11,SOLUSDT,bid,141,62885.0
2024-08-21 07:41:23,SOLUSDT,bid,141,62885.0
2024-08-21 07:41:23,SOLUSDT,bid,141,62892.0
2024-08-21 07:41:24,SOLUSDT,bid,141,62885.0
2024-08-21 07:41:28,SOLUSDT,bid,141,62892.0
2024-08-21 07:41:29,SOLUSDT,bid,141,62885.0
2024-08-21 07:41:31,SOLUSDT,bid,141,62886.0
2024-08-21 07:41:31,SOLUSDT,bid,141,62885.0
2024-08-21 07:41:51,SOLUSDT,bid,141,62889.0
2024-08-21 07:42:00,SOLUSDT,bid,141,62885.0
2024-08-21 07:42:11,SOLUSDT,bid,141,62898.0
2024-08-21 07:42:12,SOLUSDT,bid,141,62885.0
2024-08-21 07:42:22,SOLUSDT,bid,141,62885.0
2024-08-21 07:42:28,SOLUSDT,bid,141,62898.0
2024-08-21 07:42:29,SOLUSDT,bid,141,62885.0
2024-08-21 07:42:34,SOLUSDT,bid,141,62884.0
2024-08-21 07:42:45,SOLUSDT,bid,141,62897.0
2024-08-21 07:42:45,SOLUSDT,bid,141,62884.0
2024-08-21 07:42:48,SOLUSDT,bid,141,62897.0
2024-08-21 07:42:48,SOLUSDT,bid,141,62884.0
2024-08-21 07:42:49,SOLUSDT,bid,141,62897.0
2024-08-21 07:42:50,SOLUSDT,bid,141,62884.0
2024-08-21 07:42:51,SOLUSDT,bid,141,62884.0
2024-08-21 07:42:55,SOLUSDT,bid,141,62897.0
2024-08-21 07:42:55,SOLUSDT,bid,141,62897.0
2024-08-21 07:42:55,SOLUSDT,bid,141,62884.0
2024-08-21 07:42:55,SOLUSDT,bid,141,62897.0
2024-08-21 07:42:56,SOLUSDT,bid,141,62884.0
2024-08-21 07:43:27,SOLUSDT,bid,141,62878.0
2024-08-21 07:43:34,SOLUSDT,bid,141,62891.0
2024-08-21 07:43:34,SOLUSDT,bid,141,62878.0
2024-08-21 07:44:08,SOLUSDT,bid,141,62891.0
2024-08-21 07:44:08,SOLUSDT,bid,141,62878.0
2024-08-21 07:44:13,SOLUSDT,bid,141,62891.0
2024-08-21 07:44:14,SOLUSDT,bid,141,62878.0
2024-08-21 07:44:32,SOLUSDT,bid,141,63191.0
2024-08-21 07:44:37,SOLUSDT,bid,141,62878.0
2024-08-21 07:45:00,SOLUSDT,bid,141,62888.0
2024-08-21 07:45:12,SOLUSDT,bid,141,62878.0
2024-08-21 07:48:43,SOLUSDT,bid,141,63140.0
2024-08-21 07:48:46,SOLUSDT,bid,141,62878.0
2024-08-21 07:50:10,SOLUSDT,bid,141,62895.0
2024-08-21 07:50:20,SOLUSDT,bid,141,62878.0
2024-08-21 07:51:11,SOLUSDT,bid,141,62876.0
2024-08-21 07:51:25,SOLUSDT,bid,141,62896.0
2024-08-21 07:51:27,SOLUSDT,bid,141,62897.0
2024-08-21 07:51:35,SOLUSDT,bid,141,62908.0
2024-08-21 07:51:43,SOLUSDT,bid,141,62916.0
2024-08-21 07:51:44,SOLUSDT,bid,141,62908.0
2024-08-21 07:52:09,SOLUSDT,bid,141,63181.0
2024-08-21 07:52:11,SOLUSDT,bid,141,63194.0
2024-08-21 07:52:11,SOLUSDT,bid,141,62908.0
2024-08-21 07:52:27,SOLUSDT,bid,141,62888.0
2024-08-21 07:52:27,SOLUSDT,bid,141,62908.0
2024-08-21 07:52:28,SOLUSDT,bid,141,62907.0
2024-08-21 07:52:28,SOLUSDT,bid,141,62887.0
2024-08-21 07:52:29,SOLUSDT,bid,141,62900.0
2024-08-21 07:52:29,SOLUSDT,bid,141,62887.0
2024-08-21 07:52:36,SOLUSDT,bid,141,62876.0
2024-08-21 07:53:44,SOLUSDT,bid,141,62917.0
2024-08-21 07:53:53,SOLUSDT,bid,141,62917.0
2024-08-21 07:53:53,SOLUSDT,bid,141,62898.0
2024-08-21 07:54:00,SOLUSDT,bid,141,62884.0
2024-08-21 07:54:10,SOLUSDT,bid,141,62906.0
2024-08-21 07:54:11,SOLUSDT,bid,141,62897.0
2024-08-21 07:54:28,SOLUSDT,bid,141,63020.0
2024-08-21 07:54:28,SOLUSDT,bid,141,62897.0
2024-08-21 07:55:08,SOLUSDT,bid,141,62887.0
2024-08-21 07:55:11,SOLUSDT,bid,141,62888.0
2024-08-21 07:55:11,SOLUSDT,bid,141,62887.0
2024-08-21 07:55:49,SOLUSDT,bid,141,63675.0
2024-08-21 07:56:07,SOLUSDT,bid,141,64325.0
2024-08-21 07:56:30,SOLUSDT,bid,141,64332.0
2024-08-21 07:56:35,SOLUSDT,bid,141,64346.0
2024-08-21 07:56:37,SOLUSDT,bid,141,63696.0
2024-08-21 07:57:03,SOLUSDT,bid,141,63717.0
2024-08-21 07:57:12,SOLUSDT,bid,141,63710.0
2024-08-21 07:57:31,SOLUSDT,bid,141,63725.0
2024-08-21 07:57:32,SOLUSDT,bid,141,63710.0
2024-08-21 07:57:39,SOLUSDT,bid,141,63710.0
2024-08-21 07:58:07,SOLUSDT,bid,141,63460.0
2024-08-21 07:58:11,SOLUSDT,bid,141,63462.0
2024-08-21 07:58:12,SOLUSDT,bid,141,63463.0
2024-08-21 07:58:26,SOLUSDT,bid,141,63478.0
2024-08-21 07:58:37,SOLUSDT,bid,141,63479.0
2024-08-21 07:58:44,SOLUSDT,bid,141,63476.0
2024-08-21 07:58:44,SOLUSDT,bid,141,63476.0
2024-08-21 07:59:07,SOLUSDT,bid,141,63424.0
2024-08-21 07:59:12,SOLUSDT,bid,141,63539.0
2024-08-21 07:59:19,SOLUSDT,bid,141,63424.0
2024-08-21 07:59:23,SOLUSDT,bid,141,63421.0
2024-08-21 07:59:23,SOLUSDT,bid,141,63422.0
2024-08-21 07:59:37,SOLUSDT,bid,141,64581.0
2024-08-21 07:59:37,SOLUSDT,bid,141,64686.0
2024-08-21 07:59:38,SOLUSDT,bid,141,63437.0
2024-08-21 07:59:38,SOLUSDT,bid,141,64817.0
2024-08-21 07:59:39,SOLUSDT,bid,141,63437.0
2024-08-21 07:59:39,SOLUSDT,bid,141,64817.0
2024-08-21 07:59:39,SOLUSDT,bid,141,63422.0
2024-08-21 07:59:40,SOLUSDT,bid,141,64924.0
2024-08-21 07:59:40,SOLUSDT,bid,141,64924.0
2024-08-21 07:59:40,SOLUSDT,bid,141,63422.0
2024-08-21 07:59:41,SOLUSDT,bid,141,63422.0
2024-08-21 07:59:46,SOLUSDT,bid,141,63437.0
2024-08-21 07:59:46,SOLUSDT,bid,141,63422.0
2024-08-21 08:00:04,SOLUSDT,bid,141,63423.0
2024-08-21 08:00:19,SOLUSDT,bid,141,63409.0
2024-08-21 08:00:23,SOLUSDT,bid,141,63442.0
2024-08-21 08:00:23,SOLUSDT,bid,141,63409.0
2024-08-21 08:00:32,SOLUSDT,bid,141,63617.0
2024-08-21 08:00:37,SOLUSDT,bid,141,63630.0
2024-08-21 08:00:37,SOLUSDT,bid,141,63422.0
2024-08-21 08:00:38,SOLUSDT,bid,141,63409.0
2024-08-21 08:00:38,SOLUSDT,bid,141,63410.0
2024-08-21 08:00:38,SOLUSDT,bid,141,63409.0
2024-08-21 08:00:41,SOLUSDT,bid,141,63415.0
2024-08-21 08:00:42,SOLUSDT,bid,141,63409.0
2024-08-21 08:00:44,SOLUSDT,bid,141,63409.0
2024-08-21 08:00:44,SOLUSDT,bid,141,63622.0
2024-08-21 08:00:45,SOLUSDT,bid,141,63635.0
2024-08-21 08:00:45,SOLUSDT,bid,141,63622.0
2024-08-21 08:00:48,SOLUSDT,bid,141,63635.0
2024-08-21 08:00:48,SOLUSDT,bid,141,63622.0
2024-08-21 08:00:51,SOLUSDT,bid,141,63635.0
2024-08-21 08:00:52,SOLUSDT,bid,141,63622.0
2024-08-21 08:00:52,SOLUSDT,bid,141,63409.0
2024-08-21 08:00:57,SOLUSDT,bid,141,63394.0
2024-08-21 08:00:58,SOLUSDT,bid,141,63409.0
2024-08-21 08:00:59,SOLUSDT,bid,141,63394.0
2024-08-21 08:01:04,SOLUSDT,bid,141,63397.0
2024-08-21 08:01:06,SOLUSDT,bid,141,63410.0
2024-08-21 08:01:07,SOLUSDT,bid,141,63397.0
2024-08-21 08:01:20,SOLUSDT,bid,141,63398.0
2024-08-21 08:01:21,SOLUSDT,bid,141,63399.0
2024-08-21 08:01:29,SOLUSDT,bid,141,63419.0
2024-08-21 08:01:31,SOLUSDT,bid,141,63399.0
2024-08-21 08:01:33,SOLUSDT,bid,141,63396.0
2024-08-21 08:01:36,SOLUSDT,bid,141,63417.0
2024-08-21 08:01:38,SOLUSDT,bid,141,63396.0
2024-08-21 08:01:38,SOLUSDT,bid,141,63395.0
2024-08-21 08:01:40,SOLUSDT,bid,141,63409.0
2024-08-21 08:01:42,SOLUSDT,bid,141,63405.0
2024-08-21 08:01:42,SOLUSDT,bid,141,63410.0
2024-08-21 08:01:46,SOLUSDT,bid,141,63417.0
2024-08-21 08:01:46,SOLUSDT,bid,141,63410.0
2024-08-21 08:01:54,SOLUSDT,bid,141,63410.0
2024-08-21 08:01:54,SOLUSDT,bid,141,63410.0
2024-08-21 08:02:07,SOLUSDT,bid,141,63413.0
2024-08-21 08:02:10,SOLUSDT,bid,141,63395.0
2024-08-21 08:02:11,SOLUSDT,bid,141,63396.0
2024-08-21 08:02:12,SOLUSDT,bid,141,63417.0
2024-08-21 08:02:12,SOLUSDT,bid,141,63417.0
2024-08-21 08:02:12,SOLUSDT,bid,141,63400.0
2024-08-21 08:02:13,SOLUSDT,bid,141,63520.0
2024-08-21 08:02:15,SOLUSDT,bid,141,63404.0
2024-08-21 08:02:16,SOLUSDT,bid,141,63409.0
2024-08-21 08:02:17,SOLUSDT,bid,141,63404.0
2024-08-21 08:02:19,SOLUSDT,bid,141,63400.0
2024-08-21 08:02:20,SOLUSDT,bid,141,63403.0
2024-08-21 08:02:21,SOLUSDT,bid,141,63401.0
2024-08-21 08:02:49,SOLUSDT,bid,141,63558.0
2024-08-21 08:03:00,SOLUSDT,bid,141,63559.0
2024-08-21 08:03:08,SOLUSDT,bid,141,63553.0
2024-08-21 08:03:09,SOLUSDT,bid,141,63568.0
2024-08-21 08:03:13,SOLUSDT,bid,141,63411.0
2024-08-21 08:03:19,SOLUSDT,bid,141,63396.0
2024-08-21 08:03:30,SOLUSDT,bid,141,63395.0
2024-08-21 08:03:35,SOLUSDT,bid,141,63642.0
2024-08-21 08:03:35,SOLUSDT,bid,141,63395.0
2024-08-21 08:03:47,SOLUSDT,bid,141,63405.0
2024-08-21 08:04:00,SOLUSDT,bid,141,63405.0
2024-08-21 08:04:07,SOLUSDT,bid,141,63528.0
2024-08-21 08:04:07,SOLUSDT,bid,141,63405.0
2024-08-21 08:04:18,SOLUSDT,bid,141,63409.0
2024-08-21 08:04:25,SOLUSDT,bid,141,63405.0
2024-08-21 08:04:40,SOLUSDT,bid,141,63475.0
2024-08-21 08:05:30,SOLUSDT,bid,141,63477.0
2024-08-21 08:05:36,SOLUSDT,bid,141,63368.0
2024-08-21 08:05:41,SOLUSDT,bid,141,63366.0
2024-08-21 08:05:44,SOLUSDT,bid,141,63367.0
2024-08-21 08:05:56,SOLUSDT,bid,141,63362.0
2024-08-21 08:06:26,SOLUSDT,bid,141,63361.0
2024-08-21 08:06:31,SOLUSDT,bid,141,63362.0
2024-08-21 08:07:41,SOLUSDT,bid,141,63379.0
2024-08-21 08:07:50,SOLUSDT,bid,141,63362.0
2024-08-21 08:08:05,SOLUSDT,bid,141,63363.0
2024-08-21 08:08:37,SOLUSDT,bid,141,63525.0
2024-08-21 08:08:46,SOLUSDT,bid,141,63762.0
2024-08-21 08:09:09,SOLUSDT,bid,141,63763.0
2024-08-21 08:09:21,SOLUSDT,bid,141,63526.0
2024-08-21 08:09:28,SOLUSDT,bid,141,63528.0
2024-08-21 08:09:45,SOLUSDT,bid,141,63529.0
2024-08-21 08:10:41,SOLUSDT,bid,141,63528.0
2024-08-21 08:10:50,SOLUSDT,bid,141,63687.0
2024-08-21 08:10:56,SOLUSDT,bid,141,63528.0
2024-08-21 08:12:03,SOLUSDT,bid,141,63530.0
2024-08-21 08:12:25,SOLUSDT,bid,141,63536.0
2024-08-21 08:12:52,SOLUSDT,bid,141,63734.0
2024-08-21 08:13:40,SOLUSDT,bid,141,63735.0
2024-08-21 08:13:46,SOLUSDT,bid,141,63725.0
2024-08-21 08:14:19,SOLUSDT,bid,141,63732.0
2024-08-21 08:14:33,SOLUSDT,bid,141,63534.0
2024-08-21 08:14:35,SOLUSDT,bid,141,63527.0
2024-08-21 08:14:53,SOLUSDT,bid,141,60606.0
2024-08-21 08:15:00,SOLUSDT,bid,141,60603.0
2024-08-21 08:15:24,SOLUSDT,bid,141,61684.0
2024-08-21 08:15:24,SOLUSDT,bid,141,60603.0
2024-08-21 08:15:25,SOLUSDT,bid,141,60849.0
2024-08-21 08:15:25,SOLUSDT,bid,141,60615.0
2024-08-21 08:15:25,SOLUSDT,bid,141,60738.0
2024-08-21 08:15:26,SOLUSDT,bid,141,60615.0
2024-08-21 08:15:27,SOLUSDT,bid,141,60616.0
2024-08-21 08:15:29,SOLUSDT,bid,141,60739.0
2024-08-21 08:15:29,SOLUSDT,bid,141,60616.0
2024-08-21 08:15:59,SOLUSDT,bid,141,60615.0
2024-08-21 08:16:05,SOLUSDT,bid,141,60617.0
2024-08-21 08:16:12,SOLUSDT,bid,141,60615.0
2024-08-21 08:16:30,SOLUSDT,bid,141,60619.0
2024-08-21 08:16:42,SOLUSDT,bid,141,60626.0
2024-08-21 08:16:42,SOLUSDT,bid,141,60622.0
2024-08-21 08:16:45,SOLUSDT,bid,141,60615.0
2024-08-21 08:19:24,SOLUSDT,bid,141,60603.0
2024-08-21 08:19:48,SOLUSDT,bid,141,60926.0
2024-08-21 08:19:59,SOLUSDT,bid,141,60603.0
2024-08-21 08:20:01,SOLUSDT,bid,141,60623.0
2024-08-21 08:20:01,SOLUSDT,bid,141,60603.0
2024-08-21 08:20:06,SOLUSDT,bid,141,60623.0
2024-08-21 08:20:07,SOLUSDT,bid,141,60643.0
2024-08-21 08:20:07,SOLUSDT,bid,141,60623.0
2024-08-21 08:20:13,SOLUSDT,bid,141,60603.0
2024-08-21 08:20:13,SOLUSDT,bid,141,60603.0
2024-08-21 08:20:18,SOLUSDT,bid,141,60607.0
2024-08-21 08:20:19,SOLUSDT,bid,141,60609.0
2024-08-21 08:20:19,SOLUSDT,bid,141,60605.0
2024-08-21 08:20:33,SOLUSDT,bid,141,60609.0
2024-08-21 08:20:40,SOLUSDT,bid,141,60612.0
2024-08-21 08:20:58,SOLUSDT,bid,141,60609.0
2024-08-21 08:21:00,SOLUSDT,bid,141,36654.0
2024-08-21 08:21:00,SOLUSDT,bid,141,36661.0
2024-08-21 08:21:00,SOLUSDT,bid,141,36638.0
2024-08-21 08:21:00,SOLUSDT,bid,141,36244.0
2024-08-21 08:21:01,SOLUSDT,bid,141,36200.0
2024-08-21 08:21:01,SOLUSDT,bid,141,36196.0
2024-08-21 08:21:02,SOLUSDT,bid,141,36198.0
2024-08-21 08:21:03,SOLUSDT,bid,141,36225.0
2024-08-21 08:21:03,SOLUSDT,bid,141,36223.0
2024-08-21 08:21:03,SOLUSDT,bid,141,36196.0
2024-08-21 08:21:05,SOLUSDT,bid,141,36184.0
2024-08-21 08:21:05,SOLUSDT,bid,141,36184.0
2024-08-21 08:21:08,SOLUSDT,bid,141,36176.0
2024-08-21 08:21:08,SOLUSDT,bid,141,36176.0
2024-08-21 08:21:08,SOLUSDT,bid,141,36176.0
2024-08-21 08:28:36,SOLUSDT,bid,56,89293.0
2024-08-21 08:28:54,SOLUSDT,bid,141,43725.0
2024-08-21 08:30:36,SOLUSDT,bid,141,43746.0
2024-08-21 08:30:38,SOLUSDT,bid,141,43725.0
2024-08-21 08:31:05,SOLUSDT,bid,141,43748.0
2024-08-21 08:31:09,SOLUSDT,bid,141,43725.0
2024-08-21 08:31:45,SOLUSDT,bid,141,43725.0
2024-08-21 08:31:48,SOLUSDT,bid,141,43738.0
2024-08-21 08:31:49,SOLUSDT,bid,141,43725.0
2024-08-21 08:32:19,SOLUSDT,bid,141,43725.0
2024-08-21 08:32:25,SOLUSDT,bid,141,43866.0
2024-08-21 08:32:33,SOLUSDT,bid,141,43888.0
2024-08-21 08:32:37,SOLUSDT,bid,141,44134.0
2024-08-21 08:32:38,SOLUSDT,bid,141,43888.0
2024-08-21 08:32:38,SOLUSDT,bid,141,43905.0
2024-08-21 08:32:39,SOLUSDT,bid,141,43888.0
2024-08-21 08:33:33,SOLUSDT,bid,141,43866.0
2024-08-21 08:33:40,SOLUSDT,bid,141,43937.0
2024-08-21 08:34:07,SOLUSDT,bid,141,43957.0
2024-08-21 08:34:08,SOLUSDT,bid,141,43937.0
2024-08-21 08:34:19,SOLUSDT,bid,141,43937.0
2024-08-21 08:34:22,SOLUSDT,bid,141,43866.0
2024-08-21 08:34:26,SOLUSDT,bid,141,43866.0
2024-08-21 08:34:26,SOLUSDT,bid,141,43886.0
2024-08-21 08:34:27,SOLUSDT,bid,141,43866.0
2024-08-21 08:34:27,SOLUSDT,bid,141,44066.0
2024-08-21 08:34:28,SOLUSDT,bid,141,44076.0
2024-08-21 08:34:32,SOLUSDT,bid,141,43876.0
2024-08-21 08:34:42,SOLUSDT,bid,141,43876.0
2024-08-21 08:34:42,SOLUSDT,bid,141,43897.0
2024-08-21 08:34:53,SOLUSDT,bid,141,43897.0
2024-08-21 08:35:00,SOLUSDT,bid,141,44028.0
2024-08-21 08:35:02,SOLUSDT,bid,141,44031.0
2024-08-21 08:35:02,SOLUSDT,bid,141,44028.0
2024-08-21 08:35:05,SOLUSDT,bid,141,44031.0
2024-08-21 08:35:06,SOLUSDT,bid,141,43884.0
2024-08-21 08:35:06,SOLUSDT,bid,141,43881.0
2024-08-21 08:35:12,SOLUSDT,bid,141,43881.0
2024-08-21 08:35:12,SOLUSDT,bid,141,43881.0
2024-08-21 08:35:18,SOLUSDT,bid,141,43916.0
2024-08-21 08:35:23,SOLUSDT,bid,141,43881.0
2024-08-21 08:35:23,SOLUSDT,bid,141,43878.0
2024-08-21 08:35:25,SOLUSDT,bid,141,43885.0
2024-08-21 08:35:25,SOLUSDT,bid,141,43878.0
2024-08-21 08:35:32,SOLUSDT,bid,141,43913.0
2024-08-21 08:35:33,SOLUSDT,bid,141,43884.0
2024-08-21 08:35:41,SOLUSDT,bid,141,43891.0
2024-08-21 08:35:41,SOLUSDT,bid,141,43884.0
2024-08-21 08:35:41,SOLUSDT,bid,141,43884.0
2024-08-21 08:35:42,SOLUSDT,bid,141,43887.0
2024-08-21 08:35:43,SOLUSDT,bid,141,43884.0
2024-08-21 08:35:54,SOLUSDT,bid,141,43918.0
2024-08-21 08:35:54,SOLUSDT,bid,141,43919.0
2024-08-21 08:35:54,SOLUSDT,bid,141,43922.0
2024-08-21 08:35:54,SOLUSDT,bid,141,43920.0
2024-08-21 08:35:54,SOLUSDT,bid,141,43923.0
2024-08-21 08:35:55,SOLUSDT,bid,141,43920.0
2024-08-21 08:35:55,SOLUSDT,bid,141,43916.0
2024-08-21 08:35:56,SOLUSDT,bid,141,43914.0
2024-08-21 08:35:56,SOLUSDT,bid,141,43913.0
2024-08-21 08:35:57,SOLUSDT,bid,141,43892.0
2024-08-21 08:36:00,SOLUSDT,bid,141,43892.0
2024-08-21 08:36:12,SOLUSDT,bid,141,43901.0
2024-08-21 08:36:12,SOLUSDT,bid,141,44033.0
2024-08-21 08:36:12,SOLUSDT,bid,141,43892.0
2024-08-21 08:36:13,SOLUSDT,bid,141,43942.0
2024-08-21 08:36:14,SOLUSDT,bid,141,43892.0
2024-08-21 08:36:14,SOLUSDT,bid,141,43899.0
2024-08-21 08:36:14,SOLUSDT,bid,141,43900.0
2024-08-21 08:36:16,SOLUSDT,bid,141,43899.0
2024-08-21 08:36:18,SOLUSDT,bid,141,43892.0
2024-08-21 08:36:19,SOLUSDT,bid,141,43892.0
2024-08-21 08:36:20,SOLUSDT,bid,141,43892.0
2024-08-21 08:36:22,SOLUSDT,bid,141,43893.0
2024-08-21 08:36:22,SOLUSDT,bid,141,43892.0
2024-08-21 08:36:23,SOLUSDT,bid,141,43899.0
2024-08-21 08:36:26,SOLUSDT,bid,141,43900.0
2024-08-21 08:36:27,SOLUSDT,bid,141,43950.0
2024-08-21 08:36:27,SOLUSDT,bid,141,43950.0
2024-08-21 08:36:28,SOLUSDT,bid,141,43900.0
2024-08-21 08:36:29,SOLUSDT,bid,141,43950.0
2024-08-21 08:36:30,SOLUSDT,bid,141,43900.0
2024-08-21 08:36:30,SOLUSDT,bid,141,43950.0
2024-08-21 08:36:30,SOLUSDT,bid,141,43900.0
2024-08-21 08:36:30,SOLUSDT,bid,141,43950.0
2024-08-21 08:36:31,SOLUSDT,bid,141,43903.0
2024-08-21 08:36:32,SOLUSDT,bid,141,43902.0
2024-08-21 08:36:33,SOLUSDT,bid,141,43900.0
2024-08-21 08:36:33,SOLUSDT,bid,141,43893.0
2024-08-21 08:36:37,SOLUSDT,bid,141,43933.0
2024-08-21 08:36:38,SOLUSDT,bid,141,43934.0
2024-08-21 08:36:40,SOLUSDT,bid,141,43910.0
2024-08-21 08:36:42,SOLUSDT,bid,141,43911.0
2024-08-21 08:36:45,SOLUSDT,bid,141,43950.0
2024-08-21 08:36:45,SOLUSDT,bid,141,44091.0
2024-08-21 08:36:45,SOLUSDT,bid,141,43950.0
2024-08-21 08:36:46,SOLUSDT,bid,141,44091.0
2024-08-21 08:36:46,SOLUSDT,bid,141,43950.0
2024-08-21 08:36:46,SOLUSDT,bid,141,43935.0
2024-08-21 08:36:47,SOLUSDT,bid,141,43911.0
2024-08-21 08:36:47,SOLUSDT,bid,141,43935.0
2024-08-21 08:36:51,SOLUSDT,bid,141,43901.0
2024-08-21 08:36:51,SOLUSDT,bid,141,43901.0
2024-08-21 08:36:53,SOLUSDT,bid,141,43900.0
2024-08-21 08:36:53,SOLUSDT,bid,141,43914.0
2024-08-21 08:36:54,SOLUSDT,bid,141,43921.0
2024-08-21 08:36:57,SOLUSDT,bid,141,43938.0
2024-08-21 08:36:59,SOLUSDT,bid,141,43937.0
2024-08-21 08:36:59,SOLUSDT,bid,141,45925.0
2024-08-21 08:36:59,SOLUSDT,bid,141,45925.0
2024-08-21 08:37:00,SOLUSDT,bid,141,43937.0
2024-08-21 08:37:03,SOLUSDT,bid,141,43920.0
2024-08-21 08:37:19,SOLUSDT,bid,141,43929.0
2024-08-21 08:37:20,SOLUSDT,bid,141,43946.0
2024-08-21 08:37:21,SOLUSDT,bid,141,43939.0
2024-08-21 08:37:24,SOLUSDT,bid,141,43939.0
2024-08-21 08:37:25,SOLUSDT,bid,141,43922.0
2024-08-21 08:37:35,SOLUSDT,bid,141,44168.0
2024-08-21 08:37:36,SOLUSDT,bid,141,43922.0
2024-08-21 08:37:47,SOLUSDT,bid,141,43922.0
2024-08-21 08:37:51,SOLUSDT,bid,141,43925.0
2024-08-21 08:37:54,SOLUSDT,bid,141,43932.0
2024-08-21 08:37:54,SOLUSDT,bid,141,43925.0
2024-08-21 08:37:55,SOLUSDT,bid,141,43925.0
2024-08-21 08:37:55,SOLUSDT,bid,141,44171.0
2024-08-21 08:37:56,SOLUSDT,bid,141,43925.0
2024-08-21 08:37:57,SOLUSDT,bid,141,43922.0
2024-08-21 08:38:01,SOLUSDT,bid,141,43922.0
2024-08-21 08:38:01,SOLUSDT,bid,141,44415.0
2024-08-21 08:38:03,SOLUSDT,bid,141,43922.0
2024-08-21 08:38:04,SOLUSDT,bid,141,43923.0
2024-08-21 08:38:04,SOLUSDT,bid,141,43922.0
2024-08-21 08:38:14,SOLUSDT,bid,141,43923.0
2024-08-21 08:38:15,SOLUSDT,bid,141,43922.0
2024-08-21 08:38:19,SOLUSDT,bid,141,43923.0
2024-08-21 08:38:20,SOLUSDT,bid,141,43922.0
2024-08-21 08:38:28,SOLUSDT,bid,141,43929.0
2024-08-21 08:38:29,SOLUSDT,bid,141,43922.0
2024-08-21 08:38:31,SOLUSDT,bid,141,44045.0
2024-08-21 08:38:32,SOLUSDT,bid,141,43922.0
2024-08-21 08:38:47,SOLUSDT,bid,141,43921.0
2024-08-21 08:38:52,SOLUSDT,bid,141,43928.0
2024-08-21 08:38:56,SOLUSDT,bid,141,44174.0
2024-08-21 08:39:01,SOLUSDT,bid,141,43928.0
2024-08-21 08:39:02,SOLUSDT,bid,141,43963.0
2024-08-21 08:39:04,SOLUSDT,bid,141,43928.0
2024-08-21 08:39:19,SOLUSDT,bid,141,43929.0
2024-08-21 08:39:20,SOLUSDT,bid,141,43908.0
2024-08-21 08:39:24,SOLUSDT,bid,141,43907.0
2024-08-21 08:39:42,SOLUSDT,bid,141,43906.0
2024-08-21 08:39:43,SOLUSDT,bid,141,43950.0
2024-08-21 08:39:52,SOLUSDT,bid,141,43951.0
2024-08-21 08:39:54,SOLUSDT,bid,141,43964.0
2024-08-21 08:39:54,SOLUSDT,bid,141,43951.0
2024-08-21 08:39:59,SOLUSDT,bid,141,43964.0
2024-08-21 08:39:59,SOLUSDT,bid,141,43964.0
2024-08-21 08:40:00,SOLUSDT,bid,141,43951.0
2024-08-21 08:40:01,SOLUSDT,bid,141,43964.0
2024-08-21 08:40:02,SOLUSDT,bid,141,43951.0
2024-08-21 08:40:04,SOLUSDT,bid,141,43964.0
2024-08-21 08:40:05,SOLUSDT,bid,141,43951.0
2024-08-21 08:40:06,SOLUSDT,bid,141,43951.0
2024-08-21 08:40:06,SOLUSDT,bid,141,43964.0
2024-08-21 08:40:06,SOLUSDT,bid,141,43951.0
2024-08-21 08:40:07,SOLUSDT,bid,141,43950.0
2024-08-21 08:40:13,SOLUSDT,bid,141,43963.0
2024-08-21 08:40:13,SOLUSDT,bid,141,43950.0
2024-08-21 08:40:16,SOLUSDT,bid,141,43906.0
2024-08-21 08:40:23,SOLUSDT,bid,141,43906.0
2024-08-21 08:40:27,SOLUSDT,bid,141,43919.0
2024-08-21 08:40:27,SOLUSDT,bid,141,43919.0
2024-08-21 08:40:28,SOLUSDT,bid,141,43906.0
2024-08-21 08:40:34,SOLUSDT,bid,141,43919.0
2024-08-21 08:40:34,SOLUSDT,bid,141,43906.0
2024-08-21 08:40:36,SOLUSDT,bid,141,43920.0
2024-08-21 08:40:36,SOLUSDT,bid,141,43906.0
2024-08-21 08:40:39,SOLUSDT,bid,141,44029.0
2024-08-21 08:40:39,SOLUSDT,bid,141,43906.0
2024-08-21 08:40:42,SOLUSDT,bid,141,43907.0
2024-08-21 08:40:45,SOLUSDT,bid,141,44007.0
2024-08-21 08:40:47,SOLUSDT,bid,141,44007.0
2024-08-21 08:40:50,SOLUSDT,bid,141,44130.0
2024-08-21 08:40:50,SOLUSDT,bid,141,44007.0
2024-08-21 08:40:53,SOLUSDT,bid,141,44007.0
2024-08-21 08:41:01,SOLUSDT,bid,141,44500.0
2024-08-21 08:41:01,SOLUSDT,bid,141,44007.0
2024-08-21 08:41:05,SOLUSDT,bid,141,44006.0
2024-08-21 08:41:12,SOLUSDT,bid,141,44009.0
2024-08-21 08:41:25,SOLUSDT,bid,141,44009.0
2024-08-21 08:41:27,SOLUSDT,bid,141,44006.0
2024-08-21 08:41:32,SOLUSDT,bid,141,44038.0
2024-08-21 08:41:54,SOLUSDT,bid,141,44006.0
2024-08-21 08:41:55,SOLUSDT,bid,141,43906.0
2024-08-21 08:41:59,SOLUSDT,bid,141,43912.0
2024-08-21 08:42:03,SOLUSDT,bid,141,43912.0
2024-08-21 08:42:41,SOLUSDT,bid,141,44120.0
2024-08-21 08:43:07,SOLUSDT,bid,141,44133.0
2024-08-21 08:43:07,SOLUSDT,bid,141,44120.0
2024-08-21 08:43:08,SOLUSDT,bid,141,44133.0
2024-08-21 08:43:08,SOLUSDT,bid,141,44120.0
2024-08-21 08:43:08,SOLUSDT,bid,141,43912.0
2024-08-21 08:43:46,SOLUSDT,bid,141,44185.0
2024-08-21 08:43:54,SOLUSDT,bid,141,44198.0
2024-08-21 08:44:00,SOLUSDT,bid,141,44185.0
2024-08-21 08:44:06,SOLUSDT,bid,141,44385.0
2024-08-21 08:44:11,SOLUSDT,bid,141,44185.0
2024-08-21 08:44:23,SOLUSDT,bid,141,43912.0
2024-08-21 08:45:05,SOLUSDT,bid,141,43913.0
2024-08-21 08:45:51,SOLUSDT,bid,141,43933.0
2024-08-21 08:46:08,SOLUSDT,bid,141,43930.0
2024-08-21 08:46:45,SOLUSDT,bid,141,44255.0
2024-08-21 08:46:51,SOLUSDT,bid,141,44256.0
2024-08-21 08:47:10,SOLUSDT,bid,141,43931.0
2024-08-21 08:47:11,SOLUSDT,bid,141,43911.0
2024-08-21 08:47:12,SOLUSDT,bid,141,43910.0
2024-08-21 08:48:00,SOLUSDT,bid,141,43923.0
2024-08-21 08:48:10,SOLUSDT,bid,141,43910.0
2024-08-21 08:48:41,SOLUSDT,bid,141,43904.0
2024-08-21 08:48:57,SOLUSDT,bid,141,43944.0
2024-08-21 08:49:10,SOLUSDT,bid,141,43904.0
2024-08-21 08:49:26,SOLUSDT,bid,141,43896.0
2024-08-21 08:49:33,SOLUSDT,bid,141,43909.0
2024-08-21 08:49:33,SOLUSDT,bid,141,43896.0
2024-08-21 08:49:42,SOLUSDT,bid,141,43897.0
2024-08-21 08:49:43,SOLUSDT,bid,141,43918.0
2024-08-21 08:49:43,SOLUSDT,bid,141,43897.0
2024-08-21 08:49:45,SOLUSDT,bid,141,43904.0
2024-08-21 08:49:45,SOLUSDT,bid,141,43897.0
2024-08-21 08:50:02,SOLUSDT,bid,141,43931.0
2024-08-21 08:50:02,SOLUSDT,bid,141,43897.0
2024-08-21 08:50:05,SOLUSDT,bid,141,43896.0
2024-08-21 08:50:16,SOLUSDT,bid,141,43906.0
2024-08-21 08:50:54,SOLUSDT,bid,141,43926.0
2024-08-21 08:51:00,SOLUSDT,bid,141,43936.0
2024-08-21 08:51:14,SOLUSDT,bid,141,43930.0
2024-08-21 08:51:43,SOLUSDT,bid,141,43910.0
2024-08-21 08:53:06,SOLUSDT,bid,141,43911.0
2024-08-21 08:55:42,SOLUSDT,bid,141,43910.0
2024-08-21 08:58:50,SOLUSDT,bid,141,43769.0
2024-08-21 09:00:26,SOLUSDT,bid,141,43772.0
2024-08-21 09:00:30,SOLUSDT,bid,141,43779.0
2024-08-21 09:00:45,SOLUSDT,bid,141,43772.0
2024-08-21 09:00:56,SOLUSDT,bid,141,43769.0
2024-08-21 09:01:12,SOLUSDT,bid,141,43762.0
2024-08-21 09:02:26,SOLUSDT,bid,141,43773.0
2024-08-21 09:03:06,SOLUSDT,bid,141,43762.0
2024-08-21 09:05:00,SOLUSDT,bid,141,43783.0
2024-08-21 09:07:55,SOLUSDT,bid,141,43789.0
2024-08-21 09:08:00,SOLUSDT,bid,141,43768.0
2024-08-21 09:08:52,SOLUSDT,bid,141,43771.0
2024-08-21 09:09:21,SOLUSDT,bid,141,43774.0
2024-08-21 09:09:46,SOLUSDT,bid,141,43771.0
2024-08-21 09:15:53,SOLUSDT,bid,142,44329.0
2024-08-21 09:15:59,SOLUSDT,bid,142,44334.0
2024-08-21 09:16:21,SOLUSDT,bid,142,44334.0
2024-08-21 09:16:26,SOLUSDT,bid,142,44839.0
2024-08-21 09:16:26,SOLUSDT,bid,142,44334.0
2024-08-21 09:17:01,SOLUSDT,bid,142,44341.0
2024-08-21 09:17:30,SOLUSDT,bid,142,44334.0
2024-08-21 09:18:30,SOLUSDT,bid,142,44354.0
2024-08-21 09:18:30,SOLUSDT,bid,142,44334.0
2024-08-21 09:18:46,SOLUSDT,bid,142,44354.0
2024-08-21 09:19:02,SOLUSDT,bid,142,44599.0
2024-08-21 09:19:02,SOLUSDT,bid,142,44354.0
2024-08-21 09:19:03,SOLUSDT,bid,142,44354.0
2024-08-21 09:19:47,SOLUSDT,bid,142,44599.0
2024-08-21 09:19:47,SOLUSDT,bid,142,44354.0
2024-08-21 09:19:50,SOLUSDT,bid,142,44354.0
2024-08-21 09:20:15,SOLUSDT,bid,142,44368.0
2024-08-21 09:20:16,SOLUSDT,bid,142,44354.0
2024-08-21 09:20:22,SOLUSDT,bid,142,44599.0
2024-08-21 09:20:22,SOLUSDT,bid,142,44354.0
2024-08-21 09:20:27,SOLUSDT,bid,142,44368.0
2024-08-21 09:20:27,SOLUSDT,bid,142,44354.0
2024-08-21 09:20:48,SOLUSDT,bid,142,44368.0
2024-08-21 09:20:49,SOLUSDT,bid,142,44354.0
2024-08-21 09:21:47,SOLUSDT,bid,142,44334.0
2024-08-21 09:22:07,SOLUSDT,bid,142,44335.0
2024-08-21 09:22:12,SOLUSDT,bid,142,44335.0
2024-08-21 09:22:32,SOLUSDT,bid,142,44528.0
2024-08-21 09:22:40,SOLUSDT,bid,142,45019.0
2024-08-21 09:22:40,SOLUSDT,bid,142,44528.0
2024-08-21 09:22:42,SOLUSDT,bid,142,44528.0
2024-08-21 09:30:14,SOLUSDT,bid,142,44429.0
2024-08-21 09:30:14,SOLUSDT,bid,142,44379.0
2024-08-21 09:30:14,SOLUSDT,bid,142,44379.0
2024-08-21 09:30:21,SOLUSDT,bid,142,44382.0
2024-08-21 09:30:23,SOLUSDT,bid,142,44384.0
2024-08-21 09:30:23,SOLUSDT,bid,142,44434.0
2024-08-21 09:30:24,SOLUSDT,bid,142,44582.0
2024-08-21 09:30:28,SOLUSDT,bid,142,44561.0
2024-08-21 09:30:30,SOLUSDT,bid,142,44526.0
2024-08-21 09:30:30,SOLUSDT,bid,142,44631.0
2024-08-21 09:30:30,SOLUSDT,bid,142,44523.0
2024-08-21 09:30:39,SOLUSDT,bid,142,44525.0
2024-08-21 09:30:42,SOLUSDT,bid,142,44523.0
2024-08-21 09:30:43,SOLUSDT,bid,142,44628.0
2024-08-21 09:30:46,SOLUSDT,bid,142,44523.0
2024-08-21 09:30:47,SOLUSDT,bid,142,44628.0
2024-08-21 09:30:47,SOLUSDT,bid,142,44523.0
2024-08-21 09:30:47,SOLUSDT,bid,142,44628.0
2024-08-21 09:30:48,SOLUSDT,bid,142,44523.0
2024-08-21 09:30:49,SOLUSDT,bid,142,44573.0
2024-08-21 09:30:50,SOLUSDT,bid,142,44573.0
2024-08-21 09:30:50,SOLUSDT,bid,142,44573.0
2024-08-21 09:30:51,SOLUSDT,bid,142,44523.0
2024-08-21 09:30:51,SOLUSDT,bid,142,44573.0
2024-08-21 09:30:52,SOLUSDT,bid,142,44523.0
2024-08-21 09:30:52,SOLUSDT,bid,142,44573.0
2024-08-21 09:30:53,SOLUSDT,bid,142,44573.0
2024-08-21 09:30:53,SOLUSDT,bid,142,44523.0
2024-08-21 09:30:53,SOLUSDT,bid,142,44573.0
2024-08-21 09:30:54,SOLUSDT,bid,142,44523.0
2024-08-21 09:30:54,SOLUSDT,bid,142,44573.0
2024-08-21 09:30:54,SOLUSDT,bid,142,44523.0
2024-08-21 09:30:57,SOLUSDT,bid,142,44573.0
2024-08-21 09:30:57,SOLUSDT,bid,142,44523.0
2024-08-21 09:31:01,SOLUSDT,bid,142,44523.0
2024-08-21 09:33:25,SOLUSDT,bid,142,44186.0
2024-08-21 09:33:27,SOLUSDT,bid,142,44286.0
2024-08-21 09:33:27,SOLUSDT,bid,142,44186.0
2024-08-21 09:33:31,SOLUSDT,bid,142,44190.0
2024-08-21 09:33:34,SOLUSDT,bid,142,44211.0
2024-08-21 09:33:42,SOLUSDT,bid,142,44211.0
2024-08-21 09:33:52,SOLUSDT,bid,142,44207.0
2024-08-21 09:33:54,SOLUSDT,bid,142,44207.0
2024-08-21 09:33:54,SOLUSDT,bid,142,44208.0
2024-08-21 09:33:55,SOLUSDT,bid,142,44207.0
2024-08-21 09:33:57,SOLUSDT,bid,142,44206.0
2024-08-21 09:34:00,SOLUSDT,bid,142,44205.0
2024-08-21 09:34:00,SOLUSDT,bid,142,44209.0
2024-08-21 09:34:04,SOLUSDT,bid,142,44205.0
2024-08-21 09:34:04,SOLUSDT,bid,142,44210.0
2024-08-21 09:45:13,SOLUSDT,bid,142,44205.0
2024-08-21 09:45:14,SOLUSDT,bid,142,44208.0
2024-08-21 09:45:23,SOLUSDT,bid,142,44208.0
2024-08-21 09:45:43,SOLUSDT,bid,142,44205.0
2024-08-21 09:45:49,SOLUSDT,bid,142,44275.0
2024-08-21 09:46:00,SOLUSDT,bid,142,44276.0
2024-08-21 09:46:04,SOLUSDT,bid,142,44277.0
2024-08-21 09:46:11,SOLUSDT,bid,142,44274.0
2024-08-21 09:50:58,SOLUSDT,bid,142,43957.0
2024-08-21 09:50:59,SOLUSDT,bid,142,43836.0
2024-08-21 09:50:59,SOLUSDT,bid,142,43857.0
2024-08-21 09:51:01,SOLUSDT,bid,142,43856.0
2024-08-21 09:51:09,SOLUSDT,bid,142,43860.0
2024-08-21 09:51:13,SOLUSDT,bid,142,43860.0
2024-08-21 09:51:23,SOLUSDT,bid,142,43856.0
2024-08-21 09:51:27,SOLUSDT,bid,142,43869.0
2024-08-21 09:51:28,SOLUSDT,bid,142,43884.0
2024-08-21 09:51:28,SOLUSDT,bid,142,43869.0
2024-08-21 09:51:30,SOLUSDT,bid,142,43875.0
2024-08-21 09:51:31,SOLUSDT,bid,142,43878.0
2024-08-21 09:51:31,SOLUSDT,bid,142,43872.0
2024-08-21 09:51:31,SOLUSDT,bid,142,43871.0
2024-08-21 09:51:33,SOLUSDT,bid,142,43882.0
2024-08-21 09:51:34,SOLUSDT,bid,142,43869.0
2024-08-21 09:51:34,SOLUSDT,bid,142,44113.0
2024-08-21 09:51:34,SOLUSDT,bid,142,43869.0
2024-08-21 09:51:36,SOLUSDT,bid,142,43865.0
2024-08-21 09:51:37,SOLUSDT,bid,142,43844.0
2024-08-21 09:51:37,SOLUSDT,bid,142,43833.0
2024-08-21 09:51:37,SOLUSDT,bid,142,43905.0
2024-08-21 09:51:37,SOLUSDT,bid,142,43906.0
2024-08-21 09:51:37,SOLUSDT,bid,142,43904.0
2024-08-21 09:51:39,SOLUSDT,bid,142,43902.0
2024-08-21 09:51:45,SOLUSDT,bid,142,43901.0
2024-08-21 09:51:52,SOLUSDT,bid,142,43902.0
2024-08-21 09:51:52,SOLUSDT,bid,142,43901.0
2024-08-21 09:51:52,SOLUSDT,bid,142,43901.0
2024-08-21 09:51:52,SOLUSDT,bid,142,43831.0
2024-08-21 09:51:53,SOLUSDT,bid,142,43828.0
2024-08-21 09:52:01,SOLUSDT,bid,142,43828.0
2024-08-21 09:52:01,SOLUSDT,bid,142,43828.0
2024-08-21 09:52:07,SOLUSDT,bid,142,43845.0
2024-08-21 09:52:09,SOLUSDT,bid,142,43836.0
2024-08-21 09:52:09,SOLUSDT,bid,142,43828.0
2024-08-21 09:52:17,SOLUSDT,bid,142,43845.0
2024-08-21 09:52:19,SOLUSDT,bid,142,45196.0
2024-08-21 09:52:19,SOLUSDT,bid,142,43845.0
2024-08-21 09:52:25,SOLUSDT,bid,142,43828.0
2024-08-21 09:52:32,SOLUSDT,bid,142,43857.0
2024-08-21 09:52:33,SOLUSDT,bid,142,43893.0
2024-08-21 09:52:33,SOLUSDT,bid,142,43892.0
2024-08-21 09:52:35,SOLUSDT,bid,142,43910.0
2024-08-21 09:52:36,SOLUSDT,bid,142,43927.0
2024-08-21 09:52:37,SOLUSDT,bid,142,43928.0
2024-08-21 09:52:40,SOLUSDT,bid,142,43910.0
2024-08-21 09:52:50,SOLUSDT,bid,142,43911.0
2024-08-21 09:52:50,SOLUSDT,bid,142,43858.0
2024-08-21 09:53:05,SOLUSDT,bid,142,43857.0
2024-08-21 09:53:22,SOLUSDT,bid,142,44559.0
2024-08-21 09:53:28,SOLUSDT,bid,142,44829.0
2024-08-21 09:53:32,SOLUSDT,bid,142,44845.0
2024-08-21 09:53:34,SOLUSDT,bid,142,44846.0
2024-08-21 09:53:49,SOLUSDT,bid,142,44873.0
2024-08-21 09:53:51,SOLUSDT,bid,142,44890.0
2024-08-21 09:54:00,SOLUSDT,bid,142,44873.0
2024-08-21 09:54:00,SOLUSDT,bid,142,44872.0
2024-08-21 09:54:28,SOLUSDT,bid,142,44872.0
2024-08-21 09:54:56,SOLUSDT,bid,142,44875.0
2024-08-21 09:54:59,SOLUSDT,bid,142,44897.0
2024-08-21 09:55:00,SOLUSDT,bid,142,44919.0
2024-08-21 09:55:00,SOLUSDT,bid,142,44875.0
2024-08-21 09:55:00,SOLUSDT,bid,142,44872.0
2024-08-21 09:55:43,SOLUSDT,bid,142,44896.0
2024-08-21 09:55:52,SOLUSDT,bid,142,44872.0
2024-08-21 09:55:57,SOLUSDT,bid,142,44873.0
2024-08-21 09:56:33,SOLUSDT,bid,142,44873.0
2024-08-21 09:56:35,SOLUSDT,bid,142,45884.0
2024-08-21 09:56:35,SOLUSDT,bid,142,44873.0
2024-08-21 09:56:35,SOLUSDT,bid,142,44895.0
2024-08-21 09:56:39,SOLUSDT,bid,142,44873.0
2024-08-21 09:56:39,SOLUSDT,bid,142,44871.0
2024-08-21 09:56:41,SOLUSDT,bid,142,44883.0
