2024-09-16 08:13:18,BTCUSDT,bid,47000,865.867
2024-09-16 08:13:56,BTCUSDT,bid,47000,865.846
2024-09-16 08:24:54,BTCUSDT,bid,47000,865.843
2024-09-16 08:33:47,BTCUSDT,bid,47000,865.84
2024-09-16 08:38:05,BTCUSDT,bid,47000,865.843
2024-09-16 08:53:25,BTCUSDT,bid,47000,865.84
2024-09-16 08:56:53,BTCUSDT,bid,47000,865.837
2024-09-16 09:11:27,BTCUSDT,bid,47000,865.8
2024-09-16 09:12:34,BTCUSDT,bid,47000,865.59
2024-09-16 09:15:00,BTCUSDT,bid,47000,867.411
2024-09-16 09:52:33,BTCUSDT,bid,47000,867.431
2024-09-16 10:01:08,BTCUSDT,bid,47000,865.61
2024-09-16 10:03:54,BTCUSDT,bid,47000,865.607
2024-09-16 10:24:59,BTCUSDT,bid,47300,806.594
2024-09-16 10:25:15,BTCUSDT,bid,47300,810.594
2024-09-16 10:27:05,BTCUSDT,bid,47300,806.594
2024-09-16 10:27:09,BTCUSDT,bid,47300,804.594
2024-09-16 10:27:09,BTCUSDT,bid,47500,632.353
2024-09-16 10:27:59,BTCUSDT,bid,47500,633.353
2024-09-16 10:42:23,BTCUSDT,bid,47000,865.628
2024-09-16 10:45:06,BTCUSDT,bid,47000,865.798
2024-09-16 10:45:17,BTCUSDT,bid,47000,865.628
2024-09-16 11:03:11,BTCUSDT,bid,47500,633.395
2024-09-16 11:06:36,BTCUSDT,bid,47500,633.405
2024-09-16 11:06:36,BTCUSDT,bid,47500,633.416
2024-09-16 11:06:37,BTCUSDT,bid,47500,633.426
2024-09-16 11:07:55,BTCUSDT,bid,47500,633.415
2024-09-16 11:08:03,BTCUSDT,bid,47500,633.405
2024-09-16 11:08:21,BTCUSDT,bid,47500,633.395
2024-09-16 11:19:19,BTCUSDT,bid,47500,633.364
2024-09-16 11:28:51,BTCUSDT,bid,47000,866.128
2024-09-16 11:39:13,BTCUSDT,bid,47000,866.003
2024-09-16 11:39:13,BTCUSDT,bid,47500,633.24
2024-09-16 11:42:59,BTCUSDT,bid,47000,866.006
2024-09-16 11:45:33,BTCUSDT,bid,47000,862.981
2024-09-16 12:04:24,BTCUSDT,bid,57500,527.352
2024-09-16 12:04:40,BTCUSDT,bid,57500,527.348
2024-09-16 12:04:46,BTCUSDT,bid,57500,528.348
2024-09-16 12:05:06,BTCUSDT,bid,57500,528.35
2024-09-16 12:05:10,BTCUSDT,bid,57500,528.333
2024-09-16 12:05:10,BTCUSDT,bid,57500,529.891
2024-09-16 12:05:32,BTCUSDT,bid,57500,529.908
2024-09-16 12:05:50,BTCUSDT,bid,57500,529.903
2024-09-16 12:05:56,BTCUSDT,bid,57500,529.89
2024-09-16 12:06:06,BTCUSDT,bid,47500,633.245
2024-09-16 12:06:06,BTCUSDT,bid,57500,529.895
2024-09-16 12:06:39,BTCUSDT,bid,57500,530.066
2024-09-16 12:06:49,BTCUSDT,bid,57500,530.101
2024-09-16 12:06:51,BTCUSDT,bid,57500,529.58
2024-09-16 12:07:33,BTCUSDT,bid,57500,529.578
2024-09-16 12:08:07,BTCUSDT,bid,57500,529.573
2024-09-16 12:26:18,BTCUSDT,bid,47000,863.106
2024-09-16 12:26:18,BTCUSDT,bid,47500,633.369
2024-09-16 12:28:26,BTCUSDT,bid,47000,863.806
2024-09-16 13:24:59,BTCUSDT,bid,47000,863.818
2024-09-16 13:24:59,BTCUSDT,bid,47000,863.806
2024-09-16 13:25:00,BTCUSDT,bid,47000,863.81
2024-09-16 13:25:00,BTCUSDT,bid,47000,863.806
2024-09-16 13:25:00,BTCUSDT,bid,47000,863.81
2024-09-16 13:25:00,BTCUSDT,bid,47000,863.806
2024-09-16 13:25:00,BTCUSDT,bid,47000,863.818
2024-09-16 13:25:00,BTCUSDT,bid,47000,863.806
2024-09-16 13:25:45,BTCUSDT,bid,47500,633.363
2024-09-16 13:29:37,BTCUSDT,bid,47500,633.413
2024-09-16 13:34:36,BTCUSDT,bid,47000,863.809
2024-09-16 13:43:31,BTCUSDT,bid,47000,863.109
2024-09-16 13:50:38,BTCUSDT,bid,47000,863.112
2024-09-16 13:51:29,BTCUSDT,bid,47000,863.122
2024-09-16 13:51:41,BTCUSDT,bid,47000,863.112
2024-09-16 14:02:37,BTCUSDT,bid,47000,863.175
2024-09-16 14:29:30,BTCUSDT,bid,47500,633.333
2024-09-16 14:41:03,BTCUSDT,bid,47000,863.18
2024-09-16 14:46:11,BTCUSDT,bid,47000,863.177
2024-09-16 14:52:35,BTCUSDT,bid,47500,633.304
2024-09-16 14:57:06,BTCUSDT,bid,47500,633.262
2024-09-16 15:00:49,BTCUSDT,bid,47500,633.212
2024-09-16 16:22:41,BTCUSDT,bid,47000,863.377
2024-09-16 08:13:47,BTCUSD_PERP,bid,58000,744.13
2024-09-16 08:13:47,BTCUSD_PERP,bid,58000,562.24
2024-09-16 08:13:59,BTCUSD_PERP,bid,58000,572.34
2024-09-16 08:13:59,BTCUSD_PERP,bid,58000,629.82
2024-09-16 08:14:59,BTCUSD_PERP,bid,58000,572.16
2024-09-16 08:14:59,BTCUSD_PERP,bid,58000,743.92
2024-09-16 08:15:01,BTCUSD_PERP,bid,58000,687.05
2024-09-16 08:15:01,BTCUSD_PERP,bid,58000,687.27
2024-09-16 08:15:01,BTCUSD_PERP,bid,58000,744.1
2024-09-16 08:15:07,BTCUSD_PERP,bid,58000,629.85
2024-09-16 08:15:10,BTCUSD_PERP,bid,58000,573.43
2024-09-16 08:15:23,BTCUSD_PERP,bid,58000,572.55
2024-09-16 08:16:34,BTCUSD_PERP,bid,57900,571.58
2024-09-16 08:16:41,BTCUSD_PERP,bid,57900,571.28
2024-09-16 08:17:07,BTCUSD_PERP,bid,58000,571.86
2024-09-16 08:17:07,BTCUSD_PERP,bid,58000,628.69
2024-09-16 08:17:08,BTCUSD_PERP,bid,58000,685.52
2024-09-16 08:18:59,BTCUSD_PERP,bid,58000,686.95
2024-09-16 08:18:59,BTCUSD_PERP,bid,58000,743.85
2024-09-16 08:19:37,BTCUSD_PERP,bid,58000,685.89
2024-09-16 08:19:37,BTCUSD_PERP,bid,58000,743.34
2024-09-16 08:20:04,BTCUSD_PERP,bid,58000,685.89
2024-09-16 08:20:05,BTCUSD_PERP,bid,58000,570.7
2024-09-16 08:37:54,BTCUSD_PERP,bid,58000,574.49
2024-09-16 08:38:12,BTCUSD_PERP,bid,55600,546.33
2024-09-16 08:47:46,BTCUSD_PERP,bid,58000,516.72
2024-09-16 08:48:02,BTCUSD_PERP,bid,58000,687.66
2024-09-16 08:50:13,BTCUSD_PERP,bid,57900,629.21
2024-09-16 08:54:19,BTCUSD_PERP,bid,58000,572.94
2024-09-16 08:54:19,BTCUSD_PERP,bid,58000,629.83
2024-09-16 08:55:39,BTCUSD_PERP,bid,58000,572.94
2024-09-16 09:02:40,BTCUSD_PERP,bid,58000,629.95
2024-09-16 09:02:40,BTCUSD_PERP,bid,58000,687.44
2024-09-16 09:02:48,BTCUSD_PERP,bid,58000,629.95
2024-09-16 09:02:48,BTCUSD_PERP,bid,58000,573.05
2024-09-16 09:03:03,BTCUSD_PERP,bid,58000,572.45
2024-09-16 09:03:08,BTCUSD_PERP,bid,57900,686.94
2024-09-16 09:03:29,BTCUSD_PERP,bid,57900,572.73
2024-09-16 09:03:42,BTCUSD_PERP,bid,57900,571.77
2024-09-16 09:03:42,BTCUSD_PERP,bid,57900,743.41
2024-09-16 09:03:42,BTCUSD_PERP,bid,57900,800.82
2024-09-16 09:04:29,BTCUSD_PERP,bid,57900,743.99
2024-09-16 09:04:29,BTCUSD_PERP,bid,57900,629.17
2024-09-16 09:04:29,BTCUSD_PERP,bid,57900,572.35
2024-09-16 09:04:30,BTCUSD_PERP,bid,58000,628.92
2024-09-16 09:04:30,BTCUSD_PERP,bid,58000,743.22
2024-09-16 09:04:30,BTCUSD_PERP,bid,58000,800.66
2024-09-16 09:04:30,BTCUSD_PERP,bid,58000,858.1
2024-09-16 09:04:30,BTCUSD_PERP,bid,58000,915.54
2024-09-16 09:04:30,BTCUSD_PERP,bid,58000,972.98
2024-09-16 09:04:31,BTCUSD_PERP,bid,58000,1030.56
2024-09-16 09:05:34,BTCUSD_PERP,bid,57900,972.47
2024-09-16 09:05:34,BTCUSD_PERP,bid,57900,1029.88
2024-09-16 09:05:45,BTCUSD_PERP,bid,57900,572.93
2024-09-16 09:05:45,BTCUSD_PERP,bid,57900,572.63
2024-09-16 09:06:57,BTCUSD_PERP,bid,57900,573.21
2024-09-16 09:07:12,BTCUSD_PERP,bid,58000,572.43
2024-09-16 09:07:12,BTCUSD_PERP,bid,58000,629.85
2024-09-16 09:07:33,BTCUSD_PERP,bid,57900,572.14
2024-09-16 09:07:33,BTCUSD_PERP,bid,57900,629.53
2024-09-16 09:10:17,BTCUSD_PERP,bid,57900,629.55
2024-09-16 09:10:17,BTCUSD_PERP,bid,57900,686.36
2024-09-16 09:10:17,BTCUSD_PERP,bid,57900,743.17
2024-09-16 09:10:18,BTCUSD_PERP,bid,57900,800.57
2024-09-16 09:11:23,BTCUSD_PERP,bid,58000,742.97
2024-09-16 09:11:23,BTCUSD_PERP,bid,58000,857.25
2024-09-16 09:11:23,BTCUSD_PERP,bid,58000,972.11
2024-09-16 09:11:54,BTCUSD_PERP,bid,58000,800.99
2024-09-16 09:11:54,BTCUSD_PERP,bid,57900,686.24
2024-09-16 09:11:54,BTCUSD_PERP,bid,57900,743.63
2024-09-16 09:12:24,BTCUSD_PERP,bid,57900,572.63
2024-09-16 09:12:26,BTCUSD_PERP,bid,57900,685.89
2024-09-16 09:12:26,BTCUSD_PERP,bid,57900,743.25
2024-09-16 09:12:44,BTCUSD_PERP,bid,57900,573.06
2024-09-16 09:12:54,BTCUSD_PERP,bid,57800,583.25
2024-09-16 09:12:55,BTCUSD_PERP,bid,57800,640.55
2024-09-16 09:13:03,BTCUSD_PERP,bid,57800,626.82
2024-09-16 09:13:43,BTCUSD_PERP,bid,57800,684.21
2024-09-16 09:14:50,BTCUSD_PERP,bid,57900,571.64
2024-09-16 09:14:50,BTCUSD_PERP,bid,57900,628.99
2024-09-16 09:14:50,BTCUSD_PERP,bid,57900,685.76
2024-09-16 09:14:51,BTCUSD_PERP,bid,57900,743.11
2024-09-16 09:14:51,BTCUSD_PERP,bid,57900,800.46
2024-09-16 09:14:51,BTCUSD_PERP,bid,57900,800.6
2024-09-16 09:15:03,BTCUSD_PERP,bid,57900,629.72
2024-09-16 09:15:03,BTCUSD_PERP,bid,57800,571.83
2024-09-16 09:15:03,BTCUSD_PERP,bid,57800,629.14
2024-09-16 09:15:23,BTCUSD_PERP,bid,57800,571.83
2024-09-16 09:15:23,BTCUSD_PERP,bid,57800,802.45
2024-09-16 09:15:23,BTCUSD_PERP,bid,57800,859.72
2024-09-16 09:16:20,BTCUSD_PERP,bid,57800,856.08
2024-09-16 09:16:34,BTCUSD_PERP,bid,57800,798.81
2024-09-16 09:17:14,BTCUSD_PERP,bid,57800,570.64
2024-09-16 09:18:42,BTCUSD_PERP,bid,57800,627.42
2024-09-16 09:18:42,BTCUSD_PERP,bid,57800,740.77
2024-09-16 09:18:43,BTCUSD_PERP,bid,57800,797.45
2024-09-16 09:18:43,BTCUSD_PERP,bid,57800,854.71
2024-09-16 09:18:43,BTCUSD_PERP,bid,57800,911.97
2024-09-16 09:19:09,BTCUSD_PERP,bid,57800,855.3
2024-09-16 09:19:09,BTCUSD_PERP,bid,57800,741.36
2024-09-16 09:19:10,BTCUSD_PERP,bid,57800,684.69
2024-09-16 09:22:58,BTCUSD_PERP,bid,57900,570.88
2024-09-16 09:22:58,BTCUSD_PERP,bid,57900,628.26
2024-09-16 09:27:24,BTCUSD_PERP,bid,57900,571.46
2024-09-16 09:27:48,BTCUSD_PERP,bid,57900,628.18
2024-09-16 09:30:06,BTCUSD_PERP,bid,57800,571.06
2024-09-16 09:30:07,BTCUSD_PERP,bid,57800,570.75
2024-09-16 09:30:08,BTCUSD_PERP,bid,57800,570.89
2024-09-16 09:31:13,BTCUSD_PERP,bid,57800,570.44
2024-09-16 09:32:25,BTCUSD_PERP,bid,57800,571.14
2024-09-16 09:32:25,BTCUSD_PERP,bid,57800,628.43
2024-09-16 09:32:25,BTCUSD_PERP,bid,57800,742.43
2024-09-16 09:32:25,BTCUSD_PERP,bid,57800,799.72
2024-09-16 09:32:41,BTCUSD_PERP,bid,57800,742.43
2024-09-16 09:32:41,BTCUSD_PERP,bid,57800,742.04
2024-09-16 09:32:41,BTCUSD_PERP,bid,57800,799.3
2024-09-16 09:32:45,BTCUSD_PERP,bid,57800,742.63
2024-09-16 09:32:45,BTCUSD_PERP,bid,57800,685.96
2024-09-16 09:33:19,BTCUSD_PERP,bid,57800,628.7
2024-09-16 09:33:19,BTCUSD_PERP,bid,57800,571.44
2024-09-16 09:33:19,BTCUSD_PERP,bid,57800,570.48
2024-09-16 09:43:04,BTCUSD_PERP,bid,57900,686.6
2024-09-16 09:43:42,BTCUSD_PERP,bid,57900,571.96
2024-09-16 09:43:42,BTCUSD_PERP,bid,57800,628.35
2024-09-16 09:43:42,BTCUSD_PERP,bid,57800,685.63
2024-09-16 09:44:07,BTCUSD_PERP,bid,57800,628.35
2024-09-16 09:44:08,BTCUSD_PERP,bid,57900,573.26
2024-09-16 09:44:08,BTCUSD_PERP,bid,57900,630.0
2024-09-16 09:44:08,BTCUSD_PERP,bid,57900,686.73
2024-09-16 09:44:08,BTCUSD_PERP,bid,57900,744.05
2024-09-16 09:44:08,BTCUSD_PERP,bid,57900,801.37
2024-09-16 09:44:08,BTCUSD_PERP,bid,57900,858.69
2024-09-16 09:45:38,BTCUSD_PERP,bid,57900,745.22
2024-09-16 09:45:38,BTCUSD_PERP,bid,57900,687.9
2024-09-16 09:45:39,BTCUSD_PERP,bid,57900,630.68
2024-09-16 09:45:39,BTCUSD_PERP,bid,57900,573.36
2024-09-16 09:54:44,BTCUSD_PERP,bid,57700,570.84
2024-09-16 10:03:19,BTCUSD_PERP,bid,57700,569.66
2024-09-16 10:03:19,BTCUSD_PERP,bid,57700,626.86
2024-09-16 10:04:42,BTCUSD_PERP,bid,57700,626.53
2024-09-16 10:06:14,BTCUSD_PERP,bid,57700,569.36
2024-09-16 10:06:15,BTCUSD_PERP,bid,57700,626.85
2024-09-16 10:06:15,BTCUSD_PERP,bid,57700,683.47
2024-09-16 10:07:24,BTCUSD_PERP,bid,57700,626.86
2024-09-16 10:07:25,BTCUSD_PERP,bid,57800,627.18
2024-09-16 10:07:25,BTCUSD_PERP,bid,57800,683.83
2024-09-16 10:07:25,BTCUSD_PERP,bid,57800,741.06
2024-09-16 10:07:25,BTCUSD_PERP,bid,57800,797.71
2024-09-16 10:07:25,BTCUSD_PERP,bid,57800,911.58
2024-09-16 10:07:26,BTCUSD_PERP,bid,57700,556.36
2024-09-16 10:07:32,BTCUSD_PERP,bid,57800,912.79
2024-09-16 10:08:19,BTCUSD_PERP,bid,57800,855.56
2024-09-16 10:08:19,BTCUSD_PERP,bid,57700,854.49
2024-09-16 10:08:20,BTCUSD_PERP,bid,57700,556.07
2024-09-16 10:08:20,BTCUSD_PERP,bid,57700,911.1
2024-09-16 10:08:58,BTCUSD_PERP,bid,57700,911.18
2024-09-16 10:08:58,BTCUSD_PERP,bid,57600,555.77
2024-09-16 10:09:09,BTCUSD_PERP,bid,57700,739.89
2024-09-16 10:12:06,BTCUSD_PERP,bid,57700,569.75
2024-09-16 10:12:07,BTCUSD_PERP,bid,57700,626.96
2024-09-16 10:12:08,BTCUSD_PERP,bid,57700,628.17
2024-09-16 10:12:58,BTCUSD_PERP,bid,57700,571.55
2024-09-16 10:13:00,BTCUSD_PERP,bid,57800,683.94
2024-09-16 10:13:00,BTCUSD_PERP,bid,57800,741.18
2024-09-16 10:14:07,BTCUSD_PERP,bid,57800,569.99
2024-09-16 10:21:41,BTCUSD_PERP,bid,57800,627.12
2024-09-16 10:25:02,BTCUSD_PERP,bid,57800,627.48
2024-09-16 10:29:32,BTCUSD_PERP,bid,57900,570.47
2024-09-16 10:31:26,BTCUSD_PERP,bid,57900,572.63
2024-09-16 10:31:26,BTCUSD_PERP,bid,57900,573.84
2024-09-16 10:34:20,BTCUSD_PERP,bid,58000,573.22
2024-09-16 10:34:20,BTCUSD_PERP,bid,58000,630.08
2024-09-16 10:34:20,BTCUSD_PERP,bid,58000,686.94
2024-09-16 10:37:29,BTCUSD_PERP,bid,57900,629.17
2024-09-16 10:37:29,BTCUSD_PERP,bid,57900,686.58
2024-09-16 10:40:18,BTCUSD_PERP,bid,57900,571.76
2024-09-16 10:40:20,BTCUSD_PERP,bid,58000,572.14
2024-09-16 10:41:09,BTCUSD_PERP,bid,57900,686.58
2024-09-16 10:41:47,BTCUSD_PERP,bid,57900,629.43
2024-09-16 10:41:47,BTCUSD_PERP,bid,57900,686.81
2024-09-16 10:45:58,BTCUSD_PERP,bid,57900,629.43
2024-09-16 11:04:20,BTCUSD_PERP,bid,58000,572.36
2024-09-16 11:04:20,BTCUSD_PERP,bid,58000,629.83
2024-09-16 11:04:41,BTCUSD_PERP,bid,58000,572.06
2024-09-16 11:04:41,BTCUSD_PERP,bid,58000,629.5
2024-09-16 11:12:28,BTCUSD_PERP,bid,57900,571.48
2024-09-16 11:17:49,BTCUSD_PERP,bid,58000,571.25
2024-09-16 11:17:49,BTCUSD_PERP,bid,58000,685.5
2024-09-16 11:17:49,BTCUSD_PERP,bid,58000,742.92
2024-09-16 11:17:50,BTCUSD_PERP,bid,58000,800.34
2024-09-16 11:17:50,BTCUSD_PERP,bid,58000,857.17
2024-09-16 11:19:42,BTCUSD_PERP,bid,58000,800.34
2024-09-16 11:19:43,BTCUSD_PERP,bid,57900,570.95
2024-09-16 11:19:43,BTCUSD_PERP,bid,57900,742.53
2024-09-16 11:19:43,BTCUSD_PERP,bid,57900,799.92
2024-09-16 11:19:44,BTCUSD_PERP,bid,57900,856.72
2024-09-16 11:23:29,BTCUSD_PERP,bid,57900,629.44
2024-09-16 11:23:29,BTCUSD_PERP,bid,57900,743.61
2024-09-16 11:25:45,BTCUSD_PERP,bid,57900,686.23
2024-09-16 11:25:45,BTCUSD_PERP,bid,57900,628.85
2024-09-16 11:25:45,BTCUSD_PERP,bid,57900,571.57
2024-09-16 11:25:46,BTCUSD_PERP,bid,57900,571.65
2024-09-16 11:25:46,BTCUSD_PERP,bid,57900,629.06
2024-09-16 11:25:46,BTCUSD_PERP,bid,57900,686.47
2024-09-16 11:25:47,BTCUSD_PERP,bid,57900,743.88
2024-09-16 11:30:30,BTCUSD_PERP,bid,57900,571.64
2024-09-16 11:30:30,BTCUSD_PERP,bid,57900,628.99
2024-09-16 11:35:39,BTCUSD_PERP,bid,57900,571.64
2024-09-16 11:35:40,BTCUSD_PERP,bid,57900,628.93
2024-09-16 11:35:40,BTCUSD_PERP,bid,57900,743.71
2024-09-16 11:35:41,BTCUSD_PERP,bid,57900,743.85
2024-09-16 11:39:08,BTCUSD_PERP,bid,57900,743.71
2024-09-16 11:40:00,BTCUSD_PERP,bid,57900,628.53
2024-09-16 11:40:00,BTCUSD_PERP,bid,57900,685.88
2024-09-16 11:40:59,BTCUSD_PERP,bid,57900,572.34
2024-09-16 11:40:59,BTCUSD_PERP,bid,57900,571.54
2024-09-16 11:40:59,BTCUSD_PERP,bid,57900,628.87
2024-09-16 11:40:59,BTCUSD_PERP,bid,57900,686.2
2024-09-16 11:46:03,BTCUSD_PERP,bid,57900,628.87
2024-09-16 11:46:03,BTCUSD_PERP,bid,57900,571.54
2024-09-16 11:46:03,BTCUSD_PERP,bid,57800,570.56
2024-09-16 11:46:03,BTCUSD_PERP,bid,57800,627.85
2024-09-16 11:46:22,BTCUSD_PERP,bid,57800,627.99
2024-09-16 11:49:54,BTCUSD_PERP,bid,57800,627.85
2024-09-16 11:55:37,BTCUSD_PERP,bid,57800,684.78
2024-09-16 11:55:37,BTCUSD_PERP,bid,57800,742.04
2024-09-16 12:01:01,BTCUSD_PERP,bid,57800,570.85
2024-09-16 12:02:17,BTCUSD_PERP,bid,57900,571.86
2024-09-16 12:02:17,BTCUSD_PERP,bid,57900,628.64
2024-09-16 12:02:17,BTCUSD_PERP,bid,57900,743.36
2024-09-16 12:02:17,BTCUSD_PERP,bid,57900,914.76
2024-09-16 12:02:17,BTCUSD_PERP,bid,57900,972.12
2024-09-16 12:03:02,BTCUSD_PERP,bid,57900,857.53
2024-09-16 12:03:02,BTCUSD_PERP,bid,57900,971.61
2024-09-16 12:05:01,BTCUSD_PERP,bid,57900,914.28
2024-09-16 12:05:01,BTCUSD_PERP,bid,57900,857.53
2024-09-16 12:05:01,BTCUSD_PERP,bid,57900,800.2
2024-09-16 12:05:02,BTCUSD_PERP,bid,57900,686.12
2024-09-16 12:05:02,BTCUSD_PERP,bid,57900,628.79
2024-09-16 12:05:02,BTCUSD_PERP,bid,57900,571.46
2024-09-16 12:05:03,BTCUSD_PERP,bid,57900,531.9
2024-09-16 12:05:03,BTCUSD_PERP,bid,57900,588.7
2024-09-16 12:05:03,BTCUSD_PERP,bid,57900,645.5
2024-09-16 12:05:15,BTCUSD_PERP,bid,57900,588.7
2024-09-16 12:05:16,BTCUSD_PERP,bid,57900,531.32
2024-09-16 12:05:16,BTCUSD_PERP,bid,57900,571.07
2024-09-16 12:05:16,BTCUSD_PERP,bid,57900,584.95
2024-09-16 12:05:39,BTCUSD_PERP,bid,57900,528.19
2024-09-16 12:05:40,BTCUSD_PERP,bid,57900,571.38
2024-09-16 12:07:04,BTCUSD_PERP,bid,57900,571.68
2024-09-16 12:09:32,BTCUSD_PERP,bid,58000,573.14
2024-09-16 12:09:32,BTCUSD_PERP,bid,58000,630.0
2024-09-16 12:09:32,BTCUSD_PERP,bid,58000,687.44
2024-09-16 12:11:19,BTCUSD_PERP,bid,58000,630.0
2024-09-16 12:11:21,BTCUSD_PERP,bid,58000,573.62
2024-09-16 12:11:21,BTCUSD_PERP,bid,58000,631.0
2024-09-16 12:11:21,BTCUSD_PERP,bid,58000,687.89
2024-09-16 12:11:21,BTCUSD_PERP,bid,58000,745.37
2024-09-16 12:16:16,BTCUSD_PERP,bid,58000,699.12
2024-09-16 12:16:16,BTCUSD_PERP,bid,58000,756.57
2024-09-16 12:20:24,BTCUSD_PERP,bid,58000,527.36
2024-09-16 12:22:10,BTCUSD_PERP,bid,58000,572.54
2024-09-16 12:22:10,BTCUSD_PERP,bid,58000,629.45
2024-09-16 12:23:08,BTCUSD_PERP,bid,58000,572.05
2024-09-16 12:23:10,BTCUSD_PERP,bid,58100,529.73
2024-09-16 12:23:10,BTCUSD_PERP,bid,58100,586.67
2024-09-16 12:23:10,BTCUSD_PERP,bid,58100,700.57
2024-09-16 12:25:09,BTCUSD_PERP,bid,58100,686.77
2024-09-16 12:25:16,BTCUSD_PERP,bid,58100,571.8
2024-09-16 12:25:16,BTCUSD_PERP,bid,58000,629.56
2024-09-16 12:25:23,BTCUSD_PERP,bid,58000,629.7
2024-09-16 12:25:58,BTCUSD_PERP,bid,58000,572.19
2024-09-16 12:25:58,BTCUSD_PERP,bid,58000,629.64
2024-09-16 12:25:58,BTCUSD_PERP,bid,58000,686.53
2024-09-16 12:27:47,BTCUSD_PERP,bid,58000,572.02
2024-09-16 12:27:47,BTCUSD_PERP,bid,58000,743.63
2024-09-16 12:28:34,BTCUSD_PERP,bid,58000,743.77
2024-09-16 12:28:47,BTCUSD_PERP,bid,58000,743.91
2024-09-16 12:28:57,BTCUSD_PERP,bid,58000,744.05
2024-09-16 12:29:01,BTCUSD_PERP,bid,58000,744.19
2024-09-16 12:33:30,BTCUSD_PERP,bid,57900,741.87
2024-09-16 12:33:30,BTCUSD_PERP,bid,57900,856.65
2024-09-16 12:33:30,BTCUSD_PERP,bid,57900,914.04
2024-09-16 12:36:21,BTCUSD_PERP,bid,57900,742.45
2024-09-16 12:36:21,BTCUSD_PERP,bid,57900,856.79
2024-09-16 12:36:21,BTCUSD_PERP,bid,57900,914.15
2024-09-16 12:39:37,BTCUSD_PERP,bid,57900,742.65
2024-09-16 12:39:37,BTCUSD_PERP,bid,57900,856.34
2024-09-16 12:39:38,BTCUSD_PERP,bid,57900,913.67
2024-09-16 12:40:55,BTCUSD_PERP,bid,57900,856.34
2024-09-16 12:40:55,BTCUSD_PERP,bid,57900,742.26
2024-09-16 12:40:56,BTCUSD_PERP,bid,57900,627.6
2024-09-16 12:40:56,BTCUSD_PERP,bid,57900,570.85
2024-09-16 12:40:57,BTCUSD_PERP,bid,57900,627.93
2024-09-16 12:40:57,BTCUSD_PERP,bid,57900,685.29
2024-09-16 12:40:57,BTCUSD_PERP,bid,57900,742.65
2024-09-16 12:40:57,BTCUSD_PERP,bid,57900,856.2
2024-09-16 12:43:44,BTCUSD_PERP,bid,57900,798.84
2024-09-16 12:43:44,BTCUSD_PERP,bid,57900,742.07
2024-09-16 12:43:44,BTCUSD_PERP,bid,57900,684.71
2024-09-16 12:46:23,BTCUSD_PERP,bid,58000,628.67
2024-09-16 12:46:33,BTCUSD_PERP,bid,58000,628.81
2024-09-16 12:46:37,BTCUSD_PERP,bid,58000,628.95
2024-09-16 12:49:59,BTCUSD_PERP,bid,58000,628.81
2024-09-16 12:50:07,BTCUSD_PERP,bid,58000,628.67
2024-09-16 12:50:11,BTCUSD_PERP,bid,58000,571.82
2024-09-16 12:50:12,BTCUSD_PERP,bid,58000,686.49
2024-09-16 12:50:12,BTCUSD_PERP,bid,58000,743.36
2024-09-16 12:50:13,BTCUSD_PERP,bid,58000,858.28
2024-09-16 12:50:13,BTCUSD_PERP,bid,58000,915.15
2024-09-16 12:50:13,BTCUSD_PERP,bid,58000,972.61
2024-09-16 12:51:14,BTCUSD_PERP,bid,58000,915.15
2024-09-16 12:51:14,BTCUSD_PERP,bid,58000,858.28
2024-09-16 12:51:14,BTCUSD_PERP,bid,58000,743.36
2024-09-16 12:51:15,BTCUSD_PERP,bid,58000,686.49
2024-09-16 12:51:15,BTCUSD_PERP,bid,58000,629.61
2024-09-16 12:51:15,BTCUSD_PERP,bid,58000,572.15
2024-09-16 12:51:16,BTCUSD_PERP,bid,58000,629.95
2024-09-16 12:51:16,BTCUSD_PERP,bid,58000,687.44
2024-09-16 12:51:16,BTCUSD_PERP,bid,58000,744.34
2024-09-16 12:52:20,BTCUSD_PERP,bid,58000,686.95
2024-09-16 12:52:20,BTCUSD_PERP,bid,58000,629.46
2024-09-16 12:52:21,BTCUSD_PERP,bid,58100,630.28
2024-09-16 12:52:21,BTCUSD_PERP,bid,58100,687.22
2024-09-16 12:52:21,BTCUSD_PERP,bid,58100,744.74
2024-09-16 12:52:21,BTCUSD_PERP,bid,58100,802.26
2024-09-16 12:52:22,BTCUSD_PERP,bid,58100,859.19
2024-09-16 12:52:22,BTCUSD_PERP,bid,58100,916.12
2024-09-16 12:52:22,BTCUSD_PERP,bid,58100,1088.1
2024-09-16 12:52:45,BTCUSD_PERP,bid,58100,1088.24
2024-09-16 12:53:14,BTCUSD_PERP,bid,58100,1088.38
2024-09-16 12:53:19,BTCUSD_PERP,bid,58100,1089.59
2024-09-16 12:53:21,BTCUSD_PERP,bid,58100,1091.67
2024-09-16 12:54:49,BTCUSD_PERP,bid,58100,1090.46
2024-09-16 12:55:22,BTCUSD_PERP,bid,58100,1088.38
2024-09-16 12:56:19,BTCUSD_PERP,bid,58100,1088.24
2024-09-16 12:56:41,BTCUSD_PERP,bid,58100,1088.1
2024-09-16 12:57:18,BTCUSD_PERP,bid,58100,1030.58
2024-09-16 12:57:18,BTCUSD_PERP,bid,58100,915.54
2024-09-16 12:57:18,BTCUSD_PERP,bid,58100,858.02
2024-09-16 12:57:18,BTCUSD_PERP,bid,58100,743.66
2024-09-16 12:57:18,BTCUSD_PERP,bid,58100,686.73
2024-09-16 12:57:18,BTCUSD_PERP,bid,58100,629.8
2024-09-16 12:57:18,BTCUSD_PERP,bid,58100,573.06
2024-09-16 12:57:19,BTCUSD_PERP,bid,58100,687.57
2024-09-16 13:00:26,BTCUSD_PERP,bid,58100,630.61
2024-09-16 13:00:26,BTCUSD_PERP,bid,58100,573.06
2024-09-16 13:00:27,BTCUSD_PERP,bid,58100,515.78
2024-09-16 13:00:27,BTCUSD_PERP,bid,58100,573.36
2024-09-16 13:00:27,BTCUSD_PERP,bid,58100,630.94
2024-09-16 13:01:06,BTCUSD_PERP,bid,58100,630.02
2024-09-16 13:01:06,BTCUSD_PERP,bid,58100,687.57
2024-09-16 13:07:24,BTCUSD_PERP,bid,58100,573.64
2024-09-16 13:07:25,BTCUSD_PERP,bid,58100,629.78
2024-09-16 13:07:26,BTCUSD_PERP,bid,58100,516.69
2024-09-16 13:07:26,BTCUSD_PERP,bid,58100,802.52
2024-09-16 13:07:26,BTCUSD_PERP,bid,58100,1031.67
2024-09-16 13:07:26,BTCUSD_PERP,bid,58100,1089.25
2024-09-16 13:07:26,BTCUSD_PERP,bid,58100,1146.83
2024-09-16 13:07:28,BTCUSD_PERP,bid,58100,1160.77
2024-09-16 13:07:29,BTCUSD_PERP,bid,58100,519.84
2024-09-16 13:08:24,BTCUSD_PERP,bid,58100,1103.78
2024-09-16 13:08:24,BTCUSD_PERP,bid,58100,701.89
2024-09-16 13:08:24,BTCUSD_PERP,bid,58100,644.89
2024-09-16 13:08:24,BTCUSD_PERP,bid,58100,587.31
2024-09-16 13:08:25,BTCUSD_PERP,bid,58200,516.83
2024-09-16 13:08:38,BTCUSD_PERP,bid,58200,517.17
2024-09-16 13:08:38,BTCUSD_PERP,bid,58200,746.69
2024-09-16 13:08:38,BTCUSD_PERP,bid,58200,804.36
2024-09-16 13:08:38,BTCUSD_PERP,bid,58200,862.03
2024-09-16 13:08:38,BTCUSD_PERP,bid,58200,919.11
2024-09-16 13:08:39,BTCUSD_PERP,bid,58200,976.19
2024-09-16 13:08:39,BTCUSD_PERP,bid,58200,1033.27
2024-09-16 13:08:39,BTCUSD_PERP,bid,58200,1090.94
2024-09-16 13:08:49,BTCUSD_PERP,bid,47000,2399.07
2024-09-16 13:09:09,BTCUSD_PERP,bid,58200,976.78
2024-09-16 13:09:09,BTCUSD_PERP,bid,58200,746.86
2024-09-16 13:09:09,BTCUSD_PERP,bid,58200,976.24
2024-09-16 13:09:09,BTCUSD_PERP,bid,58200,1033.88
2024-09-16 13:09:13,BTCUSD_PERP,bid,58200,630.99
2024-09-16 13:09:13,BTCUSD_PERP,bid,58100,1090.39
2024-09-16 13:09:13,BTCUSD_PERP,bid,58100,563.2
2024-09-16 13:09:13,BTCUSD_PERP,bid,58100,1148.0
2024-09-16 13:10:40,BTCUSD_PERP,bid,58100,1090.39
2024-09-16 13:10:40,BTCUSD_PERP,bid,58100,1033.37
2024-09-16 13:10:41,BTCUSD_PERP,bid,58100,861.72
2024-09-16 13:10:41,BTCUSD_PERP,bid,58100,804.69
2024-09-16 13:10:41,BTCUSD_PERP,bid,58100,574.83
2024-09-16 13:10:41,BTCUSD_PERP,bid,58200,688.73
2024-09-16 13:10:42,BTCUSD_PERP,bid,58200,745.78
2024-09-16 13:10:42,BTCUSD_PERP,bid,58100,560.34
2024-09-16 13:10:42,BTCUSD_PERP,bid,58200,803.42
2024-09-16 13:10:42,BTCUSD_PERP,bid,58200,860.47
2024-09-16 13:10:42,BTCUSD_PERP,bid,58200,975.75
2024-09-16 13:10:42,BTCUSD_PERP,bid,58200,1148.57
2024-09-16 13:11:01,BTCUSD_PERP,bid,58200,1091.52
2024-09-16 13:11:01,BTCUSD_PERP,bid,58200,1033.88
2024-09-16 13:11:01,BTCUSD_PERP,bid,58200,976.24
2024-09-16 13:11:01,BTCUSD_PERP,bid,58200,919.19
2024-09-16 13:11:01,BTCUSD_PERP,bid,58200,803.91
2024-09-16 13:11:01,BTCUSD_PERP,bid,58200,746.37
2024-09-16 13:11:02,BTCUSD_PERP,bid,58200,631.68
2024-09-16 13:11:02,BTCUSD_PERP,bid,58200,517.16
2024-09-16 13:11:11,BTCUSD_PERP,bid,58200,574.04
2024-09-16 13:11:11,BTCUSD_PERP,bid,58200,516.99
2024-09-16 13:11:36,BTCUSD_PERP,bid,58200,575.15
2024-09-16 13:11:36,BTCUSD_PERP,bid,58200,632.27
2024-09-16 13:11:36,BTCUSD_PERP,bid,58200,689.97
2024-09-16 13:13:09,BTCUSD_PERP,bid,58200,517.45
2024-09-16 13:13:09,BTCUSD_PERP,bid,58200,919.11
2024-09-16 13:13:09,BTCUSD_PERP,bid,58200,976.78
2024-09-16 13:13:34,BTCUSD_PERP,bid,58200,919.7
2024-09-16 13:13:34,BTCUSD_PERP,bid,58200,862.03
2024-09-16 13:13:34,BTCUSD_PERP,bid,58200,747.28
2024-09-16 13:13:34,BTCUSD_PERP,bid,58200,632.52
2024-09-16 13:13:35,BTCUSD_PERP,bid,58200,574.85
2024-09-16 13:13:36,BTCUSD_PERP,bid,58200,575.23
2024-09-16 13:14:46,BTCUSD_PERP,bid,58200,517.62
2024-09-16 13:14:47,BTCUSD_PERP,bid,58300,517.9
2024-09-16 13:14:48,BTCUSD_PERP,bid,58300,575.64
2024-09-16 13:14:48,BTCUSD_PERP,bid,58300,691.12
2024-09-16 13:14:48,BTCUSD_PERP,bid,58300,748.86
2024-09-16 13:14:48,BTCUSD_PERP,bid,58300,749.0
2024-09-16 13:14:48,BTCUSD_PERP,bid,58300,806.15
2024-09-16 13:15:07,BTCUSD_PERP,bid,58200,805.01
2024-09-16 13:15:07,BTCUSD_PERP,bid,58200,862.72
2024-09-16 13:15:07,BTCUSD_PERP,bid,58200,561.04
2024-09-16 13:16:55,BTCUSD_PERP,bid,58200,632.47
2024-09-16 13:16:55,BTCUSD_PERP,bid,58200,861.69
2024-09-16 13:16:56,BTCUSD_PERP,bid,58200,517.53
2024-09-16 13:16:56,BTCUSD_PERP,bid,58200,919.37
2024-09-16 13:17:11,BTCUSD_PERP,bid,58200,861.69
2024-09-16 13:17:12,BTCUSD_PERP,bid,58200,746.33
2024-09-16 13:17:12,BTCUSD_PERP,bid,58200,574.46
2024-09-16 13:17:15,BTCUSD_PERP,bid,58300,517.22
2024-09-16 13:17:21,BTCUSD_PERP,bid,58300,518.09
2024-09-16 13:17:21,BTCUSD_PERP,bid,58300,575.26
2024-09-16 13:17:43,BTCUSD_PERP,bid,58300,518.59
2024-09-16 13:17:43,BTCUSD_PERP,bid,58300,575.76
2024-09-16 13:18:57,BTCUSD_PERP,bid,58300,517.22
2024-09-16 13:18:57,BTCUSD_PERP,bid,58300,574.95
2024-09-16 13:19:12,BTCUSD_PERP,bid,58300,518.47
2024-09-16 13:19:13,BTCUSD_PERP,bid,58300,575.62
2024-09-16 13:19:13,BTCUSD_PERP,bid,58300,632.76
2024-09-16 13:19:14,BTCUSD_PERP,bid,58300,517.27
2024-09-16 13:19:30,BTCUSD_PERP,bid,58200,632.43
2024-09-16 13:19:47,BTCUSD_PERP,bid,58200,575.31
2024-09-16 13:19:47,BTCUSD_PERP,bid,58200,517.93
2024-09-16 13:23:08,BTCUSD_PERP,bid,58200,516.8
2024-09-16 13:24:21,BTCUSD_PERP,bid,58200,575.12
2024-09-16 13:24:21,BTCUSD_PERP,bid,58200,632.22
2024-09-16 13:25:06,BTCUSD_PERP,bid,58200,517.43
2024-09-16 13:25:07,BTCUSD_PERP,bid,58200,747.02
2024-09-16 13:31:23,BTCUSD_PERP,bid,58200,689.95
2024-09-16 13:31:23,BTCUSD_PERP,bid,58200,574.65
2024-09-16 13:31:23,BTCUSD_PERP,bid,58200,803.76
2024-09-16 13:31:23,BTCUSD_PERP,bid,58200,861.39
2024-09-16 13:37:43,BTCUSD_PERP,bid,58200,746.82
2024-09-16 13:37:43,BTCUSD_PERP,bid,58200,632.16
2024-09-16 13:37:43,BTCUSD_PERP,bid,58200,574.53
2024-09-16 13:37:44,BTCUSD_PERP,bid,58200,574.72
2024-09-16 13:37:44,BTCUSD_PERP,bid,58200,631.79
2024-09-16 13:37:44,BTCUSD_PERP,bid,58200,746.52
2024-09-16 13:37:44,BTCUSD_PERP,bid,58200,804.18
2024-09-16 13:37:44,BTCUSD_PERP,bid,58200,861.84
2024-09-16 13:39:57,BTCUSD_PERP,bid,58200,804.18
2024-09-16 13:39:57,BTCUSD_PERP,bid,58200,861.39
2024-09-16 13:44:08,BTCUSD_PERP,bid,58200,746.72
2024-09-16 13:44:08,BTCUSD_PERP,bid,58100,688.73
2024-09-16 13:44:08,BTCUSD_PERP,bid,58100,860.94
2024-09-16 13:45:39,BTCUSD_PERP,bid,58100,630.54
2024-09-16 13:45:39,BTCUSD_PERP,bid,58100,803.51
2024-09-16 13:45:39,BTCUSD_PERP,bid,58100,860.49
2024-09-16 13:45:58,BTCUSD_PERP,bid,58100,864.46
2024-09-16 13:46:00,BTCUSD_PERP,bid,58100,860.49
2024-09-16 13:46:32,BTCUSD_PERP,bid,58100,688.38
2024-09-16 13:46:32,BTCUSD_PERP,bid,58100,630.81
2024-09-16 13:46:32,BTCUSD_PERP,bid,58100,516.26
2024-09-16 13:46:33,BTCUSD_PERP,bid,58100,516.66
2024-09-16 13:46:33,BTCUSD_PERP,bid,58100,688.29
2024-09-16 13:46:33,BTCUSD_PERP,bid,58100,745.79
2024-09-16 13:47:09,BTCUSD_PERP,bid,58100,688.41
2024-09-16 13:55:37,BTCUSD_PERP,bid,58100,630.84
2024-09-16 13:55:38,BTCUSD_PERP,bid,58100,517.34
2024-09-16 13:55:38,BTCUSD_PERP,bid,58100,574.36
2024-09-16 14:07:33,BTCUSD_PERP,bid,58200,517.16
2024-09-16 14:07:50,BTCUSD_PERP,bid,58200,531.11
2024-09-16 14:12:32,BTCUSD_PERP,bid,58200,516.64
2024-09-16 14:12:32,BTCUSD_PERP,bid,58200,573.71
2024-09-16 14:13:28,BTCUSD_PERP,bid,58200,516.64
2024-09-16 14:13:30,BTCUSD_PERP,bid,58200,518.16
2024-09-16 14:15:31,BTCUSD_PERP,bid,58200,516.94
2024-09-16 14:16:42,BTCUSD_PERP,bid,58200,689.11
2024-09-16 14:20:35,BTCUSD_PERP,bid,58200,632.03
2024-09-16 14:20:35,BTCUSD_PERP,bid,58200,517.28
2024-09-16 14:20:37,BTCUSD_PERP,bid,58200,517.54
2024-09-16 14:21:03,BTCUSD_PERP,bid,58300,517.82
2024-09-16 14:21:03,BTCUSD_PERP,bid,58300,575.55
2024-09-16 14:21:03,BTCUSD_PERP,bid,58300,634.5
2024-09-16 14:23:06,BTCUSD_PERP,bid,58300,633.28
2024-09-16 14:27:25,BTCUSD_PERP,bid,58300,575.84
2024-09-16 14:27:25,BTCUSD_PERP,bid,58300,633.6
2024-09-16 14:30:54,BTCUSD_PERP,bid,58300,575.84
2024-09-16 14:30:54,BTCUSD_PERP,bid,58300,518.66
2024-09-16 14:39:32,BTCUSD_PERP,bid,58300,633.09
2024-09-16 14:39:33,BTCUSD_PERP,bid,58300,690.26
2024-09-16 14:40:29,BTCUSD_PERP,bid,58300,806.03
2024-09-16 14:46:02,BTCUSD_PERP,bid,58300,748.29
2024-09-16 14:46:02,BTCUSD_PERP,bid,58300,632.81
2024-09-16 14:46:02,BTCUSD_PERP,bid,58300,575.07
2024-09-16 14:46:29,BTCUSD_PERP,bid,58300,576.24
2024-09-16 14:46:30,BTCUSD_PERP,bid,58300,633.45
2024-09-16 14:46:32,BTCUSD_PERP,bid,58300,633.59
2024-09-16 14:46:36,BTCUSD_PERP,bid,58300,633.73
2024-09-16 14:46:36,BTCUSD_PERP,bid,58300,633.87
2024-09-16 14:46:56,BTCUSD_PERP,bid,58300,576.07
2024-09-16 14:46:56,BTCUSD_PERP,bid,58300,518.85
2024-09-16 14:48:08,BTCUSD_PERP,bid,58400,533.31
2024-09-16 14:48:08,BTCUSD_PERP,bid,58400,591.14
2024-09-16 14:51:26,BTCUSD_PERP,bid,58400,518.71
2024-09-16 14:51:26,BTCUSD_PERP,bid,58400,575.96
2024-09-16 14:51:54,BTCUSD_PERP,bid,58400,518.12
2024-09-16 14:51:54,BTCUSD_PERP,bid,58400,575.66
2024-09-16 14:54:22,BTCUSD_PERP,bid,58400,518.79
2024-09-16 14:54:22,BTCUSD_PERP,bid,58400,576.63
2024-09-16 14:54:22,BTCUSD_PERP,bid,58400,633.88
2024-09-16 14:54:37,BTCUSD_PERP,bid,58400,517.85
2024-09-16 14:54:39,BTCUSD_PERP,bid,58400,518.78
2024-09-16 14:54:39,BTCUSD_PERP,bid,58400,576.04
2024-09-16 14:58:38,BTCUSD_PERP,bid,58400,575.72
2024-09-16 15:00:03,BTCUSD_PERP,bid,58400,518.2
2024-09-16 15:00:03,BTCUSD_PERP,bid,58300,575.72
2024-09-16 15:00:04,BTCUSD_PERP,bid,58300,633.53
2024-09-16 15:00:30,BTCUSD_PERP,bid,58300,575.42
2024-09-16 15:02:27,BTCUSD_PERP,bid,58300,517.91
2024-09-16 15:02:29,BTCUSD_PERP,bid,58400,518.71
2024-09-16 15:02:29,BTCUSD_PERP,bid,58400,576.54
2024-09-16 15:02:34,BTCUSD_PERP,bid,58400,519.29
2024-09-16 15:02:34,BTCUSD_PERP,bid,58300,518.51
2024-09-16 15:02:35,BTCUSD_PERP,bid,58300,576.32
2024-09-16 15:03:11,BTCUSD_PERP,bid,58300,519.1
2024-09-16 15:09:18,BTCUSD_PERP,bid,58400,576.12
2024-09-16 15:09:18,BTCUSD_PERP,bid,58400,633.97
2024-09-16 15:22:04,BTCUSD_PERP,bid,58400,518.29
2024-09-16 15:22:04,BTCUSD_PERP,bid,58400,633.4
2024-09-16 15:22:04,BTCUSD_PERP,bid,58400,691.25
2024-09-16 15:22:04,BTCUSD_PERP,bid,58400,749.1
2024-09-16 15:22:27,BTCUSD_PERP,bid,58400,633.99
2024-09-16 15:22:27,BTCUSD_PERP,bid,58400,576.14
2024-09-16 15:22:27,BTCUSD_PERP,bid,58400,518.88
2024-09-16 15:23:54,BTCUSD_PERP,bid,58500,519.33
2024-09-16 15:23:54,BTCUSD_PERP,bid,58500,576.65
2024-09-16 15:23:55,BTCUSD_PERP,bid,58500,634.56
2024-09-16 15:23:55,BTCUSD_PERP,bid,58500,692.47
2024-09-16 15:23:55,BTCUSD_PERP,bid,58500,807.71
2024-09-16 15:23:55,BTCUSD_PERP,bid,58500,865.62
2024-09-16 15:24:17,BTCUSD_PERP,bid,58500,807.71
2024-09-16 15:24:17,BTCUSD_PERP,bid,58500,750.38
2024-09-16 15:24:18,BTCUSD_PERP,bid,58500,692.57
2024-09-16 15:24:18,BTCUSD_PERP,bid,58500,635.25
2024-09-16 15:24:18,BTCUSD_PERP,bid,58500,520.01
2024-09-16 15:24:27,BTCUSD_PERP,bid,58500,577.41
2024-09-16 15:24:27,BTCUSD_PERP,bid,58500,635.39
2024-09-16 15:24:57,BTCUSD_PERP,bid,58500,577.41
2024-09-16 15:24:58,BTCUSD_PERP,bid,58600,581.79
2024-09-16 15:24:58,BTCUSD_PERP,bid,58600,639.8
2024-09-16 15:25:14,BTCUSD_PERP,bid,58600,523.78
2024-09-16 15:25:14,BTCUSD_PERP,bid,58500,520.63
2024-09-16 15:25:14,BTCUSD_PERP,bid,58500,578.01
2024-09-16 15:26:14,BTCUSD_PERP,bid,58500,578.41
2024-09-16 15:26:14,BTCUSD_PERP,bid,58500,636.42
2024-09-16 15:26:52,BTCUSD_PERP,bid,58500,579.01
2024-09-16 15:26:52,BTCUSD_PERP,bid,58500,521.0
2024-09-16 15:27:38,BTCUSD_PERP,ask,60000,505.29
2024-09-16 15:28:32,BTCUSD_PERP,bid,58600,520.76
2024-09-16 15:29:14,BTCUSD_PERP,bid,58500,577.25
2024-09-16 15:29:14,BTCUSD_PERP,bid,58500,635.22
2024-09-16 15:29:18,BTCUSD_PERP,bid,58500,635.36
2024-09-16 15:30:01,BTCUSD_PERP,bid,58500,577.49
2024-09-16 15:30:02,BTCUSD_PERP,bid,58500,519.52
2024-09-16 15:34:23,BTCUSD_PERP,bid,58500,576.84
2024-09-16 15:34:23,BTCUSD_PERP,bid,58500,634.17
2024-09-16 15:34:23,BTCUSD_PERP,bid,58500,692.09
2024-09-16 15:34:23,BTCUSD_PERP,bid,58500,706.11
2024-09-16 15:36:05,BTCUSD_PERP,bid,58500,648.19
2024-09-16 15:36:06,BTCUSD_PERP,bid,58500,590.27
2024-09-16 15:36:06,BTCUSD_PERP,bid,58500,532.35
2024-09-16 15:36:07,BTCUSD_PERP,bid,58500,577.26
2024-09-16 15:36:07,BTCUSD_PERP,bid,58500,577.4
2024-09-16 15:36:07,BTCUSD_PERP,bid,58500,634.78
2024-09-16 15:36:07,BTCUSD_PERP,bid,58500,692.15
2024-09-16 15:37:15,BTCUSD_PERP,bid,58500,692.74
2024-09-16 15:37:30,BTCUSD_PERP,bid,58500,519.03
2024-09-16 15:37:30,BTCUSD_PERP,bid,58500,576.96
2024-09-16 15:39:55,BTCUSD_PERP,bid,58400,518.5
2024-09-16 15:40:48,BTCUSD_PERP,bid,58400,518.22
2024-09-16 15:56:20,BTCUSD_PERP,bid,58400,518.29
2024-09-16 16:00:52,BTCUSD_PERP,bid,58300,518.5
2024-09-16 16:01:01,BTCUSD_PERP,bid,58300,518.78
2024-09-16 16:01:01,BTCUSD_PERP,bid,58300,518.92
2024-09-16 16:01:01,BTCUSD_PERP,bid,58300,519.06
2024-09-16 16:22:22,BTCUSD_PERP,bid,58300,517.89
