2024-08-29 07:06:43,BTCUSDT,bid,47000,879.833
2024-08-29 07:07:00,BTCUSDT,bid,47000,879.724
2024-08-29 07:21:30,BTCUSDT,bid,47000,880.567
2024-08-29 07:02:29,BTCUSD_PERP,bid,58500,750.13
2024-08-29 07:02:29,BTCUSD_PERP,bid,58500,692.8
2024-08-29 07:02:29,BTCUSD_PERP,bid,58500,578.12
2024-08-29 07:02:30,BTCUSD_PERP,bid,58500,520.19
2024-08-29 07:02:49,BTCUSD_PERP,bid,58500,520.23
2024-08-29 07:02:50,BTCUSD_PERP,bid,58500,534.27
2024-08-29 07:03:13,BTCUSD_PERP,bid,58500,519.37
2024-08-29 07:03:13,BTCUSD_PERP,bid,58500,923.98
2024-08-29 07:03:13,BTCUSD_PERP,bid,58500,981.95
2024-08-29 07:05:49,BTCUSD_PERP,bid,58500,924.57
2024-08-29 07:05:49,BTCUSD_PERP,bid,58500,808.63
2024-08-29 07:05:50,BTCUSD_PERP,bid,58500,751.25
2024-08-29 07:05:50,BTCUSD_PERP,bid,58500,693.28
2024-08-29 07:05:50,BTCUSD_PERP,bid,58500,577.93
2024-08-29 07:05:50,BTCUSD_PERP,bid,58500,519.96
2024-08-29 07:11:28,BTCUSD_PERP,bid,58600,521.19
2024-08-29 07:15:49,BTCUSD_PERP,bid,58600,520.63
2024-08-29 07:15:49,BTCUSD_PERP,bid,58600,578.74
2024-08-29 07:15:49,BTCUSD_PERP,bid,58600,636.85
2024-08-29 07:15:58,BTCUSD_PERP,bid,58600,636.89
2024-08-29 07:16:52,BTCUSD_PERP,bid,58600,636.93
2024-08-29 07:16:54,BTCUSD_PERP,bid,58600,650.99
2024-08-29 07:16:55,BTCUSD_PERP,bid,58600,651.03
2024-08-29 07:16:57,BTCUSD_PERP,bid,58600,653.13
2024-08-29 07:16:59,BTCUSD_PERP,bid,58600,654.36
2024-08-29 07:17:13,BTCUSD_PERP,bid,58600,596.25
2024-08-29 07:17:13,BTCUSD_PERP,bid,58600,520.95
2024-08-29 07:17:13,BTCUSD_PERP,bid,58600,579.03
2024-08-29 07:19:32,BTCUSD_PERP,bid,58600,520.72
2024-08-29 07:20:56,BTCUSD_PERP,bid,58600,520.04
2024-08-29 07:20:56,BTCUSD_PERP,bid,58600,577.56
2024-08-29 07:20:56,BTCUSD_PERP,bid,58600,591.62
2024-08-29 07:20:57,BTCUSD_PERP,bid,58600,592.85
2024-08-29 07:21:24,BTCUSD_PERP,bid,58700,520.4
2024-08-29 07:21:24,BTCUSD_PERP,bid,58700,636.11
2024-08-29 07:21:24,BTCUSD_PERP,bid,58700,693.67
2024-08-29 07:21:24,BTCUSD_PERP,bid,58700,751.82
2024-08-29 07:21:24,BTCUSD_PERP,bid,58700,868.12
2024-08-29 07:21:35,BTCUSD_PERP,bid,58700,868.71
2024-08-29 07:21:42,BTCUSD_PERP,bid,58700,753.0
2024-08-29 07:21:47,BTCUSD_PERP,bid,58600,519.72
2024-08-29 07:22:32,BTCUSD_PERP,bid,58700,636.36
2024-08-29 07:22:32,BTCUSD_PERP,bid,58700,810.13
2024-08-29 07:22:32,BTCUSD_PERP,bid,58700,868.25
2024-08-29 07:25:33,BTCUSD_PERP,bid,58700,810.72
2024-08-29 07:25:33,BTCUSD_PERP,bid,58700,752.6
2024-08-29 07:25:33,BTCUSD_PERP,bid,58700,636.95
2024-08-29 07:25:33,BTCUSD_PERP,bid,58700,579.43
2024-08-29 07:25:34,BTCUSD_PERP,bid,58600,520.95
2024-08-29 07:25:34,BTCUSD_PERP,bid,58600,579.03
2024-08-29 07:25:34,BTCUSD_PERP,bid,58600,694.61
2024-08-29 07:25:35,BTCUSD_PERP,bid,58600,752.1
2024-08-29 07:25:35,BTCUSD_PERP,bid,58600,810.18
2024-08-29 07:25:36,BTCUSD_PERP,bid,58600,810.22
2024-08-29 07:25:41,BTCUSD_PERP,bid,58600,752.73
2024-08-29 07:25:41,BTCUSD_PERP,bid,58600,694.65
2024-08-29 07:25:41,BTCUSD_PERP,bid,58600,578.14
2024-08-29 07:25:42,BTCUSD_PERP,bid,58600,636.19
2024-08-29 07:25:42,BTCUSD_PERP,bid,58600,578.14
2024-08-29 07:25:42,BTCUSD_PERP,bid,58600,520.09
2024-08-29 07:25:43,BTCUSD_PERP,bid,58600,635.86
2024-08-29 07:25:43,BTCUSD_PERP,bid,58600,693.88
2024-08-29 07:25:44,BTCUSD_PERP,bid,58600,751.31
2024-08-29 07:26:01,BTCUSD_PERP,bid,58600,693.29
2024-08-29 07:26:01,BTCUSD_PERP,bid,58500,693.52
2024-08-29 07:26:09,BTCUSD_PERP,bid,58500,578.13
2024-08-29 07:26:10,BTCUSD_PERP,bid,58500,520.14
2024-08-29 07:26:10,BTCUSD_PERP,bid,58500,693.16
2024-08-29 07:26:32,BTCUSD_PERP,bid,58500,577.24
