2024-08-18 07:04:46,BTCUSDT,bid,47000,900.044
2024-08-18 07:05:34,BTCUSDT,bid,47000,900.085
2024-08-18 07:06:52,BTCUSDT,bid,47000,900.079
2024-08-18 07:28:01,BTCUSDT,bid,47000,901.079
2024-08-18 08:02:07,BTCUSDT,bid,47000,900.079
2024-08-18 08:20:22,BTCUSDT,bid,47000,899.654
2024-08-18 09:02:34,BTCUSDT,bid,47000,899.633
2024-08-18 07:00:18,BTCUSD_PERP,bid,58900,579.8
2024-08-18 07:00:18,BTCUSD_PERP,bid,58900,522.0
2024-08-18 07:00:19,BTCUSD_PERP,bid,59000,532.7
2024-08-18 07:00:19,BTCUSD_PERP,bid,59000,590.53
2024-08-18 07:00:20,BTCUSD_PERP,bid,59000,648.36
2024-08-18 07:00:20,BTCUSD_PERP,bid,59000,706.79
2024-08-18 07:00:20,BTCUSD_PERP,bid,59000,765.22
2024-08-18 07:00:39,BTCUSD_PERP,bid,59000,706.79
2024-08-18 07:02:39,BTCUSD_PERP,bid,59000,754.87
2024-08-18 07:02:39,BTCUSD_PERP,bid,59000,813.3
2024-08-18 07:03:23,BTCUSD_PERP,bid,59000,755.46
2024-08-18 07:03:23,BTCUSD_PERP,bid,59000,639.78
2024-08-18 07:03:23,BTCUSD_PERP,bid,59000,581.94
2024-08-18 07:03:24,BTCUSD_PERP,bid,59000,524.43
2024-08-18 07:03:24,BTCUSD_PERP,bid,59000,582.9
2024-08-18 07:04:12,BTCUSD_PERP,bid,58900,522.6
2024-08-18 07:04:13,BTCUSD_PERP,bid,58900,581.0
2024-08-18 07:04:13,BTCUSD_PERP,bid,58900,697.2
2024-08-18 07:04:13,BTCUSD_PERP,bid,58900,755.6
2024-08-18 07:04:13,BTCUSD_PERP,bid,58900,872.4
2024-08-18 07:04:13,BTCUSD_PERP,bid,58900,988.6
2024-08-18 07:06:54,BTCUSD_PERP,bid,58900,638.8
2024-08-18 07:06:54,BTCUSD_PERP,bid,59000,755.99
2024-08-18 07:06:54,BTCUSD_PERP,bid,59000,930.08
2024-08-18 07:06:55,BTCUSD_PERP,bid,59000,988.51
2024-08-18 07:06:55,BTCUSD_PERP,bid,59000,1046.94
2024-08-18 07:10:26,BTCUSD_PERP,bid,59000,989.11
2024-08-18 07:10:26,BTCUSD_PERP,bid,59000,930.68
2024-08-18 07:10:26,BTCUSD_PERP,bid,59000,813.82
2024-08-18 07:10:26,BTCUSD_PERP,bid,59000,755.39
2024-08-18 07:10:26,BTCUSD_PERP,bid,59000,697.56
2024-08-18 07:10:27,BTCUSD_PERP,bid,59000,581.9
2024-08-18 07:10:27,BTCUSD_PERP,bid,58900,813.4
2024-08-18 07:10:27,BTCUSD_PERP,bid,58900,871.8
2024-08-18 07:14:31,BTCUSD_PERP,bid,58900,813.4
2024-08-18 07:14:31,BTCUSD_PERP,bid,58900,755.0
2024-08-18 07:14:31,BTCUSD_PERP,bid,58900,581.6
2024-08-18 07:14:32,BTCUSD_PERP,bid,58900,523.2
2024-08-18 07:14:32,BTCUSD_PERP,bid,58900,522.93
2024-08-18 07:14:32,BTCUSD_PERP,bid,58900,581.3
2024-08-18 07:14:33,BTCUSD_PERP,bid,58900,639.07
2024-08-18 07:14:33,BTCUSD_PERP,bid,58900,696.84
2024-08-18 07:14:33,BTCUSD_PERP,bid,58900,813.58
2024-08-18 07:14:33,BTCUSD_PERP,bid,58900,871.35
2024-08-18 07:15:59,BTCUSD_PERP,bid,58900,754.22
2024-08-18 07:16:00,BTCUSD_PERP,bid,58900,812.56
2024-08-18 07:16:48,BTCUSD_PERP,bid,58900,754.22
2024-08-18 07:16:48,BTCUSD_PERP,bid,58900,696.48
2024-08-18 07:16:48,BTCUSD_PERP,bid,58900,638.74
2024-08-18 07:16:48,BTCUSD_PERP,bid,58900,522.66
2024-08-18 07:16:49,BTCUSD_PERP,bid,58900,580.7
2024-08-18 07:16:49,BTCUSD_PERP,bid,58900,696.84
2024-08-18 07:16:49,BTCUSD_PERP,bid,58900,755.21
2024-08-18 07:16:50,BTCUSD_PERP,bid,58900,813.58
2024-08-18 07:16:50,BTCUSD_PERP,bid,58900,871.35
2024-08-18 07:16:53,BTCUSD_PERP,bid,58900,755.81
2024-08-18 07:16:53,BTCUSD_PERP,bid,58900,697.44
2024-08-18 07:16:53,BTCUSD_PERP,bid,58900,639.67
2024-08-18 07:16:53,BTCUSD_PERP,bid,58900,581.3
2024-08-18 07:16:53,BTCUSD_PERP,bid,58900,522.93
2024-08-18 07:16:54,BTCUSD_PERP,bid,58900,581.64
2024-08-18 07:16:54,BTCUSD_PERP,bid,58900,639.45
2024-08-18 07:16:54,BTCUSD_PERP,bid,58900,697.26
2024-08-18 07:16:54,BTCUSD_PERP,bid,58900,814.06
2024-08-18 07:16:54,BTCUSD_PERP,bid,58900,871.87
2024-08-18 07:16:54,BTCUSD_PERP,bid,58900,930.27
2024-08-18 07:18:38,BTCUSD_PERP,bid,58900,580.46
2024-08-18 07:25:14,BTCUSD_PERP,bid,59000,523.92
2024-08-18 07:25:14,BTCUSD_PERP,bid,59000,523.96
2024-08-18 07:25:45,BTCUSD_PERP,bid,59000,523.65
2024-08-18 07:30:20,BTCUSD_PERP,bid,59000,524.01
2024-08-18 07:30:20,BTCUSD_PERP,bid,59000,582.5
2024-08-18 07:30:39,BTCUSD_PERP,bid,59000,582.54
2024-08-18 07:34:00,BTCUSD_PERP,bid,59000,582.5
2024-08-18 07:34:59,BTCUSD_PERP,bid,59100,583.3
2024-08-18 07:34:59,BTCUSD_PERP,bid,59100,641.22
2024-08-18 07:36:52,BTCUSD_PERP,bid,59100,583.3
2024-08-18 07:36:53,BTCUSD_PERP,bid,59100,524.78
2024-08-18 07:37:57,BTCUSD_PERP,bid,59100,524.41
2024-08-18 07:37:57,BTCUSD_PERP,bid,59100,582.84
2024-08-18 07:38:04,BTCUSD_PERP,bid,59100,524.91
2024-08-18 07:38:08,BTCUSD_PERP,bid,59100,583.2
2024-08-18 07:39:26,BTCUSD_PERP,bid,59200,535.73
2024-08-18 07:39:26,BTCUSD_PERP,bid,59200,593.76
2024-08-18 07:39:26,BTCUSD_PERP,bid,59200,652.39
2024-08-18 07:39:41,BTCUSD_PERP,bid,59200,583.6
2024-08-18 07:39:41,BTCUSD_PERP,bid,59200,642.2
2024-08-18 07:40:11,BTCUSD_PERP,bid,47000,2452.4
2024-08-18 07:48:56,BTCUSD_PERP,bid,59200,535.54
2024-08-18 07:48:56,BTCUSD_PERP,bid,59200,594.16
2024-08-18 07:48:56,BTCUSD_PERP,bid,59200,652.18
2024-08-18 07:48:56,BTCUSD_PERP,bid,59200,710.8
2024-08-18 07:48:57,BTCUSD_PERP,bid,59200,768.82
2024-08-18 07:51:45,BTCUSD_PERP,bid,59200,652.18
2024-08-18 07:51:45,BTCUSD_PERP,bid,59100,524.81
2024-08-18 08:02:20,BTCUSD_PERP,bid,59100,525.24
2024-08-18 08:02:20,BTCUSD_PERP,bid,59100,583.7
2024-08-18 08:02:21,BTCUSD_PERP,bid,59100,641.66
2024-08-18 08:02:21,BTCUSD_PERP,bid,59100,699.62
2024-08-18 08:02:58,BTCUSD_PERP,ask,64500,1632.64
2024-08-18 08:03:52,BTCUSD_PERP,bid,59100,757.79
2024-08-18 08:04:50,BTCUSD_PERP,bid,55000,754.84
2024-08-18 08:05:41,BTCUSD_PERP,bid,59000,524.6
2024-08-18 08:18:08,BTCUSD_PERP,bid,59000,524.0
2024-08-18 08:18:08,BTCUSD_PERP,bid,59000,582.5
2024-08-18 08:23:23,BTCUSD_PERP,bid,59000,523.38
2024-08-18 08:28:20,BTCUSD_PERP,bid,59000,523.29
2024-08-18 08:28:39,BTCUSD_PERP,bid,59000,523.33
2024-08-18 08:32:06,BTCUSD_PERP,bid,59000,523.29
2024-08-18 08:34:30,BTCUSD_PERP,bid,58900,581.34
2024-08-18 08:57:32,BTCUSD_PERP,bid,58900,813.16
2024-08-18 08:57:32,BTCUSD_PERP,bid,58900,1045.82
2024-08-18 09:02:34,BTCUSD_PERP,bid,58900,1045.86
2024-08-18 09:02:57,BTCUSD_PERP,bid,58900,1045.9
2024-08-18 09:02:58,BTCUSD_PERP,bid,58900,1045.94
2024-08-18 09:03:09,BTCUSD_PERP,bid,58900,1045.98
2024-08-18 09:03:16,BTCUSD_PERP,bid,58900,1046.02
2024-08-18 09:05:59,BTCUSD_PERP,bid,58900,1045.98
2024-08-18 09:06:19,BTCUSD_PERP,bid,58900,1045.94
2024-08-18 09:06:27,BTCUSD_PERP,bid,58900,1045.9
2024-08-18 09:06:41,BTCUSD_PERP,bid,58900,1045.86
2024-08-18 09:06:42,BTCUSD_PERP,bid,58900,1045.82
2024-08-18 09:09:12,BTCUSD_PERP,bid,58900,988.08
2024-08-18 09:09:12,BTCUSD_PERP,bid,58900,929.74
2024-08-18 09:09:12,BTCUSD_PERP,bid,58900,871.4
2024-08-18 09:09:12,BTCUSD_PERP,bid,58900,813.06
2024-08-18 09:09:12,BTCUSD_PERP,bid,58900,697.58
2024-08-18 09:09:12,BTCUSD_PERP,bid,58900,639.84
2024-08-18 09:09:12,BTCUSD_PERP,bid,58900,581.5
2024-08-18 09:09:12,BTCUSD_PERP,bid,58900,523.16
2024-08-18 09:09:13,BTCUSD_PERP,bid,58900,522.93
2024-08-18 09:09:13,BTCUSD_PERP,bid,58900,639.07
2024-08-18 09:09:13,BTCUSD_PERP,bid,58900,697.44
2024-08-18 09:09:13,BTCUSD_PERP,bid,58900,814.18
2024-08-18 09:09:13,BTCUSD_PERP,bid,58900,930.82
2024-08-18 09:09:14,BTCUSD_PERP,bid,58900,988.59
2024-08-18 09:10:19,BTCUSD_PERP,ask,60100,512.84
2024-08-18 09:10:21,BTCUSD_PERP,ask,60100,522.75
2024-08-18 09:10:23,BTCUSD_PERP,ask,60100,532.36
2024-08-18 09:10:34,BTCUSD_PERP,ask,60100,522.76
2024-08-18 09:10:35,BTCUSD_PERP,ask,60100,513.15
2024-08-18 09:10:36,BTCUSD_PERP,ask,60100,503.55
2024-08-18 09:22:22,BTCUSD_PERP,bid,58900,988.61
2024-08-18 09:22:23,BTCUSD_PERP,bid,58900,988.59
2024-08-18 09:23:23,BTCUSD_PERP,bid,58900,872.45
2024-08-18 09:23:23,BTCUSD_PERP,bid,58900,756.31
2024-08-18 09:23:23,BTCUSD_PERP,bid,58900,698.54
2024-08-18 09:23:23,BTCUSD_PERP,bid,58900,582.5
2024-08-18 09:23:23,BTCUSD_PERP,bid,58900,524.13
2024-08-18 09:23:23,BTCUSD_PERP,bid,58900,523.1
2024-08-18 09:23:24,BTCUSD_PERP,bid,58900,639.3
2024-08-18 09:23:24,BTCUSD_PERP,bid,58900,697.7
2024-08-18 09:23:24,BTCUSD_PERP,bid,58900,813.9
2024-08-18 09:23:24,BTCUSD_PERP,bid,58900,872.3
2024-08-18 09:23:24,BTCUSD_PERP,bid,58900,930.7
2024-08-18 09:23:24,BTCUSD_PERP,bid,58900,989.1
2024-08-18 09:23:25,BTCUSD_PERP,bid,58900,509.41
2024-08-18 09:33:00,BTCUSD_PERP,bid,58900,930.7
2024-08-18 09:33:01,BTCUSD_PERP,bid,58900,872.9
2024-08-18 09:33:01,BTCUSD_PERP,bid,58900,814.5
2024-08-18 09:33:01,BTCUSD_PERP,bid,58900,698.3
2024-08-18 09:33:01,BTCUSD_PERP,bid,58900,581.5
2024-08-18 09:33:01,BTCUSD_PERP,bid,58900,523.7
2024-08-18 09:33:02,BTCUSD_PERP,bid,59000,522.92
2024-08-18 09:33:02,BTCUSD_PERP,bid,59000,581.25
2024-08-18 09:33:02,BTCUSD_PERP,bid,59000,639.68
2024-08-18 09:33:02,BTCUSD_PERP,bid,59000,755.95
2024-08-18 09:33:02,BTCUSD_PERP,bid,59000,813.79
2024-08-18 09:33:02,BTCUSD_PERP,bid,59000,882.05
2024-08-18 09:33:02,BTCUSD_PERP,bid,58900,519.49
2024-08-18 09:33:02,BTCUSD_PERP,bid,59000,998.91
2024-08-18 09:33:45,BTCUSD_PERP,bid,58900,930.1
2024-08-18 09:33:45,BTCUSD_PERP,bid,58900,509.41
2024-08-18 09:35:42,BTCUSD_PERP,bid,58900,813.9
2024-08-18 09:35:42,BTCUSD_PERP,bid,58900,697.7
2024-08-18 09:35:42,BTCUSD_PERP,bid,58900,639.4
2024-08-18 09:35:42,BTCUSD_PERP,bid,58900,522.6
2024-08-18 09:43:38,BTCUSD_PERP,bid,59000,591.74
2024-08-18 09:43:38,BTCUSD_PERP,bid,59000,650.24
2024-08-18 09:43:38,BTCUSD_PERP,bid,59000,708.14
2024-08-18 09:43:38,BTCUSD_PERP,bid,59000,766.64
2024-08-18 09:43:39,BTCUSD_PERP,bid,59000,520.08
2024-08-18 09:43:39,BTCUSD_PERP,bid,59000,825.14
2024-08-18 09:43:42,BTCUSD_PERP,bid,59000,767.24
2024-08-18 09:43:42,BTCUSD_PERP,bid,59000,650.24
2024-08-18 09:43:43,BTCUSD_PERP,bid,59000,592.34
2024-08-18 09:43:43,BTCUSD_PERP,bid,59100,524.97
2024-08-18 09:43:43,BTCUSD_PERP,bid,59100,582.9
2024-08-18 09:43:43,BTCUSD_PERP,bid,59100,641.43
2024-08-18 09:43:43,BTCUSD_PERP,bid,59100,699.36
2024-08-18 09:43:44,BTCUSD_PERP,bid,59100,757.79
2024-08-18 09:43:44,BTCUSD_PERP,bid,59100,815.72
2024-08-18 09:43:44,BTCUSD_PERP,bid,59100,873.65
2024-08-18 09:43:44,BTCUSD_PERP,bid,59000,520.5
2024-08-18 09:43:44,BTCUSD_PERP,bid,59100,932.18
2024-08-18 09:43:44,BTCUSD_PERP,bid,59100,990.71
2024-08-18 09:43:44,BTCUSD_PERP,bid,59100,991.95
2024-08-18 09:43:45,BTCUSD_PERP,bid,59000,578.92
2024-08-18 09:43:45,BTCUSD_PERP,bid,59100,1006.11
2024-08-18 09:43:46,BTCUSD_PERP,bid,59100,1008.23
2024-08-18 09:43:58,BTCUSD_PERP,bid,59100,891.17
2024-08-18 09:43:58,BTCUSD_PERP,bid,59000,520.45
2024-08-18 09:43:58,BTCUSD_PERP,bid,59100,774.71
2024-08-18 09:43:59,BTCUSD_PERP,bid,59100,716.28
2024-08-18 09:43:59,BTCUSD_PERP,bid,59100,599.82
2024-08-18 09:43:59,BTCUSD_PERP,bid,59100,541.89
2024-08-18 09:44:00,BTCUSD_PERP,bid,59100,524.73
