2024-08-20 07:07:49,ETHUSDT,ask,2890,3455.612
2024-08-20 07:07:51,ETHUSDT,ask,2890,3455.622
2024-08-20 07:08:49,ETHUSDT,ask,2890,3455.612
2024-08-20 07:08:49,ETHUSDT,ask,2890,3455.602
2024-08-20 07:10:45,ETHUSDT,bid,2200,4591.439
2024-08-20 07:12:43,ETHUSDT,bid,2140,4699.892
2024-08-20 07:12:43,ETHUSDT,bid,2290,4364.814
2024-08-20 07:12:48,ETHUSDT,ask,2890,3455.612
2024-08-20 07:13:47,ETHUSDT,ask,2890,3455.602
2024-08-20 07:20:19,ETHUSDT,bid,2360,4236.35
2024-08-20 07:20:19,ETHUSDT,bid,2360,4236.36
2024-08-20 07:21:09,ETHUSDT,bid,2360,4236.35
2024-08-20 07:21:09,ETHUSDT,bid,2360,4236.34
2024-08-20 07:28:57,ETHUSDT,bid,1700,6031.263
2024-08-20 07:32:15,ETHUSDT,ask,2850,3854.221
2024-08-20 07:34:53,ETHUSDT,bid,2350,4305.903
2024-08-20 07:35:34,ETHUSDT,ask,2850,3854.242
2024-08-20 07:36:06,ETHUSDT,ask,2850,3855.242
2024-08-20 07:42:05,ETHUSDT,bid,2350,4304.453
2024-08-20 07:42:18,ETHUSDT,ask,2850,3857.242
2024-08-20 07:43:07,ETHUSDT,ask,2890,3467.293
2024-08-20 07:43:14,ETHUSDT,bid,2270,4433.774
2024-08-20 07:43:14,ETHUSDT,ask,2850,3857.227
2024-08-20 07:43:42,ETHUSDT,ask,2890,3469.183
2024-08-20 07:43:47,ETHUSDT,ask,2890,3470.278
2024-08-20 07:44:07,ETHUSDT,ask,2890,3458.574
2024-08-20 07:44:41,ETHUSDT,ask,2890,3456.684
2024-08-20 07:45:07,ETHUSDT,bid,2460,4134.031
2024-08-20 07:52:07,ETHUSDT,bid,1710,5861.385
2024-08-20 07:52:35,ETHUSDT,bid,2460,4133.951
2024-08-20 07:53:58,ETHUSDT,ask,2850,3857.232
2024-08-20 07:58:01,ETHUSDT,ask,2850,3857.245
2024-08-20 07:59:03,ETHUSDT,bid,2420,4142.803
2024-08-20 07:59:11,ETHUSDT,ask,2850,3854.245
2024-08-20 08:04:05,ETHUSDT,bid,2350,4303.453
2024-08-20 08:04:05,ETHUSDT,bid,2360,4232.34
2024-08-20 08:04:45,ETHUSDT,bid,2460,4133.967
2024-08-20 08:08:39,ETHUSDT,bid,2140,4699.869
2024-08-20 08:09:46,ETHUSDT,bid,2140,4699.879
2024-08-20 08:12:27,ETHUSDT,ask,2850,3854.254
2024-08-20 08:13:55,ETHUSDT,bid,2350,4303.784
2024-08-20 08:15:00,ETHUSDT,bid,2350,4303.453
2024-08-20 08:15:46,ETHUSDT,bid,2460,4133.244
2024-08-20 08:27:09,ETHUSDT,bid,1700,6030.028
2024-08-20 08:36:35,ETHUSDT,bid,2270,4436.049
2024-08-20 08:36:35,ETHUSDT,bid,2350,4305.651
2024-08-20 08:38:43,ETHUSDT,bid,2140,4699.899
2024-08-20 08:38:46,ETHUSDT,ask,2850,3854.263
2024-08-20 08:39:05,ETHUSDT,bid,2140,4699.879
2024-08-20 08:47:56,ETHUSDT,ask,3040,3282.897
2024-08-20 08:47:57,ETHUSDT,ask,3040,3282.937
2024-08-20 08:47:57,ETHUSDT,ask,3040,3282.947
2024-08-20 08:47:59,ETHUSDT,ask,3040,3282.837
2024-08-20 08:50:58,ETHUSDT,bid,2140,4699.898
2024-08-20 08:58:54,ETHUSDT,ask,3040,3282.837
2024-08-20 08:58:54,ETHUSDT,ask,3040,3282.907
2024-08-20 08:58:56,ETHUSDT,ask,3040,3282.837
2024-08-20 08:58:57,ETHUSDT,ask,3040,3282.797
2024-08-20 09:02:46,ETHUSDT,ask,2850,3854.015
2024-08-20 09:02:51,ETHUSDT,ask,2850,3854.912
2024-08-20 09:03:12,ETHUSDT,ask,2850,3852.912
2024-08-20 09:03:24,ETHUSDT,ask,2910,3460.571
2024-08-20 09:03:35,ETHUSDT,ask,2910,3460.585
2024-08-20 09:03:44,ETHUSDT,ask,2910,3460.578
2024-08-20 09:03:45,ETHUSDT,ask,2910,3460.571
2024-08-20 09:04:14,ETHUSDT,bid,2350,4305.527
2024-08-20 09:04:16,ETHUSDT,ask,2910,3460.561
2024-08-20 09:05:43,ETHUSDT,ask,2850,3852.92
2024-08-20 09:06:27,ETHUSDT,ask,2850,3853.92
2024-08-20 09:07:45,ETHUSDT,bid,2460,4113.244
2024-08-20 09:08:37,ETHUSDT,ask,2850,3853.94
2024-08-20 09:11:23,ETHUSDT,bid,2350,4305.538
2024-08-20 09:12:59,ETHUSDT,ask,2850,3853.949
2024-08-20 09:16:49,ETHUSDT,ask,2890,3455.732
2024-08-20 09:17:15,ETHUSDT,ask,2850,3853.052
2024-08-20 09:18:33,ETHUSDT,ask,2850,3852.052
2024-08-20 09:23:06,ETHUSDT,bid,2460,4072.778
2024-08-20 09:26:16,ETHUSDT,ask,2900,3443.485
2024-08-20 09:27:02,ETHUSDT,ask,2850,3852.042
2024-08-20 09:27:07,ETHUSDT,ask,2900,3443.475
2024-08-20 09:28:11,ETHUSDT,ask,2900,3443.485
2024-08-20 09:29:02,ETHUSDT,ask,2900,3443.475
2024-08-20 09:30:12,ETHUSDT,ask,2900,3443.485
2024-08-20 09:31:09,ETHUSDT,ask,2900,3443.475
2024-08-20 09:33:06,ETHUSDT,bid,2350,4305.58
2024-08-20 09:33:32,ETHUSDT,bid,2420,4142.303
2024-08-20 09:33:38,ETHUSDT,ask,2910,3460.571
2024-08-20 09:33:39,ETHUSDT,ask,2910,3460.578
2024-08-20 09:33:39,ETHUSDT,ask,2910,3460.585
2024-08-20 09:33:48,ETHUSDT,ask,2910,3460.578
2024-08-20 09:33:48,ETHUSDT,ask,2910,3460.571
2024-08-20 09:34:22,ETHUSDT,ask,2910,3460.561
2024-08-20 09:35:27,ETHUSDT,ask,2850,3852.081
2024-08-20 09:35:43,ETHUSDT,ask,2850,3852.225
2024-08-20 09:38:03,ETHUSDT,bid,2200,4591.45
2024-08-20 09:38:40,ETHUSDT,bid,2200,4591.439
2024-08-20 09:41:56,ETHUSDT,bid,2460,4072.372
2024-08-20 09:49:33,ETHUSDT,ask,2850,3852.081
2024-08-20 09:51:25,ETHUSDT,ask,2850,3842.081
2024-08-20 09:51:48,ETHUSDT,ask,3040,3282.907
2024-08-20 09:51:50,ETHUSDT,ask,3040,3282.797
2024-08-20 09:51:55,ETHUSDT,bid,2420,4142.331
2024-08-20 10:08:39,ETHUSDT,bid,2340,4274.86
2024-08-20 10:14:52,ETHUSDT,ask,2850,3842.042
2024-08-20 10:16:48,ETHUSDT,ask,2890,3455.578
2024-08-20 10:17:48,ETHUSDT,ask,2850,3845.042
2024-08-20 10:18:38,ETHUSDT,bid,1950,5128.956
2024-08-20 10:19:15,ETHUSDT,bid,2340,4274.213
2024-08-20 10:22:01,ETHUSDT,bid,2350,4305.57
2024-08-20 10:25:47,ETHUSDT,ask,3040,3282.807
2024-08-20 10:25:51,ETHUSDT,ask,3040,3282.797
2024-08-20 10:30:44,ETHUSDT,ask,3090,3230.742
2024-08-20 10:34:02,ETHUSDT,bid,2140,4699.879
2024-08-20 10:42:22,ETHUSDT,bid,2270,4436.165
2024-08-20 10:42:22,ETHUSDT,ask,2850,3845.158
2024-08-20 10:42:24,ETHUSDT,bid,2200,4591.458
2024-08-20 10:56:44,ETHUSDT,ask,3090,3230.734
2024-08-20 11:04:40,ETHUSDT,bid,2450,4074.443
2024-08-20 11:05:12,ETHUSDT,ask,2850,3845.333
2024-08-20 11:05:31,ETHUSDT,bid,2140,4699.866
2024-08-20 11:05:31,ETHUSDT,ask,2850,3845.32
2024-08-20 11:07:14,ETHUSDT,bid,2140,4699.876
2024-08-20 11:07:14,ETHUSDT,ask,2850,3845.33
2024-08-20 11:07:26,ETHUSDT,ask,2850,3855.582
2024-08-20 11:09:27,ETHUSDT,ask,2850,3856.027
2024-08-20 11:13:43,ETHUSDT,ask,2850,3855.852
2024-08-20 11:14:29,ETHUSDT,ask,2850,3852.894
2024-08-20 11:18:03,ETHUSDT,bid,2420,4142.249
2024-08-20 11:18:03,ETHUSDT,bid,2460,4072.291
2024-08-20 11:18:47,ETHUSDT,bid,2250,4453.614
2024-08-20 11:19:55,ETHUSDT,bid,2360,4232.214
2024-08-20 11:33:19,ETHUSDT,ask,2910,3460.571
2024-08-20 11:36:07,ETHUSDT,ask,2850,3852.88
2024-08-20 12:01:22,ETHUSDT,bid,2270,4436.049
2024-08-20 12:01:22,ETHUSDT,ask,2850,3852.764
2024-08-20 12:15:45,ETHUSDT,bid,1700,6030.212
2024-08-20 12:16:27,ETHUSDT,ask,2850,3852.719
2024-08-20 12:17:01,ETHUSDT,ask,2890,3457.346
2024-08-20 12:17:46,ETHUSDT,ask,2700,4685.457
2024-08-20 12:17:49,ETHUSDT,bid,2420,4142.279
2024-08-20 12:17:50,ETHUSDT,bid,2420,4142.299
2024-08-20 12:17:50,ETHUSDT,bid,2420,4142.319
2024-08-20 12:17:50,ETHUSDT,bid,2420,4142.338
2024-08-20 12:17:52,ETHUSDT,bid,2420,4142.358
2024-08-20 12:17:52,ETHUSDT,bid,2420,4142.318
2024-08-20 12:17:52,ETHUSDT,bid,2420,4142.308
2024-08-20 12:17:53,ETHUSDT,bid,2420,4142.288
2024-08-20 12:17:53,ETHUSDT,bid,2420,4142.278
2024-08-20 12:17:55,ETHUSDT,bid,2420,4142.268
2024-08-20 12:17:55,ETHUSDT,bid,2420,4142.258
2024-08-20 12:17:59,ETHUSDT,bid,2420,4142.249
2024-08-20 12:18:05,ETHUSDT,ask,2700,4668.131
2024-08-20 12:18:09,ETHUSDT,ask,2700,4681.456
2024-08-20 12:18:17,ETHUSDT,ask,2700,4692.131
2024-08-20 12:18:27,ETHUSDT,ask,2700,4691.032
2024-08-20 12:18:27,ETHUSDT,ask,2850,3852.953
2024-08-20 12:18:36,ETHUSDT,ask,2700,4692.566
2024-08-20 12:18:36,ETHUSDT,ask,2700,4691.775
2024-08-20 12:18:43,ETHUSDT,ask,2700,4693.684
2024-08-20 12:18:46,ETHUSDT,ask,2700,4688.684
2024-08-20 12:18:47,ETHUSDT,ask,2700,4689.242
2024-08-20 12:18:47,ETHUSDT,ask,2700,4685.415
2024-08-20 12:18:50,ETHUSDT,ask,2700,4686.155
2024-08-20 12:18:53,ETHUSDT,ask,2700,4687.163
2024-08-20 12:18:53,ETHUSDT,ask,2700,4687.672
2024-08-20 12:18:54,ETHUSDT,ask,2700,4677.672
2024-08-20 12:18:55,ETHUSDT,ask,2700,4667.672
2024-08-20 12:19:03,ETHUSDT,ask,2700,4667.867
2024-08-20 12:19:07,ETHUSDT,ask,2700,4667.876
2024-08-20 12:19:11,ETHUSDT,ask,2700,4667.795
2024-08-20 12:19:18,ETHUSDT,ask,2700,4676.578
2024-08-20 12:19:19,ETHUSDT,ask,2700,4677.105
2024-08-20 12:19:26,ETHUSDT,ask,2700,4673.611
2024-08-20 12:19:27,ETHUSDT,ask,2700,4674.111
2024-08-20 12:19:27,ETHUSDT,ask,2700,4673.722
2024-08-20 12:19:37,ETHUSDT,ask,2700,4665.963
2024-08-20 12:19:39,ETHUSDT,ask,2700,4679.539
2024-08-20 12:19:39,ETHUSDT,ask,2700,4663.904
2024-08-20 12:19:39,ETHUSDT,ask,2700,4666.012
2024-08-20 12:19:39,ETHUSDT,ask,2700,4667.488
2024-08-20 12:19:39,ETHUSDT,ask,2700,4669.488
2024-08-20 12:19:40,ETHUSDT,ask,2700,4662.261
2024-08-20 12:19:42,ETHUSDT,ask,2700,4662.218
2024-08-20 12:19:44,ETHUSDT,ask,2700,4663.959
2024-08-20 12:19:44,ETHUSDT,ask,2700,4662.483
2024-08-20 12:19:48,ETHUSDT,ask,2700,4643.965
2024-08-20 12:19:50,ETHUSDT,ask,2700,4644.265
2024-08-20 12:19:53,ETHUSDT,ask,2700,4642.907
2024-08-20 12:19:53,ETHUSDT,ask,2700,4640.957
2024-08-20 12:20:03,ETHUSDT,ask,2700,4640.913
2024-08-20 12:20:03,ETHUSDT,ask,2700,4640.563
2024-08-20 12:20:05,ETHUSDT,ask,2850,3853.34
2024-08-20 12:20:08,ETHUSDT,ask,2700,4640.988
2024-08-20 12:20:17,ETHUSDT,ask,2700,4646.451
2024-08-20 12:20:17,ETHUSDT,ask,2700,4654.609
2024-08-20 12:20:18,ETHUSDT,bid,2420,4142.259
2024-08-20 12:20:22,ETHUSDT,ask,2700,4646.369
2024-08-20 12:20:23,ETHUSDT,ask,2700,4645.369
2024-08-20 12:20:23,ETHUSDT,ask,2700,4644.869
2024-08-20 12:20:28,ETHUSDT,ask,2700,4645.154
2024-08-20 12:20:30,ETHUSDT,ask,2700,4641.326
2024-08-20 12:20:30,ETHUSDT,ask,2700,4645.029
2024-08-20 12:20:32,ETHUSDT,ask,2700,4671.396
2024-08-20 12:20:35,ETHUSDT,ask,2700,4671.244
2024-08-20 12:20:35,ETHUSDT,ask,2700,4665.752
2024-08-20 12:20:36,ETHUSDT,ask,2700,4656.615
2024-08-20 12:20:39,ETHUSDT,ask,2700,4659.758
2024-08-20 12:20:42,ETHUSDT,ask,2700,4657.481
2024-08-20 12:20:43,ETHUSDT,ask,2700,4665.769
2024-08-20 12:20:43,ETHUSDT,ask,2700,4659.981
2024-08-20 12:20:44,ETHUSDT,ask,2700,4657.481
2024-08-20 12:20:46,ETHUSDT,bid,2420,4142.249
2024-08-20 12:20:49,ETHUSDT,ask,2700,4657.936
2024-08-20 12:20:52,ETHUSDT,ask,2700,4705.159
2024-08-20 12:20:53,ETHUSDT,ask,2700,4706.097
2024-08-20 12:20:59,ETHUSDT,ask,2700,4706.106
2024-08-20 12:21:08,ETHUSDT,ask,2700,4709.333
2024-08-20 12:21:14,ETHUSDT,ask,2700,4727.69
2024-08-20 12:21:16,ETHUSDT,ask,2700,4726.99
2024-08-20 12:21:18,ETHUSDT,ask,2700,4726.815
2024-08-20 12:21:24,ETHUSDT,ask,2700,4726.375
2024-08-20 12:21:24,ETHUSDT,ask,2700,4726.415
2024-08-20 12:21:25,ETHUSDT,ask,2700,4725.415
2024-08-20 12:21:25,ETHUSDT,ask,2700,4725.375
2024-08-20 12:21:31,ETHUSDT,ask,2700,4726.375
2024-08-20 12:21:35,ETHUSDT,ask,2700,4726.175
2024-08-20 12:21:39,ETHUSDT,ask,2700,4726.492
2024-08-20 12:21:42,ETHUSDT,ask,2700,4726.432
2024-08-20 12:21:43,ETHUSDT,ask,2700,4724.444
2024-08-20 12:21:51,ETHUSDT,ask,2700,4724.632
2024-08-20 12:21:58,ETHUSDT,ask,2700,4717.28
2024-08-20 12:22:00,ETHUSDT,ask,2700,4717.78
2024-08-20 12:22:05,ETHUSDT,ask,2700,4727.861
2024-08-20 12:22:11,ETHUSDT,ask,2700,4728.408
2024-08-20 12:22:18,ETHUSDT,ask,2700,4728.436
2024-08-20 12:22:24,ETHUSDT,ask,2700,4723.331
2024-08-20 12:22:24,ETHUSDT,ask,2700,4732.59
2024-08-20 12:22:30,ETHUSDT,ask,2700,4732.495
2024-08-20 12:22:30,ETHUSDT,ask,2700,4732.532
2024-08-20 12:22:31,ETHUSDT,ask,2700,4717.718
2024-08-20 12:22:33,ETHUSDT,ask,2700,4719.518
2024-08-20 12:22:33,ETHUSDT,ask,2700,4716.76
2024-08-20 12:22:42,ETHUSDT,ask,2700,4717.76
2024-08-20 12:22:47,ETHUSDT,ask,2700,4720.318
2024-08-20 12:22:50,ETHUSDT,ask,2700,4820.318
2024-08-20 12:22:51,ETHUSDT,ask,2700,4805.325
2024-08-20 12:22:51,ETHUSDT,ask,2700,4876.325
2024-08-20 12:22:52,ETHUSDT,ask,2700,4877.998
2024-08-20 12:22:53,ETHUSDT,ask,2700,4878.048
2024-08-20 12:22:57,ETHUSDT,ask,2700,4878.063
2024-08-20 12:22:58,ETHUSDT,ask,2700,4879.067
2024-08-20 12:23:00,ETHUSDT,ask,2700,4879.903
2024-08-20 12:23:02,ETHUSDT,ask,2700,4881.417
2024-08-20 12:23:03,ETHUSDT,ask,2700,4879.903
2024-08-20 12:23:04,ETHUSDT,ask,2700,4865.914
2024-08-20 12:23:05,ETHUSDT,ask,2700,4865.886
2024-08-20 12:23:06,ETHUSDT,ask,2700,4866.886
2024-08-20 12:23:07,ETHUSDT,ask,2700,4866.849
2024-08-20 12:23:08,ETHUSDT,ask,2700,4866.877
2024-08-20 12:23:12,ETHUSDT,ask,2700,4870.829
2024-08-20 12:23:13,ETHUSDT,ask,2700,4874.829
2024-08-20 12:23:14,ETHUSDT,ask,2700,4874.811
2024-08-20 12:23:15,ETHUSDT,ask,2700,4874.851
2024-08-20 12:23:15,ETHUSDT,ask,2700,4874.811
2024-08-20 12:23:16,ETHUSDT,ask,2700,4874.561
2024-08-20 12:23:16,ETHUSDT,ask,2700,4874.931
2024-08-20 12:23:17,ETHUSDT,ask,2700,4875.931
2024-08-20 12:23:20,ETHUSDT,ask,2700,4875.941
2024-08-20 12:23:20,ETHUSDT,ask,2700,4876.941
2024-08-20 12:23:22,ETHUSDT,ask,2700,4876.962
2024-08-20 12:23:23,ETHUSDT,ask,2700,4877.262
2024-08-20 12:23:25,ETHUSDT,ask,2700,4877.173
2024-08-20 12:23:26,ETHUSDT,ask,2700,4877.358
2024-08-20 12:23:30,ETHUSDT,ask,2700,4869.2
2024-08-20 12:23:31,ETHUSDT,ask,2700,4869.532
2024-08-20 12:23:33,ETHUSDT,ask,2700,4869.581
2024-08-20 12:23:41,ETHUSDT,ask,2700,4869.618
2024-08-20 12:23:42,ETHUSDT,ask,2700,4875.57
2024-08-20 12:23:42,ETHUSDT,ask,2700,4885.57
2024-08-20 12:23:44,ETHUSDT,ask,2700,4885.229
2024-08-20 12:23:47,ETHUSDT,ask,2700,4885.969
2024-08-20 12:23:48,ETHUSDT,ask,2700,4885.984
2024-08-20 12:23:54,ETHUSDT,ask,2700,4886.725
2024-08-20 12:23:59,ETHUSDT,ask,2700,4886.355
2024-08-20 12:23:59,ETHUSDT,ask,2700,4886.306
2024-08-20 12:24:07,ETHUSDT,ask,2700,4880.212
2024-08-20 12:24:09,ETHUSDT,ask,2850,3853.326
2024-08-20 12:24:12,ETHUSDT,ask,2700,4809.212
2024-08-20 12:24:15,ETHUSDT,ask,2700,4809.222
2024-08-20 12:24:28,ETHUSDT,ask,2700,4809.548
2024-08-20 12:24:30,ETHUSDT,ask,2700,4814.477
2024-08-20 12:24:38,ETHUSDT,ask,2700,4816.15
2024-08-20 12:24:39,ETHUSDT,ask,2700,4815.693
2024-08-20 12:24:41,ETHUSDT,ask,2700,4812.702
2024-08-20 12:24:46,ETHUSDT,ask,2700,4788.996
2024-08-20 12:24:47,ETHUSDT,bid,2420,4142.259
2024-08-20 12:24:50,ETHUSDT,ask,2700,4788.289
2024-08-20 12:25:00,ETHUSDT,bid,2420,4142.249
2024-08-20 12:25:04,ETHUSDT,ask,2700,4788.267
2024-08-20 12:25:10,ETHUSDT,ask,2700,4788.327
2024-08-20 12:25:17,ETHUSDT,ask,2700,4786.327
2024-08-20 12:25:20,ETHUSDT,ask,2700,4786.357
2024-08-20 12:25:24,ETHUSDT,ask,2700,4782.357
2024-08-20 12:25:29,ETHUSDT,ask,2700,4782.089
2024-08-20 12:25:30,ETHUSDT,ask,2700,4782.135
2024-08-20 12:25:30,ETHUSDT,ask,2850,3853.372
2024-08-20 12:25:30,ETHUSDT,ask,2700,4782.085
2024-08-20 12:25:31,ETHUSDT,ask,2700,4782.94
2024-08-20 12:25:41,ETHUSDT,ask,2700,4783.078
2024-08-20 12:25:52,ETHUSDT,ask,2700,4783.359
2024-08-20 12:25:59,ETHUSDT,ask,2700,4783.396
2024-08-20 12:26:00,ETHUSDT,ask,2700,4782.56
2024-08-20 12:26:17,ETHUSDT,ask,2700,4785.653
2024-08-20 12:26:25,ETHUSDT,ask,2700,4784.913
2024-08-20 12:26:33,ETHUSDT,ask,2700,4784.913
2024-08-20 12:26:33,ETHUSDT,ask,2700,4784.913
2024-08-20 12:26:38,ETHUSDT,ask,2700,4790.525
2024-08-20 12:26:39,ETHUSDT,ask,2700,4790.638
2024-08-20 12:26:41,ETHUSDT,ask,2700,4790.787
2024-08-20 12:26:42,ETHUSDT,ask,2700,4790.972
2024-08-20 12:26:45,ETHUSDT,ask,2700,4791.897
2024-08-20 12:26:57,ETHUSDT,ask,2700,4792.008
2024-08-20 12:27:00,ETHUSDT,ask,2700,4790.93
2024-08-20 12:27:04,ETHUSDT,ask,2700,4764.563
2024-08-20 12:27:07,ETHUSDT,ask,2700,4763.935
2024-08-20 12:27:07,ETHUSDT,bid,2140,4699.888
2024-08-20 12:27:07,ETHUSDT,ask,2700,4763.947
2024-08-20 12:27:28,ETHUSDT,ask,2700,4763.926
2024-08-20 12:27:46,ETHUSDT,ask,2700,4763.426
2024-08-20 12:27:49,ETHUSDT,ask,2700,4762.686
2024-08-20 12:27:49,ETHUSDT,ask,2700,4770.091
2024-08-20 12:27:51,ETHUSDT,ask,2700,4770.285
2024-08-20 12:27:52,ETHUSDT,ask,2700,4770.399
2024-08-20 12:27:55,ETHUSDT,ask,2700,4766.622
2024-08-20 12:27:56,ETHUSDT,ask,2700,4766.341
2024-08-20 12:27:57,ETHUSDT,ask,2700,4758.936
2024-08-20 12:27:59,ETHUSDT,ask,2700,4759.316
2024-08-20 12:28:04,ETHUSDT,ask,2700,4760.629
2024-08-20 12:28:06,ETHUSDT,ask,2700,4762.555
2024-08-20 12:28:21,ETHUSDT,ask,2700,4768.188
2024-08-20 12:28:32,ETHUSDT,ask,2700,4766.406
2024-08-20 12:28:33,ETHUSDT,ask,2700,4766.369
2024-08-20 12:28:35,ETHUSDT,ask,2700,4768.369
2024-08-20 12:28:38,ETHUSDT,ask,2700,4768.387
2024-08-20 12:28:40,ETHUSDT,ask,2700,4766.387
2024-08-20 12:28:42,ETHUSDT,ask,2700,4768.387
2024-08-20 12:28:44,ETHUSDT,ask,2700,4768.387
2024-08-20 12:28:45,ETHUSDT,ask,2700,4766.387
2024-08-20 12:28:46,ETHUSDT,ask,2850,3853.772
2024-08-20 12:28:47,ETHUSDT,ask,2700,4768.387
2024-08-20 12:28:47,ETHUSDT,ask,2700,4766.387
2024-08-20 12:28:47,ETHUSDT,ask,2700,4765.878
2024-08-20 12:28:54,ETHUSDT,ask,2700,4766.534
2024-08-20 12:29:02,ETHUSDT,ask,2700,4765.794
2024-08-20 12:29:06,ETHUSDT,ask,2700,4765.525
2024-08-20 12:31:02,ETHUSDT,ask,2700,3817.297
2024-08-20 12:31:02,ETHUSDT,ask,2850,3854.683
2024-08-20 12:31:24,ETHUSDT,ask,2700,3831.935
2024-08-20 12:31:25,ETHUSDT,ask,2700,3833.322
2024-08-20 12:31:28,ETHUSDT,ask,2700,3823.322
2024-08-20 12:31:38,ETHUSDT,ask,2700,3823.278
2024-08-20 12:31:52,ETHUSDT,ask,2700,3823.345
2024-08-20 12:31:55,ETHUSDT,ask,2700,3823.231
2024-08-20 12:32:05,ETHUSDT,ask,2700,3822.205
2024-08-20 12:32:05,ETHUSDT,ask,2700,3822.685
2024-08-20 12:32:06,ETHUSDT,ask,2700,3822.753
2024-08-20 12:32:11,ETHUSDT,ask,2700,3825.715
2024-08-20 12:32:15,ETHUSDT,ask,2700,3825.827
2024-08-20 12:32:18,ETHUSDT,ask,2700,3823.557
2024-08-20 12:32:20,ETHUSDT,ask,2700,3825.375
2024-08-20 12:32:23,ETHUSDT,ask,2700,3825.393
2024-08-20 12:32:25,ETHUSDT,ask,2700,3827.715
2024-08-20 12:32:28,ETHUSDT,ask,2700,3823.716
2024-08-20 12:32:32,ETHUSDT,ask,2700,3824.042
2024-08-20 12:32:59,ETHUSDT,ask,2700,3822.969
2024-08-20 12:33:03,ETHUSDT,ask,2700,3822.931
2024-08-20 12:33:07,ETHUSDT,ask,2700,3821.065
2024-08-20 12:33:24,ETHUSDT,ask,2700,3823.641
2024-08-20 12:33:41,ETHUSDT,ask,2700,3823.465
2024-08-20 12:33:43,ETHUSDT,ask,2700,3774.05
2024-08-20 12:33:59,ETHUSDT,ask,2700,3773.57
2024-08-20 12:34:00,ETHUSDT,ask,2700,3773.59
2024-08-20 12:34:20,ETHUSDT,ask,2700,3774.107
2024-08-20 12:34:31,ETHUSDT,ask,2700,3774.041
2024-08-20 12:34:36,ETHUSDT,ask,2700,3775.273
2024-08-20 12:34:46,ETHUSDT,ask,2700,3774.041
2024-08-20 12:34:50,ETHUSDT,ask,2700,3775.793
2024-08-20 12:34:52,ETHUSDT,ask,2700,3775.782
2024-08-20 12:35:10,ETHUSDT,ask,2700,3775.882
2024-08-20 12:35:23,ETHUSDT,ask,2700,3775.142
2024-08-20 12:35:33,ETHUSDT,ask,2700,3774.217
2024-08-20 12:35:33,ETHUSDT,ask,2700,3775.278
2024-08-20 12:35:33,ETHUSDT,ask,2700,3775.534
2024-08-20 12:35:39,ETHUSDT,ask,2700,3775.034
2024-08-20 12:35:42,ETHUSDT,ask,2700,3775.193
2024-08-20 12:35:44,ETHUSDT,ask,2700,3775.225
2024-08-20 12:35:45,ETHUSDT,ask,2700,3774.793
2024-08-20 12:35:47,ETHUSDT,ask,2700,3774.693
2024-08-20 12:36:11,ETHUSDT,ask,2700,3775.197
2024-08-20 12:36:24,ETHUSDT,ask,2700,3776.697
2024-08-20 12:36:29,ETHUSDT,ask,2700,3778.397
2024-08-20 12:36:45,ETHUSDT,ask,2700,3777.397
2024-08-20 12:36:49,ETHUSDT,ask,2850,3853.803
2024-08-20 12:36:50,ETHUSDT,ask,2700,3777.68
2024-08-20 12:36:56,ETHUSDT,ask,2700,3776.609
2024-08-20 12:37:16,ETHUSDT,ask,2850,3853.56
2024-08-20 12:37:22,ETHUSDT,ask,2700,3776.888
2024-08-20 12:37:23,ETHUSDT,ask,2700,3772.25
2024-08-20 12:37:41,ETHUSDT,ask,2700,3770.542
2024-08-20 12:37:55,ETHUSDT,ask,2700,3768.691
2024-08-20 12:37:57,ETHUSDT,ask,2700,3767.766
2024-08-20 12:38:01,ETHUSDT,ask,2700,3765.948
2024-08-20 12:38:10,ETHUSDT,ask,2700,3764.196
2024-08-20 12:38:10,ETHUSDT,ask,2700,3766.196
2024-08-20 12:38:11,ETHUSDT,ask,2700,3764.196
2024-08-20 12:38:12,ETHUSDT,ask,2700,3766.196
2024-08-20 12:38:15,ETHUSDT,ask,2700,3764.196
2024-08-20 12:38:16,ETHUSDT,ask,2700,3766.196
2024-08-20 12:38:17,ETHUSDT,ask,2700,3764.196
2024-08-20 12:38:17,ETHUSDT,ask,2700,3766.196
2024-08-20 12:38:18,ETHUSDT,ask,2700,3764.196
2024-08-20 12:39:09,ETHUSDT,ask,2700,3766.167
2024-08-20 12:39:13,ETHUSDT,ask,2700,3762.653
2024-08-20 12:39:14,ETHUSDT,ask,2700,3759.139
2024-08-20 12:39:27,ETHUSDT,ask,2700,3759.219
2024-08-20 12:39:49,ETHUSDT,ask,2700,3757.145
2024-08-20 12:40:12,ETHUSDT,ask,2700,3757.033
2024-08-20 12:40:32,ETHUSDT,ask,2700,3760.083
2024-08-20 12:40:43,ETHUSDT,ask,2700,3840.083
2024-08-20 12:40:49,ETHUSDT,ask,2700,3839.579
2024-08-20 12:41:10,ETHUSDT,ask,2700,3839.95
2024-08-20 12:41:16,ETHUSDT,ask,2700,3839.959
2024-08-20 12:41:21,ETHUSDT,ask,2700,3840.014
2024-08-20 12:41:22,ETHUSDT,ask,2700,3838.953
2024-08-20 12:41:34,ETHUSDT,ask,2700,3839.323
2024-08-20 12:42:55,ETHUSDT,ask,2700,3835.744
2024-08-20 12:42:58,ETHUSDT,ask,2700,3835.244
2024-08-20 12:43:00,ETHUSDT,ask,2700,3835.261
2024-08-20 12:43:14,ETHUSDT,ask,2700,3835.733
2024-08-20 12:43:21,ETHUSDT,ask,2700,3835.792
2024-08-20 12:43:21,ETHUSDT,ask,2700,3836.604
2024-08-20 12:43:32,ETHUSDT,ask,2700,3826.604
2024-08-20 12:43:34,ETHUSDT,ask,2700,3945.477
2024-08-20 12:43:55,ETHUSDT,ask,2700,3944.477
2024-08-20 12:43:58,ETHUSDT,ask,2700,3943.477
2024-08-20 12:44:47,ETHUSDT,ask,2700,3943.23
2024-08-20 12:45:01,ETHUSDT,ask,2700,3943.239
2024-08-20 12:45:53,ETHUSDT,ask,2700,3941.872
2024-08-20 12:46:06,ETHUSDT,ask,2700,3941.589
2024-08-20 12:46:17,ETHUSDT,ask,2700,3861.589
2024-08-20 12:46:22,ETHUSDT,ask,2700,3872.7
2024-08-20 12:46:36,ETHUSDT,ask,2700,3872.885
2024-08-20 12:46:39,ETHUSDT,ask,2700,3874.885
2024-08-20 12:46:50,ETHUSDT,ask,2700,3874.785
2024-08-20 12:46:52,ETHUSDT,ask,2700,3874.3
2024-08-20 12:47:02,ETHUSDT,ask,2700,3874.263
2024-08-20 12:47:19,ETHUSDT,ask,2700,3874.149
2024-08-20 12:47:30,ETHUSDT,ask,2700,3877.977
2024-08-20 12:47:37,ETHUSDT,ask,2700,3878.008
2024-08-20 12:47:47,ETHUSDT,ask,2700,3878.378
2024-08-20 12:48:20,ETHUSDT,bid,2670,3751.56
2024-08-20 12:48:21,ETHUSDT,ask,2700,3878.278
2024-08-20 12:48:33,ETHUSDT,ask,2700,3878.335
2024-08-20 12:48:35,ETHUSDT,ask,2700,3878.852
2024-08-20 12:49:12,ETHUSDT,ask,2700,3877.852
2024-08-20 12:49:33,ETHUSDT,ask,2700,3877.352
2024-08-20 12:51:53,ETHUSDT,ask,2700,3877.402
2024-08-20 12:51:58,ETHUSDT,ask,2700,3877.439
2024-08-20 12:52:18,ETHUSDT,ask,2700,3874.106
2024-08-20 12:52:25,ETHUSDT,ask,2700,3873.585
2024-08-20 12:52:38,ETHUSDT,ask,2700,3873.301
2024-08-20 12:53:11,ETHUSDT,ask,2700,3873.271
2024-08-20 12:53:35,ETHUSDT,ask,2700,3876.974
2024-08-20 12:53:44,ETHUSDT,ask,2700,3876.984
2024-08-20 12:54:03,ETHUSDT,ask,2700,3877.539
2024-08-20 12:54:19,ETHUSDT,ask,2700,3882.538
2024-08-20 12:54:35,ETHUSDT,ask,2700,3879.642
2024-08-20 12:54:38,ETHUSDT,ask,2700,3879.611
2024-08-20 12:54:54,ETHUSDT,ask,2700,3878.5
2024-08-20 12:55:03,ETHUSDT,ask,2700,3877.53
2024-08-20 12:55:39,ETHUSDT,ask,2700,3876.234
2024-08-20 12:55:44,ETHUSDT,ask,2700,3875.45
2024-08-20 12:55:54,ETHUSDT,ask,2700,3877.45
2024-08-20 12:56:40,ETHUSDT,ask,2700,3892.45
2024-08-20 12:56:57,ETHUSDT,ask,2700,3892.923
2024-08-20 12:57:02,ETHUSDT,ask,2700,3891.654
2024-08-20 12:57:38,ETHUSDT,bid,2140,4699.876
2024-08-20 12:57:38,ETHUSDT,ask,2700,3891.642
2024-08-20 12:58:40,ETHUSDT,ask,2850,3854.56
2024-08-20 12:59:19,ETHUSDT,bid,2350,4305.467
2024-08-20 13:01:43,ETHUSDT,bid,2200,4591.436
2024-08-20 13:01:43,ETHUSDT,bid,2230,4494.423
2024-08-20 13:01:43,ETHUSDT,bid,2250,4453.592
2024-08-20 13:01:43,ETHUSDT,bid,2340,4274.201
2024-08-20 13:03:39,ETHUSDT,bid,2670,4534.317
2024-08-20 13:03:42,ETHUSDT,bid,2670,4533.129
2024-08-20 13:03:42,ETHUSDT,bid,2670,4531.941
2024-08-20 13:04:31,ETHUSDT,ask,2850,3854.568
2024-08-20 13:11:45,ETHUSDT,bid,1960,5145.308
2024-08-20 13:18:04,ETHUSDT,ask,2850,3854.368
2024-08-20 13:18:08,ETHUSDT,ask,2850,3854.36
2024-08-20 13:21:18,ETHUSDT,ask,2850,3855.064
2024-08-20 13:21:22,ETHUSDT,ask,2850,3855.073
2024-08-20 13:22:11,ETHUSDT,ask,2850,3855.012
2024-08-20 13:25:44,ETHUSDT,ask,2850,3855.095
2024-08-20 13:26:35,ETHUSDT,ask,2850,3855.012
2024-08-20 13:28:28,ETHUSDT,ask,2850,3855.086
2024-08-20 13:30:21,ETHUSDT,ask,2850,3855.128
2024-08-20 13:31:37,ETHUSDT,bid,2140,4699.64
2024-08-20 13:31:49,ETHUSDT,bid,2670,4220.084
2024-08-20 13:31:49,ETHUSDT,bid,2670,4220.094
2024-08-20 13:35:54,ETHUSDT,ask,2850,3855.086
2024-08-20 13:39:54,ETHUSDT,bid,2350,4305.425
2024-08-20 13:43:31,ETHUSDT,bid,2670,8229.798
2024-08-20 13:43:49,ETHUSDT,ask,2850,3859.296
2024-08-20 13:43:57,ETHUSDT,ask,2850,3855.086
2024-08-20 13:43:58,ETHUSDT,bid,2670,5516.688
2024-08-20 13:43:58,ETHUSDT,bid,2670,5516.671
2024-08-20 13:43:58,ETHUSDT,bid,2670,5516.58
2024-08-20 13:43:58,ETHUSDT,bid,2670,5516.572
2024-08-20 13:43:59,ETHUSDT,bid,2670,5516.368
2024-08-20 13:43:59,ETHUSDT,bid,2670,5521.623
2024-08-20 13:44:00,ETHUSDT,bid,2670,5516.368
2024-08-20 13:44:00,ETHUSDT,bid,2670,5516.368
2024-08-20 13:44:01,ETHUSDT,bid,2670,5516.385
2024-08-20 13:44:01,ETHUSDT,bid,2670,5517.043
2024-08-20 13:44:01,ETHUSDT,bid,2670,5517.052
2024-08-20 13:44:02,ETHUSDT,bid,2670,5517.06
2024-08-20 13:44:04,ETHUSDT,bid,2670,5517.052
2024-08-20 13:44:04,ETHUSDT,bid,2670,5517.06
2024-08-20 13:44:04,ETHUSDT,ask,2850,3859.296
2024-08-20 13:44:05,ETHUSDT,bid,2670,5517.026
2024-08-20 13:44:06,ETHUSDT,bid,2670,5517.018
2024-08-20 13:44:06,ETHUSDT,bid,2670,5520.308
2024-08-20 13:44:06,ETHUSDT,bid,2670,5521.71
2024-08-20 13:44:07,ETHUSDT,bid,2670,5521.697
2024-08-20 13:44:07,ETHUSDT,bid,2670,5521.408
2024-08-20 13:44:08,ETHUSDT,bid,2670,5521.375
2024-08-20 13:44:08,ETHUSDT,bid,2670,5517.839
2024-08-20 13:44:10,ETHUSDT,bid,2670,5514.692
2024-08-20 13:44:10,ETHUSDT,bid,2670,5514.692
2024-08-20 13:44:11,ETHUSDT,bid,2420,4142.249
2024-08-20 13:44:12,ETHUSDT,bid,2420,4142.249
2024-08-20 13:44:58,ETHUSDT,bid,2670,6606.271
2024-08-20 13:44:59,ETHUSDT,bid,2670,6608.985
2024-08-20 13:44:59,ETHUSDT,bid,2670,6608.73
2024-08-20 13:44:59,ETHUSDT,bid,2670,6605.73
2024-08-20 13:44:59,ETHUSDT,bid,2670,6604.803
2024-08-20 13:46:37,ETHUSDT,bid,2670,7943.834
2024-08-20 13:46:37,ETHUSDT,bid,2670,7943.568
2024-08-20 13:46:37,ETHUSDT,bid,2670,7943.212
2024-08-20 13:46:37,ETHUSDT,bid,2670,7943.203
2024-08-20 13:46:38,ETHUSDT,bid,2670,7942.677
2024-08-20 13:46:39,ETHUSDT,bid,2670,7926.225
2024-08-20 13:46:45,ETHUSDT,bid,2670,7930.023
2024-08-20 13:46:47,ETHUSDT,bid,2670,7929.989
2024-08-20 13:46:47,ETHUSDT,bid,2670,7929.969
2024-08-20 13:46:49,ETHUSDT,bid,2670,7925.969
2024-08-20 13:47:29,ETHUSDT,bid,2140,4699.733
2024-08-20 13:47:29,ETHUSDT,bid,2140,4699.64
2024-08-20 13:47:29,ETHUSDT,bid,2140,4699.733
2024-08-20 13:47:29,ETHUSDT,bid,2140,4699.64
2024-08-20 13:47:30,ETHUSDT,bid,2140,4699.733
2024-08-20 13:47:30,ETHUSDT,bid,2140,4699.64
2024-08-20 13:50:49,ETHUSDT,ask,2850,3858.592
2024-08-20 14:03:34,ETHUSDT,ask,2850,3858.583
2024-08-20 14:11:40,ETHUSDT,bid,2140,4699.733
2024-08-20 14:11:40,ETHUSDT,bid,2140,4699.64
2024-08-20 14:11:41,ETHUSDT,bid,2140,4699.733
2024-08-20 14:11:41,ETHUSDT,bid,2140,4699.64
2024-08-20 14:12:12,ETHUSDT,bid,1700,6030.161
2024-08-20 14:13:35,ETHUSDT,ask,2850,3858.461
2024-08-20 14:15:59,ETHUSDT,ask,2850,3854.177
2024-08-20 14:16:25,ETHUSDT,ask,2850,3853.726
2024-08-20 14:17:10,ETHUSDT,ask,2850,3854.058
2024-08-20 14:18:26,ETHUSDT,ask,2680,4706.857
2024-08-20 14:18:31,ETHUSDT,ask,2680,4706.757
2024-08-20 14:20:00,ETHUSDT,ask,2850,3853.992
2024-08-20 14:20:17,ETHUSDT,bid,1710,5862.481
2024-08-20 14:20:59,ETHUSDT,ask,2850,3852.992
2024-08-20 14:22:17,ETHUSDT,bid,1700,6030.105
2024-08-20 14:22:17,ETHUSDT,bid,2270,4435.993
2024-08-20 14:22:17,ETHUSDT,ask,2850,3852.936
2024-08-20 14:31:59,ETHUSDT,ask,2850,3852.976
2024-08-20 14:32:13,ETHUSDT,ask,2850,3852.997
2024-08-20 14:36:03,ETHUSDT,bid,2420,4142.316
2024-08-20 14:36:13,ETHUSDT,ask,2850,3852.765
2024-08-20 14:39:20,ETHUSDT,ask,2910,3460.557
2024-08-20 14:44:37,ETHUSDT,ask,2850,3851.509
2024-08-20 14:46:30,ETHUSDT,bid,1700,6030.093
2024-08-20 14:52:21,ETHUSDT,ask,2850,3851.283
2024-08-20 14:54:27,ETHUSDT,ask,2850,3856.55
2024-08-20 14:59:47,ETHUSDT,bid,2270,4435.981
2024-08-20 15:08:25,ETHUSDT,ask,2850,3855.926
2024-08-20 15:14:01,ETHUSDT,ask,2850,3855.886
2024-08-20 15:19:58,ETHUSDT,ask,2850,3855.808
2024-08-20 15:24:17,ETHUSDT,ask,2850,3855.799
2024-08-20 15:37:59,ETHUSDT,bid,1960,5145.414
2024-08-20 15:37:59,ETHUSDT,bid,2140,4699.746
2024-08-20 15:43:46,ETHUSDT,ask,2850,3856.799
2024-08-20 15:45:04,ETHUSDT,bid,2420,4141.903
2024-08-20 15:45:19,ETHUSDT,bid,1960,5145.308
2024-08-20 15:45:19,ETHUSDT,bid,2140,4699.64
2024-08-20 15:55:04,ETHUSDT,ask,2850,3856.786
2024-08-20 16:04:40,ETHUSDT,ask,2850,3862.043
2024-08-20 16:04:46,ETHUSDT,ask,2850,3862.603
2024-08-20 16:12:03,ETHUSDT,bid,2270,4435.331
2024-08-20 16:20:18,ETHUSDT,bid,2140,4699.625
2024-08-20 16:20:18,ETHUSDT,bid,2290,4364.799
2024-08-20 16:26:13,ETHUSDT,ask,2850,3862.465
2024-08-20 16:26:21,ETHUSDT,ask,2850,3881.244
2024-08-20 16:34:05,ETHUSDT,bid,2200,4591.801
2024-08-20 16:39:33,ETHUSDT,bid,1700,6030.681
2024-08-20 16:43:07,ETHUSDT,bid,1700,6030.093
2024-08-20 16:46:29,ETHUSDT,bid,1960,5145.467
2024-08-20 16:46:29,ETHUSDT,bid,2140,4699.784
2024-08-20 16:47:40,ETHUSDT,ask,2850,3881.639
2024-08-20 16:49:44,ETHUSDT,ask,2850,3883.739
2024-08-20 16:56:31,ETHUSDT,bid,2350,4307.425
2024-08-20 16:59:35,ETHUSDT,bid,1940,5162.033
2024-08-20 17:12:06,ETHUSDT,ask,2850,3883.594
2024-08-20 17:15:36,ETHUSDT,bid,1700,6030.149
2024-08-20 17:20:03,ETHUSDT,ask,2850,3883.704
2024-08-20 17:36:39,ETHUSDT,bid,1960,5145.442
2024-08-20 17:38:07,ETHUSDT,ask,2850,3883.69
2024-08-20 17:43:34,ETHUSDT,bid,1700,6030.094
2024-08-20 17:43:34,ETHUSDT,bid,1960,5145.387
2024-08-20 17:45:25,ETHUSDT,ask,2850,3884.567
2024-08-20 17:47:41,ETHUSDT,ask,2850,3884.575
2024-08-20 17:53:03,ETHUSDT,bid,2140,4697.884
2024-08-20 17:53:03,ETHUSDT,ask,2850,3882.675
2024-08-20 17:53:12,ETHUSDT,ask,2850,3881.947
2024-08-20 17:53:38,ETHUSDT,ask,2850,3881.719
2024-08-20 18:02:42,ETHUSDT,bid,2460,4072.262
2024-08-20 18:13:16,ETHUSDT,ask,2850,3881.624
2024-08-20 18:14:14,ETHUSDT,ask,2850,3881.717
2024-08-20 18:24:44,ETHUSDT,ask,2910,3460.557
2024-08-20 18:25:03,ETHUSDT,bid,1700,6030.037
2024-08-20 18:25:03,ETHUSDT,bid,2270,4435.288
2024-08-20 18:27:40,ETHUSDT,ask,2850,3888.356
2024-08-20 18:34:38,ETHUSDT,ask,2850,3888.322
2024-08-20 18:35:31,ETHUSDT,ask,2850,3888.336
2024-08-20 18:39:40,ETHUSDT,bid,2460,4066.574
2024-08-20 18:45:31,ETHUSDT,ask,2850,3887.392
2024-08-20 18:47:19,ETHUSDT,bid,2350,4307.41
2024-08-20 18:48:30,ETHUSDT,ask,2850,3886.724
2024-08-20 18:49:36,ETHUSDT,ask,2850,3887.392
2024-08-20 19:01:17,ETHUSDT,ask,2910,3460.547
2024-08-20 19:11:08,ETHUSDT,ask,2850,3882.103
2024-08-20 19:15:18,ETHUSDT,ask,2850,3880.003
2024-08-20 19:16:05,ETHUSDT,ask,3040,3282.817
2024-08-20 19:16:07,ETHUSDT,ask,3040,3282.807
2024-08-20 19:16:08,ETHUSDT,ask,3040,3282.797
2024-08-20 19:22:49,ETHUSDT,bid,2140,4698.355
2024-08-20 19:26:04,ETHUSDT,bid,1680,5969.42
2024-08-20 19:28:31,ETHUSDT,ask,2850,3880.007
2024-08-20 19:31:04,ETHUSDT,bid,2340,4274.265
2024-08-20 19:31:31,ETHUSDT,bid,2140,4698.448
2024-08-20 19:38:57,ETHUSDT,ask,2910,3460.557
2024-08-20 19:38:57,ETHUSDT,ask,2910,3460.567
2024-08-20 19:40:06,ETHUSDT,ask,2910,3460.557
2024-08-20 19:53:22,ETHUSDT,ask,2900,3443.485
2024-08-20 19:54:01,ETHUSDT,ask,2900,3443.475
2024-08-20 20:00:27,ETHUSDT,bid,1700,6033.566
2024-08-20 20:00:37,ETHUSDT,bid,1700,6030.037
2024-08-20 20:00:43,ETHUSDT,bid,1700,6033.566
2024-08-20 20:07:09,ETHUSDT,bid,2250,4457.377
2024-08-20 20:09:09,ETHUSDT,bid,2350,4305.684
2024-08-20 20:15:36,ETHUSDT,bid,2250,4453.592
2024-08-20 20:15:44,ETHUSDT,ask,2850,3879.007
2024-08-20 20:26:51,ETHUSDT,bid,2140,4698.467
2024-08-20 20:26:51,ETHUSDT,bid,2290,4364.817
2024-08-20 20:36:31,ETHUSDT,bid,2420,4141.927
2024-08-20 20:41:05,ETHUSDT,bid,1960,5145.228
2024-08-20 20:41:05,ETHUSDT,bid,2140,4698.308
2024-08-20 20:42:38,ETHUSDT,bid,2420,4141.903
2024-08-20 20:42:56,ETHUSDT,ask,2900,3443.475
2024-08-20 20:45:22,ETHUSDT,ask,2850,3878.993
2024-08-20 20:51:09,ETHUSDT,ask,2850,3878.628
2024-08-20 20:53:08,ETHUSDT,ask,2850,3878.649
2024-08-20 20:57:43,ETHUSDT,ask,2850,3879.033
2024-08-20 20:58:37,ETHUSDT,ask,2850,3878.365
2024-08-20 20:59:01,ETHUSDT,ask,2910,3460.554
2024-08-20 20:59:01,ETHUSDT,ask,2910,3460.561
2024-08-20 20:59:02,ETHUSDT,ask,2910,3460.571
2024-08-20 20:59:03,ETHUSDT,ask,2850,3877.488
2024-08-20 20:59:03,ETHUSDT,ask,2910,3460.578
2024-08-20 20:59:03,ETHUSDT,ask,2910,3460.585
2024-08-20 20:59:03,ETHUSDT,ask,2910,3460.592
2024-08-20 20:59:04,ETHUSDT,ask,2910,3460.602
2024-08-20 20:59:04,ETHUSDT,ask,2910,3460.609
2024-08-20 20:59:10,ETHUSDT,ask,2910,3460.595
2024-08-20 20:59:12,ETHUSDT,ask,2910,3460.588
2024-08-20 20:59:12,ETHUSDT,ask,2910,3460.581
2024-08-20 20:59:12,ETHUSDT,ask,2910,3460.567
2024-08-20 20:59:36,ETHUSDT,ask,2910,3460.557
2024-08-20 20:59:45,ETHUSDT,ask,2910,3460.547
2024-08-20 21:02:12,ETHUSDT,bid,2350,4305.61
2024-08-20 21:09:02,ETHUSDT,bid,1950,5132.543
2024-08-20 21:09:28,ETHUSDT,bid,2250,4443.592
2024-08-20 21:11:48,ETHUSDT,bid,2200,4592.709
2024-08-20 21:13:31,ETHUSDT,bid,2460,4066.531
2024-08-20 21:13:54,ETHUSDT,ask,2850,3876.865
2024-08-20 21:16:49,ETHUSDT,bid,1700,6028.539
2024-08-20 21:22:34,ETHUSDT,bid,2200,4591.801
2024-08-20 21:23:14,ETHUSDT,bid,2360,4232.264
2024-08-20 21:23:18,ETHUSDT,bid,2350,4325.61
2024-08-20 21:27:11,ETHUSDT,ask,2850,3877.533
2024-08-20 21:27:12,ETHUSDT,ask,2850,3877.524
2024-08-20 21:29:09,ETHUSDT,ask,2850,3877.478
2024-08-20 21:33:35,ETHUSDT,bid,2350,4305.61
2024-08-20 21:35:59,ETHUSDT,bid,2340,4274.265
2024-08-20 21:36:02,ETHUSDT,bid,2340,4274.265
2024-08-20 21:36:06,ETHUSDT,bid,2350,4306.61
2024-08-20 21:38:29,ETHUSDT,bid,2340,4274.265
2024-08-20 21:38:29,ETHUSDT,bid,2340,4274.281
2024-08-20 21:38:30,ETHUSDT,bid,2340,4274.313
2024-08-20 21:38:32,ETHUSDT,bid,2340,4274.323
2024-08-20 21:38:32,ETHUSDT,bid,2340,4274.355
2024-08-20 21:38:32,ETHUSDT,bid,2340,4274.371
2024-08-20 21:38:32,ETHUSDT,bid,2340,4274.387
2024-08-20 21:38:32,ETHUSDT,bid,2340,4274.387
2024-08-20 21:38:58,ETHUSDT,bid,2340,4274.377
2024-08-20 21:39:02,ETHUSDT,bid,2340,4274.345
2024-08-20 21:40:55,ETHUSDT,bid,2270,4436.175
2024-08-20 21:41:09,ETHUSDT,bid,2140,4698.298
2024-08-20 21:41:09,ETHUSDT,ask,2850,3877.468
2024-08-20 21:41:32,ETHUSDT,bid,2540,8318.723
2024-08-20 21:42:02,ETHUSDT,ask,2850,3877.083
2024-08-20 21:42:19,ETHUSDT,ask,2850,3877.083
2024-08-20 21:42:21,ETHUSDT,bid,2460,4067.514
2024-08-20 21:45:47,ETHUSDT,ask,2850,3876.905
2024-08-20 21:46:32,ETHUSDT,bid,1950,5118.636
2024-08-20 21:47:13,ETHUSDT,bid,2140,4698.519
2024-08-20 21:48:29,ETHUSDT,bid,2340,4274.329
2024-08-20 21:48:30,ETHUSDT,bid,2340,4274.297
2024-08-20 21:48:32,ETHUSDT,bid,2340,4274.281
2024-08-20 21:48:32,ETHUSDT,bid,2340,4274.265
2024-08-20 21:49:16,ETHUSDT,bid,2140,4698.575
2024-08-20 21:50:51,ETHUSDT,ask,2850,3875.811
2024-08-20 21:50:51,ETHUSDT,ask,2850,3875.821
2024-08-20 21:50:52,ETHUSDT,ask,2850,3875.831
2024-08-20 21:51:04,ETHUSDT,bid,1960,5145.534
2024-08-20 21:51:33,ETHUSDT,ask,2850,3875.811
2024-08-20 21:51:33,ETHUSDT,bid,1950,5128.956
2024-08-20 21:53:14,ETHUSDT,bid,2270,4433.9
2024-08-20 21:53:14,ETHUSDT,bid,2350,4304.412
2024-08-20 21:55:48,ETHUSDT,bid,2270,4433.013
2024-08-20 21:59:56,ETHUSDT,bid,2340,4274.201
2024-08-20 22:02:05,ETHUSDT,ask,2850,3875.785
2024-08-20 22:02:09,ETHUSDT,bid,2140,4698.565
2024-08-20 22:02:35,ETHUSDT,bid,2280,4384.946
2024-08-20 22:03:06,ETHUSDT,bid,2290,4364.808
2024-08-20 22:03:26,ETHUSDT,bid,2140,4698.555
2024-08-20 22:03:59,ETHUSDT,bid,2360,4232.214
2024-08-20 22:03:59,ETHUSDT,bid,2460,4066.531
2024-08-20 22:04:46,ETHUSDT,bid,1700,6029.539
2024-08-20 22:05:19,ETHUSDT,ask,2560,4141.814
2024-08-20 22:05:19,ETHUSDT,ask,2560,4118.243
2024-08-20 22:05:19,ETHUSDT,ask,2560,4106.785
2024-08-20 22:05:19,ETHUSDT,ask,2560,4098.349
2024-08-20 22:05:19,ETHUSDT,ask,2560,4091.869
2024-08-20 22:05:19,ETHUSDT,ask,2560,4111.087
2024-08-20 22:05:19,ETHUSDT,ask,2560,4086.847
2024-08-20 22:05:19,ETHUSDT,ask,2560,4086.764
2024-08-20 22:05:20,ETHUSDT,ask,2560,4112.024
2024-08-20 22:05:20,ETHUSDT,ask,2560,4112.138
2024-08-20 22:05:20,ETHUSDT,ask,2560,4086.878
2024-08-20 22:05:20,ETHUSDT,ask,2560,4112.048
2024-08-20 22:05:20,ETHUSDT,ask,2560,4092.727
2024-08-20 22:05:20,ETHUSDT,ask,2560,4086.878
2024-08-20 22:05:21,ETHUSDT,ask,2560,4111.83
2024-08-20 22:05:21,ETHUSDT,ask,2560,4131.065
2024-08-20 22:05:21,ETHUSDT,ask,2560,4106.093
2024-08-20 22:05:21,ETHUSDT,bid,2460,4066.541
2024-08-20 22:05:23,ETHUSDT,ask,2560,4104.141
2024-08-20 22:05:23,ETHUSDT,ask,2560,4104.955
2024-08-20 22:05:23,ETHUSDT,ask,2560,4105.031
2024-08-20 22:05:23,ETHUSDT,ask,2560,4124.766
2024-08-20 22:05:23,ETHUSDT,ask,2560,4108.95
2024-08-20 22:05:23,ETHUSDT,ask,2560,4108.174
2024-08-20 22:05:23,ETHUSDT,ask,2560,4108.189
2024-08-20 22:05:24,ETHUSDT,ask,2560,4124.646
2024-08-20 22:05:24,ETHUSDT,ask,2560,4132.934
2024-08-20 22:05:24,ETHUSDT,ask,2560,4130.519
2024-08-20 22:05:24,ETHUSDT,ask,2560,4121.046
2024-08-20 22:05:24,ETHUSDT,ask,2560,4145.818
2024-08-20 22:05:24,ETHUSDT,ask,2560,4129.062
2024-08-20 22:05:25,ETHUSDT,ask,2560,4104.29
2024-08-20 22:05:25,ETHUSDT,ask,2560,4130.217
2024-08-20 22:05:25,ETHUSDT,ask,2560,4120.665
2024-08-20 22:05:25,ETHUSDT,ask,2560,4104.29
2024-08-20 22:05:25,ETHUSDT,ask,2560,4104.51
2024-08-20 22:05:25,ETHUSDT,ask,2560,4104.29
2024-08-20 22:05:25,ETHUSDT,ask,2560,4128.246
2024-08-20 22:05:25,ETHUSDT,ask,2560,4104.29
2024-08-20 22:05:25,ETHUSDT,ask,2560,4129.108
2024-08-20 22:05:25,ETHUSDT,ask,2560,4104.29
2024-08-20 22:05:26,ETHUSDT,ask,2560,4129.116
2024-08-20 22:05:26,ETHUSDT,ask,2560,4104.29
2024-08-20 22:05:26,ETHUSDT,ask,2560,4104.29
2024-08-20 22:05:27,ETHUSDT,ask,2560,4104.875
2024-08-20 22:05:27,ETHUSDT,ask,2560,4104.29
2024-08-20 22:05:27,ETHUSDT,ask,2560,4104.49
2024-08-20 22:05:27,ETHUSDT,ask,2560,4104.29
2024-08-20 22:05:28,ETHUSDT,ask,2560,4104.328
2024-08-20 22:05:28,ETHUSDT,ask,2560,4104.804
2024-08-20 22:05:29,ETHUSDT,ask,2560,4106.376
2024-08-20 22:05:35,ETHUSDT,bid,2460,4071.541
2024-08-20 22:05:37,ETHUSDT,ask,2560,4092.821
2024-08-20 22:05:38,ETHUSDT,ask,2560,4201.374
2024-08-20 22:05:38,ETHUSDT,ask,2560,4185.282
2024-08-20 22:05:38,ETHUSDT,ask,2560,4185.432
2024-08-20 22:05:40,ETHUSDT,ask,2560,4109.489
2024-08-20 22:05:41,ETHUSDT,ask,2560,4352.708
2024-08-20 22:05:43,ETHUSDT,ask,2560,4352.61
2024-08-20 22:05:44,ETHUSDT,ask,2560,4339.018
2024-08-20 22:05:44,ETHUSDT,ask,2560,4337.849
2024-08-20 22:05:45,ETHUSDT,ask,2560,4337.79
2024-08-20 22:05:45,ETHUSDT,ask,2560,4337.829
2024-08-20 22:05:45,ETHUSDT,ask,2560,4336.292
2024-08-20 22:05:46,ETHUSDT,ask,2560,4092.86
2024-08-20 22:05:47,ETHUSDT,ask,2560,4095.575
2024-08-20 22:05:47,ETHUSDT,ask,2560,4092.86
2024-08-20 22:05:48,ETHUSDT,ask,2560,4095.588
2024-08-20 22:05:48,ETHUSDT,ask,2560,4095.191
2024-08-20 22:05:48,ETHUSDT,ask,2560,4095.202
2024-08-20 22:05:49,ETHUSDT,ask,2560,4095.163
2024-08-20 22:05:50,ETHUSDT,ask,2560,4095.152
2024-08-20 22:05:50,ETHUSDT,bid,2420,4146.903
2024-08-20 22:05:51,ETHUSDT,ask,2560,4096.68
2024-08-20 22:05:52,ETHUSDT,ask,2560,4109.863
2024-08-20 22:05:53,ETHUSDT,ask,2560,4092.821
2024-08-20 22:05:57,ETHUSDT,ask,2560,4092.941
2024-08-20 22:05:57,ETHUSDT,ask,2560,4093.041
2024-08-20 22:05:57,ETHUSDT,ask,2560,4093.041
2024-08-20 22:05:58,ETHUSDT,ask,2560,4119.387
2024-08-20 22:05:58,ETHUSDT,ask,2560,4134.715
2024-08-20 22:05:58,ETHUSDT,ask,2560,4134.715
2024-08-20 22:05:59,ETHUSDT,ask,2560,4103.721
2024-08-20 22:05:59,ETHUSDT,ask,2560,4093.125
2024-08-20 22:05:59,ETHUSDT,ask,2560,4118.222
2024-08-20 22:05:59,ETHUSDT,ask,2560,4092.36
2024-08-20 22:05:59,ETHUSDT,ask,2560,4093.137
2024-08-20 22:05:59,ETHUSDT,ask,2560,4110.339
2024-08-20 22:06:00,ETHUSDT,ask,2560,4113.068
2024-08-20 22:06:00,ETHUSDT,ask,2560,4113.276
2024-08-20 22:06:00,ETHUSDT,ask,2560,4113.256
2024-08-20 22:06:01,ETHUSDT,ask,2560,4097.608
2024-08-20 22:06:01,ETHUSDT,ask,2560,4111.149
2024-08-20 22:06:02,ETHUSDT,ask,2560,4136.21
2024-08-20 22:06:02,ETHUSDT,ask,2560,4120.314
2024-08-20 22:06:03,ETHUSDT,ask,2560,4095.253
2024-08-20 22:06:03,ETHUSDT,ask,2560,4119.712
2024-08-20 22:06:03,ETHUSDT,ask,2560,4097.203
2024-08-20 22:06:03,ETHUSDT,ask,2560,4118.161
2024-08-20 22:06:03,ETHUSDT,ask,2560,4092.922
2024-08-20 22:06:03,ETHUSDT,ask,2560,4095.253
2024-08-20 22:06:03,ETHUSDT,ask,2560,4095.253
2024-08-20 22:06:03,ETHUSDT,ask,2560,4092.922
2024-08-20 22:06:04,ETHUSDT,ask,2560,4094.476
2024-08-20 22:06:04,ETHUSDT,ask,2560,4096.233
2024-08-20 22:06:04,ETHUSDT,ask,2560,4096.955
2024-08-20 22:06:04,ETHUSDT,ask,2560,4096.964
2024-08-20 22:06:04,ETHUSDT,ask,2560,4112.979
2024-08-20 22:06:05,ETHUSDT,ask,2560,4112.999
2024-08-20 22:06:05,ETHUSDT,ask,2560,4096.262
2024-08-20 22:06:05,ETHUSDT,ask,2560,4096.242
2024-08-20 22:06:05,ETHUSDT,ask,2560,4096.242
2024-08-20 22:06:05,ETHUSDT,ask,2560,4122.465
2024-08-20 22:06:06,ETHUSDT,ask,2560,4120.125
2024-08-20 22:06:06,ETHUSDT,ask,2560,4095.456
2024-08-20 22:06:06,ETHUSDT,ask,2560,4096.233
2024-08-20 22:06:06,ETHUSDT,ask,2560,4094.902
2024-08-20 22:06:06,ETHUSDT,ask,2560,4093.902
2024-08-20 22:06:07,ETHUSDT,ask,2560,4096.233
2024-08-20 22:06:07,ETHUSDT,ask,2560,4093.902
2024-08-20 22:06:07,ETHUSDT,ask,2560,4113.902
2024-08-20 22:06:07,ETHUSDT,ask,2560,4105.322
2024-08-20 22:06:07,ETHUSDT,ask,2560,4101.687
2024-08-20 22:06:08,ETHUSDT,ask,2560,3980.253
2024-08-20 22:06:08,ETHUSDT,ask,2560,3979.253
2024-08-20 22:06:08,ETHUSDT,ask,2560,3977.028
2024-08-20 22:06:08,ETHUSDT,ask,2560,3976.451
2024-08-20 22:06:23,ETHUSDT,bid,2340,4279.201
2024-08-20 22:06:49,ETHUSDT,bid,2280,4389.946
2024-08-20 22:06:53,ETHUSDT,bid,1960,5145.228
2024-08-20 22:06:53,ETHUSDT,bid,2140,4698.499
2024-08-20 22:07:02,ETHUSDT,bid,2270,4433.1
2024-08-20 22:07:17,ETHUSDT,bid,2270,4433.013
2024-08-20 22:07:28,ETHUSDT,bid,2270,4433.1
2024-08-20 22:07:37,ETHUSDT,bid,2340,4279.271
2024-08-20 22:08:04,ETHUSDT,bid,2420,4156.903
2024-08-20 22:09:12,ETHUSDT,bid,1680,5968.661
2024-08-20 22:11:05,ETHUSDT,ask,2850,3875.059
2024-08-20 22:11:06,ETHUSDT,bid,2140,4700.399
2024-08-20 22:11:20,ETHUSDT,bid,2350,4303.894
2024-08-20 22:11:30,ETHUSDT,bid,2200,4591.821
2024-08-20 22:11:47,ETHUSDT,bid,2270,4433.553
2024-08-20 22:11:47,ETHUSDT,ask,2850,3877.311
2024-08-20 22:12:15,ETHUSDT,bid,2270,4433.453
2024-08-20 22:12:33,ETHUSDT,bid,2560,6644.933
2024-08-20 22:12:33,ETHUSDT,bid,2140,4701.323
2024-08-20 22:12:33,ETHUSDT,bid,2560,6723.529
2024-08-20 22:12:34,ETHUSDT,bid,2560,6719.141
2024-08-20 22:12:34,ETHUSDT,bid,2560,6734.805
2024-08-20 22:12:35,ETHUSDT,bid,2560,6654.845
2024-08-20 22:12:35,ETHUSDT,bid,2560,6654.845
2024-08-20 22:12:36,ETHUSDT,bid,2560,6655.073
2024-08-20 22:12:36,ETHUSDT,bid,2560,6655.725
2024-08-20 22:12:36,ETHUSDT,bid,2560,6654.845
2024-08-20 22:12:38,ETHUSDT,bid,2560,6965.639
2024-08-20 22:12:39,ETHUSDT,bid,2560,6965.669
2024-08-20 22:12:39,ETHUSDT,bid,2560,6965.661
2024-08-20 22:12:40,ETHUSDT,bid,2560,6988.152
2024-08-20 22:12:40,ETHUSDT,bid,2560,6965.764
2024-08-20 22:12:40,ETHUSDT,bid,2560,6966.354
2024-08-20 22:12:42,ETHUSDT,bid,2560,6966.431
2024-08-20 22:12:42,ETHUSDT,bid,2560,6971.431
2024-08-20 22:12:43,ETHUSDT,bid,2560,6971.397
2024-08-20 22:12:43,ETHUSDT,bid,2560,6976.197
2024-08-20 22:12:44,ETHUSDT,bid,2560,6978.197
2024-08-20 22:12:45,ETHUSDT,bid,2560,6973.397
2024-08-20 22:12:45,ETHUSDT,bid,2560,6972.807
2024-08-20 22:12:46,ETHUSDT,bid,2560,6973.307
2024-08-20 22:12:49,ETHUSDT,bid,2560,6981.281
2024-08-20 22:12:49,ETHUSDT,bid,2560,6982.881
2024-08-20 22:12:51,ETHUSDT,bid,2560,6973.827
2024-08-20 22:12:52,ETHUSDT,bid,2560,6974.621
2024-08-20 22:12:52,ETHUSDT,bid,2560,6973.827
2024-08-20 22:12:52,ETHUSDT,bid,2560,6973.807
2024-08-20 22:12:55,ETHUSDT,bid,2560,6973.907
2024-08-20 22:12:55,ETHUSDT,bid,2560,6976.346
2024-08-20 22:12:55,ETHUSDT,bid,2560,6977.649
2024-08-20 22:12:58,ETHUSDT,bid,2560,6987.649
2024-08-20 22:12:59,ETHUSDT,bid,2560,6988.093
2024-08-20 22:13:00,ETHUSDT,bid,2560,6988.521
2024-08-20 22:13:02,ETHUSDT,bid,2560,6991.065
2024-08-20 22:13:02,ETHUSDT,bid,2560,6991.655
2024-08-20 22:13:02,ETHUSDT,bid,2560,6991.755
2024-08-20 22:13:03,ETHUSDT,bid,2560,7001.95
2024-08-20 22:13:03,ETHUSDT,bid,2560,7002.038
2024-08-20 22:13:07,ETHUSDT,bid,2560,7001.699
2024-08-20 22:13:09,ETHUSDT,bid,2560,7001.724
2024-08-20 22:13:12,ETHUSDT,bid,2560,7001.744
2024-08-20 22:13:13,ETHUSDT,bid,2560,7003.724
2024-08-20 22:13:13,ETHUSDT,bid,2560,7003.774
2024-08-20 22:13:14,ETHUSDT,bid,2560,7006.368
2024-08-20 22:13:15,ETHUSDT,bid,2560,7007.532
2024-08-20 22:13:16,ETHUSDT,bid,2560,7006.368
2024-08-20 22:13:16,ETHUSDT,bid,2560,7008.321
2024-08-20 22:13:17,ETHUSDT,bid,2560,7008.516
2024-08-20 22:13:20,ETHUSDT,bid,2560,7007.803
2024-08-20 22:13:20,ETHUSDT,bid,2560,7007.822
2024-08-20 22:13:21,ETHUSDT,bid,2560,7014.292
2024-08-20 22:13:21,ETHUSDT,bid,2560,7014.878
2024-08-20 22:13:22,ETHUSDT,bid,2560,7015.282
2024-08-20 22:13:22,ETHUSDT,bid,2560,7008.837
2024-08-20 22:13:24,ETHUSDT,bid,2560,7008.707
2024-08-20 22:13:25,ETHUSDT,bid,2560,7003.707
2024-08-20 22:13:28,ETHUSDT,bid,2560,7004.097
2024-08-20 22:13:28,ETHUSDT,bid,2560,7003.707
2024-08-20 22:13:29,ETHUSDT,bid,2560,7004.292
2024-08-20 22:13:31,ETHUSDT,bid,2560,6994.292
2024-08-20 22:13:32,ETHUSDT,bid,2560,6994.292
2024-08-20 22:13:33,ETHUSDT,bid,2560,7001.406
2024-08-20 22:13:35,ETHUSDT,bid,2560,6999.453
2024-08-20 22:13:40,ETHUSDT,bid,2560,6999.648
2024-08-20 22:13:41,ETHUSDT,bid,2560,6992.534
2024-08-20 22:13:41,ETHUSDT,bid,2560,6992.534
2024-08-20 22:13:41,ETHUSDT,bid,2560,6992.554
2024-08-20 22:13:41,ETHUSDT,bid,2360,4232.514
2024-08-20 22:13:42,ETHUSDT,bid,2560,6999.518
2024-08-20 22:13:43,ETHUSDT,bid,2560,6998.338
2024-08-20 22:13:46,ETHUSDT,bid,2560,6998.351
2024-08-20 22:13:47,ETHUSDT,bid,2560,6999.666
2024-08-20 22:13:49,ETHUSDT,bid,2560,6999.642
2024-08-20 22:13:50,ETHUSDT,bid,2560,7001.353
2024-08-20 22:13:52,ETHUSDT,bid,2560,6999.642
2024-08-20 22:13:53,ETHUSDT,bid,2560,6999.72
2024-08-20 22:13:54,ETHUSDT,bid,2560,7000.893
2024-08-20 22:13:54,ETHUSDT,bid,2560,7000.873
2024-08-20 22:13:54,ETHUSDT,bid,2560,6999.7
2024-08-20 22:13:55,ETHUSDT,bid,2560,7000.398
2024-08-20 22:13:58,ETHUSDT,bid,2560,7014.035
2024-08-20 22:14:03,ETHUSDT,bid,2560,7014.185
2024-08-20 22:14:04,ETHUSDT,bid,2560,7014.285
2024-08-20 22:14:05,ETHUSDT,bid,2560,7029.52
2024-08-20 22:14:06,ETHUSDT,bid,2350,4304.437
2024-08-20 22:14:06,ETHUSDT,bid,2560,7029.894
2024-08-20 22:14:06,ETHUSDT,bid,2560,7025.11
2024-08-20 22:14:06,ETHUSDT,bid,2560,7024.736
2024-08-20 22:14:07,ETHUSDT,bid,2560,7025.11
2024-08-20 22:14:07,ETHUSDT,bid,2560,7024.766
2024-08-20 22:14:07,ETHUSDT,bid,2560,7017.176
2024-08-20 22:14:08,ETHUSDT,bid,2560,7013.572
2024-08-20 22:14:08,ETHUSDT,bid,2560,7013.622
2024-08-20 22:14:09,ETHUSDT,bid,2560,7013.801
2024-08-20 22:14:09,ETHUSDT,bid,2560,7013.993
2024-08-20 22:14:10,ETHUSDT,bid,2460,4085.064
2024-08-20 22:14:11,ETHUSDT,bid,2560,7016.431
2024-08-20 22:14:11,ETHUSDT,bid,2560,7013.993
2024-08-20 22:14:13,ETHUSDT,bid,2560,7016.314
2024-08-20 22:14:14,ETHUSDT,bid,2560,7016.284
2024-08-20 22:14:15,ETHUSDT,bid,2560,7016.184
2024-08-20 22:14:16,ETHUSDT,bid,2560,7017.204
2024-08-20 22:14:16,ETHUSDT,bid,2560,7017.36
2024-08-20 22:14:19,ETHUSDT,bid,2560,7018.342
2024-08-20 22:14:19,ETHUSDT,bid,2560,7023.582
2024-08-20 22:14:19,ETHUSDT,bid,2560,7023.574
2024-08-20 22:14:19,ETHUSDT,bid,2560,7023.632
2024-08-20 22:14:20,ETHUSDT,bid,2560,7021.81
2024-08-20 22:14:22,ETHUSDT,bid,2560,7018.391
2024-08-20 22:14:23,ETHUSDT,bid,2560,7018.491
2024-08-20 22:14:23,ETHUSDT,bid,2560,7019.258
2024-08-20 22:14:24,ETHUSDT,bid,2560,7023.775
2024-08-20 22:14:27,ETHUSDT,bid,2560,7043.274
2024-08-20 22:14:27,ETHUSDT,bid,2560,7043.461
2024-08-20 22:14:29,ETHUSDT,bid,2560,7053.508
2024-08-20 22:14:30,ETHUSDT,bid,2560,7053.528
2024-08-20 22:14:33,ETHUSDT,bid,2560,7053.56
2024-08-20 22:14:33,ETHUSDT,bid,2560,7053.528
2024-08-20 22:14:33,ETHUSDT,bid,2560,7053.831
2024-08-20 22:14:34,ETHUSDT,bid,2560,7063.049
2024-08-20 22:14:34,ETHUSDT,bid,2560,7063.993
2024-08-20 22:14:36,ETHUSDT,bid,2560,7064.107
2024-08-20 22:14:37,ETHUSDT,bid,2560,7068.013
2024-08-20 22:14:37,ETHUSDT,bid,2560,7061.049
2024-08-20 22:14:37,ETHUSDT,bid,2560,7063.774
2024-08-20 22:14:39,ETHUSDT,bid,2560,7063.66
2024-08-20 22:14:40,ETHUSDT,bid,2560,7063.76
2024-08-20 22:14:40,ETHUSDT,bid,2560,7064.204
2024-08-20 22:14:44,ETHUSDT,bid,2560,7064.271
2024-08-20 22:14:45,ETHUSDT,bid,2560,7064.251
2024-08-20 22:14:45,ETHUSDT,bid,2560,7064.329
2024-08-20 22:14:47,ETHUSDT,bid,2560,7083.86
2024-08-20 22:14:48,ETHUSDT,bid,2560,7134.908
2024-08-20 22:14:51,ETHUSDT,bid,2560,7134.858
2024-08-20 22:14:51,ETHUSDT,bid,2560,7134.858
2024-08-20 22:14:52,ETHUSDT,bid,2560,7144.613
2024-08-20 22:14:52,ETHUSDT,bid,2560,7134.858
2024-08-20 22:14:56,ETHUSDT,bid,2560,7134.958
2024-08-20 22:14:56,ETHUSDT,bid,2560,7135.007
2024-08-20 22:15:00,ETHUSDT,bid,2560,7144.762
2024-08-20 22:15:00,ETHUSDT,bid,2560,7135.007
2024-08-20 22:15:01,ETHUSDT,bid,2560,7170.007
2024-08-20 22:15:01,ETHUSDT,bid,2560,7170.007
2024-08-20 22:15:02,ETHUSDT,bid,2560,7150.476
2024-08-20 22:15:02,ETHUSDT,bid,2560,7150.554
2024-08-20 22:15:04,ETHUSDT,bid,2560,7150.554
2024-08-20 22:15:05,ETHUSDT,bid,2560,7162.255
2024-08-20 22:15:06,ETHUSDT,bid,2560,7162.352
2024-08-20 22:15:06,ETHUSDT,bid,2560,7163.352
2024-08-20 22:15:06,ETHUSDT,bid,2560,7151.751
2024-08-20 22:15:07,ETHUSDT,bid,2560,7153.702
2024-08-20 22:15:07,ETHUSDT,bid,2560,7153.741
2024-08-20 22:15:10,ETHUSDT,bid,2560,7151.79
2024-08-20 22:15:10,ETHUSDT,bid,2560,7152.09
2024-08-20 22:15:12,ETHUSDT,bid,2560,7154.262
2024-08-20 22:15:13,ETHUSDT,bid,2560,7157.808
2024-08-20 22:15:18,ETHUSDT,bid,2560,7177.339
2024-08-20 22:15:23,ETHUSDT,bid,2560,7178.913
2024-08-20 22:15:23,ETHUSDT,bid,2560,7183.913
2024-08-20 22:15:25,ETHUSDT,bid,2560,7184.029
2024-08-20 22:15:28,ETHUSDT,bid,2560,7184.093
2024-08-20 22:15:28,ETHUSDT,bid,2280,4384.946
2024-08-20 22:15:29,ETHUSDT,bid,2560,7184.029
2024-08-20 22:15:30,ETHUSDT,bid,2560,7184.053
2024-08-20 22:15:34,ETHUSDT,bid,2560,7182.909
2024-08-20 22:15:34,ETHUSDT,bid,2560,7182.935
2024-08-20 22:15:36,ETHUSDT,bid,2560,7183.066
2024-08-20 22:15:37,ETHUSDT,bid,2560,7184.895
2024-08-20 22:15:40,ETHUSDT,bid,2560,7184.395
2024-08-20 22:15:40,ETHUSDT,bid,2560,7184.565
2024-08-20 22:15:41,ETHUSDT,bid,2560,7184.665
2024-08-20 22:15:41,ETHUSDT,bid,2560,7184.676
2024-08-20 22:15:42,ETHUSDT,bid,2560,7184.748
2024-08-20 22:15:42,ETHUSDT,bid,2560,7171.119
2024-08-20 22:15:42,ETHUSDT,bid,2560,7161.933
2024-08-20 22:15:43,ETHUSDT,bid,2560,7162.698
2024-08-20 22:15:43,ETHUSDT,bid,2560,7162.706
2024-08-20 22:15:43,ETHUSDT,bid,2560,7161.941
2024-08-20 22:15:43,ETHUSDT,bid,2560,7162.706
2024-08-20 22:15:44,ETHUSDT,bid,2560,7163.077
2024-08-20 22:15:45,ETHUSDT,bid,2560,7163.077
2024-08-20 22:15:45,ETHUSDT,bid,2560,7153.077
2024-08-20 22:15:45,ETHUSDT,bid,2560,7152.312
2024-08-20 22:15:46,ETHUSDT,bid,2560,7152.335
2024-08-20 22:15:46,ETHUSDT,bid,2560,7152.348
2024-08-20 22:15:46,ETHUSDT,bid,2560,7151.372
2024-08-20 22:15:48,ETHUSDT,bid,2560,7151.411
2024-08-20 22:15:48,ETHUSDT,bid,2340,4274.271
2024-08-20 22:15:54,ETHUSDT,bid,2560,7151.461
2024-08-20 22:15:54,ETHUSDT,bid,2560,7149.289
2024-08-20 22:15:56,ETHUSDT,bid,2560,7148.591
2024-08-20 22:15:58,ETHUSDT,bid,2560,7148.591
2024-08-20 22:15:59,ETHUSDT,bid,2560,7134.981
2024-08-20 22:16:00,ETHUSDT,bid,2560,7134.991
2024-08-20 22:16:00,ETHUSDT,bid,2560,7135.425
2024-08-20 22:16:02,ETHUSDT,bid,2560,7135.473
2024-08-20 22:16:04,ETHUSDT,bid,2560,7135.357
2024-08-20 22:16:04,ETHUSDT,bid,2560,7139.953
2024-08-20 22:16:06,ETHUSDT,bid,2560,7140.162
2024-08-20 22:16:15,ETHUSDT,bid,1960,5144.804
2024-08-20 22:16:15,ETHUSDT,bid,2140,4700.899
2024-08-20 22:17:11,ETHUSDT,bid,2360,4232.543
2024-08-20 22:18:06,ETHUSDT,bid,2460,4071.541
2024-08-20 22:18:40,ETHUSDT,bid,1700,6026.01
2024-08-20 22:19:01,ETHUSDT,bid,2140,4700.972
2024-08-20 22:19:01,ETHUSDT,ask,2850,3878.308
2024-08-20 22:20:28,ETHUSDT,bid,2140,4701.439
2024-08-20 22:20:47,ETHUSDT,bid,2350,4310.488
2024-08-20 22:20:51,ETHUSDT,bid,2340,4279.271
2024-08-20 22:24:44,ETHUSDT,ask,2850,3878.259
2024-08-20 22:24:52,ETHUSDT,bid,2350,4311.695
2024-08-20 22:27:12,ETHUSDT,bid,2270,4433.442
2024-08-20 22:32:02,ETHUSDT,ask,2850,3876.748
2024-08-20 22:32:35,ETHUSDT,ask,2850,3876.783
2024-08-20 22:33:37,ETHUSDT,bid,2350,4331.695
2024-08-20 22:38:21,ETHUSDT,bid,1700,6027.01
2024-08-20 22:38:48,ETHUSDT,bid,1700,6027.066
2024-08-20 22:38:48,ETHUSDT,bid,2270,4433.484
2024-08-20 22:38:53,ETHUSDT,ask,2850,3876.98
2024-08-20 22:39:58,ETHUSDT,bid,1960,5145.016
2024-08-20 22:39:58,ETHUSDT,bid,2140,4701.651
2024-08-20 22:42:52,ETHUSDT,bid,2350,4331.907
2024-08-20 22:46:37,ETHUSDT,bid,2140,4701.719
2024-08-20 22:46:37,ETHUSDT,bid,2290,4364.876
2024-08-20 22:47:26,ETHUSDT,bid,2250,4444.281
2024-08-20 22:53:37,ETHUSDT,bid,2350,4331.695
2024-08-20 23:00:11,ETHUSDT,bid,2340,4279.28
2024-08-20 23:00:42,ETHUSDT,bid,2420,4158.686
2024-08-20 23:02:25,ETHUSDT,bid,1960,5145.139
2024-08-20 23:04:16,ETHUSDT,bid,2420,4156.903
2024-08-20 23:04:49,ETHUSDT,bid,2420,4160.464
2024-08-20 23:06:52,ETHUSDT,bid,2230,4499.837
2024-08-20 23:06:59,ETHUSDT,bid,1950,5117.613
2024-08-20 23:07:21,ETHUSDT,bid,2230,4494.423
2024-08-20 23:07:42,ETHUSDT,bid,2230,4499.837
2024-08-20 23:08:15,ETHUSDT,ask,2850,3879.885
2024-08-20 23:08:59,ETHUSDT,ask,2850,3882.19
2024-08-20 23:11:56,ETHUSDT,bid,2140,4701.843
2024-08-20 23:12:13,ETHUSDT,bid,2270,4433.664
2024-08-20 23:12:15,ETHUSDT,ask,2850,3882.134
2024-08-20 23:13:28,ETHUSDT,bid,2460,4071.551
2024-08-20 23:16:06,ETHUSDT,bid,2420,4156.903
2024-08-20 23:16:49,ETHUSDT,bid,1680,5969.661
2024-08-20 23:34:53,ETHUSDT,bid,2230,4494.423
2024-08-20 23:35:30,ETHUSDT,bid,2200,4591.456
2024-08-20 23:43:42,ETHUSDT,bid,2200,4591.819
2024-08-20 23:44:24,ETHUSDT,bid,2460,4071.541
2024-08-20 23:44:24,ETHUSDT,bid,2290,4364.876
2024-08-20 23:45:53,ETHUSDT,bid,2230,4494.504
2024-08-20 23:48:25,ETHUSDT,bid,2290,4365.712
2024-08-20 23:48:28,ETHUSDT,bid,2290,4371.468
2024-08-20 23:48:55,ETHUSDT,ask,2910,3454.703
2024-08-20 23:49:25,ETHUSDT,bid,2290,4370.632
2024-08-20 23:49:30,ETHUSDT,bid,2290,4364.876
2024-08-20 23:59:17,ETHUSDT,ask,2850,3882.156
2024-08-21 00:01:35,ETHUSDT,bid,2140,4701.857
2024-08-21 00:01:35,ETHUSDT,ask,2850,3882.17
2024-08-21 00:07:36,ETHUSDT,bid,2270,4433.211
2024-08-21 00:07:36,ETHUSDT,ask,2850,3881.808
2024-08-21 00:08:11,ETHUSDT,bid,2460,4071.581
2024-08-21 00:11:54,ETHUSDT,bid,2270,4434.004
2024-08-21 00:20:37,ETHUSDT,ask,2850,3882.449
2024-08-21 00:29:20,ETHUSDT,bid,2350,4331.106
2024-08-21 00:29:44,ETHUSDT,ask,2620,10842.836
2024-08-21 00:31:08,ETHUSDT,bid,2250,4443.592
2024-08-21 00:32:27,ETHUSDT,bid,2460,4073.181
2024-08-21 00:34:37,ETHUSDT,ask,2620,10853.544
2024-08-21 00:34:54,ETHUSDT,bid,2520,26426.427
2024-08-21 00:35:01,ETHUSDT,bid,2520,26428.669
2024-08-21 00:35:53,ETHUSDT,bid,2520,26425.664
2024-08-21 00:37:39,ETHUSDT,bid,1940,5162.057
2024-08-21 00:39:32,ETHUSDT,bid,2520,26443.646
2024-08-21 00:41:35,ETHUSDT,bid,2520,26420.376
2024-08-21 00:42:57,ETHUSDT,bid,2520,26426.807
2024-08-21 00:43:59,ETHUSDT,bid,2520,26425.736
2024-08-21 00:44:29,ETHUSDT,ask,2630,10988.849
2024-08-21 00:44:46,ETHUSDT,bid,2520,26401.117
2024-08-21 00:45:19,ETHUSDT,bid,2520,26402.315
2024-08-21 00:45:54,ETHUSDT,ask,2620,10830.668
2024-08-21 00:46:28,ETHUSDT,ask,2630,10839.088
2024-08-21 00:46:51,ETHUSDT,bid,2520,26398.714
2024-08-21 00:47:06,ETHUSDT,bid,2520,16399.115
2024-08-21 00:47:38,ETHUSDT,bid,2520,16447.574
2024-08-21 00:47:43,ETHUSDT,bid,2520,16390.411
2024-08-21 00:47:56,ETHUSDT,bid,2520,16388.811
2024-08-21 00:48:17,ETHUSDT,ask,2630,10820.491
2024-08-21 00:48:38,ETHUSDT,bid,2520,26389.171
2024-08-21 00:57:36,ETHUSDT,bid,2460,4077.181
2024-08-21 00:57:47,ETHUSDT,ask,2590,5824.626
2024-08-21 00:57:48,ETHUSDT,ask,2590,5824.671
2024-08-21 00:57:54,ETHUSDT,ask,2590,5812.916
2024-08-21 00:58:00,ETHUSDT,ask,2590,5813.451
2024-08-21 00:58:08,ETHUSDT,ask,2590,5815.188
2024-08-21 00:58:10,ETHUSDT,ask,2590,5814.994
2024-08-21 00:58:10,ETHUSDT,ask,2590,5814.608
2024-08-21 00:58:14,ETHUSDT,ask,2590,5814.828
2024-08-21 00:58:16,ETHUSDT,ask,2590,5814.608
2024-08-21 00:58:16,ETHUSDT,ask,2590,5814.828
2024-08-21 00:58:17,ETHUSDT,ask,2590,5815.214
2024-08-21 00:58:18,ETHUSDT,ask,2590,5814.994
2024-08-21 00:58:20,ETHUSDT,ask,2590,5845.974
2024-08-21 00:58:21,ETHUSDT,ask,2590,5822.723
2024-08-21 00:58:22,ETHUSDT,ask,2590,5814.994
2024-08-21 00:58:22,ETHUSDT,ask,2590,5814.994
2024-08-21 00:58:24,ETHUSDT,ask,2590,5808.608
2024-08-21 00:58:29,ETHUSDT,ask,2590,5809.182
2024-08-21 00:58:42,ETHUSDT,ask,2590,5809.279
2024-08-21 00:58:51,ETHUSDT,ask,2590,5804.279
2024-08-21 00:58:52,ETHUSDT,ask,2590,5804.292
2024-08-21 00:58:57,ETHUSDT,ask,2590,5806.206
2024-08-21 00:59:05,ETHUSDT,ask,2590,5806.206
2024-08-21 00:59:10,ETHUSDT,ask,2590,5806.206
2024-08-21 00:59:16,ETHUSDT,ask,2590,5706.206
2024-08-21 00:59:31,ETHUSDT,ask,2590,5706.206
2024-08-21 00:59:37,ETHUSDT,ask,2590,5707.848
2024-08-21 00:59:39,ETHUSDT,ask,2590,5716.604
2024-08-21 00:59:48,ETHUSDT,ask,2590,5717.514
2024-08-21 00:59:48,ETHUSDT,ask,2590,5713.595
2024-08-21 00:59:49,ETHUSDT,ask,2590,5714.228
2024-08-21 00:59:50,ETHUSDT,ask,2590,5713.595
2024-08-21 00:59:50,ETHUSDT,ask,2590,5713.981
2024-08-21 00:59:50,ETHUSDT,ask,2590,5713.595
2024-08-21 00:59:54,ETHUSDT,ask,2590,5714.095
2024-08-21 01:00:00,ETHUSDT,ask,2590,5714.675
2024-08-21 01:00:01,ETHUSDT,ask,2590,5714.675
2024-08-21 01:00:02,ETHUSDT,ask,2590,5733.445
2024-08-21 01:00:02,ETHUSDT,ask,2590,5714.675
2024-08-21 01:00:02,ETHUSDT,ask,2590,5730.165
2024-08-21 01:00:03,ETHUSDT,ask,2590,5714.675
2024-08-21 01:00:03,ETHUSDT,ask,2590,5728.199
2024-08-21 01:00:03,ETHUSDT,ask,2590,5714.675
2024-08-21 01:00:04,ETHUSDT,ask,2590,5714.095
2024-08-21 01:00:05,ETHUSDT,ask,2590,5714.14
2024-08-21 01:00:05,ETHUSDT,ask,2590,5714.215
2024-08-21 01:00:12,ETHUSDT,ask,2590,5720.976
2024-08-21 01:00:12,ETHUSDT,ask,2590,5714.215
2024-08-21 01:00:13,ETHUSDT,ask,2590,5720.976
2024-08-21 01:00:13,ETHUSDT,ask,2590,5714.215
2024-08-21 01:00:14,ETHUSDT,ask,2590,5714.311
2024-08-21 01:00:14,ETHUSDT,ask,2590,5714.215
2024-08-21 01:00:14,ETHUSDT,ask,2590,5714.425
2024-08-21 01:00:16,ETHUSDT,ask,2590,5771.915
2024-08-21 01:00:23,ETHUSDT,ask,2590,5715.159
2024-08-21 01:00:49,ETHUSDT,ask,2590,5722.296
2024-08-21 01:00:57,ETHUSDT,ask,2590,5719.024
2024-08-21 01:00:57,ETHUSDT,ask,2590,5721.742
2024-08-21 01:00:59,ETHUSDT,ask,2590,5724.745
2024-08-21 01:01:18,ETHUSDT,ask,2590,5725.635
2024-08-21 01:01:19,ETHUSDT,ask,2590,5725.644
2024-08-21 01:01:21,ETHUSDT,ask,2590,5725.055
2024-08-21 01:01:23,ETHUSDT,ask,2590,5723.903
2024-08-21 01:01:29,ETHUSDT,ask,2590,5722.951
2024-08-21 01:02:09,ETHUSDT,ask,2590,5715.926
2024-08-21 01:02:17,ETHUSDT,ask,2590,5716.335
2024-08-21 01:02:19,ETHUSDT,ask,2590,5715.926
2024-08-21 01:02:34,ETHUSDT,ask,2590,5715.985
2024-08-21 01:02:42,ETHUSDT,ask,2590,5718.439
2024-08-21 01:02:47,ETHUSDT,ask,2590,5716.255
2024-08-21 01:02:54,ETHUSDT,ask,2590,5716.125
2024-08-21 01:03:11,ETHUSDT,ask,2590,5716.279
2024-08-21 01:03:14,ETHUSDT,ask,2590,5716.164
2024-08-21 01:03:41,ETHUSDT,ask,2590,5716.604
2024-08-21 01:03:55,ETHUSDT,ask,2590,5719.15
2024-08-21 01:03:55,ETHUSDT,ask,2590,5985.991
2024-08-21 01:03:56,ETHUSDT,ask,2590,5719.15
2024-08-21 01:04:04,ETHUSDT,ask,2590,5726.624
2024-08-21 01:04:09,ETHUSDT,ask,2590,5726.698
2024-08-21 01:04:13,ETHUSDT,ask,2590,5727.396
2024-08-21 01:04:21,ETHUSDT,ask,2590,5726.624
2024-08-21 01:04:29,ETHUSDT,ask,2590,5726.624
2024-08-21 01:04:29,ETHUSDT,ask,2590,5726.692
2024-08-21 01:04:33,ETHUSDT,ask,2590,5726.624
2024-08-21 01:04:54,ETHUSDT,ask,2590,5719.15
2024-08-21 01:04:56,ETHUSDT,ask,2590,5719.28
2024-08-21 01:04:57,ETHUSDT,ask,2590,5717.512
2024-08-21 01:04:59,ETHUSDT,ask,2590,5717.656
2024-08-21 01:05:00,ETHUSDT,ask,2590,5719.036
2024-08-21 01:05:00,ETHUSDT,ask,2590,5719.055
2024-08-21 01:05:05,ETHUSDT,ask,2590,5732.946
2024-08-21 01:05:05,ETHUSDT,ask,2590,5733.046
2024-08-21 01:05:05,ETHUSDT,ask,2590,5733.626
2024-08-21 01:05:06,ETHUSDT,ask,2590,5745.118
2024-08-21 01:05:07,ETHUSDT,ask,2590,5729.858
2024-08-21 01:05:09,ETHUSDT,ask,2590,5716.276
2024-08-21 01:05:09,ETHUSDT,ask,2590,5716.276
2024-08-21 01:05:10,ETHUSDT,ask,2590,5716.856
2024-08-21 01:05:10,ETHUSDT,ask,2590,5716.276
2024-08-21 01:05:11,ETHUSDT,ask,2590,5716.276
2024-08-21 01:05:13,ETHUSDT,ask,2590,5716.276
2024-08-21 01:05:13,ETHUSDT,ask,2590,5716.476
2024-08-21 01:05:14,ETHUSDT,ask,2590,5716.276
2024-08-21 01:05:16,ETHUSDT,ask,2590,5716.276
2024-08-21 01:05:17,ETHUSDT,ask,2590,5718.785
2024-08-21 01:05:18,ETHUSDT,ask,2590,5719.085
2024-08-21 01:05:19,ETHUSDT,ask,2590,5718.785
2024-08-21 01:05:19,ETHUSDT,ask,2590,5730.358
2024-08-21 01:05:19,ETHUSDT,ask,2590,5718.785
2024-08-21 01:05:20,ETHUSDT,ask,2590,5718.685
2024-08-21 01:05:21,ETHUSDT,ask,2590,5718.791
2024-08-21 01:05:24,ETHUSDT,ask,2590,5724.002
2024-08-21 01:05:24,ETHUSDT,ask,2590,5718.791
2024-08-21 01:05:28,ETHUSDT,ask,2590,5722.652
2024-08-21 01:05:32,ETHUSDT,ask,2590,5722.767
2024-08-21 01:05:37,ETHUSDT,ask,2590,5722.767
2024-08-21 01:05:40,ETHUSDT,ask,2590,5728.868
2024-08-21 01:05:46,ETHUSDT,ask,2590,5728.918
2024-08-21 01:05:46,ETHUSDT,ask,2590,5728.868
2024-08-21 01:08:05,ETHUSDT,ask,2850,3882.528
2024-08-21 01:08:46,ETHUSDT,bid,2420,4156.944
2024-08-21 01:11:04,ETHUSDT,ask,2850,3882.528
2024-08-21 01:11:43,ETHUSDT,ask,2850,3882.538
2024-08-21 01:12:24,ETHUSDT,ask,2850,3882.528
2024-08-21 01:23:57,ETHUSDT,bid,2340,4279.29
2024-08-21 01:23:57,ETHUSDT,bid,2340,4279.3
2024-08-21 01:24:22,ETHUSDT,bid,2340,4279.29
2024-08-21 01:24:25,ETHUSDT,bid,2340,4279.28
2024-08-21 01:27:57,ETHUSDT,ask,2850,3882.519
2024-08-21 01:29:51,ETHUSDT,bid,1680,5969.698
2024-08-21 01:29:51,ETHUSDT,bid,1960,5145.17
2024-08-21 01:33:42,ETHUSDT,bid,2350,4330.563
2024-08-21 01:35:57,ETHUSDT,ask,2850,3882.529
2024-08-21 01:36:38,ETHUSDT,ask,2850,3882.519
2024-08-21 01:39:25,ETHUSDT,ask,2850,3882.529
2024-08-21 01:40:49,ETHUSDT,ask,2850,3883.031
