2024-09-13 07:03:06,ETHUSDT,bid,2310,6454.704
2024-09-13 07:03:29,ETHUSDT,bid,2330,8126.788
2024-09-13 07:03:53,ETHUSDT,bid,2250,4680.577
2024-09-13 07:05:19,ETHUSDT,bid,2310,6449.232
2024-09-13 07:06:08,ETHUSDT,bid,2330,8128.5
2024-09-13 07:06:24,ETHUSDT,bid,2330,8129.878
2024-09-13 07:06:43,ETHUSDT,bid,2330,8128.5
2024-09-13 07:06:49,ETHUSDT,bid,2330,8126.788
2024-09-13 07:07:08,ETHUSDT,bid,2330,8128.072
2024-09-13 07:07:11,ETHUSDT,bid,2330,8131.282
2024-09-13 07:07:19,ETHUSDT,bid,2310,6450.871
2024-09-13 07:09:51,ETHUSDT,bid,2330,8134.064
2024-09-13 07:12:04,ETHUSDT,bid,2330,8155.254
2024-09-13 07:13:11,ETHUSDT,bid,2330,8134.064
2024-09-13 07:14:54,ETHUSDT,bid,2310,6450.85
2024-09-13 07:18:03,ETHUSDT,bid,2330,8137.201
2024-09-13 07:19:12,ETHUSDT,bid,2310,6455.121
2024-09-13 07:19:12,ETHUSDT,bid,2310,6510.643
2024-09-13 07:19:50,ETHUSDT,bid,2290,10039.591
2024-09-13 07:19:55,ETHUSDT,bid,2330,8138.997
2024-09-13 07:19:56,ETHUSDT,bid,2330,8137.201
2024-09-13 07:20:00,ETHUSDT,bid,2330,8134.064
2024-09-13 07:20:23,ETHUSDT,bid,2250,4680.587
2024-09-13 07:20:23,ETHUSDT,bid,2290,10039.601
2024-09-13 07:20:23,ETHUSDT,bid,2300,10412.613
2024-09-13 07:20:23,ETHUSDT,bid,2310,6510.653
2024-09-13 07:20:23,ETHUSDT,bid,2320,10043.101
2024-09-13 07:20:23,ETHUSDT,bid,2330,8134.074
2024-09-13 07:21:44,ETHUSDT,bid,2310,6511.653
2024-09-13 07:21:55,ETHUSDT,bid,2290,10039.924
2024-09-13 07:21:56,ETHUSDT,bid,2330,8134.148
2024-09-13 07:22:05,ETHUSDT,bid,2310,6512.153
2024-09-13 07:22:51,ETHUSDT,bid,2310,6507.153
2024-09-13 07:22:57,ETHUSDT,bid,2300,10411.613
2024-09-13 07:23:07,ETHUSDT,bid,2310,6492.791
2024-09-13 07:23:07,ETHUSDT,bid,2310,6478.432
2024-09-13 07:23:07,ETHUSDT,bid,2310,6464.07
2024-09-13 07:23:12,ETHUSDT,bid,2310,6449.708
2024-09-13 07:24:57,ETHUSDT,bid,2300,10441.901
2024-09-13 07:24:57,ETHUSDT,bid,2300,10457.045
2024-09-13 07:25:31,ETHUSDT,bid,2300,10441.901
2024-09-13 07:26:09,ETHUSDT,bid,2330,8134.571
2024-09-13 07:26:26,ETHUSDT,bid,2310,6517.189
2024-09-13 07:26:31,ETHUSDT,bid,2310,6502.827
2024-09-13 07:26:45,ETHUSDT,bid,2300,10440.16
2024-09-13 07:27:19,ETHUSDT,bid,2330,8134.148
2024-09-13 07:27:29,ETHUSDT,bid,2320,10057.258
2024-09-13 07:27:32,ETHUSDT,bid,2320,10071.415
2024-09-13 07:27:34,ETHUSDT,bid,2320,10085.574
2024-09-13 07:27:35,ETHUSDT,bid,2320,10113.888
2024-09-13 07:27:39,ETHUSDT,bid,2320,10128.045
2024-09-13 07:27:40,ETHUSDT,bid,2320,10142.202
2024-09-13 07:27:41,ETHUSDT,bid,2320,10156.361
2024-09-13 07:27:42,ETHUSDT,bid,2320,10170.518
2024-09-13 07:27:43,ETHUSDT,bid,2320,10184.675
2024-09-13 07:27:43,ETHUSDT,bid,2320,10198.832
2024-09-13 07:27:49,ETHUSDT,bid,2320,10212.989
2024-09-13 07:27:49,ETHUSDT,bid,2320,10227.148
2024-09-13 07:27:50,ETHUSDT,bid,2310,6435.346
2024-09-13 07:28:55,ETHUSDT,bid,2320,10226.711
2024-09-13 07:29:12,ETHUSDT,bid,2310,6379.824
2024-09-13 07:29:57,ETHUSDT,bid,2300,10409.872
2024-09-13 07:30:18,ETHUSDT,bid,2310,6375.51
2024-09-13 07:30:23,ETHUSDT,bid,2320,10212.554
2024-09-13 07:30:27,ETHUSDT,bid,2320,10198.397
2024-09-13 07:30:31,ETHUSDT,bid,2320,10184.24
2024-09-13 07:30:34,ETHUSDT,bid,2320,10170.083
2024-09-13 07:30:35,ETHUSDT,bid,2320,10155.926
2024-09-13 07:30:36,ETHUSDT,bid,2320,10141.769
2024-09-13 07:30:38,ETHUSDT,bid,2320,10127.61
2024-09-13 07:30:40,ETHUSDT,bid,2320,10113.451
2024-09-13 07:30:44,ETHUSDT,bid,2320,10099.294
2024-09-13 07:30:45,ETHUSDT,bid,2320,10085.137
2024-09-13 07:30:45,ETHUSDT,bid,2320,10070.98
2024-09-13 07:30:50,ETHUSDT,bid,2320,10056.823
2024-09-13 07:30:51,ETHUSDT,bid,2320,10042.664
2024-09-13 07:31:34,ETHUSDT,bid,2330,8133.221
2024-09-13 07:31:34,ETHUSDT,bid,2330,8132.922
2024-09-13 07:32:38,ETHUSDT,bid,2310,6371.239
2024-09-13 07:32:45,ETHUSDT,bid,2330,8133.744
2024-09-13 07:33:30,ETHUSDT,bid,2310,6371.202
2024-09-13 07:33:30,ETHUSDT,bid,2320,10042.635
2024-09-13 07:33:49,ETHUSDT,bid,2300,10410.872
2024-09-13 07:34:01,ETHUSDT,bid,2330,8134.237
2024-09-13 07:34:27,ETHUSDT,bid,2320,10041.218
2024-09-13 07:36:01,ETHUSDT,bid,1700,6039.087
2024-09-13 07:37:16,ETHUSDT,bid,2300,10410.862
2024-09-13 07:37:16,ETHUSDT,bid,2320,10041.208
2024-09-13 07:37:16,ETHUSDT,bid,2330,8134.227
2024-09-13 07:41:04,ETHUSDT,bid,2330,8155.417
2024-09-13 07:41:40,ETHUSDT,bid,2310,6372.479
2024-09-13 07:42:30,ETHUSDT,bid,2330,8154.949
2024-09-13 07:42:59,ETHUSDT,bid,2330,8133.759
2024-09-13 07:44:31,ETHUSDT,bid,2300,10410.6
2024-09-13 07:45:50,ETHUSDT,bid,2330,8147.867
2024-09-13 07:46:17,ETHUSDT,bid,2330,8145.433
2024-09-13 07:46:51,ETHUSDT,bid,2220,4602.264
2024-09-13 07:46:54,ETHUSDT,bid,2310,6376.788
2024-09-13 07:47:43,ETHUSDT,bid,2310,6381.097
2024-09-13 07:48:23,ETHUSDT,bid,2330,8131.325
2024-09-13 07:51:16,ETHUSDT,bid,2310,6376.788
2024-09-13 07:52:07,ETHUSDT,bid,2310,6372.479
2024-09-13 07:53:23,ETHUSDT,bid,2330,8152.515
2024-09-13 07:53:24,ETHUSDT,bid,2330,8154.216
2024-09-13 07:53:24,ETHUSDT,bid,2330,8152.515
2024-09-13 07:55:08,ETHUSDT,bid,2330,8131.325
2024-09-13 07:56:18,ETHUSDT,bid,2330,8134.606
2024-09-13 07:56:20,ETHUSDT,bid,2290,10039.907
2024-09-13 07:56:22,ETHUSDT,bid,2320,10062.471
2024-09-13 07:56:24,ETHUSDT,bid,2320,10083.734
2024-09-13 07:57:28,ETHUSDT,bid,2320,10084.584
2024-09-13 07:57:53,ETHUSDT,bid,2330,8131.325
2024-09-13 07:58:35,ETHUSDT,bid,2300,10410.614
2024-09-13 07:58:35,ETHUSDT,bid,2320,10084.598
2024-09-13 07:58:35,ETHUSDT,bid,2330,8131.339
2024-09-13 07:59:06,ETHUSDT,bid,2320,10083.748
2024-09-13 07:59:12,ETHUSDT,bid,2320,10041.222
2024-09-13 08:01:43,ETHUSDT,bid,1700,6038.735
2024-09-13 08:02:21,ETHUSDT,bid,2330,8131.939
2024-09-13 08:02:26,ETHUSDT,bid,2300,10411.098
2024-09-13 08:02:26,ETHUSDT,bid,2320,10041.706
2024-09-13 08:02:26,ETHUSDT,bid,2330,8132.423
2024-09-13 08:02:32,ETHUSDT,bid,2310,6374.595
2024-09-13 08:03:23,ETHUSDT,bid,2320,10041.78
2024-09-13 08:04:10,ETHUSDT,bid,2300,10389.876
2024-09-13 08:04:44,ETHUSDT,bid,2300,10394.876
2024-09-13 08:05:45,ETHUSDT,bid,2300,10392.876
2024-09-13 08:06:54,ETHUSDT,bid,2320,10039.28
2024-09-13 08:07:21,ETHUSDT,bid,2310,6375.06
2024-09-13 08:08:24,ETHUSDT,bid,2320,10039.182
2024-09-13 08:08:47,ETHUSDT,bid,2300,10405.868
2024-09-13 08:09:27,ETHUSDT,bid,2300,10407.167
2024-09-13 08:09:49,ETHUSDT,bid,2320,10039.307
2024-09-13 08:10:26,ETHUSDT,bid,2300,10407.816
2024-09-13 08:10:42,ETHUSDT,bid,2220,4607.657
2024-09-13 08:12:28,ETHUSDT,bid,2330,8131.727
2024-09-13 08:12:49,ETHUSDT,bid,2310,6374.46
2024-09-13 08:13:21,ETHUSDT,bid,2320,10039.732
2024-09-13 08:13:58,ETHUSDT,bid,2330,8131.859
2024-09-13 08:15:26,ETHUSDT,bid,2300,10407.167
2024-09-13 08:15:44,ETHUSDT,bid,2320,10039.307
2024-09-13 08:15:56,ETHUSDT,bid,2330,8132.021
2024-09-13 08:15:56,ETHUSDT,bid,2250,4680.597
2024-09-13 08:15:58,ETHUSDT,bid,2250,4680.607
2024-09-13 08:16:33,ETHUSDT,bid,2300,10408.001
2024-09-13 08:16:43,ETHUSDT,bid,2250,4680.597
2024-09-13 08:16:44,ETHUSDT,bid,2250,4680.587
2024-09-13 08:16:57,ETHUSDT,bid,2310,6374.598
2024-09-13 08:17:25,ETHUSDT,bid,2320,10041.399
2024-09-13 08:17:47,ETHUSDT,bid,2310,6395.953
2024-09-13 08:18:16,ETHUSDT,bid,2310,6374.598
2024-09-13 08:19:08,ETHUSDT,bid,2310,6395.953
2024-09-13 08:19:26,ETHUSDT,bid,2330,8169.188
2024-09-13 08:19:33,ETHUSDT,bid,2310,6374.598
2024-09-13 08:19:34,ETHUSDT,bid,2310,6375.269
2024-09-13 08:19:39,ETHUSDT,bid,2250,4680.436
2024-09-13 08:20:13,ETHUSDT,bid,2330,8132.021
2024-09-13 08:20:18,ETHUSDT,bid,2330,8132.011
2024-09-13 08:20:39,ETHUSDT,bid,2250,4680.446
2024-09-13 08:20:39,ETHUSDT,bid,2250,4680.456
2024-09-13 08:20:41,ETHUSDT,bid,2250,4680.466
2024-09-13 08:20:41,ETHUSDT,bid,2250,4680.486
2024-09-13 08:20:41,ETHUSDT,bid,2250,4680.496
2024-09-13 08:20:41,ETHUSDT,bid,2250,4680.546
2024-09-13 08:20:41,ETHUSDT,bid,2250,4680.556
2024-09-13 08:20:42,ETHUSDT,bid,2250,4680.566
2024-09-13 08:20:43,ETHUSDT,bid,2250,4680.576
2024-09-13 08:20:44,ETHUSDT,bid,2250,4680.586
2024-09-13 08:20:44,ETHUSDT,bid,2250,4680.596
2024-09-13 08:20:46,ETHUSDT,bid,2250,4680.606
2024-09-13 08:20:46,ETHUSDT,bid,2250,4680.637
2024-09-13 08:20:46,ETHUSDT,bid,2250,4680.648
2024-09-13 08:20:47,ETHUSDT,bid,2250,4680.658
2024-09-13 08:20:47,ETHUSDT,bid,2250,4680.668
2024-09-13 08:20:47,ETHUSDT,bid,2250,4680.678
2024-09-13 08:21:17,ETHUSDT,bid,2250,4680.668
2024-09-13 08:21:17,ETHUSDT,bid,2250,4680.658
2024-09-13 08:21:17,ETHUSDT,bid,2250,4680.648
2024-09-13 08:21:18,ETHUSDT,bid,2250,4680.638
2024-09-13 08:21:18,ETHUSDT,bid,2250,4680.628
2024-09-13 08:21:19,ETHUSDT,bid,2250,4680.618
2024-09-13 08:21:20,ETHUSDT,bid,2250,4680.608
2024-09-13 08:21:21,ETHUSDT,bid,2250,4680.598
2024-09-13 08:21:22,ETHUSDT,bid,2250,4680.588
2024-09-13 08:21:22,ETHUSDT,bid,2250,4680.578
2024-09-13 08:21:23,ETHUSDT,bid,2250,4680.568
2024-09-13 08:21:25,ETHUSDT,bid,2250,4680.558
2024-09-13 08:21:26,ETHUSDT,bid,2250,4680.548
2024-09-13 08:21:28,ETHUSDT,bid,2250,4680.538
2024-09-13 08:21:29,ETHUSDT,bid,2250,4680.528
2024-09-13 08:21:30,ETHUSDT,bid,2250,4680.518
2024-09-13 08:21:30,ETHUSDT,bid,2250,4680.508
2024-09-13 08:21:32,ETHUSDT,bid,2250,4680.498
2024-09-13 08:21:32,ETHUSDT,bid,2250,4680.488
2024-09-13 08:21:33,ETHUSDT,bid,2250,4680.478
2024-09-13 08:21:33,ETHUSDT,bid,2250,4680.468
2024-09-13 08:21:36,ETHUSDT,bid,2250,4680.458
2024-09-13 08:21:41,ETHUSDT,bid,2300,10408.039
2024-09-13 08:21:44,ETHUSDT,bid,2330,8132.781
2024-09-13 08:24:16,ETHUSDT,bid,2320,10041.613
2024-09-13 08:27:22,ETHUSDT,bid,2300,10399.375
2024-09-13 08:27:22,ETHUSDT,bid,2310,6383.895
2024-09-13 08:28:37,ETHUSDT,bid,2300,10386.383
2024-09-13 08:29:02,ETHUSDT,bid,2320,10040.183
2024-09-13 08:30:48,ETHUSDT,bid,1680,8961.465
2024-09-13 08:30:48,ETHUSDT,bid,1700,6038.719
2024-09-13 08:30:48,ETHUSDT,bid,1740,5879.337
2024-09-13 08:30:48,ETHUSDT,bid,1780,5761.758
2024-09-13 08:30:48,ETHUSDT,bid,1960,5196.345
2024-09-13 08:31:51,ETHUSDT,bid,2220,4607.656
2024-09-13 08:34:47,ETHUSDT,bid,2320,10041.042
2024-09-13 08:35:10,ETHUSDT,bid,2310,6506.044
2024-09-13 08:35:10,ETHUSDT,bid,2310,6527.399
2024-09-13 08:35:20,ETHUSDT,bid,2220,4609.99
2024-09-13 08:36:19,ETHUSDT,bid,2310,6383.895
2024-09-13 08:37:03,ETHUSDT,bid,2220,4607.656
2024-09-13 08:37:17,ETHUSDT,bid,2310,6385.395
2024-09-13 08:38:18,ETHUSDT,bid,2330,8134.781
2024-09-13 08:39:26,ETHUSDT,bid,2310,6385.172
2024-09-13 08:39:45,ETHUSDT,bid,2320,10041.342
2024-09-13 08:40:04,ETHUSDT,bid,2310,6388.172
2024-09-13 08:40:13,ETHUSDT,bid,2300,10388.383
2024-09-13 08:40:20,ETHUSDT,bid,2300,10387.549
2024-09-13 08:40:38,ETHUSDT,bid,2310,6385.172
2024-09-13 08:41:23,ETHUSDT,bid,2290,10039.96
2024-09-13 08:41:23,ETHUSDT,bid,2300,10387.982
2024-09-13 08:41:38,ETHUSDT,bid,2300,10388.415
2024-09-13 08:41:40,ETHUSDT,bid,2300,10387.982
2024-09-13 08:41:53,ETHUSDT,bid,2300,10387.549
2024-09-13 08:47:15,ETHUSDT,bid,2290,10039.83
2024-09-13 08:47:15,ETHUSDT,bid,2330,8134.653
2024-09-13 08:48:11,ETHUSDT,bid,2300,10387.724
2024-09-13 08:55:24,ETHUSDT,bid,2300,10387.734
2024-09-13 08:55:24,ETHUSDT,bid,2320,10041.352
2024-09-13 08:55:24,ETHUSDT,bid,2330,8134.663
2024-09-13 08:55:51,ETHUSDT,bid,2320,10060.489
2024-09-13 08:55:53,ETHUSDT,bid,2320,10062.206
2024-09-13 08:55:53,ETHUSDT,bid,2320,10081.343
2024-09-13 08:55:57,ETHUSDT,bid,2320,10081.272
2024-09-13 08:56:02,ETHUSDT,bid,2320,10079.555
2024-09-13 08:56:19,ETHUSDT,bid,2320,10083.845
2024-09-13 08:56:22,ETHUSDT,bid,2330,8148.648
2024-09-13 08:56:52,ETHUSDT,bid,2330,8134.663
2024-09-13 08:56:53,ETHUSDT,bid,2320,10064.708
2024-09-13 08:56:53,ETHUSDT,bid,2320,10045.571
2024-09-13 08:56:54,ETHUSDT,bid,2320,10066.609
2024-09-13 08:56:54,ETHUSDT,bid,2320,10086.359
2024-09-13 08:56:54,ETHUSDT,bid,2320,10103.533
2024-09-13 08:56:58,ETHUSDT,bid,2300,10384.734
2024-09-13 08:57:09,ETHUSDT,bid,2320,10099.243
2024-09-13 08:57:51,ETHUSDT,bid,2320,10120.506
2024-09-13 08:57:56,ETHUSDT,bid,2330,8135.711
2024-09-13 08:58:05,ETHUSDT,bid,2320,10099.243
2024-09-13 08:58:06,ETHUSDT,bid,2330,8134.663
2024-09-13 08:58:16,ETHUSDT,bid,2320,10058.455
2024-09-13 08:59:27,ETHUSDT,bid,2300,10384.724
2024-09-13 09:00:04,ETHUSDT,bid,2330,8135.363
2024-09-13 09:00:15,ETHUSDT,bid,2300,10404.195
2024-09-13 09:01:14,ETHUSDT,bid,2290,10170.378
2024-09-13 09:01:14,ETHUSDT,bid,2290,10039.83
2024-09-13 09:01:30,ETHUSDT,bid,2320,10083.807
2024-09-13 09:01:59,ETHUSDT,bid,2300,10404.205
2024-09-13 09:01:59,ETHUSDT,bid,2320,10083.817
2024-09-13 09:01:59,ETHUSDT,bid,2330,8135.373
2024-09-13 09:02:08,ETHUSDT,bid,2320,10041.291
2024-09-13 09:02:32,ETHUSDT,bid,2300,10404.164
2024-09-13 09:02:37,ETHUSDT,bid,2220,4608.554
2024-09-13 09:03:32,ETHUSDT,bid,2330,8135.465
2024-09-13 09:03:50,ETHUSDT,bid,2290,10040.265
2024-09-13 09:04:32,ETHUSDT,bid,2300,10384.693
2024-09-13 09:05:03,ETHUSDT,bid,2220,4607.656
2024-09-13 09:08:34,ETHUSDT,bid,2330,8136.675
2024-09-13 09:09:34,ETHUSDT,bid,2330,8135.804
2024-09-13 09:09:52,ETHUSDT,bid,1700,6038.857
2024-09-13 09:11:39,ETHUSDT,bid,1960,5268.452
2024-09-13 09:12:12,ETHUSDT,bid,2320,10041.277
2024-09-13 09:13:40,ETHUSDT,bid,2220,4607.678
2024-09-13 09:15:19,ETHUSDT,bid,2300,10384.703
2024-09-13 09:15:19,ETHUSDT,bid,2320,10041.287
2024-09-13 09:15:19,ETHUSDT,bid,2330,8135.814
2024-09-13 09:16:03,ETHUSDT,bid,2030,5088.374
2024-09-13 09:17:24,ETHUSDT,bid,2310,6386.228
2024-09-13 09:17:28,ETHUSDT,bid,2310,6387.284
2024-09-13 09:17:30,ETHUSDT,bid,2310,6388.34
2024-09-13 09:17:30,ETHUSDT,bid,2310,6389.396
2024-09-13 09:17:35,ETHUSDT,bid,2320,10043.787
2024-09-13 09:17:37,ETHUSDT,bid,2310,6388.34
2024-09-13 09:17:39,ETHUSDT,bid,2310,6387.284
2024-09-13 09:17:39,ETHUSDT,bid,2300,10384.588
2024-09-13 09:17:40,ETHUSDT,bid,2310,6386.228
2024-09-13 09:17:45,ETHUSDT,bid,2310,6385.172
2024-09-13 09:19:29,ETHUSDT,bid,2030,5088.326
2024-09-13 09:19:34,ETHUSDT,bid,2320,10044.706
2024-09-13 09:19:37,ETHUSDT,bid,2300,10384.217
2024-09-13 09:20:38,ETHUSDT,bid,2300,10384.467
2024-09-13 09:20:47,ETHUSDT,bid,2320,10044.806
2024-09-13 09:21:12,ETHUSDT,bid,2330,8135.835
2024-09-13 09:21:32,ETHUSDT,bid,2300,10384.217
2024-09-13 09:23:04,ETHUSDT,bid,2300,10384.467
2024-09-13 09:23:08,ETHUSDT,bid,2320,10044.706
2024-09-13 09:24:34,ETHUSDT,bid,2320,10045.006
2024-09-13 09:25:44,ETHUSDT,bid,2320,10045.435
2024-09-13 09:25:56,ETHUSDT,bid,2320,10043.435
2024-09-13 09:26:01,ETHUSDT,bid,2330,8136.049
2024-09-13 09:26:10,ETHUSDT,bid,2300,10384.48
2024-09-13 09:26:10,ETHUSDT,bid,2320,10043.448
2024-09-13 09:26:10,ETHUSDT,bid,2330,8136.062
2024-09-13 09:26:42,ETHUSDT,bid,2320,10044.714
2024-09-13 09:27:16,ETHUSDT,bid,2320,10046.388
2024-09-13 09:27:19,ETHUSDT,bid,2320,10044.714
2024-09-13 09:27:20,ETHUSDT,bid,2330,8137.562
2024-09-13 09:27:21,ETHUSDT,bid,2330,8137.47
2024-09-13 09:27:29,ETHUSDT,bid,2320,10044.285
2024-09-13 09:27:56,ETHUSDT,bid,2330,8137.97
2024-09-13 09:28:09,ETHUSDT,bid,2310,6385.603
2024-09-13 09:28:27,ETHUSDT,bid,2320,10043.019
2024-09-13 09:28:29,ETHUSDT,bid,2310,6382.368
2024-09-13 09:28:40,ETHUSDT,bid,2330,8137.756
2024-09-13 09:29:48,ETHUSDT,bid,2250,4692.701
2024-09-13 09:29:51,ETHUSDT,bid,2310,6381.937
2024-09-13 09:30:32,ETHUSDT,bid,2330,8137.256
2024-09-13 09:30:43,ETHUSDT,bid,2300,10384.98
2024-09-13 09:31:50,ETHUSDT,bid,2030,5088.353
2024-09-13 09:33:05,ETHUSDT,bid,2290,10040.202
2024-09-13 09:33:10,ETHUSDT,bid,2300,10384.938
2024-09-13 09:33:16,ETHUSDT,bid,2310,6381.916
2024-09-13 09:35:05,ETHUSDT,bid,2320,10043.965
2024-09-13 09:36:05,ETHUSDT,bid,2300,10385.489
2024-09-13 09:36:22,ETHUSDT,bid,2300,10383.323
2024-09-13 09:36:28,ETHUSDT,bid,2330,8137.28
2024-09-13 09:36:47,ETHUSDT,bid,1700,6036.857
2024-09-13 09:37:45,ETHUSDT,bid,2310,6381.907
2024-09-13 09:38:47,ETHUSDT,bid,2220,4610.188
2024-09-13 09:39:03,ETHUSDT,bid,2300,10387.651
2024-09-13 09:40:03,ETHUSDT,bid,2300,10383.323
2024-09-13 09:42:00,ETHUSDT,bid,2320,10043.891
2024-09-13 09:42:42,ETHUSDT,bid,2290,10040.332
2024-09-13 09:44:30,ETHUSDT,bid,2320,10043.474
2024-09-13 09:44:50,ETHUSDT,bid,2330,8137.48
2024-09-13 09:45:37,ETHUSDT,bid,2300,10383.523
2024-09-13 09:46:05,ETHUSDT,bid,2330,8137.484
2024-09-13 09:46:47,ETHUSDT,bid,2320,10043.478
2024-09-13 09:48:20,ETHUSDT,bid,2320,10044.387
2024-09-13 09:49:33,ETHUSDT,bid,2330,8137.352
2024-09-13 09:49:38,ETHUSDT,bid,2330,8138.208
2024-09-13 09:49:45,ETHUSDT,bid,2220,4607.678
2024-09-13 09:54:54,ETHUSDT,bid,2290,10041.418
2024-09-13 09:55:13,ETHUSDT,bid,2220,4607.539
2024-09-13 09:56:27,ETHUSDT,bid,2300,10381.523
2024-09-13 09:56:36,ETHUSDT,bid,2290,10040.332
2024-09-13 09:58:10,ETHUSDT,bid,2250,4692.721
2024-09-13 09:58:10,ETHUSDT,bid,2290,10040.351
2024-09-13 09:58:10,ETHUSDT,bid,2310,6381.926
2024-09-13 10:00:23,ETHUSDT,bid,2300,10403.161
2024-09-13 10:01:56,ETHUSDT,bid,2300,10381.523
2024-09-13 10:05:03,ETHUSDT,bid,2310,6384.06
2024-09-13 10:05:04,ETHUSDT,bid,2310,6381.926
2024-09-13 10:08:30,ETHUSDT,bid,2320,10043.468
2024-09-13 10:10:37,ETHUSDT,bid,2310,6382.926
2024-09-13 10:10:55,ETHUSDT,bid,2300,10381.508
2024-09-13 10:15:15,ETHUSDT,bid,2310,6382.935
2024-09-13 10:15:51,ETHUSDT,bid,2330,8138.374
2024-09-13 10:17:05,ETHUSDT,bid,2310,6386.435
2024-09-13 10:17:39,ETHUSDT,bid,2250,4692.699
2024-09-13 10:23:25,ETHUSDT,bid,2300,10385.753
2024-09-13 10:23:45,ETHUSDT,bid,2300,10387.474
2024-09-13 10:30:03,ETHUSDT,bid,2330,8138.212
2024-09-13 10:32:01,ETHUSDT,bid,2220,4607.514
2024-09-13 10:32:38,ETHUSDT,bid,2300,10387.485
2024-09-13 10:32:38,ETHUSDT,bid,2320,10043.479
2024-09-13 10:32:38,ETHUSDT,bid,2330,8138.223
2024-09-13 10:34:59,ETHUSDT,bid,2320,10045.196
2024-09-13 10:35:24,ETHUSDT,bid,2320,10043.479
2024-09-13 10:36:39,ETHUSDT,bid,2310,6387.625
2024-09-13 10:37:04,ETHUSDT,bid,2320,10043.589
2024-09-13 10:37:14,ETHUSDT,bid,2310,6392.625
2024-09-13 10:37:40,ETHUSDT,bid,2310,6391.435
2024-09-13 10:38:20,ETHUSDT,bid,2310,6391.817
2024-09-13 10:38:58,ETHUSDT,bid,2220,4607.494
2024-09-13 10:41:42,ETHUSDT,bid,2310,6391.837
2024-09-13 10:42:36,ETHUSDT,bid,2320,10046.589
2024-09-13 10:51:42,ETHUSDT,bid,2330,8136.723
2024-09-13 10:51:47,ETHUSDT,bid,2330,8138.863
2024-09-13 10:52:36,ETHUSDT,bid,2330,8158.098
2024-09-13 10:53:11,ETHUSDT,bid,2320,10047.018
2024-09-13 10:54:43,ETHUSDT,bid,2320,10045.518
2024-09-13 10:55:07,ETHUSDT,bid,2310,6391.828
2024-09-13 10:57:03,ETHUSDT,bid,2330,8158.107
2024-09-13 10:57:28,ETHUSDT,bid,2330,8161.078
2024-09-13 10:57:37,ETHUSDT,bid,2330,8141.843
2024-09-13 10:58:12,ETHUSDT,bid,2320,10045.089
2024-09-13 10:58:17,ETHUSDT,bid,2320,10045.489
2024-09-13 10:59:32,ETHUSDT,bid,1740,5879.358
2024-09-13 11:02:16,ETHUSDT,bid,1960,5269.217
2024-09-13 11:04:10,ETHUSDT,bid,2250,4692.768
2024-09-13 11:04:34,ETHUSDT,bid,1960,5268.452
2024-09-13 11:05:01,ETHUSDT,bid,2320,10047.76
2024-09-13 11:05:31,ETHUSDT,bid,1700,6037.357
2024-09-13 11:07:00,ETHUSDT,bid,2320,10045.489
2024-09-13 11:07:50,ETHUSDT,bid,1700,6036.857
2024-09-13 11:07:54,ETHUSDT,bid,2320,10055.489
2024-09-13 11:08:32,ETHUSDT,bid,2300,10387.052
2024-09-13 11:09:57,ETHUSDT,bid,1700,6037.361
2024-09-13 11:10:01,ETHUSDT,bid,2310,6394.726
2024-09-13 11:10:17,ETHUSDT,bid,1700,6036.857
2024-09-13 11:12:44,ETHUSDT,bid,2300,10385.147
2024-09-13 11:13:38,ETHUSDT,bid,2320,10045.489
2024-09-13 11:15:50,ETHUSDT,bid,2310,6394.332
2024-09-13 11:17:03,ETHUSDT,ask,2990,3431.504
2024-09-13 11:17:42,ETHUSDT,bid,2310,6413.716
2024-09-13 11:18:00,ETHUSDT,bid,2310,6411.436
2024-09-13 11:18:01,ETHUSDT,bid,2310,6410.818
2024-09-13 11:21:35,ETHUSDT,bid,2330,8142.699
2024-09-13 11:22:00,ETHUSDT,bid,2310,6391.434
2024-09-13 11:22:09,ETHUSDT,bid,2310,6395.434
2024-09-13 11:23:45,ETHUSDT,bid,2300,10386.013
2024-09-13 11:26:37,ETHUSDT,bid,2330,8145.199
2024-09-13 11:26:57,ETHUSDT,bid,2300,10368.3
2024-09-13 11:29:03,ETHUSDT,bid,2300,10398.587
2024-09-13 11:30:18,ETHUSDT,bid,2310,6401.84
2024-09-13 11:31:14,ETHUSDT,bid,2330,8141.989
2024-09-13 11:31:45,ETHUSDT,bid,2300,10398.597
2024-09-13 11:31:45,ETHUSDT,bid,2310,6401.85
2024-09-13 11:31:45,ETHUSDT,bid,2320,10045.499
2024-09-13 11:31:45,ETHUSDT,bid,2330,8141.999
2024-09-13 11:32:30,ETHUSDT,bid,2310,6395.444
2024-09-13 11:34:00,ETHUSDT,bid,2320,10046.788
2024-09-13 11:34:01,ETHUSDT,bid,2320,10046.8
2024-09-13 11:34:04,ETHUSDT,bid,2300,10368.31
2024-09-13 11:34:06,ETHUSDT,bid,2330,8142.299
2024-09-13 11:34:14,ETHUSDT,bid,2320,10047.8
2024-09-13 11:35:00,ETHUSDT,bid,2320,10046.511
2024-09-13 11:35:00,ETHUSDT,bid,2320,10046.499
2024-09-13 11:35:52,ETHUSDT,bid,2320,10043.999
2024-09-13 11:36:43,ETHUSDT,bid,2320,10044.643
2024-09-13 11:38:33,ETHUSDT,bid,2320,10045.502
2024-09-13 11:41:51,ETHUSDT,bid,2300,10387.781
2024-09-13 11:41:53,ETHUSDT,bid,2300,10407.252
2024-09-13 11:41:54,ETHUSDT,bid,2300,10426.723
2024-09-13 11:42:09,ETHUSDT,bid,2330,8142.29
2024-09-13 11:42:10,ETHUSDT,bid,2320,10087.604
2024-09-13 11:42:13,ETHUSDT,bid,2320,10073.57
2024-09-13 11:42:18,ETHUSDT,bid,2320,10059.536
2024-09-13 11:42:21,ETHUSDT,bid,2320,10045.502
2024-09-13 11:42:25,ETHUSDT,bid,2330,8144.428
2024-09-13 11:43:06,ETHUSDT,bid,2330,8154.428
2024-09-13 11:43:25,ETHUSDT,bid,2220,4607.485
2024-09-13 11:44:05,ETHUSDT,bid,2330,8152.29
2024-09-13 11:46:02,ETHUSDT,bid,2300,10407.252
2024-09-13 11:46:04,ETHUSDT,bid,2300,10387.781
2024-09-13 11:46:12,ETHUSDT,bid,2300,10368.31
2024-09-13 11:48:05,ETHUSDT,bid,2300,10368.3
2024-09-13 11:48:05,ETHUSDT,bid,2310,6395.434
2024-09-13 11:48:05,ETHUSDT,bid,2320,10045.492
2024-09-13 11:49:39,ETHUSDT,bid,2310,6401.534
2024-09-13 11:50:11,ETHUSDT,bid,2330,8152.114
2024-09-13 11:50:21,ETHUSDT,bid,2330,8152.144
2024-09-13 11:52:01,ETHUSDT,bid,2330,8152.194
2024-09-13 11:52:52,ETHUSDT,bid,2310,6401.734
2024-09-13 11:57:54,ETHUSDT,bid,2250,4680.525
2024-09-13 12:02:58,ETHUSDT,bid,2220,4607.509
2024-09-13 12:12:35,ETHUSDT,bid,2220,4603.555
2024-09-13 12:29:10,ETHUSDT,bid,2250,4680.534
2024-09-13 12:51:13,ETHUSDT,bid,1960,5268.468
2024-09-13 12:57:35,ETHUSDT,bid,1700,6036.89
2024-09-13 13:04:32,ETHUSDT,bid,1700,6036.857
2024-09-13 13:07:17,ETHUSDT,bid,2220,4603.565
2024-09-13 13:09:17,ETHUSDT,bid,1700,6036.903
2024-09-13 13:09:17,ETHUSDT,bid,1740,5879.403
2024-09-13 13:09:17,ETHUSDT,bid,1780,5761.802
2024-09-13 13:11:37,ETHUSDT,bid,1700,6036.857
2024-09-13 13:11:37,ETHUSDT,bid,1740,5879.358
2024-09-13 13:11:37,ETHUSDT,bid,1780,5761.758
2024-09-13 13:12:13,ETHUSDT,bid,1940,5289.688
2024-09-13 13:24:27,ETHUSDT,bid,2250,4681.192
2024-09-13 13:34:45,ETHUSDT,bid,1960,5270.468
2024-09-13 13:48:24,ETHUSDT,bid,1960,5270.49
2024-09-13 13:51:10,ETHUSDT,bid,2220,4603.415
2024-09-13 13:54:26,ETHUSDT,bid,2220,4608.415
2024-09-13 13:56:35,ETHUSDT,bid,2220,4603.238
2024-09-13 13:57:47,ETHUSDT,bid,2250,4681.183
2024-09-13 14:07:38,ETHUSDT,bid,2250,4680.183
2024-09-13 14:22:26,ETHUSDT,bid,2220,4603.228
2024-09-13 14:23:18,ETHUSDT,bid,2220,4603.238
2024-09-13 14:47:21,ETHUSDT,bid,2220,4603.294
2024-09-13 14:50:32,ETHUSDT,bid,2220,4603.306
2024-09-13 14:59:42,ETHUSDT,bid,2250,4680.27
2024-09-13 15:05:06,ETHUSDT,bid,2220,4603.536
2024-09-13 15:07:42,ETHUSDT,bid,2220,4603.546
2024-09-13 15:12:29,ETHUSDT,bid,2030,5088.346
2024-09-13 15:17:44,ETHUSDT,bid,2220,4603.412
2024-09-13 15:25:31,ETHUSDT,bid,1700,6036.869
2024-09-13 15:33:27,ETHUSDT,bid,1700,6036.899
2024-09-13 15:55:59,ETHUSDT,bid,1700,6036.843
2024-09-13 16:03:22,ETHUSDT,bid,1710,5872.467
2024-09-13 16:05:39,ETHUSDT,bid,2220,4603.447
2024-09-13 16:05:39,ETHUSDT,bid,2220,4603.412
2024-09-13 16:06:25,ETHUSDT,ask,2340,10019.529
2024-09-13 16:06:25,ETHUSDT,ask,2340,10018.009
2024-09-13 16:06:27,ETHUSDT,ask,2340,10006.248
2024-09-13 16:06:34,ETHUSDT,ask,2340,10007.763
2024-09-13 16:06:53,ETHUSDT,ask,2340,10383.207
2024-09-13 16:06:56,ETHUSDT,ask,2340,10383.109
2024-09-13 16:07:12,ETHUSDT,ask,2340,10012.675
2024-09-13 16:07:12,ETHUSDT,ask,2340,10012.718
2024-09-13 16:07:13,ETHUSDT,ask,2340,10012.675
2024-09-13 16:07:14,ETHUSDT,ask,2340,10012.718
2024-09-13 16:07:14,ETHUSDT,ask,2340,10012.675
2024-09-13 16:07:15,ETHUSDT,ask,2340,10012.718
2024-09-13 16:07:17,ETHUSDT,ask,2340,10012.675
2024-09-13 16:07:17,ETHUSDT,ask,2340,10012.718
2024-09-13 16:07:19,ETHUSDT,ask,2340,10012.675
2024-09-13 16:07:19,ETHUSDT,ask,2340,10012.718
2024-09-13 16:08:41,ETHUSDT,bid,1950,5250.601
2024-09-13 16:08:43,ETHUSDT,bid,2220,4603.337
2024-09-13 16:15:14,ETHUSDT,bid,1740,5779.358
2024-09-13 16:16:08,ETHUSDT,bid,1940,5287.751
2024-09-13 16:18:28,ETHUSDT,bid,2220,4603.446
2024-09-13 16:20:53,ETHUSDT,bid,2030,5088.34
2024-09-13 16:22:22,ETHUSDT,bid,2250,4680.28
2024-09-13 16:22:23,ETHUSDT,bid,2250,4680.29
2024-09-13 16:22:24,ETHUSDT,bid,2250,4680.3
2024-09-13 16:22:24,ETHUSDT,bid,2250,4680.31
2024-09-13 16:23:07,ETHUSDT,bid,2250,4680.3
2024-09-13 16:23:08,ETHUSDT,bid,1740,5894.3
2024-09-13 16:23:08,ETHUSDT,bid,2250,4680.29
2024-09-13 16:23:09,ETHUSDT,bid,2250,4680.28
2024-09-13 16:23:10,ETHUSDT,bid,2250,4680.27
2024-09-13 16:25:18,ETHUSDT,bid,2220,4603.916
2024-09-13 16:25:29,ETHUSDT,bid,1960,5270.604
2024-09-13 16:26:28,ETHUSDT,bid,2220,4603.446
2024-09-13 16:27:56,ETHUSDT,bid,1700,6036.911
2024-09-13 16:30:22,ETHUSDT,bid,2220,4602.446
2024-09-13 16:37:52,ETHUSDT,bid,1700,6036.843
2024-09-13 16:38:41,ETHUSDT,bid,2250,4680.28
2024-09-13 16:38:41,ETHUSDT,bid,2250,4680.29
2024-09-13 16:38:42,ETHUSDT,bid,2250,4680.3
2024-09-13 16:38:42,ETHUSDT,bid,2250,4680.32
2024-09-13 16:38:44,ETHUSDT,bid,2250,4680.33
2024-09-13 16:38:44,ETHUSDT,bid,2250,4680.341
2024-09-13 16:38:44,ETHUSDT,bid,2250,4680.351
2024-09-13 16:38:45,ETHUSDT,bid,2250,4680.361
2024-09-13 16:39:45,ETHUSDT,bid,2250,4680.351
2024-09-13 16:39:46,ETHUSDT,bid,2250,4680.341
2024-09-13 16:39:46,ETHUSDT,bid,2250,4680.331
2024-09-13 16:39:46,ETHUSDT,bid,2250,4680.321
2024-09-13 16:39:48,ETHUSDT,bid,2250,4680.301
2024-09-13 16:39:48,ETHUSDT,bid,2250,4680.291
2024-09-13 16:39:49,ETHUSDT,bid,2250,4680.281
2024-09-13 16:42:51,ETHUSDT,bid,2250,4680.723
2024-09-13 16:44:19,ETHUSDT,bid,1700,6036.911
2024-09-13 16:46:34,ETHUSDT,bid,1700,6036.843
2024-09-13 16:53:02,ETHUSDT,bid,2250,4680.733
2024-09-13 16:53:56,ETHUSDT,bid,2250,4680.723
2024-09-13 16:58:24,ETHUSDT,bid,2250,4669.947
2024-09-13 17:08:16,ETHUSDT,bid,2250,4669.836
2024-09-13 17:19:30,ETHUSDT,bid,2250,4669.95
2024-09-13 17:19:53,ETHUSDT,bid,2250,4669.836
2024-09-13 17:21:00,ETHUSDT,bid,2220,4602.784
2024-09-13 17:25:33,ETHUSDT,bid,2250,4669.996
2024-09-13 17:25:46,ETHUSDT,bid,2250,4669.836
2024-09-13 17:27:14,ETHUSDT,bid,2220,4602.773
2024-09-13 17:29:09,ETHUSDT,bid,2030,5088.322
2024-09-13 17:29:57,ETHUSDT,bid,1940,5287.851
2024-09-13 17:35:27,ETHUSDT,bid,2250,4669.394
2024-09-13 17:47:04,ETHUSDT,bid,2220,4597.773
2024-09-13 17:52:53,ETHUSDT,bid,1700,6036.063
2024-09-13 17:55:08,ETHUSDT,bid,2220,4616.598
2024-09-13 17:59:30,ETHUSDT,bid,2220,4597.773
2024-09-13 18:00:35,ETHUSDT,bid,2220,4598.336
2024-09-13 18:02:46,ETHUSDT,bid,2250,4669.374
2024-09-13 18:09:03,ETHUSDT,bid,2030,5073.322
2024-09-13 18:18:29,ETHUSDT,bid,2220,4598.286
2024-09-13 18:25:18,ETHUSDT,bid,2220,4598.42
2024-09-13 18:32:04,ETHUSDT,bid,2250,4669.383
2024-09-13 18:34:32,ETHUSDT,bid,2220,4598.395
2024-09-13 18:36:06,ETHUSDT,bid,2250,4669.372
2024-09-13 18:42:34,ETHUSDT,bid,1950,5250.727
2024-09-13 18:47:37,ETHUSDT,bid,2220,4598.643
2024-09-13 18:54:23,ETHUSDT,bid,2250,4670.647
2024-09-13 18:57:48,ETHUSDT,bid,1950,5250.742
2024-09-13 19:06:10,ETHUSDT,bid,2030,5073.311
2024-09-13 19:07:21,ETHUSDT,bid,1960,5270.583
2024-09-13 19:07:50,ETHUSDT,ask,2990,3431.515
2024-09-13 19:12:44,ETHUSDT,bid,2250,4670.829
2024-09-13 19:12:55,ETHUSDT,bid,2250,4675.196
2024-09-13 19:13:17,ETHUSDT,bid,2250,4670.829
2024-09-13 19:14:09,ETHUSDT,bid,2220,4599.043
2024-09-13 19:16:35,ETHUSDT,bid,2220,4599.065
2024-09-13 19:17:02,ETHUSDT,bid,2250,4670.839
2024-09-13 19:17:05,ETHUSDT,bid,2250,4670.849
2024-09-13 19:17:05,ETHUSDT,bid,2250,4670.859
2024-09-13 19:17:05,ETHUSDT,bid,2250,4670.869
2024-09-13 19:17:47,ETHUSDT,bid,2250,4670.859
2024-09-13 19:17:48,ETHUSDT,bid,2250,4670.849
2024-09-13 19:17:50,ETHUSDT,bid,2250,4670.839
2024-09-13 19:17:51,ETHUSDT,bid,2250,4670.829
2024-09-13 19:19:42,ETHUSDT,bid,2220,4598.956
2024-09-13 19:21:01,ETHUSDT,bid,2220,4602.04
2024-09-13 19:22:53,ETHUSDT,bid,2220,4602.826
2024-09-13 19:25:31,ETHUSDT,bid,2220,4601.826
2024-09-13 19:29:40,ETHUSDT,bid,2250,4671.321
2024-09-13 19:30:11,ETHUSDT,bid,1950,5255.742
2024-09-13 19:31:17,ETHUSDT,bid,2220,4602.226
2024-09-13 19:33:39,ETHUSDT,bid,2220,4602.247
2024-09-13 19:44:27,ETHUSDT,bid,1780,5761.787
2024-09-13 19:44:27,ETHUSDT,bid,1960,5270.609
2024-09-13 19:44:30,ETHUSDT,bid,2250,4671.139
2024-09-13 19:44:48,ETHUSDT,bid,1960,5271.005
2024-09-13 19:48:48,ETHUSDT,bid,2220,4603.145
2024-09-13 19:50:28,ETHUSDT,bid,2220,4602.724
2024-09-13 19:55:16,ETHUSDT,bid,2220,4602.668
2024-09-13 20:00:41,ETHUSDT,bid,2220,4602.818
2024-09-13 20:11:59,ETHUSDT,bid,2250,4669.864
2024-09-13 20:14:47,ETHUSDT,bid,2220,4602.416
2024-09-13 20:16:42,ETHUSDT,bid,2220,4599.332
2024-09-13 20:17:23,ETHUSDT,bid,2220,4599.775
2024-09-13 20:21:30,ETHUSDT,bid,2220,4599.839
2024-09-13 20:26:09,ETHUSDT,bid,2220,4599.591
2024-09-13 20:26:16,ETHUSDT,bid,2220,4599.191
2024-09-13 20:28:04,ETHUSDT,bid,2220,4506.665
2024-09-13 20:28:45,ETHUSDT,bid,2250,4671.635
2024-09-13 20:29:19,ETHUSDT,bid,2220,4599.147
2024-09-13 20:29:43,ETHUSDT,bid,2220,4504.326
2024-09-13 20:31:39,ETHUSDT,bid,2250,4671.745
2024-09-13 20:32:00,ETHUSDT,bid,2250,4671.253
2024-09-13 20:34:28,ETHUSDT,bid,2250,4671.123
2024-09-13 20:36:54,ETHUSDT,bid,2250,4669.352
2024-09-13 20:41:32,ETHUSDT,bid,2220,4598.584
2024-09-13 20:41:49,ETHUSDT,bid,2250,4669.378
2024-09-13 20:55:05,ETHUSDT,bid,2250,4669.82
2024-09-13 20:55:42,ETHUSDT,bid,2220,4598.947
2024-09-13 20:55:50,ETHUSDT,bid,2220,4598.584
2024-09-13 20:56:14,ETHUSDT,bid,2250,4669.378
2024-09-13 20:58:27,ETHUSDT,bid,2250,4669.599
2024-09-13 21:03:40,ETHUSDT,bid,2250,4669.609
2024-09-13 21:04:07,ETHUSDT,bid,2250,4669.599
2024-09-13 21:05:16,ETHUSDT,bid,2220,4598.434
2024-09-13 21:08:08,ETHUSDT,bid,2250,4669.378
2024-09-13 21:08:25,ETHUSDT,bid,2220,4598.517
2024-09-13 21:11:13,ETHUSDT,bid,2250,4670.261
2024-09-13 21:11:28,ETHUSDT,bid,1680,8960.678
2024-09-13 21:13:07,ETHUSDT,bid,1960,5271.279
2024-09-13 21:17:47,ETHUSDT,bid,2250,4665.261
2024-09-13 21:32:06,ETHUSDT,bid,2220,4598.667
2024-09-13 21:37:31,ETHUSDT,bid,2220,4599.067
2024-09-13 21:37:35,ETHUSDT,bid,2220,4599.084
2024-09-13 21:38:32,ETHUSDT,bid,2220,4599.094
2024-09-13 21:38:40,ETHUSDT,bid,2220,4599.084
2024-09-13 21:41:51,ETHUSDT,bid,1740,5893.723
2024-09-13 21:46:24,ETHUSDT,bid,2250,4665.151
2024-09-13 22:00:06,ETHUSDT,bid,2220,4599.135
2024-09-13 22:04:29,ETHUSDT,bid,2220,4599.084
2024-09-13 22:20:10,ETHUSDT,ask,2380,4821.545
2024-09-13 22:20:14,ETHUSDT,ask,2380,4821.419
2024-09-13 22:20:24,ETHUSDT,ask,2380,4823.952
2024-09-13 22:20:39,ETHUSDT,ask,2380,4824.408
2024-09-13 22:20:50,ETHUSDT,ask,2380,4832.408
2024-09-13 22:20:55,ETHUSDT,bid,2030,5073.53
2024-09-13 22:20:59,ETHUSDT,ask,2380,4832.891
2024-09-13 22:21:00,ETHUSDT,ask,2380,4832.408
2024-09-13 22:21:11,ETHUSDT,ask,2380,4832.348
2024-09-13 22:21:28,ETHUSDT,ask,2380,4835.263
2024-09-13 22:22:29,ETHUSDT,ask,2380,4819.497
2024-09-13 22:22:55,ETHUSDT,ask,2380,4694.949
2024-09-13 22:22:57,ETHUSDT,ask,2380,4694.491
2024-09-13 22:22:59,ETHUSDT,ask,2380,4695.834
2024-09-13 22:23:00,ETHUSDT,ask,2380,4696.354
2024-09-13 22:23:01,ETHUSDT,ask,2380,4695.854
2024-09-13 22:23:01,ETHUSDT,ask,2380,4695.251
2024-09-13 22:23:01,ETHUSDT,ask,2380,4709.62
2024-09-13 22:23:01,ETHUSDT,ask,2380,4710.62
2024-09-13 22:23:01,ETHUSDT,ask,2380,4695.751
2024-09-13 22:23:02,ETHUSDT,ask,2380,4694.751
2024-09-13 22:23:02,ETHUSDT,ask,2380,4694.618
2024-09-13 22:23:02,ETHUSDT,ask,2380,4694.618
2024-09-13 22:23:02,ETHUSDT,ask,2380,4695.345
2024-09-13 22:23:02,ETHUSDT,ask,2380,4668.477
2024-09-13 22:23:02,ETHUSDT,ask,2380,4267.957
2024-09-13 22:23:02,ETHUSDT,ask,2380,4252.278
2024-09-13 22:23:18,ETHUSDT,ask,2430,4349.936
2024-09-13 22:24:46,ETHUSDT,bid,2220,4599.066
2024-09-13 22:25:28,ETHUSDT,ask,2430,4347.66
2024-09-13 22:27:04,ETHUSDT,bid,1960,5269.844
2024-09-13 22:27:53,ETHUSDT,bid,1780,5761.729
2024-09-13 22:27:56,ETHUSDT,bid,1950,5255.727
2024-09-13 22:28:03,ETHUSDT,bid,2250,4662.014
2024-09-13 22:29:27,ETHUSDT,bid,1700,6036.051
2024-09-13 22:30:05,ETHUSDT,bid,1960,5269.818
2024-09-13 22:30:46,ETHUSDT,bid,2220,4597.266
2024-09-13 22:31:16,ETHUSDT,bid,2220,4597.249
2024-09-13 22:32:09,ETHUSDT,ask,2430,4347.78
2024-09-13 22:32:11,ETHUSDT,ask,2430,4355.984
2024-09-13 22:32:16,ETHUSDT,bid,1940,5287.284
2024-09-13 22:33:02,ETHUSDT,bid,2220,4597.155
2024-09-13 22:33:22,ETHUSDT,ask,2430,4107.78
2024-09-13 22:34:56,ETHUSDT,bid,2220,4595.155
2024-09-13 22:35:21,ETHUSDT,ask,2430,4107.78
2024-09-13 22:35:39,ETHUSDT,ask,2430,4107.803
2024-09-13 22:36:12,ETHUSDT,bid,1960,5269.842
2024-09-13 22:36:12,ETHUSDT,ask,2990,3429.494
2024-09-13 22:36:55,ETHUSDT,bid,2220,4595.199
2024-09-13 22:38:45,ETHUSDT,bid,2220,4588.199
2024-09-13 22:38:55,ETHUSDT,ask,2430,4115.567
2024-09-13 22:39:43,ETHUSDT,ask,2430,4115.736
2024-09-13 22:40:18,ETHUSDT,bid,2220,4588.155
2024-09-13 22:44:11,ETHUSDT,bid,1940,5287.184
2024-09-13 22:44:37,ETHUSDT,bid,2220,4590.266
2024-09-13 22:44:58,ETHUSDT,bid,2220,4588.155
2024-09-13 22:46:07,ETHUSDT,bid,2220,4586.155
2024-09-13 22:46:24,ETHUSDT,ask,2430,4235.342
2024-09-13 22:48:12,ETHUSDT,ask,2430,4158.403
2024-09-13 22:50:08,ETHUSDT,bid,2220,4587.757
2024-09-13 22:50:35,ETHUSDT,ask,2430,4108.792
2024-09-13 22:50:49,ETHUSDT,ask,2430,4108.801
2024-09-13 22:53:12,ETHUSDT,ask,2430,4129.794
2024-09-13 22:53:42,ETHUSDT,ask,2430,4110.701
2024-09-13 22:53:44,ETHUSDT,ask,2430,4112.752
2024-09-13 22:57:35,ETHUSDT,bid,2220,4587.419
2024-09-13 22:58:25,ETHUSDT,ask,2430,4113.079
2024-09-13 22:58:42,ETHUSDT,bid,1680,8961.928
2024-09-13 22:59:09,ETHUSDT,ask,2430,4113.07
2024-09-13 22:59:46,ETHUSDT,ask,2430,4119.222
2024-09-13 22:59:51,ETHUSDT,ask,2430,4113.07
2024-09-13 23:00:28,ETHUSDT,ask,2430,4112.743
2024-09-13 23:01:44,ETHUSDT,ask,2430,4128.149
2024-09-13 23:01:44,ETHUSDT,ask,2430,4141.555
2024-09-13 23:06:42,ETHUSDT,ask,2430,4115.406
2024-09-13 23:07:07,ETHUSDT,ask,2430,4121.559
2024-09-13 23:08:12,ETHUSDT,ask,2430,4115.36
2024-09-13 23:09:04,ETHUSDT,ask,2430,4113.309
2024-09-13 23:09:10,ETHUSDT,ask,2430,4113.894
2024-09-13 23:09:31,ETHUSDT,bid,1780,5761.168
2024-09-13 23:09:52,ETHUSDT,bid,2220,4583.12
2024-09-13 23:13:37,ETHUSDT,ask,2430,4127.3
2024-09-13 23:13:58,ETHUSDT,ask,2430,4127.255
2024-09-13 23:14:55,ETHUSDT,bid,2250,4702.014
2024-09-13 23:15:20,ETHUSDT,ask,2430,4129.255
2024-09-13 23:15:42,ETHUSDT,bid,1700,6036.021
2024-09-13 23:17:01,ETHUSDT,bid,2220,4583.008
2024-09-13 23:17:40,ETHUSDT,bid,2220,4582.559
2024-09-13 23:18:43,ETHUSDT,ask,2430,4121.997
2024-09-13 23:20:08,ETHUSDT,bid,1740,5778.781
2024-09-13 23:22:36,ETHUSDT,bid,2220,4582.549
2024-09-13 23:23:41,ETHUSDT,bid,1700,6037.728
2024-09-13 23:23:43,ETHUSDT,ask,2430,4116.299
2024-09-13 23:23:45,ETHUSDT,bid,1700,6034.199
2024-09-13 23:30:29,ETHUSDT,ask,2430,4116.399
2024-09-13 23:34:00,ETHUSDT,ask,2430,4117.905
2024-09-13 23:34:02,ETHUSDT,ask,2430,4116.399
2024-09-13 23:34:42,ETHUSDT,ask,2430,4117.463
2024-09-13 23:35:06,ETHUSDT,ask,2400,4791.446
2024-09-13 23:35:09,ETHUSDT,ask,2400,4792.277
2024-09-13 23:35:10,ETHUSDT,ask,2400,4792.235
2024-09-13 23:35:13,ETHUSDT,ask,2400,4793.265
2024-09-13 23:35:13,ETHUSDT,ask,2400,4792.765
2024-09-13 23:35:14,ETHUSDT,ask,2400,4792.75
2024-09-13 23:35:20,ETHUSDT,ask,2400,4789.229
2024-09-13 23:35:36,ETHUSDT,ask,2400,4789.229
2024-09-13 23:35:55,ETHUSDT,ask,2400,4789.229
2024-09-13 23:36:02,ETHUSDT,ask,2400,4807.237
2024-09-13 23:36:02,ETHUSDT,ask,2400,4789.239
2024-09-13 23:36:03,ETHUSDT,ask,2400,4789.281
2024-09-13 23:36:03,ETHUSDT,ask,2400,4769.683
2024-09-13 23:36:03,ETHUSDT,ask,2400,4769.89
2024-09-13 23:36:03,ETHUSDT,ask,2400,4769.683
2024-09-13 23:36:03,ETHUSDT,ask,2400,4769.683
2024-09-13 23:36:06,ETHUSDT,ask,2400,4771.293
2024-09-13 23:36:06,ETHUSDT,ask,2400,4771.335
2024-09-13 23:36:14,ETHUSDT,ask,2400,4804.899
2024-09-13 23:36:15,ETHUSDT,ask,2430,4237.013
2024-09-13 23:36:15,ETHUSDT,ask,2400,4770.519
2024-09-13 23:36:15,ETHUSDT,ask,2400,4770.477
2024-09-13 23:36:15,ETHUSDT,ask,2400,4770.519
2024-09-13 23:36:20,ETHUSDT,ask,2400,4777.774
2024-09-13 23:36:26,ETHUSDT,ask,2400,4779.258
2024-09-13 23:36:44,ETHUSDT,ask,2400,4844.561
2024-09-13 23:36:50,ETHUSDT,ask,2400,4844.551
2024-09-13 23:36:55,ETHUSDT,ask,2400,4847.665
2024-09-13 23:37:04,ETHUSDT,ask,2400,4872.665
2024-09-13 23:37:05,ETHUSDT,ask,2400,4806.577
2024-09-13 23:37:12,ETHUSDT,ask,2400,4803.474
2024-09-13 23:37:12,ETHUSDT,ask,2400,4803.463
2024-09-13 23:37:27,ETHUSDT,ask,2430,4117.013
2024-09-13 23:37:28,ETHUSDT,ask,2400,4778.436
2024-09-13 23:37:32,ETHUSDT,ask,2400,4771.421
2024-09-13 23:37:39,ETHUSDT,ask,2400,4773.697
2024-09-13 23:37:42,ETHUSDT,ask,2400,4773.364
2024-09-13 23:37:50,ETHUSDT,ask,2400,4771.428
2024-09-13 23:37:59,ETHUSDT,ask,2400,4771.428
2024-09-13 23:38:03,ETHUSDT,ask,2400,4769.944
2024-09-13 23:39:06,ETHUSDT,ask,2400,4832.398
2024-09-13 23:39:10,ETHUSDT,ask,2400,4874.675
2024-09-13 23:39:13,ETHUSDT,ask,2400,4832.181
