1727136042502,ETHUSDT,ask,2750,6220.835
1727136154203,ETHUSDT,ask,2750,6222.653
1727136162403,ETHUSDT,ask,2750,6227.153
1727136167725,ETHUSDT,ask,2750,6222.653
1727136175410,ETHUSDT,ask,2760,5547.519
1727136210919,ETHUSDT,ask,2720,6218.952
1727136298441,ETHUSDT,bid,2570,4143.902
1727136327059,ETHUSDT,ask,2720,6218.661
1727136328609,ETHUSDT,ask,2720,6218.933
1727136359762,ETHUSDT,ask,2730,9892.808
1727136363085,ETHUSDT,bid,2420,4302.457
1727136364304,ETHUSDT,ask,2730,9892.74
1727136372297,ETHUSDT,ask,2710,6077.481
1727136378636,ETHUSDT,ask,2740,5680.667
1727136392199,ETHUSDT,ask,2730,9893.033
1727136400683,ETHUSDT,ask,2720,6213.419
1727136407644,ETHUSDT,ask,2750,6227.153
1727136412890,ETHUSDT,ask,2750,6222.653
1727136537639,ETHUSDT,ask,2720,6213.285
1727136563629,ETHUSDT,ask,2740,5679.667
1727136595372,ETHUSDT,ask,2720,6210.596
1727136609807,ETHUSDT,ask,2720,6205.596
1727136618905,ETHUSDT,bid,2570,4144.68
1727136692835,ETHUSDT,ask,2710,6077.489
1727136699439,ETHUSDT,ask,2750,6222.663
1727136700765,ETHUSDT,ask,2750,6222.673
1727136702854,ETHUSDT,ask,2750,6222.683
1727136703556,ETHUSDT,ask,2750,6222.693
1727136704102,ETHUSDT,ask,2750,6222.713
1727136704408,ETHUSDT,ask,2750,6222.723
1727136705228,ETHUSDT,ask,2750,6222.733
1727136705332,ETHUSDT,ask,2750,6222.743
1727136706258,ETHUSDT,ask,2750,6222.753
1727136706777,ETHUSDT,ask,2750,6222.763
1727136706878,ETHUSDT,ask,2750,6222.773
1727136707083,ETHUSDT,ask,2750,6222.783
1727136707185,ETHUSDT,ask,2750,6222.793
1727136707291,ETHUSDT,ask,2750,6222.803
1727136707389,ETHUSDT,ask,2750,6222.813
1727136707497,ETHUSDT,ask,2750,6222.823
1727136707929,ETHUSDT,ask,2750,6222.833
1727136708316,ETHUSDT,ask,2750,6222.843
1727136708854,ETHUSDT,ask,2750,6222.853
1727136709146,ETHUSDT,ask,2750,6222.873
1727136709275,ETHUSDT,ask,2750,6222.883
1727136709593,ETHUSDT,ask,2750,6222.903
1727136710613,ETHUSDT,ask,2750,6222.923
1727136710708,ETHUSDT,ask,2750,6222.933
1727136711149,ETHUSDT,ask,2750,6222.943
1727136711347,ETHUSDT,ask,2750,6222.953
1727136711563,ETHUSDT,ask,2750,6222.963
1727136711879,ETHUSDT,ask,2750,6222.983
1727136711972,ETHUSDT,ask,2750,6222.993
1727136712605,ETHUSDT,ask,2750,6223.003
1727136725974,ETHUSDT,ask,2750,6223.013
1727136726083,ETHUSDT,ask,2750,6223.023
1727136726397,ETHUSDT,ask,2750,6223.033
1727136729759,ETHUSDT,ask,2750,6223.023
1727136731106,ETHUSDT,ask,2750,6223.003
1727136732740,ETHUSDT,ask,2750,6222.983
1727136736144,ETHUSDT,ask,2750,6222.973
1727136736978,ETHUSDT,ask,2750,6222.963
1727136737793,ETHUSDT,ask,2750,6222.953
1727136738504,ETHUSDT,ask,2750,6222.943
1727136738713,ETHUSDT,ask,2750,6222.933
1727136739637,ETHUSDT,ask,2750,6222.923
1727136741483,ETHUSDT,ask,2750,6222.913
1727136746852,ETHUSDT,ask,2750,6222.883
1727136746953,ETHUSDT,ask,2750,6222.873
1727136748182,ETHUSDT,ask,2750,6222.863
1727136751406,ETHUSDT,ask,2750,6222.853
1727136751510,ETHUSDT,ask,2750,6222.843
1727136752630,ETHUSDT,ask,2750,6222.833
1727136753552,ETHUSDT,ask,2750,6222.823
1727136755223,ETHUSDT,ask,2750,6222.813
1727136756232,ETHUSDT,ask,2750,6222.803
1727136756232,ETHUSDT,ask,2760,5547.403
1727136756349,ETHUSDT,ask,2750,6222.783
1727136757064,ETHUSDT,ask,2750,6222.773
1727136758403,ETHUSDT,ask,2750,6222.763
1727136759334,ETHUSDT,ask,2750,6222.753
1727136760879,ETHUSDT,ask,2750,6222.733
1727136762113,ETHUSDT,ask,2750,6222.723
1727136763564,ETHUSDT,ask,2750,6222.703
1727136763665,ETHUSDT,ask,2750,6222.693
1727136764887,ETHUSDT,ask,2750,6222.683
1727136775870,ETHUSDT,ask,2760,5547.227
1727136780549,ETHUSDT,bid,2570,4145.166
1727136785504,ETHUSDT,ask,2750,6222.673
1727136786009,ETHUSDT,ask,2750,6222.663
1727136787443,ETHUSDT,ask,2750,6222.653
1727136795905,ETHUSDT,ask,2740,5679.844
1727136922584,ETHUSDT,bid,2570,4140.987
1727136963195,ETHUSDT,ask,2760,5547.277
1727136998489,ETHUSDT,ask,2710,6077.679
1727136998489,ETHUSDT,ask,2720,6205.311
1727137000969,ETHUSDT,ask,2760,5547.259
1727137046047,ETHUSDT,ask,2750,6223.653
1727137068809,ETHUSDT,ask,2750,6223.553
1727137082777,ETHUSDT,ask,2720,6203.389
1727137084606,ETHUSDT,ask,2720,6203.189
1727137113083,ETHUSDT,ask,2710,6067.67
1727137121417,ETHUSDT,ask,2710,6072.67
1727137212441,ETHUSDT,ask,2710,6074.014
1727137318702,ETHUSDT,ask,2720,6199.251
1727137321598,ETHUSDT,ask,2750,6223.595
1727137327106,ETHUSDT,bid,2570,4130.987
1727137327106,ETHUSDT,ask,2720,6189.251
1727137493887,ETHUSDT,ask,2730,9890.542
1727137615254,ETHUSDT,ask,2760,5537.259
1727137652320,ETHUSDT,ask,2750,6223.604
1727137652639,ETHUSDT,ask,2750,6223.613
1727137653763,ETHUSDT,ask,2750,6223.622
1727137653865,ETHUSDT,ask,2750,6223.631
1727137654159,ETHUSDT,ask,2750,6223.64
1727137668040,ETHUSDT,ask,2750,6223.93
1727137685662,ETHUSDT,ask,2760,5533.578
1727137692505,ETHUSDT,ask,2760,5532.578
1727137713664,ETHUSDT,bid,2570,4130.996
1727137713664,ETHUSDT,ask,2710,6074.023
1727137713664,ETHUSDT,ask,2730,9890.551
1727137713664,ETHUSDT,ask,2750,6223.939
1727137774122,ETHUSDT,ask,2730,9889.122
1727137783387,ETHUSDT,ask,2720,6194.827
1727137802901,ETHUSDT,bid,2490,4022.468
1727137855813,ETHUSDT,ask,2710,6073.873
1727137947688,ETHUSDT,ask,2730,9889.022
1727137967296,ETHUSDT,ask,2720,6192.968
1727138114769,ETHUSDT,ask,2720,6191.968
1727138156690,ETHUSDT,bid,2570,4130.82
1727138214704,ETHUSDT,ask,2750,6223.728
1727138222907,ETHUSDT,ask,2750,6220.524
1727138226262,ETHUSDT,ask,2740,5670.174
1727138237077,ETHUSDT,ask,2720,6191.968
1727138273989,ETHUSDT,bid,2570,4123.038
1727138330794,ETHUSDT,bid,2570,4122.438
1727138345318,ETHUSDT,bid,2570,4122.338
1727138378556,ETHUSDT,ask,2730,9888.29
1727138422157,ETHUSDT,bid,2570,4134.838
1727138425606,ETHUSDT,bid,2460,4208.313
1727138430687,ETHUSDT,ask,2710,6073.193
1727138444496,ETHUSDT,ask,2720,6171.761
1727138456542,ETHUSDT,ask,2720,6173.982
1727138466094,ETHUSDT,ask,2710,6073.093
1727138472590,ETHUSDT,ask,2720,6171.661
1727138473096,ETHUSDT,bid,2570,4134.952
1727138479267,ETHUSDT,bid,2570,4134.902
1727138479469,ETHUSDT,ask,2760,5520.192
1727138495400,ETHUSDT,bid,2570,4132.902
1727138530969,ETHUSDT,ask,2730,9887.152
1727138530969,ETHUSDT,ask,2760,5345.431
1727138549373,ETHUSDT,ask,2720,6161.362
1727138552120,ETHUSDT,ask,2740,5670.138
1727138577803,ETHUSDT,bid,2420,4302.441
1727138608132,ETHUSDT,bid,2570,4130.957
1727138625146,ETHUSDT,ask,2720,6161.362
1727138638631,ETHUSDT,ask,2720,6161.007
1727138676499,ETHUSDT,bid,2570,4131.457
1727138686903,ETHUSDT,ask,2710,6073.347
1727138686903,ETHUSDT,ask,2740,5670.208
1727138694742,ETHUSDT,ask,2750,6208.998
1727138699738,ETHUSDT,ask,2720,6160.796
1727138780568,ETHUSDT,ask,2760,5345.951
1727138847929,ETHUSDT,ask,2720,6160.374
1727138867042,ETHUSDT,ask,2710,6068.347
1727138899257,ETHUSDT,ask,2740,5667.289
1727138899881,ETHUSDT,ask,2730,9835.687
1727138901211,ETHUSDT,ask,2720,6159.492
1727138923490,ETHUSDT,ask,2760,5330.224
1727138924005,ETHUSDT,ask,2720,6156.95
1727138926973,ETHUSDT,bid,1950,5445.74
1727138948436,ETHUSDT,bid,2570,4131.651
1727138958655,ETHUSDT,ask,2720,6156.318
1727139015945,ETHUSDT,bid,2570,4131.67
1727139049370,ETHUSDT,bid,2570,4138.381
1727139064643,ETHUSDT,ask,2710,6067.003
1727139064743,ETHUSDT,ask,2710,6066.974
1727139078272,ETHUSDT,bid,2570,4138.561
1727139088563,ETHUSDT,bid,2570,4148.561
1727139101036,ETHUSDT,bid,2570,4148.458
1727139133102,ETHUSDT,ask,2720,6153.322
1727139133723,ETHUSDT,ask,2720,6153.359
1727139157955,ETHUSDT,bid,2570,4148.439
1727139173931,ETHUSDT,ask,2710,6063.284
1727139193006,ETHUSDT,bid,2570,4148.499
1727139210928,ETHUSDT,bid,2570,4147.721
1727139218622,ETHUSDT,bid,2220,4571.975
1727139226324,ETHUSDT,bid,2570,4147.775
1727139233906,ETHUSDT,ask,2760,5311.811
1727139276717,ETHUSDT,ask,2710,6061.44
1727139285420,ETHUSDT,ask,2750,6208.504
1727139308164,ETHUSDT,ask,2740,5666.216
1727139329304,ETHUSDT,bid,2570,4141.064
1727139363876,ETHUSDT,ask,2710,6062.294
1727139363876,ETHUSDT,ask,2720,6153.308
1727139367373,ETHUSDT,ask,2710,6061.44
1727139378835,ETHUSDT,ask,2760,5309.557
1727139388224,ETHUSDT,ask,2760,5309.057
1727139458593,ETHUSDT,bid,2570,4141.453
1727139477375,ETHUSDT,ask,2750,6206.314
1727139486823,ETHUSDT,ask,2730,9832.455
1727139490905,ETHUSDT,ask,2710,6061.42
1727139495739,ETHUSDT,ask,2720,6157.66
1727139504125,ETHUSDT,bid,2220,4571.874
1727139504125,ETHUSDT,bid,2420,4302.34
1727139548281,ETHUSDT,bid,2570,4160.908
1727139572765,ETHUSDT,bid,2460,4207.713
1727139575123,ETHUSDT,bid,2570,4163.908
1727139580306,ETHUSDT,bid,2570,4160.908
1727139582064,ETHUSDT,bid,2570,4172.908
1727139603555,ETHUSDT,ask,2730,9830.624
1727139638858,ETHUSDT,ask,2740,5663.662
1727139639365,ETHUSDT,ask,2720,6155.106
1727139688787,ETHUSDT,ask,2750,6206.453
1727139712485,ETHUSDT,bid,2570,4173.102
1727139722170,ETHUSDT,bid,2570,4173.491
1727139727284,ETHUSDT,bid,2570,4173.767
1727139727284,ETHUSDT,ask,2720,6155.382
1727139739904,ETHUSDT,ask,2720,6154.871
1727139740113,ETHUSDT,ask,2720,6153.769
1727139749537,ETHUSDT,bid,2570,4178.868
1727139770142,ETHUSDT,ask,2750,6206.445
1727139801348,ETHUSDT,bid,2430,4122.741
1727139810916,ETHUSDT,bid,2430,4117.35
1727139829337,ETHUSDT,ask,2750,6206.255
1727139840792,ETHUSDT,bid,2430,4126.337
1727139867458,ETHUSDT,ask,2740,5662.933
1727139873518,ETHUSDT,ask,2730,9831.124
1727139880703,ETHUSDT,ask,2720,6171.993
1727139884842,ETHUSDT,ask,2750,6206.275
1727139899520,ETHUSDT,ask,2710,6059.5
1727139934838,ETHUSDT,ask,2710,6055.81
1727139948516,ETHUSDT,ask,2750,6206.24
1727139978257,ETHUSDT,ask,2720,6205.081
1727140002563,ETHUSDT,ask,2720,6197.729
1727140049187,ETHUSDT,bid,2570,4179.646
1727140086782,ETHUSDT,ask,2720,6197.239
1727140108185,ETHUSDT,ask,2750,6206.293
1727140118186,ETHUSDT,ask,2750,6206.656
1727140123437,ETHUSDT,ask,2710,6054.482
1727140123437,ETHUSDT,ask,2720,6184.004
1727140123437,ETHUSDT,ask,2730,9807.232
1727140123437,ETHUSDT,ask,2740,5649.795
1727140123437,ETHUSDT,ask,2750,6193.566
1727140123437,ETHUSDT,ask,2760,5296.014
1727140146171,ETHUSDT,ask,2720,6184.015
1727140162910,ETHUSDT,bid,2420,4303.164
1727140162910,ETHUSDT,bid,2570,4178.868
1727140176094,ETHUSDT,ask,2750,6193.203
1727140192715,ETHUSDT,ask,2720,6184.292
1727140195883,ETHUSDT,ask,2750,6193.15
1727140230251,ETHUSDT,ask,2710,6054.949
1727140258766,ETHUSDT,ask,2730,9804.381
1727140269325,ETHUSDT,ask,2720,6184.146
1727140328177,ETHUSDT,bid,2570,4178.988
1727140351203,ETHUSDT,ask,2720,6182.124
1727140364839,ETHUSDT,ask,2720,6181.389
1727140379453,ETHUSDT,bid,2570,4178.934
1727140406565,ETHUSDT,ask,2710,6049.949
1727140443336,ETHUSDT,ask,2710,6049.967
1727140514440,ETHUSDT,bid,2570,4179.986
1727140545546,ETHUSDT,ask,2720,6185.389
1727140553436,ETHUSDT,ask,3040,3283.817
1727140575620,ETHUSDT,ask,2750,6193.051
1727140596405,ETHUSDT,ask,2720,6185.597
1727140600814,ETHUSDT,ask,2760,5296.002
1727140626350,ETHUSDT,ask,2750,6218.724
1727140648940,ETHUSDT,ask,2750,6216.134
1727140703963,ETHUSDT,bid,2570,4179.208
1727140705391,ETHUSDT,ask,2740,5651.683
1727140725806,ETHUSDT,ask,2720,6187.485
1727140725806,ETHUSDT,ask,2740,5649.795
1727140755170,ETHUSDT,ask,2720,6187.558
1727140764729,ETHUSDT,ask,2720,6193.558
1727140766571,ETHUSDT,ask,2750,6151.867
1727140792667,ETHUSDT,ask,2710,6048.967
1727140818730,ETHUSDT,bid,2570,4179.147
1727140823056,ETHUSDT,bid,2570,4179.197
1727140889404,ETHUSDT,ask,2750,6151.897
1727140901897,ETHUSDT,ask,2750,6150.348
1727140915751,ETHUSDT,bid,2570,4179.206
1727140915751,ETHUSDT,ask,2710,6048.976
1727140915751,ETHUSDT,ask,2730,9803.817
1727140915751,ETHUSDT,ask,2750,6150.357
1727140923222,ETHUSDT,ask,2710,6049.455
1727140946816,ETHUSDT,bid,2570,4179.216
1727140958273,ETHUSDT,bid,2570,4179.243
1727140976734,ETHUSDT,bid,2570,4179.37
1727140996327,ETHUSDT,ask,2710,6048.125
1727141024412,ETHUSDT,bid,2570,4179.243
1727141044903,ETHUSDT,bid,2570,4187.025
1727141055034,ETHUSDT,ask,2750,6118.487
1727141061282,ETHUSDT,ask,2730,9803.873
1727141070985,ETHUSDT,ask,2730,9803.853
1727141075173,ETHUSDT,ask,2760,5290.846
1727141090507,ETHUSDT,ask,2720,6193.199
1727141120541,ETHUSDT,ask,2710,6047.907
1727141135100,ETHUSDT,ask,2740,5648.582
1727141157680,ETHUSDT,ask,3040,3283.809
1727141191516,ETHUSDT,ask,2720,6190.842
1727141252594,ETHUSDT,bid,1950,5375.74
1727141256174,ETHUSDT,ask,2720,6187.166
1727141295265,ETHUSDT,ask,2750,6118.464
1727141296392,ETHUSDT,ask,2710,6047.915
1727141296392,ETHUSDT,ask,2720,6187.174
1727141296392,ETHUSDT,ask,2730,9803.861
1727141296392,ETHUSDT,ask,2740,5641.848
1727141296392,ETHUSDT,ask,2750,6118.472
1727141296392,ETHUSDT,ask,2760,5290.854
1727141296392,ETHUSDT,ask,2990,3518.045
1727141316938,ETHUSDT,bid,2570,4187.133
1727141327346,ETHUSDT,ask,2730,9800.861
1727141330739,ETHUSDT,ask,2730,9800.918
1727141330845,ETHUSDT,ask,2730,9800.861
1727141341937,ETHUSDT,ask,2720,6183.174
1727141360457,ETHUSDT,ask,2730,9800.108
1727141395390,ETHUSDT,ask,2710,6047.731
1727141396214,ETHUSDT,ask,2720,6183.136
1727141402765,ETHUSDT,ask,2710,6047.723
1727141402765,ETHUSDT,ask,2720,6183.128
1727141402765,ETHUSDT,ask,2730,9800.1
1727141402765,ETHUSDT,ask,2740,5641.84
1727141402765,ETHUSDT,ask,2750,6118.464
1727141402765,ETHUSDT,ask,2760,5290.846
1727141475606,ETHUSDT,bid,2570,4187.237
1727141482751,ETHUSDT,ask,2720,6178.128
1727141507921,ETHUSDT,ask,2730,9799.6
1727141544214,ETHUSDT,ask,2990,3509.058
1727141547299,ETHUSDT,ask,2720,6177.768
1727141639561,ETHUSDT,bid,2570,4187.177
1727141648732,ETHUSDT,ask,2720,6180.006
1727141653935,ETHUSDT,ask,2720,6175.506
1727141660044,ETHUSDT,bid,2570,4191.538
1727141672156,ETHUSDT,bid,2570,4181.538
1727141682585,ETHUSDT,ask,2720,6175.47
1727141713375,ETHUSDT,ask,2750,6094.958
1727141748129,ETHUSDT,ask,2710,6041.545
1727141762401,ETHUSDT,ask,2730,9799.59
1727141763522,ETHUSDT,ask,2720,6175.46
1727141824907,ETHUSDT,bid,2570,4182.538
1727141830812,ETHUSDT,bid,2570,4181.538
1727141887430,ETHUSDT,ask,2750,6094.966
1727141894881,ETHUSDT,ask,2730,9780.125
1727141921244,ETHUSDT,bid,2570,4178.538
1727142010303,ETHUSDT,ask,2730,9780.145
1727142010608,ETHUSDT,ask,2730,9780.155
1727142011024,ETHUSDT,ask,2730,9780.165
1727142011536,ETHUSDT,bid,2430,4117.35
1727142011638,ETHUSDT,ask,2730,9780.175
1727142012252,ETHUSDT,ask,2730,9780.185
1727142033771,ETHUSDT,bid,2430,4126.15
1727142035830,ETHUSDT,ask,2730,9780.175
1727142054820,ETHUSDT,ask,2730,9780.185
1727142060020,ETHUSDT,ask,2730,9780.165
1727142060121,ETHUSDT,ask,2730,9780.155
1727142060824,ETHUSDT,ask,2730,9780.145
1727142062268,ETHUSDT,ask,2730,9780.135
1727142067273,ETHUSDT,ask,2710,6041.135
1727142082811,ETHUSDT,ask,2710,6040.135
1727142082811,ETHUSDT,ask,2740,5639.481
1727142111043,ETHUSDT,ask,2730,9780.125
1727142113510,ETHUSDT,ask,2720,6180.22
1727142115446,ETHUSDT,ask,2720,6179.862
1727142134559,ETHUSDT,bid,2490,4023.468
1727142159293,ETHUSDT,ask,2710,6039.135
1727142175831,ETHUSDT,ask,2740,6149.481
1727142207532,ETHUSDT,ask,2750,6095.012
1727142225934,ETHUSDT,ask,2750,6094.947
1727142243174,ETHUSDT,ask,2710,6039.2
1727142284258,ETHUSDT,ask,2710,6039.135
1727142291603,ETHUSDT,ask,2720,6179.679
1727142292328,ETHUSDT,ask,2710,6038.951
1727142292561,ETHUSDT,ask,2740,6147.335
1727142293289,ETHUSDT,ask,2720,6177.496
1727142294420,ETHUSDT,ask,2730,9779.759
1727142295749,ETHUSDT,ask,2720,6177.129
1727142299981,ETHUSDT,ask,2710,6038.582
1727142366277,ETHUSDT,bid,2570,4175.491
1727142381867,ETHUSDT,bid,2420,4300.914
1727142402581,ETHUSDT,ask,2720,6175.129
1727142415084,ETHUSDT,ask,2710,6038.482
1727142423439,ETHUSDT,ask,2710,5964.682
1727142423439,ETHUSDT,ask,2740,6074.343
1727142438210,ETHUSDT,ask,2730,9779.703
1727142446596,ETHUSDT,ask,2760,5288.225
1727142462673,ETHUSDT,ask,2750,6094.966
1727142499115,ETHUSDT,ask,2710,5965.051
1727142500744,ETHUSDT,bid,2570,4175.427
1727142528166,ETHUSDT,ask,2750,6094.906
1727142541632,ETHUSDT,bid,2570,4183.59
1727142584139,ETHUSDT,ask,2740,6074.707
1727142647561,ETHUSDT,bid,2570,4183.784
1727142663090,ETHUSDT,bid,2620,8875.026
1727142664104,ETHUSDT,bid,2620,8669.84
1727142664208,ETHUSDT,bid,2620,8669.848
1727142665021,ETHUSDT,bid,2620,8677.461
1727142665121,ETHUSDT,bid,2620,8669.848
1727142665935,ETHUSDT,bid,2620,8670.14
1727142666039,ETHUSDT,bid,2620,8668.94
1727142666345,ETHUSDT,bid,2620,8668.94
1727142666964,ETHUSDT,bid,2620,8668.94
1727142668098,ETHUSDT,bid,2620,8668.94
1727142668202,ETHUSDT,bid,2620,8669.54
1727142669021,ETHUSDT,bid,2620,8677.153
1727142669124,ETHUSDT,bid,2620,8669.54
1727142669226,ETHUSDT,bid,2620,8668.94
1727142670947,ETHUSDT,bid,2570,4187.814
1727142673639,ETHUSDT,bid,2620,8667.771
1727142673918,ETHUSDT,bid,2620,8667.808
1727142675613,ETHUSDT,bid,2620,8671.029
1727142675816,ETHUSDT,bid,2620,8667.808
1727142676312,ETHUSDT,bid,2620,8667.923
1727142676428,ETHUSDT,bid,2620,8667.886
1727142677242,ETHUSDT,bid,2620,8683.126
1727142678175,ETHUSDT,bid,2620,8667.886
1727142679091,ETHUSDT,bid,2620,8672.565
1727142679604,ETHUSDT,bid,2620,8670.965
1727142679604,ETHUSDT,ask,2750,6095.269
1727142680436,ETHUSDT,bid,2620,8667.886
1727142682410,ETHUSDT,bid,2620,8681.606
1727142683423,ETHUSDT,bid,2620,8667.886
1727142683735,ETHUSDT,bid,2620,8666.725
1727142685164,ETHUSDT,bid,2620,8666.717
1727142686306,ETHUSDT,bid,2620,8666.911
1727142686724,ETHUSDT,bid,2620,8677.997
1727142687138,ETHUSDT,bid,2620,8666.911
1727142687542,ETHUSDT,bid,2620,8682.151
1727142687653,ETHUSDT,bid,2620,8681.957
1727142695783,ETHUSDT,ask,2750,6090.269
1727142702246,ETHUSDT,bid,2620,8220.116
1727142702448,ETHUSDT,bid,2620,8220.116
1727142702648,ETHUSDT,bid,2620,8220.916
1727142702857,ETHUSDT,bid,2620,8220.116
1727142704204,ETHUSDT,bid,2620,8218.116
1727142708025,ETHUSDT,bid,2620,8218.716
1727142708230,ETHUSDT,bid,2620,8218.116
1727142709462,ETHUSDT,ask,2760,5288.587
1727142710091,ETHUSDT,bid,2620,8218.516
1727142710296,ETHUSDT,bid,2620,8218.116
1727142710399,ETHUSDT,bid,2620,8216.716
1727142710601,ETHUSDT,bid,2620,8216.727
1727142712128,ETHUSDT,bid,2620,8220.531
1727142714905,ETHUSDT,bid,2620,8438.064
1727142715421,ETHUSDT,bid,2620,8438.364
1727142715942,ETHUSDT,bid,2620,8438.064
1727142716555,ETHUSDT,bid,2620,8438.301
1727142727756,ETHUSDT,bid,2570,4187.849
1727142731239,ETHUSDT,bid,2630,6568.736
1727142749906,ETHUSDT,ask,2730,9776.773
1727142774781,ETHUSDT,bid,2570,4187.745
1727142817123,ETHUSDT,ask,2750,6089.727
1727142902678,ETHUSDT,ask,2730,9780.815
1727142905692,ETHUSDT,ask,2750,6093.769
1727142980004,ETHUSDT,bid,2570,4189.594
1727143158406,ETHUSDT,bid,2460,4208.291
1727143218836,ETHUSDT,bid,2570,4193.482
1727143272491,ETHUSDT,ask,2740,6074.53
1727143284726,ETHUSDT,ask,2730,9780.993
1727143302134,ETHUSDT,ask,2730,9782.993
1727143317208,ETHUSDT,bid,2570,4192.449
1727143317208,ETHUSDT,ask,2720,6175.451
1727143317208,ETHUSDT,ask,2740,6074.148
1727143317208,ETHUSDT,ask,2760,5288.086
1727143317304,ETHUSDT,ask,2750,6092.717
1727143417296,ETHUSDT,ask,2710,5965.033
1727143423359,ETHUSDT,bid,2570,4197.492
1727143445390,ETHUSDT,ask,2720,6175.465
1727143458541,ETHUSDT,ask,2750,6091.645
1727143502962,ETHUSDT,ask,2730,9782.448
1727143541071,ETHUSDT,ask,2740,6073.41
1727143562209,ETHUSDT,bid,2430,4124.15
1727143630014,ETHUSDT,ask,2730,9780.678
1727143697983,ETHUSDT,bid,2570,4198.492
1727143716165,ETHUSDT,ask,2760,5285.716
1727143737105,ETHUSDT,bid,2570,4198.686
1727143744774,ETHUSDT,ask,2720,6176.465
1727143794469,ETHUSDT,bid,2570,4203.153
1727143807396,ETHUSDT,ask,2750,6091.605
1727143815394,ETHUSDT,ask,2710,5961.868
1727143820113,ETHUSDT,bid,2570,4259.394
1727143836433,ETHUSDT,bid,2570,4203.153
1727143839771,ETHUSDT,ask,2720,6176.515
1727143845513,ETHUSDT,ask,2740,6069.538
1727143852300,ETHUSDT,ask,2720,6174.865
1727143855505,ETHUSDT,bid,2570,4203.107
1727143873526,ETHUSDT,bid,2570,4203.612
1727143896428,ETHUSDT,bid,2570,4199.724
1727143902605,ETHUSDT,bid,2420,4301.914
1727143906656,ETHUSDT,ask,2720,6186.996
1727143907893,ETHUSDT,ask,2760,5283.42
1727143916048,ETHUSDT,bid,2570,4200.307
1727143923292,ETHUSDT,ask,2740,6069.325
1727143928991,ETHUSDT,bid,2570,4200.357
1727143935951,ETHUSDT,ask,2710,5960.868
1727143977914,ETHUSDT,bid,2570,4202.059
1727143978922,ETHUSDT,bid,2570,4202.088
1727143978922,ETHUSDT,ask,2710,5960.897
1727143978922,ETHUSDT,ask,2720,6187.025
1727143978922,ETHUSDT,ask,2730,9765.606
1727143978922,ETHUSDT,ask,2740,6069.354
1727143978922,ETHUSDT,ask,2750,6091.634
1727143980251,ETHUSDT,ask,2750,6091.457
1727143982400,ETHUSDT,ask,2710,5960.925
1727143998771,ETHUSDT,bid,2570,4202.477
1727144038195,ETHUSDT,bid,2570,4202.088
1727144042902,ETHUSDT,bid,2570,4202.483
1727144051105,ETHUSDT,ask,2750,6093.638
1727144098145,ETHUSDT,bid,2570,4203.551
1727144116836,ETHUSDT,bid,2420,4301.514
1727144124389,ETHUSDT,bid,2570,4202.483
1727144130974,ETHUSDT,bid,2570,4207.483
1727144156558,ETHUSDT,ask,2740,6068.516
1727144189544,ETHUSDT,bid,2570,4209.483
1727144198466,ETHUSDT,ask,2740,6067.174
1727144217736,ETHUSDT,ask,2710,5959.925
1727144228846,ETHUSDT,bid,2570,4209.505
1727144231504,ETHUSDT,bid,2570,4207.803
1727144241717,ETHUSDT,bid,2570,4207.841
1727144246110,ETHUSDT,ask,2750,6086.314
1727144249494,ETHUSDT,ask,2710,5959.704
1727144308517,ETHUSDT,bid,2570,4208.091
1727144308724,ETHUSDT,bid,2570,4204.2
1727144316396,ETHUSDT,bid,2570,4204.431
1727144320604,ETHUSDT,bid,2570,4204.381
1727144324606,ETHUSDT,ask,2750,6086.264
1727144344573,ETHUSDT,bid,2570,4204.181
1727144380267,ETHUSDT,bid,2570,4204.003
1727144389955,ETHUSDT,bid,2570,4205.17
1727144392334,ETHUSDT,ask,2750,6085.264
1727144412886,ETHUSDT,bid,2570,4209.832
1727144421402,ETHUSDT,bid,2570,4217.614
1727144453182,ETHUSDT,ask,2740,6062.238
1727144534083,ETHUSDT,ask,2760,5263.963
1727144555285,ETHUSDT,ask,2720,6174.807
1727144561044,ETHUSDT,ask,2720,6171.788
1727144585558,ETHUSDT,ask,2760,5263.853
1727144615201,ETHUSDT,bid,2570,4217.031
1727144648904,ETHUSDT,bid,2570,4217.319
1727144664564,ETHUSDT,bid,2570,4212.657
1727144668288,ETHUSDT,ask,2750,6085.255
1727144689809,ETHUSDT,ask,2760,5263.872
1727144691591,ETHUSDT,ask,2750,6085.246
1727144738821,ETHUSDT,ask,2710,5959.554
1727144751220,ETHUSDT,ask,2720,6171.716
1727144777803,ETHUSDT,bid,2570,4213.157
1727144785803,ETHUSDT,bid,2570,4226.11
1727144792645,ETHUSDT,ask,2750,6085.237
1727144813763,ETHUSDT,bid,2420,4300.527
1727144869605,ETHUSDT,bid,2570,4226.928
1727144891009,ETHUSDT,bid,2570,4226.734
1727144906380,ETHUSDT,ask,2740,6062.183
1727144917208,ETHUSDT,bid,2570,4229.651
1727144953239,ETHUSDT,ask,2720,6171.731
1727144953239,ETHUSDT,ask,2740,6062.198
1727144953239,ETHUSDT,ask,2760,5263.887
1727144972064,ETHUSDT,ask,2720,6171.481
1727145029426,ETHUSDT,bid,2570,4210.196
1727145034753,ETHUSDT,bid,2570,4211.391
1727145078459,ETHUSDT,bid,2570,4211.641
1727145106699,ETHUSDT,ask,2720,6171.426
1727145111963,ETHUSDT,ask,2710,5959.499
1727145185106,ETHUSDT,ask,2730,9770.423
1727145219405,ETHUSDT,ask,2710,5955.68
1727145235115,ETHUSDT,ask,2740,6054.198
1727145264249,ETHUSDT,bid,2570,4210.823
1727145276326,ETHUSDT,bid,2570,4210.629
1727145394822,ETHUSDT,ask,2710,5955.478
1727145509002,ETHUSDT,bid,2570,4210.637
1727145534880,ETHUSDT,ask,2750,6084.874
1727145545563,ETHUSDT,ask,2730,9770.413
1727145550000,ETHUSDT,ask,2750,6084.844
1727145556905,ETHUSDT,ask,2750,6084.741
1727145584602,ETHUSDT,bid,2570,4215.731
1727145590595,ETHUSDT,ask,2720,6149.384
1727145597386,ETHUSDT,bid,2570,4215.845
1727145609376,ETHUSDT,ask,2710,5959.978
1727145619880,ETHUSDT,ask,2710,5955.478
1727145624635,ETHUSDT,bid,2570,4247.782
1727145625958,ETHUSDT,bid,2570,4234.829
1727145631054,ETHUSDT,ask,2720,6149.311
1727145632171,ETHUSDT,ask,2740,6041.698
1727145661561,ETHUSDT,bid,2570,4238.829
1727145672562,ETHUSDT,ask,2710,5955.478
1727145717047,ETHUSDT,ask,2750,6154.749
1727145718086,ETHUSDT,bid,2570,4246.611
1727145731446,ETHUSDT,bid,2570,4247.111
1727145757919,ETHUSDT,bid,2570,4246.722
1727145883145,ETHUSDT,bid,2570,4226.722
1727145884773,ETHUSDT,ask,2750,6084.749
1727145945234,ETHUSDT,bid,2570,4226.73
1727146002426,ETHUSDT,bid,2570,4222.73
1727146012389,ETHUSDT,ask,2710,5955.005
1727146032562,ETHUSDT,bid,2570,4222.928
1727146037475,ETHUSDT,bid,2570,4190.991
1727146042584,ETHUSDT,ask,2720,6130.459
1727146061233,ETHUSDT,bid,2570,4190.966
1727146070024,ETHUSDT,ask,2720,6130.159
1727146070326,ETHUSDT,ask,2710,5954.855
1727146083775,ETHUSDT,bid,2570,4188.966
1727146098191,ETHUSDT,ask,2710,5954.925
1727146141191,ETHUSDT,ask,2730,9776.819
1727146165869,ETHUSDT,bid,2570,4198.693
1727146190605,ETHUSDT,ask,2750,6076.731
1727146191851,ETHUSDT,ask,2720,6130.089
1727146196690,ETHUSDT,bid,2570,4198.809
1727146203571,ETHUSDT,ask,2710,5945.432
1727146219182,ETHUSDT,bid,2570,4200.809
1727146226602,ETHUSDT,bid,2420,4302.527
1727146235805,ETHUSDT,bid,2570,4201.21
1727146283480,ETHUSDT,bid,2570,4201.012
1727146293621,ETHUSDT,ask,2720,6129.356
1727146318405,ETHUSDT,bid,2420,4302.542
1727146318405,ETHUSDT,bid,2570,4201.026
1727146318405,ETHUSDT,ask,2710,5945.445
1727146318405,ETHUSDT,ask,2720,6129.369
1727146318405,ETHUSDT,ask,2730,9776.832
1727146318405,ETHUSDT,ask,2740,6041.711
1727146318405,ETHUSDT,ask,2750,6076.744
1727146318405,ETHUSDT,ask,2760,5263.9
1727146319561,ETHUSDT,bid,2570,4201.201
1727146323069,ETHUSDT,ask,2730,9776.668
1727146404641,ETHUSDT,ask,2750,6076.806
1727146414521,ETHUSDT,ask,2750,6076.305
1727146508851,ETHUSDT,bid,2570,4196.158
1727146510494,ETHUSDT,ask,2750,6126.305
1727146539034,ETHUSDT,ask,2750,6124.953
1727146563534,ETHUSDT,ask,2710,5945.348
1727146595498,ETHUSDT,ask,2710,5945.398
1727146605568,ETHUSDT,bid,2570,4196.269
1727146679416,ETHUSDT,ask,2730,9775.273
1727146682888,ETHUSDT,ask,2750,6207.41
1727146694488,ETHUSDT,ask,2740,6043.711
1727146695209,ETHUSDT,ask,2750,6218.41
1727146760152,ETHUSDT,bid,2570,4196.158
1727146764252,ETHUSDT,ask,2710,5945.078
1727146789369,ETHUSDT,ask,2740,6043.806
1727146793886,ETHUSDT,bid,2570,4196.547
1727146797588,ETHUSDT,bid,2570,4196.631
1727146826159,ETHUSDT,bid,2570,4196.547
1727146847531,ETHUSDT,ask,2720,6129.339
1727146851958,ETHUSDT,bid,2570,4192.08
1727146852362,ETHUSDT,ask,2750,6215.001
1727146870826,ETHUSDT,bid,2570,4192.109
1727146888016,ETHUSDT,bid,2220,4571.974
1727146900710,ETHUSDT,ask,2760,5263.4
1727146956543,ETHUSDT,bid,2570,4192.071
1727147019629,ETHUSDT,ask,2750,6214.925
1727147062605,ETHUSDT,ask,2750,6215.783
1727147072666,ETHUSDT,ask,2750,6133.326
1727147077656,ETHUSDT,ask,2750,6132.468
1727147083338,ETHUSDT,ask,2750,6214.925
1727147087052,ETHUSDT,ask,2750,6215.512
1727147115026,ETHUSDT,bid,2570,4192.081
1727147148686,ETHUSDT,ask,2710,5945.198
1727147214995,ETHUSDT,ask,2750,6215.319
1727147219511,ETHUSDT,ask,2750,6215.819
1727147263544,ETHUSDT,bid,2460,4208.103
1727147456818,ETHUSDT,ask,2720,6131.544
1727147496088,ETHUSDT,ask,2740,6043.537
1727147561404,ETHUSDT,ask,2730,9774.19
1727147611327,ETHUSDT,bid,2420,4302.46
1727147622608,ETHUSDT,ask,2720,6131.689
1727147622608,ETHUSDT,ask,2740,6043.682
1727147622608,ETHUSDT,ask,2760,5263.545
1727147629239,ETHUSDT,bid,2570,4211.536
1727147640937,ETHUSDT,ask,2730,9774.2
1727147671458,ETHUSDT,ask,2730,9774.19
1727147676591,ETHUSDT,ask,2760,5262.459
1727147682964,ETHUSDT,ask,2760,5252.459
1727147698200,ETHUSDT,ask,2750,6215.775
1727147700252,ETHUSDT,bid,2420,4302.151
1727147711704,ETHUSDT,bid,2420,4302.769
1727147744217,ETHUSDT,ask,2750,6133.318
1727147773613,ETHUSDT,bid,2420,4302.81
1727147780059,ETHUSDT,ask,2750,6222.308
1727147783331,ETHUSDT,bid,2570,4221.263
1727147820797,ETHUSDT,bid,2220,4572.018
1727147833760,ETHUSDT,bid,2570,4221.243
1727147878187,ETHUSDT,bid,2570,4221.343
1727147977146,ETHUSDT,bid,1700,6015.18
1727147979618,ETHUSDT,bid,1700,6013.51
1727147991559,ETHUSDT,bid,1700,6013.187
1727147996835,ETHUSDT,ask,2720,6126.595
1727148007988,ETHUSDT,ask,2730,9774.22
1727148008095,ETHUSDT,ask,2730,9774.23
1727148008198,ETHUSDT,ask,2730,9774.24
1727148008300,ETHUSDT,ask,2730,9774.25
1727148008398,ETHUSDT,ask,2730,9774.26
1727148011659,ETHUSDT,ask,2730,9774.27
1727148011758,ETHUSDT,ask,2730,9774.29
1727148011863,ETHUSDT,ask,2730,9774.3
1727148011956,ETHUSDT,ask,2730,9774.32
1727148012792,ETHUSDT,ask,2730,9774.33
1727148013716,ETHUSDT,ask,2730,9774.34
1727148014961,ETHUSDT,ask,2730,9774.35
1727148028861,ETHUSDT,ask,2740,6045.682
1727148030822,ETHUSDT,ask,2760,5252.168
1727148047888,ETHUSDT,ask,2730,9774.34
1727148048707,ETHUSDT,ask,2730,9774.33
1727148049319,ETHUSDT,ask,2730,9774.32
1727148049935,ETHUSDT,ask,2730,9774.31
1727148050239,ETHUSDT,ask,2730,9774.3
1727148051172,ETHUSDT,ask,2730,9774.29
1727148051576,ETHUSDT,ask,2730,9774.27
1727148051886,ETHUSDT,ask,2730,9774.26
1727148052605,ETHUSDT,ask,2730,9774.25
1727148053115,ETHUSDT,ask,2730,9774.24
1727148054245,ETHUSDT,ask,2730,9774.23
1727148055378,ETHUSDT,ask,2730,9774.22
1727148056303,ETHUSDT,ask,2730,9774.21
1727148057989,ETHUSDT,ask,2730,9774.19
1727148061309,ETHUSDT,bid,2220,4572.028
1727148109716,ETHUSDT,ask,2750,6217.308
1727148116367,ETHUSDT,ask,2750,6217.272
1727148326690,ETHUSDT,ask,2750,6217.503
1727148333762,ETHUSDT,bid,2570,4220.843
1727148342206,ETHUSDT,bid,2570,4213.061
1727148396925,ETHUSDT,ask,2720,6129.293
1727148401566,ETHUSDT,ask,2720,6133.009
1727148435735,ETHUSDT,ask,2720,6133.049
1727148534149,ETHUSDT,bid,2570,4214.061
1727148546448,ETHUSDT,ask,2710,5947.198
1727148588181,ETHUSDT,ask,2760,5252.096
1727148635798,ETHUSDT,ask,2750,6217.303
1727148649179,ETHUSDT,ask,2730,9775.545
1727148729595,ETHUSDT,bid,2570,4216.263
1727148732346,ETHUSDT,ask,2750,6216.303
1727148740464,ETHUSDT,ask,2710,5945.507
1727148835544,ETHUSDT,ask,2720,6132.535
1727148846235,ETHUSDT,bid,2490,4023.704
1727148886354,ETHUSDT,bid,2570,4216.281
1727148886354,ETHUSDT,ask,2710,5945.525
1727148886354,ETHUSDT,ask,2720,6132.553
1727148886354,ETHUSDT,ask,2730,9775.563
1727148886354,ETHUSDT,ask,2740,6045.7
1727148886354,ETHUSDT,ask,2750,6216.321
1727148886354,ETHUSDT,ask,2760,5252.114
1727148886354,ETHUSDT,ask,2990,3509.076
1727148949130,ETHUSDT,ask,2710,5945.114
1727148952606,ETHUSDT,ask,2750,6214.995
1727148961132,ETHUSDT,bid,2420,4302.662
1727148973802,ETHUSDT,ask,2730,9776.063
1727148975803,ETHUSDT,ask,2720,6129.698
1727148983190,ETHUSDT,bid,2570,4211.101
1727148988466,ETHUSDT,bid,2570,4211.401
1727149019190,ETHUSDT,ask,2720,6128.897
