2024-09-01 07:00:42,ETHUSDT,bid,2430,5404.092
2024-09-01 07:01:55,ETHUSDT,bid,2460,5311.45
2024-09-01 07:02:14,ETHUSDT,bid,2450,5371.038
2024-09-01 07:02:16,ETHUSDT,bid,2450,4135.783
2024-09-01 07:02:49,ETHUSDT,bid,2420,4393.411
2024-09-01 07:02:51,ETHUSDT,bid,2450,5370.835
2024-09-01 07:03:56,ETHUSDT,bid,2470,5347.055
2024-09-01 07:04:58,ETHUSDT,bid,2420,4393.211
2024-09-01 07:06:27,ETHUSDT,bid,2470,5345.046
2024-09-01 07:06:43,ETHUSDT,bid,2470,4100.348
2024-09-01 07:07:14,ETHUSDT,bid,2450,5340.329
2024-09-01 07:08:27,ETHUSDT,bid,2460,5311.35
2024-09-01 07:09:02,ETHUSDT,bid,2440,4114.855
2024-09-01 07:09:36,ETHUSDT,bid,2440,5228.28
2024-09-01 07:10:16,ETHUSDT,bid,2470,5343.416
2024-09-01 07:10:22,ETHUSDT,bid,2440,5228.076
2024-09-01 07:10:56,ETHUSDT,bid,2420,4397.711
2024-09-01 07:11:06,ETHUSDT,bid,2420,4393.211
2024-09-01 07:11:12,ETHUSDT,bid,2420,4397.711
2024-09-01 07:11:22,ETHUSDT,bid,2420,4393.211
2024-09-01 07:12:15,ETHUSDT,bid,2440,4115.855
2024-09-01 07:12:27,ETHUSDT,bid,2450,4131.611
2024-09-01 07:12:55,ETHUSDT,bid,2450,4131.587
2024-09-01 07:13:16,ETHUSDT,bid,2450,5337.325
2024-09-01 07:13:43,ETHUSDT,bid,2420,4397.711
2024-09-01 07:13:54,ETHUSDT,bid,2420,4393.211
2024-09-01 07:14:15,ETHUSDT,bid,2410,4202.996
2024-09-01 07:15:12,ETHUSDT,bid,2470,5347.853
2024-09-01 07:18:45,ETHUSDT,bid,2470,5348.66
2024-09-01 07:18:45,ETHUSDT,bid,2470,5347.853
2024-09-01 07:18:50,ETHUSDT,bid,2470,5348.458
2024-09-01 07:18:54,ETHUSDT,bid,2430,5430.857
2024-09-01 07:19:00,ETHUSDT,bid,2470,5347.853
2024-09-01 07:19:32,ETHUSDT,bid,2410,5126.897
2024-09-01 07:20:18,ETHUSDT,bid,2470,5346.661
2024-09-01 07:23:00,ETHUSDT,bid,2450,5338.917
2024-09-01 07:23:10,ETHUSDT,bid,2410,4203.011
2024-09-01 07:23:10,ETHUSDT,bid,2450,4131.602
2024-09-01 07:25:26,ETHUSDT,bid,2460,5297.844
2024-09-01 07:26:34,ETHUSDT,bid,2460,5297.594
2024-09-01 07:26:57,ETHUSDT,bid,2460,5297.894
2024-09-01 07:27:24,ETHUSDT,bid,2460,5297.594
2024-09-01 07:27:36,ETHUSDT,bid,2460,5297.894
2024-09-01 07:27:51,ETHUSDT,bid,2470,4100.388
2024-09-01 07:28:00,ETHUSDT,bid,2470,5359.977
2024-09-01 07:28:00,ETHUSDT,bid,2440,5220.714
2024-09-01 07:28:03,ETHUSDT,bid,2470,5373.293
2024-09-01 07:28:03,ETHUSDT,bid,2470,5386.609
2024-09-01 07:28:38,ETHUSDT,bid,2410,4183.011
2024-09-01 07:29:07,ETHUSDT,bid,2250,4500.489
2024-09-01 07:29:27,ETHUSDT,bid,2450,5352.477
2024-09-01 07:29:48,ETHUSDT,bid,2470,4098.42
2024-09-01 07:30:54,ETHUSDT,bid,2470,5373.293
2024-09-01 07:31:05,ETHUSDT,bid,2470,5359.977
2024-09-01 07:31:07,ETHUSDT,bid,2470,5346.661
2024-09-01 07:31:39,ETHUSDT,bid,1700,6066.852
2024-09-01 07:32:02,ETHUSDT,bid,2440,5220.724
2024-09-01 07:32:58,ETHUSDT,bid,2440,5207.108
2024-09-01 07:33:37,ETHUSDT,bid,2430,5431.203
2024-09-01 07:34:17,ETHUSDT,bid,2470,5342.224
2024-09-01 07:34:20,ETHUSDT,bid,2450,4138.783
2024-09-01 07:34:25,ETHUSDT,bid,2450,4135.783
2024-09-01 07:34:52,ETHUSDT,bid,2410,5126.566
2024-09-01 07:34:54,ETHUSDT,bid,2410,4181.522
2024-09-01 07:35:22,ETHUSDT,bid,2420,10126.941
2024-09-01 07:35:22,ETHUSDT,bid,2470,5341.562
2024-09-01 07:36:16,ETHUSDT,bid,2440,4148.514
2024-09-01 07:37:06,ETHUSDT,bid,2450,4135.196
2024-09-01 07:37:13,ETHUSDT,bid,2450,4153.965
2024-09-01 07:38:11,ETHUSDT,bid,2410,5126.345
2024-09-01 07:39:47,ETHUSDT,bid,2470,5330.668
2024-09-01 07:41:04,ETHUSDT,bid,2410,5126.298
2024-09-01 07:41:04,ETHUSDT,bid,2420,10126.895
2024-09-01 07:41:04,ETHUSDT,bid,2430,5431.157
2024-09-01 07:41:04,ETHUSDT,bid,2440,5207.062
2024-09-01 07:41:04,ETHUSDT,bid,2450,5352.431
2024-09-01 07:41:04,ETHUSDT,bid,2460,5297.848
2024-09-01 07:41:04,ETHUSDT,bid,2470,5330.622
2024-09-01 07:41:16,ETHUSDT,bid,2440,4115.855
2024-09-01 07:41:49,ETHUSDT,bid,2420,4393.222
2024-09-01 07:41:49,ETHUSDT,bid,2440,4115.866
2024-09-01 07:42:13,ETHUSDT,bid,2450,4131.602
2024-09-01 07:42:17,ETHUSDT,bid,2470,5330.985
2024-09-01 07:42:17,ETHUSDT,bid,2470,5330.622
2024-09-01 07:42:19,ETHUSDT,bid,2420,4393.211
2024-09-01 07:42:19,ETHUSDT,bid,2440,4115.855
2024-09-01 07:42:54,ETHUSDT,bid,2470,5338.691
2024-09-01 07:44:00,ETHUSDT,bid,2250,4506.816
2024-09-01 07:44:02,ETHUSDT,ask,2990,3453.076
2024-09-01 07:44:05,ETHUSDT,bid,2410,5126.308
2024-09-01 07:44:05,ETHUSDT,bid,2420,10126.905
2024-09-01 07:44:05,ETHUSDT,bid,2430,5431.167
2024-09-01 07:44:05,ETHUSDT,bid,2440,5207.072
2024-09-01 07:44:05,ETHUSDT,bid,2450,5352.441
2024-09-01 07:44:05,ETHUSDT,bid,2460,5297.858
2024-09-01 07:44:05,ETHUSDT,bid,2470,5338.701
2024-09-01 07:44:27,ETHUSDT,bid,2470,5330.632
2024-09-01 07:44:32,ETHUSDT,bid,2460,5296.64
2024-09-01 07:44:46,ETHUSDT,bid,2430,5433.22
2024-09-01 07:45:05,ETHUSDT,ask,3040,3301.742
2024-09-01 07:46:54,ETHUSDT,bid,2470,4116.604
2024-09-01 07:46:55,ETHUSDT,bid,2460,5316.894
2024-09-01 07:47:03,ETHUSDT,bid,2460,5306.894
2024-09-01 07:47:07,ETHUSDT,bid,2420,10127.704
2024-09-01 07:47:07,ETHUSDT,bid,2470,5331.414
2024-09-01 07:47:09,ETHUSDT,bid,2450,5351.893
2024-09-01 07:47:57,ETHUSDT,bid,2470,4116.615
2024-09-01 07:48:13,ETHUSDT,bid,2460,5173.525
2024-09-01 07:48:57,ETHUSDT,bid,2470,5333.05
2024-09-01 07:50:08,ETHUSDT,bid,2470,5332.236
2024-09-01 07:50:17,ETHUSDT,bid,2460,5173.725
2024-09-01 07:50:24,ETHUSDT,bid,2450,4131.715
2024-09-01 07:50:30,ETHUSDT,bid,2450,4135.399
2024-09-01 07:51:09,ETHUSDT,bid,2470,4098.431
2024-09-01 07:51:55,ETHUSDT,bid,2460,5153.471
2024-09-01 07:52:17,ETHUSDT,bid,2450,5351.884
2024-09-01 07:52:58,ETHUSDT,bid,2450,5338.324
2024-09-01 07:53:47,ETHUSDT,bid,2450,5338.098
2024-09-01 07:54:09,ETHUSDT,bid,2410,5126.293
2024-09-01 07:54:20,ETHUSDT,bid,2410,5126.283
2024-09-01 07:54:20,ETHUSDT,bid,2420,10127.694
2024-09-01 07:54:20,ETHUSDT,bid,2430,5433.21
2024-09-01 07:54:20,ETHUSDT,bid,2440,5207.062
2024-09-01 07:54:20,ETHUSDT,bid,2450,5338.088
2024-09-01 07:54:20,ETHUSDT,bid,2460,5153.461
2024-09-01 07:54:20,ETHUSDT,bid,2470,5332.226
2024-09-01 07:55:20,ETHUSDT,bid,2470,5336.503
2024-09-01 07:55:23,ETHUSDT,bid,2140,4786.552
2024-09-01 07:56:17,ETHUSDT,bid,2450,4131.615
2024-09-01 07:56:36,ETHUSDT,bid,2430,5433.234
2024-09-01 07:56:36,ETHUSDT,bid,2460,5153.485
2024-09-01 07:57:08,ETHUSDT,bid,2460,5157.501
2024-09-01 07:57:34,ETHUSDT,bid,2460,5157.526
2024-09-01 07:58:02,ETHUSDT,bid,2460,5199.233
2024-09-01 07:58:45,ETHUSDT,bid,2410,4181.481
2024-09-01 07:58:45,ETHUSDT,bid,2420,4393.17
2024-09-01 07:59:08,ETHUSDT,bid,2430,5448.537
2024-09-01 07:59:14,ETHUSDT,bid,2430,5433.234
2024-09-01 07:59:17,ETHUSDT,bid,2420,10126.895
2024-09-01 07:59:17,ETHUSDT,bid,2470,5335.721
2024-09-01 07:59:23,ETHUSDT,bid,2430,5466.912
2024-09-01 07:59:51,ETHUSDT,bid,2430,5433.234
2024-09-01 08:00:47,ETHUSDT,bid,2470,5335.609
2024-09-01 08:02:03,ETHUSDT,bid,2470,5335.627
2024-09-01 08:04:11,ETHUSDT,bid,2450,5338.001
2024-09-01 08:04:22,ETHUSDT,bid,2410,5130.783
2024-09-01 08:04:23,ETHUSDT,bid,2430,5428.234
2024-09-01 08:04:27,ETHUSDT,bid,2410,5126.283
2024-09-01 08:05:13,ETHUSDT,bid,2420,10127.596
2024-09-01 08:05:13,ETHUSDT,bid,2470,5336.314
2024-09-01 08:05:37,ETHUSDT,bid,2470,4118.463
2024-09-01 08:05:56,ETHUSDT,bid,2140,4786.319
2024-09-01 08:07:05,ETHUSDT,bid,2440,5206.862
2024-09-01 08:07:20,ETHUSDT,bid,2470,4098.431
2024-09-01 08:07:26,ETHUSDT,bid,2450,4131.632
2024-09-01 08:07:36,ETHUSDT,bid,2450,4132.12
2024-09-01 08:08:35,ETHUSDT,bid,2470,5339.166
2024-09-01 08:09:52,ETHUSDT,bid,2460,5198.548
2024-09-01 08:10:01,ETHUSDT,bid,2420,10132.596
2024-09-01 08:10:39,ETHUSDT,bid,2460,5194.532
2024-09-01 08:10:48,ETHUSDT,bid,2450,4124.574
2024-09-01 08:11:01,ETHUSDT,bid,2470,5339.148
2024-09-01 08:11:08,ETHUSDT,ask,2990,3453.066
2024-09-01 08:11:10,ETHUSDT,bid,2470,5339.157
2024-09-01 08:11:14,ETHUSDT,ask,2990,3453.076
2024-09-01 08:14:25,ETHUSDT,bid,2430,5428.246
2024-09-01 08:14:54,ETHUSDT,bid,2450,5339.861
2024-09-01 08:15:06,ETHUSDT,bid,2450,4127.831
2024-09-01 08:15:06,ETHUSDT,bid,2460,5193.379
2024-09-01 08:15:12,ETHUSDT,bid,2440,4113.19
2024-09-01 08:15:18,ETHUSDT,bid,2250,4506.826
2024-09-01 08:15:22,ETHUSDT,bid,2460,5193.716
2024-09-01 08:15:51,ETHUSDT,bid,2470,4098.431
2024-09-01 08:16:08,ETHUSDT,bid,2250,4506.816
2024-09-01 08:16:13,ETHUSDT,bid,2440,4165.807
2024-09-01 08:16:52,ETHUSDT,bid,2140,4786.437
2024-09-01 08:16:52,ETHUSDT,bid,2410,4181.599
2024-09-01 08:16:52,ETHUSDT,bid,2440,4165.925
2024-09-01 08:16:52,ETHUSDT,ask,2990,3453.194
2024-09-01 08:16:55,ETHUSDT,bid,2420,10122.596
2024-09-01 08:16:58,ETHUSDT,bid,2470,5340.157
2024-09-01 08:17:06,ETHUSDT,bid,2440,4166.2
2024-09-01 08:17:37,ETHUSDT,bid,2140,4786.319
2024-09-01 08:17:37,ETHUSDT,bid,2410,4181.481
2024-09-01 08:17:37,ETHUSDT,bid,2440,4166.082
2024-09-01 08:17:37,ETHUSDT,ask,2990,3453.076
2024-09-01 08:17:43,ETHUSDT,bid,2440,4165.807
2024-09-01 08:17:55,ETHUSDT,bid,2440,4167.833
2024-09-01 08:18:09,ETHUSDT,bid,2440,5282.787
2024-09-01 08:18:11,ETHUSDT,bid,2440,4165.807
2024-09-01 08:18:30,ETHUSDT,bid,2470,5340.158
2024-09-01 08:18:39,ETHUSDT,bid,2470,5335.158
2024-09-01 08:18:47,ETHUSDT,bid,2470,5335.157
2024-09-01 08:18:59,ETHUSDT,bid,2440,4113.19
2024-09-01 08:19:06,ETHUSDT,bid,2440,5283.809
2024-09-01 08:19:06,ETHUSDT,bid,2460,5150.162
2024-09-01 08:19:15,ETHUSDT,bid,2470,5334.986
2024-09-01 08:19:20,ETHUSDT,bid,2460,5151.784
2024-09-01 08:19:24,ETHUSDT,bid,2460,5150.162
2024-09-01 08:19:30,ETHUSDT,bid,2470,5334.995
2024-09-01 08:19:55,ETHUSDT,bid,2430,5426.155
2024-09-01 08:19:55,ETHUSDT,bid,2460,5152.253
2024-09-01 08:19:55,ETHUSDT,bid,2470,5334.29
2024-09-01 08:20:28,ETHUSDT,bid,2470,5335.905
2024-09-01 08:20:32,ETHUSDT,bid,2430,5425.521
2024-09-01 08:20:43,ETHUSDT,bid,2440,5207.884
2024-09-01 08:20:58,ETHUSDT,bid,2470,5335.904
2024-09-01 08:20:58,ETHUSDT,bid,2470,5334.289
2024-09-01 08:21:15,ETHUSDT,bid,2410,5126.301
2024-09-01 08:21:15,ETHUSDT,bid,2420,10122.614
2024-09-01 08:21:15,ETHUSDT,bid,2430,5425.539
2024-09-01 08:21:15,ETHUSDT,bid,2440,5207.901
2024-09-01 08:21:15,ETHUSDT,bid,2450,5339.878
2024-09-01 08:21:15,ETHUSDT,bid,2460,5152.27
2024-09-01 08:21:15,ETHUSDT,bid,2470,5334.306
2024-09-01 08:21:49,ETHUSDT,bid,2410,4181.48
2024-09-01 08:21:53,ETHUSDT,bid,2420,10122.613
2024-09-01 08:22:37,ETHUSDT,bid,2470,4118.463
2024-09-01 08:23:31,ETHUSDT,bid,2470,4098.431
2024-09-01 08:23:41,ETHUSDT,bid,2460,5152.996
2024-09-01 08:24:57,ETHUSDT,bid,2460,5152.971
2024-09-01 08:27:00,ETHUSDT,bid,2430,5425.58
2024-09-01 08:28:51,ETHUSDT,bid,2470,5334.326
2024-09-01 08:29:00,ETHUSDT,bid,2470,5334.356
2024-09-01 08:29:12,ETHUSDT,bid,2460,5153.021
2024-09-01 08:29:23,ETHUSDT,bid,2450,5335.878
2024-09-01 08:30:01,ETHUSDT,bid,2450,5354.183
2024-09-01 08:30:12,ETHUSDT,bid,2470,4196.598
2024-09-01 08:30:18,ETHUSDT,bid,2450,4130.831
2024-09-01 08:30:28,ETHUSDT,bid,2250,4506.826
2024-09-01 08:30:34,ETHUSDT,bid,2250,4506.835
2024-09-01 08:30:43,ETHUSDT,bid,2250,4506.826
2024-09-01 08:30:46,ETHUSDT,bid,2430,5425.233
2024-09-01 08:30:52,ETHUSDT,bid,2470,4098.431
2024-09-01 08:30:53,ETHUSDT,bid,2410,4181.811
2024-09-01 08:31:07,ETHUSDT,bid,2250,4506.836
2024-09-01 08:31:20,ETHUSDT,bid,2450,5363.609
2024-09-01 08:31:28,ETHUSDT,bid,2470,5331.504
2024-09-01 08:31:32,ETHUSDT,bid,2250,4506.826
2024-09-01 08:31:37,ETHUSDT,bid,2420,4392.966
2024-09-01 08:31:49,ETHUSDT,bid,2250,4506.835
2024-09-01 08:31:54,ETHUSDT,bid,2250,4506.844
2024-09-01 08:31:55,ETHUSDT,bid,2250,4506.853
2024-09-01 08:31:55,ETHUSDT,bid,2250,4506.862
2024-09-01 08:31:58,ETHUSDT,bid,2250,4506.862
2024-09-01 08:32:03,ETHUSDT,bid,2250,4506.853
2024-09-01 08:32:04,ETHUSDT,bid,2250,4506.844
2024-09-01 08:32:04,ETHUSDT,bid,2250,4506.835
2024-09-01 08:32:07,ETHUSDT,bid,2250,4506.826
2024-09-01 08:32:20,ETHUSDT,bid,2450,5354.183
2024-09-01 08:32:20,ETHUSDT,bid,2250,4506.816
2024-09-01 08:32:39,ETHUSDT,bid,2460,5152.684
2024-09-01 08:33:05,ETHUSDT,bid,2250,4506.826
2024-09-01 08:33:51,ETHUSDT,bid,2250,4506.816
2024-09-01 08:33:56,ETHUSDT,bid,2450,5354.483
2024-09-01 08:34:13,ETHUSDT,bid,2410,5126.207
2024-09-01 08:34:16,ETHUSDT,bid,2250,4506.816
2024-09-01 08:34:17,ETHUSDT,bid,2250,4506.816
2024-09-01 08:34:17,ETHUSDT,bid,2430,5532.052
2024-09-01 08:34:18,ETHUSDT,bid,2250,4506.816
2024-09-01 08:34:19,ETHUSDT,bid,2250,4506.816
2024-09-01 08:34:20,ETHUSDT,bid,2250,4506.816
2024-09-01 08:34:21,ETHUSDT,bid,2450,5336.178
2024-09-01 08:34:21,ETHUSDT,bid,2250,4506.816
2024-09-01 08:34:22,ETHUSDT,bid,2250,4506.816
2024-09-01 08:34:23,ETHUSDT,bid,2250,4506.816
2024-09-01 08:34:24,ETHUSDT,bid,2250,4506.816
2024-09-01 08:34:25,ETHUSDT,bid,2250,4506.816
2024-09-01 08:34:26,ETHUSDT,bid,2250,4506.834
2024-09-01 08:34:26,ETHUSDT,bid,2250,4506.852
2024-09-01 08:34:26,ETHUSDT,bid,2250,4506.852
2024-09-01 08:34:27,ETHUSDT,bid,2250,4506.852
2024-09-01 08:34:28,ETHUSDT,bid,2250,4506.852
2024-09-01 08:34:29,ETHUSDT,bid,2250,4506.852
2024-09-01 08:34:35,ETHUSDT,bid,2470,5331.554
2024-09-01 08:34:38,ETHUSDT,bid,2450,5335.941
2024-09-01 08:34:38,ETHUSDT,bid,2420,10122.647
2024-09-01 08:34:39,ETHUSDT,bid,2470,5333.148
2024-09-01 08:34:39,ETHUSDT,bid,2460,5153.048
2024-09-01 08:34:40,ETHUSDT,bid,2460,5152.684
2024-09-01 08:34:41,ETHUSDT,bid,2420,10122.679
2024-09-01 08:34:42,ETHUSDT,bid,2420,10122.647
2024-09-01 08:34:47,ETHUSDT,bid,2460,5152.734
2024-09-01 08:34:47,ETHUSDT,bid,2470,5332.159
2024-09-01 08:34:48,ETHUSDT,bid,2420,10122.63
2024-09-01 08:34:49,ETHUSDT,bid,2420,10122.613
2024-09-01 08:34:49,ETHUSDT,bid,2470,5331.554
2024-09-01 08:35:01,ETHUSDT,bid,2450,5335.991
2024-09-01 08:35:03,ETHUSDT,bid,2450,4130.961
2024-09-01 08:35:12,ETHUSDT,bid,2410,5136.159
2024-09-01 08:35:22,ETHUSDT,bid,2410,5136.168
2024-09-01 08:35:22,ETHUSDT,bid,2420,10122.622
2024-09-01 08:35:22,ETHUSDT,bid,2430,5532.061
2024-09-01 08:35:22,ETHUSDT,bid,2440,5207.91
2024-09-01 08:35:22,ETHUSDT,bid,2450,5336.0
2024-09-01 08:35:22,ETHUSDT,bid,2460,5152.743
2024-09-01 08:35:22,ETHUSDT,bid,2470,5331.563
2024-09-01 08:35:23,ETHUSDT,bid,2420,10122.656
2024-09-01 08:35:33,ETHUSDT,bid,2420,10122.622
2024-09-01 08:35:39,ETHUSDT,bid,2450,5337.791
2024-09-01 08:36:17,ETHUSDT,bid,2450,4127.961
2024-09-01 08:36:22,ETHUSDT,bid,2460,5152.864
2024-09-01 08:37:19,ETHUSDT,bid,2470,5331.554
2024-09-01 08:37:23,ETHUSDT,bid,2470,5335.634
2024-09-01 08:37:53,ETHUSDT,bid,2470,5335.666
2024-09-01 08:37:58,ETHUSDT,bid,2420,10121.921
2024-09-01 08:37:58,ETHUSDT,bid,2470,5334.979
2024-09-01 08:38:24,ETHUSDT,bid,2410,5134.926
2024-09-01 08:38:28,ETHUSDT,bid,2420,10121.938
2024-09-01 08:38:29,ETHUSDT,bid,2420,10121.955
2024-09-01 08:38:31,ETHUSDT,bid,2460,5153.228
2024-09-01 08:38:32,ETHUSDT,bid,2460,5152.864
2024-09-01 08:38:37,ETHUSDT,bid,2470,5335.383
2024-09-01 08:38:39,ETHUSDT,bid,2450,5341.818
2024-09-01 08:38:39,ETHUSDT,bid,2420,10121.921
2024-09-01 08:38:45,ETHUSDT,bid,2470,5327.303
2024-09-01 08:38:53,ETHUSDT,bid,2140,4786.474
2024-09-01 08:38:53,ETHUSDT,ask,2990,3453.231
2024-09-01 08:39:10,ETHUSDT,bid,2430,5532.143
2024-09-01 08:39:22,ETHUSDT,bid,2430,5532.113
2024-09-01 08:39:22,ETHUSDT,bid,2460,5152.834
2024-09-01 08:39:36,ETHUSDT,bid,2450,5351.181
2024-09-01 08:39:36,ETHUSDT,bid,2460,5172.915
2024-09-01 08:39:36,ETHUSDT,bid,2460,5176.963
2024-09-01 08:39:37,ETHUSDT,bid,2460,5177.976
2024-09-01 08:39:55,ETHUSDT,bid,2460,5157.895
