1726963250979,ETHUSDT,bid,1700,6016.953
1726963357867,ETHUSDT,bid,1700,6017.503
1726963381965,ETHUSDT,bid,2490,4108.259
1726963628187,ETHUSDT,bid,2460,4189.807
1726963640693,ETHUSDT,bid,2220,4585.762
1726963770996,ETHUSDT,bid,2420,4240.868
1726964167403,ETHUSDT,bid,2420,4241.666
1726964175031,ETHUSDT,bid,2220,4584.306
1726964299850,ETHUSDT,bid,2420,4237.666
1726964340701,ETHUSDT,bid,2420,4237.463
1726964355027,ETHUSDT,bid,2220,4584.288
1726964361740,ETHUSDT,bid,2220,4584.269
1726964361740,ETHUSDT,bid,2420,4237.444
1726964553079,ETHUSDT,bid,2460,4189.604
1726964600884,ETHUSDT,bid,2030,5062.471
1726964626474,ETHUSDT,bid,2420,4236.646
1726964682362,ETHUSDT,bid,1700,6017.487
1726964834402,ETHUSDT,bid,2030,5063.471
1726964914802,ETHUSDT,bid,2460,4188.991
1726964921312,ETHUSDT,bid,2490,4107.859
1726965002536,ETHUSDT,bid,2490,4107.868
1726965435511,ETHUSDT,bid,2420,4229.646
1726965525893,ETHUSDT,ask,3090,3259.108
1726965798320,ETHUSDT,bid,2460,4188.621
1726965811505,ETHUSDT,bid,2490,4105.868
1726965826719,ETHUSDT,bid,2430,4121.319
1726965837141,ETHUSDT,bid,1950,5482.99
1726965909108,ETHUSDT,bid,2420,4229.72
1726966311321,ETHUSDT,bid,1960,5177.695
1726966448122,ETHUSDT,bid,1950,5480.695
1726966578345,ETHUSDT,bid,2420,4229.22
1726966996205,ETHUSDT,bid,2460,4188.63
1726967758369,ETHUSDT,bid,2220,4579.269
1726968632113,ETHUSDT,bid,2420,4229.202
1726969115415,ETHUSDT,bid,1960,5176.576
1726969167631,ETHUSDT,bid,2420,4229.242
1726969190646,ETHUSDT,bid,2490,4105.881
1726969317035,ETHUSDT,bid,2490,4105.706
1726969337018,ETHUSDT,bid,2490,4105.098
1726969698095,ETHUSDT,bid,2220,4579.259
1726969959663,ETHUSDT,bid,2490,4105.02
1726970330236,ETHUSDT,bid,2490,4105.03
1726970332206,ETHUSDT,bid,2490,4105.04
1726970366839,ETHUSDT,bid,2490,4105.05
1726970370237,ETHUSDT,bid,2490,4105.06
1726970378311,ETHUSDT,bid,2490,4105.07
1726970378718,ETHUSDT,bid,2490,4105.08
1726970379644,ETHUSDT,bid,2490,4105.09
1726970380053,ETHUSDT,bid,2490,4105.1
1726970425665,ETHUSDT,bid,2490,4105.09
1726970426076,ETHUSDT,bid,2490,4105.08
1726970426386,ETHUSDT,bid,2490,4105.07
1726970653712,ETHUSDT,bid,2490,4105.08
1726970653811,ETHUSDT,bid,2490,4105.09
1726970653909,ETHUSDT,bid,2490,4105.1
1726970655050,ETHUSDT,bid,2490,4105.11
1726970656905,ETHUSDT,bid,2490,4105.12
1726970657826,ETHUSDT,bid,2490,4105.13
1726970658563,ETHUSDT,bid,2420,4229.272
1726970658855,ETHUSDT,bid,2490,4105.14
1726970660225,ETHUSDT,bid,2490,4105.15
1726970660731,ETHUSDT,bid,2490,4105.16
1726970661037,ETHUSDT,bid,2490,4105.17
1726970661340,ETHUSDT,bid,2490,4105.18
1726970661441,ETHUSDT,bid,2490,4105.19
1726970663697,ETHUSDT,bid,2490,4118.525
1726970671453,ETHUSDT,bid,2490,4118.535
1726970671553,ETHUSDT,bid,2490,4118.545
1726970672487,ETHUSDT,bid,2490,4118.555
1726970672686,ETHUSDT,bid,2490,4118.565
1726970672788,ETHUSDT,bid,2490,4118.575
1726970672896,ETHUSDT,bid,2490,4118.585
1726970673202,ETHUSDT,bid,2490,4118.595
1726970673305,ETHUSDT,bid,2490,4118.605
1726970673406,ETHUSDT,bid,2490,4118.615
1726970673926,ETHUSDT,bid,2490,4118.625
1726970674161,ETHUSDT,bid,2490,4118.635
1726970674472,ETHUSDT,bid,2490,4118.645
1726970679000,ETHUSDT,bid,2490,4118.655
1726970680334,ETHUSDT,bid,2490,4131.992
1726970680605,ETHUSDT,bid,2490,4132.002
1726970682718,ETHUSDT,bid,2430,4121.28
1726970682825,ETHUSDT,bid,2490,4132.012
1726970695669,ETHUSDT,bid,2490,4132.022
1726970696205,ETHUSDT,bid,2490,4132.032
1726970696410,ETHUSDT,bid,2490,4132.042
1726970696504,ETHUSDT,bid,2490,4132.052
1726970696910,ETHUSDT,bid,2490,4132.062
1726970697136,ETHUSDT,bid,2490,4132.072
1726970698205,ETHUSDT,bid,2490,4132.082
1726970698607,ETHUSDT,bid,2490,4132.092
1726970699447,ETHUSDT,bid,2490,4132.102
1726970727443,ETHUSDT,bid,2490,4132.092
1726970727745,ETHUSDT,bid,2490,4132.082
1726970741533,ETHUSDT,bid,2490,4132.072
1726970757363,ETHUSDT,bid,2490,4132.062
1726970758789,ETHUSDT,bid,2490,4132.042
1726970759597,ETHUSDT,bid,2490,4132.032
1726970759799,ETHUSDT,bid,2490,4132.022
1726970760406,ETHUSDT,bid,2490,4132.012
1726970771108,ETHUSDT,bid,2490,4132.002
1726971204558,ETHUSDT,bid,2490,4136.502
1726971209804,ETHUSDT,bid,2490,4132.002
1726971248460,ETHUSDT,bid,2420,4229.263
1726971277472,ETHUSDT,bid,2220,4577.91
1726971482214,ETHUSDT,bid,2490,4131.963
1726972055831,ETHUSDT,bid,2490,4132.057
1726972070548,ETHUSDT,bid,2490,4118.722
1726972087061,ETHUSDT,bid,2490,4105.385
1726972154503,ETHUSDT,bid,2490,4105.375
1726972320027,ETHUSDT,bid,2490,4105.385
1726972320330,ETHUSDT,bid,2490,4105.395
1726972320533,ETHUSDT,bid,2490,4105.405
1726972321038,ETHUSDT,bid,2490,4105.415
1726972321138,ETHUSDT,bid,2490,4105.425
1726972350309,ETHUSDT,bid,2490,4105.415
1726972406323,ETHUSDT,bid,2030,5063.528
1726972661095,ETHUSDT,bid,2420,4229.189
1726974054481,ETHUSDT,bid,2420,4229.349
1726974189604,ETHUSDT,bid,2490,4105.385
1726974405104,ETHUSDT,bid,2490,4105.185
1726974780740,ETHUSDT,bid,2490,4105.195
1726974780942,ETHUSDT,bid,2490,4105.205
1726974781245,ETHUSDT,bid,2490,4105.215
1726974781751,ETHUSDT,bid,2600,4553.757
1726974782359,ETHUSDT,bid,2600,4569.171
1726974782661,ETHUSDT,bid,2600,4573.362
1726974783374,ETHUSDT,bid,2600,4569.562
1726974783482,ETHUSDT,bid,2600,4569.162
1726974784103,ETHUSDT,bid,2600,4569.173
1726974784205,ETHUSDT,bid,2600,4569.162
1726974786994,ETHUSDT,bid,2600,4569.173
1726974787505,ETHUSDT,bid,2600,4569.173
1726974787609,ETHUSDT,bid,2600,4569.162
1726974788530,ETHUSDT,bid,2600,4569.173
1726974788635,ETHUSDT,bid,2600,4569.162
1726974789354,ETHUSDT,bid,2600,4569.368
1726974789574,ETHUSDT,bid,2600,4569.162
1726974790200,ETHUSDT,bid,2600,4567.962
1726974790604,ETHUSDT,bid,2600,4572.162
1726974790806,ETHUSDT,bid,2600,4573.553
1726974791110,ETHUSDT,bid,2600,4569.353
1726974799515,ETHUSDT,bid,2490,4105.205
1726974802380,ETHUSDT,bid,2490,4105.195
1726974888851,ETHUSDT,bid,1960,5176.561
1726975024724,ETHUSDT,bid,1960,5176.576
1726975652883,ETHUSDT,bid,2490,4105.2
1726975986805,ETHUSDT,bid,1710,5868.654
1726976070717,ETHUSDT,bid,1710,5868.77
1726976220791,ETHUSDT,bid,2490,4105.21
1726976264022,ETHUSDT,bid,2490,4105.2
1726976967132,ETHUSDT,bid,2420,4229.479
1726977264796,ETHUSDT,bid,2490,4105.19
1726977364489,ETHUSDT,bid,2490,4105.17
1726977366964,ETHUSDT,bid,2490,4105.15
1726977435153,ETHUSDT,bid,2490,4105.14
1726977435358,ETHUSDT,bid,2490,4105.13
1726977451754,ETHUSDT,bid,2490,4105.12
1726977504293,ETHUSDT,bid,2490,4105.11
1726977532489,ETHUSDT,bid,2490,4105.1
1726977546511,ETHUSDT,bid,2490,4105.09
1726977580386,ETHUSDT,bid,2490,4105.08
1726977622492,ETHUSDT,bid,2490,4105.07
1726977622589,ETHUSDT,bid,2490,4105.06
1726977714799,ETHUSDT,bid,2490,4105.04
1726977755866,ETHUSDT,bid,2490,4105.03
1726977757317,ETHUSDT,bid,2490,4105.02
1726977764724,ETHUSDT,bid,2490,4105.01
1726977782403,ETHUSDT,bid,2490,4104.99
1726977808953,ETHUSDT,bid,2490,4104.97
1726977809366,ETHUSDT,bid,2490,4104.94
1726977837403,ETHUSDT,bid,2490,4104.92
1726977837812,ETHUSDT,bid,2490,4104.91
1726977850520,ETHUSDT,bid,2490,4104.9
1726977852707,ETHUSDT,bid,2490,4104.89
1726978067527,ETHUSDT,bid,1960,5176.561
1726978666105,ETHUSDT,bid,2490,4104.93
1726979460687,ETHUSDT,bid,2490,4104.68
1726979497636,ETHUSDT,bid,2490,4104.67
1726980042013,ETHUSDT,bid,2490,4104.68
1726980042623,ETHUSDT,bid,2490,4104.69
1726980044577,ETHUSDT,bid,2490,4104.7
1726980048499,ETHUSDT,bid,2490,4104.71
1726980054228,ETHUSDT,bid,2490,4104.72
1726980054747,ETHUSDT,bid,2490,4104.73
1726980092281,ETHUSDT,bid,2490,4104.74
1726980093305,ETHUSDT,bid,2490,4104.75
1726980093510,ETHUSDT,bid,2490,4104.76
1726980093935,ETHUSDT,bid,2490,4104.77
1726980095366,ETHUSDT,bid,2490,4104.79
1726980095879,ETHUSDT,bid,2490,4118.128
1726980096905,ETHUSDT,bid,2490,4118.138
1726980097112,ETHUSDT,bid,2490,4118.148
1726980098147,ETHUSDT,bid,2490,4118.158
1726980098248,ETHUSDT,bid,2490,4118.168
1726980099067,ETHUSDT,bid,2490,4118.178
1726980099996,ETHUSDT,bid,2490,4118.188
1726980100411,ETHUSDT,bid,2490,4118.198
1726980100513,ETHUSDT,bid,2490,4118.208
1726980106275,ETHUSDT,bid,2490,4118.218
1726980106586,ETHUSDT,bid,2490,4118.228
1726980136659,ETHUSDT,bid,2490,4118.218
1726980141116,ETHUSDT,bid,2490,4118.208
1726980141318,ETHUSDT,bid,2490,4118.198
1726980141722,ETHUSDT,bid,2490,4118.188
1726980142024,ETHUSDT,bid,2490,4118.178
1726980142223,ETHUSDT,bid,2490,4118.168
1726980142646,ETHUSDT,bid,2490,4118.158
1726980522221,ETHUSDT,bid,2430,4121.691
1726980593930,ETHUSDT,bid,2490,4118.168
1726980596510,ETHUSDT,bid,2490,4118.178
1726980599834,ETHUSDT,bid,2490,4118.188
1726980600452,ETHUSDT,bid,2490,4118.198
1726980601570,ETHUSDT,bid,2490,4118.208
1726980602594,ETHUSDT,bid,2490,4118.218
1726980635944,ETHUSDT,bid,2460,4191.46
1726980670253,ETHUSDT,bid,2490,4118.208
1726980724936,ETHUSDT,bid,2490,4118.198
1726980818057,ETHUSDT,bid,2220,4577.862
1726980818057,ETHUSDT,bid,2420,4229.431
1726980826469,ETHUSDT,bid,2490,4118.208
1726980826781,ETHUSDT,bid,2490,4118.218
1726980827182,ETHUSDT,bid,2490,4118.228
1726981177291,ETHUSDT,bid,2420,4229.472
1726981209539,ETHUSDT,bid,2220,4577.906
1726981506714,ETHUSDT,bid,2490,4104.89
1726981897131,ETHUSDT,bid,2460,4201.974
1726981985890,ETHUSDT,bid,2490,4104.88
1726982140485,ETHUSDT,bid,1950,5470.695
1726982174922,ETHUSDT,bid,2490,4104.83
1726982524029,ETHUSDT,bid,2220,4577.206
1726982636750,ETHUSDT,bid,2460,4201.595
1726982711319,ETHUSDT,bid,2220,4577.162
1726982717746,ETHUSDT,bid,2420,4229.431
1726982758303,ETHUSDT,bid,2420,4229.513
1726982844104,ETHUSDT,bid,2490,4105.83
1726983021866,ETHUSDT,bid,2490,4105.82
1726983235430,ETHUSDT,bid,2490,4105.807
1726983326489,ETHUSDT,bid,2460,4201.783
1726984210423,ETHUSDT,bid,2420,4230.131
1726984289903,ETHUSDT,bid,2490,4105.797
1726984360528,ETHUSDT,bid,2430,4121.491
1726984387805,ETHUSDT,bid,2490,4106.171
1726984408087,ETHUSDT,bid,2030,5063.6
1726984418054,ETHUSDT,bid,2460,4200.971
1726984512411,ETHUSDT,bid,2490,4105.891
1726984526806,ETHUSDT,bid,2420,4230.501
1726984608438,ETHUSDT,bid,2220,4577.746
1726985864998,ETHUSDT,bid,2420,4231.001
1726986772104,ETHUSDT,bid,2490,4105.881
1726986839246,ETHUSDT,bid,2490,4105.871
1726986948349,ETHUSDT,bid,2490,4105.861
1726986952869,ETHUSDT,bid,2490,4105.851
1726986959660,ETHUSDT,bid,2420,4230.001
1726987000198,ETHUSDT,bid,1710,5867.542
1726987008716,ETHUSDT,bid,1700,6017.475
1726987008716,ETHUSDT,bid,1740,5778.319
1726987008716,ETHUSDT,bid,1780,5727.824
1726987038700,ETHUSDT,bid,2420,4229.971
1726987043943,ETHUSDT,bid,2490,4105.841
1726987076479,ETHUSDT,bid,2420,4229.98
1726987085573,ETHUSDT,bid,2490,4105.831
1726987169363,ETHUSDT,bid,2490,4105.801
1726987173761,ETHUSDT,bid,2490,4105.781
1726987179404,ETHUSDT,bid,1700,6022.81
1726987180426,ETHUSDT,bid,2490,4105.761
1726987221467,ETHUSDT,bid,2490,4105.751
1726987271861,ETHUSDT,bid,2490,4105.741
1726987465988,ETHUSDT,bid,2430,4121.509
1726987546522,ETHUSDT,bid,2490,4105.731
1726987555697,ETHUSDT,bid,2220,4577.756
1726987555697,ETHUSDT,bid,2420,4229.99
1726987608193,ETHUSDT,bid,2490,4105.721
1726987666397,ETHUSDT,bid,2490,4105.711
1726987762233,ETHUSDT,bid,2490,4106.111
1726987785844,ETHUSDT,bid,2220,4577.768
1726987865442,ETHUSDT,bid,2490,4106.101
1726987925111,ETHUSDT,bid,2490,4106.091
1726988470737,ETHUSDT,bid,2460,4190.457
1726988653703,ETHUSDT,bid,2220,4574.088
1726989863627,ETHUSDT,bid,2420,4229.981
1726989941426,ETHUSDT,bid,2490,4106.101
1726990082169,ETHUSDT,bid,2030,5063.685
1726991098402,ETHUSDT,bid,1780,5728.824
1726991100059,ETHUSDT,bid,2490,4106.092
1726991169806,ETHUSDT,ask,3090,3258.928
1726991628628,ETHUSDT,bid,1700,6022.948
1726992278102,ETHUSDT,bid,1710,5867.69
1726992278102,ETHUSDT,bid,1960,5176.709
1726992584540,ETHUSDT,bid,2420,4229.481
1726992602574,ETHUSDT,bid,2490,4106.101
1726992612059,ETHUSDT,bid,1940,5301.004
1726992747353,ETHUSDT,bid,2490,4105.727
1726992865543,ETHUSDT,bid,2420,4229.604
1726993861933,ETHUSDT,ask,3040,3284.809
1726993900648,ETHUSDT,ask,3040,3283.809
1726994392690,ETHUSDT,bid,2490,4108.063
1726994582119,ETHUSDT,bid,2490,4107.93
1726994816200,ETHUSDT,bid,1680,8949.031
1726994995503,ETHUSDT,bid,1700,6022.933
1726995371954,ETHUSDT,bid,2580,6117.275
1726995373093,ETHUSDT,bid,2580,6094.065
1726995391856,ETHUSDT,bid,2580,6094.084
1726995410486,ETHUSDT,bid,2490,4105.594
1726995415082,ETHUSDT,bid,2580,6089.555
1726995416646,ETHUSDT,bid,2580,5079.518
1726995424135,ETHUSDT,bid,2580,5078.528
1726995462804,ETHUSDT,bid,2580,5078.374
1726995464780,ETHUSDT,bid,2580,5076.021
1726995516943,ETHUSDT,bid,2580,5077.181
1726995550901,ETHUSDT,bid,2580,5077.199
1726995551103,ETHUSDT,bid,2580,5077.96
1726995598623,ETHUSDT,bid,2580,5078.46
1726995604781,ETHUSDT,bid,2580,5079.419
1726995620057,ETHUSDT,bid,2580,5080.409
1726995620158,ETHUSDT,bid,2580,5079.419
1726995636835,ETHUSDT,bid,2580,5079.469
1726995642860,ETHUSDT,bid,2580,5080.459
1726995659556,ETHUSDT,bid,2580,5080.473
1726995660694,ETHUSDT,bid,2580,5079.322
1726995669553,ETHUSDT,bid,2420,4229.846
1726995681907,ETHUSDT,bid,2220,4574.352
1726996035838,ETHUSDT,bid,2420,4229.695
1726996173255,ETHUSDT,bid,2420,4229.572
1726996261850,ETHUSDT,bid,2420,4229.581
1726996363648,ETHUSDT,bid,2490,4102.57
1726996374412,ETHUSDT,bid,2420,4231.081
1726996377632,ETHUSDT,ask,2580,10008.383
1726996380114,ETHUSDT,ask,2580,10008.383
1726996381034,ETHUSDT,ask,2580,10008.263
1726996389768,ETHUSDT,ask,2580,10008.626
1726996389868,ETHUSDT,ask,2580,10003.72
1726996390073,ETHUSDT,ask,2580,10007.185
1726996391099,ETHUSDT,ask,2580,10007.185
1726996391807,ETHUSDT,ask,2580,10007.315
1726996394071,ETHUSDT,ask,2580,10007.315
1726996394168,ETHUSDT,ask,2580,10003.45
1726996395101,ETHUSDT,ask,2580,10003.45
1726996395405,ETHUSDT,ask,2580,10025.917
1726996396122,ETHUSDT,ask,2580,10003.45
1726996396534,ETHUSDT,ask,2580,10025.917
1726996398103,ETHUSDT,ask,2580,10003.45
1726996399145,ETHUSDT,ask,2580,10003.45
1726996399859,ETHUSDT,ask,2580,10007.289
1726996419726,ETHUSDT,bid,2420,4231.071
1726996617105,ETHUSDT,bid,2490,4102.672
1726997240442,ETHUSDT,bid,1940,5300.983
1726997368031,ETHUSDT,bid,2460,4192.253
1726997743218,ETHUSDT,bid,2460,4189.423
1726997786616,ETHUSDT,bid,2490,4102.322
1726998299883,ETHUSDT,bid,2490,4102.22
1726998436985,ETHUSDT,bid,2420,4231.061
1726998464813,ETHUSDT,bid,1960,5176.505
1726998699838,ETHUSDT,bid,2220,4574.342
1726998699838,ETHUSDT,bid,2420,4231.051
1726998764646,ETHUSDT,bid,2580,8875.034
1726998764747,ETHUSDT,bid,2580,8875.934
1726998764950,ETHUSDT,bid,2580,8875.034
1726998765147,ETHUSDT,bid,2580,8874.97
1726998765966,ETHUSDT,bid,2580,7910.782
1726998766070,ETHUSDT,bid,2580,7773.983
1726998766172,ETHUSDT,bid,2580,7773.759
1726998766274,ETHUSDT,bid,2580,7773.785
1726998766478,ETHUSDT,bid,2580,7774.418
1726998766580,ETHUSDT,bid,2580,7774.427
1726998766677,ETHUSDT,bid,2580,7774.317
1726998766782,ETHUSDT,bid,2580,7769.822
1726998766877,ETHUSDT,bid,2580,7769.86
1726998767091,ETHUSDT,bid,2580,7770.269
1726998767191,ETHUSDT,bid,2580,7770.489
1726998767498,ETHUSDT,bid,2580,7770.56
1726998767705,ETHUSDT,bid,2580,7770.31
1726998767805,ETHUSDT,bid,2580,7770.404
1726998768007,ETHUSDT,bid,2580,7770.308
1726998768116,ETHUSDT,bid,2580,7770.299
1726998768320,ETHUSDT,bid,2580,7770.313
1726998768524,ETHUSDT,bid,2580,7770.285
1726998768623,ETHUSDT,bid,2580,7770.392
1726998768817,ETHUSDT,bid,2580,7770.432
1726998769035,ETHUSDT,bid,2580,7765.781
1726998769123,ETHUSDT,bid,2580,7765.734
1726998769241,ETHUSDT,bid,2580,7765.952
1726998769346,ETHUSDT,bid,2580,7765.952
1726998769447,ETHUSDT,bid,2580,7766.092
1726998769546,ETHUSDT,bid,2580,7765.889
1726998769652,ETHUSDT,bid,2580,7765.889
1726998769752,ETHUSDT,bid,2580,7765.89
1726998769851,ETHUSDT,bid,2580,7766.034
1726998769962,ETHUSDT,bid,2580,7764.734
1726998770061,ETHUSDT,bid,2580,7764.688
1726998770163,ETHUSDT,bid,2580,7764.7
1726998770372,ETHUSDT,bid,2580,7764.794
1726998770484,ETHUSDT,bid,2580,7764.826
1726998770596,ETHUSDT,bid,2580,7759.826
1726998770703,ETHUSDT,bid,2580,7759.61
1726998770907,ETHUSDT,bid,2580,7759.603
1726998771206,ETHUSDT,bid,2580,7759.835
1726998771317,ETHUSDT,bid,2580,7760.024
1726998771422,ETHUSDT,bid,2580,7759.929
1726998771524,ETHUSDT,bid,2580,7760.293
1726998771614,ETHUSDT,bid,2580,7760.253
1726998771731,ETHUSDT,bid,2580,7759.091
1726998771829,ETHUSDT,bid,2580,7757.309
1726998772139,ETHUSDT,bid,2580,7757.347
1726998772344,ETHUSDT,bid,2580,7757.168
1726998772446,ETHUSDT,bid,2580,7757.355
1726998772548,ETHUSDT,bid,2580,7757.329
1726998772646,ETHUSDT,bid,2580,7757.08
1726998772846,ETHUSDT,bid,2580,7757.121
1726998772959,ETHUSDT,bid,2580,7757.028
1726998773058,ETHUSDT,bid,2580,7757.003
1726998773161,ETHUSDT,bid,2580,7756.448
1726998773258,ETHUSDT,bid,2580,7756.61
1726998773373,ETHUSDT,bid,2580,7755.967
1726998773574,ETHUSDT,bid,2580,7732.7
1726998773688,ETHUSDT,bid,2580,7731.833
1726998774003,ETHUSDT,bid,2580,7731.692
1726998774102,ETHUSDT,bid,2580,7731.393
1726998774205,ETHUSDT,bid,2580,7731.402
1726998774304,ETHUSDT,bid,2580,7731.858
1726998774408,ETHUSDT,bid,2580,7731.878
1726998774511,ETHUSDT,bid,2580,7731.493
1726998774608,ETHUSDT,bid,2580,7731.709
1726998774711,ETHUSDT,bid,2580,7731.631
1726998774817,ETHUSDT,bid,2580,7731.67
1726998774921,ETHUSDT,bid,2580,7731.747
1726998775123,ETHUSDT,bid,2580,7731.747
1726998775222,ETHUSDT,bid,2580,7731.963
1726998775320,ETHUSDT,bid,2580,7732.957
1726998775435,ETHUSDT,bid,2580,7732.841
1726998775530,ETHUSDT,bid,2580,7733.443
1726998775622,ETHUSDT,bid,2580,7732.09
1726998775730,ETHUSDT,bid,2580,7732.09
1726998775843,ETHUSDT,bid,2580,7721.69
1726998775953,ETHUSDT,bid,2580,7721.55
1726998776056,ETHUSDT,bid,2580,7721.551
1726998776358,ETHUSDT,bid,2580,7721.593
1726998776460,ETHUSDT,bid,2580,7721.707
1726998776567,ETHUSDT,bid,2580,7721.728
1726998776877,ETHUSDT,bid,2580,7721.781
1726998777103,ETHUSDT,bid,2580,7722.009
1726998777311,ETHUSDT,bid,2580,7721.789
1726998777418,ETHUSDT,bid,2580,7721.804
1726998777525,ETHUSDT,bid,2580,7721.804
1726998777627,ETHUSDT,bid,2580,7720.265
1726998777749,ETHUSDT,bid,2580,7720.246
1726998777857,ETHUSDT,bid,2580,7720.476
1726998778062,ETHUSDT,bid,2580,7720.446
1726998778163,ETHUSDT,bid,2580,7720.369
1726998778360,ETHUSDT,bid,2580,7720.276
1726998778470,ETHUSDT,bid,2580,7720.307
1726998778885,ETHUSDT,bid,2580,7720.345
1726998778990,ETHUSDT,bid,2580,7720.305
1726998779093,ETHUSDT,bid,2580,7720.244
1726998779188,ETHUSDT,bid,2580,7719.974
1726998779295,ETHUSDT,bid,2580,7719.905
1726998779397,ETHUSDT,bid,2580,7719.442
1726998779497,ETHUSDT,bid,2580,7719.295
1726998779601,ETHUSDT,bid,2580,7719.295
1726998779703,ETHUSDT,bid,2580,7719.295
1726998779804,ETHUSDT,bid,2580,7719.435
1726998779905,ETHUSDT,bid,2580,7719.436
1726998780006,ETHUSDT,bid,2580,7719.436
1726998780107,ETHUSDT,bid,2580,7687.669
1726998780210,ETHUSDT,bid,2580,7687.681
1726998780311,ETHUSDT,bid,2580,7687.423
1726998780412,ETHUSDT,bid,2580,7686.636
1726998780513,ETHUSDT,bid,2580,7686.62
1726998780610,ETHUSDT,bid,2580,7686.632
1726998780821,ETHUSDT,bid,2580,7686.671
1726998780916,ETHUSDT,bid,2580,7686.307
1726998781023,ETHUSDT,bid,2580,7686.394
1726998781119,ETHUSDT,bid,2580,7684.42
1726998781227,ETHUSDT,bid,2580,7684.162
1726998781328,ETHUSDT,bid,2580,7684.287
1726998781427,ETHUSDT,bid,2580,7683.885
1726998781530,ETHUSDT,bid,2580,7668.216
1726998781605,ETHUSDT,bid,2580,7668.217
1726998782052,ETHUSDT,bid,2580,7668.357
1726998782151,ETHUSDT,bid,2580,7668.016
1726998782258,ETHUSDT,bid,2580,7668.016
1726998782370,ETHUSDT,bid,2580,7667.96
1726998782578,ETHUSDT,bid,2580,7667.97
1726998782795,ETHUSDT,bid,2580,7668.024
1726998783003,ETHUSDT,bid,2580,7667.983
1726998783205,ETHUSDT,bid,2580,7668.076
1726998783412,ETHUSDT,bid,2580,7667.579
1726998783506,ETHUSDT,bid,2580,7667.607
1726998783615,ETHUSDT,bid,2580,7667.573
1726998783730,ETHUSDT,bid,2580,7667.604
1726998783922,ETHUSDT,bid,2580,7667.664
1726998784037,ETHUSDT,bid,2580,7667.664
1726998784132,ETHUSDT,bid,2580,7667.804
1726998784246,ETHUSDT,bid,2580,7667.664
1726998784346,ETHUSDT,bid,2580,7667.655
1726998784446,ETHUSDT,bid,2580,7667.637
1726998784537,ETHUSDT,bid,2580,7667.606
1726998784764,ETHUSDT,bid,2580,7667.598
1726998784865,ETHUSDT,bid,2580,7667.639
1726998784968,ETHUSDT,bid,2580,7667.74
1726998785071,ETHUSDT,bid,2580,7667.6
1726998785173,ETHUSDT,bid,2580,7667.798
1726998785492,ETHUSDT,bid,2580,7662.733
1726998785596,ETHUSDT,bid,2580,7662.389
1726998785903,ETHUSDT,bid,2580,7662.342
1726998786006,ETHUSDT,bid,2580,7661.142
1726998786104,ETHUSDT,bid,2580,7661.122
1726998786211,ETHUSDT,bid,2580,7661.898
1726998786416,ETHUSDT,bid,2580,7663.45
1726998787040,ETHUSDT,bid,2580,7664.004
1726998787137,ETHUSDT,bid,2580,7664.018
1726998787237,ETHUSDT,bid,2580,7664.209
1726998787446,ETHUSDT,bid,2580,7469.328
1726998787548,ETHUSDT,bid,2580,7469.344
1726998787853,ETHUSDT,bid,2580,7469.333
1726998788055,ETHUSDT,bid,2580,7469.295
1726998788157,ETHUSDT,bid,2580,7469.353
1726998788569,ETHUSDT,bid,2580,7469.234
1726998788780,ETHUSDT,bid,2580,7468.871
1726998788872,ETHUSDT,bid,2580,7468.92
1726998789095,ETHUSDT,bid,2580,7469.079
1726998789405,ETHUSDT,bid,2580,7468.873
1726998789714,ETHUSDT,bid,2580,7468.801
1726998789931,ETHUSDT,bid,2580,7465.7
1726998790241,ETHUSDT,bid,2580,7465.691
1726998790342,ETHUSDT,bid,2580,7465.769
1726998790445,ETHUSDT,bid,2580,7466.018
1726998790853,ETHUSDT,bid,2580,7466.058
1726998790963,ETHUSDT,bid,2580,7466.019
1726998791275,ETHUSDT,bid,2580,7466.212
1726998791378,ETHUSDT,bid,2580,7466.006
1726998791497,ETHUSDT,bid,2580,7466.037
1726998791597,ETHUSDT,bid,2580,7466.01
1726998791703,ETHUSDT,bid,2580,7465.993
1726998791804,ETHUSDT,bid,2580,7464.836
1726998792007,ETHUSDT,bid,2580,7464.759
1726998792831,ETHUSDT,bid,2580,7445.353
1726998792931,ETHUSDT,bid,2580,7435.37
1726998793236,ETHUSDT,bid,2580,6799.696
1726998793336,ETHUSDT,bid,2580,6784.658
1726998793441,ETHUSDT,bid,2580,6774.468
1726998793545,ETHUSDT,bid,2580,6763.693
1726998793751,ETHUSDT,bid,2580,6762.789
1726998793849,ETHUSDT,bid,2580,6742.093
1726998793956,ETHUSDT,bid,2580,6731.309
1726998794049,ETHUSDT,bid,2580,6720.519
1726998794160,ETHUSDT,bid,2580,6725.259
1726998794262,ETHUSDT,bid,2580,6725.263
1726998794365,ETHUSDT,bid,2580,6725.263
1726998794482,ETHUSDT,bid,2580,6723.186
1726998794588,ETHUSDT,bid,2580,6723.326
1726998794804,ETHUSDT,bid,2580,6723.175
1726998794908,ETHUSDT,bid,2580,6723.175
1726998795012,ETHUSDT,bid,2580,6723.274
1726998795114,ETHUSDT,bid,2580,6723.274
1726998795219,ETHUSDT,bid,2580,6723.482
1726998795321,ETHUSDT,bid,2580,6723.238
1726998795421,ETHUSDT,bid,2580,6723.281
1726998795532,ETHUSDT,bid,2580,6723.281
1726998795631,ETHUSDT,bid,2580,6723.281
1726998795734,ETHUSDT,bid,2580,6723.088
1726998795850,ETHUSDT,bid,2580,6723.228
1726998796055,ETHUSDT,bid,2580,6723.185
1726998796160,ETHUSDT,bid,2580,6723.275
1726998796265,ETHUSDT,bid,2580,6723.247
1726998796469,ETHUSDT,bid,2580,6723.727
1726998796560,ETHUSDT,bid,2580,6723.739
1726998796670,ETHUSDT,bid,2580,6723.239
1726998796777,ETHUSDT,bid,2580,6720.605
1726998796862,ETHUSDT,bid,2580,6720.644
1726998796976,ETHUSDT,bid,2580,6720.738
1726998797096,ETHUSDT,bid,2580,6720.889
1726998797198,ETHUSDT,bid,2580,6720.968
1726998797403,ETHUSDT,bid,2580,6720.777
1726998797505,ETHUSDT,bid,2580,6720.777
1726998797610,ETHUSDT,bid,2580,6720.767
1726998797704,ETHUSDT,bid,2580,6720.767
1726998797816,ETHUSDT,bid,2580,6720.532
1726998798130,ETHUSDT,bid,2580,6720.532
1726998798237,ETHUSDT,bid,2580,6720.509
1726998798340,ETHUSDT,bid,2580,6718.409
1726998798547,ETHUSDT,bid,2580,6718.4
1726998798864,ETHUSDT,bid,2580,6718.44
1726998799083,ETHUSDT,bid,2580,6718.737
1726998799190,ETHUSDT,bid,2580,6718.826
1726998799295,ETHUSDT,bid,2580,6718.845
1726998799390,ETHUSDT,bid,2580,6718.727
1726998799503,ETHUSDT,bid,2580,6718.706
1726998799604,ETHUSDT,bid,2580,6718.562
1726998799704,ETHUSDT,bid,2580,6718.562
1726998799804,ETHUSDT,bid,2580,6718.562
1726998799906,ETHUSDT,bid,2580,6718.675
1726998800011,ETHUSDT,bid,2580,6718.535
1726998800114,ETHUSDT,bid,2580,6718.702
1726998800215,ETHUSDT,bid,2580,6718.713
1726998800317,ETHUSDT,bid,2580,6718.673
1726998800418,ETHUSDT,bid,2580,6718.664
1726998800521,ETHUSDT,bid,2580,6718.607
1726998800623,ETHUSDT,bid,2580,6718.607
1726998800717,ETHUSDT,bid,2580,6718.52
1726998800826,ETHUSDT,bid,2580,6718.573
1726998800930,ETHUSDT,bid,2580,6718.433
1726998801030,ETHUSDT,bid,2580,6718.393
1726998801127,ETHUSDT,bid,2580,6718.393
1726998801242,ETHUSDT,bid,2580,6718.749
1726998801452,ETHUSDT,bid,2580,6718.556
1726998801553,ETHUSDT,bid,2580,6718.16
1726998801773,ETHUSDT,bid,2580,6717.16
1726998801974,ETHUSDT,bid,2580,6717.138
1726998802091,ETHUSDT,bid,2580,6717.15
1726998802188,ETHUSDT,bid,2580,6717.11
1726998802303,ETHUSDT,bid,2580,6717.098
1726998802405,ETHUSDT,bid,2580,6717.13
1726998802504,ETHUSDT,bid,2580,6716.829
1726998802609,ETHUSDT,bid,2580,6716.16
1726998802808,ETHUSDT,bid,2580,6716.21
1726998803025,ETHUSDT,bid,2580,6716.17
1726998803131,ETHUSDT,bid,2580,6715.97
1726998803232,ETHUSDT,bid,2580,6716.274
1726998803334,ETHUSDT,bid,2580,6716.414
1726998803433,ETHUSDT,bid,2580,6716.071
1726998803540,ETHUSDT,bid,2580,6716.28
1726998803651,ETHUSDT,bid,2580,6716.274
1726998803747,ETHUSDT,bid,2580,6716.274
1726998803853,ETHUSDT,bid,2580,6716.274
1726998804075,ETHUSDT,bid,2580,6716.274
1726998804179,ETHUSDT,bid,2580,6716.414
1726998804282,ETHUSDT,bid,2580,6716.441
1726998804374,ETHUSDT,bid,2580,6715.836
1726998804489,ETHUSDT,bid,2580,6715.696
1726998804595,ETHUSDT,bid,2580,6715.884
1726998804695,ETHUSDT,bid,2580,6715.929
1726998804800,ETHUSDT,bid,2580,6716.108
1726998804903,ETHUSDT,bid,2580,6715.968
1726998805005,ETHUSDT,bid,2580,6715.64
1726998805206,ETHUSDT,bid,2580,6715.85
1726998805307,ETHUSDT,bid,2580,6715.617
1726998805409,ETHUSDT,bid,2580,6715.409
1726998806227,ETHUSDT,bid,2580,6715.361
1726998806429,ETHUSDT,bid,2580,6715.349
1726998807082,ETHUSDT,bid,2580,6715.31
1726998807184,ETHUSDT,bid,2580,6715.216
1726998807287,ETHUSDT,bid,2580,6715.01
1726998807386,ETHUSDT,bid,2580,6714.597
1726998807491,ETHUSDT,bid,2580,6714.208
1726998807805,ETHUSDT,bid,2580,6713.998
1726998808417,ETHUSDT,bid,2580,6713.998
1726998808929,ETHUSDT,bid,2580,6713.987
1726998809038,ETHUSDT,bid,2580,6713.935
1726998809444,ETHUSDT,bid,2580,6712.791
1726998809545,ETHUSDT,bid,2580,6712.799
1726998810378,ETHUSDT,bid,2580,6712.775
1726998810968,ETHUSDT,bid,2580,6712.775
1726998811095,ETHUSDT,bid,2580,6712.734
1726998811198,ETHUSDT,bid,2580,6711.334
1726998811404,ETHUSDT,bid,2580,6711.243
1726998812013,ETHUSDT,bid,2580,6710.043
1726998812446,ETHUSDT,bid,2580,6710.035
1726998813049,ETHUSDT,bid,2580,6709.996
1726998813363,ETHUSDT,bid,2580,6709.902
1726998814001,ETHUSDT,bid,2580,6710.102
1726998814930,ETHUSDT,bid,2580,6709.878
1726998815024,ETHUSDT,bid,2580,6711.033
1726998815343,ETHUSDT,bid,2580,6710.943
1726998816475,ETHUSDT,bid,2580,6709.788
1726998816679,ETHUSDT,bid,2580,6709.012
1726998817305,ETHUSDT,bid,2580,6707.46
1726998817610,ETHUSDT,bid,2580,6709.788
1726998818418,ETHUSDT,bid,2580,6710.943
1726998820606,ETHUSDT,bid,2580,6709.788
1726998827101,ETHUSDT,bid,2580,6709.788
1726998828345,ETHUSDT,bid,2580,6709.774
1726998829200,ETHUSDT,bid,2580,6709.784
1726998829806,ETHUSDT,bid,2580,6711.673
1726998829909,ETHUSDT,bid,2580,6709.784
1726998830108,ETHUSDT,bid,2580,6709.774
1726998830428,ETHUSDT,bid,2580,6709.782
1726998832193,ETHUSDT,bid,2580,6709.792
1726998833139,ETHUSDT,bid,2580,6709.782
1726998838198,ETHUSDT,bid,2580,6709.792
1726998838904,ETHUSDT,bid,2580,6709.784
1726998839025,ETHUSDT,bid,2580,6709.792
1726998839130,ETHUSDT,bid,2580,6709.782
1726998840084,ETHUSDT,bid,2580,6709.722
1726998843730,ETHUSDT,bid,2580,6711.614
1726998844039,ETHUSDT,bid,2580,6709.722
1726998844566,ETHUSDT,bid,2580,6709.722
1726998845191,ETHUSDT,bid,2580,6710.775
1726998846205,ETHUSDT,bid,2580,6710.285
1726998846922,ETHUSDT,bid,2580,6711.185
1726998850060,ETHUSDT,bid,2580,6711.185
1726998851297,ETHUSDT,bid,2580,6710.622
1726998852433,ETHUSDT,bid,2580,6709.722
1726998856512,ETHUSDT,bid,2580,6709.714
1726998861200,ETHUSDT,bid,2580,6709.704
1726998861504,ETHUSDT,bid,2580,6709.712
1726998862145,ETHUSDT,bid,2580,6709.704
1726998865374,ETHUSDT,bid,2580,6709.854
1726998878546,ETHUSDT,bid,2580,6707.526
1726998878745,ETHUSDT,bid,2580,6707.376
1726998879053,ETHUSDT,bid,2580,6712.376
1726998881840,ETHUSDT,bid,2580,6712.39
1726998881944,ETHUSDT,bid,2580,6712.376
1726998882047,ETHUSDT,bid,2580,6712.39
1726998882149,ETHUSDT,bid,2580,6712.389
1726998882254,ETHUSDT,bid,2580,6712.389
1726998882357,ETHUSDT,bid,2580,6712.389
1726998882457,ETHUSDT,bid,2580,6712.376
1726998882661,ETHUSDT,bid,2580,6712.238
1726998882762,ETHUSDT,bid,2580,6712.163
1726998882856,ETHUSDT,bid,2580,6712.163
1726998882944,ETHUSDT,bid,2580,6712.244
1726998883070,ETHUSDT,bid,2580,6712.26
1726998883171,ETHUSDT,bid,2580,6712.246
1726998883273,ETHUSDT,bid,2580,6712.246
1726998883484,ETHUSDT,bid,2580,6710.246
1726998883692,ETHUSDT,bid,2580,6520.358
1726998883791,ETHUSDT,bid,2580,6519.344
1726998883890,ETHUSDT,bid,2580,6519.526
1726998884203,ETHUSDT,bid,2580,6519.526
1726998884305,ETHUSDT,bid,2580,6519.829
1726998884409,ETHUSDT,bid,2580,6519.667
1726998884510,ETHUSDT,bid,2580,6519.667
1726998884817,ETHUSDT,bid,2580,6519.65
1726998884917,ETHUSDT,bid,2580,6519.707
1726998885129,ETHUSDT,bid,2580,6519.716
1726998885232,ETHUSDT,bid,2580,6519.639
1726998885333,ETHUSDT,bid,2580,6520.592
1726998885438,ETHUSDT,bid,2580,6520.624
1726998885634,ETHUSDT,bid,2580,6520.624
1726998885780,ETHUSDT,bid,2580,6520.725
1726998885875,ETHUSDT,bid,2580,6520.736
1726998886190,ETHUSDT,bid,2580,6522.128
1726998886302,ETHUSDT,bid,2580,6522.801
1726998886404,ETHUSDT,bid,2580,6522.811
1726998886507,ETHUSDT,bid,2580,6522.758
1726998886608,ETHUSDT,bid,2580,6512.758
1726998886917,ETHUSDT,bid,2580,6512.816
1726998887136,ETHUSDT,bid,2580,6512.806
1726998887245,ETHUSDT,bid,2580,6512.798
1726998887350,ETHUSDT,bid,2580,6512.79
1726998887446,ETHUSDT,bid,2580,6512.686
1726998887792,ETHUSDT,bid,2580,6512.893
1726998887893,ETHUSDT,bid,2580,6512.88
1726998888200,ETHUSDT,bid,2580,6512.749
1726998888305,ETHUSDT,bid,2580,6513.189
1726998888407,ETHUSDT,bid,2580,6361.284
1726998888614,ETHUSDT,bid,2580,6361.24
1726998888718,ETHUSDT,bid,2580,6361.24
1726998888923,ETHUSDT,bid,2580,6359.395
1726998889025,ETHUSDT,bid,2580,6382.65
1726998889131,ETHUSDT,bid,2580,6382.503
1726998889229,ETHUSDT,bid,2580,6382.503
1726998889336,ETHUSDT,bid,2580,6380.542
1726998889447,ETHUSDT,bid,2580,6383.234
1726998889545,ETHUSDT,bid,2580,6380.674
1726998889660,ETHUSDT,bid,2580,6380.674
1726998889762,ETHUSDT,bid,2580,6380.43
1726998889966,ETHUSDT,bid,2580,6378.945
1726998890171,ETHUSDT,bid,2580,6378.98
1726998890274,ETHUSDT,bid,2580,6379.29
1726998890379,ETHUSDT,bid,2580,6379.603
1726998890459,ETHUSDT,bid,2580,6379.479
1726998890570,ETHUSDT,bid,2580,6379.479
1726998890684,ETHUSDT,bid,2580,6379.634
1726998890792,ETHUSDT,bid,2580,6381.359
1726998890892,ETHUSDT,bid,2580,6381.375
1726998890994,ETHUSDT,bid,2580,6381.112
1726998891097,ETHUSDT,bid,2580,6380.284
1726998891196,ETHUSDT,bid,2580,6377.275
1726998891299,ETHUSDT,bid,2580,6375.703
1726998891402,ETHUSDT,bid,2580,6376.19
1726998891605,ETHUSDT,bid,2580,6376.19
1726998891711,ETHUSDT,bid,2580,6376.201
1726998891815,ETHUSDT,bid,2580,6376.195
1726998892026,ETHUSDT,bid,2580,6375.815
1726998892120,ETHUSDT,bid,2580,6375.439
1726998892222,ETHUSDT,bid,2580,6375.43
1726998892331,ETHUSDT,bid,2580,6374.121
1726998892429,ETHUSDT,bid,2580,6374.121
1726998892654,ETHUSDT,bid,2580,6253.118
1726998892754,ETHUSDT,bid,2580,6251.599
1726998892847,ETHUSDT,bid,2580,6251.266
1726998892957,ETHUSDT,bid,2580,6251.32
1726998893160,ETHUSDT,bid,2580,6241.267
1726998893255,ETHUSDT,bid,2580,6241.019
1726998893361,ETHUSDT,bid,2580,6240.951
1726998893560,ETHUSDT,bid,2580,6221.767
1726998893766,ETHUSDT,bid,2580,6142.246
1726998893866,ETHUSDT,bid,2580,6121.466
1726998893979,ETHUSDT,bid,2580,6121.466
1726998894085,ETHUSDT,bid,2580,6122.879
1726998894184,ETHUSDT,bid,2580,6122.881
1726998894283,ETHUSDT,bid,2580,6123.191
1726998894392,ETHUSDT,bid,2580,6123.21
1726998894490,ETHUSDT,bid,2580,6122.916
1726998894803,ETHUSDT,bid,2580,6122.818
1726998894904,ETHUSDT,bid,2580,6122.873
1726998895110,ETHUSDT,bid,2580,6115.815
1726998895210,ETHUSDT,bid,2580,6105.529
1726998895306,ETHUSDT,bid,2580,6105.456
1726998895420,ETHUSDT,bid,2580,6092.874
1726998895519,ETHUSDT,bid,2580,6092.829
1726998895623,ETHUSDT,bid,2580,5914.909
1726998895823,ETHUSDT,bid,2580,5898.36
1726998895930,ETHUSDT,bid,2580,5888.056
1726998896148,ETHUSDT,bid,2580,5878.045
1726998896261,ETHUSDT,bid,2580,5867.949
1726998896372,ETHUSDT,bid,2580,5867.996
1726998896480,ETHUSDT,bid,2580,5857.663
1726998896591,ETHUSDT,bid,2580,5857.567
1726998896692,ETHUSDT,bid,2580,5846.557
1726998896791,ETHUSDT,bid,2580,5836.557
1726998896902,ETHUSDT,bid,2580,5826.612
1726998897002,ETHUSDT,bid,2580,5816.01
1726998897104,ETHUSDT,bid,2580,5815.952
1726998897205,ETHUSDT,bid,2580,5805.936
1726998897310,ETHUSDT,bid,2580,5805.371
1726998897414,ETHUSDT,bid,2580,5795.223
1726998897617,ETHUSDT,bid,2580,5186.398
1726998897718,ETHUSDT,bid,2580,5186.359
1726998897818,ETHUSDT,bid,2580,5186.581
1726998897921,ETHUSDT,bid,2580,5186.484
1726998898135,ETHUSDT,bid,2580,4941.253
1726998898237,ETHUSDT,bid,2580,4940.577
1726998898335,ETHUSDT,bid,2580,4762.849
1726998898441,ETHUSDT,bid,2580,4762.391
1726998898544,ETHUSDT,bid,2580,4762.11
1726998898638,ETHUSDT,bid,2580,4755.953
1726998898749,ETHUSDT,bid,2580,4755.803
1726998898953,ETHUSDT,bid,2580,4755.856
1726998899056,ETHUSDT,bid,2580,4755.792
1726998899153,ETHUSDT,bid,2580,4755.205
1726998899261,ETHUSDT,bid,2580,4755.152
1726998899465,ETHUSDT,bid,2580,4755.161
1726998899567,ETHUSDT,bid,2580,4755.074
1726998899671,ETHUSDT,bid,2580,4755.074
1726998899877,ETHUSDT,bid,2580,4750.522
1726998899982,ETHUSDT,bid,2580,4750.329
1726998900083,ETHUSDT,bid,2580,4750.318
1726998900184,ETHUSDT,bid,2580,4754.023
1726998900287,ETHUSDT,bid,2580,4753.316
1726998900389,ETHUSDT,bid,2580,4753.413
1726998900490,ETHUSDT,bid,2580,4753.135
1726998900588,ETHUSDT,bid,2580,4753.217
1726998900693,ETHUSDT,bid,2580,4752.717
1726998900803,ETHUSDT,bid,2580,4752.771
1726998900905,ETHUSDT,bid,2580,4752.07
1726998901008,ETHUSDT,bid,2580,4751.832
1726998901106,ETHUSDT,bid,2580,4751.808
1726998901424,ETHUSDT,bid,2580,4751.925
1726998901525,ETHUSDT,bid,2580,4751.727
1726998901731,ETHUSDT,bid,2580,4751.867
1726998901835,ETHUSDT,bid,2580,4751.867
1726998901936,ETHUSDT,bid,2580,4751.727
1726998902037,ETHUSDT,bid,2580,4751.612
1726998902133,ETHUSDT,bid,2580,4751.593
1726998902243,ETHUSDT,bid,2580,4751.718
1726999574123,ETHUSDT,bid,2420,4232.133
1726999807113,ETHUSDT,bid,2490,4102.229
1727000016135,ETHUSDT,bid,2420,4234.069
1727000056985,ETHUSDT,bid,2420,4234.369
1727000213182,ETHUSDT,bid,2030,5063.665
1727000571088,ETHUSDT,bid,2420,4233.364
1727000706101,ETHUSDT,bid,1950,5472.711
1727000903220,ETHUSDT,bid,1740,5778.335
1727001000582,ETHUSDT,bid,2490,4102.919
1727001300536,ETHUSDT,bid,2420,4233.614
1727001411386,ETHUSDT,bid,1740,5778.319
1727001443690,ETHUSDT,bid,2420,4233.364
1727001457719,ETHUSDT,bid,1950,5472.756
1727001647007,ETHUSDT,bid,2490,4102.649
1727001900159,ETHUSDT,bid,2490,4101.959
1727001942906,ETHUSDT,bid,2460,4190.273
1727002083073,ETHUSDT,bid,2430,4119.271
1727002152342,ETHUSDT,bid,2460,4190.374
1727002181973,ETHUSDT,bid,2490,4141.975
1727002482233,ETHUSDT,bid,2490,4101.959
1727002841338,ETHUSDT,bid,2490,4103.499
1727003096418,ETHUSDT,bid,2490,4107.464
1727003376418,ETHUSDT,bid,2490,4107.454
1727003726026,ETHUSDT,bid,2490,4107.488
1727003736019,ETHUSDT,bid,2490,4107.471
1727003737060,ETHUSDT,bid,2490,4107.454
1727004204207,ETHUSDT,bid,2490,4109.457
1727004520519,ETHUSDT,bid,1740,5779.319
1727004790580,ETHUSDT,bid,1700,6022.981
1727004790580,ETHUSDT,bid,2220,4574.366
1727004790580,ETHUSDT,bid,2420,4233.397
1727005157567,ETHUSDT,bid,2460,4189.524
1727005851379,ETHUSDT,bid,2580,10015.365
1727005851580,ETHUSDT,bid,2580,10014.009
1727005851784,ETHUSDT,bid,2580,10001.639
1727005852398,ETHUSDT,bid,2580,10007.443
1727005854056,ETHUSDT,bid,2580,10007.443
1727005858290,ETHUSDT,bid,2580,10001.639
1727005860031,ETHUSDT,bid,2580,10019.745
1727005860132,ETHUSDT,bid,2580,10001.639
1727005861053,ETHUSDT,bid,2580,10019.745
1727005861156,ETHUSDT,bid,2580,10001.639
1727005862105,ETHUSDT,bid,2580,10001.639
1727005864091,ETHUSDT,bid,2580,10001.639
1727005872369,ETHUSDT,bid,2580,10001.652
1727005881578,ETHUSDT,bid,2580,10001.962
1727006444079,ETHUSDT,bid,2490,4108.457
1727006576507,ETHUSDT,bid,2420,4233.684
1727006661159,ETHUSDT,bid,2420,4233.397
1727006829336,ETHUSDT,bid,2460,4189.54
1727007299388,ETHUSDT,bid,1710,5867.542
1727007299388,ETHUSDT,bid,1960,5176.357
1727007501909,ETHUSDT,bid,2460,4189.439
1727007818587,ETHUSDT,bid,2420,4233.441
1727007897015,ETHUSDT,bid,2460,4187.643
1727008880979,ETHUSDT,bid,2420,4233.455
1727009970869,ETHUSDT,bid,2420,4233.325
1727010217501,ETHUSDT,bid,2420,4233.374
1727010342703,ETHUSDT,bid,2430,4119.496
1727010862486,ETHUSDT,bid,2430,4119.271
1727010900410,ETHUSDT,bid,2490,4109.147
1727011547392,ETHUSDT,bid,2420,4231.725
1727011800377,ETHUSDT,bid,2490,4108.457
1727011893745,ETHUSDT,bid,2460,4187.627
1727012048202,ETHUSDT,bid,2420,4231.676
1727012155604,ETHUSDT,bid,2220,4573.816
1727012227765,ETHUSDT,bid,2490,4108.51
1727012642801,ETHUSDT,ask,2580,6165.673
1727012663532,ETHUSDT,ask,2580,6065.673
1727012676137,ETHUSDT,ask,2580,6067.673
1727012677049,ETHUSDT,ask,2580,6065.673
1727012686766,ETHUSDT,ask,2580,6067.673
1727012687697,ETHUSDT,ask,2580,6065.673
1727012690451,ETHUSDT,ask,2580,6067.673
1727012693557,ETHUSDT,ask,2580,6065.673
1727012696151,ETHUSDT,ask,2580,6067.673
1727012699470,ETHUSDT,ask,2580,6065.673
1727012704897,ETHUSDT,ask,2580,6067.673
1727012707045,ETHUSDT,ask,2580,6065.673
1727012710218,ETHUSDT,ask,2580,6067.673
1727012714541,ETHUSDT,ask,2580,6065.673
1727012715564,ETHUSDT,ask,2580,6067.673
1727012716792,ETHUSDT,ask,2580,6065.673
1727012721287,ETHUSDT,ask,2580,6067.673
1727012722342,ETHUSDT,ask,2580,6065.673
1727012727381,ETHUSDT,ask,2580,6065.673
1727012730268,ETHUSDT,ask,2580,6067.673
1727012731697,ETHUSDT,ask,2580,6067.702
1727012733951,ETHUSDT,ask,2580,6065.702
1727012736105,ETHUSDT,ask,2580,6067.702
1727012743167,ETHUSDT,ask,2580,6067.702
1727012744399,ETHUSDT,ask,2580,6065.702
1727012751468,ETHUSDT,ask,2580,6067.702
1727012752596,ETHUSDT,ask,2580,6065.702
1727012754698,ETHUSDT,ask,2580,6067.702
1727012755818,ETHUSDT,ask,2580,6065.702
1727012766302,ETHUSDT,ask,2580,6067.702
1727012767312,ETHUSDT,ask,2580,6065.702
1727012768766,ETHUSDT,ask,2580,6067.702
1727012776950,ETHUSDT,ask,2580,6065.702
1727012780114,ETHUSDT,ask,2580,6065.702
1727012840467,ETHUSDT,bid,2220,4573.829
1727012840467,ETHUSDT,bid,2420,4231.689
1727012907897,ETHUSDT,ask,2580,6065.117
1727013017748,ETHUSDT,ask,2580,6065.127
1727013041996,ETHUSDT,ask,2580,6065.127
1727013082930,ETHUSDT,ask,2580,6065.127
1727013094008,ETHUSDT,ask,2580,6065.474
1727013097516,ETHUSDT,ask,2580,6065.464
1727013100290,ETHUSDT,ask,2580,6065.464
1727013101004,ETHUSDT,bid,2220,4573.928
1727013133247,ETHUSDT,ask,2580,6065.474
1727013136009,ETHUSDT,ask,2580,6065.464
1727013137769,ETHUSDT,ask,2580,6065.474
1727013198566,ETHUSDT,bid,2420,4231.761
1727013264266,ETHUSDT,bid,2490,4110.51
1727013284541,ETHUSDT,ask,2580,6067.664
1727013308232,ETHUSDT,ask,2580,6067.674
1727013503411,ETHUSDT,ask,2580,6067.664
1727013631360,ETHUSDT,ask,2580,6065.538
1727013738212,ETHUSDT,ask,2580,6065.538
1727013739434,ETHUSDT,ask,2580,6065.528
1727013739641,ETHUSDT,ask,2990,3441.555
1727013796495,ETHUSDT,bid,1960,5176.534
1727013806106,ETHUSDT,bid,2030,5063.608
1727013821249,ETHUSDT,ask,2580,6067.528
1727013823231,ETHUSDT,ask,2580,6065.528
1727013824367,ETHUSDT,ask,2580,6067.528
1727013825380,ETHUSDT,ask,2580,6065.528
1727013825906,ETHUSDT,ask,2580,6067.528
1727013827439,ETHUSDT,ask,2580,6065.528
1727013830608,ETHUSDT,ask,2580,6067.528
1727013832752,ETHUSDT,ask,2580,6065.528
1727013833775,ETHUSDT,ask,2580,6067.528
1727013835513,ETHUSDT,ask,2580,6065.528
1727013836547,ETHUSDT,ask,2580,6067.528
1727013848275,ETHUSDT,ask,2580,6065.528
1727013849605,ETHUSDT,ask,2580,6067.528
1727013850330,ETHUSDT,ask,2580,6065.528
1727013851246,ETHUSDT,ask,2580,6067.528
1727013851761,ETHUSDT,ask,2580,6065.528
1727013941659,ETHUSDT,ask,2580,6064.987
1727013944829,ETHUSDT,bid,2030,5063.709
1727013984907,ETHUSDT,ask,2580,6063.912
1727014010176,ETHUSDT,ask,2580,6065.174
1727014016462,ETHUSDT,bid,2420,4234.761
1727014030221,ETHUSDT,bid,2420,4236.761
1727014046806,ETHUSDT,bid,2420,4237.761
1727014054183,ETHUSDT,bid,2420,4239.761
1727014064023,ETHUSDT,bid,2420,4240.846
1727014078690,ETHUSDT,bid,2420,4242.618
1727014079706,ETHUSDT,bid,2420,4243.695
1727014096561,ETHUSDT,bid,2490,4106.545
1727014136465,ETHUSDT,bid,2420,4242.695
1727014142893,ETHUSDT,bid,2420,4244.695
1727014148639,ETHUSDT,bid,2420,4242.923
1727014152013,ETHUSDT,bid,2420,4243.384
1727014156849,ETHUSDT,bid,2420,4244.713
1727014159594,ETHUSDT,bid,2560,8209.982
1727014162474,ETHUSDT,bid,2560,8218.064
1727014162786,ETHUSDT,bid,2560,8210.882
1727014163096,ETHUSDT,bid,2560,8213.63
1727014163198,ETHUSDT,bid,2560,8218.964
1727014163703,ETHUSDT,bid,2560,8210.882
1727014164216,ETHUSDT,bid,2560,8226.488
1727014180937,ETHUSDT,bid,2460,4187.727
1727014181543,ETHUSDT,bid,2560,5138.399
1727014183059,ETHUSDT,bid,2560,5141.115
1727014183163,ETHUSDT,bid,2560,5139.724
1727014183569,ETHUSDT,bid,2560,5141.115
1727014183979,ETHUSDT,bid,2560,5144.098
1727014184079,ETHUSDT,bid,2560,5139.898
1727014184283,ETHUSDT,bid,2560,5139.8
1727014184499,ETHUSDT,bid,2560,5139.898
1727014184602,ETHUSDT,bid,2560,5150.494
1727014184706,ETHUSDT,bid,2560,5150.396
1727014184807,ETHUSDT,bid,2560,5139.8
1727014185110,ETHUSDT,bid,2560,5139.724
1727014187762,ETHUSDT,bid,2420,4252.213
