2024-08-20 07:56:05,SOLUSDT,ask,175,29335.0
2024-08-20 08:13:18,SOLUSDT,ask,175,29348.0
2024-08-20 09:37:11,SOLUSDT,ask,178,35070.0
2024-08-20 10:55:27,SOLUSDT,ask,175,29554.0
2024-08-20 10:58:53,SOLUSDT,ask,175,29557.0
2024-08-20 11:07:13,SOLUSDT,ask,175,29555.0
2024-08-20 11:07:13,SOLUSDT,ask,176,28946.0
2024-08-20 11:07:13,SOLUSDT,ask,178,35068.0
2024-08-20 11:12:19,SOLUSDT,ask,175,29557.0
2024-08-20 11:12:19,SOLUSDT,ask,176,28948.0
2024-08-20 11:12:19,SOLUSDT,ask,178,35070.0
2024-08-20 11:15:30,SOLUSDT,ask,175,29554.0
2024-08-20 23:54:53,SOLUSDT,bid,74,67732.0
2024-08-21 00:29:44,SOLUSDT,ask,147,38934.0
2024-08-21 00:34:37,SOLUSDT,ask,147,39033.0
2024-08-21 00:34:54,SOLUSDT,bid,138,99705.0
2024-08-21 00:35:54,SOLUSDT,bid,138,99749.0
2024-08-21 00:39:32,SOLUSDT,bid,138,99671.0
2024-08-21 00:41:35,SOLUSDT,bid,138,99684.0
2024-08-21 00:42:57,SOLUSDT,bid,138,99710.0
2024-08-21 00:43:27,SOLUSDT,ask,146,39048.0
2024-08-21 00:43:59,SOLUSDT,bid,138,99723.0
2024-08-21 00:44:01,SOLUSDT,bid,138,99733.0
2024-08-21 00:44:46,SOLUSDT,bid,138,99675.0
2024-08-21 00:45:19,SOLUSDT,bid,138,99707.0
2024-08-21 00:46:28,SOLUSDT,ask,146,39051.0
2024-08-21 00:46:51,SOLUSDT,bid,138,99732.0
2024-08-21 00:47:06,SOLUSDT,bid,138,99717.0
2024-08-21 00:47:38,SOLUSDT,bid,138,99650.0
2024-08-21 00:47:56,SOLUSDT,bid,138,99648.0
2024-08-21 00:48:38,SOLUSDT,bid,138,99635.0
2024-08-21 01:13:40,SOLUSDT,ask,175,29382.0
2024-08-21 01:18:37,SOLUSDT,ask,175,29379.0
2024-08-21 03:10:55,SOLUSDT,bid,143,45587.0
2024-08-21 03:11:15,SOLUSDT,bid,143,45746.0
2024-08-21 03:11:26,SOLUSDT,bid,143,45790.0
2024-08-21 03:11:29,SOLUSDT,bid,143,45768.0
2024-08-21 03:11:35,SOLUSDT,bid,143,45609.0
2024-08-21 03:12:15,SOLUSDT,bid,143,45587.0
2024-08-21 03:12:15,SOLUSDT,bid,143,46072.0
2024-08-21 03:12:16,SOLUSDT,bid,143,46016.0
2024-08-21 03:12:22,SOLUSDT,bid,143,46031.0
2024-08-21 03:12:26,SOLUSDT,bid,143,46016.0
2024-08-21 03:12:38,SOLUSDT,bid,143,45587.0
2024-08-21 03:12:44,SOLUSDT,bid,143,46927.0
2024-08-21 03:12:44,SOLUSDT,bid,143,45587.0
2024-08-21 03:12:45,SOLUSDT,bid,143,45600.0
2024-08-21 03:12:49,SOLUSDT,bid,143,45601.0
2024-08-21 03:12:52,SOLUSDT,bid,143,45621.0
2024-08-21 03:12:53,SOLUSDT,bid,143,45620.0
2024-08-21 03:12:54,SOLUSDT,bid,143,45634.0
2024-08-21 03:12:55,SOLUSDT,bid,143,45657.0
2024-08-21 03:12:58,SOLUSDT,bid,143,45657.0
2024-08-21 03:13:01,SOLUSDT,bid,143,45633.0
2024-08-21 03:13:01,SOLUSDT,bid,143,45593.0
2024-08-21 03:13:05,SOLUSDT,bid,143,47355.0
2024-08-21 03:13:07,SOLUSDT,bid,143,47429.0
2024-08-21 03:13:07,SOLUSDT,bid,143,47671.0
2024-08-21 03:13:07,SOLUSDT,bid,143,47429.0
2024-08-21 03:13:07,SOLUSDT,bid,143,47429.0
2024-08-21 03:13:10,SOLUSDT,bid,143,47429.0
2024-08-21 03:13:10,SOLUSDT,bid,143,47569.0
2024-08-21 03:13:12,SOLUSDT,bid,143,47429.0
2024-08-21 03:13:12,SOLUSDT,bid,143,47629.0
2024-08-21 03:13:28,SOLUSDT,bid,143,48114.0
2024-08-21 03:13:29,SOLUSDT,bid,143,47629.0
2024-08-21 03:13:29,SOLUSDT,bid,143,47429.0
2024-08-21 03:13:31,SOLUSDT,bid,143,47433.0
2024-08-21 03:13:40,SOLUSDT,bid,143,47429.0
2024-08-21 03:13:58,SOLUSDT,bid,143,47430.0
2024-08-21 03:14:00,SOLUSDT,bid,143,45594.0
2024-08-21 03:14:01,SOLUSDT,bid,143,45596.0
2024-08-21 03:14:11,SOLUSDT,bid,143,45604.0
2024-08-21 03:14:15,SOLUSDT,bid,143,45603.0
2024-08-21 03:14:21,SOLUSDT,bid,143,45595.0
2024-08-21 03:15:08,SOLUSDT,bid,143,45595.0
2024-08-21 03:15:13,SOLUSDT,bid,143,45595.0
2024-08-21 03:15:23,SOLUSDT,bid,143,45589.0
2024-08-21 03:15:24,SOLUSDT,bid,143,45710.0
2024-08-21 03:15:25,SOLUSDT,bid,143,45589.0
2024-08-21 03:15:25,SOLUSDT,bid,143,45607.0
2024-08-21 03:15:25,SOLUSDT,bid,143,45608.0
2024-08-21 03:15:25,SOLUSDT,bid,143,45610.0
2024-08-21 03:15:26,SOLUSDT,bid,143,45608.0
2024-08-21 03:15:26,SOLUSDT,bid,143,45607.0
2024-08-21 03:15:27,SOLUSDT,bid,143,45728.0
2024-08-21 03:15:28,SOLUSDT,bid,143,45607.0
2024-08-21 03:15:28,SOLUSDT,bid,143,45613.0
2024-08-21 03:15:30,SOLUSDT,bid,143,45595.0
2024-08-21 03:15:33,SOLUSDT,bid,143,45716.0
2024-08-21 03:15:33,SOLUSDT,bid,143,45719.0
2024-08-21 03:15:33,SOLUSDT,bid,143,45589.0
2024-08-21 03:15:33,SOLUSDT,bid,143,45595.0
2024-08-21 03:15:34,SOLUSDT,bid,143,45598.0
2024-08-21 03:15:34,SOLUSDT,bid,143,45612.0
2024-08-21 03:15:37,SOLUSDT,bid,143,45595.0
2024-08-21 03:16:21,SOLUSDT,bid,143,68593.0
2024-08-21 03:16:22,SOLUSDT,bid,143,68598.0
2024-08-21 03:16:24,SOLUSDT,bid,143,68578.0
2024-08-21 03:16:37,SOLUSDT,bid,143,68573.0
2024-08-21 03:18:11,SOLUSDT,bid,143,68593.0
2024-08-21 03:18:21,SOLUSDT,bid,143,68594.0
2024-08-21 03:18:23,SOLUSDT,bid,143,68574.0
2024-08-21 03:18:35,SOLUSDT,bid,143,68573.0
2024-08-21 03:18:51,SOLUSDT,bid,143,68576.0
2024-08-21 03:18:55,SOLUSDT,bid,143,68573.0
2024-08-21 03:19:01,SOLUSDT,bid,143,68582.0
2024-08-21 03:19:10,SOLUSDT,bid,143,68573.0
2024-08-21 03:20:19,SOLUSDT,bid,143,68574.0
2024-08-21 03:20:37,SOLUSDT,bid,143,68576.0
2024-08-21 03:20:37,SOLUSDT,bid,143,68582.0
2024-08-21 03:20:38,SOLUSDT,bid,143,68576.0
2024-08-21 03:20:39,SOLUSDT,bid,143,68582.0
2024-08-21 03:20:40,SOLUSDT,bid,143,68574.0
2024-08-21 03:20:45,SOLUSDT,bid,143,68574.0
2024-08-21 03:20:45,SOLUSDT,bid,143,68575.0
2024-08-21 03:20:46,SOLUSDT,bid,143,68576.0
2024-08-21 03:20:46,SOLUSDT,bid,143,68715.0
2024-08-21 03:20:48,SOLUSDT,bid,143,68575.0
2024-08-21 03:20:49,SOLUSDT,bid,143,68574.0
2024-08-21 03:20:50,SOLUSDT,bid,143,68695.0
2024-08-21 03:20:50,SOLUSDT,bid,143,68574.0
2024-08-21 03:21:55,SOLUSDT,bid,143,75914.0
2024-08-21 03:21:55,SOLUSDT,bid,143,75915.0
2024-08-21 03:21:58,SOLUSDT,bid,143,77286.0
2024-08-21 03:21:58,SOLUSDT,bid,143,75915.0
2024-08-21 03:21:58,SOLUSDT,bid,143,77286.0
2024-08-21 03:21:58,SOLUSDT,bid,143,75915.0
2024-08-21 03:22:01,SOLUSDT,bid,143,75912.0
2024-08-21 03:22:11,SOLUSDT,bid,143,75922.0
2024-08-21 03:22:21,SOLUSDT,bid,143,75912.0
2024-08-21 03:22:38,SOLUSDT,bid,143,75908.0
2024-08-21 03:22:44,SOLUSDT,bid,143,75907.0
2024-08-21 03:24:01,SOLUSDT,bid,143,75886.0
2024-08-21 03:25:01,SOLUSDT,bid,143,75892.0
2024-08-21 03:25:10,SOLUSDT,bid,143,75886.0
2024-08-21 03:25:19,SOLUSDT,bid,143,75890.0
2024-08-21 03:25:40,SOLUSDT,bid,143,75894.0
2024-08-21 03:25:41,SOLUSDT,bid,143,75914.0
2024-08-21 03:26:02,SOLUSDT,bid,143,75910.0
2024-08-21 03:26:21,SOLUSDT,bid,143,75890.0
2024-08-21 03:26:42,SOLUSDT,bid,143,75903.0
2024-08-21 03:26:51,SOLUSDT,bid,143,75890.0
2024-08-21 03:27:22,SOLUSDT,bid,143,75899.0
2024-08-21 03:27:31,SOLUSDT,bid,143,75890.0
2024-08-21 03:28:12,SOLUSDT,bid,143,75880.0
2024-08-21 03:28:17,SOLUSDT,bid,143,75870.0
2024-08-21 03:28:34,SOLUSDT,bid,143,75890.0
2024-08-21 03:28:34,SOLUSDT,bid,143,75891.0
2024-08-21 03:28:36,SOLUSDT,bid,143,75871.0
2024-08-21 03:28:36,SOLUSDT,bid,143,75870.0
2024-08-21 03:29:05,SOLUSDT,bid,143,75877.0
2024-08-21 03:29:13,SOLUSDT,bid,143,76363.0
2024-08-21 03:29:18,SOLUSDT,bid,143,75877.0
2024-08-21 03:29:20,SOLUSDT,bid,143,75877.0
2024-08-21 03:29:29,SOLUSDT,bid,143,75879.0
2024-08-21 03:29:50,SOLUSDT,bid,143,75883.0
2024-08-21 03:29:59,SOLUSDT,bid,143,75884.0
2024-08-21 03:29:59,SOLUSDT,bid,143,75883.0
2024-08-21 03:30:01,SOLUSDT,bid,143,75875.0
2024-08-21 03:31:27,SOLUSDT,bid,143,74555.0
2024-08-21 03:31:28,SOLUSDT,bid,143,74455.0
2024-08-21 03:31:29,SOLUSDT,bid,143,74451.0
2024-08-21 03:31:41,SOLUSDT,bid,143,74449.0
2024-08-21 03:31:47,SOLUSDT,bid,143,74449.0
2024-08-21 03:31:49,SOLUSDT,bid,143,74449.0
2024-08-21 03:31:49,SOLUSDT,bid,143,74622.0
2024-08-21 03:31:50,SOLUSDT,bid,143,74622.0
2024-08-21 03:31:50,SOLUSDT,bid,143,74449.0
2024-08-21 03:31:50,SOLUSDT,bid,143,74450.0
2024-08-21 03:31:51,SOLUSDT,bid,143,74454.0
2024-08-21 03:31:51,SOLUSDT,bid,143,74488.0
2024-08-21 03:31:51,SOLUSDT,bid,143,74487.0
2024-08-21 03:31:51,SOLUSDT,bid,143,74587.0
2024-08-21 03:31:52,SOLUSDT,bid,143,74499.0
2024-08-21 03:31:52,SOLUSDT,bid,143,74465.0
2024-08-21 03:31:52,SOLUSDT,bid,143,74535.0
2024-08-21 03:31:55,SOLUSDT,bid,143,74529.0
2024-08-21 03:31:56,SOLUSDT,bid,143,74459.0
2024-08-21 03:31:57,SOLUSDT,bid,143,74555.0
2024-08-21 03:31:58,SOLUSDT,bid,143,74459.0
2024-08-21 03:31:58,SOLUSDT,bid,143,74475.0
2024-08-21 03:31:59,SOLUSDT,bid,143,74513.0
2024-08-21 03:31:59,SOLUSDT,bid,143,74478.0
2024-08-21 03:32:00,SOLUSDT,bid,143,74505.0
2024-08-21 03:32:00,SOLUSDT,bid,143,74514.0
2024-08-21 03:32:00,SOLUSDT,bid,143,74514.0
2024-08-21 03:32:02,SOLUSDT,bid,143,74498.0
2024-08-21 03:32:02,SOLUSDT,bid,143,74494.0
2024-08-21 03:32:02,SOLUSDT,bid,143,74481.0
2024-08-21 03:32:03,SOLUSDT,bid,143,74450.0
2024-08-21 03:32:04,SOLUSDT,bid,143,74630.0
2024-08-21 03:32:05,SOLUSDT,bid,143,74450.0
2024-08-21 03:32:07,SOLUSDT,bid,143,74465.0
2024-08-21 03:32:07,SOLUSDT,bid,143,74466.0
2024-08-21 03:32:08,SOLUSDT,bid,143,74465.0
2024-08-21 03:32:20,SOLUSDT,bid,143,74450.0
2024-08-21 03:32:20,SOLUSDT,bid,143,74444.0
2024-08-21 03:32:23,SOLUSDT,bid,143,74478.0
2024-08-21 03:32:23,SOLUSDT,bid,143,74443.0
2024-08-21 03:32:24,SOLUSDT,bid,143,74478.0
2024-08-21 03:32:25,SOLUSDT,bid,143,74489.0
2024-08-21 03:32:25,SOLUSDT,bid,143,74478.0
2024-08-21 03:32:25,SOLUSDT,bid,143,74443.0
2024-08-21 03:32:29,SOLUSDT,bid,143,74447.0
2024-08-21 03:32:32,SOLUSDT,bid,143,73299.0
2024-08-21 03:32:36,SOLUSDT,bid,143,73300.0
2024-08-21 03:32:36,SOLUSDT,bid,143,73299.0
2024-08-21 03:32:38,SOLUSDT,bid,143,73299.0
2024-08-21 03:32:39,SOLUSDT,bid,143,73399.0
2024-08-21 03:32:39,SOLUSDT,bid,143,73299.0
2024-08-21 03:32:45,SOLUSDT,bid,143,73301.0
2024-08-21 03:32:46,SOLUSDT,bid,143,73299.0
2024-08-21 03:32:50,SOLUSDT,bid,143,73399.0
2024-08-21 03:32:51,SOLUSDT,bid,143,73299.0
2024-08-21 03:32:51,SOLUSDT,bid,143,73299.0
2024-08-21 03:32:51,SOLUSDT,bid,143,73399.0
2024-08-21 03:32:52,SOLUSDT,bid,143,73299.0
2024-08-21 03:32:52,SOLUSDT,bid,143,73438.0
2024-08-21 03:32:52,SOLUSDT,bid,143,73299.0
2024-08-21 03:32:52,SOLUSDT,bid,143,73399.0
2024-08-21 03:32:53,SOLUSDT,bid,143,73299.0
2024-08-21 03:32:57,SOLUSDT,bid,143,73312.0
2024-08-21 03:32:58,SOLUSDT,bid,143,73299.0
2024-08-21 03:33:01,SOLUSDT,bid,143,73303.0
2024-08-21 03:33:01,SOLUSDT,bid,143,73304.0
2024-08-21 03:33:01,SOLUSDT,bid,143,73305.0
2024-08-21 03:33:02,SOLUSDT,bid,143,73308.0
2024-08-21 03:33:02,SOLUSDT,bid,143,73308.0
2024-08-21 03:33:02,SOLUSDT,bid,143,73304.0
2024-08-21 03:33:02,SOLUSDT,bid,143,73303.0
2024-08-21 03:33:02,SOLUSDT,bid,143,73303.0
2024-08-21 03:33:04,SOLUSDT,bid,143,73304.0
2024-08-21 03:33:04,SOLUSDT,bid,143,73415.0
2024-08-21 03:33:04,SOLUSDT,bid,143,73304.0
2024-08-21 03:33:12,SOLUSDT,bid,143,73331.0
2024-08-21 03:33:13,SOLUSDT,bid,143,73330.0
2024-08-21 03:33:23,SOLUSDT,bid,143,73433.0
2024-08-21 03:33:24,SOLUSDT,bid,143,73430.0
2024-08-21 03:33:40,SOLUSDT,bid,143,73327.0
2024-08-21 03:33:48,SOLUSDT,bid,143,73328.0
2024-08-21 03:33:49,SOLUSDT,bid,143,73330.0
2024-08-21 03:33:50,SOLUSDT,bid,143,73495.0
2024-08-21 03:33:54,SOLUSDT,bid,143,73497.0
2024-08-21 03:33:56,SOLUSDT,bid,143,73332.0
2024-08-21 03:34:10,SOLUSDT,bid,143,73366.0
2024-08-21 03:34:11,SOLUSDT,bid,143,73345.0
2024-08-21 03:34:14,SOLUSDT,bid,143,73332.0
2024-08-21 03:34:17,SOLUSDT,bid,143,73335.0
2024-08-21 03:34:23,SOLUSDT,bid,143,74059.0
2024-08-21 03:34:39,SOLUSDT,bid,143,74057.0
2024-08-21 03:34:57,SOLUSDT,bid,143,74054.0
2024-08-21 03:35:28,SOLUSDT,bid,143,74221.0
2024-08-21 03:36:02,SOLUSDT,bid,143,74223.0
2024-08-21 03:36:03,SOLUSDT,bid,143,74056.0
2024-08-21 03:36:13,SOLUSDT,bid,143,74030.0
2024-08-21 03:36:15,SOLUSDT,bid,143,74029.0
2024-08-21 03:36:26,SOLUSDT,bid,143,74049.0
2024-08-21 03:36:26,SOLUSDT,bid,143,74914.0
2024-08-21 03:36:27,SOLUSDT,bid,143,74049.0
