2024-08-26 07:00:29,BTCUSDT,bid,47000,875.76
2024-08-26 07:19:41,BTCUSDT,bid,47000,875.95
2024-08-26 07:27:51,BTCUSDT,bid,47000,875.916
2024-08-26 08:08:31,BTCUSDT,bid,47000,875.824
2024-08-26 08:42:05,BTCUSDT,bid,47000,874.132
2024-08-26 09:20:45,BTCUSDT,ask,63800,511.337
2024-08-26 09:20:45,BTCUSDT,ask,63800,511.234
2024-08-26 09:20:45,BTCUSDT,ask,63800,511.07
2024-08-26 09:20:46,BTCUSDT,ask,63800,511.076
2024-08-26 10:39:12,BTCUSDT,bid,47000,874.332
2024-08-26 10:45:30,BTCUSDT,bid,47000,874.353
2024-08-26 11:21:25,BTCUSDT,bid,47000,872.377
2024-08-26 11:23:05,BTCUSDT,bid,47000,874.105
2024-08-26 11:33:34,BTCUSDT,bid,47000,872.377
2024-08-26 11:33:46,BTCUSDT,bid,47000,873.446
2024-08-26 11:36:42,BTCUSDT,bid,47000,872.377
2024-08-26 11:37:20,BTCUSDT,bid,47000,873.464
2024-08-26 07:00:08,BTCUSD_PERP,bid,63700,565.71
2024-08-26 07:00:20,BTCUSD_PERP,bid,63700,502.28
2024-08-26 07:01:11,BTCUSD_PERP,bid,63700,576.32
2024-08-26 07:01:11,BTCUSD_PERP,bid,63700,638.82
2024-08-26 07:01:11,BTCUSD_PERP,bid,63700,701.96
2024-08-26 07:03:08,BTCUSD_PERP,bid,63700,576.32
2024-08-26 07:03:08,BTCUSD_PERP,bid,63700,513.18
2024-08-26 07:03:54,BTCUSD_PERP,bid,63800,565.86
2024-08-26 07:03:54,BTCUSD_PERP,bid,63800,629.03
2024-08-26 07:03:54,BTCUSD_PERP,bid,63700,488.41
2024-08-26 07:04:10,BTCUSD_PERP,bid,63800,565.86
2024-08-26 07:04:10,BTCUSD_PERP,bid,63800,503.33
2024-08-26 07:04:11,BTCUSD_PERP,bid,63800,503.75
2024-08-26 07:04:11,BTCUSD_PERP,bid,63800,514.38
2024-08-26 07:04:11,BTCUSD_PERP,bid,63800,702.09
2024-08-26 07:04:17,BTCUSD_PERP,bid,63800,576.95
2024-08-26 07:04:17,BTCUSD_PERP,bid,63800,514.38
2024-08-26 07:05:28,BTCUSD_PERP,bid,63800,503.01
2024-08-26 07:05:28,BTCUSD_PERP,bid,63800,566.22
2024-08-26 07:05:28,BTCUSD_PERP,bid,63800,691.36
2024-08-26 07:05:28,BTCUSD_PERP,bid,63800,753.93
2024-08-26 07:05:28,BTCUSD_PERP,bid,63800,817.14
2024-08-26 07:06:44,BTCUSD_PERP,bid,63800,754.57
2024-08-26 07:06:44,BTCUSD_PERP,bid,63800,691.36
2024-08-26 07:06:44,BTCUSD_PERP,bid,63800,628.79
2024-08-26 07:06:44,BTCUSD_PERP,bid,63800,565.69
2024-08-26 07:06:45,BTCUSD_PERP,bid,63800,503.12
2024-08-26 07:08:10,BTCUSD_PERP,bid,63900,504.07
2024-08-26 07:08:10,BTCUSD_PERP,bid,63900,567.33
2024-08-26 07:08:16,BTCUSD_PERP,bid,63800,504.11
2024-08-26 07:08:16,BTCUSD_PERP,bid,63800,567.34
2024-08-26 07:10:40,BTCUSD_PERP,bid,63800,629.33
2024-08-26 07:10:40,BTCUSD_PERP,bid,63800,692.53
2024-08-26 07:10:40,BTCUSD_PERP,bid,63800,755.73
2024-08-26 07:11:40,BTCUSD_PERP,bid,63800,692.53
2024-08-26 07:11:40,BTCUSD_PERP,bid,63800,566.24
2024-08-26 07:11:41,BTCUSD_PERP,bid,63800,505.17
2024-08-26 07:12:08,BTCUSD_PERP,bid,63900,567.41
2024-08-26 07:14:32,BTCUSD_PERP,bid,63500,486.61
2024-08-26 07:14:32,BTCUSD_PERP,bid,63600,689.67
2024-08-26 07:14:33,BTCUSD_PERP,bid,63500,549.5
2024-08-26 07:14:33,BTCUSD_PERP,bid,63600,752.67
2024-08-26 07:14:35,BTCUSD_PERP,ask,64800,489.45
2024-08-26 07:14:54,BTCUSD_PERP,bid,63600,501.89
2024-08-26 07:14:54,BTCUSD_PERP,bid,63600,626.59
2024-08-26 07:15:23,BTCUSD_PERP,bid,63600,564.24
2024-08-26 07:15:23,BTCUSD_PERP,bid,63500,626.22
2024-08-26 07:15:31,BTCUSD_PERP,bid,63500,563.27
2024-08-26 07:15:31,BTCUSD_PERP,bid,63400,485.96
2024-08-26 07:15:31,BTCUSD_PERP,bid,63500,879.05
2024-08-26 07:15:31,BTCUSD_PERP,bid,63500,957.05
2024-08-26 07:15:31,BTCUSD_PERP,bid,63400,548.77
2024-08-26 07:15:44,BTCUSD_PERP,bid,63400,501.64
2024-08-26 07:15:44,BTCUSD_PERP,bid,63500,894.78
2024-08-26 07:15:44,BTCUSD_PERP,bid,63500,831.87
2024-08-26 07:15:44,BTCUSD_PERP,bid,63500,768.96
2024-08-26 07:15:44,BTCUSD_PERP,bid,63500,706.16
2024-08-26 07:15:44,BTCUSD_PERP,bid,63500,643.25
2024-08-26 07:15:50,BTCUSD_PERP,bid,63500,580.34
2024-08-26 07:15:51,BTCUSD_PERP,bid,63500,518.07
2024-08-26 07:15:52,BTCUSD_PERP,bid,63500,500.96
2024-08-26 07:15:52,BTCUSD_PERP,bid,63500,563.26
2024-08-26 07:16:36,BTCUSD_PERP,bid,63500,500.96
2024-08-26 07:16:37,BTCUSD_PERP,bid,63600,564.9
2024-08-26 07:16:37,BTCUSD_PERP,bid,63600,627.24
2024-08-26 07:16:38,BTCUSD_PERP,bid,63600,690.22
2024-08-26 07:16:38,BTCUSD_PERP,bid,63600,752.56
2024-08-26 07:16:38,BTCUSD_PERP,bid,63500,549.69
2024-08-26 07:16:38,BTCUSD_PERP,bid,63600,877.88
2024-08-26 07:16:38,BTCUSD_PERP,bid,63500,612.59
2024-08-26 07:16:38,BTCUSD_PERP,bid,63600,940.86
2024-08-26 07:16:49,BTCUSD_PERP,bid,63600,940.86
2024-08-26 07:16:53,BTCUSD_PERP,bid,63500,487.38
2024-08-26 07:16:53,BTCUSD_PERP,bid,63600,815.54
2024-08-26 07:16:53,BTCUSD_PERP,bid,63600,752.56
2024-08-26 07:16:53,BTCUSD_PERP,bid,63600,689.58
2024-08-26 07:16:53,BTCUSD_PERP,bid,63600,627.24
2024-08-26 07:16:54,BTCUSD_PERP,bid,63600,501.92
2024-08-26 07:16:54,BTCUSD_PERP,bid,63600,504.57
2024-08-26 07:16:54,BTCUSD_PERP,bid,63600,566.95
2024-08-26 07:16:54,BTCUSD_PERP,bid,63600,629.96
2024-08-26 07:16:54,BTCUSD_PERP,bid,63500,513.14
2024-08-26 07:16:54,BTCUSD_PERP,bid,63600,817.73
2024-08-26 07:16:55,BTCUSD_PERP,bid,63600,943.75
2024-08-26 07:16:55,BTCUSD_PERP,bid,63500,576.09
2024-08-26 07:16:55,BTCUSD_PERP,bid,63600,1006.13
2024-08-26 07:16:55,BTCUSD_PERP,bid,63500,623.3
2024-08-26 07:16:55,BTCUSD_PERP,bid,63600,1069.14
2024-08-26 07:17:01,BTCUSD_PERP,bid,63600,1006.13
2024-08-26 07:17:02,BTCUSD_PERP,bid,63500,513.61
2024-08-26 07:17:02,BTCUSD_PERP,bid,63600,943.12
2024-08-26 07:17:02,BTCUSD_PERP,bid,63600,880.74
2024-08-26 07:17:02,BTCUSD_PERP,bid,63600,756.0
2024-08-26 07:17:02,BTCUSD_PERP,bid,63600,692.99
2024-08-26 07:17:02,BTCUSD_PERP,bid,63600,629.98
2024-08-26 07:17:02,BTCUSD_PERP,bid,63600,504.59
2024-08-26 07:17:02,BTCUSD_PERP,bid,63600,503.16
2024-08-26 07:17:02,BTCUSD_PERP,bid,63600,566.21
2024-08-26 07:17:03,BTCUSD_PERP,bid,63600,628.62
2024-08-26 07:17:03,BTCUSD_PERP,bid,63600,691.03
2024-08-26 07:17:03,BTCUSD_PERP,bid,63600,754.08
2024-08-26 07:17:03,BTCUSD_PERP,bid,63600,487.64
2024-08-26 07:17:03,BTCUSD_PERP,bid,63600,817.13
2024-08-26 07:17:03,BTCUSD_PERP,bid,63600,880.18
2024-08-26 07:17:03,BTCUSD_PERP,bid,63600,550.63
2024-08-26 07:17:11,BTCUSD_PERP,bid,63600,880.18
2024-08-26 07:17:42,BTCUSD_PERP,bid,63600,754.08
2024-08-26 07:17:42,BTCUSD_PERP,bid,63600,629.26
2024-08-26 07:17:43,BTCUSD_PERP,bid,63600,566.85
2024-08-26 07:19:29,BTCUSD_PERP,bid,63600,565.62
2024-08-26 07:20:31,BTCUSD_PERP,bid,63600,501.92
2024-08-26 07:20:41,BTCUSD_PERP,bid,63600,502.35
2024-08-26 07:20:41,BTCUSD_PERP,bid,63600,554.93
2024-08-26 07:20:41,BTCUSD_PERP,bid,63600,565.4
2024-08-26 07:20:43,BTCUSD_PERP,bid,63600,575.22
2024-08-26 07:21:14,BTCUSD_PERP,bid,63600,512.84
2024-08-26 07:21:16,BTCUSD_PERP,bid,63700,503.28
2024-08-26 07:21:16,BTCUSD_PERP,bid,63700,565.71
2024-08-26 07:21:18,BTCUSD_PERP,bid,63600,502.35
2024-08-26 07:22:00,BTCUSD_PERP,ask,64900,466.92
2024-08-26 07:22:01,BTCUSD_PERP,ask,64900,477.3
2024-08-26 07:22:02,BTCUSD_PERP,ask,64900,483.78
2024-08-26 07:22:04,BTCUSD_PERP,ask,64900,494.16
2024-08-26 07:22:59,BTCUSD_PERP,ask,64900,483.78
2024-08-26 07:23:01,BTCUSD_PERP,ask,64900,473.4
2024-08-26 07:23:03,BTCUSD_PERP,ask,64900,466.92
2024-08-26 07:23:13,BTCUSD_PERP,bid,63700,502.64
2024-08-26 07:23:15,BTCUSD_PERP,bid,63700,502.96
2024-08-26 07:24:22,BTCUSD_PERP,bid,63700,503.04
2024-08-26 07:24:23,BTCUSD_PERP,bid,63700,566.16
2024-08-26 07:24:23,BTCUSD_PERP,bid,63700,629.28
2024-08-26 07:24:23,BTCUSD_PERP,bid,63700,692.4
2024-08-26 07:24:23,BTCUSD_PERP,bid,63700,754.88
2024-08-26 07:28:09,BTCUSD_PERP,bid,63700,691.76
2024-08-26 07:28:09,BTCUSD_PERP,bid,63700,879.28
2024-08-26 07:28:09,BTCUSD_PERP,bid,63700,942.36
2024-08-26 07:28:56,BTCUSD_PERP,bid,63700,879.28
2024-08-26 07:28:56,BTCUSD_PERP,bid,63700,816.84
2024-08-26 07:28:56,BTCUSD_PERP,bid,63700,753.76
2024-08-26 07:28:57,BTCUSD_PERP,bid,63700,691.32
2024-08-26 07:28:57,BTCUSD_PERP,bid,63700,628.88
2024-08-26 07:28:57,BTCUSD_PERP,bid,63700,565.8
2024-08-26 07:28:57,BTCUSD_PERP,bid,63700,503.76
2024-08-26 07:28:57,BTCUSD_PERP,bid,63700,629.91
2024-08-26 07:28:57,BTCUSD_PERP,bid,63700,693.04
2024-08-26 07:30:24,BTCUSD_PERP,bid,63700,629.91
2024-08-26 07:30:24,BTCUSD_PERP,bid,63700,566.78
2024-08-26 07:36:51,BTCUSD_PERP,bid,63800,503.89
2024-08-26 07:36:54,BTCUSD_PERP,bid,63700,503.66
2024-08-26 07:38:50,BTCUSD_PERP,bid,63700,765.23
2024-08-26 07:38:51,BTCUSD_PERP,bid,63700,828.33
2024-08-26 07:39:06,BTCUSD_PERP,bid,63700,765.23
2024-08-26 07:39:06,BTCUSD_PERP,bid,63700,503.09
2024-08-26 07:39:06,BTCUSD_PERP,bid,63700,691.63
2024-08-26 07:39:06,BTCUSD_PERP,bid,63700,754.69
2024-08-26 07:39:28,BTCUSD_PERP,bid,63700,692.27
2024-08-26 07:39:28,BTCUSD_PERP,bid,63700,566.79
2024-08-26 07:39:28,BTCUSD_PERP,bid,63600,575.86
2024-08-26 07:39:29,BTCUSD_PERP,bid,63600,638.89
2024-08-26 07:39:29,BTCUSD_PERP,bid,63600,701.92
2024-08-26 07:40:02,BTCUSD_PERP,bid,63600,638.89
2024-08-26 07:40:02,BTCUSD_PERP,bid,63600,627.97
2024-08-26 07:40:02,BTCUSD_PERP,bid,63600,690.97
2024-08-26 07:40:09,BTCUSD_PERP,bid,63600,575.86
2024-08-26 07:40:09,BTCUSD_PERP,bid,63600,638.82
2024-08-26 07:40:35,BTCUSD_PERP,bid,63600,502.61
2024-08-26 07:40:35,BTCUSD_PERP,bid,63600,564.97
2024-08-26 07:40:35,BTCUSD_PERP,bid,63600,690.97
2024-08-26 07:40:35,BTCUSD_PERP,bid,63600,753.33
2024-08-26 07:41:10,BTCUSD_PERP,bid,63600,565.26
2024-08-26 07:41:11,BTCUSD_PERP,bid,63600,628.22
2024-08-26 07:41:22,BTCUSD_PERP,bid,63600,565.89
2024-08-26 07:41:22,BTCUSD_PERP,bid,63600,502.93
2024-08-26 07:41:23,BTCUSD_PERP,bid,63600,564.33
2024-08-26 07:41:23,BTCUSD_PERP,bid,63600,627.33
2024-08-26 07:41:24,BTCUSD_PERP,bid,63600,690.33
2024-08-26 07:41:24,BTCUSD_PERP,bid,63600,753.33
2024-08-26 07:41:24,BTCUSD_PERP,bid,63600,753.38
2024-08-26 07:42:46,BTCUSD_PERP,bid,63600,565.66
2024-08-26 07:42:46,BTCUSD_PERP,bid,63600,502.77
2024-08-26 07:42:47,BTCUSD_PERP,bid,63600,565.24
2024-08-26 07:42:48,BTCUSD_PERP,bid,63600,628.27
2024-08-26 07:42:48,BTCUSD_PERP,bid,63600,691.3
2024-08-26 07:42:48,BTCUSD_PERP,bid,63600,498.02
2024-08-26 07:42:48,BTCUSD_PERP,bid,63600,754.33
2024-08-26 07:42:48,BTCUSD_PERP,bid,63600,764.93
2024-08-26 07:42:48,BTCUSD_PERP,bid,63600,827.32
2024-08-26 07:43:11,BTCUSD_PERP,bid,63600,753.25
2024-08-26 07:43:11,BTCUSD_PERP,bid,63600,816.24
2024-08-26 07:43:24,BTCUSD_PERP,ask,64800,470.15
2024-08-26 07:43:26,BTCUSD_PERP,ask,64800,476.62
2024-08-26 07:43:27,BTCUSD_PERP,ask,64800,486.98
2024-08-26 07:43:32,BTCUSD_PERP,bid,63600,628.0
2024-08-26 07:43:32,BTCUSD_PERP,bid,63500,497.46
2024-08-26 07:43:32,BTCUSD_PERP,bid,63500,951.68
2024-08-26 07:43:32,BTCUSD_PERP,bid,63500,1014.64
2024-08-26 07:43:32,BTCUSD_PERP,bid,63500,560.32
2024-08-26 07:43:32,BTCUSD_PERP,bid,63500,1077.6
2024-08-26 07:44:14,BTCUSD_PERP,ask,64800,465.99
2024-08-26 07:44:59,BTCUSD_PERP,bid,47000,2440.6
2024-08-26 07:46:40,BTCUSD_PERP,bid,63500,1014.64
2024-08-26 07:46:40,BTCUSD_PERP,bid,63500,888.83
2024-08-26 07:46:40,BTCUSD_PERP,bid,63500,762.91
2024-08-26 07:46:40,BTCUSD_PERP,bid,63500,699.95
2024-08-26 07:46:40,BTCUSD_PERP,bid,63600,502.55
2024-08-26 07:46:40,BTCUSD_PERP,bid,63500,636.99
2024-08-26 07:46:41,BTCUSD_PERP,bid,63500,574.67
2024-08-26 07:46:41,BTCUSD_PERP,bid,63600,627.9
2024-08-26 07:46:41,BTCUSD_PERP,bid,63500,512.35
2024-08-26 07:46:41,BTCUSD_PERP,bid,63600,690.26
2024-08-26 07:46:41,BTCUSD_PERP,bid,63600,753.25
2024-08-26 07:46:41,BTCUSD_PERP,bid,63500,486.57
2024-08-26 07:46:41,BTCUSD_PERP,bid,63500,549.5
2024-08-26 07:46:41,BTCUSD_PERP,bid,63600,816.24
2024-08-26 07:46:41,BTCUSD_PERP,bid,63600,940.95
2024-08-26 07:46:41,BTCUSD_PERP,bid,63600,1066.93
2024-08-26 07:46:41,BTCUSD_PERP,bid,63500,612.43
2024-08-26 07:46:41,BTCUSD_PERP,bid,63600,1129.92
2024-08-26 07:46:42,BTCUSD_PERP,bid,63600,1192.28
2024-08-26 07:48:56,BTCUSD_PERP,bid,63500,549.51
2024-08-26 07:48:56,BTCUSD_PERP,bid,63600,1003.31
2024-08-26 07:48:56,BTCUSD_PERP,bid,63500,1003.3
2024-08-26 07:50:28,BTCUSD_PERP,bid,63500,688.85
2024-08-26 07:50:58,BTCUSD_PERP,bid,63500,625.93
2024-08-26 07:51:17,BTCUSD_PERP,bid,63400,690.64
2024-08-26 07:51:17,BTCUSD_PERP,bid,63400,705.71
2024-08-26 07:51:17,BTCUSD_PERP,bid,63300,512.05
2024-08-26 07:51:17,BTCUSD_PERP,bid,63400,768.53
2024-08-26 07:51:30,BTCUSD_PERP,bid,63400,580.71
2024-08-26 07:51:54,BTCUSD_PERP,bid,63300,499.37
2024-08-26 07:53:26,BTCUSD_PERP,bid,63500,627.0
2024-08-26 07:53:42,BTCUSD_PERP,bid,63500,564.1
2024-08-26 07:55:12,BTCUSD_PERP,bid,63600,519.74
2024-08-26 07:55:12,BTCUSD_PERP,bid,63600,582.07
2024-08-26 07:55:13,BTCUSD_PERP,bid,63600,644.4
2024-08-26 07:55:13,BTCUSD_PERP,bid,63600,707.37
2024-08-26 07:55:13,BTCUSD_PERP,bid,63600,770.34
2024-08-26 07:55:50,BTCUSD_PERP,bid,63600,707.37
2024-08-26 07:55:52,BTCUSD_PERP,bid,63600,512.76
2024-08-26 07:56:23,BTCUSD_PERP,bid,63600,690.1
2024-08-26 08:00:02,BTCUSD_PERP,bid,63600,564.78
2024-08-26 08:00:02,BTCUSD_PERP,bid,63500,689.7
2024-08-26 08:00:52,BTCUSD_PERP,bid,63500,626.76
2024-08-26 08:00:52,BTCUSD_PERP,bid,63500,501.51
2024-08-26 08:00:54,BTCUSD_PERP,bid,63600,501.81
2024-08-26 08:02:48,BTCUSD_PERP,bid,63600,501.81
2024-08-26 08:04:01,BTCUSD_PERP,bid,63500,501.89
2024-08-26 08:04:01,BTCUSD_PERP,bid,63500,564.8
2024-08-26 08:04:18,BTCUSD_PERP,bid,63500,502.53
2024-08-26 08:04:18,BTCUSD_PERP,bid,63500,502.22
2024-08-26 08:07:08,BTCUSD_PERP,bid,63500,502.32
2024-08-26 08:08:02,BTCUSD_PERP,bid,63400,501.33
2024-08-26 08:08:03,BTCUSD_PERP,bid,63400,564.17
2024-08-26 08:09:56,BTCUSD_PERP,bid,63400,501.33
2024-08-26 08:09:57,BTCUSD_PERP,bid,63500,500.94
2024-08-26 08:09:57,BTCUSD_PERP,bid,63500,563.81
2024-08-26 08:09:57,BTCUSD_PERP,bid,63500,626.68
2024-08-26 08:09:57,BTCUSD_PERP,bid,63500,688.96
2024-08-26 08:09:57,BTCUSD_PERP,bid,63500,751.83
2024-08-26 08:09:57,BTCUSD_PERP,bid,63500,876.94
2024-08-26 08:09:58,BTCUSD_PERP,bid,63500,876.98
2024-08-26 08:10:02,BTCUSD_PERP,bid,63500,877.02
2024-08-26 08:10:59,BTCUSD_PERP,bid,63500,814.78
2024-08-26 08:10:59,BTCUSD_PERP,bid,63500,689.15
2024-08-26 08:10:59,BTCUSD_PERP,bid,63500,626.91
2024-08-26 08:10:59,BTCUSD_PERP,bid,63500,564.04
2024-08-26 08:10:59,BTCUSD_PERP,bid,63500,501.17
2024-08-26 08:10:59,BTCUSD_PERP,bid,63500,501.36
2024-08-26 08:10:59,BTCUSD_PERP,bid,63500,689.45
2024-08-26 08:11:00,BTCUSD_PERP,bid,63500,752.36
2024-08-26 08:11:00,BTCUSD_PERP,bid,63500,814.63
2024-08-26 08:11:00,BTCUSD_PERP,bid,63500,876.9
2024-08-26 08:11:00,BTCUSD_PERP,bid,63500,939.17
2024-08-26 08:11:00,BTCUSD_PERP,bid,63500,1002.08
2024-08-26 08:11:01,BTCUSD_PERP,bid,63500,939.17
2024-08-26 08:11:02,BTCUSD_PERP,bid,63500,688.17
2024-08-26 08:11:02,BTCUSD_PERP,bid,63500,625.9
2024-08-26 08:11:02,BTCUSD_PERP,bid,63500,562.99
2024-08-26 08:11:03,BTCUSD_PERP,bid,63500,496.97
2024-08-26 08:11:03,BTCUSD_PERP,bid,63600,511.68
2024-08-26 08:11:03,BTCUSD_PERP,bid,63600,637.62
2024-08-26 08:11:04,BTCUSD_PERP,bid,63600,638.95
2024-08-26 08:11:05,BTCUSD_PERP,bid,63600,641.23
2024-08-26 08:11:06,BTCUSD_PERP,ask,64800,498.0
2024-08-26 08:11:10,BTCUSD_PERP,ask,64800,476.82
2024-08-26 08:11:12,BTCUSD_PERP,bid,63500,486.11
2024-08-26 08:12:02,BTCUSD_PERP,ask,64800,470.41
2024-08-26 08:12:20,BTCUSD_PERP,bid,63600,501.22
2024-08-26 08:12:20,BTCUSD_PERP,bid,63500,486.39
2024-08-26 08:12:20,BTCUSD_PERP,bid,63500,549.3
2024-08-26 08:12:21,BTCUSD_PERP,bid,63600,564.19
2024-08-26 08:12:21,BTCUSD_PERP,bid,63600,751.84
2024-08-26 08:12:21,BTCUSD_PERP,bid,63600,814.81
2024-08-26 08:12:21,BTCUSD_PERP,bid,63600,940.75
2024-08-26 08:12:21,BTCUSD_PERP,bid,63600,1003.61
2024-08-26 08:12:38,BTCUSD_PERP,bid,63500,549.3
2024-08-26 08:13:26,BTCUSD_PERP,bid,63600,689.78
2024-08-26 08:13:26,BTCUSD_PERP,bid,63500,486.69
2024-08-26 08:13:26,BTCUSD_PERP,bid,63600,941.18
2024-08-26 08:13:26,BTCUSD_PERP,bid,63500,549.59
2024-08-26 08:13:26,BTCUSD_PERP,bid,63600,1004.19
2024-08-26 08:13:26,BTCUSD_PERP,bid,63600,1004.24
2024-08-26 08:15:14,BTCUSD_PERP,bid,63600,564.05
2024-08-26 08:15:14,BTCUSD_PERP,bid,63600,753.17
2024-08-26 08:15:14,BTCUSD_PERP,bid,63600,487.35
2024-08-26 08:15:14,BTCUSD_PERP,bid,63600,816.21
2024-08-26 08:16:27,BTCUSD_PERP,bid,63600,501.65
2024-08-26 08:16:28,BTCUSD_PERP,bid,63600,626.67
2024-08-26 08:16:45,BTCUSD_PERP,bid,63500,511.71
2024-08-26 08:17:05,BTCUSD_PERP,bid,63600,563.69
2024-08-26 08:17:05,BTCUSD_PERP,bid,63600,626.69
2024-08-26 08:17:06,BTCUSD_PERP,bid,63600,641.94
2024-08-26 08:17:37,BTCUSD_PERP,bid,63600,626.69
2024-08-26 08:25:13,BTCUSD_PERP,bid,63600,563.69
2024-08-26 08:25:13,BTCUSD_PERP,bid,63600,500.51
2024-08-26 08:25:13,BTCUSD_PERP,bid,63600,626.33
2024-08-26 08:26:00,BTCUSD_PERP,bid,63600,500.41
2024-08-26 08:26:02,BTCUSD_PERP,bid,63600,500.69
2024-08-26 08:26:02,BTCUSD_PERP,bid,63600,563.69
2024-08-26 08:26:50,BTCUSD_PERP,bid,63600,501.33
2024-08-26 08:26:51,BTCUSD_PERP,bid,63600,501.64
2024-08-26 08:26:52,BTCUSD_PERP,bid,63600,564.04
2024-08-26 08:26:52,BTCUSD_PERP,bid,63600,627.08
2024-08-26 08:26:52,BTCUSD_PERP,bid,63600,689.47
2024-08-26 08:27:46,BTCUSD_PERP,bid,63600,627.07
2024-08-26 08:27:46,BTCUSD_PERP,bid,63600,563.69
2024-08-26 08:27:46,BTCUSD_PERP,bid,63600,689.69
2024-08-26 08:27:48,BTCUSD_PERP,bid,63600,752.05
2024-08-26 08:31:11,BTCUSD_PERP,bid,63600,627.03
2024-08-26 08:31:11,BTCUSD_PERP,bid,63600,689.36
2024-08-26 08:31:41,BTCUSD_PERP,ask,64800,466.27
2024-08-26 08:32:01,BTCUSD_PERP,bid,63500,500.8
2024-08-26 08:32:01,BTCUSD_PERP,bid,63500,563.72
2024-08-26 08:32:02,BTCUSD_PERP,bid,63500,626.0
2024-08-26 08:32:02,BTCUSD_PERP,bid,63500,641.23
2024-08-26 08:32:05,BTCUSD_PERP,bid,63500,642.56
2024-08-26 08:32:05,BTCUSD_PERP,bid,63500,644.84
2024-08-26 08:33:15,BTCUSD_PERP,ask,64700,486.08
2024-08-26 08:33:17,BTCUSD_PERP,ask,64700,496.43
2024-08-26 08:34:06,BTCUSD_PERP,bid,63500,643.51
2024-08-26 08:34:06,BTCUSD_PERP,bid,63500,628.28
2024-08-26 08:34:06,BTCUSD_PERP,bid,63500,626.0
2024-08-26 08:34:12,BTCUSD_PERP,ask,64700,486.08
2024-08-26 08:34:14,BTCUSD_PERP,ask,64700,475.73
2024-08-26 08:34:15,BTCUSD_PERP,ask,64700,465.7
2024-08-26 08:35:40,BTCUSD_PERP,bid,63500,563.08
2024-08-26 08:35:41,BTCUSD_PERP,bid,63500,500.16
2024-08-26 08:35:41,BTCUSD_PERP,bid,63500,563.39
2024-08-26 08:35:41,BTCUSD_PERP,bid,63500,626.27
2024-08-26 08:35:42,BTCUSD_PERP,bid,63500,688.52
2024-08-26 08:35:53,BTCUSD_PERP,ask,64700,469.35
2024-08-26 08:35:54,BTCUSD_PERP,ask,64700,480.02
2024-08-26 08:36:31,BTCUSD_PERP,bid,63500,626.27
2024-08-26 08:36:33,BTCUSD_PERP,bid,63500,626.53
2024-08-26 08:36:33,BTCUSD_PERP,bid,63500,751.09
2024-08-26 08:37:03,BTCUSD_PERP,bid,63500,625.59
2024-08-26 08:37:03,BTCUSD_PERP,bid,63500,688.48
2024-08-26 08:38:20,BTCUSD_PERP,bid,63500,500.56
2024-08-26 08:38:21,BTCUSD_PERP,bid,63400,637.91
2024-08-26 08:38:21,BTCUSD_PERP,bid,63400,700.76
2024-08-26 08:38:41,BTCUSD_PERP,bid,63400,688.08
2024-08-26 08:39:38,BTCUSD_PERP,ask,64700,502.17
2024-08-26 08:39:38,BTCUSD_PERP,ask,64700,630.39
2024-08-26 08:39:38,BTCUSD_PERP,ask,64700,694.49
2024-08-26 08:39:42,BTCUSD_PERP,ask,64700,700.95
2024-08-26 08:39:45,BTCUSD_PERP,ask,64700,707.41
2024-08-26 08:39:48,BTCUSD_PERP,bid,63400,625.23
2024-08-26 08:39:48,BTCUSD_PERP,bid,63400,563.02
2024-08-26 08:39:49,BTCUSD_PERP,bid,63500,563.43
2024-08-26 08:39:49,BTCUSD_PERP,bid,63500,625.69
2024-08-26 08:39:49,BTCUSD_PERP,bid,63500,688.59
2024-08-26 08:40:42,BTCUSD_PERP,ask,64700,708.06
2024-08-26 08:40:42,BTCUSD_PERP,ask,64700,701.6
2024-08-26 08:40:46,BTCUSD_PERP,ask,64700,695.14
2024-08-26 08:40:47,BTCUSD_PERP,ask,64700,684.79
2024-08-26 08:42:53,BTCUSD_PERP,bid,63500,562.46
2024-08-26 08:42:53,BTCUSD_PERP,bid,63500,625.32
2024-08-26 08:43:42,BTCUSD_PERP,ask,64700,620.69
2024-08-26 08:43:42,BTCUSD_PERP,ask,64700,556.57
2024-08-26 08:43:42,BTCUSD_PERP,ask,64700,492.45
2024-08-26 08:45:47,BTCUSD_PERP,ask,64700,469.6
2024-08-26 08:45:48,BTCUSD_PERP,bid,63500,572.22
2024-08-26 08:45:48,BTCUSD_PERP,bid,63500,635.09
2024-08-26 08:45:53,BTCUSD_PERP,ask,64700,469.41
2024-08-26 08:45:54,BTCUSD_PERP,ask,64700,479.75
2024-08-26 08:45:56,BTCUSD_PERP,ask,64700,501.09
2024-08-26 08:46:03,BTCUSD_PERP,ask,64700,507.55
2024-08-26 08:46:06,BTCUSD_PERP,ask,64700,514.01
2024-08-26 08:46:07,BTCUSD_PERP,ask,64700,524.36
2024-08-26 08:46:08,BTCUSD_PERP,ask,64700,530.82
2024-08-26 08:46:10,BTCUSD_PERP,ask,64700,541.16
2024-08-26 08:46:10,BTCUSD_PERP,ask,64700,551.5
2024-08-26 08:46:14,BTCUSD_PERP,ask,64700,557.96
2024-08-26 08:46:14,BTCUSD_PERP,ask,64700,568.31
2024-08-26 08:46:51,BTCUSD_PERP,ask,64700,557.97
2024-08-26 08:46:53,BTCUSD_PERP,ask,64700,547.63
2024-08-26 08:46:55,BTCUSD_PERP,ask,64700,537.29
2024-08-26 08:47:08,BTCUSD_PERP,ask,64700,526.94
2024-08-26 08:47:08,BTCUSD_PERP,ask,64700,520.48
2024-08-26 08:47:10,BTCUSD_PERP,ask,64700,510.14
2024-08-26 08:47:10,BTCUSD_PERP,ask,64700,499.8
2024-08-26 08:47:15,BTCUSD_PERP,ask,64700,489.45
2024-08-26 08:47:30,BTCUSD_PERP,ask,64700,468.11
2024-08-26 08:49:14,BTCUSD_PERP,bid,63500,635.09
2024-08-26 08:49:56,BTCUSD_PERP,ask,64700,469.13
2024-08-26 08:49:57,BTCUSD_PERP,ask,64700,479.47
2024-08-26 08:49:58,BTCUSD_PERP,bid,63400,625.68
2024-08-26 08:49:58,BTCUSD_PERP,bid,63400,688.51
2024-08-26 08:50:15,BTCUSD_PERP,bid,63400,625.79
2024-08-26 08:50:15,BTCUSD_PERP,bid,63400,563.17
2024-08-26 08:50:15,BTCUSD_PERP,bid,63400,625.97
2024-08-26 08:50:26,BTCUSD_PERP,bid,63400,625.67
2024-08-26 08:50:26,BTCUSD_PERP,bid,63400,688.44
2024-08-26 08:51:52,BTCUSD_PERP,bid,63400,500.39
2024-08-26 08:51:53,BTCUSD_PERP,bid,63400,563.19
2024-08-26 08:52:21,BTCUSD_PERP,bid,63400,501.03
2024-08-26 08:52:22,BTCUSD_PERP,bid,63400,500.77
2024-08-26 08:52:23,BTCUSD_PERP,bid,63400,562.9
2024-08-26 08:52:23,BTCUSD_PERP,bid,63400,625.67
2024-08-26 08:52:23,BTCUSD_PERP,bid,63400,688.44
2024-08-26 08:52:29,BTCUSD_PERP,bid,63400,563.54
2024-08-26 08:52:30,BTCUSD_PERP,bid,63400,501.41
2024-08-26 08:53:36,BTCUSD_PERP,bid,63300,500.16
2024-08-26 08:54:35,BTCUSD_PERP,bid,63400,500.42
2024-08-26 08:54:35,BTCUSD_PERP,bid,63400,563.21
2024-08-26 08:54:35,BTCUSD_PERP,bid,63400,625.37
2024-08-26 08:54:35,BTCUSD_PERP,bid,63400,750.32
2024-08-26 08:54:36,BTCUSD_PERP,bid,63400,812.47
2024-08-26 08:55:03,BTCUSD_PERP,bid,63400,749.68
2024-08-26 08:55:03,BTCUSD_PERP,bid,63400,625.36
2024-08-26 08:55:04,BTCUSD_PERP,bid,63400,563.21
2024-08-26 08:55:04,BTCUSD_PERP,bid,63300,687.16
2024-08-26 08:55:04,BTCUSD_PERP,bid,63300,749.92
2024-08-26 08:55:19,BTCUSD_PERP,bid,63300,687.8
2024-08-26 08:55:19,BTCUSD_PERP,bid,63300,625.04
2024-08-26 08:55:19,BTCUSD_PERP,bid,63300,500.16
2024-08-26 08:55:20,BTCUSD_PERP,bid,63400,501.05
2024-08-26 08:55:20,BTCUSD_PERP,bid,63300,485.11
2024-08-26 08:55:20,BTCUSD_PERP,bid,63400,626.0
2024-08-26 08:57:10,BTCUSD_PERP,bid,63300,484.76
2024-08-26 08:57:10,BTCUSD_PERP,bid,63300,564.04
2024-08-26 08:57:10,BTCUSD_PERP,bid,63300,547.41
2024-08-26 08:57:10,BTCUSD_PERP,bid,63300,626.79
2024-08-26 08:58:45,BTCUSD_PERP,bid,63300,564.04
2024-08-26 08:58:45,BTCUSD_PERP,bid,63300,485.05
2024-08-26 08:58:45,BTCUSD_PERP,bid,63400,625.34
2024-08-26 08:58:45,BTCUSD_PERP,bid,63300,547.74
2024-08-26 08:58:45,BTCUSD_PERP,bid,63400,688.13
2024-08-26 08:58:49,BTCUSD_PERP,bid,63400,688.18
2024-08-26 09:00:03,BTCUSD_PERP,bid,63300,485.48
2024-08-26 09:00:03,BTCUSD_PERP,bid,63400,625.39
2024-08-26 09:00:03,BTCUSD_PERP,bid,63300,484.76
2024-08-26 09:00:03,BTCUSD_PERP,bid,63300,562.86
2024-08-26 09:00:03,BTCUSD_PERP,bid,63300,547.41
2024-08-26 09:00:03,BTCUSD_PERP,bid,63300,625.61
2024-08-26 09:00:41,BTCUSD_PERP,bid,63300,500.39
2024-08-26 09:00:41,BTCUSD_PERP,bid,63300,562.86
2024-08-26 09:00:43,BTCUSD_PERP,bid,63400,636.77
2024-08-26 09:00:43,BTCUSD_PERP,bid,63400,699.59
2024-08-26 09:04:22,BTCUSD_PERP,bid,63400,625.87
2024-08-26 09:04:23,BTCUSD_PERP,bid,63400,688.66
2024-08-26 09:05:19,BTCUSD_PERP,bid,63300,573.37
2024-08-26 09:05:19,BTCUSD_PERP,bid,63300,698.89
2024-08-26 09:05:19,BTCUSD_PERP,bid,63300,761.65
2024-08-26 09:05:23,BTCUSD_PERP,bid,63300,499.75
2024-08-26 09:05:23,BTCUSD_PERP,bid,63300,562.47
2024-08-26 09:05:23,BTCUSD_PERP,bid,63300,625.19
2024-08-26 09:06:05,BTCUSD_PERP,bid,63400,533.09
2024-08-26 09:06:28,BTCUSD_PERP,bid,63400,501.12
2024-08-26 09:06:28,BTCUSD_PERP,bid,63400,563.92
2024-08-26 09:06:47,BTCUSD_PERP,bid,63300,485.29
2024-08-26 09:06:47,BTCUSD_PERP,bid,63400,749.34
2024-08-26 09:06:47,BTCUSD_PERP,bid,63400,812.1
2024-08-26 09:06:47,BTCUSD_PERP,bid,63300,547.95
2024-08-26 09:06:58,BTCUSD_PERP,bid,63300,547.85
2024-08-26 09:06:58,BTCUSD_PERP,bid,63400,937.52
2024-08-26 09:06:58,BTCUSD_PERP,bid,63300,610.55
2024-08-26 09:06:58,BTCUSD_PERP,bid,63400,1000.32
2024-08-26 09:07:08,BTCUSD_PERP,bid,63300,547.81
2024-08-26 09:07:09,BTCUSD_PERP,bid,63400,874.72
2024-08-26 09:07:09,BTCUSD_PERP,bid,63400,811.92
2024-08-26 09:07:09,BTCUSD_PERP,bid,63400,749.12
2024-08-26 09:07:09,BTCUSD_PERP,bid,63400,686.32
2024-08-26 09:07:09,BTCUSD_PERP,bid,63400,563.65
2024-08-26 09:07:10,BTCUSD_PERP,bid,63400,498.32
2024-08-26 09:07:17,BTCUSD_PERP,ask,64600,467.31
2024-08-26 09:07:19,BTCUSD_PERP,bid,63400,498.95
2024-08-26 09:08:25,BTCUSD_PERP,bid,63300,486.1
2024-08-26 09:08:25,BTCUSD_PERP,bid,63300,873.79
2024-08-26 09:08:26,BTCUSD_PERP,bid,63300,936.52
2024-08-26 09:08:26,BTCUSD_PERP,bid,63300,548.73
2024-08-26 09:08:34,BTCUSD_PERP,ask,64600,479.3
2024-08-26 09:08:35,BTCUSD_PERP,ask,64600,489.3
2024-08-26 09:08:35,BTCUSD_PERP,ask,64600,499.62
2024-08-26 09:08:36,BTCUSD_PERP,ask,64600,509.94
2024-08-26 09:09:07,BTCUSD_PERP,bid,63300,498.68
2024-08-26 09:09:07,BTCUSD_PERP,bid,63400,499.6
2024-08-26 09:09:07,BTCUSD_PERP,bid,63400,562.37
2024-08-26 09:09:27,BTCUSD_PERP,ask,64600,482.21
2024-08-26 09:09:28,BTCUSD_PERP,bid,63400,500.24
2024-08-26 09:09:31,BTCUSD_PERP,bid,63300,485.13
2024-08-26 09:09:31,BTCUSD_PERP,bid,63400,936.94
2024-08-26 09:09:31,BTCUSD_PERP,bid,63300,547.83
2024-08-26 09:09:31,BTCUSD_PERP,bid,63400,999.74
2024-08-26 09:11:03,BTCUSD_PERP,bid,63300,485.13
2024-08-26 09:11:03,BTCUSD_PERP,bid,63400,874.78
2024-08-26 09:11:03,BTCUSD_PERP,bid,63300,735.49
2024-08-26 09:11:03,BTCUSD_PERP,bid,63400,687.27
2024-08-26 09:11:03,BTCUSD_PERP,bid,63300,547.59
2024-08-26 09:11:03,BTCUSD_PERP,bid,63400,874.94
2024-08-26 09:11:03,BTCUSD_PERP,bid,63300,547.57
2024-08-26 09:11:57,BTCUSD_PERP,bid,63400,562.37
2024-08-26 09:11:57,BTCUSD_PERP,bid,63300,797.73
2024-08-26 09:11:57,BTCUSD_PERP,bid,63400,812.6
2024-08-26 09:11:57,BTCUSD_PERP,bid,63200,497.34
2024-08-26 09:11:57,BTCUSD_PERP,bid,63300,485.13
2024-08-26 09:11:57,BTCUSD_PERP,bid,63400,875.4
2024-08-26 09:11:57,BTCUSD_PERP,bid,63300,547.83
2024-08-26 09:12:33,BTCUSD_PERP,bid,63400,750.44
2024-08-26 09:12:33,BTCUSD_PERP,bid,63300,500.78
2024-08-26 09:12:33,BTCUSD_PERP,bid,63400,688.27
2024-08-26 09:12:33,BTCUSD_PERP,bid,63400,625.47
2024-08-26 09:12:33,BTCUSD_PERP,bid,63400,562.67
2024-08-26 09:12:34,BTCUSD_PERP,bid,63400,500.5
2024-08-26 09:12:34,BTCUSD_PERP,bid,63400,500.1
2024-08-26 09:12:34,BTCUSD_PERP,bid,63400,625.78
2024-08-26 09:12:34,BTCUSD_PERP,bid,63400,687.98
2024-08-26 09:12:34,BTCUSD_PERP,bid,63400,750.18
2024-08-26 09:12:35,BTCUSD_PERP,bid,63400,813.02
2024-08-26 09:12:35,BTCUSD_PERP,bid,63400,875.86
2024-08-26 09:12:35,BTCUSD_PERP,bid,63400,485.35
2024-08-26 09:12:35,BTCUSD_PERP,bid,63400,938.06
2024-08-26 09:12:35,BTCUSD_PERP,bid,63400,1000.9
2024-08-26 09:12:35,BTCUSD_PERP,bid,63400,548.12
2024-08-26 09:12:35,BTCUSD_PERP,bid,63400,610.89
2024-08-26 09:15:23,BTCUSD_PERP,bid,63400,1000.9
2024-08-26 09:16:02,BTCUSD_PERP,bid,63400,1000.85
2024-08-26 09:17:10,BTCUSD_PERP,bid,63400,938.65
2024-08-26 09:17:11,BTCUSD_PERP,bid,63400,548.58
2024-08-26 09:17:11,BTCUSD_PERP,bid,63400,876.45
2024-08-26 09:17:11,BTCUSD_PERP,bid,63400,563.0
2024-08-26 09:17:11,BTCUSD_PERP,bid,63300,485.58
2024-08-26 09:17:11,BTCUSD_PERP,bid,63400,813.2
2024-08-26 09:17:11,BTCUSD_PERP,bid,63300,548.28
2024-08-26 09:17:11,BTCUSD_PERP,bid,63400,876.0
2024-08-26 09:17:44,BTCUSD_PERP,bid,63400,813.84
2024-08-26 09:17:44,BTCUSD_PERP,bid,63300,485.58
2024-08-26 09:17:44,BTCUSD_PERP,bid,63400,751.04
2024-08-26 09:17:44,BTCUSD_PERP,bid,63400,688.24
2024-08-26 09:17:44,BTCUSD_PERP,bid,63400,625.44
2024-08-26 09:17:44,BTCUSD_PERP,bid,63400,563.28
2024-08-26 09:17:45,BTCUSD_PERP,bid,63400,564.2
2024-08-26 09:17:45,BTCUSD_PERP,bid,63400,627.03
2024-08-26 09:17:45,BTCUSD_PERP,bid,63400,689.23
2024-08-26 09:17:46,BTCUSD_PERP,bid,63400,485.83
2024-08-26 09:17:46,BTCUSD_PERP,bid,63400,751.43
2024-08-26 09:19:02,BTCUSD_PERP,bid,63400,500.48
2024-08-26 09:19:10,BTCUSD_PERP,ask,64600,464.89
2024-08-26 09:19:13,BTCUSD_PERP,ask,64600,475.22
2024-08-26 09:19:13,BTCUSD_PERP,ask,64600,485.55
2024-08-26 09:19:15,BTCUSD_PERP,ask,64600,495.88
2024-08-26 09:19:15,BTCUSD_PERP,ask,64600,517.19
2024-08-26 09:19:21,BTCUSD_PERP,ask,64600,523.64
2024-08-26 09:19:51,BTCUSD_PERP,bid,63300,485.29
2024-08-26 09:19:51,BTCUSD_PERP,bid,63400,750.04
2024-08-26 09:19:51,BTCUSD_PERP,bid,63300,547.95
2024-08-26 09:19:51,BTCUSD_PERP,bid,63400,812.81
2024-08-26 09:20:10,BTCUSD_PERP,ask,64600,513.31
2024-08-26 09:20:13,BTCUSD_PERP,ask,64600,502.98
2024-08-26 09:20:13,BTCUSD_PERP,ask,64600,492.65
2024-08-26 09:20:15,BTCUSD_PERP,ask,64600,482.32
2024-08-26 09:20:19,BTCUSD_PERP,bid,63400,500.24
2024-08-26 09:20:47,BTCUSD_PERP,bid,63300,502.32
2024-08-26 09:20:47,BTCUSD_PERP,bid,63300,579.92
2024-08-26 09:20:50,BTCUSD_PERP,bid,63100,493.59
2024-08-26 09:20:50,BTCUSD_PERP,bid,63100,504.76
2024-08-26 09:20:50,BTCUSD_PERP,bid,63100,567.26
2024-08-26 09:20:50,BTCUSD_PERP,bid,63200,510.28
2024-08-26 09:20:53,BTCUSD_PERP,bid,63100,520.35
2024-08-26 09:20:54,BTCUSD_PERP,bid,63200,552.61
2024-08-26 09:20:54,BTCUSD_PERP,bid,63200,615.26
2024-08-26 09:20:54,BTCUSD_PERP,bid,63200,677.28
2024-08-26 09:20:54,BTCUSD_PERP,bid,63200,546.51
2024-08-26 09:21:02,BTCUSD_PERP,bid,63200,624.61
2024-08-26 09:21:05,BTCUSD_PERP,bid,63200,483.92
2024-08-26 09:21:06,BTCUSD_PERP,bid,63200,561.96
2024-08-26 09:21:06,BTCUSD_PERP,bid,63200,499.94
2024-08-26 09:22:21,BTCUSD_PERP,bid,63300,499.28
2024-08-26 09:22:21,BTCUSD_PERP,bid,63300,562.01
2024-08-26 09:22:21,BTCUSD_PERP,bid,63300,624.1
2024-08-26 09:22:21,BTCUSD_PERP,bid,63300,686.83
2024-08-26 09:22:22,BTCUSD_PERP,bid,63300,748.92
2024-08-26 09:23:07,BTCUSD_PERP,bid,63300,686.19
2024-08-26 09:23:08,BTCUSD_PERP,bid,63300,623.46
2024-08-26 09:23:08,BTCUSD_PERP,bid,63300,498.64
2024-08-26 09:23:08,BTCUSD_PERP,bid,63300,811.18
2024-08-26 09:23:55,BTCUSD_PERP,bid,63300,484.53
2024-08-26 09:23:55,BTCUSD_PERP,bid,63300,998.45
2024-08-26 09:23:55,BTCUSD_PERP,bid,63300,1061.18
2024-08-26 09:23:55,BTCUSD_PERP,bid,63300,547.16
2024-08-26 09:24:42,BTCUSD_PERP,bid,63300,484.5
2024-08-26 09:24:43,BTCUSD_PERP,bid,63300,935.83
2024-08-26 09:24:43,BTCUSD_PERP,bid,63300,873.1
2024-08-26 09:24:43,BTCUSD_PERP,bid,63300,747.64
2024-08-26 09:24:43,BTCUSD_PERP,bid,63300,623.46
2024-08-26 09:24:43,BTCUSD_PERP,bid,63300,498.64
2024-08-26 09:24:43,BTCUSD_PERP,bid,63300,500.16
2024-08-26 09:24:44,BTCUSD_PERP,bid,63300,625.68
2024-08-26 09:24:44,BTCUSD_PERP,bid,63300,688.44
2024-08-26 09:24:44,BTCUSD_PERP,bid,63300,813.32
2024-08-26 09:24:44,BTCUSD_PERP,bid,63300,485.39
2024-08-26 09:24:44,BTCUSD_PERP,bid,63300,875.44
2024-08-26 09:24:44,BTCUSD_PERP,bid,63300,547.46
2024-08-26 09:24:44,BTCUSD_PERP,bid,63300,999.68
2024-08-26 09:24:44,BTCUSD_PERP,bid,63300,1062.44
2024-08-26 09:25:14,BTCUSD_PERP,bid,63300,875.44
2024-08-26 09:25:14,BTCUSD_PERP,bid,63300,813.32
2024-08-26 09:25:15,BTCUSD_PERP,bid,63300,750.56
2024-08-26 09:25:15,BTCUSD_PERP,bid,63300,687.8
2024-08-26 09:25:15,BTCUSD_PERP,bid,63400,500.31
2024-08-26 09:25:15,BTCUSD_PERP,bid,63300,563.56
2024-08-26 09:25:15,BTCUSD_PERP,bid,63400,562.47
2024-08-26 09:25:15,BTCUSD_PERP,bid,63300,485.47
2024-08-26 09:25:15,BTCUSD_PERP,bid,63400,749.58
2024-08-26 09:25:15,BTCUSD_PERP,bid,63400,812.37
2024-08-26 09:25:16,BTCUSD_PERP,bid,63300,548.2
2024-08-26 09:25:16,BTCUSD_PERP,bid,63400,937.95
2024-08-26 09:25:16,BTCUSD_PERP,bid,63400,1000.1
2024-08-26 09:25:16,BTCUSD_PERP,bid,63300,610.46
2024-08-26 09:25:16,BTCUSD_PERP,bid,63400,1062.89
2024-08-26 09:25:16,BTCUSD_PERP,bid,63400,1125.68
2024-08-26 09:25:16,BTCUSD_PERP,bid,63400,1188.47
2024-08-26 09:26:06,BTCUSD_PERP,bid,63300,547.73
2024-08-26 09:26:06,BTCUSD_PERP,bid,63400,1125.68
2024-08-26 09:26:06,BTCUSD_PERP,bid,63300,485.63
2024-08-26 09:26:06,BTCUSD_PERP,bid,63400,1063.52
2024-08-26 09:26:06,BTCUSD_PERP,bid,63400,1000.73
2024-08-26 09:26:06,BTCUSD_PERP,bid,63400,875.89
2024-08-26 09:26:06,BTCUSD_PERP,bid,63400,750.31
2024-08-26 09:26:07,BTCUSD_PERP,bid,63400,688.15
2024-08-26 09:26:07,BTCUSD_PERP,bid,63400,500.41
2024-08-26 09:26:20,BTCUSD_PERP,bid,63500,563.27
2024-08-26 09:26:20,BTCUSD_PERP,bid,63500,578.35
2024-08-26 09:26:21,BTCUSD_PERP,bid,63500,703.45
2024-08-26 09:26:21,BTCUSD_PERP,bid,63500,766.32
2024-08-26 09:26:21,BTCUSD_PERP,bid,63500,768.58
2024-08-26 09:26:21,BTCUSD_PERP,bid,63400,486.19
2024-08-26 09:26:21,BTCUSD_PERP,bid,63500,769.9
2024-08-26 09:26:21,BTCUSD_PERP,bid,63500,832.77
2024-08-26 09:26:21,BTCUSD_PERP,bid,63400,548.36
2024-08-26 09:26:21,BTCUSD_PERP,bid,63500,895.0
2024-08-26 09:26:21,BTCUSD_PERP,bid,63500,957.87
2024-08-26 09:26:21,BTCUSD_PERP,bid,63400,611.16
2024-08-26 09:26:21,BTCUSD_PERP,bid,63500,1145.73
2024-08-26 09:28:21,BTCUSD_PERP,bid,63500,1130.65
2024-08-26 09:28:21,BTCUSD_PERP,bid,63500,1128.39
2024-08-26 09:28:22,BTCUSD_PERP,bid,63500,1127.07
2024-08-26 09:28:56,BTCUSD_PERP,bid,63400,485.61
2024-08-26 09:28:56,BTCUSD_PERP,bid,63400,1063.68
2024-08-26 09:28:56,BTCUSD_PERP,bid,63400,1126.51
2024-08-26 09:28:56,BTCUSD_PERP,bid,63400,485.37
2024-08-26 09:31:37,BTCUSD_PERP,bid,63400,485.61
2024-08-26 09:31:55,BTCUSD_PERP,bid,63400,485.37
2024-08-26 09:32:44,BTCUSD_PERP,bid,63400,1064.31
2024-08-26 09:32:44,BTCUSD_PERP,bid,63400,1002.12
2024-08-26 09:32:44,BTCUSD_PERP,bid,63400,814.26
2024-08-26 09:32:44,BTCUSD_PERP,bid,63400,751.43
2024-08-26 09:32:44,BTCUSD_PERP,bid,63400,689.23
2024-08-26 09:32:44,BTCUSD_PERP,bid,63500,500.39
2024-08-26 09:32:44,BTCUSD_PERP,bid,63400,626.4
2024-08-26 09:32:44,BTCUSD_PERP,bid,63500,563.26
2024-08-26 09:32:45,BTCUSD_PERP,bid,63500,625.49
2024-08-26 09:32:45,BTCUSD_PERP,bid,63500,813.46
2024-08-26 09:32:45,BTCUSD_PERP,bid,63500,876.33
2024-08-26 09:32:45,BTCUSD_PERP,bid,63400,486.23
2024-08-26 09:32:45,BTCUSD_PERP,bid,63500,1002.07
2024-08-26 09:32:45,BTCUSD_PERP,bid,63400,611.17
2024-08-26 09:32:45,BTCUSD_PERP,bid,63500,1127.17
2024-08-26 09:32:45,BTCUSD_PERP,bid,63500,1190.04
2024-08-26 09:35:10,BTCUSD_PERP,bid,63400,486.23
2024-08-26 09:35:10,BTCUSD_PERP,bid,63500,689.11
2024-08-26 09:35:10,BTCUSD_PERP,bid,63400,548.14
2024-08-26 09:35:10,BTCUSD_PERP,bid,63400,1126.43
2024-08-26 09:35:10,BTCUSD_PERP,bid,63400,610.87
2024-08-26 09:35:10,BTCUSD_PERP,bid,63400,1189.26
2024-08-26 09:35:44,BTCUSD_PERP,bid,63400,562.85
2024-08-26 09:35:45,BTCUSD_PERP,bid,63300,558.51
2024-08-26 09:35:45,BTCUSD_PERP,bid,63400,1063.06
2024-08-26 09:35:45,BTCUSD_PERP,bid,63400,1125.86
2024-08-26 09:36:12,BTCUSD_PERP,bid,63300,547.59
2024-08-26 09:36:12,BTCUSD_PERP,bid,63400,1062.55
2024-08-26 09:36:12,BTCUSD_PERP,bid,63400,1125.32
2024-08-26 09:36:48,BTCUSD_PERP,bid,63300,500.4
2024-08-26 09:37:22,BTCUSD_PERP,bid,63300,500.05
2024-08-26 09:37:22,BTCUSD_PERP,bid,63300,562.81
2024-08-26 09:37:22,BTCUSD_PERP,bid,63300,500.44
2024-08-26 09:37:31,BTCUSD_PERP,bid,63400,499.63
2024-08-26 09:37:31,BTCUSD_PERP,bid,63400,562.4
2024-08-26 09:38:57,BTCUSD_PERP,bid,63400,500.31
2024-08-26 09:38:57,BTCUSD_PERP,bid,63300,500.68
2024-08-26 09:38:58,BTCUSD_PERP,bid,63400,563.1
2024-08-26 09:43:48,BTCUSD_PERP,bid,63400,565.3
2024-08-26 09:45:54,BTCUSD_PERP,bid,63400,503.13
2024-08-26 09:45:55,BTCUSD_PERP,bid,63400,562.46
2024-08-26 09:49:03,BTCUSD_PERP,bid,63400,499.68
2024-08-26 09:49:05,BTCUSD_PERP,bid,63400,500.05
2024-08-26 09:49:05,BTCUSD_PERP,bid,63400,562.23
2024-08-26 09:49:05,BTCUSD_PERP,bid,63400,625.05
2024-08-26 09:50:08,BTCUSD_PERP,bid,63400,500.42
2024-08-26 09:50:33,BTCUSD_PERP,bid,63400,562.87
2024-08-26 09:50:36,BTCUSD_PERP,bid,63400,625.3
2024-08-26 09:56:12,BTCUSD_PERP,bid,63400,562.45
2024-08-26 09:56:13,BTCUSD_PERP,bid,63500,499.84
2024-08-26 09:56:14,BTCUSD_PERP,bid,63500,562.72
2024-08-26 09:56:14,BTCUSD_PERP,bid,63500,625.64
2024-08-26 09:58:29,BTCUSD_PERP,bid,63500,562.76
2024-08-26 09:58:29,BTCUSD_PERP,bid,63500,500.52
2024-08-26 09:58:30,BTCUSD_PERP,bid,63500,500.8
2024-08-26 09:58:31,BTCUSD_PERP,bid,63500,563.08
2024-08-26 09:58:31,BTCUSD_PERP,bid,63500,626.0
2024-08-26 10:00:34,BTCUSD_PERP,bid,63500,501.2
2024-08-26 10:03:20,BTCUSD_PERP,bid,63500,500.8
2024-08-26 10:03:20,BTCUSD_PERP,bid,63500,563.72
2024-08-26 10:03:20,BTCUSD_PERP,bid,63500,626.0
2024-08-26 10:04:11,BTCUSD_PERP,bid,42000,1062.14
2024-08-26 10:04:51,BTCUSD_PERP,bid,63500,563.72
2024-08-26 10:04:52,BTCUSD_PERP,bid,63500,688.48
2024-08-26 10:04:52,BTCUSD_PERP,bid,63500,877.15
2024-08-26 10:04:52,BTCUSD_PERP,bid,63500,940.04
2024-08-26 10:10:34,BTCUSD_PERP,bid,63500,877.26
2024-08-26 10:10:34,BTCUSD_PERP,bid,63500,814.37
2024-08-26 10:10:34,BTCUSD_PERP,bid,63500,752.12
2024-08-26 10:10:34,BTCUSD_PERP,bid,63500,689.23
2024-08-26 10:10:34,BTCUSD_PERP,bid,63500,626.34
2024-08-26 10:10:34,BTCUSD_PERP,bid,63500,563.45
2024-08-26 10:10:35,BTCUSD_PERP,bid,63500,627.17
2024-08-26 10:10:35,BTCUSD_PERP,bid,63500,753.01
2024-08-26 10:10:35,BTCUSD_PERP,bid,63500,815.29
2024-08-26 10:10:35,BTCUSD_PERP,bid,63500,877.57
2024-08-26 10:12:11,BTCUSD_PERP,bid,63500,814.65
2024-08-26 10:12:12,BTCUSD_PERP,bid,63500,689.45
2024-08-26 10:12:12,BTCUSD_PERP,bid,63500,564.36
2024-08-26 10:16:11,BTCUSD_PERP,bid,63500,501.33
2024-08-26 10:16:12,BTCUSD_PERP,bid,63500,563.61
2024-08-26 10:16:12,BTCUSD_PERP,bid,63500,689.45
2024-08-26 10:16:12,BTCUSD_PERP,bid,63500,752.37
2024-08-26 10:19:32,BTCUSD_PERP,bid,63500,690.09
2024-08-26 10:19:32,BTCUSD_PERP,bid,63500,627.17
2024-08-26 10:19:32,BTCUSD_PERP,bid,63500,564.25
2024-08-26 10:19:33,BTCUSD_PERP,bid,63500,501.58
2024-08-26 10:19:34,BTCUSD_PERP,bid,63500,626.85
2024-08-26 10:19:34,BTCUSD_PERP,bid,63500,814.44
2024-08-26 10:19:34,BTCUSD_PERP,bid,63500,939.71
2024-08-26 10:19:34,BTCUSD_PERP,bid,63500,1002.66
2024-08-26 10:19:34,BTCUSD_PERP,bid,63500,1127.93
2024-08-26 10:19:34,BTCUSD_PERP,bid,63500,486.98
2024-08-26 10:20:18,BTCUSD_PERP,bid,63500,1064.98
2024-08-26 10:20:18,BTCUSD_PERP,bid,63500,1002.67
2024-08-26 10:20:18,BTCUSD_PERP,bid,63500,939.72
2024-08-26 10:20:18,BTCUSD_PERP,bid,63500,814.57
2024-08-26 10:20:18,BTCUSD_PERP,bid,63500,751.62
2024-08-26 10:20:18,BTCUSD_PERP,bid,63500,689.45
2024-08-26 10:21:28,BTCUSD_PERP,ask,64700,465.48
2024-08-26 10:21:35,BTCUSD_PERP,ask,64700,471.94
2024-08-26 10:21:39,BTCUSD_PERP,ask,64700,478.4
2024-08-26 10:21:40,BTCUSD_PERP,ask,64700,488.74
2024-08-26 10:21:45,BTCUSD_PERP,ask,64700,495.2
2024-08-26 10:24:21,BTCUSD_PERP,bid,63500,501.49
2024-08-26 10:24:21,BTCUSD_PERP,bid,63500,486.74
2024-08-26 10:25:14,BTCUSD_PERP,bid,63500,501.53
2024-08-26 10:28:41,BTCUSD_PERP,bid,63500,501.49
2024-08-26 10:30:46,BTCUSD_PERP,bid,63500,501.19
2024-08-26 10:30:46,BTCUSD_PERP,bid,63500,564.09
2024-08-26 10:32:39,BTCUSD_PERP,bid,63500,501.3
2024-08-26 10:32:39,BTCUSD_PERP,bid,63500,564.43
2024-08-26 10:32:40,BTCUSD_PERP,bid,63500,627.37
2024-08-26 10:32:40,BTCUSD_PERP,bid,63500,689.67
2024-08-26 10:32:40,BTCUSD_PERP,bid,63500,752.61
2024-08-26 10:32:40,BTCUSD_PERP,bid,63500,815.55
2024-08-26 10:32:41,BTCUSD_PERP,bid,63500,486.83
2024-08-26 10:32:41,BTCUSD_PERP,bid,63500,877.85
2024-08-26 10:37:16,BTCUSD_PERP,bid,63500,815.55
2024-08-26 10:41:39,BTCUSD_PERP,bid,63500,501.44
2024-08-26 10:41:40,BTCUSD_PERP,bid,63500,564.36
2024-08-26 10:44:36,BTCUSD_PERP,bid,63500,502.04
2024-08-26 10:44:38,BTCUSD_PERP,bid,63500,502.09
2024-08-26 10:48:08,BTCUSD_PERP,bid,63500,502.04
2024-08-26 10:48:22,BTCUSD_PERP,bid,63500,510.87
2024-08-26 10:48:22,BTCUSD_PERP,bid,63500,573.17
2024-08-26 10:48:22,BTCUSD_PERP,bid,63500,636.11
2024-08-26 10:48:26,BTCUSD_PERP,bid,63500,636.15
2024-08-26 10:48:38,BTCUSD_PERP,bid,63500,636.19
2024-08-26 10:51:48,BTCUSD_PERP,bid,63500,636.15
2024-08-26 10:52:09,BTCUSD_PERP,bid,63500,636.11
2024-08-26 11:01:42,BTCUSD_PERP,bid,63500,510.87
2024-08-26 11:05:06,BTCUSD_PERP,bid,63600,566.7
2024-08-26 11:05:06,BTCUSD_PERP,bid,63600,692.74
2024-08-26 11:05:06,BTCUSD_PERP,bid,63600,818.14
2024-08-26 11:05:07,BTCUSD_PERP,bid,63600,880.52
2024-08-26 11:05:07,BTCUSD_PERP,bid,63600,942.9
2024-08-26 11:06:03,BTCUSD_PERP,bid,63600,627.22
2024-08-26 11:06:03,BTCUSD_PERP,bid,63600,815.55
2024-08-26 11:06:03,BTCUSD_PERP,bid,63500,486.49
2024-08-26 11:06:03,BTCUSD_PERP,bid,63600,878.54
2024-08-26 11:10:25,BTCUSD_PERP,bid,63600,879.18
2024-08-26 11:11:10,BTCUSD_PERP,bid,63600,753.85
2024-08-26 11:11:10,BTCUSD_PERP,bid,63600,690.86
2024-08-26 11:11:11,BTCUSD_PERP,bid,63600,502.53
2024-08-26 11:11:11,BTCUSD_PERP,bid,63500,501.06
2024-08-26 11:11:11,BTCUSD_PERP,bid,63500,626.96
2024-08-26 11:11:11,BTCUSD_PERP,bid,63500,689.91
2024-08-26 11:11:11,BTCUSD_PERP,bid,63500,752.23
2024-08-26 11:11:12,BTCUSD_PERP,bid,63500,814.55
2024-08-26 11:11:12,BTCUSD_PERP,bid,63500,486.71
2024-08-26 11:11:12,BTCUSD_PERP,bid,63500,877.5
2024-08-26 11:11:12,BTCUSD_PERP,bid,63500,549.13
2024-08-26 11:11:12,BTCUSD_PERP,bid,63500,940.34
2024-08-26 11:11:50,BTCUSD_PERP,bid,63500,940.38
2024-08-26 11:15:09,BTCUSD_PERP,bid,63500,627.17
2024-08-26 11:15:09,BTCUSD_PERP,bid,63400,486.04
2024-08-26 11:15:09,BTCUSD_PERP,bid,63500,939.85
2024-08-26 11:15:09,BTCUSD_PERP,bid,63400,548.86
2024-08-26 11:15:09,BTCUSD_PERP,bid,63500,1002.77
2024-08-26 11:17:21,BTCUSD_PERP,bid,63400,501.72
2024-08-26 11:17:22,BTCUSD_PERP,bid,63500,939.85
2024-08-26 11:17:22,BTCUSD_PERP,bid,63500,814.65
2024-08-26 11:17:22,BTCUSD_PERP,bid,63500,752.37
2024-08-26 11:17:22,BTCUSD_PERP,bid,63500,690.09
2024-08-26 11:17:22,BTCUSD_PERP,bid,63500,627.81
2024-08-26 11:17:22,BTCUSD_PERP,bid,63500,564.89
2024-08-26 11:17:22,BTCUSD_PERP,bid,63500,501.97
2024-08-26 11:17:22,BTCUSD_PERP,bid,63500,501.07
2024-08-26 11:17:23,BTCUSD_PERP,bid,63500,564.02
2024-08-26 11:17:23,BTCUSD_PERP,bid,63500,626.33
2024-08-26 11:17:23,BTCUSD_PERP,bid,63500,689.28
2024-08-26 11:17:23,BTCUSD_PERP,bid,63500,752.23
2024-08-26 11:17:23,BTCUSD_PERP,bid,63500,814.55
2024-08-26 11:17:23,BTCUSD_PERP,bid,63500,501.98
2024-08-26 11:17:23,BTCUSD_PERP,bid,63500,1003.3
2024-08-26 11:17:23,BTCUSD_PERP,bid,63500,1066.25
2024-08-26 11:17:24,BTCUSD_PERP,bid,63500,1066.3
2024-08-26 11:18:44,BTCUSD_PERP,bid,63500,1003.98
2024-08-26 11:18:45,BTCUSD_PERP,bid,63500,878.18
2024-08-26 11:18:45,BTCUSD_PERP,bid,63500,752.28
2024-08-26 11:18:45,BTCUSD_PERP,bid,63500,627.02
2024-08-26 11:18:45,BTCUSD_PERP,bid,63600,501.98
2024-08-26 11:18:45,BTCUSD_PERP,bid,63500,564.7
2024-08-26 11:18:45,BTCUSD_PERP,bid,63600,564.34
2024-08-26 11:18:46,BTCUSD_PERP,bid,63600,627.34
2024-08-26 11:18:46,BTCUSD_PERP,bid,63600,689.7
2024-08-26 11:18:46,BTCUSD_PERP,bid,63600,814.42
2024-08-26 11:18:46,BTCUSD_PERP,bid,63600,877.42
2024-08-26 11:18:46,BTCUSD_PERP,bid,63500,497.31
2024-08-26 11:18:46,BTCUSD_PERP,bid,63600,940.42
2024-08-26 11:18:46,BTCUSD_PERP,bid,63600,955.67
2024-08-26 11:18:46,BTCUSD_PERP,bid,63500,560.25
2024-08-26 11:18:46,BTCUSD_PERP,bid,63600,1018.67
2024-08-26 11:18:47,BTCUSD_PERP,bid,63600,1144.67
2024-08-26 11:18:47,BTCUSD_PERP,bid,63600,1146.95
2024-08-26 11:18:49,BTCUSD_PERP,bid,63600,1148.28
2024-08-26 11:18:56,BTCUSD_PERP,bid,63600,1148.33
2024-08-26 11:20:47,BTCUSD_PERP,bid,63600,1133.08
2024-08-26 11:20:48,BTCUSD_PERP,bid,63600,1130.8
2024-08-26 11:20:50,BTCUSD_PERP,bid,63600,1129.47
2024-08-26 11:22:23,BTCUSD_PERP,bid,63600,1129.42
2024-08-26 11:22:42,BTCUSD_PERP,bid,63600,1066.42
2024-08-26 11:22:42,BTCUSD_PERP,bid,63600,1004.06
2024-08-26 11:22:42,BTCUSD_PERP,bid,63600,941.7
2024-08-26 11:22:42,BTCUSD_PERP,bid,63600,878.7
2024-08-26 11:22:42,BTCUSD_PERP,bid,63600,815.7
2024-08-26 11:22:42,BTCUSD_PERP,bid,63600,690.34
2024-08-26 11:22:43,BTCUSD_PERP,bid,63600,502.09
2024-08-26 11:22:43,BTCUSD_PERP,bid,63600,502.29
2024-08-26 11:22:43,BTCUSD_PERP,bid,63600,627.73
2024-08-26 11:22:43,BTCUSD_PERP,bid,63600,690.77
2024-08-26 11:22:43,BTCUSD_PERP,bid,63600,753.81
2024-08-26 11:22:43,BTCUSD_PERP,bid,63600,942.29
2024-08-26 11:22:43,BTCUSD_PERP,bid,63600,1004.69
2024-08-26 11:22:44,BTCUSD_PERP,bid,63600,487.03
2024-08-26 11:24:22,BTCUSD_PERP,bid,63500,674.89
2024-08-26 11:24:22,BTCUSD_PERP,bid,63600,565.7
2024-08-26 11:24:22,BTCUSD_PERP,bid,63500,674.91
2024-08-26 11:24:22,BTCUSD_PERP,bid,63600,815.82
2024-08-26 11:24:22,BTCUSD_PERP,bid,63500,486.7
2024-08-26 11:24:22,BTCUSD_PERP,bid,63600,878.83
2024-08-26 11:30:09,BTCUSD_PERP,bid,63600,815.43
2024-08-26 11:30:09,BTCUSD_PERP,bid,63500,486.41
2024-08-26 11:30:09,BTCUSD_PERP,bid,63600,878.41
2024-08-26 11:31:26,BTCUSD_PERP,bid,63600,815.43
2024-08-26 11:31:26,BTCUSD_PERP,bid,63600,627.13
2024-08-26 11:31:27,BTCUSD_PERP,bid,63500,690.33
2024-08-26 11:31:27,BTCUSD_PERP,bid,63500,486.16
2024-08-26 11:31:27,BTCUSD_PERP,bid,63500,940.83
2024-08-26 11:31:28,BTCUSD_PERP,bid,63500,1003.14
2024-08-26 11:33:59,BTCUSD_PERP,bid,63500,1056.06
2024-08-26 11:34:26,BTCUSD_PERP,bid,63500,1056.7
2024-08-26 11:36:55,BTCUSD_PERP,bid,63500,500.08
2024-08-26 11:36:55,BTCUSD_PERP,bid,63500,877.43
2024-08-26 11:36:56,BTCUSD_PERP,bid,63500,940.34
2024-08-26 11:36:56,BTCUSD_PERP,bid,63400,485.92
2024-08-26 11:36:56,BTCUSD_PERP,bid,63500,1002.61
2024-08-26 11:43:48,BTCUSD_PERP,bid,63500,877.01
2024-08-26 11:43:48,BTCUSD_PERP,bid,63400,485.66
2024-08-26 11:43:48,BTCUSD_PERP,bid,63500,939.89
2024-08-26 11:43:49,BTCUSD_PERP,bid,63500,1002.13
2024-08-26 11:56:05,BTCUSD_PERP,bid,63500,939.89
2024-08-26 11:56:05,BTCUSD_PERP,bid,63400,500.72
2024-08-26 11:56:05,BTCUSD_PERP,bid,63400,563.56
2024-08-26 11:56:32,BTCUSD_PERP,bid,63400,563.28
