2024-08-19 07:00:59,BTCUSDT,ask,62500,532.655
2024-08-19 07:09:00,BTCUSDT,ask,65000,535.301
2024-08-19 07:11:31,BTCUSDT,ask,65000,535.303
2024-08-19 07:11:41,BTCUSDT,bid,58100,516.032
2024-08-19 07:12:50,BTCUSDT,ask,65000,534.992
2024-08-19 07:12:52,BTCUSDT,ask,65000,534.99
2024-08-19 07:12:52,BTCUSDT,ask,65500,510.242
2024-08-19 07:13:21,BTCUSDT,bid,58200,519.964
2024-08-19 07:13:26,BTCUSDT,bid,58200,519.962
2024-08-19 07:18:40,BTCUSDT,ask,65000,535.005
2024-08-19 07:19:27,BTCUSDT,bid,47000,881.991
2024-08-19 07:27:25,BTCUSDT,ask,65000,534.995
2024-08-19 07:33:51,BTCUSDT,ask,65000,534.783
2024-08-19 07:35:39,BTCUSDT,ask,65000,534.785
2024-08-19 07:36:05,BTCUSDT,ask,65000,534.783
2024-08-19 07:37:08,BTCUSDT,ask,65000,534.78
2024-08-19 07:39:45,BTCUSDT,bid,47000,881.99
2024-08-19 07:39:45,BTCUSDT,ask,65000,534.992
2024-08-19 07:39:47,BTCUSDT,bid,47000,881.985
2024-08-19 07:41:01,BTCUSDT,ask,65000,534.983
2024-08-19 07:43:10,BTCUSDT,bid,47000,881.99
2024-08-19 07:49:21,BTCUSDT,bid,47000,882.169
2024-08-19 07:58:24,BTCUSDT,ask,65000,534.771
2024-08-19 08:03:48,BTCUSDT,ask,65000,534.671
2024-08-19 08:05:02,BTCUSDT,bid,47000,882.158
2024-08-19 08:08:21,BTCUSDT,ask,65000,534.679
2024-08-19 08:08:21,BTCUSDT,ask,65500,510.25
2024-08-19 08:10:46,BTCUSDT,ask,65000,534.671
2024-08-19 08:10:46,BTCUSDT,ask,65500,510.242
2024-08-19 08:12:44,BTCUSDT,bid,47000,882.148
2024-08-19 08:12:53,BTCUSDT,bid,47000,882.168
2024-08-19 08:14:07,BTCUSDT,bid,47000,882.151
2024-08-19 08:14:37,BTCUSDT,ask,65000,534.671
2024-08-19 08:16:48,BTCUSDT,ask,65000,534.669
2024-08-19 08:16:48,BTCUSDT,ask,65500,510.24
2024-08-19 08:18:58,BTCUSDT,ask,65000,534.671
2024-08-19 08:18:58,BTCUSDT,ask,65500,510.242
2024-08-19 08:20:35,BTCUSDT,ask,65500,510.158
2024-08-19 08:21:46,BTCUSDT,ask,65000,534.674
2024-08-19 08:29:21,BTCUSDT,ask,65000,534.669
2024-08-19 08:35:22,BTCUSDT,ask,65000,534.662
2024-08-19 08:37:33,BTCUSDT,ask,65000,534.724
2024-08-19 08:40:13,BTCUSDT,ask,65000,534.726
2024-08-19 08:44:49,BTCUSDT,bid,47000,882.148
2024-08-19 08:56:40,BTCUSDT,bid,47000,882.648
2024-08-19 09:00:13,BTCUSDT,ask,65000,534.66
2024-08-19 09:01:02,BTCUSDT,ask,65000,534.658
2024-08-19 09:01:14,BTCUSDT,bid,47000,882.148
2024-08-19 09:01:36,BTCUSDT,ask,65000,534.656
2024-08-19 09:02:21,BTCUSDT,ask,65000,534.654
2024-08-19 09:03:25,BTCUSDT,ask,65000,533.654
2024-08-19 09:12:40,BTCUSDT,ask,65000,533.621
2024-08-19 09:13:12,BTCUSDT,ask,65000,533.408
2024-08-19 09:20:29,BTCUSDT,bid,47000,882.404
2024-08-19 09:21:20,BTCUSDT,bid,47000,882.409
2024-08-19 09:25:20,BTCUSDT,ask,65000,533.404
2024-08-19 09:26:23,BTCUSDT,ask,65000,533.401
2024-08-19 09:28:20,BTCUSDT,bid,47000,882.429
2024-08-19 09:31:23,BTCUSDT,ask,65000,533.399
2024-08-19 09:40:34,BTCUSDT,ask,65000,533.385
2024-08-19 09:44:06,BTCUSDT,ask,65000,533.338
2024-08-19 07:03:10,BTCUSD_PERP,bid,57900,571.18
2024-08-19 07:03:30,BTCUSD_PERP,bid,57800,742.02
2024-08-19 07:03:30,BTCUSD_PERP,bid,57800,799.33
2024-08-19 07:03:32,BTCUSD_PERP,bid,57800,569.89
2024-08-19 07:03:32,BTCUSD_PERP,bid,57800,627.17
2024-08-19 07:04:06,BTCUSD_PERP,bid,57700,569.61
2024-08-19 07:04:06,BTCUSD_PERP,bid,57700,626.8
2024-08-19 07:04:26,BTCUSD_PERP,bid,57700,593.93
2024-08-19 07:04:26,BTCUSD_PERP,bid,57700,651.09
2024-08-19 07:05:51,BTCUSD_PERP,bid,57700,569.48
2024-08-19 07:05:51,BTCUSD_PERP,bid,57700,626.67
2024-08-19 07:06:29,BTCUSD_PERP,bid,57800,572.1
2024-08-19 07:06:29,BTCUSD_PERP,bid,57800,628.74
2024-08-19 07:06:30,BTCUSD_PERP,bid,57800,685.38
2024-08-19 07:06:34,BTCUSD_PERP,bid,57800,628.74
2024-08-19 07:06:34,BTCUSD_PERP,bid,57800,572.1
2024-08-19 07:06:42,BTCUSD_PERP,bid,57800,572.31
2024-08-19 07:06:42,BTCUSD_PERP,bid,57800,629.02
2024-08-19 07:06:42,BTCUSD_PERP,bid,57800,686.32
2024-08-19 07:06:43,BTCUSD_PERP,bid,57800,743.03
2024-08-19 07:06:45,BTCUSD_PERP,bid,57800,628.6
2024-08-19 07:06:46,BTCUSD_PERP,bid,57800,685.86
2024-08-19 07:06:52,BTCUSD_PERP,bid,57800,628.6
2024-08-19 07:07:12,BTCUSD_PERP,bid,57800,628.35
2024-08-19 07:07:12,BTCUSD_PERP,bid,57800,685.64
2024-08-19 07:07:29,BTCUSD_PERP,bid,57800,571.64
2024-08-19 07:07:31,BTCUSD_PERP,bid,57900,569.72
2024-08-19 07:07:31,BTCUSD_PERP,bid,57900,684.38
2024-08-19 07:07:31,BTCUSD_PERP,bid,57900,856.37
2024-08-19 07:07:40,BTCUSD_PERP,bid,57900,684.96
2024-08-19 07:07:40,BTCUSD_PERP,bid,57800,570.58
2024-08-19 07:07:40,BTCUSD_PERP,bid,57800,627.88
2024-08-19 07:07:44,BTCUSD_PERP,bid,57800,912.68
2024-08-19 07:07:44,BTCUSD_PERP,bid,57700,556.8
2024-08-19 07:07:44,BTCUSD_PERP,bid,57800,969.95
2024-08-19 07:07:55,BTCUSD_PERP,bid,57800,912.68
2024-08-19 07:07:56,BTCUSD_PERP,bid,57800,856.0
2024-08-19 07:07:56,BTCUSD_PERP,bid,57800,798.73
2024-08-19 07:07:56,BTCUSD_PERP,bid,57800,685.37
2024-08-19 07:07:56,BTCUSD_PERP,bid,57800,628.2
2024-08-19 07:07:57,BTCUSD_PERP,bid,57800,570.58
2024-08-19 07:08:04,BTCUSD_PERP,bid,57800,684.82
2024-08-19 07:08:05,BTCUSD_PERP,bid,57800,742.09
2024-08-19 07:08:48,BTCUSD_PERP,bid,57800,798.36
2024-08-19 07:08:48,BTCUSD_PERP,bid,57800,855.6
2024-08-19 07:09:33,BTCUSD_PERP,bid,57800,741.12
2024-08-19 07:09:34,BTCUSD_PERP,bid,57800,683.88
2024-08-19 07:09:34,BTCUSD_PERP,bid,57800,626.64
2024-08-19 07:09:34,BTCUSD_PERP,bid,57800,569.4
2024-08-19 07:09:34,BTCUSD_PERP,bid,57800,571.53
2024-08-19 07:09:35,BTCUSD_PERP,bid,57800,628.81
2024-08-19 07:09:35,BTCUSD_PERP,bid,57800,742.79
2024-08-19 07:09:35,BTCUSD_PERP,bid,57800,856.77
2024-08-19 07:09:35,BTCUSD_PERP,bid,57800,913.47
2024-08-19 07:10:22,BTCUSD_PERP,bid,57800,742.8
2024-08-19 07:10:26,BTCUSD_PERP,bid,57800,799.33
2024-08-19 07:10:26,BTCUSD_PERP,bid,57800,856.64
2024-08-19 07:10:30,BTCUSD_PERP,bid,57800,743.18
2024-08-19 07:10:30,BTCUSD_PERP,bid,57800,627.16
2024-08-19 07:10:30,BTCUSD_PERP,bid,57800,741.62
2024-08-19 07:10:30,BTCUSD_PERP,bid,57800,798.9
2024-08-19 07:10:55,BTCUSD_PERP,bid,57800,855.59
2024-08-19 07:10:55,BTCUSD_PERP,bid,57800,912.83
2024-08-19 07:11:23,BTCUSD_PERP,bid,57800,799.51
2024-08-19 07:11:23,BTCUSD_PERP,bid,57800,742.27
2024-08-19 07:11:23,BTCUSD_PERP,bid,57800,685.03
2024-08-19 07:11:45,BTCUSD_PERP,bid,57800,627.31
2024-08-19 07:11:46,BTCUSD_PERP,bid,57800,741.79
2024-08-19 07:12:23,BTCUSD_PERP,bid,57800,684.55
2024-08-19 07:12:23,BTCUSD_PERP,bid,57800,570.07
2024-08-19 07:12:23,BTCUSD_PERP,bid,57800,628.77
2024-08-19 07:12:24,BTCUSD_PERP,bid,57800,685.46
2024-08-19 07:12:24,BTCUSD_PERP,bid,57800,799.41
2024-08-19 07:12:27,BTCUSD_PERP,bid,57800,799.45
2024-08-19 07:12:30,BTCUSD_PERP,bid,57800,742.18
2024-08-19 07:12:30,BTCUSD_PERP,bid,57800,627.64
2024-08-19 07:12:31,BTCUSD_PERP,bid,57800,570.95
2024-08-19 07:13:13,BTCUSD_PERP,bid,57900,524.54
2024-08-19 07:13:13,BTCUSD_PERP,bid,57900,581.31
2024-08-19 07:13:13,BTCUSD_PERP,bid,57900,638.66
2024-08-19 07:13:14,BTCUSD_PERP,bid,57900,695.42
2024-08-19 07:13:14,BTCUSD_PERP,bid,57900,697.5
2024-08-19 07:13:15,BTCUSD_PERP,bid,57900,698.71
2024-08-19 07:13:16,BTCUSD_PERP,bid,57900,712.59
2024-08-19 07:13:30,BTCUSD_PERP,bid,57900,597.89
2024-08-19 07:13:30,BTCUSD_PERP,bid,57900,541.12
2024-08-19 07:13:30,BTCUSD_PERP,bid,57900,629.34
2024-08-19 07:13:31,BTCUSD_PERP,bid,57900,686.72
2024-08-19 07:13:45,BTCUSD_PERP,bid,57900,572.54
2024-08-19 07:18:14,BTCUSD_PERP,bid,58100,572.86
2024-08-19 07:18:31,BTCUSD_PERP,bid,58100,630.19
2024-08-19 07:18:31,BTCUSD_PERP,bid,58100,802.87
2024-08-19 07:18:31,BTCUSD_PERP,bid,58100,859.85
2024-08-19 07:18:56,BTCUSD_PERP,bid,58100,802.29
2024-08-19 07:18:56,BTCUSD_PERP,bid,58100,687.75
2024-08-19 07:18:56,BTCUSD_PERP,bid,58100,573.21
2024-08-19 07:18:56,BTCUSD_PERP,bid,58100,572.45
2024-08-19 07:18:56,BTCUSD_PERP,bid,58100,687.41
2024-08-19 07:18:57,BTCUSD_PERP,bid,58100,744.94
2024-08-19 07:18:57,BTCUSD_PERP,bid,58100,801.89
2024-08-19 07:18:57,BTCUSD_PERP,bid,58100,859.42
2024-08-19 07:20:23,BTCUSD_PERP,bid,58100,744.36
2024-08-19 07:20:24,BTCUSD_PERP,bid,58100,572.94
2024-08-19 07:21:26,BTCUSD_PERP,bid,57800,570.67
2024-08-19 07:21:53,BTCUSD_PERP,bid,57700,627.17
2024-08-19 07:22:05,BTCUSD_PERP,bid,57700,570.04
2024-08-19 07:22:32,BTCUSD_PERP,bid,57900,571.56
2024-08-19 07:22:32,BTCUSD_PERP,bid,57900,685.66
2024-08-19 07:22:32,BTCUSD_PERP,bid,57900,799.75
2024-08-19 07:22:33,BTCUSD_PERP,bid,57900,857.09
2024-08-19 07:22:36,BTCUSD_PERP,bid,57900,742.41
2024-08-19 07:22:36,BTCUSD_PERP,bid,57800,570.66
2024-08-19 07:22:57,BTCUSD_PERP,bid,57900,570.89
2024-08-19 07:23:40,BTCUSD_PERP,bid,57800,523.01
2024-08-19 07:25:01,BTCUSD_PERP,bid,57800,627.39
2024-08-19 07:25:01,BTCUSD_PERP,bid,57800,684.69
2024-08-19 07:25:04,BTCUSD_PERP,bid,57800,627.64
2024-08-19 07:25:31,BTCUSD_PERP,bid,57800,570.37
2024-08-19 07:27:44,BTCUSD_PERP,bid,57900,628.65
2024-08-19 07:29:13,BTCUSD_PERP,bid,57900,685.66
2024-08-19 07:29:13,BTCUSD_PERP,bid,57800,557.43
2024-08-19 07:30:17,BTCUSD_PERP,bid,57800,742.64
2024-08-19 07:30:17,BTCUSD_PERP,bid,57800,557.14
2024-08-19 07:30:57,BTCUSD_PERP,bid,57900,628.89
2024-08-19 07:30:57,BTCUSD_PERP,bid,57900,685.65
2024-08-19 07:31:32,BTCUSD_PERP,bid,57800,742.6
2024-08-19 07:31:33,BTCUSD_PERP,bid,57800,557.14
2024-08-19 07:31:40,BTCUSD_PERP,bid,57800,627.67
2024-08-19 07:31:40,BTCUSD_PERP,bid,57800,556.85
2024-08-19 07:32:06,BTCUSD_PERP,bid,57800,627.32
2024-08-19 07:32:23,BTCUSD_PERP,bid,57800,570.07
2024-08-19 07:33:00,BTCUSD_PERP,bid,57900,627.84
2024-08-19 07:35:24,BTCUSD_PERP,bid,57900,570.7
2024-08-19 07:35:24,BTCUSD_PERP,bid,57900,913.76
2024-08-19 07:35:24,BTCUSD_PERP,bid,57900,971.13
2024-08-19 07:35:40,BTCUSD_PERP,bid,57900,913.76
2024-08-19 07:35:40,BTCUSD_PERP,bid,57900,800.18
2024-08-19 07:35:40,BTCUSD_PERP,bid,57900,742.91
2024-08-19 07:35:40,BTCUSD_PERP,bid,57900,628.75
2024-08-19 07:35:40,BTCUSD_PERP,bid,57900,571.96
2024-08-19 07:35:40,BTCUSD_PERP,bid,57900,574.06
2024-08-19 07:35:40,BTCUSD_PERP,bid,57900,690.36
2024-08-19 07:35:40,BTCUSD_PERP,bid,57900,747.76
2024-08-19 07:35:48,BTCUSD_PERP,bid,57900,690.94
2024-08-19 07:35:48,BTCUSD_PERP,bid,57900,576.82
2024-08-19 07:35:50,BTCUSD_PERP,bid,57900,519.42
2024-08-19 07:37:41,BTCUSD_PERP,bid,57900,517.34
2024-08-19 07:38:29,BTCUSD_PERP,bid,58000,629.89
2024-08-19 07:38:44,BTCUSD_PERP,bid,58000,572.46
2024-08-19 07:43:28,BTCUSD_PERP,bid,58000,571.84
2024-08-19 07:43:45,BTCUSD_PERP,bid,58000,524.94
2024-08-19 07:43:45,BTCUSD_PERP,bid,58000,581.81
2024-08-19 07:43:55,BTCUSD_PERP,bid,58000,524.94
2024-08-19 07:46:29,BTCUSD_PERP,bid,58000,572.1
2024-08-19 07:47:29,BTCUSD_PERP,bid,58100,571.86
2024-08-19 07:47:29,BTCUSD_PERP,bid,58100,629.39
2024-08-19 07:47:31,BTCUSD_PERP,bid,58100,629.43
2024-08-19 07:47:38,BTCUSD_PERP,bid,58100,571.9
2024-08-19 07:47:39,BTCUSD_PERP,bid,58100,515.88
2024-08-19 07:47:39,BTCUSD_PERP,bid,58100,687.36
2024-08-19 07:47:39,BTCUSD_PERP,bid,58100,744.94
2024-08-19 07:47:39,BTCUSD_PERP,bid,58100,802.52
2024-08-19 07:47:39,BTCUSD_PERP,bid,58100,869.78
2024-08-19 07:47:39,BTCUSD_PERP,bid,58100,984.94
2024-08-19 07:47:40,BTCUSD_PERP,bid,58100,1042.52
2024-08-19 07:47:40,BTCUSD_PERP,bid,58100,1099.52
2024-08-19 07:48:35,BTCUSD_PERP,bid,58100,1042.52
2024-08-19 07:48:35,BTCUSD_PERP,bid,58100,927.94
2024-08-19 07:48:35,BTCUSD_PERP,bid,58100,812.78
2024-08-19 07:48:35,BTCUSD_PERP,bid,58100,573.63
2024-08-19 07:48:35,BTCUSD_PERP,bid,58100,1032.26
2024-08-19 07:50:47,BTCUSD_PERP,bid,58100,689.32
2024-08-19 07:50:47,BTCUSD_PERP,bid,58100,859.75
2024-08-19 07:50:47,BTCUSD_PERP,bid,58100,974.2
2024-08-19 07:50:47,BTCUSD_PERP,bid,58100,1031.72
2024-08-19 07:50:47,BTCUSD_PERP,bid,58100,1088.65
2024-08-19 07:50:50,BTCUSD_PERP,bid,58100,1088.69
2024-08-19 07:51:12,BTCUSD_PERP,bid,58100,1031.17
2024-08-19 07:51:12,BTCUSD_PERP,bid,58100,973.65
2024-08-19 07:51:12,BTCUSD_PERP,bid,58100,916.13
2024-08-19 07:51:12,BTCUSD_PERP,bid,58100,801.68
2024-08-19 07:51:12,BTCUSD_PERP,bid,58100,744.16
2024-08-19 07:51:13,BTCUSD_PERP,bid,58100,687.23
2024-08-19 07:51:13,BTCUSD_PERP,bid,58100,573.37
2024-08-19 07:51:13,BTCUSD_PERP,bid,58100,629.66
2024-08-19 07:51:13,BTCUSD_PERP,bid,58100,686.64
2024-08-19 07:51:14,BTCUSD_PERP,bid,58100,801.66
2024-08-19 07:51:14,BTCUSD_PERP,bid,58100,859.22
2024-08-19 07:51:23,BTCUSD_PERP,bid,58100,802.24
2024-08-19 07:51:23,BTCUSD_PERP,bid,58100,744.68
2024-08-19 07:51:23,BTCUSD_PERP,bid,58100,687.71
2024-08-19 07:51:24,BTCUSD_PERP,bid,58100,573.75
2024-08-19 07:51:24,BTCUSD_PERP,bid,58100,686.95
2024-08-19 07:51:25,BTCUSD_PERP,bid,58100,858.86
2024-08-19 07:51:35,BTCUSD_PERP,bid,58100,743.8
2024-08-19 07:51:35,BTCUSD_PERP,bid,58100,572.96
2024-08-19 07:52:37,BTCUSD_PERP,bid,58000,858.32
2024-08-19 07:52:38,BTCUSD_PERP,bid,58000,915.23
2024-08-19 07:54:11,BTCUSD_PERP,bid,58000,857.73
2024-08-19 07:54:11,BTCUSD_PERP,bid,58000,800.23
2024-08-19 07:54:11,BTCUSD_PERP,bid,58000,743.32
2024-08-19 07:54:11,BTCUSD_PERP,bid,58000,857.87
2024-08-19 07:54:12,BTCUSD_PERP,bid,58000,914.75
2024-08-19 07:54:17,BTCUSD_PERP,bid,58000,914.79
2024-08-19 07:55:42,BTCUSD_PERP,bid,58000,801.01
2024-08-19 07:55:42,BTCUSD_PERP,bid,58000,743.05
2024-08-19 07:55:58,BTCUSD_PERP,bid,58000,628.76
2024-08-19 07:55:58,BTCUSD_PERP,bid,58000,571.91
2024-08-19 07:57:52,BTCUSD_PERP,bid,58000,571.91
2024-08-19 07:57:53,BTCUSD_PERP,bid,58000,686.19
2024-08-19 07:58:07,BTCUSD_PERP,bid,58000,628.76
2024-08-19 07:58:07,BTCUSD_PERP,bid,57900,685.9
2024-08-19 07:58:08,BTCUSD_PERP,bid,57900,685.94
2024-08-19 08:04:16,BTCUSD_PERP,bid,57800,741.5
2024-08-19 08:04:16,BTCUSD_PERP,bid,57800,798.77
2024-08-19 08:06:03,BTCUSD_PERP,bid,57800,742.08
2024-08-19 08:06:03,BTCUSD_PERP,bid,57800,968.9
2024-08-19 08:06:03,BTCUSD_PERP,bid,57800,1026.14
2024-08-19 08:06:03,BTCUSD_PERP,bid,57700,556.44
2024-08-19 08:06:03,BTCUSD_PERP,bid,57800,1083.38
2024-08-19 08:06:34,BTCUSD_PERP,bid,57800,741.21
2024-08-19 08:06:34,BTCUSD_PERP,bid,57700,1025.43
2024-08-19 08:06:34,BTCUSD_PERP,bid,57700,1082.63
2024-08-19 08:06:37,BTCUSD_PERP,bid,57700,797.8
2024-08-19 08:06:50,BTCUSD_PERP,bid,57700,569.67
2024-08-19 08:07:30,BTCUSD_PERP,bid,57800,569.98
2024-08-19 08:07:31,BTCUSD_PERP,bid,57800,626.62
2024-08-19 08:07:31,BTCUSD_PERP,bid,57800,683.26
2024-08-19 08:07:31,BTCUSD_PERP,bid,57800,797.14
2024-08-19 08:07:45,BTCUSD_PERP,bid,57800,739.91
2024-08-19 08:07:45,BTCUSD_PERP,bid,57800,568.8
2024-08-19 08:07:56,BTCUSD_PERP,bid,57800,571.08
2024-08-19 08:07:56,BTCUSD_PERP,bid,57800,628.36
2024-08-19 08:08:11,BTCUSD_PERP,bid,57800,571.08
2024-08-19 08:10:16,BTCUSD_PERP,bid,57800,626.86
2024-08-19 08:11:56,BTCUSD_PERP,bid,57700,569.59
2024-08-19 08:12:00,BTCUSD_PERP,bid,57700,569.63
2024-08-19 08:13:07,BTCUSD_PERP,bid,57800,571.16
2024-08-19 08:13:38,BTCUSD_PERP,bid,57900,570.57
2024-08-19 08:13:38,BTCUSD_PERP,bid,57900,685.17
2024-08-19 08:13:43,BTCUSD_PERP,bid,57900,570.47
2024-08-19 08:13:44,BTCUSD_PERP,bid,57900,572.05
2024-08-19 08:13:44,BTCUSD_PERP,bid,57900,629.33
2024-08-19 08:13:44,BTCUSD_PERP,bid,57900,686.71
2024-08-19 08:13:44,BTCUSD_PERP,bid,57900,743.5
2024-08-19 08:13:45,BTCUSD_PERP,bid,57900,800.88
2024-08-19 08:13:45,BTCUSD_PERP,bid,57900,858.26
2024-08-19 08:13:45,BTCUSD_PERP,bid,57900,915.05
2024-08-19 08:13:45,BTCUSD_PERP,bid,57900,1086.6
2024-08-19 08:13:45,BTCUSD_PERP,bid,57900,557.79
2024-08-19 08:13:45,BTCUSD_PERP,bid,57900,1143.98
2024-08-19 08:13:55,BTCUSD_PERP,bid,57900,1087.19
2024-08-19 08:13:55,BTCUSD_PERP,bid,57900,1029.81
2024-08-19 08:13:55,BTCUSD_PERP,bid,57900,915.64
2024-08-19 08:13:56,BTCUSD_PERP,bid,57900,858.26
2024-08-19 08:13:56,BTCUSD_PERP,bid,57900,743.5
2024-08-19 08:13:56,BTCUSD_PERP,bid,57900,571.95
2024-08-19 08:13:56,BTCUSD_PERP,bid,58000,525.26
2024-08-19 08:15:20,BTCUSD_PERP,bid,57900,628.53
2024-08-19 08:15:20,BTCUSD_PERP,bid,57900,970.78
2024-08-19 08:15:20,BTCUSD_PERP,bid,57900,1028.13
2024-08-19 08:15:55,BTCUSD_PERP,bid,57900,799.89
2024-08-19 08:15:55,BTCUSD_PERP,bid,57900,743.13
2024-08-19 08:15:55,BTCUSD_PERP,bid,57900,685.78
2024-08-19 08:15:55,BTCUSD_PERP,bid,57900,628.43
2024-08-19 08:15:56,BTCUSD_PERP,bid,57900,571.08
2024-08-19 08:15:56,BTCUSD_PERP,bid,57900,572.05
2024-08-19 08:15:56,BTCUSD_PERP,bid,57900,686.23
2024-08-19 08:15:56,BTCUSD_PERP,bid,57900,743.03
2024-08-19 08:15:57,BTCUSD_PERP,bid,57900,857.21
2024-08-19 08:15:57,BTCUSD_PERP,bid,57900,971.97
2024-08-19 08:15:57,BTCUSD_PERP,bid,57900,1028.77
2024-08-19 08:15:57,BTCUSD_PERP,bid,57900,1086.05
2024-08-19 08:16:02,BTCUSD_PERP,bid,57900,1028.67
2024-08-19 08:16:02,BTCUSD_PERP,bid,57900,971.36
2024-08-19 08:16:02,BTCUSD_PERP,bid,57900,1028.13
2024-08-19 08:16:02,BTCUSD_PERP,bid,57900,1085.48
2024-08-19 08:16:41,BTCUSD_PERP,bid,57900,1028.13
2024-08-19 08:16:41,BTCUSD_PERP,bid,57900,857.3
2024-08-19 08:16:41,BTCUSD_PERP,bid,57900,1028.1
2024-08-19 08:16:41,BTCUSD_PERP,bid,57900,1085.42
2024-08-19 08:18:30,BTCUSD_PERP,bid,57800,627.17
2024-08-19 08:18:30,BTCUSD_PERP,bid,57800,684.46
2024-08-19 08:18:59,BTCUSD_PERP,bid,57800,570.57
2024-08-19 08:19:11,BTCUSD_PERP,bid,57800,813.33
2024-08-19 08:19:12,BTCUSD_PERP,bid,57800,585.63
2024-08-19 08:21:50,BTCUSD_PERP,bid,57800,626.47
2024-08-19 08:21:50,BTCUSD_PERP,bid,57800,683.69
2024-08-19 08:23:42,BTCUSD_PERP,bid,57800,570.26
2024-08-19 08:23:42,BTCUSD_PERP,bid,57800,626.94
2024-08-19 08:23:43,BTCUSD_PERP,bid,57800,684.2
2024-08-19 08:24:34,BTCUSD_PERP,bid,57800,570.57
2024-08-19 08:24:34,BTCUSD_PERP,bid,57800,627.86
2024-08-19 08:24:35,BTCUSD_PERP,bid,57800,685.05
2024-08-19 08:24:40,BTCUSD_PERP,bid,57800,628.35
2024-08-19 08:24:40,BTCUSD_PERP,bid,57800,571.06
2024-08-19 08:26:30,BTCUSD_PERP,bid,57800,570.0
2024-08-19 08:26:30,BTCUSD_PERP,bid,57800,626.71
2024-08-19 08:26:31,BTCUSD_PERP,bid,57800,684.0
2024-08-19 08:26:31,BTCUSD_PERP,bid,57800,741.29
2024-08-19 08:26:31,BTCUSD_PERP,bid,57800,755.15
2024-08-19 08:26:33,BTCUSD_PERP,bid,57800,757.23
2024-08-19 08:26:33,BTCUSD_PERP,bid,57800,757.27
2024-08-19 08:27:26,BTCUSD_PERP,bid,57800,758.83
2024-08-19 08:27:27,BTCUSD_PERP,bid,57800,702.12
2024-08-19 08:27:30,BTCUSD_PERP,bid,57900,684.3
2024-08-19 08:27:30,BTCUSD_PERP,bid,57900,741.62
2024-08-19 08:27:51,BTCUSD_PERP,bid,57900,627.57
2024-08-19 08:27:51,BTCUSD_PERP,bid,57900,570.84
2024-08-19 08:27:52,BTCUSD_PERP,bid,57900,570.68
2024-08-19 08:27:52,BTCUSD_PERP,bid,57900,628.04
2024-08-19 08:27:58,BTCUSD_PERP,bid,57900,570.68
2024-08-19 08:29:13,BTCUSD_PERP,bid,57900,570.67
2024-08-19 08:29:13,BTCUSD_PERP,bid,57900,628.03
2024-08-19 08:30:38,BTCUSD_PERP,bid,57900,570.67
2024-08-19 08:30:39,BTCUSD_PERP,bid,57900,685.17
2024-08-19 08:31:22,BTCUSD_PERP,bid,57900,628.37
2024-08-19 08:32:43,BTCUSD_PERP,bid,58000,571.01
2024-08-19 08:32:43,BTCUSD_PERP,bid,58000,800.27
2024-08-19 08:32:43,BTCUSD_PERP,bid,58000,857.73
2024-08-19 08:32:43,BTCUSD_PERP,bid,58000,915.19
2024-08-19 08:32:45,BTCUSD_PERP,bid,58000,916.4
2024-08-19 08:34:47,BTCUSD_PERP,bid,58000,915.19
2024-08-19 08:35:16,BTCUSD_PERP,bid,58000,686.51
2024-08-19 08:35:16,BTCUSD_PERP,bid,58000,572.18
2024-08-19 08:35:17,BTCUSD_PERP,bid,58000,571.94
2024-08-19 08:35:17,BTCUSD_PERP,bid,58000,628.84
2024-08-19 08:35:17,BTCUSD_PERP,bid,58000,685.74
2024-08-19 08:35:17,BTCUSD_PERP,bid,58000,858.18
2024-08-19 08:35:57,BTCUSD_PERP,bid,58000,800.7
2024-08-19 08:35:57,BTCUSD_PERP,bid,58000,743.79
2024-08-19 08:35:58,BTCUSD_PERP,bid,58000,686.31
2024-08-19 08:35:58,BTCUSD_PERP,bid,58000,629.41
2024-08-19 08:35:58,BTCUSD_PERP,bid,58100,525.58
2024-08-19 08:35:58,BTCUSD_PERP,bid,58100,583.0
2024-08-19 08:35:59,BTCUSD_PERP,bid,58100,640.52
2024-08-19 08:36:02,BTCUSD_PERP,bid,58100,525.48
2024-08-19 08:38:02,BTCUSD_PERP,bid,58000,572.49
2024-08-19 08:38:02,BTCUSD_PERP,bid,58000,629.4
2024-08-19 08:38:02,BTCUSD_PERP,bid,58000,801.29
2024-08-19 08:38:02,BTCUSD_PERP,bid,58000,858.78
2024-08-19 08:38:02,BTCUSD_PERP,bid,58000,916.27
2024-08-19 08:39:10,BTCUSD_PERP,bid,58000,858.87
2024-08-19 08:39:10,BTCUSD_PERP,bid,58000,801.43
2024-08-19 08:39:11,BTCUSD_PERP,bid,58000,811.09
2024-08-19 08:39:11,BTCUSD_PERP,bid,58000,868.55
2024-08-19 08:39:29,BTCUSD_PERP,bid,58000,811.09
2024-08-19 08:39:30,BTCUSD_PERP,bid,58000,753.63
2024-08-19 08:39:30,BTCUSD_PERP,bid,58000,638.71
2024-08-19 08:39:30,BTCUSD_PERP,bid,58000,581.25
2024-08-19 08:39:30,BTCUSD_PERP,bid,58000,524.37
2024-08-19 08:45:46,BTCUSD_PERP,bid,58000,538.85
2024-08-19 08:55:43,BTCUSD_PERP,bid,57900,524.32
2024-08-19 08:56:49,BTCUSD_PERP,ask,59100,515.3
2024-08-19 08:56:49,BTCUSD_PERP,ask,59100,524.75
2024-08-19 08:56:53,BTCUSD_PERP,ask,59100,534.2
2024-08-19 08:56:53,BTCUSD_PERP,ask,59100,540.1
2024-08-19 08:56:54,BTCUSD_PERP,ask,59100,559.29
2024-08-19 08:56:55,BTCUSD_PERP,ask,59100,568.74
2024-08-19 08:56:56,BTCUSD_PERP,ask,59100,578.19
2024-08-19 08:57:03,BTCUSD_PERP,bid,58000,572.45
2024-08-19 08:57:03,BTCUSD_PERP,bid,58000,629.3
2024-08-19 08:57:07,BTCUSD_PERP,bid,58000,581.91
2024-08-19 09:01:24,BTCUSD_PERP,bid,58000,524.44
2024-08-19 09:01:24,BTCUSD_PERP,bid,58000,686.16
2024-08-19 09:01:24,BTCUSD_PERP,bid,58000,743.59
2024-08-19 09:01:24,BTCUSD_PERP,bid,58000,801.02
2024-08-19 09:01:44,BTCUSD_PERP,bid,58000,686.74
2024-08-19 09:01:44,BTCUSD_PERP,bid,58000,629.41
2024-08-19 09:01:45,BTCUSD_PERP,bid,58000,571.98
2024-08-19 09:01:45,BTCUSD_PERP,bid,58000,571.03
2024-08-19 09:01:45,BTCUSD_PERP,bid,58000,628.49
2024-08-19 09:01:46,BTCUSD_PERP,bid,58000,743.41
2024-08-19 09:01:46,BTCUSD_PERP,bid,58000,800.87
2024-08-19 09:01:46,BTCUSD_PERP,bid,58000,915.79
2024-08-19 09:01:46,BTCUSD_PERP,bid,58000,973.25
2024-08-19 09:06:27,BTCUSD_PERP,bid,58000,916.19
2024-08-19 09:06:27,BTCUSD_PERP,bid,58000,973.67
2024-08-19 09:10:17,BTCUSD_PERP,bid,58000,1030.16
2024-08-19 09:10:17,BTCUSD_PERP,bid,57900,558.6
2024-08-19 09:10:17,BTCUSD_PERP,bid,58000,1087.62
2024-08-19 09:11:02,BTCUSD_PERP,bid,58000,1030.16
2024-08-19 09:11:02,BTCUSD_PERP,bid,58000,914.71
2024-08-19 09:11:02,BTCUSD_PERP,bid,57900,558.31
2024-08-19 09:11:02,BTCUSD_PERP,bid,58000,1087.0
2024-08-19 09:11:31,BTCUSD_PERP,bid,58000,801.7
2024-08-19 09:11:32,BTCUSD_PERP,bid,57900,971.63
2024-08-19 09:11:32,BTCUSD_PERP,bid,57900,1029.03
2024-08-19 09:11:32,BTCUSD_PERP,bid,57900,558.02
2024-08-19 09:11:32,BTCUSD_PERP,bid,57900,1086.43
2024-08-19 09:14:45,BTCUSD_PERP,bid,57900,1029.62
2024-08-19 09:14:46,BTCUSD_PERP,bid,57900,1028.5
2024-08-19 09:14:46,BTCUSD_PERP,bid,57800,557.72
2024-08-19 09:14:46,BTCUSD_PERP,bid,57900,1085.87
2024-08-19 09:14:55,BTCUSD_PERP,bid,57900,1029.03
2024-08-19 09:14:55,BTCUSD_PERP,bid,57900,1086.43
2024-08-19 09:14:55,BTCUSD_PERP,bid,57900,558.02
2024-08-19 09:15:00,BTCUSD_PERP,bid,57900,1100.32
2024-08-19 09:15:25,BTCUSD_PERP,bid,57900,1086.43
2024-08-19 09:15:45,BTCUSD_PERP,bid,57900,971.73
2024-08-19 09:15:45,BTCUSD_PERP,bid,57900,856.93
2024-08-19 09:15:45,BTCUSD_PERP,bid,57900,799.53
2024-08-19 09:15:45,BTCUSD_PERP,bid,57900,742.13
2024-08-19 09:15:45,BTCUSD_PERP,bid,57900,684.73
2024-08-19 09:15:45,BTCUSD_PERP,bid,57900,627.91
2024-08-19 09:15:46,BTCUSD_PERP,bid,58000,572.45
2024-08-19 09:15:46,BTCUSD_PERP,bid,58000,629.3
2024-08-19 09:15:46,BTCUSD_PERP,bid,58000,857.86
2024-08-19 09:15:46,BTCUSD_PERP,bid,58000,914.71
2024-08-19 09:15:46,BTCUSD_PERP,bid,58000,1029.57
2024-08-19 09:15:47,BTCUSD_PERP,bid,58000,1087.0
2024-08-19 09:15:47,BTCUSD_PERP,bid,57900,558.31
2024-08-19 09:15:51,BTCUSD_PERP,bid,58000,973.31
2024-08-19 09:15:51,BTCUSD_PERP,bid,57900,743.2
2024-08-19 09:15:51,BTCUSD_PERP,bid,57900,800.6
2024-08-19 09:16:17,BTCUSD_PERP,bid,57900,685.8
2024-08-19 09:16:17,BTCUSD_PERP,bid,57900,628.4
2024-08-19 09:16:17,BTCUSD_PERP,bid,57900,571.58
2024-08-19 09:16:18,BTCUSD_PERP,bid,57900,800.18
2024-08-19 09:16:18,BTCUSD_PERP,bid,57900,1085.28
2024-08-19 09:16:45,BTCUSD_PERP,bid,57900,970.54
2024-08-19 09:16:45,BTCUSD_PERP,bid,57900,913.75
2024-08-19 09:16:45,BTCUSD_PERP,bid,57900,856.96
2024-08-19 09:16:45,BTCUSD_PERP,bid,57900,799.59
2024-08-19 09:16:46,BTCUSD_PERP,bid,57900,742.81
2024-08-19 09:16:46,BTCUSD_PERP,bid,57900,572.44
2024-08-19 09:16:46,BTCUSD_PERP,bid,57900,569.31
2024-08-19 09:16:46,BTCUSD_PERP,bid,57900,626.64
2024-08-19 09:16:46,BTCUSD_PERP,bid,57900,1027.28
2024-08-19 09:16:46,BTCUSD_PERP,bid,57900,1084.61
2024-08-19 09:16:46,BTCUSD_PERP,bid,57800,557.43
2024-08-19 09:16:46,BTCUSD_PERP,bid,57900,1141.94
2024-08-19 09:17:12,BTCUSD_PERP,bid,57900,1085.18
2024-08-19 09:17:12,BTCUSD_PERP,bid,57900,970.62
2024-08-19 09:17:12,BTCUSD_PERP,bid,57900,799.2
2024-08-19 09:17:12,BTCUSD_PERP,bid,57900,741.87
2024-08-19 09:17:13,BTCUSD_PERP,bid,57900,684.54
2024-08-19 09:17:13,BTCUSD_PERP,bid,57900,627.21
2024-08-19 09:17:13,BTCUSD_PERP,bid,57900,569.88
2024-08-19 09:17:13,BTCUSD_PERP,bid,57900,571.95
2024-08-19 09:17:13,BTCUSD_PERP,bid,57900,629.32
2024-08-19 09:17:13,BTCUSD_PERP,bid,57900,686.69
2024-08-19 09:17:54,BTCUSD_PERP,bid,57900,687.05
2024-08-19 09:17:54,BTCUSD_PERP,bid,57900,744.46
2024-08-19 09:19:28,BTCUSD_PERP,bid,57900,629.64
2024-08-19 09:19:28,BTCUSD_PERP,bid,57900,572.82
2024-08-19 09:19:29,BTCUSD_PERP,bid,58000,571.97
2024-08-19 09:19:29,BTCUSD_PERP,bid,58000,628.83
2024-08-19 09:19:30,BTCUSD_PERP,bid,58000,686.27
2024-08-19 09:19:30,BTCUSD_PERP,bid,58000,743.71
2024-08-19 09:19:30,BTCUSD_PERP,bid,58000,800.57
2024-08-19 09:19:30,BTCUSD_PERP,bid,58000,915.45
2024-08-19 09:19:30,BTCUSD_PERP,bid,58000,972.89
2024-08-19 09:20:13,BTCUSD_PERP,bid,47000,2454.66
2024-08-19 09:23:36,BTCUSD_PERP,bid,58000,915.45
2024-08-19 09:23:36,BTCUSD_PERP,bid,58000,801.16
2024-08-19 09:23:36,BTCUSD_PERP,bid,58000,743.72
2024-08-19 09:23:36,BTCUSD_PERP,bid,58000,686.86
2024-08-19 09:23:37,BTCUSD_PERP,bid,58000,572.08
2024-08-19 09:23:37,BTCUSD_PERP,bid,58000,525.12
2024-08-19 09:23:37,BTCUSD_PERP,bid,58000,582.01
2024-08-19 09:23:38,BTCUSD_PERP,bid,58000,753.86
2024-08-19 09:23:38,BTCUSD_PERP,bid,58000,811.34
2024-08-19 09:23:38,BTCUSD_PERP,bid,58000,868.23
2024-08-19 09:26:06,BTCUSD_PERP,bid,58000,639.49
2024-08-19 09:26:06,BTCUSD_PERP,bid,58000,582.01
2024-08-19 09:26:06,BTCUSD_PERP,bid,58000,524.53
2024-08-19 09:29:26,BTCUSD_PERP,bid,58100,630.63
2024-08-19 09:29:51,BTCUSD_PERP,bid,58100,573.08
2024-08-19 09:29:53,BTCUSD_PERP,bid,58100,572.82
2024-08-19 09:29:53,BTCUSD_PERP,bid,58100,630.34
2024-08-19 09:30:02,BTCUSD_PERP,bid,58100,630.38
2024-08-19 09:30:43,BTCUSD_PERP,bid,58100,572.86
2024-08-19 09:30:45,BTCUSD_PERP,bid,58100,573.18
2024-08-19 09:30:45,BTCUSD_PERP,bid,58100,630.63
2024-08-19 09:32:15,BTCUSD_PERP,bid,58100,573.08
2024-08-19 09:32:17,BTCUSD_PERP,bid,58100,515.99
2024-08-19 09:32:55,BTCUSD_PERP,bid,58200,516.26
2024-08-19 09:38:01,BTCUSD_PERP,bid,58100,573.54
2024-08-19 09:38:01,BTCUSD_PERP,bid,58100,631.14
2024-08-19 09:38:01,BTCUSD_PERP,bid,58100,559.87
2024-08-19 09:40:56,BTCUSD_PERP,bid,58100,572.88
2024-08-19 09:43:44,BTCUSD_PERP,bid,58000,572.58
2024-08-19 09:44:00,BTCUSD_PERP,bid,58000,572.44
2024-08-19 09:44:00,BTCUSD_PERP,bid,58000,629.91
2024-08-19 09:44:00,BTCUSD_PERP,bid,58000,643.81
2024-08-19 09:44:00,BTCUSD_PERP,bid,58000,645.02
