2024-08-19 07:00:27,SOLUSDT,bid,140,35809.0
2024-08-19 07:00:30,SOLUSDT,bid,140,35808.0
2024-08-19 07:03:55,SOLUSDT,bid,140,35866.0
2024-08-19 07:04:28,SOLUSDT,bid,140,35867.0
2024-08-19 07:04:29,SOLUSDT,bid,140,35866.0
2024-08-19 07:04:57,SOLUSDT,bid,140,35901.0
2024-08-19 07:06:44,SOLUSDT,bid,140,35918.0
2024-08-19 07:06:48,SOLUSDT,bid,140,35901.0
2024-08-19 07:06:52,SOLUSDT,bid,140,35918.0
2024-08-19 07:06:52,SOLUSDT,bid,140,35901.0
2024-08-19 07:09:38,SOLUSDT,bid,140,35902.0
2024-08-19 07:12:15,SOLUSDT,bid,140,36066.0
2024-08-19 07:14:15,SOLUSDT,bid,140,36077.0
2024-08-19 07:14:50,SOLUSDT,bid,140,36042.0
2024-08-19 07:14:51,SOLUSDT,bid,140,36362.0
2024-08-19 07:14:51,SOLUSDT,bid,140,36504.0
2024-08-19 07:14:52,SOLUSDT,bid,140,36512.0
2024-08-19 07:14:53,SOLUSDT,bid,140,36501.0
2024-08-19 07:15:31,SOLUSDT,bid,140,36493.0
2024-08-19 07:16:51,SOLUSDT,bid,140,36484.0
2024-08-19 07:20:26,SOLUSDT,bid,140,36306.0
2024-08-19 07:20:32,SOLUSDT,bid,140,36164.0
2024-08-19 07:20:32,SOLUSDT,bid,140,36022.0
2024-08-19 07:24:30,SOLUSDT,bid,140,36026.0
2024-08-19 07:26:10,SOLUSDT,bid,140,36022.0
2024-08-19 07:27:21,SOLUSDT,bid,140,36027.0
2024-08-19 07:27:50,SOLUSDT,ask,175,29272.0
2024-08-19 07:28:20,SOLUSDT,bid,140,36031.0
2024-08-19 07:30:00,SOLUSDT,bid,140,36051.0
2024-08-19 07:31:39,SOLUSDT,bid,140,36094.0
2024-08-19 07:35:15,SOLUSDT,bid,140,36090.0
2024-08-19 07:54:21,SOLUSDT,ask,178,35069.0
2024-08-19 08:01:24,SOLUSDT,bid,140,36087.0
2024-08-19 08:02:54,SOLUSDT,bid,140,36088.0
2024-08-19 08:02:55,SOLUSDT,bid,140,36087.0
2024-08-19 08:03:10,SOLUSDT,bid,140,36158.0
2024-08-19 08:11:32,SOLUSDT,bid,140,35994.0
2024-08-19 08:11:33,SOLUSDT,bid,140,35951.0
2024-08-19 08:13:45,SOLUSDT,bid,140,35959.0
2024-08-19 08:16:29,SOLUSDT,bid,140,35963.0
2024-08-19 08:16:45,SOLUSDT,bid,140,35964.0
2024-08-19 08:17:27,SOLUSDT,bid,140,35963.0
2024-08-19 08:18:00,SOLUSDT,bid,140,35964.0
2024-08-19 08:18:01,SOLUSDT,bid,140,35963.0
2024-08-19 08:21:11,SOLUSDT,bid,140,35959.0
2024-08-19 08:21:17,SOLUSDT,bid,140,35951.0
2024-08-19 08:29:16,SOLUSDT,bid,140,35952.0
2024-08-19 08:29:19,SOLUSDT,bid,140,35951.0
2024-08-19 08:29:48,SOLUSDT,bid,140,35952.0
2024-08-19 08:30:00,SOLUSDT,bid,140,35951.0
2024-08-19 08:35:21,SOLUSDT,bid,140,35880.0
2024-08-19 08:37:54,SOLUSDT,bid,140,35916.0
2024-08-19 08:42:54,SOLUSDT,bid,140,35880.0
2024-08-19 08:45:20,SOLUSDT,bid,140,36018.0
2024-08-19 08:46:05,SOLUSDT,bid,140,36050.0
2024-08-19 08:47:59,SOLUSDT,bid,140,36047.0
2024-08-19 08:49:47,SOLUSDT,bid,140,36061.0
2024-08-19 08:51:44,SOLUSDT,bid,140,36047.0
2024-08-19 08:51:48,SOLUSDT,bid,140,35989.0
2024-08-19 08:52:09,SOLUSDT,bid,140,35957.0
2024-08-19 08:55:31,SOLUSDT,bid,140,35819.0
2024-08-19 08:57:01,SOLUSDT,bid,140,35821.0
2024-08-19 08:58:01,SOLUSDT,bid,140,35819.0
2024-08-19 09:18:01,SOLUSDT,bid,140,35855.0
2024-08-19 09:19:18,SOLUSDT,bid,140,35885.0
2024-08-19 09:26:25,SOLUSDT,bid,140,35849.0
2024-08-19 09:38:30,SOLUSDT,bid,140,36144.0
2024-08-19 09:43:43,SOLUSDT,bid,140,36133.0
2024-08-19 09:43:45,SOLUSDT,bid,140,35849.0
2024-08-19 09:51:18,SOLUSDT,bid,140,35850.0
2024-08-19 09:51:24,SOLUSDT,bid,140,35849.0
2024-08-19 09:56:12,SOLUSDT,ask,175,29271.0
2024-08-19 10:14:07,SOLUSDT,bid,140,35856.0
2024-08-19 10:14:07,SOLUSDT,bid,140,35863.0
2024-08-19 10:14:08,SOLUSDT,bid,140,35870.0
2024-08-19 10:14:09,SOLUSDT,bid,140,35877.0
2024-08-19 10:17:07,SOLUSDT,bid,140,35870.0
2024-08-19 10:17:07,SOLUSDT,bid,140,35863.0
2024-08-19 10:17:08,SOLUSDT,bid,140,35856.0
2024-08-19 10:17:10,SOLUSDT,bid,140,35849.0
2024-08-19 10:20:42,SOLUSDT,bid,140,35850.0
2024-08-19 10:29:17,SOLUSDT,bid,140,37034.0
2024-08-19 10:29:56,SOLUSDT,bid,140,35850.0
2024-08-19 10:33:20,SOLUSDT,bid,140,35920.0
2024-08-19 10:45:00,SOLUSDT,bid,140,35850.0
2024-08-19 11:03:06,SOLUSDT,ask,175,29270.0
2024-08-19 11:08:11,SOLUSDT,bid,140,35849.0
2024-08-19 11:08:34,SOLUSDT,bid,140,35850.0
2024-08-19 11:35:01,SOLUSDT,bid,140,35872.0
2024-08-19 11:35:01,SOLUSDT,bid,140,35879.0
2024-08-19 11:38:00,SOLUSDT,bid,140,35872.0
2024-08-19 11:38:00,SOLUSDT,bid,140,35859.0
2024-08-19 11:38:00,SOLUSDT,bid,140,35851.0
2024-08-19 11:38:00,SOLUSDT,bid,140,35850.0
2024-08-19 11:56:20,SOLUSDT,bid,140,35914.0
2024-08-19 12:01:21,SOLUSDT,bid,140,35850.0
2024-08-19 12:17:26,SOLUSDT,bid,140,35830.0
2024-08-19 12:18:23,SOLUSDT,bid,140,35840.0
2024-08-19 12:24:24,SOLUSDT,bid,140,35948.0
2024-08-19 12:28:47,SOLUSDT,bid,140,35877.0
2024-08-19 12:30:49,SOLUSDT,bid,140,35878.0
2024-08-19 12:31:09,SOLUSDT,bid,140,35883.0
2024-08-19 12:34:42,SOLUSDT,bid,140,35881.0
2024-08-19 12:57:26,SOLUSDT,bid,140,35882.0
2024-08-19 12:57:37,SOLUSDT,bid,140,35881.0
2024-08-19 13:04:12,SOLUSDT,bid,140,35882.0
2024-08-19 13:04:12,SOLUSDT,bid,140,35881.0
2024-08-19 13:07:47,SOLUSDT,ask,175,29269.0
2024-08-19 13:17:48,SOLUSDT,bid,140,35886.0
2024-08-19 13:34:04,SOLUSDT,bid,140,35881.0
2024-08-19 13:48:39,SOLUSDT,bid,140,35888.0
2024-08-19 13:48:55,SOLUSDT,bid,140,35881.0
2024-08-19 14:13:33,SOLUSDT,bid,140,35773.0
2024-08-19 14:13:57,SOLUSDT,bid,140,35775.0
2024-08-19 14:15:57,SOLUSDT,bid,140,35773.0
2024-08-19 14:33:07,SOLUSDT,bid,140,35787.0
2024-08-19 14:34:39,SOLUSDT,bid,140,35773.0
2024-08-19 14:35:14,SOLUSDT,bid,140,35801.0
2024-08-19 14:35:16,SOLUSDT,bid,140,35818.0
2024-08-19 14:35:39,SOLUSDT,bid,140,35790.0
2024-08-19 14:36:13,SOLUSDT,bid,140,35773.0
2024-08-19 14:38:36,SOLUSDT,bid,140,35775.0
2024-08-19 14:46:25,SOLUSDT,bid,140,35773.0
2024-08-19 15:04:50,SOLUSDT,bid,140,35808.0
2024-08-19 15:04:56,SOLUSDT,bid,140,35773.0
2024-08-19 15:05:05,SOLUSDT,bid,140,35781.0
2024-08-19 15:05:15,SOLUSDT,bid,140,35782.0
2024-08-19 15:05:16,SOLUSDT,bid,140,35781.0
2024-08-19 15:05:59,SOLUSDT,bid,140,35783.0
2024-08-19 15:06:28,SOLUSDT,bid,140,35784.0
2024-08-19 15:07:20,SOLUSDT,bid,140,35785.0
2024-08-19 15:07:21,SOLUSDT,bid,140,35784.0
2024-08-19 15:08:05,SOLUSDT,bid,140,35776.0
2024-08-19 15:31:57,SOLUSDT,bid,140,35779.0
2024-08-19 15:33:14,SOLUSDT,bid,140,35780.0
2024-08-19 15:38:19,SOLUSDT,bid,140,35779.0
2024-08-19 15:38:21,SOLUSDT,bid,140,35777.0
2024-08-19 15:38:31,SOLUSDT,ask,175,29268.0
2024-08-19 15:43:15,SOLUSDT,bid,140,35778.0
2024-08-19 15:44:38,SOLUSDT,bid,140,35777.0
2024-08-19 16:13:01,SOLUSDT,bid,140,35814.0
2024-08-19 16:15:31,SOLUSDT,bid,140,37018.0
2024-08-19 16:16:14,SOLUSDT,bid,140,35814.0
2024-08-19 16:17:20,SOLUSDT,bid,140,35796.0
2024-08-19 16:17:20,SOLUSDT,bid,140,35777.0
2024-08-19 16:37:00,SOLUSDT,ask,178,35071.0
2024-08-19 16:38:39,SOLUSDT,bid,140,35843.0
2024-08-19 16:38:40,SOLUSDT,bid,140,35809.0
2024-08-19 16:38:45,SOLUSDT,bid,140,35777.0
2024-08-19 16:47:48,SOLUSDT,bid,140,35781.0
2024-08-19 16:49:25,SOLUSDT,bid,140,35788.0
2024-08-19 16:51:10,SOLUSDT,bid,140,35785.0
2024-08-19 16:52:12,SOLUSDT,bid,140,35795.0
2024-08-19 16:52:34,SOLUSDT,bid,140,35901.0
2024-08-19 16:54:16,SOLUSDT,bid,140,35910.0
2024-08-19 16:54:48,SOLUSDT,bid,140,35894.0
2024-08-19 16:55:29,SOLUSDT,bid,140,35788.0
2024-08-19 16:57:29,SOLUSDT,bid,140,35792.0
2024-08-19 16:57:34,SOLUSDT,bid,140,35795.0
2024-08-19 16:57:39,SOLUSDT,bid,140,35830.0
2024-08-19 16:57:41,SOLUSDT,bid,140,35827.0
2024-08-19 16:57:42,SOLUSDT,bid,140,35792.0
2024-08-19 16:57:50,SOLUSDT,bid,140,35792.0
2024-08-19 16:57:58,SOLUSDT,bid,140,35795.0
2024-08-19 16:58:00,SOLUSDT,bid,140,35792.0
2024-08-19 16:58:21,SOLUSDT,bid,140,35795.0
2024-08-19 16:58:22,SOLUSDT,bid,140,35798.0
2024-08-19 16:58:23,SOLUSDT,bid,140,35807.0
2024-08-19 16:58:27,SOLUSDT,bid,140,35843.0
2024-08-19 16:58:32,SOLUSDT,bid,140,35844.0
2024-08-19 16:58:47,SOLUSDT,bid,140,35841.0
2024-08-19 16:59:00,SOLUSDT,bid,140,36056.0
2024-08-19 16:59:00,SOLUSDT,bid,140,35841.0
2024-08-19 16:59:00,SOLUSDT,bid,140,35805.0
2024-08-19 16:59:34,SOLUSDT,bid,140,35806.0
2024-08-19 16:59:57,SOLUSDT,bid,140,36006.0
2024-08-19 17:00:03,SOLUSDT,bid,140,35806.0
2024-08-19 17:00:20,SOLUSDT,bid,140,35806.0
2024-08-19 17:00:22,SOLUSDT,bid,140,35806.0
2024-08-19 17:00:22,SOLUSDT,bid,140,35822.0
2024-08-19 17:00:23,SOLUSDT,bid,140,35807.0
2024-08-19 17:00:23,SOLUSDT,bid,140,35807.0
2024-08-19 17:00:24,SOLUSDT,bid,140,35828.0
2024-08-19 17:00:25,SOLUSDT,bid,140,35827.0
2024-08-19 17:00:25,SOLUSDT,bid,140,35812.0
2024-08-19 17:00:25,SOLUSDT,bid,140,35844.0
2024-08-19 17:00:26,SOLUSDT,bid,140,35845.0
2024-08-19 17:00:28,SOLUSDT,bid,140,35845.0
2024-08-19 17:00:29,SOLUSDT,bid,140,35848.0
2024-08-19 17:00:30,SOLUSDT,bid,140,35865.0
2024-08-19 17:00:30,SOLUSDT,bid,140,35848.0
2024-08-19 17:00:30,SOLUSDT,bid,140,35845.0
2024-08-19 17:00:36,SOLUSDT,bid,140,35907.0
2024-08-19 17:00:39,SOLUSDT,bid,140,35914.0
2024-08-19 17:00:39,SOLUSDT,bid,140,35907.0
2024-08-19 17:00:41,SOLUSDT,bid,140,35920.0
2024-08-19 17:00:41,SOLUSDT,bid,140,35907.0
2024-08-19 17:00:42,SOLUSDT,bid,140,36477.0
2024-08-19 17:00:42,SOLUSDT,bid,140,36476.0
2024-08-19 17:00:42,SOLUSDT,bid,140,35844.0
2024-08-19 17:00:43,SOLUSDT,bid,140,35812.0
2024-08-19 17:00:44,SOLUSDT,bid,140,35843.0
2024-08-19 17:00:46,SOLUSDT,bid,140,35853.0
2024-08-19 17:01:10,SOLUSDT,bid,140,36053.0
2024-08-19 17:01:14,SOLUSDT,bid,140,35853.0
2024-08-19 17:01:35,SOLUSDT,bid,140,35849.0
2024-08-19 17:02:13,SOLUSDT,bid,140,35905.0
2024-08-19 17:02:13,SOLUSDT,bid,140,35911.0
2024-08-19 17:02:33,SOLUSDT,bid,140,35855.0
2024-08-19 17:02:59,SOLUSDT,bid,140,35845.0
2024-08-19 17:03:18,SOLUSDT,bid,140,35808.0
2024-08-19 17:03:52,SOLUSDT,bid,140,35840.0
2024-08-19 17:03:52,SOLUSDT,bid,140,35808.0
2024-08-19 17:04:00,SOLUSDT,bid,140,36024.0
2024-08-19 17:04:00,SOLUSDT,bid,140,35808.0
2024-08-19 17:04:13,SOLUSDT,bid,140,36351.0
2024-08-19 17:04:28,SOLUSDT,bid,140,36213.0
2024-08-19 17:04:29,SOLUSDT,bid,140,35808.0
2024-08-19 17:04:38,SOLUSDT,bid,140,39707.0
2024-08-19 17:04:39,SOLUSDT,bid,140,40853.0
2024-08-19 17:04:40,SOLUSDT,bid,140,39707.0
2024-08-19 17:04:42,SOLUSDT,bid,140,39712.0
2024-08-19 17:04:43,SOLUSDT,bid,140,39712.0
2024-08-19 17:04:44,SOLUSDT,bid,140,39707.0
2024-08-19 17:04:47,SOLUSDT,bid,140,39734.0
2024-08-19 17:04:47,SOLUSDT,bid,140,39734.0
2024-08-19 17:04:47,SOLUSDT,bid,140,39707.0
2024-08-19 17:04:48,SOLUSDT,bid,140,39734.0
2024-08-19 17:04:48,SOLUSDT,bid,140,39707.0
2024-08-19 17:04:48,SOLUSDT,bid,140,39707.0
2024-08-19 17:04:48,SOLUSDT,bid,140,39709.0
2024-08-19 17:04:48,SOLUSDT,bid,140,39707.0
2024-08-19 17:04:49,SOLUSDT,bid,140,39707.0
2024-08-19 17:04:50,SOLUSDT,bid,140,39712.0
2024-08-19 17:04:50,SOLUSDT,bid,140,39707.0
2024-08-19 17:04:53,SOLUSDT,bid,140,39811.0
2024-08-19 17:04:53,SOLUSDT,bid,140,39707.0
2024-08-19 17:04:53,SOLUSDT,bid,140,39716.0
2024-08-19 17:04:54,SOLUSDT,bid,140,39707.0
2024-08-19 17:04:54,SOLUSDT,bid,140,39718.0
2024-08-19 17:04:55,SOLUSDT,bid,140,35809.0
2024-08-19 17:04:55,SOLUSDT,bid,140,35808.0
2024-08-19 17:04:55,SOLUSDT,bid,140,35809.0
2024-08-19 17:04:55,SOLUSDT,bid,140,35808.0
2024-08-19 17:04:57,SOLUSDT,bid,140,35811.0
2024-08-19 17:04:58,SOLUSDT,bid,140,35846.0
2024-08-19 17:04:59,SOLUSDT,bid,140,35811.0
2024-08-19 17:05:04,SOLUSDT,bid,140,35814.0
2024-08-19 17:05:04,SOLUSDT,bid,140,35811.0
2024-08-19 17:05:04,SOLUSDT,bid,140,35846.0
2024-08-19 17:05:05,SOLUSDT,bid,140,35813.0
2024-08-19 17:05:05,SOLUSDT,bid,140,35819.0
2024-08-19 17:05:05,SOLUSDT,bid,140,35817.0
2024-08-19 17:05:06,SOLUSDT,bid,140,35811.0
2024-08-19 17:05:07,SOLUSDT,bid,140,35847.0
2024-08-19 17:05:07,SOLUSDT,bid,140,35846.0
2024-08-19 17:05:08,SOLUSDT,bid,140,35847.0
2024-08-19 17:05:08,SOLUSDT,bid,140,35811.0
2024-08-19 17:05:09,SOLUSDT,bid,140,35846.0
2024-08-19 17:05:09,SOLUSDT,bid,140,35861.0
2024-08-19 17:05:09,SOLUSDT,bid,140,35826.0
2024-08-19 17:05:09,SOLUSDT,bid,140,35846.0
2024-08-19 17:05:11,SOLUSDT,bid,140,35811.0
2024-08-19 17:05:11,SOLUSDT,bid,140,35812.0
2024-08-19 17:05:15,SOLUSDT,bid,140,35812.0
2024-08-19 17:05:17,SOLUSDT,bid,140,35812.0
2024-08-19 17:05:18,SOLUSDT,bid,140,35818.0
2024-08-19 17:05:18,SOLUSDT,bid,140,35823.0
2024-08-19 17:05:18,SOLUSDT,bid,140,35825.0
2024-08-19 17:05:20,SOLUSDT,bid,140,35993.0
2024-08-19 17:05:21,SOLUSDT,bid,140,36099.0
2024-08-19 17:05:22,SOLUSDT,bid,140,35815.0
2024-08-19 17:05:24,SOLUSDT,bid,140,35815.0
2024-08-19 17:05:25,SOLUSDT,bid,140,35815.0
2024-08-19 17:05:25,SOLUSDT,bid,140,35814.0
2024-08-19 17:05:25,SOLUSDT,bid,140,35819.0
2024-08-19 17:05:25,SOLUSDT,bid,140,35814.0
2024-08-19 17:05:25,SOLUSDT,bid,140,35819.0
2024-08-19 17:05:25,SOLUSDT,bid,140,35814.0
2024-08-19 17:05:26,SOLUSDT,bid,140,35819.0
2024-08-19 17:05:26,SOLUSDT,bid,140,35968.0
2024-08-19 17:05:26,SOLUSDT,bid,140,35963.0
2024-08-19 17:05:27,SOLUSDT,bid,140,35814.0
2024-08-19 17:05:27,SOLUSDT,bid,140,35821.0
2024-08-19 17:05:28,SOLUSDT,bid,140,35814.0
2024-08-19 17:05:30,SOLUSDT,bid,140,35821.0
2024-08-19 17:05:30,SOLUSDT,bid,140,35814.0
2024-08-19 17:05:30,SOLUSDT,bid,140,35814.0
2024-08-19 17:05:30,SOLUSDT,bid,140,35814.0
2024-08-19 17:05:34,SOLUSDT,bid,140,35817.0
2024-08-19 17:05:35,SOLUSDT,bid,140,35816.0
2024-08-19 17:05:36,SOLUSDT,bid,140,35816.0
2024-08-19 17:05:37,SOLUSDT,bid,140,35813.0
2024-08-19 17:05:44,SOLUSDT,bid,140,35807.0
2024-08-19 17:05:47,SOLUSDT,bid,140,35808.0
2024-08-19 17:05:49,SOLUSDT,bid,140,35843.0
2024-08-19 17:05:50,SOLUSDT,bid,140,35850.0
2024-08-19 17:05:52,SOLUSDT,bid,140,36063.0
2024-08-19 17:05:53,SOLUSDT,bid,140,36056.0
2024-08-19 17:05:57,SOLUSDT,bid,140,35843.0
2024-08-19 17:05:57,SOLUSDT,bid,140,35846.0
2024-08-19 17:06:01,SOLUSDT,bid,140,35890.0
2024-08-19 17:06:01,SOLUSDT,bid,140,35907.0
2024-08-19 17:06:02,SOLUSDT,bid,140,35890.0
2024-08-19 17:06:02,SOLUSDT,bid,140,35890.0
2024-08-19 17:06:04,SOLUSDT,bid,140,35887.0
2024-08-19 17:06:06,SOLUSDT,bid,140,36167.0
2024-08-19 17:06:08,SOLUSDT,bid,140,36384.0
2024-08-19 17:06:09,SOLUSDT,bid,140,36167.0
2024-08-19 17:06:09,SOLUSDT,bid,140,36587.0
2024-08-19 17:06:16,SOLUSDT,bid,140,36589.0
2024-08-19 17:06:46,SOLUSDT,bid,140,36588.0
2024-08-19 17:07:18,SOLUSDT,bid,140,36618.0
2024-08-19 17:07:20,SOLUSDT,bid,140,36583.0
2024-08-19 17:08:04,SOLUSDT,bid,140,36614.0
2024-08-19 17:08:04,SOLUSDT,bid,140,36858.0
2024-08-19 17:08:05,SOLUSDT,bid,140,36827.0
2024-08-19 17:08:11,SOLUSDT,bid,140,37218.0
2024-08-19 17:08:14,SOLUSDT,bid,140,36827.0
2024-08-19 17:08:17,SOLUSDT,bid,140,36407.0
2024-08-19 17:08:18,SOLUSDT,bid,140,36163.0
2024-08-19 17:08:20,SOLUSDT,bid,140,36243.0
2024-08-19 17:08:20,SOLUSDT,bid,140,36163.0
2024-08-19 17:08:20,SOLUSDT,bid,140,36251.0
2024-08-19 17:08:21,SOLUSDT,bid,140,36163.0
2024-08-19 17:08:21,SOLUSDT,bid,140,36251.0
2024-08-19 17:08:21,SOLUSDT,bid,140,36163.0
2024-08-19 17:08:22,SOLUSDT,bid,140,36169.0
2024-08-19 17:08:22,SOLUSDT,bid,140,36163.0
2024-08-19 17:08:29,SOLUSDT,bid,140,36252.0
2024-08-19 17:08:29,SOLUSDT,bid,140,36163.0
2024-08-19 17:08:45,SOLUSDT,bid,140,36170.0
2024-08-19 17:08:51,SOLUSDT,bid,140,36333.0
2024-08-19 17:08:51,SOLUSDT,bid,140,36326.0
2024-08-19 17:08:55,SOLUSDT,bid,140,36384.0
2024-08-19 17:08:56,SOLUSDT,bid,140,36417.0
2024-08-19 17:08:58,SOLUSDT,bid,140,36388.0
2024-08-19 17:09:00,SOLUSDT,bid,140,36355.0
2024-08-19 17:09:01,SOLUSDT,bid,140,36370.0
2024-08-19 17:09:01,SOLUSDT,bid,140,36355.0
2024-08-19 17:09:04,SOLUSDT,bid,140,36192.0
2024-08-19 17:09:05,SOLUSDT,bid,140,36194.0
2024-08-19 17:09:16,SOLUSDT,bid,140,36265.0
2024-08-19 17:09:19,SOLUSDT,bid,140,36492.0
2024-08-19 17:09:28,SOLUSDT,bid,140,36523.0
2024-08-19 17:09:29,SOLUSDT,bid,140,36492.0
2024-08-19 17:09:34,SOLUSDT,bid,140,36493.0
2024-08-19 17:09:37,SOLUSDT,bid,140,36266.0
2024-08-19 17:09:38,SOLUSDT,bid,140,36195.0
2024-08-19 17:09:52,SOLUSDT,bid,140,35915.0
2024-08-19 17:10:14,SOLUSDT,bid,140,35886.0
2024-08-19 17:10:42,SOLUSDT,bid,140,35886.0
2024-08-19 17:10:52,SOLUSDT,bid,140,36063.0
2024-08-19 17:10:52,SOLUSDT,bid,140,35886.0
2024-08-19 17:10:52,SOLUSDT,bid,140,35998.0
2024-08-19 17:10:55,SOLUSDT,bid,140,35886.0
2024-08-19 17:12:22,SOLUSDT,bid,140,35884.0
2024-08-19 17:12:34,SOLUSDT,bid,140,35888.0
2024-08-19 17:12:42,SOLUSDT,bid,140,35844.0
2024-08-19 17:12:55,SOLUSDT,bid,140,35840.0
2024-08-19 17:12:57,SOLUSDT,bid,140,35902.0
2024-08-19 17:13:01,SOLUSDT,bid,140,35887.0
2024-08-19 17:13:01,SOLUSDT,bid,140,35856.0
2024-08-19 17:13:08,SOLUSDT,bid,140,35918.0
2024-08-19 17:13:09,SOLUSDT,bid,140,35856.0
2024-08-19 17:13:42,SOLUSDT,bid,140,36231.0
2024-08-19 17:13:44,SOLUSDT,bid,140,35856.0
2024-08-19 17:13:48,SOLUSDT,bid,140,36231.0
2024-08-19 17:13:52,SOLUSDT,bid,140,35856.0
2024-08-19 17:14:01,SOLUSDT,bid,140,35860.0
2024-08-19 17:14:10,SOLUSDT,bid,140,35856.0
2024-08-19 17:14:26,SOLUSDT,bid,140,36069.0
2024-08-19 17:14:28,SOLUSDT,bid,140,35856.0
2024-08-19 17:14:53,SOLUSDT,bid,140,35918.0
2024-08-19 17:14:53,SOLUSDT,bid,140,35856.0
2024-08-19 17:16:27,SOLUSDT,bid,140,35886.0
2024-08-19 17:16:28,SOLUSDT,bid,140,35916.0
2024-08-19 17:16:28,SOLUSDT,bid,140,35920.0
2024-08-19 17:16:30,SOLUSDT,bid,140,35860.0
2024-08-19 17:16:30,SOLUSDT,bid,140,35856.0
2024-08-19 17:17:00,SOLUSDT,bid,140,35840.0
2024-08-19 17:17:31,SOLUSDT,bid,140,35842.0
2024-08-19 17:18:31,SOLUSDT,bid,140,35846.0
2024-08-19 17:18:40,SOLUSDT,bid,140,35853.0
2024-08-19 17:18:41,SOLUSDT,bid,140,35846.0
2024-08-19 17:18:41,SOLUSDT,bid,140,35853.0
2024-08-19 17:18:42,SOLUSDT,bid,140,35846.0
2024-08-19 17:18:42,SOLUSDT,bid,140,35853.0
2024-08-19 17:18:42,SOLUSDT,bid,140,35846.0
2024-08-19 17:18:44,SOLUSDT,bid,140,35853.0
2024-08-19 17:18:44,SOLUSDT,bid,140,35846.0
2024-08-19 17:18:45,SOLUSDT,bid,140,35853.0
2024-08-19 17:18:45,SOLUSDT,bid,140,35846.0
2024-08-19 17:18:49,SOLUSDT,bid,140,35853.0
2024-08-19 17:18:50,SOLUSDT,bid,140,35846.0
2024-08-19 17:18:50,SOLUSDT,bid,140,35853.0
2024-08-19 17:18:50,SOLUSDT,bid,140,35846.0
2024-08-19 17:18:50,SOLUSDT,bid,140,35853.0
2024-08-19 17:18:52,SOLUSDT,bid,140,35846.0
2024-08-19 17:18:52,SOLUSDT,bid,140,35853.0
2024-08-19 17:19:09,SOLUSDT,bid,140,35846.0
2024-08-19 17:19:31,SOLUSDT,bid,140,35842.0
2024-08-19 17:20:23,SOLUSDT,bid,140,35871.0
2024-08-19 17:20:23,SOLUSDT,bid,140,35842.0
2024-08-19 17:20:25,SOLUSDT,bid,140,35929.0
2024-08-19 17:20:30,SOLUSDT,bid,140,35842.0
2024-08-19 17:21:01,SOLUSDT,bid,140,35849.0
2024-08-19 17:21:21,SOLUSDT,bid,140,35878.0
2024-08-19 17:21:21,SOLUSDT,bid,140,35849.0
2024-08-19 17:21:22,SOLUSDT,bid,140,35878.0
2024-08-19 17:21:22,SOLUSDT,bid,140,35849.0
2024-08-19 17:21:24,SOLUSDT,bid,140,35878.0
2024-08-19 17:21:24,SOLUSDT,bid,140,35849.0
2024-08-19 17:22:39,SOLUSDT,bid,140,36228.0
2024-08-19 17:25:24,SOLUSDT,bid,140,37872.0
2024-08-19 17:27:07,SOLUSDT,bid,140,37493.0
2024-08-19 17:27:19,SOLUSDT,bid,140,37489.0
2024-08-19 17:28:10,SOLUSDT,bid,140,35845.0
2024-08-19 17:30:50,SOLUSDT,bid,140,35847.0
2024-08-19 17:31:36,SOLUSDT,bid,140,35848.0
2024-08-19 17:32:00,SOLUSDT,bid,140,35847.0
2024-08-19 17:33:48,SOLUSDT,bid,140,35854.0
2024-08-19 17:33:50,SOLUSDT,bid,140,35847.0
2024-08-19 17:34:54,SOLUSDT,bid,140,35855.0
2024-08-19 17:34:54,SOLUSDT,bid,140,35864.0
2024-08-19 17:35:22,SOLUSDT,bid,140,35834.0
2024-08-19 17:35:32,SOLUSDT,bid,140,35825.0
2024-08-19 17:37:40,SOLUSDT,bid,140,35821.0
2024-08-19 17:37:54,SOLUSDT,bid,140,35813.0
2024-08-19 17:38:38,SOLUSDT,bid,140,35810.0
2024-08-19 17:42:21,SOLUSDT,bid,140,35822.0
2024-08-19 17:42:30,SOLUSDT,bid,140,35810.0
2024-08-19 17:46:31,SOLUSDT,bid,140,35808.0
2024-08-19 17:47:20,SOLUSDT,bid,140,35788.0
2024-08-19 17:48:11,SOLUSDT,bid,140,35790.0
2024-08-19 17:49:47,SOLUSDT,bid,140,35798.0
2024-08-19 17:50:23,SOLUSDT,ask,175,29256.0
2024-08-19 17:53:02,SOLUSDT,bid,140,35796.0
2024-08-19 17:53:20,SOLUSDT,bid,140,35855.0
2024-08-19 17:53:28,SOLUSDT,bid,140,35796.0
2024-08-19 17:56:55,SOLUSDT,bid,140,35846.0
2024-08-19 17:57:12,SOLUSDT,bid,140,35796.0
2024-08-19 18:00:50,SOLUSDT,bid,140,35808.0
2024-08-19 18:01:00,SOLUSDT,bid,140,35796.0
2024-08-19 18:03:12,SOLUSDT,bid,140,35808.0
2024-08-19 18:05:01,SOLUSDT,bid,140,35882.0
2024-08-19 18:05:10,SOLUSDT,bid,140,35870.0
2024-08-19 18:05:46,SOLUSDT,bid,140,35916.0
2024-08-19 18:07:26,SOLUSDT,bid,140,35870.0
2024-08-19 18:08:49,SOLUSDT,bid,140,35920.0
2024-08-19 18:09:00,SOLUSDT,bid,140,35846.0
2024-08-19 18:11:53,SOLUSDT,bid,140,35847.0
2024-08-19 18:13:08,SOLUSDT,bid,140,35864.0
2024-08-19 18:16:00,SOLUSDT,bid,140,36068.0
2024-08-19 18:17:36,SOLUSDT,bid,140,36069.0
2024-08-19 18:18:31,SOLUSDT,bid,140,36052.0
2024-08-19 18:18:52,SOLUSDT,bid,140,36775.0
2024-08-19 18:20:21,SOLUSDT,bid,140,36052.0
2024-08-19 18:21:02,SOLUSDT,bid,140,35848.0
2024-08-19 18:26:24,SOLUSDT,bid,140,35912.0
2024-08-19 18:26:25,SOLUSDT,bid,140,35848.0
2024-08-19 18:28:07,SOLUSDT,bid,140,35880.0
2024-08-19 18:28:10,SOLUSDT,bid,140,35848.0
2024-08-19 18:28:29,SOLUSDT,bid,140,35837.0
2024-08-19 18:29:12,SOLUSDT,bid,140,35838.0
2024-08-19 18:29:31,SOLUSDT,bid,140,36156.0
2024-08-19 18:29:36,SOLUSDT,bid,140,35838.0
2024-08-19 18:29:44,SOLUSDT,bid,140,35837.0
2024-08-19 18:29:49,SOLUSDT,bid,140,35838.0
2024-08-19 18:29:49,SOLUSDT,bid,140,35837.0
2024-08-19 18:29:51,SOLUSDT,bid,140,35837.0
2024-08-19 18:29:51,SOLUSDT,bid,140,35838.0
2024-08-19 18:29:51,SOLUSDT,bid,140,35837.0
2024-08-19 18:29:53,SOLUSDT,bid,140,35838.0
2024-08-19 18:29:53,SOLUSDT,bid,140,35837.0
2024-08-19 18:29:57,SOLUSDT,bid,140,35838.0
2024-08-19 18:29:59,SOLUSDT,bid,140,35837.0
2024-08-19 18:30:00,SOLUSDT,bid,140,35838.0
2024-08-19 18:30:06,SOLUSDT,bid,140,35843.0
2024-08-19 18:30:07,SOLUSDT,bid,140,35842.0
2024-08-19 18:30:09,SOLUSDT,bid,140,35842.0
2024-08-19 18:30:09,SOLUSDT,bid,140,35843.0
2024-08-19 18:30:10,SOLUSDT,bid,140,35842.0
2024-08-19 18:30:10,SOLUSDT,bid,140,35843.0
2024-08-19 18:30:10,SOLUSDT,bid,140,35842.0
2024-08-19 18:30:10,SOLUSDT,bid,140,35843.0
2024-08-19 18:30:10,SOLUSDT,bid,140,35842.0
2024-08-19 18:30:15,SOLUSDT,bid,140,35843.0
2024-08-19 18:30:15,SOLUSDT,bid,140,35842.0
2024-08-19 18:30:17,SOLUSDT,bid,140,35843.0
2024-08-19 18:30:17,SOLUSDT,bid,140,35842.0
2024-08-19 18:30:17,SOLUSDT,bid,140,35843.0
2024-08-19 18:30:17,SOLUSDT,bid,140,35842.0
2024-08-19 18:30:18,SOLUSDT,bid,140,35843.0
2024-08-19 18:30:19,SOLUSDT,bid,140,35842.0
2024-08-19 18:30:19,SOLUSDT,bid,140,35843.0
2024-08-19 18:30:19,SOLUSDT,bid,140,35842.0
2024-08-19 18:30:20,SOLUSDT,bid,140,35842.0
2024-08-19 18:30:21,SOLUSDT,bid,140,35843.0
2024-08-19 18:30:22,SOLUSDT,bid,140,35842.0
2024-08-19 18:30:23,SOLUSDT,bid,140,35843.0
2024-08-19 18:30:24,SOLUSDT,bid,140,35842.0
2024-08-19 18:30:25,SOLUSDT,bid,140,35843.0
2024-08-19 18:30:26,SOLUSDT,bid,140,35842.0
2024-08-19 18:30:27,SOLUSDT,bid,140,35843.0
2024-08-19 18:30:28,SOLUSDT,bid,140,35842.0
2024-08-19 18:30:32,SOLUSDT,bid,140,35843.0
2024-08-19 18:30:33,SOLUSDT,bid,140,35842.0
2024-08-19 18:30:34,SOLUSDT,bid,140,35843.0
2024-08-19 18:30:34,SOLUSDT,bid,140,35842.0
2024-08-19 18:30:35,SOLUSDT,bid,140,35843.0
2024-08-19 18:30:35,SOLUSDT,bid,140,35842.0
2024-08-19 18:30:36,SOLUSDT,bid,140,35843.0
2024-08-19 18:30:36,SOLUSDT,bid,140,35842.0
2024-08-19 18:30:36,SOLUSDT,bid,140,35843.0
2024-08-19 18:30:37,SOLUSDT,bid,140,35842.0
2024-08-19 18:30:37,SOLUSDT,bid,140,35843.0
2024-08-19 18:30:37,SOLUSDT,bid,140,35842.0
2024-08-19 18:30:37,SOLUSDT,bid,140,35843.0
2024-08-19 18:30:38,SOLUSDT,bid,140,35842.0
2024-08-19 18:30:39,SOLUSDT,bid,140,35843.0
2024-08-19 18:30:39,SOLUSDT,bid,140,35842.0
2024-08-19 18:30:43,SOLUSDT,bid,140,35843.0
2024-08-19 18:30:43,SOLUSDT,bid,140,35842.0
2024-08-19 18:30:43,SOLUSDT,bid,140,35843.0
2024-08-19 18:30:44,SOLUSDT,bid,140,35842.0
2024-08-19 18:30:53,SOLUSDT,bid,140,35842.0
2024-08-19 18:33:15,SOLUSDT,bid,140,35876.0
2024-08-19 18:33:24,SOLUSDT,bid,140,35879.0
2024-08-19 18:33:25,SOLUSDT,bid,140,35876.0
2024-08-19 18:33:44,SOLUSDT,bid,140,35842.0
2024-08-19 18:36:12,SOLUSDT,bid,140,35844.0
2024-08-19 18:43:22,SOLUSDT,bid,140,35848.0
2024-08-19 18:44:22,SOLUSDT,bid,140,35844.0
2024-08-19 18:52:01,SOLUSDT,bid,140,35849.0
2024-08-19 18:53:00,SOLUSDT,bid,140,35844.0
2024-08-19 18:54:01,SOLUSDT,bid,140,35868.0
2024-08-19 18:57:02,SOLUSDT,bid,140,35844.0
2024-08-19 18:57:24,SOLUSDT,bid,140,35842.0
2024-08-19 18:58:22,SOLUSDT,bid,140,35846.0
2024-08-19 18:58:23,SOLUSDT,bid,140,35853.0
2024-08-19 18:58:50,SOLUSDT,bid,140,35849.0
2024-08-19 18:59:47,SOLUSDT,bid,140,35842.0
2024-08-19 19:00:24,SOLUSDT,bid,140,35853.0
2024-08-19 19:00:53,SOLUSDT,bid,140,35842.0
2024-08-19 19:01:23,SOLUSDT,bid,140,35835.0
2024-08-19 19:02:28,SOLUSDT,bid,140,35834.0
2024-08-19 19:04:24,SOLUSDT,bid,140,35836.0
2024-08-19 19:06:09,SOLUSDT,bid,140,35837.0
2024-08-19 19:06:10,SOLUSDT,bid,140,35836.0
2024-08-19 19:09:20,SOLUSDT,bid,140,35826.0
2024-08-19 19:13:12,SOLUSDT,bid,140,35825.0
2024-08-19 19:13:48,SOLUSDT,bid,140,35820.0
2024-08-19 19:13:54,SOLUSDT,bid,140,35843.0
2024-08-19 19:13:57,SOLUSDT,bid,140,35820.0
2024-08-19 19:14:27,SOLUSDT,bid,140,35837.0
2024-08-19 19:14:27,SOLUSDT,bid,140,35854.0
2024-08-19 19:14:29,SOLUSDT,bid,140,35837.0
2024-08-19 19:15:07,SOLUSDT,bid,140,35820.0
2024-08-19 19:15:35,SOLUSDT,bid,140,35837.0
2024-08-19 19:16:08,SOLUSDT,bid,140,35836.0
2024-08-19 19:16:35,SOLUSDT,bid,140,35819.0
2024-08-19 19:25:22,SOLUSDT,bid,140,35821.0
2024-08-19 19:36:57,SOLUSDT,bid,140,35819.0
2024-08-19 19:40:59,SOLUSDT,bid,140,36068.0
2024-08-19 19:41:00,SOLUSDT,bid,140,36317.0
2024-08-19 19:41:04,SOLUSDT,bid,140,35819.0
2024-08-19 19:57:00,SOLUSDT,bid,140,35847.0
2024-08-19 19:57:27,SOLUSDT,bid,140,35857.0
2024-08-19 19:58:42,SOLUSDT,bid,140,35829.0
2024-08-19 19:59:38,SOLUSDT,bid,140,35819.0
2024-08-19 20:05:36,SOLUSDT,bid,140,35817.0
2024-08-19 20:12:30,SOLUSDT,bid,140,35819.0
2024-08-19 20:16:27,SOLUSDT,bid,140,35831.0
2024-08-19 20:20:18,SOLUSDT,bid,140,35828.0
2024-08-19 20:21:02,SOLUSDT,bid,140,35855.0
2024-08-19 21:58:20,SOLUSDT,bid,140,36178.0
2024-08-19 21:59:21,SOLUSDT,bid,140,36284.0
2024-08-19 22:00:02,SOLUSDT,bid,140,36283.0
2024-08-19 22:00:26,SOLUSDT,bid,140,36177.0
2024-08-19 22:01:30,SOLUSDT,bid,140,36212.0
2024-08-19 22:02:48,SOLUSDT,bid,140,36112.0
2024-08-19 22:06:30,SOLUSDT,bid,140,36077.0
2024-08-19 22:12:42,SOLUSDT,bid,140,36076.0
2024-08-19 22:15:25,SOLUSDT,ask,175,29357.0
2024-08-19 22:18:12,SOLUSDT,bid,140,36077.0
2024-08-19 22:21:09,SOLUSDT,bid,140,36076.0
2024-08-19 22:21:57,SOLUSDT,bid,140,36072.0
2024-08-19 22:23:05,SOLUSDT,bid,140,36009.0
2024-08-19 22:27:32,SOLUSDT,bid,140,36044.0
2024-08-19 22:28:30,SOLUSDT,bid,140,36045.0
2024-08-19 22:29:01,SOLUSDT,bid,140,36010.0
2024-08-19 22:29:15,SOLUSDT,bid,140,36099.0
2024-08-19 22:29:51,SOLUSDT,ask,175,29356.0
2024-08-19 22:47:17,SOLUSDT,bid,74,67733.0
2024-08-19 22:49:40,SOLUSDT,bid,140,36100.0
2024-08-19 23:03:41,SOLUSDT,bid,140,36168.0
2024-08-19 23:08:42,SOLUSDT,bid,140,36100.0
2024-08-19 23:10:19,SOLUSDT,ask,178,35070.0
2024-08-19 23:41:41,SOLUSDT,bid,140,36101.0
2024-08-19 23:42:28,SOLUSDT,bid,140,36051.0
2024-08-19 23:43:28,SOLUSDT,bid,140,36135.0
2024-08-19 23:45:07,SOLUSDT,bid,140,36099.0
