2024-08-28 07:00:37,ETHUSDT,bid,2400,25918.706
2024-08-28 07:02:54,ETHUSDT,bid,2140,4710.562
2024-08-28 07:04:15,ETHUSDT,bid,1700,6054.542
2024-08-28 07:04:33,ETHUSDT,bid,1700,6055.358
2024-08-28 07:04:52,ETHUSDT,bid,1700,6054.542
2024-08-28 07:05:02,ETHUSDT,bid,1700,6055.534
2024-08-28 07:06:05,ETHUSDT,bid,2200,4568.094
2024-08-28 07:06:10,ETHUSDT,bid,2200,4568.094
2024-08-28 07:06:37,ETHUSDT,bid,2200,4568.084
2024-08-28 07:06:43,ETHUSDT,bid,2200,4568.084
2024-08-28 07:06:43,ETHUSDT,bid,2200,4568.094
2024-08-28 07:07:11,ETHUSDT,bid,2200,4568.084
2024-08-28 07:07:20,ETHUSDT,bid,2200,4568.084
2024-08-28 07:11:02,ETHUSDT,bid,2390,25965.898
2024-08-28 07:12:11,ETHUSDT,bid,2390,10000.0
2024-08-28 07:12:11,ETHUSDT,bid,2390,25972.94
2024-08-28 07:12:27,ETHUSDT,bid,1700,6055.554
2024-08-28 07:12:27,ETHUSDT,bid,1960,5173.276
2024-08-28 07:14:15,ETHUSDT,bid,2140,4710.58
2024-08-28 07:15:12,ETHUSDT,bid,2290,4371.703
2024-08-28 07:16:08,ETHUSDT,ask,2990,3454.468
2024-08-28 07:17:04,ETHUSDT,bid,2390,26012.968
2024-08-28 07:17:32,ETHUSDT,bid,2140,4711.58
2024-08-28 07:17:33,ETHUSDT,bid,1960,5173.316
2024-08-28 07:17:33,ETHUSDT,bid,2140,4711.617
2024-08-28 07:17:46,ETHUSDT,bid,2390,26010.401
2024-08-28 07:19:13,ETHUSDT,bid,2390,10034.242
2024-08-28 07:20:51,ETHUSDT,bid,2200,4569.447
2024-08-28 07:20:57,ETHUSDT,bid,1960,5170.27
2024-08-28 07:25:59,ETHUSDT,bid,1950,5352.811
2024-08-28 07:30:27,ETHUSDT,ask,2990,3454.458
2024-08-28 07:30:33,ETHUSDT,bid,1960,5170.281
2024-08-28 07:32:40,ETHUSDT,ask,2990,3454.468
2024-08-28 07:35:11,ETHUSDT,bid,1960,5176.659
2024-08-28 07:35:31,ETHUSDT,bid,2140,4712.419
2024-08-28 07:40:49,ETHUSDT,bid,1700,6055.592
2024-08-28 07:41:16,ETHUSDT,bid,1960,5176.694
2024-08-28 07:49:54,ETHUSDT,bid,2200,4569.457
2024-08-28 07:49:54,ETHUSDT,bid,2200,4569.457
2024-08-28 07:50:38,ETHUSDT,bid,2200,4569.467
2024-08-28 07:50:38,ETHUSDT,bid,2200,4569.457
2024-08-28 07:50:39,ETHUSDT,bid,2200,4569.447
2024-08-28 07:50:39,ETHUSDT,bid,2140,4712.429
2024-08-28 07:51:10,ETHUSDT,bid,2140,4712.47
2024-08-28 07:55:43,ETHUSDT,bid,2200,4571.718
2024-08-28 08:03:51,ETHUSDT,bid,1700,6055.752
2024-08-28 08:08:16,ETHUSDT,bid,2290,4395.932
2024-08-28 08:09:24,ETHUSDT,bid,2290,4395.983
2024-08-28 08:11:43,ETHUSDT,bid,1960,5176.659
2024-08-28 08:12:27,ETHUSDT,bid,2200,4580.79
2024-08-28 08:12:30,ETHUSDT,bid,2230,4491.327
2024-08-28 08:12:30,ETHUSDT,bid,1700,6055.952
2024-08-28 08:14:44,ETHUSDT,bid,2200,4580.8
2024-08-28 08:14:44,ETHUSDT,bid,2200,4580.8
2024-08-28 08:14:44,ETHUSDT,bid,2200,4580.81
2024-08-28 08:14:45,ETHUSDT,bid,2200,4580.81
2024-08-28 08:15:07,ETHUSDT,bid,2200,4580.8
2024-08-28 08:15:07,ETHUSDT,bid,2200,4580.79
2024-08-28 08:15:16,ETHUSDT,bid,2200,4580.79
2024-08-28 08:17:06,ETHUSDT,bid,2200,4580.8
2024-08-28 08:17:52,ETHUSDT,bid,2200,4580.79
2024-08-28 08:27:33,ETHUSDT,bid,1950,5354.089
2024-08-28 08:29:08,ETHUSDT,bid,2230,4491.34
2024-08-28 08:35:40,ETHUSDT,bid,1700,6056.009
2024-08-28 08:38:52,ETHUSDT,bid,1700,6056.335
2024-08-28 08:39:17,ETHUSDT,bid,1960,5176.759
2024-08-28 08:41:09,ETHUSDT,bid,1960,5176.659
2024-08-28 08:48:24,ETHUSDT,bid,2140,4712.526
2024-08-28 08:53:45,ETHUSDT,bid,2200,4581.59
2024-08-28 08:58:43,ETHUSDT,bid,2200,4572.518
2024-08-28 09:07:35,ETHUSDT,bid,2200,4572.528
2024-08-28 09:07:43,ETHUSDT,bid,2200,4572.528
2024-08-28 09:07:44,ETHUSDT,bid,2200,4572.528
2024-08-28 09:07:49,ETHUSDT,bid,2200,4572.518
2024-08-28 09:09:09,ETHUSDT,bid,2430,10056.149
2024-08-28 09:09:18,ETHUSDT,bid,2430,10056.159
2024-08-28 09:09:37,ETHUSDT,bid,2430,10058.362
2024-08-28 09:09:46,ETHUSDT,bid,2430,10058.362
2024-08-28 09:10:14,ETHUSDT,bid,2430,10058.579
2024-08-28 09:10:17,ETHUSDT,bid,2430,10056.465
2024-08-28 09:10:19,ETHUSDT,bid,2430,10057.465
2024-08-28 09:10:22,ETHUSDT,bid,2430,10059.295
2024-08-28 09:10:23,ETHUSDT,bid,2430,10057.465
2024-08-28 09:10:38,ETHUSDT,bid,2430,10057.594
2024-08-28 09:11:16,ETHUSDT,bid,2430,10057.73
2024-08-28 09:11:55,ETHUSDT,bid,2430,10057.73
2024-08-28 09:12:58,ETHUSDT,bid,2430,10057.762
2024-08-28 09:13:35,ETHUSDT,bid,2430,10059.628
2024-08-28 09:13:37,ETHUSDT,bid,2430,10057.762
2024-08-28 09:13:38,ETHUSDT,bid,2430,10058.156
2024-08-28 09:13:51,ETHUSDT,bid,2430,10058.199
2024-08-28 09:13:52,ETHUSDT,bid,2430,10058.156
2024-08-28 09:14:05,ETHUSDT,bid,2140,4702.526
2024-08-28 09:14:39,ETHUSDT,bid,2430,10058.124
2024-08-28 09:14:59,ETHUSDT,bid,2430,10053.513
2024-08-28 09:15:04,ETHUSDT,bid,2430,10073.513
2024-08-28 09:15:37,ETHUSDT,bid,2430,10113.513
2024-08-28 09:15:39,ETHUSDT,bid,2430,10112.513
2024-08-28 09:15:41,ETHUSDT,bid,2430,10072.513
2024-08-28 09:19:30,ETHUSDT,bid,2200,4572.518
2024-08-28 09:19:30,ETHUSDT,bid,2200,4572.528
2024-08-28 09:19:31,ETHUSDT,bid,2200,4572.528
2024-08-28 09:19:31,ETHUSDT,bid,2200,4572.538
2024-08-28 09:19:31,ETHUSDT,bid,2200,4572.548
2024-08-28 09:19:32,ETHUSDT,bid,2200,4572.548
2024-08-28 09:19:33,ETHUSDT,bid,2200,4572.548
2024-08-28 09:19:34,ETHUSDT,bid,2200,4572.548
2024-08-28 09:19:39,ETHUSDT,bid,2200,4572.538
2024-08-28 09:19:40,ETHUSDT,bid,2200,4572.528
2024-08-28 09:19:40,ETHUSDT,bid,2200,4572.518
2024-08-28 09:20:26,ETHUSDT,bid,2200,4572.528
2024-08-28 09:20:36,ETHUSDT,bid,2140,4702.516
2024-08-28 09:21:09,ETHUSDT,bid,2200,4572.518
2024-08-28 09:21:18,ETHUSDT,bid,1960,5226.659
2024-08-28 09:22:25,ETHUSDT,bid,2140,4702.565
2024-08-28 09:25:02,ETHUSDT,bid,2200,4572.528
2024-08-28 09:25:48,ETHUSDT,bid,2200,4572.518
2024-08-28 09:29:13,ETHUSDT,bid,2250,4481.867
2024-08-28 09:30:23,ETHUSDT,bid,2140,4704.065
2024-08-28 09:37:55,ETHUSDT,bid,2410,10178.419
2024-08-28 09:39:22,ETHUSDT,bid,2410,10183.826
2024-08-28 09:40:28,ETHUSDT,bid,2030,4927.439
2024-08-28 09:41:10,ETHUSDT,bid,2200,4572.528
2024-08-28 09:41:33,ETHUSDT,bid,2410,10182.826
2024-08-28 09:41:40,ETHUSDT,bid,2410,10183.571
2024-08-28 09:41:40,ETHUSDT,bid,2410,10183.571
2024-08-28 09:41:40,ETHUSDT,bid,2410,10182.826
2024-08-28 09:42:00,ETHUSDT,bid,2200,4572.518
2024-08-28 09:42:44,ETHUSDT,bid,2410,10182.926
2024-08-28 09:44:31,ETHUSDT,bid,2410,10184.978
2024-08-28 09:44:31,ETHUSDT,bid,2410,10188.696
2024-08-28 09:44:32,ETHUSDT,bid,2410,10186.644
2024-08-28 09:44:48,ETHUSDT,bid,2410,10186.745
2024-08-28 09:44:58,ETHUSDT,bid,1960,5226.761
2024-08-28 09:44:58,ETHUSDT,bid,1960,5226.659
2024-08-28 09:45:04,ETHUSDT,bid,1960,5226.659
2024-08-28 09:45:31,ETHUSDT,bid,1700,6056.868
2024-08-28 09:45:43,ETHUSDT,bid,2410,10186.595
2024-08-28 09:45:51,ETHUSDT,bid,2410,10186.544
2024-08-28 09:46:23,ETHUSDT,bid,2410,10186.514
2024-08-28 09:47:32,ETHUSDT,bid,2410,10190.514
2024-08-28 09:48:34,ETHUSDT,bid,2410,10187.434
2024-08-28 09:48:40,ETHUSDT,bid,2410,10177.061
2024-08-28 09:49:11,ETHUSDT,bid,2410,10178.064
2024-08-28 09:49:24,ETHUSDT,ask,3040,3281.5
2024-08-28 09:49:47,ETHUSDT,bid,2410,10181.972
2024-08-28 09:49:48,ETHUSDT,bid,2410,10181.847
2024-08-28 09:50:06,ETHUSDT,bid,2410,10181.537
2024-08-28 09:50:19,ETHUSDT,bid,2410,10177.629
2024-08-28 09:50:45,ETHUSDT,bid,2410,10178.129
2024-08-28 09:51:00,ETHUSDT,bid,2410,10179.619
2024-08-28 09:51:01,ETHUSDT,bid,2410,10179.619
2024-08-28 09:51:01,ETHUSDT,bid,2410,10179.619
2024-08-28 09:51:01,ETHUSDT,bid,2410,10179.619
2024-08-28 09:51:01,ETHUSDT,bid,2410,10179.619
2024-08-28 09:51:01,ETHUSDT,bid,2410,10179.619
2024-08-28 09:51:01,ETHUSDT,bid,2410,10178.129
2024-08-28 09:51:45,ETHUSDT,bid,2410,10178.18
2024-08-28 09:51:56,ETHUSDT,bid,2410,10178.48
2024-08-28 09:54:16,ETHUSDT,bid,2410,10198.48
2024-08-28 09:54:22,ETHUSDT,bid,2410,10198.438
2024-08-28 09:54:43,ETHUSDT,bid,2410,10178.438
2024-08-28 09:56:58,ETHUSDT,bid,2410,10178.138
2024-08-28 09:57:31,ETHUSDT,bid,2410,10177.914
2024-08-28 09:58:16,ETHUSDT,bid,2410,10176.914
2024-08-28 09:59:00,ETHUSDT,bid,2410,10175.988
2024-08-28 10:00:56,ETHUSDT,ask,3040,3282.9
2024-08-28 10:01:38,ETHUSDT,bid,2430,10322.25
2024-08-28 10:01:50,ETHUSDT,bid,2430,10323.104
2024-08-28 10:01:51,ETHUSDT,bid,2430,10323.904
2024-08-28 10:01:52,ETHUSDT,bid,2420,10283.741
2024-08-28 10:02:20,ETHUSDT,bid,2430,10324.043
2024-08-28 10:02:28,ETHUSDT,bid,2420,10333.741
2024-08-28 10:02:34,ETHUSDT,bid,2430,10344.413
2024-08-28 10:03:00,ETHUSDT,bid,2430,10344.113
2024-08-28 10:03:01,ETHUSDT,bid,2420,10333.719
2024-08-28 10:03:03,ETHUSDT,bid,2420,10333.77
2024-08-28 10:03:05,ETHUSDT,bid,2420,10333.749
2024-08-28 10:03:34,ETHUSDT,bid,2420,10332.149
2024-08-28 10:03:41,ETHUSDT,bid,2430,10345.113
2024-08-28 10:03:52,ETHUSDT,bid,2430,10346.787
2024-08-28 10:03:54,ETHUSDT,bid,2430,10326.417
2024-08-28 10:04:15,ETHUSDT,bid,2430,10324.771
2024-08-28 10:04:39,ETHUSDT,bid,2430,10326.304
2024-08-28 10:05:19,ETHUSDT,bid,2430,10324.63
2024-08-28 10:05:56,ETHUSDT,bid,2430,10325.886
2024-08-28 10:06:01,ETHUSDT,bid,2430,10325.686
2024-08-28 10:06:06,ETHUSDT,bid,2140,4704.565
2024-08-28 10:06:08,ETHUSDT,bid,2420,10332.149
2024-08-28 10:06:36,ETHUSDT,bid,2200,4570.247
2024-08-28 10:06:47,ETHUSDT,bid,2430,10338.031
2024-08-28 10:07:29,ETHUSDT,bid,2420,10336.149
2024-08-28 10:07:35,ETHUSDT,bid,2420,10335.053
2024-08-28 10:07:43,ETHUSDT,bid,2420,10333.553
2024-08-28 10:08:08,ETHUSDT,bid,1960,5226.67
2024-08-28 10:08:19,ETHUSDT,bid,2420,10335.053
2024-08-28 10:08:28,ETHUSDT,bid,2030,4929.898
2024-08-28 10:08:35,ETHUSDT,bid,2430,10337.892
2024-08-28 10:09:04,ETHUSDT,bid,2420,10335.135
2024-08-28 10:09:07,ETHUSDT,bid,2430,10335.892
2024-08-28 10:09:17,ETHUSDT,bid,2420,10335.31
2024-08-28 10:09:33,ETHUSDT,bid,2420,10251.013
2024-08-28 10:09:53,ETHUSDT,bid,2420,10251.213
2024-08-28 10:10:09,ETHUSDT,bid,2430,10336.593
2024-08-28 10:10:34,ETHUSDT,bid,2420,10251.223
2024-08-28 10:10:43,ETHUSDT,bid,2430,10329.06
2024-08-28 10:10:55,ETHUSDT,bid,2430,10331.484
2024-08-28 10:11:06,ETHUSDT,bid,2430,10331.984
2024-08-28 10:11:16,ETHUSDT,bid,2420,10251.374
2024-08-28 10:11:21,ETHUSDT,bid,2420,10251.874
2024-08-28 10:11:57,ETHUSDT,bid,2420,10253.94
2024-08-28 10:12:25,ETHUSDT,bid,2420,10253.99
2024-08-28 10:12:32,ETHUSDT,bid,2430,10319.639
2024-08-28 10:12:34,ETHUSDT,bid,2430,10319.689
2024-08-28 10:12:39,ETHUSDT,bid,2140,4704.524
2024-08-28 10:13:50,ETHUSDT,bid,2430,10320.814
2024-08-28 10:13:54,ETHUSDT,bid,2420,10283.99
2024-08-28 10:14:45,ETHUSDT,bid,2430,10322.785
2024-08-28 10:14:49,ETHUSDT,bid,2420,10284.154
2024-08-28 10:15:02,ETHUSDT,bid,2420,10289.154
2024-08-28 10:15:31,ETHUSDT,bid,2430,10322.949
2024-08-28 10:15:32,ETHUSDT,bid,2430,10322.981
2024-08-28 10:15:35,ETHUSDT,bid,2430,10323.726
2024-08-28 10:15:35,ETHUSDT,bid,2430,10323.726
2024-08-28 10:15:35,ETHUSDT,bid,2430,10323.726
2024-08-28 10:15:35,ETHUSDT,bid,2430,10321.558
2024-08-28 10:15:35,ETHUSDT,bid,2430,10321.558
2024-08-28 10:15:35,ETHUSDT,bid,2430,10321.558
2024-08-28 10:15:35,ETHUSDT,bid,2430,10320.813
2024-08-28 10:15:40,ETHUSDT,bid,2430,10353.713
2024-08-28 10:15:42,ETHUSDT,bid,2420,10285.064
2024-08-28 10:16:15,ETHUSDT,bid,2430,10354.741
2024-08-28 10:16:28,ETHUSDT,bid,2430,10355.872
2024-08-28 10:16:47,ETHUSDT,bid,2430,10356.617
2024-08-28 10:16:47,ETHUSDT,bid,2430,10356.617
2024-08-28 10:16:47,ETHUSDT,bid,2430,10356.617
2024-08-28 10:16:47,ETHUSDT,bid,2430,10355.872
2024-08-28 10:16:49,ETHUSDT,bid,2430,10356.077
2024-08-28 10:17:12,ETHUSDT,bid,2430,10356.822
2024-08-28 10:17:12,ETHUSDT,bid,2430,10356.822
2024-08-28 10:17:12,ETHUSDT,bid,2430,10356.822
2024-08-28 10:17:12,ETHUSDT,bid,2430,10356.822
2024-08-28 10:17:12,ETHUSDT,bid,2430,10356.077
2024-08-28 10:17:26,ETHUSDT,bid,2420,10284.859
2024-08-28 10:17:27,ETHUSDT,bid,2420,10280.221
2024-08-28 10:17:30,ETHUSDT,bid,2420,10292.617
2024-08-28 10:17:47,ETHUSDT,bid,2420,10287.617
2024-08-28 10:18:41,ETHUSDT,bid,2420,10287.579
2024-08-28 10:19:11,ETHUSDT,bid,2430,10339.627
2024-08-28 10:19:11,ETHUSDT,bid,2430,10323.177
2024-08-28 10:19:18,ETHUSDT,bid,2420,10287.404
2024-08-28 10:19:18,ETHUSDT,bid,2430,10323.159
2024-08-28 10:20:06,ETHUSDT,bid,2420,10287.253
2024-08-28 10:20:46,ETHUSDT,bid,2420,10288.039
2024-08-28 10:21:06,ETHUSDT,bid,2430,10323.462
2024-08-28 10:21:06,ETHUSDT,bid,2430,10323.517
2024-08-28 10:21:13,ETHUSDT,bid,2420,10292.377
2024-08-28 10:21:29,ETHUSDT,bid,2430,10323.494
2024-08-28 10:21:42,ETHUSDT,bid,2420,10292.354
2024-08-28 10:21:42,ETHUSDT,bid,2430,10323.471
2024-08-28 10:22:03,ETHUSDT,bid,2430,10327.585
2024-08-28 10:22:14,ETHUSDT,bid,2430,10328.33
2024-08-28 10:22:14,ETHUSDT,bid,2430,10328.33
2024-08-28 10:22:14,ETHUSDT,bid,2430,10327.585
2024-08-28 10:22:14,ETHUSDT,bid,2430,10327.585
2024-08-28 10:22:18,ETHUSDT,bid,2430,10357.585
2024-08-28 10:22:28,ETHUSDT,bid,2420,10312.354
2024-08-28 10:22:42,ETHUSDT,bid,2420,10282.354
2024-08-28 10:22:42,ETHUSDT,bid,2430,10357.985
2024-08-28 10:22:45,ETHUSDT,ask,2460,4253.781
2024-08-28 10:22:46,ETHUSDT,ask,2460,4208.95
2024-08-28 10:22:46,ETHUSDT,ask,2460,4232.798
2024-08-28 10:22:46,ETHUSDT,ask,2460,4243.378
2024-08-28 10:22:46,ETHUSDT,ask,2460,4214.823
2024-08-28 10:22:46,ETHUSDT,ask,2460,4225.116
2024-08-28 10:22:46,ETHUSDT,bid,2430,10358.498
2024-08-28 10:22:46,ETHUSDT,ask,2460,4213.023
2024-08-28 10:22:46,ETHUSDT,bid,2430,10359.988
2024-08-28 10:22:46,ETHUSDT,ask,2460,4202.331
2024-08-28 10:22:46,ETHUSDT,bid,2430,10359.988
2024-08-28 10:22:46,ETHUSDT,ask,2460,4204.35
2024-08-28 10:22:46,ETHUSDT,bid,2430,10359.988
2024-08-28 10:22:47,ETHUSDT,bid,2430,10361.032
2024-08-28 10:22:47,ETHUSDT,ask,2460,4204.35
2024-08-28 10:22:47,ETHUSDT,bid,2430,10361.032
2024-08-28 10:22:47,ETHUSDT,ask,2460,4204.75
2024-08-28 10:22:47,ETHUSDT,bid,2430,10360.364
2024-08-28 10:22:47,ETHUSDT,ask,2460,4144.717
2024-08-28 10:22:47,ETHUSDT,ask,2460,4146.199
2024-08-28 10:22:53,ETHUSDT,bid,2430,10360.373
2024-08-28 10:22:58,ETHUSDT,bid,2420,10282.374
2024-08-28 10:23:02,ETHUSDT,bid,2430,10360.357
2024-08-28 10:23:06,ETHUSDT,bid,2420,10282.394
2024-08-28 10:23:17,ETHUSDT,ask,2460,4473.529
2024-08-28 10:23:17,ETHUSDT,ask,2460,4463.971
2024-08-28 10:23:17,ETHUSDT,ask,2460,4461.475
2024-08-28 10:23:17,ETHUSDT,ask,2460,4459.675
2024-08-28 10:23:28,ETHUSDT,bid,2430,10359.844
2024-08-28 10:23:29,ETHUSDT,bid,2430,10359.864
2024-08-28 10:23:35,ETHUSDT,bid,2420,10281.394
2024-08-28 10:23:39,ETHUSDT,bid,2430,10359.86
2024-08-28 10:23:40,ETHUSDT,bid,2420,10277.056
2024-08-28 10:23:47,ETHUSDT,bid,2430,10358.832
2024-08-28 10:23:59,ETHUSDT,bid,2430,10361.341
2024-08-28 10:24:07,ETHUSDT,bid,2420,10277.469
2024-08-28 10:24:32,ETHUSDT,bid,2360,10202.991
2024-08-28 10:26:47,ETHUSDT,bid,2360,10202.981
2024-08-28 10:30:44,ETHUSDT,bid,2360,10202.96
2024-08-28 10:39:05,ETHUSDT,bid,2360,10204.231
2024-08-28 10:39:58,ETHUSDT,bid,2360,10204.207
2024-08-28 10:39:58,ETHUSDT,ask,2990,3454.444
2024-08-28 10:45:01,ETHUSDT,bid,2360,10204.228
2024-08-28 10:47:59,ETHUSDT,bid,2140,4704.502
2024-08-28 10:47:59,ETHUSDT,bid,2360,10204.208
2024-08-28 10:53:25,ETHUSDT,bid,1700,6056.845
2024-08-28 10:57:09,ETHUSDT,bid,2360,10201.708
2024-08-28 11:00:36,ETHUSDT,bid,2360,10202.176
2024-08-28 11:02:20,ETHUSDT,bid,2360,10201.336
2024-08-28 11:09:38,ETHUSDT,bid,2360,10201.386
2024-08-28 11:16:00,ETHUSDT,bid,1950,5357.089
2024-08-28 11:18:39,ETHUSDT,bid,2360,10201.136
2024-08-28 11:30:21,ETHUSDT,bid,2360,10201.151
2024-08-28 11:31:49,ETHUSDT,bid,2230,4491.35
2024-08-28 11:32:27,ETHUSDT,bid,2230,4491.34
2024-08-28 11:32:37,ETHUSDT,bid,2230,4491.36
2024-08-28 11:32:38,ETHUSDT,bid,2230,4491.37
2024-08-28 11:32:39,ETHUSDT,bid,2230,4491.37
2024-08-28 11:32:40,ETHUSDT,bid,2230,4491.37
2024-08-28 11:32:41,ETHUSDT,bid,2230,4491.388
2024-08-28 11:32:42,ETHUSDT,bid,2230,4491.406
2024-08-28 11:32:42,ETHUSDT,bid,2230,4491.406
2024-08-28 11:32:43,ETHUSDT,bid,2230,4491.415
2024-08-28 11:32:43,ETHUSDT,bid,2230,4491.425
2024-08-28 11:32:52,ETHUSDT,bid,2230,4491.416
2024-08-28 11:33:03,ETHUSDT,bid,1700,6056.831
2024-08-28 11:33:03,ETHUSDT,bid,2360,10201.137
2024-08-28 11:33:21,ETHUSDT,bid,2230,4491.406
2024-08-28 11:33:22,ETHUSDT,bid,2230,4491.396
2024-08-28 11:33:23,ETHUSDT,bid,2230,4491.386
2024-08-28 11:33:30,ETHUSDT,bid,2230,4491.376
2024-08-28 11:33:54,ETHUSDT,bid,2360,10200.669
2024-08-28 11:36:10,ETHUSDT,bid,2360,10200.88
2024-08-28 11:42:01,ETHUSDT,bid,2360,10201.38
2024-08-28 11:42:41,ETHUSDT,bid,2230,4491.358
2024-08-28 11:42:42,ETHUSDT,bid,2230,4491.34
2024-08-28 11:46:23,ETHUSDT,bid,2360,10200.88
2024-08-28 11:51:24,ETHUSDT,bid,1700,6056.243
2024-08-28 11:51:44,ETHUSDT,bid,1960,5204.351
2024-08-28 11:53:36,ETHUSDT,bid,2360,10200.902
2024-08-28 11:56:33,ETHUSDT,bid,1700,6056.186
2024-08-28 11:57:22,ETHUSDT,bid,2360,10201.043
2024-08-28 11:58:25,ETHUSDT,bid,2360,10200.941
2024-08-28 12:01:29,ETHUSDT,bid,2360,10201.041
2024-08-28 12:02:17,ETHUSDT,bid,2360,10201.189
2024-08-28 12:06:42,ETHUSDT,bid,2360,10201.198
2024-08-28 12:07:32,ETHUSDT,bid,2360,10200.987
2024-08-28 12:07:47,ETHUSDT,bid,1950,5357.078
2024-08-28 12:08:51,ETHUSDT,bid,2360,10211.58
2024-08-28 12:09:18,ETHUSDT,bid,2360,10200.987
2024-08-28 12:09:38,ETHUSDT,bid,2360,10206.283
2024-08-28 12:11:53,ETHUSDT,bid,2360,10216.241
2024-08-28 12:15:16,ETHUSDT,bid,2360,10215.832
2024-08-28 12:16:09,ETHUSDT,bid,2360,10216.806
2024-08-28 12:16:15,ETHUSDT,bid,2360,10216.755
2024-08-28 12:17:26,ETHUSDT,bid,2140,4704.552
2024-08-28 12:17:26,ETHUSDT,bid,2360,10216.805
2024-08-28 12:20:34,ETHUSDT,bid,2230,4491.35
2024-08-28 12:20:53,ETHUSDT,bid,2360,10216.855
2024-08-28 12:21:31,ETHUSDT,bid,2230,4491.34
2024-08-28 12:28:36,ETHUSDT,ask,2480,10050.324
2024-08-28 12:28:36,ETHUSDT,ask,2480,10046.429
2024-08-28 12:28:46,ETHUSDT,ask,2470,8985.244
2024-08-28 12:28:46,ETHUSDT,ask,2470,8959.93
2024-08-28 12:28:46,ETHUSDT,ask,2470,8965.816
2024-08-28 12:28:46,ETHUSDT,ask,2470,8959.308
2024-08-28 12:28:46,ETHUSDT,ask,2470,8960.749
2024-08-28 12:28:47,ETHUSDT,ask,2470,8960.749
2024-08-28 12:28:47,ETHUSDT,ask,2470,8959.308
2024-08-28 12:28:47,ETHUSDT,ask,2470,8960.749
2024-08-28 12:28:47,ETHUSDT,ask,2470,8962.925
2024-08-28 12:28:47,ETHUSDT,ask,2470,8960.749
2024-08-28 12:28:48,ETHUSDT,ask,2470,8962.767
2024-08-28 12:28:48,ETHUSDT,ask,2470,8967.849
2024-08-28 12:28:48,ETHUSDT,ask,2470,8962.767
2024-08-28 12:29:01,ETHUSDT,ask,2470,8735.479
2024-08-28 12:29:01,ETHUSDT,ask,2470,8700.983
2024-08-28 12:29:01,ETHUSDT,ask,2470,8716.491
2024-08-28 12:29:02,ETHUSDT,ask,2470,8698.594
2024-08-28 12:29:02,ETHUSDT,ask,2470,8636.64
2024-08-28 12:29:02,ETHUSDT,ask,2470,8634.317
2024-08-28 12:29:02,ETHUSDT,ask,2470,8633.992
2024-08-28 12:29:02,ETHUSDT,ask,2470,8638.82
2024-08-28 12:29:02,ETHUSDT,ask,2470,8633.992
2024-08-28 12:29:03,ETHUSDT,ask,2470,8631.792
2024-08-28 12:29:04,ETHUSDT,ask,2470,7930.504
2024-08-28 12:29:04,ETHUSDT,ask,2470,7397.874
2024-08-28 12:29:04,ETHUSDT,ask,2470,7397.912
2024-08-28 12:29:04,ETHUSDT,ask,2470,7400.061
2024-08-28 12:29:04,ETHUSDT,ask,2470,7400.429
2024-08-28 12:29:04,ETHUSDT,ask,2470,7400.439
2024-08-28 12:29:04,ETHUSDT,ask,2470,7403.055
2024-08-28 12:29:04,ETHUSDT,ask,2470,7404.58
2024-08-28 12:29:05,ETHUSDT,ask,2470,7404.69
2024-08-28 12:29:05,ETHUSDT,ask,2470,7404.349
2024-08-28 12:29:05,ETHUSDT,ask,2470,7404.489
2024-08-28 12:29:05,ETHUSDT,ask,2470,7405.023
2024-08-28 12:29:05,ETHUSDT,ask,2470,7405.025
2024-08-28 12:29:05,ETHUSDT,ask,2470,7405.047
2024-08-28 12:29:06,ETHUSDT,ask,2470,7417.652
2024-08-28 12:29:06,ETHUSDT,ask,2470,7397.366
2024-08-28 12:29:06,ETHUSDT,ask,2470,7395.434
2024-08-28 12:29:06,ETHUSDT,ask,2470,7395.834
2024-08-28 12:29:06,ETHUSDT,ask,2470,7395.189
2024-08-28 12:29:06,ETHUSDT,ask,2470,7394.998
2024-08-28 12:29:08,ETHUSDT,ask,2470,7394.973
2024-08-28 12:29:25,ETHUSDT,ask,2470,6936.289
2024-08-28 12:29:25,ETHUSDT,ask,2470,6931.035
2024-08-28 12:29:25,ETHUSDT,ask,2470,6929.186
2024-08-28 12:29:26,ETHUSDT,ask,2470,6919.731
2024-08-28 12:29:26,ETHUSDT,ask,2470,6920.131
2024-08-28 12:29:26,ETHUSDT,ask,2470,6919.758
2024-08-28 12:29:27,ETHUSDT,ask,2470,6920.158
2024-08-28 12:29:27,ETHUSDT,ask,2470,6920.131
2024-08-28 12:29:27,ETHUSDT,ask,2470,6919.731
2024-08-28 12:29:29,ETHUSDT,ask,2470,6919.731
2024-08-28 12:29:29,ETHUSDT,ask,2470,6919.743
2024-08-28 12:29:33,ETHUSDT,bid,2140,4704.502
2024-08-28 12:29:54,ETHUSDT,ask,2470,5168.337
2024-08-28 12:29:54,ETHUSDT,ask,2470,5172.622
2024-08-28 12:29:54,ETHUSDT,ask,2470,5167.746
2024-08-28 12:29:54,ETHUSDT,ask,2470,5169.186
2024-08-28 12:29:55,ETHUSDT,ask,2470,5168.895
2024-08-28 12:29:55,ETHUSDT,ask,2470,5168.945
2024-08-28 12:29:55,ETHUSDT,ask,2470,5168.895
2024-08-28 12:29:56,ETHUSDT,ask,2470,5169.295
2024-08-28 12:29:56,ETHUSDT,ask,2470,5173.695
2024-08-28 12:29:56,ETHUSDT,ask,2470,5173.295
2024-08-28 12:29:56,ETHUSDT,ask,2470,5169.295
2024-08-28 12:29:57,ETHUSDT,ask,2470,5168.895
2024-08-28 12:29:59,ETHUSDT,ask,2470,5173.295
2024-08-28 12:30:00,ETHUSDT,ask,2470,5168.895
2024-08-28 12:30:02,ETHUSDT,ask,2470,5170.463
2024-08-28 12:30:02,ETHUSDT,ask,2470,5169.115
2024-08-28 12:30:03,ETHUSDT,ask,2470,5168.907
2024-08-28 12:30:04,ETHUSDT,ask,2470,5169.307
2024-08-28 12:30:04,ETHUSDT,ask,2470,5168.907
2024-08-28 12:30:04,ETHUSDT,ask,2470,5169.295
2024-08-28 12:30:08,ETHUSDT,ask,2470,5168.895
2024-08-28 12:30:10,ETHUSDT,ask,2470,5174.665
2024-08-28 12:30:12,ETHUSDT,ask,2470,5174.675
2024-08-28 12:30:13,ETHUSDT,ask,2470,5174.665
2024-08-28 12:30:15,ETHUSDT,ask,2470,5174.665
2024-08-28 12:30:16,ETHUSDT,ask,2470,5180.247
2024-08-28 12:30:16,ETHUSDT,ask,2470,5174.665
2024-08-28 12:30:22,ETHUSDT,ask,2470,5175.065
2024-08-28 12:30:22,ETHUSDT,ask,2470,5174.665
2024-08-28 12:30:27,ETHUSDT,ask,2470,5176.684
2024-08-28 12:30:27,ETHUSDT,ask,2470,5174.665
2024-08-28 12:30:27,ETHUSDT,ask,2470,5174.665
2024-08-28 12:30:30,ETHUSDT,ask,2470,5274.665
2024-08-28 12:30:36,ETHUSDT,ask,2470,5275.608
2024-08-28 12:30:36,ETHUSDT,ask,2470,5276.258
2024-08-28 12:30:37,ETHUSDT,ask,2470,5274.665
2024-08-28 12:30:37,ETHUSDT,ask,2470,5274.677
2024-08-28 12:30:37,ETHUSDT,ask,2470,5285.096
2024-08-28 12:30:37,ETHUSDT,ask,2470,5285.056
2024-08-28 12:30:37,ETHUSDT,ask,2470,5268.907
2024-08-28 12:30:38,ETHUSDT,ask,2470,5269.029
2024-08-28 12:30:40,ETHUSDT,ask,2470,5269.769
2024-08-28 12:30:41,ETHUSDT,ask,2470,5275.443
2024-08-28 12:30:41,ETHUSDT,ask,2470,5275.453
2024-08-28 12:30:41,ETHUSDT,ask,2470,5274.179
2024-08-28 12:30:41,ETHUSDT,ask,2470,5274.447
2024-08-28 12:30:42,ETHUSDT,ask,2470,5270.047
2024-08-28 12:30:43,ETHUSDT,ask,2470,5272.266
2024-08-28 12:30:46,ETHUSDT,ask,2470,5271.866
2024-08-28 12:30:46,ETHUSDT,ask,2470,5268.207
2024-08-28 12:30:46,ETHUSDT,ask,2470,5267.467
2024-08-28 12:30:46,ETHUSDT,ask,2470,5271.867
2024-08-28 12:30:46,ETHUSDT,ask,2470,5271.867
2024-08-28 12:30:46,ETHUSDT,ask,2470,5267.467
2024-08-28 12:30:52,ETHUSDT,ask,2470,5267.455
2024-08-28 12:30:53,ETHUSDT,ask,2470,5267.495
2024-08-28 12:30:56,ETHUSDT,ask,2470,5267.455
2024-08-28 12:30:56,ETHUSDT,ask,2470,5267.455
2024-08-28 12:31:00,ETHUSDT,ask,2470,5269.504
2024-08-28 12:31:01,ETHUSDT,ask,2470,5273.904
2024-08-28 12:31:01,ETHUSDT,ask,2470,5279.778
2024-08-28 12:31:01,ETHUSDT,ask,2470,5273.904
2024-08-28 12:31:02,ETHUSDT,ask,2470,5269.504
2024-08-28 12:31:02,ETHUSDT,ask,2470,5268.898
2024-08-28 12:31:04,ETHUSDT,ask,2470,5115.225
2024-08-28 12:31:04,ETHUSDT,ask,2470,5130.882
2024-08-28 12:31:04,ETHUSDT,ask,2470,5127.481
2024-08-28 12:31:05,ETHUSDT,ask,2470,5127.482
2024-08-28 12:31:05,ETHUSDT,ask,2470,5128.582
2024-08-28 12:31:05,ETHUSDT,ask,2470,5128.601
2024-08-28 12:31:05,ETHUSDT,ask,2470,5126.278
2024-08-28 12:31:05,ETHUSDT,ask,2470,5128.136
2024-08-28 12:31:05,ETHUSDT,ask,2470,5128.316
2024-08-28 12:31:05,ETHUSDT,ask,2470,5128.486
2024-08-28 12:31:05,ETHUSDT,ask,2470,5127.882
2024-08-28 12:31:05,ETHUSDT,ask,2470,5126.177
2024-08-28 12:31:06,ETHUSDT,ask,2470,5123.93
2024-08-28 12:31:06,ETHUSDT,ask,2470,5124.499
2024-08-28 12:31:06,ETHUSDT,ask,2470,5124.341
2024-08-28 12:31:06,ETHUSDT,ask,2470,5124.972
2024-08-28 12:31:06,ETHUSDT,ask,2470,5125.099
2024-08-28 12:31:06,ETHUSDT,ask,2470,5123.706
2024-08-28 12:31:06,ETHUSDT,ask,2470,5123.707
2024-08-28 12:31:06,ETHUSDT,ask,2470,5123.695
2024-08-28 12:31:06,ETHUSDT,ask,2470,5122.419
2024-08-28 12:31:06,ETHUSDT,ask,2470,5129.098
2024-08-28 12:31:07,ETHUSDT,ask,2470,5129.046
2024-08-28 12:31:07,ETHUSDT,ask,2470,5129.04
2024-08-28 12:31:07,ETHUSDT,ask,2470,5129.115
2024-08-28 12:31:07,ETHUSDT,ask,2470,5129.116
2024-08-28 12:31:07,ETHUSDT,ask,2470,5129.11
2024-08-28 12:31:07,ETHUSDT,ask,2470,5129.123
2024-08-28 12:31:07,ETHUSDT,ask,2470,5129.145
2024-08-28 12:31:07,ETHUSDT,ask,2470,5129.149
2024-08-28 12:31:07,ETHUSDT,ask,2470,5129.182
2024-08-28 12:31:08,ETHUSDT,ask,2470,5128.933
2024-08-28 12:31:08,ETHUSDT,ask,2470,5128.924
2024-08-28 12:31:08,ETHUSDT,ask,2470,5128.896
2024-08-28 12:31:08,ETHUSDT,ask,2470,5128.925
2024-08-28 12:31:08,ETHUSDT,ask,2470,5128.926
2024-08-28 12:31:08,ETHUSDT,ask,2470,5128.908
2024-08-28 12:31:08,ETHUSDT,ask,2470,5128.927
2024-08-28 12:31:09,ETHUSDT,ask,2470,5128.914
2024-08-28 12:31:09,ETHUSDT,ask,2470,5126.71
2024-08-28 12:31:09,ETHUSDT,ask,2470,5126.859
2024-08-28 12:31:09,ETHUSDT,ask,2470,5126.829
2024-08-28 12:31:09,ETHUSDT,ask,2470,5126.817
2024-08-28 12:31:09,ETHUSDT,ask,2470,5126.822
2024-08-28 12:31:09,ETHUSDT,ask,2470,5126.832
2024-08-28 12:31:10,ETHUSDT,ask,2470,5126.795
2024-08-28 12:31:10,ETHUSDT,ask,2470,5126.763
2024-08-28 12:31:10,ETHUSDT,ask,2470,5126.762
2024-08-28 12:31:10,ETHUSDT,ask,2470,5126.752
2024-08-28 12:31:10,ETHUSDT,ask,2470,5126.693
2024-08-28 12:31:10,ETHUSDT,ask,2470,5126.714
2024-08-28 12:31:10,ETHUSDT,ask,2470,5126.7
2024-08-28 12:31:10,ETHUSDT,ask,2470,5126.979
2024-08-28 12:31:11,ETHUSDT,ask,2470,5116.501
2024-08-28 12:31:11,ETHUSDT,ask,2470,5116.317
2024-08-28 12:31:11,ETHUSDT,ask,2470,5116.298
2024-08-28 12:31:11,ETHUSDT,ask,2470,5116.299
2024-08-28 12:31:11,ETHUSDT,ask,2470,5116.025
2024-08-28 12:31:11,ETHUSDT,ask,2470,5116.014
2024-08-28 12:31:11,ETHUSDT,ask,2470,5113.816
2024-08-28 12:31:11,ETHUSDT,ask,2470,5113.808
2024-08-28 12:31:11,ETHUSDT,ask,2470,5113.768
2024-08-28 12:31:12,ETHUSDT,ask,2470,5113.758
2024-08-28 12:31:12,ETHUSDT,ask,2470,5113.73
2024-08-28 12:31:12,ETHUSDT,ask,2470,5113.728
2024-08-28 12:31:12,ETHUSDT,ask,2470,5113.719
2024-08-28 12:31:12,ETHUSDT,ask,2470,5113.69
2024-08-28 12:31:12,ETHUSDT,ask,2470,5113.685
2024-08-28 12:31:12,ETHUSDT,ask,2470,5113.682
2024-08-28 12:31:13,ETHUSDT,ask,2470,5113.671
2024-08-28 12:31:13,ETHUSDT,ask,2470,5113.668
2024-08-28 12:31:13,ETHUSDT,ask,2470,5113.662
2024-08-28 12:31:13,ETHUSDT,ask,2470,5113.658
2024-08-28 12:31:13,ETHUSDT,ask,2470,5113.639
2024-08-28 12:31:13,ETHUSDT,ask,2470,5113.637
2024-08-28 12:31:13,ETHUSDT,ask,2470,5113.634
2024-08-28 12:31:13,ETHUSDT,ask,2470,5113.63
2024-08-28 12:31:14,ETHUSDT,ask,2470,5113.621
2024-08-28 12:31:14,ETHUSDT,ask,2470,5113.619
2024-08-28 12:31:14,ETHUSDT,ask,2470,5113.617
2024-08-28 12:31:24,ETHUSDT,ask,2470,5081.547
2024-08-28 12:31:24,ETHUSDT,ask,2470,5062.978
2024-08-28 12:31:24,ETHUSDT,ask,2470,5061.633
2024-08-28 12:31:24,ETHUSDT,ask,2470,5061.642
2024-08-28 12:31:24,ETHUSDT,ask,2470,5061.652
2024-08-28 12:31:24,ETHUSDT,ask,2470,5061.665
2024-08-28 12:31:24,ETHUSDT,ask,2470,5062.627
2024-08-28 12:31:24,ETHUSDT,ask,2470,5063.243
2024-08-28 12:31:25,ETHUSDT,ask,2470,5062.817
2024-08-28 12:31:25,ETHUSDT,ask,2470,5061.239
2024-08-28 12:31:25,ETHUSDT,ask,2470,5062.938
2024-08-28 12:31:25,ETHUSDT,ask,2470,5062.939
2024-08-28 12:31:25,ETHUSDT,ask,2470,5061.229
2024-08-28 12:31:25,ETHUSDT,ask,2470,5061.219
2024-08-28 12:31:26,ETHUSDT,ask,2470,5060.207
2024-08-28 12:31:26,ETHUSDT,ask,2470,5058.188
2024-08-28 12:31:26,ETHUSDT,ask,2470,5058.199
2024-08-28 12:31:27,ETHUSDT,ask,2470,5058.048
2024-08-28 12:31:28,ETHUSDT,ask,2470,5058.006
2024-08-28 12:31:28,ETHUSDT,ask,2470,5062.566
2024-08-28 12:31:30,ETHUSDT,ask,2470,5027.601
2024-08-28 12:31:31,ETHUSDT,ask,2470,5024.646
2024-08-28 12:31:31,ETHUSDT,ask,2470,5022.194
2024-08-28 12:31:31,ETHUSDT,ask,2470,5022.222
2024-08-28 12:31:31,ETHUSDT,ask,2470,5020.635
2024-08-28 12:31:31,ETHUSDT,ask,2470,5020.632
2024-08-28 12:31:31,ETHUSDT,ask,2470,5020.781
2024-08-28 12:31:31,ETHUSDT,ask,2470,4966.572
2024-08-28 12:31:32,ETHUSDT,ask,2470,4925.337
2024-08-28 12:31:32,ETHUSDT,ask,2470,4925.329
2024-08-28 12:31:32,ETHUSDT,ask,2470,4925.167
2024-08-28 12:31:32,ETHUSDT,ask,2470,4925.005
2024-08-28 12:31:32,ETHUSDT,ask,2470,4924.755
2024-08-28 12:31:32,ETHUSDT,ask,2470,4924.593
2024-08-28 12:31:33,ETHUSDT,ask,2470,4822.704
2024-08-28 12:31:33,ETHUSDT,ask,2470,4822.607
2024-08-28 12:31:33,ETHUSDT,ask,2470,4822.445
2024-08-28 12:31:33,ETHUSDT,ask,2470,4822.203
2024-08-28 12:31:33,ETHUSDT,ask,2470,4822.004
2024-08-28 12:31:33,ETHUSDT,ask,2470,4823.457
2024-08-28 12:31:33,ETHUSDT,ask,2470,4821.833
2024-08-28 12:31:34,ETHUSDT,ask,2470,4821.66
2024-08-28 12:31:34,ETHUSDT,ask,2470,4821.657
2024-08-28 12:31:34,ETHUSDT,ask,2470,4821.495
2024-08-28 12:31:34,ETHUSDT,ask,2470,4821.467
2024-08-28 12:31:34,ETHUSDT,ask,2470,4789.482
2024-08-28 12:31:34,ETHUSDT,ask,2470,4788.76
2024-08-28 12:31:34,ETHUSDT,ask,2470,4788.751
2024-08-28 12:31:34,ETHUSDT,ask,2470,4788.549
2024-08-28 12:31:34,ETHUSDT,ask,2470,4788.387
2024-08-28 12:31:35,ETHUSDT,ask,2470,4788.382
2024-08-28 12:31:35,ETHUSDT,ask,2470,4788.209
2024-08-28 12:31:35,ETHUSDT,ask,2470,4788.043
2024-08-28 12:31:35,ETHUSDT,ask,2470,4312.281
2024-08-28 12:31:35,ETHUSDT,ask,2470,4301.855
2024-08-28 12:31:35,ETHUSDT,ask,2470,4316.198
2024-08-28 12:31:35,ETHUSDT,ask,2470,4316.188
2024-08-28 12:31:35,ETHUSDT,ask,2470,4316.039
2024-08-28 12:31:36,ETHUSDT,ask,2470,4315.915
2024-08-28 12:31:36,ETHUSDT,ask,2470,4314.127
2024-08-28 12:31:36,ETHUSDT,ask,2470,4315.57
2024-08-28 12:31:36,ETHUSDT,ask,2470,4304.724
2024-08-28 12:31:37,ETHUSDT,ask,2470,4304.281
2024-08-28 12:31:37,ETHUSDT,ask,2470,4318.105
2024-08-28 12:31:37,ETHUSDT,ask,2470,4334.254
2024-08-28 12:31:38,ETHUSDT,ask,2470,4317.5
2024-08-28 12:31:38,ETHUSDT,ask,2470,4296.476
2024-08-28 12:31:38,ETHUSDT,ask,2470,4296.876
2024-08-28 12:31:39,ETHUSDT,ask,2470,4310.38
2024-08-28 12:31:40,ETHUSDT,ask,2470,4296.876
2024-08-28 12:31:40,ETHUSDT,ask,2470,4297.482
2024-08-28 12:31:41,ETHUSDT,ask,2470,4297.082
2024-08-28 12:31:41,ETHUSDT,ask,2470,4297.092
2024-08-28 12:31:43,ETHUSDT,ask,2470,4296.486
2024-08-28 12:31:46,ETHUSDT,ask,2470,4298.505
2024-08-28 12:31:46,ETHUSDT,ask,2470,4299.389
2024-08-28 12:31:46,ETHUSDT,ask,2470,4297.37
2024-08-28 12:31:46,ETHUSDT,ask,2470,4301.007
2024-08-28 12:31:47,ETHUSDT,ask,2470,4297.37
2024-08-28 12:31:47,ETHUSDT,ask,2470,4298.11
2024-08-28 12:31:48,ETHUSDT,ask,2470,4298.1
2024-08-28 12:31:50,ETHUSDT,ask,2470,4299.11
2024-08-28 12:31:53,ETHUSDT,ask,2470,4302.35
2024-08-28 12:31:55,ETHUSDT,ask,2470,4302.39
2024-08-28 12:31:55,ETHUSDT,ask,2470,4301.65
2024-08-28 12:31:57,ETHUSDT,ask,2470,4298.37
2024-08-28 12:32:00,ETHUSDT,ask,2470,4298.41
2024-08-28 12:32:00,ETHUSDT,ask,2470,4298.37
2024-08-28 12:32:02,ETHUSDT,ask,2470,4298.41
2024-08-28 12:32:02,ETHUSDT,ask,2470,4298.37
2024-08-28 12:32:02,ETHUSDT,ask,2470,4306.447
2024-08-28 12:32:02,ETHUSDT,ask,2470,4300.39
2024-08-28 12:32:02,ETHUSDT,ask,2470,4298.37
2024-08-28 12:32:03,ETHUSDT,ask,2470,4300.39
2024-08-28 12:32:04,ETHUSDT,ask,2470,4300.996
2024-08-28 12:32:05,ETHUSDT,ask,2470,4299.716
2024-08-28 12:32:06,ETHUSDT,ask,2470,4319.659
2024-08-28 12:32:06,ETHUSDT,ask,2470,4318.775
2024-08-28 12:32:06,ETHUSDT,ask,2470,4315.591
2024-08-28 12:32:06,ETHUSDT,ask,2470,4314.385
2024-08-28 12:32:06,ETHUSDT,ask,2470,4314.385
2024-08-28 12:32:09,ETHUSDT,ask,2470,4314.385
2024-08-28 12:32:09,ETHUSDT,ask,2470,4298.236
2024-08-28 12:32:12,ETHUSDT,ask,2470,4302.636
2024-08-28 12:32:12,ETHUSDT,ask,2470,4302.455
2024-08-28 12:32:13,ETHUSDT,ask,2470,4302.855
2024-08-28 12:32:14,ETHUSDT,ask,2470,4300.836
2024-08-28 12:32:15,ETHUSDT,ask,2470,4296.436
2024-08-28 12:32:15,ETHUSDT,ask,2470,4296.036
2024-08-28 12:32:16,ETHUSDT,ask,2470,4293.555
2024-08-28 12:32:16,ETHUSDT,ask,2470,4291.526
2024-08-28 12:32:20,ETHUSDT,ask,2470,4290.774
2024-08-28 12:32:21,ETHUSDT,ask,2470,4289.331
2024-08-28 12:32:21,ETHUSDT,ask,2470,4289.541
2024-08-28 12:32:21,ETHUSDT,ask,2470,4267.109
2024-08-28 12:32:21,ETHUSDT,ask,2470,4267.001
2024-08-28 12:32:21,ETHUSDT,ask,2470,4266.951
2024-08-28 12:32:21,ETHUSDT,ask,2470,4276.961
2024-08-28 12:32:21,ETHUSDT,ask,2470,4276.96
2024-08-28 12:32:21,ETHUSDT,ask,2470,4276.955
2024-08-28 12:32:22,ETHUSDT,ask,2470,4276.948
2024-08-28 12:32:22,ETHUSDT,ask,2470,4276.066
2024-08-28 12:32:22,ETHUSDT,ask,2470,4276.057
2024-08-28 12:32:22,ETHUSDT,ask,2470,4276.425
2024-08-28 12:32:22,ETHUSDT,ask,2470,4276.583
2024-08-28 12:32:23,ETHUSDT,ask,2470,4276.579
2024-08-28 12:32:23,ETHUSDT,ask,2470,4276.58
2024-08-28 12:32:23,ETHUSDT,ask,2470,4276.589
2024-08-28 12:32:23,ETHUSDT,ask,2470,4275.679
2024-08-28 12:32:23,ETHUSDT,ask,2470,4275.69
2024-08-28 12:32:24,ETHUSDT,ask,2470,4275.714
2024-08-28 12:32:24,ETHUSDT,ask,2470,4275.716
2024-08-28 12:32:24,ETHUSDT,ask,2470,4275.796
2024-08-28 12:32:24,ETHUSDT,ask,2470,4275.809
2024-08-28 12:32:25,ETHUSDT,ask,2470,4274.929
2024-08-28 12:32:25,ETHUSDT,ask,2470,4274.943
2024-08-28 12:32:25,ETHUSDT,ask,2470,4274.877
2024-08-28 12:32:25,ETHUSDT,ask,2470,4274.961
2024-08-28 12:32:25,ETHUSDT,ask,2470,4274.928
2024-08-28 12:32:25,ETHUSDT,ask,2470,4198.853
2024-08-28 12:32:26,ETHUSDT,ask,2470,4198.933
2024-08-28 12:32:26,ETHUSDT,ask,2470,4168.689
2024-08-28 12:32:26,ETHUSDT,ask,2470,4168.703
2024-08-28 12:32:26,ETHUSDT,ask,2470,4168.691
2024-08-28 12:32:26,ETHUSDT,ask,2470,4168.611
2024-08-28 12:32:27,ETHUSDT,ask,2470,4168.686
2024-08-28 12:32:27,ETHUSDT,ask,2470,4168.617
2024-08-28 12:32:27,ETHUSDT,ask,2470,4167.764
2024-08-28 12:32:27,ETHUSDT,ask,2470,4167.684
2024-08-28 12:32:27,ETHUSDT,ask,2470,4167.764
2024-08-28 12:32:28,ETHUSDT,ask,2470,4119.952
2024-08-28 12:32:28,ETHUSDT,ask,2470,4114.951
2024-08-28 12:32:28,ETHUSDT,ask,2470,4114.091
2024-08-28 12:32:28,ETHUSDT,ask,2470,4113.668
2024-08-28 12:32:28,ETHUSDT,ask,2470,4113.666
2024-08-28 12:32:28,ETHUSDT,ask,2470,4113.656
2024-08-28 12:32:28,ETHUSDT,ask,2470,4113.051
2024-08-28 12:32:28,ETHUSDT,ask,2470,4113.031
2024-08-28 12:32:30,ETHUSDT,ask,2470,4112.82
2024-08-28 12:32:30,ETHUSDT,ask,2470,4112.623
2024-08-28 12:32:30,ETHUSDT,ask,2470,4111.926
2024-08-28 12:32:30,ETHUSDT,ask,2470,4111.935
2024-08-28 12:32:31,ETHUSDT,ask,2470,4112.234
2024-08-28 12:32:31,ETHUSDT,ask,2470,4109.654
2024-08-28 12:32:31,ETHUSDT,ask,2470,4109.629
2024-08-28 12:32:32,ETHUSDT,ask,2470,4109.62
2024-08-28 12:32:32,ETHUSDT,ask,2470,4109.7
2024-08-28 12:32:33,ETHUSDT,ask,2470,4107.568
2024-08-28 12:32:34,ETHUSDT,ask,2470,4104.504
2024-08-28 12:32:34,ETHUSDT,ask,2470,4104.424
2024-08-28 12:32:34,ETHUSDT,ask,2470,4104.504
2024-08-28 12:32:35,ETHUSDT,ask,2470,4103.49
2024-08-28 12:32:35,ETHUSDT,ask,2470,4103.57
2024-08-28 12:32:35,ETHUSDT,ask,2470,4103.552
2024-08-28 12:32:36,ETHUSDT,ask,2470,4103.2
2024-08-28 12:32:36,ETHUSDT,ask,2470,4103.12
2024-08-28 12:32:36,ETHUSDT,ask,2470,4102.867
2024-08-28 12:32:36,ETHUSDT,ask,2470,4102.61
2024-08-28 12:32:36,ETHUSDT,ask,2470,4102.602
2024-08-28 12:32:37,ETHUSDT,ask,2470,4102.588
2024-08-28 12:32:37,ETHUSDT,ask,2470,4096.68
2024-08-28 12:32:37,ETHUSDT,ask,2470,4096.6
2024-08-28 12:39:08,ETHUSDT,bid,1700,6056.062
2024-08-28 12:42:23,ETHUSDT,ask,2470,7512.109
2024-08-28 12:42:23,ETHUSDT,ask,2470,7522.27
2024-08-28 12:42:23,ETHUSDT,ask,2470,7514.832
2024-08-28 12:42:24,ETHUSDT,ask,2470,7507.803
2024-08-28 12:42:24,ETHUSDT,ask,2470,7507.647
2024-08-28 12:42:24,ETHUSDT,ask,2470,7538.442
2024-08-28 12:42:24,ETHUSDT,ask,2470,7538.342
2024-08-28 12:42:24,ETHUSDT,ask,2470,7507.657
2024-08-28 12:42:24,ETHUSDT,ask,2470,7508.397
2024-08-28 12:42:25,ETHUSDT,ask,2470,7507.994
2024-08-28 12:42:25,ETHUSDT,ask,2470,7523.769
2024-08-28 12:42:25,ETHUSDT,ask,2470,7507.994
2024-08-28 12:42:25,ETHUSDT,ask,2470,7508.546
2024-08-28 12:42:28,ETHUSDT,ask,2470,7532.29
2024-08-28 12:42:28,ETHUSDT,ask,2470,7531.876
2024-08-28 12:42:50,ETHUSDT,ask,2470,8478.279
2024-08-28 12:42:50,ETHUSDT,ask,2470,8276.121
2024-08-28 12:42:50,ETHUSDT,ask,2470,8277.591
2024-08-28 12:42:50,ETHUSDT,ask,2470,8275.556
2024-08-28 12:42:50,ETHUSDT,ask,2470,8181.513
2024-08-28 12:42:51,ETHUSDT,ask,2470,8186.81
2024-08-28 12:42:51,ETHUSDT,ask,2470,8158.936
2024-08-28 12:42:51,ETHUSDT,ask,2470,8158.364
2024-08-28 12:42:52,ETHUSDT,ask,2470,8145.956
2024-08-28 12:42:52,ETHUSDT,ask,2470,8145.977
2024-08-28 12:42:52,ETHUSDT,ask,2470,8104.534
2024-08-28 12:42:52,ETHUSDT,ask,2470,8106.767
2024-08-28 12:42:52,ETHUSDT,ask,2470,8106.79
2024-08-28 12:42:52,ETHUSDT,ask,2470,8106.789
2024-08-28 12:42:52,ETHUSDT,ask,2470,8096.799
2024-08-28 12:42:52,ETHUSDT,ask,2470,8097.408
2024-08-28 12:42:52,ETHUSDT,ask,2470,8097.408
2024-08-28 12:42:53,ETHUSDT,ask,2470,8097.398
2024-08-28 12:42:53,ETHUSDT,ask,2470,8097.388
2024-08-28 12:42:53,ETHUSDT,ask,2470,8097.398
2024-08-28 12:42:53,ETHUSDT,ask,2470,8097.398
2024-08-28 12:42:53,ETHUSDT,ask,2470,8097.532
2024-08-28 12:42:53,ETHUSDT,ask,2470,8097.668
2024-08-28 12:42:53,ETHUSDT,ask,2470,8097.017
2024-08-28 12:42:53,ETHUSDT,ask,2470,8094.752
2024-08-28 12:42:53,ETHUSDT,ask,2470,8089.932
2024-08-28 12:42:53,ETHUSDT,ask,2470,8089.966
2024-08-28 12:42:54,ETHUSDT,ask,2470,8089.966
2024-08-28 12:42:54,ETHUSDT,ask,2470,8089.947
2024-08-28 12:42:54,ETHUSDT,ask,2470,8089.937
2024-08-28 12:42:54,ETHUSDT,ask,2470,8089.925
2024-08-28 12:42:54,ETHUSDT,ask,2470,8089.689
2024-08-28 12:42:54,ETHUSDT,ask,2470,8089.794
2024-08-28 12:42:54,ETHUSDT,ask,2470,8089.394
2024-08-28 12:43:53,ETHUSDT,ask,2470,7479.51
2024-08-28 12:43:53,ETHUSDT,ask,2470,7267.659
2024-08-28 12:45:02,ETHUSDT,bid,2290,4398.287
2024-08-28 12:48:11,ETHUSDT,ask,2470,7698.456
2024-08-28 12:48:11,ETHUSDT,ask,2470,7680.403
2024-08-28 12:48:11,ETHUSDT,ask,2470,7680.712
2024-08-28 12:48:11,ETHUSDT,ask,2470,7673.793
2024-08-28 12:48:11,ETHUSDT,ask,2470,7672.149
2024-08-28 12:48:11,ETHUSDT,ask,2470,7671.331
2024-08-28 12:48:11,ETHUSDT,ask,2470,7673.347
2024-08-28 12:48:12,ETHUSDT,ask,2470,7658.884
2024-08-28 12:48:12,ETHUSDT,ask,2470,7658.87
2024-08-28 12:48:13,ETHUSDT,ask,2470,7659.493
2024-08-28 12:48:13,ETHUSDT,ask,2470,7659.475
2024-08-28 12:48:14,ETHUSDT,ask,2470,7659.879
2024-08-28 12:48:14,ETHUSDT,ask,2470,7659.677
2024-08-28 12:48:14,ETHUSDT,ask,2470,7660.036
2024-08-28 12:48:14,ETHUSDT,ask,2470,7663.526
2024-08-28 12:48:14,ETHUSDT,ask,2470,7663.547
2024-08-28 12:48:15,ETHUSDT,ask,2470,7659.947
2024-08-28 12:48:15,ETHUSDT,ask,2470,7659.842
2024-08-28 12:48:15,ETHUSDT,ask,2470,6013.29
2024-08-28 12:48:15,ETHUSDT,ask,2470,5968.105
2024-08-28 12:48:15,ETHUSDT,ask,2470,5991.628
2024-08-28 12:48:15,ETHUSDT,ask,2470,5963.814
2024-08-28 12:48:15,ETHUSDT,ask,2470,5963.468
2024-08-28 12:48:16,ETHUSDT,ask,2470,5963.873
2024-08-28 12:48:16,ETHUSDT,ask,2470,5963.468
2024-08-28 12:48:16,ETHUSDT,ask,2470,5976.006
2024-08-28 12:48:17,ETHUSDT,ask,2470,5988.645
2024-08-28 12:48:17,ETHUSDT,ask,2470,5988.624
2024-08-28 12:48:18,ETHUSDT,ask,2470,5986.624
2024-08-28 12:48:18,ETHUSDT,ask,2470,5958.938
2024-08-28 12:48:18,ETHUSDT,ask,2470,5958.929
2024-08-28 12:48:18,ETHUSDT,ask,2470,5984.673
2024-08-28 12:48:19,ETHUSDT,ask,2470,5958.929
2024-08-28 12:48:20,ETHUSDT,ask,2470,5958.938
2024-08-28 12:48:20,ETHUSDT,ask,2470,5983.336
2024-08-28 12:48:21,ETHUSDT,ask,2470,5958.938
2024-08-28 12:48:21,ETHUSDT,ask,2470,5983.098
2024-08-28 12:48:21,ETHUSDT,ask,2470,5983.089
2024-08-28 12:48:21,ETHUSDT,ask,2470,5983.098
2024-08-28 12:48:22,ETHUSDT,ask,2470,5957.72
2024-08-28 12:48:22,ETHUSDT,ask,2470,5982.115
2024-08-28 12:49:37,ETHUSDT,bid,2140,4704.515
2024-08-28 12:51:22,ETHUSDT,bid,1960,5204.34
2024-08-28 12:59:57,ETHUSDT,bid,1950,5354.078
2024-08-28 13:05:07,ETHUSDT,bid,2200,12474.936
2024-08-28 13:05:23,ETHUSDT,bid,2100,10999.534
2024-08-28 13:05:39,ETHUSDT,bid,2300,12086.494
2024-08-28 13:05:53,ETHUSDT,bid,2400,11304.071
2024-08-28 13:06:23,ETHUSDT,bid,2300,12085.994
2024-08-28 13:06:44,ETHUSDT,bid,2100,10999.557
2024-08-28 13:07:41,ETHUSDT,bid,2300,12089.494
2024-08-28 13:07:46,ETHUSDT,bid,2300,12089.505
2024-08-28 13:08:12,ETHUSDT,bid,2300,12089.397
2024-08-28 13:08:13,ETHUSDT,bid,2200,12474.823
2024-08-28 13:08:16,ETHUSDT,bid,2100,10999.438
2024-08-28 13:08:33,ETHUSDT,bid,2200,12480.539
2024-08-28 13:10:37,ETHUSDT,bid,2300,12090.397
2024-08-28 13:10:47,ETHUSDT,bid,2100,10999.404
2024-08-28 13:10:49,ETHUSDT,bid,2300,12092.927
2024-08-28 13:11:08,ETHUSDT,bid,2300,12092.968
2024-08-28 13:11:24,ETHUSDT,bid,2300,12094.217
2024-08-28 13:11:31,ETHUSDT,bid,2200,12482.539
2024-08-28 13:11:31,ETHUSDT,bid,2300,12092.217
2024-08-28 13:11:38,ETHUSDT,bid,2100,10994.643
2024-08-28 13:11:40,ETHUSDT,bid,2200,12477.994
2024-08-28 13:11:44,ETHUSDT,bid,2300,12090.217
2024-08-28 13:13:36,ETHUSDT,bid,2300,12090.109
2024-08-28 13:13:45,ETHUSDT,bid,2200,12472.278
2024-08-28 13:15:59,ETHUSDT,bid,2200,12472.374
2024-08-28 13:16:17,ETHUSDT,bid,2100,10995.452
2024-08-28 13:16:39,ETHUSDT,bid,2200,4570.261
2024-08-28 13:17:11,ETHUSDT,bid,2300,12087.936
2024-08-28 13:18:27,ETHUSDT,bid,2100,10995.465
2024-08-28 13:18:48,ETHUSDT,bid,2250,4473.852
2024-08-28 13:19:10,ETHUSDT,bid,2300,12087.915
2024-08-28 13:19:28,ETHUSDT,bid,2300,12087.959
2024-08-28 13:20:07,ETHUSDT,bid,2200,12472.454
2024-08-28 13:20:10,ETHUSDT,bid,2200,12472.354
2024-08-28 13:20:57,ETHUSDT,bid,2300,12088.028
2024-08-28 13:21:35,ETHUSDT,bid,2300,12087.092
2024-08-28 13:21:36,ETHUSDT,bid,2200,12472.332
2024-08-28 13:21:39,ETHUSDT,bid,2100,11012.109
2024-08-28 13:21:59,ETHUSDT,bid,2230,4491.327
2024-08-28 13:22:30,ETHUSDT,bid,2300,12087.292
2024-08-28 13:22:31,ETHUSDT,bid,2300,12087.302
2024-08-28 13:22:42,ETHUSDT,bid,2100,10997.824
2024-08-28 13:22:42,ETHUSDT,bid,2200,12465.514
2024-08-28 13:22:43,ETHUSDT,bid,2300,12080.781
2024-08-28 13:22:53,ETHUSDT,bid,2100,10997.777
2024-08-28 13:23:31,ETHUSDT,bid,2200,12472.332
2024-08-28 13:23:44,ETHUSDT,bid,2100,11004.919
2024-08-28 13:24:09,ETHUSDT,bid,2300,12080.76
2024-08-28 13:24:53,ETHUSDT,bid,2200,12472.242
2024-08-28 13:24:57,ETHUSDT,bid,2300,12081.158
2024-08-28 13:26:38,ETHUSDT,bid,2200,12473.378
2024-08-28 13:27:25,ETHUSDT,bid,2300,12081.299
2024-08-28 13:29:57,ETHUSDT,bid,2200,12473.128
2024-08-28 13:29:58,ETHUSDT,bid,2100,11004.93
2024-08-28 13:30:54,ETHUSDT,bid,2290,4398.277
2024-08-28 13:31:20,ETHUSDT,bid,2200,12473.938
2024-08-28 13:31:33,ETHUSDT,bid,2200,12474.742
2024-08-28 13:33:30,ETHUSDT,bid,2300,12082.506
2024-08-28 13:34:17,ETHUSDT,bid,1960,5204.74
2024-08-28 13:35:48,ETHUSDT,bid,2100,11007.855
2024-08-28 13:35:53,ETHUSDT,bid,2300,12082.689
2024-08-28 13:36:41,ETHUSDT,bid,2030,4925.333
2024-08-28 13:37:08,ETHUSDT,bid,2300,12081.634
2024-08-28 13:37:51,ETHUSDT,bid,2100,11006.452
2024-08-28 13:38:21,ETHUSDT,bid,2100,11007.861
2024-08-28 13:39:20,ETHUSDT,bid,2200,12471.564
2024-08-28 13:39:34,ETHUSDT,bid,2200,12484.879
2024-08-28 13:39:37,ETHUSDT,bid,2200,12471.564
2024-08-28 13:39:42,ETHUSDT,bid,2200,12484.879
2024-08-28 13:39:45,ETHUSDT,bid,2200,12471.564
2024-08-28 13:39:55,ETHUSDT,bid,2200,12480.685
2024-08-28 13:39:59,ETHUSDT,bid,2200,12471.564
2024-08-28 13:40:38,ETHUSDT,bid,2300,12081.591
2024-08-28 13:41:33,ETHUSDT,bid,2300,12078.84
2024-08-28 13:42:45,ETHUSDT,bid,1700,6056.035
2024-08-28 13:43:42,ETHUSDT,bid,2300,12080.84
2024-08-28 13:43:44,ETHUSDT,bid,2300,12080.797
2024-08-28 13:44:12,ETHUSDT,bid,2200,12471.609
2024-08-28 13:44:32,ETHUSDT,bid,2300,12080.747
2024-08-28 13:45:38,ETHUSDT,bid,2100,11006.93
2024-08-28 13:45:47,ETHUSDT,bid,2300,12079.468
2024-08-28 13:45:54,ETHUSDT,bid,2300,12079.598
2024-08-28 13:47:11,ETHUSDT,bid,2140,4704.502
2024-08-28 13:47:13,ETHUSDT,bid,2300,12076.99
2024-08-28 13:47:14,ETHUSDT,bid,2300,12077.021
2024-08-28 13:47:43,ETHUSDT,bid,2100,11006.429
2024-08-28 13:48:11,ETHUSDT,bid,2200,12471.669
2024-08-28 13:48:11,ETHUSDT,bid,2300,12077.081
2024-08-28 13:49:47,ETHUSDT,bid,2300,12077.515
2024-08-28 13:50:00,ETHUSDT,bid,2100,11007.381
2024-08-28 13:50:12,ETHUSDT,bid,2300,12077.526
2024-08-28 13:51:17,ETHUSDT,bid,2100,11007.301
2024-08-28 13:52:56,ETHUSDT,bid,2300,12108.27
2024-08-28 13:53:04,ETHUSDT,bid,2100,11007.422
2024-08-28 13:53:11,ETHUSDT,bid,2200,12471.488
2024-08-28 13:55:15,ETHUSDT,bid,2300,12134.4
2024-08-28 13:55:49,ETHUSDT,bid,2300,12134.466
2024-08-28 13:56:34,ETHUSDT,bid,2300,12134.486
2024-08-28 13:56:41,ETHUSDT,bid,2300,12133.733
2024-08-28 13:56:54,ETHUSDT,bid,2300,12129.386
2024-08-28 13:57:18,ETHUSDT,bid,2300,12131.559
2024-08-28 14:00:15,ETHUSDT,bid,2100,11003.772
2024-08-28 14:00:22,ETHUSDT,bid,2300,12143.264
2024-08-28 14:00:46,ETHUSDT,bid,2300,12143.176
2024-08-28 14:00:57,ETHUSDT,bid,2300,12131.471
2024-08-28 14:01:28,ETHUSDT,bid,2300,12134.471
2024-08-28 14:03:46,ETHUSDT,bid,2200,12471.533
2024-08-28 14:03:49,ETHUSDT,bid,2100,11003.834
2024-08-28 14:03:50,ETHUSDT,bid,2300,12134.481
2024-08-28 14:04:08,ETHUSDT,bid,2300,12134.738
2024-08-28 14:05:07,ETHUSDT,bid,2100,11003.824
2024-08-28 14:05:09,ETHUSDT,bid,2200,12471.523
2024-08-28 14:05:17,ETHUSDT,bid,2200,12471.477
2024-08-28 14:06:01,ETHUSDT,bid,2200,12472.311
2024-08-28 14:06:07,ETHUSDT,bid,2200,12472.43
2024-08-28 14:06:07,ETHUSDT,bid,2300,12134.852
2024-08-28 14:06:18,ETHUSDT,bid,2300,12134.861
2024-08-28 14:06:19,ETHUSDT,bid,2300,12134.422
2024-08-28 14:06:20,ETHUSDT,bid,2200,12471.688
2024-08-28 14:06:25,ETHUSDT,bid,2200,12472.428
2024-08-28 14:06:32,ETHUSDT,bid,2300,12134.436
2024-08-28 14:06:59,ETHUSDT,bid,2300,12134.741
2024-08-28 14:07:05,ETHUSDT,bid,2200,12472.897
2024-08-28 14:07:10,ETHUSDT,bid,2100,11004.301
2024-08-28 14:07:15,ETHUSDT,bid,2200,12473.162
2024-08-28 14:07:36,ETHUSDT,bid,2300,12135.741
2024-08-28 14:07:45,ETHUSDT,bid,2300,12133.71
2024-08-28 14:08:39,ETHUSDT,bid,2300,12133.624
2024-08-28 14:09:04,ETHUSDT,bid,2300,12133.71
2024-08-28 14:09:23,ETHUSDT,bid,2300,12133.701
2024-08-28 14:09:47,ETHUSDT,bid,2300,12133.801
2024-08-28 14:10:40,ETHUSDT,bid,2300,12133.758
2024-08-28 14:10:42,ETHUSDT,bid,2100,11004.327
2024-08-28 14:11:09,ETHUSDT,bid,2200,12473.117
2024-08-28 14:11:11,ETHUSDT,bid,2300,12133.715
2024-08-28 14:11:47,ETHUSDT,bid,2100,11004.37
2024-08-28 14:12:23,ETHUSDT,bid,2300,12133.758
2024-08-28 14:12:42,ETHUSDT,bid,2200,12473.162
2024-08-28 14:14:01,ETHUSDT,bid,2300,12133.767
2024-08-28 14:14:09,ETHUSDT,bid,2200,12473.172
2024-08-28 14:14:14,ETHUSDT,bid,2200,12473.472
2024-08-28 14:14:16,ETHUSDT,bid,2100,11004.38
2024-08-28 14:14:52,ETHUSDT,bid,2200,12461.161
2024-08-28 14:16:29,ETHUSDT,bid,2300,12107.637
2024-08-28 14:16:44,ETHUSDT,bid,2300,12107.647
2024-08-28 14:16:56,ETHUSDT,bid,2200,12461.132
2024-08-28 14:16:56,ETHUSDT,bid,2200,12458.86
2024-08-28 14:18:01,ETHUSDT,bid,2300,12113.647
2024-08-28 14:18:17,ETHUSDT,bid,2030,4925.284
2024-08-28 14:18:17,ETHUSDT,bid,2300,12113.657
2024-08-28 14:19:26,ETHUSDT,bid,2200,12458.872
2024-08-28 14:19:40,ETHUSDT,bid,2300,12113.672
2024-08-28 14:20:59,ETHUSDT,bid,2200,12458.804
2024-08-28 14:22:05,ETHUSDT,bid,2300,12113.692
2024-08-28 14:22:24,ETHUSDT,bid,2100,11004.434
2024-08-28 14:22:24,ETHUSDT,bid,2140,4704.556
2024-08-28 14:22:24,ETHUSDT,bid,2200,12458.858
2024-08-28 14:22:24,ETHUSDT,bid,2300,12113.746
2024-08-28 14:22:24,ETHUSDT,bid,1940,5149.701
2024-08-28 14:22:58,ETHUSDT,bid,2200,12461.944
2024-08-28 14:22:58,ETHUSDT,bid,2300,12110.794
2024-08-28 14:23:01,ETHUSDT,bid,2100,11004.284
2024-08-28 14:23:02,ETHUSDT,bid,1700,6055.835
2024-08-28 14:23:10,ETHUSDT,bid,2200,12462.044
2024-08-28 14:23:14,ETHUSDT,bid,2100,11004.262
2024-08-28 14:23:21,ETHUSDT,bid,2200,12462.112
2024-08-28 14:23:38,ETHUSDT,bid,2200,12462.612
2024-08-28 14:23:42,ETHUSDT,bid,2300,12119.222
2024-08-28 14:23:46,ETHUSDT,bid,2100,11007.494
2024-08-28 14:23:46,ETHUSDT,bid,2200,12459.526
2024-08-28 14:24:40,ETHUSDT,bid,2100,11004.262
2024-08-28 14:25:51,ETHUSDT,bid,2100,11004.208
2024-08-28 14:25:51,ETHUSDT,bid,2140,4704.502
2024-08-28 14:25:51,ETHUSDT,bid,2200,12459.472
2024-08-28 14:25:51,ETHUSDT,bid,2300,12119.168
2024-08-28 14:26:50,ETHUSDT,bid,2200,12459.372
2024-08-28 14:27:51,ETHUSDT,bid,2200,12461.644
2024-08-28 14:28:09,ETHUSDT,bid,2140,4703.608
2024-08-28 14:28:32,ETHUSDT,bid,2300,12119.534
2024-08-28 14:28:37,ETHUSDT,bid,2100,11004.55
2024-08-28 14:28:38,ETHUSDT,bid,2100,11003.36
2024-08-28 14:28:38,ETHUSDT,bid,2290,4399.467
2024-08-28 14:31:12,ETHUSDT,bid,2300,12109.534
2024-08-28 14:31:14,ETHUSDT,bid,2300,12109.168
2024-08-28 14:31:29,ETHUSDT,bid,2100,11003.06
2024-08-28 14:31:36,ETHUSDT,bid,2200,12457.099
2024-08-28 14:31:45,ETHUSDT,bid,2200,12467.714
2024-08-28 14:32:07,ETHUSDT,bid,2300,12109.46
2024-08-28 14:32:44,ETHUSDT,bid,2100,11003.074
2024-08-28 14:33:25,ETHUSDT,bid,2200,12467.414
2024-08-28 14:33:28,ETHUSDT,bid,2200,12468.928
2024-08-28 14:34:19,ETHUSDT,bid,2100,11003.145
2024-08-28 14:34:19,ETHUSDT,bid,2140,4703.679
2024-08-28 14:34:19,ETHUSDT,bid,2200,12468.999
2024-08-28 14:34:19,ETHUSDT,bid,2300,12109.531
2024-08-28 14:34:35,ETHUSDT,bid,2200,12469.18
2024-08-28 14:34:54,ETHUSDT,bid,2300,12109.986
2024-08-28 14:35:10,ETHUSDT,bid,2140,4703.819
2024-08-28 14:35:12,ETHUSDT,bid,1960,5204.729
2024-08-28 14:35:12,ETHUSDT,bid,2300,12105.163
2024-08-28 14:35:41,ETHUSDT,bid,2100,11000.765
2024-08-28 14:35:46,ETHUSDT,bid,2200,12469.315
2024-08-28 14:35:46,ETHUSDT,bid,2300,12105.033
2024-08-28 14:36:06,ETHUSDT,bid,2200,12469.215
2024-08-28 14:36:09,ETHUSDT,bid,2200,12469.17
2024-08-28 14:36:17,ETHUSDT,bid,1700,6055.935
2024-08-28 14:36:51,ETHUSDT,bid,2100,11000.819
2024-08-28 14:37:21,ETHUSDT,bid,2300,12105.043
2024-08-28 14:37:45,ETHUSDT,bid,2200,12469.152
2024-08-28 14:39:04,ETHUSDT,bid,2300,12104.643
2024-08-28 14:40:57,ETHUSDT,bid,2200,12471.909
2024-08-28 14:40:57,ETHUSDT,bid,2300,12102.005
2024-08-28 14:41:02,ETHUSDT,bid,2300,12100.701
2024-08-28 14:41:11,ETHUSDT,bid,2200,12471.418
2024-08-28 14:41:33,ETHUSDT,bid,2300,12111.423
2024-08-28 14:42:12,ETHUSDT,bid,2100,11000.762
2024-08-28 14:42:12,ETHUSDT,bid,2140,4703.763
2024-08-28 14:42:12,ETHUSDT,bid,2200,12471.364
2024-08-28 14:42:12,ETHUSDT,bid,2300,12111.371
2024-08-28 14:42:12,ETHUSDT,bid,2200,12471.836
2024-08-28 14:42:15,ETHUSDT,bid,1960,5204.729
2024-08-28 14:42:16,ETHUSDT,bid,1960,5204.729
2024-08-28 14:42:16,ETHUSDT,bid,1960,5204.831
2024-08-28 14:42:16,ETHUSDT,bid,1960,5204.729
2024-08-28 14:42:17,ETHUSDT,bid,1960,5204.831
2024-08-28 14:42:18,ETHUSDT,bid,1960,5204.729
2024-08-28 14:42:20,ETHUSDT,bid,2200,12469.079
2024-08-28 14:42:20,ETHUSDT,bid,2300,12114.008
2024-08-28 14:42:24,ETHUSDT,bid,2200,12469.134
2024-08-28 14:42:36,ETHUSDT,bid,2300,12114.029
2024-08-28 14:42:53,ETHUSDT,bid,2200,12469.156
2024-08-28 14:43:18,ETHUSDT,bid,2200,12469.292
2024-08-28 14:43:18,ETHUSDT,bid,2100,11000.793
2024-08-28 14:43:23,ETHUSDT,bid,2300,12114.092
2024-08-28 14:43:56,ETHUSDT,bid,2200,12469.237
2024-08-28 14:44:00,ETHUSDT,bid,2300,12114.038
2024-08-28 14:44:04,ETHUSDT,bid,2200,12469.253
2024-08-28 14:44:06,ETHUSDT,bid,2100,11000.762
2024-08-28 14:44:15,ETHUSDT,bid,2100,11000.82
2024-08-28 14:44:18,ETHUSDT,bid,2300,12113.975
2024-08-28 14:44:20,ETHUSDT,bid,2300,12103.253
2024-08-28 14:44:21,ETHUSDT,bid,2100,11000.762
2024-08-28 14:44:24,ETHUSDT,bid,2100,11000.847
2024-08-28 14:45:03,ETHUSDT,bid,2200,12469.753
2024-08-28 14:45:19,ETHUSDT,bid,2200,12469.813
2024-08-28 14:45:53,ETHUSDT,bid,2300,12103.687
2024-08-28 14:46:25,ETHUSDT,bid,2100,11003.227
2024-08-28 14:46:34,ETHUSDT,bid,2300,12103.46
2024-08-28 14:46:44,ETHUSDT,bid,2200,12469.718
2024-08-28 14:46:52,ETHUSDT,bid,1960,5204.729
2024-08-28 14:47:28,ETHUSDT,bid,2300,12103.96
2024-08-28 14:47:29,ETHUSDT,bid,2300,12106.133
2024-08-28 14:47:56,ETHUSDT,bid,2200,12469.187
2024-08-28 14:48:05,ETHUSDT,bid,2200,4573.725
2024-08-28 14:48:27,ETHUSDT,bid,2300,12107.133
2024-08-28 14:48:38,ETHUSDT,bid,2100,11002.727
2024-08-28 14:48:59,ETHUSDT,bid,2300,12097.137
2024-08-28 14:49:00,ETHUSDT,bid,2100,11003.137
2024-08-28 14:49:03,ETHUSDT,bid,2300,12098.441
2024-08-28 14:49:09,ETHUSDT,bid,2300,12099.441
2024-08-28 14:49:16,ETHUSDT,bid,2200,12455.669
2024-08-28 14:49:29,ETHUSDT,bid,2300,12098.137
2024-08-28 14:49:35,ETHUSDT,bid,2300,12098.179
2024-08-28 14:49:37,ETHUSDT,bid,2300,12098.136
2024-08-28 14:49:46,ETHUSDT,bid,2200,12455.624
2024-08-28 14:49:57,ETHUSDT,bid,2300,12082.919
2024-08-28 14:51:09,ETHUSDT,bid,2100,11004.088
2024-08-28 14:51:09,ETHUSDT,bid,2300,12082.05
2024-08-28 14:51:16,ETHUSDT,bid,2300,12082.278
2024-08-28 14:51:32,ETHUSDT,bid,2100,11004.806
2024-08-28 14:51:45,ETHUSDT,bid,2200,12455.852
2024-08-28 14:51:56,ETHUSDT,bid,2100,11024.091
2024-08-28 14:52:07,ETHUSDT,bid,2200,12455.624
2024-08-28 14:52:45,ETHUSDT,bid,2300,12082.065
2024-08-28 14:53:10,ETHUSDT,bid,2100,11032.374
2024-08-28 14:53:22,ETHUSDT,bid,2200,12456.078
2024-08-28 14:53:51,ETHUSDT,bid,2300,12082.022
2024-08-28 14:54:03,ETHUSDT,bid,2300,12082.004
2024-08-28 14:54:04,ETHUSDT,bid,2200,12456.06
2024-08-28 14:54:06,ETHUSDT,bid,2200,12456.07
2024-08-28 14:54:09,ETHUSDT,bid,2200,12459.07
2024-08-28 14:54:12,ETHUSDT,bid,2300,12083.821
2024-08-28 14:54:26,ETHUSDT,bid,2200,12459.088
2024-08-28 14:54:50,ETHUSDT,bid,2300,12083.908
2024-08-28 14:54:56,ETHUSDT,bid,2300,12083.951
2024-08-28 14:55:05,ETHUSDT,bid,1700,6065.935
2024-08-28 14:55:23,ETHUSDT,bid,2300,12083.994
2024-08-28 14:56:14,ETHUSDT,bid,2300,12084.124
2024-08-28 14:56:16,ETHUSDT,bid,2200,12459.769
2024-08-28 14:56:22,ETHUSDT,bid,2200,12459.95
2024-08-28 14:57:02,ETHUSDT,bid,2140,4704.697
2024-08-28 14:57:06,ETHUSDT,bid,2200,12464.95
2024-08-28 14:57:06,ETHUSDT,bid,2300,12075.696
2024-08-28 14:57:10,ETHUSDT,bid,2250,4481.908
2024-08-28 14:57:20,ETHUSDT,bid,2100,11034.754
2024-08-28 14:57:28,ETHUSDT,bid,2100,11034.876
2024-08-28 14:57:33,ETHUSDT,bid,2200,12464.96
2024-08-28 14:57:36,ETHUSDT,bid,2200,12464.56
2024-08-28 14:57:46,ETHUSDT,bid,2300,12075.596
2024-08-28 14:57:51,ETHUSDT,bid,2300,12087.672
2024-08-28 14:58:05,ETHUSDT,bid,2200,12464.583
2024-08-28 14:58:06,ETHUSDT,bid,2300,12088.192
2024-08-28 14:58:12,ETHUSDT,bid,2300,12086.453
2024-08-28 14:58:22,ETHUSDT,bid,2100,11034.288
2024-08-28 14:58:27,ETHUSDT,bid,2100,11034.624
2024-08-28 14:58:45,ETHUSDT,bid,2300,12086.498
2024-08-28 14:58:49,ETHUSDT,bid,2100,11036.084
2024-08-28 14:58:49,ETHUSDT,bid,1700,6066.719
2024-08-28 14:58:49,ETHUSDT,bid,2300,12086.513
2024-08-28 14:58:55,ETHUSDT,bid,2300,12086.058
2024-08-28 14:58:55,ETHUSDT,bid,2300,12086.492
2024-08-28 14:59:08,ETHUSDT,bid,2300,12053.492
2024-08-28 14:59:13,ETHUSDT,bid,2100,11036.07
2024-08-28 14:59:41,ETHUSDT,bid,2100,11035.87
2024-08-28 14:59:41,ETHUSDT,bid,2300,12053.604
2024-08-28 14:59:45,ETHUSDT,bid,2200,12464.683
2024-08-28 14:59:46,ETHUSDT,bid,2200,12464.701
2024-08-28 14:59:48,ETHUSDT,bid,2200,12464.901
2024-08-28 14:59:50,ETHUSDT,bid,2300,12053.87
2024-08-28 14:59:55,ETHUSDT,bid,2200,12464.801
2024-08-28 15:00:03,ETHUSDT,bid,2200,12464.837
2024-08-28 15:00:09,ETHUSDT,bid,2300,12053.808
2024-08-28 15:00:16,ETHUSDT,bid,2100,11016.585
2024-08-28 15:00:41,ETHUSDT,bid,2300,12053.851
2024-08-28 15:00:42,ETHUSDT,bid,2200,12464.787
2024-08-28 15:00:45,ETHUSDT,bid,2200,12466.046
2024-08-28 15:00:46,ETHUSDT,bid,2100,11025.082
2024-08-28 15:00:47,ETHUSDT,bid,2300,12054.375
2024-08-28 15:00:50,ETHUSDT,bid,2300,12054.363
2024-08-28 15:00:50,ETHUSDT,bid,2300,12057.113
2024-08-28 15:00:52,ETHUSDT,bid,2200,12466.082
2024-08-28 15:00:55,ETHUSDT,bid,2300,12055.756
2024-08-28 15:00:59,ETHUSDT,bid,2200,12466.046
2024-08-28 15:01:00,ETHUSDT,bid,2300,12057.708
2024-08-28 15:01:48,ETHUSDT,bid,2200,12467.046
2024-08-28 15:01:48,ETHUSDT,bid,2100,11024.51
2024-08-28 15:01:58,ETHUSDT,bid,2200,12467.006
2024-08-28 15:02:17,ETHUSDT,bid,2300,12060.051
2024-08-28 15:02:24,ETHUSDT,bid,2200,12469.424
2024-08-28 15:02:30,ETHUSDT,bid,2100,11024.32
2024-08-28 15:02:30,ETHUSDT,bid,2300,12059.878
2024-08-28 15:02:34,ETHUSDT,bid,2300,12062.242
2024-08-28 15:02:36,ETHUSDT,bid,2100,11026.931
2024-08-28 15:02:41,ETHUSDT,bid,2300,12062.199
2024-08-28 15:02:42,ETHUSDT,bid,2300,12062.699
2024-08-28 15:02:44,ETHUSDT,bid,2200,12469.514
2024-08-28 15:03:01,ETHUSDT,bid,2300,12050.623
2024-08-28 15:03:08,ETHUSDT,bid,2300,12058.714
2024-08-28 15:03:18,ETHUSDT,bid,2200,12469.968
2024-08-28 15:03:28,ETHUSDT,bid,2200,12469.734
2024-08-28 15:03:45,ETHUSDT,bid,2300,12058.851
2024-08-28 15:03:51,ETHUSDT,bid,2140,4704.708
2024-08-28 15:03:51,ETHUSDT,bid,2300,12058.91
2024-08-28 15:03:57,ETHUSDT,bid,2300,12059.16
2024-08-28 15:03:57,ETHUSDT,bid,2100,11026.988
2024-08-28 15:03:57,ETHUSDT,bid,2140,4704.765
2024-08-28 15:03:57,ETHUSDT,bid,2200,12469.791
2024-08-28 15:03:57,ETHUSDT,bid,2300,12059.217
2024-08-28 15:04:03,ETHUSDT,bid,2300,12058.697
2024-08-28 15:04:09,ETHUSDT,bid,2200,12469.777
2024-08-28 15:04:09,ETHUSDT,bid,2250,4481.928
2024-08-28 15:04:15,ETHUSDT,bid,2300,11034.156
2024-08-28 15:04:15,ETHUSDT,bid,2200,12470.027
2024-08-28 15:04:21,ETHUSDT,bid,2300,11034.7
2024-08-28 15:04:32,ETHUSDT,bid,2200,12470.827
2024-08-28 15:04:33,ETHUSDT,bid,2230,4491.347
2024-08-28 15:04:37,ETHUSDT,bid,2100,11026.688
2024-08-28 15:04:44,ETHUSDT,bid,2200,12470.817
2024-08-28 15:04:46,ETHUSDT,bid,2200,4573.745
2024-08-28 15:04:56,ETHUSDT,bid,2200,12470.587
2024-08-28 15:05:00,ETHUSDT,bid,2300,11034.72
2024-08-28 15:05:14,ETHUSDT,bid,2300,11035.372
2024-08-28 15:05:17,ETHUSDT,bid,2300,11035.422
2024-08-28 15:05:25,ETHUSDT,bid,2300,11036.782
2024-08-28 15:05:26,ETHUSDT,bid,2200,12470.77
2024-08-28 15:05:29,ETHUSDT,bid,2100,11026.926
2024-08-28 15:05:39,ETHUSDT,bid,2100,11027.335
2024-08-28 15:05:57,ETHUSDT,bid,2200,12469.97
