2024-08-14 07:01:42,BTCUSDT,ask,61800,539.866
2024-08-14 07:06:54,BTCUSDT,ask,61800,539.701
2024-08-14 07:07:20,BTCUSDT,ask,61800,539.687
2024-08-14 07:11:35,BTCUSDT,ask,61800,539.678
2024-08-14 07:11:48,BTCUSDT,bid,47000,874.33
2024-08-14 07:12:31,BTCUSDT,ask,61800,539.576
2024-08-14 07:13:53,BTCUSDT,ask,61800,539.574
2024-08-14 07:15:50,BTCUSDT,ask,61800,539.654
2024-08-14 07:22:59,BTCUSDT,ask,61800,539.493
2024-08-14 07:23:06,BTCUSDT,ask,61800,539.393
2024-08-14 07:24:02,BTCUSDT,ask,61800,539.411
2024-08-14 07:24:51,BTCUSDT,ask,61800,536.782
2024-08-14 07:27:17,BTCUSDT,ask,61800,536.702
2024-08-14 07:30:04,BTCUSDT,ask,61800,536.704
2024-08-14 07:33:21,BTCUSDT,ask,61800,536.648
2024-08-14 07:33:24,BTCUSDT,ask,61800,536.607
2024-08-14 07:33:35,BTCUSDT,ask,61800,536.687
2024-08-14 07:34:29,BTCUSDT,ask,61800,536.684
2024-08-14 07:34:34,BTCUSDT,ask,61800,536.682
2024-08-14 07:38:10,BTCUSDT,ask,61800,536.658
2024-08-14 07:39:39,BTCUSDT,ask,61800,536.674
2024-08-14 07:41:13,BTCUSDT,ask,61800,534.157
2024-08-14 07:42:55,BTCUSDT,ask,61800,534.167
2024-08-14 07:44:34,BTCUSDT,ask,61800,534.157
2024-08-14 07:45:11,BTCUSDT,ask,61800,534.194
2024-08-14 07:45:40,BTCUSDT,ask,61800,534.186
2024-08-14 07:46:10,BTCUSDT,ask,61800,534.205
2024-08-14 07:47:14,BTCUSDT,ask,61800,534.207
2024-08-14 07:47:26,BTCUSDT,ask,61800,534.17
2024-08-14 07:49:14,BTCUSDT,ask,61800,534.172
2024-08-14 07:49:20,BTCUSDT,ask,61800,534.222
2024-08-14 07:50:28,BTCUSDT,ask,61800,534.092
2024-08-14 07:01:41,BTCUSD_PERP,bid,60100,531.82
2024-08-14 07:01:41,BTCUSD_PERP,bid,60000,532.13
2024-08-14 07:01:41,BTCUSD_PERP,bid,60000,591.59
2024-08-14 07:02:37,BTCUSD_PERP,bid,60000,531.84
2024-08-14 07:02:37,BTCUSD_PERP,bid,60000,591.27
2024-08-14 07:03:02,BTCUSD_PERP,ask,61100,498.03
2024-08-14 07:04:39,BTCUSD_PERP,bid,59900,532.64
2024-08-14 07:04:43,BTCUSD_PERP,bid,59900,547.01
2024-08-14 07:04:43,BTCUSD_PERP,bid,59900,549.16
2024-08-14 07:04:47,BTCUSD_PERP,bid,59900,531.24
2024-08-14 07:04:47,BTCUSD_PERP,bid,59900,590.6
2024-08-14 07:06:30,BTCUSD_PERP,bid,59900,531.47
2024-08-14 07:06:30,BTCUSD_PERP,bid,59900,590.2
2024-08-14 07:06:30,BTCUSD_PERP,bid,59900,649.53
2024-08-14 07:07:28,BTCUSD_PERP,bid,59900,531.47
2024-08-14 07:07:37,BTCUSD_PERP,bid,59900,533.21
2024-08-14 07:09:59,BTCUSD_PERP,bid,60100,547.38
2024-08-14 07:09:59,BTCUSD_PERP,bid,60100,548.62
2024-08-14 07:10:00,BTCUSD_PERP,bid,60100,607.52
2024-08-14 07:10:34,BTCUSD_PERP,bid,60100,533.1
2024-08-14 07:13:09,BTCUSD_PERP,bid,60100,592.6
2024-08-14 07:13:22,BTCUSD_PERP,bid,60000,721.1
2024-08-14 07:13:51,BTCUSD_PERP,bid,60000,661.63
2024-08-14 07:13:51,BTCUSD_PERP,bid,60000,602.77
2024-08-14 07:13:51,BTCUSD_PERP,bid,60000,543.3
2024-08-14 07:13:52,BTCUSD_PERP,bid,60100,593.7
2024-08-14 07:13:52,BTCUSD_PERP,bid,60100,652.6
2024-08-14 07:13:52,BTCUSD_PERP,bid,60100,712.1
2024-08-14 07:13:53,BTCUSD_PERP,bid,60100,771.0
2024-08-14 07:15:52,BTCUSD_PERP,bid,60000,711.73
2024-08-14 07:16:42,BTCUSD_PERP,bid,60000,592.47
2024-08-14 07:17:46,BTCUSD_PERP,bid,60000,533.03
2024-08-14 07:20:56,BTCUSD_PERP,bid,60000,592.9
2024-08-14 07:20:56,BTCUSD_PERP,bid,60000,652.38
2024-08-14 07:20:57,BTCUSD_PERP,bid,60000,711.86
2024-08-14 07:20:57,BTCUSD_PERP,bid,60000,771.34
2024-08-14 07:21:21,BTCUSD_PERP,bid,60000,711.96
2024-08-14 07:21:21,BTCUSD_PERP,bid,60000,593.6
2024-08-14 07:21:21,BTCUSD_PERP,bid,60000,534.12
2024-08-14 07:21:22,BTCUSD_PERP,bid,60100,534.38
2024-08-14 07:21:22,BTCUSD_PERP,bid,60100,593.3
2024-08-14 07:21:22,BTCUSD_PERP,bid,60100,652.82
2024-08-14 07:21:22,BTCUSD_PERP,bid,60100,712.34
2024-08-14 07:21:23,BTCUSD_PERP,bid,60100,771.86
2024-08-14 07:21:28,BTCUSD_PERP,bid,60100,712.94
2024-08-14 07:21:28,BTCUSD_PERP,bid,60100,653.42
2024-08-14 07:21:28,BTCUSD_PERP,bid,60100,594.5
2024-08-14 07:21:29,BTCUSD_PERP,bid,60100,501.1
2024-08-14 07:21:29,BTCUSD_PERP,bid,60100,560.66
2024-08-14 07:21:29,BTCUSD_PERP,bid,60100,529.52
2024-08-14 07:21:29,BTCUSD_PERP,bid,60100,619.61
2024-08-14 07:21:29,BTCUSD_PERP,bid,60100,678.56
2024-08-14 07:21:29,BTCUSD_PERP,bid,60100,738.02
2024-08-14 07:21:29,BTCUSD_PERP,bid,60100,797.58
2024-08-14 07:21:30,BTCUSD_PERP,bid,60100,856.53
2024-08-14 07:21:30,BTCUSD_PERP,bid,60100,975.65
2024-08-14 07:21:30,BTCUSD_PERP,bid,60100,1094.77
2024-08-14 07:21:33,BTCUSD_PERP,bid,60100,1096.03
2024-08-14 07:21:50,BTCUSD_PERP,bid,60100,918.57
2024-08-14 07:21:51,BTCUSD_PERP,bid,60100,771.32
2024-08-14 07:21:51,BTCUSD_PERP,bid,60100,830.84
2024-08-14 07:21:51,BTCUSD_PERP,bid,60100,890.36
2024-08-14 07:22:05,BTCUSD_PERP,bid,60100,712.5
2024-08-14 07:22:06,BTCUSD_PERP,bid,60100,652.98
2024-08-14 07:22:06,BTCUSD_PERP,bid,60100,593.46
2024-08-14 07:22:06,BTCUSD_PERP,bid,60100,533.94
2024-08-14 07:22:07,BTCUSD_PERP,bid,60100,533.62
2024-08-14 07:22:07,BTCUSD_PERP,bid,60100,593.18
2024-08-14 07:22:07,BTCUSD_PERP,bid,60100,711.69
2024-08-14 07:22:07,BTCUSD_PERP,bid,60100,770.64
2024-08-14 07:23:26,BTCUSD_PERP,bid,60000,668.77
2024-08-14 07:23:29,BTCUSD_PERP,bid,60000,720.16
2024-08-14 07:23:40,BTCUSD_PERP,bid,60000,709.8
2024-08-14 07:24:32,BTCUSD_PERP,bid,60000,651.0
2024-08-14 07:24:32,BTCUSD_PERP,bid,60000,532.8
2024-08-14 07:24:34,BTCUSD_PERP,bid,60000,592.0
2024-08-14 07:24:34,BTCUSD_PERP,bid,60000,710.28
2024-08-14 07:24:34,BTCUSD_PERP,bid,60000,769.72
2024-08-14 07:25:02,BTCUSD_PERP,bid,60000,710.28
2024-08-14 07:25:03,BTCUSD_PERP,bid,60000,651.44
2024-08-14 07:25:03,BTCUSD_PERP,bid,60000,533.16
2024-08-14 07:25:56,BTCUSD_PERP,bid,60100,534.79
2024-08-14 07:26:03,BTCUSD_PERP,bid,60100,536.05
2024-08-14 07:28:04,BTCUSD_PERP,bid,60100,534.79
2024-08-14 07:29:42,BTCUSD_PERP,bid,60100,533.59
2024-08-14 07:29:42,BTCUSD_PERP,bid,60100,592.49
2024-08-14 07:29:52,BTCUSD_PERP,bid,60100,592.53
2024-08-14 07:29:57,BTCUSD_PERP,bid,60100,533.85
2024-08-14 07:30:06,BTCUSD_PERP,bid,60100,533.89
2024-08-14 07:31:08,BTCUSD_PERP,bid,60100,532.56
2024-08-14 07:31:08,BTCUSD_PERP,bid,60100,592.07
2024-08-14 07:31:08,BTCUSD_PERP,bid,60100,711.09
2024-08-14 07:31:09,BTCUSD_PERP,bid,60100,770.6
2024-08-14 07:31:09,BTCUSD_PERP,bid,60100,889.02
2024-08-14 07:32:04,BTCUSD_PERP,bid,60100,830.12
2024-08-14 07:32:04,BTCUSD_PERP,bid,60100,711.1
2024-08-14 07:32:04,BTCUSD_PERP,bid,60100,651.59
2024-08-14 07:32:04,BTCUSD_PERP,bid,60100,592.08
2024-08-14 07:32:05,BTCUSD_PERP,bid,60100,532.57
2024-08-14 07:36:24,BTCUSD_PERP,bid,60200,533.87
2024-08-14 07:36:25,BTCUSD_PERP,bid,60200,593.47
2024-08-14 07:36:25,BTCUSD_PERP,bid,60200,653.07
2024-08-14 07:36:25,BTCUSD_PERP,bid,60200,712.67
2024-08-14 07:36:41,BTCUSD_PERP,bid,60200,594.68
2024-08-14 07:36:41,BTCUSD_PERP,bid,60100,534.2
2024-08-14 07:36:41,BTCUSD_PERP,bid,60100,653.34
2024-08-14 07:36:41,BTCUSD_PERP,bid,60100,712.91
2024-08-14 07:37:26,BTCUSD_PERP,bid,60100,653.95
2024-08-14 07:37:26,BTCUSD_PERP,bid,60100,594.99
2024-08-14 07:37:27,BTCUSD_PERP,bid,60100,535.42
2024-08-14 07:37:28,BTCUSD_PERP,bid,60200,535.7
2024-08-14 07:37:29,BTCUSD_PERP,bid,60200,535.74
2024-08-14 07:39:09,BTCUSD_PERP,bid,60200,535.45
2024-08-14 07:39:09,BTCUSD_PERP,bid,60200,714.37
2024-08-14 07:39:09,BTCUSD_PERP,bid,60100,520.66
2024-08-14 07:39:09,BTCUSD_PERP,bid,60200,774.01
2024-08-14 07:39:09,BTCUSD_PERP,bid,60200,833.04
2024-08-14 07:39:36,BTCUSD_PERP,bid,60200,773.4
2024-08-14 07:39:36,BTCUSD_PERP,bid,60200,950.52
2024-08-14 07:39:36,BTCUSD_PERP,bid,60100,519.94
2024-08-14 07:39:36,BTCUSD_PERP,bid,60200,1009.52
2024-08-14 07:39:36,BTCUSD_PERP,bid,60100,579.44
2024-08-14 07:39:36,BTCUSD_PERP,bid,60200,1069.12
2024-08-14 07:40:52,BTCUSD_PERP,bid,60200,1009.52
2024-08-14 07:40:52,BTCUSD_PERP,bid,60100,520.34
2024-08-14 07:40:52,BTCUSD_PERP,bid,60200,949.92
2024-08-14 07:40:52,BTCUSD_PERP,bid,60200,890.92
2024-08-14 07:40:53,BTCUSD_PERP,bid,60200,772.32
2024-08-14 07:40:53,BTCUSD_PERP,bid,60200,653.72
2024-08-14 07:40:53,BTCUSD_PERP,bid,60200,594.12
2024-08-14 07:40:53,BTCUSD_PERP,bid,60200,594.46
2024-08-14 07:40:53,BTCUSD_PERP,bid,60200,713.13
2024-08-14 07:40:53,BTCUSD_PERP,bid,60200,772.16
2024-08-14 07:40:54,BTCUSD_PERP,bid,60200,831.19
2024-08-14 07:40:54,BTCUSD_PERP,bid,60100,579.75
2024-08-14 07:40:54,BTCUSD_PERP,bid,60200,950.47
2024-08-14 07:40:54,BTCUSD_PERP,bid,60200,1010.11
2024-08-14 07:40:54,BTCUSD_PERP,bid,60200,1069.75
2024-08-14 07:41:02,BTCUSD_PERP,bid,47000,2451.89
2024-08-14 07:42:07,BTCUSD_PERP,bid,60200,1010.11
2024-08-14 07:42:07,BTCUSD_PERP,bid,60200,891.44
2024-08-14 07:42:08,BTCUSD_PERP,bid,60200,772.16
2024-08-14 07:42:08,BTCUSD_PERP,bid,60200,534.32
2024-08-14 07:42:08,BTCUSD_PERP,bid,60200,594.18
2024-08-14 07:42:08,BTCUSD_PERP,bid,60200,653.85
2024-08-14 07:42:08,BTCUSD_PERP,bid,60200,772.59
2024-08-14 07:42:09,BTCUSD_PERP,bid,60200,891.32
2024-08-14 07:42:09,BTCUSD_PERP,bid,60200,950.99
2024-08-14 07:42:09,BTCUSD_PERP,bid,60200,1069.73
2024-08-14 07:42:57,BTCUSD_PERP,bid,60200,1010.06
2024-08-14 07:42:57,BTCUSD_PERP,bid,60100,520.26
2024-08-14 07:42:57,BTCUSD_PERP,bid,60200,950.48
2024-08-14 07:42:58,BTCUSD_PERP,bid,60100,579.8
2024-08-14 07:42:58,BTCUSD_PERP,bid,60200,1010.12
2024-08-14 07:42:58,BTCUSD_PERP,bid,60200,1069.15
2024-08-14 07:43:22,BTCUSD_PERP,bid,60200,1009.51
2024-08-14 07:43:22,BTCUSD_PERP,bid,60200,534.55
2024-08-14 07:43:22,BTCUSD_PERP,bid,60100,520.0
2024-08-14 07:43:22,BTCUSD_PERP,bid,60200,890.38
2024-08-14 07:43:22,BTCUSD_PERP,bid,60100,579.51
2024-08-14 07:43:22,BTCUSD_PERP,bid,60200,949.99
2024-08-14 07:43:39,BTCUSD_PERP,bid,60200,890.38
2024-08-14 07:43:39,BTCUSD_PERP,bid,60100,519.96
2024-08-14 07:44:16,BTCUSD_PERP,bid,60200,712.77
2024-08-14 07:44:54,BTCUSD_PERP,ask,61300,497.32
2024-08-14 07:44:54,BTCUSD_PERP,ask,61300,512.94
2024-08-14 07:50:38,BTCUSD_PERP,bid,60200,534.77
2024-08-14 07:50:38,BTCUSD_PERP,bid,60200,594.46
2024-08-14 07:50:38,BTCUSD_PERP,bid,60200,653.54
