2024-09-14 14:36:56,SOLUSDT,ask,144,37884.0
2024-09-14 14:37:10,SOLUSDT,bid,135,9776.0
2024-09-14 14:37:12,SOLUSDT,ask,140,33386.0
2024-09-14 14:37:16,SOLUSDT,bid,135,9780.0
2024-09-14 14:39:55,SOLUSDT,ask,141,9387.0
2024-09-14 14:40:08,SOLUSDT,ask,145,24249.0
2024-09-14 14:40:24,SOLUSDT,bid,135,9782.0
2024-09-14 14:40:49,SOLUSDT,bid,128,8662.0
2024-09-14 14:41:14,SOLUSDT,bid,135,9787.0
2024-09-14 14:42:05,SOLUSDT,ask,147,21387.0
2024-09-14 14:42:09,SOLUSDT,ask,145,24247.0
2024-09-14 14:42:16,SOLUSDT,ask,146,15702.0
2024-09-14 14:42:16,SOLUSDT,ask,144,37875.0
2024-09-14 14:42:17,SOLUSDT,ask,144,37914.0
2024-09-14 14:42:17,SOLUSDT,ask,140,33370.0
2024-09-14 14:42:34,SOLUSDT,bid,133,10272.0
2024-09-14 14:42:34,SOLUSDT,bid,110,20481.0
2024-09-14 14:42:37,SOLUSDT,ask,141,10264.0
2024-09-14 14:43:32,SOLUSDT,ask,144,37875.0
2024-09-14 14:43:59,SOLUSDT,ask,143,14035.0
2024-09-14 14:44:10,SOLUSDT,bid,135,9781.0
2024-09-14 14:44:51,SOLUSDT,ask,140,33371.0
2024-09-14 14:44:57,SOLUSDT,ask,141,9388.0
2024-09-14 14:45:30,SOLUSDT,ask,146,15698.0
2024-09-14 14:46:15,SOLUSDT,bid,135,9606.0
2024-09-14 14:46:34,SOLUSDT,bid,128,8660.0
2024-09-14 14:46:37,SOLUSDT,bid,110,20472.0
2024-09-14 14:46:53,SOLUSDT,bid,110,20463.0
2024-09-14 14:47:12,SOLUSDT,ask,140,33377.0
2024-09-14 14:47:34,SOLUSDT,bid,135,9616.0
2024-09-14 14:48:24,SOLUSDT,ask,146,15630.0
2024-09-14 14:48:52,SOLUSDT,ask,144,39233.0
2024-09-14 14:48:52,SOLUSDT,bid,135,9538.0
2024-09-14 14:49:24,SOLUSDT,ask,143,23658.0
2024-09-14 14:49:27,SOLUSDT,bid,110,20464.0
2024-09-14 14:49:27,SOLUSDT,bid,110,20463.0
2024-09-14 14:49:28,SOLUSDT,bid,110,20464.0
2024-09-14 14:49:28,SOLUSDT,bid,110,20463.0
2024-09-14 14:49:28,SOLUSDT,bid,110,20463.0
2024-09-14 14:49:30,SOLUSDT,bid,110,20463.0
2024-09-14 14:49:30,SOLUSDT,bid,110,20463.0
2024-09-14 14:49:30,SOLUSDT,bid,110,20464.0
2024-09-14 14:49:30,SOLUSDT,bid,110,20463.0
2024-09-14 14:49:31,SOLUSDT,bid,110,20463.0
2024-09-14 14:49:31,SOLUSDT,bid,110,20463.0
2024-09-14 14:49:32,SOLUSDT,bid,110,20463.0
2024-09-14 14:49:32,SOLUSDT,bid,110,20463.0
2024-09-14 14:49:32,SOLUSDT,bid,110,20463.0
2024-09-14 14:49:32,SOLUSDT,bid,110,20464.0
2024-09-14 14:49:32,SOLUSDT,bid,110,20463.0
2024-09-14 14:49:36,SOLUSDT,bid,110,20463.0
2024-09-14 14:49:36,SOLUSDT,bid,110,20463.0
2024-09-14 14:49:37,SOLUSDT,bid,110,20463.0
2024-09-14 14:49:37,SOLUSDT,bid,110,20464.0
2024-09-14 14:49:37,SOLUSDT,bid,110,20463.0
2024-09-14 14:49:37,SOLUSDT,bid,110,20464.0
2024-09-14 14:49:37,SOLUSDT,bid,110,20463.0
2024-09-14 14:49:37,SOLUSDT,bid,110,20464.0
2024-09-14 14:49:37,SOLUSDT,bid,110,20463.0
2024-09-14 14:49:38,SOLUSDT,bid,110,20464.0
2024-09-14 14:49:38,SOLUSDT,bid,110,20463.0
2024-09-14 14:49:38,SOLUSDT,bid,110,20463.0
2024-09-14 14:49:38,SOLUSDT,bid,110,20463.0
2024-09-14 14:49:38,SOLUSDT,bid,110,20463.0
2024-09-14 14:49:38,SOLUSDT,bid,110,20463.0
2024-09-14 14:49:38,SOLUSDT,bid,110,20463.0
2024-09-14 14:49:40,SOLUSDT,bid,110,20463.0
2024-09-14 14:49:40,SOLUSDT,bid,110,20463.0
2024-09-14 14:49:40,SOLUSDT,bid,110,20464.0
2024-09-14 14:49:40,SOLUSDT,bid,110,20463.0
2024-09-14 14:49:40,SOLUSDT,bid,110,20464.0
2024-09-14 14:49:40,SOLUSDT,bid,110,20463.0
2024-09-14 14:49:41,SOLUSDT,bid,110,20464.0
2024-09-14 14:49:41,SOLUSDT,bid,110,20463.0
2024-09-14 14:49:43,SOLUSDT,bid,110,20464.0
2024-09-14 14:49:43,SOLUSDT,bid,110,20463.0
2024-09-14 14:49:43,SOLUSDT,bid,110,20463.0
2024-09-14 14:49:43,SOLUSDT,bid,110,20463.0
2024-09-14 14:49:43,SOLUSDT,bid,110,20463.0
2024-09-14 14:49:44,SOLUSDT,bid,110,20463.0
2024-09-14 14:49:46,SOLUSDT,bid,110,20463.0
2024-09-14 14:49:46,SOLUSDT,bid,110,20463.0
2024-09-14 14:49:46,SOLUSDT,bid,110,20464.0
2024-09-14 14:49:46,SOLUSDT,bid,110,20463.0
2024-09-14 14:49:46,SOLUSDT,bid,120,15367.0
2024-09-14 14:49:46,SOLUSDT,bid,125,12284.0
2024-09-14 14:49:46,SOLUSDT,bid,110,20464.0
2024-09-14 14:49:47,SOLUSDT,bid,110,20463.0
2024-09-14 14:49:47,SOLUSDT,bid,110,20464.0
2024-09-14 14:49:47,SOLUSDT,bid,110,20463.0
2024-09-14 14:49:47,SOLUSDT,bid,110,20464.0
2024-09-14 14:49:47,SOLUSDT,bid,110,20463.0
2024-09-14 14:49:50,SOLUSDT,bid,110,20463.0
2024-09-14 14:49:50,SOLUSDT,bid,110,20463.0
2024-09-14 14:49:50,SOLUSDT,bid,110,20463.0
2024-09-14 14:49:50,SOLUSDT,bid,110,20463.0
2024-09-14 14:49:50,SOLUSDT,bid,110,20463.0
2024-09-14 14:49:50,SOLUSDT,bid,110,20464.0
2024-09-14 14:49:50,SOLUSDT,bid,110,20463.0
2024-09-14 14:49:53,SOLUSDT,bid,110,20464.0
2024-09-14 14:49:53,SOLUSDT,bid,110,20463.0
2024-09-14 14:49:54,SOLUSDT,bid,110,20464.0
2024-09-14 14:49:54,SOLUSDT,bid,110,20463.0
2024-09-14 14:49:54,SOLUSDT,bid,110,20463.0
2024-09-14 14:49:54,SOLUSDT,bid,110,20464.0
2024-09-14 14:49:54,SOLUSDT,bid,110,20463.0
2024-09-14 14:49:54,SOLUSDT,bid,110,20464.0
2024-09-14 14:49:54,SOLUSDT,bid,110,20463.0
2024-09-14 14:49:54,SOLUSDT,bid,110,20464.0
2024-09-14 14:49:54,SOLUSDT,bid,110,20463.0
2024-09-14 14:49:58,SOLUSDT,bid,110,20463.0
2024-09-14 14:49:58,SOLUSDT,bid,110,20463.0
2024-09-14 14:49:58,SOLUSDT,bid,110,20463.0
2024-09-14 14:49:58,SOLUSDT,bid,110,20463.0
2024-09-14 14:49:58,SOLUSDT,bid,110,20464.0
2024-09-14 14:49:58,SOLUSDT,bid,110,20463.0
2024-09-14 14:49:58,SOLUSDT,bid,110,20464.0
2024-09-14 14:49:58,SOLUSDT,bid,110,20463.0
2024-09-14 14:50:00,SOLUSDT,bid,110,20464.0
2024-09-14 14:50:00,SOLUSDT,bid,110,20463.0
2024-09-14 14:50:00,SOLUSDT,bid,110,20464.0
2024-09-14 14:50:00,SOLUSDT,bid,110,20463.0
2024-09-14 14:50:00,SOLUSDT,bid,110,20464.0
2024-09-14 14:50:00,SOLUSDT,bid,110,20463.0
2024-09-14 14:50:00,SOLUSDT,bid,110,20464.0
2024-09-14 14:50:00,SOLUSDT,bid,110,20463.0
2024-09-14 14:50:01,SOLUSDT,bid,125,12283.0
2024-09-14 14:50:01,SOLUSDT,bid,128,8659.0
2024-09-14 14:50:01,SOLUSDT,bid,110,20463.0
2024-09-14 14:50:01,SOLUSDT,bid,110,20463.0
2024-09-14 14:50:02,SOLUSDT,bid,110,20463.0
2024-09-14 14:50:02,SOLUSDT,bid,110,20463.0
2024-09-14 14:50:12,SOLUSDT,bid,135,9558.0
2024-09-14 14:51:37,SOLUSDT,bid,133,10265.0
2024-09-14 14:51:37,SOLUSDT,ask,141,10264.0
2024-09-14 14:51:38,SOLUSDT,bid,110,20464.0
2024-09-14 14:51:38,SOLUSDT,bid,110,20463.0
2024-09-14 14:51:40,SOLUSDT,bid,110,20464.0
2024-09-14 14:51:40,SOLUSDT,bid,110,20463.0
2024-09-14 14:51:40,SOLUSDT,bid,110,20464.0
2024-09-14 14:51:40,SOLUSDT,bid,110,20463.0
2024-09-14 14:51:40,SOLUSDT,bid,110,20464.0
2024-09-14 14:51:40,SOLUSDT,bid,110,20463.0
2024-09-14 14:51:43,SOLUSDT,bid,110,20464.0
2024-09-14 14:51:43,SOLUSDT,bid,110,20463.0
2024-09-14 14:51:43,SOLUSDT,bid,110,20464.0
2024-09-14 14:51:43,SOLUSDT,bid,110,20463.0
2024-09-14 14:51:43,SOLUSDT,bid,110,20464.0
2024-09-14 14:51:43,SOLUSDT,bid,110,20463.0
2024-09-14 14:51:43,SOLUSDT,bid,110,20464.0
2024-09-14 14:51:43,SOLUSDT,bid,110,20463.0
2024-09-14 14:51:44,SOLUSDT,bid,110,20464.0
2024-09-14 14:51:44,SOLUSDT,bid,110,20463.0
2024-09-14 14:51:44,SOLUSDT,bid,110,20464.0
2024-09-14 14:51:44,SOLUSDT,bid,110,20463.0
2024-09-14 14:51:44,SOLUSDT,bid,110,20464.0
2024-09-14 14:51:44,SOLUSDT,bid,110,20463.0
2024-09-14 14:51:47,SOLUSDT,bid,110,20464.0
2024-09-14 14:51:47,SOLUSDT,bid,110,20463.0
2024-09-14 14:51:47,SOLUSDT,bid,110,20464.0
2024-09-14 14:51:47,SOLUSDT,bid,110,20463.0
2024-09-14 14:51:47,SOLUSDT,bid,110,20464.0
2024-09-14 14:51:47,SOLUSDT,bid,110,20463.0
2024-09-14 14:51:47,SOLUSDT,bid,110,20463.0
2024-09-14 14:51:48,SOLUSDT,bid,110,20463.0
2024-09-14 14:51:48,SOLUSDT,bid,110,20463.0
2024-09-14 14:51:48,SOLUSDT,bid,110,20463.0
2024-09-14 14:51:50,SOLUSDT,bid,110,20464.0
2024-09-14 14:51:50,SOLUSDT,bid,110,20463.0
2024-09-14 14:51:50,SOLUSDT,bid,110,20464.0
2024-09-14 14:51:50,SOLUSDT,bid,110,20463.0
2024-09-14 14:51:50,SOLUSDT,bid,110,20463.0
2024-09-14 14:51:50,SOLUSDT,bid,110,20463.0
2024-09-14 14:51:53,SOLUSDT,bid,110,20463.0
2024-09-14 14:51:53,SOLUSDT,bid,110,20463.0
2024-09-14 14:51:53,SOLUSDT,bid,110,20463.0
2024-09-14 14:51:53,SOLUSDT,bid,110,20463.0
2024-09-14 14:51:53,SOLUSDT,bid,110,20463.0
2024-09-14 14:51:54,SOLUSDT,bid,110,20463.0
2024-09-14 14:51:55,SOLUSDT,bid,110,20464.0
2024-09-14 14:51:55,SOLUSDT,bid,110,20463.0
2024-09-14 14:51:55,SOLUSDT,bid,110,20463.0
2024-09-14 14:51:55,SOLUSDT,bid,110,20464.0
2024-09-14 14:51:55,SOLUSDT,bid,110,20463.0
2024-09-14 14:51:55,SOLUSDT,bid,110,20463.0
2024-09-14 14:51:58,SOLUSDT,bid,110,20463.0
2024-09-14 14:51:58,SOLUSDT,bid,110,20463.0
2024-09-14 14:51:58,SOLUSDT,bid,110,20464.0
2024-09-14 14:51:58,SOLUSDT,bid,110,20463.0
2024-09-14 14:52:00,SOLUSDT,bid,110,20463.0
2024-09-14 14:52:29,SOLUSDT,ask,140,33372.0
2024-09-14 14:52:46,SOLUSDT,ask,145,24248.0
2024-09-14 14:53:04,SOLUSDT,ask,171,8078.0
2024-09-14 14:53:34,SOLUSDT,bid,115,11302.0
2024-09-14 14:53:39,SOLUSDT,bid,135,9543.0
2024-09-14 14:54:04,SOLUSDT,ask,141,9369.0
2024-09-14 14:54:09,SOLUSDT,bid,128,8665.0
2024-09-14 14:54:17,SOLUSDT,bid,82,24247.0
2024-09-14 14:54:25,SOLUSDT,ask,143,23656.0
2024-09-14 14:54:42,SOLUSDT,ask,141,9366.0
2024-09-14 14:54:46,SOLUSDT,bid,135,9643.0
2024-09-14 14:55:09,SOLUSDT,ask,145,24243.0
2024-09-14 14:55:11,SOLUSDT,bid,135,9638.0
2024-09-14 14:55:14,SOLUSDT,bid,135,9643.0
2024-09-14 14:55:24,SOLUSDT,bid,135,9635.0
2024-09-14 14:56:30,SOLUSDT,bid,112,15291.0
2024-09-14 14:57:09,SOLUSDT,ask,141,14318.0
2024-09-14 14:57:38,SOLUSDT,ask,140,33362.0
2024-09-14 14:58:05,SOLUSDT,bid,82,24247.0
2024-09-14 14:58:36,SOLUSDT,ask,145,24242.0
2024-09-14 14:58:38,SOLUSDT,bid,135,9633.0
2024-09-14 14:58:52,SOLUSDT,ask,140,33363.0
2024-09-14 14:59:44,SOLUSDT,ask,144,37874.0
2024-09-14 15:00:06,SOLUSDT,bid,125,12294.0
2024-09-14 15:00:46,SOLUSDT,ask,140,33349.0
2024-09-14 15:00:47,SOLUSDT,ask,140,33342.0
2024-09-14 15:01:14,SOLUSDT,bid,135,9630.0
2024-09-14 15:01:58,SOLUSDT,ask,140,33285.0
2024-09-14 15:01:59,SOLUSDT,bid,135,9607.0
2024-09-14 15:02:10,SOLUSDT,ask,141,14212.0
2024-09-14 15:02:14,SOLUSDT,ask,140,14963.0
2024-09-14 15:02:20,SOLUSDT,bid,135,9624.0
2024-09-14 15:02:25,SOLUSDT,bid,133,10264.0
2024-09-14 15:02:25,SOLUSDT,ask,141,10265.0
2024-09-14 15:03:05,SOLUSDT,bid,135,9625.0
2024-09-14 15:03:22,SOLUSDT,bid,135,9624.0
2024-09-14 15:03:24,SOLUSDT,bid,135,9620.0
2024-09-14 15:03:55,SOLUSDT,bid,135,9621.0
2024-09-14 15:04:46,SOLUSDT,bid,135,9619.0
2024-09-14 15:04:54,SOLUSDT,ask,145,24236.0
2024-09-14 15:05:03,SOLUSDT,bid,135,9733.0
2024-09-14 15:05:03,SOLUSDT,bid,125,12283.0
2024-09-14 15:05:54,SOLUSDT,bid,135,9734.0
2024-09-14 15:06:03,SOLUSDT,ask,140,33286.0
2024-09-14 15:06:07,SOLUSDT,ask,141,9367.0
2024-09-14 15:07:04,SOLUSDT,bid,135,9741.0
2024-09-14 15:07:08,SOLUSDT,ask,140,33291.0
2024-09-14 15:07:09,SOLUSDT,bid,135,9734.0
2024-09-14 15:07:14,SOLUSDT,ask,140,14468.0
2024-09-14 15:08:03,SOLUSDT,bid,135,9740.0
2024-09-14 15:08:04,SOLUSDT,bid,135,9746.0
2024-09-14 15:08:15,SOLUSDT,bid,128,8666.0
2024-09-14 15:08:15,SOLUSDT,bid,128,8654.0
2024-09-14 15:08:25,SOLUSDT,bid,128,8653.0
2024-09-14 15:08:32,SOLUSDT,ask,140,33290.0
2024-09-14 15:09:00,SOLUSDT,bid,135,9740.0
2024-09-14 15:09:00,SOLUSDT,bid,135,9734.0
2024-09-14 15:10:03,SOLUSDT,ask,144,37875.0
2024-09-14 15:10:20,SOLUSDT,bid,135,9735.0
2024-09-14 15:10:29,SOLUSDT,ask,145,24764.0
2024-09-14 15:10:36,SOLUSDT,bid,135,9736.0
2024-09-14 15:11:18,SOLUSDT,bid,135,9747.0
2024-09-14 15:11:35,SOLUSDT,bid,135,9746.0
2024-09-14 15:12:26,SOLUSDT,bid,135,9775.0
2024-09-14 15:12:27,SOLUSDT,bid,133,10264.0
2024-09-14 15:12:29,SOLUSDT,ask,141,10264.0
2024-09-14 15:13:19,SOLUSDT,bid,135,9762.0
2024-09-14 15:13:21,SOLUSDT,bid,135,9705.0
2024-09-14 15:13:52,SOLUSDT,ask,140,33304.0
2024-09-14 15:14:11,SOLUSDT,bid,128,8647.0
2024-09-14 15:14:34,SOLUSDT,bid,135,9676.0
2024-09-14 15:14:38,SOLUSDT,ask,140,33276.0
2024-09-14 15:14:38,SOLUSDT,ask,145,14668.0
2024-09-14 15:14:47,SOLUSDT,bid,135,9716.0
2024-09-14 15:15:09,SOLUSDT,ask,140,33273.0
2024-09-14 15:15:18,SOLUSDT,ask,145,24770.0
2024-09-14 15:15:23,SOLUSDT,bid,135,9750.0
2024-09-14 15:15:42,SOLUSDT,bid,135,9747.0
2024-09-14 15:16:15,SOLUSDT,bid,128,8649.0
2024-09-14 15:16:53,SOLUSDT,bid,135,9748.0
2024-09-14 15:17:04,SOLUSDT,bid,135,9750.0
2024-09-14 15:17:28,SOLUSDT,bid,128,8651.0
2024-09-14 15:17:34,SOLUSDT,ask,140,33275.0
2024-09-14 15:17:39,SOLUSDT,ask,145,24768.0
2024-09-14 15:17:43,SOLUSDT,bid,120,15284.0
2024-09-14 15:17:43,SOLUSDT,bid,125,12086.0
2024-09-14 15:17:43,SOLUSDT,bid,128,8559.0
2024-09-14 15:19:23,SOLUSDT,bid,135,9751.0
2024-09-14 15:19:23,SOLUSDT,ask,140,34582.0
2024-09-14 15:19:23,SOLUSDT,bid,135,11022.0
2024-09-14 15:19:29,SOLUSDT,ask,140,34579.0
2024-09-14 15:19:34,SOLUSDT,bid,135,10983.0
2024-09-14 15:19:53,SOLUSDT,ask,140,34578.0
2024-09-14 15:20:04,SOLUSDT,ask,140,33271.0
2024-09-14 15:20:04,SOLUSDT,bid,135,9712.0
2024-09-14 15:20:15,SOLUSDT,bid,120,15288.0
2024-09-14 15:20:43,SOLUSDT,ask,140,33270.0
2024-09-14 15:21:11,SOLUSDT,ask,146,15623.0
2024-09-14 15:21:37,SOLUSDT,bid,133,11003.0
2024-09-14 15:21:37,SOLUSDT,bid,133,11009.0
2024-09-14 15:21:37,SOLUSDT,ask,141,10264.0
2024-09-14 15:22:18,SOLUSDT,bid,135,9714.0
2024-09-14 15:22:36,SOLUSDT,bid,135,9680.0
2024-09-14 15:23:03,SOLUSDT,ask,143,14034.0
2024-09-14 15:23:03,SOLUSDT,ask,143,14033.0
2024-09-14 15:23:08,SOLUSDT,bid,128,8558.0
2024-09-14 15:23:12,SOLUSDT,bid,135,9681.0
2024-09-14 15:23:39,SOLUSDT,ask,151,14762.0
2024-09-14 15:23:48,SOLUSDT,ask,151,14761.0
2024-09-14 15:24:00,SOLUSDT,bid,135,9679.0
2024-09-14 15:24:03,SOLUSDT,ask,140,33269.0
2024-09-14 15:24:13,SOLUSDT,ask,140,33268.0
2024-09-14 15:24:20,SOLUSDT,bid,135,9662.0
2024-09-14 15:24:25,SOLUSDT,bid,112,15308.0
2024-09-14 15:24:34,SOLUSDT,bid,135,9691.0
2024-09-14 15:24:48,SOLUSDT,ask,140,33129.0
2024-09-14 15:25:22,SOLUSDT,bid,115,10713.0
2024-09-14 15:26:06,SOLUSDT,ask,145,20667.0
2024-09-14 15:26:13,SOLUSDT,ask,145,24763.0
2024-09-14 15:26:23,SOLUSDT,bid,120,15262.0
2024-09-14 15:26:31,SOLUSDT,bid,135,9696.0
2024-09-14 15:26:32,SOLUSDT,ask,147,21392.0
2024-09-14 15:26:36,SOLUSDT,ask,147,21437.0
2024-09-14 15:27:38,SOLUSDT,ask,146,15627.0
2024-09-14 15:27:57,SOLUSDT,bid,135,9691.0
2024-09-14 15:27:57,SOLUSDT,ask,147,21392.0
2024-09-14 15:27:57,SOLUSDT,bid,135,9681.0
2024-09-14 15:28:15,SOLUSDT,bid,120,15261.0
2024-09-14 15:28:15,SOLUSDT,ask,141,9463.0
2024-09-14 15:28:25,SOLUSDT,bid,135,9713.0
2024-09-14 15:28:31,SOLUSDT,bid,135,9714.0
2024-09-14 15:28:31,SOLUSDT,bid,133,11010.0
2024-09-14 15:28:37,SOLUSDT,bid,135,9814.0
2024-09-14 15:28:50,SOLUSDT,bid,135,9830.0
2024-09-14 15:29:00,SOLUSDT,bid,120,15262.0
2024-09-14 15:29:08,SOLUSDT,bid,135,9838.0
2024-09-14 15:29:09,SOLUSDT,bid,112,15291.0
2024-09-14 15:29:24,SOLUSDT,ask,140,33126.0
2024-09-14 15:29:25,SOLUSDT,bid,120,15261.0
2024-09-14 15:29:29,SOLUSDT,ask,140,33125.0
2024-09-14 15:29:33,SOLUSDT,ask,140,33095.0
2024-09-14 15:30:18,SOLUSDT,ask,140,33096.0
2024-09-14 15:31:01,SOLUSDT,ask,141,9437.0
2024-09-14 15:31:13,SOLUSDT,bid,135,9837.0
2024-09-14 15:31:37,SOLUSDT,bid,125,12121.0
2024-09-14 15:31:40,SOLUSDT,bid,135,9844.0
2024-09-14 15:31:47,SOLUSDT,ask,141,9436.0
2024-09-14 15:32:12,SOLUSDT,bid,135,9842.0
2024-09-14 15:32:41,SOLUSDT,bid,115,10714.0
2024-09-14 15:32:45,SOLUSDT,bid,133,10266.0
2024-09-14 15:32:47,SOLUSDT,bid,135,8213.0
2024-09-14 15:32:47,SOLUSDT,ask,141,10268.0
2024-09-14 15:33:05,SOLUSDT,bid,135,8211.0
2024-09-14 15:33:30,SOLUSDT,bid,135,9834.0
2024-09-14 15:34:33,SOLUSDT,bid,135,9844.0
2024-09-14 15:35:39,SOLUSDT,bid,135,9845.0
2024-09-14 15:36:17,SOLUSDT,bid,133,10274.0
2024-09-14 15:36:51,SOLUSDT,bid,135,9861.0
2024-09-14 15:37:19,SOLUSDT,bid,133,10266.0
2024-09-14 15:37:20,SOLUSDT,ask,141,9431.0
2024-09-14 15:37:35,SOLUSDT,bid,135,9862.0
2024-09-14 15:38:25,SOLUSDT,ask,140,33095.0
2024-09-14 15:38:51,SOLUSDT,bid,128,8562.0
2024-09-14 15:39:01,SOLUSDT,bid,135,9861.0
2024-09-14 15:39:05,SOLUSDT,bid,135,9910.0
2024-09-14 15:39:06,SOLUSDT,bid,135,9922.0
2024-09-14 15:39:15,SOLUSDT,bid,135,9940.0
2024-09-14 15:39:30,SOLUSDT,ask,145,24235.0
2024-09-14 15:39:31,SOLUSDT,bid,135,8212.0
2024-09-14 15:39:32,SOLUSDT,bid,135,8211.0
2024-09-14 15:39:38,SOLUSDT,bid,120,15230.0
2024-09-14 15:39:46,SOLUSDT,bid,135,9946.0
2024-09-14 15:39:47,SOLUSDT,bid,120,15303.0
2024-09-14 15:39:52,SOLUSDT,ask,140,33052.0
2024-09-14 15:40:03,SOLUSDT,bid,120,15323.0
2024-09-14 15:40:05,SOLUSDT,bid,125,12094.0
2024-09-14 15:40:14,SOLUSDT,bid,120,15303.0
2024-09-14 15:40:18,SOLUSDT,bid,125,12059.0
2024-09-14 15:40:19,SOLUSDT,ask,145,24236.0
2024-09-14 15:40:23,SOLUSDT,bid,120,15230.0
2024-09-14 15:40:23,SOLUSDT,bid,128,8605.0
2024-09-14 15:40:24,SOLUSDT,bid,120,15263.0
2024-09-14 15:40:40,SOLUSDT,bid,135,9948.0
2024-09-14 15:40:40,SOLUSDT,bid,135,9928.0
2024-09-14 15:41:15,SOLUSDT,ask,144,37886.0
2024-09-14 15:41:35,SOLUSDT,bid,128,8601.0
2024-09-14 15:42:04,SOLUSDT,bid,120,15262.0
2024-09-14 15:42:17,SOLUSDT,bid,133,10301.0
2024-09-14 15:42:18,SOLUSDT,bid,135,8211.0
2024-09-14 15:42:18,SOLUSDT,ask,140,10272.0
2024-09-14 15:42:24,SOLUSDT,bid,125,12058.0
2024-09-14 15:42:27,SOLUSDT,bid,135,9927.0
2024-09-14 15:42:29,SOLUSDT,ask,144,37892.0
2024-09-14 15:42:34,SOLUSDT,bid,120,15260.0
2024-09-14 15:43:05,SOLUSDT,ask,140,33091.0
2024-09-14 15:43:06,SOLUSDT,bid,135,9936.0
2024-09-14 15:43:17,SOLUSDT,bid,135,9886.0
2024-09-14 15:43:36,SOLUSDT,bid,125,12098.0
2024-09-14 15:43:47,SOLUSDT,ask,140,10271.0
2024-09-14 15:44:21,SOLUSDT,bid,135,9880.0
2024-09-14 15:44:32,SOLUSDT,bid,135,9887.0
2024-09-14 15:44:52,SOLUSDT,ask,140,14531.0
2024-09-14 15:44:53,SOLUSDT,bid,133,10264.0
2024-09-14 15:45:41,SOLUSDT,bid,133,10272.0
2024-09-14 15:45:42,SOLUSDT,bid,128,8636.0
2024-09-14 15:46:08,SOLUSDT,ask,140,33090.0
2024-09-14 15:46:34,SOLUSDT,bid,132,10267.0
2024-09-14 15:46:35,SOLUSDT,bid,135,8216.0
2024-09-14 15:46:35,SOLUSDT,ask,140,10264.0
2024-09-14 15:46:55,SOLUSDT,ask,141,14297.0
2024-09-14 15:46:57,SOLUSDT,ask,146,15622.0
2024-09-14 15:47:00,SOLUSDT,bid,135,9884.0
2024-09-14 15:47:09,SOLUSDT,bid,110,20459.0
2024-09-14 15:47:40,SOLUSDT,ask,140,33031.0
2024-09-14 15:48:02,SOLUSDT,bid,120,15261.0
2024-09-14 15:48:12,SOLUSDT,bid,135,9893.0
2024-09-14 15:48:16,SOLUSDT,ask,147,21370.0
2024-09-14 15:48:16,SOLUSDT,ask,144,37886.0
2024-09-14 15:48:21,SOLUSDT,bid,135,9929.0
2024-09-14 15:48:29,SOLUSDT,bid,135,9930.0
2024-09-14 15:48:30,SOLUSDT,bid,135,9932.0
2024-09-14 15:48:35,SOLUSDT,ask,141,14212.0
2024-09-14 15:49:17,SOLUSDT,bid,135,10262.0
2024-09-14 15:49:19,SOLUSDT,bid,128,8716.0
2024-09-14 15:49:32,SOLUSDT,bid,135,10269.0
2024-09-14 15:49:34,SOLUSDT,bid,128,8713.0
2024-09-14 15:49:39,SOLUSDT,ask,140,14533.0
2024-09-14 15:49:46,SOLUSDT,bid,120,15260.0
2024-09-14 15:49:46,SOLUSDT,ask,144,37885.0
2024-09-14 15:49:47,SOLUSDT,bid,135,10268.0
2024-09-14 15:49:53,SOLUSDT,ask,140,14531.0
2024-09-14 15:50:05,SOLUSDT,bid,96,53057.0
2024-09-14 15:50:15,SOLUSDT,ask,145,24227.0
2024-09-14 15:50:33,SOLUSDT,bid,135,10261.0
2024-09-14 15:50:42,SOLUSDT,bid,120,15237.0
2024-09-14 15:50:53,SOLUSDT,ask,145,24217.0
2024-09-14 15:50:57,SOLUSDT,bid,128,8704.0
2024-09-14 15:51:00,SOLUSDT,ask,144,37878.0
2024-09-14 15:51:15,SOLUSDT,bid,135,10251.0
2024-09-14 15:51:16,SOLUSDT,ask,140,14533.0
2024-09-14 15:51:28,SOLUSDT,ask,140,14531.0
2024-09-14 15:51:36,SOLUSDT,ask,140,33029.0
2024-09-14 15:51:51,SOLUSDT,ask,140,33097.0
2024-09-14 15:52:07,SOLUSDT,bid,135,10249.0
2024-09-14 15:52:07,SOLUSDT,ask,141,9426.0
2024-09-14 15:52:15,SOLUSDT,bid,135,10549.0
2024-09-14 15:52:16,SOLUSDT,bid,128,8703.0
2024-09-14 15:52:26,SOLUSDT,bid,132,10264.0
2024-09-14 15:52:27,SOLUSDT,bid,135,8216.0
2024-09-14 15:52:27,SOLUSDT,ask,140,10264.0
2024-09-14 15:52:38,SOLUSDT,bid,120,15233.0
2024-09-14 15:53:24,SOLUSDT,ask,140,33116.0
2024-09-14 15:53:41,SOLUSDT,ask,141,9330.0
2024-09-14 15:54:23,SOLUSDT,bid,135,10552.0
2024-09-14 15:54:30,SOLUSDT,bid,135,10557.0
2024-09-14 15:54:39,SOLUSDT,bid,135,10559.0
2024-09-14 15:54:57,SOLUSDT,bid,128,8697.0
2024-09-14 15:55:02,SOLUSDT,bid,135,8312.0
2024-09-14 15:55:02,SOLUSDT,bid,135,8366.0
2024-09-14 15:55:02,SOLUSDT,bid,135,8216.0
2024-09-14 15:55:36,SOLUSDT,bid,135,10414.0
2024-09-14 15:55:49,SOLUSDT,bid,135,10415.0
2024-09-14 15:56:02,SOLUSDT,bid,135,10450.0
2024-09-14 15:56:36,SOLUSDT,bid,135,10470.0
2024-09-14 15:56:39,SOLUSDT,bid,135,10438.0
2024-09-14 15:56:40,SOLUSDT,bid,125,12111.0
2024-09-14 15:56:52,SOLUSDT,ask,140,33048.0
2024-09-14 15:57:22,SOLUSDT,ask,140,14529.0
2024-09-14 15:57:29,SOLUSDT,bid,135,10457.0
2024-09-14 15:57:37,SOLUSDT,bid,128,8714.0
2024-09-14 15:58:20,SOLUSDT,bid,132,10264.0
2024-09-14 15:58:20,SOLUSDT,bid,135,8241.0
2024-09-14 15:58:20,SOLUSDT,ask,140,10264.0
2024-09-14 15:58:30,SOLUSDT,bid,135,10557.0
2024-09-14 15:58:34,SOLUSDT,bid,135,10607.0
2024-09-14 15:58:40,SOLUSDT,ask,140,14564.0
2024-09-14 15:58:49,SOLUSDT,bid,135,10557.0
2024-09-14 15:59:07,SOLUSDT,bid,135,10576.0
2024-09-14 16:00:35,SOLUSDT,bid,128,8715.0
2024-09-14 16:00:57,SOLUSDT,ask,146,15722.0
2024-09-14 16:01:01,SOLUSDT,bid,135,8433.0
2024-09-14 16:01:01,SOLUSDT,bid,135,8337.0
2024-09-14 16:01:01,SOLUSDT,bid,135,8241.0
2024-09-14 16:01:02,SOLUSDT,bid,128,8723.0
2024-09-14 16:01:13,SOLUSDT,ask,141,9332.0
2024-09-14 16:01:24,SOLUSDT,ask,141,9330.0
2024-09-14 16:01:26,SOLUSDT,bid,135,10587.0
2024-09-14 16:02:18,SOLUSDT,bid,135,10578.0
2024-09-14 16:02:29,SOLUSDT,bid,133,10265.0
2024-09-14 16:02:29,SOLUSDT,bid,135,8212.0
2024-09-14 16:02:29,SOLUSDT,ask,140,10266.0
2024-09-14 16:02:41,SOLUSDT,bid,125,12113.0
2024-09-14 16:02:54,SOLUSDT,bid,115,10709.0
2024-09-14 16:02:54,SOLUSDT,bid,120,15228.0
2024-09-14 16:02:54,SOLUSDT,bid,125,12108.0
2024-09-14 16:02:54,SOLUSDT,bid,128,8718.0
2024-09-14 16:03:08,SOLUSDT,ask,140,33047.0
2024-09-14 16:03:08,SOLUSDT,ask,141,9328.0
2024-09-14 16:03:11,SOLUSDT,bid,135,10466.0
2024-09-14 16:03:35,SOLUSDT,ask,140,14592.0
2024-09-14 16:03:49,SOLUSDT,ask,140,14557.0
2024-09-14 16:03:57,SOLUSDT,bid,135,10482.0
2024-09-14 16:05:02,SOLUSDT,ask,141,9326.0
2024-09-14 16:05:08,SOLUSDT,ask,141,9904.0
2024-09-14 16:05:11,SOLUSDT,ask,147,21371.0
2024-09-14 16:05:36,SOLUSDT,ask,151,14758.0
2024-09-14 16:05:46,SOLUSDT,bid,135,10483.0
2024-09-14 16:05:59,SOLUSDT,ask,140,14529.0
2024-09-14 16:06:30,SOLUSDT,bid,135,10447.0
2024-09-14 16:06:38,SOLUSDT,bid,135,10431.0
2024-09-14 16:07:01,SOLUSDT,ask,141,9896.0
2024-09-14 16:07:16,SOLUSDT,bid,135,10430.0
2024-09-14 16:07:22,SOLUSDT,bid,128,8719.0
2024-09-14 16:07:55,SOLUSDT,bid,135,10330.0
2024-09-14 16:07:56,SOLUSDT,bid,125,12109.0
2024-09-14 16:07:59,SOLUSDT,bid,125,12110.0
2024-09-14 16:07:59,SOLUSDT,bid,128,8720.0
2024-09-14 16:07:59,SOLUSDT,ask,140,33047.0
2024-09-14 16:08:37,SOLUSDT,ask,146,35119.0
2024-09-14 16:08:51,SOLUSDT,bid,135,10295.0
2024-09-14 16:09:01,SOLUSDT,bid,135,10298.0
2024-09-14 16:09:11,SOLUSDT,ask,140,33048.0
2024-09-14 16:09:41,SOLUSDT,ask,147,21367.0
2024-09-14 16:10:10,SOLUSDT,bid,135,10302.0
2024-09-14 16:10:45,SOLUSDT,bid,125,12106.0
2024-09-14 16:12:42,SOLUSDT,bid,128,8719.0
2024-09-14 16:12:44,SOLUSDT,bid,133,10264.0
2024-09-14 16:12:44,SOLUSDT,bid,135,8421.0
2024-09-14 16:12:44,SOLUSDT,ask,141,10268.0
2024-09-14 16:12:56,SOLUSDT,bid,120,15229.0
2024-09-14 16:12:56,SOLUSDT,bid,125,12107.0
2024-09-14 16:12:56,SOLUSDT,bid,128,8720.0
2024-09-14 16:12:56,SOLUSDT,bid,135,10303.0
2024-09-14 16:12:56,SOLUSDT,ask,140,33049.0
2024-09-14 16:13:07,SOLUSDT,bid,135,10310.0
2024-09-14 16:13:36,SOLUSDT,bid,135,10312.0
2024-09-14 16:14:53,SOLUSDT,bid,135,10303.0
2024-09-14 16:14:56,SOLUSDT,bid,135,10003.0
2024-09-14 16:15:36,SOLUSDT,bid,125,12106.0
2024-09-14 16:15:36,SOLUSDT,bid,128,8719.0
2024-09-14 16:15:36,SOLUSDT,ask,140,33048.0
2024-09-14 16:16:20,SOLUSDT,ask,144,37961.0
2024-09-14 16:16:22,SOLUSDT,bid,135,10002.0
2024-09-14 16:16:22,SOLUSDT,ask,145,24216.0
2024-09-14 16:17:02,SOLUSDT,bid,135,10001.0
2024-09-14 16:17:06,SOLUSDT,bid,135,10024.0
2024-09-14 16:17:34,SOLUSDT,bid,133,10335.0
2024-09-14 16:18:43,SOLUSDT,bid,135,10008.0
2024-09-14 16:18:44,SOLUSDT,bid,135,8434.0
2024-09-14 16:19:07,SOLUSDT,bid,135,10024.0
2024-09-14 16:19:15,SOLUSDT,bid,135,10030.0
2024-09-14 16:19:19,SOLUSDT,bid,110,20458.0
2024-09-14 16:19:19,SOLUSDT,bid,115,10708.0
2024-09-14 16:19:19,SOLUSDT,bid,120,15228.0
2024-09-14 16:19:19,SOLUSDT,bid,125,12105.0
2024-09-14 16:19:19,SOLUSDT,bid,135,10029.0
2024-09-14 16:19:19,SOLUSDT,ask,140,33047.0
2024-09-14 16:19:19,SOLUSDT,ask,145,24215.0
2024-09-14 16:19:44,SOLUSDT,bid,135,8421.0
2024-09-14 16:19:46,SOLUSDT,ask,140,33049.0
2024-09-14 16:19:50,SOLUSDT,bid,135,10030.0
2024-09-14 16:20:06,SOLUSDT,bid,125,12107.0
2024-09-14 16:20:37,SOLUSDT,ask,140,33050.0
2024-09-14 16:21:07,SOLUSDT,ask,144,37956.0
2024-09-14 16:21:21,SOLUSDT,ask,144,37873.0
2024-09-14 16:21:33,SOLUSDT,ask,145,24201.0
2024-09-14 16:21:36,SOLUSDT,bid,135,10092.0
2024-09-14 16:24:09,SOLUSDT,bid,128,8718.0
2024-09-14 16:24:09,SOLUSDT,bid,135,10091.0
2024-09-14 16:24:30,SOLUSDT,ask,140,33044.0
2024-09-14 16:24:58,SOLUSDT,ask,146,35099.0
2024-09-14 16:25:13,SOLUSDT,ask,144,37880.0
2024-09-14 16:25:19,SOLUSDT,bid,135,10103.0
2024-09-14 16:25:19,SOLUSDT,bid,135,10091.0
2024-09-14 16:25:20,SOLUSDT,bid,135,10091.0
2024-09-14 16:25:24,SOLUSDT,bid,135,10092.0
2024-09-14 16:25:26,SOLUSDT,bid,135,10095.0
2024-09-14 16:25:34,SOLUSDT,bid,135,10096.0
2024-09-14 16:25:36,SOLUSDT,ask,140,33043.0
2024-09-14 16:25:39,SOLUSDT,bid,135,10093.0
2024-09-14 16:25:55,SOLUSDT,bid,135,10097.0
2024-09-14 16:25:58,SOLUSDT,bid,135,10096.0
2024-09-14 16:28:20,SOLUSDT,bid,125,12108.0
2024-09-14 16:28:58,SOLUSDT,bid,135,10127.0
2024-09-14 16:28:59,SOLUSDT,bid,125,12093.0
2024-09-14 16:29:22,SOLUSDT,ask,141,9898.0
2024-09-14 16:29:27,SOLUSDT,bid,135,10134.0
2024-09-14 16:29:42,SOLUSDT,bid,135,10384.0
2024-09-14 16:30:13,SOLUSDT,bid,135,10843.0
2024-09-14 16:30:21,SOLUSDT,bid,135,10384.0
2024-09-14 16:30:27,SOLUSDT,bid,125,12097.0
2024-09-14 16:30:28,SOLUSDT,bid,125,12096.0
2024-09-14 16:30:49,SOLUSDT,ask,145,24263.0
2024-09-14 16:30:55,SOLUSDT,ask,145,24270.0
2024-09-14 16:31:01,SOLUSDT,bid,135,10353.0
2024-09-14 16:31:07,SOLUSDT,ask,140,33044.0
2024-09-14 16:31:15,SOLUSDT,bid,120,15218.0
2024-09-14 16:31:43,SOLUSDT,ask,140,33042.0
2024-09-14 16:31:46,SOLUSDT,bid,135,10349.0
2024-09-14 16:32:19,SOLUSDT,bid,135,10353.0
2024-09-14 16:32:19,SOLUSDT,ask,145,24267.0
2024-09-14 16:32:29,SOLUSDT,bid,135,10352.0
2024-09-14 16:33:41,SOLUSDT,bid,128,8716.0
2024-09-14 16:33:47,SOLUSDT,bid,82,24332.0
2024-09-14 16:34:04,SOLUSDT,bid,135,10452.0
2024-09-14 16:34:21,SOLUSDT,bid,135,10458.0
2024-09-14 16:34:46,SOLUSDT,ask,141,14257.0
2024-09-14 16:35:14,SOLUSDT,bid,125,12083.0
2024-09-14 16:35:14,SOLUSDT,bid,125,12081.0
2024-09-14 16:35:25,SOLUSDT,bid,125,12097.0
2024-09-14 16:36:29,SOLUSDT,bid,135,10451.0
2024-09-14 16:36:42,SOLUSDT,bid,128,8722.0
2024-09-14 16:36:59,SOLUSDT,bid,82,24332.0
2024-09-14 16:37:11,SOLUSDT,ask,144,37879.0
2024-09-14 16:37:50,SOLUSDT,ask,141,14212.0
2024-09-14 16:38:03,SOLUSDT,bid,135,10527.0
2024-09-14 16:38:10,SOLUSDT,bid,120,15212.0
2024-09-14 16:38:26,SOLUSDT,bid,110,20464.0
2024-09-14 16:38:54,SOLUSDT,bid,135,10532.0
2024-09-14 16:38:54,SOLUSDT,ask,147,21467.0
2024-09-14 16:39:11,SOLUSDT,bid,135,10529.0
2024-09-14 16:39:17,SOLUSDT,bid,82,24332.0
2024-09-14 16:39:55,SOLUSDT,ask,140,33003.0
2024-09-14 16:40:10,SOLUSDT,bid,135,10537.0
2024-09-14 16:40:18,SOLUSDT,ask,140,33001.0
2024-09-14 16:40:22,SOLUSDT,bid,82,24332.0
2024-09-14 16:40:30,SOLUSDT,ask,140,7711.0
2024-09-14 16:40:55,SOLUSDT,bid,110,20438.0
2024-09-14 16:40:55,SOLUSDT,bid,112,15268.0
2024-09-14 16:41:18,SOLUSDT,bid,128,8724.0
2024-09-14 16:41:21,SOLUSDT,ask,147,25416.0
2024-09-14 16:41:31,SOLUSDT,ask,141,9900.0
2024-09-14 16:41:38,SOLUSDT,bid,133,10266.0
2024-09-14 16:41:39,SOLUSDT,bid,135,8213.0
2024-09-14 16:41:39,SOLUSDT,ask,140,10264.0
2024-09-14 16:41:39,SOLUSDT,ask,141,9898.0
2024-09-14 16:41:45,SOLUSDT,bid,135,10585.0
2024-09-14 16:42:02,SOLUSDT,bid,90,59319.0
2024-09-14 16:42:02,SOLUSDT,bid,91,56339.0
2024-09-14 16:42:02,SOLUSDT,bid,96,53061.0
2024-09-14 16:42:02,SOLUSDT,bid,101,26115.0
2024-09-14 16:42:02,SOLUSDT,bid,110,20441.0
2024-09-14 16:42:02,SOLUSDT,bid,112,15271.0
2024-09-14 16:42:02,SOLUSDT,bid,115,10711.0
2024-09-14 16:42:02,SOLUSDT,bid,120,15215.0
2024-09-14 16:42:02,SOLUSDT,bid,125,12100.0
2024-09-14 16:42:02,SOLUSDT,bid,128,8727.0
2024-09-14 16:42:02,SOLUSDT,bid,135,10588.0
2024-09-14 16:42:02,SOLUSDT,ask,140,7713.0
2024-09-14 16:42:02,SOLUSDT,ask,141,9900.0
2024-09-14 16:42:02,SOLUSDT,ask,144,37881.0
2024-09-14 16:42:02,SOLUSDT,ask,145,24269.0
2024-09-14 16:42:02,SOLUSDT,ask,146,35101.0
2024-09-14 16:42:02,SOLUSDT,ask,147,21469.0
2024-09-14 16:42:05,SOLUSDT,ask,144,37874.0
2024-09-14 16:42:06,SOLUSDT,ask,140,7707.0
2024-09-14 16:42:15,SOLUSDT,ask,146,35115.0
2024-09-14 16:42:16,SOLUSDT,bid,128,8730.0
2024-09-14 16:42:32,SOLUSDT,bid,135,10589.0
2024-09-14 16:42:53,SOLUSDT,bid,128,8727.0
2024-09-14 16:43:05,SOLUSDT,bid,135,10590.0
2024-09-14 16:43:17,SOLUSDT,ask,144,37876.0
2024-09-14 16:43:53,SOLUSDT,bid,125,12099.0
2024-09-14 16:44:05,SOLUSDT,bid,135,10501.0
2024-09-14 16:44:09,SOLUSDT,bid,135,8212.0
2024-09-14 16:44:17,SOLUSDT,bid,128,8729.0
2024-09-14 16:44:29,SOLUSDT,ask,144,37927.0
2024-09-14 16:45:05,SOLUSDT,bid,135,10505.0
2024-09-14 16:45:05,SOLUSDT,bid,125,12098.0
2024-09-14 16:45:46,SOLUSDT,bid,135,10512.0
2024-09-14 16:45:49,SOLUSDT,bid,125,12075.0
2024-09-14 16:46:02,SOLUSDT,ask,140,7778.0
2024-09-14 16:46:05,SOLUSDT,bid,125,12080.0
2024-09-14 16:46:08,SOLUSDT,bid,120,15220.0
2024-09-14 16:46:20,SOLUSDT,ask,141,9910.0
2024-09-14 16:46:36,SOLUSDT,bid,135,10522.0
2024-09-14 16:46:47,SOLUSDT,ask,141,9911.0
2024-09-14 16:46:55,SOLUSDT,bid,135,10473.0
2024-09-14 16:47:16,SOLUSDT,ask,144,37978.0
2024-09-14 16:47:21,SOLUSDT,bid,82,24360.0
2024-09-14 16:47:42,SOLUSDT,ask,140,14591.0
2024-09-14 16:47:47,SOLUSDT,ask,140,10299.0
2024-09-14 16:47:55,SOLUSDT,ask,140,7775.0
2024-09-14 16:48:22,SOLUSDT,bid,128,8721.0
2024-09-14 16:48:41,SOLUSDT,bid,135,10462.0
2024-09-14 16:48:53,SOLUSDT,bid,82,24360.0
2024-09-14 16:49:01,SOLUSDT,ask,145,24267.0
2024-09-14 16:49:01,SOLUSDT,bid,135,10830.0
2024-09-14 16:49:06,SOLUSDT,ask,140,7704.0
2024-09-14 16:49:07,SOLUSDT,ask,140,14574.0
2024-09-14 16:49:40,SOLUSDT,bid,110,20439.0
2024-09-14 16:49:43,SOLUSDT,ask,140,14529.0
2024-09-14 16:50:00,SOLUSDT,ask,140,14505.0
2024-09-14 16:50:13,SOLUSDT,bid,135,10831.0
2024-09-14 16:50:27,SOLUSDT,bid,125,12096.0
2024-09-14 16:50:52,SOLUSDT,bid,135,10827.0
2024-09-14 16:51:13,SOLUSDT,ask,140,10264.0
2024-09-14 16:51:26,SOLUSDT,ask,144,38061.0
2024-09-14 16:51:52,SOLUSDT,bid,110,20459.0
2024-09-14 16:52:17,SOLUSDT,bid,133,10264.0
2024-09-14 16:52:17,SOLUSDT,bid,135,8222.0
2024-09-14 16:52:30,SOLUSDT,ask,140,7703.0
2024-09-14 16:52:54,SOLUSDT,bid,135,10777.0
2024-09-14 16:53:29,SOLUSDT,ask,141,9868.0
2024-09-14 16:54:16,SOLUSDT,ask,140,7670.0
2024-09-14 16:54:19,SOLUSDT,ask,140,7687.0
2024-09-14 16:54:19,SOLUSDT,ask,140,7704.0
2024-09-14 16:54:20,SOLUSDT,ask,140,7721.0
2024-09-14 16:54:28,SOLUSDT,ask,141,10269.0
2024-09-14 16:54:51,SOLUSDT,bid,128,8711.0
2024-09-14 16:54:53,SOLUSDT,bid,133,10276.0
2024-09-14 16:54:54,SOLUSDT,ask,141,10264.0
2024-09-14 16:54:56,SOLUSDT,bid,125,12094.0
2024-09-14 16:55:15,SOLUSDT,bid,135,10788.0
2024-09-14 16:55:27,SOLUSDT,ask,140,7846.0
2024-09-14 16:55:27,SOLUSDT,ask,140,7829.0
2024-09-14 16:55:28,SOLUSDT,ask,140,7812.0
2024-09-14 16:55:29,SOLUSDT,bid,125,12092.0
2024-09-14 16:55:55,SOLUSDT,ask,140,7795.0
2024-09-14 16:56:01,SOLUSDT,ask,146,15718.0
2024-09-14 16:56:05,SOLUSDT,bid,135,10795.0
2024-09-14 16:56:06,SOLUSDT,ask,140,19627.0
2024-09-14 16:56:06,SOLUSDT,bid,120,15218.0
2024-09-14 16:56:21,SOLUSDT,bid,135,10788.0
2024-09-14 16:56:27,SOLUSDT,ask,144,37928.0
2024-09-14 16:56:49,SOLUSDT,bid,125,12076.0
2024-09-14 16:56:50,SOLUSDT,bid,135,10783.0
2024-09-14 16:56:56,SOLUSDT,bid,125,12104.0
2024-09-14 16:57:06,SOLUSDT,bid,135,11267.0
2024-09-14 16:57:17,SOLUSDT,ask,140,7770.0
2024-09-14 16:57:29,SOLUSDT,ask,140,14495.0
2024-09-14 16:57:31,SOLUSDT,ask,141,9858.0
2024-09-14 16:57:35,SOLUSDT,ask,140,9536.0
2024-09-14 16:57:42,SOLUSDT,bid,135,11266.0
2024-09-14 16:58:01,SOLUSDT,bid,120,15217.0
2024-09-14 16:58:01,SOLUSDT,bid,125,12103.0
2024-09-14 16:58:01,SOLUSDT,bid,128,8710.0
2024-09-14 16:58:01,SOLUSDT,bid,135,11265.0
2024-09-14 16:58:01,SOLUSDT,ask,140,9535.0
2024-09-14 16:58:19,SOLUSDT,ask,140,19580.0
2024-09-14 16:58:46,SOLUSDT,ask,140,9492.0
2024-09-14 16:58:55,SOLUSDT,ask,140,9421.0
2024-09-14 16:59:10,SOLUSDT,bid,135,11267.0
2024-09-14 16:59:24,SOLUSDT,ask,141,9880.0
2024-09-14 16:59:38,SOLUSDT,bid,101,26086.0
2024-09-14 17:01:29,SOLUSDT,bid,135,11251.0
2024-09-14 17:01:59,SOLUSDT,bid,135,11282.0
2024-09-14 17:02:05,SOLUSDT,ask,140,9420.0
2024-09-14 17:02:30,SOLUSDT,bid,133,10264.0
2024-09-14 17:02:31,SOLUSDT,bid,135,8216.0
2024-09-14 17:02:31,SOLUSDT,ask,141,10304.0
2024-09-14 17:04:37,SOLUSDT,ask,141,10306.0
2024-09-14 17:04:48,SOLUSDT,ask,141,10304.0
2024-09-14 17:05:36,SOLUSDT,bid,82,24332.0
2024-09-14 17:06:05,SOLUSDT,bid,125,12102.0
2024-09-14 17:06:29,SOLUSDT,bid,135,11239.0
2024-09-14 17:06:40,SOLUSDT,bid,135,11636.0
2024-09-14 17:07:00,SOLUSDT,bid,128,8711.0
2024-09-14 17:07:02,SOLUSDT,bid,135,8217.0
2024-09-14 17:07:03,SOLUSDT,bid,135,8223.0
2024-09-14 17:07:28,SOLUSDT,bid,135,11638.0
2024-09-14 17:07:31,SOLUSDT,bid,135,11636.0
2024-09-14 17:07:42,SOLUSDT,bid,135,11638.0
2024-09-14 17:08:01,SOLUSDT,bid,135,8222.0
2024-09-14 17:08:02,SOLUSDT,bid,135,8216.0
2024-09-14 17:08:40,SOLUSDT,ask,145,24222.0
2024-09-14 17:08:46,SOLUSDT,bid,135,11615.0
2024-09-14 17:09:12,SOLUSDT,bid,135,11584.0
2024-09-14 17:10:28,SOLUSDT,bid,82,24332.0
2024-09-14 17:10:33,SOLUSDT,bid,110,20475.0
2024-09-14 17:10:44,SOLUSDT,ask,140,9278.0
2024-09-14 17:10:48,SOLUSDT,ask,140,9280.0
2024-09-14 17:10:59,SOLUSDT,bid,82,24332.0
2024-09-14 17:12:18,SOLUSDT,ask,140,9278.0
2024-09-14 17:12:18,SOLUSDT,ask,145,24220.0
2024-09-14 17:12:19,SOLUSDT,bid,133,10265.0
2024-09-14 17:12:20,SOLUSDT,bid,135,8431.0
2024-09-14 17:12:20,SOLUSDT,ask,140,10264.0
2024-09-14 17:12:46,SOLUSDT,bid,135,11586.0
2024-09-14 17:13:22,SOLUSDT,bid,135,11542.0
2024-09-14 17:13:26,SOLUSDT,bid,120,15238.0
2024-09-14 17:13:27,SOLUSDT,bid,120,15234.0
2024-09-14 17:13:34,SOLUSDT,bid,110,20468.0
2024-09-14 17:13:36,SOLUSDT,bid,115,10710.0
2024-09-14 17:14:11,SOLUSDT,bid,128,8707.0
2024-09-14 17:14:32,SOLUSDT,bid,135,11543.0
2024-09-14 17:15:38,SOLUSDT,bid,101,26089.0
2024-09-14 17:15:38,SOLUSDT,bid,110,20471.0
2024-09-14 17:15:38,SOLUSDT,bid,112,15274.0
2024-09-14 17:15:38,SOLUSDT,bid,115,10712.0
2024-09-14 17:15:38,SOLUSDT,bid,120,15236.0
2024-09-14 17:15:38,SOLUSDT,bid,125,12104.0
2024-09-14 17:15:38,SOLUSDT,bid,128,8709.0
2024-09-14 17:15:38,SOLUSDT,bid,135,11545.0
2024-09-14 17:15:38,SOLUSDT,ask,140,9280.0
2024-09-14 17:15:38,SOLUSDT,ask,141,9882.0
2024-09-14 17:15:38,SOLUSDT,ask,144,37930.0
2024-09-14 17:15:38,SOLUSDT,ask,145,24222.0
2024-09-14 17:15:38,SOLUSDT,ask,146,15720.0
2024-09-14 17:15:38,SOLUSDT,ask,147,21471.0
2024-09-14 17:15:38,SOLUSDT,ask,151,14760.0
2024-09-14 17:15:38,SOLUSDT,ask,167,10097.0
2024-09-14 17:15:38,SOLUSDT,ask,171,8079.0
2024-09-14 17:15:38,SOLUSDT,ask,172,10275.0
2024-09-14 17:15:38,SOLUSDT,ask,190,42475.0
2024-09-14 17:15:40,SOLUSDT,ask,141,9879.0
2024-09-14 17:16:08,SOLUSDT,bid,101,26086.0
2024-09-14 17:16:08,SOLUSDT,bid,110,20468.0
2024-09-14 17:16:08,SOLUSDT,bid,112,15271.0
2024-09-14 17:16:08,SOLUSDT,bid,115,10710.0
2024-09-14 17:16:08,SOLUSDT,bid,120,15234.0
2024-09-14 17:16:08,SOLUSDT,bid,125,12102.0
2024-09-14 17:16:08,SOLUSDT,bid,128,8707.0
2024-09-14 17:16:08,SOLUSDT,bid,135,11543.0
2024-09-14 17:16:08,SOLUSDT,ask,140,9278.0
2024-09-14 17:16:08,SOLUSDT,ask,141,9877.0
2024-09-14 17:16:08,SOLUSDT,ask,144,37928.0
2024-09-14 17:16:08,SOLUSDT,ask,145,24220.0
2024-09-14 17:16:08,SOLUSDT,ask,146,15718.0
2024-09-14 17:16:08,SOLUSDT,ask,147,21469.0
2024-09-14 17:16:08,SOLUSDT,ask,151,14758.0
2024-09-14 17:16:08,SOLUSDT,ask,167,10095.0
2024-09-14 17:16:08,SOLUSDT,ask,171,8078.0
2024-09-14 17:16:08,SOLUSDT,ask,172,10274.0
2024-09-14 17:16:08,SOLUSDT,ask,190,42474.0
2024-09-14 17:16:09,SOLUSDT,bid,135,11541.0
2024-09-14 17:16:18,SOLUSDT,ask,144,37926.0
2024-09-14 17:16:18,SOLUSDT,ask,145,24222.0
2024-09-14 17:16:49,SOLUSDT,ask,145,24220.0
2024-09-14 17:16:49,SOLUSDT,ask,146,15720.0
2024-09-14 17:17:00,SOLUSDT,ask,141,9944.0
2024-09-14 17:17:05,SOLUSDT,bid,133,10302.0
2024-09-14 17:17:18,SOLUSDT,ask,140,9277.0
2024-09-14 17:17:23,SOLUSDT,bid,125,12101.0
2024-09-14 17:18:27,SOLUSDT,bid,110,20466.0
2024-09-14 17:18:27,SOLUSDT,bid,112,15269.0
2024-09-14 17:18:27,SOLUSDT,bid,115,10708.0
2024-09-14 17:18:27,SOLUSDT,bid,120,15232.0
2024-09-14 17:18:27,SOLUSDT,bid,125,12099.0
2024-09-14 17:19:13,SOLUSDT,bid,128,8704.0
2024-09-14 17:19:41,SOLUSDT,bid,135,8460.0
2024-09-14 17:19:42,SOLUSDT,bid,135,8431.0
2024-09-14 17:20:23,SOLUSDT,ask,140,9254.0
2024-09-14 17:20:42,SOLUSDT,ask,140,9253.0
2024-09-14 17:21:35,SOLUSDT,ask,140,9286.0
2024-09-14 17:22:00,SOLUSDT,ask,141,9877.0
2024-09-14 17:22:08,SOLUSDT,bid,135,11540.0
2024-09-14 17:22:27,SOLUSDT,bid,133,10264.0
2024-09-14 17:22:27,SOLUSDT,bid,135,8215.0
2024-09-14 17:22:28,SOLUSDT,ask,140,14433.0
2024-09-14 17:22:30,SOLUSDT,bid,120,15233.0
2024-09-14 17:22:33,SOLUSDT,bid,128,8734.0
2024-09-14 17:22:39,SOLUSDT,ask,140,14433.0
2024-09-14 17:23:11,SOLUSDT,bid,135,11541.0
2024-09-14 17:23:11,SOLUSDT,bid,135,11536.0
2024-09-14 17:24:34,SOLUSDT,ask,141,9299.0
2024-09-14 17:25:24,SOLUSDT,bid,135,11543.0
2024-09-14 17:25:29,SOLUSDT,ask,154,19909.0
2024-09-14 17:25:30,SOLUSDT,bid,135,11544.0
2024-09-14 17:25:40,SOLUSDT,bid,135,11545.0
2024-09-14 17:25:55,SOLUSDT,bid,110,20447.0
2024-09-14 17:25:55,SOLUSDT,bid,128,8717.0
2024-09-14 17:26:16,SOLUSDT,ask,140,9285.0
2024-09-14 17:26:39,SOLUSDT,bid,90,59316.0
2024-09-14 17:26:39,SOLUSDT,bid,110,20445.0
2024-09-14 17:26:39,SOLUSDT,bid,120,15231.0
2024-09-14 17:26:39,SOLUSDT,ask,140,9283.0
2024-09-14 17:26:39,SOLUSDT,ask,190,42473.0
2024-09-14 17:27:01,SOLUSDT,bid,120,8742.0
2024-09-14 17:27:10,SOLUSDT,bid,135,11544.0
2024-09-14 17:27:18,SOLUSDT,bid,120,15232.0
2024-09-14 17:27:18,SOLUSDT,bid,125,12098.0
2024-09-14 17:27:27,SOLUSDT,bid,115,10707.0
2024-09-14 17:27:28,SOLUSDT,ask,143,13964.0
2024-09-14 17:27:34,SOLUSDT,ask,140,14426.0
2024-09-14 17:27:44,SOLUSDT,ask,141,14213.0
2024-09-14 17:27:44,SOLUSDT,ask,141,14214.0
2024-09-14 17:27:54,SOLUSDT,ask,141,14212.0
2024-09-14 17:28:04,SOLUSDT,ask,140,9282.0
2024-09-14 17:28:28,SOLUSDT,ask,147,21475.0
2024-09-14 17:30:04,SOLUSDT,bid,110,20443.0
2024-09-14 17:30:14,SOLUSDT,bid,110,20452.0
2024-09-14 17:31:45,SOLUSDT,bid,110,20453.0
2024-09-14 17:31:46,SOLUSDT,ask,141,9301.0
2024-09-14 17:31:51,SOLUSDT,bid,135,11543.0
2024-09-14 17:31:56,SOLUSDT,ask,141,9299.0
2024-09-14 17:32:03,SOLUSDT,bid,135,11545.0
2024-09-14 17:32:03,SOLUSDT,bid,135,11625.0
2024-09-14 17:32:10,SOLUSDT,ask,140,9284.0
2024-09-14 17:32:23,SOLUSDT,bid,135,11752.0
2024-09-14 17:32:27,SOLUSDT,bid,133,10265.0
2024-09-14 17:32:27,SOLUSDT,bid,135,8211.0
2024-09-14 17:32:27,SOLUSDT,ask,140,10264.0
2024-09-14 17:32:50,SOLUSDT,bid,110,20452.0
2024-09-14 17:34:06,SOLUSDT,ask,140,9282.0
2024-09-14 17:34:12,SOLUSDT,bid,135,11766.0
2024-09-14 17:34:38,SOLUSDT,ask,140,9278.0
2024-09-14 17:34:38,SOLUSDT,bid,135,11726.0
2024-09-14 17:34:47,SOLUSDT,ask,144,37924.0
2024-09-14 17:34:50,SOLUSDT,bid,135,11771.0
2024-09-14 17:35:04,SOLUSDT,ask,145,24230.0
2024-09-14 17:35:11,SOLUSDT,bid,135,11764.0
2024-09-14 17:35:19,SOLUSDT,ask,141,9298.0
2024-09-14 17:35:20,SOLUSDT,ask,171,8077.0
2024-09-14 17:35:49,SOLUSDT,ask,140,9276.0
2024-09-14 17:36:03,SOLUSDT,bid,135,8354.0
2024-09-14 17:36:03,SOLUSDT,bid,135,8546.0
2024-09-14 17:36:03,SOLUSDT,bid,135,8450.0
2024-09-14 17:36:03,SOLUSDT,bid,135,8546.0
2024-09-14 17:36:03,SOLUSDT,bid,135,8450.0
2024-09-14 17:36:05,SOLUSDT,bid,135,8450.0
2024-09-14 17:36:05,SOLUSDT,bid,135,8211.0
2024-09-14 17:36:37,SOLUSDT,bid,133,10264.0
2024-09-14 17:36:38,SOLUSDT,bid,135,8217.0
2024-09-14 17:36:39,SOLUSDT,ask,141,10264.0
2024-09-14 17:37:02,SOLUSDT,ask,141,14279.0
2024-09-14 17:37:14,SOLUSDT,bid,135,8233.0
2024-09-14 17:37:32,SOLUSDT,bid,135,8217.0
2024-09-14 17:37:55,SOLUSDT,bid,135,11765.0
2024-09-14 17:38:04,SOLUSDT,bid,135,11766.0
2024-09-14 17:38:06,SOLUSDT,ask,140,9275.0
2024-09-14 17:38:18,SOLUSDT,bid,135,11773.0
2024-09-14 17:38:27,SOLUSDT,ask,140,9274.0
2024-09-14 17:38:31,SOLUSDT,bid,135,11772.0
2024-09-14 17:38:55,SOLUSDT,ask,144,37925.0
2024-09-14 17:39:00,SOLUSDT,ask,145,24231.0
2024-09-14 17:39:04,SOLUSDT,bid,135,11779.0
2024-09-14 17:40:01,SOLUSDT,bid,135,11772.0
2024-09-14 17:40:54,SOLUSDT,ask,140,9273.0
2024-09-14 17:42:03,SOLUSDT,ask,141,14212.0
2024-09-14 17:42:03,SOLUSDT,ask,141,9365.0
2024-09-14 17:42:23,SOLUSDT,ask,140,9275.0
2024-09-14 17:42:27,SOLUSDT,bid,133,10264.0
2024-09-14 17:42:27,SOLUSDT,bid,135,8211.0
2024-09-14 17:42:27,SOLUSDT,ask,140,10264.0
2024-09-14 17:42:47,SOLUSDT,bid,82,24332.0
2024-09-14 17:43:21,SOLUSDT,ask,140,9276.0
2024-09-14 17:43:43,SOLUSDT,bid,135,11773.0
2024-09-14 17:43:48,SOLUSDT,bid,135,12073.0
2024-09-14 17:44:37,SOLUSDT,ask,154,19879.0
2024-09-14 17:44:44,SOLUSDT,ask,154,19899.0
2024-09-14 17:45:04,SOLUSDT,bid,135,12066.0
2024-09-14 17:45:40,SOLUSDT,ask,147,21499.0
2024-09-14 17:46:18,SOLUSDT,bid,128,8719.0
2024-09-14 17:46:31,SOLUSDT,bid,125,12101.0
2024-09-14 17:46:32,SOLUSDT,ask,140,10299.0
2024-09-14 17:46:54,SOLUSDT,bid,110,20445.0
2024-09-14 17:47:06,SOLUSDT,ask,141,9298.0
2024-09-14 17:47:28,SOLUSDT,bid,135,11939.0
2024-09-14 17:47:36,SOLUSDT,ask,140,9279.0
2024-09-14 17:48:01,SOLUSDT,ask,146,15735.0
2024-09-14 17:48:06,SOLUSDT,ask,154,19879.0
2024-09-14 17:48:40,SOLUSDT,bid,120,15231.0
2024-09-14 17:49:11,SOLUSDT,bid,135,11942.0
2024-09-14 17:49:43,SOLUSDT,bid,135,11939.0
2024-09-14 17:50:57,SOLUSDT,bid,120,15228.0
2024-09-14 17:51:25,SOLUSDT,bid,135,11932.0
2024-09-14 17:51:46,SOLUSDT,bid,135,12232.0
2024-09-14 17:51:57,SOLUSDT,bid,135,12276.0
2024-09-14 17:52:26,SOLUSDT,bid,133,10264.0
2024-09-14 17:52:27,SOLUSDT,bid,135,8211.0
2024-09-14 17:52:27,SOLUSDT,ask,140,10265.0
2024-09-14 17:53:01,SOLUSDT,bid,128,8684.0
2024-09-14 17:53:16,SOLUSDT,bid,135,12281.0
2024-09-14 17:53:22,SOLUSDT,bid,135,12286.0
2024-09-14 17:53:34,SOLUSDT,bid,128,8683.0
2024-09-14 17:54:00,SOLUSDT,ask,145,24229.0
2024-09-14 17:54:12,SOLUSDT,ask,145,24218.0
2024-09-14 17:54:34,SOLUSDT,ask,144,37924.0
2024-09-14 17:54:43,SOLUSDT,bid,135,12287.0
2024-09-14 17:54:48,SOLUSDT,bid,135,12276.0
2024-09-14 17:54:58,SOLUSDT,ask,141,9296.0
2024-09-14 17:54:58,SOLUSDT,ask,140,9277.0
2024-09-14 17:55:20,SOLUSDT,bid,135,11742.0
2024-09-14 17:55:50,SOLUSDT,bid,135,11743.0
2024-09-14 17:56:05,SOLUSDT,bid,135,11744.0
2024-09-14 17:56:25,SOLUSDT,ask,140,9244.0
2024-09-14 17:56:32,SOLUSDT,bid,135,11742.0
2024-09-14 17:56:32,SOLUSDT,ask,140,9242.0
2024-09-14 17:57:15,SOLUSDT,ask,147,21493.0
2024-09-14 17:57:30,SOLUSDT,bid,135,11744.0
2024-09-14 17:58:06,SOLUSDT,bid,135,11742.0
2024-09-14 17:58:17,SOLUSDT,bid,135,8232.0
2024-09-14 17:58:36,SOLUSDT,bid,135,11744.0
2024-09-14 17:58:45,SOLUSDT,bid,135,8261.0
2024-09-14 17:58:52,SOLUSDT,ask,144,37916.0
2024-09-14 17:58:57,SOLUSDT,ask,145,24202.0
2024-09-14 17:59:10,SOLUSDT,bid,135,8232.0
2024-09-14 17:59:23,SOLUSDT,bid,135,11742.0
2024-09-14 17:59:28,SOLUSDT,bid,135,8292.0
2024-09-14 17:59:32,SOLUSDT,bid,135,8232.0
2024-09-14 18:00:08,SOLUSDT,ask,144,37824.0
2024-09-14 18:00:34,SOLUSDT,bid,135,8211.0
2024-09-14 18:00:43,SOLUSDT,bid,135,11744.0
2024-09-14 18:00:52,SOLUSDT,ask,144,37825.0
2024-09-14 18:01:19,SOLUSDT,ask,140,9272.0
2024-09-14 18:01:39,SOLUSDT,ask,140,9242.0
2024-09-14 18:01:54,SOLUSDT,bid,115,10765.0
2024-09-14 18:01:55,SOLUSDT,ask,141,9294.0
2024-09-14 18:01:56,SOLUSDT,bid,135,11739.0
2024-09-14 18:02:02,SOLUSDT,bid,112,15328.0
2024-09-14 18:02:44,SOLUSDT,bid,133,10264.0
2024-09-14 18:02:44,SOLUSDT,bid,135,8211.0
2024-09-14 18:02:45,SOLUSDT,ask,140,10264.0
2024-09-14 18:03:47,SOLUSDT,bid,135,11856.0
2024-09-14 18:03:48,SOLUSDT,bid,120,15230.0
2024-09-14 18:03:54,SOLUSDT,bid,135,11836.0
2024-09-14 18:04:00,SOLUSDT,bid,135,11835.0
2024-09-14 18:04:17,SOLUSDT,bid,115,10767.0
2024-09-14 18:04:38,SOLUSDT,bid,135,11845.0
2024-09-14 18:04:47,SOLUSDT,ask,140,14428.0
2024-09-14 18:04:49,SOLUSDT,bid,135,11835.0
2024-09-14 18:04:58,SOLUSDT,ask,140,14426.0
2024-09-14 18:06:19,SOLUSDT,bid,135,11535.0
2024-09-14 18:06:33,SOLUSDT,ask,140,9243.0
2024-09-14 18:06:39,SOLUSDT,ask,146,15705.0
2024-09-14 18:06:54,SOLUSDT,bid,128,8669.0
2024-09-14 18:07:18,SOLUSDT,ask,140,9241.0
2024-09-14 18:07:41,SOLUSDT,bid,128,8678.0
2024-09-14 18:08:36,SOLUSDT,bid,135,8212.0
2024-09-14 18:09:12,SOLUSDT,bid,135,11835.0
2024-09-14 18:09:32,SOLUSDT,bid,135,11864.0
2024-09-14 18:09:35,SOLUSDT,bid,135,11876.0
2024-09-14 18:09:36,SOLUSDT,bid,128,8674.0
2024-09-14 18:09:38,SOLUSDT,bid,135,8211.0
2024-09-14 18:09:50,SOLUSDT,bid,135,11888.0
2024-09-14 18:09:55,SOLUSDT,bid,135,11859.0
2024-09-14 18:10:08,SOLUSDT,bid,135,11862.0
2024-09-14 18:10:20,SOLUSDT,bid,135,11869.0
2024-09-14 18:10:27,SOLUSDT,bid,135,11868.0
2024-09-14 18:10:33,SOLUSDT,ask,140,9242.0
2024-09-14 18:10:42,SOLUSDT,bid,128,8686.0
2024-09-14 18:10:47,SOLUSDT,bid,128,8674.0
2024-09-14 18:11:03,SOLUSDT,bid,135,11872.0
2024-09-14 18:11:13,SOLUSDT,bid,125,12100.0
2024-09-14 18:11:13,SOLUSDT,bid,128,8673.0
2024-09-14 18:11:13,SOLUSDT,bid,135,11871.0
2024-09-14 18:11:13,SOLUSDT,ask,140,9241.0
2024-09-14 18:11:13,SOLUSDT,ask,141,9293.0
2024-09-14 18:11:14,SOLUSDT,bid,135,11883.0
2024-09-14 18:11:21,SOLUSDT,bid,135,11876.0
2024-09-14 18:11:27,SOLUSDT,bid,135,11831.0
2024-09-14 18:12:01,SOLUSDT,bid,135,11833.0
2024-09-14 18:12:02,SOLUSDT,ask,141,14254.0
2024-09-14 18:12:05,SOLUSDT,ask,147,21505.0
2024-09-14 18:12:14,SOLUSDT,ask,147,21437.0
2024-09-14 18:12:19,SOLUSDT,ask,140,9244.0
2024-09-14 18:12:21,SOLUSDT,bid,132,10335.0
2024-09-14 18:12:21,SOLUSDT,bid,135,8211.0
2024-09-14 18:12:21,SOLUSDT,ask,140,10276.0
2024-09-14 18:12:21,SOLUSDT,ask,147,21425.0
2024-09-14 18:12:31,SOLUSDT,bid,128,8678.0
2024-09-14 18:12:35,SOLUSDT,bid,135,8229.0
2024-09-14 18:12:35,SOLUSDT,bid,82,25184.0
2024-09-14 18:12:35,SOLUSDT,bid,82,25183.0
2024-09-14 18:12:49,SOLUSDT,bid,135,11830.0
2024-09-14 18:13:13,SOLUSDT,bid,135,8211.0
2024-09-14 18:13:34,SOLUSDT,bid,128,8681.0
2024-09-14 18:13:34,SOLUSDT,bid,135,11833.0
2024-09-14 18:13:34,SOLUSDT,ask,140,9247.0
2024-09-14 18:13:34,SOLUSDT,ask,141,9296.0
2024-09-14 18:13:34,SOLUSDT,ask,144,37828.0
2024-09-14 18:13:34,SOLUSDT,ask,145,24205.0
2024-09-14 18:13:34,SOLUSDT,ask,146,15708.0
2024-09-14 18:13:36,SOLUSDT,bid,82,25183.0
2024-09-14 18:13:38,SOLUSDT,ask,141,14212.0
2024-09-14 18:13:45,SOLUSDT,bid,132,10264.0
2024-09-14 18:13:57,SOLUSDT,ask,147,21434.0
2024-09-14 18:14:08,SOLUSDT,bid,125,12099.0
2024-09-14 18:14:11,SOLUSDT,bid,128,8679.0
2024-09-14 18:14:11,SOLUSDT,bid,135,11831.0
2024-09-14 18:14:42,SOLUSDT,bid,135,11807.0
2024-09-14 18:14:50,SOLUSDT,bid,128,8669.0
2024-09-14 18:15:39,SOLUSDT,bid,135,12695.0
2024-09-14 18:15:42,SOLUSDT,ask,147,21358.0
2024-09-14 18:15:52,SOLUSDT,bid,135,12395.0
2024-09-14 18:16:11,SOLUSDT,bid,120,15218.0
2024-09-14 18:16:30,SOLUSDT,ask,151,14759.0
2024-09-14 18:16:40,SOLUSDT,bid,85,25279.0
2024-09-14 18:17:19,SOLUSDT,ask,140,9297.0
2024-09-14 18:17:25,SOLUSDT,bid,128,8670.0
2024-09-14 18:17:25,SOLUSDT,ask,140,9298.0
2024-09-14 18:17:48,SOLUSDT,bid,135,12415.0
2024-09-14 18:17:50,SOLUSDT,bid,135,12419.0
2024-09-14 18:17:52,SOLUSDT,bid,128,8693.0
2024-09-14 18:18:19,SOLUSDT,bid,135,8239.0
2024-09-14 18:18:21,SOLUSDT,bid,135,8211.0
2024-09-14 18:18:39,SOLUSDT,bid,135,12448.0
2024-09-14 18:18:46,SOLUSDT,bid,128,8704.0
2024-09-14 18:19:06,SOLUSDT,bid,115,10766.0
2024-09-14 18:19:12,SOLUSDT,bid,135,12446.0
2024-09-14 18:19:55,SOLUSDT,bid,135,12447.0
2024-09-14 18:20:11,SOLUSDT,ask,151,14758.0
2024-09-14 18:20:16,SOLUSDT,bid,135,12449.0
2024-09-14 18:20:18,SOLUSDT,ask,141,9306.0
2024-09-14 18:20:18,SOLUSDT,bid,135,12456.0
2024-09-14 18:20:19,SOLUSDT,bid,125,12097.0
2024-09-14 18:20:24,SOLUSDT,bid,135,11568.0
2024-09-14 18:20:30,SOLUSDT,ask,141,9296.0
2024-09-14 18:21:05,SOLUSDT,bid,135,11548.0
2024-09-14 18:21:25,SOLUSDT,bid,125,12096.0
2024-09-14 18:21:25,SOLUSDT,bid,128,8703.0
2024-09-14 18:21:49,SOLUSDT,bid,120,15221.0
2024-09-14 18:22:00,SOLUSDT,ask,154,19877.0
2024-09-14 18:22:12,SOLUSDT,bid,135,11588.0
2024-09-14 18:22:16,SOLUSDT,bid,82,25184.0
2024-09-14 18:22:16,SOLUSDT,bid,82,25183.0
2024-09-14 18:22:17,SOLUSDT,bid,110,20444.0
2024-09-14 18:22:17,SOLUSDT,bid,120,15220.0
2024-09-14 18:22:25,SOLUSDT,bid,132,10282.0
2024-09-14 18:22:26,SOLUSDT,bid,135,8213.0
2024-09-14 18:22:26,SOLUSDT,ask,140,10265.0
2024-09-14 18:22:50,SOLUSDT,bid,82,25184.0
2024-09-14 18:22:50,SOLUSDT,bid,82,25183.0
2024-09-14 18:22:55,SOLUSDT,bid,128,8708.0
2024-09-14 18:23:25,SOLUSDT,bid,135,11595.0
2024-09-14 18:23:28,SOLUSDT,ask,145,24210.0
2024-09-14 18:23:33,SOLUSDT,ask,140,9297.0
2024-09-14 18:23:36,SOLUSDT,ask,140,9296.0
2024-09-14 18:23:54,SOLUSDT,ask,140,9286.0
2024-09-14 18:24:00,SOLUSDT,ask,140,9272.0
2024-09-14 18:24:00,SOLUSDT,ask,144,37815.0
2024-09-14 18:24:09,SOLUSDT,bid,135,11510.0
2024-09-14 18:24:25,SOLUSDT,bid,135,11503.0
2024-09-14 18:24:37,SOLUSDT,ask,154,19879.0
2024-09-14 18:25:45,SOLUSDT,ask,145,24209.0
2024-09-14 18:25:52,SOLUSDT,bid,128,8709.0
2024-09-14 18:26:01,SOLUSDT,bid,120,15223.0
2024-09-14 18:26:59,SOLUSDT,bid,135,8309.0
2024-09-14 18:26:59,SOLUSDT,bid,135,8357.0
2024-09-14 18:26:59,SOLUSDT,bid,135,8549.0
2024-09-14 18:26:59,SOLUSDT,bid,135,8453.0
2024-09-14 18:27:00,SOLUSDT,bid,135,8405.0
2024-09-14 18:27:00,SOLUSDT,bid,135,8213.0
2024-09-14 18:27:02,SOLUSDT,bid,135,8309.0
2024-09-14 18:27:02,SOLUSDT,bid,135,8213.0
2024-09-14 18:27:11,SOLUSDT,bid,120,15220.0
2024-09-14 18:27:15,SOLUSDT,ask,140,9279.0
2024-09-14 18:27:33,SOLUSDT,bid,82,24360.0
2024-09-14 18:27:36,SOLUSDT,ask,140,9280.0
2024-09-14 18:27:45,SOLUSDT,bid,82,24360.0
2024-09-14 18:28:02,SOLUSDT,ask,146,15774.0
2024-09-14 18:28:02,SOLUSDT,bid,82,24360.0
2024-09-14 18:28:10,SOLUSDT,ask,140,9279.0
2024-09-14 18:28:23,SOLUSDT,bid,135,8235.0
2024-09-14 18:28:25,SOLUSDT,bid,135,8213.0
2024-09-14 18:29:09,SOLUSDT,bid,128,8787.0
2024-09-14 18:29:26,SOLUSDT,ask,139,8259.0
2024-09-14 18:29:29,SOLUSDT,ask,154,19926.0
2024-09-14 18:29:32,SOLUSDT,bid,128,8709.0
2024-09-14 18:29:39,SOLUSDT,ask,145,24208.0
2024-09-14 18:29:52,SOLUSDT,bid,135,8357.0
2024-09-14 18:29:52,SOLUSDT,bid,135,8213.0
2024-09-14 18:29:55,SOLUSDT,ask,140,9304.0
2024-09-14 18:30:17,SOLUSDT,ask,145,20677.0
2024-09-14 18:30:38,SOLUSDT,bid,135,8309.0
2024-09-14 18:30:38,SOLUSDT,bid,135,8357.0
2024-09-14 18:30:38,SOLUSDT,bid,135,8309.0
2024-09-14 18:30:38,SOLUSDT,bid,135,8261.0
2024-09-14 18:30:38,SOLUSDT,bid,135,8213.0
2024-09-14 18:30:48,SOLUSDT,ask,141,9293.0
2024-09-14 18:30:48,SOLUSDT,ask,147,21352.0
2024-09-14 18:30:52,SOLUSDT,bid,135,11497.0
2024-09-14 18:31:02,SOLUSDT,ask,151,14759.0
2024-09-14 18:31:10,SOLUSDT,ask,151,14760.0
2024-09-14 18:31:17,SOLUSDT,ask,140,9311.0
2024-09-14 18:31:24,SOLUSDT,bid,135,11495.0
2024-09-14 18:31:31,SOLUSDT,bid,135,11488.0
2024-09-14 18:31:41,SOLUSDT,ask,141,9292.0
2024-09-14 18:31:45,SOLUSDT,ask,141,9278.0
2024-09-14 18:31:49,SOLUSDT,bid,135,11484.0
2024-09-14 18:32:26,SOLUSDT,bid,135,11455.0
2024-09-14 18:32:40,SOLUSDT,bid,82,24360.0
2024-09-14 18:32:40,SOLUSDT,bid,132,10264.0
2024-09-14 18:32:40,SOLUSDT,bid,135,8215.0
2024-09-14 18:32:40,SOLUSDT,ask,140,10308.0
2024-09-14 18:33:00,SOLUSDT,ask,140,9310.0
2024-09-14 18:33:06,SOLUSDT,ask,139,8260.0
2024-09-14 18:33:09,SOLUSDT,bid,120,15212.0
2024-09-14 18:33:17,SOLUSDT,bid,82,24360.0
2024-09-14 18:33:25,SOLUSDT,bid,135,11447.0
2024-09-14 18:33:32,SOLUSDT,bid,135,11448.0
2024-09-14 18:33:49,SOLUSDT,ask,144,38000.0
2024-09-14 18:33:58,SOLUSDT,bid,135,11474.0
2024-09-14 18:34:06,SOLUSDT,ask,140,9312.0
2024-09-14 18:34:07,SOLUSDT,bid,128,8708.0
2024-09-14 18:34:08,SOLUSDT,ask,140,9310.0
2024-09-14 18:34:17,SOLUSDT,ask,151,14759.0
2024-09-14 18:34:20,SOLUSDT,ask,151,14758.0
2024-09-14 18:34:53,SOLUSDT,bid,125,12066.0
2024-09-14 18:35:20,SOLUSDT,bid,82,25183.0
2024-09-14 18:35:24,SOLUSDT,ask,139,8277.0
2024-09-14 18:35:24,SOLUSDT,ask,140,9759.0
2024-09-14 18:35:30,SOLUSDT,ask,140,9776.0
2024-09-14 18:35:37,SOLUSDT,ask,141,9293.0
2024-09-14 18:35:58,SOLUSDT,bid,82,25183.0
2024-09-14 18:36:02,SOLUSDT,bid,135,11473.0
2024-09-14 18:36:05,SOLUSDT,ask,140,9777.0
2024-09-14 18:36:50,SOLUSDT,ask,141,9193.0
2024-09-14 18:36:52,SOLUSDT,bid,135,11373.0
2024-09-14 18:38:17,SOLUSDT,bid,115,10749.0
2024-09-14 18:38:17,SOLUSDT,bid,120,15196.0
2024-09-14 18:38:27,SOLUSDT,ask,172,10268.0
2024-09-14 18:38:30,SOLUSDT,bid,135,11380.0
2024-09-14 18:39:01,SOLUSDT,bid,128,8709.0
2024-09-14 18:39:30,SOLUSDT,bid,135,11373.0
2024-09-14 18:39:54,SOLUSDT,ask,139,8258.0
2024-09-14 18:40:36,SOLUSDT,bid,120,15180.0
2024-09-14 18:40:39,SOLUSDT,bid,125,11986.0
2024-09-14 18:41:11,SOLUSDT,bid,110,20436.0
2024-09-14 18:42:05,SOLUSDT,ask,146,15804.0
2024-09-14 18:42:27,SOLUSDT,bid,132,10334.0
2024-09-14 18:42:27,SOLUSDT,bid,135,8212.0
2024-09-14 18:42:27,SOLUSDT,ask,140,10264.0
2024-09-14 18:42:40,SOLUSDT,bid,135,11378.0
2024-09-14 18:43:22,SOLUSDT,bid,135,11392.0
2024-09-14 18:43:32,SOLUSDT,ask,140,9764.0
2024-09-14 18:43:37,SOLUSDT,bid,120,15159.0
2024-09-14 18:43:41,SOLUSDT,bid,135,11393.0
2024-09-14 18:43:41,SOLUSDT,ask,140,10272.0
2024-09-14 18:43:44,SOLUSDT,bid,135,11408.0
2024-09-14 18:44:17,SOLUSDT,bid,115,10691.0
2024-09-14 18:44:17,SOLUSDT,ask,141,9299.0
2024-09-14 18:44:23,SOLUSDT,ask,140,9757.0
2024-09-14 18:44:43,SOLUSDT,ask,140,10264.0
2024-09-14 18:44:44,SOLUSDT,ask,141,9384.0
2024-09-14 18:44:49,SOLUSDT,bid,120,15160.0
2024-09-14 18:44:53,SOLUSDT,ask,139,8270.0
2024-09-14 18:45:13,SOLUSDT,bid,135,11409.0
2024-09-14 18:45:15,SOLUSDT,bid,135,11404.0
2024-09-14 18:45:29,SOLUSDT,bid,135,11406.0
2024-09-14 18:45:30,SOLUSDT,ask,139,8258.0
2024-09-14 18:45:47,SOLUSDT,ask,140,10272.0
2024-09-14 18:46:01,SOLUSDT,ask,141,9278.0
2024-09-14 18:46:20,SOLUSDT,ask,141,9193.0
2024-09-14 18:46:37,SOLUSDT,bid,120,15146.0
2024-09-14 18:46:46,SOLUSDT,bid,135,11411.0
2024-09-14 18:46:49,SOLUSDT,ask,140,10264.0
2024-09-14 18:46:51,SOLUSDT,bid,135,11414.0
2024-09-14 18:46:57,SOLUSDT,bid,135,11417.0
2024-09-14 18:47:04,SOLUSDT,bid,120,15155.0
2024-09-14 18:47:14,SOLUSDT,ask,145,24209.0
2024-09-14 18:47:32,SOLUSDT,bid,135,11424.0
2024-09-14 18:48:07,SOLUSDT,bid,135,11423.0
2024-09-14 18:48:09,SOLUSDT,bid,125,11985.0
2024-09-14 18:48:22,SOLUSDT,bid,135,11416.0
2024-09-14 18:48:24,SOLUSDT,bid,135,11446.0
2024-09-14 18:48:34,SOLUSDT,bid,135,11456.0
2024-09-14 18:49:23,SOLUSDT,ask,139,8257.0
2024-09-14 18:49:46,SOLUSDT,ask,140,9724.0
2024-09-14 18:49:48,SOLUSDT,ask,147,21354.0
2024-09-14 18:50:24,SOLUSDT,bid,135,11454.0
2024-09-14 18:51:03,SOLUSDT,bid,135,11452.0
2024-09-14 18:51:09,SOLUSDT,ask,141,9209.0
2024-09-14 18:52:12,SOLUSDT,ask,139,8261.0
2024-09-14 18:52:16,SOLUSDT,bid,135,11450.0
2024-09-14 18:52:27,SOLUSDT,bid,135,11449.0
2024-09-14 18:52:29,SOLUSDT,bid,132,10264.0
2024-09-14 18:52:30,SOLUSDT,bid,135,8319.0
2024-09-14 18:52:30,SOLUSDT,ask,140,10264.0
2024-09-14 18:52:33,SOLUSDT,bid,120,15157.0
2024-09-14 18:52:35,SOLUSDT,bid,135,11450.0
2024-09-14 18:52:37,SOLUSDT,ask,144,38026.0
2024-09-14 18:52:57,SOLUSDT,bid,135,11500.0
2024-09-14 18:53:04,SOLUSDT,ask,139,8190.0
2024-09-14 18:53:34,SOLUSDT,bid,135,11511.0
2024-09-14 18:53:45,SOLUSDT,bid,135,11143.0
2024-09-14 18:54:13,SOLUSDT,bid,135,11137.0
2024-09-14 18:54:21,SOLUSDT,bid,135,11138.0
2024-09-14 18:54:38,SOLUSDT,bid,132,10268.0
2024-09-14 18:54:39,SOLUSDT,bid,135,8211.0
2024-09-14 18:54:39,SOLUSDT,ask,140,10265.0
2024-09-14 18:54:56,SOLUSDT,ask,139,8189.0
2024-09-14 18:55:12,SOLUSDT,bid,135,11148.0
2024-09-14 18:55:35,SOLUSDT,bid,125,11945.0
2024-09-14 18:55:39,SOLUSDT,ask,139,8191.0
2024-09-14 18:56:22,SOLUSDT,ask,141,9244.0
2024-09-14 18:56:55,SOLUSDT,bid,135,11147.0
2024-09-14 18:57:04,SOLUSDT,ask,145,24199.0
2024-09-14 18:57:13,SOLUSDT,ask,141,9259.0
2024-09-14 18:57:23,SOLUSDT,bid,135,11150.0
2024-09-14 18:58:11,SOLUSDT,bid,128,8714.0
2024-09-14 18:58:13,SOLUSDT,bid,135,11151.0
2024-09-14 18:58:50,SOLUSDT,bid,135,11148.0
2024-09-14 18:59:55,SOLUSDT,ask,139,8198.0
2024-09-14 19:00:18,SOLUSDT,ask,144,38019.0
2024-09-14 19:00:33,SOLUSDT,ask,140,9730.0
2024-09-14 19:00:44,SOLUSDT,ask,140,9724.0
2024-09-14 19:00:49,SOLUSDT,bid,135,11156.0
2024-09-14 19:00:58,SOLUSDT,bid,135,11206.0
2024-09-14 19:01:03,SOLUSDT,bid,135,11208.0
2024-09-14 19:01:35,SOLUSDT,bid,135,11215.0
2024-09-14 19:01:43,SOLUSDT,ask,140,9624.0
2024-09-14 19:01:58,SOLUSDT,bid,125,11951.0
2024-09-14 19:02:09,SOLUSDT,bid,135,11207.0
2024-09-14 19:02:10,SOLUSDT,ask,140,9623.0
2024-09-14 19:02:27,SOLUSDT,bid,132,10264.0
2024-09-14 19:02:28,SOLUSDT,bid,135,8240.0
2024-09-14 19:02:28,SOLUSDT,ask,140,10264.0
2024-09-14 19:02:34,SOLUSDT,bid,135,11200.0
2024-09-14 19:02:36,SOLUSDT,bid,135,11199.0
2024-09-14 19:02:39,SOLUSDT,ask,145,24200.0
2024-09-14 19:03:00,SOLUSDT,bid,125,11942.0
2024-09-14 19:03:02,SOLUSDT,ask,140,9622.0
2024-09-14 19:03:38,SOLUSDT,ask,141,9254.0
2024-09-14 19:03:52,SOLUSDT,bid,135,8218.0
2024-09-14 19:03:58,SOLUSDT,bid,135,11221.0
2024-09-14 19:04:40,SOLUSDT,bid,135,8262.0
2024-09-14 19:04:45,SOLUSDT,bid,135,11199.0
2024-09-14 19:04:50,SOLUSDT,bid,135,8246.0
2024-09-14 19:05:09,SOLUSDT,bid,135,11183.0
2024-09-14 19:05:12,SOLUSDT,bid,128,8707.0
2024-09-14 19:05:12,SOLUSDT,ask,140,9612.0
2024-09-14 19:05:16,SOLUSDT,bid,135,11184.0
2024-09-14 19:05:16,SOLUSDT,ask,139,8199.0
2024-09-14 19:05:16,SOLUSDT,ask,141,9255.0
2024-09-14 19:05:24,SOLUSDT,ask,140,9163.0
2024-09-14 19:05:25,SOLUSDT,ask,140,9188.0
2024-09-14 19:05:30,SOLUSDT,ask,145,24201.0
2024-09-14 19:05:39,SOLUSDT,bid,128,8714.0
2024-09-14 19:05:45,SOLUSDT,ask,145,24200.0
2024-09-14 19:05:50,SOLUSDT,bid,135,8218.0
2024-09-14 19:06:09,SOLUSDT,bid,135,11186.0
2024-09-14 19:06:52,SOLUSDT,bid,135,11184.0
2024-09-14 19:07:08,SOLUSDT,bid,135,11174.0
2024-09-14 19:07:22,SOLUSDT,bid,125,11959.0
2024-09-14 19:07:22,SOLUSDT,ask,145,24217.0
2024-09-14 19:08:13,SOLUSDT,bid,135,11173.0
2024-09-14 19:08:31,SOLUSDT,bid,135,11265.0
2024-09-14 19:08:45,SOLUSDT,ask,141,9279.0
2024-09-14 19:09:03,SOLUSDT,ask,140,9088.0
2024-09-14 19:09:13,SOLUSDT,ask,140,9090.0
2024-09-14 19:09:14,SOLUSDT,bid,132,10264.0
2024-09-14 19:09:14,SOLUSDT,bid,135,8220.0
2024-09-14 19:09:15,SOLUSDT,ask,140,10267.0
2024-09-14 19:09:22,SOLUSDT,bid,135,8256.0
2024-09-14 19:09:23,SOLUSDT,bid,135,8272.0
2024-09-14 19:09:31,SOLUSDT,ask,140,14493.0
2024-09-14 19:09:45,SOLUSDT,ask,140,9065.0
2024-09-14 19:09:54,SOLUSDT,ask,140,9090.0
2024-09-14 19:09:56,SOLUSDT,bid,82,24332.0
2024-09-14 19:09:56,SOLUSDT,bid,135,11269.0
2024-09-14 19:10:00,SOLUSDT,ask,140,10264.0
2024-09-14 19:10:07,SOLUSDT,bid,135,11177.0
2024-09-14 19:10:34,SOLUSDT,bid,135,11172.0
2024-09-14 19:10:39,SOLUSDT,bid,135,8320.0
2024-09-14 19:10:40,SOLUSDT,bid,135,8272.0
2024-09-14 19:10:46,SOLUSDT,bid,135,11171.0
2024-09-14 19:10:47,SOLUSDT,bid,128,8713.0
2024-09-14 19:10:53,SOLUSDT,ask,140,9089.0
2024-09-14 19:11:27,SOLUSDT,ask,139,9024.0
2024-09-14 19:11:28,SOLUSDT,bid,82,24332.0
2024-09-14 19:11:51,SOLUSDT,ask,140,9515.0
2024-09-14 19:12:27,SOLUSDT,bid,133,10266.0
2024-09-14 19:12:27,SOLUSDT,bid,135,8231.0
2024-09-14 19:12:28,SOLUSDT,ask,140,10265.0
2024-09-14 19:12:30,SOLUSDT,bid,135,11183.0
2024-09-14 19:12:35,SOLUSDT,bid,135,11192.0
2024-09-14 19:12:58,SOLUSDT,bid,135,11183.0
2024-09-14 19:13:08,SOLUSDT,bid,135,11271.0
2024-09-14 19:13:22,SOLUSDT,bid,135,11269.0
2024-09-14 19:13:22,SOLUSDT,bid,120,15158.0
2024-09-14 19:13:27,SOLUSDT,bid,135,11181.0
2024-09-14 19:14:03,SOLUSDT,bid,135,8327.0
2024-09-14 19:14:03,SOLUSDT,bid,135,8375.0
2024-09-14 19:14:03,SOLUSDT,bid,135,8567.0
2024-09-14 19:14:03,SOLUSDT,bid,135,8471.0
2024-09-14 19:14:03,SOLUSDT,bid,135,8231.0
2024-09-14 19:14:06,SOLUSDT,ask,140,9569.0
2024-09-14 19:14:26,SOLUSDT,bid,135,11119.0
2024-09-14 19:14:31,SOLUSDT,ask,140,14426.0
2024-09-14 19:14:32,SOLUSDT,ask,139,9011.0
2024-09-14 19:14:33,SOLUSDT,ask,139,9002.0
2024-09-14 19:14:34,SOLUSDT,bid,120,15157.0
2024-09-14 19:15:00,SOLUSDT,bid,125,11958.0
2024-09-14 19:15:05,SOLUSDT,bid,135,10319.0
2024-09-14 19:15:16,SOLUSDT,bid,135,10320.0
2024-09-14 19:15:23,SOLUSDT,ask,141,9438.0
2024-09-14 19:15:34,SOLUSDT,bid,135,10319.0
2024-09-14 19:16:01,SOLUSDT,bid,82,24332.0
2024-09-14 19:16:45,SOLUSDT,bid,135,10320.0
2024-09-14 19:16:47,SOLUSDT,ask,139,10213.0
2024-09-14 19:16:57,SOLUSDT,bid,135,10318.0
2024-09-14 19:17:13,SOLUSDT,bid,82,24332.0
2024-09-14 19:17:45,SOLUSDT,ask,140,10293.0
2024-09-14 19:18:53,SOLUSDT,ask,140,9561.0
2024-09-14 19:19:06,SOLUSDT,ask,140,9507.0
2024-09-14 19:19:18,SOLUSDT,ask,140,9564.0
2024-09-14 19:19:24,SOLUSDT,ask,141,9472.0
2024-09-14 19:19:31,SOLUSDT,bid,135,10318.0
2024-09-14 19:20:26,SOLUSDT,ask,139,10212.0
2024-09-14 19:20:37,SOLUSDT,bid,133,10264.0
2024-09-14 19:20:37,SOLUSDT,bid,135,8224.0
2024-09-14 19:20:37,SOLUSDT,ask,140,10331.0
2024-09-14 19:20:39,SOLUSDT,ask,140,9575.0
2024-09-14 19:20:56,SOLUSDT,ask,140,9518.0
2024-09-14 19:20:57,SOLUSDT,bid,135,10319.0
2024-09-14 19:21:12,SOLUSDT,ask,139,10210.0
2024-09-14 19:21:54,SOLUSDT,bid,82,24332.0
2024-09-14 19:22:18,SOLUSDT,ask,140,10264.0
2024-09-14 19:23:01,SOLUSDT,bid,135,10317.0
2024-09-14 19:23:45,SOLUSDT,bid,135,10323.0
2024-09-14 19:24:05,SOLUSDT,ask,139,10211.0
2024-09-14 19:24:08,SOLUSDT,bid,128,8722.0
2024-09-14 19:24:10,SOLUSDT,bid,135,10324.0
2024-09-14 19:24:23,SOLUSDT,bid,135,8320.0
2024-09-14 19:24:23,SOLUSDT,bid,135,8224.0
2024-09-14 19:24:24,SOLUSDT,bid,135,8320.0
2024-09-14 19:24:24,SOLUSDT,bid,135,8416.0
2024-09-14 19:24:24,SOLUSDT,bid,135,8224.0
2024-09-14 19:24:24,SOLUSDT,bid,135,8320.0
2024-09-14 19:24:25,SOLUSDT,bid,135,8416.0
2024-09-14 19:24:25,SOLUSDT,bid,135,8224.0
2024-09-14 19:24:25,SOLUSDT,bid,135,8320.0
2024-09-14 19:24:26,SOLUSDT,bid,135,8416.0
2024-09-14 19:24:26,SOLUSDT,bid,135,8320.0
2024-09-14 19:24:26,SOLUSDT,bid,135,8224.0
2024-09-14 19:25:09,SOLUSDT,bid,135,10312.0
2024-09-14 19:25:42,SOLUSDT,bid,135,10322.0
2024-09-14 19:26:27,SOLUSDT,bid,135,10324.0
2024-09-14 19:26:46,SOLUSDT,bid,120,15152.0
2024-09-14 19:27:15,SOLUSDT,bid,135,10303.0
2024-09-14 19:27:19,SOLUSDT,bid,135,10305.0
2024-09-14 19:27:21,SOLUSDT,ask,141,9471.0
2024-09-14 19:27:26,SOLUSDT,bid,135,10302.0
2024-09-14 19:27:36,SOLUSDT,bid,135,10296.0
2024-09-14 19:27:39,SOLUSDT,bid,135,10286.0
2024-09-14 19:28:55,SOLUSDT,ask,139,9396.0
2024-09-14 19:29:27,SOLUSDT,ask,140,9521.0
2024-09-14 19:29:44,SOLUSDT,ask,139,9406.0
2024-09-14 19:30:35,SOLUSDT,bid,133,10264.0
2024-09-14 19:30:35,SOLUSDT,bid,135,8213.0
2024-09-14 19:30:36,SOLUSDT,ask,141,10274.0
2024-09-14 19:31:00,SOLUSDT,bid,115,10689.0
2024-09-14 19:31:53,SOLUSDT,bid,135,10450.0
2024-09-14 19:31:59,SOLUSDT,bid,135,10456.0
2024-09-14 19:32:01,SOLUSDT,bid,56,89300.0
2024-09-14 19:32:01,SOLUSDT,bid,61,32789.0
2024-09-14 19:32:01,SOLUSDT,bid,62,32274.0
2024-09-14 19:32:01,SOLUSDT,bid,74,67650.0
2024-09-14 19:32:01,SOLUSDT,bid,77,26374.0
2024-09-14 19:32:01,SOLUSDT,bid,81,24735.0
2024-09-14 19:32:01,SOLUSDT,bid,82,25179.0
2024-09-14 19:32:01,SOLUSDT,bid,82,24243.0
2024-09-14 19:32:01,SOLUSDT,bid,85,25275.0
2024-09-14 19:32:01,SOLUSDT,bid,86,59074.0
2024-09-14 19:32:01,SOLUSDT,bid,87,23451.0
2024-09-14 19:32:01,SOLUSDT,bid,90,59313.0
2024-09-14 19:32:01,SOLUSDT,bid,91,56336.0
2024-09-14 19:32:01,SOLUSDT,bid,94,21306.0
2024-09-14 19:32:01,SOLUSDT,bid,96,53058.0
2024-09-14 19:32:01,SOLUSDT,bid,101,26083.0
2024-09-14 19:32:01,SOLUSDT,ask,139,9404.0
2024-09-14 19:32:27,SOLUSDT,ask,140,9541.0
2024-09-14 19:32:29,SOLUSDT,ask,147,21355.0
2024-09-14 19:32:30,SOLUSDT,bid,110,20431.0
2024-09-14 19:32:31,SOLUSDT,bid,115,10684.0
2024-09-14 19:32:32,SOLUSDT,bid,120,15149.0
2024-09-14 19:32:34,SOLUSDT,bid,125,11955.0
2024-09-14 19:32:42,SOLUSDT,bid,135,10472.0
2024-09-14 19:32:44,SOLUSDT,bid,135,10490.0
2024-09-14 19:32:45,SOLUSDT,bid,135,10497.0
2024-09-14 19:32:59,SOLUSDT,bid,135,10504.0
2024-09-14 19:33:00,SOLUSDT,bid,120,15147.0
2024-09-14 19:33:02,SOLUSDT,bid,135,10486.0
2024-09-14 19:33:03,SOLUSDT,bid,135,10468.0
2024-09-14 19:33:35,SOLUSDT,bid,120,15149.0
2024-09-14 19:33:47,SOLUSDT,ask,147,25417.0
2024-09-14 19:33:49,SOLUSDT,bid,115,10686.0
2024-09-14 19:33:59,SOLUSDT,bid,135,10469.0
2024-09-14 19:34:04,SOLUSDT,ask,147,25416.0
2024-09-14 19:34:17,SOLUSDT,bid,135,10305.0
2024-09-14 19:34:32,SOLUSDT,bid,110,20435.0
2024-09-14 19:34:38,SOLUSDT,bid,135,10298.0
2024-09-14 19:35:43,SOLUSDT,ask,139,9409.0
2024-09-14 19:35:46,SOLUSDT,bid,135,10291.0
2024-09-14 19:36:17,SOLUSDT,ask,140,9540.0
2024-09-14 19:36:31,SOLUSDT,bid,135,10292.0
2024-09-14 19:37:10,SOLUSDT,ask,140,14493.0
2024-09-14 19:37:23,SOLUSDT,ask,140,9541.0
2024-09-14 19:37:42,SOLUSDT,ask,140,9540.0
2024-09-14 19:38:00,SOLUSDT,bid,135,10435.0
2024-09-14 19:38:06,SOLUSDT,bid,135,9238.0
2024-09-14 19:38:21,SOLUSDT,bid,135,10485.0
2024-09-14 19:38:26,SOLUSDT,bid,135,10541.0
2024-09-14 19:38:26,SOLUSDT,bid,135,8213.0
2024-09-14 19:39:19,SOLUSDT,bid,135,10540.0
2024-09-14 19:39:21,SOLUSDT,bid,135,10520.0
2024-09-14 19:39:27,SOLUSDT,ask,141,9473.0
2024-09-14 19:39:33,SOLUSDT,bid,135,8231.0
2024-09-14 19:39:35,SOLUSDT,bid,135,10521.0
2024-09-14 19:39:36,SOLUSDT,bid,135,8213.0
2024-09-14 19:39:38,SOLUSDT,bid,135,10441.0
2024-09-14 19:39:48,SOLUSDT,bid,135,8231.0
2024-09-14 19:39:49,SOLUSDT,bid,135,10471.0
2024-09-14 19:39:49,SOLUSDT,bid,135,10473.0
2024-09-14 19:39:51,SOLUSDT,bid,135,8213.0
2024-09-14 19:39:57,SOLUSDT,ask,140,9541.0
2024-09-14 19:40:04,SOLUSDT,bid,135,9249.0
2024-09-14 19:40:07,SOLUSDT,ask,145,24218.0
2024-09-14 19:40:16,SOLUSDT,bid,135,8213.0
2024-09-14 19:40:25,SOLUSDT,ask,139,9410.0
2024-09-14 19:40:32,SOLUSDT,ask,139,9409.0
2024-09-14 19:40:43,SOLUSDT,bid,128,8717.0
2024-09-14 19:41:02,SOLUSDT,bid,135,10458.0
2024-09-14 19:41:09,SOLUSDT,bid,110,20434.0
2024-09-14 19:41:22,SOLUSDT,bid,135,10460.0
2024-09-14 19:41:25,SOLUSDT,ask,139,9410.0
2024-09-14 19:41:42,SOLUSDT,bid,135,10468.0
2024-09-14 19:42:04,SOLUSDT,ask,145,24224.0
2024-09-14 19:42:11,SOLUSDT,ask,140,14426.0
2024-09-14 19:42:27,SOLUSDT,ask,139,9411.0
2024-09-14 19:42:27,SOLUSDT,bid,133,10265.0
2024-09-14 19:42:28,SOLUSDT,bid,135,8211.0
2024-09-14 19:42:28,SOLUSDT,ask,140,10265.0
2024-09-14 19:42:30,SOLUSDT,ask,140,9539.0
2024-09-14 19:42:45,SOLUSDT,ask,141,9475.0
2024-09-14 19:42:48,SOLUSDT,ask,140,9540.0
2024-09-14 19:42:53,SOLUSDT,ask,141,9492.0
2024-09-14 19:42:56,SOLUSDT,ask,141,9490.0
2024-09-14 19:43:00,SOLUSDT,ask,141,9491.0
2024-09-14 19:43:45,SOLUSDT,ask,145,24226.0
2024-09-14 19:43:45,SOLUSDT,ask,141,9547.0
2024-09-14 19:44:53,SOLUSDT,ask,141,9557.0
2024-09-14 19:45:04,SOLUSDT,ask,141,9547.0
2024-09-14 19:45:29,SOLUSDT,ask,141,9491.0
2024-09-14 19:45:32,SOLUSDT,ask,140,9539.0
2024-09-14 19:45:32,SOLUSDT,ask,141,9490.0
2024-09-14 19:45:32,SOLUSDT,ask,144,38018.0
2024-09-14 19:45:32,SOLUSDT,ask,145,24225.0
2024-09-14 19:45:32,SOLUSDT,ask,146,15803.0
2024-09-14 19:45:55,SOLUSDT,ask,141,9561.0
2024-09-14 19:45:57,SOLUSDT,bid,120,15150.0
2024-09-14 19:46:19,SOLUSDT,ask,141,9490.0
2024-09-14 19:46:25,SOLUSDT,bid,135,10471.0
2024-09-14 19:46:55,SOLUSDT,bid,135,10445.0
2024-09-14 19:47:03,SOLUSDT,ask,147,21356.0
2024-09-14 19:47:13,SOLUSDT,bid,115,10680.0
2024-09-14 19:47:26,SOLUSDT,ask,147,21355.0
2024-09-14 19:47:28,SOLUSDT,ask,147,21356.0
2024-09-14 19:47:53,SOLUSDT,ask,141,9473.0
2024-09-14 19:47:57,SOLUSDT,ask,139,9405.0
2024-09-14 19:47:59,SOLUSDT,bid,135,10467.0
2024-09-14 19:48:03,SOLUSDT,bid,115,10682.0
2024-09-14 19:48:16,SOLUSDT,bid,135,10505.0
2024-09-14 19:48:35,SOLUSDT,bid,135,10511.0
2024-09-14 19:48:50,SOLUSDT,bid,135,10512.0
2024-09-14 19:48:53,SOLUSDT,bid,135,10462.0
2024-09-14 19:50:20,SOLUSDT,ask,139,9359.0
2024-09-14 19:50:51,SOLUSDT,bid,135,10464.0
2024-09-14 19:50:59,SOLUSDT,bid,135,10442.0
2024-09-14 19:51:04,SOLUSDT,bid,135,10431.0
2024-09-14 19:51:36,SOLUSDT,bid,133,10265.0
2024-09-14 19:51:36,SOLUSDT,bid,135,8211.0
2024-09-14 19:51:36,SOLUSDT,ask,140,10264.0
2024-09-14 19:51:53,SOLUSDT,ask,139,9449.0
2024-09-14 19:52:06,SOLUSDT,ask,144,37992.0
2024-09-14 19:52:24,SOLUSDT,bid,128,8677.0
2024-09-14 19:52:41,SOLUSDT,ask,139,9639.0
2024-09-14 19:52:44,SOLUSDT,bid,135,10438.0
2024-09-14 19:53:31,SOLUSDT,bid,135,10445.0
2024-09-14 19:54:07,SOLUSDT,ask,140,9538.0
2024-09-14 19:54:24,SOLUSDT,bid,135,10452.0
2024-09-14 19:54:36,SOLUSDT,ask,139,9622.0
2024-09-14 19:54:36,SOLUSDT,ask,140,9521.0
2024-09-14 19:54:36,SOLUSDT,ask,141,9458.0
2024-09-14 19:54:43,SOLUSDT,ask,141,9472.0
2024-09-14 19:54:51,SOLUSDT,ask,139,9629.0
2024-09-14 19:54:52,SOLUSDT,ask,139,9638.0
2024-09-14 19:54:53,SOLUSDT,ask,139,9645.0
2024-09-14 19:54:59,SOLUSDT,bid,135,10462.0
2024-09-14 19:55:20,SOLUSDT,ask,139,9653.0
2024-09-14 19:55:46,SOLUSDT,bid,135,10424.0
2024-09-14 19:55:54,SOLUSDT,ask,139,9493.0
2024-09-14 19:56:04,SOLUSDT,bid,128,8748.0
2024-09-14 19:56:20,SOLUSDT,bid,135,10425.0
2024-09-14 19:56:34,SOLUSDT,ask,139,9486.0
2024-09-14 19:56:36,SOLUSDT,ask,139,9484.0
2024-09-14 19:57:56,SOLUSDT,bid,135,10571.0
2024-09-14 19:58:29,SOLUSDT,ask,140,10299.0
2024-09-14 19:58:47,SOLUSDT,bid,125,11925.0
2024-09-14 19:59:08,SOLUSDT,ask,147,21352.0
2024-09-14 19:59:11,SOLUSDT,ask,140,9518.0
2024-09-14 19:59:19,SOLUSDT,bid,135,10570.0
2024-09-14 19:59:28,SOLUSDT,ask,144,37991.0
2024-09-14 19:59:37,SOLUSDT,bid,82,24332.0
2024-09-14 19:59:52,SOLUSDT,ask,139,9475.0
2024-09-14 19:59:54,SOLUSDT,ask,139,9468.0
2024-09-14 20:00:01,SOLUSDT,bid,128,8747.0
2024-09-14 20:00:15,SOLUSDT,bid,135,10571.0
2024-09-14 20:01:04,SOLUSDT,ask,141,14233.0
2024-09-14 20:01:19,SOLUSDT,bid,133,10264.0
2024-09-14 20:01:19,SOLUSDT,bid,135,8211.0
2024-09-14 20:01:19,SOLUSDT,ask,140,10264.0
2024-09-14 20:01:25,SOLUSDT,bid,128,8740.0
2024-09-14 20:02:51,SOLUSDT,ask,139,9460.0
2024-09-14 20:03:24,SOLUSDT,bid,135,10572.0
2024-09-14 20:03:24,SOLUSDT,ask,139,9461.0
2024-09-14 20:03:24,SOLUSDT,ask,140,9519.0
2024-09-14 20:03:58,SOLUSDT,ask,145,24440.0
2024-09-14 20:03:58,SOLUSDT,ask,140,9590.0
2024-09-14 20:04:02,SOLUSDT,ask,147,25417.0
2024-09-14 20:04:07,SOLUSDT,bid,110,20430.0
2024-09-14 20:04:09,SOLUSDT,bid,120,15146.0
2024-09-14 20:04:10,SOLUSDT,bid,125,11922.0
2024-09-14 20:04:13,SOLUSDT,bid,120,15145.0
2024-09-14 20:04:18,SOLUSDT,ask,147,25416.0
2024-09-14 20:06:16,SOLUSDT,bid,135,10573.0
2024-09-14 20:06:25,SOLUSDT,ask,145,24423.0
2024-09-14 20:06:35,SOLUSDT,bid,135,8238.0
2024-09-14 20:06:36,SOLUSDT,bid,135,8211.0
2024-09-14 20:06:44,SOLUSDT,bid,128,8669.0
2024-09-14 20:06:56,SOLUSDT,ask,141,9437.0
2024-09-14 20:06:57,SOLUSDT,bid,135,10543.0
2024-09-14 20:07:08,SOLUSDT,bid,128,8740.0
2024-09-14 20:07:12,SOLUSDT,ask,140,9519.0
2024-09-14 20:07:48,SOLUSDT,ask,147,21353.0
2024-09-14 20:07:51,SOLUSDT,bid,128,9284.0
2024-09-14 20:07:58,SOLUSDT,ask,147,21352.0
2024-09-14 20:08:01,SOLUSDT,ask,140,9518.0
2024-09-14 20:08:13,SOLUSDT,bid,135,10565.0
2024-09-14 20:08:16,SOLUSDT,bid,128,9213.0
2024-09-14 20:08:35,SOLUSDT,bid,135,8244.0
2024-09-14 20:09:03,SOLUSDT,ask,141,14212.0
2024-09-14 20:09:20,SOLUSDT,ask,140,10304.0
2024-09-14 20:09:21,SOLUSDT,ask,140,10292.0
2024-09-14 20:09:35,SOLUSDT,bid,135,8211.0
2024-09-14 20:09:59,SOLUSDT,ask,140,9515.0
2024-09-14 20:10:11,SOLUSDT,ask,139,9460.0
2024-09-14 20:10:18,SOLUSDT,bid,85,25274.0
2024-09-14 20:10:18,SOLUSDT,bid,101,26082.0
2024-09-14 20:10:18,SOLUSDT,bid,120,15144.0
2024-09-14 20:11:03,SOLUSDT,bid,110,20429.0
2024-09-14 20:11:06,SOLUSDT,ask,145,24420.0
2024-09-14 20:11:15,SOLUSDT,bid,135,8307.0
2024-09-14 20:11:15,SOLUSDT,bid,135,8499.0
2024-09-14 20:11:15,SOLUSDT,bid,135,8211.0
2024-09-14 20:11:20,SOLUSDT,bid,110,20428.0
2024-09-14 20:11:20,SOLUSDT,bid,115,10681.0
2024-09-14 20:11:20,SOLUSDT,bid,120,15143.0
2024-09-14 20:11:20,SOLUSDT,bid,125,11921.0
2024-09-14 20:11:38,SOLUSDT,ask,139,9477.0
2024-09-14 20:13:07,SOLUSDT,bid,135,10555.0
2024-09-14 20:13:29,SOLUSDT,bid,135,10557.0
2024-09-14 20:13:56,SOLUSDT,bid,120,15144.0
2024-09-14 20:14:33,SOLUSDT,bid,82,24332.0
2024-09-14 20:14:59,SOLUSDT,bid,135,10558.0
2024-09-14 20:15:43,SOLUSDT,ask,144,37954.0
2024-09-14 20:15:49,SOLUSDT,ask,145,24437.0
2024-09-14 20:15:49,SOLUSDT,ask,146,15785.0
2024-09-14 20:16:05,SOLUSDT,bid,135,10569.0
2024-09-14 20:16:06,SOLUSDT,bid,101,26084.0
2024-09-14 20:16:36,SOLUSDT,ask,140,9524.0
2024-09-14 20:16:53,SOLUSDT,bid,82,24360.0
2024-09-14 20:17:00,SOLUSDT,bid,128,8669.0
2024-09-14 20:17:04,SOLUSDT,ask,140,9523.0
2024-09-14 20:17:05,SOLUSDT,bid,135,10567.0
2024-09-14 20:17:06,SOLUSDT,bid,128,8699.0
2024-09-14 20:17:09,SOLUSDT,ask,141,9437.0
2024-09-14 20:17:10,SOLUSDT,bid,128,9381.0
2024-09-14 20:17:13,SOLUSDT,ask,139,9478.0
2024-09-14 20:17:19,SOLUSDT,bid,85,25276.0
2024-09-14 20:17:21,SOLUSDT,bid,135,10557.0
2024-09-14 20:17:25,SOLUSDT,bid,135,10556.0
2024-09-14 20:17:56,SOLUSDT,bid,135,10565.0
2024-09-14 20:18:12,SOLUSDT,bid,128,9379.0
2024-09-14 20:18:15,SOLUSDT,ask,140,9097.0
2024-09-14 20:18:33,SOLUSDT,bid,135,10560.0
2024-09-14 20:19:08,SOLUSDT,bid,112,15323.0
2024-09-14 20:19:08,SOLUSDT,ask,140,9096.0
2024-09-14 20:20:12,SOLUSDT,bid,135,10556.0
2024-09-14 20:21:07,SOLUSDT,bid,135,10563.0
2024-09-14 20:21:09,SOLUSDT,ask,139,9477.0
2024-09-14 20:21:58,SOLUSDT,bid,135,10556.0
2024-09-14 20:22:03,SOLUSDT,ask,139,9478.0
2024-09-14 20:22:09,SOLUSDT,ask,140,9097.0
2024-09-14 20:22:23,SOLUSDT,bid,132,10324.0
2024-09-14 20:22:23,SOLUSDT,bid,135,8211.0
2024-09-14 20:22:23,SOLUSDT,ask,140,10300.0
2024-09-14 20:22:51,SOLUSDT,ask,141,9481.0
2024-09-14 20:23:24,SOLUSDT,bid,135,10558.0
2024-09-14 20:23:43,SOLUSDT,bid,135,10559.0
2024-09-14 20:23:52,SOLUSDT,ask,147,21345.0
2024-09-14 20:24:15,SOLUSDT,bid,135,10566.0
2024-09-14 20:24:19,SOLUSDT,bid,135,8212.0
2024-09-14 20:24:21,SOLUSDT,bid,135,8211.0
2024-09-14 20:24:46,SOLUSDT,bid,125,11922.0
2024-09-14 20:25:10,SOLUSDT,bid,135,10551.0
2024-09-14 20:25:26,SOLUSDT,bid,135,10542.0
2024-09-14 20:25:28,SOLUSDT,bid,135,11542.0
2024-09-14 20:25:37,SOLUSDT,bid,135,11552.0
2024-09-14 20:26:12,SOLUSDT,ask,141,9437.0
2024-09-14 20:26:25,SOLUSDT,ask,147,21344.0
2024-09-14 20:26:39,SOLUSDT,ask,139,9477.0
2024-09-14 20:26:39,SOLUSDT,ask,140,10264.0
2024-09-14 20:26:54,SOLUSDT,bid,135,11554.0
2024-09-14 20:27:01,SOLUSDT,ask,139,9478.0
2024-09-14 20:27:03,SOLUSDT,ask,141,9427.0
2024-09-14 20:27:07,SOLUSDT,bid,120,15147.0
2024-09-14 20:27:09,SOLUSDT,ask,139,9479.0
2024-09-14 20:27:16,SOLUSDT,ask,139,9480.0
2024-09-14 20:27:27,SOLUSDT,ask,139,9481.0
2024-09-14 20:27:35,SOLUSDT,ask,139,9482.0
2024-09-14 20:27:55,SOLUSDT,bid,128,9476.0
2024-09-14 20:27:56,SOLUSDT,bid,128,9491.0
2024-09-14 20:28:06,SOLUSDT,ask,139,9477.0
2024-09-14 20:28:18,SOLUSDT,ask,144,37886.0
2024-09-14 20:28:19,SOLUSDT,bid,135,11556.0
2024-09-14 20:28:55,SOLUSDT,bid,135,11555.0
2024-09-14 20:28:56,SOLUSDT,bid,128,9394.0
2024-09-14 20:28:56,SOLUSDT,bid,128,9379.0
2024-09-14 20:29:15,SOLUSDT,bid,135,11548.0
2024-09-14 20:29:24,SOLUSDT,bid,125,11993.0
2024-09-14 20:29:25,SOLUSDT,bid,135,11555.0
2024-09-14 20:29:26,SOLUSDT,bid,135,11562.0
2024-09-14 20:29:39,SOLUSDT,bid,135,11563.0
2024-09-14 20:30:50,SOLUSDT,bid,135,11525.0
2024-09-14 20:31:03,SOLUSDT,bid,135,8213.0
2024-09-14 20:31:05,SOLUSDT,bid,135,8211.0
2024-09-14 20:31:17,SOLUSDT,bid,135,11532.0
2024-09-14 20:31:21,SOLUSDT,bid,82,25179.0
2024-09-14 20:31:44,SOLUSDT,bid,135,11525.0
2024-09-14 20:32:08,SOLUSDT,ask,140,9114.0
2024-09-14 20:32:14,SOLUSDT,bid,135,11562.0
2024-09-14 20:32:26,SOLUSDT,bid,135,11555.0
2024-09-14 20:32:36,SOLUSDT,bid,125,11996.0
2024-09-14 20:32:42,SOLUSDT,bid,132,10267.0
2024-09-14 20:32:43,SOLUSDT,bid,135,8211.0
2024-09-14 20:32:43,SOLUSDT,ask,140,10332.0
2024-09-14 20:32:43,SOLUSDT,bid,135,11558.0
2024-09-14 20:32:58,SOLUSDT,ask,140,9097.0
2024-09-14 20:33:57,SOLUSDT,ask,144,37862.0
2024-09-14 20:34:25,SOLUSDT,bid,135,11551.0
2024-09-14 20:34:32,SOLUSDT,bid,135,8221.0
2024-09-14 20:34:48,SOLUSDT,ask,139,9478.0
2024-09-14 20:35:04,SOLUSDT,bid,135,8211.0
2024-09-14 20:35:09,SOLUSDT,bid,135,11552.0
2024-09-14 20:35:40,SOLUSDT,bid,87,23464.0
2024-09-14 20:37:20,SOLUSDT,bid,110,20432.0
2024-09-14 20:37:25,SOLUSDT,bid,128,9579.0
2024-09-14 20:37:26,SOLUSDT,ask,140,10265.0
2024-09-14 20:37:26,SOLUSDT,bid,82,25179.0
2024-09-14 20:37:51,SOLUSDT,ask,139,9477.0
2024-09-14 20:37:57,SOLUSDT,ask,140,9098.0
2024-09-14 20:38:21,SOLUSDT,bid,135,11546.0
2024-09-14 20:38:34,SOLUSDT,bid,135,11553.0
2024-09-14 20:38:54,SOLUSDT,bid,82,25179.0
2024-09-14 20:39:30,SOLUSDT,ask,139,9488.0
2024-09-14 20:39:51,SOLUSDT,bid,135,11551.0
2024-09-14 20:40:20,SOLUSDT,bid,135,11550.0
2024-09-14 20:41:09,SOLUSDT,bid,82,25179.0
2024-09-14 20:42:17,SOLUSDT,bid,132,10279.0
2024-09-14 20:42:18,SOLUSDT,bid,135,8247.0
2024-09-14 20:42:18,SOLUSDT,ask,140,10264.0
2024-09-14 20:42:32,SOLUSDT,bid,135,8229.0
2024-09-14 20:42:33,SOLUSDT,bid,135,8211.0
2024-09-14 20:42:38,SOLUSDT,bid,128,9529.0
2024-09-14 20:43:15,SOLUSDT,ask,145,20624.0
2024-09-14 20:43:31,SOLUSDT,ask,141,14254.0
2024-09-14 20:43:40,SOLUSDT,bid,135,11552.0
2024-09-14 20:43:45,SOLUSDT,bid,135,11570.0
2024-09-14 20:43:53,SOLUSDT,ask,146,15783.0
2024-09-14 20:44:02,SOLUSDT,bid,120,15146.0
2024-09-14 20:44:07,SOLUSDT,ask,140,9088.0
2024-09-14 20:44:20,SOLUSDT,bid,135,11552.0
2024-09-14 20:45:02,SOLUSDT,bid,135,11572.0
2024-09-14 20:45:06,SOLUSDT,bid,120,15148.0
2024-09-14 20:45:06,SOLUSDT,ask,140,14427.0
2024-09-14 20:45:14,SOLUSDT,ask,141,14212.0
2024-09-14 20:45:29,SOLUSDT,bid,125,11976.0
2024-09-14 20:45:31,SOLUSDT,ask,141,9505.0
2024-09-14 20:46:59,SOLUSDT,bid,135,11577.0
2024-09-14 20:47:31,SOLUSDT,bid,112,15325.0
2024-09-14 20:47:40,SOLUSDT,bid,135,11563.0
2024-09-14 20:47:52,SOLUSDT,ask,147,21606.0
2024-09-14 20:47:55,SOLUSDT,bid,125,11982.0
2024-09-14 20:47:55,SOLUSDT,ask,140,9094.0
2024-09-14 20:48:01,SOLUSDT,ask,140,9099.0
2024-09-14 20:48:29,SOLUSDT,bid,135,11581.0
2024-09-14 20:48:49,SOLUSDT,bid,135,11580.0
2024-09-14 20:48:49,SOLUSDT,bid,110,20431.0
2024-09-14 20:48:49,SOLUSDT,bid,115,10680.0
2024-09-14 20:48:49,SOLUSDT,bid,120,15147.0
2024-09-14 20:48:49,SOLUSDT,bid,125,11981.0
2024-09-14 20:49:38,SOLUSDT,ask,140,9097.0
2024-09-14 20:50:09,SOLUSDT,bid,96,53057.0
2024-09-14 20:50:09,SOLUSDT,bid,125,11910.0
2024-09-14 20:50:36,SOLUSDT,bid,132,10264.0
2024-09-14 20:50:37,SOLUSDT,bid,135,8212.0
2024-09-14 20:50:37,SOLUSDT,ask,140,10264.0
2024-09-14 20:50:56,SOLUSDT,bid,135,11602.0
2024-09-14 20:51:27,SOLUSDT,ask,147,25417.0
2024-09-14 20:51:30,SOLUSDT,bid,135,11580.0
2024-09-14 20:51:37,SOLUSDT,ask,147,25416.0
2024-09-14 20:52:33,SOLUSDT,ask,146,15787.0
2024-09-14 20:52:48,SOLUSDT,bid,135,11524.0
2024-09-14 20:53:05,SOLUSDT,ask,139,9490.0
2024-09-14 20:53:28,SOLUSDT,bid,120,15145.0
2024-09-14 20:53:29,SOLUSDT,bid,135,11407.0
2024-09-14 20:54:55,SOLUSDT,bid,128,9610.0
2024-09-14 20:55:02,SOLUSDT,bid,115,10681.0
2024-09-14 20:55:02,SOLUSDT,bid,135,11408.0
2024-09-14 20:55:02,SOLUSDT,ask,140,9102.0
2024-09-14 20:55:02,SOLUSDT,ask,147,21607.0
2024-09-14 20:55:02,SOLUSDT,ask,151,14759.0
2024-09-14 20:55:08,SOLUSDT,bid,135,11436.0
2024-09-14 20:55:15,SOLUSDT,ask,141,9605.0
2024-09-14 20:55:26,SOLUSDT,bid,135,11458.0
2024-09-14 20:56:05,SOLUSDT,ask,141,9678.0
2024-09-14 20:56:33,SOLUSDT,bid,135,11532.0
2024-09-14 20:56:36,SOLUSDT,bid,133,10273.0
2024-09-14 20:56:37,SOLUSDT,bid,135,8419.0
2024-09-14 20:56:37,SOLUSDT,ask,140,10266.0
2024-09-14 20:56:37,SOLUSDT,ask,139,9491.0
2024-09-14 20:57:03,SOLUSDT,ask,139,9492.0
2024-09-14 20:57:12,SOLUSDT,bid,135,11531.0
2024-09-14 20:57:46,SOLUSDT,bid,135,11509.0
2024-09-14 20:58:10,SOLUSDT,ask,140,9077.0
2024-09-14 20:58:25,SOLUSDT,ask,139,9499.0
2024-09-14 20:58:53,SOLUSDT,bid,135,11501.0
2024-09-14 20:59:47,SOLUSDT,bid,135,11535.0
2024-09-14 20:59:58,SOLUSDT,bid,135,11536.0
2024-09-14 21:00:28,SOLUSDT,ask,139,9509.0
2024-09-14 21:00:52,SOLUSDT,bid,135,11535.0
2024-09-14 21:00:55,SOLUSDT,bid,128,9606.0
2024-09-14 21:01:10,SOLUSDT,bid,135,11536.0
2024-09-14 21:02:16,SOLUSDT,bid,135,11517.0
2024-09-14 21:02:21,SOLUSDT,bid,133,10280.0
2024-09-14 21:02:22,SOLUSDT,bid,135,8234.0
2024-09-14 21:02:22,SOLUSDT,ask,141,10264.0
2024-09-14 21:03:23,SOLUSDT,bid,115,10679.0
2024-09-14 21:03:54,SOLUSDT,ask,140,9065.0
2024-09-14 21:04:00,SOLUSDT,bid,135,11543.0
2024-09-14 21:04:15,SOLUSDT,bid,135,11535.0
2024-09-14 21:04:15,SOLUSDT,bid,128,9677.0
2024-09-14 21:04:15,SOLUSDT,bid,135,8256.0
2024-09-14 21:04:28,SOLUSDT,ask,140,9060.0
2024-09-14 21:04:31,SOLUSDT,ask,141,9578.0
2024-09-14 21:04:33,SOLUSDT,ask,139,9498.0
2024-09-14 21:04:39,SOLUSDT,bid,112,15324.0
2024-09-14 21:04:39,SOLUSDT,bid,135,11533.0
2024-09-14 21:04:53,SOLUSDT,ask,140,9061.0
2024-09-14 21:05:37,SOLUSDT,bid,135,11534.0
2024-09-14 21:05:44,SOLUSDT,bid,135,11536.0
2024-09-14 21:05:44,SOLUSDT,ask,140,9063.0
2024-09-14 21:05:52,SOLUSDT,bid,135,11586.0
2024-09-14 21:06:38,SOLUSDT,ask,140,14424.0
2024-09-14 21:06:58,SOLUSDT,ask,141,14213.0
2024-09-14 21:07:09,SOLUSDT,ask,141,14212.0
2024-09-14 21:07:41,SOLUSDT,bid,135,11587.0
2024-09-14 21:10:24,SOLUSDT,bid,120,15157.0
2024-09-14 21:10:39,SOLUSDT,ask,140,9062.0
2024-09-14 21:11:13,SOLUSDT,ask,144,37962.0
2024-09-14 21:12:27,SOLUSDT,bid,133,10302.0
2024-09-14 21:12:27,SOLUSDT,bid,135,8212.0
2024-09-14 21:12:27,SOLUSDT,ask,140,10265.0
2024-09-14 21:12:49,SOLUSDT,bid,125,11932.0
2024-09-14 21:12:54,SOLUSDT,bid,135,11647.0
2024-09-14 21:13:02,SOLUSDT,bid,135,11646.0
2024-09-14 21:13:19,SOLUSDT,bid,135,11647.0
2024-09-14 21:13:32,SOLUSDT,bid,133,10265.0
2024-09-14 21:13:47,SOLUSDT,bid,128,9678.0
2024-09-14 21:13:56,SOLUSDT,bid,128,9790.0
2024-09-14 21:14:27,SOLUSDT,ask,140,9081.0
2024-09-14 21:14:34,SOLUSDT,ask,141,9580.0
2024-09-14 21:14:45,SOLUSDT,ask,141,9578.0
2024-09-14 21:14:46,SOLUSDT,ask,141,9580.0
2024-09-14 21:14:47,SOLUSDT,ask,140,10273.0
2024-09-14 21:14:47,SOLUSDT,ask,140,9062.0
2024-09-14 21:14:57,SOLUSDT,bid,128,9678.0
2024-09-14 21:14:57,SOLUSDT,ask,141,9578.0
2024-09-14 21:15:09,SOLUSDT,ask,140,9089.0
2024-09-14 21:15:38,SOLUSDT,ask,140,9082.0
2024-09-14 21:15:49,SOLUSDT,ask,140,10265.0
2024-09-14 21:15:50,SOLUSDT,ask,140,10273.0
2024-09-14 21:16:11,SOLUSDT,bid,90,59309.0
2024-09-14 21:16:11,SOLUSDT,bid,91,56332.0
2024-09-14 21:16:11,SOLUSDT,bid,96,53053.0
2024-09-14 21:16:11,SOLUSDT,bid,101,26080.0
2024-09-14 21:16:11,SOLUSDT,bid,110,20428.0
2024-09-14 21:16:11,SOLUSDT,bid,112,15321.0
2024-09-14 21:16:11,SOLUSDT,bid,115,10676.0
2024-09-14 21:16:11,SOLUSDT,bid,120,15154.0
2024-09-14 21:16:11,SOLUSDT,bid,125,11929.0
2024-09-14 21:16:11,SOLUSDT,bid,128,9675.0
2024-09-14 21:16:11,SOLUSDT,bid,135,11644.0
2024-09-14 21:16:11,SOLUSDT,ask,139,9495.0
2024-09-14 21:16:11,SOLUSDT,ask,140,9080.0
2024-09-14 21:16:11,SOLUSDT,ask,141,9576.0
2024-09-14 21:16:11,SOLUSDT,ask,144,37960.0
2024-09-14 21:16:11,SOLUSDT,ask,145,24435.0
2024-09-14 21:16:11,SOLUSDT,ask,146,15785.0
2024-09-14 21:16:11,SOLUSDT,ask,147,21605.0
2024-09-14 21:16:19,SOLUSDT,ask,140,9075.0
2024-09-14 21:16:29,SOLUSDT,bid,135,11645.0
2024-09-14 21:16:45,SOLUSDT,ask,140,9085.0
2024-09-14 21:16:51,SOLUSDT,ask,140,10265.0
2024-09-14 21:17:02,SOLUSDT,bid,90,59291.0
2024-09-14 21:17:02,SOLUSDT,bid,91,56314.0
2024-09-14 21:17:02,SOLUSDT,bid,96,53036.0
2024-09-14 21:17:02,SOLUSDT,bid,101,26064.0
2024-09-14 21:17:02,SOLUSDT,bid,110,20414.0
2024-09-14 21:17:02,SOLUSDT,bid,112,15307.0
2024-09-14 21:17:02,SOLUSDT,bid,115,10662.0
2024-09-14 21:17:02,SOLUSDT,bid,120,15141.0
2024-09-14 21:17:02,SOLUSDT,bid,125,11916.0
2024-09-14 21:17:02,SOLUSDT,bid,128,9663.0
2024-09-14 21:17:02,SOLUSDT,bid,135,11633.0
2024-09-14 21:17:02,SOLUSDT,ask,139,9484.0
2024-09-14 21:17:02,SOLUSDT,ask,140,9074.0
2024-09-14 21:17:02,SOLUSDT,ask,141,9565.0
2024-09-14 21:17:02,SOLUSDT,ask,144,37949.0
2024-09-14 21:17:02,SOLUSDT,ask,145,24424.0
2024-09-14 21:17:02,SOLUSDT,ask,146,15774.0
2024-09-14 21:17:02,SOLUSDT,ask,147,21594.0
2024-09-14 21:17:02,SOLUSDT,ask,140,9109.0
2024-09-14 21:17:26,SOLUSDT,bid,135,11995.0
2024-09-14 21:17:47,SOLUSDT,bid,135,11945.0
2024-09-14 21:18:31,SOLUSDT,ask,145,24426.0
2024-09-14 21:18:40,SOLUSDT,ask,140,9111.0
2024-09-14 21:19:03,SOLUSDT,bid,128,9649.0
2024-09-14 21:19:44,SOLUSDT,ask,140,9113.0
2024-09-14 21:19:54,SOLUSDT,ask,145,24523.0
2024-09-14 21:20:51,SOLUSDT,ask,140,9111.0
2024-09-14 21:20:51,SOLUSDT,bid,135,11831.0
2024-09-14 21:21:23,SOLUSDT,ask,141,9568.0
2024-09-14 21:21:23,SOLUSDT,ask,140,14424.0
2024-09-14 21:21:23,SOLUSDT,ask,141,9565.0
2024-09-14 21:21:23,SOLUSDT,ask,141,14224.0
2024-09-14 21:21:23,SOLUSDT,ask,141,14212.0
2024-09-14 21:21:23,SOLUSDT,ask,141,9577.0
2024-09-14 21:21:23,SOLUSDT,ask,141,14212.0
2024-09-14 21:21:23,SOLUSDT,ask,141,9577.0
2024-09-14 21:21:23,SOLUSDT,ask,140,14424.0
2024-09-14 21:21:23,SOLUSDT,ask,141,9565.0
2024-09-14 21:21:35,SOLUSDT,bid,133,10264.0
2024-09-14 21:21:36,SOLUSDT,bid,135,8271.0
2024-09-14 21:21:36,SOLUSDT,ask,140,10264.0
2024-09-14 21:21:43,SOLUSDT,bid,125,11917.0
2024-09-14 21:22:05,SOLUSDT,bid,135,8295.0
2024-09-14 21:22:11,SOLUSDT,bid,135,11841.0
2024-09-14 21:22:51,SOLUSDT,ask,140,19579.0
2024-09-14 21:22:55,SOLUSDT,bid,128,9746.0
2024-09-14 21:22:57,SOLUSDT,bid,128,9761.0
2024-09-14 21:23:08,SOLUSDT,bid,135,11839.0
2024-09-14 21:23:33,SOLUSDT,ask,141,9564.0
2024-09-14 21:23:55,SOLUSDT,bid,128,9746.0
2024-09-14 21:23:55,SOLUSDT,bid,128,9649.0
2024-09-14 21:24:06,SOLUSDT,bid,135,8271.0
2024-09-14 21:24:12,SOLUSDT,bid,135,8278.0
2024-09-14 21:24:20,SOLUSDT,bid,133,10264.0
2024-09-14 21:24:20,SOLUSDT,bid,135,8249.0
2024-09-14 21:24:20,SOLUSDT,ask,141,10268.0
2024-09-14 21:24:21,SOLUSDT,ask,151,14760.0
2024-09-14 21:24:21,SOLUSDT,ask,151,14761.0
2024-09-14 21:24:30,SOLUSDT,ask,151,14761.0
2024-09-14 21:24:30,SOLUSDT,ask,151,14761.0
2024-09-14 21:24:30,SOLUSDT,ask,151,14760.0
2024-09-14 21:24:31,SOLUSDT,ask,151,14761.0
2024-09-14 21:24:37,SOLUSDT,bid,135,11837.0
2024-09-14 21:24:39,SOLUSDT,ask,151,14760.0
2024-09-14 21:24:40,SOLUSDT,ask,151,14759.0
2024-09-14 21:25:08,SOLUSDT,ask,139,9582.0
2024-09-14 21:25:29,SOLUSDT,bid,128,9626.0
2024-09-14 21:25:47,SOLUSDT,bid,110,20403.0
2024-09-14 21:26:10,SOLUSDT,bid,135,8345.0
2024-09-14 21:26:10,SOLUSDT,bid,135,8249.0
2024-09-14 21:26:32,SOLUSDT,bid,133,10264.0
2024-09-14 21:26:33,SOLUSDT,bid,135,11825.0
2024-09-14 21:26:33,SOLUSDT,ask,141,10266.0
2024-09-14 21:26:34,SOLUSDT,bid,135,11799.0
2024-09-14 21:26:35,SOLUSDT,bid,82,24243.0
2024-09-14 21:26:48,SOLUSDT,ask,139,9581.0
2024-09-14 21:27:00,SOLUSDT,ask,139,9585.0
2024-09-14 21:27:12,SOLUSDT,bid,135,11801.0
2024-09-14 21:27:24,SOLUSDT,bid,128,9628.0
2024-09-14 21:27:25,SOLUSDT,bid,133,10265.0
2024-09-14 21:27:26,SOLUSDT,ask,141,10286.0
2024-09-14 21:27:26,SOLUSDT,ask,139,8218.0
2024-09-14 21:27:27,SOLUSDT,ask,139,9730.0
2024-09-14 21:27:47,SOLUSDT,ask,147,21332.0
2024-09-14 21:27:49,SOLUSDT,ask,144,37764.0
2024-09-14 21:27:50,SOLUSDT,ask,140,9112.0
2024-09-14 21:27:56,SOLUSDT,bid,135,11751.0
2024-09-14 21:27:57,SOLUSDT,ask,144,37949.0
2024-09-14 21:28:06,SOLUSDT,ask,139,9618.0
2024-09-14 21:28:27,SOLUSDT,ask,139,9635.0
2024-09-14 21:28:49,SOLUSDT,bid,135,11825.0
2024-09-14 21:29:00,SOLUSDT,ask,139,9537.0
2024-09-14 21:29:05,SOLUSDT,bid,135,11830.0
2024-09-14 21:29:37,SOLUSDT,ask,139,8228.0
2024-09-14 21:29:38,SOLUSDT,ask,139,9541.0
2024-09-14 21:29:45,SOLUSDT,bid,135,11833.0
2024-09-14 21:29:46,SOLUSDT,ask,139,8218.0
2024-09-14 21:29:51,SOLUSDT,ask,140,9123.0
2024-09-14 21:29:58,SOLUSDT,bid,125,11913.0
2024-09-14 21:30:16,SOLUSDT,ask,139,9591.0
2024-09-14 21:30:16,SOLUSDT,ask,139,9594.0
2024-09-14 21:30:42,SOLUSDT,ask,145,24522.0
2024-09-14 21:31:00,SOLUSDT,ask,145,24525.0
2024-09-14 21:31:07,SOLUSDT,ask,139,9596.0
2024-09-14 21:31:10,SOLUSDT,bid,76,26282.0
2024-09-14 21:31:10,SOLUSDT,bid,77,26375.0
2024-09-14 21:31:10,SOLUSDT,bid,81,24736.0
2024-09-14 21:31:10,SOLUSDT,bid,86,59075.0
2024-09-14 21:31:10,SOLUSDT,ask,140,9124.0
2024-09-14 21:31:27,SOLUSDT,bid,128,9635.0
2024-09-14 21:31:28,SOLUSDT,ask,139,9623.0
2024-09-14 21:31:35,SOLUSDT,ask,139,9596.0
2024-09-14 21:31:48,SOLUSDT,ask,145,24310.0
2024-09-14 21:31:50,SOLUSDT,bid,135,11829.0
2024-09-14 21:31:53,SOLUSDT,ask,144,38057.0
2024-09-14 21:32:02,SOLUSDT,ask,146,15776.0
2024-09-14 21:32:12,SOLUSDT,ask,139,9595.0
2024-09-14 21:32:20,SOLUSDT,ask,139,9595.0
2024-09-14 21:32:20,SOLUSDT,ask,139,9596.0
2024-09-14 21:32:27,SOLUSDT,bid,134,10276.0
2024-09-14 21:32:27,SOLUSDT,ask,142,10266.0
2024-09-14 21:32:28,SOLUSDT,ask,139,8211.0
2024-09-14 21:32:30,SOLUSDT,bid,135,11819.0
2024-09-14 21:32:32,SOLUSDT,ask,145,14668.0
2024-09-14 21:32:33,SOLUSDT,bid,110,20387.0
2024-09-14 21:32:33,SOLUSDT,bid,135,11784.0
2024-09-14 21:32:36,SOLUSDT,bid,135,11754.0
2024-09-14 21:32:38,SOLUSDT,ask,139,9599.0
2024-09-14 21:32:41,SOLUSDT,ask,139,9454.0
2024-09-14 21:32:42,SOLUSDT,bid,135,11752.0
2024-09-14 21:32:53,SOLUSDT,ask,151,14760.0
2024-09-14 21:32:55,SOLUSDT,ask,139,10893.0
2024-09-14 21:32:57,SOLUSDT,bid,110,20394.0
2024-09-14 21:33:05,SOLUSDT,bid,76,26281.0
2024-09-14 21:33:05,SOLUSDT,bid,77,26374.0
2024-09-14 21:33:05,SOLUSDT,bid,81,24735.0
2024-09-14 21:33:05,SOLUSDT,bid,86,59074.0
2024-09-14 21:33:05,SOLUSDT,ask,140,9123.0
2024-09-14 21:33:15,SOLUSDT,ask,140,9133.0
2024-09-14 21:33:17,SOLUSDT,bid,132,7637.0
2024-09-14 21:33:18,SOLUSDT,ask,140,9136.0
2024-09-14 21:33:23,SOLUSDT,ask,141,9569.0
2024-09-14 21:33:27,SOLUSDT,ask,139,9474.0
2024-09-14 21:33:32,SOLUSDT,ask,139,10121.0
2024-09-14 21:33:37,SOLUSDT,ask,139,8221.0
2024-09-14 21:33:40,SOLUSDT,ask,139,8211.0
2024-09-14 21:33:46,SOLUSDT,ask,142,10267.0
2024-09-14 21:33:47,SOLUSDT,ask,142,10266.0
2024-09-14 21:33:49,SOLUSDT,ask,139,10116.0
2024-09-14 21:34:03,SOLUSDT,bid,135,11756.0
2024-09-14 21:34:17,SOLUSDT,bid,132,7646.0
2024-09-14 21:34:23,SOLUSDT,bid,110,20403.0
2024-09-14 21:34:52,SOLUSDT,ask,139,10268.0
2024-09-14 21:34:55,SOLUSDT,ask,144,38186.0
2024-09-14 21:35:00,SOLUSDT,ask,145,24336.0
2024-09-14 21:35:00,SOLUSDT,ask,140,9135.0
2024-09-14 21:35:06,SOLUSDT,ask,140,9136.0
2024-09-14 21:35:09,SOLUSDT,ask,139,10267.0
2024-09-14 21:35:10,SOLUSDT,ask,140,9137.0
2024-09-14 21:35:10,SOLUSDT,ask,139,10272.0
2024-09-14 21:35:15,SOLUSDT,bid,133,10264.0
2024-09-14 21:35:16,SOLUSDT,ask,140,9152.0
2024-09-14 21:35:17,SOLUSDT,ask,140,9142.0
2024-09-14 21:35:24,SOLUSDT,ask,141,10265.0
2024-09-14 21:35:24,SOLUSDT,ask,139,8226.0
2024-09-14 21:35:37,SOLUSDT,bid,135,11752.0
2024-09-14 21:35:42,SOLUSDT,bid,133,10277.0
2024-09-14 21:35:49,SOLUSDT,ask,139,10119.0
2024-09-14 21:35:52,SOLUSDT,bid,82,24243.0
2024-09-14 21:35:53,SOLUSDT,bid,110,20403.0
2024-09-14 21:35:53,SOLUSDT,bid,110,20403.0
2024-09-14 21:35:54,SOLUSDT,bid,110,20403.0
2024-09-14 21:35:59,SOLUSDT,bid,110,20396.0
2024-09-14 21:36:02,SOLUSDT,bid,82,24243.0
2024-09-14 21:36:23,SOLUSDT,bid,133,10266.0
2024-09-14 21:36:24,SOLUSDT,bid,135,8217.0
2024-09-14 21:36:24,SOLUSDT,ask,142,10267.0
2024-09-14 21:36:25,SOLUSDT,ask,139,8211.0
2024-09-14 21:36:47,SOLUSDT,ask,140,9141.0
2024-09-14 21:36:57,SOLUSDT,ask,139,10442.0
2024-09-14 21:37:26,SOLUSDT,ask,142,10478.0
2024-09-14 21:37:31,SOLUSDT,ask,145,24347.0
2024-09-14 21:37:41,SOLUSDT,ask,147,21372.0
2024-09-14 21:37:56,SOLUSDT,bid,135,11753.0
2024-09-14 21:38:02,SOLUSDT,ask,139,10443.0
2024-09-14 21:38:02,SOLUSDT,ask,140,9142.0
2024-09-14 21:38:02,SOLUSDT,ask,141,9639.0
2024-09-14 21:38:03,SOLUSDT,ask,139,10461.0
2024-09-14 21:38:04,SOLUSDT,bid,135,11872.0
2024-09-14 21:38:05,SOLUSDT,ask,145,24321.0
2024-09-14 21:38:19,SOLUSDT,ask,139,10466.0
2024-09-14 21:38:20,SOLUSDT,ask,139,10489.0
2024-09-14 21:38:26,SOLUSDT,bid,125,11769.0
2024-09-14 21:38:27,SOLUSDT,bid,135,11838.0
2024-09-14 21:38:34,SOLUSDT,ask,141,9759.0
2024-09-14 21:38:34,SOLUSDT,bid,125,11768.0
2024-09-14 21:38:43,SOLUSDT,ask,139,10466.0
2024-09-14 21:39:16,SOLUSDT,bid,110,20397.0
2024-09-14 21:39:20,SOLUSDT,ask,139,10489.0
2024-09-14 21:39:41,SOLUSDT,ask,139,10589.0
2024-09-14 21:39:43,SOLUSDT,ask,146,15774.0
2024-09-14 21:40:06,SOLUSDT,ask,140,9147.0
2024-09-14 21:40:15,SOLUSDT,ask,141,9932.0
2024-09-14 21:40:21,SOLUSDT,ask,140,19582.0
2024-09-14 21:40:36,SOLUSDT,ask,141,9759.0
2024-09-14 21:40:44,SOLUSDT,ask,140,14427.0
2024-09-14 21:41:10,SOLUSDT,ask,139,10590.0
2024-09-14 21:41:12,SOLUSDT,ask,140,9127.0
2024-09-14 21:41:31,SOLUSDT,bid,135,11830.0
2024-09-14 21:42:07,SOLUSDT,bid,110,20404.0
2024-09-14 21:42:41,SOLUSDT,bid,120,15341.0
2024-09-14 21:42:46,SOLUSDT,ask,140,9126.0
2024-09-14 21:42:49,SOLUSDT,bid,135,11853.0
2024-09-14 21:42:50,SOLUSDT,bid,135,11850.0
2024-09-14 21:43:09,SOLUSDT,ask,139,10621.0
2024-09-14 21:43:18,SOLUSDT,ask,139,10521.0
2024-09-14 21:43:19,SOLUSDT,ask,139,10519.0
2024-09-14 21:43:22,SOLUSDT,ask,140,9162.0
2024-09-14 21:43:25,SOLUSDT,ask,140,9164.0
2024-09-14 21:43:36,SOLUSDT,ask,140,9168.0
2024-09-14 21:44:05,SOLUSDT,ask,140,9177.0
2024-09-14 21:44:13,SOLUSDT,ask,145,24428.0
2024-09-14 21:44:42,SOLUSDT,ask,139,10526.0
2024-09-14 21:44:42,SOLUSDT,bid,135,11845.0
2024-09-14 21:44:46,SOLUSDT,ask,167,10096.0
2024-09-14 21:44:58,SOLUSDT,ask,139,10536.0
2024-09-14 21:44:58,SOLUSDT,ask,140,9150.0
2024-09-14 21:45:18,SOLUSDT,ask,145,24427.0
2024-09-14 21:45:19,SOLUSDT,bid,132,7652.0
2024-09-14 21:45:36,SOLUSDT,ask,141,9760.0
2024-09-14 21:45:37,SOLUSDT,ask,171,8078.0
2024-09-14 21:45:49,SOLUSDT,ask,172,10269.0
2024-09-14 21:45:52,SOLUSDT,bid,135,11483.0
2024-09-14 21:45:57,SOLUSDT,ask,140,9204.0
2024-09-14 21:46:10,SOLUSDT,ask,139,10537.0
2024-09-14 21:47:37,SOLUSDT,ask,139,10661.0
2024-09-14 21:48:03,SOLUSDT,bid,132,7646.0
2024-09-14 21:48:15,SOLUSDT,ask,140,9197.0
2024-09-14 21:48:38,SOLUSDT,ask,139,10671.0
2024-09-14 21:48:39,SOLUSDT,ask,139,10672.0
2024-09-14 21:49:54,SOLUSDT,ask,190,42474.0
2024-09-14 21:50:29,SOLUSDT,bid,135,11482.0
2024-09-14 21:50:29,SOLUSDT,ask,139,10671.0
2024-09-14 21:50:29,SOLUSDT,ask,140,9196.0
2024-09-14 21:50:40,SOLUSDT,bid,135,11470.0
2024-09-14 21:50:40,SOLUSDT,ask,140,9181.0
2024-09-14 21:50:41,SOLUSDT,ask,144,38187.0
2024-09-14 21:50:43,SOLUSDT,ask,140,9182.0
2024-09-14 21:51:33,SOLUSDT,ask,145,24421.0
2024-09-14 21:51:34,SOLUSDT,ask,140,9173.0
2024-09-14 21:51:57,SOLUSDT,ask,141,9795.0
2024-09-14 21:52:16,SOLUSDT,bid,90,60402.0
2024-09-14 21:52:19,SOLUSDT,ask,139,10676.0
2024-09-14 21:52:20,SOLUSDT,bid,134,10264.0
2024-09-14 21:52:21,SOLUSDT,ask,141,10265.0
2024-09-14 21:52:21,SOLUSDT,ask,139,8215.0
2024-09-14 21:52:29,SOLUSDT,ask,141,10332.0
2024-09-14 21:52:34,SOLUSDT,ask,140,9174.0
2024-09-14 21:53:08,SOLUSDT,bid,135,11370.0
2024-09-14 21:53:11,SOLUSDT,ask,144,38189.0
2024-09-14 21:53:22,SOLUSDT,bid,135,11373.0
2024-09-14 21:53:31,SOLUSDT,bid,135,11376.0
2024-09-14 21:53:37,SOLUSDT,ask,139,10693.0
2024-09-14 21:53:44,SOLUSDT,ask,139,10703.0
2024-09-14 21:53:46,SOLUSDT,bid,135,11373.0
2024-09-14 21:53:53,SOLUSDT,ask,139,10698.0
2024-09-14 21:54:00,SOLUSDT,ask,140,9218.0
2024-09-14 21:54:01,SOLUSDT,ask,139,10699.0
2024-09-14 21:54:02,SOLUSDT,bid,125,11774.0
2024-09-14 21:54:02,SOLUSDT,bid,115,10686.0
2024-09-14 21:54:07,SOLUSDT,ask,147,21332.0
2024-09-14 21:54:09,SOLUSDT,bid,135,11273.0
2024-09-14 21:54:20,SOLUSDT,ask,146,15776.0
2024-09-14 21:54:21,SOLUSDT,ask,139,10689.0
2024-09-14 21:54:22,SOLUSDT,ask,147,21362.0
2024-09-14 21:54:27,SOLUSDT,bid,135,11262.0
2024-09-14 21:54:28,SOLUSDT,ask,139,10703.0
2024-09-14 21:54:39,SOLUSDT,ask,145,24418.0
2024-09-14 21:54:39,SOLUSDT,bid,135,11265.0
2024-09-14 21:54:46,SOLUSDT,bid,135,11267.0
2024-09-14 21:54:49,SOLUSDT,bid,125,11752.0
2024-09-14 21:54:52,SOLUSDT,ask,139,10708.0
2024-09-14 21:55:01,SOLUSDT,ask,140,9216.0
2024-09-14 21:55:01,SOLUSDT,ask,140,9236.0
2024-09-14 21:55:11,SOLUSDT,ask,139,10701.0
2024-09-14 21:55:12,SOLUSDT,bid,135,11191.0
2024-09-14 21:55:26,SOLUSDT,ask,139,10511.0
2024-09-14 21:55:31,SOLUSDT,ask,140,9235.0
2024-09-14 21:55:31,SOLUSDT,ask,139,10510.0
2024-09-14 21:55:42,SOLUSDT,ask,139,10610.0
2024-09-14 21:55:46,SOLUSDT,bid,115,10685.0
2024-09-14 21:55:46,SOLUSDT,bid,135,11190.0
2024-09-14 21:55:46,SOLUSDT,ask,147,21361.0
2024-09-14 21:55:46,SOLUSDT,ask,151,14759.0
2024-09-14 21:55:51,SOLUSDT,ask,139,10612.0
2024-09-14 21:56:07,SOLUSDT,ask,139,12247.0
2024-09-14 21:56:14,SOLUSDT,ask,140,9239.0
2024-09-14 21:56:19,SOLUSDT,ask,139,12242.0
2024-09-14 21:56:26,SOLUSDT,ask,139,8219.0
2024-09-14 21:56:29,SOLUSDT,ask,139,12255.0
2024-09-14 21:56:41,SOLUSDT,ask,146,15771.0
2024-09-14 21:56:50,SOLUSDT,ask,139,12254.0
2024-09-14 21:57:10,SOLUSDT,ask,139,12354.0
2024-09-14 21:57:10,SOLUSDT,ask,140,9139.0
2024-09-14 21:57:13,SOLUSDT,bid,135,11110.0
2024-09-14 21:57:16,SOLUSDT,ask,139,12374.0
2024-09-14 21:57:29,SOLUSDT,ask,141,10265.0
2024-09-14 21:57:43,SOLUSDT,bid,135,11115.0
2024-09-14 21:58:40,SOLUSDT,ask,141,14352.0
2024-09-14 21:58:40,SOLUSDT,ask,141,14492.0
2024-09-14 21:58:47,SOLUSDT,bid,135,11118.0
2024-09-14 21:59:03,SOLUSDT,ask,139,12666.0
2024-09-14 21:59:16,SOLUSDT,bid,135,11119.0
2024-09-14 21:59:24,SOLUSDT,bid,132,7649.0
2024-09-14 21:59:27,SOLUSDT,ask,139,8215.0
2024-09-14 21:59:27,SOLUSDT,ask,141,14506.0
2024-09-14 21:59:32,SOLUSDT,bid,112,15310.0
2024-09-14 21:59:40,SOLUSDT,ask,140,19607.0
2024-09-14 21:59:42,SOLUSDT,ask,139,12675.0
2024-09-14 22:00:18,SOLUSDT,ask,139,12655.0
2024-09-14 22:00:24,SOLUSDT,ask,140,14429.0
2024-09-14 22:00:24,SOLUSDT,ask,140,14427.0
2024-09-14 22:00:25,SOLUSDT,ask,140,14429.0
2024-09-14 22:00:26,SOLUSDT,ask,140,14427.0
2024-09-14 22:00:29,SOLUSDT,ask,140,14429.0
2024-09-14 22:00:31,SOLUSDT,ask,140,9137.0
2024-09-14 22:00:44,SOLUSDT,ask,146,15791.0
2024-09-14 22:01:03,SOLUSDT,ask,141,14492.0
2024-09-14 22:01:18,SOLUSDT,ask,141,14352.0
2024-09-14 22:01:18,SOLUSDT,ask,141,14212.0
2024-09-14 22:01:34,SOLUSDT,ask,146,15771.0
2024-09-14 22:01:51,SOLUSDT,bid,135,11137.0
2024-09-14 22:02:28,SOLUSDT,bid,133,10400.0
2024-09-14 22:02:28,SOLUSDT,ask,141,10265.0
2024-09-14 22:02:29,SOLUSDT,ask,139,8216.0
2024-09-14 22:02:31,SOLUSDT,ask,141,9936.0
2024-09-14 22:02:49,SOLUSDT,ask,139,12656.0
2024-09-14 22:02:52,SOLUSDT,ask,145,24394.0
2024-09-14 22:03:34,SOLUSDT,ask,139,12647.0
2024-09-14 22:03:41,SOLUSDT,bid,132,7899.0
2024-09-14 22:03:51,SOLUSDT,bid,125,10957.0
2024-09-14 22:03:54,SOLUSDT,ask,140,9146.0
2024-09-14 22:04:04,SOLUSDT,bid,135,11728.0
2024-09-14 22:04:14,SOLUSDT,ask,139,12743.0
2024-09-14 22:04:15,SOLUSDT,ask,139,12851.0
2024-09-14 22:04:15,SOLUSDT,ask,139,12803.0
2024-09-14 22:04:15,SOLUSDT,ask,139,12743.0
2024-09-14 22:04:15,SOLUSDT,ask,139,12647.0
2024-09-14 22:04:19,SOLUSDT,ask,144,38195.0
2024-09-14 22:04:19,SOLUSDT,ask,144,38201.0
2024-09-14 22:04:20,SOLUSDT,ask,144,38207.0
2024-09-14 22:04:20,SOLUSDT,ask,144,38195.0
2024-09-14 22:04:22,SOLUSDT,ask,144,38233.0
2024-09-14 22:04:45,SOLUSDT,ask,140,19626.0
2024-09-14 22:04:56,SOLUSDT,bid,135,11742.0
2024-09-14 22:05:12,SOLUSDT,ask,144,38195.0
2024-09-14 22:05:22,SOLUSDT,ask,139,12665.0
2024-09-14 22:05:43,SOLUSDT,bid,110,20403.0
2024-09-14 22:05:43,SOLUSDT,bid,115,10684.0
2024-09-14 22:05:43,SOLUSDT,bid,120,15340.0
2024-09-14 22:05:43,SOLUSDT,bid,125,10956.0
2024-09-14 22:05:43,SOLUSDT,bid,135,11741.0
2024-09-14 22:05:43,SOLUSDT,ask,140,9145.0
2024-09-14 22:05:43,SOLUSDT,ask,145,24393.0
2024-09-14 22:05:51,SOLUSDT,ask,139,12666.0
2024-09-14 22:06:05,SOLUSDT,bid,135,11742.0
2024-09-14 22:06:07,SOLUSDT,bid,135,11744.0
2024-09-14 22:06:08,SOLUSDT,bid,135,11743.0
2024-09-14 22:06:29,SOLUSDT,bid,110,20396.0
2024-09-14 22:06:59,SOLUSDT,bid,110,20453.0
2024-09-14 22:07:01,SOLUSDT,bid,135,11746.0
2024-09-14 22:07:17,SOLUSDT,ask,145,24392.0
2024-09-14 22:07:40,SOLUSDT,ask,139,8217.0
2024-09-14 22:07:40,SOLUSDT,ask,139,12659.0
2024-09-14 22:07:41,SOLUSDT,ask,139,8216.0
2024-09-14 22:07:58,SOLUSDT,ask,140,9143.0
2024-09-14 22:07:59,SOLUSDT,ask,145,24390.0
2024-09-14 22:08:02,SOLUSDT,bid,135,11725.0
2024-09-14 22:08:43,SOLUSDT,ask,140,8904.0
2024-09-14 22:08:45,SOLUSDT,bid,132,7918.0
2024-09-14 22:08:52,SOLUSDT,ask,145,24629.0
2024-09-14 22:08:58,SOLUSDT,ask,141,9935.0
2024-09-14 22:09:01,SOLUSDT,ask,139,12661.0
2024-09-14 22:09:06,SOLUSDT,bid,132,7929.0
2024-09-14 22:09:20,SOLUSDT,ask,141,9947.0
2024-09-14 22:09:40,SOLUSDT,ask,145,24633.0
2024-09-14 22:09:42,SOLUSDT,ask,144,38212.0
2024-09-14 22:09:56,SOLUSDT,ask,145,24634.0
2024-09-14 22:10:01,SOLUSDT,bid,110,20455.0
2024-09-14 22:10:01,SOLUSDT,ask,182,16001.0
2024-09-14 22:10:01,SOLUSDT,ask,190,42475.0
2024-09-14 22:10:02,SOLUSDT,bid,135,10725.0
2024-09-14 22:10:32,SOLUSDT,ask,140,8906.0
2024-09-14 22:11:16,SOLUSDT,ask,140,8892.0
2024-09-14 22:11:29,SOLUSDT,bid,135,10742.0
2024-09-14 22:11:32,SOLUSDT,bid,135,10741.0
2024-09-14 22:11:34,SOLUSDT,bid,125,10947.0
2024-09-14 22:11:38,SOLUSDT,bid,132,7935.0
2024-09-14 22:11:53,SOLUSDT,ask,139,12658.0
2024-09-14 22:11:57,SOLUSDT,bid,125,10946.0
2024-09-14 22:12:18,SOLUSDT,bid,133,10293.0
2024-09-14 22:12:18,SOLUSDT,ask,141,10264.0
2024-09-14 22:12:18,SOLUSDT,ask,139,8211.0
2024-09-14 22:12:29,SOLUSDT,ask,140,8895.0
