1726619286006,BTCUSDT,bid,47000,846.988
1726620962568,BTCUSDT,bid,52900,800.0
1726621513223,BTCUSDT,bid,47000,846.924
1726631079900,BTCUSDT,ask,60800,1030.779
1726631080508,BTCUSDT,ask,60800,1030.751
1726631082551,BTCUSDT,ask,60800,1030.747
1726631082857,BTCUSDT,ask,60800,1030.745
1726631086542,BTCUSDT,ask,60800,1030.72
1726631092817,BTCUSDT,ask,60800,1030.545
1726631096794,BTCUSDT,ask,60800,1030.725
1726631099881,BTCUSDT,ask,60800,1030.561
1726631174642,BTCUSDT,ask,60700,1000.848
1726631175460,BTCUSDT,ask,60700,1000.917
1726631175560,BTCUSDT,ask,60700,1000.952
1726631175971,BTCUSDT,ask,60700,1001.082
1726631231222,BTCUSDT,ask,60600,1000.11
1726631234804,BTCUSDT,ask,60600,1000.68
1726631373013,BTCUSDT,bid,47000,846.861
1726631524245,BTCUSDT,ask,60500,1000.314
1726631524548,BTCUSDT,ask,60500,1000.324
1726631524651,BTCUSDT,ask,60500,1000.334
1726631525059,BTCUSDT,ask,60500,1000.342
1726631527308,BTCUSDT,ask,60500,1000.344
1726631528676,BTCUSDT,ask,60500,1000.342
1726631529089,BTCUSDT,ask,60500,1000.344
1726631531759,BTCUSDT,ask,60500,1000.342
1726631532906,BTCUSDT,ask,60500,1000.35
1726631535599,BTCUSDT,ask,60500,1000.366
1726631559022,BTCUSDT,ask,60600,1000.351
1726631562138,BTCUSDT,ask,60600,1000.351
1726631608674,BTCUSDT,ask,60600,1002.425
1726631614416,BTCUSDT,ask,60600,1002.408
1726631614919,BTCUSDT,ask,60600,1001.626
1726631618333,BTCUSDT,ask,60500,1000.081
1726631619040,BTCUSDT,ask,60500,1003.071
1726631619140,BTCUSDT,ask,60500,1000.081
1726631620068,BTCUSDT,ask,60500,1000.081
1726631621097,BTCUSDT,ask,60500,1000.081
1726631622015,BTCUSDT,ask,60500,1003.071
1726631622118,BTCUSDT,ask,60500,1000.081
1726631623043,BTCUSDT,ask,60500,1003.071
1726631623140,BTCUSDT,ask,60500,1000.081
1726631624075,BTCUSDT,ask,60500,1000.081
1726631625112,BTCUSDT,ask,60500,1000.081
1726631626033,BTCUSDT,ask,60500,1003.071
1726631626133,BTCUSDT,ask,60500,1000.081
1726631627055,BTCUSDT,ask,60500,1000.081
1726631628083,BTCUSDT,ask,60500,1000.081
1726631629104,BTCUSDT,ask,60500,1000.081
1726631630025,BTCUSDT,ask,60500,1003.071
1726631630133,BTCUSDT,ask,60500,1000.081
1726631631061,BTCUSDT,ask,60500,1003.071
1726631631161,BTCUSDT,ask,60500,1000.081
1726631633111,BTCUSDT,ask,60500,1000.034
1726632361046,BTCUSDT,ask,60400,1003.653
1726632361141,BTCUSDT,ask,60400,1000.663
1726632362081,BTCUSDT,ask,60400,1000.663
1726632363117,BTCUSDT,ask,60400,1000.663
1726632364054,BTCUSDT,ask,60400,1000.663
1726632364260,BTCUSDT,ask,60400,1000.411
1726632365090,BTCUSDT,ask,60400,1000.411
1726632366113,BTCUSDT,ask,60400,1000.411
1726632367037,BTCUSDT,ask,60400,1003.401
1726632367135,BTCUSDT,ask,60400,1000.411
1726632368075,BTCUSDT,ask,60400,1000.411
1726632369911,BTCUSDT,ask,60400,1000.492
1726632370016,BTCUSDT,ask,60400,1003.234
1726632370115,BTCUSDT,ask,60400,1000.244
1726632476564,BTCUSDT,ask,60400,1000.176
1726632476666,BTCUSDT,ask,60400,1000.276
1726632477074,BTCUSDT,ask,60400,1000.342
1726632477377,BTCUSDT,ask,60400,1000.352
1726632479836,BTCUSDT,ask,60400,1000.212
1726632480341,BTCUSDT,ask,60400,1000.258
1726632481058,BTCUSDT,ask,60400,1003.248
1726632481159,BTCUSDT,ask,60400,1000.258
1726632507430,BTCUSDT,ask,60500,1008.524
1726632519805,BTCUSDT,ask,60500,1009.447
1726632522410,BTCUSDT,ask,60500,1009.366
1726632523127,BTCUSDT,ask,60500,1009.771
1726632523232,BTCUSDT,ask,60500,1009.775
1726632523333,BTCUSDT,ask,60500,1009.771
1726632523538,BTCUSDT,ask,60500,1009.775
1726632523950,BTCUSDT,ask,60500,1009.771
1726632524871,BTCUSDT,ask,60500,1009.781
1726632527431,BTCUSDT,ask,60500,1009.771
1726632530426,BTCUSDT,ask,60500,1009.607
1726632533722,BTCUSDT,ask,60500,1009.612
1726632541217,BTCUSDT,ask,60500,1009.791
1726632542854,BTCUSDT,ask,60500,1009.612
1726633980749,BTCUSDT,ask,60500,1001.075
1726633980952,BTCUSDT,ask,60500,1001.075
1726633981256,BTCUSDT,ask,60500,1001.092
1726633981358,BTCUSDT,ask,60500,1000.415
1726633985235,BTCUSDT,ask,60500,1000.459
1726634063855,BTCUSDT,ask,60400,1000.698
1726634063954,BTCUSDT,ask,60400,1000.45
1726634068295,BTCUSDT,ask,60400,1000.458
1726634069109,BTCUSDT,ask,60400,1000.45
1726634069207,BTCUSDT,ask,60400,1000.455
1726634075273,BTCUSDT,ask,60400,1000.615
1726634075375,BTCUSDT,ask,60400,1000.6
1726634078369,BTCUSDT,ask,60400,1000.661
1726634087591,BTCUSDT,ask,60400,1000.669
1726634087795,BTCUSDT,ask,60400,1000.661
1726634095720,BTCUSDT,ask,60400,1000.663
1726634096641,BTCUSDT,ask,60400,1000.661
1726634096742,BTCUSDT,ask,60400,1000.331
1726634108064,BTCUSDT,ask,60400,1000.34
1726634112951,BTCUSDT,ask,60400,1000.171
1726634113052,BTCUSDT,ask,60400,1000.173
1726634113253,BTCUSDT,ask,60400,1000.171
1726634161731,BTCUSDT,bid,60400,603.627
1726634163469,BTCUSDT,bid,60400,603.602
1726634176356,BTCUSDT,bid,60400,603.606
1726634178205,BTCUSDT,bid,60400,603.591
1726634178309,BTCUSDT,bid,60400,603.887
1726634182673,BTCUSDT,bid,60400,603.883
1726634186722,BTCUSDT,bid,60400,603.947
1726634200961,BTCUSDT,ask,60500,1000.061
1726634203823,BTCUSDT,ask,60500,1000.11
1726634205490,BTCUSDT,ask,60500,1000.113
1726634205804,BTCUSDT,ask,60500,1000.079
1726634207147,BTCUSDT,ask,60500,1000.119
1726634207658,BTCUSDT,ask,60500,1000.079
1726634210855,BTCUSDT,ask,60500,1000.6
1726634211056,BTCUSDT,ask,60500,1000.62
1726634249804,BTCUSDT,ask,60500,1000.847
1726634256800,BTCUSDT,ask,60400,1001.508
1726634257103,BTCUSDT,ask,60400,1001.508
1726634257205,BTCUSDT,ask,60500,1001.002
1726634257820,BTCUSDT,ask,60400,1001.516
1726634258030,BTCUSDT,ask,60400,1004.506
1726634258127,BTCUSDT,ask,60400,1001.516
1726634258233,BTCUSDT,ask,60400,1001.518
1726634259072,BTCUSDT,ask,60400,1001.518
1726634260082,BTCUSDT,ask,60400,1001.518
1726634260602,BTCUSDT,ask,60400,1001.537
1726634261013,BTCUSDT,ask,60400,1004.527
1726634261114,BTCUSDT,ask,60400,1001.537
1726634262045,BTCUSDT,ask,60400,1004.527
1726634262144,BTCUSDT,ask,60400,1001.537
1726634263064,BTCUSDT,ask,60400,1001.537
1726634264096,BTCUSDT,ask,60400,1001.537
1726634265019,BTCUSDT,ask,60400,1004.527
1726634265116,BTCUSDT,ask,60400,1001.537
1726634266055,BTCUSDT,ask,60400,1001.537
1726634267092,BTCUSDT,ask,60400,1001.537
1726634268114,BTCUSDT,ask,60400,1001.537
1726634270105,BTCUSDT,ask,60400,1001.537
1726634271028,BTCUSDT,ask,60400,1004.527
1726634271118,BTCUSDT,ask,60400,1001.537
1726634272063,BTCUSDT,ask,60400,1001.537
1726634273091,BTCUSDT,ask,60400,1001.537
1726634274026,BTCUSDT,ask,60400,1002.744
1726634274125,BTCUSDT,ask,60400,1002.744
1726634275050,BTCUSDT,ask,60400,1005.734
1726634275151,BTCUSDT,ask,60400,1002.744
1726634276098,BTCUSDT,ask,60400,1002.744
1726634276404,BTCUSDT,ask,60500,1001.017
1726634277019,BTCUSDT,ask,60400,1005.734
1726634277114,BTCUSDT,ask,60400,1002.744
1726634278080,BTCUSDT,ask,60400,1002.744
1726634279110,BTCUSDT,ask,60400,1002.744
1726634280098,BTCUSDT,ask,60400,1002.744
1726634281030,BTCUSDT,ask,60400,1005.734
1726634281134,BTCUSDT,ask,60400,1002.744
1726634282059,BTCUSDT,ask,60400,1005.734
1726634282161,BTCUSDT,ask,60400,1002.744
1726634283091,BTCUSDT,ask,60400,1002.744
1726634284022,BTCUSDT,ask,60400,1005.734
1726634284122,BTCUSDT,ask,60400,1002.744
1726634285053,BTCUSDT,ask,60400,1005.739
1726634285154,BTCUSDT,ask,60400,1002.749
1726634286101,BTCUSDT,ask,60400,1002.749
1726634287115,BTCUSDT,ask,60400,1002.749
1726634288054,BTCUSDT,ask,60400,1005.739
1726634288154,BTCUSDT,ask,60400,1002.749
1726634289080,BTCUSDT,ask,60400,1002.749
1726634289578,BTCUSDT,ask,60400,1002.871
1726634290105,BTCUSDT,ask,60400,1002.871
1726634290519,BTCUSDT,ask,60400,1002.884
1726634291037,BTCUSDT,ask,60400,1005.874
1726634291135,BTCUSDT,ask,60400,1002.884
1726634292054,BTCUSDT,ask,60400,1005.874
1726634292162,BTCUSDT,ask,60400,1002.884
1726634293079,BTCUSDT,ask,60400,1002.884
1726634294114,BTCUSDT,ask,60400,1002.884
1726634295056,BTCUSDT,ask,60400,1005.874
1726634295154,BTCUSDT,ask,60400,1002.884
1726634295993,BTCUSDT,ask,60400,1002.879
1726634296094,BTCUSDT,ask,60400,1002.879
1726634296189,BTCUSDT,ask,60400,1002.889
1726634297019,BTCUSDT,ask,60400,1005.879
1726634297120,BTCUSDT,ask,60400,1002.889
1726634298055,BTCUSDT,ask,60400,1005.879
1726634298154,BTCUSDT,ask,60400,1002.889
1726634298578,BTCUSDT,ask,60500,1001.167
1726634299089,BTCUSDT,ask,60400,1002.929
1726634299810,BTCUSDT,ask,60400,1002.969
1726634300015,BTCUSDT,ask,60400,1005.959
1726634300114,BTCUSDT,ask,60400,1002.969
1726634300327,BTCUSDT,ask,60400,1002.929
1726634301051,BTCUSDT,ask,60400,1005.919
1726634301151,BTCUSDT,ask,60400,1002.929
1726634313145,BTCUSDT,bid,47000,846.851
1726634316114,BTCUSDT,ask,60400,1002.809
1726634317039,BTCUSDT,ask,60400,1005.793
1726634317140,BTCUSDT,ask,60400,1002.803
1726634318063,BTCUSDT,ask,60400,1005.793
1726634318164,BTCUSDT,ask,60400,1002.803
1726634319088,BTCUSDT,ask,60400,1002.803
1726634320116,BTCUSDT,ask,60400,1002.803
1726634321068,BTCUSDT,ask,60400,1005.793
1726634321164,BTCUSDT,ask,60400,1002.803
1726634322110,BTCUSDT,ask,60400,1002.803
1726634323057,BTCUSDT,ask,60400,1005.793
1726634323158,BTCUSDT,ask,60400,1002.803
1726634324107,BTCUSDT,ask,60400,1002.803
1726634325037,BTCUSDT,ask,60400,1005.793
1726634325135,BTCUSDT,ask,60400,1002.803
1726634326064,BTCUSDT,ask,60400,1002.803
1726634327103,BTCUSDT,ask,60400,1002.803
1726634328021,BTCUSDT,ask,60400,1005.793
1726634328122,BTCUSDT,ask,60400,1002.803
1726634329053,BTCUSDT,ask,60400,1005.793
1726634329152,BTCUSDT,ask,60400,1002.803
1726634331105,BTCUSDT,ask,60400,1002.803
1726634332126,BTCUSDT,ask,60400,1002.803
1726634333053,BTCUSDT,ask,60400,1005.793
1726634333154,BTCUSDT,ask,60400,1002.803
1726634333563,BTCUSDT,ask,60400,1002.805
1726634335103,BTCUSDT,ask,60400,1002.805
1726634336020,BTCUSDT,ask,60400,1005.795
1726634336122,BTCUSDT,ask,60400,1002.805
1726634337042,BTCUSDT,ask,60400,1005.795
1726634337145,BTCUSDT,ask,60400,1002.805
1726634338064,BTCUSDT,ask,60400,1002.803
1726634338476,BTCUSDT,ask,60400,1002.828
1726634339098,BTCUSDT,ask,60400,1002.828
1726634339503,BTCUSDT,ask,60400,1002.83
1726634341057,BTCUSDT,ask,60400,1002.83
1726634342100,BTCUSDT,ask,60400,1002.83
1726634343036,BTCUSDT,ask,60400,1005.82
1726634343148,BTCUSDT,ask,60400,1002.83
1726634343351,BTCUSDT,ask,60400,1002.833
1726634343975,BTCUSDT,ask,60400,1002.843
1726634344076,BTCUSDT,ask,60400,1002.843
1726634344388,BTCUSDT,ask,60400,2002.843
1726634345094,BTCUSDT,ask,60400,2002.843
1726634348117,BTCUSDT,ask,60400,2002.84
1726634349059,BTCUSDT,ask,60400,2005.83
1726634349159,BTCUSDT,ask,60400,2002.84
1726634350091,BTCUSDT,ask,60400,2002.84
1726635001759,BTCUSDT,ask,60400,1044.75
1726635002780,BTCUSDT,ask,60400,1044.753
1726635006059,BTCUSDT,ask,60400,1044.87
1726635015487,BTCUSDT,ask,60400,1045.024
1726635027149,BTCUSDT,ask,60400,1045.034
1726635033406,BTCUSDT,ask,60400,1045.256
1726635039786,BTCUSDT,ask,60400,1045.139
1726635050115,BTCUSDT,ask,60400,1036.998
1726635051742,BTCUSDT,ask,60400,1036.983
1726635248037,BTCUSDT,bid,52900,800.04
1726637756181,BTCUSDT,ask,60400,1003.438
1726637759314,BTCUSDT,ask,60300,1000.539
1726637759918,BTCUSDT,ask,60300,1002.196
1726637771949,BTCUSDT,ask,60300,900.397
1726637780906,BTCUSDT,ask,60400,1003.372
1726637790529,BTCUSDT,ask,60300,900.409
1726637797609,BTCUSDT,ask,60300,900.222
1726637804202,BTCUSDT,ask,60300,900.24
1726637806883,BTCUSDT,ask,60300,1000.503
1726637813989,BTCUSDT,ask,60300,900.242
1726637815743,BTCUSDT,ask,60300,900.24
1726637820157,BTCUSDT,ask,60400,1003.388
1726637826116,BTCUSDT,ask,60300,1000.473
1726637826116,BTCUSDT,ask,60400,1003.358
1726637831263,BTCUSDT,ask,60400,1002.676
1726637835812,BTCUSDT,ask,60300,1000.399
1726637838604,BTCUSDT,ask,60300,900.328
1726637840471,BTCUSDT,bid,47000,846.81
1726637843081,BTCUSDT,ask,60400,1002.686
1726639080217,BTCUSDT,ask,60300,1002.57
1726639082473,BTCUSDT,ask,60300,1002.566
1726639092550,BTCUSDT,ask,60300,1002.563
1726639094005,BTCUSDT,ask,60300,1002.58
1726639096275,BTCUSDT,ask,60200,1000.619
1726639096780,BTCUSDT,ask,60300,1002.551
1726639097084,BTCUSDT,ask,60200,1000.301
1726639099119,BTCUSDT,ask,60200,1000.301
1726639100040,BTCUSDT,ask,60200,1003.291
1726639100142,BTCUSDT,ask,60200,1000.301
1726639101066,BTCUSDT,ask,60200,1000.301
1726639955480,BTCUSDT,bid,47000,846.766
1726645662552,BTCUSDT,bid,47000,846.724
1726645732748,BTCUSDT,bid,47000,846.727
1726646044655,BTCUSDT,bid,47000,850.727
1726646858347,BTCUSDT,ask,60300,1001.606
1726646874039,BTCUSDT,ask,60200,1000.61
1726646874752,BTCUSDT,ask,60200,1000.722
1726646875067,BTCUSDT,ask,60200,1000.724
1726647104403,BTCUSDT,ask,60200,1000.33
1726647104505,BTCUSDT,ask,60200,1000.413
1726647106249,BTCUSDT,ask,60200,1000.33
1726647109226,BTCUSDT,ask,60200,1000.013
1726647110468,BTCUSDT,ask,60200,1000.336
1726647111081,BTCUSDT,ask,60200,1000.339
1726647113757,BTCUSDT,ask,60200,1000.334
1726647114166,BTCUSDT,ask,60200,1000.336
1726647114268,BTCUSDT,ask,60200,1000.013
1726647116208,BTCUSDT,ask,60200,1000.139
1726647116309,BTCUSDT,ask,60200,1000.151
1726647116513,BTCUSDT,ask,60200,1000.773
1726647116820,BTCUSDT,ask,60200,1000.763
1726647118799,BTCUSDT,ask,60200,1001.26
1726647118903,BTCUSDT,ask,60200,1000.017
1726647119107,BTCUSDT,ask,60200,1000.638
1726647119312,BTCUSDT,ask,60200,1001.223
1726647119827,BTCUSDT,ask,60200,1000.638
1726647120338,BTCUSDT,ask,60200,1000.02
1726647120439,BTCUSDT,ask,60200,1000.64
1726647120439,BTCUSDT,ask,60200,1000.017
1726647120954,BTCUSDT,ask,60200,1000.64
1726647121365,BTCUSDT,ask,60200,1000.677
1726647122307,BTCUSDT,ask,60200,1000.677
1726647122406,BTCUSDT,ask,60200,1000.677
1726647123136,BTCUSDT,ask,60200,1001.274
1726647123344,BTCUSDT,ask,60200,1001.274
1726647123445,BTCUSDT,ask,60200,1001.274
1726647124376,BTCUSDT,ask,60200,1001.276
1726647125088,BTCUSDT,ask,60200,1005.454
1726647125595,BTCUSDT,ask,60200,1005.479
1726647126100,BTCUSDT,ask,60200,1000.82
1726647127114,BTCUSDT,ask,60200,1000.82
1726647547039,BTCUSDT,ask,60200,1004.011
1726647551044,BTCUSDT,ask,60200,1000.344
1726647554888,BTCUSDT,ask,60200,1000.382
1726647555924,BTCUSDT,ask,60200,1000.344
1726648937198,BTCUSDT,ask,60200,1034.457
1726648950713,BTCUSDT,ask,60100,1000.075
1726648950819,BTCUSDT,ask,60100,1000.375
1726648951634,BTCUSDT,ask,60100,1000.075
1726648952576,BTCUSDT,ask,60200,1034.291
1726648954654,BTCUSDT,ask,60200,1034.228
1726648956514,BTCUSDT,ask,60100,1000.083
1726648957035,BTCUSDT,ask,60100,1000.075
1726649359368,BTCUSDT,ask,60100,1003.126
1726649359675,BTCUSDT,ask,60100,1003.265
1726649359978,BTCUSDT,ask,60100,1000.43
1726649360496,BTCUSDT,ask,60100,1000.09
1726649365730,BTCUSDT,ask,60100,1000.338
1726649365828,BTCUSDT,ask,60100,1000.09
1726649366139,BTCUSDT,ask,60100,1000.93
1726649366241,BTCUSDT,ask,60100,1001.42
1726649367059,BTCUSDT,ask,60100,1001.42
1726649368094,BTCUSDT,ask,60100,1000.93
1726649368297,BTCUSDT,ask,60100,1000.078
1726649369124,BTCUSDT,ask,60100,1000.93
1726649370054,BTCUSDT,ask,60100,1003.92
1726649370153,BTCUSDT,ask,60100,1000.93
1726649371098,BTCUSDT,ask,60100,1000.93
1726649372125,BTCUSDT,ask,60100,1000.93
1726649372654,BTCUSDT,ask,60100,1001.514
1726649372868,BTCUSDT,ask,60100,1000.93
1726649373071,BTCUSDT,ask,60100,1000.93
1726649374103,BTCUSDT,ask,60100,1000.93
1726649374723,BTCUSDT,ask,60100,1000.062
1726649374827,BTCUSDT,ask,60100,1000.032
1726649375028,BTCUSDT,ask,60100,1003.92
1726649375842,BTCUSDT,ask,60100,1006.306
1726649376049,BTCUSDT,ask,60100,1003.17
1726649376150,BTCUSDT,ask,60100,1000.18
1726649376758,BTCUSDT,ask,60100,1005.516
1726649376860,BTCUSDT,ask,60100,1000.024
1726649376962,BTCUSDT,ask,60100,1000.107
1726649377059,BTCUSDT,ask,60100,1000.18
1726649377059,BTCUSDT,ask,60100,1000.148
1726650461911,BTCUSDT,bid,47000,850.757
1726651359064,BTCUSDT,ask,60000,1001.643
1726651359777,BTCUSDT,ask,60000,1001.657
1726651360102,BTCUSDT,ask,60000,1001.657
1726651361731,BTCUSDT,ask,60000,1001.639
1726651362035,BTCUSDT,ask,60000,1001.619
1726651525806,BTCUSDT,ask,60000,1000.892
1726651529404,BTCUSDT,ask,60000,1000.894
1726651534066,BTCUSDT,ask,60000,2000.874
1726651537886,BTCUSDT,ask,60000,2000.898
1726651541394,BTCUSDT,ask,60000,2000.914
1726651546013,BTCUSDT,ask,60000,1006.215
1726651546113,BTCUSDT,ask,60000,1003.225
1726651547045,BTCUSDT,ask,60000,1006.215
1726651547154,BTCUSDT,ask,60000,1003.225
1726651547866,BTCUSDT,ask,60000,1002.44
1726651548071,BTCUSDT,ask,60000,1002.44
1726651548492,BTCUSDT,ask,60000,1003.24
1726651548592,BTCUSDT,ask,60000,1003.248
1726651548701,BTCUSDT,ask,60000,1003.24
1726651548803,BTCUSDT,ask,60000,1002.9
1726651549105,BTCUSDT,ask,60000,1002.9
1726651549207,BTCUSDT,ask,60000,1002.44
1726651550036,BTCUSDT,ask,60000,1005.43
1726651550140,BTCUSDT,ask,60000,1002.44
1726652125967,BTCUSDT,ask,59800,1001.437
1726652126170,BTCUSDT,ask,59800,1001.437
1726652126579,BTCUSDT,ask,59800,1001.417
1726652127913,BTCUSDT,ask,59800,1001.232
1726652289668,BTCUSDT,bid,47000,850.763
1726652851633,BTCUSDT,bid,52900,800.0
1726652977484,BTCUSDT,bid,52900,800.145
1726652989184,BTCUSDT,bid,52900,800.245
1726652997080,BTCUSDT,bid,52900,800.145
1726653020398,BTCUSDT,bid,52900,800.185
1726653026654,BTCUSDT,bid,47000,850.785
1726653037002,BTCUSDT,bid,52900,800.04
1726653521005,BTCUSDT,bid,47300,803.33
1726654358185,BTCUSDT,bid,47000,851.636
1726654485208,BTCUSDT,bid,47000,851.424
1726658246254,BTCUSDT,bid,47000,852.048
1726660668305,BTCUSDT,bid,47000,852.069
1726660750230,BTCUSDT,bid,47000,852.08
1726660907303,BTCUSDT,bid,47000,852.069
1726662086375,BTCUSDT,bid,47000,852.319
1726662580405,BTCUSDT,bid,47000,853.015
1726663128697,BTCUSDT,bid,47000,854.015
1726664026795,BTCUSDT,bid,47000,854.036
1726664441389,BTCUSDT,ask,599000,100.0
1726664661349,BTCUSDT,bid,47000,853.34
1726665302467,BTCUSDT,ask,59800,1000.115
1726665305316,BTCUSDT,ask,59800,1000.155
1726665305834,BTCUSDT,ask,59800,1000.115
1726665324080,BTCUSDT,ask,59800,1000.077
1726665324581,BTCUSDT,ask,59800,1000.037
1726665326621,BTCUSDT,ask,59800,1000.043
1726665329607,BTCUSDT,ask,59800,2000.043
1726665332976,BTCUSDT,ask,59800,1000.037
1726665367739,BTCUSDT,bid,59800,1036.712
1726665368247,BTCUSDT,bid,59800,1036.66
1726665369260,BTCUSDT,bid,59800,1036.642
1726665379814,BTCUSDT,bid,59800,1036.644
1726665382768,BTCUSDT,bid,59800,1036.647
1726665382972,BTCUSDT,bid,59800,1036.747
1726665383884,BTCUSDT,bid,59800,1036.75
1726665383989,BTCUSDT,bid,59800,1036.78
1726665384090,BTCUSDT,bid,59800,1036.985
1726665396118,BTCUSDT,bid,59800,1036.987
1726665397130,BTCUSDT,bid,59800,1036.887
1726665397235,BTCUSDT,bid,59800,1036.885
1726665398054,BTCUSDT,bid,59800,1036.877
1726665398156,BTCUSDT,bid,59800,1036.879
1726665401010,BTCUSDT,bid,59800,1037.683
1726665420079,BTCUSDT,bid,59800,1000.546
1726665420181,BTCUSDT,bid,59800,1000.206
1726665430748,BTCUSDT,bid,59800,1000.246
1726665431253,BTCUSDT,bid,59800,1000.206
1726665435835,BTCUSDT,bid,59800,1000.208
1726665443804,BTCUSDT,bid,59800,1000.102
1726665449029,BTCUSDT,bid,59800,1000.104
1726665449844,BTCUSDT,bid,59800,1000.109
1726665450050,BTCUSDT,bid,59800,1000.113
1726665450454,BTCUSDT,bid,59800,1000.109
1726665450661,BTCUSDT,bid,59900,1001.904
1726665451584,BTCUSDT,bid,59900,1001.982
1726665451887,BTCUSDT,bid,59900,1000.981
1726665474599,BTCUSDT,bid,47000,853.351
1726665483057,BTCUSDT,bid,59900,1005.296
1726665483259,BTCUSDT,bid,59900,1006.436
1726665483361,BTCUSDT,bid,59900,1006.096
1726665485004,BTCUSDT,bid,59900,1006.176
1726665486340,BTCUSDT,bid,59900,1006.179
1726665487057,BTCUSDT,bid,59900,1006.099
1726665487364,BTCUSDT,bid,59900,1006.128
1726665487567,BTCUSDT,bid,59900,1006.13
1726665487761,BTCUSDT,bid,59900,1007.15
1726665487862,BTCUSDT,bid,59900,1006.13
1726665490219,BTCUSDT,bid,59900,1005.33
1726665491749,BTCUSDT,bid,59900,1005.47
1726665491855,BTCUSDT,bid,59900,1005.41
1726665492154,BTCUSDT,bid,59900,1005.33
1726665494116,BTCUSDT,bid,59900,1005.367
1726665494429,BTCUSDT,bid,59900,1005.707
1726665494628,BTCUSDT,bid,59900,1005.367
1726665495756,BTCUSDT,bid,59900,1005.335
1726665495961,BTCUSDT,bid,59900,1005.135
1726665497391,BTCUSDT,bid,59900,1005.141
1726665508046,BTCUSDT,bid,59900,1001.38
1726665509076,BTCUSDT,bid,59900,1000.128
1726665509893,BTCUSDT,bid,59900,1002.619
1726665510099,BTCUSDT,bid,59900,1002.619
1726665539405,BTCUSDT,bid,59900,1007.298
1726665553460,BTCUSDT,bid,59900,1007.308
1726665553561,BTCUSDT,bid,59900,1007.298
1726665555510,BTCUSDT,bid,59900,1007.308
1726665555616,BTCUSDT,bid,59900,1007.298
1726665556329,BTCUSDT,bid,59900,1007.319
1726665556637,BTCUSDT,bid,59900,1007.298
1726665560505,BTCUSDT,bid,59900,1007.304
1726665566479,BTCUSDT,bid,59900,1007.304
1726665570465,BTCUSDT,bid,59900,1007.32
1726665572531,BTCUSDT,bid,59900,1007.304
1726665594023,BTCUSDT,bid,59900,1006.503
1726665594644,BTCUSDT,bid,59900,1006.483
1726665594744,BTCUSDT,bid,59900,1002.608
1726665600794,BTCUSDT,bid,59900,1006.619
1726665602427,BTCUSDT,bid,59900,1002.609
1726665603449,BTCUSDT,bid,59900,1002.567
1726665603552,BTCUSDT,bid,59900,1002.609
1726665603958,BTCUSDT,bid,59900,1002.647
1726665604979,BTCUSDT,bid,59900,1002.609
1726665606650,BTCUSDT,bid,59900,1006.537
1726665606954,BTCUSDT,bid,59900,1002.609
1726665607571,BTCUSDT,bid,59900,1002.609
1726665609213,BTCUSDT,bid,59900,1006.667
1726665609314,BTCUSDT,bid,59900,1002.609
1726665609724,BTCUSDT,bid,59900,1002.611
1726665610230,BTCUSDT,bid,59900,1002.613
1726665611661,BTCUSDT,bid,59900,1002.638
1726665611755,BTCUSDT,bid,59900,1006.589
1726665616738,BTCUSDT,bid,59900,1002.638
1726665618917,BTCUSDT,bid,59900,1001.611
1726665619015,BTCUSDT,bid,59900,1000.172
1726665619118,BTCUSDT,bid,59900,1000.117
1726666675591,BTCUSDT,ask,60000,519.167
1726666682872,BTCUSDT,ask,60000,519.169
1726666688874,BTCUSDT,ask,60000,519.577
1726666710654,BTCUSDT,ask,60000,519.406
1726666712306,BTCUSDT,ask,60000,519.701
1726666725201,BTCUSDT,ask,60000,519.757
1726666727154,BTCUSDT,ask,60000,519.736
1726666805671,BTCUSDT,ask,60000,522.517
1726666805868,BTCUSDT,ask,60000,522.508
1726666825684,BTCUSDT,ask,60000,522.425
1726666827925,BTCUSDT,ask,60000,522.41
1726666829347,BTCUSDT,ask,60000,522.514
1726666841567,BTCUSDT,ask,60000,522.314
1726666855419,BTCUSDT,ask,60000,522.316
1726666860645,BTCUSDT,ask,60000,522.516
1726666864615,BTCUSDT,ask,60000,522.968
1726666871631,BTCUSDT,ask,60000,522.966
1726666886409,BTCUSDT,ask,60000,522.962
1726666890577,BTCUSDT,ask,60000,522.982
1726666892909,BTCUSDT,ask,60000,523.032
1726666902482,BTCUSDT,ask,60000,523.043
1726666919821,BTCUSDT,ask,60000,523.127
1726666932772,BTCUSDT,ask,60000,523.13
1726666938120,BTCUSDT,ask,60000,523.203
1726666980059,BTCUSDT,ask,59700,1000.733
1726666980156,BTCUSDT,ask,59700,1000.735
1726666980363,BTCUSDT,ask,59700,1000.733
1726666980775,BTCUSDT,ask,59700,1000.753
1726666981079,BTCUSDT,ask,59700,1000.753
1726666981707,BTCUSDT,ask,59700,1000.786
1726666982119,BTCUSDT,ask,59700,1000.788
1726666982426,BTCUSDT,ask,59700,1000.786
1726666982729,BTCUSDT,ask,59700,1001.167
1726666982934,BTCUSDT,ask,59700,1005.188
1726666983654,BTCUSDT,ask,59700,1001.167
1726666983755,BTCUSDT,ask,59700,1001.169
1726666984058,BTCUSDT,ask,59700,1001.169
1726666984266,BTCUSDT,ask,59700,1001.167
1726666984774,BTCUSDT,ask,59700,1001.169
1726666985085,BTCUSDT,ask,59700,1001.169
1726666985283,BTCUSDT,ask,59700,1001.167
1726666985599,BTCUSDT,ask,59700,1001.169
1726666986112,BTCUSDT,ask,59700,1001.169
1726666986721,BTCUSDT,ask,59700,1001.167
1726666987036,BTCUSDT,ask,59700,1004.157
1726666987139,BTCUSDT,ask,59700,1001.167
1726666987552,BTCUSDT,ask,59700,1001.169
1726666988060,BTCUSDT,ask,59700,1004.159
1726666988165,BTCUSDT,ask,59700,1001.169
1726666988370,BTCUSDT,ask,59700,1005.123
1726666989086,BTCUSDT,ask,59700,1005.123
1726666990104,BTCUSDT,ask,59700,1005.125
1726666990206,BTCUSDT,ask,59700,1005.123
1726666991017,BTCUSDT,ask,59700,1005.125
1726666991118,BTCUSDT,ask,59700,1005.123
1726666991423,BTCUSDT,ask,59700,1001.167
1726666992446,BTCUSDT,ask,60000,523.809
1726666993992,BTCUSDT,ask,59700,1001.169
1726666994302,BTCUSDT,ask,59700,1005.264
1726666995115,BTCUSDT,ask,59700,1001.167
1726666996031,BTCUSDT,ask,59700,1005.093
1726666996133,BTCUSDT,ask,59700,1002.103
1726666997097,BTCUSDT,ask,59700,1002.103
1726666998136,BTCUSDT,ask,59700,1002.053
1726666998844,BTCUSDT,ask,59700,1002.053
1726666999253,BTCUSDT,ask,60000,523.842
1726667000267,BTCUSDT,ask,59700,1006.065
1726667000977,BTCUSDT,ask,59700,1006.944
1726667001693,BTCUSDT,ask,59700,1002.934
1726667003648,BTCUSDT,ask,59700,1001.119
1726667003954,BTCUSDT,ask,60000,523.862
1726667004770,BTCUSDT,ask,59700,1005.038
1726667007639,BTCUSDT,ask,60000,523.867
1726667014476,BTCUSDT,ask,60000,524.167
1726667032842,BTCUSDT,ask,60000,524.181
1726667059370,BTCUSDT,ask,60000,531.225
1726667074656,BTCUSDT,ask,60000,531.367
1726667085712,BTCUSDT,ask,59600,1000.502
1726667085816,BTCUSDT,ask,59600,1000.526
1726667088500,BTCUSDT,ask,59600,1000.326
1726667091885,BTCUSDT,ask,60000,531.467
1726667095401,BTCUSDT,ask,59600,1000.366
1726667095909,BTCUSDT,ask,59600,1000.326
1726667098675,BTCUSDT,ask,60000,531.469
1726667115716,BTCUSDT,ask,60000,531.494
1726667122447,BTCUSDT,ask,60000,531.611
1726667136607,BTCUSDT,ask,60000,531.622
1726667139878,BTCUSDT,ask,60000,531.732
1726667162456,BTCUSDT,ask,60000,531.765
1726667180498,BTCUSDT,ask,60000,531.804
1726667184182,BTCUSDT,ask,60000,531.612
1726667184386,BTCUSDT,ask,60000,531.669
1726667189269,BTCUSDT,ask,60000,531.664
1726667241284,BTCUSDT,ask,60000,531.653
1726667260796,BTCUSDT,ask,60000,532.409
1726667263630,BTCUSDT,ask,60000,532.451
1726667264649,BTCUSDT,ask,60000,532.459
1726667266180,BTCUSDT,ask,60000,532.461
1726667274142,BTCUSDT,ask,60000,532.463
1726667279830,BTCUSDT,ask,60000,532.468
1726667284913,BTCUSDT,ask,60000,532.48
1726667285219,BTCUSDT,ask,60000,532.491
1726667289896,BTCUSDT,ask,60000,532.495
1726667296418,BTCUSDT,ask,60000,532.681
1726667302708,BTCUSDT,ask,60000,532.481
1726667303416,BTCUSDT,ask,60000,532.791
1726667313161,BTCUSDT,ask,60000,532.824
1726667393526,BTCUSDT,ask,60000,533.429
1726667463728,BTCUSDT,ask,60000,533.466
1726667474808,BTCUSDT,ask,60000,533.823
1726667488059,BTCUSDT,ask,60000,533.826
1726667517118,BTCUSDT,ask,60000,534.253
1726667518872,BTCUSDT,ask,60000,534.273
1726667531373,BTCUSDT,ask,60000,534.053
1726667531978,BTCUSDT,ask,60000,534.211
1726667540415,BTCUSDT,ask,60000,534.219
1726667552432,BTCUSDT,ask,60000,534.236
1726667558352,BTCUSDT,ask,60000,534.376
1726667560292,BTCUSDT,ask,60000,534.343
1726667573382,BTCUSDT,ask,60000,534.402
1726667574514,BTCUSDT,ask,60000,534.408
1726667575438,BTCUSDT,ask,60000,534.402
1726667594412,BTCUSDT,ask,60000,534.407
1726667599616,BTCUSDT,ask,60000,534.387
1726667605543,BTCUSDT,ask,60000,534.403
1726667610326,BTCUSDT,ask,60000,534.203
1726667626050,BTCUSDT,ask,60000,536.184
1726667631554,BTCUSDT,ask,60000,536.186
1726667635454,BTCUSDT,ask,60000,536.166
1726667639541,BTCUSDT,ask,60000,536.008
1726667648532,BTCUSDT,ask,60000,536.091
1726667652801,BTCUSDT,ask,60000,536.089
1726667684546,BTCUSDT,ask,60000,536.113
1726667690053,BTCUSDT,ask,60000,536.073
1726667715915,BTCUSDT,ask,60000,536.112
1726667738377,BTCUSDT,ask,60000,534.131
1726667754875,BTCUSDT,ask,60000,534.173
1726667759884,BTCUSDT,ask,60000,534.207
1726667764505,BTCUSDT,ask,60000,534.209
1726667771303,BTCUSDT,ask,60000,534.247
1726667778683,BTCUSDT,ask,60000,533.702
1726667792799,BTCUSDT,ask,60000,533.743
1726667807406,BTCUSDT,ask,60000,533.732
1726667809558,BTCUSDT,ask,60000,533.696
1726667815791,BTCUSDT,ask,60000,533.704
1726667827425,BTCUSDT,ask,60000,533.567
1726667894502,BTCUSDT,ask,60000,533.571
1726667906094,BTCUSDT,ask,60000,533.587
1726667918209,BTCUSDT,ask,60000,533.591
1726667923403,BTCUSDT,ask,60000,533.593
1726667934811,BTCUSDT,bid,47000,853.354
1726667941633,BTCUSDT,ask,60000,534.338
1726667971950,BTCUSDT,ask,60000,533.598
1726667973482,BTCUSDT,ask,60000,533.751
1726668024897,BTCUSDT,ask,60000,534.483
1726668046970,BTCUSDT,ask,60000,534.615
1726668049825,BTCUSDT,ask,60000,534.648
1726668058065,BTCUSDT,ask,60000,534.598
1726668080818,BTCUSDT,ask,60000,534.603
1726668097022,BTCUSDT,ask,60000,534.941
1726668104073,BTCUSDT,ask,60000,535.05
1726668110005,BTCUSDT,ask,60000,536.24
1726668116016,BTCUSDT,bid,47000,853.375
1726668116521,BTCUSDT,ask,60000,536.598
1726668151369,BTCUSDT,ask,60000,536.6
1726668171540,BTCUSDT,ask,60000,535.41
1726668172655,BTCUSDT,ask,60000,535.072
1726668187609,BTCUSDT,ask,60000,535.037
1726668188226,BTCUSDT,ask,60000,535.02
1726668195273,BTCUSDT,ask,60000,535.023
1726668199120,BTCUSDT,ask,60000,535.045
1726668199731,BTCUSDT,ask,60000,535.145
1726668200641,BTCUSDT,ask,60000,535.311
1726668202969,BTCUSDT,ask,60000,535.299
1726668206016,BTCUSDT,ask,60000,535.305
1726668206216,BTCUSDT,ask,60000,535.406
1726668209591,BTCUSDT,ask,60000,535.411
1726668211320,BTCUSDT,ask,60000,535.409
1726668218754,BTCUSDT,ask,60000,535.485
1726668224249,BTCUSDT,bid,52900,800.0
1726668225471,BTCUSDT,ask,60000,535.409
1726668225776,BTCUSDT,ask,60000,535.425
1726668235868,BTCUSDT,ask,60000,535.382
1726668242589,BTCUSDT,ask,60000,535.444
1726668261428,BTCUSDT,ask,60000,535.798
1726668283103,BTCUSDT,ask,60000,535.848
1726668286972,BTCUSDT,ask,60000,535.862
1726668287272,BTCUSDT,ask,60000,535.864
1726668295255,BTCUSDT,ask,60000,535.866
1726668326216,BTCUSDT,ask,60000,535.872
1726668370628,BTCUSDT,ask,60000,535.807
1726668382917,BTCUSDT,ask,60000,535.804
1726668388516,BTCUSDT,ask,60000,535.92
1726668414784,BTCUSDT,ask,60000,535.806
1726668418356,BTCUSDT,ask,60000,535.765
1726668442639,BTCUSDT,ask,60000,535.385
1726668445089,BTCUSDT,ask,60000,535.395
1726668452731,BTCUSDT,ask,60000,535.398
1726668475160,BTCUSDT,ask,60000,535.34
1726668498530,BTCUSDT,ask,60000,535.399
1726668499447,BTCUSDT,ask,60000,535.393
1726668501088,BTCUSDT,ask,60000,535.435
1726668502210,BTCUSDT,ask,60000,536.266
1726668510150,BTCUSDT,bid,47000,853.307
1726668544541,BTCUSDT,ask,60000,535.596
1726668549126,BTCUSDT,ask,60000,535.598
1726668556973,BTCUSDT,ask,60000,535.636
1726668588233,BTCUSDT,ask,60000,535.264
1726668592626,BTCUSDT,ask,60000,535.223
1726668653013,BTCUSDT,ask,60000,535.223
1726668654037,BTCUSDT,ask,60000,534.928
1726668655992,BTCUSDT,ask,60000,534.93
1726668671287,BTCUSDT,ask,60000,535.35
1726668673324,BTCUSDT,ask,60000,535.348
1726668681255,BTCUSDT,ask,60000,535.343
1726668686751,BTCUSDT,ask,60000,535.493
1726668716405,BTCUSDT,ask,60000,535.65
1726668724855,BTCUSDT,ask,60000,535.495
1726668726189,BTCUSDT,ask,60000,535.513
1726668749614,BTCUSDT,ask,60000,535.412
1726668766928,BTCUSDT,ask,60000,535.255
1726668779471,BTCUSDT,ask,60000,535.355
1726668797556,BTCUSDT,ask,60000,535.357
1726668894606,BTCUSDT,bid,47000,853.378
1726668904077,BTCUSDT,ask,60000,536.346
1726668918512,BTCUSDT,ask,60000,535.903
1726668925386,BTCUSDT,ask,60000,535.914
1726668937954,BTCUSDT,ask,60000,535.604
1726668948868,BTCUSDT,ask,60000,535.804
1726668961313,BTCUSDT,ask,60000,535.806
1726668989823,BTCUSDT,ask,60000,535.644
1726669006483,BTCUSDT,ask,60000,535.56
1726669010356,BTCUSDT,ask,60000,535.476
1726669012077,BTCUSDT,ask,60000,535.473
1726669057848,BTCUSDT,ask,60000,535.462
1726669068536,BTCUSDT,ask,60000,535.464
1726669069354,BTCUSDT,ask,60000,535.264
1726669096548,BTCUSDT,ask,60000,535.373
1726669121622,BTCUSDT,ask,60000,534.373
1726669126013,BTCUSDT,ask,60000,534.376
1726669135754,BTCUSDT,ask,60000,534.876
1726669146671,BTCUSDT,ask,60000,535.074
1726669208583,BTCUSDT,ask,60000,535.03
1726669209903,BTCUSDT,ask,60000,535.034
1726669218332,BTCUSDT,ask,60000,535.036
1726669244922,BTCUSDT,ask,60000,535.068
1726669371975,BTCUSDT,ask,60000,535.052
1726669383503,BTCUSDT,ask,60000,655.567
1726669385030,BTCUSDT,ask,60000,655.569
1726669386774,BTCUSDT,ask,60000,655.57
1726669396635,BTCUSDT,ask,60000,655.553
1726669435011,BTCUSDT,ask,60000,655.555
1726669457179,BTCUSDT,ask,60000,655.805
1726669465655,BTCUSDT,ask,60000,655.7
1726669467392,BTCUSDT,ask,60000,655.2
1726669469737,BTCUSDT,bid,47000,853.375
1726669499832,BTCUSDT,ask,60000,655.214
1726669510439,BTCUSDT,ask,60000,655.24
1726669556809,BTCUSDT,ask,60000,655.89
1726669600641,BTCUSDT,ask,60000,655.889
1726669664753,BTCUSDT,ask,60000,656.052
1726669669879,BTCUSDT,ask,60000,656.102
1726669678640,BTCUSDT,ask,60000,656.111
1726669688199,BTCUSDT,ask,60000,656.125
1726669697234,BTCUSDT,ask,60000,656.145
1726669710235,BTCUSDT,ask,60000,656.187
1726669725784,BTCUSDT,ask,60000,656.359
1726669728538,BTCUSDT,bid,59600,1038.587
1726669729253,BTCUSDT,bid,59600,1038.613
1726669729764,BTCUSDT,ask,60000,656.615
1726669733548,BTCUSDT,bid,59600,1038.593
1726669733649,BTCUSDT,bid,59600,1038.627
1726669733851,BTCUSDT,ask,60000,656.498
1726669734054,BTCUSDT,bid,59600,1038.758
1726669734561,BTCUSDT,bid,59600,1038.967
1726669737116,BTCUSDT,ask,60000,656.479
1726669737420,BTCUSDT,ask,60000,656.481
1726669738137,BTCUSDT,bid,59600,1039.073
1726669738551,BTCUSDT,bid,59600,1036.073
1726669739161,BTCUSDT,bid,59600,1001.067
1726669739881,BTCUSDT,bid,59600,1001.095
1726669740693,BTCUSDT,bid,59600,1001.092
1726669741606,BTCUSDT,bid,59600,1001.011
1726669741606,BTCUSDT,ask,60000,656.225
1726669741810,BTCUSDT,bid,59600,1000.961
1726669744038,BTCUSDT,bid,59600,1035.961
1726669744954,BTCUSDT,bid,59600,1036.103
1726669746379,BTCUSDT,bid,59600,1035.972
1726669747088,BTCUSDT,bid,59600,1035.87
1726669748212,BTCUSDT,ask,60000,656.325
1726669750452,BTCUSDT,ask,60000,656.332
1726669751574,BTCUSDT,bid,59600,1035.978
1726669753113,BTCUSDT,ask,60000,656.9
1726669754331,BTCUSDT,ask,60000,656.913
1726669755354,BTCUSDT,bid,59600,1036.554
1726669755763,BTCUSDT,bid,59600,1036.554
1726669756792,BTCUSDT,bid,59600,1036.763
1726669756993,BTCUSDT,ask,60000,656.911
1726669757102,BTCUSDT,bid,59600,1036.771
1726669757816,BTCUSDT,bid,59600,1036.771
1726669758325,BTCUSDT,bid,59600,1036.671
1726669760989,BTCUSDT,bid,59600,1036.678
1726669762006,BTCUSDT,bid,59600,1036.688
1726669762923,BTCUSDT,ask,60000,656.726
1726669764151,BTCUSDT,bid,59600,1037.127
1726669766686,BTCUSDT,bid,59600,1037.053
1726669768007,BTCUSDT,bid,59600,1037.078
1726669768313,BTCUSDT,bid,59600,1037.078
1726669768516,BTCUSDT,bid,59600,1037.547
1726669768823,BTCUSDT,bid,59600,1037.078
1726669768929,BTCUSDT,bid,59600,1037.083
1726669769849,BTCUSDT,bid,59600,1037.478
1726669769949,BTCUSDT,bid,59600,1037.398
1726669770961,BTCUSDT,ask,60000,656.826
1726669771668,BTCUSDT,ask,60000,656.928
1726669781563,BTCUSDT,ask,60000,657.094
1726669804449,BTCUSDT,ask,60000,657.624
1726669812922,BTCUSDT,ask,60000,657.679
1726669813649,BTCUSDT,ask,60000,657.602
1726669816106,BTCUSDT,ask,60000,657.902
1726669823026,BTCUSDT,ask,60000,657.919
1726669824647,BTCUSDT,ask,60000,657.669
1726669841673,BTCUSDT,ask,60000,657.628
1726669866049,BTCUSDT,ask,60000,657.685
1726669907050,BTCUSDT,ask,60000,657.809
1726669913821,BTCUSDT,ask,60000,657.719
1726669917905,BTCUSDT,ask,60000,657.721
1726669939950,BTCUSDT,ask,60000,658.711
1726669941478,BTCUSDT,ask,60000,657.886
1726669962152,BTCUSDT,ask,60000,657.888
1726669963572,BTCUSDT,ask,60000,657.842
1726669964186,BTCUSDT,ask,60000,657.807
1726669979183,BTCUSDT,ask,60000,657.79
1726669982965,BTCUSDT,ask,60000,657.736
1726670003128,BTCUSDT,ask,60000,657.752
1726670097512,BTCUSDT,ask,60000,657.611
1726670114804,BTCUSDT,ask,60000,657.606
1726670121042,BTCUSDT,ask,60000,657.595
1726670140342,BTCUSDT,ask,60000,657.607
1726670174039,BTCUSDT,ask,60000,657.848
1726670186943,BTCUSDT,ask,60000,658.023
1726670238532,BTCUSDT,ask,60000,658.032
1726670247205,BTCUSDT,ask,60000,658.203
1726670271654,BTCUSDT,ask,60000,658.206
1726670278730,BTCUSDT,ask,60000,658.21
1726670281898,BTCUSDT,ask,60000,658.208
1726670298037,BTCUSDT,ask,60000,658.11
1726670314375,BTCUSDT,ask,60000,658.153
1726670320104,BTCUSDT,ask,60000,658.121
1726670326526,BTCUSDT,ask,60000,658.102
1726670331745,BTCUSDT,ask,60000,658.107
1726670339754,BTCUSDT,ask,60000,658.109
1726670340776,BTCUSDT,ask,60000,657.997
1726670347222,BTCUSDT,ask,60000,658.013
1726670384672,BTCUSDT,ask,60000,658.178
1726670389896,BTCUSDT,ask,60000,659.455
1726670397993,BTCUSDT,ask,60000,659.705
1726670417331,BTCUSDT,ask,60000,659.755
1726670419982,BTCUSDT,ask,60000,659.743
1726670428959,BTCUSDT,ask,60000,659.75
1726670434788,BTCUSDT,ask,60000,659.752
1726670437427,BTCUSDT,ask,60000,659.758
1726670445088,BTCUSDT,ask,60000,659.757
1726670457233,BTCUSDT,ask,60000,659.773
1726670460918,BTCUSDT,ask,60000,659.805
1726670475811,BTCUSDT,ask,60000,660.877
1726670487696,BTCUSDT,ask,60000,660.879
1726670490043,BTCUSDT,ask,60000,660.911
1726670492188,BTCUSDT,ask,60000,660.913
1726670504464,BTCUSDT,ask,60000,660.904
1726670518700,BTCUSDT,ask,60000,660.704
1726670519309,BTCUSDT,ask,60000,660.745
1726670525735,BTCUSDT,ask,60000,660.759
1726670542412,BTCUSDT,ask,60000,660.757
1726670543127,BTCUSDT,ask,60000,660.756
1726670561395,BTCUSDT,ask,60000,660.758
1726670579056,BTCUSDT,ask,60000,660.767
1726670580784,BTCUSDT,ask,60000,660.777
1726670583931,BTCUSDT,bid,59600,1005.922
1726670584133,BTCUSDT,bid,59600,1005.908
1726670591505,BTCUSDT,bid,59600,1006.33
1726670591813,BTCUSDT,bid,59600,1005.908
1726670594461,BTCUSDT,bid,59600,1005.91
1726670598776,BTCUSDT,bid,59600,1005.926
1726670599199,BTCUSDT,bid,59600,1005.91
1726670599716,BTCUSDT,bid,59600,1005.914
1726670599818,BTCUSDT,bid,59600,1005.91
1726670602787,BTCUSDT,bid,59600,1000.593
1726670603090,BTCUSDT,bid,59600,1000.593
1726670603294,BTCUSDT,bid,59600,1000.673
1726670604018,BTCUSDT,bid,59600,1003.663
1726670604119,BTCUSDT,bid,59600,1000.673
1726670605058,BTCUSDT,bid,59600,1003.663
1726670605154,BTCUSDT,bid,59600,1000.673
1726670605154,BTCUSDT,ask,60000,660.783
1726670605463,BTCUSDT,bid,59600,1000.566
1726670605971,BTCUSDT,bid,59600,1000.747
1726670606077,BTCUSDT,bid,59600,1000.747
1726670607100,BTCUSDT,bid,59600,1000.747
1726670608026,BTCUSDT,bid,59600,1003.737
1726670608129,BTCUSDT,bid,59600,1000.747
1726670608840,BTCUSDT,ask,60000,660.215
1726670609855,BTCUSDT,bid,59600,1000.947
1726670609956,BTCUSDT,bid,59600,1000.607
1726670610058,BTCUSDT,bid,59600,1000.491
1726670610262,BTCUSDT,bid,59600,1000.574
1726670610565,BTCUSDT,bid,59600,1000.599
1726670610668,BTCUSDT,bid,59600,1001.064
1726670613808,BTCUSDT,bid,59600,1001.444
1726670620115,BTCUSDT,ask,60000,660.817
1726670626950,BTCUSDT,ask,60000,660.417
1726670628064,BTCUSDT,bid,59700,1000.822
1726670630291,BTCUSDT,bid,59700,1000.78
1726670630899,BTCUSDT,ask,60000,661.057
1726670632118,BTCUSDT,bid,59700,1000.875
1726670634878,BTCUSDT,bid,59700,1000.82
1726670636204,BTCUSDT,ask,60000,661.083
1726670636604,BTCUSDT,ask,60000,661.27
1726670637634,BTCUSDT,bid,59700,1001.001
1726670637736,BTCUSDT,bid,59700,1000.82
1726670640391,BTCUSDT,bid,59700,1000.818
1726670640695,BTCUSDT,bid,59700,1000.804
1726670643643,BTCUSDT,ask,60000,661.382
1726670660465,BTCUSDT,ask,60000,661.661
1726670662407,BTCUSDT,ask,60000,661.666
1726670662817,BTCUSDT,ask,60000,661.64
1726670663430,BTCUSDT,ask,60000,661.89
1726670667917,BTCUSDT,ask,60000,661.927
1726670668227,BTCUSDT,bid,59600,1002.122
1726670668227,BTCUSDT,ask,60000,661.965
1726670668836,BTCUSDT,bid,59600,1002.449
1726670669040,BTCUSDT,bid,59600,1005.439
1726670669141,BTCUSDT,bid,59600,1002.449
1726670669235,BTCUSDT,ask,60000,661.922
1726670670066,BTCUSDT,bid,59600,1002.449
1726670671090,BTCUSDT,bid,59600,1002.449
1726670671805,BTCUSDT,ask,60000,661.917
1726670672111,BTCUSDT,bid,59600,1002.449
1726670673048,BTCUSDT,bid,59600,1005.439
1726670673151,BTCUSDT,bid,59600,1002.449
1726670673252,BTCUSDT,bid,59600,1002.457
1726670674066,BTCUSDT,bid,59600,1002.449
1726670674066,BTCUSDT,ask,60000,662.083
1726670675099,BTCUSDT,bid,59600,1002.449
1726670676048,BTCUSDT,bid,59600,1005.439
1726670676149,BTCUSDT,bid,59600,1002.449
1726670676353,BTCUSDT,bid,59600,1002.122
1726670676456,BTCUSDT,bid,59600,1002.134
1726670677073,BTCUSDT,bid,59600,1002.134
1726670678114,BTCUSDT,bid,59600,1002.134
1726670678525,BTCUSDT,bid,59600,1002.122
1726670679046,BTCUSDT,bid,59600,1005.112
1726670679145,BTCUSDT,bid,59600,1002.122
1726670680075,BTCUSDT,bid,59600,1002.122
1726670681108,BTCUSDT,bid,59600,1002.562
1726670681108,BTCUSDT,ask,60000,661.483
1726670681522,BTCUSDT,bid,59600,1002.122
1726670681723,BTCUSDT,ask,60000,661.65
1726670682034,BTCUSDT,bid,59600,1005.112
1726670682135,BTCUSDT,bid,59600,1002.122
1726670682441,BTCUSDT,ask,60000,662.432
1726670683059,BTCUSDT,bid,59600,1005.112
1726670683160,BTCUSDT,bid,59600,1002.122
1726670684080,BTCUSDT,bid,59600,1002.122
1726670685112,BTCUSDT,bid,59600,1002.122
1726670685929,BTCUSDT,bid,59600,1002.128
1726670688082,BTCUSDT,bid,59600,1001.546
1726670688287,BTCUSDT,bid,59600,1001.221
1726670689305,BTCUSDT,bid,59600,1001.224
1726670689406,BTCUSDT,bid,59600,1001.221
1726670696142,BTCUSDT,ask,60000,662.434
1726670700340,BTCUSDT,ask,60000,662.416
1726670713182,BTCUSDT,ask,60000,662.25
1726670715743,BTCUSDT,ask,60000,662.26
1726670718101,BTCUSDT,ask,60000,662.265
1726670726344,BTCUSDT,ask,60000,662.264
1726670747022,BTCUSDT,ask,60000,662.43
1726670750688,BTCUSDT,ask,60000,662.432
1726670772076,BTCUSDT,ask,60000,661.345
1726670775754,BTCUSDT,ask,60000,661.36
1726670793197,BTCUSDT,ask,60000,661.443
1726670808120,BTCUSDT,bid,59600,1001.606
1726670809258,BTCUSDT,bid,59600,1001.631
1726670811611,BTCUSDT,bid,59600,1004.101
1726670811916,BTCUSDT,bid,59600,1004.463
1726670812119,BTCUSDT,bid,59600,1004.101
1726670812219,BTCUSDT,bid,59600,1004.121
1726670813032,BTCUSDT,bid,59600,1001.613
1726670813439,BTCUSDT,bid,59600,1001.813
1726670835114,BTCUSDT,ask,60000,660.769
1726670841020,BTCUSDT,ask,60000,660.769
1726670843065,BTCUSDT,ask,60000,660.917
1726670862106,BTCUSDT,ask,60000,660.915
1726670875741,BTCUSDT,ask,60000,660.923
1726670883008,BTCUSDT,ask,60000,660.939
1726670890669,BTCUSDT,bid,59600,1000.177
1726670890974,BTCUSDT,bid,59600,1000.173
1726670892933,BTCUSDT,bid,59600,1000.077
1726670904023,BTCUSDT,bid,59600,1000.43
1726670904332,BTCUSDT,bid,59600,1000.095
1726670904933,BTCUSDT,ask,60000,660.947
1726670906805,BTCUSDT,ask,60000,661.058
1726670911902,BTCUSDT,bid,59600,1000.535
1726670912210,BTCUSDT,bid,59600,1000.095
1726670913954,BTCUSDT,bid,59600,1000.101
1726670920740,BTCUSDT,ask,60000,661.068
1726670921047,BTCUSDT,bid,59600,1000.533
1726670921151,BTCUSDT,bid,59600,1000.093
1726670921662,BTCUSDT,bid,59600,1000.089
1726670923720,BTCUSDT,bid,59600,1000.089
1726670925067,BTCUSDT,bid,59600,1000.083
1726670926088,BTCUSDT,bid,59600,1000.552
1726670926190,BTCUSDT,bid,59600,1000.083
1726670927717,BTCUSDT,bid,59600,1000.085
1726670927824,BTCUSDT,bid,59600,1000.083
1726670927923,BTCUSDT,bid,59600,1000.085
1726670928025,BTCUSDT,bid,59600,1000.083
1726670930261,BTCUSDT,bid,59600,1000.071
1726670930972,BTCUSDT,bid,59600,1000.071
1726670932915,BTCUSDT,ask,60000,661.018
1726670970936,BTCUSDT,ask,60000,660.964
1726670975557,BTCUSDT,ask,60000,661.395
1726670981703,BTCUSDT,ask,60000,661.397
1726670983849,BTCUSDT,ask,60000,661.897
1726670986418,BTCUSDT,ask,60000,661.911
1726670988572,BTCUSDT,ask,60000,661.906
1726670991935,BTCUSDT,ask,60000,661.739
1726670999484,BTCUSDT,bid,59500,1000.194
1726671002125,BTCUSDT,bid,59500,1000.144
1726671004882,BTCUSDT,ask,60000,661.741
1726671010717,BTCUSDT,bid,59500,1000.184
1726671010919,BTCUSDT,bid,59500,1000.198
1726671011120,BTCUSDT,bid,59500,1000.201
1726671011222,BTCUSDT,bid,59500,1000.201
1726671011734,BTCUSDT,bid,59500,1000.161
1726671012957,BTCUSDT,bid,59500,1000.158
1726671020712,BTCUSDT,bid,59500,1000.289
1726671029431,BTCUSDT,bid,59500,1000.158
1726671031384,BTCUSDT,bid,59500,1000.232
1726671034031,BTCUSDT,bid,59500,1000.702
1726671035051,BTCUSDT,bid,59500,1000.232
1726671035254,BTCUSDT,ask,60000,661.741
1726671036179,BTCUSDT,bid,59500,1000.235
1726671036280,BTCUSDT,bid,59500,1000.232
1726671039220,BTCUSDT,ask,60000,661.721
1726671062134,BTCUSDT,ask,60000,661.079
1726671084902,BTCUSDT,ask,60000,661.063
1726671095813,BTCUSDT,ask,60000,661.463
1726671107254,BTCUSDT,bid,47000,853.407
1726671124025,BTCUSDT,ask,60000,661.595
1726671157147,BTCUSDT,ask,60000,661.601
1726671160017,BTCUSDT,ask,60000,661.609
1726671284432,BTCUSDT,ask,60000,661.73
1726671313976,BTCUSDT,ask,60000,663.23
1726671337913,BTCUSDT,ask,60000,663.224
1726671385485,BTCUSDT,ask,60000,663.245
1726671394479,BTCUSDT,ask,60000,663.243
1726671407088,BTCUSDT,ask,60000,663.643
1726671418732,BTCUSDT,ask,60000,663.243
1726671442515,BTCUSDT,ask,60000,663.143
1726671477297,BTCUSDT,ask,60000,663.149
1726671487194,BTCUSDT,ask,60000,662.998
1726671527973,BTCUSDT,ask,60000,663.082
1726671537905,BTCUSDT,ask,60000,663.099
1726671573338,BTCUSDT,ask,60000,663.106
1726671574155,BTCUSDT,ask,60000,663.094
1726671579883,BTCUSDT,ask,60000,663.092
1726671626693,BTCUSDT,ask,60000,663.086
1726671654745,BTCUSDT,ask,60000,663.076
1726671700197,BTCUSDT,ask,60000,663.104
1726671714030,BTCUSDT,ask,60000,662.504
1726671744477,BTCUSDT,ask,60000,662.511
1726671771424,BTCUSDT,ask,60000,662.513
1726671778176,BTCUSDT,ask,60000,662.596
1726671785421,BTCUSDT,ask,60000,662.594
1726671793144,BTCUSDT,ask,60000,662.65
1726671817368,BTCUSDT,ask,60000,662.395
1726671827876,BTCUSDT,ask,60000,665.154
1726671834812,BTCUSDT,ask,60000,665.164
1726671836552,BTCUSDT,ask,60000,665.184
1726671845223,BTCUSDT,ask,60000,665.195
1726671852144,BTCUSDT,ask,60000,665.205
1726671870624,BTCUSDT,ask,60000,665.226
1726671908597,BTCUSDT,ask,60000,665.213
1726671913583,BTCUSDT,ask,60000,665.099
1726671947307,BTCUSDT,ask,60000,665.099
1726671950761,BTCUSDT,ask,60000,664.99
1726671985053,BTCUSDT,ask,60000,664.624
1726672003908,BTCUSDT,ask,60000,665.014
1726672016952,BTCUSDT,ask,60000,665.589
1726672024013,BTCUSDT,ask,60000,665.591
1726672026062,BTCUSDT,ask,60000,665.184
1726672026368,BTCUSDT,ask,60000,665.187
1726672039508,BTCUSDT,ask,60000,665.185
1726672045134,BTCUSDT,ask,60000,665.219
1726672049933,BTCUSDT,ask,60000,665.216
1726672061055,BTCUSDT,ask,60000,665.535
1726672064508,BTCUSDT,ask,60000,665.943
1726672083292,BTCUSDT,ask,60000,665.941
1726672105865,BTCUSDT,ask,60000,665.939
1726672112584,BTCUSDT,ask,60000,665.909
1726672129894,BTCUSDT,ask,60000,667.909
1726672135604,BTCUSDT,ask,60000,667.907
1726672151624,BTCUSDT,ask,60000,667.914
1726672171284,BTCUSDT,ask,60000,667.858
1726672203398,BTCUSDT,ask,60000,665.845
1726672212380,BTCUSDT,ask,60000,665.858
1726672216084,BTCUSDT,ask,60000,665.283
1726672230967,BTCUSDT,ask,60000,665.296
1726672262313,BTCUSDT,ask,60000,665.299
1726672262414,BTCUSDT,ask,60000,665.414
1726672265273,BTCUSDT,ask,60000,665.345
1726672271594,BTCUSDT,ask,60000,665.347
1726672284616,BTCUSDT,ask,60000,665.345
1726672297001,BTCUSDT,ask,60000,665.179
1726672303795,BTCUSDT,ask,60000,665.181
1726672347255,BTCUSDT,ask,60000,665.205
1726672357911,BTCUSDT,ask,60000,665.21
1726672377615,BTCUSDT,ask,60000,665.169
1726672377816,BTCUSDT,ask,60000,665.195
1726672405789,BTCUSDT,ask,60000,665.195
1726672429197,BTCUSDT,ask,60000,665.2
1726672429298,BTCUSDT,ask,60000,665.207
1726672433600,BTCUSDT,ask,60000,665.157
1726672461685,BTCUSDT,ask,60000,665.217
1726672488447,BTCUSDT,ask,60000,665.212
1726672515330,BTCUSDT,ask,60000,665.545
1726672518506,BTCUSDT,ask,60000,665.553
1726672547886,BTCUSDT,ask,60000,665.504
1726672548090,BTCUSDT,ask,60000,665.545
1726672557602,BTCUSDT,ask,60000,665.226
1726672561899,BTCUSDT,ask,60000,665.326
1726672567505,BTCUSDT,bid,47000,853.41
1726672592713,BTCUSDT,ask,60000,665.379
1726672625403,BTCUSDT,ask,60000,665.377
1726672642674,BTCUSDT,ask,60000,665.37
1726672704211,BTCUSDT,ask,60000,665.406
1726672710361,BTCUSDT,ask,60000,664.957
1726672712397,BTCUSDT,ask,60000,664.955
1726672713832,BTCUSDT,ask,60000,664.959
1726672723978,BTCUSDT,ask,60000,664.93
1726672762970,BTCUSDT,ask,60000,664.958
1726672798105,BTCUSDT,ask,60000,664.944
1726672810193,BTCUSDT,ask,60000,666.374
1726672843896,BTCUSDT,ask,60000,666.371
1726672877054,BTCUSDT,ask,60000,666.373
1726672887222,BTCUSDT,ask,60000,666.289
1726672954723,BTCUSDT,ask,60000,666.315
1726672967073,BTCUSDT,ask,60000,666.318
1726673013089,BTCUSDT,ask,60000,666.162
1726673014939,BTCUSDT,ask,60000,666.169
1726673041343,BTCUSDT,ask,60000,666.166
1726673070270,BTCUSDT,ask,60000,666.199
1726673097312,BTCUSDT,ask,60000,665.891
1726673124138,BTCUSDT,ask,60000,665.897
1726673126796,BTCUSDT,ask,60000,666.035
1726673127307,BTCUSDT,ask,60000,666.038
1726673175782,BTCUSDT,ask,60000,666.046
1726673381434,BTCUSDT,ask,60000,666.044
1726673383194,BTCUSDT,bid,47000,853.441
1726673394080,BTCUSDT,ask,60000,666.05
1726673428351,BTCUSDT,ask,60000,666.325
1726673438355,BTCUSDT,ask,60000,666.327
1726673565751,BTCUSDT,ask,60000,666.233
1726673601739,BTCUSDT,bid,47000,852.59
1726673641376,BTCUSDT,ask,60000,666.227
1726673654448,BTCUSDT,ask,60000,666.237
1726673694903,BTCUSDT,ask,60000,666.403
1726673709707,BTCUSDT,ask,60000,666.378
1726673733556,BTCUSDT,bid,47300,803.393
1726673741222,BTCUSDT,ask,60000,666.342
1726673765013,BTCUSDT,ask,60000,666.842
1726673771854,BTCUSDT,ask,60000,667.153
1726673811352,BTCUSDT,ask,60000,667.187
1726673836458,BTCUSDT,ask,60000,667.189
1726673890125,BTCUSDT,ask,60000,667.199
1726673898200,BTCUSDT,ask,60000,667.201
1726673907130,BTCUSDT,ask,60000,667.267
1726673907749,BTCUSDT,ask,60000,667.368
1726673944263,BTCUSDT,ask,60000,667.366
1726673948899,BTCUSDT,ask,60000,667.364
1726673965294,BTCUSDT,ask,60000,667.379
1726673965918,BTCUSDT,ask,60000,667.382
1726673997480,BTCUSDT,ask,60000,667.296
1726674019254,BTCUSDT,ask,60000,667.195
1726674056307,BTCUSDT,ask,60000,667.198
1726674067564,BTCUSDT,ask,60000,667.409
1726674067970,BTCUSDT,ask,60000,667.424
1726674071541,BTCUSDT,ask,60000,667.422
1726674085999,BTCUSDT,ask,60000,667.047
1726674114954,BTCUSDT,ask,60000,667.1
1726674218442,BTCUSDT,ask,60000,667.158
1726674220393,BTCUSDT,ask,60000,667.156
1726674313833,BTCUSDT,ask,60000,667.047
1726674322501,BTCUSDT,ask,60000,667.707
1726674322603,BTCUSDT,ask,60000,667.987
1726674322704,BTCUSDT,ask,60000,669.372
1726674322806,BTCUSDT,ask,60000,669.652
1726674322905,BTCUSDT,ask,60000,671.137
1726674323109,BTCUSDT,ask,60000,671.962
1726674323310,BTCUSDT,ask,60000,673.895
1726674323419,BTCUSDT,ask,60000,675.445
1726674323618,BTCUSDT,ask,60000,675.75
1726674323723,BTCUSDT,ask,60000,676.575
1726674328415,BTCUSDT,ask,60000,675.75
1726674343918,BTCUSDT,ask,60000,667.063
1726674406147,BTCUSDT,ask,60000,667.829
1726674429176,BTCUSDT,ask,60000,667.549
1726674454774,BTCUSDT,ask,60000,667.467
1726674454876,BTCUSDT,ask,60000,666.642
1726674474742,BTCUSDT,ask,60000,666.808
1726674503176,BTCUSDT,ask,60000,667.1
1726674515008,BTCUSDT,ask,60000,667.103
1726674534835,BTCUSDT,ask,60000,667.119
1726674593266,BTCUSDT,ask,60000,667.141
1726674597705,BTCUSDT,ask,60000,667.175
1726674608825,BTCUSDT,ask,60000,667.173
1726674611471,BTCUSDT,ask,60000,667.175
1726674618904,BTCUSDT,ask,60000,665.865
1726674625453,BTCUSDT,ask,60000,665.861
1726674653699,BTCUSDT,ask,60000,665.875
1726674663086,BTCUSDT,ask,60000,665.875
1726674670438,BTCUSDT,ask,60000,665.265
1726674670853,BTCUSDT,ask,60000,665.277
1726674696302,BTCUSDT,ask,60000,665.327
1726674706403,BTCUSDT,ask,60000,665.337
1726674727298,BTCUSDT,ask,60000,665.399
1726674742336,BTCUSDT,ask,60000,665.484
1726674748264,BTCUSDT,ask,60000,665.488
1726674767054,BTCUSDT,ask,60000,665.188
1726674768291,BTCUSDT,ask,60000,665.191
1726674850259,BTCUSDT,ask,60000,664.791
1726674853831,BTCUSDT,ask,60000,664.891
1726674888623,BTCUSDT,ask,60000,664.905
1726674915463,BTCUSDT,ask,60000,664.61
1726674980706,BTCUSDT,ask,60000,664.576
1726675009883,BTCUSDT,ask,60000,664.562
1726675016153,BTCUSDT,ask,60000,664.575
1726675066318,BTCUSDT,ask,60000,664.639
1726675093087,BTCUSDT,ask,60000,664.606
1726675106829,BTCUSDT,ask,60000,664.609
1726675129696,BTCUSDT,ask,60000,664.596
1726675138637,BTCUSDT,ask,60000,664.546
1726675142220,BTCUSDT,ask,60000,664.562
1726675146404,BTCUSDT,ask,60000,664.546
1726675158746,BTCUSDT,ask,60000,664.581
1726675160982,BTCUSDT,ask,60000,664.331
1726675194973,BTCUSDT,ask,60000,664.332
1726675272642,BTCUSDT,ask,60000,664.281
1726675305111,BTCUSDT,ask,60000,664.347
1726675319808,BTCUSDT,ask,60000,664.281
1726675327878,BTCUSDT,bid,47000,852.615
1726675341143,BTCUSDT,bid,47000,852.59
1726675353694,BTCUSDT,bid,47000,852.593
1726675357369,BTCUSDT,ask,60000,664.276
1726675411135,BTCUSDT,ask,60000,664.359
1726675425302,BTCUSDT,ask,60000,664.276
1726675487045,BTCUSDT,ask,60000,664.344
1726675529379,BTCUSDT,ask,60000,664.299
1726675533055,BTCUSDT,ask,60000,664.303
1726675547194,BTCUSDT,bid,47000,852.587
1726675547194,BTCUSDT,ask,60000,664.296
1726675581407,BTCUSDT,ask,60000,663.803
1726675608325,BTCUSDT,bid,47000,852.65
1726675630435,BTCUSDT,ask,60000,663.369
1726675641717,BTCUSDT,ask,60000,663.469
1726675667098,BTCUSDT,ask,60000,663.551
1726675675846,BTCUSDT,ask,60000,663.553
1726675706927,BTCUSDT,ask,60000,663.558
1726675725712,BTCUSDT,ask,60000,663.858
1726675744605,BTCUSDT,ask,60000,663.991
1726675760809,BTCUSDT,ask,60000,663.891
1726675781896,BTCUSDT,ask,60000,664.046
1726675785869,BTCUSDT,ask,60000,664.056
1726675801516,BTCUSDT,ask,60000,664.058
1726675845986,BTCUSDT,ask,60000,664.034
1726675853836,BTCUSDT,bid,47000,852.681
1726675871753,BTCUSDT,ask,60000,663.87
1726675879802,BTCUSDT,ask,60000,663.415
1726675885098,BTCUSDT,ask,60000,660.915
1726675895923,BTCUSDT,ask,60000,661.115
1726675899184,BTCUSDT,bid,49800,800.127
1726675932041,BTCUSDT,ask,60000,661.109
1726675936518,BTCUSDT,ask,60000,660.959
1726675954751,BTCUSDT,ask,60000,660.962
1726675956891,BTCUSDT,ask,60000,661.462
1726675960879,BTCUSDT,ask,60000,661.464
1726675961703,BTCUSDT,ask,60000,661.496
1726675967005,BTCUSDT,ask,60000,661.54
1726675991635,BTCUSDT,ask,60000,661.89
1726675995417,BTCUSDT,ask,60000,661.849
1726676001954,BTCUSDT,ask,60000,661.849
1726676008311,BTCUSDT,ask,60000,661.852
1726676038490,BTCUSDT,ask,60000,661.849
1726676043474,BTCUSDT,ask,60000,661.649
1726676105691,BTCUSDT,bid,49800,800.227
1726676117204,BTCUSDT,ask,60000,663.895
1726676120050,BTCUSDT,ask,60000,664.188
1726676126370,BTCUSDT,ask,60000,664.429
1726676152194,BTCUSDT,ask,60000,664.446
1726676159252,BTCUSDT,ask,60000,664.458
1726676162918,BTCUSDT,ask,60000,664.471
1726676170763,BTCUSDT,bid,47000,858.001
1726676175987,BTCUSDT,ask,60000,664.535
1726676180474,BTCUSDT,ask,60000,664.537
1726676181299,BTCUSDT,bid,47000,852.681
1726676185480,BTCUSDT,bid,47300,803.388
1726676199508,BTCUSDT,ask,60000,665.457
1726676210097,BTCUSDT,ask,60000,665.473
1726676211936,BTCUSDT,ask,60000,665.443
1726676224175,BTCUSDT,ask,60000,664.943
1726676238386,BTCUSDT,ask,60000,665.146
1726676240535,BTCUSDT,ask,60000,665.179
1726676244312,BTCUSDT,ask,60000,666.079
1726676249314,BTCUSDT,ask,60000,666.063
1726676263834,BTCUSDT,ask,60000,666.313
1726676265056,BTCUSDT,ask,60000,666.329
1726676267003,BTCUSDT,ask,60000,666.337
1726676274993,BTCUSDT,ask,60000,664.103
1726676290318,BTCUSDT,ask,60000,664.186
1726676310134,BTCUSDT,ask,60000,664.185
1726676310544,BTCUSDT,ask,60000,664.179
1726676310854,BTCUSDT,ask,60000,664.245
1726676315342,BTCUSDT,bid,47000,852.955
1726676331064,BTCUSDT,ask,60000,664.894
1726676352120,BTCUSDT,ask,60000,665.065
1726676355694,BTCUSDT,ask,60000,665.081
1726676356708,BTCUSDT,ask,60000,665.122
1726676363157,BTCUSDT,ask,60000,666.181
1726676364997,BTCUSDT,ask,60000,666.177
1726676375741,BTCUSDT,ask,60000,666.179
1726676378305,BTCUSDT,ask,60000,666.23
1726676393313,BTCUSDT,ask,60000,665.174
1726676401490,BTCUSDT,bid,49800,800.127
1726676411904,BTCUSDT,bid,47000,853.118
1726676427059,BTCUSDT,ask,60000,665.444
1726676433090,BTCUSDT,ask,60000,665.426
1726676439690,BTCUSDT,ask,60000,665.428
1726676439792,BTCUSDT,ask,60000,665.43
1726676447883,BTCUSDT,ask,60000,664.781
1726676448489,BTCUSDT,ask,60000,664.765
1726676453997,BTCUSDT,ask,60000,664.865
1726676473539,BTCUSDT,ask,60000,664.867
1726676481905,BTCUSDT,ask,60000,664.886
1726676482728,BTCUSDT,ask,60000,664.884
1726676488658,BTCUSDT,ask,60000,664.833
1726676499711,BTCUSDT,ask,60000,664.54
1726676505503,BTCUSDT,ask,60000,664.565
1726676533108,BTCUSDT,ask,60000,664.616
1726676582405,BTCUSDT,ask,60000,664.588
1726676595315,BTCUSDT,ask,60000,664.836
1726676620958,BTCUSDT,ask,60000,664.803
1726676622407,BTCUSDT,ask,60000,664.868
1726676626899,BTCUSDT,ask,60000,671.868
1726676627509,BTCUSDT,ask,60000,671.875
1726676631286,BTCUSDT,ask,60000,671.975
1726676637044,BTCUSDT,ask,60000,671.875
1726676637148,BTCUSDT,ask,60000,671.775
1726676654886,BTCUSDT,ask,60000,671.825
1726676661827,BTCUSDT,ask,60000,670.83
1726676676740,BTCUSDT,ask,60000,670.823
1726676781263,BTCUSDT,ask,60000,670.86
1726676788314,BTCUSDT,bid,47000,853.115
1726676808632,BTCUSDT,ask,60000,670.96
1726676856731,BTCUSDT,ask,60000,670.969
1726676858354,BTCUSDT,ask,60000,670.969
1726676859368,BTCUSDT,ask,60000,670.969
1726676861833,BTCUSDT,ask,60000,670.905
1726676866142,BTCUSDT,ask,60000,670.937
1726676868588,BTCUSDT,ask,60000,671.021
1726676871335,BTCUSDT,ask,60000,671.023
1726676871437,BTCUSDT,ask,60000,671.021
1726676873060,BTCUSDT,ask,60000,671.026
1726676873365,BTCUSDT,ask,60000,671.026
1726676875718,BTCUSDT,ask,60000,670.926
1726676878259,BTCUSDT,ask,60000,670.946
1726676884405,BTCUSDT,ask,60000,670.946
1726676886349,BTCUSDT,ask,60000,670.946
1726676901373,BTCUSDT,ask,60000,670.955
1726676901579,BTCUSDT,ask,60000,664.955
1726676915690,BTCUSDT,ask,60000,664.908
1726676929295,BTCUSDT,ask,60000,664.81
1726676936384,BTCUSDT,ask,60000,664.871
1726676943939,BTCUSDT,ask,60000,664.913
1726676969653,BTCUSDT,ask,60000,664.775
1726676970692,BTCUSDT,ask,60000,664.791
1726676977034,BTCUSDT,ask,60000,664.828
1726676985325,BTCUSDT,ask,60000,664.825
1726676986458,BTCUSDT,ask,60000,665.825
1726677020042,BTCUSDT,ask,60000,668.825
1726677020244,BTCUSDT,ask,60000,668.751
1726677021063,BTCUSDT,ask,60000,670.751
1726677032733,BTCUSDT,ask,60000,672.749
1726677046878,BTCUSDT,ask,60000,672.754
1726677070527,BTCUSDT,ask,60000,672.756
1726677073204,BTCUSDT,ask,60000,672.812
1726677094799,BTCUSDT,ask,60000,672.797
1726677103589,BTCUSDT,ask,60000,670.797
1726677122796,BTCUSDT,ask,60000,672.797
1726677124117,BTCUSDT,ask,60000,672.823
1726677128817,BTCUSDT,ask,60000,671.546
1726677142786,BTCUSDT,ask,60000,671.509
1726677160322,BTCUSDT,ask,60000,671.513
1726677179702,BTCUSDT,ask,60000,670.542
1726677187469,BTCUSDT,ask,60000,670.565
1726677211624,BTCUSDT,ask,60000,668.509
1726677218702,BTCUSDT,ask,60000,668.539
1726677220967,BTCUSDT,ask,60000,668.555
1726677223329,BTCUSDT,ask,60000,668.609
1726677238744,BTCUSDT,ask,60000,668.614
1726677242325,BTCUSDT,ask,60000,668.852
1726677260081,BTCUSDT,ask,60000,668.842
1726677274525,BTCUSDT,ask,60000,668.858
1726677281739,BTCUSDT,ask,60000,668.828
1726677282360,BTCUSDT,ask,60000,668.824
1726677283182,BTCUSDT,ask,60000,668.826
1726677287177,BTCUSDT,ask,60000,668.833
1726677287278,BTCUSDT,bid,47000,853.125
1726677301813,BTCUSDT,ask,60000,668.913
1726677304665,BTCUSDT,ask,60000,668.943
1726677306717,BTCUSDT,ask,60000,668.945
1726677326374,BTCUSDT,bid,47000,853.325
1726677329748,BTCUSDT,ask,60000,668.947
1726677333654,BTCUSDT,ask,60000,668.968
1726677335090,BTCUSDT,ask,60000,668.943
1726677337747,BTCUSDT,ask,60000,668.983
1726677353354,BTCUSDT,ask,60000,669.379
1726677354176,BTCUSDT,ask,60000,669.371
1726677354789,BTCUSDT,ask,60000,669.408
1726677382995,BTCUSDT,ask,60000,669.414
1726677386371,BTCUSDT,ask,60000,669.408
1726677410888,BTCUSDT,ask,60000,669.412
1726677426689,BTCUSDT,ask,60000,669.455
1726677432723,BTCUSDT,ask,60000,669.414
1726677437735,BTCUSDT,ask,60000,669.401
1726677438563,BTCUSDT,ask,60000,669.405
1726677442156,BTCUSDT,ask,60000,669.496
1726677442261,BTCUSDT,ask,60000,669.498
1726677454107,BTCUSDT,ask,60000,669.536
1726677456456,BTCUSDT,ask,60000,669.515
1726677456864,BTCUSDT,bid,47000,853.315
1726677473373,BTCUSDT,ask,60000,669.617
1726677476652,BTCUSDT,ask,60000,669.615
1726677489463,BTCUSDT,ask,60000,670.115
1726677493651,BTCUSDT,ask,60000,670.108
1726677498954,BTCUSDT,ask,60000,670.117
1726677504440,BTCUSDT,ask,60000,670.146
1726677515154,BTCUSDT,ask,60000,670.157
1726677515874,BTCUSDT,ask,60000,669.557
1726677521279,BTCUSDT,bid,47000,853.252
1726677523310,BTCUSDT,ask,60000,669.65
1726677527790,BTCUSDT,ask,60000,669.664
1726677538935,BTCUSDT,ask,60000,669.733
1726677544038,BTCUSDT,ask,60000,669.735
1726677544141,BTCUSDT,ask,60000,669.795
1726677544345,BTCUSDT,ask,60000,669.726
1726677545677,BTCUSDT,ask,60000,669.665
1726677549959,BTCUSDT,ask,60000,669.656
1726677552198,BTCUSDT,ask,60000,669.576
1726677552403,BTCUSDT,ask,60000,669.586
1726677554143,BTCUSDT,ask,60000,669.786
1726677555269,BTCUSDT,ask,60000,669.84
1726677559955,BTCUSDT,ask,60000,669.857
1726677560356,BTCUSDT,ask,60000,669.99
1726677563925,BTCUSDT,ask,60000,670.005
1726677567189,BTCUSDT,ask,60000,670.07
1726677568821,BTCUSDT,ask,60000,673.487
1726677578816,BTCUSDT,ask,60000,673.516
1726677579219,BTCUSDT,ask,60000,673.466
1726677580665,BTCUSDT,ask,60000,673.412
1726677584830,BTCUSDT,ask,60000,673.505
1726677587891,BTCUSDT,ask,60000,673.77
1726677588406,BTCUSDT,ask,60000,673.723
1726677591967,BTCUSDT,ask,60000,672.663
1726677593296,BTCUSDT,ask,60000,860.68
1726677594421,BTCUSDT,ask,60000,860.863
1726677598902,BTCUSDT,ask,60000,861.061
1726677601354,BTCUSDT,ask,60000,861.118
1726677603400,BTCUSDT,ask,60000,861.116
1726677604725,BTCUSDT,bid,59800,705.561
1726677604826,BTCUSDT,bid,59800,706.647
1726677605030,BTCUSDT,bid,59800,709.637
1726677605133,BTCUSDT,bid,59800,706.647
1726677605643,BTCUSDT,bid,59800,704.318
1726677605851,BTCUSDT,bid,59800,703.232
1726677606054,BTCUSDT,bid,59800,706.222
1726677606157,BTCUSDT,bid,59800,703.232
1726677607071,BTCUSDT,bid,59800,703.401
1726677607890,BTCUSDT,bid,59800,703.354
1726677607890,BTCUSDT,ask,60000,857.658
1726677608093,BTCUSDT,bid,59800,703.354
1726677608703,BTCUSDT,ask,60000,857.656
1726677609023,BTCUSDT,bid,59800,706.344
1726677609119,BTCUSDT,bid,59800,703.185
1726677609532,BTCUSDT,ask,60000,857.767
1726677610041,BTCUSDT,bid,59800,706.175
1726677610142,BTCUSDT,bid,59800,703.185
1726677610651,BTCUSDT,bid,59800,705.848
1726677610754,BTCUSDT,bid,59800,706.56
1726677610957,BTCUSDT,ask,60000,857.817
1726677611062,BTCUSDT,bid,59800,706.56
1726677611681,BTCUSDT,bid,59800,705.848
1726677611681,BTCUSDT,ask,60000,857.9
1726677612291,BTCUSDT,bid,59800,705.667
1726677612596,BTCUSDT,bid,59800,705.868
1726677613820,BTCUSDT,bid,59800,706.329
1726677614225,BTCUSDT,bid,59800,706.248
1726677614325,BTCUSDT,bid,59800,705.665
1726677614430,BTCUSDT,bid,59800,706.264
1726677614631,BTCUSDT,bid,59800,706.327
1726677614836,BTCUSDT,bid,59800,705.728
1726677615039,BTCUSDT,bid,59800,705.732
1726677615245,BTCUSDT,bid,59800,705.732
1726677615245,BTCUSDT,ask,60000,857.758
1726677617583,BTCUSDT,ask,60000,857.728
1726677618403,BTCUSDT,ask,60000,857.545
1726677620158,BTCUSDT,ask,60000,857.549
1726677622396,BTCUSDT,ask,60000,857.547
1726677623013,BTCUSDT,ask,60000,669.607
1726677626580,BTCUSDT,ask,60000,669.524
1726677627390,BTCUSDT,ask,60000,669.601
1726677627696,BTCUSDT,ask,60000,669.577
1726677635341,BTCUSDT,ask,60000,669.569
1726677639316,BTCUSDT,ask,60000,669.571
1726677642305,BTCUSDT,ask,60000,669.621
1726677645172,BTCUSDT,ask,60000,669.568
1726677646297,BTCUSDT,ask,60000,669.508
1726677656882,BTCUSDT,ask,60000,669.25
1726677676685,BTCUSDT,ask,60000,669.735
1726677685560,BTCUSDT,ask,60000,669.726
1726677685763,BTCUSDT,ask,60000,669.725
1726677698968,BTCUSDT,ask,60000,669.787
1726677709606,BTCUSDT,ask,60000,669.804
1726677725720,BTCUSDT,ask,60000,669.777
1726677732903,BTCUSDT,ask,60000,669.779
1726677736364,BTCUSDT,ask,60000,669.916
1726677752421,BTCUSDT,ask,60000,669.908
1726677773461,BTCUSDT,ask,60000,669.911
1726677790254,BTCUSDT,ask,60000,669.913
1726677804961,BTCUSDT,ask,60000,669.881
1726677806911,BTCUSDT,ask,60000,668.961
1726677807015,BTCUSDT,ask,60000,668.973
1726677813886,BTCUSDT,bid,47000,853.379
1726677818383,BTCUSDT,ask,60000,668.812
1726677824996,BTCUSDT,bid,47000,853.39
1726677829716,BTCUSDT,ask,60000,668.744
1726677829815,BTCUSDT,ask,60000,672.077
1726677830024,BTCUSDT,ask,60000,672.07
1726677830851,BTCUSDT,ask,60000,672.072
1726677835554,BTCUSDT,ask,60000,671.672
1726677839230,BTCUSDT,ask,60000,671.674
1726677866482,BTCUSDT,ask,60000,671.757
1726677870872,BTCUSDT,ask,60000,671.907
1726677883377,BTCUSDT,ask,60000,671.921
1726677889717,BTCUSDT,ask,60000,671.927
1726677892468,BTCUSDT,ask,60000,671.991
1726677902903,BTCUSDT,ask,60000,671.984
1726677916505,BTCUSDT,ask,60000,672.216
1726677932436,BTCUSDT,ask,60000,672.19
1726677933761,BTCUSDT,ask,60000,672.194
1726677933962,BTCUSDT,ask,60000,672.198
1726677948335,BTCUSDT,ask,60000,672.707
1726677959411,BTCUSDT,ask,60000,672.761
1726677967067,BTCUSDT,ask,60000,672.728
1726677971169,BTCUSDT,ask,60000,672.741
1726677982827,BTCUSDT,ask,60000,672.751
1726677997872,BTCUSDT,ask,60000,672.812
1726678011360,BTCUSDT,ask,60000,672.82
1726678039776,BTCUSDT,ask,60000,672.766
1726678041024,BTCUSDT,ask,60000,672.741
1726678050598,BTCUSDT,ask,60000,672.733
1726678058733,BTCUSDT,ask,60000,672.825
1726678062235,BTCUSDT,ask,60000,672.745
1726678065381,BTCUSDT,ask,60000,672.545
1726678066305,BTCUSDT,ask,60000,672.542
1726678066613,BTCUSDT,ask,60000,672.546
1726678088758,BTCUSDT,ask,60000,552.024
1726678107289,BTCUSDT,ask,60000,552.155
1726678111492,BTCUSDT,ask,60000,552.024
1726678125175,BTCUSDT,ask,60000,551.924
1726678126300,BTCUSDT,ask,60000,551.891
1726678133058,BTCUSDT,ask,60000,559.39
1726678139292,BTCUSDT,ask,60000,559.452
1726678155592,BTCUSDT,ask,60000,559.352
1726678168412,BTCUSDT,ask,60000,559.407
1726678185570,BTCUSDT,ask,60000,569.407
1726678189189,BTCUSDT,ask,60000,569.357
1726678194205,BTCUSDT,ask,60000,561.858
1726678211263,BTCUSDT,ask,60000,561.862
1726678212896,BTCUSDT,ask,60000,561.916
1726678225988,BTCUSDT,ask,60000,567.832
1726678232317,BTCUSDT,ask,60000,567.835
1726678235737,BTCUSDT,ask,60000,567.889
1726678245302,BTCUSDT,ask,60000,567.889
1726678257178,BTCUSDT,ask,60000,567.891
1726678270860,BTCUSDT,ask,60000,567.885
1726678275673,BTCUSDT,ask,60000,567.887
1726678276488,BTCUSDT,ask,60000,567.885
1726678282414,BTCUSDT,ask,60000,565.157
1726678292920,BTCUSDT,ask,60000,565.102
1726678293325,BTCUSDT,ask,60000,565.052
1726678302891,BTCUSDT,ask,60000,565.252
1726678303202,BTCUSDT,ask,60000,565.255
1726678312799,BTCUSDT,ask,60000,565.315
1726678318629,BTCUSDT,ask,60000,565.294
1726678334866,BTCUSDT,ask,60000,565.296
1726678339887,BTCUSDT,ask,60000,565.313
1726678345720,BTCUSDT,ask,60000,565.528
1726678350653,BTCUSDT,ask,60000,565.512
1726678357923,BTCUSDT,ask,60000,566.212
1726678366022,BTCUSDT,ask,60000,565.712
1726678374248,BTCUSDT,ask,60000,565.462
1726678389574,BTCUSDT,ask,60000,565.489
1726678392854,BTCUSDT,ask,60000,565.493
1726678400348,BTCUSDT,ask,60000,565.593
1726678416379,BTCUSDT,ask,60000,565.573
1726678426134,BTCUSDT,ask,60000,565.569
1726678431853,BTCUSDT,ask,60000,565.572
1726678433089,BTCUSDT,ask,60000,565.439
1726678435639,BTCUSDT,ask,60000,565.443
1726678445314,BTCUSDT,ask,60000,565.444
1726678448273,BTCUSDT,ask,60000,565.496
1726678463579,BTCUSDT,ask,60000,565.47
1726678469112,BTCUSDT,ask,60000,565.61
1726678502906,BTCUSDT,ask,60000,565.638
1726678505372,BTCUSDT,ask,60000,565.636
1726678528375,BTCUSDT,ask,60000,565.584
1726678536202,BTCUSDT,ask,60000,566.037
1726678546049,BTCUSDT,ask,60000,566.039
1726678553320,BTCUSDT,ask,60000,566.036
1726678554440,BTCUSDT,ask,60000,566.136
1726678555665,BTCUSDT,ask,60000,566.082
1726678559459,BTCUSDT,ask,60000,566.08
1726678571385,BTCUSDT,ask,60000,566.076
1726678595623,BTCUSDT,ask,60000,566.102
1726678596647,BTCUSDT,ask,60000,566.104
1726678598798,BTCUSDT,ask,60000,566.088
1726678600025,BTCUSDT,ask,60000,565.986
1726678601554,BTCUSDT,ask,60000,565.988
1726678606976,BTCUSDT,ask,60000,566.038
1726678612622,BTCUSDT,ask,60000,566.05
1726678627528,BTCUSDT,ask,60000,566.133
1726678629555,BTCUSDT,ask,60000,566.986
1726678632403,BTCUSDT,ask,60000,566.958
1726678632915,BTCUSDT,ask,60000,566.905
1726678635654,BTCUSDT,ask,60000,566.893
1726678636482,BTCUSDT,ask,60000,566.895
1726678642804,BTCUSDT,ask,60000,566.909
1726678645344,BTCUSDT,ask,60000,567.003
1726678646770,BTCUSDT,ask,60000,566.991
1726678647901,BTCUSDT,ask,60000,568.418
1726678650537,BTCUSDT,ask,60000,567.429
1726678651659,BTCUSDT,ask,60000,566.991
1726678653081,BTCUSDT,ask,60000,567.036
1726678655119,BTCUSDT,ask,60000,567.043
1726678663110,BTCUSDT,ask,60000,567.107
1726678665860,BTCUSDT,ask,60000,566.223
1726678674642,BTCUSDT,ask,60000,566.365
1726678680802,BTCUSDT,ask,60000,566.36
1726678681515,BTCUSDT,ask,60000,566.326
1726678686792,BTCUSDT,ask,60000,567.779
1726678690566,BTCUSDT,ask,60000,567.681
1726678692907,BTCUSDT,ask,60000,567.931
1726678699972,BTCUSDT,ask,60000,567.789
1726678706030,BTCUSDT,ask,60000,567.769
1726678718255,BTCUSDT,ask,60000,568.613
1726678718970,BTCUSDT,ask,60000,568.615
1726678719078,BTCUSDT,ask,60000,568.683
1726678730946,BTCUSDT,ask,60000,568.725
1726678740458,BTCUSDT,ask,60000,567.885
1726678745268,BTCUSDT,ask,60000,567.927
1726678746186,BTCUSDT,ask,60000,568.066
1726678747609,BTCUSDT,ask,60000,568.066
1726678748424,BTCUSDT,ask,60000,567.796
1726678748735,BTCUSDT,ask,60000,567.912
1726678748935,BTCUSDT,ask,60000,567.945
1726678749241,BTCUSDT,ask,60000,568.047
1726678750986,BTCUSDT,ask,60000,567.845
1726678751291,BTCUSDT,ask,60000,567.853
1726678752309,BTCUSDT,ask,60000,567.833
1726678757619,BTCUSDT,ask,60000,568.091
1726678761411,BTCUSDT,ask,60000,568.101
1726678764902,BTCUSDT,ask,60000,568.102
1726678770116,BTCUSDT,ask,60000,568.148
1726678778591,BTCUSDT,ask,60000,568.146
1726678782900,BTCUSDT,ask,60000,567.896
1726678792202,BTCUSDT,ask,60000,567.946
1726678794947,BTCUSDT,ask,60000,567.963
1726678805854,BTCUSDT,ask,60000,569.206
1726678818102,BTCUSDT,ask,60000,569.22
1726678818808,BTCUSDT,ask,60000,569.286
1726678824729,BTCUSDT,ask,60000,569.22
1726678832316,BTCUSDT,ask,60000,569.253
1726678839067,BTCUSDT,ask,60000,569.132
1726678855505,BTCUSDT,ask,60000,569.182
1726678864822,BTCUSDT,ask,60000,569.185
1726678873347,BTCUSDT,ask,60000,569.123
1726678876028,BTCUSDT,ask,60000,569.025
1726678888848,BTCUSDT,ask,60000,569.023
1726678898418,BTCUSDT,ask,60000,568.938
1726678917280,BTCUSDT,ask,60000,568.988
1726678918202,BTCUSDT,ask,60000,568.986
1726678920036,BTCUSDT,ask,60000,569.006
1726678922895,BTCUSDT,ask,60000,568.873
1726678928627,BTCUSDT,ask,60000,568.883
1726678929137,BTCUSDT,ask,60000,567.45
1726678959286,BTCUSDT,bid,47000,853.602
1726678961634,BTCUSDT,ask,60000,567.445
1726678962236,BTCUSDT,ask,60000,567.385
1726678965207,BTCUSDT,ask,60000,567.387
1726678968565,BTCUSDT,ask,60000,567.385
1726678972235,BTCUSDT,ask,60000,567.387
1726678980990,BTCUSDT,ask,60000,567.447
1726678984247,BTCUSDT,ask,60000,567.497
1726678986590,BTCUSDT,ask,60000,567.721
1726678988333,BTCUSDT,ask,60000,567.751
1726678994448,BTCUSDT,ask,60000,567.721
1726678998621,BTCUSDT,ask,60000,567.68
1726679018409,BTCUSDT,ask,60000,566.132
1726679019428,BTCUSDT,bid,47000,853.802
1726679026604,BTCUSDT,ask,60000,566.129
1726679029456,BTCUSDT,ask,60000,566.125
1726679036639,BTCUSDT,ask,60000,566.055
1726679044188,BTCUSDT,ask,60000,566.095
1726679044694,BTCUSDT,ask,60000,566.055
1726679058145,BTCUSDT,ask,60000,565.882
1726679068455,BTCUSDT,ask,60000,565.895
1726679074000,BTCUSDT,ask,60000,565.903
1726679081135,BTCUSDT,ask,60000,566.703
1726679082479,BTCUSDT,ask,60000,566.487
1726679083811,BTCUSDT,ask,60000,566.519
1726679109588,BTCUSDT,ask,60000,566.571
1726679110303,BTCUSDT,ask,60000,566.569
1726679116969,BTCUSDT,ask,60000,566.55
1726679120136,BTCUSDT,ask,60000,566.553
1726679121461,BTCUSDT,ask,60000,566.493
1726679131477,BTCUSDT,ask,60000,566.481
1726679134854,BTCUSDT,ask,60000,566.492
1726679153633,BTCUSDT,ask,60000,566.494
1726679154785,BTCUSDT,ask,60000,566.499
1726679167641,BTCUSDT,ask,60000,566.563
1726679191440,BTCUSDT,ask,60000,566.516
1726679216388,BTCUSDT,ask,60000,566.466
1726679217002,BTCUSDT,ask,60000,566.405
1726679225100,BTCUSDT,ask,60000,566.363
1726679257450,BTCUSDT,ask,60000,566.337
1726679266762,BTCUSDT,ask,60000,566.305
1726679291728,BTCUSDT,ask,60000,566.562
1726679292445,BTCUSDT,ask,60000,566.347
1726679298304,BTCUSDT,ask,60000,566.115
1726679311607,BTCUSDT,ask,60000,566.115
1726679317854,BTCUSDT,ask,60000,565.983
1726679322531,BTCUSDT,ask,60000,565.985
1726679338089,BTCUSDT,ask,60000,566.122
1726679339413,BTCUSDT,ask,60000,566.124
1726679359502,BTCUSDT,ask,60000,570.122
1726679366635,BTCUSDT,ask,60000,569.985
1726679417365,BTCUSDT,ask,60000,569.982
1726679418589,BTCUSDT,ask,60000,569.993
1726679420620,BTCUSDT,ask,60000,569.948
1726679425102,BTCUSDT,ask,60000,569.926
1726679445868,BTCUSDT,ask,60000,569.916
1726679459416,BTCUSDT,ask,60000,569.918
1726679466172,BTCUSDT,ask,60000,569.863
1726679474034,BTCUSDT,ask,60000,569.833
1726679481590,BTCUSDT,ask,60000,570.182
1726679506261,BTCUSDT,ask,60000,569.833
1726679512426,BTCUSDT,ask,60000,569.333
1726679532029,BTCUSDT,ask,60000,569.845
1726679584334,BTCUSDT,ask,60000,569.54
1726679602821,BTCUSDT,ask,60000,569.795
1726679632362,BTCUSDT,ask,60000,569.78
1726679635918,BTCUSDT,ask,60000,569.775
1726679671417,BTCUSDT,ask,60000,565.929
1726679690615,BTCUSDT,ask,60000,565.912
1726679695734,BTCUSDT,ask,60000,565.91
1726679700477,BTCUSDT,ask,60000,565.929
1726679709933,BTCUSDT,ask,60000,565.888
1726679713286,BTCUSDT,ask,60000,565.896
1726679740869,BTCUSDT,ask,60000,565.885
1726679742392,BTCUSDT,ask,60500,526.161
1726679748718,BTCUSDT,ask,60000,566.598
1726679752304,BTCUSDT,ask,60000,566.498
1726679760276,BTCUSDT,ask,60000,566.5
1726679776518,BTCUSDT,ask,60000,565.777
1726679789393,BTCUSDT,ask,60500,528.161
1726679815205,BTCUSDT,ask,60000,565.764
1726679826718,BTCUSDT,ask,60000,565.772
1726679832528,BTCUSDT,ask,60500,527.866
1726679839281,BTCUSDT,ask,60000,565.819
1726679842552,BTCUSDT,ask,60000,565.821
1726679854295,BTCUSDT,ask,60500,528.418
1726679865351,BTCUSDT,ask,60000,565.576
1726679877108,BTCUSDT,ask,60500,528.462
1726679938535,BTCUSDT,ask,60000,565.551
1726679940169,BTCUSDT,ask,60000,565.536
1726679940169,BTCUSDT,ask,60500,528.448
1726679952018,BTCUSDT,ask,60000,565.495
1726679968761,BTCUSDT,ask,60000,565.695
1726679972332,BTCUSDT,ask,60500,528.469
1726679973969,BTCUSDT,ask,60500,527.917
1726679980290,BTCUSDT,ask,60500,527.813
1726679995923,BTCUSDT,ask,60500,527.813
1726679996431,BTCUSDT,ask,60000,565.641
1726680010200,BTCUSDT,ask,60500,527.805
1726680015518,BTCUSDT,ask,60000,565.441
1726680019507,BTCUSDT,ask,60000,565.443
1726680022886,BTCUSDT,ask,60000,565.488
1726680027005,BTCUSDT,bid,47000,853.799
1726680027630,BTCUSDT,ask,60000,564.218
1726680046599,BTCUSDT,ask,60000,564.228
1726680060297,BTCUSDT,ask,60000,564.22
1726680067578,BTCUSDT,ask,60000,564.233
1726680073634,BTCUSDT,ask,60500,527.854
1726680100329,BTCUSDT,ask,60000,564.263
1726680103402,BTCUSDT,ask,60000,564.283
1726680110590,BTCUSDT,ask,60500,528.054
1726680116331,BTCUSDT,ask,60500,528.219
1726680122282,BTCUSDT,ask,60500,528.268
1726680125451,BTCUSDT,ask,60000,563.83
1726680125553,BTCUSDT,ask,60000,563.833
1726680142560,BTCUSDT,ask,60500,528.591
1726680148910,BTCUSDT,ask,60500,528.605
1726680176393,BTCUSDT,ask,60000,563.933
1726680179359,BTCUSDT,ask,60000,563.833
1726680189679,BTCUSDT,ask,60000,563.848
1726680210107,BTCUSDT,ask,60000,563.85
1726680223202,BTCUSDT,ask,60500,528.64
1726680237027,BTCUSDT,ask,60000,563.847
1726680247869,BTCUSDT,ask,60000,563.764
1726680249728,BTCUSDT,ask,60000,564.39
1726680257216,BTCUSDT,ask,60500,528.507
1726680264273,BTCUSDT,ask,60500,528.541
1726680273356,BTCUSDT,ask,60000,564.382
1726680280408,BTCUSDT,ask,60000,564.392
1726680287604,BTCUSDT,ask,60000,564.545
1726680294373,BTCUSDT,ask,60000,564.543
1726680298063,BTCUSDT,ask,60000,564.551
1726680300842,BTCUSDT,ask,60000,564.601
1726680307904,BTCUSDT,ask,60000,564.605
1726680308106,BTCUSDT,ask,60500,528.551
1726680314864,BTCUSDT,ask,60000,564.355
1726680361380,BTCUSDT,ask,60500,528.832
1726680381026,BTCUSDT,ask,60500,528.882
1726680384691,BTCUSDT,ask,60000,564.356
1726680386653,BTCUSDT,ask,60500,529.27
1726680390248,BTCUSDT,ask,60500,529.142
1726680417442,BTCUSDT,ask,60000,564.356
1726680418362,BTCUSDT,ask,60000,564.356
1726680418871,BTCUSDT,ask,60000,564.156
1726680419393,BTCUSDT,ask,60000,564.156
1726680442298,BTCUSDT,ask,60500,529.187
1726680442807,BTCUSDT,ask,60000,563.918
1726680458403,BTCUSDT,ask,60500,528.567
1726680460964,BTCUSDT,ask,60500,528.573
1726680470825,BTCUSDT,ask,60000,563.908
1726680476457,BTCUSDT,ask,60500,528.504
1726680477879,BTCUSDT,ask,60000,563.916
1726680480228,BTCUSDT,ask,60500,528.501
1726680482268,BTCUSDT,ask,60500,528.51
1726680486583,BTCUSDT,ask,60000,573.916
1726680490353,BTCUSDT,ask,60000,573.918
1726680493932,BTCUSDT,ask,60000,573.916
1726680494034,BTCUSDT,ask,60000,573.66
1726680495166,BTCUSDT,ask,60500,528.523
1726680496798,BTCUSDT,ask,60500,528.623
1726680500270,BTCUSDT,ask,60500,528.879
1726680520644,BTCUSDT,ask,60000,573.034
1726680521571,BTCUSDT,ask,60000,573.041
1726680528837,BTCUSDT,ask,60000,573.164
1726680530384,BTCUSDT,ask,60000,573.233
1726680535083,BTCUSDT,ask,60500,528.889
1726680535698,BTCUSDT,ask,60500,528.884
1726680547183,BTCUSDT,ask,60000,573.236
1726680549855,BTCUSDT,ask,60000,573.228
1726680553429,BTCUSDT,ask,60000,573.213
1726680569155,BTCUSDT,ask,60500,528.987
1726680571508,BTCUSDT,bid,47000,853.599
1726680573648,BTCUSDT,ask,60000,573.223
1726680576924,BTCUSDT,ask,60000,573.221
1726680577238,BTCUSDT,ask,60000,573.223
1726680578666,BTCUSDT,ask,60000,572.723
1726680601301,BTCUSDT,ask,60500,528.599
1726680609340,BTCUSDT,ask,60000,572.726
1726680624830,BTCUSDT,ask,60500,529.899
1726680633822,BTCUSDT,ask,60000,572.746
1726680637402,BTCUSDT,ask,60000,573.176
1726680644435,BTCUSDT,ask,60000,572.746
1726680648441,BTCUSDT,ask,60500,530.024
1726680648848,BTCUSDT,ask,60000,574.746
1726680652931,BTCUSDT,ask,60500,530.012
1726680681746,BTCUSDT,ask,60000,574.71
1726680694317,BTCUSDT,ask,60000,574.755
1726680695135,BTCUSDT,ask,60000,574.756
1726680699643,BTCUSDT,ask,60500,530.135
1726680711455,BTCUSDT,ask,60000,574.766
1726680728630,BTCUSDT,ask,60500,529.852
1726680728734,BTCUSDT,ask,60500,529.844
1726680729548,BTCUSDT,ask,60000,574.818
1726680732921,BTCUSDT,ask,60000,574.798
1726680736090,BTCUSDT,ask,60500,529.823
1726680737835,BTCUSDT,ask,60000,574.788
1726680738450,BTCUSDT,ask,60500,529.878
1726680741404,BTCUSDT,ask,60000,572.788
1726680752248,BTCUSDT,ask,60000,572.805
1726680762292,BTCUSDT,ask,60000,572.788
1726680762292,BTCUSDT,ask,60500,530.052
1726680766581,BTCUSDT,ask,60500,530.054
1726680769972,BTCUSDT,ask,60500,531.349
1726680770794,BTCUSDT,ask,60500,531.449
1726680773762,BTCUSDT,ask,60500,531.614
1726680782973,BTCUSDT,ask,60000,572.786
1726680790306,BTCUSDT,ask,60500,531.696
1726680795484,BTCUSDT,ask,60500,530.706
1726680798029,BTCUSDT,ask,60000,572.777
1726680803747,BTCUSDT,ask,60000,562.794
1726680811421,BTCUSDT,ask,60000,562.671
1726680811421,BTCUSDT,ask,60500,530.829
1726680820408,BTCUSDT,ask,60000,562.667
1726680821331,BTCUSDT,ask,60000,562.62
1726680821428,BTCUSDT,ask,60000,562.624
1726680826444,BTCUSDT,ask,60500,530.729
1726680828109,BTCUSDT,ask,60000,562.627
1726680828420,BTCUSDT,ask,60500,530.719
1726680830659,BTCUSDT,ask,60000,562.626
1726680832402,BTCUSDT,ask,60000,562.621
1726680835581,BTCUSDT,ask,60000,562.616
1726680838032,BTCUSDT,ask,60000,562.761
1726680840690,BTCUSDT,ask,60000,562.763
1726680855895,BTCUSDT,ask,60000,562.755
1726680866611,BTCUSDT,ask,60000,568.171
1726680867122,BTCUSDT,ask,60000,568.193
1726680867324,BTCUSDT,ask,60000,564.628
1726680867425,BTCUSDT,ask,60500,528.721
1726680868134,BTCUSDT,ask,60000,563.09
1726680869958,BTCUSDT,ask,60000,563.09
1726680870465,BTCUSDT,ask,60000,563.108
1726680871594,BTCUSDT,ask,60000,563.126
1726680872916,BTCUSDT,ask,60000,563.119
1726680873017,BTCUSDT,ask,60500,528.741
1726680873422,BTCUSDT,ask,60000,563.121
1726680873734,BTCUSDT,ask,60000,563.122
1726680874139,BTCUSDT,ask,60000,563.124
1726680875967,BTCUSDT,ask,60000,563.19
1726680876274,BTCUSDT,ask,60000,563.478
1726680876377,BTCUSDT,ask,60000,563.448
1726680876580,BTCUSDT,ask,60000,563.453
1726680879837,BTCUSDT,ask,60000,563.16
1726680880445,BTCUSDT,ask,60000,562.814
1726680881978,BTCUSDT,ask,60000,562.781
1726680881978,BTCUSDT,ask,60500,527.446
1726680882386,BTCUSDT,ask,60000,563.427
1726680882902,BTCUSDT,ask,60000,563.441
1726680884132,BTCUSDT,ask,60000,563.448
1726680891733,BTCUSDT,ask,60000,563.455
1726680893982,BTCUSDT,ask,60000,563.479
1726680894804,BTCUSDT,ask,60000,563.783
1726680895006,BTCUSDT,ask,60000,563.494
1726680895717,BTCUSDT,ask,60000,563.225
1726680895919,BTCUSDT,ask,60000,563.195
1726680896327,BTCUSDT,ask,60000,563.286
1726680896427,BTCUSDT,ask,60000,563.288
1726680897545,BTCUSDT,ask,60000,563.306
1726680899073,BTCUSDT,ask,60000,563.406
1726680899787,BTCUSDT,ask,60000,564.417
1726680901108,BTCUSDT,ask,60000,563.406
1726680901917,BTCUSDT,ask,60000,564.475
1726680903237,BTCUSDT,ask,60000,564.912
1726680904653,BTCUSDT,ask,60000,564.914
1726680904763,BTCUSDT,ask,60000,564.796
1726680904864,BTCUSDT,ask,60000,564.798
1726680905790,BTCUSDT,ask,60000,563.635
1726680907104,BTCUSDT,ask,60000,563.777
1726680907815,BTCUSDT,ask,60000,563.775
1726680907917,BTCUSDT,ask,60000,563.763
1726680908122,BTCUSDT,ask,60000,563.763
1726680908426,BTCUSDT,ask,60000,563.768
1726680909035,BTCUSDT,ask,60000,566.758
1726680909135,BTCUSDT,ask,60000,563.768
1726680909644,BTCUSDT,ask,60000,563.82
1726680909848,BTCUSDT,ask,60000,563.903
1726680910052,BTCUSDT,ask,60000,566.887
1726680910154,BTCUSDT,ask,60000,563.891
1726680911071,BTCUSDT,ask,60000,563.891
1726680911884,BTCUSDT,ask,60500,527.438
1726680912288,BTCUSDT,ask,60000,564.805
1726680912390,BTCUSDT,ask,60000,564.807
1726680912592,BTCUSDT,ask,60000,568.874
1726680913200,BTCUSDT,ask,60000,569.453
1726680913302,BTCUSDT,ask,60000,569.874
1726680913505,BTCUSDT,ask,60000,569.814
1726680913606,BTCUSDT,ask,60000,569.822
1726680913911,BTCUSDT,ask,60000,569.822
1726680914014,BTCUSDT,ask,60000,570.322
1726680914116,BTCUSDT,ask,60000,570.626
1726680914216,BTCUSDT,ask,60000,570.136
1726680914317,BTCUSDT,ask,60000,565.545
1726680914621,BTCUSDT,ask,60000,565.445
1726680914722,BTCUSDT,ask,60000,565.443
1726680914924,BTCUSDT,ask,60000,564.61
1726680915026,BTCUSDT,ask,60000,563.214
1726680915127,BTCUSDT,ask,60000,563.214
1726680915229,BTCUSDT,ask,60000,563.645
1726680915531,BTCUSDT,ask,60000,564.35
1726680915633,BTCUSDT,ask,60000,564.55
1726680915937,BTCUSDT,ask,60000,564.35
1726680916239,BTCUSDT,ask,60000,564.348
1726680916442,BTCUSDT,ask,60000,563.833
1726680916543,BTCUSDT,ask,60000,563.825
1726680916644,BTCUSDT,ask,60000,563.902
1726680916747,BTCUSDT,ask,60000,564.485
1726680916950,BTCUSDT,ask,60000,564.483
1726680917153,BTCUSDT,ask,60000,564.094
1726680917252,BTCUSDT,ask,60000,564.309
1726680917455,BTCUSDT,ask,60000,565.04
1726680917558,BTCUSDT,ask,60000,565.051
1726680917658,BTCUSDT,ask,60000,565.068
1726680917861,BTCUSDT,ask,60000,565.049
1726680918472,BTCUSDT,ask,60000,565.549
1726680918572,BTCUSDT,ask,60000,569.549
1726680918677,BTCUSDT,ask,60000,568.318
1726680919288,BTCUSDT,ask,60000,568.419
1726680919797,BTCUSDT,ask,60000,568.384
1726680920102,BTCUSDT,ask,60000,568.854
1726680920305,BTCUSDT,ask,60000,569.537
1726680920610,BTCUSDT,ask,60000,569.258
1726680920713,BTCUSDT,ask,60000,569.124
1726680920915,BTCUSDT,ask,60000,569.113
1726680921322,BTCUSDT,ask,60000,569.215
1726680921423,BTCUSDT,ask,60000,565.106
1726680921524,BTCUSDT,ask,60000,564.702
1726680921624,BTCUSDT,ask,60000,564.17
1726680921830,BTCUSDT,ask,60000,564.168
1726680922030,BTCUSDT,ask,60000,564.171
1726680922445,BTCUSDT,ask,60000,564.179
1726680923159,BTCUSDT,ask,60000,564.171
1726680923465,BTCUSDT,ask,60000,564.171
1726680923564,BTCUSDT,ask,60000,564.186
1726680923869,BTCUSDT,ask,60000,564.36
1726680924794,BTCUSDT,ask,60000,564.368
1726680925094,BTCUSDT,ask,60000,564.477
1726680925403,BTCUSDT,ask,60000,564.469
1726680925808,BTCUSDT,ask,60000,564.349
1726680926113,BTCUSDT,ask,60000,564.341
1726680926420,BTCUSDT,ask,60000,564.349
1726680926524,BTCUSDT,ask,60000,564.477
1726680926624,BTCUSDT,ask,60000,564.469
1726680927032,BTCUSDT,ask,60000,565.162
1726680927131,BTCUSDT,ask,60000,565.924
1726680927231,BTCUSDT,ask,60000,565.228
1726680927335,BTCUSDT,ask,60000,565.615
1726680927644,BTCUSDT,ask,60000,565.618
1726680927744,BTCUSDT,ask,60000,566.118
1726680927845,BTCUSDT,ask,60000,566.109
1726680929473,BTCUSDT,ask,60000,566.688
1726680930087,BTCUSDT,ask,60000,566.685
1726680930705,BTCUSDT,ask,60000,566.681
1726680932137,BTCUSDT,ask,60000,566.712
1726680932951,BTCUSDT,ask,60000,566.709
1726680934077,BTCUSDT,ask,60000,566.759
1726680934279,BTCUSDT,ask,60000,566.779
1726680934784,BTCUSDT,ask,60000,566.187
1726680935089,BTCUSDT,ask,60000,566.187
1726680935189,BTCUSDT,ask,60000,566.185
1726680935290,BTCUSDT,ask,60000,566.268
1726680936103,BTCUSDT,ask,60000,566.268
1726680937025,BTCUSDT,ask,60000,569.258
1726680937123,BTCUSDT,ask,60000,565.589
1726680937638,BTCUSDT,ask,60500,527.852
1726680937844,BTCUSDT,ask,60000,565.867
1726680938045,BTCUSDT,ask,60000,568.857
1726680938144,BTCUSDT,ask,60000,565.867
1726680938965,BTCUSDT,ask,60000,565.601
1726680939065,BTCUSDT,ask,60000,565.589
1726680939165,BTCUSDT,ask,60000,565.601
1726680939473,BTCUSDT,ask,60000,566.088
1726680939983,BTCUSDT,ask,60000,565.612
1726680940084,BTCUSDT,ask,60000,565.612
1726680940286,BTCUSDT,ask,60000,566.986
1726680941200,BTCUSDT,ask,60000,566.153
1726680941301,BTCUSDT,ask,60000,565.512
1726680941506,BTCUSDT,ask,60000,565.51
1726680941707,BTCUSDT,ask,60000,565.41
1726680941904,BTCUSDT,ask,60000,565.418
1726680942215,BTCUSDT,ask,60000,565.41
1726680942318,BTCUSDT,ask,60500,527.87
1726680942423,BTCUSDT,ask,60000,565.369
1726680942525,BTCUSDT,ask,60000,565.527
1726680942840,BTCUSDT,ask,60000,565.466
1726680942943,BTCUSDT,ask,60000,565.004
1726680943043,BTCUSDT,ask,60000,568.358
1726680943254,BTCUSDT,ask,60000,565.198
1726680943355,BTCUSDT,ask,60000,565.258
1726680943456,BTCUSDT,ask,60000,566.892
1726680943556,BTCUSDT,ask,60000,567.48
1726680944290,BTCUSDT,ask,60500,527.883
1726680944393,BTCUSDT,ask,60000,566.31
1726680944599,BTCUSDT,ask,60000,566.33
1726680945309,BTCUSDT,ask,60000,566.882
1726680945412,BTCUSDT,ask,60000,566.965
1726680945616,BTCUSDT,ask,60000,566.965
1726680946021,BTCUSDT,ask,60000,567.965
1726680946131,BTCUSDT,ask,60000,568.614
1726680946230,BTCUSDT,ask,60000,567.965
1726680947356,BTCUSDT,ask,60000,568.021
1726680947560,BTCUSDT,ask,60000,567.855
1726680947763,BTCUSDT,ask,60000,567.863
1726680948071,BTCUSDT,ask,60000,567.611
1726680948578,BTCUSDT,ask,60000,567.691
1726680949504,BTCUSDT,ask,60000,566.815
1726680952489,BTCUSDT,ask,60000,566.831
1726680952688,BTCUSDT,ask,60000,566.227
1726680952893,BTCUSDT,ask,60000,566.237
1726680953305,BTCUSDT,ask,60000,566.585
1726680953507,BTCUSDT,ask,60000,566.535
1726680953608,BTCUSDT,ask,60000,566.515
1726680953817,BTCUSDT,ask,60000,566.575
1726680954731,BTCUSDT,ask,60000,566.591
1726680954843,BTCUSDT,ask,60000,566.605
1726680954944,BTCUSDT,ask,60000,566.595
1726680956162,BTCUSDT,ask,60000,567.07
1726680956263,BTCUSDT,ask,60000,566.595
1726680956570,BTCUSDT,ask,60000,569.595
1726680956673,BTCUSDT,ask,60000,566.595
1726680956762,BTCUSDT,ask,60000,566.604
1726680957186,BTCUSDT,ask,60000,566.584
1726680957391,BTCUSDT,ask,60000,567.475
1726680957695,BTCUSDT,ask,60000,566.584
1726680957802,BTCUSDT,ask,60000,567.065
1726680958005,BTCUSDT,ask,60000,567.011
1726680958106,BTCUSDT,ask,60000,568.271
1726680958617,BTCUSDT,ask,60000,568.29
1726680958716,BTCUSDT,ask,60000,568.349
1726680958810,BTCUSDT,ask,60000,567.209
1726680959227,BTCUSDT,ask,60000,567.542
1726680959227,BTCUSDT,ask,60500,527.767
1726680959638,BTCUSDT,ask,60000,567.498
1726680959740,BTCUSDT,ask,60000,565.482
1726680959842,BTCUSDT,ask,60000,565.98
1726680959943,BTCUSDT,ask,60000,565.582
1726680960145,BTCUSDT,bid,49800,800.266
1726680960551,BTCUSDT,ask,60000,566.659
1726680960649,BTCUSDT,ask,60000,566.558
1726680961157,BTCUSDT,ask,60000,566.555
1726680962070,BTCUSDT,ask,60000,566.555
1726680965109,BTCUSDT,ask,60000,565.85
1726680965823,BTCUSDT,ask,60000,565.919
1726680966025,BTCUSDT,ask,60000,568.909
1726680966125,BTCUSDT,ask,60000,565.919
1726680970707,BTCUSDT,ask,60000,566.868
1726680971722,BTCUSDT,ask,60000,565.968
1726680973247,BTCUSDT,ask,60000,565.971
1726680977302,BTCUSDT,ask,60000,565.041
1726680978522,BTCUSDT,ask,60500,527.715
1726680978624,BTCUSDT,ask,60000,565.073
1726680980247,BTCUSDT,ask,60000,564.661
1726680981163,BTCUSDT,ask,60000,564.663
1726680982584,BTCUSDT,ask,60000,564.661
1726680983094,BTCUSDT,ask,60000,564.702
1726680984721,BTCUSDT,ask,60000,564.714
1726680985129,BTCUSDT,ask,60000,564.856
1726680986462,BTCUSDT,ask,60000,564.861
1726680987892,BTCUSDT,ask,60000,564.855
1726680990744,BTCUSDT,ask,60000,565.761
1726680996153,BTCUSDT,ask,60000,564.886
1726680997788,BTCUSDT,ask,60500,527.693
1726681006947,BTCUSDT,ask,60000,564.415
1726681007349,BTCUSDT,ask,60000,564.413
1726681009402,BTCUSDT,ask,60000,564.445
1726681012474,BTCUSDT,ask,60000,564.423
1726681012881,BTCUSDT,ask,60000,564.258
1726681017969,BTCUSDT,ask,60000,564.275
1726681019712,BTCUSDT,ask,60000,564.255
1726681025614,BTCUSDT,ask,60000,564.276
1726681027848,BTCUSDT,ask,60000,564.216
1726681029976,BTCUSDT,ask,60000,564.076
1726681031297,BTCUSDT,ask,60000,564.105
1726681031906,BTCUSDT,ask,60000,564.115
1726681034757,BTCUSDT,bid,47000,853.594
1726681038108,BTCUSDT,ask,60000,564.16
1726681040360,BTCUSDT,ask,60500,527.975
1726681045435,BTCUSDT,ask,60000,564.164
1726681046891,BTCUSDT,ask,60000,563.414
1726681052261,BTCUSDT,ask,60000,563.446
1726681055223,BTCUSDT,ask,60000,563.448
1726681066205,BTCUSDT,ask,60000,563.454
1726681070386,BTCUSDT,ask,60000,563.422
1726681073753,BTCUSDT,ask,60000,563.409
1726681075489,BTCUSDT,ask,60000,563.368
1726681079878,BTCUSDT,ask,60500,528.273
1726681081405,BTCUSDT,ask,60000,563.401
1726681082122,BTCUSDT,ask,60000,563.301
1726681084778,BTCUSDT,ask,60000,563.16
1726681085902,BTCUSDT,ask,60000,563.155
1726681087022,BTCUSDT,ask,60000,563.159
1726681087446,BTCUSDT,ask,60000,563.122
1726681091011,BTCUSDT,ask,60000,563.222
1726681091111,BTCUSDT,ask,60000,562.693
1726681091623,BTCUSDT,ask,60000,562.695
1726681092944,BTCUSDT,ask,60500,528.283
1726681093354,BTCUSDT,ask,60000,562.705
1726681093354,BTCUSDT,ask,60500,528.293
1726681095794,BTCUSDT,ask,60000,562.699
1726681107210,BTCUSDT,ask,60500,528.298
1726681113540,BTCUSDT,ask,60000,556.98
1726681115902,BTCUSDT,ask,60000,556.985
1726681116003,BTCUSDT,ask,60000,564.484
1726681120439,BTCUSDT,ask,60500,528.306
1726681120539,BTCUSDT,ask,60000,564.559
1726681123616,BTCUSDT,ask,60500,528.309
1726681133702,BTCUSDT,ask,60500,528.318
1726681135138,BTCUSDT,ask,60000,564.559
1726681155214,BTCUSDT,ask,60000,564.598
1726681164386,BTCUSDT,ask,60000,564.498
1726681165511,BTCUSDT,ask,60000,564.515
1726681175028,BTCUSDT,ask,60000,564.865
1726681175436,BTCUSDT,ask,60000,564.848
1726681182815,BTCUSDT,ask,60000,564.856
1726681190925,BTCUSDT,ask,60000,564.695
1726681197791,BTCUSDT,ask,60000,564.658
1726681211380,BTCUSDT,ask,60500,528.576
1726681218319,BTCUSDT,ask,60000,564.724
1726681221088,BTCUSDT,ask,60000,564.74
1726681223228,BTCUSDT,ask,60000,564.707
1726681223530,BTCUSDT,ask,60000,564.674
1726681223836,BTCUSDT,ask,60000,564.734
1726681228827,BTCUSDT,ask,60000,564.738
1726681231501,BTCUSDT,ask,60000,564.74
1726681231604,BTCUSDT,ask,60000,564.542
1726681232111,BTCUSDT,ask,60000,564.54
1726681235893,BTCUSDT,ask,60000,564.638
1726681246923,BTCUSDT,ask,60500,527.948
1726681249589,BTCUSDT,ask,60500,527.953
1726681252450,BTCUSDT,ask,60000,564.696
1726681259290,BTCUSDT,ask,60000,564.609
1726681259496,BTCUSDT,ask,60000,565.14
1726681259702,BTCUSDT,ask,60000,565.04
1726681260107,BTCUSDT,ask,60000,565.04
1726681260209,BTCUSDT,ask,60000,564.509
1726681262041,BTCUSDT,ask,60000,564.426
1726681262245,BTCUSDT,ask,60000,564.532
1726681262649,BTCUSDT,ask,60000,564.544
1726681262750,BTCUSDT,ask,60000,564.548
1726681268249,BTCUSDT,ask,60000,565.032
1726681269995,BTCUSDT,ask,60000,565.036
1726681274612,BTCUSDT,ask,60000,565.036
1726681275021,BTCUSDT,ask,60000,565.053
1726681277970,BTCUSDT,ask,60500,528.474
1726681280749,BTCUSDT,ask,60500,528.494
1726681281762,BTCUSDT,ask,60000,565.219
1726681282393,BTCUSDT,ask,60000,565.221
1726681288724,BTCUSDT,ask,60500,528.994
1726681296196,BTCUSDT,ask,60500,529.015
1726681299476,BTCUSDT,ask,60000,565.221
1726681302654,BTCUSDT,ask,60000,565.221
1726681303485,BTCUSDT,ask,60000,565.971
1726681303995,BTCUSDT,ask,60000,565.988
1726681309310,BTCUSDT,ask,60000,565.994
1726681313302,BTCUSDT,ask,60500,528.841
1726681314438,BTCUSDT,ask,60000,566.094
1726681324911,BTCUSDT,ask,60000,566.109
1726681326345,BTCUSDT,ask,60500,528.845
1726681326549,BTCUSDT,ask,60000,566.142
1726681327869,BTCUSDT,ask,60000,566.049
1726681330730,BTCUSDT,ask,60500,530.006
1726681332980,BTCUSDT,ask,60500,529.973
1726681334123,BTCUSDT,ask,60000,566.059
1726681337305,BTCUSDT,ask,60000,566.159
1726681338430,BTCUSDT,ask,60000,566.175
1726681341689,BTCUSDT,ask,60000,566.478
1726681341689,BTCUSDT,ask,60500,529.976
1726681345468,BTCUSDT,ask,60000,566.483
1726681347540,BTCUSDT,ask,60500,529.985
1726681347851,BTCUSDT,ask,60000,566.503
1726681348684,BTCUSDT,ask,60500,530.029
1726681349188,BTCUSDT,ask,60000,566.52
1726681351653,BTCUSDT,ask,60000,566.354
1726681352996,BTCUSDT,ask,60000,566.61
1726681355147,BTCUSDT,ask,60500,530.033
1726681355347,BTCUSDT,ask,60500,528.872
1726681356370,BTCUSDT,ask,60000,566.622
1726681357491,BTCUSDT,ask,60000,568.153
1726681362807,BTCUSDT,ask,60000,566.599
1726681367322,BTCUSDT,ask,60000,566.607
1726681368560,BTCUSDT,ask,60000,566.62
1726681369281,BTCUSDT,ask,60000,566.604
1726681370301,BTCUSDT,ask,60000,566.451
1726681373669,BTCUSDT,ask,60000,566.482
1726681376337,BTCUSDT,ask,60000,566.47
1726681381079,BTCUSDT,ask,60500,529.048
1726681383138,BTCUSDT,ask,60000,566.45
1726681383544,BTCUSDT,bid,59900,501.659
1726681390552,BTCUSDT,ask,60500,529.253
1726681393514,BTCUSDT,ask,60000,566.464
1726681395049,BTCUSDT,ask,60500,529.138
1726681397496,BTCUSDT,ask,60000,567.297
1726681401881,BTCUSDT,ask,60500,530.138
1726681404126,BTCUSDT,ask,60500,530.238
1726681404430,BTCUSDT,ask,60000,567.278
1726681405854,BTCUSDT,ask,60500,529.978
1726681406474,BTCUSDT,ask,60500,529.878
1726681406879,BTCUSDT,ask,60000,567.423
1726681408812,BTCUSDT,ask,60000,568.423
1726681412000,BTCUSDT,ask,60000,568.464
1726681414464,BTCUSDT,ask,60000,568.578
1726681415905,BTCUSDT,ask,60000,568.794
1726681417634,BTCUSDT,ask,60000,569.125
1726681420784,BTCUSDT,ask,60000,569.172
1726681420990,BTCUSDT,ask,60000,569.208
1726681421299,BTCUSDT,ask,60000,569.549
1726681422421,BTCUSDT,ask,60500,529.755
1726681423141,BTCUSDT,ask,60000,569.542
1726681423954,BTCUSDT,ask,60000,569.506
1726681424767,BTCUSDT,ask,60000,569.466
1726681425275,BTCUSDT,ask,60000,569.785
1726681426701,BTCUSDT,ask,60500,529.976
1726681426802,BTCUSDT,ask,60000,569.825
1726681427005,BTCUSDT,ask,60000,569.861
1726681427835,BTCUSDT,ask,60000,569.821
1726681428044,BTCUSDT,ask,60000,569.785
1726681428456,BTCUSDT,ask,60000,569.735
1726681428763,BTCUSDT,ask,60000,569.775
1726681430400,BTCUSDT,ask,60000,569.751
1726681430805,BTCUSDT,ask,60000,569.711
1726681431008,BTCUSDT,ask,60000,569.747
1726681432028,BTCUSDT,ask,60000,569.711
1726681433056,BTCUSDT,ask,60500,530.045
1726681433257,BTCUSDT,ask,60000,569.713
1726681440248,BTCUSDT,ask,60000,569.753
1726681440759,BTCUSDT,ask,60000,569.733
1726681441683,BTCUSDT,ask,60000,569.376
1726681441784,BTCUSDT,ask,60000,569.536
1726681441987,BTCUSDT,ask,60000,570.164
1726681442089,BTCUSDT,ask,60000,570.164
1726681443005,BTCUSDT,ask,60000,570.151
1726681443916,BTCUSDT,ask,60000,569.92
1726681444120,BTCUSDT,ask,60000,569.92
1726681444423,BTCUSDT,ask,60000,569.922
1726681444729,BTCUSDT,ask,60000,569.294
1726681445134,BTCUSDT,ask,60000,569.294
1726681445642,BTCUSDT,ask,60000,573.25
1726681445741,BTCUSDT,ask,60000,573.243
1726681445741,BTCUSDT,ask,60500,530.021
1726681446049,BTCUSDT,ask,60000,576.233
1726681446149,BTCUSDT,ask,60000,573.243
1726681447074,BTCUSDT,ask,60000,573.243
1726681447903,BTCUSDT,ask,60500,530.694
1726681448107,BTCUSDT,ask,60000,573.243
1726681448414,BTCUSDT,ask,60000,573.246
1726681448515,BTCUSDT,ask,60000,569.29
1726681449039,BTCUSDT,ask,60000,572.28
1726681449140,BTCUSDT,ask,60000,569.29
1726681449239,BTCUSDT,ask,60000,569.287
1726681451091,BTCUSDT,ask,60000,569.287
1726681451179,BTCUSDT,ask,60000,569.736
1726681452043,BTCUSDT,ask,60000,572.726
1726681452144,BTCUSDT,ask,60000,569.736
1726681452449,BTCUSDT,ask,60000,569.728
1726681453057,BTCUSDT,ask,60000,572.718
1726681453162,BTCUSDT,ask,60000,569.728
1726681454100,BTCUSDT,ask,60000,569.728
1726681456049,BTCUSDT,ask,60000,572.269
1726681456152,BTCUSDT,ask,60000,569.35
1726681456779,BTCUSDT,ask,60000,569.346
1726681457086,BTCUSDT,ask,60000,569.346
1726681457391,BTCUSDT,ask,60000,569.654
1726681457592,BTCUSDT,ask,60000,569.66
1726681458101,BTCUSDT,ask,60000,569.66
1726681458713,BTCUSDT,ask,60000,569.66
1726681458816,BTCUSDT,ask,60500,530.302
1726681459020,BTCUSDT,ask,60000,572.65
1726681459122,BTCUSDT,ask,60000,569.66
1726681460045,BTCUSDT,ask,60000,572.65
1726681460148,BTCUSDT,ask,60000,569.66
1726681461060,BTCUSDT,ask,60000,569.66
1726681462103,BTCUSDT,ask,60000,569.66
1726681462623,BTCUSDT,ask,60000,569.645
1726681463039,BTCUSDT,ask,60000,572.635
1726681463139,BTCUSDT,ask,60000,569.645
1726681463960,BTCUSDT,ask,60000,569.62
1726681464059,BTCUSDT,ask,60000,569.62
1726681464163,BTCUSDT,ask,60500,530.307
1726681464565,BTCUSDT,ask,60000,570.079
1726681465081,BTCUSDT,ask,60000,570.083
1726681465182,BTCUSDT,ask,60000,570.085
1726681466005,BTCUSDT,ask,60000,570.081
1726681466210,BTCUSDT,ask,60000,570.091
1726681467023,BTCUSDT,ask,60000,573.081
1726681467127,BTCUSDT,ask,60000,570.091
1726681467742,BTCUSDT,ask,60500,530.171
1726681468055,BTCUSDT,ask,60000,573.081
1726681468157,BTCUSDT,ask,60000,570.091
1726681469077,BTCUSDT,ask,60000,570.085
1726681470111,BTCUSDT,ask,60000,570.085
1726681470722,BTCUSDT,ask,60000,569.626
1726681471130,BTCUSDT,ask,60000,569.626
1726681471742,BTCUSDT,ask,60500,530.006
1726681471850,BTCUSDT,ask,60000,570.072
1726681484006,BTCUSDT,ask,60500,530.406
1726681485547,BTCUSDT,ask,60500,530.478
1726681486562,BTCUSDT,ask,60500,530.406
1726681491182,BTCUSDT,ask,60500,533.711
1726681504684,BTCUSDT,ask,60500,533.729
1726681505705,BTCUSDT,ask,60500,533.828
1726681511734,BTCUSDT,ask,60500,534.328
1726681523691,BTCUSDT,ask,60500,534.33
1726681526746,BTCUSDT,ask,60500,535.211
1726681546008,BTCUSDT,ask,60500,535.227
1726681548674,BTCUSDT,ask,60500,535.229
1726681554032,BTCUSDT,ask,60500,535.231
1726681555561,BTCUSDT,ask,60500,535.232
1726681557095,BTCUSDT,ask,60500,535.487
1726681559671,BTCUSDT,ask,60500,535.367
1726681573058,BTCUSDT,ask,60500,535.363
1726681575719,BTCUSDT,ask,60500,535.432
1726681583073,BTCUSDT,ask,60500,535.388
1726681583483,BTCUSDT,ask,60500,535.289
1726681593694,BTCUSDT,ask,60500,535.299
1726681599729,BTCUSDT,ask,60500,535.329
1726681605988,BTCUSDT,ask,60500,535.341
1726681615054,BTCUSDT,ask,60500,535.339
1726681627401,BTCUSDT,ask,60500,535.341
1726681627704,BTCUSDT,ask,60500,535.339
1726681627806,BTCUSDT,ask,60500,535.342
1726681634555,BTCUSDT,ask,60500,534.385
1726681637656,BTCUSDT,ask,60500,534.355
1726681683153,BTCUSDT,ask,60500,534.353
1726681686215,BTCUSDT,ask,60500,533.774
1726681688828,BTCUSDT,ask,60500,533.707
1726681694587,BTCUSDT,ask,60500,533.712
1726681705816,BTCUSDT,ask,60500,533.58
1726681719642,BTCUSDT,ask,60500,533.38
1726681721787,BTCUSDT,ask,60500,533.382
1726681734732,BTCUSDT,bid,58500,603.11
1726681739710,BTCUSDT,bid,58500,603.124
1726681740624,BTCUSDT,bid,58500,603.166
1726681750080,BTCUSDT,ask,60500,533.179
1726681755780,BTCUSDT,ask,60500,533.212
1726681760267,BTCUSDT,ask,61400,530.878
1726681763435,BTCUSDT,ask,60500,534.437
1726681764447,BTCUSDT,bid,58500,603.168
1726681765364,BTCUSDT,ask,60500,534.486
1726681771397,BTCUSDT,ask,60500,534.488
1726681772513,BTCUSDT,ask,61400,530.926
1726681778415,BTCUSDT,ask,60500,534.467
1726681779239,BTCUSDT,ask,60500,534.515
1726681788564,BTCUSDT,bid,58500,603.068
1726681789075,BTCUSDT,bid,58500,598.068
1726681795854,BTCUSDT,bid,59900,500.925
1726681797180,BTCUSDT,bid,59900,500.996
1726681800033,BTCUSDT,bid,58500,598.097
1726681803120,BTCUSDT,ask,61400,530.929
1726681804851,BTCUSDT,bid,58500,597.941
1726681811586,BTCUSDT,bid,58500,597.889
1726681818058,BTCUSDT,bid,58500,597.884
1726681826533,BTCUSDT,ask,60500,533.92
1726681826745,BTCUSDT,ask,60500,533.925
1726681831477,BTCUSDT,bid,58500,597.902
1726681834836,BTCUSDT,bid,58500,596.965
1726681839870,BTCUSDT,bid,58500,596.936
1726681850769,BTCUSDT,bid,58500,596.934
1726681853601,BTCUSDT,ask,60500,533.927
1726681858165,BTCUSDT,bid,58500,596.906
1726681858367,BTCUSDT,ask,60500,533.868
1726681865078,BTCUSDT,bid,58500,596.905
1726681865787,BTCUSDT,bid,58500,596.903
1726681869650,BTCUSDT,ask,60500,533.275
