2024-09-08 12:04:26,SOLUSDT,bid,128,8175.0
2024-09-08 12:04:31,SOLUSDT,bid,128,7817.0
2024-09-08 12:04:45,SOLUSDT,bid,120,23378.0
2024-09-08 12:05:13,SOLUSDT,ask,135,11050.0
2024-09-08 12:05:15,SOLUSDT,bid,128,7818.0
2024-09-08 12:05:15,SOLUSDT,bid,128,8176.0
2024-09-08 12:05:15,SOLUSDT,bid,128,8216.0
2024-09-08 12:05:15,SOLUSDT,bid,128,7820.0
2024-09-08 12:05:26,SOLUSDT,bid,128,8217.0
2024-09-08 12:05:26,SOLUSDT,bid,115,16022.0
2024-09-08 12:05:27,SOLUSDT,bid,128,8216.0
2024-09-08 12:05:37,SOLUSDT,bid,128,8177.0
2024-09-08 12:05:37,SOLUSDT,bid,128,7846.0
2024-09-08 12:05:37,SOLUSDT,bid,128,7844.0
2024-09-08 12:05:51,SOLUSDT,bid,128,7841.0
2024-09-08 12:05:55,SOLUSDT,bid,120,23377.0
2024-09-08 12:05:55,SOLUSDT,ask,134,9413.0
2024-09-08 12:05:55,SOLUSDT,ask,136,8175.0
2024-09-08 12:05:55,SOLUSDT,bid,128,7864.0
2024-09-08 12:05:55,SOLUSDT,bid,128,7864.0
2024-09-08 12:05:58,SOLUSDT,bid,128,7882.0
2024-09-08 12:05:59,SOLUSDT,bid,128,7897.0
2024-09-08 12:05:59,SOLUSDT,bid,128,7882.0
2024-09-08 12:06:02,SOLUSDT,bid,121,17198.0
2024-09-08 12:06:09,SOLUSDT,bid,128,7864.0
2024-09-08 12:06:09,SOLUSDT,bid,128,7865.0
2024-09-08 12:06:13,SOLUSDT,bid,128,7864.0
2024-09-08 12:06:13,SOLUSDT,bid,128,7865.0
2024-09-08 12:06:17,SOLUSDT,bid,128,7864.0
2024-09-08 12:06:17,SOLUSDT,bid,128,7865.0
2024-09-08 12:06:24,SOLUSDT,bid,128,7864.0
2024-09-08 12:06:24,SOLUSDT,bid,128,7865.0
2024-09-08 12:06:27,SOLUSDT,bid,128,7864.0
2024-09-08 12:06:27,SOLUSDT,bid,128,7880.0
2024-09-08 12:06:27,SOLUSDT,bid,128,8176.0
2024-09-08 12:06:31,SOLUSDT,bid,128,8494.0
2024-09-08 12:06:31,SOLUSDT,bid,128,8177.0
2024-09-08 12:06:34,SOLUSDT,bid,128,8177.0
2024-09-08 12:06:38,SOLUSDT,bid,128,8176.0
2024-09-08 12:06:38,SOLUSDT,bid,128,8192.0
2024-09-08 12:06:38,SOLUSDT,bid,128,8059.0
2024-09-08 12:06:38,SOLUSDT,bid,128,8059.0
2024-09-08 12:06:41,SOLUSDT,bid,128,8066.0
2024-09-08 12:06:41,SOLUSDT,bid,128,8066.0
2024-09-08 12:06:41,SOLUSDT,bid,128,8059.0
2024-09-08 12:06:41,SOLUSDT,bid,128,8059.0
2024-09-08 12:06:41,SOLUSDT,bid,128,8059.0
2024-09-08 12:06:42,SOLUSDT,bid,128,8176.0
2024-09-08 12:06:42,SOLUSDT,bid,128,7818.0
2024-09-08 12:06:42,SOLUSDT,bid,128,8192.0
2024-09-08 12:06:42,SOLUSDT,bid,128,7834.0
2024-09-08 12:06:42,SOLUSDT,bid,128,7834.0
2024-09-08 12:06:42,SOLUSDT,bid,128,7841.0
2024-09-08 12:06:44,SOLUSDT,bid,120,23378.0
2024-09-08 12:06:44,SOLUSDT,ask,134,9414.0
2024-09-08 12:06:44,SOLUSDT,ask,136,8176.0
2024-09-08 12:06:44,SOLUSDT,bid,128,7834.0
2024-09-08 12:06:44,SOLUSDT,bid,128,7870.0
2024-09-08 12:06:44,SOLUSDT,bid,128,7834.0
2024-09-08 12:06:45,SOLUSDT,bid,128,7834.0
2024-09-08 12:06:45,SOLUSDT,bid,128,7837.0
2024-09-08 12:06:48,SOLUSDT,bid,128,8431.0
2024-09-08 12:06:48,SOLUSDT,bid,128,8431.0
2024-09-08 12:06:48,SOLUSDT,bid,128,7821.0
2024-09-08 12:06:48,SOLUSDT,bid,128,7822.0
2024-09-08 12:06:48,SOLUSDT,bid,128,8176.0
2024-09-08 12:06:48,SOLUSDT,bid,128,7819.0
2024-09-08 12:06:48,SOLUSDT,bid,128,8175.0
2024-09-08 12:06:49,SOLUSDT,bid,128,8179.0
2024-09-08 12:06:53,SOLUSDT,bid,128,8177.0
2024-09-08 12:07:00,SOLUSDT,bid,128,8203.0
2024-09-08 12:07:00,SOLUSDT,bid,128,7840.0
2024-09-08 12:07:00,SOLUSDT,bid,128,8224.0
2024-09-08 12:07:12,SOLUSDT,bid,128,7816.0
2024-09-08 12:07:30,SOLUSDT,ask,133,9396.0
2024-09-08 12:07:34,SOLUSDT,bid,121,17154.0
2024-09-08 12:07:34,SOLUSDT,bid,128,7825.0
2024-09-08 12:07:34,SOLUSDT,bid,128,8249.0
2024-09-08 12:07:40,SOLUSDT,bid,128,8256.0
2024-09-08 12:07:40,SOLUSDT,bid,128,8247.0
2024-09-08 12:07:40,SOLUSDT,bid,128,7816.0
2024-09-08 12:07:40,SOLUSDT,bid,128,7825.0
2024-09-08 12:07:40,SOLUSDT,bid,128,9032.0
2024-09-08 12:07:40,SOLUSDT,bid,128,7825.0
2024-09-08 12:07:51,SOLUSDT,bid,108,55350.0
2024-09-08 12:08:01,SOLUSDT,bid,128,7854.0
2024-09-08 12:08:05,SOLUSDT,bid,128,7852.0
2024-09-08 12:08:12,SOLUSDT,bid,128,7870.0
2024-09-08 12:08:15,SOLUSDT,bid,128,7871.0
2024-09-08 12:08:15,SOLUSDT,bid,128,8485.0
2024-09-08 12:08:16,SOLUSDT,bid,128,7871.0
2024-09-08 12:08:23,SOLUSDT,bid,105,106065.0
2024-09-08 12:08:23,SOLUSDT,bid,128,7872.0
2024-09-08 12:08:26,SOLUSDT,bid,128,7871.0
2024-09-08 12:08:30,SOLUSDT,bid,128,7905.0
2024-09-08 12:08:34,SOLUSDT,bid,128,8251.0
2024-09-08 12:08:41,SOLUSDT,bid,128,7871.0
2024-09-08 12:08:48,SOLUSDT,bid,128,7878.0
2024-09-08 12:08:48,SOLUSDT,bid,128,7871.0
2024-09-08 12:08:52,SOLUSDT,bid,86,59024.0
2024-09-08 12:08:55,SOLUSDT,bid,128,8253.0
2024-09-08 12:08:55,SOLUSDT,bid,128,7873.0
2024-09-08 12:08:58,SOLUSDT,bid,128,7888.0
2024-09-08 12:08:58,SOLUSDT,bid,128,7873.0
2024-09-08 12:09:02,SOLUSDT,bid,128,8251.0
2024-09-08 12:09:20,SOLUSDT,bid,105,107772.0
2024-09-08 12:09:25,SOLUSDT,bid,128,7875.0
2024-09-08 12:09:25,SOLUSDT,bid,128,8230.0
2024-09-08 12:09:25,SOLUSDT,bid,128,7873.0
2024-09-08 12:09:25,SOLUSDT,bid,128,7874.0
2024-09-08 12:09:25,SOLUSDT,bid,128,8207.0
2024-09-08 12:09:25,SOLUSDT,bid,128,7875.0
2024-09-08 12:09:26,SOLUSDT,bid,128,7873.0
2024-09-08 12:09:26,SOLUSDT,bid,128,7872.0
2024-09-08 12:09:26,SOLUSDT,bid,128,7873.0
2024-09-08 12:09:27,SOLUSDT,bid,128,7873.0
2024-09-08 12:09:27,SOLUSDT,bid,128,7897.0
2024-09-08 12:09:28,SOLUSDT,bid,128,7897.0
2024-09-08 12:09:28,SOLUSDT,bid,128,7918.0
2024-09-08 12:09:28,SOLUSDT,bid,128,7920.0
2024-09-08 12:09:29,SOLUSDT,bid,128,7919.0
2024-09-08 12:09:29,SOLUSDT,bid,128,8619.0
2024-09-08 12:09:30,SOLUSDT,bid,128,8626.0
2024-09-08 12:09:30,SOLUSDT,bid,128,7917.0
2024-09-08 12:09:32,SOLUSDT,bid,128,7899.0
2024-09-08 12:09:35,SOLUSDT,bid,128,8619.0
2024-09-08 12:09:35,SOLUSDT,bid,128,7900.0
2024-09-08 12:09:36,SOLUSDT,bid,128,8619.0
2024-09-08 12:09:37,SOLUSDT,bid,128,7899.0
2024-09-08 12:09:41,SOLUSDT,bid,128,8207.0
2024-09-08 12:09:42,SOLUSDT,bid,128,8208.0
2024-09-08 12:09:45,SOLUSDT,bid,128,7900.0
2024-09-08 12:09:47,SOLUSDT,bid,128,7899.0
2024-09-08 12:09:48,SOLUSDT,bid,128,8182.0
2024-09-08 12:09:56,SOLUSDT,bid,128,7900.0
2024-09-08 12:09:57,SOLUSDT,bid,128,7899.0
2024-09-08 12:10:09,SOLUSDT,bid,128,7906.0
2024-09-08 12:10:09,SOLUSDT,bid,128,7899.0
2024-09-08 12:10:09,SOLUSDT,bid,128,7878.0
2024-09-08 12:10:10,SOLUSDT,bid,128,7879.0
2024-09-08 12:10:10,SOLUSDT,bid,128,7855.0
2024-09-08 12:10:12,SOLUSDT,bid,128,7854.0
2024-09-08 12:10:15,SOLUSDT,bid,110,120297.0
2024-09-08 12:10:17,SOLUSDT,bid,128,7869.0
2024-09-08 12:10:17,SOLUSDT,bid,128,7854.0
2024-09-08 12:10:17,SOLUSDT,bid,128,7879.0
2024-09-08 12:10:17,SOLUSDT,bid,128,7904.0
2024-09-08 12:10:20,SOLUSDT,bid,128,8203.0
2024-09-08 12:10:20,SOLUSDT,bid,128,8182.0
2024-09-08 12:10:24,SOLUSDT,bid,128,7905.0
2024-09-08 12:10:35,SOLUSDT,bid,128,7904.0
2024-09-08 12:10:41,SOLUSDT,bid,128,7905.0
2024-09-08 12:10:43,SOLUSDT,bid,128,7878.0
2024-09-08 12:10:44,SOLUSDT,bid,128,7893.0
2024-09-08 12:10:47,SOLUSDT,bid,128,7878.0
2024-09-08 12:10:50,SOLUSDT,ask,131,10978.0
2024-09-08 12:10:50,SOLUSDT,bid,120,23654.0
2024-09-08 12:10:56,SOLUSDT,bid,128,7878.0
2024-09-08 12:11:09,SOLUSDT,bid,120,23652.0
2024-09-08 12:11:25,SOLUSDT,bid,128,8181.0
2024-09-08 12:11:28,SOLUSDT,ask,134,9413.0
2024-09-08 12:11:32,SOLUSDT,bid,128,7876.0
2024-09-08 12:11:33,SOLUSDT,bid,128,8180.0
2024-09-08 12:11:36,SOLUSDT,bid,128,7941.0
2024-09-08 12:11:41,SOLUSDT,bid,128,7877.0
2024-09-08 12:11:47,SOLUSDT,bid,120,23651.0
2024-09-08 12:11:53,SOLUSDT,bid,128,7869.0
2024-09-08 12:11:53,SOLUSDT,bid,128,7962.0
2024-09-08 12:11:53,SOLUSDT,bid,128,7869.0
2024-09-08 12:11:53,SOLUSDT,bid,128,7941.0
2024-09-08 12:11:53,SOLUSDT,bid,128,7868.0
2024-09-08 12:12:14,SOLUSDT,bid,128,7867.0
2024-09-08 12:12:20,SOLUSDT,bid,128,7868.0
2024-09-08 12:12:23,SOLUSDT,bid,110,120293.0
2024-09-08 12:12:30,SOLUSDT,bid,128,7867.0
2024-09-08 12:12:30,SOLUSDT,bid,128,7868.0
2024-09-08 12:12:31,SOLUSDT,bid,128,7867.0
2024-09-08 12:12:35,SOLUSDT,bid,128,7936.0
2024-09-08 12:12:54,SOLUSDT,bid,128,7935.0
2024-09-08 12:12:54,SOLUSDT,bid,128,7866.0
2024-09-08 12:13:02,SOLUSDT,bid,128,7936.0
2024-09-08 12:13:03,SOLUSDT,bid,128,7936.0
2024-09-08 12:13:03,SOLUSDT,bid,128,7949.0
2024-09-08 12:13:03,SOLUSDT,bid,128,7960.0
2024-09-08 12:13:08,SOLUSDT,bid,128,7967.0
2024-09-08 12:13:11,SOLUSDT,bid,128,7954.0
2024-09-08 12:13:11,SOLUSDT,bid,128,7866.0
2024-09-08 12:13:11,SOLUSDT,bid,128,8192.0
2024-09-08 12:13:12,SOLUSDT,bid,128,8185.0
2024-09-08 12:13:12,SOLUSDT,bid,128,7871.0
2024-09-08 12:13:12,SOLUSDT,bid,128,7873.0
2024-09-08 12:13:13,SOLUSDT,bid,128,7874.0
2024-09-08 12:13:13,SOLUSDT,bid,128,7877.0
2024-09-08 12:13:14,SOLUSDT,bid,128,7876.0
2024-09-08 12:13:15,SOLUSDT,bid,128,7877.0
2024-09-08 12:13:16,SOLUSDT,bid,128,7876.0
2024-09-08 12:13:18,SOLUSDT,bid,128,8174.0
2024-09-08 12:13:18,SOLUSDT,bid,128,7936.0
2024-09-08 12:13:18,SOLUSDT,bid,128,7821.0
2024-09-08 12:13:19,SOLUSDT,bid,128,7819.0
2024-09-08 12:13:24,SOLUSDT,bid,128,7819.0
2024-09-08 12:13:25,SOLUSDT,bid,128,7820.0
2024-09-08 12:13:25,SOLUSDT,bid,128,7821.0
2024-09-08 12:13:28,SOLUSDT,bid,128,7820.0
2024-09-08 12:13:28,SOLUSDT,bid,128,8187.0
2024-09-08 12:13:28,SOLUSDT,bid,128,7840.0
2024-09-08 12:13:30,SOLUSDT,bid,128,7841.0
2024-09-08 12:13:30,SOLUSDT,bid,128,7936.0
2024-09-08 12:13:31,SOLUSDT,bid,128,7840.0
2024-09-08 12:13:32,SOLUSDT,bid,128,7819.0
2024-09-08 12:13:44,SOLUSDT,bid,128,8015.0
2024-09-08 12:13:45,SOLUSDT,bid,128,8014.0
2024-09-08 12:13:45,SOLUSDT,bid,128,8025.0
2024-09-08 12:13:54,SOLUSDT,bid,121,17155.0
2024-09-08 12:13:57,SOLUSDT,bid,128,8026.0
2024-09-08 12:14:21,SOLUSDT,bid,128,8071.0
2024-09-08 12:14:31,SOLUSDT,bid,128,8070.0
2024-09-08 12:14:31,SOLUSDT,bid,128,8025.0
2024-09-08 12:14:32,SOLUSDT,bid,128,8027.0
2024-09-08 12:14:32,SOLUSDT,bid,128,7818.0
2024-09-08 12:14:36,SOLUSDT,bid,128,7949.0
2024-09-08 12:15:20,SOLUSDT,bid,120,23641.0
2024-09-08 12:15:21,SOLUSDT,bid,128,7819.0
2024-09-08 12:15:30,SOLUSDT,bid,128,7820.0
2024-09-08 12:15:30,SOLUSDT,bid,128,7950.0
2024-09-08 12:15:30,SOLUSDT,bid,128,7821.0
2024-09-08 12:15:35,SOLUSDT,bid,128,7951.0
2024-09-08 12:15:36,SOLUSDT,bid,128,7940.0
2024-09-08 12:15:36,SOLUSDT,bid,128,7938.0
2024-09-08 12:15:36,SOLUSDT,bid,128,7819.0
2024-09-08 12:15:37,SOLUSDT,ask,131,10977.0
2024-09-08 12:15:37,SOLUSDT,bid,128,7852.0
2024-09-08 12:15:38,SOLUSDT,bid,128,7867.0
2024-09-08 12:15:38,SOLUSDT,bid,128,7852.0
2024-09-08 12:16:11,SOLUSDT,bid,120,23637.0
2024-09-08 12:16:13,SOLUSDT,bid,128,7819.0
2024-09-08 12:16:13,SOLUSDT,bid,128,7951.0
2024-09-08 12:16:16,SOLUSDT,bid,128,8363.0
2024-09-08 12:16:17,SOLUSDT,bid,121,17153.0
2024-09-08 12:16:23,SOLUSDT,bid,110,120230.0
2024-09-08 12:16:25,SOLUSDT,bid,128,7951.0
2024-09-08 12:16:28,SOLUSDT,bid,128,7938.0
2024-09-08 12:16:28,SOLUSDT,bid,128,7832.0
2024-09-08 12:16:44,SOLUSDT,bid,128,7819.0
2024-09-08 12:16:44,SOLUSDT,bid,128,7937.0
2024-09-08 12:16:45,SOLUSDT,bid,128,7961.0
2024-09-08 12:16:45,SOLUSDT,bid,128,7819.0
2024-09-08 12:16:47,SOLUSDT,bid,128,7820.0
2024-09-08 12:16:48,SOLUSDT,bid,128,7819.0
2024-09-08 12:16:49,SOLUSDT,bid,120,23635.0
2024-09-08 12:16:49,SOLUSDT,bid,128,7820.0
2024-09-08 12:16:49,SOLUSDT,ask,150,16724.0
2024-09-08 12:16:53,SOLUSDT,bid,128,7819.0
2024-09-08 12:16:53,SOLUSDT,bid,128,7820.0
2024-09-08 12:17:07,SOLUSDT,bid,128,7819.0
2024-09-08 12:17:11,SOLUSDT,bid,128,7816.0
2024-09-08 12:17:11,SOLUSDT,bid,128,8209.0
2024-09-08 12:17:11,SOLUSDT,bid,128,7837.0
2024-09-08 12:17:12,SOLUSDT,bid,128,8210.0
2024-09-08 12:17:12,SOLUSDT,bid,128,8209.0
2024-09-08 12:17:14,SOLUSDT,bid,128,8546.0
2024-09-08 12:17:14,SOLUSDT,bid,128,8209.0
2024-09-08 12:17:16,SOLUSDT,bid,128,7838.0
2024-09-08 12:17:16,SOLUSDT,bid,128,7837.0
2024-09-08 12:17:18,SOLUSDT,bid,121,17152.0
2024-09-08 12:17:21,SOLUSDT,bid,128,8174.0
2024-09-08 12:17:22,SOLUSDT,bid,128,8225.0
2024-09-08 12:17:22,SOLUSDT,bid,128,7837.0
2024-09-08 12:17:22,SOLUSDT,bid,128,7852.0
2024-09-08 12:17:22,SOLUSDT,bid,128,7847.0
2024-09-08 12:17:23,SOLUSDT,bid,128,8225.0
2024-09-08 12:17:23,SOLUSDT,bid,128,7864.0
2024-09-08 12:17:23,SOLUSDT,bid,128,8209.0
2024-09-08 12:17:23,SOLUSDT,bid,120,23359.0
2024-09-08 12:17:26,SOLUSDT,bid,128,7860.0
2024-09-08 12:17:27,SOLUSDT,bid,128,7844.0
2024-09-08 12:17:30,SOLUSDT,bid,128,7839.0
2024-09-08 12:17:30,SOLUSDT,bid,128,7825.0
2024-09-08 12:17:30,SOLUSDT,bid,128,7823.0
2024-09-08 12:17:31,SOLUSDT,bid,128,7826.0
2024-09-08 12:17:33,SOLUSDT,bid,128,7823.0
2024-09-08 12:17:34,SOLUSDT,bid,128,7824.0
2024-09-08 12:17:45,SOLUSDT,bid,110,120193.0
2024-09-08 12:17:47,SOLUSDT,bid,120,23364.0
2024-09-08 12:17:56,SOLUSDT,bid,128,8204.0
2024-09-08 12:18:10,SOLUSDT,ask,134,9412.0
2024-09-08 12:18:11,SOLUSDT,ask,136,8175.0
2024-09-08 12:18:12,SOLUSDT,ask,139,37418.0
2024-09-08 12:18:13,SOLUSDT,ask,142,8407.0
2024-09-08 12:18:13,SOLUSDT,ask,144,49954.0
2024-09-08 12:18:13,SOLUSDT,ask,146,15946.0
2024-09-08 12:18:15,SOLUSDT,bid,120,23363.0
2024-09-08 12:18:15,SOLUSDT,bid,128,7824.0
2024-09-08 12:18:17,SOLUSDT,bid,116,10168.0
2024-09-08 12:18:17,SOLUSDT,bid,115,16021.0
2024-09-08 12:18:18,SOLUSDT,bid,113,25694.0
2024-09-08 12:18:19,SOLUSDT,bid,128,7847.0
2024-09-08 12:18:19,SOLUSDT,bid,111,37179.0
2024-09-08 12:18:19,SOLUSDT,bid,128,8206.0
2024-09-08 12:18:19,SOLUSDT,bid,128,8204.0
2024-09-08 12:18:19,SOLUSDT,bid,128,8204.0
2024-09-08 12:18:19,SOLUSDT,bid,128,7864.0
2024-09-08 12:18:19,SOLUSDT,bid,128,7840.0
2024-09-08 12:18:19,SOLUSDT,bid,128,8282.0
2024-09-08 12:18:19,SOLUSDT,bid,128,7852.0
2024-09-08 12:18:19,SOLUSDT,bid,128,8303.0
2024-09-08 12:18:19,SOLUSDT,bid,128,7863.0
2024-09-08 12:18:20,SOLUSDT,bid,128,7913.0
2024-09-08 12:18:20,SOLUSDT,bid,128,7901.0
2024-09-08 12:18:20,SOLUSDT,bid,107,48473.0
2024-09-08 12:18:20,SOLUSDT,bid,128,8287.0
2024-09-08 12:18:21,SOLUSDT,bid,128,7904.0
2024-09-08 12:18:22,SOLUSDT,bid,105,107769.0
2024-09-08 12:18:30,SOLUSDT,bid,128,7893.0
2024-09-08 12:18:30,SOLUSDT,bid,128,8209.0
2024-09-08 12:18:30,SOLUSDT,bid,128,7881.0
2024-09-08 12:18:30,SOLUSDT,bid,128,7880.0
2024-09-08 12:18:34,SOLUSDT,bid,128,7882.0
2024-09-08 12:18:35,SOLUSDT,bid,128,7880.0
2024-09-08 12:18:36,SOLUSDT,bid,128,7887.0
2024-09-08 12:18:37,SOLUSDT,bid,128,7880.0
2024-09-08 12:18:38,SOLUSDT,bid,128,7901.0
2024-09-08 12:18:38,SOLUSDT,bid,128,7905.0
2024-09-08 12:18:40,SOLUSDT,bid,128,7908.0
2024-09-08 12:18:40,SOLUSDT,bid,128,7904.0
2024-09-08 12:18:40,SOLUSDT,bid,128,7902.0
2024-09-08 12:18:41,SOLUSDT,bid,128,7904.0
2024-09-08 12:18:41,SOLUSDT,bid,128,7883.0
2024-09-08 12:18:44,SOLUSDT,bid,128,7881.0
2024-09-08 12:18:51,SOLUSDT,bid,128,7888.0
2024-09-08 12:18:51,SOLUSDT,bid,128,7881.0
2024-09-08 12:18:51,SOLUSDT,bid,128,7883.0
2024-09-08 12:19:03,SOLUSDT,bid,128,7946.0
2024-09-08 12:19:05,SOLUSDT,bid,128,7944.0
2024-09-08 12:19:09,SOLUSDT,bid,128,7945.0
2024-09-08 12:19:09,SOLUSDT,bid,110,120187.0
2024-09-08 12:19:11,SOLUSDT,bid,128,7944.0
2024-09-08 12:19:17,SOLUSDT,bid,120,23361.0
2024-09-08 12:19:17,SOLUSDT,bid,121,17153.0
2024-09-08 12:19:23,SOLUSDT,bid,121,17152.0
2024-09-08 12:19:30,SOLUSDT,bid,121,17154.0
2024-09-08 12:19:41,SOLUSDT,ask,131,10173.0
2024-09-08 12:19:46,SOLUSDT,ask,133,9416.0
2024-09-08 12:19:46,SOLUSDT,bid,128,8185.0
2024-09-08 12:20:01,SOLUSDT,bid,117,8759.0
2024-09-08 12:20:05,SOLUSDT,bid,90,59979.0
2024-09-08 12:20:06,SOLUSDT,bid,128,7908.0
2024-09-08 12:20:07,SOLUSDT,bid,128,7915.0
2024-09-08 12:20:07,SOLUSDT,bid,128,7915.0
2024-09-08 12:20:07,SOLUSDT,bid,128,7908.0
2024-09-08 12:20:10,SOLUSDT,bid,128,8186.0
2024-09-08 12:20:10,SOLUSDT,bid,128,8185.0
2024-09-08 12:20:16,SOLUSDT,bid,128,7910.0
2024-09-08 12:20:16,SOLUSDT,bid,128,8110.0
2024-09-08 12:20:21,SOLUSDT,bid,128,8108.0
2024-09-08 12:20:25,SOLUSDT,bid,128,7908.0
2024-09-08 12:20:29,SOLUSDT,ask,134,9411.0
2024-09-08 12:20:29,SOLUSDT,bid,128,7909.0
2024-09-08 12:20:31,SOLUSDT,bid,128,7908.0
2024-09-08 12:20:38,SOLUSDT,bid,128,7910.0
2024-09-08 12:20:43,SOLUSDT,bid,128,7908.0
2024-09-08 12:20:46,SOLUSDT,bid,110,120169.0
2024-09-08 12:21:00,SOLUSDT,bid,128,7915.0
2024-09-08 12:21:00,SOLUSDT,bid,128,7908.0
2024-09-08 12:21:02,SOLUSDT,bid,128,7907.0
2024-09-08 12:21:02,SOLUSDT,bid,128,8184.0
2024-09-08 12:21:02,SOLUSDT,bid,128,7906.0
2024-09-08 12:21:02,SOLUSDT,bid,128,8185.0
2024-09-08 12:21:02,SOLUSDT,bid,128,7907.0
2024-09-08 12:21:20,SOLUSDT,bid,128,8210.0
2024-09-08 12:21:20,SOLUSDT,bid,128,7907.0
2024-09-08 12:21:20,SOLUSDT,bid,128,8211.0
2024-09-08 12:21:23,SOLUSDT,bid,128,7914.0
2024-09-08 12:21:24,SOLUSDT,bid,128,7907.0
2024-09-08 12:21:25,SOLUSDT,bid,128,7914.0
2024-09-08 12:21:25,SOLUSDT,bid,128,7907.0
2024-09-08 12:21:25,SOLUSDT,ask,131,10977.0
2024-09-08 12:21:27,SOLUSDT,bid,128,8218.0
2024-09-08 12:21:29,SOLUSDT,bid,128,7908.0
2024-09-08 12:21:31,SOLUSDT,bid,128,7907.0
2024-09-08 12:21:33,SOLUSDT,bid,128,8234.0
2024-09-08 12:21:33,SOLUSDT,bid,128,7857.0
2024-09-08 12:21:34,SOLUSDT,bid,128,8255.0
2024-09-08 12:21:34,SOLUSDT,bid,128,7841.0
2024-09-08 12:21:34,SOLUSDT,bid,128,8256.0
2024-09-08 12:21:34,SOLUSDT,bid,128,8255.0
2024-09-08 12:21:35,SOLUSDT,bid,128,8264.0
2024-09-08 12:21:35,SOLUSDT,bid,128,7849.0
2024-09-08 12:21:35,SOLUSDT,bid,128,8280.0
2024-09-08 12:21:36,SOLUSDT,bid,113,25689.0
2024-09-08 12:21:36,SOLUSDT,bid,128,8271.0
2024-09-08 12:21:36,SOLUSDT,bid,128,7841.0
2024-09-08 12:21:36,SOLUSDT,bid,128,8248.0
2024-09-08 12:21:37,SOLUSDT,bid,128,7836.0
2024-09-08 12:21:40,SOLUSDT,bid,128,8232.0
2024-09-08 12:21:42,SOLUSDT,bid,128,8248.0
2024-09-08 12:21:42,SOLUSDT,bid,128,7836.0
2024-09-08 12:21:43,SOLUSDT,bid,128,7835.0
2024-09-08 12:21:43,SOLUSDT,bid,128,7842.0
2024-09-08 12:21:43,SOLUSDT,bid,128,8218.0
2024-09-08 12:21:43,SOLUSDT,bid,128,7839.0
2024-09-08 12:21:43,SOLUSDT,bid,128,8232.0
2024-09-08 12:21:44,SOLUSDT,bid,128,7839.0
2024-09-08 12:21:45,SOLUSDT,bid,128,7832.0
2024-09-08 12:21:46,SOLUSDT,ask,135,11021.0
2024-09-08 12:21:46,SOLUSDT,bid,120,23362.0
2024-09-08 12:21:46,SOLUSDT,bid,128,7868.0
2024-09-08 12:21:46,SOLUSDT,bid,128,7832.0
2024-09-08 12:21:47,SOLUSDT,bid,128,7832.0
2024-09-08 12:21:47,SOLUSDT,bid,128,7832.0
2024-09-08 12:21:48,SOLUSDT,bid,128,7839.0
2024-09-08 12:21:48,SOLUSDT,bid,128,7839.0
2024-09-08 12:21:50,SOLUSDT,bid,128,7839.0
2024-09-08 12:21:51,SOLUSDT,bid,121,17155.0
2024-09-08 12:21:51,SOLUSDT,bid,128,8233.0
2024-09-08 12:21:51,SOLUSDT,bid,128,7832.0
2024-09-08 12:21:51,SOLUSDT,bid,128,7835.0
2024-09-08 12:21:52,SOLUSDT,bid,128,7832.0
2024-09-08 12:21:56,SOLUSDT,bid,128,7839.0
2024-09-08 12:21:56,SOLUSDT,bid,128,7832.0
2024-09-08 12:21:58,SOLUSDT,bid,128,8234.0
2024-09-08 12:21:58,SOLUSDT,bid,128,8237.0
2024-09-08 12:22:00,SOLUSDT,bid,117,8741.0
2024-09-08 12:22:00,SOLUSDT,bid,128,8234.0
2024-09-08 12:22:01,SOLUSDT,bid,116,10193.0
2024-09-08 12:22:02,SOLUSDT,bid,128,8221.0
2024-09-08 12:22:02,SOLUSDT,bid,128,7832.0
2024-09-08 12:22:02,SOLUSDT,bid,128,8237.0
2024-09-08 12:22:02,SOLUSDT,bid,128,7816.0
2024-09-08 12:22:02,SOLUSDT,bid,128,8215.0
2024-09-08 12:22:02,SOLUSDT,bid,128,7816.0
2024-09-08 12:22:02,SOLUSDT,bid,120,23325.0
2024-09-08 12:22:02,SOLUSDT,bid,128,7832.0
2024-09-08 12:22:03,SOLUSDT,bid,128,7875.0
2024-09-08 12:22:03,SOLUSDT,bid,128,7839.0
2024-09-08 12:22:03,SOLUSDT,bid,128,7832.0
2024-09-08 12:22:04,SOLUSDT,bid,128,7832.0
2024-09-08 12:22:05,SOLUSDT,bid,128,7832.0
2024-09-08 12:22:06,SOLUSDT,bid,128,7839.0
2024-09-08 12:22:07,SOLUSDT,bid,128,7839.0
2024-09-08 12:22:07,SOLUSDT,bid,128,7832.0
2024-09-08 12:22:07,SOLUSDT,bid,128,7816.0
2024-09-08 12:22:08,SOLUSDT,bid,128,8196.0
2024-09-08 12:22:08,SOLUSDT,bid,128,7852.0
2024-09-08 12:22:10,SOLUSDT,bid,128,7816.0
2024-09-08 12:22:10,SOLUSDT,bid,128,7813.0
2024-09-08 12:22:10,SOLUSDT,bid,128,8203.0
2024-09-08 12:22:11,SOLUSDT,bid,128,7813.0
2024-09-08 12:22:11,SOLUSDT,bid,128,8196.0
2024-09-08 12:22:12,SOLUSDT,bid,128,7813.0
2024-09-08 12:22:13,SOLUSDT,bid,128,8203.0
2024-09-08 12:22:13,SOLUSDT,bid,128,8196.0
2024-09-08 12:22:13,SOLUSDT,bid,128,7813.0
2024-09-08 12:22:14,SOLUSDT,bid,128,8203.0
2024-09-08 12:22:14,SOLUSDT,bid,128,7855.0
2024-09-08 12:22:14,SOLUSDT,bid,128,7813.0
2024-09-08 12:22:15,SOLUSDT,bid,128,7855.0
2024-09-08 12:22:15,SOLUSDT,bid,128,7813.0
2024-09-08 12:22:15,SOLUSDT,bid,128,8187.0
2024-09-08 12:22:16,SOLUSDT,bid,128,7813.0
2024-09-08 12:22:18,SOLUSDT,bid,128,7813.0
2024-09-08 12:22:18,SOLUSDT,bid,128,8203.0
2024-09-08 12:22:19,SOLUSDT,bid,128,8187.0
2024-09-08 12:22:20,SOLUSDT,bid,128,7855.0
2024-09-08 12:22:20,SOLUSDT,bid,128,8203.0
2024-09-08 12:22:20,SOLUSDT,bid,128,7908.0
2024-09-08 12:22:21,SOLUSDT,bid,128,7908.0
2024-09-08 12:22:21,SOLUSDT,bid,128,7986.0
2024-09-08 12:22:21,SOLUSDT,bid,128,8196.0
2024-09-08 12:22:22,SOLUSDT,bid,128,8187.0
2024-09-08 12:22:22,SOLUSDT,bid,128,7986.0
2024-09-08 12:22:23,SOLUSDT,bid,128,7891.0
2024-09-08 12:22:23,SOLUSDT,bid,128,8202.0
2024-09-08 12:22:23,SOLUSDT,bid,128,7812.0
2024-09-08 12:22:23,SOLUSDT,bid,128,8210.0
2024-09-08 12:22:23,SOLUSDT,bid,128,7907.0
2024-09-08 12:22:24,SOLUSDT,bid,121,17152.0
2024-09-08 12:22:24,SOLUSDT,bid,128,7911.0
2024-09-08 12:22:24,SOLUSDT,bid,128,7875.0
2024-09-08 12:22:24,SOLUSDT,bid,128,8310.0
2024-09-08 12:22:25,SOLUSDT,bid,128,7911.0
2024-09-08 12:22:25,SOLUSDT,bid,128,7875.0
2024-09-08 12:22:25,SOLUSDT,bid,128,8228.0
2024-09-08 12:22:26,SOLUSDT,bid,128,7875.0
2024-09-08 12:22:27,SOLUSDT,bid,128,8199.0
2024-09-08 12:22:27,SOLUSDT,bid,128,7875.0
2024-09-08 12:22:28,SOLUSDT,bid,128,7923.0
2024-09-08 12:22:28,SOLUSDT,bid,128,8299.0
2024-09-08 12:22:28,SOLUSDT,bid,128,7875.0
2024-09-08 12:22:29,SOLUSDT,bid,128,8199.0
2024-09-08 12:22:29,SOLUSDT,bid,128,7875.0
2024-09-08 12:22:29,SOLUSDT,bid,128,8299.0
2024-09-08 12:22:29,SOLUSDT,bid,128,8199.0
2024-09-08 12:22:30,SOLUSDT,bid,128,8031.0
2024-09-08 12:22:30,SOLUSDT,bid,128,7907.0
2024-09-08 12:22:30,SOLUSDT,bid,113,25691.0
2024-09-08 12:22:30,SOLUSDT,bid,128,7910.0
2024-09-08 12:22:31,SOLUSDT,bid,128,8108.0
2024-09-08 12:22:31,SOLUSDT,bid,128,7910.0
2024-09-08 12:22:32,SOLUSDT,bid,128,7910.0
2024-09-08 12:22:32,SOLUSDT,bid,128,8299.0
2024-09-08 12:22:32,SOLUSDT,bid,128,8204.0
2024-09-08 12:22:33,SOLUSDT,bid,128,7812.0
2024-09-08 12:22:33,SOLUSDT,bid,128,7912.0
2024-09-08 12:22:34,SOLUSDT,bid,128,7912.0
2024-09-08 12:22:34,SOLUSDT,bid,128,7812.0
2024-09-08 12:22:35,SOLUSDT,bid,128,7854.0
2024-09-08 12:22:35,SOLUSDT,bid,128,7812.0
2024-09-08 12:22:35,SOLUSDT,bid,128,8321.0
2024-09-08 12:22:36,SOLUSDT,bid,128,8204.0
2024-09-08 12:22:36,SOLUSDT,bid,128,7848.0
2024-09-08 12:22:36,SOLUSDT,bid,128,7812.0
2024-09-08 12:22:36,SOLUSDT,bid,128,8321.0
2024-09-08 12:22:37,SOLUSDT,bid,128,7812.0
2024-09-08 12:22:37,SOLUSDT,bid,128,7912.0
2024-09-08 12:22:37,SOLUSDT,bid,128,7872.0
2024-09-08 12:22:37,SOLUSDT,bid,128,7865.0
2024-09-08 12:22:38,SOLUSDT,bid,128,7817.0
2024-09-08 12:22:38,SOLUSDT,bid,128,7872.0
2024-09-08 12:22:38,SOLUSDT,bid,128,7874.0
2024-09-08 12:22:38,SOLUSDT,bid,128,8195.0
2024-09-08 12:22:38,SOLUSDT,bid,128,7826.0
2024-09-08 12:22:38,SOLUSDT,bid,128,7825.0
2024-09-08 12:22:38,SOLUSDT,bid,128,7818.0
2024-09-08 12:22:39,SOLUSDT,bid,128,7861.0
2024-09-08 12:22:39,SOLUSDT,bid,128,7825.0
2024-09-08 12:22:40,SOLUSDT,bid,128,7861.0
2024-09-08 12:22:40,SOLUSDT,bid,128,7825.0
2024-09-08 12:22:40,SOLUSDT,bid,128,8180.0
2024-09-08 12:22:40,SOLUSDT,bid,128,7808.0
2024-09-08 12:22:41,SOLUSDT,bid,128,7825.0
2024-09-08 12:22:42,SOLUSDT,bid,128,7863.0
2024-09-08 12:22:42,SOLUSDT,bid,128,8187.0
2024-09-08 12:22:42,SOLUSDT,bid,128,7827.0
2024-09-08 12:22:42,SOLUSDT,bid,128,7808.0
2024-09-08 12:22:42,SOLUSDT,bid,128,7944.0
2024-09-08 12:22:42,SOLUSDT,bid,128,7824.0
2024-09-08 12:22:42,SOLUSDT,bid,128,8180.0
2024-09-08 12:22:42,SOLUSDT,bid,128,7858.0
2024-09-08 12:22:42,SOLUSDT,bid,128,7824.0
2024-09-08 12:22:42,SOLUSDT,bid,128,7827.0
2024-09-08 12:22:43,SOLUSDT,bid,128,7863.0
2024-09-08 12:22:43,SOLUSDT,bid,128,7827.0
2024-09-08 12:22:43,SOLUSDT,bid,128,8187.0
2024-09-08 12:22:43,SOLUSDT,bid,128,7924.0
2024-09-08 12:22:44,SOLUSDT,bid,128,7863.0
2024-09-08 12:22:44,SOLUSDT,bid,128,7827.0
2024-09-08 12:22:44,SOLUSDT,bid,128,7924.0
2024-09-08 12:22:44,SOLUSDT,bid,128,7943.0
2024-09-08 12:22:44,SOLUSDT,bid,128,7843.0
2024-09-08 12:22:45,SOLUSDT,bid,128,8180.0
2024-09-08 12:22:45,SOLUSDT,bid,128,7927.0
2024-09-08 12:22:45,SOLUSDT,bid,128,8196.0
2024-09-08 12:22:45,SOLUSDT,bid,128,7827.0
2024-09-08 12:22:45,SOLUSDT,bid,128,7926.0
2024-09-08 12:22:45,SOLUSDT,bid,128,7927.0
2024-09-08 12:22:45,SOLUSDT,bid,128,7936.0
2024-09-08 12:22:46,SOLUSDT,bid,128,7826.0
2024-09-08 12:22:46,SOLUSDT,bid,128,7936.0
2024-09-08 12:22:46,SOLUSDT,bid,128,8180.0
2024-09-08 12:22:46,SOLUSDT,bid,128,7836.0
2024-09-08 12:22:46,SOLUSDT,bid,128,7943.0
2024-09-08 12:22:46,SOLUSDT,bid,128,8203.0
2024-09-08 12:22:47,SOLUSDT,bid,128,7872.0
2024-09-08 12:22:47,SOLUSDT,bid,128,7943.0
2024-09-08 12:22:47,SOLUSDT,bid,128,7836.0
2024-09-08 12:22:48,SOLUSDT,bid,128,7979.0
2024-09-08 12:22:48,SOLUSDT,bid,128,7872.0
2024-09-08 12:22:48,SOLUSDT,bid,128,7943.0
2024-09-08 12:22:48,SOLUSDT,bid,128,7936.0
2024-09-08 12:22:48,SOLUSDT,bid,128,8187.0
2024-09-08 12:22:48,SOLUSDT,bid,128,7826.0
2024-09-08 12:22:48,SOLUSDT,bid,128,7836.0
2024-09-08 12:22:48,SOLUSDT,bid,128,8180.0
2024-09-08 12:22:48,SOLUSDT,bid,128,7904.0
2024-09-08 12:22:48,SOLUSDT,bid,128,8187.0
2024-09-08 12:22:49,SOLUSDT,bid,128,7904.0
2024-09-08 12:22:49,SOLUSDT,bid,128,7836.0
2024-09-08 12:22:49,SOLUSDT,bid,128,7943.0
2024-09-08 12:22:49,SOLUSDT,bid,128,8196.0
2024-09-08 12:22:49,SOLUSDT,bid,128,7824.0
2024-09-08 12:22:49,SOLUSDT,bid,128,7936.0
2024-09-08 12:22:49,SOLUSDT,bid,128,7939.0
2024-09-08 12:22:49,SOLUSDT,bid,128,7927.0
2024-09-08 12:22:49,SOLUSDT,bid,128,7848.0
2024-09-08 12:22:49,SOLUSDT,bid,128,7827.0
2024-09-08 12:22:50,SOLUSDT,bid,128,7828.0
2024-09-08 12:22:50,SOLUSDT,bid,128,7828.0
2024-09-08 12:22:50,SOLUSDT,bid,128,7828.0
2024-09-08 12:22:51,SOLUSDT,bid,128,7828.0
2024-09-08 12:22:53,SOLUSDT,bid,128,7864.0
2024-09-08 12:22:53,SOLUSDT,bid,128,7828.0
2024-09-08 12:22:53,SOLUSDT,bid,128,8199.0
2024-09-08 12:22:53,SOLUSDT,bid,128,8183.0
2024-09-08 12:22:53,SOLUSDT,bid,128,7832.0
2024-09-08 12:22:53,SOLUSDT,bid,128,7844.0
2024-09-08 12:22:53,SOLUSDT,bid,128,8183.0
2024-09-08 12:22:53,SOLUSDT,bid,128,7832.0
2024-09-08 12:22:53,SOLUSDT,bid,128,7860.0
2024-09-08 12:22:53,SOLUSDT,bid,128,8199.0
2024-09-08 12:22:54,SOLUSDT,bid,128,7848.0
2024-09-08 12:22:54,SOLUSDT,bid,128,7884.0
2024-09-08 12:22:54,SOLUSDT,bid,128,7896.0
2024-09-08 12:22:54,SOLUSDT,bid,128,8180.0
2024-09-08 12:22:54,SOLUSDT,bid,128,7868.0
2024-09-08 12:22:54,SOLUSDT,bid,128,8180.0
2024-09-08 12:22:54,SOLUSDT,bid,128,7948.0
2024-09-08 12:22:54,SOLUSDT,bid,128,8027.0
2024-09-08 12:22:54,SOLUSDT,bid,128,8196.0
2024-09-08 12:22:54,SOLUSDT,bid,128,8123.0
2024-09-08 12:22:54,SOLUSDT,bid,128,7854.0
2024-09-08 12:22:54,SOLUSDT,bid,128,8137.0
2024-09-08 12:22:55,SOLUSDT,bid,128,7854.0
2024-09-08 12:22:55,SOLUSDT,bid,128,8137.0
2024-09-08 12:22:55,SOLUSDT,bid,128,7855.0
2024-09-08 12:22:56,SOLUSDT,bid,128,8173.0
2024-09-08 12:22:56,SOLUSDT,bid,128,7855.0
2024-09-08 12:22:56,SOLUSDT,bid,128,8137.0
2024-09-08 12:22:56,SOLUSDT,bid,128,8199.0
2024-09-08 12:22:57,SOLUSDT,bid,128,7891.0
2024-09-08 12:22:57,SOLUSDT,bid,128,8173.0
2024-09-08 12:22:57,SOLUSDT,bid,128,7855.0
2024-09-08 12:22:57,SOLUSDT,bid,128,8137.0
2024-09-08 12:22:57,SOLUSDT,bid,128,8037.0
2024-09-08 12:22:58,SOLUSDT,bid,128,8206.0
2024-09-08 12:22:58,SOLUSDT,bid,128,7855.0
2024-09-08 12:22:58,SOLUSDT,bid,128,8037.0
2024-09-08 12:22:58,SOLUSDT,bid,128,8203.0
2024-09-08 12:22:58,SOLUSDT,bid,128,7854.0
2024-09-08 12:22:59,SOLUSDT,bid,128,8206.0
2024-09-08 12:22:59,SOLUSDT,bid,128,8073.0
2024-09-08 12:22:59,SOLUSDT,bid,128,7854.0
2024-09-08 12:22:59,SOLUSDT,bid,128,8037.0
2024-09-08 12:22:59,SOLUSDT,bid,128,8203.0
2024-09-08 12:23:00,SOLUSDT,bid,128,8037.0
2024-09-08 12:23:00,SOLUSDT,bid,128,8196.0
2024-09-08 12:23:01,SOLUSDT,bid,128,7854.0
2024-09-08 12:23:01,SOLUSDT,bid,128,7854.0
2024-09-08 12:23:01,SOLUSDT,bid,128,8037.0
2024-09-08 12:23:01,SOLUSDT,bid,128,7954.0
2024-09-08 12:23:01,SOLUSDT,bid,128,7954.0
2024-09-08 12:23:02,SOLUSDT,bid,128,7954.0
2024-09-08 12:23:02,SOLUSDT,bid,128,8037.0
2024-09-08 12:23:02,SOLUSDT,bid,128,7854.0
2024-09-08 12:23:02,SOLUSDT,bid,128,7815.0
2024-09-08 12:23:02,SOLUSDT,bid,128,8036.0
2024-09-08 12:23:02,SOLUSDT,bid,128,8217.0
2024-09-08 12:23:02,SOLUSDT,bid,128,7893.0
2024-09-08 12:23:03,SOLUSDT,bid,128,8217.0
2024-09-08 12:23:03,SOLUSDT,bid,128,7935.0
2024-09-08 12:23:03,SOLUSDT,bid,128,8078.0
2024-09-08 12:23:03,SOLUSDT,bid,128,7893.0
2024-09-08 12:23:03,SOLUSDT,bid,128,8036.0
2024-09-08 12:23:03,SOLUSDT,bid,128,7954.0
2024-09-08 12:23:03,SOLUSDT,bid,128,7854.0
2024-09-08 12:23:03,SOLUSDT,bid,128,7855.0
2024-09-08 12:23:04,SOLUSDT,bid,128,7855.0
2024-09-08 12:23:04,SOLUSDT,bid,128,8036.0
2024-09-08 12:23:04,SOLUSDT,bid,128,7955.0
2024-09-08 12:23:04,SOLUSDT,bid,128,7855.0
2024-09-08 12:23:05,SOLUSDT,bid,128,7855.0
2024-09-08 12:23:05,SOLUSDT,bid,128,8036.0
2024-09-08 12:23:06,SOLUSDT,bid,128,7855.0
2024-09-08 12:23:06,SOLUSDT,bid,128,8036.0
2024-09-08 12:23:07,SOLUSDT,bid,128,8224.0
2024-09-08 12:23:07,SOLUSDT,bid,128,8078.0
2024-09-08 12:23:07,SOLUSDT,bid,128,7855.0
2024-09-08 12:23:07,SOLUSDT,bid,128,8036.0
2024-09-08 12:23:07,SOLUSDT,bid,128,8217.0
2024-09-08 12:23:08,SOLUSDT,bid,128,7896.0
2024-09-08 12:23:08,SOLUSDT,bid,128,8078.0
2024-09-08 12:23:08,SOLUSDT,bid,128,7854.0
2024-09-08 12:23:08,SOLUSDT,bid,128,8036.0
2024-09-08 12:23:09,SOLUSDT,bid,128,7854.0
2024-09-08 12:23:09,SOLUSDT,bid,128,8036.0
2024-09-08 12:23:10,SOLUSDT,bid,128,7854.0
2024-09-08 12:23:10,SOLUSDT,bid,128,8036.0
2024-09-08 12:23:11,SOLUSDT,bid,128,8224.0
2024-09-08 12:23:11,SOLUSDT,bid,128,8217.0
2024-09-08 12:23:12,SOLUSDT,bid,128,7915.0
2024-09-08 12:23:12,SOLUSDT,bid,128,7957.0
2024-09-08 12:23:12,SOLUSDT,bid,128,8078.0
2024-09-08 12:23:12,SOLUSDT,bid,128,7915.0
2024-09-08 12:23:12,SOLUSDT,bid,128,8036.0
2024-09-08 12:23:13,SOLUSDT,bid,128,7915.0
2024-09-08 12:23:13,SOLUSDT,bid,128,8036.0
2024-09-08 12:23:14,SOLUSDT,bid,128,7915.0
2024-09-08 12:23:14,SOLUSDT,bid,128,8036.0
2024-09-08 12:23:14,SOLUSDT,bid,128,7815.0
2024-09-08 12:23:14,SOLUSDT,bid,128,7816.0
2024-09-08 12:23:15,SOLUSDT,bid,128,7916.0
2024-09-08 12:23:16,SOLUSDT,bid,128,7852.0
2024-09-08 12:23:16,SOLUSDT,bid,128,8072.0
2024-09-08 12:23:16,SOLUSDT,bid,128,7816.0
2024-09-08 12:23:16,SOLUSDT,bid,128,8036.0
2024-09-08 12:23:17,SOLUSDT,bid,128,7816.0
2024-09-08 12:23:17,SOLUSDT,bid,128,8036.0
2024-09-08 12:23:18,SOLUSDT,bid,128,7816.0
2024-09-08 12:23:18,SOLUSDT,bid,128,8036.0
2024-09-08 12:23:18,SOLUSDT,bid,128,8224.0
2024-09-08 12:23:18,SOLUSDT,bid,128,8217.0
2024-09-08 12:23:19,SOLUSDT,bid,128,7852.0
2024-09-08 12:23:19,SOLUSDT,bid,128,8078.0
2024-09-08 12:23:19,SOLUSDT,bid,128,7816.0
2024-09-08 12:23:19,SOLUSDT,bid,128,8036.0
2024-09-08 12:23:19,SOLUSDT,bid,128,8224.0
2024-09-08 12:23:19,SOLUSDT,bid,128,8217.0
2024-09-08 12:23:20,SOLUSDT,bid,128,7816.0
2024-09-08 12:23:20,SOLUSDT,bid,128,8036.0
2024-09-08 12:23:20,SOLUSDT,bid,128,7916.0
2024-09-08 12:23:20,SOLUSDT,bid,128,7816.0
2024-09-08 12:23:21,SOLUSDT,bid,128,7816.0
2024-09-08 12:23:21,SOLUSDT,bid,128,8036.0
2024-09-08 12:23:23,SOLUSDT,bid,128,8187.0
2024-09-08 12:23:23,SOLUSDT,bid,128,8160.0
2024-09-08 12:23:23,SOLUSDT,bid,128,8196.0
2024-09-08 12:23:23,SOLUSDT,bid,128,7899.0
2024-09-08 12:23:23,SOLUSDT,bid,128,7829.0
2024-09-08 12:23:23,SOLUSDT,bid,128,7857.0
2024-09-08 12:23:23,SOLUSDT,bid,128,7896.0
2024-09-08 12:23:24,SOLUSDT,bid,128,8203.0
2024-09-08 12:23:24,SOLUSDT,bid,128,7896.0
2024-09-08 12:23:24,SOLUSDT,bid,128,7895.0
2024-09-08 12:23:25,SOLUSDT,bid,128,7931.0
2024-09-08 12:23:25,SOLUSDT,bid,128,7895.0
2024-09-08 12:23:25,SOLUSDT,bid,128,8187.0
2024-09-08 12:23:25,SOLUSDT,bid,128,7859.0
2024-09-08 12:23:26,SOLUSDT,bid,128,8189.0
2024-09-08 12:23:26,SOLUSDT,bid,128,7901.0
2024-09-08 12:23:26,SOLUSDT,bid,128,7828.0
2024-09-08 12:23:26,SOLUSDT,bid,128,7943.0
2024-09-08 12:23:26,SOLUSDT,bid,128,8205.0
2024-09-08 12:23:26,SOLUSDT,bid,128,7901.0
2024-09-08 12:23:26,SOLUSDT,bid,128,8212.0
2024-09-08 12:23:26,SOLUSDT,bid,128,7940.0
2024-09-08 12:23:27,SOLUSDT,bid,128,8203.0
2024-09-08 12:23:27,SOLUSDT,bid,128,7941.0
2024-09-08 12:23:27,SOLUSDT,bid,128,7829.0
2024-09-08 12:23:28,SOLUSDT,bid,128,7941.0
2024-09-08 12:23:29,SOLUSDT,bid,128,7941.0
2024-09-08 12:23:29,SOLUSDT,bid,128,7929.0
2024-09-08 12:23:30,SOLUSDT,bid,128,7983.0
2024-09-08 12:23:30,SOLUSDT,bid,128,7941.0
2024-09-08 12:23:30,SOLUSDT,bid,128,8187.0
2024-09-08 12:23:30,SOLUSDT,bid,128,7906.0
2024-09-08 12:23:30,SOLUSDT,bid,128,7829.0
2024-09-08 12:23:30,SOLUSDT,bid,128,7867.0
2024-09-08 12:23:30,SOLUSDT,bid,128,8195.0
2024-09-08 12:23:30,SOLUSDT,bid,128,8211.0
2024-09-08 12:23:30,SOLUSDT,bid,128,8085.0
2024-09-08 12:23:30,SOLUSDT,bid,128,7833.0
2024-09-08 12:23:31,SOLUSDT,bid,128,8085.0
2024-09-08 12:23:31,SOLUSDT,bid,128,7933.0
2024-09-08 12:23:31,SOLUSDT,bid,128,8216.0
2024-09-08 12:23:31,SOLUSDT,bid,128,8046.0
2024-09-08 12:23:31,SOLUSDT,bid,128,7968.0
2024-09-08 12:23:31,SOLUSDT,bid,128,8209.0
2024-09-08 12:23:31,SOLUSDT,bid,128,8046.0
2024-09-08 12:23:31,SOLUSDT,bid,128,7860.0
2024-09-08 12:23:31,SOLUSDT,bid,128,7844.0
2024-09-08 12:23:31,SOLUSDT,bid,128,7821.0
2024-09-08 12:23:31,SOLUSDT,bid,128,7828.0
2024-09-08 12:23:31,SOLUSDT,bid,128,7828.0
2024-09-08 12:23:32,SOLUSDT,bid,128,7828.0
2024-09-08 12:23:32,SOLUSDT,bid,128,7828.0
2024-09-08 12:23:32,SOLUSDT,bid,128,7844.0
2024-09-08 12:23:32,SOLUSDT,bid,128,7837.0
2024-09-08 12:23:33,SOLUSDT,bid,128,7828.0
2024-09-08 12:23:34,SOLUSDT,bid,128,7871.0
2024-09-08 12:23:34,SOLUSDT,bid,128,7874.0
2024-09-08 12:23:34,SOLUSDT,bid,128,7819.0
2024-09-08 12:23:34,SOLUSDT,bid,128,7832.0
2024-09-08 12:23:34,SOLUSDT,bid,128,8057.0
2024-09-08 12:23:34,SOLUSDT,bid,128,7826.0
2024-09-08 12:23:35,SOLUSDT,bid,128,7878.0
2024-09-08 12:23:35,SOLUSDT,bid,128,8093.0
2024-09-08 12:23:35,SOLUSDT,bid,128,7842.0
2024-09-08 12:23:35,SOLUSDT,bid,128,8057.0
2024-09-08 12:23:35,SOLUSDT,bid,128,8251.0
2024-09-08 12:23:35,SOLUSDT,bid,128,8026.0
2024-09-08 12:23:35,SOLUSDT,bid,128,7832.0
2024-09-08 12:23:36,SOLUSDT,bid,128,7878.0
2024-09-08 12:23:36,SOLUSDT,bid,128,7868.0
2024-09-08 12:23:36,SOLUSDT,bid,128,7842.0
2024-09-08 12:23:36,SOLUSDT,bid,128,7832.0
2024-09-08 12:23:37,SOLUSDT,bid,128,7835.0
2024-09-08 12:23:37,SOLUSDT,bid,128,7858.0
2024-09-08 12:23:38,SOLUSDT,bid,128,7859.0
2024-09-08 12:23:38,SOLUSDT,bid,120,23324.0
2024-09-08 12:23:38,SOLUSDT,bid,128,7858.0
2024-09-08 12:23:38,SOLUSDT,bid,128,7859.0
2024-09-08 12:23:38,SOLUSDT,bid,128,7866.0
2024-09-08 12:23:38,SOLUSDT,bid,128,7858.0
2024-09-08 12:23:39,SOLUSDT,bid,128,7844.0
2024-09-08 12:23:39,SOLUSDT,bid,128,8010.0
2024-09-08 12:23:39,SOLUSDT,bid,128,7935.0
2024-09-08 12:23:39,SOLUSDT,bid,128,7884.0
2024-09-08 12:23:39,SOLUSDT,bid,128,7892.0
2024-09-08 12:23:40,SOLUSDT,bid,128,8216.0
2024-09-08 12:23:40,SOLUSDT,bid,128,7971.0
2024-09-08 12:23:40,SOLUSDT,bid,128,7928.0
2024-09-08 12:23:40,SOLUSDT,bid,128,7935.0
2024-09-08 12:23:40,SOLUSDT,bid,128,7892.0
2024-09-08 12:23:41,SOLUSDT,bid,128,7935.0
2024-09-08 12:23:41,SOLUSDT,bid,128,7892.0
2024-09-08 12:23:41,SOLUSDT,bid,128,8209.0
2024-09-08 12:23:41,SOLUSDT,bid,128,7897.0
2024-09-08 12:23:41,SOLUSDT,bid,128,7888.0
2024-09-08 12:23:41,SOLUSDT,bid,128,8193.0
2024-09-08 12:23:41,SOLUSDT,bid,128,7936.0
2024-09-08 12:23:41,SOLUSDT,bid,128,8349.0
2024-09-08 12:23:41,SOLUSDT,bid,128,7865.0
2024-09-08 12:23:42,SOLUSDT,bid,128,7965.0
2024-09-08 12:23:42,SOLUSDT,bid,128,8232.0
2024-09-08 12:23:42,SOLUSDT,bid,128,7957.0
2024-09-08 12:23:42,SOLUSDT,bid,128,8239.0
2024-09-08 12:23:43,SOLUSDT,bid,128,8227.0
2024-09-08 12:23:43,SOLUSDT,bid,128,7857.0
2024-09-08 12:23:43,SOLUSDT,bid,128,8012.0
2024-09-08 12:23:43,SOLUSDT,bid,128,7844.0
2024-09-08 12:23:43,SOLUSDT,bid,128,7818.0
2024-09-08 12:23:43,SOLUSDT,bid,128,8232.0
2024-09-08 12:23:43,SOLUSDT,bid,128,8219.0
2024-09-08 12:23:43,SOLUSDT,bid,128,7834.0
2024-09-08 12:23:43,SOLUSDT,bid,128,7847.0
2024-09-08 12:23:44,SOLUSDT,bid,128,7846.0
2024-09-08 12:23:44,SOLUSDT,bid,128,8219.0
2024-09-08 12:23:44,SOLUSDT,bid,128,7845.0
2024-09-08 12:23:44,SOLUSDT,bid,128,7846.0
2024-09-08 12:23:44,SOLUSDT,bid,128,7828.0
2024-09-08 12:23:45,SOLUSDT,bid,128,7827.0
2024-09-08 12:23:45,SOLUSDT,bid,128,7870.0
2024-09-08 12:23:45,SOLUSDT,bid,128,7834.0
2024-09-08 12:23:45,SOLUSDT,bid,128,7873.0
2024-09-08 12:23:45,SOLUSDT,bid,128,7873.0
2024-09-08 12:23:46,SOLUSDT,bid,128,7873.0
2024-09-08 12:23:47,SOLUSDT,bid,128,8065.0
2024-09-08 12:23:47,SOLUSDT,bid,128,7873.0
2024-09-08 12:23:47,SOLUSDT,bid,128,7871.0
2024-09-08 12:23:47,SOLUSDT,bid,128,7828.0
2024-09-08 12:23:48,SOLUSDT,bid,128,7907.0
2024-09-08 12:23:48,SOLUSDT,bid,128,7871.0
2024-09-08 12:23:48,SOLUSDT,bid,128,7829.0
2024-09-08 12:23:49,SOLUSDT,bid,128,7871.0
2024-09-08 12:23:49,SOLUSDT,bid,128,7832.0
2024-09-08 12:23:49,SOLUSDT,bid,128,7828.0
2024-09-08 12:23:50,SOLUSDT,bid,128,7868.0
2024-09-08 12:23:50,SOLUSDT,bid,128,7832.0
2024-09-08 12:23:51,SOLUSDT,bid,128,7868.0
2024-09-08 12:23:51,SOLUSDT,bid,128,7832.0
2024-09-08 12:23:52,SOLUSDT,bid,128,7832.0
2024-09-08 12:23:53,SOLUSDT,bid,128,7832.0
2024-09-08 12:23:53,SOLUSDT,bid,128,7852.0
2024-09-08 12:23:54,SOLUSDT,bid,128,7888.0
2024-09-08 12:23:54,SOLUSDT,bid,128,8180.0
2024-09-08 12:23:54,SOLUSDT,bid,128,7829.0
2024-09-08 12:23:54,SOLUSDT,bid,128,7830.0
2024-09-08 12:23:54,SOLUSDT,bid,128,7830.0
2024-09-08 12:23:54,SOLUSDT,bid,128,7815.0
2024-09-08 12:23:54,SOLUSDT,bid,128,7816.0
2024-09-08 12:23:55,SOLUSDT,bid,128,7817.0
2024-09-08 12:23:56,SOLUSDT,bid,128,7807.0
2024-09-08 12:23:56,SOLUSDT,bid,128,7826.0
2024-09-08 12:23:56,SOLUSDT,bid,128,7817.0
2024-09-08 12:23:56,SOLUSDT,bid,128,8179.0
2024-09-08 12:23:56,SOLUSDT,bid,128,7812.0
2024-09-08 12:23:58,SOLUSDT,bid,128,8193.0
2024-09-08 12:23:58,SOLUSDT,bid,128,7811.0
2024-09-08 12:23:58,SOLUSDT,bid,128,7847.0
2024-09-08 12:24:00,SOLUSDT,bid,116,10168.0
2024-09-08 12:24:00,SOLUSDT,bid,128,7865.0
2024-09-08 12:24:00,SOLUSDT,bid,128,7847.0
2024-09-08 12:24:01,SOLUSDT,bid,128,7853.0
2024-09-08 12:24:01,SOLUSDT,bid,128,7847.0
2024-09-08 12:24:02,SOLUSDT,bid,128,7853.0
2024-09-08 12:24:02,SOLUSDT,bid,128,7847.0
2024-09-08 12:24:02,SOLUSDT,bid,128,7847.0
2024-09-08 12:24:03,SOLUSDT,bid,128,7847.0
2024-09-08 12:24:03,SOLUSDT,bid,128,8207.0
2024-09-08 12:24:03,SOLUSDT,bid,128,7827.0
2024-09-08 12:24:03,SOLUSDT,bid,128,7811.0
2024-09-08 12:24:03,SOLUSDT,bid,128,8401.0
2024-09-08 12:24:07,SOLUSDT,bid,128,7814.0
2024-09-08 12:24:11,SOLUSDT,bid,128,7811.0
2024-09-08 12:24:12,SOLUSDT,bid,128,8207.0
2024-09-08 12:24:12,SOLUSDT,bid,128,8197.0
2024-09-08 12:24:12,SOLUSDT,bid,128,7812.0
2024-09-08 12:24:13,SOLUSDT,bid,128,7818.0
2024-09-08 12:24:13,SOLUSDT,bid,128,7848.0
2024-09-08 12:24:14,SOLUSDT,bid,128,7817.0
2024-09-08 12:24:14,SOLUSDT,bid,128,7812.0
2024-09-08 12:24:14,SOLUSDT,bid,128,8183.0
2024-09-08 12:24:15,SOLUSDT,bid,128,7812.0
2024-09-08 12:24:16,SOLUSDT,bid,128,7812.0
2024-09-08 12:24:17,SOLUSDT,bid,128,7818.0
2024-09-08 12:24:17,SOLUSDT,bid,128,7812.0
2024-09-08 12:24:18,SOLUSDT,bid,128,7812.0
2024-09-08 12:24:18,SOLUSDT,bid,128,7812.0
2024-09-08 12:24:19,SOLUSDT,bid,128,8189.0
2024-09-08 12:24:19,SOLUSDT,bid,128,7811.0
2024-09-08 12:24:21,SOLUSDT,bid,128,8183.0
2024-09-08 12:24:21,SOLUSDT,bid,121,17150.0
2024-09-08 12:24:22,SOLUSDT,bid,128,7827.0
2024-09-08 12:24:23,SOLUSDT,bid,128,8189.0
2024-09-08 12:24:24,SOLUSDT,bid,128,7833.0
2024-09-08 12:24:24,SOLUSDT,bid,128,8185.0
2024-09-08 12:24:24,SOLUSDT,bid,128,7827.0
2024-09-08 12:24:28,SOLUSDT,bid,128,8201.0
2024-09-08 12:24:28,SOLUSDT,bid,128,8185.0
2024-09-08 12:24:28,SOLUSDT,bid,128,8185.0
2024-09-08 12:24:30,SOLUSDT,bid,128,7811.0
2024-09-08 12:24:30,SOLUSDT,bid,128,7827.0
2024-09-08 12:24:31,SOLUSDT,bid,128,8217.0
2024-09-08 12:24:31,SOLUSDT,bid,128,8185.0
2024-09-08 12:24:31,SOLUSDT,bid,128,8217.0
2024-09-08 12:24:32,SOLUSDT,bid,128,8185.0
2024-09-08 12:24:33,SOLUSDT,bid,128,8179.0
2024-09-08 12:24:33,SOLUSDT,bid,128,8181.0
2024-09-08 12:24:35,SOLUSDT,bid,128,8252.0
2024-09-08 12:24:38,SOLUSDT,bid,128,8220.0
2024-09-08 12:24:38,SOLUSDT,bid,128,8252.0
2024-09-08 12:24:39,SOLUSDT,bid,128,8220.0
2024-09-08 12:24:39,SOLUSDT,bid,128,8252.0
2024-09-08 12:24:45,SOLUSDT,bid,128,8220.0
2024-09-08 12:24:47,SOLUSDT,bid,128,8252.0
2024-09-08 12:24:47,SOLUSDT,bid,128,8268.0
2024-09-08 12:24:47,SOLUSDT,bid,128,8224.0
2024-09-08 12:24:47,SOLUSDT,bid,128,7809.0
2024-09-08 12:24:48,SOLUSDT,bid,128,8223.0
2024-09-08 12:24:48,SOLUSDT,bid,120,23325.0
2024-09-08 12:24:49,SOLUSDT,bid,128,8194.0
2024-09-08 12:24:50,SOLUSDT,bid,128,7812.0
2024-09-08 12:24:51,SOLUSDT,bid,128,8194.0
2024-09-08 12:24:59,SOLUSDT,bid,128,7809.0
2024-09-08 12:24:59,SOLUSDT,bid,128,7827.0
2024-09-08 12:25:00,SOLUSDT,bid,128,7819.0
2024-09-08 12:25:01,SOLUSDT,bid,128,7809.0
2024-09-08 12:25:01,SOLUSDT,bid,128,8232.0
2024-09-08 12:25:01,SOLUSDT,bid,128,8231.0
2024-09-08 12:25:01,SOLUSDT,bid,128,7824.0
2024-09-08 12:25:02,SOLUSDT,bid,128,7987.0
2024-09-08 12:25:02,SOLUSDT,bid,128,7861.0
2024-09-08 12:25:02,SOLUSDT,bid,128,8270.0
2024-09-08 12:25:02,SOLUSDT,bid,128,8056.0
2024-09-08 12:25:02,SOLUSDT,bid,128,8020.0
2024-09-08 12:25:03,SOLUSDT,bid,128,8020.0
2024-09-08 12:25:04,SOLUSDT,bid,128,8005.0
2024-09-08 12:25:04,SOLUSDT,bid,128,8005.0
2024-09-08 12:25:04,SOLUSDT,bid,128,8006.0
2024-09-08 12:25:05,SOLUSDT,bid,128,8162.0
2024-09-08 12:25:05,SOLUSDT,bid,128,8006.0
2024-09-08 12:25:05,SOLUSDT,bid,105,12531.0
2024-09-08 12:25:06,SOLUSDT,bid,128,8168.0
2024-09-08 12:25:06,SOLUSDT,bid,128,8006.0
2024-09-08 12:25:07,SOLUSDT,bid,128,8006.0
2024-09-08 12:25:08,SOLUSDT,bid,128,8006.0
2024-09-08 12:25:09,SOLUSDT,bid,128,8168.0
2024-09-08 12:25:09,SOLUSDT,bid,128,8006.0
2024-09-08 12:25:10,SOLUSDT,bid,128,8168.0
2024-09-08 12:25:10,SOLUSDT,bid,128,8006.0
2024-09-08 12:25:11,SOLUSDT,bid,128,8006.0
2024-09-08 12:25:11,SOLUSDT,bid,128,8005.0
2024-09-08 12:25:11,SOLUSDT,bid,128,8231.0
2024-09-08 12:25:12,SOLUSDT,bid,128,8005.0
2024-09-08 12:25:13,SOLUSDT,bid,128,8005.0
2024-09-08 12:25:13,SOLUSDT,bid,128,8277.0
2024-09-08 12:25:13,SOLUSDT,bid,128,8005.0
2024-09-08 12:25:13,SOLUSDT,bid,128,7810.0
2024-09-08 12:25:13,SOLUSDT,bid,128,8293.0
2024-09-08 12:25:14,SOLUSDT,bid,128,7809.0
2024-09-08 12:25:14,SOLUSDT,bid,128,8286.0
2024-09-08 12:25:15,SOLUSDT,bid,128,8370.0
2024-09-08 12:25:15,SOLUSDT,bid,128,7814.0
2024-09-08 12:25:15,SOLUSDT,bid,128,8270.0
2024-09-08 12:25:15,SOLUSDT,bid,128,8370.0
2024-09-08 12:25:16,SOLUSDT,bid,128,8370.0
2024-09-08 12:25:16,SOLUSDT,bid,128,8270.0
2024-09-08 12:25:16,SOLUSDT,bid,128,8370.0
2024-09-08 12:25:17,SOLUSDT,bid,128,8270.0
2024-09-08 12:25:17,SOLUSDT,bid,128,8370.0
2024-09-08 12:25:17,SOLUSDT,bid,128,8270.0
2024-09-08 12:25:17,SOLUSDT,bid,128,7810.0
2024-09-08 12:25:17,SOLUSDT,bid,128,8370.0
2024-09-08 12:25:17,SOLUSDT,bid,128,7813.0
2024-09-08 12:25:17,SOLUSDT,bid,128,8231.0
2024-09-08 12:25:17,SOLUSDT,bid,128,7812.0
2024-09-08 12:25:18,SOLUSDT,bid,128,21410.0
2024-09-08 12:25:18,SOLUSDT,bid,128,7811.0
2024-09-08 12:25:18,SOLUSDT,bid,128,7810.0
2024-09-08 12:25:20,SOLUSDT,bid,128,8262.0
2024-09-08 12:25:20,SOLUSDT,bid,128,8231.0
2024-09-08 12:25:20,SOLUSDT,bid,128,7810.0
2024-09-08 12:25:20,SOLUSDT,bid,128,8262.0
2024-09-08 12:25:22,SOLUSDT,bid,128,8231.0
2024-09-08 12:25:23,SOLUSDT,ask,145,20599.0
2024-09-08 12:25:23,SOLUSDT,bid,128,21748.0
2024-09-08 12:25:24,SOLUSDT,bid,128,7808.0
2024-09-08 12:25:24,SOLUSDT,bid,128,7823.0
2024-09-08 12:25:24,SOLUSDT,bid,128,7824.0
2024-09-08 12:25:24,SOLUSDT,bid,128,21410.0
2024-09-08 12:25:24,SOLUSDT,bid,128,7822.0
2024-09-08 12:25:24,SOLUSDT,bid,128,7820.0
2024-09-08 12:25:25,SOLUSDT,bid,128,7821.0
2024-09-08 12:25:25,SOLUSDT,bid,128,7824.0
2024-09-08 12:25:25,SOLUSDT,bid,128,7824.0
2024-09-08 12:25:26,SOLUSDT,bid,128,7825.0
2024-09-08 12:25:28,SOLUSDT,bid,128,7809.0
2024-09-08 12:25:30,SOLUSDT,bid,128,21414.0
2024-09-08 12:25:36,SOLUSDT,bid,128,8247.0
2024-09-08 12:25:36,SOLUSDT,bid,128,8231.0
2024-09-08 12:25:36,SOLUSDT,bid,128,8232.0
2024-09-08 12:25:39,SOLUSDT,bid,128,8233.0
2024-09-08 12:25:41,SOLUSDT,bid,128,21415.0
2024-09-08 12:25:41,SOLUSDT,bid,128,21411.0
2024-09-08 12:25:45,SOLUSDT,bid,110,120165.0
2024-09-08 12:25:52,SOLUSDT,bid,128,21413.0
2024-09-08 12:25:53,SOLUSDT,bid,128,21751.0
2024-09-08 12:25:53,SOLUSDT,bid,128,21413.0
2024-09-08 12:26:00,SOLUSDT,bid,128,8241.0
2024-09-08 12:26:02,SOLUSDT,bid,128,21428.0
2024-09-08 12:26:02,SOLUSDT,bid,128,8436.0
2024-09-08 12:26:02,SOLUSDT,bid,128,21413.0
2024-09-08 12:26:02,SOLUSDT,bid,128,8438.0
2024-09-08 12:26:03,SOLUSDT,bid,128,8474.0
2024-09-08 12:26:03,SOLUSDT,bid,128,8436.0
2024-09-08 12:26:04,SOLUSDT,bid,128,8438.0
2024-09-08 12:26:05,SOLUSDT,bid,128,8436.0
2024-09-08 12:26:09,SOLUSDT,bid,128,8438.0
2024-09-08 12:26:10,SOLUSDT,bid,128,8436.0
2024-09-08 12:26:13,SOLUSDT,bid,128,8430.0
2024-09-08 12:26:24,SOLUSDT,bid,128,8432.0
2024-09-08 12:26:25,SOLUSDT,bid,128,8428.0
2024-09-08 12:26:26,SOLUSDT,bid,128,21413.0
2024-09-08 12:26:26,SOLUSDT,bid,128,8430.0
2024-09-08 12:26:27,SOLUSDT,bid,128,8251.0
2024-09-08 12:26:27,SOLUSDT,bid,128,8274.0
2024-09-08 12:26:27,SOLUSDT,bid,128,8281.0
2024-09-08 12:26:29,SOLUSDT,bid,128,21427.0
2024-09-08 12:26:29,SOLUSDT,bid,128,8279.0
2024-09-08 12:26:31,SOLUSDT,bid,128,8272.0
2024-09-08 12:26:32,SOLUSDT,bid,128,8256.0
2024-09-08 12:26:35,SOLUSDT,bid,128,21413.0
2024-09-08 12:26:35,SOLUSDT,bid,128,8258.0
2024-09-08 12:26:36,SOLUSDT,bid,128,8256.0
2024-09-08 12:26:41,SOLUSDT,bid,128,8258.0
2024-09-08 12:26:41,SOLUSDT,bid,128,8262.0
2024-09-08 12:26:42,SOLUSDT,bid,128,21414.0
2024-09-08 12:26:42,SOLUSDT,bid,128,8260.0
2024-09-08 12:26:42,SOLUSDT,ask,133,9408.0
2024-09-08 12:26:44,SOLUSDT,bid,128,8276.0
2024-09-08 12:26:45,SOLUSDT,bid,128,21413.0
2024-09-08 12:26:45,SOLUSDT,bid,128,8260.0
2024-09-08 12:26:45,SOLUSDT,bid,128,21414.0
2024-09-08 12:26:49,SOLUSDT,bid,128,21481.0
2024-09-08 12:26:50,SOLUSDT,bid,128,8276.0
2024-09-08 12:26:51,SOLUSDT,bid,128,8272.0
2024-09-08 12:26:53,SOLUSDT,ask,131,10169.0
2024-09-08 12:27:00,SOLUSDT,bid,128,21480.0
2024-09-08 12:27:00,SOLUSDT,bid,128,8256.0
2024-09-08 12:27:00,SOLUSDT,bid,128,8272.0
2024-09-08 12:27:01,SOLUSDT,bid,128,21530.0
2024-09-08 12:27:05,SOLUSDT,bid,128,8233.0
2024-09-08 12:27:13,SOLUSDT,bid,128,8231.0
2024-09-08 12:27:13,SOLUSDT,bid,128,8232.0
2024-09-08 12:27:18,SOLUSDT,bid,128,8216.0
2024-09-08 12:27:19,SOLUSDT,bid,128,8250.0
2024-09-08 12:27:19,SOLUSDT,bid,128,8216.0
2024-09-08 12:27:19,SOLUSDT,bid,128,8333.0
2024-09-08 12:27:19,SOLUSDT,bid,128,8216.0
2024-09-08 12:27:21,SOLUSDT,bid,128,8232.0
2024-09-08 12:27:25,SOLUSDT,bid,128,21531.0
2024-09-08 12:27:25,SOLUSDT,bid,128,21524.0
2024-09-08 12:27:25,SOLUSDT,bid,128,8217.0
2024-09-08 12:27:25,SOLUSDT,bid,128,8242.0
2024-09-08 12:27:25,SOLUSDT,bid,128,21558.0
2024-09-08 12:27:25,SOLUSDT,bid,128,8292.0
2024-09-08 12:27:25,SOLUSDT,bid,128,8294.0
2024-09-08 12:27:27,SOLUSDT,bid,128,8310.0
2024-09-08 12:27:27,SOLUSDT,bid,128,8325.0
2024-09-08 12:27:28,SOLUSDT,bid,128,8324.0
2024-09-08 12:27:32,SOLUSDT,bid,128,21565.0
2024-09-08 12:27:32,SOLUSDT,bid,128,21558.0
2024-09-08 12:27:33,SOLUSDT,bid,128,21573.0
2024-09-08 12:27:34,SOLUSDT,bid,128,21558.0
2024-09-08 12:27:35,SOLUSDT,bid,128,8324.0
2024-09-08 12:27:35,SOLUSDT,bid,128,21524.0
2024-09-08 12:27:35,SOLUSDT,bid,128,8323.0
2024-09-08 12:27:36,SOLUSDT,bid,128,8330.0
2024-09-08 12:27:46,SOLUSDT,bid,128,8944.0
2024-09-08 12:27:46,SOLUSDT,bid,128,8330.0
2024-09-08 12:27:54,SOLUSDT,bid,128,8323.0
2024-09-08 12:27:54,SOLUSDT,bid,128,8307.0
2024-09-08 12:27:54,SOLUSDT,bid,128,8292.0
2024-09-08 12:27:55,SOLUSDT,bid,128,21528.0
2024-09-08 12:27:58,SOLUSDT,bid,128,21531.0
2024-09-08 12:27:59,SOLUSDT,bid,128,21717.0
2024-09-08 12:27:59,SOLUSDT,bid,128,8308.0
2024-09-08 12:27:59,SOLUSDT,bid,128,8315.0
2024-09-08 12:28:00,SOLUSDT,bid,128,8315.0
2024-09-08 12:28:00,SOLUSDT,bid,128,8314.0
2024-09-08 12:28:02,SOLUSDT,bid,128,21554.0
2024-09-08 12:28:10,SOLUSDT,bid,128,8308.0
2024-09-08 12:28:10,SOLUSDT,bid,128,8535.0
2024-09-08 12:28:10,SOLUSDT,bid,128,8554.0
2024-09-08 12:28:10,SOLUSDT,bid,128,21557.0
2024-09-08 12:28:10,SOLUSDT,bid,128,8259.0
2024-09-08 12:28:10,SOLUSDT,bid,128,8238.0
2024-09-08 12:28:11,SOLUSDT,bid,128,21534.0
2024-09-08 12:28:11,SOLUSDT,bid,128,8222.0
2024-09-08 12:28:11,SOLUSDT,bid,128,8238.0
2024-09-08 12:28:21,SOLUSDT,bid,128,21555.0
2024-09-08 12:28:21,SOLUSDT,bid,128,8222.0
2024-09-08 12:28:21,SOLUSDT,bid,128,8238.0
2024-09-08 12:28:24,SOLUSDT,bid,128,21554.0
2024-09-08 12:28:29,SOLUSDT,bid,128,8339.0
2024-09-08 12:28:31,SOLUSDT,bid,128,8222.0
2024-09-08 12:28:32,SOLUSDT,bid,128,21555.0
2024-09-08 12:28:33,SOLUSDT,bid,128,8339.0
2024-09-08 12:28:34,SOLUSDT,bid,128,21505.0
2024-09-08 12:28:37,SOLUSDT,bid,128,8222.0
2024-09-08 12:28:38,SOLUSDT,bid,128,8394.0
2024-09-08 12:28:38,SOLUSDT,bid,128,21484.0
2024-09-08 12:28:38,SOLUSDT,bid,128,21481.0
2024-09-08 12:28:38,SOLUSDT,bid,128,8433.0
2024-09-08 12:28:40,SOLUSDT,bid,128,8628.0
2024-09-08 12:28:42,SOLUSDT,bid,128,8584.0
2024-09-08 12:28:42,SOLUSDT,bid,128,8406.0
2024-09-08 12:28:42,SOLUSDT,bid,128,8213.0
2024-09-08 12:28:43,SOLUSDT,bid,128,8197.0
2024-09-08 12:28:47,SOLUSDT,bid,128,8535.0
2024-09-08 12:28:50,SOLUSDT,bid,128,21481.0
2024-09-08 12:28:50,SOLUSDT,bid,128,8532.0
2024-09-08 12:28:50,SOLUSDT,bid,128,8548.0
2024-09-08 12:28:51,SOLUSDT,bid,128,8555.0
2024-09-08 12:28:53,SOLUSDT,bid,128,8548.0
2024-09-08 12:28:53,SOLUSDT,bid,128,8532.0
2024-09-08 12:28:53,SOLUSDT,bid,128,8194.0
2024-09-08 12:28:53,SOLUSDT,bid,128,8210.0
2024-09-08 12:28:53,SOLUSDT,bid,128,8208.0
2024-09-08 12:28:55,SOLUSDT,bid,128,8192.0
2024-09-08 12:28:56,SOLUSDT,bid,128,8208.0
2024-09-08 12:28:59,SOLUSDT,bid,128,21480.0
2024-09-08 12:29:02,SOLUSDT,bid,128,8192.0
2024-09-08 12:29:03,SOLUSDT,bid,128,8208.0
2024-09-08 12:29:05,SOLUSDT,bid,128,21495.0
2024-09-08 12:29:09,SOLUSDT,bid,128,8215.0
2024-09-08 12:29:10,SOLUSDT,bid,128,8234.0
2024-09-08 12:29:10,SOLUSDT,bid,128,8215.0
2024-09-08 12:29:11,SOLUSDT,bid,128,8234.0
2024-09-08 12:29:11,SOLUSDT,bid,128,8215.0
2024-09-08 12:29:11,SOLUSDT,bid,128,8234.0
2024-09-08 12:29:11,SOLUSDT,bid,128,8215.0
2024-09-08 12:29:12,SOLUSDT,bid,128,8208.0
2024-09-08 12:29:12,SOLUSDT,bid,128,8215.0
2024-09-08 12:29:12,SOLUSDT,bid,128,8234.0
2024-09-08 12:29:13,SOLUSDT,bid,128,8215.0
2024-09-08 12:29:13,SOLUSDT,ask,131,10176.0
2024-09-08 12:29:13,SOLUSDT,bid,128,8208.0
2024-09-08 12:29:14,SOLUSDT,bid,128,8215.0
2024-09-08 12:29:15,SOLUSDT,bid,128,8208.0
2024-09-08 12:29:15,SOLUSDT,bid,128,21496.0
2024-09-08 12:29:17,SOLUSDT,bid,128,8215.0
2024-09-08 12:29:17,SOLUSDT,bid,128,8208.0
2024-09-08 12:29:18,SOLUSDT,bid,128,21501.0
2024-09-08 12:29:19,SOLUSDT,bid,128,8215.0
2024-09-08 12:29:19,SOLUSDT,bid,128,8234.0
2024-09-08 12:29:20,SOLUSDT,bid,128,8215.0
2024-09-08 12:29:21,SOLUSDT,bid,128,8208.0
2024-09-08 12:29:22,SOLUSDT,bid,128,21502.0
2024-09-08 12:29:24,SOLUSDT,bid,128,21501.0
2024-09-08 12:29:24,SOLUSDT,bid,128,8209.0
2024-09-08 12:29:24,SOLUSDT,bid,128,8212.0
2024-09-08 12:29:25,SOLUSDT,bid,128,21552.0
2024-09-08 12:29:25,SOLUSDT,bid,128,21552.0
2024-09-08 12:29:26,SOLUSDT,bid,128,8196.0
2024-09-08 12:29:26,SOLUSDT,bid,128,21547.0
2024-09-08 12:29:28,SOLUSDT,bid,128,8212.0
2024-09-08 12:29:30,SOLUSDT,bid,128,21546.0
2024-09-08 12:29:30,SOLUSDT,bid,128,21547.0
2024-09-08 12:29:32,SOLUSDT,bid,128,21547.0
2024-09-08 12:29:33,SOLUSDT,bid,128,8196.0
2024-09-08 12:29:34,SOLUSDT,bid,128,8193.0
2024-09-08 12:29:34,SOLUSDT,bid,128,8209.0
2024-09-08 12:29:36,SOLUSDT,bid,128,8193.0
2024-09-08 12:29:39,SOLUSDT,bid,128,8196.0
2024-09-08 12:29:39,SOLUSDT,bid,128,8212.0
2024-09-08 12:29:41,SOLUSDT,bid,128,8203.0
2024-09-08 12:29:49,SOLUSDT,bid,128,21546.0
2024-09-08 12:29:50,SOLUSDT,bid,128,8196.0
