2024-09-12 17:51:26,ETHUSDT,bid,2220,4591.02
2024-09-12 17:54:01,ETHUSDT,bid,2250,4711.132
2024-09-12 17:54:11,ETHUSDT,bid,2220,4588.815
2024-09-12 17:56:01,ETHUSDT,bid,2250,4710.528
2024-09-12 17:58:24,ETHUSDT,bid,2220,4592.769
2024-09-12 18:04:36,ETHUSDT,bid,2340,4805.025
2024-09-12 18:04:37,ETHUSDT,bid,2340,4805.281
2024-09-12 18:04:37,ETHUSDT,bid,2340,4805.402
2024-09-12 18:04:37,ETHUSDT,bid,2340,4806.486
2024-09-12 18:04:38,ETHUSDT,bid,2340,4805.025
2024-09-12 18:04:38,ETHUSDT,bid,2340,4804.325
2024-09-12 18:04:40,ETHUSDT,bid,2340,4806.0
2024-09-12 18:04:41,ETHUSDT,bid,2340,4800.795
2024-09-12 18:04:41,ETHUSDT,bid,2340,4806.0
2024-09-12 18:04:42,ETHUSDT,bid,2340,4829.049
2024-09-12 18:04:42,ETHUSDT,bid,2340,4823.844
2024-09-12 18:04:42,ETHUSDT,bid,2340,4829.049
2024-09-12 18:04:42,ETHUSDT,bid,2340,4804.325
2024-09-12 18:04:46,ETHUSDT,bid,2340,4815.578
2024-09-12 18:04:47,ETHUSDT,bid,2340,4804.325
2024-09-12 18:04:48,ETHUSDT,bid,2340,4815.571
2024-09-12 18:04:48,ETHUSDT,bid,2340,4804.325
2024-09-12 18:04:48,ETHUSDT,bid,2340,4814.95
2024-09-12 18:04:50,ETHUSDT,bid,2340,4815.75
2024-09-12 18:04:50,ETHUSDT,bid,2340,4804.325
2024-09-12 18:04:50,ETHUSDT,bid,2340,4804.335
2024-09-12 18:04:50,ETHUSDT,bid,2340,4804.325
2024-09-12 18:04:50,ETHUSDT,bid,2340,4804.325
2024-09-12 18:04:50,ETHUSDT,bid,2340,4804.335
2024-09-12 18:04:51,ETHUSDT,bid,2340,4804.325
2024-09-12 18:04:51,ETHUSDT,bid,2340,4804.335
2024-09-12 18:04:51,ETHUSDT,bid,2340,4805.556
2024-09-12 18:04:54,ETHUSDT,bid,2340,4805.546
2024-09-12 18:04:55,ETHUSDT,bid,2340,4806.246
2024-09-12 18:04:56,ETHUSDT,bid,2340,4808.945
2024-09-12 18:04:57,ETHUSDT,bid,2340,4805.546
2024-09-12 18:04:59,ETHUSDT,bid,2340,4806.399
2024-09-12 18:05:01,ETHUSDT,bid,2340,4806.41
2024-09-12 18:05:08,ETHUSDT,bid,2340,4805.557
2024-09-12 18:05:08,ETHUSDT,bid,2340,4805.983
2024-09-12 18:05:13,ETHUSDT,bid,2340,4805.995
2024-09-12 18:05:14,ETHUSDT,bid,2340,4805.995
2024-09-12 18:05:16,ETHUSDT,bid,2340,4804.348
2024-09-12 18:05:17,ETHUSDT,bid,2340,4808.608
2024-09-12 18:05:17,ETHUSDT,bid,2340,4804.348
2024-09-12 18:05:29,ETHUSDT,bid,2340,4804.368
2024-09-12 18:05:31,ETHUSDT,bid,2340,4804.964
2024-09-12 18:05:31,ETHUSDT,bid,2340,4805.764
2024-09-12 18:05:32,ETHUSDT,bid,2340,4805.773
2024-09-12 18:05:33,ETHUSDT,bid,2340,4805.773
2024-09-12 18:05:33,ETHUSDT,bid,2340,4805.773
2024-09-12 18:05:33,ETHUSDT,bid,2340,4804.973
2024-09-12 18:05:38,ETHUSDT,bid,2340,4804.973
2024-09-12 18:05:40,ETHUSDT,bid,2340,4804.973
2024-09-12 18:05:40,ETHUSDT,bid,2340,4805.023
2024-09-12 18:05:40,ETHUSDT,bid,2340,4804.373
2024-09-12 18:05:41,ETHUSDT,bid,2340,4804.373
2024-09-12 18:05:41,ETHUSDT,bid,2340,4804.373
2024-09-12 18:05:41,ETHUSDT,bid,2340,4804.799
2024-09-12 18:05:42,ETHUSDT,bid,2340,4804.79
2024-09-12 18:05:45,ETHUSDT,bid,2340,4804.79
2024-09-12 18:05:46,ETHUSDT,bid,2340,4799.589
2024-09-12 18:05:46,ETHUSDT,bid,2340,4804.364
2024-09-12 18:05:46,ETHUSDT,bid,2340,4804.364
2024-09-12 18:05:46,ETHUSDT,bid,2340,4799.172
2024-09-12 18:05:46,ETHUSDT,bid,2340,4805.226
2024-09-12 18:05:46,ETHUSDT,bid,2340,4813.747
2024-09-12 18:05:47,ETHUSDT,bid,2340,4804.561
2024-09-12 18:05:47,ETHUSDT,bid,2340,4807.355
2024-09-12 18:05:49,ETHUSDT,bid,2340,4808.005
2024-09-12 18:05:49,ETHUSDT,bid,2340,4808.312
2024-09-12 18:05:49,ETHUSDT,bid,2340,4805.518
2024-09-12 18:05:51,ETHUSDT,bid,2340,4806.055
2024-09-12 18:05:51,ETHUSDT,bid,2340,4814.087
2024-09-12 18:05:51,ETHUSDT,bid,2340,4814.137
2024-09-12 18:05:51,ETHUSDT,bid,2340,4852.83
2024-09-12 18:05:51,ETHUSDT,bid,2340,4868.909
2024-09-12 18:05:52,ETHUSDT,bid,2340,4852.83
2024-09-12 18:05:53,ETHUSDT,bid,2340,4844.598
2024-09-12 18:05:54,ETHUSDT,bid,2340,4844.061
2024-09-12 18:05:54,ETHUSDT,bid,2340,4844.011
2024-09-12 18:05:57,ETHUSDT,bid,2340,4844.211
2024-09-12 18:06:01,ETHUSDT,bid,2340,4845.006
2024-09-12 18:06:03,ETHUSDT,bid,2340,4839.318
2024-09-12 18:06:03,ETHUSDT,bid,2340,4841.45
2024-09-12 18:06:03,ETHUSDT,bid,2340,4841.876
2024-09-12 18:06:08,ETHUSDT,bid,2340,4841.876
2024-09-12 18:06:08,ETHUSDT,bid,2340,4805.402
2024-09-12 18:06:09,ETHUSDT,bid,2340,4805.412
2024-09-12 18:06:09,ETHUSDT,bid,2340,4822.465
2024-09-12 18:06:09,ETHUSDT,bid,2340,4825.259
2024-09-12 18:06:10,ETHUSDT,bid,2340,4805.412
2024-09-12 18:06:11,ETHUSDT,bid,2340,4808.206
2024-09-12 18:06:11,ETHUSDT,bid,2340,4808.256
2024-09-12 18:06:11,ETHUSDT,bid,2340,4806.248
2024-09-12 18:06:11,ETHUSDT,bid,2340,4806.358
2024-09-12 18:06:12,ETHUSDT,bid,2340,4806.488
2024-09-12 18:06:13,ETHUSDT,bid,2340,4806.478
2024-09-12 18:06:15,ETHUSDT,bid,2340,4699.136
2024-09-12 18:06:15,ETHUSDT,bid,2340,4699.145
2024-09-12 18:06:15,ETHUSDT,bid,2340,4699.595
2024-09-12 18:06:16,ETHUSDT,bid,2340,4701.615
2024-09-12 18:06:16,ETHUSDT,bid,2340,4701.165
2024-09-12 18:06:16,ETHUSDT,bid,2340,4699.145
2024-09-12 18:06:20,ETHUSDT,bid,2340,4699.145
2024-09-12 18:06:20,ETHUSDT,bid,2340,4699.145
2024-09-12 18:06:20,ETHUSDT,bid,2340,4699.564
2024-09-12 18:06:22,ETHUSDT,bid,2340,4699.629
2024-09-12 18:06:23,ETHUSDT,bid,2340,4699.666
2024-09-12 18:06:23,ETHUSDT,bid,2340,4699.836
2024-09-12 18:06:26,ETHUSDT,bid,2340,4699.186
2024-09-12 18:06:30,ETHUSDT,bid,2340,4703.259
2024-09-12 18:06:31,ETHUSDT,bid,2340,4699.186
2024-09-12 18:06:33,ETHUSDT,bid,2340,4699.186
2024-09-12 18:06:34,ETHUSDT,bid,2340,4693.985
2024-09-12 18:06:34,ETHUSDT,bid,2340,4699.186
2024-09-12 18:06:35,ETHUSDT,bid,2340,4700.334
2024-09-12 18:06:35,ETHUSDT,bid,2340,4701.4
2024-09-12 18:06:36,ETHUSDT,bid,2340,4699.149
2024-09-12 18:06:36,ETHUSDT,bid,2340,4698.949
2024-09-12 18:06:36,ETHUSDT,bid,2340,4699.804
2024-09-12 18:06:38,ETHUSDT,bid,2340,4699.932
2024-09-12 18:06:38,ETHUSDT,bid,2340,4699.92
2024-09-12 18:06:38,ETHUSDT,bid,2340,4705.491
2024-09-12 18:06:38,ETHUSDT,bid,2340,4702.439
2024-09-12 18:06:39,ETHUSDT,bid,2340,4703.234
2024-09-12 18:06:40,ETHUSDT,bid,1700,6031.451
2024-09-12 18:06:41,ETHUSDT,bid,2340,4705.374
2024-09-12 18:06:43,ETHUSDT,bid,2340,4705.634
2024-09-12 18:06:43,ETHUSDT,bid,2340,4705.649
2024-09-12 18:06:44,ETHUSDT,bid,1710,5862.583
2024-09-12 18:06:48,ETHUSDT,bid,1780,5762.136
2024-09-12 18:06:56,ETHUSDT,bid,2340,4699.23
2024-09-12 18:06:57,ETHUSDT,bid,2340,4699.06
2024-09-12 18:07:10,ETHUSDT,bid,2340,4698.641
2024-09-12 18:07:19,ETHUSDT,bid,2340,4698.65
2024-09-12 18:07:21,ETHUSDT,bid,2340,4710.867
2024-09-12 18:07:21,ETHUSDT,bid,2340,4710.858
2024-09-12 18:07:28,ETHUSDT,bid,2340,4718.736
2024-09-12 18:07:28,ETHUSDT,bid,2340,4721.515
2024-09-12 18:07:28,ETHUSDT,bid,2340,4718.736
2024-09-12 18:07:29,ETHUSDT,bid,2340,4719.119
2024-09-12 18:07:33,ETHUSDT,bid,2340,4720.086
2024-09-12 18:07:33,ETHUSDT,bid,2340,4712.357
2024-09-12 18:07:34,ETHUSDT,bid,2340,4711.741
2024-09-12 18:07:34,ETHUSDT,bid,2340,4741.291
2024-09-12 18:07:35,ETHUSDT,bid,2340,4728.241
2024-09-12 18:07:35,ETHUSDT,bid,2340,4698.262
2024-09-12 18:07:36,ETHUSDT,bid,2340,4698.941
2024-09-12 18:07:36,ETHUSDT,bid,2340,4699.158
2024-09-12 18:07:38,ETHUSDT,bid,2340,4718.496
2024-09-12 18:07:39,ETHUSDT,bid,2340,4715.315
2024-09-12 18:07:39,ETHUSDT,bid,2340,4710.114
2024-09-12 18:07:39,ETHUSDT,bid,2340,4715.315
2024-09-12 18:07:39,ETHUSDT,bid,2340,4715.741
2024-09-12 18:07:40,ETHUSDT,bid,2340,4715.869
2024-09-12 18:07:44,ETHUSDT,bid,2340,4715.486
2024-09-12 18:07:45,ETHUSDT,bid,2340,4732.539
2024-09-12 18:07:46,ETHUSDT,bid,2340,4715.486
2024-09-12 18:07:46,ETHUSDT,bid,2340,4715.06
2024-09-12 18:07:47,ETHUSDT,bid,2340,4715.06
2024-09-12 18:07:51,ETHUSDT,bid,2340,4715.86
2024-09-12 18:07:51,ETHUSDT,bid,2340,4715.86
2024-09-12 18:07:54,ETHUSDT,bid,2340,4715.06
2024-09-12 18:07:56,ETHUSDT,bid,2340,4716.126
2024-09-12 18:07:58,ETHUSDT,bid,2340,4715.332
2024-09-12 18:07:58,ETHUSDT,bid,2340,4715.758
2024-09-12 18:07:59,ETHUSDT,bid,2340,4715.758
2024-09-12 18:07:59,ETHUSDT,bid,2340,4698.705
2024-09-12 18:07:59,ETHUSDT,bid,2340,4700.845
2024-09-12 18:07:59,ETHUSDT,bid,2340,4705.109
2024-09-12 18:08:01,ETHUSDT,bid,2340,4705.044
2024-09-12 18:08:01,ETHUSDT,bid,2340,4702.478
2024-09-12 18:08:03,ETHUSDT,bid,2340,4702.698
2024-09-12 18:08:09,ETHUSDT,bid,2340,4702.686
2024-09-12 18:08:12,ETHUSDT,bid,2340,4703.318
2024-09-12 18:08:12,ETHUSDT,bid,2340,4702.686
2024-09-12 18:08:12,ETHUSDT,bid,2340,4703.326
2024-09-12 18:08:15,ETHUSDT,bid,2340,4703.581
2024-09-12 18:08:15,ETHUSDT,bid,2340,4705.341
2024-09-12 18:08:15,ETHUSDT,bid,2340,4703.213
2024-09-12 18:08:15,ETHUSDT,bid,2340,4707.024
2024-09-12 18:08:15,ETHUSDT,bid,2340,4705.958
2024-09-12 18:08:16,ETHUSDT,bid,2340,4705.558
2024-09-12 18:08:16,ETHUSDT,bid,2340,4706.198
2024-09-12 18:08:16,ETHUSDT,bid,2340,4705.978
2024-09-12 18:08:16,ETHUSDT,bid,2340,4706.618
2024-09-12 18:08:16,ETHUSDT,bid,2340,4706.631
2024-09-12 18:08:17,ETHUSDT,bid,2340,4706.949
2024-09-12 18:08:17,ETHUSDT,bid,2340,4703.949
2024-09-12 18:08:21,ETHUSDT,bid,2340,4703.949
2024-09-12 18:08:25,ETHUSDT,bid,2340,4704.589
2024-09-12 18:08:27,ETHUSDT,bid,2340,4704.271
2024-09-12 18:08:27,ETHUSDT,bid,2340,4705.337
2024-09-12 18:08:28,ETHUSDT,bid,2340,4704.271
2024-09-12 18:08:29,ETHUSDT,bid,2340,4707.117
2024-09-12 18:08:29,ETHUSDT,bid,2340,4704.271
2024-09-12 18:08:31,ETHUSDT,bid,2340,4713.497
2024-09-12 18:08:31,ETHUSDT,bid,2340,4713.603
2024-09-12 18:08:31,ETHUSDT,bid,2340,4706.824
2024-09-12 18:08:31,ETHUSDT,bid,2340,4722.903
2024-09-12 18:08:31,ETHUSDT,bid,2340,4722.477
2024-09-12 18:08:31,ETHUSDT,bid,2340,4706.398
2024-09-12 18:08:32,ETHUSDT,bid,2340,4706.408
2024-09-12 18:08:33,ETHUSDT,bid,2340,4707.808
2024-09-12 18:08:33,ETHUSDT,bid,2340,4705.668
2024-09-12 18:08:33,ETHUSDT,bid,2340,4705.241
2024-09-12 18:08:33,ETHUSDT,bid,2340,4704.601
2024-09-12 18:08:33,ETHUSDT,bid,2340,4705.801
2024-09-12 18:08:33,ETHUSDT,bid,2340,4704.601
2024-09-12 18:08:34,ETHUSDT,bid,2340,4703.618
2024-09-12 18:08:34,ETHUSDT,bid,2340,4707.729
2024-09-12 18:08:34,ETHUSDT,bid,2340,4703.756
2024-09-12 18:08:34,ETHUSDT,bid,2340,4706.602
2024-09-12 18:08:35,ETHUSDT,bid,2340,4706.652
2024-09-12 18:08:35,ETHUSDT,bid,2340,4703.806
2024-09-12 18:08:36,ETHUSDT,bid,2340,4703.668
2024-09-12 18:08:37,ETHUSDT,bid,2340,4703.618
2024-09-12 18:08:37,ETHUSDT,bid,2340,4705.084
2024-09-12 18:08:37,ETHUSDT,bid,2340,4705.084
2024-09-12 18:08:37,ETHUSDT,bid,2340,4704.018
2024-09-12 18:08:38,ETHUSDT,bid,2340,4706.464
2024-09-12 18:08:39,ETHUSDT,bid,2340,4707.317
2024-09-12 18:08:39,ETHUSDT,bid,2340,4704.471
2024-09-12 18:08:39,ETHUSDT,bid,2340,4704.481
2024-09-12 18:08:39,ETHUSDT,bid,2340,4705.547
2024-09-12 18:08:39,ETHUSDT,bid,2340,4704.694
2024-09-12 18:08:40,ETHUSDT,bid,2340,4703.628
2024-09-12 18:08:40,ETHUSDT,bid,2340,4704.428
2024-09-12 18:08:40,ETHUSDT,bid,2340,4704.828
2024-09-12 18:08:41,ETHUSDT,bid,2340,4708.446
2024-09-12 18:08:41,ETHUSDT,bid,2340,4711.292
2024-09-12 18:08:42,ETHUSDT,bid,2340,4708.446
2024-09-12 18:08:42,ETHUSDT,bid,2340,4704.428
2024-09-12 18:08:42,ETHUSDT,bid,2340,4703.628
2024-09-12 18:08:42,ETHUSDT,bid,2340,4706.474
2024-09-12 18:08:43,ETHUSDT,bid,2340,4703.628
2024-09-12 18:08:43,ETHUSDT,bid,2340,4704.694
2024-09-12 18:08:44,ETHUSDT,bid,2340,4703.618
2024-09-12 18:08:44,ETHUSDT,bid,2340,4706.464
2024-09-12 18:08:45,ETHUSDT,bid,2340,4710.571
2024-09-12 18:08:46,ETHUSDT,bid,2340,4706.464
2024-09-12 18:08:46,ETHUSDT,bid,2340,4704.466
2024-09-12 18:08:48,ETHUSDT,bid,2340,4703.618
2024-09-12 18:08:49,ETHUSDT,bid,2340,4703.618
2024-09-12 18:08:49,ETHUSDT,bid,2340,4704.418
2024-09-12 18:08:49,ETHUSDT,bid,2340,4704.418
2024-09-12 18:08:50,ETHUSDT,bid,2340,4703.618
2024-09-12 18:08:50,ETHUSDT,bid,2340,4704.684
2024-09-12 18:08:50,ETHUSDT,bid,2340,4705.084
2024-09-12 18:08:50,ETHUSDT,bid,2340,4704.018
2024-09-12 18:08:50,ETHUSDT,bid,2340,4705.723
2024-09-12 18:08:51,ETHUSDT,bid,2220,4592.779
2024-09-12 18:08:52,ETHUSDT,bid,2340,4705.323
2024-09-12 18:08:52,ETHUSDT,bid,2340,4705.365
2024-09-12 18:08:53,ETHUSDT,bid,2340,4705.323
2024-09-12 18:08:53,ETHUSDT,bid,2340,4706.123
2024-09-12 18:08:54,ETHUSDT,bid,2340,4705.323
2024-09-12 18:08:54,ETHUSDT,bid,2340,4708.117
2024-09-12 18:08:54,ETHUSDT,bid,2340,4708.917
2024-09-12 18:08:55,ETHUSDT,bid,2340,4706.123
2024-09-12 18:08:55,ETHUSDT,bid,2340,4705.323
2024-09-12 18:08:56,ETHUSDT,bid,2340,4705.366
2024-09-12 18:08:56,ETHUSDT,bid,2340,4706.269
2024-09-12 18:08:58,ETHUSDT,bid,2340,4706.269
2024-09-12 18:09:07,ETHUSDT,bid,2340,4704.735
2024-09-12 18:09:07,ETHUSDT,bid,2340,4704.744
2024-09-12 18:09:08,ETHUSDT,bid,2340,4703.039
2024-09-12 18:09:09,ETHUSDT,bid,2340,4703.03
2024-09-12 18:09:09,ETHUSDT,bid,2340,4703.021
2024-09-12 18:09:17,ETHUSDT,bid,2340,4704.021
2024-09-12 18:09:17,ETHUSDT,bid,2340,4706.153
2024-09-12 18:09:29,ETHUSDT,bid,2220,4592.769
2024-09-12 18:09:33,ETHUSDT,bid,2340,4708.283
2024-09-12 18:09:41,ETHUSDT,bid,2340,4708.505
2024-09-12 18:09:46,ETHUSDT,bid,2340,4708.283
2024-09-12 18:09:50,ETHUSDT,bid,2340,4708.24
