2024-08-21 07:02:18,ETHUSDT,bid,2550,4002.312
2024-08-21 07:02:18,ETHUSDT,bid,2550,4198.16
2024-08-21 07:02:18,ETHUSDT,bid,2550,4394.008
2024-08-21 07:02:19,ETHUSDT,bid,2550,4589.856
2024-08-21 07:02:19,ETHUSDT,bid,2550,4785.704
2024-08-21 07:06:11,ETHUSDT,ask,2850,3822.84
2024-08-21 07:29:10,ETHUSDT,bid,2350,4334.312
2024-08-21 07:30:01,ETHUSDT,bid,1680,5969.698
2024-08-21 07:41:47,ETHUSDT,ask,2850,3822.853
2024-08-21 07:46:48,ETHUSDT,ask,2850,3822.98
2024-08-21 07:54:43,ETHUSDT,bid,1960,5145.043
2024-08-21 07:57:41,ETHUSDT,bid,2460,4078.141
2024-08-21 07:59:47,ETHUSDT,bid,2460,4077.651
2024-08-21 08:08:50,ETHUSDT,bid,2290,4365.012
2024-08-21 08:12:23,ETHUSDT,ask,2850,3822.994
2024-08-21 08:21:50,ETHUSDT,bid,2520,4025.021
2024-08-21 08:21:50,ETHUSDT,bid,2520,4223.197
2024-08-21 08:21:50,ETHUSDT,bid,2520,4421.373
2024-08-21 08:21:50,ETHUSDT,bid,2520,4619.549
2024-08-21 08:22:39,ETHUSDT,bid,1700,6024.713
2024-08-21 08:30:56,ETHUSDT,bid,2460,4077.691
2024-08-21 08:31:14,ETHUSDT,bid,1700,6027.484
2024-08-21 08:39:13,ETHUSDT,bid,1700,6028.984
2024-08-21 08:40:51,ETHUSDT,ask,2850,3822.885
2024-08-21 08:46:22,ETHUSDT,bid,2460,4078.191
2024-08-21 08:53:49,ETHUSDT,bid,2200,4588.385
2024-08-21 08:55:19,ETHUSDT,ask,2910,3454.692
2024-08-21 08:55:40,ETHUSDT,ask,2900,3443.464
2024-08-21 08:58:57,ETHUSDT,bid,1700,6028.996
2024-08-21 08:59:45,ETHUSDT,ask,3090,3230.717
2024-08-21 09:08:33,ETHUSDT,bid,2460,4076.591
2024-08-21 09:13:53,ETHUSDT,ask,2850,3822.895
2024-08-21 09:13:53,ETHUSDT,ask,2850,3822.905
2024-08-21 09:14:45,ETHUSDT,ask,2850,3822.915
2024-08-21 09:14:46,ETHUSDT,ask,2850,3822.925
2024-08-21 09:14:46,ETHUSDT,ask,2850,3822.935
2024-08-21 09:14:46,ETHUSDT,ask,2850,3822.945
2024-08-21 09:14:47,ETHUSDT,ask,2850,3822.955
2024-08-21 09:14:48,ETHUSDT,ask,2850,3822.965
2024-08-21 09:14:48,ETHUSDT,ask,2850,3822.975
2024-08-21 09:14:49,ETHUSDT,ask,2850,3822.975
2024-08-21 09:14:50,ETHUSDT,ask,2850,3822.965
2024-08-21 09:15:24,ETHUSDT,bid,2420,4147.371
2024-08-21 09:15:26,ETHUSDT,ask,2850,3822.955
2024-08-21 09:15:27,ETHUSDT,ask,2850,3822.945
2024-08-21 09:15:27,ETHUSDT,ask,2850,3822.935
2024-08-21 09:15:27,ETHUSDT,ask,2850,3822.925
2024-08-21 09:15:29,ETHUSDT,ask,2850,3822.915
2024-08-21 09:15:30,ETHUSDT,ask,2850,3822.905
2024-08-21 09:15:30,ETHUSDT,ask,2850,3822.895
2024-08-21 09:15:30,ETHUSDT,ask,2850,3822.885
2024-08-21 09:17:35,ETHUSDT,ask,2850,3822.895
2024-08-21 09:18:30,ETHUSDT,ask,2850,3822.885
2024-08-21 09:35:20,ETHUSDT,bid,2280,4389.946
2024-08-21 09:45:33,ETHUSDT,ask,2850,3822.895
2024-08-21 09:46:34,ETHUSDT,ask,2850,3822.885
2024-08-21 09:51:19,ETHUSDT,ask,2850,3822.688
2024-08-21 09:54:33,ETHUSDT,ask,2850,3822.698
2024-08-21 09:55:21,ETHUSDT,ask,2850,3822.688
2024-08-21 09:56:36,ETHUSDT,ask,2850,3822.68
2024-08-21 10:01:57,ETHUSDT,ask,2910,3455.262
2024-08-21 10:13:41,ETHUSDT,ask,2850,3822.69
2024-08-21 10:14:28,ETHUSDT,ask,2850,3822.68
2024-08-21 10:22:46,ETHUSDT,ask,2850,3822.69
2024-08-21 10:23:18,ETHUSDT,ask,2850,3822.68
2024-08-21 10:24:30,ETHUSDT,ask,2850,3822.69
2024-08-21 10:26:27,ETHUSDT,ask,2850,3822.69
2024-08-21 10:26:30,ETHUSDT,ask,2850,3822.7
2024-08-21 10:26:52,ETHUSDT,ask,2850,3822.709
2024-08-21 10:27:31,ETHUSDT,ask,2850,3822.699
2024-08-21 10:27:33,ETHUSDT,ask,2850,3822.689
2024-08-21 10:29:25,ETHUSDT,bid,1680,5969.53
2024-08-21 10:35:41,ETHUSDT,ask,2850,3822.68
2024-08-21 10:42:30,ETHUSDT,ask,2850,3822.69
2024-08-21 10:42:32,ETHUSDT,ask,2850,3819.644
2024-08-21 10:45:46,ETHUSDT,ask,2850,3819.57
2024-08-21 10:49:22,ETHUSDT,ask,2850,3819.717
2024-08-21 11:01:44,ETHUSDT,bid,2270,4433.221
2024-08-21 11:01:44,ETHUSDT,ask,2850,3819.084
2024-08-21 11:03:23,ETHUSDT,ask,2850,3819.094
2024-08-21 11:04:40,ETHUSDT,ask,2850,3819.084
2024-08-21 11:06:13,ETHUSDT,bid,1960,5145.027
2024-08-21 11:06:13,ETHUSDT,bid,2140,4700.903
2024-08-21 11:07:03,ETHUSDT,bid,1960,5145.419
2024-08-21 11:07:03,ETHUSDT,bid,2140,4701.295
2024-08-21 11:10:07,ETHUSDT,ask,2850,3819.888
2024-08-21 11:17:32,ETHUSDT,bid,1960,5145.43
2024-08-21 11:17:32,ETHUSDT,bid,2140,4701.306
2024-08-21 11:23:42,ETHUSDT,ask,2850,3819.898
2024-08-21 11:23:42,ETHUSDT,ask,2850,3819.908
2024-08-21 11:24:36,ETHUSDT,ask,2850,3819.898
2024-08-21 11:24:37,ETHUSDT,ask,2850,3819.888
2024-08-21 11:25:37,ETHUSDT,ask,2850,3819.898
2024-08-21 11:26:40,ETHUSDT,ask,2850,3819.888
2024-08-21 11:33:23,ETHUSDT,ask,2850,3819.896
2024-08-21 11:34:31,ETHUSDT,bid,2340,4281.466
2024-08-21 11:34:47,ETHUSDT,ask,2850,3819.888
2024-08-21 11:36:58,ETHUSDT,bid,2290,4364.903
2024-08-21 11:37:10,ETHUSDT,ask,2850,3819.985
2024-08-21 11:38:08,ETHUSDT,ask,2850,3819.888
2024-08-21 11:55:23,ETHUSDT,bid,2270,4434.221
2024-08-21 11:59:52,ETHUSDT,ask,2850,3819.898
2024-08-21 12:00:48,ETHUSDT,ask,2850,3819.888
2024-08-21 12:03:08,ETHUSDT,ask,2850,3819.898
2024-08-21 12:03:09,ETHUSDT,ask,2850,3819.908
2024-08-21 12:03:10,ETHUSDT,ask,2850,3819.918
2024-08-21 12:03:11,ETHUSDT,ask,2850,3819.928
2024-08-21 12:03:57,ETHUSDT,ask,2850,3819.918
2024-08-21 12:03:57,ETHUSDT,ask,2850,3819.908
2024-08-21 12:03:57,ETHUSDT,ask,2850,3819.898
2024-08-21 12:03:58,ETHUSDT,ask,2850,3819.888
2024-08-21 12:04:29,ETHUSDT,ask,2850,3819.908
2024-08-21 12:05:09,ETHUSDT,ask,2850,3819.898
2024-08-21 12:05:12,ETHUSDT,ask,2850,3819.888
2024-08-21 12:07:54,ETHUSDT,ask,2850,3819.898
2024-08-21 12:08:31,ETHUSDT,ask,2850,3819.888
2024-08-21 12:08:54,ETHUSDT,ask,2850,3819.898
2024-08-21 12:08:55,ETHUSDT,ask,2850,3819.908
2024-08-21 12:08:58,ETHUSDT,ask,2850,3819.918
2024-08-21 12:08:58,ETHUSDT,ask,2850,3819.928
2024-08-21 12:08:59,ETHUSDT,ask,2850,3819.938
2024-08-21 12:08:59,ETHUSDT,ask,2850,3819.948
2024-08-21 12:09:41,ETHUSDT,ask,2850,3819.938
2024-08-21 12:09:41,ETHUSDT,ask,2850,3819.928
2024-08-21 12:09:43,ETHUSDT,ask,2850,3819.918
2024-08-21 12:09:43,ETHUSDT,ask,2850,3819.908
2024-08-21 12:09:45,ETHUSDT,ask,2850,3819.898
2024-08-21 12:09:45,ETHUSDT,ask,2850,3819.888
2024-08-21 12:10:10,ETHUSDT,ask,2850,3819.879
2024-08-21 12:19:43,ETHUSDT,bid,2140,4701.12
2024-08-21 12:21:19,ETHUSDT,bid,2350,4329.312
2024-08-21 12:44:01,ETHUSDT,ask,2850,3819.889
2024-08-21 12:44:43,ETHUSDT,ask,2850,3819.879
2024-08-21 12:54:38,ETHUSDT,bid,2460,4076.541
2024-08-21 12:57:34,ETHUSDT,ask,2850,3819.889
2024-08-21 12:57:40,ETHUSDT,ask,2850,3819.899
2024-08-21 12:57:41,ETHUSDT,ask,2850,3819.909
2024-08-21 12:58:20,ETHUSDT,ask,2850,3819.899
2024-08-21 12:58:23,ETHUSDT,ask,2850,3819.889
2024-08-21 12:58:23,ETHUSDT,ask,2850,3819.879
2024-08-21 13:03:52,ETHUSDT,ask,2850,3816.799
2024-08-21 13:07:33,ETHUSDT,bid,2280,4390.096
2024-08-21 13:16:26,ETHUSDT,ask,2900,3442.991
2024-08-21 13:20:19,ETHUSDT,ask,2850,3816.624
2024-08-21 13:21:05,ETHUSDT,bid,2340,4281.476
2024-08-21 13:21:52,ETHUSDT,bid,2340,4281.466
2024-08-21 13:24:14,ETHUSDT,bid,2340,4279.466
2024-08-21 13:27:00,ETHUSDT,bid,1700,6026.008
2024-08-21 13:27:15,ETHUSDT,bid,2340,4279.475
2024-08-21 13:27:16,ETHUSDT,bid,2340,4279.484
2024-08-21 13:27:17,ETHUSDT,bid,2340,4279.493
2024-08-21 13:27:18,ETHUSDT,bid,2340,4279.502
2024-08-21 13:27:24,ETHUSDT,bid,2340,4279.493
2024-08-21 13:27:26,ETHUSDT,bid,2340,4279.484
2024-08-21 13:27:26,ETHUSDT,bid,2340,4279.475
2024-08-21 13:27:27,ETHUSDT,bid,2340,4279.466
2024-08-21 13:28:37,ETHUSDT,bid,2340,4279.466
2024-08-21 13:28:38,ETHUSDT,bid,2340,4279.476
2024-08-21 13:28:39,ETHUSDT,bid,2340,4279.476
2024-08-21 13:28:40,ETHUSDT,bid,2340,4279.492
2024-08-21 13:28:40,ETHUSDT,bid,2340,4279.492
2024-08-21 13:28:40,ETHUSDT,bid,2340,4279.508
2024-08-21 13:28:41,ETHUSDT,bid,2340,4279.517
2024-08-21 13:28:41,ETHUSDT,bid,2340,4279.526
2024-08-21 13:28:50,ETHUSDT,bid,2340,4279.517
2024-08-21 13:28:50,ETHUSDT,bid,2340,4279.508
2024-08-21 13:28:50,ETHUSDT,bid,2340,4279.517
2024-08-21 13:28:51,ETHUSDT,bid,2340,4279.526
2024-08-21 13:28:51,ETHUSDT,bid,2340,4279.535
2024-08-21 13:28:52,ETHUSDT,bid,2340,4279.544
2024-08-21 13:28:59,ETHUSDT,bid,2340,4279.535
2024-08-21 13:29:00,ETHUSDT,bid,2340,4279.526
2024-08-21 13:29:00,ETHUSDT,bid,2340,4279.517
2024-08-21 13:29:00,ETHUSDT,bid,2340,4279.508
2024-08-21 13:29:23,ETHUSDT,bid,2340,4279.498
2024-08-21 13:29:42,ETHUSDT,ask,2850,3816.755
2024-08-21 13:30:54,ETHUSDT,bid,2340,4279.508
2024-08-21 13:31:38,ETHUSDT,bid,2340,4279.498
2024-08-21 13:38:24,ETHUSDT,bid,2420,4147.791
2024-08-21 13:38:40,ETHUSDT,bid,2340,4279.482
2024-08-21 13:38:40,ETHUSDT,bid,2340,4279.466
2024-08-21 13:40:04,ETHUSDT,bid,1960,5145.038
2024-08-21 13:40:04,ETHUSDT,bid,2140,4700.728
2024-08-21 13:43:24,ETHUSDT,bid,2340,4279.466
2024-08-21 13:43:25,ETHUSDT,bid,2340,4279.466
2024-08-21 13:44:37,ETHUSDT,bid,2340,4279.476
2024-08-21 13:44:38,ETHUSDT,bid,2340,4279.486
2024-08-21 13:44:53,ETHUSDT,bid,2340,4279.495
2024-08-21 13:44:53,ETHUSDT,bid,2340,4279.504
2024-08-21 13:44:54,ETHUSDT,bid,2340,4279.513
2024-08-21 13:44:55,ETHUSDT,bid,2340,4279.531
2024-08-21 13:44:55,ETHUSDT,bid,2340,4279.54
2024-08-21 13:44:55,ETHUSDT,bid,2340,4279.549
2024-08-21 13:45:02,ETHUSDT,bid,2340,4279.54
2024-08-21 13:45:02,ETHUSDT,bid,2340,4279.531
2024-08-21 13:45:03,ETHUSDT,bid,2340,4279.522
2024-08-21 13:45:04,ETHUSDT,bid,2340,4279.504
2024-08-21 13:45:04,ETHUSDT,bid,2340,4279.495
2024-08-21 13:45:04,ETHUSDT,bid,2340,4279.486
2024-08-21 13:45:10,ETHUSDT,bid,2340,4279.486
2024-08-21 13:45:11,ETHUSDT,bid,2340,4279.486
2024-08-21 13:45:31,ETHUSDT,bid,2340,4279.476
2024-08-21 13:45:32,ETHUSDT,bid,2340,4279.466
2024-08-21 13:51:50,ETHUSDT,bid,2350,4328.427
2024-08-21 14:00:36,ETHUSDT,ask,2850,3825.479
2024-08-21 14:00:56,ETHUSDT,bid,1710,5862.405
2024-08-21 14:02:34,ETHUSDT,bid,2340,4279.475
2024-08-21 14:02:43,ETHUSDT,bid,2340,4279.466
2024-08-21 14:02:47,ETHUSDT,bid,2340,4279.476
2024-08-21 14:03:01,ETHUSDT,bid,2340,4279.485
2024-08-21 14:03:10,ETHUSDT,bid,2340,4279.476
2024-08-21 14:03:27,ETHUSDT,bid,2340,4279.466
2024-08-21 14:03:50,ETHUSDT,bid,2340,4279.475
2024-08-21 14:03:51,ETHUSDT,bid,2340,4279.493
2024-08-21 14:03:51,ETHUSDT,bid,2340,4279.502
2024-08-21 14:03:51,ETHUSDT,bid,2340,4279.511
2024-08-21 14:03:52,ETHUSDT,bid,2340,4279.52
2024-08-21 14:03:52,ETHUSDT,bid,2340,4279.529
2024-08-21 14:03:59,ETHUSDT,bid,2340,4279.52
2024-08-21 14:04:00,ETHUSDT,bid,2340,4279.511
2024-08-21 14:04:00,ETHUSDT,bid,2340,4279.493
2024-08-21 14:04:00,ETHUSDT,bid,2340,4279.484
2024-08-21 14:04:01,ETHUSDT,bid,2340,4279.475
2024-08-21 14:04:01,ETHUSDT,bid,2340,4279.466
2024-08-21 14:04:48,ETHUSDT,ask,2850,3825.471
2024-08-21 14:10:01,ETHUSDT,ask,2850,3825.634
2024-08-21 14:11:27,ETHUSDT,bid,1940,5162.037
2024-08-21 14:13:04,ETHUSDT,bid,2340,4279.476
2024-08-21 14:13:31,ETHUSDT,ask,2600,4281.73
2024-08-21 14:13:31,ETHUSDT,ask,2600,4281.73
2024-08-21 14:13:32,ETHUSDT,ask,2600,4292.965
2024-08-21 14:13:32,ETHUSDT,ask,2600,4281.73
2024-08-21 14:13:33,ETHUSDT,ask,2600,4281.73
2024-08-21 14:13:35,ETHUSDT,ask,2600,4281.73
2024-08-21 14:13:36,ETHUSDT,ask,2600,4292.965
2024-08-21 14:13:36,ETHUSDT,ask,2600,4281.73
2024-08-21 14:13:37,ETHUSDT,ask,2600,4281.73
2024-08-21 14:13:37,ETHUSDT,ask,2600,3893.184
2024-08-21 14:13:39,ETHUSDT,ask,2600,3892.547
2024-08-21 14:13:39,ETHUSDT,ask,2600,4293.183
2024-08-21 14:13:39,ETHUSDT,ask,2600,4282.528
2024-08-21 14:13:39,ETHUSDT,ask,2600,4284.967
2024-08-21 14:13:40,ETHUSDT,ask,2600,4284.929
2024-08-21 14:13:41,ETHUSDT,bid,2340,4279.466
2024-08-21 14:13:41,ETHUSDT,ask,2600,4284.929
2024-08-21 14:13:42,ETHUSDT,ask,2600,4296.044
2024-08-21 14:13:42,ETHUSDT,ask,2600,4284.809
2024-08-21 14:13:43,ETHUSDT,ask,2600,4284.809
2024-08-21 14:13:44,ETHUSDT,ask,2600,4285.001
2024-08-21 14:15:57,ETHUSDT,ask,2850,3825.599
2024-08-21 14:16:59,ETHUSDT,bid,2340,4279.484
2024-08-21 14:17:00,ETHUSDT,bid,2340,4279.493
2024-08-21 14:17:02,ETHUSDT,bid,2340,4279.502
2024-08-21 14:17:03,ETHUSDT,bid,2340,4279.511
2024-08-21 14:17:04,ETHUSDT,bid,2340,4279.52
2024-08-21 14:17:05,ETHUSDT,bid,2340,4279.529
2024-08-21 14:17:05,ETHUSDT,bid,2340,4279.538
2024-08-21 14:17:05,ETHUSDT,bid,2340,4279.547
2024-08-21 14:17:06,ETHUSDT,bid,2340,4279.556
2024-08-21 14:17:06,ETHUSDT,bid,2340,4279.565
2024-08-21 14:17:08,ETHUSDT,bid,2340,4279.574
2024-08-21 14:17:08,ETHUSDT,bid,2340,4279.574
2024-08-21 14:17:09,ETHUSDT,bid,2340,4279.565
2024-08-21 14:17:09,ETHUSDT,bid,2340,4279.574
2024-08-21 14:17:11,ETHUSDT,bid,2340,4279.565
2024-08-21 14:17:12,ETHUSDT,bid,2340,4279.556
2024-08-21 14:17:13,ETHUSDT,bid,2340,4279.547
2024-08-21 14:17:14,ETHUSDT,bid,2340,4279.538
2024-08-21 14:17:14,ETHUSDT,bid,2340,4279.529
2024-08-21 14:17:14,ETHUSDT,bid,2340,4279.52
2024-08-21 14:17:15,ETHUSDT,bid,2340,4279.511
2024-08-21 14:17:15,ETHUSDT,bid,2340,4279.502
2024-08-21 14:17:17,ETHUSDT,bid,2340,4279.493
2024-08-21 14:17:17,ETHUSDT,bid,2340,4279.475
2024-08-21 14:17:19,ETHUSDT,bid,2340,4279.466
2024-08-21 14:17:23,ETHUSDT,bid,2340,4279.475
2024-08-21 14:17:23,ETHUSDT,bid,2340,4279.484
2024-08-21 14:17:31,ETHUSDT,bid,2340,4279.475
2024-08-21 14:17:32,ETHUSDT,bid,2340,4279.466
2024-08-21 14:17:45,ETHUSDT,bid,2340,4279.475
2024-08-21 14:17:54,ETHUSDT,bid,2340,4279.466
2024-08-21 14:18:24,ETHUSDT,ask,2850,3825.599
2024-08-21 14:21:47,ETHUSDT,ask,2850,3825.619
2024-08-21 14:21:56,ETHUSDT,bid,2340,4279.476
2024-08-21 14:21:57,ETHUSDT,bid,2340,4279.486
2024-08-21 14:23:06,ETHUSDT,bid,2340,4279.476
2024-08-21 14:23:07,ETHUSDT,bid,2340,4279.466
2024-08-21 14:24:23,ETHUSDT,bid,2340,4279.466
2024-08-21 14:24:24,ETHUSDT,bid,2340,4279.466
2024-08-21 14:24:25,ETHUSDT,bid,2340,4279.466
2024-08-21 14:24:26,ETHUSDT,bid,2340,4279.475
2024-08-21 14:24:26,ETHUSDT,bid,2340,4279.466
2024-08-21 14:24:27,ETHUSDT,bid,2340,4279.466
2024-08-21 14:24:28,ETHUSDT,bid,2340,4279.466
2024-08-21 14:24:29,ETHUSDT,bid,2340,4279.466
2024-08-21 14:24:29,ETHUSDT,bid,2340,4279.476
2024-08-21 14:24:30,ETHUSDT,bid,2340,4279.476
2024-08-21 14:24:31,ETHUSDT,bid,2340,4279.476
2024-08-21 14:24:32,ETHUSDT,bid,2340,4279.476
2024-08-21 14:24:33,ETHUSDT,bid,2340,4279.476
2024-08-21 14:24:34,ETHUSDT,bid,2340,4279.486
2024-08-21 14:24:34,ETHUSDT,bid,2340,4279.486
2024-08-21 14:25:02,ETHUSDT,bid,2340,4279.486
2024-08-21 14:25:03,ETHUSDT,bid,2340,4279.486
2024-08-21 14:25:25,ETHUSDT,bid,2340,4279.476
2024-08-21 14:25:28,ETHUSDT,bid,2340,4279.466
2024-08-21 14:28:54,ETHUSDT,bid,1960,5144.915
2024-08-21 14:34:29,ETHUSDT,ask,2850,3825.635
2024-08-21 14:35:30,ETHUSDT,bid,2340,4279.476
2024-08-21 14:36:06,ETHUSDT,bid,2340,4279.466
2024-08-21 14:40:00,ETHUSDT,ask,2910,3456.429
2024-08-21 14:40:10,ETHUSDT,ask,2850,3825.619
2024-08-21 14:41:12,ETHUSDT,bid,1680,5968.53
2024-08-21 14:41:43,ETHUSDT,bid,1700,6024.508
2024-08-21 14:44:46,ETHUSDT,ask,2850,3825.603
2024-08-21 14:56:11,ETHUSDT,ask,2910,3456.903
2024-08-21 15:05:20,ETHUSDT,ask,2850,3825.091
2024-08-21 15:08:50,ETHUSDT,ask,2850,3825.111
2024-08-21 15:08:52,ETHUSDT,ask,2850,3825.101
2024-08-21 15:08:58,ETHUSDT,ask,2850,3825.091
2024-08-21 15:09:32,ETHUSDT,ask,2850,3825.101
2024-08-21 15:10:04,ETHUSDT,ask,2910,3457.761
2024-08-21 15:10:10,ETHUSDT,ask,2850,3825.091
2024-08-21 15:11:04,ETHUSDT,ask,2890,3457.333
2024-08-21 15:14:39,ETHUSDT,ask,2850,3824.974
2024-08-21 15:18:29,ETHUSDT,ask,2850,3824.982
2024-08-21 15:20:55,ETHUSDT,ask,2850,3824.314
2024-08-21 15:21:51,ETHUSDT,bid,2140,4700.714
2024-08-21 15:21:51,ETHUSDT,ask,2850,3824.3
2024-08-21 15:24:31,ETHUSDT,ask,2850,3824.968
2024-08-21 15:33:59,ETHUSDT,bid,2350,4338.309
2024-08-21 15:35:36,ETHUSDT,ask,2900,3443.63
2024-08-21 15:36:01,ETHUSDT,ask,2850,3824.968
2024-08-21 15:43:35,ETHUSDT,ask,2850,3824.978
2024-08-21 15:44:36,ETHUSDT,ask,2850,3824.968
2024-08-21 15:52:11,ETHUSDT,bid,1960,5144.904
2024-08-21 15:52:11,ETHUSDT,bid,2140,4700.703
2024-08-21 15:53:33,ETHUSDT,bid,2380,4389.289
2024-08-21 15:53:33,ETHUSDT,bid,2380,4689.289
2024-08-21 15:59:59,ETHUSDT,bid,2350,4342.23
2024-08-21 16:08:52,ETHUSDT,bid,1940,5161.574
2024-08-21 16:10:12,ETHUSDT,ask,2850,3825.002
2024-08-21 16:32:53,ETHUSDT,ask,2850,3825.177
2024-08-21 16:33:59,ETHUSDT,bid,2230,4529.504
2024-08-21 16:35:19,ETHUSDT,ask,2850,3825.182
2024-08-21 16:40:17,ETHUSDT,bid,2350,4332.348
2024-08-21 16:49:41,ETHUSDT,bid,2140,4700.713
2024-08-21 16:49:41,ETHUSDT,ask,2850,3825.192
2024-08-21 16:51:21,ETHUSDT,ask,2850,3837.018
2024-08-21 16:55:27,ETHUSDT,bid,2340,4279.596
2024-08-21 17:05:22,ETHUSDT,bid,1960,5144.943
2024-08-21 17:05:22,ETHUSDT,bid,2140,4700.752
2024-08-21 17:10:46,ETHUSDT,ask,2910,3457.191
2024-08-21 17:29:19,ETHUSDT,ask,2850,3836.141
2024-08-21 17:39:42,ETHUSDT,bid,2200,4593.196
2024-08-21 17:42:04,ETHUSDT,ask,2850,3836.131
2024-08-21 17:51:32,ETHUSDT,bid,1960,5144.904
2024-08-21 17:53:37,ETHUSDT,bid,2350,4328.427
2024-08-21 17:58:36,ETHUSDT,bid,2340,4279.34
2024-08-21 18:07:36,ETHUSDT,bid,2340,4279.331
2024-08-21 18:10:47,ETHUSDT,bid,2460,4076.071
2024-08-21 18:25:38,ETHUSDT,bid,2350,4343.427
2024-08-21 18:31:55,ETHUSDT,ask,2850,3836.117
2024-08-21 18:45:25,ETHUSDT,bid,1700,6024.914
2024-08-21 18:45:25,ETHUSDT,bid,2270,4434.627
2024-08-21 18:51:19,ETHUSDT,ask,2910,3457.391
2024-08-21 18:58:10,ETHUSDT,bid,1700,6024.508
2024-08-21 18:58:10,ETHUSDT,bid,2270,4434.221
2024-08-21 18:58:10,ETHUSDT,ask,2850,3836.117
2024-08-21 19:04:50,ETHUSDT,ask,2850,3835.99
2024-08-21 19:18:34,ETHUSDT,bid,1940,5161.764
2024-08-21 19:18:34,ETHUSDT,bid,1960,5145.094
2024-08-21 19:18:34,ETHUSDT,bid,2140,4700.903
2024-08-21 19:18:34,ETHUSDT,bid,2270,4434.411
2024-08-21 19:22:12,ETHUSDT,ask,2850,3838.395
2024-08-21 19:24:26,ETHUSDT,bid,2340,4282.331
2024-08-21 19:24:50,ETHUSDT,bid,2340,4279.331
2024-08-21 19:30:01,ETHUSDT,bid,1940,5161.574
2024-08-21 19:30:01,ETHUSDT,bid,1960,5144.904
2024-08-21 19:30:01,ETHUSDT,bid,2140,4700.713
2024-08-21 19:30:01,ETHUSDT,bid,2270,4434.221
2024-08-21 19:30:45,ETHUSDT,bid,2420,4147.811
2024-08-21 19:34:15,ETHUSDT,bid,2420,4147.791
2024-08-21 19:38:42,ETHUSDT,bid,2270,4434.144
2024-08-21 19:48:31,ETHUSDT,ask,2850,3842.754
2024-08-21 19:48:31,ETHUSDT,bid,2460,4078.071
2024-08-21 19:48:54,ETHUSDT,ask,2850,3838.395
2024-08-21 19:49:39,ETHUSDT,bid,2460,4074.071
2024-08-21 19:50:55,ETHUSDT,ask,2850,3851.395
2024-08-21 19:58:14,ETHUSDT,bid,2340,4279.251
2024-08-21 20:04:27,ETHUSDT,bid,2460,4072.071
2024-08-21 20:06:05,ETHUSDT,ask,2850,3851.395
2024-08-21 20:08:45,ETHUSDT,bid,2570,5068.36
2024-08-21 20:08:48,ETHUSDT,bid,2570,5068.36
2024-08-21 20:08:49,ETHUSDT,bid,2570,5093.178
2024-08-21 20:08:49,ETHUSDT,bid,2570,5081.943
2024-08-21 20:08:50,ETHUSDT,bid,2570,5071.494
2024-08-21 20:08:52,ETHUSDT,bid,2570,5071.502
2024-08-21 20:08:55,ETHUSDT,bid,2570,5071.54
2024-08-21 20:08:59,ETHUSDT,bid,2570,5072.54
2024-08-21 20:09:00,ETHUSDT,bid,2570,5069.406
2024-08-21 20:09:08,ETHUSDT,bid,2570,5069.438
2024-08-21 20:09:09,ETHUSDT,bid,2570,5069.406
2024-08-21 20:09:11,ETHUSDT,bid,2570,5069.794
2024-08-21 20:09:11,ETHUSDT,bid,2570,5070.843
2024-08-21 20:09:11,ETHUSDT,bid,2570,5070.843
2024-08-21 20:09:12,ETHUSDT,bid,2570,5070.973
2024-08-21 20:09:15,ETHUSDT,bid,2570,5071.109
2024-08-21 20:09:18,ETHUSDT,bid,2570,5071.569
2024-08-21 20:09:18,ETHUSDT,bid,2570,5133.705
2024-08-21 20:09:26,ETHUSDT,bid,2570,5145.365
2024-08-21 20:09:27,ETHUSDT,bid,2570,5083.229
2024-08-21 20:09:27,ETHUSDT,bid,2570,5070.002
2024-08-21 20:09:30,ETHUSDT,bid,2570,5069.866
2024-08-21 20:09:30,ETHUSDT,bid,2570,5069.866
2024-08-21 20:09:31,ETHUSDT,bid,2570,5069.866
2024-08-21 20:09:32,ETHUSDT,bid,2570,5081.101
2024-08-21 20:09:32,ETHUSDT,bid,2570,5069.866
2024-08-21 20:09:33,ETHUSDT,bid,2570,5070.474
2024-08-21 20:09:36,ETHUSDT,bid,2570,5070.014
2024-08-21 20:09:37,ETHUSDT,bid,2570,5070.05
2024-08-21 20:09:47,ETHUSDT,bid,2570,5070.014
2024-08-21 20:09:48,ETHUSDT,bid,2570,5070.144
2024-08-21 20:09:50,ETHUSDT,bid,2570,5070.164
2024-08-21 20:09:51,ETHUSDT,bid,2570,5070.243
2024-08-21 20:09:52,ETHUSDT,bid,2570,5070.631
2024-08-21 20:09:52,ETHUSDT,bid,2570,5070.243
2024-08-21 20:09:57,ETHUSDT,bid,2570,5069.995
2024-08-21 20:09:58,ETHUSDT,bid,2570,5069.975
2024-08-21 20:10:02,ETHUSDT,bid,2570,5069.845
2024-08-21 20:10:04,ETHUSDT,bid,2200,4588.385
2024-08-21 20:10:24,ETHUSDT,bid,2570,5069.872
2024-08-21 20:10:31,ETHUSDT,bid,2570,5069.845
2024-08-21 20:10:33,ETHUSDT,bid,2570,5070.621
2024-08-21 20:10:35,ETHUSDT,bid,2570,5070.641
2024-08-21 20:10:35,ETHUSDT,bid,2570,5084.223
2024-08-21 20:10:35,ETHUSDT,bid,2570,5070.641
2024-08-21 20:10:37,ETHUSDT,bid,2570,5070.621
2024-08-21 20:10:45,ETHUSDT,bid,2570,5074.504
2024-08-21 20:10:47,ETHUSDT,bid,2570,5074.814
2024-08-21 20:10:50,ETHUSDT,bid,2570,5074.857
2024-08-21 20:10:51,ETHUSDT,bid,2570,5073.164
2024-08-21 20:10:55,ETHUSDT,bid,2570,5070.974
2024-08-21 20:10:56,ETHUSDT,bid,2570,5070.664
2024-08-21 20:10:56,ETHUSDT,bid,2570,5081.899
2024-08-21 20:10:56,ETHUSDT,bid,2570,5070.664
2024-08-21 20:10:57,ETHUSDT,bid,2570,5070.664
2024-08-21 20:10:58,ETHUSDT,bid,2570,5070.664
2024-08-21 20:10:58,ETHUSDT,bid,2570,5070.672
2024-08-21 20:10:59,ETHUSDT,bid,2570,5081.907
2024-08-21 20:10:59,ETHUSDT,bid,2570,5070.672
2024-08-21 20:11:00,ETHUSDT,bid,2570,5070.664
2024-08-21 20:11:00,ETHUSDT,bid,2570,5081.899
2024-08-21 20:11:00,ETHUSDT,bid,2570,5070.664
2024-08-21 20:11:01,ETHUSDT,bid,2570,5070.664
2024-08-21 20:11:02,ETHUSDT,bid,2570,5081.899
2024-08-21 20:11:02,ETHUSDT,bid,2570,5070.664
2024-08-21 20:11:05,ETHUSDT,bid,2570,5081.899
2024-08-21 20:11:05,ETHUSDT,bid,2570,5070.664
2024-08-21 20:11:06,ETHUSDT,bid,2570,5081.899
2024-08-21 20:11:06,ETHUSDT,bid,2570,5070.664
2024-08-21 20:11:06,ETHUSDT,bid,2570,5109.498
2024-08-21 20:11:07,ETHUSDT,bid,2570,5109.498
2024-08-21 20:11:08,ETHUSDT,bid,2570,5109.498
2024-08-21 20:11:09,ETHUSDT,bid,2570,5109.498
2024-08-21 20:11:11,ETHUSDT,bid,2570,5109.498
2024-08-21 20:11:12,ETHUSDT,bid,2570,5112.41
2024-08-21 20:11:12,ETHUSDT,bid,2570,5112.41
2024-08-21 20:11:13,ETHUSDT,bid,2570,5112.41
2024-08-21 20:11:13,ETHUSDT,bid,2570,5113.575
2024-08-21 20:11:13,ETHUSDT,bid,2570,5113.445
2024-08-21 20:11:15,ETHUSDT,bid,2570,5124.68
2024-08-21 20:11:15,ETHUSDT,bid,2570,5113.445
2024-08-21 20:11:17,ETHUSDT,bid,2570,5113.445
2024-08-21 20:11:17,ETHUSDT,bid,2570,5116.55
2024-08-21 20:11:18,ETHUSDT,bid,2570,5127.785
2024-08-21 20:11:18,ETHUSDT,bid,2570,5116.55
2024-08-21 20:11:21,ETHUSDT,bid,2570,5116.55
2024-08-21 20:11:22,ETHUSDT,bid,2570,5116.55
2024-08-21 20:11:23,ETHUSDT,bid,2570,5116.55
2024-08-21 20:11:24,ETHUSDT,bid,2570,5116.55
2024-08-21 20:11:24,ETHUSDT,bid,2570,5116.558
2024-08-21 20:11:25,ETHUSDT,bid,2570,5127.793
2024-08-21 20:11:25,ETHUSDT,bid,2570,5116.558
2024-08-21 20:11:26,ETHUSDT,bid,2570,5116.558
2024-08-21 20:11:26,ETHUSDT,bid,2570,5116.55
2024-08-21 20:11:27,ETHUSDT,bid,2570,5116.55
2024-08-21 20:11:28,ETHUSDT,bid,2570,5116.55
2024-08-21 20:11:30,ETHUSDT,bid,2570,5116.55
2024-08-21 20:11:31,ETHUSDT,bid,2570,5127.785
2024-08-21 20:11:31,ETHUSDT,bid,2570,5116.55
2024-08-21 20:11:32,ETHUSDT,bid,2570,5116.55
2024-08-21 20:11:33,ETHUSDT,bid,2570,5116.55
2024-08-21 20:11:34,ETHUSDT,bid,2570,5127.785
2024-08-21 20:11:34,ETHUSDT,bid,2570,5116.55
2024-08-21 20:11:35,ETHUSDT,bid,2570,5116.55
2024-08-21 20:11:36,ETHUSDT,bid,2570,5116.563
2024-08-21 20:11:36,ETHUSDT,bid,2570,5116.563
2024-08-21 20:11:37,ETHUSDT,bid,2570,5127.798
2024-08-21 20:11:37,ETHUSDT,bid,2570,5116.563
2024-08-21 20:11:38,ETHUSDT,bid,2570,5116.563
2024-08-21 20:11:39,ETHUSDT,bid,2570,5116.563
2024-08-21 20:11:40,ETHUSDT,bid,2570,5116.563
2024-08-21 20:11:41,ETHUSDT,bid,2570,5116.563
2024-08-21 20:11:42,ETHUSDT,bid,2570,5116.563
2024-08-21 20:11:43,ETHUSDT,bid,2570,5116.693
2024-08-21 20:11:43,ETHUSDT,bid,2570,5127.928
2024-08-21 20:11:43,ETHUSDT,bid,2570,5116.693
2024-08-21 20:11:48,ETHUSDT,bid,2570,5116.693
2024-08-21 20:11:49,ETHUSDT,bid,2570,5127.928
2024-08-21 20:11:49,ETHUSDT,bid,2570,5116.693
2024-08-21 20:11:50,ETHUSDT,bid,2570,5116.693
2024-08-21 20:11:51,ETHUSDT,bid,2570,5127.928
2024-08-21 20:11:51,ETHUSDT,bid,2570,5116.693
2024-08-21 20:11:52,ETHUSDT,bid,2570,5127.928
2024-08-21 20:11:52,ETHUSDT,bid,2570,5116.693
2024-08-21 20:11:53,ETHUSDT,bid,2570,5132.233
2024-08-21 20:11:53,ETHUSDT,bid,2570,5132.233
2024-08-21 20:11:54,ETHUSDT,bid,2570,5132.233
2024-08-21 20:11:57,ETHUSDT,bid,2570,5143.468
2024-08-21 20:11:57,ETHUSDT,bid,2570,5132.233
2024-08-21 20:11:58,ETHUSDT,bid,2570,5132.233
2024-08-21 20:11:59,ETHUSDT,bid,2570,5143.468
2024-08-21 20:11:59,ETHUSDT,bid,2570,5132.233
2024-08-21 20:12:00,ETHUSDT,bid,2570,5143.468
2024-08-21 20:12:00,ETHUSDT,bid,2570,5132.233
2024-08-21 20:12:01,ETHUSDT,bid,2570,5116.693
2024-08-21 20:12:02,ETHUSDT,bid,2570,5127.928
2024-08-21 20:12:02,ETHUSDT,bid,2570,5116.693
2024-08-21 20:12:02,ETHUSDT,bid,2570,5116.563
2024-08-21 20:12:02,ETHUSDT,bid,2570,5115.563
2024-08-21 20:12:03,ETHUSDT,bid,2570,5126.798
2024-08-21 20:12:03,ETHUSDT,bid,2570,5115.563
2024-08-21 20:12:04,ETHUSDT,bid,2570,5115.563
2024-08-21 20:12:05,ETHUSDT,bid,2570,5115.563
2024-08-21 20:12:07,ETHUSDT,bid,2570,5115.563
2024-08-21 20:12:09,ETHUSDT,bid,2570,5126.798
2024-08-21 20:12:09,ETHUSDT,bid,2570,5115.563
2024-08-21 20:12:10,ETHUSDT,bid,2570,5115.563
2024-08-21 20:12:11,ETHUSDT,bid,2570,5115.563
2024-08-21 20:12:13,ETHUSDT,bid,2570,5115.563
2024-08-21 20:12:13,ETHUSDT,bid,2570,5127.223
2024-08-21 20:12:15,ETHUSDT,bid,2570,5115.563
2024-08-21 20:12:19,ETHUSDT,bid,2570,5115.563
2024-08-21 20:12:20,ETHUSDT,bid,2570,5115.563
2024-08-21 20:12:21,ETHUSDT,bid,2570,5115.61
2024-08-21 20:12:21,ETHUSDT,bid,2570,5115.61
2024-08-21 20:12:22,ETHUSDT,bid,2570,5127.27
2024-08-21 20:12:22,ETHUSDT,bid,2570,5138.505
2024-08-21 20:12:22,ETHUSDT,bid,2570,5115.61
2024-08-21 20:12:25,ETHUSDT,bid,2570,5126.845
2024-08-21 20:12:25,ETHUSDT,bid,2570,5115.61
2024-08-21 20:12:25,ETHUSDT,bid,2570,5117.553
2024-08-21 20:12:25,ETHUSDT,bid,2570,5115.61
2024-08-21 20:12:26,ETHUSDT,bid,2570,5115.946
2024-08-21 20:12:30,ETHUSDT,bid,2570,5127.181
2024-08-21 20:12:30,ETHUSDT,bid,2570,5115.946
2024-08-21 20:12:30,ETHUSDT,bid,2570,5118.121
2024-08-21 20:12:31,ETHUSDT,bid,2570,5118.121
2024-08-21 20:12:32,ETHUSDT,bid,2570,5118.121
2024-08-21 20:12:34,ETHUSDT,bid,2570,5117.275
2024-08-21 20:13:00,ETHUSDT,bid,2570,5117.228
2024-08-21 20:13:01,ETHUSDT,bid,2570,5117.324
2024-08-21 20:13:04,ETHUSDT,bid,2570,5117.228
2024-08-21 20:13:12,ETHUSDT,bid,2570,5116.228
2024-08-21 20:13:14,ETHUSDT,bid,2570,5118.214
2024-08-21 20:13:14,ETHUSDT,bid,2570,5131.192
2024-08-21 20:13:14,ETHUSDT,bid,2570,5118.214
2024-08-21 20:13:14,ETHUSDT,bid,2570,5118.198
2024-08-21 20:13:14,ETHUSDT,ask,2850,3851.381
2024-08-21 20:13:15,ETHUSDT,bid,2570,5121.394
2024-08-21 20:13:15,ETHUSDT,bid,2570,5137.778
2024-08-21 20:13:15,ETHUSDT,bid,2570,5136.113
2024-08-21 20:13:21,ETHUSDT,bid,2570,5125.782
2024-08-21 20:13:21,ETHUSDT,bid,2570,5118.56
2024-08-21 20:13:22,ETHUSDT,bid,2570,5114.547
2024-08-21 20:13:23,ETHUSDT,bid,2570,5128.131
2024-08-21 20:13:23,ETHUSDT,bid,2570,5114.547
2024-08-21 20:13:24,ETHUSDT,bid,2570,5114.547
2024-08-21 20:13:25,ETHUSDT,bid,2570,5114.547
2024-08-21 20:13:26,ETHUSDT,bid,2570,5125.782
2024-08-21 20:13:26,ETHUSDT,bid,2570,5114.547
2024-08-21 20:13:27,ETHUSDT,bid,2570,5125.782
2024-08-21 20:13:27,ETHUSDT,bid,2570,5114.547
2024-08-21 20:13:28,ETHUSDT,bid,2570,5114.547
2024-08-21 20:13:29,ETHUSDT,bid,2570,5114.547
2024-08-21 20:13:30,ETHUSDT,bid,2570,5114.547
2024-08-21 20:13:31,ETHUSDT,bid,2570,5114.547
2024-08-21 20:13:32,ETHUSDT,bid,2570,5114.547
2024-08-21 20:13:33,ETHUSDT,bid,2570,5125.782
2024-08-21 20:13:33,ETHUSDT,bid,2570,5114.547
2024-08-21 20:13:33,ETHUSDT,bid,2570,5114.944
2024-08-21 20:13:34,ETHUSDT,bid,2570,5126.179
2024-08-21 20:13:34,ETHUSDT,bid,2570,5114.944
2024-08-21 20:13:35,ETHUSDT,bid,2570,5114.547
2024-08-21 20:13:36,ETHUSDT,bid,2570,5114.547
2024-08-21 20:13:37,ETHUSDT,bid,2570,5114.547
2024-08-21 20:13:38,ETHUSDT,bid,2570,5125.782
2024-08-21 20:13:38,ETHUSDT,bid,2570,5114.547
2024-08-21 20:13:39,ETHUSDT,bid,2570,5114.547
2024-08-21 20:13:40,ETHUSDT,bid,2570,5125.782
2024-08-21 20:13:40,ETHUSDT,bid,2570,5114.547
2024-08-21 20:13:41,ETHUSDT,bid,2570,5125.782
2024-08-21 20:13:41,ETHUSDT,bid,2570,5114.547
2024-08-21 20:13:42,ETHUSDT,bid,2570,5115.137
2024-08-21 20:13:42,ETHUSDT,bid,2570,5115.137
2024-08-21 20:13:43,ETHUSDT,bid,2570,5126.372
2024-08-21 20:13:43,ETHUSDT,bid,2570,5115.137
2024-08-21 20:13:44,ETHUSDT,bid,2570,5115.137
2024-08-21 20:13:45,ETHUSDT,bid,2570,5126.678
2024-08-21 20:13:45,ETHUSDT,bid,2570,5126.678
2024-08-21 20:13:46,ETHUSDT,bid,2570,5137.913
2024-08-21 20:13:46,ETHUSDT,bid,2570,5126.678
2024-08-21 20:13:47,ETHUSDT,bid,2570,5137.913
2024-08-21 20:13:47,ETHUSDT,bid,2570,5126.678
2024-08-21 20:13:48,ETHUSDT,bid,2570,5137.913
2024-08-21 20:13:48,ETHUSDT,bid,2570,5126.678
2024-08-21 20:13:49,ETHUSDT,bid,2570,5137.913
2024-08-21 20:13:49,ETHUSDT,bid,2570,5126.678
2024-08-21 20:13:49,ETHUSDT,bid,2570,5155.492
2024-08-21 20:13:50,ETHUSDT,bid,2570,5155.492
2024-08-21 20:13:51,ETHUSDT,bid,2570,5155.492
2024-08-21 20:13:51,ETHUSDT,bid,2570,5167.152
2024-08-21 20:13:52,ETHUSDT,bid,2570,5178.387
2024-08-21 20:13:52,ETHUSDT,bid,2570,5167.152
2024-08-21 20:13:52,ETHUSDT,bid,2570,5178.693
2024-08-21 20:13:53,ETHUSDT,bid,2570,5178.693
2024-08-21 20:13:54,ETHUSDT,bid,2570,5178.693
2024-08-21 20:13:55,ETHUSDT,bid,2570,5189.928
2024-08-21 20:13:55,ETHUSDT,bid,2570,5178.693
2024-08-21 20:13:55,ETHUSDT,bid,2570,5167.033
2024-08-21 20:13:56,ETHUSDT,bid,2570,5167.033
2024-08-21 20:13:57,ETHUSDT,bid,2570,5167.033
2024-08-21 20:13:58,ETHUSDT,bid,2570,5143.951
2024-08-21 20:13:58,ETHUSDT,bid,2570,5154.814
2024-08-21 20:13:59,ETHUSDT,bid,2570,5154.814
2024-08-21 20:14:00,ETHUSDT,bid,2570,5166.049
2024-08-21 20:14:00,ETHUSDT,bid,2570,5155.014
2024-08-21 20:14:01,ETHUSDT,bid,2570,5166.249
2024-08-21 20:14:01,ETHUSDT,bid,2570,5155.814
2024-08-21 20:14:01,ETHUSDT,bid,2570,5143.361
2024-08-21 20:14:07,ETHUSDT,bid,2570,5154.596
2024-08-21 20:14:07,ETHUSDT,bid,2570,5143.361
2024-08-21 20:14:08,ETHUSDT,bid,2570,5143.361
2024-08-21 20:14:09,ETHUSDT,bid,2570,5154.596
2024-08-21 20:14:09,ETHUSDT,bid,2570,5143.361
2024-08-21 20:14:16,ETHUSDT,bid,2570,5158.224
2024-08-21 20:14:17,ETHUSDT,bid,2570,5147.361
2024-08-21 20:14:18,ETHUSDT,bid,2570,5149.761
2024-08-21 20:14:19,ETHUSDT,bid,2570,5147.361
2024-08-21 20:14:19,ETHUSDT,bid,2570,5148.913
2024-08-21 20:14:20,ETHUSDT,bid,2570,5148.913
2024-08-21 20:14:20,ETHUSDT,bid,2570,5148.913
2024-08-21 20:14:22,ETHUSDT,bid,2570,5149.527
2024-08-21 20:14:22,ETHUSDT,bid,2570,5147.975
2024-08-21 20:14:22,ETHUSDT,bid,2570,5148.169
2024-08-21 20:14:25,ETHUSDT,bid,2570,5163.493
2024-08-21 20:14:26,ETHUSDT,bid,2570,5147.975
2024-08-21 20:14:27,ETHUSDT,bid,2570,4691.901
2024-08-21 20:14:27,ETHUSDT,bid,2570,4691.879
2024-08-21 20:14:27,ETHUSDT,bid,2570,4691.906
2024-08-21 20:14:27,ETHUSDT,bid,2570,4691.896
2024-08-21 20:14:27,ETHUSDT,bid,2570,4697.731
2024-08-21 20:14:28,ETHUSDT,bid,2570,4697.717
2024-08-21 20:14:28,ETHUSDT,bid,2570,4697.99
2024-08-21 20:14:28,ETHUSDT,bid,2570,4698.025
2024-08-21 20:14:28,ETHUSDT,bid,2570,4698.019
2024-08-21 20:14:29,ETHUSDT,bid,2570,4697.669
2024-08-21 20:14:29,ETHUSDT,bid,2570,4668.855
2024-08-21 20:14:29,ETHUSDT,bid,2570,4668.855
2024-08-21 20:14:29,ETHUSDT,bid,2570,4668.849
2024-08-21 20:14:29,ETHUSDT,bid,2570,4668.858
2024-08-21 20:14:30,ETHUSDT,bid,2570,4668.885
2024-08-21 20:14:30,ETHUSDT,bid,2570,4670.991
2024-08-21 20:14:30,ETHUSDT,bid,2570,4668.885
2024-08-21 20:14:30,ETHUSDT,bid,2570,4669.003
2024-08-21 20:14:30,ETHUSDT,bid,2570,4669.368
2024-08-21 20:14:30,ETHUSDT,bid,2570,4669.356
2024-08-21 20:14:30,ETHUSDT,bid,2570,4669.368
2024-08-21 20:14:31,ETHUSDT,bid,2570,4669.368
2024-08-21 20:14:31,ETHUSDT,bid,2570,4673.568
2024-08-21 20:14:31,ETHUSDT,bid,2570,4652.934
2024-08-21 20:14:31,ETHUSDT,bid,2570,4652.912
2024-08-21 20:14:32,ETHUSDT,bid,2570,4652.867
2024-08-21 20:14:32,ETHUSDT,bid,2570,4652.892
2024-08-21 20:14:32,ETHUSDT,bid,2570,4652.882
2024-08-21 20:14:32,ETHUSDT,bid,2570,4654.089
2024-08-21 20:14:33,ETHUSDT,bid,2570,4654.077
2024-08-21 20:14:33,ETHUSDT,bid,2570,4654.089
2024-08-21 20:14:33,ETHUSDT,bid,2570,4654.079
2024-08-21 20:14:33,ETHUSDT,bid,2570,4653.982
2024-08-21 20:14:33,ETHUSDT,bid,2570,4648.041
2024-08-21 20:14:33,ETHUSDT,bid,2570,4648.023
2024-08-21 20:14:33,ETHUSDT,bid,2570,4648.619
2024-08-21 20:14:33,ETHUSDT,bid,2570,4644.836
2024-08-21 20:14:34,ETHUSDT,bid,2570,4644.851
2024-08-21 20:14:34,ETHUSDT,bid,2570,4644.863
2024-08-21 20:14:34,ETHUSDT,bid,2570,4644.854
2024-08-21 20:14:34,ETHUSDT,bid,2570,4645.255
2024-08-21 20:14:34,ETHUSDT,bid,2570,4645.209
2024-08-21 20:14:34,ETHUSDT,bid,2570,4645.036
2024-08-21 20:14:35,ETHUSDT,bid,2570,4645.046
2024-08-21 20:14:35,ETHUSDT,bid,2570,4645.046
2024-08-21 20:14:35,ETHUSDT,bid,2570,4646.171
2024-08-21 20:14:36,ETHUSDT,bid,2570,4646.186
2024-08-21 20:14:36,ETHUSDT,bid,2570,4646.196
2024-08-21 20:14:36,ETHUSDT,bid,2570,4640.084
2024-08-21 20:14:36,ETHUSDT,bid,2570,4639.464
2024-08-21 20:14:37,ETHUSDT,bid,2570,4637.522
2024-08-21 20:14:37,ETHUSDT,bid,2570,4635.022
2024-08-21 20:14:38,ETHUSDT,bid,2570,4634.995
2024-08-21 20:14:39,ETHUSDT,bid,2570,4634.881
2024-08-21 20:14:39,ETHUSDT,bid,2570,4634.87
2024-08-21 20:14:40,ETHUSDT,bid,2570,4634.843
2024-08-21 20:14:41,ETHUSDT,bid,2570,4635.585
2024-08-21 20:14:41,ETHUSDT,bid,2570,4635.56
2024-08-21 20:14:43,ETHUSDT,bid,2570,4635.533
2024-08-21 20:14:44,ETHUSDT,bid,2570,4637.47
2024-08-21 20:14:44,ETHUSDT,bid,2570,4633.328
2024-08-21 20:14:44,ETHUSDT,bid,2570,4633.319
2024-08-21 20:14:45,ETHUSDT,bid,2570,4633.309
2024-08-21 20:14:45,ETHUSDT,bid,2570,4633.297
2024-08-21 20:14:45,ETHUSDT,bid,2570,4633.282
2024-08-21 20:14:46,ETHUSDT,bid,2570,4635.679
2024-08-21 20:14:49,ETHUSDT,bid,2570,4639.879
2024-08-21 20:14:49,ETHUSDT,bid,2570,4638.068
2024-08-21 20:14:49,ETHUSDT,bid,2570,4643.647
2024-08-21 20:14:49,ETHUSDT,bid,2570,4639.447
2024-08-21 20:14:49,ETHUSDT,bid,2570,4633.868
2024-08-21 20:14:51,ETHUSDT,bid,2570,4639.439
2024-08-21 20:14:52,ETHUSDT,bid,2570,4633.868
2024-08-21 20:14:53,ETHUSDT,bid,2570,4638.868
2024-08-21 20:14:54,ETHUSDT,bid,2570,4639.847
2024-08-21 20:15:00,ETHUSDT,bid,2570,4638.879
2024-08-21 20:15:01,ETHUSDT,bid,2570,4638.879
2024-08-21 20:15:02,ETHUSDT,bid,2570,4639.279
2024-08-21 20:15:02,ETHUSDT,bid,2570,4638.879
2024-08-21 20:15:02,ETHUSDT,bid,2570,4645.73
2024-08-21 20:15:02,ETHUSDT,bid,2570,4647.33
2024-08-21 20:15:03,ETHUSDT,bid,2570,4640.479
2024-08-21 20:15:03,ETHUSDT,bid,2570,4641.479
2024-08-21 20:15:04,ETHUSDT,bid,2570,4641.479
2024-08-21 20:15:04,ETHUSDT,bid,2570,4641.479
2024-08-21 20:15:06,ETHUSDT,bid,2570,4641.479
2024-08-21 20:15:07,ETHUSDT,bid,2570,4642.279
2024-08-21 20:15:07,ETHUSDT,bid,2570,4642.679
2024-08-21 20:15:07,ETHUSDT,bid,2570,4642.002
2024-08-21 20:15:08,ETHUSDT,bid,2570,4641.802
2024-08-21 20:15:08,ETHUSDT,bid,2570,4652.27
2024-08-21 20:15:10,ETHUSDT,bid,2570,4641.902
2024-08-21 20:15:10,ETHUSDT,bid,2570,4641.802
2024-08-21 20:15:11,ETHUSDT,bid,2570,4642.228
2024-08-21 20:15:11,ETHUSDT,bid,2570,4642.277
2024-08-21 20:15:11,ETHUSDT,bid,2570,4641.851
2024-08-21 20:15:11,ETHUSDT,bid,2570,4641.851
2024-08-21 20:15:11,ETHUSDT,bid,2570,4653.882
2024-08-21 20:15:12,ETHUSDT,bid,2570,4653.92
2024-08-21 20:15:12,ETHUSDT,bid,2570,4655.12
2024-08-21 20:15:13,ETHUSDT,bid,2570,4642.689
2024-08-21 20:15:13,ETHUSDT,bid,2570,4654.72
2024-08-21 20:15:13,ETHUSDT,bid,2570,4652.323
2024-08-21 20:15:13,ETHUSDT,bid,2570,4640.292
2024-08-21 20:15:13,ETHUSDT,bid,2570,4639.492
2024-08-21 20:15:13,ETHUSDT,bid,2570,4651.523
2024-08-21 20:15:14,ETHUSDT,bid,2570,4639.492
2024-08-21 20:15:14,ETHUSDT,bid,2570,4639.454
2024-08-21 20:15:14,ETHUSDT,bid,2570,4637.854
2024-08-21 20:15:14,ETHUSDT,bid,2570,4639.106
2024-08-21 20:15:15,ETHUSDT,bid,2570,4638.718
2024-08-21 20:15:15,ETHUSDT,bid,2570,4638.838
2024-08-21 20:15:16,ETHUSDT,bid,2570,4650.073
2024-08-21 20:15:16,ETHUSDT,bid,2570,4638.838
2024-08-21 20:15:16,ETHUSDT,bid,2570,4638.955
2024-08-21 20:15:17,ETHUSDT,bid,2570,4650.19
2024-08-21 20:15:17,ETHUSDT,bid,2570,4638.955
2024-08-21 20:15:18,ETHUSDT,bid,2570,4643.023
2024-08-21 20:15:18,ETHUSDT,bid,2570,4643.386
2024-08-21 20:15:18,ETHUSDT,bid,2570,4639.318
2024-08-21 20:15:19,ETHUSDT,bid,2570,4650.553
2024-08-21 20:15:19,ETHUSDT,bid,2570,4639.318
2024-08-21 20:15:21,ETHUSDT,bid,2570,4639.318
2024-08-21 20:15:22,ETHUSDT,bid,2570,4639.318
2024-08-21 20:15:23,ETHUSDT,bid,2570,4639.471
2024-08-21 20:15:23,ETHUSDT,bid,2570,4639.471
2024-08-21 20:15:24,ETHUSDT,bid,2570,4639.471
2024-08-21 20:15:24,ETHUSDT,bid,2570,4639.481
2024-08-21 20:15:25,ETHUSDT,bid,2570,4639.481
2024-08-21 20:15:26,ETHUSDT,bid,2570,4639.341
2024-08-21 20:15:26,ETHUSDT,bid,2570,4651.166
2024-08-21 20:15:26,ETHUSDT,bid,2570,4639.931
2024-08-21 20:15:28,ETHUSDT,bid,2570,4641.356
2024-08-21 20:15:29,ETHUSDT,bid,2570,4652.591
2024-08-21 20:15:29,ETHUSDT,bid,2570,4641.356
2024-08-21 20:15:30,ETHUSDT,bid,2570,4652.591
2024-08-21 20:15:30,ETHUSDT,bid,2570,4641.356
2024-08-21 20:15:31,ETHUSDT,bid,2570,4641.236
2024-08-21 20:15:31,ETHUSDT,bid,2570,4641.236
2024-08-21 20:15:32,ETHUSDT,bid,2570,4641.236
2024-08-21 20:15:32,ETHUSDT,bid,2570,4643.206
2024-08-21 20:15:33,ETHUSDT,bid,2570,4654.441
2024-08-21 20:15:33,ETHUSDT,bid,2570,4643.206
2024-08-21 20:15:33,ETHUSDT,bid,2570,4641.236
2024-08-21 20:15:34,ETHUSDT,bid,2570,4641.236
2024-08-21 20:15:34,ETHUSDT,bid,2570,4641.626
2024-08-21 20:15:34,ETHUSDT,bid,2570,4639.684
2024-08-21 20:15:35,ETHUSDT,bid,2570,4650.927
2024-08-21 20:15:35,ETHUSDT,bid,2570,4639.102
2024-08-21 20:15:35,ETHUSDT,bid,2570,4639.121
2024-08-21 20:15:36,ETHUSDT,bid,2570,4650.356
2024-08-21 20:15:36,ETHUSDT,bid,2570,4639.121
2024-08-21 20:15:37,ETHUSDT,bid,2570,4639.113
2024-08-21 20:15:37,ETHUSDT,bid,2570,4639.113
2024-08-21 20:15:37,ETHUSDT,bid,2570,4641.055
2024-08-21 20:15:38,ETHUSDT,bid,2570,4642.689
2024-08-21 20:15:38,ETHUSDT,bid,2570,4641.036
2024-08-21 20:15:39,ETHUSDT,bid,2570,4654.633
2024-08-21 20:15:41,ETHUSDT,bid,2570,4654.633
2024-08-21 20:15:42,ETHUSDT,bid,2570,4676.958
2024-08-21 20:15:42,ETHUSDT,bid,2570,4676.957
2024-08-21 20:15:42,ETHUSDT,bid,2570,4661.426
2024-08-21 20:15:42,ETHUSDT,bid,2570,4661.426
2024-08-21 20:15:42,ETHUSDT,bid,2570,4656.603
2024-08-21 20:15:43,ETHUSDT,bid,2570,4656.723
2024-08-21 20:15:43,ETHUSDT,bid,2570,4663.516
2024-08-21 20:15:43,ETHUSDT,bid,2570,4663.867
2024-08-21 20:15:43,ETHUSDT,bid,2570,4664.317
2024-08-21 20:15:43,ETHUSDT,bid,2570,4664.317
2024-08-21 20:15:43,ETHUSDT,bid,2570,4662.347
2024-08-21 20:15:44,ETHUSDT,bid,2570,4664.347
2024-08-21 20:15:44,ETHUSDT,bid,2570,4675.582
2024-08-21 20:15:44,ETHUSDT,bid,2570,4664.347
2024-08-21 20:15:45,ETHUSDT,bid,2570,4664.347
2024-08-21 20:15:46,ETHUSDT,bid,2570,4664.347
2024-08-21 20:15:47,ETHUSDT,bid,2570,4664.347
2024-08-21 20:15:47,ETHUSDT,bid,2570,4669.105
2024-08-21 20:15:48,ETHUSDT,bid,2570,4669.105
2024-08-21 20:15:48,ETHUSDT,bid,2570,4653.691
2024-08-21 20:15:49,ETHUSDT,bid,2570,4642.16
2024-08-21 20:15:50,ETHUSDT,bid,2570,4653.395
2024-08-21 20:15:50,ETHUSDT,bid,2570,4642.16
2024-08-21 20:15:50,ETHUSDT,bid,2570,4640.223
2024-08-21 20:15:54,ETHUSDT,bid,2570,4640.203
2024-08-21 20:15:56,ETHUSDT,bid,2570,4641.166
2024-08-21 20:15:57,ETHUSDT,bid,2570,4642.118
2024-08-21 20:15:57,ETHUSDT,bid,2570,4643.676
2024-08-21 20:15:58,ETHUSDT,bid,2570,4643.726
2024-08-21 20:16:02,ETHUSDT,bid,2570,4643.92
2024-08-21 20:16:02,ETHUSDT,bid,2570,4702.376
2024-08-21 20:16:04,ETHUSDT,bid,2570,4702.764
2024-08-21 20:16:04,ETHUSDT,bid,2570,4702.376
2024-08-21 20:16:05,ETHUSDT,bid,2570,4713.611
2024-08-21 20:16:05,ETHUSDT,bid,2570,4702.376
2024-08-21 20:16:07,ETHUSDT,bid,2570,4702.376
2024-08-21 20:16:08,ETHUSDT,bid,2570,4713.611
2024-08-21 20:16:08,ETHUSDT,bid,2570,4702.376
2024-08-21 20:16:09,ETHUSDT,bid,2570,4702.376
2024-08-21 20:16:10,ETHUSDT,bid,2570,4702.376
2024-08-21 20:16:11,ETHUSDT,bid,2570,4713.611
2024-08-21 20:16:11,ETHUSDT,bid,2570,4702.376
2024-08-21 20:16:12,ETHUSDT,bid,2570,4702.376
2024-08-21 20:16:13,ETHUSDT,bid,2570,4702.376
2024-08-21 20:16:14,ETHUSDT,bid,2570,4702.259
2024-08-21 20:16:14,ETHUSDT,bid,2570,4725.154
2024-08-21 20:16:14,ETHUSDT,bid,2570,4713.919
2024-08-21 20:16:16,ETHUSDT,bid,2570,4702.259
2024-08-21 20:16:17,ETHUSDT,bid,2570,4702.414
2024-08-21 20:16:20,ETHUSDT,bid,2570,4700.856
2024-08-21 20:16:21,ETHUSDT,bid,2570,4702.116
2024-08-21 20:16:23,ETHUSDT,bid,2570,4700.116
2024-08-21 20:16:25,ETHUSDT,bid,2570,4710.973
2024-08-21 20:16:27,ETHUSDT,bid,2570,4710.938
2024-08-21 20:16:28,ETHUSDT,bid,2570,4712.517
2024-08-21 20:16:29,ETHUSDT,bid,2570,4710.995
2024-08-21 20:16:29,ETHUSDT,bid,2570,4722.23
2024-08-21 20:16:29,ETHUSDT,bid,2570,4710.995
2024-08-21 20:16:29,ETHUSDT,bid,2570,4700.138
2024-08-21 20:16:29,ETHUSDT,bid,2570,4699.138
2024-08-21 20:16:30,ETHUSDT,bid,2570,4697.878
2024-08-21 20:16:31,ETHUSDT,bid,2570,4697.969
2024-08-21 20:16:33,ETHUSDT,bid,2570,4697.969
2024-08-21 20:16:36,ETHUSDT,bid,2570,4697.814
2024-08-21 20:16:43,ETHUSDT,bid,2570,4697.806
2024-08-21 20:16:48,ETHUSDT,bid,2570,4711.02
2024-08-21 20:16:50,ETHUSDT,bid,2570,4707.915
2024-08-21 20:16:53,ETHUSDT,bid,2570,4709.871
2024-08-21 20:16:59,ETHUSDT,bid,2570,4711.554
2024-08-21 20:17:07,ETHUSDT,bid,2570,4709.871
2024-08-21 20:17:07,ETHUSDT,bid,2570,4721.106
2024-08-21 20:17:07,ETHUSDT,bid,2570,4709.871
2024-08-21 20:17:09,ETHUSDT,bid,2570,4709.871
2024-08-21 20:17:10,ETHUSDT,bid,2570,4709.871
2024-08-21 20:17:12,ETHUSDT,bid,2570,4709.871
2024-08-21 20:17:13,ETHUSDT,bid,2570,4709.871
2024-08-21 20:17:14,ETHUSDT,bid,2570,4721.106
2024-08-21 20:17:14,ETHUSDT,bid,2570,4709.871
2024-08-21 20:17:15,ETHUSDT,bid,2570,4709.871
2024-08-21 20:17:17,ETHUSDT,bid,2570,4708.3
2024-08-21 20:17:17,ETHUSDT,bid,2570,4708.3
2024-08-21 20:17:18,ETHUSDT,bid,2570,4708.3
2024-08-21 20:17:18,ETHUSDT,bid,2570,4708.251
2024-08-21 20:17:19,ETHUSDT,bid,2570,4708.243
2024-08-21 20:17:19,ETHUSDT,bid,2570,4708.243
2024-08-21 20:17:20,ETHUSDT,bid,2570,4709.243
2024-08-21 20:17:20,ETHUSDT,bid,2570,4709.243
2024-08-21 20:17:21,ETHUSDT,bid,2570,4719.478
2024-08-21 20:17:21,ETHUSDT,bid,2570,4708.243
2024-08-21 20:17:22,ETHUSDT,bid,2570,4719.478
2024-08-21 20:17:22,ETHUSDT,bid,2570,4708.243
2024-08-21 20:17:23,ETHUSDT,bid,2570,4708.243
2024-08-21 20:17:23,ETHUSDT,bid,2570,4721.827
2024-08-21 20:17:24,ETHUSDT,bid,2570,4708.243
2024-08-21 20:17:24,ETHUSDT,bid,2570,4708.243
2024-08-21 20:17:25,ETHUSDT,bid,2570,4719.478
2024-08-21 20:17:25,ETHUSDT,bid,2570,4708.243
2024-08-21 20:17:26,ETHUSDT,bid,2570,4719.903
2024-08-21 20:17:26,ETHUSDT,bid,2570,4731.138
2024-08-21 20:17:26,ETHUSDT,bid,2570,4719.903
2024-08-21 20:17:27,ETHUSDT,bid,2570,4719.903
2024-08-21 20:17:28,ETHUSDT,bid,2570,4719.903
2024-08-21 20:17:29,ETHUSDT,bid,2570,4719.903
2024-08-21 20:17:34,ETHUSDT,bid,2570,4710.178
2024-08-21 20:17:35,ETHUSDT,bid,2570,4721.413
2024-08-21 20:17:35,ETHUSDT,bid,2570,4710.178
2024-08-21 20:17:37,ETHUSDT,bid,2570,4721.413
2024-08-21 20:17:37,ETHUSDT,bid,2570,4710.178
2024-08-21 20:17:38,ETHUSDT,bid,2570,4721.413
2024-08-21 20:17:38,ETHUSDT,bid,2570,4710.178
2024-08-21 20:17:38,ETHUSDT,bid,2570,4710.186
2024-08-21 20:17:39,ETHUSDT,bid,2570,4710.186
2024-08-21 20:17:40,ETHUSDT,bid,2570,4711.097
2024-08-21 20:17:40,ETHUSDT,bid,2570,4711.089
2024-08-21 20:17:41,ETHUSDT,bid,2570,4715.36
2024-08-21 20:17:47,ETHUSDT,bid,2570,4715.36
2024-08-21 20:17:48,ETHUSDT,bid,2570,4726.595
2024-08-21 20:17:48,ETHUSDT,bid,2570,4715.36
2024-08-21 20:17:49,ETHUSDT,bid,2570,4715.36
2024-08-21 20:17:59,ETHUSDT,bid,2570,4715.36
2024-08-21 20:18:03,ETHUSDT,bid,2570,4715.36
2024-08-21 20:18:06,ETHUSDT,bid,2570,4715.36
2024-08-21 20:18:16,ETHUSDT,bid,2570,4716.494
2024-08-21 20:18:24,ETHUSDT,bid,2570,4717.494
2024-08-21 20:18:28,ETHUSDT,bid,2570,4724.717
2024-08-21 20:18:28,ETHUSDT,bid,2570,4726.207
2024-08-21 20:18:29,ETHUSDT,bid,2570,4727.372
2024-08-21 20:18:35,ETHUSDT,bid,2570,4720.149
2024-08-21 20:18:43,ETHUSDT,bid,2570,4718.659
2024-08-21 20:18:48,ETHUSDT,bid,2570,4714.659
2024-08-21 20:18:50,ETHUSDT,bid,2570,4714.969
2024-08-21 20:18:56,ETHUSDT,bid,2570,4714.659
2024-08-21 20:19:03,ETHUSDT,bid,2570,4714.296
2024-08-21 20:19:22,ETHUSDT,bid,2570,4714.305
2024-08-21 20:19:26,ETHUSDT,bid,2570,4712.364
2024-08-21 20:19:27,ETHUSDT,bid,2570,4711.364
2024-08-21 20:19:34,ETHUSDT,bid,2570,4710.23
2024-08-21 20:19:40,ETHUSDT,bid,2570,4707.318
2024-08-21 20:19:40,ETHUSDT,bid,2570,4707.331
2024-08-21 20:19:55,ETHUSDT,bid,2570,4707.603
2024-08-21 20:19:56,ETHUSDT,bid,2570,4707.818
2024-08-21 20:19:57,ETHUSDT,bid,2570,4708.203
2024-08-21 20:19:57,ETHUSDT,bid,2570,4707.931
2024-08-21 20:20:09,ETHUSDT,bid,2570,4708.431
2024-08-21 20:20:22,ETHUSDT,bid,2570,4707.823
2024-08-21 20:20:25,ETHUSDT,bid,2570,4709.526
2024-08-21 20:20:31,ETHUSDT,bid,2570,4707.591
2024-08-21 20:21:00,ETHUSDT,bid,2570,4709.295
2024-08-21 20:21:00,ETHUSDT,bid,2570,4708.13
2024-08-21 20:21:02,ETHUSDT,bid,2570,4707.63
2024-08-21 20:21:05,ETHUSDT,bid,2570,4709.73
2024-08-21 20:21:39,ETHUSDT,bid,2570,4714.73
2024-08-21 20:21:41,ETHUSDT,bid,2570,4714.743
2024-08-21 20:21:46,ETHUSDT,bid,2570,4714.73
2024-08-21 20:22:07,ETHUSDT,bid,2570,4713.73
2024-08-21 20:22:14,ETHUSDT,bid,2570,4711.399
2024-08-21 20:22:17,ETHUSDT,bid,2570,4712.945
2024-08-21 20:22:17,ETHUSDT,bid,2570,4713.053
2024-08-21 20:22:18,ETHUSDT,bid,2570,4714.794
2024-08-21 20:22:20,ETHUSDT,bid,2570,4715.104
2024-08-21 20:22:30,ETHUSDT,bid,2570,4709.279
2024-08-21 20:22:32,ETHUSDT,bid,2570,4709.459
2024-08-21 20:23:11,ETHUSDT,bid,2570,4714.207
2024-08-21 20:23:25,ETHUSDT,bid,2570,4712.504
2024-08-21 20:23:25,ETHUSDT,bid,2570,4714.207
2024-08-21 20:23:34,ETHUSDT,bid,2270,4434.127
2024-08-21 20:23:43,ETHUSDT,bid,2570,4714.218
2024-08-21 20:24:00,ETHUSDT,bid,2570,4712.514
2024-08-21 20:24:06,ETHUSDT,bid,2570,4712.729
2024-08-21 20:24:12,ETHUSDT,bid,2570,4713.319
2024-08-21 20:24:24,ETHUSDT,bid,2570,4713.125
2024-08-21 20:24:28,ETHUSDT,bid,2570,4713.265
2024-08-21 20:24:31,ETHUSDT,bid,2570,4715.418
2024-08-21 20:24:36,ETHUSDT,bid,2570,4716.293
2024-08-21 20:24:38,ETHUSDT,bid,2570,4716.382
2024-08-21 20:24:49,ETHUSDT,bid,2570,4716.76
2024-08-21 20:25:00,ETHUSDT,bid,2570,4716.76
2024-08-21 20:25:26,ETHUSDT,bid,2570,4716.62
2024-08-21 20:25:29,ETHUSDT,bid,2570,4717.418
2024-08-21 20:25:29,ETHUSDT,bid,2570,4719.123
2024-08-21 20:25:38,ETHUSDT,bid,2570,4719.141
2024-08-21 20:25:41,ETHUSDT,bid,2570,4718.343
2024-08-21 20:25:48,ETHUSDT,bid,2570,4721.343
2024-08-21 20:25:51,ETHUSDT,bid,2570,4717.973
2024-08-21 20:25:54,ETHUSDT,bid,2570,4722.141
2024-08-21 20:26:02,ETHUSDT,bid,2570,4721.522
2024-08-21 20:26:02,ETHUSDT,bid,2570,4721.558
2024-08-21 20:26:03,ETHUSDT,bid,2570,4721.248
2024-08-21 20:26:13,ETHUSDT,bid,2570,4721.212
2024-08-21 20:26:37,ETHUSDT,bid,2570,4720.622
2024-08-21 20:26:45,ETHUSDT,bid,2570,4968.195
2024-08-21 20:26:45,ETHUSDT,bid,2570,4720.622
2024-08-21 20:26:48,ETHUSDT,bid,2570,4738.595
2024-08-21 20:26:56,ETHUSDT,bid,2570,4740.957
2024-08-21 20:26:57,ETHUSDT,bid,2570,4737.957
2024-08-21 20:27:01,ETHUSDT,bid,2570,4719.984
2024-08-21 20:27:05,ETHUSDT,bid,2570,4720.011
2024-08-21 20:27:16,ETHUSDT,bid,2570,4719.984
2024-08-21 20:27:19,ETHUSDT,bid,2570,4720.001
2024-08-21 20:27:26,ETHUSDT,bid,2570,4720.101
2024-08-21 20:27:43,ETHUSDT,bid,2570,4717.739
2024-08-21 20:27:48,ETHUSDT,bid,2570,4717.65
2024-08-21 20:27:48,ETHUSDT,bid,2570,4716.687
2024-08-21 20:27:52,ETHUSDT,bid,2570,4732.227
2024-08-21 20:27:53,ETHUSDT,bid,2570,4716.687
2024-08-21 20:27:54,ETHUSDT,bid,2570,4718.246
2024-08-21 20:27:55,ETHUSDT,bid,2570,4718.634
2024-08-21 20:27:56,ETHUSDT,bid,2570,4718.246
2024-08-21 20:28:05,ETHUSDT,bid,2570,4740.007
2024-08-21 20:28:05,ETHUSDT,bid,2570,4716.687
2024-08-21 20:28:06,ETHUSDT,bid,2570,4716.687
2024-08-21 20:28:10,ETHUSDT,bid,2570,4723.478
2024-08-21 20:28:13,ETHUSDT,bid,2570,4716.687
2024-08-21 20:28:13,ETHUSDT,bid,2570,4717.65
2024-08-21 20:28:18,ETHUSDT,bid,2570,4718.411
2024-08-21 20:28:19,ETHUSDT,bid,2570,4719.001
2024-08-21 20:28:20,ETHUSDT,bid,2570,4719.001
2024-08-21 20:28:21,ETHUSDT,bid,2570,4719.048
2024-08-21 20:28:21,ETHUSDT,bid,2570,4730.283
2024-08-21 20:28:22,ETHUSDT,bid,2570,4730.283
2024-08-21 20:28:23,ETHUSDT,bid,2570,4719.048
2024-08-21 20:28:23,ETHUSDT,bid,2570,4719.048
2024-08-21 20:28:23,ETHUSDT,bid,2570,4719.068
2024-08-21 20:28:24,ETHUSDT,bid,2570,4719.048
2024-08-21 20:28:24,ETHUSDT,bid,2570,4719.048
2024-08-21 20:28:25,ETHUSDT,bid,2570,4730.283
2024-08-21 20:28:25,ETHUSDT,bid,2570,4719.048
2024-08-21 20:28:26,ETHUSDT,bid,2570,4730.283
2024-08-21 20:28:26,ETHUSDT,bid,2570,4719.048
2024-08-21 20:28:26,ETHUSDT,bid,2570,4719.145
2024-08-21 20:28:27,ETHUSDT,bid,2570,4730.38
2024-08-21 20:28:27,ETHUSDT,bid,2570,4719.145
2024-08-21 20:28:27,ETHUSDT,bid,2570,4719.058
2024-08-21 20:28:28,ETHUSDT,bid,2570,4719.058
2024-08-21 20:28:29,ETHUSDT,bid,2570,4730.293
2024-08-21 20:28:29,ETHUSDT,bid,2570,4719.058
2024-08-21 20:28:30,ETHUSDT,bid,2570,4730.293
2024-08-21 20:28:30,ETHUSDT,bid,2570,4719.058
2024-08-21 20:28:31,ETHUSDT,bid,2570,4714.178
2024-08-21 20:28:31,ETHUSDT,bid,2570,4714.178
2024-08-21 20:28:32,ETHUSDT,bid,2570,4714.178
2024-08-21 20:28:32,ETHUSDT,bid,2570,4714.178
2024-08-21 20:28:32,ETHUSDT,bid,2570,4714.178
2024-08-21 20:28:32,ETHUSDT,bid,2570,4714.178
2024-08-21 20:28:33,ETHUSDT,bid,2570,4714.178
2024-08-21 20:28:33,ETHUSDT,bid,2570,4725.413
2024-08-21 20:28:33,ETHUSDT,bid,2570,4714.178
2024-08-21 20:28:33,ETHUSDT,bid,2570,4714.178
2024-08-21 20:28:33,ETHUSDT,bid,2570,4714.178
2024-08-21 20:28:34,ETHUSDT,bid,2570,4714.178
2024-08-21 20:28:34,ETHUSDT,bid,2570,4714.178
2024-08-21 20:28:34,ETHUSDT,bid,2570,4714.178
2024-08-21 20:28:34,ETHUSDT,bid,2570,4714.178
2024-08-21 20:28:35,ETHUSDT,bid,2570,4714.178
2024-08-21 20:28:35,ETHUSDT,bid,2570,4714.178
2024-08-21 20:28:35,ETHUSDT,bid,2570,4714.178
2024-08-21 20:28:35,ETHUSDT,bid,2570,4714.178
2024-08-21 20:28:36,ETHUSDT,bid,2570,4714.178
2024-08-21 20:28:36,ETHUSDT,bid,2570,4714.178
2024-08-21 20:28:36,ETHUSDT,bid,2570,4714.178
2024-08-21 20:28:37,ETHUSDT,bid,2570,4714.178
2024-08-21 20:28:37,ETHUSDT,bid,2570,4700.964
2024-08-21 20:28:37,ETHUSDT,bid,2570,4700.964
2024-08-21 20:28:37,ETHUSDT,bid,2570,4700.964
2024-08-21 20:28:37,ETHUSDT,bid,2570,4700.964
2024-08-21 20:28:38,ETHUSDT,bid,2570,4700.964
2024-08-21 20:28:38,ETHUSDT,bid,2570,4700.964
2024-08-21 20:28:38,ETHUSDT,bid,2570,4700.964
2024-08-21 20:28:38,ETHUSDT,bid,2570,4700.641
2024-08-21 20:28:38,ETHUSDT,bid,2570,4700.688
2024-08-21 20:28:38,ETHUSDT,bid,2570,4701.27
2024-08-21 20:28:38,ETHUSDT,bid,2570,4707.09
2024-08-21 20:28:39,ETHUSDT,bid,2570,4706.508
2024-08-21 20:28:39,ETHUSDT,bid,2570,4711.903
2024-08-21 20:28:39,ETHUSDT,bid,2570,4700.668
2024-08-21 20:28:40,ETHUSDT,bid,2570,4700.668
2024-08-21 20:28:40,ETHUSDT,bid,2570,4702.065
2024-08-21 20:28:41,ETHUSDT,bid,2570,4702.065
2024-08-21 20:28:42,ETHUSDT,bid,2570,4702.065
2024-08-21 20:28:43,ETHUSDT,bid,2570,4702.285
2024-08-21 20:28:44,ETHUSDT,bid,2570,4713.52
2024-08-21 20:28:44,ETHUSDT,bid,2570,4702.285
2024-08-21 20:28:44,ETHUSDT,bid,2570,4702.285
2024-08-21 20:28:45,ETHUSDT,bid,2570,4702.065
2024-08-21 20:28:45,ETHUSDT,bid,2570,4700.668
2024-08-21 20:28:46,ETHUSDT,bid,2570,4711.903
2024-08-21 20:28:46,ETHUSDT,bid,2570,4700.668
2024-08-21 20:28:46,ETHUSDT,bid,2570,4700.688
2024-08-21 20:28:47,ETHUSDT,bid,2570,4700.688
2024-08-21 20:28:47,ETHUSDT,bid,2570,4700.688
2024-08-21 20:28:48,ETHUSDT,bid,2570,4703.007
2024-08-21 20:28:49,ETHUSDT,bid,2570,4700.658
2024-08-21 20:28:49,ETHUSDT,bid,2570,4700.658
2024-08-21 20:28:50,ETHUSDT,bid,2570,4701.24
2024-08-21 20:28:50,ETHUSDT,bid,2570,4712.475
2024-08-21 20:28:50,ETHUSDT,bid,2570,4701.24
2024-08-21 20:28:51,ETHUSDT,bid,2570,4701.24
2024-08-21 20:28:51,ETHUSDT,bid,2570,4700.658
2024-08-21 20:28:52,ETHUSDT,bid,2570,4700.678
2024-08-21 20:28:52,ETHUSDT,bid,2570,4700.678
2024-08-21 20:28:52,ETHUSDT,bid,2570,4700.678
2024-08-21 20:28:53,ETHUSDT,bid,2570,4700.678
2024-08-21 20:28:53,ETHUSDT,bid,2570,4700.697
2024-08-21 20:28:53,ETHUSDT,bid,2570,4700.677
2024-08-21 20:28:54,ETHUSDT,bid,2570,4711.912
2024-08-21 20:28:54,ETHUSDT,bid,2570,4700.677
2024-08-21 20:28:54,ETHUSDT,bid,2570,4700.658
2024-08-21 20:28:55,ETHUSDT,bid,2570,4711.893
2024-08-21 20:28:55,ETHUSDT,bid,2570,4700.658
2024-08-21 20:28:56,ETHUSDT,bid,2570,4700.658
2024-08-21 20:28:56,ETHUSDT,bid,2570,4716.166
2024-08-21 20:28:56,ETHUSDT,bid,2200,4588.022
2024-08-21 20:28:57,ETHUSDT,bid,2570,4727.401
2024-08-21 20:28:57,ETHUSDT,bid,2570,4716.166
2024-08-21 20:28:58,ETHUSDT,bid,2570,4700.658
2024-08-21 20:28:58,ETHUSDT,bid,2570,4700.658
2024-08-21 20:28:59,ETHUSDT,bid,2570,4700.658
2024-08-21 20:29:01,ETHUSDT,bid,2570,4701.046
2024-08-21 20:29:01,ETHUSDT,bid,2570,4701.046
2024-08-21 20:29:02,ETHUSDT,bid,2570,4700.658
2024-08-21 20:29:02,ETHUSDT,bid,2570,4711.893
2024-08-21 20:29:02,ETHUSDT,bid,2570,4700.658
2024-08-21 20:29:03,ETHUSDT,bid,2570,4707.451
2024-08-21 20:29:04,ETHUSDT,bid,2570,4718.886
2024-08-21 20:29:04,ETHUSDT,bid,2570,4707.651
2024-08-21 20:29:05,ETHUSDT,bid,2570,4700.858
2024-08-21 20:29:05,ETHUSDT,bid,2570,4700.858
2024-08-21 20:29:05,ETHUSDT,bid,2570,4700.858
2024-08-21 20:29:06,ETHUSDT,bid,2570,4712.102
2024-08-21 20:29:06,ETHUSDT,bid,2570,4700.867
2024-08-21 20:29:06,ETHUSDT,bid,2570,4714.451
2024-08-21 20:29:07,ETHUSDT,bid,2570,4700.867
2024-08-21 20:29:08,ETHUSDT,bid,2570,4700.867
2024-08-21 20:29:09,ETHUSDT,bid,2570,4700.867
2024-08-21 20:29:10,ETHUSDT,bid,2570,4700.867
2024-08-21 20:29:11,ETHUSDT,bid,2570,4712.102
2024-08-21 20:29:11,ETHUSDT,bid,2570,4700.867
2024-08-21 20:29:12,ETHUSDT,bid,2570,4700.867
2024-08-21 20:29:13,ETHUSDT,bid,2570,4700.867
2024-08-21 20:29:14,ETHUSDT,bid,2570,4700.867
2024-08-21 20:29:15,ETHUSDT,bid,2570,4700.867
2024-08-21 20:29:27,ETHUSDT,bid,2570,4701.367
2024-08-21 20:29:31,ETHUSDT,bid,2570,4703.698
2024-08-21 20:29:43,ETHUSDT,bid,2570,4704.085
2024-08-21 20:29:45,ETHUSDT,bid,2570,4703.698
2024-08-21 20:29:45,ETHUSDT,bid,2570,4827.97
2024-08-21 20:29:47,ETHUSDT,bid,2570,4704.61
2024-08-21 20:29:50,ETHUSDT,bid,2570,4704.222
2024-08-21 20:29:50,ETHUSDT,bid,2570,4703.834
2024-08-21 20:29:52,ETHUSDT,bid,2570,4722.356
2024-08-21 20:29:54,ETHUSDT,bid,2570,4722.176
2024-08-21 20:29:56,ETHUSDT,bid,2570,4722.292
2024-08-21 20:30:01,ETHUSDT,bid,2570,4722.156
2024-08-21 20:30:06,ETHUSDT,bid,2570,4729.467
2024-08-21 20:30:08,ETHUSDT,bid,2570,4722.156
2024-08-21 20:30:16,ETHUSDT,bid,2570,4749.311
2024-08-21 20:30:16,ETHUSDT,bid,2570,4760.294
2024-08-21 20:30:16,ETHUSDT,bid,2570,4733.139
2024-08-21 20:30:17,ETHUSDT,bid,2570,4729.441
2024-08-21 20:30:17,ETHUSDT,bid,2570,4722.156
2024-08-21 20:30:18,ETHUSDT,bid,2570,4722.746
2024-08-21 20:30:25,ETHUSDT,bid,2570,4728.55
2024-08-21 20:30:25,ETHUSDT,bid,2570,4722.746
2024-08-21 20:30:26,ETHUSDT,bid,2570,4704.224
2024-08-21 20:30:28,ETHUSDT,bid,2570,4704.224
2024-08-21 20:30:35,ETHUSDT,bid,2570,4704.294
2024-08-21 20:30:36,ETHUSDT,bid,2570,4704.722
2024-08-21 20:30:36,ETHUSDT,bid,2570,4704.916
2024-08-21 20:30:40,ETHUSDT,bid,2570,4729.46
2024-08-21 20:30:41,ETHUSDT,bid,2570,4729.596
2024-08-21 20:30:42,ETHUSDT,bid,2570,4729.46
2024-08-21 20:30:43,ETHUSDT,bid,2570,4728.87
2024-08-21 20:30:45,ETHUSDT,bid,2570,4728.87
2024-08-21 20:30:53,ETHUSDT,bid,2570,4728.906
2024-08-21 20:31:00,ETHUSDT,bid,2570,4728.929
2024-08-21 20:31:03,ETHUSDT,bid,2570,4853.201
2024-08-21 20:31:04,ETHUSDT,bid,2570,4728.929
2024-08-21 20:31:11,ETHUSDT,bid,2570,4729.159
2024-08-21 20:31:12,ETHUSDT,bid,2570,4726.828
2024-08-21 20:31:15,ETHUSDT,bid,2570,4726.45
2024-08-21 20:31:24,ETHUSDT,bid,2570,4726.022
2024-08-21 20:31:30,ETHUSDT,bid,2570,4726.177
2024-08-21 20:31:32,ETHUSDT,bid,2570,4726.177
2024-08-21 20:31:38,ETHUSDT,bid,2570,4725.947
