2024-08-19 07:00:27,SOLUSDT,bid,140,35809.0
2024-08-19 07:00:30,SOLUSDT,bid,140,35808.0
2024-08-19 07:03:55,SOLUSDT,bid,140,35866.0
2024-08-19 07:04:28,SOLUSDT,bid,140,35867.0
2024-08-19 07:04:29,SOLUSDT,bid,140,35866.0
2024-08-19 07:04:57,SOLUSDT,bid,140,35901.0
2024-08-19 07:06:44,SOLUSDT,bid,140,35918.0
2024-08-19 07:06:48,SOLUSDT,bid,140,35901.0
2024-08-19 07:06:52,SOLUSDT,bid,140,35918.0
2024-08-19 07:06:52,SOLUSDT,bid,140,35901.0
2024-08-19 07:09:38,SOLUSDT,bid,140,35902.0
2024-08-19 07:12:15,SOLUSDT,bid,140,36066.0
2024-08-19 07:14:15,SOLUSDT,bid,140,36077.0
2024-08-19 07:14:50,SOLUSDT,bid,140,36042.0
2024-08-19 07:14:51,SOLUSDT,bid,140,36362.0
2024-08-19 07:14:51,SOLUSDT,bid,140,36504.0
2024-08-19 07:14:52,SOLUSDT,bid,140,36512.0
2024-08-19 07:14:53,SOLUSDT,bid,140,36501.0
2024-08-19 07:15:31,SOLUSDT,bid,140,36493.0
2024-08-19 07:16:51,SOLUSDT,bid,140,36484.0
2024-08-19 07:20:26,SOLUSDT,bid,140,36306.0
2024-08-19 07:20:32,SOLUSDT,bid,140,36164.0
2024-08-19 07:20:32,SOLUSDT,bid,140,36022.0
2024-08-19 07:24:30,SOLUSDT,bid,140,36026.0
2024-08-19 07:26:10,SOLUSDT,bid,140,36022.0
2024-08-19 07:27:21,SOLUSDT,bid,140,36027.0
2024-08-19 07:27:50,SOLUSDT,ask,175,29272.0
2024-08-19 07:28:20,SOLUSDT,bid,140,36031.0
2024-08-19 07:30:00,SOLUSDT,bid,140,36051.0
2024-08-19 07:31:39,SOLUSDT,bid,140,36094.0
2024-08-19 07:35:15,SOLUSDT,bid,140,36090.0
2024-08-19 07:54:21,SOLUSDT,ask,178,35069.0
2024-08-19 08:01:24,SOLUSDT,bid,140,36087.0
2024-08-19 08:02:54,SOLUSDT,bid,140,36088.0
2024-08-19 08:02:55,SOLUSDT,bid,140,36087.0
2024-08-19 08:03:10,SOLUSDT,bid,140,36158.0
2024-08-19 08:11:32,SOLUSDT,bid,140,35994.0
2024-08-19 08:11:33,SOLUSDT,bid,140,35951.0
2024-08-19 08:13:45,SOLUSDT,bid,140,35959.0
2024-08-19 08:16:29,SOLUSDT,bid,140,35963.0
2024-08-19 08:16:45,SOLUSDT,bid,140,35964.0
2024-08-19 08:17:27,SOLUSDT,bid,140,35963.0
2024-08-19 08:18:00,SOLUSDT,bid,140,35964.0
2024-08-19 08:18:01,SOLUSDT,bid,140,35963.0
2024-08-19 08:21:11,SOLUSDT,bid,140,35959.0
2024-08-19 08:21:17,SOLUSDT,bid,140,35951.0
2024-08-19 08:29:16,SOLUSDT,bid,140,35952.0
2024-08-19 08:29:19,SOLUSDT,bid,140,35951.0
2024-08-19 08:29:48,SOLUSDT,bid,140,35952.0
2024-08-19 08:30:00,SOLUSDT,bid,140,35951.0
2024-08-19 08:35:21,SOLUSDT,bid,140,35880.0
2024-08-19 08:37:54,SOLUSDT,bid,140,35916.0
2024-08-19 08:42:54,SOLUSDT,bid,140,35880.0
2024-08-19 08:45:20,SOLUSDT,bid,140,36018.0
2024-08-19 08:46:05,SOLUSDT,bid,140,36050.0
2024-08-19 08:47:59,SOLUSDT,bid,140,36047.0
2024-08-19 08:49:47,SOLUSDT,bid,140,36061.0
2024-08-19 08:51:44,SOLUSDT,bid,140,36047.0
2024-08-19 08:51:48,SOLUSDT,bid,140,35989.0
2024-08-19 08:52:09,SOLUSDT,bid,140,35957.0
2024-08-19 08:55:31,SOLUSDT,bid,140,35819.0
2024-08-19 08:57:01,SOLUSDT,bid,140,35821.0
2024-08-19 08:58:01,SOLUSDT,bid,140,35819.0
2024-08-19 09:18:01,SOLUSDT,bid,140,35855.0
2024-08-19 09:19:18,SOLUSDT,bid,140,35885.0
2024-08-19 09:26:25,SOLUSDT,bid,140,35849.0
2024-08-19 09:38:30,SOLUSDT,bid,140,36144.0
2024-08-19 09:43:43,SOLUSDT,bid,140,36133.0
2024-08-19 09:43:45,SOLUSDT,bid,140,35849.0
2024-08-19 09:51:18,SOLUSDT,bid,140,35850.0
2024-08-19 09:51:24,SOLUSDT,bid,140,35849.0
2024-08-19 09:56:12,SOLUSDT,ask,175,29271.0
2024-08-19 10:14:07,SOLUSDT,bid,140,35856.0
2024-08-19 10:14:07,SOLUSDT,bid,140,35863.0
2024-08-19 10:14:08,SOLUSDT,bid,140,35870.0
2024-08-19 10:14:09,SOLUSDT,bid,140,35877.0
2024-08-19 10:17:07,SOLUSDT,bid,140,35870.0
2024-08-19 10:17:07,SOLUSDT,bid,140,35863.0
2024-08-19 10:17:08,SOLUSDT,bid,140,35856.0
2024-08-19 10:17:10,SOLUSDT,bid,140,35849.0
2024-08-19 10:20:42,SOLUSDT,bid,140,35850.0
2024-08-19 10:29:17,SOLUSDT,bid,140,37034.0
2024-08-19 10:29:56,SOLUSDT,bid,140,35850.0
2024-08-19 10:33:20,SOLUSDT,bid,140,35920.0
2024-08-19 10:45:00,SOLUSDT,bid,140,35850.0
2024-08-19 11:03:06,SOLUSDT,ask,175,29270.0
2024-08-19 11:08:11,SOLUSDT,bid,140,35849.0
2024-08-19 11:08:34,SOLUSDT,bid,140,35850.0
2024-08-19 11:35:01,SOLUSDT,bid,140,35872.0
2024-08-19 11:35:01,SOLUSDT,bid,140,35879.0
2024-08-19 11:38:00,SOLUSDT,bid,140,35872.0
2024-08-19 11:38:00,SOLUSDT,bid,140,35859.0
2024-08-19 11:38:00,SOLUSDT,bid,140,35851.0
2024-08-19 11:38:00,SOLUSDT,bid,140,35850.0
2024-08-19 11:56:20,SOLUSDT,bid,140,35914.0
2024-08-19 12:01:21,SOLUSDT,bid,140,35850.0
2024-08-19 12:17:26,SOLUSDT,bid,140,35830.0
2024-08-19 12:18:23,SOLUSDT,bid,140,35840.0
2024-08-19 12:24:24,SOLUSDT,bid,140,35948.0
2024-08-19 12:28:47,SOLUSDT,bid,140,35877.0
2024-08-19 12:30:49,SOLUSDT,bid,140,35878.0
2024-08-19 12:31:09,SOLUSDT,bid,140,35883.0
2024-08-19 12:34:42,SOLUSDT,bid,140,35881.0
2024-08-19 12:57:26,SOLUSDT,bid,140,35882.0
2024-08-19 12:57:37,SOLUSDT,bid,140,35881.0
2024-08-19 13:04:12,SOLUSDT,bid,140,35882.0
2024-08-19 13:04:12,SOLUSDT,bid,140,35881.0
2024-08-19 13:07:47,SOLUSDT,ask,175,29269.0
2024-08-19 13:17:48,SOLUSDT,bid,140,35886.0
2024-08-19 13:34:04,SOLUSDT,bid,140,35881.0
2024-08-19 13:48:39,SOLUSDT,bid,140,35888.0
2024-08-19 13:48:55,SOLUSDT,bid,140,35881.0
2024-08-19 14:13:33,SOLUSDT,bid,140,35773.0
2024-08-19 14:13:57,SOLUSDT,bid,140,35775.0
2024-08-19 14:15:57,SOLUSDT,bid,140,35773.0
2024-08-19 14:33:07,SOLUSDT,bid,140,35787.0
2024-08-19 14:34:39,SOLUSDT,bid,140,35773.0
2024-08-19 14:35:14,SOLUSDT,bid,140,35801.0
2024-08-19 14:35:16,SOLUSDT,bid,140,35818.0
2024-08-19 14:35:39,SOLUSDT,bid,140,35790.0
2024-08-19 14:36:13,SOLUSDT,bid,140,35773.0
2024-08-19 14:38:36,SOLUSDT,bid,140,35775.0
2024-08-19 14:46:25,SOLUSDT,bid,140,35773.0
2024-08-19 15:04:50,SOLUSDT,bid,140,35808.0
2024-08-19 15:04:56,SOLUSDT,bid,140,35773.0
2024-08-19 15:05:05,SOLUSDT,bid,140,35781.0
2024-08-19 15:05:15,SOLUSDT,bid,140,35782.0
2024-08-19 15:05:16,SOLUSDT,bid,140,35781.0
2024-08-19 15:05:59,SOLUSDT,bid,140,35783.0
2024-08-19 15:06:28,SOLUSDT,bid,140,35784.0
2024-08-19 15:07:20,SOLUSDT,bid,140,35785.0
2024-08-19 15:07:21,SOLUSDT,bid,140,35784.0
2024-08-19 15:08:05,SOLUSDT,bid,140,35776.0
2024-08-19 15:31:57,SOLUSDT,bid,140,35779.0
2024-08-19 15:33:14,SOLUSDT,bid,140,35780.0
2024-08-19 15:38:19,SOLUSDT,bid,140,35779.0
2024-08-19 15:38:21,SOLUSDT,bid,140,35777.0
2024-08-19 15:38:31,SOLUSDT,ask,175,29268.0
2024-08-19 15:43:15,SOLUSDT,bid,140,35778.0
2024-08-19 15:44:38,SOLUSDT,bid,140,35777.0
2024-08-19 15:47:10,SOLUSDT,bid,142,45391.0
2024-08-19 15:47:17,SOLUSDT,bid,142,45394.0
2024-08-19 15:47:19,SOLUSDT,bid,142,45391.0
2024-08-19 15:47:36,SOLUSDT,bid,142,45391.0
2024-08-19 15:47:37,SOLUSDT,bid,142,45403.0
2024-08-19 15:47:39,SOLUSDT,bid,142,45408.0
2024-08-19 15:47:39,SOLUSDT,bid,142,45403.0
2024-08-19 15:47:42,SOLUSDT,bid,142,45391.0
2024-08-19 15:47:48,SOLUSDT,bid,142,45414.0
2024-08-19 15:47:48,SOLUSDT,bid,142,45391.0
2024-08-19 15:47:49,SOLUSDT,bid,142,45414.0
2024-08-19 15:47:49,SOLUSDT,bid,142,45414.0
2024-08-19 15:47:49,SOLUSDT,bid,142,45391.0
2024-08-19 15:47:50,SOLUSDT,bid,142,45403.0
2024-08-19 15:47:53,SOLUSDT,bid,142,45403.0
2024-08-19 15:47:59,SOLUSDT,bid,142,45404.0
2024-08-19 15:48:00,SOLUSDT,bid,142,45404.0
2024-08-19 15:48:01,SOLUSDT,bid,142,46795.0
2024-08-19 15:48:01,SOLUSDT,bid,142,45404.0
2024-08-19 15:48:03,SOLUSDT,bid,142,45392.0
2024-08-19 15:48:05,SOLUSDT,bid,142,45592.0
2024-08-19 15:48:08,SOLUSDT,bid,142,45592.0
2024-08-19 15:48:09,SOLUSDT,bid,142,45642.0
2024-08-19 15:48:09,SOLUSDT,bid,142,45592.0
2024-08-19 15:48:12,SOLUSDT,bid,142,45392.0
2024-08-19 15:48:21,SOLUSDT,bid,142,45413.0
2024-08-19 15:48:25,SOLUSDT,bid,142,45392.0
2024-08-19 15:48:26,SOLUSDT,bid,142,45442.0
2024-08-19 15:48:26,SOLUSDT,bid,142,45392.0
2024-08-19 15:48:27,SOLUSDT,bid,142,45442.0
2024-08-19 15:48:28,SOLUSDT,bid,142,45392.0
2024-08-19 15:48:32,SOLUSDT,bid,142,45392.0
2024-08-19 15:48:33,SOLUSDT,bid,142,46615.0
2024-08-19 15:48:33,SOLUSDT,bid,142,45392.0
2024-08-19 15:48:39,SOLUSDT,bid,142,45394.0
2024-08-19 15:48:44,SOLUSDT,bid,142,45392.0
2024-08-19 15:48:47,SOLUSDT,bid,142,45442.0
2024-08-19 15:48:49,SOLUSDT,bid,142,45392.0
2024-08-19 15:48:49,SOLUSDT,bid,142,45442.0
2024-08-19 15:48:49,SOLUSDT,bid,142,45392.0
2024-08-19 15:49:02,SOLUSDT,bid,142,45399.0
2024-08-19 15:49:02,SOLUSDT,bid,142,45392.0
2024-08-19 15:49:08,SOLUSDT,bid,142,45442.0
2024-08-19 15:49:09,SOLUSDT,bid,142,45392.0
2024-08-19 15:49:09,SOLUSDT,bid,142,45442.0
2024-08-19 15:49:10,SOLUSDT,bid,142,45442.0
2024-08-19 15:49:10,SOLUSDT,bid,142,45392.0
2024-08-19 15:49:10,SOLUSDT,bid,142,45442.0
2024-08-19 15:49:11,SOLUSDT,bid,142,45459.0
2024-08-19 15:49:13,SOLUSDT,bid,142,45409.0
2024-08-19 15:49:13,SOLUSDT,bid,142,45459.0
2024-08-19 15:49:14,SOLUSDT,bid,142,45442.0
2024-08-19 15:49:14,SOLUSDT,bid,142,45409.0
2024-08-19 15:49:15,SOLUSDT,bid,142,45459.0
2024-08-19 15:49:15,SOLUSDT,bid,142,45409.0
2024-08-19 15:49:16,SOLUSDT,bid,142,45392.0
2024-08-19 15:49:20,SOLUSDT,bid,142,45409.0
2024-08-19 15:49:20,SOLUSDT,bid,142,45392.0
2024-08-19 15:49:28,SOLUSDT,bid,142,45442.0
2024-08-19 15:49:29,SOLUSDT,bid,142,45392.0
2024-08-19 15:49:29,SOLUSDT,bid,142,45442.0
2024-08-19 15:49:31,SOLUSDT,bid,142,45392.0
2024-08-19 15:49:31,SOLUSDT,bid,142,45442.0
2024-08-19 15:49:34,SOLUSDT,bid,142,45392.0
2024-08-19 15:49:34,SOLUSDT,bid,142,45442.0
2024-08-19 15:49:37,SOLUSDT,bid,142,45392.0
2024-08-19 15:50:18,SOLUSDT,bid,142,45388.0
2024-08-19 15:50:25,SOLUSDT,bid,142,45394.0
2024-08-19 15:50:26,SOLUSDT,bid,142,45388.0
2024-08-19 15:50:30,SOLUSDT,bid,142,45409.0
2024-08-19 15:50:30,SOLUSDT,bid,142,45458.0
2024-08-19 15:50:33,SOLUSDT,bid,142,45437.0
2024-08-19 15:50:33,SOLUSDT,bid,142,45388.0
2024-08-19 15:50:34,SOLUSDT,bid,142,45437.0
2024-08-19 15:50:35,SOLUSDT,bid,142,45388.0
2024-08-19 15:50:44,SOLUSDT,bid,142,45388.0
2024-08-19 15:50:45,SOLUSDT,bid,142,45437.0
2024-08-19 15:50:45,SOLUSDT,bid,142,45388.0
2024-08-19 15:50:46,SOLUSDT,bid,142,45475.0
2024-08-19 15:50:47,SOLUSDT,bid,142,45388.0
2024-08-19 15:50:49,SOLUSDT,bid,142,45437.0
2024-08-19 15:50:49,SOLUSDT,bid,142,45388.0
2024-08-19 15:50:49,SOLUSDT,bid,142,45437.0
2024-08-19 15:50:49,SOLUSDT,bid,142,45388.0
2024-08-19 15:50:50,SOLUSDT,bid,142,45388.0
2024-08-19 15:51:16,SOLUSDT,bid,142,45405.0
2024-08-19 15:51:17,SOLUSDT,bid,142,45388.0
2024-08-19 15:51:17,SOLUSDT,bid,142,45409.0
2024-08-19 15:51:17,SOLUSDT,bid,142,45405.0
2024-08-19 15:51:18,SOLUSDT,bid,142,45388.0
2024-08-19 15:51:27,SOLUSDT,bid,142,45418.0
2024-08-19 15:52:00,SOLUSDT,bid,142,45418.0
2024-08-19 15:52:16,SOLUSDT,bid,142,45418.0
2024-08-19 15:52:16,SOLUSDT,bid,142,45439.0
2024-08-19 15:52:16,SOLUSDT,bid,142,45418.0
2024-08-19 15:52:17,SOLUSDT,bid,142,45418.0
2024-08-19 15:52:21,SOLUSDT,bid,142,45448.0
2024-08-19 15:52:23,SOLUSDT,bid,142,45448.0
2024-08-19 15:56:11,SOLUSDT,bid,142,43982.0
2024-08-19 15:56:13,SOLUSDT,bid,142,43873.0
2024-08-19 15:56:34,SOLUSDT,bid,142,43874.0
2024-08-19 15:56:38,SOLUSDT,bid,142,43873.0
2024-08-19 15:56:40,SOLUSDT,bid,142,43891.0
2024-08-19 15:56:40,SOLUSDT,bid,142,43873.0
2024-08-19 15:56:53,SOLUSDT,bid,142,43879.0
2024-08-19 15:56:54,SOLUSDT,bid,142,43909.0
2024-08-19 15:56:59,SOLUSDT,bid,142,43911.0
2024-08-19 15:56:59,SOLUSDT,bid,142,43909.0
2024-08-19 15:57:00,SOLUSDT,bid,142,43903.0
2024-08-19 15:57:11,SOLUSDT,bid,142,43924.0
2024-08-19 15:57:11,SOLUSDT,bid,142,43903.0
2024-08-19 15:57:11,SOLUSDT,bid,142,43924.0
2024-08-19 15:57:16,SOLUSDT,bid,142,43903.0
2024-08-19 15:57:25,SOLUSDT,bid,142,43990.0
2024-08-19 15:57:26,SOLUSDT,bid,142,43903.0
2024-08-19 15:57:29,SOLUSDT,bid,142,43903.0
2024-08-19 15:57:32,SOLUSDT,bid,142,43920.0
2024-08-19 15:57:33,SOLUSDT,bid,142,43903.0
2024-08-19 15:57:39,SOLUSDT,bid,142,43873.0
2024-08-19 15:57:40,SOLUSDT,bid,142,43874.0
2024-08-19 15:57:47,SOLUSDT,bid,142,43924.0
2024-08-19 15:57:47,SOLUSDT,bid,142,43874.0
2024-08-19 15:57:51,SOLUSDT,bid,142,43878.0
2024-08-19 15:57:52,SOLUSDT,bid,142,43877.0
2024-08-19 15:57:57,SOLUSDT,bid,142,43898.0
2024-08-19 15:57:57,SOLUSDT,bid,142,43877.0
2024-08-19 15:58:00,SOLUSDT,bid,142,43877.0
2024-08-19 15:58:18,SOLUSDT,bid,142,43927.0
2024-08-19 15:58:19,SOLUSDT,bid,142,43877.0
2024-08-19 15:58:29,SOLUSDT,bid,142,44945.0
2024-08-19 15:58:29,SOLUSDT,bid,142,43877.0
2024-08-19 15:58:38,SOLUSDT,bid,142,43907.0
2024-08-19 15:58:39,SOLUSDT,bid,142,43877.0
2024-08-19 15:58:51,SOLUSDT,bid,142,43878.0
2024-08-19 15:58:52,SOLUSDT,bid,142,43877.0
2024-08-19 15:58:52,SOLUSDT,bid,142,43878.0
2024-08-19 15:58:52,SOLUSDT,bid,142,43877.0
2024-08-19 15:58:57,SOLUSDT,bid,142,43895.0
2024-08-19 15:58:57,SOLUSDT,bid,142,43877.0
2024-08-19 15:59:02,SOLUSDT,bid,142,43881.0
2024-08-19 15:59:19,SOLUSDT,bid,142,43888.0
2024-08-19 15:59:19,SOLUSDT,bid,142,43884.0
2024-08-19 15:59:19,SOLUSDT,bid,142,43881.0
2024-08-19 15:59:31,SOLUSDT,bid,142,43884.0
2024-08-19 15:59:32,SOLUSDT,bid,142,43881.0
2024-08-19 15:59:32,SOLUSDT,bid,142,43881.0
2024-08-19 15:59:33,SOLUSDT,bid,142,43883.0
2024-08-19 15:59:33,SOLUSDT,bid,142,43884.0
2024-08-19 15:59:34,SOLUSDT,bid,142,43880.0
2024-08-19 15:59:36,SOLUSDT,bid,142,43883.0
2024-08-19 15:59:37,SOLUSDT,bid,142,43880.0
2024-08-19 15:59:38,SOLUSDT,bid,142,43883.0
2024-08-19 15:59:38,SOLUSDT,bid,142,43901.0
2024-08-19 15:59:39,SOLUSDT,bid,142,43877.0
2024-08-19 15:59:45,SOLUSDT,bid,142,43884.0
2024-08-19 15:59:45,SOLUSDT,bid,142,43877.0
2024-08-19 15:59:51,SOLUSDT,bid,142,43880.0
2024-08-19 15:59:56,SOLUSDT,bid,142,43877.0
2024-08-19 16:00:01,SOLUSDT,bid,142,43884.0
2024-08-19 16:00:02,SOLUSDT,bid,142,43877.0
2024-08-19 16:00:08,SOLUSDT,bid,142,43880.0
2024-08-19 16:00:11,SOLUSDT,bid,142,43883.0
2024-08-19 16:00:15,SOLUSDT,bid,142,43880.0
2024-08-19 16:00:27,SOLUSDT,bid,142,43882.0
2024-08-19 16:00:27,SOLUSDT,bid,142,43901.0
2024-08-19 16:00:34,SOLUSDT,bid,142,43899.0
2024-08-19 16:00:34,SOLUSDT,bid,142,43897.0
2024-08-19 16:00:34,SOLUSDT,bid,142,43880.0
2024-08-19 16:00:40,SOLUSDT,bid,142,43884.0
2024-08-19 16:00:42,SOLUSDT,bid,142,43898.0
2024-08-19 16:00:42,SOLUSDT,bid,142,43884.0
2024-08-19 16:00:46,SOLUSDT,bid,142,43884.0
2024-08-19 16:00:46,SOLUSDT,bid,142,43886.0
2024-08-19 16:00:49,SOLUSDT,bid,142,43903.0
2024-08-19 16:00:50,SOLUSDT,bid,142,43882.0
2024-08-19 16:00:51,SOLUSDT,bid,142,43969.0
2024-08-19 16:00:51,SOLUSDT,bid,142,43882.0
2024-08-19 16:00:52,SOLUSDT,bid,142,43969.0
2024-08-19 16:00:56,SOLUSDT,bid,142,43882.0
2024-08-19 16:01:05,SOLUSDT,bid,142,43903.0
2024-08-19 16:01:05,SOLUSDT,bid,142,43882.0
2024-08-19 16:01:05,SOLUSDT,bid,142,43903.0
2024-08-19 16:01:05,SOLUSDT,bid,142,43882.0
2024-08-19 16:01:18,SOLUSDT,bid,142,43883.0
2024-08-19 16:01:23,SOLUSDT,bid,142,43933.0
2024-08-19 16:01:23,SOLUSDT,bid,142,43883.0
2024-08-19 16:01:24,SOLUSDT,bid,142,43933.0
2024-08-19 16:01:24,SOLUSDT,bid,142,43883.0
2024-08-19 16:01:25,SOLUSDT,bid,142,43933.0
2024-08-19 16:01:26,SOLUSDT,bid,142,43883.0
2024-08-19 16:01:36,SOLUSDT,bid,142,43900.0
2024-08-19 16:01:37,SOLUSDT,bid,142,43883.0
2024-08-19 16:01:42,SOLUSDT,bid,142,43904.0
2024-08-19 16:01:42,SOLUSDT,bid,142,43883.0
2024-08-19 16:01:45,SOLUSDT,bid,142,43933.0
2024-08-19 16:01:46,SOLUSDT,bid,142,43883.0
2024-08-19 16:01:52,SOLUSDT,bid,142,43890.0
2024-08-19 16:01:52,SOLUSDT,bid,142,43893.0
2024-08-19 16:01:52,SOLUSDT,bid,142,43884.0
2024-08-19 16:01:53,SOLUSDT,bid,142,43901.0
2024-08-19 16:01:53,SOLUSDT,bid,142,43884.0
2024-08-19 16:01:57,SOLUSDT,bid,142,43891.0
2024-08-19 16:01:57,SOLUSDT,bid,142,43884.0
2024-08-19 16:02:01,SOLUSDT,bid,142,43894.0
2024-08-19 16:02:02,SOLUSDT,bid,142,43891.0
2024-08-19 16:02:02,SOLUSDT,bid,142,43878.0
2024-08-19 16:02:03,SOLUSDT,bid,142,43913.0
2024-08-19 16:02:04,SOLUSDT,bid,142,44053.0
2024-08-19 16:02:04,SOLUSDT,bid,142,43878.0
2024-08-19 16:02:08,SOLUSDT,bid,142,44053.0
2024-08-19 16:02:09,SOLUSDT,bid,142,43878.0
2024-08-19 16:02:09,SOLUSDT,bid,142,44053.0
2024-08-19 16:02:09,SOLUSDT,bid,142,43878.0
2024-08-19 16:02:15,SOLUSDT,bid,142,43948.0
2024-08-19 16:02:15,SOLUSDT,bid,142,43955.0
2024-08-19 16:02:16,SOLUSDT,bid,142,43899.0
2024-08-19 16:02:17,SOLUSDT,bid,142,43885.0
2024-08-19 16:02:17,SOLUSDT,bid,142,43878.0
2024-08-19 16:02:17,SOLUSDT,bid,142,43885.0
2024-08-19 16:02:18,SOLUSDT,bid,142,43878.0
2024-08-19 16:06:17,SOLUSDT,bid,142,44170.0
2024-08-19 16:06:18,SOLUSDT,bid,142,44170.0
2024-08-19 16:06:18,SOLUSDT,bid,142,44171.0
2024-08-19 16:06:19,SOLUSDT,bid,142,44155.0
2024-08-19 16:06:24,SOLUSDT,bid,142,44164.0
2024-08-19 16:06:24,SOLUSDT,bid,142,44155.0
2024-08-19 16:06:25,SOLUSDT,bid,142,44154.0
2024-08-19 16:06:25,SOLUSDT,bid,142,44155.0
2024-08-19 16:06:32,SOLUSDT,bid,142,44167.0
2024-08-19 16:06:35,SOLUSDT,bid,142,44181.0
2024-08-19 16:06:36,SOLUSDT,bid,142,44216.0
2024-08-19 16:06:37,SOLUSDT,bid,142,44171.0
2024-08-19 16:06:38,SOLUSDT,bid,142,44175.0
2024-08-19 16:06:43,SOLUSDT,bid,142,44173.0
2024-08-19 16:06:44,SOLUSDT,bid,142,44169.0
2024-08-19 16:06:45,SOLUSDT,bid,142,44189.0
2024-08-19 16:06:47,SOLUSDT,bid,142,44189.0
2024-08-19 16:06:47,SOLUSDT,bid,142,44289.0
2024-08-19 16:06:48,SOLUSDT,bid,142,44189.0
2024-08-19 16:06:49,SOLUSDT,bid,142,44289.0
2024-08-19 16:06:49,SOLUSDT,bid,142,44189.0
2024-08-19 16:06:50,SOLUSDT,bid,142,44289.0
2024-08-19 16:06:50,SOLUSDT,bid,142,44189.0
2024-08-19 16:06:50,SOLUSDT,bid,142,44289.0
2024-08-19 16:06:51,SOLUSDT,bid,142,44189.0
2024-08-19 16:06:51,SOLUSDT,bid,142,44289.0
2024-08-19 16:06:51,SOLUSDT,bid,142,44169.0
2024-08-19 16:06:51,SOLUSDT,bid,142,44269.0
2024-08-19 16:06:53,SOLUSDT,bid,142,44265.0
2024-08-19 16:06:54,SOLUSDT,bid,142,44165.0
2024-08-19 16:06:56,SOLUSDT,bid,142,44169.0
2024-08-19 16:06:57,SOLUSDT,bid,142,44164.0
2024-08-19 16:06:57,SOLUSDT,bid,142,44182.0
2024-08-19 16:06:58,SOLUSDT,bid,142,44164.0
2024-08-19 16:06:58,SOLUSDT,bid,142,44182.0
2024-08-19 16:06:59,SOLUSDT,bid,142,44164.0
2024-08-19 16:07:00,SOLUSDT,bid,142,44182.0
2024-08-19 16:07:00,SOLUSDT,bid,142,44203.0
2024-08-19 16:07:01,SOLUSDT,bid,142,44185.0
2024-08-19 16:07:01,SOLUSDT,bid,142,44203.0
2024-08-19 16:07:02,SOLUSDT,bid,142,44203.0
2024-08-19 16:07:02,SOLUSDT,bid,142,44203.0
2024-08-19 16:07:03,SOLUSDT,bid,142,44185.0
2024-08-19 16:07:05,SOLUSDT,bid,142,44164.0
2024-08-19 16:07:07,SOLUSDT,bid,142,44182.0
2024-08-19 16:07:08,SOLUSDT,bid,142,44164.0
2024-08-19 16:07:08,SOLUSDT,bid,142,44182.0
2024-08-19 16:07:08,SOLUSDT,bid,142,44164.0
2024-08-19 16:07:09,SOLUSDT,bid,142,44298.0
2024-08-19 16:07:10,SOLUSDT,bid,142,44164.0
2024-08-19 16:07:27,SOLUSDT,bid,142,44167.0
2024-08-19 16:07:27,SOLUSDT,bid,142,44174.0
2024-08-19 16:07:27,SOLUSDT,bid,142,44222.0
2024-08-19 16:07:32,SOLUSDT,bid,142,44167.0
2024-08-19 16:07:32,SOLUSDT,bid,142,44170.0
2024-08-19 16:07:36,SOLUSDT,bid,142,44170.0
2024-08-19 16:07:36,SOLUSDT,bid,142,44167.0
2024-08-19 16:07:37,SOLUSDT,bid,142,44185.0
2024-08-19 16:07:38,SOLUSDT,bid,142,44167.0
2024-08-19 16:07:39,SOLUSDT,bid,142,44185.0
2024-08-19 16:07:40,SOLUSDT,bid,142,44167.0
2024-08-19 16:07:41,SOLUSDT,bid,142,44185.0
2024-08-19 16:07:41,SOLUSDT,bid,142,44167.0
2024-08-19 16:07:41,SOLUSDT,bid,142,44164.0
2024-08-19 16:07:51,SOLUSDT,bid,142,44174.0
2024-08-19 16:07:52,SOLUSDT,bid,142,44164.0
2024-08-19 16:07:55,SOLUSDT,bid,142,44165.0
2024-08-19 16:07:55,SOLUSDT,bid,142,44164.0
2024-08-19 16:07:57,SOLUSDT,bid,142,44171.0
2024-08-19 16:07:57,SOLUSDT,bid,142,44164.0
2024-08-19 16:08:01,SOLUSDT,bid,142,44182.0
2024-08-19 16:08:01,SOLUSDT,bid,142,44164.0
2024-08-19 16:08:12,SOLUSDT,bid,142,44167.0
2024-08-19 16:08:18,SOLUSDT,bid,142,44164.0
2024-08-19 16:08:26,SOLUSDT,bid,142,44164.0
2024-08-19 16:08:26,SOLUSDT,bid,142,44185.0
2024-08-19 16:08:27,SOLUSDT,bid,142,44164.0
2024-08-19 16:08:46,SOLUSDT,bid,142,44168.0
2024-08-19 16:08:48,SOLUSDT,bid,142,44170.0
2024-08-19 16:08:48,SOLUSDT,bid,142,44168.0
2024-08-19 16:09:13,SOLUSDT,bid,142,44182.0
2024-08-19 16:09:13,SOLUSDT,bid,142,44181.0
2024-08-19 16:09:27,SOLUSDT,bid,142,44231.0
2024-08-19 16:09:27,SOLUSDT,bid,142,44181.0
2024-08-19 16:09:29,SOLUSDT,bid,142,44202.0
2024-08-19 16:09:29,SOLUSDT,bid,142,44181.0
2024-08-19 16:09:29,SOLUSDT,bid,142,44202.0
2024-08-19 16:09:29,SOLUSDT,bid,142,44181.0
2024-08-19 16:09:30,SOLUSDT,bid,142,44202.0
2024-08-19 16:09:31,SOLUSDT,bid,142,44181.0
2024-08-19 16:09:38,SOLUSDT,bid,142,44181.0
2024-08-19 16:09:39,SOLUSDT,bid,142,44181.0
2024-08-19 16:10:01,SOLUSDT,bid,142,44177.0
2024-08-19 16:10:11,SOLUSDT,bid,142,44237.0
2024-08-19 16:10:15,SOLUSDT,bid,142,44237.0
2024-08-19 16:10:34,SOLUSDT,bid,142,44237.0
2024-08-19 16:11:11,SOLUSDT,bid,142,44412.0
2024-08-19 16:11:16,SOLUSDT,bid,142,44237.0
2024-08-19 16:11:17,SOLUSDT,bid,142,44225.0
2024-08-19 16:11:30,SOLUSDT,bid,142,44225.0
2024-08-19 16:11:31,SOLUSDT,bid,142,44225.0
2024-08-19 16:11:45,SOLUSDT,bid,142,44225.0
2024-08-19 16:11:45,SOLUSDT,bid,142,44225.0
2024-08-19 16:11:45,SOLUSDT,bid,142,44275.0
2024-08-19 16:11:45,SOLUSDT,bid,142,44225.0
2024-08-19 16:11:51,SOLUSDT,bid,142,44246.0
2024-08-19 16:11:51,SOLUSDT,bid,142,44252.0
2024-08-19 16:11:52,SOLUSDT,bid,142,44231.0
2024-08-19 16:11:55,SOLUSDT,bid,142,44669.0
2024-08-19 16:12:01,SOLUSDT,bid,142,44663.0
2024-08-19 16:12:12,SOLUSDT,bid,142,44225.0
2024-08-19 16:13:01,SOLUSDT,bid,140,35814.0
2024-08-19 16:13:11,SOLUSDT,bid,142,44165.0
2024-08-19 16:13:55,SOLUSDT,bid,142,44165.0
2024-08-19 16:13:55,SOLUSDT,bid,142,44252.0
2024-08-19 16:13:56,SOLUSDT,bid,142,44165.0
2024-08-19 16:14:28,SOLUSDT,bid,142,44194.0
2024-08-19 16:14:30,SOLUSDT,bid,142,44223.0
2024-08-19 16:15:27,SOLUSDT,bid,142,44223.0
2024-08-19 16:15:31,SOLUSDT,bid,140,37018.0
2024-08-19 16:16:14,SOLUSDT,bid,140,35814.0
2024-08-19 16:17:20,SOLUSDT,bid,140,35796.0
2024-08-19 16:17:20,SOLUSDT,bid,140,35777.0
2024-08-19 16:25:21,SOLUSDT,bid,142,43944.0
2024-08-19 16:25:22,SOLUSDT,bid,142,43973.0
2024-08-19 16:25:22,SOLUSDT,bid,142,43972.0
2024-08-19 16:25:22,SOLUSDT,bid,142,43976.0
2024-08-19 16:25:51,SOLUSDT,bid,142,43947.0
2024-08-19 16:26:00,SOLUSDT,bid,142,43948.0
2024-08-19 16:26:01,SOLUSDT,bid,142,43969.0
2024-08-19 16:26:02,SOLUSDT,bid,142,43948.0
2024-08-19 16:26:02,SOLUSDT,bid,142,43998.0
2024-08-19 16:26:03,SOLUSDT,bid,142,43948.0
2024-08-19 16:26:04,SOLUSDT,bid,142,44085.0
2024-08-19 16:26:05,SOLUSDT,bid,142,43998.0
2024-08-19 16:26:06,SOLUSDT,bid,142,43948.0
2024-08-19 16:26:10,SOLUSDT,bid,142,44219.0
2024-08-19 16:26:10,SOLUSDT,bid,142,44236.0
2024-08-19 16:26:11,SOLUSDT,bid,142,44219.0
2024-08-19 16:26:19,SOLUSDT,bid,142,44268.0
2024-08-19 16:26:19,SOLUSDT,bid,142,44219.0
2024-08-19 16:26:20,SOLUSDT,bid,142,44219.0
2024-08-19 16:26:21,SOLUSDT,bid,142,44268.0
2024-08-19 16:26:22,SOLUSDT,bid,142,44219.0
2024-08-19 16:26:28,SOLUSDT,bid,142,44233.0
2024-08-19 16:26:30,SOLUSDT,bid,142,43962.0
2024-08-19 16:26:33,SOLUSDT,bid,142,43948.0
2024-08-19 16:26:34,SOLUSDT,bid,142,43948.0
2024-08-19 16:26:36,SOLUSDT,bid,142,43965.0
2024-08-19 16:26:36,SOLUSDT,bid,142,43948.0
2024-08-19 16:26:50,SOLUSDT,bid,142,43951.0
2024-08-19 16:26:52,SOLUSDT,bid,142,43959.0
2024-08-19 16:26:55,SOLUSDT,bid,142,43980.0
2024-08-19 16:26:55,SOLUSDT,bid,142,43959.0
2024-08-19 16:27:00,SOLUSDT,bid,142,43959.0
2024-08-19 16:27:01,SOLUSDT,bid,142,43951.0
2024-08-19 16:27:08,SOLUSDT,bid,142,43968.0
2024-08-19 16:27:09,SOLUSDT,bid,142,44168.0
2024-08-19 16:27:10,SOLUSDT,bid,142,44171.0
2024-08-19 16:27:11,SOLUSDT,bid,142,44154.0
2024-08-19 16:27:16,SOLUSDT,bid,142,44156.0
2024-08-19 16:27:19,SOLUSDT,bid,142,44154.0
2024-08-19 16:27:22,SOLUSDT,bid,142,44160.0
2024-08-19 16:27:22,SOLUSDT,bid,142,43960.0
2024-08-19 16:27:30,SOLUSDT,bid,142,43977.0
2024-08-19 16:27:30,SOLUSDT,bid,142,43960.0
2024-08-19 16:27:33,SOLUSDT,bid,142,43967.0
2024-08-19 16:27:34,SOLUSDT,bid,142,43984.0
2024-08-19 16:27:34,SOLUSDT,bid,142,43967.0
2024-08-19 16:27:38,SOLUSDT,bid,142,43968.0
2024-08-19 16:27:59,SOLUSDT,bid,142,43964.0
2024-08-19 16:28:10,SOLUSDT,bid,142,44139.0
2024-08-19 16:28:34,SOLUSDT,bid,142,44140.0
2024-08-19 16:28:39,SOLUSDT,bid,142,44182.0
2024-08-19 16:29:05,SOLUSDT,bid,142,44232.0
2024-08-19 16:29:18,SOLUSDT,bid,142,44234.0
2024-08-19 16:29:54,SOLUSDT,bid,142,44210.0
2024-08-19 16:29:56,SOLUSDT,bid,142,44225.0
2024-08-19 16:30:13,SOLUSDT,bid,142,44219.0
2024-08-19 16:30:14,SOLUSDT,bid,142,44220.0
2024-08-19 16:30:30,SOLUSDT,bid,142,44218.0
2024-08-19 16:30:30,SOLUSDT,bid,142,44225.0
2024-08-19 16:30:49,SOLUSDT,bid,142,44295.0
2024-08-19 16:30:51,SOLUSDT,bid,142,44299.0
2024-08-19 16:30:53,SOLUSDT,bid,142,44358.0
2024-08-19 16:30:54,SOLUSDT,bid,142,45008.0
2024-08-19 16:31:56,SOLUSDT,bid,142,45015.0
2024-08-19 16:32:00,SOLUSDT,bid,142,45025.0
2024-08-19 16:32:01,SOLUSDT,bid,142,44955.0
2024-08-19 16:32:16,SOLUSDT,bid,142,44959.0
2024-08-19 16:32:24,SOLUSDT,bid,142,44309.0
2024-08-19 16:32:37,SOLUSDT,bid,142,44312.0
2024-08-19 16:32:58,SOLUSDT,bid,142,44314.0
2024-08-19 16:33:10,SOLUSDT,bid,142,44311.0
2024-08-19 16:33:16,SOLUSDT,bid,142,44309.0
2024-08-19 16:33:17,SOLUSDT,bid,142,44312.0
2024-08-19 16:33:41,SOLUSDT,bid,142,44343.0
2024-08-19 16:33:59,SOLUSDT,bid,142,44284.0
2024-08-19 16:34:06,SOLUSDT,bid,142,44283.0
2024-08-19 16:34:19,SOLUSDT,bid,142,44291.0
