2024-09-16 08:12:37,ETHUSDT,bid,2220,4617.792
2024-09-16 08:12:43,ETHUSDT,bid,2220,10357.522
2024-09-16 08:13:02,ETHUSDT,bid,2220,4616.792
2024-09-16 08:13:02,ETHUSDT,bid,2230,4543.702
2024-09-16 08:13:14,ETHUSDT,bid,2240,10021.24
2024-09-16 08:13:20,ETHUSDT,bid,2250,4691.748
2024-09-16 08:13:21,ETHUSDT,bid,2230,4533.702
2024-09-16 08:13:25,ETHUSDT,bid,2240,10023.24
2024-09-16 08:14:02,ETHUSDT,bid,2220,4641.792
2024-09-16 08:14:03,ETHUSDT,bid,2250,4838.336
2024-09-16 08:14:08,ETHUSDT,bid,2220,10358.022
2024-09-16 08:14:08,ETHUSDT,bid,2230,5174.141
2024-09-16 08:14:22,ETHUSDT,bid,2250,4693.961
2024-09-16 08:14:27,ETHUSDT,bid,2250,4739.372
2024-09-16 08:14:34,ETHUSDT,bid,2240,10021.889
2024-09-16 08:14:36,ETHUSDT,bid,2240,10079.735
2024-09-16 08:14:36,ETHUSDT,bid,2240,10086.359
2024-09-16 08:14:36,ETHUSDT,bid,2240,10028.513
2024-09-16 08:14:36,ETHUSDT,bid,2220,4641.702
2024-09-16 08:14:36,ETHUSDT,bid,2230,4533.612
2024-09-16 08:14:37,ETHUSDT,bid,2220,10357.722
2024-09-16 08:14:40,ETHUSDT,bid,2220,4641.802
2024-09-16 08:14:40,ETHUSDT,bid,2250,4738.93
2024-09-16 08:14:40,ETHUSDT,bid,2240,10021.889
2024-09-16 08:14:41,ETHUSDT,bid,2250,4838.78
2024-09-16 08:14:41,ETHUSDT,bid,2230,4531.386
2024-09-16 08:14:45,ETHUSDT,bid,2220,10358.397
2024-09-16 08:14:52,ETHUSDT,bid,2220,10358.554
2024-09-16 08:14:52,ETHUSDT,bid,2230,4528.255
2024-09-16 08:14:53,ETHUSDT,bid,2230,5173.909
2024-09-16 08:14:56,ETHUSDT,bid,2210,5039.456
2024-09-16 08:14:56,ETHUSDT,bid,2230,5173.889
2024-09-16 08:14:57,ETHUSDT,bid,2220,4641.778
2024-09-16 08:14:57,ETHUSDT,bid,2240,10030.805
2024-09-16 08:14:57,ETHUSDT,bid,2250,4860.77
2024-09-16 08:15:03,ETHUSDT,bid,2250,4882.76
2024-09-16 08:15:03,ETHUSDT,bid,2250,4904.75
2024-09-16 08:15:03,ETHUSDT,bid,2250,4737.43
2024-09-16 08:15:09,ETHUSDT,bid,2250,4924.541
2024-09-16 08:15:13,ETHUSDT,bid,2250,4858.571
2024-09-16 08:15:13,ETHUSDT,bid,2250,4838.78
2024-09-16 08:15:18,ETHUSDT,bid,2240,10098.586
2024-09-16 08:15:18,ETHUSDT,bid,2250,4838.993
2024-09-16 08:15:18,ETHUSDT,bid,2240,10030.805
2024-09-16 08:15:22,ETHUSDT,bid,2250,4559.118
2024-09-16 08:15:22,ETHUSDT,bid,2230,4527.455
2024-09-16 08:15:22,ETHUSDT,bid,2230,5174.105
2024-09-16 08:15:25,ETHUSDT,bid,2220,10350.181
2024-09-16 08:15:25,ETHUSDT,bid,2240,10029.255
2024-09-16 08:15:26,ETHUSDT,bid,2230,4527.465
2024-09-16 08:15:29,ETHUSDT,bid,2250,4559.169
2024-09-16 08:15:32,ETHUSDT,bid,2250,4738.344
2024-09-16 08:15:39,ETHUSDT,bid,2230,4527.515
2024-09-16 08:15:41,ETHUSDT,bid,2220,10357.181
2024-09-16 08:15:49,ETHUSDT,bid,2250,4737.43
2024-09-16 08:15:56,ETHUSDT,bid,2230,4527.582
2024-09-16 08:15:59,ETHUSDT,bid,2220,10357.191
2024-09-16 08:16:10,ETHUSDT,bid,2240,10020.339
2024-09-16 08:16:11,ETHUSDT,bid,2250,4559.16
2024-09-16 08:16:14,ETHUSDT,bid,2240,10028.367
2024-09-16 08:16:14,ETHUSDT,bid,2240,10020.339
2024-09-16 08:16:22,ETHUSDT,bid,2220,4646.778
2024-09-16 08:16:22,ETHUSDT,bid,2250,4602.702
2024-09-16 08:16:22,ETHUSDT,bid,2220,4650.458
2024-09-16 08:16:26,ETHUSDT,bid,2250,4617.216
2024-09-16 08:16:26,ETHUSDT,bid,2250,4631.73
2024-09-16 08:16:26,ETHUSDT,bid,2250,4617.216
2024-09-16 08:16:29,ETHUSDT,bid,2240,10028.367
2024-09-16 08:16:29,ETHUSDT,bid,2240,10020.339
2024-09-16 08:16:35,ETHUSDT,bid,2220,10354.191
2024-09-16 08:16:42,ETHUSDT,bid,2250,4606.11
2024-09-16 08:16:44,ETHUSDT,bid,2230,5174.094
2024-09-16 08:16:47,ETHUSDT,bid,2230,5174.104
2024-09-16 08:16:47,ETHUSDT,bid,2250,4591.596
2024-09-16 08:16:47,ETHUSDT,bid,2250,4548.054
2024-09-16 08:16:48,ETHUSDT,bid,2250,4737.789
2024-09-16 08:16:53,ETHUSDT,bid,2250,4548.498
2024-09-16 08:16:53,ETHUSDT,bid,2220,10354.034
2024-09-16 08:17:00,ETHUSDT,bid,2220,4660.57
2024-09-16 08:17:15,ETHUSDT,bid,2220,10362.224
2024-09-16 08:17:20,ETHUSDT,bid,2250,4548.054
2024-09-16 08:17:29,ETHUSDT,bid,2220,4660.527
2024-09-16 08:17:34,ETHUSDT,bid,2220,10362.674
2024-09-16 08:17:35,ETHUSDT,bid,2250,4548.151
2024-09-16 08:17:37,ETHUSDT,bid,2220,4662.863
2024-09-16 08:17:42,ETHUSDT,bid,2230,5174.354
2024-09-16 08:17:45,ETHUSDT,bid,2250,4548.054
2024-09-16 08:17:46,ETHUSDT,bid,2250,4738.263
2024-09-16 08:17:47,ETHUSDT,bid,2220,10361.674
2024-09-16 08:17:48,ETHUSDT,bid,2250,4737.789
2024-09-16 08:17:49,ETHUSDT,bid,2220,4662.909
2024-09-16 08:17:49,ETHUSDT,bid,2250,4570.044
2024-09-16 08:17:49,ETHUSDT,bid,2250,4587.805
2024-09-16 08:17:50,ETHUSDT,bid,2250,4587.914
2024-09-16 08:17:56,ETHUSDT,bid,2250,4738.789
2024-09-16 08:17:57,ETHUSDT,bid,1700,6046.464
2024-09-16 08:18:06,ETHUSDT,bid,2230,5038.376
2024-09-16 08:18:13,ETHUSDT,bid,2240,10020.76
2024-09-16 08:18:15,ETHUSDT,bid,2220,10361.696
2024-09-16 08:18:15,ETHUSDT,bid,2220,10362.896
2024-09-16 08:18:17,ETHUSDT,bid,2250,4565.924
2024-09-16 08:18:44,ETHUSDT,bid,2220,10361.628
2024-09-16 08:18:54,ETHUSDT,bid,2250,4548.163
2024-09-16 08:19:52,ETHUSDT,bid,2250,4548.936
2024-09-16 08:19:57,ETHUSDT,bid,2220,4663.134
2024-09-16 08:20:08,ETHUSDT,bid,2220,10362.628
2024-09-16 08:20:33,ETHUSDT,bid,2230,4527.006
2024-09-16 08:20:45,ETHUSDT,bid,2220,10372.628
2024-09-16 08:20:57,ETHUSDT,bid,2220,10372.853
2024-09-16 08:20:58,ETHUSDT,bid,1680,8962.275
2024-09-16 08:21:14,ETHUSDT,bid,2230,5038.365
2024-09-16 08:21:14,ETHUSDT,bid,2220,10362.853
2024-09-16 08:21:17,ETHUSDT,bid,2240,10020.769
2024-09-16 08:21:20,ETHUSDT,bid,2220,10363.353
2024-09-16 08:21:24,ETHUSDT,bid,2230,4538.327
2024-09-16 08:21:29,ETHUSDT,bid,2220,4663.203
2024-09-16 08:21:45,ETHUSDT,bid,2240,10020.862
2024-09-16 08:21:57,ETHUSDT,bid,2220,10363.446
2024-09-16 08:21:59,ETHUSDT,bid,2230,4538.302
2024-09-16 08:22:00,ETHUSDT,bid,2230,5038.354
2024-09-16 08:22:44,ETHUSDT,bid,2230,5038.343
2024-09-16 08:22:48,ETHUSDT,bid,1960,5311.559
2024-09-16 08:23:03,ETHUSDT,bid,2250,4739.772
2024-09-16 08:23:09,ETHUSDT,bid,2220,10366.259
2024-09-16 08:23:11,ETHUSDT,bid,2220,4638.203
2024-09-16 08:23:20,ETHUSDT,bid,2220,10355.869
2024-09-16 08:23:26,ETHUSDT,bid,2220,10366.259
2024-09-16 08:23:27,ETHUSDT,bid,2230,4542.512
2024-09-16 08:23:48,ETHUSDT,bid,2250,4566.901
2024-09-16 08:23:52,ETHUSDT,bid,2230,4542.735
2024-09-16 08:23:57,ETHUSDT,bid,1940,5285.575
2024-09-16 08:25:10,ETHUSDT,bid,2220,10368.297
2024-09-16 08:25:13,ETHUSDT,bid,2220,10368.387
2024-09-16 08:25:14,ETHUSDT,bid,1940,5285.251
2024-09-16 08:25:30,ETHUSDT,bid,2230,5038.372
2024-09-16 08:26:00,ETHUSDT,bid,2230,4542.929
2024-09-16 08:26:26,ETHUSDT,bid,2220,10368.991
2024-09-16 08:26:29,ETHUSDT,bid,2220,4638.303
2024-09-16 08:26:30,ETHUSDT,bid,2230,5036.971
2024-09-16 08:27:24,ETHUSDT,bid,2230,5036.96
2024-09-16 08:27:36,ETHUSDT,bid,2250,4739.507
2024-09-16 08:28:10,ETHUSDT,bid,2250,4761.429
2024-09-16 08:28:11,ETHUSDT,bid,2220,10371.031
2024-09-16 08:28:13,ETHUSDT,bid,2220,10369.587
2024-09-16 08:28:26,ETHUSDT,bid,2230,5036.949
2024-09-16 08:28:27,ETHUSDT,bid,2250,4739.507
2024-09-16 08:28:28,ETHUSDT,bid,2250,4567.1
2024-09-16 08:29:25,ETHUSDT,bid,2240,10035.708
2024-09-16 08:29:31,ETHUSDT,bid,2230,5036.938
2024-09-16 08:29:46,ETHUSDT,bid,2220,4638.353
2024-09-16 08:29:54,ETHUSDT,bid,2220,4504.356
2024-09-16 08:30:20,ETHUSDT,bid,2230,4543.823
2024-09-16 08:31:03,ETHUSDT,bid,2220,4504.345
2024-09-16 08:31:10,ETHUSDT,bid,2230,5036.909
2024-09-16 08:31:20,ETHUSDT,bid,2250,4571.097
2024-09-16 08:31:21,ETHUSDT,bid,2250,4694.096
2024-09-16 08:31:46,ETHUSDT,bid,2250,4578.149
2024-09-16 08:31:53,ETHUSDT,bid,2230,4545.165
2024-09-16 08:32:08,ETHUSDT,bid,2240,10035.287
2024-09-16 08:32:12,ETHUSDT,bid,2250,4578.001
2024-09-16 08:32:13,ETHUSDT,bid,2250,4574.004
2024-09-16 08:32:38,ETHUSDT,bid,2220,4646.366
2024-09-16 08:33:00,ETHUSDT,bid,2250,4574.054
2024-09-16 08:33:01,ETHUSDT,bid,2220,4646.791
2024-09-16 08:33:04,ETHUSDT,bid,2250,4658.716
2024-09-16 08:33:09,ETHUSDT,bid,2220,4646.09
2024-09-16 08:33:37,ETHUSDT,bid,2220,4504.334
2024-09-16 08:33:37,ETHUSDT,bid,2220,10370.691
2024-09-16 08:33:38,ETHUSDT,bid,2220,10368.653
2024-09-16 08:33:42,ETHUSDT,bid,2250,4708.565
2024-09-16 08:33:49,ETHUSDT,bid,2220,10370.653
2024-09-16 08:33:57,ETHUSDT,bid,2250,4694.096
2024-09-16 08:33:58,ETHUSDT,bid,2250,4574.054
2024-09-16 08:34:15,ETHUSDT,bid,2220,4504.323
2024-09-16 08:34:24,ETHUSDT,bid,2220,10367.522
2024-09-16 08:34:37,ETHUSDT,bid,2220,4646.429
2024-09-16 08:35:22,ETHUSDT,bid,2220,4646.418
2024-09-16 08:35:41,ETHUSDT,bid,2230,4544.765
2024-09-16 08:35:53,ETHUSDT,bid,2250,4579.054
2024-09-16 08:36:00,ETHUSDT,bid,2240,10020.441
2024-09-16 08:36:17,ETHUSDT,bid,2220,4646.407
2024-09-16 08:36:22,ETHUSDT,bid,2220,4646.764
2024-09-16 08:36:42,ETHUSDT,bid,2220,4647.764
2024-09-16 08:36:49,ETHUSDT,bid,2220,4647.407
2024-09-16 08:36:53,ETHUSDT,bid,2250,4574.054
2024-09-16 08:36:59,ETHUSDT,bid,2220,4647.396
2024-09-16 08:36:59,ETHUSDT,bid,2250,4695.096
2024-09-16 08:37:09,ETHUSDT,bid,2250,4632.11
2024-09-16 08:37:19,ETHUSDT,bid,2250,4588.568
2024-09-16 08:37:19,ETHUSDT,bid,2250,4574.054
2024-09-16 08:37:33,ETHUSDT,bid,2250,4584.054
2024-09-16 08:37:56,ETHUSDT,bid,2220,10369.322
2024-09-16 08:37:56,ETHUSDT,bid,2240,10042.52
2024-09-16 08:37:56,ETHUSDT,bid,2240,10020.441
2024-09-16 08:37:58,ETHUSDT,bid,2230,4548.342
2024-09-16 08:37:58,ETHUSDT,bid,2220,10389.372
2024-09-16 08:37:59,ETHUSDT,bid,2220,10404.222
2024-09-16 08:37:59,ETHUSDT,bid,2220,10409.619
2024-09-16 08:37:59,ETHUSDT,bid,2220,10410.013
2024-09-16 08:38:00,ETHUSDT,bid,2240,10021.876
2024-09-16 08:38:00,ETHUSDT,bid,2250,4696.096
2024-09-16 08:38:00,ETHUSDT,bid,2250,4695.096
2024-09-16 08:38:01,ETHUSDT,bid,2230,4544.765
2024-09-16 08:38:05,ETHUSDT,bid,2250,4696.096
2024-09-16 08:38:07,ETHUSDT,bid,2220,10404.616
2024-09-16 08:38:08,ETHUSDT,bid,2220,4649.621
2024-09-16 08:38:08,ETHUSDT,bid,2220,10444.616
2024-09-16 08:38:09,ETHUSDT,bid,2250,4696.451
2024-09-16 08:38:10,ETHUSDT,bid,2240,10020.441
2024-09-16 08:38:11,ETHUSDT,bid,2220,4649.61
2024-09-16 08:38:15,ETHUSDT,bid,2240,10020.887
2024-09-16 08:38:17,ETHUSDT,bid,2250,4696.096
2024-09-16 08:38:22,ETHUSDT,bid,2250,4695.096
2024-09-16 08:38:24,ETHUSDT,bid,2220,10424.566
2024-09-16 08:38:28,ETHUSDT,bid,2220,10384.566
2024-09-16 08:38:31,ETHUSDT,bid,2240,10019.549
2024-09-16 08:38:34,ETHUSDT,bid,2220,10369.716
2024-09-16 08:38:34,ETHUSDT,bid,2240,10041.628
2024-09-16 08:38:34,ETHUSDT,bid,2240,10063.707
2024-09-16 08:38:35,ETHUSDT,bid,2250,4593.131
2024-09-16 08:38:36,ETHUSDT,bid,2250,4695.649
2024-09-16 08:38:37,ETHUSDT,bid,2250,4694.666
2024-09-16 08:38:38,ETHUSDT,bid,2240,10085.786
2024-09-16 08:38:40,ETHUSDT,bid,2240,10107.865
2024-09-16 08:38:43,ETHUSDT,bid,2240,10041.628
2024-09-16 08:38:43,ETHUSDT,bid,2240,10019.549
2024-09-16 08:38:49,ETHUSDT,bid,2230,4544.784
2024-09-16 08:39:00,ETHUSDT,bid,2250,4694.719
2024-09-16 08:39:05,ETHUSDT,bid,2250,4695.231
2024-09-16 08:39:05,ETHUSDT,bid,2250,4694.719
2024-09-16 08:39:07,ETHUSDT,bid,2220,4647.385
2024-09-16 08:39:12,ETHUSDT,bid,2220,4647.585
2024-09-16 08:39:17,ETHUSDT,bid,2230,4544.774
2024-09-16 08:39:18,ETHUSDT,bid,2230,4544.784
2024-09-16 08:39:19,ETHUSDT,bid,2220,4647.595
2024-09-16 08:39:19,ETHUSDT,bid,2230,4560.288
2024-09-16 08:39:21,ETHUSDT,bid,2250,4729.481
2024-09-16 08:39:27,ETHUSDT,bid,2220,10370.707
2024-09-16 08:39:27,ETHUSDT,bid,2230,4560.071
2024-09-16 08:39:29,ETHUSDT,bid,2220,4648.165
2024-09-16 08:39:29,ETHUSDT,bid,2250,4592.687
2024-09-16 08:39:30,ETHUSDT,bid,2220,4649.292
2024-09-16 08:39:42,ETHUSDT,bid,2240,10019.449
2024-09-16 08:39:48,ETHUSDT,bid,2220,4649.649
2024-09-16 08:39:49,ETHUSDT,bid,2250,4729.493
2024-09-16 08:39:50,ETHUSDT,bid,2240,10019.459
2024-09-16 08:39:53,ETHUSDT,bid,2250,4593.575
2024-09-16 08:39:54,ETHUSDT,bid,2250,4729.481
2024-09-16 08:39:56,ETHUSDT,bid,2220,10370.96
2024-09-16 08:39:56,ETHUSDT,bid,2220,4649.669
2024-09-16 08:39:56,ETHUSDT,bid,2220,4649.469
2024-09-16 08:39:56,ETHUSDT,bid,2230,4560.271
2024-09-16 08:39:58,ETHUSDT,bid,2250,4728.481
2024-09-16 08:40:00,ETHUSDT,bid,2250,4728.428
2024-09-16 08:40:01,ETHUSDT,bid,2250,4728.516
2024-09-16 08:40:03,ETHUSDT,bid,2220,4649.479
2024-09-16 08:40:08,ETHUSDT,bid,2250,4730.108
2024-09-16 08:40:09,ETHUSDT,bid,2220,10371.73
2024-09-16 08:40:12,ETHUSDT,bid,2220,10376.73
2024-09-16 08:40:13,ETHUSDT,bid,2220,10375.739
2024-09-16 08:40:15,ETHUSDT,bid,2230,4560.281
2024-09-16 08:40:29,ETHUSDT,bid,2220,10375.862
2024-09-16 08:40:31,ETHUSDT,bid,2230,4549.207
2024-09-16 08:40:31,ETHUSDT,bid,2230,4544.777
2024-09-16 08:40:32,ETHUSDT,bid,2250,4593.663
2024-09-16 08:40:47,ETHUSDT,bid,2250,4730.358
2024-09-16 08:40:52,ETHUSDT,bid,2230,4544.879
2024-09-16 08:40:54,ETHUSDT,bid,2250,4593.673
2024-09-16 08:40:59,ETHUSDT,bid,2240,10019.548
2024-09-16 08:40:59,ETHUSDT,bid,2250,4730.451
2024-09-16 08:41:11,ETHUSDT,bid,2220,4647.479
2024-09-16 08:41:13,ETHUSDT,bid,2220,4645.143
2024-09-16 08:41:24,ETHUSDT,bid,2250,4595.673
2024-09-16 08:41:32,ETHUSDT,bid,2250,4695.689
2024-09-16 08:41:33,ETHUSDT,bid,2240,10019.57
2024-09-16 08:41:48,ETHUSDT,bid,2220,4645.168
2024-09-16 08:41:48,ETHUSDT,bid,2230,5036.884
2024-09-16 08:41:53,ETHUSDT,bid,2250,4696.22
2024-09-16 08:41:54,ETHUSDT,bid,2220,10385.862
2024-09-16 08:42:01,ETHUSDT,bid,2240,10020.328
2024-09-16 08:42:02,ETHUSDT,bid,2220,4644.598
2024-09-16 08:42:10,ETHUSDT,bid,2220,10405.862
2024-09-16 08:42:10,ETHUSDT,bid,2230,5036.951
2024-09-16 08:42:12,ETHUSDT,bid,2230,5122.694
2024-09-16 08:42:24,ETHUSDT,bid,2220,10406.879
2024-09-16 08:42:40,ETHUSDT,bid,2220,10406.779
2024-09-16 08:42:42,ETHUSDT,bid,2220,10406.94
2024-09-16 08:43:23,ETHUSDT,bid,2230,5122.715
2024-09-16 08:43:23,ETHUSDT,bid,2230,4549.879
2024-09-16 08:43:32,ETHUSDT,bid,2250,4666.22
2024-09-16 08:43:33,ETHUSDT,bid,2220,4649.598
2024-09-16 08:43:34,ETHUSDT,bid,1960,5310.259
2024-09-16 08:43:42,ETHUSDT,bid,2250,4667.22
2024-09-16 08:43:46,ETHUSDT,bid,2220,10407.052
2024-09-16 08:43:50,ETHUSDT,bid,2250,4596.561
2024-09-16 08:43:54,ETHUSDT,bid,2220,10407.236
2024-09-16 08:43:59,ETHUSDT,bid,2220,10417.635
2024-09-16 08:44:00,ETHUSDT,bid,1960,5310.271
2024-09-16 08:44:31,ETHUSDT,bid,2250,4662.531
2024-09-16 08:44:44,ETHUSDT,bid,2230,4559.352
2024-09-16 08:45:00,ETHUSDT,bid,2220,10418.635
2024-09-16 08:45:13,ETHUSDT,bid,2220,4649.848
2024-09-16 08:45:13,ETHUSDT,bid,2250,4640.541
2024-09-16 08:45:13,ETHUSDT,bid,2250,4618.551
2024-09-16 08:45:19,ETHUSDT,bid,2250,4596.561
2024-09-16 08:45:23,ETHUSDT,bid,2220,4658.836
2024-09-16 08:45:25,ETHUSDT,bid,2230,5122.705
2024-09-16 08:45:25,ETHUSDT,bid,2250,4687.119
2024-09-16 08:45:25,ETHUSDT,bid,2220,4658.497
2024-09-16 08:45:32,ETHUSDT,bid,2220,10418.451
2024-09-16 08:45:41,ETHUSDT,bid,2230,4559.396
2024-09-16 08:45:56,ETHUSDT,bid,2220,10418.461
2024-09-16 08:45:57,ETHUSDT,bid,2230,4559.485
2024-09-16 08:46:04,ETHUSDT,bid,2230,4559.441
2024-09-16 08:46:10,ETHUSDT,bid,2230,4559.339
2024-09-16 08:46:12,ETHUSDT,bid,2220,10420.461
2024-09-16 08:46:18,ETHUSDT,bid,2250,4691.583
2024-09-16 08:46:31,ETHUSDT,bid,2220,10420.661
2024-09-16 08:46:52,ETHUSDT,bid,2220,10420.761
2024-09-16 08:46:56,ETHUSDT,bid,2250,4692.057
2024-09-16 08:46:57,ETHUSDT,bid,2250,4691.583
2024-09-16 08:46:57,ETHUSDT,bid,2250,4671.684
2024-09-16 08:46:59,ETHUSDT,bid,2220,10418.761
2024-09-16 08:47:01,ETHUSDT,bid,2240,10253.036
2024-09-16 08:47:01,ETHUSDT,bid,2240,10372.701
2024-09-16 08:47:02,ETHUSDT,bid,2230,5036.962
2024-09-16 08:47:03,ETHUSDT,bid,2230,5122.705
2024-09-16 08:47:03,ETHUSDT,bid,2250,4672.171
2024-09-16 08:47:06,ETHUSDT,bid,2240,10110.188
2024-09-16 08:47:06,ETHUSDT,bid,2240,10020.328
2024-09-16 08:47:09,ETHUSDT,bid,2220,4653.997
2024-09-16 08:47:11,ETHUSDT,bid,2220,4654.253
2024-09-16 08:47:20,ETHUSDT,bid,2250,4591.496
2024-09-16 08:47:23,ETHUSDT,bid,2220,10417.657
2024-09-16 08:47:45,ETHUSDT,bid,2220,10417.758
2024-09-16 08:47:48,ETHUSDT,bid,2220,10421.51
2024-09-16 08:48:00,ETHUSDT,bid,2250,4674.171
2024-09-16 08:48:01,ETHUSDT,bid,2240,10021.308
2024-09-16 08:48:03,ETHUSDT,bid,2250,4624.993
2024-09-16 08:48:04,ETHUSDT,bid,2240,10021.408
2024-09-16 08:48:26,ETHUSDT,bid,2220,4656.686
2024-09-16 08:48:26,ETHUSDT,bid,2250,4673.671
2024-09-16 08:48:32,ETHUSDT,bid,2230,4559.145
2024-09-16 08:48:43,ETHUSDT,bid,2250,4673.693
2024-09-16 08:48:44,ETHUSDT,bid,2230,4567.198
2024-09-16 08:48:45,ETHUSDT,bid,2230,4559.145
2024-09-16 08:49:09,ETHUSDT,bid,2250,4676.378
2024-09-16 08:49:11,ETHUSDT,bid,1960,5310.301
2024-09-16 08:49:12,ETHUSDT,bid,2230,4561.145
2024-09-16 08:49:19,ETHUSDT,bid,2250,4671.914
2024-09-16 08:49:20,ETHUSDT,bid,2220,10401.51
2024-09-16 08:49:29,ETHUSDT,bid,2250,4617.941
2024-09-16 08:49:37,ETHUSDT,bid,2250,4674.318
2024-09-16 08:49:41,ETHUSDT,bid,2250,4584.444
2024-09-16 08:49:43,ETHUSDT,bid,2250,4674.537
2024-09-16 08:49:44,ETHUSDT,bid,2220,4657.493
2024-09-16 08:49:45,ETHUSDT,bid,2230,4562.062
2024-09-16 08:49:46,ETHUSDT,bid,2250,4674.707
2024-09-16 08:49:50,ETHUSDT,bid,2220,10404.599
2024-09-16 08:49:50,ETHUSDT,bid,2250,4586.444
2024-09-16 08:50:02,ETHUSDT,bid,2250,4586.618
2024-09-16 08:50:03,ETHUSDT,bid,2220,4657.136
2024-09-16 08:50:04,ETHUSDT,bid,2250,4586.444
2024-09-16 08:50:10,ETHUSDT,bid,2250,4674.55
2024-09-16 08:50:11,ETHUSDT,bid,2220,4569.406
2024-09-16 08:50:11,ETHUSDT,bid,2250,4678.376
2024-09-16 08:50:15,ETHUSDT,bid,2250,4678.41
2024-09-16 08:50:15,ETHUSDT,bid,2250,4678.376
2024-09-16 08:50:15,ETHUSDT,bid,2250,4680.526
2024-09-16 08:50:15,ETHUSDT,bid,2250,4678.376
2024-09-16 08:50:15,ETHUSDT,bid,2250,4678.876
2024-09-16 08:50:16,ETHUSDT,bid,2250,4677.376
2024-09-16 08:50:17,ETHUSDT,bid,2250,4686.418
2024-09-16 08:50:17,ETHUSDT,bid,2220,4697.136
2024-09-16 08:50:17,ETHUSDT,bid,2250,4676.929
2024-09-16 08:50:20,ETHUSDT,bid,2250,4676.905
2024-09-16 08:50:21,ETHUSDT,bid,2250,4677.083
2024-09-16 08:50:21,ETHUSDT,bid,2250,4690.414
2024-09-16 08:50:21,ETHUSDT,bid,2250,4690.258
2024-09-16 08:50:22,ETHUSDT,bid,2250,4677.648
2024-09-16 08:50:22,ETHUSDT,bid,2250,4677.427
2024-09-16 08:50:24,ETHUSDT,bid,2250,4679.554
2024-09-16 08:50:24,ETHUSDT,bid,2250,4679.914
2024-09-16 08:50:25,ETHUSDT,bid,2250,4679.554
2024-09-16 08:50:25,ETHUSDT,bid,2250,4678.577
2024-09-16 08:50:25,ETHUSDT,bid,2250,4678.427
2024-09-16 08:50:25,ETHUSDT,bid,2230,4584.21
2024-09-16 08:50:27,ETHUSDT,bid,2230,4562.062
2024-09-16 08:50:30,ETHUSDT,bid,2230,4562.42
2024-09-16 08:50:32,ETHUSDT,bid,2250,4686.427
2024-09-16 08:50:33,ETHUSDT,bid,2250,4678.427
2024-09-16 08:50:36,ETHUSDT,bid,1700,6046.864
2024-09-16 08:50:36,ETHUSDT,bid,2230,4562.062
2024-09-16 08:50:38,ETHUSDT,bid,2220,10404.733
2024-09-16 08:50:38,ETHUSDT,bid,2250,4678.561
2024-09-16 08:50:39,ETHUSDT,bid,2250,4678.594
2024-09-16 08:50:40,ETHUSDT,bid,2230,5127.14
2024-09-16 08:50:41,ETHUSDT,bid,2250,4677.594
2024-09-16 08:50:43,ETHUSDT,bid,2250,4676.768
2024-09-16 08:50:43,ETHUSDT,bid,2250,4675.768
2024-09-16 08:50:46,ETHUSDT,bid,2220,4697.382
2024-09-16 08:50:49,ETHUSDT,bid,2250,4821.915
2024-09-16 08:50:49,ETHUSDT,bid,2250,4823.524
2024-09-16 08:50:49,ETHUSDT,bid,2250,4586.888
2024-09-16 08:50:50,ETHUSDT,bid,2250,4825.524
2024-09-16 08:50:51,ETHUSDT,bid,2230,5131.576
2024-09-16 08:50:52,ETHUSDT,bid,2230,5122.705
2024-09-16 08:50:53,ETHUSDT,bid,2220,10468.446
2024-09-16 08:50:54,ETHUSDT,bid,2220,10468.491
2024-09-16 08:50:55,ETHUSDT,bid,2230,4562.071
2024-09-16 08:50:56,ETHUSDT,bid,2220,10471.063
2024-09-16 08:50:59,ETHUSDT,bid,2230,4564.805
2024-09-16 08:51:01,ETHUSDT,bid,2220,4698.28
2024-09-16 08:51:01,ETHUSDT,bid,2250,4677.768
2024-09-16 08:51:03,ETHUSDT,bid,2230,5144.705
2024-09-16 08:51:05,ETHUSDT,bid,2220,10407.35
2024-09-16 08:51:05,ETHUSDT,bid,2250,4679.267
2024-09-16 08:51:05,ETHUSDT,bid,2220,4698.289
2024-09-16 08:51:06,ETHUSDT,bid,2250,4677.768
2024-09-16 08:51:08,ETHUSDT,bid,2250,4676.768
2024-09-16 08:51:08,ETHUSDT,bid,2250,4678.768
2024-09-16 08:51:09,ETHUSDT,bid,2250,4677.768
2024-09-16 08:51:11,ETHUSDT,bid,2230,4563.805
2024-09-16 08:51:12,ETHUSDT,bid,2250,4678.087
2024-09-16 08:51:13,ETHUSDT,bid,2250,4676.087
2024-09-16 08:51:13,ETHUSDT,bid,2230,4563.605
2024-09-16 08:51:13,ETHUSDT,bid,2250,4676.352
2024-09-16 08:51:17,ETHUSDT,bid,2250,4578.004
2024-09-16 08:51:18,ETHUSDT,bid,2230,4564.105
2024-09-16 08:51:20,ETHUSDT,bid,2220,4698.763
2024-09-16 08:51:20,ETHUSDT,bid,2230,4572.96
2024-09-16 08:51:22,ETHUSDT,bid,2250,4576.004
2024-09-16 08:51:25,ETHUSDT,bid,2220,4698.754
2024-09-16 08:51:26,ETHUSDT,bid,2220,10407.227
2024-09-16 08:51:27,ETHUSDT,bid,2250,4576.791
2024-09-16 08:51:28,ETHUSDT,bid,2230,4573.471
2024-09-16 08:51:28,ETHUSDT,bid,2220,4716.723
2024-09-16 08:51:28,ETHUSDT,bid,2230,4564.616
2024-09-16 08:51:33,ETHUSDT,bid,2220,10420.635
2024-09-16 08:51:34,ETHUSDT,bid,2230,5144.805
2024-09-16 08:51:36,ETHUSDT,bid,2220,4708.71
2024-09-16 08:51:38,ETHUSDT,bid,2250,4674.352
2024-09-16 08:51:41,ETHUSDT,bid,2220,10420.735
2024-09-16 08:51:43,ETHUSDT,bid,2240,10041.408
2024-09-16 08:51:44,ETHUSDT,bid,2240,10041.724
2024-09-16 08:51:45,ETHUSDT,bid,2240,10041.408
2024-09-16 08:51:47,ETHUSDT,bid,2220,10420.78
2024-09-16 08:51:49,ETHUSDT,bid,2230,4566.329
2024-09-16 08:51:49,ETHUSDT,bid,2240,10041.908
2024-09-16 08:51:52,ETHUSDT,bid,2220,10420.646
2024-09-16 08:51:57,ETHUSDT,bid,2220,4708.721
2024-09-16 08:52:08,ETHUSDT,bid,2220,10422.646
2024-09-16 08:52:11,ETHUSDT,bid,2230,5145.387
2024-09-16 08:52:14,ETHUSDT,bid,2230,5144.805
2024-09-16 08:52:19,ETHUSDT,bid,2220,4708.821
2024-09-16 08:52:19,ETHUSDT,bid,2250,4675.016
2024-09-16 08:52:21,ETHUSDT,bid,2240,10081.554
2024-09-16 08:52:25,ETHUSDT,bid,2250,4675.176
2024-09-16 08:52:28,ETHUSDT,bid,2220,4708.83
2024-09-16 08:52:32,ETHUSDT,bid,2250,4578.791
2024-09-16 08:52:40,ETHUSDT,bid,2250,4580.291
2024-09-16 08:52:42,ETHUSDT,bid,1700,6046.913
2024-09-16 08:52:45,ETHUSDT,bid,2250,4675.35
2024-09-16 08:52:45,ETHUSDT,bid,2250,4578.791
2024-09-16 08:52:46,ETHUSDT,bid,2250,4675.176
2024-09-16 08:52:50,ETHUSDT,bid,2220,10422.666
2024-09-16 08:52:50,ETHUSDT,bid,2220,4708.81
2024-09-16 08:52:51,ETHUSDT,bid,2220,4709.053
2024-09-16 08:52:51,ETHUSDT,bid,2230,4566.529
2024-09-16 08:52:54,ETHUSDT,bid,2220,10432.666
2024-09-16 08:53:00,ETHUSDT,bid,2250,4819.629
2024-09-16 08:53:06,ETHUSDT,bid,2250,4581.361
2024-09-16 08:53:07,ETHUSDT,bid,2220,10582.666
2024-09-16 08:53:07,ETHUSDT,bid,2250,4818.629
2024-09-16 08:53:07,ETHUSDT,bid,2230,4567.16
2024-09-16 08:53:10,ETHUSDT,bid,2220,10580.094
2024-09-16 08:53:36,ETHUSDT,bid,2230,4568.502
2024-09-16 08:53:40,ETHUSDT,bid,2230,5151.458
2024-09-16 08:53:40,ETHUSDT,bid,2230,5162.325
2024-09-16 08:53:42,ETHUSDT,bid,2250,4818.64
2024-09-16 08:53:45,ETHUSDT,bid,2230,5151.458
2024-09-16 08:53:56,ETHUSDT,bid,2230,5144.805
2024-09-16 08:54:01,ETHUSDT,bid,2250,4674.187
2024-09-16 08:54:04,ETHUSDT,bid,2220,4708.246
2024-09-16 08:54:06,ETHUSDT,bid,2230,4569.646
2024-09-16 08:54:15,ETHUSDT,bid,2250,4677.361
2024-09-16 08:54:24,ETHUSDT,bid,2250,4583.187
2024-09-16 08:55:01,ETHUSDT,bid,2220,10580.104
2024-09-16 08:55:03,ETHUSDT,bid,2250,4677.31
2024-09-16 08:55:03,ETHUSDT,bid,2230,4642.733
2024-09-16 08:55:13,ETHUSDT,bid,2220,10580.604
2024-09-16 08:55:14,ETHUSDT,bid,2250,4580.617
2024-09-16 08:55:17,ETHUSDT,bid,2220,4668.246
2024-09-16 08:55:20,ETHUSDT,bid,2250,4677.277
2024-09-16 08:55:40,ETHUSDT,bid,2230,4644.516
2024-09-16 08:55:41,ETHUSDT,bid,2220,4650.277
2024-09-16 08:55:43,ETHUSDT,bid,2230,4571.429
2024-09-16 08:55:46,ETHUSDT,bid,2220,10581.756
2024-09-16 08:55:49,ETHUSDT,bid,2220,4653.277
2024-09-16 08:55:55,ETHUSDT,bid,2220,4650.277
2024-09-16 08:55:57,ETHUSDT,bid,2220,10544.605
2024-09-16 08:55:58,ETHUSDT,bid,2250,4582.253
2024-09-16 08:56:01,ETHUSDT,bid,2250,4584.474
2024-09-16 08:56:24,ETHUSDT,bid,2250,4585.806
2024-09-16 08:56:28,ETHUSDT,bid,2230,5059.062
2024-09-16 08:56:29,ETHUSDT,bid,2230,5144.805
2024-09-16 08:56:41,ETHUSDT,bid,2230,4571.607
2024-09-16 08:56:49,ETHUSDT,bid,2250,4676.281
2024-09-16 08:56:49,ETHUSDT,bid,2230,5145.205
2024-09-16 08:56:59,ETHUSDT,bid,2250,4676.455
2024-09-16 08:57:00,ETHUSDT,bid,2250,4676.281
2024-09-16 08:57:09,ETHUSDT,bid,2220,4650.299
2024-09-16 08:57:11,ETHUSDT,bid,2230,4593.755
2024-09-16 08:57:18,ETHUSDT,bid,2250,4676.597
2024-09-16 08:57:20,ETHUSDT,bid,2250,4676.281
2024-09-16 08:57:21,ETHUSDT,bid,2220,4670.299
2024-09-16 08:57:24,ETHUSDT,bid,2220,4670.317
2024-09-16 08:57:29,ETHUSDT,bid,2230,4594.13
2024-09-16 08:57:31,ETHUSDT,bid,2250,4674.281
2024-09-16 08:57:40,ETHUSDT,bid,1700,6046.864
2024-09-16 08:57:45,ETHUSDT,bid,2210,5064.362
2024-09-16 08:57:46,ETHUSDT,bid,2230,4594.644
2024-09-16 08:57:46,ETHUSDT,bid,2250,4674.414
2024-09-16 08:57:50,ETHUSDT,bid,2220,10545.055
2024-09-16 08:57:54,ETHUSDT,bid,2250,4614.834
2024-09-16 08:57:54,ETHUSDT,bid,2250,4629.348
2024-09-16 08:57:54,ETHUSDT,bid,2230,4572.496
2024-09-16 08:57:56,ETHUSDT,bid,2250,4643.862
2024-09-16 08:57:56,ETHUSDT,bid,2250,4629.348
2024-09-16 08:58:06,ETHUSDT,bid,2250,4694.414
2024-09-16 08:58:08,ETHUSDT,bid,2250,4614.834
2024-09-16 08:58:12,ETHUSDT,bid,2250,4600.32
2024-09-16 08:58:16,ETHUSDT,bid,2220,10550.276
2024-09-16 08:58:19,ETHUSDT,bid,2250,4694.281
2024-09-16 08:58:24,ETHUSDT,bid,2250,4693.281
2024-09-16 08:58:31,ETHUSDT,bid,2250,4693.931
2024-09-16 08:58:33,ETHUSDT,bid,2220,4669.419
2024-09-16 08:58:39,ETHUSDT,bid,2250,4585.806
2024-09-16 08:58:42,ETHUSDT,bid,2250,4693.992
2024-09-16 08:58:44,ETHUSDT,bid,2250,4693.673
2024-09-16 08:58:57,ETHUSDT,bid,2250,4693.023
2024-09-16 08:59:00,ETHUSDT,bid,2250,4692.89
2024-09-16 08:59:07,ETHUSDT,bid,2220,10550.291
2024-09-16 08:59:21,ETHUSDT,bid,2250,4693.487
2024-09-16 08:59:35,ETHUSDT,bid,2250,4693.678
2024-09-16 08:59:40,ETHUSDT,bid,2220,10550.246
2024-09-16 08:59:42,ETHUSDT,bid,2250,4582.697
2024-09-16 08:59:42,ETHUSDT,bid,2250,4693.665
2024-09-16 08:59:49,ETHUSDT,bid,1700,6047.452
2024-09-16 08:59:51,ETHUSDT,bid,2250,4703.665
2024-09-16 08:59:54,ETHUSDT,bid,2220,10575.246
2024-09-16 08:59:59,ETHUSDT,bid,2250,4703.068
2024-09-16 09:00:04,ETHUSDT,bid,2230,4573.496
2024-09-16 09:00:20,ETHUSDT,bid,1960,5310.25
2024-09-16 09:00:34,ETHUSDT,bid,2250,4702.877
2024-09-16 09:00:57,ETHUSDT,bid,2230,5146.791
2024-09-16 09:01:01,ETHUSDT,bid,2250,4702.777
2024-09-16 09:01:04,ETHUSDT,bid,2230,4573.51
2024-09-16 09:01:11,ETHUSDT,bid,2220,4669.443
2024-09-16 09:01:13,ETHUSDT,bid,2240,10080.574
2024-09-16 09:01:14,ETHUSDT,bid,2230,4577.984
2024-09-16 09:01:18,ETHUSDT,bid,2230,5061.048
2024-09-16 09:01:19,ETHUSDT,bid,2230,5146.791
2024-09-16 09:01:30,ETHUSDT,bid,2220,4670.943
2024-09-16 09:01:40,ETHUSDT,bid,2230,4578.15
2024-09-16 09:01:50,ETHUSDT,bid,2220,10573.246
2024-09-16 09:01:53,ETHUSDT,bid,2210,5072.499
2024-09-16 09:01:55,ETHUSDT,bid,2230,5146.811
2024-09-16 09:01:58,ETHUSDT,bid,2220,10573.256
2024-09-16 09:02:15,ETHUSDT,bid,2250,4582.706
2024-09-16 09:02:16,ETHUSDT,bid,2240,10089.405
2024-09-16 09:02:43,ETHUSDT,bid,2220,10562.866
2024-09-16 09:02:48,ETHUSDT,bid,2240,10080.574
2024-09-16 09:02:49,ETHUSDT,bid,2220,4688.917
2024-09-16 09:02:50,ETHUSDT,bid,2220,4728.917
2024-09-16 09:03:05,ETHUSDT,bid,2230,4594.636
2024-09-16 09:03:05,ETHUSDT,bid,2230,4599.557
2024-09-16 09:03:06,ETHUSDT,bid,2250,4582.691
2024-09-16 09:03:09,ETHUSDT,bid,2230,4578.15
2024-09-16 09:03:09,ETHUSDT,bid,2230,5166.771
2024-09-16 09:03:10,ETHUSDT,bid,2230,5173.424
2024-09-16 09:03:12,ETHUSDT,bid,2250,4751.852
2024-09-16 09:03:13,ETHUSDT,bid,2250,4731.852
2024-09-16 09:03:13,ETHUSDT,bid,2250,4732.852
2024-09-16 09:03:21,ETHUSDT,bid,2220,10563.541
2024-09-16 09:03:21,ETHUSDT,bid,2250,4732.492
2024-09-16 09:03:24,ETHUSDT,bid,2230,5166.771
2024-09-16 09:03:26,ETHUSDT,bid,2250,4732.227
2024-09-16 09:03:27,ETHUSDT,bid,2230,4583.071
2024-09-16 09:03:27,ETHUSDT,bid,2250,4683.512
2024-09-16 09:03:28,ETHUSDT,bid,2230,4598.071
2024-09-16 09:03:28,ETHUSDT,bid,2230,5146.811
2024-09-16 09:03:28,ETHUSDT,bid,2250,4582.913
2024-09-16 09:03:29,ETHUSDT,bid,2250,4596.767
2024-09-16 09:03:33,ETHUSDT,bid,2240,10081.574
2024-09-16 09:03:40,ETHUSDT,bid,2230,4599.071
2024-09-16 09:03:41,ETHUSDT,bid,2250,4516.844
2024-09-16 09:03:43,ETHUSDT,bid,2220,4718.805
2024-09-16 09:03:43,ETHUSDT,bid,2250,4594.767
2024-09-16 09:03:47,ETHUSDT,bid,2250,4580.913
2024-09-16 09:03:47,ETHUSDT,bid,2250,4519.587
2024-09-16 09:03:48,ETHUSDT,bid,2250,4522.97
2024-09-16 09:03:49,ETHUSDT,bid,2230,4598.696
2024-09-16 09:03:49,ETHUSDT,bid,2240,10087.574
2024-09-16 09:03:50,ETHUSDT,bid,2250,4522.904
2024-09-16 09:03:51,ETHUSDT,bid,2250,4522.895
2024-09-16 09:03:53,ETHUSDT,bid,2250,4522.939
2024-09-16 09:03:54,ETHUSDT,bid,2250,4522.387
2024-09-16 09:04:04,ETHUSDT,bid,2220,4718.787
2024-09-16 09:04:15,ETHUSDT,bid,2230,4598.746
2024-09-16 09:04:16,ETHUSDT,bid,2230,5146.821
2024-09-16 09:04:20,ETHUSDT,bid,2250,4522.543
2024-09-16 09:04:27,ETHUSDT,bid,2250,4522.587
2024-09-16 09:04:29,ETHUSDT,bid,2220,4718.837
2024-09-16 09:04:29,ETHUSDT,bid,2230,4598.696
2024-09-16 09:04:32,ETHUSDT,bid,2230,4593.775
2024-09-16 09:04:32,ETHUSDT,bid,2250,4527.587
2024-09-16 09:04:34,ETHUSDT,bid,2250,4683.521
2024-09-16 09:04:34,ETHUSDT,bid,2250,4531.209
2024-09-16 09:04:44,ETHUSDT,bid,2250,4531.254
2024-09-16 09:04:53,ETHUSDT,bid,2230,4595.775
2024-09-16 09:04:53,ETHUSDT,bid,2250,4683.742
2024-09-16 09:04:56,ETHUSDT,bid,2250,4531.365
2024-09-16 09:04:58,ETHUSDT,bid,2250,4530.365
2024-09-16 09:04:58,ETHUSDT,bid,2250,4531.365
2024-09-16 09:04:58,ETHUSDT,bid,2250,4529.414
2024-09-16 09:05:03,ETHUSDT,bid,2220,4718.787
2024-09-16 09:05:15,ETHUSDT,bid,2250,4529.405
2024-09-16 09:05:15,ETHUSDT,bid,2250,4551.405
2024-09-16 09:05:16,ETHUSDT,bid,2220,4718.797
2024-09-16 09:05:21,ETHUSDT,bid,2250,4553.627
2024-09-16 09:05:22,ETHUSDT,bid,2220,10584.197
2024-09-16 09:05:23,ETHUSDT,bid,2250,4553.667
2024-09-16 09:05:25,ETHUSDT,bid,2220,10563.541
2024-09-16 09:05:29,ETHUSDT,bid,2250,4683.764
2024-09-16 09:05:31,ETHUSDT,bid,2250,4553.713
2024-09-16 09:05:40,ETHUSDT,bid,2250,4531.713
2024-09-16 09:05:43,ETHUSDT,bid,2220,10584.197
2024-09-16 09:05:44,ETHUSDT,bid,2250,4533.046
2024-09-16 09:05:45,ETHUSDT,bid,2240,10107.445
2024-09-16 09:06:02,ETHUSDT,bid,2250,4532.89
2024-09-16 09:06:04,ETHUSDT,bid,2250,4534.213
2024-09-16 09:06:09,ETHUSDT,bid,2250,4539.213
2024-09-16 09:06:11,ETHUSDT,bid,2230,4595.875
2024-09-16 09:06:12,ETHUSDT,bid,2220,10590.147
2024-09-16 09:06:16,ETHUSDT,bid,2250,4539.695
2024-09-16 09:06:17,ETHUSDT,bid,2250,4539.195
2024-09-16 09:06:19,ETHUSDT,bid,2250,4538.713
2024-09-16 09:06:26,ETHUSDT,bid,2250,4538.027
2024-09-16 09:06:31,ETHUSDT,bid,2250,4538.36
2024-09-16 09:06:31,ETHUSDT,bid,2250,4539.324
2024-09-16 09:06:33,ETHUSDT,bid,2250,4538.88
2024-09-16 09:06:34,ETHUSDT,bid,2250,4539.723
2024-09-16 09:06:41,ETHUSDT,bid,2250,4540.455
2024-09-16 09:06:53,ETHUSDT,bid,2250,4684.156
2024-09-16 09:06:54,ETHUSDT,bid,2220,4718.787
2024-09-16 09:06:54,ETHUSDT,bid,2250,4540.445
2024-09-16 09:07:03,ETHUSDT,bid,2230,4596.375
2024-09-16 09:07:09,ETHUSDT,bid,2220,10569.491
2024-09-16 09:07:14,ETHUSDT,bid,2240,10107.862
2024-09-16 09:07:16,ETHUSDT,bid,2250,4540.915
2024-09-16 09:07:19,ETHUSDT,bid,2220,10573.991
2024-09-16 09:07:21,ETHUSDT,bid,2250,4538.707
2024-09-16 09:07:27,ETHUSDT,bid,2250,4538.524
2024-09-16 09:07:28,ETHUSDT,bid,2250,4538.554
2024-09-16 09:07:35,ETHUSDT,bid,2250,4538.454
2024-09-16 09:07:39,ETHUSDT,bid,2250,4538.676
2024-09-16 09:07:40,ETHUSDT,bid,2250,4687.015
2024-09-16 09:07:41,ETHUSDT,bid,2240,10106.862
2024-09-16 09:07:44,ETHUSDT,bid,2220,10574.69
2024-09-16 09:07:48,ETHUSDT,bid,2230,4622.257
2024-09-16 09:07:49,ETHUSDT,bid,2220,4718.921
2024-09-16 09:07:50,ETHUSDT,bid,2250,4684.156
2024-09-16 09:07:50,ETHUSDT,bid,2250,4538.72
2024-09-16 09:07:52,ETHUSDT,bid,2250,4538.897
2024-09-16 09:07:52,ETHUSDT,bid,2250,4684.168
2024-09-16 09:07:55,ETHUSDT,bid,2250,4684.156
2024-09-16 09:07:55,ETHUSDT,bid,2250,4539.074
2024-09-16 09:08:00,ETHUSDT,bid,2250,4538.63
2024-09-16 09:08:01,ETHUSDT,bid,2220,4719.01
2024-09-16 09:08:02,ETHUSDT,bid,2250,4538.178
2024-09-16 09:08:07,ETHUSDT,bid,2220,4719.894
2024-09-16 09:08:09,ETHUSDT,bid,2250,4537.845
2024-09-16 09:08:14,ETHUSDT,bid,2250,4537.002
2024-09-16 09:08:15,ETHUSDT,bid,2250,4683.72
2024-09-16 09:08:17,ETHUSDT,bid,2220,4720.894
2024-09-16 09:08:29,ETHUSDT,bid,2250,4537.283
2024-09-16 09:08:29,ETHUSDT,bid,2230,4596.375
2024-09-16 09:08:32,ETHUSDT,bid,2230,4622.257
2024-09-16 09:08:34,ETHUSDT,bid,2230,4596.375
2024-09-16 09:08:34,ETHUSDT,bid,2220,4722.691
2024-09-16 09:08:35,ETHUSDT,bid,2240,10196.068
2024-09-16 09:08:39,ETHUSDT,bid,2250,4537.504
2024-09-16 09:08:43,ETHUSDT,bid,2250,4683.894
2024-09-16 09:08:44,ETHUSDT,bid,2250,4683.72
2024-09-16 09:08:48,ETHUSDT,bid,2250,4538.374
2024-09-16 09:08:48,ETHUSDT,bid,2250,4538.151
2024-09-16 09:08:54,ETHUSDT,bid,2250,4540.151
2024-09-16 09:08:54,ETHUSDT,bid,2230,5147.572
2024-09-16 09:08:54,ETHUSDT,bid,2250,4540.23
2024-09-16 09:08:54,ETHUSDT,bid,2240,10176.197
2024-09-16 09:08:59,ETHUSDT,bid,2250,4581.582
2024-09-16 09:09:06,ETHUSDT,bid,2230,4603.336
2024-09-16 09:09:06,ETHUSDT,bid,2250,4541.118
2024-09-16 09:09:07,ETHUSDT,bid,2250,4541.128
2024-09-16 09:09:09,ETHUSDT,bid,2220,10574.915
2024-09-16 09:09:18,ETHUSDT,bid,2250,4542.063
2024-09-16 09:09:26,ETHUSDT,bid,2250,4542.441
2024-09-16 09:09:30,ETHUSDT,bid,2250,4542.341
2024-09-16 09:09:32,ETHUSDT,bid,2220,4722.763
2024-09-16 09:09:38,ETHUSDT,bid,2220,10575.688
2024-09-16 09:09:40,ETHUSDT,bid,2250,4541.377
2024-09-16 09:09:41,ETHUSDT,bid,2240,10183.159
2024-09-16 09:09:49,ETHUSDT,bid,2250,4541.127
2024-09-16 09:09:49,ETHUSDT,bid,2250,4683.732
2024-09-16 09:09:50,ETHUSDT,bid,2250,4683.72
2024-09-16 09:09:51,ETHUSDT,bid,2250,4541.577
2024-09-16 09:09:54,ETHUSDT,bid,2250,4540.577
2024-09-16 09:10:00,ETHUSDT,bid,2250,4540.477
2024-09-16 09:10:01,ETHUSDT,bid,2230,4604.336
2024-09-16 09:10:15,ETHUSDT,bid,2250,4540.699
2024-09-16 09:10:34,ETHUSDT,bid,2250,4540.478
2024-09-16 09:10:36,ETHUSDT,bid,2250,4540.71
2024-09-16 09:10:38,ETHUSDT,bid,2250,4540.533
2024-09-16 09:10:39,ETHUSDT,bid,2220,10595.939
2024-09-16 09:10:40,ETHUSDT,bid,2250,4540.356
2024-09-16 09:10:43,ETHUSDT,bid,2240,10183.465
2024-09-16 09:10:56,ETHUSDT,bid,2230,4603.88
2024-09-16 09:10:57,ETHUSDT,bid,2250,4540.977
2024-09-16 09:11:00,ETHUSDT,bid,1960,5310.301
2024-09-16 09:11:00,ETHUSDT,bid,2230,4604.1
2024-09-16 09:11:00,ETHUSDT,bid,2250,4540.758
2024-09-16 09:11:09,ETHUSDT,bid,1780,5761.897
2024-09-16 09:11:11,ETHUSDT,bid,2220,10594.787
2024-09-16 09:11:12,ETHUSDT,bid,2250,4541.094
2024-09-16 09:11:19,ETHUSDT,bid,1780,5761.841
2024-09-16 09:11:20,ETHUSDT,bid,2250,4541.538
2024-09-16 09:11:20,ETHUSDT,bid,2250,4546.538
2024-09-16 09:11:20,ETHUSDT,bid,2250,4686.578
2024-09-16 09:11:25,ETHUSDT,bid,2230,4603.88
2024-09-16 09:11:29,ETHUSDT,bid,2250,4546.949
2024-09-16 09:11:30,ETHUSDT,bid,2250,4683.72
2024-09-16 09:11:54,ETHUSDT,bid,2240,10205.544
2024-09-16 09:11:54,ETHUSDT,bid,1700,6049.452
2024-09-16 09:11:58,ETHUSDT,bid,2250,4548.282
2024-09-16 09:12:03,ETHUSDT,bid,2250,4547.782
2024-09-16 09:12:04,ETHUSDT,bid,2250,4597.914
2024-09-16 09:12:06,ETHUSDT,bid,1700,6048.864
2024-09-16 09:12:11,ETHUSDT,bid,2240,10183.465
2024-09-16 09:12:11,ETHUSDT,bid,2250,4797.914
2024-09-16 09:12:16,ETHUSDT,bid,2250,4679.72
2024-09-16 09:12:16,ETHUSDT,bid,2230,4605.52
2024-09-16 09:12:20,ETHUSDT,bid,2250,4581.898
2024-09-16 09:12:22,ETHUSDT,bid,2250,4581.582
2024-09-16 09:12:37,ETHUSDT,bid,2250,4679.72
2024-09-16 09:12:37,ETHUSDT,bid,2240,10184.803
2024-09-16 09:12:40,ETHUSDT,bid,2220,4704.789
2024-09-16 09:12:46,ETHUSDT,bid,2250,4797.503
2024-09-16 09:12:46,ETHUSDT,bid,2250,4677.507
2024-09-16 09:12:46,ETHUSDT,bid,2250,4798.059
2024-09-16 09:12:50,ETHUSDT,bid,2250,4798.081
2024-09-16 09:12:52,ETHUSDT,bid,2250,4685.675
2024-09-16 09:12:53,ETHUSDT,bid,2250,4798.116
2024-09-16 09:12:53,ETHUSDT,bid,2220,10594.872
2024-09-16 09:12:54,ETHUSDT,bid,2220,4724.986
2024-09-16 09:12:54,ETHUSDT,bid,2250,4798.016
2024-09-16 09:13:00,ETHUSDT,bid,2250,4686.675
2024-09-16 09:13:00,ETHUSDT,bid,2250,4798.161
2024-09-16 09:13:01,ETHUSDT,bid,2250,4582.807
2024-09-16 09:13:02,ETHUSDT,bid,2250,4797.783
2024-09-16 09:13:02,ETHUSDT,bid,2230,5147.672
2024-09-16 09:13:02,ETHUSDT,bid,2250,4798.005
2024-09-16 09:13:07,ETHUSDT,bid,2230,4605.545
2024-09-16 09:13:08,ETHUSDT,bid,2220,10599.372
2024-09-16 09:13:09,ETHUSDT,bid,2250,4686.283
2024-09-16 09:13:14,ETHUSDT,bid,2230,5165.569
2024-09-16 09:13:16,ETHUSDT,bid,2250,4753.561
2024-09-16 09:13:18,ETHUSDT,bid,2240,10177.841
2024-09-16 09:13:20,ETHUSDT,bid,2250,4686.831
2024-09-16 09:13:20,ETHUSDT,bid,2250,4582.138
2024-09-16 09:13:21,ETHUSDT,bid,2250,4754.449
2024-09-16 09:13:23,ETHUSDT,bid,2230,4605.845
2024-09-16 09:13:26,ETHUSDT,bid,2250,4754.649
2024-09-16 09:13:26,ETHUSDT,bid,2250,4756.656
2024-09-16 09:13:32,ETHUSDT,bid,2220,10599.522
2024-09-16 09:13:34,ETHUSDT,bid,2250,4686.283
2024-09-16 09:13:38,ETHUSDT,bid,1960,5310.725
2024-09-16 09:13:47,ETHUSDT,bid,2240,10178.286
2024-09-16 09:13:48,ETHUSDT,bid,2220,10600.522
2024-09-16 09:13:53,ETHUSDT,bid,2250,4756.682
2024-09-16 09:13:53,ETHUSDT,bid,2250,4582.087
2024-09-16 09:13:53,ETHUSDT,bid,2250,4753.435
2024-09-16 09:14:04,ETHUSDT,bid,2250,4763.435
2024-09-16 09:14:06,ETHUSDT,bid,2250,4763.815
2024-09-16 09:14:10,ETHUSDT,bid,2250,4764.233
2024-09-16 09:14:13,ETHUSDT,bid,2250,4763.345
2024-09-16 09:14:16,ETHUSDT,bid,2250,4685.796
2024-09-16 09:14:20,ETHUSDT,bid,2250,4807.789
2024-09-16 09:14:23,ETHUSDT,bid,2230,4594.524
2024-09-16 09:14:24,ETHUSDT,bid,2230,5185.569
2024-09-16 09:14:28,ETHUSDT,bid,2230,4594.613
2024-09-16 09:14:28,ETHUSDT,bid,2250,4807.752
2024-09-16 09:14:29,ETHUSDT,bid,2250,4807.203
2024-09-16 09:14:32,ETHUSDT,bid,2220,10620.747
2024-09-16 09:14:36,ETHUSDT,bid,2250,4807.335
2024-09-16 09:14:37,ETHUSDT,bid,2250,4695.796
2024-09-16 09:14:38,ETHUSDT,bid,2230,4599.613
2024-09-16 09:14:40,ETHUSDT,bid,2250,4806.891
2024-09-16 09:14:43,ETHUSDT,bid,2230,5185.658
2024-09-16 09:14:48,ETHUSDT,bid,2250,4807.808
2024-09-16 09:14:48,ETHUSDT,bid,2250,4808.217
2024-09-16 09:14:51,ETHUSDT,bid,2250,4806.329
2024-09-16 09:14:52,ETHUSDT,bid,2250,4806.319
2024-09-16 09:14:54,ETHUSDT,bid,2250,4685.796
2024-09-16 09:14:57,ETHUSDT,bid,2230,4600.02
2024-09-16 09:15:00,ETHUSDT,bid,2250,4686.238
2024-09-16 09:15:02,ETHUSDT,bid,2250,4686.265
2024-09-16 09:15:03,ETHUSDT,bid,2240,10266.602
2024-09-16 09:15:12,ETHUSDT,bid,2250,4806.097
2024-09-16 09:15:22,ETHUSDT,bid,2240,10200.365
2024-09-16 09:15:22,ETHUSDT,bid,2240,10178.286
2024-09-16 09:15:24,ETHUSDT,bid,1700,6046.864
2024-09-16 09:15:33,ETHUSDT,bid,2250,4805.209
2024-09-16 09:15:34,ETHUSDT,bid,2250,4805.144
2024-09-16 09:15:37,ETHUSDT,bid,2250,4803.137
2024-09-16 09:15:39,ETHUSDT,bid,2250,4814.137
2024-09-16 09:15:52,ETHUSDT,bid,2250,4820.137
2024-09-16 09:15:52,ETHUSDT,bid,2230,4598.876
2024-09-16 09:15:52,ETHUSDT,bid,2250,4816.022
2024-09-16 09:15:54,ETHUSDT,bid,2230,4597.876
2024-09-16 09:15:54,ETHUSDT,bid,2250,4815.282
2024-09-16 09:15:55,ETHUSDT,bid,2220,4725.662
2024-09-16 09:15:55,ETHUSDT,bid,2220,4725.682
2024-09-16 09:16:00,ETHUSDT,bid,2250,4687.798
2024-09-16 09:16:02,ETHUSDT,bid,1960,5315.725
2024-09-16 09:16:03,ETHUSDT,bid,2250,4815.459
2024-09-16 09:16:15,ETHUSDT,bid,2250,4580.087
2024-09-16 09:16:15,ETHUSDT,bid,2250,4813.392
2024-09-16 09:16:16,ETHUSDT,bid,2250,4687.989
2024-09-16 09:16:18,ETHUSDT,bid,2250,4813.352
2024-09-16 09:16:28,ETHUSDT,bid,2250,4589.262
2024-09-16 09:16:30,ETHUSDT,bid,1960,5315.674
2024-09-16 09:16:35,ETHUSDT,bid,2250,4590.762
2024-09-16 09:16:41,ETHUSDT,bid,2250,4589.262
2024-09-16 09:16:45,ETHUSDT,bid,2220,4727.929
2024-09-16 09:16:50,ETHUSDT,bid,2250,4687.98
2024-09-16 09:17:04,ETHUSDT,bid,2220,4707.732
2024-09-16 09:17:10,ETHUSDT,bid,2250,4588.037
2024-09-16 09:17:18,ETHUSDT,bid,2220,4707.66
2024-09-16 09:17:19,ETHUSDT,bid,2240,10180.286
2024-09-16 09:17:19,ETHUSDT,bid,2220,10621.185
2024-09-16 09:17:21,ETHUSDT,bid,2250,4590.951
2024-09-16 09:17:29,ETHUSDT,bid,2220,4712.154
2024-09-16 09:17:29,ETHUSDT,bid,2250,4679.812
2024-09-16 09:17:33,ETHUSDT,bid,2220,4712.603
2024-09-16 09:17:42,ETHUSDT,bid,2250,4679.85
2024-09-16 09:17:44,ETHUSDT,bid,2220,4711.719
2024-09-16 09:17:57,ETHUSDT,bid,2220,10615.964
2024-09-16 09:18:00,ETHUSDT,bid,2250,4680.03
2024-09-16 09:18:10,ETHUSDT,bid,2250,4591.051
2024-09-16 09:18:15,ETHUSDT,bid,2230,5167.761
2024-09-16 09:18:15,ETHUSDT,bid,2230,4606.812
2024-09-16 09:18:40,ETHUSDT,bid,1780,5762.841
2024-09-16 09:18:41,ETHUSDT,bid,2230,5167.85
2024-09-16 09:18:41,ETHUSDT,bid,2240,10202.365
2024-09-16 09:18:46,ETHUSDT,bid,2220,10595.739
2024-09-16 09:18:50,ETHUSDT,bid,2220,10579.415
2024-09-16 09:19:03,ETHUSDT,bid,2250,4590.852
2024-09-16 09:19:05,ETHUSDT,bid,2250,4684.49
2024-09-16 09:19:06,ETHUSDT,bid,2240,10180.286
2024-09-16 09:19:10,ETHUSDT,bid,2240,10236.365
2024-09-16 09:19:11,ETHUSDT,bid,2240,10258.444
2024-09-16 09:19:11,ETHUSDT,bid,1680,8963.275
2024-09-16 09:19:11,ETHUSDT,bid,2240,10280.523
2024-09-16 09:19:11,ETHUSDT,bid,2240,10302.602
2024-09-16 09:19:12,ETHUSDT,bid,2240,10324.681
2024-09-16 09:19:29,ETHUSDT,bid,2230,4631.812
2024-09-16 09:19:30,ETHUSDT,bid,2240,10268.602
2024-09-16 09:19:31,ETHUSDT,bid,2240,10246.523
2024-09-16 09:19:31,ETHUSDT,bid,2240,10224.444
2024-09-16 09:19:31,ETHUSDT,bid,2240,10202.365
2024-09-16 09:19:31,ETHUSDT,bid,2240,10180.286
2024-09-16 09:19:37,ETHUSDT,bid,2250,4591.059
2024-09-16 09:20:28,ETHUSDT,bid,2210,5087.55
2024-09-16 09:20:59,ETHUSDT,bid,2220,4710.719
2024-09-16 09:21:08,ETHUSDT,bid,2250,4684.463
2024-09-16 09:21:15,ETHUSDT,bid,2220,10582.227
2024-09-16 09:21:17,ETHUSDT,bid,2240,10180.375
2024-09-16 09:21:34,ETHUSDT,bid,2240,10202.454
2024-09-16 09:21:48,ETHUSDT,bid,1940,5285.269
2024-09-16 09:21:48,ETHUSDT,bid,1950,5255.6
2024-09-16 09:21:48,ETHUSDT,bid,1960,5315.691
2024-09-16 09:21:48,ETHUSDT,bid,2220,4710.734
2024-09-16 09:21:48,ETHUSDT,bid,2230,4631.827
2024-09-16 09:21:48,ETHUSDT,bid,2240,10180.375
2024-09-16 09:22:02,ETHUSDT,bid,2210,5096.591
2024-09-16 09:22:22,ETHUSDT,bid,2220,10586.727
2024-09-16 09:22:26,ETHUSDT,bid,2240,10180.401
2024-09-16 09:22:27,ETHUSDT,bid,2220,10582.227
2024-09-16 09:22:32,ETHUSDT,bid,2220,10587.227
2024-09-16 09:22:34,ETHUSDT,bid,2250,4684.502
2024-09-16 09:22:39,ETHUSDT,bid,2250,4684.519
2024-09-16 09:22:49,ETHUSDT,bid,2220,10588.227
2024-09-16 09:22:50,ETHUSDT,bid,2250,4684.528
2024-09-16 09:22:51,ETHUSDT,bid,2220,4710.714
2024-09-16 09:22:58,ETHUSDT,bid,2230,4632.289
2024-09-16 09:23:06,ETHUSDT,bid,2230,5181.85
2024-09-16 09:23:16,ETHUSDT,bid,2230,4623.353
2024-09-16 09:23:27,ETHUSDT,bid,2230,4627.822
2024-09-16 09:23:52,ETHUSDT,bid,2230,4631.177
2024-09-16 09:23:57,ETHUSDT,bid,2220,4710.756
2024-09-16 09:23:58,ETHUSDT,bid,2230,4631.677
2024-09-16 09:24:02,ETHUSDT,bid,2230,4631.788
2024-09-16 09:24:07,ETHUSDT,bid,2250,4588.559
2024-09-16 09:24:18,ETHUSDT,bid,2220,4710.868
2024-09-16 09:24:50,ETHUSDT,bid,2240,10181.401
2024-09-16 09:24:54,ETHUSDT,bid,2250,4686.528
2024-09-16 09:25:27,ETHUSDT,bid,2220,4711.418
2024-09-16 09:25:42,ETHUSDT,bid,2250,4685.728
2024-09-16 09:26:01,ETHUSDT,bid,2250,4758.214
2024-09-16 09:26:08,ETHUSDT,bid,2250,4591.559
2024-09-16 09:26:31,ETHUSDT,bid,2220,10588.126
2024-09-16 09:27:02,ETHUSDT,bid,2250,4709.89
2024-09-16 09:27:02,ETHUSDT,bid,2250,4685.728
2024-09-16 09:27:49,ETHUSDT,bid,2230,4627.319
2024-09-16 09:28:26,ETHUSDT,bid,2240,10181.312
2024-09-16 09:28:37,ETHUSDT,bid,2250,4686.129
2024-09-16 09:28:38,ETHUSDT,bid,2250,4596.559
2024-09-16 09:28:52,ETHUSDT,bid,2230,4627.408
2024-09-16 09:29:02,ETHUSDT,bid,2220,10588.326
2024-09-16 09:29:04,ETHUSDT,bid,2230,4627.854
2024-09-16 09:29:18,ETHUSDT,bid,2250,4684.596
2024-09-16 09:30:12,ETHUSDT,bid,2230,4627.869
2024-09-16 09:30:28,ETHUSDT,bid,2220,4711.46
2024-09-16 09:30:37,ETHUSDT,bid,2220,4719.684
2024-09-16 09:30:39,ETHUSDT,bid,2250,4587.384
2024-09-16 09:30:53,ETHUSDT,bid,2220,4720.684
2024-09-16 09:30:57,ETHUSDT,bid,2250,4683.596
2024-09-16 09:31:04,ETHUSDT,bid,2220,10573.326
2024-09-16 09:31:26,ETHUSDT,bid,2230,4627.85
2024-09-16 09:31:34,ETHUSDT,bid,2250,4708.596
2024-09-16 09:31:36,ETHUSDT,bid,2220,10572.651
2024-09-16 09:31:44,ETHUSDT,bid,2230,4630.087
2024-09-16 09:32:01,ETHUSDT,bid,2220,10572.003
2024-09-16 09:32:51,ETHUSDT,bid,2210,5096.566
2024-09-16 09:32:56,ETHUSDT,bid,2230,4627.85
2024-09-16 09:33:03,ETHUSDT,bid,2220,10575.55
2024-09-16 09:33:04,ETHUSDT,bid,2250,4708.815
2024-09-16 09:33:10,ETHUSDT,bid,2220,4720.701
2024-09-16 09:33:22,ETHUSDT,bid,2220,4720.805
2024-09-16 09:33:27,ETHUSDT,bid,2240,10161.312
2024-09-16 09:33:34,ETHUSDT,bid,2230,4628.302
2024-09-16 09:33:40,ETHUSDT,bid,2250,4708.596
2024-09-16 09:33:47,ETHUSDT,bid,2250,4588.384
2024-09-16 09:33:55,ETHUSDT,bid,2240,10161.967
2024-09-16 09:33:56,ETHUSDT,bid,2250,4587.384
2024-09-16 09:34:00,ETHUSDT,bid,2230,4628.235
2024-09-16 09:34:12,ETHUSDT,bid,2220,10575.56
2024-09-16 09:34:18,ETHUSDT,bid,2220,4721.688
2024-09-16 09:34:47,ETHUSDT,bid,2220,10575.545
2024-09-16 09:34:49,ETHUSDT,bid,2250,4587.828
2024-09-16 09:35:09,ETHUSDT,bid,2250,4708.405
2024-09-16 09:35:34,ETHUSDT,bid,1960,5314.974
2024-09-16 09:35:48,ETHUSDT,bid,2250,4588.494
2024-09-16 09:35:49,ETHUSDT,bid,2220,4721.988
2024-09-16 09:35:58,ETHUSDT,bid,2250,4708.344
2024-09-16 09:36:17,ETHUSDT,bid,2230,4628.21
2024-09-16 09:36:22,ETHUSDT,bid,2220,10575.568
2024-09-16 09:36:24,ETHUSDT,bid,2230,4627.539
2024-09-16 09:36:50,ETHUSDT,bid,2220,4721.884
2024-09-16 09:36:51,ETHUSDT,bid,1680,8963.441
2024-09-16 09:36:51,ETHUSDT,bid,1700,6047.03
2024-09-16 09:36:51,ETHUSDT,bid,1710,5872.725
2024-09-16 09:36:51,ETHUSDT,bid,1740,5778.845
2024-09-16 09:36:51,ETHUSDT,bid,1780,5763.007
2024-09-16 09:37:23,ETHUSDT,bid,2250,4708.335
2024-09-16 09:37:26,ETHUSDT,bid,2220,4761.884
2024-09-16 09:38:19,ETHUSDT,bid,2250,4708.475
2024-09-16 09:38:28,ETHUSDT,bid,2230,5188.56
2024-09-16 09:38:55,ETHUSDT,bid,2220,10577.279
2024-09-16 09:39:03,ETHUSDT,bid,2230,5187.898
2024-09-16 09:39:11,ETHUSDT,bid,2230,5102.155
2024-09-16 09:39:12,ETHUSDT,bid,2230,5187.898
2024-09-16 09:40:07,ETHUSDT,bid,2250,4588.505
2024-09-16 09:40:23,ETHUSDT,bid,2220,10578.179
2024-09-16 09:40:41,ETHUSDT,bid,2230,4622.539
2024-09-16 09:40:47,ETHUSDT,bid,2220,10588.179
2024-09-16 09:41:23,ETHUSDT,bid,2220,10588.419
2024-09-16 09:41:42,ETHUSDT,bid,2230,5181.188
2024-09-16 09:41:50,ETHUSDT,bid,2240,10161.312
2024-09-16 09:41:55,ETHUSDT,bid,2250,4592.439
2024-09-16 09:41:57,ETHUSDT,bid,2220,4761.634
2024-09-16 09:42:14,ETHUSDT,bid,2250,4592.505
2024-09-16 09:43:04,ETHUSDT,bid,2250,4708.436
2024-09-16 09:43:27,ETHUSDT,bid,2230,4622.65
2024-09-16 09:43:40,ETHUSDT,bid,2220,10588.589
2024-09-16 09:43:41,ETHUSDT,bid,2240,10175.884
2024-09-16 09:43:42,ETHUSDT,bid,2220,4761.746
2024-09-16 09:43:43,ETHUSDT,bid,2230,4631.593
2024-09-16 09:43:47,ETHUSDT,bid,2250,4708.645
2024-09-16 09:43:49,ETHUSDT,bid,2210,5081.515
2024-09-16 09:44:00,ETHUSDT,bid,2230,4616.593
2024-09-16 09:44:40,ETHUSDT,bid,2240,10177.291
2024-09-16 09:44:42,ETHUSDT,bid,2250,4607.505
2024-09-16 09:44:54,ETHUSDT,bid,2250,4607.636
2024-09-16 09:45:03,ETHUSDT,bid,2250,4708.092
2024-09-16 09:45:04,ETHUSDT,bid,2250,4729.956
2024-09-16 09:45:05,ETHUSDT,bid,2220,4761.809
2024-09-16 09:45:07,ETHUSDT,bid,2240,10191.991
2024-09-16 09:45:08,ETHUSDT,bid,2220,4721.809
2024-09-16 09:45:14,ETHUSDT,bid,2250,4708.092
2024-09-16 09:45:18,ETHUSDT,bid,2250,4607.648
2024-09-16 09:45:18,ETHUSDT,bid,2250,4708.104
2024-09-16 09:45:31,ETHUSDT,bid,2230,4616.793
2024-09-16 09:45:34,ETHUSDT,bid,2250,4708.123
2024-09-16 09:45:35,ETHUSDT,bid,2240,10162.719
2024-09-16 09:45:38,ETHUSDT,bid,2250,4622.289
2024-09-16 09:45:42,ETHUSDT,bid,2230,4621.793
2024-09-16 09:45:46,ETHUSDT,bid,2220,4721.081
2024-09-16 09:45:49,ETHUSDT,bid,2220,4720.981
2024-09-16 09:46:09,ETHUSDT,bid,2250,4709.345
2024-09-16 09:46:09,ETHUSDT,bid,2250,4710.967
2024-09-16 09:46:09,ETHUSDT,bid,2250,4712.775
2024-09-16 09:46:09,ETHUSDT,bid,2250,4714.394
2024-09-16 09:46:10,ETHUSDT,bid,2250,4714.545
2024-09-16 09:46:10,ETHUSDT,bid,2250,4715.62
2024-09-16 09:46:15,ETHUSDT,bid,2220,4721.152
2024-09-16 09:46:19,ETHUSDT,bid,2220,10589.089
2024-09-16 09:46:27,ETHUSDT,bid,1700,6044.493
2024-09-16 09:46:29,ETHUSDT,bid,2230,4621.893
2024-09-16 09:46:30,ETHUSDT,bid,1700,6038.493
2024-09-16 09:46:35,ETHUSDT,bid,2220,4721.252
2024-09-16 09:46:38,ETHUSDT,bid,2250,4717.153
2024-09-16 09:46:43,ETHUSDT,bid,2220,4721.296
2024-09-16 09:47:00,ETHUSDT,bid,2250,4717.187
2024-09-16 09:47:00,ETHUSDT,bid,2250,4716.669
2024-09-16 09:47:09,ETHUSDT,bid,2220,4731.938
2024-09-16 09:47:41,ETHUSDT,bid,2250,4602.648
2024-09-16 09:48:00,ETHUSDT,bid,2250,4716.389
2024-09-16 09:48:00,ETHUSDT,bid,2250,4714.767
2024-09-16 09:48:00,ETHUSDT,bid,2250,4714.466
2024-09-16 09:48:00,ETHUSDT,bid,2250,4710.548
2024-09-16 09:48:00,ETHUSDT,bid,2250,4709.69
2024-09-16 09:48:05,ETHUSDT,bid,2250,4601.248
2024-09-16 09:48:18,ETHUSDT,bid,1700,6038.508
2024-09-16 09:48:26,ETHUSDT,bid,2220,10586.277
2024-09-16 09:48:28,ETHUSDT,bid,2220,4731.152
2024-09-16 09:49:02,ETHUSDT,bid,2250,4601.035
2024-09-16 09:49:47,ETHUSDT,bid,2230,4619.893
2024-09-16 09:49:55,ETHUSDT,bid,2220,4731.064
2024-09-16 09:50:13,ETHUSDT,bid,1960,5315.267
2024-09-16 09:50:20,ETHUSDT,bid,2250,4615.676
2024-09-16 09:50:20,ETHUSDT,bid,1950,5255.727
2024-09-16 09:50:35,ETHUSDT,bid,1940,5285.397
2024-09-16 09:50:41,ETHUSDT,bid,2250,4601.035
2024-09-16 09:50:44,ETHUSDT,bid,2250,4600.904
2024-09-16 09:50:45,ETHUSDT,bid,2250,4709.481
2024-09-16 09:51:15,ETHUSDT,bid,2250,4600.348
2024-09-16 09:51:17,ETHUSDT,bid,2250,4588.502
2024-09-16 09:51:30,ETHUSDT,bid,2250,4573.502
2024-09-16 09:51:32,ETHUSDT,bid,2220,4732.064
2024-09-16 09:51:44,ETHUSDT,bid,2250,4709.508
2024-09-16 09:52:01,ETHUSDT,bid,2250,4710.549
2024-09-16 09:52:03,ETHUSDT,bid,2250,4710.515
2024-09-16 09:52:09,ETHUSDT,bid,2230,5179.602
2024-09-16 09:52:10,ETHUSDT,bid,2230,5179.513
2024-09-16 09:52:14,ETHUSDT,bid,2230,4611.062
2024-09-16 09:52:20,ETHUSDT,bid,2210,5080.515
2024-09-16 09:52:21,ETHUSDT,bid,2250,4786.761
2024-09-16 09:52:23,ETHUSDT,bid,2250,4722.939
2024-09-16 09:52:26,ETHUSDT,bid,2250,4720.331
2024-09-16 09:52:26,ETHUSDT,bid,2250,4729.341
2024-09-16 09:52:27,ETHUSDT,bid,2250,4720.331
2024-09-16 09:52:28,ETHUSDT,bid,2220,4515.096
2024-09-16 09:52:33,ETHUSDT,bid,2250,4866.478
2024-09-16 09:52:34,ETHUSDT,bid,2250,4866.532
2024-09-16 09:52:34,ETHUSDT,bid,2250,4874.532
2024-09-16 09:52:34,ETHUSDT,bid,2250,4866.532
2024-09-16 09:52:34,ETHUSDT,bid,2250,4720.385
2024-09-16 09:52:34,ETHUSDT,bid,2250,4720.331
2024-09-16 09:52:38,ETHUSDT,bid,2220,10585.839
2024-09-16 09:52:38,ETHUSDT,bid,2250,4735.356
2024-09-16 09:52:39,ETHUSDT,bid,2220,10644.205
2024-09-16 09:52:40,ETHUSDT,bid,2250,4735.533
2024-09-16 09:52:45,ETHUSDT,bid,2250,4729.297
2024-09-16 09:52:51,ETHUSDT,bid,2220,10585.839
2024-09-16 09:52:57,ETHUSDT,bid,2250,4720.44
2024-09-16 09:53:03,ETHUSDT,bid,2230,4626.447
2024-09-16 09:53:05,ETHUSDT,bid,2220,10588.086
2024-09-16 09:53:19,ETHUSDT,bid,2230,5159.513
2024-09-16 09:53:19,ETHUSDT,bid,2230,4626.554
2024-09-16 09:53:20,ETHUSDT,bid,2220,10656.477
2024-09-16 09:53:23,ETHUSDT,bid,2250,4725.44
2024-09-16 09:53:24,ETHUSDT,bid,2250,4720.44
2024-09-16 09:53:26,ETHUSDT,bid,2220,10588.086
2024-09-16 09:53:29,ETHUSDT,bid,2250,4721.325
2024-09-16 09:53:40,ETHUSDT,bid,2250,4756.14
2024-09-16 09:53:41,ETHUSDT,bid,2250,4761.14
2024-09-16 09:53:41,ETHUSDT,bid,2250,4721.325
2024-09-16 09:53:43,ETHUSDT,bid,2230,4611.937
2024-09-16 09:53:43,ETHUSDT,bid,2250,4721.345
2024-09-16 09:53:44,ETHUSDT,bid,2250,4751.346
2024-09-16 09:53:45,ETHUSDT,bid,2250,4721.345
2024-09-16 09:53:45,ETHUSDT,bid,2220,4533.1
2024-09-16 09:53:45,ETHUSDT,bid,2250,4721.345
2024-09-16 09:53:46,ETHUSDT,bid,2250,4720.345
2024-09-16 09:53:48,ETHUSDT,bid,2250,4720.554
2024-09-16 09:53:51,ETHUSDT,bid,2250,4723.554
2024-09-16 09:53:53,ETHUSDT,bid,2220,10587.861
2024-09-16 09:53:53,ETHUSDT,bid,2250,4727.166
2024-09-16 09:53:55,ETHUSDT,bid,2250,4727.39
2024-09-16 09:53:58,ETHUSDT,bid,2250,4737.39
2024-09-16 09:54:03,ETHUSDT,bid,2250,4741.39
2024-09-16 09:54:10,ETHUSDT,bid,2250,4742.06
2024-09-16 09:54:11,ETHUSDT,bid,2250,4738.448
2024-09-16 09:54:14,ETHUSDT,bid,2250,4739.448
2024-09-16 09:54:15,ETHUSDT,bid,2220,4731.181
2024-09-16 09:54:15,ETHUSDT,bid,2250,4739.268
2024-09-16 09:54:16,ETHUSDT,bid,2250,4739.248
2024-09-16 09:54:17,ETHUSDT,bid,2250,4741.248
2024-09-16 09:54:18,ETHUSDT,bid,2250,4741.248
2024-09-16 09:54:20,ETHUSDT,bid,2250,4757.616
2024-09-16 09:54:24,ETHUSDT,bid,2220,4691.181
2024-09-16 09:54:25,ETHUSDT,bid,2250,4756.946
2024-09-16 09:54:26,ETHUSDT,bid,2220,10657.861
2024-09-16 09:54:27,ETHUSDT,bid,2220,4711.181
2024-09-16 09:54:33,ETHUSDT,bid,2250,4756.946
2024-09-16 09:54:38,ETHUSDT,bid,2250,4756.946
2024-09-16 09:54:39,ETHUSDT,bid,2250,4756.946
2024-09-16 09:54:39,ETHUSDT,bid,2250,5028.125
2024-09-16 09:54:40,ETHUSDT,bid,2250,4752.946
2024-09-16 09:54:44,ETHUSDT,bid,2250,4750.737
2024-09-16 09:54:44,ETHUSDT,bid,2220,10655.614
2024-09-16 09:54:47,ETHUSDT,bid,2250,4575.512
2024-09-16 09:54:48,ETHUSDT,bid,2250,4575.512
2024-09-16 09:54:49,ETHUSDT,bid,2230,4607.463
2024-09-16 09:54:51,ETHUSDT,bid,2250,4574.512
2024-09-16 09:55:00,ETHUSDT,bid,2250,4576.063
2024-09-16 09:55:01,ETHUSDT,bid,2250,4574.512
2024-09-16 09:55:02,ETHUSDT,bid,2250,4575.512
2024-09-16 09:55:02,ETHUSDT,bid,2220,4561.845
2024-09-16 09:55:02,ETHUSDT,bid,2220,4551.05
2024-09-16 09:55:02,ETHUSDT,bid,2220,4756.893
2024-09-16 09:55:02,ETHUSDT,bid,2210,5102.199
2024-09-16 09:55:02,ETHUSDT,bid,2220,4533.046
2024-09-16 09:55:02,ETHUSDT,bid,2220,4845.881
2024-09-16 09:55:03,ETHUSDT,bid,2250,4577.261
2024-09-16 09:55:03,ETHUSDT,bid,2250,4578.261
2024-09-16 09:55:04,ETHUSDT,bid,2250,4578.796
2024-09-16 09:55:04,ETHUSDT,bid,2220,4526.357
2024-09-16 09:55:04,ETHUSDT,bid,2250,4577.515
2024-09-16 09:55:07,ETHUSDT,bid,2220,4757.001
2024-09-16 09:55:10,ETHUSDT,bid,2250,4577.515
2024-09-16 09:55:12,ETHUSDT,bid,2250,4575.371
2024-09-16 09:55:12,ETHUSDT,bid,2250,4576.87
2024-09-16 09:55:13,ETHUSDT,bid,2230,5159.953
2024-09-16 09:55:13,ETHUSDT,bid,2220,4526.597
2024-09-16 09:55:14,ETHUSDT,bid,2250,4575.891
2024-09-16 09:55:14,ETHUSDT,bid,2250,4574.781
2024-09-16 09:55:15,ETHUSDT,bid,2250,4575.491
2024-09-16 09:55:16,ETHUSDT,bid,2220,10652.801
2024-09-16 09:55:16,ETHUSDT,bid,2240,10163.163
2024-09-16 09:55:18,ETHUSDT,bid,2230,5159.513
2024-09-16 09:55:18,ETHUSDT,bid,2250,4574.034
2024-09-16 09:55:19,ETHUSDT,bid,2210,5084.128
2024-09-16 09:55:19,ETHUSDT,bid,2230,4607.492
2024-09-16 09:55:20,ETHUSDT,bid,2250,4574.034
2024-09-16 09:55:20,ETHUSDT,bid,2230,4607.463
2024-09-16 09:55:21,ETHUSDT,bid,2250,4574.043
2024-09-16 09:55:21,ETHUSDT,bid,2250,4574.503
2024-09-16 09:55:21,ETHUSDT,bid,2250,4574.453
2024-09-16 09:55:22,ETHUSDT,bid,2250,4574.109
2024-09-16 09:55:22,ETHUSDT,bid,2250,4574.025
2024-09-16 09:55:23,ETHUSDT,bid,2250,4574.296
2024-09-16 09:55:23,ETHUSDT,bid,2250,4574.307
2024-09-16 09:55:24,ETHUSDT,bid,2250,4575.406
2024-09-16 09:55:24,ETHUSDT,bid,2250,4582.008
2024-09-16 09:55:24,ETHUSDT,bid,2250,4581.265
2024-09-16 09:55:24,ETHUSDT,bid,2250,4582.941
2024-09-16 09:55:24,ETHUSDT,bid,2250,4584.875
2024-09-16 09:55:24,ETHUSDT,bid,2240,10162.719
2024-09-16 09:55:24,ETHUSDT,bid,2250,4584.237
2024-09-16 09:55:25,ETHUSDT,bid,2240,10162.731
2024-09-16 09:55:26,ETHUSDT,bid,2240,10162.719
2024-09-16 09:55:26,ETHUSDT,bid,2240,10163.731
2024-09-16 09:55:26,ETHUSDT,bid,2250,4574.025
2024-09-16 09:55:26,ETHUSDT,bid,2250,4575.025
2024-09-16 09:55:27,ETHUSDT,bid,2250,4577.246
2024-09-16 09:55:28,ETHUSDT,bid,2240,10163.719
2024-09-16 09:55:28,ETHUSDT,bid,2250,4578.246
2024-09-16 09:55:28,ETHUSDT,bid,2220,10675.078
2024-09-16 09:55:30,ETHUSDT,bid,2220,4712.097
2024-09-16 09:55:32,ETHUSDT,bid,2220,10652.801
2024-09-16 09:55:32,ETHUSDT,bid,2250,4578.246
2024-09-16 09:55:32,ETHUSDT,bid,2250,4577.246
2024-09-16 09:55:33,ETHUSDT,bid,2250,4593.08
2024-09-16 09:55:34,ETHUSDT,bid,2240,10162.961
2024-09-16 09:55:35,ETHUSDT,bid,2250,4577.246
2024-09-16 09:55:35,ETHUSDT,bid,2210,5075.087
2024-09-16 09:55:36,ETHUSDT,bid,2220,10653.801
2024-09-16 09:55:37,ETHUSDT,bid,2230,4607.963
2024-09-16 09:55:37,ETHUSDT,bid,2230,4607.953
2024-09-16 09:55:38,ETHUSDT,bid,2220,4712.087
2024-09-16 09:55:38,ETHUSDT,bid,2210,5075.066
2024-09-16 09:55:38,ETHUSDT,bid,2230,5159.492
2024-09-16 09:55:38,ETHUSDT,bid,2230,4607.963
2024-09-16 09:55:38,ETHUSDT,bid,2210,5140.41
2024-09-16 09:55:38,ETHUSDT,bid,2220,4712.097
2024-09-16 09:55:41,ETHUSDT,bid,2230,4611.963
2024-09-16 09:55:42,ETHUSDT,bid,2220,10662.712
2024-09-16 09:55:44,ETHUSDT,bid,2250,4578.246
2024-09-16 09:55:45,ETHUSDT,bid,2230,4612.963
2024-09-16 09:55:46,ETHUSDT,bid,2220,4711.989
2024-09-16 09:55:47,ETHUSDT,bid,2210,5075.066
2024-09-16 09:55:47,ETHUSDT,bid,2220,10653.801
2024-09-16 09:55:48,ETHUSDT,bid,2250,4579.246
2024-09-16 09:55:50,ETHUSDT,bid,2220,4712.348
2024-09-16 09:55:52,ETHUSDT,bid,2240,10163.626
2024-09-16 09:55:52,ETHUSDT,bid,2250,4593.125
2024-09-16 09:55:52,ETHUSDT,bid,2250,4592.805
2024-09-16 09:55:52,ETHUSDT,bid,2250,4593.805
2024-09-16 09:55:53,ETHUSDT,bid,2250,4593.87
2024-09-16 09:55:54,ETHUSDT,bid,2250,4604.478
2024-09-16 09:55:54,ETHUSDT,bid,2250,4598.096
2024-09-16 09:55:58,ETHUSDT,bid,2220,10652.801
2024-09-16 09:55:59,ETHUSDT,bid,2220,4713.159
2024-09-16 09:56:00,ETHUSDT,bid,2250,4581.469
2024-09-16 09:56:03,ETHUSDT,bid,2240,10163.528
2024-09-16 09:56:03,ETHUSDT,bid,2240,10165.984
2024-09-16 09:56:04,ETHUSDT,bid,2250,4581.404
2024-09-16 09:56:04,ETHUSDT,bid,2240,10166.139
2024-09-16 09:56:06,ETHUSDT,bid,2220,10662.801
2024-09-16 09:56:07,ETHUSDT,bid,2230,5159.694
2024-09-16 09:56:10,ETHUSDT,bid,2230,4612.588
2024-09-16 09:56:11,ETHUSDT,bid,2250,4582.743
2024-09-16 09:56:13,ETHUSDT,bid,2250,4582.743
2024-09-16 09:56:14,ETHUSDT,bid,2240,10166.148
2024-09-16 09:56:14,ETHUSDT,bid,2240,10165.483
2024-09-16 09:56:15,ETHUSDT,bid,2240,10165.474
2024-09-16 09:56:17,ETHUSDT,bid,2250,4582.743
2024-09-16 09:56:19,ETHUSDT,bid,2250,4580.417
2024-09-16 09:56:19,ETHUSDT,bid,2240,10166.139
2024-09-16 09:56:21,ETHUSDT,bid,2230,4612.488
2024-09-16 09:56:21,ETHUSDT,bid,2250,4581.417
2024-09-16 09:56:22,ETHUSDT,bid,2250,4582.314
2024-09-16 09:56:22,ETHUSDT,bid,1700,6038.308
2024-09-16 09:56:23,ETHUSDT,bid,2250,4585.135
2024-09-16 09:56:23,ETHUSDT,bid,2250,4584.248
2024-09-16 09:56:24,ETHUSDT,bid,2240,10165.474
2024-09-16 09:56:25,ETHUSDT,bid,2250,4583.238
2024-09-16 09:56:27,ETHUSDT,bid,2230,4691.488
2024-09-16 09:56:27,ETHUSDT,bid,2250,4582.238
2024-09-16 09:56:30,ETHUSDT,bid,2220,4713.259
2024-09-16 09:56:30,ETHUSDT,bid,2230,5161.857
2024-09-16 09:56:31,ETHUSDT,bid,2250,4582.681
2024-09-16 09:56:31,ETHUSDT,bid,2250,4582.238
2024-09-16 09:56:31,ETHUSDT,bid,2250,4602.587
2024-09-16 09:56:32,ETHUSDT,bid,2250,4602.687
2024-09-16 09:56:32,ETHUSDT,bid,2250,4602.587
2024-09-16 09:56:33,ETHUSDT,bid,2220,4713.196
2024-09-16 09:56:33,ETHUSDT,bid,2230,5147.857
2024-09-16 09:56:34,ETHUSDT,bid,2250,4603.021
2024-09-16 09:56:34,ETHUSDT,bid,2230,4692.488
2024-09-16 09:56:34,ETHUSDT,bid,2250,4603.311
2024-09-16 09:56:34,ETHUSDT,bid,1680,8966.486
2024-09-16 09:56:34,ETHUSDT,bid,2250,4602.721
2024-09-16 09:56:35,ETHUSDT,bid,2220,4522.307
2024-09-16 09:56:36,ETHUSDT,bid,2250,4602.587
2024-09-16 09:56:36,ETHUSDT,bid,2250,4602.596
2024-09-16 09:56:36,ETHUSDT,bid,2230,5147.87
2024-09-16 09:56:36,ETHUSDT,bid,2250,4602.736
2024-09-16 09:56:37,ETHUSDT,bid,2240,10169.474
2024-09-16 09:56:37,ETHUSDT,bid,2250,4602.736
2024-09-16 09:56:37,ETHUSDT,bid,2220,10663.026
2024-09-16 09:56:37,ETHUSDT,bid,2230,4694.985
2024-09-16 09:56:38,ETHUSDT,bid,2250,4603.442
2024-09-16 09:56:39,ETHUSDT,bid,2250,4605.038
2024-09-16 09:56:40,ETHUSDT,bid,2250,4605.223
2024-09-16 09:56:40,ETHUSDT,bid,2250,4605.907
2024-09-16 09:56:40,ETHUSDT,bid,2220,4715.443
2024-09-16 09:56:40,ETHUSDT,bid,2230,5145.707
2024-09-16 09:56:41,ETHUSDT,bid,2240,10169.524
2024-09-16 09:56:41,ETHUSDT,bid,2240,10169.574
2024-09-16 09:56:42,ETHUSDT,bid,2240,10169.624
2024-09-16 09:56:42,ETHUSDT,bid,2240,10169.674
2024-09-16 09:56:43,ETHUSDT,bid,2250,4605.907
2024-09-16 09:56:45,ETHUSDT,bid,2230,4734.985
2024-09-16 09:56:45,ETHUSDT,bid,2220,10663.126
2024-09-16 09:56:46,ETHUSDT,bid,2230,4734.523
2024-09-16 09:56:47,ETHUSDT,bid,2250,4606.907
2024-09-16 09:56:47,ETHUSDT,bid,2250,4605.907
2024-09-16 09:56:47,ETHUSDT,bid,2250,4606.907
2024-09-16 09:56:48,ETHUSDT,bid,2250,4611.258
2024-09-16 09:56:48,ETHUSDT,bid,2250,4614.794
2024-09-16 09:56:50,ETHUSDT,bid,2250,4617.015
2024-09-16 09:56:50,ETHUSDT,bid,2250,4613.294
2024-09-16 09:56:51,ETHUSDT,bid,2250,4614.7
2024-09-16 09:56:52,ETHUSDT,bid,2230,4749.523
2024-09-16 09:56:53,ETHUSDT,bid,2230,4670.523
2024-09-16 09:56:55,ETHUSDT,bid,2220,4713.196
2024-09-16 09:56:56,ETHUSDT,bid,2250,4613.294
2024-09-16 09:56:58,ETHUSDT,bid,2230,4670.564
2024-09-16 09:57:00,ETHUSDT,bid,2250,4613.281
2024-09-16 09:57:00,ETHUSDT,bid,2250,4761.403
2024-09-16 09:57:00,ETHUSDT,bid,2250,4613.281
2024-09-16 09:57:00,ETHUSDT,bid,2220,4714.196
2024-09-16 09:57:01,ETHUSDT,bid,2220,10663.451
2024-09-16 09:57:01,ETHUSDT,bid,2240,10171.293
2024-09-16 09:57:08,ETHUSDT,bid,2250,4613.281
2024-09-16 09:57:08,ETHUSDT,bid,2230,4672.801
2024-09-16 09:57:09,ETHUSDT,bid,2250,4615.639
2024-09-16 09:57:10,ETHUSDT,bid,2250,4613.281
2024-09-16 09:57:11,ETHUSDT,bid,2230,4670.304
2024-09-16 09:57:11,ETHUSDT,bid,2240,10173.79
2024-09-16 09:57:11,ETHUSDT,bid,2250,4616.061
2024-09-16 09:57:12,ETHUSDT,bid,2250,4615.504
2024-09-16 09:57:12,ETHUSDT,bid,2250,4615.061
2024-09-16 09:57:12,ETHUSDT,bid,2220,4736.443
2024-09-16 09:57:15,ETHUSDT,bid,2230,4671.646
2024-09-16 09:57:16,ETHUSDT,bid,2210,5087.204
2024-09-16 09:57:18,ETHUSDT,bid,2230,4673.056
2024-09-16 09:57:21,ETHUSDT,bid,2030,5090.605
2024-09-16 09:57:21,ETHUSDT,bid,2250,4613.281
2024-09-16 09:57:24,ETHUSDT,bid,2220,4714.196
2024-09-16 09:57:27,ETHUSDT,bid,2240,10173.74
2024-09-16 09:57:27,ETHUSDT,bid,2240,10173.69
2024-09-16 09:57:28,ETHUSDT,bid,2240,10173.64
2024-09-16 09:57:28,ETHUSDT,bid,2240,10173.59
2024-09-16 09:57:31,ETHUSDT,bid,2250,4615.87
2024-09-16 09:57:33,ETHUSDT,bid,2250,4694.594
2024-09-16 09:57:35,ETHUSDT,bid,2230,4674.398
2024-09-16 09:57:39,ETHUSDT,bid,2250,4701.299
2024-09-16 09:57:39,ETHUSDT,bid,2220,4715.172
2024-09-16 09:57:39,ETHUSDT,bid,2250,4699.951
2024-09-16 09:57:39,ETHUSDT,bid,2250,4619.986
2024-09-16 09:57:41,ETHUSDT,bid,2250,4613.281
2024-09-16 09:57:42,ETHUSDT,bid,2220,10664.451
2024-09-16 09:57:42,ETHUSDT,bid,2250,4609.921
2024-09-16 09:57:44,ETHUSDT,bid,1710,5871.556
2024-09-16 09:57:49,ETHUSDT,bid,2250,4614.921
2024-09-16 09:57:49,ETHUSDT,bid,2250,4609.921
2024-09-16 09:57:49,ETHUSDT,bid,2220,10664.001
2024-09-16 09:57:52,ETHUSDT,bid,2220,10684.001
2024-09-16 09:57:52,ETHUSDT,bid,2250,4614.921
2024-09-16 09:57:53,ETHUSDT,bid,2250,4609.921
2024-09-16 09:57:54,ETHUSDT,bid,2250,4610.921
2024-09-16 09:57:54,ETHUSDT,bid,2220,10674.001
2024-09-16 09:58:00,ETHUSDT,bid,2230,5145.744
2024-09-16 09:58:05,ETHUSDT,bid,2220,4715.103
2024-09-16 09:58:06,ETHUSDT,bid,2220,10675.001
2024-09-16 09:58:08,ETHUSDT,bid,2250,4609.921
2024-09-16 09:58:08,ETHUSDT,bid,2220,10676.001
2024-09-16 09:58:09,ETHUSDT,bid,2250,4609.491
2024-09-16 09:58:09,ETHUSDT,bid,2250,4609.714
2024-09-16 09:58:10,ETHUSDT,bid,2250,4610.714
2024-09-16 09:58:13,ETHUSDT,bid,2220,10676.174
2024-09-16 09:58:13,ETHUSDT,bid,2250,4619.751
2024-09-16 09:58:14,ETHUSDT,bid,2250,4618.396
2024-09-16 09:58:14,ETHUSDT,bid,2220,10676.124
2024-09-16 09:58:16,ETHUSDT,bid,2250,4617.73
2024-09-16 09:58:20,ETHUSDT,bid,2220,10681.124
2024-09-16 09:58:20,ETHUSDT,bid,2250,4619.397
2024-09-16 09:58:23,ETHUSDT,bid,2250,4618.571
2024-09-16 09:58:25,ETHUSDT,bid,2250,4609.534
2024-09-16 09:58:29,ETHUSDT,bid,2250,4609.565
2024-09-16 09:58:30,ETHUSDT,bid,2230,4674.298
2024-09-16 09:58:32,ETHUSDT,bid,2220,4715.003
2024-09-16 09:58:35,ETHUSDT,bid,2250,4609.565
2024-09-16 09:58:40,ETHUSDT,bid,2220,10681.088
2024-09-16 09:58:44,ETHUSDT,bid,2250,4607.898
2024-09-16 09:58:46,ETHUSDT,bid,2220,10694.861
2024-09-16 09:58:47,ETHUSDT,bid,2220,4714.979
2024-09-16 09:58:48,ETHUSDT,bid,2230,4674.284
2024-09-16 09:58:55,ETHUSDT,bid,2220,10681.453
2024-09-16 09:58:59,ETHUSDT,bid,2250,4608.214
2024-09-16 09:58:59,ETHUSDT,bid,2250,4608.884
2024-09-16 09:59:00,ETHUSDT,bid,2250,4608.568
2024-09-16 09:59:00,ETHUSDT,bid,2230,5147.176
2024-09-16 09:59:04,ETHUSDT,bid,2250,4610.1
2024-09-16 09:59:07,ETHUSDT,bid,2240,10174.59
2024-09-16 09:59:09,ETHUSDT,bid,2220,10671.054
2024-09-16 09:59:09,ETHUSDT,bid,2220,10671.274
2024-09-16 09:59:12,ETHUSDT,bid,2230,5147.649
2024-09-16 09:59:12,ETHUSDT,bid,2220,10676.274
2024-09-16 09:59:13,ETHUSDT,bid,2210,5095.567
2024-09-16 09:59:13,ETHUSDT,bid,2220,4714.954
2024-09-16 09:59:17,ETHUSDT,bid,2240,10174.145
2024-09-16 09:59:17,ETHUSDT,bid,2220,10676.727
2024-09-16 09:59:20,ETHUSDT,bid,1950,5259.727
2024-09-16 09:59:20,ETHUSDT,bid,2230,4674.384
2024-09-16 09:59:20,ETHUSDT,bid,2250,4611.539
2024-09-16 09:59:24,ETHUSDT,bid,2250,4636.539
2024-09-16 09:59:24,ETHUSDT,bid,2250,4633.718
2024-09-16 09:59:27,ETHUSDT,bid,2250,4633.048
2024-09-16 09:59:27,ETHUSDT,bid,2250,4631.516
2024-09-16 09:59:28,ETHUSDT,bid,2240,10172.526
2024-09-16 09:59:30,ETHUSDT,bid,2250,4606.516
2024-09-16 09:59:30,ETHUSDT,bid,2250,4605.077
2024-09-16 09:59:32,ETHUSDT,bid,2250,4605.747
2024-09-16 09:59:32,ETHUSDT,bid,2250,4615.565
2024-09-16 09:59:33,ETHUSDT,bid,2250,4614.565
2024-09-16 09:59:33,ETHUSDT,bid,2220,10681.727
2024-09-16 09:59:35,ETHUSDT,bid,2250,4613.565
2024-09-16 09:59:48,ETHUSDT,bid,2250,4612.565
2024-09-16 09:59:56,ETHUSDT,bid,2240,10194.827
2024-09-16 09:59:56,ETHUSDT,bid,2240,10172.526
2024-09-16 10:00:03,ETHUSDT,bid,2230,4673.042
2024-09-16 10:00:05,ETHUSDT,bid,2220,10679.927
2024-09-16 10:00:10,ETHUSDT,bid,2220,4713.954
2024-09-16 10:00:11,ETHUSDT,bid,2250,4630.17
2024-09-16 10:00:12,ETHUSDT,bid,2250,4611.895
2024-09-16 10:00:12,ETHUSDT,bid,2220,4714.954
2024-09-16 10:00:14,ETHUSDT,bid,2250,4608.895
2024-09-16 10:00:20,ETHUSDT,bid,2230,4676.605
2024-09-16 10:00:23,ETHUSDT,bid,2250,4608.937
2024-09-16 10:00:27,ETHUSDT,bid,2210,5091.954
2024-09-16 10:00:30,ETHUSDT,bid,2250,4589.588
2024-09-16 10:00:33,ETHUSDT,bid,2220,10669.927
2024-09-16 10:00:42,ETHUSDT,bid,2220,4715.086
2024-09-16 10:00:49,ETHUSDT,bid,2250,4589.688
2024-09-16 10:00:51,ETHUSDT,bid,2230,4678.605
2024-09-16 10:00:55,ETHUSDT,bid,2220,4719.58
2024-09-16 10:00:58,ETHUSDT,bid,2220,4720.754
2024-09-16 10:00:59,ETHUSDT,bid,2250,4589.588
2024-09-16 10:01:00,ETHUSDT,bid,2220,4719.754
2024-09-16 10:01:04,ETHUSDT,bid,2240,10173.526
2024-09-16 10:01:07,ETHUSDT,bid,2220,4719.848
2024-09-16 10:01:08,ETHUSDT,bid,2220,4720.848
2024-09-16 10:01:09,ETHUSDT,bid,2210,5106.871
2024-09-16 10:01:17,ETHUSDT,bid,2220,10670.322
2024-09-16 10:01:21,ETHUSDT,bid,2250,4589.739
2024-09-16 10:01:34,ETHUSDT,bid,2220,10670.462
2024-09-16 10:01:39,ETHUSDT,bid,2220,4722.848
2024-09-16 10:01:40,ETHUSDT,bid,2220,10669.562
2024-09-16 10:01:50,ETHUSDT,bid,2240,10173.22
2024-09-16 10:01:52,ETHUSDT,bid,2250,4589.055
2024-09-16 10:01:53,ETHUSDT,bid,2250,4589.075
2024-09-16 10:02:03,ETHUSDT,bid,1680,8966.643
2024-09-16 10:02:03,ETHUSDT,bid,1700,6038.463
2024-09-16 10:02:03,ETHUSDT,bid,1740,5778.997
2024-09-16 10:02:03,ETHUSDT,bid,1780,5763.155
2024-09-16 10:02:03,ETHUSDT,bid,1960,5315.402
2024-09-16 10:02:04,ETHUSDT,bid,2220,10667.312
2024-09-16 10:02:13,ETHUSDT,bid,2220,4721.721
2024-09-16 10:03:01,ETHUSDT,bid,2030,5090.36
2024-09-16 10:03:03,ETHUSDT,bid,2220,10668.152
2024-09-16 10:03:21,ETHUSDT,bid,2220,10668.012
2024-09-16 10:03:24,ETHUSDT,bid,2230,4700.753
2024-09-16 10:03:34,ETHUSDT,bid,2220,10663.012
2024-09-16 10:03:34,ETHUSDT,bid,2250,4588.302
2024-09-16 10:03:35,ETHUSDT,bid,2220,10662.239
2024-09-16 10:03:38,ETHUSDT,bid,1700,6039.168
2024-09-16 10:04:05,ETHUSDT,bid,2220,4722.721
2024-09-16 10:04:09,ETHUSDT,bid,2220,10662.184
2024-09-16 10:04:14,ETHUSDT,bid,2230,4701.753
2024-09-16 10:04:21,ETHUSDT,bid,2220,10662.746
2024-09-16 10:04:37,ETHUSDT,bid,2220,10662.161
2024-09-16 10:04:38,ETHUSDT,bid,2230,4679.605
2024-09-16 10:04:38,ETHUSDT,bid,2220,4702.721
2024-09-16 10:04:42,ETHUSDT,bid,2220,4701.547
2024-09-16 10:04:42,ETHUSDT,bid,2220,4708.544
2024-09-16 10:04:46,ETHUSDT,bid,2220,10666.661
2024-09-16 10:04:59,ETHUSDT,bid,2250,4588.282
2024-09-16 10:05:02,ETHUSDT,bid,2240,10173.231
2024-09-16 10:05:08,ETHUSDT,bid,2250,4588.251
2024-09-16 10:05:15,ETHUSDT,bid,2220,4709.044
2024-09-16 10:05:17,ETHUSDT,bid,2230,4679.771
2024-09-16 10:05:18,ETHUSDT,bid,2240,10173.547
2024-09-16 10:05:19,ETHUSDT,bid,2240,10173.231
2024-09-16 10:05:24,ETHUSDT,bid,2230,5147.399
2024-09-16 10:05:32,ETHUSDT,bid,2220,10666.973
2024-09-16 10:05:42,ETHUSDT,bid,2220,10667.973
2024-09-16 10:06:01,ETHUSDT,bid,2220,4709.133
2024-09-16 10:06:10,ETHUSDT,bid,2220,10666.973
2024-09-16 10:06:21,ETHUSDT,bid,2240,10189.935
2024-09-16 10:06:23,ETHUSDT,bid,2230,4679.859
2024-09-16 10:06:34,ETHUSDT,bid,2240,10190.07
2024-09-16 10:06:51,ETHUSDT,bid,2230,5151.834
2024-09-16 10:07:00,ETHUSDT,bid,2220,4511.047
2024-09-16 10:07:06,ETHUSDT,bid,2250,4578.251
2024-09-16 10:07:07,ETHUSDT,bid,2220,4709.185
2024-09-16 10:07:17,ETHUSDT,bid,2220,4708.209
2024-09-16 10:08:18,ETHUSDT,bid,2220,10668.269
2024-09-16 10:08:20,ETHUSDT,bid,2220,10670.832
2024-09-16 10:08:52,ETHUSDT,bid,2250,4578.949
2024-09-16 10:08:53,ETHUSDT,bid,2230,5151.734
2024-09-16 10:08:53,ETHUSDT,bid,2230,4679.659
2024-09-16 10:09:01,ETHUSDT,bid,2220,10670.79
2024-09-16 10:09:05,ETHUSDT,bid,2220,4708.433
2024-09-16 10:09:07,ETHUSDT,bid,2240,10189.07
2024-09-16 10:09:08,ETHUSDT,bid,1680,8963.598
2024-09-16 10:09:09,ETHUSDT,bid,2230,5147.299
2024-09-16 10:09:12,ETHUSDT,bid,2240,10189.962
2024-09-16 10:09:13,ETHUSDT,bid,2230,4680.159
2024-09-16 10:09:17,ETHUSDT,bid,2210,5106.937
2024-09-16 10:09:19,ETHUSDT,bid,2220,4707.433
2024-09-16 10:09:19,ETHUSDT,bid,2220,10670.847
2024-09-16 10:09:26,ETHUSDT,bid,2210,5108.54
2024-09-16 10:09:30,ETHUSDT,bid,2230,4680.832
2024-09-16 10:09:30,ETHUSDT,bid,2250,4578.251
2024-09-16 10:09:32,ETHUSDT,bid,2220,4706.433
2024-09-16 10:09:39,ETHUSDT,bid,2220,10666.847
2024-09-16 10:09:42,ETHUSDT,bid,2220,4706.695
2024-09-16 10:09:58,ETHUSDT,bid,2240,10190.962
2024-09-16 10:10:00,ETHUSDT,bid,2250,4658.683
2024-09-16 10:10:01,ETHUSDT,bid,2250,4698.899
2024-09-16 10:10:07,ETHUSDT,bid,2220,10666.829
2024-09-16 10:10:08,ETHUSDT,bid,2220,4726.695
2024-09-16 10:10:25,ETHUSDT,bid,2220,10667.329
2024-09-16 10:10:47,ETHUSDT,bid,2250,4698.909
2024-09-16 10:10:53,ETHUSDT,bid,2220,4706.695
2024-09-16 10:10:55,ETHUSDT,bid,2230,4681.053
2024-09-16 10:10:58,ETHUSDT,bid,1700,6039.468
2024-09-16 10:11:00,ETHUSDT,bid,2250,4578.261
2024-09-16 10:11:20,ETHUSDT,bid,2220,10666.879
2024-09-16 10:11:41,ETHUSDT,bid,2220,10671.351
2024-09-16 10:12:01,ETHUSDT,bid,2220,4709.329
2024-09-16 10:12:36,ETHUSDT,bid,2230,4681.203
2024-09-16 10:12:42,ETHUSDT,bid,2230,4701.307
2024-09-16 10:12:43,ETHUSDT,bid,2220,4729.526
2024-09-16 10:12:48,ETHUSDT,bid,2220,10670.151
2024-09-16 10:12:55,ETHUSDT,bid,2230,4701.505
2024-09-16 10:13:20,ETHUSDT,bid,2250,4578.251
2024-09-16 10:13:32,ETHUSDT,bid,2240,10190.972
2024-09-16 10:13:45,ETHUSDT,bid,2230,5147.311
2024-09-16 10:13:47,ETHUSDT,bid,2250,4578.271
2024-09-16 10:13:48,ETHUSDT,bid,2220,10710.603
2024-09-16 10:13:52,ETHUSDT,bid,2230,4697.942
2024-09-16 10:13:55,ETHUSDT,bid,2250,4548.271
2024-09-16 10:14:00,ETHUSDT,bid,2230,4697.776
2024-09-16 10:14:16,ETHUSDT,bid,2230,4696.776
2024-09-16 10:14:39,ETHUSDT,bid,2220,10714.203
2024-09-16 10:14:42,ETHUSDT,bid,1700,6039.115
2024-09-16 10:14:46,ETHUSDT,bid,2220,4729.491
2024-09-16 10:14:52,ETHUSDT,bid,2220,4729.591
2024-09-16 10:15:00,ETHUSDT,bid,2250,4548.324
2024-09-16 10:15:01,ETHUSDT,bid,2220,4726.957
2024-09-16 10:15:10,ETHUSDT,bid,2250,4548.173
2024-09-16 10:15:12,ETHUSDT,bid,2250,4548.212
2024-09-16 10:15:23,ETHUSDT,bid,2250,4539.579
2024-09-16 10:15:33,ETHUSDT,bid,2220,10715.071
2024-09-16 10:15:38,ETHUSDT,bid,2240,10191.012
2024-09-16 10:16:08,ETHUSDT,bid,2220,10715.5
2024-09-16 10:16:13,ETHUSDT,bid,2250,4538.469
2024-09-16 10:16:13,ETHUSDT,bid,2220,10714.632
2024-09-16 10:16:37,ETHUSDT,bid,2220,10715.132
2024-09-16 10:16:39,ETHUSDT,bid,2240,10191.411
2024-09-16 10:16:55,ETHUSDT,bid,2250,4538.489
2024-09-16 10:16:56,ETHUSDT,bid,2230,4676.672
2024-09-16 10:17:10,ETHUSDT,bid,2220,10705.773
2024-09-16 10:17:20,ETHUSDT,bid,2220,4727.181
2024-09-16 10:17:21,ETHUSDT,bid,2210,5093.623
2024-09-16 10:17:33,ETHUSDT,bid,2210,5093.588
2024-09-16 10:17:33,ETHUSDT,bid,2230,5147.276
2024-09-16 10:17:35,ETHUSDT,bid,2230,4681.054
2024-09-16 10:17:44,ETHUSDT,bid,2220,4706.984
2024-09-16 10:17:48,ETHUSDT,bid,2220,10705.817
2024-09-16 10:17:49,ETHUSDT,bid,2220,10706.685
2024-09-16 10:17:59,ETHUSDT,bid,2220,10706.256
2024-09-16 10:18:12,ETHUSDT,bid,2220,10706.577
2024-09-16 10:18:46,ETHUSDT,bid,2230,4709.382
2024-09-16 10:18:55,ETHUSDT,bid,2250,4534.555
2024-09-16 10:19:10,ETHUSDT,bid,2220,10716.631
2024-09-16 10:19:17,ETHUSDT,bid,2220,4721.814
2024-09-16 10:19:17,ETHUSDT,bid,2220,4736.644
2024-09-16 10:19:27,ETHUSDT,bid,2230,5147.286
2024-09-16 10:19:34,ETHUSDT,bid,2220,10716.271
2024-09-16 10:20:27,ETHUSDT,bid,2250,4534.797
2024-09-16 10:20:36,ETHUSDT,bid,2250,4532.576
2024-09-16 10:20:41,ETHUSDT,bid,2220,4736.821
2024-09-16 10:20:43,ETHUSDT,bid,2230,5145.854
2024-09-16 10:20:46,ETHUSDT,bid,2230,5145.844
2024-09-16 10:21:24,ETHUSDT,bid,2230,4699.909
2024-09-16 10:21:30,ETHUSDT,bid,2220,10717.031
2024-09-16 10:21:36,ETHUSDT,bid,2220,10726.56
2024-09-16 10:22:03,ETHUSDT,bid,2220,10726.335
2024-09-16 10:22:11,ETHUSDT,bid,2220,10722.788
2024-09-16 10:23:56,ETHUSDT,bid,2220,11222.788
2024-09-16 10:23:59,ETHUSDT,bid,2230,4698.196
2024-09-16 10:24:24,ETHUSDT,bid,2250,4532.594
2024-09-16 10:24:42,ETHUSDT,bid,2220,11248.908
2024-09-16 10:24:56,ETHUSDT,bid,2230,4693.814
2024-09-16 10:25:13,ETHUSDT,bid,2220,11259.294
2024-09-16 10:26:02,ETHUSDT,bid,2220,4716.103
2024-09-16 10:26:47,ETHUSDT,bid,2250,4532.607
2024-09-16 10:26:59,ETHUSDT,bid,2220,4701.273
2024-09-16 10:27:03,ETHUSDT,bid,2220,4701.76
2024-09-16 10:27:43,ETHUSDT,bid,2240,10191.433
2024-09-16 10:27:47,ETHUSDT,bid,2250,4532.829
2024-09-16 10:28:00,ETHUSDT,bid,2250,4533.05
2024-09-16 10:28:05,ETHUSDT,bid,2250,4532.829
2024-09-16 10:28:05,ETHUSDT,bid,2230,4700.458
2024-09-16 10:28:10,ETHUSDT,bid,2220,11255.676
2024-09-16 10:28:11,ETHUSDT,bid,2230,4700.769
2024-09-16 10:28:26,ETHUSDT,bid,2220,11257.307
2024-09-16 10:28:28,ETHUSDT,bid,2220,4701.769
2024-09-16 10:28:35,ETHUSDT,bid,2230,4699.359
2024-09-16 10:28:36,ETHUSDT,bid,2250,4532.79
2024-09-16 10:28:52,ETHUSDT,bid,2230,4742.312
2024-09-16 10:29:21,ETHUSDT,bid,2230,4742.323
2024-09-16 10:29:30,ETHUSDT,bid,2230,4735.679
2024-09-16 10:29:31,ETHUSDT,bid,2230,5150.772
2024-09-16 10:29:47,ETHUSDT,bid,2220,11256.622
2024-09-16 10:29:47,ETHUSDT,bid,2210,5093.678
2024-09-16 10:30:03,ETHUSDT,bid,2210,5068.772
2024-09-16 10:30:07,ETHUSDT,bid,2250,4532.568
2024-09-16 10:30:11,ETHUSDT,bid,2250,4532.578
2024-09-16 10:30:11,ETHUSDT,bid,2220,4702.169
2024-09-16 10:30:37,ETHUSDT,bid,2220,4701.923
2024-09-16 10:31:04,ETHUSDT,bid,2220,4702.147
2024-09-16 10:31:17,ETHUSDT,bid,2250,4532.995
2024-09-16 10:31:26,ETHUSDT,bid,2220,11256.06
2024-09-16 10:31:40,ETHUSDT,bid,2230,4731.469
2024-09-16 10:31:51,ETHUSDT,bid,2240,10190.433
2024-09-16 10:31:54,ETHUSDT,bid,2250,4533.639
2024-09-16 10:32:01,ETHUSDT,bid,2250,4557.825
2024-09-16 10:32:06,ETHUSDT,bid,2230,5145.844
2024-09-16 10:32:12,ETHUSDT,bid,2210,5068.787
2024-09-16 10:32:20,ETHUSDT,bid,2220,11255.666
2024-09-16 10:32:22,ETHUSDT,bid,2230,5150.319
2024-09-16 10:32:29,ETHUSDT,bid,2240,10190.522
2024-09-16 10:32:52,ETHUSDT,bid,2240,10246.601
2024-09-16 10:32:52,ETHUSDT,bid,2240,10268.68
2024-09-16 10:32:52,ETHUSDT,bid,2240,10290.759
2024-09-16 10:32:52,ETHUSDT,bid,2240,10334.917
2024-09-16 10:32:55,ETHUSDT,bid,2220,11256.341
2024-09-16 10:33:01,ETHUSDT,bid,2250,4533.639
2024-09-16 10:33:16,ETHUSDT,bid,2220,11242.568
2024-09-16 10:33:29,ETHUSDT,bid,2220,4702.187
2024-09-16 10:33:33,ETHUSDT,bid,2220,4687.357
2024-09-16 10:33:35,ETHUSDT,bid,2250,4532.995
2024-09-16 10:33:39,ETHUSDT,bid,2240,10212.601
2024-09-16 10:33:39,ETHUSDT,bid,2240,10190.522
2024-09-16 10:34:09,ETHUSDT,bid,2240,10191.528
2024-09-16 10:34:25,ETHUSDT,bid,2230,5128.319
2024-09-16 10:34:32,ETHUSDT,bid,2220,4686.857
2024-09-16 10:34:57,ETHUSDT,bid,2230,4731.904
2024-09-16 10:35:15,ETHUSDT,bid,2250,4534.327
2024-09-16 10:35:20,ETHUSDT,bid,2240,10222.733
2024-09-16 10:35:21,ETHUSDT,bid,2240,10223.825
2024-09-16 10:35:27,ETHUSDT,bid,2230,5193.077
2024-09-16 10:35:42,ETHUSDT,bid,2240,10224.382
2024-09-16 10:35:43,ETHUSDT,bid,2240,10224.605
2024-09-16 10:35:44,ETHUSDT,bid,2240,10226.388
2024-09-16 10:35:51,ETHUSDT,bid,2220,4688.85
2024-09-16 10:35:55,ETHUSDT,bid,2230,5128.319
2024-09-16 10:36:08,ETHUSDT,bid,2230,4731.404
2024-09-16 10:36:09,ETHUSDT,bid,2240,10224.605
2024-09-16 10:36:10,ETHUSDT,bid,2240,10223.513
2024-09-16 10:36:14,ETHUSDT,bid,2220,4689.15
2024-09-16 10:36:22,ETHUSDT,bid,2240,10222.956
2024-09-16 10:36:31,ETHUSDT,bid,2230,4731.816
2024-09-16 10:36:36,ETHUSDT,bid,2230,5123.844
2024-09-16 10:37:03,ETHUSDT,bid,2230,4731.716
2024-09-16 10:37:09,ETHUSDT,bid,2220,4689.374
2024-09-16 10:37:23,ETHUSDT,ask,2270,6456.29
2024-09-16 10:37:26,ETHUSDT,bid,2240,10222.733
2024-09-16 10:37:39,ETHUSDT,bid,2220,11244.878
2024-09-16 10:37:53,ETHUSDT,bid,2230,4757.553
2024-09-16 10:37:56,ETHUSDT,bid,1960,5315.657
2024-09-16 10:38:02,ETHUSDT,bid,2220,11247.878
2024-09-16 10:38:07,ETHUSDT,bid,2220,11244.878
2024-09-16 10:38:20,ETHUSDT,bid,2240,10266.891
2024-09-16 10:38:20,ETHUSDT,bid,2230,4750.909
2024-09-16 10:38:20,ETHUSDT,bid,2230,4745.988
2024-09-16 10:38:21,ETHUSDT,bid,2230,4741.067
2024-09-16 10:38:21,ETHUSDT,bid,2240,10311.049
2024-09-16 10:38:21,ETHUSDT,bid,2240,10333.128
2024-09-16 10:38:21,ETHUSDT,bid,2240,10377.286
2024-09-16 10:38:21,ETHUSDT,bid,2240,10399.365
2024-09-16 10:38:21,ETHUSDT,bid,2240,10455.444
2024-09-16 10:38:22,ETHUSDT,bid,2230,4731.716
2024-09-16 10:38:46,ETHUSDT,bid,2250,4534.338
2024-09-16 10:39:02,ETHUSDT,bid,1700,6037.939
2024-09-16 10:39:26,ETHUSDT,bid,2250,4537.055
2024-09-16 10:40:06,ETHUSDT,bid,2220,4689.274
2024-09-16 10:40:13,ETHUSDT,bid,2240,10399.365
2024-09-16 10:40:13,ETHUSDT,bid,2240,10377.286
2024-09-16 10:40:13,ETHUSDT,bid,2240,10333.128
2024-09-16 10:40:13,ETHUSDT,bid,2240,10311.049
2024-09-16 10:40:14,ETHUSDT,bid,2240,10288.97
2024-09-16 10:40:15,ETHUSDT,bid,2240,10266.891
2024-09-16 10:40:15,ETHUSDT,bid,2240,10222.733
2024-09-16 10:40:53,ETHUSDT,bid,2220,11219.878
2024-09-16 10:41:06,ETHUSDT,ask,2270,6510.025
2024-09-16 10:41:07,ETHUSDT,bid,2220,4691.132
2024-09-16 10:41:21,ETHUSDT,bid,2220,11227.878
2024-09-16 10:41:35,ETHUSDT,bid,2220,11230.117
2024-09-16 10:41:52,ETHUSDT,bid,2220,11229.897
2024-09-16 10:42:18,ETHUSDT,bid,2250,4537.255
2024-09-16 10:43:38,ETHUSDT,bid,2230,4731.66
2024-09-16 10:43:55,ETHUSDT,bid,2220,11225.923
2024-09-16 10:44:03,ETHUSDT,bid,2230,4731.029
2024-09-16 10:44:12,ETHUSDT,bid,2220,11223.684
2024-09-16 10:44:13,ETHUSDT,bid,2220,4690.132
2024-09-16 10:44:17,ETHUSDT,bid,2210,5069.224
2024-09-16 10:44:21,ETHUSDT,bid,2230,4731.046
2024-09-16 10:44:27,ETHUSDT,bid,2230,5124.927
2024-09-16 10:44:34,ETHUSDT,bid,2240,10221.733
2024-09-16 10:44:59,ETHUSDT,bid,2220,4688.274
2024-09-16 10:45:07,ETHUSDT,bid,2230,4730.046
2024-09-16 10:45:24,ETHUSDT,bid,2230,5124.906
2024-09-16 10:45:57,ETHUSDT,bid,2230,4730.717
2024-09-16 10:46:53,ETHUSDT,bid,2220,11225.435
2024-09-16 10:47:22,ETHUSDT,bid,2220,11225.885
2024-09-16 10:47:30,ETHUSDT,bid,1960,5328.412
2024-09-16 10:47:30,ETHUSDT,bid,2240,10243.812
2024-09-16 10:47:32,ETHUSDT,bid,2220,4688.049
2024-09-16 10:47:52,ETHUSDT,bid,2210,5072.051
2024-09-16 10:48:16,ETHUSDT,bid,2250,4540.255
2024-09-16 10:49:38,ETHUSDT,bid,2220,4688.119
2024-09-16 10:49:40,ETHUSDT,bid,2230,4730.926
2024-09-16 10:49:40,ETHUSDT,bid,2250,4540.462
2024-09-16 10:49:50,ETHUSDT,bid,2220,4687.846
2024-09-16 10:49:56,ETHUSDT,bid,2230,5124.433
2024-09-16 10:50:06,ETHUSDT,bid,2230,4730.253
2024-09-16 10:50:29,ETHUSDT,bid,2220,11230.385
2024-09-16 10:51:14,ETHUSDT,bid,2230,4730.518
2024-09-16 10:51:28,ETHUSDT,bid,2220,11231.285
2024-09-16 10:51:53,ETHUSDT,bid,2230,4730.451
2024-09-16 10:52:02,ETHUSDT,bid,2220,11235.89
2024-09-16 10:52:18,ETHUSDT,bid,1700,6037.234
2024-09-16 10:53:04,ETHUSDT,bid,2250,4540.55
2024-09-16 10:53:19,ETHUSDT,bid,2250,4539.218
2024-09-16 10:54:21,ETHUSDT,bid,2220,11236.399
2024-09-16 10:54:24,ETHUSDT,bid,2220,11235.89
2024-09-16 10:54:27,ETHUSDT,bid,2220,11236.789
2024-09-16 10:54:32,ETHUSDT,bid,2230,5125.061
2024-09-16 10:54:46,ETHUSDT,bid,2220,11236.834
2024-09-16 10:54:59,ETHUSDT,bid,2230,5125.051
2024-09-16 10:55:01,ETHUSDT,bid,2220,4688.07
2024-09-16 10:55:41,ETHUSDT,bid,2220,11234.524
2024-09-16 10:55:50,ETHUSDT,bid,2220,4687.711
2024-09-16 10:55:59,ETHUSDT,bid,2220,11233.625
2024-09-16 10:56:18,ETHUSDT,bid,1700,6030.219
2024-09-16 10:56:21,ETHUSDT,bid,2240,10221.733
2024-09-16 10:57:12,ETHUSDT,bid,2220,11233.779
2024-09-16 10:57:21,ETHUSDT,bid,2220,11234.004
2024-09-16 10:57:33,ETHUSDT,bid,2250,4538.996
2024-09-16 10:57:43,ETHUSDT,bid,2220,11232.004
2024-09-16 10:57:47,ETHUSDT,bid,2250,4539.046
2024-09-16 10:58:18,ETHUSDT,bid,2220,4687.641
2024-09-16 10:58:19,ETHUSDT,bid,2220,4688.273
2024-09-16 10:59:19,ETHUSDT,bid,2230,4730.477
2024-09-16 11:01:07,ETHUSDT,bid,2220,4691.273
2024-09-16 11:01:12,ETHUSDT,bid,2220,4688.273
2024-09-16 11:01:13,ETHUSDT,bid,2250,4538.997
2024-09-16 11:01:13,ETHUSDT,bid,2220,11232.559
2024-09-16 11:01:25,ETHUSDT,bid,2220,11231.691
2024-09-16 11:01:27,ETHUSDT,bid,2220,11222.162
2024-09-16 11:01:28,ETHUSDT,bid,2250,4538.797
2024-09-16 11:02:14,ETHUSDT,bid,2230,4730.49
2024-09-16 11:02:55,ETHUSDT,bid,2220,11222.069
2024-09-16 11:02:55,ETHUSDT,bid,2240,10221.64
2024-09-16 11:03:33,ETHUSDT,bid,2250,4539.297
2024-09-16 11:03:56,ETHUSDT,bid,2240,10337.994
2024-09-16 11:04:30,ETHUSDT,bid,2240,10221.64
2024-09-16 11:05:46,ETHUSDT,bid,2250,4539.519
2024-09-16 11:05:55,ETHUSDT,bid,2220,4691.273
2024-09-16 11:06:05,ETHUSDT,bid,2220,4688.273
2024-09-16 11:06:57,ETHUSDT,bid,2250,4542.519
2024-09-16 11:07:27,ETHUSDT,bid,2230,4731.49
2024-09-16 11:08:53,ETHUSDT,bid,2250,4542.102
2024-09-16 11:09:31,ETHUSDT,bid,2220,4692.273
2024-09-16 11:09:39,ETHUSDT,bid,2220,4693.128
2024-09-16 11:11:18,ETHUSDT,bid,2210,5069.224
2024-09-16 11:12:31,ETHUSDT,bid,2230,4731.601
2024-09-16 11:12:48,ETHUSDT,bid,2250,4542.768
2024-09-16 11:13:00,ETHUSDT,bid,2250,4543.297
2024-09-16 11:13:04,ETHUSDT,bid,2250,4556.001
2024-09-16 11:13:17,ETHUSDT,bid,2230,5039.308
2024-09-16 11:13:18,ETHUSDT,bid,2230,5125.051
2024-09-16 11:13:35,ETHUSDT,bid,2230,4732.048
2024-09-16 11:14:39,ETHUSDT,bid,2250,4556.045
2024-09-16 11:15:48,ETHUSDT,bid,2220,11220.377
2024-09-16 11:16:11,ETHUSDT,bid,2230,4732.128
2024-09-16 11:16:14,ETHUSDT,bid,2230,4732.328
2024-09-16 11:16:36,ETHUSDT,bid,2220,4693.028
2024-09-16 11:17:09,ETHUSDT,bid,2250,4559.37
2024-09-16 11:17:10,ETHUSDT,bid,2250,4560.477
2024-09-16 11:17:21,ETHUSDT,bid,2220,4693.024
2024-09-16 11:17:46,ETHUSDT,bid,2220,11220.489
2024-09-16 11:17:59,ETHUSDT,bid,2210,5067.621
2024-09-16 11:18:05,ETHUSDT,bid,2230,5039.308
2024-09-16 11:18:06,ETHUSDT,bid,2230,5125.051
2024-09-16 11:19:21,ETHUSDT,bid,2220,4694.024
2024-09-16 11:19:25,ETHUSDT,bid,2230,4732.828
2024-09-16 11:19:26,ETHUSDT,bid,2240,10210.417
2024-09-16 11:19:27,ETHUSDT,bid,2220,4695.53
2024-09-16 11:19:33,ETHUSDT,bid,2250,4559.977
2024-09-16 11:19:36,ETHUSDT,bid,2240,10210.64
2024-09-16 11:20:17,ETHUSDT,bid,2250,4560.199
2024-09-16 11:21:03,ETHUSDT,bid,2250,4560.208
2024-09-16 11:21:07,ETHUSDT,bid,2250,4575.304
2024-09-16 11:21:07,ETHUSDT,bid,2250,4589.629
2024-09-16 11:21:08,ETHUSDT,bid,2250,4591.811
2024-09-16 11:21:42,ETHUSDT,bid,2250,4588.811
2024-09-16 11:21:48,ETHUSDT,bid,2220,11220.439
2024-09-16 11:21:56,ETHUSDT,bid,2230,4735.828
2024-09-16 11:22:00,ETHUSDT,bid,2250,4572.648
2024-09-16 11:22:01,ETHUSDT,bid,2250,4570.466
2024-09-16 11:22:33,ETHUSDT,bid,2220,11221.439
2024-09-16 11:22:47,ETHUSDT,bid,2230,5125.038
2024-09-16 11:22:52,ETHUSDT,bid,2220,11217.839
2024-09-16 11:23:13,ETHUSDT,bid,2240,10212.12
2024-09-16 11:23:30,ETHUSDT,bid,2230,4728.867
2024-09-16 11:24:13,ETHUSDT,bid,2220,11222.339
2024-09-16 11:24:15,ETHUSDT,bid,2220,11222.788
2024-09-16 11:24:38,ETHUSDT,bid,2230,4753.753
2024-09-16 11:25:01,ETHUSDT,bid,2250,4569.83
2024-09-16 11:25:33,ETHUSDT,bid,2220,11224.038
2024-09-16 11:25:55,ETHUSDT,bid,2230,4753.851
2024-09-16 11:25:56,ETHUSDT,bid,2230,4754.298
2024-09-16 11:26:13,ETHUSDT,bid,2230,4753.851
2024-09-16 11:26:34,ETHUSDT,bid,2220,11224.083
2024-09-16 11:27:06,ETHUSDT,bid,2210,5069.739
2024-09-16 11:27:08,ETHUSDT,bid,2230,4753.862
2024-09-16 11:27:19,ETHUSDT,bid,2240,10212.098
2024-09-16 11:27:19,ETHUSDT,bid,2250,4569.817
2024-09-16 11:27:34,ETHUSDT,bid,2230,5039.295
2024-09-16 11:27:35,ETHUSDT,bid,2230,5125.038
2024-09-16 11:27:54,ETHUSDT,bid,2230,4751.911
2024-09-16 11:29:35,ETHUSDT,bid,2220,11226.304
2024-09-16 11:29:51,ETHUSDT,bid,2220,11224.083
2024-09-16 11:30:11,ETHUSDT,bid,2210,5069.897
2024-09-16 11:30:18,ETHUSDT,bid,2220,11274.083
2024-09-16 11:30:46,ETHUSDT,bid,2220,4694.53
2024-09-16 11:30:59,ETHUSDT,bid,2220,11279.083
2024-09-16 11:31:00,ETHUSDT,bid,2250,4562.981
2024-09-16 11:31:00,ETHUSDT,bid,2250,4557.832
2024-09-16 11:31:01,ETHUSDT,bid,2250,4557.195
2024-09-16 11:31:20,ETHUSDT,bid,2230,4751.901
2024-09-16 11:33:02,ETHUSDT,bid,2250,4547.594
2024-09-16 11:33:34,ETHUSDT,bid,2220,11278.083
2024-09-16 11:34:03,ETHUSDT,bid,2230,4772.008
2024-09-16 11:34:12,ETHUSDT,bid,2220,11278.283
2024-09-16 11:34:55,ETHUSDT,bid,2230,4772.73
2024-09-16 11:35:31,ETHUSDT,ask,2990,3429.534
2024-09-16 11:36:55,ETHUSDT,bid,2220,4694.48
2024-09-16 11:37:08,ETHUSDT,bid,2230,5039.295
2024-09-16 11:37:09,ETHUSDT,bid,2230,5125.038
2024-09-16 11:38:08,ETHUSDT,bid,2230,4773.043
2024-09-16 11:38:21,ETHUSDT,bid,2230,4775.277
2024-09-16 11:38:22,ETHUSDT,bid,2230,4755.17
2024-09-16 11:39:29,ETHUSDT,bid,2230,4755.222
2024-09-16 11:40:22,ETHUSDT,bid,2250,4547.352
2024-09-16 11:40:27,ETHUSDT,bid,2240,10180.893
2024-09-16 11:40:39,ETHUSDT,bid,2250,4546.908
2024-09-16 11:40:42,ETHUSDT,bid,2220,11258.283
2024-09-16 11:41:35,ETHUSDT,bid,2220,11217.831
2024-09-16 11:41:49,ETHUSDT,bid,2230,4752.988
2024-09-16 11:41:52,ETHUSDT,bid,2230,5039.295
2024-09-16 11:41:52,ETHUSDT,bid,2230,5125.038
2024-09-16 11:42:13,ETHUSDT,bid,2250,4547.208
2024-09-16 11:44:49,ETHUSDT,bid,2240,10181.173
2024-09-16 11:44:56,ETHUSDT,bid,2230,5125.056
2024-09-16 11:46:00,ETHUSDT,ask,2990,3429.518
2024-09-16 11:46:16,ETHUSDT,bid,1960,5329.412
2024-09-16 11:46:19,ETHUSDT,bid,2220,11218.146
2024-09-16 11:46:31,ETHUSDT,bid,2230,5039.313
2024-09-16 11:46:32,ETHUSDT,bid,2230,5125.056
2024-09-16 11:46:51,ETHUSDT,bid,2220,11220.367
2024-09-16 11:46:58,ETHUSDT,bid,2220,11220.568
2024-09-16 11:47:07,ETHUSDT,bid,2220,11218.347
2024-09-16 11:48:12,ETHUSDT,bid,1960,5328.412
2024-09-16 11:48:20,ETHUSDT,bid,1700,6030.268
2024-09-16 11:49:21,ETHUSDT,bid,2230,4752.962
2024-09-16 11:49:24,ETHUSDT,bid,2220,4694.256
2024-09-16 11:50:15,ETHUSDT,bid,1960,5329.412
2024-09-16 11:50:32,ETHUSDT,bid,2210,5069.739
2024-09-16 11:50:54,ETHUSDT,bid,2220,11218.461
2024-09-16 11:50:55,ETHUSDT,bid,2250,4546.764
2024-09-16 11:51:19,ETHUSDT,bid,2230,5039.313
2024-09-16 11:51:20,ETHUSDT,bid,2230,5125.056
2024-09-16 11:51:45,ETHUSDT,bid,2220,11218.666
2024-09-16 11:51:46,ETHUSDT,bid,2250,4546.774
2024-09-16 11:52:04,ETHUSDT,bid,2250,4546.874
2024-09-16 11:52:37,ETHUSDT,bid,2220,4694.694
2024-09-16 11:52:47,ETHUSDT,bid,1960,5328.412
2024-09-16 11:54:02,ETHUSDT,bid,2210,5069.673
2024-09-16 11:54:27,ETHUSDT,bid,2210,5069.966
2024-09-16 11:56:03,ETHUSDT,bid,2230,5039.313
2024-09-16 11:56:04,ETHUSDT,bid,2230,5125.056
2024-09-16 11:56:38,ETHUSDT,bid,2220,11218.216
2024-09-16 11:56:55,ETHUSDT,bid,2220,11219.116
2024-09-16 11:57:02,ETHUSDT,bid,2240,10185.628
2024-09-16 11:57:28,ETHUSDT,bid,2240,10188.787
2024-09-16 11:57:28,ETHUSDT,bid,2220,11219.251
2024-09-16 11:58:07,ETHUSDT,bid,2250,4556.163
2024-09-16 11:58:07,ETHUSDT,bid,2250,4563.515
2024-09-16 11:58:07,ETHUSDT,bid,2250,4575.492
2024-09-16 11:58:08,ETHUSDT,bid,2250,4578.477
2024-09-16 11:58:26,ETHUSDT,bid,2240,10191.016
2024-09-16 11:58:43,ETHUSDT,bid,2230,4750.962
2024-09-16 11:58:53,ETHUSDT,bid,2210,5070.87
2024-09-16 11:59:00,ETHUSDT,bid,2250,4577.841
2024-09-16 12:00:00,ETHUSDT,bid,2210,5070.889
2024-09-16 12:00:00,ETHUSDT,bid,2250,4571.005
2024-09-16 12:00:00,ETHUSDT,bid,2250,4568.552
2024-09-16 12:00:00,ETHUSDT,bid,2250,4561.2
2024-09-16 12:00:00,ETHUSDT,bid,2250,4555.008
2024-09-16 12:00:01,ETHUSDT,bid,2250,4549.222
2024-09-16 12:00:01,ETHUSDT,bid,2250,4546.874
2024-09-16 12:00:05,ETHUSDT,bid,2210,5071.937
2024-09-16 12:00:11,ETHUSDT,bid,2210,5071.918
2024-09-16 12:00:30,ETHUSDT,bid,2250,4546.674
2024-09-16 12:00:37,ETHUSDT,bid,2220,11219.606
2024-09-16 12:00:41,ETHUSDT,bid,2210,5071.985
2024-09-16 12:00:46,ETHUSDT,bid,2230,5039.313
2024-09-16 12:00:47,ETHUSDT,bid,2230,5125.056
2024-09-16 12:01:01,ETHUSDT,bid,2250,4561.318
2024-09-16 12:01:01,ETHUSDT,bid,2250,4575.959
2024-09-16 12:01:01,ETHUSDT,bid,2250,4590.6
2024-09-16 12:01:01,ETHUSDT,bid,2250,4605.241
2024-09-16 12:01:01,ETHUSDT,bid,2250,4619.885
2024-09-16 12:01:01,ETHUSDT,bid,2250,4634.526
2024-09-16 12:01:02,ETHUSDT,bid,2250,4649.167
2024-09-16 12:01:02,ETHUSDT,bid,2250,4678.449
2024-09-16 12:01:02,ETHUSDT,bid,2250,4693.09
2024-09-16 12:01:02,ETHUSDT,bid,2250,4722.372
2024-09-16 12:01:02,ETHUSDT,bid,2250,4737.016
2024-09-16 12:01:02,ETHUSDT,bid,2250,4751.66
2024-09-16 12:01:03,ETHUSDT,bid,2250,4780.942
2024-09-16 12:01:14,ETHUSDT,bid,2240,10186.561
2024-09-16 12:02:18,ETHUSDT,bid,2250,4751.654
2024-09-16 12:02:18,ETHUSDT,bid,2250,4722.372
2024-09-16 12:02:18,ETHUSDT,bid,2250,4707.731
2024-09-16 12:02:18,ETHUSDT,bid,2250,4693.09
2024-09-16 12:02:19,ETHUSDT,bid,2250,4678.446
2024-09-16 12:02:19,ETHUSDT,bid,2250,4663.802
2024-09-16 12:02:39,ETHUSDT,bid,2220,11219.002
2024-09-16 12:03:03,ETHUSDT,bid,2250,4685.792
2024-09-16 12:03:51,ETHUSDT,bid,2250,4663.802
2024-09-16 12:03:52,ETHUSDT,bid,2250,4649.161
2024-09-16 12:03:52,ETHUSDT,bid,2250,4634.52
2024-09-16 12:03:52,ETHUSDT,bid,2250,4619.879
2024-09-16 12:03:52,ETHUSDT,bid,2250,4605.238
2024-09-16 12:03:52,ETHUSDT,bid,2250,4590.597
2024-09-16 12:03:53,ETHUSDT,bid,2250,4575.956
2024-09-16 12:03:53,ETHUSDT,bid,2250,4561.315
2024-09-16 12:03:53,ETHUSDT,bid,2250,4546.674
2024-09-16 12:03:58,ETHUSDT,bid,2220,11218.848
2024-09-16 12:04:23,ETHUSDT,bid,2220,11208.462
2024-09-16 12:05:04,ETHUSDT,bid,2250,4542.242
2024-09-16 12:05:12,ETHUSDT,bid,2230,4749.962
2024-09-16 12:05:25,ETHUSDT,bid,2230,5039.313
2024-09-16 12:05:26,ETHUSDT,bid,2230,5125.075
2024-09-16 12:06:19,ETHUSDT,bid,2220,11228.462
2024-09-16 12:06:44,ETHUSDT,bid,2230,4749.462
2024-09-16 12:06:53,ETHUSDT,bid,2220,4686.47
2024-09-16 12:07:06,ETHUSDT,bid,1960,5233.592
2024-09-16 12:07:17,ETHUSDT,bid,2230,4752.462
2024-09-16 12:07:22,ETHUSDT,bid,2230,4749.462
2024-09-16 12:08:26,ETHUSDT,bid,2250,4541.713
2024-09-16 12:08:34,ETHUSDT,bid,2230,4749.662
2024-09-16 12:08:37,ETHUSDT,bid,2240,10184.332
2024-09-16 12:08:43,ETHUSDT,bid,2220,4687.27
2024-09-16 12:10:18,ETHUSDT,bid,2230,5039.313
2024-09-16 12:10:19,ETHUSDT,bid,2230,5125.106
2024-09-16 12:10:25,ETHUSDT,bid,1700,6030.295
2024-09-16 12:10:25,ETHUSDT,bid,2220,4687.29
2024-09-16 12:10:54,ETHUSDT,bid,2220,11228.529
2024-09-16 12:11:00,ETHUSDT,bid,2230,4767.533
2024-09-16 12:12:43,ETHUSDT,bid,2220,11229.529
2024-09-16 12:13:06,ETHUSDT,bid,2220,4685.493
2024-09-16 12:13:12,ETHUSDT,bid,2220,4685.535
2024-09-16 12:13:12,ETHUSDT,bid,2230,4767.575
2024-09-16 12:13:20,ETHUSDT,bid,2210,5071.918
2024-09-16 12:13:20,ETHUSDT,bid,2210,5071.985
2024-09-16 12:13:34,ETHUSDT,bid,2250,4546.15
2024-09-16 12:13:46,ETHUSDT,bid,2230,4767.275
2024-09-16 12:15:06,ETHUSDT,bid,2230,5039.313
2024-09-16 12:15:07,ETHUSDT,bid,2230,5125.143
2024-09-16 12:15:46,ETHUSDT,bid,2230,5124.927
2024-09-16 12:16:00,ETHUSDT,bid,2230,4749.404
2024-09-16 12:16:13,ETHUSDT,bid,2220,11228.529
2024-09-16 12:16:29,ETHUSDT,bid,2220,11229.146
2024-09-16 12:16:48,ETHUSDT,bid,1700,6030.28
2024-09-16 12:17:42,ETHUSDT,bid,1940,5285.379
2024-09-16 12:17:42,ETHUSDT,bid,1950,5259.709
2024-09-16 12:17:42,ETHUSDT,bid,1960,5233.575
2024-09-16 12:17:42,ETHUSDT,bid,2220,4685.52
2024-09-16 12:17:42,ETHUSDT,bid,2230,4749.389
2024-09-16 12:17:45,ETHUSDT,bid,2250,4541.713
2024-09-16 12:18:06,ETHUSDT,bid,2220,11231.437
2024-09-16 12:18:07,ETHUSDT,bid,2220,4686.629
2024-09-16 12:18:16,ETHUSDT,bid,2230,5126.045
2024-09-16 12:18:19,ETHUSDT,bid,2230,4750.959
2024-09-16 12:18:27,ETHUSDT,bid,2230,5128.256
2024-09-16 12:18:42,ETHUSDT,bid,2230,5126.045
2024-09-16 12:19:24,ETHUSDT,bid,2220,11240.437
2024-09-16 12:19:42,ETHUSDT,bid,2220,11240.707
2024-09-16 12:19:51,ETHUSDT,bid,2230,5040.215
2024-09-16 12:19:52,ETHUSDT,bid,2230,5126.08
2024-09-16 12:20:00,ETHUSDT,bid,2230,5124.962
2024-09-16 12:20:03,ETHUSDT,bid,2240,10195.482
2024-09-16 12:20:20,ETHUSDT,bid,2250,4541.801
2024-09-16 12:20:28,ETHUSDT,bid,2210,5085.547
2024-09-16 12:20:40,ETHUSDT,bid,2220,11241.067
2024-09-16 12:21:16,ETHUSDT,bid,2230,4751.121
2024-09-16 12:21:17,ETHUSDT,bid,2250,4539.58
2024-09-16 12:21:21,ETHUSDT,bid,1680,8962.598
2024-09-16 12:21:21,ETHUSDT,bid,1780,5762.155
2024-09-16 12:21:51,ETHUSDT,bid,2230,5124.95
2024-09-16 12:21:53,ETHUSDT,bid,2230,4751.181
2024-09-16 12:22:04,ETHUSDT,bid,2230,4751.166
2024-09-16 12:22:29,ETHUSDT,bid,2240,10198.482
2024-09-16 12:22:29,ETHUSDT,bid,2250,4539.461
2024-09-16 12:22:34,ETHUSDT,bid,2240,10195.482
2024-09-16 12:22:41,ETHUSDT,bid,2230,4754.166
2024-09-16 12:24:06,ETHUSDT,bid,1780,5763.155
2024-09-16 12:24:12,ETHUSDT,bid,1680,8963.598
2024-09-16 12:24:30,ETHUSDT,bid,2220,4687.629
2024-09-16 12:24:32,ETHUSDT,bid,2250,4539.683
2024-09-16 12:24:36,ETHUSDT,bid,2230,5039.085
2024-09-16 12:24:36,ETHUSDT,bid,2230,5124.999
2024-09-16 12:24:53,ETHUSDT,bid,2250,4538.795
2024-09-16 12:25:49,ETHUSDT,bid,2230,4754.687
2024-09-16 12:25:56,ETHUSDT,bid,2240,10213.312
2024-09-16 12:25:59,ETHUSDT,bid,2210,5085.48
2024-09-16 12:26:00,ETHUSDT,bid,2220,11242.875
2024-09-16 12:26:12,ETHUSDT,bid,2220,11242.375
2024-09-16 12:26:26,ETHUSDT,bid,2220,4687.807
2024-09-16 12:27:54,ETHUSDT,bid,2220,4687.622
2024-09-16 12:28:11,ETHUSDT,bid,2230,4757.687
2024-09-16 12:28:16,ETHUSDT,bid,2230,4754.687
2024-09-16 12:28:18,ETHUSDT,bid,2220,4687.379
2024-09-16 12:28:35,ETHUSDT,bid,2220,4686.379
2024-09-16 12:29:23,ETHUSDT,bid,2230,5039.085
2024-09-16 12:29:24,ETHUSDT,bid,2230,5125.021
2024-09-16 12:29:37,ETHUSDT,bid,2250,4539.017
2024-09-16 12:29:41,ETHUSDT,bid,2250,4539.239
2024-09-16 12:29:42,ETHUSDT,bid,2220,4686.399
2024-09-16 12:30:25,ETHUSDT,bid,2220,11242.24
2024-09-16 12:31:12,ETHUSDT,bid,2220,4686.415
2024-09-16 12:31:12,ETHUSDT,bid,2230,4754.703
2024-09-16 12:31:22,ETHUSDT,bid,2240,10213.411
2024-09-16 12:31:59,ETHUSDT,bid,2250,4542.992
2024-09-16 12:32:11,ETHUSDT,bid,2240,10195.581
2024-09-16 12:32:22,ETHUSDT,bid,2220,11242.465
2024-09-16 12:33:04,ETHUSDT,bid,2250,4542.77
2024-09-16 12:33:20,ETHUSDT,bid,2250,4542.992
2024-09-16 12:33:45,ETHUSDT,bid,2220,11242.532
2024-09-16 12:33:45,ETHUSDT,bid,2250,4543.137
2024-09-16 12:34:06,ETHUSDT,bid,2230,5039.085
2024-09-16 12:34:07,ETHUSDT,bid,2230,5125.044
2024-09-16 12:34:51,ETHUSDT,bid,2230,4754.801
2024-09-16 12:35:00,ETHUSDT,bid,2220,4688.415
2024-09-16 12:35:25,ETHUSDT,bid,2220,11242.666
2024-09-16 12:35:26,ETHUSDT,bid,2220,11237.666
2024-09-16 12:35:52,ETHUSDT,bid,2230,4754.601
2024-09-16 12:36:33,ETHUSDT,bid,2230,4755.601
2024-09-16 12:36:34,ETHUSDT,bid,2220,11236.766
2024-09-16 12:36:37,ETHUSDT,bid,2220,4683.921
2024-09-16 12:37:00,ETHUSDT,bid,2250,4543.17
2024-09-16 12:37:42,ETHUSDT,bid,2240,10194.581
2024-09-16 12:37:51,ETHUSDT,bid,1680,8956.59
2024-09-16 12:37:53,ETHUSDT,bid,2220,11237.15
2024-09-16 12:38:10,ETHUSDT,bid,2220,11237.457
2024-09-16 12:38:24,ETHUSDT,bid,2250,4621.015
2024-09-16 12:38:25,ETHUSDT,bid,1680,8955.59
2024-09-16 12:38:25,ETHUSDT,bid,1780,5762.155
2024-09-16 12:38:58,ETHUSDT,bid,2230,5039.085
2024-09-16 12:38:59,ETHUSDT,bid,2230,5125.065
2024-09-16 12:39:39,ETHUSDT,bid,2210,5083.362
2024-09-16 12:39:39,ETHUSDT,bid,2250,4623.096
2024-09-16 12:39:50,ETHUSDT,bid,2220,11239.565
2024-09-16 12:39:50,ETHUSDT,bid,2250,4621.015
2024-09-16 12:39:54,ETHUSDT,bid,2250,4620.715
2024-09-16 12:40:45,ETHUSDT,bid,2230,4755.436
2024-09-16 12:40:49,ETHUSDT,bid,2250,4598.725
2024-09-16 12:40:50,ETHUSDT,bid,2250,4542.87
2024-09-16 12:41:06,ETHUSDT,bid,2230,4755.536
2024-09-16 12:41:18,ETHUSDT,bid,2220,4688.415
2024-09-16 12:41:40,ETHUSDT,bid,2230,4755.036
2024-09-16 12:41:49,ETHUSDT,bid,2230,4758.036
2024-09-16 12:41:54,ETHUSDT,bid,1700,6032.707
2024-09-16 12:41:54,ETHUSDT,bid,2230,4755.036
2024-09-16 12:42:14,ETHUSDT,bid,1700,6031.493
2024-09-16 12:42:23,ETHUSDT,bid,1700,6030.28
2024-09-16 12:42:24,ETHUSDT,bid,2220,11239.315
2024-09-16 12:42:28,ETHUSDT,bid,2250,4542.894
2024-09-16 12:42:42,ETHUSDT,bid,2230,4756.378
2024-09-16 12:43:07,ETHUSDT,bid,1700,6030.253
2024-09-16 12:43:07,ETHUSDT,bid,2220,4688.395
2024-09-16 12:43:41,ETHUSDT,bid,2230,5039.085
2024-09-16 12:43:42,ETHUSDT,bid,2230,5125.092
2024-09-16 12:43:58,ETHUSDT,bid,2250,4542.904
2024-09-16 12:44:55,ETHUSDT,bid,2220,11239.368
2024-09-16 12:45:26,ETHUSDT,bid,2220,4688.404
2024-09-16 12:45:29,ETHUSDT,bid,2220,11238.942
2024-09-16 12:47:07,ETHUSDT,bid,2250,4542.937
2024-09-16 12:48:28,ETHUSDT,bid,2230,5039.085
2024-09-16 12:48:29,ETHUSDT,bid,2230,5125.128
2024-09-16 12:48:29,ETHUSDT,bid,2250,4555.904
2024-09-16 12:48:29,ETHUSDT,bid,2220,4688.414
2024-09-16 12:49:04,ETHUSDT,bid,2220,4687.927
2024-09-16 12:49:11,ETHUSDT,bid,2210,5082.925
2024-09-16 12:49:38,ETHUSDT,bid,2230,5125.14
2024-09-16 12:50:23,ETHUSDT,bid,2220,4687.941
2024-09-16 12:50:23,ETHUSDT,bid,2230,4756.392
2024-09-16 12:50:45,ETHUSDT,bid,2230,4756.615
2024-09-16 12:51:01,ETHUSDT,bid,2240,10191.422
2024-09-16 12:51:09,ETHUSDT,bid,2220,11239.392
2024-09-16 12:52:04,ETHUSDT,bid,2220,11234.892
2024-09-16 12:52:09,ETHUSDT,bid,2230,4754.378
2024-09-16 12:52:23,ETHUSDT,bid,2250,4552.151
2024-09-16 12:53:19,ETHUSDT,bid,2230,5039.097
2024-09-16 12:53:20,ETHUSDT,bid,2230,5125.185
2024-09-16 12:54:06,ETHUSDT,bid,2220,11234.992
2024-09-16 12:54:53,ETHUSDT,bid,2220,4688.033
2024-09-16 12:55:03,ETHUSDT,bid,1950,5255.709
2024-09-16 12:56:01,ETHUSDT,bid,2250,4550.819
2024-09-16 12:56:09,ETHUSDT,bid,2220,11235.089
2024-09-16 12:57:06,ETHUSDT,bid,2220,11232.981
2024-09-16 12:57:20,ETHUSDT,bid,2220,4689.756
2024-09-16 12:57:23,ETHUSDT,bid,2230,4754.113
2024-09-16 12:57:40,ETHUSDT,bid,2230,5125.229
2024-09-16 12:58:00,ETHUSDT,bid,2230,5039.141
2024-09-16 12:58:01,ETHUSDT,bid,2230,5125.271
2024-09-16 12:58:13,ETHUSDT,ask,3040,3285.309
2024-09-16 12:59:30,ETHUSDT,bid,2230,5125.948
2024-09-16 13:00:01,ETHUSDT,bid,2210,5081.877
2024-09-16 13:00:06,ETHUSDT,bid,2220,4687.756
2024-09-16 13:00:15,ETHUSDT,bid,2230,4756.884
2024-09-16 13:00:26,ETHUSDT,bid,2240,10211.465
2024-09-16 13:00:41,ETHUSDT,bid,1960,5233.564
2024-09-16 13:00:41,ETHUSDT,bid,2210,5081.866
2024-09-16 13:01:12,ETHUSDT,bid,2220,4687.766
2024-09-16 13:01:15,ETHUSDT,bid,1700,6030.606
2024-09-16 13:01:18,ETHUSDT,bid,1960,5234.24
2024-09-16 13:01:19,ETHUSDT,bid,2230,5125.972
2024-09-16 13:02:16,ETHUSDT,bid,2220,4667.766
2024-09-16 13:02:53,ETHUSDT,bid,2230,5039.842
2024-09-16 13:02:54,ETHUSDT,bid,2230,5126.012
2024-09-16 13:03:12,ETHUSDT,bid,1950,5255.739
2024-09-16 13:03:20,ETHUSDT,bid,2220,11284.286
2024-09-16 13:03:26,ETHUSDT,bid,2250,4573.031
2024-09-16 13:03:30,ETHUSDT,bid,2250,4571.205
2024-09-16 13:04:28,ETHUSDT,bid,2230,4755.967
2024-09-16 13:04:41,ETHUSDT,bid,2240,10191.422
2024-09-16 13:05:37,ETHUSDT,bid,2220,11283.961
2024-09-16 13:06:34,ETHUSDT,bid,2250,4571.706
2024-09-16 13:06:45,ETHUSDT,bid,2250,4571.04
2024-09-16 13:07:03,ETHUSDT,bid,2220,4668.766
2024-09-16 13:07:40,ETHUSDT,bid,2230,5039.842
2024-09-16 13:07:41,ETHUSDT,bid,2230,5126.057
2024-09-16 13:07:43,ETHUSDT,bid,2220,11284.267
2024-09-16 13:08:14,ETHUSDT,bid,1700,6027.602
2024-09-16 13:08:35,ETHUSDT,bid,2230,4758.093
2024-09-16 13:09:54,ETHUSDT,bid,1780,5763.155
2024-09-16 13:10:00,ETHUSDT,bid,1680,8956.59
2024-09-16 13:11:15,ETHUSDT,bid,2230,4759.093
2024-09-16 13:11:37,ETHUSDT,bid,2230,4758.572
2024-09-16 13:12:19,ETHUSDT,bid,2230,4758.581
2024-09-16 13:12:25,ETHUSDT,bid,2230,5039.842
2024-09-16 13:12:26,ETHUSDT,bid,2230,5126.116
2024-09-16 13:12:26,ETHUSDT,bid,2220,11279.267
2024-09-16 13:12:29,ETHUSDT,bid,2240,10187.422
2024-09-16 13:13:07,ETHUSDT,bid,2230,4768.581
2024-09-16 13:13:17,ETHUSDT,bid,2230,4758.581
2024-09-16 13:13:48,ETHUSDT,bid,1740,5779.011
2024-09-16 13:13:54,ETHUSDT,bid,2220,4668.805
2024-09-16 13:14:26,ETHUSDT,bid,2220,11274.767
2024-09-16 13:14:35,ETHUSDT,bid,2250,4624.256
2024-09-16 13:14:56,ETHUSDT,bid,1960,5233.564
