2024-08-31 07:02:37,ETHUSDT,bid,1960,5207.908
2024-08-31 07:04:58,ETHUSDT,bid,2430,5173.185
2024-08-31 07:05:04,ETHUSDT,bid,2420,4459.644
2024-08-31 07:05:49,ETHUSDT,bid,2420,10144.747
2024-08-31 07:06:06,ETHUSDT,bid,2460,5076.249
2024-08-31 07:06:06,ETHUSDT,bid,2460,5076.263
2024-08-31 07:06:32,ETHUSDT,bid,2460,5076.563
2024-08-31 07:06:41,ETHUSDT,bid,2440,5193.178
2024-08-31 07:06:42,ETHUSDT,bid,2440,5191.248
2024-08-31 07:07:40,ETHUSDT,bid,2450,5159.77
2024-08-31 07:08:50,ETHUSDT,bid,2460,5076.644
2024-08-31 07:09:17,ETHUSDT,bid,2430,5173.485
2024-08-31 07:09:36,ETHUSDT,bid,2420,4459.025
2024-08-31 07:09:53,ETHUSDT,bid,2430,5174.101
2024-08-31 07:10:31,ETHUSDT,ask,2990,3383.812
2024-08-31 07:10:40,ETHUSDT,ask,3000,3323.379
2024-08-31 07:11:04,ETHUSDT,ask,3040,3301.742
2024-08-31 07:11:36,ETHUSDT,ask,3120,3196.975
2024-08-31 07:11:42,ETHUSDT,bid,2440,5158.574
2024-08-31 07:12:04,ETHUSDT,bid,2200,5069.928
2024-08-31 07:12:13,ETHUSDT,bid,2470,4108.732
2024-08-31 07:12:27,ETHUSDT,bid,2420,4177.469
2024-08-31 07:13:12,ETHUSDT,bid,2420,10131.018
2024-08-31 07:13:14,ETHUSDT,bid,2460,5078.114
2024-08-31 07:14:09,ETHUSDT,bid,2450,5159.824
2024-08-31 07:14:13,ETHUSDT,bid,2450,5159.77
2024-08-31 07:14:16,ETHUSDT,bid,2420,4132.079
2024-08-31 07:14:17,ETHUSDT,bid,2410,5126.171
2024-08-31 07:14:21,ETHUSDT,bid,2450,5159.817
2024-08-31 07:15:05,ETHUSDT,bid,2410,5126.141
2024-08-31 07:15:41,ETHUSDT,bid,2470,5168.566
2024-08-31 07:15:47,ETHUSDT,bid,2420,10130.797
2024-08-31 07:15:47,ETHUSDT,bid,2430,5173.88
2024-08-31 07:15:47,ETHUSDT,bid,2440,5158.353
2024-08-31 07:15:47,ETHUSDT,bid,2450,5159.596
2024-08-31 07:15:47,ETHUSDT,bid,2460,5077.893
2024-08-31 07:15:47,ETHUSDT,bid,2470,5168.345
2024-08-31 07:16:06,ETHUSDT,bid,2470,5168.145
2024-08-31 07:19:42,ETHUSDT,bid,2410,4162.963
2024-08-31 07:19:51,ETHUSDT,bid,2420,4459.066
2024-08-31 07:20:21,ETHUSDT,bid,2450,5159.799
2024-08-31 07:21:03,ETHUSDT,bid,1960,5205.357
2024-08-31 07:21:08,ETHUSDT,bid,2460,5078.907
2024-08-31 07:21:18,ETHUSDT,bid,2470,4108.718
2024-08-31 07:21:27,ETHUSDT,bid,1700,6068.194
2024-08-31 07:21:29,ETHUSDT,bid,2420,4458.946
2024-08-31 07:22:36,ETHUSDT,bid,2420,10130.944
2024-08-31 07:22:36,ETHUSDT,bid,2430,5174.027
2024-08-31 07:22:36,ETHUSDT,bid,2440,5158.5
2024-08-31 07:22:36,ETHUSDT,bid,2450,5159.946
2024-08-31 07:22:36,ETHUSDT,bid,2460,5079.054
2024-08-31 07:22:36,ETHUSDT,bid,2470,5168.292
2024-08-31 07:23:51,ETHUSDT,bid,2230,4489.878
2024-08-31 07:24:52,ETHUSDT,bid,2470,5168.308
2024-08-31 07:25:36,ETHUSDT,bid,2450,5159.896
2024-08-31 07:26:34,ETHUSDT,bid,2410,5125.877
2024-08-31 07:27:10,ETHUSDT,bid,2410,5125.897
2024-08-31 07:27:18,ETHUSDT,bid,2440,5086.015
2024-08-31 07:27:41,ETHUSDT,bid,2470,4111.718
2024-08-31 07:27:46,ETHUSDT,bid,2420,4458.446
2024-08-31 07:27:47,ETHUSDT,bid,2470,4108.718
2024-08-31 07:29:55,ETHUSDT,bid,2460,5078.631
2024-08-31 07:32:33,ETHUSDT,bid,2410,5127.469
2024-08-31 07:34:03,ETHUSDT,bid,2470,5168.145
2024-08-31 07:34:05,ETHUSDT,bid,2470,5171.145
2024-08-31 07:34:10,ETHUSDT,bid,2410,5125.897
2024-08-31 07:34:10,ETHUSDT,bid,2470,5168.145
2024-08-31 07:36:06,ETHUSDT,bid,2470,5165.594
2024-08-31 07:36:12,ETHUSDT,bid,2470,4111.718
2024-08-31 07:36:17,ETHUSDT,bid,2470,4108.718
2024-08-31 07:37:01,ETHUSDT,bid,2450,5159.849
2024-08-31 07:37:10,ETHUSDT,bid,2450,5160.251
2024-08-31 07:38:06,ETHUSDT,bid,2440,5085.853
2024-08-31 07:41:24,ETHUSDT,bid,2410,5124.12
2024-08-31 07:41:44,ETHUSDT,bid,2470,4130.944
2024-08-31 07:41:57,ETHUSDT,bid,2420,10130.954
2024-08-31 07:42:05,ETHUSDT,bid,2420,10130.944
2024-08-31 07:42:21,ETHUSDT,bid,2430,5174.113
2024-08-31 07:43:01,ETHUSDT,bid,2420,10130.954
2024-08-31 07:43:09,ETHUSDT,bid,2420,10130.944
2024-08-31 07:43:20,ETHUSDT,bid,2460,5078.617
2024-08-31 07:45:01,ETHUSDT,bid,2420,10130.974
2024-08-31 07:45:01,ETHUSDT,bid,2450,5160.28
2024-08-31 07:45:12,ETHUSDT,bid,2420,10130.949
2024-08-31 07:46:42,ETHUSDT,bid,2410,4264.906
2024-08-31 07:46:44,ETHUSDT,bid,2470,4108.718
2024-08-31 07:51:23,ETHUSDT,bid,2410,4162.963
2024-08-31 07:51:24,ETHUSDT,bid,2410,4265.105
2024-08-31 07:51:46,ETHUSDT,bid,2420,10130.792
2024-08-31 07:51:54,ETHUSDT,bid,2230,4489.897
2024-08-31 07:51:54,ETHUSDT,bid,2350,4510.483
2024-08-31 07:51:54,ETHUSDT,bid,2430,5174.131
2024-08-31 07:51:54,ETHUSDT,bid,2460,5078.634
2024-08-31 07:51:54,ETHUSDT,bid,2470,4108.735
2024-08-31 07:52:10,ETHUSDT,bid,2420,10130.802
2024-08-31 07:53:21,ETHUSDT,bid,2410,5124.111
2024-08-31 07:53:21,ETHUSDT,bid,2460,5078.625
2024-08-31 07:53:32,ETHUSDT,bid,2140,4745.038
2024-08-31 07:56:15,ETHUSDT,bid,2410,4162.963
2024-08-31 07:56:16,ETHUSDT,bid,2410,4265.298
2024-08-31 07:58:16,ETHUSDT,bid,2460,5079.547
2024-08-31 07:58:46,ETHUSDT,bid,2440,5087.882
2024-08-31 07:59:13,ETHUSDT,bid,2470,5165.594
2024-08-31 07:59:32,ETHUSDT,bid,2410,4265.333
2024-08-31 07:59:32,ETHUSDT,bid,2420,4458.481
2024-08-31 07:59:46,ETHUSDT,bid,2460,5080.547
2024-08-31 08:00:57,ETHUSDT,bid,2410,4162.998
2024-08-31 08:00:58,ETHUSDT,bid,2410,4265.523
2024-08-31 08:01:48,ETHUSDT,bid,2470,4124.901
2024-08-31 08:05:12,ETHUSDT,bid,2460,5110.956
2024-08-31 08:05:31,ETHUSDT,bid,2470,5165.635
2024-08-31 08:05:41,ETHUSDT,bid,2410,5124.141
2024-08-31 08:05:45,ETHUSDT,bid,2410,4162.998
2024-08-31 08:05:46,ETHUSDT,bid,2410,4265.701
2024-08-31 08:05:51,ETHUSDT,bid,2470,5165.993
2024-08-31 08:05:53,ETHUSDT,bid,2460,5111.004
2024-08-31 08:06:13,ETHUSDT,bid,2350,4502.547
2024-08-31 08:06:25,ETHUSDT,bid,2450,5160.324
2024-08-31 08:06:45,ETHUSDT,bid,2440,5087.93
2024-08-31 08:06:48,ETHUSDT,bid,2470,4108.735
2024-08-31 08:07:16,ETHUSDT,bid,2430,5174.177
2024-08-31 08:07:40,ETHUSDT,bid,2420,10130.842
2024-08-31 08:07:49,ETHUSDT,bid,2410,5119.141
2024-08-31 08:08:19,ETHUSDT,bid,2440,5088.13
2024-08-31 08:08:20,ETHUSDT,bid,2470,4118.1
2024-08-31 08:08:26,ETHUSDT,bid,2410,5119.186
2024-08-31 08:09:20,ETHUSDT,bid,2470,4108.735
2024-08-31 08:09:36,ETHUSDT,bid,2450,5161.079
2024-08-31 08:10:26,ETHUSDT,bid,2410,4162.998
2024-08-31 08:10:27,ETHUSDT,bid,2410,4265.898
2024-08-31 08:10:31,ETHUSDT,bid,2420,10130.813
2024-08-31 08:10:53,ETHUSDT,bid,2460,5080.595
2024-08-31 08:11:28,ETHUSDT,bid,2360,4294.606
2024-08-31 08:11:59,ETHUSDT,bid,2420,10130.823
2024-08-31 08:12:01,ETHUSDT,bid,2420,10131.853
2024-08-31 08:12:36,ETHUSDT,bid,2440,5113.13
2024-08-31 08:12:36,ETHUSDT,bid,2450,5161.092
2024-08-31 08:12:48,ETHUSDT,bid,2440,5113.146
2024-08-31 08:12:59,ETHUSDT,bid,2430,5174.195
2024-08-31 08:13:09,ETHUSDT,bid,2420,10131.886
2024-08-31 08:13:23,ETHUSDT,bid,2470,5165.635
2024-08-31 08:13:38,ETHUSDT,bid,2420,10130.856
2024-08-31 08:15:09,ETHUSDT,bid,2420,10130.866
2024-08-31 08:15:14,ETHUSDT,bid,2410,4266.728
2024-08-31 08:15:14,ETHUSDT,bid,2410,4163.828
2024-08-31 08:15:15,ETHUSDT,bid,2410,4266.924
2024-08-31 08:15:17,ETHUSDT,bid,2420,10130.856
2024-08-31 08:16:55,ETHUSDT,bid,2450,5161.997
2024-08-31 08:19:49,ETHUSDT,bid,2420,10130.866
2024-08-31 08:20:04,ETHUSDT,bid,2410,4163.828
2024-08-31 08:20:05,ETHUSDT,bid,2410,4267.119
2024-08-31 08:20:05,ETHUSDT,bid,2420,10130.856
2024-08-31 08:23:20,ETHUSDT,bid,2460,5089.983
2024-08-31 08:24:20,ETHUSDT,bid,2460,5080.595
2024-08-31 08:24:22,ETHUSDT,bid,2430,5169.38
2024-08-31 08:24:33,ETHUSDT,bid,2420,10134.817
2024-08-31 08:24:54,ETHUSDT,bid,2410,4163.828
2024-08-31 08:25:10,ETHUSDT,bid,2440,5111.102
2024-08-31 08:26:55,ETHUSDT,bid,2410,5119.234
2024-08-31 08:26:55,ETHUSDT,bid,2420,10134.865
2024-08-31 08:26:55,ETHUSDT,bid,2430,5169.428
2024-08-31 08:26:55,ETHUSDT,bid,2440,5111.15
2024-08-31 08:26:55,ETHUSDT,bid,2450,5162.044
2024-08-31 08:26:55,ETHUSDT,bid,2460,5080.642
2024-08-31 08:26:55,ETHUSDT,bid,2470,5165.682
2024-08-31 08:27:14,ETHUSDT,bid,2140,4745.056
2024-08-31 08:27:14,ETHUSDT,bid,2450,5162.062
2024-08-31 08:27:50,ETHUSDT,bid,2140,4745.038
2024-08-31 08:27:50,ETHUSDT,bid,2450,5162.044
2024-08-31 08:28:30,ETHUSDT,bid,2420,10134.841
2024-08-31 08:28:30,ETHUSDT,bid,2470,5165.659
2024-08-31 08:28:40,ETHUSDT,bid,2440,5111.16
2024-08-31 08:28:51,ETHUSDT,bid,2430,5169.438
2024-08-31 08:28:57,ETHUSDT,bid,2440,5111.15
2024-08-31 08:29:42,ETHUSDT,bid,2430,5169.202
2024-08-31 08:30:13,ETHUSDT,bid,2410,4162.38
2024-08-31 08:30:13,ETHUSDT,bid,2470,4111.735
2024-08-31 08:30:18,ETHUSDT,bid,2470,4108.735
2024-08-31 08:31:17,ETHUSDT,bid,2420,10134.941
2024-08-31 08:31:32,ETHUSDT,bid,2440,5126.15
2024-08-31 08:31:41,ETHUSDT,bid,2420,10134.841
2024-08-31 08:33:01,ETHUSDT,bid,2420,10138.926
2024-08-31 08:34:01,ETHUSDT,bid,2470,4111.025
2024-08-31 08:34:46,ETHUSDT,bid,2460,5080.803
2024-08-31 08:35:00,ETHUSDT,bid,2470,4108.735
2024-08-31 08:35:29,ETHUSDT,bid,2470,4122.205
2024-08-31 08:36:09,ETHUSDT,bid,2350,4505.547
2024-08-31 08:36:16,ETHUSDT,bid,2460,5080.793
2024-08-31 08:36:18,ETHUSDT,bid,2410,5116.234
2024-08-31 08:36:43,ETHUSDT,bid,2410,5113.234
2024-08-31 08:36:54,ETHUSDT,bid,2470,4125.205
2024-08-31 08:36:59,ETHUSDT,bid,2470,4122.205
2024-08-31 08:37:19,ETHUSDT,bid,2420,10138.936
2024-08-31 08:37:57,ETHUSDT,bid,2420,10138.953
2024-08-31 08:37:57,ETHUSDT,bid,2470,5165.676
2024-08-31 08:38:20,ETHUSDT,bid,2470,5243.344
2024-08-31 08:38:21,ETHUSDT,bid,2470,5293.789
2024-08-31 08:41:36,ETHUSDT,bid,2410,5112.82
2024-08-31 08:42:15,ETHUSDT,bid,2470,5293.816
2024-08-31 08:43:08,ETHUSDT,bid,2450,5160.008
2024-08-31 08:43:08,ETHUSDT,bid,2460,5078.765
2024-08-31 08:43:08,ETHUSDT,bid,2470,5291.796
2024-08-31 08:44:53,ETHUSDT,bid,2460,5080.184
2024-08-31 08:45:34,ETHUSDT,bid,2420,10138.963
2024-08-31 08:45:42,ETHUSDT,bid,2420,10138.953
2024-08-31 08:45:50,ETHUSDT,bid,2420,10138.963
2024-08-31 08:45:58,ETHUSDT,bid,2420,10138.953
2024-08-31 08:46:13,ETHUSDT,bid,2420,10138.963
2024-08-31 08:46:22,ETHUSDT,bid,2420,10138.953
2024-08-31 08:47:43,ETHUSDT,bid,2410,4162.151
2024-08-31 08:48:20,ETHUSDT,bid,2470,5214.128
2024-08-31 08:48:22,ETHUSDT,bid,2470,5163.683
2024-08-31 08:49:05,ETHUSDT,bid,2430,5169.549
2024-08-31 08:49:22,ETHUSDT,bid,2430,5159.549
2024-08-31 08:49:36,ETHUSDT,bid,2430,5159.036
2024-08-31 08:51:48,ETHUSDT,bid,2450,5160.4
2024-08-31 08:55:42,ETHUSDT,bid,2450,5159.586
2024-08-31 08:56:07,ETHUSDT,bid,2470,4122.407
2024-08-31 08:56:33,ETHUSDT,bid,2430,5158.47
2024-08-31 08:56:37,ETHUSDT,bid,2420,10133.953
2024-08-31 08:57:05,ETHUSDT,bid,2410,5112.72
2024-08-31 08:57:59,ETHUSDT,bid,2420,4508.481
2024-08-31 08:58:23,ETHUSDT,bid,2350,4506.256
2024-08-31 08:58:52,ETHUSDT,bid,2430,5158.551
2024-08-31 08:59:02,ETHUSDT,bid,2470,4108.937
2024-08-31 08:59:47,ETHUSDT,bid,2430,5159.444
2024-08-31 09:01:17,ETHUSDT,bid,2440,5126.513
2024-08-31 09:01:26,ETHUSDT,bid,2420,10133.963
2024-08-31 09:01:34,ETHUSDT,bid,2420,10133.953
2024-08-31 09:01:51,ETHUSDT,bid,1960,5205.33
2024-08-31 09:01:51,ETHUSDT,bid,2140,4745.011
2024-08-31 09:01:51,ETHUSDT,ask,2990,3452.981
2024-08-31 09:02:32,ETHUSDT,bid,2460,5080.534
2024-08-31 09:03:01,ETHUSDT,bid,2470,5161.86
2024-08-31 09:04:46,ETHUSDT,bid,1960,5205.36
2024-08-31 09:04:46,ETHUSDT,bid,2140,4745.041
2024-08-31 09:04:53,ETHUSDT,bid,2430,5158.418
2024-08-31 09:05:40,ETHUSDT,bid,2460,5080.611
2024-08-31 09:05:56,ETHUSDT,bid,2470,5161.94
2024-08-31 09:06:14,ETHUSDT,bid,2470,5161.967
2024-08-31 09:06:39,ETHUSDT,bid,2460,5081.046
2024-08-31 09:09:06,ETHUSDT,bid,2420,10136.014
2024-08-31 09:09:21,ETHUSDT,bid,2430,5157.525
2024-08-31 09:09:30,ETHUSDT,bid,2460,5080.696
2024-08-31 09:09:31,ETHUSDT,bid,2420,10133.953
2024-08-31 09:10:14,ETHUSDT,bid,2420,4508.491
2024-08-31 09:10:22,ETHUSDT,bid,2420,4508.481
2024-08-31 09:10:57,ETHUSDT,bid,2440,5126.513
2024-08-31 09:11:08,ETHUSDT,bid,2420,10133.912
2024-08-31 09:11:08,ETHUSDT,bid,2470,5161.927
2024-08-31 09:11:18,ETHUSDT,bid,2460,5081.101
2024-08-31 09:11:19,ETHUSDT,bid,2430,5158.025
2024-08-31 09:11:36,ETHUSDT,bid,2440,5126.713
2024-08-31 09:11:44,ETHUSDT,bid,2430,5158.225
2024-08-31 09:11:50,ETHUSDT,bid,2420,4508.491
2024-08-31 09:11:58,ETHUSDT,bid,2420,4508.481
2024-08-31 09:11:59,ETHUSDT,bid,2420,10134.112
2024-08-31 09:12:22,ETHUSDT,bid,2460,5081.201
2024-08-31 09:12:32,ETHUSDT,bid,2470,5162.027
2024-08-31 09:13:28,ETHUSDT,bid,2430,5158.267
2024-08-31 09:13:31,ETHUSDT,bid,2420,10130.151
2024-08-31 09:13:32,ETHUSDT,bid,2470,5162.057
2024-08-31 09:14:09,ETHUSDT,bid,2430,5156.267
2024-08-31 09:14:35,ETHUSDT,bid,2420,10128.111
2024-08-31 09:16:01,ETHUSDT,bid,2470,4108.947
2024-08-31 09:16:03,ETHUSDT,bid,2470,5162.158
2024-08-31 09:16:07,ETHUSDT,bid,2460,5081.606
2024-08-31 09:19:19,ETHUSDT,bid,2430,5156.225
2024-08-31 09:19:43,ETHUSDT,bid,2470,5162.258
2024-08-31 09:20:20,ETHUSDT,bid,2430,5156.626
2024-08-31 09:21:26,ETHUSDT,bid,2470,5162.137
2024-08-31 09:22:13,ETHUSDT,bid,2440,5126.35
2024-08-31 09:23:01,ETHUSDT,bid,2470,4112.988
2024-08-31 09:23:11,ETHUSDT,bid,2460,5084.606
2024-08-31 09:23:16,ETHUSDT,bid,2460,5081.606
2024-08-31 09:23:50,ETHUSDT,bid,2430,5156.646
2024-08-31 09:23:50,ETHUSDT,bid,2460,5081.626
2024-08-31 09:24:02,ETHUSDT,bid,2470,4108.947
2024-08-31 09:24:07,ETHUSDT,bid,2290,4377.567
2024-08-31 09:24:15,ETHUSDT,bid,2410,4162.14
2024-08-31 09:24:45,ETHUSDT,bid,2460,5082.05
2024-08-31 09:24:59,ETHUSDT,bid,2470,5158.097
2024-08-31 09:25:29,ETHUSDT,bid,2430,5160.752
2024-08-31 09:28:30,ETHUSDT,bid,2450,5159.749
2024-08-31 09:29:42,ETHUSDT,bid,2410,5110.72
2024-08-31 09:29:44,ETHUSDT,bid,2410,5106.72
2024-08-31 09:29:47,ETHUSDT,bid,2410,5100.72
2024-08-31 09:29:50,ETHUSDT,bid,2410,4162.155
2024-08-31 09:31:01,ETHUSDT,bid,2460,5082.156
2024-08-31 09:31:43,ETHUSDT,bid,2420,4132.089
2024-08-31 09:31:51,ETHUSDT,bid,2420,4132.079
2024-08-31 09:31:52,ETHUSDT,bid,2460,5082.214
2024-08-31 09:32:14,ETHUSDT,bid,2410,4160.155
2024-08-31 09:32:25,ETHUSDT,bid,2440,5127.15
2024-08-31 09:32:59,ETHUSDT,bid,2430,5159.752
2024-08-31 09:33:59,ETHUSDT,bid,2460,5083.319
2024-08-31 09:36:22,ETHUSDT,bid,2470,4108.867
2024-08-31 09:37:32,ETHUSDT,bid,2420,10127.905
2024-08-31 09:37:50,ETHUSDT,bid,2460,5083.328
2024-08-31 09:38:05,ETHUSDT,bid,2460,5083.319
2024-08-31 09:38:46,ETHUSDT,bid,1960,5205.377
2024-08-31 09:38:46,ETHUSDT,bid,2140,4745.058
2024-08-31 09:39:04,ETHUSDT,bid,2410,4160.164
2024-08-31 09:39:42,ETHUSDT,bid,2460,5083.569
2024-08-31 09:41:56,ETHUSDT,bid,2430,5158.52
2024-08-31 09:42:33,ETHUSDT,bid,2470,5157.097
2024-08-31 09:42:45,ETHUSDT,bid,2450,5162.114
2024-08-31 09:42:45,ETHUSDT,bid,2460,5085.924
2024-08-31 09:42:45,ETHUSDT,bid,2470,5159.443
2024-08-31 09:43:20,ETHUSDT,bid,2430,5157.52
2024-08-31 09:43:45,ETHUSDT,bid,2420,4132.089
2024-08-31 09:43:46,ETHUSDT,bid,2420,4132.099
2024-08-31 09:43:47,ETHUSDT,bid,2420,4132.109
2024-08-31 09:43:48,ETHUSDT,bid,2420,4132.119
2024-08-31 09:45:13,ETHUSDT,bid,2420,10121.611
2024-08-31 09:45:32,ETHUSDT,bid,2140,4745.04
2024-08-31 09:45:54,ETHUSDT,bid,2450,5160.893
2024-08-31 09:47:02,ETHUSDT,bid,2140,4745.059
2024-08-31 09:47:02,ETHUSDT,ask,2990,3452.995
2024-08-31 09:47:29,ETHUSDT,bid,2460,5085.972
2024-08-31 09:48:17,ETHUSDT,bid,2460,5088.972
2024-08-31 09:48:21,ETHUSDT,bid,2410,5100.634
2024-08-31 09:48:28,ETHUSDT,bid,2460,5085.972
2024-08-31 09:50:14,ETHUSDT,bid,2430,5160.52
2024-08-31 09:51:51,ETHUSDT,bid,2420,10121.601
2024-08-31 09:52:31,ETHUSDT,bid,2420,4508.491
2024-08-31 09:52:39,ETHUSDT,bid,2420,4508.481
2024-08-31 09:54:51,ETHUSDT,bid,2420,10121.584
2024-08-31 09:54:51,ETHUSDT,bid,2470,5159.426
2024-08-31 09:56:02,ETHUSDT,bid,2410,5207.607
2024-08-31 09:56:12,ETHUSDT,bid,2420,10120.584
2024-08-31 09:57:20,ETHUSDT,bid,2420,10120.519
2024-08-31 09:57:24,ETHUSDT,bid,2410,5207.577
2024-08-31 09:57:24,ETHUSDT,bid,2420,10120.549
2024-08-31 09:58:30,ETHUSDT,bid,2420,10123.549
2024-08-31 09:58:30,ETHUSDT,bid,2460,5085.924
2024-08-31 09:59:12,ETHUSDT,bid,2350,4505.547
2024-08-31 10:00:13,ETHUSDT,bid,2470,4108.885
2024-08-31 10:00:51,ETHUSDT,bid,2410,5100.604
2024-08-31 10:00:51,ETHUSDT,bid,2410,5207.757
2024-08-31 10:00:59,ETHUSDT,bid,2450,5158.528
2024-08-31 10:00:59,ETHUSDT,bid,2460,5083.569
2024-08-31 10:00:59,ETHUSDT,bid,2470,5157.08
2024-08-31 10:01:53,ETHUSDT,bid,2430,5161.02
2024-08-31 10:03:28,ETHUSDT,bid,2420,10127.672
2024-08-31 10:05:26,ETHUSDT,bid,2450,5158.548
2024-08-31 10:05:40,ETHUSDT,bid,2410,5100.604
2024-08-31 10:05:41,ETHUSDT,bid,2410,5207.934
2024-08-31 10:06:10,ETHUSDT,bid,2450,5158.64
2024-08-31 10:06:10,ETHUSDT,bid,2460,5083.661
2024-08-31 10:06:10,ETHUSDT,bid,2470,5157.172
2024-08-31 10:09:08,ETHUSDT,bid,2420,10127.662
2024-08-31 10:09:54,ETHUSDT,bid,2470,4108.885
2024-08-31 10:10:30,ETHUSDT,bid,2410,5100.604
2024-08-31 10:10:31,ETHUSDT,bid,2410,5208.113
2024-08-31 10:11:03,ETHUSDT,bid,2410,5208.137
2024-08-31 10:11:03,ETHUSDT,bid,2420,10127.685
2024-08-31 10:11:03,ETHUSDT,bid,2430,5161.043
2024-08-31 10:11:03,ETHUSDT,bid,2440,5127.173
2024-08-31 10:11:03,ETHUSDT,bid,2450,5158.663
2024-08-31 10:11:03,ETHUSDT,bid,2460,5083.684
2024-08-31 10:11:03,ETHUSDT,bid,2470,5157.195
2024-08-31 10:12:18,ETHUSDT,bid,2430,5161.031
2024-08-31 10:12:18,ETHUSDT,bid,2470,5157.183
2024-08-31 10:13:21,ETHUSDT,bid,2140,4745.098
2024-08-31 10:13:26,ETHUSDT,bid,2470,5161.995
2024-08-31 10:14:12,ETHUSDT,bid,2470,5162.356
2024-08-31 10:14:13,ETHUSDT,bid,2460,5114.066
2024-08-31 10:14:23,ETHUSDT,bid,2430,5186.42
2024-08-31 10:14:38,ETHUSDT,bid,2290,4369.286
2024-08-31 10:14:38,ETHUSDT,ask,2990,3383.837
2024-08-31 10:14:39,ETHUSDT,bid,2430,5161.031
2024-08-31 10:14:42,ETHUSDT,bid,2470,5162.413
2024-08-31 10:14:43,ETHUSDT,bid,2470,5162.644
2024-08-31 10:15:15,ETHUSDT,bid,2410,5100.628
2024-08-31 10:15:16,ETHUSDT,bid,2410,5208.31
2024-08-31 10:15:40,ETHUSDT,bid,2460,5117.066
2024-08-31 10:15:50,ETHUSDT,bid,2460,5114.066
2024-08-31 10:15:54,ETHUSDT,bid,2440,5133.56
2024-08-31 10:16:08,ETHUSDT,bid,2420,4132.129
2024-08-31 10:16:10,ETHUSDT,bid,2420,4132.139
2024-08-31 10:16:21,ETHUSDT,bid,2420,4132.149
2024-08-31 10:16:41,ETHUSDT,bid,2140,4745.114
2024-08-31 10:17:22,ETHUSDT,bid,2440,5127.173
2024-08-31 10:17:37,ETHUSDT,bid,2450,5167.091
2024-08-31 10:18:34,ETHUSDT,bid,2410,4160.184
2024-08-31 10:18:57,ETHUSDT,bid,2420,10126.685
2024-08-31 10:19:13,ETHUSDT,bid,2460,5083.684
2024-08-31 10:20:04,ETHUSDT,bid,2410,5100.628
2024-08-31 10:20:05,ETHUSDT,bid,2410,5208.485
2024-08-31 10:20:07,ETHUSDT,bid,2460,5086.684
2024-08-31 10:20:12,ETHUSDT,bid,2460,5083.684
2024-08-31 10:23:16,ETHUSDT,bid,2140,4745.075
2024-08-31 10:24:42,ETHUSDT,bid,2410,5100.628
2024-08-31 10:24:43,ETHUSDT,bid,2410,5208.664
2024-08-31 10:24:56,ETHUSDT,bid,2350,4505.441
2024-08-31 10:26:06,ETHUSDT,bid,2430,5160.928
2024-08-31 10:26:17,ETHUSDT,bid,2440,5125.944
2024-08-31 10:28:28,ETHUSDT,bid,2460,5083.674
2024-08-31 10:28:38,ETHUSDT,bid,2440,5126.144
2024-08-31 10:28:46,ETHUSDT,bid,2430,5160.951
2024-08-31 10:28:46,ETHUSDT,bid,2460,5083.697
2024-08-31 10:29:30,ETHUSDT,bid,2410,5100.628
2024-08-31 10:29:31,ETHUSDT,bid,2410,5208.85
2024-08-31 10:30:21,ETHUSDT,bid,2410,5210.043
2024-08-31 10:31:34,ETHUSDT,bid,2460,5071.527
2024-08-31 10:31:57,ETHUSDT,bid,2420,10126.675
2024-08-31 10:32:21,ETHUSDT,bid,2420,10126.867
2024-08-31 10:33:19,ETHUSDT,bid,2470,5165.953
2024-08-31 10:34:18,ETHUSDT,bid,2410,5101.821
2024-08-31 10:34:19,ETHUSDT,bid,2410,5210.227
2024-08-31 10:34:45,ETHUSDT,bid,1700,6068.447
2024-08-31 10:35:35,ETHUSDT,bid,2470,4109.885
2024-08-31 10:38:27,ETHUSDT,bid,2430,5164.192
2024-08-31 10:39:01,ETHUSDT,bid,2410,5273.531
2024-08-31 10:39:01,ETHUSDT,bid,2410,5450.981
2024-08-31 10:39:01,ETHUSDT,bid,2410,5470.893
2024-08-31 10:39:01,ETHUSDT,bid,2410,5471.391
2024-08-31 10:39:01,ETHUSDT,bid,2430,5164.172
2024-08-31 10:39:01,ETHUSDT,bid,2460,5071.507
2024-08-31 10:39:07,ETHUSDT,bid,2410,5362.985
2024-08-31 10:39:08,ETHUSDT,bid,2410,5471.573
2024-08-31 10:39:17,ETHUSDT,bid,2440,5126.164
2024-08-31 10:39:53,ETHUSDT,bid,2460,5071.709
2024-08-31 10:39:59,ETHUSDT,bid,2440,5126.144
2024-08-31 10:40:40,ETHUSDT,bid,2470,5165.97
2024-08-31 10:40:42,ETHUSDT,bid,2470,5165.994
2024-08-31 10:41:56,ETHUSDT,bid,2430,5164.222
2024-08-31 10:42:18,ETHUSDT,bid,2460,5071.822
2024-08-31 10:43:52,ETHUSDT,bid,2410,5362.985
2024-08-31 10:43:54,ETHUSDT,bid,2460,5081.183
2024-08-31 10:44:29,ETHUSDT,bid,2470,4132.112
2024-08-31 10:46:00,ETHUSDT,bid,2470,5186.169
2024-08-31 10:46:59,ETHUSDT,bid,2410,5362.734
2024-08-31 10:48:22,ETHUSDT,bid,2470,4132.123
2024-08-31 10:48:37,ETHUSDT,bid,2140,4745.098
2024-08-31 10:49:30,ETHUSDT,bid,2470,4109.896
2024-08-31 10:49:35,ETHUSDT,bid,2430,5165.129
2024-08-31 10:50:13,ETHUSDT,bid,2450,5167.552
2024-08-31 10:50:33,ETHUSDT,bid,2450,5167.091
2024-08-31 10:50:53,ETHUSDT,bid,2450,5167.666
2024-08-31 10:51:00,ETHUSDT,bid,2470,5165.994
2024-08-31 10:51:00,ETHUSDT,bid,2470,5186.169
2024-08-31 10:51:01,ETHUSDT,bid,2470,5185.771
2024-08-31 10:53:46,ETHUSDT,bid,2410,4171.773
2024-08-31 10:54:32,ETHUSDT,bid,2140,4745.125
2024-08-31 10:54:32,ETHUSDT,ask,2990,3453.014
2024-08-31 10:55:59,ETHUSDT,bid,2420,10126.455
2024-08-31 10:56:00,ETHUSDT,bid,2410,5300.853
2024-08-31 10:56:00,ETHUSDT,bid,2410,5221.118
2024-08-31 10:56:00,ETHUSDT,bid,2410,5102.068
2024-08-31 10:56:00,ETHUSDT,bid,2410,5101.57
2024-08-31 10:56:01,ETHUSDT,bid,2470,5165.596
2024-08-31 10:56:33,ETHUSDT,bid,2470,5165.696
2024-08-31 10:58:25,ETHUSDT,bid,2410,4160.184
2024-08-31 10:58:26,ETHUSDT,bid,2410,4171.793
2024-08-31 10:59:27,ETHUSDT,bid,2460,5081.383
2024-08-31 10:59:38,ETHUSDT,bid,2420,10121.095
2024-08-31 11:00:46,ETHUSDT,bid,2460,5081.668
2024-08-31 11:00:54,ETHUSDT,bid,2430,5163.129
2024-08-31 11:01:54,ETHUSDT,bid,2470,4110.115
2024-08-31 11:02:48,ETHUSDT,bid,2460,5072.307
2024-08-31 11:02:56,ETHUSDT,bid,2450,5170.486
2024-08-31 11:03:10,ETHUSDT,bid,2410,4160.184
2024-08-31 11:03:11,ETHUSDT,bid,2410,4171.813
2024-08-31 11:04:34,ETHUSDT,bid,2470,4123.588
2024-08-31 11:06:26,ETHUSDT,bid,2470,4123.369
2024-08-31 11:06:50,ETHUSDT,bid,2410,5101.52
2024-08-31 11:06:50,ETHUSDT,bid,2420,4508.381
2024-08-31 11:06:50,ETHUSDT,bid,2440,5126.124
2024-08-31 11:07:39,ETHUSDT,bid,2420,4507.467
2024-08-31 11:07:52,ETHUSDT,bid,2410,4160.184
2024-08-31 11:07:53,ETHUSDT,bid,2410,4171.833
2024-08-31 11:09:15,ETHUSDT,bid,2420,10121.079
2024-08-31 11:09:15,ETHUSDT,bid,2470,5165.68
2024-08-31 11:10:17,ETHUSDT,bid,2460,5075.307
2024-08-31 11:10:38,ETHUSDT,bid,2450,5173.486
2024-08-31 11:12:41,ETHUSDT,bid,2410,4160.184
2024-08-31 11:12:42,ETHUSDT,bid,2410,4171.853
2024-08-31 11:13:44,ETHUSDT,bid,2420,10120.404
2024-08-31 11:14:10,ETHUSDT,bid,2440,5126.301
2024-08-31 11:15:22,ETHUSDT,bid,2410,4171.75
2024-08-31 11:15:58,ETHUSDT,bid,2470,5167.18
2024-08-31 11:16:18,ETHUSDT,bid,2450,5174.112
2024-08-31 11:16:29,ETHUSDT,bid,2470,5167.735
2024-08-31 11:17:01,ETHUSDT,bid,2430,5167.235
2024-08-31 11:17:22,ETHUSDT,bid,2460,5075.368
2024-08-31 11:17:26,ETHUSDT,bid,2410,4160.081
2024-08-31 11:17:27,ETHUSDT,bid,2410,4171.77
2024-08-31 11:18:06,ETHUSDT,bid,2440,5126.819
2024-08-31 11:22:06,ETHUSDT,bid,2410,4160.081
2024-08-31 11:22:07,ETHUSDT,bid,2410,4171.79
2024-08-31 11:22:12,ETHUSDT,bid,2420,10120.254
2024-08-31 11:22:12,ETHUSDT,bid,2470,5167.585
2024-08-31 11:22:50,ETHUSDT,bid,2460,5075.388
2024-08-31 11:23:02,ETHUSDT,bid,2460,5075.368
2024-08-31 11:24:51,ETHUSDT,bid,2420,10107.902
2024-08-31 11:25:04,ETHUSDT,bid,2430,5166.834
2024-08-31 11:25:18,ETHUSDT,bid,2420,10107.917
2024-08-31 11:25:18,ETHUSDT,bid,2470,5167.599
2024-08-31 11:25:35,ETHUSDT,bid,2450,5174.027
2024-08-31 11:25:36,ETHUSDT,bid,2470,5162.702
2024-08-31 11:26:45,ETHUSDT,bid,2410,4160.081
2024-08-31 11:26:46,ETHUSDT,bid,2410,4171.811
2024-08-31 11:27:21,ETHUSDT,bid,2460,5076.104
2024-08-31 11:27:38,ETHUSDT,bid,2430,5165.834
2024-08-31 11:27:40,ETHUSDT,bid,2450,5173.027
2024-08-31 11:27:46,ETHUSDT,bid,2420,10106.917
2024-08-31 11:27:55,ETHUSDT,bid,2470,4109.896
2024-08-31 11:28:11,ETHUSDT,bid,2410,4172.011
2024-08-31 11:29:20,ETHUSDT,bid,2420,10106.927
2024-08-31 11:29:30,ETHUSDT,bid,2460,5074.999
2024-08-31 11:29:36,ETHUSDT,bid,2420,10106.917
2024-08-31 11:30:26,ETHUSDT,bid,2450,5208.35
2024-08-31 11:30:31,ETHUSDT,bid,2430,5162.834
2024-08-31 11:31:22,ETHUSDT,bid,2440,5126.799
2024-08-31 11:31:29,ETHUSDT,bid,2410,4160.281
2024-08-31 11:31:30,ETHUSDT,bid,2410,4172.031
2024-08-31 11:35:20,ETHUSDT,bid,2350,4374.373
2024-08-31 11:35:46,ETHUSDT,bid,2440,5127.987
2024-08-31 11:35:46,ETHUSDT,bid,2460,5073.82
2024-08-31 11:36:03,ETHUSDT,bid,2460,5074.32
2024-08-31 11:36:04,ETHUSDT,bid,2470,5164.719
2024-08-31 11:36:14,ETHUSDT,bid,2410,4160.281
2024-08-31 11:36:15,ETHUSDT,bid,2410,4172.051
2024-08-31 11:36:57,ETHUSDT,bid,2420,4132.139
2024-08-31 11:37:54,ETHUSDT,bid,2470,5169.493
2024-08-31 11:38:19,ETHUSDT,bid,2360,4294.564
2024-08-31 11:38:58,ETHUSDT,bid,2460,5074.5
2024-08-31 11:39:27,ETHUSDT,bid,2470,5167.476
2024-08-31 11:40:07,ETHUSDT,bid,2420,4132.129
2024-08-31 11:40:25,ETHUSDT,bid,2420,4507.042
2024-08-31 11:40:27,ETHUSDT,bid,2450,5208.269
2024-08-31 11:40:45,ETHUSDT,bid,2430,5162.813
2024-08-31 11:40:45,ETHUSDT,bid,2460,5074.479
2024-08-31 11:40:45,ETHUSDT,ask,2990,3452.993
2024-08-31 11:40:58,ETHUSDT,bid,2410,4160.281
2024-08-31 11:41:37,ETHUSDT,bid,2420,4132.119
2024-08-31 11:42:09,ETHUSDT,bid,2470,4128.082
2024-08-31 11:42:13,ETHUSDT,bid,2470,4146.268
2024-08-31 11:42:28,ETHUSDT,bid,2470,5167.976
2024-08-31 11:42:35,ETHUSDT,bid,2420,4132.109
2024-08-31 11:43:37,ETHUSDT,bid,2450,5208.106
2024-08-31 11:44:50,ETHUSDT,bid,2420,10106.817
2024-08-31 11:45:11,ETHUSDT,bid,2420,10106.791
2024-08-31 11:46:18,ETHUSDT,bid,2470,4149.268
2024-08-31 11:46:21,ETHUSDT,bid,2470,4131.082
2024-08-31 11:46:27,ETHUSDT,bid,2470,4112.896
2024-08-31 11:46:33,ETHUSDT,bid,2470,4109.896
2024-08-31 11:46:57,ETHUSDT,bid,2430,5162.749
2024-08-31 11:51:32,ETHUSDT,bid,2410,4160.244
2024-08-31 11:51:32,ETHUSDT,bid,2470,5167.939
2024-08-31 11:52:07,ETHUSDT,bid,2470,5173.066
2024-08-31 11:52:35,ETHUSDT,bid,2410,5102.348
2024-08-31 11:54:08,ETHUSDT,bid,2460,5074.489
2024-08-31 11:54:08,ETHUSDT,bid,2460,5074.479
2024-08-31 12:00:38,ETHUSDT,bid,2470,5173.048
2024-08-31 12:00:46,ETHUSDT,bid,1700,6068.147
2024-08-31 12:00:46,ETHUSDT,bid,2470,4112.896
2024-08-31 12:00:56,ETHUSDT,bid,2470,4109.896
2024-08-31 12:01:00,ETHUSDT,bid,2470,5173.209
2024-08-31 12:01:46,ETHUSDT,bid,2460,5075.016
2024-08-31 12:02:38,ETHUSDT,bid,2470,5168.397
2024-08-31 12:03:14,ETHUSDT,bid,2470,5168.397
2024-08-31 12:03:23,ETHUSDT,bid,2470,5168.424
2024-08-31 12:05:21,ETHUSDT,bid,2440,5128.737
2024-08-31 12:06:02,ETHUSDT,bid,2430,5162.546
2024-08-31 12:07:50,ETHUSDT,bid,2420,10106.8
2024-08-31 12:09:17,ETHUSDT,bid,2420,4132.099
2024-08-31 12:09:30,ETHUSDT,bid,2440,5128.705
2024-08-31 12:10:35,ETHUSDT,bid,2420,4132.089
2024-08-31 12:10:41,ETHUSDT,bid,2410,5100.716
2024-08-31 12:12:02,ETHUSDT,bid,2420,10106.81
2024-08-31 12:12:02,ETHUSDT,bid,2420,10106.82
2024-08-31 12:12:02,ETHUSDT,bid,2420,10106.83
2024-08-31 12:12:03,ETHUSDT,bid,2420,10106.84
2024-08-31 12:12:03,ETHUSDT,bid,2420,10106.85
2024-08-31 12:12:03,ETHUSDT,bid,2430,5162.349
2024-08-31 12:12:03,ETHUSDT,bid,2420,10106.86
2024-08-31 12:12:03,ETHUSDT,bid,2420,10106.87
2024-08-31 12:12:04,ETHUSDT,bid,2420,10106.88
2024-08-31 12:12:04,ETHUSDT,bid,2420,10106.89
2024-08-31 12:12:04,ETHUSDT,bid,2420,10106.9
2024-08-31 12:12:05,ETHUSDT,bid,2420,10106.91
2024-08-31 12:12:05,ETHUSDT,bid,2420,10106.92
2024-08-31 12:12:09,ETHUSDT,bid,2420,10106.93
2024-08-31 12:12:13,ETHUSDT,bid,2420,10106.94
2024-08-31 12:12:13,ETHUSDT,bid,2420,10106.95
2024-08-31 12:12:13,ETHUSDT,bid,2420,10106.96
2024-08-31 12:12:14,ETHUSDT,bid,2420,10106.97
2024-08-31 12:12:16,ETHUSDT,bid,2420,10106.98
2024-08-31 12:12:16,ETHUSDT,bid,2420,10106.99
2024-08-31 12:12:17,ETHUSDT,bid,2420,10107.0
2024-08-31 12:12:18,ETHUSDT,bid,2420,10107.01
2024-08-31 12:12:19,ETHUSDT,bid,2420,10107.02
2024-08-31 12:12:19,ETHUSDT,bid,2420,10107.03
2024-08-31 12:12:21,ETHUSDT,bid,2420,10107.04
2024-08-31 12:12:26,ETHUSDT,bid,2420,10107.05
2024-08-31 12:12:27,ETHUSDT,bid,2420,10107.06
2024-08-31 12:12:27,ETHUSDT,bid,2420,10107.07
2024-08-31 12:12:30,ETHUSDT,bid,2420,10107.08
2024-08-31 12:12:30,ETHUSDT,bid,2420,10107.09
2024-08-31 12:12:31,ETHUSDT,bid,2420,10107.1
2024-08-31 12:12:32,ETHUSDT,bid,2420,10107.11
2024-08-31 12:12:32,ETHUSDT,bid,2420,10107.12
2024-08-31 12:12:35,ETHUSDT,bid,2420,10107.13
2024-08-31 12:12:39,ETHUSDT,bid,2420,10107.14
2024-08-31 12:12:41,ETHUSDT,bid,2420,10107.15
2024-08-31 12:12:42,ETHUSDT,bid,2420,10107.16
2024-08-31 12:12:42,ETHUSDT,bid,2420,10107.17
2024-08-31 12:14:10,ETHUSDT,bid,2430,5158.243
2024-08-31 12:14:23,ETHUSDT,bid,1700,6068.115
2024-08-31 12:14:24,ETHUSDT,bid,1700,6068.063
2024-08-31 12:14:26,ETHUSDT,bid,2420,4132.079
2024-08-31 12:15:37,ETHUSDT,bid,2470,5168.414
2024-08-31 12:18:04,ETHUSDT,bid,2470,4123.369
2024-08-31 12:24:17,ETHUSDT,bid,2430,5158.445
2024-08-31 12:25:25,ETHUSDT,bid,2460,5074.712
2024-08-31 12:25:42,ETHUSDT,ask,2990,3383.779
2024-08-31 12:28:12,ETHUSDT,bid,2470,5168.387
2024-08-31 12:29:49,ETHUSDT,bid,2470,4136.841
2024-08-31 12:30:50,ETHUSDT,bid,2470,5168.716
2024-08-31 12:30:52,ETHUSDT,bid,2470,5168.736
2024-08-31 12:30:56,ETHUSDT,bid,2420,10107.18
2024-08-31 12:31:04,ETHUSDT,bid,2420,10107.17
2024-08-31 12:31:13,ETHUSDT,bid,2460,5078.763
2024-08-31 12:32:04,ETHUSDT,bid,2410,5100.731
2024-08-31 12:32:04,ETHUSDT,bid,2420,10107.185
2024-08-31 12:32:04,ETHUSDT,bid,2430,5158.46
2024-08-31 12:32:04,ETHUSDT,bid,2440,5128.72
2024-08-31 12:32:04,ETHUSDT,bid,2450,5208.121
2024-08-31 12:32:04,ETHUSDT,bid,2460,5078.778
2024-08-31 12:32:04,ETHUSDT,bid,2470,5168.751
2024-08-31 12:34:25,ETHUSDT,bid,2420,10107.214
2024-08-31 12:34:38,ETHUSDT,bid,2140,4745.098
2024-08-31 12:35:48,ETHUSDT,bid,2440,5129.72
2024-08-31 12:36:26,ETHUSDT,bid,2460,5074.727
2024-08-31 12:36:50,ETHUSDT,bid,2420,4508.051
2024-08-31 12:36:55,ETHUSDT,bid,2470,5176.629
2024-08-31 12:36:56,ETHUSDT,bid,2420,10107.224
2024-08-31 12:37:04,ETHUSDT,bid,2420,10107.214
2024-08-31 12:37:47,ETHUSDT,bid,2430,5155.938
2024-08-31 12:38:33,ETHUSDT,bid,2140,4745.173
2024-08-31 12:40:16,ETHUSDT,bid,2470,5178.647
2024-08-31 12:41:26,ETHUSDT,bid,2410,5100.755
2024-08-31 12:41:26,ETHUSDT,bid,2420,10107.238
2024-08-31 12:41:26,ETHUSDT,bid,2430,5155.962
2024-08-31 12:41:26,ETHUSDT,bid,2440,5129.744
2024-08-31 12:41:26,ETHUSDT,bid,2450,5208.145
2024-08-31 12:41:26,ETHUSDT,bid,2460,5074.751
2024-08-31 12:41:26,ETHUSDT,bid,2470,5178.671
2024-08-31 12:41:27,ETHUSDT,bid,2470,4123.368
2024-08-31 12:43:37,ETHUSDT,bid,2420,10107.218
2024-08-31 12:43:37,ETHUSDT,bid,2420,10107.198
2024-08-31 12:43:37,ETHUSDT,bid,2420,10107.188
2024-08-31 12:43:49,ETHUSDT,bid,2470,5176.653
2024-08-31 12:45:13,ETHUSDT,bid,2450,5207.145
2024-08-31 12:45:49,ETHUSDT,bid,2420,10103.065
2024-08-31 12:47:00,ETHUSDT,bid,2420,10107.597
2024-08-31 12:47:14,ETHUSDT,bid,2450,5208.145
2024-08-31 12:47:28,ETHUSDT,bid,2410,5101.755
2024-08-31 12:47:50,ETHUSDT,bid,2420,10103.065
2024-08-31 12:48:33,ETHUSDT,bid,2430,5155.107
2024-08-31 12:48:55,ETHUSDT,bid,2410,5101.74
2024-08-31 12:48:55,ETHUSDT,bid,2420,10103.05
2024-08-31 12:48:55,ETHUSDT,bid,2430,5155.092
2024-08-31 12:48:55,ETHUSDT,bid,2440,5129.729
2024-08-31 12:48:55,ETHUSDT,bid,2450,5208.13
2024-08-31 12:48:55,ETHUSDT,bid,2460,5074.736
2024-08-31 12:48:55,ETHUSDT,bid,2470,5176.638
2024-08-31 12:49:12,ETHUSDT,bid,2430,5155.069
2024-08-31 12:49:12,ETHUSDT,bid,2460,5074.713
2024-08-31 12:49:27,ETHUSDT,ask,3090,3227.04
2024-08-31 12:53:09,ETHUSDT,bid,2360,4294.526
2024-08-31 12:53:11,ETHUSDT,bid,2470,4109.896
2024-08-31 12:55:02,ETHUSDT,bid,2140,4745.151
2024-08-31 12:56:08,ETHUSDT,bid,2420,10103.06
2024-08-31 12:56:10,ETHUSDT,bid,2470,5181.534
2024-08-31 12:56:16,ETHUSDT,bid,2420,10103.05
2024-08-31 12:58:49,ETHUSDT,bid,2470,5187.316
2024-08-31 12:59:22,ETHUSDT,bid,2470,5181.534
2024-08-31 12:59:51,ETHUSDT,bid,2470,5233.934
2024-08-31 13:00:11,ETHUSDT,bid,2470,5181.534
2024-08-31 13:00:28,ETHUSDT,bid,2470,4109.596
2024-08-31 13:00:28,ETHUSDT,bid,2460,5072.127
2024-08-31 13:01:47,ETHUSDT,bid,2460,5072.622
2024-08-31 13:02:24,ETHUSDT,bid,2470,5188.798
2024-08-31 13:03:03,ETHUSDT,bid,2430,5155.479
2024-08-31 13:03:08,ETHUSDT,bid,2420,10103.02
2024-08-31 13:03:08,ETHUSDT,bid,2450,5208.101
2024-08-31 13:03:23,ETHUSDT,bid,2420,10103.612
2024-08-31 13:06:24,ETHUSDT,bid,2410,5113.895
2024-08-31 13:06:39,ETHUSDT,bid,2470,5181.534
2024-08-31 13:10:52,ETHUSDT,bid,2430,5154.61
2024-08-31 13:11:06,ETHUSDT,bid,2450,5208.124
2024-08-31 13:11:09,ETHUSDT,bid,2410,5101.74
2024-08-31 13:11:10,ETHUSDT,bid,2410,5113.914
2024-08-31 13:11:14,ETHUSDT,bid,2430,5154.59
2024-08-31 13:12:32,ETHUSDT,bid,2430,5154.61
2024-08-31 13:15:03,ETHUSDT,bid,2460,5071.7
2024-08-31 13:15:48,ETHUSDT,bid,2410,5083.914
2024-08-31 13:15:58,ETHUSDT,bid,2410,5071.74
2024-08-31 13:15:58,ETHUSDT,bid,2410,5083.933
2024-08-31 13:17:57,ETHUSDT,bid,2420,10103.594
2024-08-31 13:17:57,ETHUSDT,bid,2470,5181.517
2024-08-31 13:20:40,ETHUSDT,bid,2410,5071.74
2024-08-31 13:20:41,ETHUSDT,bid,2410,5083.953
2024-08-31 13:23:46,ETHUSDT,bid,2410,5083.999
2024-08-31 13:24:13,ETHUSDT,bid,2470,5181.532
2024-08-31 13:24:25,ETHUSDT,bid,2430,5154.2
2024-08-31 13:25:21,ETHUSDT,bid,2410,5071.786
2024-08-31 13:25:22,ETHUSDT,bid,2410,5084.018
2024-08-31 13:26:00,ETHUSDT,bid,2410,4162.299
2024-08-31 13:29:22,ETHUSDT,bid,2470,5181.556
2024-08-31 13:30:06,ETHUSDT,bid,2410,5071.786
2024-08-31 13:30:07,ETHUSDT,bid,2410,5084.038
2024-08-31 13:31:05,ETHUSDT,bid,2420,10103.604
2024-08-31 13:31:13,ETHUSDT,bid,2420,10103.594
2024-08-31 13:32:11,ETHUSDT,bid,2420,4508.04
2024-08-31 13:32:30,ETHUSDT,bid,2410,4160.244
2024-08-31 13:34:49,ETHUSDT,bid,2410,5071.786
2024-08-31 13:34:50,ETHUSDT,bid,2410,5084.057
2024-08-31 13:35:22,ETHUSDT,bid,2450,5209.416
2024-08-31 13:38:19,ETHUSDT,bid,2470,5181.565
2024-08-31 13:38:59,ETHUSDT,bid,2460,5071.205
2024-08-31 13:39:33,ETHUSDT,bid,2410,5071.786
2024-08-31 13:39:34,ETHUSDT,bid,2410,5084.076
2024-08-31 13:40:03,ETHUSDT,bid,2410,5084.731
2024-08-31 13:40:18,ETHUSDT,bid,2430,5154.5
2024-08-31 13:41:37,ETHUSDT,bid,2410,5086.01
2024-08-31 13:41:37,ETHUSDT,bid,2420,10104.868
2024-08-31 13:41:37,ETHUSDT,bid,2430,5155.769
2024-08-31 13:41:37,ETHUSDT,bid,2440,5130.993
2024-08-31 13:41:37,ETHUSDT,bid,2450,5210.674
2024-08-31 13:41:37,ETHUSDT,bid,2460,5072.458
2024-08-31 13:41:37,ETHUSDT,bid,2470,5182.813
2024-08-31 13:42:11,ETHUSDT,bid,2470,5182.822
2024-08-31 13:42:36,ETHUSDT,bid,2410,5084.731
2024-08-31 13:42:36,ETHUSDT,bid,2420,10103.594
2024-08-31 13:42:36,ETHUSDT,bid,2430,5154.5
2024-08-31 13:42:36,ETHUSDT,bid,2440,5129.729
2024-08-31 13:42:36,ETHUSDT,bid,2450,5209.416
2024-08-31 13:42:36,ETHUSDT,bid,2460,5071.205
2024-08-31 13:42:36,ETHUSDT,bid,2470,5181.574
2024-08-31 13:42:48,ETHUSDT,bid,2430,5154.514
2024-08-31 13:42:53,ETHUSDT,bid,2470,5181.565
2024-08-31 13:44:15,ETHUSDT,bid,2410,5072.441
2024-08-31 13:44:16,ETHUSDT,bid,2410,5084.75
2024-08-31 13:44:25,ETHUSDT,bid,2460,5071.225
2024-08-31 13:45:00,ETHUSDT,bid,2410,5084.095
2024-08-31 13:45:45,ETHUSDT,bid,2410,5086.095
2024-08-31 13:47:01,ETHUSDT,bid,2410,5125.57
2024-08-31 13:47:01,ETHUSDT,bid,2410,5205.308
2024-08-31 13:49:02,ETHUSDT,bid,2410,5192.999
2024-08-31 13:49:03,ETHUSDT,bid,2410,5205.327
2024-08-31 13:50:08,ETHUSDT,bid,2410,5206.606
2024-08-31 13:50:08,ETHUSDT,bid,2420,10104.868
2024-08-31 13:50:08,ETHUSDT,bid,2430,5155.783
2024-08-31 13:50:08,ETHUSDT,bid,2440,5130.993
2024-08-31 13:50:08,ETHUSDT,bid,2450,5210.674
2024-08-31 13:50:08,ETHUSDT,bid,2460,5072.478
2024-08-31 13:50:08,ETHUSDT,bid,2470,5182.813
2024-08-31 13:50:14,ETHUSDT,bid,2470,5182.452
2024-08-31 13:50:22,ETHUSDT,bid,2470,5182.425
2024-08-31 13:50:27,ETHUSDT,bid,2470,5182.194
2024-08-31 13:51:00,ETHUSDT,bid,2410,5186.694
2024-08-31 13:51:13,ETHUSDT,bid,2470,5198.332
2024-08-31 13:52:21,ETHUSDT,bid,2450,5207.854
2024-08-31 13:52:34,ETHUSDT,bid,2430,5156.834
2024-08-31 13:52:53,ETHUSDT,bid,2450,5208.654
2024-08-31 13:53:00,ETHUSDT,bid,2410,5087.393
2024-08-31 13:53:08,ETHUSDT,bid,2470,5199.121
2024-08-31 13:53:16,ETHUSDT,bid,2470,5198.332
2024-08-31 13:53:31,ETHUSDT,bid,2470,5199.037
2024-08-31 13:53:45,ETHUSDT,bid,2410,5075.065
2024-08-31 13:53:46,ETHUSDT,bid,2410,5087.412
2024-08-31 13:53:47,ETHUSDT,bid,2420,10103.219
2024-08-31 13:53:49,ETHUSDT,bid,2430,5158.066
2024-08-31 13:53:54,ETHUSDT,bid,2460,5073.183
2024-08-31 13:53:59,ETHUSDT,bid,2470,5209.332
2024-08-31 13:54:13,ETHUSDT,bid,2450,5210.064
2024-08-31 13:54:24,ETHUSDT,bid,2430,5158.076
2024-08-31 13:54:37,ETHUSDT,bid,2430,5158.026
2024-08-31 13:55:39,ETHUSDT,bid,2250,4496.613
2024-08-31 13:56:13,ETHUSDT,bid,2470,5193.194
2024-08-31 13:58:01,ETHUSDT,bid,2440,5131.095
2024-08-31 13:58:01,ETHUSDT,bid,2470,4109.698
2024-08-31 13:58:27,ETHUSDT,bid,2410,5075.065
2024-08-31 14:00:16,ETHUSDT,bid,2440,5133.095
2024-08-31 14:02:01,ETHUSDT,bid,2470,5206.35
2024-08-31 14:02:01,ETHUSDT,bid,2470,5209.835
2024-08-31 14:02:01,ETHUSDT,bid,2470,5213.092
2024-08-31 14:02:17,ETHUSDT,bid,2440,5133.127
2024-08-31 14:02:18,ETHUSDT,bid,2440,5133.095
2024-08-31 14:02:18,ETHUSDT,bid,2440,5133.127
2024-08-31 14:02:18,ETHUSDT,bid,2440,5133.095
2024-08-31 14:02:19,ETHUSDT,bid,2440,5133.127
2024-08-31 14:02:19,ETHUSDT,bid,2440,5133.095
2024-08-31 14:02:49,ETHUSDT,bid,2460,5076.183
2024-08-31 14:02:54,ETHUSDT,bid,2460,5073.183
2024-08-31 14:03:00,ETHUSDT,bid,2470,5210.806
2024-08-31 14:03:00,ETHUSDT,bid,2470,5208.289
2024-08-31 14:03:00,ETHUSDT,bid,2470,5193.194
2024-08-31 14:03:01,ETHUSDT,bid,2460,5074.233
2024-08-31 14:04:40,ETHUSDT,bid,2430,5158.056
2024-08-31 14:04:40,ETHUSDT,bid,2460,5074.263
2024-08-31 14:05:00,ETHUSDT,bid,2430,5158.466
2024-08-31 14:05:55,ETHUSDT,bid,2470,5193.317
2024-08-31 14:06:18,ETHUSDT,bid,2420,10103.209
2024-08-31 14:06:24,ETHUSDT,bid,2420,10103.199
2024-08-31 14:06:41,ETHUSDT,bid,2470,5193.302
2024-08-31 14:06:46,ETHUSDT,bid,2440,5133.086
2024-08-31 14:07:45,ETHUSDT,bid,2420,4508.05
2024-08-31 14:07:53,ETHUSDT,bid,2420,4508.04
2024-08-31 14:08:05,ETHUSDT,bid,2420,10103.189
2024-08-31 14:08:05,ETHUSDT,bid,2420,10103.179
2024-08-31 14:09:08,ETHUSDT,bid,2420,10103.169
2024-08-31 14:09:16,ETHUSDT,bid,2420,10103.159
2024-08-31 14:09:17,ETHUSDT,bid,2420,10103.139
2024-08-31 14:10:07,ETHUSDT,bid,2420,10103.129
2024-08-31 14:10:23,ETHUSDT,bid,2420,10103.099
2024-08-31 14:10:23,ETHUSDT,bid,2420,10103.089
2024-08-31 14:10:35,ETHUSDT,bid,2420,10103.079
2024-08-31 14:10:35,ETHUSDT,bid,2420,10103.059
2024-08-31 14:10:48,ETHUSDT,bid,2470,5192.973
2024-08-31 14:10:53,ETHUSDT,bid,2420,10103.049
2024-08-31 14:10:53,ETHUSDT,bid,2420,10103.039
2024-08-31 14:10:59,ETHUSDT,bid,2450,5210.39
2024-08-31 14:11:07,ETHUSDT,bid,2420,10103.029
2024-08-31 14:11:20,ETHUSDT,bid,2420,10103.019
2024-08-31 14:11:21,ETHUSDT,bid,2420,10103.009
2024-08-31 14:11:35,ETHUSDT,bid,2420,10102.919
2024-08-31 14:11:40,ETHUSDT,bid,2420,10102.909
2024-08-31 14:11:41,ETHUSDT,bid,2420,10102.899
2024-08-31 14:13:36,ETHUSDT,bid,2440,5137.052
2024-08-31 14:14:39,ETHUSDT,bid,2460,5073.828
2024-08-31 14:15:11,ETHUSDT,bid,2420,10104.178
2024-08-31 14:15:27,ETHUSDT,bid,2470,5254.373
2024-08-31 14:16:01,ETHUSDT,bid,2470,4129.698
2024-08-31 14:17:18,ETHUSDT,bid,2460,5076.828
2024-08-31 14:17:29,ETHUSDT,bid,2460,5073.828
2024-08-31 14:17:36,ETHUSDT,bid,2450,5210.451
2024-08-31 14:17:40,ETHUSDT,bid,2470,5244.078
2024-08-31 14:18:13,ETHUSDT,bid,2470,5182.678
2024-08-31 14:18:21,ETHUSDT,bid,2460,5076.828
2024-08-31 14:18:26,ETHUSDT,bid,2460,5073.828
2024-08-31 14:18:50,ETHUSDT,bid,2250,4496.603
2024-08-31 14:19:56,ETHUSDT,bid,2460,5073.808
2024-08-31 14:20:03,ETHUSDT,bid,2450,5212.7
2024-08-31 14:20:07,ETHUSDT,bid,2410,4160.307
2024-08-31 14:20:15,ETHUSDT,bid,2140,4745.139
2024-08-31 14:20:21,ETHUSDT,bid,2470,5183.478
2024-08-31 14:21:37,ETHUSDT,bid,2470,5183.923
2024-08-31 14:21:57,ETHUSDT,bid,2410,5075.015
2024-08-31 14:22:09,ETHUSDT,bid,2460,5073.504
2024-08-31 14:24:17,ETHUSDT,bid,2410,5075.043
2024-08-31 14:24:17,ETHUSDT,bid,2440,5137.08
2024-08-31 14:24:17,ETHUSDT,bid,2470,5183.951
2024-08-31 14:24:19,ETHUSDT,bid,2470,5197.402
2024-08-31 14:24:50,ETHUSDT,bid,2450,5213.626
2024-08-31 14:24:57,ETHUSDT,bid,2440,5137.161
2024-08-31 14:25:18,ETHUSDT,bid,1700,6068.032
2024-08-31 14:25:18,ETHUSDT,bid,1960,5205.346
2024-08-31 14:25:18,ETHUSDT,bid,2140,4745.108
2024-08-31 14:25:54,ETHUSDT,bid,1940,5148.01
2024-08-31 14:28:06,ETHUSDT,bid,2140,4745.139
2024-08-31 14:28:29,ETHUSDT,ask,2990,3452.999
2024-08-31 14:30:11,ETHUSDT,bid,2420,4508.44
2024-08-31 14:30:35,ETHUSDT,bid,2460,5073.489
2024-08-31 14:30:44,ETHUSDT,bid,2440,5135.161
2024-08-31 14:32:06,ETHUSDT,bid,2420,10107.136
2024-08-31 14:32:19,ETHUSDT,bid,2470,4126.995
2024-08-31 14:32:24,ETHUSDT,bid,2430,5154.77
2024-08-31 14:33:58,ETHUSDT,bid,2470,5215.557
2024-08-31 14:34:01,ETHUSDT,bid,2410,5074.998
2024-08-31 14:34:02,ETHUSDT,bid,2420,10107.096
2024-08-31 14:34:04,ETHUSDT,bid,2430,5154.724
2024-08-31 14:34:09,ETHUSDT,bid,2440,5135.113
2024-08-31 14:34:20,ETHUSDT,bid,2140,4744.92
2024-08-31 14:34:42,ETHUSDT,bid,2420,10111.596
2024-08-31 14:34:43,ETHUSDT,bid,2450,5213.582
2024-08-31 14:34:48,ETHUSDT,bid,2420,4508.14
2024-08-31 14:34:53,ETHUSDT,bid,2420,10107.096
2024-08-31 14:35:08,ETHUSDT,bid,2470,5216.057
2024-08-31 14:35:10,ETHUSDT,bid,2410,5072.928
2024-08-31 14:35:12,ETHUSDT,bid,2440,5135.443
2024-08-31 14:35:16,ETHUSDT,bid,2460,5072.439
2024-08-31 14:35:17,ETHUSDT,bid,2460,5072.939
2024-08-31 14:35:26,ETHUSDT,bid,2450,5214.182
2024-08-31 14:37:41,ETHUSDT,bid,2440,5138.979
2024-08-31 14:37:57,ETHUSDT,bid,2440,5135.443
2024-08-31 14:38:14,ETHUSDT,bid,2470,5197.902
2024-08-31 14:38:49,ETHUSDT,bid,2450,5220.186
2024-08-31 14:39:10,ETHUSDT,bid,2420,10108.596
2024-08-31 14:40:05,ETHUSDT,bid,2430,5154.744
2024-08-31 14:40:05,ETHUSDT,bid,2460,5072.959
2024-08-31 14:40:12,ETHUSDT,bid,2450,5214.182
2024-08-31 14:40:56,ETHUSDT,bid,2420,10105.638
2024-08-31 14:41:10,ETHUSDT,bid,2450,5219.202
2024-08-31 14:42:18,ETHUSDT,bid,2430,5154.658
2024-08-31 14:42:22,ETHUSDT,bid,2460,5075.959
2024-08-31 14:42:33,ETHUSDT,bid,2460,5072.959
2024-08-31 14:42:43,ETHUSDT,ask,2990,3363.562
2024-08-31 14:42:45,ETHUSDT,bid,2410,5072.904
2024-08-31 14:42:45,ETHUSDT,bid,2420,10105.615
2024-08-31 14:42:45,ETHUSDT,bid,2430,5154.635
2024-08-31 14:42:45,ETHUSDT,bid,2440,5135.42
2024-08-31 14:42:45,ETHUSDT,bid,2450,5219.179
2024-08-31 14:42:45,ETHUSDT,bid,2460,5072.936
2024-08-31 14:42:45,ETHUSDT,bid,2470,5197.879
2024-08-31 14:43:51,ETHUSDT,bid,2470,5196.379
2024-08-31 14:44:24,ETHUSDT,bid,2250,4498.603
2024-08-31 14:44:51,ETHUSDT,bid,2250,4497.103
2024-08-31 14:45:52,ETHUSDT,bid,1960,5205.329
2024-08-31 14:45:52,ETHUSDT,bid,2140,4744.903
2024-08-31 14:46:33,ETHUSDT,bid,2420,4508.15
2024-08-31 14:46:41,ETHUSDT,bid,2420,4508.14
2024-08-31 14:47:13,ETHUSDT,bid,2460,5075.936
2024-08-31 14:47:24,ETHUSDT,bid,2460,5072.936
2024-08-31 14:47:50,ETHUSDT,bid,2470,5182.928
2024-08-31 14:49:52,ETHUSDT,bid,2470,4126.995
2024-08-31 14:51:22,ETHUSDT,bid,2470,5246.128
2024-08-31 14:51:37,ETHUSDT,bid,2410,5072.954
2024-08-31 14:51:37,ETHUSDT,bid,2420,10105.665
2024-08-31 14:51:37,ETHUSDT,bid,2430,5154.685
2024-08-31 14:51:37,ETHUSDT,bid,2440,5135.47
2024-08-31 14:51:37,ETHUSDT,bid,2450,5219.229
2024-08-31 14:51:37,ETHUSDT,bid,2460,5072.986
2024-08-31 14:51:37,ETHUSDT,bid,2470,5246.178
2024-08-31 14:52:15,ETHUSDT,bid,2470,5182.978
2024-08-31 14:52:22,ETHUSDT,bid,2460,5075.986
2024-08-31 14:52:38,ETHUSDT,bid,2460,5072.986
2024-08-31 14:56:24,ETHUSDT,bid,2450,5214.209
2024-08-31 14:58:07,ETHUSDT,bid,2410,5072.904
2024-08-31 14:58:07,ETHUSDT,bid,2420,10105.615
2024-08-31 14:58:07,ETHUSDT,bid,2430,5154.635
2024-08-31 14:58:07,ETHUSDT,bid,2440,5135.42
2024-08-31 14:58:07,ETHUSDT,bid,2450,5214.159
2024-08-31 14:58:07,ETHUSDT,bid,2460,5072.936
2024-08-31 14:58:07,ETHUSDT,bid,2470,5182.928
2024-08-31 15:00:09,ETHUSDT,bid,2470,4143.506
2024-08-31 15:01:39,ETHUSDT,bid,2420,10105.409
2024-08-31 15:01:39,ETHUSDT,bid,2430,5154.648
2024-08-31 15:03:51,ETHUSDT,bid,2430,5155.272
2024-08-31 15:10:57,ETHUSDT,bid,2420,10105.422
2024-08-31 15:10:57,ETHUSDT,bid,2470,5182.941
2024-08-31 15:11:00,ETHUSDT,bid,2140,4745.122
2024-08-31 15:13:45,ETHUSDT,bid,2420,4508.15
2024-08-31 15:13:50,ETHUSDT,bid,2420,4499.617
2024-08-31 15:14:01,ETHUSDT,bid,2420,4499.607
2024-08-31 15:14:09,ETHUSDT,bid,2420,4499.617
2024-08-31 15:14:18,ETHUSDT,bid,2420,4499.607
2024-08-31 15:14:29,ETHUSDT,bid,2460,5072.888
2024-08-31 15:14:32,ETHUSDT,bid,2470,5182.9
2024-08-31 15:19:21,ETHUSDT,bid,2430,5155.07
2024-08-31 15:22:25,ETHUSDT,bid,2460,5067.888
2024-08-31 15:23:04,ETHUSDT,bid,2430,5155.156
2024-08-31 15:24:46,ETHUSDT,bid,2420,10105.409
2024-08-31 15:24:46,ETHUSDT,bid,2470,5182.887
2024-08-31 15:24:47,ETHUSDT,bid,2450,5211.523
2024-08-31 15:27:35,ETHUSDT,bid,2450,5215.523
2024-08-31 15:27:44,ETHUSDT,bid,2360,4294.579
2024-08-31 15:30:00,ETHUSDT,bid,2470,4126.995
2024-08-31 15:31:12,ETHUSDT,bid,2430,5155.142
2024-08-31 15:31:35,ETHUSDT,bid,2420,10105.47
2024-08-31 15:31:35,ETHUSDT,bid,2450,5215.584
2024-08-31 15:32:49,ETHUSDT,bid,2420,10105.676
2024-08-31 15:33:20,ETHUSDT,bid,2460,5070.888
2024-08-31 15:33:26,ETHUSDT,bid,2460,5067.888
2024-08-31 15:34:06,ETHUSDT,bid,2430,5155.092
2024-08-31 15:34:22,ETHUSDT,bid,2440,5135.437
2024-08-31 15:34:23,ETHUSDT,bid,2440,5135.454
2024-08-31 15:34:33,ETHUSDT,bid,2440,5135.42
2024-08-31 15:34:34,ETHUSDT,bid,2440,5135.454
2024-08-31 15:34:44,ETHUSDT,bid,2440,5135.437
2024-08-31 15:34:45,ETHUSDT,bid,2440,5135.437
2024-08-31 15:34:46,ETHUSDT,bid,2440,5135.454
2024-08-31 15:34:56,ETHUSDT,bid,2440,5135.42
2024-08-31 15:36:36,ETHUSDT,bid,2350,4374.394
2024-08-31 15:36:48,ETHUSDT,bid,2250,4497.125
2024-08-31 15:36:59,ETHUSDT,bid,2420,10105.615
2024-08-31 15:36:59,ETHUSDT,bid,2450,5215.523
2024-08-31 15:38:57,ETHUSDT,bid,2420,10113.656
2024-08-31 15:39:12,ETHUSDT,bid,2470,4165.995
2024-08-31 15:39:16,ETHUSDT,bid,2470,4214.995
2024-08-31 15:39:18,ETHUSDT,bid,2470,4313.995
2024-08-31 15:39:18,ETHUSDT,bid,2470,4392.995
2024-08-31 15:39:24,ETHUSDT,bid,2470,4126.995
2024-08-31 15:40:01,ETHUSDT,bid,2470,5215.261
2024-08-31 15:40:01,ETHUSDT,bid,2470,5220.278
2024-08-31 15:40:11,ETHUSDT,bid,2440,5135.454
2024-08-31 15:40:14,ETHUSDT,bid,2410,5072.804
2024-08-31 15:40:14,ETHUSDT,bid,2430,5155.032
2024-08-31 15:40:21,ETHUSDT,bid,2440,5135.437
2024-08-31 15:40:22,ETHUSDT,bid,2440,5135.42
2024-08-31 15:42:38,ETHUSDT,bid,2460,5070.888
2024-08-31 15:42:43,ETHUSDT,bid,2460,5067.888
2024-08-31 15:43:21,ETHUSDT,bid,2430,5156.263
2024-08-31 15:43:56,ETHUSDT,bid,1960,5212.982
2024-08-31 15:44:01,ETHUSDT,bid,2460,5068.863
2024-08-31 15:44:35,ETHUSDT,bid,2470,5220.452
2024-08-31 15:44:48,ETHUSDT,bid,2440,5135.46
2024-08-31 15:44:51,ETHUSDT,bid,2440,5135.42
2024-08-31 15:44:58,ETHUSDT,bid,2430,5155.032
2024-08-31 15:45:00,ETHUSDT,bid,2440,5135.828
2024-08-31 15:46:00,ETHUSDT,bid,2460,5067.888
2024-08-31 15:46:00,ETHUSDT,bid,2470,5215.435
2024-08-31 15:46:00,ETHUSDT,bid,2470,5183.061
2024-08-31 15:46:44,ETHUSDT,bid,2420,4499.207
2024-08-31 15:48:01,ETHUSDT,bid,2070,4819.071
2024-08-31 15:49:00,ETHUSDT,bid,2460,5067.708
2024-08-31 15:50:42,ETHUSDT,bid,2430,5154.032
2024-08-31 15:51:01,ETHUSDT,bid,2470,5184.061
2024-08-31 15:51:03,ETHUSDT,bid,2430,5154.799
2024-08-31 15:51:23,ETHUSDT,bid,2420,10113.77
2024-08-31 15:51:53,ETHUSDT,bid,2430,5125.484
2024-08-31 15:51:58,ETHUSDT,bid,2430,5126.484
2024-08-31 15:52:43,ETHUSDT,bid,2460,5067.942
2024-08-31 15:52:57,ETHUSDT,bid,2410,5070.804
2024-08-31 15:54:17,ETHUSDT,bid,2420,4503.707
2024-08-31 15:54:27,ETHUSDT,bid,2420,4499.207
2024-08-31 15:55:10,ETHUSDT,bid,2470,5183.061
2024-08-31 15:55:35,ETHUSDT,bid,2460,5068.165
2024-08-31 15:57:01,ETHUSDT,bid,2470,5185.433
2024-08-31 15:57:07,ETHUSDT,bid,2430,5126.464
2024-08-31 15:57:07,ETHUSDT,bid,2460,5068.145
2024-08-31 15:57:21,ETHUSDT,bid,2450,5180.2
2024-08-31 15:58:00,ETHUSDT,bid,2470,5183.061
2024-08-31 15:58:15,ETHUSDT,bid,2450,5189.858
2024-08-31 15:58:15,ETHUSDT,bid,2470,4145.179
2024-08-31 15:58:16,ETHUSDT,bid,2470,4163.363
2024-08-31 15:58:36,ETHUSDT,bid,2410,5070.921
2024-08-31 15:58:39,ETHUSDT,bid,2470,5183.869
2024-08-31 15:59:01,ETHUSDT,bid,2410,5128.822
2024-08-31 15:59:01,ETHUSDT,bid,2410,5271.415
2024-08-31 15:59:01,ETHUSDT,bid,2410,5331.587
2024-08-31 15:59:01,ETHUSDT,bid,2410,5332.085
2024-08-31 15:59:11,ETHUSDT,bid,2410,4160.317
2024-08-31 15:59:16,ETHUSDT,bid,2470,4163.345
2024-08-31 16:00:00,ETHUSDT,bid,2410,5282.232
2024-08-31 16:00:00,ETHUSDT,bid,2410,5242.92
2024-08-31 16:00:00,ETHUSDT,bid,2410,5238.94
2024-08-31 16:00:08,ETHUSDT,bid,2470,5193.869
2024-08-31 16:00:10,ETHUSDT,bid,2410,5236.94
2024-08-31 16:00:34,ETHUSDT,bid,2420,4136.579
2024-08-31 16:00:39,ETHUSDT,bid,2420,4132.079
2024-08-31 16:01:34,ETHUSDT,bid,2440,5137.872
2024-08-31 16:01:51,ETHUSDT,bid,2460,5068.645
2024-08-31 16:01:55,ETHUSDT,bid,2430,5125.557
2024-08-31 16:02:00,ETHUSDT,bid,2410,5183.008
2024-08-31 16:02:00,ETHUSDT,bid,2430,5128.757
2024-08-31 16:02:00,ETHUSDT,bid,2410,5069.419
2024-08-31 16:02:00,ETHUSDT,bid,2410,5068.921
2024-08-31 16:02:21,ETHUSDT,bid,2460,5068.145
2024-08-31 16:02:31,ETHUSDT,bid,2470,4145.161
2024-08-31 16:02:32,ETHUSDT,bid,2460,5068.645
2024-08-31 16:02:35,ETHUSDT,bid,2470,4126.977
2024-08-31 16:03:06,ETHUSDT,bid,2410,5068.921
2024-08-31 16:03:15,ETHUSDT,bid,2440,5139.098
2024-08-31 16:03:30,ETHUSDT,bid,2450,5191.894
2024-08-31 16:04:04,ETHUSDT,bid,2460,5072.645
2024-08-31 16:05:12,ETHUSDT,bid,2430,5128.727
2024-08-31 16:05:12,ETHUSDT,bid,2460,5072.615
2024-08-31 16:05:17,ETHUSDT,bid,2360,4294.526
2024-08-31 16:05:34,ETHUSDT,bid,2360,4294.579
2024-08-31 16:06:45,ETHUSDT,bid,2470,5193.061
2024-08-31 16:06:55,ETHUSDT,bid,2410,5073.921
2024-08-31 16:07:13,ETHUSDT,bid,2460,5072.645
2024-08-31 16:07:46,ETHUSDT,bid,2410,4160.427
2024-08-31 16:08:45,ETHUSDT,bid,2470,5195.504
2024-08-31 16:08:48,ETHUSDT,bid,2410,5073.885
2024-08-31 16:08:50,ETHUSDT,bid,2420,10113.742
2024-08-31 16:08:59,ETHUSDT,bid,2460,5075.099
2024-08-31 16:09:06,ETHUSDT,bid,2440,5154.098
2024-08-31 16:09:30,ETHUSDT,bid,2460,5072.645
2024-08-31 16:09:57,ETHUSDT,bid,2460,5074.671
2024-08-31 16:10:29,ETHUSDT,bid,2420,4503.707
2024-08-31 16:10:32,ETHUSDT,bid,2420,10114.718
2024-08-31 16:10:34,ETHUSDT,bid,2420,4499.207
2024-08-31 16:11:27,ETHUSDT,bid,2420,4503.707
2024-08-31 16:11:37,ETHUSDT,bid,2420,4499.207
2024-08-31 16:11:58,ETHUSDT,bid,2420,10114.523
2024-08-31 16:12:36,ETHUSDT,bid,2470,5193.061
2024-08-31 16:13:18,ETHUSDT,bid,2460,5075.371
2024-08-31 16:13:30,ETHUSDT,bid,2410,4160.437
2024-08-31 16:13:30,ETHUSDT,bid,2460,5073.345
2024-08-31 16:13:34,ETHUSDT,bid,2470,5193.869
2024-08-31 16:13:48,ETHUSDT,bid,2450,5192.597
2024-08-31 16:14:15,ETHUSDT,bid,2450,5192.964
2024-08-31 16:14:15,ETHUSDT,bid,2460,5073.711
2024-08-31 16:14:15,ETHUSDT,bid,2470,5194.233
2024-08-31 16:15:51,ETHUSDT,bid,2410,4160.427
2024-08-31 16:16:30,ETHUSDT,bid,2470,4147.181
2024-08-31 16:16:31,ETHUSDT,bid,2470,4107.181
2024-08-31 16:17:02,ETHUSDT,bid,2470,4097.064
2024-08-31 16:17:28,ETHUSDT,bid,2470,5212.233
2024-08-31 16:17:36,ETHUSDT,bid,2470,5194.233
2024-08-31 16:17:46,ETHUSDT,bid,2470,5195.04
2024-08-31 16:18:03,ETHUSDT,bid,2450,5193.798
2024-08-31 16:19:05,ETHUSDT,bid,2450,5196.798
2024-08-31 16:19:11,ETHUSDT,bid,2450,5193.798
2024-08-31 16:19:19,ETHUSDT,bid,2470,5194.233
2024-08-31 16:19:59,ETHUSDT,bid,2460,5076.954
2024-08-31 16:20:00,ETHUSDT,bid,2460,5083.441
2024-08-31 16:20:04,ETHUSDT,bid,2470,5196.233
2024-08-31 16:20:14,ETHUSDT,bid,2450,5196.798
2024-08-31 16:20:20,ETHUSDT,bid,2450,5193.798
2024-08-31 16:20:32,ETHUSDT,bid,2420,10113.547
2024-08-31 16:20:49,ETHUSDT,bid,2450,5201.798
2024-08-31 16:20:56,ETHUSDT,bid,2460,5084.441
2024-08-31 16:20:57,ETHUSDT,bid,2450,5202.0
2024-08-31 16:21:09,ETHUSDT,bid,2470,4090.564
2024-08-31 16:21:30,ETHUSDT,bid,2470,4070.36
2024-08-31 16:21:38,ETHUSDT,bid,2450,5205.0
2024-08-31 16:21:48,ETHUSDT,bid,2450,5202.0
2024-08-31 16:21:52,ETHUSDT,bid,2460,5084.017
2024-08-31 16:22:01,ETHUSDT,bid,2430,5136.727
2024-08-31 16:22:01,ETHUSDT,bid,2450,5194.0
2024-08-31 16:23:01,ETHUSDT,bid,2410,4161.916
2024-08-31 16:23:31,ETHUSDT,bid,2420,10114.396
2024-08-31 16:23:43,ETHUSDT,bid,2460,5083.783
2024-08-31 16:23:44,ETHUSDT,bid,2470,5196.242
2024-08-31 16:24:52,ETHUSDT,bid,2460,5086.783
2024-08-31 16:24:55,ETHUSDT,bid,2410,5074.017
2024-08-31 16:24:57,ETHUSDT,bid,2470,5196.267
2024-08-31 16:26:17,ETHUSDT,bid,2450,5197.8
2024-08-31 16:26:29,ETHUSDT,bid,2470,5195.459
2024-08-31 16:28:29,ETHUSDT,bid,2450,5197.809
2024-08-31 16:28:36,ETHUSDT,bid,2430,5134.263
2024-08-31 16:29:28,ETHUSDT,bid,2440,5156.142
2024-08-31 16:29:41,ETHUSDT,bid,2420,10114.441
2024-08-31 16:29:50,ETHUSDT,bid,2430,5135.084
2024-08-31 16:31:04,ETHUSDT,bid,2450,5188.151
2024-08-31 16:31:11,ETHUSDT,bid,2440,5155.812
2024-08-31 16:31:13,ETHUSDT,bid,2420,10124.219
2024-08-31 16:31:33,ETHUSDT,bid,2460,5077.053
2024-08-31 16:32:06,ETHUSDT,bid,2450,5187.784
2024-08-31 16:32:06,ETHUSDT,bid,2460,5076.687
2024-08-31 16:32:06,ETHUSDT,bid,2470,5195.095
2024-08-31 16:32:55,ETHUSDT,bid,2420,10114.441
2024-08-31 16:33:34,ETHUSDT,bid,2140,4733.761
2024-08-31 16:33:44,ETHUSDT,bid,2430,5135.207
2024-08-31 16:33:44,ETHUSDT,bid,2460,5090.193
2024-08-31 16:34:16,ETHUSDT,bid,2410,5074.017
2024-08-31 16:34:44,ETHUSDT,bid,2450,5186.95
2024-08-31 16:35:01,ETHUSDT,bid,2460,5092.72
2024-08-31 16:35:01,ETHUSDT,bid,2460,5105.929
2024-08-31 16:35:01,ETHUSDT,bid,2460,5109.199
2024-08-31 16:36:00,ETHUSDT,bid,2460,5108.224
2024-08-31 16:37:00,ETHUSDT,bid,2460,5105.697
2024-08-31 16:37:00,ETHUSDT,bid,2460,5090.193
2024-08-31 16:37:03,ETHUSDT,ask,2990,3363.362
2024-08-31 16:38:05,ETHUSDT,bid,2430,5134.207
2024-08-31 16:39:12,ETHUSDT,bid,2410,4161.906
2024-08-31 16:39:21,ETHUSDT,bid,2470,5195.195
2024-08-31 16:40:00,ETHUSDT,bid,2250,4496.625
2024-08-31 16:40:41,ETHUSDT,bid,2410,5074.027
2024-08-31 16:40:45,ETHUSDT,bid,2410,5087.813
2024-08-31 16:41:17,ETHUSDT,bid,2410,5087.789
2024-08-31 16:41:17,ETHUSDT,bid,2420,10114.417
2024-08-31 16:41:17,ETHUSDT,bid,2430,5134.183
2024-08-31 16:41:17,ETHUSDT,bid,2440,5155.788
2024-08-31 16:41:17,ETHUSDT,bid,2450,5186.926
2024-08-31 16:41:17,ETHUSDT,bid,2460,5090.169
2024-08-31 16:41:17,ETHUSDT,bid,2470,5195.171
2024-08-31 16:41:43,ETHUSDT,bid,2430,5198.183
2024-08-31 16:42:09,ETHUSDT,bid,2470,4076.404
2024-08-31 16:42:09,ETHUSDT,bid,2470,4075.411
2024-08-31 16:42:31,ETHUSDT,bid,2410,4162.113
2024-08-31 16:44:05,ETHUSDT,bid,2450,5186.967
2024-08-31 16:44:21,ETHUSDT,bid,2420,10113.837
2024-08-31 16:44:21,ETHUSDT,bid,2470,5194.603
2024-08-31 16:44:57,ETHUSDT,bid,2140,4735.261
2024-08-31 16:46:02,ETHUSDT,bid,2420,10114.481
2024-08-31 16:46:02,ETHUSDT,bid,2470,5195.234
2024-08-31 16:46:04,ETHUSDT,bid,2460,5090.063
2024-08-31 16:46:56,ETHUSDT,bid,2420,4503.707
2024-08-31 16:47:01,ETHUSDT,bid,2420,4499.207
2024-08-31 16:47:48,ETHUSDT,bid,2470,5195.384
2024-08-31 16:47:54,ETHUSDT,bid,2420,10114.631
2024-08-31 16:48:51,ETHUSDT,bid,2420,10114.797
2024-08-31 16:50:18,ETHUSDT,bid,2410,5087.799
2024-08-31 16:50:19,ETHUSDT,bid,2470,5195.925
2024-08-31 16:50:20,ETHUSDT,bid,2430,5198.17
2024-08-31 16:50:26,ETHUSDT,bid,2410,5087.789
2024-08-31 16:50:52,ETHUSDT,bid,2430,5198.183
2024-08-31 16:51:15,ETHUSDT,bid,2420,4399.207
2024-08-31 16:51:34,ETHUSDT,bid,2460,5094.115
2024-08-31 16:52:10,ETHUSDT,bid,2430,5198.817
2024-08-31 16:52:28,ETHUSDT,bid,2470,5206.425
2024-08-31 16:52:28,ETHUSDT,bid,2470,5210.867
2024-08-31 16:52:28,ETHUSDT,bid,2470,4071.369
2024-08-31 16:52:28,ETHUSDT,bid,2470,4070.36
2024-08-31 16:52:30,ETHUSDT,bid,2430,5195.617
2024-08-31 16:52:34,ETHUSDT,bid,2460,5090.063
2024-08-31 16:52:54,ETHUSDT,bid,2460,5090.163
2024-08-31 16:53:18,ETHUSDT,bid,2410,5085.394
2024-08-31 16:53:48,ETHUSDT,bid,2250,4497.767
2024-08-31 16:54:05,ETHUSDT,bid,2440,5157.423
2024-08-31 16:54:05,ETHUSDT,bid,2440,5155.788
2024-08-31 16:55:31,ETHUSDT,bid,2470,5215.311
2024-08-31 16:55:54,ETHUSDT,bid,2460,5090.406
2024-08-31 16:56:55,ETHUSDT,bid,2450,5186.976
2024-08-31 16:57:05,ETHUSDT,bid,2420,4520.757
2024-08-31 16:57:13,ETHUSDT,bid,2460,5076.9
2024-08-31 16:57:52,ETHUSDT,bid,2430,5195.667
2024-08-31 16:57:55,ETHUSDT,bid,2460,5077.199
2024-08-31 16:58:25,ETHUSDT,bid,2460,5080.616
2024-08-31 16:58:28,ETHUSDT,bid,2450,5186.584
2024-08-31 16:58:37,ETHUSDT,bid,2450,5190.004
2024-08-31 16:58:53,ETHUSDT,bid,2440,5155.888
2024-08-31 16:58:54,ETHUSDT,bid,2440,5169.502
2024-08-31 16:59:08,ETHUSDT,bid,2420,10114.605
2024-08-31 16:59:45,ETHUSDT,bid,2470,5215.419
2024-08-31 17:01:02,ETHUSDT,bid,2140,4735.251
2024-08-31 17:01:02,ETHUSDT,bid,2450,5189.994
2024-08-31 17:01:14,ETHUSDT,bid,2470,5230.471
2024-08-31 17:01:33,ETHUSDT,bid,2460,5080.393
2024-08-31 17:01:49,ETHUSDT,bid,2420,4399.207
2024-08-31 17:01:50,ETHUSDT,bid,2420,4520.885
2024-08-31 17:04:12,ETHUSDT,bid,2410,5071.608
2024-08-31 17:04:33,ETHUSDT,bid,2470,4071.408
2024-08-31 17:04:47,ETHUSDT,bid,2450,5192.288
2024-08-31 17:05:53,ETHUSDT,bid,2420,4520.985
2024-08-31 17:05:57,ETHUSDT,bid,2450,5191.533
2024-08-31 17:06:26,ETHUSDT,bid,2420,10114.491
2024-08-31 17:06:40,ETHUSDT,bid,2420,4399.307
2024-08-31 17:06:41,ETHUSDT,bid,2420,4521.12
2024-08-31 17:07:14,ETHUSDT,bid,2420,10113.815
2024-08-31 17:07:14,ETHUSDT,bid,2450,5192.209
2024-08-31 17:08:10,ETHUSDT,bid,2470,5235.471
2024-08-31 17:08:15,ETHUSDT,bid,2410,5071.598
2024-08-31 17:08:52,ETHUSDT,bid,2460,5083.043
2024-08-31 17:08:54,ETHUSDT,bid,2470,5236.485
2024-08-31 17:09:04,ETHUSDT,bid,2470,5235.471
2024-08-31 17:09:27,ETHUSDT,bid,2470,4071.706
2024-08-31 17:09:31,ETHUSDT,bid,2410,5070.319
2024-08-31 17:09:31,ETHUSDT,bid,2420,10112.541
2024-08-31 17:09:31,ETHUSDT,bid,2430,5194.398
2024-08-31 17:09:31,ETHUSDT,bid,2440,5168.238
2024-08-31 17:09:31,ETHUSDT,bid,2450,5190.951
2024-08-31 17:09:31,ETHUSDT,bid,2460,5081.79
2024-08-31 17:09:31,ETHUSDT,bid,2470,5234.223
2024-08-31 17:09:59,ETHUSDT,bid,2430,5194.598
2024-08-31 17:11:20,ETHUSDT,bid,2420,4399.307
2024-08-31 17:11:21,ETHUSDT,bid,2420,4521.257
2024-08-31 17:11:35,ETHUSDT,bid,2470,5229.779
2024-08-31 17:13:34,ETHUSDT,bid,2470,4071.557
2024-08-31 17:13:48,ETHUSDT,bid,2470,4071.408
2024-08-31 17:14:18,ETHUSDT,bid,2410,4161.027
2024-08-31 17:14:29,ETHUSDT,bid,2450,5190.961
2024-08-31 17:15:40,ETHUSDT,bid,2420,4520.248
2024-08-31 17:16:11,ETHUSDT,bid,2420,4398.298
2024-08-31 17:16:12,ETHUSDT,bid,2420,4520.398
2024-08-31 17:16:38,ETHUSDT,bid,2470,5223.721
2024-08-31 17:16:38,ETHUSDT,bid,2470,5214.837
2024-08-31 17:17:18,ETHUSDT,bid,2450,5199.778
2024-08-31 17:17:54,ETHUSDT,bid,2470,5216.467
2024-08-31 17:18:01,ETHUSDT,bid,2450,5226.304
2024-08-31 17:18:01,ETHUSDT,bid,2450,5301.048
2024-08-31 17:18:01,ETHUSDT,bid,2450,5311.165
2024-08-31 17:18:01,ETHUSDT,bid,2450,5311.41
2024-08-31 17:18:32,ETHUSDT,bid,2420,4514.205
2024-08-31 17:18:48,ETHUSDT,bid,2420,4522.461
2024-08-31 17:18:54,ETHUSDT,bid,2450,5321.593
2024-08-31 17:19:00,ETHUSDT,bid,2450,5319.635
2024-08-31 17:19:07,ETHUSDT,bid,2470,5216.437
2024-08-31 17:19:21,ETHUSDT,bid,2420,4522.561
2024-08-31 17:20:00,ETHUSDT,bid,2450,5295.609
2024-08-31 17:20:00,ETHUSDT,bid,2450,5269.083
2024-08-31 17:20:00,ETHUSDT,bid,2450,5249.748
2024-08-31 17:20:00,ETHUSDT,bid,2450,5210.206
2024-08-31 17:20:00,ETHUSDT,bid,2450,5209.961
2024-08-31 17:20:04,ETHUSDT,bid,2470,5219.667
2024-08-31 17:20:42,ETHUSDT,bid,2450,5211.341
2024-08-31 17:21:01,ETHUSDT,bid,2420,4400.461
2024-08-31 17:21:02,ETHUSDT,bid,2420,4522.718
2024-08-31 17:21:55,ETHUSDT,bid,2420,10112.641
2024-08-31 17:22:16,ETHUSDT,bid,2440,5154.624
2024-08-31 17:24:04,ETHUSDT,bid,2470,5219.695
2024-08-31 17:24:05,ETHUSDT,bid,2440,5154.496
2024-08-31 17:24:08,ETHUSDT,bid,2470,4073.429
2024-08-31 17:25:07,ETHUSDT,bid,2470,4131.924
2024-08-31 17:25:38,ETHUSDT,bid,2470,5219.895
2024-08-31 17:25:42,ETHUSDT,bid,2460,5082.09
2024-08-31 17:25:48,ETHUSDT,bid,2450,5211.641
2024-08-31 17:25:49,ETHUSDT,bid,2420,4400.461
2024-08-31 17:25:50,ETHUSDT,bid,2420,4522.868
2024-08-31 17:26:06,ETHUSDT,bid,2440,5154.996
2024-08-31 17:26:30,ETHUSDT,bid,2410,5078.6
2024-08-31 17:26:50,ETHUSDT,bid,2420,4132.089
2024-08-31 17:26:51,ETHUSDT,bid,2420,4132.099
2024-08-31 17:26:52,ETHUSDT,bid,2420,4132.109
2024-08-31 17:26:53,ETHUSDT,bid,2420,4132.119
2024-08-31 17:26:53,ETHUSDT,bid,2420,4132.129
2024-08-31 17:26:53,ETHUSDT,bid,2420,4132.139
2024-08-31 17:26:55,ETHUSDT,bid,2420,4132.149
2024-08-31 17:27:13,ETHUSDT,bid,2470,4073.429
2024-08-31 17:28:17,ETHUSDT,bid,2450,5211.756
2024-08-31 17:28:19,ETHUSDT,bid,2470,4071.408
2024-08-31 17:29:25,ETHUSDT,bid,2470,5220.703
2024-08-31 17:30:36,ETHUSDT,bid,2420,4400.461
2024-08-31 17:30:37,ETHUSDT,bid,2420,4523.019
2024-08-31 17:31:49,ETHUSDT,bid,2470,4091.615
2024-08-31 17:32:40,ETHUSDT,bid,2470,4093.636
2024-08-31 17:32:49,ETHUSDT,bid,2430,5194.512
2024-08-31 17:32:53,ETHUSDT,bid,2470,4093.994
2024-08-31 17:34:39,ETHUSDT,bid,2420,4522.803
2024-08-31 17:35:26,ETHUSDT,bid,2420,4400.245
2024-08-31 17:35:27,ETHUSDT,bid,2420,4522.953
2024-08-31 17:35:50,ETHUSDT,bid,2460,5084.625
2024-08-31 17:36:18,ETHUSDT,bid,2430,5197.078
2024-08-31 17:36:50,ETHUSDT,bid,2470,4073.787
2024-08-31 17:37:02,ETHUSDT,bid,2470,4071.766
2024-08-31 17:38:54,ETHUSDT,bid,2420,4523.003
2024-08-31 17:39:01,ETHUSDT,bid,2230,4489.911
2024-08-31 17:39:01,ETHUSDT,bid,2430,5197.092
2024-08-31 17:40:02,ETHUSDT,bid,2230,4489.897
2024-08-31 17:40:02,ETHUSDT,bid,2430,5197.078
2024-08-31 17:40:13,ETHUSDT,bid,2420,4400.295
2024-08-31 17:40:14,ETHUSDT,bid,2420,4523.159
2024-08-31 17:40:20,ETHUSDT,bid,2450,5211.156
2024-08-31 17:40:20,ETHUSDT,bid,2460,5084.125
2024-08-31 17:40:20,ETHUSDT,bid,2470,5220.203
2024-08-31 17:42:03,ETHUSDT,bid,2470,5224.647
2024-08-31 17:42:16,ETHUSDT,bid,2470,4091.973
2024-08-31 17:43:28,ETHUSDT,bid,2410,5078.623
2024-08-31 17:43:28,ETHUSDT,bid,2420,10112.664
2024-08-31 17:43:28,ETHUSDT,bid,2430,5197.101
2024-08-31 17:43:28,ETHUSDT,bid,2440,5155.019
2024-08-31 17:43:28,ETHUSDT,bid,2450,5211.178
2024-08-31 17:43:28,ETHUSDT,bid,2460,5084.147
2024-08-31 17:43:28,ETHUSDT,bid,2470,5224.669
2024-08-31 17:43:58,ETHUSDT,bid,2450,5210.776
2024-08-31 17:45:03,ETHUSDT,bid,2420,4400.295
2024-08-31 17:45:04,ETHUSDT,bid,2420,4523.313
2024-08-31 17:45:23,ETHUSDT,bid,2450,5210.661
2024-08-31 17:46:37,ETHUSDT,bid,2470,5240.807
2024-08-31 17:46:38,ETHUSDT,bid,2470,5242.507
2024-08-31 17:46:41,ETHUSDT,bid,2470,5262.686
2024-08-31 17:46:57,ETHUSDT,bid,2420,10112.653
2024-08-31 17:47:17,ETHUSDT,bid,2470,4071.766
2024-08-31 17:47:46,ETHUSDT,bid,1960,5213.249
2024-08-31 17:49:45,ETHUSDT,bid,2420,4400.295
2024-08-31 17:49:46,ETHUSDT,bid,2420,4523.476
2024-08-31 17:50:25,ETHUSDT,bid,2450,5210.742
2024-08-31 17:51:37,ETHUSDT,bid,2470,5246.548
2024-08-31 17:51:42,ETHUSDT,bid,2470,5226.369
2024-08-31 17:53:33,ETHUSDT,bid,2470,4071.766
2024-08-31 17:54:37,ETHUSDT,bid,2420,4400.295
2024-08-31 17:54:38,ETHUSDT,bid,2420,4523.643
2024-08-31 17:54:57,ETHUSDT,bid,2470,5221.369
2024-08-31 17:54:58,ETHUSDT,ask,3040,3281.843
2024-08-31 17:55:08,ETHUSDT,bid,1950,5355.244
2024-08-31 17:55:49,ETHUSDT,bid,2450,5212.337
2024-08-31 17:56:11,ETHUSDT,bid,2420,10112.663
2024-08-31 17:56:19,ETHUSDT,bid,2420,10112.653
2024-08-31 17:56:24,ETHUSDT,bid,2440,5152.032
2024-08-31 17:58:06,ETHUSDT,bid,2430,5199.154
2024-08-31 17:58:26,ETHUSDT,bid,2460,5086.175
2024-08-31 17:59:24,ETHUSDT,bid,2420,4400.295
2024-08-31 17:59:25,ETHUSDT,bid,2420,4523.805
2024-08-31 18:00:19,ETHUSDT,bid,2470,4074.766
2024-08-31 18:00:28,ETHUSDT,bid,2460,5085.175
2024-08-31 18:01:29,ETHUSDT,bid,2450,5212.462
2024-08-31 18:02:40,ETHUSDT,bid,2420,10112.664
2024-08-31 18:02:40,ETHUSDT,bid,2470,5221.38
2024-08-31 18:02:43,ETHUSDT,bid,1960,5213.261
2024-08-31 18:02:43,ETHUSDT,bid,2140,4735.263
2024-08-31 18:03:24,ETHUSDT,bid,2470,4096.993
2024-08-31 18:03:31,ETHUSDT,bid,2470,4111.138
2024-08-31 18:04:06,ETHUSDT,bid,2420,4400.295
2024-08-31 18:04:07,ETHUSDT,bid,2420,4523.968
2024-08-31 18:07:26,ETHUSDT,bid,2460,5085.135
2024-08-31 18:07:27,ETHUSDT,bid,2450,5212.422
2024-08-31 18:07:28,ETHUSDT,bid,2440,5151.992
2024-08-31 18:07:40,ETHUSDT,bid,2430,5199.113
2024-08-31 18:07:41,ETHUSDT,bid,2420,10112.623
2024-08-31 18:07:42,ETHUSDT,bid,2410,5078.582
2024-08-31 18:08:24,ETHUSDT,bid,2470,4088.911
2024-08-31 18:08:25,ETHUSDT,bid,2470,5223.4
2024-08-31 18:08:26,ETHUSDT,bid,2470,5221.38
2024-08-31 18:08:32,ETHUSDT,bid,2470,4074.766
2024-08-31 18:08:52,ETHUSDT,bid,2420,4400.295
2024-08-31 18:08:53,ETHUSDT,bid,2420,4524.125
2024-08-31 18:09:38,ETHUSDT,bid,2450,5212.422
2024-08-31 18:09:48,ETHUSDT,bid,2470,5216.253
2024-08-31 18:09:51,ETHUSDT,bid,2450,5211.822
2024-08-31 18:11:06,ETHUSDT,bid,2460,5086.93
2024-08-31 18:12:19,ETHUSDT,bid,2470,5216.262
2024-08-31 18:13:25,ETHUSDT,bid,2430,5198.908
2024-08-31 18:13:44,ETHUSDT,bid,2420,4400.295
2024-08-31 18:13:45,ETHUSDT,bid,2420,4524.286
2024-08-31 18:14:12,ETHUSDT,bid,2460,5086.194
2024-08-31 18:17:14,ETHUSDT,bid,2470,5216.299
2024-08-31 18:18:13,ETHUSDT,bid,2470,5220.945
2024-08-31 18:18:27,ETHUSDT,bid,2420,4400.295
2024-08-31 18:18:53,ETHUSDT,bid,2420,10119.971
2024-08-31 18:21:04,ETHUSDT,bid,2470,5218.945
2024-08-31 18:21:30,ETHUSDT,bid,2460,5085.194
2024-08-31 18:21:45,ETHUSDT,bid,2470,5208.843
2024-08-31 18:22:10,ETHUSDT,bid,2410,5078.75
2024-08-31 18:22:47,ETHUSDT,bid,2470,5208.853
2024-08-31 18:22:53,ETHUSDT,bid,2420,10119.981
2024-08-31 18:24:58,ETHUSDT,bid,2430,5199.908
2024-08-31 18:25:09,ETHUSDT,bid,2410,5079.75
2024-08-31 18:26:18,ETHUSDT,bid,2420,10121.573
2024-08-31 18:26:20,ETHUSDT,bid,2470,5208.844
2024-08-31 18:27:12,ETHUSDT,bid,2430,5200.113
2024-08-31 18:27:47,ETHUSDT,bid,2420,10121.583
2024-08-31 18:27:55,ETHUSDT,bid,2420,10121.573
2024-08-31 18:28:00,ETHUSDT,bid,2450,5213.153
2024-08-31 18:28:40,ETHUSDT,bid,2440,5152.013
2024-08-31 18:30:23,ETHUSDT,bid,2460,5090.194
2024-08-31 18:31:47,ETHUSDT,bid,2440,5151.992
2024-08-31 18:32:46,ETHUSDT,bid,2470,4076.772
2024-08-31 18:33:02,ETHUSDT,bid,2410,4160.734
2024-08-31 18:33:02,ETHUSDT,bid,2470,4074.766
2024-08-31 18:33:04,ETHUSDT,bid,2460,5094.194
2024-08-31 18:33:58,ETHUSDT,bid,2450,5213.13
2024-08-31 18:34:01,ETHUSDT,bid,1960,5213.249
2024-08-31 18:34:01,ETHUSDT,bid,2140,4735.251
2024-08-31 18:36:38,ETHUSDT,bid,2470,5209.044
2024-08-31 18:36:40,ETHUSDT,bid,2070,4819.084
2024-08-31 18:41:27,ETHUSDT,bid,2430,5199.877
2024-08-31 18:41:27,ETHUSDT,bid,2460,5093.958
2024-08-31 18:41:27,ETHUSDT,ask,2990,3452.763
2024-08-31 18:42:54,ETHUSDT,bid,2420,10121.582
2024-08-31 18:43:21,ETHUSDT,bid,2450,5214.351
2024-08-31 18:43:33,ETHUSDT,bid,2450,5213.13
2024-08-31 18:46:37,ETHUSDT,bid,2420,10120.303
2024-08-31 18:46:41,ETHUSDT,bid,1960,5213.522
2024-08-31 18:47:09,ETHUSDT,bid,2470,4088.239
2024-08-31 18:47:55,ETHUSDT,bid,2420,4401.295
2024-08-31 18:48:22,ETHUSDT,bid,2450,5214.13
2024-08-31 18:48:35,ETHUSDT,bid,2420,10120.313
2024-08-31 18:48:43,ETHUSDT,bid,2420,10120.303
2024-08-31 18:49:24,ETHUSDT,bid,2420,4152.809
2024-08-31 18:49:25,ETHUSDT,bid,2420,4132.149
2024-08-31 18:49:39,ETHUSDT,bid,2450,5210.13
2024-08-31 18:50:09,ETHUSDT,bid,2450,5214.13
2024-08-31 18:50:39,ETHUSDT,bid,2420,10120.156
2024-08-31 18:50:39,ETHUSDT,bid,2430,5199.73
2024-08-31 18:50:39,ETHUSDT,bid,2440,5151.845
2024-08-31 18:50:39,ETHUSDT,bid,2450,5213.983
2024-08-31 18:50:39,ETHUSDT,bid,2460,5093.811
2024-08-31 18:50:39,ETHUSDT,bid,2470,5208.897
2024-08-31 18:51:04,ETHUSDT,bid,2460,5094.825
2024-08-31 18:51:15,ETHUSDT,bid,2410,5080.014
2024-08-31 18:51:48,ETHUSDT,bid,2470,5203.897
2024-08-31 18:53:37,ETHUSDT,bid,2460,5094.525
2024-08-31 18:56:02,ETHUSDT,bid,2460,5094.545
2024-08-31 18:56:38,ETHUSDT,bid,2470,4110.465
2024-08-31 18:59:21,ETHUSDT,ask,2990,3363.401
2024-08-31 19:00:58,ETHUSDT,bid,2430,5195.869
2024-08-31 19:01:10,ETHUSDT,bid,2070,4819.071
2024-08-31 19:01:38,ETHUSDT,bid,2470,4088.239
2024-08-31 19:01:58,ETHUSDT,bid,2430,5195.889
2024-08-31 19:01:58,ETHUSDT,bid,2460,5094.565
2024-08-31 19:02:01,ETHUSDT,bid,2430,5195.766
2024-08-31 19:02:25,ETHUSDT,bid,2420,4401.324
2024-08-31 19:04:01,ETHUSDT,bid,2410,5149.212
2024-08-31 19:04:01,ETHUSDT,bid,2410,5192.504
2024-08-31 19:04:01,ETHUSDT,bid,2410,5340.68
2024-08-31 19:04:01,ETHUSDT,bid,2410,5341.178
2024-08-31 19:05:00,ETHUSDT,bid,2410,5331.806
2024-08-31 19:05:28,ETHUSDT,bid,2470,5199.123
2024-08-31 19:05:47,ETHUSDT,bid,2420,4401.334
2024-08-31 19:05:49,ETHUSDT,bid,2460,5110.784
2024-08-31 19:05:55,ETHUSDT,bid,2420,4401.324
2024-08-31 19:06:00,ETHUSDT,bid,2410,5277.874
2024-08-31 19:06:00,ETHUSDT,bid,2410,5234.43
2024-08-31 19:06:00,ETHUSDT,bid,2410,5135.292
2024-08-31 19:06:00,ETHUSDT,bid,2410,5080.512
2024-08-31 19:06:00,ETHUSDT,bid,2410,5080.014
2024-08-31 19:06:26,ETHUSDT,bid,2420,10118.656
2024-08-31 19:07:14,ETHUSDT,bid,2470,5203.159
2024-08-31 19:08:48,ETHUSDT,bid,2450,5213.992
2024-08-31 19:09:52,ETHUSDT,bid,2440,5156.845
2024-08-31 19:10:34,ETHUSDT,bid,2470,4074.766
2024-08-31 19:11:37,ETHUSDT,bid,2470,5199.123
2024-08-31 19:11:55,ETHUSDT,bid,2420,10118.784
2024-08-31 19:12:58,ETHUSDT,bid,2420,10118.865
2024-08-31 19:14:09,ETHUSDT,bid,2420,10118.737
2024-08-31 19:15:07,ETHUSDT,bid,2440,5156.795
2024-08-31 19:15:54,ETHUSDT,bid,2410,4160.896
2024-08-31 19:17:12,ETHUSDT,bid,2450,5215.492
2024-08-31 19:17:52,ETHUSDT,bid,2420,4401.524
2024-08-31 19:19:21,ETHUSDT,bid,2430,5195.795
2024-08-31 19:19:21,ETHUSDT,bid,2460,5110.813
2024-08-31 19:19:37,ETHUSDT,bid,2420,4132.139
2024-08-31 19:19:38,ETHUSDT,bid,2420,4132.129
2024-08-31 19:22:16,ETHUSDT,bid,2470,5199.123
2024-08-31 19:23:44,ETHUSDT,bid,2420,4132.119
2024-08-31 19:24:53,ETHUSDT,bid,2430,5195.775
2024-08-31 19:24:53,ETHUSDT,bid,2460,5110.793
2024-08-31 19:25:50,ETHUSDT,bid,2420,4132.109
2024-08-31 19:25:52,ETHUSDT,bid,2420,4132.099
2024-08-31 19:26:07,ETHUSDT,bid,2420,4132.089
2024-08-31 19:26:27,ETHUSDT,bid,2420,4132.079
2024-08-31 19:30:36,ETHUSDT,ask,2990,3363.101
2024-08-31 19:30:38,ETHUSDT,bid,2470,5219.123
2024-08-31 19:30:42,ETHUSDT,bid,2470,5225.458
2024-08-31 19:30:46,ETHUSDT,bid,2430,5196.275
2024-08-31 19:31:09,ETHUSDT,bid,2450,5207.064
2024-08-31 19:31:20,ETHUSDT,bid,2470,5222.149
2024-08-31 19:32:10,ETHUSDT,bid,2430,5196.666
2024-08-31 19:32:39,ETHUSDT,bid,2470,5215.814
2024-08-31 19:34:03,ETHUSDT,bid,2470,5195.814
2024-08-31 19:34:11,ETHUSDT,bid,2420,4401.534
2024-08-31 19:34:19,ETHUSDT,bid,2450,5207.023
2024-08-31 19:34:19,ETHUSDT,bid,2420,4401.524
2024-08-31 19:36:27,ETHUSDT,bid,2460,5111.093
2024-08-31 19:37:11,ETHUSDT,bid,2430,5197.666
2024-08-31 19:37:26,ETHUSDT,bid,2420,4401.495
2024-08-31 19:38:08,ETHUSDT,bid,1700,6068.018
2024-08-31 19:38:08,ETHUSDT,bid,2420,10118.723
2024-08-31 19:38:08,ETHUSDT,bid,2470,5195.8
2024-08-31 19:38:20,ETHUSDT,bid,2440,5146.162
2024-08-31 19:39:28,ETHUSDT,bid,2430,5197.738
2024-08-31 19:41:32,ETHUSDT,bid,2470,4088.239
2024-08-31 19:41:33,ETHUSDT,bid,2470,4101.712
2024-08-31 19:41:35,ETHUSDT,bid,2470,4115.182
2024-08-31 19:41:59,ETHUSDT,bid,2430,5197.725
2024-08-31 19:44:20,ETHUSDT,bid,2470,4117.188
2024-08-31 19:44:36,ETHUSDT,bid,2470,4115.182
2024-08-31 19:46:59,ETHUSDT,bid,2420,4411.285
2024-08-31 19:47:35,ETHUSDT,bid,2460,5109.623
2024-08-31 19:47:38,ETHUSDT,bid,2430,5197.696
2024-08-31 19:47:38,ETHUSDT,bid,2460,5109.594
2024-08-31 19:49:16,ETHUSDT,bid,2420,10118.723
2024-08-31 19:50:42,ETHUSDT,bid,2460,5109.694
2024-08-31 19:51:11,ETHUSDT,bid,2410,5123.101
2024-08-31 19:52:23,ETHUSDT,bid,1700,6068.005
2024-08-31 19:52:23,ETHUSDT,bid,2420,10118.71
2024-08-31 19:52:23,ETHUSDT,bid,2470,5195.787
2024-08-31 19:53:00,ETHUSDT,bid,2450,5208.959
2024-08-31 19:54:18,ETHUSDT,bid,2360,4299.579
2024-08-31 19:55:27,ETHUSDT,bid,2430,5197.647
2024-08-31 19:58:00,ETHUSDT,bid,2140,4735.261
2024-08-31 19:58:00,ETHUSDT,ask,2990,3452.773
2024-08-31 19:58:40,ETHUSDT,bid,2460,5111.14
2024-08-31 19:59:23,ETHUSDT,bid,2430,5198.647
2024-08-31 19:59:30,ETHUSDT,bid,2470,5195.98
2024-08-31 19:59:58,ETHUSDT,bid,2140,4735.042
2024-08-31 20:00:31,ETHUSDT,bid,2450,5209.459
2024-08-31 20:03:29,ETHUSDT,bid,2470,5197.98
2024-08-31 20:04:25,ETHUSDT,bid,2460,5111.34
2024-08-31 20:04:56,ETHUSDT,bid,2470,4101.709
2024-08-31 20:05:01,ETHUSDT,bid,2470,4088.236
2024-08-31 20:05:06,ETHUSDT,bid,2470,4074.766
2024-08-31 20:05:41,ETHUSDT,bid,2420,10118.836
2024-08-31 20:05:51,ETHUSDT,bid,2420,10118.71
2024-08-31 20:05:52,ETHUSDT,bid,2410,5123.108
2024-08-31 20:06:05,ETHUSDT,bid,2420,10118.811
2024-08-31 20:06:45,ETHUSDT,bid,2470,4096.992
2024-08-31 20:07:17,ETHUSDT,bid,2460,5110.84
2024-08-31 20:07:25,ETHUSDT,bid,1960,5213.255
2024-08-31 20:07:39,ETHUSDT,bid,2200,5068.565
2024-08-31 20:08:00,ETHUSDT,bid,2430,5190.647
2024-08-31 20:08:20,ETHUSDT,bid,2410,5122.96
2024-08-31 20:09:30,ETHUSDT,bid,2430,5211.622
2024-08-31 20:11:45,ETHUSDT,bid,2470,4074.766
2024-08-31 20:11:58,ETHUSDT,bid,2450,5207.165
2024-08-31 20:12:13,ETHUSDT,bid,2450,5208.065
2024-08-31 20:13:06,ETHUSDT,bid,2430,5212.115
2024-08-31 20:15:52,ETHUSDT,bid,2450,5207.139
2024-08-31 20:16:24,ETHUSDT,bid,2470,5199.998
2024-08-31 20:16:28,ETHUSDT,bid,2470,5218.155
2024-08-31 20:16:41,ETHUSDT,bid,2470,5236.312
2024-08-31 20:17:20,ETHUSDT,bid,2430,5214.341
2024-08-31 20:20:42,ETHUSDT,bid,2470,5234.294
2024-08-31 20:20:44,ETHUSDT,bid,2470,5216.137
2024-08-31 20:21:03,ETHUSDT,bid,2470,5197.98
2024-08-31 20:22:07,ETHUSDT,bid,2420,10118.167
2024-08-31 20:22:07,ETHUSDT,bid,2470,5197.349
2024-08-31 20:23:14,ETHUSDT,bid,2420,10118.191
2024-08-31 20:24:04,ETHUSDT,bid,2420,4409.221
2024-08-31 20:24:07,ETHUSDT,bid,2450,5207.139
2024-08-31 20:24:19,ETHUSDT,bid,2420,10116.13
2024-08-31 20:24:28,ETHUSDT,bid,2450,5210.193
2024-08-31 20:25:34,ETHUSDT,bid,2470,5197.321
2024-08-31 20:26:26,ETHUSDT,bid,2470,4092.952
2024-08-31 20:27:12,ETHUSDT,bid,2430,5214.391
2024-08-31 20:27:32,ETHUSDT,ask,2990,3363.114
2024-08-31 20:28:13,ETHUSDT,bid,2460,5110.863
2024-08-31 20:28:40,ETHUSDT,bid,2420,10116.209
2024-08-31 20:29:52,ETHUSDT,bid,2440,5144.133
2024-08-31 20:30:48,ETHUSDT,bid,2470,4074.766
2024-08-31 20:31:13,ETHUSDT,bid,2430,5213.624
2024-08-31 20:31:25,ETHUSDT,bid,2460,5110.763
2024-08-31 20:31:38,ETHUSDT,bid,2410,5127.1
2024-08-31 20:31:38,ETHUSDT,bid,2430,5209.518
2024-08-31 20:31:41,ETHUSDT,bid,2420,10116.934
2024-08-31 20:31:41,ETHUSDT,bid,2470,5198.032
2024-08-31 20:31:47,ETHUSDT,bid,2470,4096.992
2024-08-31 20:32:24,ETHUSDT,bid,2470,5198.638
2024-08-31 20:32:32,ETHUSDT,bid,2200,5070.565
2024-08-31 20:32:33,ETHUSDT,bid,2420,10116.209
2024-08-31 20:32:33,ETHUSDT,bid,2470,5197.927
2024-08-31 20:32:55,ETHUSDT,bid,2450,5209.49
2024-08-31 20:33:04,ETHUSDT,bid,2420,10116.13
2024-08-31 20:36:48,ETHUSDT,bid,2470,4074.766
2024-08-31 20:37:07,ETHUSDT,bid,2290,4369.325
2024-08-31 20:37:07,ETHUSDT,bid,2410,4160.935
2024-08-31 20:37:40,ETHUSDT,bid,2440,5119.133
2024-08-31 20:43:01,ETHUSDT,bid,1960,5213.368
2024-08-31 20:43:01,ETHUSDT,bid,2140,4735.155
2024-08-31 20:43:11,ETHUSDT,bid,2420,10116.762
2024-08-31 20:43:11,ETHUSDT,bid,2470,5198.546
2024-08-31 20:43:16,ETHUSDT,bid,1960,5213.255
2024-08-31 20:43:16,ETHUSDT,bid,2140,4735.042
2024-08-31 20:43:44,ETHUSDT,bid,2450,5208.497
2024-08-31 20:45:53,ETHUSDT,bid,2450,5208.536
2024-08-31 20:46:22,ETHUSDT,bid,2420,10245.787
2024-08-31 20:47:09,ETHUSDT,bid,2430,5211.571
2024-08-31 20:47:15,ETHUSDT,bid,2440,5123.133
2024-08-31 20:47:31,ETHUSDT,bid,2470,5202.546
2024-08-31 20:47:34,ETHUSDT,bid,2430,5211.366
2024-08-31 20:48:15,ETHUSDT,bid,2450,5208.656
2024-08-31 20:49:34,ETHUSDT,bid,2450,5208.666
2024-08-31 20:51:09,ETHUSDT,bid,2420,10116.762
2024-08-31 20:51:10,ETHUSDT,bid,2420,10245.936
2024-08-31 20:51:48,ETHUSDT,bid,2420,4409.231
2024-08-31 20:51:56,ETHUSDT,bid,2420,4409.221
2024-08-31 20:52:11,ETHUSDT,bid,2430,5216.492
2024-08-31 20:53:08,ETHUSDT,bid,2440,5130.495
2024-08-31 20:53:55,ETHUSDT,bid,2430,5216.807
2024-08-31 20:54:11,ETHUSDT,bid,2420,4409.103
2024-08-31 20:54:46,ETHUSDT,bid,2420,4422.941
2024-08-31 20:55:37,ETHUSDT,bid,2470,5198.102
2024-08-31 20:55:55,ETHUSDT,bid,2420,10116.762
2024-08-31 20:55:56,ETHUSDT,bid,2420,10246.07
2024-08-31 20:56:05,ETHUSDT,bid,2470,4101.474
2024-08-31 20:56:29,ETHUSDT,bid,2430,5221.807
2024-08-31 20:56:47,ETHUSDT,bid,2470,5199.129
2024-08-31 20:56:49,ETHUSDT,bid,2410,4160.105
2024-08-31 20:57:30,ETHUSDT,bid,2460,5109.317
2024-08-31 20:57:57,ETHUSDT,bid,2460,5110.055
2024-08-31 20:58:09,ETHUSDT,bid,2430,5222.307
2024-08-31 20:58:21,ETHUSDT,bid,2460,5171.148
2024-08-31 20:58:21,ETHUSDT,bid,2470,5205.129
2024-08-31 20:58:22,ETHUSDT,bid,2410,5127.11
2024-08-31 20:58:51,ETHUSDT,bid,2430,5223.807
2024-08-31 20:59:07,ETHUSDT,bid,2450,5211.143
2024-08-31 20:59:09,ETHUSDT,bid,2470,4117.654
2024-08-31 20:59:10,ETHUSDT,bid,2430,5224.662
2024-08-31 20:59:11,ETHUSDT,bid,2470,5205.937
2024-08-31 20:59:17,ETHUSDT,bid,2470,5213.937
2024-08-31 20:59:20,ETHUSDT,bid,2420,4409.103
2024-08-31 20:59:21,ETHUSDT,bid,2420,4422.941
2024-08-31 20:59:26,ETHUSDT,bid,2450,5212.25
2024-08-31 20:59:34,ETHUSDT,bid,2460,5173.156
2024-08-31 20:59:35,ETHUSDT,bid,2450,5212.724
2024-08-31 20:59:43,ETHUSDT,bid,2460,5171.148
2024-08-31 21:00:35,ETHUSDT,bid,2420,10116.762
2024-08-31 21:00:36,ETHUSDT,bid,2420,10246.192
2024-08-31 21:01:02,ETHUSDT,bid,2450,5211.617
2024-08-31 21:01:10,ETHUSDT,bid,2430,5224.162
2024-08-31 21:01:18,ETHUSDT,bid,2470,5205.937
2024-08-31 21:01:18,ETHUSDT,bid,2410,5127.1
2024-08-31 21:01:22,ETHUSDT,bid,2420,10246.182
2024-08-31 21:02:09,ETHUSDT,bid,2470,5199.937
2024-08-31 21:02:11,ETHUSDT,bid,2460,5093.836
2024-08-31 21:02:33,ETHUSDT,bid,2410,5127.119
2024-08-31 21:02:33,ETHUSDT,bid,2420,10246.201
2024-08-31 21:02:33,ETHUSDT,bid,2430,5224.181
2024-08-31 21:02:33,ETHUSDT,bid,2440,5130.514
2024-08-31 21:02:33,ETHUSDT,bid,2450,5211.635
2024-08-31 21:02:33,ETHUSDT,bid,2460,5093.854
2024-08-31 21:02:33,ETHUSDT,bid,2470,5199.955
2024-08-31 21:02:35,ETHUSDT,bid,2460,5093.793
2024-08-31 21:03:32,ETHUSDT,bid,2460,5093.55
2024-08-31 21:03:39,ETHUSDT,bid,2430,5224.352
2024-08-31 21:04:04,ETHUSDT,bid,2420,4409.103
2024-08-31 21:04:05,ETHUSDT,bid,2420,4422.956
2024-08-31 21:04:05,ETHUSDT,bid,2440,5130.931
2024-08-31 21:04:06,ETHUSDT,bid,2450,5211.671
2024-08-31 21:04:06,ETHUSDT,bid,2460,5093.586
2024-08-31 21:04:06,ETHUSDT,bid,2470,5199.991
2024-08-31 21:04:07,ETHUSDT,bid,2410,5127.096
2024-08-31 21:04:07,ETHUSDT,bid,2420,10246.178
2024-08-31 21:04:07,ETHUSDT,bid,2430,5224.329
2024-08-31 21:04:07,ETHUSDT,bid,2440,5130.908
2024-08-31 21:04:07,ETHUSDT,bid,2450,5211.649
2024-08-31 21:04:07,ETHUSDT,bid,2460,5093.564
2024-08-31 21:04:07,ETHUSDT,bid,2470,5199.969
2024-08-31 21:04:07,ETHUSDT,bid,2420,4422.131
2024-08-31 21:05:22,ETHUSDT,bid,2420,10116.748
2024-08-31 21:05:23,ETHUSDT,bid,2420,10246.312
2024-08-31 21:05:39,ETHUSDT,bid,2430,5224.014
2024-08-31 21:06:21,ETHUSDT,bid,2440,5138.63
2024-08-31 21:06:36,ETHUSDT,bid,2460,5093.667
2024-08-31 21:07:16,ETHUSDT,bid,2470,4101.474
2024-08-31 21:07:22,ETHUSDT,bid,2420,10245.312
2024-08-31 21:07:35,ETHUSDT,bid,2450,5213.725
2024-08-31 21:07:37,ETHUSDT,bid,2460,5096.667
2024-08-31 21:07:43,ETHUSDT,bid,2460,5093.667
2024-08-31 21:07:44,ETHUSDT,bid,2470,4103.495
2024-08-31 21:07:59,ETHUSDT,bid,2470,4103.657
2024-08-31 21:08:15,ETHUSDT,bid,2450,5215.059
2024-08-31 21:08:51,ETHUSDT,bid,2420,4408.278
2024-08-31 21:08:52,ETHUSDT,bid,2420,4422.147
2024-08-31 21:10:04,ETHUSDT,bid,2420,10246.312
2024-08-31 21:10:04,ETHUSDT,bid,2450,5214.059
2024-08-31 21:10:13,ETHUSDT,bid,2420,10116.748
2024-08-31 21:10:14,ETHUSDT,bid,2420,10246.452
2024-08-31 21:10:49,ETHUSDT,bid,2470,5199.161
2024-08-31 21:11:11,ETHUSDT,bid,2470,4101.636
2024-08-31 21:11:23,ETHUSDT,bid,2470,4101.474
2024-08-31 21:11:34,ETHUSDT,bid,2440,5138.83
2024-08-31 21:12:15,ETHUSDT,bid,2410,5125.903
2024-08-31 21:12:21,ETHUSDT,bid,2460,5093.748
2024-08-31 21:12:24,ETHUSDT,bid,2450,5230.352
2024-08-31 21:12:26,ETHUSDT,bid,2460,5093.829
2024-08-31 21:12:36,ETHUSDT,bid,2440,5155.189
2024-08-31 21:12:41,ETHUSDT,bid,2460,5093.726
2024-08-31 21:12:51,ETHUSDT,bid,2460,5093.807
2024-08-31 21:12:58,ETHUSDT,bid,2200,5070.55
2024-08-31 21:13:02,ETHUSDT,bid,2460,5093.726
2024-08-31 21:13:04,ETHUSDT,bid,2460,5093.645
2024-08-31 21:13:17,ETHUSDT,bid,2470,4088.12
2024-08-31 21:13:17,ETHUSDT,bid,2470,4074.766
2024-08-31 21:13:24,ETHUSDT,bid,2460,5094.205
2024-08-31 21:13:38,ETHUSDT,bid,2420,4408.278
2024-08-31 21:13:39,ETHUSDT,bid,2420,4422.164
2024-08-31 21:14:58,ETHUSDT,bid,2410,5121.763
2024-08-31 21:15:03,ETHUSDT,bid,2420,10116.748
2024-08-31 21:15:04,ETHUSDT,bid,2420,10246.6
2024-08-31 21:16:08,ETHUSDT,bid,2420,10246.58
2024-08-31 21:16:13,ETHUSDT,bid,1700,6067.013
2024-08-31 21:16:15,ETHUSDT,bid,2460,5093.467
2024-08-31 21:16:40,ETHUSDT,bid,2460,5123.467
2024-08-31 21:17:02,ETHUSDT,bid,2450,5230.637
2024-08-31 21:18:22,ETHUSDT,bid,2420,4408.278
2024-08-31 21:18:23,ETHUSDT,bid,2420,4422.18
2024-08-31 21:19:09,ETHUSDT,bid,2460,5124.684
2024-08-31 21:19:40,ETHUSDT,bid,2470,5199.221
2024-08-31 21:19:41,ETHUSDT,bid,2460,5127.684
2024-08-31 21:19:47,ETHUSDT,bid,2420,10116.728
2024-08-31 21:19:48,ETHUSDT,bid,2420,10246.722
2024-08-31 21:20:03,ETHUSDT,bid,2430,5223.014
2024-08-31 21:20:04,ETHUSDT,bid,2460,5124.684
2024-08-31 21:20:09,ETHUSDT,bid,2460,5127.684
2024-08-31 21:20:13,ETHUSDT,bid,2470,5199.231
2024-08-31 21:20:14,ETHUSDT,bid,2460,5124.684
2024-08-31 21:20:25,ETHUSDT,bid,2450,5230.601
2024-08-31 21:20:25,ETHUSDT,bid,2460,5124.648
2024-08-31 21:20:25,ETHUSDT,bid,2470,5199.195
2024-08-31 21:20:35,ETHUSDT,bid,2420,10246.732
2024-08-31 21:20:46,ETHUSDT,bid,2460,5094.648
2024-08-31 21:22:53,ETHUSDT,bid,2430,5223.301
2024-08-31 21:23:01,ETHUSDT,bid,2420,4408.278
2024-08-31 21:23:02,ETHUSDT,bid,2420,4422.196
2024-08-31 21:23:05,ETHUSDT,bid,2430,5224.301
2024-08-31 21:24:30,ETHUSDT,bid,2420,10116.738
2024-08-31 21:24:31,ETHUSDT,bid,2420,10246.875
2024-08-31 21:26:07,ETHUSDT,bid,2460,5094.732
2024-08-31 21:26:16,ETHUSDT,bid,2470,5199.301
2024-08-31 21:26:20,ETHUSDT,bid,2420,10246.866
2024-08-31 21:26:20,ETHUSDT,bid,2470,5199.292
2024-08-31 21:26:20,ETHUSDT,bid,2470,5199.099
2024-08-31 21:26:58,ETHUSDT,bid,2420,10246.876
2024-08-31 21:26:58,ETHUSDT,bid,2470,5199.109
2024-08-31 21:27:43,ETHUSDT,bid,2420,4408.278
2024-08-31 21:27:44,ETHUSDT,bid,2420,4422.212
2024-08-31 21:27:48,ETHUSDT,bid,2470,5206.373
2024-08-31 21:27:55,ETHUSDT,bid,2470,5210.409
2024-08-31 21:29:18,ETHUSDT,bid,2420,10116.739
2024-08-31 21:29:19,ETHUSDT,bid,2420,10247.022
2024-08-31 21:29:49,ETHUSDT,bid,2460,5094.648
2024-08-31 21:30:27,ETHUSDT,bid,2430,5224.801
2024-08-31 21:31:13,ETHUSDT,bid,2470,5210.409
2024-08-31 21:31:54,ETHUSDT,bid,2420,10238.981
2024-08-31 21:32:01,ETHUSDT,bid,2470,5203.145
2024-08-31 21:32:16,ETHUSDT,bid,2470,5199.109
2024-08-31 21:32:26,ETHUSDT,bid,2420,4408.278
2024-08-31 21:32:27,ETHUSDT,bid,2420,4422.229
2024-08-31 21:33:13,ETHUSDT,bid,2430,5224.903
2024-08-31 21:34:05,ETHUSDT,bid,2420,10108.698
2024-08-31 21:34:06,ETHUSDT,bid,2420,10239.135
2024-08-31 21:35:58,ETHUSDT,bid,2430,5224.403
2024-08-31 21:37:06,ETHUSDT,bid,2470,4103.055
2024-08-31 21:37:16,ETHUSDT,bid,2420,4408.278
2024-08-31 21:37:17,ETHUSDT,bid,2420,4422.246
2024-08-31 21:38:49,ETHUSDT,bid,2420,10108.698
2024-08-31 21:38:50,ETHUSDT,bid,2420,10239.284
2024-08-31 21:41:20,ETHUSDT,bid,2420,10239.441
2024-08-31 21:41:50,ETHUSDT,bid,2460,5090.648
2024-08-31 21:41:53,ETHUSDT,bid,1940,5148.06
2024-08-31 21:42:05,ETHUSDT,bid,2420,4408.278
2024-08-31 21:42:06,ETHUSDT,bid,2420,4422.262
2024-08-31 21:42:06,ETHUSDT,bid,2470,4074.766
2024-08-31 21:42:26,ETHUSDT,bid,1940,5212.303
2024-08-31 21:42:41,ETHUSDT,bid,1940,5212.203
2024-08-31 21:43:36,ETHUSDT,bid,1960,5205.602
2024-08-31 21:43:40,ETHUSDT,bid,2420,10108.855
2024-08-31 21:43:41,ETHUSDT,bid,2420,10239.58
2024-08-31 21:44:18,ETHUSDT,bid,2460,5090.679
2024-08-31 21:44:24,ETHUSDT,bid,2450,5230.632
2024-08-31 21:46:47,ETHUSDT,bid,2420,4408.278
2024-08-31 21:46:48,ETHUSDT,bid,2420,4422.277
2024-08-31 21:47:00,ETHUSDT,bid,2470,4175.548
2024-08-31 21:48:14,ETHUSDT,bid,2450,5230.507
2024-08-31 21:48:15,ETHUSDT,bid,2420,10244.08
2024-08-31 21:48:19,ETHUSDT,bid,2460,5090.739
2024-08-31 21:48:21,ETHUSDT,bid,2420,10113.355
2024-08-31 21:48:21,ETHUSDT,bid,2420,10108.855
2024-08-31 21:48:22,ETHUSDT,bid,2420,10239.711
2024-08-31 21:48:25,ETHUSDT,bid,2460,5090.679
2024-08-31 21:48:53,ETHUSDT,bid,2460,5090.518
2024-08-31 21:49:37,ETHUSDT,bid,2470,5199.509
2024-08-31 21:50:37,ETHUSDT,bid,2470,5212.96
2024-08-31 21:51:07,ETHUSDT,bid,2430,5224.914
2024-08-31 21:51:33,ETHUSDT,bid,2420,4408.278
2024-08-31 21:51:34,ETHUSDT,bid,2420,4422.293
2024-08-31 21:52:30,ETHUSDT,bid,2460,5089.518
2024-08-31 21:53:07,ETHUSDT,bid,2470,5213.071
2024-08-31 21:53:07,ETHUSDT,bid,2420,10108.855
2024-08-31 21:53:08,ETHUSDT,bid,2420,10239.851
2024-08-31 21:53:36,ETHUSDT,bid,2460,5092.518
2024-08-31 21:53:46,ETHUSDT,bid,2460,5089.518
2024-08-31 21:54:42,ETHUSDT,bid,2450,5231.29
2024-08-31 21:56:10,ETHUSDT,bid,2410,5121.854
2024-08-31 21:56:20,ETHUSDT,bid,2420,4408.278
2024-08-31 21:56:21,ETHUSDT,bid,2420,4422.309
2024-08-31 21:57:40,ETHUSDT,bid,2430,5225.914
2024-08-31 21:57:53,ETHUSDT,bid,2420,10108.855
2024-08-31 21:57:54,ETHUSDT,bid,2420,10239.995
2024-08-31 21:59:17,ETHUSDT,bid,2420,4132.089
2024-08-31 21:59:29,ETHUSDT,bid,2420,4132.099
2024-08-31 21:59:40,ETHUSDT,bid,2460,5089.498
2024-08-31 22:00:16,ETHUSDT,bid,2420,4132.079
2024-08-31 22:00:33,ETHUSDT,bid,2440,5165.189
2024-08-31 22:01:06,ETHUSDT,bid,2420,4408.278
2024-08-31 22:01:07,ETHUSDT,bid,2420,4422.325
2024-08-31 22:01:49,ETHUSDT,bid,2430,5228.914
2024-08-31 22:01:53,ETHUSDT,bid,2460,5088.998
2024-08-31 22:02:11,ETHUSDT,bid,2450,5230.988
2024-08-31 22:02:33,ETHUSDT,bid,2420,10108.855
2024-08-31 22:02:34,ETHUSDT,bid,2420,10240.137
2024-08-31 22:04:21,ETHUSDT,bid,2450,5231.295
2024-08-31 22:04:43,ETHUSDT,bid,2430,5229.017
2024-08-31 22:05:48,ETHUSDT,bid,2420,4408.278
2024-08-31 22:05:49,ETHUSDT,bid,2420,4422.341
2024-08-31 22:06:04,ETHUSDT,bid,2460,5091.998
2024-08-31 22:06:05,ETHUSDT,bid,2460,5094.709
2024-08-31 22:06:14,ETHUSDT,bid,2460,5091.709
2024-08-31 22:07:20,ETHUSDT,bid,2420,10108.855
2024-08-31 22:07:21,ETHUSDT,bid,2420,10240.281
2024-08-31 22:09:38,ETHUSDT,bid,2450,5234.299
2024-08-31 22:10:29,ETHUSDT,bid,2420,4408.278
2024-08-31 22:10:30,ETHUSDT,bid,2420,4422.357
2024-08-31 22:11:04,ETHUSDT,bid,2450,5234.309
2024-08-31 22:11:08,ETHUSDT,bid,2470,5220.335
2024-08-31 22:12:01,ETHUSDT,bid,2460,5094.709
2024-08-31 22:12:10,ETHUSDT,bid,2420,10108.855
2024-08-31 22:12:11,ETHUSDT,bid,2420,10240.424
2024-08-31 22:12:16,ETHUSDT,bid,2460,5091.709
2024-08-31 22:12:37,ETHUSDT,bid,2410,5122.114
2024-08-31 22:12:37,ETHUSDT,bid,2420,10240.65
2024-08-31 22:12:37,ETHUSDT,bid,2430,5229.21
2024-08-31 22:12:37,ETHUSDT,bid,2440,5165.348
2024-08-31 22:12:37,ETHUSDT,bid,2450,5234.434
2024-08-31 22:12:37,ETHUSDT,bid,2460,5091.801
2024-08-31 22:12:37,ETHUSDT,bid,2470,5220.393
2024-08-31 22:13:14,ETHUSDT,bid,2420,10240.62
2024-08-31 22:13:52,ETHUSDT,bid,2450,5234.424
2024-08-31 22:14:01,ETHUSDT,bid,2470,5206.942
2024-08-31 22:14:06,ETHUSDT,bid,2440,5165.171
2024-08-31 22:14:54,ETHUSDT,bid,2430,5228.21
2024-08-31 22:15:01,ETHUSDT,bid,2470,5207.913
2024-08-31 22:15:12,ETHUSDT,bid,2420,4408.278
2024-08-31 22:15:12,ETHUSDT,bid,2420,4422.373
2024-08-31 22:15:28,ETHUSDT,bid,2470,5200.649
2024-08-31 22:16:00,ETHUSDT,bid,2470,5199.678
2024-08-31 22:17:01,ETHUSDT,bid,2420,10109.051
2024-08-31 22:17:01,ETHUSDT,bid,2420,10240.756
2024-08-31 22:17:06,ETHUSDT,bid,2430,5228.887
2024-08-31 22:17:12,ETHUSDT,bid,2440,5170.171
2024-08-31 22:17:12,ETHUSDT,bid,2460,5086.801
2024-08-31 22:17:20,ETHUSDT,bid,2460,5100.306
2024-08-31 22:17:29,ETHUSDT,bid,2450,5234.435
2024-08-31 22:18:15,ETHUSDT,bid,2420,10240.77
2024-08-31 22:18:17,ETHUSDT,bid,2470,5199.79
2024-08-31 22:19:55,ETHUSDT,bid,2420,4408.278
2024-08-31 22:19:56,ETHUSDT,bid,2420,4422.388
2024-08-31 22:20:41,ETHUSDT,bid,2420,10241.408
2024-08-31 22:21:46,ETHUSDT,bid,2420,10240.77
2024-08-31 22:21:47,ETHUSDT,bid,2420,10109.065
2024-08-31 22:21:48,ETHUSDT,bid,2420,10240.903
2024-08-31 22:22:00,ETHUSDT,bid,2140,4735.052
2024-08-31 22:22:11,ETHUSDT,bid,2460,5101.123
2024-08-31 22:22:16,ETHUSDT,bid,2430,5229.887
2024-08-31 22:22:58,ETHUSDT,bid,2430,5229.587
2024-08-31 22:23:14,ETHUSDT,bid,2470,5200.522
2024-08-31 22:23:31,ETHUSDT,bid,2450,5237.489
2024-08-31 22:23:51,ETHUSDT,bid,2470,5202.533
2024-08-31 22:24:05,ETHUSDT,bid,2450,5239.5
2024-08-31 22:24:07,ETHUSDT,bid,2470,5200.522
2024-08-31 22:24:21,ETHUSDT,bid,2450,5237.489
2024-08-31 22:24:38,ETHUSDT,bid,2420,4408.278
2024-08-31 22:24:57,ETHUSDT,bid,2450,5219.579
2024-08-31 22:25:31,ETHUSDT,bid,2460,5114.626
2024-08-31 22:25:31,ETHUSDT,bid,2460,5128.132
2024-08-31 22:25:35,ETHUSDT,bid,2460,5141.635
2024-08-31 22:25:38,ETHUSDT,bid,2460,5155.141
2024-08-31 22:26:10,ETHUSDT,bid,2430,5230.089
2024-08-31 22:26:20,ETHUSDT,bid,2420,4400.022
2024-08-31 22:26:23,ETHUSDT,bid,2420,10109.065
2024-08-31 22:26:24,ETHUSDT,bid,2420,10241.034
2024-08-31 22:27:11,ETHUSDT,bid,2410,5122.335
2024-08-31 22:27:28,ETHUSDT,bid,2430,5229.587
2024-08-31 22:27:31,ETHUSDT,bid,2470,5200.542
2024-08-31 22:27:34,ETHUSDT,bid,2440,5175.171
2024-08-31 22:27:59,ETHUSDT,bid,2470,5202.542
2024-08-31 22:30:14,ETHUSDT,bid,2470,5202.947
2024-08-31 22:30:33,ETHUSDT,bid,2420,10240.402
2024-08-31 22:30:33,ETHUSDT,bid,2470,5202.328
2024-08-31 22:30:51,ETHUSDT,bid,2420,4400.04
2024-08-31 22:31:08,ETHUSDT,bid,2410,5127.335
2024-08-31 22:31:11,ETHUSDT,bid,2420,10108.433
2024-08-31 22:31:12,ETHUSDT,bid,2420,10240.526
2024-08-31 22:32:25,ETHUSDT,bid,2460,5154.324
2024-08-31 22:32:45,ETHUSDT,bid,2460,5155.324
2024-08-31 22:32:47,ETHUSDT,bid,2410,4160.09
2024-08-31 22:32:53,ETHUSDT,bid,2460,5152.613
2024-08-31 22:33:22,ETHUSDT,bid,2470,5203.142
2024-08-31 22:33:32,ETHUSDT,bid,2420,10240.626
2024-08-31 22:33:34,ETHUSDT,bid,2420,10241.389
2024-08-31 22:33:34,ETHUSDT,bid,2470,5203.89
2024-08-31 22:35:07,ETHUSDT,bid,2430,5230.613
2024-08-31 22:35:11,ETHUSDT,bid,2430,5229.587
2024-08-31 22:36:01,ETHUSDT,bid,2420,10109.296
2024-08-31 22:36:02,ETHUSDT,bid,2420,10241.522
2024-08-31 22:36:07,ETHUSDT,bid,2430,5230.613
2024-08-31 22:37:30,ETHUSDT,bid,2430,5229.587
2024-08-31 22:37:55,ETHUSDT,bid,2420,10246.022
2024-08-31 22:38:00,ETHUSDT,bid,2420,10241.522
2024-08-31 22:38:38,ETHUSDT,bid,2420,10242.522
2024-08-31 22:38:54,ETHUSDT,bid,2450,5219.782
2024-08-31 22:39:06,ETHUSDT,bid,2440,5174.671
2024-08-31 22:39:41,ETHUSDT,bid,2470,5245.558
2024-08-31 22:40:27,ETHUSDT,bid,2460,5156.613
2024-08-31 22:40:41,ETHUSDT,bid,2460,5143.108
2024-08-31 22:40:48,ETHUSDT,bid,2420,10110.296
2024-08-31 22:40:49,ETHUSDT,bid,2420,10242.654
2024-08-31 22:41:43,ETHUSDT,bid,2430,5232.051
2024-08-31 22:41:49,ETHUSDT,bid,2410,5124.851
2024-08-31 22:42:01,ETHUSDT,bid,2450,5221.74
2024-08-31 22:42:19,ETHUSDT,bid,2420,4390.25
2024-08-31 22:42:22,ETHUSDT,bid,2470,5247.578
2024-08-31 22:42:30,ETHUSDT,bid,2460,5145.136
2024-08-31 22:42:38,ETHUSDT,bid,2450,5223.776
2024-08-31 22:42:51,ETHUSDT,bid,2470,5248.578
2024-08-31 22:43:00,ETHUSDT,bid,2450,5221.818
2024-08-31 22:43:37,ETHUSDT,bid,2430,5226.925
2024-08-31 22:44:01,ETHUSDT,bid,2420,4268.77
2024-08-31 22:44:01,ETHUSDT,bid,2420,4392.197
2024-08-31 22:44:01,ETHUSDT,bid,2420,4392.694
2024-08-31 22:45:01,ETHUSDT,bid,2450,5231.818
2024-08-31 22:45:36,ETHUSDT,bid,2420,10110.296
2024-08-31 22:45:37,ETHUSDT,bid,2420,10242.786
2024-08-31 22:45:37,ETHUSDT,bid,2470,5248.173
2024-08-31 22:45:54,ETHUSDT,bid,2430,5289.816
2024-08-31 22:46:05,ETHUSDT,bid,2470,5246.173
2024-08-31 22:46:09,ETHUSDT,bid,2430,5226.925
2024-08-31 22:46:28,ETHUSDT,bid,2470,5245.973
2024-08-31 22:46:52,ETHUSDT,bid,2470,5244.273
2024-08-31 22:48:55,ETHUSDT,bid,2460,5131.63
2024-08-31 22:48:58,ETHUSDT,bid,2460,5118.127
2024-08-31 22:48:58,ETHUSDT,bid,2460,5104.624
2024-08-31 22:49:00,ETHUSDT,bid,2420,4309.652
2024-08-31 22:49:00,ETHUSDT,bid,2420,4252.194
2024-08-31 22:49:00,ETHUSDT,bid,2420,4132.079
2024-08-31 22:49:05,ETHUSDT,bid,2460,5091.118
2024-08-31 22:49:10,ETHUSDT,bid,2460,5089.323
2024-08-31 22:49:17,ETHUSDT,bid,2430,5227.089
2024-08-31 22:49:22,ETHUSDT,bid,2450,5233.656
2024-08-31 22:49:50,ETHUSDT,bid,2470,5249.273
2024-08-31 22:50:22,ETHUSDT,bid,2420,10110.296
2024-08-31 22:50:22,ETHUSDT,bid,2430,5282.089
2024-08-31 22:50:23,ETHUSDT,bid,2420,10242.912
2024-08-31 22:51:02,ETHUSDT,bid,2450,5233.965
2024-08-31 22:51:13,ETHUSDT,bid,2430,5292.089
2024-08-31 22:52:02,ETHUSDT,bid,2420,10247.412
2024-08-31 22:52:07,ETHUSDT,bid,2420,10242.912
2024-08-31 22:52:13,ETHUSDT,bid,2470,5244.273
2024-08-31 22:52:23,ETHUSDT,bid,2420,10243.128
2024-08-31 22:53:20,ETHUSDT,bid,2440,5177.671
2024-08-31 22:53:29,ETHUSDT,bid,2410,5126.851
2024-08-31 22:53:30,ETHUSDT,bid,2460,5089.877
2024-08-31 22:53:43,ETHUSDT,bid,2460,5089.323
2024-08-31 22:53:50,ETHUSDT,bid,2450,5234.044
2024-08-31 22:54:34,ETHUSDT,bid,2470,5254.273
2024-08-31 22:54:44,ETHUSDT,bid,2470,5244.273
2024-08-31 22:55:06,ETHUSDT,bid,2420,10110.512
2024-08-31 22:55:07,ETHUSDT,bid,2420,10243.255
2024-08-31 22:55:08,ETHUSDT,bid,2470,4180.399
2024-08-31 22:55:24,ETHUSDT,bid,2470,5244.162
2024-08-31 22:56:14,ETHUSDT,bid,2470,5247.131
2024-08-31 22:56:15,ETHUSDT,bid,2410,5124.851
2024-08-31 22:56:24,ETHUSDT,bid,2460,5092.292
2024-08-31 22:56:43,ETHUSDT,bid,2410,5124.841
2024-08-31 22:57:58,ETHUSDT,bid,2440,5187.671
2024-08-31 22:58:13,ETHUSDT,bid,2140,4735.042
2024-08-31 22:59:17,ETHUSDT,bid,2450,5233.842
2024-08-31 22:59:23,ETHUSDT,bid,2470,4175.548
2024-08-31 22:59:39,ETHUSDT,bid,2460,5093.51
2024-08-31 22:59:53,ETHUSDT,bid,2420,10110.512
2024-08-31 22:59:54,ETHUSDT,bid,2420,10243.385
2024-08-31 23:00:56,ETHUSDT,bid,2450,5235.853
2024-08-31 23:01:12,ETHUSDT,bid,2450,5233.842
2024-08-31 23:01:58,ETHUSDT,bid,2450,5233.535
2024-08-31 23:01:59,ETHUSDT,bid,2420,10243.797
2024-08-31 23:04:45,ETHUSDT,bid,2420,10110.924
2024-08-31 23:04:46,ETHUSDT,bid,2420,10243.921
2024-08-31 23:05:11,ETHUSDT,bid,2470,5247.106
2024-08-31 23:05:50,ETHUSDT,bid,2470,5250.093
2024-08-31 23:06:26,ETHUSDT,bid,2470,5249.79
2024-08-31 23:06:34,ETHUSDT,bid,2410,5126.451
2024-08-31 23:06:42,ETHUSDT,bid,2420,10243.912
2024-08-31 23:07:35,ETHUSDT,bid,2460,5097.972
2024-08-31 23:07:39,ETHUSDT,bid,1960,5205.932
2024-08-31 23:07:48,ETHUSDT,bid,1950,5355.692
2024-08-31 23:07:58,ETHUSDT,bid,2410,5118.17
2024-08-31 23:08:34,ETHUSDT,bid,2470,5251.29
2024-08-31 23:09:29,ETHUSDT,bid,2420,10110.915
2024-08-31 23:09:30,ETHUSDT,bid,2420,10244.03
2024-08-31 23:09:58,ETHUSDT,bid,2420,4394.75
2024-08-31 23:10:04,ETHUSDT,bid,2420,4390.25
2024-08-31 23:11:49,ETHUSDT,bid,2460,5103.101
2024-08-31 23:13:04,ETHUSDT,bid,2470,5261.29
2024-08-31 23:13:09,ETHUSDT,bid,1700,6066.888
2024-08-31 23:13:09,ETHUSDT,bid,1960,5205.807
2024-08-31 23:13:09,ETHUSDT,bid,2140,4734.917
2024-08-31 23:13:26,ETHUSDT,bid,2470,5259.79
2024-08-31 23:13:31,ETHUSDT,bid,2410,5118.18
2024-08-31 23:13:31,ETHUSDT,bid,2470,5249.79
2024-08-31 23:13:31,ETHUSDT,bid,2410,5118.19
2024-08-31 23:13:31,ETHUSDT,bid,2410,5118.2
2024-08-31 23:13:31,ETHUSDT,bid,2410,5118.21
2024-08-31 23:13:32,ETHUSDT,bid,2410,5118.22
2024-08-31 23:13:32,ETHUSDT,bid,2410,5118.23
2024-08-31 23:13:33,ETHUSDT,bid,2410,5118.24
2024-08-31 23:13:34,ETHUSDT,bid,2410,5118.25
2024-08-31 23:13:34,ETHUSDT,bid,2410,5118.26
2024-08-31 23:13:35,ETHUSDT,bid,2410,5118.27
2024-08-31 23:13:37,ETHUSDT,bid,2410,5118.28
2024-08-31 23:13:37,ETHUSDT,bid,2410,5118.3
2024-08-31 23:13:38,ETHUSDT,bid,2410,5118.31
2024-08-31 23:13:38,ETHUSDT,bid,2470,4175.569
2024-08-31 23:13:40,ETHUSDT,bid,2420,10243.618
2024-08-31 23:13:42,ETHUSDT,bid,2410,5118.32
2024-08-31 23:13:42,ETHUSDT,bid,2410,5118.33
2024-08-31 23:13:47,ETHUSDT,bid,2450,5233.657
2024-08-31 23:13:58,ETHUSDT,bid,2410,5118.32
2024-08-31 23:13:58,ETHUSDT,bid,2410,5118.31
2024-08-31 23:14:12,ETHUSDT,bid,2420,10110.503
2024-08-31 23:14:13,ETHUSDT,bid,2420,10243.738
2024-08-31 23:14:15,ETHUSDT,bid,2420,4394.75
2024-08-31 23:14:23,ETHUSDT,bid,2470,5253.29
2024-08-31 23:14:26,ETHUSDT,bid,2420,4390.25
2024-08-31 23:14:48,ETHUSDT,bid,2450,5233.707
2024-08-31 23:14:57,ETHUSDT,bid,2470,5261.362
2024-08-31 23:17:01,ETHUSDT,bid,2410,4160.101
2024-08-31 23:17:32,ETHUSDT,bid,2460,5143.101
2024-08-31 23:17:39,ETHUSDT,bid,2420,10243.522
2024-08-31 23:18:54,ETHUSDT,bid,2420,10110.287
2024-08-31 23:18:55,ETHUSDT,bid,2420,10243.642
2024-08-31 23:19:25,ETHUSDT,bid,2410,5118.32
2024-08-31 23:19:33,ETHUSDT,bid,2410,5118.31
2024-08-31 23:19:48,ETHUSDT,bid,2450,5234.707
2024-08-31 23:20:01,ETHUSDT,bid,2470,5253.29
2024-08-31 23:20:34,ETHUSDT,bid,2450,5232.23
2024-08-31 23:20:47,ETHUSDT,bid,2440,5177.671
2024-08-31 23:20:50,ETHUSDT,bid,2470,5249.29
2024-08-31 23:20:51,ETHUSDT,bid,2440,5177.526
2024-08-31 23:21:35,ETHUSDT,bid,2470,5250.29
2024-08-31 23:21:43,ETHUSDT,bid,2460,5144.101
2024-08-31 23:21:43,ETHUSDT,bid,2450,5232.516
2024-08-31 23:21:51,ETHUSDT,bid,2440,5178.526
2024-08-31 23:22:13,ETHUSDT,bid,2450,5233.516
2024-08-31 23:22:24,ETHUSDT,bid,2440,5179.526
2024-08-31 23:22:24,ETHUSDT,bid,2420,10244.228
2024-08-31 23:22:32,ETHUSDT,bid,2430,5293.089
2024-08-31 23:22:39,ETHUSDT,bid,2460,5154.101
2024-08-31 23:22:41,ETHUSDT,bid,2470,5250.69
2024-08-31 23:23:00,ETHUSDT,bid,2420,4390.232
2024-08-31 23:23:43,ETHUSDT,bid,2420,10110.873
2024-08-31 23:23:44,ETHUSDT,bid,2420,10244.344
2024-08-31 23:23:52,ETHUSDT,bid,2470,5251.749
2024-08-31 23:24:02,ETHUSDT,bid,2470,5252.961
2024-08-31 23:24:21,ETHUSDT,bid,2470,5305.361
2024-08-31 23:24:21,ETHUSDT,bid,2460,5155.751
2024-08-31 23:24:23,ETHUSDT,bid,2470,5382.361
2024-08-31 23:24:46,ETHUSDT,bid,2450,5233.486
2024-08-31 23:26:15,ETHUSDT,bid,2410,5118.05
2024-08-31 23:26:15,ETHUSDT,bid,2420,10244.118
2024-08-31 23:26:15,ETHUSDT,bid,2430,5292.896
2024-08-31 23:26:15,ETHUSDT,bid,2440,5179.367
2024-08-31 23:26:15,ETHUSDT,bid,2450,5233.361
2024-08-31 23:26:15,ETHUSDT,bid,2460,5155.659
2024-08-31 23:26:15,ETHUSDT,bid,2470,5382.303
2024-08-31 23:26:17,ETHUSDT,bid,2430,5293.306
2024-08-31 23:26:38,ETHUSDT,bid,2460,5155.659
2024-08-31 23:27:04,ETHUSDT,bid,2420,4390.436
2024-08-31 23:27:12,ETHUSDT,bid,2440,5180.097
2024-08-31 23:27:25,ETHUSDT,bid,1960,5205.477
2024-08-31 23:27:26,ETHUSDT,bid,2470,5252.903
2024-08-31 23:27:39,ETHUSDT,bid,2410,5118.314
2024-08-31 23:27:39,ETHUSDT,bid,2420,10244.348
2024-08-31 23:27:39,ETHUSDT,bid,2430,5293.502
2024-08-31 23:27:39,ETHUSDT,bid,2440,5180.259
2024-08-31 23:27:39,ETHUSDT,bid,2450,5233.489
2024-08-31 23:27:39,ETHUSDT,bid,2460,5155.752
2024-08-31 23:27:39,ETHUSDT,bid,2470,5252.962
2024-08-31 23:27:59,ETHUSDT,bid,2450,5236.928
2024-08-31 23:28:17,ETHUSDT,bid,2470,5252.992
2024-08-31 23:28:24,ETHUSDT,bid,2420,10110.877
2024-08-31 23:28:25,ETHUSDT,bid,2420,10244.473
2024-08-31 23:29:24,ETHUSDT,bid,2430,5293.515
2024-08-31 23:30:49,ETHUSDT,bid,2460,5156.503
2024-08-31 23:31:02,ETHUSDT,bid,2460,5168.697
2024-08-31 23:31:34,ETHUSDT,bid,2460,5156.503
2024-08-31 23:33:07,ETHUSDT,bid,2420,10110.877
2024-08-31 23:33:08,ETHUSDT,bid,2420,10244.598
2024-08-31 23:33:13,ETHUSDT,bid,2450,5226.928
2024-08-31 23:33:26,ETHUSDT,bid,2430,5336.139
2024-08-31 23:34:18,ETHUSDT,bid,2420,10244.56
2024-08-31 23:34:46,ETHUSDT,bid,2430,5336.126
2024-08-31 23:35:08,ETHUSDT,bid,2470,5253.242
2024-08-31 23:36:14,ETHUSDT,bid,2460,5155.503
2024-08-31 23:37:10,ETHUSDT,bid,2460,5157.199
2024-08-31 23:37:54,ETHUSDT,bid,2420,10110.839
2024-08-31 23:37:55,ETHUSDT,bid,2420,10244.689
2024-08-31 23:37:58,ETHUSDT,bid,2420,4390.336
2024-08-31 23:39:41,ETHUSDT,bid,2450,5227.928
2024-08-31 23:40:58,ETHUSDT,bid,2420,10243.097
2024-08-31 23:40:59,ETHUSDT,bid,2420,10235.749
2024-08-31 23:41:39,ETHUSDT,bid,2470,5253.205
2024-08-31 23:42:09,ETHUSDT,bid,2410,5118.107
2024-08-31 23:42:26,ETHUSDT,bid,2450,5227.028
2024-08-31 23:42:42,ETHUSDT,bid,2420,10101.899
2024-08-31 23:42:43,ETHUSDT,bid,2420,10235.871
2024-08-31 23:43:02,ETHUSDT,bid,2440,5178.792
2024-08-31 23:44:47,ETHUSDT,bid,2460,5156.914
2024-08-31 23:44:56,ETHUSDT,bid,2430,5336.226
2024-08-31 23:44:57,ETHUSDT,bid,2430,5340.567
2024-08-31 23:45:20,ETHUSDT,bid,2460,5175.145
2024-08-31 23:45:26,ETHUSDT,bid,2410,5117.843
2024-08-31 23:45:26,ETHUSDT,bid,2420,10235.641
2024-08-31 23:45:26,ETHUSDT,bid,2430,5340.371
2024-08-31 23:45:26,ETHUSDT,bid,2440,5178.63
2024-08-31 23:45:26,ETHUSDT,bid,2450,5226.9
2024-08-31 23:45:26,ETHUSDT,bid,2460,5175.052
2024-08-31 23:45:26,ETHUSDT,bid,2470,5253.146
2024-08-31 23:45:46,ETHUSDT,bid,2450,5226.692
2024-08-31 23:45:47,ETHUSDT,bid,2470,4176.783
2024-08-31 23:46:54,ETHUSDT,bid,2460,5170.59
2024-08-31 23:47:33,ETHUSDT,bid,2420,10101.669
2024-08-31 23:47:34,ETHUSDT,bid,2420,10235.75
2024-08-31 23:47:41,ETHUSDT,bid,2420,4390.879
2024-08-31 23:47:48,ETHUSDT,bid,2440,5178.711
2024-08-31 23:47:58,ETHUSDT,bid,2450,5226.702
2024-08-31 23:48:03,ETHUSDT,bid,2430,5340.593
2024-08-31 23:48:12,ETHUSDT,bid,2420,4390.679
2024-08-31 23:48:41,ETHUSDT,bid,2450,5226.735
2024-08-31 23:48:54,ETHUSDT,bid,2440,5163.711
2024-08-31 23:49:32,ETHUSDT,bid,2460,5152.359
2024-08-31 23:49:43,ETHUSDT,bid,2450,5226.261
2024-08-31 23:49:50,ETHUSDT,bid,2460,5152.368
2024-08-31 23:49:57,ETHUSDT,bid,2440,5165.79
