2024-09-16 08:12:37,ETHUSDT,bid,2220,4617.792
2024-09-16 08:12:43,ETHUSDT,bid,2220,10357.522
2024-09-16 08:13:02,ETHUSDT,bid,2220,4616.792
2024-09-16 08:13:02,ETHUSDT,bid,2230,4543.702
2024-09-16 08:13:14,ETHUSDT,bid,2240,10021.24
2024-09-16 08:13:20,ETHUSDT,bid,2250,4691.748
2024-09-16 08:13:21,ETHUSDT,bid,2230,4533.702
2024-09-16 08:13:25,ETHUSDT,bid,2240,10023.24
2024-09-16 08:14:02,ETHUSDT,bid,2220,4641.792
2024-09-16 08:14:03,ETHUSDT,bid,2250,4838.336
2024-09-16 08:14:08,ETHUSDT,bid,2220,10358.022
2024-09-16 08:14:08,ETHUSDT,bid,2230,5174.141
2024-09-16 08:14:22,ETHUSDT,bid,2250,4693.961
2024-09-16 08:14:27,ETHUSDT,bid,2250,4739.372
2024-09-16 08:14:34,ETHUSDT,bid,2240,10021.889
2024-09-16 08:14:36,ETHUSDT,bid,2240,10079.735
2024-09-16 08:14:36,ETHUSDT,bid,2240,10086.359
2024-09-16 08:14:36,ETHUSDT,bid,2240,10028.513
2024-09-16 08:14:36,ETHUSDT,bid,2220,4641.702
2024-09-16 08:14:36,ETHUSDT,bid,2230,4533.612
2024-09-16 08:14:37,ETHUSDT,bid,2220,10357.722
2024-09-16 08:14:40,ETHUSDT,bid,2220,4641.802
2024-09-16 08:14:40,ETHUSDT,bid,2250,4738.93
2024-09-16 08:14:40,ETHUSDT,bid,2240,10021.889
2024-09-16 08:14:41,ETHUSDT,bid,2250,4838.78
2024-09-16 08:14:41,ETHUSDT,bid,2230,4531.386
2024-09-16 08:14:45,ETHUSDT,bid,2220,10358.397
2024-09-16 08:14:52,ETHUSDT,bid,2220,10358.554
2024-09-16 08:14:52,ETHUSDT,bid,2230,4528.255
2024-09-16 08:14:53,ETHUSDT,bid,2230,5173.909
2024-09-16 08:14:56,ETHUSDT,bid,2210,5039.456
2024-09-16 08:14:56,ETHUSDT,bid,2230,5173.889
2024-09-16 08:14:57,ETHUSDT,bid,2220,4641.778
2024-09-16 08:14:57,ETHUSDT,bid,2240,10030.805
2024-09-16 08:14:57,ETHUSDT,bid,2250,4860.77
2024-09-16 08:15:03,ETHUSDT,bid,2250,4882.76
2024-09-16 08:15:03,ETHUSDT,bid,2250,4904.75
2024-09-16 08:15:03,ETHUSDT,bid,2250,4737.43
2024-09-16 08:15:09,ETHUSDT,bid,2250,4924.541
2024-09-16 08:15:13,ETHUSDT,bid,2250,4858.571
2024-09-16 08:15:13,ETHUSDT,bid,2250,4838.78
2024-09-16 08:15:18,ETHUSDT,bid,2240,10098.586
2024-09-16 08:15:18,ETHUSDT,bid,2250,4838.993
2024-09-16 08:15:18,ETHUSDT,bid,2240,10030.805
2024-09-16 08:15:22,ETHUSDT,bid,2250,4559.118
2024-09-16 08:15:22,ETHUSDT,bid,2230,4527.455
2024-09-16 08:15:22,ETHUSDT,bid,2230,5174.105
2024-09-16 08:15:25,ETHUSDT,bid,2220,10350.181
2024-09-16 08:15:25,ETHUSDT,bid,2240,10029.255
2024-09-16 08:15:26,ETHUSDT,bid,2230,4527.465
2024-09-16 08:15:29,ETHUSDT,bid,2250,4559.169
2024-09-16 08:15:32,ETHUSDT,bid,2250,4738.344
2024-09-16 08:15:39,ETHUSDT,bid,2230,4527.515
2024-09-16 08:15:41,ETHUSDT,bid,2220,10357.181
2024-09-16 08:15:49,ETHUSDT,bid,2250,4737.43
2024-09-16 08:15:56,ETHUSDT,bid,2230,4527.582
2024-09-16 08:15:59,ETHUSDT,bid,2220,10357.191
2024-09-16 08:16:10,ETHUSDT,bid,2240,10020.339
2024-09-16 08:16:11,ETHUSDT,bid,2250,4559.16
2024-09-16 08:16:14,ETHUSDT,bid,2240,10028.367
2024-09-16 08:16:14,ETHUSDT,bid,2240,10020.339
2024-09-16 08:16:22,ETHUSDT,bid,2220,4646.778
2024-09-16 08:16:22,ETHUSDT,bid,2250,4602.702
2024-09-16 08:16:22,ETHUSDT,bid,2220,4650.458
2024-09-16 08:16:26,ETHUSDT,bid,2250,4617.216
2024-09-16 08:16:26,ETHUSDT,bid,2250,4631.73
2024-09-16 08:16:26,ETHUSDT,bid,2250,4617.216
2024-09-16 08:16:29,ETHUSDT,bid,2240,10028.367
2024-09-16 08:16:29,ETHUSDT,bid,2240,10020.339
2024-09-16 08:16:35,ETHUSDT,bid,2220,10354.191
2024-09-16 08:16:42,ETHUSDT,bid,2250,4606.11
2024-09-16 08:16:44,ETHUSDT,bid,2230,5174.094
2024-09-16 08:16:47,ETHUSDT,bid,2230,5174.104
2024-09-16 08:16:47,ETHUSDT,bid,2250,4591.596
2024-09-16 08:16:47,ETHUSDT,bid,2250,4548.054
2024-09-16 08:16:48,ETHUSDT,bid,2250,4737.789
2024-09-16 08:16:53,ETHUSDT,bid,2250,4548.498
2024-09-16 08:16:53,ETHUSDT,bid,2220,10354.034
2024-09-16 08:17:00,ETHUSDT,bid,2220,4660.57
2024-09-16 08:17:15,ETHUSDT,bid,2220,10362.224
2024-09-16 08:17:20,ETHUSDT,bid,2250,4548.054
2024-09-16 08:17:29,ETHUSDT,bid,2220,4660.527
2024-09-16 08:17:34,ETHUSDT,bid,2220,10362.674
2024-09-16 08:17:35,ETHUSDT,bid,2250,4548.151
2024-09-16 08:17:37,ETHUSDT,bid,2220,4662.863
2024-09-16 08:17:42,ETHUSDT,bid,2230,5174.354
2024-09-16 08:17:45,ETHUSDT,bid,2250,4548.054
2024-09-16 08:17:46,ETHUSDT,bid,2250,4738.263
2024-09-16 08:17:47,ETHUSDT,bid,2220,10361.674
2024-09-16 08:17:48,ETHUSDT,bid,2250,4737.789
2024-09-16 08:17:49,ETHUSDT,bid,2220,4662.909
2024-09-16 08:17:49,ETHUSDT,bid,2250,4570.044
2024-09-16 08:17:49,ETHUSDT,bid,2250,4587.805
2024-09-16 08:17:50,ETHUSDT,bid,2250,4587.914
2024-09-16 08:17:56,ETHUSDT,bid,2250,4738.789
2024-09-16 08:17:57,ETHUSDT,bid,1700,6046.464
2024-09-16 08:18:06,ETHUSDT,bid,2230,5038.376
2024-09-16 08:18:13,ETHUSDT,bid,2240,10020.76
2024-09-16 08:18:15,ETHUSDT,bid,2220,10361.696
2024-09-16 08:18:15,ETHUSDT,bid,2220,10362.896
2024-09-16 08:18:17,ETHUSDT,bid,2250,4565.924
2024-09-16 08:18:44,ETHUSDT,bid,2220,10361.628
2024-09-16 08:18:54,ETHUSDT,bid,2250,4548.163
2024-09-16 08:19:52,ETHUSDT,bid,2250,4548.936
2024-09-16 08:19:57,ETHUSDT,bid,2220,4663.134
