1726704760855,BTCUSDT,bid,61900,1000.324
1726704762379,BTCUSDT,bid,61900,1000.349
1726704766562,BTCUSDT,bid,61900,1000.374
1726704848070,BTCUSDT,bid,61900,1001.041
1726704850005,BTCUSDT,bid,61900,1002.412
1726704850511,BTCUSDT,bid,61900,1002.412
1726704850810,BTCUSDT,bid,61900,1002.362
1726704855541,BTCUSDT,bid,61900,1002.412
1726704856257,BTCUSDT,bid,61900,1002.362
1726704863790,BTCUSDT,bid,61900,1002.461
1726705128102,BTCUSDT,bid,61900,1000.322
1726705128614,BTCUSDT,bid,61900,1000.322
1726705128718,BTCUSDT,bid,61900,1000.302
1726705129938,BTCUSDT,bid,61900,1000.306
1726705130854,BTCUSDT,bid,61900,1000.306
1726705131259,BTCUSDT,bid,61900,1000.538
1726705132487,BTCUSDT,bid,61900,1000.57
1726705132688,BTCUSDT,bid,61900,1000.538
1726705133298,BTCUSDT,bid,61900,1000.306
1726705134206,BTCUSDT,bid,61900,1000.326
1726705135322,BTCUSDT,bid,61900,1000.347
1726705135727,BTCUSDT,bid,61900,1000.327
1726705224843,BTCUSDT,bid,61900,1000.32
1726705225151,BTCUSDT,bid,61900,1000.295
1726705225252,BTCUSDT,bid,61900,1000.275
1726705228103,BTCUSDT,bid,61900,1000.331
1726705246971,BTCUSDT,bid,61900,1000.329
1726705253345,BTCUSDT,bid,61900,1000.392
1726705254267,BTCUSDT,bid,61900,1000.41
1726705264551,BTCUSDT,bid,62000,1005.013
1726705265972,BTCUSDT,bid,62000,1005.026
1726705267309,BTCUSDT,bid,61900,1000.45
1726705267820,BTCUSDT,bid,61900,1000.41
1726705268023,BTCUSDT,bid,62000,1005.024
1726705268326,BTCUSDT,bid,62000,1005.022
1726705269538,BTCUSDT,bid,62000,1004.944
1726705390611,BTCUSDT,bid,47000,852.926
1726705557066,BTCUSDT,bid,62000,1002.355
1726705561368,BTCUSDT,bid,62000,1002.208
1726705563613,BTCUSDT,bid,62000,1002.206
1726705566668,BTCUSDT,bid,62000,1002.246
1726705567075,BTCUSDT,bid,62000,1002.206
1726705575260,BTCUSDT,bid,62100,1012.102
1726705575664,BTCUSDT,bid,62100,1012.262
1726705576170,BTCUSDT,bid,62100,1012.272
1726705577503,BTCUSDT,bid,62100,1012.112
1726705578112,BTCUSDT,bid,62100,1012.172
1726705578317,BTCUSDT,bid,62100,1012.166
1726705579947,BTCUSDT,bid,62000,1002.208
1726705580250,BTCUSDT,bid,62100,1012.126
1726705580771,BTCUSDT,bid,62100,1012.076
1726705581490,BTCUSDT,bid,62100,1012.087
1726705583445,BTCUSDT,bid,62100,1012.076
1726705584060,BTCUSDT,bid,62100,1012.072
1726705584371,BTCUSDT,bid,62100,1011.911
1726705584778,BTCUSDT,bid,62000,1002.206
1726705584778,BTCUSDT,bid,62100,1011.886
1726705586725,BTCUSDT,bid,62100,1011.866
1726705710021,BTCUSDT,bid,62100,1013.993
1726705711139,BTCUSDT,bid,62100,1014.043
1726705711444,BTCUSDT,bid,62100,1013.993
1726705712156,BTCUSDT,bid,62100,1014.043
1726705713372,BTCUSDT,bid,62100,1013.993
1726705716901,BTCUSDT,bid,62100,1014.043
1726705725107,BTCUSDT,bid,62100,1014.13
1726705726330,BTCUSDT,bid,62100,1013.969
1726705726856,BTCUSDT,bid,62100,1013.889
1726705728178,BTCUSDT,bid,62100,1013.911
1726705733584,BTCUSDT,bid,62100,1013.909
1726705734699,BTCUSDT,bid,62100,1013.911
1726705734800,BTCUSDT,bid,62100,1013.909
1726705736222,BTCUSDT,bid,62100,1003.909
1726705898327,BTCUSDT,bid,47000,852.895
1726706013300,BTCUSDT,bid,62100,1008.924
1726706014623,BTCUSDT,bid,62100,1008.949
1726706014825,BTCUSDT,bid,62100,1008.924
1726706014926,BTCUSDT,bid,62100,1008.914
1726706015028,BTCUSDT,bid,62100,1008.889
1726706015230,BTCUSDT,bid,62100,1008.879
1726706016346,BTCUSDT,bid,62100,1008.904
1726706016548,BTCUSDT,bid,62100,1008.879
1726706017662,BTCUSDT,bid,62100,1008.915
1726706020931,BTCUSDT,bid,62100,1008.926
1726706021032,BTCUSDT,bid,62100,1008.976
1726706024007,BTCUSDT,bid,62100,1009.06
1726706025634,BTCUSDT,bid,62100,1009.063
1726706025738,BTCUSDT,bid,62100,1008.979
1726706028678,BTCUSDT,bid,62100,1008.981
1726706029923,BTCUSDT,bid,62100,1008.979
1726706030126,BTCUSDT,bid,62100,1008.981
1726706031136,BTCUSDT,bid,62100,1008.931
1726706032556,BTCUSDT,bid,62100,1008.981
1726706032658,BTCUSDT,bid,62100,1009.153
1726706036219,BTCUSDT,bid,62100,2009.153
1726706038371,BTCUSDT,bid,62100,2009.103
1726706043156,BTCUSDT,bid,62100,1009.103
1726706070719,BTCUSDT,bid,62200,1000.5
1726706075600,BTCUSDT,bid,62200,1000.6
1726706075702,BTCUSDT,bid,62200,1000.646
1726706077131,BTCUSDT,bid,62200,1000.648
1726706077841,BTCUSDT,bid,62200,1001.148
1726706078351,BTCUSDT,bid,62200,1001.495
1726706078657,BTCUSDT,bid,62200,1001.489
1726706078960,BTCUSDT,bid,62200,1001.142
1726706082114,BTCUSDT,bid,62200,1001.136
1726706083130,BTCUSDT,bid,62200,1002.131
1726706089245,BTCUSDT,bid,62200,1001.631
1726706092828,BTCUSDT,bid,62200,1001.667
1726706093443,BTCUSDT,bid,62200,1001.635
1726706093645,BTCUSDT,bid,62200,1001.631
1726706094771,BTCUSDT,bid,62200,1001.681
1726706095588,BTCUSDT,bid,62200,1001.6
1726706096000,BTCUSDT,bid,62200,1001.55
1726706096709,BTCUSDT,bid,62200,1000.555
1726706098847,BTCUSDT,bid,62200,1000.648
1726706099967,BTCUSDT,bid,62200,1000.684
1726706101203,BTCUSDT,bid,62200,1000.648
1726706101304,BTCUSDT,bid,62200,1000.668
1726706102221,BTCUSDT,bid,62200,1000.648
1726706103947,BTCUSDT,bid,62200,1000.669
1726706111076,BTCUSDT,bid,62200,1000.705
1726706111783,BTCUSDT,bid,62200,1000.715
1726706111884,BTCUSDT,bid,62200,1000.725
1726706112496,BTCUSDT,bid,62200,2000.725
1726706113104,BTCUSDT,bid,62200,2000.689
1726706113205,BTCUSDT,bid,62200,2000.689
1726706113410,BTCUSDT,bid,62200,2000.725
1726706113509,BTCUSDT,bid,62200,2000.725
1726706113615,BTCUSDT,bid,62200,2000.725
1726706115542,BTCUSDT,bid,62200,1000.725
1726706116159,BTCUSDT,bid,62200,1000.806
1726706116361,BTCUSDT,bid,62200,1000.856
1726706116458,BTCUSDT,bid,62200,1000.82
1726706375308,BTCUSDT,bid,47000,852.884
1726706448149,BTCUSDT,bid,62200,1000.463
1726706448254,BTCUSDT,bid,62200,1000.467
1726706449584,BTCUSDT,bid,62200,1000.469
1726706450403,BTCUSDT,bid,62200,1000.398
1726706451722,BTCUSDT,bid,62200,1000.396
1726706454671,BTCUSDT,bid,62200,1000.435
1726706462335,BTCUSDT,bid,62200,1000.426
1726706462436,BTCUSDT,bid,62200,1000.564
1726706463975,BTCUSDT,bid,62200,1000.562
1726706464179,BTCUSDT,bid,62200,1000.431
1726706465297,BTCUSDT,bid,62200,1000.434
1726706466207,BTCUSDT,bid,62200,1000.562
1726706466811,BTCUSDT,bid,62200,1000.474
1726706467424,BTCUSDT,bid,62200,1000.436
1726706467931,BTCUSDT,bid,62200,1000.586
1726706468856,BTCUSDT,bid,62200,1000.56
1726706470987,BTCUSDT,bid,62200,1000.589
1726706471703,BTCUSDT,bid,62200,1000.562
1726706473023,BTCUSDT,bid,62200,1004.762
1726706481377,BTCUSDT,bid,62200,1004.765
1726706482089,BTCUSDT,bid,62200,1000.593
1726706484010,BTCUSDT,bid,62200,1004.767
1726706484941,BTCUSDT,bid,62200,1004.797
1726706490424,BTCUSDT,bid,62200,1004.797
1726706491344,BTCUSDT,bid,62200,1004.799
1726706493586,BTCUSDT,bid,62200,1004.499
1726706495946,BTCUSDT,bid,62200,1000.615
1726706496755,BTCUSDT,bid,62200,1004.501
1726706497869,BTCUSDT,bid,62200,1005.938
1726706497970,BTCUSDT,bid,62200,1005.888
1726706498781,BTCUSDT,bid,62200,1000.617
1726706498881,BTCUSDT,bid,62200,1000.615
1726706499079,BTCUSDT,bid,62200,1004.519
1726706500807,BTCUSDT,bid,62200,1000.617
1726706501626,BTCUSDT,bid,62200,1004.521
1726706501827,BTCUSDT,bid,62200,1004.571
1726706502232,BTCUSDT,bid,62200,1004.551
1726706502335,BTCUSDT,bid,62200,1004.549
1726706503251,BTCUSDT,bid,62200,1004.499
1726706504076,BTCUSDT,bid,62200,1004.549
1726706504178,BTCUSDT,bid,62200,1004.549
1726706506116,BTCUSDT,bid,62200,1004.567
1726706506320,BTCUSDT,bid,62200,1004.517
1726706506420,BTCUSDT,bid,62200,1004.517
1726706507945,BTCUSDT,bid,62200,1004.317
1726706508148,BTCUSDT,bid,62200,1004.299
1726706509881,BTCUSDT,bid,62200,1006.571
1726706510285,BTCUSDT,bid,62200,1006.591
1726706511002,BTCUSDT,bid,62200,1000.619
1726706511002,BTCUSDT,bid,62200,1004.319
1726706511710,BTCUSDT,bid,62200,1004.298
1726706512015,BTCUSDT,bid,62200,1007.319
1726706512115,BTCUSDT,bid,62200,1004.298
1726706513026,BTCUSDT,bid,62200,1007.319
1726706513130,BTCUSDT,bid,62200,1004.298
1726706513332,BTCUSDT,bid,62200,1004.321
1726706514046,BTCUSDT,bid,62200,1007.342
1726706514146,BTCUSDT,bid,62200,1004.321
1726706515374,BTCUSDT,bid,62200,1004.296
1726706515477,BTCUSDT,bid,62200,1000.617
1726706515780,BTCUSDT,bid,62200,1004.276
1726706516595,BTCUSDT,bid,62200,1000.68
1726706516595,BTCUSDT,bid,62200,1004.373
1726706517713,BTCUSDT,bid,62200,1004.393
1726706518527,BTCUSDT,bid,62200,1004.418
1726706519037,BTCUSDT,bid,62200,1000.682
1726706519037,BTCUSDT,bid,62200,1004.443
1726706519141,BTCUSDT,bid,62200,1000.729
1726706519343,BTCUSDT,bid,62200,1000.682
1726706519543,BTCUSDT,bid,62200,1004.443
1726706519648,BTCUSDT,bid,62200,1004.456
1726706519954,BTCUSDT,bid,62200,1000.68
1726706520156,BTCUSDT,bid,62200,1001.539
1726706520256,BTCUSDT,bid,62200,1004.431
1726706520661,BTCUSDT,bid,62200,1004.406
1726706520762,BTCUSDT,bid,62200,1004.386
1726707099094,BTCUSDT,bid,62400,1005.417
1726707100610,BTCUSDT,bid,62400,1007.112
1726707101016,BTCUSDT,bid,62400,1005.478
1726707101117,BTCUSDT,bid,62400,1005.478
1726707101627,BTCUSDT,bid,62400,1005.878
1726707140973,BTCUSDT,bid,62300,1001.282
1726707141277,BTCUSDT,bid,62300,1001.272
1726707141480,BTCUSDT,bid,62300,1000.069
1726707141580,BTCUSDT,bid,62300,1000.073
1726707141681,BTCUSDT,bid,62300,1000.078
1726707143506,BTCUSDT,bid,62300,1000.069
1726707145335,BTCUSDT,bid,62300,1000.061
1726707147795,BTCUSDT,bid,62300,1000.049
1726707148806,BTCUSDT,bid,62300,1000.047
1726707153471,BTCUSDT,bid,62300,1000.041
1726707162225,BTCUSDT,bid,62300,1000.043
1726707212883,BTCUSDT,bid,62400,1000.829
1726707212982,BTCUSDT,bid,62400,1000.879
1726707213188,BTCUSDT,bid,62400,1000.869
1726707213701,BTCUSDT,bid,62400,1000.944
1726707214004,BTCUSDT,bid,62400,1000.894
1726707214611,BTCUSDT,bid,62400,1000.954
1726707214717,BTCUSDT,bid,62400,1000.879
1726707216865,BTCUSDT,bid,62400,1000.829
1726707220349,BTCUSDT,bid,62400,1001.175
1726707220554,BTCUSDT,bid,62400,1001.159
1726707221065,BTCUSDT,bid,62400,1000.813
1726707221368,BTCUSDT,bid,62400,1000.813
1726707221470,BTCUSDT,bid,62400,1000.843
1726707223012,BTCUSDT,bid,62400,1000.88
1726707223113,BTCUSDT,bid,62400,1001.249
1726707223316,BTCUSDT,bid,62400,1001.299
1726707225999,BTCUSDT,bid,62400,1001.249
1726707229774,BTCUSDT,bid,62400,1001.285
1726707230289,BTCUSDT,bid,62400,1001.356
1726707231006,BTCUSDT,bid,62400,1001.37
1726707231311,BTCUSDT,bid,62400,1001.299
1726707231719,BTCUSDT,bid,62400,1001.302
1726707232132,BTCUSDT,bid,62400,1001.252
1726707232235,BTCUSDT,bid,62400,1001.254
1726707233255,BTCUSDT,bid,62400,1001.343
1726707233768,BTCUSDT,bid,62400,1001.379
1726707234276,BTCUSDT,bid,62400,1001.315
1726707234378,BTCUSDT,bid,62400,1001.325
1726707234480,BTCUSDT,bid,62400,1001.327
1726707234784,BTCUSDT,bid,62400,1001.329
1726707237053,BTCUSDT,bid,62400,1001.293
1726707238174,BTCUSDT,bid,62400,1001.325
1726707238273,BTCUSDT,bid,62400,1001.293
1726707240109,BTCUSDT,bid,62400,1001.268
1726707240719,BTCUSDT,bid,62400,1001.258
1726707240923,BTCUSDT,bid,62400,1001.706
1726707241435,BTCUSDT,bid,62400,1001.717
1726707241748,BTCUSDT,bid,62400,1001.719
1726707241847,BTCUSDT,bid,62400,1001.771
1726707242454,BTCUSDT,bid,62400,1001.781
1726707360017,BTCUSDT,bid,62400,1008.341
1726707360118,BTCUSDT,bid,62400,1005.32
1726707360933,BTCUSDT,bid,62400,1005.959
1726707361034,BTCUSDT,bid,62400,1008.98
1726707361137,BTCUSDT,bid,62400,1005.959
1726707362048,BTCUSDT,bid,62400,1008.98
1726707362148,BTCUSDT,bid,62400,1005.959
1726707362252,BTCUSDT,bid,62400,1005.939
1726707363064,BTCUSDT,bid,62400,1005.939
1726707364688,BTCUSDT,bid,62400,1005.929
1726707364789,BTCUSDT,bid,62400,1005.927
1726707365295,BTCUSDT,bid,62400,1005.91
1726707365396,BTCUSDT,bid,62400,1005.324
1726709360571,BTCUSDT,bid,60400,531.231
1726709371559,BTCUSDT,bid,47000,852.879
1726709451655,BTCUSDT,bid,60400,690.433
1726709525021,BTCUSDT,bid,60400,672.74
1726709611711,BTCUSDT,bid,47000,852.899
1726709949667,BTCUSDT,bid,60500,668.923
1726710223435,BTCUSDT,bid,60600,668.325
1726710786366,BTCUSDT,bid,61800,1000.297
1726711512503,BTCUSDT,bid,61800,1014.927
1726711512705,BTCUSDT,bid,61800,1014.896
1726711513518,BTCUSDT,bid,61800,1014.758
1726711516768,BTCUSDT,bid,61800,1014.678
1726711523225,BTCUSDT,bid,61800,1014.718
1726711523633,BTCUSDT,bid,61800,1014.678
1726711526652,BTCUSDT,bid,61800,1014.728
1726711531034,BTCUSDT,bid,61800,1014.737
1726712185428,BTCUSDT,bid,61900,1001.121
1726712185532,BTCUSDT,bid,61900,1001.321
1726712186677,BTCUSDT,bid,61900,1001.257
1726712548427,BTCUSDT,bid,47000,852.774
1726712796172,BTCUSDT,bid,47000,852.771
1726713086607,BTCUSDT,bid,47000,852.768
1726714439957,BTCUSDT,bid,47000,852.718
1726714497325,BTCUSDT,bid,60900,665.348
1726714633079,BTCUSDT,bid,60900,803.043
1726714974467,BTCUSDT,bid,47000,852.697
1726718109777,BTCUSDT,bid,49800,800.266
1726718111208,BTCUSDT,bid,47000,852.57
1726718538509,BTCUSDT,bid,47000,852.567
1726718664989,BTCUSDT,bid,47000,852.559
1726719674954,BTCUSDT,bid,47000,852.562
1726720051770,BTCUSDT,bid,47000,852.35
1726722103957,BTCUSDT,bid,47000,852.14
1726723003836,BTCUSDT,bid,47000,851.681
1726728724499,BTCUSDT,bid,47000,852.033
1726728737284,BTCUSDT,bid,47000,851.681
1726731789606,BTCUSDT,bid,47000,851.678
1726732586613,BTCUSDT,bid,47000,851.653
1726732682790,BTCUSDT,bid,47000,851.819
1726704046411,BTCUSD_PERP,bid,61200,544.05
1726704048951,BTCUSD_PERP,bid,61200,545.99
1726704065307,BTCUSD_PERP,bid,61200,544.26
1726704065407,BTCUSD_PERP,bid,61200,604.83
1726704065509,BTCUSD_PERP,bid,61200,664.89
1726704065610,BTCUSD_PERP,bid,61200,724.95
1726704068861,BTCUSD_PERP,bid,61200,664.89
1726704068962,BTCUSD_PERP,bid,61200,604.83
1726704069171,BTCUSD_PERP,bid,61200,544.15
1726704119605,BTCUSD_PERP,bid,61400,545.41
1726704119704,BTCUSD_PERP,bid,61400,605.61
1726704119803,BTCUSD_PERP,bid,61400,681.02
1726704134829,BTCUSD_PERP,bid,61400,499.18
1726704166424,BTCUSD_PERP,bid,61500,545.44
1726704199534,BTCUSD_PERP,bid,61300,606.44
1726704199934,BTCUSD_PERP,bid,61300,606.58
1726704204206,BTCUSD_PERP,bid,61300,605.98
1726704215605,BTCUSD_PERP,bid,47000,2388.82
1726704216613,BTCUSD_PERP,bid,61300,545.25
1726704242552,BTCUSD_PERP,bid,61200,546.03
1726704276268,BTCUSD_PERP,bid,61300,543.61
1726704276469,BTCUSD_PERP,bid,61300,604.3
1726704286031,BTCUSD_PERP,bid,61300,543.61
1726704304500,BTCUSD_PERP,bid,61300,545.04
1726704312734,BTCUSD_PERP,bid,61300,606.06
1726704322774,BTCUSD_PERP,bid,61400,544.6
1726704322877,BTCUSD_PERP,bid,61400,604.78
1726704344953,BTCUSD_PERP,bid,61400,544.0
1726704345260,BTCUSD_PERP,bid,61300,543.75
1726704345363,BTCUSD_PERP,bid,61300,604.51
1726704350452,BTCUSD_PERP,bid,61300,544.69
1726704350773,BTCUSD_PERP,bid,61300,605.42
1726704354704,BTCUSD_PERP,bid,61300,500.42
1726704354704,BTCUSD_PERP,bid,61300,604.21
1726704357051,BTCUSD_PERP,bid,61300,544.1
1726704424787,BTCUSD_PERP,bid,61300,544.88
1726704456423,BTCUSD_PERP,bid,61400,666.3
1726704456520,BTCUSD_PERP,bid,61400,727.11
1726704456625,BTCUSD_PERP,bid,61400,787.92
1726704466624,BTCUSD_PERP,bid,61400,605.49
1726704466721,BTCUSD_PERP,bid,61300,907.72
1726704466927,BTCUSD_PERP,bid,61300,968.49
1726704481816,BTCUSD_PERP,bid,61300,907.72
1726704482015,BTCUSD_PERP,bid,61300,786.8
1726704482121,BTCUSD_PERP,bid,61300,605.11
1726704482223,BTCUSD_PERP,bid,61300,544.96
1726704482630,BTCUSD_PERP,bid,61400,545.35
1726704482732,BTCUSD_PERP,bid,61400,605.54
1726704545299,BTCUSD_PERP,bid,61300,544.45
1726704560863,BTCUSD_PERP,bid,61400,545.93
1726704577257,BTCUSD_PERP,bid,61900,523.17
1726704582386,BTCUSD_PERP,bid,61900,523.73
1726704582788,BTCUSD_PERP,bid,61900,522.17
1726704583808,BTCUSD_PERP,bid,61900,523.64
1726704584003,BTCUSD_PERP,bid,61900,522.17
1726704584214,BTCUSD_PERP,bid,61900,523.7
1726704585236,BTCUSD_PERP,bid,61900,522.17
1726704588615,BTCUSD_PERP,bid,61900,523.61
1726704588714,BTCUSD_PERP,bid,61900,522.17
1726704614592,BTCUSD_PERP,bid,61500,547.01
1726704614803,BTCUSD_PERP,bid,61500,607.32
1726704618029,BTCUSD_PERP,bid,61500,546.39
1726704620362,BTCUSD_PERP,bid,61500,498.43
1726704620769,BTCUSD_PERP,bid,61500,559.41
1726704654824,BTCUSD_PERP,bid,61500,667.84
1726704654929,BTCUSD_PERP,bid,61500,728.16
1726704655030,BTCUSD_PERP,bid,61500,789.1
1726704704929,BTCUSD_PERP,bid,61500,788.05
1726704705133,BTCUSD_PERP,bid,61500,848.96
1726704708408,BTCUSD_PERP,bid,61400,606.48
1726704708508,BTCUSD_PERP,bid,61400,730.41
1726704708705,BTCUSD_PERP,bid,61400,791.28
1726704713841,BTCUSD_PERP,bid,61400,730.41
1726704714045,BTCUSD_PERP,bid,61400,787.1
1726704714247,BTCUSD_PERP,bid,61400,847.93
1726704714348,BTCUSD_PERP,bid,61400,908.15
1726704750858,BTCUSD_PERP,bid,61400,847.93
1726704751366,BTCUSD_PERP,bid,61400,666.05
1726704751469,BTCUSD_PERP,bid,61400,605.22
1726704751672,BTCUSD_PERP,bid,61400,544.39
1726704762103,BTCUSD_PERP,bid,61500,546.36
1726704762204,BTCUSD_PERP,bid,61500,789.39
1726704762305,BTCUSD_PERP,bid,61500,911.11
1726704762514,BTCUSD_PERP,bid,61500,972.02
1726704763240,BTCUSD_PERP,bid,61500,1032.31
1726704799813,BTCUSD_PERP,bid,61500,607.47
1726704799909,BTCUSD_PERP,bid,61500,910.63
1726704817180,BTCUSD_PERP,bid,61500,849.75
1726704817383,BTCUSD_PERP,bid,61500,667.72
1726704817481,BTCUSD_PERP,bid,61500,546.58
1726704910170,BTCUSD_PERP,bid,61500,970.43
1726704915575,BTCUSD_PERP,bid,61500,667.22
1726704915771,BTCUSD_PERP,bid,61500,606.95
1726704915978,BTCUSD_PERP,bid,61500,606.82
1726704916075,BTCUSD_PERP,bid,61500,667.75
1726704916285,BTCUSD_PERP,bid,61500,788.99
1726704916369,BTCUSD_PERP,bid,61500,849.92
1726704916486,BTCUSD_PERP,bid,61500,971.06
1726704916583,BTCUSD_PERP,bid,61500,1092.3
1726704946973,BTCUSD_PERP,bid,61500,606.3
1726704959029,BTCUSD_PERP,bid,61400,726.98
1726704966921,BTCUSD_PERP,bid,61400,498.77
1726704983285,BTCUSD_PERP,bid,61400,726.62
1726704989927,BTCUSD_PERP,bid,61400,666.42
1726704990031,BTCUSD_PERP,bid,61400,665.47
1726705009766,BTCUSD_PERP,bid,61400,545.6
1726705009971,BTCUSD_PERP,bid,61400,606.43
1726705010076,BTCUSD_PERP,bid,61400,667.26
1726705010384,BTCUSD_PERP,bid,61400,728.09
1726705018325,BTCUSD_PERP,bid,61400,607.06
1726705018946,BTCUSD_PERP,bid,61400,849.39
1726705019048,BTCUSD_PERP,bid,61400,970.36
1726705019145,BTCUSD_PERP,bid,61300,530.52
1726705019145,BTCUSD_PERP,bid,61400,1030.54
1726705046366,BTCUSD_PERP,bid,61400,848.17
1726705046466,BTCUSD_PERP,bid,61400,546.06
1726705046670,BTCUSD_PERP,bid,61400,545.6
1726705046774,BTCUSD_PERP,bid,61400,606.43
1726705046981,BTCUSD_PERP,bid,61400,666.63
1726705047186,BTCUSD_PERP,bid,61400,787.67
1726705047289,BTCUSD_PERP,bid,61400,908.71
1726705047397,BTCUSD_PERP,bid,61400,1030.26
1726705047498,BTCUSD_PERP,bid,61400,1090.47
1726705047603,BTCUSD_PERP,bid,61400,1151.3
1726705047703,BTCUSD_PERP,bid,61300,530.63
1726705047801,BTCUSD_PERP,bid,61300,591.35
1726705047801,BTCUSD_PERP,bid,61400,1212.13
1726705053466,BTCUSD_PERP,bid,61400,1224.09
1726705071455,BTCUSD_PERP,bid,61300,530.62
1726705071858,BTCUSD_PERP,bid,61400,1042.22
1726705072161,BTCUSD_PERP,bid,61400,981.39
1726705072367,BTCUSD_PERP,bid,61400,860.36
1726705072466,BTCUSD_PERP,bid,61400,799.53
1726705072564,BTCUSD_PERP,bid,61400,739.32
1726705072671,BTCUSD_PERP,bid,61400,618.28
1726705072869,BTCUSD_PERP,bid,61400,557.45
1726705073381,BTCUSD_PERP,bid,61400,545.22
1726705073477,BTCUSD_PERP,bid,61400,666.34
1726705073586,BTCUSD_PERP,bid,61400,727.21
1726705101769,BTCUSD_PERP,bid,61400,666.97
1726705119205,BTCUSD_PERP,bid,61400,606.1
1726705119716,BTCUSD_PERP,bid,61400,545.23
1726705120432,BTCUSD_PERP,bid,61500,546.2
1726705120745,BTCUSD_PERP,bid,61500,667.4
1726705228028,BTCUSD_PERP,bid,61500,607.11
1726705228129,BTCUSD_PERP,bid,61500,546.2
1726705259522,BTCUSD_PERP,bid,61500,546.85
1726705275392,BTCUSD_PERP,bid,61700,486.32
1726705275481,BTCUSD_PERP,bid,61700,547.42
1726705292129,BTCUSD_PERP,bid,61700,486.94
1726705292232,BTCUSD_PERP,bid,61700,486.58
1726705292337,BTCUSD_PERP,bid,61700,547.71
1726705292444,BTCUSD_PERP,bid,61700,669.97
1726705292544,BTCUSD_PERP,bid,61700,791.61
1726705292646,BTCUSD_PERP,bid,61700,912.63
1726705292746,BTCUSD_PERP,bid,61700,973.76
1726705294678,BTCUSD_PERP,bid,61700,790.99
1726705294878,BTCUSD_PERP,bid,61700,729.86
1726705294979,BTCUSD_PERP,bid,61700,608.84
1726705314251,BTCUSD_PERP,bid,61800,487.97
1726705314351,BTCUSD_PERP,bid,61800,549.2
1726705314551,BTCUSD_PERP,bid,61800,670.42
1726705318417,BTCUSD_PERP,bid,61800,975.32
1726705318727,BTCUSD_PERP,bid,61800,1036.52
1726705337442,BTCUSD_PERP,bid,61800,914.75
1726705337541,BTCUSD_PERP,bid,61800,854.18
1726705337746,BTCUSD_PERP,bid,61800,792.98
1726705337844,BTCUSD_PERP,bid,61800,671.21
1726705337948,BTCUSD_PERP,bid,61800,549.44
1726705337948,BTCUSD_PERP,bid,61800,487.97
1726705338050,BTCUSD_PERP,bid,61800,488.24
1726705338050,BTCUSD_PERP,bid,61800,670.42
1726705338357,BTCUSD_PERP,bid,61800,731.65
1726705338555,BTCUSD_PERP,bid,61800,792.77
1726705338658,BTCUSD_PERP,bid,61800,853.38
1726705338752,BTCUSD_PERP,bid,61800,975.84
1726705338864,BTCUSD_PERP,bid,61700,537.42
1726705338864,BTCUSD_PERP,bid,61800,1037.07
1726705356118,BTCUSD_PERP,bid,61800,976.46
1726705356632,BTCUSD_PERP,bid,61800,915.85
1726705356943,BTCUSD_PERP,bid,61800,733.4
1726705357158,BTCUSD_PERP,bid,61800,672.17
1726705357158,BTCUSD_PERP,bid,61800,486.93
1726705357261,BTCUSD_PERP,bid,61800,489.11
1726705357261,BTCUSD_PERP,bid,61800,548.19
1726705357763,BTCUSD_PERP,bid,61800,488.8
1726705357863,BTCUSD_PERP,bid,61800,550.07
1726705357964,BTCUSD_PERP,bid,61800,611.34
1726705358172,BTCUSD_PERP,bid,61800,672.61
1726705451084,BTCUSD_PERP,bid,61700,488.15
1726705451199,BTCUSD_PERP,bid,61700,549.26
1726705451512,BTCUSD_PERP,bid,61700,549.41
1726705451723,BTCUSD_PERP,bid,61700,549.56
1726705476818,BTCUSD_PERP,bid,61600,487.43
1726705496713,BTCUSD_PERP,bid,61600,487.12
1726705515611,BTCUSD_PERP,bid,61600,547.48
1726705515714,BTCUSD_PERP,bid,61600,608.53
1726705515914,BTCUSD_PERP,bid,61600,669.58
1726705539466,BTCUSD_PERP,bid,61700,486.8
1726705539671,BTCUSD_PERP,bid,61700,547.27
1726705548834,BTCUSD_PERP,bid,61600,486.55
1726705548935,BTCUSD_PERP,bid,61600,547.6
1726705612210,BTCUSD_PERP,bid,61600,486.7
1726705612308,BTCUSD_PERP,bid,61600,547.72
1726705735962,BTCUSD_PERP,bid,61700,486.98
1726705764543,BTCUSD_PERP,bid,61700,668.14
1726705764644,BTCUSD_PERP,bid,61700,729.23
1726705780374,BTCUSD_PERP,bid,61700,545.96
1726705780889,BTCUSD_PERP,bid,61700,547.45
1726705781705,BTCUSD_PERP,bid,61700,607.95
1726705781808,BTCUSD_PERP,bid,61700,669.07
1726705782027,BTCUSD_PERP,bid,61700,729.57
1726705805499,BTCUSD_PERP,bid,61700,669.09
1726705805603,BTCUSD_PERP,bid,61700,608.59
1726705805705,BTCUSD_PERP,bid,61700,548.09
1726705806004,BTCUSD_PERP,bid,61700,486.97
1726705817789,BTCUSD_PERP,bid,61700,486.62
1726705817895,BTCUSD_PERP,bid,61700,547.74
1726705817994,BTCUSD_PERP,bid,61600,533.14
1726705823596,BTCUSD_PERP,bid,61700,486.18
1726705823810,BTCUSD_PERP,bid,61600,532.87
1726705823906,BTCUSD_PERP,bid,61700,547.26
1726705823906,BTCUSD_PERP,ask,62900,482.43
1726705843563,BTCUSD_PERP,bid,61600,532.61
1726705843563,BTCUSD_PERP,bid,61600,547.04
1726705854409,BTCUSD_PERP,bid,61700,546.71
1726705854506,BTCUSD_PERP,bid,61600,532.89
1726705854608,BTCUSD_PERP,bid,61700,607.8
1726705863984,BTCUSD_PERP,bid,61600,547.04
1726705892048,BTCUSD_PERP,bid,61600,487.59
1726705892453,BTCUSD_PERP,bid,61600,546.7
1726705935649,BTCUSD_PERP,bid,61600,487.53
1726705950523,BTCUSD_PERP,bid,61600,546.41
1726705950822,BTCUSD_PERP,bid,61600,607.47
1726705960411,BTCUSD_PERP,bid,61600,546.41
1726706027659,BTCUSD_PERP,bid,61700,486.28
1726706027763,BTCUSD_PERP,bid,61700,546.77
1726706027982,BTCUSD_PERP,bid,61700,607.25
1726706031042,BTCUSD_PERP,bid,61700,546.14
1726706032272,BTCUSD_PERP,bid,61700,547.15
1726706032582,BTCUSD_PERP,bid,61700,608.3
1726706049166,BTCUSD_PERP,bid,61700,486.62
1726706050186,BTCUSD_PERP,bid,61800,487.6
1726706050288,BTCUSD_PERP,bid,61800,548.78
1726706050389,BTCUSD_PERP,bid,61800,669.92
1726706050499,BTCUSD_PERP,bid,61800,731.1
1726706050597,BTCUSD_PERP,bid,61800,792.18
1726706050805,BTCUSD_PERP,bid,61800,853.36
1726706050906,BTCUSD_PERP,bid,61800,913.93
1726706051004,BTCUSD_PERP,bid,61800,974.5
1726706051106,BTCUSD_PERP,bid,61800,1035.68
1726706111527,BTCUSD_PERP,bid,61700,670.03
1726706111628,BTCUSD_PERP,bid,61700,533.52
1726706111628,BTCUSD_PERP,bid,61700,1096.9
1726706111726,BTCUSD_PERP,bid,61700,594.57
1726706111726,BTCUSD_PERP,bid,61700,1158.06
1726706117062,BTCUSD_PERP,bid,61700,608.0
1726706117159,BTCUSD_PERP,bid,61600,534.99
1726706117159,BTCUSD_PERP,bid,61700,1156.84
1726706117462,BTCUSD_PERP,bid,61600,596.01
1726706117462,BTCUSD_PERP,bid,61700,1217.96
1726706131376,BTCUSD_PERP,bid,61600,535.4
1726706131376,BTCUSD_PERP,bid,61700,912.36
1726706131479,BTCUSD_PERP,bid,61700,547.5
1726706131576,BTCUSD_PERP,bid,61700,486.38
1726706132605,BTCUSD_PERP,bid,61700,486.09
1726706132908,BTCUSD_PERP,bid,61700,547.25
1726706179723,BTCUSD_PERP,bid,61700,729.73
1726706179821,BTCUSD_PERP,bid,61700,790.86
1726706180651,BTCUSD_PERP,bid,61700,730.35
1726706180850,BTCUSD_PERP,bid,61700,607.76
1726706181158,BTCUSD_PERP,bid,61700,668.86
1726706305774,BTCUSD_PERP,bid,61600,547.06
1726706423987,BTCUSD_PERP,bid,61800,548.16
1726706424085,BTCUSD_PERP,bid,61800,608.72
1726706424190,BTCUSD_PERP,bid,61800,669.9
1726706424395,BTCUSD_PERP,bid,61800,731.08
1726706424493,BTCUSD_PERP,bid,61800,792.26
1726706439503,BTCUSD_PERP,bid,61800,669.9
1726706440007,BTCUSD_PERP,bid,61800,608.72
1726706440312,BTCUSD_PERP,bid,61800,547.54
1726706440410,BTCUSD_PERP,bid,61800,486.97
1726706441030,BTCUSD_PERP,bid,61800,516.25
1726706441129,BTCUSD_PERP,bid,61800,576.86
1726706441216,BTCUSD_PERP,bid,61800,698.71
1726706441333,BTCUSD_PERP,bid,61800,820.56
1726706441436,BTCUSD_PERP,bid,61800,822.09
1726706472490,BTCUSD_PERP,bid,61800,761.47
1726706472585,BTCUSD_PERP,bid,61800,700.86
1726706472691,BTCUSD_PERP,bid,61800,639.62
1726706472782,BTCUSD_PERP,bid,61800,578.38
1726706473298,BTCUSD_PERP,bid,61800,488.28
1726706473405,BTCUSD_PERP,bid,61800,610.18
1726706473500,BTCUSD_PERP,bid,61800,670.81
1726706473602,BTCUSD_PERP,bid,61800,731.46
1726706496228,BTCUSD_PERP,bid,61800,732.36
1726706498767,BTCUSD_PERP,bid,61800,671.12
1726706498964,BTCUSD_PERP,bid,61800,731.92
1726706565204,BTCUSD_PERP,bid,61800,488.19
1726706565305,BTCUSD_PERP,bid,61800,548.83
1726706565409,BTCUSD_PERP,bid,61800,610.1
1726706565607,BTCUSD_PERP,bid,61800,670.75
1726706636126,BTCUSD_PERP,bid,61800,610.1
1726706636335,BTCUSD_PERP,bid,61800,609.8
1726706636431,BTCUSD_PERP,bid,61800,671.04
1726706656012,BTCUSD_PERP,bid,61800,609.47
1726706656112,BTCUSD_PERP,bid,61800,670.68
1726706694734,BTCUSD_PERP,bid,61800,486.53
1726706695048,BTCUSD_PERP,bid,61800,547.74
1726706711909,BTCUSD_PERP,bid,61800,486.53
1726706713618,BTCUSD_PERP,bid,61800,487.34
1726706713927,BTCUSD_PERP,bid,61800,547.96
1726706753376,BTCUSD_PERP,bid,61800,486.72
1726706753871,BTCUSD_PERP,bid,61800,486.47
1726706793364,BTCUSD_PERP,bid,61700,547.86
1726706816518,BTCUSD_PERP,bid,61700,487.6
1726706816728,BTCUSD_PERP,bid,61700,609.21
1726706816824,BTCUSD_PERP,bid,61700,670.33
1726706817129,BTCUSD_PERP,bid,61700,730.83
1726706817332,BTCUSD_PERP,bid,61700,791.95
1726706817541,BTCUSD_PERP,bid,61700,852.45
1726706817633,BTCUSD_PERP,bid,61700,912.94
1726706827762,BTCUSD_PERP,bid,61700,791.33
1726706827866,BTCUSD_PERP,bid,61700,608.59
1726706828172,BTCUSD_PERP,bid,61700,548.1
1726706900049,BTCUSD_PERP,bid,61800,549.49
1726706900360,BTCUSD_PERP,bid,61800,610.06
1726706900465,BTCUSD_PERP,bid,61800,671.26
1726706962450,BTCUSD_PERP,bid,61800,610.68
1726706962640,BTCUSD_PERP,bid,61800,549.48
1726706962945,BTCUSD_PERP,bid,61800,488.91
1726706963878,BTCUSD_PERP,bid,61700,548.48
1726706964296,BTCUSD_PERP,bid,61700,731.96
1726706964400,BTCUSD_PERP,bid,61700,793.12
1726707008636,BTCUSD_PERP,bid,61700,731.96
1726707008832,BTCUSD_PERP,bid,61700,609.74
1726707008940,BTCUSD_PERP,bid,61700,548.58
1726707009141,BTCUSD_PERP,bid,61700,487.42
1726707010063,BTCUSD_PERP,bid,61800,488.42
1726707010474,BTCUSD_PERP,bid,61800,549.0
1726707010572,BTCUSD_PERP,bid,61800,610.21
1726707010684,BTCUSD_PERP,bid,61800,671.42
1726707046096,BTCUSD_PERP,bid,61800,549.63
1726707046198,BTCUSD_PERP,bid,61800,610.53
1726707046404,BTCUSD_PERP,bid,61800,671.77
1726707059967,BTCUSD_PERP,bid,61800,610.53
1726707060167,BTCUSD_PERP,bid,61800,549.92
1726707100405,BTCUSD_PERP,bid,61900,488.14
1726707100714,BTCUSD_PERP,bid,61900,549.47
1726707127406,BTCUSD_PERP,bid,61900,488.14
1726707148457,BTCUSD_PERP,bid,61900,550.0
1726707148867,BTCUSD_PERP,bid,61900,611.37
1726707148966,BTCUSD_PERP,bid,61900,734.11
1726707164200,BTCUSD_PERP,bid,61900,611.52
1726707164400,BTCUSD_PERP,bid,61900,672.86
1726707186787,BTCUSD_PERP,bid,61900,490.1
1726707186997,BTCUSD_PERP,bid,61900,672.44
1726707187100,BTCUSD_PERP,bid,61900,733.12
1726707193615,BTCUSD_PERP,bid,61900,671.82
1726707214871,BTCUSD_PERP,bid,61900,550.45
1726707214978,BTCUSD_PERP,bid,61900,672.57
1726707215180,BTCUSD_PERP,bid,61900,733.32
1726707215283,BTCUSD_PERP,bid,61900,794.69
1726707336589,BTCUSD_PERP,bid,61900,733.96
1726707336783,BTCUSD_PERP,bid,61900,672.59
1726707337093,BTCUSD_PERP,bid,61900,549.85
1726707337291,BTCUSD_PERP,bid,61900,489.1
1726707337801,BTCUSD_PERP,bid,62000,489.02
1726707337900,BTCUSD_PERP,bid,62000,549.83
1726707346054,BTCUSD_PERP,bid,62000,488.39
1726707346862,BTCUSD_PERP,bid,62000,549.48
1726707351717,BTCUSD_PERP,bid,61900,549.19
1726707360934,BTCUSD_PERP,bid,61900,548.27
1726707367000,BTCUSD_PERP,bid,61800,498.96
1726707369852,BTCUSD_PERP,bid,61800,486.78
1726707381131,BTCUSD_PERP,bid,61800,486.51
1726707398027,BTCUSD_PERP,bid,61800,486.9
1726707398139,BTCUSD_PERP,bid,61800,548.15
1726707412136,BTCUSD_PERP,bid,61800,487.16
1726707420645,BTCUSD_PERP,bid,61800,548.02
1726707428849,BTCUSD_PERP,bid,61700,487.21
1726707470750,BTCUSD_PERP,bid,61700,487.54
1726707506661,BTCUSD_PERP,bid,61700,486.67
1726707506759,BTCUSD_PERP,bid,61700,547.75
1726707531617,BTCUSD_PERP,bid,61700,486.77
1726707531720,BTCUSD_PERP,bid,61600,669.95
1726707531821,BTCUSD_PERP,bid,61600,791.43
1726707580799,BTCUSD_PERP,bid,61600,730.49
1726707580996,BTCUSD_PERP,bid,61600,669.44
1726707581113,BTCUSD_PERP,bid,61600,547.96
1726707581419,BTCUSD_PERP,bid,61700,547.32
1726707581547,BTCUSD_PERP,bid,61700,608.41
1726707581747,BTCUSD_PERP,bid,61700,669.5
1726707582074,BTCUSD_PERP,bid,61700,730.59
1726707582155,BTCUSD_PERP,bid,61700,852.77
1726707594345,BTCUSD_PERP,bid,61700,487.71
1726707614063,BTCUSD_PERP,bid,61700,487.96
1726707617453,BTCUSD_PERP,bid,61700,548.14
1726707617751,BTCUSD_PERP,bid,61700,486.89
1726707623708,BTCUSD_PERP,bid,61700,487.64
1726707672240,BTCUSD_PERP,bid,61800,487.72
1726707677294,BTCUSD_PERP,bid,61700,609.08
1726707677395,BTCUSD_PERP,bid,61700,669.61
1726707690745,BTCUSD_PERP,bid,61700,791.57
1726707702635,BTCUSD_PERP,bid,61700,610.19
1726707702733,BTCUSD_PERP,bid,61700,1035.19
1726707703043,BTCUSD_PERP,bid,61600,533.32
1726707736070,BTCUSD_PERP,bid,61700,852.56
1726707736273,BTCUSD_PERP,bid,61700,792.09
1726707736377,BTCUSD_PERP,bid,61700,669.93
1726707736574,BTCUSD_PERP,bid,61700,487.0
1726707736682,BTCUSD_PERP,bid,61700,547.5
1726707736797,BTCUSD_PERP,bid,61700,608.62
1726707736999,BTCUSD_PERP,bid,61700,669.74
1726707808568,BTCUSD_PERP,bid,61700,548.12
1726707837178,BTCUSD_PERP,bid,61600,608.01
1726707862843,BTCUSD_PERP,bid,61600,498.07
1726707862944,BTCUSD_PERP,bid,61600,619.48
1726707875578,BTCUSD_PERP,bid,61500,1109.82
1726707875780,BTCUSD_PERP,bid,61500,1170.79
1726707896304,BTCUSD_PERP,bid,61500,805.59
1726707896408,BTCUSD_PERP,bid,61500,970.46
1726707896607,BTCUSD_PERP,bid,61500,1031.39
1726707902164,BTCUSD_PERP,bid,61500,547.5
1726707902365,BTCUSD_PERP,bid,61500,607.78
1726707902466,BTCUSD_PERP,bid,61500,728.96
1726707904614,BTCUSD_PERP,bid,61500,668.68
1726707904816,BTCUSD_PERP,bid,61500,608.4
1726707904917,BTCUSD_PERP,bid,61500,547.5
1726707906358,BTCUSD_PERP,bid,61500,546.51
1726707906457,BTCUSD_PERP,bid,61500,606.83
1726707906766,BTCUSD_PERP,bid,61500,667.77
1726707918353,BTCUSD_PERP,bid,61500,606.83
1726707919585,BTCUSD_PERP,bid,61600,546.34
1726707919895,BTCUSD_PERP,bid,61600,667.68
1726707920107,BTCUSD_PERP,bid,61600,728.66
1726707957204,BTCUSD_PERP,bid,61600,729.87
1726707969774,BTCUSD_PERP,bid,61600,668.89
1726707970079,BTCUSD_PERP,bid,61600,607.91
1726707970181,BTCUSD_PERP,bid,61600,546.93
1726708081520,BTCUSD_PERP,bid,61600,547.94
1726708212766,BTCUSD_PERP,bid,61600,547.01
1726708212970,BTCUSD_PERP,bid,61600,608.01
1726708246123,BTCUSD_PERP,bid,61600,547.64
1726708302327,BTCUSD_PERP,bid,61500,546.76
1726708319913,BTCUSD_PERP,bid,61400,557.73
1726708320016,BTCUSD_PERP,bid,61400,1042.74
1726708320115,BTCUSD_PERP,bid,61400,546.06
1726708320115,BTCUSD_PERP,bid,61400,1103.6
1726708331681,BTCUSD_PERP,bid,61400,982.5
1726708331772,BTCUSD_PERP,bid,61400,922.27
1726708332101,BTCUSD_PERP,bid,61400,861.41
1726708332305,BTCUSD_PERP,bid,61400,801.18
1726708332399,BTCUSD_PERP,bid,61400,740.94
1726708332505,BTCUSD_PERP,bid,61400,619.84
1726708332612,BTCUSD_PERP,bid,61400,558.98
1726708332612,BTCUSD_PERP,bid,61500,544.89
1726708332708,BTCUSD_PERP,bid,61400,498.12
1726708350170,BTCUSD_PERP,bid,61400,787.57
1726708350283,BTCUSD_PERP,bid,61400,848.39
1726708350486,BTCUSD_PERP,bid,61400,909.21
1726708353213,BTCUSD_PERP,bid,61400,848.39
1726708353418,BTCUSD_PERP,bid,61400,667.17
1726708353516,BTCUSD_PERP,bid,61400,545.53
1726708354146,BTCUSD_PERP,bid,61400,544.55
1726708368599,BTCUSD_PERP,bid,61400,786.33
1726708368703,BTCUSD_PERP,bid,61400,847.15
1726708397406,BTCUSD_PERP,bid,61400,725.76
1726708397612,BTCUSD_PERP,bid,61400,786.55
1726708400768,BTCUSD_PERP,bid,61300,544.34
1726708401083,BTCUSD_PERP,bid,61300,605.1
1726708494111,BTCUSD_PERP,bid,61400,545.3
1726708502295,BTCUSD_PERP,bid,61400,604.52
1726708505440,BTCUSD_PERP,bid,61400,544.32
1726708505744,BTCUSD_PERP,bid,61400,725.79
1726708506049,BTCUSD_PERP,bid,61400,786.58
1726708507806,BTCUSD_PERP,bid,61400,786.72
1726708516217,BTCUSD_PERP,bid,61400,726.55
1726708516440,BTCUSD_PERP,bid,61400,665.76
1726708516647,BTCUSD_PERP,bid,61400,544.79
1726708517375,BTCUSD_PERP,bid,61300,543.74
1726708517489,BTCUSD_PERP,bid,61300,604.5
1726708517582,BTCUSD_PERP,bid,61300,725.41
1726708517804,BTCUSD_PERP,bid,61300,786.17
1726708561965,BTCUSD_PERP,bid,61300,726.03
1726708562065,BTCUSD_PERP,bid,61300,605.13
1726708575414,BTCUSD_PERP,bid,61300,664.73
1726708579096,BTCUSD_PERP,bid,61300,604.58
1726708579905,BTCUSD_PERP,bid,61400,544.88
1726708580005,BTCUSD_PERP,bid,61400,605.68
1726708613459,BTCUSD_PERP,bid,61400,544.88
1726708615082,BTCUSD_PERP,bid,61400,546.41
1726708615195,BTCUSD_PERP,bid,61400,607.16
1726708615395,BTCUSD_PERP,bid,61400,788.47
1726708615604,BTCUSD_PERP,bid,61400,848.7
1726708643541,BTCUSD_PERP,bid,61400,787.85
1726708643636,BTCUSD_PERP,bid,61400,727.62
1726708643940,BTCUSD_PERP,bid,61400,667.39
1726708645164,BTCUSD_PERP,bid,61500,546.76
1726708645268,BTCUSD_PERP,bid,61500,667.8
1726708645370,BTCUSD_PERP,bid,61500,788.96
1726708680465,BTCUSD_PERP,bid,61500,667.81
1726708680566,BTCUSD_PERP,bid,61400,849.41
1726708705813,BTCUSD_PERP,bid,61400,789.18
1726708705916,BTCUSD_PERP,bid,61400,728.95
1726708706116,BTCUSD_PERP,bid,61400,668.09
1726708741176,BTCUSD_PERP,bid,61400,849.01
1726708762680,BTCUSD_PERP,bid,61300,530.52
1726708763192,BTCUSD_PERP,bid,61300,590.67
1726708764205,BTCUSD_PERP,bid,61400,788.18
1726708764315,BTCUSD_PERP,bid,61400,727.98
1726708764512,BTCUSD_PERP,bid,61300,529.93
1726708764615,BTCUSD_PERP,bid,61400,667.15
1726708765020,BTCUSD_PERP,bid,61400,606.32
1726708765724,BTCUSD_PERP,bid,61400,546.47
1726708765941,BTCUSD_PERP,bid,61400,607.34
1726708766042,BTCUSD_PERP,bid,61400,667.59
1726708779605,BTCUSD_PERP,bid,61400,546.47
1726708779708,BTCUSD_PERP,bid,61400,667.19
1726708822143,BTCUSD_PERP,bid,61400,606.97
1726708823269,BTCUSD_PERP,bid,61400,667.59
1726708863344,BTCUSD_PERP,bid,61400,667.19
1726708898505,BTCUSD_PERP,bid,61400,606.97
1726708903423,BTCUSD_PERP,bid,61300,666.5
1726709213120,BTCUSD_PERP,bid,61300,544.42
1726709213225,BTCUSD_PERP,bid,61300,605.13
1726709221004,BTCUSD_PERP,bid,61300,543.66
1726709247529,BTCUSD_PERP,bid,61300,544.53
1726709249084,BTCUSD_PERP,bid,61300,605.46
1726709304414,BTCUSD_PERP,bid,60500,807.07
1726709360688,BTCUSD_PERP,bid,60500,907.69
1726709451917,BTCUSD_PERP,bid,60500,1173.77
1726709452683,BTCUSD_PERP,bid,61200,542.85
1726709512205,BTCUSD_PERP,bid,61100,603.2
1726709512420,BTCUSD_PERP,bid,61100,663.78
1726709525033,BTCUSD_PERP,bid,60400,1586.79
1726709574515,BTCUSD_PERP,bid,61100,494.18
1726709574616,BTCUSD_PERP,bid,61100,554.71
1726709617928,BTCUSD_PERP,bid,61100,602.55
1726709618033,BTCUSD_PERP,bid,61100,663.06
1726709644352,BTCUSD_PERP,bid,61000,602.23
1726709644554,BTCUSD_PERP,bid,61000,662.71
1726709648212,BTCUSD_PERP,bid,61000,1051.37
1726709648521,BTCUSD_PERP,bid,61000,1111.8
1726709649850,BTCUSD_PERP,bid,61000,690.73
1726709649951,BTCUSD_PERP,bid,61000,601.49
1726709650257,BTCUSD_PERP,bid,61000,661.95
1726709664648,BTCUSD_PERP,bid,61000,601.49
1726709720515,BTCUSD_PERP,bid,61100,543.0
1726709720622,BTCUSD_PERP,bid,61100,663.97
1726709722855,BTCUSD_PERP,bid,61100,543.0
1726709724588,BTCUSD_PERP,bid,61100,543.37
1726709724791,BTCUSD_PERP,bid,61100,603.33
1726709741522,BTCUSD_PERP,bid,61200,543.29
1726709741619,BTCUSD_PERP,bid,61200,663.22
1726709741725,BTCUSD_PERP,bid,61200,784.38
1726709745705,BTCUSD_PERP,bid,61200,723.8
1726709745807,BTCUSD_PERP,bid,61200,602.64
1726709746223,BTCUSD_PERP,bid,61200,543.71
1726709746442,BTCUSD_PERP,bid,61200,604.22
1726709746653,BTCUSD_PERP,bid,61200,724.22
1726709749006,BTCUSD_PERP,bid,61200,784.22
1726709749211,BTCUSD_PERP,bid,61200,844.84
1726709795440,BTCUSD_PERP,bid,61200,784.84
1726709795544,BTCUSD_PERP,bid,61200,724.85
1726709795951,BTCUSD_PERP,bid,61200,664.85
1726709796156,BTCUSD_PERP,bid,61200,544.34
1726709949613,BTCUSD_PERP,bid,60600,1586.76
1726710098601,BTCUSD_PERP,bid,61400,666.31
1726710098805,BTCUSD_PERP,bid,61400,726.49
1726710098911,BTCUSD_PERP,bid,61400,846.85
1726710099010,BTCUSD_PERP,bid,61400,907.65
1726710099108,BTCUSD_PERP,bid,61200,536.35
1726710099108,BTCUSD_PERP,bid,61400,1029.25
1726710099318,BTCUSD_PERP,bid,61300,591.08
1726710099418,BTCUSD_PERP,bid,61400,1090.05
1726710105773,BTCUSD_PERP,bid,61400,1102.01
1726710223380,BTCUSD_PERP,bid,60600,1586.76
1726710225966,BTCUSD_PERP,bid,61400,1090.05
1726710253811,BTCUSD_PERP,bid,61400,969.07
1726710253913,BTCUSD_PERP,bid,61300,530.12
1726710253913,BTCUSD_PERP,bid,61300,847.04
1726710254014,BTCUSD_PERP,bid,61300,907.81
1726710254114,BTCUSD_PERP,bid,61300,590.78
1726710254114,BTCUSD_PERP,bid,61300,968.58
1726710281472,BTCUSD_PERP,bid,61300,530.07
1726710281668,BTCUSD_PERP,bid,61300,907.81
1726710281878,BTCUSD_PERP,bid,61300,786.27
1726710282281,BTCUSD_PERP,bid,61300,725.5
1726710282384,BTCUSD_PERP,bid,61300,604.58
1726710282692,BTCUSD_PERP,bid,61400,667.78
1726710297116,BTCUSD_PERP,bid,61400,1033.38
1726710297220,BTCUSD_PERP,bid,61300,530.24
1726710297220,BTCUSD_PERP,bid,61400,1094.17
1726710300265,BTCUSD_PERP,bid,61300,846.85
1726710300369,BTCUSD_PERP,bid,61300,1028.49
1726710300572,BTCUSD_PERP,bid,61300,1089.24
1726710327337,BTCUSD_PERP,bid,61300,1028.49
1726710327436,BTCUSD_PERP,bid,61300,906.99
1726710327534,BTCUSD_PERP,bid,61300,846.24
1726710327741,BTCUSD_PERP,bid,61300,724.74
1726710327841,BTCUSD_PERP,bid,61300,603.85
1726710328040,BTCUSD_PERP,bid,61400,545.86
1726710328151,BTCUSD_PERP,bid,61400,606.03
1726710328252,BTCUSD_PERP,bid,61400,666.82
1726710329512,BTCUSD_PERP,bid,61400,543.97
1726710369301,BTCUSD_PERP,bid,61300,666.49
1726710481814,BTCUSD_PERP,bid,61300,606.35
1726710482010,BTCUSD_PERP,bid,61300,545.59
1726710482114,BTCUSD_PERP,bid,61300,545.25
1726710702053,BTCUSD_PERP,bid,61400,488.84
1726710824972,BTCUSD_PERP,bid,61400,545.89
1726711059984,BTCUSD_PERP,bid,61400,494.75
1726711060383,BTCUSD_PERP,bid,61400,616.49
1726711060591,BTCUSD_PERP,bid,61400,677.36
1726711060799,BTCUSD_PERP,bid,61400,737.62
1726711060996,BTCUSD_PERP,bid,61400,798.49
1726711106996,BTCUSD_PERP,bid,61400,789.36
1726711201112,BTCUSD_PERP,bid,61400,728.49
1726711201418,BTCUSD_PERP,bid,61400,667.62
1726711202974,BTCUSD_PERP,bid,61500,545.17
1726711203077,BTCUSD_PERP,bid,61500,667.01
1726711203174,BTCUSD_PERP,bid,61500,788.74
1726711204177,BTCUSD_PERP,bid,61500,800.72
1726711210719,BTCUSD_PERP,bid,61500,739.8
1726711210931,BTCUSD_PERP,bid,61500,678.88
1726711211138,BTCUSD_PERP,bid,61500,557.67
1726711211237,BTCUSD_PERP,bid,61400,727.45
1726711211339,BTCUSD_PERP,bid,61400,849.1
1726711297393,BTCUSD_PERP,bid,61400,546.06
1726711297500,BTCUSD_PERP,bid,61400,788.45
1726711301400,BTCUSD_PERP,bid,61400,727.6
1726711303630,BTCUSD_PERP,bid,61400,666.75
1726711303730,BTCUSD_PERP,bid,61400,727.15
1726711303832,BTCUSD_PERP,bid,61400,981.0
1726711303928,BTCUSD_PERP,bid,61400,1041.81
1726711309821,BTCUSD_PERP,bid,61300,543.3
1726711309927,BTCUSD_PERP,bid,61300,1089.59
1726711310231,BTCUSD_PERP,bid,61300,1150.37
1726711343666,BTCUSD_PERP,bid,61300,545.05
1726711343767,BTCUSD_PERP,bid,61300,849.33
1726711353147,BTCUSD_PERP,bid,61300,727.85
1726711353356,BTCUSD_PERP,bid,61300,606.35
1726711353554,BTCUSD_PERP,bid,61300,666.5
1726711353656,BTCUSD_PERP,bid,61300,726.65
1726711353855,BTCUSD_PERP,bid,61300,787.42
1726711353962,BTCUSD_PERP,bid,61300,848.19
1726711443784,BTCUSD_PERP,bid,61300,605.84
1726711444191,BTCUSD_PERP,bid,61400,545.24
1726711444399,BTCUSD_PERP,bid,61400,605.42
1726711444702,BTCUSD_PERP,bid,61400,666.22
1726711487504,BTCUSD_PERP,bid,61400,605.42
1726711487609,BTCUSD_PERP,bid,61400,545.24
1726711488523,BTCUSD_PERP,bid,61300,667.12
1726711488628,BTCUSD_PERP,bid,61300,787.42
1726711488821,BTCUSD_PERP,bid,61300,847.58
1726711488947,BTCUSD_PERP,bid,61300,968.5
1726711514390,BTCUSD_PERP,bid,61300,907.73
1726711514495,BTCUSD_PERP,bid,61300,846.96
1726711514596,BTCUSD_PERP,bid,61300,786.81
1726711514804,BTCUSD_PERP,bid,61300,726.65
1726711515104,BTCUSD_PERP,bid,61300,665.88
1726711515304,BTCUSD_PERP,bid,61300,605.73
1726711515405,BTCUSD_PERP,bid,61300,544.96
1726711515817,BTCUSD_PERP,bid,61400,605.48
1726711516074,BTCUSD_PERP,bid,61400,666.29
1726711516187,BTCUSD_PERP,bid,61400,848.1
1726711516288,BTCUSD_PERP,bid,61400,908.29
1726711545519,BTCUSD_PERP,bid,61400,605.49
1726711545613,BTCUSD_PERP,bid,61300,605.8
1726711545717,BTCUSD_PERP,bid,61300,666.57
1726711600315,BTCUSD_PERP,bid,61300,544.61
1726711609181,BTCUSD_PERP,bid,61300,665.11
1726711609285,BTCUSD_PERP,bid,61300,846.46
1726711642050,BTCUSD_PERP,bid,61300,544.97
1726711811305,BTCUSD_PERP,bid,61400,546.21
1726711812066,BTCUSD_PERP,bid,61400,606.43
1726711832165,BTCUSD_PERP,bid,61400,544.73
1726711832262,BTCUSD_PERP,bid,61400,605.6
1726711844833,BTCUSD_PERP,bid,61400,545.59
1726711845757,BTCUSD_PERP,bid,61500,547.71
1726711845971,BTCUSD_PERP,bid,61500,607.98
1726711846380,BTCUSD_PERP,bid,61500,668.25
1726711871305,BTCUSD_PERP,bid,61500,546.47
1726711871612,BTCUSD_PERP,bid,61400,545.75
1726711957149,BTCUSD_PERP,bid,61400,544.73
1726711957865,BTCUSD_PERP,bid,61500,545.12
1726711958068,BTCUSD_PERP,bid,61500,787.53
1726711962260,BTCUSD_PERP,bid,61500,606.03
1726711962462,BTCUSD_PERP,bid,61500,545.12
1726711963369,BTCUSD_PERP,bid,61500,492.48
1726711963470,BTCUSD_PERP,bid,61500,674.7
1726711963580,BTCUSD_PERP,bid,61500,735.65
1726711963683,BTCUSD_PERP,bid,61500,795.98
1726711963907,BTCUSD_PERP,bid,61500,856.3
1726711964119,BTCUSD_PERP,bid,61500,916.63
1726711964232,BTCUSD_PERP,bid,61500,1037.91
1726711964319,BTCUSD_PERP,bid,61500,1098.86
1726712028464,BTCUSD_PERP,bid,61500,977.58
1726712028561,BTCUSD_PERP,bid,61500,910.05
1726712028669,BTCUSD_PERP,bid,61500,970.97
1726712028775,BTCUSD_PERP,bid,61500,1031.89
1726712069307,BTCUSD_PERP,bid,61400,666.4
1726712069410,BTCUSD_PERP,bid,61400,1030.32
1726712069510,BTCUSD_PERP,bid,61400,1091.18
1726712115964,BTCUSD_PERP,bid,61400,909.22
1726712116066,BTCUSD_PERP,bid,61400,788.11
1726712116264,BTCUSD_PERP,bid,61400,727.25
1726712116367,BTCUSD_PERP,bid,61400,666.39
1726712116573,BTCUSD_PERP,bid,61400,605.53
1726712456929,BTCUSD_PERP,bid,61400,544.67
1726712471825,BTCUSD_PERP,bid,61500,545.62
1726712471926,BTCUSD_PERP,bid,61500,605.9
1726712472146,BTCUSD_PERP,bid,61500,727.6
1726712472234,BTCUSD_PERP,bid,61500,848.78
1726712472336,BTCUSD_PERP,bid,61500,909.68
1726712472440,BTCUSD_PERP,bid,61500,1031.48
1726712472561,BTCUSD_PERP,bid,61500,1152.66
1726712635262,BTCUSD_PERP,bid,61500,1031.58
1726712635363,BTCUSD_PERP,bid,61400,970.7
1726712635462,BTCUSD_PERP,bid,61400,1030.95
1726712635565,BTCUSD_PERP,bid,61400,1091.82
1726712743922,BTCUSD_PERP,bid,61400,970.08
1726712744119,BTCUSD_PERP,bid,61400,848.34
1726712744225,BTCUSD_PERP,bid,61400,787.57
1726712744636,BTCUSD_PERP,bid,61400,605.75
1726712744734,BTCUSD_PERP,bid,61400,1030.33
1726712744839,BTCUSD_PERP,bid,61400,1091.16
1726712746068,BTCUSD_PERP,bid,61400,1092.69
1726712750312,BTCUSD_PERP,bid,61400,1092.83
1726712804768,BTCUSD_PERP,bid,61400,1032.61
1726712805071,BTCUSD_PERP,bid,61400,911.56
1726712805169,BTCUSD_PERP,bid,61400,789.9
1726712805271,BTCUSD_PERP,bid,61400,729.07
1726712805371,BTCUSD_PERP,bid,61400,607.41
1726712812056,BTCUSD_PERP,bid,61500,606.74
1726712812147,BTCUSD_PERP,bid,61500,667.66
1726712812260,BTCUSD_PERP,bid,61500,910.63
1726712812357,BTCUSD_PERP,bid,61500,970.94
1726712812470,BTCUSD_PERP,bid,61500,1031.86
1726712854291,BTCUSD_PERP,bid,61500,970.94
1726712854387,BTCUSD_PERP,bid,61500,849.72
1726712854486,BTCUSD_PERP,bid,61500,788.8
1726712854592,BTCUSD_PERP,bid,61500,727.88
1726712854689,BTCUSD_PERP,bid,61500,606.65
1726712854792,BTCUSD_PERP,bid,61500,545.73
1726713176947,BTCUSD_PERP,bid,61600,728.88
1726713313915,BTCUSD_PERP,bid,61600,667.88
1726713314115,BTCUSD_PERP,bid,61600,607.51
1726713314216,BTCUSD_PERP,bid,61600,547.14
1726713315233,BTCUSD_PERP,bid,61600,547.94
1726713315538,BTCUSD_PERP,bid,61600,608.97
1726713315765,BTCUSD_PERP,bid,61600,670.0
1726713325018,BTCUSD_PERP,bid,61600,670.62
1726713350433,BTCUSD_PERP,bid,61600,610.21
1726713350537,BTCUSD_PERP,bid,61600,972.78
1726713454628,BTCUSD_PERP,bid,61600,911.78
1726713454730,BTCUSD_PERP,bid,61600,851.4
1726713454830,BTCUSD_PERP,bid,61600,730.03
1726713455035,BTCUSD_PERP,bid,61600,608.03
1726713455342,BTCUSD_PERP,bid,61600,547.03
1726713455647,BTCUSD_PERP,bid,61600,487.0
1726713455747,BTCUSD_PERP,bid,61600,609.06
1726713455853,BTCUSD_PERP,bid,61600,731.02
1726713456058,BTCUSD_PERP,bid,61600,792.05
1726713557853,BTCUSD_PERP,bid,61600,548.03
1726713557953,BTCUSD_PERP,bid,61600,609.28
1726713558156,BTCUSD_PERP,bid,61600,670.28
1726713691617,BTCUSD_PERP,bid,61600,548.9
1726713691716,BTCUSD_PERP,bid,61600,487.9
1726713797114,BTCUSD_PERP,bid,61700,608.2
1726713797751,BTCUSD_PERP,bid,61700,669.28
1726713797854,BTCUSD_PERP,bid,61700,730.36
1726713799261,BTCUSD_PERP,bid,61700,730.51
1726713854438,BTCUSD_PERP,bid,61700,608.97
1726713854739,BTCUSD_PERP,bid,61700,547.89
1726713857681,BTCUSD_PERP,bid,61700,500.04
1726713966047,BTCUSD_PERP,bid,61700,488.11
1726713992783,BTCUSD_PERP,bid,61700,487.16
1726713992984,BTCUSD_PERP,bid,61700,547.68
1726713993290,BTCUSD_PERP,bid,61700,608.2
1726714012421,BTCUSD_PERP,bid,61700,731.32
1726714057387,BTCUSD_PERP,bid,61700,670.84
1726714057487,BTCUSD_PERP,bid,61700,610.36
1726714057584,BTCUSD_PERP,bid,61700,549.25
1726714058107,BTCUSD_PERP,bid,61700,488.14
1726714058719,BTCUSD_PERP,bid,61700,488.4
1726714058807,BTCUSD_PERP,bid,61700,549.54
1726714058921,BTCUSD_PERP,bid,61700,610.68
1726714059339,BTCUSD_PERP,bid,61700,671.2
1726714117437,BTCUSD_PERP,bid,61700,670.87
1726714140092,BTCUSD_PERP,bid,61700,609.76
1726714140193,BTCUSD_PERP,bid,61700,487.54
1726714140496,BTCUSD_PERP,bid,61700,610.08
1726714145347,BTCUSD_PERP,bid,61700,549.0
1726714145548,BTCUSD_PERP,bid,61700,487.92
1726714146670,BTCUSD_PERP,bid,61700,488.26
1726714146771,BTCUSD_PERP,bid,61700,610.38
1726714146976,BTCUSD_PERP,bid,61700,670.87
1726714147488,BTCUSD_PERP,bid,61700,671.02
1726714269506,BTCUSD_PERP,bid,61700,549.42
1726714269719,BTCUSD_PERP,bid,61700,488.31
1726714270729,BTCUSD_PERP,bid,61700,487.4
1726714270833,BTCUSD_PERP,bid,61700,608.94
1726714270935,BTCUSD_PERP,bid,61700,731.0
1726714318372,BTCUSD_PERP,bid,61700,669.92
1726714318781,BTCUSD_PERP,bid,61700,487.92
1726714319906,BTCUSD_PERP,bid,61700,487.69
1726714320006,BTCUSD_PERP,bid,61700,548.81
1726714320215,BTCUSD_PERP,bid,61700,670.32
1726714336107,BTCUSD_PERP,bid,61700,609.84
1726714336612,BTCUSD_PERP,bid,61700,487.6
1726714337122,BTCUSD_PERP,bid,61700,488.57
1726714337443,BTCUSD_PERP,bid,61700,549.62
1726714337547,BTCUSD_PERP,bid,61700,610.15
1726714337755,BTCUSD_PERP,bid,61700,671.3
1726714358321,BTCUSD_PERP,bid,61700,487.95
1726714358424,BTCUSD_PERP,bid,61700,548.03
1726714358517,BTCUSD_PERP,bid,61700,609.14
1726714398969,BTCUSD_PERP,bid,61700,487.29
1726714497283,BTCUSD_PERP,bid,60900,1586.76
1726714525302,BTCUSD_PERP,bid,60900,1020.94
1726714633203,BTCUSD_PERP,bid,60900,1020.88
1726714772808,BTCUSD_PERP,bid,61600,487.15
1726714793166,BTCUSD_PERP,bid,61700,487.38
1726714793508,BTCUSD_PERP,bid,61700,608.93
1726714910354,BTCUSD_PERP,bid,61700,486.75
1726714911791,BTCUSD_PERP,bid,61700,486.5
1726714911893,BTCUSD_PERP,bid,61700,547.63
1726714912203,BTCUSD_PERP,bid,61700,669.27
1726714912405,BTCUSD_PERP,bid,61700,730.4
1726714912826,BTCUSD_PERP,bid,61700,732.61
1726714913990,BTCUSD_PERP,bid,61700,734.15
1726714929195,BTCUSD_PERP,bid,61700,852.8
1726714951747,BTCUSD_PERP,bid,61700,791.7
1726714954994,BTCUSD_PERP,bid,61600,609.33
1726714955097,BTCUSD_PERP,bid,61600,791.28
1726714963816,BTCUSD_PERP,bid,61600,730.21
1726714963921,BTCUSD_PERP,bid,61600,608.7
1726714964227,BTCUSD_PERP,bid,61600,547.63
1726714964432,BTCUSD_PERP,bid,61600,729.78
1726714981095,BTCUSD_PERP,bid,61600,683.68
1726715020172,BTCUSD_PERP,bid,47000,2388.74
1726715101805,BTCUSD_PERP,bid,61600,669.04
1726715121999,BTCUSD_PERP,bid,61600,608.04
1726715122206,BTCUSD_PERP,bid,61600,487.28
1726715123332,BTCUSD_PERP,bid,61600,668.85
1726715123542,BTCUSD_PERP,bid,61600,729.89
1726715123652,BTCUSD_PERP,bid,61600,790.31
1726715123754,BTCUSD_PERP,bid,61600,851.35
1726715123870,BTCUSD_PERP,bid,61600,912.39
1726715153129,BTCUSD_PERP,bid,61600,851.97
1726715153239,BTCUSD_PERP,bid,61600,668.95
1726715153659,BTCUSD_PERP,bid,61600,547.67
1726715171092,BTCUSD_PERP,bid,61600,487.81
1726715171506,BTCUSD_PERP,bid,61600,548.86
1726715171713,BTCUSD_PERP,bid,61600,669.7
1726715171814,BTCUSD_PERP,bid,61600,730.12
1726715295727,BTCUSD_PERP,bid,61600,729.54
1726715343326,BTCUSD_PERP,bid,61600,546.85
1726715343326,BTCUSD_PERP,bid,61600,546.34
1726715343464,BTCUSD_PERP,bid,61600,607.32
1726715344410,BTCUSD_PERP,bid,61600,561.6
1726715464690,BTCUSD_PERP,bid,61600,546.85
1726715823740,BTCUSD_PERP,bid,61400,531.36
1726715823740,BTCUSD_PERP,bid,61500,1091.93
1726715823842,BTCUSD_PERP,bid,61500,1152.84
1726715823949,BTCUSD_PERP,bid,61400,592.17
1726715894306,BTCUSD_PERP,bid,61400,727.44
1726715894398,BTCUSD_PERP,bid,61400,534.42
1726715894398,BTCUSD_PERP,bid,61400,909.46
1726715894503,BTCUSD_PERP,bid,61400,595.19
1726715894503,BTCUSD_PERP,bid,61400,970.34
1726716009912,BTCUSD_PERP,bid,61400,534.37
1726716010217,BTCUSD_PERP,bid,61400,910.09
1726716010624,BTCUSD_PERP,bid,61400,727.45
1726716010830,BTCUSD_PERP,bid,61400,666.57
1726716011132,BTCUSD_PERP,bid,61400,545.43
1726716011335,BTCUSD_PERP,bid,61500,546.93
1726716011440,BTCUSD_PERP,bid,61500,668.15
1726716011542,BTCUSD_PERP,bid,61500,728.44
1726716011755,BTCUSD_PERP,bid,61500,849.66
1726716011862,BTCUSD_PERP,bid,61500,1031.8
1726716011969,BTCUSD_PERP,bid,61500,1153.02
1726716012071,BTCUSD_PERP,bid,61400,531.39
1726716015876,BTCUSD_PERP,bid,61500,1032.43
1726716015982,BTCUSD_PERP,bid,61500,911.21
1726716016077,BTCUSD_PERP,bid,61500,850.29
1726716016183,BTCUSD_PERP,bid,61500,668.77
1726716016285,BTCUSD_PERP,bid,61500,607.85
1726716029024,BTCUSD_PERP,bid,61600,546.38
1726716029122,BTCUSD_PERP,bid,61600,607.36
1726716029218,BTCUSD_PERP,bid,61600,668.34
1726716029643,BTCUSD_PERP,bid,61600,728.71
1726716029869,BTCUSD_PERP,bid,61600,789.69
1726716029966,BTCUSD_PERP,bid,61600,911.65
1726716030175,BTCUSD_PERP,bid,61600,1094.49
1726716030277,BTCUSD_PERP,bid,61500,592.96
1726716030388,BTCUSD_PERP,bid,61600,1215.24
1726716243179,BTCUSD_PERP,bid,61500,532.03
1726716243179,BTCUSD_PERP,bid,61600,1093.89
1726716243282,BTCUSD_PERP,bid,61600,971.93
1726716243383,BTCUSD_PERP,bid,61600,910.95
1726716243798,BTCUSD_PERP,bid,61600,788.99
1726716243998,BTCUSD_PERP,bid,61600,728.11
1726716243998,BTCUSD_PERP,bid,61600,487.5
1726716244201,BTCUSD_PERP,bid,61600,545.78
1726716244201,BTCUSD_PERP,bid,61600,669.97
1726716244406,BTCUSD_PERP,bid,61600,790.78
1726716244504,BTCUSD_PERP,bid,61600,912.21
1726716244707,BTCUSD_PERP,bid,61600,1034.27
1726716244914,BTCUSD_PERP,bid,61500,593.25
1726716244914,BTCUSD_PERP,bid,61600,1094.67
1726716245004,BTCUSD_PERP,bid,61600,1155.7
1726716245112,BTCUSD_PERP,bid,61600,1216.1
1726716377175,BTCUSD_PERP,bid,61500,547.53
1726716377175,BTCUSD_PERP,bid,61600,1155.7
1726716377281,BTCUSD_PERP,bid,61600,1095.29
1726716377382,BTCUSD_PERP,bid,61600,1034.89
1726716377484,BTCUSD_PERP,bid,61600,913.46
1726716377886,BTCUSD_PERP,bid,61600,792.02
1726716378092,BTCUSD_PERP,bid,61600,730.99
1726716378192,BTCUSD_PERP,bid,61600,545.82
1726716378192,BTCUSD_PERP,bid,61600,608.93
1726716378286,BTCUSD_PERP,bid,61600,606.81
1726716378286,BTCUSD_PERP,bid,61600,547.9
1726716378405,BTCUSD_PERP,bid,61600,728.79
1726716378511,BTCUSD_PERP,bid,61500,532.04
1726716378511,BTCUSD_PERP,bid,61600,850.67
1726716378717,BTCUSD_PERP,bid,61600,972.65
1726716378815,BTCUSD_PERP,bid,61500,592.95
1726716464199,BTCUSD_PERP,bid,61600,911.66
1726716464304,BTCUSD_PERP,bid,61600,608.33
1726716464404,BTCUSD_PERP,bid,61600,669.36
1726716464505,BTCUSD_PERP,bid,61500,532.3
1726716464505,BTCUSD_PERP,bid,61600,730.39
1726716464606,BTCUSD_PERP,bid,61500,593.26
1726716464606,BTCUSD_PERP,bid,61600,851.83
1726716464705,BTCUSD_PERP,bid,61600,912.86
1726716464907,BTCUSD_PERP,bid,61600,1095.32
1726716465128,BTCUSD_PERP,bid,61600,1216.12
1726716629316,BTCUSD_PERP,bid,61600,1155.09
1726716629520,BTCUSD_PERP,bid,61500,532.08
1726716629520,BTCUSD_PERP,bid,61600,1093.49
1726716629620,BTCUSD_PERP,bid,61500,592.97
1726716629719,BTCUSD_PERP,bid,61600,1154.49
1726716666920,BTCUSD_PERP,bid,61500,532.04
1726716796053,BTCUSD_PERP,bid,61500,728.48
1726716796263,BTCUSD_PERP,bid,61500,789.4
1726716869330,BTCUSD_PERP,bid,61500,667.56
1726716869433,BTCUSD_PERP,bid,61500,667.83
1726716869531,BTCUSD_PERP,bid,61500,728.72
1726716901641,BTCUSD_PERP,bid,61500,667.83
1726716901935,BTCUSD_PERP,bid,61500,606.94
1726716902169,BTCUSD_PERP,bid,61500,546.15
1726716902480,BTCUSD_PERP,bid,61500,545.89
1726716902685,BTCUSD_PERP,bid,61500,667.15
1726716902787,BTCUSD_PERP,bid,61500,727.48
1726716902890,BTCUSD_PERP,bid,61500,788.42
1726716902992,BTCUSD_PERP,bid,61500,909.68
1726716903093,BTCUSD_PERP,bid,61500,970.62
1726716903194,BTCUSD_PERP,bid,61500,592.45
1726717020629,BTCUSD_PERP,bid,61500,531.57
1726717020629,BTCUSD_PERP,bid,61500,910.29
1726717021033,BTCUSD_PERP,bid,61500,849.35
1726717021135,BTCUSD_PERP,bid,61500,788.41
1726717021337,BTCUSD_PERP,bid,61500,727.47
1726717021542,BTCUSD_PERP,bid,61500,667.15
1726717021645,BTCUSD_PERP,bid,61500,545.27
1726717022678,BTCUSD_PERP,bid,61600,546.4
1726717022788,BTCUSD_PERP,bid,61600,606.78
1726717094872,BTCUSD_PERP,bid,61600,547.13
1726717094972,BTCUSD_PERP,bid,61600,608.13
1726717148815,BTCUSD_PERP,bid,61500,546.14
1726717150327,BTCUSD_PERP,bid,61500,546.75
1726717150542,BTCUSD_PERP,bid,61500,607.71
1726717150744,BTCUSD_PERP,bid,61500,668.04
1726717195212,BTCUSD_PERP,bid,61500,546.75
1726717196134,BTCUSD_PERP,bid,61600,546.5
1726717196333,BTCUSD_PERP,bid,61600,668.5
1726717196437,BTCUSD_PERP,bid,61600,729.5
1726717203718,BTCUSD_PERP,bid,61600,546.43
1726717315931,BTCUSD_PERP,bid,61600,668.5
1726717316038,BTCUSD_PERP,bid,61600,607.5
1726717316139,BTCUSD_PERP,bid,61600,547.13
1726717317144,BTCUSD_PERP,bid,61600,547.38
1726717317245,BTCUSD_PERP,bid,61600,608.42
1726717344222,BTCUSD_PERP,bid,61600,548.01
1726717344734,BTCUSD_PERP,bid,61600,546.64
1726717345252,BTCUSD_PERP,bid,61600,607.65
1726717345749,BTCUSD_PERP,bid,61600,668.66
1726717432601,BTCUSD_PERP,bid,61600,607.75
1726717432696,BTCUSD_PERP,bid,61600,547.36
1726717432796,BTCUSD_PERP,bid,61500,910.74
1726717432997,BTCUSD_PERP,bid,61500,971.71
1726717638155,BTCUSD_PERP,bid,61500,851.01
1726717638257,BTCUSD_PERP,bid,61500,849.96
1726717638357,BTCUSD_PERP,bid,61500,971.23
1726717638463,BTCUSD_PERP,bid,61500,1032.17
1726717835885,BTCUSD_PERP,bid,61500,910.29
1726717836700,BTCUSD_PERP,bid,61500,849.97
1726717836800,BTCUSD_PERP,bid,61500,546.5
1726717837000,BTCUSD_PERP,bid,61500,546.32
1726717837104,BTCUSD_PERP,bid,61500,607.3
1726717837206,BTCUSD_PERP,bid,61500,668.28
1726717837306,BTCUSD_PERP,bid,61500,788.99
1726717837818,BTCUSD_PERP,bid,61500,849.97
1726717837917,BTCUSD_PERP,bid,61500,910.33
1726717838022,BTCUSD_PERP,bid,61500,1093.16
1726717843531,BTCUSD_PERP,bid,61500,1107.91
1726717963962,BTCUSD_PERP,bid,61500,1093.16
1726718146816,BTCUSD_PERP,bid,61500,592.47
1726718146916,BTCUSD_PERP,bid,61500,653.31
1726718150330,BTCUSD_PERP,bid,61500,531.58
1726718150330,BTCUSD_PERP,bid,61500,1032.8
1726718150426,BTCUSD_PERP,bid,61500,545.94
1726718150519,BTCUSD_PERP,bid,61500,910.39
1726718150620,BTCUSD_PERP,bid,61500,971.34
1726718355545,BTCUSD_PERP,bid,61500,910.39
1726718355649,BTCUSD_PERP,bid,61500,849.44
1726718355742,BTCUSD_PERP,bid,61500,789.12
1726718355849,BTCUSD_PERP,bid,61500,667.22
1726718356057,BTCUSD_PERP,bid,61500,545.94
1726718356164,BTCUSD_PERP,bid,61600,546.24
1726718356374,BTCUSD_PERP,bid,61600,607.22
1726718356705,BTCUSD_PERP,bid,61600,728.56
1726718356816,BTCUSD_PERP,bid,61600,788.93
1726718357358,BTCUSD_PERP,bid,61600,849.91
1726718357465,BTCUSD_PERP,bid,61600,971.25
1726718357579,BTCUSD_PERP,bid,61600,1032.23
1726718424123,BTCUSD_PERP,bid,61600,971.25
1726718424426,BTCUSD_PERP,bid,61600,910.89
1726718424608,BTCUSD_PERP,bid,61600,850.53
1726718424745,BTCUSD_PERP,bid,61600,790.17
1726718424952,BTCUSD_PERP,bid,61600,729.81
1726718425051,BTCUSD_PERP,bid,61600,668.83
1726718425153,BTCUSD_PERP,bid,61600,607.95
1726718425347,BTCUSD_PERP,bid,61600,547.59
1726718425469,BTCUSD_PERP,bid,61600,545.94
1726718425575,BTCUSD_PERP,bid,61600,606.96
1726718425791,BTCUSD_PERP,bid,61600,789.4
1726718425904,BTCUSD_PERP,bid,61600,971.84
1726718426033,BTCUSD_PERP,bid,61600,1032.86
1726718426105,BTCUSD_PERP,bid,61600,1093.88
1726718462425,BTCUSD_PERP,bid,61600,851.69
1726718462729,BTCUSD_PERP,bid,61600,547.58
1726718470310,BTCUSD_PERP,bid,61500,547.21
1726718470412,BTCUSD_PERP,bid,61500,668.49
1726718649150,BTCUSD_PERP,bid,61600,547.05
1726718703222,BTCUSD_PERP,ask,62800,482.44
1726718703723,BTCUSD_PERP,ask,62800,492.48
1726718705376,BTCUSD_PERP,ask,62800,502.52
1726718707606,BTCUSD_PERP,ask,62800,512.56
1726718756199,BTCUSD_PERP,ask,62800,502.52
1726718761009,BTCUSD_PERP,ask,62800,492.48
1726718764166,BTCUSD_PERP,ask,62800,482.44
1726718835164,BTCUSD_PERP,bid,61600,546.76
1726718835270,BTCUSD_PERP,bid,61600,607.79
1726718835371,BTCUSD_PERP,bid,61600,729.85
1726718835682,BTCUSD_PERP,bid,61600,911.08
1726718835913,BTCUSD_PERP,bid,61600,972.11
1726718859570,BTCUSD_PERP,bid,61600,546.5
1726718859670,BTCUSD_PERP,bid,61600,728.88
1726718859772,BTCUSD_PERP,bid,61600,789.88
1726718866853,BTCUSD_PERP,bid,61500,667.45
1726718867163,BTCUSD_PERP,bid,61500,728.41
1726718898047,BTCUSD_PERP,bid,61500,667.45
1726718898248,BTCUSD_PERP,bid,61500,545.87
1726718898349,BTCUSD_PERP,bid,61500,606.8
1726718929005,BTCUSD_PERP,ask,62700,478.57
1726719109032,BTCUSD_PERP,ask,62700,480.64
1726719109339,BTCUSD_PERP,ask,62700,486.9
1726719109544,BTCUSD_PERP,ask,62700,493.16
1726719110655,BTCUSD_PERP,ask,62700,503.18
1726719162895,BTCUSD_PERP,ask,62700,483.14
1726719325766,BTCUSD_PERP,bid,61500,545.26
1726719325872,BTCUSD_PERP,bid,61500,605.56
1726719326078,BTCUSD_PERP,bid,61500,666.49
1726719326287,BTCUSD_PERP,bid,61500,727.42
1726719326490,BTCUSD_PERP,bid,61500,788.35
1726719326592,BTCUSD_PERP,bid,61500,849.28
1726719326999,BTCUSD_PERP,bid,61500,910.21
1726719357716,BTCUSD_PERP,bid,61500,849.9
1726719357916,BTCUSD_PERP,bid,61500,545.49
1726719358014,BTCUSD_PERP,bid,61500,606.45
1726719358119,BTCUSD_PERP,bid,61500,667.41
1726719358221,BTCUSD_PERP,bid,61500,727.74
1726719358327,BTCUSD_PERP,bid,61500,788.7
1726719358423,BTCUSD_PERP,bid,61500,849.66
1726719359134,BTCUSD_PERP,bid,61500,910.62
1726719369632,BTCUSD_PERP,ask,62700,482.12
1726719370514,BTCUSD_PERP,ask,62700,492.15
1726719372062,BTCUSD_PERP,ask,62700,502.18
1726719376963,BTCUSD_PERP,bid,61500,912.83
1726719428064,BTCUSD_PERP,ask,62700,492.15
1726719429991,BTCUSD_PERP,ask,62700,482.12
1726719437494,BTCUSD_PERP,bid,61500,670.25
1726719437601,BTCUSD_PERP,bid,61500,609.29
1726719437703,BTCUSD_PERP,bid,61500,487.37
1726719438212,BTCUSD_PERP,bid,61600,546.52
1726719438632,BTCUSD_PERP,bid,61600,607.52
1726719438737,BTCUSD_PERP,bid,61600,668.52
1726719438850,BTCUSD_PERP,bid,61600,729.52
1726719438946,BTCUSD_PERP,bid,61600,790.52
1726719439076,BTCUSD_PERP,bid,61600,850.9
1726719439176,BTCUSD_PERP,bid,61600,911.28
1726719479186,BTCUSD_PERP,bid,61600,789.9
1726719479393,BTCUSD_PERP,bid,61600,728.9
1726719479495,BTCUSD_PERP,bid,61500,667.56
1726719479592,BTCUSD_PERP,bid,61500,788.87
1726719479696,BTCUSD_PERP,bid,61500,849.84
1726719485091,BTCUSD_PERP,bid,61500,666.93
1726719485190,BTCUSD_PERP,bid,61500,727.54
1726719485493,BTCUSD_PERP,bid,61500,788.48
1726719606399,BTCUSD_PERP,bid,61500,545.96
1726719606497,BTCUSD_PERP,bid,61500,850.69
1726719606695,BTCUSD_PERP,bid,61500,911.59
1726719720240,BTCUSD_PERP,bid,61400,544.97
1726719720644,BTCUSD_PERP,bid,61400,605.8
1726719720744,BTCUSD_PERP,bid,61400,605.95
1726719875839,BTCUSD_PERP,bid,61400,544.64
1726720251093,BTCUSD_PERP,bid,61400,544.82
1726720251294,BTCUSD_PERP,bid,61400,605.64
1726720251395,BTCUSD_PERP,bid,61400,847.69
1726720251605,BTCUSD_PERP,bid,61400,1030.15
1726720252115,BTCUSD_PERP,bid,61400,1151.17
1726720255211,BTCUSD_PERP,bid,61400,1165.89
1726720330723,BTCUSD_PERP,bid,61400,1105.07
1726720330923,BTCUSD_PERP,bid,61400,923.22
1726720331128,BTCUSD_PERP,bid,61400,802.81
1726720331332,BTCUSD_PERP,bid,61400,681.78
1726720331434,BTCUSD_PERP,bid,61400,620.96
1726720331637,BTCUSD_PERP,bid,61400,545.19
1726720331637,BTCUSD_PERP,bid,61400,499.32
1726720331837,BTCUSD_PERP,bid,61400,605.36
1726720331940,BTCUSD_PERP,bid,61400,666.14
1726720332040,BTCUSD_PERP,bid,61400,786.99
1726720332143,BTCUSD_PERP,bid,61400,847.77
1726720332544,BTCUSD_PERP,bid,61400,969.33
1726720332747,BTCUSD_PERP,bid,61400,1029.5
1726720516950,BTCUSD_PERP,bid,61400,968.72
1726720524925,BTCUSD_PERP,bid,61400,907.94
1726720527007,BTCUSD_PERP,bid,61400,847.16
1726720534182,BTCUSD_PERP,bid,61400,786.38
1726720537653,BTCUSD_PERP,bid,61400,725.6
1726720540383,BTCUSD_PERP,bid,61400,664.82
1726720540896,BTCUSD_PERP,bid,61400,604.04
1726720543440,BTCUSD_PERP,bid,61400,543.87
1726720544907,BTCUSD_PERP,bid,61400,604.38
1726720545486,BTCUSD_PERP,bid,61400,664.59
1726720554376,BTCUSD_PERP,bid,61400,664.74
1726720555169,BTCUSD_PERP,bid,61400,664.88
1726720559405,BTCUSD_PERP,bid,61400,665.02
1726720564637,BTCUSD_PERP,bid,61400,665.16
1726720658081,BTCUSD_PERP,bid,61400,604.09
1726720872050,BTCUSD_PERP,bid,61400,543.91
1726720873925,BTCUSD_PERP,bid,61400,544.23
1726721937818,BTCUSD_PERP,bid,61500,605.17
1726721945151,BTCUSD_PERP,bid,61500,619.92
1726721984504,BTCUSD_PERP,bid,61500,544.55
1726722031589,BTCUSD_PERP,bid,61500,544.82
1726722200207,BTCUSD_PERP,bid,61600,545.14
1726722200304,BTCUSD_PERP,bid,61600,605.51
1726722208753,BTCUSD_PERP,bid,61600,545.13
1726722209462,BTCUSD_PERP,bid,61600,545.44
1726722209771,BTCUSD_PERP,bid,61600,606.47
1726722209866,BTCUSD_PERP,bid,61600,727.91
1726722210493,BTCUSD_PERP,bid,61600,788.94
1726722272371,BTCUSD_PERP,bid,61600,668.12
1726722272883,BTCUSD_PERP,bid,61600,546.39
1726722272984,BTCUSD_PERP,bid,61600,607.39
1726722389556,BTCUSD_PERP,bid,61600,546.53
1726722389677,BTCUSD_PERP,bid,61600,607.53
1726722632058,BTCUSD_PERP,bid,61600,607.42
1726722632162,BTCUSD_PERP,bid,61600,668.42
1726722632273,BTCUSD_PERP,bid,61600,789.8
1726722632588,BTCUSD_PERP,bid,61600,911.8
1726722632693,BTCUSD_PERP,bid,61600,972.8
1726722632897,BTCUSD_PERP,bid,61600,1033.8
1726722633431,BTCUSD_PERP,bid,61600,1094.18
1726722813735,BTCUSD_PERP,bid,61600,972.8
1726722813838,BTCUSD_PERP,bid,61600,911.8
1726722813935,BTCUSD_PERP,bid,61500,669.33
1726722814034,BTCUSD_PERP,bid,61500,911.35
1726722814144,BTCUSD_PERP,bid,61500,972.32
1726723209552,BTCUSD_PERP,bid,61500,545.96
1726723209652,BTCUSD_PERP,bid,61500,1092.44
1726723209755,BTCUSD_PERP,bid,61500,1153.38
1726723314671,BTCUSD_PERP,bid,61500,850.55
1726723314774,BTCUSD_PERP,bid,61500,1153.36
1726723314978,BTCUSD_PERP,bid,61500,1214.33
1726723385665,BTCUSD_PERP,bid,61500,1093.01
1726723385768,BTCUSD_PERP,bid,61500,911.34
1726723385869,BTCUSD_PERP,bid,61500,850.37
1726723386167,BTCUSD_PERP,bid,61500,728.43
1726723386270,BTCUSD_PERP,bid,61500,546.04
1726723386270,BTCUSD_PERP,bid,61500,668.08
1726723386562,BTCUSD_PERP,bid,61500,606.98
1726723386562,BTCUSD_PERP,bid,61500,607.11
1726723386679,BTCUSD_PERP,bid,61500,546.77
1726723386781,BTCUSD_PERP,bid,61500,849.49
1726723386987,BTCUSD_PERP,bid,61500,970.12
1726723387092,BTCUSD_PERP,bid,61500,1031.06
1726723387404,BTCUSD_PERP,bid,61500,1092.0
1726723387502,BTCUSD_PERP,bid,61500,1213.78
1726723560722,BTCUSD_PERP,bid,61500,1152.84
1726723560823,BTCUSD_PERP,bid,61500,1091.9
1726723560928,BTCUSD_PERP,bid,61500,1030.96
1726723561031,BTCUSD_PERP,bid,61500,909.7
1726723561124,BTCUSD_PERP,bid,61500,848.88
1726723561227,BTCUSD_PERP,bid,61500,1030.99
1726723561943,BTCUSD_PERP,bid,61500,1091.27
1726723614424,BTCUSD_PERP,bid,61500,1030.36
1726723614520,BTCUSD_PERP,bid,61400,970.73
1726723614625,BTCUSD_PERP,bid,61400,1091.23
1726723614724,BTCUSD_PERP,bid,61400,1152.1
1726724100842,BTCUSD_PERP,bid,61400,1090.58
1726724100943,BTCUSD_PERP,bid,61400,1151.41
1726724132504,BTCUSD_PERP,bid,61400,1211.63
1726724135155,BTCUSD_PERP,bid,61400,1211.77
1726724148126,BTCUSD_PERP,bid,61400,1211.91
1726724152721,BTCUSD_PERP,bid,61400,1212.05
1726724155406,BTCUSD_PERP,bid,61400,1212.19
1726724163358,BTCUSD_PERP,bid,61400,1212.33
1726724172117,BTCUSD_PERP,bid,61400,1212.48
1726724340105,BTCUSD_PERP,bid,61400,1212.34
1726724355258,BTCUSD_PERP,bid,61400,1212.2
1726724365149,BTCUSD_PERP,bid,61400,1212.06
1726724366876,BTCUSD_PERP,bid,61400,1211.92
1726724370435,BTCUSD_PERP,bid,61400,1211.78
1726724384530,BTCUSD_PERP,bid,61400,1211.63
1726724397556,BTCUSD_PERP,bid,61400,1091.19
1726724397652,BTCUSD_PERP,bid,61400,908.39
1726724397754,BTCUSD_PERP,bid,61400,1030.01
1726724397853,BTCUSD_PERP,bid,61400,1090.82
1726724481045,BTCUSD_PERP,bid,61400,727.2
1726724481148,BTCUSD_PERP,bid,61400,546.02
1726724481148,BTCUSD_PERP,bid,61400,604.65
1726724481250,BTCUSD_PERP,bid,61400,726.31
1726724481451,BTCUSD_PERP,bid,61400,847.87
1726724481650,BTCUSD_PERP,bid,61400,908.7
1726724481855,BTCUSD_PERP,bid,61400,969.53
1726724481959,BTCUSD_PERP,bid,61400,1151.41
1726724482056,BTCUSD_PERP,bid,61400,1211.63
1726724483232,BTCUSD_PERP,bid,61400,1226.35
1726724491292,BTCUSD_PERP,bid,61400,1238.32
1726724603639,BTCUSD_PERP,bid,61400,1223.6
1726724611719,BTCUSD_PERP,bid,61400,1211.63
1726724810110,BTCUSD_PERP,bid,61400,605.62
1726724810211,BTCUSD_PERP,bid,61400,1029.95
1726724810419,BTCUSD_PERP,bid,61400,1090.76
1726724842815,BTCUSD_PERP,bid,61400,969.76
1726724842915,BTCUSD_PERP,bid,61300,666.61
1726724843023,BTCUSD_PERP,bid,61300,968.63
1726724843123,BTCUSD_PERP,bid,61300,970.83
1726724966235,BTCUSD_PERP,bid,61300,968.63
1726724983430,BTCUSD_PERP,bid,61300,847.7
1726724983529,BTCUSD_PERP,bid,61300,786.92
1726724983734,BTCUSD_PERP,bid,61300,726.76
1726724983938,BTCUSD_PERP,bid,61300,666.6
1726724984135,BTCUSD_PERP,bid,61300,605.82
1726724984344,BTCUSD_PERP,bid,61300,545.15
1726724984553,BTCUSD_PERP,bid,61400,545.31
1726724984653,BTCUSD_PERP,bid,61400,606.12
1726724984843,BTCUSD_PERP,bid,61400,666.93
1726724984952,BTCUSD_PERP,bid,61400,848.12
1726724985052,BTCUSD_PERP,bid,61400,1030.55
1726724985154,BTCUSD_PERP,bid,61400,1090.73
1726725146520,BTCUSD_PERP,bid,61400,1030.55
1726725146621,BTCUSD_PERP,bid,61400,969.74
1726725146721,BTCUSD_PERP,bid,61400,848.74
1726725146826,BTCUSD_PERP,bid,61400,667.04
1726725146926,BTCUSD_PERP,bid,61400,606.23
1726725147333,BTCUSD_PERP,bid,61400,605.82
1726725147635,BTCUSD_PERP,bid,61400,666.66
1726725147750,BTCUSD_PERP,bid,61400,726.89
1726725147841,BTCUSD_PERP,bid,61400,787.73
1726725147952,BTCUSD_PERP,bid,61400,908.79
1726725148059,BTCUSD_PERP,bid,61400,1029.85
1726725148261,BTCUSD_PERP,bid,61400,1090.07
1726725148362,BTCUSD_PERP,bid,61400,1211.75
1726725526716,BTCUSD_PERP,bid,61400,1031.09
1726725526813,BTCUSD_PERP,bid,61400,849.18
1726725526918,BTCUSD_PERP,bid,61400,788.34
1726725527022,BTCUSD_PERP,bid,61400,727.5
1726725543083,BTCUSD_PERP,bid,61400,667.28
1726725544750,BTCUSD_PERP,bid,61400,546.55
1726725544870,BTCUSD_PERP,bid,61400,607.43
1726725617909,BTCUSD_PERP,bid,61400,546.55
1726725618116,BTCUSD_PERP,bid,61400,546.91
1726725834688,BTCUSD_PERP,bid,61400,495.95
1726726172025,BTCUSD_PERP,bid,61300,725.62
1726726203945,BTCUSD_PERP,bid,61300,664.94
1726726204045,BTCUSD_PERP,bid,61300,604.87
1726726505704,BTCUSD_PERP,bid,61300,544.24
1726726505915,BTCUSD_PERP,bid,61300,605.0
1726726506135,BTCUSD_PERP,bid,61300,665.76
1726726508640,BTCUSD_PERP,bid,61300,665.9
1726726644904,BTCUSD_PERP,bid,61300,544.38
1726726646819,BTCUSD_PERP,bid,61300,545.14
1726726704970,BTCUSD_PERP,bid,61400,545.87
1726726705066,BTCUSD_PERP,bid,61400,606.66
1726726705169,BTCUSD_PERP,bid,61400,727.01
1726726705272,BTCUSD_PERP,bid,61400,787.8
1726726705374,BTCUSD_PERP,bid,61300,530.71
1726726705475,BTCUSD_PERP,bid,61400,847.97
1726726705579,BTCUSD_PERP,bid,61400,908.76
1726726734974,BTCUSD_PERP,bid,61400,847.97
1726726735078,BTCUSD_PERP,bid,61400,727.0
1726726735178,BTCUSD_PERP,bid,61400,666.83
1726726735278,BTCUSD_PERP,bid,61400,606.04
1726726735380,BTCUSD_PERP,bid,61400,545.87
1726726883303,BTCUSD_PERP,bid,61400,543.73
1726726995794,BTCUSD_PERP,bid,61400,606.2
1726726995901,BTCUSD_PERP,bid,61400,666.45
1726726996107,BTCUSD_PERP,bid,61400,849.06
1726726996208,BTCUSD_PERP,bid,61400,909.93
1726726996305,BTCUSD_PERP,bid,61400,1030.93
1726726996409,BTCUSD_PERP,bid,61400,1091.8
1726726996612,BTCUSD_PERP,bid,61400,1152.05
1726727025822,BTCUSD_PERP,bid,61400,1031.55
1726727025929,BTCUSD_PERP,bid,61400,909.81
1726727026031,BTCUSD_PERP,bid,61400,849.05
1726727026136,BTCUSD_PERP,bid,61400,727.31
1726727026545,BTCUSD_PERP,bid,61400,606.2
1726727026545,BTCUSD_PERP,bid,61500,546.14
1726727026863,BTCUSD_PERP,bid,61400,545.95
1726727026980,BTCUSD_PERP,bid,61500,727.6
1726727027085,BTCUSD_PERP,bid,61500,788.5
1726727027687,BTCUSD_PERP,bid,61500,969.96
1726727027781,BTCUSD_PERP,bid,61500,1091.14
1726727027904,BTCUSD_PERP,bid,61500,1212.94
1726727361599,BTCUSD_PERP,bid,61500,1152.04
1726727361695,BTCUSD_PERP,bid,61500,1030.86
1726727361799,BTCUSD_PERP,bid,61500,787.88
1726727361896,BTCUSD_PERP,bid,61500,667.32
1726727362005,BTCUSD_PERP,bid,61500,545.9
1726727362213,BTCUSD_PERP,bid,61500,606.42
1726727362213,BTCUSD_PERP,bid,61500,606.83
1726727362431,BTCUSD_PERP,bid,61500,545.52
1726727362431,BTCUSD_PERP,bid,61500,667.76
1726727362528,BTCUSD_PERP,bid,61500,728.69
1726727405148,BTCUSD_PERP,bid,61500,667.76
1726727405555,BTCUSD_PERP,bid,61500,606.83
1726727406169,BTCUSD_PERP,bid,61500,545.9
1726727406885,BTCUSD_PERP,bid,61500,729.55
1726727451790,BTCUSD_PERP,bid,61500,669.27
1726727451891,BTCUSD_PERP,bid,61500,608.99
1726727452095,BTCUSD_PERP,bid,61500,548.09
1726727452601,BTCUSD_PERP,bid,61500,545.97
1726727452808,BTCUSD_PERP,bid,61500,667.85
1726727453315,BTCUSD_PERP,bid,61500,728.79
1726727463349,BTCUSD_PERP,bid,61500,743.54
1726727556811,BTCUSD_PERP,bid,61500,682.6
1726727557265,BTCUSD_PERP,bid,61500,622.28
1726727557366,BTCUSD_PERP,bid,61500,501.65
1726727557792,BTCUSD_PERP,bid,61500,607.23
1726727558104,BTCUSD_PERP,bid,61500,729.17
1726727558216,BTCUSD_PERP,bid,61500,790.14
1726727584113,BTCUSD_PERP,bid,61600,500.16
1726727621203,BTCUSD_PERP,bid,61500,729.17
1726727621405,BTCUSD_PERP,bid,61500,668.82
1726727621513,BTCUSD_PERP,bid,61500,548.12
1726727621731,BTCUSD_PERP,bid,61500,487.15
1726727622260,BTCUSD_PERP,bid,61600,547.22
1726727622363,BTCUSD_PERP,bid,61600,669.24
1726727622591,BTCUSD_PERP,bid,61600,790.64
1726728375671,BTCUSD_PERP,bid,61500,546.87
1726728375791,BTCUSD_PERP,bid,61500,607.84
1726728376154,BTCUSD_PERP,bid,61500,668.2
1726728376601,BTCUSD_PERP,bid,61500,729.17
1726728383486,BTCUSD_PERP,bid,61500,729.32
1726728386897,BTCUSD_PERP,bid,61500,729.47
1726728397347,BTCUSD_PERP,bid,61500,729.62
1726728458014,BTCUSD_PERP,bid,61500,669.26
1726728458121,BTCUSD_PERP,bid,61500,547.32
1726728458930,BTCUSD_PERP,bid,61500,606.92
1726728459719,BTCUSD_PERP,bid,61500,667.86
1726728459950,BTCUSD_PERP,bid,61500,728.8
1726728766270,BTCUSD_PERP,bid,61500,546.3
1726728813904,BTCUSD_PERP,ask,62700,484.36
1726728814104,BTCUSD_PERP,ask,62700,494.38
1726728814205,BTCUSD_PERP,ask,62700,504.71
1726728818867,BTCUSD_PERP,ask,62700,510.97
1726728821350,BTCUSD_PERP,ask,62700,520.99
1726728822973,BTCUSD_PERP,ask,62700,531.01
1726728823684,BTCUSD_PERP,ask,62700,547.29
1726728829273,BTCUSD_PERP,ask,62700,537.27
1726728830485,BTCUSD_PERP,ask,62700,517.23
1726728831208,BTCUSD_PERP,ask,62700,507.52
1726728834054,BTCUSD_PERP,ask,62700,497.5
1726728840895,BTCUSD_PERP,ask,62700,487.48
1726728843351,BTCUSD_PERP,ask,62700,481.22
1726729182342,BTCUSD_PERP,bid,61500,607.75
1726729182439,BTCUSD_PERP,bid,61500,668.04
1726729182546,BTCUSD_PERP,bid,61500,728.95
1726729182649,BTCUSD_PERP,bid,61500,789.86
1726729182749,BTCUSD_PERP,bid,61500,850.15
1726729182954,BTCUSD_PERP,bid,61500,910.43
1726729183059,BTCUSD_PERP,bid,61500,970.72
1726729183258,BTCUSD_PERP,bid,61400,531.31
1726729330742,BTCUSD_PERP,bid,61500,910.43
1726729330945,BTCUSD_PERP,bid,61400,727.23
1726729331047,BTCUSD_PERP,bid,61400,788.1
1726729376293,BTCUSD_PERP,bid,61400,727.23
1726729376706,BTCUSD_PERP,bid,61400,666.36
1726729376796,BTCUSD_PERP,bid,61400,605.49
1726729377120,BTCUSD_PERP,bid,61400,545.25
1726729377621,BTCUSD_PERP,bid,61400,497.11
1726729377722,BTCUSD_PERP,bid,61300,591.45
1726729377722,BTCUSD_PERP,bid,61400,739.85
1726729377819,BTCUSD_PERP,bid,61400,1042.71
1726729469986,BTCUSD_PERP,bid,61400,1030.44
1726729535508,BTCUSD_PERP,bid,61300,530.7
1726729535508,BTCUSD_PERP,bid,61400,970.23
1726729535609,BTCUSD_PERP,bid,61400,909.39
1726729535712,BTCUSD_PERP,bid,61400,848.65
1726729536421,BTCUSD_PERP,bid,61400,727.59
1726729536525,BTCUSD_PERP,bid,61400,666.75
1726729536623,BTCUSD_PERP,bid,61400,605.91
1726729537227,BTCUSD_PERP,bid,61400,606.22
1726729537460,BTCUSD_PERP,bid,61400,667.09
1726729575710,BTCUSD_PERP,bid,61400,606.22
1726729575848,BTCUSD_PERP,bid,61400,545.97
1726729596005,BTCUSD_PERP,bid,61500,545.96
1726729596630,BTCUSD_PERP,bid,61500,667.24
1726729596729,BTCUSD_PERP,bid,61500,727.57
1726729596829,BTCUSD_PERP,bid,61500,848.85
1726729596930,BTCUSD_PERP,bid,61500,909.8
1726729597034,BTCUSD_PERP,bid,61500,970.75
1726729624755,BTCUSD_PERP,bid,61500,667.24
1726729625063,BTCUSD_PERP,bid,61500,606.29
1726729625261,BTCUSD_PERP,bid,61500,545.34
1726729669622,BTCUSD_PERP,bid,61500,546.05
1726729669826,BTCUSD_PERP,bid,61500,607.0
1726729739056,BTCUSD_PERP,bid,61500,545.78
1726729739159,BTCUSD_PERP,bid,61500,606.7
1726729858867,BTCUSD_PERP,bid,61500,546.41
1726729859887,BTCUSD_PERP,bid,61500,608.26
1726729860097,BTCUSD_PERP,bid,61500,668.6
1726729860199,BTCUSD_PERP,bid,61500,790.52
1726729860398,BTCUSD_PERP,bid,61500,851.48
1726729913002,BTCUSD_PERP,bid,61500,669.22
1726729913104,BTCUSD_PERP,bid,61500,547.3
1726729913914,BTCUSD_PERP,bid,61600,501.45
1726729914221,BTCUSD_PERP,bid,61600,562.47
1726729981554,BTCUSD_PERP,bid,61600,547.48
1726729993948,BTCUSD_PERP,ask,62800,481.57
1726729995731,BTCUSD_PERP,ask,62800,487.84
1726730022983,BTCUSD_PERP,bid,61600,487.12
1726730024095,BTCUSD_PERP,bid,61500,547.21
1726730055268,BTCUSD_PERP,bid,61500,606.93
1726730066319,BTCUSD_PERP,bid,61500,546.67
1726730066724,BTCUSD_PERP,bid,61400,545.77
1726730066925,BTCUSD_PERP,bid,61400,606.63
1726730231909,BTCUSD_PERP,bid,61400,545.87
1726730233186,BTCUSD_PERP,bid,61500,546.05
1726730233285,BTCUSD_PERP,bid,61500,606.94
1726730246816,BTCUSD_PERP,bid,61500,546.15
1726730248051,BTCUSD_PERP,bid,61500,547.01
1726730248147,BTCUSD_PERP,bid,61500,607.32
1726730434564,BTCUSD_PERP,bid,61500,546.39
1726730435722,BTCUSD_PERP,bid,61500,546.67
1726730435820,BTCUSD_PERP,bid,61500,607.63
1726730436028,BTCUSD_PERP,bid,61500,667.97
1726730436125,BTCUSD_PERP,bid,61500,728.93
1726730477705,BTCUSD_PERP,bid,61500,607.01
1726730478006,BTCUSD_PERP,bid,61500,546.05
1726730478211,BTCUSD_PERP,bid,61500,788.79
1726730478409,BTCUSD_PERP,bid,61500,849.71
1726730514405,BTCUSD_PERP,bid,61500,788.79
1726730566722,BTCUSD_PERP,bid,61500,727.97
1726730566820,BTCUSD_PERP,bid,61500,667.67
1726730567028,BTCUSD_PERP,bid,61500,607.36
1726730567127,BTCUSD_PERP,bid,61500,546.44
1726730568051,BTCUSD_PERP,bid,61500,607.63
1726730568143,BTCUSD_PERP,bid,61500,667.97
1726730568487,BTCUSD_PERP,bid,61500,789.27
1726730637949,BTCUSD_PERP,bid,61500,728.94
1726730638049,BTCUSD_PERP,bid,61500,667.98
1726730638359,BTCUSD_PERP,bid,61500,788.23
1726730638464,BTCUSD_PERP,bid,61500,849.16
1726730698319,BTCUSD_PERP,bid,61500,545.77
1726730698838,BTCUSD_PERP,bid,61500,546.06
1726730698927,BTCUSD_PERP,bid,61500,606.4
1726730699032,BTCUSD_PERP,bid,61500,727.7
1726730699147,BTCUSD_PERP,bid,61500,788.66
1726730699383,BTCUSD_PERP,bid,61500,849.62
1726730701097,BTCUSD_PERP,bid,61500,849.77
1726730908682,BTCUSD_PERP,bid,61500,849.62
1726731014506,BTCUSD_PERP,bid,61500,788.66
1726731014703,BTCUSD_PERP,bid,61500,667.03
1726731014804,BTCUSD_PERP,bid,61500,727.96
1726731191663,BTCUSD_PERP,bid,61500,667.65
1726731191768,BTCUSD_PERP,bid,61500,606.72
1726731192174,BTCUSD_PERP,bid,61500,546.41
1726731192789,BTCUSD_PERP,bid,61500,545.0
1726731192890,BTCUSD_PERP,bid,61500,605.9
1726731192991,BTCUSD_PERP,bid,61500,666.8
1726731193199,BTCUSD_PERP,bid,61500,787.88
1726731193299,BTCUSD_PERP,bid,61500,848.78
1726731335764,BTCUSD_PERP,bid,61400,712.72
1726731335764,BTCUSD_PERP,bid,61400,788.12
1726731335862,BTCUSD_PERP,bid,61400,530.93
1726731424311,BTCUSD_PERP,bid,61400,727.87
1726731424419,BTCUSD_PERP,bid,61400,667.0
1726731424725,BTCUSD_PERP,bid,61400,606.23
1726731425026,BTCUSD_PERP,bid,61400,545.98
1726731425132,BTCUSD_PERP,bid,61500,605.8
1726731425336,BTCUSD_PERP,bid,61500,726.98
1726731425439,BTCUSD_PERP,bid,61400,531.24
1726731425439,BTCUSD_PERP,bid,61500,787.88
1726731425541,BTCUSD_PERP,bid,61500,969.96
1726731425844,BTCUSD_PERP,bid,61500,1030.86
1726731426042,BTCUSD_PERP,bid,61400,592.06
1726731426254,BTCUSD_PERP,bid,61500,1091.76
1726731431538,BTCUSD_PERP,bid,61500,969.96
1726731431633,BTCUSD_PERP,bid,61500,849.4
1726731431737,BTCUSD_PERP,bid,61500,789.12
1726731431840,BTCUSD_PERP,bid,61500,728.22
1726731431942,BTCUSD_PERP,bid,61500,546.14
1726731431942,BTCUSD_PERP,bid,61500,545.89
1726731432042,BTCUSD_PERP,bid,61500,606.82
1726731432145,BTCUSD_PERP,bid,61500,667.75
1726731562604,BTCUSD_PERP,bid,61500,789.9
1726731562704,BTCUSD_PERP,bid,61500,911.82
1726731656843,BTCUSD_PERP,bid,61500,547.3
1726731657351,BTCUSD_PERP,bid,61600,547.13
1726731657454,BTCUSD_PERP,bid,61600,730.13
1726731662994,BTCUSD_PERP,bid,61500,607.74
1726731663301,BTCUSD_PERP,bid,61500,668.7
1726731671702,BTCUSD_PERP,bid,61500,607.74
1726731671807,BTCUSD_PERP,bid,61500,546.78
1726731672523,BTCUSD_PERP,bid,61500,667.03
1726731672725,BTCUSD_PERP,bid,61500,727.96
1726731726041,BTCUSD_PERP,bid,61500,667.65
1726731830445,BTCUSD_PERP,bid,47000,2388.72
1726732095137,BTCUSD_PERP,bid,61600,669.04
1726732256651,BTCUSD_PERP,bid,61600,546.35
1726732272678,BTCUSD_PERP,bid,61600,608.04
1726732272880,BTCUSD_PERP,bid,61500,668.71
1726732736670,BTCUSD_PERP,bid,61500,546.07
