2024-08-20 07:14:34,BTCUSDT,ask,65000,541.789
2024-08-20 07:18:09,BTCUSDT,ask,65500,517.402
2024-08-20 07:20:16,BTCUSDT,ask,65000,541.874
2024-08-20 07:21:14,BTCUSDT,ask,65000,541.855
2024-08-20 07:26:12,BTCUSDT,ask,65000,541.853
2024-08-20 07:28:04,BTCUSDT,bid,47000,874.263
2024-08-20 07:28:23,BTCUSDT,ask,65000,541.874
2024-08-20 07:28:28,BTCUSDT,ask,65000,541.884
2024-08-20 07:29:13,BTCUSDT,ask,65000,541.103
2024-08-20 07:29:50,BTCUSDT,ask,65000,541.105
2024-08-20 07:29:54,BTCUSDT,ask,65000,541.107
2024-08-20 07:30:24,BTCUSDT,bid,47000,874.258
2024-08-20 07:31:10,BTCUSDT,ask,65000,541.23
2024-08-20 07:31:37,BTCUSDT,ask,65500,514.406
2024-08-20 07:32:13,BTCUSDT,bid,47300,805.878
2024-08-20 07:32:32,BTCUSDT,ask,65000,540.636
2024-08-20 07:32:39,BTCUSDT,ask,65500,514.413
2024-08-20 07:33:07,BTCUSDT,ask,65000,540.634
2024-08-20 07:33:48,BTCUSDT,ask,65000,540.64
2024-08-20 07:34:06,BTCUSDT,ask,65000,540.651
2024-08-20 07:34:21,BTCUSDT,bid,47300,805.984
2024-08-20 07:35:18,BTCUSDT,bid,47000,874.201
2024-08-20 07:36:27,BTCUSDT,ask,65000,540.665
2024-08-20 07:38:03,BTCUSDT,ask,65000,534.815
2024-08-20 07:39:51,BTCUSDT,ask,65000,534.771
2024-08-20 07:40:31,BTCUSDT,ask,65500,514.342
2024-08-20 07:40:53,BTCUSDT,ask,65500,514.372
2024-08-20 07:41:25,BTCUSDT,ask,65000,534.741
2024-08-20 07:41:40,BTCUSDT,ask,65000,534.738
2024-08-20 07:43:11,BTCUSDT,ask,65000,534.736
2024-08-20 07:44:13,BTCUSDT,ask,65000,534.739
2024-08-20 07:44:32,BTCUSDT,ask,65000,534.747
2024-08-20 07:44:57,BTCUSDT,ask,65000,534.75
2024-08-20 07:44:57,BTCUSDT,ask,65500,514.375
2024-08-20 07:45:40,BTCUSDT,ask,65000,534.696
2024-08-20 07:50:40,BTCUSDT,ask,65000,534.693
2024-08-20 07:55:24,BTCUSDT,ask,65000,532.794
2024-08-20 07:55:39,BTCUSDT,ask,65000,533.409
2024-08-20 07:57:15,BTCUSDT,ask,65000,533.455
2024-08-20 07:00:22,BTCUSD_PERP,bid,58900,533.35
2024-08-20 07:00:23,BTCUSD_PERP,bid,58900,522.44
2024-08-20 07:01:26,BTCUSD_PERP,bid,58900,580.74
2024-08-20 07:01:26,BTCUSD_PERP,bid,58900,639.12
2024-08-20 07:01:27,BTCUSD_PERP,bid,58900,641.23
2024-08-20 07:01:28,BTCUSD_PERP,bid,58900,655.36
2024-08-20 07:04:14,BTCUSD_PERP,bid,58900,522.86
2024-08-20 07:04:14,BTCUSD_PERP,bid,58900,639.01
2024-08-20 07:05:23,BTCUSD_PERP,bid,58900,638.59
2024-08-20 07:07:04,BTCUSD_PERP,bid,58800,582.65
2024-08-20 07:09:05,BTCUSD_PERP,bid,58800,580.54
2024-08-20 07:11:23,BTCUSD_PERP,bid,58800,522.83
2024-08-20 07:16:16,BTCUSD_PERP,bid,58800,637.93
2024-08-20 07:16:17,BTCUSD_PERP,bid,58800,696.2
2024-08-20 07:16:31,BTCUSD_PERP,bid,58800,638.52
2024-08-20 07:16:31,BTCUSD_PERP,bid,58800,580.25
2024-08-20 07:16:31,BTCUSD_PERP,bid,58800,522.57
2024-08-20 07:16:33,BTCUSD_PERP,bid,58800,566.84
2024-08-20 07:16:33,BTCUSD_PERP,bid,58800,522.4
2024-08-20 07:16:33,BTCUSD_PERP,bid,58800,580.71
2024-08-20 07:16:33,BTCUSD_PERP,bid,58800,638.92
2024-08-20 07:17:10,BTCUSD_PERP,bid,58800,522.9
2024-08-20 07:17:11,BTCUSD_PERP,bid,58900,522.68
2024-08-20 07:17:11,BTCUSD_PERP,bid,58900,581.02
2024-08-20 07:17:12,BTCUSD_PERP,bid,58900,638.76
2024-08-20 07:17:28,BTCUSD_PERP,bid,58900,580.42
2024-08-20 07:17:28,BTCUSD_PERP,bid,58900,522.08
2024-08-20 07:17:30,BTCUSD_PERP,bid,58900,522.88
2024-08-20 07:17:30,BTCUSD_PERP,bid,58900,697.4
2024-08-20 07:17:31,BTCUSD_PERP,bid,58900,698.63
2024-08-20 07:17:47,BTCUSD_PERP,bid,58900,581.89
2024-08-20 07:17:48,BTCUSD_PERP,bid,59000,650.53
2024-08-20 07:17:48,BTCUSD_PERP,bid,59000,825.07
2024-08-20 07:17:48,BTCUSD_PERP,bid,59000,999.71
2024-08-20 07:18:51,BTCUSD_PERP,ask,64800,608.83
2024-08-20 07:18:55,BTCUSD_PERP,bid,59000,766.17
2024-08-20 07:18:55,BTCUSD_PERP,bid,58900,930.98
2024-08-20 07:18:55,BTCUSD_PERP,bid,58900,989.36
2024-08-20 07:20:13,BTCUSD_PERP,bid,58900,930.98
2024-08-20 07:21:02,BTCUSD_PERP,bid,58900,814.22
2024-08-20 07:21:03,BTCUSD_PERP,bid,58900,756.44
2024-08-20 07:21:03,BTCUSD_PERP,bid,58900,639.68
2024-08-20 07:21:03,BTCUSD_PERP,bid,58900,581.3
2024-08-20 07:21:03,BTCUSD_PERP,bid,58900,522.92
2024-08-20 07:21:03,BTCUSD_PERP,bid,59000,523.29
2024-08-20 07:21:04,BTCUSD_PERP,bid,59000,640.01
2024-08-20 07:21:04,BTCUSD_PERP,bid,59000,814.05
2024-08-20 07:21:04,BTCUSD_PERP,bid,59000,871.87
2024-08-20 07:21:04,BTCUSD_PERP,bid,59000,929.68
2024-08-20 07:21:04,BTCUSD_PERP,bid,59000,988.09
2024-08-20 07:21:04,BTCUSD_PERP,bid,59000,1046.5
2024-08-20 07:22:25,BTCUSD_PERP,bid,59000,988.69
2024-08-20 07:22:25,BTCUSD_PERP,bid,59000,930.88
2024-08-20 07:22:25,BTCUSD_PERP,bid,59000,872.57
2024-08-20 07:22:25,BTCUSD_PERP,bid,59000,814.16
2024-08-20 07:22:26,BTCUSD_PERP,bid,59000,697.94
2024-08-20 07:22:26,BTCUSD_PERP,bid,59000,640.12
2024-08-20 07:22:26,BTCUSD_PERP,bid,59000,582.31
2024-08-20 07:22:26,BTCUSD_PERP,bid,59000,523.4
2024-08-20 07:22:26,BTCUSD_PERP,bid,59000,524.5
2024-08-20 07:22:26,BTCUSD_PERP,bid,59000,581.23
2024-08-20 07:24:18,BTCUSD_PERP,bid,59000,533.94
2024-08-20 07:24:18,BTCUSD_PERP,bid,59000,708.84
2024-08-20 07:24:18,BTCUSD_PERP,bid,59000,825.24
2024-08-20 07:24:19,BTCUSD_PERP,bid,59000,519.96
2024-08-20 07:24:19,BTCUSD_PERP,bid,59000,520.06
2024-08-20 07:24:19,BTCUSD_PERP,bid,59000,942.14
2024-08-20 07:24:22,BTCUSD_PERP,bid,59000,883.64
2024-08-20 07:24:22,BTCUSD_PERP,bid,59000,767.84
2024-08-20 07:24:22,BTCUSD_PERP,bid,59000,651.44
2024-08-20 07:24:22,BTCUSD_PERP,bid,59000,592.94
2024-08-20 07:25:21,BTCUSD_PERP,bid,59300,584.9
2024-08-20 07:25:22,BTCUSD_PERP,bid,59300,643.64
2024-08-20 07:25:22,BTCUSD_PERP,bid,59300,819.26
2024-08-20 07:25:22,BTCUSD_PERP,bid,59300,877.4
2024-08-20 07:25:27,BTCUSD_PERP,bid,59300,818.76
2024-08-20 07:25:27,BTCUSD_PERP,bid,59300,760.02
2024-08-20 07:25:27,BTCUSD_PERP,bid,59300,701.88
2024-08-20 07:25:27,BTCUSD_PERP,bid,59300,643.74
2024-08-20 07:25:27,BTCUSD_PERP,bid,59300,585.0
2024-08-20 07:26:05,BTCUSD_PERP,bid,59400,586.28
2024-08-20 07:26:05,BTCUSD_PERP,bid,59400,645.05
2024-08-20 07:26:06,BTCUSD_PERP,bid,59400,654.95
2024-08-20 07:26:06,BTCUSD_PERP,bid,59400,772.69
2024-08-20 07:26:20,BTCUSD_PERP,bid,59400,655.55
2024-08-20 07:26:20,BTCUSD_PERP,bid,59400,820.55
2024-08-20 07:26:20,BTCUSD_PERP,bid,59300,513.17
2024-08-20 07:26:20,BTCUSD_PERP,bid,59400,879.38
2024-08-20 07:26:34,BTCUSD_PERP,bid,59400,762.32
2024-08-20 07:26:34,BTCUSD_PERP,bid,59400,703.49
2024-08-20 07:26:34,BTCUSD_PERP,bid,59400,586.42
2024-08-20 07:26:34,BTCUSD_PERP,bid,59400,527.59
2024-08-20 07:27:01,BTCUSD_PERP,bid,42000,1062.25
2024-08-20 07:27:23,BTCUSD_PERP,bid,59500,528.38
2024-08-20 07:27:33,BTCUSD_PERP,bid,59500,528.06
2024-08-20 07:27:34,BTCUSD_PERP,bid,59500,587.0
2024-08-20 07:27:36,BTCUSD_PERP,bid,59500,528.66
2024-08-20 07:27:46,BTCUSD_PERP,bid,59500,528.75
2024-08-20 07:27:46,BTCUSD_PERP,bid,59500,587.7
2024-08-20 07:28:06,BTCUSD_PERP,bid,59500,528.75
2024-08-20 07:28:07,BTCUSD_PERP,bid,59500,528.42
2024-08-20 07:28:07,BTCUSD_PERP,bid,59500,586.8
2024-08-20 07:28:17,BTCUSD_PERP,bid,59500,527.82
2024-08-20 07:28:18,BTCUSD_PERP,bid,59600,528.18
2024-08-20 07:28:18,BTCUSD_PERP,bid,59600,587.1
2024-08-20 07:28:19,BTCUSD_PERP,bid,59600,646.12
2024-08-20 07:28:35,BTCUSD_PERP,bid,59500,705.36
2024-08-20 07:28:35,BTCUSD_PERP,bid,59500,764.35
2024-08-20 07:28:42,BTCUSD_PERP,bid,59500,705.36
2024-08-20 07:28:42,BTCUSD_PERP,bid,59500,529.7
2024-08-20 07:28:48,BTCUSD_PERP,bid,59600,588.41
2024-08-20 07:28:48,BTCUSD_PERP,bid,59600,647.43
2024-08-20 07:29:01,BTCUSD_PERP,bid,59600,589.01
2024-08-20 07:29:18,BTCUSD_PERP,bid,59600,530.5
2024-08-20 07:29:37,BTCUSD_PERP,bid,59800,545.95
2024-08-20 07:29:58,BTCUSD_PERP,bid,59800,530.97
2024-08-20 07:29:59,BTCUSD_PERP,bid,59800,590.18
2024-08-20 07:29:59,BTCUSD_PERP,bid,59800,649.39
2024-08-20 07:29:59,BTCUSD_PERP,bid,59800,707.99
2024-08-20 07:30:02,BTCUSD_PERP,bid,59800,589.57
2024-08-20 07:30:03,BTCUSD_PERP,bid,59800,530.97
2024-08-20 07:30:45,BTCUSD_PERP,bid,59800,531.15
2024-08-20 07:30:46,BTCUSD_PERP,bid,59800,835.64
2024-08-20 07:30:55,BTCUSD_PERP,bid,59800,658.52
2024-08-20 07:30:55,BTCUSD_PERP,bid,59800,540.13
2024-08-20 07:31:59,BTCUSD_PERP,bid,60000,602.06
2024-08-20 07:31:59,BTCUSD_PERP,bid,60000,661.52
2024-08-20 07:32:00,BTCUSD_PERP,bid,60000,720.37
2024-08-20 07:32:00,BTCUSD_PERP,bid,60000,779.22
2024-08-20 07:32:01,BTCUSD_PERP,bid,60000,601.45
2024-08-20 07:32:01,BTCUSD_PERP,bid,60000,541.99
2024-08-20 07:32:06,BTCUSD_PERP,bid,60100,593.31
2024-08-20 07:32:18,BTCUSD_PERP,ask,61200,492.11
2024-08-20 07:33:14,BTCUSD_PERP,bid,60000,591.49
2024-08-20 07:33:14,BTCUSD_PERP,bid,60000,650.89
2024-08-20 07:33:21,BTCUSD_PERP,bid,60000,591.49
2024-08-20 07:33:23,BTCUSD_PERP,bid,60000,532.7
2024-08-20 07:33:31,BTCUSD_PERP,bid,60000,533.05
2024-08-20 07:33:32,BTCUSD_PERP,bid,60000,592.48
2024-08-20 07:33:34,BTCUSD_PERP,bid,60000,533.66
2024-08-20 07:33:46,BTCUSD_PERP,bid,60000,534.26
2024-08-20 07:33:48,BTCUSD_PERP,bid,60000,531.36
2024-08-20 07:33:49,BTCUSD_PERP,bid,60000,590.71
2024-08-20 07:33:49,BTCUSD_PERP,bid,60000,649.55
2024-08-20 07:33:52,BTCUSD_PERP,bid,60000,887.31
2024-08-20 07:33:52,BTCUSD_PERP,bid,60000,946.71
2024-08-20 07:34:07,BTCUSD_PERP,bid,60000,827.91
2024-08-20 07:34:07,BTCUSD_PERP,bid,60000,709.71
2024-08-20 07:34:07,BTCUSD_PERP,bid,60000,650.91
2024-08-20 07:34:07,BTCUSD_PERP,bid,60000,591.61
2024-08-20 07:34:08,BTCUSD_PERP,bid,60000,532.21
2024-08-20 07:34:08,BTCUSD_PERP,bid,60000,533.06
2024-08-20 07:34:08,BTCUSD_PERP,bid,60000,591.9
2024-08-20 07:34:09,BTCUSD_PERP,bid,60000,651.34
2024-08-20 07:34:09,BTCUSD_PERP,bid,60000,710.78
2024-08-20 07:34:09,BTCUSD_PERP,bid,60000,769.61
2024-08-20 07:34:09,BTCUSD_PERP,bid,60000,829.05
2024-08-20 07:34:15,BTCUSD_PERP,bid,60000,946.71
2024-08-20 07:34:16,BTCUSD_PERP,bid,60000,1006.11
2024-08-20 07:34:20,BTCUSD_PERP,bid,60000,532.47
2024-08-20 07:34:21,BTCUSD_PERP,bid,60000,591.3
2024-08-20 07:34:21,BTCUSD_PERP,bid,60000,769.49
2024-08-20 07:34:21,BTCUSD_PERP,bid,60000,828.32
2024-08-20 07:34:21,BTCUSD_PERP,bid,60000,946.58
2024-08-20 07:34:21,BTCUSD_PERP,bid,60000,1065.44
2024-08-20 07:34:27,BTCUSD_PERP,bid,60000,769.66
2024-08-20 07:34:27,BTCUSD_PERP,bid,60000,1006.04
2024-08-20 07:34:27,BTCUSD_PERP,bid,60000,1065.44
2024-08-20 07:34:32,BTCUSD_PERP,bid,60000,769.76
2024-08-20 07:34:32,BTCUSD_PERP,bid,60000,650.96
2024-08-20 07:34:32,BTCUSD_PERP,bid,60000,591.56
2024-08-20 07:34:32,BTCUSD_PERP,bid,60000,532.78
2024-08-20 07:34:33,BTCUSD_PERP,bid,60000,532.66
2024-08-20 07:34:33,BTCUSD_PERP,bid,60000,651.56
2024-08-20 07:34:33,BTCUSD_PERP,bid,60000,710.4
2024-08-20 07:34:34,BTCUSD_PERP,bid,60000,710.44
2024-08-20 07:34:39,BTCUSD_PERP,bid,60000,650.99
2024-08-20 07:34:39,BTCUSD_PERP,bid,60000,650.57
2024-08-20 07:34:39,BTCUSD_PERP,bid,60000,709.99
2024-08-20 07:34:47,BTCUSD_PERP,bid,60000,650.57
2024-08-20 07:34:47,BTCUSD_PERP,bid,60000,532.34
2024-08-20 07:34:47,BTCUSD_PERP,bid,60000,533.24
2024-08-20 07:34:48,BTCUSD_PERP,bid,60000,592.09
2024-08-20 07:34:48,BTCUSD_PERP,bid,60000,710.39
2024-08-20 07:34:48,BTCUSD_PERP,bid,60000,769.84
2024-08-20 07:34:59,BTCUSD_PERP,bid,60000,710.01
2024-08-20 07:34:59,BTCUSD_PERP,bid,60000,769.43
2024-08-20 07:35:38,BTCUSD_PERP,bid,60000,710.01
2024-08-20 07:35:38,BTCUSD_PERP,bid,60000,650.59
2024-08-20 07:35:38,BTCUSD_PERP,bid,60000,531.75
2024-08-20 07:36:30,BTCUSD_PERP,bid,59900,544.27
2024-08-20 07:36:34,BTCUSD_PERP,bid,59900,590.49
2024-08-20 07:36:36,BTCUSD_PERP,bid,59900,532.95
2024-08-20 07:36:41,BTCUSD_PERP,bid,59900,590.17
2024-08-20 07:36:43,BTCUSD_PERP,bid,59900,534.72
2024-08-20 07:36:45,BTCUSD_PERP,bid,59900,530.84
2024-08-20 07:37:04,BTCUSD_PERP,bid,59900,531.62
2024-08-20 07:37:04,BTCUSD_PERP,bid,59900,649.11
2024-08-20 07:37:14,BTCUSD_PERP,bid,59900,590.36
2024-08-20 07:37:16,BTCUSD_PERP,bid,59900,767.93
2024-08-20 07:37:16,BTCUSD_PERP,bid,59900,827.24
2024-08-20 07:37:17,BTCUSD_PERP,bid,59900,709.22
2024-08-20 07:37:17,BTCUSD_PERP,bid,59900,532.24
2024-08-20 07:37:17,BTCUSD_PERP,bid,59900,649.74
2024-08-20 07:37:34,BTCUSD_PERP,bid,59900,590.39
2024-08-20 07:37:34,BTCUSD_PERP,bid,59900,649.38
2024-08-20 07:38:31,BTCUSD_PERP,bid,59900,708.08
2024-08-20 07:38:38,BTCUSD_PERP,bid,59800,648.97
2024-08-20 07:41:42,BTCUSD_PERP,bid,59800,707.17
2024-08-20 07:42:03,BTCUSD_PERP,bid,59800,648.2
2024-08-20 07:42:03,BTCUSD_PERP,bid,59800,706.81
2024-08-20 07:42:07,BTCUSD_PERP,bid,59800,529.88
2024-08-20 07:42:07,BTCUSD_PERP,bid,59700,600.65
2024-08-20 07:42:07,BTCUSD_PERP,bid,59700,718.41
2024-08-20 07:42:51,BTCUSD_PERP,bid,59700,659.23
2024-08-20 07:42:51,BTCUSD_PERP,bid,59700,541.58
2024-08-20 07:42:52,BTCUSD_PERP,bid,59800,530.45
2024-08-20 07:42:52,BTCUSD_PERP,bid,59800,706.9
2024-08-20 07:42:56,BTCUSD_PERP,bid,59800,530.44
2024-08-20 07:42:57,BTCUSD_PERP,bid,59800,541.48
2024-08-20 07:42:58,BTCUSD_PERP,bid,59800,600.64
2024-08-20 07:42:58,BTCUSD_PERP,bid,59800,659.9
2024-08-20 07:43:48,BTCUSD_PERP,bid,59700,659.16
2024-08-20 07:43:58,BTCUSD_PERP,bid,59700,707.43
2024-08-20 07:43:58,BTCUSD_PERP,bid,59700,766.59
2024-08-20 07:45:36,BTCUSD_PERP,bid,59700,648.87
2024-08-20 07:49:35,BTCUSD_PERP,bid,59700,531.37
2024-08-20 07:49:36,BTCUSD_PERP,bid,59700,589.89
2024-08-20 07:49:36,BTCUSD_PERP,bid,59700,649.01
2024-08-20 07:49:36,BTCUSD_PERP,bid,59700,708.13
2024-08-20 07:49:36,BTCUSD_PERP,bid,59700,825.17
2024-08-20 07:50:28,BTCUSD_PERP,bid,59700,766.66
2024-08-20 07:50:30,BTCUSD_PERP,bid,59700,648.42
2024-08-20 07:50:30,BTCUSD_PERP,bid,59700,825.0
2024-08-20 07:50:30,BTCUSD_PERP,bid,59700,884.15
2024-08-20 07:50:57,BTCUSD_PERP,bid,59700,825.0
2024-08-20 07:50:57,BTCUSD_PERP,bid,59700,765.85
2024-08-20 07:50:57,BTCUSD_PERP,bid,59700,648.15
2024-08-20 07:50:58,BTCUSD_PERP,bid,59700,589.6
2024-08-20 07:55:13,BTCUSD_PERP,bid,59900,532.35
2024-08-20 07:55:13,BTCUSD_PERP,bid,59900,591.71
2024-08-20 07:55:14,BTCUSD_PERP,bid,59900,710.43
2024-08-20 07:55:17,BTCUSD_PERP,bid,59900,591.8
2024-08-20 07:55:17,BTCUSD_PERP,bid,59900,532.66
2024-08-20 07:55:18,BTCUSD_PERP,bid,59900,591.99
2024-08-20 07:55:55,BTCUSD_PERP,bid,59800,591.61
2024-08-20 07:55:55,BTCUSD_PERP,bid,59800,650.9
2024-08-20 07:55:59,BTCUSD_PERP,bid,59800,591.31
2024-08-20 07:55:59,BTCUSD_PERP,bid,59800,650.57
