2024-09-04 07:02:34,ETHUSDT,bid,2200,4544.726
2024-09-04 07:02:54,ETHUSDT,bid,1700,6032.798
2024-09-04 07:05:40,ETHUSDT,ask,2670,3733.449
2024-09-04 07:05:42,ETHUSDT,ask,2670,3733.459
2024-09-04 07:05:43,ETHUSDT,bid,2210,4525.579
2024-09-04 07:06:09,ETHUSDT,ask,2670,3733.439
2024-09-04 07:18:00,ETHUSDT,bid,2070,9669.634
2024-09-04 07:19:09,ETHUSDT,bid,2230,4488.291
2024-09-04 07:20:56,ETHUSDT,ask,2570,3894.694
2024-09-04 07:20:56,ETHUSDT,ask,2590,5833.37
2024-09-04 07:20:56,ETHUSDT,ask,2670,3733.532
2024-09-04 07:20:56,ETHUSDT,ask,2990,3361.944
2024-09-04 07:22:53,ETHUSDT,bid,2200,5076.377
2024-09-04 07:24:03,ETHUSDT,bid,2200,4544.746
2024-09-04 07:24:03,ETHUSDT,bid,2200,4544.756
2024-09-04 07:24:21,ETHUSDT,ask,2990,3361.905
2024-09-04 07:24:42,ETHUSDT,bid,2200,4544.746
2024-09-04 07:24:43,ETHUSDT,bid,2200,4544.736
2024-09-04 07:24:45,ETHUSDT,bid,2200,4544.726
2024-09-04 07:25:12,ETHUSDT,bid,2200,4544.736
2024-09-04 07:25:53,ETHUSDT,bid,2200,4544.726
2024-09-04 07:26:03,ETHUSDT,bid,2200,5076.387
2024-09-04 07:26:04,ETHUSDT,bid,2200,5076.387
2024-09-04 07:26:34,ETHUSDT,bid,2200,5076.397
2024-09-04 07:26:35,ETHUSDT,bid,2200,5076.417
2024-09-04 07:26:35,ETHUSDT,bid,2200,5076.427
2024-09-04 07:26:39,ETHUSDT,bid,2200,5076.417
2024-09-04 07:26:43,ETHUSDT,bid,2200,5076.427
2024-09-04 07:27:09,ETHUSDT,bid,2200,5076.417
2024-09-04 07:27:10,ETHUSDT,bid,2200,5076.387
2024-09-04 07:27:22,ETHUSDT,bid,2200,5076.377
2024-09-04 07:31:50,ETHUSDT,bid,2140,4988.922
2024-09-04 07:33:02,ETHUSDT,bid,2200,4544.736
2024-09-04 07:33:39,ETHUSDT,bid,2200,4544.746
2024-09-04 07:33:39,ETHUSDT,bid,2200,4544.766
2024-09-04 07:33:41,ETHUSDT,bid,2200,4544.756
2024-09-04 07:33:51,ETHUSDT,bid,2200,5076.377
2024-09-04 07:33:52,ETHUSDT,bid,2200,5076.377
2024-09-04 07:33:53,ETHUSDT,bid,2200,5076.377
2024-09-04 07:33:54,ETHUSDT,bid,2200,5076.377
2024-09-04 07:33:55,ETHUSDT,bid,2200,5076.387
2024-09-04 07:33:55,ETHUSDT,bid,2200,5076.387
2024-09-04 07:33:55,ETHUSDT,bid,2200,5076.397
2024-09-04 07:33:56,ETHUSDT,bid,2200,5076.397
2024-09-04 07:33:59,ETHUSDT,bid,2200,5076.407
2024-09-04 07:34:00,ETHUSDT,bid,2140,4988.91
2024-09-04 07:34:23,ETHUSDT,bid,2200,4544.746
2024-09-04 07:34:24,ETHUSDT,bid,2200,4544.736
2024-09-04 07:34:24,ETHUSDT,bid,2200,4544.726
2024-09-04 07:34:37,ETHUSDT,bid,2200,5076.397
2024-09-04 07:34:38,ETHUSDT,bid,2200,5076.387
2024-09-04 07:34:50,ETHUSDT,bid,2200,5076.377
2024-09-04 07:38:31,ETHUSDT,ask,2670,3733.532
2024-09-04 07:42:08,ETHUSDT,bid,2250,4495.391
2024-09-04 07:45:53,ETHUSDT,bid,2200,4538.153
2024-09-04 07:47:49,ETHUSDT,bid,2140,4990.919
2024-09-04 07:48:26,ETHUSDT,bid,2070,9669.644
2024-09-04 07:48:32,ETHUSDT,ask,2670,3733.449
2024-09-04 07:49:14,ETHUSDT,ask,2670,3733.439
2024-09-04 07:49:29,ETHUSDT,bid,2140,9340.84
2024-09-04 07:50:02,ETHUSDT,ask,2670,3733.459
2024-09-04 07:50:52,ETHUSDT,ask,2670,3733.449
2024-09-04 07:50:52,ETHUSDT,ask,2670,3733.439
2024-09-04 07:51:05,ETHUSDT,ask,2670,3812.23
2024-09-04 07:52:24,ETHUSDT,bid,1940,5162.705
2024-09-04 07:55:03,ETHUSDT,bid,2030,4939.302
2024-09-04 07:55:28,ETHUSDT,ask,2650,3804.167
2024-09-04 07:55:28,ETHUSDT,ask,2650,3804.187
2024-09-04 07:55:28,ETHUSDT,ask,2650,3804.215
2024-09-04 07:55:28,ETHUSDT,ask,2650,3804.225
2024-09-04 07:55:28,ETHUSDT,ask,2650,3804.235
2024-09-04 07:58:53,ETHUSDT,bid,2250,4501.574
2024-09-04 07:59:39,ETHUSDT,ask,2670,3812.24
2024-09-04 07:59:48,ETHUSDT,bid,1700,6032.765
2024-09-04 08:00:37,ETHUSDT,bid,2140,9340.85
2024-09-04 08:00:44,ETHUSDT,bid,2140,9340.84
2024-09-04 08:00:44,ETHUSDT,bid,2210,4525.589
2024-09-04 08:01:10,ETHUSDT,bid,1700,6031.762
2024-09-04 08:01:15,ETHUSDT,bid,2140,4990.929
2024-09-04 08:01:19,ETHUSDT,bid,2140,4990.919
2024-09-04 08:01:24,ETHUSDT,bid,2200,4536.211
2024-09-04 08:01:26,ETHUSDT,bid,2200,4544.716
2024-09-04 08:01:26,ETHUSDT,bid,2200,4536.201
2024-09-04 08:01:26,ETHUSDT,bid,2220,4512.332
2024-09-04 08:01:44,ETHUSDT,bid,2210,4527.347
2024-09-04 08:01:46,ETHUSDT,bid,2210,4525.589
2024-09-04 08:01:55,ETHUSDT,bid,1960,5246.536
2024-09-04 08:01:57,ETHUSDT,bid,1960,5246.47
2024-09-04 08:01:57,ETHUSDT,bid,2140,4990.858
2024-09-04 08:01:57,ETHUSDT,bid,2210,4525.572
2024-09-04 08:01:59,ETHUSDT,bid,2140,4990.879
2024-09-04 08:02:01,ETHUSDT,bid,1700,6031.749
2024-09-04 08:02:02,ETHUSDT,bid,2140,9340.734
2024-09-04 08:02:13,ETHUSDT,bid,1960,5252.47
2024-09-04 08:02:36,ETHUSDT,bid,2220,4517.512
2024-09-04 08:02:37,ETHUSDT,bid,2250,4501.618
2024-09-04 08:02:41,ETHUSDT,bid,2250,4501.574
2024-09-04 08:02:45,ETHUSDT,bid,2140,4990.983
2024-09-04 08:02:51,ETHUSDT,bid,2030,5089.302
2024-09-04 08:02:59,ETHUSDT,bid,2200,5076.387
2024-09-04 08:03:14,ETHUSDT,bid,2210,4525.56
2024-09-04 08:03:14,ETHUSDT,bid,2220,4517.493
2024-09-04 08:03:14,ETHUSDT,bid,2140,4979.301
2024-09-04 08:03:16,ETHUSDT,bid,2210,4525.417
2024-09-04 08:03:26,ETHUSDT,bid,2200,4543.808
2024-09-04 08:03:40,ETHUSDT,bid,2200,4546.078
2024-09-04 08:03:44,ETHUSDT,bid,2210,4523.842
2024-09-04 08:03:51,ETHUSDT,bid,2200,4551.078
2024-09-04 08:03:59,ETHUSDT,bid,2220,4512.194
2024-09-04 08:03:59,ETHUSDT,bid,2220,4502.194
2024-09-04 08:04:02,ETHUSDT,bid,2300,5127.145
2024-09-04 08:04:03,ETHUSDT,bid,2300,5127.231
2024-09-04 08:04:03,ETHUSDT,bid,2300,5121.231
2024-09-04 08:04:04,ETHUSDT,bid,2300,5120.806
2024-09-04 08:04:04,ETHUSDT,bid,2300,5121.515
2024-09-04 08:04:04,ETHUSDT,bid,2300,5125.259
2024-09-04 08:04:05,ETHUSDT,bid,2300,5126.259
2024-09-04 08:04:08,ETHUSDT,bid,2300,5127.225
2024-09-04 08:04:08,ETHUSDT,bid,2300,5127.234
2024-09-04 08:04:09,ETHUSDT,bid,2300,5127.017
2024-09-04 08:04:10,ETHUSDT,bid,2300,5132.017
2024-09-04 08:04:12,ETHUSDT,bid,2300,5134.461
2024-09-04 08:04:12,ETHUSDT,bid,2300,5134.45
2024-09-04 08:04:12,ETHUSDT,bid,1960,5251.47
2024-09-04 08:04:12,ETHUSDT,bid,2300,5135.658
2024-09-04 08:04:13,ETHUSDT,bid,2210,4523.83
2024-09-04 08:04:14,ETHUSDT,bid,2300,5185.875
2024-09-04 08:04:14,ETHUSDT,bid,2300,5185.808
2024-09-04 08:04:14,ETHUSDT,bid,2300,5185.708
2024-09-04 08:04:15,ETHUSDT,bid,2300,5187.725
2024-09-04 08:04:15,ETHUSDT,bid,2300,5185.552
2024-09-04 08:04:16,ETHUSDT,bid,2300,5183.379
2024-09-04 08:04:18,ETHUSDT,bid,2250,4516.233
2024-09-04 08:04:18,ETHUSDT,bid,2300,5184.596
2024-09-04 08:04:19,ETHUSDT,bid,2300,5184.586
2024-09-04 08:04:20,ETHUSDT,bid,2140,4927.926
2024-09-04 08:04:22,ETHUSDT,bid,2300,5174.586
2024-09-04 08:04:23,ETHUSDT,bid,2300,5175.455
2024-09-04 08:04:24,ETHUSDT,bid,2300,5175.955
2024-09-04 08:04:25,ETHUSDT,bid,2300,5171.866
2024-09-04 08:04:26,ETHUSDT,bid,2300,5171.96
2024-09-04 08:04:26,ETHUSDT,bid,2300,5193.106
2024-09-04 08:04:27,ETHUSDT,bid,2300,5192.606
2024-09-04 08:04:29,ETHUSDT,bid,2300,5171.894
2024-09-04 08:04:29,ETHUSDT,bid,2300,5172.894
2024-09-04 08:04:30,ETHUSDT,bid,2300,10173.473
2024-09-04 08:04:31,ETHUSDT,bid,2300,10172.116
2024-09-04 08:04:31,ETHUSDT,bid,2300,10172.107
2024-09-04 08:04:31,ETHUSDT,bid,2300,10172.107
2024-09-04 08:04:31,ETHUSDT,bid,2300,10432.977
2024-09-04 08:04:32,ETHUSDT,bid,2300,10434.837
2024-09-04 08:04:32,ETHUSDT,bid,2300,10172.107
2024-09-04 08:04:32,ETHUSDT,bid,2300,10172.243
2024-09-04 08:04:32,ETHUSDT,bid,2300,10172.243
2024-09-04 08:04:33,ETHUSDT,bid,2300,10172.286
2024-09-04 08:04:34,ETHUSDT,bid,2300,10172.275
2024-09-04 08:04:34,ETHUSDT,bid,2300,10172.301
2024-09-04 08:04:34,ETHUSDT,bid,2070,9669.162
2024-09-04 08:04:36,ETHUSDT,bid,2300,10172.848
2024-09-04 08:04:36,ETHUSDT,bid,2300,10170.791
2024-09-04 08:04:37,ETHUSDT,bid,2300,10170.873
2024-09-04 08:04:38,ETHUSDT,bid,2300,10170.788
2024-09-04 08:04:38,ETHUSDT,bid,2300,10170.972
2024-09-04 08:04:39,ETHUSDT,bid,2300,10171.017
2024-09-04 08:04:39,ETHUSDT,bid,2300,10174.495
2024-09-04 08:04:40,ETHUSDT,bid,2250,4501.574
2024-09-04 08:04:41,ETHUSDT,bid,2300,10174.545
2024-09-04 08:04:41,ETHUSDT,bid,2300,10174.762
2024-09-04 08:04:41,ETHUSDT,bid,2300,10174.822
2024-09-04 08:04:41,ETHUSDT,bid,2300,10175.122
2024-09-04 08:04:43,ETHUSDT,bid,2300,10174.243
2024-09-04 08:04:43,ETHUSDT,bid,2300,10164.243
2024-09-04 08:04:45,ETHUSDT,bid,2300,10164.28
2024-09-04 08:04:45,ETHUSDT,bid,2140,9339.734
2024-09-04 08:04:45,ETHUSDT,bid,2300,10161.672
2024-09-04 08:04:45,ETHUSDT,bid,2300,10162.26
2024-09-04 08:04:45,ETHUSDT,bid,2300,10163.391
2024-09-04 08:04:46,ETHUSDT,bid,2300,10164.477
2024-09-04 08:04:46,ETHUSDT,bid,2300,10165.563
2024-09-04 08:04:48,ETHUSDT,bid,2300,10165.955
2024-09-04 08:04:49,ETHUSDT,bid,2300,10165.455
2024-09-04 08:04:49,ETHUSDT,bid,2300,10165.672
2024-09-04 08:04:50,ETHUSDT,bid,2300,10165.509
2024-09-04 08:04:52,ETHUSDT,bid,2300,10165.448
2024-09-04 08:04:53,ETHUSDT,bid,2300,10375.832
2024-09-04 08:04:53,ETHUSDT,bid,2250,4501.585
2024-09-04 08:04:53,ETHUSDT,bid,2300,10636.702
2024-09-04 08:04:53,ETHUSDT,bid,2300,10638.041
2024-09-04 08:04:54,ETHUSDT,bid,2300,10375.832
2024-09-04 08:04:56,ETHUSDT,bid,2300,10403.648
2024-09-04 08:04:57,ETHUSDT,bid,2300,10401.784
2024-09-04 08:04:58,ETHUSDT,bid,2300,10401.794
2024-09-04 08:04:58,ETHUSDT,bid,2230,4488.302
2024-09-04 08:04:58,ETHUSDT,bid,2300,10201.883
2024-09-04 08:04:59,ETHUSDT,bid,2300,10201.565
2024-09-04 08:04:59,ETHUSDT,bid,2300,10201.136
2024-09-04 08:05:00,ETHUSDT,bid,2220,4519.053
2024-09-04 08:05:00,ETHUSDT,bid,2300,10201.099
2024-09-04 08:05:00,ETHUSDT,bid,2300,10114.143
2024-09-04 08:05:02,ETHUSDT,bid,2200,4551.908
2024-09-04 08:05:02,ETHUSDT,bid,2300,10117.558
2024-09-04 08:05:02,ETHUSDT,bid,2300,10117.341
2024-09-04 08:05:04,ETHUSDT,bid,2300,10117.841
2024-09-04 08:05:05,ETHUSDT,bid,2300,10117.772
2024-09-04 08:05:07,ETHUSDT,bid,2220,4517.493
2024-09-04 08:05:07,ETHUSDT,bid,2300,10117.588
2024-09-04 08:05:07,ETHUSDT,bid,2300,10127.588
2024-09-04 08:05:07,ETHUSDT,bid,2300,10132.588
2024-09-04 08:05:08,ETHUSDT,bid,2300,10132.83
2024-09-04 08:05:09,ETHUSDT,bid,2300,10132.916
2024-09-04 08:05:09,ETHUSDT,bid,2300,10133.037
2024-09-04 08:05:09,ETHUSDT,bid,2300,10123.382
2024-09-04 08:05:11,ETHUSDT,bid,2300,10122.174
2024-09-04 08:05:11,ETHUSDT,bid,2300,10122.301
2024-09-04 08:05:11,ETHUSDT,bid,2300,10102.323
2024-09-04 08:05:12,ETHUSDT,bid,2300,10102.54
2024-09-04 08:05:14,ETHUSDT,bid,2300,10103.105
2024-09-04 08:05:15,ETHUSDT,bid,2300,10104.105
2024-09-04 08:05:17,ETHUSDT,bid,2300,10103.105
2024-09-04 08:05:18,ETHUSDT,bid,2300,10102.807
2024-09-04 08:05:19,ETHUSDT,bid,2220,4502.205
2024-09-04 08:05:19,ETHUSDT,bid,2300,10103.011
2024-09-04 08:05:19,ETHUSDT,bid,2300,10102.601
2024-09-04 08:05:19,ETHUSDT,bid,2300,10101.601
2024-09-04 08:05:20,ETHUSDT,bid,2300,10102.601
2024-09-04 08:05:21,ETHUSDT,bid,2300,10102.513
2024-09-04 08:05:24,ETHUSDT,bid,2300,10102.465
2024-09-04 08:05:25,ETHUSDT,bid,2300,10102.248
2024-09-04 08:05:26,ETHUSDT,bid,2300,10102.412
2024-09-04 08:05:29,ETHUSDT,bid,2300,10103.346
2024-09-04 08:05:29,ETHUSDT,bid,2300,10103.446
2024-09-04 08:05:30,ETHUSDT,bid,2300,10102.829
2024-09-04 08:05:30,ETHUSDT,bid,2300,10103.05
2024-09-04 08:05:31,ETHUSDT,bid,2300,10103.069
2024-09-04 08:05:33,ETHUSDT,bid,2300,10105.242
2024-09-04 08:05:33,ETHUSDT,bid,2300,10103.069
2024-09-04 08:05:33,ETHUSDT,bid,2300,10084.048
2024-09-04 08:05:33,ETHUSDT,bid,2300,10083.948
2024-09-04 08:05:34,ETHUSDT,bid,2300,10092.659
2024-09-04 08:05:34,ETHUSDT,bid,2300,10092.702
2024-09-04 08:05:35,ETHUSDT,bid,2300,10122.788
2024-09-04 08:05:36,ETHUSDT,bid,2300,10122.84
2024-09-04 08:05:37,ETHUSDT,bid,2300,10123.389
2024-09-04 08:05:41,ETHUSDT,bid,2300,10123.489
2024-09-04 08:05:41,ETHUSDT,bid,2300,10123.325
2024-09-04 08:05:42,ETHUSDT,bid,2300,10123.525
2024-09-04 08:05:43,ETHUSDT,bid,2300,10123.65
2024-09-04 08:05:44,ETHUSDT,bid,2300,10122.998
2024-09-04 08:05:46,ETHUSDT,bid,2300,10122.289
2024-09-04 08:05:48,ETHUSDT,bid,2300,10122.244
2024-09-04 08:05:48,ETHUSDT,bid,2300,10121.244
2024-09-04 08:05:48,ETHUSDT,bid,2300,10121.548
2024-09-04 08:05:48,ETHUSDT,bid,2300,10121.006
2024-09-04 08:05:49,ETHUSDT,bid,2300,10120.965
2024-09-04 08:05:49,ETHUSDT,bid,2300,10120.975
2024-09-04 08:05:49,ETHUSDT,bid,2300,10120.95
2024-09-04 08:05:50,ETHUSDT,bid,2300,10120.293
2024-09-04 08:05:50,ETHUSDT,bid,1950,5122.527
2024-09-04 08:05:50,ETHUSDT,bid,2300,10120.273
2024-09-04 08:05:50,ETHUSDT,bid,2300,10121.142
2024-09-04 08:05:52,ETHUSDT,bid,2300,10121.021
2024-09-04 08:05:52,ETHUSDT,bid,2300,10121.49
2024-09-04 08:05:53,ETHUSDT,bid,2300,10121.599
2024-09-04 08:05:53,ETHUSDT,bid,2300,10071.599
2024-09-04 08:05:54,ETHUSDT,bid,2300,10071.61
2024-09-04 08:05:54,ETHUSDT,bid,2300,10071.678
2024-09-04 08:05:54,ETHUSDT,bid,2300,10071.113
2024-09-04 08:05:55,ETHUSDT,bid,2300,10070.922
2024-09-04 08:05:56,ETHUSDT,bid,2300,10072.522
2024-09-04 08:05:59,ETHUSDT,bid,2300,10077.522
2024-09-04 08:06:00,ETHUSDT,bid,2300,10077.513
2024-09-04 08:06:00,ETHUSDT,bid,2300,10077.534
2024-09-04 08:06:02,ETHUSDT,bid,2300,10072.534
2024-09-04 08:06:02,ETHUSDT,bid,2300,10072.634
2024-09-04 08:06:02,ETHUSDT,bid,2300,10074.807
2024-09-04 08:06:04,ETHUSDT,bid,2300,10089.011
2024-09-04 08:06:04,ETHUSDT,bid,2300,10094.177
2024-09-04 08:06:04,ETHUSDT,bid,2300,10093.619
2024-09-04 08:06:06,ETHUSDT,bid,2300,10095.792
2024-09-04 08:06:06,ETHUSDT,bid,2300,10095.843
2024-09-04 08:06:06,ETHUSDT,bid,2300,10096.712
2024-09-04 08:06:09,ETHUSDT,bid,2300,10096.882
2024-09-04 08:06:10,ETHUSDT,bid,2300,10097.099
2024-09-04 08:06:10,ETHUSDT,bid,2300,10097.299
2024-09-04 08:06:10,ETHUSDT,bid,2300,10083.095
2024-09-04 08:06:11,ETHUSDT,bid,2300,10083.182
2024-09-04 08:06:11,ETHUSDT,bid,2300,10103.182
2024-09-04 08:06:14,ETHUSDT,bid,2300,10103.122
2024-09-04 08:06:16,ETHUSDT,bid,2300,10103.991
2024-09-04 08:06:17,ETHUSDT,bid,2300,10103.882
2024-09-04 08:06:19,ETHUSDT,bid,2300,10103.335
2024-09-04 08:06:19,ETHUSDT,bid,2300,10103.465
2024-09-04 08:06:21,ETHUSDT,bid,2300,10103.986
2024-09-04 08:06:22,ETHUSDT,bid,2300,10104.114
2024-09-04 08:06:22,ETHUSDT,bid,2070,4819.284
2024-09-04 08:06:22,ETHUSDT,bid,2300,10105.114
2024-09-04 08:06:23,ETHUSDT,bid,2300,10104.718
2024-09-04 08:06:23,ETHUSDT,bid,2300,10104.497
2024-09-04 08:06:23,ETHUSDT,bid,2300,10103.997
2024-09-04 08:06:25,ETHUSDT,bid,2300,10104.032
2024-09-04 08:06:26,ETHUSDT,bid,2300,10104.332
2024-09-04 08:06:27,ETHUSDT,bid,2300,10104.341
2024-09-04 08:06:28,ETHUSDT,bid,2300,10101.083
2024-09-04 08:06:30,ETHUSDT,bid,2300,10101.023
2024-09-04 08:06:31,ETHUSDT,bid,2300,10104.232
2024-09-04 08:06:31,ETHUSDT,bid,2300,10104.405
2024-09-04 08:06:34,ETHUSDT,bid,2300,10106.578
2024-09-04 08:06:35,ETHUSDT,bid,2300,10149.528
2024-09-04 08:06:35,ETHUSDT,bid,2300,10148.442
2024-09-04 08:06:35,ETHUSDT,bid,2300,10149.442
2024-09-04 08:06:36,ETHUSDT,bid,2300,10149.593
2024-09-04 08:06:38,ETHUSDT,bid,2300,10171.319
2024-09-04 08:06:38,ETHUSDT,bid,2300,10214.772
2024-09-04 08:06:38,ETHUSDT,bid,2300,10171.728
2024-09-04 08:06:40,ETHUSDT,bid,2300,10167.984
2024-09-04 08:06:43,ETHUSDT,bid,2200,4551.493
2024-09-04 08:06:43,ETHUSDT,bid,2300,10167.971
2024-09-04 08:06:44,ETHUSDT,bid,2300,10160.267
2024-09-04 08:06:45,ETHUSDT,bid,2300,10160.337
2024-09-04 08:06:45,ETHUSDT,bid,2300,10160.38
2024-09-04 08:06:49,ETHUSDT,bid,2300,10210.38
2024-09-04 08:06:49,ETHUSDT,bid,2300,10209.88
2024-09-04 08:06:49,ETHUSDT,bid,2300,10209.837
2024-09-04 08:06:50,ETHUSDT,bid,2300,10210.054
2024-09-04 08:06:50,ETHUSDT,bid,2140,4928.175
2024-09-04 08:06:50,ETHUSDT,bid,2300,10210.285
2024-09-04 08:06:50,ETHUSDT,bid,2300,10210.276
2024-09-04 08:06:50,ETHUSDT,bid,2300,10210.176
2024-09-04 08:06:52,ETHUSDT,bid,2300,10210.219
2024-09-04 08:06:52,ETHUSDT,bid,2300,10210.065
2024-09-04 08:06:53,ETHUSDT,bid,2300,10144.876
2024-09-04 08:06:53,ETHUSDT,bid,2300,10144.935
2024-09-04 08:06:54,ETHUSDT,bid,2300,10145.166
2024-09-04 08:06:55,ETHUSDT,bid,2300,10145.383
2024-09-04 08:06:55,ETHUSDT,bid,2300,10145.166
2024-09-04 08:06:57,ETHUSDT,bid,2300,10145.157
2024-09-04 08:06:59,ETHUSDT,bid,2300,10145.147
2024-09-04 08:07:01,ETHUSDT,bid,2300,10145.19
2024-09-04 08:07:01,ETHUSDT,bid,2300,10145.23
2024-09-04 08:07:01,ETHUSDT,bid,2300,10145.664
2024-09-04 08:07:01,ETHUSDT,bid,2300,10146.532
2024-09-04 08:07:02,ETHUSDT,bid,2300,10146.553
2024-09-04 08:07:14,ETHUSDT,bid,2230,4488.313
2024-09-04 08:07:17,ETHUSDT,bid,2200,4546.493
2024-09-04 08:07:20,ETHUSDT,bid,2140,9339.934
2024-09-04 08:07:21,ETHUSDT,bid,2220,4517.543
2024-09-04 08:07:30,ETHUSDT,bid,2140,9345.994
2024-09-04 08:07:31,ETHUSDT,bid,2250,4504.25
2024-09-04 08:07:37,ETHUSDT,bid,2230,4488.513
2024-09-04 08:08:09,ETHUSDT,bid,2140,4928.202
2024-09-04 08:08:41,ETHUSDT,bid,2200,4548.764
2024-09-04 08:08:41,ETHUSDT,bid,2250,4504.472
2024-09-04 08:09:20,ETHUSDT,bid,2230,4491.425
2024-09-04 08:09:47,ETHUSDT,bid,2200,5076.455
2024-09-04 08:09:52,ETHUSDT,bid,2140,4928.245
2024-09-04 08:10:02,ETHUSDT,bid,2200,5076.682
2024-09-04 08:10:21,ETHUSDT,bid,2140,4928.441
2024-09-04 08:10:21,ETHUSDT,bid,2140,4928.426
2024-09-04 08:10:32,ETHUSDT,bid,2220,4502.185
2024-09-04 08:11:01,ETHUSDT,bid,2070,9709.162
2024-09-04 08:11:21,ETHUSDT,bid,2200,5077.882
2024-09-04 08:12:03,ETHUSDT,bid,2200,4536.301
2024-09-04 08:12:25,ETHUSDT,ask,2590,5823.307
2024-09-04 08:12:28,ETHUSDT,bid,2200,4536.201
2024-09-04 08:12:30,ETHUSDT,bid,2140,9346.029
2024-09-04 08:12:54,ETHUSDT,ask,2570,3890.442
2024-09-04 08:13:05,ETHUSDT,bid,2250,4513.056
2024-09-04 08:13:46,ETHUSDT,ask,2570,3890.423
2024-09-04 08:14:10,ETHUSDT,bid,2230,4488.513
2024-09-04 08:14:19,ETHUSDT,ask,2650,3804.019
2024-09-04 08:14:19,ETHUSDT,ask,2670,3801.269
2024-09-04 08:14:42,ETHUSDT,ask,2650,3801.779
2024-09-04 08:14:57,ETHUSDT,bid,2220,4504.435
2024-09-04 08:15:26,ETHUSDT,bid,1960,5291.47
2024-09-04 08:15:33,ETHUSDT,bid,2140,9346.525
2024-09-04 08:15:56,ETHUSDT,bid,2250,4512.168
2024-09-04 08:16:35,ETHUSDT,bid,2210,4523.82
2024-09-04 08:16:44,ETHUSDT,bid,2220,4517.417
2024-09-04 08:16:48,ETHUSDT,bid,2250,4511.907
2024-09-04 08:16:52,ETHUSDT,bid,2250,4512.107
2024-09-04 08:16:59,ETHUSDT,bid,1700,6061.16
2024-09-04 08:17:00,ETHUSDT,bid,2250,4513.107
2024-09-04 08:17:09,ETHUSDT,bid,2230,4488.613
2024-09-04 08:17:12,ETHUSDT,ask,2670,3801.255
2024-09-04 08:17:19,ETHUSDT,bid,2140,4928.416
2024-09-04 08:17:22,ETHUSDT,bid,2140,4928.509
2024-09-04 08:17:41,ETHUSDT,bid,2220,4519.417
2024-09-04 08:18:00,ETHUSDT,bid,1960,5295.012
2024-09-04 08:18:42,ETHUSDT,bid,2140,4928.637
2024-09-04 08:19:50,ETHUSDT,bid,2200,5076.682
2024-09-04 08:20:45,ETHUSDT,bid,2210,4524.445
2024-09-04 08:21:49,ETHUSDT,bid,2140,4928.61
2024-09-04 08:22:02,ETHUSDT,bid,2220,4504.337
2024-09-04 08:22:05,ETHUSDT,bid,1960,5298.031
2024-09-04 08:22:15,ETHUSDT,bid,2140,9437.318
2024-09-04 08:22:17,ETHUSDT,bid,1700,6061.6
2024-09-04 08:22:19,ETHUSDT,bid,1960,5259.195
2024-09-04 08:22:34,ETHUSDT,bid,2250,4514.107
2024-09-04 08:22:43,ETHUSDT,bid,2200,5077.682
2024-09-04 08:23:01,ETHUSDT,bid,2070,4819.321
2024-09-04 08:23:21,ETHUSDT,ask,2590,5821.465
2024-09-04 08:23:30,ETHUSDT,bid,1700,6062.188
2024-09-04 08:23:40,ETHUSDT,bid,1700,6063.188
2024-09-04 08:25:16,ETHUSDT,bid,2140,4928.62
2024-09-04 08:27:07,ETHUSDT,bid,2340,4270.154
2024-09-04 08:27:08,ETHUSDT,bid,2340,4270.044
2024-09-04 08:27:09,ETHUSDT,bid,2340,4271.553
2024-09-04 08:27:09,ETHUSDT,bid,2340,4270.053
2024-09-04 08:27:09,ETHUSDT,bid,2340,4270.195
2024-09-04 08:27:09,ETHUSDT,bid,2340,4271.695
2024-09-04 08:27:09,ETHUSDT,bid,2340,4271.395
2024-09-04 08:27:09,ETHUSDT,bid,2340,4271.595
2024-09-04 08:27:09,ETHUSDT,bid,2340,4270.195
2024-09-04 08:27:10,ETHUSDT,bid,2340,4270.053
2024-09-04 08:27:12,ETHUSDT,bid,2340,4269.664
2024-09-04 08:27:12,ETHUSDT,bid,2340,4274.664
2024-09-04 08:27:15,ETHUSDT,ask,2590,5819.465
2024-09-04 08:28:49,ETHUSDT,bid,2220,4519.446
2024-09-04 08:28:57,ETHUSDT,bid,2200,4548.832
2024-09-04 08:30:23,ETHUSDT,ask,2670,3801.655
2024-09-04 08:31:56,ETHUSDT,bid,1700,6033.777
2024-09-04 08:32:00,ETHUSDT,bid,2140,4928.527
2024-09-04 08:32:30,ETHUSDT,bid,2200,4536.226
2024-09-04 08:32:43,ETHUSDT,bid,1950,5118.527
2024-09-04 08:33:14,ETHUSDT,bid,2220,4504.786
2024-09-04 08:33:49,ETHUSDT,bid,2140,4928.331
2024-09-04 08:34:14,ETHUSDT,bid,2140,4928.525
2024-09-04 08:34:19,ETHUSDT,bid,2140,4928.331
2024-09-04 08:35:22,ETHUSDT,bid,2140,4928.527
2024-09-04 08:35:40,ETHUSDT,bid,2030,5089.057
2024-09-04 08:35:42,ETHUSDT,bid,2140,4928.331
2024-09-04 08:35:46,ETHUSDT,bid,1940,5161.389
2024-09-04 08:36:33,ETHUSDT,ask,2670,3741.59
2024-09-04 08:39:34,ETHUSDT,bid,2140,4928.461
2024-09-04 08:40:33,ETHUSDT,ask,2570,3894.423
2024-09-04 08:40:46,ETHUSDT,bid,2220,4517.446
2024-09-04 08:43:01,ETHUSDT,bid,2140,9438.338
2024-09-04 08:43:01,ETHUSDT,bid,2140,9438.834
2024-09-04 08:43:02,ETHUSDT,bid,2140,9439.982
2024-09-04 08:43:31,ETHUSDT,bid,2230,4558.613
2024-09-04 08:44:01,ETHUSDT,bid,2140,9438.962
2024-09-04 08:44:01,ETHUSDT,bid,2140,9438.466
2024-09-04 08:44:02,ETHUSDT,bid,2140,9437.318
2024-09-04 08:45:09,ETHUSDT,bid,2200,4546.339
2024-09-04 08:46:11,ETHUSDT,bid,1700,6033.827
2024-09-04 08:47:04,ETHUSDT,bid,2140,4928.213
2024-09-04 08:48:01,ETHUSDT,bid,2230,4488.613
2024-09-04 08:48:48,ETHUSDT,bid,1700,6072.872
2024-09-04 08:50:43,ETHUSDT,bid,1700,6072.372
2024-09-04 08:50:44,ETHUSDT,bid,2140,4928.223
2024-09-04 08:50:52,ETHUSDT,bid,1960,5259.695
2024-09-04 08:51:05,ETHUSDT,bid,2140,4928.213
2024-09-04 08:52:30,ETHUSDT,bid,2140,4918.138
2024-09-04 08:53:54,ETHUSDT,bid,2250,4512.627
2024-09-04 08:54:30,ETHUSDT,bid,1950,5121.126
2024-09-04 08:54:59,ETHUSDT,bid,2140,4928.138
2024-09-04 08:56:22,ETHUSDT,bid,2200,6501.46
2024-09-04 08:58:01,ETHUSDT,bid,2220,4504.486
2024-09-04 08:58:08,ETHUSDT,bid,2200,4548.417
2024-09-04 08:59:51,ETHUSDT,bid,2140,4930.181
2024-09-04 09:00:07,ETHUSDT,bid,2200,4536.226
2024-09-04 09:01:15,ETHUSDT,bid,1960,5260.052
2024-09-04 09:01:52,ETHUSDT,bid,2140,9433.767
2024-09-04 09:02:20,ETHUSDT,bid,2140,4930.199
2024-09-04 09:03:09,ETHUSDT,bid,2220,4504.565
2024-09-04 09:03:54,ETHUSDT,bid,2140,4930.165
2024-09-04 09:04:02,ETHUSDT,bid,2140,4933.108
2024-09-04 09:04:06,ETHUSDT,bid,2140,4933.118
2024-09-04 09:04:20,ETHUSDT,bid,2140,9433.906
2024-09-04 09:04:28,ETHUSDT,bid,2140,4933.258
2024-09-04 09:04:40,ETHUSDT,bid,2220,4504.486
2024-09-04 09:04:43,ETHUSDT,bid,2140,4931.258
2024-09-04 09:05:13,ETHUSDT,bid,1700,6033.327
2024-09-04 09:05:36,ETHUSDT,bid,2250,4506.444
2024-09-04 09:06:16,ETHUSDT,bid,2140,9427.846
2024-09-04 09:06:35,ETHUSDT,ask,2670,3801.718
2024-09-04 09:06:38,ETHUSDT,bid,1960,5260.072
2024-09-04 09:07:04,ETHUSDT,bid,1700,6033.347
2024-09-04 09:08:07,ETHUSDT,bid,2140,4928.315
2024-09-04 09:09:28,ETHUSDT,bid,2220,4504.75
2024-09-04 09:09:35,ETHUSDT,bid,2210,4524.71
2024-09-04 09:09:43,ETHUSDT,bid,2200,4536.439
2024-09-04 09:10:03,ETHUSDT,ask,2670,3800.718
2024-09-04 09:12:34,ETHUSDT,bid,1700,6034.612
2024-09-04 09:12:56,ETHUSDT,bid,2140,4929.249
2024-09-04 09:14:47,ETHUSDT,bid,2140,4929.27
2024-09-04 09:16:06,ETHUSDT,bid,2140,4919.27
2024-09-04 09:19:30,ETHUSDT,bid,1960,5259.572
2024-09-04 09:19:58,ETHUSDT,bid,2140,9427.896
2024-09-04 09:20:00,ETHUSDT,bid,2140,9427.846
2024-09-04 09:20:11,ETHUSDT,ask,2590,5819.475
2024-09-04 09:20:12,ETHUSDT,ask,2590,5819.485
2024-09-04 09:20:18,ETHUSDT,bid,1940,5214.436
2024-09-04 09:20:20,ETHUSDT,bid,2220,4504.486
2024-09-04 09:20:35,ETHUSDT,bid,2200,4536.226
2024-09-04 09:20:50,ETHUSDT,bid,1700,6036.728
2024-09-04 09:20:56,ETHUSDT,ask,2590,5819.475
2024-09-04 09:20:58,ETHUSDT,ask,2590,5819.465
2024-09-04 09:24:04,ETHUSDT,bid,2140,4919.289
2024-09-04 09:24:20,ETHUSDT,bid,2030,5039.057
2024-09-04 09:24:34,ETHUSDT,bid,1700,6040.257
2024-09-04 09:25:54,ETHUSDT,ask,2670,3800.703
2024-09-04 09:30:15,ETHUSDT,bid,2140,4919.27
2024-09-04 09:30:50,ETHUSDT,bid,1700,6038.141
2024-09-04 09:31:47,ETHUSDT,ask,2590,5819.475
2024-09-04 09:34:20,ETHUSDT,bid,2230,4498.505
2024-09-04 09:34:25,ETHUSDT,bid,1700,6042.258
2024-09-04 09:35:07,ETHUSDT,bid,1700,6042.244
2024-09-04 09:35:20,ETHUSDT,bid,2230,4488.613
2024-09-04 09:36:38,ETHUSDT,ask,2590,5819.475
2024-09-04 09:36:38,ETHUSDT,ask,2590,5819.485
2024-09-04 09:37:16,ETHUSDT,ask,2590,5819.465
2024-09-04 09:38:51,ETHUSDT,bid,2200,4536.907
2024-09-04 09:39:44,ETHUSDT,bid,2230,4493.613
2024-09-04 09:41:11,ETHUSDT,bid,2200,6501.415
2024-09-04 09:41:15,ETHUSDT,bid,2230,4493.602
2024-09-04 09:42:58,ETHUSDT,bid,2220,4505.263
2024-09-04 09:45:34,ETHUSDT,bid,1700,6042.291
2024-09-04 09:47:31,ETHUSDT,bid,2200,6501.434
2024-09-04 09:48:04,ETHUSDT,bid,2250,4497.86
2024-09-04 09:53:22,ETHUSDT,ask,2570,3886.669
2024-09-04 09:55:04,ETHUSDT,bid,2070,9708.919
2024-09-04 09:55:13,ETHUSDT,bid,2220,4505.252
2024-09-04 09:55:42,ETHUSDT,bid,2140,4921.27
2024-09-04 09:57:28,ETHUSDT,ask,2590,5819.475
2024-09-04 09:59:49,ETHUSDT,bid,1700,6044.251
2024-09-04 10:00:08,ETHUSDT,bid,2140,4911.925
2024-09-04 10:00:19,ETHUSDT,bid,1700,6042.291
2024-09-04 10:00:26,ETHUSDT,bid,1700,6043.598
2024-09-04 10:02:54,ETHUSDT,bid,1960,5256.03
2024-09-04 10:03:53,ETHUSDT,bid,2200,4539.911
2024-09-04 10:04:43,ETHUSDT,ask,2670,3801.672
2024-09-04 10:05:10,ETHUSDT,bid,2220,4505.262
2024-09-04 10:05:16,ETHUSDT,bid,1700,6043.551
2024-09-04 10:06:09,ETHUSDT,bid,2070,9668.919
2024-09-04 10:12:21,ETHUSDT,bid,2140,4911.935
2024-09-04 10:12:22,ETHUSDT,bid,2140,4911.953
2024-09-04 10:12:31,ETHUSDT,bid,2140,4911.943
2024-09-04 10:14:53,ETHUSDT,bid,1940,5214.416
2024-09-04 10:15:26,ETHUSDT,bid,2210,4525.126
2024-09-04 10:17:09,ETHUSDT,bid,2210,4526.145
2024-09-04 10:18:32,ETHUSDT,bid,2200,6501.576
2024-09-04 10:18:39,ETHUSDT,bid,2250,4498.0
2024-09-04 10:19:28,ETHUSDT,bid,2140,4914.481
2024-09-04 10:20:53,ETHUSDT,bid,2040,9800.781
2024-09-04 10:22:22,ETHUSDT,bid,2140,4914.463
2024-09-04 10:27:17,ETHUSDT,bid,2210,4525.52
2024-09-04 10:28:15,ETHUSDT,bid,1700,6043.584
2024-09-04 10:28:15,ETHUSDT,bid,1960,5256.063
2024-09-04 10:28:15,ETHUSDT,bid,2140,4914.496
2024-09-04 10:29:22,ETHUSDT,bid,1700,6043.569
2024-09-04 10:30:04,ETHUSDT,ask,2650,3844.758
2024-09-04 10:30:33,ETHUSDT,bid,1960,5256.17
2024-09-04 10:30:33,ETHUSDT,bid,2140,4914.603
2024-09-04 10:30:33,ETHUSDT,ask,2670,3800.776
2024-09-04 10:32:03,ETHUSDT,bid,2250,4495.335
2024-09-04 10:32:23,ETHUSDT,bid,2140,4915.537
2024-09-04 10:32:44,ETHUSDT,bid,2140,4940.537
2024-09-04 10:33:00,ETHUSDT,bid,2140,4940.547
2024-09-04 10:33:00,ETHUSDT,bid,2140,4940.547
2024-09-04 10:33:03,ETHUSDT,bid,2140,9428.866
2024-09-04 10:33:04,ETHUSDT,bid,2140,9429.362
2024-09-04 10:33:05,ETHUSDT,bid,2140,9430.51
2024-09-04 10:33:09,ETHUSDT,bid,2140,4940.537
2024-09-04 10:34:00,ETHUSDT,bid,2140,9429.49
2024-09-04 10:34:01,ETHUSDT,bid,2140,9428.994
2024-09-04 10:34:01,ETHUSDT,bid,2140,9427.846
2024-09-04 10:34:31,ETHUSDT,ask,2650,3801.779
2024-09-04 10:34:34,ETHUSDT,bid,1700,6043.716
2024-09-04 10:35:58,ETHUSDT,bid,2210,4525.53
2024-09-04 10:36:15,ETHUSDT,bid,1700,6043.616
2024-09-04 10:36:19,ETHUSDT,bid,2200,6501.676
2024-09-04 10:36:19,ETHUSDT,bid,2140,4938.528
2024-09-04 10:37:42,ETHUSDT,ask,2650,3803.282
2024-09-04 10:37:44,ETHUSDT,ask,2650,3801.779
2024-09-04 10:38:45,ETHUSDT,bid,2140,4938.564
2024-09-04 10:39:37,ETHUSDT,bid,2140,4938.528
2024-09-04 10:40:44,ETHUSDT,bid,1950,5122.059
2024-09-04 10:43:43,ETHUSDT,bid,2200,6502.676
2024-09-04 10:48:14,ETHUSDT,bid,2070,4819.339
2024-09-04 10:48:14,ETHUSDT,bid,2250,4507.033
2024-09-04 10:51:17,ETHUSDT,bid,1700,6043.716
2024-09-04 10:52:34,ETHUSDT,bid,2250,4495.335
2024-09-04 10:58:14,ETHUSDT,bid,2140,9427.862
2024-09-04 10:58:14,ETHUSDT,bid,2200,4548.432
2024-09-04 10:58:14,ETHUSDT,bid,2220,4505.277
2024-09-04 11:00:57,ETHUSDT,bid,1960,5256.121
2024-09-04 11:12:25,ETHUSDT,bid,2200,4540.41
2024-09-04 11:12:55,ETHUSDT,bid,1700,6044.069
2024-09-04 11:13:00,ETHUSDT,bid,2140,9427.842
2024-09-04 11:13:19,ETHUSDT,bid,2030,5039.036
2024-09-04 11:17:30,ETHUSDT,ask,2650,3801.793
2024-09-04 11:17:30,ETHUSDT,ask,2670,3800.79
2024-09-04 11:18:23,ETHUSDT,bid,2140,4939.117
2024-09-04 11:19:16,ETHUSDT,bid,2250,4496.347
2024-09-04 11:19:18,ETHUSDT,ask,2670,3800.609
2024-09-04 11:19:20,ETHUSDT,bid,2250,4506.152
2024-09-04 11:20:20,ETHUSDT,bid,2250,4496.347
2024-09-04 11:22:26,ETHUSDT,ask,2650,3801.38
2024-09-04 11:28:28,ETHUSDT,bid,2250,4496.524
2024-09-04 11:47:59,ETHUSDT,ask,2670,3733.299
2024-09-04 11:49:18,ETHUSDT,bid,1700,6043.969
2024-09-04 11:49:49,ETHUSDT,bid,2140,4939.097
2024-09-04 11:53:37,ETHUSDT,bid,1700,6042.969
2024-09-04 11:54:38,ETHUSDT,bid,2140,9428.075
2024-09-04 11:56:33,ETHUSDT,bid,1960,5256.192
2024-09-04 11:57:10,ETHUSDT,bid,1960,5256.437
2024-09-04 11:59:53,ETHUSDT,bid,1700,6042.83
2024-09-04 12:00:00,ETHUSDT,bid,2210,4525.569
2024-09-04 12:00:15,ETHUSDT,bid,1950,5132.289
2024-09-04 12:01:42,ETHUSDT,bid,1960,5250.825
2024-09-04 12:01:47,ETHUSDT,bid,2210,4525.53
2024-09-04 12:03:18,ETHUSDT,bid,2140,9428.134
2024-09-04 12:04:00,ETHUSDT,bid,2070,9667.185
2024-09-04 12:04:48,ETHUSDT,bid,2140,4914.097
2024-09-04 12:06:27,ETHUSDT,bid,2140,9430.508
2024-09-04 12:06:31,ETHUSDT,ask,2570,3886.65
2024-09-04 12:22:02,ETHUSDT,bid,2200,6501.476
2024-09-04 12:23:31,ETHUSDT,bid,2200,4552.973
2024-09-04 12:26:23,ETHUSDT,bid,2140,4911.559
2024-09-04 12:27:15,ETHUSDT,ask,2670,3799.609
2024-09-04 12:34:24,ETHUSDT,bid,1960,5250.468
2024-09-04 12:35:28,ETHUSDT,bid,2230,4493.625
2024-09-04 12:39:17,ETHUSDT,bid,1940,5161.364
2024-09-04 12:44:46,ETHUSDT,bid,2140,4911.127
2024-09-04 12:48:32,ETHUSDT,ask,2990,3521.468
2024-09-04 12:49:53,ETHUSDT,ask,2670,3798.027
2024-09-04 12:51:35,ETHUSDT,bid,1960,5270.876
2024-09-04 12:53:10,ETHUSDT,bid,2140,4911.327
2024-09-04 12:56:28,ETHUSDT,bid,1960,5309.856
2024-09-04 12:57:42,ETHUSDT,bid,2210,4525.55
2024-09-04 12:57:55,ETHUSDT,bid,2140,4911.246
2024-09-04 12:58:13,ETHUSDT,bid,2140,4911.369
2024-09-04 13:01:59,ETHUSDT,bid,2210,4525.561
2024-09-04 13:02:30,ETHUSDT,bid,1940,5162.153
2024-09-04 13:08:53,ETHUSDT,bid,1960,5270.876
2024-09-04 13:10:48,ETHUSDT,ask,2990,3469.945
2024-09-04 13:11:46,ETHUSDT,bid,2140,4911.435
2024-09-04 13:13:45,ETHUSDT,bid,2210,4525.541
2024-09-04 13:15:00,ETHUSDT,bid,1700,6042.628
2024-09-04 13:16:26,ETHUSDT,bid,2200,4553.973
2024-09-04 13:18:04,ETHUSDT,bid,2140,4911.735
2024-09-04 13:19:05,ETHUSDT,bid,2220,4505.726
2024-09-04 13:20:20,ETHUSDT,bid,2140,4914.73
2024-09-04 13:21:41,ETHUSDT,bid,2140,4911.735
2024-09-04 13:23:07,ETHUSDT,bid,2200,4545.302
2024-09-04 13:25:42,ETHUSDT,bid,2140,4911.75
2024-09-04 13:26:05,ETHUSDT,bid,2200,4540.41
2024-09-04 13:26:48,ETHUSDT,bid,2030,4939.036
2024-09-04 13:27:04,ETHUSDT,bid,2030,5039.036
2024-09-04 13:30:05,ETHUSDT,bid,2140,9431.528
2024-09-04 13:30:06,ETHUSDT,bid,2140,9432.024
2024-09-04 13:30:07,ETHUSDT,bid,2140,9433.172
2024-09-04 13:30:45,ETHUSDT,bid,2140,4912.05
2024-09-04 13:31:00,ETHUSDT,bid,2140,9432.152
2024-09-04 13:31:01,ETHUSDT,bid,2140,9431.656
2024-09-04 13:31:01,ETHUSDT,bid,2140,9430.508
2024-09-04 13:33:56,ETHUSDT,bid,2220,4505.277
2024-09-04 13:36:42,ETHUSDT,ask,2990,3358.322
2024-09-04 13:39:11,ETHUSDT,bid,1960,5270.631
2024-09-04 13:41:51,ETHUSDT,bid,2140,4911.936
2024-09-04 13:43:46,ETHUSDT,bid,2140,4911.636
2024-09-04 13:44:33,ETHUSDT,bid,2230,4493.647
2024-09-04 13:53:41,ETHUSDT,bid,2140,9427.887
2024-09-04 13:55:38,ETHUSDT,bid,2200,4540.681
2024-09-04 13:56:04,ETHUSDT,bid,2220,4693.846
2024-09-04 13:57:30,ETHUSDT,bid,2140,4911.646
2024-09-04 13:57:31,ETHUSDT,bid,2140,4911.656
2024-09-04 13:57:31,ETHUSDT,bid,2140,4911.666
2024-09-04 13:57:31,ETHUSDT,bid,2140,4911.676
2024-09-04 13:57:32,ETHUSDT,bid,2140,4911.666
2024-09-04 13:57:32,ETHUSDT,bid,2140,4911.676
2024-09-04 13:57:33,ETHUSDT,bid,2140,4911.676
2024-09-04 13:57:33,ETHUSDT,bid,2140,4911.686
2024-09-04 13:57:33,ETHUSDT,bid,2140,4911.686
2024-09-04 13:57:34,ETHUSDT,bid,2140,4911.696
2024-09-04 13:57:34,ETHUSDT,bid,2140,4911.706
2024-09-04 13:57:34,ETHUSDT,bid,2140,4911.706
2024-09-04 13:57:35,ETHUSDT,bid,2140,4911.716
2024-09-04 13:57:41,ETHUSDT,bid,2140,4911.706
2024-09-04 13:57:43,ETHUSDT,bid,2140,4911.696
2024-09-04 13:58:13,ETHUSDT,bid,2140,4911.686
2024-09-04 13:58:13,ETHUSDT,bid,2140,4911.676
2024-09-04 13:58:14,ETHUSDT,bid,2140,4911.666
2024-09-04 13:58:15,ETHUSDT,bid,2140,4911.656
2024-09-04 13:58:16,ETHUSDT,bid,2140,4911.646
2024-09-04 13:58:17,ETHUSDT,bid,2140,4911.636
2024-09-04 14:08:52,ETHUSDT,bid,2140,4911.621
2024-09-04 14:10:56,ETHUSDT,bid,2210,4525.563
2024-09-04 14:11:27,ETHUSDT,bid,2230,4488.647
2024-09-04 14:18:14,ETHUSDT,bid,2200,6502.025
2024-09-04 14:18:33,ETHUSDT,bid,2140,4911.555
2024-09-04 14:18:40,ETHUSDT,ask,2570,3886.457
2024-09-04 14:21:51,ETHUSDT,bid,2140,9427.897
2024-09-04 14:22:00,ETHUSDT,bid,2140,9427.887
2024-09-04 14:23:58,ETHUSDT,bid,1960,5272.631
2024-09-04 14:26:48,ETHUSDT,bid,2140,9427.897
2024-09-04 14:26:51,ETHUSDT,bid,2140,9427.907
2024-09-04 14:26:51,ETHUSDT,bid,2140,9427.917
2024-09-04 14:26:58,ETHUSDT,bid,2140,9427.907
2024-09-04 14:27:00,ETHUSDT,bid,2140,9427.897
2024-09-04 14:27:00,ETHUSDT,bid,2140,9427.887
2024-09-04 14:29:58,ETHUSDT,bid,1700,6042.595
2024-09-04 14:29:58,ETHUSDT,bid,1960,5272.598
2024-09-04 14:29:58,ETHUSDT,bid,2140,4911.522
2024-09-04 14:30:06,ETHUSDT,bid,2210,4525.541
2024-09-04 14:36:50,ETHUSDT,ask,2590,5819.465
2024-09-04 14:38:48,ETHUSDT,bid,1940,5162.569
2024-09-04 14:41:28,ETHUSDT,bid,2220,4517.446
2024-09-04 14:42:08,ETHUSDT,bid,2220,4805.277
2024-09-04 14:42:08,ETHUSDT,bid,2220,5105.277
2024-09-04 14:42:10,ETHUSDT,bid,2220,4505.277
2024-09-04 14:42:11,ETHUSDT,bid,2230,4788.647
2024-09-04 14:42:13,ETHUSDT,bid,2220,4805.277
2024-09-04 14:42:14,ETHUSDT,bid,2220,4505.277
2024-09-04 14:42:14,ETHUSDT,bid,2230,4488.647
2024-09-04 14:42:21,ETHUSDT,bid,2210,4825.541
2024-09-04 14:42:24,ETHUSDT,bid,2200,4840.681
2024-09-04 14:42:26,ETHUSDT,bid,2200,4540.681
2024-09-04 14:42:26,ETHUSDT,bid,2210,4525.541
2024-09-04 14:42:26,ETHUSDT,bid,2200,4853.973
2024-09-04 14:42:28,ETHUSDT,bid,2200,4553.973
2024-09-04 14:42:29,ETHUSDT,bid,2200,6802.025
2024-09-04 14:42:30,ETHUSDT,bid,2200,6502.025
2024-09-04 14:44:06,ETHUSDT,bid,2070,4819.321
2024-09-04 14:44:10,ETHUSDT,bid,2220,4505.287
2024-09-04 14:44:24,ETHUSDT,bid,2220,4517.754
2024-09-04 14:44:50,ETHUSDT,bid,2140,4911.512
2024-09-04 14:49:04,ETHUSDT,bid,1700,6044.553
2024-09-04 14:49:54,ETHUSDT,bid,2220,4517.446
2024-09-04 14:52:01,ETHUSDT,bid,2140,9427.917
2024-09-04 14:56:14,ETHUSDT,bid,2070,9667.216
2024-09-04 14:58:27,ETHUSDT,bid,1950,5132.322
2024-09-04 14:58:37,ETHUSDT,bid,1940,5162.602
2024-09-04 15:03:11,ETHUSDT,bid,2200,6503.391
2024-09-04 15:06:40,ETHUSDT,bid,2200,6502.025
2024-09-04 15:09:44,ETHUSDT,bid,2220,4505.297
2024-09-04 15:10:09,ETHUSDT,bid,2140,9430.785
2024-09-04 15:15:09,ETHUSDT,bid,2220,4504.876
2024-09-04 15:22:45,ETHUSDT,ask,2990,3469.935
2024-09-04 15:23:12,ETHUSDT,ask,2990,3469.945
2024-09-04 15:28:10,ETHUSDT,bid,2140,4911.633
2024-09-04 15:29:42,ETHUSDT,bid,2220,4551.214
2024-09-04 15:32:19,ETHUSDT,ask,2990,3453.066
2024-09-04 15:32:30,ETHUSDT,bid,1700,6037.115
2024-09-04 15:33:16,ETHUSDT,bid,1700,6044.725
2024-09-04 15:40:11,ETHUSDT,bid,1700,6044.625
2024-09-04 15:45:42,ETHUSDT,ask,2570,3885.957
2024-09-04 15:49:16,ETHUSDT,bid,2140,4912.318
2024-09-04 15:49:56,ETHUSDT,bid,1940,5161.813
2024-09-04 15:53:08,ETHUSDT,bid,1950,5132.622
2024-09-04 15:56:01,ETHUSDT,ask,2650,3799.84
2024-09-04 15:56:16,ETHUSDT,ask,2650,3801.431
2024-09-04 15:59:15,ETHUSDT,bid,1950,5122.392
2024-09-04 16:07:42,ETHUSDT,bid,2030,5037.473
2024-09-04 16:09:27,ETHUSDT,ask,2670,3798.044
2024-09-04 16:11:32,ETHUSDT,ask,2590,5819.453
2024-09-04 16:12:09,ETHUSDT,bid,1700,6045.625
2024-09-04 16:18:42,ETHUSDT,bid,2220,4503.876
2024-09-04 16:18:42,ETHUSDT,ask,2990,3452.777
2024-09-04 16:22:08,ETHUSDT,bid,1960,5274.511
